{"id":"gen9nationaldexubers-1995775863","p1":"Weirdful","p2":"noob2top100","format":"[Gen 9] National Dex Ubers","log":"|j|\u203dWeirdful\n|j|\u2606noob2top100\n|t:|1700602042\n|gametype|singles\n|player|p1|Weirdful|1|1480\n|player|p2|noob2top100|pokekid|1434\n|teamsize|p1|6\n|teamsize|p2|6\n|gen|9\n|tier|[Gen 9] National Dex Ubers\n|rated|\n|rule|HP Percentage Mod: HP is shown in percentages\n|rule|Endless Battle Clause: Forcing endless battles is banned\n|rule|OHKO Clause: OHKO moves are banned\n|rule|Evasion Moves Clause: Evasion moves are banned\n|rule|Evasion Items Clause: Evasion items are banned\n|rule|Species Clause: Limit one of each Pok\u00e9mon\n|rule|Sleep Clause Mod: Limit one foe put to sleep\n|rule|Mega Rayquaza Clause: You cannot mega evolve Rayquaza\n|clearpoke\n|poke|p1|Giratina-Origin|\n|poke|p1|Arceus-Water|\n|poke|p1|Groudon|\n|poke|p1|Yveltal|\n|poke|p1|Magearna|\n|poke|p1|Xerneas-*|\n|poke|p2|Sableye, M|\n|poke|p2|Arceus-Ghost|\n|poke|p2|Chansey, F|\n|poke|p2|Dondozo, M|\n|poke|p2|Marshadow|\n|poke|p2|Xerneas-*|\n|teampreview\n|\n|t:|1700602052\n|start\n|switch|p1a: Xerneas|Xerneas|100\/100\n|switch|p2a: Sableye|Sableye, M|100\/100\n|-ability|p1a: Xerneas|Fairy Aura\n|turn|1\n|\n|t:|1700602063\n|move|p1a: Xerneas|Geomancy||[still]\n|-prepare|p1a: Xerneas|Geomancy\n|-enditem|p1a: Xerneas|Power Herb\n|-anim|p1a: Xerneas|Geomancy|p1a: Xerneas\n|-boost|p1a: Xerneas|spa|2\n|-boost|p1a: Xerneas|spd|2\n|-boost|p1a: Xerneas|spe|2\n|move|p2a: Sableye|Foul Play|p1a: Xerneas\n|-resisted|p1a: Xerneas\n|-damage|p1a: Xerneas|87\/100\n|\n|upkeep\n|turn|2\n|\n|t:|1700602070\n|move|p2a: Sableye|Encore|p1a: Xerneas\n|-start|p1a: Xerneas|Encore\n|move|p1a: Xerneas|Geomancy||[still]\n|-prepare|p1a: Xerneas|Geomancy\n|\n|upkeep\n|turn|3\n|\n|t:|1700602076\n|switch|p2a: Marshadow|Marshadow|100\/100\n|move|p1a: Xerneas|Geomancy|p1a: Xerneas|[from]lockedmove\n|-boost|p1a: Xerneas|spa|2\n|-boost|p1a: Xerneas|spd|2\n|-boost|p1a: Xerneas|spe|2\n|\n|upkeep\n|turn|4\n|\n|t:|1700602097\n|move|p1a: Xerneas|Geomancy||[still]\n|-prepare|p1a: Xerneas|Geomancy\n|move|p2a: Marshadow|Spectral Thief||[still]\n|-clearpositiveboost|p1a: Xerneas|p2a: Marshadow|move: Spectral Thief\n|-boost|p2a: Marshadow|spa|4\n|-boost|p2a: Marshadow|spd|4\n|-boost|p2a: Marshadow|spe|4\n|-anim|p2a: Marshadow|Spectral Thief|p1a: Xerneas\n|-damage|p1a: Xerneas|52\/100\n|\n|-end|p1a: Xerneas|Encore\n|upkeep\n|turn|5\n|\n|t:|1700602112\n|move|p2a: Marshadow|Bulk Up|p2a: Marshadow\n|-boost|p2a: Marshadow|atk|1\n|-boost|p2a: Marshadow|def|1\n|move|p1a: Xerneas|Geomancy|p1a: Xerneas|[from]lockedmove\n|-boost|p1a: Xerneas|spa|2\n|-boost|p1a: Xerneas|spd|2\n|-boost|p1a: Xerneas|spe|2\n|\n|upkeep\n|turn|6\n|\n|t:|1700602129\n|move|p2a: Marshadow|Spectral Thief||[still]\n|-clearpositiveboost|p1a: Xerneas|p2a: Marshadow|move: Spectral Thief\n|-boost|p2a: Marshadow|spa|2\n|-boost|p2a: Marshadow|spd|2\n|-boost|p2a: Marshadow|spe|2\n|-anim|p2a: Marshadow|Spectral Thief|p1a: Xerneas\n|-damage|p1a: Xerneas|2\/100\n|move|p1a: Xerneas|Moonblast|p2a: Marshadow\n|-supereffective|p2a: Marshadow\n|-damage|p2a: Marshadow|61\/100\n|\n|upkeep\n|turn|7\n|j| Lazil\n|\n|t:|1700602145\n|move|p2a: Marshadow|Shadow Sneak|p1a: Xerneas\n|-damage|p1a: Xerneas|0 fnt\n|faint|p1a: Xerneas\n|\n|upkeep\n|j| FriendlyEnder\n|\n|t:|1700602150\n|switch|p1a: Magearna|Magearna|100\/100\n|turn|8\n|l| Lazil\n|\n|t:|1700602166\n|-terastallize|p2a: Marshadow|Ghost\n|move|p2a: Marshadow|Spectral Thief|p1a: Magearna\n|-damage|p1a: Magearna|26\/100\n|move|p1a: Magearna|Heart Swap|p2a: Marshadow\n|-swapboost|p1a: Magearna|p2a: Marshadow|[from] move: Heart Swap\n|\n|upkeep\n|turn|9\n|c|\u2606noob2top100|ohh hm\n|\n|t:|1700602185\n|move|p1a: Magearna|Fleur Cannon|p2a: Marshadow\n|-damage|p2a: Marshadow|0 fnt\n|-unboost|p1a: Magearna|spa|2\n|faint|p2a: Marshadow\n|-ability|p1a: Magearna|Soul-Heart|boost\n|-boost|p1a: Magearna|spa|1\n|\n|upkeep\n|j| Leer0y_Jenk1ns\n|\n|t:|1700602197\n|switch|p2a: Chansey|Chansey, F|100\/100\n|turn|10\n|\n|t:|1700602201\n|-zpower|p1a: Magearna\n|move|p1a: Magearna|Z-Heal Bell||[anim]Heal Bell|[still]\n|-heal|p1a: Magearna|100\/100|[zeffect]\n|-activate|p1a: Magearna|move: Heal Bell\n|-fail|p1a: Magearna\n|move|p2a: Chansey|Seismic Toss|p1a: Magearna\n|-damage|p1a: Magearna|73\/100\n|\n|upkeep\n|turn|11\n|\n|t:|1700602209\n|move|p1a: Magearna|Fleur Cannon|p2a: Chansey|[miss]\n|-miss|p1a: Magearna|p2a: Chansey\n|move|p2a: Chansey|Tri Attack|p1a: Magearna\n|-resisted|p1a: Magearna\n|-damage|p1a: Magearna|72\/100\n|\n|upkeep\n|turn|12\n|\n|t:|1700602218\n|switch|p2a: Dondozo|Dondozo, M|100\/100\n|move|p1a: Magearna|Fleur Cannon|p2a: Dondozo\n|-damage|p2a: Dondozo|56\/100\n|-unboost|p1a: Magearna|spa|2\n|\n|upkeep\n|turn|13\n|\n|t:|1700602226\n|move|p1a: Magearna|Fleur Cannon|p2a: Dondozo\n|-damage|p2a: Dondozo|14\/100\n|-unboost|p1a: Magearna|spa|2\n|move|p2a: Dondozo|Rest|p2a: Dondozo\n|-status|p2a: Dondozo|slp|[from] move: Rest\n|-heal|p2a: Dondozo|100\/100 slp|[silent]\n|-enditem|p2a: Dondozo|Chesto Berry|[eat]\n|-curestatus|p2a: Dondozo|slp|[msg]\n|\n|upkeep\n|turn|14\n|c| FriendlyEnder|this match haha\n|\n|t:|1700602241\n|move|p1a: Magearna|Fleur Cannon|p2a: Dondozo\n|-damage|p2a: Dondozo|59\/100\n|-unboost|p1a: Magearna|spa|2\n|move|p2a: Dondozo|Earthquake|p1a: Magearna\n|-supereffective|p1a: Magearna\n|-damage|p1a: Magearna|19\/100\n|\n|upkeep\n|turn|15\n|c|\u2606noob2top100|~cap\n|\n|t:|1700602256\n|move|p1a: Magearna|Volt Switch|p2a: Dondozo\n|-supereffective|p2a: Dondozo\n|-damage|p2a: Dondozo|29\/100\n|\n|t:|1700602260\n|switch|p1a: Yveltal|Yveltal|100\/100|[from] Volt Switch\n|-ability|p1a: Yveltal|Dark Aura\n|move|p2a: Dondozo|Wave Crash|p1a: Yveltal\n|-damage|p1a: Yveltal|47\/100\n|-damage|p2a: Dondozo|15\/100|[from] Recoil\n|\n|upkeep\n|turn|16\n|\n|t:|1700602271\n|move|p1a: Yveltal|Oblivion Wing|p2a: Dondozo\n|-damage|p2a: Dondozo|0 fnt\n|-heal|p1a: Yveltal|60\/100|[from] drain|[of] p2a: Dondozo\n|faint|p2a: Dondozo\n|-damage|p1a: Yveltal|50\/100|[from] item: Life Orb\n|\n|upkeep\n|\n|t:|1700602280\n|switch|p2a: Sableye|Sableye, M|100\/100\n|turn|17\n|\n|t:|1700602326\n|switch|p1a: Arceus|Arceus-Water|100\/100\n|switch|p2a: Chansey|Chansey, F|100\/100\n|\n|upkeep\n|turn|18\n|\n|t:|1700602336\n|move|p1a: Arceus|Toxic|p2a: Chansey|[miss]\n|-miss|p1a: Arceus|p2a: Chansey\n|move|p2a: Chansey|Tri Attack|p1a: Arceus\n|-damage|p1a: Arceus|93\/100\n|-status|p1a: Arceus|par\n|\n|upkeep\n|turn|19\n|\n|t:|1700602342\n|switch|p2a: Sableye|Sableye, M|100\/100\n|cant|p1a: Arceus|par\n|\n|upkeep\n|turn|20\n|\n|t:|1700602356\n|detailschange|p2a: Sableye|Sableye-Mega, M\n|-mega|p2a: Sableye|Sableye|Sablenite\n|move|p1a: Arceus|Toxic|p2a: Sableye\n|move|p2a: Sableye|Toxic||[from]ability: Magic Bounce|[still]\n|-fail|p2a: Sableye\n|move|p2a: Sableye|Encore|p1a: Arceus\n|-start|p1a: Arceus|Encore\n|\n|upkeep\n|turn|21\n|\n|t:|1700602366\n|switch|p2a: Xerneas|Xerneas|100\/100\n|-ability|p2a: Xerneas|Fairy Aura\n|move|p1a: Arceus|Toxic|p2a: Xerneas\n|-status|p2a: Xerneas|tox\n|\n|-damage|p2a: Xerneas|94\/100 tox|[from] psn\n|upkeep\n|turn|22\n|\n|t:|1700602376\n|switch|p1a: Magearna|Magearna|19\/100\n|-zpower|p2a: Xerneas\n|move|p2a: Xerneas|Z-Geomancy||[anim]Geomancy|[still]\n|-boost|p2a: Xerneas|atk|1|[zeffect]\n|-boost|p2a: Xerneas|def|1|[zeffect]\n|-boost|p2a: Xerneas|spa|1|[zeffect]\n|-boost|p2a: Xerneas|spd|1|[zeffect]\n|-boost|p2a: Xerneas|spe|1|[zeffect]\n|-prepare|p2a: Xerneas|Geomancy\n|\n|-damage|p2a: Xerneas|82\/100 tox|[from] psn\n|upkeep\n|turn|23\n|\n|t:|1700602380\n|move|p2a: Xerneas|Geomancy|p2a: Xerneas|[from]lockedmove\n|-boost|p2a: Xerneas|spa|2\n|-boost|p2a: Xerneas|spd|2\n|-boost|p2a: Xerneas|spe|2\n|move|p1a: Magearna|Heart Swap|p2a: Xerneas\n|-swapboost|p1a: Magearna|p2a: Xerneas|[from] move: Heart Swap\n|\n|-damage|p2a: Xerneas|64\/100 tox|[from] psn\n|upkeep\n|turn|24\n|c|\u2606noob2top100|def didnt just missclick-\n|\n|t:|1700602390\n|move|p1a: Magearna|Fleur Cannon|p2a: Xerneas\n|-damage|p2a: Xerneas|0 fnt\n|-unboost|p1a: Magearna|spa|2\n|faint|p2a: Xerneas\n|-ability|p1a: Magearna|Soul-Heart|boost\n|-boost|p1a: Magearna|spa|1\n|\n|upkeep\n|c|\u2606noob2top100|PS im capping i did missclick lol\n|c|\u2606noob2top100|i meanto to z twinkle tackle\n|\n|t:|1700602410\n|switch|p2a: Chansey|Chansey, F|100\/100\n|turn|25\n|c| FriendlyEnder|buttons are hard\n|c|\u2606noob2top100|it doesnt matter tho\n|c|\u2606noob2top100|im not laddering rn\n|\n|t:|1700602439\n|move|p1a: Magearna|Fleur Cannon|p2a: Chansey\n|-damage|p2a: Chansey|67\/100\n|-unboost|p1a: Magearna|spa|2\n|move|p2a: Chansey|Seismic Toss|p1a: Magearna\n|-damage|p1a: Magearna|0 fnt\n|faint|p1a: Magearna\n|\n|upkeep\n|c|\u2606noob2top100|just tryna have fun with weird strats\n|c| FriendlyEnder|Sableeye will sweep it's all good\n|j| asdasdj213lk\n|\n|t:|1700602471\n|switch|p1a: Yveltal|Yveltal|50\/100\n|-ability|p1a: Yveltal|Dark Aura\n|turn|26\n|l| Leer0y_Jenk1ns\n|\n|t:|1700602478\n|move|p1a: Yveltal|Oblivion Wing|p2a: Chansey\n|-damage|p2a: Chansey|48\/100\n|-heal|p1a: Yveltal|76\/100|[from] drain|[of] p2a: Chansey\n|-damage|p1a: Yveltal|66\/100|[from] item: Life Orb\n|move|p2a: Chansey|Soft-Boiled|p2a: Chansey\n|-heal|p2a: Chansey|98\/100\n|\n|upkeep\n|turn|27\n|\n|t:|1700602492\n|move|p1a: Yveltal|Oblivion Wing|p2a: Chansey\n|-damage|p2a: Chansey|79\/100\n|-heal|p1a: Yveltal|91\/100|[from] drain|[of] p2a: Chansey\n|-damage|p1a: Yveltal|81\/100|[from] item: Life Orb\n|move|p2a: Chansey|Seismic Toss|p1a: Yveltal\n|-damage|p1a: Yveltal|55\/100\n|\n|upkeep\n|turn|28\n|\n|t:|1700602499\n|move|p1a: Yveltal|Dark Pulse|p2a: Chansey\n|-damage|p2a: Chansey|55\/100\n|-damage|p1a: Yveltal|46\/100|[from] item: Life Orb\n|cant|p2a: Chansey|flinch\n|\n|upkeep\n|turn|29\n|\n|t:|1700602503\n|move|p1a: Yveltal|Oblivion Wing|p2a: Chansey\n|-crit|p2a: Chansey\n|-damage|p2a: Chansey|26\/100\n|-heal|p1a: Yveltal|85\/100|[from] drain|[of] p2a: Chansey\n|-damage|p1a: Yveltal|75\/100|[from] item: Life Orb\n|move|p2a: Chansey|Tri Attack|p1a: Yveltal\n|-damage|p1a: Yveltal|64\/100\n|\n|upkeep\n|turn|30\n|c|\u2606noob2top100|crit\\\n|c|\u2606noob2top100|got nothing from tri attack\n|c|\u2606noob2top100|ok game\n|c|\u2606noob2top100|serene grace\n|\n|t:|1700602526\n|move|p1a: Yveltal|Dark Pulse|p2a: Chansey\n|-damage|p2a: Chansey|1\/100\n|-damage|p1a: Yveltal|54\/100|[from] item: Life Orb\n|move|p2a: Chansey|Soft-Boiled|p2a: Chansey\n|-heal|p2a: Chansey|51\/100\n|\n|upkeep\n|turn|31\n|c|\u2606noob2top100|and got flicnched before\n|\n|t:|1700602535\n|move|p1a: Yveltal|Dark Pulse|p2a: Chansey\n|-damage|p2a: Chansey|26\/100\n|-damage|p1a: Yveltal|45\/100|[from] item: Life Orb\n|move|p2a: Chansey|Tri Attack|p1a: Yveltal\n|-damage|p1a: Yveltal|34\/100\n|\n|upkeep\n|turn|32\n|c|\u2606noob2top100|nothing again\n|\n|t:|1700602557\n|move|p1a: Yveltal|Dark Pulse|p2a: Chansey\n|-damage|p2a: Chansey|1\/100\n|-damage|p1a: Yveltal|24\/100|[from] item: Life Orb\n|cant|p2a: Chansey|flinch\n|\n|upkeep\n|turn|33\n|c|\u2606noob2top100|eh my average day to day luck\n|\n|t:|1700602576\n|move|p1a: Yveltal|Sucker Punch||[still]\n|-fail|p1a: Yveltal\n|move|p2a: Chansey|Soft-Boiled|p2a: Chansey\n|-heal|p2a: Chansey|51\/100\n|\n|upkeep\n|turn|34\n|\n|t:|1700602580\n|move|p1a: Yveltal|Oblivion Wing|p2a: Chansey\n|-damage|p2a: Chansey|34\/100\n|-heal|p1a: Yveltal|48\/100|[from] drain|[of] p2a: Chansey\n|-damage|p1a: Yveltal|38\/100|[from] item: Life Orb\n|move|p2a: Chansey|Soft-Boiled|p2a: Chansey\n|-heal|p2a: Chansey|84\/100\n|\n|upkeep\n|turn|35\n|\n|t:|1700602588\n|-terastallize|p1a: Yveltal|Dark\n|move|p1a: Yveltal|Dark Pulse|p2a: Chansey\n|-damage|p2a: Chansey|50\/100\n|-damage|p1a: Yveltal|28\/100|[from] item: Life Orb\n|move|p2a: Chansey|Tri Attack|p1a: Yveltal\n|-damage|p1a: Yveltal|16\/100\n|\n|upkeep\n|turn|36\n|c|\u2606noob2top100|got nothing again-\n|c| FriendlyEnder|3 for 3\n|\n|t:|1700602598\n|move|p1a: Yveltal|Oblivion Wing|p2a: Chansey\n|-damage|p2a: Chansey|32\/100\n|-heal|p1a: Yveltal|39\/100|[from] drain|[of] p2a: Chansey\n|-damage|p1a: Yveltal|30\/100|[from] item: Life Orb\n|move|p2a: Chansey|Soft-Boiled|p2a: Chansey\n|-heal|p2a: Chansey|82\/100\n|\n|upkeep\n|turn|37\n|\n|t:|1700602621\n|switch|p1a: Arceus|Arceus-Water|93\/100 par\n|move|p2a: Chansey|Tri Attack|p1a: Arceus\n|-damage|p1a: Arceus|85\/100 par\n|\n|upkeep\n|turn|38\n|c| FriendlyEnder|and you just know that would have been a tri attack proc\n|c|\u2606noob2top100|i lost here anyway cuz giratina but eh\n|\n|t:|1700602652\n|switch|p2a: Sableye|Sableye-Mega, M|100\/100\n|move|p1a: Arceus|Judgment|p2a: Sableye\n|-damage|p2a: Sableye|49\/100\n|\n|upkeep\n|turn|39\n|\n|t:|1700602662\n|move|p1a: Arceus|Judgment|p2a: Sableye\n|-damage|p2a: Sableye|2\/100\n|move|p2a: Sableye|Recover|p2a: Sableye\n|-heal|p2a: Sableye|52\/100\n|\n|upkeep\n|turn|40\n|\n|t:|1700602666\n|switch|p2a: Arceus|Arceus-Ghost|100\/100\n|move|p1a: Arceus|Judgment|p2a: Arceus\n|-damage|p2a: Arceus|67\/100\n|\n|upkeep\n|turn|41\n|\n|t:|1700602676\n|move|p2a: Arceus|Cosmic Power|p2a: Arceus\n|-boost|p2a: Arceus|def|1\n|-boost|p2a: Arceus|spd|1\n|cant|p1a: Arceus|par\n|\n|upkeep\n|turn|42\n|\n|t:|1700602682\n|move|p2a: Arceus|Cosmic Power|p2a: Arceus\n|-boost|p2a: Arceus|def|1\n|-boost|p2a: Arceus|spd|1\n|move|p1a: Arceus|Toxic|p2a: Arceus\n|-status|p2a: Arceus|tox\n|\n|-damage|p2a: Arceus|61\/100 tox|[from] psn\n|upkeep\n|turn|43\n|\n|t:|1700602693\n|switch|p1a: Giratina|Giratina-Origin|100\/100\n|move|p2a: Arceus|Body Press|p1a: Giratina\n|-immune|p1a: Giratina\n|\n|-damage|p2a: Arceus|49\/100 tox|[from] psn\n|upkeep\n|turn|44\n|\n|t:|1700602697\n|switch|p2a: Chansey|Chansey, F|82\/100\n|move|p1a: Giratina|Shadow Sneak|p2a: Chansey\n|-immune|p2a: Chansey\n|\n|upkeep\n|turn|45\n|\n|t:|1700602709\n|move|p1a: Giratina|Will-O-Wisp|p2a: Chansey|[miss]\n|-miss|p1a: Giratina|p2a: Chansey\n|move|p2a: Chansey|Tri Attack|p1a: Giratina\n|-immune|p1a: Giratina\n|\n|upkeep\n|turn|46\n|\n|t:|1700602718\n|switch|p2a: Sableye|Sableye-Mega, M|52\/100\n|move|p1a: Giratina|Shadow Sneak|p2a: Sableye\n|-damage|p2a: Sableye|37\/100\n|\n|upkeep\n|turn|47\n|l| FriendlyEnder\n|\n|t:|1700602735\n|switch|p1a: Groudon|Groudon|100\/100\n|detailschange|p1a: Groudon|Groudon-Primal\n|-primal|p1a: Groudon|Red Orb\n|-weather|DesolateLand|[from] ability: Desolate Land|[of] p1a: Groudon\n|move|p2a: Sableye|Recover|p2a: Sableye\n|-heal|p2a: Sableye|87\/100\n|\n|-weather|DesolateLand|[upkeep]\n|upkeep\n|turn|48\n|\n|t:|1700602743\n|move|p1a: Groudon|Swords Dance|p1a: Groudon\n|-boost|p1a: Groudon|atk|2\n|move|p2a: Sableye|Foul Play|p1a: Groudon\n|-damage|p1a: Groudon|23\/100\n|\n|-weather|DesolateLand|[upkeep]\n|upkeep\n|turn|49\n|\n|t:|1700602753\n|move|p1a: Groudon|Precipice Blades|p2a: Sableye\n|-damage|p2a: Sableye|0 fnt\n|faint|p2a: Sableye\n|\n|-weather|DesolateLand|[upkeep]\n|upkeep\n|\n|t:|1700602759\n|switch|p2a: Arceus|Arceus-Ghost|49\/100 tox\n|turn|50\n|\n|t:|1700602762\n|move|p2a: Arceus|Body Press|p1a: Groudon\n|-damage|p1a: Groudon|9\/100\n|move|p1a: Groudon|Precipice Blades|p2a: Arceus\n|-damage|p2a: Arceus|0 fnt\n|faint|p2a: Arceus\n|\n|-weather|DesolateLand|[upkeep]\n|upkeep\n|\n|t:|1700602767\n|switch|p2a: Chansey|Chansey, F|82\/100\n|turn|51\n|c|\u2606noob2top100|fun fact\n|c|\u2606noob2top100|in the history of this game\n|c|\u2606noob2top100|im the only one\n|c|\u2606noob2top100|who cat hit ppice 2 times in a row\n|c|\u2606noob2top100|so i have to run eq on my pdons\n|j| Bradford killa\n|inactive|Battle timer is ON: inactive players will automatically lose when time's up. (requested by noob2top100)\n|\n|t:|1700602824\n|move|p1a: Groudon|Precipice Blades|p2a: Chansey|[miss]\n|-miss|p1a: Groudon|p2a: Chansey\n|move|p2a: Chansey|Soft-Boiled|p2a: Chansey\n|-heal|p2a: Chansey|100\/100\n|\n|-weather|DesolateLand|[upkeep]\n|upkeep\n|turn|52\n|\n|t:|1700602831\n|move|p1a: Groudon|Precipice Blades|p2a: Chansey\n|-damage|p2a: Chansey|0 fnt\n|faint|p2a: Chansey\n|\n|win|Weirdful\n|raw|Weirdful's rating: 1480 &rarr; <strong>1497<\/strong><br \/>(+17 for winning)\n|raw|noob2top100's rating: 1434 &rarr; <strong>1417<\/strong><br \/>(-17 for losing)\n|c|\u2606noob2top100|gg\n|c|\u2606noob2top100|hmm\n|c|\u2606noob2top100|oof hes locked\n|l|\u2606noob2top100\n|l|\u203dWeirdful\n|j|\u203dWeirdful\n|player|p1|Weirdful|1\n|n|\u203dWeirdful|weirdful\n|n|\u203dWeirdful|weirdful\n|n|\u203dWeirdful|weirdful\n|n|\u203dWeirdful|weirdful\n","uploadtime":1700602900,"views":3,"p1id":"weirdful","p2id":"noob2top100","formatid":"gen9nationaldexubers","rating":1417,"private":0,"password":""}