{"id":"gen9nationaldexubers-1994082995","p1":"championkenzy","p2":"Trainitar3","format":"[Gen 9] National Dex Ubers","log":"|j|\u2606championkenzy\n|j|\u2606Trainitar3\n|t:|1700404657\n|gametype|singles\n|player|p1|championkenzy|elio|1250\n|player|p2|Trainitar3|ninjaboy|1246\n|teamsize|p1|6\n|teamsize|p2|6\n|gen|9\n|tier|[Gen 9] National Dex Ubers\n|rated|\n|rule|HP Percentage Mod: HP is shown in percentages\n|rule|Endless Battle Clause: Forcing endless battles is banned\n|rule|OHKO Clause: OHKO moves are banned\n|rule|Evasion Moves Clause: Evasion moves are banned\n|rule|Evasion Items Clause: Evasion items are banned\n|rule|Species Clause: Limit one of each Pok\u00e9mon\n|rule|Sleep Clause Mod: Limit one foe put to sleep\n|rule|Mega Rayquaza Clause: You cannot mega evolve Rayquaza\n|clearpoke\n|poke|p1|Roaring Moon|\n|poke|p1|Naganadel|\n|poke|p1|Espathra, M|\n|poke|p1|Iron Bundle|\n|poke|p1|Urshifu-*, F|\n|poke|p1|Annihilape, F|\n|poke|p2|Xerneas-*|\n|poke|p2|Marshadow|\n|poke|p2|Groudon|\n|poke|p2|Deoxys-Speed|\n|poke|p2|Necrozma-Dusk-Mane|\n|poke|p2|Pheromosa|\n|teampreview\n|inactive|Battle timer is ON: inactive players will automatically lose when time's up. (requested by Trainitar3)\n|\n|t:|1700404668\n|start\n|switch|p1a: Naganadel|Naganadel|100\/100\n|switch|p2a: Deoxys|Deoxys-Speed, shiny|100\/100\n|-ability|p2a: Deoxys|Pressure\n|turn|1\n|\n|t:|1700404675\n|move|p2a: Deoxys|Stealth Rock|p1a: Naganadel\n|-sidestart|p1: championkenzy|move: Stealth Rock\n|move|p1a: Naganadel|Draco Meteor|p2a: Deoxys\n|-damage|p2a: Deoxys|21\/100\n|-unboost|p1a: Naganadel|spa|2\n|\n|upkeep\n|turn|2\n|\n|t:|1700404681\n|move|p2a: Deoxys|Spikes|p1a: Naganadel\n|-sidestart|p1: championkenzy|Spikes\n|move|p1a: Naganadel|Nasty Plot|p1a: Naganadel\n|-boost|p1a: Naganadel|spa|2\n|\n|upkeep\n|turn|3\n|\n|t:|1700404685\n|move|p2a: Deoxys|Spikes|p1a: Naganadel\n|-sidestart|p1: championkenzy|Spikes\n|move|p1a: Naganadel|Nasty Plot|p1a: Naganadel\n|-boost|p1a: Naganadel|spa|2\n|\n|upkeep\n|turn|4\n|\n|t:|1700404689\n|move|p2a: Deoxys|Spikes|p1a: Naganadel\n|-sidestart|p1: championkenzy|Spikes\n|move|p1a: Naganadel|Nasty Plot|p1a: Naganadel\n|-boost|p1a: Naganadel|spa|2\n|\n|upkeep\n|turn|5\n|\n|t:|1700404693\n|move|p2a: Deoxys|Taunt|p1a: Naganadel\n|-start|p1a: Naganadel|move: Taunt\n|move|p1a: Naganadel|Flamethrower|p2a: Deoxys\n|-damage|p2a: Deoxys|0 fnt\n|faint|p2a: Deoxys\n|-ability|p1a: Naganadel|Beast Boost|boost\n|-boost|p1a: Naganadel|spe|1\n|\n|upkeep\n|\n|t:|1700404703\n|switch|p2a: Marshadow|Marshadow|100\/100\n|turn|6\n|\n|t:|1700404707\n|move|p1a: Naganadel|Sludge Bomb|p2a: Marshadow\n|-resisted|p2a: Marshadow\n|-damage|p2a: Marshadow|17\/100\n|move|p2a: Marshadow|Spectral Thief||[still]\n|-clearpositiveboost|p1a: Naganadel|p2a: Marshadow|move: Spectral Thief\n|-boost|p2a: Marshadow|spa|4\n|-boost|p2a: Marshadow|spe|1\n|-anim|p2a: Marshadow|Spectral Thief|p1a: Naganadel\n|-damage|p1a: Naganadel|36\/100\n|\n|upkeep\n|turn|7\n|\n|t:|1700404714\n|move|p2a: Marshadow|Spectral Thief|p1a: Naganadel\n|-damage|p1a: Naganadel|0 fnt\n|faint|p1a: Naganadel\n|\n|upkeep\n|\n|t:|1700404729\n|switch|p1a: Iron Bundle|Iron Bundle|100\/100\n|-damage|p1a: Iron Bundle|76\/100|[from] Stealth Rock\n|-damage|p1a: Iron Bundle|51\/100|[from] Spikes\n|-enditem|p1a: Iron Bundle|Booster Energy\n|-activate|p1a: Iron Bundle|ability: Quark Drive|[fromitem]\n|-start|p1a: Iron Bundle|quarkdrivespe\n|turn|8\n|inactive|Trainitar3 has 120 seconds left.\n|\n|t:|1700404761\n|switch|p2a: Groudon|Groudon, shiny|100\/100\n|detailschange|p2a: Groudon|Groudon-Primal, shiny\n|-primal|p2a: Groudon|Red Orb\n|-weather|DesolateLand|[from] ability: Desolate Land|[of] p2a: Groudon\n|move|p1a: Iron Bundle|Flip Turn||[still]\n|-fail|p1a: Iron Bundle|Flip Turn|[from] Desolate Land\n|\n|-weather|DesolateLand|[upkeep]\n|upkeep\n|turn|9\n|\n|t:|1700404775\n|-end|p1a: Iron Bundle|Quark Drive|[silent]\n|switch|p1a: Urshifu|Urshifu-Rapid-Strike, F|100\/100\n|-damage|p1a: Urshifu|94\/100|[from] Stealth Rock\n|-damage|p1a: Urshifu|69\/100|[from] Spikes\n|move|p2a: Groudon|Flamethrower|p1a: Urshifu\n|-resisted|p1a: Urshifu\n|-damage|p1a: Urshifu|1\/100\n|\n|-weather|DesolateLand|[upkeep]\n|upkeep\n|turn|10\n|\n|t:|1700404781\n|move|p1a: Urshifu|Drain Punch|p2a: Groudon\n|-damage|p2a: Groudon|73\/100\n|-heal|p1a: Urshifu|15\/100|[from] drain|[of] p2a: Groudon\n|move|p2a: Groudon|Flamethrower|p1a: Urshifu\n|-resisted|p1a: Urshifu\n|-damage|p1a: Urshifu|0 fnt\n|faint|p1a: Urshifu\n|\n|-weather|DesolateLand|[upkeep]\n|upkeep\n|\n|t:|1700404790\n|switch|p1a: Roaring Moon|Roaring Moon|100\/100\n|-damage|p1a: Roaring Moon|88\/100|[from] Stealth Rock\n|-damage|p1a: Roaring Moon|63\/100|[from] Spikes\n|-enditem|p1a: Roaring Moon|Booster Energy\n|-activate|p1a: Roaring Moon|ability: Protosynthesis|[fromitem]\n|-start|p1a: Roaring Moon|protosynthesisatk\n|turn|11\n|\n|t:|1700404800\n|move|p1a: Roaring Moon|Knock Off|p2a: Groudon\n|-damage|p2a: Groudon|40\/100\n|move|p2a: Groudon|Rock Polish|p2a: Groudon\n|-boost|p2a: Groudon|spe|2\n|\n|-weather|DesolateLand|[upkeep]\n|upkeep\n|turn|12\n|\n|t:|1700404804\n|move|p2a: Groudon|Earth Power|p1a: Roaring Moon\n|-crit|p1a: Roaring Moon\n|-damage|p1a: Roaring Moon|0 fnt\n|faint|p1a: Roaring Moon\n|-end|p1a: Roaring Moon|Protosynthesis|[silent]\n|\n|-weather|DesolateLand|[upkeep]\n|upkeep\n|\n|t:|1700404812\n|switch|p1a: Iron Bundle|Iron Bundle|51\/100\n|-damage|p1a: Iron Bundle|26\/100|[from] Stealth Rock\n|-damage|p1a: Iron Bundle|1\/100|[from] Spikes\n|turn|13\n|\n|t:|1700404821\n|move|p2a: Groudon|Flamethrower|p1a: Iron Bundle\n|-damage|p1a: Iron Bundle|0 fnt\n|faint|p1a: Iron Bundle\n|-end|p1a: Iron Bundle|Quark Drive|[silent]\n|\n|-weather|DesolateLand|[upkeep]\n|upkeep\n|\n|t:|1700404825\n|switch|p1a: Annihilape|Annihilape, F|100\/100\n|-damage|p1a: Annihilape|94\/100|[from] Stealth Rock\n|-damage|p1a: Annihilape|69\/100|[from] Spikes\n|turn|14\n|\n|t:|1700404832\n|move|p2a: Groudon|Flamethrower|p1a: Annihilape\n|-damage|p1a: Annihilape|0 fnt\n|faint|p1a: Annihilape\n|\n|-weather|DesolateLand|[upkeep]\n|upkeep\n|\n|t:|1700404834\n|switch|p1a: Espathra|Espathra, M|100\/100\n|-damage|p1a: Espathra|88\/100|[from] Stealth Rock\n|-damage|p1a: Espathra|63\/100|[from] Spikes\n|turn|15\n|\n|t:|1700404843\n|move|p1a: Espathra|Protect|p1a: Espathra\n|-singleturn|p1a: Espathra|Protect\n|move|p2a: Groudon|Flamethrower|p1a: Espathra\n|-activate|p1a: Espathra|move: Protect\n|\n|-weather|DesolateLand|[upkeep]\n|-ability|p1a: Espathra|Speed Boost|boost\n|-boost|p1a: Espathra|spe|1\n|upkeep\n|turn|16\n|\n|t:|1700404848\n|-terastallize|p1a: Espathra|Fairy\n|move|p2a: Groudon|Flamethrower|p1a: Espathra\n|-crit|p1a: Espathra\n|-damage|p1a: Espathra|0 fnt\n|faint|p1a: Espathra\n|\n|win|Trainitar3\n|raw|championkenzy's rating: 1250 &rarr; <strong>1225<\/strong><br \/>(-25 for losing)\n|raw|Trainitar3's rating: 1246 &rarr; <strong>1271<\/strong><br \/>(+25 for winning)\n","uploadtime":1700404854,"views":4,"p1id":"championkenzy","p2id":"trainitar3","formatid":"gen9nationaldexubers","rating":1225,"private":0,"password":""}