{"id":"gen9nationaldexubers-1979811726","p1":"D. Lawrenzz","p2":"Aroma Nobody","format":"[Gen 9] National Dex Ubers","log":"|j|\u2606D. Lawrenzz\n|j|\u2606Aroma Nobody\n|t:|1698715738\n|gametype|singles\n|player|p1|D. Lawrenzz|blue-masters|\n|player|p2|Aroma Nobody|266|\n|teamsize|p1|6\n|teamsize|p2|6\n|gen|9\n|tier|[Gen 9] National Dex Ubers\n|rule|HP Percentage Mod: HP is shown in percentages\n|rule|Endless Battle Clause: Forcing endless battles is banned\n|rule|OHKO Clause: OHKO moves are banned\n|rule|Evasion Moves Clause: Evasion moves are banned\n|rule|Evasion Items Clause: Evasion items are banned\n|rule|Species Clause: Limit one of each Pok\u00e9mon\n|rule|Sleep Clause Mod: Limit one foe put to sleep\n|rule|Mega Rayquaza Clause: You cannot mega evolve Rayquaza\n|clearpoke\n|poke|p1|Melmetal|\n|poke|p1|Slowking-Galar, M|\n|poke|p1|Ferrothorn, F|\n|poke|p1|Gholdengo|\n|poke|p1|Bisharp, M|\n|poke|p1|Scizor, F|\n|poke|p2|Ribombee, F|\n|poke|p2|Medicham, M|\n|poke|p2|Great Tusk|\n|poke|p2|Ogerpon-Wellspring, F|\n|poke|p2|Gholdengo|\n|poke|p2|Iron Moth|\n|teampreview\n|inactive|Battle timer is ON: inactive players will automatically lose when time's up. (requested by D. Lawrenzz)\n|c|\u2606Aroma Nobody|glhf\n|j| XX_1nfinity_XX\n|c|\u2606D. Lawrenzz|hf\n|\n|t:|1698715758\n|start\n|switch|p1a: Ferrothorn|Ferrothorn, F|100\/100\n|switch|p2a: Great Tusk|Great Tusk|100\/100\n|turn|1\n|\n|t:|1698715773\n|move|p2a: Great Tusk|Close Combat|p1a: Ferrothorn\n|-supereffective|p1a: Ferrothorn\n|-damage|p1a: Ferrothorn|32\/100\n|-unboost|p2a: Great Tusk|def|1\n|-unboost|p2a: Great Tusk|spd|1\n|-damage|p2a: Great Tusk|88\/100|[from] ability: Iron Barbs|[of] p1a: Ferrothorn\n|move|p1a: Ferrothorn|Leech Seed|p2a: Great Tusk\n|-start|p2a: Great Tusk|move: Leech Seed\n|\n|-heal|p1a: Ferrothorn|39\/100|[from] item: Leftovers\n|-damage|p2a: Great Tusk|76\/100|[from] Leech Seed|[of] p1a: Ferrothorn\n|-heal|p1a: Ferrothorn|52\/100|[silent]\n|upkeep\n|turn|2\n|\n|t:|1698715796\n|move|p1a: Ferrothorn|Protect|p1a: Ferrothorn\n|-singleturn|p1a: Ferrothorn|Protect\n|move|p2a: Great Tusk|Headlong Rush|p1a: Ferrothorn\n|-activate|p1a: Ferrothorn|move: Protect\n|\n|-heal|p1a: Ferrothorn|58\/100|[from] item: Leftovers\n|-damage|p2a: Great Tusk|63\/100|[from] Leech Seed|[of] p1a: Ferrothorn\n|-heal|p1a: Ferrothorn|71\/100|[silent]\n|upkeep\n|turn|3\n|inactive|Aroma Nobody has 270 seconds left.\n|\n|t:|1698715847\n|switch|p1a: Gholdengo|Gholdengo|100\/100\n|-item|p1a: Gholdengo|Air Balloon\n|move|p2a: Great Tusk|Close Combat|p1a: Gholdengo\n|-immune|p1a: Gholdengo\n|\n|-damage|p2a: Great Tusk|51\/100|[from] Leech Seed|[of] p1a: Gholdengo\n|upkeep\n|turn|4\n|inactive|D. Lawrenzz has 270 seconds left.\n|\n|t:|1698715877\n|-end|p2a: Great Tusk|Protosynthesis|[silent]\n|switch|p2a: Ribombee|Ribombee, F|100\/100\n|move|p1a: Gholdengo|Nasty Plot|p1a: Gholdengo\n|-boost|p1a: Gholdengo|spa|2\n|\n|upkeep\n|turn|5\n|\n|t:|1698715892\n|move|p2a: Ribombee|Sticky Web|p1a: Gholdengo\n|-sidestart|p1: D. Lawrenzz|move: Sticky Web\n|move|p1a: Gholdengo|Shadow Ball|p2a: Ribombee\n|-enditem|p2a: Ribombee|Focus Sash\n|-damage|p2a: Ribombee|1\/100\n|\n|upkeep\n|turn|6\n|inactive|D. Lawrenzz has 270 seconds left.\n|\n|t:|1698715910\n|move|p2a: Ribombee|Moonblast|p1a: Gholdengo\n|-resisted|p1a: Gholdengo\n|-damage|p1a: Gholdengo|82\/100\n|-enditem|p1a: Gholdengo|Air Balloon\n|move|p1a: Gholdengo|Shadow Ball|p2a: Ribombee\n|-damage|p2a: Ribombee|0 fnt\n|faint|p2a: Ribombee\n|\n|upkeep\n|\n|t:|1698715920\n|switch|p2a: Great Tusk|Great Tusk|51\/100\n|turn|7\n|\n|t:|1698715932\n|move|p2a: Great Tusk|Headlong Rush|p1a: Gholdengo\n|-supereffective|p1a: Gholdengo\n|-damage|p1a: Gholdengo|0 fnt\n|-unboost|p2a: Great Tusk|def|1\n|-unboost|p2a: Great Tusk|spd|1\n|faint|p1a: Gholdengo\n|\n|upkeep\n|\n|t:|1698715941\n|switch|p1a: Bisharp|Bisharp, M|100\/100\n|-activate|p1a: Bisharp|move: Sticky Web\n|-unboost|p1a: Bisharp|spe|1\n|-ability|p1a: Bisharp|Defiant|boost\n|-boost|p1a: Bisharp|atk|2\n|turn|8\n|inactive|Aroma Nobody has 270 seconds left.\n|\n|t:|1698715964\n|move|p2a: Great Tusk|Close Combat|p1a: Bisharp\n|-supereffective|p1a: Bisharp\n|-damage|p1a: Bisharp|0 fnt\n|-unboost|p2a: Great Tusk|def|1\n|-unboost|p2a: Great Tusk|spd|1\n|faint|p1a: Bisharp\n|\n|upkeep\n|c|\u2606Aroma Nobody|pew\n|inactive|D. Lawrenzz has 270 seconds left.\n|\n|t:|1698715987\n|switch|p1a: Slowking|Slowking-Galar, M|100\/100\n|-activate|p1a: Slowking|move: Sticky Web\n|-unboost|p1a: Slowking|spe|1\n|turn|9\n|inactive|Aroma Nobody has 270 seconds left.\n|\n|t:|1698715997\n|move|p2a: Great Tusk|Headlong Rush|p1a: Slowking\n|-supereffective|p1a: Slowking\n|-damage|p1a: Slowking|0 fnt\n|-unboost|p2a: Great Tusk|def|1\n|-unboost|p2a: Great Tusk|spd|1\n|-damage|p2a: Great Tusk|34\/100|[from] item: Rocky Helmet|[of] p1a: Slowking\n|faint|p1a: Slowking\n|\n|upkeep\n|c|\u2606Aroma Nobody|pew\n|c|\u2606D. Lawrenzz|oh what\n|\n|t:|1698716005\n|switch|p1a: Scizor|Scizor, F|100\/100\n|-activate|p1a: Scizor|move: Sticky Web\n|-unboost|p1a: Scizor|spe|1\n|turn|10\n|\n|t:|1698716012\n|-end|p2a: Great Tusk|Protosynthesis|[silent]\n|switch|p2a: Gholdengo|Gholdengo|100\/100\n|detailschange|p1a: Scizor|Scizor-Mega, F\n|-mega|p1a: Scizor|Scizor|Scizorite\n|move|p1a: Scizor|Bullet Punch|p2a: Gholdengo\n|-resisted|p2a: Gholdengo\n|-damage|p2a: Gholdengo|84\/100\n|\n|upkeep\n|turn|11\n|c|\u2606Aroma Nobody|less pew\n|\n|t:|1698716026\n|move|p2a: Gholdengo|Shadow Ball|p1a: Scizor\n|-damage|p1a: Scizor|58\/100\n|move|p1a: Scizor|Knock Off|p2a: Gholdengo\n|-supereffective|p2a: Gholdengo\n|-crit|p2a: Gholdengo\n|-damage|p2a: Gholdengo|0 fnt\n|-enditem|p2a: Gholdengo|Choice Scarf|[from] move: Knock Off|[of] p1a: Scizor\n|faint|p2a: Gholdengo\n|\n|upkeep\n|\n|t:|1698716033\n|switch|p2a: Iron Moth|Iron Moth|100\/100\n|-enditem|p2a: Iron Moth|Booster Energy\n|-activate|p2a: Iron Moth|ability: Quark Drive|[fromitem]\n|-start|p2a: Iron Moth|quarkdrivespa\n|turn|12\n|c|\u2606Aroma Nobody|we go back to pew\n|\n|t:|1698716045\n|move|p1a: Scizor|Bullet Punch|p2a: Iron Moth\n|-resisted|p2a: Iron Moth\n|-damage|p2a: Iron Moth|75\/100\n|move|p2a: Iron Moth|Fiery Dance|p1a: Scizor\n|-supereffective|p1a: Scizor\n|-damage|p1a: Scizor|0 fnt\n|faint|p1a: Scizor\n|\n|upkeep\n|\n|t:|1698716051\n|switch|p1a: Melmetal|Melmetal|100\/100\n|-activate|p1a: Melmetal|move: Sticky Web\n|-unboost|p1a: Melmetal|spe|1\n|turn|13\n|\n|t:|1698716055\n|move|p2a: Iron Moth|Fiery Dance|p1a: Melmetal\n|-supereffective|p1a: Melmetal\n|-damage|p1a: Melmetal|0 fnt\n|-boost|p2a: Iron Moth|spa|1\n|faint|p1a: Melmetal\n|\n|upkeep\n|c|\u2606D. Lawrenzz|uh oh\n|\n|t:|1698716063\n|switch|p1a: Ferrothorn|Ferrothorn, F|71\/100\n|-activate|p1a: Ferrothorn|move: Sticky Web\n|-unboost|p1a: Ferrothorn|spe|1\n|turn|14\n|\n|t:|1698716065\n|move|p1a: Ferrothorn|Protect|p1a: Ferrothorn\n|-singleturn|p1a: Ferrothorn|Protect\n|move|p2a: Iron Moth|Fiery Dance|p1a: Ferrothorn\n|-activate|p1a: Ferrothorn|move: Protect\n|\n|-heal|p1a: Ferrothorn|77\/100|[from] item: Leftovers\n|upkeep\n|turn|15\n|c|\u2606Aroma Nobody|gg\n|\n|t:|1698716072\n|move|p2a: Iron Moth|Fiery Dance|p1a: Ferrothorn\n|-supereffective|p1a: Ferrothorn\n|-damage|p1a: Ferrothorn|0 fnt\n|-boost|p2a: Iron Moth|spa|1\n|faint|p1a: Ferrothorn\n|\n|win|Aroma Nobody\n|c|\u2606D. Lawrenzz|gg\n|l|\u2606D. Lawrenzz\n","uploadtime":1698716086,"views":8,"p1id":"dlawrenzz","p2id":"aromanobody","formatid":"gen9nationaldexubers","rating":0,"private":0,"password":""}