{"id":"gen9nationaldexubers-1995218174","p1":"sensei41","p2":"dmears","format":"[Gen 9] National Dex Ubers","log":"|j|\u2606sensei41\n|j|\u2606dmears\n|t:|1700535948\n|gametype|singles\n|player|p1|sensei41|266|\n|player|p2|dmears|janitor|\n|teamsize|p1|6\n|teamsize|p2|6\n|gen|9\n|tier|[Gen 9] National Dex Ubers\n|rule|HP Percentage Mod: HP is shown in percentages\n|rule|Endless Battle Clause: Forcing endless battles is banned\n|rule|OHKO Clause: OHKO moves are banned\n|rule|Evasion Moves Clause: Evasion moves are banned\n|rule|Evasion Items Clause: Evasion items are banned\n|rule|Species Clause: Limit one of each Pok\u00e9mon\n|rule|Sleep Clause Mod: Limit one foe put to sleep\n|rule|Mega Rayquaza Clause: You cannot mega evolve Rayquaza\n|clearpoke\n|poke|p1|Spectrier|\n|poke|p1|Mawile, F|\n|poke|p1|Clodsire, F|\n|poke|p1|Mamoswine, F|\n|poke|p1|Basculegion, M|\n|poke|p1|Magnezone|\n|poke|p2|Zeraora|\n|poke|p2|Hawlucha, F|\n|poke|p2|Gholdengo|\n|poke|p2|Hoopa-Unbound|\n|poke|p2|Ursaluna-Bloodmoon, M|\n|poke|p2|Rotom-Frost|\n|teampreview\n|c|\u2606sensei41|gl\n|j| Mfnthug$$$$\n|\n|t:|1700535984\n|start\n|switch|p1a: Magnezone|Magnezone|100\/100\n|switch|p2a: Hawlucha|Hawlucha, F|100\/100\n|turn|1\n|\n|t:|1700536011\n|switch|p2a: Ursaluna|Ursaluna-Bloodmoon, M|100\/100\n|move|p1a: Magnezone|Volt Switch|p2a: Ursaluna\n|-immune|p2a: Ursaluna\n|\n|upkeep\n|turn|2\n|\n|t:|1700536037\n|switch|p1a: Clodsire|Clodsire, F|100\/100\n|move|p2a: Ursaluna|Earth Power|p1a: Clodsire\n|-supereffective|p1a: Clodsire\n|-damage|p1a: Clodsire|33\/100\n|\n|-heal|p1a: Clodsire|39\/100|[from] item: Black Sludge\n|upkeep\n|turn|3\n|\n|t:|1700536059\n|move|p2a: Ursaluna|Earth Power|p1a: Clodsire\n|-supereffective|p1a: Clodsire\n|-damage|p1a: Clodsire|0 fnt\n|faint|p1a: Clodsire\n|\n|upkeep\n|c|\u2606dmears|You as well!\n|\n|t:|1700536086\n|switch|p1a: Mamoswine|Mamoswine, F|100\/100\n|turn|4\n|\n|t:|1700536100\n|move|p1a: Mamoswine|Knock Off|p2a: Ursaluna\n|-damage|p2a: Ursaluna|81\/100\n|-enditem|p2a: Ursaluna|Assault Vest|[from] move: Knock Off|[of] p1a: Mamoswine\n|move|p2a: Ursaluna|Blood Moon|p1a: Mamoswine\n|-damage|p1a: Mamoswine|30\/100\n|\n|-heal|p1a: Mamoswine|36\/100|[from] item: Leftovers\n|upkeep\n|turn|5\n|\n|t:|1700536121\n|move|p2a: Ursaluna|Vacuum Wave|p1a: Mamoswine\n|-supereffective|p1a: Mamoswine\n|-damage|p1a: Mamoswine|8\/100\n|move|p1a: Mamoswine|Trailblaze|p2a: Ursaluna\n|-supereffective|p2a: Ursaluna\n|-damage|p2a: Ursaluna|61\/100\n|-boost|p1a: Mamoswine|spe|1\n|\n|-heal|p1a: Mamoswine|14\/100|[from] item: Leftovers\n|upkeep\n|turn|6\n|\n|t:|1700536132\n|move|p1a: Mamoswine|Ice Shard|p2a: Ursaluna\n|-supereffective|p2a: Ursaluna\n|-damage|p2a: Ursaluna|37\/100\n|move|p2a: Ursaluna|Vacuum Wave|p1a: Mamoswine\n|-supereffective|p1a: Mamoswine\n|-damage|p1a: Mamoswine|0 fnt\n|faint|p1a: Mamoswine\n|\n|upkeep\n|\n|t:|1700536146\n|switch|p1a: Basculegion|Basculegion, M|100\/100\n|turn|7\n|\n|t:|1700536181\n|switch|p2a: Hoopa|Hoopa-Unbound|100\/100\n|move|p1a: Basculegion|Aqua Jet|p2a: Hoopa\n|-damage|p2a: Hoopa|25\/100\n|\n|upkeep\n|turn|8\n|\n|t:|1700536195\n|move|p1a: Basculegion|Aqua Jet|p2a: Hoopa\n|-damage|p2a: Hoopa|0 fnt\n|faint|p2a: Hoopa\n|\n|upkeep\n|\n|t:|1700536200\n|switch|p2a: Rotom|Rotom-Frost|100\/100\n|turn|9\n|\n|t:|1700536208\n|switch|p1a: Magnezone|Magnezone|100\/100\n|-terastallize|p2a: Rotom|Electric\n|move|p2a: Rotom|Thunderbolt|p1a: Magnezone\n|-resisted|p1a: Magnezone\n|-damage|p1a: Magnezone|46\/100\n|\n|upkeep\n|turn|10\n|\n|t:|1700536242\n|move|p1a: Magnezone|Flash Cannon|p2a: Rotom\n|-resisted|p2a: Rotom\n|-damage|p2a: Rotom|72\/100\n|move|p2a: Rotom|Thunderbolt|p1a: Magnezone\n|-resisted|p1a: Magnezone\n|-damage|p1a: Magnezone|0 fnt\n|faint|p1a: Magnezone\n|\n|upkeep\n|\n|t:|1700536268\n|switch|p1a: Mawile|Mawile, F, shiny|100\/100\n|-ability|p1a: Mawile|Intimidate|boost\n|-unboost|p2a: Rotom|atk|1\n|turn|11\n|\n|t:|1700536279\n|detailschange|p1a: Mawile|Mawile-Mega, F, shiny\n|-mega|p1a: Mawile|Mawile|Mawilite\n|move|p2a: Rotom|Thunderbolt|p1a: Mawile\n|-damage|p1a: Mawile|0 fnt\n|faint|p1a: Mawile\n|\n|upkeep\n|\n|t:|1700536289\n|switch|p1a: Spectrier|Spectrier|100\/100\n|turn|12\n|\n|t:|1700536310\n|move|p1a: Spectrier|Psychic|p2a: Rotom\n|-damage|p2a: Rotom|24\/100\n|move|p2a: Rotom|Thunderbolt|p1a: Spectrier\n|-damage|p1a: Spectrier|5\/100\n|\n|upkeep\n|turn|13\n|\n|t:|1700536345\n|move|p1a: Spectrier|Psychic|p2a: Rotom\n|-damage|p2a: Rotom|0 fnt\n|faint|p2a: Rotom\n|-ability|p1a: Spectrier|Grim Neigh|boost\n|-boost|p1a: Spectrier|spa|1\n|\n|upkeep\n|\n|t:|1700536371\n|switch|p2a: Hawlucha|Hawlucha, F|100\/100\n|turn|14\n|\n|t:|1700536377\n|move|p1a: Spectrier|Psychic|p2a: Hawlucha\n|-supereffective|p2a: Hawlucha\n|-damage|p2a: Hawlucha|0 fnt\n|faint|p2a: Hawlucha\n|-ability|p1a: Spectrier|Grim Neigh|boost\n|-boost|p1a: Spectrier|spa|1\n|\n|upkeep\n|\n|t:|1700536391\n|switch|p2a: Gholdengo|Gholdengo|100\/100\n|-item|p2a: Gholdengo|Air Balloon\n|turn|15\n|\n|t:|1700536412\n|move|p1a: Spectrier|Shadow Ball|p2a: Gholdengo\n|-supereffective|p2a: Gholdengo\n|-damage|p2a: Gholdengo|0 fnt\n|-enditem|p2a: Gholdengo|Air Balloon\n|faint|p2a: Gholdengo\n|-ability|p1a: Spectrier|Grim Neigh|boost\n|-boost|p1a: Spectrier|spa|1\n|\n|upkeep\n|\n|t:|1700536421\n|switch|p2a: Zeraora|Zeraora|100\/100\n|turn|16\n|\n|t:|1700536428\n|move|p2a: Zeraora|Plasma Fists|p1a: Spectrier\n|-damage|p1a: Spectrier|0 fnt\n|-fieldactivate|move: Ion Deluge\n|-hint|Normal-type moves become Electric-type after using Plasma Fists.\n|faint|p1a: Spectrier\n|-damage|p2a: Zeraora|91\/100|[from] item: Life Orb\n|\n|upkeep\n|\n|t:|1700536435\n|switch|p1a: Basculegion|Basculegion, M|100\/100\n|turn|17\n|\n|t:|1700536443\n|move|p1a: Basculegion|Aqua Jet|p2a: Zeraora\n|-damage|p2a: Zeraora|31\/100\n|move|p2a: Zeraora|Plasma Fists|p1a: Basculegion\n|-supereffective|p1a: Basculegion\n|-damage|p1a: Basculegion|0 fnt\n|-fieldactivate|move: Ion Deluge\n|-hint|Normal-type moves become Electric-type after using Plasma Fists.\n|faint|p1a: Basculegion\n|-damage|p2a: Zeraora|22\/100|[from] item: Life Orb\n|\n|win|dmears\n|c|\u2606sensei41|gg\n","uploadtime":1700536454,"views":27,"p1id":"sensei41","p2id":"dmears","formatid":"gen9nationaldexubers","rating":0,"private":0,"password":""}