{"id":"gen9nationaldexubers-1982468596","p1":"Hari Ganesh D","p2":"KingoftheTitans","format":"[Gen 9] National Dex Ubers","log":"|j|\u2606Hari Ganesh D\n|j|\u2606KingoftheTitans\n|t:|1699017736\n|gametype|singles\n|player|p1|Hari Ganesh D|leon|1274\n|player|p2|KingoftheTitans|266|1318\n|teamsize|p1|6\n|teamsize|p2|6\n|gen|9\n|tier|[Gen 9] National Dex Ubers\n|rated|\n|rule|HP Percentage Mod: HP is shown in percentages\n|rule|Endless Battle Clause: Forcing endless battles is banned\n|rule|OHKO Clause: OHKO moves are banned\n|rule|Evasion Moves Clause: Evasion moves are banned\n|rule|Evasion Items Clause: Evasion items are banned\n|rule|Species Clause: Limit one of each Pok\u00e9mon\n|rule|Sleep Clause Mod: Limit one foe put to sleep\n|rule|Mega Rayquaza Clause: You cannot mega evolve Rayquaza\n|clearpoke\n|poke|p1|Arceus|\n|poke|p1|Mewtwo|\n|poke|p1|Ogerpon-Hearthflame, F|\n|poke|p1|Maushold-Four|\n|poke|p1|Houndstone, M|\n|poke|p1|Xerneas-*|\n|poke|p2|Deoxys-Speed|\n|poke|p2|Mewtwo|\n|poke|p2|Calyrex-Ice|\n|poke|p2|Ho-Oh|\n|poke|p2|Dragapult, M|\n|poke|p2|Kyurem-Black|\n|teampreview\n|inactive|Battle timer is ON: inactive players will automatically lose when time's up. (requested by Hari Ganesh D)\n|\n|t:|1699017746\n|start\n|switch|p1a: Xerneas|Xerneas|100\/100\n|switch|p2a: Deoxys|Deoxys-Speed, shiny|100\/100\n|-ability|p2a: Deoxys|Pressure\n|-ability|p1a: Xerneas|Fairy Aura\n|turn|1\n|\n|t:|1699017752\n|move|p2a: Deoxys|Taunt|p1a: Xerneas\n|-start|p1a: Xerneas|move: Taunt\n|-zpower|p1a: Xerneas\n|move|p1a: Xerneas|Z-Geomancy||[anim]Geomancy|[still]\n|-boost|p1a: Xerneas|atk|1|[zeffect]\n|-boost|p1a: Xerneas|def|1|[zeffect]\n|-boost|p1a: Xerneas|spa|1|[zeffect]\n|-boost|p1a: Xerneas|spd|1|[zeffect]\n|-boost|p1a: Xerneas|spe|1|[zeffect]\n|-prepare|p1a: Xerneas|Geomancy\n|\n|upkeep\n|turn|2\n|\n|t:|1699017770\n|move|p2a: Deoxys|Stealth Rock|p1a: Xerneas\n|-sidestart|p1: Hari Ganesh D|move: Stealth Rock\n|cant|p1a: Xerneas|move: Taunt|Geomancy\n|\n|upkeep\n|turn|3\n|\n|t:|1699017777\n|move|p2a: Deoxys|Spikes|p1a: Xerneas\n|-sidestart|p1: Hari Ganesh D|Spikes\n|move|p1a: Xerneas|Moonblast|p2a: Deoxys\n|-enditem|p2a: Deoxys|Focus Sash\n|-damage|p2a: Deoxys|1\/100\n|-unboost|p2a: Deoxys|spa|1\n|\n|-end|p1a: Xerneas|move: Taunt\n|upkeep\n|turn|4\n|\n|t:|1699017785\n|move|p2a: Deoxys|Spikes|p1a: Xerneas\n|-sidestart|p1: Hari Ganesh D|Spikes\n|move|p1a: Xerneas|Moonblast|p2a: Deoxys\n|-damage|p2a: Deoxys|0 fnt\n|faint|p2a: Deoxys\n|\n|upkeep\n|\n|t:|1699017793\n|switch|p2a: Ho-Oh|Ho-Oh|100\/100\n|turn|5\n|\n|t:|1699017797\n|move|p1a: Xerneas|Moonblast|p2a: Ho-Oh\n|-resisted|p2a: Ho-Oh\n|-damage|p2a: Ho-Oh|78\/100\n|move|p2a: Ho-Oh|Toxic|p1a: Xerneas\n|-status|p1a: Xerneas|tox\n|\n|-damage|p1a: Xerneas|94\/100 tox|[from] psn\n|upkeep\n|turn|6\n|\n|t:|1699017808\n|move|p1a: Xerneas|Moonblast|p2a: Ho-Oh\n|-resisted|p2a: Ho-Oh\n|-damage|p2a: Ho-Oh|55\/100\n|move|p2a: Ho-Oh|Roost|p2a: Ho-Oh\n|-heal|p2a: Ho-Oh|100\/100\n|-singleturn|p2a: Ho-Oh|move: Roost\n|\n|-damage|p1a: Xerneas|82\/100 tox|[from] psn\n|upkeep\n|turn|7\n|\n|t:|1699017816\n|move|p1a: Xerneas|Moonblast|p2a: Ho-Oh\n|-resisted|p2a: Ho-Oh\n|-damage|p2a: Ho-Oh|76\/100\n|move|p2a: Ho-Oh|Sacred Fire|p1a: Xerneas\n|-damage|p1a: Xerneas|56\/100 tox\n|\n|-damage|p1a: Xerneas|38\/100 tox|[from] psn\n|upkeep\n|turn|8\n|\n|t:|1699017824\n|move|p1a: Xerneas|Moonblast|p2a: Ho-Oh\n|-resisted|p2a: Ho-Oh\n|-damage|p2a: Ho-Oh|53\/100\n|move|p2a: Ho-Oh|Roost|p2a: Ho-Oh\n|-heal|p2a: Ho-Oh|100\/100\n|-singleturn|p2a: Ho-Oh|move: Roost\n|\n|-damage|p1a: Xerneas|13\/100 tox|[from] psn\n|upkeep\n|turn|9\n|\n|t:|1699017836\n|move|p1a: Xerneas|Moonblast|p2a: Ho-Oh\n|-resisted|p2a: Ho-Oh\n|-damage|p2a: Ho-Oh|75\/100\n|-unboost|p2a: Ho-Oh|spa|1\n|move|p2a: Ho-Oh|Sacred Fire|p1a: Xerneas\n|-damage|p1a: Xerneas|0 fnt\n|faint|p1a: Xerneas\n|\n|upkeep\n|\n|t:|1699017847\n|switch|p1a: Arceus|Arceus|100\/100\n|-damage|p1a: Arceus|88\/100|[from] Stealth Rock\n|-damage|p1a: Arceus|72\/100|[from] Spikes\n|turn|10\n|\n|t:|1699017852\n|move|p1a: Arceus|Dragon Dance|p1a: Arceus\n|-boost|p1a: Arceus|atk|1\n|-boost|p1a: Arceus|spe|1\n|move|p2a: Ho-Oh|Toxic|p1a: Arceus\n|-status|p1a: Arceus|tox\n|\n|-damage|p1a: Arceus|66\/100 tox|[from] psn\n|upkeep\n|turn|11\n|\n|t:|1699017859\n|move|p1a: Arceus|Dragon Dance|p1a: Arceus\n|-boost|p1a: Arceus|atk|1\n|-boost|p1a: Arceus|spe|1\n|move|p2a: Ho-Oh|Roost|p2a: Ho-Oh\n|-heal|p2a: Ho-Oh|100\/100\n|-singleturn|p2a: Ho-Oh|move: Roost\n|\n|-damage|p1a: Arceus|54\/100 tox|[from] psn\n|upkeep\n|turn|12\n|\n|t:|1699017868\n|move|p1a: Arceus|Extreme Speed|p2a: Ho-Oh\n|-damage|p2a: Ho-Oh|38\/100\n|move|p2a: Ho-Oh|Sacred Fire|p1a: Arceus\n|-damage|p1a: Arceus|21\/100 tox\n|\n|-damage|p1a: Arceus|3\/100 tox|[from] psn\n|upkeep\n|turn|13\n|\n|t:|1699017875\n|switch|p2a: Dragapult|Dragapult, M, shiny|100\/100\n|move|p1a: Arceus|Recover|p1a: Arceus\n|-heal|p1a: Arceus|53\/100 tox\n|\n|-damage|p1a: Arceus|29\/100 tox|[from] psn\n|upkeep\n|turn|14\n|\n|t:|1699017888\n|switch|p2a: Ho-Oh|Ho-Oh|71\/100\n|move|p1a: Arceus|Earthquake|p2a: Ho-Oh\n|-immune|p2a: Ho-Oh\n|\n|-damage|p1a: Arceus|0 fnt|[from] psn\n|faint|p1a: Arceus\n|upkeep\n|\n|t:|1699017895\n|switch|p1a: Mewtwo|Mewtwo|100\/100\n|-damage|p1a: Mewtwo|88\/100|[from] Stealth Rock\n|-damage|p1a: Mewtwo|72\/100|[from] Spikes\n|-ability|p1a: Mewtwo|Pressure\n|turn|15\n|\n|t:|1699017904\n|detailschange|p1a: Mewtwo|Mewtwo-Mega-Y\n|-mega|p1a: Mewtwo|Mewtwo|Mewtwonite Y\n|move|p1a: Mewtwo|Psystrike|p2a: Ho-Oh\n|-damage|p2a: Ho-Oh|23\/100\n|move|p2a: Ho-Oh|Roost|p2a: Ho-Oh\n|-heal|p2a: Ho-Oh|73\/100\n|-singleturn|p2a: Ho-Oh|move: Roost\n|\n|upkeep\n|turn|16\n|\n|t:|1699017913\n|move|p1a: Mewtwo|Psystrike|p2a: Ho-Oh\n|-damage|p2a: Ho-Oh|25\/100\n|move|p2a: Ho-Oh|Sacred Fire|p1a: Mewtwo\n|-damage|p1a: Mewtwo|10\/100\n|\n|upkeep\n|turn|17\n|\n|t:|1699017925\n|switch|p2a: Calyrex|Calyrex-Ice|100\/100\n|-ability|p2a: Calyrex|As One\n|-ability|p2a: Calyrex|Unnerve\n|move|p1a: Mewtwo|Psystrike|p2a: Calyrex\n|-resisted|p2a: Calyrex\n|-damage|p2a: Calyrex|80\/100\n|\n|upkeep\n|turn|18\n|\n|t:|1699017933\n|move|p1a: Mewtwo|Flamethrower|p2a: Calyrex\n|-supereffective|p2a: Calyrex\n|-damage|p2a: Calyrex|23\/100\n|-enditem|p2a: Calyrex|Weakness Policy\n|-boost|p2a: Calyrex|atk|2|[from] item: Weakness Policy\n|-boost|p2a: Calyrex|spa|2|[from] item: Weakness Policy\n|move|p2a: Calyrex|Trick Room|p2a: Calyrex\n|-fieldstart|move: Trick Room|[of] p2a: Calyrex\n|\n|upkeep\n|turn|19\n|\n|t:|1699017942\n|move|p2a: Calyrex|Glacial Lance|p1a: Mewtwo\n|-damage|p1a: Mewtwo|0 fnt\n|faint|p1a: Mewtwo\n|-ability|p2a: Calyrex|Chilling Neigh|boost\n|-boost|p2a: Calyrex|atk|1\n|\n|upkeep\n|\n|t:|1699017950\n|switch|p1a: Ogerpon|Ogerpon-Hearthflame, F|100\/100\n|-damage|p1a: Ogerpon|76\/100|[from] Stealth Rock\n|-damage|p1a: Ogerpon|59\/100|[from] Spikes\n|-ability|p1a: Ogerpon|Mold Breaker\n|turn|20\n|\n|t:|1699017956\n|-terastallize|p1a: Ogerpon|Fire\n|detailschange|p1a: Ogerpon|Ogerpon-Hearthflame-Tera, F, tera:Fire\n|-ability|p1a: Ogerpon|Embody Aspect (Hearthflame)|boost\n|-boost|p1a: Ogerpon|atk|1\n|move|p2a: Calyrex|Glacial Lance|p1a: Ogerpon\n|-resisted|p1a: Ogerpon\n|-damage|p1a: Ogerpon|0 fnt\n|faint|p1a: Ogerpon\n|-ability|p2a: Calyrex|Chilling Neigh|boost\n|-boost|p2a: Calyrex|atk|1\n|\n|upkeep\n|\n|t:|1699017967\n|switch|p1a: Maushold|Maushold-Four|100\/100\n|-damage|p1a: Maushold|88\/100|[from] Stealth Rock\n|-damage|p1a: Maushold|71\/100|[from] Spikes\n|turn|21\n|\n|t:|1699017971\n|move|p2a: Calyrex|Glacial Lance|p1a: Maushold\n|-damage|p1a: Maushold|0 fnt\n|faint|p1a: Maushold\n|-ability|p2a: Calyrex|Chilling Neigh|boost\n|-boost|p2a: Calyrex|atk|1\n|\n|upkeep\n|\n|t:|1699017974\n|switch|p1a: Houndstone|Houndstone, M|100\/100\n|-damage|p1a: Houndstone|88\/100|[from] Stealth Rock\n|-damage|p1a: Houndstone|72\/100|[from] Spikes\n|turn|22\n|\n|t:|1699017980\n|move|p2a: Calyrex|Glacial Lance|p1a: Houndstone\n|-damage|p1a: Houndstone|0 fnt\n|faint|p1a: Houndstone\n|\n|win|KingoftheTitans\n|raw|Hari Ganesh D's rating: 1274 &rarr; <strong>1252<\/strong><br \/>(-22 for losing)\n|raw|KingoftheTitans's rating: 1318 &rarr; <strong>1335<\/strong><br \/>(+17 for winning)\n|l|\u2606Hari Ganesh D\n","uploadtime":1699017985,"views":10,"p1id":"hariganeshd","p2id":"kingofthetitans","formatid":"gen9nationaldexubers","rating":1252,"private":0,"password":""}