{"id":"gen9nationaldexubers-1998767032","p1":"KxnshinsWrld","p2":"Ogepon","format":"[Gen 9] National Dex Ubers","log":"|j|\u2606KxnshinsWrld\n|j|\u2606Ogepon\n|t:|1700986524\n|gametype|singles\n|player|p1|KxnshinsWrld|steven|\n|player|p2|Ogepon|veteranf|\n|teamsize|p1|6\n|teamsize|p2|6\n|gen|9\n|tier|[Gen 9] National Dex Ubers\n|rule|HP Percentage Mod: HP is shown in percentages\n|rule|Endless Battle Clause: Forcing endless battles is banned\n|rule|OHKO Clause: OHKO moves are banned\n|rule|Evasion Moves Clause: Evasion moves are banned\n|rule|Evasion Items Clause: Evasion items are banned\n|rule|Species Clause: Limit one of each Pok\u00e9mon\n|rule|Sleep Clause Mod: Limit one foe put to sleep\n|rule|Mega Rayquaza Clause: You cannot mega evolve Rayquaza\n|clearpoke\n|poke|p1|Cofagrigus, F|\n|poke|p1|Pangoro, M|\n|poke|p1|Lucario, M|\n|poke|p1|Exploud, M|\n|poke|p1|Lopunny, M|\n|poke|p1|Ceruledge, F|\n|poke|p2|Typhlosion, F|\n|poke|p2|Lilligant-Hisui, F|\n|poke|p2|Urshifu-*, M|\n|poke|p2|Ditto|\n|poke|p2|Gorebyss, M|\n|poke|p2|Mimikyu, F|\n|teampreview\n|\n|t:|1700986544\n|start\n|switch|p1a: Nobara|Cofagrigus, F|100\/100\n|switch|p2a: Choso|Gorebyss, M|100\/100\n|turn|1\n|\n|t:|1700986553\n|move|p2a: Choso|Rain Dance|p2a: Choso\n|-weather|RainDance\n|move|p1a: Nobara|Poltergeist|p2a: Choso\n|-activate|p2a: Choso|move: Poltergeist|Life Orb\n|-damage|p2a: Choso|77\/100\n|\n|-weather|RainDance|[upkeep]\n|upkeep\n|turn|2\n|\n|t:|1700986560\n|move|p2a: Choso|Hydro Pump|p1a: Nobara\n|-damage|p1a: Nobara|28\/100\n|-damage|p2a: Choso|67\/100|[from] item: Life Orb\n|move|p1a: Nobara|Will-O-Wisp|p2a: Choso\n|-status|p2a: Choso|brn\n|\n|-weather|RainDance|[upkeep]\n|-heal|p1a: Nobara|35\/100|[from] item: Leftovers\n|-damage|p2a: Choso|61\/100 brn|[from] brn\n|upkeep\n|turn|3\n|\n|t:|1700986571\n|move|p2a: Choso|Hydro Pump|p1a: Nobara\n|-damage|p1a: Nobara|0 fnt\n|faint|p1a: Nobara\n|-damage|p2a: Choso|51\/100 brn|[from] item: Life Orb\n|\n|-weather|RainDance|[upkeep]\n|-damage|p2a: Choso|45\/100 brn|[from] brn\n|upkeep\n|\n|t:|1700986588\n|switch|p1a: Panda|Pangoro, M|100\/100\n|-ability|p1a: Panda|Mold Breaker\n|turn|4\n|\n|t:|1700986593\n|move|p2a: Choso|Hydro Pump|p1a: Panda\n|-damage|p1a: Panda|20\/100\n|-damage|p2a: Choso|36\/100 brn|[from] item: Life Orb\n|move|p1a: Panda|Circle Throw|p2a: Choso\n|-damage|p2a: Choso|3\/100 brn\n|drag|p2a: Jogo|Typhlosion, F|100\/100\n|\n|-weather|RainDance|[upkeep]\n|upkeep\n|turn|5\n|\n|t:|1700986606\n|switch|p2a: Geto|Mimikyu, F|100\/100\n|move|p1a: Panda|Circle Throw|p2a: Geto\n|-immune|p2a: Geto\n|\n|-weather|none\n|upkeep\n|turn|6\n|\n|t:|1700986618\n|move|p2a: Geto|Swords Dance|p2a: Geto\n|-boost|p2a: Geto|atk|2\n|move|p1a: Panda|Darkest Lariat|p2a: Geto\n|-damage|p2a: Geto|20\/100\n|\n|upkeep\n|turn|7\n|\n|t:|1700986624\n|move|p1a: Panda|Bullet Punch|p2a: Geto\n|-supereffective|p2a: Geto\n|-damage|p2a: Geto|0 fnt\n|faint|p2a: Geto\n|\n|upkeep\n|\n|t:|1700986640\n|switch|p2a: Dagon|Urshifu-Rapid-Strike, M|100\/100\n|turn|8\n|\n|t:|1700986646\n|move|p2a: Dagon|Trailblaze|p1a: Panda\n|-damage|p1a: Panda|1\/100\n|-boost|p2a: Dagon|spe|1\n|move|p1a: Panda|Circle Throw|p2a: Dagon|[miss]\n|-miss|p1a: Panda|p2a: Dagon\n|\n|upkeep\n|turn|9\n|\n|t:|1700986654\n|move|p1a: Panda|Bullet Punch|p2a: Dagon\n|-resisted|p2a: Dagon\n|-damage|p2a: Dagon|93\/100\n|move|p2a: Dagon|Trailblaze|p1a: Panda\n|-damage|p1a: Panda|0 fnt\n|-boost|p2a: Dagon|spe|1\n|faint|p1a: Panda\n|\n|upkeep\n|\n|t:|1700986669\n|switch|p1a: Inumaki|Exploud, M|100\/100\n|turn|10\n|\n|t:|1700986679\n|move|p2a: Dagon|Drain Punch|p1a: Inumaki\n|-supereffective|p1a: Inumaki\n|-damage|p1a: Inumaki|0 fnt\n|-heal|p2a: Dagon|100\/100|[from] drain|[of] p1a: Inumaki\n|faint|p1a: Inumaki\n|\n|upkeep\n|\n|t:|1700986684\n|switch|p1a: Itadori|Lucario, M|100\/100\n|turn|11\n|\n|t:|1700986691\n|detailschange|p1a: Itadori|Lucario-Mega, M\n|-mega|p1a: Itadori|Lucario|Lucarionite\n|move|p2a: Dagon|Surging Strikes|p1a: Itadori\n|-crit|p1a: Itadori\n|-damage|p1a: Itadori|71\/100\n|-crit|p1a: Itadori\n|-damage|p1a: Itadori|43\/100\n|-crit|p1a: Itadori\n|-damage|p1a: Itadori|16\/100\n|-hitcount|p1a: Itadori|3\n|move|p1a: Itadori|Drain Punch|p2a: Dagon\n|-damage|p2a: Dagon|45\/100\n|-heal|p1a: Itadori|50\/100|[from] drain|[of] p2a: Dagon\n|\n|upkeep\n|turn|12\n|\n|t:|1700986703\n|move|p1a: Itadori|Extreme Speed|p2a: Dagon\n|-damage|p2a: Dagon|18\/100\n|move|p2a: Dagon|Drain Punch|p1a: Itadori\n|-supereffective|p1a: Itadori\n|-damage|p1a: Itadori|0 fnt\n|-heal|p2a: Dagon|38\/100|[from] drain|[of] p1a: Itadori\n|faint|p1a: Itadori\n|\n|upkeep\n|\n|t:|1700986712\n|switch|p1a: Megumi|Ceruledge, F|100\/100\n|turn|13\n|\n|t:|1700986740\n|switch|p2a: Jogo|Typhlosion, F|100\/100\n|-terastallize|p1a: Megumi|Fire\n|move|p1a: Megumi|Close Combat|p2a: Jogo\n|-damage|p2a: Jogo|47\/100\n|-unboost|p1a: Megumi|def|1\n|-unboost|p1a: Megumi|spd|1\n|\n|upkeep\n|turn|14\n|\n|t:|1700986753\n|move|p2a: Jogo|Shadow Ball|p1a: Megumi\n|-damage|p1a: Megumi|56\/100\n|-unboost|p1a: Megumi|spd|1\n|move|p1a: Megumi|Bitter Blade|p2a: Jogo\n|-resisted|p2a: Jogo\n|-damage|p2a: Jogo|7\/100\n|-heal|p1a: Megumi|76\/100|[from] drain|[of] p2a: Jogo\n|\n|upkeep\n|turn|15\n|\n|t:|1700986762\n|move|p1a: Megumi|Shadow Sneak|p2a: Jogo\n|-damage|p2a: Jogo|0 fnt\n|faint|p2a: Jogo\n|\n|upkeep\n|\n|t:|1700986781\n|switch|p2a: Hanami|Lilligant-Hisui, F|100\/100\n|turn|16\n|\n|t:|1700986786\n|move|p2a: Hanami|Close Combat|p1a: Megumi\n|-damage|p1a: Megumi|0 fnt\n|-unboost|p2a: Hanami|def|1\n|-unboost|p2a: Hanami|spd|1\n|faint|p1a: Megumi\n|\n|upkeep\n|\n|t:|1700986792\n|switch|p1a: Maki|Lopunny, M|100\/100\n|turn|17\n|-message|KxnshinsWrld forfeited.\n|\n|win|Ogepon\n|l|\u2606KxnshinsWrld\n","uploadtime":1700986804,"views":1,"p1id":"kxnshinswrld","p2id":"ogepon","formatid":"gen9nationaldexubers","rating":0,"private":0,"password":""}