{"id":"gen9nationaldexubers-1995997899","p1":"Hayakawa00aki","p2":"Rhyfinn1.1.1","format":"[Gen 9] National Dex Ubers","log":"|j|\u2606Hayakawa00aki\n|j|\u2606Rhyfinn1.1.1\n|t:|1700627161\n|gametype|singles\n|player|p1|Hayakawa00aki|dawn|1257\n|player|p2|Rhyfinn1.1.1|ninjaboy|1311\n|teamsize|p1|6\n|teamsize|p2|6\n|gen|9\n|tier|[Gen 9] National Dex Ubers\n|rated|\n|rule|HP Percentage Mod: HP is shown in percentages\n|rule|Endless Battle Clause: Forcing endless battles is banned\n|rule|OHKO Clause: OHKO moves are banned\n|rule|Evasion Moves Clause: Evasion moves are banned\n|rule|Evasion Items Clause: Evasion items are banned\n|rule|Species Clause: Limit one of each Pok\u00e9mon\n|rule|Sleep Clause Mod: Limit one foe put to sleep\n|rule|Mega Rayquaza Clause: You cannot mega evolve Rayquaza\n|clearpoke\n|poke|p1|Serperior, M|\n|poke|p1|Cloyster, F|\n|poke|p1|Groudon|\n|poke|p1|Yveltal|\n|poke|p1|Ceruledge, M|\n|poke|p1|Glimmora, M|\n|poke|p2|Xerneas-*|\n|poke|p2|Marshadow|\n|poke|p2|Groudon|\n|poke|p2|Deoxys-Speed|\n|poke|p2|Necrozma-Dusk-Mane|\n|poke|p2|Pheromosa|\n|teampreview\n|inactive|Battle timer is ON: inactive players will automatically lose when time's up. (requested by Rhyfinn1.1.1)\n|\n|t:|1700627167\n|start\n|switch|p1a: Cloyster|Cloyster, F|100\/100\n|switch|p2a: Deoxys|Deoxys-Speed, shiny|100\/100\n|-ability|p2a: Deoxys|Pressure\n|turn|1\n|\n|t:|1700627178\n|move|p2a: Deoxys|Taunt|p1a: Cloyster\n|-start|p1a: Cloyster|move: Taunt\n|cant|p1a: Cloyster|move: Taunt|Shell Smash\n|\n|upkeep\n|turn|2\n|\n|t:|1700627181\n|move|p2a: Deoxys|Stealth Rock|p1a: Cloyster\n|-sidestart|p1: Hayakawa00aki|move: Stealth Rock\n|move|p1a: Cloyster|Icicle Spear|p2a: Deoxys\n|-damage|p2a: Deoxys|85\/100\n|-damage|p2a: Deoxys|71\/100\n|-damage|p2a: Deoxys|58\/100\n|-damage|p2a: Deoxys|43\/100\n|-damage|p2a: Deoxys|29\/100\n|-hitcount|p2a: Deoxys|5\n|\n|upkeep\n|turn|3\n|\n|t:|1700627194\n|move|p1a: Cloyster|Ice Shard|p2a: Deoxys\n|-damage|p2a: Deoxys|4\/100\n|move|p2a: Deoxys|Spikes|p1a: Cloyster\n|-sidestart|p1: Hayakawa00aki|Spikes\n|\n|-end|p1a: Cloyster|move: Taunt\n|upkeep\n|turn|4\n|\n|t:|1700627199\n|move|p1a: Cloyster|Ice Shard|p2a: Deoxys\n|-damage|p2a: Deoxys|0 fnt\n|faint|p2a: Deoxys\n|\n|upkeep\n|\n|t:|1700627208\n|switch|p2a: Groudon|Groudon, shiny|100\/100\n|detailschange|p2a: Groudon|Groudon-Primal, shiny\n|-primal|p2a: Groudon|Red Orb\n|-weather|DesolateLand|[from] ability: Desolate Land|[of] p2a: Groudon\n|turn|5\n|\n|t:|1700627213\n|move|p2a: Groudon|Rock Polish|p2a: Groudon\n|-boost|p2a: Groudon|spe|2\n|move|p1a: Cloyster|Shell Smash|p1a: Cloyster\n|-unboost|p1a: Cloyster|def|1\n|-unboost|p1a: Cloyster|spd|1\n|-boost|p1a: Cloyster|atk|2\n|-boost|p1a: Cloyster|spa|2\n|-boost|p1a: Cloyster|spe|2\n|\n|-weather|DesolateLand|[upkeep]\n|upkeep\n|turn|6\n|\n|t:|1700627221\n|move|p2a: Groudon|Solar Beam||[still]\n|-prepare|p2a: Groudon|Solar Beam\n|-anim|p2a: Groudon|Solar Beam|p1a: Cloyster\n|-supereffective|p1a: Cloyster\n|-enditem|p1a: Cloyster|Focus Sash\n|-damage|p1a: Cloyster|1\/100\n|move|p1a: Cloyster|Icicle Spear|p2a: Groudon\n|-damage|p2a: Groudon|86\/100\n|-damage|p2a: Groudon|69\/100\n|-damage|p2a: Groudon|53\/100\n|-damage|p2a: Groudon|36\/100\n|-damage|p2a: Groudon|21\/100\n|-hitcount|p2a: Groudon|5\n|\n|-weather|DesolateLand|[upkeep]\n|upkeep\n|turn|7\n|\n|t:|1700627238\n|move|p1a: Cloyster|Ice Shard|p2a: Groudon\n|-damage|p2a: Groudon|0 fnt\n|faint|p2a: Groudon\n|-weather|none\n|\n|upkeep\n|\n|t:|1700627247\n|switch|p2a: Marshadow|Marshadow|100\/100\n|turn|8\n|\n|t:|1700627262\n|move|p1a: Cloyster|Ice Shard|p2a: Marshadow\n|-damage|p2a: Marshadow|53\/100\n|move|p2a: Marshadow|Shadow Sneak|p1a: Cloyster\n|-damage|p1a: Cloyster|0 fnt\n|faint|p1a: Cloyster\n|\n|upkeep\n|\n|t:|1700627265\n|switch|p1a: Glimmora|Glimmora, M|100\/100\n|-damage|p1a: Glimmora|88\/100|[from] Stealth Rock\n|-damage|p1a: Glimmora|76\/100|[from] Spikes\n|turn|9\n|\n|t:|1700627272\n|switch|p2a: Necrozma|Necrozma-Dusk-Mane, shiny|100\/100\n|move|p1a: Glimmora|Mortal Spin|p2a: Necrozma\n|-immune|p2a: Necrozma\n|\n|upkeep\n|turn|10\n|\n|t:|1700627284\n|switch|p1a: Groudon|Groudon|100\/100\n|-damage|p1a: Groudon|94\/100|[from] Stealth Rock\n|-damage|p1a: Groudon|82\/100|[from] Spikes\n|detailschange|p1a: Groudon|Groudon-Primal\n|-primal|p1a: Groudon|Red Orb\n|-weather|DesolateLand|[from] ability: Desolate Land|[of] p1a: Groudon\n|move|p2a: Necrozma|Dragon Dance|p2a: Necrozma\n|-boost|p2a: Necrozma|atk|1\n|-boost|p2a: Necrozma|spe|1\n|\n|-weather|DesolateLand|[upkeep]\n|upkeep\n|turn|11\n|\n|t:|1700627293\n|move|p2a: Necrozma|Earthquake|p1a: Groudon\n|-supereffective|p1a: Groudon\n|-damage|p1a: Groudon|11\/100\n|move|p1a: Groudon|Swords Dance|p1a: Groudon\n|-boost|p1a: Groudon|atk|2\n|\n|-weather|DesolateLand|[upkeep]\n|upkeep\n|turn|12\n|\n|t:|1700627301\n|move|p2a: Necrozma|Photon Geyser|p1a: Groudon\n|-damage|p1a: Groudon|0 fnt\n|faint|p1a: Groudon\n|-weather|none\n|\n|upkeep\n|\n|t:|1700627305\n|switch|p1a: Yveltal|Yveltal|100\/100\n|-damage|p1a: Yveltal|76\/100|[from] Stealth Rock\n|-ability|p1a: Yveltal|Dark Aura\n|turn|13\n|\n|t:|1700627308\n|-terastallize|p1a: Yveltal|Dark\n|move|p2a: Necrozma|Sunsteel Strike|p1a: Yveltal\n|-damage|p1a: Yveltal|0 fnt\n|faint|p1a: Yveltal\n|\n|upkeep\n|\n|t:|1700627315\n|switch|p1a: Serperior|Serperior, M, shiny|100\/100\n|-damage|p1a: Serperior|88\/100|[from] Stealth Rock\n|-damage|p1a: Serperior|76\/100|[from] Spikes\n|turn|14\n|\n|t:|1700627321\n|detailschange|p2a: Necrozma|Necrozma-Ultra, shiny\n|-burst|p2a: Necrozma|Necrozma|Ultranecrozium Z\n|move|p2a: Necrozma|Photon Geyser|p1a: Serperior\n|-damage|p1a: Serperior|0 fnt\n|faint|p1a: Serperior\n|\n|upkeep\n|\n|t:|1700627328\n|switch|p1a: Glimmora|Glimmora, M|76\/100\n|-damage|p1a: Glimmora|63\/100|[from] Stealth Rock\n|-damage|p1a: Glimmora|51\/100|[from] Spikes\n|turn|15\n|\n|t:|1700627332\n|move|p2a: Necrozma|Sunsteel Strike|p1a: Glimmora\n|-supereffective|p1a: Glimmora\n|-crit|p1a: Glimmora\n|-damage|p1a: Glimmora|0 fnt\n|-activate|p1a: Glimmora|ability: Toxic Debris\n|-sidestart|p2: Rhyfinn1.1.1|move: Toxic Spikes\n|faint|p1a: Glimmora\n|\n|upkeep\n|-message|Hayakawa00aki forfeited.\n|\n|win|Rhyfinn1.1.1\n|raw|Hayakawa00aki's rating: 1295 &rarr; <strong>1271<\/strong><br \/>(-24 for losing)\n|raw|Rhyfinn1.1.1's rating: 1311 &rarr; <strong>1330<\/strong><br \/>(+19 for winning)\n|l|\u2606Hayakawa00aki\n","uploadtime":1700627338,"views":0,"p1id":"hayakawa00aki","p2id":"rhyfinn111","formatid":"gen9nationaldexubers","rating":1271,"private":0,"password":""}