{"id":"gen9nationaldexubers-1987966337","p1":"xicocavier","p2":"ambatusmurf","format":"[Gen 9] National Dex Ubers","log":"|j|\u2606xicocavier\n|j|\u2606ambatusmurf\n|t:|1699654009\n|gametype|singles\n|player|p1|xicocavier|170|1170\n|player|p2|ambatusmurf|marnie-masters2|1040\n|teamsize|p1|6\n|teamsize|p2|6\n|gen|9\n|tier|[Gen 9] National Dex Ubers\n|rated|\n|rule|HP Percentage Mod: HP is shown in percentages\n|rule|Endless Battle Clause: Forcing endless battles is banned\n|rule|OHKO Clause: OHKO moves are banned\n|rule|Evasion Moves Clause: Evasion moves are banned\n|rule|Evasion Items Clause: Evasion items are banned\n|rule|Species Clause: Limit one of each Pok\u00e9mon\n|rule|Sleep Clause Mod: Limit one foe put to sleep\n|rule|Mega Rayquaza Clause: You cannot mega evolve Rayquaza\n|clearpoke\n|poke|p1|Breloom, F|\n|poke|p1|Zamazenta-*|\n|poke|p1|Blaziken, F|\n|poke|p1|Heracross, F|\n|poke|p1|Marshadow|\n|poke|p1|Machamp, M|\n|poke|p2|Ledyba, F|\n|poke|p2|Diggersby, M|\n|poke|p2|Bisharp, M|\n|poke|p2|Giratina-Origin|\n|poke|p2|Druddigon, M|\n|poke|p2|Salamence, M|\n|teampreview\n|inactive|Battle timer is ON: inactive players will automatically lose when time's up. (requested by ambatusmurf)\n|\n|t:|1699654030\n|start\n|switch|p1a: Heracross|Heracross, F|100\/100\n|switch|p2a: bimmy|Ledyba, F|100\/100\n|turn|1\n|\n|t:|1699654052\n|detailschange|p1a: Heracross|Heracross-Mega, F\n|-mega|p1a: Heracross|Heracross|Heracronite\n|move|p1a: Heracross|Megahorn|p2a: bimmy|[miss]\n|-miss|p1a: Heracross|p2a: bimmy\n|move|p2a: bimmy|Knock Off|p1a: Heracross\n|-resisted|p1a: Heracross\n|-damage|p1a: Heracross|98\/100\n|\n|upkeep\n|turn|2\n|\n|t:|1699654068\n|switch|p2a: Giratina|Giratina-Origin|100\/100\n|move|p1a: Heracross|Megahorn|p2a: Giratina\n|-resisted|p2a: Giratina\n|-damage|p2a: Giratina|72\/100\n|\n|upkeep\n|turn|3\n|\n|t:|1699654076\n|move|p1a: Heracross|Megahorn|p2a: Giratina\n|-resisted|p2a: Giratina\n|-damage|p2a: Giratina|45\/100\n|move|p2a: Giratina|Will-O-Wisp|p1a: Heracross\n|-status|p1a: Heracross|brn\n|\n|-damage|p1a: Heracross|92\/100 brn|[from] brn\n|upkeep\n|turn|4\n|inactive|ambatusmurf has 120 seconds left.\n|\n|t:|1699654100\n|move|p1a: Heracross|Shadow Claw|p2a: Giratina\n|-supereffective|p2a: Giratina\n|-damage|p2a: Giratina|24\/100\n|move|p2a: Giratina|Will-O-Wisp|p1a: Heracross\n|-fail|p1a: Heracross|brn\n|\n|-damage|p1a: Heracross|86\/100 brn|[from] brn\n|upkeep\n|turn|5\n|inactive|ambatusmurf has 120 seconds left.\n|\n|t:|1699654111\n|switch|p2a: Diggersby|Diggersby, M, shiny|100\/100\n|move|p1a: Heracross|Shadow Claw|p2a: Diggersby\n|-immune|p2a: Diggersby\n|\n|-damage|p1a: Heracross|80\/100 brn|[from] brn\n|upkeep\n|turn|6\n|\n|t:|1699654120\n|switch|p2a: Giratina|Giratina-Origin|24\/100\n|move|p1a: Heracross|Megahorn|p2a: Giratina\n|-resisted|p2a: Giratina\n|-damage|p2a: Giratina|10\/100\n|\n|-damage|p1a: Heracross|74\/100 brn|[from] brn\n|upkeep\n|turn|7\n|\n|t:|1699654130\n|move|p1a: Heracross|Megahorn|p2a: Giratina\n|-resisted|p2a: Giratina\n|-damage|p2a: Giratina|0 fnt\n|faint|p2a: Giratina\n|\n|-damage|p1a: Heracross|68\/100 brn|[from] brn\n|upkeep\n|\n|t:|1699654138\n|switch|p2a: super hornio bros|Bisharp, M, shiny|100\/100\n|-ability|p2a: super hornio bros|Pressure\n|turn|8\n|\n|t:|1699654147\n|move|p1a: Heracross|Close Combat|p2a: super hornio bros\n|-supereffective|p2a: super hornio bros\n|-damage|p2a: super hornio bros|0 fnt\n|-unboost|p1a: Heracross|def|1\n|-unboost|p1a: Heracross|spd|1\n|faint|p2a: super hornio bros\n|\n|-damage|p1a: Heracross|62\/100 brn|[from] brn\n|upkeep\n|\n|t:|1699654154\n|switch|p2a: Diggersby|Diggersby, M, shiny|100\/100\n|turn|9\n|\n|t:|1699654159\n|move|p2a: Diggersby|Spikes|p1a: Heracross\n|-sidestart|p1: xicocavier|Spikes\n|move|p1a: Heracross|Close Combat|p2a: Diggersby\n|-supereffective|p2a: Diggersby\n|-damage|p2a: Diggersby|0 fnt\n|-unboost|p1a: Heracross|def|1\n|-unboost|p1a: Heracross|spd|1\n|faint|p2a: Diggersby\n|\n|-damage|p1a: Heracross|56\/100 brn|[from] brn\n|upkeep\n|\n|t:|1699654161\n|switch|p2a: Salamence|Salamence, M, shiny|100\/100\n|-ability|p2a: Salamence|Intimidate|boost\n|-unboost|p1a: Heracross|atk|1\n|turn|10\n|\n|t:|1699654180\n|detailschange|p2a: Salamence|Salamence-Mega, M, shiny\n|-mega|p2a: Salamence|Salamence|Salamencite\n|move|p2a: Salamence|Dragon Dance|p2a: Salamence\n|-boost|p2a: Salamence|atk|1\n|-boost|p2a: Salamence|spe|1\n|move|p1a: Heracross|Megahorn|p2a: Salamence|[miss]\n|-miss|p1a: Heracross|p2a: Salamence\n|\n|-damage|p1a: Heracross|50\/100 brn|[from] brn\n|upkeep\n|turn|11\n|\n|t:|1699654193\n|move|p2a: Salamence|Dragon Dance|p2a: Salamence\n|-boost|p2a: Salamence|atk|1\n|-boost|p2a: Salamence|spe|1\n|move|p1a: Heracross|Megahorn|p2a: Salamence\n|-resisted|p2a: Salamence\n|-damage|p2a: Salamence|89\/100\n|\n|-damage|p1a: Heracross|44\/100 brn|[from] brn\n|upkeep\n|turn|12\n|\n|t:|1699654207\n|move|p2a: Salamence|Dragon Dance|p2a: Salamence\n|-boost|p2a: Salamence|atk|1\n|-boost|p2a: Salamence|spe|1\n|move|p1a: Heracross|Close Combat|p2a: Salamence\n|-resisted|p2a: Salamence\n|-damage|p2a: Salamence|79\/100\n|-unboost|p1a: Heracross|def|1\n|-unboost|p1a: Heracross|spd|1\n|\n|-damage|p1a: Heracross|38\/100 brn|[from] brn\n|upkeep\n|turn|13\n|\n|t:|1699654220\n|move|p2a: Salamence|Dragon Dance|p2a: Salamence\n|-boost|p2a: Salamence|atk|1\n|-boost|p2a: Salamence|spe|1\n|move|p1a: Heracross|Megahorn|p2a: Salamence\n|-resisted|p2a: Salamence\n|-damage|p2a: Salamence|67\/100\n|\n|-damage|p1a: Heracross|32\/100 brn|[from] brn\n|upkeep\n|turn|14\n|\n|t:|1699654234\n|move|p2a: Salamence|Dragon Dance|p2a: Salamence\n|-boost|p2a: Salamence|atk|1\n|-boost|p2a: Salamence|spe|1\n|move|p1a: Heracross|Shadow Claw|p2a: Salamence\n|-damage|p2a: Salamence|59\/100\n|\n|-damage|p1a: Heracross|26\/100 brn|[from] brn\n|upkeep\n|turn|15\n|\n|t:|1699654243\n|move|p2a: Salamence|Dragon Dance|p2a: Salamence\n|-boost|p2a: Salamence|atk|1\n|-boost|p2a: Salamence|spe|1\n|move|p1a: Heracross|Megahorn|p2a: Salamence\n|-resisted|p2a: Salamence\n|-damage|p2a: Salamence|49\/100\n|\n|-damage|p1a: Heracross|20\/100 brn|[from] brn\n|upkeep\n|turn|16\n|\n|t:|1699654253\n|move|p2a: Salamence|Roost|p2a: Salamence\n|-heal|p2a: Salamence|99\/100\n|-singleturn|p2a: Salamence|move: Roost\n|move|p1a: Heracross|Megahorn|p2a: Salamence\n|-damage|p2a: Salamence|77\/100\n|\n|-damage|p1a: Heracross|14\/100 brn|[from] brn\n|upkeep\n|turn|17\n|\n|t:|1699654258\n|move|p2a: Salamence|Facade|p1a: Heracross\n|-supereffective|p1a: Heracross\n|-damage|p1a: Heracross|0 fnt\n|faint|p1a: Heracross\n|\n|upkeep\n|c|\u2606ambatusmurf|ggs\n|\n|t:|1699654268\n|switch|p1a: Breloom|Breloom, F, shiny|100\/100\n|-damage|p1a: Breloom|88\/100|[from] Spikes\n|turn|18\n|\n|t:|1699654273\n|move|p2a: Salamence|Facade|p1a: Breloom\n|-supereffective|p1a: Breloom\n|-damage|p1a: Breloom|0 fnt\n|faint|p1a: Breloom\n|\n|upkeep\n|\n|t:|1699654285\n|switch|p1a: Marshadow|Marshadow|100\/100\n|-damage|p1a: Marshadow|88\/100|[from] Spikes\n|turn|19\n|\n|t:|1699654290\n|move|p2a: Salamence|Facade|p1a: Marshadow\n|-supereffective|p1a: Marshadow\n|-damage|p1a: Marshadow|0 fnt\n|faint|p1a: Marshadow\n|\n|upkeep\n|c|\u2606ambatusmurf|nice sash dingus\n|-message|xicocavier forfeited.\n|\n|win|ambatusmurf\n|raw|xicocavier's rating: 1170 &rarr; <strong>1136<\/strong><br \/>(-34 for losing)\n|raw|ambatusmurf's rating: 1040 &rarr; <strong>1086<\/strong><br \/>(+46 for winning)\n|l|\u2606xicocavier\n","uploadtime":1699654307,"views":17,"p1id":"xicocavier","p2id":"ambatusmurf","formatid":"gen9nationaldexubers","rating":1086,"private":0,"password":""}