{"id":"gen9nationaldexubers-1980088275","p1":"babbona","p2":"amogus balls sus","format":"[Gen 9] National Dex Ubers","log":"|j|\u2606babbona\n|j|\u2606amogus balls sus\n|t:|1698756034\n|gametype|singles\n|player|p1|babbona|medium|1250\n|player|p2|amogus balls sus|preschooler|1154\n|teamsize|p1|6\n|teamsize|p2|6\n|gen|9\n|tier|[Gen 9] National Dex Ubers\n|rated|\n|rule|HP Percentage Mod: HP is shown in percentages\n|rule|Endless Battle Clause: Forcing endless battles is banned\n|rule|OHKO Clause: OHKO moves are banned\n|rule|Evasion Moves Clause: Evasion moves are banned\n|rule|Evasion Items Clause: Evasion items are banned\n|rule|Species Clause: Limit one of each Pok\u00e9mon\n|rule|Sleep Clause Mod: Limit one foe put to sleep\n|rule|Mega Rayquaza Clause: You cannot mega evolve Rayquaza\n|clearpoke\n|poke|p1|Zygarde|\n|poke|p1|Marshadow|\n|poke|p1|Mewtwo|\n|poke|p1|Necrozma-Dusk-Mane|\n|poke|p1|Solgaleo|\n|poke|p1|Shuckle, F|\n|poke|p2|Pelipper, M|\n|poke|p2|Barraskewda, M|\n|poke|p2|Stakataka|\n|poke|p2|Pheromosa|\n|poke|p2|Deoxys-Attack|\n|poke|p2|Kyogre|\n|teampreview\n|c|\u2606amogus balls sus|ok two steel psychics I understand\n|\n|t:|1698756070\n|start\n|switch|p1a: Shuckle|Shuckle, F|100\/100\n|switch|p2a: I FEEL BRICKY|Stakataka, shiny|100\/100\n|turn|1\n|\n|t:|1698756076\n|move|p1a: Shuckle|Stealth Rock|p2a: I FEEL BRICKY\n|-sidestart|p2: amogus balls sus|move: Stealth Rock\n|move|p2a: I FEEL BRICKY|Iron Defense|p2a: I FEEL BRICKY\n|-boost|p2a: I FEEL BRICKY|def|2\n|\n|upkeep\n|turn|2\n|\n|t:|1698756078\n|move|p1a: Shuckle|Sticky Web|p2a: I FEEL BRICKY\n|-sidestart|p2: amogus balls sus|move: Sticky Web\n|move|p2a: I FEEL BRICKY|Iron Defense|p2a: I FEEL BRICKY\n|-boost|p2a: I FEEL BRICKY|def|2\n|\n|upkeep\n|turn|3\n|\n|t:|1698756083\n|move|p1a: Shuckle|Infestation|p2a: I FEEL BRICKY\n|-resisted|p2a: I FEEL BRICKY\n|-damage|p2a: I FEEL BRICKY|99\/100\n|-activate|p2a: I FEEL BRICKY|move: Infestation|[of] p1a: Shuckle\n|move|p2a: I FEEL BRICKY|Body Press|p1a: Shuckle\n|-damage|p1a: Shuckle|33\/100\n|-enditem|p1a: Shuckle|Red Card|[of] p2a: I FEEL BRICKY\n|drag|p2a: FISH STICKS|Barraskewda, M, shiny|100\/100\n|-damage|p2a: FISH STICKS|88\/100|[from] Stealth Rock\n|-activate|p2a: FISH STICKS|move: Sticky Web\n|-unboost|p2a: FISH STICKS|spe|1\n|\n|upkeep\n|turn|4\n|\n|t:|1698756091\n|switch|p2a: thicc roach|Pheromosa|100\/100\n|move|p1a: Shuckle|Toxic|p2a: thicc roach\n|-status|p2a: thicc roach|tox\n|\n|-damage|p2a: thicc roach|94\/100 tox|[from] psn\n|upkeep\n|turn|5\n|\n|t:|1698756095\n|move|p2a: thicc roach|Rapid Spin|p1a: Shuckle\n|-resisted|p1a: Shuckle\n|-damage|p1a: Shuckle|28\/100\n|-boost|p2a: thicc roach|spe|1\n|-sideend|p2: amogus balls sus|Stealth Rock|[from] move: Rapid Spin|[of] p2a: thicc roach\n|-sideend|p2: amogus balls sus|Sticky Web|[from] move: Rapid Spin|[of] p2a: thicc roach\n|move|p1a: Shuckle|Infestation|p2a: thicc roach\n|-resisted|p2a: thicc roach\n|-damage|p2a: thicc roach|92\/100 tox\n|-activate|p2a: thicc roach|move: Infestation|[of] p1a: Shuckle\n|\n|-damage|p2a: thicc roach|80\/100 tox|[from] psn\n|-damage|p2a: thicc roach|68\/100 tox|[from] move: Infestation|[partiallytrapped]\n|upkeep\n|turn|6\n|\n|t:|1698756101\n|move|p2a: thicc roach|Close Combat|p1a: Shuckle\n|-damage|p1a: Shuckle|0 fnt\n|-unboost|p2a: thicc roach|def|1\n|-unboost|p2a: thicc roach|spd|1\n|faint|p1a: Shuckle\n|-ability|p2a: thicc roach|Beast Boost|boost\n|-boost|p2a: thicc roach|spe|1\n|\n|-damage|p2a: thicc roach|50\/100 tox|[from] psn\n|-end|p2a: thicc roach|Infestation|[partiallytrapped]|[silent]\n|upkeep\n|\n|t:|1698756106\n|switch|p1a: Marshadow|Marshadow|100\/100\n|turn|7\n|\n|t:|1698756116\n|move|p2a: thicc roach|U-turn|p1a: Marshadow\n|-resisted|p1a: Marshadow\n|-damage|p1a: Marshadow|89\/100\n|\n|t:|1698756120\n|switch|p2a: birb up|Pelipper, M|100\/100|[from] U-turn\n|-weather|RainDance|[from] ability: Drizzle|[of] p2a: birb up\n|move|p1a: Marshadow|Swagger|p2a: birb up\n|-boost|p2a: birb up|atk|2\n|-start|p2a: birb up|confusion\n|\n|-weather|RainDance|[upkeep]\n|upkeep\n|turn|8\n|\n|t:|1698756126\n|move|p1a: Marshadow|Spectral Thief||[still]\n|-clearpositiveboost|p2a: birb up|p1a: Marshadow|move: Spectral Thief\n|-boost|p1a: Marshadow|atk|2\n|-anim|p1a: Marshadow|Spectral Thief|p2a: birb up\n|-damage|p2a: birb up|0 fnt\n|faint|p2a: birb up\n|\n|-weather|RainDance|[upkeep]\n|upkeep\n|\n|t:|1698756131\n|switch|p2a: FISH STICKS|Barraskewda, M, shiny|88\/100\n|turn|9\n|\n|t:|1698756150\n|-terastallize|p2a: FISH STICKS|Water\n|move|p1a: Marshadow|Shadow Sneak|p2a: FISH STICKS\n|-damage|p2a: FISH STICKS|0 fnt\n|faint|p2a: FISH STICKS\n|\n|-weather|RainDance|[upkeep]\n|upkeep\n|c|\u2606amogus balls sus|stupid damage go\n|c|\u2606amogus balls sus|frick\n|inactive|Battle timer is ON: inactive players will automatically lose when time's up. (requested by babbona)\n|\n|t:|1698756164\n|switch|p2a: I FEEL BRICKY|Stakataka, shiny|99\/100\n|turn|10\n|\n|t:|1698756168\n|move|p1a: Marshadow|Drain Punch|p2a: I FEEL BRICKY\n|-supereffective|p2a: I FEEL BRICKY\n|-damage|p2a: I FEEL BRICKY|0 fnt\n|-heal|p1a: Marshadow|100\/100|[from] drain|[of] p2a: I FEEL BRICKY\n|faint|p2a: I FEEL BRICKY\n|\n|-weather|RainDance|[upkeep]\n|upkeep\n|\n|t:|1698756183\n|switch|p2a: thicc roach|Pheromosa|50\/100 tox\n|turn|11\n|\n|t:|1698756194\n|move|p1a: Marshadow|Shadow Sneak|p2a: thicc roach\n|-damage|p2a: thicc roach|0 fnt\n|faint|p2a: thicc roach\n|\n|-weather|RainDance|[upkeep]\n|upkeep\n|\n|t:|1698756199\n|switch|p2a: delet dis|Deoxys-Attack|100\/100\n|-ability|p2a: delet dis|Pressure\n|turn|12\n|\n|t:|1698756208\n|move|p1a: Marshadow|Shadow Sneak|p2a: delet dis\n|-supereffective|p2a: delet dis\n|-damage|p2a: delet dis|0 fnt\n|faint|p2a: delet dis\n|\n|-weather|RainDance|[upkeep]\n|upkeep\n|\n|t:|1698756210\n|switch|p2a: based whale|Kyogre|100\/100\n|turn|13\n|\n|t:|1698756217\n|move|p2a: based whale|Surf|p1a: Marshadow\n|-damage|p1a: Marshadow|16\/100\n|move|p1a: Marshadow|Swagger|p2a: based whale\n|-boost|p2a: based whale|atk|2\n|-start|p2a: based whale|confusion\n|\n|-weather|RainDance|[upkeep]\n|upkeep\n|turn|14\n|\n|t:|1698756222\n|-activate|p2a: based whale|confusion\n|-damage|p2a: based whale|83\/100|[from] confusion\n|move|p1a: Marshadow|Spectral Thief||[still]\n|-clearpositiveboost|p2a: based whale|p1a: Marshadow|move: Spectral Thief\n|-boost|p1a: Marshadow|atk|2\n|-anim|p1a: Marshadow|Spectral Thief|p2a: based whale\n|-crit|p2a: based whale\n|-damage|p2a: based whale|0 fnt\n|faint|p2a: based whale\n|\n|win|babbona\n|raw|babbona's rating: 1250 &rarr; <strong>1268<\/strong><br \/>(+18 for winning)\n|raw|amogus balls sus's rating: 1154 &rarr; <strong>1136<\/strong><br \/>(-18 for losing)\n|c|\u2606babbona|gg\n","uploadtime":1698756233,"views":7,"p1id":"babbona","p2id":"amogusballssus","formatid":"gen9nationaldexubers","rating":1136,"private":0,"password":""}