{"id":"gen9nationaldexubers-1991638547","p1":"gui90gamer10","p2":"SMN_17","format":"[Gen 9] National Dex Ubers","log":"|j|\u2606gui90gamer10\n|j|\u2606SMN_17\n|t:|1700097121\n|gametype|singles\n|player|p1|gui90gamer10|riley|1077\n|player|p2|SMN_17|hilbert|1043\n|teamsize|p1|6\n|teamsize|p2|6\n|gen|9\n|tier|[Gen 9] National Dex Ubers\n|rated|\n|rule|HP Percentage Mod: HP is shown in percentages\n|rule|Endless Battle Clause: Forcing endless battles is banned\n|rule|OHKO Clause: OHKO moves are banned\n|rule|Evasion Moves Clause: Evasion moves are banned\n|rule|Evasion Items Clause: Evasion items are banned\n|rule|Species Clause: Limit one of each Pok\u00e9mon\n|rule|Sleep Clause Mod: Limit one foe put to sleep\n|rule|Mega Rayquaza Clause: You cannot mega evolve Rayquaza\n|clearpoke\n|poke|p1|Dracovish|\n|poke|p1|Meowscarada, M|\n|poke|p1|Lycanroc-Dusk, F|\n|poke|p1|Ferrothorn, F|\n|poke|p1|Rotom-Wash|\n|poke|p1|Toxapex, F|\n|poke|p2|Dragonite, F|\n|poke|p2|Zygarde|\n|poke|p2|Roaring Moon|\n|poke|p2|Garchomp, M|\n|poke|p2|Goodra-Hisui, M|\n|poke|p2|Noivern, F|\n|teampreview\n|\n|t:|1700097132\n|start\n|switch|p1a: Toxapex|Toxapex, F, shiny|100\/100\n|switch|p2a: Bruce|Garchomp, M|100\/100\n|turn|1\n|\n|t:|1700097184\n|move|p2a: Bruce|Stealth Rock|p1a: Toxapex\n|-sidestart|p1: gui90gamer10|move: Stealth Rock\n|move|p1a: Toxapex|Toxic Spikes|p2a: Bruce\n|-sidestart|p2: SMN_17|move: Toxic Spikes\n|\n|upkeep\n|turn|2\n|inactive|Battle timer is ON: inactive players will automatically lose when time's up. (requested by gui90gamer10)\n|\n|t:|1700097190\n|move|p2a: Bruce|Swords Dance|p2a: Bruce\n|-boost|p2a: Bruce|atk|2\n|move|p1a: Toxapex|Toxic Spikes|p2a: Bruce\n|-sidestart|p2: SMN_17|move: Toxic Spikes\n|\n|upkeep\n|turn|3\n|\n|t:|1700097195\n|move|p2a: Bruce|Scale Shot|p1a: Toxapex\n|-damage|p1a: Toxapex|80\/100\n|-damage|p1a: Toxapex|60\/100\n|-damage|p1a: Toxapex|39\/100\n|-damage|p1a: Toxapex|19\/100\n|-damage|p1a: Toxapex|0 fnt\n|faint|p1a: Toxapex\n|-hitcount|p1: Toxapex|5\n|-unboost|p2a: Bruce|def|1\n|-boost|p2a: Bruce|spe|1\n|\n|upkeep\n|\n|t:|1700097214\n|switch|p1a: Ferrothorn|Ferrothorn, F, shiny|100\/100\n|-damage|p1a: Ferrothorn|94\/100|[from] Stealth Rock\n|turn|4\n|\n|t:|1700097235\n|move|p2a: Bruce|Earthquake|p1a: Ferrothorn\n|-crit|p1a: Ferrothorn\n|-damage|p1a: Ferrothorn|0 fnt\n|faint|p1a: Ferrothorn\n|\n|upkeep\n|\n|t:|1700097241\n|switch|p1a: Rotom|Rotom-Wash, shiny|100\/100\n|-damage|p1a: Rotom|88\/100|[from] Stealth Rock\n|turn|5\n|inactive|SMN_17 has 120 seconds left.\n|\n|t:|1700097278\n|move|p2a: Bruce|Scale Shot|p1a: Rotom\n|-damage|p1a: Rotom|62\/100\n|-damage|p1a: Rotom|32\/100\n|-damage|p1a: Rotom|4\/100\n|-damage|p1a: Rotom|0 fnt\n|faint|p1a: Rotom\n|-hitcount|p1: Rotom|4\n|-unboost|p2a: Bruce|def|1\n|-boost|p2a: Bruce|spe|1\n|\n|upkeep\n|\n|t:|1700097288\n|switch|p1a: Dracovish|Dracovish, shiny|100\/100\n|-damage|p1a: Dracovish|88\/100|[from] Stealth Rock\n|turn|6\n|\n|t:|1700097293\n|move|p2a: Bruce|Scale Shot|p1a: Dracovish\n|-supereffective|p1a: Dracovish\n|-damage|p1a: Dracovish|30\/100\n|-supereffective|p1a: Dracovish\n|-damage|p1a: Dracovish|0 fnt\n|faint|p1a: Dracovish\n|-hitcount|p1: Dracovish|2\n|-unboost|p2a: Bruce|def|1\n|-boost|p2a: Bruce|spe|1\n|\n|upkeep\n|-message|gui90gamer10 forfeited.\n|\n|win|SMN_17\n|raw|gui90gamer10's rating: 1077 &rarr; <strong>1053<\/strong><br \/>(-24 for losing)\n|raw|SMN_17's rating: 1043 &rarr; <strong>1080<\/strong><br \/>(+37 for winning)\n|l|\u2606gui90gamer10\n","uploadtime":1700097322,"views":22,"p1id":"gui90gamer10","p2id":"smn17","formatid":"gen9nationaldexubers","rating":1053,"private":0,"password":""}