{"id":"gen9nationaldexubers-1988651758","p1":"The_Opposum","p2":"Celine_Helios","format":"[Gen 9] National Dex Ubers","log":"|j|\u2606The_Opposum\n|j|\u2606Celine_Helios\n|t:|1699746419\n|gametype|singles\n|player|p1|The_Opposum|cynthia-masters3|\n|player|p2|Celine_Helios|caitlin|\n|teamsize|p1|6\n|teamsize|p2|6\n|gen|9\n|tier|[Gen 9] National Dex Ubers\n|rule|HP Percentage Mod: HP is shown in percentages\n|rule|Endless Battle Clause: Forcing endless battles is banned\n|rule|OHKO Clause: OHKO moves are banned\n|rule|Evasion Moves Clause: Evasion moves are banned\n|rule|Evasion Items Clause: Evasion items are banned\n|rule|Species Clause: Limit one of each Pok\u00e9mon\n|rule|Sleep Clause Mod: Limit one foe put to sleep\n|rule|Mega Rayquaza Clause: You cannot mega evolve Rayquaza\n|clearpoke\n|poke|p1|Whimsicott, M|\n|poke|p1|Charizard, F|\n|poke|p1|Heatran, M|\n|poke|p1|Great Tusk|\n|poke|p1|Mimikyu, M|\n|poke|p1|Absol, F|\n|poke|p2|Medicham, M|\n|poke|p2|Ninetales-Alola, F|\n|poke|p2|Slowbro, F|\n|poke|p2|Moltres-Galar|\n|poke|p2|Ogerpon-Wellspring, F|\n|poke|p2|Enamorus, F|\n|teampreview\n|\n|t:|1699746434\n|start\n|switch|p1a: Absol|Absol, F|100\/100\n|switch|p2a: Medicham|Medicham, M, shiny|100\/100\n|turn|1\n|\n|t:|1699746439\n|detailschange|p2a: Medicham|Medicham-Mega, M, shiny\n|-mega|p2a: Medicham|Medicham|Medichamite\n|move|p2a: Medicham|Fake Out|p1a: Absol\n|-damage|p1a: Absol|54\/100\n|cant|p1a: Absol|flinch\n|\n|upkeep\n|turn|2\n|j| palestjade\n|\n|t:|1699746453\n|move|p2a: Medicham|Bullet Punch|p1a: Absol\n|-damage|p1a: Absol|7\/100\n|move|p1a: Absol|Sucker Punch||[still]\n|-fail|p1a: Absol\n|\n|upkeep\n|turn|3\n|\n|t:|1699746474\n|move|p2a: Medicham|Bullet Punch|p1a: Absol\n|-damage|p1a: Absol|0 fnt\n|faint|p1a: Absol\n|\n|upkeep\n|\n|t:|1699746483\n|switch|p1a: Marketable Plushie|Mimikyu, M|100\/100\n|turn|4\n|\n|t:|1699746505\n|switch|p2a: Slowbro|Slowbro, F, shiny|100\/100\n|move|p1a: Marketable Plushie|Swords Dance|p1a: Marketable Plushie\n|-boost|p1a: Marketable Plushie|atk|2\n|\n|upkeep\n|turn|5\n|\n|t:|1699746514\n|move|p1a: Marketable Plushie|Trailblaze|p2a: Slowbro\n|-supereffective|p2a: Slowbro\n|-damage|p2a: Slowbro|38\/100\n|-boost|p1a: Marketable Plushie|spe|1\n|-damage|p1a: Marketable Plushie|91\/100|[from] item: Life Orb\n|move|p2a: Slowbro|Scald|p1a: Marketable Plushie\n|-activate|p1a: Marketable Plushie|ability: Disguise\n|-damage|p1a: Marketable Plushie|91\/100\n|-status|p1a: Marketable Plushie|brn\n|detailschange|p1a: Marketable Plushie|Mimikyu-Busted, M\n|-damage|p1a: Marketable Plushie|78\/100 brn|[from] pokemon: Mimikyu-Busted\n|\n|-damage|p1a: Marketable Plushie|72\/100 brn|[from] brn\n|upkeep\n|turn|6\n|\n|t:|1699746526\n|switch|p2a: Ninetales|Ninetales-Alola, F, shiny|100\/100\n|-weather|Snow|[from] ability: Snow Warning|[of] p2a: Ninetales\n|move|p1a: Marketable Plushie|Trailblaze|p2a: Ninetales\n|-damage|p2a: Ninetales|84\/100\n|-boost|p1a: Marketable Plushie|spe|1\n|-damage|p1a: Marketable Plushie|62\/100 brn|[from] item: Life Orb\n|\n|-weather|Snow|[upkeep]\n|-damage|p1a: Marketable Plushie|56\/100 brn|[from] brn\n|upkeep\n|turn|7\n|j| fairlylame\n|\n|t:|1699746554\n|move|p1a: Marketable Plushie|Shadow Sneak|p2a: Ninetales\n|-damage|p2a: Ninetales|65\/100\n|-damage|p1a: Marketable Plushie|46\/100 brn|[from] item: Life Orb\n|move|p2a: Ninetales|Aurora Veil|p2a: Ninetales\n|-sidestart|p2: Celine_Helios|move: Aurora Veil\n|\n|-weather|Snow|[upkeep]\n|-damage|p1a: Marketable Plushie|40\/100 brn|[from] brn\n|upkeep\n|turn|8\n|\n|t:|1699746596\n|move|p1a: Marketable Plushie|Play Rough|p2a: Ninetales\n|-damage|p2a: Ninetales|42\/100\n|-damage|p1a: Marketable Plushie|30\/100 brn|[from] item: Life Orb\n|move|p2a: Ninetales|Blizzard|p1a: Marketable Plushie\n|-damage|p1a: Marketable Plushie|0 fnt\n|faint|p1a: Marketable Plushie\n|\n|-weather|Snow|[upkeep]\n|upkeep\n|\n|t:|1699746614\n|switch|p1a: Coldstop|Heatran, M|100\/100\n|turn|9\n|\n|t:|1699746640\n|switch|p2a: Moltres|Moltres-Galar|100\/100\n|move|p1a: Coldstop|Flash Cannon|p2a: Moltres\n|-damage|p2a: Moltres|83\/100\n|-unboost|p2a: Moltres|spd|1\n|\n|-weather|Snow|[upkeep]\n|upkeep\n|turn|10\n|\n|t:|1699746668\n|switch|p1a: Whimsicott|Whimsicott, M|100\/100\n|move|p2a: Moltres|Agility|p2a: Moltres\n|-boost|p2a: Moltres|spe|2\n|\n|-weather|none\n|upkeep\n|turn|11\n|\n|t:|1699746677\n|move|p1a: Whimsicott|Encore|p2a: Moltres\n|-hint|Since gen 7, Dark is immune to Prankster moves.\n|-immune|p2a: Moltres\n|move|p2a: Moltres|Hurricane|p1a: Whimsicott\n|-supereffective|p1a: Whimsicott\n|-enditem|p1a: Whimsicott|Focus Sash\n|-damage|p1a: Whimsicott|1\/100\n|-start|p1a: Whimsicott|confusion\n|\n|upkeep\n|turn|12\n|\n|t:|1699746699\n|move|p2a: Moltres|Fiery Wrath|p1a: Whimsicott\n|-resisted|p1a: Whimsicott\n|-damage|p1a: Whimsicott|0 fnt\n|faint|p1a: Whimsicott\n|\n|upkeep\n|\n|t:|1699746709\n|switch|p1a: Great Tusk|Great Tusk|100\/100\n|-enditem|p1a: Great Tusk|Booster Energy\n|-activate|p1a: Great Tusk|ability: Protosynthesis|[fromitem]\n|-start|p1a: Great Tusk|protosynthesisspe\n|turn|13\n|\n|t:|1699746722\n|move|p2a: Moltres|Hurricane|p1a: Great Tusk\n|-supereffective|p1a: Great Tusk\n|-damage|p1a: Great Tusk|0 fnt\n|faint|p1a: Great Tusk\n|-end|p1a: Great Tusk|Protosynthesis|[silent]\n|\n|upkeep\n|\n|t:|1699746728\n|switch|p1a: Charizard|Charizard, F|100\/100\n|turn|14\n|\n|t:|1699746733\n|detailschange|p1a: Charizard|Charizard-Mega-X, F\n|-mega|p1a: Charizard|Charizard|Charizardite X\n|move|p2a: Moltres|Fiery Wrath|p1a: Charizard\n|-damage|p1a: Charizard|41\/100\n|move|p1a: Charizard|Flare Blitz|p2a: Moltres\n|-damage|p2a: Moltres|34\/100\n|-damage|p1a: Charizard|22\/100|[from] Recoil\n|-ability|p2a: Moltres|Berserk|boost\n|-boost|p2a: Moltres|spa|1\n|-enditem|p2a: Moltres|Sitrus Berry|[eat]\n|-heal|p2a: Moltres|59\/100|[from] item: Sitrus Berry\n|\n|-sideend|p2: Celine_Helios|move: Aurora Veil\n|upkeep\n|turn|15\n|\n|t:|1699746788\n|move|p2a: Moltres|Fiery Wrath|p1a: Charizard\n|-damage|p1a: Charizard|0 fnt\n|faint|p1a: Charizard\n|\n|upkeep\n|\n|t:|1699746793\n|switch|p1a: Coldstop|Heatran, M|100\/100\n|turn|16\n|\n|t:|1699746813\n|move|p2a: Moltres|Fiery Wrath|p1a: Coldstop\n|-crit|p1a: Coldstop\n|-damage|p1a: Coldstop|11\/100\n|move|p1a: Coldstop|Eruption|p2a: Moltres\n|-crit|p2a: Moltres\n|-damage|p2a: Moltres|44\/100\n|-ability|p2a: Moltres|Berserk|boost\n|-boost|p2a: Moltres|spa|1\n|\n|upkeep\n|turn|17\n|\n|t:|1699746825\n|move|p2a: Moltres|Fiery Wrath|p1a: Coldstop\n|-damage|p1a: Coldstop|0 fnt\n|faint|p1a: Coldstop\n|\n|win|Celine_Helios\n","uploadtime":1699746830,"views":6,"p1id":"theopposum","p2id":"celinehelios","formatid":"gen9nationaldexubers","rating":0,"private":0,"password":""}