{"id":"gen9nationaldexubers-1979202274","p1":"whatdoesalt+f4do","p2":"grass knot zygarde","format":"[Gen 9] National Dex Ubers","log":"|j|\u2606whatdoesalt+f4do\n|j|\u2606grass knot zygarde\n|t:|1698650724\n|gametype|singles\n|player|p1|whatdoesalt+f4do|101|1507\n|player|p2|grass knot zygarde|dawn|1659\n|teamsize|p1|6\n|teamsize|p2|6\n|gen|9\n|tier|[Gen 9] National Dex Ubers\n|rated|\n|rule|HP Percentage Mod: HP is shown in percentages\n|rule|Endless Battle Clause: Forcing endless battles is banned\n|rule|OHKO Clause: OHKO moves are banned\n|rule|Evasion Moves Clause: Evasion moves are banned\n|rule|Evasion Items Clause: Evasion items are banned\n|rule|Species Clause: Limit one of each Pok\u00e9mon\n|rule|Sleep Clause Mod: Limit one foe put to sleep\n|rule|Mega Rayquaza Clause: You cannot mega evolve Rayquaza\n|clearpoke\n|poke|p1|Zacian-*|\n|poke|p1|Smeargle, F|\n|poke|p1|Groudon|\n|poke|p1|Marshadow|\n|poke|p1|Mewtwo|\n|poke|p1|Xerneas-*|\n|poke|p2|Ho-Oh|\n|poke|p2|Tyranitar, M|\n|poke|p2|Chansey, F|\n|poke|p2|Mewtwo|\n|poke|p2|Dondozo, F|\n|poke|p2|Giratina|\n|teampreview\n|inactive|Battle timer is ON: inactive players will automatically lose when time's up. (requested by grass knot zygarde)\n|inactive|grass knot zygarde has 120 seconds left.\n|\n|t:|1698650776\n|start\n|switch|p1a: Groudon|Groudon, shiny|100\/100\n|switch|p2a: Danced in Fiya|Ho-Oh, shiny|100\/100\n|detailschange|p1a: Groudon|Groudon-Primal, shiny\n|-primal|p1a: Groudon|Red Orb\n|-weather|DesolateLand|[from] ability: Desolate Land|[of] p1a: Groudon\n|turn|1\n|\n|t:|1698650785\n|switch|p2a: Hole in the Earth|Giratina, shiny|100\/100\n|-ability|p2a: Hole in the Earth|Pressure\n|move|p1a: Groudon|Stone Edge|p2a: Hole in the Earth\n|-damage|p2a: Hole in the Earth|81\/100\n|\n|-weather|DesolateLand|[upkeep]\n|-heal|p2a: Hole in the Earth|87\/100|[from] item: Leftovers\n|upkeep\n|turn|2\n|\n|t:|1698650791\n|move|p2a: Hole in the Earth|Toxic|p1a: Groudon\n|-status|p1a: Groudon|tox\n|move|p1a: Groudon|Dragon Tail|p2a: Hole in the Earth\n|-supereffective|p2a: Hole in the Earth\n|-damage|p2a: Hole in the Earth|64\/100\n|drag|p2a: Torture|Chansey, F, shiny|100\/100\n|\n|-weather|DesolateLand|[upkeep]\n|-damage|p1a: Groudon|94\/100 tox|[from] psn\n|upkeep\n|turn|3\n|\n|t:|1698650798\n|switch|p2a: Hole in the Earth|Giratina, shiny|64\/100\n|-ability|p2a: Hole in the Earth|Pressure\n|move|p1a: Groudon|Heat Crash|p2a: Hole in the Earth\n|-resisted|p2a: Hole in the Earth\n|-damage|p2a: Hole in the Earth|55\/100\n|\n|-weather|DesolateLand|[upkeep]\n|-heal|p2a: Hole in the Earth|61\/100|[from] item: Leftovers\n|-damage|p1a: Groudon|82\/100 tox|[from] psn\n|upkeep\n|turn|4\n|\n|t:|1698650806\n|-weather|none\n|switch|p1a: Smeargle|Smeargle, F, shiny|100\/100\n|move|p2a: Hole in the Earth|Rest|p2a: Hole in the Earth\n|-status|p2a: Hole in the Earth|slp|[from] move: Rest\n|-heal|p2a: Hole in the Earth|100\/100 slp|[silent]\n|\n|-ability|p1a: Smeargle|Moody|boost\n|-boost|p1a: Smeargle|spa|2\n|-unboost|p1a: Smeargle|def|1\n|upkeep\n|turn|5\n|\n|t:|1698650822\n|switch|p2a: Scoliosaurus|Tyranitar, M, shiny|100\/100\n|-weather|Sandstorm|[from] ability: Sand Stream|[of] p2a: Scoliosaurus\n|move|p1a: Smeargle|Stealth Rock|p2a: Scoliosaurus\n|-sidestart|p2: grass knot zygarde|move: Stealth Rock\n|\n|-weather|Sandstorm|[upkeep]\n|-damage|p1a: Smeargle|95\/100|[from] Sandstorm\n|-ability|p1a: Smeargle|Moody|boost\n|-boost|p1a: Smeargle|def|2\n|-unboost|p1a: Smeargle|spe|1\n|upkeep\n|turn|6\n|\n|t:|1698650833\n|detailschange|p2a: Scoliosaurus|Tyranitar-Mega, M, shiny\n|-mega|p2a: Scoliosaurus|Tyranitar|Tyranitarite\n|move|p1a: Smeargle|Sticky Web|p2a: Scoliosaurus\n|-sidestart|p2: grass knot zygarde|move: Sticky Web\n|move|p2a: Scoliosaurus|Knock Off|p1a: Smeargle\n|-damage|p1a: Smeargle|0 fnt\n|-enditem|p1a: Smeargle|Focus Sash|[from] move: Knock Off|[of] p2a: Scoliosaurus\n|faint|p1a: Smeargle\n|\n|-weather|Sandstorm|[upkeep]\n|upkeep\n|\n|t:|1698650838\n|switch|p1a: Groudon|Groudon-Primal, shiny|82\/100 tox\n|-weather|DesolateLand|[from] ability: Desolate Land|[of] p1a: Groudon\n|turn|7\n|\n|t:|1698650845\n|-weather|none\n|switch|p1a: Xerneas|Xerneas|100\/100\n|-ability|p1a: Xerneas|Fairy Aura\n|switch|p2a: Hole in the Earth|Giratina, shiny|100\/100 slp\n|-damage|p2a: Hole in the Earth|88\/100 slp|[from] Stealth Rock\n|-activate|p2a: Hole in the Earth|move: Sticky Web\n|-unboost|p2a: Hole in the Earth|spe|1\n|-ability|p2a: Hole in the Earth|Pressure\n|\n|-heal|p2a: Hole in the Earth|94\/100 slp|[from] item: Leftovers\n|upkeep\n|turn|8\n|\n|t:|1698650850\n|switch|p2a: Torture|Chansey, F, shiny|100\/100\n|-damage|p2a: Torture|88\/100|[from] Stealth Rock\n|-activate|p2a: Torture|move: Sticky Web\n|-unboost|p2a: Torture|spe|1\n|move|p1a: Xerneas|Geomancy||[still]\n|-prepare|p1a: Xerneas|Geomancy\n|-enditem|p1a: Xerneas|Power Herb\n|-anim|p1a: Xerneas|Geomancy|p1a: Xerneas\n|-boost|p1a: Xerneas|spa|2\n|-boost|p1a: Xerneas|spd|2\n|-boost|p1a: Xerneas|spe|2\n|\n|upkeep\n|turn|9\n|\n|t:|1698650857\n|move|p1a: Xerneas|Moonblast|p2a: Torture\n|-damage|p2a: Torture|56\/100\n|move|p2a: Torture|Soft-Boiled|p2a: Torture\n|-heal|p2a: Torture|100\/100\n|\n|upkeep\n|turn|10\n|\n|t:|1698650865\n|move|p1a: Xerneas|Geomancy||[still]\n|-prepare|p1a: Xerneas|Geomancy\n|move|p2a: Torture|Confide|p1a: Xerneas\n|-unboost|p1a: Xerneas|spa|1\n|\n|upkeep\n|turn|11\n|\n|t:|1698650868\n|move|p1a: Xerneas|Geomancy|p1a: Xerneas|[from]lockedmove\n|-boost|p1a: Xerneas|spa|2\n|-boost|p1a: Xerneas|spd|2\n|-boost|p1a: Xerneas|spe|2\n|move|p2a: Torture|Confide|p1a: Xerneas\n|-unboost|p1a: Xerneas|spa|1\n|\n|upkeep\n|turn|12\n|\n|t:|1698650875\n|move|p1a: Xerneas|Geomancy||[still]\n|-prepare|p1a: Xerneas|Geomancy\n|move|p2a: Torture|Confide|p1a: Xerneas\n|-unboost|p1a: Xerneas|spa|1\n|\n|upkeep\n|turn|13\n|\n|t:|1698650879\n|move|p1a: Xerneas|Geomancy|p1a: Xerneas|[from]lockedmove\n|-boost|p1a: Xerneas|spa|2\n|-boost|p1a: Xerneas|spd|2\n|-boost|p1a: Xerneas|spe|2\n|move|p2a: Torture|Confide|p1a: Xerneas\n|-unboost|p1a: Xerneas|spa|1\n|\n|upkeep\n|turn|14\n|\n|t:|1698650884\n|move|p1a: Xerneas|Moonblast|p2a: Torture\n|-damage|p2a: Torture|64\/100\n|move|p2a: Torture|Confide|p1a: Xerneas\n|-unboost|p1a: Xerneas|spa|1\n|\n|upkeep\n|turn|15\n|\n|t:|1698650889\n|move|p1a: Xerneas|Moonblast|p2a: Torture\n|-damage|p2a: Torture|36\/100\n|-unboost|p2a: Torture|spa|1\n|move|p2a: Torture|Confide|p1a: Xerneas\n|-unboost|p1a: Xerneas|spa|1\n|\n|upkeep\n|turn|16\n|\n|t:|1698650900\n|move|p1a: Xerneas|Moonblast|p2a: Torture\n|-damage|p2a: Torture|20\/100\n|move|p2a: Torture|Soft-Boiled|p2a: Torture\n|-heal|p2a: Torture|70\/100\n|\n|upkeep\n|turn|17\n|\n|t:|1698650905\n|move|p1a: Xerneas|Geomancy||[still]\n|-prepare|p1a: Xerneas|Geomancy\n|move|p2a: Torture|Confide|p1a: Xerneas\n|-unboost|p1a: Xerneas|spa|1\n|\n|upkeep\n|turn|18\n|\n|t:|1698650908\n|move|p1a: Xerneas|Geomancy|p1a: Xerneas|[from]lockedmove\n|-boost|p1a: Xerneas|spa|2\n|-boost|p1a: Xerneas|spd|0\n|-boost|p1a: Xerneas|spe|0\n|move|p2a: Torture|Confide|p1a: Xerneas\n|-unboost|p1a: Xerneas|spa|1\n|\n|upkeep\n|turn|19\n|\n|t:|1698650926\n|switch|p1a: Marshadow|Marshadow|100\/100\n|move|p2a: Torture|Confide|p1a: Marshadow\n|-unboost|p1a: Marshadow|spa|1\n|\n|upkeep\n|turn|20\n|\n|t:|1698650935\n|switch|p2a: idk who this is|Dondozo, F, shiny|100\/100\n|-damage|p2a: idk who this is|88\/100|[from] Stealth Rock\n|-activate|p2a: idk who this is|move: Sticky Web\n|-unboost|p2a: idk who this is|spe|1\n|move|p1a: Marshadow|Bulk Up|p1a: Marshadow\n|-boost|p1a: Marshadow|atk|1\n|-boost|p1a: Marshadow|def|1\n|\n|-heal|p2a: idk who this is|94\/100|[from] item: Leftovers\n|upkeep\n|turn|21\n|\n|t:|1698650941\n|-zpower|p1a: Marshadow\n|move|p1a: Marshadow|Soul-Stealing 7-Star Strike|p2a: idk who this is|[zeffect]\n|-damage|p2a: idk who this is|50\/100\n|move|p2a: idk who this is|Curse|p2a: idk who this is\n|-unboost|p2a: idk who this is|spe|1\n|-boost|p2a: idk who this is|atk|1\n|-boost|p2a: idk who this is|def|1\n|\n|-heal|p2a: idk who this is|56\/100|[from] item: Leftovers\n|upkeep\n|turn|22\n|\n|t:|1698650956\n|move|p1a: Marshadow|Spectral Thief||[still]\n|-clearpositiveboost|p2a: idk who this is|p1a: Marshadow|move: Spectral Thief\n|-boost|p1a: Marshadow|atk|1\n|-boost|p1a: Marshadow|def|1\n|-anim|p1a: Marshadow|Spectral Thief|p2a: idk who this is\n|-damage|p2a: idk who this is|36\/100\n|move|p2a: idk who this is|Rest|p2a: idk who this is\n|-status|p2a: idk who this is|slp|[from] move: Rest\n|-heal|p2a: idk who this is|100\/100 slp|[silent]\n|\n|upkeep\n|turn|23\n|\n|t:|1698650971\n|switch|p1a: Xerneas|Xerneas|100\/100\n|-ability|p1a: Xerneas|Fairy Aura\n|cant|p2a: idk who this is|slp\n|\n|upkeep\n|turn|24\n|\n|t:|1698650974\n|switch|p2a: Torture|Chansey, F, shiny|70\/100\n|-damage|p2a: Torture|57\/100|[from] Stealth Rock\n|-activate|p2a: Torture|move: Sticky Web\n|-unboost|p2a: Torture|spe|1\n|move|p1a: Xerneas|Geomancy||[still]\n|-prepare|p1a: Xerneas|Geomancy\n|\n|upkeep\n|turn|25\n|\n|t:|1698650980\n|move|p1a: Xerneas|Geomancy|p1a: Xerneas|[from]lockedmove\n|-boost|p1a: Xerneas|spa|2\n|-boost|p1a: Xerneas|spd|2\n|-boost|p1a: Xerneas|spe|2\n|move|p2a: Torture|Soft-Boiled|p2a: Torture\n|-heal|p2a: Torture|100\/100\n|\n|upkeep\n|turn|26\n|\n|t:|1698650985\n|move|p1a: Xerneas|Moonblast|p2a: Torture\n|-crit|p2a: Torture\n|-damage|p2a: Torture|47\/100\n|move|p2a: Torture|Confide|p1a: Xerneas\n|-unboost|p1a: Xerneas|spa|1\n|\n|upkeep\n|turn|27\n|\n|t:|1698651003\n|move|p1a: Xerneas|Moonblast|p2a: Torture\n|-damage|p2a: Torture|20\/100\n|move|p2a: Torture|Soft-Boiled|p2a: Torture\n|-heal|p2a: Torture|70\/100\n|\n|upkeep\n|turn|28\n|\n|t:|1698651008\n|move|p1a: Xerneas|Geomancy||[still]\n|-prepare|p1a: Xerneas|Geomancy\n|move|p2a: Torture|Heal Bell|p2a: Torture\n|-activate|p2a: Torture|move: Heal Bell\n|-curestatus|p2: Hole in the Earth|slp|[msg]\n|-curestatus|p2: idk who this is|slp|[msg]\n|\n|upkeep\n|turn|29\n|\n|t:|1698651018\n|move|p1a: Xerneas|Geomancy|p1a: Xerneas|[from]lockedmove\n|-boost|p1a: Xerneas|spa|2\n|-boost|p1a: Xerneas|spd|2\n|-boost|p1a: Xerneas|spe|2\n|move|p2a: Torture|Confide|p1a: Xerneas\n|-unboost|p1a: Xerneas|spa|1\n|\n|upkeep\n|turn|30\n|\n|t:|1698651022\n|move|p1a: Xerneas|Moonblast|p2a: Torture\n|-damage|p2a: Torture|36\/100\n|move|p2a: Torture|Soft-Boiled|p2a: Torture\n|-heal|p2a: Torture|86\/100\n|\n|upkeep\n|turn|31\n|\n|t:|1698651026\n|move|p1a: Xerneas|Moonblast|p2a: Torture\n|-damage|p2a: Torture|51\/100\n|-unboost|p2a: Torture|spa|1\n|move|p2a: Torture|Confide|p1a: Xerneas\n|-unboost|p1a: Xerneas|spa|1\n|\n|upkeep\n|turn|32\n|\n|t:|1698651031\n|move|p1a: Xerneas|Moonblast|p2a: Torture\n|-damage|p2a: Torture|24\/100\n|-unboost|p2a: Torture|spa|1\n|move|p2a: Torture|Confide|p1a: Xerneas\n|-unboost|p1a: Xerneas|spa|1\n|\n|upkeep\n|turn|33\n|\n|t:|1698651035\n|move|p1a: Xerneas|Moonblast|p2a: Torture\n|-damage|p2a: Torture|8\/100\n|move|p2a: Torture|Soft-Boiled|p2a: Torture\n|-heal|p2a: Torture|58\/100\n|\n|upkeep\n|turn|34\n|c|\u2606whatdoesalt+f4do|fianly lol\n|c|\u2606whatdoesalt+f4do|o\n|\n|t:|1698651051\n|move|p1a: Xerneas|Geomancy||[still]\n|-prepare|p1a: Xerneas|Geomancy\n|move|p2a: Torture|Confide|p1a: Xerneas\n|-unboost|p1a: Xerneas|spa|1\n|\n|upkeep\n|turn|35\n|\n|t:|1698651055\n|move|p1a: Xerneas|Geomancy|p1a: Xerneas|[from]lockedmove\n|-boost|p1a: Xerneas|spa|2\n|-boost|p1a: Xerneas|spd|2\n|-boost|p1a: Xerneas|spe|2\n|move|p2a: Torture|Confide|p1a: Xerneas\n|-unboost|p1a: Xerneas|spa|1\n|\n|upkeep\n|turn|36\n|\n|t:|1698651063\n|move|p1a: Xerneas|Moonblast|p2a: Torture\n|-damage|p2a: Torture|39\/100\n|move|p2a: Torture|Confide|p1a: Xerneas\n|-unboost|p1a: Xerneas|spa|1\n|\n|upkeep\n|turn|37\n|\n|t:|1698651081\n|switch|p1a: Zacian|Zacian-Crowned, shiny|100\/100\n|-ability|p1a: Zacian|Intrepid Sword|boost\n|-boost|p1a: Zacian|atk|1\n|move|p2a: Torture|Soft-Boiled|p2a: Torture\n|-heal|p2a: Torture|89\/100\n|\n|upkeep\n|turn|38\n|\n|t:|1698651100\n|switch|p2a: idk who this is|Dondozo, F, shiny|100\/100\n|-damage|p2a: idk who this is|88\/100|[from] Stealth Rock\n|-activate|p2a: idk who this is|move: Sticky Web\n|-unboost|p2a: idk who this is|spe|1\n|move|p1a: Zacian|Play Rough|p2a: idk who this is|[miss]\n|-miss|p1a: Zacian|p2a: idk who this is\n|\n|-heal|p2a: idk who this is|94\/100|[from] item: Leftovers\n|upkeep\n|turn|39\n|\n|t:|1698651107\n|move|p1a: Zacian|Wild Charge|p2a: idk who this is\n|-supereffective|p2a: idk who this is\n|-damage|p2a: idk who this is|60\/100\n|-damage|p1a: Zacian|87\/100|[from] Recoil\n|move|p2a: idk who this is|Liquidation|p1a: Zacian\n|-damage|p1a: Zacian|58\/100\n|\n|-heal|p2a: idk who this is|67\/100|[from] item: Leftovers\n|upkeep\n|turn|40\n|\n|t:|1698651116\n|switch|p1a: Xerneas|Xerneas|100\/100\n|-ability|p1a: Xerneas|Fairy Aura\n|move|p2a: idk who this is|Rest|p2a: idk who this is\n|-status|p2a: idk who this is|slp|[from] move: Rest\n|-heal|p2a: idk who this is|100\/100 slp|[silent]\n|\n|upkeep\n|turn|41\n|\n|t:|1698651122\n|switch|p1a: Marshadow|Marshadow|100\/100\n|switch|p2a: Torture|Chansey, F, shiny|89\/100\n|-damage|p2a: Torture|77\/100|[from] Stealth Rock\n|-activate|p2a: Torture|move: Sticky Web\n|-unboost|p2a: Torture|spe|1\n|\n|upkeep\n|turn|42\n|\n|t:|1698651127\n|switch|p2a: Danced in Fiya|Ho-Oh, shiny|100\/100\n|move|p1a: Marshadow|Bulk Up|p1a: Marshadow\n|-boost|p1a: Marshadow|atk|1\n|-boost|p1a: Marshadow|def|1\n|\n|upkeep\n|turn|43\n|\n|t:|1698651133\n|switch|p2a: idk who this is|Dondozo, F, shiny|100\/100 slp\n|-damage|p2a: idk who this is|88\/100 slp|[from] Stealth Rock\n|-activate|p2a: idk who this is|move: Sticky Web\n|-unboost|p2a: idk who this is|spe|1\n|move|p1a: Marshadow|Spectral Thief|p2a: idk who this is\n|-damage|p2a: idk who this is|69\/100 slp\n|\n|-heal|p2a: idk who this is|75\/100 slp|[from] item: Leftovers\n|upkeep\n|turn|44\n|\n|t:|1698651141\n|switch|p1a: Mewtwo|Mewtwo, shiny|100\/100\n|-ability|p1a: Mewtwo|Pressure\n|cant|p2a: idk who this is|slp\n|\n|-heal|p2a: idk who this is|81\/100 slp|[from] item: Leftovers\n|upkeep\n|turn|45\n|\n|t:|1698651159\n|switch|p2a: Scoliosaurus|Tyranitar-Mega, M, shiny|100\/100\n|-damage|p2a: Scoliosaurus|88\/100|[from] Stealth Rock\n|-activate|p2a: Scoliosaurus|move: Sticky Web\n|-unboost|p2a: Scoliosaurus|spe|1\n|-weather|Sandstorm|[from] ability: Sand Stream|[of] p2a: Scoliosaurus\n|detailschange|p1a: Mewtwo|Mewtwo-Mega-Y, shiny\n|-mega|p1a: Mewtwo|Mewtwo|Mewtwonite Y\n|move|p1a: Mewtwo|Focus Blast|p2a: Scoliosaurus\n|-supereffective|p2a: Scoliosaurus\n|-damage|p2a: Scoliosaurus|1\/100\n|\n|-weather|Sandstorm|[upkeep]\n|-damage|p1a: Mewtwo|94\/100|[from] Sandstorm\n|upkeep\n|turn|46\n|\n|t:|1698651175\n|move|p1a: Mewtwo|Ice Beam|p2a: Scoliosaurus\n|-damage|p2a: Scoliosaurus|0 fnt\n|faint|p2a: Scoliosaurus\n|\n|-weather|Sandstorm|[upkeep]\n|-damage|p1a: Mewtwo|88\/100|[from] Sandstorm\n|upkeep\n|\n|t:|1698651177\n|switch|p2a: Danced in Fiya|Ho-Oh, shiny|100\/100\n|turn|47\n|\n|t:|1698651181\n|move|p1a: Mewtwo|Psystrike|p2a: Danced in Fiya\n|-damage|p2a: Danced in Fiya|51\/100\n|move|p2a: Danced in Fiya|Sacred Fire|p1a: Mewtwo\n|-damage|p1a: Mewtwo|38\/100\n|\n|-weather|Sandstorm|[upkeep]\n|-damage|p1a: Mewtwo|32\/100|[from] Sandstorm\n|-damage|p2a: Danced in Fiya|45\/100|[from] Sandstorm\n|upkeep\n|turn|48\n|\n|t:|1698651198\n|switch|p2a: Prosthetic Legs|Mewtwo, shiny|100\/100\n|-damage|p2a: Prosthetic Legs|88\/100|[from] Stealth Rock\n|-activate|p2a: Prosthetic Legs|move: Sticky Web\n|-unboost|p2a: Prosthetic Legs|spe|1\n|-ability|p2a: Prosthetic Legs|Pressure\n|move|p1a: Mewtwo|Psystrike|p2a: Prosthetic Legs\n|-resisted|p2a: Prosthetic Legs\n|-damage|p2a: Prosthetic Legs|54\/100\n|\n|-weather|Sandstorm|[upkeep]\n|-damage|p1a: Mewtwo|26\/100|[from] Sandstorm\n|-damage|p2a: Prosthetic Legs|48\/100|[from] Sandstorm\n|upkeep\n|turn|49\n|\n|t:|1698651206\n|move|p1a: Mewtwo|Shadow Ball|p2a: Prosthetic Legs\n|-supereffective|p2a: Prosthetic Legs\n|-damage|p2a: Prosthetic Legs|0 fnt\n|faint|p2a: Prosthetic Legs\n|\n|-weather|none\n|upkeep\n|\n|t:|1698651210\n|switch|p2a: Danced in Fiya|Ho-Oh, shiny|78\/100\n|turn|50\n|\n|t:|1698651214\n|move|p1a: Mewtwo|Psystrike|p2a: Danced in Fiya\n|-damage|p2a: Danced in Fiya|32\/100\n|move|p2a: Danced in Fiya|Sacred Fire|p1a: Mewtwo\n|-damage|p1a: Mewtwo|0 fnt\n|faint|p1a: Mewtwo\n|\n|upkeep\n|\n|t:|1698651222\n|switch|p1a: Zacian|Zacian-Crowned, shiny|58\/100\n|turn|51\n|\n|t:|1698651224\n|switch|p2a: idk who this is|Dondozo, F, shiny|81\/100 slp\n|-damage|p2a: idk who this is|69\/100 slp|[from] Stealth Rock\n|-activate|p2a: idk who this is|move: Sticky Web\n|-unboost|p2a: idk who this is|spe|1\n|move|p1a: Zacian|Wild Charge|p2a: idk who this is\n|-supereffective|p2a: idk who this is\n|-damage|p2a: idk who this is|32\/100 slp\n|-damage|p1a: Zacian|44\/100|[from] Recoil\n|\n|-heal|p2a: idk who this is|38\/100 slp|[from] item: Leftovers\n|upkeep\n|turn|52\n|\n|t:|1698651239\n|move|p1a: Zacian|Wild Charge|p2a: idk who this is\n|-supereffective|p2a: idk who this is\n|-damage|p2a: idk who this is|3\/100 slp\n|-damage|p1a: Zacian|30\/100|[from] Recoil\n|cant|p2a: idk who this is|slp\n|\n|-heal|p2a: idk who this is|9\/100 slp|[from] item: Leftovers\n|upkeep\n|turn|53\n|\n|t:|1698651255\n|move|p1a: Zacian|Wild Charge|p2a: idk who this is\n|-supereffective|p2a: idk who this is\n|-damage|p2a: idk who this is|0 fnt\n|faint|p2a: idk who this is\n|-damage|p1a: Zacian|27\/100|[from] Recoil\n|\n|upkeep\n|\n|t:|1698651262\n|switch|p2a: Danced in Fiya|Ho-Oh, shiny|66\/100\n|turn|54\n|\n|t:|1698651268\n|-terastallize|p2a: Danced in Fiya|Ground\n|move|p1a: Zacian|Wild Charge|p2a: Danced in Fiya\n|-immune|p2a: Danced in Fiya\n|move|p2a: Danced in Fiya|Sacred Fire|p1a: Zacian|[miss]\n|-miss|p2a: Danced in Fiya|p1a: Zacian\n|\n|upkeep\n|turn|55\n|c|\u2606grass knot zygarde|thats 95% accuracy\n|c|\u2606grass knot zygarde|come on\n|\n|t:|1698651287\n|-terastallize|p1a: Zacian|Fighting\n|move|p1a: Zacian|Close Combat|p2a: Danced in Fiya\n|-damage|p2a: Danced in Fiya|19\/100\n|-unboost|p1a: Zacian|def|1\n|-unboost|p1a: Zacian|spd|1\n|move|p2a: Danced in Fiya|Sacred Fire|p1a: Zacian\n|-damage|p1a: Zacian|0 fnt\n|faint|p1a: Zacian\n|\n|upkeep\n|\n|t:|1698651297\n|switch|p1a: Marshadow|Marshadow|100\/100\n|turn|56\n|\n|t:|1698651301\n|switch|p2a: Hole in the Earth|Giratina, shiny|94\/100\n|-damage|p2a: Hole in the Earth|82\/100|[from] Stealth Rock\n|-activate|p2a: Hole in the Earth|move: Sticky Web\n|-unboost|p2a: Hole in the Earth|spe|1\n|-ability|p2a: Hole in the Earth|Pressure\n|move|p1a: Marshadow|Spectral Thief|p2a: Hole in the Earth\n|-supereffective|p2a: Hole in the Earth\n|-damage|p2a: Hole in the Earth|39\/100\n|\n|-heal|p2a: Hole in the Earth|45\/100|[from] item: Leftovers\n|upkeep\n|turn|57\n|j| ufuf9ufu9\n|\n|t:|1698651322\n|move|p1a: Marshadow|Bulk Up|p1a: Marshadow\n|-boost|p1a: Marshadow|atk|1\n|-boost|p1a: Marshadow|def|1\n|move|p2a: Hole in the Earth|Dragon Tail|p1a: Marshadow\n|-damage|p1a: Marshadow|83\/100\n|drag|p1a: Groudon|Groudon-Primal, shiny|82\/100 tox\n|-weather|DesolateLand|[from] ability: Desolate Land|[of] p1a: Groudon\n|\n|-weather|DesolateLand|[upkeep]\n|-heal|p2a: Hole in the Earth|51\/100|[from] item: Leftovers\n|-damage|p1a: Groudon|76\/100 tox|[from] psn\n|upkeep\n|turn|58\n|\n|t:|1698651333\n|-weather|none\n|switch|p1a: Xerneas|Xerneas|100\/100\n|-ability|p1a: Xerneas|Fairy Aura\n|move|p2a: Hole in the Earth|Defog|p1a: Xerneas\n|-unboost|p1a: Xerneas|evasion|1\n|-sideend|p2: grass knot zygarde|Stealth Rock|[from] move: Defog|[of] p2a: Hole in the Earth\n|-sideend|p2: grass knot zygarde|Sticky Web|[from] move: Defog|[of] p2a: Hole in the Earth\n|\n|-heal|p2a: Hole in the Earth|57\/100|[from] item: Leftovers\n|upkeep\n|turn|59\n|\n|t:|1698651345\n|switch|p2a: Danced in Fiya|Ho-Oh, shiny, tera:Ground|52\/100\n|move|p1a: Xerneas|Moonblast|p2a: Danced in Fiya\n|-damage|p2a: Danced in Fiya|18\/100\n|-unboost|p2a: Danced in Fiya|spa|1\n|\n|upkeep\n|turn|60\n|c|\u2606whatdoesalt+f4do|come on\n|\n|t:|1698651352\n|switch|p2a: Torture|Chansey, F, shiny|77\/100\n|move|p1a: Xerneas|Moonblast|p2a: Torture\n|-damage|p2a: Torture|61\/100\n|-unboost|p2a: Torture|spa|1\n|\n|upkeep\n|turn|61\n|\n|t:|1698651359\n|switch|p1a: Marshadow|Marshadow|83\/100\n|move|p2a: Torture|Confide|p1a: Marshadow\n|-unboost|p1a: Marshadow|spa|1\n|\n|upkeep\n|turn|62\n|\n|t:|1698651365\n|switch|p2a: Danced in Fiya|Ho-Oh, shiny, tera:Ground|51\/100\n|move|p1a: Marshadow|Bulk Up|p1a: Marshadow\n|-boost|p1a: Marshadow|atk|1\n|-boost|p1a: Marshadow|def|1\n|\n|upkeep\n|turn|63\n|\n|t:|1698651371\n|move|p1a: Marshadow|Spectral Thief|p2a: Danced in Fiya\n|-damage|p2a: Danced in Fiya|6\/100\n|move|p2a: Danced in Fiya|Whirlwind|p1a: Marshadow\n|drag|p1a: Xerneas|Xerneas|100\/100\n|-ability|p1a: Xerneas|Fairy Aura\n|\n|upkeep\n|turn|64\n|\n|t:|1698651379\n|switch|p2a: Torture|Chansey, F, shiny|61\/100\n|move|p1a: Xerneas|Moonblast|p2a: Torture\n|-damage|p2a: Torture|44\/100\n|\n|upkeep\n|turn|65\n|\n|t:|1698651384\n|switch|p1a: Marshadow|Marshadow|83\/100\n|move|p2a: Torture|Soft-Boiled|p2a: Torture\n|-heal|p2a: Torture|94\/100\n|\n|upkeep\n|turn|66\n|\n|t:|1698651388\n|switch|p2a: Hole in the Earth|Giratina, shiny|57\/100\n|-ability|p2a: Hole in the Earth|Pressure\n|move|p1a: Marshadow|Bulk Up|p1a: Marshadow\n|-boost|p1a: Marshadow|atk|1\n|-boost|p1a: Marshadow|def|1\n|\n|-heal|p2a: Hole in the Earth|63\/100|[from] item: Leftovers\n|upkeep\n|turn|67\n|\n|t:|1698651395\n|move|p1a: Marshadow|Spectral Thief|p2a: Hole in the Earth\n|-supereffective|p2a: Hole in the Earth\n|-damage|p2a: Hole in the Earth|1\/100\n|move|p2a: Hole in the Earth|Dragon Tail|p1a: Marshadow\n|-damage|p1a: Marshadow|66\/100\n|drag|p1a: Xerneas|Xerneas|100\/100\n|-ability|p1a: Xerneas|Fairy Aura\n|\n|-heal|p2a: Hole in the Earth|8\/100|[from] item: Leftovers\n|upkeep\n|turn|68\n|\n|t:|1698651404\n|move|p1a: Xerneas|Moonblast|p2a: Hole in the Earth\n|-supereffective|p2a: Hole in the Earth\n|-damage|p2a: Hole in the Earth|0 fnt\n|faint|p2a: Hole in the Earth\n|\n|upkeep\n|\n|t:|1698651408\n|switch|p2a: Danced in Fiya|Ho-Oh, shiny, tera:Ground|39\/100\n|turn|69\n|\n|t:|1698651412\n|switch|p2a: Torture|Chansey, F, shiny|94\/100\n|move|p1a: Xerneas|Grass Knot|p2a: Torture\n|-damage|p2a: Torture|88\/100\n|\n|upkeep\n|turn|70\n|\n|t:|1698651418\n|switch|p1a: Marshadow|Marshadow|66\/100\n|move|p2a: Torture|Seismic Toss|p1a: Marshadow\n|-immune|p1a: Marshadow\n|\n|upkeep\n|turn|71\n|l| ufuf9ufu9\n|c|\u2606whatdoesalt+f4do|why tf do u have confide on that thing\n|\n|t:|1698651442\n|switch|p2a: Danced in Fiya|Ho-Oh, shiny, tera:Ground|72\/100\n|move|p1a: Marshadow|Bulk Up|p1a: Marshadow\n|-boost|p1a: Marshadow|atk|1\n|-boost|p1a: Marshadow|def|1\n|\n|upkeep\n|turn|72\n|\n|t:|1698651447\n|move|p1a: Marshadow|Close Combat|p2a: Danced in Fiya\n|-damage|p2a: Danced in Fiya|10\/100\n|-unboost|p1a: Marshadow|def|1\n|-unboost|p1a: Marshadow|spd|1\n|move|p2a: Danced in Fiya|Sacred Fire|p1a: Marshadow\n|-damage|p1a: Marshadow|17\/100\n|\n|upkeep\n|turn|73\n|c|\u2606whatdoesalt+f4do|arent there better moves\n|c|\u2606whatdoesalt+f4do|gg\n|c|\u2606grass knot zygarde|to specifically stop xerneas\n|\n|t:|1698651463\n|move|p1a: Marshadow|Close Combat|p2a: Danced in Fiya\n|-damage|p2a: Danced in Fiya|0 fnt\n|-unboost|p1a: Marshadow|def|1\n|-unboost|p1a: Marshadow|spd|1\n|faint|p2a: Danced in Fiya\n|\n|upkeep\n|\n|t:|1698651467\n|switch|p2a: Torture|Chansey, F, shiny|88\/100\n|turn|74\n|c|\u2606whatdoesalt+f4do|doesnt learn encore or anything?\n|c|\u2606grass knot zygarde|no\n|c|\u2606whatdoesalt+f4do|sadge\n|c|\u2606grass knot zygarde|mannn i lose my elo again\n|\n|t:|1698651485\n|move|p1a: Marshadow|Close Combat|p2a: Torture\n|-supereffective|p2a: Torture\n|-damage|p2a: Torture|0 fnt\n|-unboost|p1a: Marshadow|def|1\n|-unboost|p1a: Marshadow|spd|1\n|faint|p2a: Torture\n|\n|win|whatdoesalt+f4do\n|raw|whatdoesalt+f4do's rating: 1507 &rarr; <strong>1535<\/strong><br \/>(+28 for winning)\n|raw|grass knot zygarde's rating: 1659 &rarr; <strong>1631<\/strong><br \/>(-28 for losing)\n","uploadtime":1698651513,"views":16,"p1id":"whatdoesaltf4do","p2id":"grassknotzygarde","formatid":"gen9nationaldexubers","rating":1535,"private":0,"password":""}