{"id":"gen9nationaldexubers-1996592395","p1":"execfist2","p2":"bloodmoonmenace","format":"[Gen 9] National Dex Ubers","log":"|j|\u2606execfist2\n|j|\u2606bloodmoonmenace\n|t:|1700698126\n|gametype|singles\n|player|p1|execfist2|170|1371\n|player|p2|bloodmoonmenace|iris-gen5bw2|1374\n|teamsize|p1|6\n|teamsize|p2|6\n|gen|9\n|tier|[Gen 9] National Dex Ubers\n|rated|\n|rule|HP Percentage Mod: HP is shown in percentages\n|rule|Endless Battle Clause: Forcing endless battles is banned\n|rule|OHKO Clause: OHKO moves are banned\n|rule|Evasion Moves Clause: Evasion moves are banned\n|rule|Evasion Items Clause: Evasion items are banned\n|rule|Species Clause: Limit one of each Pok\u00e9mon\n|rule|Sleep Clause Mod: Limit one foe put to sleep\n|rule|Mega Rayquaza Clause: You cannot mega evolve Rayquaza\n|clearpoke\n|poke|p1|Flutter Mane|\n|poke|p1|Groudon|\n|poke|p1|Yveltal|\n|poke|p1|Mewtwo|\n|poke|p1|Kingambit, F|\n|poke|p1|Eternatus|\n|poke|p2|Okidogi, M|\n|poke|p2|Flutter Mane|\n|poke|p2|Kingambit, F|\n|poke|p2|Alakazam, M|\n|poke|p2|Rotom-Wash|\n|poke|p2|Ogerpon-Hearthflame, F|\n|teampreview\n|inactive|Battle timer is ON: inactive players will automatically lose when time's up. (requested by execfist2)\n|j| Pzduckalt\n|c|\u2606bloodmoonmenace|glhf\n|\n|t:|1700698144\n|start\n|switch|p1a: Eternatus|Eternatus|100\/100\n|switch|p2a: Okidogi|Okidogi, M|100\/100\n|-ability|p1a: Eternatus|Pressure\n|turn|1\n|c| Pzduckalt|J\n|\n|t:|1700698151\n|move|p1a: Eternatus|Dynamax Cannon|p2a: Okidogi\n|-crit|p2a: Okidogi\n|-damage|p2a: Okidogi|18\/100\n|move|p2a: Okidogi|Knock Off|p1a: Eternatus\n|-damage|p1a: Eternatus|75\/100\n|-enditem|p1a: Eternatus|Leftovers|[from] move: Knock Off|[of] p2a: Okidogi\n|\n|-heal|p2a: Okidogi|24\/100|[from] item: Leftovers\n|upkeep\n|turn|2\n|inactive|bloodmoonmenace has 120 seconds left.\n|c| Pzduckalt|Hi\n|\n|t:|1700698182\n|switch|p2a: Flutter Mane|Flutter Mane|100\/100\n|move|p1a: Eternatus|Sludge Wave|p2a: Flutter Mane\n|-damage|p2a: Flutter Mane|51\/100\n|\n|upkeep\n|turn|3\n|\n|t:|1700698193\n|move|p2a: Flutter Mane|Calm Mind|p2a: Flutter Mane\n|-boost|p2a: Flutter Mane|spa|1\n|-boost|p2a: Flutter Mane|spd|1\n|move|p1a: Eternatus|Sludge Wave|p2a: Flutter Mane\n|-damage|p2a: Flutter Mane|21\/100\n|\n|upkeep\n|turn|4\n|\n|t:|1700698201\n|move|p2a: Flutter Mane|Psyshock|p1a: Eternatus\n|-supereffective|p1a: Eternatus\n|-damage|p1a: Eternatus|0 fnt\n|faint|p1a: Eternatus\n|-damage|p2a: Flutter Mane|11\/100|[from] item: Life Orb\n|\n|upkeep\n|\n|t:|1700698207\n|switch|p1a: Flutter Mane|Flutter Mane|100\/100\n|-enditem|p1a: Flutter Mane|Booster Energy\n|-activate|p1a: Flutter Mane|ability: Protosynthesis|[fromitem]\n|-start|p1a: Flutter Mane|protosynthesisspe\n|turn|5\n|\n|t:|1700698216\n|-end|p2a: Flutter Mane|Protosynthesis|[silent]\n|switch|p2a: Okidogi|Okidogi, M|24\/100\n|move|p1a: Flutter Mane|Shadow Ball|p2a: Okidogi\n|-damage|p2a: Okidogi|0 fnt\n|faint|p2a: Okidogi\n|\n|upkeep\n|\n|t:|1700698222\n|switch|p2a: Kingambit|Kingambit, F|100\/100\n|-activate|p2a: Kingambit|ability: Supreme Overlord\n|-start|p2a: Kingambit|fallen1|[silent]\n|turn|6\n|\n|t:|1700698226\n|move|p1a: Flutter Mane|Mystical Fire|p2a: Kingambit\n|-supereffective|p2a: Kingambit\n|-damage|p2a: Kingambit|51\/100\n|-unboost|p2a: Kingambit|spa|1\n|move|p2a: Kingambit|Pursuit|p1a: Flutter Mane\n|-damage|p1a: Flutter Mane|29\/100\n|\n|upkeep\n|turn|7\n|\n|t:|1700698232\n|move|p2a: Kingambit|Sucker Punch|p1a: Flutter Mane\n|-damage|p1a: Flutter Mane|0 fnt\n|faint|p1a: Flutter Mane\n|-end|p1a: Flutter Mane|Protosynthesis|[silent]\n|\n|upkeep\n|\n|t:|1700698238\n|switch|p1a: Groudon|Groudon|100\/100\n|detailschange|p1a: Groudon|Groudon-Primal\n|-primal|p1a: Groudon|Red Orb\n|-weather|DesolateLand|[from] ability: Desolate Land|[of] p1a: Groudon\n|turn|8\n|\n|t:|1700698245\n|-end|p2a: Kingambit|fallen1|[silent]\n|switch|p2a: Rotom|Rotom-Wash|100\/100\n|move|p1a: Groudon|Rock Polish|p1a: Groudon\n|-boost|p1a: Groudon|spe|2\n|\n|-weather|DesolateLand|[upkeep]\n|upkeep\n|turn|9\n|inactive|bloodmoonmenace has 120 seconds left.\n|\n|t:|1700698280\n|move|p1a: Groudon|Heat Crash|p2a: Rotom\n|-resisted|p2a: Rotom\n|-damage|p2a: Rotom|10\/100\n|move|p2a: Rotom|Volt Switch|p1a: Groudon\n|-immune|p1a: Groudon\n|\n|-weather|DesolateLand|[upkeep]\n|upkeep\n|turn|10\n|\n|t:|1700698285\n|move|p1a: Groudon|Heat Crash|p2a: Rotom\n|-resisted|p2a: Rotom\n|-damage|p2a: Rotom|0 fnt\n|faint|p2a: Rotom\n|\n|-weather|DesolateLand|[upkeep]\n|upkeep\n|\n|t:|1700698291\n|switch|p2a: Ogerpon|Ogerpon-Hearthflame, F|100\/100\n|-ability|p2a: Ogerpon|Mold Breaker\n|turn|11\n|inactive|bloodmoonmenace has 120 seconds left.\n|\n|t:|1700698315\n|move|p1a: Groudon|Heat Crash|p2a: Ogerpon\n|-damage|p2a: Ogerpon|0 fnt\n|faint|p2a: Ogerpon\n|\n|-weather|DesolateLand|[upkeep]\n|upkeep\n|inactive|bloodmoonmenace has 120 seconds left.\n|\n|t:|1700698322\n|switch|p2a: Kingambit|Kingambit, F|51\/100\n|-activate|p2a: Kingambit|ability: Supreme Overlord\n|-start|p2a: Kingambit|fallen3|[silent]\n|turn|12\n|\n|t:|1700698327\n|-end|p2a: Kingambit|fallen3|[silent]\n|switch|p2a: Flutter Mane|Flutter Mane|11\/100\n|move|p1a: Groudon|Heat Crash|p2a: Flutter Mane\n|-damage|p2a: Flutter Mane|0 fnt\n|faint|p2a: Flutter Mane\n|-end|p2a: Flutter Mane|Protosynthesis|[silent]\n|\n|-weather|DesolateLand|[upkeep]\n|upkeep\n|\n|t:|1700698330\n|switch|p2a: Alakazam|Alakazam, M|100\/100\n|turn|13\n|\n|t:|1700698334\n|detailschange|p2a: Alakazam|Alakazam-Mega, M\n|-mega|p2a: Alakazam|Alakazam|Alakazite\n|-ability|p2a: Alakazam|Desolate Land|[from] ability: Trace|[of] p1a: Groudon\n|move|p1a: Groudon|Heat Crash|p2a: Alakazam\n|-crit|p2a: Alakazam\n|-damage|p2a: Alakazam|0 fnt\n|faint|p2a: Alakazam\n|\n|-weather|DesolateLand|[upkeep]\n|upkeep\n|\n|t:|1700698341\n|switch|p2a: Kingambit|Kingambit, F|51\/100\n|-activate|p2a: Kingambit|ability: Supreme Overlord\n|-start|p2a: Kingambit|fallen5|[silent]\n|turn|14\n|\n|t:|1700698347\n|-terastallize|p2a: Kingambit|Fairy\n|move|p2a: Kingambit|Sucker Punch|p1a: Groudon\n|-damage|p1a: Groudon|54\/100\n|move|p1a: Groudon|Heat Crash|p2a: Kingambit\n|-damage|p2a: Kingambit|0 fnt\n|faint|p2a: Kingambit\n|-end|p2a: Kingambit|fallen5|[silent]\n|\n|win|execfist2\n|raw|execfist2's rating: 1371 &rarr; <strong>1391<\/strong><br \/>(+20 for winning)\n|raw|bloodmoonmenace's rating: 1374 &rarr; <strong>1354<\/strong><br \/>(-20 for losing)\n|c|\u2606execfist2|Gg\n|c| Pzduckalt|Wow\n|c|\u2606execfist2|Pdon go brrr\n","uploadtime":1700698452,"views":3,"p1id":"execfist2","p2id":"bloodmoonmenace","formatid":"gen9nationaldexubers","rating":1354,"private":0,"password":""}