{"id":"gen9nationaldexubers-1988110533","p1":"HarmTurtle","p2":"Rio34","format":"[Gen 9] National Dex Ubers","log":"|j|\u2606HarmTurtle\n|j|\u2606Rio34\n|t:|1699670810\n|gametype|singles\n|player|p1|HarmTurtle|carmine-festival|\n|player|p2|Rio34|riley|\n|teamsize|p1|6\n|teamsize|p2|6\n|gen|9\n|tier|[Gen 9] National Dex Ubers\n|rule|HP Percentage Mod: HP is shown in percentages\n|rule|Endless Battle Clause: Forcing endless battles is banned\n|rule|OHKO Clause: OHKO moves are banned\n|rule|Evasion Moves Clause: Evasion moves are banned\n|rule|Evasion Items Clause: Evasion items are banned\n|rule|Species Clause: Limit one of each Pok\u00e9mon\n|rule|Sleep Clause Mod: Limit one foe put to sleep\n|rule|Mega Rayquaza Clause: You cannot mega evolve Rayquaza\n|clearpoke\n|poke|p1|Veluza, F|\n|poke|p1|Mr. Rime, F|\n|poke|p1|Tauros, M|\n|poke|p1|Azumarill, F|\n|poke|p1|Brute Bonnet|\n|poke|p1|Sandy Shocks|\n|poke|p2|Celesteela|\n|poke|p2|Ariados, M|\n|poke|p2|Mismagius, F|\n|poke|p2|Noivern, M|\n|poke|p2|Kingdra, M|\n|poke|p2|Gengar, M|\n|teampreview\n|c|\u2606HarmTurtle|gl hf!\n|\n|t:|1699670834\n|start\n|switch|p1a: sandy socks|Sandy Shocks|100\/100\n|switch|p2a: Ariados|Ariados, M|100\/100\n|-enditem|p1a: sandy socks|Booster Energy\n|-activate|p1a: sandy socks|ability: Protosynthesis|[fromitem]\n|-start|p1a: sandy socks|protosynthesisspe\n|turn|1\n|\n|t:|1699670848\n|move|p1a: sandy socks|Stealth Rock|p2a: Ariados\n|-sidestart|p2: Rio34|move: Stealth Rock\n|move|p2a: Ariados|Sticky Web|p1a: sandy socks\n|-sidestart|p1: HarmTurtle|move: Sticky Web\n|\n|upkeep\n|turn|2\n|j| DarthBowser151\n|\n|t:|1699670872\n|move|p2a: Ariados|Sucker Punch|p1a: sandy socks\n|-damage|p1a: sandy socks|83\/100\n|move|p1a: sandy socks|Discharge|p2a: Ariados\n|-damage|p2a: Ariados|64\/100\n|\n|-heal|p2a: Ariados|70\/100|[from] item: Leftovers\n|upkeep\n|turn|3\n|\n|t:|1699670902\n|move|p1a: sandy socks|Discharge|p2a: Ariados\n|-damage|p2a: Ariados|37\/100\n|move|p2a: Ariados|Toxic|p1a: sandy socks\n|-status|p1a: sandy socks|tox\n|\n|-heal|p2a: Ariados|43\/100|[from] item: Leftovers\n|-damage|p1a: sandy socks|77\/100 tox|[from] psn\n|upkeep\n|turn|4\n|\n|t:|1699670918\n|move|p2a: Ariados|Sucker Punch|p1a: sandy socks\n|-damage|p1a: sandy socks|61\/100 tox\n|move|p1a: sandy socks|Discharge|p2a: Ariados\n|-damage|p2a: Ariados|10\/100\n|\n|-heal|p2a: Ariados|16\/100|[from] item: Leftovers\n|-damage|p1a: sandy socks|48\/100 tox|[from] psn\n|upkeep\n|turn|5\n|\n|t:|1699670959\n|-end|p1a: sandy socks|Protosynthesis|[silent]\n|switch|p1a: brutish bonbon|Brute Bonnet|100\/100\n|-activate|p1a: brutish bonbon|move: Sticky Web\n|-unboost|p1a: brutish bonbon|spe|1\n|move|p2a: Ariados|X-Scissor|p1a: brutish bonbon\n|-supereffective|p1a: brutish bonbon\n|-damage|p1a: brutish bonbon|0 fnt\n|faint|p1a: brutish bonbon\n|-end|p1a: brutish bonbon|Protosynthesis|[silent]\n|\n|-heal|p2a: Ariados|22\/100|[from] item: Leftovers\n|upkeep\n|\n|t:|1699670972\n|switch|p1a: ye ol' rimes|Mr. Rime, F, shiny|100\/100\n|turn|6\n|\n|t:|1699670978\n|move|p2a: Ariados|Sucker Punch|p1a: ye ol' rimes\n|-supereffective|p1a: ye ol' rimes\n|-damage|p1a: ye ol' rimes|64\/100\n|move|p1a: ye ol' rimes|Rapid Spin|p2a: Ariados\n|-damage|p2a: Ariados|9\/100\n|-boost|p1a: ye ol' rimes|spe|1\n|-sideend|p1: HarmTurtle|Sticky Web|[from] move: Rapid Spin|[of] p1a: ye ol' rimes\n|\n|-heal|p2a: Ariados|15\/100|[from] item: Leftovers\n|upkeep\n|turn|7\n|\n|t:|1699670992\n|move|p1a: ye ol' rimes|Taunt|p2a: Ariados\n|-start|p2a: Ariados|move: Taunt\n|cant|p2a: Ariados|move: Taunt|Sticky Web\n|\n|-heal|p2a: Ariados|21\/100|[from] item: Leftovers\n|upkeep\n|turn|8\n|\n|t:|1699671010\n|move|p1a: ye ol' rimes|Future Sight|p2a: Ariados\n|-start|p1a: ye ol' rimes|move: Future Sight\n|move|p2a: Ariados|X-Scissor|p1a: ye ol' rimes\n|-supereffective|p1a: ye ol' rimes\n|-damage|p1a: ye ol' rimes|0 fnt\n|faint|p1a: ye ol' rimes\n|\n|-heal|p2a: Ariados|27\/100|[from] item: Leftovers\n|upkeep\n|\n|t:|1699671021\n|switch|p1a: still a luzer|Veluza, F|100\/100\n|turn|9\n|\n|t:|1699671025\n|move|p1a: still a luzer|Aqua Cutter|p2a: Ariados\n|-damage|p2a: Ariados|0 fnt\n|faint|p2a: Ariados\n|\n|upkeep\n|\n|t:|1699671030\n|switch|p2a: Noivern|Noivern, M, shiny|100\/100\n|turn|10\n|\n|t:|1699671039\n|switch|p1a: fizzy pop|Azumarill, F|100\/100\n|move|p2a: Noivern|Defog|p1a: fizzy pop\n|-unboost|p1a: fizzy pop|evasion|1\n|-sideend|p2: Rio34|Stealth Rock|[from] move: Defog|[of] p2a: Noivern\n|\n|-end|p2a: Noivern|move: Future Sight\n|-damage|p2a: Noivern|39\/100\n|upkeep\n|turn|11\n|\n|t:|1699671061\n|move|p2a: Noivern|Boomburst|p1a: fizzy pop\n|-damage|p1a: fizzy pop|57\/100\n|move|p1a: fizzy pop|Ice Spinner|p2a: Noivern\n|-supereffective|p2a: Noivern\n|-damage|p2a: Noivern|0 fnt\n|faint|p2a: Noivern\n|\n|upkeep\n|\n|t:|1699671081\n|switch|p2a: Gengar|Gengar, M|100\/100\n|turn|12\n|\n|t:|1699671094\n|switch|p1a: the OG|Tauros, M|100\/100\n|move|p2a: Gengar|Sludge Bomb|p1a: the OG\n|-damage|p1a: the OG|0 fnt\n|faint|p1a: the OG\n|\n|upkeep\n|\n|t:|1699671100\n|switch|p1a: sandy socks|Sandy Shocks|48\/100 tox\n|turn|13\n|\n|t:|1699671105\n|switch|p2a: Celesteela|Celesteela|100\/100\n|move|p1a: sandy socks|Stealth Rock|p2a: Celesteela\n|-sidestart|p2: Rio34|move: Stealth Rock\n|\n|-damage|p1a: sandy socks|42\/100 tox|[from] psn\n|upkeep\n|turn|14\n|\n|t:|1699671114\n|move|p1a: sandy socks|Discharge|p2a: Celesteela\n|-supereffective|p2a: Celesteela\n|-damage|p2a: Celesteela|34\/100\n|-status|p2a: Celesteela|par\n|move|p2a: Celesteela|Gyro Ball|p1a: sandy socks\n|-resisted|p1a: sandy socks\n|-damage|p1a: sandy socks|7\/100 tox\n|\n|-heal|p2a: Celesteela|40\/100 par|[from] item: Leftovers\n|-damage|p1a: sandy socks|0 fnt|[from] psn\n|faint|p1a: sandy socks\n|-end|p1a: sandy socks|Protosynthesis|[silent]\n|upkeep\n|\n|t:|1699671128\n|switch|p1a: still a luzer|Veluza, F|100\/100\n|turn|15\n|\n|t:|1699671136\n|move|p1a: still a luzer|Aqua Cutter|p2a: Celesteela\n|-damage|p2a: Celesteela|0 fnt\n|faint|p2a: Celesteela\n|\n|upkeep\n|\n|t:|1699671150\n|switch|p2a: Mismagius|Mismagius, F|100\/100\n|-damage|p2a: Mismagius|88\/100|[from] Stealth Rock\n|turn|16\n|\n|t:|1699671163\n|move|p1a: still a luzer|Aqua Cutter|p2a: Mismagius\n|-damage|p2a: Mismagius|21\/100\n|move|p2a: Mismagius|Will-O-Wisp|p1a: still a luzer|[miss]\n|-miss|p2a: Mismagius|p1a: still a luzer\n|\n|-heal|p2a: Mismagius|27\/100|[from] item: Leftovers\n|upkeep\n|turn|17\n|\n|t:|1699671172\n|move|p1a: still a luzer|Aqua Cutter|p2a: Mismagius\n|-damage|p2a: Mismagius|0 fnt\n|faint|p2a: Mismagius\n|\n|upkeep\n|\n|t:|1699671177\n|switch|p2a: Gengar|Gengar, M|100\/100\n|-damage|p2a: Gengar|88\/100|[from] Stealth Rock\n|turn|18\n|\n|t:|1699671212\n|-terastallize|p2a: Gengar|Ghost\n|move|p1a: still a luzer|Aqua Cutter|p2a: Gengar\n|-damage|p2a: Gengar|0 fnt\n|faint|p2a: Gengar\n|\n|upkeep\n|\n|t:|1699671218\n|switch|p2a: Kingdra|Kingdra, M|100\/100\n|-damage|p2a: Kingdra|88\/100|[from] Stealth Rock\n|turn|19\n|\n|t:|1699671239\n|switch|p1a: fizzy pop|Azumarill, F|57\/100\n|move|p2a: Kingdra|Signal Beam|p1a: fizzy pop\n|-resisted|p1a: fizzy pop\n|-damage|p1a: fizzy pop|42\/100\n|-damage|p2a: Kingdra|78\/100|[from] item: Life Orb\n|\n|upkeep\n|turn|20\n|\n|t:|1699671247\n|move|p2a: Kingdra|Scald|p1a: fizzy pop\n|-resisted|p1a: fizzy pop\n|-damage|p1a: fizzy pop|18\/100\n|-damage|p2a: Kingdra|68\/100|[from] item: Life Orb\n|move|p1a: fizzy pop|Play Rough|p2a: Kingdra\n|-supereffective|p2a: Kingdra\n|-damage|p2a: Kingdra|0 fnt\n|faint|p2a: Kingdra\n|\n|win|HarmTurtle\n|l|\u2606Rio34\n","uploadtime":1699671283,"views":7,"p1id":"harmturtle","p2id":"rio34","formatid":"gen9nationaldexubers","rating":0,"private":0,"password":""}