{"id":"gen9nationaldexubers-1979671229","p1":"Salfy","p2":"Snapteryx","format":"[Gen 9] National Dex Ubers","log":"|j|\u2606Salfy\n|j|\u2606Snapteryx\n|t:|1698701822\n|gametype|singles\n|player|p1|Salfy|depotagent|\n|player|p2|Snapteryx|allister|\n|teamsize|p1|6\n|teamsize|p2|6\n|gen|9\n|tier|[Gen 9] National Dex Ubers\n|rule|HP Percentage Mod: HP is shown in percentages\n|rule|Endless Battle Clause: Forcing endless battles is banned\n|rule|OHKO Clause: OHKO moves are banned\n|rule|Evasion Moves Clause: Evasion moves are banned\n|rule|Evasion Items Clause: Evasion items are banned\n|rule|Species Clause: Limit one of each Pok\u00e9mon\n|rule|Sleep Clause Mod: Limit one foe put to sleep\n|rule|Mega Rayquaza Clause: You cannot mega evolve Rayquaza\n|clearpoke\n|poke|p1|Darmanitan-Galar, M|\n|poke|p1|Ninetales-Alola, M|\n|poke|p1|Baxcalibur, M|\n|poke|p1|Avalugg, M|\n|poke|p1|Kyurem|\n|poke|p1|Arctozolt|\n|poke|p2|Gliscor, F|\n|poke|p2|Corviknight, M|\n|poke|p2|Mantine, F|\n|poke|p2|Landorus, M|\n|poke|p2|Charizard, M|\n|poke|p2|Zapdos-Galar|\n|teampreview\n|c|\u2606Salfy|glhf\n|j| Lohoud\n|\n|t:|1698701828\n|start\n|switch|p1a: Pools Open|Darmanitan-Galar, M|100\/100\n|switch|p2a: Charizard|Charizard, M|100\/100\n|turn|1\n|c| Lohoud|Yo\n|c|\u2606Salfy|hi\n|\n|t:|1698701842\n|move|p1a: Pools Open|Icicle Crash|p2a: Charizard\n|-damage|p2a: Charizard|7\/100\n|move|p2a: Charizard|Flamethrower|p1a: Pools Open\n|-supereffective|p1a: Pools Open\n|-damage|p1a: Pools Open|0 fnt\n|faint|p1a: Pools Open\n|\n|upkeep\n|c| Lohoud|Bro ur team reminds me of monotype\n|c|\u2606Salfy|lmao\n|\n|t:|1698701861\n|switch|p1a: Cold Dog|Ninetales-Alola, M|100\/100\n|-weather|Snow|[from] ability: Snow Warning|[of] p1a: Cold Dog\n|turn|2\n|\n|t:|1698701868\n|detailschange|p2a: Charizard|Charizard-Mega-Y, M\n|-mega|p2a: Charizard|Charizard|Charizardite Y\n|-weather|SunnyDay|[from] ability: Drought|[of] p2a: Charizard\n|move|p1a: Cold Dog|Freeze-Dry|p2a: Charizard\n|-damage|p2a: Charizard|0 fnt\n|faint|p2a: Charizard\n|\n|-weather|SunnyDay|[upkeep]\n|upkeep\n|c| Lohoud|Nahh\n|c| Lohoud|So does the other team\n|c|\u2606Salfy|We're part of a league\n|c|\u2606Salfy|I'm doing a mono ice run\n|c| Lohoud|Ok\n|\n|t:|1698701899\n|switch|p2a: Calamus|Zapdos-Galar|100\/100\n|turn|3\n|c|\u2606Salfy|If you got discord I can send you it\n|\n|t:|1698701924\n|switch|p1a: Table|Avalugg, M|100\/100\n|move|p2a: Calamus|Close Combat|p1a: Table\n|-supereffective|p1a: Table\n|-damage|p1a: Table|33\/100\n|-unboost|p2a: Calamus|def|1\n|-unboost|p2a: Calamus|spd|1\n|\n|-weather|SunnyDay|[upkeep]\n|upkeep\n|turn|4\n|\n|t:|1698701928\n|move|p2a: Calamus|Close Combat|p1a: Table\n|-supereffective|p1a: Table\n|-damage|p1a: Table|0 fnt\n|-unboost|p2a: Calamus|def|1\n|-unboost|p2a: Calamus|spd|1\n|faint|p1a: Table\n|\n|-weather|SunnyDay|[upkeep]\n|upkeep\n|\n|t:|1698701930\n|switch|p1a: Cold Dog|Ninetales-Alola, M|100\/100\n|-weather|Snow|[from] ability: Snow Warning|[of] p1a: Cold Dog\n|turn|5\n|\n|t:|1698701938\n|switch|p2a: Delta Airlines|Corviknight, M, shiny|100\/100\n|-ability|p2a: Delta Airlines|Pressure\n|move|p1a: Cold Dog|Aurora Veil|p1a: Cold Dog\n|-sidestart|p1: Salfy|move: Aurora Veil\n|\n|-weather|Snow|[upkeep]\n|upkeep\n|turn|6\n|\n|t:|1698701949\n|switch|p1a: Bubbles|Arctozolt|100\/100\n|move|p2a: Delta Airlines|Defog|p1a: Bubbles\n|-unboost|p1a: Bubbles|evasion|1\n|-sideend|p1: Salfy|move: Aurora Veil\n|\n|-weather|Snow|[upkeep]\n|upkeep\n|turn|7\n|\n|t:|1698701971\n|switch|p2a: Snippy Boi|Gliscor, F, shiny|100\/100\n|move|p1a: Bubbles|Substitute|p1a: Bubbles\n|-start|p1a: Bubbles|Substitute\n|-damage|p1a: Bubbles|76\/100\n|\n|-weather|Snow|[upkeep]\n|-status|p2a: Snippy Boi|tox|[from] item: Toxic Orb\n|upkeep\n|turn|8\n|c|\u2606Salfy|I'm still tera steel bax btw\n|\n|t:|1698701989\n|-terastallize|p2a: Snippy Boi|Flying\n|move|p1a: Bubbles|Icicle Crash|p2a: Snippy Boi\n|-supereffective|p2a: Snippy Boi\n|-damage|p2a: Snippy Boi|44\/100 tox\n|move|p2a: Snippy Boi|Earthquake|p1a: Bubbles\n|-supereffective|p1a: Bubbles\n|-end|p1a: Bubbles|Substitute\n|\n|-weather|Snow|[upkeep]\n|-heal|p2a: Snippy Boi|57\/100 tox|[from] ability: Poison Heal\n|upkeep\n|turn|9\n|\n|t:|1698702004\n|move|p1a: Bubbles|Icicle Crash|p2a: Snippy Boi|[miss]\n|-miss|p1a: Bubbles|p2a: Snippy Boi\n|move|p2a: Snippy Boi|Earthquake|p1a: Bubbles\n|-supereffective|p1a: Bubbles\n|-damage|p1a: Bubbles|21\/100\n|\n|-weather|none\n|-heal|p2a: Snippy Boi|69\/100 tox|[from] ability: Poison Heal\n|upkeep\n|turn|10\n|\n|t:|1698702012\n|switch|p1a: Cold Dog|Ninetales-Alola, M|100\/100\n|-weather|Snow|[from] ability: Snow Warning|[of] p1a: Cold Dog\n|move|p2a: Snippy Boi|U-turn|p1a: Cold Dog\n|-resisted|p1a: Cold Dog\n|-damage|p1a: Cold Dog|94\/100\n|c| Lohoud|Ok\n|\n|t:|1698702039\n|switch|p2a: Calamus|Zapdos-Galar|100\/100|[from] U-turn\n|\n|-weather|Snow|[upkeep]\n|upkeep\n|turn|11\n|\n|t:|1698702046\n|move|p1a: Cold Dog|Aurora Veil|p1a: Cold Dog\n|-sidestart|p1: Salfy|move: Aurora Veil\n|move|p2a: Calamus|Thunderous Kick|p1a: Cold Dog\n|-damage|p1a: Cold Dog|64\/100\n|-unboost|p1a: Cold Dog|def|1\n|\n|-weather|Snow|[upkeep]\n|upkeep\n|turn|12\n|\n|t:|1698702065\n|switch|p2a: Delta Airlines|Corviknight, M, shiny|100\/100\n|-ability|p2a: Delta Airlines|Pressure\n|move|p1a: Cold Dog|Moonblast|p2a: Delta Airlines\n|-resisted|p2a: Delta Airlines\n|-damage|p2a: Delta Airlines|90\/100\n|-unboost|p2a: Delta Airlines|spa|1\n|\n|-weather|Snow|[upkeep]\n|-heal|p2a: Delta Airlines|97\/100|[from] item: Leftovers\n|upkeep\n|turn|13\n|\n|t:|1698702071\n|switch|p1a: Chilla|Baxcalibur, M|100\/100\n|move|p2a: Delta Airlines|Defog|p1a: Chilla\n|-unboost|p1a: Chilla|evasion|1\n|-sideend|p1: Salfy|move: Aurora Veil\n|\n|-weather|Snow|[upkeep]\n|-heal|p2a: Delta Airlines|100\/100|[from] item: Leftovers\n|upkeep\n|turn|14\n|\n|t:|1698702079\n|-terastallize|p1a: Chilla|Steel\n|move|p1a: Chilla|Dragon Dance|p1a: Chilla\n|-boost|p1a: Chilla|atk|1\n|-boost|p1a: Chilla|spe|1\n|move|p2a: Delta Airlines|U-turn|p1a: Chilla\n|-resisted|p1a: Chilla\n|-damage|p1a: Chilla|93\/100\n|\n|t:|1698702087\n|switch|p2a: Alula|Mantine, F, shiny|100\/100|[from] U-turn\n|\n|-weather|none\n|upkeep\n|turn|15\n|\n|t:|1698702093\n|move|p1a: Chilla|Glaive Rush|p2a: Alula\n|-damage|p2a: Alula|0 fnt\n|-singlemove|p1a: Chilla|Glaive Rush|[silent]\n|faint|p2a: Alula\n|\n|upkeep\n|c|\u2606Snapteryx|Why did I switch to brave bird corv lol\n|\n|t:|1698702133\n|switch|p2a: L*ndorus|Landorus, M|100\/100\n|turn|16\n|\n|t:|1698702161\n|move|p1a: Chilla|Icicle Spear|p2a: L*ndorus\n|-supereffective|p2a: L*ndorus\n|-damage|p2a: L*ndorus|5\/100\n|-supereffective|p2a: L*ndorus\n|-damage|p2a: L*ndorus|0 fnt\n|faint|p2a: L*ndorus\n|-hitcount|p2: L*ndorus|2\n|\n|upkeep\n|\n|t:|1698702165\n|switch|p2a: Calamus|Zapdos-Galar|100\/100\n|turn|17\n|c|\u2606Salfy|idk\n|\n|t:|1698702178\n|move|p1a: Chilla|Icicle Spear|p2a: Calamus\n|-supereffective|p2a: Calamus\n|-damage|p2a: Calamus|54\/100\n|-supereffective|p2a: Calamus\n|-crit|p2a: Calamus\n|-damage|p2a: Calamus|0 fnt\n|faint|p2a: Calamus\n|-hitcount|p2: Calamus|2\n|\n|upkeep\n|\n|t:|1698702183\n|switch|p2a: Delta Airlines|Corviknight, M, shiny|100\/100\n|-ability|p2a: Delta Airlines|Pressure\n|turn|18\n|\n|t:|1698702187\n|move|p1a: Chilla|Dragon Dance|p1a: Chilla\n|-boost|p1a: Chilla|atk|1\n|-boost|p1a: Chilla|spe|1\n|move|p2a: Delta Airlines|Brave Bird|p1a: Chilla\n|-resisted|p1a: Chilla\n|-damage|p1a: Chilla|76\/100\n|-damage|p2a: Delta Airlines|95\/100|[from] Recoil\n|\n|-heal|p2a: Delta Airlines|100\/100|[from] item: Leftovers\n|upkeep\n|turn|19\n|\n|t:|1698702190\n|move|p1a: Chilla|Dragon Dance|p1a: Chilla\n|-boost|p1a: Chilla|atk|1\n|-boost|p1a: Chilla|spe|1\n|move|p2a: Delta Airlines|Brave Bird|p1a: Chilla\n|-resisted|p1a: Chilla\n|-damage|p1a: Chilla|59\/100\n|-damage|p2a: Delta Airlines|95\/100|[from] Recoil\n|\n|-heal|p2a: Delta Airlines|100\/100|[from] item: Leftovers\n|upkeep\n|turn|20\n|\n|t:|1698702193\n|move|p1a: Chilla|Icicle Spear|p2a: Delta Airlines\n|-damage|p2a: Delta Airlines|74\/100\n|-damage|p2a: Delta Airlines|48\/100\n|-damage|p2a: Delta Airlines|22\/100\n|-damage|p2a: Delta Airlines|0 fnt\n|faint|p2a: Delta Airlines\n|-hitcount|p2: Delta Airlines|4\n|\n|upkeep\n|\n|t:|1698702195\n|switch|p2a: Snippy Boi|Gliscor, F, shiny, tera:Flying|69\/100 tox\n|turn|21\n|\n|t:|1698702199\n|move|p1a: Chilla|Icicle Spear|p2a: Snippy Boi\n|-supereffective|p2a: Snippy Boi\n|-damage|p2a: Snippy Boi|21\/100 tox\n|-supereffective|p2a: Snippy Boi\n|-damage|p2a: Snippy Boi|0 fnt\n|faint|p2a: Snippy Boi\n|-hitcount|p2: Snippy Boi|2\n|\n|win|Salfy\n|c|\u2606Salfy|gg\n|c|\u2606Snapteryx|Gg\n","uploadtime":1698702206,"views":28,"p1id":"salfy","p2id":"snapteryx","formatid":"gen9nationaldexubers","rating":0,"private":0,"password":""}