{"id":"gen9nationaldexubers-1993061636","p1":"bumblebum","p2":"Nugget O Silver","format":"[Gen 9] National Dex Ubers","log":"|j|\u2606bumblebum\n|j|\u2606Nugget O Silver\n|t:|1700260447\n|gametype|singles\n|player|p1|bumblebum|wallace|\n|player|p2|Nugget O Silver|colress|\n|teamsize|p1|6\n|teamsize|p2|6\n|gen|9\n|tier|[Gen 9] National Dex Ubers\n|rule|HP Percentage Mod: HP is shown in percentages\n|rule|Endless Battle Clause: Forcing endless battles is banned\n|rule|OHKO Clause: OHKO moves are banned\n|rule|Evasion Moves Clause: Evasion moves are banned\n|rule|Evasion Items Clause: Evasion items are banned\n|rule|Species Clause: Limit one of each Pok\u00e9mon\n|rule|Sleep Clause Mod: Limit one foe put to sleep\n|rule|Mega Rayquaza Clause: You cannot mega evolve Rayquaza\n|rule|Terastal Clause: You cannot Terastallize\n|rule|Z-Move Clause: Z-Moves are banned\n|clearpoke\n|poke|p1|Zapdos|\n|poke|p1|Iron Valiant|\n|poke|p1|Excadrill, F|\n|poke|p1|Tyranitar, M|\n|poke|p1|Dragapult, F|\n|poke|p1|Amoonguss, M|\n|poke|p2|Necrozma|\n|poke|p2|Golem-Alola, M|\n|poke|p2|Tapu Bulu|\n|poke|p2|Aegislash, M|\n|poke|p2|Urshifu-*, F|\n|poke|p2|Landorus-Therian, M|\n|teampreview\n|inactive|Battle timer is ON: inactive players will automatically lose when time's up. (requested by bumblebum)\n|c|\u2606Nugget O Silver|Are you gonna post it?\n|c|\u2606bumblebum|already did\n|inactive|bumblebum has 270 seconds left.\n|inactive|Nugget O Silver has 270 seconds left.\n|j| Mr. Kessler\n|c|\u2606Nugget O Silver|glhf\n|c|\u2606bumblebum|u2\n|c| Mr. Kessler|is this just the same team as last time\n|inactive|bumblebum has 240 seconds left.\n|inactive|Nugget O Silver has 240 seconds left.\n|inactive|Nugget O Silver has 210 seconds left.\n|\n|t:|1700260544\n|start\n|switch|p1a: 2023 Al Horford|Tyranitar, M, shiny|100\/100\n|switch|p2a: Santana|Landorus-Therian, M|100\/100\n|-ability|p2a: Santana|Intimidate|boost\n|-unboost|p1a: 2023 Al Horford|atk|1\n|-weather|Sandstorm|[from] ability: Sand Stream|[of] p1a: 2023 Al Horford\n|turn|1\n|inactive|Nugget O Silver has 270 seconds left.\n|\n|t:|1700260553\n|move|p2a: Santana|U-turn|p1a: 2023 Al Horford\n|-supereffective|p1a: 2023 Al Horford\n|-damage|p1a: 2023 Al Horford|60\/100\n|inactive|Nugget O Silver has 270 seconds left.\n|c|\u2606bumblebum|Devious events occuring\n|\n|t:|1700260564\n|switch|p2a: Babel Nose|Urshifu-Rapid-Strike, F|100\/100|[from] U-turn\n|move|p1a: 2023 Al Horford|Counter|p2a: Babel Nose\n|-damage|p2a: Babel Nose|11\/100\n|\n|-weather|Sandstorm|[upkeep]\n|-damage|p2a: Babel Nose|5\/100|[from] Sandstorm\n|upkeep\n|turn|2\n|inactive|Nugget O Silver has 270 seconds left.\n|\n|t:|1700260579\n|switch|p1a: Psilocybin|Amoonguss, M|100\/100\n|move|p2a: Babel Nose|Drain Punch|p1a: Psilocybin\n|-resisted|p1a: Psilocybin\n|-damage|p1a: Psilocybin|85\/100\n|-heal|p2a: Babel Nose|13\/100|[from] drain|[of] p1a: Psilocybin\n|\n|-weather|Sandstorm|[upkeep]\n|-damage|p2a: Babel Nose|7\/100|[from] Sandstorm\n|-damage|p1a: Psilocybin|79\/100|[from] Sandstorm\n|upkeep\n|turn|3\n|inactive|Nugget O Silver has 270 seconds left.\n|\n|t:|1700260608\n|switch|p2a: Hail Caesar|Aegislash, M|100\/100\n|move|p1a: Psilocybin|Spore|p2a: Hail Caesar\n|-activate|p2a: Hail Caesar|item: Safety Goggles|Spore\n|\n|-weather|Sandstorm|[upkeep]\n|-damage|p1a: Psilocybin|73\/100|[from] Sandstorm\n|upkeep\n|turn|4\n|inactive|Nugget O Silver has 270 seconds left.\n|inactive|bumblebum has 270 seconds left.\n|inactive|Nugget O Silver has 240 seconds left.\n|\n|t:|1700260658\n|switch|p1a: 2023 Al Horford|Tyranitar, M, shiny|60\/100\n|move|p2a: Hail Caesar|Toxic|p1a: 2023 Al Horford\n|-status|p1a: 2023 Al Horford|tox\n|\n|-weather|Sandstorm|[upkeep]\n|-damage|p1a: 2023 Al Horford|54\/100 tox|[from] psn\n|upkeep\n|turn|5\n|inactive|bumblebum has 240 seconds left.\n|\n|t:|1700260674\n|move|p2a: Hail Caesar|King's Shield|p2a: Hail Caesar\n|-singleturn|p2a: Hail Caesar|Protect\n|move|p1a: 2023 Al Horford|Knock Off|p2a: Hail Caesar\n|-activate|p2a: Hail Caesar|move: Protect\n|-unboost|p1a: 2023 Al Horford|atk|1\n|\n|-weather|Sandstorm|[upkeep]\n|-damage|p1a: 2023 Al Horford|41\/100 tox|[from] psn\n|upkeep\n|turn|6\n|inactive|Nugget O Silver has 240 seconds left.\n|inactive|bumblebum has 240 seconds left.\n|\n|t:|1700260700\n|switch|p1a: Dr. Drill is Back|Excadrill, F, shiny|100\/100\n|switch|p2a: Babel Nose|Urshifu-Rapid-Strike, F|7\/100\n|\n|-weather|Sandstorm|[upkeep]\n|-damage|p2a: Babel Nose|1\/100|[from] Sandstorm\n|upkeep\n|turn|7\n|\n|t:|1700260711\n|move|p1a: Dr. Drill is Back|Rapid Spin|p2a: Babel Nose\n|-damage|p2a: Babel Nose|0 fnt\n|-boost|p1a: Dr. Drill is Back|spe|1\n|faint|p2a: Babel Nose\n|\n|-weather|Sandstorm|[upkeep]\n|upkeep\n|\n|t:|1700260715\n|switch|p2a: Santana|Landorus-Therian, M|100\/100\n|-ability|p2a: Santana|Intimidate|boost\n|-unboost|p1a: Dr. Drill is Back|atk|1\n|turn|8\n|inactive|bumblebum has 240 seconds left.\n|inactive|Nugget O Silver has 240 seconds left.\n|\n|t:|1700260731\n|switch|p1a: Psilocybin|Amoonguss, M|100\/100\n|move|p2a: Santana|Stomping Tantrum|p1a: Psilocybin\n|-damage|p1a: Psilocybin|66\/100\n|-damage|p2a: Santana|84\/100|[from] item: Rocky Helmet|[of] p1a: Psilocybin\n|\n|-weather|none\n|upkeep\n|turn|9\n|l| Mr. Kessler\n|inactive|bumblebum has 240 seconds left.\n|\n|t:|1700260755\n|switch|p2a: Hail Caesar|Aegislash, M|100\/100\n|switch|p1a: Mickie Mantle|Iron Valiant|100\/100\n|-enditem|p1a: Mickie Mantle|Booster Energy\n|-activate|p1a: Mickie Mantle|ability: Quark Drive|[fromitem]\n|-start|p1a: Mickie Mantle|quarkdrivespe\n|\n|upkeep\n|turn|10\n|inactive|Nugget O Silver has 210 seconds left.\n|inactive|bumblebum has 210 seconds left.\n|\n|t:|1700260798\n|move|p1a: Mickie Mantle|Moonblast|p2a: Hail Caesar\n|-resisted|p2a: Hail Caesar\n|-damage|p2a: Hail Caesar|84\/100\n|-unboost|p2a: Hail Caesar|spa|1\n|-formechange|p2a: Hail Caesar|Aegislash-Blade||[from] ability: Stance Change\n|move|p2a: Hail Caesar|Psycho Cut|p1a: Mickie Mantle\n|-supereffective|p1a: Mickie Mantle\n|-damage|p1a: Mickie Mantle|47\/100\n|\n|upkeep\n|turn|11\n|\n|t:|1700260807\n|-formechange|p2a: Hail Caesar|Aegislash||[from] ability: Stance Change\n|move|p2a: Hail Caesar|King's Shield|p2a: Hail Caesar\n|-singleturn|p2a: Hail Caesar|Protect\n|move|p1a: Mickie Mantle|Knock Off|p2a: Hail Caesar\n|-activate|p2a: Hail Caesar|move: Protect\n|-unboost|p1a: Mickie Mantle|atk|1\n|\n|upkeep\n|turn|12\n|c|\u2606bumblebum|Fuck\n|c|\u2606bumblebum|what the fuck was that\n|c|\u2606bumblebum|LMAOOO\n|inactive|bumblebum has 210 seconds left.\n|inactive|Nugget O Silver has 180 seconds left.\n|inactive|bumblebum has 180 seconds left.\n|inactive|Nugget O Silver has 150 seconds left.\n|\n|t:|1700260889\n|move|p1a: Mickie Mantle|Knock Off|p2a: Hail Caesar\n|-supereffective|p2a: Hail Caesar\n|-damage|p2a: Hail Caesar|56\/100\n|-enditem|p2a: Hail Caesar|Safety Goggles|[from] move: Knock Off|[of] p1a: Mickie Mantle\n|-formechange|p2a: Hail Caesar|Aegislash-Blade||[from] ability: Stance Change\n|move|p2a: Hail Caesar|Psycho Cut|p1a: Mickie Mantle\n|-supereffective|p1a: Mickie Mantle\n|-damage|p1a: Mickie Mantle|0 fnt\n|faint|p1a: Mickie Mantle\n|-end|p1a: Mickie Mantle|Quark Drive|[silent]\n|\n|upkeep\n|inactive|bumblebum has 150 seconds left.\n|\n|t:|1700260910\n|switch|p1a: Solve My Riddles|Dragapult, F, shiny|100\/100\n|turn|13\n|inactive|bumblebum has 150 seconds left.\n|j| Mr. Kessler\n|inactive|Nugget O Silver has 120 seconds left.\n|inactive|bumblebum has 120 seconds left.\n|\n|t:|1700260970\n|switch|p2a: Green Day|Tapu Bulu|100\/100\n|-fieldstart|move: Grassy Terrain|[from] ability: Grassy Surge|[of] p2a: Green Day\n|move|p1a: Solve My Riddles|Hydro Pump|p2a: Green Day\n|-resisted|p2a: Green Day\n|-damage|p2a: Green Day|81\/100\n|\n|-heal|p2a: Green Day|87\/100|[from] Grassy Terrain\n|-heal|p2a: Green Day|93\/100|[from] item: Leftovers\n|upkeep\n|turn|14\n|j| N-Zoroark stan\n|inactive|Nugget O Silver has 120 seconds left.\n|c|\u2606Nugget O Silver|Oh yeah Pult gets that\n|\n|t:|1700261002\n|switch|p1a: 2021 Mac Jones|Zapdos|100\/100\n|move|p2a: Green Day|Horn Leech|p1a: 2021 Mac Jones\n|-resisted|p1a: 2021 Mac Jones\n|-damage|p1a: 2021 Mac Jones|75\/100\n|-heal|p2a: Green Day|100\/100|[from] drain|[of] p1a: 2021 Mac Jones\n|\n|upkeep\n|turn|15\n|inactive|bumblebum has 120 seconds left.\n|inactive|Nugget O Silver has 90 seconds left.\n|\n|t:|1700261028\n|switch|p2a: Like A Hurricane|Golem-Alola, M|100\/100\n|move|p1a: 2021 Mac Jones|Hurricane|p2a: Like A Hurricane\n|-resisted|p2a: Like A Hurricane\n|-damage|p2a: Like A Hurricane|89\/100\n|-start|p2a: Like A Hurricane|confusion\n|\n|-heal|p2a: Like A Hurricane|95\/100|[from] Grassy Terrain\n|upkeep\n|turn|16\n|inactive|Nugget O Silver has 90 seconds left.\n|\n|t:|1700261055\n|move|p1a: 2021 Mac Jones|Volt Switch|p2a: Like A Hurricane\n|-resisted|p2a: Like A Hurricane\n|-damage|p2a: Like A Hurricane|80\/100\n|\n|t:|1700261059\n|switch|p1a: Psilocybin|Amoonguss, M|99\/100|[from] Volt Switch\n|-activate|p2a: Like A Hurricane|confusion\n|move|p2a: Like A Hurricane|Fire Punch|p1a: Psilocybin\n|-supereffective|p1a: Psilocybin\n|-damage|p1a: Psilocybin|69\/100\n|-damage|p2a: Like A Hurricane|64\/100|[from] item: Rocky Helmet|[of] p1a: Psilocybin\n|\n|-heal|p2a: Like A Hurricane|70\/100|[from] Grassy Terrain\n|-heal|p1a: Psilocybin|75\/100|[from] Grassy Terrain\n|upkeep\n|turn|17\n|inactive|Nugget O Silver has 60 seconds left.\n|inactive|bumblebum has 90 seconds left.\n|\n|t:|1700261107\n|switch|p2a: Hail Caesar|Aegislash, M|56\/100\n|move|p1a: Psilocybin|Spore|p2a: Hail Caesar\n|-status|p2a: Hail Caesar|slp|[from] move: Spore\n|\n|-heal|p2a: Hail Caesar|63\/100 slp|[from] Grassy Terrain\n|-heal|p1a: Psilocybin|81\/100|[from] Grassy Terrain\n|-fieldend|move: Grassy Terrain\n|upkeep\n|turn|18\n|c| Mr. Kessler|You guys should turn the timer off\n|inactiveoff|Battle timer is now OFF.\n|\n|t:|1700261126\n|switch|p2a: Green Day|Tapu Bulu|100\/100\n|-fieldstart|move: Grassy Terrain|[from] ability: Grassy Surge|[of] p2a: Green Day\n|switch|p1a: 2023 Al Horford|Tyranitar, M, shiny|41\/100 tox\n|-weather|Sandstorm|[from] ability: Sand Stream|[of] p1a: 2023 Al Horford\n|\n|-weather|Sandstorm|[upkeep]\n|-damage|p2a: Green Day|94\/100|[from] Sandstorm\n|-heal|p2a: Green Day|100\/100|[from] Grassy Terrain\n|-heal|p1a: 2023 Al Horford|48\/100 tox|[from] Grassy Terrain\n|-damage|p1a: 2023 Al Horford|41\/100 tox|[from] psn\n|upkeep\n|turn|19\n|\n|t:|1700261136\n|move|p2a: Green Day|Horn Leech|p1a: 2023 Al Horford\n|-supereffective|p1a: 2023 Al Horford\n|-damage|p1a: 2023 Al Horford|0 fnt\n|faint|p1a: 2023 Al Horford\n|\n|-weather|Sandstorm|[upkeep]\n|-damage|p2a: Green Day|94\/100|[from] Sandstorm\n|-heal|p2a: Green Day|100\/100|[from] Grassy Terrain\n|upkeep\n|\n|t:|1700261143\n|switch|p1a: Solve My Riddles|Dragapult, F, shiny|100\/100\n|turn|20\n|\n|t:|1700261150\n|move|p2a: Green Day|Protect|p2a: Green Day\n|-singleturn|p2a: Green Day|Protect\n|move|p1a: Solve My Riddles|U-turn|p2a: Green Day\n|-activate|p2a: Green Day|move: Protect\n|\n|-weather|Sandstorm|[upkeep]\n|-damage|p1a: Solve My Riddles|95\/100|[from] Sandstorm\n|-damage|p2a: Green Day|94\/100|[from] Sandstorm\n|-heal|p1a: Solve My Riddles|100\/100|[from] Grassy Terrain\n|-heal|p2a: Green Day|100\/100|[from] Grassy Terrain\n|upkeep\n|turn|21\n|\n|t:|1700261166\n|move|p1a: Solve My Riddles|U-turn|p2a: Green Day\n|-damage|p2a: Green Day|84\/100\n|\n|t:|1700261169\n|switch|p1a: Dr. Drill is Back|Excadrill, F, shiny|100\/100|[from] U-turn\n|move|p2a: Green Day|High Horsepower|p1a: Dr. Drill is Back\n|-supereffective|p1a: Dr. Drill is Back\n|-damage|p1a: Dr. Drill is Back|25\/100\n|\n|-weather|Sandstorm|[upkeep]\n|-damage|p2a: Green Day|78\/100|[from] Sandstorm\n|-heal|p1a: Dr. Drill is Back|31\/100|[from] Grassy Terrain\n|-heal|p1a: Dr. Drill is Back|37\/100|[from] item: Leftovers\n|-heal|p2a: Green Day|84\/100|[from] Grassy Terrain\n|-heal|p2a: Green Day|90\/100|[from] item: Leftovers\n|upkeep\n|turn|22\n|\n|t:|1700261180\n|switch|p2a: Santana|Landorus-Therian, M|84\/100\n|-ability|p2a: Santana|Intimidate|boost\n|-unboost|p1a: Dr. Drill is Back|atk|1\n|move|p1a: Dr. Drill is Back|Iron Head|p2a: Santana\n|-damage|p2a: Santana|44\/100\n|\n|-weather|Sandstorm|[upkeep]\n|-heal|p1a: Dr. Drill is Back|43\/100|[from] Grassy Terrain\n|-heal|p1a: Dr. Drill is Back|49\/100|[from] item: Leftovers\n|-fieldend|move: Grassy Terrain\n|upkeep\n|turn|23\n|\n|t:|1700261240\n|switch|p1a: 2021 Mac Jones|Zapdos|75\/100\n|move|p2a: Santana|Stomping Tantrum|p1a: 2021 Mac Jones\n|-immune|p1a: 2021 Mac Jones\n|\n|-weather|Sandstorm|[upkeep]\n|-damage|p1a: 2021 Mac Jones|68\/100|[from] Sandstorm\n|upkeep\n|turn|24\n|\n|t:|1700261256\n|switch|p2a: Like A Hurricane|Golem-Alola, M|70\/100\n|move|p1a: 2021 Mac Jones|Hurricane|p2a: Like A Hurricane\n|-resisted|p2a: Like A Hurricane\n|-damage|p2a: Like A Hurricane|62\/100\n|-start|p2a: Like A Hurricane|confusion\n|\n|-weather|Sandstorm|[upkeep]\n|-damage|p1a: 2021 Mac Jones|62\/100|[from] Sandstorm\n|upkeep\n|turn|25\n|\n|t:|1700261270\n|move|p1a: 2021 Mac Jones|Volt Switch|p2a: Like A Hurricane\n|-resisted|p2a: Like A Hurricane\n|-damage|p2a: Like A Hurricane|50\/100\n|\n|t:|1700261272\n|switch|p1a: Solve My Riddles|Dragapult, F, shiny|100\/100|[from] Volt Switch\n|-activate|p2a: Like A Hurricane|confusion\n|move|p2a: Like A Hurricane|Fire Punch|p1a: Solve My Riddles\n|-resisted|p1a: Solve My Riddles\n|-damage|p1a: Solve My Riddles|88\/100\n|\n|-weather|none\n|upkeep\n|turn|26\n|\n|t:|1700261294\n|switch|p2a: Green Day|Tapu Bulu|90\/100\n|-fieldstart|move: Grassy Terrain|[from] ability: Grassy Surge|[of] p2a: Green Day\n|move|p1a: Solve My Riddles|U-turn|p2a: Green Day\n|-damage|p2a: Green Day|76\/100\n|\n|t:|1700261303\n|switch|p1a: 2021 Mac Jones|Zapdos|62\/100|[from] U-turn\n|\n|-heal|p2a: Green Day|82\/100|[from] Grassy Terrain\n|-heal|p2a: Green Day|89\/100|[from] item: Leftovers\n|upkeep\n|turn|27\n|\n|t:|1700261318\n|switch|p2a: Like A Hurricane|Golem-Alola, M|50\/100\n|move|p1a: 2021 Mac Jones|Roost|p1a: 2021 Mac Jones\n|-heal|p1a: 2021 Mac Jones|100\/100\n|-singleturn|p1a: 2021 Mac Jones|move: Roost\n|\n|-heal|p2a: Like A Hurricane|56\/100|[from] Grassy Terrain\n|upkeep\n|turn|28\n|\n|t:|1700261324\n|move|p1a: 2021 Mac Jones|Volt Switch|p2a: Like A Hurricane\n|-resisted|p2a: Like A Hurricane\n|-damage|p2a: Like A Hurricane|39\/100\n|\n|t:|1700261328\n|switch|p1a: Psilocybin|Amoonguss, M|100\/100|[from] Volt Switch\n|move|p2a: Like A Hurricane|Stone Edge|p1a: Psilocybin\n|-damage|p1a: Psilocybin|69\/100\n|\n|-heal|p2a: Like A Hurricane|45\/100|[from] Grassy Terrain\n|-heal|p1a: Psilocybin|75\/100|[from] Grassy Terrain\n|upkeep\n|turn|29\n|\n|t:|1700261380\n|switch|p2a: Pink Floyd|Necrozma|100\/100\n|move|p1a: Psilocybin|Giga Drain|p2a: Pink Floyd\n|-damage|p2a: Pink Floyd|71\/100\n|-heal|p1a: Psilocybin|89\/100|[from] drain|[of] p2a: Pink Floyd\n|\n|-heal|p2a: Pink Floyd|77\/100|[from] Grassy Terrain\n|-heal|p1a: Psilocybin|95\/100|[from] Grassy Terrain\n|upkeep\n|turn|30\n|\n|t:|1700261423\n|switch|p1a: Solve My Riddles|Dragapult, F, shiny|88\/100\n|move|p2a: Pink Floyd|Trick Room|p2a: Pink Floyd\n|-fieldstart|move: Trick Room|[of] p2a: Pink Floyd\n|\n|-heal|p2a: Pink Floyd|83\/100|[from] Grassy Terrain\n|-heal|p1a: Solve My Riddles|94\/100|[from] Grassy Terrain\n|-fieldend|move: Grassy Terrain\n|upkeep\n|turn|31\n|\n|t:|1700261440\n|switch|p2a: Green Day|Tapu Bulu|89\/100\n|-fieldstart|move: Grassy Terrain|[from] ability: Grassy Surge|[of] p2a: Green Day\n|move|p1a: Solve My Riddles|Draco Meteor|p2a: Green Day\n|-immune|p2a: Green Day\n|\n|-heal|p2a: Green Day|95\/100|[from] Grassy Terrain\n|-heal|p2a: Green Day|100\/100|[from] item: Leftovers\n|-heal|p1a: Solve My Riddles|99\/100|[from] Grassy Terrain\n|upkeep\n|turn|32\n|\n|t:|1700261457\n|switch|p1a: 2021 Mac Jones|Zapdos|100\/100\n|move|p2a: Green Day|Darkest Lariat|p1a: 2021 Mac Jones\n|-damage|p1a: 2021 Mac Jones|69\/100\n|\n|upkeep\n|turn|33\n|\n|t:|1700261473\n|switch|p2a: Like A Hurricane|Golem-Alola, M|45\/100\n|move|p1a: 2021 Mac Jones|Hurricane|p2a: Like A Hurricane|[miss]\n|-miss|p1a: 2021 Mac Jones|p2a: Like A Hurricane\n|\n|-heal|p2a: Like A Hurricane|51\/100|[from] Grassy Terrain\n|upkeep\n|turn|34\n|\n|t:|1700261478\n|move|p2a: Like A Hurricane|Stealth Rock|p1a: 2021 Mac Jones\n|-sidestart|p1: bumblebum|move: Stealth Rock\n|move|p1a: 2021 Mac Jones|Volt Switch|p2a: Like A Hurricane\n|-resisted|p2a: Like A Hurricane\n|-damage|p2a: Like A Hurricane|35\/100\n|\n|t:|1700261487\n|switch|p1a: Psilocybin|Amoonguss, M|100\/100|[from] Volt Switch\n|-damage|p1a: Psilocybin|88\/100|[from] Stealth Rock\n|\n|-heal|p1a: Psilocybin|94\/100|[from] Grassy Terrain\n|-heal|p2a: Like A Hurricane|41\/100|[from] Grassy Terrain\n|-fieldend|move: Trick Room\n|upkeep\n|turn|35\n|\n|t:|1700261520\n|switch|p2a: Green Day|Tapu Bulu|100\/100\n|move|p1a: Psilocybin|Stun Spore|p2a: Green Day\n|-immune|p2a: Green Day\n|\n|-heal|p1a: Psilocybin|99\/100|[from] Grassy Terrain\n|-fieldend|move: Grassy Terrain\n|upkeep\n|turn|36\n|\n|t:|1700261526\n|move|p2a: Green Day|Protect|p2a: Green Day\n|-singleturn|p2a: Green Day|Protect\n|move|p1a: Psilocybin|Sludge Bomb|p2a: Green Day\n|-activate|p2a: Green Day|move: Protect\n|\n|upkeep\n|turn|37\n|\n|t:|1700261536\n|switch|p2a: Hail Caesar|Aegislash, M|63\/100 slp\n|switch|p1a: 2021 Mac Jones|Zapdos|69\/100\n|\n|upkeep\n|turn|38\n|\n|t:|1700261549\n|switch|p2a: Like A Hurricane|Golem-Alola, M|41\/100\n|move|p1a: 2021 Mac Jones|Heat Wave|p2a: Like A Hurricane\n|-resisted|p2a: Like A Hurricane\n|-damage|p2a: Like A Hurricane|28\/100\n|\n|upkeep\n|turn|39\n|\n|t:|1700261564\n|switch|p2a: Santana|Landorus-Therian, M|44\/100\n|-ability|p2a: Santana|Intimidate|boost\n|-unboost|p1a: 2021 Mac Jones|atk|1\n|move|p1a: 2021 Mac Jones|Volt Switch|p2a: Santana\n|-immune|p2a: Santana\n|\n|upkeep\n|turn|40\n|\n|t:|1700261577\n|switch|p1a: Psilocybin|Amoonguss, M|100\/100\n|-damage|p1a: Psilocybin|88\/100|[from] Stealth Rock\n|move|p2a: Santana|Stone Edge|p1a: Psilocybin\n|-damage|p1a: Psilocybin|60\/100\n|\n|upkeep\n|turn|41\n|\n|t:|1700261595\n|switch|p2a: Hail Caesar|Aegislash, M|63\/100 slp\n|move|p1a: Psilocybin|Sludge Bomb|p2a: Hail Caesar\n|-immune|p2a: Hail Caesar\n|\n|upkeep\n|turn|42\n|\n|t:|1700261606\n|switch|p1a: 2021 Mac Jones|Zapdos|69\/100\n|cant|p2a: Hail Caesar|slp\n|\n|upkeep\n|turn|43\n|\n|t:|1700261617\n|switch|p2a: Green Day|Tapu Bulu|100\/100\n|-fieldstart|move: Grassy Terrain|[from] ability: Grassy Surge|[of] p2a: Green Day\n|move|p1a: 2021 Mac Jones|Volt Switch|p2a: Green Day\n|-resisted|p2a: Green Day\n|-damage|p2a: Green Day|88\/100\n|\n|t:|1700261626\n|switch|p1a: Dr. Drill is Back|Excadrill, F, shiny|49\/100|[from] Volt Switch\n|-damage|p1a: Dr. Drill is Back|46\/100|[from] Stealth Rock\n|\n|-heal|p1a: Dr. Drill is Back|52\/100|[from] Grassy Terrain\n|-heal|p1a: Dr. Drill is Back|58\/100|[from] item: Leftovers\n|-heal|p2a: Green Day|94\/100|[from] Grassy Terrain\n|-heal|p2a: Green Day|99\/100|[from] item: Leftovers\n|upkeep\n|turn|44\n|\n|t:|1700261632\n|move|p1a: Dr. Drill is Back|Iron Head|p2a: Green Day\n|-supereffective|p2a: Green Day\n|-damage|p2a: Green Day|13\/100\n|move|p2a: Green Day|High Horsepower|p1a: Dr. Drill is Back|[miss]\n|-miss|p2a: Green Day|p1a: Dr. Drill is Back\n|\n|-heal|p1a: Dr. Drill is Back|65\/100|[from] Grassy Terrain\n|-heal|p1a: Dr. Drill is Back|71\/100|[from] item: Leftovers\n|-heal|p2a: Green Day|19\/100|[from] Grassy Terrain\n|-heal|p2a: Green Day|25\/100|[from] item: Leftovers\n|upkeep\n|turn|45\n|\n|t:|1700261640\n|move|p2a: Green Day|Protect|p2a: Green Day\n|-singleturn|p2a: Green Day|Protect\n|move|p1a: Dr. Drill is Back|Iron Head|p2a: Green Day\n|-activate|p2a: Green Day|move: Protect\n|\n|-heal|p1a: Dr. Drill is Back|77\/100|[from] Grassy Terrain\n|-heal|p1a: Dr. Drill is Back|83\/100|[from] item: Leftovers\n|-heal|p2a: Green Day|31\/100|[from] Grassy Terrain\n|-heal|p2a: Green Day|37\/100|[from] item: Leftovers\n|upkeep\n|turn|46\n|c|\u2606Nugget O Silver|FUCK\n|c| Mr. Kessler|unreal\n|c| N-Zoroark stan|1984\n|\n|t:|1700261650\n|switch|p2a: Santana|Landorus-Therian, M|44\/100\n|-ability|p2a: Santana|Intimidate|boost\n|-unboost|p1a: Dr. Drill is Back|atk|1\n|move|p1a: Dr. Drill is Back|Iron Head|p2a: Santana\n|-damage|p2a: Santana|4\/100\n|\n|-heal|p1a: Dr. Drill is Back|89\/100|[from] Grassy Terrain\n|-heal|p1a: Dr. Drill is Back|95\/100|[from] item: Leftovers\n|upkeep\n|turn|47\n|\n|t:|1700261663\n|switch|p1a: Psilocybin|Amoonguss, M|93\/100\n|-damage|p1a: Psilocybin|81\/100|[from] Stealth Rock\n|move|p2a: Santana|Stomping Tantrum|p1a: Psilocybin\n|-damage|p1a: Psilocybin|48\/100\n|-damage|p2a: Santana|0 fnt|[from] item: Rocky Helmet|[of] p1a: Psilocybin\n|faint|p2a: Santana\n|\n|-heal|p1a: Psilocybin|54\/100|[from] Grassy Terrain\n|-fieldend|move: Grassy Terrain\n|upkeep\n|\n|t:|1700261669\n|switch|p2a: Pink Floyd|Necrozma|83\/100\n|turn|48\n|\n|t:|1700261681\n|move|p2a: Pink Floyd|Photon Geyser|p1a: Psilocybin\n|-supereffective|p1a: Psilocybin\n|-damage|p1a: Psilocybin|0 fnt\n|faint|p1a: Psilocybin\n|\n|upkeep\n|\n|t:|1700261692\n|switch|p1a: Solve My Riddles|Dragapult, F, shiny|99\/100\n|-damage|p1a: Solve My Riddles|88\/100|[from] Stealth Rock\n|turn|49\n|\n|t:|1700261703\n|switch|p2a: Hail Caesar|Aegislash, M|63\/100 slp\n|move|p1a: Solve My Riddles|U-turn|p2a: Hail Caesar\n|-resisted|p2a: Hail Caesar\n|-damage|p2a: Hail Caesar|60\/100 slp\n|\n|t:|1700261710\n|switch|p1a: Dr. Drill is Back|Excadrill, F, shiny|95\/100|[from] U-turn\n|-damage|p1a: Dr. Drill is Back|92\/100|[from] Stealth Rock\n|\n|-heal|p1a: Dr. Drill is Back|98\/100|[from] item: Leftovers\n|upkeep\n|turn|50\n|\n|t:|1700261728\n|switch|p2a: Green Day|Tapu Bulu|37\/100\n|-fieldstart|move: Grassy Terrain|[from] ability: Grassy Surge|[of] p2a: Green Day\n|move|p1a: Dr. Drill is Back|Swords Dance|p1a: Dr. Drill is Back\n|-boost|p1a: Dr. Drill is Back|atk|2\n|\n|-heal|p1a: Dr. Drill is Back|100\/100|[from] Grassy Terrain\n|-heal|p2a: Green Day|44\/100|[from] Grassy Terrain\n|-heal|p2a: Green Day|50\/100|[from] item: Leftovers\n|upkeep\n|turn|51\n|\n|t:|1700261744\n|move|p2a: Green Day|Protect|p2a: Green Day\n|-singleturn|p2a: Green Day|Protect\n|move|p1a: Dr. Drill is Back|Iron Head|p2a: Green Day\n|-activate|p2a: Green Day|move: Protect\n|\n|-heal|p2a: Green Day|56\/100|[from] Grassy Terrain\n|-heal|p2a: Green Day|62\/100|[from] item: Leftovers\n|upkeep\n|turn|52\n|\n|t:|1700261749\n|move|p1a: Dr. Drill is Back|Iron Head|p2a: Green Day\n|-supereffective|p2a: Green Day\n|-damage|p2a: Green Day|0 fnt\n|faint|p2a: Green Day\n|\n|upkeep\n|\n|t:|1700261752\n|switch|p2a: Pink Floyd|Necrozma|83\/100\n|turn|53\n|\n|t:|1700261780\n|move|p1a: Dr. Drill is Back|Iron Head|p2a: Pink Floyd\n|-crit|p2a: Pink Floyd\n|-damage|p2a: Pink Floyd|0 fnt\n|faint|p2a: Pink Floyd\n|\n|upkeep\n|c| N-Zoroark stan|\"unfortunate\" doesn't begin to describe silver's series\n|c|\u2606bumblebum|DR DRILL IS FUCKING BACK\n|c| Mr. Kessler|thats brutal\n|c|\u2606bumblebum|DONT U FORGET IT\n|c|\u2606Nugget O Silver|That crit mattered\n|c|\u2606bumblebum|DONT U FUCKING FORGET\n|c|\u2606Nugget O Silver|gg\n|\n|t:|1700261812\n|switch|p2a: Hail Caesar|Aegislash, M|60\/100 slp\n|turn|54\n|c|\u2606bumblebum|yeah no im sorry\n|c|\u2606bumblebum|thats kind of bullshit\n|\n|t:|1700261817\n|move|p1a: Dr. Drill is Back|Earthquake|p2a: Hail Caesar\n|-supereffective|p2a: Hail Caesar\n|-damage|p2a: Hail Caesar|0 fnt\n|faint|p2a: Hail Caesar\n|\n|-fieldend|move: Grassy Terrain\n|upkeep\n|\n|t:|1700261820\n|switch|p2a: Like A Hurricane|Golem-Alola, M|28\/100\n|turn|55\n|\n|t:|1700261823\n|move|p1a: Dr. Drill is Back|Earthquake|p2a: Like A Hurricane\n|-supereffective|p2a: Like A Hurricane\n|-damage|p2a: Like A Hurricane|0 fnt\n|faint|p2a: Like A Hurricane\n|\n|win|bumblebum\n|c|\u2606bumblebum|yeah im really sorry\n|l| N-Zoroark stan\n|c|\u2606Nugget O Silver|Shit happens\n","uploadtime":1700261849,"views":16,"p1id":"bumblebum","p2id":"nuggetosilver","formatid":"gen9nationaldexubers","rating":0,"private":0,"password":""}