{"id":"gen9nationaldexubers-1993689655","p1":"CommunistDoggy","p2":"pao web","format":"[Gen 9] National Dex Ubers","log":"|j|\u2606CommunistDoggy\n|j|\u2606pao web\n|t:|1700345873\n|gametype|singles\n|player|p1|CommunistDoggy|clair|\n|player|p2|pao web|ethan|\n|teamsize|p1|6\n|teamsize|p2|6\n|gen|9\n|tier|[Gen 9] National Dex Ubers\n|rule|HP Percentage Mod: HP is shown in percentages\n|rule|Endless Battle Clause: Forcing endless battles is banned\n|rule|OHKO Clause: OHKO moves are banned\n|rule|Evasion Moves Clause: Evasion moves are banned\n|rule|Evasion Items Clause: Evasion items are banned\n|rule|Species Clause: Limit one of each Pok\u00e9mon\n|rule|Sleep Clause Mod: Limit one foe put to sleep\n|rule|Mega Rayquaza Clause: You cannot mega evolve Rayquaza\n|clearpoke\n|poke|p1|Weavile, F|\n|poke|p1|Skeledirge, M|\n|poke|p1|Quaquaval, F|\n|poke|p1|Iron Treads|\n|poke|p1|Tornadus-Therian, M|\n|poke|p1|Amoonguss, F|\n|poke|p2|Kilowattrel, M|\n|poke|p2|Centiskorch, M|\n|poke|p2|Klefki, M|\n|poke|p2|Lucario, M|\n|poke|p2|Quagsire, M|\n|poke|p2|Goodra, F|\n|teampreview\n|\n|t:|1700345889\n|start\n|switch|p1a: Iron Treads|Iron Treads|100\/100\n|switch|p2a: Kilowattrel|Kilowattrel, M|100\/100\n|-item|p1a: Iron Treads|Air Balloon\n|turn|1\n|\n|t:|1700345906\n|move|p2a: Kilowattrel|Tailwind|p2a: Kilowattrel\n|-sidestart|p2: pao web|move: Tailwind\n|-start|p2a: Kilowattrel|Charge|Tailwind|[from] ability: Wind Power\n|move|p1a: Iron Treads|Knock Off|p2a: Kilowattrel\n|-damage|p2a: Kilowattrel|47\/100\n|-enditem|p2a: Kilowattrel|Choice Specs|[from] move: Knock Off|[of] p1a: Iron Treads\n|\n|upkeep\n|turn|2\n|\n|t:|1700345916\n|switch|p2a: BANIDO|Quagsire, M|100\/100\n|move|p1a: Iron Treads|Stealth Rock|p2a: BANIDO\n|-sidestart|p2: pao web|move: Stealth Rock\n|\n|upkeep\n|turn|3\n|\n|t:|1700345923\n|move|p1a: Iron Treads|Knock Off|p2a: BANIDO\n|-damage|p2a: BANIDO|76\/100\n|-enditem|p2a: BANIDO|Leftovers|[from] move: Knock Off|[of] p1a: Iron Treads\n|move|p2a: BANIDO|Earthquake|p1a: Iron Treads\n|-immune|p1a: Iron Treads\n|\n|upkeep\n|turn|4\n|\n|t:|1700345945\n|-end|p1a: Iron Treads|Quark Drive|[silent]\n|switch|p1a: Amoonguss|Amoonguss, F|100\/100\n|move|p2a: BANIDO|Waterfall|p1a: Amoonguss\n|-resisted|p1a: Amoonguss\n|-damage|p1a: Amoonguss|90\/100\n|-damage|p2a: BANIDO|60\/100|[from] item: Rocky Helmet|[of] p1a: Amoonguss\n|\n|-sideend|p2: pao web|move: Tailwind\n|upkeep\n|turn|5\n|\n|t:|1700345960\n|switch|p2a: Goodra|Goodra, F|100\/100\n|-damage|p2a: Goodra|88\/100|[from] Stealth Rock\n|move|p1a: Amoonguss|Spore|p2a: Goodra\n|-ability|p2a: Goodra|Sap Sipper|boost\n|-boost|p2a: Goodra|atk|1\n|\n|upkeep\n|turn|6\n|\n|t:|1700345979\n|switch|p1a: Iron Treads|Iron Treads|100\/100\n|-item|p1a: Iron Treads|Air Balloon\n|move|p2a: Goodra|Flamethrower|p1a: Iron Treads\n|-supereffective|p1a: Iron Treads\n|-damage|p1a: Iron Treads|23\/100\n|-enditem|p1a: Iron Treads|Air Balloon\n|\n|upkeep\n|turn|7\n|\n|t:|1700346005\n|switch|p2a: BANIDO|Quagsire, M|60\/100\n|-damage|p2a: BANIDO|54\/100|[from] Stealth Rock\n|move|p1a: Iron Treads|Knock Off|p2a: BANIDO\n|-damage|p2a: BANIDO|36\/100\n|\n|upkeep\n|turn|8\n|\n|t:|1700346016\n|-end|p1a: Iron Treads|Quark Drive|[silent]\n|switch|p1a: Tornadus|Tornadus-Therian, M|100\/100\n|move|p2a: BANIDO|Recover|p2a: BANIDO\n|-heal|p2a: BANIDO|86\/100\n|\n|upkeep\n|turn|9\n|\n|t:|1700346032\n|move|p1a: Tornadus|U-turn|p2a: BANIDO\n|-crit|p2a: BANIDO\n|-damage|p2a: BANIDO|70\/100\n|\n|t:|1700346050\n|switch|p1a: Amoonguss|Amoonguss, F|100\/100|[from] U-turn\n|move|p2a: BANIDO|Waterfall|p1a: Amoonguss\n|-resisted|p1a: Amoonguss\n|-damage|p1a: Amoonguss|91\/100\n|-damage|p2a: BANIDO|53\/100|[from] item: Rocky Helmet|[of] p1a: Amoonguss\n|\n|upkeep\n|turn|10\n|\n|t:|1700346060\n|switch|p2a: Goodra|Goodra, F|88\/100\n|-damage|p2a: Goodra|76\/100|[from] Stealth Rock\n|move|p1a: Amoonguss|Foul Play|p2a: Goodra\n|-damage|p2a: Goodra|53\/100\n|\n|upkeep\n|turn|11\n|\n|t:|1700346088\n|switch|p1a: Quaquaval|Quaquaval, F|100\/100\n|move|p2a: Goodra|Flamethrower|p1a: Quaquaval\n|-resisted|p1a: Quaquaval\n|-damage|p1a: Quaquaval|83\/100\n|\n|-heal|p1a: Quaquaval|90\/100|[from] item: Leftovers\n|upkeep\n|turn|12\n|\n|t:|1700346108\n|switch|p2a: Chavito|Klefki, M|100\/100\n|-damage|p2a: Chavito|95\/100|[from] Stealth Rock\n|move|p1a: Quaquaval|Aqua Step|p2a: Chavito\n|-damage|p2a: Chavito|59\/100\n|-boost|p1a: Quaquaval|spe|1\n|\n|-heal|p1a: Quaquaval|96\/100|[from] item: Leftovers\n|-heal|p2a: Chavito|65\/100|[from] item: Leftovers\n|upkeep\n|turn|13\n|\n|t:|1700346132\n|move|p2a: Chavito|Defog|p1a: Quaquaval\n|-unboost|p1a: Quaquaval|evasion|1\n|-sideend|p2: pao web|Stealth Rock|[from] move: Defog|[of] p2a: Chavito\n|move|p1a: Quaquaval|Close Combat|p2a: Chavito\n|-damage|p2a: Chavito|19\/100\n|-unboost|p1a: Quaquaval|def|1\n|-unboost|p1a: Quaquaval|spd|1\n|\n|-heal|p1a: Quaquaval|100\/100|[from] item: Leftovers\n|-heal|p2a: Chavito|25\/100|[from] item: Leftovers\n|upkeep\n|turn|14\n|\n|t:|1700346172\n|move|p1a: Quaquaval|Brave Bird|p2a: Chavito\n|-resisted|p2a: Chavito\n|-damage|p2a: Chavito|8\/100\n|-damage|p1a: Quaquaval|95\/100|[from] Recoil\n|move|p2a: Chavito|Dazzling Gleam|p1a: Quaquaval\n|-supereffective|p1a: Quaquaval\n|-damage|p1a: Quaquaval|0 fnt\n|faint|p1a: Quaquaval\n|\n|-heal|p2a: Chavito|14\/100|[from] item: Leftovers\n|upkeep\n|\n|t:|1700346185\n|switch|p1a: Weavile|Weavile, F|100\/100\n|-ability|p1a: Weavile|Pressure\n|turn|15\n|\n|t:|1700346198\n|move|p1a: Weavile|Ice Shard|p2a: Chavito\n|-resisted|p2a: Chavito\n|-damage|p2a: Chavito|5\/100\n|move|p2a: Chavito|Dazzling Gleam|p1a: Weavile\n|-supereffective|p1a: Weavile\n|-damage|p1a: Weavile|40\/100\n|\n|-heal|p2a: Chavito|11\/100|[from] item: Leftovers\n|upkeep\n|turn|16\n|\n|t:|1700346211\n|move|p1a: Weavile|Icicle Crash|p2a: Chavito\n|-resisted|p2a: Chavito\n|-damage|p2a: Chavito|0 fnt\n|faint|p2a: Chavito\n|\n|upkeep\n|\n|t:|1700346224\n|switch|p2a: BANIDO|Quagsire, M|53\/100\n|turn|17\n|\n|t:|1700346231\n|switch|p1a: Amoonguss|Amoonguss, F|100\/100\n|move|p2a: BANIDO|Recover|p2a: BANIDO\n|-heal|p2a: BANIDO|100\/100\n|\n|upkeep\n|turn|18\n|\n|t:|1700346241\n|switch|p2a: LuanSantana|Lucario, M|100\/100\n|move|p1a: Amoonguss|Sludge Bomb|p2a: LuanSantana\n|-immune|p2a: LuanSantana\n|\n|upkeep\n|turn|19\n|\n|t:|1700346257\n|switch|p1a: Skeledirge|Skeledirge, M|100\/100\n|detailschange|p2a: LuanSantana|Lucario-Mega, M\n|-mega|p2a: LuanSantana|Lucario|Lucarionite\n|move|p2a: LuanSantana|Meteor Mash|p1a: Skeledirge\n|-resisted|p1a: Skeledirge\n|-damage|p1a: Skeledirge|76\/100\n|\n|upkeep\n|turn|20\n|\n|t:|1700346286\n|switch|p2a: BANIDO|Quagsire, M|100\/100\n|-terastallize|p1a: Skeledirge|Dragon\n|move|p1a: Skeledirge|Tera Blast|p2a: BANIDO|[anim] Tera Blast Dragon\n|-damage|p2a: BANIDO|62\/100\n|\n|upkeep\n|turn|21\n|\n|t:|1700346298\n|move|p1a: Skeledirge|Tera Blast|p2a: BANIDO|[anim] Tera Blast Dragon\n|-damage|p2a: BANIDO|27\/100\n|move|p2a: BANIDO|Earthquake|p1a: Skeledirge\n|-damage|p1a: Skeledirge|49\/100\n|\n|upkeep\n|turn|22\n|\n|t:|1700346363\n|switch|p2a: Goodra|Goodra, F|53\/100\n|move|p1a: Skeledirge|Slack Off|p1a: Skeledirge\n|-heal|p1a: Skeledirge|99\/100\n|\n|upkeep\n|turn|23\n|\n|t:|1700346370\n|move|p2a: Goodra|Dragon Pulse|p1a: Skeledirge\n|-supereffective|p1a: Skeledirge\n|-damage|p1a: Skeledirge|40\/100\n|move|p1a: Skeledirge|Tera Blast|p2a: Goodra|[anim] Tera Blast Dragon\n|-supereffective|p2a: Goodra\n|-damage|p2a: Goodra|29\/100\n|\n|upkeep\n|turn|24\n|\n|t:|1700346386\n|switch|p1a: Iron Treads|Iron Treads|23\/100\n|move|p2a: Goodra|Ice Beam|p1a: Iron Treads\n|-damage|p1a: Iron Treads|0 fnt\n|faint|p1a: Iron Treads\n|-end|p1a: Iron Treads|Quark Drive|[silent]\n|\n|upkeep\n|\n|t:|1700346391\n|switch|p1a: Weavile|Weavile, F|40\/100\n|-ability|p1a: Weavile|Pressure\n|turn|25\n|\n|t:|1700346403\n|switch|p2a: Konnecticut|Centiskorch, M|100\/100\n|move|p1a: Weavile|Icicle Crash|p2a: Konnecticut\n|-resisted|p2a: Konnecticut\n|-damage|p2a: Konnecticut|78\/100\n|\n|upkeep\n|turn|26\n|\n|t:|1700346420\n|move|p1a: Weavile|Knock Off|p2a: Konnecticut\n|-damage|p2a: Konnecticut|28\/100\n|-enditem|p2a: Konnecticut|Heavy-Duty Boots|[from] move: Knock Off|[of] p1a: Weavile\n|move|p2a: Konnecticut|Coil|p2a: Konnecticut\n|-boost|p2a: Konnecticut|atk|1\n|-boost|p2a: Konnecticut|def|1\n|-boost|p2a: Konnecticut|accuracy|1\n|\n|upkeep\n|turn|27\n|\n|t:|1700346439\n|move|p1a: Weavile|Knock Off|p2a: Konnecticut\n|-damage|p2a: Konnecticut|5\/100\n|move|p2a: Konnecticut|Leech Life|p1a: Weavile\n|-supereffective|p1a: Weavile\n|-damage|p1a: Weavile|0 fnt\n|-heal|p2a: Konnecticut|20\/100|[from] drain|[of] p1a: Weavile\n|faint|p1a: Weavile\n|\n|upkeep\n|\n|t:|1700346451\n|switch|p1a: Tornadus|Tornadus-Therian, M|100\/100\n|turn|28\n|\n|t:|1700346471\n|move|p1a: Tornadus|Bleakwind Storm|p2a: Konnecticut\n|-supereffective|p2a: Konnecticut\n|-damage|p2a: Konnecticut|0 fnt\n|faint|p2a: Konnecticut\n|\n|upkeep\n|\n|t:|1700346478\n|switch|p2a: Kilowattrel|Kilowattrel, M|47\/100\n|turn|29\n|\n|t:|1700346484\n|move|p2a: Kilowattrel|Volt Switch|p1a: Tornadus\n|-supereffective|p1a: Tornadus\n|-damage|p1a: Tornadus|54\/100\n|\n|t:|1700346489\n|switch|p2a: Goodra|Goodra, F|29\/100|[from] Volt Switch\n|move|p1a: Tornadus|Heat Wave|p2a: Goodra\n|-resisted|p2a: Goodra\n|-damage|p2a: Goodra|25\/100\n|\n|upkeep\n|turn|30\n|\n|t:|1700346497\n|move|p1a: Tornadus|Knock Off|p2a: Goodra\n|-damage|p2a: Goodra|0 fnt\n|-enditem|p2a: Goodra|Assault Vest|[from] move: Knock Off|[of] p1a: Tornadus\n|faint|p2a: Goodra\n|\n|upkeep\n|\n|t:|1700346534\n|switch|p2a: Kilowattrel|Kilowattrel, M|47\/100\n|turn|31\n|\n|t:|1700346551\n|move|p2a: Kilowattrel|Thunder|p1a: Tornadus|[miss]\n|-miss|p2a: Kilowattrel|p1a: Tornadus\n|move|p1a: Tornadus|Heat Wave|p2a: Kilowattrel\n|-damage|p2a: Kilowattrel|5\/100\n|-start|p2a: Kilowattrel|Charge|Heat Wave|[from] ability: Wind Power\n|\n|upkeep\n|turn|32\n|\n|t:|1700346577\n|switch|p1a: Skeledirge|Skeledirge, M, tera:Dragon|40\/100\n|move|p2a: Kilowattrel|Thunder|p1a: Skeledirge\n|-resisted|p1a: Skeledirge\n|-damage|p1a: Skeledirge|2\/100\n|-status|p1a: Skeledirge|par\n|-end|p2a: Kilowattrel|Charge|[silent]\n|\n|upkeep\n|turn|33\n|\n|t:|1700346602\n|move|p2a: Kilowattrel|Air Slash|p1a: Skeledirge\n|-damage|p1a: Skeledirge|0 fnt\n|faint|p1a: Skeledirge\n|\n|upkeep\n|\n|t:|1700346608\n|switch|p1a: Tornadus|Tornadus-Therian, M|87\/100\n|turn|34\n|\n|t:|1700346618\n|move|p2a: Kilowattrel|Thunder|p1a: Tornadus\n|-supereffective|p1a: Tornadus\n|-damage|p1a: Tornadus|18\/100\n|move|p1a: Tornadus|Heat Wave|p2a: Kilowattrel\n|-damage|p2a: Kilowattrel|0 fnt\n|faint|p2a: Kilowattrel\n|\n|upkeep\n|\n|t:|1700346621\n|switch|p2a: LuanSantana|Lucario-Mega, M|100\/100\n|turn|35\n|\n|t:|1700346630\n|switch|p1a: Amoonguss|Amoonguss, F|100\/100\n|move|p2a: LuanSantana|Extreme Speed|p1a: Amoonguss\n|-damage|p1a: Amoonguss|79\/100\n|-damage|p2a: LuanSantana|84\/100|[from] item: Rocky Helmet|[of] p1a: Amoonguss\n|\n|upkeep\n|turn|36\n|\n|t:|1700346683\n|move|p2a: LuanSantana|Meteor Mash|p1a: Amoonguss\n|-damage|p1a: Amoonguss|32\/100\n|-boost|p2a: LuanSantana|atk|1\n|-damage|p2a: LuanSantana|68\/100|[from] item: Rocky Helmet|[of] p1a: Amoonguss\n|move|p1a: Amoonguss|Spore|p2a: LuanSantana\n|-status|p2a: LuanSantana|slp|[from] move: Spore\n|\n|upkeep\n|turn|37\n|\n|t:|1700346696\n|switch|p1a: Tornadus|Tornadus-Therian, M|51\/100\n|cant|p2a: LuanSantana|slp\n|\n|upkeep\n|turn|38\n|\n|t:|1700346720\n|-curestatus|p2a: LuanSantana|slp|[msg]\n|move|p2a: LuanSantana|Extreme Speed|p1a: Tornadus\n|-damage|p1a: Tornadus|0 fnt\n|faint|p1a: Tornadus\n|\n|upkeep\n|\n|t:|1700346726\n|switch|p1a: Amoonguss|Amoonguss, F|65\/100\n|turn|39\n|\n|t:|1700346730\n|move|p2a: LuanSantana|Meteor Mash|p1a: Amoonguss\n|-damage|p1a: Amoonguss|0 fnt\n|-damage|p2a: LuanSantana|51\/100|[from] item: Rocky Helmet|[of] p1a: Amoonguss\n|faint|p1a: Amoonguss\n|\n|win|pao web\n|l|\u2606CommunistDoggy\n|j|\u2606CommunistDoggy\n|player|p1|CommunistDoggy|clair\n|l|\u2606CommunistDoggy\n|player|p1|\n|j|\u2606CommunistDoggy\n|player|p1|CommunistDoggy|clair\n|l|\u2606CommunistDoggy\n|player|p1|\n|j|\u2606CommunistDoggy\n|player|p1|CommunistDoggy|clair\n|l|\u2606CommunistDoggy\n|player|p1|\n|j|\u2606CommunistDoggy\n|player|p1|CommunistDoggy|clair\n|l|\u2606CommunistDoggy\n|player|p1|\n","uploadtime":1700347344,"views":11,"p1id":"communistdoggy","p2id":"paoweb","formatid":"gen9nationaldexubers","rating":0,"private":0,"password":""}