{"id":"gen9nationaldexubers-1982183960","p1":"lmisdreavus","p2":"FuniPlagueMan","format":"[Gen 9] National Dex Ubers","log":"|j|\u2606lmisdreavus\n|j|\u2606FuniPlagueMan\n|t:|1698976645\n|gametype|singles\n|player|p1|lmisdreavus|1|1160\n|player|p2|FuniPlagueMan|roxie|1104\n|teamsize|p1|6\n|teamsize|p2|6\n|gen|9\n|tier|[Gen 9] National Dex Ubers\n|rated|\n|rule|HP Percentage Mod: HP is shown in percentages\n|rule|Endless Battle Clause: Forcing endless battles is banned\n|rule|OHKO Clause: OHKO moves are banned\n|rule|Evasion Moves Clause: Evasion moves are banned\n|rule|Evasion Items Clause: Evasion items are banned\n|rule|Species Clause: Limit one of each Pok\u00e9mon\n|rule|Sleep Clause Mod: Limit one foe put to sleep\n|rule|Mega Rayquaza Clause: You cannot mega evolve Rayquaza\n|clearpoke\n|poke|p1|Giratina|\n|poke|p1|Dondozo, M|\n|poke|p1|Chansey, F|\n|poke|p1|Tyranitar, F|\n|poke|p1|Ho-Oh|\n|poke|p1|Mewtwo|\n|poke|p2|Alomomola, M|\n|poke|p2|Gholdengo|\n|poke|p2|Glimmora, M|\n|poke|p2|Cyclizar, F|\n|poke|p2|Blaziken, F|\n|poke|p2|Espathra, M|\n|teampreview\n|inactive|Battle timer is ON: inactive players will automatically lose when time's up. (requested by FuniPlagueMan)\n|\n|t:|1698976653\n|start\n|switch|p1a: Tyranitar|Tyranitar, F, shiny|100\/100\n|switch|p2a: Glimmora|Glimmora, M|100\/100\n|-weather|Sandstorm|[from] ability: Sand Stream|[of] p1a: Tyranitar\n|turn|1\n|\n|t:|1698976672\n|detailschange|p1a: Tyranitar|Tyranitar-Mega, F, shiny\n|-mega|p1a: Tyranitar|Tyranitar|Tyranitarite\n|move|p2a: Glimmora|Stealth Rock|p1a: Tyranitar\n|-sidestart|p1: lmisdreavus|move: Stealth Rock\n|move|p1a: Tyranitar|Stealth Rock|p2a: Glimmora\n|-sidestart|p2: FuniPlagueMan|move: Stealth Rock\n|\n|-weather|Sandstorm|[upkeep]\n|upkeep\n|turn|2\n|\n|t:|1698976680\n|switch|p1a: Mewtwo|Mewtwo, shiny|100\/100\n|-damage|p1a: Mewtwo|88\/100|[from] Stealth Rock\n|-ability|p1a: Mewtwo|Pressure\n|move|p2a: Glimmora|Spikes|p1a: Mewtwo\n|-sidestart|p1: lmisdreavus|Spikes\n|\n|-weather|Sandstorm|[upkeep]\n|-damage|p1a: Mewtwo|82\/100|[from] Sandstorm\n|upkeep\n|turn|3\n|\n|t:|1698976707\n|switch|p2a: Alomomola|Alomomola, M|100\/100\n|-damage|p2a: Alomomola|88\/100|[from] Stealth Rock\n|move|p1a: Mewtwo|Psystrike|p2a: Alomomola\n|-damage|p2a: Alomomola|61\/100\n|\n|-weather|Sandstorm|[upkeep]\n|-damage|p1a: Mewtwo|75\/100|[from] Sandstorm\n|-damage|p2a: Alomomola|54\/100|[from] Sandstorm\n|-heal|p2a: Alomomola|61\/100|[from] item: Leftovers\n|upkeep\n|turn|4\n|\n|t:|1698976729\n|switch|p1a: Ho-Oh|Ho-Oh, shiny|100\/100\n|move|p2a: Alomomola|Protect||[still]\n|-fail|p2a: Alomomola\n|\n|-weather|Sandstorm|[upkeep]\n|-damage|p1a: Ho-Oh|94\/100|[from] Sandstorm\n|-damage|p2a: Alomomola|54\/100|[from] Sandstorm\n|-heal|p2a: Alomomola|61\/100|[from] item: Leftovers\n|upkeep\n|turn|5\n|\n|t:|1698976742\n|move|p1a: Ho-Oh|Toxic|p2a: Alomomola|[miss]\n|-miss|p1a: Ho-Oh|p2a: Alomomola\n|move|p2a: Alomomola|Toxic|p1a: Ho-Oh\n|-status|p1a: Ho-Oh|tox\n|\n|-weather|none\n|-heal|p2a: Alomomola|67\/100|[from] item: Leftovers\n|-damage|p1a: Ho-Oh|88\/100 tox|[from] psn\n|upkeep\n|turn|6\n|\n|t:|1698976748\n|move|p2a: Alomomola|Protect|p2a: Alomomola\n|-singleturn|p2a: Alomomola|Protect\n|move|p1a: Ho-Oh|Defog|p2a: Alomomola\n|-activate|p2a: Alomomola|move: Protect\n|\n|-heal|p2a: Alomomola|73\/100|[from] item: Leftovers\n|-damage|p1a: Ho-Oh|76\/100 tox|[from] psn\n|upkeep\n|turn|7\n|\n|t:|1698976759\n|switch|p2a: Gholdengo|Gholdengo|100\/100\n|-damage|p2a: Gholdengo|94\/100|[from] Stealth Rock\n|move|p1a: Ho-Oh|Toxic|p2a: Gholdengo\n|-immune|p2a: Gholdengo|[from] ability: Good as Gold\n|\n|-damage|p1a: Ho-Oh|58\/100 tox|[from] psn\n|upkeep\n|turn|8\n|\n|t:|1698976770\n|switch|p2a: Alomomola|Alomomola, M|100\/100\n|-damage|p2a: Alomomola|88\/100|[from] Stealth Rock\n|-terastallize|p1a: Ho-Oh|Fire\n|move|p1a: Ho-Oh|Sacred Fire|p2a: Alomomola\n|-resisted|p2a: Alomomola\n|-damage|p2a: Alomomola|73\/100\n|-status|p2a: Alomomola|brn\n|\n|-heal|p2a: Alomomola|79\/100 brn|[from] item: Leftovers\n|-damage|p1a: Ho-Oh|34\/100 tox|[from] psn\n|-damage|p2a: Alomomola|73\/100 brn|[from] brn\n|upkeep\n|turn|9\n|\n|t:|1698976781\n|switch|p1a: Giratina|Giratina, shiny|100\/100\n|-damage|p1a: Giratina|88\/100|[from] Stealth Rock\n|-damage|p1a: Giratina|75\/100|[from] Spikes\n|-ability|p1a: Giratina|Pressure\n|move|p2a: Alomomola|Protect||[still]\n|-fail|p2a: Alomomola\n|\n|-heal|p1a: Giratina|82\/100|[from] item: Leftovers\n|-heal|p2a: Alomomola|79\/100 brn|[from] item: Leftovers\n|-damage|p2a: Alomomola|73\/100 brn|[from] brn\n|upkeep\n|turn|10\n|\n|t:|1698976787\n|move|p1a: Giratina|Defog|p2a: Alomomola\n|-unboost|p2a: Alomomola|evasion|1\n|-sideend|p2: FuniPlagueMan|Stealth Rock|[from] move: Defog|[of] p1a: Giratina\n|-sideend|p1: lmisdreavus|Spikes|[from] move: Defog|[of] p1a: Giratina\n|-sideend|p1: lmisdreavus|Stealth Rock|[from] move: Defog|[of] p1a: Giratina\n|move|p2a: Alomomola|Toxic|p1a: Giratina\n|-status|p1a: Giratina|tox\n|\n|-heal|p2a: Alomomola|79\/100 brn|[from] item: Leftovers\n|-heal|p1a: Giratina|88\/100 tox|[from] item: Leftovers\n|-damage|p1a: Giratina|82\/100 tox|[from] psn\n|-damage|p2a: Alomomola|73\/100 brn|[from] brn\n|upkeep\n|turn|11\n|\n|t:|1698976794\n|move|p2a: Alomomola|Protect|p2a: Alomomola\n|-singleturn|p2a: Alomomola|Protect\n|move|p1a: Giratina|Toxic|p2a: Alomomola\n|-activate|p2a: Alomomola|move: Protect\n|\n|-heal|p1a: Giratina|88\/100 tox|[from] item: Leftovers\n|-heal|p2a: Alomomola|79\/100 brn|[from] item: Leftovers\n|-damage|p1a: Giratina|75\/100 tox|[from] psn\n|-damage|p2a: Alomomola|73\/100 brn|[from] brn\n|upkeep\n|turn|12\n|\n|t:|1698976804\n|move|p1a: Giratina|Rest|p1a: Giratina\n|-status|p1a: Giratina|slp|[from] move: Rest\n|-heal|p1a: Giratina|100\/100 slp|[silent]\n|move|p2a: Alomomola|Wish|p2a: Alomomola\n|\n|-heal|p2a: Alomomola|79\/100 brn|[from] item: Leftovers\n|-damage|p2a: Alomomola|73\/100 brn|[from] brn\n|upkeep\n|turn|13\n|\n|t:|1698976812\n|switch|p1a: Ho-Oh|Ho-Oh, shiny, tera:Fire|67\/100 tox\n|move|p2a: Alomomola|Flip Turn|p1a: Ho-Oh\n|-supereffective|p1a: Ho-Oh\n|-damage|p1a: Ho-Oh|56\/100 tox\n|\n|t:|1698976827\n|switch|p2a: Gholdengo|Gholdengo|94\/100|[from] Flip Turn\n|\n|-heal|p2a: Gholdengo|100\/100|[from] move: Wish|[wisher] Alomomola\n|-damage|p1a: Ho-Oh|50\/100 tox|[from] psn\n|upkeep\n|turn|14\n|\n|t:|1698976835\n|switch|p2a: Alomomola|Alomomola, M|100\/100 brn\n|switch|p1a: Tyranitar|Tyranitar-Mega, F, shiny|100\/100\n|-weather|Sandstorm|[from] ability: Sand Stream|[of] p1a: Tyranitar\n|\n|-weather|Sandstorm|[upkeep]\n|-damage|p2a: Alomomola|94\/100 brn|[from] Sandstorm\n|-heal|p2a: Alomomola|100\/100 brn|[from] item: Leftovers\n|-damage|p2a: Alomomola|94\/100 brn|[from] brn\n|upkeep\n|turn|15\n|\n|t:|1698976844\n|move|p1a: Tyranitar|Stealth Rock|p2a: Alomomola\n|-sidestart|p2: FuniPlagueMan|move: Stealth Rock\n|move|p2a: Alomomola|Toxic|p1a: Tyranitar\n|-status|p1a: Tyranitar|tox\n|\n|-weather|Sandstorm|[upkeep]\n|-damage|p2a: Alomomola|88\/100 brn|[from] Sandstorm\n|-heal|p2a: Alomomola|94\/100 brn|[from] item: Leftovers\n|-damage|p1a: Tyranitar|94\/100 tox|[from] psn\n|-damage|p2a: Alomomola|88\/100 brn|[from] brn\n|upkeep\n|turn|16\n|\n|t:|1698976851\n|move|p1a: Tyranitar|Toxic|p2a: Alomomola|[miss]\n|-miss|p1a: Tyranitar|p2a: Alomomola\n|move|p2a: Alomomola|Wish|p2a: Alomomola\n|\n|-weather|Sandstorm|[upkeep]\n|-damage|p2a: Alomomola|82\/100 brn|[from] Sandstorm\n|-heal|p2a: Alomomola|88\/100 brn|[from] item: Leftovers\n|-damage|p1a: Tyranitar|82\/100 tox|[from] psn\n|-damage|p2a: Alomomola|82\/100 brn|[from] brn\n|upkeep\n|turn|17\n|\n|t:|1698976860\n|move|p1a: Tyranitar|Knock Off|p2a: Alomomola\n|-damage|p2a: Alomomola|53\/100 brn\n|-enditem|p2a: Alomomola|Leftovers|[from] move: Knock Off|[of] p1a: Tyranitar\n|move|p2a: Alomomola|Flip Turn|p1a: Tyranitar\n|-supereffective|p1a: Tyranitar\n|-damage|p1a: Tyranitar|73\/100 tox\n|\n|t:|1698976867\n|switch|p2a: Glimmora|Glimmora, M|100\/100|[from] Flip Turn\n|-damage|p2a: Glimmora|88\/100|[from] Stealth Rock\n|\n|-weather|Sandstorm|[upkeep]\n|-heal|p2a: Glimmora|100\/100|[from] move: Wish|[wisher] Alomomola\n|-damage|p1a: Tyranitar|54\/100 tox|[from] psn\n|upkeep\n|turn|18\n|\n|t:|1698976873\n|move|p2a: Glimmora|Toxic Spikes|p1a: Tyranitar\n|-sidestart|p1: lmisdreavus|move: Toxic Spikes\n|move|p1a: Tyranitar|Rest|p1a: Tyranitar\n|-status|p1a: Tyranitar|slp|[from] move: Rest\n|-heal|p1a: Tyranitar|100\/100 slp|[silent]\n|\n|-weather|none\n|upkeep\n|turn|19\n|\n|t:|1698976884\n|switch|p1a: Chansey|Chansey, F, shiny|100\/100\n|-status|p1a: Chansey|psn\n|move|p2a: Glimmora|Toxic Spikes|p1a: Chansey\n|-sidestart|p1: lmisdreavus|move: Toxic Spikes\n|\n|-damage|p1a: Chansey|88\/100 psn|[from] psn\n|upkeep\n|turn|20\n|\n|t:|1698976891\n|move|p2a: Glimmora|Stealth Rock|p1a: Chansey\n|-sidestart|p1: lmisdreavus|move: Stealth Rock\n|move|p1a: Chansey|Heal Bell|p1a: Chansey\n|-activate|p1a: Chansey|move: Heal Bell\n|-curestatus|p1a: Chansey|psn|[msg]\n|-curestatus|p1: Tyranitar|slp|[msg]\n|-curestatus|p1: Giratina|slp|[msg]\n|-curestatus|p1: Ho-Oh|tox|[msg]\n|\n|upkeep\n|turn|21\n|\n|t:|1698976904\n|switch|p1a: Giratina|Giratina, shiny|100\/100\n|-status|p1a: Giratina|tox\n|-damage|p1a: Giratina|88\/100 tox|[from] Stealth Rock\n|-ability|p1a: Giratina|Pressure\n|move|p2a: Glimmora|Spikes|p1a: Giratina\n|-sidestart|p1: lmisdreavus|Spikes\n|\n|-heal|p1a: Giratina|94\/100 tox|[from] item: Leftovers\n|-damage|p1a: Giratina|88\/100 tox|[from] psn\n|upkeep\n|turn|22\n|\n|t:|1698976914\n|switch|p2a: Alomomola|Alomomola, M|87\/100 brn\n|-damage|p2a: Alomomola|74\/100 brn|[from] Stealth Rock\n|move|p1a: Giratina|Defog|p2a: Alomomola\n|-unboost|p2a: Alomomola|evasion|1\n|-sideend|p2: FuniPlagueMan|Stealth Rock|[from] move: Defog|[of] p1a: Giratina\n|-sideend|p1: lmisdreavus|Spikes|[from] move: Defog|[of] p1a: Giratina\n|-sideend|p1: lmisdreavus|Toxic Spikes|[from] move: Defog|[of] p1a: Giratina\n|-sideend|p1: lmisdreavus|Stealth Rock|[from] move: Defog|[of] p1a: Giratina\n|\n|-heal|p1a: Giratina|94\/100 tox|[from] item: Leftovers\n|-damage|p1a: Giratina|82\/100 tox|[from] psn\n|-damage|p2a: Alomomola|68\/100 brn|[from] brn\n|upkeep\n|turn|23\n|\n|t:|1698976931\n|switch|p1a: Ho-Oh|Ho-Oh, shiny, tera:Fire|83\/100\n|move|p2a: Alomomola|Wish|p2a: Alomomola\n|\n|-damage|p2a: Alomomola|62\/100 brn|[from] brn\n|upkeep\n|turn|24\n|\n|t:|1698976941\n|move|p2a: Alomomola|Protect|p2a: Alomomola\n|-singleturn|p2a: Alomomola|Protect\n|move|p1a: Ho-Oh|Whirlwind|p2a: Alomomola\n|drag|p2a: Blaziken|Blaziken, F|100\/100\n|\n|upkeep\n|turn|25\n|\n|t:|1698976953\n|switch|p2a: Alomomola|Alomomola, M|95\/100 brn\n|move|p1a: Ho-Oh|Toxic||[still]\n|-fail|p1a: Ho-Oh\n|\n|-damage|p2a: Alomomola|89\/100 brn|[from] brn\n|upkeep\n|turn|26\n|\n|t:|1698976961\n|switch|p1a: Giratina|Giratina, shiny|82\/100 tox\n|-ability|p1a: Giratina|Pressure\n|move|p2a: Alomomola|Wish|p2a: Alomomola\n|\n|-heal|p1a: Giratina|88\/100 tox|[from] item: Leftovers\n|-damage|p1a: Giratina|82\/100 tox|[from] psn\n|-damage|p2a: Alomomola|83\/100 brn|[from] brn\n|upkeep\n|turn|27\n|\n|t:|1698976972\n|switch|p1a: Mewtwo|Mewtwo, shiny|75\/100\n|-ability|p1a: Mewtwo|Pressure\n|move|p2a: Alomomola|Protect||[still]\n|-fail|p2a: Alomomola\n|\n|-heal|p2a: Alomomola|100\/100 brn|[from] move: Wish|[wisher] Alomomola\n|-damage|p2a: Alomomola|94\/100 brn|[from] brn\n|upkeep\n|turn|28\n|\n|t:|1698976978\n|switch|p1a: Giratina|Giratina, shiny|82\/100 tox\n|-ability|p1a: Giratina|Pressure\n|move|p2a: Alomomola|Toxic|p1a: Giratina\n|-fail|p1a: Giratina|tox\n|\n|-heal|p1a: Giratina|88\/100 tox|[from] item: Leftovers\n|-damage|p1a: Giratina|82\/100 tox|[from] psn\n|-damage|p2a: Alomomola|88\/100 brn|[from] brn\n|upkeep\n|turn|29\n|\n|t:|1698976984\n|move|p1a: Giratina|Rest|p1a: Giratina\n|-status|p1a: Giratina|slp|[from] move: Rest\n|-heal|p1a: Giratina|100\/100 slp|[silent]\n|move|p2a: Alomomola|Wish|p2a: Alomomola\n|\n|-damage|p2a: Alomomola|82\/100 brn|[from] brn\n|upkeep\n|turn|30\n|\n|t:|1698976994\n|switch|p1a: Mewtwo|Mewtwo, shiny|75\/100\n|-ability|p1a: Mewtwo|Pressure\n|move|p2a: Alomomola|Toxic|p1a: Mewtwo\n|-status|p1a: Mewtwo|tox\n|\n|-heal|p2a: Alomomola|100\/100 brn|[from] move: Wish|[wisher] Alomomola\n|-damage|p1a: Mewtwo|69\/100 tox|[from] psn\n|-damage|p2a: Alomomola|94\/100 brn|[from] brn\n|upkeep\n|turn|31\n|\n|t:|1698977005\n|switch|p1a: Ho-Oh|Ho-Oh, shiny, tera:Fire|100\/100\n|move|p2a: Alomomola|Flip Turn|p1a: Ho-Oh\n|-supereffective|p1a: Ho-Oh\n|-damage|p1a: Ho-Oh|90\/100\n|\n|t:|1698977016\n|switch|p2a: Glimmora|Glimmora, M|100\/100|[from] Flip Turn\n|\n|upkeep\n|turn|32\n|\n|t:|1698977023\n|move|p2a: Glimmora|Toxic Spikes|p1a: Ho-Oh\n|-sidestart|p1: lmisdreavus|move: Toxic Spikes\n|move|p1a: Ho-Oh|Sacred Fire|p2a: Glimmora\n|-resisted|p2a: Glimmora\n|-damage|p2a: Glimmora|72\/100\n|-activate|p2a: Glimmora|ability: Toxic Debris\n|-sidestart|p1: lmisdreavus|move: Toxic Spikes\n|\n|upkeep\n|turn|33\n|\n|t:|1698977032\n|move|p2a: Glimmora|Stealth Rock|p1a: Ho-Oh\n|-sidestart|p1: lmisdreavus|move: Stealth Rock\n|move|p1a: Ho-Oh|Sacred Fire|p2a: Glimmora\n|-resisted|p2a: Glimmora\n|-damage|p2a: Glimmora|45\/100\n|\n|upkeep\n|turn|34\n|\n|t:|1698977039\n|move|p2a: Glimmora|Spikes|p1a: Ho-Oh\n|-sidestart|p1: lmisdreavus|Spikes\n|move|p1a: Ho-Oh|Sacred Fire|p2a: Glimmora\n|-resisted|p2a: Glimmora\n|-damage|p2a: Glimmora|14\/100\n|-status|p2a: Glimmora|brn\n|\n|-damage|p2a: Glimmora|8\/100 brn|[from] brn\n|upkeep\n|turn|35\n|\n|t:|1698977047\n|switch|p2a: Alomomola|Alomomola, M|100\/100 brn\n|move|p1a: Ho-Oh|Sacred Fire|p2a: Alomomola\n|-resisted|p2a: Alomomola\n|-damage|p2a: Alomomola|86\/100 brn\n|\n|-damage|p2a: Alomomola|79\/100 brn|[from] brn\n|upkeep\n|turn|36\n|\n|t:|1698977055\n|move|p1a: Ho-Oh|Defog|p2a: Alomomola\n|-unboost|p2a: Alomomola|evasion|1\n|-sideend|p1: lmisdreavus|Spikes|[from] move: Defog|[of] p1a: Ho-Oh\n|-sideend|p1: lmisdreavus|Toxic Spikes|[from] move: Defog|[of] p1a: Ho-Oh\n|-sideend|p1: lmisdreavus|Stealth Rock|[from] move: Defog|[of] p1a: Ho-Oh\n|move|p2a: Alomomola|Wish|p2a: Alomomola\n|\n|-damage|p2a: Alomomola|73\/100 brn|[from] brn\n|upkeep\n|turn|37\n|\n|t:|1698977060\n|move|p2a: Alomomola|Toxic|p1a: Ho-Oh|[miss]\n|-miss|p2a: Alomomola|p1a: Ho-Oh\n|move|p1a: Ho-Oh|Whirlwind|p2a: Alomomola\n|drag|p2a: Espathra|Espathra, M|100\/100\n|\n|upkeep\n|turn|38\n|\n|t:|1698977066\n|switch|p2a: Alomomola|Alomomola, M|100\/100 brn\n|switch|p1a: Tyranitar|Tyranitar-Mega, F, shiny|100\/100\n|-weather|Sandstorm|[from] ability: Sand Stream|[of] p1a: Tyranitar\n|\n|-weather|Sandstorm|[upkeep]\n|-damage|p2a: Alomomola|94\/100 brn|[from] Sandstorm\n|-damage|p2a: Alomomola|88\/100 brn|[from] brn\n|upkeep\n|turn|39\n|\n|t:|1698977072\n|move|p1a: Tyranitar|Stealth Rock|p2a: Alomomola\n|-sidestart|p2: FuniPlagueMan|move: Stealth Rock\n|move|p2a: Alomomola|Toxic|p1a: Tyranitar\n|-status|p1a: Tyranitar|tox\n|\n|-weather|Sandstorm|[upkeep]\n|-damage|p2a: Alomomola|82\/100 brn|[from] Sandstorm\n|-damage|p1a: Tyranitar|94\/100 tox|[from] psn\n|-damage|p2a: Alomomola|76\/100 brn|[from] brn\n|upkeep\n|turn|40\n|\n|t:|1698977083\n|switch|p1a: Dondozo|Dondozo, M, shiny|100\/100\n|move|p2a: Alomomola|Wish|p2a: Alomomola\n|\n|-weather|Sandstorm|[upkeep]\n|-damage|p2a: Alomomola|70\/100 brn|[from] Sandstorm\n|-damage|p1a: Dondozo|94\/100|[from] Sandstorm\n|-heal|p1a: Dondozo|100\/100|[from] item: Leftovers\n|-damage|p2a: Alomomola|63\/100 brn|[from] brn\n|upkeep\n|turn|41\n|\n|t:|1698977090\n|move|p2a: Alomomola|Toxic|p1a: Dondozo\n|-status|p1a: Dondozo|tox\n|move|p1a: Dondozo|Avalanche|p2a: Alomomola\n|-resisted|p2a: Alomomola\n|-damage|p2a: Alomomola|59\/100 brn\n|\n|-weather|Sandstorm|[upkeep]\n|-damage|p2a: Alomomola|53\/100 brn|[from] Sandstorm\n|-damage|p1a: Dondozo|94\/100 tox|[from] Sandstorm\n|-heal|p2a: Alomomola|100\/100 brn|[from] move: Wish|[wisher] Alomomola\n|-heal|p1a: Dondozo|100\/100 tox|[from] item: Leftovers\n|-damage|p1a: Dondozo|94\/100 tox|[from] psn\n|-damage|p2a: Alomomola|94\/100 brn|[from] brn\n|upkeep\n|turn|42\n|\n|t:|1698977105\n|move|p2a: Alomomola|Wish|p2a: Alomomola\n|move|p1a: Dondozo|Curse|p1a: Dondozo\n|-unboost|p1a: Dondozo|spe|1\n|-boost|p1a: Dondozo|atk|1\n|-boost|p1a: Dondozo|def|1\n|\n|-weather|none\n|-heal|p1a: Dondozo|100\/100 tox|[from] item: Leftovers\n|-damage|p1a: Dondozo|88\/100 tox|[from] psn\n|-damage|p2a: Alomomola|88\/100 brn|[from] brn\n|upkeep\n|turn|43\n|\n|t:|1698977116\n|move|p2a: Alomomola|Flip Turn|p1a: Dondozo\n|-resisted|p1a: Dondozo\n|-damage|p1a: Dondozo|87\/100 tox\n|\n|t:|1698977119\n|switch|p2a: Glimmora|Glimmora, M|8\/100 brn|[from] Flip Turn\n|-damage|p2a: Glimmora|0 fnt|[from] Stealth Rock\n|faint|p2a: Glimmora\n|move|p1a: Dondozo|Avalanche|p2: Glimmora|[notarget]\n|-fail|p1a: Dondozo\n|\n|-heal|p1a: Dondozo|93\/100 tox|[from] item: Leftovers\n|-damage|p1a: Dondozo|75\/100 tox|[from] psn\n|upkeep\n|\n|t:|1698977130\n|switch|p2a: Espathra|Espathra, M|100\/100\n|-damage|p2a: Espathra|88\/100|[from] Stealth Rock\n|turn|44\n|\n|t:|1698977140\n|switch|p1a: Tyranitar|Tyranitar-Mega, F, shiny|94\/100 tox\n|-weather|Sandstorm|[from] ability: Sand Stream|[of] p1a: Tyranitar\n|move|p2a: Espathra|Calm Mind|p2a: Espathra\n|-boost|p2a: Espathra|spa|1\n|-boost|p2a: Espathra|spd|1\n|\n|-weather|Sandstorm|[upkeep]\n|-damage|p2a: Espathra|82\/100|[from] Sandstorm\n|-damage|p1a: Tyranitar|88\/100 tox|[from] psn\n|-ability|p2a: Espathra|Speed Boost|boost\n|-boost|p2a: Espathra|spe|1\n|upkeep\n|turn|45\n|\n|t:|1698977153\n|move|p2a: Espathra|Dazzling Gleam|p1a: Tyranitar\n|-supereffective|p1a: Tyranitar\n|-damage|p1a: Tyranitar|53\/100 tox\n|-damage|p2a: Espathra|72\/100|[from] item: Life Orb\n|move|p1a: Tyranitar|Knock Off|p2a: Espathra\n|-supereffective|p2a: Espathra\n|-damage|p2a: Espathra|0 fnt\n|-enditem|p2a: Espathra|Life Orb|[from] move: Knock Off|[of] p1a: Tyranitar\n|faint|p2a: Espathra\n|\n|-weather|Sandstorm|[upkeep]\n|-damage|p1a: Tyranitar|40\/100 tox|[from] psn\n|upkeep\n|\n|t:|1698977166\n|switch|p2a: Blaziken|Blaziken, F|100\/100\n|-damage|p2a: Blaziken|88\/100|[from] Stealth Rock\n|turn|46\n|\n|t:|1698977183\n|switch|p1a: Giratina|Giratina, shiny|100\/100 slp\n|-ability|p1a: Giratina|Pressure\n|detailschange|p2a: Blaziken|Blaziken-Mega, F\n|-mega|p2a: Blaziken|Blaziken|Blazikenite\n|move|p2a: Blaziken|Power-Up Punch|p1a: Giratina\n|-immune|p1a: Giratina\n|\n|-weather|Sandstorm|[upkeep]\n|-damage|p2a: Blaziken|82\/100|[from] Sandstorm\n|-damage|p1a: Giratina|94\/100 slp|[from] Sandstorm\n|-heal|p1a: Giratina|100\/100 slp|[from] item: Leftovers\n|-ability|p2a: Blaziken|Speed Boost|boost\n|-boost|p2a: Blaziken|spe|1\n|upkeep\n|turn|47\n|\n|t:|1698977197\n|move|p2a: Blaziken|Brave Bird|p1a: Giratina\n|-damage|p1a: Giratina|78\/100 slp\n|-damage|p2a: Blaziken|70\/100|[from] Recoil\n|cant|p1a: Giratina|slp\n|\n|-weather|Sandstorm|[upkeep]\n|-damage|p2a: Blaziken|64\/100|[from] Sandstorm\n|-damage|p1a: Giratina|72\/100 slp|[from] Sandstorm\n|-heal|p1a: Giratina|78\/100 slp|[from] item: Leftovers\n|-ability|p2a: Blaziken|Speed Boost|boost\n|-boost|p2a: Blaziken|spe|1\n|upkeep\n|turn|48\n|\n|t:|1698977210\n|switch|p2a: Cyclizar|Cyclizar, F|100\/100\n|-damage|p2a: Cyclizar|88\/100|[from] Stealth Rock\n|cant|p1a: Giratina|slp\n|\n|-weather|none\n|-heal|p2a: Cyclizar|94\/100|[from] item: Leftovers\n|-heal|p1a: Giratina|84\/100 slp|[from] item: Leftovers\n|upkeep\n|turn|49\n|\n|t:|1698977217\n|move|p2a: Cyclizar|Shift Gear|p2a: Cyclizar\n|-boost|p2a: Cyclizar|spe|2\n|-boost|p2a: Cyclizar|atk|1\n|-curestatus|p1a: Giratina|slp|[msg]\n|move|p1a: Giratina|Dragon Tail|p2a: Cyclizar|[miss]\n|-miss|p1a: Giratina|p2a: Cyclizar\n|\n|-heal|p2a: Cyclizar|99\/100|[from] item: Leftovers\n|-heal|p1a: Giratina|91\/100|[from] item: Leftovers\n|upkeep\n|turn|50\n|\n|t:|1698977227\n|move|p2a: Cyclizar|Outrage|p1a: Giratina\n|-supereffective|p1a: Giratina\n|-damage|p1a: Giratina|21\/100\n|move|p1a: Giratina|Dragon Tail|p2a: Cyclizar\n|-supereffective|p2a: Cyclizar\n|-damage|p2a: Cyclizar|34\/100\n|drag|p2a: Gholdengo|Gholdengo|100\/100\n|-damage|p2a: Gholdengo|94\/100|[from] Stealth Rock\n|\n|-heal|p1a: Giratina|27\/100|[from] item: Leftovers\n|upkeep\n|turn|51\n|\n|t:|1698977236\n|switch|p1a: Chansey|Chansey, F, shiny|88\/100\n|move|p2a: Gholdengo|Shadow Ball|p1a: Chansey\n|-immune|p1a: Chansey\n|\n|upkeep\n|turn|52\n|\n|t:|1698977241\n|switch|p2a: Alomomola|Alomomola, M|100\/100 brn\n|-damage|p2a: Alomomola|88\/100 brn|[from] Stealth Rock\n|switch|p1a: Ho-Oh|Ho-Oh, shiny, tera:Fire|100\/100\n|\n|-damage|p2a: Alomomola|82\/100 brn|[from] brn\n|upkeep\n|turn|53\n|\n|t:|1698977251\n|switch|p1a: Giratina|Giratina, shiny|27\/100\n|-ability|p1a: Giratina|Pressure\n|move|p2a: Alomomola|Toxic|p1a: Giratina\n|-status|p1a: Giratina|tox\n|\n|-heal|p1a: Giratina|33\/100 tox|[from] item: Leftovers\n|-damage|p1a: Giratina|27\/100 tox|[from] psn\n|-damage|p2a: Alomomola|76\/100 brn|[from] brn\n|upkeep\n|turn|54\n|\n|t:|1698977257\n|move|p2a: Alomomola|Wish|p2a: Alomomola\n|move|p1a: Giratina|Rest|p1a: Giratina\n|-status|p1a: Giratina|slp|[from] move: Rest\n|-heal|p1a: Giratina|100\/100 slp|[silent]\n|\n|-damage|p2a: Alomomola|70\/100 brn|[from] brn\n|upkeep\n|turn|55\n|\n|t:|1698977271\n|switch|p1a: Tyranitar|Tyranitar-Mega, F, shiny|40\/100 tox\n|-weather|Sandstorm|[from] ability: Sand Stream|[of] p1a: Tyranitar\n|move|p2a: Alomomola|Flip Turn|p1a: Tyranitar\n|-supereffective|p1a: Tyranitar\n|-damage|p1a: Tyranitar|31\/100 tox\n|\n|t:|1698977279\n|switch|p2a: Blaziken|Blaziken-Mega, F|64\/100|[from] Flip Turn\n|-damage|p2a: Blaziken|52\/100|[from] Stealth Rock\n|\n|-weather|Sandstorm|[upkeep]\n|-damage|p2a: Blaziken|46\/100|[from] Sandstorm\n|-heal|p2a: Blaziken|100\/100|[from] move: Wish|[wisher] Alomomola\n|-damage|p1a: Tyranitar|25\/100 tox|[from] psn\n|upkeep\n|turn|56\n|\n|t:|1698977293\n|switch|p1a: Giratina|Giratina, shiny|100\/100 slp\n|-ability|p1a: Giratina|Pressure\n|move|p2a: Blaziken|Brave Bird|p1a: Giratina\n|-damage|p1a: Giratina|78\/100 slp\n|-damage|p2a: Blaziken|88\/100|[from] Recoil\n|\n|-weather|Sandstorm|[upkeep]\n|-damage|p2a: Blaziken|82\/100|[from] Sandstorm\n|-damage|p1a: Giratina|72\/100 slp|[from] Sandstorm\n|-heal|p1a: Giratina|78\/100 slp|[from] item: Leftovers\n|-ability|p2a: Blaziken|Speed Boost|boost\n|-boost|p2a: Blaziken|spe|1\n|upkeep\n|turn|57\n|\n|t:|1698977313\n|switch|p2a: Gholdengo|Gholdengo|94\/100\n|-damage|p2a: Gholdengo|88\/100|[from] Stealth Rock\n|cant|p1a: Giratina|slp\n|\n|-weather|Sandstorm|[upkeep]\n|-damage|p1a: Giratina|72\/100 slp|[from] Sandstorm\n|-heal|p1a: Giratina|78\/100 slp|[from] item: Leftovers\n|upkeep\n|turn|58\n|\n|t:|1698977323\n|switch|p1a: Ho-Oh|Ho-Oh, shiny, tera:Fire|100\/100\n|move|p2a: Gholdengo|Shadow Ball|p1a: Ho-Oh\n|-damage|p1a: Ho-Oh|76\/100\n|-unboost|p1a: Ho-Oh|spd|1\n|\n|-weather|Sandstorm|[upkeep]\n|-damage|p1a: Ho-Oh|70\/100|[from] Sandstorm\n|upkeep\n|turn|59\n|\n|t:|1698977334\n|switch|p2a: Alomomola|Alomomola, M|100\/100 brn\n|-damage|p2a: Alomomola|88\/100 brn|[from] Stealth Rock\n|switch|p1a: Chansey|Chansey, F, shiny|88\/100\n|\n|-weather|none\n|-damage|p2a: Alomomola|82\/100 brn|[from] brn\n|upkeep\n|turn|60\n|\n|t:|1698977344\n|switch|p1a: Tyranitar|Tyranitar-Mega, F, shiny|25\/100 tox\n|-weather|Sandstorm|[from] ability: Sand Stream|[of] p1a: Tyranitar\n|move|p2a: Alomomola|Toxic|p1a: Tyranitar\n|-fail|p1a: Tyranitar|tox\n|\n|-weather|Sandstorm|[upkeep]\n|-damage|p2a: Alomomola|76\/100 brn|[from] Sandstorm\n|-damage|p1a: Tyranitar|18\/100 tox|[from] psn\n|-damage|p2a: Alomomola|70\/100 brn|[from] brn\n|upkeep\n|turn|61\n|\n|t:|1698977349\n|move|p1a: Tyranitar|Rest|p1a: Tyranitar\n|-status|p1a: Tyranitar|slp|[from] move: Rest\n|-heal|p1a: Tyranitar|100\/100 slp|[silent]\n|move|p2a: Alomomola|Wish|p2a: Alomomola\n|\n|-weather|Sandstorm|[upkeep]\n|-damage|p2a: Alomomola|63\/100 brn|[from] Sandstorm\n|-damage|p2a: Alomomola|57\/100 brn|[from] brn\n|upkeep\n|turn|62\n|\n|t:|1698977359\n|cant|p1a: Tyranitar|slp\n|move|p2a: Alomomola|Flip Turn|p1a: Tyranitar\n|-supereffective|p1a: Tyranitar\n|-damage|p1a: Tyranitar|92\/100 slp\n|\n|t:|1698977368\n|switch|p2a: Cyclizar|Cyclizar, F|68\/100|[from] Flip Turn\n|-damage|p2a: Cyclizar|55\/100|[from] Stealth Rock\n|\n|-weather|Sandstorm|[upkeep]\n|-damage|p2a: Cyclizar|49\/100|[from] Sandstorm\n|-heal|p2a: Cyclizar|100\/100|[from] move: Wish|[wisher] Alomomola\n|upkeep\n|turn|63\n|\n|t:|1698977387\n|switch|p1a: Dondozo|Dondozo, M, shiny|75\/100 tox\n|move|p2a: Cyclizar|Rapid Spin|p1a: Dondozo\n|-damage|p1a: Dondozo|66\/100 tox\n|-boost|p2a: Cyclizar|spe|1\n|-sideend|p2: FuniPlagueMan|Stealth Rock|[from] move: Rapid Spin|[of] p2a: Cyclizar\n|\n|-weather|Sandstorm|[upkeep]\n|-damage|p2a: Cyclizar|94\/100|[from] Sandstorm\n|-damage|p1a: Dondozo|59\/100 tox|[from] Sandstorm\n|-heal|p2a: Cyclizar|100\/100|[from] item: Leftovers\n|-heal|p1a: Dondozo|66\/100 tox|[from] item: Leftovers\n|-damage|p1a: Dondozo|59\/100 tox|[from] psn\n|upkeep\n|turn|64\n|\n|t:|1698977404\n|move|p2a: Cyclizar|Shift Gear|p2a: Cyclizar\n|-boost|p2a: Cyclizar|spe|2\n|-boost|p2a: Cyclizar|atk|1\n|move|p1a: Dondozo|Rest|p1a: Dondozo\n|-status|p1a: Dondozo|slp|[from] move: Rest\n|-heal|p1a: Dondozo|100\/100 slp|[silent]\n|\n|-weather|none\n|upkeep\n|turn|65\n|\n|t:|1698977413\n|move|p2a: Cyclizar|Shift Gear|p2a: Cyclizar\n|-boost|p2a: Cyclizar|spe|2\n|-boost|p2a: Cyclizar|atk|1\n|cant|p1a: Dondozo|slp\n|\n|upkeep\n|turn|66\n|\n|t:|1698977419\n|move|p2a: Cyclizar|Shift Gear|p2a: Cyclizar\n|-boost|p2a: Cyclizar|spe|1\n|-boost|p2a: Cyclizar|atk|1\n|cant|p1a: Dondozo|slp\n|\n|upkeep\n|turn|67\n|\n|t:|1698977429\n|-terastallize|p2a: Cyclizar|Dragon\n|move|p2a: Cyclizar|Outrage|p1a: Dondozo\n|-damage|p1a: Dondozo|72\/100 slp\n|-curestatus|p1a: Dondozo|slp|[msg]\n|move|p1a: Dondozo|Curse|p1a: Dondozo\n|-unboost|p1a: Dondozo|spe|1\n|-boost|p1a: Dondozo|atk|1\n|-boost|p1a: Dondozo|def|1\n|\n|-heal|p1a: Dondozo|78\/100|[from] item: Leftovers\n|upkeep\n|turn|68\n|\n|t:|1698977437\n|move|p2a: Cyclizar|Outrage|p1a: Dondozo|[from]lockedmove\n|-damage|p1a: Dondozo|56\/100\n|-start|p2a: Cyclizar|confusion|[fatigue]\n|move|p1a: Dondozo|Avalanche|p2a: Cyclizar\n|-supereffective|p2a: Cyclizar\n|-damage|p2a: Cyclizar|0 fnt\n|faint|p2a: Cyclizar\n|\n|-heal|p1a: Dondozo|62\/100|[from] item: Leftovers\n|upkeep\n|\n|t:|1698977444\n|switch|p2a: Alomomola|Alomomola, M|91\/100 brn\n|turn|69\n|\n|t:|1698977451\n|move|p2a: Alomomola|Toxic|p1a: Dondozo\n|-status|p1a: Dondozo|tox\n|move|p1a: Dondozo|Curse|p1a: Dondozo\n|-unboost|p1a: Dondozo|spe|1\n|-boost|p1a: Dondozo|atk|1\n|-boost|p1a: Dondozo|def|1\n|\n|-heal|p1a: Dondozo|69\/100 tox|[from] item: Leftovers\n|-damage|p1a: Dondozo|62\/100 tox|[from] psn\n|-damage|p2a: Alomomola|84\/100 brn|[from] brn\n|upkeep\n|turn|70\n|\n|t:|1698977465\n|move|p2a: Alomomola|Wish|p2a: Alomomola\n|move|p1a: Dondozo|Rest|p1a: Dondozo\n|-status|p1a: Dondozo|slp|[from] move: Rest\n|-heal|p1a: Dondozo|100\/100 slp|[silent]\n|\n|-damage|p2a: Alomomola|78\/100 brn|[from] brn\n|upkeep\n|turn|71\n|\n|t:|1698977473\n|move|p2a: Alomomola|Flip Turn|p1a: Dondozo\n|-resisted|p1a: Dondozo\n|-damage|p1a: Dondozo|99\/100 slp\n|\n|t:|1698977476\n|switch|p2a: Gholdengo|Gholdengo|88\/100|[from] Flip Turn\n|cant|p1a: Dondozo|slp\n|\n|-heal|p2a: Gholdengo|100\/100|[from] move: Wish|[wisher] Alomomola\n|-heal|p1a: Dondozo|100\/100 slp|[from] item: Leftovers\n|upkeep\n|turn|72\n|\n|t:|1698977481\n|switch|p1a: Ho-Oh|Ho-Oh, shiny, tera:Fire|100\/100\n|move|p2a: Gholdengo|Trick|p1a: Ho-Oh\n|-activate|p2a: Gholdengo|move: Trick|[of] p1a: Ho-Oh\n|-item|p1a: Ho-Oh|Choice Scarf|[from] move: Trick\n|-item|p2a: Gholdengo|Heavy-Duty Boots|[from] move: Trick\n|\n|upkeep\n|turn|73\n|\n|t:|1698977489\n|switch|p2a: Alomomola|Alomomola, M|100\/100 brn\n|move|p1a: Ho-Oh|Whirlwind|p2a: Alomomola\n|drag|p2a: Blaziken|Blaziken-Mega, F|82\/100\n|\n|upkeep\n|turn|74\n|\n|t:|1698977502\n|switch|p1a: Giratina|Giratina, shiny|78\/100 slp\n|-ability|p1a: Giratina|Pressure\n|move|p2a: Blaziken|Power-Up Punch|p1a: Giratina\n|-immune|p1a: Giratina\n|\n|-heal|p1a: Giratina|84\/100 slp|[from] item: Leftovers\n|-ability|p2a: Blaziken|Speed Boost|boost\n|-boost|p2a: Blaziken|spe|1\n|upkeep\n|turn|75\n|\n|t:|1698977507\n|switch|p2a: Gholdengo|Gholdengo|100\/100\n|cant|p1a: Giratina|slp\n|\n|-heal|p1a: Giratina|90\/100 slp|[from] item: Leftovers\n|upkeep\n|turn|76\n|\n|t:|1698977516\n|switch|p1a: Ho-Oh|Ho-Oh, shiny, tera:Fire|100\/100\n|move|p2a: Gholdengo|Shadow Ball|p1a: Ho-Oh\n|-damage|p1a: Ho-Oh|76\/100\n|-unboost|p1a: Ho-Oh|spd|1\n|\n|upkeep\n|turn|77\n|\n|t:|1698977526\n|switch|p1a: Chansey|Chansey, F, shiny|88\/100\n|switch|p2a: Alomomola|Alomomola, M|100\/100 brn\n|\n|-damage|p2a: Alomomola|94\/100 brn|[from] brn\n|upkeep\n|turn|78\n|\n|t:|1698977533\n|move|p2a: Alomomola|Toxic|p1a: Chansey\n|-status|p1a: Chansey|tox\n|move|p1a: Chansey|Heal Bell|p1a: Chansey\n|-activate|p1a: Chansey|move: Heal Bell\n|-curestatus|p1a: Chansey|tox|[msg]\n|-curestatus|p1: Tyranitar|slp|[msg]\n|-curestatus|p1: Dondozo|slp|[msg]\n|-curestatus|p1: Giratina|slp|[msg]\n|-curestatus|p1: Mewtwo|tox|[msg]\n|\n|-damage|p2a: Alomomola|88\/100 brn|[from] brn\n|upkeep\n|turn|79\n|\n|t:|1698977548\n|move|p2a: Alomomola|Flip Turn|p1a: Chansey\n|-damage|p1a: Chansey|81\/100\n|\n|t:|1698977554\n|switch|p2a: Gholdengo|Gholdengo|100\/100|[from] Flip Turn\n|move|p1a: Chansey|Seismic Toss|p2a: Gholdengo\n|-immune|p2a: Gholdengo\n|\n|upkeep\n|turn|80\n|\n|t:|1698977564\n|switch|p1a: Ho-Oh|Ho-Oh, shiny, tera:Fire|100\/100\n|move|p2a: Gholdengo|Make It Rain|p1a: Ho-Oh\n|-resisted|p1a: Ho-Oh\n|-damage|p1a: Ho-Oh|83\/100\n|-unboost|p2a: Gholdengo|spa|1\n|\n|upkeep\n|turn|81\n|c|\u2606FuniPlagueMan|I\u2019m so done\n|\n|t:|1698977584\n|switch|p1a: Mewtwo|Mewtwo, shiny|69\/100\n|-ability|p1a: Mewtwo|Pressure\n|switch|p2a: Alomomola|Alomomola, M|100\/100 brn\n|\n|-damage|p2a: Alomomola|94\/100 brn|[from] brn\n|upkeep\n|turn|82\n|\n|t:|1698977590\n|move|p1a: Mewtwo|Recover|p1a: Mewtwo\n|-heal|p1a: Mewtwo|100\/100\n|move|p2a: Alomomola|Flip Turn|p1a: Mewtwo\n|-damage|p1a: Mewtwo|93\/100\n|-damage|p2a: Alomomola|78\/100 brn|[from] item: Rocky Helmet|[of] p1a: Mewtwo\n|\n|t:|1698977596\n|switch|p2a: Gholdengo|Gholdengo|100\/100|[from] Flip Turn\n|\n|upkeep\n|turn|83\n|\n|t:|1698977599\n|move|p1a: Mewtwo|Foul Play|p2a: Gholdengo\n|-supereffective|p2a: Gholdengo\n|-damage|p2a: Gholdengo|76\/100\n|move|p2a: Gholdengo|Shadow Ball|p1a: Mewtwo\n|-supereffective|p1a: Mewtwo\n|-damage|p1a: Mewtwo|23\/100\n|\n|upkeep\n|turn|84\n|\n|t:|1698977607\n|switch|p1a: Ho-Oh|Ho-Oh, shiny, tera:Fire|100\/100\n|move|p2a: Gholdengo|Shadow Ball|p1a: Ho-Oh\n|-damage|p1a: Ho-Oh|79\/100\n|\n|upkeep\n|turn|85\n|\n|t:|1698977616\n|switch|p1a: Tyranitar|Tyranitar-Mega, F, shiny|92\/100\n|-weather|Sandstorm|[from] ability: Sand Stream|[of] p1a: Tyranitar\n|move|p2a: Gholdengo|Shadow Ball|p1a: Tyranitar\n|-resisted|p1a: Tyranitar\n|-damage|p1a: Tyranitar|84\/100\n|\n|-weather|Sandstorm|[upkeep]\n|upkeep\n|turn|86\n|\n|t:|1698977628\n|switch|p2a: Blaziken|Blaziken-Mega, F|82\/100\n|move|p1a: Tyranitar|Knock Off|p2a: Blaziken\n|-resisted|p2a: Blaziken\n|-damage|p2a: Blaziken|59\/100\n|\n|-weather|Sandstorm|[upkeep]\n|-damage|p2a: Blaziken|53\/100|[from] Sandstorm\n|upkeep\n|turn|87\n|\n|t:|1698977635\n|switch|p1a: Giratina|Giratina, shiny|90\/100\n|-ability|p1a: Giratina|Pressure\n|move|p2a: Blaziken|Blaze Kick|p1a: Giratina\n|-resisted|p1a: Giratina\n|-damage|p1a: Giratina|78\/100\n|\n|-weather|Sandstorm|[upkeep]\n|-damage|p2a: Blaziken|47\/100|[from] Sandstorm\n|-damage|p1a: Giratina|72\/100|[from] Sandstorm\n|-heal|p1a: Giratina|78\/100|[from] item: Leftovers\n|-ability|p2a: Blaziken|Speed Boost|boost\n|-boost|p2a: Blaziken|spe|1\n|upkeep\n|turn|88\n|\n|t:|1698977649\n|move|p2a: Blaziken|Blaze Kick|p1a: Giratina\n|-resisted|p1a: Giratina\n|-damage|p1a: Giratina|66\/100\n|move|p1a: Giratina|Dragon Tail|p2a: Blaziken\n|-damage|p2a: Blaziken|20\/100\n|drag|p2a: Gholdengo|Gholdengo|76\/100\n|\n|-weather|Sandstorm|[upkeep]\n|-damage|p1a: Giratina|59\/100|[from] Sandstorm\n|-heal|p1a: Giratina|66\/100|[from] item: Leftovers\n|upkeep\n|turn|89\n|\n|t:|1698977660\n|switch|p1a: Ho-Oh|Ho-Oh, shiny, tera:Fire|100\/100\n|move|p2a: Gholdengo|Shadow Ball|p1a: Ho-Oh\n|-damage|p1a: Ho-Oh|79\/100\n|\n|-weather|none\n|upkeep\n|turn|90\n|\n|t:|1698977668\n|switch|p1a: Tyranitar|Tyranitar-Mega, F, shiny|84\/100\n|-weather|Sandstorm|[from] ability: Sand Stream|[of] p1a: Tyranitar\n|move|p2a: Gholdengo|Shadow Ball|p1a: Tyranitar\n|-resisted|p1a: Tyranitar\n|-damage|p1a: Tyranitar|77\/100\n|\n|-weather|Sandstorm|[upkeep]\n|upkeep\n|turn|91\n|\n|t:|1698977673\n|switch|p2a: Alomomola|Alomomola, M|100\/100 brn\n|move|p1a: Tyranitar|Knock Off|p2a: Alomomola\n|-damage|p2a: Alomomola|81\/100 brn\n|\n|-weather|Sandstorm|[upkeep]\n|-damage|p2a: Alomomola|75\/100 brn|[from] Sandstorm\n|-damage|p2a: Alomomola|69\/100 brn|[from] brn\n|upkeep\n|turn|92\n|\n|t:|1698977680\n|move|p1a: Tyranitar|Stealth Rock|p2a: Alomomola\n|-sidestart|p2: FuniPlagueMan|move: Stealth Rock\n|move|p2a: Alomomola|Wish|p2a: Alomomola\n|\n|-weather|Sandstorm|[upkeep]\n|-damage|p2a: Alomomola|63\/100 brn|[from] Sandstorm\n|-damage|p2a: Alomomola|57\/100 brn|[from] brn\n|upkeep\n|turn|93\n|\n|t:|1698977690\n|switch|p1a: Ho-Oh|Ho-Oh, shiny, tera:Fire|100\/100\n|move|p2a: Alomomola|Flip Turn|p1a: Ho-Oh\n|-supereffective|p1a: Ho-Oh\n|-crit|p1a: Ho-Oh\n|-damage|p1a: Ho-Oh|84\/100\n|c|\u2606FuniPlagueMan|I ran out of toxic dude\n|c|\u2606FuniPlagueMan|how does this jappen\n|inactive|FuniPlagueMan has 120 seconds left.\n|\n|t:|1698977713\n|switch|p2a: Gholdengo|Gholdengo|76\/100|[from] Flip Turn\n|\n|-weather|Sandstorm|[upkeep]\n|-damage|p1a: Ho-Oh|78\/100|[from] Sandstorm\n|-heal|p2a: Gholdengo|100\/100|[from] move: Wish|[wisher] Alomomola\n|upkeep\n|turn|94\n|\n|t:|1698977718\n|switch|p1a: Chansey|Chansey, F, shiny|81\/100\n|move|p2a: Gholdengo|Shadow Ball|p1a: Chansey\n|-immune|p1a: Chansey\n|\n|-weather|none\n|upkeep\n|turn|95\n|\n|t:|1698977728\n|switch|p1a: Ho-Oh|Ho-Oh, shiny, tera:Fire|100\/100\n|move|p2a: Gholdengo|Trick|p1a: Ho-Oh\n|-activate|p2a: Gholdengo|move: Trick|[of] p1a: Ho-Oh\n|-item|p1a: Ho-Oh|Heavy-Duty Boots|[from] move: Trick\n|-item|p2a: Gholdengo|Choice Scarf|[from] move: Trick\n|\n|upkeep\n|turn|96\n|\n|t:|1698977734\n|switch|p1a: Tyranitar|Tyranitar-Mega, F, shiny|77\/100\n|-weather|Sandstorm|[from] ability: Sand Stream|[of] p1a: Tyranitar\n|move|p2a: Gholdengo|Trick||[still]\n|-fail|p2a: Gholdengo\n|\n|-weather|Sandstorm|[upkeep]\n|upkeep\n|turn|97\n|\n|t:|1698977743\n|switch|p2a: Alomomola|Alomomola, M|90\/100 brn\n|-damage|p2a: Alomomola|78\/100 brn|[from] Stealth Rock\n|move|p1a: Tyranitar|Knock Off|p2a: Alomomola\n|-damage|p2a: Alomomola|58\/100 brn\n|\n|-weather|Sandstorm|[upkeep]\n|-damage|p2a: Alomomola|52\/100 brn|[from] Sandstorm\n|-damage|p2a: Alomomola|46\/100 brn|[from] brn\n|upkeep\n|turn|98\n|\n|t:|1698977749\n|move|p1a: Tyranitar|Knock Off|p2a: Alomomola\n|-damage|p2a: Alomomola|27\/100 brn\n|move|p2a: Alomomola|Wish|p2a: Alomomola\n|\n|-weather|Sandstorm|[upkeep]\n|-damage|p2a: Alomomola|21\/100 brn|[from] Sandstorm\n|-damage|p2a: Alomomola|15\/100 brn|[from] brn\n|upkeep\n|turn|99\n|inactive|FuniPlagueMan has 120 seconds left.\n|\n|t:|1698977763\n|move|p1a: Tyranitar|Knock Off|p2a: Alomomola\n|-damage|p2a: Alomomola|0 fnt\n|faint|p2a: Alomomola\n|\n|-weather|Sandstorm|[upkeep]\n|upkeep\n|inactive|FuniPlagueMan has 120 seconds left.\n|\n|t:|1698977772\n|switch|p2a: Gholdengo|Gholdengo|100\/100\n|-damage|p2a: Gholdengo|94\/100|[from] Stealth Rock\n|turn|100\n|\n|t:|1698977774\n|move|p2a: Gholdengo|Make It Rain|p1a: Tyranitar\n|-supereffective|p1a: Tyranitar\n|-damage|p1a: Tyranitar|32\/100\n|-unboost|p2a: Gholdengo|spa|1\n|move|p1a: Tyranitar|Knock Off|p2a: Gholdengo\n|-supereffective|p2a: Gholdengo\n|-damage|p2a: Gholdengo|0 fnt\n|-enditem|p2a: Gholdengo|Choice Scarf|[from] move: Knock Off|[of] p1a: Tyranitar\n|faint|p2a: Gholdengo\n|\n|-weather|none\n|upkeep\n|\n|t:|1698977781\n|switch|p2a: Blaziken|Blaziken-Mega, F|20\/100\n|-damage|p2a: Blaziken|7\/100|[from] Stealth Rock\n|turn|101\n|c|\u2606FuniPlagueMan|Finally\n|c|\u2606FuniPlagueMan|kill me\n|inactive|FuniPlagueMan has 120 seconds left.\n|\n|t:|1698977792\n|switch|p1a: Giratina|Giratina, shiny|66\/100\n|-ability|p1a: Giratina|Pressure\n|move|p2a: Blaziken|High Jump Kick|p1a: Giratina\n|-immune|p1a: Giratina\n|-damage|p2a: Blaziken|0 fnt|[from] highjumpkick\n|faint|p2a: Blaziken\n|\n|win|lmisdreavus\n|raw|lmisdreavus's rating: 1160 &rarr; <strong>1181<\/strong><br \/>(+21 for winning)\n|raw|FuniPlagueMan's rating: 1104 &rarr; <strong>1083<\/strong><br \/>(-21 for losing)\n|l|\u2606lmisdreavus\n","uploadtime":1698977804,"views":4,"p1id":"lmisdreavus","p2id":"funiplagueman","formatid":"gen9nationaldexubers","rating":1083,"private":0,"password":""}