{"id":"gen9nationaldexubers-1990683262","p1":"tskkk","p2":"FEARLESS PARROT","format":"[Gen 9] National Dex Ubers","log":"|j|\u2606tskkk\n|j|\u2606FEARLESS PARROT\n|t:|1699991469\n|gametype|singles\n|player|p1|tskkk|preschoolerf|\n|player|p2|FEARLESS PARROT|steven|\n|teamsize|p1|6\n|teamsize|p2|6\n|gen|9\n|tier|[Gen 9] National Dex Ubers\n|rule|HP Percentage Mod: HP is shown in percentages\n|rule|Endless Battle Clause: Forcing endless battles is banned\n|rule|OHKO Clause: OHKO moves are banned\n|rule|Evasion Moves Clause: Evasion moves are banned\n|rule|Evasion Items Clause: Evasion items are banned\n|rule|Species Clause: Limit one of each Pok\u00e9mon\n|rule|Sleep Clause Mod: Limit one foe put to sleep\n|rule|Mega Rayquaza Clause: You cannot mega evolve Rayquaza\n|clearpoke\n|poke|p1|Rotom-Mow|\n|poke|p1|Milotic, F|\n|poke|p1|Doublade, M|\n|poke|p1|Malamar, F|\n|poke|p1|Kangaskhan, F|\n|poke|p1|Chandelure, F|\n|poke|p2|Hippowdon, F|\n|poke|p2|Excadrill, M|\n|poke|p2|Tyranitar, F|\n|poke|p2|Gastrodon, M|\n|poke|p2|Amoonguss, F|\n|poke|p2|Rotom-Heat|\n|teampreview\n|inactive|Battle timer is ON: inactive players will automatically lose when time's up. (requested by FEARLESS PARROT)\n|\n|t:|1699991481\n|start\n|switch|p1a: BDevious|Rotom-Mow, shiny|100\/100\n|switch|p2a: Hippowdon|Hippowdon, F|100\/100\n|-weather|Sandstorm|[from] ability: Sand Stream|[of] p2a: Hippowdon\n|turn|1\n|\n|t:|1699991492\n|switch|p2a: Rotom|Rotom-Heat|100\/100\n|move|p1a: BDevious|Leaf Storm|p2a: Rotom|[miss]\n|-miss|p1a: BDevious|p2a: Rotom\n|\n|-weather|Sandstorm|[upkeep]\n|-damage|p2a: Rotom|94\/100|[from] Sandstorm\n|-damage|p1a: BDevious|94\/100|[from] Sandstorm\n|upkeep\n|turn|2\n|\n|t:|1699991501\n|switch|p1a: BDevil|Chandelure, F, shiny|100\/100\n|move|p2a: Rotom|Will-O-Wisp|p1a: BDevil\n|-start|p1a: BDevil|ability: Flash Fire\n|\n|-weather|Sandstorm|[upkeep]\n|-damage|p1a: BDevil|94\/100|[from] Sandstorm\n|-damage|p2a: Rotom|88\/100|[from] Sandstorm\n|upkeep\n|turn|3\n|\n|t:|1699991516\n|move|p1a: BDevil|Trick|p2a: Rotom\n|-activate|p1a: BDevil|move: Trick|[of] p2a: Rotom\n|-item|p2a: Rotom|Choice Scarf|[from] move: Trick\n|-item|p1a: BDevil|Flame Plate|[from] move: Trick\n|move|p2a: Rotom|Thunderbolt|p1a: BDevil\n|-damage|p1a: BDevil|36\/100\n|\n|-weather|Sandstorm|[upkeep]\n|-damage|p2a: Rotom|82\/100|[from] Sandstorm\n|-damage|p1a: BDevil|30\/100|[from] Sandstorm\n|upkeep\n|turn|4\n|\n|t:|1699991527\n|-end|p1a: BDevil|ability: Flash Fire|[silent]\n|switch|p1a: BDevious|Rotom-Mow, shiny|94\/100\n|move|p2a: Rotom|Thunderbolt|p1a: BDevious\n|-resisted|p1a: BDevious\n|-damage|p1a: BDevious|83\/100\n|\n|-weather|Sandstorm|[upkeep]\n|-damage|p2a: Rotom|76\/100|[from] Sandstorm\n|-damage|p1a: BDevious|76\/100|[from] Sandstorm\n|upkeep\n|turn|5\n|\n|t:|1699991537\n|switch|p2a: Amoonguss|Amoonguss, F|100\/100\n|move|p1a: BDevious|Volt Switch|p2a: Amoonguss\n|-resisted|p2a: Amoonguss\n|-damage|p2a: Amoonguss|91\/100\n|\n|t:|1699991555\n|switch|p1a: BDomination|Malamar, F, shiny|100\/100|[from] Volt Switch\n|\n|-weather|Sandstorm|[upkeep]\n|-damage|p1a: BDomination|94\/100|[from] Sandstorm\n|-damage|p2a: Amoonguss|85\/100|[from] Sandstorm\n|-heal|p1a: BDomination|100\/100|[from] item: Leftovers\n|-heal|p2a: Amoonguss|91\/100|[from] item: Black Sludge\n|upkeep\n|turn|6\n|\n|t:|1699991564\n|move|p1a: BDomination|Superpower|p2a: Amoonguss\n|-resisted|p2a: Amoonguss\n|-damage|p2a: Amoonguss|78\/100\n|-boost|p1a: BDomination|atk|1\n|-boost|p1a: BDomination|def|1\n|move|p2a: Amoonguss|Spore|p1a: BDomination\n|-status|p1a: BDomination|slp|[from] move: Spore\n|\n|-weather|Sandstorm|[upkeep]\n|-damage|p1a: BDomination|94\/100 slp|[from] Sandstorm\n|-damage|p2a: Amoonguss|72\/100|[from] Sandstorm\n|-heal|p1a: BDomination|100\/100 slp|[from] item: Leftovers\n|-heal|p2a: Amoonguss|78\/100|[from] item: Black Sludge\n|upkeep\n|turn|7\n|\n|t:|1699991577\n|switch|p2a: Tyranitar|Tyranitar, F|100\/100\n|cant|p1a: BDomination|slp\n|move|p1a: BDomination|Sleep Talk|p1a: BDomination\n|move|p1a: BDomination|Superpower|p2a: Tyranitar|[from]move: Sleep Talk\n|-supereffective|p2a: Tyranitar\n|-damage|p2a: Tyranitar|0 fnt\n|-boost|p1a: BDomination|atk|1\n|-boost|p1a: BDomination|def|1\n|faint|p2a: Tyranitar\n|\n|-weather|Sandstorm|[upkeep]\n|-damage|p1a: BDomination|94\/100 slp|[from] Sandstorm\n|-heal|p1a: BDomination|100\/100 slp|[from] item: Leftovers\n|upkeep\n|c|\u2606FEARLESS PARROT|Well then\n|\n|t:|1699991593\n|switch|p2a: Gastrodon|Gastrodon, M|100\/100\n|turn|8\n|\n|t:|1699991597\n|cant|p1a: BDomination|slp\n|move|p1a: BDomination|Sleep Talk|p1a: BDomination\n|move|p1a: BDomination|Rest||[from]move: Sleep Talk|[still]\n|-fail|p1a: BDomination\n|move|p2a: Gastrodon|Scald|p1a: BDomination\n|-damage|p1a: BDomination|81\/100 slp\n|\n|-weather|none\n|-heal|p1a: BDomination|87\/100 slp|[from] item: Leftovers\n|upkeep\n|turn|9\n|\n|t:|1699991610\n|-curestatus|p1a: BDomination|slp|[msg]\n|move|p1a: BDomination|Superpower|p2a: Gastrodon\n|-crit|p2a: Gastrodon\n|-damage|p2a: Gastrodon|40\/100\n|-boost|p1a: BDomination|atk|1\n|-boost|p1a: BDomination|def|1\n|move|p2a: Gastrodon|Scald|p1a: BDomination\n|-damage|p1a: BDomination|66\/100\n|\n|-heal|p1a: BDomination|73\/100|[from] item: Leftovers\n|-heal|p2a: Gastrodon|46\/100|[from] item: Leftovers\n|upkeep\n|turn|10\n|\n|t:|1699991624\n|move|p1a: BDomination|Superpower|p2a: Gastrodon\n|-damage|p2a: Gastrodon|0 fnt\n|-boost|p1a: BDomination|atk|1\n|-boost|p1a: BDomination|def|1\n|faint|p2a: Gastrodon\n|\n|-heal|p1a: BDomination|79\/100|[from] item: Leftovers\n|upkeep\n|\n|t:|1699991631\n|switch|p2a: Rotom|Rotom-Heat|76\/100\n|turn|11\n|\n|t:|1699991636\n|move|p2a: Rotom|Will-O-Wisp|p1a: BDomination\n|-status|p1a: BDomination|brn\n|move|p1a: BDomination|Rest|p1a: BDomination\n|-status|p1a: BDomination|slp|[from] move: Rest\n|-heal|p1a: BDomination|100\/100 slp|[silent]\n|\n|upkeep\n|turn|12\n|\n|t:|1699991656\n|switch|p2a: Amoonguss|Amoonguss, F|100\/100\n|cant|p1a: BDomination|slp\n|move|p1a: BDomination|Sleep Talk|p1a: BDomination\n|move|p1a: BDomination|Knock Off|p2a: Amoonguss|[from]move: Sleep Talk\n|-damage|p2a: Amoonguss|0 fnt\n|-enditem|p2a: Amoonguss|Black Sludge|[from] move: Knock Off|[of] p1a: BDomination\n|faint|p2a: Amoonguss\n|\n|upkeep\n|\n|t:|1699991658\n|switch|p2a: Rotom|Rotom-Heat|76\/100\n|turn|13\n|\n|t:|1699991670\n|move|p2a: Rotom|Overheat|p1a: BDomination|[miss]\n|-miss|p2a: Rotom|p1a: BDomination\n|cant|p1a: BDomination|slp\n|move|p1a: BDomination|Sleep Talk|p1a: BDomination\n|move|p1a: BDomination|Superpower|p2a: Rotom|[from]move: Sleep Talk\n|-damage|p2a: Rotom|0 fnt\n|-boost|p1a: BDomination|atk|1\n|-boost|p1a: BDomination|def|1\n|faint|p2a: Rotom\n|\n|upkeep\n|c|\u2606FEARLESS PARROT|Bro \ud83d\ude02\ud83d\ude02\ud83d\ude02\n|\n|t:|1699991688\n|switch|p2a: Excadrill|Excadrill, M|100\/100\n|turn|14\n|\n|t:|1699991692\n|move|p2a: Excadrill|Earthquake|p1a: BDomination\n|-damage|p1a: BDomination|82\/100 slp\n|-curestatus|p1a: BDomination|slp|[msg]\n|move|p1a: BDomination|Superpower|p2a: Excadrill\n|-supereffective|p2a: Excadrill\n|-enditem|p2a: Excadrill|Focus Sash\n|-damage|p2a: Excadrill|1\/100\n|-boost|p1a: BDomination|atk|1\n|-boost|p1a: BDomination|def|1\n|\n|-heal|p1a: BDomination|88\/100|[from] item: Leftovers\n|upkeep\n|turn|15\n|\n|t:|1699991706\n|move|p2a: Excadrill|Earthquake|p1a: BDomination\n|-damage|p1a: BDomination|72\/100\n|move|p1a: BDomination|Superpower|p2a: Excadrill\n|-supereffective|p2a: Excadrill\n|-damage|p2a: Excadrill|0 fnt\n|faint|p2a: Excadrill\n|\n|-heal|p1a: BDomination|78\/100|[from] item: Leftovers\n|upkeep\n|\n|t:|1699991708\n|switch|p2a: Hippowdon|Hippowdon, F|100\/100\n|-weather|Sandstorm|[from] ability: Sand Stream|[of] p2a: Hippowdon\n|turn|16\n|\n|t:|1699991720\n|move|p1a: BDomination|Superpower|p2a: Hippowdon\n|-damage|p2a: Hippowdon|51\/100\n|move|p2a: Hippowdon|Earthquake|p1a: BDomination\n|-damage|p1a: BDomination|68\/100\n|\n|-weather|Sandstorm|[upkeep]\n|-damage|p1a: BDomination|62\/100|[from] Sandstorm\n|-heal|p1a: BDomination|68\/100|[from] item: Leftovers\n|upkeep\n|turn|17\n|\n|t:|1699991729\n|move|p1a: BDomination|Rest|p1a: BDomination\n|-status|p1a: BDomination|slp|[from] move: Rest\n|-heal|p1a: BDomination|100\/100 slp|[silent]\n|move|p2a: Hippowdon|Earthquake|p1a: BDomination\n|-damage|p1a: BDomination|91\/100 slp\n|\n|-weather|Sandstorm|[upkeep]\n|-damage|p1a: BDomination|85\/100 slp|[from] Sandstorm\n|-heal|p1a: BDomination|91\/100 slp|[from] item: Leftovers\n|upkeep\n|turn|18\n|-message|FEARLESS PARROT forfeited.\n|\n|win|tskkk\n","uploadtime":1699991743,"views":8,"p1id":"tskkk","p2id":"fearlessparrot","formatid":"gen9nationaldexubers","rating":0,"private":0,"password":""}