{"id":"gen9nationaldexubers-1978540388","p1":"7vxk","p2":"swordofsanctuary","format":"[Gen 9] National Dex Ubers","log":"|j|\u26067vxk\n|j|\u2606swordofsanctuary\n|t:|1698552829\n|gametype|singles\n|player|p1|7vxk|winona|1194\n|player|p2|swordofsanctuary|n|1281\n|teamsize|p1|6\n|teamsize|p2|6\n|gen|9\n|tier|[Gen 9] National Dex Ubers\n|rated|\n|rule|HP Percentage Mod: HP is shown in percentages\n|rule|Endless Battle Clause: Forcing endless battles is banned\n|rule|OHKO Clause: OHKO moves are banned\n|rule|Evasion Moves Clause: Evasion moves are banned\n|rule|Evasion Items Clause: Evasion items are banned\n|rule|Species Clause: Limit one of each Pok\u00e9mon\n|rule|Sleep Clause Mod: Limit one foe put to sleep\n|rule|Mega Rayquaza Clause: You cannot mega evolve Rayquaza\n|clearpoke\n|poke|p1|Deoxys-Attack|\n|poke|p1|Flutter Mane|\n|poke|p1|Necrozma-Dusk-Mane|\n|poke|p1|Ambipom, M|\n|poke|p1|Marshadow|\n|poke|p1|Blaziken, M|\n|poke|p2|Regieleki|\n|poke|p2|Glimmora, F|\n|poke|p2|Xerneas-*|\n|poke|p2|Lopunny, F|\n|poke|p2|Iron Bundle|\n|poke|p2|Groudon|\n|teampreview\n|\n|t:|1698552834\n|start\n|switch|p1a: Blaziken|Blaziken, M|100\/100\n|switch|p2a: blobbo :)|Glimmora, F|100\/100\n|turn|1\n|\n|t:|1698552842\n|detailschange|p1a: Blaziken|Blaziken-Mega, M\n|-mega|p1a: Blaziken|Blaziken|Blazikenite\n|move|p1a: Blaziken|Swords Dance|p1a: Blaziken\n|-boost|p1a: Blaziken|atk|2\n|move|p2a: blobbo :)|Stealth Rock|p1a: Blaziken\n|-sidestart|p1: 7vxk|move: Stealth Rock\n|\n|-ability|p1a: Blaziken|Speed Boost|boost\n|-boost|p1a: Blaziken|spe|1\n|upkeep\n|turn|2\n|\n|t:|1698552849\n|move|p1a: Blaziken|Swords Dance|p1a: Blaziken\n|-boost|p1a: Blaziken|atk|2\n|move|p2a: blobbo :)|Earth Power|p1a: Blaziken\n|-supereffective|p1a: Blaziken\n|-damage|p1a: Blaziken|14\/100\n|\n|-ability|p1a: Blaziken|Speed Boost|boost\n|-boost|p1a: Blaziken|spe|1\n|upkeep\n|turn|3\n|\n|t:|1698552856\n|move|p1a: Blaziken|Earthquake|p2a: blobbo :)\n|-supereffective|p2a: blobbo :)\n|-enditem|p2a: blobbo :)|Focus Sash\n|-damage|p2a: blobbo :)|1\/100\n|-activate|p2a: blobbo :)|ability: Toxic Debris\n|-sidestart|p1: 7vxk|move: Toxic Spikes\n|move|p2a: blobbo :)|Earth Power|p1a: Blaziken\n|-supereffective|p1a: Blaziken\n|-damage|p1a: Blaziken|0 fnt\n|faint|p1a: Blaziken\n|\n|upkeep\n|\n|t:|1698552865\n|switch|p1a: Ambipom|Ambipom, M|100\/100\n|-damage|p1a: Ambipom|88\/100|[from] Stealth Rock\n|-status|p1a: Ambipom|psn\n|turn|4\n|\n|t:|1698552871\n|move|p1a: Ambipom|Trailblaze|p2a: blobbo :)\n|-damage|p2a: blobbo :)|0 fnt\n|-boost|p1a: Ambipom|spe|1\n|-activate|p2a: blobbo :)|ability: Toxic Debris\n|-sidestart|p1: 7vxk|move: Toxic Spikes\n|faint|p2a: blobbo :)\n|\n|-damage|p1a: Ambipom|76\/100 psn|[from] psn\n|upkeep\n|\n|t:|1698552884\n|switch|p2a: Jeffery|Groudon|100\/100\n|detailschange|p2a: Jeffery|Groudon-Primal\n|-primal|p2a: Jeffery|Red Orb\n|-weather|DesolateLand|[from] ability: Desolate Land|[of] p2a: Jeffery\n|turn|5\n|\n|t:|1698552893\n|move|p1a: Ambipom|Power-Up Punch|p2a: Jeffery\n|-damage|p2a: Jeffery|91\/100\n|-boost|p1a: Ambipom|atk|1\n|move|p2a: Jeffery|Rock Polish|p2a: Jeffery\n|-boost|p2a: Jeffery|spe|2\n|\n|-weather|DesolateLand|[upkeep]\n|-damage|p1a: Ambipom|64\/100 psn|[from] psn\n|upkeep\n|turn|6\n|\n|t:|1698552902\n|move|p1a: Ambipom|Power-Up Punch|p2a: Jeffery\n|-damage|p2a: Jeffery|74\/100\n|-boost|p1a: Ambipom|atk|1\n|move|p2a: Jeffery|Heat Crash|p1a: Ambipom\n|-damage|p1a: Ambipom|0 fnt\n|faint|p1a: Ambipom\n|\n|-weather|DesolateLand|[upkeep]\n|upkeep\n|\n|t:|1698552927\n|switch|p1a: Marshadow|Marshadow|100\/100\n|-damage|p1a: Marshadow|94\/100|[from] Stealth Rock\n|-status|p1a: Marshadow|tox\n|turn|7\n|\n|t:|1698552933\n|move|p1a: Marshadow|Shadow Sneak|p2a: Jeffery\n|-damage|p2a: Jeffery|57\/100\n|move|p2a: Jeffery|Heat Crash|p1a: Marshadow\n|-damage|p1a: Marshadow|0 fnt\n|faint|p1a: Marshadow\n|\n|-weather|DesolateLand|[upkeep]\n|upkeep\n|\n|t:|1698552936\n|switch|p1a: Flutter Mane|Flutter Mane|100\/100\n|-damage|p1a: Flutter Mane|88\/100|[from] Stealth Rock\n|-status|p1a: Flutter Mane|tox\n|-enditem|p1a: Flutter Mane|Booster Energy\n|-activate|p1a: Flutter Mane|ability: Protosynthesis|[fromitem]\n|-start|p1a: Flutter Mane|protosynthesisspe\n|turn|8\n|\n|t:|1698552957\n|move|p1a: Flutter Mane|Night Shade|p2a: Jeffery\n|-damage|p2a: Jeffery|31\/100\n|move|p2a: Jeffery|Heat Crash|p1a: Flutter Mane\n|-damage|p1a: Flutter Mane|0 fnt\n|faint|p1a: Flutter Mane\n|-end|p1a: Flutter Mane|Protosynthesis|[silent]\n|\n|-weather|DesolateLand|[upkeep]\n|upkeep\n|\n|t:|1698552964\n|switch|p1a: Necrozma|Necrozma-Dusk-Mane|100\/100\n|-damage|p1a: Necrozma|95\/100|[from] Stealth Rock\n|turn|9\n|\n|t:|1698552982\n|-terastallize|p1a: Necrozma|Normal\n|move|p2a: Jeffery|Precipice Blades|p1a: Necrozma\n|-damage|p1a: Necrozma|35\/100\n|move|p1a: Necrozma|Autotomize|p1a: Necrozma\n|-boost|p1a: Necrozma|spe|2\n|-start|p1a: Necrozma|Autotomize\n|\n|-weather|DesolateLand|[upkeep]\n|upkeep\n|turn|10\n|\n|t:|1698552998\n|move|p1a: Necrozma|Moonlight|p1a: Necrozma\n|-heal|p1a: Necrozma|100\/100\n|move|p2a: Jeffery|Heat Crash|p1a: Necrozma\n|-damage|p1a: Necrozma|50\/100\n|\n|-weather|DesolateLand|[upkeep]\n|upkeep\n|turn|11\n|\n|t:|1698553012\n|move|p1a: Necrozma|Moonlight|p1a: Necrozma\n|-heal|p1a: Necrozma|100\/100\n|move|p2a: Jeffery|Heat Crash|p1a: Necrozma\n|-damage|p1a: Necrozma|55\/100\n|\n|-weather|DesolateLand|[upkeep]\n|upkeep\n|turn|12\n|\n|t:|1698553020\n|move|p1a: Necrozma|Calm Mind|p1a: Necrozma\n|-boost|p1a: Necrozma|spa|1\n|-boost|p1a: Necrozma|spd|1\n|move|p2a: Jeffery|Precipice Blades|p1a: Necrozma\n|-damage|p1a: Necrozma|0 fnt\n|faint|p1a: Necrozma\n|\n|-weather|DesolateLand|[upkeep]\n|upkeep\n|\n|t:|1698553026\n|switch|p1a: Deoxys|Deoxys-Attack|100\/100\n|-damage|p1a: Deoxys|88\/100|[from] Stealth Rock\n|-status|p1a: Deoxys|tox\n|-ability|p1a: Deoxys|Pressure\n|turn|13\n|\n|t:|1698553032\n|move|p2a: Jeffery|Heat Crash|p1a: Deoxys\n|-damage|p1a: Deoxys|0 fnt\n|faint|p1a: Deoxys\n|\n|win|swordofsanctuary\n|raw|7vxk's rating: 1194 &rarr; <strong>1175<\/strong><br \/>(-19 for losing)\n|raw|swordofsanctuary's rating: 1281 &rarr; <strong>1300<\/strong><br \/>(+19 for winning)\n","uploadtime":1698553039,"views":12,"p1id":"7vxk","p2id":"swordofsanctuary","formatid":"gen9nationaldexubers","rating":1175,"private":0,"password":""}