{"id":"gen9nationaldexubers-1986540636","p1":"TeenageDisaster666","p2":"AlmanacWyrm","format":"[Gen 9] National Dex Ubers","log":"|j|\u2606TeenageDisaster666\n|j|\u2606AlmanacWyrm\n|t:|1699489835\n|gametype|singles\n|player|p1|TeenageDisaster666|burgh|1133\n|player|p2|AlmanacWyrm|rosa|1121\n|teamsize|p1|6\n|teamsize|p2|6\n|gen|9\n|tier|[Gen 9] National Dex Ubers\n|rated|\n|rule|HP Percentage Mod: HP is shown in percentages\n|rule|Endless Battle Clause: Forcing endless battles is banned\n|rule|OHKO Clause: OHKO moves are banned\n|rule|Evasion Moves Clause: Evasion moves are banned\n|rule|Evasion Items Clause: Evasion items are banned\n|rule|Species Clause: Limit one of each Pok\u00e9mon\n|rule|Sleep Clause Mod: Limit one foe put to sleep\n|rule|Mega Rayquaza Clause: You cannot mega evolve Rayquaza\n|clearpoke\n|poke|p1|Urshifu-*, M|\n|poke|p1|Ursaluna, M|\n|poke|p1|Tornadus, M|\n|poke|p1|Annihilape, M|\n|poke|p1|Amoonguss, M|\n|poke|p1|Flutter Mane|\n|poke|p2|Onix, M|\n|poke|p2|Golem, F|\n|poke|p2|Kabutops, M|\n|poke|p2|Tyranitar, M|\n|poke|p2|Aerodactyl, M|\n|poke|p2|Rhyperior, M|\n|teampreview\n|\n|t:|1699489841\n|start\n|switch|p1a: Urshifu|Urshifu-Rapid-Strike, M|100\/100\n|switch|p2a: Onix|Onix, M|100\/100\n|turn|1\n|\n|t:|1699489851\n|move|p1a: Urshifu|Bulk Up|p1a: Urshifu\n|-boost|p1a: Urshifu|atk|1\n|-boost|p1a: Urshifu|def|1\n|move|p2a: Onix|Sandstorm|p2a: Onix\n|-weather|Sandstorm\n|\n|-weather|Sandstorm|[upkeep]\n|-damage|p1a: Urshifu|94\/100|[from] Sandstorm\n|upkeep\n|turn|2\n|j| mah boss stiff\n|j| girlboss for hire\n|j| pikakip379\n|c| pikakip379|lol onix\n|\n|t:|1699489881\n|move|p1a: Urshifu|Surging Strikes|p2a: Onix\n|-supereffective|p2a: Onix\n|-crit|p2a: Onix\n|-damage|p2a: Onix|30\/100\n|-supereffective|p2a: Onix\n|-crit|p2a: Onix\n|-damage|p2a: Onix|0 fnt\n|faint|p2a: Onix\n|-hitcount|p2: Onix|2\n|\n|-weather|Sandstorm|[upkeep]\n|-damage|p1a: Urshifu|88\/100|[from] Sandstorm\n|upkeep\n|\n|t:|1699489910\n|switch|p2a: Tyranitar|Tyranitar, M|100\/100\n|turn|3\n|\n|t:|1699489916\n|move|p1a: Urshifu|Surging Strikes|p2a: Tyranitar\n|-supereffective|p2a: Tyranitar\n|-crit|p2a: Tyranitar\n|-damage|p2a: Tyranitar|56\/100\n|-supereffective|p2a: Tyranitar\n|-crit|p2a: Tyranitar\n|-damage|p2a: Tyranitar|11\/100\n|-supereffective|p2a: Tyranitar\n|-crit|p2a: Tyranitar\n|-damage|p2a: Tyranitar|0 fnt\n|faint|p2a: Tyranitar\n|-hitcount|p2: Tyranitar|3\n|\n|-weather|Sandstorm|[upkeep]\n|-damage|p1a: Urshifu|82\/100|[from] Sandstorm\n|upkeep\n|\n|t:|1699489929\n|switch|p2a: Kabutops|Kabutops, M|100\/100\n|turn|4\n|c| pikakip379|smh how do you keep critting Surging Strikes\n|c| pikakip379|you';re hackering!!!!!!!\n|c| girlboss for hire|ermn...\n|c| girlboss for hire|its obivously focus lens dingus...\n|c|\u2606TeenageDisaster666|surging strike is always critic\n|\n|t:|1699489956\n|move|p1a: Urshifu|Drain Punch|p2a: Kabutops\n|-supereffective|p2a: Kabutops\n|-enditem|p2a: Kabutops|Focus Sash\n|-damage|p2a: Kabutops|1\/100\n|-heal|p1a: Urshifu|100\/100|[from] drain|[of] p2a: Kabutops\n|move|p2a: Kabutops|Waterfall|p1a: Urshifu\n|-resisted|p1a: Urshifu\n|-damage|p1a: Urshifu|88\/100\n|\n|-weather|Sandstorm|[upkeep]\n|-damage|p1a: Urshifu|82\/100|[from] Sandstorm\n|upkeep\n|turn|5\n|c| girlboss for hire|i prefer the nerd\n|\n|t:|1699489969\n|move|p1a: Urshifu|Drain Punch|p2a: Kabutops\n|-supereffective|p2a: Kabutops\n|-damage|p2a: Kabutops|0 fnt\n|-heal|p1a: Urshifu|82\/100|[from] drain|[of] p2a: Kabutops\n|faint|p2a: Kabutops\n|\n|-weather|none\n|upkeep\n|c| pikakip379|no yuo're; clewarly hackign!!!!\n|\n|t:|1699489991\n|switch|p2a: Rhyperior|Rhyperior, M|100\/100\n|turn|6\n|c|\u2606TeenageDisaster666|look the wikidex\n|c|\u2606TeenageDisaster666|idiot.\n|c| mah boss stiff|yeah\n|\n|t:|1699490014\n|-terastallize|p2a: Rhyperior|Ground\n|move|p1a: Urshifu|Surging Strikes|p2a: Rhyperior\n|-supereffective|p2a: Rhyperior\n|-crit|p2a: Rhyperior\n|-damage|p2a: Rhyperior|71\/100\n|-supereffective|p2a: Rhyperior\n|-crit|p2a: Rhyperior\n|-damage|p2a: Rhyperior|41\/100\n|-supereffective|p2a: Rhyperior\n|-crit|p2a: Rhyperior\n|-damage|p2a: Rhyperior|10\/100\n|-hitcount|p2a: Rhyperior|3\n|move|p2a: Rhyperior|Earthquake|p1a: Urshifu\n|-damage|p1a: Urshifu|27\/100\n|\n|upkeep\n|turn|7\n|c| mah boss stiff|triple dive says nothing about crits\n|c| pikakip379|I pray that out of his glorious riches he may strengthen you with power through his Spirit in your inner being, so that Christ may dwell in your hearts through faith. And I pray that you, being rooted and established in love.\n|c| pikakip379|Ephesians 3:16-17\n|\n|t:|1699490036\n|move|p1a: Urshifu|Surging Strikes|p2a: Rhyperior\n|-supereffective|p2a: Rhyperior\n|-crit|p2a: Rhyperior\n|-damage|p2a: Rhyperior|0 fnt\n|faint|p2a: Rhyperior\n|-hitcount|p2: Rhyperior|1\n|\n|upkeep\n|\n|t:|1699490042\n|switch|p2a: Aerodactyl|Aerodactyl, M|100\/100\n|-ability|p2a: Aerodactyl|Pressure\n|turn|8\n|c| pikakip379|(I was joking the whole time how the fuck did you think I was serious)\n|\n|t:|1699490053\n|-terastallize|p1a: Urshifu|Dark\n|move|p2a: Aerodactyl|Earthquake|p1a: Urshifu\n|-damage|p1a: Urshifu|5\/100\n|move|p1a: Urshifu|Surging Strikes|p2a: Aerodactyl\n|-supereffective|p2a: Aerodactyl\n|-crit|p2a: Aerodactyl\n|-damage|p2a: Aerodactyl|1\/100\n|-supereffective|p2a: Aerodactyl\n|-crit|p2a: Aerodactyl\n|-damage|p2a: Aerodactyl|0 fnt\n|faint|p2a: Aerodactyl\n|-hitcount|p2: Aerodactyl|2\n|\n|upkeep\n|\n|t:|1699490065\n|switch|p2a: Golem|Golem, F|100\/100\n|turn|9\n|\n|t:|1699490068\n|move|p2a: Golem|Sucker Punch|p1a: Urshifu\n|-resisted|p1a: Urshifu\n|-damage|p1a: Urshifu|0 fnt\n|faint|p1a: Urshifu\n|\n|upkeep\n|\n|t:|1699490078\n|switch|p1a: Unga Unga|Annihilape, M|100\/100\n|turn|10\n|\n|t:|1699490090\n|move|p2a: Golem|Sucker Punch|p1a: Unga Unga\n|-damage|p1a: Unga Unga|78\/100\n|move|p1a: Unga Unga|Drain Punch|p2a: Golem\n|-supereffective|p2a: Golem\n|-damage|p2a: Golem|37\/100\n|-heal|p1a: Unga Unga|100\/100|[from] drain|[of] p2a: Golem\n|\n|upkeep\n|turn|11\n|\n|t:|1699490099\n|move|p1a: Unga Unga|Drain Punch|p2a: Golem\n|-supereffective|p2a: Golem\n|-damage|p2a: Golem|0 fnt\n|faint|p2a: Golem\n|\n|win|TeenageDisaster666\n|raw|TeenageDisaster666's rating: 1161 &rarr; <strong>1183<\/strong><br \/>(+22 for winning)\n|raw|AlmanacWyrm's rating: 1121 &rarr; <strong>1099<\/strong><br \/>(-22 for losing)\n|c|\u2606TeenageDisaster666|easy.\n|c|\u2606AlmanacWyrm|gg\n|l|\u2606AlmanacWyrm\n|c| mah boss stiff|TeenageDisaster666\n|c| mah boss stiff|wanna fight\n|c| mah boss stiff|:-)\n|c|\u2606TeenageDisaster666|well\n|c| mah boss stiff|:-)\n|c| girlboss for hire|well\n|l|\u2606TeenageDisaster666\n","uploadtime":1699490109,"views":6,"p1id":"teenagedisaster666","p2id":"almanacwyrm","formatid":"gen9nationaldexubers","rating":1099,"private":0,"password":""}