{"id":"gen9nationaldexubers-1988049181","p1":"ThatSpicyDragon","p2":"vptwarrior","format":"[Gen 9] National Dex Ubers","log":"|j|\u2606ThatSpicyDragon\n|j|\u2606vptwarrior\n|t:|1699663311\n|gametype|singles\n|player|p1|ThatSpicyDragon|drayden|\n|player|p2|vptwarrior|swimmer|\n|teamsize|p1|6\n|teamsize|p2|6\n|gen|9\n|tier|[Gen 9] National Dex Ubers\n|rule|HP Percentage Mod: HP is shown in percentages\n|rule|Endless Battle Clause: Forcing endless battles is banned\n|rule|OHKO Clause: OHKO moves are banned\n|rule|Evasion Moves Clause: Evasion moves are banned\n|rule|Evasion Items Clause: Evasion items are banned\n|rule|Species Clause: Limit one of each Pok\u00e9mon\n|rule|Sleep Clause Mod: Limit one foe put to sleep\n|rule|Mega Rayquaza Clause: You cannot mega evolve Rayquaza\n|clearpoke\n|poke|p1|Gigalith, M|\n|poke|p1|Dracozolt|\n|poke|p1|Excadrill, F|\n|poke|p1|Cacturne, F|\n|poke|p1|Tyranitar, F|\n|poke|p1|Houndstone, F|\n|poke|p2|Ampharos, F|\n|poke|p2|Espeon, F|\n|poke|p2|Heracross, M|\n|poke|p2|Scizor, M|\n|poke|p2|Tyranitar, M|\n|poke|p2|Feraligatr, M|\n|teampreview\n|\n|t:|1699663318\n|start\n|switch|p1a: Slippery When Wet|Gigalith, M|100\/100\n|switch|p2a: Ampharos|Ampharos, F|100\/100\n|-weather|Sandstorm|[from] ability: Sand Stream|[of] p1a: Slippery When Wet\n|turn|1\n|\n|t:|1699663328\n|switch|p2a: Nia|Espeon, F|100\/100\n|switch|p1a: Brighton Rock|Tyranitar, F|100\/100\n|\n|-weather|Sandstorm|[upkeep]\n|-damage|p2a: Nia|94\/100|[from] Sandstorm\n|-heal|p2a: Nia|100\/100|[from] item: Leftovers\n|upkeep\n|turn|2\n|\n|t:|1699663338\n|switch|p2a: Hector|Scizor, M|100\/100\n|detailschange|p1a: Brighton Rock|Tyranitar-Mega, F\n|-mega|p1a: Brighton Rock|Tyranitar|Tyranitarite\n|move|p1a: Brighton Rock|Knock Off|p2a: Hector\n|-damage|p2a: Hector|55\/100\n|\n|-weather|Sandstorm|[upkeep]\n|upkeep\n|turn|3\n|\n|t:|1699663345\n|move|p1a: Brighton Rock|Fire Punch|p2a: Hector\n|-supereffective|p2a: Hector\n|-damage|p2a: Hector|0 fnt\n|faint|p2a: Hector\n|\n|-weather|Sandstorm|[upkeep]\n|upkeep\n|\n|t:|1699663350\n|switch|p2a: Hercules|Heracross, M|100\/100\n|turn|4\n|\n|t:|1699663359\n|move|p2a: Hercules|Brick Break|p1a: Brighton Rock\n|-supereffective|p1a: Brighton Rock\n|-crit|p1a: Brighton Rock\n|-damage|p1a: Brighton Rock|0 fnt\n|faint|p1a: Brighton Rock\n|\n|-weather|Sandstorm|[upkeep]\n|-damage|p2a: Hercules|94\/100|[from] Sandstorm\n|-heal|p2a: Hercules|100\/100|[from] item: Leftovers\n|upkeep\n|\n|t:|1699663369\n|switch|p1a: Living in Sin|Cacturne, F|100\/100\n|turn|5\n|\n|t:|1699663371\n|move|p1a: Living in Sin|Spiky Shield|p1a: Living in Sin\n|-singleturn|p1a: Living in Sin|move: Protect\n|move|p2a: Hercules|Megahorn|p1a: Living in Sin\n|-activate|p1a: Living in Sin|move: Protect\n|-damage|p2a: Hercules|88\/100|[from] Spiky Shield|[of] p1a: Living in Sin\n|\n|-weather|Sandstorm|[upkeep]\n|-damage|p2a: Hercules|82\/100|[from] Sandstorm\n|-heal|p2a: Hercules|88\/100|[from] item: Leftovers\n|upkeep\n|turn|6\n|\n|t:|1699663424\n|switch|p1a: Mr. Wonderful|Dracozolt|100\/100\n|move|p2a: Hercules|Megahorn|p1a: Mr. Wonderful\n|-damage|p1a: Mr. Wonderful|23\/100\n|\n|-weather|Sandstorm|[upkeep]\n|-damage|p2a: Hercules|82\/100|[from] Sandstorm\n|-heal|p1a: Mr. Wonderful|29\/100|[from] item: Leftovers\n|-heal|p2a: Hercules|88\/100|[from] item: Leftovers\n|upkeep\n|turn|7\n|\n|t:|1699663437\n|move|p1a: Mr. Wonderful|Bolt Beak|p2a: Hercules\n|-damage|p2a: Hercules|0 fnt\n|faint|p2a: Hercules\n|\n|-weather|Sandstorm|[upkeep]\n|-heal|p1a: Mr. Wonderful|35\/100|[from] item: Leftovers\n|upkeep\n|\n|t:|1699663440\n|switch|p2a: Ampharos|Ampharos, F|100\/100\n|turn|8\n|\n|t:|1699663444\n|move|p1a: Mr. Wonderful|Earthquake|p2a: Ampharos\n|-supereffective|p2a: Ampharos\n|-damage|p2a: Ampharos|37\/100\n|move|p2a: Ampharos|Dragon Pulse|p1a: Mr. Wonderful\n|-supereffective|p1a: Mr. Wonderful\n|-damage|p1a: Mr. Wonderful|0 fnt\n|faint|p1a: Mr. Wonderful\n|\n|-weather|none\n|upkeep\n|\n|t:|1699663453\n|switch|p1a: Slippery When Wet|Gigalith, M|100\/100\n|-weather|Sandstorm|[from] ability: Sand Stream|[of] p1a: Slippery When Wet\n|turn|9\n|\n|t:|1699663458\n|move|p2a: Ampharos|Focus Blast|p1a: Slippery When Wet\n|-supereffective|p1a: Slippery When Wet\n|-damage|p1a: Slippery When Wet|42\/100\n|move|p1a: Slippery When Wet|Stealth Rock|p2a: Ampharos\n|-sidestart|p2: vptwarrior|move: Stealth Rock\n|\n|-weather|Sandstorm|[upkeep]\n|-damage|p2a: Ampharos|31\/100|[from] Sandstorm\n|upkeep\n|turn|10\n|\n|t:|1699663477\n|switch|p1a: Institutional Man|Excadrill, F|100\/100\n|move|p2a: Ampharos|Focus Blast|p1a: Institutional Man|[miss]\n|-miss|p2a: Ampharos|p1a: Institutional Man\n|\n|-weather|Sandstorm|[upkeep]\n|-damage|p2a: Ampharos|25\/100|[from] Sandstorm\n|upkeep\n|turn|11\n|\n|t:|1699663486\n|move|p1a: Institutional Man|Earthquake|p2a: Ampharos\n|-supereffective|p2a: Ampharos\n|-damage|p2a: Ampharos|0 fnt\n|faint|p2a: Ampharos\n|-damage|p1a: Institutional Man|91\/100|[from] item: Life Orb\n|\n|-weather|Sandstorm|[upkeep]\n|upkeep\n|\n|t:|1699663492\n|switch|p2a: Feraligatr|Feraligatr, M|100\/100\n|-damage|p2a: Feraligatr|88\/100|[from] Stealth Rock\n|turn|12\n|\n|t:|1699663499\n|switch|p1a: Living in Sin|Cacturne, F|100\/100\n|move|p2a: Feraligatr|Dragon Dance|p2a: Feraligatr\n|-boost|p2a: Feraligatr|atk|1\n|-boost|p2a: Feraligatr|spe|1\n|\n|-weather|Sandstorm|[upkeep]\n|-damage|p2a: Feraligatr|82\/100|[from] Sandstorm\n|-heal|p2a: Feraligatr|88\/100|[from] item: Leftovers\n|upkeep\n|turn|13\n|\n|t:|1699663507\n|move|p1a: Living in Sin|Spiky Shield|p1a: Living in Sin\n|-singleturn|p1a: Living in Sin|move: Protect\n|move|p2a: Feraligatr|Dragon Dance|p2a: Feraligatr\n|-boost|p2a: Feraligatr|atk|1\n|-boost|p2a: Feraligatr|spe|1\n|\n|-weather|Sandstorm|[upkeep]\n|-damage|p2a: Feraligatr|82\/100|[from] Sandstorm\n|-heal|p2a: Feraligatr|88\/100|[from] item: Leftovers\n|upkeep\n|turn|14\n|\n|t:|1699663515\n|move|p2a: Feraligatr|Ice Punch|p1a: Living in Sin\n|-supereffective|p1a: Living in Sin\n|-damage|p1a: Living in Sin|0 fnt\n|faint|p1a: Living in Sin\n|\n|-weather|Sandstorm|[upkeep]\n|-damage|p2a: Feraligatr|82\/100|[from] Sandstorm\n|-heal|p2a: Feraligatr|88\/100|[from] item: Leftovers\n|upkeep\n|\n|t:|1699663523\n|switch|p1a: Institutional Man|Excadrill, F|91\/100\n|turn|15\n|\n|t:|1699663541\n|move|p2a: Feraligatr|Waterfall|p1a: Institutional Man\n|-supereffective|p1a: Institutional Man\n|-damage|p1a: Institutional Man|0 fnt\n|faint|p1a: Institutional Man\n|\n|-weather|Sandstorm|[upkeep]\n|-damage|p2a: Feraligatr|82\/100|[from] Sandstorm\n|-heal|p2a: Feraligatr|88\/100|[from] item: Leftovers\n|upkeep\n|\n|t:|1699663550\n|switch|p1a: ChildrenoftheGrave|Houndstone, F|100\/100\n|turn|16\n|\n|t:|1699663553\n|move|p1a: ChildrenoftheGrave|Last Respects|p2a: Feraligatr\n|-damage|p2a: Feraligatr|0 fnt\n|faint|p2a: Feraligatr\n|\n|-weather|none\n|upkeep\n|\n|t:|1699663558\n|switch|p2a: Nia|Espeon, F|100\/100\n|-damage|p2a: Nia|88\/100|[from] Stealth Rock\n|turn|17\n|\n|t:|1699663562\n|switch|p1a: Slippery When Wet|Gigalith, M|42\/100\n|-weather|Sandstorm|[from] ability: Sand Stream|[of] p1a: Slippery When Wet\n|move|p2a: Nia|Shadow Ball|p1a: Slippery When Wet\n|-damage|p1a: Slippery When Wet|17\/100\n|\n|-weather|Sandstorm|[upkeep]\n|-damage|p2a: Nia|82\/100|[from] Sandstorm\n|-heal|p2a: Nia|88\/100|[from] item: Leftovers\n|upkeep\n|turn|18\n|\n|t:|1699663577\n|move|p2a: Nia|Shadow Ball|p1a: Slippery When Wet\n|-damage|p1a: Slippery When Wet|0 fnt\n|faint|p1a: Slippery When Wet\n|\n|-weather|Sandstorm|[upkeep]\n|-damage|p2a: Nia|82\/100|[from] Sandstorm\n|-heal|p2a: Nia|88\/100|[from] item: Leftovers\n|upkeep\n|\n|t:|1699663584\n|switch|p1a: ChildrenoftheGrave|Houndstone, F|100\/100\n|turn|19\n|\n|t:|1699663586\n|move|p1a: ChildrenoftheGrave|Last Respects|p2a: Nia\n|-supereffective|p2a: Nia\n|-damage|p2a: Nia|0 fnt\n|faint|p2a: Nia\n|\n|-weather|Sandstorm|[upkeep]\n|upkeep\n|\n|t:|1699663588\n|switch|p2a: Level|Tyranitar, M|100\/100\n|-ability|p2a: Level|Unnerve\n|-damage|p2a: Level|88\/100|[from] Stealth Rock\n|turn|20\n|\n|t:|1699663596\n|move|p1a: ChildrenoftheGrave|Last Respects|p2a: Level\n|-resisted|p2a: Level\n|-damage|p2a: Level|17\/100\n|move|p2a: Level|Crunch|p1a: ChildrenoftheGrave\n|-supereffective|p1a: ChildrenoftheGrave\n|-damage|p1a: ChildrenoftheGrave|0 fnt\n|faint|p1a: ChildrenoftheGrave\n|\n|win|vptwarrior\n|l|\u2606ThatSpicyDragon\n","uploadtime":1699663639,"views":4,"p1id":"thatspicydragon","p2id":"vptwarrior","formatid":"gen9nationaldexubers","rating":0,"private":0,"password":""}