{"id":"gen9nationaldexubers-1985653338","p1":"Viviexists","p2":"Destinum","format":"[Gen 9] National Dex Ubers","log":"|j|\u2606Viviexists\n|j|\u2606Destinum\n|t:|1699392623\n|gametype|singles\n|player|p1|Viviexists|1|\n|player|p2|Destinum|colress|\n|teamsize|p1|6\n|teamsize|p2|6\n|gen|9\n|tier|[Gen 9] National Dex Ubers\n|rule|HP Percentage Mod: HP is shown in percentages\n|rule|Endless Battle Clause: Forcing endless battles is banned\n|rule|OHKO Clause: OHKO moves are banned\n|rule|Evasion Moves Clause: Evasion moves are banned\n|rule|Evasion Items Clause: Evasion items are banned\n|rule|Species Clause: Limit one of each Pok\u00e9mon\n|rule|Sleep Clause Mod: Limit one foe put to sleep\n|rule|Mega Rayquaza Clause: You cannot mega evolve Rayquaza\n|clearpoke\n|poke|p1|Sinistcha|\n|poke|p1|Ting-Lu|\n|poke|p1|Sableye, M|\n|poke|p1|Skeledirge, M|\n|poke|p1|Dondozo, F|\n|poke|p1|Clefable, M|\n|poke|p2|Ninetales-Alola, F|\n|poke|p2|Darmanitan-Galar, M|\n|poke|p2|Cetitan, M|\n|poke|p2|Piloswine, M|\n|poke|p2|Articuno|\n|poke|p2|Kyurem|\n|teampreview\n|l|\u2606Viviexists\n|player|p1|\n|j|\u2606Viviexists\n|player|p1|Viviexists|mela\n|c|\u2606Destinum|Vivi of the Existence, what is your Tera Pok\u00e9mon?\n|c|\u2606Viviexists|Water Skele\n|\n|t:|1699392672\n|start\n|switch|p1a: Elf|Sableye, M|100\/100\n|switch|p2a: A Madafaking T-Rex|Kyurem|100\/100\n|-ability|p2a: A Madafaking T-Rex|Pressure\n|turn|1\n|\n|t:|1699392683\n|detailschange|p1a: Elf|Sableye-Mega, M\n|-mega|p1a: Elf|Sableye|Sablenite\n|-terastallize|p2a: A Madafaking T-Rex|Dragon\n|move|p2a: A Madafaking T-Rex|Flash Cannon|p1a: Elf\n|-damage|p1a: Elf|70\/100\n|move|p1a: Elf|Knock Off|p2a: A Madafaking T-Rex\n|-crit|p2a: A Madafaking T-Rex\n|-damage|p2a: A Madafaking T-Rex|58\/100\n|-enditem|p2a: A Madafaking T-Rex|Choice Specs|[from] move: Knock Off|[of] p1a: Elf\n|\n|upkeep\n|turn|2\n|\n|t:|1699392696\n|switch|p1a: Rudolph|Ting-Lu|100\/100\n|-ability|p1a: Rudolph|Vessel of Ruin\n|move|p2a: A Madafaking T-Rex|Draco Meteor|p1a: Rudolph|[miss]\n|-miss|p2a: A Madafaking T-Rex|p1a: Rudolph\n|\n|upkeep\n|turn|3\n|\n|t:|1699392709\n|move|p2a: A Madafaking T-Rex|Freeze-Dry|p1a: Rudolph\n|-supereffective|p1a: Rudolph\n|-damage|p1a: Rudolph|72\/100\n|move|p1a: Rudolph|Stealth Rock|p2a: A Madafaking T-Rex\n|-sidestart|p2: Destinum|move: Stealth Rock\n|\n|-heal|p1a: Rudolph|78\/100|[from] item: Leftovers\n|upkeep\n|turn|4\n|\n|t:|1699392722\n|switch|p2a: The Godfeather|Articuno|100\/100\n|-ability|p2a: The Godfeather|Pressure\n|switch|p1a: A Christmas Carol|Skeledirge, M|100\/100\n|\n|upkeep\n|turn|5\n|\n|t:|1699392727\n|move|p2a: The Godfeather|Defog|p1a: A Christmas Carol\n|-unboost|p1a: A Christmas Carol|evasion|1\n|-sideend|p2: Destinum|Stealth Rock|[from] move: Defog|[of] p2a: The Godfeather\n|move|p1a: A Christmas Carol|Torch Song|p2a: The Godfeather\n|-supereffective|p2a: The Godfeather\n|-crit|p2a: The Godfeather\n|-damage|p2a: The Godfeather|28\/100\n|-boost|p1a: A Christmas Carol|spa|1\n|\n|upkeep\n|turn|6\n|\n|t:|1699392731\n|move|p2a: The Godfeather|U-turn|p1a: A Christmas Carol\n|-resisted|p1a: A Christmas Carol\n|-damage|p1a: A Christmas Carol|98\/100\n|\n|t:|1699392734\n|switch|p2a: A Madafaking T-Rex|Kyurem, tera:Dragon|58\/100|[from] U-turn\n|-ability|p2a: A Madafaking T-Rex|Pressure\n|move|p1a: A Christmas Carol|Torch Song|p2a: A Madafaking T-Rex\n|-resisted|p2a: A Madafaking T-Rex\n|-damage|p2a: A Madafaking T-Rex|37\/100\n|-boost|p1a: A Christmas Carol|spa|1\n|\n|upkeep\n|turn|7\n|\n|t:|1699392747\n|move|p2a: A Madafaking T-Rex|Draco Meteor|p1a: A Christmas Carol\n|-damage|p1a: A Christmas Carol|27\/100\n|-unboost|p2a: A Madafaking T-Rex|spa|2\n|move|p1a: A Christmas Carol|Torch Song|p2a: A Madafaking T-Rex\n|-resisted|p2a: A Madafaking T-Rex\n|-damage|p2a: A Madafaking T-Rex|8\/100\n|-boost|p1a: A Christmas Carol|spa|1\n|\n|upkeep\n|turn|8\n|\n|t:|1699392756\n|switch|p1a: Frosty the Snowman|Clefable, M|100\/100\n|move|p2a: A Madafaking T-Rex|Earth Power|p1a: Frosty the Snowman\n|-damage|p1a: Frosty the Snowman|90\/100\n|\n|-heal|p1a: Frosty the Snowman|96\/100|[from] item: Leftovers\n|upkeep\n|turn|9\n|\n|t:|1699392762\n|switch|p2a: Let It Go|Ninetales-Alola, F|100\/100\n|-weather|Snow|[from] ability: Snow Warning|[of] p2a: Let It Go\n|move|p1a: Frosty the Snowman|Knock Off|p2a: Let It Go\n|-resisted|p2a: Let It Go\n|-damage|p2a: Let It Go|92\/100\n|-enditem|p2a: Let It Go|Light Clay|[from] move: Knock Off|[of] p1a: Frosty the Snowman\n|\n|-weather|Snow|[upkeep]\n|-heal|p1a: Frosty the Snowman|100\/100|[from] item: Leftovers\n|upkeep\n|turn|10\n|\n|t:|1699392772\n|switch|p1a: A Christmas Carol|Skeledirge, M|27\/100\n|move|p2a: Let It Go|Aurora Veil|p2a: Let It Go\n|-sidestart|p2: Destinum|move: Aurora Veil\n|\n|-weather|Snow|[upkeep]\n|upkeep\n|turn|11\n|\n|t:|1699392785\n|move|p2a: Let It Go|Moonblast|p1a: A Christmas Carol\n|-resisted|p1a: A Christmas Carol\n|-damage|p1a: A Christmas Carol|15\/100\n|-unboost|p1a: A Christmas Carol|spa|1\n|move|p1a: A Christmas Carol|Slack Off|p1a: A Christmas Carol\n|-heal|p1a: A Christmas Carol|65\/100\n|\n|-weather|Snow|[upkeep]\n|upkeep\n|turn|12\n|\n|t:|1699392791\n|switch|p1a: Frosty the Snowman|Clefable, M|100\/100\n|move|p2a: Let It Go|Encore||[still]\n|-fail|p2a: Let It Go\n|\n|-weather|Snow|[upkeep]\n|upkeep\n|turn|13\n|\n|t:|1699392799\n|switch|p2a: I Choose Violence|Darmanitan-Galar, M|100\/100\n|move|p1a: Frosty the Snowman|Moonblast|p2a: I Choose Violence\n|-damage|p2a: I Choose Violence|77\/100\n|\n|-weather|none\n|upkeep\n|turn|14\n|\n|t:|1699392806\n|switch|p1a: Home Alone|Dondozo, F|100\/100\n|move|p2a: I Choose Violence|Icicle Crash|p1a: Home Alone\n|-resisted|p1a: Home Alone\n|-damage|p1a: Home Alone|84\/100\n|\n|-heal|p1a: Home Alone|91\/100|[from] item: Leftovers\n|-sideend|p2: Destinum|move: Aurora Veil\n|upkeep\n|turn|15\n|\n|t:|1699392813\n|switch|p2a: Let It Go|Ninetales-Alola, F|92\/100\n|-weather|Snow|[from] ability: Snow Warning|[of] p2a: Let It Go\n|move|p1a: Home Alone|Curse|p1a: Home Alone\n|-unboost|p1a: Home Alone|spe|1\n|-boost|p1a: Home Alone|atk|1\n|-boost|p1a: Home Alone|def|1\n|\n|-weather|Snow|[upkeep]\n|-heal|p1a: Home Alone|97\/100|[from] item: Leftovers\n|upkeep\n|turn|16\n|\n|t:|1699392817\n|switch|p1a: A Christmas Carol|Skeledirge, M|65\/100\n|move|p2a: Let It Go|Aurora Veil|p2a: Let It Go\n|-sidestart|p2: Destinum|move: Aurora Veil\n|\n|-weather|Snow|[upkeep]\n|upkeep\n|turn|17\n|\n|t:|1699392827\n|switch|p2a: Chris P. Bacon|Piloswine, M|100\/100\n|move|p1a: A Christmas Carol|Slack Off|p1a: A Christmas Carol\n|-heal|p1a: A Christmas Carol|100\/100\n|\n|-weather|Snow|[upkeep]\n|upkeep\n|turn|18\n|\n|t:|1699392846\n|move|p1a: A Christmas Carol|Will-O-Wisp|p2a: Chris P. Bacon|[miss]\n|-miss|p1a: A Christmas Carol|p2a: Chris P. Bacon\n|move|p2a: Chris P. Bacon|Stealth Rock|p1a: A Christmas Carol\n|-sidestart|p1: Viviexists|move: Stealth Rock\n|\n|-weather|Snow|[upkeep]\n|upkeep\n|turn|19\n|\n|t:|1699392860\n|switch|p2a: The Godfeather|Articuno|28\/100\n|-ability|p2a: The Godfeather|Pressure\n|move|p1a: A Christmas Carol|Will-O-Wisp|p2a: The Godfeather\n|-status|p2a: The Godfeather|brn\n|\n|-weather|none\n|-damage|p2a: The Godfeather|22\/100 brn|[from] brn\n|upkeep\n|turn|20\n|\n|t:|1699392867\n|move|p2a: The Godfeather|Roost|p2a: The Godfeather\n|-heal|p2a: The Godfeather|73\/100 brn\n|-singleturn|p2a: The Godfeather|move: Roost\n|move|p1a: A Christmas Carol|Torch Song|p2a: The Godfeather\n|-supereffective|p2a: The Godfeather\n|-damage|p2a: The Godfeather|50\/100 brn\n|-boost|p1a: A Christmas Carol|spa|1\n|\n|-damage|p2a: The Godfeather|44\/100 brn|[from] brn\n|-sideend|p2: Destinum|move: Aurora Veil\n|upkeep\n|turn|21\n|j| IncandescentCandle\n|\n|t:|1699392879\n|move|p2a: The Godfeather|U-turn|p1a: A Christmas Carol\n|-resisted|p1a: A Christmas Carol\n|-damage|p1a: A Christmas Carol|99\/100\n|\n|t:|1699392881\n|switch|p2a: Chris P. Bacon|Piloswine, M|100\/100|[from] U-turn\n|move|p1a: A Christmas Carol|Torch Song|p2a: Chris P. Bacon\n|-supereffective|p2a: Chris P. Bacon\n|-damage|p2a: Chris P. Bacon|74\/100\n|-boost|p1a: A Christmas Carol|spa|1\n|\n|upkeep\n|turn|22\n|\n|t:|1699392886\n|move|p1a: A Christmas Carol|Will-O-Wisp|p2a: Chris P. Bacon\n|-status|p2a: Chris P. Bacon|brn\n|move|p2a: Chris P. Bacon|Earthquake|p1a: A Christmas Carol\n|-supereffective|p1a: A Christmas Carol\n|-damage|p1a: A Christmas Carol|69\/100\n|\n|-damage|p2a: Chris P. Bacon|67\/100 brn|[from] brn\n|upkeep\n|turn|23\n|\n|t:|1699392894\n|switch|p2a: Let It Go|Ninetales-Alola, F|92\/100\n|-weather|Snow|[from] ability: Snow Warning|[of] p2a: Let It Go\n|move|p1a: A Christmas Carol|Torch Song|p2a: Let It Go\n|-supereffective|p2a: Let It Go\n|-damage|p2a: Let It Go|0 fnt\n|-boost|p1a: A Christmas Carol|spa|1\n|faint|p2a: Let It Go\n|\n|-weather|Snow|[upkeep]\n|upkeep\n|\n|t:|1699392900\n|switch|p2a: I Choose Violence|Darmanitan-Galar, M|77\/100\n|turn|24\n|\n|t:|1699392915\n|-terastallize|p1a: A Christmas Carol|Water\n|move|p2a: I Choose Violence|Earthquake|p1a: A Christmas Carol\n|-damage|p1a: A Christmas Carol|21\/100\n|move|p1a: A Christmas Carol|Slack Off|p1a: A Christmas Carol\n|-heal|p1a: A Christmas Carol|71\/100\n|\n|-weather|Snow|[upkeep]\n|upkeep\n|turn|25\n|\n|t:|1699392925\n|switch|p2a: The Godfeather|Articuno|44\/100 brn\n|-ability|p2a: The Godfeather|Pressure\n|switch|p1a: Die Hard|Sinistcha|100\/100\n|-damage|p1a: Die Hard|88\/100|[from] Stealth Rock\n|\n|-weather|Snow|[upkeep]\n|-heal|p1a: Die Hard|94\/100|[from] item: Leftovers\n|-damage|p2a: The Godfeather|38\/100 brn|[from] brn\n|upkeep\n|turn|26\n|\n|t:|1699392938\n|move|p2a: The Godfeather|U-turn|p1a: Die Hard\n|-damage|p1a: Die Hard|90\/100\n|\n|t:|1699392940\n|switch|p2a: Moby Thicc|Cetitan, M|100\/100|[from] U-turn\n|move|p1a: Die Hard|Calm Mind|p1a: Die Hard\n|-boost|p1a: Die Hard|spa|1\n|-boost|p1a: Die Hard|spd|1\n|\n|-weather|Snow|[upkeep]\n|-heal|p1a: Die Hard|96\/100|[from] item: Leftovers\n|upkeep\n|turn|27\n|\n|t:|1699392948\n|move|p2a: Moby Thicc|Belly Drum|p2a: Moby Thicc\n|-damage|p2a: Moby Thicc|50\/100\n|-setboost|p2a: Moby Thicc|atk|6|[from] move: Belly Drum\n|-enditem|p2a: Moby Thicc|Sitrus Berry|[eat]\n|-heal|p2a: Moby Thicc|75\/100|[from] item: Sitrus Berry\n|move|p1a: Die Hard|Matcha Gotcha|p2a: Moby Thicc\n|-damage|p2a: Moby Thicc|22\/100\n|-heal|p1a: Die Hard|100\/100|[from] drain|[of] p2a: Moby Thicc\n|\n|-weather|none\n|upkeep\n|turn|28\n|\n|t:|1699392960\n|switch|p1a: Home Alone|Dondozo, F|97\/100\n|-damage|p1a: Home Alone|84\/100|[from] Stealth Rock\n|move|p2a: Moby Thicc|Icicle Crash|p1a: Home Alone|[miss]\n|-miss|p2a: Moby Thicc|p1a: Home Alone\n|\n|-heal|p1a: Home Alone|90\/100|[from] item: Leftovers\n|upkeep\n|turn|29\n|\n|t:|1699392967\n|move|p2a: Moby Thicc|Earthquake|p1a: Home Alone\n|-damage|p1a: Home Alone|76\/100\n|move|p1a: Home Alone|Wave Crash|p2a: Moby Thicc\n|-damage|p2a: Moby Thicc|0 fnt\n|faint|p2a: Moby Thicc\n|-damage|p1a: Home Alone|69\/100|[from] Recoil\n|\n|-heal|p1a: Home Alone|75\/100|[from] item: Leftovers\n|upkeep\n|\n|t:|1699392971\n|switch|p2a: A Madafaking T-Rex|Kyurem, tera:Dragon|8\/100\n|-ability|p2a: A Madafaking T-Rex|Pressure\n|turn|30\n|\n|t:|1699392981\n|switch|p1a: Rudolph|Ting-Lu|78\/100\n|-damage|p1a: Rudolph|72\/100|[from] Stealth Rock\n|-ability|p1a: Rudolph|Vessel of Ruin\n|move|p2a: A Madafaking T-Rex|Freeze-Dry|p1a: Rudolph\n|-supereffective|p1a: Rudolph\n|-damage|p1a: Rudolph|43\/100\n|\n|-heal|p1a: Rudolph|49\/100|[from] item: Leftovers\n|upkeep\n|turn|31\n|\n|t:|1699392986\n|switch|p2a: The Godfeather|Articuno|38\/100 brn\n|-ability|p2a: The Godfeather|Pressure\n|move|p1a: Rudolph|Stealth Rock|p2a: The Godfeather\n|-sidestart|p2: Destinum|move: Stealth Rock\n|\n|-heal|p1a: Rudolph|55\/100|[from] item: Leftovers\n|-damage|p2a: The Godfeather|32\/100 brn|[from] brn\n|upkeep\n|turn|32\n|\n|t:|1699393000\n|switch|p1a: A Christmas Carol|Skeledirge, M, tera:Water|71\/100\n|move|p2a: The Godfeather|Freeze-Dry|p1a: A Christmas Carol\n|-supereffective|p1a: A Christmas Carol\n|-damage|p1a: A Christmas Carol|36\/100\n|\n|-damage|p2a: The Godfeather|26\/100 brn|[from] brn\n|upkeep\n|turn|33\n|\n|t:|1699393012\n|move|p2a: The Godfeather|Defog|p1a: A Christmas Carol\n|-unboost|p1a: A Christmas Carol|evasion|1\n|-sideend|p1: Viviexists|Stealth Rock|[from] move: Defog|[of] p2a: The Godfeather\n|-sideend|p2: Destinum|Stealth Rock|[from] move: Defog|[of] p2a: The Godfeather\n|move|p1a: A Christmas Carol|Torch Song|p2a: The Godfeather\n|-supereffective|p2a: The Godfeather\n|-damage|p2a: The Godfeather|0 fnt\n|-boost|p1a: A Christmas Carol|spa|1\n|faint|p2a: The Godfeather\n|\n|upkeep\n|\n|t:|1699393016\n|switch|p2a: A Madafaking T-Rex|Kyurem, tera:Dragon|8\/100\n|-ability|p2a: A Madafaking T-Rex|Pressure\n|turn|34\n|\n|t:|1699393022\n|switch|p1a: Frosty the Snowman|Clefable, M|100\/100\n|move|p2a: A Madafaking T-Rex|Freeze-Dry|p1a: Frosty the Snowman\n|-damage|p1a: Frosty the Snowman|75\/100\n|\n|-heal|p1a: Frosty the Snowman|81\/100|[from] item: Leftovers\n|upkeep\n|turn|35\n|\n|t:|1699393037\n|switch|p2a: Chris P. Bacon|Piloswine, M|67\/100 brn\n|move|p1a: Frosty the Snowman|Soft-Boiled|p1a: Frosty the Snowman\n|-heal|p1a: Frosty the Snowman|100\/100\n|\n|-damage|p2a: Chris P. Bacon|61\/100 brn|[from] brn\n|upkeep\n|turn|36\n|\n|t:|1699393041\n|move|p1a: Frosty the Snowman|Knock Off|p2a: Chris P. Bacon\n|-damage|p2a: Chris P. Bacon|51\/100 brn\n|-enditem|p2a: Chris P. Bacon|Eviolite|[from] move: Knock Off|[of] p1a: Frosty the Snowman\n|move|p2a: Chris P. Bacon|Stealth Rock|p1a: Frosty the Snowman\n|-sidestart|p1: Viviexists|move: Stealth Rock\n|\n|-damage|p2a: Chris P. Bacon|45\/100 brn|[from] brn\n|upkeep\n|turn|37\n|\n|t:|1699393047\n|switch|p1a: Rudolph|Ting-Lu|55\/100\n|-damage|p1a: Rudolph|49\/100|[from] Stealth Rock\n|-ability|p1a: Rudolph|Vessel of Ruin\n|move|p2a: Chris P. Bacon|Earthquake|p1a: Rudolph\n|-damage|p1a: Rudolph|40\/100\n|\n|-heal|p1a: Rudolph|47\/100|[from] item: Leftovers\n|-damage|p2a: Chris P. Bacon|38\/100 brn|[from] brn\n|upkeep\n|turn|38\n|\n|t:|1699393055\n|switch|p2a: I Choose Violence|Darmanitan-Galar, M|77\/100\n|move|p1a: Rudolph|Stealth Rock|p2a: I Choose Violence\n|-sidestart|p2: Destinum|move: Stealth Rock\n|\n|-heal|p1a: Rudolph|53\/100|[from] item: Leftovers\n|upkeep\n|turn|39\n|\n|t:|1699393066\n|move|p2a: I Choose Violence|Icicle Crash|p1a: Rudolph\n|-supereffective|p1a: Rudolph\n|-damage|p1a: Rudolph|0 fnt\n|faint|p1a: Rudolph\n|\n|upkeep\n|\n|t:|1699393069\n|switch|p1a: Home Alone|Dondozo, F|75\/100\n|-damage|p1a: Home Alone|63\/100|[from] Stealth Rock\n|turn|40\n|\n|t:|1699393073\n|move|p2a: I Choose Violence|Icicle Crash|p1a: Home Alone\n|-resisted|p1a: Home Alone\n|-damage|p1a: Home Alone|48\/100\n|move|p1a: Home Alone|Rest|p1a: Home Alone\n|-status|p1a: Home Alone|slp|[from] move: Rest\n|-heal|p1a: Home Alone|100\/100 slp|[silent]\n|\n|upkeep\n|turn|41\n|c|\u2606Destinum|gg\n|-message|Destinum forfeited.\n|\n|win|Viviexists\n|c|\u2606Viviexists|Gg\n","uploadtime":1699393089,"views":8,"p1id":"viviexists","p2id":"destinum","formatid":"gen9nationaldexubers","rating":0,"private":0,"password":""}