{"id":"gen9nationaldexubers-1988888856","p1":"Plant76543","p2":"Supraaaa","format":"[Gen 9] National Dex Ubers","log":"|j|\u2606Plant76543\n|j|\u2606Supraaaa\n|t:|1699781749\n|gametype|singles\n|player|p1|Plant76543|lucas|1191\n|player|p2|Supraaaa|red|1129\n|teamsize|p1|6\n|teamsize|p2|6\n|gen|9\n|tier|[Gen 9] National Dex Ubers\n|rated|\n|rule|HP Percentage Mod: HP is shown in percentages\n|rule|Endless Battle Clause: Forcing endless battles is banned\n|rule|OHKO Clause: OHKO moves are banned\n|rule|Evasion Moves Clause: Evasion moves are banned\n|rule|Evasion Items Clause: Evasion items are banned\n|rule|Species Clause: Limit one of each Pok\u00e9mon\n|rule|Sleep Clause Mod: Limit one foe put to sleep\n|rule|Mega Rayquaza Clause: You cannot mega evolve Rayquaza\n|clearpoke\n|poke|p1|Xerneas-*|\n|poke|p1|Necrozma-Dawn-Wings|\n|poke|p1|Kyurem-Black|\n|poke|p1|Zacian-*|\n|poke|p1|Kyogre|\n|poke|p1|Ribombee, M|\n|poke|p2|Blaziken, F|\n|poke|p2|Darmanitan-Galar, F|\n|poke|p2|Necrozma-Dusk-Mane|\n|poke|p2|Banette, F|\n|poke|p2|Salamence, M|\n|poke|p2|Groudon|\n|teampreview\n|inactive|Battle timer is ON: inactive players will automatically lose when time's up. (requested by Supraaaa)\n|\n|t:|1699781758\n|start\n|switch|p1a: Ribombee|Ribombee, M|100\/100\n|switch|p2a: Darmanitan|Darmanitan-Galar, F|100\/100\n|turn|1\n|\n|t:|1699781771\n|move|p2a: Darmanitan|Icicle Crash|p1a: Ribombee\n|-enditem|p1a: Ribombee|Focus Sash\n|-damage|p1a: Ribombee|1\/100\n|move|p1a: Ribombee|Sticky Web|p2a: Darmanitan\n|-sidestart|p2: Supraaaa|move: Sticky Web\n|\n|upkeep\n|turn|2\n|\n|t:|1699781778\n|move|p2a: Darmanitan|Icicle Crash|p1a: Ribombee\n|-damage|p1a: Ribombee|0 fnt\n|faint|p1a: Ribombee\n|\n|upkeep\n|\n|t:|1699781786\n|switch|p1a: Zacian|Zacian-Crowned|100\/100\n|-ability|p1a: Zacian|Intrepid Sword|boost\n|-boost|p1a: Zacian|atk|1\n|turn|3\n|\n|t:|1699781800\n|switch|p2a: Banette|Banette, F|100\/100\n|-activate|p2a: Banette|move: Sticky Web\n|-unboost|p2a: Banette|spe|1\n|move|p1a: Zacian|Agility|p1a: Zacian\n|-boost|p1a: Zacian|spe|2\n|\n|upkeep\n|turn|4\n|\n|t:|1699781811\n|detailschange|p2a: Banette|Banette-Mega, F\n|-mega|p2a: Banette|Banette|Banettite\n|move|p2a: Banette|Destiny Bond|p2a: Banette\n|-singlemove|p2a: Banette|Destiny Bond\n|move|p1a: Zacian|Behemoth Blade|p2a: Banette\n|-damage|p2a: Banette|0 fnt\n|faint|p2a: Banette\n|-activate|p2a: Banette|move: Destiny Bond\n|faint|p1a: Zacian\n|\n|upkeep\n|\n|t:|1699781826\n|switch|p1a: Kyogre|Kyogre|100\/100\n|switch|p2a: Necrozma|Necrozma-Dusk-Mane|100\/100\n|-activate|p2a: Necrozma|move: Sticky Web\n|-unboost|p2a: Necrozma|spe|1\n|detailschange|p1a: Kyogre|Kyogre-Primal\n|-primal|p1a: Kyogre|Blue Orb\n|-weather|PrimordialSea|[from] ability: Primordial Sea|[of] p1a: Kyogre\n|turn|5\n|\n|t:|1699781836\n|detailschange|p2a: Necrozma|Necrozma-Ultra\n|-burst|p2a: Necrozma|Necrozma|Ultranecrozium Z\n|move|p2a: Necrozma|Photon Geyser|p1a: Kyogre\n|-damage|p1a: Kyogre|32\/100\n|move|p1a: Kyogre|Calm Mind|p1a: Kyogre\n|-boost|p1a: Kyogre|spa|1\n|-boost|p1a: Kyogre|spd|1\n|\n|-weather|PrimordialSea|[upkeep]\n|upkeep\n|turn|6\n|\n|t:|1699781849\n|move|p2a: Necrozma|Photon Geyser|p1a: Kyogre\n|-damage|p1a: Kyogre|0 fnt\n|faint|p1a: Kyogre\n|-weather|none\n|\n|upkeep\n|\n|t:|1699781861\n|switch|p1a: Necrozma|Necrozma-Dawn-Wings|100\/100\n|turn|7\n|\n|t:|1699781878\n|detailschange|p1a: Necrozma|Necrozma-Ultra\n|-burst|p1a: Necrozma|Necrozma|Ultranecrozium Z\n|move|p1a: Necrozma|Moongeist Beam|p2a: Necrozma\n|-supereffective|p2a: Necrozma\n|-damage|p2a: Necrozma|0 fnt\n|faint|p2a: Necrozma\n|\n|upkeep\n|\n|t:|1699781891\n|switch|p2a: Darmanitan|Darmanitan-Galar, F|100\/100\n|-activate|p2a: Darmanitan|move: Sticky Web\n|-unboost|p2a: Darmanitan|spe|1\n|turn|8\n|\n|t:|1699781898\n|move|p2a: Darmanitan|Icicle Crash|p1a: Necrozma\n|-supereffective|p1a: Necrozma\n|-damage|p1a: Necrozma|0 fnt\n|faint|p1a: Necrozma\n|\n|upkeep\n|\n|t:|1699781907\n|switch|p1a: Xerneas|Xerneas|100\/100\n|-ability|p1a: Xerneas|Fairy Aura\n|turn|9\n|\n|t:|1699781915\n|-terastallize|p1a: Xerneas|Steel\n|move|p2a: Darmanitan|Icicle Crash|p1a: Xerneas\n|-resisted|p1a: Xerneas\n|-damage|p1a: Xerneas|73\/100\n|move|p1a: Xerneas|Geomancy||[still]\n|-prepare|p1a: Xerneas|Geomancy\n|-enditem|p1a: Xerneas|Power Herb\n|-anim|p1a: Xerneas|Geomancy|p1a: Xerneas\n|-boost|p1a: Xerneas|spa|2\n|-boost|p1a: Xerneas|spd|2\n|-boost|p1a: Xerneas|spe|2\n|\n|upkeep\n|turn|10\n|\n|t:|1699781933\n|switch|p2a: Salamence|Salamence, M|100\/100\n|-ability|p2a: Salamence|Intimidate|boost\n|-unboost|p1a: Xerneas|atk|1\n|move|p1a: Xerneas|Moonblast|p2a: Salamence\n|-supereffective|p2a: Salamence\n|-damage|p2a: Salamence|0 fnt\n|faint|p2a: Salamence\n|\n|upkeep\n|\n|t:|1699781940\n|switch|p2a: Darmanitan|Darmanitan-Galar, F|100\/100\n|-activate|p2a: Darmanitan|move: Sticky Web\n|-unboost|p2a: Darmanitan|spe|1\n|turn|11\n|\n|t:|1699781946\n|move|p1a: Xerneas|Moonblast|p2a: Darmanitan\n|-damage|p2a: Darmanitan|0 fnt\n|faint|p2a: Darmanitan\n|\n|upkeep\n|\n|t:|1699781952\n|switch|p2a: Groudon|Groudon|100\/100\n|-activate|p2a: Groudon|move: Sticky Web\n|-unboost|p2a: Groudon|spe|1\n|detailschange|p2a: Groudon|Groudon-Primal\n|-primal|p2a: Groudon|Red Orb\n|-weather|DesolateLand|[from] ability: Desolate Land|[of] p2a: Groudon\n|turn|12\n|\n|t:|1699781959\n|move|p1a: Xerneas|Psychic|p2a: Groudon\n|-damage|p2a: Groudon|32\/100\n|move|p2a: Groudon|Heat Crash|p1a: Xerneas\n|-supereffective|p1a: Xerneas\n|-damage|p1a: Xerneas|0 fnt\n|faint|p1a: Xerneas\n|\n|-weather|DesolateLand|[upkeep]\n|upkeep\n|\n|t:|1699781967\n|switch|p1a: Kyurem|Kyurem-Black|100\/100\n|-ability|p1a: Kyurem|Teravolt\n|turn|13\n|\n|t:|1699781975\n|move|p1a: Kyurem|Dragon Claw|p2a: Groudon\n|-damage|p2a: Groudon|2\/100\n|move|p2a: Groudon|Heavy Slam|p1a: Kyurem\n|-supereffective|p1a: Kyurem\n|-damage|p1a: Kyurem|32\/100\n|\n|-weather|DesolateLand|[upkeep]\n|upkeep\n|turn|14\n|\n|t:|1699781983\n|move|p1a: Kyurem|Dragon Claw|p2a: Groudon\n|-damage|p2a: Groudon|0 fnt\n|faint|p2a: Groudon\n|-weather|none\n|\n|upkeep\n|\n|t:|1699781985\n|switch|p2a: Blaziken|Blaziken, F|100\/100\n|-activate|p2a: Blaziken|move: Sticky Web\n|-unboost|p2a: Blaziken|spe|1\n|turn|15\n|\n|t:|1699781996\n|move|p1a: Kyurem|Fusion Bolt|p2a: Blaziken\n|-damage|p2a: Blaziken|32\/100\n|move|p2a: Blaziken|Close Combat|p1a: Kyurem\n|-supereffective|p1a: Kyurem\n|-damage|p1a: Kyurem|0 fnt\n|-unboost|p2a: Blaziken|def|1\n|-unboost|p2a: Blaziken|spd|1\n|faint|p1a: Kyurem\n|\n|win|Supraaaa\n|raw|Plant76543's rating: 1191 &rarr; <strong>1162<\/strong><br \/>(-29 for losing)\n|raw|Supraaaa's rating: 1129 &rarr; <strong>1158<\/strong><br \/>(+29 for winning)\n|c|\u2606Supraaaa|Gg\n|c|\u2606Plant76543|gg\n|l|\u2606Plant76543\n","uploadtime":1699782020,"views":6,"p1id":"plant76543","p2id":"supraaaa","formatid":"gen9nationaldexubers","rating":1158,"private":0,"password":""}