{"id":"gen9nationaldexubers-1999549295","p1":"KENTHARO 777","p2":"CARNINJA23","format":"[Gen 9] National Dex Ubers","log":"|j|\u2606KENTHARO 777\n|j|\u2606CARNINJA23\n|t:|1701095070\n|gametype|singles\n|player|p1|KENTHARO 777|nate|\n|player|p2|CARNINJA23|steven|\n|teamsize|p1|6\n|teamsize|p2|6\n|gen|9\n|tier|[Gen 9] National Dex Ubers\n|rule|HP Percentage Mod: HP is shown in percentages\n|rule|Endless Battle Clause: Forcing endless battles is banned\n|rule|OHKO Clause: OHKO moves are banned\n|rule|Evasion Moves Clause: Evasion moves are banned\n|rule|Evasion Items Clause: Evasion items are banned\n|rule|Species Clause: Limit one of each Pok\u00e9mon\n|rule|Sleep Clause Mod: Limit one foe put to sleep\n|rule|Mega Rayquaza Clause: You cannot mega evolve Rayquaza\n|clearpoke\n|poke|p1|Zamazenta-*|\n|poke|p1|Zacian-*|\n|poke|p1|Amoonguss, F|\n|poke|p1|Ho-Oh|\n|poke|p1|Alakazam, M|\n|poke|p1|Iron Bundle|\n|poke|p2|Cinderace, M|\n|poke|p2|Greninja-*, M|\n|poke|p2|Alakazam, F|\n|poke|p2|Landorus-Therian, M|\n|poke|p2|Maushold-Four|\n|poke|p2|Lugia|\n|teampreview\n|inactive|Battle timer is ON: inactive players will automatically lose when time's up. (requested by CARNINJA23)\n|\n|t:|1701095084\n|start\n|switch|p1a: Amoonguss|Amoonguss, F|100\/100\n|switch|p2a: Maushold|Maushold-Four|100\/100\n|turn|1\n|\n|t:|1701095093\n|move|p2a: Maushold|Thunder Wave|p1a: Amoonguss\n|-status|p1a: Amoonguss|par\n|move|p1a: Amoonguss|Spore|p2a: Maushold\n|-status|p2a: Maushold|slp|[from] move: Spore\n|\n|upkeep\n|turn|2\n|\n|t:|1701095108\n|switch|p2a: Cinderace|Cinderace, M, shiny|100\/100\n|switch|p1a: Zacian|Zacian-Crowned|100\/100\n|-ability|p1a: Zacian|Intrepid Sword|boost\n|-boost|p1a: Zacian|atk|1\n|\n|upkeep\n|turn|3\n|\n|t:|1701095123\n|-terastallize|p1a: Zacian|Fire\n|move|p1a: Zacian|Behemoth Blade|p2a: Cinderace\n|-resisted|p2a: Cinderace\n|-damage|p2a: Cinderace|41\/100\n|move|p2a: Cinderace|Pyro Ball|p1a: Zacian\n|-resisted|p1a: Zacian\n|-damage|p1a: Zacian|63\/100\n|-damage|p2a: Cinderace|31\/100|[from] item: Life Orb\n|\n|upkeep\n|turn|4\n|\n|t:|1701095147\n|switch|p2a: Lugia|Lugia|100\/100\n|move|p1a: Zacian|Behemoth Blade|p2a: Lugia\n|-damage|p2a: Lugia|76\/100\n|\n|upkeep\n|turn|5\n|inactive|KENTHARO 777 has 270 seconds left.\n|\n|t:|1701095185\n|switch|p1a: Amoonguss|Amoonguss, F|100\/100 par\n|move|p2a: Lugia|Toxic||[still]\n|-fail|p2a: Lugia\n|\n|upkeep\n|turn|6\n|inactive|KENTHARO 777 has 270 seconds left.\n|\n|t:|1701095197\n|move|p2a: Lugia|Aeroblast|p1a: Amoonguss\n|-supereffective|p1a: Amoonguss\n|-crit|p1a: Amoonguss\n|-damage|p1a: Amoonguss|36\/100 par\n|cant|p1a: Amoonguss|par\n|\n|upkeep\n|turn|7\n|inactive|KENTHARO 777 has 270 seconds left.\n|\n|t:|1701095215\n|cant|p1a: Amoonguss|par\n|move|p2a: Lugia|Aeroblast|p1a: Amoonguss\n|-supereffective|p1a: Amoonguss\n|-damage|p1a: Amoonguss|0 fnt\n|faint|p1a: Amoonguss\n|\n|upkeep\n|\n|t:|1701095224\n|switch|p1a: Zamazenta|Zamazenta-Crowned|100\/100\n|-ability|p1a: Zamazenta|Dauntless Shield|boost\n|-boost|p1a: Zamazenta|def|1\n|turn|8\n|\n|t:|1701095243\n|move|p1a: Zamazenta|Stone Edge|p2a: Lugia|[miss]\n|-miss|p1a: Zamazenta|p2a: Lugia\n|move|p2a: Lugia|Calm Mind|p2a: Lugia\n|-boost|p2a: Lugia|spa|1\n|-boost|p2a: Lugia|spd|1\n|\n|upkeep\n|turn|9\n|inactive|KENTHARO 777 has 270 seconds left.\n|\n|t:|1701095259\n|move|p1a: Zamazenta|Close Combat|p2a: Lugia\n|-resisted|p2a: Lugia\n|-damage|p2a: Lugia|69\/100\n|-unboost|p1a: Zamazenta|def|1\n|-unboost|p1a: Zamazenta|spd|1\n|move|p2a: Lugia|Aeroblast|p1a: Zamazenta\n|-damage|p1a: Zamazenta|46\/100\n|\n|upkeep\n|turn|10\n|inactive|KENTHARO 777 has 270 seconds left.\n|\n|t:|1701095272\n|move|p1a: Zamazenta|Behemoth Bash|p2a: Lugia\n|-damage|p2a: Lugia|44\/100\n|move|p2a: Lugia|Aeroblast|p1a: Zamazenta\n|-damage|p1a: Zamazenta|0 fnt\n|faint|p1a: Zamazenta\n|\n|upkeep\n|\n|t:|1701095280\n|switch|p1a: Iron Bundle|Iron Bundle|100\/100\n|turn|11\n|\n|t:|1701095289\n|move|p1a: Iron Bundle|U-turn|p2a: Lugia\n|-damage|p2a: Lugia|37\/100\n|\n|t:|1701095292\n|-end|p1a: Iron Bundle|Quark Drive|[silent]\n|switch|p1a: Ho-Oh|Ho-Oh|100\/100|[from] U-turn\n|move|p2a: Lugia|Toxic|p1a: Ho-Oh\n|-status|p1a: Ho-Oh|tox\n|\n|-damage|p1a: Ho-Oh|94\/100 tox|[from] psn\n|upkeep\n|turn|12\n|\n|t:|1701095304\n|move|p2a: Lugia|Detect|p2a: Lugia\n|-singleturn|p2a: Lugia|Protect\n|move|p1a: Ho-Oh|Brave Bird|p2a: Lugia\n|-activate|p2a: Lugia|move: Protect\n|\n|-damage|p1a: Ho-Oh|82\/100 tox|[from] psn\n|upkeep\n|turn|13\n|\n|t:|1701095319\n|move|p2a: Lugia|Aeroblast|p1a: Ho-Oh|[miss]\n|-miss|p2a: Lugia|p1a: Ho-Oh\n|move|p1a: Ho-Oh|Brave Bird|p2a: Lugia\n|-damage|p2a: Lugia|0 fnt\n|faint|p2a: Lugia\n|-damage|p1a: Ho-Oh|70\/100 tox|[from] Recoil\n|\n|-damage|p1a: Ho-Oh|51\/100 tox|[from] psn\n|upkeep\n|\n|t:|1701095328\n|switch|p2a: Maushold|Maushold-Four|100\/100 slp\n|turn|14\n|\n|t:|1701095334\n|switch|p1a: Iron Bundle|Iron Bundle|100\/100\n|cant|p2a: Maushold|slp\n|\n|upkeep\n|turn|15\n|\n|t:|1701095342\n|move|p1a: Iron Bundle|Hydro Pump|p2a: Maushold\n|-damage|p2a: Maushold|26\/100 slp\n|cant|p2a: Maushold|slp\n|\n|upkeep\n|turn|16\n|\n|t:|1701095351\n|move|p1a: Iron Bundle|Hydro Pump|p2a: Maushold\n|-damage|p2a: Maushold|0 fnt\n|faint|p2a: Maushold\n|\n|upkeep\n|\n|t:|1701095356\n|switch|p2a: Alakazam|Alakazam, F|100\/100\n|turn|17\n|\n|t:|1701095359\n|-end|p1a: Iron Bundle|Quark Drive|[silent]\n|switch|p1a: Alakazam|Alakazam, M|100\/100\n|detailschange|p2a: Alakazam|Alakazam-Mega, F\n|-mega|p2a: Alakazam|Alakazam|Alakazite\n|-ability|p2a: Alakazam|Synchronize|[from] ability: Trace|[of] p1a: Alakazam\n|move|p2a: Alakazam|Nasty Plot|p2a: Alakazam\n|-boost|p2a: Alakazam|spa|2\n|\n|upkeep\n|turn|18\n|\n|t:|1701095380\n|detailschange|p1a: Alakazam|Alakazam-Mega, M\n|-mega|p1a: Alakazam|Alakazam|Alakazite\n|-ability|p1a: Alakazam|Synchronize|[from] ability: Trace|[of] p2a: Alakazam\n|move|p2a: Alakazam|Dazzling Gleam|p1a: Alakazam\n|-damage|p1a: Alakazam|15\/100\n|move|p1a: Alakazam|Calm Mind|p1a: Alakazam\n|-boost|p1a: Alakazam|spa|1\n|-boost|p1a: Alakazam|spd|1\n|\n|upkeep\n|turn|19\n|\n|t:|1701095393\n|move|p1a: Alakazam|Psychic|p2a: Alakazam\n|-resisted|p2a: Alakazam\n|-damage|p2a: Alakazam|46\/100\n|move|p2a: Alakazam|Dazzling Gleam|p1a: Alakazam\n|-damage|p1a: Alakazam|0 fnt\n|faint|p1a: Alakazam\n|\n|upkeep\n|\n|t:|1701095415\n|switch|p1a: Ho-Oh|Ho-Oh|84\/100 tox\n|turn|20\n|\n|t:|1701095421\n|move|p2a: Alakazam|Psychic|p1a: Ho-Oh\n|-damage|p1a: Ho-Oh|11\/100 tox\n|-enditem|p1a: Ho-Oh|Aguav Berry|[eat]\n|-heal|p1a: Ho-Oh|44\/100 tox|[from] item: Aguav Berry\n|move|p1a: Ho-Oh|Brave Bird|p2a: Alakazam\n|-damage|p2a: Alakazam|0 fnt\n|faint|p2a: Alakazam\n|-damage|p1a: Ho-Oh|34\/100 tox|[from] Recoil\n|\n|-damage|p1a: Ho-Oh|27\/100 tox|[from] psn\n|upkeep\n|\n|t:|1701095438\n|switch|p2a: Cinderace|Cinderace, M, shiny|31\/100\n|turn|21\n|\n|t:|1701095447\n|move|p2a: Cinderace|Double-Edge|p1a: Ho-Oh\n|-start|p2a: Cinderace|typechange|Normal|[from] ability: Libero\n|-damage|p1a: Ho-Oh|0 fnt\n|faint|p1a: Ho-Oh\n|-damage|p2a: Cinderace|20\/100|[from] Recoil\n|-damage|p2a: Cinderace|10\/100|[from] item: Life Orb\n|\n|upkeep\n|\n|t:|1701095452\n|switch|p1a: Zacian|Zacian-Crowned, tera:Fire|63\/100\n|turn|22\n|\n|t:|1701095458\n|move|p2a: Cinderace|Protect|p2a: Cinderace\n|-singleturn|p2a: Cinderace|Protect\n|move|p1a: Zacian|Behemoth Blade|p2a: Cinderace\n|-activate|p2a: Cinderace|move: Protect\n|\n|upkeep\n|turn|23\n|\n|t:|1701095465\n|move|p1a: Zacian|Trailblaze|p2a: Cinderace\n|-damage|p2a: Cinderace|0 fnt\n|-boost|p1a: Zacian|spe|1\n|faint|p2a: Cinderace\n|\n|upkeep\n|\n|t:|1701095470\n|switch|p2a: Landorus|Landorus-Therian, M|100\/100\n|-ability|p2a: Landorus|Intimidate|boost\n|-unboost|p1a: Zacian|atk|1\n|turn|24\n|inactive|KENTHARO 777 has 270 seconds left.\n|\n|t:|1701095505\n|switch|p1a: Iron Bundle|Iron Bundle|100\/100\n|move|p2a: Landorus|Earthquake|p1a: Iron Bundle\n|-damage|p1a: Iron Bundle|0 fnt\n|faint|p1a: Iron Bundle\n|-end|p1a: Iron Bundle|Quark Drive|[silent]\n|-damage|p2a: Landorus|91\/100|[from] item: Life Orb\n|\n|upkeep\n|inactive|KENTHARO 777 has 270 seconds left.\n|\n|t:|1701095511\n|switch|p1a: Zacian|Zacian-Crowned, tera:Fire|63\/100\n|turn|25\n|\n|t:|1701095519\n|move|p1a: Zacian|Behemoth Blade|p2a: Landorus\n|-damage|p2a: Landorus|26\/100\n|move|p2a: Landorus|Earthquake|p1a: Zacian\n|-supereffective|p1a: Zacian\n|-damage|p1a: Zacian|0 fnt\n|faint|p1a: Zacian\n|-damage|p2a: Landorus|16\/100|[from] item: Life Orb\n|\n|win|CARNINJA23\n|c|\u2606KENTHARO 777|La cagu\u00e9\n","uploadtime":1701095527,"views":2,"p1id":"kentharo777","p2id":"carninja23","formatid":"gen9nationaldexubers","rating":0,"private":0,"password":""}