{"id":"gen9nationaldexubers-1989582545","p1":"wdymthenameisthere","p2":"Rhyfinn 05","format":"[Gen 9] National Dex Ubers","log":"|j|\u2606wdymthenameisthere\n|j|\u2606Rhyfinn 05\n|t:|1699874686\n|gametype|singles\n|player|p1|wdymthenameisthere|volkner|1148\n|player|p2|Rhyfinn 05|alder|1040\n|teamsize|p1|6\n|teamsize|p2|6\n|gen|9\n|tier|[Gen 9] National Dex Ubers\n|rated|\n|rule|HP Percentage Mod: HP is shown in percentages\n|rule|Endless Battle Clause: Forcing endless battles is banned\n|rule|OHKO Clause: OHKO moves are banned\n|rule|Evasion Moves Clause: Evasion moves are banned\n|rule|Evasion Items Clause: Evasion items are banned\n|rule|Species Clause: Limit one of each Pok\u00e9mon\n|rule|Sleep Clause Mod: Limit one foe put to sleep\n|rule|Mega Rayquaza Clause: You cannot mega evolve Rayquaza\n|clearpoke\n|poke|p1|Dracovish|\n|poke|p1|Eternatus|\n|poke|p1|Kingambit, F|\n|poke|p1|Ferrothorn, M|\n|poke|p1|Mewtwo|\n|poke|p1|Groudon|\n|poke|p2|Groudon|\n|poke|p2|Xerneas-*|\n|poke|p2|Marshadow|\n|poke|p2|Necrozma-Dusk-Mane|\n|poke|p2|Deoxys-Speed|\n|poke|p2|Pheromosa|\n|teampreview\n|inactive|Battle timer is ON: inactive players will automatically lose when time's up. (requested by Rhyfinn 05)\n|\n|t:|1699874694\n|start\n|switch|p1a: Ferrothorn|Ferrothorn, M|100\/100\n|switch|p2a: Deoxys|Deoxys-Speed, shiny|100\/100\n|-ability|p2a: Deoxys|Pressure\n|turn|1\n|\n|t:|1699874701\n|move|p2a: Deoxys|Taunt|p1a: Ferrothorn\n|-start|p1a: Ferrothorn|move: Taunt\n|cant|p1a: Ferrothorn|move: Taunt|Stealth Rock\n|\n|upkeep\n|turn|2\n|\n|t:|1699874712\n|move|p2a: Deoxys|Stealth Rock|p1a: Ferrothorn\n|-sidestart|p1: wdymthenameisthere|move: Stealth Rock\n|-activate|p1a: Ferrothorn|move: Struggle\n|move|p1a: Ferrothorn|Struggle|p2a: Deoxys\n|-damage|p2a: Deoxys|88\/100\n|-damage|p1a: Ferrothorn|75\/100|[from] recoil\n|\n|upkeep\n|turn|3\n|\n|t:|1699874719\n|move|p2a: Deoxys|Spikes|p1a: Ferrothorn\n|-sidestart|p1: wdymthenameisthere|Spikes\n|-activate|p1a: Ferrothorn|move: Struggle\n|move|p1a: Ferrothorn|Struggle|p2a: Deoxys\n|-crit|p2a: Deoxys\n|-damage|p2a: Deoxys|71\/100\n|-damage|p1a: Ferrothorn|50\/100|[from] recoil\n|\n|-end|p1a: Ferrothorn|move: Taunt\n|upkeep\n|turn|4\n|\n|t:|1699874726\n|move|p2a: Deoxys|Taunt|p1a: Ferrothorn\n|-start|p1a: Ferrothorn|move: Taunt\n|cant|p1a: Ferrothorn|move: Taunt|Stealth Rock\n|\n|upkeep\n|turn|5\n|\n|t:|1699874735\n|switch|p1a: Kingambit|Kingambit, F|100\/100\n|-damage|p1a: Kingambit|94\/100|[from] Stealth Rock\n|-damage|p1a: Kingambit|82\/100|[from] Spikes\n|move|p2a: Deoxys|Spikes|p1a: Kingambit\n|-sidestart|p1: wdymthenameisthere|Spikes\n|\n|upkeep\n|turn|6\n|\n|t:|1699874743\n|move|p2a: Deoxys|Taunt|p1a: Kingambit\n|-start|p1a: Kingambit|move: Taunt\n|move|p1a: Kingambit|Knock Off|p2a: Deoxys\n|-supereffective|p2a: Deoxys\n|-damage|p2a: Deoxys|0 fnt\n|-enditem|p2a: Deoxys|Focus Sash|[from] move: Knock Off|[of] p1a: Kingambit\n|faint|p2a: Deoxys\n|\n|upkeep\n|\n|t:|1699874752\n|switch|p2a: Groudon|Groudon, shiny|100\/100\n|detailschange|p2a: Groudon|Groudon-Primal, shiny\n|-primal|p2a: Groudon|Red Orb\n|-weather|DesolateLand|[from] ability: Desolate Land|[of] p2a: Groudon\n|turn|7\n|\n|t:|1699874766\n|-end|p1a: Kingambit|fallenundefined|[silent]\n|switch|p1a: Ferrothorn|Ferrothorn, M|50\/100\n|-damage|p1a: Ferrothorn|44\/100|[from] Stealth Rock\n|-damage|p1a: Ferrothorn|28\/100|[from] Spikes\n|move|p2a: Groudon|Rock Polish|p2a: Groudon\n|-boost|p2a: Groudon|spe|2\n|\n|-weather|DesolateLand|[upkeep]\n|upkeep\n|turn|8\n|\n|t:|1699874775\n|move|p2a: Groudon|Flamethrower|p1a: Ferrothorn\n|-supereffective|p1a: Ferrothorn\n|-damage|p1a: Ferrothorn|0 fnt\n|faint|p1a: Ferrothorn\n|\n|-weather|DesolateLand|[upkeep]\n|upkeep\n|\n|t:|1699874783\n|switch|p1a: Dracovish|Dracovish, shiny|100\/100\n|-damage|p1a: Dracovish|88\/100|[from] Stealth Rock\n|-damage|p1a: Dracovish|72\/100|[from] Spikes\n|turn|9\n|-message|wdymthenameisthere forfeited.\n|\n|win|Rhyfinn 05\n|raw|wdymthenameisthere's rating: 1148 &rarr; <strong>1115<\/strong><br \/>(-33 for losing)\n|raw|Rhyfinn 05's rating: 1040 &rarr; <strong>1084<\/strong><br \/>(+44 for winning)\n|l|\u2606wdymthenameisthere\n","uploadtime":1699874795,"views":4,"p1id":"wdymthenameisthere","p2id":"rhyfinn05","formatid":"gen9nationaldexubers","rating":1084,"private":0,"password":""}