{"id":"gen9nationaldexubers-1995570255","p1":"Firesusboi1234","p2":"cyanosaxsfds7","format":"[Gen 9] National Dex Ubers","log":"|j|\u2606Firesusboi1234\n|j|\u2606cyanosaxsfds7\n|t:|1700583790\n|gametype|singles\n|player|p1|Firesusboi1234|1|\n|player|p2|cyanosaxsfds7|backersf|\n|teamsize|p1|6\n|teamsize|p2|6\n|gen|9\n|tier|[Gen 9] National Dex Ubers\n|rule|HP Percentage Mod: HP is shown in percentages\n|rule|Endless Battle Clause: Forcing endless battles is banned\n|rule|OHKO Clause: OHKO moves are banned\n|rule|Evasion Moves Clause: Evasion moves are banned\n|rule|Evasion Items Clause: Evasion items are banned\n|rule|Species Clause: Limit one of each Pok\u00e9mon\n|rule|Sleep Clause Mod: Limit one foe put to sleep\n|rule|Mega Rayquaza Clause: You cannot mega evolve Rayquaza\n|clearpoke\n|poke|p1|Cloyster, F|\n|poke|p1|Snorlax, M|\n|poke|p1|Raichu-Alola, F|\n|poke|p1|Garchomp, M|\n|poke|p1|Tapu Koko|\n|poke|p1|Sharpedo, M|\n|poke|p2|Kartana|\n|poke|p2|Heatran, M|\n|poke|p2|Landorus-Therian, M|\n|poke|p2|Tapu Fini|\n|poke|p2|Scizor, F|\n|poke|p2|Greninja-*, M|\n|teampreview\n|\n|t:|1700583886\n|start\n|switch|p1a: Up|Tapu Koko, shiny|100\/100\n|switch|p2a: Kartana|Kartana|100\/100\n|-fieldstart|move: Electric Terrain|[from] ability: Electric Surge|[of] p1a: Up\n|turn|1\n|\n|t:|1700583903\n|switch|p2a: Landorus|Landorus-Therian, M|100\/100\n|-ability|p2a: Landorus|Intimidate|boost\n|-unboost|p1a: Up|atk|1\n|move|p1a: Up|Volt Switch|p2a: Landorus\n|-immune|p2a: Landorus\n|\n|upkeep\n|turn|2\n|\n|t:|1700583916\n|switch|p1a: Never|Cloyster, F, shiny|100\/100\n|move|p2a: Landorus|Earthquake|p1a: Never\n|-damage|p1a: Never|58\/100\n|\n|upkeep\n|turn|3\n|\n|t:|1700583942\n|switch|p1a: You|Garchomp, M|100\/100\n|-terastallize|p2a: Landorus|Ground\n|move|p2a: Landorus|Earthquake|p1a: You\n|-damage|p1a: You|41\/100\n|\n|upkeep\n|turn|4\n|\n|t:|1700583953\n|move|p1a: You|Dragon Claw|p2a: Landorus\n|-damage|p2a: Landorus|60\/100\n|-damage|p1a: You|24\/100|[from] item: Rocky Helmet|[of] p2a: Landorus\n|-damage|p1a: You|14\/100|[from] item: Life Orb\n|move|p2a: Landorus|U-turn|p1a: You\n|-damage|p1a: You|0 fnt\n|-damage|p2a: Landorus|48\/100|[from] ability: Rough Skin|[of] p1a: You\n|faint|p1a: You\n|\n|t:|1700583977\n|switch|p2a: Scizor|Scizor, F|100\/100|[from] U-turn\n|\n|upkeep\n|\n|t:|1700584017\n|switch|p1a: Gonna|Snorlax, M|100\/100\n|turn|5\n|\n|t:|1700584073\n|detailschange|p2a: Scizor|Scizor-Mega, F\n|-mega|p2a: Scizor|Scizor|Scizorite\n|move|p2a: Scizor|Bullet Punch|p1a: Gonna\n|-crit|p1a: Gonna\n|-damage|p1a: Gonna|56\/100\n|move|p1a: Gonna|Curse|p1a: Gonna\n|-unboost|p1a: Gonna|spe|1\n|-boost|p1a: Gonna|atk|1\n|-boost|p1a: Gonna|def|1\n|\n|-heal|p1a: Gonna|63\/100|[from] item: Leftovers\n|-fieldend|move: Electric Terrain\n|upkeep\n|turn|6\n|\n|t:|1700584113\n|switch|p2a: Landorus|Landorus-Therian, M, tera:Ground|48\/100\n|-ability|p2a: Landorus|Intimidate|boost\n|-unboost|p1a: Gonna|atk|1\n|move|p1a: Gonna|Curse|p1a: Gonna\n|-unboost|p1a: Gonna|spe|1\n|-boost|p1a: Gonna|atk|1\n|-boost|p1a: Gonna|def|1\n|\n|-heal|p1a: Gonna|69\/100|[from] item: Leftovers\n|upkeep\n|turn|7\n|\n|t:|1700584126\n|move|p2a: Landorus|Explosion|p1a: Gonna\n|-damage|p1a: Gonna|29\/100\n|faint|p2a: Landorus\n|move|p1a: Gonna|Curse|p1a: Gonna\n|-unboost|p1a: Gonna|spe|1\n|-boost|p1a: Gonna|atk|1\n|-boost|p1a: Gonna|def|1\n|\n|-heal|p1a: Gonna|35\/100|[from] item: Leftovers\n|upkeep\n|\n|t:|1700584134\n|switch|p2a: Scizor|Scizor-Mega, F|100\/100\n|turn|8\n|\n|t:|1700584139\n|move|p2a: Scizor|Bullet Punch|p1a: Gonna\n|-damage|p1a: Gonna|23\/100\n|move|p1a: Gonna|Brick Break|p2a: Scizor\n|-damage|p2a: Scizor|63\/100\n|\n|-heal|p1a: Gonna|29\/100|[from] item: Leftovers\n|upkeep\n|turn|9\n|\n|t:|1700584153\n|switch|p2a: Kartana|Kartana|100\/100\n|move|p1a: Gonna|Curse|p1a: Gonna\n|-unboost|p1a: Gonna|spe|1\n|-boost|p1a: Gonna|atk|1\n|-boost|p1a: Gonna|def|1\n|\n|-heal|p1a: Gonna|35\/100|[from] item: Leftovers\n|upkeep\n|turn|10\n|\n|t:|1700584163\n|move|p2a: Kartana|Sacred Sword|p1a: Gonna\n|-supereffective|p1a: Gonna\n|-damage|p1a: Gonna|0 fnt\n|faint|p1a: Gonna\n|-ability|p2a: Kartana|Beast Boost|boost\n|-boost|p2a: Kartana|atk|1\n|\n|upkeep\n|\n|t:|1700584173\n|switch|p1a: Never|Cloyster, F, shiny|58\/100\n|turn|11\n|\n|t:|1700584185\n|-terastallize|p1a: Never|Water\n|-zpower|p2a: Kartana\n|move|p2a: Kartana|Bloom Doom|p1a: Never|[zeffect]\n|-supereffective|p1a: Never\n|-damage|p1a: Never|0 fnt\n|faint|p1a: Never\n|-ability|p2a: Kartana|Beast Boost|boost\n|-boost|p2a: Kartana|atk|1\n|\n|upkeep\n|\n|t:|1700584195\n|switch|p1a: Rick Rolled u|Sharpedo, M|100\/100\n|turn|12\n|\n|t:|1700584219\n|move|p2a: Kartana|Sacred Sword|p1a: Rick Rolled u\n|-supereffective|p1a: Rick Rolled u\n|-damage|p1a: Rick Rolled u|0 fnt\n|faint|p1a: Rick Rolled u\n|-ability|p2a: Kartana|Beast Boost|boost\n|-boost|p2a: Kartana|atk|1\n|\n|upkeep\n|\n|t:|1700584227\n|switch|p1a: Up|Tapu Koko, shiny|100\/100\n|-fieldstart|move: Electric Terrain|[from] ability: Electric Surge|[of] p1a: Up\n|turn|13\n|\n|t:|1700584268\n|move|p1a: Up|Thunderbolt|p2a: Kartana\n|-resisted|p2a: Kartana\n|-damage|p2a: Kartana|18\/100\n|move|p2a: Kartana|Sacred Sword|p1a: Up\n|-resisted|p1a: Up\n|-damage|p1a: Up|36\/100\n|-damage|p2a: Kartana|2\/100|[from] item: Rocky Helmet|[of] p1a: Up\n|\n|upkeep\n|turn|14\n|\n|t:|1700584287\n|move|p1a: Up|Thunderbolt|p2a: Kartana\n|-resisted|p2a: Kartana\n|-damage|p2a: Kartana|0 fnt\n|faint|p2a: Kartana\n|\n|upkeep\n|\n|t:|1700584312\n|switch|p2a: Heatran|Heatran, M|100\/100\n|-item|p2a: Heatran|Air Balloon\n|turn|15\n|\n|t:|1700584329\n|move|p1a: Up|Volt Switch|p2a: Heatran\n|-damage|p2a: Heatran|65\/100\n|-enditem|p2a: Heatran|Air Balloon\n|\n|t:|1700584333\n|switch|p1a: Give|Raichu-Alola, F, shiny|100\/100|[from] Volt Switch\n|move|p2a: Heatran|Earth Power|p1a: Give\n|-supereffective|p1a: Give\n|-damage|p1a: Give|0 fnt\n|faint|p1a: Give\n|\n|upkeep\n|\n|t:|1700584340\n|switch|p1a: Up|Tapu Koko, shiny|36\/100\n|turn|16\n|\n|t:|1700584343\n|move|p1a: Up|Thunderbolt|p2a: Heatran\n|-damage|p2a: Heatran|12\/100\n|move|p2a: Heatran|Earth Power|p1a: Up\n|-supereffective|p1a: Up\n|-damage|p1a: Up|0 fnt\n|faint|p1a: Up\n|\n|win|cyanosaxsfds7\n|l|\u2606Firesusboi1234\n","uploadtime":1700584368,"views":0,"p1id":"firesusboi1234","p2id":"cyanosaxsfds7","formatid":"gen9nationaldexubers","rating":0,"private":0,"password":""}