{"id":"gen9nationaldexubers-1980626876","p1":"Woqpqpqpqoq","p2":"daoshiaipishi","format":"[Gen 9] National Dex Ubers","log":"|j|\u2606Woqpqpqpqoq\n|j|\u2606daoshiaipishi\n|t:|1698804890\n|gametype|singles\n|player|p1|Woqpqpqpqoq|170|1140\n|player|p2|daoshiaipishi|lady|1239\n|teamsize|p1|6\n|teamsize|p2|6\n|gen|9\n|tier|[Gen 9] National Dex Ubers\n|rated|\n|rule|HP Percentage Mod: HP is shown in percentages\n|rule|Endless Battle Clause: Forcing endless battles is banned\n|rule|OHKO Clause: OHKO moves are banned\n|rule|Evasion Moves Clause: Evasion moves are banned\n|rule|Evasion Items Clause: Evasion items are banned\n|rule|Species Clause: Limit one of each Pok\u00e9mon\n|rule|Sleep Clause Mod: Limit one foe put to sleep\n|rule|Mega Rayquaza Clause: You cannot mega evolve Rayquaza\n|clearpoke\n|poke|p1|Rotom-Wash|\n|poke|p1|Volcarona, F|\n|poke|p1|Salamence, M|\n|poke|p1|Marshadow|\n|poke|p1|Rillaboom, M|\n|poke|p1|Clefable, M|\n|poke|p2|Melmetal|\n|poke|p2|Chansey, F|\n|poke|p2|Dachsbun, M|\n|poke|p2|Urshifu-*, F|\n|poke|p2|Regieleki|\n|poke|p2|Blastoise, M|\n|teampreview\n|inactive|Battle timer is ON: inactive players will automatically lose when time's up. (requested by Woqpqpqpqoq)\n|l|\u2606daoshiaipishi\n|inactive|daoshiaipishi disconnected and has a minute to reconnect!\n|player|p2|\n|j|\u2606daoshiaipishi\n|inactive|daoshiaipishi reconnected and has 120 seconds left.\n|player|p2|daoshiaipishi|lady\n|\n|t:|1698804945\n|start\n|switch|p1a: Clefable|Clefable, M|100\/100\n|switch|p2a: Melmetal|Melmetal|100\/100\n|turn|1\n|\n|t:|1698804951\n|move|p1a: Clefable|Stealth Rock|p2a: Melmetal\n|-sidestart|p2: daoshiaipishi|move: Stealth Rock\n|move|p2a: Melmetal|Double Iron Bash|p1a: Clefable\n|-supereffective|p1a: Clefable\n|-damage|p1a: Clefable|47\/100\n|-supereffective|p1a: Clefable\n|-damage|p1a: Clefable|0 fnt\n|faint|p1a: Clefable\n|-hitcount|p1: Clefable|2\n|\n|upkeep\n|\n|t:|1698804958\n|switch|p1a: Volcarona|Volcarona, F|100\/100\n|turn|2\n|\n|t:|1698804960\n|move|p1a: Volcarona|Quiver Dance|p1a: Volcarona\n|-boost|p1a: Volcarona|spa|1\n|-boost|p1a: Volcarona|spd|1\n|-boost|p1a: Volcarona|spe|1\n|move|p2a: Melmetal|Toxic|p1a: Volcarona\n|-status|p1a: Volcarona|tox\n|\n|-damage|p1a: Volcarona|94\/100 tox|[from] psn\n|upkeep\n|turn|3\n|\n|t:|1698804966\n|switch|p2a: Dachsbun|Dachsbun, M|100\/100\n|-damage|p2a: Dachsbun|88\/100|[from] Stealth Rock\n|move|p1a: Volcarona|Fiery Dance|p2a: Dachsbun\n|-ability|p2a: Dachsbun|Well-Baked Body|boost\n|-boost|p2a: Dachsbun|def|2\n|\n|-heal|p2a: Dachsbun|94\/100|[from] item: Leftovers\n|-damage|p1a: Volcarona|82\/100 tox|[from] psn\n|upkeep\n|turn|4\n|\n|t:|1698804979\n|move|p1a: Volcarona|Giga Drain|p2a: Dachsbun\n|-damage|p2a: Dachsbun|44\/100\n|-heal|p1a: Volcarona|100\/100 tox|[from] drain|[of] p2a: Dachsbun\n|move|p2a: Dachsbun|Body Press|p1a: Volcarona\n|-resisted|p1a: Volcarona\n|-damage|p1a: Volcarona|55\/100 tox\n|\n|-heal|p2a: Dachsbun|50\/100|[from] item: Leftovers\n|-damage|p1a: Volcarona|37\/100 tox|[from] psn\n|upkeep\n|turn|5\n|\n|t:|1698804985\n|move|p2a: Dachsbun|Protect|p2a: Dachsbun\n|-singleturn|p2a: Dachsbun|Protect\n|move|p1a: Volcarona|Giga Drain|p2a: Dachsbun\n|-activate|p2a: Dachsbun|move: Protect\n|\n|-heal|p2a: Dachsbun|56\/100|[from] item: Leftovers\n|-damage|p1a: Volcarona|12\/100 tox|[from] psn\n|upkeep\n|turn|6\n|\n|t:|1698804988\n|move|p1a: Volcarona|Giga Drain|p2a: Dachsbun\n|-damage|p2a: Dachsbun|6\/100\n|-heal|p1a: Volcarona|38\/100 tox|[from] drain|[of] p2a: Dachsbun\n|move|p2a: Dachsbun|Wish|p2a: Dachsbun\n|\n|-heal|p2a: Dachsbun|12\/100|[from] item: Leftovers\n|-damage|p1a: Volcarona|8\/100 tox|[from] psn\n|upkeep\n|turn|7\n|\n|t:|1698804992\n|move|p2a: Dachsbun|Protect|p2a: Dachsbun\n|-singleturn|p2a: Dachsbun|Protect\n|move|p1a: Volcarona|Quiver Dance|p1a: Volcarona\n|-boost|p1a: Volcarona|spa|1\n|-boost|p1a: Volcarona|spd|1\n|-boost|p1a: Volcarona|spe|1\n|\n|-heal|p2a: Dachsbun|62\/100|[from] move: Wish|[wisher] Dachsbun\n|-heal|p2a: Dachsbun|68\/100|[from] item: Leftovers\n|-damage|p1a: Volcarona|0 fnt|[from] psn\n|faint|p1a: Volcarona\n|upkeep\n|\n|t:|1698804995\n|switch|p1a: Rillaboom|Rillaboom, M|100\/100\n|-fieldstart|move: Grassy Terrain|[from] ability: Grassy Surge|[of] p1a: Rillaboom\n|turn|8\n|\n|t:|1698805002\n|move|p1a: Rillaboom|Fake Out|p2a: Dachsbun\n|-damage|p2a: Dachsbun|61\/100\n|-damage|p1a: Rillaboom|91\/100|[from] item: Life Orb\n|cant|p2a: Dachsbun|flinch\n|\n|-heal|p2a: Dachsbun|67\/100|[from] Grassy Terrain\n|-heal|p2a: Dachsbun|73\/100|[from] item: Leftovers\n|-heal|p1a: Rillaboom|97\/100|[from] Grassy Terrain\n|upkeep\n|turn|9\n|\n|t:|1698805007\n|switch|p2a: Melmetal|Melmetal|100\/100\n|-damage|p2a: Melmetal|94\/100|[from] Stealth Rock\n|-terastallize|p1a: Rillaboom|Grass\n|move|p1a: Rillaboom|Grassy Glide|p2a: Melmetal\n|-resisted|p2a: Melmetal\n|-damage|p2a: Melmetal|81\/100\n|-damage|p1a: Rillaboom|80\/100|[from] item: Rocky Helmet|[of] p2a: Melmetal\n|-damage|p1a: Rillaboom|70\/100|[from] item: Life Orb\n|\n|-heal|p1a: Rillaboom|76\/100|[from] Grassy Terrain\n|-heal|p2a: Melmetal|87\/100|[from] Grassy Terrain\n|upkeep\n|turn|10\n|\n|t:|1698805011\n|move|p1a: Rillaboom|Drain Punch|p2a: Melmetal\n|-supereffective|p2a: Melmetal\n|-crit|p2a: Melmetal\n|-damage|p2a: Melmetal|46\/100\n|-heal|p1a: Rillaboom|99\/100|[from] drain|[of] p2a: Melmetal\n|-damage|p1a: Rillaboom|84\/100|[from] item: Rocky Helmet|[of] p2a: Melmetal\n|-damage|p1a: Rillaboom|74\/100|[from] item: Life Orb\n|move|p2a: Melmetal|Double Iron Bash|p1a: Rillaboom\n|-damage|p1a: Rillaboom|43\/100\n|-damage|p1a: Rillaboom|12\/100\n|-hitcount|p1a: Rillaboom|2\n|\n|-heal|p1a: Rillaboom|18\/100|[from] Grassy Terrain\n|-heal|p2a: Melmetal|52\/100|[from] Grassy Terrain\n|upkeep\n|turn|11\n|\n|t:|1698805024\n|move|p1a: Rillaboom|Drain Punch|p2a: Melmetal\n|-supereffective|p2a: Melmetal\n|-damage|p2a: Melmetal|24\/100\n|-heal|p1a: Rillaboom|35\/100|[from] drain|[of] p2a: Melmetal\n|-damage|p1a: Rillaboom|18\/100|[from] item: Rocky Helmet|[of] p2a: Melmetal\n|-damage|p1a: Rillaboom|8\/100|[from] item: Life Orb\n|move|p2a: Melmetal|Double Iron Bash|p1a: Rillaboom\n|-damage|p1a: Rillaboom|0 fnt\n|faint|p1a: Rillaboom\n|-hitcount|p1: Rillaboom|1\n|\n|-heal|p2a: Melmetal|30\/100|[from] Grassy Terrain\n|upkeep\n|\n|t:|1698805027\n|switch|p1a: Marshadow|Marshadow|100\/100\n|turn|12\n|\n|t:|1698805030\n|move|p1a: Marshadow|Spectral Thief|p2a: Melmetal\n|-crit|p2a: Melmetal\n|-damage|p2a: Melmetal|0 fnt\n|-damage|p1a: Marshadow|84\/100|[from] item: Rocky Helmet|[of] p2a: Melmetal\n|faint|p2a: Melmetal\n|-damage|p1a: Marshadow|74\/100|[from] item: Life Orb\n|\n|-heal|p1a: Marshadow|80\/100|[from] Grassy Terrain\n|-fieldend|move: Grassy Terrain\n|upkeep\n|\n|t:|1698805035\n|switch|p2a: Regieleki|Regieleki|100\/100\n|turn|13\n|\n|t:|1698805040\n|move|p1a: Marshadow|Shadow Sneak|p2a: Regieleki\n|-damage|p2a: Regieleki|22\/100\n|-damage|p1a: Marshadow|70\/100|[from] item: Life Orb\n|move|p2a: Regieleki|Thunderbolt|p1a: Marshadow\n|-crit|p1a: Marshadow\n|-damage|p1a: Marshadow|0 fnt\n|faint|p1a: Marshadow\n|\n|upkeep\n|\n|t:|1698805043\n|switch|p1a: Salamence|Salamence, M|100\/100\n|-ability|p1a: Salamence|Intimidate|boost\n|-unboost|p2a: Regieleki|atk|1\n|turn|14\n|\n|t:|1698805046\n|detailschange|p1a: Salamence|Salamence-Mega, M\n|-mega|p1a: Salamence|Salamence|Salamencite\n|-terastallize|p2a: Regieleki|Ice\n|move|p2a: Regieleki|Tera Blast|p1a: Salamence|[anim] Tera Blast Ice\n|-supereffective|p1a: Salamence\n|-damage|p1a: Salamence|0 fnt\n|faint|p1a: Salamence\n|\n|upkeep\n|l|\u2606Woqpqpqpqoq\n|inactive|Woqpqpqpqoq disconnected and has a minute to reconnect!\n|player|p1|\n|inactive|Woqpqpqpqoq has 30 seconds to reconnect!\n|inactive|Woqpqpqpqoq has 20 seconds to reconnect!\n|inactive|Woqpqpqpqoq has 15 seconds to reconnect!\n|inactive|Woqpqpqpqoq has 10 seconds to reconnect!\n|inactive|Woqpqpqpqoq has 5 seconds to reconnect!\n|-message|Woqpqpqpqoq lost due to inactivity.\n|\n|win|daoshiaipishi\n|raw|Woqpqpqpqoq's rating: 1140 &rarr; <strong>1120<\/strong><br \/>(-20 for losing)\n|raw|daoshiaipishi's rating: 1205 &rarr; <strong>1225<\/strong><br \/>(+20 for winning)\n","uploadtime":1698805111,"views":10,"p1id":"woqpqpqpqoq","p2id":"daoshiaipishi","formatid":"gen9nationaldexubers","rating":1120,"private":0,"password":""}