{"id":"gen9nationaldexubers-1999630939","p1":"Ele3ctroYTX","p2":"CangYuLiuSu","format":"[Gen 9] National Dex Ubers","log":"|j|\u2606Ele3ctroYTX\n|j|\u2606CangYuLiuSu\n|t:|1701102839\n|gametype|singles\n|player|p1|Ele3ctroYTX|blaine|1092\n|player|p2|CangYuLiuSu|265|1090\n|teamsize|p1|6\n|teamsize|p2|6\n|gen|9\n|tier|[Gen 9] National Dex Ubers\n|rated|\n|rule|HP Percentage Mod: HP is shown in percentages\n|rule|Endless Battle Clause: Forcing endless battles is banned\n|rule|OHKO Clause: OHKO moves are banned\n|rule|Evasion Moves Clause: Evasion moves are banned\n|rule|Evasion Items Clause: Evasion items are banned\n|rule|Species Clause: Limit one of each Pok\u00e9mon\n|rule|Sleep Clause Mod: Limit one foe put to sleep\n|rule|Mega Rayquaza Clause: You cannot mega evolve Rayquaza\n|clearpoke\n|poke|p1|Vivillon, F|\n|poke|p1|Crawdaunt, F|\n|poke|p1|Kangaskhan, F|\n|poke|p1|Tyranitar, M|\n|poke|p1|Quagsire, F|\n|poke|p1|Incineroar, F|\n|poke|p2|Kyogre|\n|poke|p2|Carnivine, F|\n|poke|p2|Runerigus, M|\n|poke|p2|Dragonite, F|\n|poke|p2|Sceptile, F|\n|poke|p2|Stunfisk, F|\n|teampreview\n|inactive|Battle timer is ON: inactive players will automatically lose when time's up. (requested by CangYuLiuSu)\n|\n|t:|1701102844\n|start\n|switch|p1a: Incineroar|Incineroar, F|100\/100\n|switch|p2a: Runerigus|Runerigus, M|100\/100\n|-ability|p1a: Incineroar|Intimidate|boost\n|-unboost|p2a: Runerigus|atk|1\n|turn|1\n|\n|t:|1701102852\n|move|p1a: Incineroar|Swords Dance|p1a: Incineroar\n|-boost|p1a: Incineroar|atk|2\n|move|p2a: Runerigus|Trick Room|p2a: Runerigus\n|-fieldstart|move: Trick Room|[of] p2a: Runerigus\n|\n|upkeep\n|turn|2\n|\n|t:|1701102866\n|switch|p2a: Kyogre|Kyogre|100\/100\n|-weather|RainDance|[from] ability: Drizzle|[of] p2a: Kyogre\n|move|p1a: Incineroar|Knock Off|p2a: Kyogre\n|-damage|p2a: Kyogre|0 fnt\n|-enditem|p2a: Kyogre|Choice Scarf|[from] move: Knock Off|[of] p1a: Incineroar\n|faint|p2a: Kyogre\n|\n|-weather|RainDance|[upkeep]\n|upkeep\n|inactive|CangYuLiuSu has 120 seconds left.\n|\n|t:|1701102896\n|switch|p2a: Stunfisk|Stunfisk, F|100\/100\n|turn|3\n|\n|t:|1701102907\n|move|p2a: Stunfisk|Toxic|p1a: Incineroar\n|-status|p1a: Incineroar|tox\n|move|p1a: Incineroar|Knock Off|p2a: Stunfisk\n|-damage|p2a: Stunfisk|34\/100\n|-enditem|p2a: Stunfisk|Loaded Dice|[from] move: Knock Off|[of] p1a: Incineroar\n|\n|-weather|RainDance|[upkeep]\n|-damage|p1a: Incineroar|94\/100 tox|[from] psn\n|upkeep\n|turn|4\n|\n|t:|1701102917\n|move|p2a: Stunfisk|Protect|p2a: Stunfisk\n|-singleturn|p2a: Stunfisk|Protect\n|move|p1a: Incineroar|Swords Dance|p1a: Incineroar\n|-boost|p1a: Incineroar|atk|2\n|\n|-weather|RainDance|[upkeep]\n|-damage|p1a: Incineroar|82\/100 tox|[from] psn\n|upkeep\n|turn|5\n|\n|t:|1701102925\n|move|p2a: Stunfisk|Pain Split|p1a: Incineroar\n|-sethp|p1a: Incineroar|62\/100 tox|[from] move: Pain Split|[silent]\n|-sethp|p2a: Stunfisk|49\/100|[from] move: Pain Split\n|move|p1a: Incineroar|Knock Off|p2a: Stunfisk\n|-damage|p2a: Stunfisk|0 fnt\n|faint|p2a: Stunfisk\n|\n|-weather|RainDance|[upkeep]\n|-damage|p1a: Incineroar|44\/100 tox|[from] psn\n|-fieldend|move: Trick Room\n|upkeep\n|\n|t:|1701102935\n|switch|p2a: Sceptile|Sceptile, F|100\/100\n|turn|6\n|\n|t:|1701102943\n|detailschange|p2a: Sceptile|Sceptile-Mega, F\n|-mega|p2a: Sceptile|Sceptile|Sceptilite\n|move|p2a: Sceptile|Dragon Pulse|p1a: Incineroar\n|-damage|p1a: Incineroar|0 fnt\n|faint|p1a: Incineroar\n|\n|-weather|none\n|upkeep\n|\n|t:|1701102964\n|switch|p1a: Vivillon|Vivillon, F|100\/100\n|turn|7\n|\n|t:|1701102972\n|move|p2a: Sceptile|Dragon Pulse|p1a: Vivillon\n|-damage|p1a: Vivillon|0 fnt\n|faint|p1a: Vivillon\n|\n|upkeep\n|\n|t:|1701102977\n|switch|p1a: Kangaskhan|Kangaskhan, F|100\/100\n|turn|8\n|\n|t:|1701102985\n|detailschange|p1a: Kangaskhan|Kangaskhan-Mega, F\n|-mega|p1a: Kangaskhan|Kangaskhan|Kangaskhanite\n|move|p1a: Kangaskhan|Fake Out|p2a: Sceptile\n|-damage|p2a: Sceptile|71\/100\n|-damage|p2a: Sceptile|64\/100\n|-hitcount|p2a: Sceptile|2\n|cant|p2a: Sceptile|flinch\n|\n|upkeep\n|turn|9\n|\n|t:|1701102993\n|move|p2a: Sceptile|Energy Ball|p1a: Kangaskhan\n|-damage|p1a: Kangaskhan|48\/100\n|move|p1a: Kangaskhan|Shadow Claw|p2a: Sceptile\n|-crit|p2a: Sceptile\n|-damage|p2a: Sceptile|9\/100\n|-damage|p2a: Sceptile|1\/100\n|-hitcount|p2a: Sceptile|2\n|\n|upkeep\n|turn|10\n|\n|t:|1701103005\n|switch|p1a: Crawdaunt|Crawdaunt, F|100\/100\n|move|p2a: Sceptile|Energy Ball|p1a: Crawdaunt\n|-supereffective|p1a: Crawdaunt\n|-damage|p1a: Crawdaunt|0 fnt\n|faint|p1a: Crawdaunt\n|\n|upkeep\n|\n|t:|1701103007\n|switch|p1a: Kangaskhan|Kangaskhan-Mega, F|48\/100\n|turn|11\n|inactive|CangYuLiuSu has 120 seconds left.\n|\n|t:|1701103043\n|move|p1a: Kangaskhan|Fake Out|p2a: Sceptile\n|-damage|p2a: Sceptile|0 fnt\n|faint|p2a: Sceptile\n|-hitcount|p2: Sceptile|1\n|\n|upkeep\n|\n|t:|1701103048\n|switch|p2a: Runerigus|Runerigus, M|100\/100\n|turn|12\n|\n|t:|1701103053\n|switch|p1a: Quagsire|Quagsire, F|100\/100\n|move|p2a: Runerigus|Trick Room|p2a: Runerigus\n|-fieldstart|move: Trick Room|[of] p2a: Runerigus\n|\n|upkeep\n|turn|13\n|\n|t:|1701103058\n|move|p2a: Runerigus|Toxic Spikes|p1a: Quagsire\n|-sidestart|p1: Ele3ctroYTX|move: Toxic Spikes\n|move|p1a: Quagsire|Toxic|p2a: Runerigus\n|-status|p2a: Runerigus|tox\n|\n|-damage|p2a: Runerigus|94\/100 tox|[from] psn\n|upkeep\n|turn|14\n|\n|t:|1701103066\n|move|p2a: Runerigus|Disable|p1a: Quagsire\n|-start|p1a: Quagsire|Disable|Toxic\n|move|p1a: Quagsire|Scald|p2a: Runerigus\n|-supereffective|p2a: Runerigus\n|-damage|p2a: Runerigus|65\/100 tox\n|\n|-heal|p2a: Runerigus|72\/100 tox|[from] item: Leftovers\n|-damage|p2a: Runerigus|59\/100 tox|[from] psn\n|upkeep\n|turn|15\n|\n|t:|1701103075\n|move|p2a: Runerigus|Toxic Spikes|p1a: Quagsire\n|-sidestart|p1: Ele3ctroYTX|move: Toxic Spikes\n|move|p1a: Quagsire|Scald|p2a: Runerigus\n|-supereffective|p2a: Runerigus\n|-damage|p2a: Runerigus|30\/100 tox\n|\n|-heal|p2a: Runerigus|37\/100 tox|[from] item: Leftovers\n|-damage|p2a: Runerigus|18\/100 tox|[from] psn\n|upkeep\n|turn|16\n|\n|t:|1701103084\n|switch|p2a: Carnivine|Carnivine, F|100\/100\n|move|p1a: Quagsire|Earthquake|p2a: Carnivine\n|-immune|p2a: Carnivine|[from] ability: Levitate\n|\n|-fieldend|move: Trick Room\n|upkeep\n|turn|17\n|\n|t:|1701103091\n|move|p2a: Carnivine|Power Whip|p1a: Quagsire|[miss]\n|-miss|p2a: Carnivine|p1a: Quagsire\n|move|p1a: Quagsire|Scald|p2a: Carnivine\n|-resisted|p2a: Carnivine\n|-damage|p2a: Carnivine|89\/100\n|\n|-end|p1a: Quagsire|Disable\n|upkeep\n|turn|18\n|\n|t:|1701103099\n|switch|p1a: Tyranitar|Tyranitar, M|100\/100\n|-status|p1a: Tyranitar|tox\n|-weather|Sandstorm|[from] ability: Sand Stream|[of] p1a: Tyranitar\n|move|p2a: Carnivine|Power Whip|p1a: Tyranitar\n|-supereffective|p1a: Tyranitar\n|-damage|p1a: Tyranitar|0 fnt\n|faint|p1a: Tyranitar\n|-damage|p2a: Carnivine|79\/100|[from] item: Life Orb\n|\n|-weather|Sandstorm|[upkeep]\n|-damage|p2a: Carnivine|73\/100|[from] Sandstorm\n|upkeep\n|\n|t:|1701103103\n|switch|p1a: Kangaskhan|Kangaskhan-Mega, F|48\/100\n|-status|p1a: Kangaskhan|tox\n|turn|19\n|\n|t:|1701103114\n|switch|p2a: Runerigus|Runerigus, M|18\/100 tox\n|move|p1a: Kangaskhan|Fake Out|p2a: Runerigus\n|-immune|p2a: Runerigus\n|\n|-weather|Sandstorm|[upkeep]\n|-damage|p1a: Kangaskhan|42\/100 tox|[from] Sandstorm\n|-heal|p2a: Runerigus|24\/100 tox|[from] item: Leftovers\n|-damage|p1a: Kangaskhan|36\/100 tox|[from] psn\n|-damage|p2a: Runerigus|18\/100 tox|[from] psn\n|upkeep\n|turn|20\n|\n|t:|1701103124\n|move|p1a: Kangaskhan|Shadow Claw|p2a: Runerigus\n|-supereffective|p2a: Runerigus\n|-damage|p2a: Runerigus|0 fnt\n|-activate|p2a: Runerigus|ability: Wandering Spirit|Parental Bond|Wandering Spirit|[of] p1a: Kangaskhan\n|faint|p2a: Runerigus\n|-hitcount|p2: Runerigus|1\n|\n|-weather|Sandstorm|[upkeep]\n|-damage|p1a: Kangaskhan|30\/100 tox|[from] Sandstorm\n|-damage|p1a: Kangaskhan|18\/100 tox|[from] psn\n|upkeep\n|\n|t:|1701103135\n|switch|p2a: Carnivine|Carnivine, F|73\/100\n|turn|21\n|\n|t:|1701103145\n|move|p1a: Kangaskhan|Body Slam|p2a: Carnivine\n|-damage|p2a: Carnivine|21\/100\n|-status|p2a: Carnivine|par\n|move|p2a: Carnivine|Synthesis|p2a: Carnivine\n|-heal|p2a: Carnivine|46\/100 par\n|\n|-weather|Sandstorm|[upkeep]\n|-damage|p1a: Kangaskhan|11\/100 tox|[from] Sandstorm\n|-damage|p2a: Carnivine|40\/100 par|[from] Sandstorm\n|-damage|p1a: Kangaskhan|0 fnt|[from] psn\n|faint|p1a: Kangaskhan\n|upkeep\n|\n|t:|1701103152\n|switch|p1a: Quagsire|Quagsire, F|100\/100\n|-status|p1a: Quagsire|tox\n|turn|22\n|\n|t:|1701103161\n|move|p1a: Quagsire|Scald|p2a: Carnivine\n|-resisted|p2a: Carnivine\n|-damage|p2a: Carnivine|28\/100 par\n|move|p2a: Carnivine|Power Whip|p1a: Quagsire|[miss]\n|-miss|p2a: Carnivine|p1a: Quagsire\n|\n|-weather|none\n|-damage|p1a: Quagsire|94\/100 tox|[from] psn\n|upkeep\n|turn|23\n|\n|t:|1701103170\n|-terastallize|p1a: Quagsire|Water\n|move|p1a: Quagsire|Scald|p2a: Carnivine\n|-resisted|p2a: Carnivine\n|-damage|p2a: Carnivine|12\/100 par\n|move|p2a: Carnivine|Power Whip|p1a: Quagsire\n|-supereffective|p1a: Quagsire\n|-damage|p1a: Quagsire|0 fnt\n|faint|p1a: Quagsire\n|-damage|p2a: Carnivine|2\/100 par|[from] item: Life Orb\n|\n|win|CangYuLiuSu\n|raw|Ele3ctroYTX's rating: 1092 &rarr; <strong>1066<\/strong><br \/>(-26 for losing)\n|raw|CangYuLiuSu's rating: 1067 &rarr; <strong>1099<\/strong><br \/>(+32 for winning)\n|l|\u2606Ele3ctroYTX\n","uploadtime":1701103185,"views":7,"p1id":"ele3ctroytx","p2id":"cangyuliusu","formatid":"gen9nationaldexubers","rating":1066,"private":0,"password":""}