{"id":"gen9nationaldexubers-1977863808","p1":"enjolras17","p2":"Jujiro Hanma","format":"[Gen 9] National Dex Ubers","log":"|j|\u2606enjolras17\n|j|\u2606Jujiro Hanma\n|t:|1698458978\n|gametype|singles\n|player|p1|enjolras17|nanu|1169\n|player|p2|Jujiro Hanma|kiawe|1070\n|teamsize|p1|6\n|teamsize|p2|6\n|gen|9\n|tier|[Gen 9] National Dex Ubers\n|rated|\n|rule|HP Percentage Mod: HP is shown in percentages\n|rule|Endless Battle Clause: Forcing endless battles is banned\n|rule|OHKO Clause: OHKO moves are banned\n|rule|Evasion Moves Clause: Evasion moves are banned\n|rule|Evasion Items Clause: Evasion items are banned\n|rule|Species Clause: Limit one of each Pok\u00e9mon\n|rule|Sleep Clause Mod: Limit one foe put to sleep\n|rule|Mega Rayquaza Clause: You cannot mega evolve Rayquaza\n|clearpoke\n|poke|p1|Delphox, M|\n|poke|p1|Obstagoon, F|\n|poke|p1|Noivern, M|\n|poke|p1|Sneasler, F|\n|poke|p1|Lunala|\n|poke|p1|Spidops, M|\n|poke|p2|Kangaskhan, F|\n|poke|p2|Ursaluna-Bloodmoon, M|\n|poke|p2|Arceus|\n|poke|p2|Ditto|\n|poke|p2|Porygon2|\n|poke|p2|Snorlax, M|\n|teampreview\n|inactive|Battle timer is ON: inactive players will automatically lose when time's up. (requested by Jujiro Hanma)\n|\n|t:|1698458997\n|start\n|switch|p1a: Spidops|Spidops, M, shiny|100\/100\n|switch|p2a: Ditto|Ditto, shiny|100\/100\n|turn|1\n|\n|t:|1698459008\n|move|p2a: Ditto|Transform|p1a: Spidops\n|-transform|p2a: Ditto|p1a: Spidops\n|move|p1a: Spidops|Sticky Web|p2a: Ditto\n|-sidestart|p2: Jujiro Hanma|move: Sticky Web\n|\n|upkeep\n|turn|2\n|\n|t:|1698459021\n|move|p2a: Ditto|Sticky Web|p1a: Spidops\n|-sidestart|p1: enjolras17|move: Sticky Web\n|move|p1a: Spidops|Spikes|p2a: Ditto\n|-sidestart|p2: Jujiro Hanma|Spikes\n|\n|upkeep\n|turn|3\n|\n|t:|1698459026\n|switch|p2a: Porygon2|Porygon2, shiny|100\/100\n|-activate|p2a: Porygon2|move: Sticky Web\n|-unboost|p2a: Porygon2|spe|1\n|-damage|p2a: Porygon2|88\/100|[from] Spikes\n|-ability|p2a: Porygon2|Stakeout|[from] ability: Trace|[of] p1a: Spidops\n|move|p1a: Spidops|Circle Throw|p2a: Porygon2\n|-supereffective|p2a: Porygon2\n|-damage|p2a: Porygon2|56\/100\n|drag|p2a: Kangaskhan|Kangaskhan, F|100\/100\n|-activate|p2a: Kangaskhan|move: Sticky Web\n|-unboost|p2a: Kangaskhan|spe|1\n|-damage|p2a: Kangaskhan|88\/100|[from] Spikes\n|\n|upkeep\n|turn|4\n|\n|t:|1698459046\n|detailschange|p2a: Kangaskhan|Kangaskhan-Mega, F\n|-mega|p2a: Kangaskhan|Kangaskhan|Kangaskhanite\n|move|p2a: Kangaskhan|Fake Out|p1a: Spidops\n|-damage|p1a: Spidops|76\/100\n|-damage|p1a: Spidops|70\/100\n|-hitcount|p1a: Spidops|2\n|cant|p1a: Spidops|flinch\n|\n|upkeep\n|turn|5\n|\n|t:|1698459054\n|move|p2a: Kangaskhan|Drain Punch|p1a: Spidops\n|-resisted|p1a: Spidops\n|-damage|p1a: Spidops|55\/100\n|-heal|p2a: Kangaskhan|95\/100|[from] drain|[of] p1a: Spidops\n|-resisted|p1a: Spidops\n|-damage|p1a: Spidops|51\/100\n|-heal|p2a: Kangaskhan|97\/100|[from] drain|[of] p1a: Spidops\n|-hitcount|p1a: Spidops|2\n|move|p1a: Spidops|Spikes|p2a: Kangaskhan\n|-sidestart|p2: Jujiro Hanma|Spikes\n|\n|upkeep\n|turn|6\n|\n|t:|1698459063\n|move|p2a: Kangaskhan|Power-Up Punch|p1a: Spidops\n|-resisted|p1a: Spidops\n|-damage|p1a: Spidops|43\/100\n|-boost|p2a: Kangaskhan|atk|1\n|-resisted|p1a: Spidops\n|-damage|p1a: Spidops|40\/100\n|-boost|p2a: Kangaskhan|atk|1\n|-hitcount|p1a: Spidops|2\n|move|p1a: Spidops|Spikes|p2a: Kangaskhan\n|-sidestart|p2: Jujiro Hanma|Spikes\n|\n|upkeep\n|turn|7\n|\n|t:|1698459074\n|move|p2a: Kangaskhan|Drain Punch|p1a: Spidops\n|-resisted|p1a: Spidops\n|-damage|p1a: Spidops|13\/100\n|-heal|p2a: Kangaskhan|100\/100|[from] drain|[of] p1a: Spidops\n|-resisted|p1a: Spidops\n|-damage|p1a: Spidops|7\/100\n|-hitcount|p1a: Spidops|2\n|move|p1a: Spidops|Circle Throw|p2a: Kangaskhan|[miss]\n|-miss|p1a: Spidops|p2a: Kangaskhan\n|\n|upkeep\n|turn|8\n|\n|t:|1698459084\n|move|p2a: Kangaskhan|Power-Up Punch|p1a: Spidops\n|-resisted|p1a: Spidops\n|-damage|p1a: Spidops|0 fnt\n|-boost|p2a: Kangaskhan|atk|1\n|faint|p1a: Spidops\n|-hitcount|p1: Spidops|1\n|\n|upkeep\n|\n|t:|1698459092\n|switch|p1a: Noivern|Noivern, M|100\/100\n|turn|9\n|\n|t:|1698459096\n|move|p2a: Kangaskhan|Sucker Punch|p1a: Noivern\n|-damage|p1a: Noivern|28\/100\n|-damage|p1a: Noivern|9\/100\n|-hitcount|p1a: Noivern|2\n|move|p1a: Noivern|Draco Meteor|p2a: Kangaskhan\n|-damage|p2a: Kangaskhan|43\/100\n|-unboost|p1a: Noivern|spa|2\n|\n|upkeep\n|turn|10\n|\n|t:|1698459111\n|switch|p1a: Sneasler|Sneasler, F|100\/100\n|-item|p1a: Sneasler|Air Balloon\n|move|p2a: Kangaskhan|Power-Up Punch|p1a: Sneasler\n|-resisted|p1a: Sneasler\n|-damage|p1a: Sneasler|73\/100\n|-boost|p2a: Kangaskhan|atk|1\n|-enditem|p1a: Sneasler|Air Balloon\n|-resisted|p1a: Sneasler\n|-damage|p1a: Sneasler|65\/100\n|-boost|p2a: Kangaskhan|atk|1\n|-hitcount|p1a: Sneasler|2\n|\n|upkeep\n|turn|11\n|\n|t:|1698459124\n|move|p2a: Kangaskhan|Sucker Punch|p1a: Sneasler\n|-resisted|p1a: Sneasler\n|-damage|p1a: Sneasler|0 fnt\n|faint|p1a: Sneasler\n|-hitcount|p1: Sneasler|1\n|\n|upkeep\n|-message|enjolras17 forfeited.\n|\n|win|Jujiro Hanma\n|raw|enjolras17's rating: 1169 &rarr; <strong>1137<\/strong><br \/>(-32 for losing)\n|raw|Jujiro Hanma's rating: 1070 &rarr; <strong>1108<\/strong><br \/>(+38 for winning)\n|l|\u2606enjolras17\n","uploadtime":1698459137,"views":8,"p1id":"enjolras17","p2id":"jujirohanma","formatid":"gen9nationaldexubers","rating":1108,"private":0,"password":""}