{"id":"gen9nationaldexubers-1985824825","p1":"pokegirl457","p2":"IcyColdMan","format":"[Gen 9] National Dex Ubers","log":"|j|\u2606pokegirl457\n|j|\u2606IcyColdMan\n|t:|1699410185\n|gametype|singles\n|player|p1|pokegirl457|iris-gen5bw2|1081\n|player|p2|IcyColdMan|grusha|1000\n|teamsize|p1|6\n|teamsize|p2|6\n|gen|9\n|tier|[Gen 9] National Dex Ubers\n|rated|\n|rule|HP Percentage Mod: HP is shown in percentages\n|rule|Endless Battle Clause: Forcing endless battles is banned\n|rule|OHKO Clause: OHKO moves are banned\n|rule|Evasion Moves Clause: Evasion moves are banned\n|rule|Evasion Items Clause: Evasion items are banned\n|rule|Species Clause: Limit one of each Pok\u00e9mon\n|rule|Sleep Clause Mod: Limit one foe put to sleep\n|rule|Mega Rayquaza Clause: You cannot mega evolve Rayquaza\n|clearpoke\n|poke|p1|Necrozma-Dusk-Mane|\n|poke|p1|Dracovish|\n|poke|p1|Groudon|\n|poke|p1|Xerneas-*|\n|poke|p1|Zacian-*|\n|poke|p1|Giratina-Origin|\n|poke|p2|Ninetales-Alola, F|\n|poke|p2|Chien-Pao|\n|poke|p2|Mamoswine, M|\n|poke|p2|Aurorus, F|\n|poke|p2|Weavile, M|\n|poke|p2|Cetitan, F|\n|teampreview\n|inactive|Battle timer is ON: inactive players will automatically lose when time's up. (requested by IcyColdMan)\n|inactive|pokegirl457 also wants the timer to be on.\n|c|\u2606pokegirl457|Mono ice?\n|c|\u2606pokegirl457|I understand your pfp now\n|c|\u2606IcyColdMan|Indeed\n|c|\u2606pokegirl457|And your username\n|inactive|pokegirl457 has 120 seconds left.\n|\n|t:|1699410217\n|start\n|switch|p1a: Groudon|Groudon, shiny|100\/100\n|switch|p2a: Ninetales|Ninetales-Alola, F|100\/100\n|-weather|Snow|[from] ability: Snow Warning|[of] p2a: Ninetales\n|detailschange|p1a: Groudon|Groudon-Primal, shiny\n|-primal|p1a: Groudon|Red Orb\n|-weather|DesolateLand|[from] ability: Desolate Land|[of] p1a: Groudon\n|turn|1\n|c|\u2606IcyColdMan|Very cold\n|c|\u2606pokegirl457|Well u are in for a rude awakening.\n|\n|t:|1699410241\n|switch|p2a: Weavile|Weavile, M|100\/100\n|-ability|p2a: Weavile|Pressure\n|move|p1a: Groudon|Overheat|p2a: Weavile\n|-supereffective|p2a: Weavile\n|-enditem|p2a: Weavile|Focus Sash\n|-damage|p2a: Weavile|1\/100\n|-unboost|p1a: Groudon|spa|2\n|\n|-weather|DesolateLand|[upkeep]\n|upkeep\n|turn|2\n|c|\u2606IcyColdMan|Or not\n|\n|t:|1699410254\n|move|p2a: Weavile|Ice Spinner|p1a: Groudon\n|-damage|p1a: Groudon|72\/100\n|move|p1a: Groudon|Overheat|p2a: Weavile\n|-supereffective|p2a: Weavile\n|-damage|p2a: Weavile|0 fnt\n|-unboost|p1a: Groudon|spa|2\n|faint|p2a: Weavile\n|\n|-weather|DesolateLand|[upkeep]\n|upkeep\n|\n|t:|1699410260\n|switch|p2a: Mamoswine|Mamoswine, M|100\/100\n|turn|3\n|\n|t:|1699410272\n|move|p2a: Mamoswine|Earthquake|p1a: Groudon\n|-supereffective|p1a: Groudon\n|-damage|p1a: Groudon|7\/100\n|move|p1a: Groudon|Overheat|p2a: Mamoswine\n|-supereffective|p2a: Mamoswine\n|-damage|p2a: Mamoswine|59\/100\n|-unboost|p1a: Groudon|spa|2\n|\n|-weather|DesolateLand|[upkeep]\n|upkeep\n|turn|4\n|\n|t:|1699410290\n|switch|p2a: Aurorus|Aurorus, F, shiny|100\/100\n|move|p1a: Groudon|Overheat|p2a: Aurorus\n|-damage|p2a: Aurorus|81\/100\n|\n|-weather|DesolateLand|[upkeep]\n|upkeep\n|turn|5\n|\n|t:|1699410310\n|move|p1a: Groudon|Heavy Slam|p2a: Aurorus\n|-supereffective|p2a: Aurorus\n|-damage|p2a: Aurorus|0 fnt\n|faint|p2a: Aurorus\n|\n|-weather|DesolateLand|[upkeep]\n|upkeep\n|c|\u2606IcyColdMan|I-\n|\n|t:|1699410321\n|switch|p2a: Chien-Pao|Chien-Pao|100\/100\n|-ability|p2a: Chien-Pao|Sword of Ruin\n|turn|6\n|c|\u2606pokegirl457|am speechless?\n|\n|t:|1699410340\n|move|p2a: Chien-Pao|Ice Spinner|p1a: Groudon\n|-damage|p1a: Groudon|0 fnt\n|faint|p1a: Groudon\n|-weather|none\n|\n|upkeep\n|\n|t:|1699410351\n|switch|p1a: Zacian|Zacian-Crowned, shiny|100\/100\n|-ability|p1a: Zacian|Intrepid Sword|boost\n|-boost|p1a: Zacian|atk|1\n|turn|7\n|c|\u2606IcyColdMan|Yes I'm actually shocked you were using overheat then suddenly switched to physical attacks\n|\n|t:|1699410368\n|move|p1a: Zacian|Swords Dance|p1a: Zacian\n|-boost|p1a: Zacian|atk|2\n|move|p2a: Chien-Pao|Ice Spinner|p1a: Zacian\n|-resisted|p1a: Zacian\n|-damage|p1a: Zacian|69\/100\n|\n|upkeep\n|turn|8\n|\n|t:|1699410385\n|move|p2a: Chien-Pao|Ice Shard|p1a: Zacian\n|-resisted|p1a: Zacian\n|-damage|p1a: Zacian|54\/100\n|move|p1a: Zacian|Behemoth Blade|p2a: Chien-Pao\n|-supereffective|p2a: Chien-Pao\n|-damage|p2a: Chien-Pao|0 fnt\n|faint|p2a: Chien-Pao\n|\n|upkeep\n|\n|t:|1699410396\n|switch|p2a: Ninetales|Ninetales-Alola, F|100\/100\n|-weather|Snow|[from] ability: Snow Warning|[of] p2a: Ninetales\n|turn|9\n|\n|t:|1699410401\n|move|p1a: Zacian|Behemoth Blade|p2a: Ninetales\n|-supereffective|p2a: Ninetales\n|-damage|p2a: Ninetales|0 fnt\n|faint|p2a: Ninetales\n|\n|-weather|Snow|[upkeep]\n|upkeep\n|\n|t:|1699410404\n|switch|p2a: Mamoswine|Mamoswine, M|59\/100\n|turn|10\n|\n|t:|1699410412\n|switch|p1a: Necrozma|Necrozma-Dusk-Mane, shiny|100\/100\n|move|p2a: Mamoswine|Earthquake|p1a: Necrozma\n|-supereffective|p1a: Necrozma\n|-damage|p1a: Necrozma|33\/100\n|\n|-weather|Snow|[upkeep]\n|upkeep\n|turn|11\n|\n|t:|1699410417\n|move|p2a: Mamoswine|Earthquake|p1a: Necrozma\n|-supereffective|p1a: Necrozma\n|-damage|p1a: Necrozma|0 fnt\n|faint|p1a: Necrozma\n|\n|-weather|Snow|[upkeep]\n|upkeep\n|\n|t:|1699410421\n|switch|p1a: Zacian|Zacian-Crowned, shiny|54\/100\n|turn|12\n|\n|t:|1699410424\n|move|p1a: Zacian|Behemoth Blade|p2a: Mamoswine\n|-supereffective|p2a: Mamoswine\n|-damage|p2a: Mamoswine|0 fnt\n|faint|p2a: Mamoswine\n|\n|-weather|Snow|[upkeep]\n|upkeep\n|\n|t:|1699410427\n|switch|p2a: Cetitan|Cetitan, F|100\/100\n|turn|13\n|\n|t:|1699410432\n|move|p1a: Zacian|Behemoth Blade|p2a: Cetitan\n|-supereffective|p2a: Cetitan\n|-damage|p2a: Cetitan|39\/100\n|-enditem|p2a: Cetitan|Sitrus Berry|[eat]\n|-heal|p2a: Cetitan|64\/100|[from] item: Sitrus Berry\n|move|p2a: Cetitan|Earthquake|p1a: Zacian\n|-supereffective|p1a: Zacian\n|-damage|p1a: Zacian|0 fnt\n|faint|p1a: Zacian\n|\n|-weather|none\n|upkeep\n|\n|t:|1699410441\n|switch|p1a: Giratina|Giratina-Origin, shiny|100\/100\n|turn|14\n|\n|t:|1699410447\n|move|p1a: Giratina|Draco Meteor|p2a: Cetitan\n|-damage|p2a: Cetitan|0 fnt\n|-unboost|p1a: Giratina|spa|2\n|faint|p2a: Cetitan\n|\n|win|pokegirl457\n|raw|pokegirl457's rating: 1081 &rarr; <strong>1102<\/strong><br \/>(+21 for winning)\n|raw|IcyColdMan's rating: 1000 &rarr; <strong>1000<\/strong><br \/>(+0 for losing)\n|c|\u2606pokegirl457|Gg\n|c|\u2606IcyColdMan|Gg I'm surprised I lost\n|c|\u2606IcyColdMan|You're a good trainer\n|l|\u2606IcyColdMan\n|c|\u2606pokegirl457|U too\n","uploadtime":1699410485,"views":4,"p1id":"pokegirl457","p2id":"icycoldman","formatid":"gen9nationaldexubers","rating":1000,"private":0,"password":""}