{"id":"gen9nationaldexubers-1989951860","p1":"wedo11","p2":"Sc4rletQu33n","format":"[Gen 9] National Dex Ubers","log":"|j|\u2606wedo11\n|j|\u2606Sc4rletQu33n\n|t:|1699909602\n|gametype|singles\n|player|p1|wedo11|mars|\n|player|p2|Sc4rletQu33n|cynthia-gen4|\n|teamsize|p1|6\n|teamsize|p2|6\n|gen|9\n|tier|[Gen 9] National Dex Ubers\n|rule|HP Percentage Mod: HP is shown in percentages\n|rule|Endless Battle Clause: Forcing endless battles is banned\n|rule|OHKO Clause: OHKO moves are banned\n|rule|Evasion Moves Clause: Evasion moves are banned\n|rule|Evasion Items Clause: Evasion items are banned\n|rule|Species Clause: Limit one of each Pok\u00e9mon\n|rule|Sleep Clause Mod: Limit one foe put to sleep\n|rule|Mega Rayquaza Clause: You cannot mega evolve Rayquaza\n|clearpoke\n|poke|p1|Zacian-*, L55|\n|poke|p1|Grimmsnarl, L55, M|\n|poke|p1|Clefable, L55, M|\n|poke|p1|Gardevoir, L55, F|\n|poke|p1|Sylveon, L55, F|\n|poke|p1|Mimikyu, L57, F|\n|poke|p2|Rotom-Wash, L55|\n|poke|p2|Gliscor, L55, M|\n|poke|p2|Weavile, L55, F|\n|poke|p2|Ferrothorn, L55, M|\n|poke|p2|Charizard, L55, F|\n|poke|p2|Gholdengo, L55|\n|teampreview\n|inactive|Battle timer is ON: inactive players will automatically lose when time's up. (requested by wedo11)\n|\n|t:|1699909612\n|start\n|switch|p1a: Grimmsnarl|Grimmsnarl, L55, M|100\/100\n|switch|p2a: Charizard|Charizard, L55, F|100\/100\n|turn|1\n|\n|t:|1699909628\n|detailschange|p2a: Charizard|Charizard-Mega-Y, L55, F\n|-mega|p2a: Charizard|Charizard|Charizardite Y\n|-weather|SunnyDay|[from] ability: Drought|[of] p2a: Charizard\n|move|p1a: Grimmsnarl|Light Screen|p1a: Grimmsnarl\n|-sidestart|p1: wedo11|move: Light Screen\n|move|p2a: Charizard|Fire Blast|p1a: Grimmsnarl|[miss]\n|-miss|p2a: Charizard|p1a: Grimmsnarl\n|\n|-weather|SunnyDay|[upkeep]\n|upkeep\n|turn|2\n|\n|t:|1699909636\n|move|p1a: Grimmsnarl|Parting Shot|p2a: Charizard\n|-unboost|p2a: Charizard|atk|1\n|-unboost|p2a: Charizard|spa|1\n|\n|t:|1699909640\n|switch|p1a: Clefable|Clefable, L55, M|100\/100|[from] Parting Shot\n|move|p2a: Charizard|Fire Blast|p1a: Clefable\n|-damage|p1a: Clefable|77\/100\n|-status|p1a: Clefable|brn\n|\n|-weather|SunnyDay|[upkeep]\n|-heal|p1a: Clefable|83\/100 brn|[from] item: Leftovers\n|upkeep\n|turn|3\n|\n|t:|1699909653\n|switch|p2a: Scorpion|Gliscor, L55, M|100\/100\n|move|p1a: Clefable|Toxic|p2a: Scorpion\n|-status|p2a: Scorpion|tox\n|\n|-weather|SunnyDay|[upkeep]\n|-heal|p1a: Clefable|89\/100 brn|[from] item: Leftovers\n|upkeep\n|turn|4\n|\n|t:|1699909660\n|move|p2a: Scorpion|Earthquake|p1a: Clefable\n|-damage|p1a: Clefable|51\/100 brn\n|move|p1a: Clefable|Cosmic Power|p1a: Clefable\n|-boost|p1a: Clefable|def|1\n|-boost|p1a: Clefable|spd|1\n|\n|-weather|SunnyDay|[upkeep]\n|-heal|p1a: Clefable|57\/100 brn|[from] item: Leftovers\n|upkeep\n|turn|5\n|\n|t:|1699909665\n|move|p2a: Scorpion|Earthquake|p1a: Clefable\n|-damage|p1a: Clefable|32\/100 brn\n|move|p1a: Clefable|Soft-Boiled|p1a: Clefable\n|-heal|p1a: Clefable|82\/100 brn\n|\n|-weather|none\n|-heal|p1a: Clefable|88\/100 brn|[from] item: Leftovers\n|upkeep\n|turn|6\n|\n|t:|1699909673\n|move|p2a: Scorpion|Earthquake|p1a: Clefable\n|-damage|p1a: Clefable|61\/100 brn\n|move|p1a: Clefable|Cosmic Power|p1a: Clefable\n|-boost|p1a: Clefable|def|1\n|-boost|p1a: Clefable|spd|1\n|\n|-heal|p1a: Clefable|67\/100 brn|[from] item: Leftovers\n|upkeep\n|turn|7\n|\n|t:|1699909678\n|move|p2a: Scorpion|Earthquake|p1a: Clefable\n|-damage|p1a: Clefable|49\/100 brn\n|move|p1a: Clefable|Soft-Boiled|p1a: Clefable\n|-heal|p1a: Clefable|99\/100 brn\n|\n|-heal|p1a: Clefable|100\/100 brn|[from] item: Leftovers\n|upkeep\n|turn|8\n|\n|t:|1699909681\n|move|p2a: Scorpion|Earthquake|p1a: Clefable\n|-damage|p1a: Clefable|80\/100 brn\n|move|p1a: Clefable|Stored Power|p2a: Scorpion\n|-damage|p2a: Scorpion|67\/100 tox\n|\n|-heal|p1a: Clefable|86\/100 brn|[from] item: Leftovers\n|-heal|p2a: Scorpion|79\/100 tox|[from] ability: Poison Heal\n|-sideend|p1: wedo11|move: Light Screen\n|upkeep\n|turn|9\n|\n|t:|1699909688\n|move|p2a: Scorpion|Earthquake|p1a: Clefable\n|-damage|p1a: Clefable|68\/100 brn\n|move|p1a: Clefable|Cosmic Power|p1a: Clefable\n|-boost|p1a: Clefable|def|1\n|-boost|p1a: Clefable|spd|1\n|\n|-heal|p1a: Clefable|74\/100 brn|[from] item: Leftovers\n|-heal|p2a: Scorpion|91\/100 tox|[from] ability: Poison Heal\n|upkeep\n|turn|10\n|\n|t:|1699909691\n|move|p2a: Scorpion|Earthquake|p1a: Clefable\n|-damage|p1a: Clefable|59\/100 brn\n|move|p1a: Clefable|Cosmic Power|p1a: Clefable\n|-boost|p1a: Clefable|def|1\n|-boost|p1a: Clefable|spd|1\n|\n|-heal|p1a: Clefable|65\/100 brn|[from] item: Leftovers\n|-heal|p2a: Scorpion|100\/100 tox|[from] ability: Poison Heal\n|upkeep\n|turn|11\n|\n|t:|1699909696\n|move|p2a: Scorpion|Earthquake|p1a: Clefable\n|-damage|p1a: Clefable|53\/100 brn\n|move|p1a: Clefable|Cosmic Power|p1a: Clefable\n|-boost|p1a: Clefable|def|1\n|-boost|p1a: Clefable|spd|1\n|\n|-heal|p1a: Clefable|59\/100 brn|[from] item: Leftovers\n|upkeep\n|turn|12\n|\n|t:|1699909700\n|move|p2a: Scorpion|Earthquake|p1a: Clefable\n|-damage|p1a: Clefable|49\/100 brn\n|move|p1a: Clefable|Cosmic Power|p1a: Clefable\n|-boost|p1a: Clefable|def|1\n|-boost|p1a: Clefable|spd|1\n|\n|-heal|p1a: Clefable|55\/100 brn|[from] item: Leftovers\n|upkeep\n|turn|13\n|\n|t:|1699909702\n|move|p2a: Scorpion|Earthquake|p1a: Clefable\n|-damage|p1a: Clefable|45\/100 brn\n|move|p1a: Clefable|Soft-Boiled|p1a: Clefable\n|-heal|p1a: Clefable|95\/100 brn\n|\n|-heal|p1a: Clefable|100\/100 brn|[from] item: Leftovers\n|upkeep\n|turn|14\n|\n|t:|1699909707\n|move|p2a: Scorpion|Earthquake|p1a: Clefable\n|-damage|p1a: Clefable|90\/100 brn\n|move|p1a: Clefable|Stored Power|p2a: Scorpion\n|-damage|p2a: Scorpion|15\/100 tox\n|\n|-heal|p1a: Clefable|96\/100 brn|[from] item: Leftovers\n|-heal|p2a: Scorpion|27\/100 tox|[from] ability: Poison Heal\n|upkeep\n|turn|15\n|\n|t:|1699909713\n|move|p2a: Scorpion|Roost|p2a: Scorpion\n|-heal|p2a: Scorpion|77\/100 tox\n|-singleturn|p2a: Scorpion|move: Roost\n|move|p1a: Clefable|Stored Power|p2a: Scorpion\n|-damage|p2a: Scorpion|0 fnt\n|faint|p2a: Scorpion\n|\n|-heal|p1a: Clefable|100\/100 brn|[from] item: Leftovers\n|upkeep\n|\n|t:|1699909716\n|switch|p2a: Ferrothorn|Ferrothorn, L55, M|100\/100\n|turn|16\n|\n|t:|1699909720\n|move|p1a: Clefable|Stored Power|p2a: Ferrothorn\n|-resisted|p2a: Ferrothorn\n|-damage|p2a: Ferrothorn|76\/100\n|move|p2a: Ferrothorn|Gyro Ball|p1a: Clefable\n|-supereffective|p1a: Clefable\n|-damage|p1a: Clefable|81\/100 brn\n|\n|-heal|p1a: Clefable|86\/100 brn|[from] item: Leftovers\n|upkeep\n|turn|17\n|\n|t:|1699909726\n|move|p1a: Clefable|Stored Power|p2a: Ferrothorn\n|-resisted|p2a: Ferrothorn\n|-crit|p2a: Ferrothorn\n|-damage|p2a: Ferrothorn|38\/100\n|move|p2a: Ferrothorn|Gyro Ball|p1a: Clefable\n|-supereffective|p1a: Clefable\n|-damage|p1a: Clefable|67\/100 brn\n|\n|-heal|p1a: Clefable|72\/100 brn|[from] item: Leftovers\n|upkeep\n|turn|18\n|\n|t:|1699909731\n|move|p1a: Clefable|Stored Power|p2a: Ferrothorn\n|-resisted|p2a: Ferrothorn\n|-damage|p2a: Ferrothorn|15\/100\n|move|p2a: Ferrothorn|Gyro Ball|p1a: Clefable\n|-supereffective|p1a: Clefable\n|-damage|p1a: Clefable|56\/100 brn\n|\n|-heal|p1a: Clefable|62\/100 brn|[from] item: Leftovers\n|upkeep\n|turn|19\n|\n|t:|1699909737\n|move|p1a: Clefable|Soft-Boiled|p1a: Clefable\n|-heal|p1a: Clefable|100\/100 brn\n|move|p2a: Ferrothorn|Gyro Ball|p1a: Clefable\n|-supereffective|p1a: Clefable\n|-damage|p1a: Clefable|83\/100 brn\n|\n|-heal|p1a: Clefable|89\/100 brn|[from] item: Leftovers\n|upkeep\n|turn|20\n|\n|t:|1699909739\n|move|p1a: Clefable|Stored Power|p2a: Ferrothorn\n|-resisted|p2a: Ferrothorn\n|-damage|p2a: Ferrothorn|0 fnt\n|faint|p2a: Ferrothorn\n|\n|-heal|p1a: Clefable|95\/100 brn|[from] item: Leftovers\n|upkeep\n|\n|t:|1699909744\n|switch|p2a: Weavile|Weavile, L55, F|100\/100\n|-ability|p2a: Weavile|Pressure\n|turn|21\n|\n|t:|1699909748\n|move|p2a: Weavile|Poison Jab|p1a: Clefable\n|-supereffective|p1a: Clefable\n|-damage|p1a: Clefable|81\/100 brn\n|move|p1a: Clefable|Toxic|p2a: Weavile\n|-status|p2a: Weavile|tox\n|\n|-heal|p1a: Clefable|86\/100 brn|[from] item: Leftovers\n|-damage|p2a: Weavile|95\/100 tox|[from] psn\n|upkeep\n|turn|22\n|\n|t:|1699909755\n|move|p2a: Weavile|Triple Axel|p1a: Clefable\n|-damage|p1a: Clefable|83\/100 brn\n|-damage|p1a: Clefable|78\/100 brn\n|-hitcount|p1a: Clefable|2\n|move|p1a: Clefable|Soft-Boiled|p1a: Clefable\n|-heal|p1a: Clefable|100\/100 brn\n|\n|-damage|p2a: Weavile|84\/100 tox|[from] psn\n|upkeep\n|turn|23\n|\n|t:|1699909777\n|move|p2a: Weavile|Knock Off|p1a: Clefable\n|-resisted|p1a: Clefable\n|-crit|p1a: Clefable\n|-damage|p1a: Clefable|63\/100 brn\n|-enditem|p1a: Clefable|Leftovers|[from] move: Knock Off|[of] p2a: Weavile\n|move|p1a: Clefable|Cosmic Power|p1a: Clefable\n|-boost|p1a: Clefable|def|0\n|-boost|p1a: Clefable|spd|0\n|\n|-damage|p2a: Weavile|67\/100 tox|[from] psn\n|upkeep\n|turn|24\n|inactive|Sc4rletQu33n has 270 seconds left.\n|inactive|Sc4rletQu33n has 240 seconds left.\n|inactive|Sc4rletQu33n has 210 seconds left.\n|\n|t:|1699909866\n|move|p2a: Weavile|Poison Jab|p1a: Clefable\n|-supereffective|p1a: Clefable\n|-damage|p1a: Clefable|48\/100 brn\n|move|p1a: Clefable|Soft-Boiled|p1a: Clefable\n|-heal|p1a: Clefable|98\/100 brn\n|\n|-damage|p2a: Weavile|44\/100 tox|[from] psn\n|upkeep\n|turn|25\n|\n|t:|1699909879\n|move|p2a: Weavile|Triple Axel|p1a: Clefable|[miss]\n|-miss|p2a: Weavile|p1a: Clefable\n|move|p1a: Clefable|Cosmic Power|p1a: Clefable\n|-boost|p1a: Clefable|def|0\n|-boost|p1a: Clefable|spd|0\n|\n|-damage|p2a: Weavile|16\/100 tox|[from] psn\n|upkeep\n|turn|26\n|\n|t:|1699909887\n|move|p2a: Weavile|Triple Axel|p1a: Clefable\n|-damage|p1a: Clefable|95\/100 brn\n|-damage|p1a: Clefable|89\/100 brn\n|-damage|p1a: Clefable|81\/100 brn\n|-hitcount|p1a: Clefable|3\n|move|p1a: Clefable|Cosmic Power|p1a: Clefable\n|-boost|p1a: Clefable|def|0\n|-boost|p1a: Clefable|spd|0\n|\n|-damage|p2a: Weavile|0 fnt|[from] psn\n|faint|p2a: Weavile\n|upkeep\n|\n|t:|1699909895\n|switch|p2a: Gholdengo|Gholdengo, L55|100\/100\n|turn|27\n|\n|t:|1699909899\n|-terastallize|p2a: Gholdengo|Steel\n|move|p2a: Gholdengo|Flash Cannon|p1a: Clefable\n|-supereffective|p1a: Clefable\n|-damage|p1a: Clefable|61\/100 brn\n|move|p1a: Clefable|Stored Power|p2a: Gholdengo\n|-resisted|p2a: Gholdengo\n|-damage|p2a: Gholdengo|64\/100\n|\n|upkeep\n|turn|28\n|inactive|Sc4rletQu33n has 240 seconds left.\n|\n|t:|1699909906\n|move|p2a: Gholdengo|Flash Cannon|p1a: Clefable\n|-supereffective|p1a: Clefable\n|-damage|p1a: Clefable|41\/100 brn\n|move|p1a: Clefable|Soft-Boiled|p1a: Clefable\n|-heal|p1a: Clefable|91\/100 brn\n|\n|upkeep\n|turn|29\n|\n|t:|1699909909\n|move|p2a: Gholdengo|Flash Cannon|p1a: Clefable\n|-supereffective|p1a: Clefable\n|-damage|p1a: Clefable|71\/100 brn\n|move|p1a: Clefable|Stored Power|p2a: Gholdengo\n|-resisted|p2a: Gholdengo\n|-crit|p2a: Gholdengo\n|-damage|p2a: Gholdengo|12\/100\n|\n|upkeep\n|turn|30\n|\n|t:|1699909912\n|move|p2a: Gholdengo|Flash Cannon|p1a: Clefable\n|-supereffective|p1a: Clefable\n|-damage|p1a: Clefable|51\/100 brn\n|move|p1a: Clefable|Stored Power|p2a: Gholdengo\n|-resisted|p2a: Gholdengo\n|-damage|p2a: Gholdengo|0 fnt\n|faint|p2a: Gholdengo\n|\n|upkeep\n|\n|t:|1699909915\n|switch|p2a: Charizard|Charizard-Mega-Y, L55, F|100\/100\n|-weather|SunnyDay|[from] ability: Drought|[of] p2a: Charizard\n|turn|31\n|\n|t:|1699909917\n|move|p2a: Charizard|Fire Blast|p1a: Clefable\n|-damage|p1a: Clefable|34\/100 brn\n|move|p1a: Clefable|Soft-Boiled|p1a: Clefable\n|-heal|p1a: Clefable|84\/100 brn\n|\n|-weather|SunnyDay|[upkeep]\n|upkeep\n|turn|32\n|\n|t:|1699909921\n|move|p2a: Charizard|Fire Blast|p1a: Clefable\n|-damage|p1a: Clefable|65\/100 brn\n|move|p1a: Clefable|Stored Power|p2a: Charizard\n|-damage|p2a: Charizard|43\/100\n|\n|-weather|SunnyDay|[upkeep]\n|upkeep\n|turn|33\n|\n|t:|1699909927\n|move|p2a: Charizard|Fire Blast|p1a: Clefable\n|-damage|p1a: Clefable|48\/100 brn\n|move|p1a: Clefable|Stored Power|p2a: Charizard\n|-damage|p2a: Charizard|0 fnt\n|faint|p2a: Charizard\n|\n|-weather|SunnyDay|[upkeep]\n|upkeep\n|\n|t:|1699909930\n|switch|p2a: George|Rotom-Wash, L55|100\/100\n|turn|34\n|\n|t:|1699909933\n|move|p2a: George|Thunderbolt|p1a: Clefable\n|-damage|p1a: Clefable|41\/100 brn\n|move|p1a: Clefable|Stored Power|p2a: George\n|-damage|p2a: George|21\/100\n|\n|-weather|SunnyDay|[upkeep]\n|upkeep\n|turn|35\n|\n|t:|1699909938\n|move|p2a: George|Thunderbolt|p1a: Clefable\n|-damage|p1a: Clefable|33\/100 brn\n|move|p1a: Clefable|Stored Power|p2a: George\n|-damage|p2a: George|0 fnt\n|faint|p2a: George\n|\n|win|wedo11\n|l|\u2606Sc4rletQu33n\n","uploadtime":1699909944,"views":16,"p1id":"wedo11","p2id":"sc4rletqu33n","formatid":"gen9nationaldexubers","rating":0,"private":0,"password":""}