{"id":"gen9nationaldexubers-1979817362","p1":"Ginesect","p2":"Aroma Nobody","format":"[Gen 9] National Dex Ubers","log":"|j|\u2606Ginesect\n|j|\u2606Aroma Nobody\n|t:|1698716329\n|gametype|singles\n|player|p1|Ginesect|artist-gen4|\n|player|p2|Aroma Nobody|266|\n|teamsize|p1|6\n|teamsize|p2|6\n|gen|9\n|tier|[Gen 9] National Dex Ubers\n|rule|HP Percentage Mod: HP is shown in percentages\n|rule|Endless Battle Clause: Forcing endless battles is banned\n|rule|OHKO Clause: OHKO moves are banned\n|rule|Evasion Moves Clause: Evasion moves are banned\n|rule|Evasion Items Clause: Evasion items are banned\n|rule|Species Clause: Limit one of each Pok\u00e9mon\n|rule|Sleep Clause Mod: Limit one foe put to sleep\n|rule|Mega Rayquaza Clause: You cannot mega evolve Rayquaza\n|clearpoke\n|poke|p1|Chien-Pao|\n|poke|p1|Mandibuzz, F|\n|poke|p1|Mawile, F|\n|poke|p1|Grimmsnarl, M|\n|poke|p1|Greninja-*, M|\n|poke|p1|Ting-Lu|\n|poke|p2|Blacephalon|\n|poke|p2|Celesteela|\n|poke|p2|Buzzwole|\n|poke|p2|Nihilego|\n|poke|p2|Xurkitree|\n|poke|p2|Kartana|\n|teampreview\n|c|\u2606Aroma Nobody|oh thought you were still doubles\n|c|\u2606Aroma Nobody|glhf\n|c|\u2606Ginesect|Lol\n|c|\u2606Ginesect|glhf\n|\n|t:|1698716365\n|start\n|switch|p1a: Mandibuzz|Mandibuzz, F|100\/100\n|switch|p2a: Buzzwole|Buzzwole|100\/100\n|turn|1\n|j| Just B3A$T\n|c| Just B3A$T|finally\n|c| Just B3A$T|Gin went balance\n|j| D. Lawrenzz\n|\n|t:|1698716397\n|move|p1a: Mandibuzz|U-turn|p2a: Buzzwole\n|-resisted|p2a: Buzzwole\n|-damage|p2a: Buzzwole|97\/100\n|c|\u2606Aroma Nobody|nah\n|l|\u2606Ginesect\n|player|p1|\n|j|\u2606Ginesect\n|player|p1|Ginesect|leon-masters\n|c|\u2606Ginesect|Oh btw beast\n|c|\u2606Ginesect|I beat edras and regular guy yesterday\n|c|\u2606Ginesect|This team is pog\n|\n|t:|1698716436\n|switch|p1a: Grimmsnarl|Grimmsnarl, M|100\/100|[from] U-turn\n|move|p2a: Buzzwole|Close Combat|p1a: Grimmsnarl\n|-damage|p1a: Grimmsnarl|0 fnt\n|-unboost|p2a: Buzzwole|def|1\n|-unboost|p2a: Buzzwole|spd|1\n|faint|p1a: Grimmsnarl\n|-ability|p2a: Buzzwole|Beast Boost|boost\n|-boost|p2a: Buzzwole|atk|1\n|\n|upkeep\n|c|\u2606Aroma Nobody|Yeah well Imma beat it\n|c| Just B3A$T|good\n|c|\u2606Aroma Nobody|pew\n|c|\u2606Ginesect|Damn\n|c|\u2606Ginesect|Aight aight\n|\n|t:|1698716454\n|switch|p1a: Greninja|Greninja, M|100\/100\n|turn|2\n|\n|t:|1698716464\n|switch|p2a: Celesteela|Celesteela|100\/100\n|move|p1a: Greninja|Extrasensory|p2a: Celesteela\n|-resisted|p2a: Celesteela\n|-damage|p2a: Celesteela|94\/100\n|\n|-heal|p2a: Celesteela|99\/100|[from] item: Leftovers\n|upkeep\n|turn|3\n|\n|t:|1698716472\n|switch|p1a: Ting-Lu|Ting-Lu|100\/100\n|-ability|p1a: Ting-Lu|Vessel of Ruin\n|move|p2a: Celesteela|Leech Seed|p1a: Ting-Lu\n|-start|p1a: Ting-Lu|move: Leech Seed\n|\n|-heal|p2a: Celesteela|100\/100|[from] item: Leftovers\n|-damage|p1a: Ting-Lu|88\/100|[from] Leech Seed|[of] p2a: Celesteela\n|upkeep\n|turn|4\n|\n|t:|1698716494\n|switch|p2a: Buzzwole|Buzzwole|97\/100\n|move|p1a: Ting-Lu|Stealth Rock|p2a: Buzzwole\n|-sidestart|p2: Aroma Nobody|move: Stealth Rock\n|\n|-heal|p1a: Ting-Lu|94\/100|[from] item: Leftovers\n|-damage|p1a: Ting-Lu|82\/100|[from] Leech Seed|[of] p2a: Buzzwole\n|-heal|p2a: Buzzwole|100\/100|[silent]\n|upkeep\n|turn|5\n|\n|t:|1698716518\n|switch|p1a: Mandibuzz|Mandibuzz, F|100\/100\n|move|p2a: Buzzwole|Close Combat|p1a: Mandibuzz\n|-damage|p1a: Mandibuzz|38\/100\n|-unboost|p2a: Buzzwole|def|1\n|-unboost|p2a: Buzzwole|spd|1\n|\n|upkeep\n|turn|6\n|\n|t:|1698716522\n|move|p1a: Mandibuzz|Roost|p1a: Mandibuzz\n|-heal|p1a: Mandibuzz|88\/100\n|-singleturn|p1a: Mandibuzz|move: Roost\n|move|p2a: Buzzwole|Close Combat|p1a: Mandibuzz\n|-supereffective|p1a: Mandibuzz\n|-damage|p1a: Mandibuzz|0 fnt\n|-unboost|p2a: Buzzwole|def|1\n|-unboost|p2a: Buzzwole|spd|1\n|faint|p1a: Mandibuzz\n|-ability|p2a: Buzzwole|Beast Boost|boost\n|-boost|p2a: Buzzwole|atk|1\n|\n|upkeep\n|c|\u2606Aroma Nobody|pew\n|c|\u2606Ginesect|Fucking band buzzwhole\n|c|\u2606Ginesect|Aight enough now\n|\n|t:|1698716556\n|switch|p1a: Chien-Pao|Chien-Pao|100\/100\n|-ability|p1a: Chien-Pao|Sword of Ruin\n|turn|7\n|c|\u2606Aroma Nobody|oh no he figured out the secret\n|\n|t:|1698716569\n|move|p1a: Chien-Pao|Ice Spinner|p2a: Buzzwole\n|-damage|p2a: Buzzwole|4\/100\n|move|p2a: Buzzwole|Close Combat|p1a: Chien-Pao\n|-supereffective|p1a: Chien-Pao\n|-damage|p1a: Chien-Pao|0 fnt\n|-unboost|p2a: Buzzwole|def|1\n|-unboost|p2a: Buzzwole|spd|1\n|faint|p1a: Chien-Pao\n|-ability|p2a: Buzzwole|Beast Boost|boost\n|-boost|p2a: Buzzwole|atk|1\n|\n|upkeep\n|c|\u2606Aroma Nobody|pew\n|c|\u2606Ginesect|What...\n|c|\u2606Ginesect|What the fuckkk\n|j| XX_1nfinity_XX\n|c|\u2606Ginesect|What the actual fuck\n|c|\u2606Aroma Nobody|max hp baby!\n|c|\u2606Ginesect|bro....\n|c|\u2606Ginesect|No fucking wa\n|c|\u2606Ginesect|...\n|c| Just B3A$T|pain\n|c|\u2606Ginesect|uhhh\n|\n|t:|1698716600\n|switch|p1a: Greninja|Greninja, M|100\/100\n|turn|8\n|c|\u2606Aroma Nobody|Gin after this match: Guys let's ban buzzwole\n|\n|t:|1698716611\n|move|p1a: Greninja|Hydro Pump|p2a: Buzzwole\n|-damage|p2a: Buzzwole|0 fnt\n|faint|p2a: Buzzwole\n|-ability|p1a: Greninja|Battle Bond|boost\n|-boost|p1a: Greninja|atk|1\n|-boost|p1a: Greninja|spa|1\n|-boost|p1a: Greninja|spe|1\n|-activate|p1a: Greninja|ability: Battle Bond\n|\n|upkeep\n|c|\u2606Ginesect|\ud83d\udc80 lmao\n|\n|t:|1698716623\n|switch|p2a: Nihilego|Nihilego|100\/100\n|-damage|p2a: Nihilego|88\/100|[from] Stealth Rock\n|turn|9\n|c| Just B3A$T|Buzzwole when bird\n|\n|t:|1698716639\n|-terastallize|p2a: Nihilego|Grass\n|move|p1a: Greninja|Hydro Pump|p2a: Nihilego\n|-resisted|p2a: Nihilego\n|-damage|p2a: Nihilego|59\/100\n|move|p2a: Nihilego|Meteor Beam||[still]\n|-prepare|p2a: Nihilego|Meteor Beam\n|-boost|p2a: Nihilego|spa|1\n|-enditem|p2a: Nihilego|Power Herb\n|-anim|p2a: Nihilego|Meteor Beam|p1a: Greninja|[miss]\n|-miss|p2a: Nihilego|p1a: Greninja\n|\n|upkeep\n|turn|10\n|c|\u2606Aroma Nobody|:(\n|\n|t:|1698716653\n|move|p1a: Greninja|Ice Beam|p2a: Nihilego\n|-supereffective|p2a: Nihilego\n|-damage|p2a: Nihilego|0 fnt\n|faint|p2a: Nihilego\n|\n|upkeep\n|c| Just B3A$T|lmaoo\n|\n|t:|1698716663\n|switch|p2a: Celesteela|Celesteela|100\/100\n|-damage|p2a: Celesteela|88\/100|[from] Stealth Rock\n|turn|11\n|c|\u2606Ginesect|So sad that I lost cpao\n|\n|t:|1698716669\n|-terastallize|p1a: Greninja|Water\n|move|p1a: Greninja|Hydro Pump|p2a: Celesteela\n|-damage|p2a: Celesteela|24\/100\n|move|p2a: Celesteela|Leech Seed|p1a: Greninja\n|-start|p1a: Greninja|move: Leech Seed\n|\n|-heal|p2a: Celesteela|30\/100|[from] item: Leftovers\n|-damage|p1a: Greninja|88\/100|[from] Leech Seed|[of] p2a: Celesteela\n|-heal|p2a: Celesteela|39\/100|[silent]\n|upkeep\n|turn|12\n|\n|t:|1698716679\n|move|p2a: Celesteela|Protect|p2a: Celesteela\n|-singleturn|p2a: Celesteela|Protect\n|move|p1a: Greninja|Dark Pulse|p2a: Celesteela\n|-activate|p2a: Celesteela|move: Protect\n|\n|-heal|p2a: Celesteela|45\/100|[from] item: Leftovers\n|-damage|p1a: Greninja|76\/100|[from] Leech Seed|[of] p2a: Celesteela\n|-heal|p2a: Celesteela|54\/100|[silent]\n|upkeep\n|turn|13\n|\n|t:|1698716683\n|move|p1a: Greninja|Hydro Pump|p2a: Celesteela\n|-damage|p2a: Celesteela|0 fnt\n|faint|p2a: Celesteela\n|\n|upkeep\n|\n|t:|1698716693\n|switch|p2a: Xurkitree|Xurkitree|100\/100\n|-damage|p2a: Xurkitree|88\/100|[from] Stealth Rock\n|turn|14\n|c|\u2606Aroma Nobody|gg\n|c|\u2606Ginesect|Gin after this match : guys let's ban bb ninja\n|\n|t:|1698716706\n|move|p1a: Greninja|Hydro Pump|p2a: Xurkitree|[miss]\n|-miss|p1a: Greninja|p2a: Xurkitree\n|move|p2a: Xurkitree|Thunderbolt|p1a: Greninja\n|-supereffective|p1a: Greninja\n|-crit|p1a: Greninja\n|-damage|p1a: Greninja|0 fnt\n|faint|p1a: Greninja\n|-ability|p2a: Xurkitree|Beast Boost|boost\n|-boost|p2a: Xurkitree|spa|1\n|\n|upkeep\n|c|\u2606Ginesect|Fuck no\n|c|\u2606Aroma Nobody|:)\n|\n|t:|1698716712\n|switch|p1a: Ting-Lu|Ting-Lu|82\/100\n|-ability|p1a: Ting-Lu|Vessel of Ruin\n|turn|15\n|\n|t:|1698716716\n|move|p2a: Xurkitree|Energy Ball|p1a: Ting-Lu\n|-supereffective|p1a: Ting-Lu\n|-damage|p1a: Ting-Lu|24\/100\n|move|p1a: Ting-Lu|Earthquake|p2a: Xurkitree\n|-supereffective|p2a: Xurkitree\n|-enditem|p2a: Xurkitree|Shuca Berry|[eat]\n|-enditem|p2a: Xurkitree|Shuca Berry|[weaken]\n|-damage|p2a: Xurkitree|34\/100\n|\n|-heal|p1a: Ting-Lu|30\/100|[from] item: Leftovers\n|upkeep\n|turn|16\n|c| Just B3A$T|this is why Pump is a shit move\n|c|\u2606Ginesect|Wtf is this thing\n|c| Just B3A$T|like actually\n|\n|t:|1698716727\n|move|p1a: Ting-Lu|Protect|p1a: Ting-Lu\n|-singleturn|p1a: Ting-Lu|Protect\n|move|p2a: Xurkitree|Energy Ball|p1a: Ting-Lu\n|-activate|p1a: Ting-Lu|move: Protect\n|\n|-heal|p1a: Ting-Lu|37\/100|[from] item: Leftovers\n|upkeep\n|turn|17\n|c| Just B3A$T|use Surf\n|\n|t:|1698716733\n|switch|p1a: Mawile|Mawile, F|100\/100\n|-ability|p1a: Mawile|Intimidate|boost\n|-unboost|p2a: Xurkitree|atk|1\n|move|p2a: Xurkitree|Energy Ball|p1a: Mawile\n|-resisted|p1a: Mawile\n|-damage|p1a: Mawile|40\/100\n|\n|upkeep\n|turn|18\n|\n|t:|1698716740\n|detailschange|p1a: Mawile|Mawile-Mega, F\n|-mega|p1a: Mawile|Mawile|Mawilite\n|move|p2a: Xurkitree|Tail Glow|p2a: Xurkitree\n|-boost|p2a: Xurkitree|spa|3\n|move|p1a: Mawile|Swords Dance|p1a: Mawile\n|-boost|p1a: Mawile|atk|2\n|\n|upkeep\n|turn|19\n|\n|t:|1698716744\n|move|p1a: Mawile|Sucker Punch|p2a: Xurkitree\n|-damage|p2a: Xurkitree|0 fnt\n|faint|p2a: Xurkitree\n|\n|upkeep\n|\n|t:|1698716747\n|switch|p2a: Kartana|Kartana|100\/100\n|-damage|p2a: Kartana|94\/100|[from] Stealth Rock\n|turn|20\n|c|\u2606Ginesect|It comes down to this\n|\n|t:|1698716762\n|move|p1a: Mawile|Sucker Punch|p2a: Kartana\n|-damage|p2a: Kartana|0 fnt\n|faint|p2a: Kartana\n|\n|upkeep\n|\n|t:|1698716766\n|switch|p2a: Blacephalon|Blacephalon|100\/100\n|-damage|p2a: Blacephalon|76\/100|[from] Stealth Rock\n|turn|21\n|c|\u2606Ginesect|Holyy\n|\n|t:|1698716770\n|move|p1a: Mawile|Sucker Punch|p2a: Blacephalon\n|-supereffective|p2a: Blacephalon\n|-damage|p2a: Blacephalon|0 fnt\n|faint|p2a: Blacephalon\n|\n|win|Ginesect\n|c|\u2606Aroma Nobody|gg\n|c| Just B3A$T|relax\n|c|\u2606Ginesect|gg\n|c| Just B3A$T|ye\n","uploadtime":1698716779,"views":7,"p1id":"ginesect","p2id":"aromanobody","formatid":"gen9nationaldexubers","rating":0,"private":0,"password":""}