{"id":"gen9nationaldexubers-1984145266","p1":"TinselDwarf","p2":"Masorad","format":"[Gen 9] National Dex Ubers","log":"|j|\u2606TinselDwarf\n|j|\u2606Masorad\n|t:|1699223406\n|gametype|singles\n|player|p1|TinselDwarf|hiker-gen4|1072\n|player|p2|Masorad|hugh|1006\n|teamsize|p1|6\n|teamsize|p2|2\n|gen|9\n|tier|[Gen 9] National Dex Ubers\n|rated|\n|rule|HP Percentage Mod: HP is shown in percentages\n|rule|Endless Battle Clause: Forcing endless battles is banned\n|rule|OHKO Clause: OHKO moves are banned\n|rule|Evasion Moves Clause: Evasion moves are banned\n|rule|Evasion Items Clause: Evasion items are banned\n|rule|Species Clause: Limit one of each Pok\u00e9mon\n|rule|Sleep Clause Mod: Limit one foe put to sleep\n|rule|Mega Rayquaza Clause: You cannot mega evolve Rayquaza\n|clearpoke\n|poke|p1|Gliscor, M|\n|poke|p1|Darkrai|\n|poke|p1|Zacian-*|\n|poke|p1|Xurkitree|\n|poke|p1|Melmetal|\n|poke|p1|Kingambit, M|\n|poke|p2|Pelipper, F|\n|poke|p2|Zapdos|\n|teampreview\n|\n|t:|1699223418\n|start\n|switch|p1a: The Glizzy|Gliscor, M|100\/100\n|switch|p2a: Pelipper|Pelipper, F|100\/100\n|-weather|RainDance|[from] ability: Drizzle|[of] p2a: Pelipper\n|turn|1\n|\n|t:|1699223423\n|move|p1a: The Glizzy|Toxic|p2a: Pelipper\n|-status|p2a: Pelipper|tox\n|move|p2a: Pelipper|Tailwind|p2a: Pelipper\n|-sidestart|p2: Masorad|move: Tailwind\n|\n|-weather|RainDance|[upkeep]\n|-damage|p2a: Pelipper|94\/100 tox|[from] psn\n|-status|p1a: The Glizzy|tox|[from] item: Toxic Orb\n|upkeep\n|turn|2\n|\n|t:|1699223430\n|move|p2a: Pelipper|Hydro Pump|p1a: The Glizzy\n|-supereffective|p1a: The Glizzy\n|-damage|p1a: The Glizzy|0 fnt\n|faint|p1a: The Glizzy\n|-damage|p2a: Pelipper|84\/100 tox|[from] item: Life Orb\n|\n|-weather|RainDance|[upkeep]\n|-damage|p2a: Pelipper|72\/100 tox|[from] psn\n|upkeep\n|\n|t:|1699223434\n|switch|p1a: Toddler Bodybag|Xurkitree|100\/100\n|turn|3\n|\n|t:|1699223438\n|move|p2a: Pelipper|Hydro Pump|p1a: Toddler Bodybag\n|-damage|p1a: Toddler Bodybag|0 fnt\n|faint|p1a: Toddler Bodybag\n|-damage|p2a: Pelipper|62\/100 tox|[from] item: Life Orb\n|\n|-weather|RainDance|[upkeep]\n|-damage|p2a: Pelipper|44\/100 tox|[from] psn\n|upkeep\n|\n|t:|1699223444\n|switch|p1a: Mike Tyson|Melmetal|100\/100\n|turn|4\n|\n|t:|1699223447\n|move|p2a: Pelipper|Hydro Pump|p1a: Mike Tyson|[miss]\n|-miss|p2a: Pelipper|p1a: Mike Tyson\n|move|p1a: Mike Tyson|Acid Armor|p1a: Mike Tyson\n|-boost|p1a: Mike Tyson|def|2\n|\n|-weather|RainDance|[upkeep]\n|-damage|p2a: Pelipper|19\/100 tox|[from] psn\n|-sideend|p2: Masorad|move: Tailwind\n|upkeep\n|turn|5\n|\n|t:|1699223454\n|move|p2a: Pelipper|Tailwind|p2a: Pelipper\n|-sidestart|p2: Masorad|move: Tailwind\n|move|p1a: Mike Tyson|Double Iron Bash|p2a: Pelipper\n|-resisted|p2a: Pelipper\n|-damage|p2a: Pelipper|0 fnt\n|faint|p2a: Pelipper\n|-hitcount|p2: Pelipper|1\n|\n|-weather|none\n|upkeep\n|\n|t:|1699223456\n|switch|p2a: Zapdos|Zapdos|100\/100\n|-ability|p2a: Zapdos|Pressure\n|turn|6\n|\n|t:|1699223465\n|move|p2a: Zapdos|Heat Wave|p1a: Mike Tyson\n|-supereffective|p1a: Mike Tyson\n|-damage|p1a: Mike Tyson|8\/100\n|-damage|p2a: Zapdos|91\/100|[from] item: Life Orb\n|move|p1a: Mike Tyson|Body Press|p2a: Zapdos\n|-resisted|p2a: Zapdos\n|-damage|p2a: Zapdos|60\/100\n|\n|upkeep\n|turn|7\n|\n|t:|1699223491\n|move|p2a: Zapdos|Heat Wave|p1a: Mike Tyson\n|-supereffective|p1a: Mike Tyson\n|-damage|p1a: Mike Tyson|0 fnt\n|faint|p1a: Mike Tyson\n|-damage|p2a: Zapdos|50\/100|[from] item: Life Orb\n|\n|upkeep\n|\n|t:|1699223497\n|switch|p1a: 32 aborted fetuses|Darkrai|100\/100\n|turn|8\n|\n|t:|1699223501\n|-terastallize|p2a: Zapdos|Electric\n|move|p2a: Zapdos|Thunder|p1a: 32 aborted fetuses\n|-damage|p1a: 32 aborted fetuses|0 fnt\n|faint|p1a: 32 aborted fetuses\n|-damage|p2a: Zapdos|40\/100|[from] item: Life Orb\n|\n|-sideend|p2: Masorad|move: Tailwind\n|upkeep\n|\n|t:|1699223505\n|switch|p1a: D|Zacian-Crowned|100\/100\n|-ability|p1a: D|Intrepid Sword|boost\n|-boost|p1a: D|atk|1\n|turn|9\n|\n|t:|1699223510\n|-terastallize|p1a: D|Fairy\n|move|p1a: D|Behemoth Blade|p2a: Zapdos\n|-resisted|p2a: Zapdos\n|-damage|p2a: Zapdos|0 fnt\n|faint|p2a: Zapdos\n|\n|win|TinselDwarf\n|raw|TinselDwarf's rating: 1072 &rarr; <strong>1096<\/strong><br \/>(+24 for winning)\n|raw|Masorad's rating: 1006 &rarr; <strong>1000<\/strong><br \/>(-6 for losing)\n","uploadtime":1699223518,"views":3,"p1id":"tinseldwarf","p2id":"masorad","formatid":"gen9nationaldexubers","rating":1000,"private":0,"password":""}