{"id":"gen9nationaldexubers-1988135360","p1":"aquiles meo","p2":"lfdgjjwhjwer","format":"[Gen 9] National Dex Ubers","log":"|j|\u2606aquiles meo\n|j|\u2606lfdgjjwhjwer\n|t:|1699674000\n|gametype|singles\n|player|p1|aquiles meo|ethan|1106\n|player|p2|lfdgjjwhjwer|169|1000\n|teamsize|p1|6\n|teamsize|p2|6\n|gen|9\n|tier|[Gen 9] National Dex Ubers\n|rated|\n|rule|HP Percentage Mod: HP is shown in percentages\n|rule|Endless Battle Clause: Forcing endless battles is banned\n|rule|OHKO Clause: OHKO moves are banned\n|rule|Evasion Moves Clause: Evasion moves are banned\n|rule|Evasion Items Clause: Evasion items are banned\n|rule|Species Clause: Limit one of each Pok\u00e9mon\n|rule|Sleep Clause Mod: Limit one foe put to sleep\n|rule|Mega Rayquaza Clause: You cannot mega evolve Rayquaza\n|clearpoke\n|poke|p1|Jirachi|\n|poke|p1|Ho-Oh|\n|poke|p1|Rayquaza|\n|poke|p1|Pidgeot, M|\n|poke|p1|Lucario, M|\n|poke|p1|Luxray, M|\n|poke|p2|Kyogre|\n|poke|p2|Groudon|\n|poke|p2|Ribombee, F|\n|poke|p2|Rayquaza|\n|poke|p2|Mewtwo|\n|poke|p2|Arceus-Fairy|\n|teampreview\n|\n|t:|1699674011\n|start\n|switch|p1a: Jirachi|Jirachi|100\/100\n|switch|p2a: Mewtwo|Mewtwo|100\/100\n|-ability|p2a: Mewtwo|Unnerve\n|turn|1\n|\n|t:|1699674020\n|move|p2a: Mewtwo|Taunt|p1a: Jirachi\n|-start|p1a: Jirachi|move: Taunt\n|move|p1a: Jirachi|Iron Head|p2a: Mewtwo\n|-damage|p2a: Mewtwo|67\/100\n|\n|upkeep\n|turn|2\n|\n|t:|1699674040\n|detailschange|p2a: Mewtwo|Mewtwo-Mega-X\n|-mega|p2a: Mewtwo|Mewtwo|Mewtwonite X\n|move|p2a: Mewtwo|Earthquake|p1a: Jirachi\n|-supereffective|p1a: Jirachi\n|-damage|p1a: Jirachi|7\/100\n|move|p1a: Jirachi|Doom Desire|p2a: Mewtwo\n|-start|p1a: Jirachi|Doom Desire\n|\n|upkeep\n|turn|3\n|\n|t:|1699674062\n|switch|p1a: Ho-Oh|Ho-Oh|100\/100\n|move|p2a: Mewtwo|Drain Punch|p1a: Ho-Oh\n|-resisted|p1a: Ho-Oh\n|-damage|p1a: Ho-Oh|76\/100\n|-heal|p2a: Mewtwo|80\/100|[from] drain|[of] p1a: Ho-Oh\n|\n|upkeep\n|turn|4\n|\n|t:|1699674091\n|switch|p2a: Groudon|Groudon|100\/100\n|detailschange|p2a: Groudon|Groudon-Primal\n|-primal|p2a: Groudon|Red Orb\n|-weather|DesolateLand|[from] ability: Desolate Land|[of] p2a: Groudon\n|move|p1a: Ho-Oh|Sacred Fire|p2a: Groudon\n|-resisted|p2a: Groudon\n|-damage|p2a: Groudon|79\/100\n|\n|-weather|DesolateLand|[upkeep]\n|-end|p2a: Groudon|move: Doom Desire\n|-resisted|p2a: Groudon\n|-damage|p2a: Groudon|54\/100\n|upkeep\n|turn|5\n|\n|t:|1699674107\n|move|p2a: Groudon|Rock Polish|p2a: Groudon\n|-boost|p2a: Groudon|spe|2\n|move|p1a: Ho-Oh|Earth Power|p2a: Groudon\n|-supereffective|p2a: Groudon\n|-damage|p2a: Groudon|0 fnt\n|faint|p2a: Groudon\n|-weather|none\n|\n|upkeep\n|\n|t:|1699674115\n|switch|p2a: Kyogre|Kyogre|100\/100\n|detailschange|p2a: Kyogre|Kyogre-Primal\n|-primal|p2a: Kyogre|Blue Orb\n|-weather|PrimordialSea|[from] ability: Primordial Sea|[of] p2a: Kyogre\n|turn|6\n|inactive|Battle timer is ON: inactive players will automatically lose when time's up. (requested by lfdgjjwhjwer)\n|inactive|aquiles meo has 120 seconds left.\n|\n|t:|1699674169\n|switch|p1a: Jirachi|Jirachi|7\/100\n|move|p2a: Kyogre|Water Spout|p1a: Jirachi\n|-damage|p1a: Jirachi|0 fnt\n|faint|p1a: Jirachi\n|\n|-weather|PrimordialSea|[upkeep]\n|upkeep\n|\n|t:|1699674173\n|switch|p1a: Pidgeot|Pidgeot, M|100\/100\n|turn|7\n|\n|t:|1699674180\n|move|p2a: Kyogre|Thunder|p1a: Pidgeot\n|-supereffective|p1a: Pidgeot\n|-damage|p1a: Pidgeot|0 fnt\n|faint|p1a: Pidgeot\n|\n|-weather|PrimordialSea|[upkeep]\n|upkeep\n|\n|t:|1699674193\n|switch|p1a: Luxray|Luxray, M, shiny|100\/100\n|turn|8\n|\n|t:|1699674204\n|move|p2a: Kyogre|Water Spout|p1a: Luxray\n|-damage|p1a: Luxray|0 fnt\n|faint|p1a: Luxray\n|\n|-weather|PrimordialSea|[upkeep]\n|upkeep\n|\n|t:|1699674211\n|switch|p1a: Rayquaza|Rayquaza|100\/100\n|-ability|p1a: Rayquaza|Air Lock\n|turn|9\n|\n|t:|1699674226\n|-terastallize|p1a: Rayquaza|Flying\n|move|p1a: Rayquaza|Dragon Dance|p1a: Rayquaza\n|-boost|p1a: Rayquaza|atk|1\n|-boost|p1a: Rayquaza|spe|1\n|move|p2a: Kyogre|Ice Beam|p1a: Rayquaza\n|-supereffective|p1a: Rayquaza\n|-damage|p1a: Rayquaza|18\/100\n|\n|-weather|PrimordialSea|[upkeep]\n|upkeep\n|turn|10\n|\n|t:|1699674242\n|move|p1a: Rayquaza|Dragon Ascent|p2a: Kyogre\n|-damage|p2a: Kyogre|0 fnt\n|-unboost|p1a: Rayquaza|def|1\n|-unboost|p1a: Rayquaza|spd|1\n|faint|p2a: Kyogre\n|-weather|none\n|\n|upkeep\n|\n|t:|1699674253\n|switch|p2a: Rayquaza|Rayquaza|100\/100\n|-ability|p2a: Rayquaza|Air Lock\n|turn|11\n|\n|t:|1699674265\n|move|p2a: Rayquaza|Extreme Speed|p1a: Rayquaza\n|-damage|p1a: Rayquaza|0 fnt\n|faint|p1a: Rayquaza\n|\n|upkeep\n|\n|t:|1699674282\n|switch|p1a: Ho-Oh|Ho-Oh|100\/100\n|turn|12\n|\n|t:|1699674293\n|move|p2a: Rayquaza|Dragon Ascent|p1a: Ho-Oh\n|-damage|p1a: Ho-Oh|40\/100\n|-unboost|p2a: Rayquaza|def|1\n|-unboost|p2a: Rayquaza|spd|1\n|move|p1a: Ho-Oh|Ancient Power|p2a: Rayquaza\n|-supereffective|p2a: Rayquaza\n|-damage|p2a: Rayquaza|60\/100\n|\n|upkeep\n|turn|13\n|\n|t:|1699674301\n|switch|p1a: Lucario|Lucario, M, shiny|100\/100\n|move|p2a: Rayquaza|Dragon Ascent|p1a: Lucario\n|-crit|p1a: Lucario\n|-damage|p1a: Lucario|0 fnt\n|-unboost|p2a: Rayquaza|def|1\n|-unboost|p2a: Rayquaza|spd|1\n|faint|p1a: Lucario\n|\n|upkeep\n|\n|t:|1699674307\n|switch|p1a: Ho-Oh|Ho-Oh|74\/100\n|turn|14\n|\n|t:|1699674323\n|move|p2a: Rayquaza|Dragon Ascent|p1a: Ho-Oh\n|-damage|p1a: Ho-Oh|7\/100\n|-unboost|p2a: Rayquaza|def|1\n|-unboost|p2a: Rayquaza|spd|1\n|move|p1a: Ho-Oh|Burn Up|p2a: Rayquaza\n|-resisted|p2a: Rayquaza\n|-damage|p2a: Rayquaza|9\/100\n|-start|p1a: Ho-Oh|typechange|???\/Flying|[from] move: Burn Up\n|\n|upkeep\n|turn|15\n|inactive|aquiles meo has 120 seconds left.\n|\n|t:|1699674344\n|move|p2a: Rayquaza|Extreme Speed|p1a: Ho-Oh\n|-damage|p1a: Ho-Oh|0 fnt\n|faint|p1a: Ho-Oh\n|\n|win|lfdgjjwhjwer\n|raw|aquiles meo's rating: 1106 &rarr; <strong>1074<\/strong><br \/>(-32 for losing)\n|raw|lfdgjjwhjwer's rating: 1000 &rarr; <strong>1052<\/strong><br \/>(+52 for winning)\n|l|\u2606lfdgjjwhjwer\n","uploadtime":1699674353,"views":5,"p1id":"aquilesmeo","p2id":"lfdgjjwhjwer","formatid":"gen9nationaldexubers","rating":1052,"private":0,"password":""}