{"id":"gen9nationaldexubers-1989675998","p1":"DriftedEx","p2":"C0ld as Ice","format":"[Gen 9] National Dex Ubers","log":"|j|\u2606DriftedEx\n|j|\u2606C0ld as Ice\n|t:|1699885829\n|gametype|singles\n|player|p1|DriftedEx|roark|1635\n|player|p2|C0ld as Ice|schoolkid-gen4dp|1871\n|teamsize|p1|6\n|teamsize|p2|6\n|gen|9\n|tier|[Gen 9] National Dex Ubers\n|rated|\n|rule|HP Percentage Mod: HP is shown in percentages\n|rule|Endless Battle Clause: Forcing endless battles is banned\n|rule|OHKO Clause: OHKO moves are banned\n|rule|Evasion Moves Clause: Evasion moves are banned\n|rule|Evasion Items Clause: Evasion items are banned\n|rule|Species Clause: Limit one of each Pok\u00e9mon\n|rule|Sleep Clause Mod: Limit one foe put to sleep\n|rule|Mega Rayquaza Clause: You cannot mega evolve Rayquaza\n|clearpoke\n|poke|p1|Kyogre|\n|poke|p1|Zygarde|\n|poke|p1|Groudon|\n|poke|p1|Necrozma-Dusk-Mane|\n|poke|p1|Ho-Oh|\n|poke|p1|Salamence, F|\n|poke|p2|Arceus-Water|\n|poke|p2|Necrozma-Dusk-Mane|\n|poke|p2|Zygarde|\n|poke|p2|Groudon, L99|\n|poke|p2|Marshadow|\n|poke|p2|Yveltal|\n|teampreview\n|inactive|Battle timer is ON: inactive players will automatically lose when time's up. (requested by DriftedEx)\n|inactive|C0ld as Ice also wants the timer to be on.\n|inactive|DriftedEx has 120 seconds left.\n|j| 1 em trach thu\n|inactive|DriftedEx has 90 seconds left.\n|inactive|DriftedEx has 60 seconds left.\n|\n|t:|1699885931\n|start\n|switch|p1a: Ho-Oh|Ho-Oh|100\/100\n|switch|p2a: Arceus|Arceus-Water, shiny|100\/100\n|turn|1\n|\n|t:|1699885938\n|move|p2a: Arceus|Taunt|p1a: Ho-Oh\n|-start|p1a: Ho-Oh|move: Taunt\n|cant|p1a: Ho-Oh|move: Taunt|Toxic\n|\n|upkeep\n|turn|2\n|inactive|DriftedEx has 120 seconds left.\n|inactive|DriftedEx has 90 seconds left.\n|\n|t:|1699885989\n|switch|p1a: Kyogre|Kyogre|100\/100\n|detailschange|p1a: Kyogre|Kyogre-Primal\n|-primal|p1a: Kyogre|Blue Orb\n|-weather|PrimordialSea|[from] ability: Primordial Sea|[of] p1a: Kyogre\n|move|p2a: Arceus|Toxic|p1a: Kyogre\n|-status|p1a: Kyogre|tox\n|\n|-weather|PrimordialSea|[upkeep]\n|-damage|p1a: Kyogre|94\/100 tox|[from] psn\n|upkeep\n|turn|3\n|\n|t:|1699885999\n|switch|p2a: Groudon|Groudon, L99, shiny|100\/100\n|detailschange|p2a: Groudon|Groudon-Primal, L99, shiny\n|-primal|p2a: Groudon|Red Orb\n|-weather|DesolateLand|[from] ability: Desolate Land|[of] p2a: Groudon\n|switch|p1a: Salamence|Salamence, F|100\/100\n|-ability|p1a: Salamence|Intimidate|boost\n|-unboost|p2a: Groudon|atk|1\n|\n|-weather|DesolateLand|[upkeep]\n|upkeep\n|turn|4\n|\n|t:|1699886025\n|-weather|none\n|switch|p2a: Yveltal|Yveltal, shiny|100\/100\n|-ability|p2a: Yveltal|Dark Aura\n|detailschange|p1a: Salamence|Salamence-Mega, F\n|-mega|p1a: Salamence|Salamence|Salamencite\n|move|p1a: Salamence|Roost||[still]\n|-fail|p1a: Salamence|heal\n|\n|upkeep\n|turn|5\n|\n|t:|1699886030\n|switch|p1a: Ho-Oh|Ho-Oh|100\/100\n|move|p2a: Yveltal|Foul Play|p1a: Ho-Oh\n|-damage|p1a: Ho-Oh|62\/100\n|\n|upkeep\n|turn|6\n|\n|t:|1699886036\n|move|p2a: Yveltal|U-turn|p1a: Ho-Oh\n|-resisted|p1a: Ho-Oh\n|-damage|p1a: Ho-Oh|59\/100\n|\n|t:|1699886044\n|switch|p2a: Zygarde|Zygarde|100\/100|[from] U-turn\n|move|p1a: Ho-Oh|Sacred Fire|p2a: Zygarde\n|-resisted|p2a: Zygarde\n|-damage|p2a: Zygarde|90\/100\n|\n|-heal|p2a: Zygarde|96\/100|[from] item: Leftovers\n|upkeep\n|turn|7\n|\n|t:|1699886048\n|move|p2a: Zygarde|Glare|p1a: Ho-Oh\n|-status|p1a: Ho-Oh|par\n|move|p1a: Ho-Oh|Toxic|p2a: Zygarde|[miss]\n|-miss|p1a: Ho-Oh|p2a: Zygarde\n|\n|-heal|p2a: Zygarde|100\/100|[from] item: Leftovers\n|upkeep\n|turn|8\n|\n|t:|1699886062\n|move|p2a: Zygarde|Thousand Arrows|p1a: Ho-Oh\n|-damage|p1a: Ho-Oh|37\/100 par\n|-start|p1a: Ho-Oh|Smack Down\n|cant|p1a: Ho-Oh|par\n|\n|upkeep\n|turn|9\n|\n|t:|1699886076\n|switch|p1a: Necrozma|Necrozma-Dusk-Mane|100\/100\n|move|p2a: Zygarde|Thousand Arrows|p1a: Necrozma\n|-supereffective|p1a: Necrozma\n|-damage|p1a: Necrozma|69\/100\n|\n|-heal|p1a: Necrozma|75\/100|[from] item: Leftovers\n|upkeep\n|turn|10\n|j| shamatetuanzhang\n|\n|t:|1699886082\n|switch|p1a: Zygarde|Zygarde|100\/100\n|move|p2a: Zygarde|Glare|p1a: Zygarde\n|-status|p1a: Zygarde|par\n|\n|upkeep\n|turn|11\n|l| shamatetuanzhang\n|\n|t:|1699886095\n|switch|p2a: Yveltal|Yveltal, shiny|100\/100\n|-ability|p2a: Yveltal|Dark Aura\n|move|p1a: Zygarde|Glare|p2a: Yveltal\n|-status|p2a: Yveltal|par\n|\n|upkeep\n|turn|12\n|\n|t:|1699886099\n|switch|p1a: Ho-Oh|Ho-Oh|71\/100 par\n|move|p2a: Yveltal|U-turn|p1a: Ho-Oh\n|-resisted|p1a: Ho-Oh\n|-damage|p1a: Ho-Oh|67\/100 par\n|\n|t:|1699886117\n|switch|p2a: Marshadow|Marshadow|100\/100|[from] U-turn\n|\n|upkeep\n|turn|13\n|inactive|DriftedEx has 120 seconds left.\n|\n|t:|1699886163\n|switch|p1a: Salamence|Salamence-Mega, F|100\/100\n|-terastallize|p2a: Marshadow|Ghost\n|move|p2a: Marshadow|Poltergeist|p1a: Salamence\n|-activate|p1a: Salamence|move: Poltergeist|Salamencite\n|-damage|p1a: Salamence|17\/100\n|\n|upkeep\n|turn|14\n|\n|t:|1699886174\n|switch|p1a: Zygarde|Zygarde|100\/100 par\n|move|p2a: Marshadow|Poltergeist|p1a: Zygarde\n|-activate|p1a: Zygarde|move: Poltergeist|Leftovers\n|-damage|p1a: Zygarde|43\/100 par\n|\n|-heal|p1a: Zygarde|49\/100 par|[from] item: Leftovers\n|-activate|p1a: Zygarde|ability: Power Construct\n|detailschange|p1a: Zygarde|Zygarde-Complete\n|-heal|p1a: Zygarde|67\/100 par|[silent]\n|upkeep\n|turn|15\n|\n|t:|1699886185\n|switch|p2a: Yveltal|Yveltal, shiny|100\/100 par\n|-ability|p2a: Yveltal|Dark Aura\n|move|p1a: Zygarde|Glare|p2a: Yveltal\n|-fail|p2a: Yveltal|par\n|\n|-heal|p1a: Zygarde|73\/100 par|[from] item: Leftovers\n|upkeep\n|turn|16\n|\n|t:|1699886188\n|cant|p2a: Yveltal|par\n|cant|p1a: Zygarde|par\n|\n|-heal|p1a: Zygarde|79\/100 par|[from] item: Leftovers\n|upkeep\n|turn|17\n|\n|t:|1699886196\n|move|p2a: Yveltal|Foul Play|p1a: Zygarde\n|-damage|p1a: Zygarde|64\/100 par\n|move|p1a: Zygarde|Glare|p2a: Yveltal\n|-fail|p2a: Yveltal|par\n|\n|-heal|p1a: Zygarde|71\/100 par|[from] item: Leftovers\n|upkeep\n|turn|18\n|\n|t:|1699886200\n|cant|p2a: Yveltal|par\n|move|p1a: Zygarde|Thousand Arrows|p2a: Yveltal\n|-damage|p2a: Yveltal|80\/100 par\n|-start|p2a: Yveltal|Smack Down\n|\n|-heal|p1a: Zygarde|77\/100 par|[from] item: Leftovers\n|upkeep\n|turn|19\n|\n|t:|1699886204\n|move|p2a: Yveltal|Foul Play|p1a: Zygarde\n|-damage|p1a: Zygarde|62\/100 par\n|cant|p1a: Zygarde|par\n|\n|-heal|p1a: Zygarde|68\/100 par|[from] item: Leftovers\n|upkeep\n|turn|20\n|inactive|C0ld as Ice has 120 seconds left.\n|\n|t:|1699886236\n|move|p2a: Yveltal|Foul Play|p1a: Zygarde\n|-damage|p1a: Zygarde|54\/100 par\n|move|p1a: Zygarde|Coil|p1a: Zygarde\n|-boost|p1a: Zygarde|atk|1\n|-boost|p1a: Zygarde|def|1\n|-boost|p1a: Zygarde|accuracy|1\n|\n|-heal|p1a: Zygarde|60\/100 par|[from] item: Leftovers\n|upkeep\n|turn|21\n|\n|t:|1699886243\n|move|p2a: Yveltal|U-turn|p1a: Zygarde\n|-damage|p1a: Zygarde|55\/100 par\n|\n|t:|1699886250\n|switch|p2a: Zygarde|Zygarde|100\/100|[from] U-turn\n|move|p1a: Zygarde|Thousand Arrows|p2a: Zygarde\n|-damage|p2a: Zygarde|78\/100\n|\n|-heal|p2a: Zygarde|84\/100|[from] item: Leftovers\n|-heal|p1a: Zygarde|61\/100 par|[from] item: Leftovers\n|upkeep\n|turn|22\n|\n|t:|1699886260\n|move|p2a: Zygarde|Haze|p2a: Zygarde\n|-clearallboost\n|move|p1a: Zygarde|Glare|p2a: Zygarde\n|-status|p2a: Zygarde|par\n|\n|-heal|p2a: Zygarde|90\/100 par|[from] item: Leftovers\n|-heal|p1a: Zygarde|67\/100 par|[from] item: Leftovers\n|upkeep\n|turn|23\n|inactive|C0ld as Ice has 120 seconds left.\n|\n|t:|1699886287\n|switch|p1a: Salamence|Salamence-Mega, F|17\/100\n|cant|p2a: Zygarde|par\n|\n|-heal|p2a: Zygarde|96\/100 par|[from] item: Leftovers\n|upkeep\n|turn|24\n|inactive|C0ld as Ice has 120 seconds left.\n|\n|t:|1699886293\n|move|p1a: Salamence|Roost|p1a: Salamence\n|-heal|p1a: Salamence|67\/100\n|-singleturn|p1a: Salamence|move: Roost\n|cant|p2a: Zygarde|par\n|\n|-heal|p2a: Zygarde|100\/100 par|[from] item: Leftovers\n|upkeep\n|turn|25\n|inactive|C0ld as Ice has 120 seconds left.\n|\n|t:|1699886303\n|move|p1a: Salamence|Roost|p1a: Salamence\n|-heal|p1a: Salamence|100\/100\n|-singleturn|p1a: Salamence|move: Roost\n|move|p2a: Zygarde|Glare|p1a: Salamence\n|-status|p1a: Salamence|par\n|\n|upkeep\n|turn|26\n|\n|t:|1699886310\n|switch|p2a: Necrozma|Necrozma-Dusk-Mane, shiny|100\/100\n|move|p1a: Salamence|Dragon Dance|p1a: Salamence\n|-boost|p1a: Salamence|atk|1\n|-boost|p1a: Salamence|spe|1\n|\n|upkeep\n|turn|27\n|\n|t:|1699886314\n|switch|p1a: Necrozma|Necrozma-Dusk-Mane|75\/100\n|move|p2a: Necrozma|Dragon Dance|p2a: Necrozma\n|-boost|p2a: Necrozma|atk|1\n|-boost|p2a: Necrozma|spe|1\n|\n|-heal|p1a: Necrozma|81\/100|[from] item: Leftovers\n|upkeep\n|turn|28\n|\n|t:|1699886322\n|switch|p2a: Groudon|Groudon-Primal, L99, shiny|100\/100\n|-weather|DesolateLand|[from] ability: Desolate Land|[of] p2a: Groudon\n|move|p1a: Necrozma|Thunder Wave|p2a: Groudon\n|-immune|p2a: Groudon\n|\n|-weather|DesolateLand|[upkeep]\n|-heal|p1a: Necrozma|87\/100|[from] item: Leftovers\n|upkeep\n|turn|29\n|\n|t:|1699886327\n|switch|p1a: Salamence|Salamence-Mega, F|100\/100 par\n|move|p2a: Groudon|Stealth Rock|p1a: Salamence\n|-sidestart|p1: DriftedEx|move: Stealth Rock\n|\n|-weather|DesolateLand|[upkeep]\n|upkeep\n|turn|30\n|\n|t:|1699886341\n|-weather|none\n|switch|p2a: Necrozma|Necrozma-Dusk-Mane, shiny|100\/100\n|move|p1a: Salamence|Facade|p2a: Necrozma\n|-resisted|p2a: Necrozma\n|-crit|p2a: Necrozma\n|-damage|p2a: Necrozma|50\/100\n|\n|upkeep\n|turn|31\n|\n|t:|1699886351\n|move|p2a: Necrozma|Moonlight|p2a: Necrozma\n|-heal|p2a: Necrozma|99\/100\n|cant|p1a: Salamence|par\n|\n|upkeep\n|turn|32\n|\n|t:|1699886354\n|move|p2a: Necrozma|Dragon Dance|p2a: Necrozma\n|-boost|p2a: Necrozma|atk|1\n|-boost|p2a: Necrozma|spe|1\n|move|p1a: Salamence|Dragon Dance|p1a: Salamence\n|-boost|p1a: Salamence|atk|1\n|-boost|p1a: Salamence|spe|1\n|\n|upkeep\n|turn|33\n|\n|t:|1699886359\n|move|p2a: Necrozma|Sunsteel Strike|p1a: Salamence\n|-damage|p1a: Salamence|33\/100 par\n|cant|p1a: Salamence|par\n|\n|upkeep\n|turn|34\n|\n|t:|1699886364\n|switch|p1a: Zygarde|Zygarde-Complete|67\/100 par\n|-damage|p1a: Zygarde|61\/100 par|[from] Stealth Rock\n|move|p2a: Necrozma|Sunsteel Strike|p1a: Zygarde\n|-damage|p1a: Zygarde|36\/100 par\n|\n|-heal|p1a: Zygarde|42\/100 par|[from] item: Leftovers\n|upkeep\n|turn|35\n|\n|t:|1699886369\n|-zpower|p2a: Necrozma\n|move|p2a: Necrozma|Searing Sunraze Smash|p1a: Zygarde|[zeffect]\n|-damage|p1a: Zygarde|0 fnt\n|faint|p1a: Zygarde\n|\n|upkeep\n|\n|t:|1699886373\n|switch|p1a: Groudon|Groudon|100\/100\n|-damage|p1a: Groudon|94\/100|[from] Stealth Rock\n|detailschange|p1a: Groudon|Groudon-Primal\n|-primal|p1a: Groudon|Red Orb\n|-weather|DesolateLand|[from] ability: Desolate Land|[of] p1a: Groudon\n|turn|36\n|\n|t:|1699886379\n|switch|p2a: Zygarde|Zygarde|100\/100 par\n|move|p1a: Groudon|Swords Dance|p1a: Groudon\n|-boost|p1a: Groudon|atk|2\n|\n|-weather|DesolateLand|[upkeep]\n|upkeep\n|turn|37\n|\n|t:|1699886382\n|move|p1a: Groudon|Precipice Blades|p2a: Zygarde\n|-damage|p2a: Zygarde|5\/100 par\n|cant|p2a: Zygarde|par\n|\n|-weather|DesolateLand|[upkeep]\n|-heal|p2a: Zygarde|12\/100 par|[from] item: Leftovers\n|-activate|p2a: Zygarde|ability: Power Construct\n|detailschange|p2a: Zygarde|Zygarde-Complete\n|-heal|p2a: Zygarde|42\/100 par|[silent]\n|upkeep\n|turn|38\n|\n|t:|1699886397\n|move|p1a: Groudon|Rock Polish|p1a: Groudon\n|-boost|p1a: Groudon|spe|2\n|move|p2a: Zygarde|Glare|p1a: Groudon\n|-status|p1a: Groudon|par\n|\n|-weather|DesolateLand|[upkeep]\n|-heal|p2a: Zygarde|49\/100 par|[from] item: Leftovers\n|upkeep\n|turn|39\n|\n|t:|1699886405\n|move|p1a: Groudon|Rock Polish|p1a: Groudon\n|-boost|p1a: Groudon|spe|2\n|move|p2a: Zygarde|Haze|p2a: Zygarde\n|-clearallboost\n|\n|-weather|DesolateLand|[upkeep]\n|-heal|p2a: Zygarde|55\/100 par|[from] item: Leftovers\n|upkeep\n|turn|40\n|\n|t:|1699886411\n|move|p1a: Groudon|Swords Dance|p1a: Groudon\n|-boost|p1a: Groudon|atk|2\n|cant|p2a: Zygarde|par\n|\n|-weather|DesolateLand|[upkeep]\n|-heal|p2a: Zygarde|61\/100 par|[from] item: Leftovers\n|upkeep\n|turn|41\n|\n|t:|1699886418\n|cant|p1a: Groudon|par\n|move|p2a: Zygarde|Thousand Arrows|p1a: Groudon\n|-supereffective|p1a: Groudon\n|-damage|p1a: Groudon|54\/100 par\n|\n|-weather|DesolateLand|[upkeep]\n|-heal|p2a: Zygarde|67\/100 par|[from] item: Leftovers\n|upkeep\n|turn|42\n|\n|t:|1699886427\n|move|p1a: Groudon|Rock Polish|p1a: Groudon\n|-boost|p1a: Groudon|spe|2\n|move|p2a: Zygarde|Haze|p2a: Zygarde\n|-clearallboost\n|\n|-weather|DesolateLand|[upkeep]\n|-heal|p2a: Zygarde|74\/100 par|[from] item: Leftovers\n|upkeep\n|turn|43\n|\n|t:|1699886431\n|move|p1a: Groudon|Precipice Blades|p2a: Zygarde\n|-damage|p2a: Zygarde|41\/100 par\n|cant|p2a: Zygarde|par\n|\n|-weather|DesolateLand|[upkeep]\n|-heal|p2a: Zygarde|47\/100 par|[from] item: Leftovers\n|upkeep\n|turn|44\n|\n|t:|1699886453\n|cant|p1a: Groudon|par\n|cant|p2a: Zygarde|par\n|\n|-weather|DesolateLand|[upkeep]\n|-heal|p2a: Zygarde|53\/100 par|[from] item: Leftovers\n|upkeep\n|turn|45\n|\n|t:|1699886457\n|move|p1a: Groudon|Swords Dance|p1a: Groudon\n|-boost|p1a: Groudon|atk|2\n|move|p2a: Zygarde|Thousand Arrows|p1a: Groudon\n|-supereffective|p1a: Groudon\n|-damage|p1a: Groudon|15\/100 par\n|\n|-weather|DesolateLand|[upkeep]\n|-heal|p2a: Zygarde|59\/100 par|[from] item: Leftovers\n|upkeep\n|turn|46\n|\n|t:|1699886486\n|move|p1a: Groudon|Heat Crash|p2a: Zygarde\n|-resisted|p2a: Zygarde\n|-damage|p2a: Zygarde|44\/100 par\n|cant|p2a: Zygarde|par\n|\n|-weather|DesolateLand|[upkeep]\n|-heal|p2a: Zygarde|50\/100 par|[from] item: Leftovers\n|upkeep\n|turn|47\n|inactive|C0ld as Ice has 120 seconds left.\n|\n|t:|1699886502\n|switch|p2a: Necrozma|Necrozma-Dusk-Mane, shiny|99\/100\n|move|p1a: Groudon|Precipice Blades|p2a: Necrozma\n|-supereffective|p2a: Necrozma\n|-damage|p2a: Necrozma|0 fnt\n|faint|p2a: Necrozma\n|\n|-weather|DesolateLand|[upkeep]\n|upkeep\n|\n|t:|1699886506\n|switch|p2a: Marshadow|Marshadow, tera:Ghost|100\/100\n|turn|48\n|\n|t:|1699886510\n|move|p2a: Marshadow|Poltergeist|p1a: Groudon\n|-activate|p1a: Groudon|move: Poltergeist|Red Orb\n|-damage|p1a: Groudon|0 fnt\n|faint|p1a: Groudon\n|-weather|none\n|\n|upkeep\n|\n|t:|1699886514\n|switch|p1a: Ho-Oh|Ho-Oh|100\/100 par\n|turn|49\n|\n|t:|1699886519\n|move|p2a: Marshadow|Poltergeist|p1a: Ho-Oh\n|-activate|p1a: Ho-Oh|move: Poltergeist|Heavy-Duty Boots\n|-damage|p1a: Ho-Oh|24\/100 par\n|cant|p1a: Ho-Oh|par\n|\n|upkeep\n|turn|50\n|\n|t:|1699886526\n|move|p2a: Marshadow|Poltergeist|p1a: Ho-Oh\n|-activate|p1a: Ho-Oh|move: Poltergeist|Heavy-Duty Boots\n|-damage|p1a: Ho-Oh|0 fnt\n|faint|p1a: Ho-Oh\n|\n|upkeep\n|\n|t:|1699886528\n|switch|p1a: Necrozma|Necrozma-Dusk-Mane|87\/100\n|-damage|p1a: Necrozma|81\/100|[from] Stealth Rock\n|turn|51\n|\n|t:|1699886537\n|move|p2a: Marshadow|Poltergeist|p1a: Necrozma\n|-activate|p1a: Necrozma|move: Poltergeist|Leftovers\n|-supereffective|p1a: Necrozma\n|-damage|p1a: Necrozma|0 fnt\n|faint|p1a: Necrozma\n|\n|upkeep\n|-message|DriftedEx forfeited.\n|\n|win|C0ld as Ice\n|raw|DriftedEx's rating: 1649 &rarr; <strong>1641<\/strong><br \/>(-8 for losing)\n|raw|C0ld as Ice's rating: 1877 &rarr; <strong>1885<\/strong><br \/>(+8 for winning)\n|l|\u2606DriftedEx\n","uploadtime":1699886642,"views":5,"p1id":"driftedex","p2id":"c0ldasice","formatid":"gen9nationaldexubers","rating":1641,"private":0,"password":""}