{"id":"gen9nationaldexubers-1991990497","p1":"ChefSkully","p2":"hattorivt","format":"[Gen 9] National Dex Ubers","log":"|j|\u2606ChefSkully\n|j|\u2606hattorivt\n|t:|1700145670\n|gametype|singles\n|player|p1|ChefSkully|psychic-lgpe|\n|player|p2|hattorivt|marnie-masters|\n|teamsize|p1|6\n|teamsize|p2|6\n|gen|9\n|tier|[Gen 9] National Dex Ubers\n|rule|HP Percentage Mod: HP is shown in percentages\n|rule|Endless Battle Clause: Forcing endless battles is banned\n|rule|OHKO Clause: OHKO moves are banned\n|rule|Evasion Moves Clause: Evasion moves are banned\n|rule|Evasion Items Clause: Evasion items are banned\n|rule|Species Clause: Limit one of each Pok\u00e9mon\n|rule|Sleep Clause Mod: Limit one foe put to sleep\n|rule|Mega Rayquaza Clause: You cannot mega evolve Rayquaza\n|clearpoke\n|poke|p1|Blissey, F|\n|poke|p1|Thundurus, M|\n|poke|p1|Keldeo-Resolute|\n|poke|p1|Greninja-*, M|\n|poke|p1|Carracosta, M|\n|poke|p1|Eelektross, F|\n|poke|p2|Iron Moth|\n|poke|p2|Mawile, M|\n|poke|p2|Regidrago|\n|poke|p2|Forretress, M|\n|poke|p2|Baxcalibur, F|\n|poke|p2|Hawlucha, F|\n|teampreview\n|inactive|Battle timer is ON: inactive players will automatically lose when time's up. (requested by hattorivt)\n|c|\u2606ChefSkully|gl hf\n|\n|t:|1700145680\n|start\n|switch|p1a: Blissey|Blissey, F|100\/100\n|switch|p2a: Forretress|Forretress, M|100\/100\n|turn|1\n|c|\u2606hattorivt|u too\n|\n|t:|1700145688\n|move|p1a: Blissey|Thunder Wave|p2a: Forretress\n|-status|p2a: Forretress|par\n|move|p2a: Forretress|Heavy Slam|p1a: Blissey\n|-damage|p1a: Blissey|85\/100\n|\n|upkeep\n|turn|2\n|\n|t:|1700145693\n|move|p1a: Blissey|Stealth Rock|p2a: Forretress\n|-sidestart|p2: hattorivt|move: Stealth Rock\n|move|p2a: Forretress|Rapid Spin|p1a: Blissey\n|-damage|p1a: Blissey|76\/100\n|-boost|p2a: Forretress|spe|1\n|-sideend|p2: hattorivt|Stealth Rock|[from] move: Rapid Spin|[of] p2a: Forretress\n|\n|upkeep\n|turn|3\n|\n|t:|1700145700\n|switch|p1a: Keldeo|Keldeo-Resolute|100\/100\n|cant|p2a: Forretress|par\n|\n|upkeep\n|turn|4\n|\n|t:|1700145708\n|move|p1a: Keldeo|Calm Mind|p1a: Keldeo\n|-boost|p1a: Keldeo|spa|1\n|-boost|p1a: Keldeo|spd|1\n|cant|p2a: Forretress|par\n|\n|upkeep\n|turn|5\n|\n|t:|1700145711\n|move|p1a: Keldeo|Substitute|p1a: Keldeo\n|-start|p1a: Keldeo|Substitute\n|-damage|p1a: Keldeo|76\/100\n|move|p2a: Forretress|Volt Switch|p1a: Keldeo\n|-supereffective|p1a: Keldeo\n|-activate|p1a: Keldeo|move: Substitute|[damage]\n|c|\u2606hattorivt|i lost bro gg\n|inactive|hattorivt has 270 seconds left.\n|c|\u2606ChefSkully|:lowpolyzubat:\n|c|\u2606ChefSkully|fr?\n|c|\u2606ChefSkully|how busy r u\n|\n|t:|1700145770\n|switch|p2a: Iron Moth|Iron Moth|100\/100|[from] Volt Switch\n|-enditem|p2a: Iron Moth|Booster Energy\n|-activate|p2a: Iron Moth|ability: Quark Drive|[fromitem]\n|-start|p2a: Iron Moth|quarkdrivespe\n|\n|-heal|p1a: Keldeo|82\/100|[from] item: Leftovers\n|upkeep\n|turn|6\n|\n|t:|1700145777\n|-terastallize|p2a: Iron Moth|Fairy\n|move|p2a: Iron Moth|Dazzling Gleam|p1a: Keldeo\n|-supereffective|p1a: Keldeo\n|-end|p1a: Keldeo|Substitute\n|move|p1a: Keldeo|Scald|p2a: Iron Moth\n|-damage|p2a: Iron Moth|49\/100\n|-status|p2a: Iron Moth|brn\n|\n|-heal|p1a: Keldeo|88\/100|[from] item: Leftovers\n|-damage|p2a: Iron Moth|43\/100 brn|[from] brn\n|upkeep\n|turn|7\n|\n|t:|1700145797\n|move|p2a: Iron Moth|Dazzling Gleam|p1a: Keldeo\n|-supereffective|p1a: Keldeo\n|-damage|p1a: Keldeo|31\/100\n|move|p1a: Keldeo|Scald|p2a: Iron Moth\n|-damage|p2a: Iron Moth|0 fnt\n|faint|p2a: Iron Moth\n|-end|p2a: Iron Moth|Quark Drive|[silent]\n|\n|-heal|p1a: Keldeo|37\/100|[from] item: Leftovers\n|upkeep\n|\n|t:|1700145803\n|switch|p2a: Regidrago|Regidrago|100\/100\n|turn|8\n|\n|t:|1700145810\n|move|p2a: Regidrago|Dragon Energy|p1a: Keldeo\n|-damage|p1a: Keldeo|0 fnt\n|faint|p1a: Keldeo\n|\n|upkeep\n|\n|t:|1700145818\n|switch|p1a: Greninja|Greninja, M|100\/100\n|turn|9\n|\n|t:|1700145825\n|switch|p2a: Forretress|Forretress, M|100\/100 par\n|-terastallize|p1a: Greninja|Fairy\n|move|p1a: Greninja|Substitute|p1a: Greninja\n|-start|p1a: Greninja|Substitute\n|-damage|p1a: Greninja|76\/100\n|\n|upkeep\n|turn|10\n|\n|t:|1700145831\n|move|p1a: Greninja|Surf|p2a: Forretress\n|-damage|p2a: Forretress|36\/100 par\n|-damage|p1a: Greninja|66\/100|[from] item: Life Orb\n|move|p2a: Forretress|Heavy Slam|p1a: Greninja\n|-supereffective|p1a: Greninja\n|-end|p1a: Greninja|Substitute\n|\n|-heal|p2a: Forretress|42\/100 par|[from] item: Leftovers\n|upkeep\n|turn|11\n|\n|t:|1700145834\n|move|p1a: Greninja|Substitute|p1a: Greninja\n|-start|p1a: Greninja|Substitute\n|-damage|p1a: Greninja|41\/100\n|move|p2a: Forretress|Volt Switch|p1a: Greninja\n|-activate|p1a: Greninja|move: Substitute|[damage]\n|\n|t:|1700145839\n|switch|p2a: Baxcalibur|Baxcalibur, F|100\/100|[from] Volt Switch\n|\n|upkeep\n|turn|12\n|\n|t:|1700145843\n|move|p1a: Greninja|Tera Blast|p2a: Baxcalibur|[anim] Tera Blast Fairy\n|-supereffective|p2a: Baxcalibur\n|-damage|p2a: Baxcalibur|18\/100\n|-damage|p1a: Greninja|31\/100|[from] item: Life Orb\n|move|p2a: Baxcalibur|Icicle Spear|p1a: Greninja\n|-end|p1a: Greninja|Substitute\n|-damage|p1a: Greninja|4\/100\n|-damage|p1a: Greninja|0 fnt\n|faint|p1a: Greninja\n|-hitcount|p1: Greninja|3\n|\n|upkeep\n|\n|t:|1700145858\n|switch|p1a: Carracosta|Carracosta, M|100\/100\n|turn|13\n|\n|t:|1700145860\n|move|p2a: Baxcalibur|Icicle Spear|p1a: Carracosta\n|-resisted|p1a: Carracosta\n|-damage|p1a: Carracosta|92\/100\n|-resisted|p1a: Carracosta\n|-damage|p1a: Carracosta|82\/100\n|-hitcount|p1a: Carracosta|2\n|move|p1a: Carracosta|Shell Smash|p1a: Carracosta\n|-unboost|p1a: Carracosta|def|1\n|-unboost|p1a: Carracosta|spd|1\n|-boost|p1a: Carracosta|atk|2\n|-boost|p1a: Carracosta|spa|2\n|-boost|p1a: Carracosta|spe|2\n|-enditem|p1a: Carracosta|White Herb\n|-clearnegativeboost|p1a: Carracosta|[silent]\n|\n|upkeep\n|turn|14\n|\n|t:|1700145873\n|switch|p2a: Forretress|Forretress, M|42\/100 par\n|move|p1a: Carracosta|Shell Smash|p1a: Carracosta\n|-unboost|p1a: Carracosta|def|1\n|-unboost|p1a: Carracosta|spd|1\n|-boost|p1a: Carracosta|atk|2\n|-boost|p1a: Carracosta|spa|2\n|-boost|p1a: Carracosta|spe|2\n|\n|-heal|p2a: Forretress|48\/100 par|[from] item: Leftovers\n|upkeep\n|turn|15\n|\n|t:|1700145878\n|move|p1a: Carracosta|Earthquake|p2a: Forretress\n|-damage|p2a: Forretress|6\/100 par\n|move|p2a: Forretress|Volt Switch|p1a: Carracosta\n|-supereffective|p1a: Carracosta\n|-damage|p1a: Carracosta|41\/100\n|\n|t:|1700145883\n|switch|p2a: Mawile|Mawile, M|100\/100|[from] Volt Switch\n|-ability|p2a: Mawile|Intimidate|boost\n|-unboost|p1a: Carracosta|atk|1\n|\n|upkeep\n|turn|16\n|\n|t:|1700145886\n|detailschange|p2a: Mawile|Mawile-Mega, M\n|-mega|p2a: Mawile|Mawile|Mawilite\n|move|p2a: Mawile|Sucker Punch|p1a: Carracosta\n|-damage|p1a: Carracosta|0 fnt\n|faint|p1a: Carracosta\n|\n|upkeep\n|\n|t:|1700145892\n|switch|p1a: Blissey|Blissey, F|76\/100\n|turn|17\n|\n|t:|1700145902\n|move|p1a: Blissey|Thunder Wave|p2a: Mawile\n|-status|p2a: Mawile|par\n|move|p2a: Mawile|Play Rough|p1a: Blissey\n|-damage|p1a: Blissey|5\/100\n|\n|upkeep\n|turn|18\n|\n|t:|1700145909\n|move|p1a: Blissey|Stealth Rock|p2a: Mawile\n|-sidestart|p2: hattorivt|move: Stealth Rock\n|move|p2a: Mawile|Knock Off|p1a: Blissey\n|-damage|p1a: Blissey|0 fnt\n|-enditem|p1a: Blissey|Chople Berry|[from] move: Knock Off|[of] p2a: Mawile\n|faint|p1a: Blissey\n|\n|upkeep\n|\n|t:|1700145916\n|switch|p1a: Eelektross|Eelektross, F|100\/100\n|turn|19\n|\n|t:|1700145919\n|move|p1a: Eelektross|Coil|p1a: Eelektross\n|-boost|p1a: Eelektross|atk|1\n|-boost|p1a: Eelektross|def|1\n|-boost|p1a: Eelektross|accuracy|1\n|move|p2a: Mawile|Play Rough|p1a: Eelektross\n|-damage|p1a: Eelektross|35\/100\n|\n|-heal|p1a: Eelektross|41\/100|[from] item: Leftovers\n|upkeep\n|turn|20\n|\n|t:|1700145927\n|move|p1a: Eelektross|Drain Punch|p2a: Mawile\n|-damage|p2a: Mawile|56\/100 par\n|-heal|p1a: Eelektross|57\/100|[from] drain|[of] p2a: Mawile\n|move|p2a: Mawile|Play Rough|p1a: Eelektross|[miss]\n|-miss|p2a: Mawile|p1a: Eelektross\n|\n|-heal|p1a: Eelektross|63\/100|[from] item: Leftovers\n|upkeep\n|turn|21\n|\n|t:|1700145936\n|move|p1a: Eelektross|Fire Punch|p2a: Mawile\n|-supereffective|p2a: Mawile\n|-damage|p2a: Mawile|0 fnt\n|faint|p2a: Mawile\n|\n|-heal|p1a: Eelektross|69\/100|[from] item: Leftovers\n|upkeep\n|\n|t:|1700145944\n|switch|p2a: Regidrago|Regidrago|100\/100\n|-damage|p2a: Regidrago|88\/100|[from] Stealth Rock\n|turn|22\n|\n|t:|1700145949\n|move|p2a: Regidrago|Dragon Energy|p1a: Eelektross\n|-damage|p1a: Eelektross|0 fnt\n|faint|p1a: Eelektross\n|\n|upkeep\n|\n|t:|1700145951\n|switch|p1a: Thundurus|Thundurus, M|100\/100\n|turn|23\n|\n|t:|1700145955\n|move|p1a: Thundurus|Thunder Wave|p2a: Regidrago\n|-status|p2a: Regidrago|par\n|cant|p2a: Regidrago|par\n|\n|upkeep\n|turn|24\n|c|\u2606ChefSkully|ggwp\n|\n|t:|1700145958\n|move|p1a: Thundurus|Thunder|p2a: Regidrago\n|-resisted|p2a: Regidrago\n|-damage|p2a: Regidrago|65\/100 par\n|move|p2a: Regidrago|Dragon Energy|p1a: Thundurus\n|-damage|p1a: Thundurus|26\/100\n|\n|upkeep\n|turn|25\n|\n|t:|1700145962\n|move|p1a: Thundurus|Thunder|p2a: Regidrago|[miss]\n|-miss|p1a: Thundurus|p2a: Regidrago\n|move|p2a: Regidrago|Dragon Energy|p1a: Thundurus\n|-damage|p1a: Thundurus|0 fnt\n|faint|p1a: Thundurus\n|\n|win|hattorivt\n|c|\u2606hattorivt|gg\n","uploadtime":1700145970,"views":21,"p1id":"chefskully","p2id":"hattorivt","formatid":"gen9nationaldexubers","rating":0,"private":0,"password":""}