{"id":"gen9nationaldexubers-1983039547","p1":"Finalcrew15","p2":"ANinjaDude","format":"[Gen 9] National Dex Ubers","log":"|j|\u2606Finalcrew15\n|j|\u2606ANinjaDude\n|t:|1699073837\n|gametype|singles\n|player|p1|Finalcrew15|infielder|\n|player|p2|ANinjaDude|volkner|\n|teamsize|p1|6\n|teamsize|p2|6\n|gen|9\n|tier|[Gen 9] National Dex Ubers\n|rule|HP Percentage Mod: HP is shown in percentages\n|rule|Endless Battle Clause: Forcing endless battles is banned\n|rule|OHKO Clause: OHKO moves are banned\n|rule|Evasion Moves Clause: Evasion moves are banned\n|rule|Evasion Items Clause: Evasion items are banned\n|rule|Species Clause: Limit one of each Pok\u00e9mon\n|rule|Sleep Clause Mod: Limit one foe put to sleep\n|rule|Mega Rayquaza Clause: You cannot mega evolve Rayquaza\n|clearpoke\n|poke|p1|Roaring Moon|\n|poke|p1|Iron Valiant|\n|poke|p1|Tapu Koko|\n|poke|p1|Charizard, M|\n|poke|p1|Volcarona, M|\n|poke|p1|Grimmsnarl, M|\n|poke|p2|Landorus-Therian, M|\n|poke|p2|Celesteela|\n|poke|p2|Thundurus-Therian, M|\n|poke|p2|Dragonite, F|\n|poke|p2|Shaymin-Sky|\n|poke|p2|Lopunny, M|\n|teampreview\n|inactive|Battle timer is ON: inactive players will automatically lose when time's up. (requested by ANinjaDude)\n|c|\u2606ANinjaDude|glhf\n|\n|t:|1699073846\n|start\n|switch|p1a: Grimmsnarl|Grimmsnarl, M|100\/100\n|switch|p2a: Landorus|Landorus-Therian, M|100\/100\n|-ability|p2a: Landorus|Intimidate|boost\n|-unboost|p1a: Grimmsnarl|atk|1\n|turn|1\n|c|\u2606ANinjaDude|screens i see\n|\n|t:|1699073855\n|move|p1a: Grimmsnarl|Reflect|p1a: Grimmsnarl\n|-sidestart|p1: Finalcrew15|Reflect\n|move|p2a: Landorus|Knock Off|p1a: Grimmsnarl\n|-resisted|p1a: Grimmsnarl\n|-damage|p1a: Grimmsnarl|94\/100\n|-enditem|p1a: Grimmsnarl|Light Clay|[from] move: Knock Off|[of] p2a: Landorus\n|\n|upkeep\n|turn|2\n|\n|t:|1699073859\n|move|p1a: Grimmsnarl|Light Screen|p1a: Grimmsnarl\n|-sidestart|p1: Finalcrew15|move: Light Screen\n|move|p2a: Landorus|Stealth Rock|p1a: Grimmsnarl\n|-sidestart|p1: Finalcrew15|move: Stealth Rock\n|\n|upkeep\n|turn|3\n|\n|t:|1699073862\n|move|p2a: Landorus|Earthquake|p1a: Grimmsnarl\n|-damage|p1a: Grimmsnarl|62\/100\n|move|p1a: Grimmsnarl|Spirit Break|p2a: Landorus\n|-damage|p2a: Landorus|66\/100\n|-unboost|p2a: Landorus|spa|1\n|\n|upkeep\n|turn|4\n|\n|t:|1699073877\n|move|p2a: Landorus|Explosion|p1a: Grimmsnarl\n|-damage|p1a: Grimmsnarl|8\/100\n|faint|p2a: Landorus\n|move|p1a: Grimmsnarl|Spirit Break|p2: Landorus|[notarget]\n|-fail|p1a: Grimmsnarl\n|\n|upkeep\n|\n|t:|1699073883\n|switch|p2a: Lopunny|Lopunny, M|100\/100\n|turn|5\n|\n|t:|1699073892\n|switch|p1a: Tapu Koko|Tapu Koko|100\/100\n|-damage|p1a: Tapu Koko|88\/100|[from] Stealth Rock\n|-fieldstart|move: Electric Terrain|[from] ability: Electric Surge|[of] p1a: Tapu Koko\n|detailschange|p2a: Lopunny|Lopunny-Mega, M\n|-mega|p2a: Lopunny|Lopunny|Lopunnite\n|move|p2a: Lopunny|Fake Out|p1a: Tapu Koko\n|-damage|p1a: Tapu Koko|73\/100\n|\n|upkeep\n|turn|6\n|\n|t:|1699073902\n|move|p2a: Lopunny|Return|p1a: Tapu Koko\n|-damage|p1a: Tapu Koko|35\/100\n|move|p1a: Tapu Koko|Brave Bird|p2a: Lopunny\n|-supereffective|p2a: Lopunny\n|-damage|p2a: Lopunny|0 fnt\n|faint|p2a: Lopunny\n|-damage|p1a: Tapu Koko|3\/100|[from] Recoil\n|\n|-sideend|p1: Finalcrew15|move: Light Screen\n|upkeep\n|\n|t:|1699073910\n|switch|p2a: Shaymin|Shaymin-Sky|100\/100\n|turn|7\n|\n|t:|1699073915\n|move|p2a: Shaymin|Air Slash|p1a: Tapu Koko\n|-resisted|p1a: Tapu Koko\n|-damage|p1a: Tapu Koko|0 fnt\n|faint|p1a: Tapu Koko\n|\n|upkeep\n|\n|t:|1699073925\n|switch|p1a: Charizard|Charizard, M|100\/100\n|-damage|p1a: Charizard|51\/100|[from] Stealth Rock\n|turn|8\n|\n|t:|1699073942\n|detailschange|p1a: Charizard|Charizard-Mega-Y, M\n|-mega|p1a: Charizard|Charizard|Charizardite Y\n|-weather|SunnyDay|[from] ability: Drought|[of] p1a: Charizard\n|-terastallize|p2a: Shaymin|Flying\n|move|p2a: Shaymin|Air Slash|p1a: Charizard\n|-crit|p1a: Charizard\n|-damage|p1a: Charizard|0 fnt\n|faint|p1a: Charizard\n|\n|-weather|SunnyDay|[upkeep]\n|-sideend|p1: Finalcrew15|Reflect\n|upkeep\n|\n|t:|1699073960\n|switch|p1a: Volcarona|Volcarona, M|100\/100\n|turn|9\n|inactive|Finalcrew15 has 270 seconds left.\n|\n|t:|1699073980\n|move|p2a: Shaymin|Air Slash|p1a: Volcarona\n|-supereffective|p1a: Volcarona\n|-damage|p1a: Volcarona|1\/100\n|move|p1a: Volcarona|Fiery Dance|p2a: Shaymin\n|-damage|p2a: Shaymin|6\/100\n|\n|-weather|SunnyDay|[upkeep]\n|upkeep\n|turn|10\n|inactive|Finalcrew15 has 270 seconds left.\n|\n|t:|1699074002\n|move|p2a: Shaymin|Air Slash|p1a: Volcarona\n|-supereffective|p1a: Volcarona\n|-damage|p1a: Volcarona|0 fnt\n|faint|p1a: Volcarona\n|\n|-weather|SunnyDay|[upkeep]\n|upkeep\n|c|\u2606ANinjaDude|i live\n|inactive|Finalcrew15 has 270 seconds left.\n|\n|t:|1699074011\n|switch|p1a: Iron Valiant|Iron Valiant|100\/100\n|-damage|p1a: Iron Valiant|94\/100|[from] Stealth Rock\n|-activate|p1a: Iron Valiant|ability: Quark Drive\n|-start|p1a: Iron Valiant|quarkdrivespe\n|turn|11\n|\n|t:|1699074017\n|move|p2a: Shaymin|Air Slash|p1a: Iron Valiant\n|-supereffective|p1a: Iron Valiant\n|-damage|p1a: Iron Valiant|0 fnt\n|faint|p1a: Iron Valiant\n|-end|p1a: Iron Valiant|Quark Drive|[silent]\n|\n|-weather|SunnyDay|[upkeep]\n|upkeep\n|\n|t:|1699074021\n|switch|p1a: Grimmsnarl|Grimmsnarl, M|8\/100\n|-damage|p1a: Grimmsnarl|0 fnt|[from] Stealth Rock\n|faint|p1a: Grimmsnarl\n|\n|t:|1699074024\n|switch|p1a: Roaring Moon|Roaring Moon|100\/100\n|-damage|p1a: Roaring Moon|88\/100|[from] Stealth Rock\n|-activate|p1a: Roaring Moon|ability: Protosynthesis\n|-start|p1a: Roaring Moon|protosynthesisatk\n|turn|12\n|\n|t:|1699074033\n|move|p2a: Shaymin|Air Slash|p1a: Roaring Moon\n|-damage|p1a: Roaring Moon|38\/100\n|cant|p1a: Roaring Moon|flinch\n|\n|-weather|none\n|-end|p1a: Roaring Moon|Protosynthesis\n|-fieldend|move: Electric Terrain\n|upkeep\n|-enditem|p1a: Roaring Moon|Booster Energy\n|-activate|p1a: Roaring Moon|ability: Protosynthesis|[fromitem]\n|-start|p1a: Roaring Moon|protosynthesisatk\n|turn|13\n|c|\u2606ANinjaDude|ggs\n|\n|t:|1699074043\n|move|p2a: Shaymin|Air Slash|p1a: Roaring Moon|[miss]\n|-miss|p2a: Shaymin|p1a: Roaring Moon\n|move|p1a: Roaring Moon|Acrobatics|p2a: Shaymin\n|-damage|p2a: Shaymin|0 fnt\n|faint|p2a: Shaymin\n|\n|upkeep\n|c|\u2606ANinjaDude|nvm\n|\n|t:|1699074051\n|switch|p2a: Celesteela|Celesteela|100\/100\n|turn|14\n|\n|t:|1699074064\n|move|p1a: Roaring Moon|Knock Off|p2a: Celesteela\n|-damage|p2a: Celesteela|22\/100\n|-enditem|p2a: Celesteela|Power Herb|[from] move: Knock Off|[of] p1a: Roaring Moon\n|move|p2a: Celesteela|Meteor Beam||[still]\n|-prepare|p2a: Celesteela|Meteor Beam\n|-boost|p2a: Celesteela|spa|1\n|\n|upkeep\n|turn|15\n|\n|t:|1699074072\n|move|p1a: Roaring Moon|Knock Off|p2a: Celesteela\n|-damage|p2a: Celesteela|0 fnt\n|faint|p2a: Celesteela\n|\n|upkeep\n|c|\u2606ANinjaDude|well thats unfortunate\n|\n|t:|1699074075\n|switch|p2a: Dragonite|Dragonite, F|100\/100\n|turn|16\n|\n|t:|1699074082\n|move|p1a: Roaring Moon|Dragon Claw|p2a: Dragonite\n|-supereffective|p2a: Dragonite\n|-damage|p2a: Dragonite|34\/100\n|move|p2a: Dragonite|Earthquake|p1a: Roaring Moon\n|-damage|p1a: Roaring Moon|0 fnt\n|faint|p1a: Roaring Moon\n|-end|p1a: Roaring Moon|Protosynthesis|[silent]\n|\n|win|ANinjaDude\n|c|\u2606ANinjaDude|ggs\n|c|\u2606Finalcrew15|Gg\n|c|\u2606ANinjaDude|skymin is insane\n","uploadtime":1699074094,"views":5,"p1id":"finalcrew15","p2id":"aninjadude","formatid":"gen9nationaldexubers","rating":0,"private":0,"password":""}