{"id":"gen9nationaldexubers-1990990602","p1":"DracoAxel","p2":"Arnaenaed \u223e","format":"[Gen 9] National Dex Ubers","log":"|j|\u2606DracoAxel\n|j|\u2606Arnaenaed \u223e\n|t:|1700024280\n|gametype|singles\n|player|p1|DracoAxel|nate|\n|player|p2|Arnaenaed \u223e|birdkeeper-gen3|\n|teamsize|p1|6\n|teamsize|p2|6\n|gen|9\n|tier|[Gen 9] National Dex Ubers\n|rule|HP Percentage Mod: HP is shown in percentages\n|rule|Endless Battle Clause: Forcing endless battles is banned\n|rule|OHKO Clause: OHKO moves are banned\n|rule|Evasion Moves Clause: Evasion moves are banned\n|rule|Evasion Items Clause: Evasion items are banned\n|rule|Species Clause: Limit one of each Pok\u00e9mon\n|rule|Sleep Clause Mod: Limit one foe put to sleep\n|rule|Mega Rayquaza Clause: You cannot mega evolve Rayquaza\n|clearpoke\n|poke|p1|Urshifu-*, F|\n|poke|p1|Xurkitree|\n|poke|p1|Palafin, F|\n|poke|p1|Pinsir, F|\n|poke|p1|Garchomp, M|\n|poke|p1|Blacephalon|\n|poke|p2|Dracovish|\n|poke|p2|Basculegion, M|\n|poke|p2|Pelipper, F|\n|poke|p2|Greninja-*, M|\n|poke|p2|Metagross|\n|poke|p2|Amoonguss, M|\n|teampreview\n|\n|t:|1700024292\n|start\n|switch|p1a: Pinsir|Pinsir, F|100\/100\n|switch|p2a: Pelipper|Pelipper, F|100\/100\n|-weather|RainDance|[from] ability: Drizzle|[of] p2a: Pelipper\n|turn|1\n|\n|t:|1700024297\n|detailschange|p1a: Pinsir|Pinsir-Mega, F\n|-mega|p1a: Pinsir|Pinsir|Pinsirite\n|move|p1a: Pinsir|Swords Dance|p1a: Pinsir\n|-boost|p1a: Pinsir|atk|2\n|move|p2a: Pelipper|Hurricane|p1a: Pinsir\n|-supereffective|p1a: Pinsir\n|-damage|p1a: Pinsir|23\/100\n|\n|-weather|RainDance|[upkeep]\n|upkeep\n|turn|2\n|\n|t:|1700024311\n|move|p1a: Pinsir|Quick Attack|p2a: Pelipper\n|-damage|p2a: Pelipper|51\/100\n|move|p2a: Pelipper|U-turn|p1a: Pinsir\n|-resisted|p1a: Pinsir\n|-damage|p1a: Pinsir|18\/100\n|\n|t:|1700024315\n|switch|p2a: Greninja|Greninja, M|100\/100|[from] U-turn\n|\n|-weather|RainDance|[upkeep]\n|upkeep\n|turn|3\n|\n|t:|1700024320\n|move|p2a: Greninja|Water Shuriken|p1a: Pinsir\n|-damage|p1a: Pinsir|3\/100\n|-damage|p1a: Pinsir|0 fnt\n|faint|p1a: Pinsir\n|-ability|p2a: Greninja|Battle Bond|boost\n|-boost|p2a: Greninja|atk|1\n|-boost|p2a: Greninja|spa|1\n|-boost|p2a: Greninja|spe|1\n|-activate|p2a: Greninja|ability: Battle Bond\n|-hitcount|p1: Pinsir|2\n|-damage|p2a: Greninja|91\/100|[from] item: Life Orb\n|\n|-weather|RainDance|[upkeep]\n|upkeep\n|c|\u2606DracoAxel|Pregunta c\u00f3mo water shuriken atac\u00f3 primero que quick atak\n|\n|t:|1700024350\n|switch|p1a: Xurkitree|Xurkitree|100\/100\n|turn|4\n|c|\u2606Arnaenaed \u223e|water shuriken\n|c|\u2606Arnaenaed \u223e|tiene prioridad\n|c|\u2606Arnaenaed \u223e|tambien\n|c|\u2606Arnaenaed \u223e|como quick attack\n|\n|t:|1700024369\n|-terastallize|p2a: Greninja|Water\n|move|p2a: Greninja|Water Shuriken|p1a: Xurkitree\n|-damage|p1a: Xurkitree|64\/100\n|-damage|p1a: Xurkitree|27\/100\n|-hitcount|p1a: Xurkitree|2\n|-damage|p2a: Greninja|81\/100|[from] item: Life Orb\n|move|p1a: Xurkitree|Thunderbolt|p2a: Greninja\n|-supereffective|p2a: Greninja\n|-damage|p2a: Greninja|0 fnt\n|faint|p2a: Greninja\n|-ability|p1a: Xurkitree|Beast Boost|boost\n|-boost|p1a: Xurkitree|spa|1\n|\n|-weather|RainDance|[upkeep]\n|upkeep\n|\n|t:|1700024377\n|switch|p2a: Basculegion|Basculegion, M|100\/100\n|turn|5\n|\n|t:|1700024391\n|move|p2a: Basculegion|Wave Crash|p1a: Xurkitree\n|-damage|p1a: Xurkitree|0 fnt\n|faint|p1a: Xurkitree\n|-damage|p2a: Basculegion|93\/100|[from] Recoil\n|\n|-weather|RainDance|[upkeep]\n|upkeep\n|\n|t:|1700024400\n|switch|p1a: Palafin|Palafin, F|100\/100\n|turn|6\n|\n|t:|1700024405\n|detailschange|p1a: Palafin|Palafin-Hero, F\n|switch|p1a: Blacephalon|Blacephalon|100\/100\n|move|p2a: Basculegion|Wave Crash|p1a: Blacephalon\n|-supereffective|p1a: Blacephalon\n|-enditem|p1a: Blacephalon|Focus Sash\n|-damage|p1a: Blacephalon|1\/100\n|-damage|p2a: Basculegion|72\/100|[from] Recoil\n|\n|-weather|RainDance|[upkeep]\n|upkeep\n|turn|7\n|\n|t:|1700024412\n|move|p2a: Basculegion|Wave Crash|p1a: Blacephalon\n|-supereffective|p1a: Blacephalon\n|-damage|p1a: Blacephalon|0 fnt\n|faint|p1a: Blacephalon\n|-damage|p2a: Basculegion|72\/100|[from] Recoil\n|\n|-weather|RainDance|[upkeep]\n|upkeep\n|\n|t:|1700024418\n|switch|p1a: Palafin|Palafin-Hero, F|100\/100\n|-activate|p1a: Palafin|ability: Zero to Hero\n|turn|8\n|\n|t:|1700024422\n|switch|p2a: Amoonguss|Amoonguss, M|100\/100\n|move|p1a: Palafin|Substitute|p1a: Palafin\n|-start|p1a: Palafin|Substitute\n|-damage|p1a: Palafin|76\/100\n|\n|-weather|none\n|-heal|p1a: Palafin|82\/100|[from] item: Leftovers\n|upkeep\n|turn|9\n|\n|t:|1700024427\n|move|p1a: Palafin|Bulk Up|p1a: Palafin\n|-boost|p1a: Palafin|atk|1\n|-boost|p1a: Palafin|def|1\n|move|p2a: Amoonguss|Giga Drain|p1a: Palafin\n|-supereffective|p1a: Palafin\n|-end|p1a: Palafin|Substitute\n|\n|-heal|p1a: Palafin|88\/100|[from] item: Leftovers\n|upkeep\n|turn|10\n|\n|t:|1700024433\n|move|p1a: Palafin|Ice Punch|p2a: Amoonguss\n|-supereffective|p2a: Amoonguss\n|-damage|p2a: Amoonguss|4\/100\n|move|p2a: Amoonguss|Clear Smog|p1a: Palafin\n|-damage|p1a: Palafin|74\/100\n|-clearboost|p1a: Palafin\n|\n|-heal|p1a: Palafin|80\/100|[from] item: Leftovers\n|-heal|p2a: Amoonguss|10\/100|[from] item: Leftovers\n|upkeep\n|turn|11\n|\n|t:|1700024439\n|switch|p2a: Pelipper|Pelipper, F|51\/100\n|-weather|RainDance|[from] ability: Drizzle|[of] p2a: Pelipper\n|move|p1a: Palafin|Jet Punch|p2a: Pelipper\n|-resisted|p2a: Pelipper\n|-damage|p2a: Pelipper|30\/100\n|\n|-weather|RainDance|[upkeep]\n|-heal|p1a: Palafin|86\/100|[from] item: Leftovers\n|upkeep\n|turn|12\n|\n|t:|1700024447\n|move|p1a: Palafin|Substitute|p1a: Palafin\n|-start|p1a: Palafin|Substitute\n|-damage|p1a: Palafin|61\/100\n|move|p2a: Pelipper|U-turn|p1a: Palafin\n|-activate|p1a: Palafin|move: Substitute|[damage]\n|\n|t:|1700024452\n|switch|p2a: Dracovish|Dracovish|100\/100|[from] U-turn\n|\n|-weather|RainDance|[upkeep]\n|-heal|p1a: Palafin|67\/100|[from] item: Leftovers\n|upkeep\n|turn|13\n|\n|t:|1700024457\n|move|p2a: Dracovish|Fishious Rend|p1a: Palafin\n|-resisted|p1a: Palafin\n|-end|p1a: Palafin|Substitute\n|move|p1a: Palafin|Ice Punch|p2a: Dracovish\n|-damage|p2a: Dracovish|64\/100\n|\n|-weather|RainDance|[upkeep]\n|-heal|p1a: Palafin|74\/100|[from] item: Leftovers\n|upkeep\n|turn|14\n|\n|t:|1700024468\n|move|p1a: Palafin|Jet Punch|p2a: Dracovish\n|-resisted|p2a: Dracovish\n|-damage|p2a: Dracovish|49\/100\n|move|p2a: Dracovish|Fishious Rend|p1a: Palafin\n|-resisted|p1a: Palafin\n|-damage|p1a: Palafin|16\/100\n|\n|-weather|RainDance|[upkeep]\n|-heal|p1a: Palafin|22\/100|[from] item: Leftovers\n|upkeep\n|turn|15\n|\n|t:|1700024471\n|move|p2a: Dracovish|Fishious Rend|p1a: Palafin\n|-resisted|p1a: Palafin\n|-crit|p1a: Palafin\n|-damage|p1a: Palafin|0 fnt\n|faint|p1a: Palafin\n|\n|-weather|RainDance|[upkeep]\n|upkeep\n|l|\u2606DracoAxel\n|player|p1|\n|inactive|Battle timer is ON: inactive players will automatically lose when time's up. (requested by Arnaenaed \u223e)\n|inactive|DracoAxel has 270 seconds to reconnect!\n|inactive|DracoAxel has 240 seconds to reconnect!\n|j|\u2606DracoAxel\n|inactive|DracoAxel reconnected and has 300 seconds left.\n|player|p1|DracoAxel|nate\n|\n|t:|1700024579\n|switch|p1a: Urshifu|Urshifu, F|100\/100\n|turn|16\n|\n|t:|1700024588\n|move|p1a: Urshifu|Wicked Blow|p2a: Dracovish\n|-crit|p2a: Dracovish\n|-damage|p2a: Dracovish|0 fnt\n|faint|p2a: Dracovish\n|\n|-weather|RainDance|[upkeep]\n|upkeep\n|\n|t:|1700024593\n|switch|p2a: Basculegion|Basculegion, M|72\/100\n|turn|17\n|\n|t:|1700024614\n|switch|p1a: Garchomp|Garchomp, M|100\/100\n|move|p2a: Basculegion|Wave Crash|p1a: Garchomp\n|-damage|p1a: Garchomp|0 fnt\n|-damage|p2a: Basculegion|60\/100|[from] ability: Rough Skin|[of] p1a: Garchomp\n|faint|p1a: Garchomp\n|-damage|p2a: Basculegion|29\/100|[from] Recoil\n|\n|-weather|RainDance|[upkeep]\n|upkeep\n|\n|t:|1700024622\n|switch|p1a: Urshifu|Urshifu, F|100\/100\n|turn|18\n|\n|t:|1700024628\n|move|p2a: Basculegion|Wave Crash|p1a: Urshifu\n|-damage|p1a: Urshifu|0 fnt\n|faint|p1a: Urshifu\n|-damage|p2a: Basculegion|0 fnt|[from] Recoil\n|faint|p2a: Basculegion\n|\n|win|Arnaenaed \u223e\n|c|\u2606Arnaenaed \u223e|gg\n|l|\u2606Arnaenaed \u223e\n|j|\u2606Arnaenaed \u223e\n|player|p2|Arnaenaed \u223e|birdkeeper-gen3\n|l|\u2606DracoAxel\n","uploadtime":1700024638,"views":8,"p1id":"dracoaxel","p2id":"arnaenaed","formatid":"gen9nationaldexubers","rating":0,"private":0,"password":""}