{"id":"gen9nationaldexubers-1985115439","p1":"bydotcasts","p2":"VoIteon","format":"[Gen 9] National Dex Ubers","log":"|j|\u2606bydotcasts\n|j|\u2606VoIteon\n|t:|1699332985\n|gametype|singles\n|player|p1|bydotcasts|bruno|\n|player|p2|VoIteon|valerie|\n|teamsize|p1|6\n|teamsize|p2|6\n|gen|9\n|tier|[Gen 9] National Dex Ubers\n|rule|HP Percentage Mod: HP is shown in percentages\n|rule|Endless Battle Clause: Forcing endless battles is banned\n|rule|OHKO Clause: OHKO moves are banned\n|rule|Evasion Moves Clause: Evasion moves are banned\n|rule|Evasion Items Clause: Evasion items are banned\n|rule|Species Clause: Limit one of each Pok\u00e9mon\n|rule|Sleep Clause Mod: Limit one foe put to sleep\n|rule|Mega Rayquaza Clause: You cannot mega evolve Rayquaza\n|clearpoke\n|poke|p1|Azelf|\n|poke|p1|Clefable, M|\n|poke|p1|Heatran, M|\n|poke|p1|Electivire, M|\n|poke|p1|Starmie|\n|poke|p1|Aegislash, M|\n|poke|p2|Jolteon, M|\n|poke|p2|Froslass, F|\n|poke|p2|Mawile, F|\n|poke|p2|Jirachi|\n|poke|p2|Vaporeon, M|\n|poke|p2|Zamazenta-*|\n|teampreview\n|j| Lunar Sloth\n|j| Factor64\n|j| Demolution545\n|inactive|Battle timer is ON: inactive players will automatically lose when time's up. (requested by bydotcasts)\n|\n|t:|1699333021\n|start\n|switch|p1a: FREE JEFFERY|Electivire, M|100\/100\n|switch|p2a: Froslass|Froslass, F|100\/100\n|turn|1\n|\n|t:|1699333027\n|move|p2a: Froslass|Spikes|p1a: FREE JEFFERY\n|-sidestart|p1: bydotcasts|Spikes\n|move|p1a: FREE JEFFERY|Fire Punch|p2a: Froslass\n|-supereffective|p2a: Froslass\n|-damage|p2a: Froslass|17\/100\n|-start|p1a: FREE JEFFERY|Disable|Fire Punch|[from] ability: Cursed Body|[of] p2a: Froslass\n|\n|upkeep\n|turn|2\n|\n|t:|1699333036\n|move|p2a: Froslass|Destiny Bond|p2a: Froslass\n|-singlemove|p2a: Froslass|Destiny Bond\n|move|p1a: FREE JEFFERY|Rock Slide|p2a: Froslass\n|-supereffective|p2a: Froslass\n|-damage|p2a: Froslass|0 fnt\n|faint|p2a: Froslass\n|-activate|p2a: Froslass|move: Destiny Bond\n|faint|p1a: FREE JEFFERY\n|\n|upkeep\n|j| ZBFusion\n|\n|t:|1699333045\n|switch|p2a: Jolteon|Jolteon, M|100\/100\n|switch|p1a: noahlathamfan72|Aegislash, M|100\/100\n|-damage|p1a: noahlathamfan72|88\/100|[from] Spikes\n|turn|3\n|\n|t:|1699333051\n|move|p1a: noahlathamfan72|King's Shield|p1a: noahlathamfan72\n|-singleturn|p1a: noahlathamfan72|Protect\n|move|p2a: Jolteon|Volt Switch|p1a: noahlathamfan72\n|-activate|p1a: noahlathamfan72|move: Protect\n|\n|upkeep\n|turn|4\n|\n|t:|1699333061\n|move|p2a: Jolteon|Volt Switch|p1a: noahlathamfan72\n|-damage|p1a: noahlathamfan72|53\/100\n|-damage|p2a: Jolteon|91\/100|[from] item: Life Orb\n|-activate|p2a: Jolteon|move: Pursuit\n|-formechange|p1a: noahlathamfan72|Aegislash-Blade||[from] ability: Stance Change\n|move|p1a: noahlathamfan72|Pursuit|p2a: Jolteon|[from]Pursuit\n|-damage|p2a: Jolteon|26\/100\n|c|\u2606VoIteon|oh\n|c| Lunar Sloth|woah\n|c| Lunar Sloth|i forgot it got that\n|\n|t:|1699333079\n|switch|p2a: Mawile|Mawile, F|100\/100|[from] Volt Switch\n|-ability|p2a: Mawile|Intimidate|boost\n|-unboost|p1a: noahlathamfan72|atk|1\n|\n|upkeep\n|turn|5\n|j| Czar_agon\n|inactive|bydotcasts has 270 seconds left.\n|inactive|bydotcasts has 240 seconds left.\n|\n|t:|1699333156\n|switch|p1a: nice doggie :))|Heatran, M|100\/100\n|-damage|p1a: nice doggie :))|88\/100|[from] Spikes\n|detailschange|p2a: Mawile|Mawile-Mega, F\n|-mega|p2a: Mawile|Mawile|Mawilite\n|move|p2a: Mawile|Knock Off|p1a: nice doggie :))\n|-damage|p1a: nice doggie :))|38\/100\n|-enditem|p1a: nice doggie :))|Leftovers|[from] move: Knock Off|[of] p2a: Mawile\n|\n|upkeep\n|turn|6\n|j| MiniBearGrahams\n|\n|t:|1699333164\n|switch|p2a: Vaporeon|Vaporeon, M|100\/100\n|move|p1a: nice doggie :))|Taunt|p2a: Vaporeon\n|-start|p2a: Vaporeon|move: Taunt\n|\n|upkeep\n|turn|7\n|\n|t:|1699333173\n|switch|p1a: Starmie|Starmie, shiny|100\/100\n|-damage|p1a: Starmie|88\/100|[from] Spikes\n|move|p2a: Vaporeon|Flip Turn|p1a: Starmie\n|-resisted|p1a: Starmie\n|-damage|p1a: Starmie|82\/100\n|\n|t:|1699333176\n|switch|p2a: Jolteon|Jolteon, M|26\/100|[from] Flip Turn\n|\n|-heal|p1a: Starmie|88\/100|[from] item: Leftovers\n|upkeep\n|turn|8\n|\n|t:|1699333186\n|-terastallize|p1a: Starmie|Fairy\n|move|p2a: Jolteon|Volt Switch|p1a: Starmie\n|-crit|p1a: Starmie\n|-damage|p1a: Starmie|17\/100\n|-damage|p2a: Jolteon|16\/100|[from] item: Life Orb\n|\n|t:|1699333204\n|switch|p2a: Zamazenta|Zamazenta|100\/100|[from] Volt Switch\n|-ability|p2a: Zamazenta|Dauntless Shield|boost\n|-boost|p2a: Zamazenta|def|1\n|move|p1a: Starmie|Toxic|p2a: Zamazenta\n|-status|p2a: Zamazenta|tox\n|\n|-heal|p1a: Starmie|23\/100|[from] item: Leftovers\n|-damage|p2a: Zamazenta|94\/100 tox|[from] psn\n|upkeep\n|turn|9\n|\n|t:|1699333221\n|switch|p1a: harrison|Clefable, M|100\/100\n|-damage|p1a: harrison|88\/100|[from] Spikes\n|move|p2a: Zamazenta|Heavy Slam|p1a: harrison\n|-supereffective|p1a: harrison\n|-damage|p1a: harrison|15\/100\n|-damage|p2a: Zamazenta|85\/100 tox|[from] item: Life Orb\n|\n|-heal|p1a: harrison|22\/100|[from] item: Leftovers\n|-damage|p2a: Zamazenta|73\/100 tox|[from] psn\n|upkeep\n|turn|10\n|inactive|bydotcasts has 240 seconds left.\n|\n|t:|1699333243\n|switch|p1a: nice doggie :))|Heatran, M|38\/100\n|-damage|p1a: nice doggie :))|25\/100|[from] Spikes\n|move|p2a: Zamazenta|Heavy Slam|p1a: nice doggie :))\n|-resisted|p1a: nice doggie :))\n|-damage|p1a: nice doggie :))|22\/100\n|-damage|p2a: Zamazenta|63\/100 tox|[from] item: Life Orb\n|\n|-damage|p2a: Zamazenta|45\/100 tox|[from] psn\n|upkeep\n|turn|11\n|inactive|bydotcasts has 240 seconds left.\n|\n|t:|1699333256\n|move|p2a: Zamazenta|Close Combat|p1a: nice doggie :))\n|-supereffective|p1a: nice doggie :))\n|-damage|p1a: nice doggie :))|0 fnt\n|-unboost|p2a: Zamazenta|def|1\n|-unboost|p2a: Zamazenta|spd|1\n|faint|p1a: nice doggie :))\n|-damage|p2a: Zamazenta|35\/100 tox|[from] item: Life Orb\n|\n|-damage|p2a: Zamazenta|11\/100 tox|[from] psn\n|upkeep\n|\n|t:|1699333267\n|switch|p1a: noahlathamfan72|Aegislash, M|53\/100\n|-damage|p1a: noahlathamfan72|41\/100|[from] Spikes\n|turn|12\n|\n|t:|1699333278\n|-activate|p2a: Zamazenta|move: Pursuit\n|-formechange|p1a: noahlathamfan72|Aegislash-Blade||[from] ability: Stance Change\n|move|p1a: noahlathamfan72|Pursuit|p2a: Zamazenta|[from]Pursuit\n|-resisted|p2a: Zamazenta\n|-damage|p2a: Zamazenta|0 fnt\n|faint|p2a: Zamazenta\n|-hint|A Pokemon can't switch between when it runs out of HP and when it faints\n|\n|upkeep\n|c|\u2606VoIteon|u r crazyyy\n|c|\u2606VoIteon|insane i the head\n|inactive|VoIteon has 270 seconds left.\n|\n|t:|1699333305\n|switch|p2a: Mawile|Mawile-Mega, F|100\/100\n|turn|13\n|inactive|bydotcasts has 240 seconds left.\n|inactive|VoIteon has 270 seconds left.\n|\n|t:|1699333325\n|move|p2a: Mawile|Sucker Punch|p1a: noahlathamfan72\n|-supereffective|p1a: noahlathamfan72\n|-damage|p1a: noahlathamfan72|0 fnt\n|faint|p1a: noahlathamfan72\n|\n|upkeep\n|inactive|bydotcasts has 240 seconds left.\n|\n|t:|1699333331\n|switch|p1a: harrison|Clefable, M|22\/100\n|-damage|p1a: harrison|9\/100|[from] Spikes\n|turn|14\n|\n|t:|1699333335\n|move|p2a: Mawile|Play Rough|p1a: harrison\n|-damage|p1a: harrison|0 fnt\n|faint|p1a: harrison\n|\n|upkeep\n|\n|t:|1699333340\n|switch|p1a: Starmie|Starmie, shiny, tera:Fairy|23\/100\n|-damage|p1a: Starmie|11\/100|[from] Spikes\n|turn|15\n|\n|t:|1699333344\n|move|p2a: Mawile|Sucker Punch||[still]\n|-fail|p2a: Mawile\n|move|p1a: Starmie|Recover|p1a: Starmie\n|-heal|p1a: Starmie|61\/100\n|\n|-heal|p1a: Starmie|67\/100|[from] item: Leftovers\n|upkeep\n|turn|16\n|inactive|bydotcasts has 270 seconds left.\n|\n|t:|1699333352\n|move|p1a: Starmie|Recover|p1a: Starmie\n|-heal|p1a: Starmie|100\/100\n|move|p2a: Mawile|Play Rough|p1a: Starmie\n|-damage|p1a: Starmie|24\/100\n|\n|-heal|p1a: Starmie|30\/100|[from] item: Leftovers\n|upkeep\n|turn|17\n|\n|t:|1699333359\n|move|p1a: Starmie|Recover|p1a: Starmie\n|-heal|p1a: Starmie|80\/100\n|move|p2a: Mawile|Play Rough|p1a: Starmie\n|-damage|p1a: Starmie|0 fnt\n|faint|p1a: Starmie\n|\n|upkeep\n|\n|t:|1699333365\n|switch|p1a: piss boy|Azelf, shiny|100\/100\n|turn|18\n|\n|t:|1699333369\n|move|p1a: piss boy|Mystical Power|p2a: Mawile\n|-resisted|p2a: Mawile\n|-damage|p2a: Mawile|75\/100\n|-boost|p1a: piss boy|spa|1\n|move|p2a: Mawile|Knock Off|p1a: piss boy\n|-supereffective|p1a: piss boy\n|-damage|p1a: piss boy|0 fnt\n|-enditem|p1a: piss boy|Choice Scarf|[from] move: Knock Off|[of] p2a: Mawile\n|faint|p1a: piss boy\n|\n|win|VoIteon\n|c|\u2606VoIteon|Ggs\n|c|\u2606bydotcasts|GGs\n|l| Lunar Sloth\n|l| ZBFusion\n","uploadtime":1699333382,"views":6,"p1id":"bydotcasts","p2id":"voiteon","formatid":"gen9nationaldexubers","rating":0,"private":0,"password":""}