{"id":"gen9nationaldexubers-1995537163","p1":"RedHoodKat","p2":"The power of ROCK","format":"[Gen 9] National Dex Ubers","log":"|j|\u2606RedHoodKat\n|j|\u2606The power of ROCK\n|t:|1700580879\n|gametype|singles\n|player|p1|RedHoodKat|colress|\n|player|p2|The power of ROCK|roark|\n|teamsize|p1|6\n|teamsize|p2|6\n|gen|9\n|tier|[Gen 9] National Dex Ubers\n|rule|HP Percentage Mod: HP is shown in percentages\n|rule|Endless Battle Clause: Forcing endless battles is banned\n|rule|OHKO Clause: OHKO moves are banned\n|rule|Evasion Moves Clause: Evasion moves are banned\n|rule|Evasion Items Clause: Evasion items are banned\n|rule|Species Clause: Limit one of each Pok\u00e9mon\n|rule|Sleep Clause Mod: Limit one foe put to sleep\n|rule|Mega Rayquaza Clause: You cannot mega evolve Rayquaza\n|clearpoke\n|poke|p1|Gholdengo|\n|poke|p1|Excadrill, M|\n|poke|p1|Bisharp, M|\n|poke|p1|Melmetal|\n|poke|p1|Necrozma-Dusk-Mane|\n|poke|p1|Aegislash, M|\n|poke|p2|Tyranitar, M|\n|poke|p2|Garganacl, M|\n|poke|p2|Aggron, M|\n|poke|p2|Cradily, F|\n|poke|p2|Arceus-Rock|\n|poke|p2|Glimmora, M|\n|teampreview\n|c|\u2606The power of ROCK|Welcome to the ROCK gym\n|\n|t:|1700580895\n|start\n|switch|p1a: Gen 8 be like|Aegislash, M|100\/100\n|switch|p2a: Garganacl|Garganacl, M|100\/100\n|turn|1\n|\n|t:|1700580905\n|-terastallize|p2a: Garganacl|Ghost\n|-formechange|p1a: Gen 8 be like|Aegislash-Blade||[from] ability: Stance Change\n|move|p1a: Gen 8 be like|Iron Head|p2a: Garganacl\n|-damage|p2a: Garganacl|70\/100\n|move|p2a: Garganacl|Salt Cure|p1a: Gen 8 be like\n|-resisted|p1a: Gen 8 be like\n|-damage|p1a: Gen 8 be like|88\/100\n|-start|p1a: Gen 8 be like|Salt Cure\n|\n|-damage|p1a: Gen 8 be like|63\/100|[from] Salt Cure\n|upkeep\n|turn|2\n|\n|t:|1700580914\n|move|p1a: Gen 8 be like|Night Slash|p2a: Garganacl\n|-supereffective|p2a: Garganacl\n|-damage|p2a: Garganacl|33\/100\n|move|p2a: Garganacl|Recover|p2a: Garganacl\n|-heal|p2a: Garganacl|83\/100\n|\n|-damage|p1a: Gen 8 be like|38\/100|[from] Salt Cure\n|upkeep\n|turn|3\n|\n|t:|1700580922\n|move|p1a: Gen 8 be like|Night Slash|p2a: Garganacl\n|-supereffective|p2a: Garganacl\n|-damage|p2a: Garganacl|48\/100\n|move|p2a: Garganacl|Recover|p2a: Garganacl\n|-heal|p2a: Garganacl|98\/100\n|\n|-damage|p1a: Gen 8 be like|13\/100|[from] Salt Cure\n|upkeep\n|turn|4\n|\n|t:|1700580930\n|move|p1a: Gen 8 be like|Night Slash|p2a: Garganacl\n|-supereffective|p2a: Garganacl\n|-damage|p2a: Garganacl|56\/100\n|move|p2a: Garganacl|Recover|p2a: Garganacl\n|-heal|p2a: Garganacl|100\/100\n|\n|-damage|p1a: Gen 8 be like|0 fnt|[from] Salt Cure\n|faint|p1a: Gen 8 be like\n|upkeep\n|\n|t:|1700580943\n|switch|p1a: SmelSteel|Melmetal|100\/100\n|turn|5\n|\n|t:|1700580948\n|switch|p2a: Cradily|Cradily, F|100\/100\n|move|p1a: SmelSteel|Darkest Lariat|p2a: Cradily\n|-damage|p2a: Cradily|75\/100\n|\n|-heal|p2a: Cradily|81\/100|[from] item: Leftovers\n|upkeep\n|turn|6\n|\n|t:|1700580959\n|switch|p1a: String Cheese|Gholdengo|100\/100\n|move|p2a: Cradily|Leech Seed|p1a: String Cheese\n|-immune|p1a: String Cheese|[from] ability: Good as Gold\n|\n|-heal|p2a: Cradily|87\/100|[from] item: Leftovers\n|upkeep\n|turn|7\n|\n|t:|1700580968\n|switch|p2a: Tyranitar|Tyranitar, M|100\/100\n|-weather|Sandstorm|[from] ability: Sand Stream|[of] p2a: Tyranitar\n|move|p1a: String Cheese|Flash Cannon|p2a: Tyranitar\n|-supereffective|p2a: Tyranitar\n|-damage|p2a: Tyranitar|74\/100\n|\n|-weather|Sandstorm|[upkeep]\n|upkeep\n|turn|8\n|\n|t:|1700580976\n|move|p1a: String Cheese|Flash Cannon|p2a: Tyranitar\n|-supereffective|p2a: Tyranitar\n|-damage|p2a: Tyranitar|50\/100\n|move|p2a: Tyranitar|Pursuit|p1a: String Cheese\n|-supereffective|p1a: String Cheese\n|-damage|p1a: String Cheese|58\/100\n|\n|-weather|Sandstorm|[upkeep]\n|upkeep\n|turn|9\n|\n|t:|1700580985\n|-activate|p1a: String Cheese|move: Pursuit\n|move|p2a: Tyranitar|Pursuit|p1a: String Cheese|[from]Pursuit\n|-supereffective|p1a: String Cheese\n|-damage|p1a: String Cheese|0 fnt\n|faint|p1a: String Cheese\n|-hint|A Pokemon can't switch between when it runs out of HP and when it faints\n|\n|-weather|Sandstorm|[upkeep]\n|upkeep\n|\n|t:|1700580990\n|switch|p1a: SmelSteel|Melmetal|100\/100\n|turn|10\n|\n|t:|1700580993\n|switch|p2a: Cradily|Cradily, F|87\/100\n|move|p1a: SmelSteel|Double Iron Bash|p2a: Cradily\n|-supereffective|p2a: Cradily\n|-crit|p2a: Cradily\n|-damage|p2a: Cradily|0 fnt\n|faint|p2a: Cradily\n|-hitcount|p2: Cradily|1\n|\n|-weather|Sandstorm|[upkeep]\n|upkeep\n|\n|t:|1700580996\n|switch|p2a: Aggron|Aggron, M|100\/100\n|turn|11\n|\n|t:|1700581004\n|detailschange|p2a: Aggron|Aggron-Mega, M\n|-mega|p2a: Aggron|Aggron|Aggronite\n|move|p2a: Aggron|Iron Defense|p2a: Aggron\n|-boost|p2a: Aggron|def|2\n|move|p1a: SmelSteel|Thunder Punch|p2a: Aggron\n|-damage|p2a: Aggron|93\/100\n|\n|-weather|none\n|upkeep\n|turn|12\n|\n|t:|1700581011\n|move|p2a: Aggron|Iron Defense|p2a: Aggron\n|-boost|p2a: Aggron|def|2\n|move|p1a: SmelSteel|Thunder Punch|p2a: Aggron\n|-damage|p2a: Aggron|88\/100\n|\n|upkeep\n|turn|13\n|\n|t:|1700581014\n|move|p2a: Aggron|Body Press|p1a: SmelSteel\n|-supereffective|p1a: SmelSteel\n|-damage|p1a: SmelSteel|0 fnt\n|faint|p1a: SmelSteel\n|\n|upkeep\n|\n|t:|1700581017\n|switch|p1a: Cat|Necrozma-Dusk-Mane, shiny|100\/100\n|turn|14\n|\n|t:|1700581021\n|move|p1a: Cat|Iron Defense|p1a: Cat\n|-boost|p1a: Cat|def|2\n|move|p2a: Aggron|Body Press|p1a: Cat\n|-damage|p1a: Cat|48\/100\n|\n|upkeep\n|turn|15\n|\n|t:|1700581027\n|move|p1a: Cat|Iron Defense|p1a: Cat\n|-boost|p1a: Cat|def|2\n|move|p2a: Aggron|Iron Defense|p2a: Aggron\n|-boost|p2a: Aggron|def|2\n|\n|upkeep\n|turn|16\n|\n|t:|1700581031\n|move|p1a: Cat|Iron Defense|p1a: Cat\n|-boost|p1a: Cat|def|2\n|move|p2a: Aggron|Body Press|p1a: Cat\n|-damage|p1a: Cat|13\/100\n|\n|upkeep\n|turn|17\n|\n|t:|1700581036\n|move|p1a: Cat|Earthquake|p2a: Aggron\n|-supereffective|p2a: Aggron\n|-damage|p2a: Aggron|82\/100\n|move|p2a: Aggron|Body Press|p1a: Cat\n|-damage|p1a: Cat|0 fnt\n|faint|p1a: Cat\n|\n|upkeep\n|\n|t:|1700581040\n|switch|p1a: Mole Man|Excadrill, M|100\/100\n|-ability|p1a: Mole Man|Mold Breaker\n|turn|18\n|\n|t:|1700581045\n|-terastallize|p1a: Mole Man|Ground\n|move|p1a: Mole Man|Earthquake|p2a: Aggron\n|-supereffective|p2a: Aggron\n|-damage|p2a: Aggron|65\/100\n|move|p2a: Aggron|Body Press|p1a: Mole Man\n|-damage|p1a: Mole Man|0 fnt\n|faint|p1a: Mole Man\n|\n|upkeep\n|\n|t:|1700581050\n|switch|p1a: 2 Sharp|Bisharp, M, shiny|100\/100\n|turn|19\n|\n|t:|1700581052\n|move|p1a: 2 Sharp|Psycho Cut|p2a: Aggron\n|-resisted|p2a: Aggron\n|-damage|p2a: Aggron|64\/100\n|move|p2a: Aggron|Body Press|p1a: 2 Sharp\n|-supereffective|p1a: 2 Sharp\n|-damage|p1a: 2 Sharp|0 fnt\n|faint|p1a: 2 Sharp\n|\n|win|The power of ROCK\n|l|\u2606RedHoodKat\n|c|\u2606The power of ROCK|gg : )\n","uploadtime":1700581065,"views":0,"p1id":"redhoodkat","p2id":"thepowerofrock","formatid":"gen9nationaldexubers","rating":0,"private":0,"password":""}