{"id":"gen9nationaldexubers-1999425427","p1":"getsweeped11","p2":"Th3Soci3ty","format":"[Gen 9] National Dex Ubers","log":"|j|\u203dgetsweeped11\n|j|\u2606Th3Soci3ty\n|t:|1701078418\n|gametype|singles\n|player|p1|getsweeped11|lucas|1158\n|player|p2|Th3Soci3ty|zinzolin|1019\n|teamsize|p1|6\n|teamsize|p2|6\n|gen|9\n|tier|[Gen 9] National Dex Ubers\n|rated|\n|rule|HP Percentage Mod: HP is shown in percentages\n|rule|Endless Battle Clause: Forcing endless battles is banned\n|rule|OHKO Clause: OHKO moves are banned\n|rule|Evasion Moves Clause: Evasion moves are banned\n|rule|Evasion Items Clause: Evasion items are banned\n|rule|Species Clause: Limit one of each Pok\u00e9mon\n|rule|Sleep Clause Mod: Limit one foe put to sleep\n|rule|Mega Rayquaza Clause: You cannot mega evolve Rayquaza\n|clearpoke\n|poke|p1|Naganadel|\n|poke|p1|Ariados, F|\n|poke|p1|Okidogi, M|\n|poke|p1|Munkidori, M|\n|poke|p1|Fezandipiti, M|\n|poke|p1|Glimmora, M|\n|poke|p2|Glimmora, F|\n|poke|p2|Sneasler, M|\n|poke|p2|Dusclops, F|\n|poke|p2|Garganacl, F|\n|poke|p2|Noivern, F|\n|poke|p2|Mamoswine, M|\n|teampreview\n|\n|t:|1701078427\n|start\n|switch|p1a: Ariados|Ariados, F|100\/100\n|switch|p2a: Glimmora|Glimmora, F|100\/100\n|-item|p1a: Ariados|Air Balloon\n|turn|1\n|\n|t:|1701078431\n|move|p2a: Glimmora|Stealth Rock|p1a: Ariados\n|-sidestart|p1: getsweeped11|move: Stealth Rock\n|move|p1a: Ariados|Sticky Web|p2a: Glimmora\n|-sidestart|p2: Th3Soci3ty|move: Sticky Web\n|\n|upkeep\n|turn|2\n|\n|t:|1701078449\n|move|p2a: Glimmora|Mortal Spin|p1a: Ariados\n|-resisted|p1a: Ariados\n|-damage|p1a: Ariados|96\/100\n|-enditem|p1a: Ariados|Air Balloon\n|-sideend|p2: Th3Soci3ty|Sticky Web|[from] move: Mortal Spin|[of] p2a: Glimmora\n|move|p1a: Ariados|Toxic Spikes|p2a: Glimmora\n|-sidestart|p2: Th3Soci3ty|move: Toxic Spikes\n|\n|upkeep\n|turn|3\n|\n|t:|1701078453\n|move|p2a: Glimmora|Earth Power|p1a: Ariados\n|-damage|p1a: Ariados|56\/100\n|move|p1a: Ariados|Knock Off|p2a: Glimmora\n|-damage|p2a: Glimmora|66\/100\n|-activate|p2a: Glimmora|ability: Toxic Debris\n|-sidestart|p1: getsweeped11|move: Toxic Spikes\n|-enditem|p2a: Glimmora|Focus Sash|[from] move: Knock Off|[of] p1a: Ariados\n|\n|upkeep\n|turn|4\n|\n|t:|1701078458\n|move|p2a: Glimmora|Earth Power|p1a: Ariados\n|-damage|p1a: Ariados|17\/100\n|move|p1a: Ariados|Sticky Web|p2a: Glimmora\n|-sidestart|p2: Th3Soci3ty|move: Sticky Web\n|\n|upkeep\n|turn|5\n|\n|t:|1701078462\n|move|p2a: Glimmora|Mortal Spin|p1a: Ariados\n|-resisted|p1a: Ariados\n|-damage|p1a: Ariados|13\/100\n|-sideend|p2: Th3Soci3ty|Toxic Spikes|[from] move: Mortal Spin|[of] p2a: Glimmora\n|-sideend|p2: Th3Soci3ty|Sticky Web|[from] move: Mortal Spin|[of] p2a: Glimmora\n|move|p1a: Ariados|Sticky Web|p2a: Glimmora\n|-sidestart|p2: Th3Soci3ty|move: Sticky Web\n|\n|upkeep\n|turn|6\n|\n|t:|1701078465\n|move|p2a: Glimmora|Mortal Spin|p1a: Ariados\n|-resisted|p1a: Ariados\n|-damage|p1a: Ariados|9\/100\n|-sideend|p2: Th3Soci3ty|Sticky Web|[from] move: Mortal Spin|[of] p2a: Glimmora\n|move|p1a: Ariados|Sticky Web|p2a: Glimmora\n|-sidestart|p2: Th3Soci3ty|move: Sticky Web\n|\n|upkeep\n|turn|7\n|\n|t:|1701078470\n|move|p2a: Glimmora|Mortal Spin|p1a: Ariados\n|-resisted|p1a: Ariados\n|-damage|p1a: Ariados|5\/100\n|-sideend|p2: Th3Soci3ty|Sticky Web|[from] move: Mortal Spin|[of] p2a: Glimmora\n|move|p1a: Ariados|Lunge|p2a: Glimmora\n|-resisted|p2a: Glimmora\n|-damage|p2a: Glimmora|45\/100\n|-unboost|p2a: Glimmora|atk|1\n|-activate|p2a: Glimmora|ability: Toxic Debris\n|-sidestart|p1: getsweeped11|move: Toxic Spikes\n|\n|upkeep\n|turn|8\n|\n|t:|1701078473\n|move|p2a: Glimmora|Mortal Spin|p1a: Ariados\n|-resisted|p1a: Ariados\n|-damage|p1a: Ariados|2\/100\n|move|p1a: Ariados|Knock Off|p2a: Glimmora\n|-damage|p2a: Glimmora|21\/100\n|\n|upkeep\n|turn|9\n|\n|t:|1701078475\n|move|p2a: Glimmora|Mortal Spin|p1a: Ariados\n|-resisted|p1a: Ariados\n|-damage|p1a: Ariados|0 fnt\n|faint|p1a: Ariados\n|\n|upkeep\n|\n|t:|1701078478\n|switch|p1a: Glimmora|Glimmora, M|100\/100\n|-damage|p1a: Glimmora|88\/100|[from] Stealth Rock\n|-sideend|p1: getsweeped11|move: Toxic Spikes|[of] p1a: Glimmora\n|turn|10\n|\n|t:|1701078481\n|move|p2a: Glimmora|Earth Power|p1a: Glimmora\n|-supereffective|p1a: Glimmora\n|-damage|p1a: Glimmora|0 fnt\n|faint|p1a: Glimmora\n|\n|upkeep\n|\n|t:|1701078489\n|switch|p1a: Naganadel|Naganadel|100\/100\n|-damage|p1a: Naganadel|88\/100|[from] Stealth Rock\n|turn|11\n|\n|t:|1701078492\n|-terastallize|p1a: Naganadel|Dragon\n|move|p1a: Naganadel|Dragon Pulse|p2a: Glimmora\n|-damage|p2a: Glimmora|0 fnt\n|faint|p2a: Glimmora\n|-ability|p1a: Naganadel|Beast Boost|boost\n|-boost|p1a: Naganadel|spa|1\n|\n|upkeep\n|\n|t:|1701078499\n|switch|p2a: Mamoswine|Mamoswine, M|100\/100\n|turn|12\n|\n|t:|1701078507\n|move|p2a: Mamoswine|Ice Shard|p1a: Naganadel\n|-supereffective|p1a: Naganadel\n|-damage|p1a: Naganadel|14\/100\n|-damage|p2a: Mamoswine|91\/100|[from] item: Life Orb\n|move|p1a: Naganadel|Dragon Pulse|p2a: Mamoswine\n|-damage|p2a: Mamoswine|0 fnt\n|faint|p2a: Mamoswine\n|-ability|p1a: Naganadel|Beast Boost|boost\n|-boost|p1a: Naganadel|spa|1\n|\n|upkeep\n|\n|t:|1701078511\n|switch|p2a: Sneasler|Sneasler, M|100\/100\n|turn|13\n|\n|t:|1701078513\n|move|p2a: Sneasler|Fake Out|p1a: Naganadel\n|-damage|p1a: Naganadel|0 fnt\n|faint|p1a: Naganadel\n|\n|upkeep\n|\n|t:|1701078519\n|switch|p1a: Fezandipiti|Fezandipiti, M|100\/100\n|-damage|p1a: Fezandipiti|88\/100|[from] Stealth Rock\n|turn|14\n|\n|t:|1701078525\n|move|p2a: Sneasler|Dire Claw|p1a: Fezandipiti\n|-damage|p1a: Fezandipiti|38\/100\n|move|p1a: Fezandipiti|Brave Bird|p2a: Sneasler\n|-supereffective|p2a: Sneasler\n|-damage|p2a: Sneasler|0 fnt\n|faint|p2a: Sneasler\n|-damage|p1a: Fezandipiti|7\/100|[from] Recoil\n|\n|upkeep\n|\n|t:|1701078534\n|switch|p2a: Dusclops|Dusclops, F|100\/100\n|-ability|p2a: Dusclops|Pressure\n|turn|15\n|\n|t:|1701078542\n|move|p2a: Dusclops|Shadow Sneak|p1a: Fezandipiti\n|-damage|p1a: Fezandipiti|0 fnt\n|faint|p1a: Fezandipiti\n|\n|upkeep\n|\n|t:|1701078547\n|switch|p1a: Okidogi|Okidogi, M|100\/100\n|-damage|p1a: Okidogi|95\/100|[from] Stealth Rock\n|turn|16\n|\n|t:|1701078550\n|move|p1a: Okidogi|Knock Off|p2a: Dusclops\n|-supereffective|p2a: Dusclops\n|-damage|p2a: Dusclops|38\/100\n|-enditem|p2a: Dusclops|Eviolite|[from] move: Knock Off|[of] p1a: Okidogi\n|move|p2a: Dusclops|Will-O-Wisp|p1a: Okidogi\n|-status|p1a: Okidogi|brn\n|\n|-damage|p1a: Okidogi|89\/100 brn|[from] brn\n|upkeep\n|turn|17\n|\n|t:|1701078575\n|move|p1a: Okidogi|Knock Off|p2a: Dusclops\n|-supereffective|p2a: Dusclops\n|-damage|p2a: Dusclops|6\/100\n|move|p2a: Dusclops|Poltergeist|p1a: Okidogi\n|-activate|p1a: Okidogi|move: Poltergeist|Choice Band\n|-damage|p1a: Okidogi|50\/100 brn\n|\n|-damage|p1a: Okidogi|44\/100 brn|[from] brn\n|upkeep\n|turn|18\n|\n|t:|1701078578\n|move|p2a: Dusclops|Shadow Sneak|p1a: Okidogi\n|-damage|p1a: Okidogi|30\/100 brn\n|move|p1a: Okidogi|Knock Off|p2a: Dusclops\n|-supereffective|p2a: Dusclops\n|-crit|p2a: Dusclops\n|-damage|p2a: Dusclops|0 fnt\n|faint|p2a: Dusclops\n|\n|-damage|p1a: Okidogi|24\/100 brn|[from] brn\n|upkeep\n|\n|t:|1701078584\n|switch|p2a: Noivern|Noivern, F|100\/100\n|turn|19\n|\n|t:|1701078595\n|move|p2a: Noivern|Dragon Pulse|p1a: Okidogi\n|-damage|p1a: Okidogi|0 fnt\n|faint|p1a: Okidogi\n|\n|upkeep\n|\n|t:|1701078598\n|switch|p1a: Munkidori|Munkidori, M|100\/100\n|-damage|p1a: Munkidori|88\/100|[from] Stealth Rock\n|turn|20\n|\n|t:|1701078603\n|-zpower|p2a: Noivern\n|move|p2a: Noivern|Supersonic Skystrike|p1a: Munkidori|[zeffect]\n|-damage|p1a: Munkidori|0 fnt\n|faint|p1a: Munkidori\n|\n|win|Th3Soci3ty\n|raw|getsweeped11's rating: 1126 &rarr; <strong>1094<\/strong><br \/>(-32 for losing)\n|raw|Th3Soci3ty's rating: 1019 &rarr; <strong>1067<\/strong><br \/>(+48 for winning)\n|l|\u203dgetsweeped11\n","uploadtime":1701078609,"views":1,"p1id":"getsweeped11","p2id":"th3soci3ty","formatid":"gen9nationaldexubers","rating":1067,"private":0,"password":""}