{"id":"gen9nationaldexubers-1987353896","p1":"The_Gh0st_Shadow","p2":"kitmash","format":"[Gen 9] National Dex Ubers","log":"|j|\u203dThe_Gh0st_Shadow\n|j|\u2606kitmash\n|t:|1699580946\n|gametype|singles\n|player|p1|The_Gh0st_Shadow|ghetsis|1307\n|player|p2|kitmash|101|1495\n|teamsize|p1|6\n|teamsize|p2|6\n|gen|9\n|tier|[Gen 9] National Dex Ubers\n|rated|\n|rule|HP Percentage Mod: HP is shown in percentages\n|rule|Endless Battle Clause: Forcing endless battles is banned\n|rule|OHKO Clause: OHKO moves are banned\n|rule|Evasion Moves Clause: Evasion moves are banned\n|rule|Evasion Items Clause: Evasion items are banned\n|rule|Species Clause: Limit one of each Pok\u00e9mon\n|rule|Sleep Clause Mod: Limit one foe put to sleep\n|rule|Mega Rayquaza Clause: You cannot mega evolve Rayquaza\n|clearpoke\n|poke|p1|Xerneas-*|\n|poke|p1|Zygarde|\n|poke|p1|Yveltal|\n|poke|p1|Groudon|\n|poke|p1|Rayquaza|\n|poke|p1|Kyogre|\n|poke|p2|Ursaluna-Bloodmoon, M|\n|poke|p2|Chi-Yu|\n|poke|p2|Salamence, M|\n|poke|p2|Arceus-Poison|\n|poke|p2|Lugia|\n|poke|p2|Zacian-*|\n|teampreview\n|\n|t:|1699580957\n|start\n|switch|p1a: Groudon|Groudon, shiny|100\/100\n|switch|p2a: Lugia|Lugia|100\/100\n|detailschange|p1a: Groudon|Groudon-Primal, shiny\n|-primal|p1a: Groudon|Red Orb\n|-weather|DesolateLand|[from] ability: Desolate Land|[of] p1a: Groudon\n|turn|1\n|\n|t:|1699580964\n|move|p1a: Groudon|Rock Polish|p1a: Groudon\n|-boost|p1a: Groudon|spe|2\n|move|p2a: Lugia|Toxic|p1a: Groudon\n|-status|p1a: Groudon|tox\n|\n|-weather|DesolateLand|[upkeep]\n|-damage|p1a: Groudon|94\/100 tox|[from] psn\n|upkeep\n|turn|2\n|\n|t:|1699580972\n|switch|p2a: Salamence|Salamence, M|100\/100\n|-ability|p2a: Salamence|Intimidate|boost\n|-unboost|p1a: Groudon|atk|1\n|move|p1a: Groudon|Swords Dance|p1a: Groudon\n|-boost|p1a: Groudon|atk|2\n|\n|-weather|DesolateLand|[upkeep]\n|-damage|p1a: Groudon|82\/100 tox|[from] psn\n|upkeep\n|turn|3\n|\n|t:|1699580985\n|-weather|none\n|switch|p1a: Yveltal|Yveltal, shiny|100\/100\n|-ability|p1a: Yveltal|Dark Aura\n|detailschange|p2a: Salamence|Salamence-Mega, M\n|-mega|p2a: Salamence|Salamence|Salamencite\n|move|p2a: Salamence|Double-Edge|p1a: Yveltal\n|-damage|p1a: Yveltal|53\/100\n|-damage|p2a: Salamence|82\/100|[from] Recoil\n|\n|upkeep\n|turn|4\n|\n|t:|1699580995\n|switch|p2a: Arceus|Arceus-Poison|100\/100\n|move|p1a: Yveltal|Oblivion Wing|p2a: Arceus\n|-damage|p2a: Arceus|84\/100\n|-heal|p1a: Yveltal|65\/100|[from] drain|[of] p2a: Arceus\n|\n|upkeep\n|turn|5\n|\n|t:|1699581005\n|move|p1a: Yveltal|Taunt|p2a: Arceus\n|-start|p2a: Arceus|move: Taunt\n|move|p2a: Arceus|Gunk Shot|p1a: Yveltal\n|-damage|p1a: Yveltal|24\/100\n|\n|upkeep\n|turn|6\n|\n|t:|1699581012\n|switch|p1a: Groudon|Groudon-Primal, shiny|82\/100 tox\n|-weather|DesolateLand|[from] ability: Desolate Land|[of] p1a: Groudon\n|move|p2a: Arceus|Gunk Shot|p1a: Groudon\n|-resisted|p1a: Groudon\n|-damage|p1a: Groudon|64\/100 tox\n|\n|-weather|DesolateLand|[upkeep]\n|-damage|p1a: Groudon|57\/100 tox|[from] psn\n|upkeep\n|turn|7\n|\n|t:|1699581024\n|switch|p2a: Salamence|Salamence-Mega, M|82\/100\n|move|p1a: Groudon|Heat Crash|p2a: Salamence\n|-resisted|p2a: Salamence\n|-damage|p2a: Salamence|52\/100\n|\n|-weather|DesolateLand|[upkeep]\n|-damage|p1a: Groudon|45\/100 tox|[from] psn\n|upkeep\n|turn|8\n|\n|t:|1699581049\n|move|p1a: Groudon|Heat Crash|p2a: Salamence\n|-resisted|p2a: Salamence\n|-damage|p2a: Salamence|21\/100\n|move|p2a: Salamence|Roost|p2a: Salamence\n|-heal|p2a: Salamence|71\/100\n|-singleturn|p2a: Salamence|move: Roost\n|\n|-weather|DesolateLand|[upkeep]\n|-damage|p1a: Groudon|27\/100 tox|[from] psn\n|upkeep\n|turn|9\n|\n|t:|1699581059\n|move|p1a: Groudon|Swords Dance|p1a: Groudon\n|-boost|p1a: Groudon|atk|2\n|move|p2a: Salamence|Roost|p2a: Salamence\n|-heal|p2a: Salamence|100\/100\n|-singleturn|p2a: Salamence|move: Roost\n|\n|-weather|DesolateLand|[upkeep]\n|-damage|p1a: Groudon|2\/100 tox|[from] psn\n|upkeep\n|turn|10\n|\n|t:|1699581067\n|move|p1a: Groudon|Heat Crash|p2a: Salamence\n|-resisted|p2a: Salamence\n|-damage|p2a: Salamence|42\/100\n|move|p2a: Salamence|Roost|p2a: Salamence\n|-heal|p2a: Salamence|92\/100\n|-singleturn|p2a: Salamence|move: Roost\n|\n|-weather|DesolateLand|[upkeep]\n|-damage|p1a: Groudon|0 fnt|[from] psn\n|faint|p1a: Groudon\n|-weather|none\n|upkeep\n|\n|t:|1699581086\n|switch|p1a: Xerneas|Xerneas, shiny|100\/100\n|-ability|p1a: Xerneas|Fairy Aura\n|turn|11\n|\n|t:|1699581095\n|switch|p2a: Lugia|Lugia|100\/100\n|-zpower|p1a: Xerneas\n|move|p1a: Xerneas|Z-Geomancy||[anim]Geomancy|[still]\n|-boost|p1a: Xerneas|atk|1|[zeffect]\n|-boost|p1a: Xerneas|def|1|[zeffect]\n|-boost|p1a: Xerneas|spa|1|[zeffect]\n|-boost|p1a: Xerneas|spd|1|[zeffect]\n|-boost|p1a: Xerneas|spe|1|[zeffect]\n|-prepare|p1a: Xerneas|Geomancy\n|\n|upkeep\n|turn|12\n|\n|t:|1699581110\n|move|p1a: Xerneas|Geomancy|p1a: Xerneas|[from]lockedmove\n|-boost|p1a: Xerneas|spa|2\n|-boost|p1a: Xerneas|spd|2\n|-boost|p1a: Xerneas|spe|2\n|move|p2a: Lugia|Whirlwind|p1a: Xerneas\n|drag|p1a: Kyogre|Kyogre|100\/100\n|-weather|RainDance|[from] ability: Drizzle|[of] p1a: Kyogre\n|\n|-weather|RainDance|[upkeep]\n|upkeep\n|turn|13\n|\n|t:|1699581138\n|move|p1a: Kyogre|Water Spout|p2a: Lugia\n|-damage|p2a: Lugia|74\/100\n|move|p2a: Lugia|Toxic|p1a: Kyogre\n|-status|p1a: Kyogre|tox\n|\n|-weather|RainDance|[upkeep]\n|-damage|p1a: Kyogre|94\/100 tox|[from] psn\n|upkeep\n|turn|14\n|\n|t:|1699581147\n|switch|p1a: Yveltal|Yveltal, shiny|24\/100\n|-ability|p1a: Yveltal|Dark Aura\n|-terastallize|p2a: Lugia|Water\n|move|p2a: Lugia|Roost|p2a: Lugia\n|-heal|p2a: Lugia|100\/100\n|\n|-weather|RainDance|[upkeep]\n|upkeep\n|turn|15\n|\n|t:|1699581162\n|switch|p2a: Chi-Yu|Chi-Yu|100\/100\n|-ability|p2a: Chi-Yu|Beads of Ruin\n|move|p1a: Yveltal|Toxic|p2a: Chi-Yu\n|-status|p2a: Chi-Yu|tox\n|\n|-weather|RainDance|[upkeep]\n|-damage|p2a: Chi-Yu|95\/100 tox|[from] psn\n|upkeep\n|turn|16\n|\n|t:|1699581172\n|move|p1a: Yveltal|Oblivion Wing|p2a: Chi-Yu\n|-damage|p2a: Chi-Yu|53\/100 tox\n|-heal|p1a: Yveltal|41\/100|[from] drain|[of] p2a: Chi-Yu\n|move|p2a: Chi-Yu|Dark Pulse|p1a: Yveltal\n|-resisted|p1a: Yveltal\n|-damage|p1a: Yveltal|0 fnt\n|faint|p1a: Yveltal\n|\n|-weather|none\n|-damage|p2a: Chi-Yu|41\/100 tox|[from] psn\n|upkeep\n|inactive|Battle timer is ON: inactive players will automatically lose when time's up. (requested by kitmash)\n|\n|t:|1699581199\n|switch|p1a: Xerneas|Xerneas, shiny|100\/100\n|-ability|p1a: Xerneas|Fairy Aura\n|turn|17\n|\n|t:|1699581210\n|switch|p2a: Lugia|Lugia, tera:Water|100\/100\n|move|p1a: Xerneas|Geomancy||[still]\n|-prepare|p1a: Xerneas|Geomancy\n|\n|upkeep\n|turn|18\n|\n|t:|1699581215\n|move|p1a: Xerneas|Geomancy|p1a: Xerneas|[from]lockedmove\n|-boost|p1a: Xerneas|spa|2\n|-boost|p1a: Xerneas|spd|2\n|-boost|p1a: Xerneas|spe|2\n|move|p2a: Lugia|Toxic|p1a: Xerneas\n|-status|p1a: Xerneas|tox\n|\n|-damage|p1a: Xerneas|94\/100 tox|[from] psn\n|upkeep\n|turn|19\n|\n|t:|1699581223\n|move|p1a: Xerneas|Thunderbolt|p2a: Lugia\n|-supereffective|p2a: Lugia\n|-damage|p2a: Lugia|71\/100\n|move|p2a: Lugia|Whirlwind|p1a: Xerneas\n|drag|p1a: Kyogre|Kyogre|94\/100 tox\n|-weather|RainDance|[from] ability: Drizzle|[of] p1a: Kyogre\n|\n|-weather|RainDance|[upkeep]\n|-damage|p1a: Kyogre|88\/100 tox|[from] psn\n|upkeep\n|turn|20\n|-message|The_Gh0st_Shadow forfeited.\n|\n|win|kitmash\n|raw|The_Gh0st_Shadow's rating: 1307 &rarr; <strong>1297<\/strong><br \/>(-10 for losing)\n|raw|kitmash's rating: 1495 &rarr; <strong>1505<\/strong><br \/>(+10 for winning)\n|l|\u203dThe_Gh0st_Shadow\n","uploadtime":1699581238,"views":17,"p1id":"thegh0stshadow","p2id":"kitmash","formatid":"gen9nationaldexubers","rating":1297,"private":0,"password":""}