{"id":"gen9nationaldexubers-1989751443","p1":"iamatree98","p2":"LelouchZr","format":"[Gen 9] National Dex Ubers","log":"|j|\u2606iamatree98\n|j|\u2606LelouchZr\n|t:|1699892663\n|gametype|singles\n|player|p1|iamatree98|2|1663\n|player|p2|LelouchZr|n|1709\n|teamsize|p1|6\n|teamsize|p2|6\n|gen|9\n|tier|[Gen 9] National Dex Ubers\n|rated|\n|rule|HP Percentage Mod: HP is shown in percentages\n|rule|Endless Battle Clause: Forcing endless battles is banned\n|rule|OHKO Clause: OHKO moves are banned\n|rule|Evasion Moves Clause: Evasion moves are banned\n|rule|Evasion Items Clause: Evasion items are banned\n|rule|Species Clause: Limit one of each Pok\u00e9mon\n|rule|Sleep Clause Mod: Limit one foe put to sleep\n|rule|Mega Rayquaza Clause: You cannot mega evolve Rayquaza\n|clearpoke\n|poke|p1|Magearna|\n|poke|p1|Cresselia, F|\n|poke|p1|Rayquaza|\n|poke|p1|Porygon2|\n|poke|p1|Melmetal|\n|poke|p1|Kyogre|\n|poke|p2|Necrozma-Dusk-Mane|\n|poke|p2|Ho-Oh|\n|poke|p2|Marshadow|\n|poke|p2|Yveltal|\n|poke|p2|Zygarde|\n|poke|p2|Kyogre|\n|teampreview\n|inactive|Battle timer is ON: inactive players will automatically lose when time's up. (requested by LelouchZr)\n|\n|t:|1699892670\n|start\n|switch|p1a: Porygon2|Porygon2|100\/100\n|switch|p2a: Kyogre|Kyogre|100\/100\n|-weather|RainDance|[from] ability: Drizzle|[of] p1a: Porygon2\n|-ability|p1a: Porygon2|Drizzle|[from] ability: Trace|[of] p2a: Kyogre\n|detailschange|p2a: Kyogre|Kyogre-Primal\n|-primal|p2a: Kyogre|Blue Orb\n|-weather|PrimordialSea|[from] ability: Primordial Sea|[of] p2a: Kyogre\n|turn|1\n|\n|t:|1699892684\n|move|p2a: Kyogre|Water Spout|p1a: Porygon2\n|-damage|p1a: Porygon2|21\/100\n|move|p1a: Porygon2|Trick Room|p1a: Porygon2\n|-fieldstart|move: Trick Room|[of] p1a: Porygon2\n|\n|-weather|PrimordialSea|[upkeep]\n|upkeep\n|turn|2\n|\n|t:|1699892691\n|switch|p1a: Rayquaza|Rayquaza|100\/100\n|-ability|p1a: Rayquaza|Air Lock\n|move|p2a: Kyogre|Scald|p1a: Rayquaza\n|-resisted|p1a: Rayquaza\n|-damage|p1a: Rayquaza|74\/100\n|\n|-weather|PrimordialSea|[upkeep]\n|upkeep\n|turn|3\n|\n|t:|1699892700\n|move|p1a: Rayquaza|Dragon Ascent|p2a: Kyogre\n|-damage|p2a: Kyogre|0 fnt\n|-unboost|p1a: Rayquaza|def|1\n|-unboost|p1a: Rayquaza|spd|1\n|faint|p2a: Kyogre\n|-weather|none\n|\n|upkeep\n|\n|t:|1699892717\n|switch|p2a: Marshadow|Marshadow|100\/100\n|turn|4\n|\n|t:|1699892725\n|switch|p1a: Porygon2|Porygon2|21\/100\n|-ability|p1a: Porygon2|Technician|[from] ability: Trace|[of] p2a: Marshadow\n|move|p2a: Marshadow|Endeavor|p1a: Porygon2\n|-immune|p1a: Porygon2\n|\n|upkeep\n|turn|5\n|j| Siyah31\n|l| Siyah31\n|\n|t:|1699892735\n|move|p1a: Porygon2|Recover|p1a: Porygon2\n|-heal|p1a: Porygon2|72\/100\n|move|p2a: Marshadow|Close Combat|p1a: Porygon2\n|-supereffective|p1a: Porygon2\n|-damage|p1a: Porygon2|0 fnt\n|-unboost|p2a: Marshadow|def|1\n|-unboost|p2a: Marshadow|spd|1\n|faint|p1a: Porygon2\n|\n|-fieldend|move: Trick Room\n|upkeep\n|\n|t:|1699892738\n|switch|p1a: Magearna|Magearna|100\/100\n|turn|6\n|\n|t:|1699892759\n|switch|p2a: Ho-Oh|Ho-Oh|100\/100\n|move|p1a: Magearna|Trick Room|p1a: Magearna\n|-fieldstart|move: Trick Room|[of] p1a: Magearna\n|\n|upkeep\n|turn|7\n|\n|t:|1699892769\n|switch|p1a: Kyogre|Kyogre|100\/100\n|detailschange|p1a: Kyogre|Kyogre-Primal\n|-primal|p1a: Kyogre|Blue Orb\n|-weather|PrimordialSea|[from] ability: Primordial Sea|[of] p1a: Kyogre\n|move|p2a: Ho-Oh|Sacred Fire||[still]\n|-fail|p2a: Ho-Oh|Sacred Fire|[from] Primordial Sea\n|\n|-weather|PrimordialSea|[upkeep]\n|upkeep\n|turn|8\n|\n|t:|1699892778\n|-terastallize|p2a: Ho-Oh|Fairy\n|move|p1a: Kyogre|Water Spout|p2a: Ho-Oh\n|-damage|p2a: Ho-Oh|12\/100\n|move|p2a: Ho-Oh|Brave Bird|p1a: Kyogre\n|-damage|p1a: Kyogre|51\/100\n|-damage|p2a: Ho-Oh|0 fnt|[from] Recoil\n|faint|p2a: Ho-Oh\n|\n|-weather|PrimordialSea|[upkeep]\n|upkeep\n|\n|t:|1699892791\n|switch|p2a: Marshadow|Marshadow|100\/100\n|turn|9\n|\n|t:|1699892807\n|-weather|none\n|switch|p1a: Melmetal|Melmetal|100\/100\n|move|p2a: Marshadow|Spectral Thief|p1a: Melmetal\n|-damage|p1a: Melmetal|75\/100\n|\n|upkeep\n|turn|10\n|\n|t:|1699892817\n|switch|p2a: Zygarde|Zygarde|100\/100\n|-terastallize|p1a: Melmetal|Steel\n|move|p1a: Melmetal|Double Iron Bash|p2a: Zygarde\n|-damage|p2a: Zygarde|49\/100\n|-damage|p2a: Zygarde|0 fnt\n|faint|p2a: Zygarde\n|-hitcount|p2: Zygarde|2\n|\n|-fieldend|move: Trick Room\n|upkeep\n|\n|t:|1699892829\n|switch|p2a: Necrozma|Necrozma-Dusk-Mane|100\/100\n|turn|11\n|\n|t:|1699892835\n|move|p2a: Necrozma|Dragon Dance|p2a: Necrozma\n|-boost|p2a: Necrozma|atk|1\n|-boost|p2a: Necrozma|spe|1\n|move|p1a: Melmetal|Double Iron Bash|p2a: Necrozma\n|-resisted|p2a: Necrozma\n|-damage|p2a: Necrozma|64\/100\n|-resisted|p2a: Necrozma\n|-damage|p2a: Necrozma|24\/100\n|-hitcount|p2a: Necrozma|2\n|\n|upkeep\n|turn|12\n|\n|t:|1699892844\n|switch|p1a: Rayquaza|Rayquaza|74\/100\n|-ability|p1a: Rayquaza|Air Lock\n|detailschange|p2a: Necrozma|Necrozma-Ultra\n|-burst|p2a: Necrozma|Necrozma|Ultranecrozium Z\n|move|p2a: Necrozma|Earthquake|p1a: Rayquaza\n|-immune|p1a: Rayquaza\n|\n|upkeep\n|turn|13\n|\n|t:|1699892855\n|move|p1a: Rayquaza|Extreme Speed|p2a: Necrozma\n|-damage|p2a: Necrozma|0 fnt\n|faint|p2a: Necrozma\n|\n|upkeep\n|\n|t:|1699892860\n|switch|p2a: Yveltal|Yveltal, shiny|100\/100\n|-ability|p2a: Yveltal|Dark Aura\n|turn|14\n|\n|t:|1699892870\n|switch|p1a: Magearna|Magearna|100\/100\n|move|p2a: Yveltal|Heat Wave|p1a: Magearna\n|-supereffective|p1a: Magearna\n|-damage|p1a: Magearna|46\/100\n|-status|p1a: Magearna|brn\n|\n|-damage|p1a: Magearna|40\/100 brn|[from] brn\n|upkeep\n|turn|15\n|\n|t:|1699892880\n|move|p2a: Yveltal|Dark Pulse|p1a: Magearna\n|-resisted|p1a: Magearna\n|-damage|p1a: Magearna|19\/100 brn\n|move|p1a: Magearna|Trick Room|p1a: Magearna\n|-fieldstart|move: Trick Room|[of] p1a: Magearna\n|\n|-damage|p1a: Magearna|13\/100 brn|[from] brn\n|upkeep\n|turn|16\n|\n|t:|1699892889\n|move|p2a: Yveltal|Sucker Punch|p1a: Magearna\n|-resisted|p1a: Magearna\n|-damage|p1a: Magearna|0 fnt\n|faint|p1a: Magearna\n|\n|upkeep\n|\n|t:|1699892892\n|switch|p1a: Melmetal|Melmetal, tera:Steel|75\/100\n|turn|17\n|\n|t:|1699892898\n|move|p1a: Melmetal|Double Iron Bash|p2a: Yveltal\n|-damage|p2a: Yveltal|20\/100\n|-damage|p2a: Yveltal|0 fnt\n|faint|p2a: Yveltal\n|-hitcount|p2: Yveltal|2\n|\n|upkeep\n|-message|LelouchZr forfeited.\n|\n|win|iamatree98\n|raw|iamatree98's rating: 1663 &rarr; <strong>1686<\/strong><br \/>(+23 for winning)\n|raw|LelouchZr's rating: 1709 &rarr; <strong>1686<\/strong><br \/>(-23 for losing)\n","uploadtime":1699892915,"views":12,"p1id":"iamatree98","p2id":"lelouchzr","formatid":"gen9nationaldexubers","rating":1686,"private":0,"password":""}