{"id":"gen9nationaldexubers-1998787183","p1":"Username2344","p2":"Sanjog29","format":"[Gen 9] National Dex Ubers","log":"|j|\u2606Username2344\n|j|\u2606Sanjog29\n|t:|1700990801\n|gametype|singles\n|player|p1|Username2344|pokemonranger-gen4|\n|player|p2|Sanjog29|dawn|\n|teamsize|p1|6\n|teamsize|p2|6\n|gen|9\n|tier|[Gen 9] National Dex Ubers\n|rule|HP Percentage Mod: HP is shown in percentages\n|rule|Endless Battle Clause: Forcing endless battles is banned\n|rule|OHKO Clause: OHKO moves are banned\n|rule|Evasion Moves Clause: Evasion moves are banned\n|rule|Evasion Items Clause: Evasion items are banned\n|rule|Species Clause: Limit one of each Pok\u00e9mon\n|rule|Sleep Clause Mod: Limit one foe put to sleep\n|rule|Mega Rayquaza Clause: You cannot mega evolve Rayquaza\n|rule|Sleep Moves Clause: Sleep-inducing moves are banned\n|rule|Terastal Clause: You cannot Terastallize\n|clearpoke\n|poke|p1|Celesteela|\n|poke|p1|Keldeo-Resolute|\n|poke|p1|Latias, F|\n|poke|p1|Zeraora|\n|poke|p1|Serperior, F|\n|poke|p1|Runerigus, M|\n|poke|p2|Cosmoem|\n|poke|p2|Ribombee, M|\n|poke|p2|Barraskewda, M|\n|poke|p2|Pelipper, M|\n|poke|p2|Walking Wake|\n|poke|p2|Pyukumuku, F|\n|teampreview\n|c|\u2606Username2344|Wh\n|j| Adv. Avilash\n|inactive|Battle timer is ON: inactive players will automatically lose when time's up. (requested by Username2344)\n|\n|t:|1700990934\n|start\n|switch|p1a: Zeraora|Zeraora|100\/100\n|switch|p2a: Pelipper|Pelipper, M|100\/100\n|-weather|RainDance|[from] ability: Drizzle|[of] p2a: Pelipper\n|turn|1\n|\n|t:|1700990947\n|switch|p2a: Pyukumuku|Pyukumuku, F|100\/100\n|move|p1a: Zeraora|Plasma Fists|p2a: Pyukumuku\n|-supereffective|p2a: Pyukumuku\n|-damage|p2a: Pyukumuku|0 fnt\n|-fieldactivate|move: Ion Deluge\n|-hint|Normal-type moves become Electric-type after using Plasma Fists.\n|-damage|p1a: Zeraora|1\/100|[from] ability: Innards Out|[of] p2a: Pyukumuku\n|faint|p2a: Pyukumuku\n|\n|-weather|RainDance|[upkeep]\n|upkeep\n|c|\u2606Username2344|Damn\n|j| Rowlet69420\n|c| Adv. Avilash|noice\n|\n|t:|1700990976\n|switch|p2a: Barraskewda|Barraskewda, M|100\/100\n|turn|2\n|\n|t:|1700990983\n|switch|p1a: Serperior|Serperior, F|100\/100\n|move|p2a: Barraskewda|Surging Strikes|p1a: Serperior\n|-resisted|p1a: Serperior\n|-crit|p1a: Serperior\n|-damage|p1a: Serperior|79\/100\n|-damage|p2a: Barraskewda|84\/100|[from] item: Rocky Helmet|[of] p1a: Serperior\n|-resisted|p1a: Serperior\n|-crit|p1a: Serperior\n|-damage|p1a: Serperior|56\/100\n|-damage|p2a: Barraskewda|68\/100|[from] item: Rocky Helmet|[of] p1a: Serperior\n|-resisted|p1a: Serperior\n|-crit|p1a: Serperior\n|-damage|p1a: Serperior|33\/100\n|-damage|p2a: Barraskewda|51\/100|[from] item: Rocky Helmet|[of] p1a: Serperior\n|-hitcount|p1a: Serperior|3\n|\n|-weather|RainDance|[upkeep]\n|upkeep\n|turn|3\n|j| Swagata2004\n|\n|t:|1700991002\n|switch|p2a: Cosmoem|Cosmoem|100\/100\n|move|p1a: Serperior|Giga Drain|p2a: Cosmoem\n|-damage|p2a: Cosmoem|87\/100\n|-heal|p1a: Serperior|40\/100|[from] drain|[of] p2a: Cosmoem\n|\n|-weather|RainDance|[upkeep]\n|upkeep\n|turn|4\n|\n|t:|1700991018\n|move|p1a: Serperior|Substitute|p1a: Serperior\n|-start|p1a: Serperior|Substitute\n|-damage|p1a: Serperior|15\/100\n|move|p2a: Cosmoem|Teleport|p2a: Cosmoem\n|\n|t:|1700991021\n|switch|p2a: Ribombee|Ribombee, M|100\/100|[from] Teleport\n|\n|-weather|RainDance|[upkeep]\n|upkeep\n|turn|5\n|\n|t:|1700991027\n|move|p2a: Ribombee|Bug Buzz|p1a: Serperior\n|-supereffective|p1a: Serperior\n|-damage|p1a: Serperior|0 fnt\n|faint|p1a: Serperior\n|\n|-weather|RainDance|[upkeep]\n|upkeep\n|c| Rowlet69420|cosmoem fr\n|c| Adv. Avilash|tf\n|\n|t:|1700991035\n|switch|p1a: Zeraora|Zeraora|1\/100\n|turn|6\n|\n|t:|1700991041\n|move|p2a: Ribombee|Bug Buzz|p1a: Zeraora\n|-damage|p1a: Zeraora|0 fnt\n|faint|p1a: Zeraora\n|\n|-weather|RainDance|[upkeep]\n|upkeep\n|c| Adv. Avilash|fr style\n|\n|t:|1700991057\n|switch|p1a: Celesteela|Celesteela|100\/100\n|turn|7\n|c| Swagata2004|Na\n|\n|t:|1700991064\n|switch|p2a: Cosmoem|Cosmoem|87\/100\n|move|p1a: Celesteela|Autotomize|p1a: Celesteela\n|-boost|p1a: Celesteela|spe|2\n|-start|p1a: Celesteela|Autotomize\n|\n|-weather|RainDance|[upkeep]\n|upkeep\n|turn|8\n|c| Swagata2004|Moves pay\n|c| Swagata2004|And onek bulky\n|\n|t:|1700991077\n|move|p1a: Celesteela|Meteor Beam||[still]\n|-prepare|p1a: Celesteela|Meteor Beam\n|-boost|p1a: Celesteela|spa|1\n|-enditem|p1a: Celesteela|Power Herb\n|-anim|p1a: Celesteela|Meteor Beam|p2a: Cosmoem\n|-damage|p2a: Cosmoem|60\/100\n|move|p2a: Cosmoem|Teleport|p2a: Cosmoem\n|c| Swagata2004|Ayo\n|c|\u2606Sanjog29|Move gulo ban na?\n|inactive|Sanjog29 has 270 seconds left.\n|c| Adv. Avilash|nah\n|c|\u2606Username2344|Nah\n|c| Adv. Avilash|j default pay\n|c| Adv. Avilash|se use korte parba\n|c| Swagata2004|Na default pele can use notes e likhe diyechilam\n|c| Swagata2004|Rules eo\n|\n|t:|1700991127\n|switch|p2a: Walking Wake|Walking Wake|100\/100|[from] Teleport\n|-enditem|p2a: Walking Wake|Booster Energy\n|-activate|p2a: Walking Wake|ability: Protosynthesis|[fromitem]\n|-start|p2a: Walking Wake|protosynthesisspa\n|\n|-weather|none\n|upkeep\n|turn|9\n|inactive|Sanjog29 has 240 seconds left.\n|\n|t:|1700991149\n|move|p1a: Celesteela|Bleakwind Storm|p2a: Walking Wake|[miss]\n|-miss|p1a: Celesteela|p2a: Walking Wake\n|move|p2a: Walking Wake|Aqua Step|p1a: Celesteela\n|-damage|p1a: Celesteela|75\/100\n|-boost|p2a: Walking Wake|spe|1\n|\n|upkeep\n|turn|10\n|inactive|Sanjog29 has 240 seconds left.\n|c|\u2606Username2344|...\n|c| Swagata2004|Sad steela\n|\n|t:|1700991162\n|move|p2a: Walking Wake|Flamethrower|p1a: Celesteela\n|-supereffective|p1a: Celesteela\n|-damage|p1a: Celesteela|0 fnt\n|faint|p1a: Celesteela\n|\n|upkeep\n|\n|t:|1700991172\n|switch|p1a: Keldeo|Keldeo-Resolute|100\/100\n|turn|11\n|c| Swagata2004|Would that kill?\n|\n|t:|1700991178\n|move|p2a: Walking Wake|Dynamax Cannon|p1a: Keldeo\n|-damage|p1a: Keldeo|29\/100\n|move|p1a: Keldeo|Secret Sword|p2a: Walking Wake\n|-damage|p2a: Walking Wake|26\/100\n|\n|upkeep\n|turn|12\n|\n|t:|1700991186\n|move|p2a: Walking Wake|Dynamax Cannon|p1a: Keldeo\n|-damage|p1a: Keldeo|0 fnt\n|faint|p1a: Keldeo\n|\n|upkeep\n|\n|t:|1700991189\n|switch|p1a: Runerigus|Runerigus, M|100\/100\n|turn|13\n|\n|t:|1700991193\n|move|p2a: Walking Wake|Steam Eruption|p1a: Runerigus\n|-supereffective|p1a: Runerigus\n|-damage|p1a: Runerigus|0 fnt\n|faint|p1a: Runerigus\n|\n|upkeep\n|\n|t:|1700991196\n|switch|p1a: Latias|Latias, F|100\/100\n|turn|14\n|c|\u2606Username2344|Gg\n|c| Swagata2004|Rainchod\n|\n|t:|1700991208\n|move|p2a: Walking Wake|Dynamax Cannon|p1a: Latias\n|-supereffective|p1a: Latias\n|-damage|p1a: Latias|0 fnt\n|faint|p1a: Latias\n|\n|win|Sanjog29\n|c|\u2606Sanjog29|Gg\n|l| Rowlet69420\n|c| Swagata2004|Sanjog da format wise post kore diyo\n|l| Adv. Avilash\n|c|\u2606Sanjog29|Wait format ta de to\n|c|\u2606Sanjog29|In\n|c|\u2606Sanjog29|Ib\n|l| Swagata2004\n|j| Beast2004\n|j| Swagata2004\n|l| Swagata2004\n|l|\u2606Username2344\n|l| Beast2004\n","uploadtime":1700991224,"views":14,"p1id":"username2344","p2id":"sanjog29","formatid":"gen9nationaldexubers","rating":0,"private":0,"password":""}