{"id":"gen9nationaldexubers-1988495413","p1":"Leo mate","p2":"Xzifzifzgi","format":"[Gen 9] National Dex Ubers","log":"|j|\u2606Leo mate\n|j|\u2606Xzifzifzgi\n|t:|1699729078\n|gametype|singles\n|player|p1|Leo mate|lady|1058\n|player|p2|Xzifzifzgi|hilbert|1000\n|teamsize|p1|6\n|teamsize|p2|6\n|gen|9\n|tier|[Gen 9] National Dex Ubers\n|rated|\n|rule|HP Percentage Mod: HP is shown in percentages\n|rule|Endless Battle Clause: Forcing endless battles is banned\n|rule|OHKO Clause: OHKO moves are banned\n|rule|Evasion Moves Clause: Evasion moves are banned\n|rule|Evasion Items Clause: Evasion items are banned\n|rule|Species Clause: Limit one of each Pok\u00e9mon\n|rule|Sleep Clause Mod: Limit one foe put to sleep\n|rule|Mega Rayquaza Clause: You cannot mega evolve Rayquaza\n|clearpoke\n|poke|p1|Sneasler, F|\n|poke|p1|Zoroark-Hisui, M|\n|poke|p1|Grimmsnarl, M|\n|poke|p1|Ogerpon-Hearthflame, F|\n|poke|p1|Heracross, F|\n|poke|p1|Basculegion, M|\n|poke|p2|Steelix, M|\n|poke|p2|Giratina-Origin|\n|poke|p2|Garchomp, M|\n|poke|p2|Cinderace, F|\n|poke|p2|Swampert, M|\n|poke|p2|Regieleki|\n|teampreview\n|inactive|Battle timer is ON: inactive players will automatically lose when time's up. (requested by Leo mate)\n|\n|t:|1699729089\n|start\n|switch|p1a: Grimmsnarl|Grimmsnarl, M|100\/100\n|switch|p2a: Steelix|Steelix, M|100\/100\n|turn|1\n|\n|t:|1699729095\n|move|p1a: Grimmsnarl|Taunt|p2a: Steelix\n|-start|p2a: Steelix|move: Taunt\n|move|p2a: Steelix|Gyro Ball|p1a: Grimmsnarl\n|-supereffective|p1a: Grimmsnarl\n|-damage|p1a: Grimmsnarl|35\/100\n|\n|upkeep\n|turn|2\n|\n|t:|1699729105\n|move|p1a: Grimmsnarl|Reflect|p1a: Grimmsnarl\n|-sidestart|p1: Leo mate|Reflect\n|move|p2a: Steelix|Gyro Ball|p1a: Grimmsnarl\n|-supereffective|p1a: Grimmsnarl\n|-damage|p1a: Grimmsnarl|2\/100\n|\n|upkeep\n|turn|3\n|\n|t:|1699729109\n|move|p1a: Grimmsnarl|Light Screen|p1a: Grimmsnarl\n|-sidestart|p1: Leo mate|move: Light Screen\n|move|p2a: Steelix|Earthquake|p1a: Grimmsnarl\n|-damage|p1a: Grimmsnarl|0 fnt\n|faint|p1a: Grimmsnarl\n|\n|-end|p2a: Steelix|move: Taunt\n|upkeep\n|\n|t:|1699729120\n|switch|p1a: Basculegion|Basculegion, M|100\/100\n|turn|4\n|\n|t:|1699729125\n|move|p1a: Basculegion|Nasty Plot|p1a: Basculegion\n|-boost|p1a: Basculegion|spa|2\n|move|p2a: Steelix|Stealth Rock|p1a: Basculegion\n|-sidestart|p1: Leo mate|move: Stealth Rock\n|\n|upkeep\n|turn|5\n|\n|t:|1699729141\n|move|p1a: Basculegion|Flamethrower|p2a: Steelix\n|-supereffective|p2a: Steelix\n|-ability|p2a: Steelix|Sturdy\n|-damage|p2a: Steelix|1\/100\n|move|p2a: Steelix|Gyro Ball|p1a: Basculegion\n|-damage|p1a: Basculegion|38\/100\n|replace|p1a: Zoroark|Zoroark-Hisui, M\n|-end|p1a: Zoroark|Illusion\n|\n|upkeep\n|turn|6\n|\n|t:|1699729152\n|move|p1a: Zoroark|Hex|p2a: Steelix\n|-damage|p2a: Steelix|0 fnt\n|faint|p2a: Steelix\n|\n|upkeep\n|\n|t:|1699729161\n|switch|p2a: Cinderace|Cinderace, F|100\/100\n|turn|7\n|\n|t:|1699729178\n|move|p2a: Cinderace|Pyro Ball|p1a: Zoroark\n|-damage|p1a: Zoroark|0 fnt\n|faint|p1a: Zoroark\n|-damage|p2a: Cinderace|91\/100|[from] item: Life Orb\n|\n|upkeep\n|\n|t:|1699729194\n|switch|p1a: Sneasler|Sneasler, F|100\/100\n|-damage|p1a: Sneasler|95\/100|[from] Stealth Rock\n|turn|8\n|\n|t:|1699729214\n|switch|p2a: Giratina|Giratina-Origin|100\/100\n|move|p1a: Sneasler|Swords Dance|p1a: Sneasler\n|-boost|p1a: Sneasler|atk|2\n|\n|upkeep\n|turn|9\n|\n|t:|1699729218\n|move|p1a: Sneasler|Fling|p2a: Giratina\n|-supereffective|p2a: Giratina\n|-damage|p2a: Giratina|0 fnt\n|-enditem|p1a: Sneasler|Big Nugget|[from] move: Fling\n|faint|p2a: Giratina\n|\n|-sideend|p1: Leo mate|Reflect\n|upkeep\n|\n|t:|1699729239\n|switch|p2a: Regieleki|Regieleki|100\/100\n|turn|10\n|\n|t:|1699729246\n|move|p1a: Sneasler|Acrobatics|p2a: Regieleki\n|-resisted|p2a: Regieleki\n|-damage|p2a: Regieleki|24\/100\n|move|p2a: Regieleki|Thunderbolt|p1a: Sneasler\n|-damage|p1a: Sneasler|57\/100\n|\n|-sideend|p1: Leo mate|move: Light Screen\n|upkeep\n|turn|11\n|\n|t:|1699729254\n|move|p1a: Sneasler|Acrobatics|p2a: Regieleki\n|-resisted|p2a: Regieleki\n|-damage|p2a: Regieleki|0 fnt\n|faint|p2a: Regieleki\n|\n|upkeep\n|\n|t:|1699729257\n|switch|p2a: Garchomp|Garchomp, M|100\/100\n|turn|12\n|\n|t:|1699729266\n|move|p1a: Sneasler|Close Combat|p2a: Garchomp\n|-damage|p2a: Garchomp|0 fnt\n|-unboost|p1a: Sneasler|def|1\n|-unboost|p1a: Sneasler|spd|1\n|-damage|p1a: Sneasler|45\/100|[from] ability: Rough Skin|[of] p2a: Garchomp\n|faint|p2a: Garchomp\n|\n|upkeep\n|\n|t:|1699729273\n|switch|p2a: Swampert|Swampert, M|100\/100\n|turn|13\n|\n|t:|1699729278\n|detailschange|p2a: Swampert|Swampert-Mega, M\n|-mega|p2a: Swampert|Swampert|Swampertite\n|move|p1a: Sneasler|Close Combat|p2a: Swampert\n|-damage|p2a: Swampert|0 fnt\n|-unboost|p1a: Sneasler|def|1\n|-unboost|p1a: Sneasler|spd|1\n|faint|p2a: Swampert\n|\n|upkeep\n|\n|t:|1699729285\n|switch|p2a: Cinderace|Cinderace, F|91\/100\n|turn|14\n|\n|t:|1699729291\n|move|p2a: Cinderace|Sucker Punch|p1a: Sneasler\n|-start|p2a: Cinderace|typechange|Dark|[from] ability: Libero\n|-resisted|p1a: Sneasler\n|-damage|p1a: Sneasler|0 fnt\n|faint|p1a: Sneasler\n|-damage|p2a: Cinderace|81\/100|[from] item: Life Orb\n|\n|upkeep\n|\n|t:|1699729310\n|switch|p1a: Heracross|Heracross, F|100\/100\n|-damage|p1a: Heracross|88\/100|[from] Stealth Rock\n|turn|15\n|\n|t:|1699729320\n|detailschange|p1a: Heracross|Heracross-Mega, F\n|-mega|p1a: Heracross|Heracross|Heracronite\n|move|p2a: Cinderace|Pyro Ball|p1a: Heracross\n|-supereffective|p1a: Heracross\n|-damage|p1a: Heracross|0 fnt\n|faint|p1a: Heracross\n|-damage|p2a: Cinderace|71\/100|[from] item: Life Orb\n|\n|upkeep\n|\n|t:|1699729325\n|switch|p1a: Ogerpon|Ogerpon-Hearthflame, F|100\/100\n|-damage|p1a: Ogerpon|76\/100|[from] Stealth Rock\n|-ability|p1a: Ogerpon|Mold Breaker\n|turn|16\n|\n|t:|1699729339\n|-terastallize|p2a: Cinderace|Rock\n|-terastallize|p1a: Ogerpon|Fire\n|detailschange|p1a: Ogerpon|Ogerpon-Hearthflame-Tera, F, tera:Fire\n|-ability|p1a: Ogerpon|Embody Aspect (Hearthflame)|boost\n|-boost|p1a: Ogerpon|atk|1\n|move|p2a: Cinderace|Tera Blast|p1a: Ogerpon|[anim] Tera Blast Rock\n|-supereffective|p1a: Ogerpon\n|-damage|p1a: Ogerpon|0 fnt\n|faint|p1a: Ogerpon\n|-damage|p2a: Cinderace|61\/100|[from] item: Life Orb\n|\n|upkeep\n|\n|t:|1699729346\n|switch|p1a: Basculegion|Basculegion, M|100\/100\n|-damage|p1a: Basculegion|88\/100|[from] Stealth Rock\n|turn|17\n|\n|t:|1699729351\n|move|p2a: Cinderace|Sucker Punch|p1a: Basculegion\n|-supereffective|p1a: Basculegion\n|-damage|p1a: Basculegion|0 fnt\n|faint|p1a: Basculegion\n|-damage|p2a: Cinderace|51\/100|[from] item: Life Orb\n|\n|win|Xzifzifzgi\n|raw|Leo mate's rating: 1058 &rarr; <strong>1036<\/strong><br \/>(-22 for losing)\n|raw|Xzifzifzgi's rating: 1000 &rarr; <strong>1047<\/strong><br \/>(+47 for winning)\n|l|\u2606Leo mate\n","uploadtime":1699729359,"views":9,"p1id":"leomate","p2id":"xzifzifzgi","formatid":"gen9nationaldexubers","rating":1036,"private":0,"password":""}