{"id":"gen9nationaldexubers-1981429284","p1":"Ephr1","p2":"Jackimaster","format":"[Gen 9] National Dex Ubers","log":"|j|\u2606Ephr1\n|j|\u2606Jackimaster\n|t:|1698894918\n|gametype|singles\n|player|p1|Ephr1|blackbelt-gen4dp|1048\n|player|p2|Jackimaster|unknown|1137\n|teamsize|p1|6\n|teamsize|p2|6\n|gen|9\n|tier|[Gen 9] National Dex Ubers\n|rated|\n|rule|HP Percentage Mod: HP is shown in percentages\n|rule|Endless Battle Clause: Forcing endless battles is banned\n|rule|OHKO Clause: OHKO moves are banned\n|rule|Evasion Moves Clause: Evasion moves are banned\n|rule|Evasion Items Clause: Evasion items are banned\n|rule|Species Clause: Limit one of each Pok\u00e9mon\n|rule|Sleep Clause Mod: Limit one foe put to sleep\n|rule|Mega Rayquaza Clause: You cannot mega evolve Rayquaza\n|clearpoke\n|poke|p1|Ferrothorn, F|\n|poke|p1|Greninja-*, M|\n|poke|p1|Cramorant, M|\n|poke|p1|Azumarill, M|\n|poke|p1|Zeraora|\n|poke|p1|Polteageist|\n|poke|p2|Garganacl, M|\n|poke|p2|Dragapult, F|\n|poke|p2|Meowscarada, F|\n|poke|p2|Sneasler, M|\n|poke|p2|Zeraora|\n|poke|p2|Grimmsnarl, M|\n|teampreview\n|inactive|Battle timer is ON: inactive players will automatically lose when time's up. (requested by Ephr1)\n|\n|t:|1698894923\n|start\n|switch|p1a: Polteageist|Polteageist|100\/100\n|switch|p2a: Grimmsnarl|Grimmsnarl, M, shiny|100\/100\n|turn|1\n|\n|t:|1698894931\n|move|p2a: Grimmsnarl|Taunt|p1a: Polteageist\n|-start|p1a: Polteageist|move: Taunt\n|cant|p1a: Polteageist|move: Taunt|Shell Smash\n|\n|upkeep\n|turn|2\n|\n|t:|1698894940\n|switch|p1a: Cramorant|Cramorant, M|100\/100\n|move|p2a: Grimmsnarl|Light Screen|p2a: Grimmsnarl\n|-sidestart|p2: Jackimaster|move: Light Screen\n|\n|upkeep\n|turn|3\n|\n|t:|1698894947\n|move|p2a: Grimmsnarl|Reflect|p2a: Grimmsnarl\n|-sidestart|p2: Jackimaster|Reflect\n|move|p1a: Cramorant|Whirlpool|p2a: Grimmsnarl\n|-damage|p2a: Grimmsnarl|95\/100\n|-activate|p2a: Grimmsnarl|move: Whirlpool|[of] p1a: Cramorant\n|\n|-damage|p2a: Grimmsnarl|82\/100|[from] move: Whirlpool|[partiallytrapped]\n|upkeep\n|turn|4\n|\n|t:|1698894965\n|switch|p1a: Azumarill|Azumarill, M|100\/100\n|move|p2a: Grimmsnarl|Spirit Break|p1a: Azumarill\n|-damage|p1a: Azumarill|70\/100\n|-unboost|p1a: Azumarill|spa|1\n|\n|-end|p2a: Grimmsnarl|Whirlpool|[partiallytrapped]|[silent]\n|upkeep\n|turn|5\n|\n|t:|1698894973\n|switch|p2a: Meowscarada|Meowscarada, F, shiny|100\/100\n|move|p1a: Azumarill|Whirlpool|p2a: Meowscarada\n|-resisted|p2a: Meowscarada\n|-damage|p2a: Meowscarada|98\/100\n|-activate|p2a: Meowscarada|move: Whirlpool|[of] p1a: Azumarill\n|\n|-damage|p2a: Meowscarada|86\/100|[from] move: Whirlpool|[partiallytrapped]\n|upkeep\n|turn|6\n|\n|t:|1698894985\n|move|p1a: Azumarill|Protect|p1a: Azumarill\n|-singleturn|p1a: Azumarill|Protect\n|move|p2a: Meowscarada|Flower Trick|p1a: Azumarill\n|-start|p2a: Meowscarada|typechange|Grass|[from] ability: Protean\n|-activate|p1a: Azumarill|move: Protect\n|\n|-damage|p2a: Meowscarada|74\/100|[from] move: Whirlpool|[partiallytrapped]\n|upkeep\n|turn|7\n|\n|t:|1698895000\n|move|p2a: Meowscarada|Knock Off|p1a: Azumarill\n|-resisted|p1a: Azumarill\n|-damage|p1a: Azumarill|50\/100\n|-enditem|p1a: Azumarill|Focus Sash|[from] move: Knock Off|[of] p2a: Meowscarada\n|-damage|p2a: Meowscarada|64\/100|[from] item: Life Orb\n|move|p1a: Azumarill|Perish Song|p1a: Azumarill\n|-start|p1a: Azumarill|perish3|[silent]\n|-start|p2a: Meowscarada|perish3|[silent]\n|-fieldactivate|move: Perish Song\n|\n|-damage|p2a: Meowscarada|52\/100|[from] move: Whirlpool|[partiallytrapped]\n|-start|p2a: Meowscarada|perish3\n|-start|p1a: Azumarill|perish3\n|upkeep\n|turn|8\n|\n|t:|1698895015\n|move|p1a: Azumarill|Protect|p1a: Azumarill\n|-singleturn|p1a: Azumarill|Protect\n|move|p2a: Meowscarada|Play Rough|p1a: Azumarill\n|-activate|p1a: Azumarill|move: Protect\n|\n|-damage|p2a: Meowscarada|40\/100|[from] move: Whirlpool|[partiallytrapped]\n|-start|p2a: Meowscarada|perish2\n|-start|p1a: Azumarill|perish2\n|upkeep\n|turn|9\n|\n|t:|1698895028\n|move|p2a: Meowscarada|Play Rough|p1a: Azumarill\n|-damage|p1a: Azumarill|12\/100\n|-damage|p2a: Meowscarada|30\/100|[from] item: Life Orb\n|move|p1a: Azumarill|Whirlpool|p2a: Meowscarada|[miss]\n|-miss|p1a: Azumarill|p2a: Meowscarada\n|\n|-end|p2a: Meowscarada|Whirlpool|[partiallytrapped]\n|-start|p2a: Meowscarada|perish1\n|-start|p1a: Azumarill|perish1\n|-sideend|p2: Jackimaster|move: Light Screen\n|upkeep\n|turn|10\n|\n|t:|1698895043\n|switch|p2a: Zeraora|Zeraora, shiny|100\/100\n|switch|p1a: Polteageist|Polteageist|100\/100\n|\n|-sideend|p2: Jackimaster|Reflect\n|upkeep\n|turn|11\n|\n|t:|1698895054\n|move|p2a: Zeraora|Plasma Fists|p1a: Polteageist\n|-damage|p1a: Polteageist|7\/100\n|-fieldactivate|move: Ion Deluge\n|-hint|Normal-type moves become Electric-type after using Plasma Fists.\n|-ability|p1a: Polteageist|Weak Armor|boost\n|-unboost|p1a: Polteageist|def|1\n|-boost|p1a: Polteageist|spe|2\n|move|p1a: Polteageist|Shell Smash|p1a: Polteageist\n|-unboost|p1a: Polteageist|def|1\n|-unboost|p1a: Polteageist|spd|1\n|-boost|p1a: Polteageist|atk|2\n|-boost|p1a: Polteageist|spa|2\n|-boost|p1a: Polteageist|spe|2\n|\n|upkeep\n|turn|12\n|\n|t:|1698895068\n|move|p1a: Polteageist|Sucker Punch|p2a: Zeraora\n|-damage|p2a: Zeraora|68\/100\n|move|p2a: Zeraora|Plasma Fists|p1a: Polteageist\n|-damage|p1a: Polteageist|0 fnt\n|-fieldactivate|move: Ion Deluge\n|-hint|Normal-type moves become Electric-type after using Plasma Fists.\n|faint|p1a: Polteageist\n|\n|upkeep\n|\n|t:|1698895079\n|switch|p1a: Ferrothorn|Ferrothorn, F|100\/100\n|turn|13\n|\n|t:|1698895091\n|switch|p2a: Dragapult|Dragapult, F, shiny|100\/100\n|move|p1a: Ferrothorn|Gyro Ball|p2a: Dragapult\n|-damage|p2a: Dragapult|34\/100\n|\n|upkeep\n|turn|14\n|\n|t:|1698895100\n|move|p2a: Dragapult|U-turn|p1a: Ferrothorn\n|-damage|p1a: Ferrothorn|90\/100\n|-damage|p2a: Dragapult|22\/100|[from] ability: Iron Barbs|[of] p1a: Ferrothorn\n|\n|t:|1698895104\n|switch|p2a: Grimmsnarl|Grimmsnarl, M, shiny|82\/100|[from] U-turn\n|move|p1a: Ferrothorn|Gyro Ball|p2a: Grimmsnarl\n|-supereffective|p2a: Grimmsnarl\n|-damage|p2a: Grimmsnarl|0 fnt\n|faint|p2a: Grimmsnarl\n|\n|-heal|p1a: Ferrothorn|96\/100|[from] item: Leftovers\n|upkeep\n|\n|t:|1698895110\n|switch|p2a: Dragapult|Dragapult, F, shiny|22\/100\n|turn|15\n|\n|t:|1698895117\n|move|p2a: Dragapult|Flamethrower|p1a: Ferrothorn\n|-supereffective|p1a: Ferrothorn\n|-damage|p1a: Ferrothorn|0 fnt\n|faint|p1a: Ferrothorn\n|\n|upkeep\n|\n|t:|1698895135\n|switch|p1a: Cramorant|Cramorant, M|100\/100\n|turn|16\n|\n|t:|1698895143\n|switch|p2a: Meowscarada|Meowscarada, F, shiny|30\/100\n|move|p1a: Cramorant|Surf|p2a: Meowscarada\n|-formechange|p1a: Cramorant|Cramorant-Gulping|\n|-resisted|p2a: Meowscarada\n|-damage|p2a: Meowscarada|3\/100\n|\n|upkeep\n|turn|17\n|\n|t:|1698895152\n|move|p2a: Meowscarada|Flower Trick|p1a: Cramorant\n|-start|p2a: Meowscarada|typechange|Grass|[from] ability: Protean\n|-crit|p1a: Cramorant\n|-damage|p1a: Cramorant|0 fnt\n|-damage|p2a: Meowscarada|0 fnt|[from] ability: Gulp Missile|[of] p1a: Cramorant\n|-formechange|p1a: Cramorant|Cramorant|\n|faint|p1a: Cramorant\n|faint|p2a: Meowscarada\n|\n|upkeep\n|\n|t:|1698895171\n|switch|p2a: Sneasler|Sneasler, M, shiny|100\/100\n|switch|p1a: Zeraora|Zeraora|100\/100\n|-item|p2a: Sneasler|Air Balloon\n|turn|18\n|\n|t:|1698895187\n|move|p1a: Zeraora|Plasma Fists|p2a: Sneasler\n|-damage|p2a: Sneasler|0 fnt\n|-fieldactivate|move: Ion Deluge\n|-hint|Normal-type moves become Electric-type after using Plasma Fists.\n|-enditem|p2a: Sneasler|Air Balloon\n|faint|p2a: Sneasler\n|-damage|p1a: Zeraora|91\/100|[from] item: Life Orb\n|\n|upkeep\n|\n|t:|1698895195\n|switch|p2a: Garganacl|Garganacl, M, shiny|100\/100\n|turn|19\n|\n|t:|1698895199\n|move|p1a: Zeraora|Drain Punch|p2a: Garganacl\n|-supereffective|p2a: Garganacl\n|-damage|p2a: Garganacl|59\/100\n|-heal|p1a: Zeraora|100\/100|[from] drain|[of] p2a: Garganacl\n|-damage|p1a: Zeraora|91\/100|[from] item: Life Orb\n|move|p2a: Garganacl|Iron Defense|p2a: Garganacl\n|-boost|p2a: Garganacl|def|2\n|\n|-heal|p2a: Garganacl|66\/100|[from] item: Leftovers\n|upkeep\n|turn|20\n|\n|t:|1698895213\n|move|p1a: Zeraora|Drain Punch|p2a: Garganacl\n|-supereffective|p2a: Garganacl\n|-damage|p2a: Garganacl|43\/100\n|-heal|p1a: Zeraora|100\/100|[from] drain|[of] p2a: Garganacl\n|-damage|p1a: Zeraora|91\/100|[from] item: Life Orb\n|move|p2a: Garganacl|Salt Cure|p1a: Zeraora\n|-damage|p1a: Zeraora|71\/100\n|-start|p1a: Zeraora|Salt Cure\n|\n|-heal|p2a: Garganacl|49\/100|[from] item: Leftovers\n|-damage|p1a: Zeraora|58\/100|[from] Salt Cure\n|upkeep\n|turn|21\n|\n|t:|1698895226\n|move|p1a: Zeraora|Drain Punch|p2a: Garganacl\n|-supereffective|p2a: Garganacl\n|-damage|p2a: Garganacl|27\/100\n|-heal|p1a: Zeraora|72\/100|[from] drain|[of] p2a: Garganacl\n|-damage|p1a: Zeraora|62\/100|[from] item: Life Orb\n|move|p2a: Garganacl|Recover|p2a: Garganacl\n|-heal|p2a: Garganacl|77\/100\n|\n|-heal|p2a: Garganacl|84\/100|[from] item: Leftovers\n|-damage|p1a: Zeraora|50\/100|[from] Salt Cure\n|upkeep\n|turn|22\n|\n|t:|1698895238\n|move|p1a: Zeraora|Echoed Voice|p2a: Garganacl\n|-resisted|p2a: Garganacl\n|-damage|p2a: Garganacl|79\/100\n|-damage|p1a: Zeraora|40\/100|[from] item: Life Orb\n|move|p2a: Garganacl|Iron Defense|p2a: Garganacl\n|-boost|p2a: Garganacl|def|2\n|\n|-heal|p2a: Garganacl|86\/100|[from] item: Leftovers\n|-damage|p1a: Zeraora|28\/100|[from] Salt Cure\n|upkeep\n|turn|23\n|\n|t:|1698895248\n|move|p1a: Zeraora|Drain Punch|p2a: Garganacl\n|-supereffective|p2a: Garganacl\n|-damage|p2a: Garganacl|72\/100\n|-heal|p1a: Zeraora|37\/100|[from] drain|[of] p2a: Garganacl\n|-damage|p1a: Zeraora|27\/100|[from] item: Life Orb\n|move|p2a: Garganacl|Iron Defense|p2a: Garganacl\n|-boost|p2a: Garganacl|def|2\n|\n|-heal|p2a: Garganacl|78\/100|[from] item: Leftovers\n|-damage|p1a: Zeraora|15\/100|[from] Salt Cure\n|upkeep\n|turn|24\n|\n|t:|1698895260\n|move|p1a: Zeraora|Drain Punch|p2a: Garganacl\n|-supereffective|p2a: Garganacl\n|-damage|p2a: Garganacl|66\/100\n|-heal|p1a: Zeraora|23\/100|[from] drain|[of] p2a: Garganacl\n|-damage|p1a: Zeraora|13\/100|[from] item: Life Orb\n|move|p2a: Garganacl|Recover|p2a: Garganacl\n|-heal|p2a: Garganacl|100\/100\n|\n|-damage|p1a: Zeraora|0 fnt|[from] Salt Cure\n|faint|p1a: Zeraora\n|upkeep\n|\n|t:|1698895273\n|switch|p1a: Greninja|Greninja, M|100\/100\n|turn|25\n|\n|t:|1698895278\n|move|p1a: Greninja|Ice Beam|p2a: Garganacl\n|-damage|p2a: Garganacl|76\/100\n|-damage|p1a: Greninja|91\/100|[from] item: Life Orb\n|move|p2a: Garganacl|Body Press|p1a: Greninja\n|-supereffective|p1a: Greninja\n|-damage|p1a: Greninja|0 fnt\n|faint|p1a: Greninja\n|\n|-heal|p2a: Garganacl|82\/100|[from] item: Leftovers\n|upkeep\n|\n|t:|1698895289\n|switch|p1a: Azumarill|Azumarill, M|12\/100\n|turn|26\n|\n|t:|1698895296\n|move|p1a: Azumarill|Protect|p1a: Azumarill\n|-singleturn|p1a: Azumarill|Protect\n|move|p2a: Garganacl|Salt Cure|p1a: Azumarill\n|-activate|p1a: Azumarill|move: Protect\n|\n|-heal|p2a: Garganacl|88\/100|[from] item: Leftovers\n|upkeep\n|turn|27\n|\n|t:|1698895308\n|move|p1a: Azumarill|Aqua Jet|p2a: Garganacl\n|-supereffective|p2a: Garganacl\n|-damage|p2a: Garganacl|85\/100\n|move|p2a: Garganacl|Salt Cure|p1a: Azumarill\n|-damage|p1a: Azumarill|0 fnt\n|faint|p1a: Azumarill\n|\n|win|Jackimaster\n|raw|Ephr1's rating: 1048 &rarr; <strong>1035<\/strong><br \/>(-13 for losing)\n|raw|Jackimaster's rating: 1137 &rarr; <strong>1156<\/strong><br \/>(+19 for winning)\n|l|\u2606Ephr1\n","uploadtime":1698895318,"views":10,"p1id":"ephr1","p2id":"jackimaster","formatid":"gen9nationaldexubers","rating":1035,"private":0,"password":""}