{"id":"gen9nationaldexubers-1995507812","p1":"Weirdful","p2":"nduifjgvbfgtnh","format":"[Gen 9] National Dex Ubers","log":"|j|\u203dWeirdful\n|j|\u2606nduifjgvbfgtnh\n|t:|1700578178\n|gametype|singles\n|player|p1|Weirdful|102|1305\n|player|p2|nduifjgvbfgtnh|flannery|1280\n|teamsize|p1|6\n|teamsize|p2|6\n|gen|9\n|tier|[Gen 9] National Dex Ubers\n|rated|\n|rule|HP Percentage Mod: HP is shown in percentages\n|rule|Endless Battle Clause: Forcing endless battles is banned\n|rule|OHKO Clause: OHKO moves are banned\n|rule|Evasion Moves Clause: Evasion moves are banned\n|rule|Evasion Items Clause: Evasion items are banned\n|rule|Species Clause: Limit one of each Pok\u00e9mon\n|rule|Sleep Clause Mod: Limit one foe put to sleep\n|rule|Mega Rayquaza Clause: You cannot mega evolve Rayquaza\n|clearpoke\n|poke|p1|Giratina-Origin|\n|poke|p1|Arceus-Water|\n|poke|p1|Groudon|\n|poke|p1|Yveltal|\n|poke|p1|Magearna|\n|poke|p1|Xerneas-*|\n|poke|p2|Zacian-*|\n|poke|p2|Marshadow|\n|poke|p2|Groudon|\n|poke|p2|Spectrier|\n|poke|p2|Pawmot, F|\n|poke|p2|Eternatus|\n|teampreview\n|\n|t:|1700578192\n|start\n|switch|p1a: Xerneas|Xerneas|100\/100\n|switch|p2a: Groudon|Groudon|100\/100\n|-ability|p1a: Xerneas|Fairy Aura\n|detailschange|p2a: Groudon|Groudon-Primal\n|-primal|p2a: Groudon|Red Orb\n|-weather|DesolateLand|[from] ability: Desolate Land|[of] p2a: Groudon\n|turn|1\n|\n|t:|1700578202\n|move|p1a: Xerneas|Geomancy||[still]\n|-prepare|p1a: Xerneas|Geomancy\n|-enditem|p1a: Xerneas|Power Herb\n|-anim|p1a: Xerneas|Geomancy|p1a: Xerneas\n|-boost|p1a: Xerneas|spa|2\n|-boost|p1a: Xerneas|spd|2\n|-boost|p1a: Xerneas|spe|2\n|move|p2a: Groudon|Precipice Blades|p1a: Xerneas\n|-damage|p1a: Xerneas|35\/100\n|\n|-weather|DesolateLand|[upkeep]\n|upkeep\n|turn|2\n|\n|t:|1700578209\n|move|p1a: Xerneas|Moonblast|p2a: Groudon\n|-resisted|p2a: Groudon\n|-damage|p2a: Groudon|34\/100\n|move|p2a: Groudon|Precipice Blades|p1a: Xerneas|[miss]\n|-miss|p2a: Groudon|p1a: Xerneas\n|\n|-weather|DesolateLand|[upkeep]\n|upkeep\n|turn|3\n|\n|t:|1700578218\n|move|p1a: Xerneas|Moonblast|p2a: Groudon\n|-resisted|p2a: Groudon\n|-damage|p2a: Groudon|0 fnt\n|faint|p2a: Groudon\n|-weather|none\n|\n|upkeep\n|\n|t:|1700578223\n|switch|p2a: Marshadow|Marshadow|100\/100\n|turn|4\n|\n|t:|1700578228\n|move|p1a: Xerneas|Moonblast|p2a: Marshadow\n|-supereffective|p2a: Marshadow\n|-enditem|p2a: Marshadow|Focus Sash\n|-damage|p2a: Marshadow|1\/100\n|-unboost|p2a: Marshadow|spa|1\n|move|p2a: Marshadow|Spectral Thief||[still]\n|-clearpositiveboost|p1a: Xerneas|p2a: Marshadow|move: Spectral Thief\n|-boost|p2a: Marshadow|spa|2\n|-boost|p2a: Marshadow|spd|2\n|-boost|p2a: Marshadow|spe|2\n|-anim|p2a: Marshadow|Spectral Thief|p1a: Xerneas\n|-damage|p1a: Xerneas|0 fnt\n|faint|p1a: Xerneas\n|\n|upkeep\n|\n|t:|1700578234\n|switch|p1a: Yveltal|Yveltal|100\/100\n|-ability|p1a: Yveltal|Dark Aura\n|turn|5\n|\n|t:|1700578258\n|-terastallize|p1a: Yveltal|Dark\n|move|p2a: Marshadow|Swagger|p1a: Yveltal|[miss]\n|-miss|p2a: Marshadow|p1a: Yveltal\n|move|p1a: Yveltal|Oblivion Wing|p2a: Marshadow\n|-supereffective|p2a: Marshadow\n|-damage|p2a: Marshadow|0 fnt\n|faint|p2a: Marshadow\n|-damage|p1a: Yveltal|91\/100|[from] item: Life Orb\n|\n|upkeep\n|\n|t:|1700578269\n|switch|p2a: Zacian|Zacian-Crowned|100\/100\n|-ability|p2a: Zacian|Intrepid Sword|boost\n|-boost|p2a: Zacian|atk|1\n|turn|6\n|\n|t:|1700578285\n|switch|p1a: Magearna|Magearna|100\/100\n|move|p2a: Zacian|Play Rough|p1a: Magearna\n|-resisted|p1a: Magearna\n|-damage|p1a: Magearna|71\/100\n|-unboost|p1a: Magearna|atk|1\n|\n|upkeep\n|turn|7\n|\n|t:|1700578293\n|move|p2a: Zacian|Behemoth Blade|p1a: Magearna\n|-damage|p1a: Magearna|4\/100\n|move|p1a: Magearna|Heart Swap|p2a: Zacian\n|-swapboost|p1a: Magearna|p2a: Zacian|[from] move: Heart Swap\n|\n|upkeep\n|turn|8\n|\n|t:|1700578300\n|move|p2a: Zacian|Behemoth Blade|p1a: Magearna\n|-damage|p1a: Magearna|0 fnt\n|faint|p1a: Magearna\n|\n|upkeep\n|\n|t:|1700578308\n|switch|p1a: Groudon|Groudon|100\/100\n|detailschange|p1a: Groudon|Groudon-Primal\n|-primal|p1a: Groudon|Red Orb\n|-weather|DesolateLand|[from] ability: Desolate Land|[of] p1a: Groudon\n|turn|9\n|\n|t:|1700578322\n|switch|p2a: Spectrier|Spectrier|100\/100\n|move|p1a: Groudon|Swords Dance|p1a: Groudon\n|-boost|p1a: Groudon|atk|2\n|\n|-weather|DesolateLand|[upkeep]\n|upkeep\n|turn|10\n|\n|t:|1700578333\n|move|p2a: Spectrier|Dark Pulse|p1a: Groudon\n|-damage|p1a: Groudon|64\/100\n|-damage|p2a: Spectrier|91\/100|[from] item: Life Orb\n|move|p1a: Groudon|Precipice Blades|p2a: Spectrier\n|-damage|p2a: Spectrier|0 fnt\n|faint|p2a: Spectrier\n|\n|-weather|DesolateLand|[upkeep]\n|upkeep\n|\n|t:|1700578341\n|switch|p2a: Pawmot|Pawmot, F|100\/100\n|turn|11\n|\n|t:|1700578346\n|move|p2a: Pawmot|Revival Blessing|p2a: Pawmot\n|\n|t:|1700578357\n|-heal|p2: Spectrier|50\/100|[from] move: Revival Blessing\n|move|p1a: Groudon|Precipice Blades|p2a: Pawmot\n|-supereffective|p2a: Pawmot\n|-damage|p2a: Pawmot|0 fnt\n|faint|p2a: Pawmot\n|\n|-weather|DesolateLand|[upkeep]\n|upkeep\n|\n|t:|1700578364\n|switch|p2a: Spectrier|Spectrier|50\/100\n|turn|12\n|\n|t:|1700578367\n|move|p2a: Spectrier|Dark Pulse|p1a: Groudon\n|-damage|p1a: Groudon|29\/100\n|-damage|p2a: Spectrier|40\/100|[from] item: Life Orb\n|move|p1a: Groudon|Precipice Blades|p2a: Spectrier\n|-damage|p2a: Spectrier|0 fnt\n|faint|p2a: Spectrier\n|\n|-weather|DesolateLand|[upkeep]\n|upkeep\n|\n|t:|1700578375\n|switch|p2a: Eternatus|Eternatus|100\/100\n|-ability|p2a: Eternatus|Pressure\n|turn|13\n|\n|t:|1700578385\n|move|p2a: Eternatus|Cosmic Power|p2a: Eternatus\n|-boost|p2a: Eternatus|def|1\n|-boost|p2a: Eternatus|spd|1\n|move|p1a: Groudon|Precipice Blades|p2a: Eternatus\n|-supereffective|p2a: Eternatus\n|-damage|p2a: Eternatus|0 fnt\n|faint|p2a: Eternatus\n|\n|-weather|DesolateLand|[upkeep]\n|upkeep\n|\n|t:|1700578392\n|switch|p2a: Zacian|Zacian-Crowned|100\/100\n|turn|14\n|\n|t:|1700578398\n|move|p2a: Zacian|Behemoth Blade|p1a: Groudon\n|-resisted|p1a: Groudon\n|-damage|p1a: Groudon|11\/100\n|move|p1a: Groudon|Precipice Blades|p2a: Zacian|[miss]\n|-miss|p1a: Groudon|p2a: Zacian\n|\n|-weather|DesolateLand|[upkeep]\n|upkeep\n|turn|15\n|\n|t:|1700578405\n|move|p2a: Zacian|Swords Dance|p2a: Zacian\n|-boost|p2a: Zacian|atk|2\n|move|p1a: Groudon|Precipice Blades|p2a: Zacian\n|-supereffective|p2a: Zacian\n|-damage|p2a: Zacian|0 fnt\n|faint|p2a: Zacian\n|\n|win|Weirdful\n|raw|Weirdful's rating: 1305 &rarr; <strong>1324<\/strong><br \/>(+19 for winning)\n|raw|nduifjgvbfgtnh's rating: 1280 &rarr; <strong>1257<\/strong><br \/>(-23 for losing)\n","uploadtime":1700578418,"views":3,"p1id":"weirdful","p2id":"nduifjgvbfgtnh","formatid":"gen9nationaldexubers","rating":1257,"private":0,"password":""}