{"id":"gen9nationaldexubers-1977781694","p1":"galaxystudios370","p2":"Toy Time King","format":"[Gen 9] National Dex Ubers","log":"|j|\u2606galaxystudios370\n|j|\u2606Toy Time King\n|inactive|Battle timer is ON: inactive players will automatically lose when time's up.\n|t:|1698448888\n|gametype|singles\n|player|p1|galaxystudios370|hilbert-wonderlauncher|\n|player|p2|Toy Time King|veteran|\n|teamsize|p1|6\n|teamsize|p2|6\n|gen|9\n|tier|[Gen 9] National Dex Ubers\n|rated|Tournament battle\n|rule|HP Percentage Mod: HP is shown in percentages\n|rule|Endless Battle Clause: Forcing endless battles is banned\n|rule|OHKO Clause: OHKO moves are banned\n|rule|Evasion Moves Clause: Evasion moves are banned\n|rule|Evasion Items Clause: Evasion items are banned\n|rule|Species Clause: Limit one of each Pok\u00e9mon\n|rule|Sleep Clause Mod: Limit one foe put to sleep\n|rule|Mega Rayquaza Clause: You cannot mega evolve Rayquaza\n|rule|Dynamax Clause: You cannot dynamax\n|rule|Terastal Clause: You cannot Terastallize\n|rule|Same Type Clause: Pok\u00e9mon in a team must share a type\n|clearpoke\n|poke|p1|Hatterene, F|\n|poke|p1|Calyrex-Ice|\n|poke|p1|Necrozma-Dusk-Mane|\n|poke|p1|Lunala|\n|poke|p1|Mewtwo|\n|poke|p1|Tapu Lele|\n|poke|p2|Xerneas-*|\n|poke|p2|Magearna|\n|poke|p2|Diancie|\n|poke|p2|Arceus-Fairy|\n|poke|p2|Tapu Lele|\n|poke|p2|Klefki, M|\n|teampreview\n|inactive|Toy Time King also wants the timer to be on.\n|inactive|Toy Time King has 120 seconds left.\n|\n|t:|1698448921\n|start\n|switch|p1a: Monsoon|Tapu Lele|100\/100\n|switch|p2a: Diancie|Diancie|100\/100\n|-fieldstart|move: Psychic Terrain|[from] ability: Psychic Surge|[of] p1a: Monsoon\n|turn|1\n|\n|t:|1698448931\n|detailschange|p2a: Diancie|Diancie-Mega\n|-mega|p2a: Diancie|Diancie|Diancite\n|move|p2a: Diancie|Diamond Storm|p1a: Monsoon\n|-damage|p1a: Monsoon|0 fnt\n|faint|p1a: Monsoon\n|\n|upkeep\n|\n|t:|1698448937\n|switch|p1a: Blade Wolf|Necrozma-Dusk-Mane|100\/100\n|turn|2\n|j| BorkBorkDoggos\n|\n|t:|1698448954\n|switch|p2a: Klefki|Klefki, M|100\/100\n|move|p1a: Blade Wolf|Trick Room|p1a: Blade Wolf\n|-fieldstart|move: Trick Room|[of] p1a: Blade Wolf\n|\n|upkeep\n|turn|3\n|\n|t:|1698448958\n|switch|p1a: Mistral|Hatterene, F|100\/100\n|move|p2a: Klefki|Reflect|p2a: Klefki\n|-sidestart|p2: Toy Time King|Reflect\n|\n|upkeep\n|turn|4\n|\n|t:|1698448964\n|move|p2a: Klefki|Light Screen|p2a: Klefki\n|-sidestart|p2: Toy Time King|move: Light Screen\n|move|p1a: Mistral|Mystical Fire|p2a: Klefki\n|-supereffective|p2a: Klefki\n|-damage|p2a: Klefki|67\/100\n|-unboost|p2a: Klefki|spa|1\n|\n|upkeep\n|turn|5\n|inactive|Toy Time King has 120 seconds left.\n|\n|t:|1698448998\n|switch|p2a: Magearna|Magearna|100\/100\n|move|p1a: Mistral|Mystical Fire|p2a: Magearna\n|-supereffective|p2a: Magearna\n|-damage|p2a: Magearna|74\/100\n|-unboost|p2a: Magearna|spa|1\n|-enditem|p2a: Magearna|Weakness Policy\n|-boost|p2a: Magearna|atk|2|[from] item: Weakness Policy\n|-boost|p2a: Magearna|spa|2|[from] item: Weakness Policy\n|\n|-fieldend|move: Psychic Terrain\n|upkeep\n|turn|6\n|\n|t:|1698449014\n|switch|p1a: Armstrong|Mewtwo|100\/100\n|-ability|p1a: Armstrong|Pressure\n|move|p2a: Magearna|Calm Mind|p2a: Magearna\n|-boost|p2a: Magearna|spa|1\n|-boost|p2a: Magearna|spd|1\n|\n|-fieldend|move: Trick Room\n|upkeep\n|turn|7\n|\n|t:|1698449020\n|detailschange|p1a: Armstrong|Mewtwo-Mega-Y\n|-mega|p1a: Armstrong|Mewtwo|Mewtwonite Y\n|move|p1a: Armstrong|Fire Blast|p2a: Magearna\n|-supereffective|p2a: Magearna\n|-damage|p2a: Magearna|44\/100\n|move|p2a: Magearna|Shift Gear|p2a: Magearna\n|-boost|p2a: Magearna|spe|2\n|-boost|p2a: Magearna|atk|1\n|\n|upkeep\n|turn|8\n|\n|t:|1698449033\n|move|p1a: Armstrong|Fire Blast|p2a: Magearna\n|-supereffective|p2a: Magearna\n|-damage|p2a: Magearna|15\/100\n|move|p2a: Magearna|Draining Kiss|p1a: Armstrong\n|-damage|p1a: Armstrong|67\/100\n|-heal|p2a: Magearna|40\/100|[from] drain|[of] p1a: Armstrong\n|\n|upkeep\n|turn|9\n|\n|t:|1698449041\n|switch|p1a: Blade Wolf|Necrozma-Dusk-Mane|100\/100\n|move|p2a: Magearna|Shift Gear|p2a: Magearna\n|-boost|p2a: Magearna|spe|2\n|-boost|p2a: Magearna|atk|1\n|\n|upkeep\n|turn|10\n|\n|t:|1698449046\n|move|p2a: Magearna|Stored Power|p1a: Blade Wolf\n|-resisted|p1a: Blade Wolf\n|-damage|p1a: Blade Wolf|73\/100\n|move|p1a: Blade Wolf|Trick Room|p1a: Blade Wolf\n|-fieldstart|move: Trick Room|[of] p1a: Blade Wolf\n|\n|-sideend|p2: Toy Time King|Reflect\n|upkeep\n|turn|11\n|\n|t:|1698449055\n|move|p1a: Blade Wolf|Earthquake|p2a: Magearna\n|-supereffective|p2a: Magearna\n|-damage|p2a: Magearna|0 fnt\n|faint|p2a: Magearna\n|\n|-sideend|p2: Toy Time King|move: Light Screen\n|upkeep\n|\n|t:|1698449062\n|switch|p2a: Klefki|Klefki, M|67\/100\n|turn|12\n|c|\u2606galaxystudios370|that's the easiest I've ever dealt with a magearna\n|c|\u2606galaxystudios370|mini boss done\n|\n|t:|1698449073\n|move|p2a: Klefki|Reflect|p2a: Klefki\n|-sidestart|p2: Toy Time King|Reflect\n|move|p1a: Blade Wolf|Earthquake|p2a: Klefki\n|-supereffective|p2a: Klefki\n|-damage|p2a: Klefki|29\/100\n|\n|upkeep\n|turn|13\n|\n|t:|1698449081\n|switch|p1a: Mistral|Hatterene, F|100\/100\n|move|p2a: Klefki|Spikes|p1a: Mistral\n|move|p1a: Mistral|Spikes|p2a: Klefki|[from]ability: Magic Bounce\n|-sidestart|p2: Toy Time King|Spikes\n|\n|upkeep\n|turn|14\n|\n|t:|1698449087\n|move|p2a: Klefki|Light Screen|p2a: Klefki\n|-sidestart|p2: Toy Time King|move: Light Screen\n|move|p1a: Mistral|Mystical Fire|p2a: Klefki\n|-supereffective|p2a: Klefki\n|-damage|p2a: Klefki|0 fnt\n|faint|p2a: Klefki\n|\n|-fieldend|move: Trick Room\n|upkeep\n|\n|t:|1698449091\n|switch|p2a: Arceus|Arceus-Fairy|100\/100\n|-damage|p2a: Arceus|88\/100|[from] Spikes\n|turn|15\n|\n|t:|1698449097\n|switch|p1a: Sundowner|Lunala|100\/100\n|move|p2a: Arceus|Calm Mind|p2a: Arceus\n|-boost|p2a: Arceus|spa|1\n|-boost|p2a: Arceus|spd|1\n|\n|upkeep\n|turn|16\n|\n|t:|1698449102\n|move|p2a: Arceus|Calm Mind|p2a: Arceus\n|-boost|p2a: Arceus|spa|1\n|-boost|p2a: Arceus|spd|1\n|move|p1a: Sundowner|Roar|p2a: Arceus\n|drag|p2a: Xerneas|Xerneas|100\/100\n|-damage|p2a: Xerneas|88\/100|[from] Spikes\n|-ability|p2a: Xerneas|Fairy Aura\n|\n|upkeep\n|turn|17\n|\n|t:|1698449109\n|switch|p1a: Blade Wolf|Necrozma-Dusk-Mane|73\/100\n|move|p2a: Xerneas|Ingrain|p2a: Xerneas\n|-start|p2a: Xerneas|move: Ingrain\n|\n|-heal|p2a: Xerneas|94\/100|[from] Ingrain\n|upkeep\n|turn|18\n|\n|t:|1698449115\n|-zpower|p2a: Xerneas\n|move|p2a: Xerneas|Z-Geomancy||[anim]Geomancy|[still]\n|-boost|p2a: Xerneas|atk|1|[zeffect]\n|-boost|p2a: Xerneas|def|1|[zeffect]\n|-boost|p2a: Xerneas|spa|1|[zeffect]\n|-boost|p2a: Xerneas|spd|1|[zeffect]\n|-boost|p2a: Xerneas|spe|1|[zeffect]\n|-prepare|p2a: Xerneas|Geomancy\n|move|p1a: Blade Wolf|Sunsteel Strike|p2a: Xerneas\n|-supereffective|p2a: Xerneas\n|-damage|p2a: Xerneas|70\/100\n|\n|-heal|p2a: Xerneas|77\/100|[from] Ingrain\n|upkeep\n|turn|19\n|c|\u2606galaxystudios370|boss online\n|\n|t:|1698449125\n|move|p2a: Xerneas|Geomancy|p2a: Xerneas|[from]lockedmove\n|-boost|p2a: Xerneas|spa|2\n|-boost|p2a: Xerneas|spd|2\n|-boost|p2a: Xerneas|spe|2\n|move|p1a: Blade Wolf|Trick Room|p1a: Blade Wolf\n|-fieldstart|move: Trick Room|[of] p1a: Blade Wolf\n|\n|-heal|p2a: Xerneas|83\/100|[from] Ingrain\n|-sideend|p2: Toy Time King|Reflect\n|upkeep\n|turn|20\n|\n|t:|1698449132\n|move|p1a: Blade Wolf|Sunsteel Strike|p2a: Xerneas\n|-supereffective|p2a: Xerneas\n|-damage|p2a: Xerneas|34\/100\n|move|p2a: Xerneas|Moonblast|p1a: Blade Wolf\n|-resisted|p1a: Blade Wolf\n|-damage|p1a: Blade Wolf|20\/100\n|\n|-heal|p2a: Xerneas|40\/100|[from] Ingrain\n|upkeep\n|turn|21\n|\n|t:|1698449141\n|move|p1a: Blade Wolf|Sunsteel Strike|p2a: Xerneas\n|-supereffective|p2a: Xerneas\n|-damage|p2a: Xerneas|0 fnt\n|faint|p2a: Xerneas\n|\n|-sideend|p2: Toy Time King|move: Light Screen\n|upkeep\n|c|\u2606galaxystudios370|maroon swept me with that once\n|\n|t:|1698449168\n|switch|p2a: Tapu Lele|Tapu Lele|100\/100\n|-damage|p2a: Tapu Lele|88\/100|[from] Spikes\n|-fieldstart|move: Psychic Terrain|[from] ability: Psychic Surge|[of] p2a: Tapu Lele\n|turn|22\n|\n|t:|1698449181\n|switch|p1a: Sundowner|Lunala|100\/100\n|move|p2a: Tapu Lele|Moonblast|p1a: Sundowner\n|-damage|p1a: Sundowner|83\/100\n|\n|upkeep\n|turn|23\n|\n|t:|1698449192\n|move|p1a: Sundowner|Moongeist Beam|p2a: Tapu Lele\n|-supereffective|p2a: Tapu Lele\n|-damage|p2a: Tapu Lele|0 fnt\n|faint|p2a: Tapu Lele\n|\n|-fieldend|move: Trick Room\n|upkeep\n|c|\u2606Toy Time King|scarf roar lmao\n|\n|t:|1698449202\n|switch|p2a: Arceus|Arceus-Fairy|88\/100\n|-damage|p2a: Arceus|76\/100|[from] Spikes\n|turn|24\n|c|\u2606galaxystudios370|nah\n|c|\u2606galaxystudios370|trick room was still up\n|\n|t:|1698449216\n|move|p2a: Arceus|Recover|p2a: Arceus\n|-heal|p2a: Arceus|100\/100\n|move|p1a: Sundowner|Trick Room|p1a: Sundowner\n|-fieldstart|move: Trick Room|[of] p1a: Sundowner\n|\n|upkeep\n|turn|25\n|c|\u2606Toy Time King|rip\n|\n|t:|1698449224\n|move|p1a: Sundowner|Moongeist Beam|p2a: Arceus\n|-damage|p2a: Arceus|61\/100\n|move|p2a: Arceus|Judgment|p1a: Sundowner\n|-damage|p1a: Sundowner|49\/100\n|\n|upkeep\n|turn|26\n|\n|t:|1698449233\n|switch|p1a: Mistral|Hatterene, F|100\/100\n|move|p2a: Arceus|Recover|p2a: Arceus\n|-heal|p2a: Arceus|100\/100\n|\n|-fieldend|move: Psychic Terrain\n|upkeep\n|turn|27\n|\n|t:|1698449237\n|move|p1a: Mistral|Healing Wish|p1a: Mistral\n|faint|p1a: Mistral\n|move|p2a: Arceus|Calm Mind|p2a: Arceus\n|-boost|p2a: Arceus|spa|1\n|-boost|p2a: Arceus|spd|1\n|\n|upkeep\n|\n|t:|1698449240\n|switch|p1a: Blade Wolf|Necrozma-Dusk-Mane|20\/100\n|-heal|p1a: Blade Wolf|100\/100|[from] move: Healing Wish\n|turn|28\n|\n|t:|1698449244\n|move|p1a: Blade Wolf|Sunsteel Strike|p2a: Arceus\n|-supereffective|p2a: Arceus\n|-crit|p2a: Arceus\n|-damage|p2a: Arceus|0 fnt\n|faint|p2a: Arceus\n|\n|-fieldend|move: Trick Room\n|upkeep\n|c|\u2606galaxystudios370|ugh\n|-message|Toy Time King forfeited.\n|\n|win|galaxystudios370\n|n|\u2606galaxystudios370|galaxystudios370\n|n|\u2606Toy Time King|toytimeking\n|n| BorkBorkDoggos|borkborkdoggos\n|l|\u2606Toy Time King\n|l|\u2606galaxystudios370\n|j|+maroon\n|l|+maroon\n|j|\u2606galaxystudios370\n|player|p1|galaxystudios370|hilbert-wonderlauncher\n","uploadtime":1698449252,"views":22,"p1id":"galaxystudios370","p2id":"toytimeking","formatid":"gen9nationaldexubers","rating":0,"private":0,"password":""}