{"id":"gen9nationaldexubers-1994073742","p1":"MP555","p2":"Yoddle Yoddle","format":"[Gen 9] National Dex Ubers","log":"|j|\u2606MP555\n|j|\u2606Yoddle Yoddle\n|t:|1700403408\n|gametype|singles\n|player|p1|MP555|waiter-gen4dp|\n|player|p2|Yoddle Yoddle|preschooler|\n|teamsize|p1|6\n|teamsize|p2|6\n|gen|9\n|tier|[Gen 9] National Dex Ubers\n|rule|HP Percentage Mod: HP is shown in percentages\n|rule|Endless Battle Clause: Forcing endless battles is banned\n|rule|OHKO Clause: OHKO moves are banned\n|rule|Evasion Moves Clause: Evasion moves are banned\n|rule|Evasion Items Clause: Evasion items are banned\n|rule|Species Clause: Limit one of each Pok\u00e9mon\n|rule|Sleep Clause Mod: Limit one foe put to sleep\n|rule|Mega Rayquaza Clause: You cannot mega evolve Rayquaza\n|clearpoke\n|poke|p1|Calyrex-Ice|\n|poke|p1|Magearna|\n|poke|p1|Necrozma-Dusk-Mane|\n|poke|p1|Yveltal|\n|poke|p1|Kyogre|\n|poke|p1|Ditto|\n|poke|p2|Zacian-*|\n|poke|p2|Necrozma-Dusk-Mane|\n|poke|p2|Xerneas-*|\n|poke|p2|Palkia-Origin|\n|poke|p2|Groudon|\n|poke|p2|Slurpuff, F|\n|teampreview\n|\n|t:|1700403421\n|start\n|switch|p1a: Privil\u00e8ge Blanc|Magearna|100\/100\n|switch|p2a: Slurp la pouffe|Slurpuff, F, shiny|100\/100\n|turn|1\n|\n|t:|1700403435\n|move|p2a: Slurp la pouffe|Sticky Web|p1a: Privil\u00e8ge Blanc\n|-sidestart|p1: MP555|move: Sticky Web\n|move|p1a: Privil\u00e8ge Blanc|Trick Room|p1a: Privil\u00e8ge Blanc\n|-fieldstart|move: Trick Room|[of] p1a: Privil\u00e8ge Blanc\n|\n|upkeep\n|turn|2\n|\n|t:|1700403444\n|move|p1a: Privil\u00e8ge Blanc|Volt Switch|p2a: Slurp la pouffe\n|-damage|p2a: Slurp la pouffe|54\/100\n|\n|t:|1700403454\n|switch|p1a: Ouga Bounga Taper|Calyrex-Ice|100\/100|[from] Volt Switch\n|-ability|p1a: Ouga Bounga Taper|As One\n|-ability|p1a: Ouga Bounga Taper|Unnerve\n|-activate|p1a: Ouga Bounga Taper|move: Sticky Web\n|-unboost|p1a: Ouga Bounga Taper|spe|1\n|move|p2a: Slurp la pouffe|Endeavor|p1a: Ouga Bounga Taper\n|-damage|p1a: Ouga Bounga Taper|43\/100\n|\n|-heal|p1a: Ouga Bounga Taper|49\/100|[from] item: Leftovers\n|upkeep\n|turn|3\n|j| Gatubraz\n|\n|t:|1700403488\n|move|p1a: Ouga Bounga Taper|High Horsepower|p2a: Slurp la pouffe\n|-damage|p2a: Slurp la pouffe|0 fnt\n|faint|p2a: Slurp la pouffe\n|-ability|p1a: Ouga Bounga Taper|Chilling Neigh|boost\n|-boost|p1a: Ouga Bounga Taper|atk|1\n|\n|-heal|p1a: Ouga Bounga Taper|55\/100|[from] item: Leftovers\n|upkeep\n|\n|t:|1700403501\n|switch|p2a: Negrozma|Necrozma-Dusk-Mane, shiny|100\/100\n|turn|4\n|\n|t:|1700403506\n|move|p1a: Ouga Bounga Taper|High Horsepower|p2a: Negrozma\n|-supereffective|p2a: Negrozma\n|-damage|p2a: Negrozma|28\/100\n|-enditem|p2a: Negrozma|Weakness Policy\n|-boost|p2a: Negrozma|atk|2|[from] item: Weakness Policy\n|-boost|p2a: Negrozma|spa|2|[from] item: Weakness Policy\n|move|p2a: Negrozma|Sunsteel Strike|p1a: Ouga Bounga Taper\n|-supereffective|p1a: Ouga Bounga Taper\n|-damage|p1a: Ouga Bounga Taper|0 fnt\n|faint|p1a: Ouga Bounga Taper\n|\n|upkeep\n|\n|t:|1700403514\n|switch|p1a: Its Sweeping time|Kyogre|100\/100\n|-activate|p1a: Its Sweeping time|move: Sticky Web\n|-unboost|p1a: Its Sweeping time|spe|1\n|detailschange|p1a: Its Sweeping time|Kyogre-Primal\n|-primal|p1a: Its Sweeping time|Blue Orb\n|-weather|PrimordialSea|[from] ability: Primordial Sea|[of] p1a: Its Sweeping time\n|turn|5\n|\n|t:|1700403523\n|move|p1a: Its Sweeping time|Water Spout|p2a: Negrozma\n|-damage|p2a: Negrozma|0 fnt\n|faint|p2a: Negrozma\n|\n|-weather|PrimordialSea|[upkeep]\n|-fieldend|move: Trick Room\n|upkeep\n|\n|t:|1700403527\n|switch|p2a: Goudron|Groudon, shiny|100\/100\n|detailschange|p2a: Goudron|Groudon-Primal, shiny\n|-primal|p2a: Goudron|Red Orb\n|-weather|DesolateLand|[from] ability: Desolate Land|[of] p2a: Goudron\n|turn|6\n|\n|t:|1700403533\n|switch|p1a: Soulever en Y|Yveltal|100\/100\n|-ability|p1a: Soulever en Y|Dark Aura\n|move|p2a: Goudron|Stealth Rock|p1a: Soulever en Y\n|-sidestart|p1: MP555|move: Stealth Rock\n|\n|-weather|DesolateLand|[upkeep]\n|upkeep\n|turn|7\n|j| Smoukingrad\n|\n|t:|1700403546\n|move|p2a: Goudron|Eruption|p1a: Soulever en Y\n|-damage|p1a: Soulever en Y|0 fnt\n|faint|p1a: Soulever en Y\n|\n|-weather|DesolateLand|[upkeep]\n|upkeep\n|\n|t:|1700403553\n|switch|p1a: Its Sweeping time|Kyogre-Primal|100\/100\n|-activate|p1a: Its Sweeping time|move: Sticky Web\n|-unboost|p1a: Its Sweeping time|spe|1\n|-damage|p1a: Its Sweeping time|88\/100|[from] Stealth Rock\n|-weather|PrimordialSea|[from] ability: Primordial Sea|[of] p1a: Its Sweeping time\n|turn|8\n|\n|t:|1700403564\n|move|p2a: Goudron|Precipice Blades|p1a: Its Sweeping time\n|-damage|p1a: Its Sweeping time|26\/100\n|move|p1a: Its Sweeping time|Thunder|p2a: Goudron\n|-immune|p2a: Goudron\n|\n|-weather|PrimordialSea|[upkeep]\n|upkeep\n|turn|9\n|\n|t:|1700403586\n|switch|p2a: Nokia|Palkia-Origin, shiny|100\/100\n|-ability|p2a: Nokia|Pressure\n|move|p1a: Its Sweeping time|Origin Pulse|p2a: Nokia\n|-resisted|p2a: Nokia\n|-damage|p2a: Nokia|74\/100\n|\n|-weather|PrimordialSea|[upkeep]\n|upkeep\n|turn|10\n|\n|t:|1700403595\n|-weather|none\n|switch|p1a: Privil\u00e8ge Blanc|Magearna|100\/100\n|-activate|p1a: Privil\u00e8ge Blanc|move: Sticky Web\n|-unboost|p1a: Privil\u00e8ge Blanc|spe|1\n|-damage|p1a: Privil\u00e8ge Blanc|94\/100|[from] Stealth Rock\n|move|p2a: Nokia|Surf|p1a: Privil\u00e8ge Blanc\n|-damage|p1a: Privil\u00e8ge Blanc|35\/100\n|\n|-heal|p1a: Privil\u00e8ge Blanc|41\/100|[from] item: Leftovers\n|upkeep\n|turn|11\n|\n|t:|1700403605\n|move|p2a: Nokia|Surf|p1a: Privil\u00e8ge Blanc\n|-damage|p1a: Privil\u00e8ge Blanc|0 fnt\n|faint|p1a: Privil\u00e8ge Blanc\n|\n|upkeep\n|\n|t:|1700403613\n|switch|p1a: N For Ni***|Necrozma-Dusk-Mane|100\/100\n|-activate|p1a: N For Ni***|move: Sticky Web\n|-unboost|p1a: N For Ni***|spe|1\n|-damage|p1a: N For Ni***|94\/100|[from] Stealth Rock\n|turn|12\n|\n|t:|1700403620\n|move|p2a: Nokia|Hydro Pump|p1a: N For Ni***\n|-damage|p1a: N For Ni***|26\/100\n|move|p1a: N For Ni***|Autotomize|p1a: N For Ni***\n|-boost|p1a: N For Ni***|spe|2\n|-start|p1a: N For Ni***|Autotomize\n|\n|upkeep\n|turn|13\n|\n|t:|1700403634\n|move|p2a: Nokia|Surf|p1a: N For Ni***\n|-damage|p1a: N For Ni***|0 fnt\n|faint|p1a: N For Ni***\n|\n|upkeep\n|\n|t:|1700403637\n|switch|p1a: Counter Sweep|Ditto|100\/100\n|-activate|p1a: Counter Sweep|move: Sticky Web\n|-unboost|p1a: Counter Sweep|spe|1\n|-damage|p1a: Counter Sweep|88\/100|[from] Stealth Rock\n|-transform|p1a: Counter Sweep|p2a: Nokia|[from] ability: Imposter\n|-ability|p1a: Counter Sweep|Pressure\n|turn|14\n|\n|t:|1700403646\n|move|p1a: Counter Sweep|Spacial Rend|p2a: Nokia\n|-supereffective|p2a: Nokia\n|-damage|p2a: Nokia|0 fnt\n|faint|p2a: Nokia\n|\n|upkeep\n|\n|t:|1700403649\n|switch|p2a: Twitter|Xerneas, shiny|100\/100\n|-ability|p2a: Twitter|Fairy Aura\n|turn|15\n|\n|t:|1700403653\n|switch|p1a: Its Sweeping time|Kyogre-Primal|26\/100\n|-activate|p1a: Its Sweeping time|move: Sticky Web\n|-unboost|p1a: Its Sweeping time|spe|1\n|-damage|p1a: Its Sweeping time|13\/100|[from] Stealth Rock\n|-weather|PrimordialSea|[from] ability: Primordial Sea|[of] p1a: Its Sweeping time\n|move|p2a: Twitter|Substitute|p2a: Twitter\n|-start|p2a: Twitter|Substitute\n|-damage|p2a: Twitter|76\/100\n|\n|-weather|PrimordialSea|[upkeep]\n|upkeep\n|turn|16\n|\n|t:|1700403659\n|move|p2a: Twitter|Moonblast|p1a: Its Sweeping time\n|-damage|p1a: Its Sweeping time|0 fnt\n|faint|p1a: Its Sweeping time\n|-weather|none\n|\n|upkeep\n|\n|t:|1700403662\n|switch|p1a: Counter Sweep|Ditto|88\/100\n|-activate|p1a: Counter Sweep|move: Sticky Web\n|-unboost|p1a: Counter Sweep|spe|1\n|-damage|p1a: Counter Sweep|76\/100|[from] Stealth Rock\n|turn|17\n|\n|t:|1700403665\n|move|p2a: Twitter|Moonblast|p1a: Counter Sweep\n|-damage|p1a: Counter Sweep|0 fnt\n|faint|p1a: Counter Sweep\n|\n|win|Yoddle Yoddle\n|l|\u2606MP555\n|l| Smoukingrad\n|l|\u2606Yoddle Yoddle\n|j|\u2606MP555\n|player|p1|MP555|waiter-gen4dp\n|l|\u2606MP555\n|player|p1|\n|l| Gatubraz\n|j| Gatubraz\n|j|\u2606Yoddle Yoddle\n|player|p2|Yoddle Yoddle|preschooler\n|j| Kai_Kitt\n|l| Kai_Kitt\n|j| Kai_Kitt\n|l| Kai_Kitt\n|j| Smoukingrad\n|l| Gatubraz\n|l| Smoukingrad\n","uploadtime":1700404891,"views":5,"p1id":"mp555","p2id":"yoddleyoddle","formatid":"gen9nationaldexubers","rating":0,"private":0,"password":""}