{"id":"gen9nationaldexubers-2000225120","p1":"Braquelo","p2":"alp4ca","format":"[Gen 9] National Dex Ubers","log":"|j|\u2606Braquelo\n|j|\u2606alp4ca\n|t:|1701174506\n|gametype|singles\n|player|p1|Braquelo|raihan|1245\n|player|p2|alp4ca|fisherman-gen4|1326\n|teamsize|p1|6\n|teamsize|p2|6\n|gen|9\n|tier|[Gen 9] National Dex Ubers\n|rated|\n|rule|HP Percentage Mod: HP is shown in percentages\n|rule|Endless Battle Clause: Forcing endless battles is banned\n|rule|OHKO Clause: OHKO moves are banned\n|rule|Evasion Moves Clause: Evasion moves are banned\n|rule|Evasion Items Clause: Evasion items are banned\n|rule|Species Clause: Limit one of each Pok\u00e9mon\n|rule|Sleep Clause Mod: Limit one foe put to sleep\n|rule|Mega Rayquaza Clause: You cannot mega evolve Rayquaza\n|clearpoke\n|poke|p1|Lucario, M|\n|poke|p1|Ursaluna-Bloodmoon, M|\n|poke|p1|Dragapult, M|\n|poke|p1|Malamar, M|\n|poke|p1|Hatterene, F|\n|poke|p1|Sneasler, F|\n|poke|p2|Marshadow|\n|poke|p2|Galvantula, F|\n|poke|p2|Darmanitan, F|\n|poke|p2|Swampert, M|\n|poke|p2|Metagross|\n|poke|p2|Garganacl, F|\n|teampreview\n|\n|t:|1701174525\n|start\n|switch|p1a: Dragapult|Dragapult, M|100\/100\n|switch|p2a: Galvantula|Galvantula, F|100\/100\n|turn|1\n|\n|t:|1701174529\n|move|p1a: Dragapult|U-turn|p2a: Galvantula\n|-damage|p2a: Galvantula|70\/100\n|\n|t:|1701174533\n|switch|p1a: Hatterene|Hatterene, F|100\/100|[from] U-turn\n|move|p2a: Galvantula|Thunder Wave|p1a: Hatterene\n|move|p1a: Hatterene|Thunder Wave|p2a: Galvantula|[from]ability: Magic Bounce\n|-immune|p2a: Galvantula\n|\n|upkeep\n|turn|2\n|\n|t:|1701174543\n|switch|p2a: Swampert|Swampert, M|100\/100\n|move|p1a: Hatterene|Psyshock|p2a: Swampert\n|-damage|p2a: Swampert|69\/100\n|\n|-heal|p2a: Swampert|75\/100|[from] item: Leftovers\n|upkeep\n|turn|3\n|\n|t:|1701174550\n|switch|p1a: Sneasler|Sneasler, F|100\/100\n|-item|p1a: Sneasler|Air Balloon\n|move|p2a: Swampert|Earthquake|p1a: Sneasler\n|-immune|p1a: Sneasler\n|\n|-heal|p2a: Swampert|81\/100|[from] item: Leftovers\n|upkeep\n|turn|4\n|\n|t:|1701174556\n|move|p1a: Sneasler|Swords Dance|p1a: Sneasler\n|-boost|p1a: Sneasler|atk|2\n|move|p2a: Swampert|Waterfall|p1a: Sneasler\n|-damage|p1a: Sneasler|49\/100\n|-enditem|p1a: Sneasler|Air Balloon\n|\n|-heal|p2a: Swampert|87\/100|[from] item: Leftovers\n|upkeep\n|turn|5\n|\n|t:|1701174561\n|move|p1a: Sneasler|Close Combat|p2a: Swampert\n|-damage|p2a: Swampert|0 fnt\n|-unboost|p1a: Sneasler|def|1\n|-unboost|p1a: Sneasler|spd|1\n|faint|p2a: Swampert\n|\n|upkeep\n|\n|t:|1701174578\n|switch|p2a: Marshadow|Marshadow|100\/100\n|turn|6\n|\n|t:|1701174581\n|switch|p1a: Ursaluna|Ursaluna-Bloodmoon, M|100\/100\n|move|p2a: Marshadow|Spectral Thief|p1a: Ursaluna\n|-immune|p1a: Ursaluna\n|\n|upkeep\n|turn|7\n|\n|t:|1701174588\n|switch|p2a: Garganacl|Garganacl, F|100\/100\n|move|p1a: Ursaluna|Blood Moon|p2a: Garganacl\n|-resisted|p2a: Garganacl\n|-damage|p2a: Garganacl|66\/100\n|\n|-heal|p2a: Garganacl|72\/100|[from] item: Leftovers\n|upkeep\n|turn|8\n|\n|t:|1701174593\n|move|p2a: Garganacl|Salt Cure|p1a: Ursaluna\n|-resisted|p1a: Ursaluna\n|-damage|p1a: Ursaluna|96\/100\n|-start|p1a: Ursaluna|Salt Cure\n|move|p1a: Ursaluna|Calm Mind|p1a: Ursaluna\n|-boost|p1a: Ursaluna|spa|1\n|-boost|p1a: Ursaluna|spd|1\n|\n|-heal|p2a: Garganacl|78\/100|[from] item: Leftovers\n|-heal|p1a: Ursaluna|100\/100|[from] item: Leftovers\n|-damage|p1a: Ursaluna|88\/100|[from] Salt Cure\n|upkeep\n|turn|9\n|\n|t:|1701174601\n|move|p2a: Garganacl|Protect|p2a: Garganacl\n|-singleturn|p2a: Garganacl|Protect\n|move|p1a: Ursaluna|Earth Power|p2a: Garganacl\n|-activate|p2a: Garganacl|move: Protect\n|\n|-heal|p2a: Garganacl|84\/100|[from] item: Leftovers\n|-heal|p1a: Ursaluna|94\/100|[from] item: Leftovers\n|-damage|p1a: Ursaluna|82\/100|[from] Salt Cure\n|upkeep\n|turn|10\n|\n|t:|1701174607\n|switch|p2a: Galvantula|Galvantula, F|70\/100\n|move|p1a: Ursaluna|Earth Power|p2a: Galvantula\n|-damage|p2a: Galvantula|0 fnt\n|faint|p2a: Galvantula\n|\n|-heal|p1a: Ursaluna|88\/100|[from] item: Leftovers\n|-damage|p1a: Ursaluna|76\/100|[from] Salt Cure\n|upkeep\n|\n|t:|1701174617\n|switch|p2a: Metagross|Metagross, shiny|100\/100\n|turn|11\n|\n|t:|1701174620\n|detailschange|p2a: Metagross|Metagross-Mega, shiny\n|-mega|p2a: Metagross|Metagross|Metagrossite\n|move|p2a: Metagross|Ice Punch|p1a: Ursaluna\n|-supereffective|p1a: Ursaluna\n|-crit|p1a: Ursaluna\n|-damage|p1a: Ursaluna|4\/100\n|move|p1a: Ursaluna|Earth Power|p2a: Metagross\n|-supereffective|p2a: Metagross\n|-damage|p2a: Metagross|0 fnt\n|faint|p2a: Metagross\n|\n|-heal|p1a: Ursaluna|10\/100|[from] item: Leftovers\n|-damage|p1a: Ursaluna|0 fnt|[from] Salt Cure\n|faint|p1a: Ursaluna\n|upkeep\n|\n|t:|1701174640\n|switch|p2a: Garganacl|Garganacl, F|84\/100\n|switch|p1a: Hatterene|Hatterene, F|100\/100\n|turn|12\n|\n|t:|1701174647\n|switch|p1a: Sneasler|Sneasler, F|49\/100\n|move|p2a: Garganacl|Salt Cure|p1a: Sneasler\n|-resisted|p1a: Sneasler\n|-damage|p1a: Sneasler|36\/100\n|-start|p1a: Sneasler|Salt Cure\n|\n|-heal|p2a: Garganacl|90\/100|[from] item: Leftovers\n|-damage|p1a: Sneasler|24\/100|[from] Salt Cure\n|upkeep\n|turn|13\n|\n|t:|1701174659\n|move|p2a: Garganacl|Protect|p2a: Garganacl\n|-singleturn|p2a: Garganacl|Protect\n|move|p1a: Sneasler|Swords Dance|p1a: Sneasler\n|-boost|p1a: Sneasler|atk|2\n|\n|-heal|p2a: Garganacl|97\/100|[from] item: Leftovers\n|-damage|p1a: Sneasler|12\/100|[from] Salt Cure\n|upkeep\n|turn|14\n|\n|t:|1701174666\n|switch|p2a: Marshadow|Marshadow|100\/100\n|move|p1a: Sneasler|Dire Claw|p2a: Marshadow\n|-resisted|p2a: Marshadow\n|-damage|p2a: Marshadow|48\/100\n|-status|p2a: Marshadow|slp\n|\n|-damage|p1a: Sneasler|0 fnt|[from] Salt Cure\n|faint|p1a: Sneasler\n|upkeep\n|\n|t:|1701174672\n|switch|p1a: Dragapult|Dragapult, M|100\/100\n|turn|15\n|\n|t:|1701174678\n|switch|p2a: Garganacl|Garganacl, F|97\/100\n|move|p1a: Dragapult|Shadow Ball|p2a: Garganacl\n|-damage|p2a: Garganacl|81\/100\n|-unboost|p2a: Garganacl|spd|1\n|\n|-heal|p2a: Garganacl|88\/100|[from] item: Leftovers\n|upkeep\n|turn|16\n|\n|t:|1701174684\n|-zpower|p1a: Dragapult\n|move|p1a: Dragapult|Devastating Drake|p2a: Garganacl|[zeffect]\n|-damage|p2a: Garganacl|0 fnt\n|faint|p2a: Garganacl\n|\n|upkeep\n|\n|t:|1701174690\n|switch|p2a: Marshadow|Marshadow|48\/100 slp\n|turn|17\n|\n|t:|1701174693\n|move|p1a: Dragapult|Shadow Ball|p2a: Marshadow\n|-supereffective|p2a: Marshadow\n|-damage|p2a: Marshadow|0 fnt\n|faint|p2a: Marshadow\n|\n|upkeep\n|\n|t:|1701174694\n|switch|p2a: Darmanitan|Darmanitan, F|100\/100\n|turn|18\n|\n|t:|1701174697\n|move|p1a: Dragapult|Draco Meteor|p2a: Darmanitan|[miss]\n|-miss|p1a: Dragapult|p2a: Darmanitan\n|move|p2a: Darmanitan|Flare Blitz|p1a: Dragapult\n|-resisted|p1a: Dragapult\n|-damage|p1a: Dragapult|26\/100\n|-damage|p2a: Darmanitan|78\/100|[from] Recoil\n|\n|upkeep\n|turn|19\n|\n|t:|1701174701\n|move|p1a: Dragapult|Draco Meteor|p2a: Darmanitan\n|-damage|p2a: Darmanitan|0 fnt\n|-unboost|p1a: Dragapult|spa|2\n|faint|p2a: Darmanitan\n|\n|win|Braquelo\n|raw|Braquelo's rating: 1245 &rarr; <strong>1276<\/strong><br \/>(+31 for winning)\n|raw|alp4ca's rating: 1326 &rarr; <strong>1301<\/strong><br \/>(-25 for losing)\n|l|\u2606alp4ca\n","uploadtime":1701174706,"views":4,"p1id":"braquelo","p2id":"alp4ca","formatid":"gen9nationaldexubers","rating":1276,"private":0,"password":""}