{"id":"gen9nationaldexubers-1995583323","p1":"Zatanna rs","p2":"wjs97","format":"[Gen 9] National Dex Ubers","log":"|j|\u2606Zatanna rs\n|j|\u2606wjs97\n|t:|1700584917\n|gametype|singles\n|player|p1|Zatanna rs|skyla-masters|1537\n|player|p2|wjs97|2|1529\n|teamsize|p1|6\n|teamsize|p2|6\n|gen|9\n|tier|[Gen 9] National Dex Ubers\n|rated|\n|rule|HP Percentage Mod: HP is shown in percentages\n|rule|Endless Battle Clause: Forcing endless battles is banned\n|rule|OHKO Clause: OHKO moves are banned\n|rule|Evasion Moves Clause: Evasion moves are banned\n|rule|Evasion Items Clause: Evasion items are banned\n|rule|Species Clause: Limit one of each Pok\u00e9mon\n|rule|Sleep Clause Mod: Limit one foe put to sleep\n|rule|Mega Rayquaza Clause: You cannot mega evolve Rayquaza\n|clearpoke\n|poke|p1|Groudon|\n|poke|p1|Yveltal|\n|poke|p1|Ho-Oh|\n|poke|p1|Chansey, F|\n|poke|p1|Arceus-Ground|\n|poke|p1|Kyogre|\n|poke|p2|Arceus|\n|poke|p2|Zygarde|\n|poke|p2|Groudon|\n|poke|p2|Deoxys-Attack|\n|poke|p2|Gliscor, F|\n|poke|p2|Sneasler, M|\n|teampreview\n|inactive|Battle timer is ON: inactive players will automatically lose when time's up. (requested by wjs97)\n|\n|t:|1700584962\n|start\n|switch|p1a: Kyogre|Kyogre|100\/100\n|switch|p2a: Gliscor|Gliscor, F|100\/100\n|-weather|RainDance|[from] ability: Drizzle|[of] p1a: Kyogre\n|turn|1\n|\n|t:|1700584972\n|move|p2a: Gliscor|Protect|p2a: Gliscor\n|-singleturn|p2a: Gliscor|Protect\n|move|p1a: Kyogre|Ice Beam|p2a: Gliscor\n|-activate|p2a: Gliscor|move: Protect\n|\n|-weather|RainDance|[upkeep]\n|-status|p2a: Gliscor|tox|[from] item: Toxic Orb\n|upkeep\n|turn|2\n|inactive|Zatanna rs has 120 seconds left.\n|\n|t:|1700585011\n|switch|p2a: Groudon|Groudon|100\/100\n|detailschange|p2a: Groudon|Groudon-Primal\n|-primal|p2a: Groudon|Red Orb\n|-weather|DesolateLand|[from] ability: Desolate Land|[of] p2a: Groudon\n|move|p1a: Kyogre|Ice Beam|p2a: Groudon\n|-damage|p2a: Groudon|60\/100\n|\n|-weather|DesolateLand|[upkeep]\n|upkeep\n|turn|3\n|inactive|Zatanna rs has 120 seconds left.\n|\n|t:|1700585035\n|switch|p1a: Arceus|Arceus-Ground|100\/100\n|move|p2a: Groudon|Stealth Rock|p1a: Arceus\n|-sidestart|p1: Zatanna rs|move: Stealth Rock\n|\n|-weather|DesolateLand|[upkeep]\n|upkeep\n|turn|4\n|\n|t:|1700585048\n|-weather|none\n|switch|p2a: Gliscor|Gliscor, F|100\/100 tox\n|move|p1a: Arceus|Judgment|p2a: Gliscor\n|-immune|p2a: Gliscor\n|\n|upkeep\n|turn|5\n|\n|t:|1700585062\n|switch|p2a: Arceus|Arceus|100\/100\n|move|p1a: Arceus|Whirlpool|p2a: Arceus|[miss]\n|-miss|p1a: Arceus|p2a: Arceus\n|\n|upkeep\n|turn|6\n|\n|t:|1700585070\n|move|p2a: Arceus|Bulk Up|p2a: Arceus\n|-boost|p2a: Arceus|atk|1\n|-boost|p2a: Arceus|def|1\n|move|p1a: Arceus|Perish Song|p1a: Arceus\n|-start|p1a: Arceus|perish3|[silent]\n|-start|p2a: Arceus|perish3|[silent]\n|-fieldactivate|move: Perish Song\n|\n|-start|p2a: Arceus|perish3\n|-start|p1a: Arceus|perish3\n|upkeep\n|turn|7\n|\n|t:|1700585083\n|move|p2a: Arceus|Extreme Speed|p1a: Arceus\n|-damage|p1a: Arceus|74\/100\n|move|p1a: Arceus|Whirlpool|p2a: Arceus\n|-damage|p2a: Arceus|95\/100\n|-activate|p2a: Arceus|move: Whirlpool|[of] p1a: Arceus\n|\n|-damage|p2a: Arceus|82\/100|[from] move: Whirlpool|[partiallytrapped]\n|-start|p2a: Arceus|perish2\n|-start|p1a: Arceus|perish2\n|upkeep\n|turn|8\n|\n|t:|1700585094\n|move|p2a: Arceus|Bulk Up|p2a: Arceus\n|-boost|p2a: Arceus|atk|1\n|-boost|p2a: Arceus|def|1\n|move|p1a: Arceus|Recover|p1a: Arceus\n|-heal|p1a: Arceus|100\/100\n|\n|-damage|p2a: Arceus|70\/100|[from] move: Whirlpool|[partiallytrapped]\n|-start|p2a: Arceus|perish1\n|-start|p1a: Arceus|perish1\n|upkeep\n|turn|9\n|inactive|Zatanna rs has 120 seconds left.\n|\n|t:|1700585115\n|switch|p1a: Groudon|Groudon, shiny|100\/100\n|-damage|p1a: Groudon|94\/100|[from] Stealth Rock\n|detailschange|p1a: Groudon|Groudon-Primal, shiny\n|-primal|p1a: Groudon|Red Orb\n|-weather|DesolateLand|[from] ability: Desolate Land|[of] p1a: Groudon\n|move|p2a: Arceus|Extreme Speed|p1a: Groudon\n|-damage|p1a: Groudon|59\/100\n|\n|-weather|DesolateLand|[upkeep]\n|-end|p2a: Arceus|Whirlpool|[partiallytrapped]|[silent]\n|-start|p2a: Arceus|perish0\n|upkeep\n|faint|p2a: Arceus\n|\n|t:|1700585137\n|switch|p2a: Zygarde|Zygarde|100\/100\n|turn|10\n|inactive|Zatanna rs has 120 seconds left.\n|\n|t:|1700585155\n|-weather|none\n|switch|p1a: Ho-Oh|Ho-Oh|100\/100\n|move|p2a: Zygarde|Substitute|p2a: Zygarde\n|-start|p2a: Zygarde|Substitute\n|-damage|p2a: Zygarde|76\/100\n|\n|-heal|p2a: Zygarde|82\/100|[from] item: Leftovers\n|upkeep\n|turn|11\n|\n|t:|1700585167\n|move|p2a: Zygarde|Thousand Arrows|p1a: Ho-Oh\n|-crit|p1a: Ho-Oh\n|-damage|p1a: Ho-Oh|46\/100\n|-start|p1a: Ho-Oh|Smack Down\n|move|p1a: Ho-Oh|Whirlwind|p2a: Zygarde\n|drag|p2a: Groudon|Groudon-Primal|60\/100\n|-weather|DesolateLand|[from] ability: Desolate Land|[of] p2a: Groudon\n|\n|-weather|DesolateLand|[upkeep]\n|upkeep\n|turn|12\n|\n|t:|1700585179\n|move|p2a: Groudon|Dragon Claw|p1a: Ho-Oh\n|-damage|p1a: Ho-Oh|12\/100\n|move|p1a: Ho-Oh|Toxic|p2a: Groudon\n|-status|p2a: Groudon|tox\n|\n|-weather|DesolateLand|[upkeep]\n|-damage|p2a: Groudon|54\/100 tox|[from] psn\n|upkeep\n|turn|13\n|\n|t:|1700585190\n|switch|p1a: Arceus|Arceus-Ground|100\/100\n|-damage|p1a: Arceus|94\/100|[from] Stealth Rock\n|move|p2a: Groudon|Heat Crash|p1a: Arceus\n|-damage|p1a: Arceus|53\/100\n|\n|-weather|DesolateLand|[upkeep]\n|-damage|p2a: Groudon|41\/100 tox|[from] psn\n|upkeep\n|turn|14\n|\n|t:|1700585203\n|-weather|none\n|switch|p2a: Gliscor|Gliscor, F|100\/100 tox\n|move|p1a: Arceus|Recover|p1a: Arceus\n|-heal|p1a: Arceus|100\/100\n|\n|upkeep\n|turn|15\n|\n|t:|1700585213\n|move|p1a: Arceus|Whirlpool|p2a: Gliscor\n|-supereffective|p2a: Gliscor\n|-damage|p2a: Gliscor|76\/100 tox\n|-activate|p2a: Gliscor|move: Whirlpool|[of] p1a: Arceus\n|move|p2a: Gliscor|Toxic|p1a: Arceus\n|-status|p1a: Arceus|tox\n|\n|-damage|p1a: Arceus|94\/100 tox|[from] psn\n|-heal|p2a: Gliscor|88\/100 tox|[from] ability: Poison Heal\n|-damage|p2a: Gliscor|76\/100 tox|[from] move: Whirlpool|[partiallytrapped]\n|upkeep\n|turn|16\n|\n|t:|1700585242\n|move|p2a: Gliscor|Protect|p2a: Gliscor\n|-singleturn|p2a: Gliscor|Protect\n|move|p1a: Arceus|Perish Song|p1a: Arceus\n|-start|p1a: Arceus|perish3|[silent]\n|-start|p2a: Gliscor|perish3|[silent]\n|-fieldactivate|move: Perish Song\n|\n|-damage|p1a: Arceus|82\/100 tox|[from] psn\n|-heal|p2a: Gliscor|88\/100 tox|[from] ability: Poison Heal\n|-damage|p2a: Gliscor|76\/100 tox|[from] move: Whirlpool|[partiallytrapped]\n|-start|p1a: Arceus|perish3\n|-start|p2a: Gliscor|perish3\n|upkeep\n|turn|17\n|\n|t:|1700585255\n|move|p1a: Arceus|Recover|p1a: Arceus\n|-heal|p1a: Arceus|100\/100 tox\n|move|p2a: Gliscor|Earthquake|p1a: Arceus\n|-damage|p1a: Arceus|83\/100 tox\n|\n|-damage|p1a: Arceus|64\/100 tox|[from] psn\n|-heal|p2a: Gliscor|88\/100 tox|[from] ability: Poison Heal\n|-damage|p2a: Gliscor|76\/100 tox|[from] move: Whirlpool|[partiallytrapped]\n|-start|p1a: Arceus|perish2\n|-start|p2a: Gliscor|perish2\n|upkeep\n|turn|18\n|\n|t:|1700585268\n|move|p1a: Arceus|Recover|p1a: Arceus\n|-heal|p1a: Arceus|100\/100 tox\n|move|p2a: Gliscor|Earthquake|p1a: Arceus\n|-damage|p1a: Arceus|84\/100 tox\n|\n|-damage|p1a: Arceus|60\/100 tox|[from] psn\n|-heal|p2a: Gliscor|88\/100 tox|[from] ability: Poison Heal\n|-damage|p2a: Gliscor|76\/100 tox|[from] move: Whirlpool|[partiallytrapped]\n|-start|p1a: Arceus|perish1\n|-start|p2a: Gliscor|perish1\n|upkeep\n|turn|19\n|\n|t:|1700585284\n|switch|p1a: Ho-Oh|Ho-Oh|45\/100\n|move|p2a: Gliscor|Toxic|p1a: Ho-Oh\n|-status|p1a: Ho-Oh|tox\n|\n|-heal|p2a: Gliscor|88\/100 tox|[from] ability: Poison Heal\n|-damage|p1a: Ho-Oh|38\/100 tox|[from] psn\n|-end|p2a: Gliscor|Whirlpool|[partiallytrapped]|[silent]\n|-start|p2a: Gliscor|perish0\n|faint|p2a: Gliscor\n|upkeep\n|inactive|wjs97 has 120 seconds left.\n|\n|t:|1700585296\n|switch|p2a: Deoxys|Deoxys-Attack|100\/100\n|-ability|p2a: Deoxys|Pressure\n|turn|20\n|\n|t:|1700585312\n|move|p2a: Deoxys|Extreme Speed|p1a: Ho-Oh\n|-damage|p1a: Ho-Oh|0 fnt\n|faint|p1a: Ho-Oh\n|-damage|p2a: Deoxys|91\/100|[from] item: Life Orb\n|\n|upkeep\n|\n|t:|1700585318\n|switch|p1a: Kyogre|Kyogre|100\/100\n|-damage|p1a: Kyogre|88\/100|[from] Stealth Rock\n|-weather|RainDance|[from] ability: Drizzle|[of] p1a: Kyogre\n|turn|21\n|\n|t:|1700585328\n|switch|p2a: Groudon|Groudon-Primal|41\/100 tox\n|-weather|DesolateLand|[from] ability: Desolate Land|[of] p2a: Groudon\n|move|p1a: Kyogre|Ice Beam|p2a: Groudon\n|-damage|p2a: Groudon|6\/100 tox\n|\n|-weather|DesolateLand|[upkeep]\n|-damage|p2a: Groudon|0 fnt|[from] psn\n|faint|p2a: Groudon\n|-weather|none\n|upkeep\n|inactive|wjs97 has 120 seconds left.\n|\n|t:|1700585360\n|switch|p2a: Sneasler|Sneasler, M|100\/100\n|-ability|p2a: Sneasler|Pressure\n|turn|22\n|inactive|Zatanna rs has 120 seconds left.\n|\n|t:|1700585393\n|switch|p1a: Yveltal|Yveltal|100\/100\n|-damage|p1a: Yveltal|76\/100|[from] Stealth Rock\n|-ability|p1a: Yveltal|Dark Aura\n|move|p2a: Sneasler|Close Combat|p1a: Yveltal\n|-damage|p1a: Yveltal|40\/100\n|-unboost|p2a: Sneasler|def|1\n|-unboost|p2a: Sneasler|spd|1\n|\n|-heal|p1a: Yveltal|47\/100|[from] item: Leftovers\n|upkeep\n|turn|23\n|\n|t:|1700585411\n|move|p2a: Sneasler|Close Combat|p1a: Yveltal\n|-damage|p1a: Yveltal|10\/100\n|-unboost|p2a: Sneasler|def|1\n|-unboost|p2a: Sneasler|spd|1\n|move|p1a: Yveltal|Defog|p2a: Sneasler\n|-unboost|p2a: Sneasler|evasion|1\n|-sideend|p1: Zatanna rs|Stealth Rock|[from] move: Defog|[of] p1a: Yveltal\n|\n|-heal|p1a: Yveltal|16\/100|[from] item: Leftovers\n|upkeep\n|turn|24\n|\n|t:|1700585422\n|move|p2a: Sneasler|Close Combat|p1a: Yveltal\n|-damage|p1a: Yveltal|0 fnt\n|-unboost|p2a: Sneasler|def|1\n|-unboost|p2a: Sneasler|spd|1\n|faint|p1a: Yveltal\n|\n|upkeep\n|\n|t:|1700585426\n|switch|p1a: Groudon|Groudon-Primal, shiny|59\/100\n|-weather|DesolateLand|[from] ability: Desolate Land|[of] p1a: Groudon\n|turn|25\n|\n|t:|1700585434\n|move|p2a: Sneasler|Close Combat|p1a: Groudon\n|-damage|p1a: Groudon|32\/100\n|-unboost|p2a: Sneasler|def|1\n|-unboost|p2a: Sneasler|spd|1\n|move|p1a: Groudon|Stealth Rock|p2a: Sneasler\n|-sidestart|p2: wjs97|move: Stealth Rock\n|\n|-weather|DesolateLand|[upkeep]\n|upkeep\n|turn|26\n|inactive|wjs97 has 120 seconds left.\n|\n|t:|1700585443\n|move|p2a: Sneasler|Close Combat|p1a: Groudon\n|-damage|p1a: Groudon|4\/100\n|-unboost|p2a: Sneasler|def|1\n|-unboost|p2a: Sneasler|spd|1\n|move|p1a: Groudon|Earthquake|p2a: Sneasler\n|-supereffective|p2a: Sneasler\n|-damage|p2a: Sneasler|0 fnt\n|faint|p2a: Sneasler\n|\n|-weather|DesolateLand|[upkeep]\n|upkeep\n|inactive|wjs97 has 120 seconds left.\n|\n|t:|1700585453\n|switch|p2a: Zygarde|Zygarde|82\/100\n|-damage|p2a: Zygarde|76\/100|[from] Stealth Rock\n|turn|27\n|\n|t:|1700585461\n|move|p2a: Zygarde|Coil|p2a: Zygarde\n|-boost|p2a: Zygarde|atk|1\n|-boost|p2a: Zygarde|def|1\n|-boost|p2a: Zygarde|accuracy|1\n|move|p1a: Groudon|Earthquake|p2a: Zygarde\n|-damage|p2a: Zygarde|45\/100\n|\n|-weather|DesolateLand|[upkeep]\n|-heal|p2a: Zygarde|51\/100|[from] item: Leftovers\n|upkeep\n|turn|28\n|inactive|wjs97 has 120 seconds left.\n|\n|t:|1700585482\n|-weather|none\n|switch|p1a: Kyogre|Kyogre|88\/100\n|-weather|RainDance|[from] ability: Drizzle|[of] p1a: Kyogre\n|move|p2a: Zygarde|Coil|p2a: Zygarde\n|-boost|p2a: Zygarde|atk|1\n|-boost|p2a: Zygarde|def|1\n|-boost|p2a: Zygarde|accuracy|1\n|\n|-weather|RainDance|[upkeep]\n|-heal|p2a: Zygarde|57\/100|[from] item: Leftovers\n|upkeep\n|turn|29\n|inactive|wjs97 has 120 seconds left.\n|\n|t:|1700585495\n|-terastallize|p2a: Zygarde|Normal\n|move|p2a: Zygarde|Extreme Speed|p1a: Kyogre\n|-damage|p1a: Kyogre|12\/100\n|move|p1a: Kyogre|Ice Beam|p2a: Zygarde\n|-damage|p2a: Zygarde|27\/100\n|\n|-weather|RainDance|[upkeep]\n|-heal|p2a: Zygarde|33\/100|[from] item: Leftovers\n|-activate|p2a: Zygarde|ability: Power Construct\n|detailschange|p2a: Zygarde|Zygarde-Complete, tera:Normal\n|-heal|p2a: Zygarde|57\/100|[silent]\n|upkeep\n|turn|30\n|inactive|wjs97 has 120 seconds left.\n|\n|t:|1700585516\n|switch|p1a: Groudon|Groudon-Primal, shiny|4\/100\n|-weather|DesolateLand|[from] ability: Desolate Land|[of] p1a: Groudon\n|move|p2a: Zygarde|Extreme Speed|p1a: Groudon\n|-damage|p1a: Groudon|0 fnt\n|faint|p1a: Groudon\n|-weather|none\n|\n|-heal|p2a: Zygarde|63\/100|[from] item: Leftovers\n|upkeep\n|\n|t:|1700585521\n|switch|p1a: Arceus|Arceus-Ground|60\/100 tox\n|turn|31\n|\n|t:|1700585533\n|move|p1a: Arceus|Perish Song|p1a: Arceus\n|-start|p1a: Arceus|perish3|[silent]\n|-start|p2a: Zygarde|perish3|[silent]\n|-fieldactivate|move: Perish Song\n|move|p2a: Zygarde|Thousand Arrows|p1a: Arceus\n|-damage|p1a: Arceus|19\/100 tox\n|\n|-heal|p2a: Zygarde|69\/100|[from] item: Leftovers\n|-damage|p1a: Arceus|12\/100 tox|[from] psn\n|-start|p1a: Arceus|perish3\n|-start|p2a: Zygarde|perish3\n|upkeep\n|turn|32\n|\n|t:|1700585545\n|move|p2a: Zygarde|Extreme Speed|p1a: Arceus\n|-damage|p1a: Arceus|0 fnt\n|faint|p1a: Arceus\n|\n|-heal|p2a: Zygarde|75\/100|[from] item: Leftovers\n|-start|p2a: Zygarde|perish2\n|upkeep\n|\n|t:|1700585552\n|switch|p1a: Chansey|Chansey, F|100\/100\n|turn|33\n|\n|t:|1700585557\n|move|p2a: Zygarde|Thousand Arrows|p1a: Chansey\n|-damage|p1a: Chansey|36\/100\n|move|p1a: Chansey|Soft-Boiled|p1a: Chansey\n|-heal|p1a: Chansey|86\/100\n|\n|-heal|p2a: Zygarde|82\/100|[from] item: Leftovers\n|-start|p2a: Zygarde|perish1\n|upkeep\n|turn|34\n|\n|t:|1700585568\n|switch|p2a: Deoxys|Deoxys-Attack|91\/100\n|-damage|p2a: Deoxys|78\/100|[from] Stealth Rock\n|-ability|p2a: Deoxys|Pressure\n|move|p1a: Chansey|Soft-Boiled|p1a: Chansey\n|-heal|p1a: Chansey|100\/100\n|\n|upkeep\n|turn|35\n|inactive|Zatanna rs has 120 seconds left.\n|inactive|wjs97 has 120 seconds left.\n|inactive|Zatanna rs has 90 seconds left.\n|inactive|Zatanna rs has 60 seconds left.\n|\n|t:|1700585661\n|move|p2a: Deoxys|Extreme Speed|p1a: Chansey\n|-damage|p1a: Chansey|68\/100\n|-damage|p2a: Deoxys|68\/100|[from] item: Life Orb\n|move|p1a: Chansey|Toxic|p2a: Deoxys\n|-status|p2a: Deoxys|tox\n|\n|-damage|p2a: Deoxys|62\/100 tox|[from] psn\n|upkeep\n|turn|36\n|\n|t:|1700585678\n|switch|p2a: Zygarde|Zygarde-Complete, tera:Normal|82\/100\n|-damage|p2a: Zygarde|69\/100|[from] Stealth Rock\n|move|p1a: Chansey|Soft-Boiled|p1a: Chansey\n|-heal|p1a: Chansey|100\/100\n|\n|-heal|p2a: Zygarde|75\/100|[from] item: Leftovers\n|upkeep\n|turn|37\n|inactive|Zatanna rs has 60 seconds left.\n|\n|t:|1700585694\n|move|p2a: Zygarde|Substitute|p2a: Zygarde\n|-start|p2a: Zygarde|Substitute\n|-damage|p2a: Zygarde|51\/100\n|move|p1a: Chansey|Toxic||[still]\n|-fail|p1a: Chansey\n|\n|-heal|p2a: Zygarde|57\/100|[from] item: Leftovers\n|upkeep\n|turn|38\n|\n|t:|1700585702\n|switch|p1a: Kyogre|Kyogre|12\/100\n|-weather|RainDance|[from] ability: Drizzle|[of] p1a: Kyogre\n|move|p2a: Zygarde|Coil|p2a: Zygarde\n|-boost|p2a: Zygarde|atk|1\n|-boost|p2a: Zygarde|def|1\n|-boost|p2a: Zygarde|accuracy|1\n|\n|-weather|RainDance|[upkeep]\n|-heal|p2a: Zygarde|63\/100|[from] item: Leftovers\n|upkeep\n|turn|39\n|\n|t:|1700585715\n|-terastallize|p1a: Kyogre|Grass\n|move|p1a: Kyogre|Ice Beam|p2a: Zygarde\n|-activate|p2a: Zygarde|move: Substitute|[damage]\n|move|p2a: Zygarde|Thousand Arrows|p1a: Kyogre\n|-resisted|p1a: Kyogre\n|-damage|p1a: Kyogre|0 fnt\n|faint|p1a: Kyogre\n|\n|-weather|RainDance|[upkeep]\n|-heal|p2a: Zygarde|69\/100|[from] item: Leftovers\n|upkeep\n|-message|Zatanna rs forfeited.\n|\n|win|wjs97\n|raw|Zatanna rs's rating: 1537 &rarr; <strong>1517<\/strong><br \/>(-20 for losing)\n|raw|wjs97's rating: 1529 &rarr; <strong>1549<\/strong><br \/>(+20 for winning)\n|l|\u2606Zatanna rs\n","uploadtime":1700585890,"views":1,"p1id":"zatannars","p2id":"wjs97","formatid":"gen9nationaldexubers","rating":1517,"private":0,"password":""}