{"id":"gen9nationaldexubers-1982763540","p1":"MrDynasty","p2":"FF7Cloud","format":"[Gen 9] National Dex Ubers","log":"|j|\u2606MrDynasty\n|j|\u2606FF7Cloud\n|t:|1699042602\n|gametype|singles\n|player|p1|MrDynasty|169|1162\n|player|p2|FF7Cloud|2|1107\n|teamsize|p1|6\n|teamsize|p2|6\n|gen|9\n|tier|[Gen 9] National Dex Ubers\n|rated|\n|rule|HP Percentage Mod: HP is shown in percentages\n|rule|Endless Battle Clause: Forcing endless battles is banned\n|rule|OHKO Clause: OHKO moves are banned\n|rule|Evasion Moves Clause: Evasion moves are banned\n|rule|Evasion Items Clause: Evasion items are banned\n|rule|Species Clause: Limit one of each Pok\u00e9mon\n|rule|Sleep Clause Mod: Limit one foe put to sleep\n|rule|Mega Rayquaza Clause: You cannot mega evolve Rayquaza\n|clearpoke\n|poke|p1|Rillaboom, M|\n|poke|p1|Annihilape, M|\n|poke|p1|Darmanitan-Galar, M|\n|poke|p1|Oranguru, F|\n|poke|p1|Munkidori, M|\n|poke|p1|Infernape, F|\n|poke|p2|Deoxys-Attack|\n|poke|p2|Darkrai|\n|poke|p2|Kyogre|\n|poke|p2|Zacian-*|\n|poke|p2|Mewtwo|\n|poke|p2|Xerneas-*|\n|teampreview\n|inactive|Battle timer is ON: inactive players will automatically lose when time's up. (requested by MrDynasty)\n|c|\u2606FF7Cloud|nice\n|c|\u2606FF7Cloud|all monkeys\n|\n|t:|1699042626\n|start\n|switch|p1a: Primal|Rillaboom, M, shiny|100\/100\n|switch|p2a: Xerneas|Xerneas|100\/100\n|-ability|p2a: Xerneas|Fairy Aura\n|-fieldstart|move: Grassy Terrain|[from] ability: Grassy Surge|[of] p1a: Primal\n|-enditem|p1a: Primal|Grassy Seed\n|-boost|p1a: Primal|def|1|[from] item: Grassy Seed\n|turn|1\n|\n|t:|1699042640\n|switch|p1a: Dexter|Munkidori, M|100\/100\n|move|p2a: Xerneas|Geomancy||[still]\n|-prepare|p2a: Xerneas|Geomancy\n|-enditem|p2a: Xerneas|Power Herb\n|-anim|p2a: Xerneas|Geomancy|p2a: Xerneas\n|-boost|p2a: Xerneas|spa|2\n|-boost|p2a: Xerneas|spd|2\n|-boost|p2a: Xerneas|spe|2\n|-enditem|p1a: Dexter|Mirror Herb\n|-boost|p1a: Dexter|spa|2|[from] item: Mirror Herb\n|-boost|p1a: Dexter|spd|2|[from] item: Mirror Herb\n|-boost|p1a: Dexter|spe|2|[from] item: Mirror Herb\n|\n|upkeep\n|turn|2\n|c|\u2606FF7Cloud|ive never seen that\n|\n|t:|1699042668\n|-terastallize|p2a: Xerneas|Electric\n|move|p1a: Dexter|Venoshock|p2a: Xerneas\n|-damage|p2a: Xerneas|69\/100\n|move|p2a: Xerneas|Psychic|p1a: Dexter\n|-damage|p1a: Dexter|63\/100\n|\n|-heal|p1a: Dexter|69\/100|[from] Grassy Terrain\n|-heal|p2a: Xerneas|75\/100|[from] Grassy Terrain\n|upkeep\n|turn|3\n|c|\u2606MrDynasty|It's an item\n|\n|t:|1699042697\n|move|p1a: Dexter|Venoshock|p2a: Xerneas\n|-damage|p2a: Xerneas|45\/100\n|-status|p2a: Xerneas|tox|[from] ability: Toxic Chain|[of] p1a: Dexter\n|move|p2a: Xerneas|Psychic|p1a: Dexter\n|-damage|p1a: Dexter|31\/100\n|\n|-heal|p1a: Dexter|37\/100|[from] Grassy Terrain\n|-heal|p2a: Xerneas|51\/100 tox|[from] Grassy Terrain\n|-damage|p2a: Xerneas|45\/100 tox|[from] psn\n|upkeep\n|turn|4\n|inactive|FF7Cloud has 120 seconds left.\n|c|\u2606MrDynasty|Mirror herb\n|\n|t:|1699042719\n|switch|p2a: Deoxys|Deoxys-Attack|100\/100\n|-ability|p2a: Deoxys|Pressure\n|move|p1a: Dexter|Hex|p2a: Deoxys\n|-supereffective|p2a: Deoxys\n|-enditem|p2a: Deoxys|Focus Sash\n|-damage|p2a: Deoxys|1\/100\n|\n|-heal|p1a: Dexter|43\/100|[from] Grassy Terrain\n|-heal|p2a: Deoxys|7\/100|[from] Grassy Terrain\n|upkeep\n|turn|5\n|inactive|FF7Cloud has 120 seconds left.\n|\n|t:|1699042734\n|move|p2a: Deoxys|Extreme Speed|p1a: Dexter\n|-damage|p1a: Dexter|0 fnt\n|faint|p1a: Dexter\n|\n|-heal|p2a: Deoxys|13\/100|[from] Grassy Terrain\n|-fieldend|move: Grassy Terrain\n|upkeep\n|\n|t:|1699042740\n|switch|p1a: Primal|Rillaboom, M, shiny|100\/100\n|-fieldstart|move: Grassy Terrain|[from] ability: Grassy Surge|[of] p1a: Primal\n|turn|6\n|inactive|FF7Cloud has 120 seconds left.\n|\n|t:|1699042761\n|move|p2a: Deoxys|Extreme Speed|p1a: Primal\n|-damage|p1a: Primal|66\/100\n|move|p1a: Primal|Knock Off|p2a: Deoxys\n|-supereffective|p2a: Deoxys\n|-damage|p2a: Deoxys|0 fnt\n|faint|p2a: Deoxys\n|\n|-heal|p1a: Primal|72\/100|[from] Grassy Terrain\n|upkeep\n|c|\u2606MrDynasty|Yeah all monkeys\n|inactive|FF7Cloud has 90 seconds left.\n|\n|t:|1699042788\n|switch|p2a: Darkrai|Darkrai|100\/100\n|turn|7\n|\n|t:|1699042807\n|move|p2a: Darkrai|Hypnosis|p1a: Primal\n|-status|p1a: Primal|slp|[from] move: Hypnosis\n|cant|p1a: Primal|slp\n|\n|-heal|p1a: Primal|79\/100 slp|[from] Grassy Terrain\n|-damage|p1a: Primal|66\/100 slp|[from] ability: Bad Dreams|[of] p2a: Darkrai\n|upkeep\n|turn|8\n|\n|t:|1699042819\n|cant|p1a: Primal|slp\n|move|p2a: Darkrai|Hypnosis|p1a: Primal\n|-fail|p1a: Primal|slp\n|\n|-heal|p1a: Primal|72\/100 slp|[from] Grassy Terrain\n|-damage|p1a: Primal|60\/100 slp|[from] ability: Bad Dreams|[of] p2a: Darkrai\n|upkeep\n|turn|9\n|\n|t:|1699042827\n|-curestatus|p1a: Primal|slp|[msg]\n|move|p1a: Primal|Grassy Glide|p2a: Darkrai\n|-damage|p2a: Darkrai|48\/100\n|move|p2a: Darkrai|Spacial Rend|p1a: Primal\n|-damage|p1a: Primal|16\/100\n|\n|-heal|p2a: Darkrai|54\/100|[from] Grassy Terrain\n|-heal|p1a: Primal|22\/100|[from] Grassy Terrain\n|upkeep\n|turn|10\n|\n|t:|1699042837\n|move|p1a: Primal|Grassy Glide|p2a: Darkrai\n|-damage|p2a: Darkrai|7\/100\n|move|p2a: Darkrai|Spacial Rend|p1a: Primal\n|-damage|p1a: Primal|0 fnt\n|faint|p1a: Primal\n|\n|-heal|p2a: Darkrai|13\/100|[from] Grassy Terrain\n|-fieldend|move: Grassy Terrain\n|upkeep\n|\n|t:|1699042845\n|switch|p1a: Luffy|Infernape, F|100\/100\n|turn|11\n|\n|t:|1699042857\n|switch|p2a: Kyogre|Kyogre|100\/100\n|detailschange|p2a: Kyogre|Kyogre-Primal\n|-primal|p2a: Kyogre|Blue Orb\n|-weather|PrimordialSea|[from] ability: Primordial Sea|[of] p2a: Kyogre\n|move|p1a: Luffy|Aura Sphere|p2a: Kyogre\n|-damage|p2a: Kyogre|84\/100\n|\n|-weather|PrimordialSea|[upkeep]\n|upkeep\n|turn|12\n|\n|t:|1699042869\n|move|p1a: Luffy|Thunder Punch|p2a: Kyogre\n|-supereffective|p2a: Kyogre\n|-damage|p2a: Kyogre|27\/100\n|move|p2a: Kyogre|Origin Pulse|p1a: Luffy|[miss]\n|-miss|p2a: Kyogre|p1a: Luffy\n|\n|-weather|PrimordialSea|[upkeep]\n|upkeep\n|turn|13\n|\n|t:|1699042880\n|move|p1a: Luffy|Grass Knot|p2a: Kyogre\n|-supereffective|p2a: Kyogre\n|-damage|p2a: Kyogre|0 fnt\n|faint|p2a: Kyogre\n|-weather|none\n|\n|upkeep\n|\n|t:|1699042887\n|switch|p2a: Mewtwo|Mewtwo|100\/100\n|-ability|p2a: Mewtwo|Pressure\n|turn|14\n|\n|t:|1699042895\n|detailschange|p2a: Mewtwo|Mewtwo-Mega-Y\n|-mega|p2a: Mewtwo|Mewtwo|Mewtwonite Y\n|move|p2a: Mewtwo|Psystrike|p1a: Luffy\n|-supereffective|p1a: Luffy\n|-enditem|p1a: Luffy|Focus Sash\n|-damage|p1a: Luffy|1\/100\n|move|p1a: Luffy|Grass Knot|p2a: Mewtwo\n|-damage|p2a: Mewtwo|89\/100\n|\n|upkeep\n|turn|15\n|inactive|FF7Cloud has 120 seconds left.\n|\n|t:|1699042908\n|move|p2a: Mewtwo|Shadow Ball|p1a: Luffy\n|-damage|p1a: Luffy|0 fnt\n|faint|p1a: Luffy\n|\n|upkeep\n|\n|t:|1699042913\n|switch|p1a: Rang-tan|Oranguru, F, shiny|100\/100\n|turn|16\n|\n|t:|1699042922\n|move|p2a: Mewtwo|Fire Blast|p1a: Rang-tan\n|-damage|p1a: Rang-tan|72\/100\n|move|p1a: Rang-tan|Shadow Ball|p2a: Mewtwo\n|-supereffective|p2a: Mewtwo\n|-damage|p2a: Mewtwo|47\/100\n|-unboost|p2a: Mewtwo|spd|1\n|\n|upkeep\n|turn|17\n|\n|t:|1699042936\n|switch|p2a: Xerneas|Xerneas, tera:Electric|45\/100 tox\n|-ability|p2a: Xerneas|Fairy Aura\n|move|p1a: Rang-tan|Shadow Ball|p2a: Xerneas\n|-damage|p2a: Xerneas|24\/100 tox\n|\n|-damage|p2a: Xerneas|18\/100 tox|[from] psn\n|upkeep\n|turn|18\n|\n|t:|1699042947\n|move|p2a: Xerneas|Moonblast|p1a: Rang-tan\n|-damage|p1a: Rang-tan|32\/100\n|move|p1a: Rang-tan|Psychic|p2a: Xerneas\n|-damage|p2a: Xerneas|0 fnt\n|faint|p2a: Xerneas\n|\n|upkeep\n|inactive|FF7Cloud has 120 seconds left.\n|\n|t:|1699042957\n|switch|p2a: Darkrai|Darkrai|13\/100\n|turn|19\n|\n|t:|1699042966\n|move|p2a: Darkrai|Hypnosis|p1a: Rang-tan|[miss]\n|-miss|p2a: Darkrai|p1a: Rang-tan\n|move|p1a: Rang-tan|Energy Ball|p2a: Darkrai\n|-damage|p2a: Darkrai|0 fnt\n|faint|p2a: Darkrai\n|\n|upkeep\n|\n|t:|1699042973\n|switch|p2a: Zacian|Zacian-Crowned|100\/100\n|-ability|p2a: Zacian|Intrepid Sword|boost\n|-boost|p2a: Zacian|atk|1\n|turn|20\n|\n|t:|1699042984\n|move|p2a: Zacian|Behemoth Blade|p1a: Rang-tan\n|-damage|p1a: Rang-tan|0 fnt\n|faint|p1a: Rang-tan\n|\n|upkeep\n|\n|t:|1699042989\n|switch|p1a: Grinch|Darmanitan-Galar, M, shiny|100\/100\n|turn|21\n|\n|t:|1699042998\n|move|p1a: Grinch|Earthquake|p2a: Zacian\n|-supereffective|p2a: Zacian\n|-damage|p2a: Zacian|0 fnt\n|faint|p2a: Zacian\n|\n|upkeep\n|\n|t:|1699043003\n|switch|p2a: Mewtwo|Mewtwo-Mega-Y|47\/100\n|turn|22\n|\n|t:|1699043011\n|move|p1a: Grinch|Earthquake|p2a: Mewtwo\n|-damage|p2a: Mewtwo|0 fnt\n|faint|p2a: Mewtwo\n|\n|win|MrDynasty\n|raw|MrDynasty's rating: 1162 &rarr; <strong>1183<\/strong><br \/>(+21 for winning)\n|raw|FF7Cloud's rating: 1107 &rarr; <strong>1086<\/strong><br \/>(-21 for losing)\n|c|\u2606MrDynasty|Gg\n|l|\u2606FF7Cloud\n","uploadtime":1699043020,"views":12,"p1id":"mrdynasty","p2id":"ff7cloud","formatid":"gen9nationaldexubers","rating":1086,"private":0,"password":""}