{"id":"gen9nationaldexubers-1988024105","p1":"FierceFlamethrower","p2":"Scywave","format":"[Gen 9] National Dex Ubers","log":"|j|\u2606FierceFlamethrower\n|j|\u2606Scywave\n|t:|1699660388\n|gametype|singles\n|player|p1|FierceFlamethrower|265|\n|player|p2|Scywave|265|\n|teamsize|p1|6\n|teamsize|p2|6\n|gen|9\n|tier|[Gen 9] National Dex Ubers\n|rule|HP Percentage Mod: HP is shown in percentages\n|rule|Endless Battle Clause: Forcing endless battles is banned\n|rule|OHKO Clause: OHKO moves are banned\n|rule|Evasion Moves Clause: Evasion moves are banned\n|rule|Evasion Items Clause: Evasion items are banned\n|rule|Species Clause: Limit one of each Pok\u00e9mon\n|rule|Sleep Clause Mod: Limit one foe put to sleep\n|rule|Mega Rayquaza Clause: You cannot mega evolve Rayquaza\n|clearpoke\n|poke|p1|Lucario, F|\n|poke|p1|Chien-Pao|\n|poke|p1|Mew|\n|poke|p1|Zacian-*|\n|poke|p1|Reshiram|\n|poke|p1|Alomomola, M|\n|poke|p2|Genesect|\n|poke|p2|Glimmora, M|\n|poke|p2|Mewtwo|\n|poke|p2|Rotom-Wash|\n|poke|p2|Ceruledge, M|\n|poke|p2|Iron Valiant|\n|teampreview\n|c|\u2606FierceFlamethrower|hf\n|c|\u2606Scywave|hf\n|j| ElevatedGodlyness\n|j| omg real exe\n|j| dumbpoop\n|\n|t:|1699660470\n|start\n|switch|p1a: Reshiram|Reshiram|100\/100\n|switch|p2a: Genesect|Genesect|100\/100\n|-ability|p2a: Genesect|Download|boost\n|-boost|p2a: Genesect|atk|1\n|-ability|p1a: Reshiram|Turboblaze\n|turn|1\n|\n|t:|1699660532\n|move|p2a: Genesect|U-turn|p1a: Reshiram\n|-resisted|p1a: Reshiram\n|-damage|p1a: Reshiram|80\/100\n|\n|t:|1699660537\n|switch|p2a: Glimmora|Glimmora, M|100\/100|[from] U-turn\n|move|p1a: Reshiram|Draco Meteor|p2a: Glimmora\n|-damage|p2a: Glimmora|16\/100\n|-unboost|p1a: Reshiram|spa|2\n|\n|upkeep\n|turn|2\n|j| The Generates\n|\n|t:|1699660579\n|switch|p2a: Rotom|Rotom-Wash|100\/100\n|switch|p1a: Mew|Mew|100\/100\n|\n|upkeep\n|turn|3\n|\n|t:|1699660596\n|move|p1a: Mew|Shadow Ball|p2a: Rotom\n|-damage|p2a: Rotom|82\/100\n|move|p2a: Rotom|Volt Switch|p1a: Mew\n|-damage|p1a: Mew|84\/100\n|\n|t:|1699660613\n|switch|p2a: Genesect|Genesect|100\/100|[from] Volt Switch\n|-ability|p2a: Genesect|Download|boost\n|-boost|p2a: Genesect|atk|1\n|\n|upkeep\n|turn|4\n|\n|t:|1699660628\n|switch|p1a: Alomomola|Alomomola, M|100\/100\n|move|p2a: Genesect|U-turn|p1a: Alomomola\n|-damage|p1a: Alomomola|72\/100\n|\n|t:|1699660643\n|switch|p2a: Glimmora|Glimmora, M|16\/100|[from] U-turn\n|\n|upkeep\n|turn|5\n|\n|t:|1699660657\n|move|p2a: Glimmora|Toxic|p1a: Alomomola\n|-status|p1a: Alomomola|tox\n|move|p1a: Alomomola|Flip Turn|p2a: Glimmora\n|-supereffective|p2a: Glimmora\n|-damage|p2a: Glimmora|0 fnt\n|-activate|p2a: Glimmora|ability: Toxic Debris\n|-sidestart|p1: FierceFlamethrower|move: Toxic Spikes\n|faint|p2a: Glimmora\n|\n|t:|1699660696\n|switch|p1a: Reshiram|Reshiram|80\/100|[from] Flip Turn\n|-ability|p1a: Reshiram|Turboblaze\n|\n|upkeep\n|\n|t:|1699660711\n|switch|p2a: Mewtwo|Mewtwo|100\/100\n|-ability|p2a: Mewtwo|Pressure\n|turn|6\n|\n|t:|1699660724\n|move|p2a: Mewtwo|Reflect|p2a: Mewtwo\n|-sidestart|p2: Scywave|Reflect\n|move|p1a: Reshiram|Blue Flare|p2a: Mewtwo\n|-damage|p2a: Mewtwo|24\/100\n|-status|p2a: Mewtwo|brn\n|\n|-damage|p2a: Mewtwo|18\/100 brn|[from] brn\n|upkeep\n|turn|7\n|\n|t:|1699660771\n|move|p1a: Reshiram|Tailwind|p1a: Reshiram\n|-sidestart|p1: FierceFlamethrower|move: Tailwind\n|move|p2a: Mewtwo|Teleport|p2a: Mewtwo\n|\n|t:|1699660776\n|switch|p2a: Ceruledge|Ceruledge, M|100\/100|[from] Teleport\n|\n|upkeep\n|turn|8\n|\n|t:|1699660780\n|move|p1a: Reshiram|Draco Meteor|p2a: Ceruledge|[miss]\n|-miss|p1a: Reshiram|p2a: Ceruledge\n|move|p2a: Ceruledge|Bulk Up|p2a: Ceruledge\n|-boost|p2a: Ceruledge|atk|1\n|-boost|p2a: Ceruledge|def|1\n|\n|upkeep\n|turn|9\n|\n|t:|1699660800\n|move|p1a: Reshiram|Draco Meteor|p2a: Ceruledge\n|-damage|p2a: Ceruledge|28\/100\n|-unboost|p1a: Reshiram|spa|2\n|move|p2a: Ceruledge|Poltergeist|p1a: Reshiram\n|-activate|p1a: Reshiram|move: Poltergeist|Heavy-Duty Boots\n|-damage|p1a: Reshiram|23\/100\n|\n|-heal|p2a: Ceruledge|34\/100|[from] item: Leftovers\n|upkeep\n|turn|10\n|\n|t:|1699660830\n|move|p1a: Reshiram|Draco Meteor|p2a: Ceruledge\n|-damage|p2a: Ceruledge|0 fnt\n|-unboost|p1a: Reshiram|spa|2\n|faint|p2a: Ceruledge\n|\n|-sideend|p1: FierceFlamethrower|move: Tailwind\n|upkeep\n|\n|t:|1699660844\n|switch|p2a: Iron Valiant|Iron Valiant|100\/100\n|turn|11\n|\n|t:|1699660849\n|move|p2a: Iron Valiant|Moonblast|p1a: Reshiram\n|-damage|p1a: Reshiram|0 fnt\n|faint|p1a: Reshiram\n|\n|upkeep\n|\n|t:|1699660903\n|switch|p1a: Zacian|Zacian|100\/100\n|-ability|p1a: Zacian|Intrepid Sword|boost\n|-boost|p1a: Zacian|atk|1\n|turn|12\n|\n|t:|1699660916\n|-end|p2a: Iron Valiant|Quark Drive|[silent]\n|switch|p2a: Mewtwo|Mewtwo|18\/100 brn\n|-ability|p2a: Mewtwo|Pressure\n|move|p1a: Zacian|Play Rough|p2a: Mewtwo\n|-damage|p2a: Mewtwo|0 fnt\n|faint|p2a: Mewtwo\n|\n|upkeep\n|\n|t:|1699660919\n|switch|p2a: Genesect|Genesect|100\/100\n|-ability|p2a: Genesect|Download|boost\n|-boost|p2a: Genesect|spa|1\n|turn|13\n|\n|t:|1699660934\n|switch|p1a: Alomomola|Alomomola, M|100\/100 tox\n|move|p2a: Genesect|Iron Head|p1a: Alomomola\n|-resisted|p1a: Alomomola\n|-damage|p1a: Alomomola|90\/100 tox\n|\n|-damage|p1a: Alomomola|83\/100 tox|[from] psn\n|-sideend|p2: Scywave|Reflect\n|upkeep\n|turn|14\n|\n|t:|1699660942\n|switch|p2a: Rotom|Rotom-Wash|82\/100\n|move|p1a: Alomomola|Flip Turn|p2a: Rotom\n|-resisted|p2a: Rotom\n|-damage|p2a: Rotom|77\/100\n|\n|t:|1699660974\n|switch|p1a: Lucario|Lucario, F|100\/100|[from] Flip Turn\n|\n|-heal|p2a: Rotom|83\/100|[from] item: Leftovers\n|upkeep\n|turn|15\n|\n|t:|1699660985\n|detailschange|p1a: Lucario|Lucario-Mega, F\n|-mega|p1a: Lucario|Lucario|Lucarionite\n|move|p1a: Lucario|Close Combat|p2a: Rotom\n|-damage|p2a: Rotom|15\/100\n|-unboost|p1a: Lucario|def|1\n|-unboost|p1a: Lucario|spd|1\n|move|p2a: Rotom|Volt Switch|p1a: Lucario\n|-damage|p1a: Lucario|38\/100\n|\n|t:|1699661004\n|switch|p2a: Genesect|Genesect|100\/100|[from] Volt Switch\n|-ability|p2a: Genesect|Download|boost\n|-boost|p2a: Genesect|spa|1\n|\n|upkeep\n|turn|16\n|\n|t:|1699661018\n|switch|p1a: Alomomola|Alomomola, M|100\/100 tox\n|move|p2a: Genesect|Flamethrower|p1a: Alomomola\n|-resisted|p1a: Alomomola\n|-crit|p1a: Alomomola\n|-damage|p1a: Alomomola|68\/100 tox\n|\n|-damage|p1a: Alomomola|61\/100 tox|[from] psn\n|upkeep\n|turn|17\n|\n|t:|1699661037\n|move|p2a: Genesect|Flamethrower|p1a: Alomomola\n|-resisted|p1a: Alomomola\n|-damage|p1a: Alomomola|40\/100 tox\n|move|p1a: Alomomola|Flip Turn|p2a: Genesect\n|-damage|p2a: Genesect|81\/100\n|\n|t:|1699661092\n|switch|p1a: Mew|Mew|84\/100|[from] Flip Turn\n|\n|upkeep\n|turn|18\n|\n|t:|1699661100\n|switch|p2a: Rotom|Rotom-Wash|15\/100\n|move|p1a: Mew|Shadow Ball|p2a: Rotom\n|-damage|p2a: Rotom|0 fnt\n|faint|p2a: Rotom\n|\n|upkeep\n|\n|t:|1699661103\n|switch|p2a: Genesect|Genesect|81\/100\n|-ability|p2a: Genesect|Download|boost\n|-boost|p2a: Genesect|atk|1\n|turn|19\n|\n|t:|1699661130\n|switch|p1a: Alomomola|Alomomola, M|74\/100 tox\n|move|p2a: Genesect|U-turn|p1a: Alomomola\n|-damage|p1a: Alomomola|45\/100 tox\n|\n|t:|1699661133\n|switch|p2a: Iron Valiant|Iron Valiant|100\/100|[from] U-turn\n|\n|-damage|p1a: Alomomola|39\/100 tox|[from] psn\n|upkeep\n|turn|20\n|\n|t:|1699661150\n|switch|p1a: Mew|Mew|84\/100\n|move|p2a: Iron Valiant|Moonblast|p1a: Mew\n|-damage|p1a: Mew|53\/100\n|\n|upkeep\n|turn|21\n|\n|t:|1699661164\n|-end|p2a: Iron Valiant|Quark Drive|[silent]\n|switch|p2a: Genesect|Genesect|81\/100\n|-ability|p2a: Genesect|Download|boost\n|-boost|p2a: Genesect|atk|1\n|move|p1a: Mew|Roost|p1a: Mew\n|-heal|p1a: Mew|100\/100\n|-singleturn|p1a: Mew|move: Roost\n|\n|upkeep\n|turn|22\n|\n|t:|1699661188\n|switch|p1a: Alomomola|Alomomola, M|72\/100 tox\n|move|p2a: Genesect|U-turn|p1a: Alomomola\n|-crit|p1a: Alomomola\n|-damage|p1a: Alomomola|30\/100 tox\n|\n|t:|1699661190\n|switch|p2a: Iron Valiant|Iron Valiant|100\/100|[from] U-turn\n|\n|-damage|p1a: Alomomola|23\/100 tox|[from] psn\n|upkeep\n|turn|23\n|\n|t:|1699661195\n|-end|p2a: Iron Valiant|Quark Drive|[silent]\n|switch|p2a: Genesect|Genesect|81\/100\n|-ability|p2a: Genesect|Download|boost\n|-boost|p2a: Genesect|spa|1\n|switch|p1a: Mew|Mew|100\/100\n|\n|upkeep\n|turn|24\n|\n|t:|1699661211\n|move|p2a: Genesect|U-turn|p1a: Mew\n|-supereffective|p1a: Mew\n|-damage|p1a: Mew|37\/100\n|\n|t:|1699661214\n|switch|p2a: Iron Valiant|Iron Valiant|100\/100|[from] U-turn\n|move|p1a: Mew|Roost|p1a: Mew\n|-heal|p1a: Mew|87\/100\n|-singleturn|p1a: Mew|move: Roost\n|\n|upkeep\n|turn|25\n|\n|t:|1699661228\n|-end|p2a: Iron Valiant|Quark Drive|[silent]\n|switch|p2a: Genesect|Genesect|81\/100\n|-ability|p2a: Genesect|Download|boost\n|-boost|p2a: Genesect|atk|1\n|move|p1a: Mew|Shadow Ball|p2a: Genesect\n|-damage|p2a: Genesect|54\/100\n|\n|upkeep\n|turn|26\n|\n|t:|1699661251\n|switch|p1a: Alomomola|Alomomola, M|57\/100 tox\n|move|p2a: Genesect|U-turn|p1a: Alomomola\n|-damage|p1a: Alomomola|28\/100 tox\n|\n|t:|1699661259\n|switch|p2a: Iron Valiant|Iron Valiant|100\/100|[from] U-turn\n|\n|-damage|p1a: Alomomola|22\/100 tox|[from] psn\n|upkeep\n|turn|27\n|j| The Prime Mime\n|\n|t:|1699661277\n|switch|p1a: Mew|Mew|87\/100\n|move|p2a: Iron Valiant|Moonblast|p1a: Mew\n|-damage|p1a: Mew|56\/100\n|\n|upkeep\n|turn|28\n|\n|t:|1699661291\n|-end|p2a: Iron Valiant|Quark Drive|[silent]\n|switch|p2a: Genesect|Genesect|54\/100\n|-ability|p2a: Genesect|Download|boost\n|-boost|p2a: Genesect|atk|1\n|move|p1a: Mew|Roost|p1a: Mew\n|-heal|p1a: Mew|100\/100\n|-singleturn|p1a: Mew|move: Roost\n|\n|upkeep\n|turn|29\n|\n|t:|1699661302\n|switch|p1a: Alomomola|Alomomola, M|56\/100 tox\n|move|p2a: Genesect|U-turn|p1a: Alomomola\n|-damage|p1a: Alomomola|30\/100 tox\n|\n|t:|1699661307\n|switch|p2a: Iron Valiant|Iron Valiant|100\/100|[from] U-turn\n|\n|-damage|p1a: Alomomola|24\/100 tox|[from] psn\n|upkeep\n|turn|30\n|\n|t:|1699661316\n|-end|p2a: Iron Valiant|Quark Drive|[silent]\n|switch|p2a: Genesect|Genesect|54\/100\n|-ability|p2a: Genesect|Download|boost\n|-boost|p2a: Genesect|spa|1\n|switch|p1a: Mew|Mew|100\/100\n|\n|upkeep\n|turn|31\n|\n|t:|1699661334\n|switch|p1a: Zacian|Zacian|100\/100\n|move|p2a: Genesect|U-turn|p1a: Zacian\n|-resisted|p1a: Zacian\n|-damage|p1a: Zacian|86\/100\n|\n|t:|1699661337\n|switch|p2a: Iron Valiant|Iron Valiant|100\/100|[from] U-turn\n|\n|upkeep\n|turn|32\n|\n|t:|1699661351\n|-end|p2a: Iron Valiant|Quark Drive|[silent]\n|switch|p2a: Genesect|Genesect|54\/100\n|-ability|p2a: Genesect|Download|boost\n|-boost|p2a: Genesect|spa|1\n|move|p1a: Zacian|Play Rough|p2a: Genesect\n|-resisted|p2a: Genesect\n|-damage|p2a: Genesect|25\/100\n|\n|upkeep\n|turn|33\n|\n|t:|1699661360\n|switch|p1a: Alomomola|Alomomola, M|57\/100 tox\n|move|p2a: Genesect|U-turn|p1a: Alomomola\n|-damage|p1a: Alomomola|40\/100 tox\n|\n|t:|1699661363\n|switch|p2a: Iron Valiant|Iron Valiant|100\/100|[from] U-turn\n|\n|-damage|p1a: Alomomola|34\/100 tox|[from] psn\n|upkeep\n|turn|34\n|\n|t:|1699661376\n|switch|p1a: Mew|Mew|100\/100\n|move|p2a: Iron Valiant|Moonblast|p1a: Mew\n|-damage|p1a: Mew|69\/100\n|\n|upkeep\n|turn|35\n|\n|t:|1699661384\n|move|p2a: Iron Valiant|Moonblast|p1a: Mew\n|-damage|p1a: Mew|39\/100\n|move|p1a: Mew|Shadow Ball|p2a: Iron Valiant\n|-damage|p2a: Iron Valiant|64\/100\n|-unboost|p2a: Iron Valiant|spd|1\n|\n|upkeep\n|turn|36\n|\n|t:|1699661392\n|-end|p2a: Iron Valiant|Quark Drive|[silent]\n|switch|p2a: Genesect|Genesect|25\/100\n|-ability|p2a: Genesect|Download|boost\n|-boost|p2a: Genesect|atk|1\n|move|p1a: Mew|Roost|p1a: Mew\n|-heal|p1a: Mew|89\/100\n|-singleturn|p1a: Mew|move: Roost\n|\n|upkeep\n|turn|37\n|\n|t:|1699661406\n|switch|p1a: Alomomola|Alomomola, M|68\/100 tox\n|move|p2a: Genesect|Iron Head|p1a: Alomomola\n|-resisted|p1a: Alomomola\n|-damage|p1a: Alomomola|52\/100 tox\n|\n|-damage|p1a: Alomomola|46\/100 tox|[from] psn\n|upkeep\n|turn|38\n|\n|t:|1699661412\n|move|p2a: Genesect|Iron Head|p1a: Alomomola\n|-resisted|p1a: Alomomola\n|-damage|p1a: Alomomola|30\/100 tox\n|cant|p1a: Alomomola|flinch\n|\n|-damage|p1a: Alomomola|17\/100 tox|[from] psn\n|upkeep\n|turn|39\n|\n|t:|1699661418\n|move|p2a: Genesect|Iron Head|p1a: Alomomola\n|-resisted|p1a: Alomomola\n|-damage|p1a: Alomomola|1\/100 tox\n|move|p1a: Alomomola|Flip Turn|p2a: Genesect\n|-crit|p2a: Genesect\n|-damage|p2a: Genesect|0 fnt\n|faint|p2a: Genesect\n|\n|t:|1699661427\n|switch|p1a: Lucario|Lucario-Mega, F|38\/100|[from] Flip Turn\n|\n|upkeep\n|\n|t:|1699661429\n|switch|p2a: Iron Valiant|Iron Valiant|64\/100\n|turn|40\n|\n|t:|1699661431\n|move|p1a: Lucario|Bullet Punch|p2a: Iron Valiant\n|-supereffective|p2a: Iron Valiant\n|-damage|p2a: Iron Valiant|0 fnt\n|faint|p2a: Iron Valiant\n|-end|p2a: Iron Valiant|Quark Drive|[silent]\n|\n|win|FierceFlamethrower\n|c|\u2606Scywave|gg\n|c|\u2606FierceFlamethrower|gg\n|l| The Prime Mime\n|l| dumbpoop\n|l| ElevatedGodlyness\n","uploadtime":1699661449,"views":53,"p1id":"fierceflamethrower","p2id":"scywave","formatid":"gen9nationaldexubers","rating":0,"private":0,"password":""}