{"id":"gen9nationaldexubers-1991490592","p1":"INSECT-M0DE\ufe0f\u2733\ufe0f","p2":"Tupu2","format":"[Gen 9] National Dex Ubers","log":"|j|\u2606INSECT-M0DE\ufe0f\u2733\ufe0f\n|j|\u2606Tupu2\n|t:|1700081735\n|gametype|singles\n|player|p1|INSECT-M0DE\ufe0f\u2733\ufe0f|viola|1113\n|player|p2|Tupu2|winona|1123\n|teamsize|p1|6\n|teamsize|p2|6\n|gen|9\n|tier|[Gen 9] National Dex Ubers\n|rated|\n|rule|HP Percentage Mod: HP is shown in percentages\n|rule|Endless Battle Clause: Forcing endless battles is banned\n|rule|OHKO Clause: OHKO moves are banned\n|rule|Evasion Moves Clause: Evasion moves are banned\n|rule|Evasion Items Clause: Evasion items are banned\n|rule|Species Clause: Limit one of each Pok\u00e9mon\n|rule|Sleep Clause Mod: Limit one foe put to sleep\n|rule|Mega Rayquaza Clause: You cannot mega evolve Rayquaza\n|clearpoke\n|poke|p1|Armaldo, M|\n|poke|p1|Golisopod, M|\n|poke|p1|Araquanid, F|\n|poke|p1|Slither Wing|\n|poke|p1|Pheromosa|\n|poke|p1|Orbeetle, F|\n|poke|p2|Aggron, M|\n|poke|p2|Drapion, M|\n|poke|p2|Gastrodon-East, F|\n|poke|p2|Froslass, F|\n|poke|p2|Ninjask, F|\n|poke|p2|Electivire, M|\n|teampreview\n|inactive|Battle timer is ON: inactive players will automatically lose when time's up. (requested by Tupu2)\n|\n|t:|1700081741\n|start\n|switch|p1a: Araquanid|Araquanid, F|100\/100\n|switch|p2a: Aggron|Aggron, M|100\/100\n|turn|1\n|\n|t:|1700081754\n|move|p2a: Aggron|Stealth Rock|p1a: Araquanid\n|-sidestart|p1: INSECT-M0DE\ufe0f\u2733\ufe0f|move: Stealth Rock\n|move|p1a: Araquanid|Sticky Web|p2a: Aggron\n|-sidestart|p2: Tupu2|move: Sticky Web\n|\n|upkeep\n|turn|2\n|\n|t:|1700081760\n|move|p2a: Aggron|Head Smash|p1a: Araquanid\n|-supereffective|p1a: Araquanid\n|-damage|p1a: Araquanid|0 fnt\n|faint|p1a: Araquanid\n|-damage|p2a: Aggron|60\/100|[from] Recoil\n|\n|upkeep\n|\n|t:|1700081768\n|switch|p1a: \ud83d\udd78\ud83e\udd8bPHERMOSA\ud83e\udd8b\ud83d\udd78|Pheromosa|100\/100\n|-damage|p1a: \ud83d\udd78\ud83e\udd8bPHERMOSA\ud83e\udd8b\ud83d\udd78|88\/100|[from] Stealth Rock\n|turn|3\n|\n|t:|1700081775\n|move|p1a: \ud83d\udd78\ud83e\udd8bPHERMOSA\ud83e\udd8b\ud83d\udd78|Close Combat|p2a: Aggron\n|-supereffective|p2a: Aggron\n|-crit|p2a: Aggron\n|-damage|p2a: Aggron|0 fnt\n|-unboost|p1a: \ud83d\udd78\ud83e\udd8bPHERMOSA\ud83e\udd8b\ud83d\udd78|def|1\n|-unboost|p1a: \ud83d\udd78\ud83e\udd8bPHERMOSA\ud83e\udd8b\ud83d\udd78|spd|1\n|-damage|p1a: \ud83d\udd78\ud83e\udd8bPHERMOSA\ud83e\udd8b\ud83d\udd78|72\/100|[from] item: Rocky Helmet|[of] p2a: Aggron\n|faint|p2a: Aggron\n|-ability|p1a: \ud83d\udd78\ud83e\udd8bPHERMOSA\ud83e\udd8b\ud83d\udd78|Beast Boost|boost\n|-boost|p1a: \ud83d\udd78\ud83e\udd8bPHERMOSA\ud83e\udd8b\ud83d\udd78|spa|1\n|\n|upkeep\n|\n|t:|1700081786\n|switch|p2a: Ninjask|Ninjask, F|100\/100\n|turn|4\n|\n|t:|1700081802\n|move|p2a: Ninjask|Swords Dance|p2a: Ninjask\n|-boost|p2a: Ninjask|atk|2\n|move|p1a: \ud83d\udd78\ud83e\udd8bPHERMOSA\ud83e\udd8b\ud83d\udd78|Bug Buzz|p2a: Ninjask\n|-resisted|p2a: Ninjask\n|-enditem|p2a: Ninjask|Focus Sash\n|-damage|p2a: Ninjask|1\/100\n|\n|-ability|p2a: Ninjask|Speed Boost|boost\n|-boost|p2a: Ninjask|spe|1\n|upkeep\n|turn|5\n|\n|t:|1700081815\n|switch|p1a: \ud83d\udc1e\ud83c\udf0cORBEETLE\ud83c\udf0c\ud83d\udc1e|Orbeetle, F, shiny|100\/100\n|-damage|p1a: \ud83d\udc1e\ud83c\udf0cORBEETLE\ud83c\udf0c\ud83d\udc1e|76\/100|[from] Stealth Rock\n|move|p2a: Ninjask|Acrobatics|p1a: \ud83d\udc1e\ud83c\udf0cORBEETLE\ud83c\udf0c\ud83d\udc1e\n|-supereffective|p1a: \ud83d\udc1e\ud83c\udf0cORBEETLE\ud83c\udf0c\ud83d\udc1e\n|-damage|p1a: \ud83d\udc1e\ud83c\udf0cORBEETLE\ud83c\udf0c\ud83d\udc1e|0 fnt\n|faint|p1a: \ud83d\udc1e\ud83c\udf0cORBEETLE\ud83c\udf0c\ud83d\udc1e\n|\n|-ability|p2a: Ninjask|Speed Boost|boost\n|-boost|p2a: Ninjask|spe|1\n|upkeep\n|\n|t:|1700081830\n|switch|p1a: \ud83e\udd82GOLISOPOD\ud83e\udeb2|Golisopod, M|100\/100\n|-damage|p1a: \ud83e\udd82GOLISOPOD\ud83e\udeb2|76\/100|[from] Stealth Rock\n|turn|6\n|\n|t:|1700081835\n|move|p1a: \ud83e\udd82GOLISOPOD\ud83e\udeb2|First Impression|p2a: Ninjask\n|-resisted|p2a: Ninjask\n|-damage|p2a: Ninjask|0 fnt\n|faint|p2a: Ninjask\n|\n|upkeep\n|\n|t:|1700081846\n|switch|p2a: Electivire|Electivire, M|100\/100\n|-activate|p2a: Electivire|move: Sticky Web\n|-unboost|p2a: Electivire|spe|1\n|turn|7\n|\n|t:|1700081854\n|move|p2a: Electivire|Thunder Punch|p1a: \ud83e\udd82GOLISOPOD\ud83e\udeb2\n|-supereffective|p1a: \ud83e\udd82GOLISOPOD\ud83e\udeb2\n|-damage|p1a: \ud83e\udd82GOLISOPOD\ud83e\udeb2|10\/100\n|-status|p1a: \ud83e\udd82GOLISOPOD\ud83e\udeb2|par\n|-activate|p1a: \ud83e\udd82GOLISOPOD\ud83e\udeb2|ability: Emergency Exit\n|\n|t:|1700081861\n|switch|p1a: \ud83e\udeb0SLITHER\ud83d\udd78WING\ud83e\udeb0|Slither Wing|100\/100\n|-damage|p1a: \ud83e\udeb0SLITHER\ud83d\udd78WING\ud83e\udeb0|88\/100|[from] Stealth Rock\n|-enditem|p1a: \ud83e\udeb0SLITHER\ud83d\udd78WING\ud83e\udeb0|Booster Energy\n|-activate|p1a: \ud83e\udeb0SLITHER\ud83d\udd78WING\ud83e\udeb0|ability: Protosynthesis|[fromitem]\n|-start|p1a: \ud83e\udeb0SLITHER\ud83d\udd78WING\ud83e\udeb0|protosynthesisatk\n|\n|upkeep\n|turn|8\n|j| flatziswashed\n|\n|t:|1700081871\n|move|p1a: \ud83e\udeb0SLITHER\ud83d\udd78WING\ud83e\udeb0|First Impression|p2a: Electivire\n|-damage|p2a: Electivire|0 fnt\n|faint|p2a: Electivire\n|\n|upkeep\n|\n|t:|1700081878\n|switch|p2a: Drapion|Drapion, M|100\/100\n|-activate|p2a: Drapion|move: Sticky Web\n|-unboost|p2a: Drapion|spe|1\n|turn|9\n|inactive|INSECT-M0DE\ufe0f\u2733\ufe0f has 120 seconds left.\n|\n|t:|1700081913\n|move|p2a: Drapion|Poison Jab|p1a: \ud83e\udeb0SLITHER\ud83d\udd78WING\ud83e\udeb0\n|-damage|p1a: \ud83e\udeb0SLITHER\ud83d\udd78WING\ud83e\udeb0|46\/100\n|move|p1a: \ud83e\udeb0SLITHER\ud83d\udd78WING\ud83e\udeb0|Leech Life|p2a: Drapion\n|-damage|p2a: Drapion|36\/100\n|-heal|p1a: \ud83e\udeb0SLITHER\ud83d\udd78WING\ud83e\udeb0|75\/100|[from] drain|[of] p2a: Drapion\n|\n|upkeep\n|turn|10\n|inactive|INSECT-M0DE\ufe0f\u2733\ufe0f has 120 seconds left.\n|\n|t:|1700081922\n|move|p2a: Drapion|Poison Jab|p1a: \ud83e\udeb0SLITHER\ud83d\udd78WING\ud83e\udeb0\n|-damage|p1a: \ud83e\udeb0SLITHER\ud83d\udd78WING\ud83e\udeb0|30\/100\n|move|p1a: \ud83e\udeb0SLITHER\ud83d\udd78WING\ud83e\udeb0|Leech Life|p2a: Drapion\n|-damage|p2a: Drapion|0 fnt\n|-heal|p1a: \ud83e\udeb0SLITHER\ud83d\udd78WING\ud83e\udeb0|46\/100|[from] drain|[of] p2a: Drapion\n|faint|p2a: Drapion\n|\n|upkeep\n|\n|t:|1700081933\n|switch|p2a: Froslass|Froslass, F|100\/100\n|-activate|p2a: Froslass|move: Sticky Web\n|-unboost|p2a: Froslass|spe|1\n|turn|11\n|\n|t:|1700081940\n|move|p2a: Froslass|Shadow Ball|p1a: \ud83e\udeb0SLITHER\ud83d\udd78WING\ud83e\udeb0\n|-damage|p1a: \ud83e\udeb0SLITHER\ud83d\udd78WING\ud83e\udeb0|12\/100\n|-damage|p2a: Froslass|91\/100|[from] item: Life Orb\n|move|p1a: \ud83e\udeb0SLITHER\ud83d\udd78WING\ud83e\udeb0|Leech Life|p2a: Froslass\n|-resisted|p2a: Froslass\n|-damage|p2a: Froslass|38\/100\n|-heal|p1a: \ud83e\udeb0SLITHER\ud83d\udd78WING\ud83e\udeb0|36\/100|[from] drain|[of] p2a: Froslass\n|\n|upkeep\n|turn|12\n|\n|t:|1700081950\n|move|p2a: Froslass|Ice Beam|p1a: \ud83e\udeb0SLITHER\ud83d\udd78WING\ud83e\udeb0\n|-damage|p1a: \ud83e\udeb0SLITHER\ud83d\udd78WING\ud83e\udeb0|0 fnt\n|faint|p1a: \ud83e\udeb0SLITHER\ud83d\udd78WING\ud83e\udeb0\n|-end|p1a: \ud83e\udeb0SLITHER\ud83d\udd78WING\ud83e\udeb0|Protosynthesis|[silent]\n|-damage|p2a: Froslass|28\/100|[from] item: Life Orb\n|\n|upkeep\n|\n|t:|1700081957\n|switch|p1a: \ud83d\udd78\ud83e\udd8bPHERMOSA\ud83e\udd8b\ud83d\udd78|Pheromosa|72\/100\n|-damage|p1a: \ud83d\udd78\ud83e\udd8bPHERMOSA\ud83e\udd8b\ud83d\udd78|59\/100|[from] Stealth Rock\n|turn|13\n|\n|t:|1700081967\n|-terastallize|p1a: \ud83d\udd78\ud83e\udd8bPHERMOSA\ud83e\udd8b\ud83d\udd78|Bug\n|move|p1a: \ud83d\udd78\ud83e\udd8bPHERMOSA\ud83e\udd8b\ud83d\udd78|Silver Wind|p2a: Froslass\n|-resisted|p2a: Froslass\n|-damage|p2a: Froslass|0 fnt\n|faint|p2a: Froslass\n|-ability|p1a: \ud83d\udd78\ud83e\udd8bPHERMOSA\ud83e\udd8b\ud83d\udd78|Beast Boost|boost\n|-boost|p1a: \ud83d\udd78\ud83e\udd8bPHERMOSA\ud83e\udd8b\ud83d\udd78|spa|1\n|\n|upkeep\n|\n|t:|1700081976\n|switch|p2a: Gastrodon|Gastrodon-East, F|100\/100\n|-activate|p2a: Gastrodon|move: Sticky Web\n|-unboost|p2a: Gastrodon|spe|1\n|turn|14\n|\n|t:|1700081984\n|move|p1a: \ud83d\udd78\ud83e\udd8bPHERMOSA\ud83e\udd8b\ud83d\udd78|Bug Buzz|p2a: Gastrodon\n|-damage|p2a: Gastrodon|0 fnt\n|faint|p2a: Gastrodon\n|\n|win|INSECT-M0DE\ufe0f\u2733\ufe0f\n|raw|INSECT-M0DE\ufe0f\u2733\ufe0f's rating: 1113 &rarr; <strong>1139<\/strong><br \/>(+26 for winning)\n|raw|Tupu2's rating: 1123 &rarr; <strong>1097<\/strong><br \/>(-26 for losing)\n|l|\u2606Tupu2\n|n| wormadamme|flatziswashed\n|l| wormadamme\n","uploadtime":1700082005,"views":9,"p1id":"insectm0de","p2id":"tupu2","formatid":"gen9nationaldexubers","rating":1097,"private":0,"password":""}