{"id":"gen9nationaldexubers-1983592111","p1":"thewerehog88","p2":"DarthBowser151","format":"[Gen 9] National Dex Ubers","log":"|j|\u2606thewerehog88\n|j|\u2606DarthBowser151\n|t:|1699147024\n|gametype|singles\n|player|p1|thewerehog88|ryuki|\n|player|p2|DarthBowser151|clay|\n|teamsize|p1|6\n|teamsize|p2|6\n|gen|9\n|tier|[Gen 9] National Dex Ubers\n|rule|HP Percentage Mod: HP is shown in percentages\n|rule|Endless Battle Clause: Forcing endless battles is banned\n|rule|OHKO Clause: OHKO moves are banned\n|rule|Evasion Moves Clause: Evasion moves are banned\n|rule|Evasion Items Clause: Evasion items are banned\n|rule|Species Clause: Limit one of each Pok\u00e9mon\n|rule|Sleep Clause Mod: Limit one foe put to sleep\n|rule|Mega Rayquaza Clause: You cannot mega evolve Rayquaza\n|clearpoke\n|poke|p1|Reuniclus, M|\n|poke|p1|Crawdaunt, F|\n|poke|p1|Buzzwole|\n|poke|p1|Electrode|\n|poke|p1|Chandelure, F|\n|poke|p1|Salamence, F|\n|poke|p2|Chandelure, F|\n|poke|p2|Cryogonal|\n|poke|p2|Crawdaunt, M|\n|poke|p2|Clodsire, M|\n|poke|p2|Skarmory, F|\n|poke|p2|Breloom, F|\n|teampreview\n|j| Completeanimefan\n|j| HarmTurtle\n|c| Completeanimefan|Round One: FIGHT!\n|inactive|Battle timer is ON: inactive players will automatically lose when time's up. (requested by thewerehog88)\n|\n|t:|1699147075\n|start\n|switch|p1a: Seattle 1|Reuniclus, M|100\/100\n|switch|p2a: the boi|Clodsire, M|100\/100\n|turn|1\n|c| HarmTurtle|gl hf y'all!\n|\n|t:|1699147102\n|switch|p2a: The Epoch|Skarmory, F|100\/100\n|move|p1a: Seattle 1|Future Sight|p2a: The Epoch\n|-start|p1a: Seattle 1|move: Future Sight\n|\n|-status|p1a: Seattle 1|tox|[from] item: Toxic Orb\n|upkeep\n|turn|2\n|\n|t:|1699147115\n|move|p2a: The Epoch|Spikes|p1a: Seattle 1\n|-sidestart|p1: thewerehog88|Spikes\n|move|p1a: Seattle 1|Trick Room|p1a: Seattle 1\n|-fieldstart|move: Trick Room|[of] p1a: Seattle 1\n|\n|upkeep\n|turn|3\n|\n|t:|1699147134\n|switch|p1a: Seattle 3|Buzzwole|100\/100\n|-damage|p1a: Seattle 3|88\/100|[from] Spikes\n|move|p2a: The Epoch|Spikes|p1a: Seattle 3\n|-sidestart|p1: thewerehog88|Spikes\n|\n|-end|p2a: The Epoch|move: Future Sight\n|-resisted|p2a: The Epoch\n|-damage|p2a: The Epoch|57\/100\n|upkeep\n|turn|4\n|\n|t:|1699147147\n|move|p2a: The Epoch|Brave Bird|p1a: Seattle 3\n|-supereffective|p1a: Seattle 3\n|-damage|p1a: Seattle 3|5\/100\n|-damage|p2a: The Epoch|23\/100|[from] Recoil\n|move|p1a: Seattle 3|Ice Punch|p2a: The Epoch\n|-damage|p2a: The Epoch|4\/100\n|-status|p2a: The Epoch|frz\n|-damage|p1a: Seattle 3|0 fnt|[from] item: Rocky Helmet|[of] p2a: The Epoch\n|faint|p1a: Seattle 3\n|\n|upkeep\n|\n|t:|1699147158\n|switch|p1a: Seattle 1|Reuniclus, M|100\/100 tox\n|turn|5\n|\n|t:|1699147177\n|switch|p2a: Clawgrip|Crawdaunt, M|100\/100\n|move|p1a: Seattle 1|Future Sight|p2a: Clawgrip\n|-start|p1a: Seattle 1|move: Future Sight\n|\n|upkeep\n|turn|6\n|\n|t:|1699147190\n|move|p1a: Seattle 1|Energy Ball|p2a: Clawgrip\n|-supereffective|p2a: Clawgrip\n|-damage|p2a: Clawgrip|0 fnt\n|faint|p2a: Clawgrip\n|\n|-fieldend|move: Trick Room\n|upkeep\n|inactive|DarthBowser151 has 270 seconds left.\n|inactive|DarthBowser151 has 240 seconds left.\n|\n|t:|1699147256\n|switch|p2a: the boi|Clodsire, M|100\/100\n|turn|7\n|\n|t:|1699147262\n|move|p1a: Seattle 1|Future Sight||[still]\n|-fail|p1a: Seattle 1\n|move|p2a: the boi|Stealth Rock|p1a: Seattle 1\n|-sidestart|p1: thewerehog88|move: Stealth Rock\n|\n|-end|p2a: the boi|move: Future Sight\n|-supereffective|p2a: the boi\n|-damage|p2a: the boi|29\/100\n|-heal|p2a: the boi|35\/100|[from] item: Leftovers\n|upkeep\n|turn|8\n|\n|t:|1699147276\n|move|p1a: Seattle 1|Hidden Power|p2a: the boi\n|-supereffective|p2a: the boi\n|-damage|p2a: the boi|11\/100\n|move|p2a: the boi|Earthquake|p1a: Seattle 1\n|-damage|p1a: Seattle 1|72\/100 tox\n|\n|-heal|p2a: the boi|17\/100|[from] item: Leftovers\n|upkeep\n|turn|9\n|\n|t:|1699147293\n|move|p1a: Seattle 1|Hidden Power|p2a: the boi\n|-supereffective|p2a: the boi\n|-damage|p2a: the boi|0 fnt\n|faint|p2a: the boi\n|\n|upkeep\n|\n|t:|1699147302\n|switch|p2a: Good in Pokken?|Chandelure, F|100\/100\n|turn|10\n|\n|t:|1699147311\n|move|p2a: Good in Pokken?|Shadow Ball|p1a: Seattle 1\n|-supereffective|p1a: Seattle 1\n|-damage|p1a: Seattle 1|0 fnt\n|faint|p1a: Seattle 1\n|\n|upkeep\n|inactive|thewerehog88 has 270 seconds left.\n|\n|t:|1699147342\n|switch|p1a: Seattle 4|Electrode|100\/100\n|-damage|p1a: Seattle 4|84\/100|[from] Spikes\n|-damage|p1a: Seattle 4|72\/100|[from] Stealth Rock\n|turn|11\n|inactive|DarthBowser151 has 240 seconds left.\n|\n|t:|1699147359\n|switch|p2a: The Epoch|Skarmory, F|4\/100 frz\n|move|p1a: Seattle 4|Light Screen|p1a: Seattle 4\n|-sidestart|p1: thewerehog88|move: Light Screen\n|\n|upkeep\n|turn|12\n|\n|t:|1699147366\n|move|p1a: Seattle 4|Reflect|p1a: Seattle 4\n|-sidestart|p1: thewerehog88|Reflect\n|cant|p2a: The Epoch|frz\n|\n|upkeep\n|turn|13\n|\n|t:|1699147370\n|move|p1a: Seattle 4|Volt Switch|p2a: The Epoch\n|-supereffective|p2a: The Epoch\n|-damage|p2a: The Epoch|0 fnt\n|faint|p2a: The Epoch\n|inactive|thewerehog88 has 270 seconds left.\n|\n|t:|1699147427\n|switch|p1a: Seattle 2|Crawdaunt, F|100\/100|[from] Volt Switch\n|-damage|p1a: Seattle 2|84\/100|[from] Spikes\n|-damage|p1a: Seattle 2|71\/100|[from] Stealth Rock\n|\n|upkeep\n|\n|t:|1699147437\n|switch|p2a: Fun Guy|Breloom, F|100\/100\n|turn|14\n|inactive|thewerehog88 has 240 seconds left.\n|\n|t:|1699147472\n|-terastallize|p1a: Seattle 2|Water\n|move|p2a: Fun Guy|Spore|p1a: Seattle 2\n|-status|p1a: Seattle 2|slp|[from] move: Spore\n|cant|p1a: Seattle 2|slp\n|\n|upkeep\n|turn|15\n|inactive|DarthBowser151 has 240 seconds left.\n|\n|t:|1699147493\n|move|p2a: Fun Guy|Bullet Seed|p1a: Seattle 2\n|-supereffective|p1a: Seattle 2\n|-damage|p1a: Seattle 2|49\/100 slp\n|-supereffective|p1a: Seattle 2\n|-damage|p1a: Seattle 2|25\/100 slp\n|-supereffective|p1a: Seattle 2\n|-damage|p1a: Seattle 2|4\/100 slp\n|-supereffective|p1a: Seattle 2\n|-damage|p1a: Seattle 2|0 fnt\n|faint|p1a: Seattle 2\n|-hitcount|p1: Seattle 2|4\n|\n|upkeep\n|inactive|thewerehog88 has 240 seconds left.\n|\n|t:|1699147501\n|switch|p1a: Seattle 6|Salamence, F|100\/100\n|-damage|p1a: Seattle 6|76\/100|[from] Stealth Rock\n|-ability|p1a: Seattle 6|Intimidate|boost\n|-unboost|p2a: Fun Guy|atk|1\n|turn|16\n|inactive|DarthBowser151 has 240 seconds left.\n|\n|t:|1699147518\n|move|p1a: Seattle 6|Dual Wingbeat|p2a: Fun Guy\n|-supereffective|p2a: Fun Guy\n|-damage|p2a: Fun Guy|0 fnt\n|faint|p2a: Fun Guy\n|-hitcount|p2: Fun Guy|1\n|\n|upkeep\n|inactive|DarthBowser151 has 240 seconds left.\n|\n|t:|1699147523\n|switch|p2a: Winter is Coming|Cryogonal|100\/100\n|turn|17\n|inactive|DarthBowser151 has 240 seconds left.\n|\n|t:|1699147535\n|move|p2a: Winter is Coming|Ice Beam|p1a: Seattle 6\n|-supereffective|p1a: Seattle 6\n|-damage|p1a: Seattle 6|3\/100\n|move|p1a: Seattle 6|Flamethrower|p2a: Winter is Coming\n|-supereffective|p2a: Winter is Coming\n|-damage|p2a: Winter is Coming|70\/100\n|\n|-heal|p2a: Winter is Coming|76\/100|[from] item: Leftovers\n|upkeep\n|turn|18\n|inactive|DarthBowser151 has 240 seconds left.\n|\n|t:|1699147551\n|move|p2a: Winter is Coming|Rapid Spin|p1a: Seattle 6\n|-damage|p1a: Seattle 6|0 fnt\n|-boost|p2a: Winter is Coming|spe|1\n|faint|p1a: Seattle 6\n|\n|-heal|p2a: Winter is Coming|82\/100|[from] item: Leftovers\n|-sideend|p1: thewerehog88|move: Light Screen\n|upkeep\n|inactive|thewerehog88 has 240 seconds left.\n|\n|t:|1699147573\n|switch|p1a: Seattle 4|Electrode|72\/100\n|-damage|p1a: Seattle 4|55\/100|[from] Spikes\n|-damage|p1a: Seattle 4|43\/100|[from] Stealth Rock\n|turn|19\n|inactive|DarthBowser151 has 240 seconds left.\n|\n|t:|1699147589\n|move|p2a: Winter is Coming|Toxic|p1a: Seattle 4\n|-status|p1a: Seattle 4|tox\n|move|p1a: Seattle 4|Light Screen|p1a: Seattle 4\n|-sidestart|p1: thewerehog88|move: Light Screen\n|\n|-heal|p2a: Winter is Coming|88\/100|[from] item: Leftovers\n|-damage|p1a: Seattle 4|37\/100 tox|[from] psn\n|-sideend|p1: thewerehog88|Reflect\n|upkeep\n|turn|20\n|inactive|DarthBowser151 has 240 seconds left.\n|\n|t:|1699147627\n|move|p2a: Winter is Coming|Ice Beam|p1a: Seattle 4\n|-damage|p1a: Seattle 4|10\/100 tox\n|move|p1a: Seattle 4|Explosion|p2a: Winter is Coming\n|-damage|p2a: Winter is Coming|9\/100\n|faint|p1a: Seattle 4\n|\n|-heal|p2a: Winter is Coming|15\/100|[from] item: Leftovers\n|upkeep\n|\n|t:|1699147633\n|switch|p1a: Seattle 5|Chandelure, F|100\/100\n|-damage|p1a: Seattle 5|84\/100|[from] Spikes\n|-damage|p1a: Seattle 5|59\/100|[from] Stealth Rock\n|turn|21\n|\n|t:|1699147649\n|move|p2a: Winter is Coming|Toxic|p1a: Seattle 5\n|-status|p1a: Seattle 5|tox\n|move|p1a: Seattle 5|Shadow Ball|p2a: Winter is Coming\n|-damage|p2a: Winter is Coming|0 fnt\n|faint|p2a: Winter is Coming\n|-damage|p1a: Seattle 5|49\/100 tox|[from] item: Life Orb\n|\n|-damage|p1a: Seattle 5|43\/100 tox|[from] psn\n|upkeep\n|inactive|DarthBowser151 has 210 seconds left.\n|\n|t:|1699147663\n|switch|p2a: Good in Pokken?|Chandelure, F|100\/100\n|turn|22\n|inactive|DarthBowser151 has 210 seconds left.\n|\n|t:|1699147676\n|move|p2a: Good in Pokken?|Shadow Ball|p1a: Seattle 5\n|-supereffective|p1a: Seattle 5\n|-damage|p1a: Seattle 5|0 fnt\n|faint|p1a: Seattle 5\n|\n|win|DarthBowser151\n","uploadtime":1699147682,"views":7,"p1id":"thewerehog88","p2id":"darthbowser151","formatid":"gen9nationaldexubers","rating":0,"private":0,"password":""}