{"id":"gen9nationaldexubers-1982536896","p1":"pipsquik","p2":"Chaitanya15","format":"[Gen 9] National Dex Ubers","log":"|j|\u2606pipsquik\n|j|\u2606Chaitanya15\n|t:|1699023718\n|gametype|singles\n|player|p1|pipsquik|plasmagrunt|1332\n|player|p2|Chaitanya15|1|1437\n|teamsize|p1|6\n|teamsize|p2|6\n|gen|9\n|tier|[Gen 9] National Dex Ubers\n|rated|\n|rule|HP Percentage Mod: HP is shown in percentages\n|rule|Endless Battle Clause: Forcing endless battles is banned\n|rule|OHKO Clause: OHKO moves are banned\n|rule|Evasion Moves Clause: Evasion moves are banned\n|rule|Evasion Items Clause: Evasion items are banned\n|rule|Species Clause: Limit one of each Pok\u00e9mon\n|rule|Sleep Clause Mod: Limit one foe put to sleep\n|rule|Mega Rayquaza Clause: You cannot mega evolve Rayquaza\n|clearpoke\n|poke|p1|Mewtwo|\n|poke|p1|Urshifu-*, F|\n|poke|p1|Zekrom|\n|poke|p1|Melmetal|\n|poke|p1|Ho-Oh|\n|poke|p1|Deoxys-Speed|\n|poke|p2|Kingambit, F|\n|poke|p2|Basculegion, M|\n|poke|p2|Pikachu, F|\n|poke|p2|Kyogre|\n|poke|p2|Flutter Mane|\n|poke|p2|Deoxys-Speed|\n|teampreview\n|inactive|Battle timer is ON: inactive players will automatically lose when time's up. (requested by pipsquik)\n|\n|t:|1699023725\n|start\n|switch|p1a: Deoxys|Deoxys-Speed|100\/100\n|switch|p2a: Pikachu|Pikachu, F|100\/100\n|-ability|p1a: Deoxys|Pressure\n|turn|1\n|\n|t:|1699023733\n|move|p2a: Pikachu|Fake Out|p1a: Deoxys\n|-crit|p1a: Deoxys\n|-damage|p1a: Deoxys|68\/100\n|cant|p1a: Deoxys|flinch\n|\n|upkeep\n|turn|2\n|\n|t:|1699023742\n|move|p2a: Pikachu|Extreme Speed|p1a: Deoxys\n|-damage|p1a: Deoxys|22\/100\n|move|p1a: Deoxys|Stealth Rock|p2a: Pikachu\n|-sidestart|p2: Chaitanya15|move: Stealth Rock\n|\n|upkeep\n|turn|3\n|\n|t:|1699023750\n|switch|p1a: Melmetal|Melmetal|100\/100\n|move|p2a: Pikachu|Extreme Speed|p1a: Melmetal\n|-resisted|p1a: Melmetal\n|-damage|p1a: Melmetal|94\/100\n|\n|-heal|p1a: Melmetal|99\/100|[from] item: Leftovers\n|upkeep\n|turn|4\n|\n|t:|1699023760\n|move|p2a: Pikachu|Brick Break|p1a: Melmetal\n|-supereffective|p1a: Melmetal\n|-damage|p1a: Melmetal|75\/100\n|move|p1a: Melmetal|Double Iron Bash|p2a: Pikachu\n|-resisted|p2a: Pikachu\n|-damage|p2a: Pikachu|45\/100\n|-status|p1a: Melmetal|par|[from] ability: Static|[of] p2a: Pikachu\n|-resisted|p2a: Pikachu\n|-damage|p2a: Pikachu|0 fnt\n|faint|p2a: Pikachu\n|-hitcount|p2: Pikachu|2\n|\n|-heal|p1a: Melmetal|82\/100 par|[from] item: Leftovers\n|upkeep\n|\n|t:|1699023773\n|switch|p2a: Deoxys|Deoxys-Speed|100\/100\n|-damage|p2a: Deoxys|88\/100|[from] Stealth Rock\n|-ability|p2a: Deoxys|Pressure\n|turn|5\n|\n|t:|1699023779\n|move|p2a: Deoxys|Stealth Rock|p1a: Melmetal\n|-sidestart|p1: pipsquik|move: Stealth Rock\n|move|p1a: Melmetal|Double Iron Bash|p2a: Deoxys\n|-damage|p2a: Deoxys|45\/100\n|-damage|p2a: Deoxys|0 fnt\n|faint|p2a: Deoxys\n|-hitcount|p2: Deoxys|2\n|\n|-heal|p1a: Melmetal|88\/100 par|[from] item: Leftovers\n|upkeep\n|\n|t:|1699023795\n|switch|p2a: Kyogre|Kyogre|100\/100\n|-damage|p2a: Kyogre|88\/100|[from] Stealth Rock\n|-weather|RainDance|[from] ability: Drizzle|[of] p2a: Kyogre\n|turn|6\n|\n|t:|1699023802\n|move|p2a: Kyogre|Water Spout|p1a: Melmetal\n|-crit|p1a: Melmetal\n|-damage|p1a: Melmetal|0 fnt\n|faint|p1a: Melmetal\n|\n|-weather|RainDance|[upkeep]\n|upkeep\n|\n|t:|1699023814\n|switch|p1a: Deoxys|Deoxys-Speed|22\/100\n|-damage|p1a: Deoxys|10\/100|[from] Stealth Rock\n|-ability|p1a: Deoxys|Pressure\n|turn|7\n|\n|t:|1699023820\n|switch|p2a: Flutter Mane|Flutter Mane|100\/100\n|-damage|p2a: Flutter Mane|88\/100|[from] Stealth Rock\n|-enditem|p2a: Flutter Mane|Booster Energy\n|-activate|p2a: Flutter Mane|ability: Protosynthesis|[fromitem]\n|-start|p2a: Flutter Mane|protosynthesisspe\n|move|p1a: Deoxys|Knock Off|p2a: Flutter Mane\n|-damage|p2a: Flutter Mane|57\/100\n|\n|-weather|RainDance|[upkeep]\n|upkeep\n|turn|8\n|\n|t:|1699023832\n|switch|p1a: Ho-Oh|Ho-Oh|100\/100\n|move|p2a: Flutter Mane|Shadow Ball|p1a: Ho-Oh\n|-damage|p1a: Ho-Oh|82\/100\n|\n|-weather|RainDance|[upkeep]\n|upkeep\n|turn|9\n|\n|t:|1699023841\n|move|p2a: Flutter Mane|Psyshock|p1a: Ho-Oh\n|-damage|p1a: Ho-Oh|55\/100\n|move|p1a: Ho-Oh|Thunder Wave|p2a: Flutter Mane\n|-status|p2a: Flutter Mane|par\n|\n|-weather|RainDance|[upkeep]\n|upkeep\n|turn|10\n|\n|t:|1699023851\n|move|p2a: Flutter Mane|Psyshock|p1a: Ho-Oh\n|-damage|p1a: Ho-Oh|28\/100\n|move|p1a: Ho-Oh|Roost|p1a: Ho-Oh\n|-heal|p1a: Ho-Oh|78\/100\n|-singleturn|p1a: Ho-Oh|move: Roost\n|\n|-weather|none\n|upkeep\n|turn|11\n|\n|t:|1699023867\n|move|p2a: Flutter Mane|Shadow Ball|p1a: Ho-Oh\n|-damage|p1a: Ho-Oh|60\/100\n|-unboost|p1a: Ho-Oh|spd|1\n|move|p1a: Ho-Oh|Sacred Fire|p2a: Flutter Mane\n|-damage|p2a: Flutter Mane|0 fnt\n|faint|p2a: Flutter Mane\n|-end|p2a: Flutter Mane|Protosynthesis|[silent]\n|\n|upkeep\n|\n|t:|1699023877\n|switch|p2a: Kyogre|Kyogre|88\/100\n|-damage|p2a: Kyogre|76\/100|[from] Stealth Rock\n|-weather|RainDance|[from] ability: Drizzle|[of] p2a: Kyogre\n|turn|12\n|\n|t:|1699023883\n|switch|p1a: Deoxys|Deoxys-Speed|10\/100\n|-damage|p1a: Deoxys|0 fnt|[from] Stealth Rock\n|faint|p1a: Deoxys\n|move|p2a: Kyogre|Water Spout|p1: Deoxys|[notarget]\n|-fail|p2a: Kyogre\n|\n|-weather|RainDance|[upkeep]\n|upkeep\n|\n|t:|1699023886\n|switch|p1a: Ho-Oh|Ho-Oh|93\/100\n|turn|13\n|\n|t:|1699023894\n|-terastallize|p1a: Ho-Oh|Grass\n|move|p2a: Kyogre|Water Spout|p1a: Ho-Oh\n|-resisted|p1a: Ho-Oh\n|-damage|p1a: Ho-Oh|72\/100\n|move|p1a: Ho-Oh|Earthquake|p2a: Kyogre\n|-damage|p2a: Kyogre|45\/100\n|\n|-weather|RainDance|[upkeep]\n|upkeep\n|turn|14\n|\n|t:|1699023906\n|switch|p2a: Basculegion|Basculegion, M|100\/100\n|-damage|p2a: Basculegion|88\/100|[from] Stealth Rock\n|move|p1a: Ho-Oh|Earthquake|p2a: Basculegion\n|-damage|p2a: Basculegion|49\/100\n|\n|-weather|RainDance|[upkeep]\n|upkeep\n|turn|15\n|\n|t:|1699023917\n|move|p2a: Basculegion|Last Respects|p1a: Ho-Oh\n|-damage|p1a: Ho-Oh|0 fnt\n|faint|p1a: Ho-Oh\n|\n|-weather|RainDance|[upkeep]\n|upkeep\n|\n|t:|1699023941\n|switch|p1a: Zekrom|Zekrom|100\/100\n|-damage|p1a: Zekrom|88\/100|[from] Stealth Rock\n|-ability|p1a: Zekrom|Teravolt\n|turn|16\n|\n|t:|1699023947\n|move|p2a: Basculegion|Last Respects|p1a: Zekrom\n|-damage|p1a: Zekrom|0 fnt\n|faint|p1a: Zekrom\n|\n|-weather|none\n|upkeep\n|\n|t:|1699023959\n|switch|p1a: Mewtwo|Mewtwo|100\/100\n|-damage|p1a: Mewtwo|88\/100|[from] Stealth Rock\n|-ability|p1a: Mewtwo|Pressure\n|turn|17\n|\n|t:|1699023965\n|switch|p2a: Kyogre|Kyogre|45\/100\n|-damage|p2a: Kyogre|33\/100|[from] Stealth Rock\n|-weather|RainDance|[from] ability: Drizzle|[of] p2a: Kyogre\n|detailschange|p1a: Mewtwo|Mewtwo-Mega-Y\n|-mega|p1a: Mewtwo|Mewtwo|Mewtwonite Y\n|move|p1a: Mewtwo|Earth Power|p2a: Kyogre\n|-damage|p2a: Kyogre|2\/100\n|\n|-weather|RainDance|[upkeep]\n|upkeep\n|turn|18\n|\n|t:|1699023980\n|move|p2a: Kyogre|Thunder|p1a: Mewtwo\n|-damage|p1a: Mewtwo|55\/100\n|move|p1a: Mewtwo|Earth Power|p2a: Kyogre\n|-damage|p2a: Kyogre|0 fnt\n|faint|p2a: Kyogre\n|\n|-weather|RainDance|[upkeep]\n|upkeep\n|\n|t:|1699023989\n|switch|p2a: Basculegion|Basculegion, M|49\/100\n|-damage|p2a: Basculegion|37\/100|[from] Stealth Rock\n|turn|19\n|\n|t:|1699023999\n|move|p2a: Basculegion|Last Respects|p1a: Mewtwo\n|-supereffective|p1a: Mewtwo\n|-damage|p1a: Mewtwo|0 fnt\n|faint|p1a: Mewtwo\n|\n|-weather|RainDance|[upkeep]\n|upkeep\n|\n|t:|1699024000\n|switch|p1a: Urshifu|Urshifu, F|100\/100\n|-damage|p1a: Urshifu|94\/100|[from] Stealth Rock\n|turn|20\n|\n|t:|1699024009\n|move|p2a: Basculegion|Last Respects|p1a: Urshifu\n|-resisted|p1a: Urshifu\n|-damage|p1a: Urshifu|6\/100\n|move|p1a: Urshifu|Wicked Blow|p2a: Basculegion\n|-supereffective|p2a: Basculegion\n|-crit|p2a: Basculegion\n|-damage|p2a: Basculegion|0 fnt\n|faint|p2a: Basculegion\n|\n|-weather|RainDance|[upkeep]\n|upkeep\n|-message|pipsquik forfeited.\n|\n|win|Chaitanya15\n|raw|pipsquik's rating: 1332 &rarr; <strong>1318<\/strong><br \/>(-14 for losing)\n|raw|Chaitanya15's rating: 1437 &rarr; <strong>1451<\/strong><br \/>(+14 for winning)\n|l|\u2606pipsquik\n","uploadtime":1699024022,"views":10,"p1id":"pipsquik","p2id":"chaitanya15","formatid":"gen9nationaldexubers","rating":1318,"private":0,"password":""}