{"id":"gen9nationaldexubers-1986666619","p1":"JeanPierre693","p2":"flamingwrench11234","format":"[Gen 9] National Dex Ubers","log":"|j|\u2606JeanPierre693\n|j|\u2606flamingwrench11234\n|t:|1699504702\n|gametype|singles\n|player|p1|JeanPierre693|1|1600\n|player|p2|flamingwrench11234|102|1665\n|teamsize|p1|6\n|teamsize|p2|6\n|gen|9\n|tier|[Gen 9] National Dex Ubers\n|rated|\n|rule|HP Percentage Mod: HP is shown in percentages\n|rule|Endless Battle Clause: Forcing endless battles is banned\n|rule|OHKO Clause: OHKO moves are banned\n|rule|Evasion Moves Clause: Evasion moves are banned\n|rule|Evasion Items Clause: Evasion items are banned\n|rule|Species Clause: Limit one of each Pok\u00e9mon\n|rule|Sleep Clause Mod: Limit one foe put to sleep\n|rule|Mega Rayquaza Clause: You cannot mega evolve Rayquaza\n|clearpoke\n|poke|p1|Arceus|\n|poke|p1|Necrozma-Dawn-Wings|\n|poke|p1|Xerneas-*|\n|poke|p1|Kyurem-White|\n|poke|p1|Ho-Oh|\n|poke|p1|Groudon|\n|poke|p2|Arceus-Ground|\n|poke|p2|Zygarde|\n|poke|p2|Yveltal|\n|poke|p2|Ho-Oh|\n|poke|p2|Groudon, L99|\n|poke|p2|Dondozo, M|\n|teampreview\n|\n|t:|1699504729\n|start\n|switch|p1a: Kyurem|Kyurem-White|100\/100\n|switch|p2a: Y am I good|Yveltal|100\/100\n|-ability|p1a: Kyurem|Turboblaze\n|-ability|p2a: Y am I good|Dark Aura\n|turn|1\n|\n|t:|1699504734\n|-terastallize|p2a: Y am I good|Dark\n|move|p1a: Kyurem|Freeze-Dry|p2a: Y am I good\n|-damage|p2a: Y am I good|50\/100\n|-damage|p1a: Kyurem|91\/100|[from] item: Life Orb\n|move|p2a: Y am I good|Dark Pulse|p1a: Kyurem\n|-damage|p1a: Kyurem|1\/100\n|-damage|p2a: Y am I good|40\/100|[from] item: Life Orb\n|\n|upkeep\n|turn|2\n|\n|t:|1699504748\n|switch|p1a: Xerneas|Xerneas, shiny|100\/100\n|-ability|p1a: Xerneas|Fairy Aura\n|move|p2a: Y am I good|Sucker Punch||[still]\n|-fail|p2a: Y am I good\n|\n|upkeep\n|turn|3\n|\n|t:|1699504758\n|switch|p1a: Kyurem|Kyurem-White|1\/100\n|-ability|p1a: Kyurem|Turboblaze\n|move|p2a: Y am I good|Taunt|p1a: Kyurem\n|-start|p1a: Kyurem|move: Taunt\n|\n|upkeep\n|turn|4\n|\n|t:|1699504764\n|switch|p1a: Xerneas|Xerneas, shiny|100\/100\n|-ability|p1a: Xerneas|Fairy Aura\n|move|p2a: Y am I good|Oblivion Wing|p1a: Xerneas\n|-damage|p1a: Xerneas|49\/100\n|-heal|p2a: Y am I good|78\/100|[from] drain|[of] p1a: Xerneas\n|-damage|p2a: Y am I good|68\/100|[from] item: Life Orb\n|\n|upkeep\n|turn|5\n|\n|t:|1699504769\n|move|p1a: Xerneas|Draining Kiss|p2a: Y am I good\n|-supereffective|p2a: Y am I good\n|-damage|p2a: Y am I good|0 fnt\n|-heal|p1a: Xerneas|99\/100|[from] drain|[of] p2a: Y am I good\n|faint|p2a: Y am I good\n|-damage|p1a: Xerneas|90\/100|[from] item: Life Orb\n|\n|upkeep\n|\n|t:|1699504773\n|switch|p2a: God ate dirt|Arceus-Ground|100\/100\n|turn|6\n|\n|t:|1699504779\n|-terastallize|p1a: Xerneas|Fairy\n|move|p2a: God ate dirt|Taunt|p1a: Xerneas\n|-start|p1a: Xerneas|move: Taunt\n|move|p1a: Xerneas|Moonblast|p2a: God ate dirt\n|-damage|p2a: God ate dirt|27\/100\n|-damage|p1a: Xerneas|80\/100|[from] item: Life Orb\n|\n|upkeep\n|turn|7\n|\n|t:|1699504790\n|switch|p2a: Volcanic dude|Groudon, L99, shiny|100\/100\n|detailschange|p2a: Volcanic dude|Groudon-Primal, L99, shiny\n|-primal|p2a: Volcanic dude|Red Orb\n|-weather|DesolateLand|[from] ability: Desolate Land|[of] p2a: Volcanic dude\n|move|p1a: Xerneas|Moonblast|p2a: Volcanic dude\n|-resisted|p2a: Volcanic dude\n|-damage|p2a: Volcanic dude|56\/100\n|-damage|p1a: Xerneas|70\/100|[from] item: Life Orb\n|\n|-weather|DesolateLand|[upkeep]\n|upkeep\n|turn|8\n|\n|t:|1699504794\n|move|p1a: Xerneas|Hidden Power|p2a: Volcanic dude\n|-supereffective|p2a: Volcanic dude\n|-damage|p2a: Volcanic dude|17\/100\n|-damage|p1a: Xerneas|60\/100|[from] item: Life Orb\n|move|p2a: Volcanic dude|Stealth Rock|p1a: Xerneas\n|-sidestart|p1: JeanPierre693|move: Stealth Rock\n|\n|-weather|DesolateLand|[upkeep]\n|-end|p1a: Xerneas|move: Taunt\n|upkeep\n|turn|9\n|\n|t:|1699504800\n|move|p1a: Xerneas|Moonblast|p2a: Volcanic dude\n|-resisted|p2a: Volcanic dude\n|-damage|p2a: Volcanic dude|0 fnt\n|faint|p2a: Volcanic dude\n|-weather|none\n|-damage|p1a: Xerneas|50\/100|[from] item: Life Orb\n|\n|upkeep\n|\n|t:|1699504806\n|switch|p2a: God ate dirt|Arceus-Ground|27\/100\n|turn|10\n|\n|t:|1699504813\n|move|p2a: God ate dirt|Judgment|p1a: Xerneas\n|-damage|p1a: Xerneas|6\/100\n|move|p1a: Xerneas|Draining Kiss|p2a: God ate dirt\n|-damage|p2a: God ate dirt|0 fnt\n|-heal|p1a: Xerneas|28\/100|[from] drain|[of] p2a: God ate dirt\n|faint|p2a: God ate dirt\n|-damage|p1a: Xerneas|18\/100|[from] item: Life Orb\n|\n|upkeep\n|l|\u2606flamingwrench11234\n|player|p2|\n|j|\u2606flamingwrench11234\n|player|p2|flamingwrench11234|102\n|\n|t:|1699504846\n|switch|p2a: Toxic Flamethrower|Ho-Oh|100\/100\n|turn|11\n|\n|t:|1699504848\n|switch|p1a: Ho-Oh|Ho-Oh, shiny|100\/100\n|move|p2a: Toxic Flamethrower|Sacred Fire|p1a: Ho-Oh\n|-resisted|p1a: Ho-Oh\n|-damage|p1a: Ho-Oh|82\/100\n|\n|upkeep\n|turn|12\n|\n|t:|1699504853\n|move|p1a: Ho-Oh|Defog|p2a: Toxic Flamethrower\n|-unboost|p2a: Toxic Flamethrower|evasion|1\n|-sideend|p1: JeanPierre693|Stealth Rock|[from] move: Defog|[of] p1a: Ho-Oh\n|move|p2a: Toxic Flamethrower|Toxic|p1a: Ho-Oh\n|-status|p1a: Ho-Oh|tox\n|\n|-damage|p1a: Ho-Oh|75\/100 tox|[from] psn\n|upkeep\n|turn|13\n|\n|t:|1699504861\n|switch|p1a: Groudon|Groudon, shiny|100\/100\n|detailschange|p1a: Groudon|Groudon-Primal, shiny\n|-primal|p1a: Groudon|Red Orb\n|-weather|DesolateLand|[from] ability: Desolate Land|[of] p1a: Groudon\n|move|p2a: Toxic Flamethrower|Sacred Fire|p1a: Groudon\n|-resisted|p1a: Groudon\n|-damage|p1a: Groudon|82\/100\n|\n|-weather|DesolateLand|[upkeep]\n|upkeep\n|turn|14\n|\n|t:|1699504874\n|-weather|none\n|switch|p1a: Kyurem|Kyurem-White|1\/100\n|-ability|p1a: Kyurem|Turboblaze\n|switch|p2a: Cells at sweeping|Zygarde|100\/100\n|\n|upkeep\n|turn|15\n|\n|t:|1699504884\n|switch|p2a: Toxic Flamethrower|Ho-Oh|100\/100\n|move|p1a: Kyurem|Roost|p1a: Kyurem\n|-heal|p1a: Kyurem|51\/100\n|-singleturn|p1a: Kyurem|move: Roost\n|\n|upkeep\n|turn|16\n|\n|t:|1699504891\n|switch|p1a: Ho-Oh|Ho-Oh, shiny|100\/100 tox\n|move|p2a: Toxic Flamethrower|Toxic|p1a: Ho-Oh\n|-fail|p1a: Ho-Oh|tox\n|\n|-damage|p1a: Ho-Oh|94\/100 tox|[from] psn\n|upkeep\n|turn|17\n|\n|t:|1699504902\n|switch|p2a: Cells at sweeping|Zygarde|100\/100\n|move|p1a: Ho-Oh|Whirlwind|p2a: Cells at sweeping\n|drag|p2a: Toxic Flamethrower|Ho-Oh|100\/100\n|\n|-damage|p1a: Ho-Oh|82\/100 tox|[from] psn\n|upkeep\n|turn|18\n|\n|t:|1699504911\n|switch|p1a: Necrozma|Necrozma-Dawn-Wings|100\/100\n|move|p2a: Toxic Flamethrower|Sacred Fire|p1a: Necrozma\n|-damage|p1a: Necrozma|59\/100\n|-status|p1a: Necrozma|brn\n|\n|-damage|p1a: Necrozma|53\/100 brn|[from] brn\n|upkeep\n|turn|19\n|\n|t:|1699504922\n|move|p1a: Necrozma|Moonlight|p1a: Necrozma\n|-heal|p1a: Necrozma|100\/100 brn\n|move|p2a: Toxic Flamethrower|Sacred Fire|p1a: Necrozma\n|-damage|p1a: Necrozma|57\/100 brn\n|\n|-damage|p1a: Necrozma|51\/100 brn|[from] brn\n|upkeep\n|turn|20\n|\n|t:|1699504930\n|switch|p2a: Magic bandaid|Dondozo, M|100\/100\n|move|p1a: Necrozma|Moonlight|p1a: Necrozma\n|-heal|p1a: Necrozma|100\/100 brn\n|\n|-damage|p1a: Necrozma|94\/100 brn|[from] brn\n|upkeep\n|turn|21\n|\n|t:|1699504945\n|switch|p1a: Groudon|Groudon-Primal, shiny|82\/100\n|-weather|DesolateLand|[from] ability: Desolate Land|[of] p1a: Groudon\n|move|p2a: Magic bandaid|Curse|p2a: Magic bandaid\n|-unboost|p2a: Magic bandaid|spe|1\n|-boost|p2a: Magic bandaid|atk|1\n|-boost|p2a: Magic bandaid|def|1\n|\n|-weather|DesolateLand|[upkeep]\n|upkeep\n|turn|22\n|\n|t:|1699504952\n|move|p1a: Groudon|Solar Beam||[still]\n|-prepare|p1a: Groudon|Solar Beam\n|-anim|p1a: Groudon|Solar Beam|p2a: Magic bandaid\n|-supereffective|p2a: Magic bandaid\n|-damage|p2a: Magic bandaid|20\/100\n|move|p2a: Magic bandaid|Curse|p2a: Magic bandaid\n|-unboost|p2a: Magic bandaid|spe|1\n|-boost|p2a: Magic bandaid|atk|1\n|-boost|p2a: Magic bandaid|def|1\n|\n|-weather|DesolateLand|[upkeep]\n|-heal|p2a: Magic bandaid|26\/100|[from] item: Leftovers\n|upkeep\n|turn|23\n|\n|t:|1699504961\n|switch|p2a: Cells at sweeping|Zygarde|100\/100\n|move|p1a: Groudon|Solar Beam||[still]\n|-prepare|p1a: Groudon|Solar Beam\n|-anim|p1a: Groudon|Solar Beam|p2a: Cells at sweeping\n|-damage|p2a: Cells at sweeping|65\/100\n|\n|-weather|DesolateLand|[upkeep]\n|-heal|p2a: Cells at sweeping|71\/100|[from] item: Leftovers\n|upkeep\n|turn|24\n|\n|t:|1699504965\n|-weather|none\n|switch|p1a: Xerneas|Xerneas, shiny, tera:Fairy|18\/100\n|-ability|p1a: Xerneas|Fairy Aura\n|move|p2a: Cells at sweeping|Glare|p1a: Xerneas\n|-status|p1a: Xerneas|par\n|\n|-heal|p2a: Cells at sweeping|77\/100|[from] item: Leftovers\n|upkeep\n|turn|25\n|\n|t:|1699504974\n|move|p2a: Cells at sweeping|Thousand Arrows|p1a: Xerneas\n|-damage|p1a: Xerneas|0 fnt\n|faint|p1a: Xerneas\n|\n|-heal|p2a: Cells at sweeping|83\/100|[from] item: Leftovers\n|upkeep\n|\n|t:|1699504976\n|switch|p1a: Kyurem|Kyurem-White|51\/100\n|-ability|p1a: Kyurem|Turboblaze\n|turn|26\n|\n|t:|1699504980\n|switch|p2a: Toxic Flamethrower|Ho-Oh|100\/100\n|move|p1a: Kyurem|Draco Meteor|p2a: Toxic Flamethrower\n|-damage|p2a: Toxic Flamethrower|45\/100\n|-unboost|p1a: Kyurem|spa|2\n|-damage|p1a: Kyurem|41\/100|[from] item: Life Orb\n|\n|upkeep\n|turn|27\n|\n|t:|1699504992\n|switch|p2a: Cells at sweeping|Zygarde|83\/100\n|move|p1a: Kyurem|Roost|p1a: Kyurem\n|-heal|p1a: Kyurem|91\/100\n|-singleturn|p1a: Kyurem|move: Roost\n|\n|-heal|p2a: Cells at sweeping|90\/100|[from] item: Leftovers\n|upkeep\n|turn|28\n|\n|t:|1699505002\n|switch|p1a: Arceus|Arceus|100\/100\n|move|p2a: Cells at sweeping|Glare|p1a: Arceus\n|-status|p1a: Arceus|par\n|\n|-heal|p2a: Cells at sweeping|96\/100|[from] item: Leftovers\n|upkeep\n|turn|29\n|\n|t:|1699505007\n|move|p2a: Cells at sweeping|Coil|p2a: Cells at sweeping\n|-boost|p2a: Cells at sweeping|atk|1\n|-boost|p2a: Cells at sweeping|def|1\n|-boost|p2a: Cells at sweeping|accuracy|1\n|cant|p1a: Arceus|par\n|\n|-heal|p2a: Cells at sweeping|100\/100|[from] item: Leftovers\n|upkeep\n|turn|30\n|\n|t:|1699505009\n|switch|p1a: Kyurem|Kyurem-White|91\/100\n|-ability|p1a: Kyurem|Turboblaze\n|move|p2a: Cells at sweeping|Thousand Arrows|p1a: Kyurem\n|-damage|p1a: Kyurem|47\/100\n|\n|upkeep\n|turn|31\n|\n|t:|1699505015\n|move|p1a: Kyurem|Freeze-Dry|p2a: Cells at sweeping\n|-supereffective|p2a: Cells at sweeping\n|-damage|p2a: Cells at sweeping|0 fnt\n|faint|p2a: Cells at sweeping\n|-damage|p1a: Kyurem|37\/100|[from] item: Life Orb\n|\n|upkeep\n|-message|flamingwrench11234 forfeited.\n|\n|win|JeanPierre693\n|raw|JeanPierre693's rating: 1600 &rarr; <strong>1624<\/strong><br \/>(+24 for winning)\n|raw|flamingwrench11234's rating: 1665 &rarr; <strong>1641<\/strong><br \/>(-24 for losing)\n|l|\u2606flamingwrench11234\n|l|\u2606JeanPierre693\n","uploadtime":1699505037,"views":5,"p1id":"jeanpierre693","p2id":"flamingwrench11234","formatid":"gen9nationaldexubers","rating":1624,"private":0,"password":""}