{"id":"gen9nationaldexubers-1995589461","p1":"METAL-M0DE\u2702\ufe0f","p2":"cooper's toxic","format":"[Gen 9] National Dex Ubers","log":"|j|\u2606METAL-M0DE\u2702\ufe0f\n|j|\u203dcooper's toxic\n|t:|1700585441\n|gametype|singles\n|player|p1|METAL-M0DE\u2702\ufe0f|jasmine-contest|1104\n|player|p2|cooper's toxic|volkner|1023\n|teamsize|p1|6\n|teamsize|p2|6\n|gen|9\n|tier|[Gen 9] National Dex Ubers\n|rated|\n|rule|HP Percentage Mod: HP is shown in percentages\n|rule|Endless Battle Clause: Forcing endless battles is banned\n|rule|OHKO Clause: OHKO moves are banned\n|rule|Evasion Moves Clause: Evasion moves are banned\n|rule|Evasion Items Clause: Evasion items are banned\n|rule|Species Clause: Limit one of each Pok\u00e9mon\n|rule|Sleep Clause Mod: Limit one foe put to sleep\n|rule|Mega Rayquaza Clause: You cannot mega evolve Rayquaza\n|clearpoke\n|poke|p1|Silvally-*|\n|poke|p1|Solgaleo|\n|poke|p1|Aegislash, M|\n|poke|p1|Steelix, M|\n|poke|p1|Melmetal|\n|poke|p1|Arceus-Steel|\n|poke|p2|Groudon|\n|poke|p2|Lucario, F|\n|poke|p2|Glimmora, F|\n|poke|p2|Swampert, M|\n|poke|p2|Gholdengo|\n|poke|p2|Xerneas-*|\n|teampreview\n|\n|t:|1700585450\n|start\n|switch|p1a: \u26d3\ufe0f\u2699\ufe0fSOLGALEO\u2699\ufe0f\u26d3\ufe0f|Solgaleo|100\/100\n|switch|p2a: Glimmora|Glimmora, F|100\/100\n|turn|1\n|\n|t:|1700585458\n|move|p2a: Glimmora|Spikes|p1a: \u26d3\ufe0f\u2699\ufe0fSOLGALEO\u2699\ufe0f\u26d3\ufe0f\n|-sidestart|p1: METAL-M0DE\u2702\ufe0f|Spikes\n|move|p1a: \u26d3\ufe0f\u2699\ufe0fSOLGALEO\u2699\ufe0f\u26d3\ufe0f|Flame Charge|p2a: Glimmora\n|-resisted|p2a: Glimmora\n|-damage|p2a: Glimmora|91\/100\n|-boost|p1a: \u26d3\ufe0f\u2699\ufe0fSOLGALEO\u2699\ufe0f\u26d3\ufe0f|spe|1\n|-damage|p1a: \u26d3\ufe0f\u2699\ufe0fSOLGALEO\u2699\ufe0f\u26d3\ufe0f|84\/100|[from] item: Rocky Helmet|[of] p2a: Glimmora\n|-activate|p2a: Glimmora|ability: Toxic Debris\n|-sidestart|p1: METAL-M0DE\u2702\ufe0f|move: Toxic Spikes\n|\n|upkeep\n|turn|2\n|\n|t:|1700585471\n|move|p1a: \u26d3\ufe0f\u2699\ufe0fSOLGALEO\u2699\ufe0f\u26d3\ufe0f|Heavy Slam|p2a: Glimmora\n|-supereffective|p2a: Glimmora\n|-damage|p2a: Glimmora|0 fnt\n|-damage|p1a: \u26d3\ufe0f\u2699\ufe0fSOLGALEO\u2699\ufe0f\u26d3\ufe0f|67\/100|[from] item: Rocky Helmet|[of] p2a: Glimmora\n|-activate|p2a: Glimmora|ability: Toxic Debris\n|-sidestart|p1: METAL-M0DE\u2702\ufe0f|move: Toxic Spikes\n|faint|p2a: Glimmora\n|\n|upkeep\n|\n|t:|1700585481\n|switch|p2a: Xerneas|Xerneas|100\/100\n|-ability|p2a: Xerneas|Fairy Aura\n|turn|3\n|\n|t:|1700585493\n|move|p1a: \u26d3\ufe0f\u2699\ufe0fSOLGALEO\u2699\ufe0f\u26d3\ufe0f|Sunsteel Strike|p2a: Xerneas\n|-supereffective|p2a: Xerneas\n|-damage|p2a: Xerneas|0 fnt\n|faint|p2a: Xerneas\n|\n|upkeep\n|\n|t:|1700585502\n|switch|p2a: Lucario|Lucario, F|100\/100\n|turn|4\n|\n|t:|1700585512\n|detailschange|p2a: Lucario|Lucario-Mega, F\n|-mega|p2a: Lucario|Lucario|Lucarionite\n|move|p1a: \u26d3\ufe0f\u2699\ufe0fSOLGALEO\u2699\ufe0f\u26d3\ufe0f|Sunsteel Strike|p2a: Lucario\n|-resisted|p2a: Lucario\n|-damage|p2a: Lucario|60\/100\n|move|p2a: Lucario|Close Combat|p1a: \u26d3\ufe0f\u2699\ufe0fSOLGALEO\u2699\ufe0f\u26d3\ufe0f\n|-damage|p1a: \u26d3\ufe0f\u2699\ufe0fSOLGALEO\u2699\ufe0f\u26d3\ufe0f|0 fnt\n|-unboost|p2a: Lucario|def|1\n|-unboost|p2a: Lucario|spd|1\n|faint|p1a: \u26d3\ufe0f\u2699\ufe0fSOLGALEO\u2699\ufe0f\u26d3\ufe0f\n|\n|upkeep\n|\n|t:|1700585528\n|switch|p1a: \u26d3\ufe0f\u2699\ufe0fAEGISLASH\u2699\ufe0f\u26d3\ufe0f|Aegislash, M, shiny|100\/100\n|-damage|p1a: \u26d3\ufe0f\u2699\ufe0fAEGISLASH\u2699\ufe0f\u26d3\ufe0f|88\/100|[from] Spikes\n|turn|5\n|\n|t:|1700585537\n|move|p2a: Lucario|Drain Punch|p1a: \u26d3\ufe0f\u2699\ufe0fAEGISLASH\u2699\ufe0f\u26d3\ufe0f\n|-immune|p1a: \u26d3\ufe0f\u2699\ufe0fAEGISLASH\u2699\ufe0f\u26d3\ufe0f\n|-formechange|p1a: \u26d3\ufe0f\u2699\ufe0fAEGISLASH\u2699\ufe0f\u26d3\ufe0f|Aegislash-Blade||[from] ability: Stance Change\n|move|p1a: \u26d3\ufe0f\u2699\ufe0fAEGISLASH\u2699\ufe0f\u26d3\ufe0f|Iron Head|p2a: Lucario\n|-resisted|p2a: Lucario\n|-damage|p2a: Lucario|0 fnt\n|faint|p2a: Lucario\n|\n|upkeep\n|inactive|Battle timer is ON: inactive players will automatically lose when time's up. (requested by METAL-M0DE\u2702\ufe0f)\n|inactive|cooper's toxic has 120 seconds left.\n|c|\u2606METAL-M0DE\u2702\ufe0f|Come u brain dead moron\n|inactive|cooper's toxic has 90 seconds left.\n|inactive|cooper's toxic has 60 seconds left.\n|c|\u2606METAL-M0DE\u2702\ufe0f|U Fuckin r\u00e9tard\n|n|\u203dMETAL-M0DE\u2702\ufe0f|metalm0de\n|c|&|\/log METAL-M0DE\u2702\ufe0f was locked from talking by Artemis. (\u2606METAL-M0DE\u2702\ufe0f: U Fuckin r\u00e9tard)\n|c|&|\/raw <small>This action was done automatically. Want to learn more about the AI? <a href=\"https:\/\/www.smogon.com\/forums\/threads\/3570628\/#post-9056769\">Visit the information thread<\/a>.<\/small>\n|inactive|cooper's toxic has 30 seconds left.\n|inactive|cooper's toxic has 20 seconds left.\n|inactive|cooper's toxic has 15 seconds left.\n|inactive|cooper's toxic has 10 seconds left.\n|inactive|cooper's toxic has 5 seconds left.\n|-message|cooper's toxic lost due to inactivity.\n|\n|win|METAL-M0DE\u2702\ufe0f\n|raw|METAL-M0DE\u2702\ufe0f's rating: 1104 &rarr; <strong>1123<\/strong><br \/>(+19 for winning)\n|raw|cooper&apos;s toxic's rating: 1023 &rarr; <strong>1013<\/strong><br \/>(-10 for losing)\n","uploadtime":1700585706,"views":0,"p1id":"metalm0de","p2id":"cooperstoxic","formatid":"gen9nationaldexubers","rating":1013,"private":0,"password":""}