{"id":"gen9nationaldexubers-1995167880","p1":"Master Kirbs","p2":"ronanpants","format":"[Gen 9] National Dex Ubers","log":"|j|\u2606Master Kirbs\n|j|\u2606ronanpants\n|t:|1700530173\n|gametype|singles\n|player|p1|Master Kirbs|hiker-gen4|1167\n|player|p2|ronanpants|eusine|1213\n|teamsize|p1|6\n|teamsize|p2|6\n|gen|9\n|tier|[Gen 9] National Dex Ubers\n|rated|\n|rule|HP Percentage Mod: HP is shown in percentages\n|rule|Endless Battle Clause: Forcing endless battles is banned\n|rule|OHKO Clause: OHKO moves are banned\n|rule|Evasion Moves Clause: Evasion moves are banned\n|rule|Evasion Items Clause: Evasion items are banned\n|rule|Species Clause: Limit one of each Pok\u00e9mon\n|rule|Sleep Clause Mod: Limit one foe put to sleep\n|rule|Mega Rayquaza Clause: You cannot mega evolve Rayquaza\n|clearpoke\n|poke|p1|Enamorus, F|\n|poke|p1|Miltank, F|\n|poke|p1|Masquerain, M|\n|poke|p1|Kleavor, F|\n|poke|p1|Zoroark-Hisui, F|\n|poke|p1|Chien-Pao|\n|poke|p2|Groudon|\n|poke|p2|Chi-Yu|\n|poke|p2|Ogerpon-Hearthflame, F|\n|poke|p2|Giratina|\n|poke|p2|Blaziken, M|\n|poke|p2|Shaymin-Sky|\n|teampreview\n|inactive|Battle timer is ON: inactive players will automatically lose when time's up. (requested by Master Kirbs)\n|c|\u2606ronanpants|hello\n|\n|t:|1700530204\n|start\n|switch|p1a: Masquerain|Masquerain, M|100\/100\n|switch|p2a: doom|Groudon|100\/100\n|-ability|p1a: Masquerain|Intimidate|boost\n|-unboost|p2a: doom|atk|1\n|detailschange|p2a: doom|Groudon-Primal\n|-primal|p2a: doom|Red Orb\n|-weather|DesolateLand|[from] ability: Desolate Land|[of] p2a: doom\n|turn|1\n|\n|t:|1700530213\n|move|p2a: doom|Eruption|p1a: Masquerain\n|-supereffective|p1a: Masquerain\n|-enditem|p1a: Masquerain|Focus Sash\n|-damage|p1a: Masquerain|1\/100\n|move|p1a: Masquerain|Stun Spore|p2a: doom\n|-status|p2a: doom|par\n|\n|-weather|DesolateLand|[upkeep]\n|upkeep\n|turn|2\n|\n|t:|1700530225\n|move|p1a: Masquerain|Sticky Web|p2a: doom\n|-sidestart|p2: ronanpants|move: Sticky Web\n|move|p2a: doom|Eruption|p1a: Masquerain\n|-supereffective|p1a: Masquerain\n|-damage|p1a: Masquerain|0 fnt\n|faint|p1a: Masquerain\n|\n|-weather|DesolateLand|[upkeep]\n|upkeep\n|\n|t:|1700530230\n|switch|p1a: Kleavor|Kleavor, F|100\/100\n|turn|3\n|\n|t:|1700530234\n|move|p1a: Kleavor|Stone Axe|p2a: doom\n|-damage|p2a: doom|55\/100 par\n|-sidestart|p2: ronanpants|move: Stealth Rock\n|-damage|p1a: Kleavor|91\/100|[from] item: Life Orb\n|move|p2a: doom|Eruption|p1a: Kleavor\n|-damage|p1a: Kleavor|0 fnt\n|faint|p1a: Kleavor\n|\n|-weather|DesolateLand|[upkeep]\n|upkeep\n|\n|t:|1700530245\n|switch|p1a: Enamorus|Enamorus, F|100\/100\n|turn|4\n|\n|t:|1700530249\n|move|p1a: Enamorus|Superpower|p2a: doom\n|-damage|p2a: doom|31\/100 par\n|-boost|p1a: Enamorus|atk|1\n|-boost|p1a: Enamorus|def|1\n|move|p2a: doom|Fire Blast|p1a: Enamorus\n|-damage|p1a: Enamorus|0 fnt\n|faint|p1a: Enamorus\n|\n|-weather|DesolateLand|[upkeep]\n|upkeep\n|\n|t:|1700530258\n|switch|p1a: Chien-Pao|Chien-Pao|100\/100\n|-ability|p1a: Chien-Pao|Sword of Ruin\n|turn|5\n|\n|t:|1700530262\n|move|p1a: Chien-Pao|Ice Spinner|p2a: doom\n|-damage|p2a: doom|0 fnt\n|faint|p2a: doom\n|-weather|none\n|-damage|p1a: Chien-Pao|91\/100|[from] item: Life Orb\n|\n|upkeep\n|\n|t:|1700530268\n|switch|p2a: Blaziken|Blaziken, M|100\/100\n|-activate|p2a: Blaziken|move: Sticky Web\n|-unboost|p2a: Blaziken|spe|1\n|-damage|p2a: Blaziken|88\/100|[from] Stealth Rock\n|turn|6\n|\n|t:|1700530275\n|detailschange|p2a: Blaziken|Blaziken-Mega, M\n|-mega|p2a: Blaziken|Blaziken|Blazikenite\n|move|p1a: Chien-Pao|Psychic Fangs|p2a: Blaziken\n|-supereffective|p2a: Blaziken\n|-crit|p2a: Blaziken\n|-damage|p2a: Blaziken|0 fnt\n|faint|p2a: Blaziken\n|-damage|p1a: Chien-Pao|81\/100|[from] item: Life Orb\n|\n|upkeep\n|\n|t:|1700530285\n|switch|p2a: Ogerpon|Ogerpon-Hearthflame, F|100\/100\n|-activate|p2a: Ogerpon|move: Sticky Web\n|-unboost|p2a: Ogerpon|spe|1\n|-damage|p2a: Ogerpon|76\/100|[from] Stealth Rock\n|-ability|p2a: Ogerpon|Mold Breaker\n|turn|7\n|\n|t:|1700530293\n|-terastallize|p1a: Chien-Pao|Dark\n|-terastallize|p2a: Ogerpon|Fire\n|detailschange|p2a: Ogerpon|Ogerpon-Hearthflame-Tera, F, tera:Fire\n|-ability|p2a: Ogerpon|Embody Aspect (Hearthflame)|boost\n|-boost|p2a: Ogerpon|atk|1\n|move|p1a: Chien-Pao|Sucker Punch|p2a: Ogerpon\n|-damage|p2a: Ogerpon|0 fnt\n|faint|p2a: Ogerpon\n|-damage|p1a: Chien-Pao|71\/100|[from] item: Life Orb\n|\n|upkeep\n|\n|t:|1700530303\n|switch|p2a: Giratina|Giratina|100\/100\n|-activate|p2a: Giratina|move: Sticky Web\n|-unboost|p2a: Giratina|spe|1\n|-damage|p2a: Giratina|88\/100|[from] Stealth Rock\n|-ability|p2a: Giratina|Pressure\n|turn|8\n|\n|t:|1700530311\n|move|p1a: Chien-Pao|Ice Spinner|p2a: Giratina\n|-supereffective|p2a: Giratina\n|-damage|p2a: Giratina|14\/100\n|-damage|p1a: Chien-Pao|61\/100|[from] item: Life Orb\n|move|p2a: Giratina|Dark Pulse|p1a: Chien-Pao\n|-resisted|p1a: Chien-Pao\n|-damage|p1a: Chien-Pao|46\/100\n|\n|-heal|p2a: Giratina|20\/100|[from] item: Leftovers\n|upkeep\n|turn|9\n|\n|t:|1700530322\n|move|p1a: Chien-Pao|Ice Spinner|p2a: Giratina\n|-supereffective|p2a: Giratina\n|-damage|p2a: Giratina|0 fnt\n|faint|p2a: Giratina\n|-damage|p1a: Chien-Pao|36\/100|[from] item: Life Orb\n|\n|upkeep\n|\n|t:|1700530328\n|switch|p2a: Shaymin|Shaymin-Sky|100\/100\n|-damage|p2a: Shaymin|76\/100|[from] Stealth Rock\n|turn|10\n|\n|t:|1700530334\n|move|p1a: Chien-Pao|Sucker Punch|p2a: Shaymin\n|-damage|p2a: Shaymin|0 fnt\n|faint|p2a: Shaymin\n|-damage|p1a: Chien-Pao|26\/100|[from] item: Life Orb\n|\n|upkeep\n|\n|t:|1700530339\n|switch|p2a: Chi-Yu|Chi-Yu|100\/100\n|-activate|p2a: Chi-Yu|move: Sticky Web\n|-unboost|p2a: Chi-Yu|spe|1\n|-damage|p2a: Chi-Yu|76\/100|[from] Stealth Rock\n|-ability|p2a: Chi-Yu|Beads of Ruin\n|turn|11\n|\n|t:|1700530347\n|move|p1a: Chien-Pao|Brick Break|p2a: Chi-Yu\n|-supereffective|p2a: Chi-Yu\n|-damage|p2a: Chi-Yu|0 fnt\n|faint|p2a: Chi-Yu\n|-damage|p1a: Chien-Pao|16\/100|[from] item: Life Orb\n|\n|win|Master Kirbs\n|raw|Master Kirbs's rating: 1167 &rarr; <strong>1195<\/strong><br \/>(+28 for winning)\n|raw|ronanpants's rating: 1213 &rarr; <strong>1185<\/strong><br \/>(-28 for losing)\n","uploadtime":1700530351,"views":15,"p1id":"masterkirbs","p2id":"ronanpants","formatid":"gen9nationaldexubers","rating":1185,"private":0,"password":""}