{"id":"gen9nationaldexubers-1980091605","p1":"aquiles meo","p2":"ChessMasterS","format":"[Gen 9] National Dex Ubers","log":"|j|\u2606aquiles meo\n|j|\u203dChessMasterS\n|t:|1698756366\n|gametype|singles\n|player|p1|aquiles meo|ethan|1062\n|player|p2|ChessMasterS|lance|1006\n|teamsize|p1|6\n|teamsize|p2|6\n|gen|9\n|tier|[Gen 9] National Dex Ubers\n|rated|\n|rule|HP Percentage Mod: HP is shown in percentages\n|rule|Endless Battle Clause: Forcing endless battles is banned\n|rule|OHKO Clause: OHKO moves are banned\n|rule|Evasion Moves Clause: Evasion moves are banned\n|rule|Evasion Items Clause: Evasion items are banned\n|rule|Species Clause: Limit one of each Pok\u00e9mon\n|rule|Sleep Clause Mod: Limit one foe put to sleep\n|rule|Mega Rayquaza Clause: You cannot mega evolve Rayquaza\n|clearpoke\n|poke|p1|Jirachi|\n|poke|p1|Ho-Oh|\n|poke|p1|Rayquaza|\n|poke|p1|Pidgeot, M|\n|poke|p1|Lucario, M|\n|poke|p1|Luxray, M|\n|poke|p2|Gengar, M|\n|poke|p2|Zekrom|\n|poke|p2|Yveltal|\n|poke|p2|Darkrai|\n|poke|p2|Giratina-Origin|\n|poke|p2|Gourgeist-*, M|\n|teampreview\n|\n|t:|1698756378\n|start\n|switch|p1a: Jirachi|Jirachi, shiny|100\/100\n|switch|p2a: Darkrai|Darkrai, shiny|100\/100\n|turn|1\n|\n|t:|1698756389\n|move|p2a: Darkrai|Hypnosis|p1a: Jirachi\n|-status|p1a: Jirachi|slp|[from] move: Hypnosis\n|cant|p1a: Jirachi|slp\n|\n|-damage|p1a: Jirachi|88\/100 slp|[from] ability: Bad Dreams|[of] p2a: Darkrai\n|upkeep\n|turn|2\n|\n|t:|1698756399\n|move|p2a: Darkrai|Dream Eater|p1a: Jirachi\n|-resisted|p1a: Jirachi\n|-damage|p1a: Jirachi|81\/100 slp\n|cant|p1a: Jirachi|slp\n|\n|-heal|p1a: Jirachi|87\/100 slp|[from] item: Leftovers\n|-damage|p1a: Jirachi|75\/100 slp|[from] ability: Bad Dreams|[of] p2a: Darkrai\n|upkeep\n|turn|3\n|\n|t:|1698756411\n|move|p2a: Darkrai|Dream Eater|p1a: Jirachi\n|-resisted|p1a: Jirachi\n|-damage|p1a: Jirachi|69\/100 slp\n|cant|p1a: Jirachi|slp\n|\n|-heal|p1a: Jirachi|75\/100 slp|[from] item: Leftovers\n|-damage|p1a: Jirachi|62\/100 slp|[from] ability: Bad Dreams|[of] p2a: Darkrai\n|upkeep\n|turn|4\n|\n|t:|1698756420\n|move|p2a: Darkrai|Dream Eater|p1a: Jirachi\n|-resisted|p1a: Jirachi\n|-damage|p1a: Jirachi|56\/100 slp\n|-curestatus|p1a: Jirachi|slp|[msg]\n|move|p1a: Jirachi|Doom Desire|p2a: Darkrai\n|-start|p1a: Jirachi|Doom Desire\n|\n|-heal|p1a: Jirachi|62\/100|[from] item: Leftovers\n|upkeep\n|turn|5\n|\n|t:|1698756430\n|move|p2a: Darkrai|Dream Eater|p1a: Jirachi\n|-immune|p1a: Jirachi\n|move|p1a: Jirachi|Wish|p1a: Jirachi\n|\n|-heal|p1a: Jirachi|68\/100|[from] item: Leftovers\n|upkeep\n|turn|6\n|\n|t:|1698756451\n|move|p2a: Darkrai|Hypnosis|p1a: Jirachi|[miss]\n|-miss|p2a: Darkrai|p1a: Jirachi\n|move|p1a: Jirachi|Iron Head|p2a: Darkrai\n|-damage|p2a: Darkrai|63\/100\n|\n|-end|p2a: Darkrai|move: Doom Desire\n|-damage|p2a: Darkrai|9\/100\n|-heal|p1a: Jirachi|100\/100|[from] move: Wish|[wisher] Jirachi\n|-heal|p2a: Darkrai|15\/100|[from] item: Leftovers\n|upkeep\n|turn|7\n|inactive|Battle timer is ON: inactive players will automatically lose when time's up. (requested by ChessMasterS)\n|inactiveoff|Battle timer is now OFF.\n|\n|t:|1698756464\n|switch|p2a: Gengar|Gengar, M, shiny|100\/100\n|move|p1a: Jirachi|Iron Head|p2a: Gengar\n|-damage|p2a: Gengar|46\/100\n|-start|p1a: Jirachi|Disable|Iron Head|[from] ability: Cursed Body|[of] p2a: Gengar\n|\n|-heal|p2a: Gengar|53\/100|[from] item: Leftovers\n|upkeep\n|turn|8\n|\n|t:|1698756484\n|move|p1a: Jirachi|Doom Desire|p2a: Gengar\n|-start|p1a: Jirachi|Doom Desire\n|move|p2a: Gengar|Poltergeist|p1a: Jirachi\n|-activate|p1a: Jirachi|move: Poltergeist|Leftovers\n|-supereffective|p1a: Jirachi\n|-damage|p1a: Jirachi|47\/100\n|\n|-heal|p1a: Jirachi|53\/100|[from] item: Leftovers\n|-heal|p2a: Gengar|59\/100|[from] item: Leftovers\n|upkeep\n|turn|9\n|\n|t:|1698756493\n|move|p1a: Jirachi|Zen Headbutt|p2a: Gengar|[miss]\n|-miss|p1a: Jirachi|p2a: Gengar\n|move|p2a: Gengar|Poltergeist|p1a: Jirachi\n|-activate|p1a: Jirachi|move: Poltergeist|Leftovers\n|-supereffective|p1a: Jirachi\n|-damage|p1a: Jirachi|0 fnt\n|faint|p1a: Jirachi\n|\n|-heal|p2a: Gengar|65\/100|[from] item: Leftovers\n|upkeep\n|\n|t:|1698756524\n|switch|p1a: Rayquaza|Rayquaza, shiny|100\/100\n|-ability|p1a: Rayquaza|Air Lock\n|turn|10\n|\n|t:|1698756535\n|switch|p2a: Zekrom|Zekrom, shiny|100\/100\n|-ability|p2a: Zekrom|Teravolt\n|move|p1a: Rayquaza|Dragon Ascent|p2a: Zekrom\n|-resisted|p2a: Zekrom\n|-damage|p2a: Zekrom|75\/100\n|-unboost|p1a: Rayquaza|def|1\n|-unboost|p1a: Rayquaza|spd|1\n|\n|-end|p2a: Zekrom|move: Doom Desire\n|-resisted|p2a: Zekrom\n|-damage|p2a: Zekrom|53\/100\n|-heal|p2a: Zekrom|59\/100|[from] item: Leftovers\n|upkeep\n|turn|11\n|\n|t:|1698756561\n|switch|p1a: Lucario|Lucario, M, shiny|100\/100\n|move|p2a: Zekrom|Draco Meteor|p1a: Lucario\n|-resisted|p1a: Lucario\n|-damage|p1a: Lucario|56\/100\n|-unboost|p2a: Zekrom|spa|2\n|\n|-heal|p2a: Zekrom|65\/100|[from] item: Leftovers\n|upkeep\n|turn|12\n|\n|t:|1698756580\n|detailschange|p1a: Lucario|Lucario-Mega, M, shiny\n|-mega|p1a: Lucario|Lucario|Lucarionite\n|-terastallize|p2a: Zekrom|Dragon\n|move|p1a: Lucario|Bone Rush|p2a: Zekrom\n|-damage|p2a: Zekrom|56\/100\n|-damage|p2a: Zekrom|49\/100\n|-damage|p2a: Zekrom|40\/100\n|-damage|p2a: Zekrom|32\/100\n|-damage|p2a: Zekrom|24\/100\n|-hitcount|p2a: Zekrom|5\n|move|p2a: Zekrom|Shadow Ball|p1a: Lucario\n|-damage|p1a: Lucario|37\/100\n|\n|-heal|p2a: Zekrom|30\/100|[from] item: Leftovers\n|upkeep\n|turn|13\n|\n|t:|1698756607\n|switch|p2a: Giratina|Giratina-Origin, shiny|100\/100\n|move|p1a: Lucario|Drain Punch|p2a: Giratina\n|-immune|p2a: Giratina\n|\n|upkeep\n|turn|14\n|\n|t:|1698756618\n|switch|p1a: Pidgeot|Pidgeot, M, shiny|100\/100\n|move|p2a: Giratina|Earthquake|p1a: Pidgeot\n|-immune|p1a: Pidgeot\n|\n|upkeep\n|turn|15\n|\n|t:|1698756639\n|move|p1a: Pidgeot|Ominous Wind|p2a: Giratina\n|-supereffective|p2a: Giratina\n|-damage|p2a: Giratina|79\/100\n|move|p2a: Giratina|Draco Meteor|p1a: Pidgeot\n|-damage|p1a: Pidgeot|10\/100\n|-unboost|p2a: Giratina|spa|2\n|\n|upkeep\n|turn|16\n|inactive|Battle timer is ON: inactive players will automatically lose when time's up. (requested by ChessMasterS)\n|\n|t:|1698756654\n|move|p1a: Pidgeot|Ominous Wind|p2a: Giratina\n|-supereffective|p2a: Giratina\n|-damage|p2a: Giratina|60\/100\n|move|p2a: Giratina|Draco Meteor|p1a: Pidgeot\n|-damage|p1a: Pidgeot|0 fnt\n|-unboost|p2a: Giratina|spa|2\n|faint|p1a: Pidgeot\n|\n|upkeep\n|\n|t:|1698756664\n|switch|p1a: Ho-Oh|Ho-Oh, shiny|100\/100\n|turn|17\n|\n|t:|1698756677\n|move|p2a: Giratina|Hex|p1a: Ho-Oh\n|-damage|p1a: Ho-Oh|94\/100\n|move|p1a: Ho-Oh|Calm Mind|p1a: Ho-Oh\n|-boost|p1a: Ho-Oh|spa|1\n|-boost|p1a: Ho-Oh|spd|1\n|\n|upkeep\n|turn|18\n|\n|t:|1698756693\n|move|p2a: Giratina|Draco Meteor|p1a: Ho-Oh\n|-damage|p1a: Ho-Oh|84\/100\n|-unboost|p2a: Giratina|spa|2\n|move|p1a: Ho-Oh|Burn Up|p2a: Giratina\n|-resisted|p2a: Giratina\n|-damage|p2a: Giratina|25\/100\n|-start|p1a: Ho-Oh|typechange|???\/Flying|[from] move: Burn Up\n|\n|upkeep\n|turn|19\n|\n|t:|1698756708\n|switch|p2a: Yveltal|Yveltal, shiny|100\/100\n|-ability|p2a: Yveltal|Dark Aura\n|move|p1a: Ho-Oh|Ancient Power|p2a: Yveltal\n|-supereffective|p2a: Yveltal\n|-damage|p2a: Yveltal|50\/100\n|\n|-heal|p2a: Yveltal|56\/100|[from] item: Leftovers\n|upkeep\n|turn|20\n|\n|t:|1698756722\n|move|p2a: Yveltal|Focus Blast|p1a: Ho-Oh|[miss]\n|-miss|p2a: Yveltal|p1a: Ho-Oh\n|move|p1a: Ho-Oh|Ancient Power|p2a: Yveltal\n|-supereffective|p2a: Yveltal\n|-damage|p2a: Yveltal|3\/100\n|\n|-heal|p2a: Yveltal|9\/100|[from] item: Leftovers\n|upkeep\n|turn|21\n|-message|ChessMasterS forfeited.\n|\n|win|aquiles meo\n|raw|aquiles meo's rating: 1062 &rarr; <strong>1088<\/strong><br \/>(+26 for winning)\n|raw|ChessMasterS's rating: 1006 &rarr; <strong>1000<\/strong><br \/>(-6 for losing)\n|l|\u203dChessMasterS\n","uploadtime":1698756738,"views":4,"p1id":"aquilesmeo","p2id":"chessmasters","formatid":"gen9nationaldexubers","rating":1000,"private":0,"password":""}