{"id":"gen9nationaldexubers-1979597093","p1":"Barracood","p2":"Dashu16","format":"[Gen 9] National Dex Ubers","log":"|j|\u2606Barracood\n|j|\u2606Dashu16\n|t:|1698695346\n|gametype|singles\n|player|p1|Barracood|unknown|1259\n|player|p2|Dashu16|red|1252\n|teamsize|p1|6\n|teamsize|p2|6\n|gen|9\n|tier|[Gen 9] National Dex Ubers\n|rated|\n|rule|HP Percentage Mod: HP is shown in percentages\n|rule|Endless Battle Clause: Forcing endless battles is banned\n|rule|OHKO Clause: OHKO moves are banned\n|rule|Evasion Moves Clause: Evasion moves are banned\n|rule|Evasion Items Clause: Evasion items are banned\n|rule|Species Clause: Limit one of each Pok\u00e9mon\n|rule|Sleep Clause Mod: Limit one foe put to sleep\n|rule|Mega Rayquaza Clause: You cannot mega evolve Rayquaza\n|clearpoke\n|poke|p1|Groudon|\n|poke|p1|Kyogre|\n|poke|p1|Zygarde|\n|poke|p1|Ho-Oh|\n|poke|p1|Ditto|\n|poke|p1|Mewtwo|\n|poke|p2|Necrozma-Dusk-Mane|\n|poke|p2|Groudon|\n|poke|p2|Xerneas-*|\n|poke|p2|Salamence, M|\n|poke|p2|Arceus|\n|poke|p2|Marshadow|\n|teampreview\n|inactive|Battle timer is ON: inactive players will automatically lose when time's up. (requested by Barracood)\n|\n|t:|1698695353\n|start\n|switch|p1a: Zygarde|Zygarde|100\/100\n|switch|p2a: Necrozma|Necrozma-Dusk-Mane, shiny|100\/100\n|turn|1\n|\n|t:|1698695359\n|move|p1a: Zygarde|Dragon Dance|p1a: Zygarde\n|-boost|p1a: Zygarde|atk|1\n|-boost|p1a: Zygarde|spe|1\n|move|p2a: Necrozma|Swords Dance|p2a: Necrozma\n|-boost|p2a: Necrozma|atk|2\n|\n|upkeep\n|turn|2\n|\n|t:|1698695365\n|move|p1a: Zygarde|Dragon Dance|p1a: Zygarde\n|-boost|p1a: Zygarde|atk|1\n|-boost|p1a: Zygarde|spe|1\n|move|p2a: Necrozma|Rock Polish|p2a: Necrozma\n|-boost|p2a: Necrozma|spe|2\n|\n|upkeep\n|turn|3\n|\n|t:|1698695376\n|move|p1a: Zygarde|Glare|p2a: Necrozma\n|-status|p2a: Necrozma|par\n|move|p2a: Necrozma|Swords Dance|p2a: Necrozma\n|-boost|p2a: Necrozma|atk|2\n|\n|upkeep\n|turn|4\n|\n|t:|1698695383\n|move|p1a: Zygarde|Substitute|p1a: Zygarde\n|-start|p1a: Zygarde|Substitute\n|-damage|p1a: Zygarde|76\/100\n|cant|p2a: Necrozma|par\n|\n|-heal|p1a: Zygarde|82\/100|[from] item: Leftovers\n|upkeep\n|turn|5\n|\n|t:|1698695390\n|move|p1a: Zygarde|Dragon Dance|p1a: Zygarde\n|-boost|p1a: Zygarde|atk|1\n|-boost|p1a: Zygarde|spe|1\n|cant|p2a: Necrozma|par\n|\n|-heal|p1a: Zygarde|88\/100|[from] item: Leftovers\n|upkeep\n|turn|6\n|c|\u2606Barracood|ITS ZYGARDING TIME\n|\n|t:|1698695397\n|move|p1a: Zygarde|Dragon Dance|p1a: Zygarde\n|-boost|p1a: Zygarde|atk|1\n|-boost|p1a: Zygarde|spe|1\n|cant|p2a: Necrozma|par\n|\n|-heal|p1a: Zygarde|94\/100|[from] item: Leftovers\n|upkeep\n|turn|7\n|\n|t:|1698695404\n|move|p1a: Zygarde|Thousand Arrows|p2a: Necrozma\n|-supereffective|p2a: Necrozma\n|-damage|p2a: Necrozma|0 fnt\n|faint|p2a: Necrozma\n|\n|-heal|p1a: Zygarde|99\/100|[from] item: Leftovers\n|upkeep\n|\n|t:|1698695420\n|switch|p2a: Arceus|Arceus, shiny|100\/100\n|turn|8\n|c|\u2606Dashu16|daga kotowaru\n|\n|t:|1698695446\n|move|p1a: Zygarde|Thousand Arrows|p2a: Arceus\n|-damage|p2a: Arceus|12\/100\n|move|p2a: Arceus|Substitute|p2a: Arceus\n|-fail|p2a: Arceus|move: Substitute|[weak]\n|\n|-heal|p1a: Zygarde|100\/100|[from] item: Leftovers\n|upkeep\n|turn|9\n|\n|t:|1698695453\n|move|p2a: Arceus|Extreme Speed|p1a: Zygarde\n|-end|p1a: Zygarde|Substitute\n|move|p1a: Zygarde|Thousand Arrows|p2a: Arceus\n|-damage|p2a: Arceus|0 fnt\n|faint|p2a: Arceus\n|\n|upkeep\n|\n|t:|1698695459\n|switch|p2a: Marshadow|Marshadow|100\/100\n|turn|10\n|\n|t:|1698695463\n|move|p1a: Zygarde|Substitute|p1a: Zygarde\n|-start|p1a: Zygarde|Substitute\n|-damage|p1a: Zygarde|76\/100\n|move|p2a: Marshadow|Spectral Thief||[still]\n|-clearpositiveboost|p1a: Zygarde|p2a: Marshadow|move: Spectral Thief\n|-boost|p2a: Marshadow|atk|4\n|-boost|p2a: Marshadow|spe|4\n|-anim|p2a: Marshadow|Spectral Thief|p1a: Zygarde\n|-damage|p1a: Zygarde|0 fnt\n|faint|p1a: Zygarde\n|-damage|p2a: Marshadow|91\/100|[from] item: Life Orb\n|\n|upkeep\n|c|\u2606Barracood|WHAT\n|\n|t:|1698695470\n|switch|p1a: Ditto|Ditto|100\/100\n|-transform|p1a: Ditto|p2a: Marshadow|[from] ability: Imposter\n|turn|11\n|c|\u2606Dashu16|damn\n|c|\u2606Dashu16|xd\n|\n|t:|1698695480\n|-terastallize|p1a: Ditto|Normal\n|move|p2a: Marshadow|Shadow Sneak|p1a: Ditto\n|-immune|p1a: Ditto\n|move|p1a: Ditto|Shadow Sneak|p2a: Marshadow\n|-supereffective|p2a: Marshadow\n|-damage|p2a: Marshadow|0 fnt\n|faint|p2a: Marshadow\n|\n|upkeep\n|c|\u2606Barracood|its nevver dittover\n|c|\u2606Barracood|lmao\n|c|\u2606Barracood|they aways fall for this one\n|c|\u2606Dashu16|i didnt know it\n|c|\u2606Dashu16|i will copy you\n|c|\u2606Dashu16|muahahahaha\n|inactive|Dashu16 has 120 seconds left.\n|\n|t:|1698695506\n|switch|p2a: Xerneas|Xerneas, shiny|100\/100\n|-ability|p2a: Xerneas|Fairy Aura\n|turn|12\n|\n|t:|1698695514\n|switch|p2a: Salamence|Salamence, M, shiny|100\/100\n|-ability|p2a: Salamence|Intimidate|boost\n|-unboost|p1a: Ditto|atk|1\n|move|p1a: Ditto|Shadow Sneak|p2a: Salamence\n|-damage|p2a: Salamence|13\/100\n|\n|upkeep\n|turn|13\n|\n|t:|1698695521\n|detailschange|p2a: Salamence|Salamence-Mega, M, shiny\n|-mega|p2a: Salamence|Salamence|Salamencite\n|move|p1a: Ditto|Shadow Sneak|p2a: Salamence\n|-damage|p2a: Salamence|0 fnt\n|faint|p2a: Salamence\n|\n|upkeep\n|\n|t:|1698695526\n|switch|p2a: Groudon|Groudon, shiny|100\/100\n|detailschange|p2a: Groudon|Groudon-Primal, shiny\n|-primal|p2a: Groudon|Red Orb\n|-weather|DesolateLand|[from] ability: Desolate Land|[of] p2a: Groudon\n|turn|14\n|\n|t:|1698695550\n|move|p1a: Ditto|Shadow Sneak|p2a: Groudon\n|-damage|p2a: Groudon|65\/100\n|move|p2a: Groudon|Roar|p1a: Ditto\n|drag|p1a: Mewtwo|Mewtwo|100\/100\n|-ability|p1a: Mewtwo|Unnerve\n|\n|-weather|DesolateLand|[upkeep]\n|upkeep\n|turn|15\n|\n|t:|1698695558\n|detailschange|p1a: Mewtwo|Mewtwo-Mega-Y\n|-mega|p1a: Mewtwo|Mewtwo|Mewtwonite Y\n|move|p1a: Mewtwo|Nasty Plot|p1a: Mewtwo\n|-boost|p1a: Mewtwo|spa|2\n|move|p2a: Groudon|Precipice Blades|p1a: Mewtwo\n|-damage|p1a: Mewtwo|19\/100\n|\n|-weather|DesolateLand|[upkeep]\n|upkeep\n|turn|16\n|\n|t:|1698695565\n|move|p1a: Mewtwo|Psystrike|p2a: Groudon\n|-damage|p2a: Groudon|1\/100\n|move|p2a: Groudon|Precipice Blades|p1a: Mewtwo|[miss]\n|-miss|p2a: Groudon|p1a: Mewtwo\n|\n|-weather|DesolateLand|[upkeep]\n|upkeep\n|turn|17\n|c|\u2606Dashu16|waaaaaaa\n|c|\u2606Barracood|lmao\n|\n|t:|1698695574\n|move|p1a: Mewtwo|Psystrike|p2a: Groudon\n|-damage|p2a: Groudon|0 fnt\n|faint|p2a: Groudon\n|-weather|none\n|\n|upkeep\n|\n|t:|1698695579\n|switch|p2a: Xerneas|Xerneas, shiny|100\/100\n|-ability|p2a: Xerneas|Fairy Aura\n|turn|18\n|c|\u2606Barracood|unfortunate doesnt even begin to describe your series\n|\n|t:|1698695584\n|move|p1a: Mewtwo|Psystrike|p2a: Xerneas\n|-damage|p2a: Xerneas|0 fnt\n|faint|p2a: Xerneas\n|\n|win|Barracood\n|raw|Barracood's rating: 1259 &rarr; <strong>1283<\/strong><br \/>(+24 for winning)\n|raw|Dashu16's rating: 1252 &rarr; <strong>1228<\/strong><br \/>(-24 for losing)\n|c|\u2606Dashu16|gg\n|c|\u2606Dashu16|u a prankster\n|c|\u2606Dashu16|damn\n|c|\u2606Barracood|gg\n","uploadtime":1698695605,"views":8,"p1id":"barracood","p2id":"dashu16","formatid":"gen9nationaldexubers","rating":1228,"private":0,"password":""}