{"id":"gen9nationaldexubers-1986863407","p1":"dumboffaperc","p2":"85792195wwww","format":"[Gen 9] National Dex Ubers","log":"|j|\u2606dumboffaperc\n|j|\u260685792195wwww\n|t:|1699535455\n|gametype|singles\n|player|p1|dumboffaperc|swimmer-gen4dp|1527\n|player|p2|85792195wwww|mira|1786\n|teamsize|p1|6\n|teamsize|p2|6\n|gen|9\n|tier|[Gen 9] National Dex Ubers\n|rated|\n|rule|HP Percentage Mod: HP is shown in percentages\n|rule|Endless Battle Clause: Forcing endless battles is banned\n|rule|OHKO Clause: OHKO moves are banned\n|rule|Evasion Moves Clause: Evasion moves are banned\n|rule|Evasion Items Clause: Evasion items are banned\n|rule|Species Clause: Limit one of each Pok\u00e9mon\n|rule|Sleep Clause Mod: Limit one foe put to sleep\n|rule|Mega Rayquaza Clause: You cannot mega evolve Rayquaza\n|clearpoke\n|poke|p1|Lucario, M|\n|poke|p1|Landorus, M|\n|poke|p1|Ditto|\n|poke|p1|Shuckle, F|\n|poke|p1|Gholdengo|\n|poke|p1|Tapu Lele|\n|poke|p2|Ribombee, F|\n|poke|p2|Arceus-Ground|\n|poke|p2|Groudon|\n|poke|p2|Krookodile, F|\n|poke|p2|Gholdengo|\n|poke|p2|Kyurem-Black|\n|teampreview\n|inactive|Battle timer is ON: inactive players will automatically lose when time's up. (requested by dumboffaperc)\n|l|\u2606dumboffaperc\n|inactive|dumboffaperc disconnected and has a minute to reconnect!\n|player|p1|\n|j|\u2606dumboffaperc\n|inactive|dumboffaperc reconnected and has 120 seconds left.\n|player|p1|dumboffaperc|swimmer-gen4dp\n|\n|t:|1699535491\n|start\n|switch|p1a: Shuckle|Shuckle, F|100\/100\n|switch|p2a: Gholdengo|Gholdengo|100\/100\n|turn|1\n|\n|t:|1699535498\n|move|p2a: Gholdengo|Trick|p1a: Shuckle\n|-activate|p2a: Gholdengo|move: Trick|[of] p1a: Shuckle\n|-item|p1a: Shuckle|Choice Specs|[from] move: Trick\n|-item|p2a: Gholdengo|Mental Herb|[from] move: Trick\n|move|p1a: Shuckle|Stealth Rock|p2a: Gholdengo\n|-sidestart|p2: 85792195wwww|move: Stealth Rock\n|\n|upkeep\n|turn|2\n|\n|t:|1699535505\n|switch|p2a: Ribombee|Ribombee, F|100\/100\n|-damage|p2a: Ribombee|76\/100|[from] Stealth Rock\n|switch|p1a: Landorus|Landorus, M|100\/100\n|\n|upkeep\n|turn|3\n|\n|t:|1699535515\n|move|p2a: Ribombee|Sticky Web|p1a: Landorus\n|-sidestart|p1: dumboffaperc|move: Sticky Web\n|move|p1a: Landorus|Earth Power|p2a: Ribombee\n|-resisted|p2a: Ribombee\n|-damage|p2a: Ribombee|14\/100\n|\n|upkeep\n|turn|4\n|\n|t:|1699535525\n|move|p2a: Ribombee|Moonblast|p1a: Landorus\n|-damage|p1a: Landorus|42\/100\n|move|p1a: Landorus|Earth Power|p2a: Ribombee\n|-resisted|p2a: Ribombee\n|-damage|p2a: Ribombee|0 fnt\n|faint|p2a: Ribombee\n|\n|upkeep\n|\n|t:|1699535548\n|switch|p2a: Kyurem|Kyurem-Black|100\/100\n|-damage|p2a: Kyurem|75\/100|[from] Stealth Rock\n|-ability|p2a: Kyurem|Teravolt\n|turn|5\n|\n|t:|1699535554\n|move|p1a: Landorus|Earth Power|p2a: Kyurem\n|-damage|p2a: Kyurem|14\/100\n|move|p2a: Kyurem|Icicle Spear|p1a: Landorus\n|-supereffective|p1a: Landorus\n|-damage|p1a: Landorus|0 fnt\n|faint|p1a: Landorus\n|-hitcount|p1: Landorus|1\n|\n|upkeep\n|\n|t:|1699535575\n|switch|p1a: Shuckle|Shuckle, F|100\/100\n|-activate|p1a: Shuckle|move: Sticky Web\n|-unboost|p1a: Shuckle|spe|1\n|turn|6\n|\n|t:|1699535588\n|switch|p2a: Groudon|Groudon|100\/100\n|-damage|p2a: Groudon|94\/100|[from] Stealth Rock\n|detailschange|p2a: Groudon|Groudon-Primal\n|-primal|p2a: Groudon|Red Orb\n|-weather|DesolateLand|[from] ability: Desolate Land|[of] p2a: Groudon\n|move|p1a: Shuckle|Sticky Web|p2a: Groudon\n|-sidestart|p2: 85792195wwww|move: Sticky Web\n|\n|-weather|DesolateLand|[upkeep]\n|upkeep\n|turn|7\n|l|\u2606dumboffaperc\n|inactive|dumboffaperc disconnected and has a minute to reconnect!\n|player|p1|\n|j|\u2606dumboffaperc\n|inactive|dumboffaperc reconnected and has 115 seconds left.\n|player|p1|dumboffaperc|swimmer-gen4dp\n|\n|t:|1699535625\n|switch|p1a: Gholdengo|Gholdengo|100\/100\n|-item|p1a: Gholdengo|Air Balloon\n|move|p2a: Groudon|Eruption|p1a: Gholdengo\n|-supereffective|p1a: Gholdengo\n|-damage|p1a: Gholdengo|0 fnt\n|-enditem|p1a: Gholdengo|Air Balloon\n|faint|p1a: Gholdengo\n|\n|-weather|DesolateLand|[upkeep]\n|upkeep\n|\n|t:|1699535628\n|switch|p1a: Tapu Lele|Tapu Lele|100\/100\n|-activate|p1a: Tapu Lele|move: Sticky Web\n|-unboost|p1a: Tapu Lele|spe|1\n|-fieldstart|move: Psychic Terrain|[from] ability: Psychic Surge|[of] p1a: Tapu Lele\n|turn|8\n|\n|t:|1699535654\n|-weather|none\n|switch|p2a: Kyurem|Kyurem-Black|14\/100\n|-damage|p2a: Kyurem|0 fnt|[from] Stealth Rock\n|-activate|p2a: Kyurem|move: Sticky Web\n|faint|p2a: Kyurem\n|move|p1a: Tapu Lele|Psychic|p2: Kyurem|[notarget]\n|-fail|p1a: Tapu Lele\n|\n|upkeep\n|inactive|85792195wwww has 120 seconds left.\n|\n|t:|1699535677\n|switch|p2a: Krookodile|Krookodile, F|100\/100\n|-damage|p2a: Krookodile|94\/100|[from] Stealth Rock\n|-activate|p2a: Krookodile|move: Sticky Web\n|-unboost|p2a: Krookodile|spe|1\n|-ability|p2a: Krookodile|Intimidate|boost\n|-unboost|p1a: Tapu Lele|atk|1\n|turn|9\n|\n|t:|1699535685\n|switch|p1a: Shuckle|Shuckle, F|100\/100\n|-activate|p1a: Shuckle|move: Sticky Web\n|-unboost|p1a: Shuckle|spe|1\n|move|p2a: Krookodile|Stealth Rock|p1a: Shuckle\n|-sidestart|p1: dumboffaperc|move: Stealth Rock\n|\n|upkeep\n|turn|10\n|inactive|85792195wwww has 120 seconds left.\n|\n|t:|1699535693\n|move|p2a: Krookodile|Taunt|p1a: Shuckle\n|-start|p1a: Shuckle|move: Taunt\n|move|p1a: Shuckle|Final Gambit|p2a: Krookodile\n|-damage|p2a: Krookodile|21\/100\n|faint|p1a: Shuckle\n|\n|upkeep\n|\n|t:|1699535710\n|switch|p1a: Lucario|Lucario, M, shiny|100\/100\n|-activate|p1a: Lucario|move: Sticky Web\n|-unboost|p1a: Lucario|spe|1\n|-damage|p1a: Lucario|98\/100|[from] Stealth Rock\n|turn|11\n|\n|t:|1699535718\n|detailschange|p1a: Lucario|Lucario-Mega, M, shiny\n|-mega|p1a: Lucario|Lucario|Lucarionite\n|move|p1a: Lucario|Meteor Mash|p2a: Krookodile\n|-damage|p2a: Krookodile|0 fnt\n|faint|p2a: Krookodile\n|\n|upkeep\n|inactive|85792195wwww has 120 seconds left.\n|\n|t:|1699535753\n|switch|p2a: Groudon|Groudon-Primal|94\/100\n|-damage|p2a: Groudon|82\/100|[from] Stealth Rock\n|-activate|p2a: Groudon|move: Sticky Web\n|-unboost|p2a: Groudon|spe|1\n|-weather|DesolateLand|[from] ability: Desolate Land|[of] p2a: Groudon\n|turn|12\n|\n|t:|1699535761\n|move|p1a: Lucario|Close Combat|p2a: Groudon\n|-damage|p2a: Groudon|19\/100\n|-unboost|p1a: Lucario|def|1\n|-unboost|p1a: Lucario|spd|1\n|move|p2a: Groudon|Earth Power|p1a: Lucario\n|-supereffective|p1a: Lucario\n|-crit|p1a: Lucario\n|-damage|p1a: Lucario|0 fnt\n|faint|p1a: Lucario\n|\n|-weather|DesolateLand|[upkeep]\n|-fieldend|move: Psychic Terrain\n|upkeep\n|\n|t:|1699535769\n|switch|p1a: Tapu Lele|Tapu Lele|100\/100\n|-activate|p1a: Tapu Lele|move: Sticky Web\n|-unboost|p1a: Tapu Lele|spe|1\n|-damage|p1a: Tapu Lele|88\/100|[from] Stealth Rock\n|-fieldstart|move: Psychic Terrain|[from] ability: Psychic Surge|[of] p1a: Tapu Lele\n|turn|13\n|inactive|85792195wwww has 120 seconds left.\n|\n|t:|1699535779\n|move|p1a: Tapu Lele|Psychic|p2a: Groudon\n|-damage|p2a: Groudon|0 fnt\n|faint|p2a: Groudon\n|-weather|none\n|\n|upkeep\n|l|\u2606dumboffaperc\n|inactive|dumboffaperc disconnected and has a minute to reconnect!\n|player|p1|\n|\n|t:|1699535802\n|switch|p2a: Arceus|Arceus-Ground|100\/100\n|-damage|p2a: Arceus|94\/100|[from] Stealth Rock\n|-activate|p2a: Arceus|move: Sticky Web\n|-unboost|p2a: Arceus|spe|1\n|turn|14\n|j|\u2606dumboffaperc\n|inactive|dumboffaperc reconnected and has 145 seconds left.\n|player|p1|dumboffaperc|swimmer-gen4dp\n|\n|t:|1699535814\n|-terastallize|p1a: Tapu Lele|Psychic\n|move|p1a: Tapu Lele|Psychic|p2a: Arceus\n|-damage|p2a: Arceus|37\/100\n|-zpower|p2a: Arceus\n|move|p2a: Arceus|Tectonic Rage|p1a: Tapu Lele|[zeffect]\n|-damage|p1a: Tapu Lele|0 fnt\n|faint|p1a: Tapu Lele\n|\n|upkeep\n|\n|t:|1699535819\n|switch|p1a: Ditto|Ditto|100\/100\n|-activate|p1a: Ditto|move: Sticky Web\n|-unboost|p1a: Ditto|spe|1\n|-damage|p1a: Ditto|88\/100|[from] Stealth Rock\n|-transform|p1a: Ditto|p2a: Arceus|[from] ability: Imposter\n|turn|15\n|\n|t:|1699535832\n|move|p1a: Ditto|Earthquake|p2a: Arceus\n|-damage|p2a: Arceus|0 fnt\n|faint|p2a: Arceus\n|\n|upkeep\n|\n|t:|1699535838\n|switch|p2a: Gholdengo|Gholdengo|100\/100\n|-damage|p2a: Gholdengo|94\/100|[from] Stealth Rock\n|-activate|p2a: Gholdengo|move: Sticky Web\n|-unboost|p2a: Gholdengo|spe|1\n|turn|16\n|\n|t:|1699535846\n|-terastallize|p2a: Gholdengo|Flying\n|move|p1a: Ditto|Earthquake|p2a: Gholdengo\n|-immune|p2a: Gholdengo\n|move|p2a: Gholdengo|Shadow Ball|p1a: Ditto\n|-damage|p1a: Ditto|45\/100\n|\n|upkeep\n|turn|17\n|inactive|85792195wwww has 120 seconds left.\n|\n|t:|1699535856\n|move|p1a: Ditto|Earthquake|p2a: Gholdengo\n|-immune|p2a: Gholdengo\n|move|p2a: Gholdengo|Shadow Ball|p1a: Ditto\n|-damage|p1a: Ditto|4\/100\n|\n|-fieldend|move: Psychic Terrain\n|upkeep\n|turn|18\n|-message|dumboffaperc forfeited.\n|\n|win|85792195wwww\n|raw|dumboffaperc's rating: 1527 &rarr; <strong>1520<\/strong><br \/>(-7 for losing)\n|raw|85792195wwww's rating: 1786 &rarr; <strong>1793<\/strong><br \/>(+7 for winning)\n|l|\u2606dumboffaperc\n","uploadtime":1699535868,"views":8,"p1id":"dumboffaperc","p2id":"85792195wwww","formatid":"gen9nationaldexubers","rating":1520,"private":0,"password":""}