{"id":"gen9nationaldexubers-1990222207","p1":"CringeWeirdo02","p2":"jayklod","format":"[Gen 9] National Dex Ubers","log":"|j|\u2606CringeWeirdo02\n|j|\u2606jayklod\n|t:|1699939710\n|gametype|singles\n|player|p1|CringeWeirdo02|larry|\n|player|p2|jayklod|ghetsis-gen5bw|\n|teamsize|p1|6\n|teamsize|p2|6\n|gen|9\n|tier|[Gen 9] National Dex Ubers\n|rule|HP Percentage Mod: HP is shown in percentages\n|rule|Endless Battle Clause: Forcing endless battles is banned\n|rule|OHKO Clause: OHKO moves are banned\n|rule|Evasion Moves Clause: Evasion moves are banned\n|rule|Evasion Items Clause: Evasion items are banned\n|rule|Species Clause: Limit one of each Pok\u00e9mon\n|rule|Sleep Clause Mod: Limit one foe put to sleep\n|rule|Mega Rayquaza Clause: You cannot mega evolve Rayquaza\n|clearpoke\n|poke|p1|Runerigus, M|\n|poke|p1|Bastiodon, M|\n|poke|p1|Alcremie-Salted-Cream, F|\n|poke|p1|Hitmonchan, M|\n|poke|p1|Pachirisu, M|\n|poke|p1|Azelf|\n|poke|p2|Mawile, F|\n|poke|p2|Groudon|\n|poke|p2|Diancie|\n|poke|p2|Ditto|\n|poke|p2|Kangaskhan, F|\n|poke|p2|Gigalith, F|\n|teampreview\n|j| fortnight phil\n|\n|t:|1699939722\n|start\n|switch|p1a: Rock\/Steel \ud83d\udc80\ud83e\udd21|Bastiodon, M, shiny|100\/100\n|switch|p2a: pangea|Groudon|100\/100\n|-weather|SunnyDay|[from] ability: Drought|[of] p2a: pangea\n|turn|1\n|c|\u2606CringeWeirdo02|!learn gigalith, rapid spin\n|c| CringeWeirdo02|\/raw <div class=\"infobox\">In [Gen 9] National Dex Ubers, Gigalith <span class=\"message-learn-cannotlearn\">can't<\/span> learn Rapid Spin<\/div>\n|\n|t:|1699939730\n|move|p2a: pangea|Seismic Toss|p1a: Rock\/Steel \ud83d\udc80\ud83e\udd21\n|-damage|p1a: Rock\/Steel \ud83d\udc80\ud83e\udd21|70\/100\n|-damage|p2a: pangea|91\/100|[from] item: Life Orb\n|move|p1a: Rock\/Steel \ud83d\udc80\ud83e\udd21|Counter|p2a: pangea\n|-damage|p2a: pangea|32\/100\n|\n|-weather|SunnyDay|[upkeep]\n|upkeep\n|turn|2\n|\n|t:|1699939741\n|move|p2a: pangea|Precipice Blades|p1a: Rock\/Steel \ud83d\udc80\ud83e\udd21\n|-supereffective|p1a: Rock\/Steel \ud83d\udc80\ud83e\udd21\n|-damage|p1a: Rock\/Steel \ud83d\udc80\ud83e\udd21|0 fnt\n|faint|p1a: Rock\/Steel \ud83d\udc80\ud83e\udd21\n|-damage|p2a: pangea|22\/100|[from] item: Life Orb\n|\n|-weather|SunnyDay|[upkeep]\n|upkeep\n|j| GameKnightXD\n|\n|t:|1699939756\n|switch|p1a: Pizz-Elf|Azelf, shiny|100\/100\n|turn|3\n|\n|t:|1699939767\n|move|p1a: Pizz-Elf|Mystical Power|p2a: pangea\n|-damage|p2a: pangea|0 fnt\n|-boost|p1a: Pizz-Elf|spa|1\n|faint|p2a: pangea\n|\n|-weather|SunnyDay|[upkeep]\n|upkeep\n|\n|t:|1699939774\n|switch|p2a: i got a rock|Gigalith, F|100\/100\n|turn|4\n|\n|t:|1699939781\n|move|p1a: Pizz-Elf|Energy Ball|p2a: i got a rock\n|-supereffective|p2a: i got a rock\n|-damage|p2a: i got a rock|30\/100\n|move|p2a: i got a rock|Toxic|p1a: Pizz-Elf\n|-status|p1a: Pizz-Elf|tox\n|\n|-weather|SunnyDay|[upkeep]\n|-heal|p2a: i got a rock|36\/100|[from] item: Leftovers\n|-damage|p1a: Pizz-Elf|94\/100 tox|[from] psn\n|upkeep\n|turn|5\n|\n|t:|1699939791\n|move|p1a: Pizz-Elf|Energy Ball|p2a: i got a rock\n|-supereffective|p2a: i got a rock\n|-damage|p2a: i got a rock|0 fnt\n|faint|p2a: i got a rock\n|\n|-weather|none\n|-damage|p1a: Pizz-Elf|82\/100 tox|[from] psn\n|upkeep\n|\n|t:|1699939800\n|switch|p2a: sussy imposter|Ditto|100\/100\n|-transform|p2a: sussy imposter|p1a: Pizz-Elf|[from] ability: Imposter\n|turn|6\n|\n|t:|1699939825\n|move|p2a: sussy imposter|Flamethrower|p1a: Pizz-Elf\n|-damage|p1a: Pizz-Elf|35\/100 tox\n|move|p1a: Pizz-Elf|Mystical Power|p2a: sussy imposter|[miss]\n|-miss|p1a: Pizz-Elf|p2a: sussy imposter\n|\n|-damage|p1a: Pizz-Elf|16\/100 tox|[from] psn\n|upkeep\n|turn|7\n|\n|t:|1699939833\n|move|p2a: sussy imposter|Flamethrower|p1a: Pizz-Elf\n|-damage|p1a: Pizz-Elf|0 fnt\n|faint|p1a: Pizz-Elf\n|\n|upkeep\n|\n|t:|1699939842\n|switch|p1a: CrAkron Squirrel|Pachirisu, M, shiny|100\/100\n|turn|8\n|\n|t:|1699939845\n|move|p2a: sussy imposter|Flamethrower|p1a: CrAkron Squirrel\n|-damage|p1a: CrAkron Squirrel|48\/100\n|move|p1a: CrAkron Squirrel|Nuzzle|p2a: sussy imposter\n|-damage|p2a: sussy imposter|95\/100\n|-status|p2a: sussy imposter|par\n|\n|upkeep\n|turn|9\n|\n|t:|1699939854\n|move|p1a: CrAkron Squirrel|Super Fang|p2a: sussy imposter\n|-damage|p2a: sussy imposter|48\/100 par\n|move|p2a: sussy imposter|Flamethrower|p1a: CrAkron Squirrel\n|-damage|p1a: CrAkron Squirrel|0 fnt\n|faint|p1a: CrAkron Squirrel\n|\n|upkeep\n|\n|t:|1699939869\n|switch|p1a: Dad's Kidney Stone|Runerigus, M, shiny|100\/100\n|turn|10\n|\n|t:|1699939935\n|switch|p2a: the maw|Mawile, F|100\/100\n|move|p1a: Dad's Kidney Stone|Stealth Rock|p2a: the maw\n|-sidestart|p2: jayklod|move: Stealth Rock\n|\n|upkeep\n|turn|11\n|\n|t:|1699939941\n|detailschange|p2a: the maw|Mawile-Mega, F\n|-mega|p2a: the maw|Mawile|Mawilite\n|move|p2a: the maw|Ice Punch|p1a: Dad's Kidney Stone\n|-supereffective|p1a: Dad's Kidney Stone\n|-damage|p1a: Dad's Kidney Stone|45\/100\n|-activate|p1a: Dad's Kidney Stone|ability: Wandering Spirit|Huge Power|Wandering Spirit|[of] p2a: the maw\n|move|p1a: Dad's Kidney Stone|Will-O-Wisp|p2a: the maw\n|-status|p2a: the maw|brn\n|\n|-heal|p1a: Dad's Kidney Stone|51\/100|[from] item: Leftovers\n|-damage|p2a: the maw|94\/100 brn|[from] brn\n|upkeep\n|turn|12\n|\n|t:|1699939953\n|move|p2a: the maw|Ice Punch|p1a: Dad's Kidney Stone\n|-supereffective|p1a: Dad's Kidney Stone\n|-damage|p1a: Dad's Kidney Stone|37\/100\n|move|p1a: Dad's Kidney Stone|Toxic Spikes|p2a: the maw\n|-sidestart|p2: jayklod|move: Toxic Spikes\n|\n|-heal|p1a: Dad's Kidney Stone|43\/100|[from] item: Leftovers\n|-damage|p2a: the maw|88\/100 brn|[from] brn\n|upkeep\n|turn|13\n|\n|t:|1699939960\n|move|p2a: the maw|Ice Punch|p1a: Dad's Kidney Stone\n|-supereffective|p1a: Dad's Kidney Stone\n|-damage|p1a: Dad's Kidney Stone|27\/100\n|move|p1a: Dad's Kidney Stone|Toxic Spikes|p2a: the maw\n|-sidestart|p2: jayklod|move: Toxic Spikes\n|\n|-heal|p1a: Dad's Kidney Stone|34\/100|[from] item: Leftovers\n|-damage|p2a: the maw|82\/100 brn|[from] brn\n|upkeep\n|turn|14\n|\n|t:|1699939969\n|move|p2a: the maw|Ice Punch|p1a: Dad's Kidney Stone\n|-supereffective|p1a: Dad's Kidney Stone\n|-damage|p1a: Dad's Kidney Stone|19\/100\n|move|p1a: Dad's Kidney Stone|Body Press|p2a: the maw\n|-damage|p2a: the maw|8\/100 brn\n|-activate|p2a: the maw|ability: Wandering Spirit|Huge Power|Wandering Spirit|[of] p1a: Dad's Kidney Stone\n|\n|-heal|p1a: Dad's Kidney Stone|25\/100|[from] item: Leftovers\n|-damage|p2a: the maw|2\/100 brn|[from] brn\n|upkeep\n|turn|15\n|\n|t:|1699939981\n|move|p2a: the maw|Ice Punch|p1a: Dad's Kidney Stone\n|-supereffective|p1a: Dad's Kidney Stone\n|-damage|p1a: Dad's Kidney Stone|0 fnt\n|-activate|p1a: Dad's Kidney Stone|ability: Wandering Spirit|Huge Power|Wandering Spirit|[of] p2a: the maw\n|faint|p1a: Dad's Kidney Stone\n|\n|-damage|p2a: the maw|0 fnt|[from] brn\n|faint|p2a: the maw\n|upkeep\n|\n|t:|1699939999\n|switch|p2a: sussy imposter|Ditto|48\/100 par\n|switch|p1a: Chris Brown|Hitmonchan, M|100\/100\n|-damage|p2a: sussy imposter|36\/100 par|[from] Stealth Rock\n|-transform|p2a: sussy imposter|p1a: Chris Brown|[from] ability: Imposter\n|turn|16\n|\n|t:|1699940016\n|move|p1a: Chris Brown|Power-Up Punch|p2a: sussy imposter\n|-damage|p2a: sussy imposter|2\/100 par\n|-boost|p1a: Chris Brown|atk|1\n|move|p2a: sussy imposter|Ice Punch|p1a: Chris Brown\n|-damage|p1a: Chris Brown|61\/100\n|\n|upkeep\n|turn|17\n|\n|t:|1699940023\n|move|p1a: Chris Brown|Power-Up Punch|p2a: sussy imposter\n|-damage|p2a: sussy imposter|0 fnt\n|-boost|p1a: Chris Brown|atk|1\n|faint|p2a: sussy imposter\n|\n|upkeep\n|\n|t:|1699940028\n|switch|p2a: mom|Kangaskhan, F|100\/100\n|-damage|p2a: mom|88\/100|[from] Stealth Rock\n|-status|p2a: mom|tox\n|turn|18\n|\n|t:|1699940033\n|move|p2a: mom|Fake Out|p1a: Chris Brown\n|-damage|p1a: Chris Brown|38\/100\n|cant|p1a: Chris Brown|flinch\n|\n|-damage|p2a: mom|82\/100 tox|[from] psn\n|upkeep\n|turn|19\n|\n|t:|1699940048\n|move|p2a: mom|Double-Edge|p1a: Chris Brown\n|-damage|p1a: Chris Brown|0 fnt\n|faint|p1a: Chris Brown\n|-damage|p2a: mom|71\/100 tox|[from] Recoil\n|\n|-damage|p2a: mom|59\/100 tox|[from] psn\n|upkeep\n|\n|t:|1699940054\n|switch|p1a: Cream \ud83e\udd24\ud83d\ude29|Alcremie-Salted-Cream, F|100\/100\n|turn|20\n|\n|t:|1699940060\n|move|p2a: mom|Double-Edge|p1a: Cream \ud83e\udd24\ud83d\ude29\n|-damage|p1a: Cream \ud83e\udd24\ud83d\ude29|52\/100\n|-damage|p2a: mom|44\/100 tox|[from] Recoil\n|move|p1a: Cream \ud83e\udd24\ud83d\ude29|Acid Armor|p1a: Cream \ud83e\udd24\ud83d\ude29\n|-boost|p1a: Cream \ud83e\udd24\ud83d\ude29|def|2\n|\n|-damage|p2a: mom|26\/100 tox|[from] psn\n|upkeep\n|turn|21\n|\n|t:|1699940074\n|move|p2a: mom|Double-Edge|p1a: Cream \ud83e\udd24\ud83d\ude29\n|-damage|p1a: Cream \ud83e\udd24\ud83d\ude29|29\/100\n|-enditem|p1a: Cream \ud83e\udd24\ud83d\ude29|Sitrus Berry|[eat]\n|-heal|p1a: Cream \ud83e\udd24\ud83d\ude29|54\/100|[from] item: Sitrus Berry\n|-damage|p2a: mom|19\/100 tox|[from] Recoil\n|move|p1a: Cream \ud83e\udd24\ud83d\ude29|Draining Kiss|p2a: mom\n|-damage|p2a: mom|0 fnt\n|-heal|p1a: Cream \ud83e\udd24\ud83d\ude29|69\/100|[from] drain|[of] p2a: mom\n|faint|p2a: mom\n|\n|upkeep\n|\n|t:|1699940084\n|switch|p2a: terrible movie|Diancie|100\/100\n|-damage|p2a: terrible movie|88\/100|[from] Stealth Rock\n|-status|p2a: terrible movie|tox\n|turn|22\n|\n|t:|1699940091\n|move|p1a: Cream \ud83e\udd24\ud83d\ude29|Calm Mind|p1a: Cream \ud83e\udd24\ud83d\ude29\n|-boost|p1a: Cream \ud83e\udd24\ud83d\ude29|spa|1\n|-boost|p1a: Cream \ud83e\udd24\ud83d\ude29|spd|1\n|move|p2a: terrible movie|Flash Cannon|p1a: Cream \ud83e\udd24\ud83d\ude29\n|-supereffective|p1a: Cream \ud83e\udd24\ud83d\ude29\n|-crit|p1a: Cream \ud83e\udd24\ud83d\ude29\n|-damage|p1a: Cream \ud83e\udd24\ud83d\ude29|0 fnt\n|faint|p1a: Cream \ud83e\udd24\ud83d\ude29\n|\n|win|jayklod\n|l|\u2606CringeWeirdo02\n|l|\u2606jayklod\n|l| GameKnightXD\n","uploadtime":1699940106,"views":23,"p1id":"cringeweirdo02","p2id":"jayklod","formatid":"gen9nationaldexubers","rating":0,"private":0,"password":""}