{"id":"gen9nationaldexubers-1986663790","p1":"LeaderMagnus","p2":"Magegirl Kate","format":"[Gen 9] National Dex Ubers","log":"|j|\u2606LeaderMagnus\n|j|\u2606Magegirl Kate\n|t:|1699504300\n|gametype|singles\n|player|p1|LeaderMagnus|lucas|1055\n|player|p2|Magegirl Kate|aromalady|1148\n|teamsize|p1|6\n|teamsize|p2|6\n|gen|9\n|tier|[Gen 9] National Dex Ubers\n|rated|\n|rule|HP Percentage Mod: HP is shown in percentages\n|rule|Endless Battle Clause: Forcing endless battles is banned\n|rule|OHKO Clause: OHKO moves are banned\n|rule|Evasion Moves Clause: Evasion moves are banned\n|rule|Evasion Items Clause: Evasion items are banned\n|rule|Species Clause: Limit one of each Pok\u00e9mon\n|rule|Sleep Clause Mod: Limit one foe put to sleep\n|rule|Mega Rayquaza Clause: You cannot mega evolve Rayquaza\n|clearpoke\n|poke|p1|Rayquaza|\n|poke|p1|Groudon|\n|poke|p1|Chien-Pao|\n|poke|p1|Ho-Oh|\n|poke|p1|Dragapult, F|\n|poke|p1|Kyogre|\n|poke|p2|Ninetales-Alola, F|\n|poke|p2|Manaphy|\n|poke|p2|Diancie|\n|poke|p2|Celesteela|\n|poke|p2|Lilligant, F|\n|poke|p2|Ho-Oh|\n|teampreview\n|\n|t:|1699504306\n|start\n|switch|p1a: Groudon|Groudon|100\/100\n|switch|p2a: Diancie|Diancie|100\/100\n|detailschange|p1a: Groudon|Groudon-Primal\n|-primal|p1a: Groudon|Red Orb\n|-weather|DesolateLand|[from] ability: Desolate Land|[of] p1a: Groudon\n|turn|1\n|\n|t:|1699504330\n|-weather|none\n|switch|p1a: Kyogre|Kyogre|100\/100\n|detailschange|p1a: Kyogre|Kyogre-Primal\n|-primal|p1a: Kyogre|Blue Orb\n|-weather|PrimordialSea|[from] ability: Primordial Sea|[of] p1a: Kyogre\n|switch|p2a: Ho-Oh|Ho-Oh|100\/100\n|\n|-weather|PrimordialSea|[upkeep]\n|upkeep\n|turn|2\n|\n|t:|1699504347\n|switch|p2a: Manaphy|Manaphy|100\/100\n|move|p1a: Kyogre|Thunder|p2a: Manaphy\n|-supereffective|p2a: Manaphy\n|-damage|p2a: Manaphy|0 fnt\n|faint|p2a: Manaphy\n|\n|-weather|PrimordialSea|[upkeep]\n|upkeep\n|\n|t:|1699504357\n|switch|p2a: Lilligant|Lilligant, F|100\/100\n|turn|3\n|\n|t:|1699504364\n|-weather|none\n|switch|p1a: Rayquaza|Rayquaza|100\/100\n|-ability|p1a: Rayquaza|Air Lock\n|move|p2a: Lilligant|Stun Spore|p1a: Rayquaza|[miss]\n|-miss|p2a: Lilligant|p1a: Rayquaza\n|\n|upkeep\n|turn|4\n|\n|t:|1699504375\n|move|p1a: Rayquaza|Dragon Ascent|p2a: Lilligant\n|-supereffective|p2a: Lilligant\n|-damage|p2a: Lilligant|0 fnt\n|-unboost|p1a: Rayquaza|def|1\n|-unboost|p1a: Rayquaza|spd|1\n|-enditem|p1a: Rayquaza|White Herb\n|-clearnegativeboost|p1a: Rayquaza|[silent]\n|faint|p2a: Lilligant\n|\n|upkeep\n|\n|t:|1699504385\n|switch|p2a: Diancie|Diancie|100\/100\n|turn|5\n|\n|t:|1699504393\n|detailschange|p2a: Diancie|Diancie-Mega\n|-mega|p2a: Diancie|Diancie|Diancite\n|-terastallize|p1a: Rayquaza|Normal\n|move|p2a: Diancie|Diamond Storm|p1a: Rayquaza\n|-damage|p1a: Rayquaza|42\/100\n|move|p1a: Rayquaza|Earthquake|p2a: Diancie\n|-supereffective|p2a: Diancie\n|-damage|p2a: Diancie|0 fnt\n|faint|p2a: Diancie\n|\n|upkeep\n|\n|t:|1699504413\n|switch|p2a: Ninetales|Ninetales-Alola, F|100\/100\n|-weather|Snow|[from] ability: Snow Warning|[of] p2a: Ninetales\n|turn|6\n|\n|t:|1699504421\n|-zpower|p2a: Ninetales\n|move|p2a: Ninetales|Subzero Slammer|p1a: Rayquaza|[zeffect]\n|-damage|p1a: Rayquaza|0 fnt\n|faint|p1a: Rayquaza\n|\n|-weather|Snow|[upkeep]\n|upkeep\n|\n|t:|1699504433\n|switch|p1a: Ho-Oh|Ho-Oh|100\/100\n|turn|7\n|\n|t:|1699504440\n|switch|p2a: Ho-Oh|Ho-Oh|100\/100\n|move|p1a: Ho-Oh|Flare Blitz|p2a: Ho-Oh\n|-resisted|p2a: Ho-Oh\n|-damage|p2a: Ho-Oh|58\/100\n|-damage|p1a: Ho-Oh|84\/100|[from] Recoil\n|-damage|p1a: Ho-Oh|74\/100|[from] item: Life Orb\n|\n|-weather|Snow|[upkeep]\n|upkeep\n|turn|8\n|\n|t:|1699504454\n|switch|p1a: Groudon|Groudon-Primal|100\/100\n|-weather|DesolateLand|[from] ability: Desolate Land|[of] p1a: Groudon\n|move|p2a: Ho-Oh|Ancient Power|p1a: Groudon\n|-damage|p1a: Groudon|79\/100\n|\n|-weather|DesolateLand|[upkeep]\n|upkeep\n|turn|9\n|\n|t:|1699504466\n|-terastallize|p2a: Ho-Oh|Rock\n|move|p1a: Groudon|Rock Polish|p1a: Groudon\n|-boost|p1a: Groudon|spe|2\n|move|p2a: Ho-Oh|Scorching Sands|p1a: Groudon\n|-supereffective|p1a: Groudon\n|-damage|p1a: Groudon|31\/100\n|\n|-weather|DesolateLand|[upkeep]\n|upkeep\n|turn|10\n|\n|t:|1699504478\n|move|p1a: Groudon|Earthquake|p2a: Ho-Oh\n|-supereffective|p2a: Ho-Oh\n|-damage|p2a: Ho-Oh|0 fnt\n|faint|p2a: Ho-Oh\n|\n|-weather|DesolateLand|[upkeep]\n|upkeep\n|\n|t:|1699504490\n|switch|p2a: Ninetales|Ninetales-Alola, F|100\/100\n|-ability|p2a: Ninetales|Snow Warning|[from] desolateland|[fail]\n|turn|11\n|\n|t:|1699504504\n|move|p1a: Groudon|Fire Punch|p2a: Ninetales\n|-supereffective|p2a: Ninetales\n|-damage|p2a: Ninetales|0 fnt\n|faint|p2a: Ninetales\n|\n|-weather|DesolateLand|[upkeep]\n|upkeep\n|\n|t:|1699504509\n|switch|p2a: Celesteela|Celesteela, shiny|100\/100\n|turn|12\n|\n|t:|1699504514\n|move|p1a: Groudon|Fire Punch|p2a: Celesteela\n|-supereffective|p2a: Celesteela\n|-damage|p2a: Celesteela|0 fnt\n|faint|p2a: Celesteela\n|\n|win|LeaderMagnus\n|raw|LeaderMagnus's rating: 1055 &rarr; <strong>1095<\/strong><br \/>(+40 for winning)\n|raw|Magegirl Kate's rating: 1148 &rarr; <strong>1116<\/strong><br \/>(-32 for losing)\n|c|\u2606Magegirl Kate|Gg\n","uploadtime":1699504523,"views":5,"p1id":"leadermagnus","p2id":"magegirlkate","formatid":"gen9nationaldexubers","rating":1095,"private":0,"password":""}