{"id":"gen9nationaldexubers-1986834165","p1":"Breeze88","p2":"16sunas","format":"[Gen 9] National Dex Ubers","log":"|j|\u2606Breeze88\n|j|\u260616sunas\n|t:|1699531898\n|gametype|singles\n|player|p1|Breeze88|steven|1695\n|player|p2|16sunas|1|1671\n|teamsize|p1|6\n|teamsize|p2|6\n|gen|9\n|tier|[Gen 9] National Dex Ubers\n|rated|\n|rule|HP Percentage Mod: HP is shown in percentages\n|rule|Endless Battle Clause: Forcing endless battles is banned\n|rule|OHKO Clause: OHKO moves are banned\n|rule|Evasion Moves Clause: Evasion moves are banned\n|rule|Evasion Items Clause: Evasion items are banned\n|rule|Species Clause: Limit one of each Pok\u00e9mon\n|rule|Sleep Clause Mod: Limit one foe put to sleep\n|rule|Mega Rayquaza Clause: You cannot mega evolve Rayquaza\n|clearpoke\n|poke|p1|Shuckle, F|\n|poke|p1|Necrozma-Dusk-Mane|\n|poke|p1|Yveltal|\n|poke|p1|Groudon|\n|poke|p1|Kyogre|\n|poke|p1|Xerneas-*|\n|poke|p2|Deoxys-Speed|\n|poke|p2|Arceus|\n|poke|p2|Groudon|\n|poke|p2|Xerneas-*|\n|poke|p2|Kyurem-Black|\n|poke|p2|Necrozma-Dusk-Mane|\n|teampreview\n|inactive|Battle timer is ON: inactive players will automatically lose when time's up. (requested by Breeze88)\n|inactive|16sunas also wants the timer to be on.\n|c|\u2606Breeze88|glhf\n|\n|t:|1699531914\n|start\n|switch|p1a: Shuckle|Shuckle, F, shiny|100\/100\n|switch|p2a: Deoxys|Deoxys-Speed|100\/100\n|-ability|p2a: Deoxys|Pressure\n|turn|1\n|\n|t:|1699531935\n|move|p2a: Deoxys|Magic Coat|p2a: Deoxys\n|-singleturn|p2a: Deoxys|move: Magic Coat\n|move|p1a: Shuckle|Encore|p2a: Deoxys\n|move|p2a: Deoxys|Encore||[from]Magic Coat|[still]\n|-fail|p2a: Deoxys\n|\n|upkeep\n|turn|2\n|\n|t:|1699531941\n|move|p2a: Deoxys|Magic Coat|p2a: Deoxys\n|-singleturn|p2a: Deoxys|move: Magic Coat\n|move|p1a: Shuckle|Knock Off|p2a: Deoxys\n|-supereffective|p2a: Deoxys\n|-damage|p2a: Deoxys|86\/100\n|-enditem|p2a: Deoxys|Focus Sash|[from] move: Knock Off|[of] p1a: Shuckle\n|\n|upkeep\n|turn|3\n|c|\u260616sunas|you too\n|c|\u2606Breeze88|thx\n|c|\u260616sunas|sorry didnt see the message lol\n|\n|t:|1699531951\n|move|p2a: Deoxys|Magic Coat|p2a: Deoxys\n|-singleturn|p2a: Deoxys|move: Magic Coat\n|move|p1a: Shuckle|Encore|p2a: Deoxys\n|move|p2a: Deoxys|Encore||[from]Magic Coat|[still]\n|-fail|p2a: Deoxys\n|\n|upkeep\n|turn|4\n|c|\u2606Breeze88|It's fine\n|\n|t:|1699531958\n|move|p2a: Deoxys|Taunt|p1a: Shuckle\n|-start|p1a: Shuckle|move: Taunt\n|-enditem|p1a: Shuckle|Mental Herb\n|-end|p1a: Shuckle|move: Taunt\n|move|p1a: Shuckle|Knock Off|p2a: Deoxys\n|-supereffective|p2a: Deoxys\n|-damage|p2a: Deoxys|77\/100\n|\n|upkeep\n|turn|5\n|\n|t:|1699531965\n|move|p2a: Deoxys|Taunt|p1a: Shuckle\n|-start|p1a: Shuckle|move: Taunt\n|cant|p1a: Shuckle|move: Taunt|Sticky Web\n|\n|upkeep\n|turn|6\n|\n|t:|1699531970\n|switch|p1a: Yveltal|Yveltal, shiny|100\/100\n|-ability|p1a: Yveltal|Dark Aura\n|move|p2a: Deoxys|Stealth Rock|p1a: Yveltal\n|-sidestart|p1: Breeze88|move: Stealth Rock\n|\n|upkeep\n|turn|7\n|\n|t:|1699531976\n|move|p2a: Deoxys|Taunt|p1a: Yveltal\n|-start|p1a: Yveltal|move: Taunt\n|move|p1a: Yveltal|Dark Pulse|p2a: Deoxys\n|-supereffective|p2a: Deoxys\n|-damage|p2a: Deoxys|0 fnt\n|faint|p2a: Deoxys\n|\n|upkeep\n|\n|t:|1699531984\n|switch|p2a: Kyurem|Kyurem-Black|100\/100\n|-ability|p2a: Kyurem|Teravolt\n|turn|8\n|\n|t:|1699532000\n|-terastallize|p1a: Yveltal|Dark\n|move|p1a: Yveltal|Dark Pulse|p2a: Kyurem\n|-damage|p2a: Kyurem|33\/100\n|move|p2a: Kyurem|Dragon Dance|p2a: Kyurem\n|-boost|p2a: Kyurem|atk|1\n|-boost|p2a: Kyurem|spe|1\n|\n|upkeep\n|turn|9\n|\n|t:|1699532008\n|move|p1a: Yveltal|Sucker Punch|p2a: Kyurem\n|-damage|p2a: Kyurem|0 fnt\n|faint|p2a: Kyurem\n|\n|-end|p1a: Yveltal|move: Taunt\n|upkeep\n|c|\u260616sunas|i knew i should have gone for roost\n|c|\u260616sunas|sob\n|\n|t:|1699532018\n|switch|p2a: Arceus|Arceus|100\/100\n|turn|10\n|\n|t:|1699532023\n|move|p2a: Arceus|Extreme Speed|p1a: Yveltal\n|-damage|p1a: Yveltal|53\/100\n|move|p1a: Yveltal|Taunt|p2a: Arceus\n|-start|p2a: Arceus|move: Taunt\n|\n|upkeep\n|turn|11\n|\n|t:|1699532029\n|move|p2a: Arceus|Extreme Speed|p1a: Yveltal\n|-damage|p1a: Yveltal|3\/100\n|move|p1a: Yveltal|Dark Pulse|p2a: Arceus\n|-damage|p2a: Arceus|52\/100\n|\n|upkeep\n|turn|12\n|\n|t:|1699532035\n|move|p2a: Arceus|Extreme Speed|p1a: Yveltal\n|-damage|p1a: Yveltal|0 fnt\n|faint|p1a: Yveltal\n|\n|upkeep\n|\n|t:|1699532044\n|switch|p1a: Shuckle|Shuckle, F, shiny|100\/100\n|-damage|p1a: Shuckle|75\/100|[from] Stealth Rock\n|turn|13\n|\n|t:|1699532048\n|move|p2a: Arceus|Shadow Claw|p1a: Shuckle\n|-damage|p1a: Shuckle|62\/100\n|move|p1a: Shuckle|Sticky Web|p2a: Arceus\n|-sidestart|p2: 16sunas|move: Sticky Web\n|\n|-end|p2a: Arceus|move: Taunt\n|upkeep\n|turn|14\n|\n|t:|1699532054\n|move|p2a: Arceus|Taunt|p1a: Shuckle\n|-start|p1a: Shuckle|move: Taunt\n|cant|p1a: Shuckle|move: Taunt|Encore\n|\n|upkeep\n|turn|15\n|\n|t:|1699532069\n|switch|p2a: Groudon|Groudon|100\/100\n|-activate|p2a: Groudon|move: Sticky Web\n|-unboost|p2a: Groudon|spe|1\n|detailschange|p2a: Groudon|Groudon-Primal\n|-primal|p2a: Groudon|Red Orb\n|-weather|DesolateLand|[from] ability: Desolate Land|[of] p2a: Groudon\n|switch|p1a: Nebbychadnezzar|Necrozma-Dusk-Mane, shiny|100\/100\n|-damage|p1a: Nebbychadnezzar|94\/100|[from] Stealth Rock\n|\n|-weather|DesolateLand|[upkeep]\n|upkeep\n|turn|16\n|\n|t:|1699532080\n|move|p1a: Nebbychadnezzar|Swords Dance|p1a: Nebbychadnezzar\n|-boost|p1a: Nebbychadnezzar|atk|2\n|move|p2a: Groudon|Rock Polish|p2a: Groudon\n|-boost|p2a: Groudon|spe|2\n|\n|-weather|DesolateLand|[upkeep]\n|upkeep\n|turn|17\n|\n|t:|1699532092\n|detailschange|p1a: Nebbychadnezzar|Necrozma-Ultra, shiny\n|-burst|p1a: Nebbychadnezzar|Necrozma|Ultranecrozium Z\n|move|p2a: Groudon|Precipice Blades|p1a: Nebbychadnezzar\n|-damage|p1a: Nebbychadnezzar|19\/100\n|move|p1a: Nebbychadnezzar|Earthquake|p2a: Groudon\n|-supereffective|p2a: Groudon\n|-damage|p2a: Groudon|0 fnt\n|faint|p2a: Groudon\n|-weather|none\n|\n|upkeep\n|\n|t:|1699532102\n|switch|p2a: Arceus|Arceus|52\/100\n|-activate|p2a: Arceus|move: Sticky Web\n|-unboost|p2a: Arceus|spe|1\n|turn|18\n|\n|t:|1699532106\n|move|p2a: Arceus|Extreme Speed|p1a: Nebbychadnezzar\n|-damage|p1a: Nebbychadnezzar|0 fnt\n|faint|p1a: Nebbychadnezzar\n|\n|upkeep\n|\n|t:|1699532119\n|switch|p1a: Kyogre|Kyogre|100\/100\n|-damage|p1a: Kyogre|88\/100|[from] Stealth Rock\n|detailschange|p1a: Kyogre|Kyogre-Primal\n|-primal|p1a: Kyogre|Blue Orb\n|-weather|PrimordialSea|[from] ability: Primordial Sea|[of] p1a: Kyogre\n|turn|19\n|\n|t:|1699532126\n|move|p2a: Arceus|Extreme Speed|p1a: Kyogre\n|-damage|p1a: Kyogre|35\/100\n|move|p1a: Kyogre|Origin Pulse|p2a: Arceus\n|-damage|p2a: Arceus|0 fnt\n|faint|p2a: Arceus\n|\n|-weather|PrimordialSea|[upkeep]\n|upkeep\n|\n|t:|1699532136\n|switch|p2a: Necrozma|Necrozma-Dusk-Mane|100\/100\n|-activate|p2a: Necrozma|move: Sticky Web\n|-unboost|p2a: Necrozma|spe|1\n|turn|20\n|\n|t:|1699532146\n|move|p1a: Kyogre|Origin Pulse|p2a: Necrozma\n|-damage|p2a: Necrozma|0 fnt\n|faint|p2a: Necrozma\n|\n|-weather|PrimordialSea|[upkeep]\n|upkeep\n|\n|t:|1699532150\n|switch|p2a: Xerneas|Xerneas|100\/100\n|-activate|p2a: Xerneas|move: Sticky Web\n|-unboost|p2a: Xerneas|spe|1\n|-ability|p2a: Xerneas|Fairy Aura\n|turn|21\n|c|\u260616sunas|tried to read ice beam\n|c|\u260616sunas|gg\n|\n|t:|1699532156\n|move|p1a: Kyogre|Origin Pulse|p2a: Xerneas|[miss]\n|-miss|p1a: Kyogre|p2a: Xerneas\n|move|p2a: Xerneas|Geomancy||[still]\n|-prepare|p2a: Xerneas|Geomancy\n|-enditem|p2a: Xerneas|Power Herb\n|-anim|p2a: Xerneas|Geomancy|p2a: Xerneas\n|-boost|p2a: Xerneas|spa|2\n|-boost|p2a: Xerneas|spd|2\n|-boost|p2a: Xerneas|spe|2\n|\n|-weather|PrimordialSea|[upkeep]\n|upkeep\n|turn|22\n|c|\u2606Breeze88|thx\n|c|\u260616sunas|wait\n|c|\u260616sunas|uh\n|\n|t:|1699532166\n|move|p2a: Xerneas|Substitute|p2a: Xerneas\n|-start|p2a: Xerneas|Substitute\n|-damage|p2a: Xerneas|76\/100\n|move|p1a: Kyogre|Origin Pulse|p2a: Xerneas\n|-end|p2a: Xerneas|Substitute\n|\n|-weather|PrimordialSea|[upkeep]\n|upkeep\n|turn|23\n|\n|t:|1699532179\n|move|p2a: Xerneas|Substitute|p2a: Xerneas\n|-start|p2a: Xerneas|Substitute\n|-damage|p2a: Xerneas|51\/100\n|move|p1a: Kyogre|Origin Pulse|p2a: Xerneas\n|-end|p2a: Xerneas|Substitute\n|\n|-weather|PrimordialSea|[upkeep]\n|upkeep\n|turn|24\n|\n|t:|1699532189\n|move|p2a: Xerneas|Substitute|p2a: Xerneas\n|-start|p2a: Xerneas|Substitute\n|-damage|p2a: Xerneas|26\/100\n|move|p1a: Kyogre|Origin Pulse|p2a: Xerneas\n|-end|p2a: Xerneas|Substitute\n|\n|-weather|PrimordialSea|[upkeep]\n|upkeep\n|turn|25\n|\n|t:|1699532195\n|move|p2a: Xerneas|Substitute|p2a: Xerneas\n|-start|p2a: Xerneas|Substitute\n|-damage|p2a: Xerneas|1\/100\n|move|p1a: Kyogre|Origin Pulse|p2a: Xerneas\n|-end|p2a: Xerneas|Substitute\n|\n|-weather|PrimordialSea|[upkeep]\n|upkeep\n|turn|26\n|c|\u260616sunas|dammit\n|c|\u260616sunas|gg\n|\n|t:|1699532202\n|-terastallize|p2a: Xerneas|Electric\n|move|p2a: Xerneas|Thunder|p1a: Kyogre\n|-supereffective|p1a: Kyogre\n|-damage|p1a: Kyogre|0 fnt\n|faint|p1a: Kyogre\n|-weather|none\n|\n|upkeep\n|\n|t:|1699532207\n|switch|p1a: Shuckle|Shuckle, F, shiny|62\/100\n|-damage|p1a: Shuckle|37\/100|[from] Stealth Rock\n|turn|27\n|\n|t:|1699532211\n|move|p2a: Xerneas|Moonblast|p1a: Shuckle\n|-damage|p1a: Shuckle|0 fnt\n|faint|p1a: Shuckle\n|\n|upkeep\n|\n|t:|1699532215\n|switch|p1a: Xerneas|Xerneas, shiny|100\/100\n|-damage|p1a: Xerneas|88\/100|[from] Stealth Rock\n|-ability|p1a: Xerneas|Fairy Aura\n|turn|28\n|\n|t:|1699532219\n|move|p2a: Xerneas|Moonblast|p1a: Xerneas\n|-damage|p1a: Xerneas|0 fnt\n|faint|p1a: Xerneas\n|\n|upkeep\n|\n|t:|1699532222\n|switch|p1a: Chopin|Groudon|100\/100\n|-damage|p1a: Chopin|94\/100|[from] Stealth Rock\n|detailschange|p1a: Chopin|Groudon-Primal\n|-primal|p1a: Chopin|Red Orb\n|-weather|DesolateLand|[from] ability: Desolate Land|[of] p1a: Chopin\n|turn|29\n|\n|t:|1699532229\n|move|p2a: Xerneas|Moonblast|p1a: Chopin\n|-resisted|p1a: Chopin\n|-damage|p1a: Chopin|21\/100\n|move|p1a: Chopin|Eruption|p2a: Xerneas\n|-damage|p2a: Xerneas|0 fnt\n|faint|p2a: Xerneas\n|\n|win|Breeze88\n|raw|Breeze88's rating: 1695 &rarr; <strong>1714<\/strong><br \/>(+19 for winning)\n|raw|16sunas's rating: 1671 &rarr; <strong>1652<\/strong><br \/>(-19 for losing)\n|c|\u2606Breeze88|ggwp\n|c|\u260616sunas|you too\n|c|\u2606Breeze88|thx\n|l|\u260616sunas\n|c|\u2606Breeze88|I was not sure if I lived that\n|l|\u2606Breeze88\n","uploadtime":1699532240,"views":5,"p1id":"breeze88","p2id":"16sunas","formatid":"gen9nationaldexubers","rating":1652,"private":0,"password":""}