{"id":"gen9nationaldexubers-1989776130","p1":"vailorn","p2":"Szymszym134","format":"[Gen 9] National Dex Ubers","log":"|j|\u2606vailorn\n|j|\u2606Szymszym134\n|t:|1699894764\n|gametype|singles\n|player|p1|vailorn|rood|1508\n|player|p2|Szymszym134|elesa|1583\n|teamsize|p1|6\n|teamsize|p2|6\n|gen|9\n|tier|[Gen 9] National Dex Ubers\n|rated|\n|rule|HP Percentage Mod: HP is shown in percentages\n|rule|Endless Battle Clause: Forcing endless battles is banned\n|rule|OHKO Clause: OHKO moves are banned\n|rule|Evasion Moves Clause: Evasion moves are banned\n|rule|Evasion Items Clause: Evasion items are banned\n|rule|Species Clause: Limit one of each Pok\u00e9mon\n|rule|Sleep Clause Mod: Limit one foe put to sleep\n|rule|Mega Rayquaza Clause: You cannot mega evolve Rayquaza\n|clearpoke\n|poke|p1|Giratina|\n|poke|p1|Dondozo, F|\n|poke|p1|Chansey, F|\n|poke|p1|Tyranitar, M|\n|poke|p1|Ho-Oh|\n|poke|p1|Mewtwo|\n|poke|p2|Mewtwo|\n|poke|p2|Kingambit, F|\n|poke|p2|Garganacl, M|\n|poke|p2|Arceus-Ground|\n|poke|p2|Ditto|\n|poke|p2|Kyurem-Black|\n|teampreview\n|inactive|Battle timer is ON: inactive players will automatically lose when time's up. (requested by Szymszym134)\n|c|\u2606Szymszym134|Hamster?\n|\n|t:|1699894782\n|start\n|switch|p1a: Tyranitar|Tyranitar, M, shiny|100\/100\n|switch|p2a: Arceus|Arceus-Ground|100\/100\n|-weather|Sandstorm|[from] ability: Sand Stream|[of] p1a: Tyranitar\n|turn|1\n|c|\u2606vailorn|just hamster's team\n|c|\u2606vailorn|:]\n|\n|t:|1699894800\n|detailschange|p1a: Tyranitar|Tyranitar-Mega, M, shiny\n|-mega|p1a: Tyranitar|Tyranitar|Tyranitarite\n|move|p2a: Arceus|Toxic|p1a: Tyranitar\n|-status|p1a: Tyranitar|tox\n|move|p1a: Tyranitar|Stealth Rock|p2a: Arceus\n|-sidestart|p2: Szymszym134|move: Stealth Rock\n|\n|-weather|Sandstorm|[upkeep]\n|-damage|p1a: Tyranitar|94\/100 tox|[from] psn\n|upkeep\n|turn|2\n|c|\u2606Szymszym134|Ok\n|\n|t:|1699894806\n|move|p2a: Arceus|Defog|p1a: Tyranitar\n|-unboost|p1a: Tyranitar|evasion|1\n|-sideend|p2: Szymszym134|Stealth Rock|[from] move: Defog|[of] p2a: Arceus\n|move|p1a: Tyranitar|Toxic|p2a: Arceus\n|-status|p2a: Arceus|tox\n|\n|-weather|Sandstorm|[upkeep]\n|-damage|p2a: Arceus|94\/100 tox|[from] psn\n|-damage|p1a: Tyranitar|82\/100 tox|[from] psn\n|upkeep\n|turn|3\n|\n|t:|1699894820\n|switch|p1a: Chansey|Chansey, F, shiny|100\/100\n|move|p2a: Arceus|Judgment|p1a: Chansey\n|-damage|p1a: Chansey|88\/100\n|\n|-weather|Sandstorm|[upkeep]\n|-damage|p1a: Chansey|82\/100|[from] Sandstorm\n|-damage|p2a: Arceus|82\/100 tox|[from] psn\n|upkeep\n|turn|4\n|\n|t:|1699894823\n|switch|p2a: Garganacl|Garganacl, M|100\/100\n|move|p1a: Chansey|Heal Bell|p1a: Chansey\n|-activate|p1a: Chansey|move: Heal Bell\n|-curestatus|p1: Tyranitar|tox|[msg]\n|\n|-weather|Sandstorm|[upkeep]\n|-damage|p1a: Chansey|76\/100|[from] Sandstorm\n|upkeep\n|turn|5\n|inactive|vailorn has 120 seconds left.\n|\n|t:|1699894871\n|switch|p1a: Dondozo|Dondozo, F, shiny|100\/100\n|move|p2a: Garganacl|Salt Cure|p1a: Dondozo\n|-damage|p1a: Dondozo|94\/100\n|-start|p1a: Dondozo|Salt Cure\n|\n|-weather|none\n|-heal|p1a: Dondozo|99\/100|[from] item: Leftovers\n|-damage|p1a: Dondozo|75\/100|[from] Salt Cure\n|upkeep\n|turn|6\n|\n|t:|1699894875\n|-terastallize|p1a: Dondozo|Fairy\n|move|p1a: Dondozo|Curse|p1a: Dondozo\n|-unboost|p1a: Dondozo|spe|1\n|-boost|p1a: Dondozo|atk|1\n|-boost|p1a: Dondozo|def|1\n|move|p2a: Garganacl|Stealth Rock|p1a: Dondozo\n|-sidestart|p1: vailorn|move: Stealth Rock\n|\n|-heal|p1a: Dondozo|81\/100|[from] item: Leftovers\n|-damage|p1a: Dondozo|69\/100|[from] Salt Cure\n|upkeep\n|turn|7\n|\n|t:|1699894887\n|move|p2a: Garganacl|Salt Cure|p1a: Dondozo\n|-damage|p1a: Dondozo|64\/100\n|move|p1a: Dondozo|Liquidation|p2a: Garganacl\n|-supereffective|p2a: Garganacl\n|-damage|p2a: Garganacl|50\/100\n|\n|-heal|p2a: Garganacl|56\/100|[from] item: Leftovers\n|-heal|p1a: Dondozo|70\/100|[from] item: Leftovers\n|-damage|p1a: Dondozo|58\/100|[from] Salt Cure\n|upkeep\n|turn|8\n|\n|t:|1699894898\n|move|p2a: Garganacl|Recover|p2a: Garganacl\n|-heal|p2a: Garganacl|100\/100\n|move|p1a: Dondozo|Curse|p1a: Dondozo\n|-unboost|p1a: Dondozo|spe|1\n|-boost|p1a: Dondozo|atk|1\n|-boost|p1a: Dondozo|def|1\n|\n|-heal|p1a: Dondozo|64\/100|[from] item: Leftovers\n|-damage|p1a: Dondozo|51\/100|[from] Salt Cure\n|upkeep\n|turn|9\n|\n|t:|1699894904\n|move|p2a: Garganacl|Protect|p2a: Garganacl\n|-singleturn|p2a: Garganacl|Protect\n|move|p1a: Dondozo|Liquidation|p2a: Garganacl\n|-activate|p2a: Garganacl|move: Protect\n|\n|-heal|p1a: Dondozo|58\/100|[from] item: Leftovers\n|-damage|p1a: Dondozo|45\/100|[from] Salt Cure\n|upkeep\n|turn|10\n|\n|t:|1699894922\n|move|p2a: Garganacl|Recover||[still]\n|-fail|p2a: Garganacl|heal\n|move|p1a: Dondozo|Liquidation|p2a: Garganacl\n|-supereffective|p2a: Garganacl\n|-damage|p2a: Garganacl|41\/100\n|\n|-heal|p2a: Garganacl|47\/100|[from] item: Leftovers\n|-heal|p1a: Dondozo|51\/100|[from] item: Leftovers\n|-damage|p1a: Dondozo|39\/100|[from] Salt Cure\n|upkeep\n|turn|11\n|\n|t:|1699894931\n|move|p2a: Garganacl|Protect|p2a: Garganacl\n|-singleturn|p2a: Garganacl|Protect\n|move|p1a: Dondozo|Curse|p1a: Dondozo\n|-unboost|p1a: Dondozo|spe|1\n|-boost|p1a: Dondozo|atk|1\n|-boost|p1a: Dondozo|def|1\n|\n|-heal|p2a: Garganacl|53\/100|[from] item: Leftovers\n|-heal|p1a: Dondozo|45\/100|[from] item: Leftovers\n|-damage|p1a: Dondozo|32\/100|[from] Salt Cure\n|upkeep\n|turn|12\n|\n|t:|1699894935\n|move|p2a: Garganacl|Recover|p2a: Garganacl\n|-heal|p2a: Garganacl|100\/100\n|move|p1a: Dondozo|Rest|p1a: Dondozo\n|-status|p1a: Dondozo|slp|[from] move: Rest\n|-heal|p1a: Dondozo|100\/100 slp|[silent]\n|\n|-damage|p1a: Dondozo|88\/100 slp|[from] Salt Cure\n|upkeep\n|turn|13\n|\n|t:|1699894943\n|switch|p2a: Ditto|Ditto|100\/100\n|-transform|p2a: Ditto|p1a: Dondozo|[from] ability: Imposter\n|cant|p1a: Dondozo|slp\n|\n|-heal|p1a: Dondozo|94\/100 slp|[from] item: Leftovers\n|-damage|p1a: Dondozo|82\/100 slp|[from] Salt Cure\n|upkeep\n|-start|p2a: Ditto|typechange|Water|[silent]\n|turn|14\n|\n|t:|1699894951\n|move|p2a: Ditto|Liquidation|p1a: Dondozo\n|-damage|p1a: Dondozo|68\/100 slp\n|cant|p1a: Dondozo|slp\n|\n|-heal|p1a: Dondozo|74\/100 slp|[from] item: Leftovers\n|-damage|p1a: Dondozo|61\/100 slp|[from] Salt Cure\n|upkeep\n|turn|15\n|\n|t:|1699894955\n|move|p2a: Ditto|Liquidation|p1a: Dondozo\n|-damage|p1a: Dondozo|49\/100 slp\n|-curestatus|p1a: Dondozo|slp|[msg]\n|move|p1a: Dondozo|Curse|p1a: Dondozo\n|-unboost|p1a: Dondozo|spe|1\n|-boost|p1a: Dondozo|atk|1\n|-boost|p1a: Dondozo|def|1\n|\n|-heal|p1a: Dondozo|55\/100|[from] item: Leftovers\n|-damage|p1a: Dondozo|43\/100|[from] Salt Cure\n|upkeep\n|turn|16\n|\n|t:|1699894961\n|move|p2a: Ditto|Liquidation|p1a: Dondozo\n|-damage|p1a: Dondozo|30\/100\n|move|p1a: Dondozo|Curse|p1a: Dondozo\n|-unboost|p1a: Dondozo|spe|1\n|-boost|p1a: Dondozo|atk|1\n|-boost|p1a: Dondozo|def|1\n|\n|-heal|p1a: Dondozo|37\/100|[from] item: Leftovers\n|-damage|p1a: Dondozo|24\/100|[from] Salt Cure\n|upkeep\n|turn|17\n|\n|t:|1699894966\n|move|p2a: Ditto|Liquidation|p1a: Dondozo\n|-damage|p1a: Dondozo|12\/100\n|move|p1a: Dondozo|Rest|p1a: Dondozo\n|-status|p1a: Dondozo|slp|[from] move: Rest\n|-heal|p1a: Dondozo|100\/100 slp|[silent]\n|\n|-damage|p1a: Dondozo|88\/100 slp|[from] Salt Cure\n|upkeep\n|turn|18\n|\n|t:|1699894971\n|switch|p2a: Kyurem|Kyurem-Black|100\/100\n|-ability|p2a: Kyurem|Teravolt\n|cant|p1a: Dondozo|slp\n|\n|-heal|p1a: Dondozo|94\/100 slp|[from] item: Leftovers\n|-damage|p1a: Dondozo|82\/100 slp|[from] Salt Cure\n|upkeep\n|turn|19\n|j| kieranhearthflame\n|\n|t:|1699894986\n|move|p2a: Kyurem|Substitute|p2a: Kyurem\n|-start|p2a: Kyurem|Substitute\n|-damage|p2a: Kyurem|76\/100\n|cant|p1a: Dondozo|slp\n|\n|-heal|p1a: Dondozo|88\/100 slp|[from] item: Leftovers\n|-damage|p1a: Dondozo|75\/100 slp|[from] Salt Cure\n|upkeep\n|turn|20\n|\n|t:|1699894991\n|move|p2a: Kyurem|Dragon Dance|p2a: Kyurem\n|-boost|p2a: Kyurem|atk|1\n|-boost|p2a: Kyurem|spe|1\n|-curestatus|p1a: Dondozo|slp|[msg]\n|move|p1a: Dondozo|Avalanche|p2a: Kyurem\n|-end|p2a: Kyurem|Substitute\n|\n|-heal|p1a: Dondozo|81\/100|[from] item: Leftovers\n|-damage|p1a: Dondozo|69\/100|[from] Salt Cure\n|upkeep\n|turn|21\n|\n|t:|1699895003\n|-terastallize|p2a: Kyurem|Electric\n|move|p2a: Kyurem|Fusion Bolt|p1a: Dondozo\n|-damage|p1a: Dondozo|52\/100\n|-damage|p2a: Kyurem|66\/100|[from] item: Life Orb\n|move|p1a: Dondozo|Avalanche|p2a: Kyurem\n|-damage|p2a: Kyurem|0 fnt\n|faint|p2a: Kyurem\n|\n|-heal|p1a: Dondozo|58\/100|[from] item: Leftovers\n|-damage|p1a: Dondozo|45\/100|[from] Salt Cure\n|upkeep\n|\n|t:|1699895025\n|switch|p2a: Ditto|Ditto|100\/100\n|-transform|p2a: Ditto|p1a: Dondozo|[from] ability: Imposter\n|-start|p2a: Ditto|typechange|Water|[silent]\n|turn|22\n|\n|t:|1699895043\n|move|p2a: Ditto|Liquidation|p1a: Dondozo\n|-damage|p1a: Dondozo|32\/100\n|move|p1a: Dondozo|Curse|p1a: Dondozo\n|-unboost|p1a: Dondozo|spe|1\n|-boost|p1a: Dondozo|atk|1\n|-boost|p1a: Dondozo|def|1\n|\n|-heal|p1a: Dondozo|38\/100|[from] item: Leftovers\n|-damage|p1a: Dondozo|25\/100|[from] Salt Cure\n|upkeep\n|turn|23\n|l| kieranhearthflame\n|\n|t:|1699895050\n|move|p2a: Ditto|Liquidation|p1a: Dondozo\n|-crit|p1a: Dondozo\n|-damage|p1a: Dondozo|6\/100\n|move|p1a: Dondozo|Rest|p1a: Dondozo\n|-status|p1a: Dondozo|slp|[from] move: Rest\n|-heal|p1a: Dondozo|100\/100 slp|[silent]\n|\n|-damage|p1a: Dondozo|88\/100 slp|[from] Salt Cure\n|upkeep\n|turn|24\n|\n|t:|1699895056\n|move|p2a: Ditto|Liquidation|p1a: Dondozo\n|-damage|p1a: Dondozo|74\/100 slp\n|cant|p1a: Dondozo|slp\n|\n|-heal|p1a: Dondozo|80\/100 slp|[from] item: Leftovers\n|-damage|p1a: Dondozo|68\/100 slp|[from] Salt Cure\n|upkeep\n|turn|25\n|\n|t:|1699895058\n|move|p2a: Ditto|Liquidation|p1a: Dondozo\n|-damage|p1a: Dondozo|55\/100 slp\n|cant|p1a: Dondozo|slp\n|\n|-heal|p1a: Dondozo|61\/100 slp|[from] item: Leftovers\n|-damage|p1a: Dondozo|48\/100 slp|[from] Salt Cure\n|upkeep\n|turn|26\n|\n|t:|1699895062\n|move|p2a: Ditto|Liquidation|p1a: Dondozo\n|-damage|p1a: Dondozo|35\/100 slp\n|-curestatus|p1a: Dondozo|slp|[msg]\n|move|p1a: Dondozo|Avalanche|p2a: Ditto\n|-resisted|p2a: Ditto\n|-damage|p2a: Ditto|91\/100\n|\n|-heal|p1a: Dondozo|41\/100|[from] item: Leftovers\n|-damage|p1a: Dondozo|29\/100|[from] Salt Cure\n|upkeep\n|turn|27\n|\n|t:|1699895073\n|-activate|p2a: Ditto|move: Struggle\n|move|p2a: Ditto|Struggle|p1a: Dondozo\n|-damage|p1a: Dondozo|24\/100\n|-damage|p2a: Ditto|66\/100|[from] recoil\n|move|p1a: Dondozo|Liquidation|p2a: Ditto\n|-resisted|p2a: Ditto\n|-damage|p2a: Ditto|55\/100\n|\n|-heal|p1a: Dondozo|30\/100|[from] item: Leftovers\n|-damage|p1a: Dondozo|17\/100|[from] Salt Cure\n|upkeep\n|turn|28\n|\n|t:|1699895082\n|-activate|p2a: Ditto|move: Struggle\n|move|p2a: Ditto|Struggle|p1a: Dondozo\n|-damage|p1a: Dondozo|12\/100\n|-damage|p2a: Ditto|30\/100|[from] recoil\n|move|p1a: Dondozo|Rest|p1a: Dondozo\n|-status|p1a: Dondozo|slp|[from] move: Rest\n|-heal|p1a: Dondozo|100\/100 slp|[silent]\n|\n|-damage|p1a: Dondozo|88\/100 slp|[from] Salt Cure\n|upkeep\n|turn|29\n|\n|t:|1699895086\n|switch|p2a: Kingambit|Kingambit, F|100\/100\n|-activate|p2a: Kingambit|ability: Supreme Overlord\n|-start|p2a: Kingambit|fallen1|[silent]\n|cant|p1a: Dondozo|slp\n|\n|-heal|p1a: Dondozo|94\/100 slp|[from] item: Leftovers\n|-damage|p1a: Dondozo|82\/100 slp|[from] Salt Cure\n|upkeep\n|turn|30\n|\n|t:|1699895090\n|move|p2a: Kingambit|Iron Head|p1a: Dondozo\n|-supereffective|p1a: Dondozo\n|-damage|p1a: Dondozo|69\/100 slp\n|cant|p1a: Dondozo|slp\n|\n|-heal|p1a: Dondozo|75\/100 slp|[from] item: Leftovers\n|-damage|p1a: Dondozo|63\/100 slp|[from] Salt Cure\n|upkeep\n|turn|31\n|\n|t:|1699895092\n|move|p2a: Kingambit|Knock Off|p1a: Dondozo\n|-resisted|p1a: Dondozo\n|-damage|p1a: Dondozo|59\/100 slp\n|-enditem|p1a: Dondozo|Leftovers|[from] move: Knock Off|[of] p2a: Kingambit\n|-curestatus|p1a: Dondozo|slp|[msg]\n|move|p1a: Dondozo|Liquidation|p2a: Kingambit\n|-damage|p2a: Kingambit|10\/100\n|\n|-damage|p1a: Dondozo|46\/100|[from] Salt Cure\n|upkeep\n|turn|32\n|\n|t:|1699895103\n|-end|p2a: Kingambit|fallen1|[silent]\n|switch|p2a: Ditto|Ditto|30\/100\n|-transform|p2a: Ditto|p1a: Dondozo|[from] ability: Imposter\n|move|p1a: Dondozo|Avalanche|p2a: Ditto\n|-resisted|p2a: Ditto\n|-damage|p2a: Ditto|24\/100\n|\n|-damage|p1a: Dondozo|34\/100|[from] Salt Cure\n|upkeep\n|-start|p2a: Ditto|typechange|Water|[silent]\n|turn|33\n|\n|t:|1699895116\n|move|p2a: Ditto|Rest|p2a: Ditto\n|-status|p2a: Ditto|slp|[from] move: Rest\n|-heal|p2a: Ditto|100\/100 slp|[silent]\n|move|p1a: Dondozo|Rest|p1a: Dondozo\n|-status|p1a: Dondozo|slp|[from] move: Rest\n|-heal|p1a: Dondozo|100\/100 slp|[silent]\n|\n|-damage|p1a: Dondozo|88\/100 slp|[from] Salt Cure\n|upkeep\n|turn|34\n|\n|t:|1699895123\n|cant|p2a: Ditto|slp\n|cant|p1a: Dondozo|slp\n|\n|-damage|p1a: Dondozo|75\/100 slp|[from] Salt Cure\n|upkeep\n|turn|35\n|\n|t:|1699895124\n|cant|p2a: Ditto|slp\n|cant|p1a: Dondozo|slp\n|\n|-damage|p1a: Dondozo|63\/100 slp|[from] Salt Cure\n|upkeep\n|turn|36\n|\n|t:|1699895130\n|-curestatus|p2a: Ditto|slp|[msg]\n|move|p2a: Ditto|Rest|p2a: Ditto\n|-fail|p2a: Ditto|heal\n|-curestatus|p1a: Dondozo|slp|[msg]\n|move|p1a: Dondozo|Liquidation|p2a: Ditto\n|-resisted|p2a: Ditto\n|-damage|p2a: Ditto|90\/100\n|-unboost|p2a: Ditto|def|1\n|\n|-damage|p1a: Dondozo|50\/100|[from] Salt Cure\n|upkeep\n|turn|37\n|\n|t:|1699895136\n|move|p2a: Ditto|Rest|p2a: Ditto\n|-status|p2a: Ditto|slp|[from] move: Rest\n|-heal|p2a: Ditto|100\/100 slp|[silent]\n|move|p1a: Dondozo|Liquidation|p2a: Ditto\n|-resisted|p2a: Ditto\n|-damage|p2a: Ditto|90\/100 slp\n|\n|-damage|p1a: Dondozo|38\/100|[from] Salt Cure\n|upkeep\n|turn|38\n|\n|t:|1699895142\n|cant|p2a: Ditto|slp\n|move|p1a: Dondozo|Liquidation|p2a: Ditto\n|-resisted|p2a: Ditto\n|-damage|p2a: Ditto|80\/100 slp\n|\n|-damage|p1a: Dondozo|25\/100|[from] Salt Cure\n|upkeep\n|turn|39\n|\n|t:|1699895145\n|cant|p2a: Ditto|slp\n|move|p1a: Dondozo|Rest|p1a: Dondozo\n|-status|p1a: Dondozo|slp|[from] move: Rest\n|-heal|p1a: Dondozo|100\/100 slp|[silent]\n|\n|-damage|p1a: Dondozo|88\/100 slp|[from] Salt Cure\n|upkeep\n|turn|40\n|\n|t:|1699895151\n|-curestatus|p2a: Ditto|slp|[msg]\n|move|p2a: Ditto|Rest|p2a: Ditto\n|-status|p2a: Ditto|slp|[from] move: Rest\n|-heal|p2a: Ditto|100\/100 slp|[silent]\n|cant|p1a: Dondozo|slp\n|\n|-damage|p1a: Dondozo|75\/100 slp|[from] Salt Cure\n|upkeep\n|turn|41\n|\n|t:|1699895156\n|cant|p2a: Ditto|slp\n|cant|p1a: Dondozo|slp\n|\n|-damage|p1a: Dondozo|63\/100 slp|[from] Salt Cure\n|upkeep\n|turn|42\n|\n|t:|1699895169\n|cant|p2a: Ditto|slp\n|-curestatus|p1a: Dondozo|slp|[msg]\n|move|p1a: Dondozo|Liquidation|p2a: Ditto\n|-resisted|p2a: Ditto\n|-damage|p2a: Ditto|90\/100 slp\n|\n|-damage|p1a: Dondozo|50\/100|[from] Salt Cure\n|upkeep\n|turn|43\n|\n|t:|1699895173\n|-curestatus|p2a: Ditto|slp|[msg]\n|move|p2a: Ditto|Rest|p2a: Ditto\n|-status|p2a: Ditto|slp|[from] move: Rest\n|-heal|p2a: Ditto|100\/100 slp|[silent]\n|move|p1a: Dondozo|Avalanche|p2a: Ditto\n|-resisted|p2a: Ditto\n|-damage|p2a: Ditto|95\/100 slp\n|\n|-damage|p1a: Dondozo|38\/100|[from] Salt Cure\n|upkeep\n|turn|44\n|\n|t:|1699895182\n|cant|p2a: Ditto|slp\n|move|p1a: Dondozo|Liquidation|p2a: Ditto\n|-resisted|p2a: Ditto\n|-damage|p2a: Ditto|84\/100 slp\n|\n|-damage|p1a: Dondozo|25\/100|[from] Salt Cure\n|upkeep\n|turn|45\n|\n|t:|1699895186\n|cant|p2a: Ditto|slp\n|move|p1a: Dondozo|Avalanche|p2a: Ditto\n|-resisted|p2a: Ditto\n|-damage|p2a: Ditto|79\/100 slp\n|\n|-damage|p1a: Dondozo|13\/100|[from] Salt Cure\n|upkeep\n|turn|46\n|\n|t:|1699895191\n|-curestatus|p2a: Ditto|slp|[msg]\n|-activate|p2a: Ditto|move: Struggle\n|move|p2a: Ditto|Struggle|p1a: Dondozo\n|-damage|p1a: Dondozo|8\/100\n|-damage|p2a: Ditto|54\/100|[from] recoil\n|move|p1a: Dondozo|Rest|p1a: Dondozo\n|-status|p1a: Dondozo|slp|[from] move: Rest\n|-heal|p1a: Dondozo|100\/100 slp|[silent]\n|\n|-damage|p1a: Dondozo|88\/100 slp|[from] Salt Cure\n|upkeep\n|turn|47\n|j| Tropproblem\n|\n|t:|1699895199\n|switch|p2a: Kingambit|Kingambit, F|10\/100\n|-activate|p2a: Kingambit|ability: Supreme Overlord\n|-start|p2a: Kingambit|fallen1|[silent]\n|cant|p1a: Dondozo|slp\n|\n|-damage|p1a: Dondozo|75\/100 slp|[from] Salt Cure\n|upkeep\n|turn|48\n|\n|t:|1699895209\n|-end|p2a: Kingambit|fallen1|[silent]\n|switch|p2a: Ditto|Ditto|54\/100\n|-transform|p2a: Ditto|p1a: Dondozo|[from] ability: Imposter\n|switch|p1a: Ho-Oh|Ho-Oh, shiny|100\/100\n|\n|upkeep\n|-start|p2a: Ditto|typechange|Water|[silent]\n|turn|49\n|\n|t:|1699895220\n|switch|p1a: Dondozo|Dondozo, F, shiny, tera:Fairy|75\/100 slp\n|-damage|p1a: Dondozo|63\/100 slp|[from] Stealth Rock\n|move|p2a: Ditto|Liquidation|p1a: Dondozo\n|-damage|p1a: Dondozo|51\/100 slp\n|\n|upkeep\n|turn|50\n|\n|t:|1699895227\n|switch|p2a: Garganacl|Garganacl, M|100\/100\n|cant|p1a: Dondozo|slp\n|\n|upkeep\n|turn|51\n|\n|t:|1699895234\n|move|p2a: Garganacl|Salt Cure|p1a: Dondozo\n|-damage|p1a: Dondozo|45\/100 slp\n|-start|p1a: Dondozo|Salt Cure\n|-curestatus|p1a: Dondozo|slp|[msg]\n|move|p1a: Dondozo|Liquidation|p2a: Garganacl\n|-supereffective|p2a: Garganacl\n|-damage|p2a: Garganacl|69\/100\n|\n|-heal|p2a: Garganacl|75\/100|[from] item: Leftovers\n|-damage|p1a: Dondozo|32\/100|[from] Salt Cure\n|upkeep\n|turn|52\n|\n|t:|1699895242\n|switch|p2a: Ditto|Ditto|54\/100\n|-transform|p2a: Ditto|p1a: Dondozo|[from] ability: Imposter\n|move|p1a: Dondozo|Liquidation|p2a: Ditto\n|-resisted|p2a: Ditto\n|-damage|p2a: Ditto|44\/100\n|\n|-damage|p1a: Dondozo|20\/100|[from] Salt Cure\n|upkeep\n|turn|53\n|\n|t:|1699895255\n|move|p2a: Ditto|Rest|p2a: Ditto\n|-status|p2a: Ditto|slp|[from] move: Rest\n|-heal|p2a: Ditto|100\/100 slp|[silent]\n|move|p1a: Dondozo|Rest|p1a: Dondozo\n|-status|p1a: Dondozo|slp|[from] move: Rest\n|-heal|p1a: Dondozo|100\/100 slp|[silent]\n|\n|-damage|p1a: Dondozo|88\/100 slp|[from] Salt Cure\n|upkeep\n|turn|54\n|\n|t:|1699895264\n|switch|p2a: Arceus|Arceus-Ground|82\/100 tox\n|switch|p1a: Tyranitar|Tyranitar-Mega, M, shiny|82\/100\n|-damage|p1a: Tyranitar|70\/100|[from] Stealth Rock\n|-weather|Sandstorm|[from] ability: Sand Stream|[of] p1a: Tyranitar\n|\n|-weather|Sandstorm|[upkeep]\n|-damage|p2a: Arceus|76\/100 tox|[from] psn\n|upkeep\n|turn|55\n|\n|t:|1699895268\n|move|p2a: Arceus|Judgment|p1a: Tyranitar\n|-supereffective|p1a: Tyranitar\n|-damage|p1a: Tyranitar|32\/100\n|move|p1a: Tyranitar|Knock Off|p2a: Arceus\n|-damage|p2a: Arceus|59\/100 tox\n|\n|-weather|Sandstorm|[upkeep]\n|-damage|p2a: Arceus|47\/100 tox|[from] psn\n|upkeep\n|turn|56\n|\n|t:|1699895273\n|switch|p1a: Chansey|Chansey, F, shiny|76\/100\n|-damage|p1a: Chansey|63\/100|[from] Stealth Rock\n|move|p2a: Arceus|Toxic|p1a: Chansey|[miss]\n|-miss|p2a: Arceus|p1a: Chansey\n|\n|-weather|Sandstorm|[upkeep]\n|-damage|p1a: Chansey|57\/100|[from] Sandstorm\n|-damage|p2a: Arceus|29\/100 tox|[from] psn\n|upkeep\n|turn|57\n|\n|t:|1699895276\n|move|p2a: Arceus|Recover|p2a: Arceus\n|-heal|p2a: Arceus|79\/100 tox\n|move|p1a: Chansey|Soft-Boiled|p1a: Chansey\n|-heal|p1a: Chansey|100\/100\n|\n|-weather|Sandstorm|[upkeep]\n|-damage|p1a: Chansey|94\/100|[from] Sandstorm\n|-damage|p2a: Arceus|54\/100 tox|[from] psn\n|upkeep\n|turn|58\n|\n|t:|1699895281\n|switch|p2a: Kingambit|Kingambit, F|10\/100\n|-activate|p2a: Kingambit|ability: Supreme Overlord\n|-start|p2a: Kingambit|fallen1|[silent]\n|move|p1a: Chansey|Seismic Toss|p2a: Kingambit\n|-damage|p2a: Kingambit|0 fnt\n|faint|p2a: Kingambit\n|-end|p2a: Kingambit|fallen1|[silent]\n|\n|-weather|none\n|upkeep\n|\n|t:|1699895284\n|switch|p2a: Mewtwo|Mewtwo|100\/100\n|-ability|p2a: Mewtwo|Unnerve\n|turn|59\n|\n|t:|1699895294\n|switch|p1a: Tyranitar|Tyranitar-Mega, M, shiny|32\/100\n|-damage|p1a: Tyranitar|20\/100|[from] Stealth Rock\n|-weather|Sandstorm|[from] ability: Sand Stream|[of] p1a: Tyranitar\n|move|p2a: Mewtwo|Nasty Plot|p2a: Mewtwo\n|-boost|p2a: Mewtwo|spa|2\n|\n|-weather|Sandstorm|[upkeep]\n|-damage|p2a: Mewtwo|94\/100|[from] Sandstorm\n|upkeep\n|turn|60\n|\n|t:|1699895300\n|detailschange|p2a: Mewtwo|Mewtwo-Mega-Y\n|-mega|p2a: Mewtwo|Mewtwo|Mewtwonite Y\n|move|p2a: Mewtwo|Earth Power|p1a: Tyranitar\n|-supereffective|p1a: Tyranitar\n|-damage|p1a: Tyranitar|0 fnt\n|faint|p1a: Tyranitar\n|\n|-weather|Sandstorm|[upkeep]\n|-damage|p2a: Mewtwo|88\/100|[from] Sandstorm\n|upkeep\n|\n|t:|1699895310\n|switch|p1a: Ho-Oh|Ho-Oh, shiny|100\/100\n|turn|61\n|\n|t:|1699895313\n|move|p2a: Mewtwo|Psystrike|p1a: Ho-Oh\n|-damage|p1a: Ho-Oh|12\/100\n|move|p1a: Ho-Oh|Toxic|p2a: Mewtwo\n|-status|p2a: Mewtwo|tox\n|\n|-weather|Sandstorm|[upkeep]\n|-damage|p2a: Mewtwo|82\/100 tox|[from] Sandstorm\n|-damage|p1a: Ho-Oh|6\/100|[from] Sandstorm\n|-damage|p2a: Mewtwo|76\/100 tox|[from] psn\n|upkeep\n|turn|62\n|\n|t:|1699895327\n|switch|p1a: Dondozo|Dondozo, F, shiny, tera:Fairy|88\/100 slp\n|-damage|p1a: Dondozo|75\/100 slp|[from] Stealth Rock\n|move|p2a: Mewtwo|Ice Beam|p1a: Dondozo\n|-damage|p1a: Dondozo|36\/100 slp\n|\n|-weather|Sandstorm|[upkeep]\n|-damage|p2a: Mewtwo|69\/100 tox|[from] Sandstorm\n|-damage|p1a: Dondozo|30\/100 slp|[from] Sandstorm\n|-damage|p2a: Mewtwo|57\/100 tox|[from] psn\n|upkeep\n|turn|63\n|\n|t:|1699895338\n|switch|p1a: Giratina|Giratina, shiny|100\/100\n|-damage|p1a: Giratina|88\/100|[from] Stealth Rock\n|-ability|p1a: Giratina|Pressure\n|move|p2a: Mewtwo|Ice Beam|p1a: Giratina\n|-supereffective|p1a: Giratina\n|-damage|p1a: Giratina|0 fnt\n|faint|p1a: Giratina\n|\n|-weather|none\n|-damage|p2a: Mewtwo|38\/100 tox|[from] psn\n|upkeep\n|\n|t:|1699895344\n|switch|p1a: Mewtwo|Mewtwo, shiny|100\/100\n|-damage|p1a: Mewtwo|88\/100|[from] Stealth Rock\n|-ability|p1a: Mewtwo|Pressure\n|turn|64\n|l| Tropproblem\n|\n|t:|1699895350\n|switch|p2a: Garganacl|Garganacl, M|75\/100\n|switch|p1a: Ho-Oh|Ho-Oh, shiny|39\/100\n|\n|-heal|p2a: Garganacl|81\/100|[from] item: Leftovers\n|upkeep\n|turn|65\n|\n|t:|1699895362\n|switch|p1a: Chansey|Chansey, F, shiny|94\/100\n|-damage|p1a: Chansey|82\/100|[from] Stealth Rock\n|move|p2a: Garganacl|Salt Cure|p1a: Chansey\n|-damage|p1a: Chansey|72\/100\n|-start|p1a: Chansey|Salt Cure\n|\n|-heal|p2a: Garganacl|87\/100|[from] item: Leftovers\n|-damage|p1a: Chansey|59\/100|[from] Salt Cure\n|upkeep\n|turn|66\n|\n|t:|1699895369\n|switch|p2a: Ditto|Ditto|100\/100 slp\n|-transform|p2a: Ditto|p1a: Chansey|[from] ability: Imposter\n|move|p1a: Chansey|Seismic Toss|p2a: Ditto\n|-damage|p2a: Ditto|67\/100 slp\n|\n|-damage|p1a: Chansey|47\/100|[from] Salt Cure\n|upkeep\n|turn|67\n|\n|t:|1699895373\n|-curestatus|p2a: Ditto|slp|[from] ability: Natural Cure\n|switch|p2a: Garganacl|Garganacl, M|87\/100\n|move|p1a: Chansey|Soft-Boiled|p1a: Chansey\n|-heal|p1a: Chansey|97\/100\n|\n|-heal|p2a: Garganacl|94\/100|[from] item: Leftovers\n|-damage|p1a: Chansey|84\/100|[from] Salt Cure\n|upkeep\n|turn|68\n|\n|t:|1699895378\n|move|p1a: Chansey|Seismic Toss|p2a: Garganacl\n|-damage|p2a: Garganacl|69\/100\n|move|p2a: Garganacl|Salt Cure|p1a: Chansey\n|-damage|p1a: Chansey|74\/100\n|\n|-heal|p2a: Garganacl|75\/100|[from] item: Leftovers\n|-damage|p1a: Chansey|62\/100|[from] Salt Cure\n|upkeep\n|turn|69\n|\n|t:|1699895381\n|move|p1a: Chansey|Seismic Toss|p2a: Garganacl\n|-damage|p2a: Garganacl|50\/100\n|move|p2a: Garganacl|Recover|p2a: Garganacl\n|-heal|p2a: Garganacl|99\/100\n|\n|-heal|p2a: Garganacl|100\/100|[from] item: Leftovers\n|-damage|p1a: Chansey|49\/100|[from] Salt Cure\n|upkeep\n|turn|70\n|\n|t:|1699895385\n|move|p2a: Garganacl|Protect|p2a: Garganacl\n|-singleturn|p2a: Garganacl|Protect\n|move|p1a: Chansey|Soft-Boiled|p1a: Chansey\n|-heal|p1a: Chansey|99\/100\n|\n|-damage|p1a: Chansey|87\/100|[from] Salt Cure\n|upkeep\n|turn|71\n|j| zooz da denn\n|\n|t:|1699895388\n|switch|p1a: Dondozo|Dondozo, F, shiny, tera:Fairy|30\/100 slp\n|-damage|p1a: Dondozo|18\/100 slp|[from] Stealth Rock\n|switch|p2a: Ditto|Ditto|67\/100\n|-transform|p2a: Ditto|p1a: Dondozo|[from] ability: Imposter\n|\n|upkeep\n|turn|72\n|-message|vailorn forfeited.\n|\n|win|Szymszym134\n|raw|vailorn's rating: 1508 &rarr; <strong>1492<\/strong><br \/>(-16 for losing)\n|raw|Szymszym134's rating: 1583 &rarr; <strong>1599<\/strong><br \/>(+16 for winning)\n|c|\u2606Szymszym134|GG\n","uploadtime":1699895400,"views":12,"p1id":"vailorn","p2id":"szymszym134","formatid":"gen9nationaldexubers","rating":1492,"private":0,"password":""}