{"id":"gen9nationaldexubers-1989304733","p1":"georgefable1","p2":"ClickForVictory","format":"[Gen 9] National Dex Ubers","log":"|j|\u2606georgefable1\n|j|\u2606ClickForVictory\n|t:|1699834168\n|gametype|singles\n|player|p1|georgefable1|265|\n|player|p2|ClickForVictory|rika|\n|teamsize|p1|4\n|teamsize|p2|4\n|gen|9\n|tier|[Gen 9] National Dex Ubers\n|rule|HP Percentage Mod: HP is shown in percentages\n|rule|Endless Battle Clause: Forcing endless battles is banned\n|rule|OHKO Clause: OHKO moves are banned\n|rule|Evasion Moves Clause: Evasion moves are banned\n|rule|Evasion Items Clause: Evasion items are banned\n|rule|Species Clause: Limit one of each Pok\u00e9mon\n|rule|Sleep Clause Mod: Limit one foe put to sleep\n|rule|Mega Rayquaza Clause: You cannot mega evolve Rayquaza\n|clearpoke\n|poke|p1|Sceptile, F|\n|poke|p1|Urshifu-*, F|\n|poke|p1|Serperior, F|\n|poke|p1|Donphan, M|\n|poke|p2|Arceus|\n|poke|p2|Wo-Chien|\n|poke|p2|Landorus-Therian, M|\n|poke|p2|Sandslash-Alola, M|\n|teampreview\n|l|\u2606ClickForVictory\n|player|p2|\n|\n|t:|1699834216\n|start\n|switch|p1a: Don Phanpy|Donphan, M|100\/100\n|switch|p2a: one hit wonder|Arceus|100\/100\n|turn|1\n|j| ClickGorVictory\n|j|\u2606ClickForVictory\n|player|p2|ClickForVictory|rika\n|\n|t:|1699834584\n|move|p2a: one hit wonder|Hyper Beam|p1a: Don Phanpy\n|-ability|p1a: Don Phanpy|Sturdy\n|-damage|p1a: Don Phanpy|1\/100\n|-mustrecharge|p2a: one hit wonder\n|-enditem|p1a: Don Phanpy|Salac Berry|[eat]\n|-boost|p1a: Don Phanpy|spe|1|[from] item: Salac Berry\n|move|p1a: Don Phanpy|Rock Polish|p1a: Don Phanpy\n|-boost|p1a: Don Phanpy|spe|2\n|\n|upkeep\n|turn|2\n|\n|t:|1699834595\n|move|p1a: Don Phanpy|Endeavor|p2a: one hit wonder\n|-damage|p2a: one hit wonder|1\/100\n|cant|p2a: one hit wonder|recharge\n|\n|upkeep\n|turn|3\n|\n|t:|1699834610\n|move|p1a: Don Phanpy|Ancient Power|p2a: one hit wonder\n|-damage|p2a: one hit wonder|0 fnt\n|faint|p2a: one hit wonder\n|\n|upkeep\n|\n|t:|1699834625\n|switch|p2a: Here we go again|Sandslash-Alola, M|100\/100\n|turn|4\n|c|\u2606georgefable1|did that arceus only have hyper beam?\n|\n|t:|1699834636\n|move|p1a: Don Phanpy|Ancient Power|p2a: Here we go again\n|-damage|p2a: Here we go again|90\/100\n|move|p2a: Here we go again|Fury Cutter|p1a: Don Phanpy\n|-damage|p1a: Don Phanpy|0 fnt\n|faint|p1a: Don Phanpy\n|\n|upkeep\n|c|\u2606georgefable1|im so dumb for not using endeavour\n|\n|t:|1699834662\n|switch|p1a: MetaOppressor|Urshifu, F|100\/100\n|turn|5\n|c|\u2606ClickForVictory|Arc has more but HBeam is its best move lol\n|c|\u2606georgefable1|okayyy\n|c|\u2606ClickForVictory|ty for waiting btw\n|\n|t:|1699834703\n|move|p1a: MetaOppressor|Iron Defense|p1a: MetaOppressor\n|-boost|p1a: MetaOppressor|def|2\n|move|p2a: Here we go again|Snowscape|p2a: Here we go again\n|-weather|Snow\n|\n|-weather|Snow|[upkeep]\n|upkeep\n|turn|6\n|c|\u2606georgefable1|if i lose this game ima be big mad for that ancient power lol\n|\n|t:|1699834720\n|move|p2a: Here we go again|Ice Ball|p1a: MetaOppressor\n|-damage|p1a: MetaOppressor|96\/100\n|move|p1a: MetaOppressor|Body Press|p2a: Here we go again\n|-supereffective|p2a: Here we go again\n|-damage|p2a: Here we go again|0 fnt\n|faint|p2a: Here we go again\n|\n|-weather|Snow|[upkeep]\n|upkeep\n|c|\u2606georgefable1|na ofc\n|\n|t:|1699834726\n|switch|p2a: Genie 2|Landorus-Therian, M|100\/100\n|-ability|p2a: Genie 2|Intimidate|boost\n|-unboost|p1a: MetaOppressor|atk|1\n|turn|7\n|\n|t:|1699834743\n|switch|p1a: Zaza|Serperior, F|100\/100\n|move|p2a: Genie 2|Earth Power|p1a: Zaza\n|-resisted|p1a: Zaza\n|-damage|p1a: Zaza|76\/100\n|\n|-weather|Snow|[upkeep]\n|upkeep\n|turn|8\n|\n|t:|1699834758\n|switch|p2a: Live Reaction|Wo-Chien|100\/100\n|-ability|p2a: Live Reaction|Tablets of Ruin\n|move|p1a: Zaza|Leaf Storm|p2a: Live Reaction\n|-resisted|p2a: Live Reaction\n|-damage|p2a: Live Reaction|80\/100\n|-boost|p1a: Zaza|spa|2\n|\n|-weather|Snow|[upkeep]\n|-heal|p2a: Live Reaction|87\/100|[from] item: Leftovers\n|upkeep\n|turn|9\n|\n|t:|1699834768\n|move|p1a: Zaza|Leaf Storm|p2a: Live Reaction\n|-resisted|p2a: Live Reaction\n|-damage|p2a: Live Reaction|42\/100\n|-boost|p1a: Zaza|spa|2\n|move|p2a: Live Reaction|Knock Off|p1a: Zaza\n|-damage|p1a: Zaza|30\/100\n|-enditem|p1a: Zaza|Miracle Seed|[from] move: Knock Off|[of] p2a: Live Reaction\n|\n|-weather|none\n|-heal|p2a: Live Reaction|48\/100|[from] item: Leftovers\n|upkeep\n|turn|10\n|\n|t:|1699834794\n|move|p1a: Zaza|Leaf Storm|p2a: Live Reaction\n|-resisted|p2a: Live Reaction\n|-damage|p2a: Live Reaction|0 fnt\n|-boost|p1a: Zaza|spa|2\n|faint|p2a: Live Reaction\n|\n|upkeep\n|\n|t:|1699834796\n|switch|p2a: Genie 2|Landorus-Therian, M|100\/100\n|-ability|p2a: Genie 2|Intimidate|boost\n|-boost|p1a: Zaza|atk|1\n|turn|11\n|\n|t:|1699834807\n|move|p1a: Zaza|Leaf Storm|p2a: Genie 2\n|-damage|p2a: Genie 2|0 fnt\n|faint|p2a: Genie 2\n|\n|win|georgefable1\n|c|\u2606georgefable1|gg\n|c|\u2606ClickForVictory|gg I should've stayed in g2+3\n","uploadtime":1699834815,"views":20,"p1id":"georgefable1","p2id":"clickforvictory","formatid":"gen9nationaldexubers","rating":0,"private":0,"password":""}