{"id":"gen9nationaldexubers-1981178597","p1":"crab game","p2":"itszendro","format":"[Gen 9] National Dex Ubers","log":"|j|\u2606crab game\n|j|\u2606itszendro\n|t:|1698870027\n|gametype|singles\n|player|p1|crab game|red|1203\n|player|p2|itszendro|101|1324\n|teamsize|p1|6\n|teamsize|p2|6\n|gen|9\n|tier|[Gen 9] National Dex Ubers\n|rated|\n|rule|HP Percentage Mod: HP is shown in percentages\n|rule|Endless Battle Clause: Forcing endless battles is banned\n|rule|OHKO Clause: OHKO moves are banned\n|rule|Evasion Moves Clause: Evasion moves are banned\n|rule|Evasion Items Clause: Evasion items are banned\n|rule|Species Clause: Limit one of each Pok\u00e9mon\n|rule|Sleep Clause Mod: Limit one foe put to sleep\n|rule|Mega Rayquaza Clause: You cannot mega evolve Rayquaza\n|clearpoke\n|poke|p1|Chien-Pao|\n|poke|p1|Zacian-*|\n|poke|p1|Zygarde|\n|poke|p1|Volcarona, F|\n|poke|p1|Alakazam, M|\n|poke|p1|Dragapult, F|\n|poke|p2|Blaziken, M|\n|poke|p2|Steelix, M|\n|poke|p2|Gholdengo|\n|poke|p2|Ditto|\n|poke|p2|Cloyster, F|\n|poke|p2|Clefable, F|\n|teampreview\n|\n|t:|1698870039\n|start\n|switch|p1a: Alakazam|Alakazam, M|100\/100\n|switch|p2a: Gholdengo|Gholdengo, shiny|100\/100\n|turn|1\n|\n|t:|1698870048\n|detailschange|p1a: Alakazam|Alakazam-Mega, M\n|-mega|p1a: Alakazam|Alakazam|Alakazite\n|-ability|p1a: Alakazam|Good as Gold|[from] ability: Trace|[of] p2a: Gholdengo\n|-terastallize|p2a: Gholdengo|Steel\n|move|p2a: Gholdengo|Trick|p1a: Alakazam\n|-immune|p1a: Alakazam|[from] ability: Good as Gold\n|move|p1a: Alakazam|Psychic|p2a: Gholdengo\n|-resisted|p2a: Gholdengo\n|-damage|p2a: Gholdengo|64\/100\n|\n|upkeep\n|turn|2\n|c|\u2606itszendro|oof\n|c|\u2606itszendro|that was a good move huh\n|\n|t:|1698870074\n|switch|p2a: Cloyster|Cloyster, F|100\/100\n|move|p1a: Alakazam|Nasty Plot|p1a: Alakazam\n|-boost|p1a: Alakazam|spa|2\n|\n|upkeep\n|turn|3\n|\n|t:|1698870080\n|move|p1a: Alakazam|Psychic|p2a: Cloyster\n|-damage|p2a: Cloyster|0 fnt\n|faint|p2a: Cloyster\n|\n|upkeep\n|\n|t:|1698870086\n|switch|p2a: Gholdengo|Gholdengo, shiny, tera:Steel|64\/100\n|turn|4\n|\n|t:|1698870090\n|move|p2a: Gholdengo|Nasty Plot|p2a: Gholdengo\n|-boost|p2a: Gholdengo|spa|2\n|move|p1a: Alakazam|Psychic|p2a: Gholdengo\n|-resisted|p2a: Gholdengo\n|-damage|p2a: Gholdengo|0 fnt\n|faint|p2a: Gholdengo\n|\n|upkeep\n|\n|t:|1698870096\n|switch|p2a: Clef Hook|Clefable, F, shiny|100\/100\n|turn|5\n|\n|t:|1698870100\n|move|p1a: Alakazam|Psychic|p2a: Clef Hook\n|-damage|p2a: Clef Hook|41\/100\n|move|p2a: Clef Hook|Calm Mind|p2a: Clef Hook\n|-boost|p2a: Clef Hook|spa|1\n|-boost|p2a: Clef Hook|spd|1\n|\n|-heal|p2a: Clef Hook|47\/100|[from] item: Leftovers\n|upkeep\n|turn|6\n|\n|t:|1698870107\n|move|p1a: Alakazam|Psychic|p2a: Clef Hook\n|-damage|p2a: Clef Hook|9\/100\n|move|p2a: Clef Hook|Calm Mind|p2a: Clef Hook\n|-boost|p2a: Clef Hook|spa|1\n|-boost|p2a: Clef Hook|spd|1\n|\n|-heal|p2a: Clef Hook|15\/100|[from] item: Leftovers\n|upkeep\n|turn|7\n|\n|t:|1698870115\n|move|p1a: Alakazam|Psychic|p2a: Clef Hook\n|-damage|p2a: Clef Hook|0 fnt\n|faint|p2a: Clef Hook\n|\n|upkeep\n|\n|t:|1698870118\n|switch|p2a: Ditto|Ditto|100\/100\n|-transform|p2a: Ditto|p1a: Alakazam|[from] ability: Imposter\n|turn|8\n|\n|t:|1698870140\n|move|p2a: Ditto|Energy Ball|p1a: Alakazam\n|-damage|p1a: Alakazam|12\/100\n|move|p1a: Alakazam|Psychic|p2a: Ditto\n|-resisted|p2a: Ditto\n|-damage|p2a: Ditto|44\/100\n|\n|upkeep\n|turn|9\n|\n|t:|1698870148\n|move|p2a: Ditto|Energy Ball|p1a: Alakazam\n|-damage|p1a: Alakazam|0 fnt\n|faint|p1a: Alakazam\n|\n|upkeep\n|\n|t:|1698870155\n|switch|p1a: Chien-Pao|Chien-Pao|100\/100\n|-ability|p1a: Chien-Pao|Sword of Ruin\n|turn|10\n|\n|t:|1698870164\n|move|p2a: Ditto|Energy Ball|p1a: Chien-Pao\n|-enditem|p1a: Chien-Pao|Focus Sash\n|-damage|p1a: Chien-Pao|1\/100\n|-unboost|p1a: Chien-Pao|spd|1\n|move|p1a: Chien-Pao|Icicle Crash|p2a: Ditto\n|-damage|p2a: Ditto|0 fnt\n|faint|p2a: Ditto\n|\n|upkeep\n|\n|t:|1698870168\n|switch|p2a: Steelix|Steelix, M|100\/100\n|turn|11\n|\n|t:|1698870175\n|move|p1a: Chien-Pao|Ice Shard|p2a: Steelix\n|-damage|p2a: Steelix|88\/100\n|move|p2a: Steelix|Iron Defense|p2a: Steelix\n|-boost|p2a: Steelix|def|2\n|\n|-heal|p2a: Steelix|94\/100|[from] item: Leftovers\n|upkeep\n|turn|12\n|\n|t:|1698870187\n|move|p1a: Chien-Pao|Sacred Sword|p2a: Steelix\n|-supereffective|p2a: Steelix\n|-damage|p2a: Steelix|56\/100\n|move|p2a: Steelix|Iron Defense|p2a: Steelix\n|-boost|p2a: Steelix|def|2\n|\n|-heal|p2a: Steelix|62\/100|[from] item: Leftovers\n|upkeep\n|turn|13\n|\n|t:|1698870201\n|move|p1a: Chien-Pao|Sacred Sword|p2a: Steelix\n|-supereffective|p2a: Steelix\n|-damage|p2a: Steelix|22\/100\n|move|p2a: Steelix|Iron Defense|p2a: Steelix\n|-boost|p2a: Steelix|def|2\n|\n|-heal|p2a: Steelix|28\/100|[from] item: Leftovers\n|upkeep\n|turn|14\n|\n|t:|1698870209\n|move|p2a: Steelix|Protect|p2a: Steelix\n|-singleturn|p2a: Steelix|Protect\n|move|p1a: Chien-Pao|Sacred Sword|p2a: Steelix\n|-activate|p2a: Steelix|move: Protect\n|\n|-heal|p2a: Steelix|35\/100|[from] item: Leftovers\n|upkeep\n|turn|15\n|\n|t:|1698870216\n|move|p1a: Chien-Pao|Sacred Sword|p2a: Steelix\n|-supereffective|p2a: Steelix\n|-damage|p2a: Steelix|0 fnt\n|faint|p2a: Steelix\n|\n|upkeep\n|\n|t:|1698870222\n|switch|p2a: Blaziken|Blaziken, M|100\/100\n|turn|16\n|\n|t:|1698870225\n|move|p1a: Chien-Pao|Ice Shard|p2a: Blaziken\n|-resisted|p2a: Blaziken\n|-damage|p2a: Blaziken|81\/100\n|move|p2a: Blaziken|Close Combat|p1a: Chien-Pao\n|-supereffective|p1a: Chien-Pao\n|-damage|p1a: Chien-Pao|0 fnt\n|-unboost|p2a: Blaziken|def|1\n|-unboost|p2a: Blaziken|spd|1\n|faint|p1a: Chien-Pao\n|\n|-ability|p2a: Blaziken|Speed Boost|boost\n|-boost|p2a: Blaziken|spe|1\n|upkeep\n|\n|t:|1698870235\n|switch|p1a: Zygarde|Zygarde, shiny|100\/100\n|turn|17\n|\n|t:|1698870264\n|move|p2a: Blaziken|Close Combat|p1a: Zygarde\n|-damage|p1a: Zygarde|65\/100\n|-unboost|p2a: Blaziken|def|1\n|-unboost|p2a: Blaziken|spd|1\n|move|p1a: Zygarde|Thousand Arrows|p2a: Blaziken\n|-supereffective|p2a: Blaziken\n|-damage|p2a: Blaziken|0 fnt\n|faint|p2a: Blaziken\n|\n|win|crab game\n|raw|crab game's rating: 1203 &rarr; <strong>1236<\/strong><br \/>(+33 for winning)\n|raw|itszendro's rating: 1324 &rarr; <strong>1297<\/strong><br \/>(-27 for losing)\n|l|\u2606itszendro\n","uploadtime":1698870275,"views":8,"p1id":"crabgame","p2id":"itszendro","formatid":"gen9nationaldexubers","rating":1236,"private":0,"password":""}