{"id":"gen9nationaldexubers-1997460569","p1":"Funny jumpioi","p2":"SyntaxError614","format":"[Gen 9] National Dex Ubers","log":"|j|\u2606Funny jumpioi\n|j|\u2606SyntaxError614\n|t:|1700809242\n|gametype|singles\n|player|p1|Funny jumpioi|dawn|1081\n|player|p2|SyntaxError614|doubleteam|1148\n|teamsize|p1|6\n|teamsize|p2|6\n|gen|9\n|tier|[Gen 9] National Dex Ubers\n|rated|\n|rule|HP Percentage Mod: HP is shown in percentages\n|rule|Endless Battle Clause: Forcing endless battles is banned\n|rule|OHKO Clause: OHKO moves are banned\n|rule|Evasion Moves Clause: Evasion moves are banned\n|rule|Evasion Items Clause: Evasion items are banned\n|rule|Species Clause: Limit one of each Pok\u00e9mon\n|rule|Sleep Clause Mod: Limit one foe put to sleep\n|rule|Mega Rayquaza Clause: You cannot mega evolve Rayquaza\n|clearpoke\n|poke|p1|Glimmora, F|\n|poke|p1|Giratina-Origin|\n|poke|p1|Xerneas-*|\n|poke|p1|Arceus-Dark|\n|poke|p1|Groudon|\n|poke|p1|Necrozma-Dusk-Mane|\n|poke|p2|Deoxys-Speed|\n|poke|p2|Blastoise, F|\n|poke|p2|Ferrothorn, M|\n|poke|p2|Greninja-*, M|\n|poke|p2|Darmanitan-Galar, M|\n|poke|p2|Kingambit, F|\n|teampreview\n|\n|t:|1700809248\n|start\n|switch|p1a: Glimmora|Glimmora, F|100\/100\n|switch|p2a: Deoxys|Deoxys-Speed|100\/100\n|-ability|p2a: Deoxys|Pressure\n|turn|1\n|\n|t:|1700809254\n|move|p2a: Deoxys|Taunt|p1a: Glimmora\n|-start|p1a: Glimmora|move: Taunt\n|cant|p1a: Glimmora|move: Taunt|Spikes\n|\n|upkeep\n|turn|2\n|\n|t:|1700809262\n|move|p1a: Glimmora|Mortal Spin|p2a: Deoxys\n|-damage|p2a: Deoxys|93\/100\n|-status|p2a: Deoxys|psn\n|move|p2a: Deoxys|Mirror Coat||[still]\n|-fail|p2a: Deoxys\n|\n|-damage|p2a: Deoxys|80\/100 psn|[from] psn\n|upkeep\n|turn|3\n|\n|t:|1700809269\n|move|p2a: Deoxys|Skill Swap|p1a: Glimmora\n|-activate|p2a: Deoxys|move: Skill Swap|Toxic Debris|Pressure|[of] p1a: Glimmora\n|-ability|p1a: Glimmora|Pressure\n|move|p1a: Glimmora|Earth Power|p2a: Deoxys\n|-crit|p2a: Deoxys\n|-damage|p2a: Deoxys|26\/100 psn\n|\n|-damage|p2a: Deoxys|13\/100 psn|[from] psn\n|-end|p1a: Glimmora|move: Taunt\n|upkeep\n|turn|4\n|\n|t:|1700809277\n|move|p2a: Deoxys|Taunt|p1a: Glimmora\n|-start|p1a: Glimmora|move: Taunt\n|move|p1a: Glimmora|Earth Power|p2a: Deoxys\n|-damage|p2a: Deoxys|0 fnt\n|faint|p2a: Deoxys\n|\n|upkeep\n|\n|t:|1700809283\n|switch|p2a: Blastoise|Blastoise, F|100\/100\n|turn|5\n|\n|t:|1700809292\n|move|p1a: Glimmora|Mortal Spin|p2a: Blastoise\n|-damage|p2a: Blastoise|94\/100\n|-status|p2a: Blastoise|psn\n|move|p2a: Blastoise|Shell Smash|p2a: Blastoise\n|-unboost|p2a: Blastoise|def|1\n|-unboost|p2a: Blastoise|spd|1\n|-boost|p2a: Blastoise|atk|2\n|-boost|p2a: Blastoise|spa|2\n|-boost|p2a: Blastoise|spe|2\n|\n|-damage|p2a: Blastoise|82\/100 psn|[from] psn\n|upkeep\n|turn|6\n|\n|t:|1700809299\n|switch|p1a: Groudon|Groudon|100\/100\n|detailschange|p1a: Groudon|Groudon-Primal\n|-primal|p1a: Groudon|Red Orb\n|-weather|DesolateLand|[from] ability: Desolate Land|[of] p1a: Groudon\n|detailschange|p2a: Blastoise|Blastoise-Mega, F\n|-mega|p2a: Blastoise|Blastoise|Blastoisinite\n|move|p2a: Blastoise|Dark Pulse|p1a: Groudon\n|-damage|p1a: Groudon|25\/100\n|\n|-weather|DesolateLand|[upkeep]\n|-damage|p2a: Blastoise|70\/100 psn|[from] psn\n|upkeep\n|turn|7\n|\n|t:|1700809323\n|move|p2a: Blastoise|Dark Pulse|p1a: Groudon\n|-damage|p1a: Groudon|0 fnt\n|faint|p1a: Groudon\n|-weather|none\n|\n|-damage|p2a: Blastoise|57\/100 psn|[from] psn\n|upkeep\n|\n|t:|1700809326\n|switch|p1a: Glimmora|Glimmora, F|100\/100\n|turn|8\n|\n|t:|1700809330\n|move|p2a: Blastoise|Dark Pulse|p1a: Glimmora\n|-damage|p1a: Glimmora|3\/100\n|move|p1a: Glimmora|Power Gem|p2a: Blastoise\n|-damage|p2a: Blastoise|10\/100 psn\n|\n|-damage|p2a: Blastoise|0 fnt|[from] psn\n|faint|p2a: Blastoise\n|upkeep\n|\n|t:|1700809340\n|switch|p2a: Greninja|Greninja, M|100\/100\n|turn|9\n|\n|t:|1700809346\n|switch|p1a: Arceus|Arceus-Dark|100\/100\n|move|p2a: Greninja|Gunk Shot|p1a: Arceus\n|-start|p2a: Greninja|typechange|Poison|[from] ability: Protean\n|-damage|p1a: Arceus|64\/100\n|\n|upkeep\n|turn|10\n|\n|t:|1700809359\n|switch|p2a: Ferrothorn|Ferrothorn, M|100\/100\n|switch|p1a: Glimmora|Glimmora, F|3\/100\n|\n|upkeep\n|turn|11\n|\n|t:|1700809366\n|move|p1a: Glimmora|Spikes|p2a: Ferrothorn\n|-sidestart|p2: SyntaxError614|Spikes\n|move|p2a: Ferrothorn|Gyro Ball|p1a: Glimmora\n|-supereffective|p1a: Glimmora\n|-damage|p1a: Glimmora|0 fnt\n|-activate|p1a: Glimmora|ability: Toxic Debris\n|-sidestart|p2: SyntaxError614|move: Toxic Spikes\n|faint|p1a: Glimmora\n|\n|upkeep\n|\n|t:|1700809388\n|switch|p1a: Arceus|Arceus-Dark|64\/100\n|turn|12\n|\n|t:|1700809393\n|move|p1a: Arceus|Calm Mind|p1a: Arceus\n|-boost|p1a: Arceus|spa|1\n|-boost|p1a: Arceus|spd|1\n|move|p2a: Ferrothorn|Leech Seed|p1a: Arceus\n|-start|p1a: Arceus|move: Leech Seed\n|\n|-damage|p1a: Arceus|52\/100|[from] Leech Seed|[of] p2a: Ferrothorn\n|upkeep\n|turn|13\n|\n|t:|1700809397\n|move|p1a: Arceus|Recover|p1a: Arceus\n|-heal|p1a: Arceus|100\/100\n|move|p2a: Ferrothorn|Substitute|p2a: Ferrothorn\n|-start|p2a: Ferrothorn|Substitute\n|-damage|p2a: Ferrothorn|76\/100\n|\n|-heal|p2a: Ferrothorn|82\/100|[from] item: Leftovers\n|-damage|p1a: Arceus|88\/100|[from] Leech Seed|[of] p2a: Ferrothorn\n|-heal|p2a: Ferrothorn|98\/100|[silent]\n|upkeep\n|turn|14\n|\n|t:|1700809401\n|move|p1a: Arceus|Judgment|p2a: Ferrothorn\n|-end|p2a: Ferrothorn|Substitute\n|move|p2a: Ferrothorn|Gyro Ball|p1a: Arceus\n|-damage|p1a: Arceus|55\/100\n|\n|-heal|p2a: Ferrothorn|100\/100|[from] item: Leftovers\n|-damage|p1a: Arceus|43\/100|[from] Leech Seed|[of] p2a: Ferrothorn\n|upkeep\n|turn|15\n|\n|t:|1700809405\n|move|p1a: Arceus|Judgment|p2a: Ferrothorn\n|-damage|p2a: Ferrothorn|27\/100\n|move|p2a: Ferrothorn|Gyro Ball|p1a: Arceus\n|-damage|p1a: Arceus|8\/100\n|\n|-heal|p2a: Ferrothorn|33\/100|[from] item: Leftovers\n|-damage|p1a: Arceus|0 fnt|[from] Leech Seed|[of] p2a: Ferrothorn\n|-heal|p2a: Ferrothorn|43\/100|[silent]\n|faint|p1a: Arceus\n|upkeep\n|\n|t:|1700809412\n|switch|p1a: Xerneas|Xerneas, shiny|100\/100\n|-ability|p1a: Xerneas|Fairy Aura\n|turn|16\n|\n|t:|1700809418\n|-terastallize|p1a: Xerneas|Fairy\n|move|p1a: Xerneas|Moonblast|p2a: Ferrothorn\n|-resisted|p2a: Ferrothorn\n|-damage|p2a: Ferrothorn|4\/100\n|move|p2a: Ferrothorn|Thunder Wave|p1a: Xerneas\n|-status|p1a: Xerneas|par\n|\n|-heal|p2a: Ferrothorn|10\/100|[from] item: Leftovers\n|upkeep\n|turn|17\n|\n|t:|1700809426\n|cant|p1a: Xerneas|par\n|move|p2a: Ferrothorn|Leech Seed|p1a: Xerneas\n|-start|p1a: Xerneas|move: Leech Seed\n|\n|-heal|p2a: Ferrothorn|16\/100|[from] item: Leftovers\n|-damage|p1a: Xerneas|88\/100 par|[from] Leech Seed|[of] p2a: Ferrothorn\n|-heal|p2a: Ferrothorn|33\/100|[silent]\n|upkeep\n|turn|18\n|\n|t:|1700809430\n|move|p1a: Xerneas|Moonblast|p2a: Ferrothorn\n|-resisted|p2a: Ferrothorn\n|-damage|p2a: Ferrothorn|0 fnt\n|faint|p2a: Ferrothorn\n|\n|upkeep\n|\n|t:|1700809433\n|switch|p2a: Kingambit|Kingambit, F|100\/100\n|-damage|p2a: Kingambit|88\/100|[from] Spikes\n|-activate|p2a: Kingambit|ability: Supreme Overlord\n|-start|p2a: Kingambit|fallen3|[silent]\n|turn|19\n|\n|t:|1700809437\n|switch|p1a: Giratina|Giratina-Origin|100\/100\n|move|p2a: Kingambit|Iron Head|p1a: Giratina\n|-damage|p1a: Giratina|67\/100\n|\n|upkeep\n|turn|20\n|\n|t:|1700809441\n|move|p1a: Giratina|Will-O-Wisp|p2a: Kingambit|[miss]\n|-miss|p1a: Giratina|p2a: Kingambit\n|move|p2a: Kingambit|Kowtow Cleave|p1a: Giratina\n|-supereffective|p1a: Giratina\n|-damage|p1a: Giratina|3\/100\n|\n|upkeep\n|turn|21\n|\n|t:|1700809445\n|move|p2a: Kingambit|Sucker Punch||[still]\n|-fail|p2a: Kingambit\n|move|p1a: Giratina|Will-O-Wisp|p2a: Kingambit\n|-status|p2a: Kingambit|brn\n|-enditem|p2a: Kingambit|Lum Berry|[eat]\n|-curestatus|p2a: Kingambit|brn|[msg]\n|\n|upkeep\n|turn|22\n|\n|t:|1700809451\n|-end|p2a: Kingambit|fallen3|[silent]\n|switch|p2a: Greninja|Greninja, M|100\/100\n|-damage|p2a: Greninja|88\/100|[from] Spikes\n|-status|p2a: Greninja|psn\n|move|p1a: Giratina|Will-O-Wisp||[still]\n|-fail|p1a: Giratina\n|\n|-damage|p2a: Greninja|76\/100 psn|[from] psn\n|upkeep\n|turn|23\n|\n|t:|1700809455\n|switch|p1a: Xerneas|Xerneas, shiny, tera:Fairy|88\/100 par\n|-ability|p1a: Xerneas|Fairy Aura\n|move|p2a: Greninja|Ice Beam|p1a: Xerneas\n|-start|p2a: Greninja|typechange|Ice|[from] ability: Protean\n|-damage|p1a: Xerneas|56\/100 par\n|\n|-damage|p2a: Greninja|64\/100 psn|[from] psn\n|upkeep\n|turn|24\n|\n|t:|1700809458\n|switch|p1a: Necrozma|Necrozma-Dusk-Mane|100\/100\n|move|p2a: Greninja|Ice Beam|p1a: Necrozma\n|-resisted|p1a: Necrozma\n|-damage|p1a: Necrozma|84\/100\n|\n|-damage|p2a: Greninja|51\/100 psn|[from] psn\n|upkeep\n|turn|25\n|\n|t:|1700809463\n|move|p2a: Greninja|Ice Beam|p1a: Necrozma\n|-resisted|p1a: Necrozma\n|-damage|p1a: Necrozma|68\/100\n|move|p1a: Necrozma|Dragon Dance|p1a: Necrozma\n|-boost|p1a: Necrozma|atk|1\n|-boost|p1a: Necrozma|spe|1\n|\n|-damage|p2a: Greninja|39\/100 psn|[from] psn\n|upkeep\n|turn|26\n|\n|t:|1700809469\n|move|p2a: Greninja|Ice Beam|p1a: Necrozma\n|-resisted|p1a: Necrozma\n|-damage|p1a: Necrozma|50\/100\n|move|p1a: Necrozma|Dragon Dance|p1a: Necrozma\n|-boost|p1a: Necrozma|atk|1\n|-boost|p1a: Necrozma|spe|1\n|\n|-damage|p2a: Greninja|27\/100 psn|[from] psn\n|upkeep\n|turn|27\n|\n|t:|1700809471\n|move|p2a: Greninja|Ice Beam|p1a: Necrozma\n|-resisted|p1a: Necrozma\n|-damage|p1a: Necrozma|32\/100\n|move|p1a: Necrozma|Earthquake|p2a: Greninja\n|-damage|p2a: Greninja|0 fnt\n|faint|p2a: Greninja\n|\n|upkeep\n|\n|t:|1700809475\n|switch|p2a: Kingambit|Kingambit, F|88\/100\n|-damage|p2a: Kingambit|76\/100|[from] Spikes\n|-activate|p2a: Kingambit|ability: Supreme Overlord\n|-start|p2a: Kingambit|fallen4|[silent]\n|turn|28\n|\n|t:|1700809487\n|-terastallize|p2a: Kingambit|Dark\n|move|p2a: Kingambit|Sucker Punch|p1a: Necrozma\n|-supereffective|p1a: Necrozma\n|-damage|p1a: Necrozma|0 fnt\n|faint|p1a: Necrozma\n|\n|upkeep\n|\n|t:|1700809492\n|switch|p1a: Xerneas|Xerneas, shiny, tera:Fairy|56\/100 par\n|-ability|p1a: Xerneas|Fairy Aura\n|turn|29\n|\n|t:|1700809495\n|move|p2a: Kingambit|Iron Head|p1a: Xerneas\n|-supereffective|p1a: Xerneas\n|-damage|p1a: Xerneas|0 fnt\n|faint|p1a: Xerneas\n|\n|upkeep\n|-message|Funny jumpioi forfeited.\n|\n|win|SyntaxError614\n|raw|Funny jumpioi's rating: 1081 &rarr; <strong>1063<\/strong><br \/>(-18 for losing)\n|raw|SyntaxError614's rating: 1148 &rarr; <strong>1168<\/strong><br \/>(+20 for winning)\n|l|\u2606Funny jumpioi\n","uploadtime":1700809506,"views":3,"p1id":"funnyjumpioi","p2id":"syntaxerror614","formatid":"gen9nationaldexubers","rating":1063,"private":0,"password":""}