{"id":"gen9nationaldexubers-1987388789","p1":"CalamityCentral","p2":"dcmrulz","format":"[Gen 9] National Dex Ubers","log":"|j|\u2606CalamityCentral\n|j|\u2606dcmrulz\n|t:|1699585050\n|gametype|singles\n|player|p1|CalamityCentral|psychic-gen4|\n|player|p2|dcmrulz|101|\n|teamsize|p1|6\n|teamsize|p2|6\n|gen|9\n|tier|[Gen 9] National Dex Ubers\n|rule|HP Percentage Mod: HP is shown in percentages\n|rule|Endless Battle Clause: Forcing endless battles is banned\n|rule|OHKO Clause: OHKO moves are banned\n|rule|Evasion Moves Clause: Evasion moves are banned\n|rule|Evasion Items Clause: Evasion items are banned\n|rule|Species Clause: Limit one of each Pok\u00e9mon\n|rule|Sleep Clause Mod: Limit one foe put to sleep\n|rule|Mega Rayquaza Clause: You cannot mega evolve Rayquaza\n|clearpoke\n|poke|p1|Sharpedo, M|\n|poke|p1|Blacephalon|\n|poke|p1|Zygarde|\n|poke|p1|Tinkaton, F|\n|poke|p1|Rotom-Fan|\n|poke|p1|Claydol|\n|poke|p2|Kingambit, F|\n|poke|p2|Lopunny, F|\n|poke|p2|Kilowattrel, F|\n|poke|p2|Drifblim, M|\n|poke|p2|Great Tusk|\n|poke|p2|Torterra, F|\n|teampreview\n|j| VantaZack\n|j| itzsamurottlel\n|\n|t:|1699585079\n|start\n|switch|p1a: Oswald|Blacephalon|100\/100\n|switch|p2a: Ancient King|Great Tusk|100\/100\n|turn|1\n|\n|t:|1699585097\n|-end|p2a: Ancient King|Protosynthesis|[silent]\n|switch|p2a: Fizzle|Drifblim, M|100\/100\n|move|p1a: Oswald|Overheat|p2a: Fizzle\n|-damage|p2a: Fizzle|20\/100\n|-unboost|p1a: Oswald|spa|2\n|\n|upkeep\n|turn|2\n|j| BaraTheUmbraking\n|\n|t:|1699585110\n|switch|p1a: Wendy|Rotom-Fan, shiny|100\/100\n|move|p2a: Fizzle|Destiny Bond|p2a: Fizzle\n|-singlemove|p2a: Fizzle|Destiny Bond\n|\n|upkeep\n|turn|3\n|\n|t:|1699585119\n|move|p1a: Wendy|Nasty Plot|p1a: Wendy\n|-boost|p1a: Wendy|spa|2\n|move|p2a: Fizzle|Hex|p1a: Wendy\n|-damage|p1a: Wendy|68\/100\n|\n|-heal|p1a: Wendy|74\/100|[from] item: Leftovers\n|upkeep\n|turn|4\n|\n|t:|1699585126\n|move|p1a: Wendy|Nasty Plot|p1a: Wendy\n|-boost|p1a: Wendy|spa|2\n|move|p2a: Fizzle|Hex|p1a: Wendy\n|-damage|p1a: Wendy|44\/100\n|\n|-heal|p1a: Wendy|50\/100|[from] item: Leftovers\n|upkeep\n|turn|5\n|\n|t:|1699585164\n|move|p1a: Wendy|Thunderbolt|p2a: Fizzle\n|-supereffective|p2a: Fizzle\n|-damage|p2a: Fizzle|0 fnt\n|faint|p2a: Fizzle\n|\n|-heal|p1a: Wendy|56\/100|[from] item: Leftovers\n|upkeep\n|\n|t:|1699585171\n|switch|p2a: Ancient King|Great Tusk|100\/100\n|turn|6\n|\n|t:|1699585176\n|move|p2a: Ancient King|Ice Spinner|p1a: Wendy\n|-supereffective|p1a: Wendy\n|-damage|p1a: Wendy|0 fnt\n|faint|p1a: Wendy\n|\n|upkeep\n|\n|t:|1699585181\n|switch|p1a: Oswald|Blacephalon|100\/100\n|turn|7\n|\n|t:|1699585243\n|move|p1a: Oswald|Psychic|p2a: Ancient King\n|-supereffective|p2a: Ancient King\n|-damage|p2a: Ancient King|2\/100\n|move|p2a: Ancient King|Headlong Rush|p1a: Oswald\n|-supereffective|p1a: Oswald\n|-damage|p1a: Oswald|0 fnt\n|-unboost|p2a: Ancient King|def|1\n|-unboost|p2a: Ancient King|spd|1\n|faint|p1a: Oswald\n|\n|upkeep\n|\n|t:|1699585248\n|switch|p1a: Ramona|Tinkaton, F|100\/100\n|-ability|p1a: Ramona|Mold Breaker\n|turn|8\n|\n|t:|1699585265\n|-end|p2a: Ancient King|Protosynthesis|[silent]\n|switch|p2a: Torts|Torterra, F|100\/100\n|move|p1a: Ramona|Fake Out|p2a: Torts\n|-damage|p2a: Torts|90\/100\n|\n|upkeep\n|turn|9\n|\n|t:|1699585287\n|move|p2a: Torts|Headlong Rush|p1a: Ramona\n|-supereffective|p1a: Ramona\n|-damage|p1a: Ramona|0 fnt\n|-unboost|p2a: Torts|def|1\n|-unboost|p2a: Torts|spd|1\n|-enditem|p2a: Torts|White Herb\n|-clearnegativeboost|p2a: Torts|[silent]\n|faint|p1a: Ramona\n|\n|upkeep\n|\n|t:|1699585327\n|switch|p1a: Arahabaki|Claydol, shiny|100\/100\n|turn|10\n|\n|t:|1699585350\n|move|p2a: Torts|Shell Smash|p2a: Torts\n|-unboost|p2a: Torts|def|1\n|-unboost|p2a: Torts|spd|1\n|-boost|p2a: Torts|atk|2\n|-boost|p2a: Torts|spa|2\n|-boost|p2a: Torts|spe|2\n|move|p1a: Arahabaki|Reflect|p1a: Arahabaki\n|-sidestart|p1: CalamityCentral|Reflect\n|\n|upkeep\n|turn|11\n|\n|t:|1699585358\n|move|p2a: Torts|Seed Bomb|p1a: Arahabaki\n|-supereffective|p1a: Arahabaki\n|-damage|p1a: Arahabaki|35\/100\n|move|p1a: Arahabaki|Psychic|p2a: Torts\n|-damage|p2a: Torts|52\/100\n|\n|upkeep\n|turn|12\n|\n|t:|1699585364\n|move|p2a: Torts|Seed Bomb|p1a: Arahabaki\n|-supereffective|p1a: Arahabaki\n|-crit|p1a: Arahabaki\n|-damage|p1a: Arahabaki|0 fnt\n|faint|p1a: Arahabaki\n|\n|upkeep\n|\n|t:|1699585366\n|switch|p1a: Nidhoggr|Zygarde|100\/100\n|-ability|p1a: Nidhoggr|Aura Break\n|turn|13\n|\n|t:|1699585374\n|move|p2a: Torts|Seed Bomb|p1a: Nidhoggr\n|-damage|p1a: Nidhoggr|72\/100\n|move|p1a: Nidhoggr|Dragon Dance|p1a: Nidhoggr\n|-boost|p1a: Nidhoggr|atk|1\n|-boost|p1a: Nidhoggr|spe|1\n|\n|upkeep\n|turn|14\n|\n|t:|1699585384\n|move|p2a: Torts|Seed Bomb|p1a: Nidhoggr\n|-damage|p1a: Nidhoggr|40\/100\n|move|p1a: Nidhoggr|Thousand Arrows|p2a: Torts\n|-resisted|p2a: Torts\n|-damage|p2a: Torts|0 fnt\n|faint|p2a: Torts\n|-damage|p1a: Nidhoggr|30\/100|[from] item: Life Orb\n|\n|upkeep\n|\n|t:|1699585424\n|switch|p2a: Mama Lop|Lopunny, F|100\/100\n|turn|15\n|\n|t:|1699585428\n|detailschange|p2a: Mama Lop|Lopunny-Mega, F\n|-mega|p2a: Mama Lop|Lopunny|Lopunnite\n|move|p2a: Mama Lop|Fake Out|p1a: Nidhoggr\n|-damage|p1a: Nidhoggr|21\/100\n|cant|p1a: Nidhoggr|flinch\n|\n|upkeep\n|turn|16\n|\n|t:|1699585434\n|move|p1a: Nidhoggr|Outrage|p2a: Mama Lop\n|-damage|p2a: Mama Lop|0 fnt\n|faint|p2a: Mama Lop\n|-damage|p1a: Nidhoggr|11\/100|[from] item: Life Orb\n|\n|upkeep\n|\n|t:|1699585444\n|switch|p2a: Nobu|Kingambit, F|100\/100\n|-activate|p2a: Nobu|ability: Supreme Overlord\n|-start|p2a: Nobu|fallen3|[silent]\n|turn|17\n|\n|t:|1699585449\n|move|p2a: Nobu|Sucker Punch|p1a: Nidhoggr\n|-damage|p1a: Nidhoggr|0 fnt\n|faint|p1a: Nidhoggr\n|\n|-sideend|p1: CalamityCentral|Reflect\n|upkeep\n|\n|t:|1699585451\n|switch|p1a: Neptune|Sharpedo, M, shiny|100\/100\n|turn|18\n|\n|t:|1699585455\n|move|p1a: Neptune|Protect|p1a: Neptune\n|-singleturn|p1a: Neptune|Protect\n|move|p2a: Nobu|Swords Dance|p2a: Nobu\n|-boost|p2a: Nobu|atk|2\n|\n|-ability|p1a: Neptune|Speed Boost|boost\n|-boost|p1a: Neptune|spe|1\n|upkeep\n|turn|19\n|\n|t:|1699585463\n|detailschange|p1a: Neptune|Sharpedo-Mega, M, shiny\n|-mega|p1a: Neptune|Sharpedo|Sharpedonite\n|move|p2a: Nobu|Sucker Punch|p1a: Neptune\n|-resisted|p1a: Neptune\n|-damage|p1a: Neptune|20\/100\n|move|p1a: Neptune|Close Combat|p2a: Nobu\n|-supereffective|p2a: Nobu\n|-damage|p2a: Nobu|0 fnt\n|-unboost|p1a: Neptune|def|1\n|-unboost|p1a: Neptune|spd|1\n|faint|p2a: Nobu\n|-end|p2a: Nobu|fallen3|[silent]\n|\n|upkeep\n|\n|t:|1699585473\n|switch|p2a: Itaku|Kilowattrel, F|100\/100\n|turn|20\n|\n|t:|1699585476\n|move|p1a: Neptune|Crunch|p2a: Itaku\n|-damage|p2a: Itaku|0 fnt\n|faint|p2a: Itaku\n|\n|upkeep\n|c|\u2606dcmrulz|daaaang\n|c|\u2606dcmrulz|thought it was enough\n|-message|dcmrulz forfeited.\n|\n|win|CalamityCentral\n|l|\u2606dcmrulz\n|c|\u2606CalamityCentral|dark resist\n|c|\u2606CalamityCentral|ggs\n|j|\u2606dcmrulz\n|player|p2|dcmrulz|101\n","uploadtime":1699585497,"views":18,"p1id":"calamitycentral","p2id":"dcmrulz","formatid":"gen9nationaldexubers","rating":0,"private":0,"password":""}