{"id":"gen9nationaldexubers-1979296463","p1":"FVM(arshadow)","p2":"RetlawDB","format":"[Gen 9] National Dex Ubers","log":"|j|\u2606FVM(arshadow)\n|j|\u2606RetlawDB\n|t:|1698667953\n|gametype|singles\n|player|p1|FVM(arshadow)|lucas|1132\n|player|p2|RetlawDB|wattson|1152\n|teamsize|p1|6\n|teamsize|p2|6\n|gen|9\n|tier|[Gen 9] National Dex Ubers\n|rated|\n|rule|HP Percentage Mod: HP is shown in percentages\n|rule|Endless Battle Clause: Forcing endless battles is banned\n|rule|OHKO Clause: OHKO moves are banned\n|rule|Evasion Moves Clause: Evasion moves are banned\n|rule|Evasion Items Clause: Evasion items are banned\n|rule|Species Clause: Limit one of each Pok\u00e9mon\n|rule|Sleep Clause Mod: Limit one foe put to sleep\n|rule|Mega Rayquaza Clause: You cannot mega evolve Rayquaza\n|clearpoke\n|poke|p1|Marshadow|\n|poke|p1|Samurott-Hisui, F|\n|poke|p1|Great Tusk|\n|poke|p1|Corviknight, F|\n|poke|p1|Clodsire, M|\n|poke|p1|Pikachu, F|\n|poke|p2|Glalie, M|\n|poke|p2|Vikavolt, F|\n|poke|p2|Stakataka|\n|poke|p2|Muk-Alola, M|\n|poke|p2|Turtonator, F|\n|poke|p2|Cradily, F|\n|teampreview\n|inactive|Battle timer is ON: inactive players will automatically lose when time's up. (requested by FVM(arshadow))\n|\n|t:|1698667964\n|start\n|switch|p1a: Marshadow|Marshadow|100\/100\n|switch|p2a: Galium|Glalie, M|100\/100\n|turn|1\n|\n|t:|1698667967\n|move|p1a: Marshadow|Swagger|p2a: Galium\n|-boost|p2a: Galium|atk|2\n|-enditem|p1a: Marshadow|Mirror Herb\n|-boost|p1a: Marshadow|atk|2|[from] item: Mirror Herb\n|-start|p2a: Galium|confusion\n|-activate|p2a: Galium|confusion\n|move|p2a: Galium|Substitute|p2a: Galium\n|-start|p2a: Galium|Substitute\n|-damage|p2a: Galium|76\/100\n|\n|-ability|p2a: Galium|Moody|boost\n|-boost|p2a: Galium|def|2\n|-unboost|p2a: Galium|spd|1\n|upkeep\n|turn|2\n|\n|t:|1698667979\n|detailschange|p2a: Galium|Glalie-Mega, M\n|-mega|p2a: Galium|Glalie|Glalitite\n|move|p1a: Marshadow|Spectral Thief||[still]\n|-clearpositiveboost|p2a: Galium|p1a: Marshadow|move: Spectral Thief\n|-boost|p1a: Marshadow|atk|2\n|-boost|p1a: Marshadow|def|2\n|-anim|p1a: Marshadow|Spectral Thief|p2a: Galium\n|-damage|p2a: Galium|0 fnt\n|faint|p2a: Galium\n|\n|upkeep\n|c|\u2606RetlawDB|you sonova beech\n|\n|t:|1698668001\n|switch|p2a: Larreta|Muk-Alola, M, shiny|100\/100\n|turn|3\n|\n|t:|1698668007\n|move|p1a: Marshadow|Drain Punch|p2a: Larreta\n|-enditem|p2a: Larreta|Focus Sash\n|-damage|p2a: Larreta|1\/100\n|move|p2a: Larreta|Toxic|p1a: Marshadow\n|-status|p1a: Marshadow|tox\n|\n|-damage|p1a: Marshadow|94\/100 tox|[from] psn\n|upkeep\n|turn|4\n|\n|t:|1698668011\n|move|p1a: Marshadow|Drain Punch|p2a: Larreta\n|-damage|p2a: Larreta|0 fnt\n|-heal|p1a: Marshadow|95\/100 tox|[from] drain|[of] p2a: Larreta\n|faint|p2a: Larreta\n|\n|-damage|p1a: Marshadow|82\/100 tox|[from] psn\n|upkeep\n|\n|t:|1698668023\n|switch|p2a: Victoria|Vikavolt, F|100\/100\n|turn|5\n|\n|t:|1698668026\n|move|p1a: Marshadow|Ice Punch|p2a: Victoria\n|-damage|p2a: Victoria|0 fnt\n|faint|p2a: Victoria\n|\n|-damage|p1a: Marshadow|63\/100 tox|[from] psn\n|upkeep\n|\n|t:|1698668043\n|switch|p2a: Blocc|Stakataka|100\/100\n|-item|p2a: Blocc|Air Balloon\n|turn|6\n|\n|t:|1698668047\n|move|p1a: Marshadow|Drain Punch|p2a: Blocc\n|-supereffective|p2a: Blocc\n|-damage|p2a: Blocc|0 fnt\n|-heal|p1a: Marshadow|100\/100 tox|[from] drain|[of] p2a: Blocc\n|-enditem|p2a: Blocc|Air Balloon\n|faint|p2a: Blocc\n|\n|-damage|p1a: Marshadow|76\/100 tox|[from] psn\n|upkeep\n|\n|t:|1698668052\n|switch|p2a: Tormentor|Turtonator, F|100\/100\n|turn|7\n|\n|t:|1698668059\n|move|p1a: Marshadow|Drain Punch|p2a: Tormentor\n|-damage|p2a: Tormentor|0 fnt\n|-heal|p1a: Marshadow|100\/100 tox|[from] drain|[of] p2a: Tormentor\n|faint|p2a: Tormentor\n|\n|-damage|p1a: Marshadow|69\/100 tox|[from] psn\n|upkeep\n|\n|t:|1698668064\n|switch|p2a: Cramberry|Cradily, F, shiny|100\/100\n|turn|8\n|\n|t:|1698668069\n|-terastallize|p2a: Cramberry|Ground\n|move|p1a: Marshadow|Drain Punch|p2a: Cramberry\n|-damage|p2a: Cramberry|4\/100\n|-heal|p1a: Marshadow|100\/100 tox|[from] drain|[of] p2a: Cramberry\n|move|p2a: Cramberry|Recover|p2a: Cramberry\n|-heal|p2a: Cramberry|54\/100\n|\n|-heal|p2a: Cramberry|60\/100|[from] item: Leftovers\n|-damage|p1a: Marshadow|63\/100 tox|[from] psn\n|upkeep\n|turn|9\n|\n|t:|1698668080\n|move|p1a: Marshadow|Drain Punch|p2a: Cramberry\n|-damage|p2a: Cramberry|0 fnt\n|-heal|p1a: Marshadow|98\/100 tox|[from] drain|[of] p2a: Cramberry\n|faint|p2a: Cramberry\n|\n|win|FVM(arshadow)\n|raw|FVM(arshadow)'s rating: 1132 &rarr; <strong>1158<\/strong><br \/>(+26 for winning)\n|raw|RetlawDB's rating: 1152 &rarr; <strong>1126<\/strong><br \/>(-26 for losing)\n|l|\u2606RetlawDB\n","uploadtime":1698668097,"views":10,"p1id":"fvmarshadow","p2id":"retlawdb","formatid":"gen9nationaldexubers","rating":1126,"private":0,"password":""}