{"id":"gen9nationaldexubers-1987802233","p1":"SwellowBirdJesus","p2":"matchatea","format":"[Gen 9] National Dex Ubers","log":"|j|\u2606SwellowBirdJesus\n|j|\u2606matchatea\n|t:|1699638205\n|gametype|singles\n|player|p1|SwellowBirdJesus|winona|\n|player|p2|matchatea|2|\n|teamsize|p1|6\n|teamsize|p2|6\n|gen|9\n|tier|[Gen 9] National Dex Ubers\n|rule|HP Percentage Mod: HP is shown in percentages\n|rule|Endless Battle Clause: Forcing endless battles is banned\n|rule|OHKO Clause: OHKO moves are banned\n|rule|Evasion Moves Clause: Evasion moves are banned\n|rule|Evasion Items Clause: Evasion items are banned\n|rule|Species Clause: Limit one of each Pok\u00e9mon\n|rule|Sleep Clause Mod: Limit one foe put to sleep\n|rule|Mega Rayquaza Clause: You cannot mega evolve Rayquaza\n|clearpoke\n|poke|p1|Arceus|\n|poke|p1|Gardevoir, M|\n|poke|p1|Regigigas|\n|poke|p1|Nidoran-F, F|\n|poke|p1|Skorupi, F|\n|poke|p1|Gastly, M|\n|poke|p2|Kingler, M|\n|poke|p2|Magnemite|\n|poke|p2|Gligar, M|\n|poke|p2|Lugia|\n|poke|p2|Drifloon, F|\n|poke|p2|Sealeo, F|\n|teampreview\n|inactive|Battle timer is ON: inactive players will automatically lose when time's up. (requested by SwellowBirdJesus)\n|\n|t:|1699638235\n|start\n|switch|p1a: Nidoran-F|Nidoran-F, F|100\/100\n|switch|p2a: Gligar|Gligar, M|100\/100\n|turn|1\n|\n|t:|1699638245\n|move|p2a: Gligar|Stealth Rock|p1a: Nidoran-F\n|-sidestart|p1: SwellowBirdJesus|move: Stealth Rock\n|move|p1a: Nidoran-F|Toxic Spikes|p2a: Gligar\n|-sidestart|p2: matchatea|move: Toxic Spikes\n|\n|upkeep\n|turn|2\n|inactive|matchatea has 270 seconds left.\n|\n|t:|1699638279\n|switch|p2a: Drifloon|Drifloon, F|100\/100\n|move|p1a: Nidoran-F|Toxic Spikes|p2a: Drifloon\n|-sidestart|p2: matchatea|move: Toxic Spikes\n|\n|upkeep\n|turn|3\n|inactive|matchatea has 270 seconds left.\n|\n|t:|1699638291\n|move|p2a: Drifloon|Shadow Ball|p1a: Nidoran-F\n|-damage|p1a: Nidoran-F|34\/100\n|move|p1a: Nidoran-F|Blizzard|p2a: Drifloon\n|-supereffective|p2a: Drifloon\n|-damage|p2a: Drifloon|54\/100\n|\n|upkeep\n|turn|4\n|inactive|matchatea has 270 seconds left.\n|\n|t:|1699638310\n|move|p2a: Drifloon|Shadow Ball|p1a: Nidoran-F\n|-damage|p1a: Nidoran-F|0 fnt\n|faint|p1a: Nidoran-F\n|\n|upkeep\n|inactive|SwellowBirdJesus has 270 seconds left.\n|\n|t:|1699638332\n|switch|p1a: Gardevoir|Gardevoir, M|100\/100\n|-damage|p1a: Gardevoir|88\/100|[from] Stealth Rock\n|-ability|p1a: Gardevoir|Unburden|[from] ability: Trace|[of] p2a: Drifloon\n|turn|5\n|inactive|matchatea has 270 seconds left.\n|\n|t:|1699638363\n|move|p1a: Gardevoir|Calm Mind|p1a: Gardevoir\n|-boost|p1a: Gardevoir|spa|1\n|-boost|p1a: Gardevoir|spd|1\n|move|p2a: Drifloon|Disable|p1a: Gardevoir\n|-start|p1a: Gardevoir|Disable|Calm Mind\n|\n|-heal|p1a: Gardevoir|94\/100|[from] item: Leftovers\n|upkeep\n|turn|6\n|inactive|SwellowBirdJesus has 270 seconds left.\n|inactive|matchatea has 240 seconds left.\n|\n|t:|1699638388\n|move|p1a: Gardevoir|Encore|p2a: Drifloon\n|-start|p2a: Drifloon|Encore\n|move|p2a: Drifloon|Disable||[still]\n|-fail|p2a: Drifloon\n|\n|-heal|p1a: Gardevoir|100\/100|[from] item: Leftovers\n|upkeep\n|turn|7\n|\n|t:|1699638395\n|switch|p2a: Magnemite|Magnemite|100\/100\n|move|p1a: Gardevoir|Shadow Ball|p2a: Magnemite\n|-damage|p2a: Magnemite|39\/100\n|\n|upkeep\n|turn|8\n|\n|t:|1699638408\n|move|p1a: Gardevoir|Shadow Ball|p2a: Magnemite\n|-damage|p2a: Magnemite|0 fnt\n|faint|p2a: Magnemite\n|\n|upkeep\n|inactive|matchatea has 240 seconds left.\n|inactive|matchatea has 210 seconds left.\n|\n|t:|1699638458\n|switch|p2a: Gligar|Gligar, M|100\/100\n|turn|9\n|\n|t:|1699638471\n|move|p2a: Gligar|Spikes|p1a: Gardevoir\n|-sidestart|p1: SwellowBirdJesus|Spikes\n|move|p1a: Gardevoir|Shadow Ball|p2a: Gligar\n|-damage|p2a: Gligar|20\/100\n|\n|-end|p1a: Gardevoir|Disable\n|upkeep\n|turn|10\n|\n|t:|1699638480\n|move|p2a: Gligar|Spikes|p1a: Gardevoir\n|-sidestart|p1: SwellowBirdJesus|Spikes\n|move|p1a: Gardevoir|Shadow Ball|p2a: Gligar\n|-damage|p2a: Gligar|0 fnt\n|faint|p2a: Gligar\n|\n|upkeep\n|inactive|matchatea has 210 seconds left.\n|\n|t:|1699638500\n|switch|p2a: Lugia|Lugia|100\/100\n|turn|11\n|\n|t:|1699638503\n|move|p1a: Gardevoir|Shadow Ball|p2a: Lugia\n|-supereffective|p2a: Lugia\n|-damage|p2a: Lugia|79\/100\n|move|p2a: Lugia|Toxic|p1a: Gardevoir\n|-status|p1a: Gardevoir|tox\n|\n|-heal|p2a: Lugia|85\/100|[from] item: Leftovers\n|-damage|p1a: Gardevoir|94\/100 tox|[from] psn\n|upkeep\n|turn|12\n|inactive|matchatea has 210 seconds left.\n|\n|t:|1699638528\n|move|p1a: Gardevoir|Encore|p2a: Lugia\n|-start|p2a: Lugia|Encore\n|move|p2a: Lugia|Toxic|p1a: Gardevoir|[miss]\n|-miss|p2a: Lugia|p1a: Gardevoir\n|\n|-heal|p1a: Gardevoir|100\/100 tox|[from] item: Leftovers\n|-heal|p2a: Lugia|91\/100|[from] item: Leftovers\n|-damage|p1a: Gardevoir|88\/100 tox|[from] psn\n|upkeep\n|turn|13\n|\n|t:|1699638536\n|move|p1a: Gardevoir|Calm Mind|p1a: Gardevoir\n|-boost|p1a: Gardevoir|spa|1\n|-boost|p1a: Gardevoir|spd|1\n|move|p2a: Lugia|Toxic|p1a: Gardevoir\n|-fail|p1a: Gardevoir|tox\n|\n|-heal|p1a: Gardevoir|94\/100 tox|[from] item: Leftovers\n|-heal|p2a: Lugia|97\/100|[from] item: Leftovers\n|-damage|p1a: Gardevoir|76\/100 tox|[from] psn\n|upkeep\n|turn|14\n|\n|t:|1699638544\n|move|p1a: Gardevoir|Calm Mind|p1a: Gardevoir\n|-boost|p1a: Gardevoir|spa|1\n|-boost|p1a: Gardevoir|spd|1\n|move|p2a: Lugia|Toxic|p1a: Gardevoir\n|-fail|p1a: Gardevoir|tox\n|\n|-heal|p1a: Gardevoir|82\/100 tox|[from] item: Leftovers\n|-heal|p2a: Lugia|100\/100|[from] item: Leftovers\n|-damage|p1a: Gardevoir|58\/100 tox|[from] psn\n|-end|p2a: Lugia|Encore\n|upkeep\n|turn|15\n|\n|t:|1699638555\n|move|p1a: Gardevoir|Encore|p2a: Lugia\n|-start|p2a: Lugia|Encore\n|move|p2a: Lugia|Toxic|p1a: Gardevoir\n|-fail|p1a: Gardevoir|tox\n|\n|-heal|p1a: Gardevoir|64\/100 tox|[from] item: Leftovers\n|-damage|p1a: Gardevoir|33\/100 tox|[from] psn\n|upkeep\n|turn|16\n|\n|t:|1699638558\n|move|p1a: Gardevoir|Shadow Ball|p2a: Lugia\n|-supereffective|p2a: Lugia\n|-damage|p2a: Lugia|65\/100\n|move|p2a: Lugia|Toxic|p1a: Gardevoir|[miss]\n|-miss|p2a: Lugia|p1a: Gardevoir\n|\n|-heal|p1a: Gardevoir|39\/100 tox|[from] item: Leftovers\n|-heal|p2a: Lugia|71\/100|[from] item: Leftovers\n|-damage|p1a: Gardevoir|2\/100 tox|[from] psn\n|upkeep\n|turn|17\n|\n|t:|1699638569\n|move|p1a: Gardevoir|Shadow Ball|p2a: Lugia\n|-supereffective|p2a: Lugia\n|-damage|p2a: Lugia|0 fnt\n|faint|p2a: Lugia\n|\n|-heal|p1a: Gardevoir|8\/100 tox|[from] item: Leftovers\n|-damage|p1a: Gardevoir|0 fnt|[from] psn\n|faint|p1a: Gardevoir\n|upkeep\n|inactive|matchatea has 210 seconds left.\n|inactive|matchatea has 180 seconds left.\n|\n|t:|1699638634\n|switch|p1a: Gastly|Gastly, M|100\/100\n|switch|p2a: Drifloon|Drifloon, F|54\/100\n|-damage|p1a: Gastly|88\/100|[from] Stealth Rock\n|turn|18\n|\n|t:|1699638649\n|move|p1a: Gastly|Destiny Bond|p1a: Gastly\n|-singlemove|p1a: Gastly|Destiny Bond\n|move|p2a: Drifloon|Destiny Bond|p2a: Drifloon\n|-singlemove|p2a: Drifloon|Destiny Bond\n|\n|upkeep\n|turn|19\n|\n|t:|1699638658\n|move|p1a: Gastly|Curse|p2a: Drifloon\n|-start|p2a: Drifloon|Curse|[of] p1a: Gastly\n|-damage|p1a: Gastly|39\/100\n|move|p2a: Drifloon|Disable|p1a: Gastly\n|-start|p1a: Gastly|Disable|Curse\n|\n|-damage|p2a: Drifloon|29\/100|[from] Curse\n|upkeep\n|turn|20\n|\n|t:|1699638670\n|move|p1a: Gastly|Destiny Bond|p1a: Gastly\n|-singlemove|p1a: Gastly|Destiny Bond\n|move|p2a: Drifloon|Clear Smog|p1a: Gastly\n|-resisted|p1a: Gastly\n|-damage|p1a: Gastly|31\/100\n|-clearboost|p1a: Gastly\n|\n|-damage|p2a: Drifloon|5\/100|[from] Curse\n|upkeep\n|turn|21\n|\n|t:|1699638678\n|move|p1a: Gastly|Will-O-Wisp|p2a: Drifloon\n|-status|p2a: Drifloon|brn\n|move|p2a: Drifloon|Destiny Bond|p2a: Drifloon\n|-singlemove|p2a: Drifloon|Destiny Bond\n|\n|-damage|p2a: Drifloon|0 fnt|[from] brn\n|faint|p2a: Drifloon\n|upkeep\n|\n|t:|1699638688\n|switch|p2a: Sealeo|Sealeo, F|100\/100\n|-status|p2a: Sealeo|tox\n|turn|22\n|inactive|matchatea has 180 seconds left.\n|\n|t:|1699638721\n|move|p1a: Gastly|Destiny Bond|p1a: Gastly\n|-singlemove|p1a: Gastly|Destiny Bond\n|move|p2a: Sealeo|Icicle Spear|p1a: Gastly\n|-damage|p1a: Gastly|12\/100\n|-damage|p1a: Gastly|0 fnt\n|faint|p1a: Gastly\n|-activate|p1a: Gastly|move: Destiny Bond\n|faint|p2a: Sealeo\n|-hitcount|p1: Gastly|2\n|\n|upkeep\n|\n|t:|1699638730\n|switch|p1a: Regigigas|Regigigas|100\/100\n|switch|p2a: Kingler|Kingler, M|100\/100\n|-status|p2a: Kingler|tox\n|-damage|p1a: Regigigas|88\/100|[from] Stealth Rock\n|-damage|p1a: Regigigas|72\/100|[from] Spikes\n|-start|p1a: Regigigas|ability: Slow Start\n|turn|23\n|\n|t:|1699638742\n|move|p1a: Regigigas|Protect|p1a: Regigigas\n|-singleturn|p1a: Regigigas|Protect\n|move|p2a: Kingler|Hammer Arm|p1a: Regigigas\n|-activate|p1a: Regigigas|move: Protect\n|\n|-heal|p1a: Regigigas|78\/100|[from] item: Leftovers\n|-damage|p2a: Kingler|95\/100 tox|[from] psn\n|upkeep\n|turn|24\n|\n|t:|1699638747\n|move|p2a: Kingler|Hammer Arm|p1a: Regigigas\n|-supereffective|p1a: Regigigas\n|-damage|p1a: Regigigas|8\/100\n|-unboost|p2a: Kingler|spe|1\n|-damage|p2a: Kingler|85\/100 tox|[from] item: Life Orb\n|move|p1a: Regigigas|Substitute|p1a: Regigigas\n|-fail|p1a: Regigigas|move: Substitute|[weak]\n|\n|-heal|p1a: Regigigas|14\/100|[from] item: Leftovers\n|-damage|p2a: Kingler|73\/100 tox|[from] psn\n|upkeep\n|turn|25\n|\n|t:|1699638756\n|move|p1a: Regigigas|Protect|p1a: Regigigas\n|-singleturn|p1a: Regigigas|Protect\n|move|p2a: Kingler|Double-Edge|p1a: Regigigas\n|-activate|p1a: Regigigas|move: Protect\n|\n|-heal|p1a: Regigigas|21\/100|[from] item: Leftovers\n|-damage|p2a: Kingler|55\/100 tox|[from] psn\n|upkeep\n|turn|26\n|\n|t:|1699638766\n|move|p1a: Regigigas|Protect|p1a: Regigigas\n|-singleturn|p1a: Regigigas|Protect\n|move|p2a: Kingler|Double-Edge|p1a: Regigigas\n|-activate|p1a: Regigigas|move: Protect\n|\n|-heal|p1a: Regigigas|27\/100|[from] item: Leftovers\n|-damage|p2a: Kingler|31\/100 tox|[from] psn\n|upkeep\n|turn|27\n|\n|t:|1699638774\n|move|p2a: Kingler|Double-Edge|p1a: Regigigas\n|-damage|p1a: Regigigas|0 fnt\n|faint|p1a: Regigigas\n|-end|p1a: Regigigas|Slow Start|[silent]\n|-damage|p2a: Kingler|16\/100 tox|[from] Recoil\n|-damage|p2a: Kingler|6\/100 tox|[from] item: Life Orb\n|\n|-damage|p2a: Kingler|0 fnt|[from] psn\n|faint|p2a: Kingler\n|\n|win|SwellowBirdJesus\n|upkeep\n","uploadtime":1699638788,"views":14,"p1id":"swellowbirdjesus","p2id":"matchatea","formatid":"gen9nationaldexubers","rating":0,"private":0,"password":""}