{"id":"gen9nationaldexubers-1983363920","p1":"TheZebra44","p2":"WesFromOaksLab","format":"[Gen 9] National Dex Ubers","log":"|j|\u2606TheZebra44\n|j|\u2606WesFromOaksLab\n|t:|1699122331\n|gametype|singles\n|player|p1|TheZebra44|170|\n|player|p2|WesFromOaksLab|norman|\n|teamsize|p1|6\n|teamsize|p2|6\n|gen|9\n|tier|[Gen 9] National Dex Ubers\n|rule|HP Percentage Mod: HP is shown in percentages\n|rule|Endless Battle Clause: Forcing endless battles is banned\n|rule|OHKO Clause: OHKO moves are banned\n|rule|Evasion Moves Clause: Evasion moves are banned\n|rule|Evasion Items Clause: Evasion items are banned\n|rule|Species Clause: Limit one of each Pok\u00e9mon\n|rule|Sleep Clause Mod: Limit one foe put to sleep\n|rule|Mega Rayquaza Clause: You cannot mega evolve Rayquaza\n|clearpoke\n|poke|p1|Cloyster, M|\n|poke|p1|Salamence, F|\n|poke|p1|Tyranitar, F|\n|poke|p1|Garganacl, M|\n|poke|p1|Excadrill, F|\n|poke|p1|Dubwool, F|\n|poke|p2|Dragonite, M|\n|poke|p2|Pelipper, M|\n|poke|p2|Magnezone|\n|poke|p2|Floatzel, M|\n|poke|p2|Gligar, M|\n|poke|p2|Milotic, F|\n|teampreview\n|l|\u2606TheZebra44\n|player|p1|\n|j| PorygonTheBot\n|c| PorygonTheBot|I'm here now, the battle can get started!\n|\n|t:|1699122454\n|start\n|switch|p1a: Cloyster|Cloyster, M|100\/100\n|switch|p2a: Gligar|Gligar, M|100\/100\n|turn|1\n|j|\u2606TheZebra44\n|player|p1|TheZebra44|170\n|\n|t:|1699122543\n|switch|p2a: Milotic|Milotic, F|100\/100\n|move|p1a: Cloyster|Icicle Spear|p2a: Milotic\n|-resisted|p2a: Milotic\n|-damage|p2a: Milotic|96\/100\n|-resisted|p2a: Milotic\n|-damage|p2a: Milotic|92\/100\n|-resisted|p2a: Milotic\n|-damage|p2a: Milotic|88\/100\n|-resisted|p2a: Milotic\n|-damage|p2a: Milotic|83\/100\n|-resisted|p2a: Milotic\n|-damage|p2a: Milotic|79\/100\n|-hitcount|p2a: Milotic|5\n|\n|upkeep\n|turn|2\n|\n|t:|1699122601\n|move|p2a: Milotic|Scald|p1a: Cloyster\n|-resisted|p1a: Cloyster\n|-damage|p1a: Cloyster|71\/100\n|move|p1a: Cloyster|Rock Blast|p2a: Milotic\n|-crit|p2a: Milotic\n|-damage|p2a: Milotic|71\/100\n|-damage|p2a: Milotic|65\/100\n|-damage|p2a: Milotic|60\/100\n|-damage|p2a: Milotic|54\/100\n|-damage|p2a: Milotic|48\/100\n|-hitcount|p2a: Milotic|5\n|\n|upkeep\n|turn|3\n|\n|t:|1699122616\n|switch|p1a: Dubwool|Dubwool, F|100\/100\n|move|p2a: Milotic|Recover|p2a: Milotic\n|-heal|p2a: Milotic|98\/100\n|\n|upkeep\n|turn|4\n|\n|t:|1699122633\n|move|p1a: Dubwool|Wild Charge|p2a: Milotic\n|-supereffective|p2a: Milotic\n|-damage|p2a: Milotic|72\/100\n|-damage|p1a: Dubwool|93\/100|[from] Recoil\n|move|p2a: Milotic|Scald|p1a: Dubwool\n|-damage|p1a: Dubwool|63\/100\n|\n|-heal|p1a: Dubwool|69\/100|[from] item: Leftovers\n|upkeep\n|turn|5\n|\n|t:|1699122649\n|move|p1a: Dubwool|Cotton Guard|p1a: Dubwool\n|-boost|p1a: Dubwool|def|3\n|move|p2a: Milotic|Recover|p2a: Milotic\n|-heal|p2a: Milotic|100\/100\n|\n|-heal|p1a: Dubwool|75\/100|[from] item: Leftovers\n|upkeep\n|turn|6\n|\n|t:|1699122662\n|move|p1a: Dubwool|Wild Charge|p2a: Milotic\n|-supereffective|p2a: Milotic\n|-damage|p2a: Milotic|75\/100\n|-damage|p1a: Dubwool|67\/100|[from] Recoil\n|move|p2a: Milotic|Haze|p2a: Milotic\n|-clearallboost\n|\n|-heal|p1a: Dubwool|73\/100|[from] item: Leftovers\n|upkeep\n|turn|7\n|\n|t:|1699122673\n|move|p1a: Dubwool|Wild Charge|p2a: Milotic\n|-supereffective|p2a: Milotic\n|-crit|p2a: Milotic\n|-damage|p2a: Milotic|37\/100\n|-damage|p1a: Dubwool|63\/100|[from] Recoil\n|move|p2a: Milotic|Scald|p1a: Dubwool\n|-damage|p1a: Dubwool|33\/100\n|-status|p1a: Dubwool|brn\n|\n|-heal|p1a: Dubwool|39\/100 brn|[from] item: Leftovers\n|-damage|p1a: Dubwool|33\/100 brn|[from] brn\n|upkeep\n|turn|8\n|\n|t:|1699122686\n|move|p1a: Dubwool|Wild Charge|p2a: Milotic\n|-supereffective|p2a: Milotic\n|-damage|p2a: Milotic|25\/100\n|-damage|p1a: Dubwool|30\/100 brn|[from] Recoil\n|move|p2a: Milotic|Recover|p2a: Milotic\n|-heal|p2a: Milotic|75\/100\n|\n|-heal|p1a: Dubwool|36\/100 brn|[from] item: Leftovers\n|-damage|p1a: Dubwool|30\/100 brn|[from] brn\n|upkeep\n|turn|9\n|\n|t:|1699122699\n|switch|p2a: Gligar|Gligar, M|100\/100\n|move|p1a: Dubwool|Wild Charge|p2a: Gligar\n|-immune|p2a: Gligar\n|\n|-heal|p1a: Dubwool|36\/100 brn|[from] item: Leftovers\n|-damage|p1a: Dubwool|30\/100 brn|[from] brn\n|upkeep\n|turn|10\n|\n|t:|1699122716\n|move|p1a: Dubwool|Body Press|p2a: Gligar\n|-resisted|p2a: Gligar\n|-damage|p2a: Gligar|96\/100\n|move|p2a: Gligar|Knock Off|p1a: Dubwool\n|-damage|p1a: Dubwool|21\/100 brn\n|-enditem|p1a: Dubwool|Leftovers|[from] move: Knock Off|[of] p2a: Gligar\n|\n|-damage|p1a: Dubwool|15\/100 brn|[from] brn\n|upkeep\n|turn|11\n|\n|t:|1699122731\n|-terastallize|p1a: Dubwool|Fighting\n|move|p1a: Dubwool|Body Press|p2a: Gligar\n|-resisted|p2a: Gligar\n|-damage|p2a: Gligar|90\/100\n|move|p2a: Gligar|Earthquake|p1a: Dubwool\n|-damage|p1a: Dubwool|0 fnt\n|faint|p1a: Dubwool\n|\n|upkeep\n|\n|t:|1699122749\n|switch|p1a: Tyranitar|Tyranitar, F|100\/100\n|-weather|Sandstorm|[from] ability: Sand Stream|[of] p1a: Tyranitar\n|turn|12\n|\n|t:|1699122762\n|move|p2a: Gligar|Earthquake|p1a: Tyranitar\n|-supereffective|p1a: Tyranitar\n|-damage|p1a: Tyranitar|34\/100\n|move|p1a: Tyranitar|Ice Punch|p2a: Gligar\n|-supereffective|p2a: Gligar\n|-damage|p2a: Gligar|9\/100\n|\n|-weather|Sandstorm|[upkeep]\n|upkeep\n|turn|13\n|\n|t:|1699122779\n|switch|p1a: Salamence|Salamence, F|100\/100\n|move|p2a: Gligar|Earthquake|p1a: Salamence\n|-immune|p1a: Salamence\n|\n|-weather|Sandstorm|[upkeep]\n|-damage|p1a: Salamence|94\/100|[from] Sandstorm\n|upkeep\n|turn|14\n|\n|t:|1699122806\n|switch|p2a: Milotic|Milotic, F|75\/100\n|move|p1a: Salamence|Dragon Tail|p2a: Milotic|[miss]\n|-miss|p1a: Salamence|p2a: Milotic\n|\n|-weather|Sandstorm|[upkeep]\n|-damage|p1a: Salamence|88\/100|[from] Sandstorm\n|-damage|p2a: Milotic|69\/100|[from] Sandstorm\n|upkeep\n|turn|15\n|\n|t:|1699122816\n|move|p2a: Milotic|Ice Beam|p1a: Salamence\n|-supereffective|p1a: Salamence\n|-damage|p1a: Salamence|0 fnt\n|faint|p1a: Salamence\n|\n|-weather|Sandstorm|[upkeep]\n|-damage|p2a: Milotic|63\/100|[from] Sandstorm\n|upkeep\n|\n|t:|1699122847\n|switch|p1a: Excadrill|Excadrill, F|100\/100\n|turn|16\n|\n|t:|1699122856\n|switch|p2a: Pelipper|Pelipper, M|100\/100\n|-weather|RainDance|[from] ability: Drizzle|[of] p2a: Pelipper\n|move|p1a: Excadrill|Earthquake|p2a: Pelipper\n|-immune|p2a: Pelipper\n|\n|-weather|RainDance|[upkeep]\n|upkeep\n|turn|17\n|\n|t:|1699122867\n|switch|p1a: Tyranitar|Tyranitar, F|34\/100\n|-weather|Sandstorm|[from] ability: Sand Stream|[of] p1a: Tyranitar\n|move|p2a: Pelipper|Scald|p1a: Tyranitar\n|-supereffective|p1a: Tyranitar\n|-damage|p1a: Tyranitar|12\/100\n|\n|-weather|Sandstorm|[upkeep]\n|-damage|p2a: Pelipper|94\/100|[from] Sandstorm\n|upkeep\n|turn|18\n|\n|t:|1699122883\n|switch|p2a: Gligar|Gligar, M|9\/100\n|move|p1a: Tyranitar|Thunder Punch|p2a: Gligar\n|-immune|p2a: Gligar\n|\n|-weather|Sandstorm|[upkeep]\n|upkeep\n|turn|19\n|\n|t:|1699122901\n|switch|p1a: Garganacl|Garganacl, M|100\/100\n|move|p2a: Gligar|Earthquake|p1a: Garganacl\n|-supereffective|p1a: Garganacl\n|-damage|p1a: Garganacl|58\/100\n|\n|-weather|Sandstorm|[upkeep]\n|-heal|p1a: Garganacl|65\/100|[from] item: Leftovers\n|upkeep\n|turn|20\n|\n|t:|1699122912\n|move|p2a: Gligar|Knock Off|p1a: Garganacl\n|-damage|p1a: Garganacl|52\/100\n|-enditem|p1a: Garganacl|Leftovers|[from] move: Knock Off|[of] p2a: Gligar\n|move|p1a: Garganacl|Salt Cure|p2a: Gligar\n|-damage|p2a: Gligar|0 fnt\n|faint|p2a: Gligar\n|\n|-weather|Sandstorm|[upkeep]\n|upkeep\n|\n|t:|1699122929\n|switch|p2a: Milotic|Milotic, F|63\/100\n|turn|21\n|\n|t:|1699122933\n|move|p2a: Milotic|Scald|p1a: Garganacl\n|-supereffective|p1a: Garganacl\n|-damage|p1a: Garganacl|16\/100\n|move|p1a: Garganacl|Salt Cure|p2a: Milotic\n|-damage|p2a: Milotic|52\/100\n|\n|-weather|none\n|upkeep\n|turn|22\n|\n|t:|1699122959\n|move|p2a: Milotic|Scald|p1a: Garganacl\n|-supereffective|p1a: Garganacl\n|-damage|p1a: Garganacl|0 fnt\n|faint|p1a: Garganacl\n|\n|upkeep\n|\n|t:|1699122965\n|switch|p1a: Tyranitar|Tyranitar, F|12\/100\n|-weather|Sandstorm|[from] ability: Sand Stream|[of] p1a: Tyranitar\n|turn|23\n|\n|t:|1699122974\n|move|p2a: Milotic|Scald|p1a: Tyranitar\n|-supereffective|p1a: Tyranitar\n|-damage|p1a: Tyranitar|0 fnt\n|faint|p1a: Tyranitar\n|\n|-weather|Sandstorm|[upkeep]\n|-damage|p2a: Milotic|46\/100|[from] Sandstorm\n|upkeep\n|\n|t:|1699122976\n|switch|p1a: Excadrill|Excadrill, F|100\/100\n|turn|24\n|\n|t:|1699122990\n|switch|p2a: Pelipper|Pelipper, M|94\/100\n|-weather|RainDance|[from] ability: Drizzle|[of] p2a: Pelipper\n|move|p1a: Excadrill|Earthquake|p2a: Pelipper\n|-immune|p2a: Pelipper\n|\n|-weather|RainDance|[upkeep]\n|upkeep\n|turn|25\n|\n|t:|1699122999\n|move|p1a: Excadrill|Rock Blast|p2a: Pelipper\n|-supereffective|p2a: Pelipper\n|-crit|p2a: Pelipper\n|-damage|p2a: Pelipper|67\/100\n|-supereffective|p2a: Pelipper\n|-damage|p2a: Pelipper|49\/100\n|-supereffective|p2a: Pelipper\n|-damage|p2a: Pelipper|31\/100\n|-hitcount|p2a: Pelipper|3\n|-damage|p1a: Excadrill|91\/100|[from] item: Life Orb\n|move|p2a: Pelipper|Scald|p1a: Excadrill\n|-supereffective|p1a: Excadrill\n|-damage|p1a: Excadrill|0 fnt\n|faint|p1a: Excadrill\n|\n|-weather|RainDance|[upkeep]\n|upkeep\n|\n|t:|1699123009\n|switch|p1a: Cloyster|Cloyster, M|71\/100\n|turn|26\n|\n|t:|1699123017\n|move|p1a: Cloyster|Rock Blast|p2a: Pelipper\n|-supereffective|p2a: Pelipper\n|-crit|p2a: Pelipper\n|-damage|p2a: Pelipper|12\/100\n|-supereffective|p2a: Pelipper\n|-damage|p2a: Pelipper|0 fnt\n|faint|p2a: Pelipper\n|-hitcount|p2: Pelipper|2\n|\n|-weather|RainDance|[upkeep]\n|upkeep\n|\n|t:|1699123025\n|switch|p2a: Floatzel|Floatzel, M|100\/100\n|turn|27\n|\n|t:|1699123046\n|move|p2a: Floatzel|Low Kick|p1a: Cloyster\n|-supereffective|p1a: Cloyster\n|-crit|p1a: Cloyster\n|-damage|p1a: Cloyster|0 fnt\n|faint|p1a: Cloyster\n|\n|win|WesFromOaksLab\n|l| PorygonTheBot\n|c|\u2606WesFromOaksLab|GG!\n|l|\u2606TheZebra44\n","uploadtime":1699123051,"views":29,"p1id":"thezebra44","p2id":"wesfromoakslab","formatid":"gen9nationaldexubers","rating":0,"private":0,"password":""}