{"id":"gen9nationaldexubers-1990049089","p1":"Sobble07brian69","p2":"Ostrich903","format":"[Gen 9] National Dex Ubers","log":"|j|\u2606Sobble07brian69\n|j|\u2606Ostrich903\n|t:|1699919049\n|gametype|singles\n|player|p1|Sobble07brian69|galacticgrunt|\n|player|p2|Ostrich903|2|\n|teamsize|p1|6\n|teamsize|p2|6\n|gen|9\n|tier|[Gen 9] National Dex Ubers\n|rule|HP Percentage Mod: HP is shown in percentages\n|rule|Endless Battle Clause: Forcing endless battles is banned\n|rule|OHKO Clause: OHKO moves are banned\n|rule|Evasion Moves Clause: Evasion moves are banned\n|rule|Evasion Items Clause: Evasion items are banned\n|rule|Species Clause: Limit one of each Pok\u00e9mon\n|rule|Sleep Clause Mod: Limit one foe put to sleep\n|rule|Mega Rayquaza Clause: You cannot mega evolve Rayquaza\n|clearpoke\n|poke|p1|Garganacl, M|\n|poke|p1|Dipplin, F|\n|poke|p1|Ting-Lu|\n|poke|p1|Toxapex, F|\n|poke|p1|Sirfetch\u2019d, M|\n|poke|p1|Slowbro-Galar, F|\n|poke|p2|Tsareena, F|\n|poke|p2|Wo-Chien|\n|poke|p2|Garganacl, M|\n|poke|p2|Toxapex, F|\n|poke|p2|Sirfetch\u2019d, F|\n|poke|p2|Vanilluxe, F|\n|teampreview\n|\n|t:|1699919061\n|start\n|switch|p1a: Ting-Lu|Ting-Lu|100\/100\n|switch|p2a: Toxapex|Toxapex, F|100\/100\n|-ability|p1a: Ting-Lu|Vessel of Ruin\n|turn|1\n|c|\u2606Sobble07brian69|Glhf\n|c|\u2606Ostrich903|u2\n|\n|t:|1699919077\n|move|p1a: Ting-Lu|Stealth Rock|p2a: Toxapex\n|-sidestart|p2: Ostrich903|move: Stealth Rock\n|move|p2a: Toxapex|Toxic Spikes|p1a: Ting-Lu\n|-sidestart|p1: Sobble07brian69|move: Toxic Spikes\n|\n|upkeep\n|turn|2\n|\n|t:|1699919083\n|move|p1a: Ting-Lu|Substitute|p1a: Ting-Lu\n|-start|p1a: Ting-Lu|Substitute\n|-damage|p1a: Ting-Lu|76\/100\n|move|p2a: Toxapex|Toxic Spikes|p1a: Ting-Lu\n|-sidestart|p1: Sobble07brian69|move: Toxic Spikes\n|\n|upkeep\n|turn|3\n|\n|t:|1699919091\n|move|p1a: Ting-Lu|Lash Out|p2a: Toxapex\n|-damage|p2a: Toxapex|80\/100\n|move|p2a: Toxapex|Poison Jab|p1a: Ting-Lu\n|-resisted|p1a: Ting-Lu\n|-activate|p1a: Ting-Lu|move: Substitute|[damage]\n|\n|-heal|p2a: Toxapex|86\/100|[from] item: Black Sludge\n|upkeep\n|turn|4\n|\n|t:|1699919099\n|move|p2a: Toxapex|Baneful Bunker|p2a: Toxapex\n|-singleturn|p2a: Toxapex|move: Protect\n|move|p1a: Ting-Lu|Lash Out|p2a: Toxapex\n|-activate|p2a: Toxapex|move: Protect\n|-status|p1a: Ting-Lu|psn\n|\n|-heal|p2a: Toxapex|92\/100|[from] item: Black Sludge\n|-damage|p1a: Ting-Lu|63\/100 psn|[from] psn\n|upkeep\n|turn|5\n|\n|t:|1699919109\n|move|p1a: Ting-Lu|Lash Out|p2a: Toxapex\n|-damage|p2a: Toxapex|73\/100\n|move|p2a: Toxapex|Poison Jab|p1a: Ting-Lu\n|-resisted|p1a: Ting-Lu\n|-activate|p1a: Ting-Lu|move: Substitute|[damage]\n|\n|-heal|p2a: Toxapex|79\/100|[from] item: Black Sludge\n|-damage|p1a: Ting-Lu|51\/100 psn|[from] psn\n|upkeep\n|turn|6\n|\n|t:|1699919120\n|move|p1a: Ting-Lu|Substitute|p1a: Ting-Lu\n|-fail|p1a: Ting-Lu|move: Substitute\n|move|p2a: Toxapex|Poison Jab|p1a: Ting-Lu\n|-resisted|p1a: Ting-Lu\n|-activate|p1a: Ting-Lu|move: Substitute|[damage]\n|\n|-heal|p2a: Toxapex|85\/100|[from] item: Black Sludge\n|-damage|p1a: Ting-Lu|38\/100 psn|[from] psn\n|upkeep\n|turn|7\n|\n|t:|1699919130\n|move|p1a: Ting-Lu|Rest|p1a: Ting-Lu\n|-status|p1a: Ting-Lu|slp|[from] move: Rest\n|-heal|p1a: Ting-Lu|100\/100 slp|[silent]\n|-enditem|p1a: Ting-Lu|Chesto Berry|[eat]\n|-curestatus|p1a: Ting-Lu|slp|[msg]\n|move|p2a: Toxapex|Poison Jab|p1a: Ting-Lu\n|-resisted|p1a: Ting-Lu\n|-activate|p1a: Ting-Lu|move: Substitute|[damage]\n|\n|-heal|p2a: Toxapex|91\/100|[from] item: Black Sludge\n|upkeep\n|turn|8\n|c|\u2606Ostrich903|silly deer\n|\n|t:|1699919152\n|move|p1a: Ting-Lu|Stealth Rock||[still]\n|-fail|p1a: Ting-Lu\n|move|p2a: Toxapex|Poison Jab|p1a: Ting-Lu\n|-resisted|p1a: Ting-Lu\n|-activate|p1a: Ting-Lu|move: Substitute|[damage]\n|\n|-heal|p2a: Toxapex|97\/100|[from] item: Black Sludge\n|upkeep\n|turn|9\n|\n|t:|1699919159\n|switch|p2a: Wo-Chien|Wo-Chien|100\/100\n|-damage|p2a: Wo-Chien|88\/100|[from] Stealth Rock\n|-ability|p2a: Wo-Chien|Tablets of Ruin\n|move|p1a: Ting-Lu|Lash Out|p2a: Wo-Chien\n|-resisted|p2a: Wo-Chien\n|-damage|p2a: Wo-Chien|80\/100\n|\n|-heal|p2a: Wo-Chien|86\/100|[from] item: Leftovers\n|upkeep\n|turn|10\n|\n|t:|1699919177\n|move|p2a: Wo-Chien|Protect|p2a: Wo-Chien\n|-singleturn|p2a: Wo-Chien|Protect\n|move|p1a: Ting-Lu|Lash Out|p2a: Wo-Chien\n|-activate|p2a: Wo-Chien|move: Protect\n|\n|-heal|p2a: Wo-Chien|92\/100|[from] item: Leftovers\n|upkeep\n|turn|11\n|\n|t:|1699919210\n|switch|p1a: Toxapex|Toxapex, F|100\/100\n|-sideend|p1: Sobble07brian69|move: Toxic Spikes|[of] p1a: Toxapex\n|move|p2a: Wo-Chien|Leech Seed|p1a: Toxapex\n|-start|p1a: Toxapex|move: Leech Seed\n|\n|-heal|p2a: Wo-Chien|98\/100|[from] item: Leftovers\n|-damage|p1a: Toxapex|88\/100|[from] Leech Seed|[of] p2a: Wo-Chien\n|-heal|p2a: Wo-Chien|100\/100|[silent]\n|upkeep\n|turn|12\n|\n|t:|1699919219\n|move|p2a: Wo-Chien|Knock Off|p1a: Toxapex\n|-crit|p1a: Toxapex\n|-damage|p1a: Toxapex|56\/100\n|-enditem|p1a: Toxapex|Black Sludge|[from] move: Knock Off|[of] p2a: Wo-Chien\n|move|p1a: Toxapex|Toxic Spikes|p2a: Wo-Chien\n|-sidestart|p2: Ostrich903|move: Toxic Spikes\n|\n|-damage|p1a: Toxapex|44\/100|[from] Leech Seed|[of] p2a: Wo-Chien\n|upkeep\n|turn|13\n|\n|t:|1699919226\n|move|p2a: Wo-Chien|Protect|p2a: Wo-Chien\n|-singleturn|p2a: Wo-Chien|Protect\n|move|p1a: Toxapex|Recover|p1a: Toxapex\n|-heal|p1a: Toxapex|94\/100\n|\n|-damage|p1a: Toxapex|81\/100|[from] Leech Seed|[of] p2a: Wo-Chien\n|upkeep\n|turn|14\n|\n|t:|1699919233\n|move|p2a: Wo-Chien|Giga Drain|p1a: Toxapex\n|-crit|p1a: Toxapex\n|-damage|p1a: Toxapex|57\/100\n|move|p1a: Toxapex|Toxic Spikes|p2a: Wo-Chien\n|-sidestart|p2: Ostrich903|move: Toxic Spikes\n|\n|-damage|p1a: Toxapex|44\/100|[from] Leech Seed|[of] p2a: Wo-Chien\n|upkeep\n|turn|15\n|\n|t:|1699919254\n|move|p2a: Wo-Chien|Giga Drain|p1a: Toxapex\n|-damage|p1a: Toxapex|27\/100\n|move|p1a: Toxapex|Recover|p1a: Toxapex\n|-heal|p1a: Toxapex|77\/100\n|\n|-damage|p1a: Toxapex|65\/100|[from] Leech Seed|[of] p2a: Wo-Chien\n|upkeep\n|turn|16\n|c|\u2606Ostrich903|truly a battle of all time\n|\n|t:|1699919270\n|move|p2a: Wo-Chien|Giga Drain|p1a: Toxapex\n|-damage|p1a: Toxapex|47\/100\n|move|p1a: Toxapex|Recover|p1a: Toxapex\n|-heal|p1a: Toxapex|97\/100\n|\n|-damage|p1a: Toxapex|85\/100|[from] Leech Seed|[of] p2a: Wo-Chien\n|upkeep\n|turn|17\n|\n|t:|1699919277\n|switch|p1a: Dipplin|Dipplin, F, shiny|100\/100\n|-ability|p1a: Dipplin|Supersweet Syrup\n|-ability|p1a: Dipplin|Supersweet Syrup|boost\n|-unboost|p2a: Wo-Chien|evasion|1\n|move|p2a: Wo-Chien|Knock Off|p1a: Dipplin\n|-damage|p1a: Dipplin|85\/100\n|-enditem|p1a: Dipplin|Eviolite|[from] move: Knock Off|[of] p2a: Wo-Chien\n|\n|upkeep\n|turn|18\n|\n|t:|1699919288\n|move|p2a: Wo-Chien|Leech Seed|p1a: Dipplin\n|-immune|p1a: Dipplin\n|move|p1a: Dipplin|Infestation|p2a: Wo-Chien\n|-supereffective|p2a: Wo-Chien\n|-damage|p2a: Wo-Chien|89\/100\n|-activate|p2a: Wo-Chien|move: Infestation|[of] p1a: Dipplin\n|\n|-heal|p2a: Wo-Chien|95\/100|[from] item: Leftovers\n|-damage|p2a: Wo-Chien|82\/100|[from] move: Infestation|[partiallytrapped]\n|upkeep\n|turn|19\n|\n|t:|1699919306\n|move|p2a: Wo-Chien|Protect|p2a: Wo-Chien\n|-singleturn|p2a: Wo-Chien|Protect\n|move|p1a: Dipplin|Syrup Bomb|p2a: Wo-Chien\n|-activate|p2a: Wo-Chien|move: Protect\n|\n|-heal|p2a: Wo-Chien|89\/100|[from] item: Leftovers\n|-damage|p2a: Wo-Chien|76\/100|[from] move: Infestation|[partiallytrapped]\n|upkeep\n|turn|20\n|\n|t:|1699919326\n|move|p2a: Wo-Chien|Knock Off|p1a: Dipplin\n|-damage|p1a: Dipplin|68\/100\n|move|p1a: Dipplin|Substitute|p1a: Dipplin\n|-start|p1a: Dipplin|Substitute\n|-damage|p1a: Dipplin|43\/100\n|\n|-heal|p2a: Wo-Chien|82\/100|[from] item: Leftovers\n|-damage|p2a: Wo-Chien|70\/100|[from] move: Infestation|[partiallytrapped]\n|upkeep\n|turn|21\n|\n|t:|1699919334\n|move|p2a: Wo-Chien|Knock Off|p1a: Dipplin\n|-activate|p1a: Dipplin|move: Substitute|[damage]\n|move|p1a: Dipplin|Recover|p1a: Dipplin\n|-heal|p1a: Dipplin|93\/100\n|\n|-heal|p2a: Wo-Chien|76\/100|[from] item: Leftovers\n|-damage|p2a: Wo-Chien|64\/100|[from] move: Infestation|[partiallytrapped]\n|upkeep\n|turn|22\n|c|\u2606Ostrich903|ok dipplin kinda cracked :(\n|\n|t:|1699919353\n|move|p2a: Wo-Chien|Knock Off|p1a: Dipplin\n|-end|p1a: Dipplin|Substitute\n|move|p1a: Dipplin|Syrup Bomb|p2a: Wo-Chien\n|-resisted|p2a: Wo-Chien\n|-damage|p2a: Wo-Chien|58\/100\n|-start|p2a: Wo-Chien|Syrup Bomb\n|\n|-heal|p2a: Wo-Chien|64\/100|[from] item: Leftovers\n|-damage|p2a: Wo-Chien|52\/100|[from] move: Infestation|[partiallytrapped]\n|-unboost|p2a: Wo-Chien|spe|1\n|upkeep\n|turn|23\n|\n|t:|1699919363\n|move|p2a: Wo-Chien|Protect|p2a: Wo-Chien\n|-singleturn|p2a: Wo-Chien|Protect\n|move|p1a: Dipplin|Substitute|p1a: Dipplin\n|-start|p1a: Dipplin|Substitute\n|-damage|p1a: Dipplin|68\/100\n|\n|-heal|p2a: Wo-Chien|58\/100|[from] item: Leftovers\n|-end|p2a: Wo-Chien|Infestation|[partiallytrapped]\n|-unboost|p2a: Wo-Chien|spe|1\n|upkeep\n|turn|24\n|\n|t:|1699919384\n|move|p1a: Dipplin|Recover|p1a: Dipplin\n|-heal|p1a: Dipplin|100\/100\n|move|p2a: Wo-Chien|Knock Off|p1a: Dipplin\n|-activate|p1a: Dipplin|move: Substitute|[damage]\n|\n|-heal|p2a: Wo-Chien|64\/100|[from] item: Leftovers\n|-unboost|p2a: Wo-Chien|spe|1\n|upkeep\n|turn|25\n|c|\u2606Ostrich903|sir can you just die\n|\n|t:|1699919397\n|move|p1a: Dipplin|Infestation|p2a: Wo-Chien\n|-supereffective|p2a: Wo-Chien\n|-damage|p2a: Wo-Chien|52\/100\n|-activate|p2a: Wo-Chien|move: Infestation|[of] p1a: Dipplin\n|move|p2a: Wo-Chien|Knock Off|p1a: Dipplin\n|-end|p1a: Dipplin|Substitute\n|\n|-heal|p2a: Wo-Chien|59\/100|[from] item: Leftovers\n|-damage|p2a: Wo-Chien|46\/100|[from] move: Infestation|[partiallytrapped]\n|-end|p2a: Wo-Chien|Syrup Bomb|[silent]\n|upkeep\n|turn|26\n|\n|t:|1699919410\n|move|p1a: Dipplin|Substitute|p1a: Dipplin\n|-start|p1a: Dipplin|Substitute\n|-damage|p1a: Dipplin|75\/100\n|move|p2a: Wo-Chien|Knock Off|p1a: Dipplin\n|-activate|p1a: Dipplin|move: Substitute|[damage]\n|\n|-heal|p2a: Wo-Chien|52\/100|[from] item: Leftovers\n|-damage|p2a: Wo-Chien|40\/100|[from] move: Infestation|[partiallytrapped]\n|upkeep\n|turn|27\n|\n|t:|1699919418\n|move|p1a: Dipplin|Syrup Bomb|p2a: Wo-Chien\n|-resisted|p2a: Wo-Chien\n|-damage|p2a: Wo-Chien|33\/100\n|-start|p2a: Wo-Chien|Syrup Bomb\n|move|p2a: Wo-Chien|Knock Off|p1a: Dipplin\n|-end|p1a: Dipplin|Substitute\n|\n|-heal|p2a: Wo-Chien|40\/100|[from] item: Leftovers\n|-damage|p2a: Wo-Chien|27\/100|[from] move: Infestation|[partiallytrapped]\n|-unboost|p2a: Wo-Chien|spe|1\n|upkeep\n|turn|28\n|\n|t:|1699919428\n|move|p1a: Dipplin|Substitute|p1a: Dipplin\n|-start|p1a: Dipplin|Substitute\n|-damage|p1a: Dipplin|50\/100\n|move|p2a: Wo-Chien|Knock Off|p1a: Dipplin\n|-activate|p1a: Dipplin|move: Substitute|[damage]\n|\n|-heal|p2a: Wo-Chien|33\/100|[from] item: Leftovers\n|-damage|p2a: Wo-Chien|21\/100|[from] move: Infestation|[partiallytrapped]\n|-unboost|p2a: Wo-Chien|spe|1\n|upkeep\n|turn|29\n|\n|t:|1699919437\n|move|p1a: Dipplin|Recover|p1a: Dipplin\n|-heal|p1a: Dipplin|100\/100\n|move|p2a: Wo-Chien|Knock Off|p1a: Dipplin\n|-end|p1a: Dipplin|Substitute\n|\n|-heal|p2a: Wo-Chien|27\/100|[from] item: Leftovers\n|-damage|p2a: Wo-Chien|15\/100|[from] move: Infestation|[partiallytrapped]\n|-unboost|p2a: Wo-Chien|spe|1\n|upkeep\n|turn|30\n|\n|t:|1699919446\n|move|p1a: Dipplin|Substitute|p1a: Dipplin\n|-start|p1a: Dipplin|Substitute\n|-damage|p1a: Dipplin|75\/100\n|move|p2a: Wo-Chien|Knock Off|p1a: Dipplin\n|-activate|p1a: Dipplin|move: Substitute|[damage]\n|\n|-heal|p2a: Wo-Chien|21\/100|[from] item: Leftovers\n|-end|p2a: Wo-Chien|Infestation|[partiallytrapped]\n|-end|p2a: Wo-Chien|Syrup Bomb|[silent]\n|upkeep\n|turn|31\n|\n|t:|1699919454\n|move|p1a: Dipplin|Infestation|p2a: Wo-Chien\n|-supereffective|p2a: Wo-Chien\n|-damage|p2a: Wo-Chien|9\/100\n|-activate|p2a: Wo-Chien|move: Infestation|[of] p1a: Dipplin\n|move|p2a: Wo-Chien|Knock Off|p1a: Dipplin\n|-crit|p1a: Dipplin\n|-end|p1a: Dipplin|Substitute\n|\n|-heal|p2a: Wo-Chien|15\/100|[from] item: Leftovers\n|-damage|p2a: Wo-Chien|3\/100|[from] move: Infestation|[partiallytrapped]\n|upkeep\n|turn|32\n|\n|t:|1699919465\n|move|p1a: Dipplin|Substitute|p1a: Dipplin\n|-start|p1a: Dipplin|Substitute\n|-damage|p1a: Dipplin|50\/100\n|move|p2a: Wo-Chien|Knock Off|p1a: Dipplin\n|-activate|p1a: Dipplin|move: Substitute|[damage]\n|\n|-heal|p2a: Wo-Chien|9\/100|[from] item: Leftovers\n|-damage|p2a: Wo-Chien|0 fnt|[from] move: Infestation|[partiallytrapped]\n|faint|p2a: Wo-Chien\n|upkeep\n|\n|t:|1699919473\n|switch|p2a: Toxapex|Toxapex, F|100\/100\n|-damage|p2a: Toxapex|88\/100|[from] Stealth Rock\n|-sideend|p2: Ostrich903|move: Toxic Spikes|[of] p2a: Toxapex\n|turn|33\n|\n|t:|1699919479\n|move|p1a: Dipplin|Syrup Bomb|p2a: Toxapex\n|-damage|p2a: Toxapex|72\/100\n|-start|p2a: Toxapex|Syrup Bomb\n|move|p2a: Toxapex|Poison Jab|p1a: Dipplin\n|-supereffective|p1a: Dipplin\n|-end|p1a: Dipplin|Substitute\n|\n|-heal|p2a: Toxapex|78\/100|[from] item: Black Sludge\n|-unboost|p2a: Toxapex|spe|1\n|upkeep\n|turn|34\n|\n|t:|1699919489\n|move|p1a: Dipplin|Substitute|p1a: Dipplin\n|-start|p1a: Dipplin|Substitute\n|-damage|p1a: Dipplin|25\/100\n|move|p2a: Toxapex|Poison Jab|p1a: Dipplin\n|-supereffective|p1a: Dipplin\n|-end|p1a: Dipplin|Substitute\n|\n|-heal|p2a: Toxapex|84\/100|[from] item: Black Sludge\n|-unboost|p2a: Toxapex|spe|1\n|upkeep\n|turn|35\n|\n|t:|1699919498\n|move|p1a: Dipplin|Recover|p1a: Dipplin\n|-heal|p1a: Dipplin|75\/100\n|move|p2a: Toxapex|Poison Jab|p1a: Dipplin\n|-supereffective|p1a: Dipplin\n|-damage|p1a: Dipplin|43\/100\n|\n|-heal|p2a: Toxapex|90\/100|[from] item: Black Sludge\n|-unboost|p2a: Toxapex|spe|1\n|upkeep\n|turn|36\n|\n|t:|1699919506\n|move|p1a: Dipplin|Recover|p1a: Dipplin\n|-heal|p1a: Dipplin|93\/100\n|move|p2a: Toxapex|Poison Jab|p1a: Dipplin\n|-supereffective|p1a: Dipplin\n|-damage|p1a: Dipplin|57\/100\n|\n|-heal|p2a: Toxapex|96\/100|[from] item: Black Sludge\n|-end|p2a: Toxapex|Syrup Bomb|[silent]\n|upkeep\n|turn|37\n|\n|t:|1699919513\n|move|p1a: Dipplin|Infestation|p2a: Toxapex\n|-resisted|p2a: Toxapex\n|-damage|p2a: Toxapex|94\/100\n|-activate|p2a: Toxapex|move: Infestation|[of] p1a: Dipplin\n|move|p2a: Toxapex|Poison Jab|p1a: Dipplin\n|-supereffective|p1a: Dipplin\n|-damage|p1a: Dipplin|27\/100\n|\n|-heal|p2a: Toxapex|99\/100|[from] item: Black Sludge\n|-damage|p2a: Toxapex|88\/100|[from] move: Infestation|[partiallytrapped]\n|upkeep\n|turn|38\n|\n|t:|1699919523\n|move|p1a: Dipplin|Recover|p1a: Dipplin\n|-heal|p1a: Dipplin|77\/100\n|move|p2a: Toxapex|Poison Jab|p1a: Dipplin\n|-supereffective|p1a: Dipplin\n|-damage|p1a: Dipplin|47\/100\n|\n|-heal|p2a: Toxapex|94\/100|[from] item: Black Sludge\n|-damage|p2a: Toxapex|82\/100|[from] move: Infestation|[partiallytrapped]\n|upkeep\n|turn|39\n|\n|t:|1699919530\n|move|p1a: Dipplin|Recover|p1a: Dipplin\n|-heal|p1a: Dipplin|97\/100\n|move|p2a: Toxapex|Poison Jab|p1a: Dipplin\n|-supereffective|p1a: Dipplin\n|-damage|p1a: Dipplin|67\/100\n|\n|-heal|p2a: Toxapex|88\/100|[from] item: Black Sludge\n|-damage|p2a: Toxapex|75\/100|[from] move: Infestation|[partiallytrapped]\n|upkeep\n|turn|40\n|\n|t:|1699919545\n|move|p1a: Dipplin|Syrup Bomb|p2a: Toxapex\n|-damage|p2a: Toxapex|60\/100\n|-start|p2a: Toxapex|Syrup Bomb\n|move|p2a: Toxapex|Recover|p2a: Toxapex\n|-heal|p2a: Toxapex|100\/100\n|\n|-damage|p2a: Toxapex|88\/100|[from] move: Infestation|[partiallytrapped]\n|-unboost|p2a: Toxapex|spe|1\n|upkeep\n|turn|41\n|\n|t:|1699919554\n|move|p2a: Toxapex|Baneful Bunker|p2a: Toxapex\n|-singleturn|p2a: Toxapex|move: Protect\n|move|p1a: Dipplin|Substitute|p1a: Dipplin\n|-start|p1a: Dipplin|Substitute\n|-damage|p1a: Dipplin|42\/100\n|\n|-heal|p2a: Toxapex|94\/100|[from] item: Black Sludge\n|-damage|p2a: Toxapex|82\/100|[from] move: Infestation|[partiallytrapped]\n|-unboost|p2a: Toxapex|spe|1\n|upkeep\n|turn|42\n|\n|t:|1699919563\n|move|p1a: Dipplin|Syrup Bomb|p2a: Toxapex\n|-damage|p2a: Toxapex|66\/100\n|move|p2a: Toxapex|Poison Jab|p1a: Dipplin\n|-supereffective|p1a: Dipplin\n|-end|p1a: Dipplin|Substitute\n|\n|-heal|p2a: Toxapex|72\/100|[from] item: Black Sludge\n|-end|p2a: Toxapex|Infestation|[partiallytrapped]\n|-unboost|p2a: Toxapex|spe|1\n|upkeep\n|turn|43\n|\n|t:|1699919578\n|switch|p2a: Tsareena|Tsareena, F|100\/100\n|-damage|p2a: Tsareena|88\/100|[from] Stealth Rock\n|move|p1a: Dipplin|Syrup Bomb|p2a: Tsareena\n|-resisted|p2a: Tsareena\n|-damage|p2a: Tsareena|77\/100\n|-start|p2a: Tsareena|Syrup Bomb\n|\n|-unboost|p2a: Tsareena|spe|1\n|upkeep\n|turn|44\n|\n|t:|1699919589\n|move|p2a: Tsareena|Triple Axel|p1a: Dipplin\n|-supereffective|p1a: Dipplin\n|-damage|p1a: Dipplin|7\/100\n|-supereffective|p1a: Dipplin\n|-crit|p1a: Dipplin\n|-damage|p1a: Dipplin|0 fnt\n|faint|p1a: Dipplin\n|-hitcount|p1: Dipplin|2\n|\n|-unboost|p2a: Tsareena|spe|1\n|upkeep\n|c|\u2606Ostrich903|finally\n|\n|t:|1699919602\n|switch|p1a: Slowbro|Slowbro-Galar, F, shiny|100\/100\n|turn|45\n|-activate|p1a: Slowbro|item: Quick Claw\n|\n|t:|1699919612\n|move|p1a: Slowbro|Psychic|p2a: Tsareena\n|-damage|p2a: Tsareena|27\/100\n|move|p2a: Tsareena|Triple Axel|p1a: Slowbro\n|-damage|p1a: Slowbro|91\/100\n|-damage|p1a: Slowbro|69\/100\n|-damage|p1a: Slowbro|36\/100\n|-hitcount|p1a: Slowbro|3\n|\n|-unboost|p2a: Tsareena|spe|1\n|upkeep\n|turn|46\n|-activate|p1a: Slowbro|item: Quick Claw\n|\n|t:|1699919622\n|move|p1a: Slowbro|Slack Off|p1a: Slowbro\n|-heal|p1a: Slowbro|86\/100\n|move|p2a: Tsareena|Triple Axel|p1a: Slowbro|[miss]\n|-miss|p2a: Tsareena|p1a: Slowbro\n|\n|-end|p2a: Tsareena|Syrup Bomb|[silent]\n|upkeep\n|turn|47\n|\n|t:|1699919629\n|move|p2a: Tsareena|Triple Axel|p1a: Slowbro\n|-damage|p1a: Slowbro|75\/100\n|-damage|p1a: Slowbro|54\/100\n|-damage|p1a: Slowbro|22\/100\n|-hitcount|p1a: Slowbro|3\n|move|p1a: Slowbro|Psychic|p2a: Tsareena\n|-damage|p2a: Tsareena|0 fnt\n|faint|p2a: Tsareena\n|\n|upkeep\n|\n|t:|1699919651\n|switch|p2a: Toxapex|Toxapex, F|100\/100\n|-damage|p2a: Toxapex|88\/100|[from] Stealth Rock\n|turn|48\n|\n|t:|1699919656\n|move|p2a: Toxapex|Baneful Bunker|p2a: Toxapex\n|-singleturn|p2a: Toxapex|move: Protect\n|move|p1a: Slowbro|Slack Off|p1a: Slowbro\n|-heal|p1a: Slowbro|72\/100\n|\n|-heal|p2a: Toxapex|94\/100|[from] item: Black Sludge\n|upkeep\n|turn|49\n|\n|t:|1699919668\n|switch|p2a: Vanilluxe|Vanilluxe, F|100\/100\n|-damage|p2a: Vanilluxe|76\/100|[from] Stealth Rock\n|move|p1a: Slowbro|Psychic|p2a: Vanilluxe\n|-damage|p2a: Vanilluxe|37\/100\n|\n|upkeep\n|turn|50\n|-activate|p1a: Slowbro|item: Quick Claw\n|\n|t:|1699919678\n|move|p1a: Slowbro|Drain Punch|p2a: Vanilluxe\n|-supereffective|p2a: Vanilluxe\n|-damage|p2a: Vanilluxe|0 fnt\n|-heal|p1a: Slowbro|91\/100|[from] drain|[of] p2a: Vanilluxe\n|faint|p2a: Vanilluxe\n|\n|upkeep\n|\n|t:|1699919696\n|switch|p2a: Sirfetch\u2019d|Sirfetch\u2019d, F|100\/100\n|-damage|p2a: Sirfetch\u2019d|94\/100|[from] Stealth Rock\n|turn|51\n|-activate|p1a: Slowbro|ability: Quick Draw\n|\n|t:|1699919705\n|move|p1a: Slowbro|Psychic|p2a: Sirfetch\u2019d\n|-supereffective|p2a: Sirfetch\u2019d\n|-damage|p2a: Sirfetch\u2019d|0 fnt\n|faint|p2a: Sirfetch\u2019d\n|\n|upkeep\n|c|\u2606Ostrich903|ughhh\n|\n|t:|1699919712\n|switch|p2a: Garganacl|Garganacl, M|100\/100\n|-damage|p2a: Garganacl|88\/100|[from] Stealth Rock\n|turn|52\n|c|\u2606Sobble07brian69|Oof\n|-activate|p1a: Slowbro|ability: Quick Draw\n|\n|t:|1699919727\n|-terastallize|p2a: Garganacl|Ghost\n|move|p1a: Slowbro|Drain Punch|p2a: Garganacl\n|-immune|p2a: Garganacl\n|move|p2a: Garganacl|Salt Cure|p1a: Slowbro\n|-damage|p1a: Slowbro|75\/100\n|-start|p1a: Slowbro|Salt Cure\n|\n|-damage|p1a: Slowbro|63\/100|[from] Salt Cure\n|upkeep\n|turn|53\n|\n|t:|1699919738\n|move|p2a: Garganacl|Iron Defense|p2a: Garganacl\n|-boost|p2a: Garganacl|def|2\n|move|p1a: Slowbro|Psychic|p2a: Garganacl\n|-damage|p2a: Garganacl|58\/100\n|\n|-damage|p1a: Slowbro|51\/100|[from] Salt Cure\n|upkeep\n|turn|54\n|\n|t:|1699919747\n|move|p2a: Garganacl|Recover|p2a: Garganacl\n|-heal|p2a: Garganacl|100\/100\n|move|p1a: Slowbro|Slack Off|p1a: Slowbro\n|-heal|p1a: Slowbro|100\/100\n|\n|-damage|p1a: Slowbro|88\/100|[from] Salt Cure\n|upkeep\n|turn|55\n|-activate|p1a: Slowbro|item: Quick Claw\n|\n|t:|1699919754\n|move|p1a: Slowbro|Psychic|p2a: Garganacl\n|-damage|p2a: Garganacl|74\/100\n|move|p2a: Garganacl|Iron Defense|p2a: Garganacl\n|-boost|p2a: Garganacl|def|2\n|\n|-damage|p1a: Slowbro|76\/100|[from] Salt Cure\n|upkeep\n|turn|56\n|\n|t:|1699919761\n|move|p2a: Garganacl|Recover|p2a: Garganacl\n|-heal|p2a: Garganacl|100\/100\n|move|p1a: Slowbro|Psychic|p2a: Garganacl\n|-damage|p2a: Garganacl|74\/100\n|\n|-damage|p1a: Slowbro|63\/100|[from] Salt Cure\n|upkeep\n|turn|57\n|\n|t:|1699919780\n|move|p2a: Garganacl|Iron Defense|p2a: Garganacl\n|-boost|p2a: Garganacl|def|2\n|move|p1a: Slowbro|Psychic|p2a: Garganacl\n|-damage|p2a: Garganacl|47\/100\n|-enditem|p2a: Garganacl|Sitrus Berry|[eat]\n|-heal|p2a: Garganacl|72\/100|[from] item: Sitrus Berry\n|\n|-damage|p1a: Slowbro|51\/100|[from] Salt Cure\n|upkeep\n|turn|58\n|-activate|p1a: Slowbro|item: Quick Claw\n|\n|t:|1699919788\n|move|p1a: Slowbro|Slack Off|p1a: Slowbro\n|-heal|p1a: Slowbro|100\/100\n|move|p2a: Garganacl|Body Press|p1a: Slowbro\n|-resisted|p1a: Slowbro\n|-damage|p1a: Slowbro|74\/100\n|\n|-damage|p1a: Slowbro|62\/100|[from] Salt Cure\n|upkeep\n|turn|59\n|\n|t:|1699919798\n|move|p2a: Garganacl|Body Press|p1a: Slowbro\n|-resisted|p1a: Slowbro\n|-damage|p1a: Slowbro|34\/100\n|move|p1a: Slowbro|Psychic|p2a: Garganacl\n|-crit|p2a: Garganacl\n|-damage|p2a: Garganacl|27\/100\n|\n|-damage|p1a: Slowbro|21\/100|[from] Salt Cure\n|upkeep\n|turn|60\n|-activate|p1a: Slowbro|item: Quick Claw\n|\n|t:|1699919805\n|move|p1a: Slowbro|Slack Off|p1a: Slowbro\n|-heal|p1a: Slowbro|71\/100\n|move|p2a: Garganacl|Recover|p2a: Garganacl\n|-heal|p2a: Garganacl|77\/100\n|\n|-damage|p1a: Slowbro|59\/100|[from] Salt Cure\n|upkeep\n|turn|61\n|-activate|p1a: Slowbro|ability: Quick Draw\n|\n|t:|1699919814\n|move|p1a: Slowbro|Psychic|p2a: Garganacl\n|-damage|p2a: Garganacl|50\/100\n|move|p2a: Garganacl|Body Press|p1a: Slowbro\n|-resisted|p1a: Slowbro\n|-damage|p1a: Slowbro|30\/100\n|\n|-damage|p1a: Slowbro|17\/100|[from] Salt Cure\n|upkeep\n|turn|62\n|-activate|p1a: Slowbro|item: Quick Claw\n|\n|t:|1699919823\n|move|p1a: Slowbro|Slack Off|p1a: Slowbro\n|-heal|p1a: Slowbro|67\/100\n|move|p2a: Garganacl|Body Press|p1a: Slowbro\n|-resisted|p1a: Slowbro\n|-damage|p1a: Slowbro|40\/100\n|\n|-damage|p1a: Slowbro|27\/100|[from] Salt Cure\n|upkeep\n|turn|63\n|\n|t:|1699919831\n|move|p2a: Garganacl|Body Press|p1a: Slowbro\n|-resisted|p1a: Slowbro\n|-damage|p1a: Slowbro|0 fnt\n|faint|p1a: Slowbro\n|\n|upkeep\n|\n|t:|1699919836\n|switch|p1a: Toxapex|Toxapex, F|100\/100\n|turn|64\n|c|\u2606Ostrich903|what the fuck is that thing\n|\n|t:|1699919843\n|move|p1a: Toxapex|Baneful Bunker|p1a: Toxapex\n|-singleturn|p1a: Toxapex|move: Protect\n|move|p2a: Garganacl|Salt Cure|p1a: Toxapex\n|-activate|p1a: Toxapex|move: Protect\n|\n|upkeep\n|turn|65\n|\n|t:|1699919849\n|move|p2a: Garganacl|Salt Cure|p1a: Toxapex\n|-damage|p1a: Toxapex|90\/100\n|-start|p1a: Toxapex|Salt Cure\n|move|p1a: Toxapex|Poison Jab|p2a: Garganacl\n|-resisted|p2a: Garganacl\n|-damage|p2a: Garganacl|48\/100\n|\n|-damage|p1a: Toxapex|65\/100|[from] Salt Cure\n|upkeep\n|turn|66\n|\n|t:|1699919857\n|move|p2a: Garganacl|Recover|p2a: Garganacl\n|-heal|p2a: Garganacl|98\/100\n|move|p1a: Toxapex|Poison Jab|p2a: Garganacl\n|-resisted|p2a: Garganacl\n|-damage|p2a: Garganacl|96\/100\n|\n|-damage|p1a: Toxapex|40\/100|[from] Salt Cure\n|upkeep\n|turn|67\n|\n|t:|1699919864\n|move|p2a: Garganacl|Salt Cure|p1a: Toxapex\n|-damage|p1a: Toxapex|30\/100\n|move|p1a: Toxapex|Recover|p1a: Toxapex\n|-heal|p1a: Toxapex|80\/100\n|\n|-damage|p1a: Toxapex|55\/100|[from] Salt Cure\n|upkeep\n|turn|68\n|\n|t:|1699919872\n|move|p2a: Garganacl|Salt Cure|p1a: Toxapex\n|-damage|p1a: Toxapex|47\/100\n|move|p1a: Toxapex|Recover|p1a: Toxapex\n|-heal|p1a: Toxapex|97\/100\n|\n|-damage|p1a: Toxapex|72\/100|[from] Salt Cure\n|upkeep\n|turn|69\n|\n|t:|1699919880\n|move|p1a: Toxapex|Baneful Bunker|p1a: Toxapex\n|-singleturn|p1a: Toxapex|move: Protect\n|move|p2a: Garganacl|Salt Cure|p1a: Toxapex\n|-activate|p1a: Toxapex|move: Protect\n|\n|-damage|p1a: Toxapex|47\/100|[from] Salt Cure\n|upkeep\n|turn|70\n|\n|t:|1699919888\n|move|p2a: Garganacl|Body Press|p1a: Toxapex\n|-resisted|p1a: Toxapex\n|-damage|p1a: Toxapex|9\/100\n|move|p1a: Toxapex|Recover|p1a: Toxapex\n|-heal|p1a: Toxapex|59\/100\n|\n|-damage|p1a: Toxapex|34\/100|[from] Salt Cure\n|upkeep\n|turn|71\n|\n|t:|1699919895\n|move|p2a: Garganacl|Salt Cure|p1a: Toxapex\n|-damage|p1a: Toxapex|25\/100\n|move|p1a: Toxapex|Recover|p1a: Toxapex\n|-heal|p1a: Toxapex|75\/100\n|\n|-damage|p1a: Toxapex|50\/100|[from] Salt Cure\n|upkeep\n|turn|72\n|\n|t:|1699919902\n|move|p1a: Toxapex|Baneful Bunker|p1a: Toxapex\n|-singleturn|p1a: Toxapex|move: Protect\n|move|p2a: Garganacl|Salt Cure|p1a: Toxapex\n|-activate|p1a: Toxapex|move: Protect\n|\n|-damage|p1a: Toxapex|25\/100|[from] Salt Cure\n|upkeep\n|turn|73\n|\n|t:|1699919913\n|move|p2a: Garganacl|Body Press|p1a: Toxapex\n|-resisted|p1a: Toxapex\n|-crit|p1a: Toxapex\n|-damage|p1a: Toxapex|0 fnt\n|faint|p1a: Toxapex\n|\n|upkeep\n|c|\u2606Ostrich903|crit did not matter\n|\n|t:|1699919922\n|switch|p1a: Ting-Lu|Ting-Lu|100\/100\n|-ability|p1a: Ting-Lu|Vessel of Ruin\n|turn|74\n|\n|t:|1699919927\n|-terastallize|p1a: Ting-Lu|Poison\n|move|p1a: Ting-Lu|Lash Out|p2a: Garganacl\n|-supereffective|p2a: Garganacl\n|-damage|p2a: Garganacl|87\/100\n|move|p2a: Garganacl|Body Press|p1a: Ting-Lu\n|-resisted|p1a: Ting-Lu\n|-damage|p1a: Ting-Lu|78\/100\n|\n|upkeep\n|turn|75\n|\n|t:|1699919946\n|move|p1a: Ting-Lu|Substitute|p1a: Ting-Lu\n|-start|p1a: Ting-Lu|Substitute\n|-damage|p1a: Ting-Lu|53\/100\n|move|p2a: Garganacl|Salt Cure|p1a: Ting-Lu\n|-activate|p1a: Ting-Lu|move: Substitute|[damage]\n|\n|upkeep\n|turn|76\n|\n|t:|1699919953\n|move|p1a: Ting-Lu|Lash Out|p2a: Garganacl\n|-supereffective|p2a: Garganacl\n|-crit|p2a: Garganacl\n|-damage|p2a: Garganacl|33\/100\n|move|p2a: Garganacl|Body Press|p1a: Ting-Lu\n|-resisted|p1a: Ting-Lu\n|-end|p1a: Ting-Lu|Substitute\n|\n|upkeep\n|turn|77\n|\n|t:|1699919961\n|move|p1a: Ting-Lu|Lash Out|p2a: Garganacl\n|-supereffective|p2a: Garganacl\n|-damage|p2a: Garganacl|24\/100\n|move|p2a: Garganacl|Recover|p2a: Garganacl\n|-heal|p2a: Garganacl|74\/100\n|\n|upkeep\n|turn|78\n|\n|t:|1699919970\n|move|p1a: Ting-Lu|Substitute|p1a: Ting-Lu\n|-start|p1a: Ting-Lu|Substitute\n|-damage|p1a: Ting-Lu|28\/100\n|move|p2a: Garganacl|Body Press|p1a: Ting-Lu\n|-resisted|p1a: Ting-Lu\n|-activate|p1a: Ting-Lu|move: Substitute|[damage]\n|\n|upkeep\n|turn|79\n|\n|t:|1699919976\n|move|p1a: Ting-Lu|Rest|p1a: Ting-Lu\n|-status|p1a: Ting-Lu|slp|[from] move: Rest\n|-heal|p1a: Ting-Lu|100\/100 slp|[silent]\n|move|p2a: Garganacl|Recover|p2a: Garganacl\n|-heal|p2a: Garganacl|100\/100\n|\n|upkeep\n|turn|80\n|\n|t:|1699920003\n|cant|p1a: Ting-Lu|slp\n|move|p2a: Garganacl|Body Press|p1a: Ting-Lu\n|-resisted|p1a: Ting-Lu\n|-end|p1a: Ting-Lu|Substitute\n|\n|upkeep\n|turn|81\n|\n|t:|1699920023\n|cant|p1a: Ting-Lu|slp\n|move|p2a: Garganacl|Salt Cure|p1a: Ting-Lu\n|-damage|p1a: Ting-Lu|94\/100 slp\n|-start|p1a: Ting-Lu|Salt Cure\n|\n|-damage|p1a: Ting-Lu|82\/100 slp|[from] Salt Cure\n|upkeep\n|turn|82\n|\n|t:|1699920031\n|-curestatus|p1a: Ting-Lu|slp|[msg]\n|move|p1a: Ting-Lu|Substitute|p1a: Ting-Lu\n|-start|p1a: Ting-Lu|Substitute\n|-damage|p1a: Ting-Lu|57\/100\n|move|p2a: Garganacl|Salt Cure|p1a: Ting-Lu\n|-activate|p1a: Ting-Lu|move: Substitute|[damage]\n|\n|-damage|p1a: Ting-Lu|45\/100|[from] Salt Cure\n|upkeep\n|turn|83\n|\n|t:|1699920039\n|move|p1a: Ting-Lu|Rest|p1a: Ting-Lu\n|-status|p1a: Ting-Lu|slp|[from] move: Rest\n|-heal|p1a: Ting-Lu|100\/100 slp|[silent]\n|move|p2a: Garganacl|Iron Defense|p2a: Garganacl\n|-boost|p2a: Garganacl|def|0\n|\n|-damage|p1a: Ting-Lu|88\/100 slp|[from] Salt Cure\n|upkeep\n|turn|84\n|\n|t:|1699920047\n|cant|p1a: Ting-Lu|slp\n|move|p2a: Garganacl|Iron Defense|p2a: Garganacl\n|-boost|p2a: Garganacl|def|0\n|\n|-damage|p1a: Ting-Lu|76\/100 slp|[from] Salt Cure\n|upkeep\n|turn|85\n|\n|t:|1699920053\n|cant|p1a: Ting-Lu|slp\n|move|p2a: Garganacl|Iron Defense|p2a: Garganacl\n|-boost|p2a: Garganacl|def|0\n|\n|-damage|p1a: Ting-Lu|63\/100 slp|[from] Salt Cure\n|upkeep\n|turn|86\n|\n|t:|1699920059\n|-curestatus|p1a: Ting-Lu|slp|[msg]\n|move|p1a: Ting-Lu|Substitute|p1a: Ting-Lu\n|-fail|p1a: Ting-Lu|move: Substitute\n|move|p2a: Garganacl|Body Press|p1a: Ting-Lu\n|-resisted|p1a: Ting-Lu\n|-end|p1a: Ting-Lu|Substitute\n|\n|-damage|p1a: Ting-Lu|51\/100|[from] Salt Cure\n|upkeep\n|turn|87\n|\n|t:|1699920069\n|move|p1a: Ting-Lu|Substitute|p1a: Ting-Lu\n|-start|p1a: Ting-Lu|Substitute\n|-damage|p1a: Ting-Lu|26\/100\n|move|p2a: Garganacl|Iron Defense|p2a: Garganacl\n|-boost|p2a: Garganacl|def|0\n|\n|-damage|p1a: Ting-Lu|13\/100|[from] Salt Cure\n|upkeep\n|turn|88\n|\n|t:|1699920076\n|move|p1a: Ting-Lu|Rest|p1a: Ting-Lu\n|-status|p1a: Ting-Lu|slp|[from] move: Rest\n|-heal|p1a: Ting-Lu|100\/100 slp|[silent]\n|move|p2a: Garganacl|Iron Defense|p2a: Garganacl\n|-boost|p2a: Garganacl|def|0\n|\n|-damage|p1a: Ting-Lu|88\/100 slp|[from] Salt Cure\n|upkeep\n|turn|89\n|\n|t:|1699920086\n|cant|p1a: Ting-Lu|slp\n|move|p2a: Garganacl|Iron Defense|p2a: Garganacl\n|-boost|p2a: Garganacl|def|0\n|\n|-damage|p1a: Ting-Lu|76\/100 slp|[from] Salt Cure\n|upkeep\n|turn|90\n|\n|t:|1699920092\n|cant|p1a: Ting-Lu|slp\n|move|p2a: Garganacl|Salt Cure|p1a: Ting-Lu\n|-activate|p1a: Ting-Lu|move: Substitute|[damage]\n|\n|-damage|p1a: Ting-Lu|63\/100 slp|[from] Salt Cure\n|upkeep\n|turn|91\n|\n|t:|1699920099\n|-curestatus|p1a: Ting-Lu|slp|[msg]\n|move|p1a: Ting-Lu|Stealth Rock||[still]\n|-fail|p1a: Ting-Lu\n|move|p2a: Garganacl|Salt Cure|p1a: Ting-Lu\n|-activate|p1a: Ting-Lu|move: Substitute|[damage]\n|\n|-damage|p1a: Ting-Lu|51\/100|[from] Salt Cure\n|upkeep\n|turn|92\n|\n|t:|1699920106\n|move|p1a: Ting-Lu|Stealth Rock||[still]\n|-fail|p1a: Ting-Lu\n|move|p2a: Garganacl|Salt Cure|p1a: Ting-Lu\n|-activate|p1a: Ting-Lu|move: Substitute|[damage]\n|\n|-damage|p1a: Ting-Lu|38\/100|[from] Salt Cure\n|upkeep\n|turn|93\n|\n|t:|1699920113\n|move|p1a: Ting-Lu|Stealth Rock||[still]\n|-fail|p1a: Ting-Lu\n|move|p2a: Garganacl|Salt Cure|p1a: Ting-Lu\n|-activate|p1a: Ting-Lu|move: Substitute|[damage]\n|\n|-damage|p1a: Ting-Lu|26\/100|[from] Salt Cure\n|upkeep\n|turn|94\n|\n|t:|1699920120\n|move|p1a: Ting-Lu|Stealth Rock||[still]\n|-fail|p1a: Ting-Lu\n|move|p2a: Garganacl|Iron Defense|p2a: Garganacl\n|-boost|p2a: Garganacl|def|0\n|\n|-damage|p1a: Ting-Lu|13\/100|[from] Salt Cure\n|upkeep\n|turn|95\n|\n|t:|1699920126\n|move|p1a: Ting-Lu|Rest|p1a: Ting-Lu\n|-status|p1a: Ting-Lu|slp|[from] move: Rest\n|-heal|p1a: Ting-Lu|100\/100 slp|[silent]\n|move|p2a: Garganacl|Body Press|p1a: Ting-Lu\n|-resisted|p1a: Ting-Lu\n|-end|p1a: Ting-Lu|Substitute\n|\n|-damage|p1a: Ting-Lu|88\/100 slp|[from] Salt Cure\n|upkeep\n|turn|96\n|\n|t:|1699920135\n|cant|p1a: Ting-Lu|slp\n|move|p2a: Garganacl|Body Press|p1a: Ting-Lu\n|-resisted|p1a: Ting-Lu\n|-damage|p1a: Ting-Lu|65\/100 slp\n|\n|-damage|p1a: Ting-Lu|53\/100 slp|[from] Salt Cure\n|upkeep\n|turn|97\n|\n|t:|1699920142\n|cant|p1a: Ting-Lu|slp\n|move|p2a: Garganacl|Salt Cure|p1a: Ting-Lu\n|-damage|p1a: Ting-Lu|46\/100 slp\n|\n|-damage|p1a: Ting-Lu|34\/100 slp|[from] Salt Cure\n|upkeep\n|turn|98\n|\n|t:|1699920152\n|-curestatus|p1a: Ting-Lu|slp|[msg]\n|move|p1a: Ting-Lu|Rest|p1a: Ting-Lu\n|-status|p1a: Ting-Lu|slp|[from] move: Rest\n|-heal|p1a: Ting-Lu|100\/100 slp|[silent]\n|move|p2a: Garganacl|Salt Cure|p1a: Ting-Lu\n|-damage|p1a: Ting-Lu|94\/100 slp\n|\n|-damage|p1a: Ting-Lu|82\/100 slp|[from] Salt Cure\n|upkeep\n|turn|99\n|\n|t:|1699920163\n|cant|p1a: Ting-Lu|slp\n|move|p2a: Garganacl|Iron Defense|p2a: Garganacl\n|-boost|p2a: Garganacl|def|0\n|\n|-damage|p1a: Ting-Lu|69\/100 slp|[from] Salt Cure\n|upkeep\n|turn|100\n|\n|t:|1699920169\n|cant|p1a: Ting-Lu|slp\n|move|p2a: Garganacl|Salt Cure|p1a: Ting-Lu\n|-damage|p1a: Ting-Lu|63\/100 slp\n|\n|-damage|p1a: Ting-Lu|51\/100 slp|[from] Salt Cure\n|upkeep\n|turn|101\n|\n|t:|1699920175\n|-curestatus|p1a: Ting-Lu|slp|[msg]\n|move|p1a: Ting-Lu|Substitute|p1a: Ting-Lu\n|-start|p1a: Ting-Lu|Substitute\n|-damage|p1a: Ting-Lu|26\/100\n|move|p2a: Garganacl|Salt Cure|p1a: Ting-Lu\n|-activate|p1a: Ting-Lu|move: Substitute|[damage]\n|\n|-damage|p1a: Ting-Lu|13\/100|[from] Salt Cure\n|upkeep\n|turn|102\n|\n|t:|1699920183\n|move|p1a: Ting-Lu|Rest|p1a: Ting-Lu\n|-status|p1a: Ting-Lu|slp|[from] move: Rest\n|-heal|p1a: Ting-Lu|100\/100 slp|[silent]\n|move|p2a: Garganacl|Salt Cure|p1a: Ting-Lu\n|-activate|p1a: Ting-Lu|move: Substitute|[damage]\n|\n|-damage|p1a: Ting-Lu|88\/100 slp|[from] Salt Cure\n|upkeep\n|turn|103\n|c|\u2606Sobble07brian69|Christ\n|\n|t:|1699920197\n|cant|p1a: Ting-Lu|slp\n|move|p2a: Garganacl|Iron Defense|p2a: Garganacl\n|-boost|p2a: Garganacl|def|0\n|\n|-damage|p1a: Ting-Lu|76\/100 slp|[from] Salt Cure\n|upkeep\n|turn|104\n|c|\u2606Ostrich903|battle of all time, eh?\n|\n|t:|1699920206\n|cant|p1a: Ting-Lu|slp\n|move|p2a: Garganacl|Iron Defense|p2a: Garganacl\n|-boost|p2a: Garganacl|def|0\n|\n|-damage|p1a: Ting-Lu|63\/100 slp|[from] Salt Cure\n|upkeep\n|turn|105\n|\n|t:|1699920212\n|-curestatus|p1a: Ting-Lu|slp|[msg]\n|move|p1a: Ting-Lu|Stealth Rock||[still]\n|-fail|p1a: Ting-Lu\n|move|p2a: Garganacl|Salt Cure|p1a: Ting-Lu\n|-activate|p1a: Ting-Lu|move: Substitute|[damage]\n|\n|-damage|p1a: Ting-Lu|51\/100|[from] Salt Cure\n|upkeep\n|turn|106\n|\n|t:|1699920221\n|move|p1a: Ting-Lu|Stealth Rock||[still]\n|-fail|p1a: Ting-Lu\n|move|p2a: Garganacl|Iron Defense|p2a: Garganacl\n|-boost|p2a: Garganacl|def|0\n|\n|-damage|p1a: Ting-Lu|38\/100|[from] Salt Cure\n|upkeep\n|turn|107\n|\n|t:|1699920232\n|move|p1a: Ting-Lu|Stealth Rock||[still]\n|-fail|p1a: Ting-Lu\n|move|p2a: Garganacl|Iron Defense|p2a: Garganacl\n|-boost|p2a: Garganacl|def|0\n|\n|-damage|p1a: Ting-Lu|26\/100|[from] Salt Cure\n|upkeep\n|turn|108\n|\n|t:|1699920242\n|move|p1a: Ting-Lu|Stealth Rock||[still]\n|-fail|p1a: Ting-Lu\n|move|p2a: Garganacl|Iron Defense|p2a: Garganacl\n|-boost|p2a: Garganacl|def|0\n|\n|-damage|p1a: Ting-Lu|13\/100|[from] Salt Cure\n|upkeep\n|turn|109\n|\n|t:|1699920252\n|move|p1a: Ting-Lu|Rest|p1a: Ting-Lu\n|-status|p1a: Ting-Lu|slp|[from] move: Rest\n|-heal|p1a: Ting-Lu|100\/100 slp|[silent]\n|move|p2a: Garganacl|Iron Defense|p2a: Garganacl\n|-boost|p2a: Garganacl|def|0\n|\n|-damage|p1a: Ting-Lu|88\/100 slp|[from] Salt Cure\n|upkeep\n|turn|110\n|\n|t:|1699920265\n|cant|p1a: Ting-Lu|slp\n|move|p2a: Garganacl|Iron Defense|p2a: Garganacl\n|-boost|p2a: Garganacl|def|0\n|\n|-damage|p1a: Ting-Lu|76\/100 slp|[from] Salt Cure\n|upkeep\n|turn|111\n|\n|t:|1699920273\n|cant|p1a: Ting-Lu|slp\n|move|p2a: Garganacl|Iron Defense|p2a: Garganacl\n|-boost|p2a: Garganacl|def|0\n|\n|-damage|p1a: Ting-Lu|63\/100 slp|[from] Salt Cure\n|upkeep\n|turn|112\n|\n|t:|1699920282\n|-curestatus|p1a: Ting-Lu|slp|[msg]\n|move|p1a: Ting-Lu|Stealth Rock||[still]\n|-fail|p1a: Ting-Lu\n|move|p2a: Garganacl|Iron Defense|p2a: Garganacl\n|-boost|p2a: Garganacl|def|0\n|\n|-damage|p1a: Ting-Lu|51\/100|[from] Salt Cure\n|upkeep\n|turn|113\n|\n|t:|1699920299\n|move|p1a: Ting-Lu|Stealth Rock||[still]\n|-fail|p1a: Ting-Lu\n|move|p2a: Garganacl|Salt Cure|p1a: Ting-Lu\n|-end|p1a: Ting-Lu|Substitute\n|\n|-damage|p1a: Ting-Lu|38\/100|[from] Salt Cure\n|upkeep\n|turn|114\n|\n|t:|1699920310\n|move|p1a: Ting-Lu|Substitute|p1a: Ting-Lu\n|-start|p1a: Ting-Lu|Substitute\n|-damage|p1a: Ting-Lu|13\/100\n|move|p2a: Garganacl|Iron Defense|p2a: Garganacl\n|-boost|p2a: Garganacl|def|0\n|\n|-damage|p1a: Ting-Lu|1\/100|[from] Salt Cure\n|upkeep\n|turn|115\n|\n|t:|1699920317\n|move|p1a: Ting-Lu|Stealth Rock||[still]\n|-fail|p1a: Ting-Lu\n|move|p2a: Garganacl|Iron Defense|p2a: Garganacl\n|-boost|p2a: Garganacl|def|0\n|\n|-damage|p1a: Ting-Lu|0 fnt|[from] Salt Cure\n|faint|p1a: Ting-Lu\n|upkeep\n|\n|t:|1699920326\n|switch|p1a: Sirfetch\u2019d|Sirfetch\u2019d, M, shiny|100\/100\n|turn|116\n|\n|t:|1699920332\n|move|p1a: Sirfetch\u2019d|Dual Wingbeat|p2a: Garganacl\n|-crit|p2a: Garganacl\n|-damage|p2a: Garganacl|85\/100\n|-damage|p2a: Garganacl|82\/100\n|-hitcount|p2a: Garganacl|2\n|move|p2a: Garganacl|Body Press|p1a: Sirfetch\u2019d\n|-damage|p1a: Sirfetch\u2019d|0 fnt\n|faint|p1a: Sirfetch\u2019d\n|\n|upkeep\n|\n|t:|1699920337\n|switch|p1a: Garganacl|Garganacl, M, shiny|100\/100\n|turn|117\n|c|\u2606Sobble07brian69|Gg\n|\n|t:|1699920349\n|move|p1a: Garganacl|Salt Cure|p2a: Garganacl\n|-damage|p2a: Garganacl|80\/100\n|-start|p2a: Garganacl|Salt Cure\n|move|p2a: Garganacl|Body Press|p1a: Garganacl\n|-supereffective|p1a: Garganacl\n|-damage|p1a: Garganacl|0 fnt\n|faint|p1a: Garganacl\n|\n|win|Ostrich903\n|c|\u2606Ostrich903|play it out\n|l|\u2606Sobble07brian69\n|c|\u2606Ostrich903|yea gg\n","uploadtime":1699920378,"views":35,"p1id":"sobble07brian69","p2id":"ostrich903","formatid":"gen9nationaldexubers","rating":0,"private":0,"password":""}