{"id":"gen9nationaldexubers-1996829120","p1":"patobatata4","p2":"buizzale","format":"[Gen 9] National Dex Ubers","log":"|j|\u2606patobatata4\n|j|\u2606buizzale\n|t:|1700732001\n|gametype|singles\n|player|p1|patobatata4|clown|1135\n|player|p2|buizzale|lucas|1019\n|teamsize|p1|6\n|teamsize|p2|6\n|gen|9\n|tier|[Gen 9] National Dex Ubers\n|rated|\n|rule|HP Percentage Mod: HP is shown in percentages\n|rule|Endless Battle Clause: Forcing endless battles is banned\n|rule|OHKO Clause: OHKO moves are banned\n|rule|Evasion Moves Clause: Evasion moves are banned\n|rule|Evasion Items Clause: Evasion items are banned\n|rule|Species Clause: Limit one of each Pok\u00e9mon\n|rule|Sleep Clause Mod: Limit one foe put to sleep\n|rule|Mega Rayquaza Clause: You cannot mega evolve Rayquaza\n|clearpoke\n|poke|p1|Shuckle, F|\n|poke|p1|Eiscue, F|\n|poke|p1|Sawsbuck-Winter, M|\n|poke|p1|Bruxish, M|\n|poke|p1|Porygon-Z|\n|poke|p1|Pikachu-Alola, M|\n|poke|p2|Cinderace, M|\n|poke|p2|Floatzel, F|\n|poke|p2|Garchomp, M|\n|poke|p2|Forretress, F|\n|poke|p2|Regieleki|\n|poke|p2|Gliscor, F|\n|teampreview\n|inactive|Battle timer is ON: inactive players will automatically lose when time's up. (requested by patobatata4)\n|\n|t:|1700732015\n|start\n|switch|p1a: Shuckle|Shuckle, F|100\/100\n|switch|p2a: Forretress|Forretress, F|100\/100\n|turn|1\n|\n|t:|1700732022\n|move|p2a: Forretress|Toxic Spikes|p1a: Shuckle\n|-sidestart|p1: patobatata4|move: Toxic Spikes\n|move|p1a: Shuckle|Shell Smash|p1a: Shuckle\n|-unboost|p1a: Shuckle|def|1\n|-unboost|p1a: Shuckle|spd|1\n|-boost|p1a: Shuckle|atk|2\n|-boost|p1a: Shuckle|spa|2\n|-boost|p1a: Shuckle|spe|2\n|\n|upkeep\n|turn|2\n|l|\u2606patobatata4\n|inactive|patobatata4 disconnected and has a minute to reconnect!\n|player|p1|\n|j|\u2606patobatata4\n|inactive|patobatata4 reconnected and has 130 seconds left.\n|player|p1|patobatata4|clown\n|\n|t:|1700732049\n|move|p1a: Shuckle|Stone Edge|p2a: Forretress\n|-damage|p2a: Forretress|80\/100\n|move|p2a: Forretress|Toxic Spikes|p1a: Shuckle\n|-sidestart|p1: patobatata4|move: Toxic Spikes\n|\n|upkeep\n|turn|3\n|\n|t:|1700732060\n|move|p1a: Shuckle|Stone Edge|p2a: Forretress\n|-damage|p2a: Forretress|59\/100\n|move|p2a: Forretress|Stealth Rock|p1a: Shuckle\n|-sidestart|p1: patobatata4|move: Stealth Rock\n|\n|upkeep\n|turn|4\n|\n|t:|1700732066\n|move|p1a: Shuckle|Stone Edge|p2a: Forretress\n|-damage|p2a: Forretress|37\/100\n|move|p2a: Forretress|Spikes|p1a: Shuckle\n|-sidestart|p1: patobatata4|Spikes\n|\n|upkeep\n|turn|5\n|\n|t:|1700732074\n|move|p1a: Shuckle|Stone Edge|p2a: Forretress\n|-crit|p2a: Forretress\n|-damage|p2a: Forretress|3\/100\n|move|p2a: Forretress|Spikes|p1a: Shuckle\n|-sidestart|p1: patobatata4|Spikes\n|\n|upkeep\n|turn|6\n|\n|t:|1700732079\n|move|p1a: Shuckle|Stone Edge|p2a: Forretress\n|-damage|p2a: Forretress|0 fnt\n|faint|p2a: Forretress\n|\n|upkeep\n|\n|t:|1700732084\n|switch|p2a: Floatzel|Floatzel, F|100\/100\n|turn|7\n|\n|t:|1700732097\n|move|p2a: Floatzel|Wave Crash|p1a: Shuckle\n|-supereffective|p1a: Shuckle\n|-ability|p1a: Shuckle|Sturdy\n|-damage|p1a: Shuckle|1\/100\n|-damage|p2a: Floatzel|82\/100|[from] Recoil\n|move|p1a: Shuckle|Skitter Smack|p2a: Floatzel\n|-damage|p2a: Floatzel|33\/100\n|-unboost|p2a: Floatzel|spa|1\n|\n|-heal|p1a: Shuckle|7\/100|[from] item: Leftovers\n|upkeep\n|turn|8\n|\n|t:|1700732110\n|move|p2a: Floatzel|Wave Crash|p1a: Shuckle\n|-supereffective|p1a: Shuckle\n|-damage|p1a: Shuckle|0 fnt\n|faint|p1a: Shuckle\n|-damage|p2a: Floatzel|32\/100|[from] Recoil\n|\n|upkeep\n|\n|t:|1700732114\n|switch|p1a: Pikachu|Pikachu-Alola, M|100\/100\n|-status|p1a: Pikachu|tox\n|-damage|p1a: Pikachu|88\/100 tox|[from] Stealth Rock\n|-damage|p1a: Pikachu|72\/100 tox|[from] Spikes\n|turn|9\n|\n|t:|1700732121\n|move|p1a: Pikachu|Fake Out|p2a: Floatzel\n|-damage|p2a: Floatzel|21\/100\n|-enditem|p2a: Floatzel|Salac Berry|[eat]\n|-boost|p2a: Floatzel|spe|1|[from] item: Salac Berry\n|cant|p2a: Floatzel|flinch\n|\n|-damage|p1a: Pikachu|65\/100 tox|[from] psn\n|upkeep\n|turn|10\n|\n|t:|1700732129\n|move|p2a: Floatzel|Wave Crash|p1a: Pikachu\n|-damage|p1a: Pikachu|0 fnt\n|faint|p1a: Pikachu\n|-damage|p2a: Floatzel|7\/100|[from] Recoil\n|\n|upkeep\n|\n|t:|1700732135\n|switch|p1a: Sawsbuck|Sawsbuck-Winter, M|100\/100\n|-status|p1a: Sawsbuck|tox\n|-damage|p1a: Sawsbuck|88\/100 tox|[from] Stealth Rock\n|-damage|p1a: Sawsbuck|72\/100 tox|[from] Spikes\n|turn|11\n|\n|t:|1700732142\n|move|p2a: Floatzel|Wave Crash|p1a: Sawsbuck\n|-resisted|p1a: Sawsbuck\n|-crit|p1a: Sawsbuck\n|-damage|p1a: Sawsbuck|4\/100 tox\n|-damage|p2a: Floatzel|0 fnt|[from] Recoil\n|faint|p2a: Floatzel\n|move|p1a: Sawsbuck|Headbutt|p2: Floatzel|[notarget]\n|-fail|p1a: Sawsbuck\n|\n|-damage|p1a: Sawsbuck|0 fnt|[from] psn\n|faint|p1a: Sawsbuck\n|upkeep\n|\n|t:|1700732152\n|switch|p2a: Regieleki|Regieleki|100\/100\n|switch|p1a: Porygon-Z|Porygon-Z|100\/100\n|-status|p1a: Porygon-Z|tox\n|-damage|p1a: Porygon-Z|88\/100 tox|[from] Stealth Rock\n|-damage|p1a: Porygon-Z|72\/100 tox|[from] Spikes\n|turn|12\n|\n|t:|1700732159\n|move|p2a: Regieleki|Rain Dance|p2a: Regieleki\n|-weather|RainDance\n|move|p1a: Porygon-Z|Tri Attack|p2a: Regieleki\n|-damage|p2a: Regieleki|11\/100\n|\n|-weather|RainDance|[upkeep]\n|-damage|p1a: Porygon-Z|66\/100 tox|[from] psn\n|upkeep\n|turn|13\n|\n|t:|1700732166\n|move|p2a: Regieleki|Thunder|p1a: Porygon-Z\n|-damage|p1a: Porygon-Z|0 fnt\n|faint|p1a: Porygon-Z\n|\n|-weather|RainDance|[upkeep]\n|upkeep\n|\n|t:|1700732171\n|switch|p1a: Eiscue|Eiscue, F|100\/100\n|-status|p1a: Eiscue|tox\n|-damage|p1a: Eiscue|76\/100 tox|[from] Stealth Rock\n|-damage|p1a: Eiscue|59\/100 tox|[from] Spikes\n|turn|14\n|\n|t:|1700732177\n|move|p2a: Regieleki|Thunder|p1a: Eiscue\n|-damage|p1a: Eiscue|5\/100 tox\n|-enditem|p1a: Eiscue|Sitrus Berry|[eat]\n|-heal|p1a: Eiscue|30\/100 tox|[from] item: Sitrus Berry\n|move|p1a: Eiscue|Waterfall|p2a: Regieleki\n|-damage|p2a: Regieleki|0 fnt\n|faint|p2a: Regieleki\n|\n|-weather|RainDance|[upkeep]\n|-damage|p1a: Eiscue|23\/100 tox|[from] psn\n|upkeep\n|\n|t:|1700732188\n|switch|p2a: Gliscor|Gliscor, F|100\/100\n|turn|15\n|\n|t:|1700732193\n|move|p2a: Gliscor|Swords Dance|p2a: Gliscor\n|-boost|p2a: Gliscor|atk|2\n|move|p1a: Eiscue|Ice Spinner|p2a: Gliscor\n|-supereffective|p2a: Gliscor\n|-damage|p2a: Gliscor|0 fnt\n|faint|p2a: Gliscor\n|\n|-weather|RainDance|[upkeep]\n|-damage|p1a: Eiscue|11\/100 tox|[from] psn\n|upkeep\n|\n|t:|1700732201\n|switch|p2a: Garchomp|Garchomp, M|100\/100\n|turn|16\n|\n|t:|1700732204\n|move|p2a: Garchomp|Protect|p2a: Garchomp\n|-singleturn|p2a: Garchomp|Protect\n|move|p1a: Eiscue|Ice Spinner|p2a: Garchomp\n|-activate|p2a: Garchomp|move: Protect\n|\n|-weather|none\n|-damage|p1a: Eiscue|0 fnt|[from] psn\n|faint|p1a: Eiscue\n|upkeep\n|\n|t:|1700732207\n|switch|p1a: Bruxish|Bruxish, M|100\/100\n|-status|p1a: Bruxish|tox\n|-damage|p1a: Bruxish|88\/100 tox|[from] Stealth Rock\n|-damage|p1a: Bruxish|72\/100 tox|[from] Spikes\n|turn|17\n|\n|t:|1700732221\n|-terastallize|p1a: Bruxish|Water\n|move|p2a: Garchomp|Sandstorm|p2a: Garchomp\n|-weather|Sandstorm\n|move|p1a: Bruxish|Liquidation|p2a: Garchomp\n|-damage|p2a: Garchomp|30\/100\n|-damage|p1a: Bruxish|59\/100 tox|[from] ability: Rough Skin|[of] p2a: Garchomp\n|\n|-weather|Sandstorm|[upkeep]\n|-damage|p1a: Bruxish|53\/100 tox|[from] Sandstorm\n|-damage|p1a: Bruxish|47\/100 tox|[from] psn\n|upkeep\n|turn|18\n|\n|t:|1700732231\n|move|p2a: Garchomp|Protect|p2a: Garchomp\n|-singleturn|p2a: Garchomp|Protect\n|move|p1a: Bruxish|Liquidation|p2a: Garchomp\n|-activate|p2a: Garchomp|move: Protect\n|\n|-weather|Sandstorm|[upkeep]\n|-damage|p1a: Bruxish|41\/100 tox|[from] Sandstorm\n|-damage|p1a: Bruxish|29\/100 tox|[from] psn\n|upkeep\n|turn|19\n|\n|t:|1700732240\n|move|p2a: Garchomp|Protect||[still]\n|-fail|p2a: Garchomp\n|move|p1a: Bruxish|Liquidation|p2a: Garchomp\n|-damage|p2a: Garchomp|0 fnt\n|-damage|p1a: Bruxish|16\/100 tox|[from] ability: Rough Skin|[of] p2a: Garchomp\n|faint|p2a: Garchomp\n|\n|-weather|Sandstorm|[upkeep]\n|-damage|p1a: Bruxish|10\/100 tox|[from] Sandstorm\n|-damage|p1a: Bruxish|0 fnt|[from] psn\n|faint|p1a: Bruxish\n|\n|win|buizzale\n|upkeep\n|raw|patobatata4's rating: 1135 &rarr; <strong>1102<\/strong><br \/>(-33 for losing)\n|raw|buizzale's rating: 1019 &rarr; <strong>1068<\/strong><br \/>(+49 for winning)\n|l|\u2606patobatata4\n|c|\u2606buizzale|gg\n","uploadtime":1700732259,"views":13,"p1id":"patobatata4","p2id":"buizzale","formatid":"gen9nationaldexubers","rating":1068,"private":0,"password":""}