{"id":"gen9nationaldexubers-1982594156","p1":"Chaitanya15","p2":"snailsghost","format":"[Gen 9] National Dex Ubers","log":"|j|\u2606Chaitanya15\n|j|\u2606snailsghost\n|t:|1699028306\n|gametype|singles\n|player|p1|Chaitanya15|1|1418\n|player|p2|snailsghost|hexmaniac-gen6|1311\n|teamsize|p1|6\n|teamsize|p2|6\n|gen|9\n|tier|[Gen 9] National Dex Ubers\n|rated|\n|rule|HP Percentage Mod: HP is shown in percentages\n|rule|Endless Battle Clause: Forcing endless battles is banned\n|rule|OHKO Clause: OHKO moves are banned\n|rule|Evasion Moves Clause: Evasion moves are banned\n|rule|Evasion Items Clause: Evasion items are banned\n|rule|Species Clause: Limit one of each Pok\u00e9mon\n|rule|Sleep Clause Mod: Limit one foe put to sleep\n|rule|Mega Rayquaza Clause: You cannot mega evolve Rayquaza\n|clearpoke\n|poke|p1|Kingambit, M|\n|poke|p1|Basculegion, M|\n|poke|p1|Pikachu, F|\n|poke|p1|Kyogre|\n|poke|p1|Flutter Mane|\n|poke|p1|Deoxys-Speed|\n|poke|p2|Yveltal|\n|poke|p2|Xerneas-*|\n|poke|p2|Arceus|\n|poke|p2|Zacian-*|\n|poke|p2|Kyogre|\n|poke|p2|Magearna|\n|teampreview\n|inactive|Battle timer is ON: inactive players will automatically lose when time's up. (requested by Chaitanya15)\n|\n|t:|1699028317\n|start\n|switch|p1a: Deoxys|Deoxys-Speed|100\/100\n|switch|p2a: The King|Yveltal|100\/100\n|-ability|p1a: Deoxys|Pressure\n|-ability|p2a: The King|Dark Aura\n|turn|1\n|\n|t:|1699028326\n|move|p1a: Deoxys|Stealth Rock|p2a: The King\n|-sidestart|p2: snailsghost|move: Stealth Rock\n|move|p2a: The King|Dark Pulse|p1a: Deoxys\n|-supereffective|p1a: Deoxys\n|-enditem|p1a: Deoxys|Focus Sash\n|-damage|p1a: Deoxys|1\/100\n|\n|upkeep\n|turn|2\n|\n|t:|1699028334\n|move|p1a: Deoxys|Extreme Speed|p2a: The King\n|-damage|p2a: The King|86\/100\n|move|p2a: The King|Dark Pulse|p1a: Deoxys\n|-supereffective|p1a: Deoxys\n|-damage|p1a: Deoxys|0 fnt\n|faint|p1a: Deoxys\n|\n|upkeep\n|\n|t:|1699028343\n|switch|p1a: Flutter Mane|Flutter Mane|100\/100\n|-enditem|p1a: Flutter Mane|Booster Energy\n|-activate|p1a: Flutter Mane|ability: Protosynthesis|[fromitem]\n|-start|p1a: Flutter Mane|protosynthesisspe\n|turn|3\n|inactive|snailsghost has 120 seconds left.\n|inactive|snailsghost has 90 seconds left.\n|\n|t:|1699028425\n|switch|p2a: The Royal Guard|Zacian-Crowned|100\/100\n|-damage|p2a: The Royal Guard|94\/100|[from] Stealth Rock\n|-ability|p2a: The Royal Guard|Intrepid Sword|boost\n|-boost|p2a: The Royal Guard|atk|1\n|move|p1a: Flutter Mane|Moonblast|p2a: The Royal Guard\n|-resisted|p2a: The Royal Guard\n|-damage|p2a: The Royal Guard|72\/100\n|\n|upkeep\n|turn|4\n|\n|t:|1699028435\n|move|p1a: Flutter Mane|Mystical Fire|p2a: The Royal Guard\n|-supereffective|p2a: The Royal Guard\n|-damage|p2a: The Royal Guard|20\/100\n|-unboost|p2a: The Royal Guard|spa|1\n|move|p2a: The Royal Guard|Behemoth Blade|p1a: Flutter Mane\n|-supereffective|p1a: Flutter Mane\n|-damage|p1a: Flutter Mane|0 fnt\n|faint|p1a: Flutter Mane\n|-end|p1a: Flutter Mane|Protosynthesis|[silent]\n|\n|upkeep\n|\n|t:|1699028450\n|switch|p1a: Kyogre|Kyogre|100\/100\n|-weather|RainDance|[from] ability: Drizzle|[of] p1a: Kyogre\n|turn|5\n|\n|t:|1699028468\n|switch|p2a: The Advisor|Kyogre|100\/100\n|-damage|p2a: The Advisor|88\/100|[from] Stealth Rock\n|detailschange|p2a: The Advisor|Kyogre-Primal\n|-primal|p2a: The Advisor|Blue Orb\n|-weather|PrimordialSea|[from] ability: Primordial Sea|[of] p2a: The Advisor\n|move|p1a: Kyogre|Water Spout|p2a: The Advisor\n|-resisted|p2a: The Advisor\n|-damage|p2a: The Advisor|48\/100\n|\n|-weather|PrimordialSea|[upkeep]\n|upkeep\n|turn|6\n|\n|t:|1699028480\n|switch|p1a: Pikachu|Pikachu, F|100\/100\n|move|p2a: The Advisor|Thunder|p1a: Pikachu\n|-resisted|p1a: Pikachu\n|-damage|p1a: Pikachu|35\/100\n|\n|-weather|PrimordialSea|[upkeep]\n|upkeep\n|turn|7\n|\n|t:|1699028493\n|move|p1a: Pikachu|Fake Out|p2a: The Advisor\n|-damage|p2a: The Advisor|32\/100\n|cant|p2a: The Advisor|flinch\n|\n|-weather|PrimordialSea|[upkeep]\n|upkeep\n|turn|8\n|\n|t:|1699028499\n|move|p1a: Pikachu|Volt Tackle|p2a: The Advisor\n|-supereffective|p2a: The Advisor\n|-damage|p2a: The Advisor|0 fnt\n|faint|p2a: The Advisor\n|-weather|none\n|-damage|p1a: Pikachu|18\/100|[from] Recoil\n|\n|upkeep\n|inactive|snailsghost has 90 seconds left.\n|\n|t:|1699028505\n|switch|p2a: The King|Yveltal|86\/100\n|-damage|p2a: The King|61\/100|[from] Stealth Rock\n|-ability|p2a: The King|Dark Aura\n|turn|9\n|inactive|snailsghost has 90 seconds left.\n|\n|t:|1699028516\n|move|p1a: Pikachu|Extreme Speed|p2a: The King\n|-damage|p2a: The King|33\/100\n|move|p2a: The King|Dark Pulse|p1a: Pikachu\n|-damage|p1a: Pikachu|0 fnt\n|faint|p1a: Pikachu\n|\n|upkeep\n|\n|t:|1699028524\n|switch|p1a: Kyogre|Kyogre|100\/100\n|-weather|RainDance|[from] ability: Drizzle|[of] p1a: Kyogre\n|turn|10\n|inactive|snailsghost has 90 seconds left.\n|\n|t:|1699028544\n|switch|p2a: The God|Arceus|100\/100\n|-damage|p2a: The God|88\/100|[from] Stealth Rock\n|move|p1a: Kyogre|Water Spout|p2a: The God\n|-damage|p2a: The God|0 fnt\n|faint|p2a: The God\n|\n|-weather|RainDance|[upkeep]\n|upkeep\n|inactive|snailsghost has 90 seconds left.\n|\n|t:|1699028550\n|switch|p2a: The Royal Guard|Zacian-Crowned|20\/100\n|-damage|p2a: The Royal Guard|14\/100|[from] Stealth Rock\n|turn|11\n|\n|t:|1699028558\n|move|p1a: Kyogre|Water Spout|p2a: The Royal Guard\n|-damage|p2a: The Royal Guard|0 fnt\n|faint|p2a: The Royal Guard\n|\n|-weather|RainDance|[upkeep]\n|upkeep\n|\n|t:|1699028569\n|switch|p2a: The King|Yveltal|33\/100\n|-damage|p2a: The King|8\/100|[from] Stealth Rock\n|-ability|p2a: The King|Dark Aura\n|turn|12\n|\n|t:|1699028575\n|move|p1a: Kyogre|Water Spout|p2a: The King\n|-damage|p2a: The King|0 fnt\n|faint|p2a: The King\n|\n|-weather|RainDance|[upkeep]\n|upkeep\n|\n|t:|1699028579\n|switch|p2a: Magearna|Magearna|100\/100\n|-damage|p2a: Magearna|94\/100|[from] Stealth Rock\n|turn|13\n|\n|t:|1699028586\n|-terastallize|p1a: Kyogre|Water\n|move|p1a: Kyogre|Water Spout|p2a: Magearna\n|-damage|p2a: Magearna|0 fnt\n|faint|p2a: Magearna\n|\n|-weather|RainDance|[upkeep]\n|upkeep\n|-message|snailsghost forfeited.\n|\n|win|Chaitanya15\n|raw|Chaitanya15's rating: 1418 &rarr; <strong>1432<\/strong><br \/>(+14 for winning)\n|raw|snailsghost's rating: 1311 &rarr; <strong>1297<\/strong><br \/>(-14 for losing)\n|l|\u2606snailsghost\n","uploadtime":1699028619,"views":7,"p1id":"chaitanya15","p2id":"snailsghost","formatid":"gen9nationaldexubers","rating":1297,"private":0,"password":""}