{"id":"gen9nationaldexubers-1993624088","p1":"TrivagoGuy","p2":"85792195wwww","format":"[Gen 9] National Dex Ubers","log":"|j|\u2606TrivagoGuy\n|j|\u260685792195wwww\n|t:|1700338717\n|gametype|singles\n|player|p1|TrivagoGuy|ruinmaniac|1494\n|player|p2|85792195wwww|mira|1732\n|teamsize|p1|6\n|teamsize|p2|6\n|gen|9\n|tier|[Gen 9] National Dex Ubers\n|rated|\n|rule|HP Percentage Mod: HP is shown in percentages\n|rule|Endless Battle Clause: Forcing endless battles is banned\n|rule|OHKO Clause: OHKO moves are banned\n|rule|Evasion Moves Clause: Evasion moves are banned\n|rule|Evasion Items Clause: Evasion items are banned\n|rule|Species Clause: Limit one of each Pok\u00e9mon\n|rule|Sleep Clause Mod: Limit one foe put to sleep\n|rule|Mega Rayquaza Clause: You cannot mega evolve Rayquaza\n|clearpoke\n|poke|p1|Girafarig, M|\n|poke|p1|Deoxys-Attack|\n|poke|p1|Zekrom|\n|poke|p1|Eternatus|\n|poke|p1|Arceus-Poison|\n|poke|p1|Necrozma-Dawn-Wings|\n|poke|p2|Lucario, M|\n|poke|p2|Arceus|\n|poke|p2|Gholdengo|\n|poke|p2|Galvantula, F|\n|poke|p2|Deoxys-Speed|\n|poke|p2|Groudon|\n|teampreview\n|\n|t:|1700338731\n|start\n|switch|p1a: Arceus|Arceus-Poison|100\/100\n|switch|p2a: Galvantula|Galvantula, F|100\/100\n|turn|1\n|\n|t:|1700338738\n|move|p1a: Arceus|Magic Coat|p1a: Arceus\n|-singleturn|p1a: Arceus|move: Magic Coat\n|move|p2a: Galvantula|Sticky Web|p1a: Arceus\n|move|p1a: Arceus|Sticky Web|p2a: Galvantula|[from]Magic Coat\n|-sidestart|p2: 85792195wwww|move: Sticky Web\n|\n|upkeep\n|turn|2\n|\n|t:|1700338744\n|move|p1a: Arceus|Magic Coat|p1a: Arceus\n|-singleturn|p1a: Arceus|move: Magic Coat\n|move|p2a: Galvantula|Sticky Web|p1a: Arceus\n|move|p1a: Arceus|Sticky Web||[from]Magic Coat|[still]\n|-fail|p1a: Arceus\n|\n|upkeep\n|turn|3\n|\n|t:|1700338751\n|move|p1a: Arceus|Magic Coat|p1a: Arceus\n|-singleturn|p1a: Arceus|move: Magic Coat\n|move|p2a: Galvantula|Sticky Web|p1a: Arceus\n|move|p1a: Arceus|Sticky Web||[from]Magic Coat|[still]\n|-fail|p1a: Arceus\n|\n|upkeep\n|turn|4\n|\n|t:|1700338758\n|move|p2a: Galvantula|Thunder|p1a: Arceus|[miss]\n|-miss|p2a: Galvantula|p1a: Arceus\n|move|p1a: Arceus|Flamethrower|p2a: Galvantula\n|-supereffective|p2a: Galvantula\n|-enditem|p2a: Galvantula|Focus Sash\n|-damage|p2a: Galvantula|1\/100\n|\n|upkeep\n|turn|5\n|\n|t:|1700338766\n|move|p1a: Arceus|Magic Coat|p1a: Arceus\n|-singleturn|p1a: Arceus|move: Magic Coat\n|move|p2a: Galvantula|Sticky Web|p1a: Arceus\n|move|p1a: Arceus|Sticky Web||[from]Magic Coat|[still]\n|-fail|p1a: Arceus\n|\n|upkeep\n|turn|6\n|\n|t:|1700338773\n|move|p2a: Galvantula|Sticky Web|p1a: Arceus\n|-sidestart|p1: TrivagoGuy|move: Sticky Web\n|move|p1a: Arceus|Flamethrower|p2a: Galvantula\n|-supereffective|p2a: Galvantula\n|-damage|p2a: Galvantula|0 fnt\n|faint|p2a: Galvantula\n|\n|upkeep\n|\n|t:|1700338790\n|switch|p2a: Deoxys|Deoxys-Speed|100\/100\n|-activate|p2a: Deoxys|move: Sticky Web\n|-unboost|p2a: Deoxys|spe|1\n|-ability|p2a: Deoxys|Pressure\n|turn|7\n|\n|t:|1700338797\n|move|p1a: Arceus|Magic Coat|p1a: Arceus\n|-singleturn|p1a: Arceus|move: Magic Coat\n|move|p2a: Deoxys|Stealth Rock|p1a: Arceus\n|move|p1a: Arceus|Stealth Rock|p2a: Deoxys|[from]Magic Coat\n|-sidestart|p2: 85792195wwww|move: Stealth Rock\n|\n|upkeep\n|turn|8\n|\n|t:|1700338804\n|move|p2a: Deoxys|Stealth Rock|p1a: Arceus\n|-sidestart|p1: TrivagoGuy|move: Stealth Rock\n|move|p1a: Arceus|Sludge Bomb|p2a: Deoxys\n|-damage|p2a: Deoxys|40\/100\n|\n|upkeep\n|turn|9\n|\n|t:|1700338811\n|move|p2a: Deoxys|Psycho Boost|p1a: Arceus|[miss]\n|-miss|p2a: Deoxys|p1a: Arceus\n|move|p1a: Arceus|Sludge Bomb|p2a: Deoxys\n|-damage|p2a: Deoxys|0 fnt\n|faint|p2a: Deoxys\n|\n|upkeep\n|\n|t:|1700338832\n|switch|p2a: Gholdengo|Gholdengo|100\/100\n|-activate|p2a: Gholdengo|move: Sticky Web\n|-unboost|p2a: Gholdengo|spe|1\n|-damage|p2a: Gholdengo|94\/100|[from] Stealth Rock\n|turn|10\n|\n|t:|1700338839\n|move|p1a: Arceus|Flamethrower|p2a: Gholdengo\n|-supereffective|p2a: Gholdengo\n|-damage|p2a: Gholdengo|19\/100\n|move|p2a: Gholdengo|Make It Rain|p1a: Arceus\n|-damage|p1a: Arceus|42\/100\n|-unboost|p2a: Gholdengo|spa|1\n|\n|upkeep\n|turn|11\n|\n|t:|1700338849\n|move|p1a: Arceus|Flamethrower|p2a: Gholdengo\n|-supereffective|p2a: Gholdengo\n|-damage|p2a: Gholdengo|0 fnt\n|faint|p2a: Gholdengo\n|\n|upkeep\n|\n|t:|1700338858\n|switch|p2a: Arceus|Arceus|100\/100\n|-activate|p2a: Arceus|move: Sticky Web\n|-unboost|p2a: Arceus|spe|1\n|-damage|p2a: Arceus|88\/100|[from] Stealth Rock\n|turn|12\n|\n|t:|1700338865\n|move|p1a: Arceus|Defog|p2a: Arceus\n|-unboost|p2a: Arceus|evasion|1\n|-sideend|p2: 85792195wwww|Stealth Rock|[from] move: Defog|[of] p1a: Arceus\n|-sideend|p2: 85792195wwww|Sticky Web|[from] move: Defog|[of] p1a: Arceus\n|-sideend|p1: TrivagoGuy|Stealth Rock|[from] move: Defog|[of] p1a: Arceus\n|-sideend|p1: TrivagoGuy|Sticky Web|[from] move: Defog|[of] p1a: Arceus\n|move|p2a: Arceus|Swords Dance|p2a: Arceus\n|-boost|p2a: Arceus|atk|2\n|\n|upkeep\n|turn|13\n|\n|t:|1700338873\n|move|p2a: Arceus|Extreme Speed|p1a: Arceus\n|-damage|p1a: Arceus|0 fnt\n|faint|p1a: Arceus\n|-damage|p2a: Arceus|78\/100|[from] item: Life Orb\n|\n|upkeep\n|\n|t:|1700338878\n|switch|p1a: CalyrexObliterator|Girafarig, M|100\/100\n|turn|14\n|-message|85792195wwww forfeited.\n|\n|win|TrivagoGuy\n|raw|TrivagoGuy's rating: 1494 &rarr; <strong>1526<\/strong><br \/>(+32 for winning)\n|raw|85792195wwww's rating: 1732 &rarr; <strong>1700<\/strong><br \/>(-32 for losing)\n|l|\u260685792195wwww\n","uploadtime":1700338893,"views":7,"p1id":"trivagoguy","p2id":"85792195wwww","formatid":"gen9nationaldexubers","rating":1526,"private":0,"password":""}