{"id":"gen9nationaldexubers-1987170926","p1":"Blake-Mamba","p2":"izuku msm bb","format":"[Gen 9] National Dex Ubers","log":"|j|\u2606Blake-Mamba\n|j|\u2606izuku msm bb\n|t:|1699562037\n|gametype|singles\n|player|p1|Blake-Mamba|juan|1256\n|player|p2|izuku msm bb|red|1263\n|teamsize|p1|6\n|teamsize|p2|6\n|gen|9\n|tier|[Gen 9] National Dex Ubers\n|rated|\n|rule|HP Percentage Mod: HP is shown in percentages\n|rule|Endless Battle Clause: Forcing endless battles is banned\n|rule|OHKO Clause: OHKO moves are banned\n|rule|Evasion Moves Clause: Evasion moves are banned\n|rule|Evasion Items Clause: Evasion items are banned\n|rule|Species Clause: Limit one of each Pok\u00e9mon\n|rule|Sleep Clause Mod: Limit one foe put to sleep\n|rule|Mega Rayquaza Clause: You cannot mega evolve Rayquaza\n|clearpoke\n|poke|p1|Regieleki|\n|poke|p1|Regidrago|\n|poke|p1|Regigigas|\n|poke|p1|Regirock|\n|poke|p1|Regice|\n|poke|p1|Registeel|\n|poke|p2|Kyogre|\n|poke|p2|Galvantula, M|\n|poke|p2|Groudon|\n|poke|p2|Rayquaza|\n|poke|p2|Zacian-*|\n|poke|p2|Metagross|\n|teampreview\n|\n|t:|1699562056\n|start\n|switch|p1a: Regidrago|Regidrago|100\/100\n|switch|p2a: Galvantula|Galvantula, M|100\/100\n|turn|1\n|\n|t:|1699562065\n|move|p1a: Regidrago|Dragon Energy|p2a: Galvantula\n|-enditem|p2a: Galvantula|Focus Sash\n|-damage|p2a: Galvantula|1\/100\n|move|p2a: Galvantula|Sticky Web|p1a: Regidrago\n|-sidestart|p1: Blake-Mamba|move: Sticky Web\n|\n|upkeep\n|turn|2\n|\n|t:|1699562073\n|move|p1a: Regidrago|Dragon Energy|p2a: Galvantula\n|-damage|p2a: Galvantula|0 fnt\n|faint|p2a: Galvantula\n|\n|upkeep\n|\n|t:|1699562075\n|switch|p2a: Zacian|Zacian-Crowned|100\/100\n|-ability|p2a: Zacian|Intrepid Sword|boost\n|-boost|p2a: Zacian|atk|1\n|turn|3\n|\n|t:|1699562082\n|switch|p1a: Regigigas|Regigigas|100\/100\n|-activate|p1a: Regigigas|move: Sticky Web\n|-unboost|p1a: Regigigas|spe|1\n|-start|p1a: Regigigas|ability: Slow Start\n|move|p2a: Zacian|Behemoth Blade|p1a: Regigigas\n|-damage|p1a: Regigigas|39\/100\n|\n|-heal|p1a: Regigigas|45\/100|[from] item: Leftovers\n|upkeep\n|turn|4\n|\n|t:|1699562094\n|move|p2a: Zacian|Behemoth Blade|p1a: Regigigas\n|-damage|p1a: Regigigas|0 fnt\n|faint|p1a: Regigigas\n|-end|p1a: Regigigas|Slow Start|[silent]\n|\n|upkeep\n|\n|t:|1699562100\n|switch|p1a: Regirock|Regirock|100\/100\n|-activate|p1a: Regirock|move: Sticky Web\n|-fail|p1a: Regirock|unboost|[from] ability: Clear Body|[of] p1a: Regirock\n|turn|5\n|\n|t:|1699562108\n|-terastallize|p1a: Regirock|Fighting\n|move|p2a: Zacian|Close Combat|p1a: Regirock\n|-damage|p1a: Regirock|72\/100\n|-unboost|p2a: Zacian|def|1\n|-unboost|p2a: Zacian|spd|1\n|-damage|p2a: Zacian|84\/100|[from] item: Rocky Helmet|[of] p1a: Regirock\n|move|p1a: Regirock|Iron Defense|p1a: Regirock\n|-boost|p1a: Regirock|def|2\n|\n|upkeep\n|turn|6\n|\n|t:|1699562119\n|switch|p2a: Sua m\u00e3e|Kyogre|100\/100\n|detailschange|p2a: Sua m\u00e3e|Kyogre-Primal\n|-primal|p2a: Sua m\u00e3e|Blue Orb\n|-weather|PrimordialSea|[from] ability: Primordial Sea|[of] p2a: Sua m\u00e3e\n|move|p1a: Regirock|Body Press|p2a: Sua m\u00e3e\n|-damage|p2a: Sua m\u00e3e|0 fnt\n|faint|p2a: Sua m\u00e3e\n|-weather|none\n|\n|upkeep\n|\n|t:|1699562130\n|switch|p2a: Rayquaza|Rayquaza|100\/100\n|-ability|p2a: Rayquaza|Air Lock\n|turn|7\n|\n|t:|1699562135\n|move|p2a: Rayquaza|Dragon Ascent|p1a: Regirock\n|-supereffective|p1a: Regirock\n|-damage|p1a: Regirock|46\/100\n|-unboost|p2a: Rayquaza|def|1\n|-unboost|p2a: Rayquaza|spd|1\n|-damage|p2a: Rayquaza|84\/100|[from] item: Rocky Helmet|[of] p1a: Regirock\n|move|p1a: Regirock|Toxic|p2a: Rayquaza\n|-status|p2a: Rayquaza|tox\n|-enditem|p2a: Rayquaza|Lum Berry|[eat]\n|-curestatus|p2a: Rayquaza|tox|[msg]\n|\n|upkeep\n|turn|8\n|\n|t:|1699562146\n|move|p2a: Rayquaza|Dragon Dance|p2a: Rayquaza\n|-boost|p2a: Rayquaza|atk|1\n|-boost|p2a: Rayquaza|spe|1\n|move|p1a: Regirock|Rest|p1a: Regirock\n|-status|p1a: Regirock|slp|[from] move: Rest\n|-heal|p1a: Regirock|100\/100 slp|[silent]\n|\n|upkeep\n|turn|9\n|\n|t:|1699562154\n|move|p2a: Rayquaza|Dragon Dance|p2a: Rayquaza\n|-boost|p2a: Rayquaza|atk|1\n|-boost|p2a: Rayquaza|spe|1\n|cant|p1a: Regirock|slp\n|\n|upkeep\n|turn|10\n|\n|t:|1699562161\n|move|p2a: Rayquaza|Dragon Dance|p2a: Rayquaza\n|-boost|p2a: Rayquaza|atk|1\n|-boost|p2a: Rayquaza|spe|1\n|cant|p1a: Regirock|slp\n|\n|upkeep\n|turn|11\n|\n|t:|1699562169\n|move|p2a: Rayquaza|Dragon Dance|p2a: Rayquaza\n|-boost|p2a: Rayquaza|atk|1\n|-boost|p2a: Rayquaza|spe|1\n|-curestatus|p1a: Regirock|slp|[msg]\n|move|p1a: Regirock|Body Press|p2a: Rayquaza\n|-resisted|p2a: Rayquaza\n|-damage|p2a: Rayquaza|0 fnt\n|faint|p2a: Rayquaza\n|\n|upkeep\n|\n|t:|1699562178\n|switch|p2a: Groudon|Groudon|100\/100\n|detailschange|p2a: Groudon|Groudon-Primal\n|-primal|p2a: Groudon|Red Orb\n|-weather|DesolateLand|[from] ability: Desolate Land|[of] p2a: Groudon\n|turn|12\n|\n|t:|1699562183\n|move|p2a: Groudon|Hone Claws|p2a: Groudon\n|-boost|p2a: Groudon|atk|1\n|-boost|p2a: Groudon|accuracy|1\n|move|p1a: Regirock|Body Press|p2a: Groudon\n|-damage|p2a: Groudon|33\/100\n|\n|-weather|DesolateLand|[upkeep]\n|upkeep\n|turn|13\n|\n|t:|1699562190\n|move|p2a: Groudon|Precipice Blades|p1a: Regirock\n|-damage|p1a: Regirock|72\/100\n|move|p1a: Regirock|Iron Defense|p1a: Regirock\n|-boost|p1a: Regirock|def|2\n|\n|-weather|DesolateLand|[upkeep]\n|upkeep\n|turn|14\n|\n|t:|1699562197\n|move|p2a: Groudon|Precipice Blades|p1a: Regirock\n|-damage|p1a: Regirock|54\/100\n|move|p1a: Regirock|Iron Defense|p1a: Regirock\n|-boost|p1a: Regirock|def|2\n|\n|-weather|DesolateLand|[upkeep]\n|upkeep\n|turn|15\n|\n|t:|1699562204\n|move|p2a: Groudon|Solar Beam||[still]\n|-prepare|p2a: Groudon|Solar Beam\n|-anim|p2a: Groudon|Solar Beam|p1a: Regirock\n|-damage|p1a: Regirock|19\/100\n|move|p1a: Regirock|Rest|p1a: Regirock\n|-status|p1a: Regirock|slp|[from] move: Rest\n|-heal|p1a: Regirock|100\/100 slp|[silent]\n|\n|-weather|DesolateLand|[upkeep]\n|upkeep\n|turn|16\n|\n|t:|1699562216\n|move|p2a: Groudon|Hone Claws|p2a: Groudon\n|-boost|p2a: Groudon|atk|1\n|-boost|p2a: Groudon|accuracy|1\n|cant|p1a: Regirock|slp\n|\n|-weather|DesolateLand|[upkeep]\n|upkeep\n|turn|17\n|\n|t:|1699562223\n|move|p2a: Groudon|Precipice Blades|p1a: Regirock\n|-damage|p1a: Regirock|82\/100 slp\n|cant|p1a: Regirock|slp\n|\n|-weather|DesolateLand|[upkeep]\n|upkeep\n|turn|18\n|\n|t:|1699562228\n|move|p2a: Groudon|Solar Beam||[still]\n|-prepare|p2a: Groudon|Solar Beam\n|-anim|p2a: Groudon|Solar Beam|p1a: Regirock\n|-damage|p1a: Regirock|49\/100 slp\n|-curestatus|p1a: Regirock|slp|[msg]\n|move|p1a: Regirock|Body Press|p2a: Groudon\n|-damage|p2a: Groudon|0 fnt\n|faint|p2a: Groudon\n|-weather|none\n|\n|upkeep\n|\n|t:|1699562236\n|switch|p2a: Zacian|Zacian-Crowned|84\/100\n|turn|19\n|\n|t:|1699562241\n|-terastallize|p2a: Zacian|Fairy\n|move|p2a: Zacian|Swords Dance|p2a: Zacian\n|-boost|p2a: Zacian|atk|2\n|move|p1a: Regirock|Body Press|p2a: Zacian\n|-resisted|p2a: Zacian\n|-damage|p2a: Zacian|0 fnt\n|faint|p2a: Zacian\n|\n|upkeep\n|\n|t:|1699562248\n|switch|p2a: Metagross|Metagross|100\/100\n|turn|20\n|\n|t:|1699562252\n|detailschange|p2a: Metagross|Metagross-Mega\n|-mega|p2a: Metagross|Metagross|Metagrossite\n|move|p2a: Metagross|Cosmic Power|p2a: Metagross\n|-boost|p2a: Metagross|def|1\n|-boost|p2a: Metagross|spd|1\n|move|p1a: Regirock|Body Press|p2a: Metagross\n|-damage|p2a: Metagross|0 fnt\n|faint|p2a: Metagross\n|\n|win|Blake-Mamba\n|raw|Blake-Mamba's rating: 1256 &rarr; <strong>1282<\/strong><br \/>(+26 for winning)\n|raw|izuku msm bb's rating: 1263 &rarr; <strong>1237<\/strong><br \/>(-26 for losing)\n|l|\u2606izuku msm bb\n|c|\u2606Blake-Mamba|Gg\n","uploadtime":1699562272,"views":4,"p1id":"blakemamba","p2id":"izukumsmbb","formatid":"gen9nationaldexubers","rating":1237,"private":0,"password":""}