{"id":"gen9nationaldexubers-1997605621","p1":"legospooder","p2":"Snapteryx","format":"[Gen 9] National Dex Ubers","log":"|j|\u2606legospooder\n|j|\u2606Snapteryx\n|t:|1700832034\n|gametype|singles\n|player|p1|legospooder|grimsley|\n|player|p2|Snapteryx|allister|\n|teamsize|p1|6\n|teamsize|p2|6\n|gen|9\n|tier|[Gen 9] National Dex Ubers\n|rule|HP Percentage Mod: HP is shown in percentages\n|rule|Endless Battle Clause: Forcing endless battles is banned\n|rule|OHKO Clause: OHKO moves are banned\n|rule|Evasion Moves Clause: Evasion moves are banned\n|rule|Evasion Items Clause: Evasion items are banned\n|rule|Species Clause: Limit one of each Pok\u00e9mon\n|rule|Sleep Clause Mod: Limit one foe put to sleep\n|rule|Mega Rayquaza Clause: You cannot mega evolve Rayquaza\n|clearpoke\n|poke|p1|Ogerpon-Hearthflame, F|\n|poke|p1|Charizard, M|\n|poke|p1|Heatran, M|\n|poke|p1|Cinderace, M|\n|poke|p1|Skeledirge, M|\n|poke|p1|Ceruledge, F|\n|poke|p2|Gliscor, M|\n|poke|p2|Corviknight, M|\n|poke|p2|Mantine, F|\n|poke|p2|Landorus, M|\n|poke|p2|Charizard, F|\n|poke|p2|Zapdos-Galar|\n|teampreview\n|\n|t:|1700832070\n|start\n|switch|p1a: Christian N\u00f8rgaard|Ogerpon-Hearthflame, F|100\/100\n|switch|p2a: Charizard|Charizard, F|100\/100\n|-ability|p1a: Christian N\u00f8rgaard|Mold Breaker\n|turn|1\n|\n|t:|1700832084\n|detailschange|p2a: Charizard|Charizard-Mega-Y, F\n|-mega|p2a: Charizard|Charizard|Charizardite Y\n|-weather|SunnyDay|[from] ability: Drought|[of] p2a: Charizard\n|move|p1a: Christian N\u00f8rgaard|U-turn|p2a: Charizard\n|-resisted|p2a: Charizard\n|-damage|p2a: Charizard|90\/100\n|\n|t:|1700832101\n|switch|p1a: Simon Kj\u00e6r|Heatran, M, shiny|100\/100|[from] U-turn\n|-item|p1a: Simon Kj\u00e6r|Air Balloon\n|move|p2a: Charizard|Air Slash|p1a: Simon Kj\u00e6r\n|-resisted|p1a: Simon Kj\u00e6r\n|-damage|p1a: Simon Kj\u00e6r|82\/100\n|-enditem|p1a: Simon Kj\u00e6r|Air Balloon\n|\n|-weather|SunnyDay|[upkeep]\n|upkeep\n|turn|2\n|\n|t:|1700832110\n|switch|p2a: Snippy Boi|Gliscor, M, shiny|100\/100\n|move|p1a: Simon Kj\u00e6r|Power Gem|p2a: Snippy Boi\n|-damage|p2a: Snippy Boi|70\/100\n|\n|-weather|SunnyDay|[upkeep]\n|-status|p2a: Snippy Boi|tox|[from] item: Toxic Orb\n|upkeep\n|turn|3\n|\n|t:|1700832120\n|switch|p1a: Christian Eriksen|Charizard, M, shiny|100\/100\n|move|p2a: Snippy Boi|U-turn|p1a: Christian Eriksen\n|-resisted|p1a: Christian Eriksen\n|-damage|p1a: Christian Eriksen|95\/100\n|\n|t:|1700832175\n|switch|p2a: Charizard|Charizard-Mega-Y, F|90\/100|[from] U-turn\n|\n|-weather|SunnyDay|[upkeep]\n|upkeep\n|turn|4\n|\n|t:|1700832187\n|detailschange|p1a: Christian Eriksen|Charizard-Mega-Y, M, shiny\n|-mega|p1a: Christian Eriksen|Charizard|Charizardite Y\n|move|p2a: Charizard|Air Slash|p1a: Christian Eriksen\n|-damage|p1a: Christian Eriksen|49\/100\n|cant|p1a: Christian Eriksen|flinch\n|\n|-weather|SunnyDay|[upkeep]\n|upkeep\n|turn|5\n|c|\u2606legospooder|brug\n|c|\u2606legospooder|its bc my zard is black\n|\n|t:|1700832210\n|move|p2a: Charizard|Air Slash|p1a: Christian Eriksen\n|-crit|p1a: Christian Eriksen\n|-damage|p1a: Christian Eriksen|0 fnt\n|faint|p1a: Christian Eriksen\n|\n|-weather|none\n|upkeep\n|c|\u2606Snapteryx|Lmao\n|\n|t:|1700832222\n|switch|p1a: Simon Kj\u00e6r|Heatran, M, shiny|82\/100\n|turn|6\n|c|\u2606Snapteryx|It was a range in your favor without the crit\n|\n|t:|1700832239\n|switch|p2a: Snippy Boi|Gliscor, M, shiny|70\/100 tox\n|move|p1a: Simon Kj\u00e6r|Power Gem|p2a: Snippy Boi\n|-damage|p2a: Snippy Boi|41\/100 tox\n|\n|-heal|p2a: Snippy Boi|54\/100 tox|[from] ability: Poison Heal\n|upkeep\n|turn|7\n|c|\u2606legospooder|ik\n|\n|t:|1700832258\n|switch|p1a: Rasmus H\u00f8jlund|Cinderace, M|100\/100\n|move|p2a: Snippy Boi|Roost|p2a: Snippy Boi\n|-heal|p2a: Snippy Boi|100\/100 tox\n|-singleturn|p2a: Snippy Boi|move: Roost\n|\n|upkeep\n|turn|8\n|\n|t:|1700832276\n|move|p1a: Rasmus H\u00f8jlund|U-turn|p2a: Snippy Boi\n|-start|p1a: Rasmus H\u00f8jlund|typechange|Bug|[from] ability: Libero\n|-resisted|p2a: Snippy Boi\n|-damage|p2a: Snippy Boi|88\/100 tox\n|\n|t:|1700832291\n|switch|p1a: Christian N\u00f8rgaard|Ogerpon-Hearthflame, F|100\/100|[from] U-turn\n|-ability|p1a: Christian N\u00f8rgaard|Mold Breaker\n|move|p2a: Snippy Boi|Earthquake|p1a: Christian N\u00f8rgaard\n|-damage|p1a: Christian N\u00f8rgaard|59\/100\n|\n|-heal|p2a: Snippy Boi|100\/100 tox|[from] ability: Poison Heal\n|upkeep\n|turn|9\n|\n|t:|1700832301\n|move|p1a: Christian N\u00f8rgaard|Horn Leech|p2a: Snippy Boi\n|-damage|p2a: Snippy Boi|68\/100 tox\n|-heal|p1a: Christian N\u00f8rgaard|78\/100|[from] drain|[of] p2a: Snippy Boi\n|move|p2a: Snippy Boi|U-turn|p1a: Christian N\u00f8rgaard\n|-damage|p1a: Christian N\u00f8rgaard|57\/100\n|\n|t:|1700832311\n|switch|p2a: Calamus|Zapdos-Galar|100\/100|[from] U-turn\n|\n|upkeep\n|turn|10\n|\n|t:|1700832326\n|move|p2a: Calamus|U-turn|p1a: Christian N\u00f8rgaard\n|-damage|p1a: Christian N\u00f8rgaard|24\/100\n|\n|t:|1700832337\n|switch|p2a: Delta Airlines|Corviknight, M, shiny|100\/100|[from] U-turn\n|-ability|p2a: Delta Airlines|Pressure\n|move|p1a: Christian N\u00f8rgaard|Ivy Cudgel|p2a: Delta Airlines|[anim] Ivy Cudgel Fire\n|-supereffective|p2a: Delta Airlines\n|-damage|p2a: Delta Airlines|1\/100\n|\n|-heal|p2a: Delta Airlines|8\/100|[from] item: Leftovers\n|upkeep\n|turn|11\n|c|\u2606legospooder|BRUH\n|\n|t:|1700832353\n|move|p1a: Christian N\u00f8rgaard|Ivy Cudgel|p2a: Delta Airlines|[anim] Ivy Cudgel Fire\n|-supereffective|p2a: Delta Airlines\n|-damage|p2a: Delta Airlines|0 fnt\n|faint|p2a: Delta Airlines\n|\n|upkeep\n|c|\u2606Snapteryx|I mean it doesn't matter much\n|c|\u2606legospooder|true\n|\n|t:|1700832384\n|switch|p2a: Calamus|Zapdos-Galar|100\/100\n|turn|12\n|c|\u2606legospooder|still luck is not on my side this match\n|\n|t:|1700832388\n|move|p2a: Calamus|U-turn|p1a: Christian N\u00f8rgaard\n|-damage|p1a: Christian N\u00f8rgaard|0 fnt\n|faint|p1a: Christian N\u00f8rgaard\n|\n|t:|1700832391\n|switch|p2a: L*ndorus|Landorus, M|100\/100|[from] U-turn\n|\n|upkeep\n|\n|t:|1700832419\n|switch|p1a: Casper Schmeichel|Skeledirge, M, shiny|100\/100\n|turn|13\n|\n|t:|1700832429\n|-terastallize|p2a: L*ndorus|Ground\n|-terastallize|p1a: Casper Schmeichel|Fairy\n|move|p2a: L*ndorus|Earth Power|p1a: Casper Schmeichel\n|-damage|p1a: Casper Schmeichel|24\/100\n|move|p1a: Casper Schmeichel|Torch Song|p2a: L*ndorus\n|-damage|p2a: L*ndorus|38\/100\n|-boost|p1a: Casper Schmeichel|spa|1\n|\n|-heal|p1a: Casper Schmeichel|30\/100|[from] item: Leftovers\n|upkeep\n|turn|14\n|\n|t:|1700832446\n|move|p2a: L*ndorus|Earth Power|p1a: Casper Schmeichel\n|-damage|p1a: Casper Schmeichel|0 fnt\n|faint|p1a: Casper Schmeichel\n|\n|upkeep\n|c|\u2606legospooder|nice\n|\n|t:|1700832453\n|switch|p1a: Rasmus H\u00f8jlund|Cinderace, M|100\/100\n|turn|15\n|\n|t:|1700832465\n|switch|p2a: Calamus|Zapdos-Galar|100\/100\n|move|p1a: Rasmus H\u00f8jlund|High Jump Kick|p2a: Calamus\n|-start|p1a: Rasmus H\u00f8jlund|typechange|Fighting|[from] ability: Libero\n|-resisted|p2a: Calamus\n|-damage|p2a: Calamus|64\/100\n|\n|upkeep\n|turn|16\n|\n|t:|1700832484\n|switch|p1a: Simon Kj\u00e6r|Heatran, M, shiny|82\/100\n|move|p2a: Calamus|U-turn|p1a: Simon Kj\u00e6r\n|-resisted|p1a: Simon Kj\u00e6r\n|-damage|p1a: Simon Kj\u00e6r|77\/100\n|\n|t:|1700832488\n|switch|p2a: L*ndorus|Landorus, M, tera:Ground|38\/100|[from] U-turn\n|\n|upkeep\n|turn|17\n|\n|t:|1700832506\n|move|p2a: L*ndorus|Earth Power|p1a: Simon Kj\u00e6r\n|-supereffective|p1a: Simon Kj\u00e6r\n|-damage|p1a: Simon Kj\u00e6r|0 fnt\n|faint|p1a: Simon Kj\u00e6r\n|\n|upkeep\n|\n|t:|1700832519\n|switch|p1a: Rasmus H\u00f8jlund|Cinderace, M|100\/100\n|turn|18\n|\n|t:|1700832538\n|move|p1a: Rasmus H\u00f8jlund|High Jump Kick|p2a: L*ndorus\n|-start|p1a: Rasmus H\u00f8jlund|typechange|Fighting|[from] ability: Libero\n|-damage|p2a: L*ndorus|0 fnt\n|faint|p2a: L*ndorus\n|\n|upkeep\n|\n|t:|1700832541\n|switch|p2a: Alula|Mantine, F, shiny|100\/100\n|turn|19\n|\n|t:|1700832548\n|move|p1a: Rasmus H\u00f8jlund|Gunk Shot|p2a: Alula\n|-damage|p2a: Alula|52\/100\n|move|p2a: Alula|Toxic|p1a: Rasmus H\u00f8jlund\n|-status|p1a: Rasmus H\u00f8jlund|tox\n|\n|-damage|p1a: Rasmus H\u00f8jlund|95\/100 tox|[from] psn\n|upkeep\n|turn|20\n|\n|t:|1700832557\n|move|p1a: Rasmus H\u00f8jlund|Gunk Shot|p2a: Alula|[miss]\n|-miss|p1a: Rasmus H\u00f8jlund|p2a: Alula\n|move|p2a: Alula|Roost|p2a: Alula\n|-heal|p2a: Alula|100\/100\n|-singleturn|p2a: Alula|move: Roost\n|\n|-damage|p1a: Rasmus H\u00f8jlund|83\/100 tox|[from] psn\n|upkeep\n|turn|21\n|c|\u2606Snapteryx|Ok\n|c|\u2606legospooder|poison please\n|\n|t:|1700832575\n|switch|p2a: Snippy Boi|Gliscor, M, shiny|68\/100 tox\n|move|p1a: Rasmus H\u00f8jlund|Gunk Shot|p2a: Snippy Boi\n|-resisted|p2a: Snippy Boi\n|-damage|p2a: Snippy Boi|54\/100 tox\n|\n|-damage|p1a: Rasmus H\u00f8jlund|65\/100 tox|[from] psn\n|-heal|p2a: Snippy Boi|67\/100 tox|[from] ability: Poison Heal\n|upkeep\n|turn|22\n|\n|t:|1700832587\n|move|p1a: Rasmus H\u00f8jlund|High Jump Kick|p2a: Snippy Boi\n|-resisted|p2a: Snippy Boi\n|-damage|p2a: Snippy Boi|47\/100 tox\n|move|p2a: Snippy Boi|U-turn|p1a: Rasmus H\u00f8jlund\n|-resisted|p1a: Rasmus H\u00f8jlund\n|-damage|p1a: Rasmus H\u00f8jlund|53\/100 tox\n|\n|t:|1700832601\n|switch|p2a: Alula|Mantine, F, shiny|100\/100|[from] U-turn\n|\n|-damage|p1a: Rasmus H\u00f8jlund|29\/100 tox|[from] psn\n|upkeep\n|turn|23\n|\n|t:|1700832615\n|move|p1a: Rasmus H\u00f8jlund|Gunk Shot|p2a: Alula\n|-damage|p2a: Alula|53\/100\n|move|p2a: Alula|Roost|p2a: Alula\n|-heal|p2a: Alula|100\/100\n|-singleturn|p2a: Alula|move: Roost\n|\n|-damage|p1a: Rasmus H\u00f8jlund|0 fnt|[from] psn\n|faint|p1a: Rasmus H\u00f8jlund\n|upkeep\n|\n|t:|1700832625\n|switch|p1a: Mohamed Daraby|Ceruledge, F, shiny|100\/100\n|turn|24\n|\n|t:|1700832629\n|move|p1a: Mohamed Daraby|Swords Dance|p1a: Mohamed Daraby\n|-boost|p1a: Mohamed Daraby|atk|2\n|move|p2a: Alula|Toxic|p1a: Mohamed Daraby\n|-status|p1a: Mohamed Daraby|tox\n|\n|-damage|p1a: Mohamed Daraby|94\/100 tox|[from] psn\n|upkeep\n|turn|25\n|\n|t:|1700832642\n|move|p1a: Mohamed Daraby|Swords Dance|p1a: Mohamed Daraby\n|-boost|p1a: Mohamed Daraby|atk|2\n|move|p2a: Alula|Haze|p2a: Alula\n|-clearallboost\n|\n|-damage|p1a: Mohamed Daraby|82\/100 tox|[from] psn\n|upkeep\n|turn|26\n|-message|legospooder forfeited.\n|\n|win|Snapteryx\n|l|\u2606legospooder\n","uploadtime":1700832656,"views":23,"p1id":"legospooder","p2id":"snapteryx","formatid":"gen9nationaldexubers","rating":0,"private":0,"password":""}