{"id":"gen9nationaldexubers-1990513762","p1":"RetroGameBoy","p2":"HYDRO-MODE\ufe0f\ufe0f\ufe0f\u267e\ufe0f","format":"[Gen 9] National Dex Ubers","log":"|j|\u2606RetroGameBoy\n|j|\u2606HYDRO-MODE\ufe0f\ufe0f\ufe0f\u267e\ufe0f\n|t:|1699977680\n|gametype|singles\n|player|p1|RetroGameBoy|rika|1084\n|player|p2|HYDRO-MODE\ufe0f\ufe0f\ufe0f\u267e\ufe0f|nessa|1107\n|teamsize|p1|6\n|teamsize|p2|6\n|gen|9\n|tier|[Gen 9] National Dex Ubers\n|rated|\n|rule|HP Percentage Mod: HP is shown in percentages\n|rule|Endless Battle Clause: Forcing endless battles is banned\n|rule|OHKO Clause: OHKO moves are banned\n|rule|Evasion Moves Clause: Evasion moves are banned\n|rule|Evasion Items Clause: Evasion items are banned\n|rule|Species Clause: Limit one of each Pok\u00e9mon\n|rule|Sleep Clause Mod: Limit one foe put to sleep\n|rule|Mega Rayquaza Clause: You cannot mega evolve Rayquaza\n|clearpoke\n|poke|p1|Aurorus, F|\n|poke|p1|Baxcalibur, M|\n|poke|p1|Lopunny, M|\n|poke|p1|Murkrow, F|\n|poke|p1|Togekiss, F|\n|poke|p1|Salandit, M|\n|poke|p2|Rotom-Wash|\n|poke|p2|Starmie|\n|poke|p2|Urshifu-*, M|\n|poke|p2|Samurott-Hisui, M|\n|poke|p2|Whiscash, M|\n|poke|p2|Carracosta, M|\n|teampreview\n|\n|t:|1699977692\n|start\n|switch|p1a: Salandit|Salandit, M|100\/100\n|switch|p2a: \ud83d\udca7\u26a1\ufe0fROTOM\u26a1\ufe0f\ud83d\udca7|Rotom-Wash|100\/100\n|turn|1\n|\n|t:|1699977699\n|move|p1a: Salandit|Substitute|p1a: Salandit\n|-start|p1a: Salandit|Substitute\n|-damage|p1a: Salandit|75\/100\n|move|p2a: \ud83d\udca7\u26a1\ufe0fROTOM\u26a1\ufe0f\ud83d\udca7|Rain Dance|p2a: \ud83d\udca7\u26a1\ufe0fROTOM\u26a1\ufe0f\ud83d\udca7\n|-weather|RainDance\n|\n|-weather|RainDance|[upkeep]\n|-heal|p1a: Salandit|81\/100|[from] item: Leftovers\n|upkeep\n|turn|2\n|\n|t:|1699977708\n|move|p1a: Salandit|Toxic|p2a: \ud83d\udca7\u26a1\ufe0fROTOM\u26a1\ufe0f\ud83d\udca7\n|-status|p2a: \ud83d\udca7\u26a1\ufe0fROTOM\u26a1\ufe0f\ud83d\udca7|tox\n|move|p2a: \ud83d\udca7\u26a1\ufe0fROTOM\u26a1\ufe0f\ud83d\udca7|Volt Switch|p1a: Salandit\n|-end|p1a: Salandit|Substitute\n|\n|t:|1699977731\n|switch|p2a: \ud83d\udca6\ud83d\udca7CORRACOSTA\ud83d\udca7\ud83d\udca6|Carracosta, M, shiny|100\/100|[from] Volt Switch\n|\n|-weather|RainDance|[upkeep]\n|-heal|p1a: Salandit|87\/100|[from] item: Leftovers\n|upkeep\n|turn|3\n|\n|t:|1699977742\n|switch|p1a: Aurorus|Aurorus, F, shiny|100\/100\n|-weather|Snow|[from] ability: Snow Warning|[of] p1a: Aurorus\n|move|p2a: \ud83d\udca6\ud83d\udca7CORRACOSTA\ud83d\udca7\ud83d\udca6|Aqua Jet|p1a: Aurorus\n|-supereffective|p1a: Aurorus\n|-crit|p1a: Aurorus\n|-damage|p1a: Aurorus|57\/100\n|\n|-weather|Snow|[upkeep]\n|upkeep\n|turn|4\n|\n|t:|1699977753\n|move|p1a: Aurorus|Earth Power|p2a: \ud83d\udca6\ud83d\udca7CORRACOSTA\ud83d\udca7\ud83d\udca6\n|-supereffective|p2a: \ud83d\udca6\ud83d\udca7CORRACOSTA\ud83d\udca7\ud83d\udca6\n|-damage|p2a: \ud83d\udca6\ud83d\udca7CORRACOSTA\ud83d\udca7\ud83d\udca6|9\/100\n|move|p2a: \ud83d\udca6\ud83d\udca7CORRACOSTA\ud83d\udca7\ud83d\udca6|Shell Smash|p2a: \ud83d\udca6\ud83d\udca7CORRACOSTA\ud83d\udca7\ud83d\udca6\n|-unboost|p2a: \ud83d\udca6\ud83d\udca7CORRACOSTA\ud83d\udca7\ud83d\udca6|def|1\n|-unboost|p2a: \ud83d\udca6\ud83d\udca7CORRACOSTA\ud83d\udca7\ud83d\udca6|spd|1\n|-boost|p2a: \ud83d\udca6\ud83d\udca7CORRACOSTA\ud83d\udca7\ud83d\udca6|atk|2\n|-boost|p2a: \ud83d\udca6\ud83d\udca7CORRACOSTA\ud83d\udca7\ud83d\udca6|spa|2\n|-boost|p2a: \ud83d\udca6\ud83d\udca7CORRACOSTA\ud83d\udca7\ud83d\udca6|spe|2\n|\n|-weather|Snow|[upkeep]\n|upkeep\n|turn|5\n|\n|t:|1699977770\n|switch|p1a: Lopunny|Lopunny, M|100\/100\n|move|p2a: \ud83d\udca6\ud83d\udca7CORRACOSTA\ud83d\udca7\ud83d\udca6|Hydro Pump|p1a: Lopunny\n|-damage|p1a: Lopunny|4\/100\n|\n|-weather|Snow|[upkeep]\n|upkeep\n|turn|6\n|\n|t:|1699977778\n|detailschange|p1a: Lopunny|Lopunny-Mega, M\n|-mega|p1a: Lopunny|Lopunny|Lopunnite\n|move|p1a: Lopunny|Fake Out|p2a: \ud83d\udca6\ud83d\udca7CORRACOSTA\ud83d\udca7\ud83d\udca6\n|-resisted|p2a: \ud83d\udca6\ud83d\udca7CORRACOSTA\ud83d\udca7\ud83d\udca6\n|-damage|p2a: \ud83d\udca6\ud83d\udca7CORRACOSTA\ud83d\udca7\ud83d\udca6|0 fnt\n|faint|p2a: \ud83d\udca6\ud83d\udca7CORRACOSTA\ud83d\udca7\ud83d\udca6\n|\n|-weather|Snow|[upkeep]\n|upkeep\n|\n|t:|1699977795\n|switch|p2a: \ud83d\udca6\ud83d\udca7SAMAUROTT\ud83d\udca7|Samurott-Hisui, M, shiny|100\/100\n|turn|7\n|\n|t:|1699977803\n|move|p2a: \ud83d\udca6\ud83d\udca7SAMAUROTT\ud83d\udca7|Aqua Jet|p1a: Lopunny\n|-damage|p1a: Lopunny|0 fnt\n|faint|p1a: Lopunny\n|\n|-weather|none\n|upkeep\n|\n|t:|1699977807\n|switch|p1a: BeholdDeception!|Togekiss, F|100\/100\n|turn|8\n|\n|t:|1699977823\n|switch|p2a: \ud83d\udca7\u26a1\ufe0fROTOM\u26a1\ufe0f\ud83d\udca7|Rotom-Wash|100\/100 tox\n|move|p1a: BeholdDeception!|Draining Kiss|p2a: \ud83d\udca7\u26a1\ufe0fROTOM\u26a1\ufe0f\ud83d\udca7\n|-damage|p2a: \ud83d\udca7\u26a1\ufe0fROTOM\u26a1\ufe0f\ud83d\udca7|66\/100 tox\n|\n|-damage|p2a: \ud83d\udca7\u26a1\ufe0fROTOM\u26a1\ufe0f\ud83d\udca7|60\/100 tox|[from] psn\n|upkeep\n|turn|9\n|\n|t:|1699977832\n|switch|p1a: Aurorus|Aurorus, F, shiny|57\/100\n|-weather|Snow|[from] ability: Snow Warning|[of] p1a: Aurorus\n|move|p2a: \ud83d\udca7\u26a1\ufe0fROTOM\u26a1\ufe0f\ud83d\udca7|Rain Dance|p2a: \ud83d\udca7\u26a1\ufe0fROTOM\u26a1\ufe0f\ud83d\udca7\n|-weather|RainDance\n|\n|-weather|RainDance|[upkeep]\n|-damage|p2a: \ud83d\udca7\u26a1\ufe0fROTOM\u26a1\ufe0f\ud83d\udca7|48\/100 tox|[from] psn\n|upkeep\n|turn|10\n|\n|t:|1699977842\n|move|p2a: \ud83d\udca7\u26a1\ufe0fROTOM\u26a1\ufe0f\ud83d\udca7|Thunder|p1a: Aurorus\n|-damage|p1a: Aurorus|13\/100\n|-status|p1a: Aurorus|par\n|move|p1a: Aurorus|Light Screen|p1a: Aurorus\n|-sidestart|p1: RetroGameBoy|move: Light Screen\n|\n|-weather|RainDance|[upkeep]\n|-damage|p2a: \ud83d\udca7\u26a1\ufe0fROTOM\u26a1\ufe0f\ud83d\udca7|29\/100 tox|[from] psn\n|upkeep\n|turn|11\n|\n|t:|1699977861\n|switch|p1a: Baxcalibur|Baxcalibur, M|100\/100\n|move|p2a: \ud83d\udca7\u26a1\ufe0fROTOM\u26a1\ufe0f\ud83d\udca7|Volt Switch|p1a: Baxcalibur\n|-resisted|p1a: Baxcalibur\n|-damage|p1a: Baxcalibur|93\/100\n|\n|t:|1699977885\n|switch|p2a: \ud83d\udca6\ud83d\udca7SAMAUROTT\ud83d\udca7|Samurott-Hisui, M, shiny|100\/100|[from] Volt Switch\n|\n|-weather|RainDance|[upkeep]\n|upkeep\n|turn|12\n|\n|t:|1699977902\n|-terastallize|p2a: \ud83d\udca6\ud83d\udca7SAMAUROTT\ud83d\udca7|Water\n|move|p1a: Baxcalibur|Dragon Dance|p1a: Baxcalibur\n|-boost|p1a: Baxcalibur|atk|1\n|-boost|p1a: Baxcalibur|spe|1\n|move|p2a: \ud83d\udca6\ud83d\udca7SAMAUROTT\ud83d\udca7|Razor Shell|p1a: Baxcalibur\n|-resisted|p1a: Baxcalibur\n|-damage|p1a: Baxcalibur|46\/100\n|-unboost|p1a: Baxcalibur|def|1\n|-enditem|p1a: Baxcalibur|Sitrus Berry|[eat]\n|-heal|p1a: Baxcalibur|71\/100|[from] item: Sitrus Berry\n|\n|-weather|RainDance|[upkeep]\n|upkeep\n|turn|13\n|\n|t:|1699977920\n|move|p1a: Baxcalibur|Iron Head|p2a: \ud83d\udca6\ud83d\udca7SAMAUROTT\ud83d\udca7\n|-resisted|p2a: \ud83d\udca6\ud83d\udca7SAMAUROTT\ud83d\udca7\n|-damage|p2a: \ud83d\udca6\ud83d\udca7SAMAUROTT\ud83d\udca7|68\/100\n|move|p2a: \ud83d\udca6\ud83d\udca7SAMAUROTT\ud83d\udca7|Razor Shell|p1a: Baxcalibur\n|-resisted|p1a: Baxcalibur\n|-damage|p1a: Baxcalibur|0 fnt\n|faint|p1a: Baxcalibur\n|\n|-weather|RainDance|[upkeep]\n|upkeep\n|\n|t:|1699977936\n|switch|p1a: BeholdDeception!|Togekiss, F|100\/100\n|turn|14\n|\n|t:|1699977947\n|move|p1a: BeholdDeception!|Heal Bell|p1a: BeholdDeception!\n|-activate|p1a: BeholdDeception!|move: Heal Bell\n|-curestatus|p1: Aurorus|par|[msg]\n|move|p2a: \ud83d\udca6\ud83d\udca7SAMAUROTT\ud83d\udca7|Razor Shell|p1a: BeholdDeception!\n|-damage|p1a: BeholdDeception!|0 fnt\n|faint|p1a: BeholdDeception!\n|\n|-weather|RainDance|[upkeep]\n|-sideend|p1: RetroGameBoy|move: Light Screen\n|upkeep\n|\n|t:|1699977955\n|switch|p1a: Aurorus|Aurorus, F, shiny|13\/100\n|-weather|Snow|[from] ability: Snow Warning|[of] p1a: Aurorus\n|turn|15\n|\n|t:|1699977976\n|move|p2a: \ud83d\udca6\ud83d\udca7SAMAUROTT\ud83d\udca7|Razor Shell|p1a: Aurorus\n|-supereffective|p1a: Aurorus\n|-damage|p1a: Aurorus|0 fnt\n|faint|p1a: Aurorus\n|\n|-weather|Snow|[upkeep]\n|upkeep\n|\n|t:|1699977979\n|switch|p1a: Murkrow|Murkrow, F|100\/100\n|turn|16\n|\n|t:|1699977987\n|move|p1a: Murkrow|Tailwind|p1a: Murkrow\n|-sidestart|p1: RetroGameBoy|move: Tailwind\n|move|p2a: \ud83d\udca6\ud83d\udca7SAMAUROTT\ud83d\udca7|Aqua Cutter|p1a: Murkrow\n|-damage|p1a: Murkrow|18\/100\n|\n|-weather|Snow|[upkeep]\n|upkeep\n|turn|17\n|\n|t:|1699977995\n|move|p2a: \ud83d\udca6\ud83d\udca7SAMAUROTT\ud83d\udca7|Aqua Jet|p1a: Murkrow\n|-crit|p1a: Murkrow\n|-damage|p1a: Murkrow|0 fnt\n|faint|p1a: Murkrow\n|\n|-weather|Snow|[upkeep]\n|upkeep\n|\n|t:|1699977998\n|switch|p1a: Salandit|Salandit, M|87\/100\n|turn|18\n|\n|t:|1699978004\n|move|p1a: Salandit|Substitute|p1a: Salandit\n|-start|p1a: Salandit|Substitute\n|-damage|p1a: Salandit|62\/100\n|move|p2a: \ud83d\udca6\ud83d\udca7SAMAUROTT\ud83d\udca7|Hydro Cannon|p1a: Salandit\n|-supereffective|p1a: Salandit\n|-end|p1a: Salandit|Substitute\n|-mustrecharge|p2a: \ud83d\udca6\ud83d\udca7SAMAUROTT\ud83d\udca7\n|\n|-weather|Snow|[upkeep]\n|-heal|p1a: Salandit|68\/100|[from] item: Leftovers\n|upkeep\n|turn|19\n|\n|t:|1699978014\n|move|p1a: Salandit|Toxic|p2a: \ud83d\udca6\ud83d\udca7SAMAUROTT\ud83d\udca7\n|-status|p2a: \ud83d\udca6\ud83d\udca7SAMAUROTT\ud83d\udca7|tox\n|cant|p2a: \ud83d\udca6\ud83d\udca7SAMAUROTT\ud83d\udca7|recharge\n|\n|-weather|none\n|-heal|p1a: Salandit|74\/100|[from] item: Leftovers\n|-damage|p2a: \ud83d\udca6\ud83d\udca7SAMAUROTT\ud83d\udca7|62\/100 tox|[from] psn\n|-sideend|p1: RetroGameBoy|move: Tailwind\n|upkeep\n|turn|20\n|\n|t:|1699978024\n|move|p1a: Salandit|Substitute|p1a: Salandit\n|-start|p1a: Salandit|Substitute\n|-damage|p1a: Salandit|49\/100\n|move|p2a: \ud83d\udca6\ud83d\udca7SAMAUROTT\ud83d\udca7|Hydro Cannon|p1a: Salandit\n|-supereffective|p1a: Salandit\n|-end|p1a: Salandit|Substitute\n|-mustrecharge|p2a: \ud83d\udca6\ud83d\udca7SAMAUROTT\ud83d\udca7\n|\n|-heal|p1a: Salandit|56\/100|[from] item: Leftovers\n|-damage|p2a: \ud83d\udca6\ud83d\udca7SAMAUROTT\ud83d\udca7|49\/100 tox|[from] psn\n|upkeep\n|turn|21\n|\n|t:|1699978034\n|move|p1a: Salandit|Shadow Claw|p2a: \ud83d\udca6\ud83d\udca7SAMAUROTT\ud83d\udca7\n|-damage|p2a: \ud83d\udca6\ud83d\udca7SAMAUROTT\ud83d\udca7|38\/100 tox\n|cant|p2a: \ud83d\udca6\ud83d\udca7SAMAUROTT\ud83d\udca7|recharge\n|\n|-heal|p1a: Salandit|61\/100|[from] item: Leftovers\n|-damage|p2a: \ud83d\udca6\ud83d\udca7SAMAUROTT\ud83d\udca7|19\/100 tox|[from] psn\n|upkeep\n|turn|22\n|\n|t:|1699978045\n|switch|p2a: \ud83d\udca7\u26a1\ufe0fROTOM\u26a1\ufe0f\ud83d\udca7|Rotom-Wash|29\/100 tox\n|move|p1a: Salandit|Substitute|p1a: Salandit\n|-start|p1a: Salandit|Substitute\n|-damage|p1a: Salandit|36\/100\n|\n|-heal|p1a: Salandit|42\/100|[from] item: Leftovers\n|-damage|p2a: \ud83d\udca7\u26a1\ufe0fROTOM\u26a1\ufe0f\ud83d\udca7|23\/100 tox|[from] psn\n|upkeep\n|turn|23\n|\n|t:|1699978055\n|move|p1a: Salandit|Shadow Claw|p2a: \ud83d\udca7\u26a1\ufe0fROTOM\u26a1\ufe0f\ud83d\udca7\n|-damage|p2a: \ud83d\udca7\u26a1\ufe0fROTOM\u26a1\ufe0f\ud83d\udca7|14\/100 tox\n|move|p2a: \ud83d\udca7\u26a1\ufe0fROTOM\u26a1\ufe0f\ud83d\udca7|Rain Dance|p2a: \ud83d\udca7\u26a1\ufe0fROTOM\u26a1\ufe0f\ud83d\udca7\n|-weather|RainDance\n|\n|-weather|RainDance|[upkeep]\n|-heal|p1a: Salandit|48\/100|[from] item: Leftovers\n|-damage|p2a: \ud83d\udca7\u26a1\ufe0fROTOM\u26a1\ufe0f\ud83d\udca7|2\/100 tox|[from] psn\n|upkeep\n|turn|24\n|\n|t:|1699978070\n|move|p1a: Salandit|Shadow Claw|p2a: \ud83d\udca7\u26a1\ufe0fROTOM\u26a1\ufe0f\ud83d\udca7\n|-damage|p2a: \ud83d\udca7\u26a1\ufe0fROTOM\u26a1\ufe0f\ud83d\udca7|0 fnt\n|faint|p2a: \ud83d\udca7\u26a1\ufe0fROTOM\u26a1\ufe0f\ud83d\udca7\n|\n|-weather|RainDance|[upkeep]\n|-heal|p1a: Salandit|54\/100|[from] item: Leftovers\n|upkeep\n|\n|t:|1699978078\n|switch|p2a: \ud83d\udca6BE\ud83d\udca7MY FRIEND\ud83d\udca6|Urshifu-Rapid-Strike, M|100\/100\n|turn|25\n|\n|t:|1699978085\n|move|p2a: \ud83d\udca6BE\ud83d\udca7MY FRIEND\ud83d\udca6|Surging Strikes|p1a: Salandit\n|-supereffective|p1a: Salandit\n|-crit|p1a: Salandit\n|-end|p1a: Salandit|Substitute\n|-supereffective|p1a: Salandit\n|-crit|p1a: Salandit\n|-damage|p1a: Salandit|0 fnt\n|faint|p1a: Salandit\n|-hitcount|p1: Salandit|2\n|\n|win|HYDRO-MODE\ufe0f\ufe0f\ufe0f\u267e\ufe0f\n|raw|RetroGameBoy's rating: 1084 &rarr; <strong>1063<\/strong><br \/>(-21 for losing)\n|raw|HYDRO-MODE\ufe0f\ufe0f\ufe0f\u267e\ufe0f's rating: 1107 &rarr; <strong>1130<\/strong><br \/>(+23 for winning)\n|c|\u2606RetroGameBoy|become water my friend\n|l|\u2606RetroGameBoy\n","uploadtime":1699978097,"views":5,"p1id":"retrogameboy","p2id":"hydromode","formatid":"gen9nationaldexubers","rating":1063,"private":0,"password":""}