{"id":"gen9nationaldexubers-1981817561","p1":"zacdog2006","p2":"Gtg g u2","format":"[Gen 9] National Dex Ubers","log":"|j|\u2606zacdog2006\n|j|\u2606Gtg g u2\n|t:|1698943870\n|gametype|singles\n|player|p1|zacdog2006|nate|1105\n|player|p2|Gtg g u2|red-masters|1102\n|teamsize|p1|6\n|teamsize|p2|6\n|gen|9\n|tier|[Gen 9] National Dex Ubers\n|rated|\n|rule|HP Percentage Mod: HP is shown in percentages\n|rule|Endless Battle Clause: Forcing endless battles is banned\n|rule|OHKO Clause: OHKO moves are banned\n|rule|Evasion Moves Clause: Evasion moves are banned\n|rule|Evasion Items Clause: Evasion items are banned\n|rule|Species Clause: Limit one of each Pok\u00e9mon\n|rule|Sleep Clause Mod: Limit one foe put to sleep\n|rule|Mega Rayquaza Clause: You cannot mega evolve Rayquaza\n|clearpoke\n|poke|p1|Cinderace, M|\n|poke|p1|Cursola, F|\n|poke|p1|Corsola-Galar, F|\n|poke|p1|Slowbro, M|\n|poke|p1|Tapu Koko|\n|poke|p1|Virizion|\n|poke|p2|Pikachu, M|\n|poke|p2|Rillaboom, M|\n|poke|p2|Cramorant, M|\n|poke|p2|Grapploct, M|\n|poke|p2|Centiskorch, M|\n|poke|p2|Runerigus, F|\n|teampreview\n|inactive|Battle timer is ON: inactive players will automatically lose when time's up. (requested by Gtg g u2)\n|\n|t:|1698943887\n|start\n|switch|p1a: Cursola|Cursola, F|100\/100\n|switch|p2a: Rillaboom|Rillaboom, M|100\/100\n|-fieldstart|move: Grassy Terrain|[from] ability: Grassy Surge|[of] p2a: Rillaboom\n|turn|1\n|\n|t:|1698943895\n|move|p2a: Rillaboom|Knock Off|p1a: Cursola\n|-supereffective|p1a: Cursola\n|-damage|p1a: Cursola|0 fnt\n|-ability|p1a: Cursola|Perish Body\n|-enditem|p1a: Cursola|Assault Vest|[from] move: Knock Off|[of] p2a: Rillaboom\n|faint|p1a: Cursola\n|-damage|p2a: Rillaboom|91\/100|[from] item: Life Orb\n|\n|-heal|p2a: Rillaboom|97\/100|[from] Grassy Terrain\n|-start|p2a: Rillaboom|perish3\n|upkeep\n|\n|t:|1698943905\n|switch|p1a: Corsola|Corsola-Galar, F|100\/100\n|turn|2\n|\n|t:|1698943909\n|move|p2a: Rillaboom|Knock Off|p1a: Corsola\n|-supereffective|p1a: Corsola\n|-damage|p1a: Corsola|45\/100\n|-enditem|p1a: Corsola|Eviolite|[from] move: Knock Off|[of] p2a: Rillaboom\n|-damage|p2a: Rillaboom|87\/100|[from] item: Life Orb\n|move|p1a: Corsola|Whirlpool|p2a: Rillaboom\n|-resisted|p2a: Rillaboom\n|-damage|p2a: Rillaboom|83\/100\n|-activate|p2a: Rillaboom|move: Whirlpool|[of] p1a: Corsola\n|\n|-heal|p2a: Rillaboom|89\/100|[from] Grassy Terrain\n|-heal|p1a: Corsola|51\/100|[from] Grassy Terrain\n|-damage|p2a: Rillaboom|77\/100|[from] move: Whirlpool|[partiallytrapped]\n|-start|p2a: Rillaboom|perish2\n|upkeep\n|turn|3\n|\n|t:|1698943924\n|-terastallize|p1a: Corsola|Steel\n|move|p2a: Rillaboom|Knock Off|p1a: Corsola\n|-crit|p1a: Corsola\n|-damage|p1a: Corsola|7\/100\n|-damage|p2a: Rillaboom|67\/100|[from] item: Life Orb\n|move|p1a: Corsola|Strength Sap|p2a: Rillaboom\n|-unboost|p2a: Rillaboom|atk|1\n|-heal|p1a: Corsola|100\/100\n|\n|-heal|p2a: Rillaboom|73\/100|[from] Grassy Terrain\n|-damage|p2a: Rillaboom|61\/100|[from] move: Whirlpool|[partiallytrapped]\n|-start|p2a: Rillaboom|perish1\n|upkeep\n|turn|4\n|\n|t:|1698943937\n|move|p2a: Rillaboom|Earthquake|p1a: Corsola\n|-supereffective|p1a: Corsola\n|-damage|p1a: Corsola|70\/100\n|-damage|p2a: Rillaboom|51\/100|[from] item: Life Orb\n|move|p1a: Corsola|Strength Sap|p2a: Rillaboom\n|-unboost|p2a: Rillaboom|atk|1\n|-heal|p1a: Corsola|100\/100\n|\n|-heal|p2a: Rillaboom|57\/100|[from] Grassy Terrain\n|-damage|p2a: Rillaboom|44\/100|[from] move: Whirlpool|[partiallytrapped]\n|-start|p2a: Rillaboom|perish0\n|faint|p2a: Rillaboom\n|upkeep\n|\n|t:|1698943940\n|switch|p2a: Grapploct|Grapploct, M|100\/100\n|turn|5\n|\n|t:|1698943952\n|move|p2a: Grapploct|Octolock|p1a: Corsola\n|-start|p1a: Corsola|move: Octolock|[of] p2a: Grapploct\n|move|p1a: Corsola|Will-O-Wisp|p2a: Grapploct\n|-status|p2a: Grapploct|brn\n|\n|-damage|p2a: Grapploct|94\/100 brn|[from] brn\n|-unboost|p1a: Corsola|def|1\n|-unboost|p1a: Corsola|spd|1\n|-fieldend|move: Grassy Terrain\n|upkeep\n|turn|6\n|\n|t:|1698943962\n|move|p2a: Grapploct|Drain Punch|p1a: Corsola\n|-supereffective|p1a: Corsola\n|-damage|p1a: Corsola|36\/100\n|-heal|p2a: Grapploct|100\/100 brn|[from] drain|[of] p1a: Corsola\n|move|p1a: Corsola|Whirlpool|p2a: Grapploct\n|-damage|p2a: Grapploct|94\/100 brn\n|-activate|p2a: Grapploct|move: Whirlpool|[of] p1a: Corsola\n|\n|-heal|p2a: Grapploct|100\/100 brn|[from] item: Leftovers\n|-damage|p2a: Grapploct|94\/100 brn|[from] brn\n|-damage|p2a: Grapploct|82\/100 brn|[from] move: Whirlpool|[partiallytrapped]\n|-unboost|p1a: Corsola|def|1\n|-unboost|p1a: Corsola|spd|1\n|upkeep\n|turn|7\n|\n|t:|1698943979\n|move|p2a: Grapploct|Drain Punch|p1a: Corsola\n|-supereffective|p1a: Corsola\n|-damage|p1a: Corsola|0 fnt\n|-heal|p2a: Grapploct|95\/100 brn|[from] drain|[of] p1a: Corsola\n|faint|p1a: Corsola\n|\n|-heal|p2a: Grapploct|100\/100 brn|[from] item: Leftovers\n|-damage|p2a: Grapploct|94\/100 brn|[from] brn\n|-end|p2a: Grapploct|Whirlpool|[partiallytrapped]|[silent]\n|upkeep\n|\n|t:|1698943988\n|switch|p1a: Slowbro|Slowbro, M|100\/100\n|turn|8\n|\n|t:|1698943992\n|detailschange|p1a: Slowbro|Slowbro-Mega, M\n|-mega|p1a: Slowbro|Slowbro|Slowbronite\n|move|p2a: Grapploct|Octolock|p1a: Slowbro\n|-start|p1a: Slowbro|move: Octolock|[of] p2a: Grapploct\n|move|p1a: Slowbro|Psychic|p2a: Grapploct\n|-supereffective|p2a: Grapploct\n|-damage|p2a: Grapploct|0 fnt\n|faint|p2a: Grapploct\n|\n|-end|p1a: Slowbro|Octolock|[partiallytrapped]|[silent]\n|upkeep\n|\n|t:|1698943994\n|switch|p2a: Pikachu|Pikachu, M|100\/100\n|turn|9\n|\n|t:|1698944002\n|move|p2a: Pikachu|Thunderbolt|p1a: Slowbro\n|-supereffective|p1a: Slowbro\n|-damage|p1a: Slowbro|16\/100\n|move|p1a: Slowbro|Scald|p2a: Pikachu\n|-damage|p2a: Pikachu|0 fnt\n|faint|p2a: Pikachu\n|\n|upkeep\n|\n|t:|1698944008\n|switch|p2a: Centiskorch|Centiskorch, M|100\/100\n|turn|10\n|\n|t:|1698944011\n|move|p2a: Centiskorch|Leech Life|p1a: Slowbro\n|-supereffective|p1a: Slowbro\n|-damage|p1a: Slowbro|0 fnt\n|faint|p1a: Slowbro\n|\n|upkeep\n|\n|t:|1698944023\n|switch|p1a: Tapu Koko|Tapu Koko|100\/100\n|-fieldstart|move: Electric Terrain|[from] ability: Electric Surge|[of] p1a: Tapu Koko\n|turn|11\n|\n|t:|1698944028\n|move|p1a: Tapu Koko|Discharge|p2a: Centiskorch\n|-damage|p2a: Centiskorch|60\/100\n|-status|p2a: Centiskorch|par\n|move|p2a: Centiskorch|Fire Lash|p1a: Tapu Koko\n|-damage|p1a: Tapu Koko|42\/100\n|-unboost|p1a: Tapu Koko|def|1\n|\n|upkeep\n|turn|12\n|\n|t:|1698944036\n|move|p1a: Tapu Koko|Volt Switch|p2a: Centiskorch\n|-damage|p2a: Centiskorch|27\/100 par\n|\n|t:|1698944040\n|switch|p1a: Cinderace|Cinderace, M|100\/100|[from] Volt Switch\n|move|p2a: Centiskorch|Fire Lash|p1a: Cinderace\n|-resisted|p1a: Cinderace\n|-damage|p1a: Cinderace|71\/100\n|-unboost|p1a: Cinderace|def|1\n|\n|upkeep\n|turn|13\n|\n|t:|1698944048\n|move|p1a: Cinderace|Pyro Ball|p2a: Centiskorch\n|-start|p2a: Centiskorch|ability: Flash Fire\n|move|p2a: Centiskorch|Leech Life|p1a: Cinderace\n|-resisted|p1a: Cinderace\n|-damage|p1a: Cinderace|30\/100\n|-heal|p2a: Centiskorch|43\/100 par|[from] drain|[of] p1a: Cinderace\n|\n|upkeep\n|turn|14\n|\n|t:|1698944055\n|move|p1a: Cinderace|Sucker Punch|p2a: Centiskorch\n|-start|p1a: Cinderace|typechange|Dark|[from] ability: Libero\n|-damage|p2a: Centiskorch|4\/100 par\n|cant|p2a: Centiskorch|par\n|\n|upkeep\n|turn|15\n|\n|t:|1698944061\n|move|p1a: Cinderace|Iron Head|p2a: Centiskorch\n|-resisted|p2a: Centiskorch\n|-damage|p2a: Centiskorch|0 fnt\n|faint|p2a: Centiskorch\n|\n|-fieldend|move: Electric Terrain\n|upkeep\n|\n|t:|1698944064\n|switch|p2a: Runerigus|Runerigus, F, shiny|100\/100\n|turn|16\n|\n|t:|1698944067\n|move|p1a: Cinderace|Sucker Punch||[still]\n|-fail|p1a: Cinderace\n|move|p2a: Runerigus|Will-O-Wisp|p1a: Cinderace\n|-status|p1a: Cinderace|brn\n|\n|-damage|p1a: Cinderace|24\/100 brn|[from] brn\n|upkeep\n|turn|17\n|\n|t:|1698944074\n|move|p1a: Cinderace|Sucker Punch|p2a: Runerigus\n|-supereffective|p2a: Runerigus\n|-damage|p2a: Runerigus|76\/100\n|-activate|p2a: Runerigus|ability: Wandering Spirit|Libero|Wandering Spirit|[of] p1a: Cinderace\n|move|p2a: Runerigus|Earthquake|p1a: Cinderace\n|-start|p2a: Runerigus|typechange|Ground|[from] ability: Libero\n|-damage|p1a: Cinderace|0 fnt\n|faint|p1a: Cinderace\n|\n|-heal|p2a: Runerigus|82\/100|[from] item: Leftovers\n|upkeep\n|\n|t:|1698944086\n|switch|p1a: Virizion|Virizion|100\/100\n|turn|18\n|\n|t:|1698944092\n|-terastallize|p2a: Runerigus|Ghost\n|move|p1a: Virizion|Swords Dance|p1a: Virizion\n|-boost|p1a: Virizion|atk|2\n|move|p2a: Runerigus|Will-O-Wisp|p1a: Virizion\n|-status|p1a: Virizion|brn\n|\n|-heal|p2a: Runerigus|88\/100|[from] item: Leftovers\n|-damage|p1a: Virizion|94\/100 brn|[from] brn\n|upkeep\n|turn|19\n|\n|t:|1698944102\n|switch|p2a: Cramorant|Cramorant, M|100\/100\n|move|p1a: Virizion|Swords Dance|p1a: Virizion\n|-boost|p1a: Virizion|atk|2\n|\n|-damage|p1a: Virizion|88\/100 brn|[from] brn\n|upkeep\n|turn|20\n|\n|t:|1698944109\n|move|p1a: Virizion|Swords Dance|p1a: Virizion\n|-boost|p1a: Virizion|atk|2\n|move|p2a: Cramorant|Hurricane|p1a: Virizion\n|-supereffective|p1a: Virizion\n|-damage|p1a: Virizion|0 fnt\n|faint|p1a: Virizion\n|\n|upkeep\n|\n|t:|1698944116\n|switch|p1a: Tapu Koko|Tapu Koko|42\/100\n|-fieldstart|move: Electric Terrain|[from] ability: Electric Surge|[of] p1a: Tapu Koko\n|turn|21\n|\n|t:|1698944121\n|move|p1a: Tapu Koko|Discharge|p2a: Cramorant\n|-supereffective|p2a: Cramorant\n|-damage|p2a: Cramorant|0 fnt\n|faint|p2a: Cramorant\n|\n|upkeep\n|\n|t:|1698944123\n|switch|p2a: Runerigus|Runerigus, F, shiny, tera:Ghost|88\/100\n|turn|22\n|\n|t:|1698944129\n|move|p1a: Tapu Koko|Discharge|p2a: Runerigus\n|-damage|p2a: Runerigus|47\/100\n|move|p2a: Runerigus|Poltergeist|p1a: Tapu Koko\n|-activate|p1a: Tapu Koko|move: Poltergeist|Focus Sash\n|-damage|p1a: Tapu Koko|0 fnt\n|faint|p1a: Tapu Koko\n|\n|win|Gtg g u2\n|raw|zacdog2006's rating: 1105 &rarr; <strong>1080<\/strong><br \/>(-25 for losing)\n|raw|Gtg g u2's rating: 1102 &rarr; <strong>1127<\/strong><br \/>(+25 for winning)\n","uploadtime":1698944134,"views":6,"p1id":"zacdog2006","p2id":"gtggu2","formatid":"gen9nationaldexubers","rating":1080,"private":0,"password":""}