{"id":"gen9nationaldexubers-1995100055","p1":"straightoutta14BC","p2":"Giyu","format":"[Gen 9] National Dex Ubers","log":"|j|\u2606straightoutta14BC\n|j|\u2606Giyu\n|inactive|Battle timer is ON: inactive players will automatically lose when time's up.\n|t:|1700522532\n|gametype|singles\n|player|p1|straightoutta14BC|266|\n|player|p2|Giyu|kabu|\n|teamsize|p1|6\n|teamsize|p2|6\n|gen|9\n|tier|[Gen 9] National Dex Ubers\n|rated|Tournament battle\n|rule|HP Percentage Mod: HP is shown in percentages\n|rule|Endless Battle Clause: Forcing endless battles is banned\n|rule|OHKO Clause: OHKO moves are banned\n|rule|Evasion Moves Clause: Evasion moves are banned\n|rule|Evasion Items Clause: Evasion items are banned\n|rule|Species Clause: Limit one of each Pok\u00e9mon\n|rule|Sleep Clause Mod: Limit one foe put to sleep\n|rule|Mega Rayquaza Clause: You cannot mega evolve Rayquaza\n|rule|Dynamax Clause: You cannot dynamax\n|rule|Terastal Clause: You cannot Terastallize\n|rule|Same Type Clause: Pok\u00e9mon in a team must share a type\n|clearpoke\n|poke|p1|Klefki, F|\n|poke|p1|Mawile, F|\n|poke|p1|Dialga|\n|poke|p1|Necrozma-Dusk-Mane|\n|poke|p1|Kartana|\n|poke|p1|Excadrill, M|\n|poke|p2|Arceus-Ice|\n|poke|p2|Calyrex-Ice|\n|poke|p2|Chien-Pao|\n|poke|p2|Iron Bundle|\n|poke|p2|Kyurem-Black|\n|poke|p2|Ninetales-Alola, M|\n|teampreview\n|inactive|Giyu also wants the timer to be on.\n|j|+Hyjinks\n|c|\u2606Giyu|hf\n|inactive|straightoutta14BC has 120 seconds left.\n|inactive|straightoutta14BC has 90 seconds left.\n|\n|t:|1700522606\n|start\n|switch|p1a: Deep Impact|Excadrill, M|100\/100\n|switch|p2a: Ninetales|Ninetales-Alola, M|100\/100\n|-weather|Snow|[from] ability: Snow Warning|[of] p2a: Ninetales\n|-ability|p1a: Deep Impact|Mold Breaker\n|turn|1\n|\n|t:|1700522614\n|move|p2a: Ninetales|Freeze-Dry|p1a: Deep Impact\n|-damage|p1a: Deep Impact|63\/100\n|move|p1a: Deep Impact|Rapid Spin|p2a: Ninetales\n|-damage|p2a: Ninetales|83\/100\n|-boost|p1a: Deep Impact|spe|1\n|\n|-weather|Snow|[upkeep]\n|upkeep\n|turn|2\n|c|\u2606Giyu|[Invalid choice] Sorry, too late to cancel\n|c|\u2606Giyu|wtf\n|j| DerpyAchoque\n|c|\u2606Giyu|wifi non existent\n|\n|t:|1700522646\n|switch|p2a: Iron Bundle|Iron Bundle|100\/100\n|-enditem|p2a: Iron Bundle|Booster Energy\n|-activate|p2a: Iron Bundle|ability: Quark Drive|[fromitem]\n|-start|p2a: Iron Bundle|quarkdrivespe\n|move|p1a: Deep Impact|Stealth Rock|p2a: Iron Bundle\n|-sidestart|p2: Giyu|move: Stealth Rock\n|\n|-weather|Snow|[upkeep]\n|upkeep\n|turn|3\n|\n|t:|1700522656\n|move|p2a: Iron Bundle|Hydro Pump|p1a: Deep Impact|[miss]\n|-miss|p2a: Iron Bundle|p1a: Deep Impact\n|move|p1a: Deep Impact|Earthquake|p2a: Iron Bundle\n|-damage|p2a: Iron Bundle|55\/100\n|\n|-weather|Snow|[upkeep]\n|upkeep\n|turn|4\n|\n|t:|1700522660\n|move|p2a: Iron Bundle|Hydro Pump|p1a: Deep Impact|[miss]\n|-miss|p2a: Iron Bundle|p1a: Deep Impact\n|move|p1a: Deep Impact|Earthquake|p2a: Iron Bundle\n|-damage|p2a: Iron Bundle|10\/100\n|\n|-weather|Snow|[upkeep]\n|upkeep\n|turn|5\n|c|+Hyjinks|as bad as it sounds, the site IS slow today\n|c|\u2606Giyu|lol\n|\n|t:|1700522665\n|move|p2a: Iron Bundle|Hydro Pump|p1a: Deep Impact\n|-supereffective|p1a: Deep Impact\n|-damage|p1a: Deep Impact|0 fnt\n|faint|p1a: Deep Impact\n|\n|-weather|none\n|upkeep\n|\n|t:|1700522681\n|switch|p1a: Pioneer|Dialga|100\/100\n|-ability|p1a: Pioneer|Pressure\n|turn|6\n|\n|t:|1700522685\n|move|p2a: Iron Bundle|Ice Beam|p1a: Pioneer\n|-damage|p1a: Pioneer|65\/100\n|move|p1a: Pioneer|Trick Room|p1a: Pioneer\n|-fieldstart|move: Trick Room|[of] p1a: Pioneer\n|\n|upkeep\n|turn|7\n|l| DerpyAchoque\n|\n|t:|1700522695\n|move|p1a: Pioneer|Fire Blast|p2a: Iron Bundle\n|-damage|p2a: Iron Bundle|0 fnt\n|faint|p2a: Iron Bundle\n|-end|p2a: Iron Bundle|Quark Drive|[silent]\n|\n|upkeep\n|inactive|Giyu has 120 seconds left.\n|\n|t:|1700522746\n|switch|p2a: Ninetales|Ninetales-Alola, M|83\/100\n|-damage|p2a: Ninetales|58\/100|[from] Stealth Rock\n|-weather|Snow|[from] ability: Snow Warning|[of] p2a: Ninetales\n|turn|8\n|inactive|straightoutta14BC has 120 seconds left.\n|\n|t:|1700522800\n|move|p1a: Pioneer|Fire Blast|p2a: Ninetales|[miss]\n|-miss|p1a: Pioneer|p2a: Ninetales\n|move|p2a: Ninetales|Aurora Veil|p2a: Ninetales\n|-sidestart|p2: Giyu|move: Aurora Veil\n|\n|-weather|Snow|[upkeep]\n|upkeep\n|turn|9\n|\n|t:|1700522811\n|move|p1a: Pioneer|Fire Blast|p2a: Ninetales\n|-supereffective|p2a: Ninetales\n|-damage|p2a: Ninetales|8\/100\n|move|p2a: Ninetales|Freeze-Dry|p1a: Pioneer\n|-damage|p1a: Pioneer|40\/100\n|\n|-weather|Snow|[upkeep]\n|upkeep\n|turn|10\n|\n|t:|1700522819\n|move|p1a: Pioneer|Fire Blast|p2a: Ninetales\n|-supereffective|p2a: Ninetales\n|-damage|p2a: Ninetales|0 fnt\n|faint|p2a: Ninetales\n|\n|-weather|Snow|[upkeep]\n|-fieldend|move: Trick Room\n|upkeep\n|\n|t:|1700522827\n|switch|p2a: Chien-Pao|Chien-Pao|100\/100\n|-damage|p2a: Chien-Pao|76\/100|[from] Stealth Rock\n|-ability|p2a: Chien-Pao|Sword of Ruin\n|turn|11\n|\n|t:|1700522834\n|switch|p1a: Valentina|Mawile, F|100\/100\n|-ability|p1a: Valentina|Intimidate|boost\n|-unboost|p2a: Chien-Pao|atk|1\n|move|p2a: Chien-Pao|Swords Dance|p2a: Chien-Pao\n|-boost|p2a: Chien-Pao|atk|2\n|\n|-weather|Snow|[upkeep]\n|upkeep\n|turn|12\n|inactive|straightoutta14BC has 120 seconds left.\n|\n|t:|1700522842\n|detailschange|p1a: Valentina|Mawile-Mega, F\n|-mega|p1a: Valentina|Mawile|Mawilite\n|-zpower|p2a: Chien-Pao\n|move|p2a: Chien-Pao|Black Hole Eclipse|p1a: Valentina|[zeffect]\n|-resisted|p1a: Valentina\n|-damage|p1a: Valentina|24\/100\n|move|p1a: Valentina|Play Rough|p2a: Chien-Pao|[miss]\n|-miss|p1a: Valentina|p2a: Chien-Pao\n|\n|-weather|none\n|upkeep\n|turn|13\n|inactive|straightoutta14BC has 120 seconds left.\n|c|\u2606Giyu|well thats 2-2 ig\n|inactive|straightoutta14BC has 90 seconds left.\n|c|\u2606Giyu|only goes downwards from here\n|inactive|straightoutta14BC has 60 seconds left.\n|\n|t:|1700522919\n|switch|p1a: Pioneer|Dialga|40\/100\n|-ability|p1a: Pioneer|Pressure\n|move|p2a: Chien-Pao|Crunch|p1a: Pioneer\n|-damage|p1a: Pioneer|0 fnt\n|faint|p1a: Pioneer\n|\n|upkeep\n|\n|t:|1700522925\n|switch|p1a: Mir|Klefki, F|100\/100\n|turn|14\n|\n|t:|1700522929\n|move|p2a: Chien-Pao|Swords Dance|p2a: Chien-Pao\n|-boost|p2a: Chien-Pao|atk|2\n|move|p1a: Mir|Trick Room|p1a: Mir\n|-fieldstart|move: Trick Room|[of] p1a: Mir\n|\n|upkeep\n|turn|15\n|\n|t:|1700522933\n|move|p1a: Mir|Steel Beam|p2a: Chien-Pao\n|-supereffective|p2a: Chien-Pao\n|-damage|p2a: Chien-Pao|14\/100\n|-damage|p1a: Mir|50\/100|[from] steelbeam\n|move|p2a: Chien-Pao|Sacred Sword|p1a: Mir\n|-damage|p1a: Mir|0 fnt\n|faint|p1a: Mir\n|\n|-sideend|p2: Giyu|move: Aurora Veil\n|upkeep\n|\n|t:|1700522940\n|switch|p1a: Valentina|Mawile-Mega, F|24\/100\n|turn|16\n|\n|t:|1700522953\n|move|p1a: Valentina|Sucker Punch|p2a: Chien-Pao\n|-resisted|p2a: Chien-Pao\n|-damage|p2a: Chien-Pao|0 fnt\n|faint|p2a: Chien-Pao\n|\n|upkeep\n|inactive|Giyu has 120 seconds left.\n|\n|t:|1700522990\n|switch|p2a: Kyurem|Kyurem-Black|100\/100\n|-damage|p2a: Kyurem|76\/100|[from] Stealth Rock\n|-ability|p2a: Kyurem|Teravolt\n|turn|17\n|\n|t:|1700522993\n|move|p1a: Valentina|Play Rough|p2a: Kyurem\n|-supereffective|p2a: Kyurem\n|-damage|p2a: Kyurem|0 fnt\n|faint|p2a: Kyurem\n|\n|upkeep\n|l|+Hyjinks\n|\n|t:|1700523003\n|switch|p2a: Arceus|Arceus-Ice|100\/100\n|-damage|p2a: Arceus|76\/100|[from] Stealth Rock\n|turn|18\n|inactive|straightoutta14BC has 90 seconds left.\n|\n|t:|1700523018\n|move|p1a: Valentina|Fire Fang|p2a: Arceus\n|-supereffective|p2a: Arceus\n|-damage|p2a: Arceus|18\/100\n|move|p2a: Arceus|Recover|p2a: Arceus\n|-heal|p2a: Arceus|68\/100\n|\n|-fieldend|move: Trick Room\n|upkeep\n|turn|19\n|j| Fixzation\n|\n|t:|1700523024\n|move|p2a: Arceus|Recover|p2a: Arceus\n|-heal|p2a: Arceus|100\/100\n|move|p1a: Valentina|Fire Fang|p2a: Arceus\n|-supereffective|p2a: Arceus\n|-damage|p2a: Arceus|41\/100\n|\n|upkeep\n|turn|20\n|\n|t:|1700523027\n|move|p2a: Arceus|Recover|p2a: Arceus\n|-heal|p2a: Arceus|91\/100\n|move|p1a: Valentina|Fire Fang|p2a: Arceus\n|-supereffective|p2a: Arceus\n|-damage|p2a: Arceus|35\/100\n|\n|upkeep\n|turn|21\n|\n|t:|1700523033\n|move|p2a: Arceus|Recover|p2a: Arceus\n|-heal|p2a: Arceus|86\/100\n|move|p1a: Valentina|Fire Fang|p2a: Arceus\n|-supereffective|p2a: Arceus\n|-damage|p2a: Arceus|30\/100\n|\n|upkeep\n|turn|22\n|\n|t:|1700523036\n|move|p2a: Arceus|Thunderbolt|p1a: Valentina\n|-damage|p1a: Valentina|0 fnt\n|faint|p1a: Valentina\n|\n|upkeep\n|\n|t:|1700523039\n|switch|p1a: Ares|Kartana|100\/100\n|turn|23\n|\n|t:|1700523045\n|move|p2a: Arceus|Judgment|p1a: Ares\n|-damage|p1a: Ares|0 fnt\n|faint|p1a: Ares\n|\n|upkeep\n|\n|t:|1700523048\n|switch|p1a: Dyson|Necrozma-Dusk-Mane|100\/100\n|turn|24\n|\n|t:|1700523057\n|move|p2a: Arceus|Thunderbolt|p1a: Dyson\n|-damage|p1a: Dyson|77\/100\n|move|p1a: Dyson|Rock Polish|p1a: Dyson\n|-boost|p1a: Dyson|spe|2\n|\n|upkeep\n|turn|25\n|\n|t:|1700523069\n|move|p1a: Dyson|Power Gem|p2a: Arceus\n|-supereffective|p2a: Arceus\n|-damage|p2a: Arceus|0 fnt\n|faint|p2a: Arceus\n|\n|upkeep\n|\n|t:|1700523071\n|switch|p2a: Calyrex|Calyrex-Ice|100\/100\n|-ability|p2a: Calyrex|As One\n|-ability|p2a: Calyrex|Unnerve\n|-damage|p2a: Calyrex|76\/100|[from] Stealth Rock\n|turn|26\n|\n|t:|1700523075\n|move|p1a: Dyson|Power Gem|p2a: Calyrex\n|-supereffective|p2a: Calyrex\n|-damage|p2a: Calyrex|37\/100\n|move|p2a: Calyrex|High Horsepower|p1a: Dyson\n|-supereffective|p1a: Dyson\n|-damage|p1a: Dyson|0 fnt\n|faint|p1a: Dyson\n|\n|win|Giyu\n|n|\u2606straightoutta14BC|straightoutta14bc\n|n|\u2606Giyu|giyu\n|n| Fixzation|fixzation\n|c|\u2606Giyu|gg\n|l|\u2606Giyu\n|j| Hyjinks\n|l| Fixzation\n|l| Hyjinks\n","uploadtime":1700523091,"views":1,"p1id":"straightoutta14bc","p2id":"giyu","formatid":"gen9nationaldexubers","rating":0,"private":0,"password":""}