{"id":"gen9nationaldexubers-1981253761","p1":"Dominikoos987","p2":"Dorimethanol","format":"[Gen 9] National Dex Ubers","log":"|j|\u2606Dominikoos987\n|j|\u2606Dorimethanol\n|t:|1698876702\n|gametype|singles\n|player|p1|Dominikoos987|1|1269\n|player|p2|Dorimethanol|gentleman-gen4|1307\n|teamsize|p1|6\n|teamsize|p2|6\n|gen|9\n|tier|[Gen 9] National Dex Ubers\n|rated|\n|rule|HP Percentage Mod: HP is shown in percentages\n|rule|Endless Battle Clause: Forcing endless battles is banned\n|rule|OHKO Clause: OHKO moves are banned\n|rule|Evasion Moves Clause: Evasion moves are banned\n|rule|Evasion Items Clause: Evasion items are banned\n|rule|Species Clause: Limit one of each Pok\u00e9mon\n|rule|Sleep Clause Mod: Limit one foe put to sleep\n|rule|Mega Rayquaza Clause: You cannot mega evolve Rayquaza\n|clearpoke\n|poke|p1|Eternatus|\n|poke|p1|Groudon|\n|poke|p1|Kyogre|\n|poke|p1|Yveltal|\n|poke|p1|Lugia|\n|poke|p1|Xerneas-*|\n|poke|p2|Giratina|\n|poke|p2|Dondozo, F|\n|poke|p2|Chansey, F|\n|poke|p2|Tyranitar, M|\n|poke|p2|Ho-Oh|\n|poke|p2|Mewtwo|\n|teampreview\n|inactive|Battle timer is ON: inactive players will automatically lose when time's up. (requested by Dorimethanol)\n|\n|t:|1698876711\n|start\n|switch|p1a: Groudon|Groudon|100\/100\n|switch|p2a: Tyranitar|Tyranitar, M, shiny|100\/100\n|-weather|Sandstorm|[from] ability: Sand Stream|[of] p2a: Tyranitar\n|detailschange|p1a: Groudon|Groudon-Primal\n|-primal|p1a: Groudon|Red Orb\n|-weather|DesolateLand|[from] ability: Desolate Land|[of] p1a: Groudon\n|turn|1\n|\n|t:|1698876725\n|switch|p2a: Ho-Oh|Ho-Oh|100\/100\n|move|p1a: Groudon|Rock Polish|p1a: Groudon\n|-boost|p1a: Groudon|spe|2\n|\n|-weather|DesolateLand|[upkeep]\n|upkeep\n|turn|2\n|\n|t:|1698876732\n|switch|p2a: Giratina|Giratina|100\/100\n|-ability|p2a: Giratina|Pressure\n|move|p1a: Groudon|Fire Punch|p2a: Giratina\n|-resisted|p2a: Giratina\n|-damage|p2a: Giratina|82\/100\n|\n|-weather|DesolateLand|[upkeep]\n|-heal|p2a: Giratina|88\/100|[from] item: Leftovers\n|upkeep\n|turn|3\n|\n|t:|1698876744\n|move|p1a: Groudon|Precipice Blades|p2a: Giratina\n|-damage|p2a: Giratina|49\/100\n|move|p2a: Giratina|Toxic|p1a: Groudon\n|-status|p1a: Groudon|tox\n|\n|-weather|DesolateLand|[upkeep]\n|-heal|p2a: Giratina|55\/100|[from] item: Leftovers\n|-damage|p1a: Groudon|94\/100 tox|[from] psn\n|upkeep\n|turn|4\n|\n|t:|1698876754\n|switch|p2a: Ho-Oh|Ho-Oh|100\/100\n|move|p1a: Groudon|Fire Punch|p2a: Ho-Oh\n|-resisted|p2a: Ho-Oh\n|-damage|p2a: Ho-Oh|73\/100\n|\n|-weather|DesolateLand|[upkeep]\n|-damage|p1a: Groudon|82\/100 tox|[from] psn\n|upkeep\n|turn|5\n|\n|t:|1698876777\n|-weather|none\n|switch|p1a: Lugia|Lugia|100\/100\n|switch|p2a: Dondozo|Dondozo, F, shiny|100\/100\n|\n|upkeep\n|turn|6\n|\n|t:|1698876783\n|switch|p2a: Chansey|Chansey, F|100\/100\n|move|p1a: Lugia|Toxic|p2a: Chansey\n|-status|p2a: Chansey|tox\n|\n|-damage|p2a: Chansey|94\/100 tox|[from] psn\n|upkeep\n|turn|7\n|\n|t:|1698876790\n|switch|p1a: Eternatus|Eternatus|100\/100\n|-ability|p1a: Eternatus|Pressure\n|move|p2a: Chansey|Confide|p1a: Eternatus\n|-unboost|p1a: Eternatus|spa|1\n|\n|-damage|p2a: Chansey|82\/100 tox|[from] psn\n|upkeep\n|turn|8\n|\n|t:|1698876799\n|-curestatus|p2a: Chansey|tox|[from] ability: Natural Cure\n|switch|p2a: Tyranitar|Tyranitar, M, shiny|100\/100\n|-weather|Sandstorm|[from] ability: Sand Stream|[of] p2a: Tyranitar\n|move|p1a: Eternatus|Dynamax Cannon|p2a: Tyranitar\n|-damage|p2a: Tyranitar|79\/100\n|\n|-weather|Sandstorm|[upkeep]\n|-damage|p1a: Eternatus|94\/100|[from] Sandstorm\n|upkeep\n|turn|9\n|\n|t:|1698876811\n|switch|p1a: Yveltal|Yveltal|100\/100\n|-ability|p1a: Yveltal|Dark Aura\n|detailschange|p2a: Tyranitar|Tyranitar-Mega, M, shiny\n|-mega|p2a: Tyranitar|Tyranitar|Tyranitarite\n|move|p2a: Tyranitar|Stealth Rock|p1a: Yveltal\n|-sidestart|p1: Dominikoos987|move: Stealth Rock\n|\n|-weather|Sandstorm|[upkeep]\n|-damage|p1a: Yveltal|94\/100|[from] Sandstorm\n|-heal|p1a: Yveltal|100\/100|[from] item: Leftovers\n|upkeep\n|turn|10\n|\n|t:|1698876827\n|move|p1a: Yveltal|Defog|p2a: Tyranitar\n|-unboost|p2a: Tyranitar|evasion|1\n|-sideend|p1: Dominikoos987|Stealth Rock|[from] move: Defog|[of] p1a: Yveltal\n|move|p2a: Tyranitar|Knock Off|p1a: Yveltal\n|-resisted|p1a: Yveltal\n|-damage|p1a: Yveltal|78\/100\n|-enditem|p1a: Yveltal|Leftovers|[from] move: Knock Off|[of] p2a: Tyranitar\n|\n|-weather|Sandstorm|[upkeep]\n|-damage|p1a: Yveltal|72\/100|[from] Sandstorm\n|upkeep\n|turn|11\n|\n|t:|1698876835\n|move|p1a: Yveltal|Oblivion Wing|p2a: Tyranitar\n|-resisted|p2a: Tyranitar\n|-crit|p2a: Tyranitar\n|-damage|p2a: Tyranitar|69\/100\n|-heal|p1a: Yveltal|79\/100|[from] drain|[of] p2a: Tyranitar\n|move|p2a: Tyranitar|Toxic|p1a: Yveltal\n|-status|p1a: Yveltal|tox\n|\n|-weather|Sandstorm|[upkeep]\n|-damage|p1a: Yveltal|73\/100 tox|[from] Sandstorm\n|-damage|p1a: Yveltal|67\/100 tox|[from] psn\n|upkeep\n|turn|12\n|\n|t:|1698876854\n|move|p1a: Yveltal|Roost|p1a: Yveltal\n|-heal|p1a: Yveltal|100\/100 tox\n|-singleturn|p1a: Yveltal|move: Roost\n|move|p2a: Tyranitar|Stealth Rock|p1a: Yveltal\n|-sidestart|p1: Dominikoos987|move: Stealth Rock\n|\n|-weather|none\n|-damage|p1a: Yveltal|88\/100 tox|[from] psn\n|upkeep\n|turn|13\n|\n|t:|1698876863\n|move|p1a: Yveltal|Defog|p2a: Tyranitar\n|-unboost|p2a: Tyranitar|evasion|1\n|-sideend|p1: Dominikoos987|Stealth Rock|[from] move: Defog|[of] p1a: Yveltal\n|move|p2a: Tyranitar|Rest|p2a: Tyranitar\n|-status|p2a: Tyranitar|slp|[from] move: Rest\n|-heal|p2a: Tyranitar|100\/100 slp|[silent]\n|\n|-damage|p1a: Yveltal|70\/100 tox|[from] psn\n|upkeep\n|turn|14\n|\n|t:|1698876868\n|switch|p1a: Groudon|Groudon-Primal|82\/100 tox\n|-weather|DesolateLand|[from] ability: Desolate Land|[of] p1a: Groudon\n|cant|p2a: Tyranitar|slp\n|\n|-weather|DesolateLand|[upkeep]\n|-damage|p1a: Groudon|76\/100 tox|[from] psn\n|upkeep\n|turn|15\n|\n|t:|1698876872\n|switch|p2a: Ho-Oh|Ho-Oh|100\/100\n|move|p1a: Groudon|Precipice Blades|p2a: Ho-Oh\n|-immune|p2a: Ho-Oh\n|\n|-weather|DesolateLand|[upkeep]\n|-damage|p1a: Groudon|63\/100 tox|[from] psn\n|upkeep\n|turn|16\n|\n|t:|1698876878\n|-weather|none\n|switch|p1a: Xerneas|Xerneas|100\/100\n|-ability|p1a: Xerneas|Fairy Aura\n|move|p2a: Ho-Oh|Whirlwind|p1a: Xerneas\n|drag|p1a: Lugia|Lugia|100\/100\n|\n|upkeep\n|turn|17\n|\n|t:|1698876887\n|switch|p2a: Tyranitar|Tyranitar-Mega, M, shiny|100\/100 slp\n|-weather|Sandstorm|[from] ability: Sand Stream|[of] p2a: Tyranitar\n|move|p1a: Lugia|Toxic||[still]\n|-fail|p1a: Lugia\n|\n|-weather|Sandstorm|[upkeep]\n|-damage|p1a: Lugia|94\/100|[from] Sandstorm\n|-heal|p1a: Lugia|100\/100|[from] item: Leftovers\n|upkeep\n|turn|18\n|\n|t:|1698876895\n|move|p1a: Lugia|Toxic||[still]\n|-fail|p1a: Lugia\n|cant|p2a: Tyranitar|slp\n|\n|-weather|Sandstorm|[upkeep]\n|-damage|p1a: Lugia|94\/100|[from] Sandstorm\n|-heal|p1a: Lugia|100\/100|[from] item: Leftovers\n|upkeep\n|turn|19\n|c|\u2606Dominikoos987|MISS\n|\n|t:|1698876903\n|-curestatus|p2a: Tyranitar|slp|[msg]\n|move|p2a: Tyranitar|Knock Off|p1a: Lugia\n|-supereffective|p1a: Lugia\n|-damage|p1a: Lugia|75\/100\n|-enditem|p1a: Lugia|Leftovers|[from] move: Knock Off|[of] p2a: Tyranitar\n|move|p1a: Lugia|Whirlwind|p2a: Tyranitar\n|drag|p2a: Dondozo|Dondozo, F, shiny|100\/100\n|\n|-weather|Sandstorm|[upkeep]\n|-damage|p1a: Lugia|69\/100|[from] Sandstorm\n|-damage|p2a: Dondozo|94\/100|[from] Sandstorm\n|-heal|p2a: Dondozo|100\/100|[from] item: Leftovers\n|upkeep\n|turn|20\n|\n|t:|1698876912\n|switch|p2a: Chansey|Chansey, F|82\/100\n|move|p1a: Lugia|Toxic|p2a: Chansey\n|-status|p2a: Chansey|tox\n|\n|-weather|Sandstorm|[upkeep]\n|-damage|p1a: Lugia|62\/100|[from] Sandstorm\n|-damage|p2a: Chansey|76\/100 tox|[from] Sandstorm\n|-damage|p2a: Chansey|69\/100 tox|[from] psn\n|upkeep\n|turn|21\n|\n|t:|1698876919\n|move|p1a: Lugia|Substitute|p1a: Lugia\n|-start|p1a: Lugia|Substitute\n|-damage|p1a: Lugia|37\/100\n|move|p2a: Chansey|Soft-Boiled|p2a: Chansey\n|-heal|p2a: Chansey|100\/100 tox\n|\n|-weather|none\n|-damage|p2a: Chansey|88\/100 tox|[from] psn\n|upkeep\n|turn|22\n|\n|t:|1698876925\n|move|p1a: Lugia|Roost|p1a: Lugia\n|-heal|p1a: Lugia|88\/100\n|-singleturn|p1a: Lugia|move: Roost\n|move|p2a: Chansey|Heal Bell|p2a: Chansey\n|-activate|p2a: Chansey|move: Heal Bell\n|-curestatus|p2a: Chansey|tox|[msg]\n|\n|upkeep\n|turn|23\n|\n|t:|1698876931\n|switch|p2a: Giratina|Giratina|55\/100\n|-ability|p2a: Giratina|Pressure\n|move|p1a: Lugia|Toxic|p2a: Giratina\n|-status|p2a: Giratina|tox\n|\n|-heal|p2a: Giratina|62\/100 tox|[from] item: Leftovers\n|-damage|p2a: Giratina|55\/100 tox|[from] psn\n|upkeep\n|turn|24\n|\n|t:|1698876941\n|move|p2a: Giratina|Rest|p2a: Giratina\n|-status|p2a: Giratina|slp|[from] move: Rest\n|-heal|p2a: Giratina|100\/100 slp|[silent]\n|move|p1a: Lugia|Whirlwind|p2a: Giratina\n|drag|p2a: Mewtwo|Mewtwo|100\/100\n|-ability|p2a: Mewtwo|Pressure\n|\n|upkeep\n|turn|25\n|\n|t:|1698876955\n|switch|p2a: Giratina|Giratina|100\/100 slp\n|-ability|p2a: Giratina|Pressure\n|move|p1a: Lugia|Toxic||[still]\n|-fail|p1a: Lugia\n|\n|upkeep\n|turn|26\n|\n|t:|1698876969\n|switch|p1a: Xerneas|Xerneas|100\/100\n|-ability|p1a: Xerneas|Fairy Aura\n|cant|p2a: Giratina|slp\n|\n|upkeep\n|turn|27\n|\n|t:|1698876975\n|switch|p2a: Chansey|Chansey, F|88\/100\n|move|p1a: Xerneas|Geomancy||[still]\n|-prepare|p1a: Xerneas|Geomancy\n|-enditem|p1a: Xerneas|Power Herb\n|-anim|p1a: Xerneas|Geomancy|p1a: Xerneas\n|-boost|p1a: Xerneas|spa|2\n|-boost|p1a: Xerneas|spd|2\n|-boost|p1a: Xerneas|spe|2\n|\n|upkeep\n|turn|28\n|\n|t:|1698876981\n|move|p1a: Xerneas|Focus Blast|p2a: Chansey|[miss]\n|-miss|p1a: Xerneas|p2a: Chansey\n|move|p2a: Chansey|Confide|p1a: Xerneas\n|-unboost|p1a: Xerneas|spa|1\n|\n|upkeep\n|turn|29\n|\n|t:|1698876986\n|-terastallize|p2a: Chansey|Grass\n|move|p1a: Xerneas|Focus Blast|p2a: Chansey|[miss]\n|-miss|p1a: Xerneas|p2a: Chansey\n|move|p2a: Chansey|Confide|p1a: Xerneas\n|-unboost|p1a: Xerneas|spa|1\n|\n|upkeep\n|turn|30\n|\n|t:|1698876997\n|move|p1a: Xerneas|Hidden Power|p2a: Chansey\n|-supereffective|p2a: Chansey\n|-damage|p2a: Chansey|77\/100\n|move|p2a: Chansey|Seismic Toss|p1a: Xerneas\n|-damage|p1a: Xerneas|75\/100\n|\n|upkeep\n|turn|31\n|\n|t:|1698877002\n|move|p1a: Xerneas|Moonblast|p2a: Chansey\n|-damage|p2a: Chansey|59\/100\n|-unboost|p2a: Chansey|spa|1\n|move|p2a: Chansey|Confide|p1a: Xerneas\n|-unboost|p1a: Xerneas|spa|1\n|\n|upkeep\n|turn|32\n|\n|t:|1698877008\n|move|p1a: Xerneas|Moonblast|p2a: Chansey\n|-damage|p2a: Chansey|47\/100\n|-unboost|p2a: Chansey|spa|1\n|move|p2a: Chansey|Soft-Boiled|p2a: Chansey\n|-heal|p2a: Chansey|97\/100\n|\n|upkeep\n|turn|33\n|\n|t:|1698877019\n|move|p1a: Xerneas|Geomancy||[still]\n|-prepare|p1a: Xerneas|Geomancy\n|move|p2a: Chansey|Confide|p1a: Xerneas\n|-unboost|p1a: Xerneas|spa|1\n|\n|upkeep\n|turn|34\n|\n|t:|1698877024\n|move|p1a: Xerneas|Geomancy|p1a: Xerneas|[from]lockedmove\n|-boost|p1a: Xerneas|spa|2\n|-boost|p1a: Xerneas|spd|2\n|-boost|p1a: Xerneas|spe|2\n|move|p2a: Chansey|Confide|p1a: Xerneas\n|-unboost|p1a: Xerneas|spa|1\n|\n|upkeep\n|turn|35\n|\n|t:|1698877030\n|switch|p2a: Ho-Oh|Ho-Oh|100\/100\n|move|p1a: Xerneas|Hidden Power|p2a: Ho-Oh\n|-resisted|p2a: Ho-Oh\n|-damage|p2a: Ho-Oh|96\/100\n|\n|upkeep\n|turn|36\n|\n|t:|1698877037\n|move|p1a: Xerneas|Moonblast|p2a: Ho-Oh\n|-resisted|p2a: Ho-Oh\n|-damage|p2a: Ho-Oh|82\/100\n|move|p2a: Ho-Oh|Whirlwind|p1a: Xerneas\n|drag|p1a: Eternatus|Eternatus|94\/100\n|-ability|p1a: Eternatus|Pressure\n|\n|upkeep\n|turn|37\n|\n|t:|1698877051\n|switch|p2a: Tyranitar|Tyranitar-Mega, M, shiny|100\/100\n|-weather|Sandstorm|[from] ability: Sand Stream|[of] p2a: Tyranitar\n|move|p1a: Eternatus|Dynamax Cannon|p2a: Tyranitar\n|-damage|p2a: Tyranitar|69\/100\n|\n|-weather|Sandstorm|[upkeep]\n|-damage|p1a: Eternatus|88\/100|[from] Sandstorm\n|upkeep\n|turn|38\n|\n|t:|1698877062\n|switch|p1a: Groudon|Groudon-Primal|63\/100 tox\n|-weather|DesolateLand|[from] ability: Desolate Land|[of] p1a: Groudon\n|move|p2a: Tyranitar|Knock Off|p1a: Groudon\n|-damage|p1a: Groudon|44\/100 tox\n|\n|-weather|DesolateLand|[upkeep]\n|-damage|p1a: Groudon|38\/100 tox|[from] psn\n|upkeep\n|turn|39\n|\n|t:|1698877077\n|switch|p2a: Ho-Oh|Ho-Oh|100\/100\n|move|p1a: Groudon|Fire Punch|p2a: Ho-Oh\n|-resisted|p2a: Ho-Oh\n|-damage|p2a: Ho-Oh|72\/100\n|\n|-weather|DesolateLand|[upkeep]\n|-damage|p1a: Groudon|25\/100 tox|[from] psn\n|upkeep\n|turn|40\n|\n|t:|1698877086\n|switch|p2a: Giratina|Giratina|100\/100 slp\n|-ability|p2a: Giratina|Pressure\n|move|p1a: Groudon|Fire Punch|p2a: Giratina\n|-resisted|p2a: Giratina\n|-damage|p2a: Giratina|82\/100 slp\n|\n|-weather|DesolateLand|[upkeep]\n|-heal|p2a: Giratina|88\/100 slp|[from] item: Leftovers\n|-damage|p1a: Groudon|7\/100 tox|[from] psn\n|upkeep\n|turn|41\n|\n|t:|1698877100\n|switch|p2a: Ho-Oh|Ho-Oh|100\/100\n|move|p1a: Groudon|Precipice Blades|p2a: Ho-Oh\n|-immune|p2a: Ho-Oh\n|\n|-weather|DesolateLand|[upkeep]\n|-damage|p1a: Groudon|0 fnt|[from] psn\n|faint|p1a: Groudon\n|-weather|none\n|upkeep\n|\n|t:|1698877119\n|switch|p1a: Yveltal|Yveltal|70\/100 tox\n|-ability|p1a: Yveltal|Dark Aura\n|turn|42\n|\n|t:|1698877125\n|move|p1a: Yveltal|Oblivion Wing|p2a: Ho-Oh\n|-damage|p2a: Ho-Oh|83\/100\n|-heal|p1a: Yveltal|82\/100 tox|[from] drain|[of] p2a: Ho-Oh\n|move|p2a: Ho-Oh|Sacred Fire|p1a: Yveltal\n|-damage|p1a: Yveltal|55\/100 tox\n|\n|-damage|p1a: Yveltal|49\/100 tox|[from] psn\n|upkeep\n|turn|43\n|\n|t:|1698877138\n|switch|p1a: Kyogre|Kyogre|100\/100\n|detailschange|p1a: Kyogre|Kyogre-Primal\n|-primal|p1a: Kyogre|Blue Orb\n|-weather|PrimordialSea|[from] ability: Primordial Sea|[of] p1a: Kyogre\n|switch|p2a: Tyranitar|Tyranitar-Mega, M, shiny|69\/100\n|-ability|p2a: Tyranitar|Sand Stream|[from] primordialsea|[fail]\n|\n|-weather|PrimordialSea|[upkeep]\n|upkeep\n|turn|44\n|\n|t:|1698877148\n|switch|p2a: Chansey|Chansey, F, tera:Grass|97\/100\n|move|p1a: Kyogre|Calm Mind|p1a: Kyogre\n|-boost|p1a: Kyogre|spa|1\n|-boost|p1a: Kyogre|spd|1\n|\n|-weather|PrimordialSea|[upkeep]\n|upkeep\n|turn|45\n|\n|t:|1698877153\n|move|p1a: Kyogre|Water Spout|p2a: Chansey\n|-resisted|p2a: Chansey\n|-damage|p2a: Chansey|68\/100\n|move|p2a: Chansey|Confide|p1a: Kyogre\n|-unboost|p1a: Kyogre|spa|1\n|\n|-weather|PrimordialSea|[upkeep]\n|upkeep\n|turn|46\n|\n|t:|1698877160\n|move|p1a: Kyogre|Ice Beam|p2a: Chansey\n|-supereffective|p2a: Chansey\n|-damage|p2a: Chansey|44\/100\n|move|p2a: Chansey|Confide|p1a: Kyogre\n|-unboost|p1a: Kyogre|spa|1\n|\n|-weather|PrimordialSea|[upkeep]\n|upkeep\n|turn|47\n|\n|t:|1698877164\n|move|p1a: Kyogre|Ice Beam|p2a: Chansey\n|-supereffective|p2a: Chansey\n|-damage|p2a: Chansey|30\/100\n|move|p2a: Chansey|Soft-Boiled|p2a: Chansey\n|-heal|p2a: Chansey|80\/100\n|\n|-weather|PrimordialSea|[upkeep]\n|upkeep\n|turn|48\n|c|\u2606Dominikoos987|chansey is fucking op\n|\n|t:|1698877177\n|move|p1a: Kyogre|Ice Beam|p2a: Chansey\n|-supereffective|p2a: Chansey\n|-damage|p2a: Chansey|64\/100\n|move|p2a: Chansey|Confide|p1a: Kyogre\n|-unboost|p1a: Kyogre|spa|1\n|\n|-weather|PrimordialSea|[upkeep]\n|upkeep\n|turn|49\n|c|\u2606Dominikoos987|please fzn <3\n|\n|t:|1698877187\n|move|p1a: Kyogre|Ice Beam|p2a: Chansey\n|-supereffective|p2a: Chansey\n|-damage|p2a: Chansey|53\/100\n|move|p2a: Chansey|Soft-Boiled|p2a: Chansey\n|-heal|p2a: Chansey|100\/100\n|\n|-weather|PrimordialSea|[upkeep]\n|upkeep\n|turn|50\n|\n|t:|1698877200\n|move|p1a: Kyogre|Ice Beam|p2a: Chansey\n|-supereffective|p2a: Chansey\n|-damage|p2a: Chansey|89\/100\n|move|p2a: Chansey|Seismic Toss|p1a: Kyogre\n|-damage|p1a: Kyogre|76\/100\n|\n|-weather|PrimordialSea|[upkeep]\n|upkeep\n|turn|51\n|\n|t:|1698877207\n|move|p1a: Kyogre|Ice Beam|p2a: Chansey\n|-supereffective|p2a: Chansey\n|-damage|p2a: Chansey|77\/100\n|move|p2a: Chansey|Confide|p1a: Kyogre\n|-unboost|p1a: Kyogre|spa|1\n|\n|-weather|PrimordialSea|[upkeep]\n|upkeep\n|turn|52\n|\n|t:|1698877215\n|move|p1a: Kyogre|Ice Beam|p2a: Chansey\n|-supereffective|p2a: Chansey\n|-damage|p2a: Chansey|69\/100\n|move|p2a: Chansey|Confide|p1a: Kyogre\n|-unboost|p1a: Kyogre|spa|1\n|\n|-weather|PrimordialSea|[upkeep]\n|upkeep\n|turn|53\n|\n|t:|1698877223\n|move|p1a: Kyogre|Thunderbolt|p2a: Chansey\n|-resisted|p2a: Chansey\n|-damage|p2a: Chansey|67\/100\n|move|p2a: Chansey|Seismic Toss|p1a: Kyogre\n|-damage|p1a: Kyogre|51\/100\n|\n|-weather|PrimordialSea|[upkeep]\n|upkeep\n|turn|54\n|\n|t:|1698877231\n|move|p1a: Kyogre|Ice Beam|p2a: Chansey\n|-supereffective|p2a: Chansey\n|-damage|p2a: Chansey|59\/100\n|move|p2a: Chansey|Heal Bell|p2a: Chansey\n|-activate|p2a: Chansey|move: Heal Bell\n|-curestatus|p2: Giratina|slp|[msg]\n|\n|-weather|PrimordialSea|[upkeep]\n|upkeep\n|turn|55\n|\n|t:|1698877235\n|move|p1a: Kyogre|Ice Beam|p2a: Chansey\n|-supereffective|p2a: Chansey\n|-damage|p2a: Chansey|52\/100\n|move|p2a: Chansey|Soft-Boiled|p2a: Chansey\n|-heal|p2a: Chansey|100\/100\n|\n|-weather|PrimordialSea|[upkeep]\n|upkeep\n|turn|56\n|c|\u2606Dominikoos987|WTF IS THAT\n|\n|t:|1698877250\n|switch|p2a: Ho-Oh|Ho-Oh|100\/100\n|move|p1a: Kyogre|Ice Beam|p2a: Ho-Oh\n|-crit|p2a: Ho-Oh\n|-damage|p2a: Ho-Oh|66\/100\n|\n|-weather|PrimordialSea|[upkeep]\n|upkeep\n|turn|57\n|\n|t:|1698877256\n|switch|p2a: Giratina|Giratina|88\/100\n|-ability|p2a: Giratina|Pressure\n|move|p1a: Kyogre|Water Spout|p2a: Giratina\n|-resisted|p2a: Giratina\n|-damage|p2a: Giratina|79\/100\n|\n|-weather|PrimordialSea|[upkeep]\n|-heal|p2a: Giratina|86\/100|[from] item: Leftovers\n|upkeep\n|turn|58\n|\n|t:|1698877264\n|move|p1a: Kyogre|Ice Beam|p2a: Giratina\n|-supereffective|p2a: Giratina\n|-damage|p2a: Giratina|69\/100\n|move|p2a: Giratina|Toxic|p1a: Kyogre\n|-status|p1a: Kyogre|tox\n|\n|-weather|PrimordialSea|[upkeep]\n|-heal|p2a: Giratina|75\/100|[from] item: Leftovers\n|-damage|p1a: Kyogre|45\/100 tox|[from] psn\n|upkeep\n|turn|59\n|\n|t:|1698877275\n|switch|p2a: Chansey|Chansey, F, tera:Grass|100\/100\n|move|p1a: Kyogre|Ice Beam|p2a: Chansey\n|-supereffective|p2a: Chansey\n|-damage|p2a: Chansey|93\/100\n|\n|-weather|PrimordialSea|[upkeep]\n|-damage|p1a: Kyogre|32\/100 tox|[from] psn\n|upkeep\n|turn|60\n|\n|t:|1698877280\n|move|p1a: Kyogre|Ice Beam|p2a: Chansey\n|-supereffective|p2a: Chansey\n|-damage|p2a: Chansey|86\/100\n|move|p2a: Chansey|Seismic Toss|p1a: Kyogre\n|-damage|p1a: Kyogre|8\/100 tox\n|\n|-weather|PrimordialSea|[upkeep]\n|-damage|p1a: Kyogre|0 fnt|[from] psn\n|faint|p1a: Kyogre\n|-weather|none\n|upkeep\n|\n|t:|1698877295\n|switch|p1a: Yveltal|Yveltal|49\/100 tox\n|-ability|p1a: Yveltal|Dark Aura\n|turn|61\n|\n|t:|1698877301\n|switch|p2a: Ho-Oh|Ho-Oh|99\/100\n|move|p1a: Yveltal|Oblivion Wing|p2a: Ho-Oh\n|-damage|p2a: Ho-Oh|81\/100\n|-heal|p1a: Yveltal|61\/100 tox|[from] drain|[of] p2a: Ho-Oh\n|\n|-damage|p1a: Yveltal|55\/100 tox|[from] psn\n|upkeep\n|turn|62\n|\n|t:|1698877308\n|switch|p1a: Eternatus|Eternatus|88\/100\n|-ability|p1a: Eternatus|Pressure\n|move|p2a: Ho-Oh|Sacred Fire|p1a: Eternatus\n|-resisted|p1a: Eternatus\n|-damage|p1a: Eternatus|71\/100\n|-status|p1a: Eternatus|brn\n|\n|-damage|p1a: Eternatus|64\/100 brn|[from] brn\n|upkeep\n|turn|63\n|\n|t:|1698877320\n|switch|p2a: Tyranitar|Tyranitar-Mega, M, shiny|69\/100\n|-weather|Sandstorm|[from] ability: Sand Stream|[of] p2a: Tyranitar\n|move|p1a: Eternatus|Flamethrower|p2a: Tyranitar\n|-resisted|p2a: Tyranitar\n|-damage|p2a: Tyranitar|60\/100\n|-status|p2a: Tyranitar|brn\n|\n|-weather|Sandstorm|[upkeep]\n|-damage|p1a: Eternatus|58\/100 brn|[from] Sandstorm\n|-damage|p1a: Eternatus|52\/100 brn|[from] brn\n|-damage|p2a: Tyranitar|54\/100 brn|[from] brn\n|upkeep\n|turn|64\n|\n|t:|1698877333\n|switch|p1a: Lugia|Lugia|88\/100\n|move|p2a: Tyranitar|Rest|p2a: Tyranitar\n|-status|p2a: Tyranitar|slp|[from] move: Rest\n|-heal|p2a: Tyranitar|100\/100 slp|[silent]\n|\n|-weather|Sandstorm|[upkeep]\n|-damage|p1a: Lugia|81\/100|[from] Sandstorm\n|upkeep\n|turn|65\n|\n|t:|1698877339\n|switch|p2a: Ho-Oh|Ho-Oh|100\/100\n|move|p1a: Lugia|Substitute|p1a: Lugia\n|-start|p1a: Lugia|Substitute\n|-damage|p1a: Lugia|56\/100\n|\n|-weather|Sandstorm|[upkeep]\n|-damage|p1a: Lugia|50\/100|[from] Sandstorm\n|-damage|p2a: Ho-Oh|94\/100|[from] Sandstorm\n|upkeep\n|turn|66\n|\n|t:|1698877352\n|switch|p1a: Yveltal|Yveltal|55\/100 tox\n|-ability|p1a: Yveltal|Dark Aura\n|switch|p2a: Tyranitar|Tyranitar-Mega, M, shiny|100\/100 slp\n|\n|-weather|Sandstorm|[upkeep]\n|-damage|p1a: Yveltal|49\/100 tox|[from] Sandstorm\n|-damage|p1a: Yveltal|43\/100 tox|[from] psn\n|upkeep\n|turn|67\n|\n|t:|1698877358\n|move|p1a: Yveltal|Oblivion Wing|p2a: Tyranitar\n|-resisted|p2a: Tyranitar\n|-damage|p2a: Tyranitar|95\/100 slp\n|-heal|p1a: Yveltal|47\/100 tox|[from] drain|[of] p2a: Tyranitar\n|cant|p2a: Tyranitar|slp\n|\n|-weather|none\n|-damage|p1a: Yveltal|35\/100 tox|[from] psn\n|upkeep\n|turn|68\n|\n|t:|1698877367\n|switch|p2a: Ho-Oh|Ho-Oh|100\/100\n|move|p1a: Yveltal|Dark Pulse|p2a: Ho-Oh\n|-damage|p2a: Ho-Oh|76\/100\n|\n|-damage|p1a: Yveltal|16\/100 tox|[from] psn\n|upkeep\n|turn|69\n|\n|t:|1698877374\n|move|p1a: Yveltal|Oblivion Wing|p2a: Ho-Oh\n|-damage|p2a: Ho-Oh|58\/100\n|-heal|p1a: Yveltal|28\/100 tox|[from] drain|[of] p2a: Ho-Oh\n|move|p2a: Ho-Oh|Sacred Fire|p1a: Yveltal\n|-damage|p1a: Yveltal|0 fnt\n|faint|p1a: Yveltal\n|\n|upkeep\n|\n|t:|1698877383\n|switch|p1a: Xerneas|Xerneas|75\/100\n|-ability|p1a: Xerneas|Fairy Aura\n|turn|70\n|\n|t:|1698877389\n|move|p1a: Xerneas|Moonblast|p2a: Ho-Oh\n|-resisted|p2a: Ho-Oh\n|-damage|p2a: Ho-Oh|39\/100\n|-unboost|p2a: Ho-Oh|spa|1\n|move|p2a: Ho-Oh|Whirlwind|p1a: Xerneas\n|drag|p1a: Lugia|Lugia|50\/100\n|\n|upkeep\n|turn|71\n|\n|t:|1698877396\n|switch|p2a: Tyranitar|Tyranitar-Mega, M, shiny|95\/100 slp\n|-weather|Sandstorm|[from] ability: Sand Stream|[of] p2a: Tyranitar\n|move|p1a: Lugia|Toxic||[still]\n|-fail|p1a: Lugia\n|\n|-weather|Sandstorm|[upkeep]\n|-damage|p1a: Lugia|44\/100|[from] Sandstorm\n|upkeep\n|turn|72\n|\n|t:|1698877404\n|move|p1a: Lugia|Roost|p1a: Lugia\n|-heal|p1a: Lugia|94\/100\n|-singleturn|p1a: Lugia|move: Roost\n|cant|p2a: Tyranitar|slp\n|\n|-weather|Sandstorm|[upkeep]\n|-damage|p1a: Lugia|88\/100|[from] Sandstorm\n|upkeep\n|turn|73\n|\n|t:|1698877408\n|move|p1a: Lugia|Substitute|p1a: Lugia\n|-start|p1a: Lugia|Substitute\n|-damage|p1a: Lugia|63\/100\n|-curestatus|p2a: Tyranitar|slp|[msg]\n|move|p2a: Tyranitar|Stealth Rock|p1a: Lugia\n|-sidestart|p1: Dominikoos987|move: Stealth Rock\n|\n|-weather|Sandstorm|[upkeep]\n|-damage|p1a: Lugia|57\/100|[from] Sandstorm\n|upkeep\n|turn|74\n|\n|t:|1698877420\n|switch|p2a: Chansey|Chansey, F, tera:Grass|86\/100\n|move|p1a: Lugia|Whirlwind|p2a: Chansey\n|drag|p2a: Giratina|Giratina|75\/100\n|-ability|p2a: Giratina|Pressure\n|\n|-weather|Sandstorm|[upkeep]\n|-damage|p1a: Lugia|50\/100|[from] Sandstorm\n|-damage|p2a: Giratina|69\/100|[from] Sandstorm\n|-heal|p2a: Giratina|75\/100|[from] item: Leftovers\n|upkeep\n|turn|75\n|\n|t:|1698877428\n|move|p1a: Lugia|Toxic|p2a: Giratina\n|-status|p2a: Giratina|tox\n|move|p2a: Giratina|Dragon Tail|p1a: Lugia\n|-activate|p1a: Lugia|move: Substitute|[damage]\n|\n|-weather|none\n|-heal|p2a: Giratina|82\/100 tox|[from] item: Leftovers\n|-damage|p2a: Giratina|75\/100 tox|[from] psn\n|upkeep\n|turn|76\n|\n|t:|1698877436\n|move|p1a: Lugia|Roost|p1a: Lugia\n|-heal|p1a: Lugia|100\/100\n|-singleturn|p1a: Lugia|move: Roost\n|move|p2a: Giratina|Dragon Tail|p1a: Lugia\n|-activate|p1a: Lugia|move: Substitute|[damage]\n|\n|-heal|p2a: Giratina|82\/100 tox|[from] item: Leftovers\n|-damage|p2a: Giratina|69\/100 tox|[from] psn\n|upkeep\n|turn|77\n|\n|t:|1698877446\n|switch|p1a: Xerneas|Xerneas|75\/100\n|-damage|p1a: Xerneas|63\/100|[from] Stealth Rock\n|-ability|p1a: Xerneas|Fairy Aura\n|move|p2a: Giratina|Rest|p2a: Giratina\n|-status|p2a: Giratina|slp|[from] move: Rest\n|-heal|p2a: Giratina|100\/100 slp|[silent]\n|\n|upkeep\n|turn|78\n|\n|t:|1698877454\n|switch|p2a: Chansey|Chansey, F, tera:Grass|86\/100\n|move|p1a: Xerneas|Geomancy||[still]\n|-prepare|p1a: Xerneas|Geomancy\n|\n|upkeep\n|turn|79\n|c|\u2606Dominikoos987|D:\n|\n|t:|1698877461\n|move|p1a: Xerneas|Geomancy|p1a: Xerneas|[from]lockedmove\n|-boost|p1a: Xerneas|spa|2\n|-boost|p1a: Xerneas|spd|2\n|-boost|p1a: Xerneas|spe|2\n|move|p2a: Chansey|Confide|p1a: Xerneas\n|-unboost|p1a: Xerneas|spa|1\n|\n|upkeep\n|turn|80\n|\n|t:|1698877467\n|move|p1a: Xerneas|Hidden Power|p2a: Chansey\n|-supereffective|p2a: Chansey\n|-damage|p2a: Chansey|69\/100\n|move|p2a: Chansey|Confide|p1a: Xerneas\n|-unboost|p1a: Xerneas|spa|1\n|\n|upkeep\n|turn|81\n|\n|t:|1698877471\n|move|p1a: Xerneas|Hidden Power|p2a: Chansey\n|-supereffective|p2a: Chansey\n|-damage|p2a: Chansey|58\/100\n|move|p2a: Chansey|Confide|p1a: Xerneas\n|-unboost|p1a: Xerneas|spa|1\n|\n|upkeep\n|turn|82\n|\n|t:|1698877475\n|move|p1a: Xerneas|Moonblast|p2a: Chansey\n|-damage|p2a: Chansey|45\/100\n|move|p2a: Chansey|Soft-Boiled|p2a: Chansey\n|-heal|p2a: Chansey|95\/100\n|\n|upkeep\n|turn|83\n|-message|Dominikoos987 forfeited.\n|\n|win|Dorimethanol\n|raw|Dominikoos987's rating: 1269 &rarr; <strong>1247<\/strong><br \/>(-22 for losing)\n|raw|Dorimethanol's rating: 1307 &rarr; <strong>1325<\/strong><br \/>(+18 for winning)\n|l|\u2606Dominikoos987\n","uploadtime":1698877598,"views":11,"p1id":"dominikoos987","p2id":"dorimethanol","formatid":"gen9nationaldexubers","rating":1247,"private":0,"password":""}