{"id":"gen9nationaldexubers-1993657365","p1":"Kdisue","p2":"1ampatman","format":"[Gen 9] National Dex Ubers","log":"|j|\u2606Kdisue\n|j|\u26061ampatman\n|t:|1700342345\n|gametype|singles\n|player|p1|Kdisue|169|\n|player|p2|1ampatman|pokefan-gen4|\n|teamsize|p1|6\n|teamsize|p2|6\n|gen|9\n|tier|[Gen 9] National Dex Ubers\n|rule|HP Percentage Mod: HP is shown in percentages\n|rule|Endless Battle Clause: Forcing endless battles is banned\n|rule|OHKO Clause: OHKO moves are banned\n|rule|Evasion Moves Clause: Evasion moves are banned\n|rule|Evasion Items Clause: Evasion items are banned\n|rule|Species Clause: Limit one of each Pok\u00e9mon\n|rule|Sleep Clause Mod: Limit one foe put to sleep\n|rule|Mega Rayquaza Clause: You cannot mega evolve Rayquaza\n|clearpoke\n|poke|p1|Arceus-Bug|\n|poke|p1|Genesect|\n|poke|p1|Beedrill, F|\n|poke|p1|Kleavor, F|\n|poke|p1|Volcarona, M|\n|poke|p1|Ursaluna-Bloodmoon, M|\n|poke|p2|Giratina|\n|poke|p2|Corsola-Galar, M|\n|poke|p2|Marshadow|\n|poke|p2|Flutter Mane|\n|poke|p2|Ceruledge, F|\n|poke|p2|Dragapult, M|\n|teampreview\n|\n|t:|1700342352\n|start\n|switch|p1a: Truck ; ;|Kleavor, F|100\/100\n|switch|p2a: Corsola|Corsola-Galar, M|100\/100\n|turn|1\n|\n|t:|1700342359\n|move|p1a: Truck ; ;|Stone Axe|p2a: Corsola\n|-damage|p2a: Corsola|75\/100\n|-sidestart|p2: 1ampatman|move: Stealth Rock\n|move|p2a: Corsola|Will-O-Wisp|p1a: Truck ; ;\n|-status|p1a: Truck ; ;|brn\n|\n|-damage|p1a: Truck ; ;|94\/100 brn|[from] brn\n|upkeep\n|turn|2\n|inactive|Battle timer is ON: inactive players will automatically lose when time's up. (requested by Kdisue)\n|\n|t:|1700342372\n|switch|p1a: Flora|Ursaluna-Bloodmoon, M|100\/100\n|move|p2a: Corsola|Strength Sap|p1a: Flora\n|-unboost|p1a: Flora|atk|1\n|-heal|p2a: Corsola|100\/100\n|\n|upkeep\n|turn|3\n|\n|t:|1700342380\n|-terastallize|p1a: Flora|Bug\n|move|p1a: Flora|Blood Moon|p2a: Corsola\n|-damage|p2a: Corsola|41\/100\n|move|p2a: Corsola|Will-O-Wisp|p1a: Flora\n|-status|p1a: Flora|brn\n|\n|-damage|p1a: Flora|94\/100 brn|[from] brn\n|upkeep\n|turn|4\n|c|\u2606Kdisue|This is a special attacker\n|inactive|1ampatman has 270 seconds left.\n|c|\u26061ampatman|yeah failed to get my rocks out\n|c|\u2606Kdisue|Oof\n|\n|t:|1700342426\n|switch|p2a: Giratina|Giratina|100\/100\n|-ability|p2a: Giratina|Pressure\n|move|p1a: Flora|Earth Power|p2a: Giratina\n|-damage|p2a: Giratina|70\/100\n|\n|-heal|p1a: Flora|100\/100 brn|[from] item: Leftovers\n|-damage|p1a: Flora|94\/100 brn|[from] brn\n|upkeep\n|turn|5\n|\n|t:|1700342438\n|move|p1a: Flora|Blood Moon|p2a: Giratina\n|-damage|p2a: Giratina|26\/100\n|move|p2a: Giratina|Dragon Tail|p1a: Flora\n|-damage|p1a: Flora|80\/100 brn\n|drag|p1a: Truck ;.;|Arceus-Bug, shiny|100\/100\n|\n|upkeep\n|turn|6\n|\n|t:|1700342451\n|move|p1a: Truck ;.;|Judgment|p2a: Giratina\n|-resisted|p2a: Giratina\n|-damage|p2a: Giratina|14\/100\n|move|p2a: Giratina|Toxic|p1a: Truck ;.;\n|-status|p1a: Truck ;.;|tox\n|\n|-damage|p1a: Truck ;.;|94\/100 tox|[from] psn\n|upkeep\n|turn|7\n|\n|t:|1700342469\n|move|p1a: Truck ;.;|Judgment|p2a: Giratina\n|-resisted|p2a: Giratina\n|-damage|p2a: Giratina|2\/100\n|move|p2a: Giratina|Rest|p2a: Giratina\n|-status|p2a: Giratina|slp|[from] move: Rest\n|-heal|p2a: Giratina|100\/100 slp|[silent]\n|\n|-damage|p1a: Truck ;.;|82\/100 tox|[from] psn\n|upkeep\n|turn|8\n|c|\u2606Kdisue|Wow\n|\n|t:|1700342480\n|switch|p1a: Truck :.:|Beedrill, F, shiny|100\/100\n|cant|p2a: Giratina|slp\n|\n|upkeep\n|turn|9\n|\n|t:|1700342488\n|detailschange|p1a: Truck :.:|Beedrill-Mega, F, shiny\n|-mega|p1a: Truck :.:|Beedrill|Beedrillite\n|move|p1a: Truck :.:|Knock Off|p2a: Giratina\n|-supereffective|p2a: Giratina\n|-damage|p2a: Giratina|67\/100 slp\n|-enditem|p2a: Giratina|Heavy-Duty Boots|[from] move: Knock Off|[of] p1a: Truck :.:\n|cant|p2a: Giratina|slp\n|\n|upkeep\n|turn|10\n|\n|t:|1700342497\n|move|p1a: Truck :.:|U-turn|p2a: Giratina\n|-resisted|p2a: Giratina\n|-damage|p2a: Giratina|54\/100 slp\n|\n|t:|1700342504\n|switch|p1a: Flora|Ursaluna-Bloodmoon, M, tera:Bug|80\/100 brn|[from] U-turn\n|-curestatus|p2a: Giratina|slp|[msg]\n|move|p2a: Giratina|Defog|p1a: Flora\n|-unboost|p1a: Flora|evasion|1\n|-sideend|p2: 1ampatman|Stealth Rock|[from] move: Defog|[of] p2a: Giratina\n|\n|-heal|p1a: Flora|86\/100 brn|[from] item: Leftovers\n|-damage|p1a: Flora|80\/100 brn|[from] brn\n|upkeep\n|turn|11\n|inactive|1ampatman has 270 seconds left.\n|c|\u26061ampatman|thought giratina will act like frozen again xD\n|\n|t:|1700342530\n|move|p1a: Flora|Blood Moon|p2a: Giratina\n|-damage|p2a: Giratina|7\/100\n|move|p2a: Giratina|Dragon Tail|p1a: Flora\n|-damage|p1a: Flora|66\/100 brn\n|drag|p1a: Truck ;.;|Arceus-Bug, shiny|82\/100 tox\n|\n|-damage|p1a: Truck ;.;|76\/100 tox|[from] psn\n|upkeep\n|turn|12\n|\n|t:|1700342549\n|move|p1a: Truck ;.;|Judgment|p2a: Giratina\n|-resisted|p2a: Giratina\n|-damage|p2a: Giratina|0 fnt\n|faint|p2a: Giratina\n|\n|-damage|p1a: Truck ;.;|64\/100 tox|[from] psn\n|upkeep\n|\n|t:|1700342556\n|switch|p2a: Corsola|Corsola-Galar, M|41\/100\n|turn|13\n|c|\u2606Kdisue|XP\n|\n|t:|1700342579\n|move|p1a: Truck ;.;|Hydro Pump|p2a: Corsola|[miss]\n|-miss|p1a: Truck ;.;|p2a: Corsola\n|move|p2a: Corsola|Strength Sap|p1a: Truck ;.;\n|-unboost|p1a: Truck ;.;|atk|1\n|-heal|p2a: Corsola|100\/100\n|\n|-damage|p1a: Truck ;.;|46\/100 tox|[from] psn\n|upkeep\n|turn|14\n|\n|t:|1700342590\n|switch|p1a: Articulated Lorry|Volcarona, M|100\/100\n|move|p2a: Corsola|Stealth Rock|p1a: Articulated Lorry\n|-sidestart|p1: Kdisue|move: Stealth Rock\n|\n|upkeep\n|turn|15\n|c|\u2606Kdisue|That sucks for me\n|\n|t:|1700342610\n|move|p1a: Articulated Lorry|Quiver Dance|p1a: Articulated Lorry\n|-boost|p1a: Articulated Lorry|spa|1\n|-boost|p1a: Articulated Lorry|spd|1\n|-boost|p1a: Articulated Lorry|spe|1\n|move|p2a: Corsola|Night Shade|p1a: Articulated Lorry\n|-damage|p1a: Articulated Lorry|68\/100\n|\n|upkeep\n|turn|16\n|\n|t:|1700342618\n|move|p1a: Articulated Lorry|Quiver Dance|p1a: Articulated Lorry\n|-boost|p1a: Articulated Lorry|spa|1\n|-boost|p1a: Articulated Lorry|spd|1\n|-boost|p1a: Articulated Lorry|spe|1\n|move|p2a: Corsola|Night Shade|p1a: Articulated Lorry\n|-damage|p1a: Articulated Lorry|36\/100\n|\n|upkeep\n|turn|17\n|\n|t:|1700342626\n|move|p1a: Articulated Lorry|Roost|p1a: Articulated Lorry\n|-heal|p1a: Articulated Lorry|86\/100\n|-singleturn|p1a: Articulated Lorry|move: Roost\n|move|p2a: Corsola|Night Shade|p1a: Articulated Lorry\n|-damage|p1a: Articulated Lorry|54\/100\n|\n|upkeep\n|turn|18\n|inactive|1ampatman has 270 seconds left.\n|\n|t:|1700342645\n|move|p1a: Articulated Lorry|Quiver Dance|p1a: Articulated Lorry\n|-boost|p1a: Articulated Lorry|spa|1\n|-boost|p1a: Articulated Lorry|spd|1\n|-boost|p1a: Articulated Lorry|spe|1\n|move|p2a: Corsola|Night Shade|p1a: Articulated Lorry\n|-damage|p1a: Articulated Lorry|22\/100\n|\n|upkeep\n|turn|19\n|\n|t:|1700342668\n|switch|p2a: Marshadow|Marshadow|100\/100\n|move|p1a: Articulated Lorry|Roost|p1a: Articulated Lorry\n|-heal|p1a: Articulated Lorry|72\/100\n|-singleturn|p1a: Articulated Lorry|move: Roost\n|\n|upkeep\n|turn|20\n|\n|t:|1700342676\n|move|p2a: Marshadow|Shadow Sneak|p1a: Articulated Lorry\n|-damage|p1a: Articulated Lorry|22\/100\n|-damage|p2a: Marshadow|91\/100|[from] item: Life Orb\n|move|p1a: Articulated Lorry|Fiery Dance|p2a: Marshadow\n|-damage|p2a: Marshadow|0 fnt\n|faint|p2a: Marshadow\n|\n|upkeep\n|\n|t:|1700342679\n|switch|p2a: Ceruledge|Ceruledge, F|100\/100\n|turn|21\n|\n|t:|1700342688\n|move|p2a: Ceruledge|Shadow Sneak|p1a: Articulated Lorry\n|-damage|p1a: Articulated Lorry|0 fnt\n|faint|p1a: Articulated Lorry\n|\n|upkeep\n|c|\u2606Kdisue|Nice damage control\n|\n|t:|1700342705\n|switch|p1a: Truck ; ;|Kleavor, F|94\/100 brn\n|-damage|p1a: Truck ; ;|70\/100 brn|[from] Stealth Rock\n|turn|22\n|inactive|1ampatman has 270 seconds left.\n|\n|t:|1700342721\n|move|p1a: Truck ; ;|Stone Axe|p2a: Ceruledge\n|-supereffective|p2a: Ceruledge\n|-damage|p2a: Ceruledge|26\/100\n|-ability|p2a: Ceruledge|Weak Armor|boost\n|-unboost|p2a: Ceruledge|def|1\n|-boost|p2a: Ceruledge|spe|2\n|-sidestart|p2: 1ampatman|move: Stealth Rock\n|move|p2a: Ceruledge|Swords Dance|p2a: Ceruledge\n|-boost|p2a: Ceruledge|atk|2\n|\n|-damage|p1a: Truck ; ;|63\/100 brn|[from] brn\n|upkeep\n|turn|23\n|inactive|1ampatman has 270 seconds left.\n|\n|t:|1700342747\n|move|p2a: Ceruledge|Iron Head|p1a: Truck ; ;\n|-supereffective|p1a: Truck ; ;\n|-damage|p1a: Truck ; ;|0 fnt\n|faint|p1a: Truck ; ;\n|\n|upkeep\n|\n|t:|1700342758\n|switch|p1a: Truck :v:|Genesect, shiny|100\/100\n|-damage|p1a: Truck :v:|88\/100|[from] Stealth Rock\n|-ability|p1a: Truck :v:|Download|boost\n|-boost|p1a: Truck :v:|atk|1\n|turn|24\n|\n|t:|1700342766\n|move|p2a: Ceruledge|Bitter Blade|p1a: Truck :v:\n|-supereffective|p1a: Truck :v:\n|-damage|p1a: Truck :v:|0 fnt\n|-heal|p2a: Ceruledge|69\/100|[from] drain|[of] p1a: Truck :v:\n|faint|p1a: Truck :v:\n|\n|upkeep\n|c|\u2606Kdisue|It does put speed I think that\u2019s gg\n|\n|t:|1700342785\n|switch|p1a: Flora|Ursaluna-Bloodmoon, M, tera:Bug|66\/100 brn\n|-damage|p1a: Flora|41\/100 brn|[from] Stealth Rock\n|turn|25\n|c|\u26061ampatman|i hope so\n|inactive|1ampatman has 270 seconds left.\n|\n|t:|1700342800\n|move|p2a: Ceruledge|Bitter Blade|p1a: Flora\n|-supereffective|p1a: Flora\n|-damage|p1a: Flora|0 fnt\n|-heal|p2a: Ceruledge|99\/100|[from] drain|[of] p1a: Flora\n|faint|p1a: Flora\n|\n|upkeep\n|\n|t:|1700342807\n|switch|p1a: Truck ;.;|Arceus-Bug, shiny|46\/100 tox\n|-damage|p1a: Truck ;.;|21\/100 tox|[from] Stealth Rock\n|turn|26\n|\n|t:|1700342814\n|move|p2a: Ceruledge|Bitter Blade|p1a: Truck ;.;\n|-supereffective|p1a: Truck ;.;\n|-damage|p1a: Truck ;.;|0 fnt\n|-heal|p2a: Ceruledge|100\/100|[from] drain|[of] p1a: Truck ;.;\n|faint|p1a: Truck ;.;\n|\n|upkeep\n|\n|t:|1700342821\n|switch|p1a: Truck :.:|Beedrill-Mega, F, shiny|100\/100\n|-damage|p1a: Truck :.:|76\/100|[from] Stealth Rock\n|turn|27\n|c|\u26061ampatman|it was a pleasure to meet u sir\n|c|\u26061ampatman|gg\n|\n|t:|1700342827\n|move|p2a: Ceruledge|Bitter Blade|p1a: Truck :.:\n|-supereffective|p1a: Truck :.:\n|-crit|p1a: Truck :.:\n|-damage|p1a: Truck :.:|0 fnt\n|faint|p1a: Truck :.:\n|\n|win|1ampatman\n|c|\u2606Kdisue|Ggwp\n|l|\u26061ampatman\n|c|\u2606Kdisue|I need priority that can hit ghpsts\n","uploadtime":1700342853,"views":7,"p1id":"kdisue","p2id":"1ampatman","formatid":"gen9nationaldexubers","rating":0,"private":0,"password":""}