{"id":"gen9nationaldexubers-1989178356","p1":"Elin Baecil","p2":"huevoperobaneado","format":"[Gen 9] National Dex Ubers","log":"|j|\u2606Elin Baecil\n|j|\u2606huevoperobaneado\n|t:|1699820481\n|gametype|singles\n|player|p1|Elin Baecil|leon-masters|\n|player|p2|huevoperobaneado|akari|\n|teamsize|p1|6\n|teamsize|p2|6\n|gen|9\n|tier|[Gen 9] National Dex Ubers\n|rule|HP Percentage Mod: HP is shown in percentages\n|rule|Endless Battle Clause: Forcing endless battles is banned\n|rule|OHKO Clause: OHKO moves are banned\n|rule|Evasion Moves Clause: Evasion moves are banned\n|rule|Evasion Items Clause: Evasion items are banned\n|rule|Species Clause: Limit one of each Pok\u00e9mon\n|rule|Sleep Clause Mod: Limit one foe put to sleep\n|rule|Mega Rayquaza Clause: You cannot mega evolve Rayquaza\n|clearpoke\n|poke|p1|Ninetales-Alola, F|\n|poke|p1|Baxcalibur, M|\n|poke|p1|Kingambit, M|\n|poke|p1|Ribombee, M|\n|poke|p1|Gholdengo|\n|poke|p1|Salamence, F|\n|poke|p2|Alakazam, F|\n|poke|p2|Tyranitar, F|\n|poke|p2|Houndstone, F|\n|poke|p2|Corviknight, F|\n|poke|p2|Clodsire, M|\n|poke|p2|Dracozolt|\n|teampreview\n|l|\u2606huevoperobaneado\n|player|p2|\n|j|\u2606huevoperobaneado\n|player|p2|huevoperobaneado|akari\n|\n|t:|1699820578\n|start\n|switch|p1a: Ribombee|Ribombee, M|100\/100\n|switch|p2a: Alakazam|Alakazam, F|100\/100\n|turn|1\n|\n|t:|1699820587\n|move|p2a: Alakazam|Magic Coat|p2a: Alakazam\n|-singleturn|p2a: Alakazam|move: Magic Coat\n|move|p1a: Ribombee|Sticky Web|p2a: Alakazam\n|move|p2a: Alakazam|Sticky Web|p1a: Ribombee|[from]Magic Coat\n|-sidestart|p1: Elin Baecil|move: Sticky Web\n|\n|upkeep\n|turn|2\n|\n|t:|1699820613\n|switch|p2a: Corviknight|Corviknight, F|100\/100\n|-ability|p2a: Corviknight|Pressure\n|move|p1a: Ribombee|Sticky Web|p2a: Corviknight\n|-sidestart|p2: huevoperobaneado|move: Sticky Web\n|\n|upkeep\n|turn|3\n|\n|t:|1699820633\n|move|p1a: Ribombee|Stun Spore|p2a: Corviknight|[miss]\n|-miss|p1a: Ribombee|p2a: Corviknight\n|move|p2a: Corviknight|Iron Head|p1a: Ribombee\n|-supereffective|p1a: Ribombee\n|-damage|p1a: Ribombee|10\/100\n|\n|upkeep\n|turn|4\n|\n|t:|1699820643\n|move|p1a: Ribombee|Stun Spore|p2a: Corviknight|[miss]\n|-miss|p1a: Ribombee|p2a: Corviknight\n|move|p2a: Corviknight|Iron Head|p1a: Ribombee\n|-supereffective|p1a: Ribombee\n|-damage|p1a: Ribombee|0 fnt\n|faint|p1a: Ribombee\n|\n|upkeep\n|\n|t:|1699820650\n|switch|p1a: Gholdengo|Gholdengo|100\/100\n|-item|p1a: Gholdengo|Air Balloon\n|turn|5\n|\n|t:|1699820663\n|switch|p2a: Clodsire|Clodsire, M|100\/100\n|-activate|p2a: Clodsire|move: Sticky Web\n|-unboost|p2a: Clodsire|spe|1\n|move|p1a: Gholdengo|Nasty Plot|p1a: Gholdengo\n|-boost|p1a: Gholdengo|spa|2\n|\n|upkeep\n|turn|6\n|\n|t:|1699820678\n|move|p1a: Gholdengo|Make It Rain|p2a: Clodsire\n|-damage|p2a: Clodsire|66\/100\n|-unboost|p1a: Gholdengo|spa|1\n|move|p2a: Clodsire|Stealth Rock|p1a: Gholdengo\n|-sidestart|p1: Elin Baecil|move: Stealth Rock\n|\n|-heal|p2a: Clodsire|72\/100|[from] item: Leftovers\n|upkeep\n|turn|7\n|\n|t:|1699820689\n|move|p1a: Gholdengo|Make It Rain|p2a: Clodsire\n|-damage|p2a: Clodsire|38\/100\n|-unboost|p1a: Gholdengo|spa|1\n|move|p2a: Clodsire|Recover|p2a: Clodsire\n|-heal|p2a: Clodsire|88\/100\n|\n|-heal|p2a: Clodsire|94\/100|[from] item: Leftovers\n|upkeep\n|turn|8\n|j| s.daninja\n|\n|t:|1699820712\n|switch|p2a: Tyranitar|Tyranitar, F|100\/100\n|-activate|p2a: Tyranitar|move: Sticky Web\n|-unboost|p2a: Tyranitar|spe|1\n|-weather|Sandstorm|[from] ability: Sand Stream|[of] p2a: Tyranitar\n|move|p1a: Gholdengo|Nasty Plot|p1a: Gholdengo\n|-boost|p1a: Gholdengo|spa|2\n|\n|-weather|Sandstorm|[upkeep]\n|upkeep\n|turn|9\n|\n|t:|1699820724\n|switch|p2a: Clodsire|Clodsire, M|94\/100\n|-activate|p2a: Clodsire|move: Sticky Web\n|-unboost|p2a: Clodsire|spe|1\n|move|p1a: Gholdengo|Make It Rain|p2a: Clodsire\n|-damage|p2a: Clodsire|61\/100\n|-unboost|p1a: Gholdengo|spa|1\n|\n|-weather|Sandstorm|[upkeep]\n|-heal|p2a: Clodsire|67\/100|[from] item: Leftovers\n|upkeep\n|turn|10\n|\n|t:|1699820734\n|move|p1a: Gholdengo|Shadow Ball|p2a: Clodsire\n|-damage|p2a: Clodsire|43\/100\n|move|p2a: Clodsire|Recover|p2a: Clodsire\n|-heal|p2a: Clodsire|93\/100\n|\n|-weather|Sandstorm|[upkeep]\n|-heal|p2a: Clodsire|99\/100|[from] item: Leftovers\n|upkeep\n|turn|11\n|\n|t:|1699820743\n|switch|p2a: Tyranitar|Tyranitar, F|100\/100\n|-activate|p2a: Tyranitar|move: Sticky Web\n|-unboost|p2a: Tyranitar|spe|1\n|move|p1a: Gholdengo|Shadow Ball|p2a: Tyranitar\n|-resisted|p2a: Tyranitar\n|-damage|p2a: Tyranitar|86\/100\n|-enditem|p2a: Tyranitar|Eject Button\n|\n|t:|1699820754\n|switch|p2a: Dracozolt|Dracozolt|100\/100\n|-activate|p2a: Dracozolt|move: Sticky Web\n|-unboost|p2a: Dracozolt|spe|1\n|\n|-weather|Sandstorm|[upkeep]\n|upkeep\n|turn|12\n|\n|t:|1699820765\n|move|p2a: Dracozolt|Bolt Beak|p1a: Gholdengo\n|-crit|p1a: Gholdengo\n|-damage|p1a: Gholdengo|0 fnt\n|-enditem|p1a: Gholdengo|Air Balloon\n|faint|p1a: Gholdengo\n|-damage|p2a: Dracozolt|91\/100|[from] item: Life Orb\n|\n|-weather|none\n|upkeep\n|\n|t:|1699820786\n|switch|p1a: Kingambit|Kingambit, M|100\/100\n|-activate|p1a: Kingambit|move: Sticky Web\n|-unboost|p1a: Kingambit|spe|1\n|-damage|p1a: Kingambit|94\/100|[from] Stealth Rock\n|-activate|p1a: Kingambit|ability: Supreme Overlord\n|-start|p1a: Kingambit|fallen2|[silent]\n|turn|13\n|\n|t:|1699820791\n|switch|p2a: Corviknight|Corviknight, F|100\/100\n|-ability|p2a: Corviknight|Pressure\n|move|p1a: Kingambit|Swords Dance|p1a: Kingambit\n|-boost|p1a: Kingambit|atk|2\n|\n|upkeep\n|turn|14\n|\n|t:|1699820808\n|move|p2a: Corviknight|Body Press|p1a: Kingambit\n|-supereffective|p1a: Kingambit\n|-damage|p1a: Kingambit|22\/100\n|move|p1a: Kingambit|Knock Off|p2a: Corviknight\n|-damage|p2a: Corviknight|0 fnt\n|-damage|p1a: Kingambit|5\/100|[from] item: Rocky Helmet|[of] p2a: Corviknight\n|-enditem|p2a: Corviknight|Rocky Helmet|[from] move: Knock Off|[of] p1a: Kingambit\n|faint|p2a: Corviknight\n|\n|upkeep\n|c| s.daninja|Dime que tiene el tera dime que lo tiene elin\n|c| s.daninja|No lo tiene pero no lo necesito\n|\n|t:|1699820848\n|switch|p2a: Clodsire|Clodsire, M|99\/100\n|-activate|p2a: Clodsire|move: Sticky Web\n|-unboost|p2a: Clodsire|spe|1\n|turn|15\n|\n|t:|1699820855\n|move|p1a: Kingambit|Knock Off|p2a: Clodsire\n|-damage|p2a: Clodsire|15\/100\n|-enditem|p2a: Clodsire|Leftovers|[from] move: Knock Off|[of] p1a: Kingambit\n|move|p2a: Clodsire|Earthquake|p1a: Kingambit\n|-supereffective|p1a: Kingambit\n|-damage|p1a: Kingambit|0 fnt\n|faint|p1a: Kingambit\n|-end|p1a: Kingambit|fallen2|[silent]\n|\n|upkeep\n|\n|t:|1699820865\n|switch|p1a: Baxcalibur|Baxcalibur, M|100\/100\n|-activate|p1a: Baxcalibur|move: Sticky Web\n|-unboost|p1a: Baxcalibur|spe|1\n|-damage|p1a: Baxcalibur|76\/100|[from] Stealth Rock\n|turn|16\n|\n|t:|1699820887\n|switch|p2a: Tyranitar|Tyranitar, F|86\/100\n|-activate|p2a: Tyranitar|move: Sticky Web\n|-unboost|p2a: Tyranitar|spe|1\n|-weather|Sandstorm|[from] ability: Sand Stream|[of] p2a: Tyranitar\n|move|p1a: Baxcalibur|Scale Shot|p2a: Tyranitar\n|-damage|p2a: Tyranitar|72\/100\n|-damage|p2a: Tyranitar|59\/100\n|-damage|p2a: Tyranitar|46\/100\n|-damage|p2a: Tyranitar|33\/100\n|-damage|p2a: Tyranitar|18\/100\n|-hitcount|p2a: Tyranitar|5\n|-unboost|p1a: Baxcalibur|def|1\n|-boost|p1a: Baxcalibur|spe|1\n|\n|-weather|Sandstorm|[upkeep]\n|-damage|p1a: Baxcalibur|70\/100|[from] Sandstorm\n|upkeep\n|turn|17\n|c| s.daninja|Uuuuuh\n|\n|t:|1699820904\n|switch|p2a: Clodsire|Clodsire, M|15\/100\n|-activate|p2a: Clodsire|move: Sticky Web\n|-unboost|p2a: Clodsire|spe|1\n|move|p1a: Baxcalibur|Scale Shot|p2a: Clodsire\n|-damage|p2a: Clodsire|0 fnt\n|faint|p2a: Clodsire\n|-hitcount|p2: Clodsire|1\n|-unboost|p1a: Baxcalibur|def|1\n|-boost|p1a: Baxcalibur|spe|1\n|\n|-weather|Sandstorm|[upkeep]\n|-damage|p1a: Baxcalibur|63\/100|[from] Sandstorm\n|upkeep\n|c| s.daninja|Sera?\n|\n|t:|1699820953\n|switch|p2a: Houndstone|Houndstone, F|100\/100\n|-activate|p2a: Houndstone|move: Sticky Web\n|-unboost|p2a: Houndstone|spe|1\n|turn|18\n|\n|t:|1699820960\n|-terastallize|p1a: Baxcalibur|Normal\n|move|p1a: Baxcalibur|Scale Shot|p2a: Houndstone|[miss]\n|-miss|p1a: Baxcalibur|p2a: Houndstone\n|move|p2a: Houndstone|Last Respects|p1a: Baxcalibur\n|-immune|p1a: Baxcalibur\n|\n|-weather|Sandstorm|[upkeep]\n|-damage|p1a: Baxcalibur|57\/100|[from] Sandstorm\n|upkeep\n|turn|19\n|\n|t:|1699820968\n|-terastallize|p2a: Houndstone|Fighting\n|move|p1a: Baxcalibur|Scale Shot|p2a: Houndstone\n|-damage|p2a: Houndstone|82\/100\n|-damage|p2a: Houndstone|64\/100\n|-damage|p2a: Houndstone|48\/100\n|-enditem|p2a: Houndstone|Sitrus Berry|[eat]\n|-heal|p2a: Houndstone|72\/100|[from] item: Sitrus Berry\n|-damage|p2a: Houndstone|57\/100\n|-hitcount|p2a: Houndstone|4\n|-unboost|p1a: Baxcalibur|def|1\n|-boost|p1a: Baxcalibur|spe|1\n|move|p2a: Houndstone|Tera Blast|p1a: Baxcalibur|[anim] Tera Blast Fighting\n|-supereffective|p1a: Baxcalibur\n|-damage|p1a: Baxcalibur|0 fnt\n|faint|p1a: Baxcalibur\n|\n|-weather|Sandstorm|[upkeep]\n|upkeep\n|\n|t:|1699820984\n|switch|p1a: Ninetales|Ninetales-Alola, F|100\/100\n|-activate|p1a: Ninetales|move: Sticky Web\n|-unboost|p1a: Ninetales|spe|1\n|-damage|p1a: Ninetales|76\/100|[from] Stealth Rock\n|-weather|Snow|[from] ability: Snow Warning|[of] p1a: Ninetales\n|turn|20\n|c| s.daninja|Loooool\n|c| s.daninja|Se\u00f1oreeeeee\n|\n|t:|1699820999\n|switch|p2a: Alakazam|Alakazam, F|100\/100\n|-activate|p2a: Alakazam|move: Sticky Web\n|-unboost|p2a: Alakazam|spe|1\n|move|p1a: Ninetales|Moonblast|p2a: Alakazam\n|-damage|p2a: Alakazam|46\/100\n|-unboost|p2a: Alakazam|spa|1\n|\n|-weather|Snow|[upkeep]\n|upkeep\n|turn|21\n|c|\u2606Elin Baecil|Hubiera podido pasar si acertaba\n|c|\u2606Elin Baecil|Ni modo\n|c|\u2606Elin Baecil|gg\n|\n|t:|1699821016\n|move|p2a: Alakazam|Reflect|p2a: Alakazam\n|-sidestart|p2: huevoperobaneado|Reflect\n|move|p1a: Ninetales|Blizzard|p2a: Alakazam\n|-damage|p2a: Alakazam|0 fnt\n|faint|p2a: Alakazam\n|\n|-weather|Snow|[upkeep]\n|upkeep\n|\n|t:|1699821029\n|switch|p2a: Tyranitar|Tyranitar, F|18\/100\n|-activate|p2a: Tyranitar|move: Sticky Web\n|-unboost|p2a: Tyranitar|spe|1\n|-weather|Sandstorm|[from] ability: Sand Stream|[of] p2a: Tyranitar\n|turn|22\n|c| s.daninja|Mmmm\n|c| s.daninja|Dejalo morir elin\n|c| s.daninja|Dejalo morir\n|\n|t:|1699821058\n|move|p1a: Ninetales|Moonblast|p2a: Tyranitar\n|-supereffective|p2a: Tyranitar\n|-damage|p2a: Tyranitar|0 fnt\n|faint|p2a: Tyranitar\n|\n|-weather|Sandstorm|[upkeep]\n|-damage|p1a: Ninetales|70\/100|[from] Sandstorm\n|upkeep\n|c| s.daninja|No pelees\n|c| s.daninja|Nooooo\n|c| s.daninja|Nooooo\n|\n|t:|1699821064\n|switch|p2a: Houndstone|Houndstone, F, tera:Fighting|57\/100\n|-activate|p2a: Houndstone|move: Sticky Web\n|-unboost|p2a: Houndstone|spe|1\n|turn|23\n|\n|t:|1699821069\n|switch|p1a: Salamence|Salamence, F|100\/100\n|-damage|p1a: Salamence|76\/100|[from] Stealth Rock\n|-ability|p1a: Salamence|Intimidate|boost\n|-unboost|p2a: Houndstone|atk|1\n|move|p2a: Houndstone|Last Respects|p1a: Salamence\n|-damage|p1a: Salamence|0 fnt\n|faint|p1a: Salamence\n|\n|-weather|Sandstorm|[upkeep]\n|upkeep\n|\n|t:|1699821072\n|switch|p1a: Ninetales|Ninetales-Alola, F|70\/100\n|-activate|p1a: Ninetales|move: Sticky Web\n|-unboost|p1a: Ninetales|spe|1\n|-damage|p1a: Ninetales|45\/100|[from] Stealth Rock\n|-weather|Snow|[from] ability: Snow Warning|[of] p1a: Ninetales\n|turn|24\n|c| s.daninja|F elin\n|c| s.daninja|Si sabias que\n|\n|t:|1699821100\n|switch|p2a: Dracozolt|Dracozolt|91\/100\n|-activate|p2a: Dracozolt|move: Sticky Web\n|-unboost|p2a: Dracozolt|spe|1\n|move|p1a: Ninetales|Moonblast|p2a: Dracozolt\n|-supereffective|p2a: Dracozolt\n|-damage|p2a: Dracozolt|0 fnt\n|faint|p2a: Dracozolt\n|\n|-weather|Snow|[upkeep]\n|upkeep\n|\n|t:|1699821110\n|switch|p2a: Houndstone|Houndstone, F, tera:Fighting|57\/100\n|-activate|p2a: Houndstone|move: Sticky Web\n|-unboost|p2a: Houndstone|spe|1\n|turn|25\n|c| s.daninja|Mega salamence jolly vencia a ese perro?\n|\n|t:|1699821115\n|move|p2a: Houndstone|Shadow Sneak|p1a: Ninetales\n|-damage|p1a: Ninetales|28\/100\n|move|p1a: Ninetales|Moonblast|p2a: Houndstone\n|-supereffective|p2a: Houndstone\n|-damage|p2a: Houndstone|0 fnt\n|faint|p2a: Houndstone\n|\n|win|Elin Baecil\n|c| s.daninja|Final\n|c|\u2606Elin Baecil|Aika como siemrpe desinformando\n|c| s.daninja|Sin precedentes\n|c| s.daninja|Fua chavales\n|c| s.daninja|Una locura\n","uploadtime":1699821154,"views":7,"p1id":"elinbaecil","p2id":"huevoperobaneado","formatid":"gen9nationaldexubers","rating":0,"private":0,"password":""}