{"id":"gen9nationaldexubers-1978859509","p1":"Reggiejr10","p2":"JustinRuggs","format":"[Gen 9] National Dex Ubers","log":"|j|\u2606Reggiejr10\n|j|\u2606JustinRuggs\n|t:|1698603601\n|gametype|singles\n|player|p1|Reggiejr10|red|1073\n|player|p2|JustinRuggs|gambler|1146\n|teamsize|p1|6\n|teamsize|p2|6\n|gen|9\n|tier|[Gen 9] National Dex Ubers\n|rated|\n|rule|HP Percentage Mod: HP is shown in percentages\n|rule|Endless Battle Clause: Forcing endless battles is banned\n|rule|OHKO Clause: OHKO moves are banned\n|rule|Evasion Moves Clause: Evasion moves are banned\n|rule|Evasion Items Clause: Evasion items are banned\n|rule|Species Clause: Limit one of each Pok\u00e9mon\n|rule|Sleep Clause Mod: Limit one foe put to sleep\n|rule|Mega Rayquaza Clause: You cannot mega evolve Rayquaza\n|clearpoke\n|poke|p1|Melmetal|\n|poke|p1|Lucario, M|\n|poke|p1|Lycanroc-Dusk, M|\n|poke|p1|Pikachu-World, M|\n|poke|p1|Naganadel|\n|poke|p1|Infernape, M|\n|poke|p2|Dragonite, F|\n|poke|p2|Raichu, M|\n|poke|p2|Galvantula, M|\n|poke|p2|Pheromosa|\n|poke|p2|Bisharp, M|\n|poke|p2|Gabite, M|\n|teampreview\n|\n|t:|1698603611\n|start\n|switch|p1a: Infernape|Infernape, M|100\/100\n|switch|p2a: Dragonite|Dragonite, F|100\/100\n|turn|1\n|inactive|Battle timer is ON: inactive players will automatically lose when time's up. (requested by JustinRuggs)\n|\n|t:|1698603632\n|switch|p1a: Naganadel|Naganadel|100\/100\n|move|p2a: Dragonite|Dragon Dance|p2a: Dragonite\n|-boost|p2a: Dragonite|atk|1\n|-boost|p2a: Dragonite|spe|1\n|\n|upkeep\n|turn|2\n|\n|t:|1698603644\n|move|p2a: Dragonite|Fire Punch|p1a: Naganadel\n|-resisted|p1a: Naganadel\n|-damage|p1a: Naganadel|74\/100\n|move|p1a: Naganadel|Dragon Pulse|p2a: Dragonite\n|-supereffective|p2a: Dragonite\n|-damage|p2a: Dragonite|62\/100\n|\n|-heal|p2a: Dragonite|69\/100|[from] item: Leftovers\n|upkeep\n|turn|3\n|\n|t:|1698603657\n|move|p2a: Dragonite|Brick Break|p1a: Naganadel\n|-resisted|p1a: Naganadel\n|-damage|p1a: Naganadel|45\/100\n|move|p1a: Naganadel|Dragon Pulse|p2a: Dragonite\n|-supereffective|p2a: Dragonite\n|-damage|p2a: Dragonite|0 fnt\n|faint|p2a: Dragonite\n|-ability|p1a: Naganadel|Beast Boost|boost\n|-boost|p1a: Naganadel|spe|1\n|\n|upkeep\n|\n|t:|1698603663\n|switch|p2a: Bisharp|Bisharp, M|100\/100\n|turn|4\n|\n|t:|1698603676\n|switch|p1a: Infernape|Infernape, M|100\/100\n|move|p2a: Bisharp|Power-Up Punch|p1a: Infernape\n|-damage|p1a: Infernape|80\/100\n|-boost|p2a: Bisharp|atk|1\n|\n|upkeep\n|turn|5\n|\n|t:|1698603687\n|move|p2a: Bisharp|Sucker Punch|p1a: Infernape\n|-resisted|p1a: Infernape\n|-damage|p1a: Infernape|46\/100\n|move|p1a: Infernape|Flare Blitz|p2a: Bisharp\n|-supereffective|p2a: Bisharp\n|-damage|p2a: Bisharp|33\/100\n|-damage|p1a: Infernape|23\/100|[from] Recoil\n|\n|upkeep\n|turn|6\n|\n|t:|1698603708\n|move|p2a: Bisharp|Sucker Punch|p1a: Infernape\n|-resisted|p1a: Infernape\n|-damage|p1a: Infernape|0 fnt\n|faint|p1a: Infernape\n|\n|upkeep\n|\n|t:|1698603719\n|switch|p1a: Lycanroc|Lycanroc-Dusk, M|100\/100\n|turn|7\n|inactive|Reggiejr10 has 120 seconds left.\n|\n|t:|1698603734\n|move|p1a: Lycanroc|Stone Edge|p2a: Bisharp\n|-resisted|p2a: Bisharp\n|-damage|p2a: Bisharp|20\/100\n|move|p2a: Bisharp|Power-Up Punch|p1a: Lycanroc\n|-supereffective|p1a: Lycanroc\n|-damage|p1a: Lycanroc|47\/100\n|-boost|p2a: Bisharp|atk|1\n|\n|upkeep\n|turn|8\n|\n|t:|1698603742\n|move|p2a: Bisharp|Sucker Punch|p1a: Lycanroc\n|-damage|p1a: Lycanroc|0 fnt\n|faint|p1a: Lycanroc\n|\n|upkeep\n|inactive|Reggiejr10 has 120 seconds left.\n|\n|t:|1698603754\n|switch|p1a: Lucario|Lucario, M|100\/100\n|turn|9\n|\n|t:|1698603765\n|move|p2a: Bisharp|Sucker Punch|p1a: Lucario\n|-resisted|p1a: Lucario\n|-damage|p1a: Lucario|52\/100\n|move|p1a: Lucario|Aura Sphere|p2a: Bisharp\n|-supereffective|p2a: Bisharp\n|-damage|p2a: Bisharp|0 fnt\n|faint|p2a: Bisharp\n|\n|upkeep\n|\n|t:|1698603770\n|switch|p2a: Gabite|Gabite, M|100\/100\n|turn|10\n|\n|t:|1698603784\n|switch|p1a: Naganadel|Naganadel|45\/100\n|move|p2a: Gabite|Earthquake|p1a: Naganadel\n|-supereffective|p1a: Naganadel\n|-crit|p1a: Naganadel\n|-damage|p1a: Naganadel|0 fnt\n|faint|p1a: Naganadel\n|\n|upkeep\n|inactive|Reggiejr10 has 120 seconds left.\n|\n|t:|1698603803\n|switch|p1a: Lucario|Lucario, M|52\/100\n|turn|11\n|inactive|Reggiejr10 has 120 seconds left.\n|\n|t:|1698603818\n|move|p2a: Gabite|Earthquake|p1a: Lucario\n|-supereffective|p1a: Lucario\n|-damage|p1a: Lucario|0 fnt\n|faint|p1a: Lucario\n|\n|upkeep\n|inactive|Reggiejr10 has 120 seconds left.\n|\n|t:|1698603829\n|switch|p1a: Melmetal|Melmetal|100\/100\n|turn|12\n|inactive|Reggiejr10 has 120 seconds left.\n|\n|t:|1698603837\n|move|p2a: Gabite|Earthquake|p1a: Melmetal\n|-supereffective|p1a: Melmetal\n|-damage|p1a: Melmetal|63\/100\n|move|p1a: Melmetal|Double Iron Bash|p2a: Gabite\n|-damage|p2a: Gabite|38\/100\n|-damage|p1a: Melmetal|51\/100|[from] ability: Rough Skin|[of] p2a: Gabite\n|-damage|p2a: Gabite|0 fnt\n|-damage|p1a: Melmetal|38\/100|[from] ability: Rough Skin|[of] p2a: Gabite\n|faint|p2a: Gabite\n|-hitcount|p2: Gabite|2\n|\n|upkeep\n|\n|t:|1698603844\n|switch|p2a: Pheromosa|Pheromosa|100\/100\n|turn|13\n|inactive|Reggiejr10 has 120 seconds left.\n|\n|t:|1698603876\n|move|p2a: Pheromosa|Close Combat|p1a: Melmetal\n|-supereffective|p1a: Melmetal\n|-damage|p1a: Melmetal|0 fnt\n|-unboost|p2a: Pheromosa|def|1\n|-unboost|p2a: Pheromosa|spd|1\n|faint|p1a: Melmetal\n|-ability|p2a: Pheromosa|Beast Boost|boost\n|-boost|p2a: Pheromosa|atk|1\n|-damage|p2a: Pheromosa|91\/100|[from] item: Life Orb\n|\n|upkeep\n|\n|t:|1698603888\n|switch|p1a: Ash Pikachu|Pikachu-World, M|100\/100\n|turn|14\n|\n|t:|1698603898\n|move|p2a: Pheromosa|Close Combat|p1a: Ash Pikachu\n|-damage|p1a: Ash Pikachu|0 fnt\n|-unboost|p2a: Pheromosa|def|1\n|-unboost|p2a: Pheromosa|spd|1\n|faint|p1a: Ash Pikachu\n|-damage|p2a: Pheromosa|81\/100|[from] item: Life Orb\n|\n|win|JustinRuggs\n|raw|Reggiejr10's rating: 1073 &rarr; <strong>1056<\/strong><br \/>(-17 for losing)\n|raw|JustinRuggs's rating: 1146 &rarr; <strong>1166<\/strong><br \/>(+20 for winning)\n|c|\u2606JustinRuggs|gg\n","uploadtime":1698603911,"views":15,"p1id":"reggiejr10","p2id":"justinruggs","formatid":"gen9nationaldexubers","rating":1056,"private":0,"password":""}