{"id":"gen9nationaldexubers-1997623515","p1":"BlackStar150520","p2":"Argusbonusest","format":"[Gen 9] National Dex Ubers","log":"|j|\u2606BlackStar150520\n|j|\u2606Argusbonusest\n|t:|1700834321\n|gametype|singles\n|player|p1|BlackStar150520|unknown|1756\n|player|p2|Argusbonusest|steven|1592\n|teamsize|p1|6\n|teamsize|p2|6\n|gen|9\n|tier|[Gen 9] National Dex Ubers\n|rated|\n|rule|HP Percentage Mod: HP is shown in percentages\n|rule|Endless Battle Clause: Forcing endless battles is banned\n|rule|OHKO Clause: OHKO moves are banned\n|rule|Evasion Moves Clause: Evasion moves are banned\n|rule|Evasion Items Clause: Evasion items are banned\n|rule|Species Clause: Limit one of each Pok\u00e9mon\n|rule|Sleep Clause Mod: Limit one foe put to sleep\n|rule|Mega Rayquaza Clause: You cannot mega evolve Rayquaza\n|clearpoke\n|poke|p1|Ditto|\n|poke|p1|Eternatus|\n|poke|p1|Arceus-Fairy|\n|poke|p1|Urshifu-*, F|\n|poke|p1|Salamence, M|\n|poke|p1|Necrozma-Dusk-Mane|\n|poke|p2|Shuckle, M|\n|poke|p2|Necrozma-Dusk-Mane|\n|poke|p2|Yveltal|\n|poke|p2|Groudon|\n|poke|p2|Arceus-Ground|\n|poke|p2|Xerneas-*|\n|teampreview\n|inactive|Battle timer is ON: inactive players will automatically lose when time's up. (requested by Argusbonusest)\n|inactive|BlackStar150520 also wants the timer to be on.\n|c|\u2606Argusbonusest|glhf\n|inactive|Argusbonusest has 120 seconds left.\n|\n|t:|1700834355\n|start\n|switch|p1a: Ditto|Ditto, shiny|100\/100\n|switch|p2a: Shuckle|Shuckle, M, shiny|100\/100\n|-transform|p1a: Ditto|p2a: Shuckle|[from] ability: Imposter\n|turn|1\n|\n|t:|1700834361\n|move|p1a: Ditto|Sticky Web|p2a: Shuckle\n|-sidestart|p2: Argusbonusest|move: Sticky Web\n|move|p2a: Shuckle|Sticky Web|p1a: Ditto\n|-sidestart|p1: BlackStar150520|move: Sticky Web\n|\n|upkeep\n|turn|2\n|\n|t:|1700834371\n|switch|p1a: Arceus|Arceus-Fairy|100\/100\n|-activate|p1a: Arceus|move: Sticky Web\n|-unboost|p1a: Arceus|spe|1\n|move|p2a: Shuckle|Knock Off|p1a: Arceus\n|-resisted|p1a: Arceus\n|-damage|p1a: Arceus|99\/100\n|\n|upkeep\n|turn|3\n|\n|t:|1700834381\n|move|p1a: Arceus|Toxic|p2a: Shuckle\n|-status|p2a: Shuckle|tox\n|move|p2a: Shuckle|Stealth Rock|p1a: Arceus\n|-sidestart|p1: BlackStar150520|move: Stealth Rock\n|\n|-damage|p2a: Shuckle|94\/100 tox|[from] psn\n|upkeep\n|turn|4\n|\n|t:|1700834385\n|switch|p1a: Necrozma|Necrozma-Dusk-Mane|100\/100\n|-activate|p1a: Necrozma|move: Sticky Web\n|-unboost|p1a: Necrozma|spe|1\n|-damage|p1a: Necrozma|94\/100|[from] Stealth Rock\n|move|p2a: Shuckle|Encore||[still]\n|-fail|p2a: Shuckle\n|\n|-damage|p2a: Shuckle|82\/100 tox|[from] psn\n|upkeep\n|turn|5\n|\n|t:|1700834391\n|move|p1a: Necrozma|Stealth Rock|p2a: Shuckle\n|-sidestart|p2: Argusbonusest|move: Stealth Rock\n|move|p2a: Shuckle|Encore|p1a: Necrozma\n|-start|p1a: Necrozma|Encore\n|\n|-damage|p2a: Shuckle|64\/100 tox|[from] psn\n|upkeep\n|turn|6\n|inactive|Argusbonusest has 120 seconds left.\n|\n|t:|1700834423\n|switch|p1a: Eternatus|Eternatus|100\/100\n|-activate|p1a: Eternatus|move: Sticky Web\n|-unboost|p1a: Eternatus|spe|1\n|-damage|p1a: Eternatus|88\/100|[from] Stealth Rock\n|-ability|p1a: Eternatus|Pressure\n|switch|p2a: Nebbychadnezzar|Necrozma-Dusk-Mane, shiny|100\/100\n|-activate|p2a: Nebbychadnezzar|move: Sticky Web\n|-unboost|p2a: Nebbychadnezzar|spe|1\n|-damage|p2a: Nebbychadnezzar|94\/100|[from] Stealth Rock\n|\n|-heal|p1a: Eternatus|94\/100|[from] item: Leftovers\n|upkeep\n|turn|7\n|inactive|Argusbonusest has 120 seconds left.\n|\n|t:|1700834447\n|move|p1a: Eternatus|Toxic Spikes|p2a: Nebbychadnezzar\n|-sidestart|p2: Argusbonusest|move: Toxic Spikes\n|move|p2a: Nebbychadnezzar|Earthquake|p1a: Eternatus\n|-supereffective|p1a: Eternatus\n|-damage|p1a: Eternatus|24\/100\n|\n|-heal|p1a: Eternatus|30\/100|[from] item: Leftovers\n|upkeep\n|turn|8\n|\n|t:|1700834462\n|move|p1a: Eternatus|Toxic Spikes|p2a: Nebbychadnezzar\n|-sidestart|p2: Argusbonusest|move: Toxic Spikes\n|move|p2a: Nebbychadnezzar|Sunsteel Strike|p1a: Eternatus\n|-damage|p1a: Eternatus|0 fnt\n|faint|p1a: Eternatus\n|\n|upkeep\n|\n|t:|1700834470\n|switch|p1a: Salamence|Salamence, M|100\/100\n|-damage|p1a: Salamence|76\/100|[from] Stealth Rock\n|-ability|p1a: Salamence|Intimidate|boost\n|-unboost|p2a: Nebbychadnezzar|atk|1\n|turn|9\n|\n|t:|1700834480\n|switch|p1a: Necrozma|Necrozma-Dusk-Mane|94\/100\n|-activate|p1a: Necrozma|move: Sticky Web\n|-unboost|p1a: Necrozma|spe|1\n|-damage|p1a: Necrozma|88\/100|[from] Stealth Rock\n|move|p2a: Nebbychadnezzar|Stone Edge|p1a: Necrozma|[miss]\n|-miss|p2a: Nebbychadnezzar|p1a: Necrozma\n|\n|upkeep\n|turn|10\n|inactive|Argusbonusest has 120 seconds left.\n|\n|t:|1700834500\n|switch|p2a: Yveltal|Yveltal, shiny|100\/100\n|-ability|p2a: Yveltal|Dark Aura\n|detailschange|p1a: Necrozma|Necrozma-Ultra\n|-burst|p1a: Necrozma|Necrozma|Ultranecrozium Z\n|move|p1a: Necrozma|Earth Power|p2a: Yveltal\n|-immune|p2a: Yveltal\n|\n|upkeep\n|turn|11\n|\n|t:|1700834509\n|switch|p1a: Arceus|Arceus-Fairy|99\/100\n|-activate|p1a: Arceus|move: Sticky Web\n|-unboost|p1a: Arceus|spe|1\n|-damage|p1a: Arceus|87\/100|[from] Stealth Rock\n|move|p2a: Yveltal|Taunt|p1a: Arceus\n|-start|p1a: Arceus|move: Taunt\n|\n|upkeep\n|turn|12\n|inactive|Argusbonusest has 120 seconds left.\n|inactive|Argusbonusest has 90 seconds left.\n|\n|t:|1700834556\n|switch|p2a: Xerneas|Xerneas, shiny|100\/100\n|-activate|p2a: Xerneas|move: Sticky Web\n|-unboost|p2a: Xerneas|spe|1\n|-damage|p2a: Xerneas|88\/100|[from] Stealth Rock\n|-status|p2a: Xerneas|tox\n|-ability|p2a: Xerneas|Fairy Aura\n|move|p1a: Arceus|Judgment|p2a: Xerneas\n|-damage|p2a: Xerneas|37\/100 tox\n|\n|-damage|p2a: Xerneas|31\/100 tox|[from] psn\n|upkeep\n|turn|13\n|\n|t:|1700834560\n|move|p1a: Arceus|Judgment|p2a: Xerneas\n|-damage|p2a: Xerneas|0 fnt\n|faint|p2a: Xerneas\n|\n|-end|p1a: Arceus|move: Taunt\n|upkeep\n|\n|t:|1700834569\n|switch|p2a: Nebbychadnezzar|Necrozma-Dusk-Mane, shiny|94\/100\n|-activate|p2a: Nebbychadnezzar|move: Sticky Web\n|-unboost|p2a: Nebbychadnezzar|spe|1\n|-damage|p2a: Nebbychadnezzar|88\/100|[from] Stealth Rock\n|turn|14\n|\n|t:|1700834579\n|switch|p1a: Salamence|Salamence, M|76\/100\n|-damage|p1a: Salamence|51\/100|[from] Stealth Rock\n|-ability|p1a: Salamence|Intimidate|boost\n|-unboost|p2a: Nebbychadnezzar|atk|1\n|move|p2a: Nebbychadnezzar|Dragon Dance|p2a: Nebbychadnezzar\n|-boost|p2a: Nebbychadnezzar|atk|1\n|-boost|p2a: Nebbychadnezzar|spe|1\n|\n|upkeep\n|turn|15\n|\n|t:|1700834588\n|move|p1a: Salamence|Roost|p1a: Salamence\n|-heal|p1a: Salamence|100\/100\n|-singleturn|p1a: Salamence|move: Roost\n|move|p2a: Nebbychadnezzar|Sunsteel Strike|p1a: Salamence\n|-damage|p1a: Salamence|13\/100\n|\n|upkeep\n|turn|16\n|\n|t:|1700834599\n|detailschange|p1a: Salamence|Salamence-Mega, M\n|-mega|p1a: Salamence|Salamence|Salamencite\n|move|p1a: Salamence|Frustration|p2a: Nebbychadnezzar\n|-resisted|p2a: Nebbychadnezzar\n|-damage|p2a: Nebbychadnezzar|60\/100\n|move|p2a: Nebbychadnezzar|Sunsteel Strike|p1a: Salamence\n|-damage|p1a: Salamence|0 fnt\n|faint|p1a: Salamence\n|\n|upkeep\n|\n|t:|1700834607\n|switch|p1a: Urshifu|Urshifu, F|100\/100\n|-activate|p1a: Urshifu|move: Sticky Web\n|-unboost|p1a: Urshifu|spe|1\n|-damage|p1a: Urshifu|94\/100|[from] Stealth Rock\n|turn|17\n|inactive|Argusbonusest has 120 seconds left.\n|\n|t:|1700834642\n|switch|p2a: Shuckle|Shuckle, M, shiny|64\/100 tox\n|-activate|p2a: Shuckle|move: Sticky Web\n|-unboost|p2a: Shuckle|spe|1\n|-damage|p2a: Shuckle|39\/100 tox|[from] Stealth Rock\n|move|p1a: Urshifu|Sucker Punch||[still]\n|-fail|p1a: Urshifu\n|\n|-damage|p2a: Shuckle|32\/100 tox|[from] psn\n|upkeep\n|turn|18\n|j| Weirdmenace\n|\n|t:|1700834654\n|move|p1a: Urshifu|Wicked Blow|p2a: Shuckle\n|-crit|p2a: Shuckle\n|-damage|p2a: Shuckle|0 fnt\n|faint|p2a: Shuckle\n|-damage|p1a: Urshifu|84\/100|[from] item: Life Orb\n|\n|upkeep\n|\n|t:|1700834671\n|switch|p2a: Yveltal|Yveltal, shiny|100\/100\n|-ability|p2a: Yveltal|Dark Aura\n|turn|19\n|\n|t:|1700834685\n|switch|p1a: Arceus|Arceus-Fairy|87\/100\n|-activate|p1a: Arceus|move: Sticky Web\n|-unboost|p1a: Arceus|spe|1\n|-damage|p1a: Arceus|75\/100|[from] Stealth Rock\n|move|p2a: Yveltal|Oblivion Wing|p1a: Arceus\n|-damage|p1a: Arceus|45\/100\n|\n|upkeep\n|turn|20\n|inactive|Argusbonusest has 90 seconds left.\n|l| Weirdmenace\n|\n|t:|1700834707\n|move|p2a: Yveltal|Taunt|p1a: Arceus\n|-start|p1a: Arceus|move: Taunt\n|cant|p1a: Arceus|move: Taunt|Recover\n|\n|upkeep\n|turn|21\n|inactive|Argusbonusest has 90 seconds left.\n|inactive|Argusbonusest has 60 seconds left.\n|\n|t:|1700834743\n|move|p2a: Yveltal|Oblivion Wing|p1a: Arceus\n|-damage|p1a: Arceus|18\/100\n|move|p1a: Arceus|Judgment|p2a: Yveltal\n|-supereffective|p2a: Yveltal\n|-damage|p2a: Yveltal|1\/100\n|\n|upkeep\n|turn|22\n|\n|t:|1700834754\n|-terastallize|p1a: Arceus|Steel\n|move|p2a: Yveltal|Oblivion Wing|p1a: Arceus\n|-resisted|p1a: Arceus\n|-damage|p1a: Arceus|4\/100\n|-heal|p2a: Yveltal|13\/100|[from] drain|[of] p1a: Arceus\n|move|p1a: Arceus|Judgment|p2a: Yveltal\n|-supereffective|p2a: Yveltal\n|-damage|p2a: Yveltal|0 fnt\n|faint|p2a: Yveltal\n|\n|-end|p1a: Arceus|move: Taunt\n|upkeep\n|\n|t:|1700834765\n|switch|p2a: Arceus|Arceus-Ground|100\/100\n|-activate|p2a: Arceus|move: Sticky Web\n|-unboost|p2a: Arceus|spe|1\n|-damage|p2a: Arceus|94\/100|[from] Stealth Rock\n|-status|p2a: Arceus|tox\n|turn|23\n|\n|t:|1700834774\n|move|p1a: Arceus|Taunt|p2a: Arceus\n|-start|p2a: Arceus|move: Taunt\n|cant|p2a: Arceus|move: Taunt|Swords Dance\n|\n|-damage|p2a: Arceus|88\/100 tox|[from] psn\n|upkeep\n|turn|24\n|c|\u2606Argusbonusest|wp\n|\n|t:|1700834780\n|move|p2a: Arceus|Earthquake|p1a: Arceus\n|-supereffective|p1a: Arceus\n|-damage|p1a: Arceus|0 fnt\n|faint|p1a: Arceus\n|\n|-damage|p2a: Arceus|76\/100 tox|[from] psn\n|upkeep\n|\n|t:|1700834790\n|switch|p1a: Necrozma|Necrozma-Ultra|88\/100\n|-activate|p1a: Necrozma|move: Sticky Web\n|-unboost|p1a: Necrozma|spe|1\n|-damage|p1a: Necrozma|75\/100|[from] Stealth Rock\n|turn|25\n|inactive|Argusbonusest has 90 seconds left.\n|\n|t:|1700834800\n|-zpower|p1a: Necrozma\n|move|p1a: Necrozma|Light That Burns the Sky|p2a: Arceus|[zeffect]\n|-damage|p2a: Arceus|0 fnt\n|faint|p2a: Arceus\n|\n|upkeep\n|inactive|Argusbonusest has 90 seconds left.\n|\n|t:|1700834808\n|switch|p2a: Nebbychadnezzar|Necrozma-Dusk-Mane, shiny|60\/100\n|-activate|p2a: Nebbychadnezzar|move: Sticky Web\n|-unboost|p2a: Nebbychadnezzar|spe|1\n|-damage|p2a: Nebbychadnezzar|54\/100|[from] Stealth Rock\n|turn|26\n|inactive|Argusbonusest has 90 seconds left.\n|\n|t:|1700834827\n|move|p1a: Necrozma|Earth Power|p2a: Nebbychadnezzar\n|-supereffective|p2a: Nebbychadnezzar\n|-damage|p2a: Nebbychadnezzar|0 fnt\n|faint|p2a: Nebbychadnezzar\n|\n|upkeep\n|\n|t:|1700834830\n|switch|p2a: Chopin|Groudon|100\/100\n|-activate|p2a: Chopin|move: Sticky Web\n|-unboost|p2a: Chopin|spe|1\n|-damage|p2a: Chopin|94\/100|[from] Stealth Rock\n|-status|p2a: Chopin|tox\n|detailschange|p2a: Chopin|Groudon-Primal\n|-primal|p2a: Chopin|Red Orb\n|-weather|DesolateLand|[from] ability: Desolate Land|[of] p2a: Chopin\n|turn|27\n|c|\u2606Argusbonusest|ggwp\n|\n|t:|1700834835\n|move|p1a: Necrozma|Earth Power|p2a: Chopin\n|-supereffective|p2a: Chopin\n|-damage|p2a: Chopin|0 fnt\n|faint|p2a: Chopin\n|-weather|none\n|\n|win|BlackStar150520\n|raw|BlackStar150520's rating: 1756 &rarr; <strong>1767<\/strong><br \/>(+11 for winning)\n|raw|Argusbonusest's rating: 1592 &rarr; <strong>1581<\/strong><br \/>(-11 for losing)\n|l|\u2606Argusbonusest\n|c|\u2606BlackStar150520|Gg\n","uploadtime":1700834846,"views":2,"p1id":"blackstar150520","p2id":"argusbonusest","formatid":"gen9nationaldexubers","rating":1581,"private":0,"password":""}