{"id":"gen9nationaldexubers-1983725262","p1":"zay7seven","p2":"chase demons","format":"[Gen 9] National Dex Ubers","log":"|j|\u2606zay7seven\n|j|\u2606chase demons\n|t:|1699167984\n|gametype|singles\n|player|p1|zay7seven|1|1195\n|player|p2|chase demons|1|1259\n|teamsize|p1|6\n|teamsize|p2|6\n|gen|9\n|tier|[Gen 9] National Dex Ubers\n|rated|\n|rule|HP Percentage Mod: HP is shown in percentages\n|rule|Endless Battle Clause: Forcing endless battles is banned\n|rule|OHKO Clause: OHKO moves are banned\n|rule|Evasion Moves Clause: Evasion moves are banned\n|rule|Evasion Items Clause: Evasion items are banned\n|rule|Species Clause: Limit one of each Pok\u00e9mon\n|rule|Sleep Clause Mod: Limit one foe put to sleep\n|rule|Mega Rayquaza Clause: You cannot mega evolve Rayquaza\n|clearpoke\n|poke|p1|Ogerpon-Hearthflame, F|\n|poke|p1|Pinsir, F|\n|poke|p1|Espathra, M|\n|poke|p1|Mewtwo|\n|poke|p1|Great Tusk|\n|poke|p1|Shaymin-Sky|\n|poke|p2|Kyogre|\n|poke|p2|Blastoise, M|\n|poke|p2|Iron Bundle|\n|poke|p2|Tapu Koko|\n|poke|p2|Dragapult, F|\n|poke|p2|Palafin, M|\n|teampreview\n|\n|t:|1699168001\n|start\n|switch|p1a: Shaymin|Shaymin-Sky|100\/100\n|switch|p2a: Tapu Koko|Tapu Koko, shiny|100\/100\n|-fieldstart|move: Electric Terrain|[from] ability: Electric Surge|[of] p2a: Tapu Koko\n|turn|1\n|\n|t:|1699168015\n|move|p2a: Tapu Koko|Thunder Wave|p1a: Shaymin\n|-status|p1a: Shaymin|par\n|move|p1a: Shaymin|Leech Seed|p2a: Tapu Koko\n|-start|p2a: Tapu Koko|move: Leech Seed\n|\n|-damage|p2a: Tapu Koko|88\/100|[from] Leech Seed|[of] p1a: Shaymin\n|upkeep\n|turn|2\n|\n|t:|1699168023\n|move|p2a: Tapu Koko|Volt Switch|p1a: Shaymin\n|-damage|p1a: Shaymin|50\/100 par\n|\n|t:|1699168028\n|switch|p2a: Dragapult|Dragapult, F, shiny|100\/100|[from] Volt Switch\n|move|p1a: Shaymin|Seed Flare|p2a: Dragapult\n|-resisted|p2a: Dragapult\n|-damage|p2a: Dragapult|58\/100\n|-unboost|p2a: Dragapult|spd|2\n|\n|-heal|p1a: Shaymin|56\/100 par|[from] item: Leftovers\n|upkeep\n|turn|3\n|\n|t:|1699168041\n|move|p2a: Dragapult|Dragon Dance|p2a: Dragapult\n|-boost|p2a: Dragapult|atk|1\n|-boost|p2a: Dragapult|spe|1\n|cant|p1a: Shaymin|par\n|\n|-heal|p1a: Shaymin|62\/100 par|[from] item: Leftovers\n|upkeep\n|turn|4\n|\n|t:|1699168053\n|move|p2a: Dragapult|Phantom Force||[still]\n|-prepare|p2a: Dragapult|Phantom Force\n|cant|p1a: Shaymin|par\n|\n|-heal|p1a: Shaymin|68\/100 par|[from] item: Leftovers\n|upkeep\n|turn|5\n|\n|t:|1699168064\n|move|p2a: Dragapult|Phantom Force|p1a: Shaymin|[from]lockedmove\n|-damage|p1a: Shaymin|0 fnt\n|faint|p1a: Shaymin\n|\n|upkeep\n|\n|t:|1699168071\n|switch|p1a: Pinsir|Pinsir, F|100\/100\n|turn|6\n|\n|t:|1699168081\n|move|p2a: Dragapult|Dragon Darts|p1a: Pinsir\n|-damage|p1a: Pinsir|54\/100\n|-anim|p2a: Dragapult|Dragon Darts|p1a: Pinsir\n|-damage|p1a: Pinsir|5\/100\n|move|p1a: Pinsir|Knock Off|p2a: Dragapult\n|-supereffective|p2a: Dragapult\n|-damage|p2a: Dragapult|2\/100\n|\n|upkeep\n|turn|7\n|\n|t:|1699168093\n|move|p2a: Dragapult|Dragon Darts|p1a: Pinsir\n|-damage|p1a: Pinsir|0 fnt\n|faint|p1a: Pinsir\n|\n|upkeep\n|\n|t:|1699168097\n|switch|p1a: Espathra|Espathra, M|100\/100\n|turn|8\n|\n|t:|1699168103\n|move|p1a: Espathra|Protect|p1a: Espathra\n|-singleturn|p1a: Espathra|Protect\n|-zpower|p2a: Dragapult\n|move|p2a: Dragapult|Never-Ending Nightmare|p1a: Espathra|[zeffect]\n|-supereffective|p1a: Espathra\n|-zbroken|p1a: Espathra\n|-damage|p1a: Espathra|5\/100\n|\n|-fieldend|move: Electric Terrain\n|-ability|p1a: Espathra|Speed Boost|boost\n|-boost|p1a: Espathra|spe|1\n|upkeep\n|turn|9\n|\n|t:|1699168119\n|-terastallize|p1a: Espathra|Fairy\n|move|p2a: Dragapult|Dragon Darts|p1a: Espathra\n|-immune|p1a: Espathra\n|move|p1a: Espathra|Calm Mind|p1a: Espathra\n|-boost|p1a: Espathra|spa|1\n|-boost|p1a: Espathra|spd|1\n|\n|-ability|p1a: Espathra|Speed Boost|boost\n|-boost|p1a: Espathra|spe|1\n|upkeep\n|turn|10\n|\n|t:|1699168140\n|switch|p2a: Tapu Koko|Tapu Koko, shiny|88\/100\n|-fieldstart|move: Electric Terrain|[from] ability: Electric Surge|[of] p2a: Tapu Koko\n|move|p1a: Espathra|Calm Mind|p1a: Espathra\n|-boost|p1a: Espathra|spa|1\n|-boost|p1a: Espathra|spd|1\n|\n|-ability|p1a: Espathra|Speed Boost|boost\n|-boost|p1a: Espathra|spe|1\n|upkeep\n|turn|11\n|\n|t:|1699168149\n|move|p1a: Espathra|Stored Power|p2a: Tapu Koko\n|-damage|p2a: Tapu Koko|0 fnt\n|faint|p2a: Tapu Koko\n|\n|-ability|p1a: Espathra|Speed Boost|boost\n|-boost|p1a: Espathra|spe|1\n|upkeep\n|\n|t:|1699168158\n|switch|p2a: Palafin|Palafin, M|100\/100\n|turn|12\n|\n|t:|1699168162\n|move|p2a: Palafin|Jet Punch|p1a: Espathra\n|-damage|p1a: Espathra|0 fnt\n|faint|p1a: Espathra\n|\n|upkeep\n|\n|t:|1699168177\n|switch|p1a: Mewtwo|Mewtwo|100\/100\n|-ability|p1a: Mewtwo|Pressure\n|turn|13\n|\n|t:|1699168185\n|detailschange|p2a: Palafin|Palafin-Hero, M\n|switch|p2a: Dragapult|Dragapult, F, shiny|2\/100\n|detailschange|p1a: Mewtwo|Mewtwo-Mega-Y\n|-mega|p1a: Mewtwo|Mewtwo|Mewtwonite Y\n|move|p1a: Mewtwo|Psystrike|p2a: Dragapult\n|-damage|p2a: Dragapult|0 fnt\n|faint|p2a: Dragapult\n|\n|upkeep\n|\n|t:|1699168196\n|switch|p2a: Iron Bundle|Iron Bundle|100\/100\n|-activate|p2a: Iron Bundle|ability: Quark Drive\n|-start|p2a: Iron Bundle|quarkdrivespe\n|turn|14\n|\n|t:|1699168203\n|move|p2a: Iron Bundle|Hydro Pump|p1a: Mewtwo\n|-damage|p1a: Mewtwo|47\/100\n|move|p1a: Mewtwo|Psystrike|p2a: Iron Bundle\n|-damage|p2a: Iron Bundle|24\/100\n|\n|upkeep\n|turn|15\n|\n|t:|1699168215\n|move|p2a: Iron Bundle|Hydro Pump|p1a: Mewtwo\n|-damage|p1a: Mewtwo|0 fnt\n|faint|p1a: Mewtwo\n|\n|upkeep\n|\n|t:|1699168219\n|switch|p1a: Great Tusk|Great Tusk|100\/100\n|turn|16\n|\n|t:|1699168228\n|move|p2a: Iron Bundle|Hydro Pump|p1a: Great Tusk|[miss]\n|-miss|p2a: Iron Bundle|p1a: Great Tusk\n|move|p1a: Great Tusk|Headlong Rush|p2a: Iron Bundle\n|-damage|p2a: Iron Bundle|0 fnt\n|-unboost|p1a: Great Tusk|def|1\n|-unboost|p1a: Great Tusk|spd|1\n|faint|p2a: Iron Bundle\n|-end|p2a: Iron Bundle|Quark Drive|[silent]\n|\n|upkeep\n|\n|t:|1699168235\n|switch|p2a: Blastoise|Blastoise, M|100\/100\n|turn|17\n|\n|t:|1699168243\n|detailschange|p2a: Blastoise|Blastoise-Mega, M\n|-mega|p2a: Blastoise|Blastoise|Blastoisinite\n|move|p2a: Blastoise|Shell Smash|p2a: Blastoise\n|-unboost|p2a: Blastoise|def|1\n|-unboost|p2a: Blastoise|spd|1\n|-boost|p2a: Blastoise|atk|2\n|-boost|p2a: Blastoise|spa|2\n|-boost|p2a: Blastoise|spe|2\n|move|p1a: Great Tusk|Rapid Spin|p2a: Blastoise\n|-damage|p2a: Blastoise|81\/100\n|-boost|p1a: Great Tusk|spe|1\n|\n|-fieldend|move: Electric Terrain\n|upkeep\n|turn|18\n|\n|t:|1699168257\n|move|p2a: Blastoise|Hydro Pump|p1a: Great Tusk|[miss]\n|-miss|p2a: Blastoise|p1a: Great Tusk\n|move|p1a: Great Tusk|Headlong Rush|p2a: Blastoise\n|-damage|p2a: Blastoise|5\/100\n|-unboost|p1a: Great Tusk|def|1\n|-unboost|p1a: Great Tusk|spd|1\n|\n|upkeep\n|turn|19\n|\n|t:|1699168263\n|move|p2a: Blastoise|Hydro Pump|p1a: Great Tusk\n|-supereffective|p1a: Great Tusk\n|-damage|p1a: Great Tusk|0 fnt\n|faint|p1a: Great Tusk\n|-end|p1a: Great Tusk|Protosynthesis|[silent]\n|\n|upkeep\n|\n|t:|1699168267\n|switch|p1a: Ogerpon|Ogerpon-Hearthflame, F|100\/100\n|-ability|p1a: Ogerpon|Mold Breaker\n|turn|20\n|\n|t:|1699168283\n|move|p2a: Blastoise|Hydro Pump|p1a: Ogerpon\n|-damage|p1a: Ogerpon|0 fnt\n|faint|p1a: Ogerpon\n|\n|win|chase demons\n|raw|zay7seven's rating: 1195 &rarr; <strong>1175<\/strong><br \/>(-20 for losing)\n|raw|chase demons's rating: 1259 &rarr; <strong>1279<\/strong><br \/>(+20 for winning)\n","uploadtime":1699168288,"views":4,"p1id":"zay7seven","p2id":"chasedemons","formatid":"gen9nationaldexubers","rating":1175,"private":0,"password":""}