{"id":"gen9nationaldexubers-1989209192","p1":"fancyostriches","p2":"RlmpgMarquim","format":"[Gen 9] National Dex Ubers","log":"|j|\u2606fancyostriches\n|j|\u2606RlmpgMarquim\n|t:|1699823653\n|gametype|singles\n|player|p1|fancyostriches|pokemaniac|1147\n|player|p2|RlmpgMarquim|lucas-gen4pt|1075\n|teamsize|p1|6\n|teamsize|p2|6\n|gen|9\n|tier|[Gen 9] National Dex Ubers\n|rated|\n|rule|HP Percentage Mod: HP is shown in percentages\n|rule|Endless Battle Clause: Forcing endless battles is banned\n|rule|OHKO Clause: OHKO moves are banned\n|rule|Evasion Moves Clause: Evasion moves are banned\n|rule|Evasion Items Clause: Evasion items are banned\n|rule|Species Clause: Limit one of each Pok\u00e9mon\n|rule|Sleep Clause Mod: Limit one foe put to sleep\n|rule|Mega Rayquaza Clause: You cannot mega evolve Rayquaza\n|clearpoke\n|poke|p1|Venomoth, F|\n|poke|p1|Uxie|\n|poke|p1|Magcargo, M|\n|poke|p1|Quaquaval, M|\n|poke|p1|Minior-Green|\n|poke|p1|Decidueye-Hisui, M|\n|poke|p2|Spiritomb, F|\n|poke|p2|Roserade, M|\n|poke|p2|Milotic, F|\n|poke|p2|Lucario, M|\n|poke|p2|Togekiss, M|\n|poke|p2|Garchomp, F|\n|teampreview\n|\n|t:|1699823666\n|start\n|switch|p1a: Uxie|Uxie|100\/100\n|switch|p2a: Spiritomb|Spiritomb, F|100\/100\n|turn|1\n|\n|t:|1699823686\n|move|p1a: Uxie|Stealth Rock|p2a: Spiritomb\n|-sidestart|p2: RlmpgMarquim|move: Stealth Rock\n|move|p2a: Spiritomb|Dark Pulse|p1a: Uxie\n|-supereffective|p1a: Uxie\n|-damage|p1a: Uxie|52\/100\n|\n|upkeep\n|turn|2\n|\n|t:|1699823725\n|move|p1a: Uxie|Light Screen|p1a: Uxie\n|-sidestart|p1: fancyostriches|move: Light Screen\n|move|p2a: Spiritomb|Shadow Ball|p1a: Uxie\n|-supereffective|p1a: Uxie\n|-damage|p1a: Uxie|5\/100\n|\n|upkeep\n|turn|3\n|\n|t:|1699823734\n|move|p1a: Uxie|Memento|p2a: Spiritomb\n|-unboost|p2a: Spiritomb|atk|2\n|-unboost|p2a: Spiritomb|spa|2\n|faint|p1a: Uxie\n|move|p2a: Spiritomb|Shadow Ball|p1: Uxie|[notarget]\n|-fail|p2a: Spiritomb\n|\n|upkeep\n|\n|t:|1699823740\n|switch|p1a: Quaquaval|Quaquaval, M|100\/100\n|turn|4\n|\n|t:|1699823760\n|move|p1a: Quaquaval|Swords Dance|p1a: Quaquaval\n|-boost|p1a: Quaquaval|atk|2\n|move|p2a: Spiritomb|Psychic|p1a: Quaquaval\n|-supereffective|p1a: Quaquaval\n|-damage|p1a: Quaquaval|63\/100\n|-enditem|p1a: Quaquaval|Weakness Policy\n|-boost|p1a: Quaquaval|atk|2|[from] item: Weakness Policy\n|-boost|p1a: Quaquaval|spa|2|[from] item: Weakness Policy\n|\n|upkeep\n|turn|5\n|-activate|p2a: Spiritomb|item: Quick Claw\n|\n|t:|1699823773\n|move|p2a: Spiritomb|Psychic|p1a: Quaquaval\n|-supereffective|p1a: Quaquaval\n|-damage|p1a: Quaquaval|23\/100\n|move|p1a: Quaquaval|Aqua Step|p2a: Spiritomb\n|-damage|p2a: Spiritomb|0 fnt\n|-boost|p1a: Quaquaval|spe|1\n|faint|p2a: Spiritomb\n|-ability|p1a: Quaquaval|Moxie|boost\n|-boost|p1a: Quaquaval|atk|1\n|\n|upkeep\n|\n|t:|1699823799\n|switch|p2a: Garchomp|Garchomp, F|100\/100\n|-damage|p2a: Garchomp|94\/100|[from] Stealth Rock\n|turn|6\n|\n|t:|1699823808\n|-terastallize|p2a: Garchomp|Dragon\n|move|p1a: Quaquaval|Ice Spinner|p2a: Garchomp\n|-supereffective|p2a: Garchomp\n|-damage|p2a: Garchomp|0 fnt\n|-damage|p1a: Quaquaval|11\/100|[from] ability: Rough Skin|[of] p2a: Garchomp\n|faint|p2a: Garchomp\n|-ability|p1a: Quaquaval|Moxie|boost\n|-boost|p1a: Quaquaval|atk|1\n|\n|-sideend|p1: fancyostriches|move: Light Screen\n|upkeep\n|\n|t:|1699823821\n|switch|p2a: Milotic|Milotic, F|100\/100\n|-damage|p2a: Milotic|88\/100|[from] Stealth Rock\n|turn|7\n|\n|t:|1699823829\n|move|p1a: Quaquaval|Close Combat|p2a: Milotic\n|-damage|p2a: Milotic|0 fnt\n|-unboost|p1a: Quaquaval|def|1\n|-unboost|p1a: Quaquaval|spd|1\n|faint|p2a: Milotic\n|\n|upkeep\n|\n|t:|1699823838\n|switch|p2a: Roserade|Roserade, M|100\/100\n|-damage|p2a: Roserade|88\/100|[from] Stealth Rock\n|turn|8\n|\n|t:|1699823845\n|move|p1a: Quaquaval|Ice Spinner|p2a: Roserade\n|-supereffective|p2a: Roserade\n|-damage|p2a: Roserade|0 fnt\n|faint|p2a: Roserade\n|\n|upkeep\n|\n|t:|1699823853\n|switch|p2a: Togekiss|Togekiss, M|100\/100\n|-damage|p2a: Togekiss|76\/100|[from] Stealth Rock\n|turn|9\n|\n|t:|1699823858\n|move|p1a: Quaquaval|Ice Spinner|p2a: Togekiss\n|-supereffective|p2a: Togekiss\n|-damage|p2a: Togekiss|0 fnt\n|faint|p2a: Togekiss\n|\n|upkeep\n|\n|t:|1699823864\n|switch|p2a: Lucario|Lucario, M|100\/100\n|-damage|p2a: Lucario|98\/100|[from] Stealth Rock\n|turn|10\n|\n|t:|1699823869\n|move|p1a: Quaquaval|Close Combat|p2a: Lucario\n|-supereffective|p2a: Lucario\n|-damage|p2a: Lucario|0 fnt\n|-unboost|p1a: Quaquaval|def|1\n|-unboost|p1a: Quaquaval|spd|1\n|faint|p2a: Lucario\n|\n|win|fancyostriches\n|raw|fancyostriches's rating: 1147 &rarr; <strong>1167<\/strong><br \/>(+20 for winning)\n|raw|RlmpgMarquim's rating: 1075 &rarr; <strong>1058<\/strong><br \/>(-17 for losing)\n|c|\u2606fancyostriches|Gg\n","uploadtime":1699823888,"views":19,"p1id":"fancyostriches","p2id":"rlmpgmarquim","formatid":"gen9nationaldexubers","rating":1058,"private":0,"password":""}