{"id":"gen9nationaldexubers-1985819200","p1":"DinsFire01","p2":"Factor64","format":"[Gen 9] National Dex Ubers","log":"|j|\u2606DinsFire01\n|j|\u2606Factor64\n|t:|1699409557\n|gametype|singles\n|player|p1|DinsFire01|n|\n|player|p2|Factor64|red-gen2|\n|teamsize|p1|6\n|teamsize|p2|6\n|gen|9\n|tier|[Gen 9] National Dex Ubers\n|rule|HP Percentage Mod: HP is shown in percentages\n|rule|Endless Battle Clause: Forcing endless battles is banned\n|rule|OHKO Clause: OHKO moves are banned\n|rule|Evasion Moves Clause: Evasion moves are banned\n|rule|Evasion Items Clause: Evasion items are banned\n|rule|Species Clause: Limit one of each Pok\u00e9mon\n|rule|Sleep Clause Mod: Limit one foe put to sleep\n|rule|Mega Rayquaza Clause: You cannot mega evolve Rayquaza\n|clearpoke\n|poke|p1|Heliolisk, F|\n|poke|p1|Latias, F|\n|poke|p1|Gholdengo|\n|poke|p1|Gliscor, F|\n|poke|p1|Tapu Fini|\n|poke|p1|Arcanine-Hisui, F|\n|poke|p2|Ogerpon-Wellspring, F|\n|poke|p2|Tyranitar, M|\n|poke|p2|Excadrill, M|\n|poke|p2|Scizor, M|\n|poke|p2|Rotom-Heat|\n|poke|p2|Minior-Indigo|\n|teampreview\n|j| Lunar Sloth\n|c|\u2606DinsFire01|lets go at 8:15\n|c|\u2606Factor64|k\n|j| VoIteon\n|j| Demolution545\n|l| Demolution545\n|\n|t:|1699409702\n|start\n|switch|p1a: mother|Tapu Fini|100\/100\n|switch|p2a: Ogerpon|Ogerpon-Wellspring, F|100\/100\n|-fieldstart|move: Misty Terrain|[from] ability: Misty Surge|[of] p1a: mother\n|turn|1\n|c|\u2606DinsFire01|glhf\n|inactive|Battle timer is ON: inactive players will automatically lose when time's up. (requested by DinsFire01)\n|\n|t:|1699409716\n|-terastallize|p1a: mother|Dragon\n|move|p2a: Ogerpon|U-turn|p1a: mother\n|-damage|p1a: mother|83\/100\n|j| Demolution545\n|\n|t:|1699409731\n|switch|p2a: Scizor|Scizor, M|100\/100|[from] U-turn\n|move|p1a: mother|Moonblast|p2a: Scizor\n|-resisted|p2a: Scizor\n|-damage|p2a: Scizor|82\/100\n|-unboost|p2a: Scizor|spa|1\n|\n|-heal|p1a: mother|89\/100|[from] item: Leftovers\n|-heal|p2a: Scizor|88\/100|[from] item: Leftovers\n|upkeep\n|turn|2\n|\n|t:|1699409759\n|switch|p1a: Hydrogen Bomb|Gholdengo|100\/100\n|move|p2a: Scizor|Swords Dance|p2a: Scizor\n|-boost|p2a: Scizor|atk|2\n|\n|-heal|p2a: Scizor|94\/100|[from] item: Leftovers\n|upkeep\n|turn|3\n|inactive|DinsFire01 has 270 seconds left.\n|\n|t:|1699409786\n|-zpower|p1a: Hydrogen Bomb\n|move|p1a: Hydrogen Bomb|Never-Ending Nightmare|p2a: Scizor|[zeffect]\n|-damage|p2a: Scizor|0 fnt\n|faint|p2a: Scizor\n|\n|upkeep\n|\n|t:|1699409799\n|switch|p2a: Rotom|Rotom-Heat|100\/100\n|turn|4\n|inactive|DinsFire01 has 270 seconds left.\n|\n|t:|1699409805\n|switch|p1a: mother|Tapu Fini, tera:Dragon|89\/100\n|move|p2a: Rotom|Volt Switch|p1a: mother\n|-resisted|p1a: mother\n|-damage|p1a: mother|79\/100\n|j| Czar_agon\n|inactive|Factor64 has 270 seconds left.\n|\n|t:|1699409834\n|switch|p2a: Tyranitar|Tyranitar, M|100\/100|[from] Volt Switch\n|-weather|Sandstorm|[from] ability: Sand Stream|[of] p2a: Tyranitar\n|\n|-weather|Sandstorm|[upkeep]\n|-damage|p1a: mother|73\/100|[from] Sandstorm\n|-heal|p1a: mother|79\/100|[from] item: Leftovers\n|upkeep\n|turn|5\n|l| Demolution545\n|inactive|DinsFire01 has 270 seconds left.\n|\n|t:|1699409857\n|move|p1a: mother|Knock Off|p2a: Tyranitar\n|-resisted|p2a: Tyranitar\n|-damage|p2a: Tyranitar|94\/100\n|-enditem|p2a: Tyranitar|Choice Band|[from] move: Knock Off|[of] p1a: mother\n|move|p2a: Tyranitar|Ice Punch|p1a: mother\n|-supereffective|p1a: mother\n|-damage|p1a: mother|41\/100\n|\n|-weather|Sandstorm|[upkeep]\n|-damage|p1a: mother|35\/100|[from] Sandstorm\n|-heal|p1a: mother|41\/100|[from] item: Leftovers\n|-fieldend|Misty Terrain\n|upkeep\n|turn|6\n|inactive|DinsFire01 has 270 seconds left.\n|inactive|Factor64 has 270 seconds left.\n|\n|t:|1699409879\n|switch|p1a: Hydrogen Bomb|Gholdengo|100\/100\n|move|p2a: Tyranitar|Ice Punch|p1a: Hydrogen Bomb\n|-resisted|p1a: Hydrogen Bomb\n|-damage|p1a: Hydrogen Bomb|86\/100\n|\n|-weather|Sandstorm|[upkeep]\n|upkeep\n|turn|7\n|\n|t:|1699409890\n|switch|p2a: Rotom|Rotom-Heat|100\/100\n|move|p1a: Hydrogen Bomb|Nasty Plot|p1a: Hydrogen Bomb\n|-boost|p1a: Hydrogen Bomb|spa|2\n|\n|-weather|Sandstorm|[upkeep]\n|-damage|p2a: Rotom|94\/100|[from] Sandstorm\n|upkeep\n|turn|8\n|c| Lunar Sloth|who faster....\n|inactive|DinsFire01 has 240 seconds left.\n|\n|t:|1699409921\n|switch|p1a: daughter|Latias, F, shiny|100\/100\n|move|p2a: Rotom|Overheat|p1a: daughter\n|-resisted|p1a: daughter\n|-damage|p1a: daughter|80\/100\n|-unboost|p2a: Rotom|spa|2\n|\n|-weather|none\n|-heal|p1a: daughter|86\/100|[from] item: Leftovers\n|upkeep\n|turn|9\n|inactive|DinsFire01 has 240 seconds left.\n|\n|t:|1699409930\n|move|p1a: daughter|Calm Mind|p1a: daughter\n|-boost|p1a: daughter|spa|1\n|-boost|p1a: daughter|spd|1\n|move|p2a: Rotom|Volt Switch|p1a: daughter\n|-resisted|p1a: daughter\n|-damage|p1a: daughter|82\/100\n|\n|t:|1699409940\n|switch|p2a: Tyranitar|Tyranitar, M|94\/100|[from] Volt Switch\n|-weather|Sandstorm|[from] ability: Sand Stream|[of] p2a: Tyranitar\n|\n|-weather|Sandstorm|[upkeep]\n|-damage|p1a: daughter|76\/100|[from] Sandstorm\n|-heal|p1a: daughter|82\/100|[from] item: Leftovers\n|upkeep\n|turn|10\n|inactive|DinsFire01 has 240 seconds left.\n|inactive|Factor64 has 270 seconds left.\n|inactive|DinsFire01 has 210 seconds left.\n|\n|t:|1699409996\n|-terastallize|p2a: Tyranitar|Ghost\n|move|p1a: daughter|Aura Sphere|p2a: Tyranitar\n|-immune|p2a: Tyranitar\n|move|p2a: Tyranitar|Ice Punch|p1a: daughter\n|-supereffective|p1a: daughter\n|-damage|p1a: daughter|8\/100\n|\n|-weather|Sandstorm|[upkeep]\n|-damage|p1a: daughter|2\/100|[from] Sandstorm\n|-damage|p2a: Tyranitar|88\/100|[from] Sandstorm\n|-heal|p1a: daughter|8\/100|[from] item: Leftovers\n|upkeep\n|turn|11\n|inactive|Factor64 has 270 seconds left.\n|\n|t:|1699410021\n|move|p1a: daughter|Psyshock|p2a: Tyranitar\n|-damage|p2a: Tyranitar|41\/100\n|move|p2a: Tyranitar|Pursuit|p1a: daughter\n|-supereffective|p1a: daughter\n|-damage|p1a: daughter|0 fnt\n|faint|p1a: daughter\n|\n|-weather|Sandstorm|[upkeep]\n|-damage|p2a: Tyranitar|35\/100|[from] Sandstorm\n|upkeep\n|\n|t:|1699410024\n|switch|p1a: Hydrogen Bomb|Gholdengo|86\/100\n|turn|12\n|inactive|Factor64 has 270 seconds left.\n|\n|t:|1699410035\n|switch|p2a: Rotom|Rotom-Heat|94\/100\n|move|p1a: Hydrogen Bomb|Shadow Ball|p2a: Rotom\n|-damage|p2a: Rotom|47\/100\n|\n|-weather|Sandstorm|[upkeep]\n|-damage|p2a: Rotom|41\/100|[from] Sandstorm\n|upkeep\n|turn|13\n|inactive|Factor64 has 270 seconds left.\n|\n|t:|1699410051\n|switch|p1a: mother|Tapu Fini, tera:Dragon|41\/100\n|-fieldstart|move: Misty Terrain|[from] ability: Misty Surge|[of] p1a: mother\n|move|p2a: Rotom|Overheat|p1a: mother\n|-resisted|p1a: mother\n|-damage|p1a: mother|22\/100\n|-unboost|p2a: Rotom|spa|2\n|\n|-weather|none\n|-heal|p1a: mother|28\/100|[from] item: Leftovers\n|upkeep\n|turn|14\n|\n|t:|1699410062\n|move|p2a: Rotom|Volt Switch|p1a: mother\n|-resisted|p1a: mother\n|-damage|p1a: mother|23\/100\n|inactive|Factor64 has 270 seconds left.\n|\n|t:|1699410089\n|switch|p2a: Tyranitar|Tyranitar, M, tera:Ghost|35\/100|[from] Volt Switch\n|-weather|Sandstorm|[from] ability: Sand Stream|[of] p2a: Tyranitar\n|move|p1a: mother|Knock Off|p2a: Tyranitar\n|-supereffective|p2a: Tyranitar\n|-damage|p2a: Tyranitar|17\/100\n|\n|-weather|Sandstorm|[upkeep]\n|-damage|p1a: mother|17\/100|[from] Sandstorm\n|-damage|p2a: Tyranitar|11\/100|[from] Sandstorm\n|-heal|p1a: mother|23\/100|[from] item: Leftovers\n|upkeep\n|turn|15\n|l| Czar_agon\n|inactive|DinsFire01 has 180 seconds left.\n|inactive|Factor64 has 240 seconds left.\n|\n|t:|1699410144\n|move|p1a: mother|Moonblast|p2a: Tyranitar\n|-damage|p2a: Tyranitar|0 fnt\n|faint|p2a: Tyranitar\n|\n|-weather|Sandstorm|[upkeep]\n|-damage|p1a: mother|17\/100|[from] Sandstorm\n|-heal|p1a: mother|23\/100|[from] item: Leftovers\n|upkeep\n|\n|t:|1699410146\n|switch|p2a: Excadrill|Excadrill, M|100\/100\n|turn|16\n|inactive|DinsFire01 has 150 seconds left.\n|\n|t:|1699410171\n|move|p2a: Excadrill|Earthquake|p1a: mother\n|-damage|p1a: mother|0 fnt\n|faint|p1a: mother\n|\n|-weather|Sandstorm|[upkeep]\n|upkeep\n|\n|t:|1699410174\n|switch|p1a: glizzy|Gliscor, F, shiny|100\/100\n|turn|17\n|\n|t:|1699410183\n|switch|p2a: Minior|Minior-Indigo, shiny|100\/100\n|-formechange|p2a: Minior|Minior-Meteor||[from] ability: Shields Down\n|move|p1a: glizzy|Roost||[still]\n|-fail|p1a: glizzy|heal\n|\n|-weather|Sandstorm|[upkeep]\n|-fieldend|Misty Terrain\n|-status|p1a: glizzy|tox|[from] item: Toxic Orb\n|upkeep\n|turn|18\n|\n|t:|1699410194\n|move|p1a: glizzy|Spikes|p2a: Minior\n|-sidestart|p2: Factor64|Spikes\n|move|p2a: Minior|Shell Smash|p2a: Minior\n|-unboost|p2a: Minior|def|1\n|-unboost|p2a: Minior|spd|1\n|-boost|p2a: Minior|atk|2\n|-boost|p2a: Minior|spa|2\n|-boost|p2a: Minior|spe|2\n|-enditem|p2a: Minior|White Herb\n|-clearnegativeboost|p2a: Minior|[silent]\n|\n|-weather|none\n|upkeep\n|turn|19\n|\n|t:|1699410209\n|move|p2a: Minior|Substitute|p2a: Minior\n|-start|p2a: Minior|Substitute\n|-damage|p2a: Minior|76\/100\n|move|p1a: glizzy|Spikes|p2a: Minior\n|-sidestart|p2: Factor64|Spikes\n|\n|upkeep\n|turn|20\n|inactive|Factor64 has 270 seconds left.\n|\n|t:|1699410217\n|move|p2a: Minior|Shell Smash|p2a: Minior\n|-unboost|p2a: Minior|def|1\n|-unboost|p2a: Minior|spd|1\n|-boost|p2a: Minior|atk|2\n|-boost|p2a: Minior|spa|2\n|-boost|p2a: Minior|spe|2\n|move|p1a: glizzy|U-turn|p2a: Minior\n|-resisted|p2a: Minior\n|-activate|p2a: Minior|move: Substitute|[damage]\n|c| Lunar Sloth|oh dear\n|\n|t:|1699410222\n|switch|p1a: >:3|Arcanine-Hisui, F, shiny|100\/100|[from] U-turn\n|\n|upkeep\n|turn|21\n|\n|t:|1699410227\n|move|p1a: >:3|Extreme Speed|p2a: Minior\n|-resisted|p2a: Minior\n|-end|p2a: Minior|Substitute\n|move|p2a: Minior|Earthquake|p1a: >:3\n|-supereffective|p1a: >:3\n|-damage|p1a: >:3|0 fnt\n|faint|p1a: >:3\n|\n|upkeep\n|inactive|DinsFire01 has 150 seconds left.\n|\n|t:|1699410264\n|switch|p1a: Hydrogen Bomb|Gholdengo|86\/100\n|turn|22\n|\n|t:|1699410269\n|move|p2a: Minior|Substitute|p2a: Minior\n|-start|p2a: Minior|Substitute\n|-damage|p2a: Minior|51\/100\n|move|p1a: Hydrogen Bomb|Make It Rain|p2a: Minior\n|-supereffective|p2a: Minior\n|-end|p2a: Minior|Substitute\n|-unboost|p1a: Hydrogen Bomb|spa|1\n|\n|upkeep\n|turn|23\n|inactive|DinsFire01 has 150 seconds left.\n|\n|t:|1699410280\n|move|p2a: Minior|Substitute|p2a: Minior\n|-start|p2a: Minior|Substitute\n|-damage|p2a: Minior|26\/100\n|move|p1a: Hydrogen Bomb|Make It Rain|p2a: Minior\n|-supereffective|p2a: Minior\n|-end|p2a: Minior|Substitute\n|-unboost|p1a: Hydrogen Bomb|spa|1\n|\n|-formechange|p2a: Minior|Minior-Indigo||[from] ability: Shields Down\n|upkeep\n|turn|24\n|inactive|DinsFire01 has 150 seconds left.\n|\n|t:|1699410291\n|switch|p1a: glizzy|Gliscor, F, shiny|100\/100 tox\n|move|p2a: Minior|Earthquake|p1a: glizzy\n|-immune|p1a: glizzy\n|\n|upkeep\n|turn|25\n|\n|t:|1699410299\n|move|p2a: Minior|Acrobatics|p1a: glizzy\n|-damage|p1a: glizzy|6\/100 tox\n|move|p1a: glizzy|Roost|p1a: glizzy\n|-heal|p1a: glizzy|56\/100 tox\n|-singleturn|p1a: glizzy|move: Roost\n|\n|-heal|p1a: glizzy|68\/100 tox|[from] ability: Poison Heal\n|upkeep\n|turn|26\n|\n|t:|1699410309\n|move|p2a: Minior|Acrobatics|p1a: glizzy\n|-damage|p1a: glizzy|0 fnt\n|faint|p1a: glizzy\n|\n|upkeep\n|\n|t:|1699410314\n|switch|p1a: dat boi|Heliolisk, F, shiny|100\/100\n|turn|27\n|\n|t:|1699410318\n|move|p2a: Minior|Earthquake|p1a: dat boi\n|-supereffective|p1a: dat boi\n|-damage|p1a: dat boi|0 fnt\n|faint|p1a: dat boi\n|\n|upkeep\n|\n|t:|1699410321\n|switch|p1a: Hydrogen Bomb|Gholdengo|86\/100\n|turn|28\n|\n|t:|1699410324\n|move|p2a: Minior|Earthquake|p1a: Hydrogen Bomb\n|-supereffective|p1a: Hydrogen Bomb\n|-damage|p1a: Hydrogen Bomb|0 fnt\n|faint|p1a: Hydrogen Bomb\n|\n|win|Factor64\n|c|\u2606DinsFire01|gg\n|c|\u2606Factor64|gg\n|l|\u2606DinsFire01\n|j| MiniBearGrahams\n|j| Czar_agon\n","uploadtime":1699410370,"views":28,"p1id":"dinsfire01","p2id":"factor64","formatid":"gen9nationaldexubers","rating":0,"private":0,"password":""}