{"id":"gen9nationaldexubers-2000244721","p1":"FenixFyre04","p2":"Soyeon is a cutie","format":"[Gen 9] National Dex Ubers","log":"|j|\u2606FenixFyre04\n|j|\u2606Soyeon is a cutie\n|t:|1701176901\n|gametype|singles\n|player|p1|FenixFyre04|steven|1655\n|player|p2|Soyeon is a cutie|idol|1787\n|teamsize|p1|6\n|teamsize|p2|6\n|gen|9\n|tier|[Gen 9] National Dex Ubers\n|rated|\n|rule|HP Percentage Mod: HP is shown in percentages\n|rule|Endless Battle Clause: Forcing endless battles is banned\n|rule|OHKO Clause: OHKO moves are banned\n|rule|Evasion Moves Clause: Evasion moves are banned\n|rule|Evasion Items Clause: Evasion items are banned\n|rule|Species Clause: Limit one of each Pok\u00e9mon\n|rule|Sleep Clause Mod: Limit one foe put to sleep\n|rule|Mega Rayquaza Clause: You cannot mega evolve Rayquaza\n|clearpoke\n|poke|p1|Kleavor, M|\n|poke|p1|Ho-Oh|\n|poke|p1|Banette, F|\n|poke|p1|Necrozma-Dusk-Mane|\n|poke|p1|Groudon|\n|poke|p1|Arceus-Dark|\n|poke|p2|Ditto|\n|poke|p2|Urshifu-*, M|\n|poke|p2|Kingambit, M|\n|poke|p2|Necrozma-Dusk-Mane|\n|poke|p2|Skeledirge, F|\n|poke|p2|Arceus-Ground|\n|teampreview\n|inactive|Battle timer is ON: inactive players will automatically lose when time's up. (requested by FenixFyre04)\n|inactive|Soyeon is a cutie also wants the timer to be on.\n|\n|t:|1701176924\n|start\n|switch|p1a: Arceus|Arceus-Dark|100\/100\n|switch|p2a: Necrozma|Necrozma-Dusk-Mane|100\/100\n|turn|1\n|\n|t:|1701176953\n|move|p1a: Arceus|Taunt|p2a: Necrozma\n|-start|p2a: Necrozma|move: Taunt\n|cant|p2a: Necrozma|move: Taunt|Stealth Rock\n|\n|upkeep\n|turn|2\n|\n|t:|1701176957\n|switch|p2a: Arceus|Arceus-Ground|100\/100\n|move|p1a: Arceus|Calm Mind|p1a: Arceus\n|-boost|p1a: Arceus|spa|1\n|-boost|p1a: Arceus|spd|1\n|\n|upkeep\n|turn|3\n|\n|t:|1701176961\n|move|p1a: Arceus|Taunt|p2a: Arceus\n|-start|p2a: Arceus|move: Taunt\n|cant|p2a: Arceus|move: Taunt|Toxic\n|\n|upkeep\n|turn|4\n|\n|t:|1701176965\n|switch|p2a: Kingambit|Kingambit, M, shiny|100\/100\n|move|p1a: Arceus|Calm Mind|p1a: Arceus\n|-boost|p1a: Arceus|spa|1\n|-boost|p1a: Arceus|spd|1\n|\n|upkeep\n|turn|5\n|\n|t:|1701176976\n|move|p1a: Arceus|Judgment|p2a: Kingambit\n|-resisted|p2a: Kingambit\n|-damage|p2a: Kingambit|55\/100\n|move|p2a: Kingambit|Swords Dance|p2a: Kingambit\n|-boost|p2a: Kingambit|atk|2\n|\n|upkeep\n|turn|6\n|\n|t:|1701176983\n|move|p1a: Arceus|Judgment|p2a: Kingambit\n|-resisted|p2a: Kingambit\n|-damage|p2a: Kingambit|11\/100\n|move|p2a: Kingambit|Iron Head|p1a: Arceus\n|-damage|p1a: Arceus|45\/100\n|\n|upkeep\n|turn|7\n|\n|t:|1701176991\n|move|p1a: Arceus|Recover|p1a: Arceus\n|-heal|p1a: Arceus|95\/100\n|move|p2a: Kingambit|Iron Head|p1a: Arceus\n|-damage|p1a: Arceus|36\/100\n|\n|upkeep\n|turn|8\n|\n|t:|1701177003\n|move|p1a: Arceus|Judgment|p2a: Kingambit\n|-resisted|p2a: Kingambit\n|-damage|p2a: Kingambit|0 fnt\n|faint|p2a: Kingambit\n|-end|p2a: Kingambit|fallenundefined|[silent]\n|\n|upkeep\n|\n|t:|1701177015\n|switch|p2a: Urshifu|Urshifu, M|100\/100\n|turn|9\n|\n|t:|1701177027\n|-terastallize|p1a: Arceus|Fairy\n|move|p1a: Arceus|Recover|p1a: Arceus\n|-heal|p1a: Arceus|86\/100\n|move|p2a: Urshifu|Low Kick|p1a: Arceus\n|-resisted|p1a: Arceus\n|-damage|p1a: Arceus|59\/100\n|-damage|p2a: Urshifu|91\/100|[from] item: Life Orb\n|\n|upkeep\n|turn|10\n|\n|t:|1701177034\n|move|p1a: Arceus|Judgment|p2a: Urshifu\n|-resisted|p2a: Urshifu\n|-damage|p2a: Urshifu|57\/100\n|move|p2a: Urshifu|Iron Head|p1a: Arceus\n|-supereffective|p1a: Arceus\n|-damage|p1a: Arceus|8\/100\n|-damage|p2a: Urshifu|47\/100|[from] item: Life Orb\n|\n|upkeep\n|turn|11\n|\n|t:|1701177038\n|move|p1a: Arceus|Recover|p1a: Arceus\n|-heal|p1a: Arceus|58\/100\n|move|p2a: Urshifu|Iron Head|p1a: Arceus\n|-supereffective|p1a: Arceus\n|-damage|p1a: Arceus|11\/100\n|-damage|p2a: Urshifu|37\/100|[from] item: Life Orb\n|\n|upkeep\n|turn|12\n|\n|t:|1701177045\n|move|p1a: Arceus|Recover|p1a: Arceus\n|-heal|p1a: Arceus|61\/100\n|move|p2a: Urshifu|Iron Head|p1a: Arceus\n|-supereffective|p1a: Arceus\n|-damage|p1a: Arceus|17\/100\n|-damage|p2a: Urshifu|27\/100|[from] item: Life Orb\n|\n|upkeep\n|turn|13\n|\n|t:|1701177050\n|-terastallize|p2a: Urshifu|Steel\n|move|p1a: Arceus|Recover|p1a: Arceus\n|-heal|p1a: Arceus|67\/100\n|move|p2a: Urshifu|Iron Head|p1a: Arceus\n|-supereffective|p1a: Arceus\n|-damage|p1a: Arceus|0 fnt\n|faint|p1a: Arceus\n|-damage|p2a: Urshifu|18\/100|[from] item: Life Orb\n|\n|upkeep\n|\n|t:|1701177059\n|switch|p1a: Necrozma|Necrozma-Dusk-Mane|100\/100\n|turn|14\n|\n|t:|1701177062\n|move|p2a: Urshifu|Sucker Punch||[still]\n|-fail|p2a: Urshifu\n|move|p1a: Necrozma|Dragon Dance|p1a: Necrozma\n|-boost|p1a: Necrozma|atk|1\n|-boost|p1a: Necrozma|spe|1\n|\n|upkeep\n|turn|15\n|\n|t:|1701177071\n|move|p2a: Urshifu|Sucker Punch||[still]\n|-fail|p2a: Urshifu\n|move|p1a: Necrozma|Dragon Dance|p1a: Necrozma\n|-boost|p1a: Necrozma|atk|1\n|-boost|p1a: Necrozma|spe|1\n|\n|upkeep\n|turn|16\n|\n|t:|1701177076\n|move|p2a: Urshifu|Sucker Punch|p1a: Necrozma\n|-supereffective|p1a: Necrozma\n|-damage|p1a: Necrozma|46\/100\n|-damage|p2a: Urshifu|8\/100|[from] item: Life Orb\n|move|p1a: Necrozma|Sunsteel Strike|p2a: Urshifu\n|-resisted|p2a: Urshifu\n|-damage|p2a: Urshifu|0 fnt\n|faint|p2a: Urshifu\n|\n|upkeep\n|\n|t:|1701177080\n|switch|p2a: Ditto|Ditto, shiny|100\/100\n|-transform|p2a: Ditto|p1a: Necrozma|[from] ability: Imposter\n|turn|17\n|\n|t:|1701177089\n|switch|p2a: Skeledirge|Skeledirge, F|100\/100\n|detailschange|p1a: Necrozma|Necrozma-Ultra\n|-burst|p1a: Necrozma|Necrozma|Ultranecrozium Z\n|move|p1a: Necrozma|Earthquake|p2a: Skeledirge\n|-supereffective|p2a: Skeledirge\n|-damage|p2a: Skeledirge|13\/100\n|\n|upkeep\n|turn|18\n|\n|t:|1701177095\n|move|p1a: Necrozma|Photon Geyser|p2a: Skeledirge\n|-damage|p2a: Skeledirge|0 fnt\n|faint|p2a: Skeledirge\n|\n|upkeep\n|\n|t:|1701177097\n|switch|p2a: Ditto|Ditto, shiny|100\/100\n|-transform|p2a: Ditto|p1a: Necrozma|[from] ability: Imposter\n|turn|19\n|\n|t:|1701177103\n|switch|p1a: Kleavor|Kleavor, M|100\/100\n|move|p2a: Ditto|Photon Geyser|p1a: Kleavor\n|-damage|p1a: Kleavor|0 fnt\n|faint|p1a: Kleavor\n|\n|upkeep\n|\n|t:|1701177106\n|switch|p1a: Banette|Banette, F|100\/100\n|-item|p2a: Ditto|Choice Scarf|[from] ability: Frisk|[of] p1a: Banette|[identify]\n|turn|20\n|\n|t:|1701177133\n|detailschange|p1a: Banette|Banette-Mega, F\n|-mega|p1a: Banette|Banette|Banettite\n|move|p1a: Banette|Destiny Bond|p1a: Banette\n|-singlemove|p1a: Banette|Destiny Bond\n|move|p2a: Ditto|Photon Geyser|p1a: Banette\n|-damage|p1a: Banette|0 fnt\n|faint|p1a: Banette\n|-activate|p1a: Banette|move: Destiny Bond\n|faint|p2a: Ditto\n|\n|upkeep\n|\n|t:|1701177144\n|switch|p1a: Necrozma|Necrozma-Ultra|46\/100\n|switch|p2a: Necrozma|Necrozma-Dusk-Mane|100\/100\n|turn|21\n|\n|t:|1701177150\n|detailschange|p2a: Necrozma|Necrozma-Ultra\n|-burst|p2a: Necrozma|Necrozma|Ultranecrozium Z\n|move|p2a: Necrozma|Dragon Pulse|p1a: Necrozma\n|-supereffective|p1a: Necrozma\n|-damage|p1a: Necrozma|0 fnt\n|faint|p1a: Necrozma\n|\n|upkeep\n|\n|t:|1701177160\n|switch|p1a: Groudon|Groudon, shiny|100\/100\n|detailschange|p1a: Groudon|Groudon-Primal, shiny\n|-primal|p1a: Groudon|Red Orb\n|-weather|DesolateLand|[from] ability: Desolate Land|[of] p1a: Groudon\n|turn|22\n|\n|t:|1701177175\n|move|p2a: Necrozma|Earth Power|p1a: Groudon\n|-supereffective|p1a: Groudon\n|-damage|p1a: Groudon|5\/100\n|move|p1a: Groudon|Rock Polish|p1a: Groudon\n|-boost|p1a: Groudon|spe|2\n|\n|-weather|DesolateLand|[upkeep]\n|upkeep\n|turn|23\n|\n|t:|1701177179\n|move|p1a: Groudon|Precipice Blades|p2a: Necrozma|[miss]\n|-miss|p1a: Groudon|p2a: Necrozma\n|move|p2a: Necrozma|Photon Geyser|p1a: Groudon\n|-damage|p1a: Groudon|0 fnt\n|faint|p1a: Groudon\n|-weather|none\n|\n|upkeep\n|\n|t:|1701177182\n|switch|p1a: Ho-Oh|Ho-Oh, shiny|100\/100\n|turn|24\n|\n|t:|1701177184\n|-zpower|p2a: Necrozma\n|move|p2a: Necrozma|Light That Burns the Sky|p1a: Ho-Oh|[zeffect]\n|-damage|p1a: Ho-Oh|33\/100\n|move|p1a: Ho-Oh|Toxic|p2a: Necrozma\n|-status|p2a: Necrozma|tox\n|\n|-damage|p2a: Necrozma|94\/100 tox|[from] psn\n|upkeep\n|turn|25\n|\n|t:|1701177188\n|move|p2a: Necrozma|Photon Geyser|p1a: Ho-Oh\n|-damage|p1a: Ho-Oh|1\/100\n|move|p1a: Ho-Oh|Sacred Fire|p2a: Necrozma\n|-resisted|p2a: Necrozma\n|-damage|p2a: Necrozma|71\/100 tox\n|\n|-damage|p2a: Necrozma|59\/100 tox|[from] psn\n|upkeep\n|turn|26\n|\n|t:|1701177190\n|move|p2a: Necrozma|Photon Geyser|p1a: Ho-Oh\n|-damage|p1a: Ho-Oh|0 fnt\n|faint|p1a: Ho-Oh\n|\n|win|Soyeon is a cutie\n|raw|FenixFyre04's rating: 1655 &rarr; <strong>1642<\/strong><br \/>(-13 for losing)\n|raw|Soyeon is a cutie's rating: 1787 &rarr; <strong>1800<\/strong><br \/>(+13 for winning)\n","uploadtime":1701177202,"views":2,"p1id":"fenixfyre04","p2id":"soyeonisacutie","formatid":"gen9nationaldexubers","rating":1642,"private":0,"password":""}