{"id":"gen9nationaldexubers-1999864816","p1":"NerdsJV","p2":"c9 Meehe","format":"[Gen 9] National Dex Ubers","log":"|j|\u2606NerdsJV\n|j|\u2606c9 Meehe\n|t:|1701124131\n|gametype|singles\n|player|p1|NerdsJV|marnie|\n|player|p2|c9 Meehe|smasher|\n|teamsize|p1|6\n|teamsize|p2|6\n|gen|9\n|tier|[Gen 9] National Dex Ubers\n|rule|HP Percentage Mod: HP is shown in percentages\n|rule|Endless Battle Clause: Forcing endless battles is banned\n|rule|OHKO Clause: OHKO moves are banned\n|rule|Evasion Moves Clause: Evasion moves are banned\n|rule|Evasion Items Clause: Evasion items are banned\n|rule|Species Clause: Limit one of each Pok\u00e9mon\n|rule|Sleep Clause Mod: Limit one foe put to sleep\n|rule|Mega Rayquaza Clause: You cannot mega evolve Rayquaza\n|clearpoke\n|poke|p1|Growlithe, L20, F|\n|poke|p1|Kadabra, L20, F|\n|poke|p1|Grimer-Alola, L20, F|\n|poke|p1|Togetic, L20, M|\n|poke|p1|Pikachu, L20, M|\n|poke|p1|Sprigatito, L20, M|\n|poke|p2|Combusken, L20, F|\n|poke|p2|Furfrou-Debutante, L20, M|\n|poke|p2|Bagon, L20, M|\n|poke|p2|Pikachu, L20, F|\n|poke|p2|Grimer-Alola, L20, M|\n|poke|p2|Clamperl, L20, F|\n|teampreview\n|\n|t:|1701124149\n|start\n|switch|p1a: Smudge|Grimer-Alola, L20, F|100\/100\n|switch|p2a: puro.roxo|Bagon, L20, M|100\/100\n|turn|1\n|\n|t:|1701124156\n|move|p2a: puro.roxo|Dragon Claw|p1a: Smudge\n|-damage|p1a: Smudge|68\/100\n|move|p1a: Smudge|Knock Off|p2a: puro.roxo\n|-damage|p2a: puro.roxo|7\/100\n|-enditem|p2a: puro.roxo|Focus Sash|[from] move: Knock Off|[of] p1a: Smudge\n|\n|upkeep\n|turn|2\n|\n|t:|1701124161\n|move|p2a: puro.roxo|Dragon Claw|p1a: Smudge\n|-damage|p1a: Smudge|33\/100\n|move|p1a: Smudge|Drain Punch|p2a: puro.roxo\n|-damage|p2a: puro.roxo|0 fnt\n|-heal|p1a: Smudge|36\/100|[from] drain|[of] p2a: puro.roxo\n|faint|p2a: puro.roxo\n|\n|upkeep\n|\n|t:|1701124180\n|switch|p2a: pepita|Pikachu, L20, F|100\/100\n|turn|3\n|\n|t:|1701124198\n|switch|p1a: Pikachu|Pikachu, L20, M|100\/100\n|move|p2a: pepita|Fake Out|p1a: Pikachu\n|-damage|p1a: Pikachu|58\/100\n|\n|upkeep\n|turn|4\n|\n|t:|1701124219\n|move|p2a: pepita|Surf|p1a: Pikachu\n|-damage|p1a: Pikachu|0 fnt\n|faint|p1a: Pikachu\n|\n|upkeep\n|\n|t:|1701124224\n|switch|p1a: Heimer|Kadabra, L20, F|100\/100\n|turn|5\n|\n|t:|1701124227\n|move|p1a: Heimer|Psychic|p2a: pepita\n|-damage|p2a: pepita|0 fnt\n|faint|p2a: pepita\n|\n|upkeep\n|\n|t:|1701124231\n|switch|p2a: palmeiras|Grimer-Alola, L20, M|100\/100\n|turn|6\n|\n|t:|1701124239\n|switch|p1a: Let\u00edcia|Growlithe, L20, F|100\/100\n|-ability|p1a: Let\u00edcia|Intimidate|boost\n|-unboost|p2a: palmeiras|atk|1\n|move|p2a: palmeiras|Gunk Shot|p1a: Let\u00edcia\n|-damage|p1a: Let\u00edcia|62\/100\n|-status|p1a: Let\u00edcia|psn\n|\n|-damage|p1a: Let\u00edcia|50\/100 psn|[from] psn\n|upkeep\n|turn|7\n|\n|t:|1701124249\n|move|p1a: Let\u00edcia|Will-O-Wisp|p2a: palmeiras|[miss]\n|-miss|p1a: Let\u00edcia|p2a: palmeiras\n|move|p2a: palmeiras|Drain Punch|p1a: Let\u00edcia\n|-damage|p1a: Let\u00edcia|33\/100 psn\n|\n|-damage|p1a: Let\u00edcia|21\/100 psn|[from] psn\n|upkeep\n|turn|8\n|\n|t:|1701124260\n|switch|p2a: p\u00e9rola|Clamperl, L20, F|100\/100\n|move|p1a: Let\u00edcia|Morning Sun|p1a: Let\u00edcia\n|-heal|p1a: Let\u00edcia|71\/100 psn\n|\n|-damage|p1a: Let\u00edcia|60\/100 psn|[from] psn\n|upkeep\n|turn|9\n|\n|t:|1701124265\n|move|p1a: Let\u00edcia|Wild Charge|p2a: p\u00e9rola\n|-supereffective|p2a: p\u00e9rola\n|-crit|p2a: p\u00e9rola\n|-damage|p2a: p\u00e9rola|0 fnt\n|faint|p2a: p\u00e9rola\n|-damage|p1a: Let\u00edcia|39\/100 psn|[from] Recoil\n|\n|-damage|p1a: Let\u00edcia|28\/100 psn|[from] psn\n|upkeep\n|c|\u2606c9 Meehe|banda dejavu so as melhores\n|\n|t:|1701124294\n|switch|p2a: palmeiras|Grimer-Alola, L20, M|100\/100\n|turn|10\n|\n|t:|1701124303\n|move|p1a: Let\u00edcia|Morning Sun|p1a: Let\u00edcia\n|-heal|p1a: Let\u00edcia|78\/100 psn\n|move|p2a: palmeiras|Knock Off|p1a: Let\u00edcia\n|-damage|p1a: Let\u00edcia|30\/100 psn\n|-enditem|p1a: Let\u00edcia|Eviolite|[from] move: Knock Off|[of] p2a: palmeiras\n|\n|-damage|p1a: Let\u00edcia|18\/100 psn|[from] psn\n|upkeep\n|turn|11\n|\n|t:|1701124309\n|move|p2a: palmeiras|Shadow Sneak|p1a: Let\u00edcia\n|-damage|p1a: Let\u00edcia|0 fnt\n|faint|p1a: Let\u00edcia\n|\n|upkeep\n|\n|t:|1701124315\n|switch|p1a: Smudge|Grimer-Alola, L20, F|36\/100\n|turn|12\n|\n|t:|1701124320\n|move|p1a: Smudge|Drain Punch|p2a: palmeiras\n|-damage|p2a: palmeiras|77\/100\n|-heal|p1a: Smudge|50\/100|[from] drain|[of] p2a: palmeiras\n|move|p2a: palmeiras|Drain Punch|p1a: Smudge\n|-damage|p1a: Smudge|28\/100\n|-heal|p2a: palmeiras|87\/100|[from] drain|[of] p1a: Smudge\n|\n|upkeep\n|turn|13\n|\n|t:|1701124330\n|move|p1a: Smudge|Knock Off|p2a: palmeiras\n|-resisted|p2a: palmeiras\n|-damage|p2a: palmeiras|67\/100\n|-enditem|p2a: palmeiras|Eviolite|[from] move: Knock Off|[of] p1a: Smudge\n|move|p2a: palmeiras|Knock Off|p1a: Smudge\n|-resisted|p1a: Smudge\n|-damage|p1a: Smudge|6\/100\n|-enditem|p1a: Smudge|Eviolite|[from] move: Knock Off|[of] p2a: palmeiras\n|\n|upkeep\n|turn|14\n|\n|t:|1701124336\n|move|p2a: palmeiras|Shadow Sneak|p1a: Smudge\n|-resisted|p1a: Smudge\n|-damage|p1a: Smudge|0 fnt\n|faint|p1a: Smudge\n|\n|upkeep\n|c|\u2606c9 Meehe|para de me imitar fio\n|\n|t:|1701124352\n|switch|p1a: Heimer|Kadabra, L20, F|100\/100\n|turn|15\n|\n|t:|1701124370\n|move|p1a: Heimer|Dazzling Gleam|p2a: palmeiras\n|-damage|p2a: palmeiras|5\/100\n|move|p2a: palmeiras|Knock Off|p1a: Heimer\n|-supereffective|p1a: Heimer\n|-crit|p1a: Heimer\n|-damage|p1a: Heimer|0 fnt\n|-enditem|p1a: Heimer|Choice Specs|[from] move: Knock Off|[of] p2a: palmeiras\n|faint|p1a: Heimer\n|\n|upkeep\n|\n|t:|1701124375\n|switch|p1a: Sprigatito|Sprigatito, L20, M|100\/100\n|turn|16\n|\n|t:|1701124380\n|move|p2a: palmeiras|Shadow Sneak|p1a: Sprigatito\n|-crit|p1a: Sprigatito\n|-damage|p1a: Sprigatito|52\/100\n|-status|p1a: Sprigatito|psn|[from] ability: Poison Touch|[of] p2a: palmeiras\n|move|p1a: Sprigatito|U-turn|p2a: palmeiras\n|-start|p1a: Sprigatito|typechange|Bug|[from] ability: Protean\n|-damage|p2a: palmeiras|0 fnt\n|faint|p2a: palmeiras\n|\n|t:|1701124383\n|switch|p1a: Toguro|Togetic, L20, M|100\/100|[from] U-turn\n|\n|upkeep\n|\n|t:|1701124404\n|switch|p2a: sasha|Furfrou-Debutante, L20, M|100\/100\n|turn|17\n|\n|t:|1701124429\n|move|p2a: sasha|Return|p1a: Toguro\n|-damage|p1a: Toguro|58\/100\n|move|p1a: Toguro|Ancient Power|p2a: sasha\n|-damage|p2a: sasha|84\/100\n|\n|upkeep\n|turn|18\n|\n|t:|1701124439\n|move|p2a: sasha|Return|p1a: Toguro\n|-damage|p1a: Toguro|18\/100\n|move|p1a: Toguro|Morning Sun|p1a: Toguro\n|-heal|p1a: Toguro|68\/100\n|\n|upkeep\n|turn|19\n|\n|t:|1701124447\n|move|p2a: sasha|Return|p1a: Toguro\n|-damage|p1a: Toguro|29\/100\n|move|p1a: Toguro|Morning Sun|p1a: Toguro\n|-heal|p1a: Toguro|79\/100\n|\n|upkeep\n|turn|20\n|\n|t:|1701124457\n|move|p2a: sasha|Return|p1a: Toguro\n|-damage|p1a: Toguro|40\/100\n|move|p1a: Toguro|Ancient Power|p2a: sasha\n|-damage|p2a: sasha|67\/100\n|\n|upkeep\n|turn|21\n|\n|t:|1701124464\n|move|p2a: sasha|Return|p1a: Toguro\n|-damage|p1a: Toguro|0 fnt\n|faint|p1a: Toguro\n|\n|upkeep\n|\n|t:|1701124466\n|switch|p1a: Sprigatito|Sprigatito, L20, M|52\/100 psn\n|turn|22\n|\n|t:|1701124469\n|move|p2a: sasha|Return|p1a: Sprigatito\n|-crit|p1a: Sprigatito\n|-damage|p1a: Sprigatito|0 fnt\n|faint|p1a: Sprigatito\n|\n|win|c9 Meehe\n","uploadtime":1701124477,"views":12,"p1id":"nerdsjv","p2id":"c9meehe","formatid":"gen9nationaldexubers","rating":0,"private":0,"password":""}