{"id":"gen9nationaldexubers-1997713762","p1":"MrBearmanchild","p2":"DthePokeFreak","format":"[Gen 9] National Dex Ubers","log":"|j|\u2606MrBearmanchild\n|j|\u2606DthePokeFreak\n|t:|1700844751\n|gametype|singles\n|player|p1|MrBearmanchild|265|\n|player|p2|DthePokeFreak|veteran|\n|teamsize|p1|6\n|teamsize|p2|6\n|gen|9\n|tier|[Gen 9] National Dex Ubers\n|rule|HP Percentage Mod: HP is shown in percentages\n|rule|Endless Battle Clause: Forcing endless battles is banned\n|rule|OHKO Clause: OHKO moves are banned\n|rule|Evasion Moves Clause: Evasion moves are banned\n|rule|Evasion Items Clause: Evasion items are banned\n|rule|Species Clause: Limit one of each Pok\u00e9mon\n|rule|Sleep Clause Mod: Limit one foe put to sleep\n|rule|Mega Rayquaza Clause: You cannot mega evolve Rayquaza\n|clearpoke\n|poke|p1|Palkia-Origin|\n|poke|p1|Urshifu-*, F|\n|poke|p1|Garchomp, F|\n|poke|p1|Samurott-Hisui, F|\n|poke|p1|Gliscor, M|\n|poke|p1|Torterra, F|\n|poke|p2|Mewtwo|\n|poke|p2|Latios, M|\n|poke|p2|Mew|\n|poke|p2|Dragonite, M|\n|poke|p2|Rotom-Wash|\n|poke|p2|Baxcalibur, M|\n|teampreview\n|inactive|Battle timer is ON: inactive players will automatically lose when time's up. (requested by DthePokeFreak)\n|\n|t:|1700844757\n|start\n|switch|p1a: Samurott|Samurott-Hisui, F|100\/100\n|switch|p2a: Mew|Mew, shiny|100\/100\n|turn|1\n|\n|t:|1700844763\n|move|p1a: Samurott|Ceaseless Edge|p2a: Mew|[miss]\n|-miss|p1a: Samurott|p2a: Mew\n|-zpower|p2a: Mew\n|move|p2a: Mew|Bloom Doom|p1a: Samurott|[zeffect]\n|-supereffective|p1a: Samurott\n|-damage|p1a: Samurott|0 fnt\n|faint|p1a: Samurott\n|\n|upkeep\n|\n|t:|1700844784\n|switch|p1a: Torterra|Torterra, F|100\/100\n|turn|2\n|\n|t:|1700844789\n|move|p2a: Mew|Calm Mind|p2a: Mew\n|-boost|p2a: Mew|spa|1\n|-boost|p2a: Mew|spd|1\n|move|p1a: Torterra|Shell Smash|p1a: Torterra\n|-unboost|p1a: Torterra|def|1\n|-unboost|p1a: Torterra|spd|1\n|-boost|p1a: Torterra|atk|2\n|-boost|p1a: Torterra|spa|2\n|-boost|p1a: Torterra|spe|2\n|\n|upkeep\n|turn|3\n|\n|t:|1700844806\n|move|p1a: Torterra|Bullet Seed|p2a: Mew\n|-damage|p2a: Mew|74\/100\n|-damage|p2a: Mew|49\/100\n|-damage|p2a: Mew|23\/100\n|-damage|p2a: Mew|0 fnt\n|faint|p2a: Mew\n|-hitcount|p2: Mew|4\n|\n|upkeep\n|\n|t:|1700844811\n|switch|p2a: Baxcalibur|Baxcalibur, M, shiny|100\/100\n|turn|4\n|\n|t:|1700844816\n|-terastallize|p1a: Torterra|Steel\n|move|p1a: Torterra|Rock Blast|p2a: Baxcalibur\n|-supereffective|p2a: Baxcalibur\n|-damage|p2a: Baxcalibur|66\/100\n|-supereffective|p2a: Baxcalibur\n|-damage|p2a: Baxcalibur|35\/100\n|-supereffective|p2a: Baxcalibur\n|-damage|p2a: Baxcalibur|2\/100\n|-supereffective|p2a: Baxcalibur\n|-damage|p2a: Baxcalibur|0 fnt\n|faint|p2a: Baxcalibur\n|-hitcount|p2: Baxcalibur|4\n|\n|upkeep\n|\n|t:|1700844822\n|switch|p2a: Dragonite|Dragonite, M, shiny|100\/100\n|turn|5\n|\n|t:|1700844830\n|-terastallize|p2a: Dragonite|Normal\n|move|p1a: Torterra|Rock Blast|p2a: Dragonite\n|-damage|p2a: Dragonite|82\/100\n|-damage|p2a: Dragonite|61\/100\n|-damage|p2a: Dragonite|41\/100\n|-damage|p2a: Dragonite|23\/100\n|-hitcount|p2a: Dragonite|4\n|move|p2a: Dragonite|Dragon Dance|p2a: Dragonite\n|-boost|p2a: Dragonite|atk|1\n|-boost|p2a: Dragonite|spe|1\n|\n|upkeep\n|turn|6\n|\n|t:|1700844843\n|move|p2a: Dragonite|Extreme Speed|p1a: Torterra\n|-resisted|p1a: Torterra\n|-damage|p1a: Torterra|42\/100\n|move|p1a: Torterra|Bullet Seed|p2a: Dragonite\n|-damage|p2a: Dragonite|0 fnt\n|faint|p2a: Dragonite\n|-hitcount|p2: Dragonite|1\n|\n|upkeep\n|\n|t:|1700844856\n|switch|p2a: Latios|Latios, M, shiny|100\/100\n|turn|7\n|\n|t:|1700844860\n|detailschange|p2a: Latios|Latios-Mega, M, shiny\n|-mega|p2a: Latios|Latios|Latiosite\n|move|p1a: Torterra|Synthesis|p1a: Torterra\n|-heal|p1a: Torterra|92\/100\n|move|p2a: Latios|Ice Beam|p1a: Torterra\n|-resisted|p1a: Torterra\n|-damage|p1a: Torterra|60\/100\n|\n|upkeep\n|turn|8\n|\n|t:|1700844869\n|move|p1a: Torterra|Rock Blast|p2a: Latios\n|-damage|p2a: Latios|80\/100\n|-damage|p2a: Latios|60\/100\n|-damage|p2a: Latios|39\/100\n|-damage|p2a: Latios|20\/100\n|-damage|p2a: Latios|0 fnt\n|faint|p2a: Latios\n|-hitcount|p2: Latios|5\n|\n|upkeep\n|\n|t:|1700844872\n|switch|p2a: Rotom|Rotom-Wash, shiny|100\/100\n|turn|9\n|\n|t:|1700844881\n|move|p1a: Torterra|Bullet Seed|p2a: Rotom\n|-supereffective|p2a: Rotom\n|-damage|p2a: Rotom|30\/100\n|-supereffective|p2a: Rotom\n|-damage|p2a: Rotom|0 fnt\n|faint|p2a: Rotom\n|-hitcount|p2: Rotom|2\n|\n|upkeep\n|\n|t:|1700844884\n|switch|p2a: Mewtwo|Mewtwo, shiny|100\/100\n|-ability|p2a: Mewtwo|Pressure\n|turn|10\n|\n|t:|1700844894\n|move|p1a: Torterra|Bullet Seed|p2a: Mewtwo\n|-damage|p2a: Mewtwo|75\/100\n|-damage|p2a: Mewtwo|48\/100\n|-damage|p2a: Mewtwo|21\/100\n|-damage|p2a: Mewtwo|0 fnt\n|faint|p2a: Mewtwo\n|-hitcount|p2: Mewtwo|4\n|\n|win|MrBearmanchild\n","uploadtime":1700844903,"views":2,"p1id":"mrbearmanchild","p2id":"dthepokefreak","formatid":"gen9nationaldexubers","rating":0,"private":0,"password":""}