{"id":"gen9nationaldexubers-1996738726","p1":"OscarToscar","p2":"85792195wwww","format":"[Gen 9] National Dex Ubers","log":"|j|\u2606OscarToscar\n|j|\u260685792195wwww\n|t:|1700717019\n|gametype|singles\n|player|p1|OscarToscar|ash|1506\n|player|p2|85792195wwww|mira|1719\n|teamsize|p1|6\n|teamsize|p2|6\n|gen|9\n|tier|[Gen 9] National Dex Ubers\n|rated|\n|rule|HP Percentage Mod: HP is shown in percentages\n|rule|Endless Battle Clause: Forcing endless battles is banned\n|rule|OHKO Clause: OHKO moves are banned\n|rule|Evasion Moves Clause: Evasion moves are banned\n|rule|Evasion Items Clause: Evasion items are banned\n|rule|Species Clause: Limit one of each Pok\u00e9mon\n|rule|Sleep Clause Mod: Limit one foe put to sleep\n|rule|Mega Rayquaza Clause: You cannot mega evolve Rayquaza\n|clearpoke\n|poke|p1|Arceus|\n|poke|p1|Groudon|\n|poke|p1|Ho-Oh|\n|poke|p1|Chien-Pao|\n|poke|p1|Zygarde|\n|poke|p1|Yveltal|\n|poke|p2|Arceus|\n|poke|p2|Zacian-*|\n|poke|p2|Xerneas-*|\n|poke|p2|Kyogre|\n|poke|p2|Groudon|\n|poke|p2|Deoxys-Speed|\n|teampreview\n|inactive|Battle timer is ON: inactive players will automatically lose when time's up. (requested by OscarToscar)\n|\n|t:|1700717034\n|start\n|switch|p1a: Yveltal|Yveltal|100\/100\n|switch|p2a: Deoxys|Deoxys-Speed|100\/100\n|-ability|p2a: Deoxys|Pressure\n|-ability|p1a: Yveltal|Dark Aura\n|turn|1\n|\n|t:|1700717043\n|move|p2a: Deoxys|Stealth Rock|p1a: Yveltal\n|-sidestart|p1: OscarToscar|move: Stealth Rock\n|move|p1a: Yveltal|U-turn|p2a: Deoxys\n|-supereffective|p2a: Deoxys\n|-damage|p2a: Deoxys|55\/100\n|\n|t:|1700717056\n|switch|p1a: Chien-Pao|Chien-Pao|100\/100|[from] U-turn\n|-damage|p1a: Chien-Pao|76\/100|[from] Stealth Rock\n|-ability|p1a: Chien-Pao|Sword of Ruin\n|\n|upkeep\n|turn|2\n|\n|t:|1700717063\n|switch|p2a: Zacian|Zacian-Crowned|100\/100\n|-ability|p2a: Zacian|Intrepid Sword|boost\n|-boost|p2a: Zacian|atk|1\n|move|p1a: Chien-Pao|Ice Spinner|p2a: Zacian\n|-resisted|p2a: Zacian\n|-damage|p2a: Zacian|68\/100\n|-damage|p1a: Chien-Pao|66\/100|[from] item: Life Orb\n|\n|upkeep\n|turn|3\n|inactive|OscarToscar has 120 seconds left.\n|\n|t:|1700717106\n|move|p1a: Chien-Pao|Sacred Sword|p2a: Zacian\n|-damage|p2a: Zacian|17\/100\n|-damage|p1a: Chien-Pao|56\/100|[from] item: Life Orb\n|move|p2a: Zacian|Swords Dance|p2a: Zacian\n|-boost|p2a: Zacian|atk|2\n|\n|upkeep\n|turn|4\n|\n|t:|1700717114\n|move|p1a: Chien-Pao|Sacred Sword|p2a: Zacian\n|-damage|p2a: Zacian|0 fnt\n|faint|p2a: Zacian\n|-damage|p1a: Chien-Pao|46\/100|[from] item: Life Orb\n|\n|upkeep\n|\n|t:|1700717136\n|switch|p2a: Arceus|Arceus|100\/100\n|turn|5\n|\n|t:|1700717144\n|switch|p1a: Groudon|Groudon|100\/100\n|-damage|p1a: Groudon|94\/100|[from] Stealth Rock\n|detailschange|p1a: Groudon|Groudon-Primal\n|-primal|p1a: Groudon|Red Orb\n|-weather|DesolateLand|[from] ability: Desolate Land|[of] p1a: Groudon\n|move|p2a: Arceus|Extreme Speed|p1a: Groudon\n|-damage|p1a: Groudon|62\/100\n|-damage|p2a: Arceus|91\/100|[from] item: Life Orb\n|\n|-weather|DesolateLand|[upkeep]\n|upkeep\n|turn|6\n|\n|t:|1700717157\n|switch|p2a: Kyogre|Kyogre|100\/100\n|detailschange|p2a: Kyogre|Kyogre-Primal\n|-primal|p2a: Kyogre|Blue Orb\n|-weather|PrimordialSea|[from] ability: Primordial Sea|[of] p2a: Kyogre\n|move|p1a: Groudon|Lava Plume||[still]\n|-fail|p1a: Groudon|Lava Plume|[from] Primordial Sea\n|\n|-weather|PrimordialSea|[upkeep]\n|upkeep\n|turn|7\n|\n|t:|1700717166\n|switch|p1a: Chien-Pao|Chien-Pao|46\/100\n|-damage|p1a: Chien-Pao|21\/100|[from] Stealth Rock\n|-ability|p1a: Chien-Pao|Sword of Ruin\n|move|p2a: Kyogre|Water Spout|p1a: Chien-Pao\n|-damage|p1a: Chien-Pao|0 fnt\n|faint|p1a: Chien-Pao\n|\n|-weather|PrimordialSea|[upkeep]\n|upkeep\n|\n|t:|1700717175\n|switch|p1a: Groudon|Groudon-Primal|62\/100\n|-damage|p1a: Groudon|50\/100|[from] Stealth Rock\n|-weather|DesolateLand|[from] ability: Desolate Land|[of] p1a: Groudon\n|turn|8\n|\n|t:|1700717181\n|switch|p2a: Deoxys|Deoxys-Speed|55\/100\n|-ability|p2a: Deoxys|Pressure\n|move|p1a: Groudon|Earth Power|p2a: Deoxys\n|-damage|p2a: Deoxys|0 fnt\n|faint|p2a: Deoxys\n|\n|-weather|DesolateLand|[upkeep]\n|upkeep\n|\n|t:|1700717190\n|switch|p2a: Kyogre|Kyogre-Primal|100\/100\n|-weather|PrimordialSea|[from] ability: Primordial Sea|[of] p2a: Kyogre\n|turn|9\n|\n|t:|1700717201\n|move|p2a: Kyogre|Water Spout|p1a: Groudon\n|-supereffective|p1a: Groudon\n|-damage|p1a: Groudon|0 fnt\n|faint|p1a: Groudon\n|\n|-weather|PrimordialSea|[upkeep]\n|upkeep\n|\n|t:|1700717217\n|switch|p1a: Yveltal|Yveltal|100\/100\n|-damage|p1a: Yveltal|76\/100|[from] Stealth Rock\n|-ability|p1a: Yveltal|Dark Aura\n|turn|10\n|\n|t:|1700717233\n|move|p1a: Yveltal|U-turn|p2a: Kyogre\n|-crit|p2a: Kyogre\n|-damage|p2a: Kyogre|76\/100\n|\n|t:|1700717239\n|switch|p1a: Arceus|Arceus|100\/100|[from] U-turn\n|-damage|p1a: Arceus|88\/100|[from] Stealth Rock\n|move|p2a: Kyogre|Ice Beam|p1a: Arceus\n|-damage|p1a: Arceus|55\/100\n|\n|-weather|PrimordialSea|[upkeep]\n|-heal|p1a: Arceus|61\/100|[from] item: Leftovers\n|upkeep\n|turn|11\n|inactive|OscarToscar has 120 seconds left.\n|\n|t:|1700717271\n|move|p1a: Arceus|Extreme Speed|p2a: Kyogre\n|-damage|p2a: Kyogre|34\/100\n|move|p2a: Kyogre|Scald|p1a: Arceus\n|-damage|p1a: Arceus|0 fnt\n|faint|p1a: Arceus\n|\n|-weather|PrimordialSea|[upkeep]\n|upkeep\n|inactive|OscarToscar has 90 seconds left.\n|\n|t:|1700717303\n|switch|p1a: Yveltal|Yveltal|76\/100\n|-damage|p1a: Yveltal|51\/100|[from] Stealth Rock\n|-ability|p1a: Yveltal|Dark Aura\n|turn|12\n|\n|t:|1700717309\n|-weather|none\n|switch|p2a: Arceus|Arceus|91\/100\n|-terastallize|p1a: Yveltal|Dark\n|move|p1a: Yveltal|Dark Pulse|p2a: Arceus\n|-damage|p2a: Arceus|31\/100\n|\n|upkeep\n|turn|13\n|inactive|OscarToscar has 90 seconds left.\n|\n|t:|1700717322\n|switch|p1a: Zygarde|Zygarde|100\/100\n|-damage|p1a: Zygarde|94\/100|[from] Stealth Rock\n|move|p2a: Arceus|Extreme Speed|p1a: Zygarde\n|-damage|p1a: Zygarde|61\/100\n|-damage|p2a: Arceus|21\/100|[from] item: Life Orb\n|\n|-heal|p1a: Zygarde|67\/100|[from] item: Leftovers\n|upkeep\n|turn|14\n|\n|t:|1700717333\n|move|p2a: Arceus|Taunt|p1a: Zygarde\n|-start|p1a: Zygarde|move: Taunt\n|cant|p1a: Zygarde|move: Taunt|Glare\n|\n|-heal|p1a: Zygarde|73\/100|[from] item: Leftovers\n|upkeep\n|turn|15\n|\n|t:|1700717340\n|switch|p2a: Xerneas|Xerneas|100\/100\n|-ability|p2a: Xerneas|Fairy Aura\n|move|p1a: Zygarde|Thousand Arrows|p2a: Xerneas\n|-damage|p2a: Xerneas|72\/100\n|\n|-heal|p1a: Zygarde|80\/100|[from] item: Leftovers\n|upkeep\n|turn|16\n|\n|t:|1700717351\n|switch|p1a: Ho-Oh|Ho-Oh|100\/100\n|move|p2a: Xerneas|Geomancy||[still]\n|-prepare|p2a: Xerneas|Geomancy\n|-enditem|p2a: Xerneas|Power Herb\n|-anim|p2a: Xerneas|Geomancy|p2a: Xerneas\n|-boost|p2a: Xerneas|spa|2\n|-boost|p2a: Xerneas|spd|2\n|-boost|p2a: Xerneas|spe|2\n|\n|upkeep\n|turn|17\n|\n|t:|1700717360\n|move|p2a: Xerneas|Hidden Power|p1a: Ho-Oh\n|-supereffective|p1a: Ho-Oh\n|-damage|p1a: Ho-Oh|13\/100\n|move|p1a: Ho-Oh|Whirlwind|p2a: Xerneas\n|drag|p2a: Arceus|Arceus|21\/100\n|\n|upkeep\n|turn|18\n|\n|t:|1700717371\n|move|p2a: Arceus|Extreme Speed|p1a: Ho-Oh\n|-damage|p1a: Ho-Oh|0 fnt\n|faint|p1a: Ho-Oh\n|-damage|p2a: Arceus|11\/100|[from] item: Life Orb\n|\n|upkeep\n|\n|t:|1700717375\n|switch|p1a: Zygarde|Zygarde|80\/100\n|-damage|p1a: Zygarde|73\/100|[from] Stealth Rock\n|turn|19\n|\n|t:|1700717380\n|move|p2a: Arceus|Taunt|p1a: Zygarde\n|-start|p1a: Zygarde|move: Taunt\n|cant|p1a: Zygarde|move: Taunt|Glare\n|\n|-heal|p1a: Zygarde|80\/100|[from] item: Leftovers\n|upkeep\n|turn|20\n|\n|t:|1700717396\n|switch|p2a: Xerneas|Xerneas|72\/100\n|-ability|p2a: Xerneas|Fairy Aura\n|move|p1a: Zygarde|Thousand Arrows|p2a: Xerneas\n|-damage|p2a: Xerneas|47\/100\n|\n|-heal|p1a: Zygarde|86\/100|[from] item: Leftovers\n|upkeep\n|turn|21\n|\n|t:|1700717406\n|switch|p1a: Yveltal|Yveltal, tera:Dark|51\/100\n|-damage|p1a: Yveltal|38\/100|[from] Stealth Rock\n|-ability|p1a: Yveltal|Dark Aura\n|move|p2a: Xerneas|Moonblast|p1a: Yveltal\n|-supereffective|p1a: Yveltal\n|-damage|p1a: Yveltal|0 fnt\n|faint|p1a: Yveltal\n|\n|upkeep\n|-message|OscarToscar forfeited.\n|\n|win|85792195wwww\n|raw|OscarToscar's rating: 1506 &rarr; <strong>1497<\/strong><br \/>(-9 for losing)\n|raw|85792195wwww's rating: 1719 &rarr; <strong>1728<\/strong><br \/>(+9 for winning)\n|l|\u2606OscarToscar\n","uploadtime":1700717419,"views":2,"p1id":"oscartoscar","p2id":"85792195wwww","formatid":"gen9nationaldexubers","rating":1497,"private":0,"password":""}