{"id":"gen9nationaldexubers-1997671546","p1":"IncandescentCandle","p2":"A_Gamer8414","format":"[Gen 9] National Dex Ubers","log":"|j|\u2606IncandescentCandle\n|j|\u2606A_Gamer8414\n|t:|1700840054\n|gametype|singles\n|player|p1|IncandescentCandle|dawn|\n|player|p2|A_Gamer8414|266|\n|teamsize|p1|6\n|teamsize|p2|6\n|gen|9\n|tier|[Gen 9] National Dex Ubers\n|rule|HP Percentage Mod: HP is shown in percentages\n|rule|Endless Battle Clause: Forcing endless battles is banned\n|rule|OHKO Clause: OHKO moves are banned\n|rule|Evasion Moves Clause: Evasion moves are banned\n|rule|Evasion Items Clause: Evasion items are banned\n|rule|Species Clause: Limit one of each Pok\u00e9mon\n|rule|Sleep Clause Mod: Limit one foe put to sleep\n|rule|Mega Rayquaza Clause: You cannot mega evolve Rayquaza\n|clearpoke\n|poke|p1|Tapu Bulu|\n|poke|p1|Blissey, F|\n|poke|p1|Corviknight, M|\n|poke|p1|Weavile, M|\n|poke|p1|Latias, F|\n|poke|p1|Skeledirge, M|\n|poke|p2|Diancie|\n|poke|p2|Iron Valiant|\n|poke|p2|Tapu Koko|\n|poke|p2|Klefki, M|\n|poke|p2|Xerneas-*|\n|poke|p2|Zacian-*|\n|teampreview\n|c|\u2606IncandescentCandle|ice weavile\n|c|\u2606IncandescentCandle|blhf <\/3\n|\n|t:|1700840083\n|start\n|switch|p1a: Shield Of Body|Corviknight, M|100\/100\n|switch|p2a: Diancie|Diancie|100\/100\n|-ability|p1a: Shield Of Body|Pressure\n|turn|1\n|j| Astro Rifk\n|\n|t:|1700840107\n|switch|p2a: Klefki|Klefki, M|100\/100\n|move|p1a: Shield Of Body|Iron Head|p2a: Klefki\n|-damage|p2a: Klefki|79\/100\n|\n|upkeep\n|turn|2\n|\n|t:|1700840122\n|move|p2a: Klefki|Thunder Wave|p1a: Shield Of Body|[miss]\n|-miss|p2a: Klefki|p1a: Shield Of Body\n|move|p1a: Shield Of Body|U-turn|p2a: Klefki\n|-resisted|p2a: Klefki\n|-damage|p2a: Klefki|76\/100\n|c|\u2606IncandescentCandle|mb\n|\n|t:|1700840126\n|switch|p1a: Shield Of Mind|Blissey, F|100\/100|[from] U-turn\n|\n|upkeep\n|turn|3\n|\n|t:|1700840150\n|move|p2a: Klefki|Thunder Wave|p1a: Shield Of Mind\n|-status|p1a: Shield Of Mind|par\n|move|p1a: Shield Of Mind|Seismic Toss|p2a: Klefki\n|-damage|p2a: Klefki|44\/100\n|\n|upkeep\n|turn|4\n|\n|t:|1700840161\n|switch|p2a: Tapu Koko|Tapu Koko|100\/100\n|-fieldstart|move: Electric Terrain|[from] ability: Electric Surge|[of] p2a: Tapu Koko\n|move|p1a: Shield Of Mind|Seismic Toss|p2a: Tapu Koko\n|-damage|p2a: Tapu Koko|71\/100\n|\n|upkeep\n|turn|5\n|\n|t:|1700840171\n|move|p2a: Tapu Koko|Discharge|p1a: Shield Of Mind\n|-damage|p1a: Shield Of Mind|91\/100 par\n|move|p1a: Shield Of Mind|Toxic|p2a: Tapu Koko\n|-status|p2a: Tapu Koko|tox\n|\n|-heal|p1a: Shield Of Mind|97\/100 par|[from] item: Leftovers\n|-damage|p2a: Tapu Koko|65\/100 tox|[from] psn\n|upkeep\n|turn|6\n|\n|t:|1700840180\n|move|p2a: Tapu Koko|Roost|p2a: Tapu Koko\n|-heal|p2a: Tapu Koko|100\/100 tox\n|-singleturn|p2a: Tapu Koko|move: Roost\n|move|p1a: Shield Of Mind|Seismic Toss|p2a: Tapu Koko\n|-damage|p2a: Tapu Koko|71\/100 tox\n|\n|-heal|p1a: Shield Of Mind|100\/100 par|[from] item: Leftovers\n|-damage|p2a: Tapu Koko|59\/100 tox|[from] psn\n|upkeep\n|turn|7\n|\n|t:|1700840184\n|move|p2a: Tapu Koko|U-turn|p1a: Shield Of Mind\n|-damage|p1a: Shield Of Mind|70\/100 par\n|\n|t:|1700840200\n|switch|p2a: Iron Valiant|Iron Valiant|100\/100|[from] U-turn\n|-activate|p2a: Iron Valiant|ability: Quark Drive\n|-start|p2a: Iron Valiant|quarkdrivespe\n|move|p1a: Shield Of Mind|Seismic Toss|p2a: Iron Valiant\n|-damage|p2a: Iron Valiant|66\/100\n|\n|-heal|p1a: Shield Of Mind|77\/100 par|[from] item: Leftovers\n|upkeep\n|turn|8\n|\n|t:|1700840218\n|-curestatus|p1a: Shield Of Mind|par|[from] ability: Natural Cure\n|switch|p1a: Eon Guardian|Latias, F|100\/100\n|move|p2a: Iron Valiant|Trick||[still]\n|-fail|p2a: Iron Valiant\n|\n|-fieldend|move: Electric Terrain\n|-end|p2a: Iron Valiant|Quark Drive\n|upkeep\n|turn|9\n|c|\u2606IncandescentCandle|hehe\n|\n|t:|1700840242\n|-end|p2a: Iron Valiant|Quark Drive|[silent]\n|switch|p2a: Klefki|Klefki, M|44\/100\n|detailschange|p1a: Eon Guardian|Latias-Mega, F\n|-mega|p1a: Eon Guardian|Latias|Latiasite\n|move|p1a: Eon Guardian|Psychic|p2a: Klefki\n|-resisted|p2a: Klefki\n|-damage|p2a: Klefki|18\/100\n|\n|upkeep\n|turn|10\n|\n|t:|1700840254\n|switch|p1a: Shield Of Mind|Blissey, F|77\/100\n|move|p2a: Klefki|Thunder Wave|p1a: Shield Of Mind|[miss]\n|-miss|p2a: Klefki|p1a: Shield Of Mind\n|\n|-heal|p1a: Shield Of Mind|83\/100|[from] item: Leftovers\n|upkeep\n|turn|11\n|\n|t:|1700840265\n|switch|p2a: Tapu Koko|Tapu Koko|59\/100 tox\n|-fieldstart|move: Electric Terrain|[from] ability: Electric Surge|[of] p2a: Tapu Koko\n|move|p1a: Shield Of Mind|Seismic Toss|p2a: Tapu Koko\n|-damage|p2a: Tapu Koko|30\/100 tox\n|\n|-heal|p1a: Shield Of Mind|89\/100|[from] item: Leftovers\n|-damage|p2a: Tapu Koko|24\/100 tox|[from] psn\n|upkeep\n|turn|12\n|\n|t:|1700840268\n|switch|p1a: Fight The Swarm|Tapu Bulu|100\/100\n|-fieldstart|move: Grassy Terrain|[from] ability: Grassy Surge|[of] p1a: Fight The Swarm\n|move|p2a: Tapu Koko|Roost|p2a: Tapu Koko\n|-heal|p2a: Tapu Koko|74\/100 tox\n|-singleturn|p2a: Tapu Koko|move: Roost\n|\n|-heal|p2a: Tapu Koko|80\/100 tox|[from] Grassy Terrain\n|-damage|p2a: Tapu Koko|68\/100 tox|[from] psn\n|upkeep\n|turn|13\n|\n|t:|1700840272\n|move|p2a: Tapu Koko|U-turn|p1a: Fight The Swarm\n|-damage|p1a: Fight The Swarm|90\/100\n|\n|t:|1700840279\n|switch|p2a: Klefki|Klefki, M|18\/100|[from] U-turn\n|move|p1a: Fight The Swarm|Horn Leech|p2a: Klefki\n|-resisted|p2a: Klefki\n|-damage|p2a: Klefki|0 fnt\n|-heal|p1a: Fight The Swarm|98\/100|[from] drain|[of] p2a: Klefki\n|faint|p2a: Klefki\n|\n|-heal|p1a: Fight The Swarm|100\/100|[from] Grassy Terrain\n|upkeep\n|\n|t:|1700840296\n|switch|p2a: Diancie|Diancie|100\/100\n|turn|14\n|\n|t:|1700840343\n|detailschange|p2a: Diancie|Diancie-Mega\n|-mega|p2a: Diancie|Diancie|Diancite\n|move|p2a: Diancie|Mystical Fire|p1a: Fight The Swarm\n|-supereffective|p1a: Fight The Swarm\n|-damage|p1a: Fight The Swarm|40\/100\n|-unboost|p1a: Fight The Swarm|spa|1\n|move|p1a: Fight The Swarm|Horn Leech|p2a: Diancie\n|-supereffective|p2a: Diancie\n|-damage|p2a: Diancie|0 fnt\n|-heal|p1a: Fight The Swarm|76\/100|[from] drain|[of] p2a: Diancie\n|faint|p2a: Diancie\n|\n|-heal|p1a: Fight The Swarm|82\/100|[from] Grassy Terrain\n|-heal|p1a: Fight The Swarm|88\/100|[from] item: Leftovers\n|upkeep\n|\n|t:|1700840383\n|switch|p2a: Zacian|Zacian-Crowned|100\/100\n|-ability|p2a: Zacian|Intrepid Sword|boost\n|-boost|p2a: Zacian|atk|1\n|turn|15\n|\n|t:|1700840388\n|switch|p1a: Funeral March In D|Skeledirge, M|100\/100\n|move|p2a: Zacian|Behemoth Blade|p1a: Funeral March In D\n|-resisted|p1a: Funeral March In D\n|-damage|p1a: Funeral March In D|84\/100\n|\n|-heal|p1a: Funeral March In D|90\/100|[from] Grassy Terrain\n|-heal|p1a: Funeral March In D|96\/100|[from] item: Leftovers\n|upkeep\n|turn|16\n|\n|t:|1700840393\n|switch|p2a: Tapu Koko|Tapu Koko|68\/100 tox\n|-fieldstart|move: Electric Terrain|[from] ability: Electric Surge|[of] p2a: Tapu Koko\n|move|p1a: Funeral March In D|Will-O-Wisp||[still]\n|-fail|p1a: Funeral March In D\n|\n|-heal|p1a: Funeral March In D|100\/100|[from] item: Leftovers\n|-damage|p2a: Tapu Koko|62\/100 tox|[from] psn\n|upkeep\n|turn|17\n|\n|t:|1700840408\n|switch|p1a: Fight The Swarm|Tapu Bulu|88\/100\n|-fieldstart|move: Grassy Terrain|[from] ability: Grassy Surge|[of] p1a: Fight The Swarm\n|move|p2a: Tapu Koko|Discharge|p1a: Fight The Swarm\n|-resisted|p1a: Fight The Swarm\n|-damage|p1a: Fight The Swarm|75\/100\n|\n|-heal|p2a: Tapu Koko|68\/100 tox|[from] Grassy Terrain\n|-heal|p1a: Fight The Swarm|81\/100|[from] Grassy Terrain\n|-heal|p1a: Fight The Swarm|87\/100|[from] item: Leftovers\n|-damage|p2a: Tapu Koko|56\/100 tox|[from] psn\n|upkeep\n|turn|18\n|\n|t:|1700840412\n|move|p2a: Tapu Koko|Roost|p2a: Tapu Koko\n|-heal|p2a: Tapu Koko|100\/100 tox\n|-singleturn|p2a: Tapu Koko|move: Roost\n|move|p1a: Fight The Swarm|Horn Leech|p2a: Tapu Koko\n|-damage|p2a: Tapu Koko|56\/100 tox\n|-heal|p1a: Fight The Swarm|100\/100|[from] drain|[of] p2a: Tapu Koko\n|\n|-heal|p2a: Tapu Koko|62\/100 tox|[from] Grassy Terrain\n|-damage|p2a: Tapu Koko|44\/100 tox|[from] psn\n|upkeep\n|turn|19\n|\n|t:|1700840418\n|move|p2a: Tapu Koko|U-turn|p1a: Fight The Swarm\n|-crit|p1a: Fight The Swarm\n|-damage|p1a: Fight The Swarm|86\/100\n|\n|t:|1700840423\n|switch|p2a: Iron Valiant|Iron Valiant|66\/100|[from] U-turn\n|move|p1a: Fight The Swarm|Horn Leech|p2a: Iron Valiant\n|-damage|p2a: Iron Valiant|11\/100\n|-heal|p1a: Fight The Swarm|100\/100|[from] drain|[of] p2a: Iron Valiant\n|\n|-heal|p2a: Iron Valiant|17\/100|[from] Grassy Terrain\n|upkeep\n|turn|20\n|c|\u2606IncandescentCandle|big crit\n|\n|t:|1700840430\n|switch|p1a: Shield Of Mind|Blissey, F|89\/100\n|move|p2a: Iron Valiant|Moonblast|p1a: Shield Of Mind\n|-damage|p1a: Shield Of Mind|69\/100\n|\n|-heal|p2a: Iron Valiant|23\/100|[from] Grassy Terrain\n|-heal|p1a: Shield Of Mind|75\/100|[from] Grassy Terrain\n|-heal|p1a: Shield Of Mind|81\/100|[from] item: Leftovers\n|upkeep\n|turn|21\n|\n|t:|1700840436\n|-end|p2a: Iron Valiant|Quark Drive|[silent]\n|switch|p2a: Tapu Koko|Tapu Koko|44\/100 tox\n|-fieldstart|move: Electric Terrain|[from] ability: Electric Surge|[of] p2a: Tapu Koko\n|move|p1a: Shield Of Mind|Seismic Toss|p2a: Tapu Koko\n|-damage|p2a: Tapu Koko|15\/100 tox\n|\n|-heal|p1a: Shield Of Mind|87\/100|[from] item: Leftovers\n|-damage|p2a: Tapu Koko|9\/100 tox|[from] psn\n|upkeep\n|turn|22\n|\n|t:|1700840444\n|switch|p1a: Fight The Swarm|Tapu Bulu|100\/100\n|-fieldstart|move: Grassy Terrain|[from] ability: Grassy Surge|[of] p1a: Fight The Swarm\n|move|p2a: Tapu Koko|U-turn|p1a: Fight The Swarm\n|-damage|p1a: Fight The Swarm|90\/100\n|\n|t:|1700840453\n|switch|p2a: Iron Valiant|Iron Valiant|23\/100|[from] U-turn\n|\n|-heal|p2a: Iron Valiant|30\/100|[from] Grassy Terrain\n|-heal|p1a: Fight The Swarm|96\/100|[from] Grassy Terrain\n|-heal|p1a: Fight The Swarm|100\/100|[from] item: Leftovers\n|upkeep\n|turn|23\n|\n|t:|1700840457\n|switch|p1a: Shield Of Body|Corviknight, M|100\/100\n|-ability|p1a: Shield Of Body|Pressure\n|move|p2a: Iron Valiant|Trick|p1a: Shield Of Body\n|-activate|p2a: Iron Valiant|move: Trick|[of] p1a: Shield Of Body\n|-item|p1a: Shield Of Body|Choice Specs|[from] move: Trick\n|-item|p2a: Iron Valiant|Leftovers|[from] move: Trick\n|\n|-heal|p2a: Iron Valiant|36\/100|[from] Grassy Terrain\n|-heal|p2a: Iron Valiant|42\/100|[from] item: Leftovers\n|upkeep\n|turn|24\n|\n|t:|1700840478\n|-end|p2a: Iron Valiant|Quark Drive|[silent]\n|switch|p2a: Tapu Koko|Tapu Koko|9\/100 tox\n|-fieldstart|move: Electric Terrain|[from] ability: Electric Surge|[of] p2a: Tapu Koko\n|move|p1a: Shield Of Body|U-turn|p2a: Tapu Koko\n|-resisted|p2a: Tapu Koko\n|-damage|p2a: Tapu Koko|1\/100 tox\n|\n|t:|1700840487\n|switch|p1a: Shield Of Mind|Blissey, F|87\/100|[from] U-turn\n|\n|-heal|p1a: Shield Of Mind|93\/100|[from] item: Leftovers\n|-damage|p2a: Tapu Koko|0 fnt|[from] psn\n|faint|p2a: Tapu Koko\n|upkeep\n|\n|t:|1700840497\n|switch|p2a: Zacian|Zacian-Crowned|100\/100\n|turn|25\n|\n|t:|1700840502\n|switch|p1a: Funeral March In D|Skeledirge, M|100\/100\n|move|p2a: Zacian|Crunch|p1a: Funeral March In D\n|-supereffective|p1a: Funeral March In D\n|-damage|p1a: Funeral March In D|67\/100\n|\n|-heal|p1a: Funeral March In D|73\/100|[from] item: Leftovers\n|upkeep\n|turn|26\n|\n|t:|1700840524\n|move|p2a: Zacian|Crunch|p1a: Funeral March In D\n|-supereffective|p1a: Funeral March In D\n|-damage|p1a: Funeral March In D|35\/100\n|move|p1a: Funeral March In D|Will-O-Wisp|p2a: Zacian\n|-status|p2a: Zacian|brn\n|\n|-heal|p1a: Funeral March In D|41\/100|[from] item: Leftovers\n|-damage|p2a: Zacian|94\/100 brn|[from] brn\n|upkeep\n|turn|27\n|\n|t:|1700840529\n|move|p2a: Zacian|Crunch|p1a: Funeral March In D\n|-supereffective|p1a: Funeral March In D\n|-damage|p1a: Funeral March In D|22\/100\n|move|p1a: Funeral March In D|Slack Off|p1a: Funeral March In D\n|-heal|p1a: Funeral March In D|72\/100\n|\n|-heal|p1a: Funeral March In D|78\/100|[from] item: Leftovers\n|-damage|p2a: Zacian|88\/100 brn|[from] brn\n|upkeep\n|turn|28\n|\n|t:|1700840535\n|switch|p2a: Iron Valiant|Iron Valiant|42\/100\n|-activate|p2a: Iron Valiant|ability: Quark Drive\n|-start|p2a: Iron Valiant|quarkdrivespe\n|move|p1a: Funeral March In D|Torch Song|p2a: Iron Valiant\n|-damage|p2a: Iron Valiant|0 fnt\n|-boost|p1a: Funeral March In D|spa|1\n|faint|p2a: Iron Valiant\n|-end|p2a: Iron Valiant|Quark Drive|[silent]\n|\n|-heal|p1a: Funeral March In D|84\/100|[from] item: Leftovers\n|-fieldend|move: Electric Terrain\n|upkeep\n|\n|t:|1700840538\n|switch|p2a: Xerneas|Xerneas|100\/100\n|-ability|p2a: Xerneas|Fairy Aura\n|turn|29\n|\n|t:|1700840541\n|switch|p1a: Shield Of Mind|Blissey, F|93\/100\n|move|p2a: Xerneas|Geomancy||[still]\n|-prepare|p2a: Xerneas|Geomancy\n|-enditem|p2a: Xerneas|Power Herb\n|-anim|p2a: Xerneas|Geomancy|p2a: Xerneas\n|-boost|p2a: Xerneas|spa|2\n|-boost|p2a: Xerneas|spd|2\n|-boost|p2a: Xerneas|spe|2\n|\n|-heal|p1a: Shield Of Mind|99\/100|[from] item: Leftovers\n|upkeep\n|turn|30\n|\n|t:|1700840548\n|-terastallize|p2a: Xerneas|Fairy\n|move|p2a: Xerneas|Moonblast|p1a: Shield Of Mind\n|-damage|p1a: Shield Of Mind|50\/100\n|move|p1a: Shield Of Mind|Toxic|p2a: Xerneas\n|-status|p2a: Xerneas|tox\n|\n|-heal|p1a: Shield Of Mind|56\/100|[from] item: Leftovers\n|-damage|p2a: Xerneas|94\/100 tox|[from] psn\n|upkeep\n|turn|31\n|\n|t:|1700840554\n|switch|p1a: Shield Of Body|Corviknight, M|100\/100\n|-ability|p1a: Shield Of Body|Pressure\n|move|p2a: Xerneas|Moonblast|p1a: Shield Of Body\n|-resisted|p1a: Shield Of Body\n|-damage|p1a: Shield Of Body|18\/100\n|\n|-damage|p2a: Xerneas|82\/100 tox|[from] psn\n|upkeep\n|turn|32\n|c|\u2606IncandescentCandle|Oh ok\n|\n|t:|1700840566\n|switch|p1a: Eon Guardian|Latias-Mega, F|100\/100\n|move|p2a: Xerneas|Moonblast|p1a: Eon Guardian\n|-supereffective|p1a: Eon Guardian\n|-damage|p1a: Eon Guardian|0 fnt\n|faint|p1a: Eon Guardian\n|\n|-damage|p2a: Xerneas|64\/100 tox|[from] psn\n|upkeep\n|\n|t:|1700840569\n|switch|p1a: Group Rascal|Weavile, M|100\/100\n|turn|33\n|\n|t:|1700840571\n|-terastallize|p1a: Group Rascal|Ice\n|move|p1a: Group Rascal|Ice Shard|p2a: Xerneas\n|-damage|p2a: Xerneas|40\/100 tox\n|move|p2a: Xerneas|Moonblast|p1a: Group Rascal\n|-damage|p1a: Group Rascal|0 fnt\n|faint|p1a: Group Rascal\n|\n|-damage|p2a: Xerneas|16\/100 tox|[from] psn\n|upkeep\n|\n|t:|1700840575\n|switch|p1a: Shield Of Body|Corviknight, M|18\/100\n|-ability|p1a: Shield Of Body|Pressure\n|turn|34\n|\n|t:|1700840577\n|move|p2a: Xerneas|Moonblast|p1a: Shield Of Body\n|-resisted|p1a: Shield Of Body\n|-damage|p1a: Shield Of Body|0 fnt\n|faint|p1a: Shield Of Body\n|\n|-damage|p2a: Xerneas|0 fnt|[from] psn\n|faint|p2a: Xerneas\n|upkeep\n|\n|t:|1700840579\n|switch|p2a: Zacian|Zacian-Crowned|88\/100 brn\n|switch|p1a: Funeral March In D|Skeledirge, M|84\/100\n|turn|35\n|\n|t:|1700840581\n|move|p2a: Zacian|Swords Dance|p2a: Zacian\n|-boost|p2a: Zacian|atk|2\n|move|p1a: Funeral March In D|Torch Song|p2a: Zacian\n|-supereffective|p2a: Zacian\n|-damage|p2a: Zacian|33\/100 brn\n|-boost|p1a: Funeral March In D|spa|1\n|\n|-heal|p1a: Funeral March In D|90\/100|[from] item: Leftovers\n|-damage|p2a: Zacian|27\/100 brn|[from] brn\n|upkeep\n|turn|36\n|\n|t:|1700840583\n|move|p2a: Zacian|Swords Dance|p2a: Zacian\n|-boost|p2a: Zacian|atk|2\n|move|p1a: Funeral March In D|Torch Song|p2a: Zacian\n|-supereffective|p2a: Zacian\n|-damage|p2a: Zacian|0 fnt\n|-boost|p1a: Funeral March In D|spa|1\n|faint|p2a: Zacian\n|\n|win|IncandescentCandle\n|c|\u2606IncandescentCandle|gg\n|l|\u2606A_Gamer8414\n","uploadtime":1700840592,"views":12,"p1id":"incandescentcandle","p2id":"agamer8414","formatid":"gen9nationaldexubers","rating":0,"private":0,"password":""}