{"id":"gen9nationaldexubers-1991983132","p1":"danish13","p2":"zooz da tromp","format":"[Gen 9] National Dex Ubers","log":"|j|\u2606danish13\n|j|\u2606zooz da tromp\n|t:|1700144980\n|gametype|singles\n|player|p1|danish13|lance|1491\n|player|p2|zooz da tromp|102|1672\n|teamsize|p1|6\n|teamsize|p2|6\n|gen|9\n|tier|[Gen 9] National Dex Ubers\n|rated|\n|rule|HP Percentage Mod: HP is shown in percentages\n|rule|Endless Battle Clause: Forcing endless battles is banned\n|rule|OHKO Clause: OHKO moves are banned\n|rule|Evasion Moves Clause: Evasion moves are banned\n|rule|Evasion Items Clause: Evasion items are banned\n|rule|Species Clause: Limit one of each Pok\u00e9mon\n|rule|Sleep Clause Mod: Limit one foe put to sleep\n|rule|Mega Rayquaza Clause: You cannot mega evolve Rayquaza\n|clearpoke\n|poke|p1|Salamence, M|\n|poke|p1|Yveltal|\n|poke|p1|Arceus|\n|poke|p1|Garganacl, M|\n|poke|p1|Dragapult, M|\n|poke|p1|Torkoal, F|\n|poke|p2|Dondozo, M|\n|poke|p2|Ho-Oh|\n|poke|p2|Arceus-Dark|\n|poke|p2|Eternatus|\n|poke|p2|Yveltal|\n|poke|p2|Groudon|\n|teampreview\n|inactive|Battle timer is ON: inactive players will automatically lose when time's up. (requested by danish13)\n|inactive|zooz da tromp has 120 seconds left.\n|inactive|zooz da tromp has 90 seconds left.\n|\n|t:|1700145054\n|start\n|switch|p1a: Salamence|Salamence, M|100\/100\n|switch|p2a: Groudon|Groudon|100\/100\n|-ability|p1a: Salamence|Intimidate|boost\n|-unboost|p2a: Groudon|atk|1\n|detailschange|p2a: Groudon|Groudon-Primal\n|-primal|p2a: Groudon|Red Orb\n|-weather|DesolateLand|[from] ability: Desolate Land|[of] p2a: Groudon\n|turn|1\n|l|\u2606danish13\n|inactive|danish13 disconnected and has a minute to reconnect!\n|player|p1|\n|inactive|danish13 has 30 seconds to reconnect!\n|j|\u2606danish13\n|inactive|danish13 reconnected and has 120 seconds left.\n|player|p1|danish13|lance\n|\n|t:|1700145090\n|detailschange|p1a: Salamence|Salamence-Mega, M\n|-mega|p1a: Salamence|Salamence|Salamencite\n|move|p1a: Salamence|Dragon Dance|p1a: Salamence\n|-boost|p1a: Salamence|atk|1\n|-boost|p1a: Salamence|spe|1\n|move|p2a: Groudon|Toxic|p1a: Salamence\n|-status|p1a: Salamence|tox\n|\n|-weather|DesolateLand|[upkeep]\n|-damage|p1a: Salamence|94\/100 tox|[from] psn\n|upkeep\n|turn|2\n|inactive|danish13 has 120 seconds left.\n|inactive|zooz da tromp has 120 seconds left.\n|\n|t:|1700145125\n|-weather|none\n|switch|p2a: Dondozo|Dondozo, M|100\/100\n|move|p1a: Salamence|Facade|p2a: Dondozo\n|-damage|p2a: Dondozo|59\/100\n|\n|-heal|p2a: Dondozo|65\/100|[from] item: Leftovers\n|-damage|p1a: Salamence|82\/100 tox|[from] psn\n|upkeep\n|turn|3\n|inactive|danish13 has 120 seconds left.\n|inactive|zooz da tromp has 120 seconds left.\n|\n|t:|1700145143\n|switch|p1a: Garganacl|Garganacl, M, shiny|100\/100\n|move|p2a: Dondozo|Curse|p2a: Dondozo\n|-unboost|p2a: Dondozo|spe|1\n|-boost|p2a: Dondozo|atk|1\n|-boost|p2a: Dondozo|def|1\n|\n|-heal|p2a: Dondozo|72\/100|[from] item: Leftovers\n|upkeep\n|turn|4\n|inactive|danish13 has 120 seconds left.\n|\n|t:|1700145153\n|switch|p2a: Eternatus|Eternatus|100\/100\n|-ability|p2a: Eternatus|Pressure\n|move|p1a: Garganacl|Salt Cure|p2a: Eternatus\n|-damage|p2a: Eternatus|91\/100\n|-start|p2a: Eternatus|Salt Cure\n|\n|-heal|p2a: Eternatus|97\/100|[from] item: Black Sludge\n|-damage|p2a: Eternatus|84\/100|[from] Salt Cure\n|upkeep\n|turn|5\n|inactive|danish13 has 120 seconds left.\n|\n|t:|1700145164\n|switch|p1a: Yveltal|Yveltal|100\/100\n|-ability|p1a: Yveltal|Dark Aura\n|move|p2a: Eternatus|Toxic Spikes|p1a: Yveltal\n|-sidestart|p1: danish13|move: Toxic Spikes\n|\n|-heal|p2a: Eternatus|91\/100|[from] item: Black Sludge\n|-damage|p2a: Eternatus|78\/100|[from] Salt Cure\n|upkeep\n|turn|6\n|inactive|danish13 has 120 seconds left.\n|\n|t:|1700145174\n|switch|p2a: Arceus|Arceus-Dark|100\/100\n|move|p1a: Yveltal|Taunt|p2a: Arceus\n|-start|p2a: Arceus|move: Taunt\n|\n|upkeep\n|turn|7\n|\n|t:|1700145186\n|switch|p2a: Eternatus|Eternatus|78\/100\n|-ability|p2a: Eternatus|Pressure\n|move|p1a: Yveltal|Dark Pulse|p2a: Eternatus\n|-damage|p2a: Eternatus|23\/100\n|-damage|p1a: Yveltal|91\/100|[from] item: Life Orb\n|\n|-heal|p2a: Eternatus|30\/100|[from] item: Black Sludge\n|upkeep\n|turn|8\n|\n|t:|1700145196\n|switch|p2a: Yveltal|Yveltal|100\/100\n|-ability|p2a: Yveltal|Dark Aura\n|move|p1a: Yveltal|Sucker Punch||[still]\n|-fail|p1a: Yveltal\n|\n|upkeep\n|turn|9\n|\n|t:|1700145204\n|move|p1a: Yveltal|Oblivion Wing|p2a: Yveltal\n|-damage|p2a: Yveltal|66\/100\n|-heal|p1a: Yveltal|100\/100|[from] drain|[of] p2a: Yveltal\n|-damage|p1a: Yveltal|91\/100|[from] item: Life Orb\n|move|p2a: Yveltal|Knock Off|p1a: Yveltal\n|-resisted|p1a: Yveltal\n|-damage|p1a: Yveltal|63\/100\n|-enditem|p1a: Yveltal|Life Orb|[from] move: Knock Off|[of] p2a: Yveltal\n|\n|-heal|p2a: Yveltal|72\/100|[from] item: Leftovers\n|upkeep\n|turn|10\n|\n|t:|1700145223\n|switch|p2a: Ho-Oh|Ho-Oh|100\/100\n|move|p1a: Yveltal|Taunt|p2a: Ho-Oh\n|-start|p2a: Ho-Oh|move: Taunt\n|\n|upkeep\n|turn|11\n|\n|t:|1700145230\n|switch|p1a: Torkoal|Torkoal, F|100\/100\n|-status|p1a: Torkoal|psn\n|-weather|SunnyDay|[from] ability: Drought|[of] p1a: Torkoal\n|move|p2a: Ho-Oh|Sacred Fire|p1a: Torkoal\n|-resisted|p1a: Torkoal\n|-damage|p1a: Torkoal|82\/100 psn\n|\n|-weather|SunnyDay|[upkeep]\n|-damage|p1a: Torkoal|69\/100 psn|[from] psn\n|upkeep\n|turn|12\n|\n|t:|1700145242\n|switch|p2a: Eternatus|Eternatus|30\/100\n|-ability|p2a: Eternatus|Pressure\n|move|p1a: Torkoal|Stealth Rock|p2a: Eternatus\n|-sidestart|p2: zooz da tromp|move: Stealth Rock\n|\n|-weather|SunnyDay|[upkeep]\n|-heal|p2a: Eternatus|36\/100|[from] item: Black Sludge\n|-damage|p1a: Torkoal|57\/100 psn|[from] psn\n|upkeep\n|turn|13\n|\n|t:|1700145254\n|move|p2a: Eternatus|Recover|p2a: Eternatus\n|-heal|p2a: Eternatus|86\/100\n|move|p1a: Torkoal|Lava Plume|p2a: Eternatus\n|-resisted|p2a: Eternatus\n|-damage|p2a: Eternatus|73\/100\n|\n|-weather|SunnyDay|[upkeep]\n|-heal|p2a: Eternatus|79\/100|[from] item: Black Sludge\n|-damage|p1a: Torkoal|45\/100 psn|[from] psn\n|upkeep\n|turn|14\n|\n|t:|1700145265\n|switch|p2a: Ho-Oh|Ho-Oh|100\/100\n|move|p1a: Torkoal|Lava Plume|p2a: Ho-Oh\n|-resisted|p2a: Ho-Oh\n|-damage|p2a: Ho-Oh|90\/100\n|\n|-weather|SunnyDay|[upkeep]\n|-damage|p1a: Torkoal|33\/100 psn|[from] psn\n|upkeep\n|turn|15\n|\n|t:|1700145275\n|move|p2a: Ho-Oh|Defog|p1a: Torkoal\n|-unboost|p1a: Torkoal|evasion|1\n|-sideend|p1: danish13|Toxic Spikes|[from] move: Defog|[of] p2a: Ho-Oh\n|-sideend|p2: zooz da tromp|Stealth Rock|[from] move: Defog|[of] p2a: Ho-Oh\n|move|p1a: Torkoal|Lava Plume|p2a: Ho-Oh\n|-resisted|p2a: Ho-Oh\n|-damage|p2a: Ho-Oh|79\/100\n|\n|-weather|none\n|-damage|p1a: Torkoal|20\/100 psn|[from] psn\n|upkeep\n|turn|16\n|\n|t:|1700145285\n|move|p2a: Ho-Oh|Sacred Fire|p1a: Torkoal\n|-resisted|p1a: Torkoal\n|-damage|p1a: Torkoal|8\/100 psn\n|move|p1a: Torkoal|Stealth Rock|p2a: Ho-Oh\n|-sidestart|p2: zooz da tromp|move: Stealth Rock\n|\n|-damage|p1a: Torkoal|0 fnt|[from] psn\n|faint|p1a: Torkoal\n|upkeep\n|\n|t:|1700145304\n|switch|p1a: Garganacl|Garganacl, M, shiny|100\/100\n|turn|17\n|\n|t:|1700145310\n|move|p2a: Ho-Oh|Defog|p1a: Garganacl\n|-unboost|p1a: Garganacl|evasion|1\n|-sideend|p2: zooz da tromp|Stealth Rock|[from] move: Defog|[of] p2a: Ho-Oh\n|move|p1a: Garganacl|Curse|p1a: Garganacl\n|-unboost|p1a: Garganacl|spe|1\n|-boost|p1a: Garganacl|atk|1\n|-boost|p1a: Garganacl|def|1\n|\n|upkeep\n|turn|18\n|\n|t:|1700145323\n|-terastallize|p2a: Ho-Oh|Grass\n|move|p1a: Garganacl|Curse|p1a: Garganacl\n|-unboost|p1a: Garganacl|spe|1\n|-boost|p1a: Garganacl|atk|1\n|-boost|p1a: Garganacl|def|1\n|move|p2a: Ho-Oh|Whirlwind|p1a: Garganacl\n|drag|p1a: Arceus|Arceus|100\/100\n|\n|upkeep\n|turn|19\n|\n|t:|1700145332\n|move|p1a: Arceus|Dragon Dance|p1a: Arceus\n|-boost|p1a: Arceus|atk|1\n|-boost|p1a: Arceus|spe|1\n|move|p2a: Ho-Oh|Sacred Fire|p1a: Arceus\n|-damage|p1a: Arceus|67\/100\n|\n|upkeep\n|turn|20\n|\n|t:|1700145340\n|-terastallize|p1a: Arceus|Fairy\n|move|p1a: Arceus|Tera Blast|p2a: Ho-Oh|[anim] Tera Blast Fairy\n|-damage|p2a: Ho-Oh|27\/100\n|-damage|p1a: Arceus|57\/100|[from] item: Life Orb\n|move|p2a: Ho-Oh|Sacred Fire|p1a: Arceus\n|-damage|p1a: Arceus|27\/100\n|-status|p1a: Arceus|brn\n|\n|-damage|p1a: Arceus|21\/100 brn|[from] brn\n|upkeep\n|turn|21\n|\n|t:|1700145359\n|switch|p2a: Groudon|Groudon-Primal|100\/100\n|-weather|DesolateLand|[from] ability: Desolate Land|[of] p2a: Groudon\n|move|p1a: Arceus|Extreme Speed|p2a: Groudon\n|-damage|p2a: Groudon|76\/100\n|-damage|p1a: Arceus|11\/100 brn|[from] item: Life Orb\n|\n|-weather|DesolateLand|[upkeep]\n|-damage|p1a: Arceus|5\/100 brn|[from] brn\n|upkeep\n|turn|22\n|\n|t:|1700145376\n|-weather|none\n|switch|p2a: Arceus|Arceus-Dark|100\/100\n|move|p1a: Arceus|Extreme Speed|p2a: Arceus\n|-damage|p2a: Arceus|75\/100\n|-damage|p1a: Arceus|0 fnt|[from] item: Life Orb\n|faint|p1a: Arceus\n|\n|upkeep\n|\n|t:|1700145387\n|switch|p1a: Garganacl|Garganacl, M, shiny|100\/100\n|turn|23\n|\n|t:|1700145390\n|move|p2a: Arceus|Taunt|p1a: Garganacl\n|-start|p1a: Garganacl|move: Taunt\n|cant|p1a: Garganacl|move: Taunt|Curse\n|\n|upkeep\n|turn|24\n|\n|t:|1700145396\n|move|p2a: Arceus|Calm Mind|p2a: Arceus\n|-boost|p2a: Arceus|spa|1\n|-boost|p2a: Arceus|spd|1\n|move|p1a: Garganacl|Salt Cure|p2a: Arceus\n|-damage|p2a: Arceus|66\/100\n|-start|p2a: Arceus|Salt Cure\n|\n|-damage|p2a: Arceus|54\/100|[from] Salt Cure\n|upkeep\n|turn|25\n|\n|t:|1700145407\n|switch|p1a: Yveltal|Yveltal|63\/100\n|-ability|p1a: Yveltal|Dark Aura\n|move|p2a: Arceus|Recover|p2a: Arceus\n|-heal|p2a: Arceus|100\/100\n|\n|-damage|p2a: Arceus|88\/100|[from] Salt Cure\n|upkeep\n|turn|26\n|\n|t:|1700145420\n|move|p2a: Arceus|Calm Mind|p2a: Arceus\n|-boost|p2a: Arceus|spa|1\n|-boost|p2a: Arceus|spd|1\n|move|p1a: Yveltal|Taunt|p2a: Arceus\n|-start|p2a: Arceus|move: Taunt\n|\n|-damage|p2a: Arceus|76\/100|[from] Salt Cure\n|upkeep\n|turn|27\n|\n|t:|1700145428\n|move|p2a: Arceus|Judgment|p1a: Yveltal\n|-resisted|p1a: Yveltal\n|-damage|p1a: Yveltal|6\/100\n|move|p1a: Yveltal|Oblivion Wing|p2a: Arceus\n|-damage|p2a: Arceus|62\/100\n|-heal|p1a: Yveltal|18\/100|[from] drain|[of] p2a: Arceus\n|\n|-damage|p2a: Arceus|49\/100|[from] Salt Cure\n|upkeep\n|turn|28\n|\n|t:|1700145441\n|move|p1a: Yveltal|Sucker Punch|p2a: Arceus\n|-resisted|p2a: Arceus\n|-damage|p2a: Arceus|37\/100\n|move|p2a: Arceus|Judgment|p1a: Yveltal\n|-resisted|p1a: Yveltal\n|-damage|p1a: Yveltal|0 fnt\n|faint|p1a: Yveltal\n|\n|-damage|p2a: Arceus|25\/100|[from] Salt Cure\n|upkeep\n|\n|t:|1700145452\n|switch|p1a: Dragapult|Dragapult, M|100\/100\n|turn|29\n|\n|t:|1700145456\n|switch|p2a: Ho-Oh|Ho-Oh, tera:Grass|60\/100\n|move|p1a: Dragapult|Dragon Darts|p2a: Ho-Oh\n|-damage|p2a: Ho-Oh|38\/100\n|-anim|p1a: Dragapult|Dragon Darts|p2a: Ho-Oh\n|-damage|p2a: Ho-Oh|16\/100\n|-damage|p1a: Dragapult|91\/100|[from] item: Life Orb\n|\n|upkeep\n|turn|30\n|\n|t:|1700145472\n|switch|p2a: Dondozo|Dondozo, M|72\/100\n|move|p1a: Dragapult|Dragon Darts|p2a: Dondozo\n|-damage|p2a: Dondozo|54\/100\n|-anim|p1a: Dragapult|Dragon Darts|p2a: Dondozo\n|-damage|p2a: Dondozo|38\/100\n|-damage|p1a: Dragapult|81\/100|[from] item: Life Orb\n|\n|-heal|p2a: Dondozo|44\/100|[from] item: Leftovers\n|upkeep\n|turn|31\n|\n|t:|1700145483\n|switch|p1a: Garganacl|Garganacl, M, shiny|100\/100\n|move|p2a: Dondozo|Rest|p2a: Dondozo\n|-status|p2a: Dondozo|slp|[from] move: Rest\n|-heal|p2a: Dondozo|100\/100 slp|[silent]\n|\n|upkeep\n|turn|32\n|\n|t:|1700145501\n|switch|p2a: Ho-Oh|Ho-Oh, tera:Grass|50\/100\n|move|p1a: Garganacl|Curse|p1a: Garganacl\n|-unboost|p1a: Garganacl|spe|1\n|-boost|p1a: Garganacl|atk|1\n|-boost|p1a: Garganacl|def|1\n|\n|upkeep\n|turn|33\n|\n|t:|1700145510\n|move|p1a: Garganacl|Salt Cure|p2a: Ho-Oh\n|-damage|p2a: Ho-Oh|35\/100\n|-start|p2a: Ho-Oh|Salt Cure\n|move|p2a: Ho-Oh|Whirlwind|p1a: Garganacl\n|drag|p1a: Dragapult|Dragapult, M|81\/100\n|\n|-damage|p2a: Ho-Oh|23\/100|[from] Salt Cure\n|upkeep\n|turn|34\n|\n|t:|1700145518\n|switch|p2a: Dondozo|Dondozo, M|100\/100 slp\n|move|p1a: Dragapult|Dragon Darts|p2a: Dondozo\n|-damage|p2a: Dondozo|83\/100 slp\n|-anim|p1a: Dragapult|Dragon Darts|p2a: Dondozo\n|-damage|p2a: Dondozo|67\/100 slp\n|-damage|p1a: Dragapult|71\/100|[from] item: Life Orb\n|\n|-heal|p2a: Dondozo|73\/100 slp|[from] item: Leftovers\n|upkeep\n|turn|35\n|\n|t:|1700145530\n|switch|p1a: Garganacl|Garganacl, M, shiny|100\/100\n|cant|p2a: Dondozo|slp\n|\n|-heal|p2a: Dondozo|79\/100 slp|[from] item: Leftovers\n|upkeep\n|turn|36\n|\n|t:|1700145542\n|switch|p2a: Yveltal|Yveltal|72\/100\n|-ability|p2a: Yveltal|Dark Aura\n|move|p1a: Garganacl|Salt Cure|p2a: Yveltal\n|-supereffective|p2a: Yveltal\n|-damage|p2a: Yveltal|49\/100\n|-start|p2a: Yveltal|Salt Cure\n|\n|-heal|p2a: Yveltal|56\/100|[from] item: Leftovers\n|-damage|p2a: Yveltal|43\/100|[from] Salt Cure\n|upkeep\n|turn|37\n|\n|t:|1700145558\n|move|p2a: Yveltal|Knock Off|p1a: Garganacl\n|-damage|p1a: Garganacl|69\/100\n|-enditem|p1a: Garganacl|Leftovers|[from] move: Knock Off|[of] p2a: Yveltal\n|move|p1a: Garganacl|Curse|p1a: Garganacl\n|-unboost|p1a: Garganacl|spe|1\n|-boost|p1a: Garganacl|atk|1\n|-boost|p1a: Garganacl|def|1\n|\n|-heal|p2a: Yveltal|49\/100|[from] item: Leftovers\n|-damage|p2a: Yveltal|37\/100|[from] Salt Cure\n|upkeep\n|turn|38\n|\n|t:|1700145573\n|switch|p2a: Ho-Oh|Ho-Oh, tera:Grass|56\/100\n|move|p1a: Garganacl|Salt Cure|p2a: Ho-Oh\n|-damage|p2a: Ho-Oh|41\/100\n|-start|p2a: Ho-Oh|Salt Cure\n|\n|-damage|p2a: Ho-Oh|29\/100|[from] Salt Cure\n|upkeep\n|turn|39\n|\n|t:|1700145580\n|move|p1a: Garganacl|Salt Cure|p2a: Ho-Oh\n|-damage|p2a: Ho-Oh|16\/100\n|move|p2a: Ho-Oh|Whirlwind|p1a: Garganacl\n|drag|p1a: Salamence|Salamence-Mega, M|82\/100 tox\n|\n|-damage|p1a: Salamence|76\/100 tox|[from] psn\n|-damage|p2a: Ho-Oh|4\/100|[from] Salt Cure\n|upkeep\n|turn|40\n|\n|t:|1700145599\n|switch|p2a: Arceus|Arceus-Dark|25\/100\n|move|p1a: Salamence|Facade|p2a: Arceus\n|-damage|p2a: Arceus|0 fnt\n|faint|p2a: Arceus\n|\n|-damage|p1a: Salamence|64\/100 tox|[from] psn\n|upkeep\n|\n|t:|1700145611\n|switch|p2a: Eternatus|Eternatus|79\/100\n|-ability|p2a: Eternatus|Pressure\n|turn|41\n|\n|t:|1700145616\n|move|p2a: Eternatus|Sludge Bomb|p1a: Salamence\n|-damage|p1a: Salamence|18\/100 tox\n|move|p1a: Salamence|Facade|p2a: Eternatus\n|-damage|p2a: Eternatus|12\/100\n|\n|-heal|p2a: Eternatus|18\/100|[from] item: Black Sludge\n|-damage|p1a: Salamence|0 fnt|[from] psn\n|faint|p1a: Salamence\n|upkeep\n|\n|t:|1700145626\n|switch|p1a: Dragapult|Dragapult, M|71\/100\n|turn|42\n|\n|t:|1700145631\n|switch|p2a: Dondozo|Dondozo, M|79\/100 slp\n|move|p1a: Dragapult|Dragon Darts|p2a: Dondozo\n|-damage|p2a: Dondozo|62\/100 slp\n|-anim|p1a: Dragapult|Dragon Darts|p2a: Dondozo\n|-damage|p2a: Dondozo|46\/100 slp\n|-damage|p1a: Dragapult|61\/100|[from] item: Life Orb\n|\n|-heal|p2a: Dondozo|52\/100 slp|[from] item: Leftovers\n|upkeep\n|turn|43\n|\n|t:|1700145641\n|switch|p1a: Garganacl|Garganacl, M, shiny|69\/100\n|switch|p2a: Groudon|Groudon-Primal|76\/100\n|-weather|DesolateLand|[from] ability: Desolate Land|[of] p2a: Groudon\n|\n|-weather|DesolateLand|[upkeep]\n|upkeep\n|turn|44\n|\n|t:|1700145647\n|switch|p1a: Dragapult|Dragapult, M|61\/100\n|move|p2a: Groudon|Precipice Blades|p1a: Dragapult\n|-damage|p1a: Dragapult|0 fnt\n|faint|p1a: Dragapult\n|\n|-weather|DesolateLand|[upkeep]\n|upkeep\n|\n|t:|1700145653\n|switch|p1a: Garganacl|Garganacl, M, shiny|69\/100\n|turn|45\n|\n|t:|1700145656\n|move|p2a: Groudon|Precipice Blades|p1a: Garganacl\n|-supereffective|p1a: Garganacl\n|-damage|p1a: Garganacl|0 fnt\n|faint|p1a: Garganacl\n|\n|win|zooz da tromp\n|raw|danish13's rating: 1491 &rarr; <strong>1481<\/strong><br \/>(-10 for losing)\n|raw|zooz da tromp's rating: 1672 &rarr; <strong>1682<\/strong><br \/>(+10 for winning)\n|l|\u2606zooz da tromp\n|l|\u2606danish13\n","uploadtime":1700147625,"views":11,"p1id":"danish13","p2id":"zoozdatromp","formatid":"gen9nationaldexubers","rating":1481,"private":0,"password":""}