{"id":"gen9nationaldexubers-1979371751","p1":"Celentinel","p2":"EndominusRex430","format":"[Gen 9] National Dex Ubers","log":"|j|\u2606Celentinel\n|j|\u2606EndominusRex430\n|t:|1698677378\n|gametype|singles\n|player|p1|Celentinel|170|1000\n|player|p2|EndominusRex430|lance|1000\n|teamsize|p1|1\n|teamsize|p2|6\n|gen|9\n|tier|[Gen 9] National Dex Ubers\n|rated|\n|rule|HP Percentage Mod: HP is shown in percentages\n|rule|Endless Battle Clause: Forcing endless battles is banned\n|rule|OHKO Clause: OHKO moves are banned\n|rule|Evasion Moves Clause: Evasion moves are banned\n|rule|Evasion Items Clause: Evasion items are banned\n|rule|Species Clause: Limit one of each Pok\u00e9mon\n|rule|Sleep Clause Mod: Limit one foe put to sleep\n|rule|Mega Rayquaza Clause: You cannot mega evolve Rayquaza\n|clearpoke\n|poke|p1|Groudon|\n|poke|p2|Blaziken, M|\n|poke|p2|Charizard, F|\n|poke|p2|Reshiram|\n|poke|p2|Volcarona, F|\n|poke|p2|Skeledirge, F|\n|poke|p2|Ceruledge, M|\n|teampreview\n|inactive|Battle timer is ON: inactive players will automatically lose when time's up. (requested by Celentinel)\n|\n|t:|1698677388\n|start\n|switch|p1a: Groudon|Groudon, shiny|100\/100\n|switch|p2a: Volcarona|Volcarona, F|100\/100\n|detailschange|p1a: Groudon|Groudon-Primal, shiny\n|-primal|p1a: Groudon|Red Orb\n|-weather|DesolateLand|[from] ability: Desolate Land|[of] p1a: Groudon\n|turn|1\n|\n|t:|1698677402\n|move|p2a: Volcarona|Quiver Dance|p2a: Volcarona\n|-boost|p2a: Volcarona|spa|1\n|-boost|p2a: Volcarona|spd|1\n|-boost|p2a: Volcarona|spe|1\n|move|p1a: Groudon|Rock Polish|p1a: Groudon\n|-boost|p1a: Groudon|spe|2\n|\n|-weather|DesolateLand|[upkeep]\n|upkeep\n|turn|2\n|\n|t:|1698677410\n|move|p2a: Volcarona|Giga Drain|p1a: Groudon\n|-damage|p1a: Groudon|57\/100\n|-damage|p2a: Volcarona|91\/100|[from] item: Life Orb\n|move|p1a: Groudon|Swords Dance|p1a: Groudon\n|-boost|p1a: Groudon|atk|2\n|\n|-weather|DesolateLand|[upkeep]\n|upkeep\n|turn|3\n|\n|t:|1698677418\n|move|p2a: Volcarona|Giga Drain|p1a: Groudon\n|-damage|p1a: Groudon|13\/100\n|-heal|p2a: Volcarona|100\/100|[from] drain|[of] p1a: Groudon\n|-damage|p2a: Volcarona|91\/100|[from] item: Life Orb\n|move|p1a: Groudon|Earthquake|p2a: Volcarona\n|-damage|p2a: Volcarona|0 fnt\n|faint|p2a: Volcarona\n|\n|-weather|DesolateLand|[upkeep]\n|upkeep\n|\n|t:|1698677431\n|switch|p2a: Blaziken|Blaziken, M|100\/100\n|turn|4\n|\n|t:|1698677434\n|move|p2a: Blaziken|Protect|p2a: Blaziken\n|-singleturn|p2a: Blaziken|Protect\n|move|p1a: Groudon|Earthquake|p2a: Blaziken\n|-activate|p2a: Blaziken|move: Protect\n|\n|-weather|DesolateLand|[upkeep]\n|-ability|p2a: Blaziken|Speed Boost|boost\n|-boost|p2a: Blaziken|spe|1\n|upkeep\n|turn|5\n|\n|t:|1698677453\n|move|p2a: Blaziken|Protect|p2a: Blaziken\n|-singleturn|p2a: Blaziken|Protect\n|move|p1a: Groudon|Earthquake|p2a: Blaziken\n|-activate|p2a: Blaziken|move: Protect\n|\n|-weather|DesolateLand|[upkeep]\n|-ability|p2a: Blaziken|Speed Boost|boost\n|-boost|p2a: Blaziken|spe|1\n|upkeep\n|turn|6\n|c|\u2606Celentinel|Bro\n|n|!Celentinel|celentinel\n|\n|t:|1698677462\n|move|p2a: Blaziken|Close Combat|p1a: Groudon\n|-damage|p1a: Groudon|0 fnt\n|-unboost|p2a: Blaziken|def|1\n|-unboost|p2a: Blaziken|spd|1\n|faint|p1a: Groudon\n|-weather|none\n|\n|win|EndominusRex430\n|raw|Celentinel's rating: 1000 &rarr; <strong>1000<\/strong><br \/>(+0 for losing)\n|raw|EndominusRex430's rating: 1000 &rarr; <strong>1040<\/strong><br \/>(+40 for winning)\n","uploadtime":1698677461,"views":10,"p1id":"celentinel","p2id":"endominusrex430","formatid":"gen9nationaldexubers","rating":1000,"private":0,"password":""}