{"id":"gen9nationaldexubers-1985606234","p1":"JjjjjjjjFd","p2":"alexchugames","format":"[Gen 9] National Dex Ubers","log":"|j|\u2606JjjjjjjjFd\n|j|\u2606alexchugames\n|t:|1699388488\n|gametype|singles\n|player|p1|JjjjjjjjFd|1|1122\n|player|p2|alexchugames|blue|1123\n|teamsize|p1|6\n|teamsize|p2|6\n|gen|9\n|tier|[Gen 9] National Dex Ubers\n|rated|\n|rule|HP Percentage Mod: HP is shown in percentages\n|rule|Endless Battle Clause: Forcing endless battles is banned\n|rule|OHKO Clause: OHKO moves are banned\n|rule|Evasion Moves Clause: Evasion moves are banned\n|rule|Evasion Items Clause: Evasion items are banned\n|rule|Species Clause: Limit one of each Pok\u00e9mon\n|rule|Sleep Clause Mod: Limit one foe put to sleep\n|rule|Mega Rayquaza Clause: You cannot mega evolve Rayquaza\n|clearpoke\n|poke|p1|Zygarde-10%|\n|poke|p1|Marshadow|\n|poke|p1|Garchomp, M|\n|poke|p1|Armarouge, M|\n|poke|p1|Scizor, M|\n|poke|p1|Dipplin, M|\n|poke|p2|Cinderace, M|\n|poke|p2|Naganadel|\n|poke|p2|Groudon|\n|poke|p2|Serperior, F|\n|poke|p2|Aegislash, M|\n|poke|p2|Tyrantrum, M|\n|teampreview\n|\n|t:|1699388494\n|start\n|switch|p1a: Scizor|Scizor, M|100\/100\n|switch|p2a: Aegislash|Aegislash, M|100\/100\n|turn|1\n|\n|t:|1699388502\n|switch|p1a: Armarouge|Armarouge, M, shiny|100\/100\n|-formechange|p2a: Aegislash|Aegislash-Blade||[from] ability: Stance Change\n|move|p2a: Aegislash|Sacred Sword|p1a: Armarouge\n|-resisted|p1a: Armarouge\n|-damage|p1a: Armarouge|84\/100\n|\n|upkeep\n|turn|2\n|\n|t:|1699388508\n|-formechange|p2a: Aegislash|Aegislash||[from] ability: Stance Change\n|move|p2a: Aegislash|King's Shield|p2a: Aegislash\n|-singleturn|p2a: Aegislash|Protect\n|move|p1a: Armarouge|Armor Cannon|p2a: Aegislash\n|-activate|p2a: Aegislash|move: Protect\n|\n|upkeep\n|turn|3\n|\n|t:|1699388520\n|switch|p2a: Tyrantrum|Tyrantrum, M|100\/100\n|move|p1a: Armarouge|Armor Cannon|p2a: Tyrantrum\n|-resisted|p2a: Tyrantrum\n|-damage|p2a: Tyrantrum|72\/100\n|-unboost|p1a: Armarouge|def|1\n|-unboost|p1a: Armarouge|spd|1\n|\n|upkeep\n|turn|4\n|\n|t:|1699388536\n|switch|p1a: Zygarde|Zygarde-10%|100\/100\n|move|p2a: Tyrantrum|Hone Claws|p2a: Tyrantrum\n|-boost|p2a: Tyrantrum|atk|1\n|-boost|p2a: Tyrantrum|accuracy|1\n|\n|upkeep\n|turn|5\n|\n|t:|1699388553\n|-terastallize|p2a: Tyrantrum|Rock\n|move|p1a: Zygarde|Core Enforcer|p2a: Tyrantrum\n|-damage|p2a: Tyrantrum|1\/100\n|move|p2a: Tyrantrum|Scale Shot|p1a: Zygarde\n|-supereffective|p1a: Zygarde\n|-damage|p1a: Zygarde|45\/100\n|-supereffective|p1a: Zygarde\n|-damage|p1a: Zygarde|0 fnt\n|faint|p1a: Zygarde\n|-hitcount|p1: Zygarde|2\n|-unboost|p2a: Tyrantrum|def|1\n|-boost|p2a: Tyrantrum|spe|1\n|\n|upkeep\n|\n|t:|1699388563\n|switch|p1a: Dipplin|Dipplin, M|100\/100\n|-ability|p1a: Dipplin|Supersweet Syrup\n|-ability|p1a: Dipplin|Supersweet Syrup|boost\n|-unboost|p2a: Tyrantrum|evasion|1\n|turn|6\n|\n|t:|1699388569\n|move|p2a: Tyrantrum|Scale Shot|p1a: Dipplin\n|-supereffective|p1a: Dipplin\n|-crit|p1a: Dipplin\n|-damage|p1a: Dipplin|52\/100\n|-supereffective|p1a: Dipplin\n|-damage|p1a: Dipplin|19\/100\n|-supereffective|p1a: Dipplin\n|-damage|p1a: Dipplin|0 fnt\n|faint|p1a: Dipplin\n|-hitcount|p1: Dipplin|3\n|-unboost|p2a: Tyrantrum|def|1\n|-boost|p2a: Tyrantrum|spe|1\n|\n|upkeep\n|\n|t:|1699388580\n|switch|p1a: Scizor|Scizor, M|100\/100\n|turn|7\n|\n|t:|1699388596\n|move|p1a: Scizor|Bullet Punch|p2a: Tyrantrum\n|-supereffective|p2a: Tyrantrum\n|-damage|p2a: Tyrantrum|0 fnt\n|faint|p2a: Tyrantrum\n|\n|upkeep\n|inactive|Battle timer is ON: inactive players will automatically lose when time's up. (requested by JjjjjjjjFd)\n|\n|t:|1699388599\n|switch|p2a: Rheyse|Cinderace, M, shiny|100\/100\n|turn|8\n|\n|t:|1699388605\n|switch|p1a: Garchomp|Garchomp, M|100\/100\n|move|p2a: Rheyse|Pyro Ball|p1a: Garchomp|[miss]\n|-miss|p2a: Rheyse|p1a: Garchomp\n|\n|upkeep\n|turn|9\n|\n|t:|1699388618\n|switch|p2a: Serperior|Serperior, F|100\/100\n|detailschange|p1a: Garchomp|Garchomp-Mega, M\n|-mega|p1a: Garchomp|Garchomp|Garchompite\n|move|p1a: Garchomp|Earthquake|p2a: Serperior\n|-resisted|p2a: Serperior\n|-damage|p2a: Serperior|65\/100\n|\n|upkeep\n|turn|10\n|\n|t:|1699388625\n|switch|p1a: Scizor|Scizor, M|100\/100\n|move|p2a: Serperior|Glare|p1a: Scizor\n|-status|p1a: Scizor|par\n|\n|upkeep\n|turn|11\n|\n|t:|1699388633\n|move|p2a: Serperior|Knock Off|p1a: Scizor\n|-damage|p1a: Scizor|81\/100 par\n|-enditem|p1a: Scizor|Expert Belt|[from] move: Knock Off|[of] p2a: Serperior\n|cant|p1a: Scizor|par\n|\n|upkeep\n|turn|12\n|\n|t:|1699388638\n|move|p2a: Serperior|Synthesis|p2a: Serperior\n|-heal|p2a: Serperior|100\/100\n|move|p1a: Scizor|X-Scissor|p2a: Serperior\n|-supereffective|p2a: Serperior\n|-damage|p2a: Serperior|19\/100\n|\n|upkeep\n|turn|13\n|\n|t:|1699388645\n|move|p1a: Scizor|Bullet Punch|p2a: Serperior\n|-damage|p2a: Serperior|0 fnt\n|faint|p2a: Serperior\n|\n|upkeep\n|\n|t:|1699388649\n|switch|p2a: Aegislash|Aegislash, M|100\/100\n|turn|14\n|\n|t:|1699388657\n|-formechange|p2a: Aegislash|Aegislash-Blade||[from] ability: Stance Change\n|move|p2a: Aegislash|Shadow Claw|p1a: Scizor\n|-damage|p1a: Scizor|36\/100 par\n|move|p1a: Scizor|Dual Wingbeat|p2a: Aegislash\n|-resisted|p2a: Aegislash\n|-damage|p2a: Aegislash|82\/100\n|-resisted|p2a: Aegislash\n|-damage|p2a: Aegislash|64\/100\n|-hitcount|p2a: Aegislash|2\n|\n|upkeep\n|turn|15\n|\n|t:|1699388670\n|move|p2a: Aegislash|Shadow Claw|p1a: Scizor\n|-damage|p1a: Scizor|0 fnt\n|faint|p1a: Scizor\n|\n|upkeep\n|\n|t:|1699388675\n|switch|p1a: Armarouge|Armarouge, M, shiny|84\/100\n|turn|16\n|\n|t:|1699388684\n|move|p1a: Armarouge|Armor Cannon|p2a: Aegislash\n|-supereffective|p2a: Aegislash\n|-damage|p2a: Aegislash|0 fnt\n|-unboost|p1a: Armarouge|def|1\n|-unboost|p1a: Armarouge|spd|1\n|faint|p2a: Aegislash\n|\n|upkeep\n|\n|t:|1699388689\n|switch|p2a: Naganadel|Naganadel|100\/100\n|turn|17\n|\n|t:|1699388696\n|-terastallize|p1a: Armarouge|Steel\n|move|p2a: Naganadel|Dark Pulse|p1a: Armarouge\n|-damage|p1a: Armarouge|43\/100\n|-damage|p2a: Naganadel|91\/100|[from] item: Life Orb\n|move|p1a: Armarouge|Psychic|p2a: Naganadel\n|-supereffective|p2a: Naganadel\n|-damage|p2a: Naganadel|0 fnt\n|faint|p2a: Naganadel\n|\n|upkeep\n|\n|t:|1699388707\n|switch|p2a: Groudon|Groudon|100\/100\n|detailschange|p2a: Groudon|Groudon-Primal\n|-primal|p2a: Groudon|Red Orb\n|-weather|DesolateLand|[from] ability: Desolate Land|[of] p2a: Groudon\n|turn|18\n|\n|t:|1699388719\n|move|p2a: Groudon|Bulk Up|p2a: Groudon\n|-boost|p2a: Groudon|atk|1\n|-boost|p2a: Groudon|def|1\n|move|p1a: Armarouge|Psychic|p2a: Groudon\n|-damage|p2a: Groudon|56\/100\n|\n|-weather|DesolateLand|[upkeep]\n|upkeep\n|turn|19\n|\n|t:|1699388726\n|move|p2a: Groudon|Precipice Blades|p1a: Armarouge\n|-supereffective|p1a: Armarouge\n|-damage|p1a: Armarouge|0 fnt\n|faint|p1a: Armarouge\n|\n|-weather|DesolateLand|[upkeep]\n|upkeep\n|\n|t:|1699388732\n|switch|p1a: Garchomp|Garchomp-Mega, M|100\/100\n|turn|20\n|\n|t:|1699388736\n|move|p1a: Garchomp|Earthquake|p2a: Groudon\n|-supereffective|p2a: Groudon\n|-damage|p2a: Groudon|12\/100\n|move|p2a: Groudon|Precipice Blades|p1a: Garchomp\n|-damage|p1a: Garchomp|13\/100\n|\n|-weather|DesolateLand|[upkeep]\n|upkeep\n|turn|21\n|\n|t:|1699388744\n|move|p1a: Garchomp|Earthquake|p2a: Groudon\n|-supereffective|p2a: Groudon\n|-damage|p2a: Groudon|0 fnt\n|faint|p2a: Groudon\n|-weather|none\n|\n|upkeep\n|\n|t:|1699388746\n|switch|p2a: Rheyse|Cinderace, M, shiny|100\/100\n|turn|22\n|\n|t:|1699388756\n|move|p2a: Rheyse|Pyro Ball|p1a: Garchomp\n|-resisted|p1a: Garchomp\n|-damage|p1a: Garchomp|0 fnt\n|faint|p1a: Garchomp\n|\n|upkeep\n|\n|t:|1699388761\n|switch|p1a: Marshadow|Marshadow|100\/100\n|turn|23\n|\n|t:|1699388765\n|-zpower|p2a: Rheyse\n|move|p2a: Rheyse|Inferno Overdrive|p1a: Marshadow|[zeffect]\n|-damage|p1a: Marshadow|14\/100\n|-zpower|p1a: Marshadow\n|move|p1a: Marshadow|Soul-Stealing 7-Star Strike|p2a: Rheyse|[zeffect]\n|-damage|p2a: Rheyse|0 fnt\n|faint|p2a: Rheyse\n|\n|win|JjjjjjjjFd\n|raw|JjjjjjjjFd's rating: 1122 &rarr; <strong>1147<\/strong><br \/>(+25 for winning)\n|raw|alexchugames's rating: 1123 &rarr; <strong>1098<\/strong><br \/>(-25 for losing)\n|l|\u2606alexchugames\n","uploadtime":1699388772,"views":4,"p1id":"jjjjjjjjfd","p2id":"alexchugames","formatid":"gen9nationaldexubers","rating":1098,"private":0,"password":""}