{"id":"gen9nationaldexubers-1996755961","p1":"Ash Ketchum344","p2":"Elsombrio14","format":"[Gen 9] National Dex Ubers","log":"|j|\u2606Ash Ketchum344\n|j|\u2606Elsombrio14\n|t:|1700719840\n|gametype|singles\n|player|p1|Ash Ketchum344|lucas-gen4pt|1128\n|player|p2|Elsombrio14|1|1187\n|teamsize|p1|6\n|teamsize|p2|6\n|gen|9\n|tier|[Gen 9] National Dex Ubers\n|rated|\n|rule|HP Percentage Mod: HP is shown in percentages\n|rule|Endless Battle Clause: Forcing endless battles is banned\n|rule|OHKO Clause: OHKO moves are banned\n|rule|Evasion Moves Clause: Evasion moves are banned\n|rule|Evasion Items Clause: Evasion items are banned\n|rule|Species Clause: Limit one of each Pok\u00e9mon\n|rule|Sleep Clause Mod: Limit one foe put to sleep\n|rule|Mega Rayquaza Clause: You cannot mega evolve Rayquaza\n|clearpoke\n|poke|p1|Pikachu, F|\n|poke|p1|Lucario, M|\n|poke|p1|Dragonite, F|\n|poke|p1|Dracovish|\n|poke|p1|Gengar, M|\n|poke|p1|Sirfetch\u2019d, M|\n|poke|p2|Blastoise, M|\n|poke|p2|Dracovish|\n|poke|p2|Mewtwo|\n|poke|p2|Zygarde|\n|poke|p2|Groudon|\n|poke|p2|Marshadow|\n|teampreview\n|inactive|Battle timer is ON: inactive players will automatically lose when time's up. (requested by Ash Ketchum344)\n|\n|t:|1700719849\n|start\n|switch|p1a: Pikachu|Pikachu, F|100\/100\n|switch|p2a: Mewtwo|Mewtwo|100\/100\n|-ability|p2a: Mewtwo|Unnerve\n|turn|1\n|\n|t:|1700719861\n|move|p1a: Pikachu|Fake Out|p2a: Mewtwo\n|-damage|p2a: Mewtwo|85\/100\n|cant|p2a: Mewtwo|flinch\n|\n|upkeep\n|turn|2\n|\n|t:|1700719868\n|move|p1a: Pikachu|Extreme Speed|p2a: Mewtwo\n|-damage|p2a: Mewtwo|49\/100\n|move|p2a: Mewtwo|Calm Mind|p2a: Mewtwo\n|-boost|p2a: Mewtwo|spa|1\n|-boost|p2a: Mewtwo|spd|1\n|\n|upkeep\n|turn|3\n|\n|t:|1700719882\n|move|p1a: Pikachu|Extreme Speed|p2a: Mewtwo\n|-damage|p2a: Mewtwo|17\/100\n|move|p2a: Mewtwo|Psystrike|p1a: Pikachu\n|-damage|p1a: Pikachu|0 fnt\n|faint|p1a: Pikachu\n|-damage|p2a: Mewtwo|7\/100|[from] item: Life Orb\n|\n|upkeep\n|\n|t:|1700719889\n|switch|p1a: Lucario|Lucario, M|100\/100\n|turn|4\n|\n|t:|1700719896\n|detailschange|p1a: Lucario|Lucario-Mega, M\n|-mega|p1a: Lucario|Lucario|Lucarionite\n|move|p1a: Lucario|Bullet Punch|p2a: Mewtwo\n|-damage|p2a: Mewtwo|0 fnt\n|faint|p2a: Mewtwo\n|\n|upkeep\n|\n|t:|1700719912\n|switch|p2a: Groudon|Groudon|100\/100\n|detailschange|p2a: Groudon|Groudon-Primal\n|-primal|p2a: Groudon|Red Orb\n|-weather|DesolateLand|[from] ability: Desolate Land|[of] p2a: Groudon\n|turn|5\n|\n|t:|1700719924\n|move|p1a: Lucario|Close Combat|p2a: Groudon\n|-damage|p2a: Groudon|35\/100\n|-unboost|p1a: Lucario|def|1\n|-unboost|p1a: Lucario|spd|1\n|move|p2a: Groudon|Heat Crash|p1a: Lucario\n|-supereffective|p1a: Lucario\n|-damage|p1a: Lucario|0 fnt\n|faint|p1a: Lucario\n|\n|-weather|DesolateLand|[upkeep]\n|upkeep\n|\n|t:|1700719932\n|switch|p1a: Dragonite|Dragonite, F|100\/100\n|turn|6\n|\n|t:|1700719942\n|move|p1a: Dragonite|Dragon Dance|p1a: Dragonite\n|-boost|p1a: Dragonite|atk|1\n|-boost|p1a: Dragonite|spe|1\n|move|p2a: Groudon|Thunderbolt|p1a: Dragonite\n|-damage|p1a: Dragonite|83\/100\n|\n|-weather|DesolateLand|[upkeep]\n|upkeep\n|turn|7\n|\n|t:|1700719954\n|move|p1a: Dragonite|Dragon Dance|p1a: Dragonite\n|-boost|p1a: Dragonite|atk|1\n|-boost|p1a: Dragonite|spe|1\n|move|p2a: Groudon|Thunderbolt|p1a: Dragonite\n|-damage|p1a: Dragonite|44\/100\n|\n|-weather|DesolateLand|[upkeep]\n|upkeep\n|turn|8\n|\n|t:|1700719963\n|move|p1a: Dragonite|Dragon Rush|p2a: Groudon\n|-damage|p2a: Groudon|0 fnt\n|faint|p2a: Groudon\n|-weather|none\n|\n|upkeep\n|\n|t:|1700719970\n|switch|p2a: Zygarde|Zygarde|100\/100\n|turn|9\n|\n|t:|1700719976\n|move|p1a: Dragonite|Dragon Rush|p2a: Zygarde\n|-supereffective|p2a: Zygarde\n|-enditem|p2a: Zygarde|Focus Sash\n|-damage|p2a: Zygarde|1\/100\n|cant|p2a: Zygarde|flinch\n|\n|-activate|p2a: Zygarde|ability: Power Construct\n|detailschange|p2a: Zygarde|Zygarde-Complete\n|-heal|p2a: Zygarde|38\/100|[silent]\n|upkeep\n|turn|10\n|\n|t:|1700719990\n|move|p2a: Zygarde|Extreme Speed|p1a: Dragonite\n|-damage|p1a: Dragonite|20\/100\n|move|p1a: Dragonite|Dragon Rush|p2a: Zygarde\n|-supereffective|p2a: Zygarde\n|-damage|p2a: Zygarde|0 fnt\n|faint|p2a: Zygarde\n|\n|upkeep\n|\n|t:|1700720001\n|switch|p2a: Marshadow|Marshadow|100\/100\n|turn|11\n|\n|t:|1700720006\n|-terastallize|p1a: Dragonite|Normal\n|move|p2a: Marshadow|Shadow Sneak|p1a: Dragonite\n|-immune|p1a: Dragonite\n|move|p1a: Dragonite|Dragon Rush|p2a: Marshadow\n|-damage|p2a: Marshadow|0 fnt\n|faint|p2a: Marshadow\n|\n|upkeep\n|\n|t:|1700720017\n|switch|p2a: Blastoise|Blastoise, M|100\/100\n|turn|12\n|\n|t:|1700720023\n|detailschange|p2a: Blastoise|Blastoise-Mega, M\n|-mega|p2a: Blastoise|Blastoise|Blastoisinite\n|move|p1a: Dragonite|Dragon Rush|p2a: Blastoise|[miss]\n|-miss|p1a: Dragonite|p2a: Blastoise\n|move|p2a: Blastoise|Shell Smash|p2a: Blastoise\n|-unboost|p2a: Blastoise|def|1\n|-unboost|p2a: Blastoise|spd|1\n|-boost|p2a: Blastoise|atk|2\n|-boost|p2a: Blastoise|spa|2\n|-boost|p2a: Blastoise|spe|2\n|\n|upkeep\n|turn|13\n|\n|t:|1700720039\n|move|p1a: Dragonite|Extreme Speed|p2a: Blastoise\n|-damage|p2a: Blastoise|0 fnt\n|faint|p2a: Blastoise\n|\n|upkeep\n|\n|t:|1700720045\n|switch|p2a: Dracovish|Dracovish|100\/100\n|turn|14\n|\n|t:|1700720049\n|move|p1a: Dragonite|Extreme Speed|p2a: Dracovish\n|-damage|p2a: Dracovish|9\/100\n|move|p2a: Dracovish|Fishious Rend|p1a: Dragonite\n|-damage|p1a: Dragonite|0 fnt\n|faint|p1a: Dragonite\n|\n|upkeep\n|\n|t:|1700720056\n|switch|p1a: Dracovish|Dracovish|100\/100\n|turn|15\n|\n|t:|1700720061\n|move|p1a: Dracovish|Fishious Rend|p2a: Dracovish\n|-resisted|p2a: Dracovish\n|-damage|p2a: Dracovish|0 fnt\n|faint|p2a: Dracovish\n|\n|win|Ash Ketchum344\n|raw|Ash Ketchum344's rating: 1128 &rarr; <strong>1157<\/strong><br \/>(+29 for winning)\n|raw|Elsombrio14's rating: 1187 &rarr; <strong>1158<\/strong><br \/>(-29 for losing)\n|l|\u2606Elsombrio14\n","uploadtime":1700720067,"views":8,"p1id":"ashketchum344","p2id":"elsombrio14","formatid":"gen9nationaldexubers","rating":1157,"private":0,"password":""}