{"id":"gen9nationaldexubers-1997519838","p1":"Shinigami.exe","p2":"TaTrey","format":"[Gen 9] National Dex Ubers","log":"|j|\u2606Shinigami.exe\n|j|\u2606TaTrey\n|t:|1700819280\n|gametype|singles\n|player|p1|Shinigami.exe|winona|1315\n|player|p2|TaTrey|giovanni|1306\n|teamsize|p1|6\n|teamsize|p2|6\n|gen|9\n|tier|[Gen 9] National Dex Ubers\n|rated|\n|rule|HP Percentage Mod: HP is shown in percentages\n|rule|Endless Battle Clause: Forcing endless battles is banned\n|rule|OHKO Clause: OHKO moves are banned\n|rule|Evasion Moves Clause: Evasion moves are banned\n|rule|Evasion Items Clause: Evasion items are banned\n|rule|Species Clause: Limit one of each Pok\u00e9mon\n|rule|Sleep Clause Mod: Limit one foe put to sleep\n|rule|Mega Rayquaza Clause: You cannot mega evolve Rayquaza\n|clearpoke\n|poke|p1|Uxie|\n|poke|p1|Toxtricity, F|\n|poke|p1|Hitmonlee, M|\n|poke|p1|Cloyster, M|\n|poke|p1|Marshadow|\n|poke|p1|Necrozma-Dusk-Mane|\n|poke|p2|Urshifu-*, M|\n|poke|p2|Kommo-o, F|\n|poke|p2|Arcanine-Hisui, F|\n|poke|p2|Palafin, M|\n|poke|p2|Zoroark-Hisui, F|\n|poke|p2|Scolipede, M|\n|teampreview\n|\n|t:|1700819291\n|start\n|switch|p1a: Uxie|Uxie, shiny|100\/100\n|switch|p2a: Palafin|Palafin, M|100\/100\n|turn|1\n|\n|t:|1700819297\n|move|p2a: Palafin|Flip Turn|p1a: Uxie\n|-damage|p1a: Uxie|81\/100\n|\n|t:|1700819303\n|detailschange|p2a: Palafin|Palafin-Hero, M\n|switch|p2a: Scolipede|Scolipede, M|100\/100|[from] Flip Turn\n|move|p1a: Uxie|Reflect|p1a: Uxie\n|-sidestart|p1: Shinigami.exe|Reflect\n|\n|upkeep\n|turn|2\n|\n|t:|1700819313\n|move|p2a: Scolipede|Swords Dance|p2a: Scolipede\n|-boost|p2a: Scolipede|atk|2\n|move|p1a: Uxie|Yawn|p2a: Scolipede\n|-start|p2a: Scolipede|move: Yawn|[of] p1a: Uxie\n|\n|-ability|p2a: Scolipede|Speed Boost|boost\n|-boost|p2a: Scolipede|spe|1\n|upkeep\n|turn|3\n|\n|t:|1700819323\n|move|p2a: Scolipede|X-Scissor|p1a: Uxie\n|-supereffective|p1a: Uxie\n|-damage|p1a: Uxie|38\/100\n|move|p1a: Uxie|Memento|p2a: Scolipede\n|-unboost|p2a: Scolipede|atk|2\n|-unboost|p2a: Scolipede|spa|2\n|faint|p1a: Uxie\n|\n|-end|p2a: Scolipede|move: Yawn|[silent]\n|-status|p2a: Scolipede|slp\n|-ability|p2a: Scolipede|Speed Boost|boost\n|-boost|p2a: Scolipede|spe|1\n|upkeep\n|\n|t:|1700819333\n|switch|p1a: Necrozma|Necrozma-Dusk-Mane|100\/100\n|turn|4\n|\n|t:|1700819338\n|cant|p2a: Scolipede|slp\n|move|p1a: Necrozma|Dragon Dance|p1a: Necrozma\n|-boost|p1a: Necrozma|atk|1\n|-boost|p1a: Necrozma|spe|1\n|\n|-ability|p2a: Scolipede|Speed Boost|boost\n|-boost|p2a: Scolipede|spe|1\n|upkeep\n|turn|5\n|\n|t:|1700819345\n|cant|p2a: Scolipede|slp\n|move|p1a: Necrozma|Photon Geyser|p2a: Scolipede\n|-supereffective|p2a: Scolipede\n|-damage|p2a: Scolipede|0 fnt\n|faint|p2a: Scolipede\n|\n|upkeep\n|\n|t:|1700819358\n|switch|p2a: Urshifu|Urshifu, M|100\/100\n|turn|6\n|\n|t:|1700819367\n|detailschange|p1a: Necrozma|Necrozma-Ultra\n|-burst|p1a: Necrozma|Necrozma|Ultranecrozium Z\n|move|p1a: Necrozma|Earthquake|p2a: Urshifu\n|-crit|p2a: Urshifu\n|-enditem|p2a: Urshifu|Focus Sash\n|-damage|p2a: Urshifu|1\/100\n|replace|p2a: Zoroark|Zoroark-Hisui, F\n|-end|p2a: Zoroark|Illusion\n|move|p2a: Zoroark|Nasty Plot|p2a: Zoroark\n|-boost|p2a: Zoroark|spa|2\n|\n|upkeep\n|turn|7\n|\n|t:|1700819380\n|move|p1a: Necrozma|Earthquake|p2a: Zoroark\n|-damage|p2a: Zoroark|0 fnt\n|faint|p2a: Zoroark\n|\n|upkeep\n|\n|t:|1700819387\n|switch|p2a: Arcanine|Arcanine-Hisui, F|100\/100\n|-ability|p2a: Arcanine|Intimidate|boost\n|-unboost|p1a: Necrozma|atk|1\n|turn|8\n|\n|t:|1700819394\n|move|p2a: Arcanine|Extreme Speed|p1a: Necrozma\n|-damage|p1a: Necrozma|81\/100\n|move|p1a: Necrozma|Earthquake|p2a: Arcanine\n|-supereffective|p2a: Arcanine\n|-damage|p2a: Arcanine|0 fnt\n|faint|p2a: Arcanine\n|\n|-sideend|p1: Shinigami.exe|Reflect\n|upkeep\n|\n|t:|1700819404\n|switch|p2a: Palafin|Palafin-Hero, M|100\/100\n|-activate|p2a: Palafin|ability: Zero to Hero\n|turn|9\n|\n|t:|1700819409\n|move|p2a: Palafin|Jet Punch|p1a: Necrozma\n|-resisted|p1a: Necrozma\n|-damage|p1a: Necrozma|52\/100\n|-zpower|p1a: Necrozma\n|move|p1a: Necrozma|Light That Burns the Sky|p2a: Palafin|[zeffect]\n|-damage|p2a: Palafin|0 fnt\n|faint|p2a: Palafin\n|\n|upkeep\n|\n|t:|1700819419\n|switch|p2a: Urshifu|Urshifu, M|100\/100\n|turn|10\n|\n|t:|1700819424\n|move|p2a: Urshifu|Sucker Punch|p1a: Necrozma\n|-supereffective|p1a: Necrozma\n|-damage|p1a: Necrozma|0 fnt\n|faint|p1a: Necrozma\n|\n|upkeep\n|\n|t:|1700819436\n|switch|p1a: Marshadow|Marshadow|100\/100\n|turn|11\n|\n|t:|1700819441\n|move|p2a: Urshifu|Sucker Punch|p1a: Marshadow\n|-damage|p1a: Marshadow|55\/100\n|move|p1a: Marshadow|Close Combat|p2a: Urshifu\n|-supereffective|p2a: Urshifu\n|-damage|p2a: Urshifu|0 fnt\n|-unboost|p1a: Marshadow|def|1\n|-unboost|p1a: Marshadow|spd|1\n|faint|p2a: Urshifu\n|\n|upkeep\n|\n|t:|1700819450\n|switch|p2a: Kommo-o|Kommo-o, F, shiny|100\/100\n|turn|12\n|\n|t:|1700819457\n|move|p1a: Marshadow|Rock Tomb|p2a: Kommo-o\n|-resisted|p2a: Kommo-o\n|-damage|p2a: Kommo-o|85\/100\n|-unboost|p2a: Kommo-o|spe|1\n|move|p2a: Kommo-o|Dragon Dance|p2a: Kommo-o\n|-boost|p2a: Kommo-o|atk|1\n|-boost|p2a: Kommo-o|spe|1\n|\n|-heal|p2a: Kommo-o|91\/100|[from] item: Leftovers\n|upkeep\n|turn|13\n|\n|t:|1700819468\n|move|p1a: Marshadow|Spectral Thief||[still]\n|-clearpositiveboost|p2a: Kommo-o|p1a: Marshadow|move: Spectral Thief\n|-boost|p1a: Marshadow|atk|1\n|-anim|p1a: Marshadow|Spectral Thief|p2a: Kommo-o\n|-damage|p2a: Kommo-o|23\/100\n|move|p2a: Kommo-o|Dragon Claw|p1a: Marshadow\n|-damage|p1a: Marshadow|0 fnt\n|faint|p1a: Marshadow\n|\n|-heal|p2a: Kommo-o|29\/100|[from] item: Leftovers\n|upkeep\n|\n|t:|1700819484\n|switch|p1a: Toxtricity|Toxtricity, F|100\/100\n|turn|14\n|\n|t:|1700819489\n|-terastallize|p1a: Toxtricity|Normal\n|move|p2a: Kommo-o|Dragon Claw|p1a: Toxtricity\n|-crit|p1a: Toxtricity\n|-damage|p1a: Toxtricity|12\/100\n|move|p1a: Toxtricity|Shift Gear|p1a: Toxtricity\n|-boost|p1a: Toxtricity|spe|2\n|-boost|p1a: Toxtricity|atk|1\n|\n|-heal|p2a: Kommo-o|35\/100|[from] item: Leftovers\n|upkeep\n|turn|15\n|\n|t:|1700819504\n|move|p1a: Toxtricity|Hex|p2a: Kommo-o\n|-damage|p2a: Kommo-o|11\/100\n|move|p2a: Kommo-o|Drain Punch|p1a: Toxtricity\n|-supereffective|p1a: Toxtricity\n|-damage|p1a: Toxtricity|0 fnt\n|-heal|p2a: Kommo-o|17\/100|[from] drain|[of] p1a: Toxtricity\n|faint|p1a: Toxtricity\n|\n|-heal|p2a: Kommo-o|23\/100|[from] item: Leftovers\n|upkeep\n|\n|t:|1700819515\n|switch|p1a: Hitmonlee|Hitmonlee, M|100\/100\n|turn|16\n|\n|t:|1700819520\n|-terastallize|p2a: Kommo-o|Steel\n|move|p1a: Hitmonlee|Endure|p1a: Hitmonlee\n|-singleturn|p1a: Hitmonlee|move: Endure\n|move|p2a: Kommo-o|Dragon Dance|p2a: Kommo-o\n|-boost|p2a: Kommo-o|atk|1\n|-boost|p2a: Kommo-o|spe|1\n|\n|-heal|p2a: Kommo-o|29\/100|[from] item: Leftovers\n|upkeep\n|turn|17\n|\n|t:|1700819533\n|move|p2a: Kommo-o|Iron Head|p1a: Hitmonlee\n|-crit|p1a: Hitmonlee\n|-damage|p1a: Hitmonlee|0 fnt\n|faint|p1a: Hitmonlee\n|\n|-heal|p2a: Kommo-o|35\/100|[from] item: Leftovers\n|upkeep\n|\n|t:|1700819539\n|switch|p1a: Cloyster|Cloyster, M|100\/100\n|turn|18\n|\n|t:|1700819542\n|move|p2a: Kommo-o|Drain Punch|p1a: Cloyster\n|-supereffective|p1a: Cloyster\n|-damage|p1a: Cloyster|0 fnt\n|-heal|p2a: Kommo-o|76\/100|[from] drain|[of] p1a: Cloyster\n|faint|p1a: Cloyster\n|\n|win|TaTrey\n|raw|Shinigami.exe's rating: 1315 &rarr; <strong>1294<\/strong><br \/>(-21 for losing)\n|raw|TaTrey's rating: 1306 &rarr; <strong>1327<\/strong><br \/>(+21 for winning)\n|l|\u2606Shinigami.exe\n","uploadtime":1700819553,"views":3,"p1id":"shinigamiexe","p2id":"tatrey","formatid":"gen9nationaldexubers","rating":1294,"private":0,"password":""}