{"id":"gen9nationaldexubers-1988085484","p1":"hattorivt","p2":"Katkid0409","format":"[Gen 9] National Dex Ubers","log":"|j|\u2606hattorivt\n|j|\u2606Katkid0409\n|t:|1699667737\n|gametype|singles\n|player|p1|hattorivt|marnie-masters|\n|player|p2|Katkid0409|266|\n|teamsize|p1|6\n|teamsize|p2|6\n|gen|9\n|tier|[Gen 9] National Dex Ubers\n|rule|HP Percentage Mod: HP is shown in percentages\n|rule|Endless Battle Clause: Forcing endless battles is banned\n|rule|OHKO Clause: OHKO moves are banned\n|rule|Evasion Moves Clause: Evasion moves are banned\n|rule|Evasion Items Clause: Evasion items are banned\n|rule|Species Clause: Limit one of each Pok\u00e9mon\n|rule|Sleep Clause Mod: Limit one foe put to sleep\n|rule|Mega Rayquaza Clause: You cannot mega evolve Rayquaza\n|clearpoke\n|poke|p1|Iron Moth|\n|poke|p1|Mawile, F|\n|poke|p1|Regidrago|\n|poke|p1|Forretress, F|\n|poke|p1|Baxcalibur, M|\n|poke|p1|Hawlucha, M|\n|poke|p2|Scream Tail|\n|poke|p2|Tapu Bulu|\n|poke|p2|Glimmora, F|\n|poke|p2|Iron Jugulis|\n|poke|p2|Breloom, F|\n|poke|p2|Dragonite, F|\n|teampreview\n|inactive|Battle timer is ON: inactive players will automatically lose when time's up. (requested by Katkid0409)\n|inactive|hattorivt also wants the timer to be on.\n|\n|t:|1699667754\n|start\n|switch|p1a: Forretress|Forretress, F|100\/100\n|switch|p2a: Scream Tail|Scream Tail|100\/100\n|turn|1\n|\n|t:|1699667771\n|move|p2a: Scream Tail|Reflect|p2a: Scream Tail\n|-sidestart|p2: Katkid0409|Reflect\n|move|p1a: Forretress|Spikes|p2a: Scream Tail\n|-sidestart|p2: Katkid0409|Spikes\n|\n|upkeep\n|turn|2\n|\n|t:|1699667781\n|move|p2a: Scream Tail|Light Screen|p2a: Scream Tail\n|-sidestart|p2: Katkid0409|move: Light Screen\n|move|p1a: Forretress|Volt Switch|p2a: Scream Tail\n|-damage|p2a: Scream Tail|97\/100\n|\n|t:|1699667789\n|switch|p1a: Hawlucha|Hawlucha, M|100\/100|[from] Volt Switch\n|\n|upkeep\n|turn|3\n|\n|t:|1699667796\n|-end|p2a: Scream Tail|Protosynthesis|[silent]\n|switch|p2a: Dragonite|Dragonite, F|100\/100\n|move|p1a: Hawlucha|Endeavor|p2a: Dragonite\n|-damage|p2a: Dragonite|92\/100\n|\n|upkeep\n|turn|4\n|\n|t:|1699667808\n|move|p1a: Hawlucha|Stone Edge|p2a: Dragonite\n|-supereffective|p2a: Dragonite\n|-damage|p2a: Dragonite|66\/100\n|move|p2a: Dragonite|Dragon Dance|p2a: Dragonite\n|-boost|p2a: Dragonite|atk|1\n|-boost|p2a: Dragonite|spe|1\n|\n|upkeep\n|turn|5\n|\n|t:|1699667825\n|move|p2a: Dragonite|Dragon Dance|p2a: Dragonite\n|-boost|p2a: Dragonite|atk|1\n|-boost|p2a: Dragonite|spe|1\n|move|p1a: Hawlucha|Stone Edge|p2a: Dragonite\n|-supereffective|p2a: Dragonite\n|-damage|p2a: Dragonite|40\/100\n|\n|upkeep\n|turn|6\n|\n|t:|1699667833\n|move|p2a: Dragonite|Roost|p2a: Dragonite\n|-heal|p2a: Dragonite|91\/100\n|-singleturn|p2a: Dragonite|move: Roost\n|move|p1a: Hawlucha|Stone Edge|p2a: Dragonite\n|-damage|p2a: Dragonite|77\/100\n|\n|upkeep\n|turn|7\n|\n|t:|1699667854\n|move|p2a: Dragonite|Dragon Dance|p2a: Dragonite\n|-boost|p2a: Dragonite|atk|1\n|-boost|p2a: Dragonite|spe|1\n|move|p1a: Hawlucha|Stone Edge|p2a: Dragonite\n|-supereffective|p2a: Dragonite\n|-damage|p2a: Dragonite|51\/100\n|\n|upkeep\n|turn|8\n|\n|t:|1699667861\n|move|p2a: Dragonite|Extreme Speed|p1a: Hawlucha\n|-damage|p1a: Hawlucha|12\/100\n|move|p1a: Hawlucha|Stone Edge|p2a: Dragonite\n|-supereffective|p2a: Dragonite\n|-crit|p2a: Dragonite\n|-damage|p2a: Dragonite|0 fnt\n|faint|p2a: Dragonite\n|\n|-heal|p1a: Hawlucha|18\/100|[from] item: Leftovers\n|-sideend|p2: Katkid0409|Reflect\n|upkeep\n|\n|t:|1699667867\n|switch|p2a: Scream Tail|Scream Tail|97\/100\n|-damage|p2a: Scream Tail|84\/100|[from] Spikes\n|turn|9\n|\n|t:|1699667871\n|move|p2a: Scream Tail|Reflect|p2a: Scream Tail\n|-sidestart|p2: Katkid0409|Reflect\n|move|p1a: Hawlucha|Endeavor|p2a: Scream Tail\n|-damage|p2a: Scream Tail|12\/100\n|\n|-heal|p1a: Hawlucha|24\/100|[from] item: Leftovers\n|-sideend|p2: Katkid0409|move: Light Screen\n|upkeep\n|turn|10\n|\n|t:|1699667878\n|switch|p1a: Forretress|Forretress, F|100\/100\n|move|p2a: Scream Tail|Light Screen|p2a: Scream Tail\n|-sidestart|p2: Katkid0409|move: Light Screen\n|\n|upkeep\n|turn|11\n|\n|t:|1699667894\n|-end|p2a: Scream Tail|Protosynthesis|[silent]\n|switch|p2a: Tapu Bulu|Tapu Bulu|100\/100\n|-damage|p2a: Tapu Bulu|88\/100|[from] Spikes\n|-fieldstart|move: Grassy Terrain|[from] ability: Grassy Surge|[of] p2a: Tapu Bulu\n|move|p1a: Forretress|Spikes|p2a: Tapu Bulu\n|-sidestart|p2: Katkid0409|Spikes\n|\n|-heal|p2a: Tapu Bulu|94\/100|[from] Grassy Terrain\n|-heal|p2a: Tapu Bulu|100\/100|[from] item: Leftovers\n|upkeep\n|turn|12\n|\n|t:|1699667903\n|move|p2a: Tapu Bulu|Swords Dance|p2a: Tapu Bulu\n|-boost|p2a: Tapu Bulu|atk|2\n|move|p1a: Forretress|Spikes|p2a: Tapu Bulu\n|-sidestart|p2: Katkid0409|Spikes\n|\n|upkeep\n|turn|13\n|\n|t:|1699667913\n|move|p2a: Tapu Bulu|Swords Dance|p2a: Tapu Bulu\n|-boost|p2a: Tapu Bulu|atk|2\n|move|p1a: Forretress|Volt Switch|p2a: Tapu Bulu\n|-resisted|p2a: Tapu Bulu\n|-damage|p2a: Tapu Bulu|98\/100\n|\n|t:|1699667915\n|switch|p1a: Hawlucha|Hawlucha, M|24\/100|[from] Volt Switch\n|\n|-heal|p1a: Hawlucha|30\/100|[from] item: Leftovers\n|-heal|p2a: Tapu Bulu|100\/100|[from] Grassy Terrain\n|upkeep\n|turn|14\n|\n|t:|1699667924\n|move|p1a: Hawlucha|Endeavor|p2a: Tapu Bulu\n|-damage|p2a: Tapu Bulu|26\/100\n|move|p2a: Tapu Bulu|Horn Leech|p1a: Hawlucha\n|-resisted|p1a: Hawlucha\n|-damage|p1a: Hawlucha|0 fnt\n|-heal|p2a: Tapu Bulu|39\/100|[from] drain|[of] p1a: Hawlucha\n|faint|p1a: Hawlucha\n|\n|-heal|p2a: Tapu Bulu|46\/100|[from] Grassy Terrain\n|-heal|p2a: Tapu Bulu|52\/100|[from] item: Leftovers\n|upkeep\n|\n|t:|1699667934\n|switch|p1a: Iron Moth|Iron Moth|100\/100\n|turn|15\n|\n|t:|1699667949\n|-terastallize|p2a: Tapu Bulu|Water\n|move|p1a: Iron Moth|Sludge Wave|p2a: Tapu Bulu\n|-damage|p2a: Tapu Bulu|30\/100\n|move|p2a: Tapu Bulu|Horn Leech|p1a: Iron Moth\n|-resisted|p1a: Iron Moth\n|-damage|p1a: Iron Moth|46\/100\n|-heal|p2a: Tapu Bulu|55\/100|[from] drain|[of] p1a: Iron Moth\n|\n|-heal|p1a: Iron Moth|52\/100|[from] Grassy Terrain\n|-heal|p2a: Tapu Bulu|61\/100|[from] Grassy Terrain\n|-heal|p2a: Tapu Bulu|67\/100|[from] item: Leftovers\n|-fieldend|move: Grassy Terrain\n|upkeep\n|turn|16\n|\n|t:|1699667962\n|-end|p1a: Iron Moth|Quark Drive|[silent]\n|switch|p1a: Forretress|Forretress, F|100\/100\n|move|p2a: Tapu Bulu|Superpower|p1a: Forretress\n|-damage|p1a: Forretress|48\/100\n|-unboost|p2a: Tapu Bulu|atk|1\n|-unboost|p2a: Tapu Bulu|def|1\n|\n|-heal|p2a: Tapu Bulu|73\/100|[from] item: Leftovers\n|-heal|p1a: Forretress|54\/100|[from] item: Leftovers\n|-sideend|p2: Katkid0409|Reflect\n|upkeep\n|turn|17\n|\n|t:|1699667990\n|move|p2a: Tapu Bulu|Horn Leech|p1a: Forretress\n|-resisted|p1a: Forretress\n|-damage|p1a: Forretress|43\/100\n|-heal|p2a: Tapu Bulu|79\/100|[from] drain|[of] p1a: Forretress\n|move|p1a: Forretress|Volt Switch|p2a: Tapu Bulu\n|-supereffective|p2a: Tapu Bulu\n|-damage|p2a: Tapu Bulu|71\/100\n|inactive|hattorivt has 270 seconds left.\n|\n|t:|1699668003\n|switch|p1a: Regidrago|Regidrago|100\/100|[from] Volt Switch\n|\n|-heal|p2a: Tapu Bulu|77\/100|[from] item: Leftovers\n|-sideend|p2: Katkid0409|move: Light Screen\n|upkeep\n|turn|18\n|\n|t:|1699668026\n|switch|p2a: Scream Tail|Scream Tail|12\/100\n|-damage|p2a: Scream Tail|0 fnt|[from] Spikes\n|faint|p2a: Scream Tail\n|-end|p2a: Scream Tail|Protosynthesis|[silent]\n|move|p1a: Regidrago|Dragon Energy|p2: Scream Tail|[notarget]\n|-fail|p1a: Regidrago\n|\n|upkeep\n|\n|t:|1699668028\n|switch|p2a: Glimmora|Glimmora, F|100\/100\n|-damage|p2a: Glimmora|76\/100|[from] Spikes\n|turn|19\n|\n|t:|1699668041\n|move|p1a: Regidrago|Dragon Energy|p2a: Glimmora\n|-damage|p2a: Glimmora|0 fnt\n|faint|p2a: Glimmora\n|\n|upkeep\n|\n|t:|1699668046\n|switch|p2a: Iron Jugulis|Iron Jugulis|100\/100\n|turn|20\n|\n|t:|1699668051\n|move|p1a: Regidrago|Dragon Energy|p2a: Iron Jugulis\n|-crit|p2a: Iron Jugulis\n|-damage|p2a: Iron Jugulis|0 fnt\n|faint|p2a: Iron Jugulis\n|-end|p2a: Iron Jugulis|Quark Drive|[silent]\n|\n|upkeep\n|\n|t:|1699668054\n|switch|p2a: Tapu Bulu|Tapu Bulu, tera:Water|77\/100\n|-damage|p2a: Tapu Bulu|52\/100|[from] Spikes\n|-fieldstart|move: Grassy Terrain|[from] ability: Grassy Surge|[of] p2a: Tapu Bulu\n|turn|21\n|\n|t:|1699668059\n|move|p1a: Regidrago|Dragon Energy|p2a: Tapu Bulu\n|-damage|p2a: Tapu Bulu|0 fnt\n|faint|p2a: Tapu Bulu\n|\n|upkeep\n|\n|t:|1699668063\n|switch|p2a: Breloom|Breloom, F|100\/100\n|-damage|p2a: Breloom|76\/100|[from] Spikes\n|turn|22\n|\n|t:|1699668067\n|move|p1a: Regidrago|Dragon Energy|p2a: Breloom\n|-damage|p2a: Breloom|0 fnt\n|faint|p2a: Breloom\n|\n|win|hattorivt\n|c|\u2606hattorivt|gg\n|c|\u2606Katkid0409|Gg\n|l|\u2606hattorivt\n|c|\u2606Katkid0409|Is it best of 3\n","uploadtime":1699668075,"views":12,"p1id":"hattorivt","p2id":"katkid0409","formatid":"gen9nationaldexubers","rating":0,"private":0,"password":""}