{"id":"gen9nationaldexubers-1995140114","p1":"Flygonsweeper365","p2":"God Schack","format":"[Gen 9] National Dex Ubers","log":"|j|\u2606Flygonsweeper365\n|j|\u2606God Schack\n|t:|1700527038\n|gametype|singles\n|player|p1|Flygonsweeper365|riley|\n|player|p2|God Schack|nate|\n|teamsize|p1|6\n|teamsize|p2|6\n|gen|9\n|tier|[Gen 9] National Dex Ubers\n|rule|HP Percentage Mod: HP is shown in percentages\n|rule|Endless Battle Clause: Forcing endless battles is banned\n|rule|OHKO Clause: OHKO moves are banned\n|rule|Evasion Moves Clause: Evasion moves are banned\n|rule|Evasion Items Clause: Evasion items are banned\n|rule|Species Clause: Limit one of each Pok\u00e9mon\n|rule|Sleep Clause Mod: Limit one foe put to sleep\n|rule|Mega Rayquaza Clause: You cannot mega evolve Rayquaza\n|clearpoke\n|poke|p1|Banette, F|\n|poke|p1|Glimmet, F|\n|poke|p1|Enamorus, F|\n|poke|p1|Ogerpon-Wellspring, F|\n|poke|p1|Sandy Shocks|\n|poke|p1|Rotom-Heat|\n|poke|p2|Electrode-Hisui|\n|poke|p2|Munkidori, M|\n|poke|p2|Annihilape, M|\n|poke|p2|Sharpedo, F|\n|poke|p2|Tinkaton, F|\n|poke|p2|Garchomp, F|\n|teampreview\n|c|\u2606Flygonsweeper365|glhf'\n|j| Hadesofender\n|c|\u2606God Schack|U2\n|c| Hadesofender|Monke\n|c|\u2606Flygonsweeper365|sorry missed the enter key a little lol\n|\n|t:|1700527123\n|start\n|switch|p1a: Piripiri|Sandy Shocks|100\/100\n|switch|p2a: Mojo Jojo|Munkidori, M|100\/100\n|turn|1\n|\n|t:|1700527155\n|move|p2a: Mojo Jojo|U-turn|p1a: Piripiri\n|-damage|p1a: Piripiri|88\/100\n|\n|t:|1700527158\n|switch|p2a: GemiSlay|Garchomp, F|100\/100|[from] U-turn\n|move|p1a: Piripiri|Earth Power|p2a: GemiSlay\n|-damage|p2a: GemiSlay|80\/100\n|\n|upkeep\n|turn|2\n|\n|t:|1700527219\n|-end|p1a: Piripiri|Protosynthesis|[silent]\n|switch|p1a: Overcooked|Rotom-Heat|100\/100\n|move|p2a: GemiSlay|Stone Edge|p1a: Overcooked\n|-supereffective|p1a: Overcooked\n|-crit|p1a: Overcooked\n|-damage|p1a: Overcooked|23\/100\n|\n|upkeep\n|turn|3\n|\n|t:|1700527345\n|move|p2a: GemiSlay|Stone Edge|p1a: Overcooked|[miss]\n|-miss|p2a: GemiSlay|p1a: Overcooked\n|move|p1a: Overcooked|Pain Split|p2a: GemiSlay\n|-sethp|p2a: GemiSlay|48\/100|[from] move: Pain Split|[silent]\n|-sethp|p1a: Overcooked|67\/100|[from] move: Pain Split\n|\n|upkeep\n|turn|4\n|c|\u2606God Schack|rip\n|c|\u2606God Schack|nice for u\n|\n|t:|1700527379\n|switch|p1a: Haru|Ogerpon-Wellspring, F|100\/100\n|move|p2a: GemiSlay|Stone Edge|p1a: Haru\n|-crit|p1a: Haru\n|-damage|p1a: Haru|53\/100\n|\n|upkeep\n|turn|5\n|c| Hadesofender|crit turn 1 missed turn 2 evens out tbh\n|c|\u2606God Schack|yeah\n|\n|t:|1700527414\n|move|p1a: Haru|Ivy Cudgel|p2a: GemiSlay|[anim] Ivy Cudgel Water\n|-crit|p2a: GemiSlay\n|-damage|p2a: GemiSlay|0 fnt\n|faint|p2a: GemiSlay\n|\n|upkeep\n|\n|t:|1700527424\n|switch|p2a: Mojo Jojo|Munkidori, M|100\/100\n|turn|6\n|\n|t:|1700527449\n|switch|p1a: Sprout|Glimmet, F|100\/100\n|move|p2a: Mojo Jojo|Psychic|p1a: Sprout\n|-supereffective|p1a: Sprout\n|-crit|p1a: Sprout\n|-damage|p1a: Sprout|0 fnt\n|faint|p1a: Sprout\n|\n|upkeep\n|c|\u2606God Schack|what is with this game\n|c|\u2606Flygonsweeper365|what's with all the crits this game\n|j| Gaksar\n|c| Hadesofender|tbf the edge and cudgel are raised crit rates but ye still p crazy\n|c|\u2606God Schack|yea\n|\n|t:|1700527543\n|switch|p1a: Poppy|Banette, F|100\/100\n|-item|p2a: Mojo Jojo|Choice Scarf|[from] ability: Frisk|[of] p1a: Poppy|[identify]\n|turn|7\n|j| PistolEon\n|\n|t:|1700527559\n|switch|p2a: Retro|Electrode-Hisui, shiny|100\/100\n|detailschange|p1a: Poppy|Banette-Mega, F\n|-mega|p1a: Poppy|Banette|Banettite\n|move|p1a: Poppy|Poltergeist|p2a: Retro\n|-activate|p2a: Retro|move: Poltergeist|Heavy-Duty Boots\n|-damage|p2a: Retro|14\/100\n|\n|upkeep\n|turn|8\n|\n|t:|1700527586\n|-terastallize|p2a: Retro|Fairy\n|move|p1a: Poppy|Shadow Sneak|p2a: Retro\n|-damage|p2a: Retro|0 fnt\n|faint|p2a: Retro\n|\n|upkeep\n|\n|t:|1700527595\n|switch|p2a: Yung Strong Jaw|Sharpedo, F|100\/100\n|turn|9\n|\n|t:|1700527604\n|move|p1a: Poppy|Cotton Guard|p1a: Poppy\n|-boost|p1a: Poppy|def|3\n|move|p2a: Yung Strong Jaw|Crunch|p1a: Poppy\n|-supereffective|p1a: Poppy\n|-damage|p1a: Poppy|64\/100\n|\n|-ability|p2a: Yung Strong Jaw|Speed Boost|boost\n|-boost|p2a: Yung Strong Jaw|spe|1\n|upkeep\n|turn|10\n|j| Fun747\n|c|\u2606God Schack|low key\n|c|\u2606God Schack|for being +3\n|c|\u2606God Schack|me non mega 36% is a lot\n|c| Hadesofender|Bannette is mid for a reason\n|\n|t:|1700527712\n|detailschange|p2a: Yung Strong Jaw|Sharpedo-Mega, F\n|-mega|p2a: Yung Strong Jaw|Sharpedo|Sharpedonite\n|move|p1a: Poppy|Destiny Bond|p1a: Poppy\n|-singlemove|p1a: Poppy|Destiny Bond\n|move|p2a: Yung Strong Jaw|Crunch|p1a: Poppy\n|-supereffective|p1a: Poppy\n|-damage|p1a: Poppy|4\/100\n|\n|upkeep\n|turn|11\n|\n|t:|1700527734\n|switch|p2a: Tinkatek|Tinkaton, F|100\/100\n|-ability|p2a: Tinkatek|Mold Breaker\n|move|p1a: Poppy|Poltergeist|p2a: Tinkatek\n|-activate|p2a: Tinkatek|move: Poltergeist|Shuca Berry\n|-damage|p2a: Tinkatek|43\/100\n|\n|upkeep\n|turn|12\n|\n|t:|1700527763\n|switch|p1a: Overcooked|Rotom-Heat|67\/100\n|move|p2a: Tinkatek|Stealth Rock|p1a: Overcooked\n|-sidestart|p1: Flygonsweeper365|move: Stealth Rock\n|\n|upkeep\n|turn|13\n|\n|t:|1700527781\n|switch|p2a: Ragnarok|Annihilape, M|100\/100\n|move|p1a: Overcooked|Nasty Plot|p1a: Overcooked\n|-boost|p1a: Overcooked|spa|2\n|\n|upkeep\n|turn|14\n|\n|t:|1700527794\n|move|p2a: Ragnarok|Rage Fist|p1a: Overcooked\n|-damage|p1a: Overcooked|47\/100\n|move|p1a: Overcooked|Pain Split|p2a: Ragnarok\n|-sethp|p2a: Ragnarok|70\/100|[from] move: Pain Split|[silent]\n|-sethp|p1a: Overcooked|83\/100|[from] move: Pain Split\n|\n|upkeep\n|turn|15\n|\n|t:|1700527806\n|move|p2a: Ragnarok|Rage Fist|p1a: Overcooked\n|-damage|p1a: Overcooked|61\/100\n|move|p1a: Overcooked|Overheat|p2a: Ragnarok\n|-damage|p2a: Ragnarok|0 fnt\n|-unboost|p1a: Overcooked|spa|2\n|faint|p2a: Ragnarok\n|\n|upkeep\n|\n|t:|1700527810\n|switch|p2a: Yung Strong Jaw|Sharpedo-Mega, F|100\/100\n|turn|16\n|\n|t:|1700527860\n|move|p2a: Yung Strong Jaw|Flip Turn|p1a: Overcooked\n|-supereffective|p1a: Overcooked\n|-damage|p1a: Overcooked|0 fnt\n|faint|p1a: Overcooked\n|\n|t:|1700527867\n|switch|p2a: Mojo Jojo|Munkidori, M|100\/100|[from] Flip Turn\n|\n|upkeep\n|\n|t:|1700527930\n|switch|p1a: Piripiri|Sandy Shocks|88\/100\n|-damage|p1a: Piripiri|82\/100|[from] Stealth Rock\n|turn|17\n|\n|t:|1700527937\n|move|p2a: Mojo Jojo|U-turn|p1a: Piripiri\n|-damage|p1a: Piripiri|69\/100\n|-status|p1a: Piripiri|tox|[from] ability: Toxic Chain|[of] p2a: Mojo Jojo\n|\n|t:|1700527942\n|switch|p2a: Tinkatek|Tinkaton, F|43\/100|[from] U-turn\n|-ability|p2a: Tinkatek|Mold Breaker\n|move|p1a: Piripiri|Spikes|p2a: Tinkatek\n|-sidestart|p2: God Schack|Spikes\n|\n|-damage|p1a: Piripiri|63\/100 tox|[from] psn\n|upkeep\n|turn|18\n|\n|t:|1700527953\n|move|p1a: Piripiri|Thunderbolt|p2a: Tinkatek\n|-damage|p2a: Tinkatek|1\/100\n|move|p2a: Tinkatek|Bulldoze|p1a: Piripiri\n|-supereffective|p1a: Piripiri\n|-damage|p1a: Piripiri|33\/100 tox\n|-unboost|p1a: Piripiri|spe|1\n|\n|-damage|p1a: Piripiri|21\/100 tox|[from] psn\n|upkeep\n|turn|19\n|\n|t:|1700527971\n|move|p2a: Tinkatek|Gigaton Hammer|p1a: Piripiri\n|-resisted|p1a: Piripiri\n|-damage|p1a: Piripiri|0 fnt\n|faint|p1a: Piripiri\n|-end|p1a: Piripiri|Protosynthesis|[silent]\n|\n|upkeep\n|\n|t:|1700528053\n|switch|p1a: Haru|Ogerpon-Wellspring, F|53\/100\n|-damage|p1a: Haru|40\/100|[from] Stealth Rock\n|turn|20\n|\n|t:|1700528060\n|move|p1a: Haru|Trailblaze|p2a: Tinkatek\n|-resisted|p2a: Tinkatek\n|-damage|p2a: Tinkatek|0 fnt\n|-boost|p1a: Haru|spe|1\n|faint|p2a: Tinkatek\n|\n|upkeep\n|\n|t:|1700528098\n|switch|p2a: Mojo Jojo|Munkidori, M|100\/100\n|-damage|p2a: Mojo Jojo|88\/100|[from] Spikes\n|turn|21\n|\n|t:|1700528108\n|move|p1a: Haru|Ivy Cudgel|p2a: Mojo Jojo|[anim] Ivy Cudgel Water\n|-damage|p2a: Mojo Jojo|15\/100\n|move|p2a: Mojo Jojo|Sludge Wave|p1a: Haru\n|-supereffective|p1a: Haru\n|-damage|p1a: Haru|0 fnt\n|faint|p1a: Haru\n|\n|upkeep\n|\n|t:|1700528137\n|switch|p1a: Aphrodite|Enamorus, F|100\/100\n|-damage|p1a: Aphrodite|76\/100|[from] Stealth Rock\n|turn|22\n|\n|t:|1700528141\n|move|p2a: Mojo Jojo|Sludge Wave|p1a: Aphrodite\n|-supereffective|p1a: Aphrodite\n|-damage|p1a: Aphrodite|0 fnt\n|faint|p1a: Aphrodite\n|\n|upkeep\n|c|\u2606God Schack|gg\n|c|\u2606Flygonsweeper365|gg\n|\n|t:|1700528156\n|switch|p1a: Poppy|Banette-Mega, F|4\/100\n|-damage|p1a: Poppy|0 fnt|[from] Stealth Rock\n|faint|p1a: Poppy\n|\n|win|God Schack\n|l| Fun747\n|l| PistolEon\n","uploadtime":1700528258,"views":17,"p1id":"flygonsweeper365","p2id":"godschack","formatid":"gen9nationaldexubers","rating":0,"private":0,"password":""}