{"id":"gen9nationaldexubers-1981298989","p1":"butter dk","p2":"zooki18","format":"[Gen 9] National Dex Ubers","log":"|j|\u2606butter dk\n|j|\u2606zooki18\n|t:|1698881138\n|gametype|singles\n|player|p1|butter dk|proton|\n|player|p2|zooki18|lass-gen1rb|\n|teamsize|p1|6\n|teamsize|p2|6\n|gen|9\n|tier|[Gen 9] National Dex Ubers\n|rule|HP Percentage Mod: HP is shown in percentages\n|rule|Endless Battle Clause: Forcing endless battles is banned\n|rule|OHKO Clause: OHKO moves are banned\n|rule|Evasion Moves Clause: Evasion moves are banned\n|rule|Evasion Items Clause: Evasion items are banned\n|rule|Species Clause: Limit one of each Pok\u00e9mon\n|rule|Sleep Clause Mod: Limit one foe put to sleep\n|rule|Mega Rayquaza Clause: You cannot mega evolve Rayquaza\n|clearpoke\n|poke|p1|Magnezone|\n|poke|p1|Hippowdon, M|\n|poke|p1|Iron Leaves|\n|poke|p1|Lycanroc, M|\n|poke|p1|Gastrodon-East, F|\n|poke|p1|Torkoal, M|\n|poke|p2|Torkoal, M|\n|poke|p2|Iron Leaves|\n|poke|p2|Eelektross, F|\n|poke|p2|Hippowdon, M|\n|poke|p2|Lycanroc, M|\n|poke|p2|Decidueye-Hisui, F|\n|teampreview\n|\n|t:|1698881166\n|start\n|switch|p1a: youre a big guy|Hippowdon, M|100\/100\n|switch|p2a: Hippowdon|Hippowdon, M|100\/100\n|-weather|Sandstorm|[from] ability: Sand Stream|[of] p2a: Hippowdon\n|turn|1\n|\n|t:|1698881175\n|move|p2a: Hippowdon|Toxic|p1a: youre a big guy\n|-status|p1a: youre a big guy|tox\n|move|p1a: youre a big guy|Yawn|p2a: Hippowdon\n|-start|p2a: Hippowdon|move: Yawn|[of] p1a: youre a big guy\n|\n|-weather|Sandstorm|[upkeep]\n|-damage|p1a: youre a big guy|94\/100 tox|[from] psn\n|upkeep\n|turn|2\n|\n|t:|1698881182\n|move|p1a: youre a big guy|Stealth Rock|p2a: Hippowdon\n|-sidestart|p2: zooki18|move: Stealth Rock\n|move|p2a: Hippowdon|Stealth Rock|p1a: youre a big guy\n|-sidestart|p1: butter dk|move: Stealth Rock\n|\n|-weather|Sandstorm|[upkeep]\n|-heal|p1a: youre a big guy|100\/100 tox|[from] item: Leftovers\n|-damage|p1a: youre a big guy|88\/100 tox|[from] psn\n|-end|p2a: Hippowdon|move: Yawn|[silent]\n|-status|p2a: Hippowdon|slp\n|upkeep\n|turn|3\n|\n|t:|1698881194\n|switch|p2a: Decidueye|Decidueye-Hisui, F|100\/100\n|-damage|p2a: Decidueye|95\/100|[from] Stealth Rock\n|switch|p1a: Nudibranch|Gastrodon-East, F|100\/100\n|-damage|p1a: Nudibranch|94\/100|[from] Stealth Rock\n|\n|-weather|Sandstorm|[upkeep]\n|-damage|p2a: Decidueye|89\/100|[from] Sandstorm\n|-heal|p1a: Nudibranch|100\/100|[from] item: Leftovers\n|upkeep\n|turn|4\n|\n|t:|1698881204\n|switch|p1a: Clean Coal|Torkoal, M|100\/100\n|move|p2a: Decidueye|U-turn|p1a: Clean Coal\n|-resisted|p1a: Clean Coal\n|-damage|p1a: Clean Coal|94\/100\n|\n|t:|1698881217\n|switch|p2a: Torkoal|Torkoal, M|100\/100|[from] U-turn\n|-weather|SunnyDay|[from] ability: Drought|[of] p2a: Torkoal\n|\n|-weather|SunnyDay|[upkeep]\n|upkeep\n|turn|5\n|\n|t:|1698881227\n|move|p1a: Clean Coal|Rapid Spin|p2a: Torkoal\n|-damage|p2a: Torkoal|95\/100\n|-boost|p1a: Clean Coal|spe|1\n|-sideend|p1: butter dk|Stealth Rock|[from] move: Rapid Spin|[of] p1a: Clean Coal\n|move|p2a: Torkoal|Rapid Spin|p1a: Clean Coal\n|-damage|p1a: Clean Coal|88\/100\n|-boost|p2a: Torkoal|spe|1\n|-sideend|p2: zooki18|Stealth Rock|[from] move: Rapid Spin|[of] p2a: Torkoal\n|\n|-weather|SunnyDay|[upkeep]\n|upkeep\n|turn|6\n|\n|t:|1698881246\n|move|p1a: Clean Coal|Lava Plume|p2a: Torkoal\n|-resisted|p2a: Torkoal\n|-damage|p2a: Torkoal|74\/100\n|move|p2a: Torkoal|Solar Beam||[still]\n|-prepare|p2a: Torkoal|Solar Beam\n|-anim|p2a: Torkoal|Solar Beam|p1a: Clean Coal\n|-resisted|p1a: Clean Coal\n|-damage|p1a: Clean Coal|72\/100\n|\n|-weather|SunnyDay|[upkeep]\n|upkeep\n|turn|7\n|\n|t:|1698881261\n|move|p1a: Clean Coal|Lava Plume|p2a: Torkoal\n|-resisted|p2a: Torkoal\n|-damage|p2a: Torkoal|55\/100\n|move|p2a: Torkoal|Flamethrower|p1a: Clean Coal\n|-resisted|p1a: Clean Coal\n|-damage|p1a: Clean Coal|46\/100\n|\n|-weather|SunnyDay|[upkeep]\n|upkeep\n|turn|8\n|\n|t:|1698881284\n|switch|p1a: youre a big guy|Hippowdon, M|88\/100 tox\n|-weather|Sandstorm|[from] ability: Sand Stream|[of] p1a: youre a big guy\n|switch|p2a: Hippowdon|Hippowdon, M|100\/100 slp\n|\n|-weather|Sandstorm|[upkeep]\n|-heal|p1a: youre a big guy|94\/100 tox|[from] item: Leftovers\n|-damage|p1a: youre a big guy|88\/100 tox|[from] psn\n|upkeep\n|turn|9\n|\n|t:|1698881306\n|switch|p1a: Nudibranch|Gastrodon-East, F|100\/100\n|switch|p2a: Eelektross|Eelektross, F|100\/100\n|\n|-weather|Sandstorm|[upkeep]\n|-damage|p2a: Eelektross|94\/100|[from] Sandstorm\n|upkeep\n|turn|10\n|\n|t:|1698881350\n|move|p2a: Eelektross|Giga Drain|p1a: Nudibranch\n|-supereffective|p1a: Nudibranch\n|-damage|p1a: Nudibranch|14\/100\n|-heal|p2a: Eelektross|100\/100|[from] drain|[of] p1a: Nudibranch\n|move|p1a: Nudibranch|Toxic|p2a: Eelektross\n|-status|p2a: Eelektross|tox\n|\n|-weather|Sandstorm|[upkeep]\n|-damage|p2a: Eelektross|94\/100 tox|[from] Sandstorm\n|-heal|p1a: Nudibranch|20\/100|[from] item: Leftovers\n|-damage|p2a: Eelektross|88\/100 tox|[from] psn\n|upkeep\n|turn|11\n|\n|t:|1698881369\n|switch|p1a: THIS is Zoness?|Magnezone|100\/100\n|move|p2a: Eelektross|Giga Drain|p1a: THIS is Zoness?\n|-resisted|p1a: THIS is Zoness?\n|-damage|p1a: THIS is Zoness?|90\/100\n|-heal|p2a: Eelektross|93\/100 tox|[from] drain|[of] p1a: THIS is Zoness?\n|\n|-weather|Sandstorm|[upkeep]\n|-damage|p2a: Eelektross|87\/100 tox|[from] Sandstorm\n|-damage|p2a: Eelektross|75\/100 tox|[from] psn\n|upkeep\n|turn|12\n|\n|t:|1698881390\n|move|p1a: THIS is Zoness?|Flash Cannon|p2a: Eelektross\n|-resisted|p2a: Eelektross\n|-damage|p2a: Eelektross|60\/100 tox\n|move|p2a: Eelektross|Drain Punch|p1a: THIS is Zoness?\n|-supereffective|p1a: THIS is Zoness?\n|-enditem|p1a: THIS is Zoness?|Chople Berry|[eat]\n|-enditem|p1a: THIS is Zoness?|Chople Berry|[weaken]\n|-damage|p1a: THIS is Zoness?|74\/100\n|-heal|p2a: Eelektross|67\/100 tox|[from] drain|[of] p1a: THIS is Zoness?\n|\n|-weather|none\n|-damage|p2a: Eelektross|49\/100 tox|[from] psn\n|upkeep\n|turn|13\n|\n|t:|1698881405\n|switch|p1a: youre a big guy|Hippowdon, M|88\/100 tox\n|-weather|Sandstorm|[from] ability: Sand Stream|[of] p1a: youre a big guy\n|switch|p2a: Hippowdon|Hippowdon, M|100\/100 slp\n|\n|-weather|Sandstorm|[upkeep]\n|-heal|p1a: youre a big guy|94\/100 tox|[from] item: Leftovers\n|-damage|p1a: youre a big guy|88\/100 tox|[from] psn\n|upkeep\n|turn|14\n|\n|t:|1698881415\n|move|p1a: youre a big guy|Earthquake|p2a: Hippowdon\n|-damage|p2a: Hippowdon|80\/100 slp\n|cant|p2a: Hippowdon|slp\n|\n|-weather|Sandstorm|[upkeep]\n|-heal|p1a: youre a big guy|94\/100 tox|[from] item: Leftovers\n|-damage|p1a: youre a big guy|82\/100 tox|[from] psn\n|upkeep\n|turn|15\n|\n|t:|1698881425\n|switch|p1a: Nudibranch|Gastrodon-East, F|20\/100\n|cant|p2a: Hippowdon|slp\n|\n|-weather|Sandstorm|[upkeep]\n|-heal|p1a: Nudibranch|26\/100|[from] item: Leftovers\n|upkeep\n|turn|16\n|\n|t:|1698881429\n|cant|p2a: Hippowdon|slp\n|move|p1a: Nudibranch|Recover|p1a: Nudibranch\n|-heal|p1a: Nudibranch|76\/100\n|\n|-weather|Sandstorm|[upkeep]\n|-heal|p1a: Nudibranch|82\/100|[from] item: Leftovers\n|upkeep\n|turn|17\n|\n|t:|1698881433\n|-curestatus|p2a: Hippowdon|slp|[msg]\n|move|p2a: Hippowdon|Toxic|p1a: Nudibranch\n|-status|p1a: Nudibranch|tox\n|move|p1a: Nudibranch|Scald|p2a: Hippowdon\n|-supereffective|p2a: Hippowdon\n|-crit|p2a: Hippowdon\n|-damage|p2a: Hippowdon|4\/100\n|\n|-weather|none\n|-heal|p1a: Nudibranch|89\/100 tox|[from] item: Leftovers\n|-damage|p1a: Nudibranch|82\/100 tox|[from] psn\n|upkeep\n|turn|18\n|\n|t:|1698881449\n|switch|p2a: Torkoal|Torkoal, M|55\/100\n|-weather|SunnyDay|[from] ability: Drought|[of] p2a: Torkoal\n|move|p1a: Nudibranch|Scald|p2a: Torkoal\n|-supereffective|p2a: Torkoal\n|-damage|p2a: Torkoal|27\/100\n|\n|-weather|SunnyDay|[upkeep]\n|-heal|p1a: Nudibranch|89\/100 tox|[from] item: Leftovers\n|-damage|p1a: Nudibranch|76\/100 tox|[from] psn\n|upkeep\n|turn|19\n|\n|t:|1698881459\n|switch|p1a: youre a big guy|Hippowdon, M|82\/100 tox\n|-weather|Sandstorm|[from] ability: Sand Stream|[of] p1a: youre a big guy\n|switch|p2a: Decidueye|Decidueye-Hisui, F|89\/100\n|\n|-weather|Sandstorm|[upkeep]\n|-damage|p2a: Decidueye|83\/100|[from] Sandstorm\n|-heal|p1a: youre a big guy|88\/100 tox|[from] item: Leftovers\n|-damage|p1a: youre a big guy|82\/100 tox|[from] psn\n|upkeep\n|turn|20\n|\n|t:|1698881481\n|move|p2a: Decidueye|Leaf Blade|p1a: youre a big guy\n|-supereffective|p1a: youre a big guy\n|-crit|p1a: youre a big guy\n|-damage|p1a: youre a big guy|0 fnt\n|faint|p1a: youre a big guy\n|\n|-weather|Sandstorm|[upkeep]\n|-damage|p2a: Decidueye|77\/100|[from] Sandstorm\n|upkeep\n|\n|t:|1698881504\n|switch|p1a: Make Like a Tree|Iron Leaves|100\/100\n|-enditem|p1a: Make Like a Tree|Booster Energy\n|-activate|p1a: Make Like a Tree|ability: Quark Drive|[fromitem]\n|-start|p1a: Make Like a Tree|quarkdrivespe\n|turn|21\n|\n|t:|1698881511\n|switch|p2a: Torkoal|Torkoal, M|27\/100\n|-weather|SunnyDay|[from] ability: Drought|[of] p2a: Torkoal\n|move|p1a: Make Like a Tree|Swords Dance|p1a: Make Like a Tree\n|-boost|p1a: Make Like a Tree|atk|2\n|\n|-weather|SunnyDay|[upkeep]\n|upkeep\n|turn|22\n|\n|t:|1698881519\n|move|p1a: Make Like a Tree|Psyblade|p2a: Torkoal\n|-damage|p2a: Torkoal|0 fnt\n|faint|p2a: Torkoal\n|\n|-weather|SunnyDay|[upkeep]\n|upkeep\n|\n|t:|1698881521\n|switch|p2a: Hippowdon|Hippowdon, M|4\/100\n|-weather|Sandstorm|[from] ability: Sand Stream|[of] p2a: Hippowdon\n|turn|23\n|\n|t:|1698881528\n|move|p1a: Make Like a Tree|Psyblade|p2a: Hippowdon\n|-damage|p2a: Hippowdon|0 fnt\n|faint|p2a: Hippowdon\n|\n|-weather|Sandstorm|[upkeep]\n|-damage|p1a: Make Like a Tree|94\/100|[from] Sandstorm\n|upkeep\n|\n|t:|1698881531\n|switch|p2a: Lycanroc|Lycanroc, M|100\/100\n|turn|24\n|\n|t:|1698881539\n|move|p2a: Lycanroc|Stone Edge|p1a: Make Like a Tree\n|-damage|p1a: Make Like a Tree|41\/100\n|move|p1a: Make Like a Tree|Leaf Blade|p2a: Lycanroc\n|-supereffective|p2a: Lycanroc\n|-enditem|p2a: Lycanroc|Focus Sash\n|-damage|p2a: Lycanroc|1\/100\n|\n|-weather|Sandstorm|[upkeep]\n|-damage|p1a: Make Like a Tree|35\/100|[from] Sandstorm\n|upkeep\n|turn|25\n|\n|t:|1698881557\n|-end|p1a: Make Like a Tree|Quark Drive|[silent]\n|switch|p1a: Nudibranch|Gastrodon-East, F|76\/100 tox\n|move|p2a: Lycanroc|Stone Edge|p1a: Nudibranch\n|-resisted|p1a: Nudibranch\n|-damage|p1a: Nudibranch|58\/100 tox\n|\n|-weather|Sandstorm|[upkeep]\n|-heal|p1a: Nudibranch|64\/100 tox|[from] item: Leftovers\n|-damage|p1a: Nudibranch|58\/100 tox|[from] psn\n|upkeep\n|turn|26\n|\n|t:|1698881561\n|move|p2a: Lycanroc|Trailblaze|p1a: Nudibranch\n|-supereffective|p1a: Nudibranch\n|-damage|p1a: Nudibranch|9\/100 tox\n|-boost|p2a: Lycanroc|spe|1\n|move|p1a: Nudibranch|Scald|p2a: Lycanroc\n|-supereffective|p2a: Lycanroc\n|-damage|p2a: Lycanroc|0 fnt\n|faint|p2a: Lycanroc\n|\n|-weather|Sandstorm|[upkeep]\n|-heal|p1a: Nudibranch|15\/100 tox|[from] item: Leftovers\n|-damage|p1a: Nudibranch|3\/100 tox|[from] psn\n|upkeep\n|\n|t:|1698881580\n|switch|p2a: Decidueye|Decidueye-Hisui, F|77\/100\n|turn|27\n|\n|t:|1698881586\n|move|p2a: Decidueye|U-turn|p1a: Nudibranch\n|-damage|p1a: Nudibranch|0 fnt\n|faint|p1a: Nudibranch\n|\n|t:|1698881594\n|switch|p2a: Eelektross|Eelektross, F|49\/100 tox|[from] U-turn\n|\n|-weather|none\n|-damage|p2a: Eelektross|42\/100 tox|[from] psn\n|upkeep\n|\n|t:|1698881606\n|switch|p1a: PartyLycanrockstar|Lycanroc, M|100\/100\n|turn|28\n|\n|t:|1698881618\n|move|p1a: PartyLycanrockstar|Close Combat|p2a: Eelektross\n|-damage|p2a: Eelektross|0 fnt\n|-unboost|p1a: PartyLycanrockstar|def|1\n|-unboost|p1a: PartyLycanrockstar|spd|1\n|faint|p2a: Eelektross\n|\n|upkeep\n|\n|t:|1698881620\n|switch|p2a: Decidueye|Decidueye-Hisui, F|77\/100\n|turn|29\n|\n|t:|1698881644\n|switch|p1a: Make Like a Tree|Iron Leaves|35\/100\n|move|p2a: Decidueye|Triple Arrows|p1a: Make Like a Tree\n|-resisted|p1a: Make Like a Tree\n|-damage|p1a: Make Like a Tree|12\/100\n|\n|upkeep\n|turn|30\n|\n|t:|1698881651\n|move|p2a: Decidueye|Triple Arrows|p1a: Make Like a Tree\n|-resisted|p1a: Make Like a Tree\n|-damage|p1a: Make Like a Tree|0 fnt\n|faint|p1a: Make Like a Tree\n|-end|p1a: Make Like a Tree|Quark Drive|[silent]\n|\n|upkeep\n|\n|t:|1698881667\n|switch|p1a: Clean Coal|Torkoal, M|46\/100\n|turn|31\n|\n|t:|1698881672\n|move|p2a: Decidueye|Triple Arrows|p1a: Clean Coal\n|-damage|p1a: Clean Coal|21\/100\n|move|p1a: Clean Coal|Lava Plume|p2a: Decidueye\n|-supereffective|p2a: Decidueye\n|-damage|p2a: Decidueye|20\/100\n|\n|upkeep\n|turn|32\n|\n|t:|1698881679\n|move|p2a: Decidueye|Triple Arrows|p1a: Clean Coal\n|-damage|p1a: Clean Coal|0 fnt\n|faint|p1a: Clean Coal\n|\n|upkeep\n|\n|t:|1698881684\n|switch|p1a: PartyLycanrockstar|Lycanroc, M|100\/100\n|turn|33\n|\n|t:|1698881700\n|move|p1a: PartyLycanrockstar|Accelerock|p2a: Decidueye\n|-resisted|p2a: Decidueye\n|-damage|p2a: Decidueye|1\/100\n|move|p2a: Decidueye|Triple Arrows|p1a: PartyLycanrockstar\n|-supereffective|p1a: PartyLycanrockstar\n|-damage|p1a: PartyLycanrockstar|0 fnt\n|faint|p1a: PartyLycanrockstar\n|\n|upkeep\n|\n|t:|1698881705\n|switch|p1a: THIS is Zoness?|Magnezone|74\/100\n|turn|34\n|\n|t:|1698881711\n|move|p2a: Decidueye|Triple Arrows|p1a: THIS is Zoness?\n|-supereffective|p1a: THIS is Zoness?\n|-crit|p1a: THIS is Zoness?\n|-damage|p1a: THIS is Zoness?|0 fnt\n|faint|p1a: THIS is Zoness?\n|\n|win|zooki18\n|c|\u2606zooki18|gg\n|c|\u2606butter dk|gg\n","uploadtime":1698881720,"views":8,"p1id":"butterdk","p2id":"zooki18","formatid":"gen9nationaldexubers","rating":0,"private":0,"password":""}