{"id":"gen9nationaldexubers-1980536864","p1":"SecretFBIAgent","p2":"Itriedtodo","format":"[Gen 9] National Dex Ubers","log":"|j|\u2606SecretFBIAgent\n|j|\u2606Itriedtodo\n|t:|1698794792\n|gametype|singles\n|player|p1|SecretFBIAgent|2|1603\n|player|p2|Itriedtodo|teamrocket|1564\n|teamsize|p1|6\n|teamsize|p2|6\n|gen|9\n|tier|[Gen 9] National Dex Ubers\n|rated|\n|rule|HP Percentage Mod: HP is shown in percentages\n|rule|Endless Battle Clause: Forcing endless battles is banned\n|rule|OHKO Clause: OHKO moves are banned\n|rule|Evasion Moves Clause: Evasion moves are banned\n|rule|Evasion Items Clause: Evasion items are banned\n|rule|Species Clause: Limit one of each Pok\u00e9mon\n|rule|Sleep Clause Mod: Limit one foe put to sleep\n|rule|Mega Rayquaza Clause: You cannot mega evolve Rayquaza\n|clearpoke\n|poke|p1|Yveltal|\n|poke|p1|Groudon|\n|poke|p1|Deoxys-Attack|\n|poke|p1|Kyogre|\n|poke|p1|Marshadow|\n|poke|p1|Zacian-*|\n|poke|p2|Groudon|\n|poke|p2|Salamence, M|\n|poke|p2|Arceus|\n|poke|p2|Xerneas-*|\n|poke|p2|Ribombee, M|\n|poke|p2|Necrozma-Dusk-Mane|\n|teampreview\n|inactive|Battle timer is ON: inactive players will automatically lose when time's up. (requested by Itriedtodo)\n|inactive|SecretFBIAgent also wants the timer to be on.\n|\n|t:|1698794805\n|start\n|switch|p1a: Deoxys|Deoxys-Attack, shiny|100\/100\n|switch|p2a: Ribombee|Ribombee, M|100\/100\n|-ability|p1a: Deoxys|Pressure\n|turn|1\n|\n|t:|1698794809\n|move|p1a: Deoxys|Rock Slide|p2a: Ribombee\n|-supereffective|p2a: Ribombee\n|-enditem|p2a: Ribombee|Focus Sash\n|-damage|p2a: Ribombee|1\/100\n|move|p2a: Ribombee|Sticky Web|p1a: Deoxys\n|-sidestart|p1: SecretFBIAgent|move: Sticky Web\n|\n|upkeep\n|turn|2\n|\n|t:|1698794816\n|move|p1a: Deoxys|Extreme Speed|p2a: Ribombee\n|-damage|p2a: Ribombee|0 fnt\n|faint|p2a: Ribombee\n|\n|upkeep\n|c|\u2606Itriedtodo|nasty fuckins set\n|\n|t:|1698794832\n|switch|p2a: Necrozma|Necrozma-Dusk-Mane|100\/100\n|turn|3\n|\n|t:|1698794838\n|switch|p1a: Yveltal|Yveltal, shiny|100\/100\n|-ability|p1a: Yveltal|Dark Aura\n|move|p2a: Necrozma|Photon Geyser|p1a: Yveltal\n|-immune|p1a: Yveltal\n|\n|upkeep\n|turn|4\n|c|\u2606SecretFBIAgent|lmao\n|\n|t:|1698794846\n|switch|p2a: Xerneas|Xerneas|100\/100\n|-ability|p2a: Xerneas|Fairy Aura\n|move|p1a: Yveltal|Defog|p2a: Xerneas\n|-unboost|p2a: Xerneas|evasion|1\n|-sideend|p1: SecretFBIAgent|Sticky Web|[from] move: Defog|[of] p1a: Yveltal\n|\n|upkeep\n|turn|5\n|\n|t:|1698794855\n|switch|p1a: Groudon|Groudon, shiny|100\/100\n|detailschange|p1a: Groudon|Groudon-Primal, shiny\n|-primal|p1a: Groudon|Red Orb\n|-weather|DesolateLand|[from] ability: Desolate Land|[of] p1a: Groudon\n|move|p2a: Xerneas|Geomancy||[still]\n|-prepare|p2a: Xerneas|Geomancy\n|-enditem|p2a: Xerneas|Power Herb\n|-anim|p2a: Xerneas|Geomancy|p2a: Xerneas\n|-boost|p2a: Xerneas|spa|2\n|-boost|p2a: Xerneas|spd|2\n|-boost|p2a: Xerneas|spe|2\n|\n|-weather|DesolateLand|[upkeep]\n|upkeep\n|turn|6\n|\n|t:|1698794858\n|move|p2a: Xerneas|Moonblast|p1a: Groudon\n|-resisted|p1a: Groudon\n|-damage|p1a: Groudon|28\/100\n|move|p1a: Groudon|Precipice Blades|p2a: Xerneas\n|-damage|p2a: Xerneas|41\/100\n|\n|-weather|DesolateLand|[upkeep]\n|upkeep\n|turn|7\n|\n|t:|1698794865\n|move|p2a: Xerneas|Moonblast|p1a: Groudon\n|-resisted|p1a: Groudon\n|-damage|p1a: Groudon|0 fnt\n|faint|p1a: Groudon\n|-weather|none\n|\n|upkeep\n|\n|t:|1698794867\n|switch|p1a: Marshadow|Marshadow|100\/100\n|turn|8\n|\n|t:|1698794870\n|move|p2a: Xerneas|Moonblast|p1a: Marshadow\n|-supereffective|p1a: Marshadow\n|-enditem|p1a: Marshadow|Focus Sash\n|-damage|p1a: Marshadow|1\/100\n|-unboost|p1a: Marshadow|spa|1\n|move|p1a: Marshadow|Spectral Thief||[still]\n|-clearpositiveboost|p2a: Xerneas|p1a: Marshadow|move: Spectral Thief\n|-boost|p1a: Marshadow|spa|2\n|-boost|p1a: Marshadow|spd|2\n|-boost|p1a: Marshadow|spe|2\n|-anim|p1a: Marshadow|Spectral Thief|p2a: Xerneas\n|-damage|p2a: Xerneas|0 fnt\n|faint|p2a: Xerneas\n|\n|upkeep\n|\n|t:|1698794876\n|switch|p2a: Arceus|Arceus|100\/100\n|turn|9\n|\n|t:|1698794880\n|move|p1a: Marshadow|Close Combat|p2a: Arceus\n|-supereffective|p2a: Arceus\n|-enditem|p2a: Arceus|Chople Berry|[eat]\n|-enditem|p2a: Arceus|Chople Berry|[weaken]\n|-damage|p2a: Arceus|58\/100\n|-unboost|p1a: Marshadow|def|1\n|-unboost|p1a: Marshadow|spd|1\n|move|p2a: Arceus|Shadow Claw|p1a: Marshadow\n|-supereffective|p1a: Marshadow\n|-damage|p1a: Marshadow|0 fnt\n|faint|p1a: Marshadow\n|\n|upkeep\n|c|\u2606Itriedtodo|lol\n|c|\u2606Itriedtodo|sash marshadow\n|c|\u2606SecretFBIAgent|not so surprising\n|\n|t:|1698794898\n|switch|p1a: Zacian|Zacian-Crowned|100\/100\n|-ability|p1a: Zacian|Intrepid Sword|boost\n|-boost|p1a: Zacian|atk|1\n|turn|10\n|c|\u2606SecretFBIAgent|very common in low ladder btw xd\n|\n|t:|1698794912\n|switch|p2a: Necrozma|Necrozma-Dusk-Mane|100\/100\n|move|p1a: Zacian|Behemoth Blade|p2a: Necrozma\n|-resisted|p2a: Necrozma\n|-damage|p2a: Necrozma|64\/100\n|\n|upkeep\n|turn|11\n|c|\u2606Itriedtodo|thats why im chople lol\n|\n|t:|1698794924\n|-terastallize|p1a: Zacian|Ground\n|move|p1a: Zacian|Tera Blast|p2a: Necrozma|[anim] Tera Blast Ground\n|-supereffective|p2a: Necrozma\n|-damage|p2a: Necrozma|0 fnt\n|faint|p2a: Necrozma\n|\n|upkeep\n|\n|t:|1698794929\n|switch|p2a: Salamence|Salamence, M|100\/100\n|-ability|p2a: Salamence|Intimidate|boost\n|-unboost|p1a: Zacian|atk|1\n|turn|12\n|c|\u2606SecretFBIAgent|zacian tera is so much better than zacian sd imo\n|inactive|Itriedtodo has 120 seconds left.\n|\n|t:|1698794965\n|detailschange|p2a: Salamence|Salamence-Mega, M\n|-mega|p2a: Salamence|Salamence|Salamencite\n|move|p1a: Zacian|Play Rough|p2a: Salamence\n|-supereffective|p2a: Salamence\n|-damage|p2a: Salamence|13\/100\n|move|p2a: Salamence|Dragon Dance|p2a: Salamence\n|-boost|p2a: Salamence|atk|1\n|-boost|p2a: Salamence|spe|1\n|\n|upkeep\n|turn|13\n|c|\u2606Itriedtodo|yeah its a beast\n|inactive|SecretFBIAgent has 120 seconds left.\n|\n|t:|1698794996\n|move|p2a: Salamence|Return|p1a: Zacian\n|-damage|p1a: Zacian|0 fnt\n|faint|p1a: Zacian\n|\n|upkeep\n|\n|t:|1698794999\n|switch|p1a: Deoxys|Deoxys-Attack, shiny|100\/100\n|-ability|p1a: Deoxys|Pressure\n|turn|14\n|c|\u2606SecretFBIAgent|aw man...:sadge:\n|inactive|Itriedtodo has 120 seconds left.\n|\n|t:|1698795021\n|move|p1a: Deoxys|Extreme Speed|p2a: Salamence\n|-damage|p2a: Salamence|0 fnt\n|faint|p2a: Salamence\n|\n|upkeep\n|\n|t:|1698795024\n|switch|p2a: Arceus|Arceus|58\/100\n|turn|15\n|\n|t:|1698795030\n|-terastallize|p2a: Arceus|Normal\n|move|p2a: Arceus|Extreme Speed|p1a: Deoxys\n|-enditem|p1a: Deoxys|Focus Sash\n|-damage|p1a: Deoxys|1\/100\n|move|p1a: Deoxys|Psycho Boost|p2a: Arceus\n|-damage|p2a: Arceus|0 fnt\n|-unboost|p1a: Deoxys|spa|2\n|faint|p2a: Arceus\n|\n|upkeep\n|\n|t:|1698795038\n|switch|p2a: Groudon|Groudon|100\/100\n|detailschange|p2a: Groudon|Groudon-Primal\n|-primal|p2a: Groudon|Red Orb\n|-weather|DesolateLand|[from] ability: Desolate Land|[of] p2a: Groudon\n|turn|16\n|c|\u2606SecretFBIAgent|surprise surprise\n|\n|t:|1698795045\n|move|p1a: Deoxys|Psycho Boost|p2a: Groudon\n|-damage|p2a: Groudon|55\/100\n|-unboost|p1a: Deoxys|spa|2\n|move|p2a: Groudon|Rock Polish|p2a: Groudon\n|-boost|p2a: Groudon|spe|2\n|\n|-weather|DesolateLand|[upkeep]\n|upkeep\n|turn|17\n|c|\u2606Itriedtodo|double sash\n|c|\u2606Itriedtodo|thats evil\n|c|\u2606SecretFBIAgent|never the fuck mind i might lose\n|\n|t:|1698795059\n|move|p1a: Deoxys|Extreme Speed|p2a: Groudon\n|-damage|p2a: Groudon|31\/100\n|move|p2a: Groudon|Precipice Blades|p1a: Deoxys\n|-damage|p1a: Deoxys|0 fnt\n|faint|p1a: Deoxys\n|\n|-weather|DesolateLand|[upkeep]\n|upkeep\n|c|\u2606Itriedtodo|no sucker punch?\n|\n|t:|1698795065\n|switch|p1a: Yveltal|Yveltal, shiny|100\/100\n|-ability|p1a: Yveltal|Dark Aura\n|turn|18\n|\n|t:|1698795072\n|move|p1a: Yveltal|Sucker Punch|p2a: Groudon\n|-damage|p2a: Groudon|0 fnt\n|faint|p2a: Groudon\n|-weather|none\n|\n|win|SecretFBIAgent\n|raw|SecretFBIAgent's rating: 1603 &rarr; <strong>1621<\/strong><br \/>(+18 for winning)\n|raw|Itriedtodo's rating: 1564 &rarr; <strong>1546<\/strong><br \/>(-18 for losing)\n","uploadtime":1698794829,"views":5,"p1id":"secretfbiagent","p2id":"itriedtodo","formatid":"gen9nationaldexubers","rating":1546,"private":0,"password":""}