{"id":"gen9nationaldexubers-1999248697","p1":"lonly wolf","p2":"Hachachino","format":"[Gen 9] National Dex Ubers","log":"|j|\u2606lonly wolf\n|j|\u2606Hachachino\n|t:|1701050532\n|gametype|singles\n|player|p1|lonly wolf|guitarist-gen4|\n|player|p2|Hachachino|ghetsis|\n|teamsize|p1|6\n|teamsize|p2|6\n|gen|9\n|tier|[Gen 9] National Dex Ubers\n|rule|HP Percentage Mod: HP is shown in percentages\n|rule|Endless Battle Clause: Forcing endless battles is banned\n|rule|OHKO Clause: OHKO moves are banned\n|rule|Evasion Moves Clause: Evasion moves are banned\n|rule|Evasion Items Clause: Evasion items are banned\n|rule|Species Clause: Limit one of each Pok\u00e9mon\n|rule|Sleep Clause Mod: Limit one foe put to sleep\n|rule|Mega Rayquaza Clause: You cannot mega evolve Rayquaza\n|clearpoke\n|poke|p1|Mewtwo|\n|poke|p1|Zacian-*|\n|poke|p1|Arceus-Steel|\n|poke|p1|Alomomola, F|\n|poke|p1|Salazzle, F|\n|poke|p1|Salamence, M|\n|poke|p2|Baxcalibur, M|\n|poke|p2|Iron Hands|\n|poke|p2|Metagross|\n|poke|p2|Great Tusk|\n|poke|p2|Spectrier|\n|poke|p2|Arceus-Dark|\n|teampreview\n|inactive|Battle timer is ON: inactive players will automatically lose when time's up. (requested by lonly wolf)\n|inactiveoff|Battle timer is now OFF.\n|c|\u2606Hachachino|GLHF\n|c|\u2606lonly wolf|lets wait a bit longer they are still wraping up i figureed we could at least sit in lobby tho\n|c|\u2606Hachachino|Sure thing\n|j| ah3nny\n|j| AshenAraquanid\n|c|\u2606lonly wolf|alright ive posted  the room\n|c|\u2606lonly wolf|good luck have fun to you as well\n|\n|t:|1701050750\n|start\n|switch|p1a: why|Salazzle, F, shiny|100\/100\n|switch|p2a: Manfred|Great Tusk|100\/100\n|turn|1\n|\n|t:|1701050757\n|switch|p1a: Stallamence|Salamence, M|100\/100\n|move|p2a: Manfred|Stealth Rock|p1a: Stallamence\n|-sidestart|p1: lonly wolf|move: Stealth Rock\n|\n|upkeep\n|turn|2\n|j| PaperDrMario\n|j| HopeAddict\n|j| Berryandon\n|\n|t:|1701050790\n|move|p1a: Stallamence|Dragon Dance|p1a: Stallamence\n|-boost|p1a: Stallamence|atk|1\n|-boost|p1a: Stallamence|spe|1\n|move|p2a: Manfred|Play Rough|p1a: Stallamence|[miss]\n|-miss|p2a: Manfred|p1a: Stallamence\n|\n|upkeep\n|turn|3\n|j| abstractvoid\n|c| HopeAddict|pokemon\n|c| Berryandon|Im spoiled\n|c|\u2606lonly wolf|why did you bring play rough instead of ice spinner\n|c|\u2606Hachachino|Well when you say it now its obvious\n|c|\u2606Hachachino|I never said I was smart\n|c|\u2606lonly wolf|youve ruined my  stallamence strategy for this game\n|l| HopeAddict\n|j| HopeAddict\n|\n|t:|1701050872\n|move|p1a: Stallamence|Psychic Fangs|p2a: Manfred\n|-supereffective|p2a: Manfred\n|-damage|p2a: Manfred|50\/100\n|move|p2a: Manfred|Play Rough|p1a: Stallamence\n|-supereffective|p1a: Stallamence\n|-damage|p1a: Stallamence|41\/100\n|-unboost|p1a: Stallamence|atk|1\n|\n|-heal|p2a: Manfred|56\/100|[from] item: Leftovers\n|upkeep\n|turn|4\n|c|\u2606Hachachino|More so I simply forgot it could learn it\n|\n|t:|1701050891\n|switch|p1a: Mega Jolteon|Arceus-Steel, shiny|100\/100\n|-damage|p1a: Mega Jolteon|94\/100|[from] Stealth Rock\n|move|p2a: Manfred|Play Rough|p1a: Mega Jolteon\n|-resisted|p1a: Mega Jolteon\n|-damage|p1a: Mega Jolteon|86\/100\n|\n|-heal|p2a: Manfred|63\/100|[from] item: Leftovers\n|upkeep\n|turn|5\n|\n|t:|1701050904\n|switch|p1a: ous biggest threat|Alomomola, F|100\/100\n|-damage|p1a: ous biggest threat|88\/100|[from] Stealth Rock\n|move|p2a: Manfred|Earthquake|p1a: ous biggest threat\n|-damage|p1a: ous biggest threat|65\/100\n|\n|-heal|p2a: Manfred|69\/100|[from] item: Leftovers\n|-heal|p1a: ous biggest threat|72\/100|[from] item: Leftovers\n|upkeep\n|turn|6\n|c| HopeAddict|mega jolteon \ud83e\udd14\n|c| HopeAddict|you aint wrong\n|\n|t:|1701050920\n|-end|p2a: Manfred|Protosynthesis|[silent]\n|switch|p2a: Defibrillator|Iron Hands|100\/100\n|-enditem|p2a: Defibrillator|Booster Energy\n|-activate|p2a: Defibrillator|ability: Quark Drive|[fromitem]\n|-start|p2a: Defibrillator|quarkdriveatk\n|move|p1a: ous biggest threat|Wish|p1a: ous biggest threat\n|\n|-heal|p1a: ous biggest threat|78\/100|[from] item: Leftovers\n|upkeep\n|turn|7\n|\n|t:|1701050954\n|move|p1a: ous biggest threat|Toxic|p2a: Defibrillator\n|-status|p2a: Defibrillator|tox\n|move|p2a: Defibrillator|Thunder Punch|p1a: ous biggest threat\n|-supereffective|p1a: ous biggest threat\n|-damage|p1a: ous biggest threat|18\/100\n|\n|-heal|p1a: ous biggest threat|68\/100|[from] move: Wish|[wisher] ous biggest threat\n|-heal|p1a: ous biggest threat|74\/100|[from] item: Leftovers\n|-damage|p2a: Defibrillator|94\/100 tox|[from] psn\n|upkeep\n|turn|8\n|\n|t:|1701050980\n|move|p1a: ous biggest threat|Protect|p1a: ous biggest threat\n|-singleturn|p1a: ous biggest threat|Protect\n|move|p2a: Defibrillator|Thunder Punch|p1a: ous biggest threat\n|-activate|p1a: ous biggest threat|move: Protect\n|\n|-heal|p1a: ous biggest threat|80\/100|[from] item: Leftovers\n|-damage|p2a: Defibrillator|82\/100 tox|[from] psn\n|upkeep\n|turn|9\n|\n|t:|1701050993\n|-end|p2a: Defibrillator|Quark Drive|[silent]\n|switch|p2a: Otto|Metagross|100\/100\n|move|p1a: ous biggest threat|Wish|p1a: ous biggest threat\n|\n|-heal|p1a: ous biggest threat|86\/100|[from] item: Leftovers\n|upkeep\n|turn|10\n|\n|t:|1701051004\n|switch|p1a: Stallamence|Salamence, M|41\/100\n|-damage|p1a: Stallamence|17\/100|[from] Stealth Rock\n|detailschange|p2a: Otto|Metagross-Mega\n|-mega|p2a: Otto|Metagross|Metagrossite\n|move|p2a: Otto|Zen Headbutt|p1a: Stallamence\n|-damage|p1a: Stallamence|0 fnt\n|faint|p1a: Stallamence\n|\n|upkeep\n|\n|t:|1701051013\n|switch|p1a: why|Salazzle, F, shiny|100\/100\n|-damage|p1a: why|76\/100|[from] Stealth Rock\n|turn|11\n|\n|t:|1701051021\n|switch|p2a: Manfred|Great Tusk|69\/100\n|move|p1a: why|Toxic|p2a: Manfred\n|-status|p2a: Manfred|tox\n|\n|-heal|p1a: why|82\/100|[from] item: Black Sludge\n|-heal|p2a: Manfred|75\/100 tox|[from] item: Leftovers\n|-damage|p2a: Manfred|69\/100 tox|[from] psn\n|upkeep\n|turn|12\n|\n|t:|1701051042\n|move|p1a: why|Protect|p1a: why\n|-singleturn|p1a: why|Protect\n|move|p2a: Manfred|Knock Off|p1a: why\n|-activate|p1a: why|move: Protect\n|\n|-heal|p1a: why|88\/100|[from] item: Black Sludge\n|-heal|p2a: Manfred|75\/100 tox|[from] item: Leftovers\n|-damage|p2a: Manfred|63\/100 tox|[from] psn\n|upkeep\n|turn|13\n|\n|t:|1701051050\n|move|p1a: why|Substitute|p1a: why\n|-start|p1a: why|Substitute\n|-damage|p1a: why|63\/100\n|move|p2a: Manfred|Earthquake|p1a: why\n|-supereffective|p1a: why\n|-end|p1a: why|Substitute\n|\n|-heal|p1a: why|70\/100|[from] item: Black Sludge\n|-heal|p2a: Manfred|69\/100 tox|[from] item: Leftovers\n|-damage|p2a: Manfred|50\/100 tox|[from] psn\n|upkeep\n|turn|14\n|\n|t:|1701051069\n|-end|p2a: Manfred|Protosynthesis|[silent]\n|switch|p2a: King Baxthur|Baxcalibur, M|100\/100\n|move|p1a: why|Substitute|p1a: why\n|-start|p1a: why|Substitute\n|-damage|p1a: why|45\/100\n|\n|-heal|p1a: why|51\/100|[from] item: Black Sludge\n|upkeep\n|turn|15\n|\n|t:|1701051082\n|move|p1a: why|Toxic Spikes|p2a: King Baxthur\n|-sidestart|p2: Hachachino|move: Toxic Spikes\n|move|p2a: King Baxthur|Earthquake|p1a: why\n|-supereffective|p1a: why\n|-end|p1a: why|Substitute\n|\n|-heal|p1a: why|57\/100|[from] item: Black Sludge\n|upkeep\n|turn|16\n|\n|t:|1701051092\n|move|p1a: why|Toxic Spikes|p2a: King Baxthur\n|-sidestart|p2: Hachachino|move: Toxic Spikes\n|move|p2a: King Baxthur|Earthquake|p1a: why\n|-supereffective|p1a: why\n|-damage|p1a: why|0 fnt\n|faint|p1a: why\n|\n|upkeep\n|c|\u2606Hachachino|Well shit you got me\n|\n|t:|1701051100\n|switch|p1a: doggo|Zacian|100\/100\n|-damage|p1a: doggo|88\/100|[from] Stealth Rock\n|-ability|p1a: doggo|Intrepid Sword|boost\n|-boost|p1a: doggo|atk|1\n|turn|17\n|c|\u2606Hachachino|I thought for sure it would have some fire move\n|c|\u2606lonly wolf|nah i aint about that life\n|c|\u2606lonly wolf|who attacks their opponents\n|c|\u2606lonly wolf|with moves\n|c|\u2606Hachachino|Oh\n|c|\u2606Hachachino|THis is kind of awkward for me\n|c|\u2606Hachachino|I've been aggro this whole time\n|\n|t:|1701051165\n|move|p1a: doggo|Crunch|p2a: King Baxthur\n|-damage|p2a: King Baxthur|40\/100\n|move|p2a: King Baxthur|Icicle Spear|p1a: doggo\n|-damage|p1a: doggo|74\/100\n|-damage|p1a: doggo|59\/100\n|-crit|p1a: doggo\n|-damage|p1a: doggo|36\/100\n|-damage|p1a: doggo|21\/100\n|-hitcount|p1a: doggo|4\n|\n|upkeep\n|turn|18\n|\n|t:|1701051175\n|move|p1a: doggo|Crunch|p2a: King Baxthur\n|-damage|p2a: King Baxthur|0 fnt\n|faint|p2a: King Baxthur\n|\n|upkeep\n|\n|t:|1701051181\n|switch|p2a: Otto|Metagross-Mega|100\/100\n|turn|19\n|\n|t:|1701051189\n|move|p1a: doggo|Crunch|p2a: Otto\n|-supereffective|p2a: Otto\n|-damage|p2a: Otto|1\/100\n|move|p2a: Otto|Earthquake|p1a: doggo\n|-damage|p1a: doggo|0 fnt\n|faint|p1a: doggo\n|\n|upkeep\n|c|\u2606lonly wolf|aaaa\n|c|\u2606lonly wolf|it was a roll to kill\n|\n|t:|1701051219\n|switch|p1a: mewthree|Mewtwo|100\/100\n|-damage|p1a: mewthree|88\/100|[from] Stealth Rock\n|-ability|p1a: mewthree|Pressure\n|turn|20\n|\n|t:|1701051231\n|detailschange|p1a: mewthree|Mewtwo-Mega-Y\n|-mega|p1a: mewthree|Mewtwo|Mewtwonite Y\n|move|p1a: mewthree|Ice Beam|p2a: Otto\n|-resisted|p2a: Otto\n|-damage|p2a: Otto|0 fnt\n|faint|p2a: Otto\n|\n|upkeep\n|\n|t:|1701051244\n|switch|p2a: Banshee|Spectrier|100\/100\n|-status|p2a: Banshee|tox\n|turn|21\n|\n|t:|1701051253\n|switch|p1a: Mega Jolteon|Arceus-Steel, shiny|86\/100\n|-damage|p1a: Mega Jolteon|80\/100|[from] Stealth Rock\n|move|p2a: Banshee|Dark Pulse|p1a: Mega Jolteon\n|-damage|p1a: Mega Jolteon|58\/100\n|\n|-damage|p2a: Banshee|94\/100 tox|[from] psn\n|upkeep\n|turn|22\n|\n|t:|1701051264\n|switch|p2a: Darkceus|Arceus-Dark|100\/100\n|-status|p2a: Darkceus|tox\n|move|p1a: Mega Jolteon|Stealth Rock|p2a: Darkceus\n|-sidestart|p2: Hachachino|move: Stealth Rock\n|\n|-damage|p2a: Darkceus|94\/100 tox|[from] psn\n|upkeep\n|turn|23\n|c| PaperDrMario|Not just shadow ball?\n|\n|t:|1701051277\n|move|p1a: Mega Jolteon|Recover|p1a: Mega Jolteon\n|-heal|p1a: Mega Jolteon|100\/100\n|move|p2a: Darkceus|Judgment|p1a: Mega Jolteon\n|-damage|p1a: Mega Jolteon|66\/100\n|\n|-damage|p2a: Darkceus|82\/100 tox|[from] psn\n|upkeep\n|turn|24\n|c| HopeAddict|turn 22 stealth rocks\n|c| HopeAddict|what a madman\n|\n|t:|1701051298\n|move|p2a: Darkceus|Judgment|p1a: Mega Jolteon\n|-damage|p1a: Mega Jolteon|36\/100\n|move|p1a: Mega Jolteon|Calm Mind|p1a: Mega Jolteon\n|-boost|p1a: Mega Jolteon|spa|1\n|-boost|p1a: Mega Jolteon|spd|1\n|\n|-damage|p2a: Darkceus|64\/100 tox|[from] psn\n|upkeep\n|turn|25\n|\n|t:|1701051307\n|switch|p2a: Defibrillator|Iron Hands|82\/100 tox\n|-damage|p2a: Defibrillator|76\/100 tox|[from] Stealth Rock\n|move|p1a: Mega Jolteon|Recover|p1a: Mega Jolteon\n|-heal|p1a: Mega Jolteon|86\/100\n|\n|-damage|p2a: Defibrillator|70\/100 tox|[from] psn\n|upkeep\n|turn|26\n|\n|t:|1701051316\n|move|p1a: Mega Jolteon|Judgment|p2a: Defibrillator\n|-resisted|p2a: Defibrillator\n|-damage|p2a: Defibrillator|36\/100 tox\n|move|p2a: Defibrillator|Drain Punch|p1a: Mega Jolteon\n|-supereffective|p1a: Mega Jolteon\n|-damage|p1a: Mega Jolteon|29\/100\n|-heal|p2a: Defibrillator|60\/100 tox|[from] drain|[of] p1a: Mega Jolteon\n|\n|-damage|p2a: Defibrillator|48\/100 tox|[from] psn\n|upkeep\n|turn|27\n|\n|t:|1701051332\n|switch|p1a: ous biggest threat|Alomomola, F|100\/100\n|-damage|p1a: ous biggest threat|88\/100|[from] Stealth Rock\n|move|p2a: Defibrillator|Drain Punch|p1a: ous biggest threat\n|-damage|p1a: ous biggest threat|63\/100\n|-heal|p2a: Defibrillator|61\/100 tox|[from] drain|[of] p1a: ous biggest threat\n|\n|-heal|p1a: ous biggest threat|69\/100|[from] item: Leftovers\n|-damage|p2a: Defibrillator|43\/100 tox|[from] psn\n|upkeep\n|turn|28\n|\n|t:|1701051352\n|-end|p2a: Defibrillator|Quark Drive|[silent]\n|switch|p2a: Banshee|Spectrier|94\/100 tox\n|-damage|p2a: Banshee|82\/100 tox|[from] Stealth Rock\n|move|p1a: ous biggest threat|Protect||[still]\n|-fail|p1a: ous biggest threat\n|\n|-heal|p1a: ous biggest threat|76\/100|[from] item: Leftovers\n|-damage|p2a: Banshee|76\/100 tox|[from] psn\n|upkeep\n|turn|29\n|\n|t:|1701051380\n|move|p2a: Banshee|Shadow Ball|p1a: ous biggest threat\n|-damage|p1a: ous biggest threat|21\/100\n|move|p1a: ous biggest threat|Knock Off|p2a: Banshee\n|-supereffective|p2a: Banshee\n|-damage|p2a: Banshee|21\/100 tox\n|-enditem|p2a: Banshee|Choice Scarf|[from] move: Knock Off|[of] p1a: ous biggest threat\n|\n|-heal|p1a: ous biggest threat|27\/100|[from] item: Leftovers\n|-damage|p2a: Banshee|8\/100 tox|[from] psn\n|upkeep\n|turn|30\n|c|\u2606lonly wolf|thats what i thought\n|\n|t:|1701051401\n|move|p1a: ous biggest threat|Protect|p1a: ous biggest threat\n|-singleturn|p1a: ous biggest threat|Protect\n|move|p2a: Banshee|Shadow Ball|p1a: ous biggest threat\n|-activate|p1a: ous biggest threat|move: Protect\n|\n|-heal|p1a: ous biggest threat|33\/100|[from] item: Leftovers\n|-damage|p2a: Banshee|0 fnt|[from] psn\n|faint|p2a: Banshee\n|upkeep\n|\n|t:|1701051409\n|switch|p2a: Defibrillator|Iron Hands|43\/100 tox\n|-damage|p2a: Defibrillator|37\/100 tox|[from] Stealth Rock\n|turn|31\n|\n|t:|1701051416\n|move|p1a: ous biggest threat|Wish|p1a: ous biggest threat\n|move|p2a: Defibrillator|Thunder Punch|p1a: ous biggest threat\n|-supereffective|p1a: ous biggest threat\n|-damage|p1a: ous biggest threat|0 fnt\n|faint|p1a: ous biggest threat\n|\n|-damage|p2a: Defibrillator|31\/100 tox|[from] psn\n|upkeep\n|\n|t:|1701051429\n|switch|p1a: mewthree|Mewtwo-Mega-Y|88\/100\n|-damage|p1a: mewthree|76\/100|[from] Stealth Rock\n|turn|32\n|l| Berryandon\n|\n|t:|1701051442\n|move|p1a: mewthree|Ice Beam|p2a: Defibrillator\n|-damage|p2a: Defibrillator|0 fnt\n|faint|p2a: Defibrillator\n|-end|p2a: Defibrillator|Quark Drive|[silent]\n|\n|-heal|p1a: mewthree|100\/100|[from] move: Wish|[wisher] ous biggest threat\n|upkeep\n|\n|t:|1701051448\n|switch|p2a: Darkceus|Arceus-Dark|64\/100 tox\n|-damage|p2a: Darkceus|52\/100 tox|[from] Stealth Rock\n|turn|33\n|c|\u2606Hachachino|Holy moly I did not know Mewtwo was that fast\n|\n|t:|1701051472\n|move|p1a: mewthree|Aura Sphere|p2a: Darkceus\n|-supereffective|p2a: Darkceus\n|-damage|p2a: Darkceus|0 fnt\n|faint|p2a: Darkceus\n|\n|upkeep\n|j| Berryandon\n|\n|t:|1701051477\n|switch|p2a: Manfred|Great Tusk|50\/100 tox\n|-damage|p2a: Manfred|47\/100 tox|[from] Stealth Rock\n|turn|34\n|c|\u2606lonly wolf|this thing is god dude\n|c|\u2606Hachachino|gg\n|\n|t:|1701051484\n|move|p1a: mewthree|Ice Beam|p2a: Manfred\n|-supereffective|p2a: Manfred\n|-damage|p2a: Manfred|0 fnt\n|faint|p2a: Manfred\n|-end|p2a: Manfred|Protosynthesis|[silent]\n|\n|win|lonly wolf\n|c|\u2606lonly wolf|gg\n|c|\u2606lonly wolf|well played\n|c| Berryandon|hacha\n|l| AshenAraquanid\n|c|\u2606Hachachino|GGWP\n|c|\u2606Hachachino|The salazzle\n|l| HopeAddict\n|c|\u2606Hachachino|I knew I should'v ebrought the spin\n|c| Berryandon|please please please take bullet punch on metagross\n|c| Berryandon|please\n|c|\u2606Hachachino|I'll think about it\n|l| PaperDrMario\n|c|\u2606lonly wolf|i wanted to poison metagross so bad\n|c| Berryandon|please\n","uploadtime":1701051492,"views":31,"p1id":"lonlywolf","p2id":"hachachino","formatid":"gen9nationaldexubers","rating":0,"private":0,"password":""}