{"id":"gen9nationaldexubers-1978110475","p1":"officer doody","p2":"KingoftheTitans","format":"[Gen 9] National Dex Ubers","log":"|j|\u2606officer doody\n|j|\u2606KingoftheTitans\n|t:|1698500653\n|gametype|singles\n|player|p1|officer doody|pokemaniac|1161\n|player|p2|KingoftheTitans|101|1266\n|teamsize|p1|6\n|teamsize|p2|6\n|gen|9\n|tier|[Gen 9] National Dex Ubers\n|rated|\n|rule|HP Percentage Mod: HP is shown in percentages\n|rule|Endless Battle Clause: Forcing endless battles is banned\n|rule|OHKO Clause: OHKO moves are banned\n|rule|Evasion Moves Clause: Evasion moves are banned\n|rule|Evasion Items Clause: Evasion items are banned\n|rule|Species Clause: Limit one of each Pok\u00e9mon\n|rule|Sleep Clause Mod: Limit one foe put to sleep\n|rule|Mega Rayquaza Clause: You cannot mega evolve Rayquaza\n|clearpoke\n|poke|p1|Galvantula, M|\n|poke|p1|Charizard, M|\n|poke|p1|Naganadel|\n|poke|p1|Scizor, M|\n|poke|p1|Aegislash, M|\n|poke|p1|Gyarados, F|\n|poke|p2|Ogerpon-Hearthflame, F|\n|poke|p2|Mewtwo|\n|poke|p2|Salamence, M|\n|poke|p2|Dragapult, M|\n|poke|p2|Darmanitan-Galar, F|\n|poke|p2|Flutter Mane|\n|teampreview\n|\n|t:|1698500661\n|start\n|switch|p1a: Galvantula|Galvantula, M|100\/100\n|switch|p2a: Flutter Mane|Flutter Mane, shiny|100\/100\n|-enditem|p2a: Flutter Mane|Booster Energy\n|-activate|p2a: Flutter Mane|ability: Protosynthesis|[fromitem]\n|-start|p2a: Flutter Mane|protosynthesisspe\n|turn|1\n|\n|t:|1698500668\n|move|p2a: Flutter Mane|Taunt|p1a: Galvantula\n|-start|p1a: Galvantula|move: Taunt\n|cant|p1a: Galvantula|move: Taunt|Sticky Web\n|\n|upkeep\n|turn|2\n|\n|t:|1698500673\n|move|p2a: Flutter Mane|Mystical Fire|p1a: Galvantula\n|-supereffective|p1a: Galvantula\n|-damage|p1a: Galvantula|5\/100\n|-unboost|p1a: Galvantula|spa|1\n|move|p1a: Galvantula|Thunder|p2a: Flutter Mane\n|-damage|p2a: Flutter Mane|69\/100\n|\n|upkeep\n|turn|3\n|\n|t:|1698500683\n|move|p2a: Flutter Mane|Shadow Ball|p1a: Galvantula\n|-damage|p1a: Galvantula|0 fnt\n|faint|p1a: Galvantula\n|\n|upkeep\n|\n|t:|1698500688\n|switch|p1a: Scizor|Scizor, M|100\/100\n|turn|4\n|\n|t:|1698500695\n|-end|p2a: Flutter Mane|Protosynthesis|[silent]\n|switch|p2a: Ogerpon|Ogerpon-Hearthflame, F|100\/100\n|-ability|p2a: Ogerpon|Mold Breaker\n|move|p1a: Scizor|Bullet Punch|p2a: Ogerpon\n|-resisted|p2a: Ogerpon\n|-damage|p2a: Ogerpon|76\/100\n|-damage|p1a: Scizor|91\/100|[from] item: Life Orb\n|\n|upkeep\n|turn|5\n|\n|t:|1698500705\n|switch|p1a: Stinger|Naganadel, shiny|100\/100\n|move|p2a: Ogerpon|Ivy Cudgel|p1a: Stinger\n|-resisted|p1a: Stinger\n|-damage|p1a: Stinger|67\/100\n|\n|upkeep\n|turn|6\n|\n|t:|1698500717\n|switch|p2a: Flutter Mane|Flutter Mane, shiny|69\/100\n|move|p1a: Stinger|Dark Pulse|p2a: Flutter Mane\n|-damage|p2a: Flutter Mane|31\/100\n|\n|upkeep\n|turn|7\n|\n|t:|1698500725\n|move|p2a: Flutter Mane|Moonblast|p1a: Stinger\n|-damage|p1a: Stinger|0 fnt\n|faint|p1a: Stinger\n|\n|upkeep\n|\n|t:|1698500730\n|switch|p1a: Scizor|Scizor, M|91\/100\n|turn|8\n|\n|t:|1698500736\n|-end|p2a: Flutter Mane|Protosynthesis|[silent]\n|switch|p2a: Salamence|Salamence, M, shiny|100\/100\n|-ability|p2a: Salamence|Intimidate|boost\n|-unboost|p1a: Scizor|atk|1\n|move|p1a: Scizor|Bullet Punch|p2a: Salamence\n|-damage|p2a: Salamence|70\/100\n|-damage|p1a: Scizor|81\/100|[from] item: Life Orb\n|\n|upkeep\n|turn|9\n|\n|t:|1698500745\n|switch|p1a: I'm not a dragon|Gyarados, F|100\/100\n|detailschange|p2a: Salamence|Salamence-Mega, M, shiny\n|-mega|p2a: Salamence|Salamence|Salamencite\n|move|p2a: Salamence|Dragon Dance|p2a: Salamence\n|-boost|p2a: Salamence|atk|1\n|-boost|p2a: Salamence|spe|1\n|\n|upkeep\n|turn|10\n|\n|t:|1698500753\n|move|p2a: Salamence|Body Slam|p1a: I'm not a dragon\n|-damage|p1a: I'm not a dragon|3\/100\n|move|p1a: I'm not a dragon|Dragon Dance|p1a: I'm not a dragon\n|-boost|p1a: I'm not a dragon|atk|1\n|-boost|p1a: I'm not a dragon|spe|1\n|\n|-heal|p1a: I'm not a dragon|9\/100|[from] item: Leftovers\n|upkeep\n|turn|11\n|\n|t:|1698500764\n|move|p2a: Salamence|Body Slam|p1a: I'm not a dragon\n|-damage|p1a: I'm not a dragon|0 fnt\n|faint|p1a: I'm not a dragon\n|\n|upkeep\n|\n|t:|1698500770\n|switch|p1a: Scizor|Scizor, M|81\/100\n|turn|12\n|\n|t:|1698500773\n|move|p1a: Scizor|Bullet Punch|p2a: Salamence\n|-damage|p2a: Salamence|37\/100\n|-damage|p1a: Scizor|71\/100|[from] item: Life Orb\n|move|p2a: Salamence|Body Slam|p1a: Scizor\n|-damage|p1a: Scizor|0 fnt\n|faint|p1a: Scizor\n|\n|upkeep\n|\n|t:|1698500781\n|switch|p1a: Aegislash|Aegislash, M|100\/100\n|turn|13\n|\n|t:|1698500784\n|-formechange|p1a: Aegislash|Aegislash-Blade||[from] ability: Stance Change\n|move|p1a: Aegislash|Shadow Sneak|p2a: Salamence\n|-damage|p2a: Salamence|19\/100\n|move|p2a: Salamence|Earthquake|p1a: Aegislash\n|-supereffective|p1a: Aegislash\n|-damage|p1a: Aegislash|0 fnt\n|faint|p1a: Aegislash\n|\n|upkeep\n|-message|officer doody forfeited.\n|\n|win|KingoftheTitans\n|raw|officer doody's rating: 1161 &rarr; <strong>1143<\/strong><br \/>(-18 for losing)\n|raw|KingoftheTitans's rating: 1266 &rarr; <strong>1284<\/strong><br \/>(+18 for winning)\n|l|\u2606officer doody\n","uploadtime":1698500796,"views":20,"p1id":"officerdoody","p2id":"kingofthetitans","formatid":"gen9nationaldexubers","rating":1143,"private":0,"password":""}