{"id":"gen9nationaldexubers-1979102601","p1":"dxrksqxlllll","p2":"BTT2023","format":"[Gen 9] National Dex Ubers","log":"|j|\u2606dxrksqxlllll\n|j|\u2606BTT2023\n|t:|1698632492\n|gametype|singles\n|player|p1|dxrksqxlllll|hooligans|1151\n|player|p2|BTT2023|red|1043\n|teamsize|p1|6\n|teamsize|p2|6\n|gen|9\n|tier|[Gen 9] National Dex Ubers\n|rated|\n|rule|HP Percentage Mod: HP is shown in percentages\n|rule|Endless Battle Clause: Forcing endless battles is banned\n|rule|OHKO Clause: OHKO moves are banned\n|rule|Evasion Moves Clause: Evasion moves are banned\n|rule|Evasion Items Clause: Evasion items are banned\n|rule|Species Clause: Limit one of each Pok\u00e9mon\n|rule|Sleep Clause Mod: Limit one foe put to sleep\n|rule|Mega Rayquaza Clause: You cannot mega evolve Rayquaza\n|clearpoke\n|poke|p1|Zygarde|\n|poke|p1|Zacian-*|\n|poke|p1|Arceus-Dark|\n|poke|p1|Regieleki|\n|poke|p1|Kommo-o, M|\n|poke|p1|Amoonguss, F|\n|poke|p2|Groudon|\n|poke|p2|Kyogre|\n|poke|p2|Rayquaza|\n|poke|p2|Yveltal|\n|poke|p2|Xerneas-*|\n|poke|p2|Zygarde|\n|teampreview\n|inactive|Battle timer is ON: inactive players will automatically lose when time's up. (requested by dxrksqxlllll)\n|\n|t:|1698632521\n|start\n|switch|p1a: Amoonguss|Amoonguss, F|100\/100\n|switch|p2a: Yveltal|Yveltal|100\/100\n|-ability|p2a: Yveltal|Dark Aura\n|turn|1\n|\n|t:|1698632527\n|move|p2a: Yveltal|Taunt|p1a: Amoonguss\n|-start|p1a: Amoonguss|move: Taunt\n|cant|p1a: Amoonguss|move: Taunt|Spore\n|\n|upkeep\n|turn|2\n|\n|t:|1698632533\n|move|p2a: Yveltal|Oblivion Wing|p1a: Amoonguss\n|-supereffective|p1a: Amoonguss\n|-enditem|p1a: Amoonguss|Focus Sash\n|-damage|p1a: Amoonguss|1\/100\n|-damage|p2a: Yveltal|91\/100|[from] item: Life Orb\n|move|p1a: Amoonguss|Secret Power|p2a: Yveltal\n|-damage|p2a: Yveltal|73\/100\n|\n|upkeep\n|turn|3\n|\n|t:|1698632544\n|move|p2a: Yveltal|Heat Wave|p1a: Amoonguss\n|-supereffective|p1a: Amoonguss\n|-damage|p1a: Amoonguss|0 fnt\n|faint|p1a: Amoonguss\n|-damage|p2a: Yveltal|63\/100|[from] item: Life Orb\n|\n|upkeep\n|\n|t:|1698632546\n|switch|p1a: Kommo-o|Kommo-o, M|100\/100\n|turn|4\n|\n|t:|1698632553\n|-terastallize|p1a: Kommo-o|Dragon\n|move|p2a: Yveltal|Oblivion Wing|p1a: Kommo-o\n|-damage|p1a: Kommo-o|36\/100\n|-heal|p2a: Yveltal|98\/100|[from] drain|[of] p1a: Kommo-o\n|-damage|p2a: Yveltal|89\/100|[from] item: Life Orb\n|move|p1a: Kommo-o|Belly Drum||[still]\n|-fail|p1a: Kommo-o\n|\n|upkeep\n|turn|5\n|\n|t:|1698632563\n|move|p2a: Yveltal|Dark Pulse|p1a: Kommo-o\n|-damage|p1a: Kommo-o|0 fnt\n|faint|p1a: Kommo-o\n|-damage|p2a: Yveltal|79\/100|[from] item: Life Orb\n|\n|upkeep\n|\n|t:|1698632566\n|switch|p1a: Regieleki|Regieleki|100\/100\n|turn|6\n|\n|t:|1698632571\n|move|p1a: Regieleki|Zap Cannon|p2a: Yveltal\n|-supereffective|p2a: Yveltal\n|-crit|p2a: Yveltal\n|-damage|p2a: Yveltal|0 fnt\n|faint|p2a: Yveltal\n|\n|upkeep\n|\n|t:|1698632584\n|switch|p2a: Zygarde|Zygarde|100\/100\n|turn|7\n|\n|t:|1698632588\n|move|p1a: Regieleki|Giga Impact|p2a: Zygarde\n|-damage|p2a: Zygarde|72\/100\n|-mustrecharge|p1a: Regieleki\n|move|p2a: Zygarde|Dragon Dance|p2a: Zygarde\n|-boost|p2a: Zygarde|atk|1\n|-boost|p2a: Zygarde|spe|1\n|\n|upkeep\n|turn|8\n|\n|t:|1698632593\n|cant|p1a: Regieleki|recharge\n|move|p2a: Zygarde|Earthquake|p1a: Regieleki\n|-supereffective|p1a: Regieleki\n|-damage|p1a: Regieleki|0 fnt\n|faint|p1a: Regieleki\n|\n|upkeep\n|\n|t:|1698632596\n|switch|p1a: Zygarde|Zygarde, shiny|100\/100\n|turn|9\n|\n|t:|1698632600\n|move|p2a: Zygarde|Outrage|p1a: Zygarde\n|-supereffective|p1a: Zygarde\n|-damage|p1a: Zygarde|0 fnt\n|faint|p1a: Zygarde\n|\n|upkeep\n|\n|t:|1698632606\n|switch|p1a: Zacian|Zacian-Crowned|100\/100\n|-ability|p1a: Zacian|Intrepid Sword|boost\n|-boost|p1a: Zacian|atk|1\n|turn|10\n|\n|t:|1698632614\n|move|p1a: Zacian|Behemoth Blade|p2a: Zygarde\n|-damage|p2a: Zygarde|1\/100\n|move|p2a: Zygarde|Outrage|p1a: Zacian|[from]lockedmove\n|-immune|p1a: Zacian\n|-start|p2a: Zygarde|confusion|[fatigue]\n|-enditem|p2a: Zygarde|Lum Berry|[eat]\n|-end|p2a: Zygarde|confusion\n|\n|-activate|p2a: Zygarde|ability: Power Construct\n|detailschange|p2a: Zygarde|Zygarde-Complete\n|-heal|p2a: Zygarde|39\/100|[silent]\n|upkeep\n|turn|11\n|\n|t:|1698632622\n|move|p1a: Zacian|Behemoth Blade|p2a: Zygarde\n|-damage|p2a: Zygarde|0 fnt\n|faint|p2a: Zygarde\n|\n|upkeep\n|\n|t:|1698632630\n|switch|p2a: Kyogre|Kyogre|100\/100\n|detailschange|p2a: Kyogre|Kyogre-Primal\n|-primal|p2a: Kyogre|Blue Orb\n|-weather|PrimordialSea|[from] ability: Primordial Sea|[of] p2a: Kyogre\n|turn|12\n|\n|t:|1698632635\n|move|p1a: Zacian|Wild Charge|p2a: Kyogre\n|-supereffective|p2a: Kyogre\n|-damage|p2a: Kyogre|0 fnt\n|faint|p2a: Kyogre\n|-weather|none\n|-damage|p1a: Zacian|74\/100|[from] Recoil\n|\n|upkeep\n|\n|t:|1698632640\n|switch|p2a: Groudon|Groudon|100\/100\n|detailschange|p2a: Groudon|Groudon-Primal\n|-primal|p2a: Groudon|Red Orb\n|-weather|DesolateLand|[from] ability: Desolate Land|[of] p2a: Groudon\n|turn|13\n|\n|t:|1698632651\n|move|p1a: Zacian|Behemoth Blade|p2a: Groudon\n|-resisted|p2a: Groudon\n|-damage|p2a: Groudon|71\/100\n|move|p2a: Groudon|Eruption|p1a: Zacian\n|-supereffective|p1a: Zacian\n|-damage|p1a: Zacian|0 fnt\n|faint|p1a: Zacian\n|\n|-weather|DesolateLand|[upkeep]\n|upkeep\n|\n|t:|1698632655\n|switch|p1a: Arceus|Arceus-Dark|100\/100\n|turn|14\n|\n|t:|1698632661\n|move|p1a: Arceus|Judgment|p2a: Groudon\n|-damage|p2a: Groudon|7\/100\n|move|p2a: Groudon|Solar Beam||[still]\n|-prepare|p2a: Groudon|Solar Beam\n|-anim|p2a: Groudon|Solar Beam|p1a: Arceus\n|-damage|p1a: Arceus|74\/100\n|\n|-weather|DesolateLand|[upkeep]\n|upkeep\n|turn|15\n|\n|t:|1698632669\n|move|p1a: Arceus|Judgment|p2a: Groudon\n|-damage|p2a: Groudon|0 fnt\n|faint|p2a: Groudon\n|-weather|none\n|\n|upkeep\n|\n|t:|1698632672\n|switch|p2a: Rayquaza|Rayquaza|100\/100\n|-ability|p2a: Rayquaza|Air Lock\n|turn|16\n|\n|t:|1698632676\n|move|p1a: Arceus|Recover|p1a: Arceus\n|-heal|p1a: Arceus|100\/100\n|move|p2a: Rayquaza|Dragon Dance|p2a: Rayquaza\n|-boost|p2a: Rayquaza|atk|1\n|-boost|p2a: Rayquaza|spe|1\n|\n|upkeep\n|turn|17\n|\n|t:|1698632680\n|move|p2a: Rayquaza|Extreme Speed|p1a: Arceus\n|-damage|p1a: Arceus|73\/100\n|move|p1a: Arceus|Toxic|p2a: Rayquaza\n|-status|p2a: Rayquaza|tox\n|\n|-damage|p2a: Rayquaza|95\/100 tox|[from] psn\n|upkeep\n|turn|18\n|-activate|p2a: Rayquaza|item: Quick Claw\n|\n|t:|1698632684\n|move|p2a: Rayquaza|Dragon Ascent|p1a: Arceus\n|-damage|p1a: Arceus|8\/100\n|-unboost|p2a: Rayquaza|def|1\n|-unboost|p2a: Rayquaza|spd|1\n|move|p1a: Arceus|Recover|p1a: Arceus\n|-heal|p1a: Arceus|58\/100\n|\n|-damage|p2a: Rayquaza|83\/100 tox|[from] psn\n|upkeep\n|turn|19\n|\n|t:|1698632693\n|move|p2a: Rayquaza|Dragon Ascent|p1a: Arceus\n|-damage|p1a: Arceus|2\/100\n|-unboost|p2a: Rayquaza|def|1\n|-unboost|p2a: Rayquaza|spd|1\n|move|p1a: Arceus|Judgment|p2a: Rayquaza\n|-damage|p2a: Rayquaza|0 fnt\n|faint|p2a: Rayquaza\n|\n|upkeep\n|\n|t:|1698632696\n|switch|p2a: Xerneas|Xerneas|100\/100\n|-ability|p2a: Xerneas|Fairy Aura\n|turn|20\n|\n|t:|1698632702\n|move|p1a: Arceus|Recover|p1a: Arceus\n|-heal|p1a: Arceus|52\/100\n|move|p2a: Xerneas|Moonblast|p1a: Arceus\n|-supereffective|p1a: Arceus\n|-damage|p1a: Arceus|0 fnt\n|faint|p1a: Arceus\n|\n|win|BTT2023\n|raw|dxrksqxlllll's rating: 1151 &rarr; <strong>1118<\/strong><br \/>(-33 for losing)\n|raw|BTT2023's rating: 1043 &rarr; <strong>1087<\/strong><br \/>(+44 for winning)\n|c|\u2606BTT2023|GG :)\n","uploadtime":1698632708,"views":12,"p1id":"dxrksqxlllll","p2id":"btt2023","formatid":"gen9nationaldexubers","rating":1087,"private":0,"password":""}