{"id":"gen9nationaldexubers-1978210654","p1":"Skorchdiver","p2":"JustMonika_CARR","format":"[Gen 9] National Dex Ubers","log":"|j|\u2606Skorchdiver\n|j|\u2606JustMonika_CARR\n|t:|1698512945\n|gametype|singles\n|player|p1|Skorchdiver|barry|1392\n|player|p2|JustMonika_CARR|dawn|1383\n|teamsize|p1|6\n|teamsize|p2|6\n|gen|9\n|tier|[Gen 9] National Dex Ubers\n|rated|\n|rule|HP Percentage Mod: HP is shown in percentages\n|rule|Endless Battle Clause: Forcing endless battles is banned\n|rule|OHKO Clause: OHKO moves are banned\n|rule|Evasion Moves Clause: Evasion moves are banned\n|rule|Evasion Items Clause: Evasion items are banned\n|rule|Species Clause: Limit one of each Pok\u00e9mon\n|rule|Sleep Clause Mod: Limit one foe put to sleep\n|rule|Mega Rayquaza Clause: You cannot mega evolve Rayquaza\n|clearpoke\n|poke|p1|Eternatus|\n|poke|p1|Mewtwo|\n|poke|p1|Kingambit, M|\n|poke|p1|Groudon|\n|poke|p1|Ho-Oh|\n|poke|p1|Marshadow|\n|poke|p2|Marshadow|\n|poke|p2|Lopunny, F|\n|poke|p2|Dialga|\n|poke|p2|Forretress, F|\n|poke|p2|Pheromosa|\n|poke|p2|Grimmsnarl, M|\n|teampreview\n|c|\u2606JustMonika_CARR|glhf\n|c|\u2606Skorchdiver|u 2\n|\n|t:|1698512973\n|start\n|switch|p1a: Kingambit|Kingambit, M|100\/100\n|switch|p2a: Forretress|Forretress, F, shiny|100\/100\n|turn|1\n|\n|t:|1698512981\n|-end|p1a: Kingambit|fallenundefined|[silent]\n|switch|p1a: Eternatus|Eternatus|100\/100\n|-ability|p1a: Eternatus|Pressure\n|move|p2a: Forretress|Toxic Spikes|p1a: Eternatus\n|-sidestart|p1: Skorchdiver|move: Toxic Spikes\n|\n|upkeep\n|turn|2\n|c|\u2606JustMonika_CARR|Kingambit first?\n|\n|t:|1698512988\n|move|p1a: Eternatus|Meteor Beam||[still]\n|-prepare|p1a: Eternatus|Meteor Beam\n|-boost|p1a: Eternatus|spa|1\n|-enditem|p1a: Eternatus|Power Herb\n|-anim|p1a: Eternatus|Meteor Beam|p2a: Forretress\n|-ability|p2a: Forretress|Sturdy\n|-damage|p2a: Forretress|1\/100\n|-enditem|p2a: Forretress|Red Card|[of] p1a: Eternatus\n|drag|p1a: Groudon|Groudon|100\/100\n|-status|p1a: Groudon|psn\n|detailschange|p1a: Groudon|Groudon-Primal\n|-primal|p1a: Groudon|Red Orb\n|-weather|DesolateLand|[from] ability: Desolate Land|[of] p1a: Groudon\n|move|p2a: Forretress|Stealth Rock|p1a: Groudon\n|-sidestart|p1: Skorchdiver|move: Stealth Rock\n|\n|-weather|DesolateLand|[upkeep]\n|-damage|p1a: Groudon|88\/100 psn|[from] psn\n|upkeep\n|turn|3\n|\n|t:|1698513005\n|move|p1a: Groudon|Rock Polish|p1a: Groudon\n|-boost|p1a: Groudon|spe|2\n|move|p2a: Forretress|Rapid Spin|p1a: Groudon\n|-damage|p1a: Groudon|81\/100 psn\n|-boost|p2a: Forretress|spe|1\n|\n|-weather|DesolateLand|[upkeep]\n|-damage|p1a: Groudon|69\/100 psn|[from] psn\n|upkeep\n|turn|4\n|\n|t:|1698513012\n|move|p2a: Forretress|Endure|p2a: Forretress\n|-singleturn|p2a: Forretress|move: Endure\n|move|p1a: Groudon|Heat Crash|p2a: Forretress\n|-supereffective|p2a: Forretress\n|-activate|p2a: Forretress|move: Endure\n|-damage|p2a: Forretress|1\/100\n|\n|-weather|DesolateLand|[upkeep]\n|-damage|p1a: Groudon|56\/100 psn|[from] psn\n|upkeep\n|turn|5\n|\n|t:|1698513020\n|move|p2a: Forretress|Endure|p2a: Forretress\n|-singleturn|p2a: Forretress|move: Endure\n|move|p1a: Groudon|Heat Crash|p2a: Forretress\n|-supereffective|p2a: Forretress\n|-activate|p2a: Forretress|move: Endure\n|-damage|p2a: Forretress|1\/100\n|\n|-weather|DesolateLand|[upkeep]\n|-damage|p1a: Groudon|44\/100 psn|[from] psn\n|upkeep\n|turn|6\n|\n|t:|1698513029\n|move|p1a: Groudon|Heat Crash|p2a: Forretress\n|-supereffective|p2a: Forretress\n|-damage|p2a: Forretress|0 fnt\n|faint|p2a: Forretress\n|\n|-weather|DesolateLand|[upkeep]\n|-damage|p1a: Groudon|32\/100 psn|[from] psn\n|upkeep\n|\n|t:|1698513050\n|switch|p2a: Pheromosa|Pheromosa, shiny|100\/100\n|turn|7\n|\n|t:|1698513054\n|move|p1a: Groudon|Heat Crash|p2a: Pheromosa\n|-supereffective|p2a: Pheromosa\n|-enditem|p2a: Pheromosa|Focus Sash\n|-damage|p2a: Pheromosa|1\/100\n|move|p2a: Pheromosa|Ice Beam|p1a: Groudon\n|-damage|p1a: Groudon|0 fnt\n|faint|p1a: Groudon\n|-weather|none\n|-ability|p2a: Pheromosa|Beast Boost|boost\n|-boost|p2a: Pheromosa|spa|1\n|\n|upkeep\n|\n|t:|1698513068\n|switch|p1a: Marshadow|Marshadow|100\/100\n|-status|p1a: Marshadow|psn\n|-damage|p1a: Marshadow|94\/100 psn|[from] Stealth Rock\n|turn|8\n|\n|t:|1698513074\n|switch|p2a: Lopunny|Lopunny, F, shiny|100\/100\n|move|p1a: Marshadow|Shadow Sneak|p2a: Lopunny\n|-immune|p2a: Lopunny\n|\n|-damage|p1a: Marshadow|82\/100 psn|[from] psn\n|upkeep\n|turn|9\n|\n|t:|1698513082\n|detailschange|p2a: Lopunny|Lopunny-Mega, F, shiny\n|-mega|p2a: Lopunny|Lopunny|Lopunnite\n|move|p2a: Lopunny|Fake Out|p1a: Marshadow\n|-damage|p1a: Marshadow|53\/100 psn\n|cant|p1a: Marshadow|flinch\n|\n|-damage|p1a: Marshadow|40\/100 psn|[from] psn\n|upkeep\n|turn|10\n|\n|t:|1698513091\n|switch|p1a: Ho-Oh|Ho-Oh|100\/100\n|move|p2a: Lopunny|Return|p1a: Ho-Oh\n|-damage|p1a: Ho-Oh|62\/100\n|\n|upkeep\n|turn|11\n|\n|t:|1698513097\n|move|p2a: Lopunny|Return|p1a: Ho-Oh\n|-damage|p1a: Ho-Oh|20\/100\n|move|p1a: Ho-Oh|Defog|p2a: Lopunny\n|-unboost|p2a: Lopunny|evasion|1\n|-sideend|p1: Skorchdiver|Toxic Spikes|[from] move: Defog|[of] p1a: Ho-Oh\n|-sideend|p1: Skorchdiver|Stealth Rock|[from] move: Defog|[of] p1a: Ho-Oh\n|\n|upkeep\n|turn|12\n|\n|t:|1698513106\n|switch|p1a: Mewtwo|Mewtwo|100\/100\n|-ability|p1a: Mewtwo|Pressure\n|move|p2a: Lopunny|Return|p1a: Mewtwo\n|-damage|p1a: Mewtwo|39\/100\n|\n|upkeep\n|turn|13\n|\n|t:|1698513123\n|switch|p2a: Grimmsnarl|Grimmsnarl, M, shiny|100\/100\n|detailschange|p1a: Mewtwo|Mewtwo-Mega-Y\n|-mega|p1a: Mewtwo|Mewtwo|Mewtwonite Y\n|move|p1a: Mewtwo|Psychic|p2a: Grimmsnarl\n|-immune|p2a: Grimmsnarl\n|\n|upkeep\n|turn|14\n|\n|t:|1698513133\n|switch|p1a: Kingambit|Kingambit, M|100\/100\n|-activate|p1a: Kingambit|ability: Supreme Overlord\n|-start|p1a: Kingambit|fallen1|[silent]\n|move|p2a: Grimmsnarl|Light Screen|p2a: Grimmsnarl\n|-sidestart|p2: JustMonika_CARR|move: Light Screen\n|\n|upkeep\n|turn|15\n|\n|t:|1698513139\n|move|p2a: Grimmsnarl|Reflect|p2a: Grimmsnarl\n|-sidestart|p2: JustMonika_CARR|Reflect\n|move|p1a: Kingambit|Swords Dance|p1a: Kingambit\n|-boost|p1a: Kingambit|atk|2\n|\n|upkeep\n|turn|16\n|\n|t:|1698513143\n|move|p2a: Grimmsnarl|Spirit Break|p1a: Kingambit\n|-damage|p1a: Kingambit|78\/100\n|-unboost|p1a: Kingambit|spa|1\n|move|p1a: Kingambit|Swords Dance|p1a: Kingambit\n|-boost|p1a: Kingambit|atk|2\n|\n|upkeep\n|turn|17\n|\n|t:|1698513150\n|move|p2a: Grimmsnarl|Spirit Break|p1a: Kingambit\n|-damage|p1a: Kingambit|54\/100\n|-unboost|p1a: Kingambit|spa|1\n|move|p1a: Kingambit|Iron Head|p2a: Grimmsnarl\n|-supereffective|p2a: Grimmsnarl\n|-damage|p2a: Grimmsnarl|0 fnt\n|faint|p2a: Grimmsnarl\n|\n|upkeep\n|\n|t:|1698513160\n|switch|p2a: Marshadow|Marshadow|100\/100\n|turn|18\n|\n|t:|1698513169\n|move|p1a: Kingambit|Sucker Punch|p2a: Marshadow\n|-damage|p2a: Marshadow|3\/100\n|move|p2a: Marshadow|Spectral Thief||[still]\n|-clearpositiveboost|p1a: Kingambit|p2a: Marshadow|move: Spectral Thief\n|-boost|p2a: Marshadow|atk|4\n|-anim|p2a: Marshadow|Spectral Thief|p1a: Kingambit\n|-resisted|p1a: Kingambit\n|-damage|p1a: Kingambit|1\/100\n|\n|-sideend|p2: JustMonika_CARR|move: Light Screen\n|upkeep\n|turn|19\n|\n|t:|1698513181\n|move|p2a: Marshadow|Shadow Sneak|p1a: Kingambit\n|-resisted|p1a: Kingambit\n|-damage|p1a: Kingambit|0 fnt\n|faint|p1a: Kingambit\n|-end|p1a: Kingambit|fallen1|[silent]\n|\n|-sideend|p2: JustMonika_CARR|Reflect\n|upkeep\n|\n|t:|1698513189\n|switch|p1a: Marshadow|Marshadow|40\/100 psn\n|turn|20\n|\n|t:|1698513198\n|-terastallize|p1a: Marshadow|Normal\n|move|p2a: Marshadow|Shadow Sneak|p1a: Marshadow\n|-immune|p1a: Marshadow\n|move|p1a: Marshadow|Spectral Thief||[still]\n|-clearpositiveboost|p2a: Marshadow|p1a: Marshadow|move: Spectral Thief\n|-boost|p1a: Marshadow|atk|4\n|-anim|p1a: Marshadow|Spectral Thief|p2a: Marshadow\n|-supereffective|p2a: Marshadow\n|-damage|p2a: Marshadow|0 fnt\n|faint|p2a: Marshadow\n|\n|-damage|p1a: Marshadow|28\/100 psn|[from] psn\n|upkeep\n|c|\u2606Skorchdiver|lol\n|c|\u2606JustMonika_CARR|Nice one\n|\n|t:|1698513213\n|switch|p2a: Lopunny|Lopunny-Mega, F, shiny|100\/100\n|turn|21\n|c|\u2606Skorchdiver|i made it tera normal for situations like this xd\n|\n|t:|1698513219\n|move|p2a: Lopunny|Power-Up Punch|p1a: Marshadow\n|-supereffective|p1a: Marshadow\n|-damage|p1a: Marshadow|0 fnt\n|-boost|p2a: Lopunny|atk|1\n|faint|p1a: Marshadow\n|\n|upkeep\n|\n|t:|1698513222\n|switch|p1a: Eternatus|Eternatus|100\/100\n|-ability|p1a: Eternatus|Pressure\n|turn|22\n|\n|t:|1698513228\n|move|p2a: Lopunny|Return|p1a: Eternatus\n|-damage|p1a: Eternatus|34\/100\n|move|p1a: Eternatus|Sludge Wave|p2a: Lopunny\n|-damage|p2a: Lopunny|34\/100\n|-status|p2a: Lopunny|psn\n|\n|-damage|p2a: Lopunny|22\/100 psn|[from] psn\n|upkeep\n|turn|23\n|\n|t:|1698513237\n|switch|p1a: Ho-Oh|Ho-Oh|53\/100\n|move|p2a: Lopunny|Return|p1a: Ho-Oh\n|-damage|p1a: Ho-Oh|0 fnt\n|faint|p1a: Ho-Oh\n|\n|-damage|p2a: Lopunny|9\/100 psn|[from] psn\n|upkeep\n|\n|t:|1698513240\n|switch|p1a: Mewtwo|Mewtwo-Mega-Y|39\/100\n|turn|24\n|\n|t:|1698513254\n|switch|p2a: Pheromosa|Pheromosa, shiny|1\/100\n|move|p1a: Mewtwo|Thunderbolt|p2a: Pheromosa\n|-damage|p2a: Pheromosa|0 fnt\n|faint|p2a: Pheromosa\n|\n|upkeep\n|\n|t:|1698513261\n|switch|p2a: Dialga|Dialga, shiny|100\/100\n|-ability|p2a: Dialga|Pressure\n|turn|25\n|\n|t:|1698513268\n|-terastallize|p2a: Dialga|Ground\n|move|p2a: Dialga|Earth Power|p1a: Mewtwo\n|-damage|p1a: Mewtwo|0 fnt\n|faint|p1a: Mewtwo\n|\n|upkeep\n|c|\u2606JustMonika_CARR|gg\n|\n|t:|1698513273\n|switch|p1a: Eternatus|Eternatus|34\/100\n|-ability|p1a: Eternatus|Pressure\n|turn|26\n|c|\u2606Skorchdiver|gg\n|\n|t:|1698513278\n|move|p2a: Dialga|Earth Power|p1a: Eternatus\n|-supereffective|p1a: Eternatus\n|-damage|p1a: Eternatus|0 fnt\n|faint|p1a: Eternatus\n|\n|win|JustMonika_CARR\n|raw|Skorchdiver's rating: 1392 &rarr; <strong>1371<\/strong><br \/>(-21 for losing)\n|raw|JustMonika_CARR's rating: 1383 &rarr; <strong>1404<\/strong><br \/>(+21 for winning)\n|l|\u2606Skorchdiver\n","uploadtime":1698513284,"views":8,"p1id":"skorchdiver","p2id":"justmonikacarr","formatid":"gen9nationaldexubers","rating":1371,"private":0,"password":""}