{"id":"gen9nationaldexubers-1988871325","p1":"DD Breaker","p2":"Grimtheluck","format":"[Gen 9] National Dex Ubers","log":"|j|\u2606DD Breaker\n|j|\u2606Grimtheluck\n|t:|1699778006\n|gametype|singles\n|player|p1|DD Breaker|falkner|1231\n|player|p2|Grimtheluck|170|1221\n|teamsize|p1|6\n|teamsize|p2|6\n|gen|9\n|tier|[Gen 9] National Dex Ubers\n|rated|\n|rule|HP Percentage Mod: HP is shown in percentages\n|rule|Endless Battle Clause: Forcing endless battles is banned\n|rule|OHKO Clause: OHKO moves are banned\n|rule|Evasion Moves Clause: Evasion moves are banned\n|rule|Evasion Items Clause: Evasion items are banned\n|rule|Species Clause: Limit one of each Pok\u00e9mon\n|rule|Sleep Clause Mod: Limit one foe put to sleep\n|rule|Mega Rayquaza Clause: You cannot mega evolve Rayquaza\n|clearpoke\n|poke|p1|Deoxys-Speed|\n|poke|p1|Lugia|\n|poke|p1|Dialga|\n|poke|p1|Zekrom|\n|poke|p1|Arceus|\n|poke|p1|Giratina|\n|poke|p2|Scizor, M|\n|poke|p2|Kingambit, M|\n|poke|p2|Toxapex, F|\n|poke|p2|Murkrow, F|\n|poke|p2|Sinistcha|\n|poke|p2|Quagsire, M|\n|teampreview\n|\n|t:|1699778020\n|start\n|switch|p1a: Speed Deity|Deoxys-Speed|100\/100\n|switch|p2a: Murkrow|Murkrow, F|100\/100\n|-ability|p1a: Speed Deity|Pressure\n|turn|1\n|\n|t:|1699778023\n|move|p2a: Murkrow|Perish Song|p2a: Murkrow\n|-start|p1a: Speed Deity|perish3|[silent]\n|-start|p2a: Murkrow|perish3|[silent]\n|-fieldactivate|move: Perish Song\n|move|p1a: Speed Deity|Taunt|p2a: Murkrow\n|-start|p2a: Murkrow|move: Taunt\n|\n|-start|p1a: Speed Deity|perish3\n|-start|p2a: Murkrow|perish3\n|upkeep\n|turn|2\n|\n|t:|1699778028\n|switch|p2a: Toxapex|Toxapex, F|100\/100\n|move|p1a: Speed Deity|Knock Off|p2a: Toxapex\n|-damage|p2a: Toxapex|87\/100\n|-enditem|p2a: Toxapex|Black Sludge|[from] move: Knock Off|[of] p1a: Speed Deity\n|\n|-start|p1a: Speed Deity|perish2\n|upkeep\n|turn|3\n|\n|t:|1699778034\n|move|p1a: Speed Deity|Spikes|p2a: Toxapex\n|-sidestart|p2: Grimtheluck|Spikes\n|move|p2a: Toxapex|Scald|p1a: Speed Deity\n|-damage|p1a: Speed Deity|80\/100\n|-status|p1a: Speed Deity|brn\n|\n|-damage|p1a: Speed Deity|74\/100 brn|[from] brn\n|-start|p1a: Speed Deity|perish1\n|upkeep\n|turn|4\n|\n|t:|1699778039\n|switch|p1a: Doodyhead|Giratina|100\/100\n|-ability|p1a: Doodyhead|Pressure\n|switch|p2a: Murkrow|Murkrow, F|100\/100\n|\n|upkeep\n|turn|5\n|\n|t:|1699778043\n|move|p2a: Murkrow|Perish Song|p2a: Murkrow\n|-start|p1a: Doodyhead|perish3|[silent]\n|-start|p2a: Murkrow|perish3|[silent]\n|-fieldactivate|move: Perish Song\n|move|p1a: Doodyhead|Dragon Tail|p2a: Murkrow\n|-damage|p2a: Murkrow|59\/100\n|drag|p2a: Scizor|Scizor, M|100\/100\n|-damage|p2a: Scizor|88\/100|[from] Spikes\n|\n|-start|p1a: Doodyhead|perish3\n|upkeep\n|turn|6\n|\n|t:|1699778046\n|switch|p2a: Murkrow|Murkrow, F|59\/100\n|move|p1a: Doodyhead|Dragon Tail|p2a: Murkrow\n|-damage|p2a: Murkrow|22\/100\n|drag|p2a: Scizor|Scizor, M|88\/100\n|-damage|p2a: Scizor|76\/100|[from] Spikes\n|\n|-start|p1a: Doodyhead|perish2\n|upkeep\n|turn|7\n|\n|t:|1699778055\n|switch|p2a: Sinistcha|Sinistcha|100\/100\n|-damage|p2a: Sinistcha|88\/100|[from] Spikes\n|move|p1a: Doodyhead|Thunder|p2a: Sinistcha\n|-resisted|p2a: Sinistcha\n|-damage|p2a: Sinistcha|68\/100\n|-status|p2a: Sinistcha|par\n|\n|-heal|p2a: Sinistcha|74\/100 par|[from] item: Leftovers\n|-start|p1a: Doodyhead|perish1\n|upkeep\n|turn|8\n|\n|t:|1699778063\n|switch|p1a: Speed Deity|Deoxys-Speed|74\/100 brn\n|-ability|p1a: Speed Deity|Pressure\n|move|p2a: Sinistcha|Iron Defense|p2a: Sinistcha\n|-boost|p2a: Sinistcha|def|2\n|\n|-heal|p2a: Sinistcha|80\/100 par|[from] item: Leftovers\n|-damage|p1a: Speed Deity|68\/100 brn|[from] brn\n|upkeep\n|turn|9\n|\n|t:|1699778069\n|move|p1a: Speed Deity|Taunt|p2a: Sinistcha\n|-start|p2a: Sinistcha|move: Taunt\n|move|p2a: Sinistcha|Hex|p1a: Speed Deity\n|-supereffective|p1a: Speed Deity\n|-damage|p1a: Speed Deity|0 fnt\n|faint|p1a: Speed Deity\n|\n|-heal|p2a: Sinistcha|86\/100 par|[from] item: Leftovers\n|upkeep\n|\n|t:|1699778079\n|switch|p1a: Wind Deity|Lugia|100\/100\n|turn|10\n|\n|t:|1699778082\n|move|p1a: Wind Deity|Ice Beam|p2a: Sinistcha\n|-supereffective|p2a: Sinistcha\n|-crit|p2a: Sinistcha\n|-damage|p2a: Sinistcha|16\/100 par\n|move|p2a: Sinistcha|Matcha Gotcha|p1a: Wind Deity\n|-resisted|p1a: Wind Deity\n|-damage|p1a: Wind Deity|94\/100\n|-heal|p2a: Sinistcha|20\/100 par|[from] drain|[of] p1a: Wind Deity\n|\n|-heal|p1a: Wind Deity|99\/100|[from] item: Leftovers\n|-heal|p2a: Sinistcha|26\/100 par|[from] item: Leftovers\n|upkeep\n|turn|11\n|\n|t:|1699778087\n|move|p1a: Wind Deity|Ice Beam|p2a: Sinistcha\n|-supereffective|p2a: Sinistcha\n|-damage|p2a: Sinistcha|0 fnt\n|faint|p2a: Sinistcha\n|\n|-heal|p1a: Wind Deity|100\/100|[from] item: Leftovers\n|upkeep\n|\n|t:|1699778092\n|switch|p2a: Toxapex|Toxapex, F|100\/100\n|-damage|p2a: Toxapex|88\/100|[from] Spikes\n|turn|12\n|\n|t:|1699778098\n|switch|p1a: Time Deity|Dialga|100\/100\n|-ability|p1a: Time Deity|Pressure\n|move|p2a: Toxapex|Toxic|p1a: Time Deity\n|-immune|p1a: Time Deity\n|\n|upkeep\n|turn|13\n|\n|t:|1699778101\n|move|p1a: Time Deity|Stealth Rock|p2a: Toxapex\n|-sidestart|p2: Grimtheluck|move: Stealth Rock\n|move|p2a: Toxapex|Scald|p1a: Time Deity\n|-resisted|p1a: Time Deity\n|-damage|p1a: Time Deity|94\/100\n|\n|upkeep\n|turn|14\n|\n|t:|1699778105\n|move|p2a: Toxapex|Baneful Bunker|p2a: Toxapex\n|-singleturn|p2a: Toxapex|move: Protect\n|move|p1a: Time Deity|Flash Cannon|p2a: Toxapex\n|-activate|p2a: Toxapex|move: Protect\n|\n|upkeep\n|turn|15\n|\n|t:|1699778110\n|move|p1a: Time Deity|Fire Blast|p2a: Toxapex\n|-resisted|p2a: Toxapex\n|-damage|p2a: Toxapex|69\/100\n|move|p2a: Toxapex|Scald|p1a: Time Deity\n|-resisted|p1a: Time Deity\n|-damage|p1a: Time Deity|87\/100\n|\n|upkeep\n|turn|16\n|\n|t:|1699778114\n|move|p1a: Time Deity|Flash Cannon|p2a: Toxapex\n|-resisted|p2a: Toxapex\n|-damage|p2a: Toxapex|48\/100\n|move|p2a: Toxapex|Scald|p1a: Time Deity\n|-resisted|p1a: Time Deity\n|-damage|p1a: Time Deity|81\/100\n|\n|upkeep\n|turn|17\n|\n|t:|1699778118\n|switch|p2a: Quagsire|Quagsire, M|100\/100\n|-damage|p2a: Quagsire|88\/100|[from] Spikes\n|-damage|p2a: Quagsire|82\/100|[from] Stealth Rock\n|move|p1a: Time Deity|Flash Cannon|p2a: Quagsire\n|-resisted|p2a: Quagsire\n|-damage|p2a: Quagsire|53\/100\n|\n|-heal|p2a: Quagsire|59\/100|[from] item: Leftovers\n|upkeep\n|turn|18\n|\n|t:|1699778121\n|move|p1a: Time Deity|Draco Meteor|p2a: Quagsire\n|-damage|p2a: Quagsire|0 fnt\n|-unboost|p1a: Time Deity|spa|2\n|faint|p2a: Quagsire\n|\n|upkeep\n|\n|t:|1699778127\n|switch|p2a: Murkrow|Murkrow, F|22\/100\n|-damage|p2a: Murkrow|0 fnt|[from] Stealth Rock\n|faint|p2a: Murkrow\n|\n|t:|1699778132\n|switch|p2a: Toxapex|Toxapex, F|81\/100\n|-damage|p2a: Toxapex|68\/100|[from] Spikes\n|-damage|p2a: Toxapex|56\/100|[from] Stealth Rock\n|turn|19\n|\n|t:|1699778136\n|switch|p1a: Bolt Deity|Zekrom|100\/100\n|-ability|p1a: Bolt Deity|Teravolt\n|move|p2a: Toxapex|Scald|p1a: Bolt Deity\n|-resisted|p1a: Bolt Deity\n|-damage|p1a: Bolt Deity|92\/100\n|\n|upkeep\n|turn|20\n|\n|t:|1699778139\n|move|p1a: Bolt Deity|Bolt Strike|p2a: Toxapex\n|-supereffective|p2a: Toxapex\n|-damage|p2a: Toxapex|0 fnt\n|faint|p2a: Toxapex\n|\n|upkeep\n|\n|t:|1699778143\n|switch|p2a: Scizor|Scizor, M|76\/100\n|-damage|p2a: Scizor|64\/100|[from] Spikes\n|-damage|p2a: Scizor|52\/100|[from] Stealth Rock\n|turn|21\n|\n|t:|1699778145\n|detailschange|p2a: Scizor|Scizor-Mega, M\n|-mega|p2a: Scizor|Scizor|Scizorite\n|move|p1a: Bolt Deity|Bolt Strike|p2a: Scizor\n|-damage|p2a: Scizor|0 fnt\n|faint|p2a: Scizor\n|\n|upkeep\n|\n|t:|1699778147\n|switch|p2a: Kingambit|Kingambit, M|100\/100\n|-damage|p2a: Kingambit|88\/100|[from] Spikes\n|-damage|p2a: Kingambit|82\/100|[from] Stealth Rock\n|-activate|p2a: Kingambit|ability: Supreme Overlord\n|-start|p2a: Kingambit|fallen5|[silent]\n|turn|22\n|\n|t:|1699778150\n|move|p1a: Bolt Deity|Bolt Strike|p2a: Kingambit|[miss]\n|-miss|p1a: Bolt Deity|p2a: Kingambit\n|move|p2a: Kingambit|Swords Dance|p2a: Kingambit\n|-boost|p2a: Kingambit|atk|2\n|\n|-heal|p2a: Kingambit|88\/100|[from] item: Leftovers\n|upkeep\n|turn|23\n|\n|t:|1699778153\n|move|p2a: Kingambit|Sucker Punch|p1a: Bolt Deity\n|-damage|p1a: Bolt Deity|0 fnt\n|faint|p1a: Bolt Deity\n|\n|-heal|p2a: Kingambit|94\/100|[from] item: Leftovers\n|upkeep\n|\n|t:|1699778159\n|switch|p1a: Time Deity|Dialga|81\/100\n|-ability|p1a: Time Deity|Pressure\n|turn|24\n|\n|t:|1699778161\n|move|p2a: Kingambit|Sucker Punch|p1a: Time Deity\n|-damage|p1a: Time Deity|0 fnt\n|faint|p1a: Time Deity\n|\n|-heal|p2a: Kingambit|100\/100|[from] item: Leftovers\n|upkeep\n|\n|t:|1699778171\n|switch|p1a: Deity|Arceus|100\/100\n|turn|25\n|\n|t:|1699778174\n|move|p1a: Deity|Will-O-Wisp|p2a: Kingambit|[miss]\n|-miss|p1a: Deity|p2a: Kingambit\n|move|p2a: Kingambit|Knock Off|p1a: Deity\n|-damage|p1a: Deity|0 fnt\n|-enditem|p1a: Deity|Leftovers|[from] move: Knock Off|[of] p2a: Kingambit\n|faint|p1a: Deity\n|\n|upkeep\n|\n|t:|1699778177\n|switch|p1a: Wind Deity|Lugia|100\/100\n|turn|26\n|\n|t:|1699778180\n|move|p1a: Wind Deity|Ice Beam|p2a: Kingambit\n|-resisted|p2a: Kingambit\n|-damage|p2a: Kingambit|91\/100\n|move|p2a: Kingambit|Iron Head|p1a: Wind Deity\n|-damage|p1a: Wind Deity|51\/100\n|\n|-heal|p1a: Wind Deity|57\/100|[from] item: Leftovers\n|-heal|p2a: Kingambit|97\/100|[from] item: Leftovers\n|upkeep\n|turn|27\n|c|\u2606DD Breaker|Rip\n|\n|t:|1699778188\n|move|p1a: Wind Deity|Ice Beam|p2a: Kingambit\n|-resisted|p2a: Kingambit\n|-damage|p2a: Kingambit|87\/100\n|move|p2a: Kingambit|Knock Off|p1a: Wind Deity\n|-supereffective|p1a: Wind Deity\n|-damage|p1a: Wind Deity|0 fnt\n|-enditem|p1a: Wind Deity|Leftovers|[from] move: Knock Off|[of] p2a: Kingambit\n|faint|p1a: Wind Deity\n|\n|-heal|p2a: Kingambit|93\/100|[from] item: Leftovers\n|upkeep\n|\n|t:|1699778190\n|switch|p1a: Doodyhead|Giratina|100\/100\n|-ability|p1a: Doodyhead|Pressure\n|turn|28\n|\n|t:|1699778192\n|move|p1a: Doodyhead|Shadow Ball|p2a: Kingambit\n|-resisted|p2a: Kingambit\n|-damage|p2a: Kingambit|74\/100\n|move|p2a: Kingambit|Knock Off|p1a: Doodyhead\n|-supereffective|p1a: Doodyhead\n|-damage|p1a: Doodyhead|0 fnt\n|-enditem|p1a: Doodyhead|Leftovers|[from] move: Knock Off|[of] p2a: Kingambit\n|faint|p1a: Doodyhead\n|\n|win|Grimtheluck\n|raw|DD Breaker's rating: 1231 &rarr; <strong>1205<\/strong><br \/>(-26 for losing)\n|raw|Grimtheluck's rating: 1221 &rarr; <strong>1247<\/strong><br \/>(+26 for winning)\n|c|\u2606DD Breaker|Gg\n|c|\u2606Grimtheluck|Man, Kingambit is wack\n|c|\u2606DD Breaker|Guy goes hard\n|c|\u2606Grimtheluck|But the lucky miss saved me lol\n|c|\u2606DD Breaker|Yeah but that's the game innit\n|c|\u2606DD Breaker|WP\n|l|\u2606DD Breaker\n","uploadtime":1699778227,"views":10,"p1id":"ddbreaker","p2id":"grimtheluck","formatid":"gen9nationaldexubers","rating":1205,"private":0,"password":""}