{"id":"gen9nationaldexubers-1978447305","p1":"Redmansgreed","p2":"85792195wwww","format":"[Gen 9] National Dex Ubers","log":"|j|\u2606Redmansgreed\n|j|\u260685792195wwww\n|t:|1698540159\n|gametype|singles\n|player|p1|Redmansgreed|zinzolin|1492\n|player|p2|85792195wwww|lady|1781\n|teamsize|p1|6\n|teamsize|p2|6\n|gen|9\n|tier|[Gen 9] National Dex Ubers\n|rated|\n|rule|HP Percentage Mod: HP is shown in percentages\n|rule|Endless Battle Clause: Forcing endless battles is banned\n|rule|OHKO Clause: OHKO moves are banned\n|rule|Evasion Moves Clause: Evasion moves are banned\n|rule|Evasion Items Clause: Evasion items are banned\n|rule|Species Clause: Limit one of each Pok\u00e9mon\n|rule|Sleep Clause Mod: Limit one foe put to sleep\n|rule|Mega Rayquaza Clause: You cannot mega evolve Rayquaza\n|clearpoke\n|poke|p1|Arceus-Ghost|\n|poke|p1|Pheromosa|\n|poke|p1|Groudon|\n|poke|p1|Necrozma-Dusk-Mane|\n|poke|p1|Chien-Pao|\n|poke|p1|Marshadow|\n|poke|p2|Zacian-*|\n|poke|p2|Kyogre|\n|poke|p2|Xerneas-*|\n|poke|p2|Krookodile, M|\n|poke|p2|Groudon|\n|poke|p2|Arceus|\n|teampreview\n|\n|t:|1698540171\n|start\n|switch|p1a: thigh hi there|Pheromosa, shiny|100\/100\n|switch|p2a: Krookodile|Krookodile, M|100\/100\n|-ability|p2a: Krookodile|Intimidate|boost\n|-unboost|p1a: thigh hi there|atk|1\n|turn|1\n|inactive|Battle timer is ON: inactive players will automatically lose when time's up. (requested by Redmansgreed)\n|\n|t:|1698540184\n|move|p1a: thigh hi there|Close Combat|p2a: Krookodile\n|-supereffective|p2a: Krookodile\n|-enditem|p2a: Krookodile|Focus Sash\n|-damage|p2a: Krookodile|1\/100\n|-unboost|p1a: thigh hi there|def|1\n|-unboost|p1a: thigh hi there|spd|1\n|move|p2a: Krookodile|Stealth Rock|p1a: thigh hi there\n|-sidestart|p1: Redmansgreed|move: Stealth Rock\n|\n|upkeep\n|turn|2\n|\n|t:|1698540195\n|switch|p2a: Xerneas|Xerneas|100\/100\n|-ability|p2a: Xerneas|Fairy Aura\n|move|p1a: thigh hi there|U-turn|p2a: Xerneas\n|-resisted|p2a: Xerneas\n|-damage|p2a: Xerneas|91\/100\n|\n|t:|1698540204\n|switch|p1a: BUFF MUFF MUNCHER|Groudon, shiny|100\/100|[from] U-turn\n|-damage|p1a: BUFF MUFF MUNCHER|94\/100|[from] Stealth Rock\n|detailschange|p1a: BUFF MUFF MUNCHER|Groudon-Primal, shiny\n|-primal|p1a: BUFF MUFF MUNCHER|Red Orb\n|-weather|DesolateLand|[from] ability: Desolate Land|[of] p1a: BUFF MUFF MUNCHER\n|\n|-weather|DesolateLand|[upkeep]\n|upkeep\n|turn|3\n|\n|t:|1698540223\n|switch|p2a: Kyogre|Kyogre|100\/100\n|detailschange|p2a: Kyogre|Kyogre-Primal\n|-primal|p2a: Kyogre|Blue Orb\n|-weather|PrimordialSea|[from] ability: Primordial Sea|[of] p2a: Kyogre\n|move|p1a: BUFF MUFF MUNCHER|Thunder Wave|p2a: Kyogre\n|-status|p2a: Kyogre|par\n|\n|-weather|PrimordialSea|[upkeep]\n|upkeep\n|turn|4\n|inactive|Redmansgreed has 120 seconds left.\n|\n|t:|1698540253\n|switch|p1a: thigh hi there|Pheromosa, shiny|100\/100\n|-damage|p1a: thigh hi there|88\/100|[from] Stealth Rock\n|move|p2a: Kyogre|Water Spout|p1a: thigh hi there\n|-damage|p1a: thigh hi there|0 fnt\n|faint|p1a: thigh hi there\n|\n|-weather|PrimordialSea|[upkeep]\n|upkeep\n|inactive|Redmansgreed has 120 seconds left.\n|\n|t:|1698540258\n|switch|p1a: Still annoying|Arceus-Ghost, shiny|100\/100\n|-damage|p1a: Still annoying|88\/100|[from] Stealth Rock\n|turn|5\n|\n|t:|1698540267\n|move|p1a: Still annoying|Defog|p2a: Kyogre\n|-unboost|p2a: Kyogre|evasion|1\n|-sideend|p1: Redmansgreed|Stealth Rock|[from] move: Defog|[of] p1a: Still annoying\n|move|p2a: Kyogre|Water Spout|p1a: Still annoying\n|-damage|p1a: Still annoying|0 fnt\n|faint|p1a: Still annoying\n|\n|-weather|PrimordialSea|[upkeep]\n|upkeep\n|inactive|Redmansgreed has 120 seconds left.\n|-message|Redmansgreed forfeited.\n|\n|win|85792195wwww\n|raw|Redmansgreed's rating: 1492 &rarr; <strong>1486<\/strong><br \/>(-6 for losing)\n|raw|85792195wwww's rating: 1781 &rarr; <strong>1787<\/strong><br \/>(+6 for winning)\n|l|\u2606Redmansgreed\n","uploadtime":1698540291,"views":14,"p1id":"redmansgreed","p2id":"85792195wwww","formatid":"gen9nationaldexubers","rating":1486,"private":0,"password":""}