{"id":"gen9nationaldexubers-1990204983","p1":"arafatr871","p2":"game18","format":"[Gen 9] National Dex Ubers","log":"|j|\u2606arafatr871\n|j|\u2606game18\n|t:|1699937084\n|gametype|singles\n|player|p1|arafatr871|ingo|1660\n|player|p2|game18|ghetsis|1533\n|teamsize|p1|6\n|teamsize|p2|6\n|gen|9\n|tier|[Gen 9] National Dex Ubers\n|rated|\n|rule|HP Percentage Mod: HP is shown in percentages\n|rule|Endless Battle Clause: Forcing endless battles is banned\n|rule|OHKO Clause: OHKO moves are banned\n|rule|Evasion Moves Clause: Evasion moves are banned\n|rule|Evasion Items Clause: Evasion items are banned\n|rule|Species Clause: Limit one of each Pok\u00e9mon\n|rule|Sleep Clause Mod: Limit one foe put to sleep\n|rule|Mega Rayquaza Clause: You cannot mega evolve Rayquaza\n|clearpoke\n|poke|p1|Groudon|\n|poke|p1|Dondozo, F|\n|poke|p1|Yveltal|\n|poke|p1|Zacian-*|\n|poke|p1|Kyogre|\n|poke|p1|Eternatus|\n|poke|p2|Groudon|\n|poke|p2|Necrozma-Dusk-Mane|\n|poke|p2|Mewtwo|\n|poke|p2|Zygarde|\n|poke|p2|Arceus-Fairy|\n|poke|p2|Ho-Oh|\n|teampreview\n|inactive|Battle timer is ON: inactive players will automatically lose when time's up. (requested by arafatr871)\n|j| Ds_Moon\n|\n|t:|1699937101\n|start\n|switch|p1a: Eternatus|Eternatus|100\/100\n|switch|p2a: Arceus|Arceus-Fairy|100\/100\n|-ability|p1a: Eternatus|Pressure\n|turn|1\n|\n|t:|1699937114\n|switch|p2a: Necrozma|Necrozma-Dusk-Mane|100\/100\n|move|p1a: Eternatus|Sludge Bomb|p2a: Necrozma\n|-immune|p2a: Necrozma\n|\n|upkeep\n|turn|2\n|\n|t:|1699937122\n|move|p1a: Eternatus|Toxic Spikes|p2a: Necrozma\n|-sidestart|p2: game18|move: Toxic Spikes\n|move|p2a: Necrozma|Stealth Rock|p1a: Eternatus\n|-sidestart|p1: arafatr871|move: Stealth Rock\n|\n|upkeep\n|turn|3\n|\n|t:|1699937130\n|move|p1a: Eternatus|Flamethrower|p2a: Necrozma\n|-supereffective|p2a: Necrozma\n|-damage|p2a: Necrozma|67\/100\n|move|p2a: Necrozma|Toxic|p1a: Eternatus\n|-immune|p1a: Eternatus\n|\n|upkeep\n|turn|4\n|\n|t:|1699937138\n|move|p1a: Eternatus|Flamethrower|p2a: Necrozma\n|-supereffective|p2a: Necrozma\n|-damage|p2a: Necrozma|33\/100\n|-status|p2a: Necrozma|brn\n|move|p2a: Necrozma|Morning Sun|p2a: Necrozma\n|-heal|p2a: Necrozma|83\/100 brn\n|\n|-damage|p2a: Necrozma|77\/100 brn|[from] brn\n|upkeep\n|turn|5\n|\n|t:|1699937148\n|move|p1a: Eternatus|Flamethrower|p2a: Necrozma\n|-supereffective|p2a: Necrozma\n|-damage|p2a: Necrozma|42\/100 brn\n|move|p2a: Necrozma|Morning Sun|p2a: Necrozma\n|-heal|p2a: Necrozma|92\/100 brn\n|\n|-damage|p2a: Necrozma|86\/100 brn|[from] brn\n|upkeep\n|turn|6\n|\n|t:|1699937161\n|move|p1a: Eternatus|Flamethrower|p2a: Necrozma\n|-supereffective|p2a: Necrozma\n|-damage|p2a: Necrozma|52\/100 brn\n|move|p2a: Necrozma|Sunsteel Strike|p1a: Eternatus\n|-damage|p1a: Eternatus|78\/100\n|\n|-heal|p1a: Eternatus|84\/100|[from] item: Leftovers\n|-damage|p2a: Necrozma|46\/100 brn|[from] brn\n|upkeep\n|turn|7\n|\n|t:|1699937172\n|move|p1a: Eternatus|Flamethrower|p2a: Necrozma\n|-supereffective|p2a: Necrozma\n|-damage|p2a: Necrozma|13\/100 brn\n|move|p2a: Necrozma|Morning Sun|p2a: Necrozma\n|-heal|p2a: Necrozma|63\/100 brn\n|\n|-heal|p1a: Eternatus|90\/100|[from] item: Leftovers\n|-damage|p2a: Necrozma|57\/100 brn|[from] brn\n|upkeep\n|turn|8\n|\n|t:|1699937185\n|move|p1a: Eternatus|Flamethrower|p2a: Necrozma\n|-supereffective|p2a: Necrozma\n|-damage|p2a: Necrozma|26\/100 brn\n|move|p2a: Necrozma|Morning Sun|p2a: Necrozma\n|-heal|p2a: Necrozma|76\/100 brn\n|\n|-heal|p1a: Eternatus|96\/100|[from] item: Leftovers\n|-damage|p2a: Necrozma|70\/100 brn|[from] brn\n|upkeep\n|turn|9\n|\n|t:|1699937195\n|switch|p2a: Ho-Oh|Ho-Oh|100\/100\n|move|p1a: Eternatus|Flamethrower|p2a: Ho-Oh\n|-resisted|p2a: Ho-Oh\n|-damage|p2a: Ho-Oh|91\/100\n|\n|-heal|p1a: Eternatus|100\/100|[from] item: Leftovers\n|upkeep\n|turn|10\n|\n|t:|1699937206\n|move|p1a: Eternatus|Sludge Bomb|p2a: Ho-Oh\n|-damage|p2a: Ho-Oh|62\/100\n|move|p2a: Ho-Oh|Defog|p1a: Eternatus\n|-unboost|p1a: Eternatus|evasion|1\n|-sideend|p1: arafatr871|Stealth Rock|[from] move: Defog|[of] p2a: Ho-Oh\n|-sideend|p2: game18|Toxic Spikes|[from] move: Defog|[of] p2a: Ho-Oh\n|\n|upkeep\n|turn|11\n|\n|t:|1699937214\n|switch|p2a: Mewtwo|Mewtwo|100\/100\n|-ability|p2a: Mewtwo|Pressure\n|move|p1a: Eternatus|Sludge Bomb|p2a: Mewtwo\n|-damage|p2a: Mewtwo|40\/100\n|\n|upkeep\n|turn|12\n|\n|t:|1699937231\n|switch|p1a: Yveltal|Yveltal, shiny|100\/100\n|-ability|p1a: Yveltal|Dark Aura\n|detailschange|p2a: Mewtwo|Mewtwo-Mega-Y\n|-mega|p2a: Mewtwo|Mewtwo|Mewtwonite Y\n|move|p2a: Mewtwo|Psystrike|p1a: Yveltal\n|-immune|p1a: Yveltal\n|\n|upkeep\n|turn|13\n|\n|t:|1699937238\n|switch|p2a: Zygarde|Zygarde|100\/100\n|move|p1a: Yveltal|Sucker Punch||[still]\n|-fail|p1a: Yveltal\n|\n|upkeep\n|turn|14\n|\n|t:|1699937245\n|move|p1a: Yveltal|Knock Off|p2a: Zygarde\n|-damage|p2a: Zygarde|52\/100\n|-enditem|p2a: Zygarde|Leftovers|[from] move: Knock Off|[of] p1a: Yveltal\n|-damage|p1a: Yveltal|91\/100|[from] item: Life Orb\n|move|p2a: Zygarde|Glare|p1a: Yveltal\n|-status|p1a: Yveltal|par\n|\n|upkeep\n|turn|15\n|\n|t:|1699937255\n|move|p2a: Zygarde|Coil|p2a: Zygarde\n|-boost|p2a: Zygarde|atk|1\n|-boost|p2a: Zygarde|def|1\n|-boost|p2a: Zygarde|accuracy|1\n|move|p1a: Yveltal|Knock Off|p2a: Zygarde\n|-damage|p2a: Zygarde|33\/100\n|-damage|p1a: Yveltal|81\/100 par|[from] item: Life Orb\n|\n|-activate|p2a: Zygarde|ability: Power Construct\n|detailschange|p2a: Zygarde|Zygarde-Complete\n|-heal|p2a: Zygarde|56\/100|[silent]\n|upkeep\n|turn|16\n|\n|t:|1699937268\n|move|p2a: Zygarde|Thousand Arrows|p1a: Yveltal\n|-damage|p1a: Yveltal|40\/100 par\n|-start|p1a: Yveltal|Smack Down\n|move|p1a: Yveltal|Knock Off|p2a: Zygarde\n|-damage|p2a: Zygarde|43\/100\n|-damage|p1a: Yveltal|30\/100 par|[from] item: Life Orb\n|\n|upkeep\n|turn|17\n|\n|t:|1699937282\n|move|p1a: Yveltal|Sucker Punch|p2a: Zygarde\n|-damage|p2a: Zygarde|29\/100\n|-damage|p1a: Yveltal|20\/100 par|[from] item: Life Orb\n|move|p2a: Zygarde|Thousand Arrows|p1a: Yveltal\n|-damage|p1a: Yveltal|0 fnt\n|faint|p1a: Yveltal\n|\n|upkeep\n|\n|t:|1699937294\n|switch|p1a: Dondozo|Dondozo, F, shiny|100\/100\n|turn|18\n|\n|t:|1699937306\n|move|p2a: Zygarde|Rest|p2a: Zygarde\n|-status|p2a: Zygarde|slp|[from] move: Rest\n|-heal|p2a: Zygarde|100\/100 slp|[silent]\n|move|p1a: Dondozo|Liquidation|p2a: Zygarde\n|-damage|p2a: Zygarde|87\/100 slp\n|\n|upkeep\n|turn|19\n|\n|t:|1699937339\n|switch|p1a: Kyogre|Kyogre|100\/100\n|detailschange|p1a: Kyogre|Kyogre-Primal\n|-primal|p1a: Kyogre|Blue Orb\n|-weather|PrimordialSea|[from] ability: Primordial Sea|[of] p1a: Kyogre\n|cant|p2a: Zygarde|slp\n|\n|-weather|PrimordialSea|[upkeep]\n|upkeep\n|turn|20\n|\n|t:|1699937349\n|switch|p2a: Groudon|Groudon|100\/100\n|detailschange|p2a: Groudon|Groudon-Primal\n|-primal|p2a: Groudon|Red Orb\n|-weather|DesolateLand|[from] ability: Desolate Land|[of] p2a: Groudon\n|move|p1a: Kyogre|Ice Beam|p2a: Groudon\n|-damage|p2a: Groudon|62\/100\n|\n|-weather|DesolateLand|[upkeep]\n|upkeep\n|turn|21\n|\n|t:|1699937360\n|switch|p1a: Dondozo|Dondozo, F, shiny|100\/100\n|move|p2a: Groudon|Earthquake|p1a: Dondozo\n|-damage|p1a: Dondozo|62\/100\n|\n|-weather|DesolateLand|[upkeep]\n|-heal|p1a: Dondozo|68\/100|[from] item: Leftovers\n|upkeep\n|turn|22\n|\n|t:|1699937369\n|move|p2a: Groudon|Earthquake|p1a: Dondozo\n|-damage|p1a: Dondozo|27\/100\n|move|p1a: Dondozo|Earthquake|p2a: Groudon\n|-supereffective|p2a: Groudon\n|-damage|p2a: Groudon|20\/100\n|\n|-weather|DesolateLand|[upkeep]\n|-heal|p1a: Dondozo|33\/100|[from] item: Leftovers\n|upkeep\n|turn|23\n|\n|t:|1699937378\n|move|p2a: Groudon|Earthquake|p1a: Dondozo\n|-damage|p1a: Dondozo|0 fnt\n|faint|p1a: Dondozo\n|\n|-weather|DesolateLand|[upkeep]\n|upkeep\n|\n|t:|1699937386\n|switch|p1a: Eternatus|Eternatus|100\/100\n|-ability|p1a: Eternatus|Pressure\n|turn|24\n|\n|t:|1699937392\n|-weather|none\n|switch|p2a: Necrozma|Necrozma-Dusk-Mane|70\/100 brn\n|move|p1a: Eternatus|Dynamax Cannon|p2a: Necrozma\n|-resisted|p2a: Necrozma\n|-damage|p2a: Necrozma|51\/100 brn\n|\n|-damage|p2a: Necrozma|45\/100 brn|[from] brn\n|upkeep\n|turn|25\n|\n|t:|1699937413\n|switch|p2a: Ho-Oh|Ho-Oh|95\/100\n|move|p1a: Eternatus|Toxic Spikes|p2a: Ho-Oh\n|-sidestart|p2: game18|move: Toxic Spikes\n|\n|upkeep\n|turn|26\n|\n|t:|1699937423\n|move|p1a: Eternatus|Sludge Bomb|p2a: Ho-Oh\n|-damage|p2a: Ho-Oh|65\/100\n|move|p2a: Ho-Oh|Whirlwind|p1a: Eternatus\n|drag|p1a: Zacian|Zacian-Crowned|100\/100\n|-ability|p1a: Zacian|Intrepid Sword|boost\n|-boost|p1a: Zacian|atk|1\n|\n|upkeep\n|turn|27\n|\n|t:|1699937434\n|switch|p2a: Necrozma|Necrozma-Dusk-Mane|45\/100 brn\n|move|p1a: Zacian|Wild Charge|p2a: Necrozma\n|-damage|p2a: Necrozma|10\/100 brn\n|-damage|p1a: Zacian|89\/100|[from] Recoil\n|\n|-damage|p2a: Necrozma|4\/100 brn|[from] brn\n|upkeep\n|turn|28\n|\n|t:|1699937445\n|move|p1a: Zacian|Behemoth Blade|p2a: Necrozma\n|-resisted|p2a: Necrozma\n|-damage|p2a: Necrozma|0 fnt\n|faint|p2a: Necrozma\n|\n|upkeep\n|\n|t:|1699937455\n|switch|p2a: Ho-Oh|Ho-Oh|99\/100\n|turn|29\n|\n|t:|1699937463\n|move|p1a: Zacian|Wild Charge|p2a: Ho-Oh\n|-supereffective|p2a: Ho-Oh\n|-damage|p2a: Ho-Oh|30\/100\n|-damage|p1a: Zacian|67\/100|[from] Recoil\n|move|p2a: Ho-Oh|Sacred Fire|p1a: Zacian\n|-supereffective|p1a: Zacian\n|-damage|p1a: Zacian|0 fnt\n|faint|p1a: Zacian\n|\n|upkeep\n|\n|t:|1699937468\n|switch|p1a: Eternatus|Eternatus|100\/100\n|-ability|p1a: Eternatus|Pressure\n|turn|30\n|\n|t:|1699937484\n|switch|p2a: Groudon|Groudon-Primal|20\/100\n|-status|p2a: Groudon|psn\n|-weather|DesolateLand|[from] ability: Desolate Land|[of] p2a: Groudon\n|move|p1a: Eternatus|Sludge Bomb|p2a: Groudon\n|-resisted|p2a: Groudon\n|-damage|p2a: Groudon|0 fnt\n|faint|p2a: Groudon\n|-weather|none\n|\n|upkeep\n|\n|t:|1699937499\n|switch|p2a: Ho-Oh|Ho-Oh|63\/100\n|turn|31\n|\n|t:|1699937510\n|move|p1a: Eternatus|Sludge Bomb|p2a: Ho-Oh\n|-damage|p2a: Ho-Oh|34\/100\n|-status|p2a: Ho-Oh|psn\n|move|p2a: Ho-Oh|Defog|p1a: Eternatus\n|-unboost|p1a: Eternatus|evasion|1\n|-sideend|p2: game18|Toxic Spikes|[from] move: Defog|[of] p2a: Ho-Oh\n|\n|-damage|p2a: Ho-Oh|22\/100 psn|[from] psn\n|upkeep\n|turn|32\n|\n|t:|1699937522\n|move|p1a: Eternatus|Toxic Spikes|p2a: Ho-Oh\n|-sidestart|p2: game18|move: Toxic Spikes\n|move|p2a: Ho-Oh|Defog|p1a: Eternatus\n|-unboost|p1a: Eternatus|evasion|1\n|-sideend|p2: game18|Toxic Spikes|[from] move: Defog|[of] p2a: Ho-Oh\n|\n|-damage|p2a: Ho-Oh|9\/100 psn|[from] psn\n|upkeep\n|turn|33\n|\n|t:|1699937530\n|move|p1a: Eternatus|Toxic Spikes|p2a: Ho-Oh\n|-sidestart|p2: game18|move: Toxic Spikes\n|move|p2a: Ho-Oh|Defog|p1a: Eternatus\n|-unboost|p1a: Eternatus|evasion|1\n|-sideend|p2: game18|Toxic Spikes|[from] move: Defog|[of] p2a: Ho-Oh\n|\n|-damage|p2a: Ho-Oh|0 fnt|[from] psn\n|faint|p2a: Ho-Oh\n|upkeep\n|\n|t:|1699937538\n|switch|p2a: Mewtwo|Mewtwo-Mega-Y|40\/100\n|turn|34\n|\n|t:|1699937551\n|move|p2a: Mewtwo|Psystrike|p1a: Eternatus\n|-supereffective|p1a: Eternatus\n|-damage|p1a: Eternatus|0 fnt\n|faint|p1a: Eternatus\n|\n|upkeep\n|\n|t:|1699937559\n|switch|p1a: Groudon|Groudon, shiny|100\/100\n|detailschange|p1a: Groudon|Groudon-Primal, shiny\n|-primal|p1a: Groudon|Red Orb\n|-weather|DesolateLand|[from] ability: Desolate Land|[of] p1a: Groudon\n|turn|35\n|\n|t:|1699937567\n|switch|p2a: Zygarde|Zygarde-Complete|87\/100 slp\n|move|p1a: Groudon|Rock Polish|p1a: Groudon\n|-boost|p1a: Groudon|spe|2\n|\n|-weather|DesolateLand|[upkeep]\n|upkeep\n|turn|36\n|l| Ds_Moon\n|\n|t:|1699937575\n|move|p1a: Groudon|Swords Dance|p1a: Groudon\n|-boost|p1a: Groudon|atk|2\n|cant|p2a: Zygarde|slp\n|\n|-weather|DesolateLand|[upkeep]\n|upkeep\n|turn|37\n|\n|t:|1699937581\n|move|p1a: Groudon|Earthquake|p2a: Zygarde\n|-damage|p2a: Zygarde|39\/100 slp\n|-curestatus|p2a: Zygarde|slp|[msg]\n|move|p2a: Zygarde|Glare|p1a: Groudon\n|-status|p1a: Groudon|par\n|\n|-weather|DesolateLand|[upkeep]\n|upkeep\n|turn|38\n|\n|t:|1699937590\n|move|p1a: Groudon|Earthquake|p2a: Zygarde\n|-damage|p2a: Zygarde|0 fnt\n|faint|p2a: Zygarde\n|\n|-weather|DesolateLand|[upkeep]\n|upkeep\n|\n|t:|1699937600\n|switch|p2a: Arceus|Arceus-Fairy|100\/100\n|turn|39\n|\n|t:|1699937610\n|move|p2a: Arceus|Judgment|p1a: Groudon\n|-resisted|p1a: Groudon\n|-damage|p1a: Groudon|76\/100 par\n|cant|p1a: Groudon|par\n|\n|-weather|DesolateLand|[upkeep]\n|upkeep\n|turn|40\n|\n|t:|1699937618\n|move|p2a: Arceus|Judgment|p1a: Groudon\n|-resisted|p1a: Groudon\n|-damage|p1a: Groudon|48\/100 par\n|cant|p1a: Groudon|par\n|\n|-weather|DesolateLand|[upkeep]\n|upkeep\n|turn|41\n|\n|t:|1699937626\n|move|p2a: Arceus|Judgment|p1a: Groudon\n|-resisted|p1a: Groudon\n|-damage|p1a: Groudon|21\/100 par\n|cant|p1a: Groudon|par\n|\n|-weather|DesolateLand|[upkeep]\n|upkeep\n|turn|42\n|\n|t:|1699937633\n|move|p2a: Arceus|Judgment|p1a: Groudon\n|-resisted|p1a: Groudon\n|-damage|p1a: Groudon|0 fnt\n|faint|p1a: Groudon\n|-weather|none\n|\n|upkeep\n|\n|t:|1699937637\n|switch|p1a: Kyogre|Kyogre-Primal|100\/100\n|-weather|PrimordialSea|[from] ability: Primordial Sea|[of] p1a: Kyogre\n|turn|43\n|\n|t:|1699937646\n|move|p2a: Arceus|Judgment|p1a: Kyogre\n|-damage|p1a: Kyogre|74\/100\n|move|p1a: Kyogre|Scald|p2a: Arceus\n|-damage|p2a: Arceus|44\/100\n|\n|-weather|PrimordialSea|[upkeep]\n|upkeep\n|turn|44\n|\n|t:|1699937655\n|move|p2a: Arceus|Judgment|p1a: Kyogre\n|-damage|p1a: Kyogre|45\/100\n|move|p1a: Kyogre|Scald|p2a: Arceus\n|-damage|p2a: Arceus|0 fnt\n|faint|p2a: Arceus\n|\n|-weather|PrimordialSea|[upkeep]\n|upkeep\n|\n|t:|1699937664\n|switch|p2a: Mewtwo|Mewtwo-Mega-Y|40\/100\n|turn|45\n|\n|t:|1699937676\n|move|p2a: Mewtwo|Psystrike|p1a: Kyogre\n|-damage|p1a: Kyogre|0 fnt\n|faint|p1a: Kyogre\n|-weather|none\n|\n|win|game18\n|raw|arafatr871's rating: 1660 &rarr; <strong>1633<\/strong><br \/>(-27 for losing)\n|raw|game18's rating: 1533 &rarr; <strong>1560<\/strong><br \/>(+27 for winning)\n","uploadtime":1699937688,"views":20,"p1id":"arafatr871","p2id":"game18","formatid":"gen9nationaldexubers","rating":1560,"private":0,"password":""}