{"id":"gen9nationaldexubers-1988840689","p1":"AllysaFantasy","p2":"wdymthenameisthere","format":"[Gen 9] National Dex Ubers","log":"|j|\u2606AllysaFantasy\n|j|\u2606wdymthenameisthere\n|t:|1699771527\n|gametype|singles\n|player|p1|AllysaFantasy|ingo|1092\n|player|p2|wdymthenameisthere|170|1040\n|teamsize|p1|6\n|teamsize|p2|6\n|gen|9\n|tier|[Gen 9] National Dex Ubers\n|rated|\n|rule|HP Percentage Mod: HP is shown in percentages\n|rule|Endless Battle Clause: Forcing endless battles is banned\n|rule|OHKO Clause: OHKO moves are banned\n|rule|Evasion Moves Clause: Evasion moves are banned\n|rule|Evasion Items Clause: Evasion items are banned\n|rule|Species Clause: Limit one of each Pok\u00e9mon\n|rule|Sleep Clause Mod: Limit one foe put to sleep\n|rule|Mega Rayquaza Clause: You cannot mega evolve Rayquaza\n|clearpoke\n|poke|p1|Marshadow|\n|poke|p1|Roserade, M|\n|poke|p1|Primarina, M|\n|poke|p1|Galvantula, M|\n|poke|p1|Gliscor, F|\n|poke|p1|Arcanine, F|\n|poke|p2|Dracovish|\n|poke|p2|Eternatus|\n|poke|p2|Kingambit, F|\n|poke|p2|Ferrothorn, F|\n|poke|p2|Mewtwo|\n|poke|p2|Groudon|\n|teampreview\n|\n|t:|1699771533\n|start\n|switch|p1a: Emmet|Galvantula, M|100\/100\n|switch|p2a: Ferrothorn|Ferrothorn, F|100\/100\n|turn|1\n|\n|t:|1699771541\n|move|p1a: Emmet|Sticky Web|p2a: Ferrothorn\n|-sidestart|p2: wdymthenameisthere|move: Sticky Web\n|move|p2a: Ferrothorn|Spikes|p1a: Emmet\n|-sidestart|p1: AllysaFantasy|Spikes\n|\n|upkeep\n|turn|2\n|\n|t:|1699771549\n|switch|p1a: Arcanine|Arcanine, F|100\/100\n|-damage|p1a: Arcanine|88\/100|[from] Spikes\n|-ability|p1a: Arcanine|Intimidate|boost\n|-unboost|p2a: Ferrothorn|atk|1\n|move|p2a: Ferrothorn|Spikes|p1a: Arcanine\n|-sidestart|p1: AllysaFantasy|Spikes\n|\n|upkeep\n|turn|3\n|\n|t:|1699771558\n|move|p1a: Arcanine|Close Combat|p2a: Ferrothorn\n|-supereffective|p2a: Ferrothorn\n|-damage|p2a: Ferrothorn|40\/100\n|-unboost|p1a: Arcanine|def|1\n|-unboost|p1a: Arcanine|spd|1\n|-damage|p1a: Arcanine|76\/100|[from] ability: Iron Barbs|[of] p2a: Ferrothorn\n|-damage|p1a: Arcanine|59\/100|[from] item: Rocky Helmet|[of] p2a: Ferrothorn\n|move|p2a: Ferrothorn|Spikes|p1a: Arcanine\n|-sidestart|p1: AllysaFantasy|Spikes\n|\n|upkeep\n|turn|4\n|\n|t:|1699771570\n|move|p1a: Arcanine|Close Combat|p2a: Ferrothorn\n|-supereffective|p2a: Ferrothorn\n|-damage|p2a: Ferrothorn|0 fnt\n|-unboost|p1a: Arcanine|def|1\n|-unboost|p1a: Arcanine|spd|1\n|-damage|p1a: Arcanine|47\/100|[from] ability: Iron Barbs|[of] p2a: Ferrothorn\n|-damage|p1a: Arcanine|30\/100|[from] item: Rocky Helmet|[of] p2a: Ferrothorn\n|faint|p2a: Ferrothorn\n|\n|upkeep\n|\n|t:|1699771582\n|switch|p2a: Groudon|Groudon|100\/100\n|-activate|p2a: Groudon|move: Sticky Web\n|-unboost|p2a: Groudon|spe|1\n|detailschange|p2a: Groudon|Groudon-Primal\n|-primal|p2a: Groudon|Red Orb\n|-weather|DesolateLand|[from] ability: Desolate Land|[of] p2a: Groudon\n|turn|5\n|\n|t:|1699771599\n|move|p1a: Arcanine|Extreme Speed|p2a: Groudon\n|-damage|p2a: Groudon|84\/100\n|move|p2a: Groudon|Precipice Blades|p1a: Arcanine\n|-supereffective|p1a: Arcanine\n|-damage|p1a: Arcanine|0 fnt\n|faint|p1a: Arcanine\n|\n|-weather|DesolateLand|[upkeep]\n|upkeep\n|\n|t:|1699771608\n|switch|p1a: Creeper|Gliscor, F|100\/100\n|turn|6\n|\n|t:|1699771619\n|-weather|none\n|switch|p2a: Mewtwo|Mewtwo|100\/100\n|-ability|p2a: Mewtwo|Unnerve\n|-activate|p2a: Mewtwo|move: Sticky Web\n|-unboost|p2a: Mewtwo|spe|1\n|move|p1a: Creeper|Crabhammer|p2a: Mewtwo\n|-damage|p2a: Mewtwo|66\/100\n|\n|-status|p1a: Creeper|tox|[from] item: Toxic Orb\n|upkeep\n|turn|7\n|\n|t:|1699771642\n|detailschange|p2a: Mewtwo|Mewtwo-Mega-Y\n|-mega|p2a: Mewtwo|Mewtwo|Mewtwonite Y\n|move|p2a: Mewtwo|Future Sight|p1a: Creeper\n|-start|p2a: Mewtwo|move: Future Sight\n|move|p1a: Creeper|Knock Off|p2a: Mewtwo\n|-supereffective|p2a: Mewtwo\n|-crit|p2a: Mewtwo\n|-damage|p2a: Mewtwo|0 fnt\n|faint|p2a: Mewtwo\n|\n|upkeep\n|\n|t:|1699771652\n|switch|p2a: Eternatus|Eternatus|100\/100\n|-activate|p2a: Eternatus|move: Sticky Web\n|-unboost|p2a: Eternatus|spe|1\n|-ability|p2a: Eternatus|Pressure\n|turn|8\n|\n|t:|1699771663\n|move|p2a: Eternatus|Gunk Shot|p1a: Creeper\n|-resisted|p1a: Creeper\n|-damage|p1a: Creeper|86\/100 tox\n|move|p1a: Creeper|Earthquake|p2a: Eternatus\n|-supereffective|p2a: Eternatus\n|-damage|p2a: Eternatus|17\/100\n|\n|-heal|p1a: Creeper|98\/100 tox|[from] ability: Poison Heal\n|upkeep\n|turn|9\n|\n|t:|1699771674\n|switch|p2a: Kingambit|Kingambit, F|100\/100\n|-activate|p2a: Kingambit|move: Sticky Web\n|-unboost|p2a: Kingambit|spe|1\n|-activate|p2a: Kingambit|ability: Supreme Overlord\n|-start|p2a: Kingambit|fallen2|[silent]\n|switch|p1a: Canina|Roserade, M|100\/100\n|-damage|p1a: Canina|76\/100|[from] Spikes\n|\n|-end|p1a: Canina|move: Future Sight\n|-supereffective|p1a: Canina\n|-damage|p1a: Canina|0 fnt\n|faint|p1a: Canina\n|upkeep\n|\n|t:|1699771689\n|switch|p1a: Creeper|Gliscor, F|98\/100 tox\n|turn|10\n|\n|t:|1699771698\n|-terastallize|p2a: Kingambit|Dark\n|move|p1a: Creeper|Earthquake|p2a: Kingambit\n|-damage|p2a: Kingambit|67\/100\n|move|p2a: Kingambit|Kowtow Cleave|p1a: Creeper\n|-damage|p1a: Creeper|38\/100 tox\n|\n|-heal|p1a: Creeper|50\/100 tox|[from] ability: Poison Heal\n|upkeep\n|turn|11\n|\n|t:|1699771716\n|move|p1a: Creeper|Knock Off|p2a: Kingambit\n|-resisted|p2a: Kingambit\n|-damage|p2a: Kingambit|55\/100\n|-enditem|p2a: Kingambit|Assault Vest|[from] move: Knock Off|[of] p1a: Creeper\n|move|p2a: Kingambit|Knock Off|p1a: Creeper\n|-damage|p1a: Creeper|0 fnt\n|-enditem|p1a: Creeper|Toxic Orb|[from] move: Knock Off|[of] p2a: Kingambit\n|faint|p1a: Creeper\n|\n|upkeep\n|\n|t:|1699771727\n|switch|p1a: Willow|Marshadow|100\/100\n|-damage|p1a: Willow|76\/100|[from] Spikes\n|turn|12\n|\n|t:|1699771744\n|-end|p2a: Kingambit|fallen2|[silent]\n|switch|p2a: Dracovish|Dracovish, shiny|100\/100\n|-activate|p2a: Dracovish|move: Sticky Web\n|-unboost|p2a: Dracovish|spe|1\n|move|p1a: Willow|Close Combat|p2a: Dracovish\n|-damage|p2a: Dracovish|37\/100\n|-unboost|p1a: Willow|def|1\n|-unboost|p1a: Willow|spd|1\n|\n|upkeep\n|turn|13\n|\n|t:|1699771754\n|move|p1a: Willow|Ice Punch|p2a: Dracovish\n|-damage|p2a: Dracovish|9\/100\n|move|p2a: Dracovish|Fishious Rend|p1a: Willow\n|-damage|p1a: Willow|0 fnt\n|faint|p1a: Willow\n|\n|upkeep\n|\n|t:|1699771761\n|switch|p1a: Emmet|Galvantula, M|100\/100\n|-damage|p1a: Emmet|76\/100|[from] Spikes\n|turn|14\n|\n|t:|1699771769\n|switch|p2a: Kingambit|Kingambit, F, tera:Dark|55\/100\n|-activate|p2a: Kingambit|move: Sticky Web\n|-unboost|p2a: Kingambit|spe|1\n|-activate|p2a: Kingambit|ability: Supreme Overlord\n|-start|p2a: Kingambit|fallen2|[silent]\n|move|p1a: Emmet|Volt Switch|p2a: Kingambit\n|-damage|p2a: Kingambit|25\/100\n|\n|t:|1699771776\n|switch|p1a: Ariel|Primarina, M|100\/100|[from] Volt Switch\n|-damage|p1a: Ariel|76\/100|[from] Spikes\n|\n|-heal|p1a: Ariel|82\/100|[from] item: Leftovers\n|upkeep\n|turn|15\n|\n|t:|1699771785\n|move|p1a: Ariel|Draining Kiss|p2a: Kingambit\n|-supereffective|p2a: Kingambit\n|-damage|p2a: Kingambit|0 fnt\n|-heal|p1a: Ariel|100\/100|[from] drain|[of] p2a: Kingambit\n|faint|p2a: Kingambit\n|-end|p2a: Kingambit|fallen2|[silent]\n|\n|upkeep\n|\n|t:|1699771791\n|switch|p2a: Groudon|Groudon-Primal|84\/100\n|-activate|p2a: Groudon|move: Sticky Web\n|-unboost|p2a: Groudon|spe|1\n|-weather|DesolateLand|[from] ability: Desolate Land|[of] p2a: Groudon\n|turn|16\n|\n|t:|1699771798\n|move|p2a: Groudon|Precipice Blades|p1a: Ariel\n|-damage|p1a: Ariel|0 fnt\n|faint|p1a: Ariel\n|\n|-weather|DesolateLand|[upkeep]\n|upkeep\n|\n|t:|1699771803\n|switch|p1a: Emmet|Galvantula, M|76\/100\n|-damage|p1a: Emmet|51\/100|[from] Spikes\n|turn|17\n|\n|t:|1699771811\n|move|p1a: Emmet|Bug Buzz|p2a: Groudon\n|-resisted|p2a: Groudon\n|-damage|p2a: Groudon|63\/100\n|move|p2a: Groudon|Precipice Blades|p1a: Emmet\n|-damage|p1a: Emmet|0 fnt\n|faint|p1a: Emmet\n|\n|win|wdymthenameisthere\n|raw|AllysaFantasy's rating: 1092 &rarr; <strong>1065<\/strong><br \/>(-27 for losing)\n|raw|wdymthenameisthere's rating: 1040 &rarr; <strong>1079<\/strong><br \/>(+39 for winning)\n","uploadtime":1699771820,"views":7,"p1id":"allysafantasy","p2id":"wdymthenameisthere","formatid":"gen9nationaldexubers","rating":1065,"private":0,"password":""}