{"id":"gen9nationaldexubers-1981638353","p1":"D. Lawrenzz","p2":"Steven Stone 007","format":"[Gen 9] National Dex Ubers","log":"|j|\u2606D. Lawrenzz\n|j|\u2606Steven Stone 007\n|t:|1698928956\n|gametype|singles\n|player|p1|D. Lawrenzz|blue-masters|\n|player|p2|Steven Stone 007|steven|\n|teamsize|p1|6\n|teamsize|p2|6\n|gen|9\n|tier|[Gen 9] National Dex Ubers\n|rule|HP Percentage Mod: HP is shown in percentages\n|rule|Endless Battle Clause: Forcing endless battles is banned\n|rule|OHKO Clause: OHKO moves are banned\n|rule|Evasion Moves Clause: Evasion moves are banned\n|rule|Evasion Items Clause: Evasion items are banned\n|rule|Species Clause: Limit one of each Pok\u00e9mon\n|rule|Sleep Clause Mod: Limit one foe put to sleep\n|rule|Mega Rayquaza Clause: You cannot mega evolve Rayquaza\n|clearpoke\n|poke|p1|Ribombee, F|\n|poke|p1|Lopunny, F|\n|poke|p1|Great Tusk|\n|poke|p1|Ogerpon-Wellspring, F|\n|poke|p1|Bisharp, M|\n|poke|p1|Iron Moth|\n|poke|p2|Landorus-Therian, M|\n|poke|p2|Groudon|\n|poke|p2|Hippowdon, M|\n|poke|p2|Excadrill, M|\n|poke|p2|Great Tusk|\n|poke|p2|Roaring Moon|\n|teampreview\n|inactive|Battle timer is ON: inactive players will automatically lose when time's up. (requested by D. Lawrenzz)\n|c|\u2606Steven Stone 007|GL\n|c|\u2606Steven Stone 007|WTF\n|\n|t:|1698928981\n|start\n|switch|p1a: Ribombee|Ribombee, F, shiny|100\/100\n|switch|p2a: Groudon|Groudon|100\/100\n|-weather|SunnyDay|[from] ability: Drought|[of] p2a: Groudon\n|turn|1\n|\n|t:|1698928988\n|move|p1a: Ribombee|Sticky Web|p2a: Groudon\n|-sidestart|p2: Steven Stone 007|move: Sticky Web\n|move|p2a: Groudon|Rock Polish|p2a: Groudon\n|-boost|p2a: Groudon|spe|2\n|\n|-weather|SunnyDay|[upkeep]\n|upkeep\n|turn|2\n|\n|t:|1698928992\n|move|p2a: Groudon|Heat Crash|p1a: Ribombee\n|-supereffective|p1a: Ribombee\n|-enditem|p1a: Ribombee|Focus Sash\n|-damage|p1a: Ribombee|1\/100\n|move|p1a: Ribombee|Stun Spore|p2a: Groudon|[miss]\n|-miss|p1a: Ribombee|p2a: Groudon\n|\n|-weather|SunnyDay|[upkeep]\n|upkeep\n|turn|3\n|\n|t:|1698928999\n|move|p2a: Groudon|Heat Crash|p1a: Ribombee\n|-supereffective|p1a: Ribombee\n|-damage|p1a: Ribombee|0 fnt\n|faint|p1a: Ribombee\n|\n|-weather|SunnyDay|[upkeep]\n|upkeep\n|\n|t:|1698929007\n|switch|p1a: Lopunny|Lopunny, F|100\/100\n|turn|4\n|\n|t:|1698929010\n|move|p1a: Lopunny|Fake Out|p2a: Groudon\n|-damage|p2a: Groudon|82\/100\n|cant|p2a: Groudon|flinch\n|\n|-weather|SunnyDay|[upkeep]\n|-heal|p2a: Groudon|88\/100|[from] item: Leftovers\n|upkeep\n|turn|5\n|\n|t:|1698929019\n|move|p1a: Lopunny|Fake Out||[still]\n|-hint|Fake Out only works on your first turn out.\n|-fail|p1a: Lopunny\n|move|p2a: Groudon|Heat Crash|p1a: Lopunny\n|-damage|p1a: Lopunny|13\/100\n|\n|-weather|none\n|-heal|p2a: Groudon|94\/100|[from] item: Leftovers\n|upkeep\n|turn|6\n|\n|t:|1698929023\n|switch|p2a: Great Tusk|Great Tusk|100\/100\n|-activate|p2a: Great Tusk|move: Sticky Web\n|-unboost|p2a: Great Tusk|spe|1\n|switch|p1a: Great Tusk|Great Tusk, shiny|100\/100\n|-enditem|p1a: Great Tusk|Booster Energy\n|-activate|p1a: Great Tusk|ability: Protosynthesis|[fromitem]\n|-start|p1a: Great Tusk|protosynthesisatk\n|\n|upkeep\n|turn|7\n|\n|t:|1698929031\n|move|p1a: Great Tusk|Rapid Spin|p2a: Great Tusk\n|-damage|p2a: Great Tusk|89\/100\n|-boost|p1a: Great Tusk|spe|1\n|move|p2a: Great Tusk|Rapid Spin|p1a: Great Tusk\n|-damage|p1a: Great Tusk|91\/100\n|-boost|p2a: Great Tusk|spe|1\n|-sideend|p2: Steven Stone 007|Sticky Web|[from] move: Rapid Spin|[of] p2a: Great Tusk\n|\n|-heal|p2a: Great Tusk|95\/100|[from] item: Leftovers\n|upkeep\n|turn|8\n|\n|t:|1698929036\n|-end|p2a: Great Tusk|Protosynthesis|[silent]\n|switch|p2a: Landorus|Landorus-Therian, M|100\/100\n|-ability|p2a: Landorus|Intimidate|boost\n|-unboost|p1a: Great Tusk|atk|1\n|move|p1a: Great Tusk|Ice Spinner|p2a: Landorus\n|-supereffective|p2a: Landorus\n|-damage|p2a: Landorus|0 fnt\n|faint|p2a: Landorus\n|\n|upkeep\n|\n|t:|1698929043\n|switch|p2a: Hippowdon|Hippowdon, M|100\/100\n|-weather|Sandstorm|[from] ability: Sand Stream|[of] p2a: Hippowdon\n|turn|9\n|\n|t:|1698929050\n|move|p1a: Great Tusk|Ice Spinner|p2a: Hippowdon\n|-supereffective|p2a: Hippowdon\n|-damage|p2a: Hippowdon|74\/100\n|move|p2a: Hippowdon|Stealth Rock|p1a: Great Tusk\n|-sidestart|p1: D. Lawrenzz|move: Stealth Rock\n|\n|-weather|Sandstorm|[upkeep]\n|upkeep\n|turn|10\n|\n|t:|1698929054\n|move|p1a: Great Tusk|Knock Off|p2a: Hippowdon\n|-crit|p2a: Hippowdon\n|-damage|p2a: Hippowdon|36\/100\n|-enditem|p2a: Hippowdon|Smooth Rock|[from] move: Knock Off|[of] p1a: Great Tusk\n|move|p2a: Hippowdon|Earthquake|p1a: Great Tusk\n|-damage|p1a: Great Tusk|68\/100\n|\n|-weather|Sandstorm|[upkeep]\n|upkeep\n|turn|11\n|\n|t:|1698929058\n|move|p1a: Great Tusk|Rapid Spin|p2a: Hippowdon\n|-damage|p2a: Hippowdon|28\/100\n|-boost|p1a: Great Tusk|spe|1\n|-sideend|p1: D. Lawrenzz|Stealth Rock|[from] move: Rapid Spin|[of] p1a: Great Tusk\n|move|p2a: Hippowdon|Slack Off|p2a: Hippowdon\n|-heal|p2a: Hippowdon|78\/100\n|\n|-weather|Sandstorm|[upkeep]\n|upkeep\n|turn|12\n|\n|t:|1698929065\n|switch|p2a: Great Tusk|Great Tusk|95\/100\n|move|p1a: Great Tusk|Ice Spinner|p2a: Great Tusk\n|-supereffective|p2a: Great Tusk\n|-damage|p2a: Great Tusk|67\/100\n|\n|-weather|Sandstorm|[upkeep]\n|-heal|p2a: Great Tusk|73\/100|[from] item: Leftovers\n|upkeep\n|turn|13\n|\n|t:|1698929073\n|move|p1a: Great Tusk|Knock Off|p2a: Great Tusk\n|-resisted|p2a: Great Tusk\n|-damage|p2a: Great Tusk|65\/100\n|-enditem|p2a: Great Tusk|Leftovers|[from] move: Knock Off|[of] p1a: Great Tusk\n|move|p2a: Great Tusk|Earthquake|p1a: Great Tusk\n|-damage|p1a: Great Tusk|40\/100\n|\n|-weather|Sandstorm|[upkeep]\n|upkeep\n|turn|14\n|\n|t:|1698929079\n|move|p1a: Great Tusk|Ice Spinner|p2a: Great Tusk\n|-supereffective|p2a: Great Tusk\n|-damage|p2a: Great Tusk|42\/100\n|move|p2a: Great Tusk|Earthquake|p1a: Great Tusk\n|-damage|p1a: Great Tusk|13\/100\n|\n|-weather|Sandstorm|[upkeep]\n|upkeep\n|turn|15\n|\n|t:|1698929084\n|move|p1a: Great Tusk|Close Combat|p2a: Great Tusk\n|-damage|p2a: Great Tusk|13\/100\n|-unboost|p1a: Great Tusk|def|1\n|-unboost|p1a: Great Tusk|spd|1\n|move|p2a: Great Tusk|Earthquake|p1a: Great Tusk\n|-damage|p1a: Great Tusk|0 fnt\n|faint|p1a: Great Tusk\n|-end|p1a: Great Tusk|Protosynthesis|[silent]\n|\n|-weather|Sandstorm|[upkeep]\n|upkeep\n|\n|t:|1698929091\n|switch|p1a: Iron Moth|Iron Moth, shiny|100\/100\n|-enditem|p1a: Iron Moth|Booster Energy\n|-activate|p1a: Iron Moth|ability: Quark Drive|[fromitem]\n|-start|p1a: Iron Moth|quarkdrivespa\n|turn|16\n|\n|t:|1698929097\n|-terastallize|p1a: Iron Moth|Flying\n|move|p1a: Iron Moth|Fiery Dance|p2a: Great Tusk\n|-crit|p2a: Great Tusk\n|-damage|p2a: Great Tusk|0 fnt\n|faint|p2a: Great Tusk\n|-end|p2a: Great Tusk|Protosynthesis|[silent]\n|\n|-weather|none\n|upkeep\n|\n|t:|1698929101\n|switch|p2a: Groudon|Groudon|94\/100\n|-weather|SunnyDay|[from] ability: Drought|[of] p2a: Groudon\n|turn|17\n|\n|t:|1698929111\n|-terastallize|p2a: Groudon|Fire\n|move|p1a: Iron Moth|Energy Ball|p2a: Groudon\n|-resisted|p2a: Groudon\n|-damage|p2a: Groudon|67\/100\n|move|p2a: Groudon|Heat Crash|p1a: Iron Moth\n|-damage|p1a: Iron Moth|0 fnt\n|faint|p1a: Iron Moth\n|-end|p1a: Iron Moth|Quark Drive|[silent]\n|\n|-weather|SunnyDay|[upkeep]\n|-heal|p2a: Groudon|73\/100|[from] item: Leftovers\n|upkeep\n|\n|t:|1698929119\n|switch|p1a: Ogerpon|Ogerpon-Wellspring, F|100\/100\n|turn|18\n|\n|t:|1698929129\n|move|p1a: Ogerpon|Swords Dance|p1a: Ogerpon\n|-boost|p1a: Ogerpon|atk|2\n|move|p2a: Groudon|Heat Crash|p1a: Ogerpon\n|-damage|p1a: Ogerpon|0 fnt\n|faint|p1a: Ogerpon\n|\n|-weather|SunnyDay|[upkeep]\n|-heal|p2a: Groudon|79\/100|[from] item: Leftovers\n|upkeep\n|\n|t:|1698929134\n|switch|p1a: Lopunny|Lopunny, F|13\/100\n|turn|19\n|\n|t:|1698929139\n|move|p2a: Groudon|Heat Crash|p1a: Lopunny\n|-damage|p1a: Lopunny|0 fnt\n|faint|p1a: Lopunny\n|\n|-weather|SunnyDay|[upkeep]\n|-heal|p2a: Groudon|85\/100|[from] item: Leftovers\n|upkeep\n|c|\u2606Steven Stone 007|GG\n|c|\u2606D. Lawrenzz|yea i lost\n|\n|t:|1698929147\n|switch|p1a: Bisharp|Bisharp, M, shiny|100\/100\n|turn|20\n|\n|t:|1698929151\n|move|p2a: Groudon|Heat Crash|p1a: Bisharp\n|-supereffective|p1a: Bisharp\n|-damage|p1a: Bisharp|0 fnt\n|faint|p1a: Bisharp\n|\n|win|Steven Stone 007\n|c|\u2606D. Lawrenzz|gg\n|c|\u2606Steven Stone 007|i made another team for you\n|l|\u2606D. Lawrenzz\n","uploadtime":1698929160,"views":11,"p1id":"dlawrenzz","p2id":"stevenstone007","formatid":"gen9nationaldexubers","rating":0,"private":0,"password":""}