{"id":"gen9nationaldexubers-1998787741","p1":"ChampionCynthia32g","p2":"qazserfvgyujnko","format":"[Gen 9] National Dex Ubers","log":"|j|\u2606ChampionCynthia32g\n|j|\u2606qazserfvgyujnko\n|t:|1700990919\n|gametype|singles\n|player|p1|ChampionCynthia32g|cynthia-gen4|1048\n|player|p2|qazserfvgyujnko|janine|1123\n|teamsize|p1|6\n|teamsize|p2|6\n|gen|9\n|tier|[Gen 9] National Dex Ubers\n|rated|\n|rule|HP Percentage Mod: HP is shown in percentages\n|rule|Endless Battle Clause: Forcing endless battles is banned\n|rule|OHKO Clause: OHKO moves are banned\n|rule|Evasion Moves Clause: Evasion moves are banned\n|rule|Evasion Items Clause: Evasion items are banned\n|rule|Species Clause: Limit one of each Pok\u00e9mon\n|rule|Sleep Clause Mod: Limit one foe put to sleep\n|rule|Mega Rayquaza Clause: You cannot mega evolve Rayquaza\n|clearpoke\n|poke|p1|Braviary, M|\n|poke|p1|Garchomp, M|\n|poke|p1|Lucario, F|\n|poke|p1|Milotic, M|\n|poke|p1|Roserade, M|\n|poke|p1|Gastrodon-East, F|\n|poke|p2|Baxcalibur, F|\n|poke|p2|Ogerpon-Hearthflame, F|\n|poke|p2|Ferrothorn, M|\n|poke|p2|Toxapex, F|\n|poke|p2|Lucario, M|\n|poke|p2|Ninetales-Alola, F|\n|teampreview\n|inactive|Battle timer is ON: inactive players will automatically lose when time's up. (requested by qazserfvgyujnko)\n|\n|t:|1700990949\n|start\n|switch|p1a: Garchomp|Garchomp, M|100\/100\n|switch|p2a: Baxcalibur|Baxcalibur, F|100\/100\n|turn|1\n|\n|t:|1700990977\n|-terastallize|p1a: Garchomp|Steel\n|move|p2a: Baxcalibur|Dragon Dance|p2a: Baxcalibur\n|-boost|p2a: Baxcalibur|atk|1\n|-boost|p2a: Baxcalibur|spe|1\n|move|p1a: Garchomp|Dragon Tail|p2a: Baxcalibur\n|-supereffective|p2a: Baxcalibur\n|-damage|p2a: Baxcalibur|45\/100\n|drag|p2a: Lucario|Lucario, M|100\/100\n|\n|upkeep\n|turn|2\n|\n|t:|1700990990\n|detailschange|p2a: Lucario|Lucario-Mega, M\n|-mega|p2a: Lucario|Lucario|Lucarionite\n|move|p2a: Lucario|Vacuum Wave|p1a: Garchomp\n|-supereffective|p1a: Garchomp\n|-damage|p1a: Garchomp|39\/100\n|move|p1a: Garchomp|Stealth Rock|p2a: Lucario\n|-sidestart|p2: qazserfvgyujnko|move: Stealth Rock\n|\n|upkeep\n|turn|3\n|inactive|ChampionCynthia32g has 120 seconds left.\n|\n|t:|1700991008\n|switch|p1a: Milotic|Milotic, M|100\/100\n|move|p2a: Lucario|Vacuum Wave|p1a: Milotic\n|-damage|p1a: Milotic|82\/100\n|\n|-heal|p1a: Milotic|88\/100|[from] item: Leftovers\n|upkeep\n|turn|4\n|\n|t:|1700991016\n|switch|p2a: Ferrothorn|Ferrothorn, M|100\/100\n|-damage|p2a: Ferrothorn|94\/100|[from] Stealth Rock\n|move|p1a: Milotic|Protect||[still]\n|-fail|p1a: Milotic\n|\n|-heal|p1a: Milotic|94\/100|[from] item: Leftovers\n|-heal|p2a: Ferrothorn|100\/100|[from] item: Leftovers\n|upkeep\n|turn|5\n|\n|t:|1700991030\n|switch|p1a: Roserade|Roserade, M|100\/100\n|move|p2a: Ferrothorn|Toxic|p1a: Roserade\n|-immune|p1a: Roserade\n|\n|upkeep\n|turn|6\n|\n|t:|1700991042\n|move|p2a: Ferrothorn|Protect|p2a: Ferrothorn\n|-singleturn|p2a: Ferrothorn|Protect\n|move|p1a: Roserade|Spikes|p2a: Ferrothorn\n|-sidestart|p2: qazserfvgyujnko|Spikes\n|\n|upkeep\n|turn|7\n|\n|t:|1700991050\n|switch|p2a: Ninetales|Ninetales-Alola, F|100\/100\n|-damage|p2a: Ninetales|76\/100|[from] Stealth Rock\n|-damage|p2a: Ninetales|64\/100|[from] Spikes\n|-weather|Snow|[from] ability: Snow Warning|[of] p2a: Ninetales\n|move|p1a: Roserade|Spikes|p2a: Ninetales\n|-sidestart|p2: qazserfvgyujnko|Spikes\n|\n|-weather|Snow|[upkeep]\n|upkeep\n|turn|8\n|\n|t:|1700991064\n|switch|p1a: Milotic|Milotic, M|94\/100\n|move|p2a: Ninetales|Blizzard|p1a: Milotic\n|-resisted|p1a: Milotic\n|-damage|p1a: Milotic|80\/100\n|\n|-weather|Snow|[upkeep]\n|-heal|p1a: Milotic|86\/100|[from] item: Leftovers\n|upkeep\n|turn|9\n|\n|t:|1700991071\n|move|p2a: Ninetales|Dazzling Gleam|p1a: Milotic\n|-damage|p1a: Milotic|64\/100\n|move|p1a: Milotic|Scald|p2a: Ninetales\n|-crit|p2a: Ninetales\n|-damage|p2a: Ninetales|13\/100\n|\n|-weather|Snow|[upkeep]\n|-heal|p1a: Milotic|71\/100|[from] item: Leftovers\n|upkeep\n|turn|10\n|\n|t:|1700991086\n|switch|p2a: Toxapex|Toxapex, F|100\/100\n|-damage|p2a: Toxapex|88\/100|[from] Stealth Rock\n|-damage|p2a: Toxapex|72\/100|[from] Spikes\n|move|p1a: Milotic|Protect||[still]\n|-fail|p1a: Milotic\n|\n|-weather|Snow|[upkeep]\n|-heal|p1a: Milotic|77\/100|[from] item: Leftovers\n|-heal|p2a: Toxapex|78\/100|[from] item: Black Sludge\n|upkeep\n|turn|11\n|\n|t:|1700991093\n|switch|p1a: Roserade|Roserade, M|100\/100\n|move|p2a: Toxapex|Toxic|p1a: Roserade\n|-immune|p1a: Roserade\n|\n|-weather|none\n|-heal|p2a: Toxapex|84\/100|[from] item: Black Sludge\n|upkeep\n|turn|12\n|\n|t:|1700991100\n|move|p1a: Roserade|Toxic Spikes|p2a: Toxapex\n|-sidestart|p2: qazserfvgyujnko|move: Toxic Spikes\n|move|p2a: Toxapex|Scald|p1a: Roserade\n|-resisted|p1a: Roserade\n|-damage|p1a: Roserade|93\/100\n|-status|p1a: Roserade|brn\n|\n|-heal|p2a: Toxapex|90\/100|[from] item: Black Sludge\n|-damage|p1a: Roserade|87\/100 brn|[from] brn\n|upkeep\n|turn|13\n|\n|t:|1700991109\n|switch|p2a: Ferrothorn|Ferrothorn, M|100\/100\n|-damage|p2a: Ferrothorn|94\/100|[from] Stealth Rock\n|-damage|p2a: Ferrothorn|78\/100|[from] Spikes\n|move|p1a: Roserade|Leech Seed|p2a: Ferrothorn\n|-immune|p2a: Ferrothorn\n|\n|-heal|p2a: Ferrothorn|84\/100|[from] item: Leftovers\n|-damage|p1a: Roserade|80\/100 brn|[from] brn\n|upkeep\n|turn|14\n|\n|t:|1700991122\n|move|p2a: Ferrothorn|Protect|p2a: Ferrothorn\n|-singleturn|p2a: Ferrothorn|Protect\n|move|p1a: Roserade|Toxic Spikes|p2a: Ferrothorn\n|-sidestart|p2: qazserfvgyujnko|move: Toxic Spikes\n|\n|-heal|p2a: Ferrothorn|90\/100|[from] item: Leftovers\n|-damage|p1a: Roserade|74\/100 brn|[from] brn\n|upkeep\n|turn|15\n|\n|t:|1700991133\n|switch|p1a: Garchomp|Garchomp, M, tera:Steel|39\/100\n|switch|p2a: Toxapex|Toxapex, F|100\/100\n|-damage|p2a: Toxapex|88\/100|[from] Stealth Rock\n|-damage|p2a: Toxapex|72\/100|[from] Spikes\n|-sideend|p2: qazserfvgyujnko|move: Toxic Spikes|[of] p2a: Toxapex\n|\n|-heal|p2a: Toxapex|78\/100|[from] item: Black Sludge\n|upkeep\n|turn|16\n|\n|t:|1700991139\n|move|p2a: Toxapex|Baneful Bunker|p2a: Toxapex\n|-singleturn|p2a: Toxapex|move: Protect\n|move|p1a: Garchomp|Earthquake|p2a: Toxapex\n|-activate|p2a: Toxapex|move: Protect\n|\n|-heal|p2a: Toxapex|84\/100|[from] item: Black Sludge\n|upkeep\n|turn|17\n|\n|t:|1700991164\n|switch|p2a: Ferrothorn|Ferrothorn, M|90\/100\n|-damage|p2a: Ferrothorn|84\/100|[from] Stealth Rock\n|-damage|p2a: Ferrothorn|68\/100|[from] Spikes\n|move|p1a: Garchomp|Swords Dance|p1a: Garchomp\n|-boost|p1a: Garchomp|atk|2\n|\n|-heal|p2a: Ferrothorn|74\/100|[from] item: Leftovers\n|upkeep\n|turn|18\n|\n|t:|1700991171\n|move|p1a: Garchomp|Earthquake|p2a: Ferrothorn\n|-damage|p2a: Ferrothorn|17\/100\n|move|p2a: Ferrothorn|Leech Seed|p1a: Garchomp\n|-start|p1a: Garchomp|move: Leech Seed\n|\n|-heal|p2a: Ferrothorn|24\/100|[from] item: Leftovers\n|-damage|p1a: Garchomp|27\/100|[from] Leech Seed|[of] p2a: Ferrothorn\n|-heal|p2a: Ferrothorn|38\/100|[silent]\n|upkeep\n|turn|19\n|\n|t:|1700991179\n|switch|p1a: Roserade|Roserade, M|74\/100 brn\n|move|p2a: Ferrothorn|Protect||[still]\n|-fail|p2a: Ferrothorn\n|\n|-heal|p2a: Ferrothorn|44\/100|[from] item: Leftovers\n|-damage|p1a: Roserade|68\/100 brn|[from] brn\n|upkeep\n|turn|20\n|\n|t:|1700991187\n|move|p1a: Roserade|Toxic Spikes|p2a: Ferrothorn\n|-sidestart|p2: qazserfvgyujnko|move: Toxic Spikes\n|move|p2a: Ferrothorn|Body Press|p1a: Roserade\n|-resisted|p1a: Roserade\n|-damage|p1a: Roserade|46\/100 brn\n|\n|-heal|p2a: Ferrothorn|50\/100|[from] item: Leftovers\n|-damage|p1a: Roserade|40\/100 brn|[from] brn\n|upkeep\n|turn|21\n|\n|t:|1700991198\n|switch|p1a: Garchomp|Garchomp, M, tera:Steel|27\/100\n|move|p2a: Ferrothorn|Body Press|p1a: Garchomp\n|-supereffective|p1a: Garchomp\n|-damage|p1a: Garchomp|0 fnt\n|-damage|p2a: Ferrothorn|38\/100|[from] ability: Rough Skin|[of] p1a: Garchomp\n|-damage|p2a: Ferrothorn|21\/100|[from] item: Rocky Helmet|[of] p1a: Garchomp\n|faint|p1a: Garchomp\n|\n|-heal|p2a: Ferrothorn|27\/100|[from] item: Leftovers\n|upkeep\n|\n|t:|1700991208\n|switch|p1a: Braviary|Braviary, M|100\/100\n|turn|22\n|\n|t:|1700991210\n|move|p2a: Ferrothorn|Protect|p2a: Ferrothorn\n|-singleturn|p2a: Ferrothorn|Protect\n|move|p1a: Braviary|Whirlwind|p2a: Ferrothorn\n|drag|p2a: Toxapex|Toxapex, F|100\/100\n|-damage|p2a: Toxapex|88\/100|[from] Stealth Rock\n|-damage|p2a: Toxapex|72\/100|[from] Spikes\n|-sideend|p2: qazserfvgyujnko|move: Toxic Spikes|[of] p2a: Toxapex\n|\n|-heal|p2a: Toxapex|78\/100|[from] item: Black Sludge\n|upkeep\n|turn|23\n|\n|t:|1700991230\n|switch|p1a: Roserade|Roserade, M|40\/100 brn\n|move|p2a: Toxapex|Scald|p1a: Roserade\n|-resisted|p1a: Roserade\n|-damage|p1a: Roserade|31\/100 brn\n|\n|-heal|p2a: Toxapex|84\/100|[from] item: Black Sludge\n|-damage|p1a: Roserade|25\/100 brn|[from] brn\n|upkeep\n|turn|24\n|\n|t:|1700991238\n|move|p1a: Roserade|Spikes|p2a: Toxapex\n|-sidestart|p2: qazserfvgyujnko|Spikes\n|move|p2a: Toxapex|Scald|p1a: Roserade\n|-resisted|p1a: Roserade\n|-damage|p1a: Roserade|17\/100 brn\n|\n|-heal|p2a: Toxapex|90\/100|[from] item: Black Sludge\n|-damage|p1a: Roserade|11\/100 brn|[from] brn\n|upkeep\n|turn|25\n|inactive|ChampionCynthia32g has 120 seconds left.\n|\n|t:|1700991286\n|switch|p1a: Lucario|Lucario, F|100\/100\n|move|p2a: Toxapex|Scald|p1a: Lucario\n|-damage|p1a: Lucario|80\/100\n|\n|-heal|p2a: Toxapex|97\/100|[from] item: Black Sludge\n|upkeep\n|turn|26\n|\n|t:|1700991299\n|detailschange|p1a: Lucario|Lucario-Mega, F\n|-mega|p1a: Lucario|Lucario|Lucarionite\n|move|p2a: Toxapex|Baneful Bunker|p2a: Toxapex\n|-singleturn|p2a: Toxapex|move: Protect\n|move|p1a: Lucario|Calm Mind|p1a: Lucario\n|-boost|p1a: Lucario|spa|1\n|-boost|p1a: Lucario|spd|1\n|\n|-heal|p2a: Toxapex|100\/100|[from] item: Black Sludge\n|upkeep\n|turn|27\n|\n|t:|1700991307\n|switch|p2a: Lucario|Lucario-Mega, M|100\/100\n|-damage|p2a: Lucario|98\/100|[from] Stealth Rock\n|-damage|p2a: Lucario|73\/100|[from] Spikes\n|move|p1a: Lucario|Bulk Up|p1a: Lucario\n|-boost|p1a: Lucario|atk|1\n|-boost|p1a: Lucario|def|1\n|\n|upkeep\n|turn|28\n|\n|t:|1700991313\n|move|p2a: Lucario|Vacuum Wave|p1a: Lucario\n|-supereffective|p1a: Lucario\n|-damage|p1a: Lucario|35\/100\n|move|p1a: Lucario|Drain Punch|p2a: Lucario\n|-supereffective|p2a: Lucario\n|-damage|p2a: Lucario|0 fnt\n|-heal|p1a: Lucario|65\/100|[from] drain|[of] p2a: Lucario\n|faint|p2a: Lucario\n|\n|upkeep\n|\n|t:|1700991317\n|switch|p2a: Ogerpon|Ogerpon-Hearthflame, F|100\/100\n|-damage|p2a: Ogerpon|76\/100|[from] Stealth Rock\n|-damage|p2a: Ogerpon|51\/100|[from] Spikes\n|-ability|p2a: Ogerpon|Mold Breaker\n|turn|29\n|inactive|ChampionCynthia32g has 120 seconds left.\n|\n|t:|1700991335\n|move|p2a: Ogerpon|Ivy Cudgel|p1a: Lucario|[anim] Ivy Cudgel Fire\n|-supereffective|p1a: Lucario\n|-damage|p1a: Lucario|0 fnt\n|faint|p1a: Lucario\n|\n|upkeep\n|inactive|ChampionCynthia32g has 120 seconds left.\n|\n|t:|1700991346\n|switch|p1a: Milotic|Milotic, M|77\/100\n|turn|30\n|\n|t:|1700991351\n|-terastallize|p2a: Ogerpon|Fire\n|detailschange|p2a: Ogerpon|Ogerpon-Hearthflame-Tera, F, tera:Fire\n|-ability|p2a: Ogerpon|Embody Aspect (Hearthflame)|boost\n|-boost|p2a: Ogerpon|atk|1\n|move|p1a: Milotic|Protect|p1a: Milotic\n|-singleturn|p1a: Milotic|Protect\n|move|p2a: Ogerpon|Horn Leech|p1a: Milotic\n|-activate|p1a: Milotic|move: Protect\n|\n|-heal|p1a: Milotic|83\/100|[from] item: Leftovers\n|upkeep\n|turn|31\n|\n|t:|1700991365\n|switch|p1a: Roserade|Roserade, M|11\/100 brn\n|move|p2a: Ogerpon|Horn Leech|p1a: Roserade\n|-resisted|p1a: Roserade\n|-damage|p1a: Roserade|0 fnt\n|-heal|p2a: Ogerpon|56\/100|[from] drain|[of] p1a: Roserade\n|faint|p1a: Roserade\n|\n|upkeep\n|\n|t:|1700991370\n|switch|p1a: Braviary|Braviary, M|100\/100\n|turn|32\n|\n|t:|1700991377\n|move|p2a: Ogerpon|Ivy Cudgel|p1a: Braviary|[anim] Ivy Cudgel Fire\n|-damage|p1a: Braviary|0 fnt\n|faint|p1a: Braviary\n|\n|upkeep\n|\n|t:|1700991387\n|switch|p1a: Milotic|Milotic, M|83\/100\n|turn|33\n|\n|t:|1700991390\n|move|p1a: Milotic|Protect|p1a: Milotic\n|-singleturn|p1a: Milotic|Protect\n|move|p2a: Ogerpon|Horn Leech|p1a: Milotic\n|-activate|p1a: Milotic|move: Protect\n|\n|-heal|p1a: Milotic|89\/100|[from] item: Leftovers\n|upkeep\n|turn|34\n|\n|t:|1700991395\n|move|p2a: Ogerpon|Horn Leech|p1a: Milotic\n|-supereffective|p1a: Milotic\n|-damage|p1a: Milotic|0 fnt\n|-heal|p2a: Ogerpon|100\/100|[from] drain|[of] p1a: Milotic\n|faint|p1a: Milotic\n|\n|upkeep\n|\n|t:|1700991398\n|switch|p1a: Gastrodon|Gastrodon-East, F, shiny|100\/100\n|turn|35\n|\n|t:|1700991400\n|move|p2a: Ogerpon|Horn Leech|p1a: Gastrodon\n|-supereffective|p1a: Gastrodon\n|-damage|p1a: Gastrodon|0 fnt\n|faint|p1a: Gastrodon\n|\n|win|qazserfvgyujnko\n|raw|ChampionCynthia32g's rating: 1048 &rarr; <strong>1034<\/strong><br \/>(-14 for losing)\n|raw|qazserfvgyujnko's rating: 1123 &rarr; <strong>1143<\/strong><br \/>(+20 for winning)\n","uploadtime":1700991408,"views":1,"p1id":"championcynthia32g","p2id":"qazserfvgyujnko","formatid":"gen9nationaldexubers","rating":1034,"private":0,"password":""}