{"id":"gen9nationaldexubers-1991947849","p1":"GibleJ523","p2":"ozzey","format":"[Gen 9] National Dex Ubers","log":"|j|\u2606GibleJ523\n|j|\u2606ozzey\n|t:|1700141452\n|gametype|singles\n|player|p1|GibleJ523|lance|\n|player|p2|ozzey|bugcatcher-gen4dp|\n|teamsize|p1|6\n|teamsize|p2|6\n|gen|9\n|tier|[Gen 9] National Dex Ubers\n|rule|HP Percentage Mod: HP is shown in percentages\n|rule|Endless Battle Clause: Forcing endless battles is banned\n|rule|OHKO Clause: OHKO moves are banned\n|rule|Evasion Moves Clause: Evasion moves are banned\n|rule|Evasion Items Clause: Evasion items are banned\n|rule|Species Clause: Limit one of each Pok\u00e9mon\n|rule|Sleep Clause Mod: Limit one foe put to sleep\n|rule|Mega Rayquaza Clause: You cannot mega evolve Rayquaza\n|clearpoke\n|poke|p1|Glimmora, M|\n|poke|p1|Samurott-Hisui, F|\n|poke|p1|Magnezone|\n|poke|p1|Hatterene, F|\n|poke|p1|Decidueye, F|\n|poke|p1|Garchomp, M|\n|poke|p2|Togekiss, F|\n|poke|p2|Darmanitan-Galar, M|\n|poke|p2|Metagross|\n|poke|p2|Ferrothorn, F|\n|poke|p2|Ursaluna-Bloodmoon, M|\n|poke|p2|Armarouge, F|\n|teampreview\n|inactive|Battle timer is ON: inactive players will automatically lose when time's up. (requested by ozzey)\n|j| El!te 00f\n|\n|t:|1700141458\n|start\n|switch|p1a: Illegal crystals|Glimmora, M|100\/100\n|switch|p2a: Ferrothorn|Ferrothorn, F|100\/100\n|turn|1\n|\n|t:|1700141469\n|move|p1a: Illegal crystals|Spikes|p2a: Ferrothorn\n|-sidestart|p2: ozzey|Spikes\n|move|p2a: Ferrothorn|Gyro Ball|p1a: Illegal crystals\n|-supereffective|p1a: Illegal crystals\n|-damage|p1a: Illegal crystals|34\/100\n|-activate|p1a: Illegal crystals|ability: Toxic Debris\n|-sidestart|p2: ozzey|move: Toxic Spikes\n|\n|-heal|p1a: Illegal crystals|40\/100|[from] item: Leftovers\n|upkeep\n|turn|2\n|\n|t:|1700141477\n|move|p1a: Illegal crystals|Spiky Shield|p1a: Illegal crystals\n|-singleturn|p1a: Illegal crystals|move: Protect\n|move|p2a: Ferrothorn|Stealth Rock|p1a: Illegal crystals\n|-sidestart|p1: GibleJ523|move: Stealth Rock\n|\n|-heal|p1a: Illegal crystals|46\/100|[from] item: Leftovers\n|upkeep\n|turn|3\n|\n|t:|1700141483\n|move|p1a: Illegal crystals|Stealth Rock|p2a: Ferrothorn\n|-sidestart|p2: ozzey|move: Stealth Rock\n|move|p2a: Ferrothorn|Knock Off|p1a: Illegal crystals\n|-damage|p1a: Illegal crystals|30\/100\n|-activate|p1a: Illegal crystals|ability: Toxic Debris\n|-sidestart|p2: ozzey|move: Toxic Spikes\n|-enditem|p1a: Illegal crystals|Leftovers|[from] move: Knock Off|[of] p2a: Ferrothorn\n|\n|upkeep\n|turn|4\n|j| 3eveeJ\n|\n|t:|1700141498\n|move|p1a: Illegal crystals|Spikes|p2a: Ferrothorn\n|-sidestart|p2: ozzey|Spikes\n|move|p2a: Ferrothorn|Spikes|p1a: Illegal crystals\n|-sidestart|p1: GibleJ523|Spikes\n|\n|upkeep\n|turn|5\n|\n|t:|1700141504\n|move|p1a: Illegal crystals|Spiky Shield|p1a: Illegal crystals\n|-singleturn|p1a: Illegal crystals|move: Protect\n|move|p2a: Ferrothorn|Spikes|p1a: Illegal crystals\n|-sidestart|p1: GibleJ523|Spikes\n|\n|upkeep\n|turn|6\n|\n|t:|1700141512\n|switch|p1a: Gible (real)|Garchomp, M|100\/100\n|-damage|p1a: Gible (real)|94\/100|[from] Stealth Rock\n|-damage|p1a: Gible (real)|78\/100|[from] Spikes\n|move|p2a: Ferrothorn|Gyro Ball|p1a: Gible (real)\n|-damage|p1a: Gible (real)|38\/100\n|-damage|p2a: Ferrothorn|88\/100|[from] ability: Rough Skin|[of] p1a: Gible (real)\n|-damage|p2a: Ferrothorn|72\/100|[from] item: Rocky Helmet|[of] p1a: Gible (real)\n|\n|upkeep\n|turn|7\n|\n|t:|1700141521\n|move|p1a: Gible (real)|Fire Fang|p2a: Ferrothorn\n|-supereffective|p2a: Ferrothorn\n|-damage|p2a: Ferrothorn|22\/100\n|-damage|p1a: Gible (real)|25\/100|[from] ability: Iron Barbs|[of] p2a: Ferrothorn\n|-enditem|p2a: Ferrothorn|Red Card|[of] p1a: Gible (real)\n|drag|p1a: Illegal crystals|Glimmora, M|30\/100\n|-damage|p1a: Illegal crystals|18\/100|[from] Stealth Rock\n|-damage|p1a: Illegal crystals|2\/100|[from] Spikes\n|move|p2a: Ferrothorn|Spikes|p1a: Illegal crystals\n|-sidestart|p1: GibleJ523|Spikes\n|\n|upkeep\n|turn|8\n|\n|t:|1700141532\n|move|p1a: Illegal crystals|Spikes|p2a: Ferrothorn\n|-sidestart|p2: ozzey|Spikes\n|move|p2a: Ferrothorn|Knock Off|p1a: Illegal crystals\n|-damage|p1a: Illegal crystals|0 fnt\n|faint|p1a: Illegal crystals\n|\n|upkeep\n|\n|t:|1700141538\n|switch|p1a: Gible (real)|Garchomp, M|25\/100\n|-damage|p1a: Gible (real)|19\/100|[from] Stealth Rock\n|-damage|p1a: Gible (real)|0 fnt|[from] Spikes\n|faint|p1a: Gible (real)\n|\n|t:|1700141553\n|switch|p1a: Beans|Decidueye, F|100\/100\n|-damage|p1a: Beans|88\/100|[from] Stealth Rock\n|-damage|p1a: Beans|63\/100|[from] Spikes\n|turn|9\n|\n|t:|1700141561\n|move|p1a: Beans|Protect|p1a: Beans\n|-singleturn|p1a: Beans|Protect\n|move|p2a: Ferrothorn|Knock Off|p1a: Beans\n|-activate|p1a: Beans|move: Protect\n|\n|-heal|p1a: Beans|69\/100|[from] item: Leftovers\n|upkeep\n|turn|10\n|\n|t:|1700141574\n|move|p1a: Beans|Spirit Shackle|p2a: Ferrothorn\n|-damage|p2a: Ferrothorn|0 fnt\n|faint|p2a: Ferrothorn\n|\n|-heal|p1a: Beans|75\/100|[from] item: Leftovers\n|upkeep\n|\n|t:|1700141578\n|switch|p2a: Togekiss|Togekiss, F|100\/100\n|turn|11\n|\n|t:|1700141583\n|move|p2a: Togekiss|Defog|p1a: Beans\n|-unboost|p1a: Beans|evasion|1\n|-sideend|p1: GibleJ523|Spikes|[from] move: Defog|[of] p2a: Togekiss\n|-sideend|p1: GibleJ523|Stealth Rock|[from] move: Defog|[of] p2a: Togekiss\n|-sideend|p2: ozzey|Spikes|[from] move: Defog|[of] p2a: Togekiss\n|-sideend|p2: ozzey|Toxic Spikes|[from] move: Defog|[of] p2a: Togekiss\n|-sideend|p2: ozzey|Stealth Rock|[from] move: Defog|[of] p2a: Togekiss\n|move|p1a: Beans|Dual Wingbeat|p2a: Togekiss\n|-damage|p2a: Togekiss|88\/100\n|-damage|p2a: Togekiss|75\/100\n|-hitcount|p2a: Togekiss|2\n|\n|-heal|p1a: Beans|81\/100|[from] item: Leftovers\n|upkeep\n|turn|12\n|\n|t:|1700141594\n|switch|p1a: Infinite fusion|Magnezone|100\/100\n|move|p2a: Togekiss|Shadow Ball|p1a: Infinite fusion\n|-damage|p1a: Infinite fusion|60\/100\n|\n|upkeep\n|turn|13\n|\n|t:|1700141603\n|move|p1a: Infinite fusion|Thunderbolt|p2a: Togekiss\n|-supereffective|p2a: Togekiss\n|-damage|p2a: Togekiss|1\/100\n|move|p2a: Togekiss|Yawn|p1a: Infinite fusion\n|-start|p1a: Infinite fusion|move: Yawn|[of] p2a: Togekiss\n|\n|upkeep\n|turn|14\n|\n|t:|1700141609\n|move|p1a: Infinite fusion|Thunderbolt|p2a: Togekiss\n|-supereffective|p2a: Togekiss\n|-damage|p2a: Togekiss|0 fnt\n|faint|p2a: Togekiss\n|\n|-end|p1a: Infinite fusion|move: Yawn|[silent]\n|-status|p1a: Infinite fusion|slp\n|upkeep\n|\n|t:|1700141617\n|switch|p2a: Metagross|Metagross|100\/100\n|turn|15\n|c| 3eveeJ|oh no\n|\n|t:|1700141624\n|switch|p1a: \"Emo\"|Samurott-Hisui, F|100\/100\n|move|p2a: Metagross|Earthquake|p1a: \"Emo\"\n|-damage|p1a: \"Emo\"|53\/100\n|\n|upkeep\n|turn|16\n|\n|t:|1700141632\n|move|p1a: \"Emo\"|Ceaseless Edge|p2a: Metagross\n|-supereffective|p2a: Metagross\n|-damage|p2a: Metagross|36\/100\n|-enditem|p2a: Metagross|Weakness Policy\n|-boost|p2a: Metagross|atk|2|[from] item: Weakness Policy\n|-boost|p2a: Metagross|spa|2|[from] item: Weakness Policy\n|-sidestart|p2: ozzey|Spikes\n|move|p2a: Metagross|Thunder Punch|p1a: \"Emo\"\n|-supereffective|p1a: \"Emo\"\n|-damage|p1a: \"Emo\"|0 fnt\n|-damage|p2a: Metagross|19\/100|[from] item: Rocky Helmet|[of] p1a: \"Emo\"\n|faint|p1a: \"Emo\"\n|\n|upkeep\n|c| El!te 00f|it's really not that bad\n|\n|t:|1700141643\n|switch|p1a: Beans|Decidueye, F|81\/100\n|turn|17\n|c| 3eveeJ|yet\n|\n|t:|1700141647\n|move|p2a: Metagross|Bullet Punch|p1a: Beans\n|-damage|p1a: Beans|20\/100\n|move|p1a: Beans|Spirit Shackle|p2a: Metagross\n|-supereffective|p2a: Metagross\n|-damage|p2a: Metagross|0 fnt\n|faint|p2a: Metagross\n|\n|-heal|p1a: Beans|26\/100|[from] item: Leftovers\n|upkeep\n|\n|t:|1700141656\n|switch|p2a: Darmanitan|Darmanitan-Galar, M|100\/100\n|-damage|p2a: Darmanitan|88\/100|[from] Spikes\n|turn|18\n|\n|t:|1700141660\n|move|p1a: Beans|Protect|p1a: Beans\n|-singleturn|p1a: Beans|Protect\n|move|p2a: Darmanitan|Earthquake|p1a: Beans\n|-activate|p1a: Beans|move: Protect\n|\n|-heal|p1a: Beans|32\/100|[from] item: Leftovers\n|upkeep\n|turn|19\n|c| El!te 00f|I don't see an out for ursaluna\n|c| El!te 00f|but other then that\n|c| El!te 00f|it's fine\n|\n|t:|1700141679\n|move|p2a: Darmanitan|Earthquake|p1a: Beans\n|-resisted|p1a: Beans\n|-damage|p1a: Beans|0 fnt\n|faint|p1a: Beans\n|\n|upkeep\n|\n|t:|1700141683\n|switch|p1a: Woman!?!?!?!|Hatterene, F|100\/100\n|turn|20\n|\n|t:|1700141694\n|move|p2a: Darmanitan|Earthquake|p1a: Woman!?!?!?!\n|-damage|p1a: Woman!?!?!?!|29\/100\n|move|p1a: Woman!?!?!?!|Dark Pulse|p2a: Darmanitan\n|-damage|p2a: Darmanitan|36\/100\n|\n|-heal|p1a: Woman!?!?!?!|35\/100|[from] item: Leftovers\n|upkeep\n|turn|21\n|\n|t:|1700141706\n|move|p2a: Darmanitan|Earthquake|p1a: Woman!?!?!?!\n|-damage|p1a: Woman!?!?!?!|0 fnt\n|faint|p1a: Woman!?!?!?!\n|\n|upkeep\n|\n|t:|1700141710\n|switch|p1a: Infinite fusion|Magnezone|60\/100 slp\n|turn|22\n|\n|t:|1700141714\n|-terastallize|p2a: Darmanitan|Ice\n|-terastallize|p1a: Infinite fusion|Electric\n|move|p2a: Darmanitan|Earthquake|p1a: Infinite fusion\n|-supereffective|p1a: Infinite fusion\n|-damage|p1a: Infinite fusion|0 fnt\n|faint|p1a: Infinite fusion\n|\n|win|ozzey\n|c|\u2606GibleJ523|yeah gg\n|c|\u2606ozzey|Gg wp\n|l|\u2606GibleJ523\n|l|\u2606ozzey\n|c| El!te 00f|ggs all around\n|l| 3eveeJ\n|j| femurdeeznuts\n|l| femurdeeznuts\n","uploadtime":1700141736,"views":32,"p1id":"giblej523","p2id":"ozzey","formatid":"gen9nationaldexubers","rating":0,"private":0,"password":""}