{"id":"gen9nationaldexubers-1981667547","p1":"cutdihacker","p2":"MommyMikuNakano","format":"[Gen 9] National Dex Ubers","log":"|j|\u2606cutdihacker\n|j|\u2606MommyMikuNakano\n|t:|1698931932\n|gametype|singles\n|player|p1|cutdihacker|steven|1503\n|player|p2|MommyMikuNakano|erika-gen1|1808\n|teamsize|p1|6\n|teamsize|p2|6\n|gen|9\n|tier|[Gen 9] National Dex Ubers\n|rated|\n|rule|HP Percentage Mod: HP is shown in percentages\n|rule|Endless Battle Clause: Forcing endless battles is banned\n|rule|OHKO Clause: OHKO moves are banned\n|rule|Evasion Moves Clause: Evasion moves are banned\n|rule|Evasion Items Clause: Evasion items are banned\n|rule|Species Clause: Limit one of each Pok\u00e9mon\n|rule|Sleep Clause Mod: Limit one foe put to sleep\n|rule|Mega Rayquaza Clause: You cannot mega evolve Rayquaza\n|clearpoke\n|poke|p1|Yveltal|\n|poke|p1|Marshadow|\n|poke|p1|Lopunny, M|\n|poke|p1|Giratina|\n|poke|p1|Zacian-*|\n|poke|p1|Darkrai|\n|poke|p2|Salamence, M|\n|poke|p2|Solgaleo|\n|poke|p2|Necrozma-Dusk-Mane|\n|poke|p2|Arceus-Dark|\n|poke|p2|Ditto|\n|poke|p2|Giratina-Origin|\n|teampreview\n|inactive|Battle timer is ON: inactive players will automatically lose when time's up. (requested by MommyMikuNakano)\n|\n|t:|1698931945\n|start\n|switch|p1a: Lopunny|Lopunny, M|100\/100\n|switch|p2a: Arceus|Arceus-Dark|100\/100\n|turn|1\n|\n|t:|1698931952\n|switch|p2a: Salamence|Salamence, M|100\/100\n|-ability|p2a: Salamence|Intimidate|boost\n|-unboost|p1a: Lopunny|atk|1\n|detailschange|p1a: Lopunny|Lopunny-Mega, M\n|-mega|p1a: Lopunny|Lopunny|Lopunnite\n|move|p1a: Lopunny|Fake Out|p2a: Salamence\n|-damage|p2a: Salamence|87\/100\n|\n|upkeep\n|turn|2\n|\n|t:|1698931961\n|switch|p2a: Necrozma|Necrozma-Dusk-Mane, shiny|100\/100\n|move|p1a: Lopunny|U-turn|p2a: Necrozma\n|-damage|p2a: Necrozma|85\/100\n|\n|t:|1698931968\n|switch|p1a: Giratina|Giratina|100\/100|[from] U-turn\n|-ability|p1a: Giratina|Pressure\n|\n|upkeep\n|turn|3\n|\n|t:|1698931974\n|move|p2a: Necrozma|Stealth Rock|p1a: Giratina\n|-sidestart|p1: cutdihacker|move: Stealth Rock\n|move|p1a: Giratina|Will-O-Wisp|p2a: Necrozma|[miss]\n|-miss|p1a: Giratina|p2a: Necrozma\n|\n|upkeep\n|turn|4\n|\n|t:|1698931980\n|detailschange|p2a: Necrozma|Necrozma-Ultra, shiny\n|-burst|p2a: Necrozma|Necrozma|Ultranecrozium Z\n|move|p2a: Necrozma|Dragon Pulse|p1a: Giratina\n|-supereffective|p1a: Giratina\n|-damage|p1a: Giratina|24\/100\n|move|p1a: Giratina|Defog|p2a: Necrozma\n|-unboost|p2a: Necrozma|evasion|1\n|-sideend|p1: cutdihacker|Stealth Rock|[from] move: Defog|[of] p1a: Giratina\n|\n|-heal|p1a: Giratina|30\/100|[from] item: Leftovers\n|upkeep\n|turn|5\n|\n|t:|1698931992\n|move|p2a: Necrozma|Stealth Rock|p1a: Giratina\n|-sidestart|p1: cutdihacker|move: Stealth Rock\n|move|p1a: Giratina|Will-O-Wisp|p2a: Necrozma\n|-status|p2a: Necrozma|brn\n|\n|-heal|p1a: Giratina|36\/100|[from] item: Leftovers\n|-damage|p2a: Necrozma|79\/100 brn|[from] brn\n|upkeep\n|turn|6\n|\n|t:|1698932001\n|move|p2a: Necrozma|Dragon Pulse|p1a: Giratina\n|-supereffective|p1a: Giratina\n|-damage|p1a: Giratina|0 fnt\n|faint|p1a: Giratina\n|\n|-damage|p2a: Necrozma|73\/100 brn|[from] brn\n|upkeep\n|\n|t:|1698932013\n|switch|p1a: Lopunny|Lopunny-Mega, M|100\/100\n|-damage|p1a: Lopunny|95\/100|[from] Stealth Rock\n|turn|7\n|\n|t:|1698932018\n|switch|p2a: Salamence|Salamence, M|87\/100\n|-ability|p2a: Salamence|Intimidate|boost\n|-fail|p1a: Lopunny|unboost|Attack|[from] ability: Scrappy|[of] p1a: Lopunny\n|move|p1a: Lopunny|Fake Out|p2a: Salamence\n|-damage|p2a: Salamence|63\/100\n|\n|upkeep\n|turn|8\n|\n|t:|1698932030\n|detailschange|p2a: Salamence|Salamence-Mega, M\n|-mega|p2a: Salamence|Salamence|Salamencite\n|move|p1a: Lopunny|U-turn|p2a: Salamence\n|-resisted|p2a: Salamence\n|-damage|p2a: Salamence|54\/100\n|\n|t:|1698932039\n|switch|p1a: Marshadow|Marshadow|100\/100|[from] U-turn\n|-damage|p1a: Marshadow|94\/100|[from] Stealth Rock\n|move|p2a: Salamence|Dragon Dance|p2a: Salamence\n|-boost|p2a: Salamence|atk|1\n|-boost|p2a: Salamence|spe|1\n|\n|upkeep\n|turn|9\n|\n|t:|1698932052\n|move|p1a: Marshadow|Shadow Sneak|p2a: Salamence\n|-damage|p2a: Salamence|33\/100\n|move|p2a: Salamence|Facade|p1a: Marshadow\n|-supereffective|p1a: Marshadow\n|-damage|p1a: Marshadow|0 fnt\n|faint|p1a: Marshadow\n|\n|upkeep\n|\n|t:|1698932064\n|switch|p1a: Yveltal|Yveltal, shiny|100\/100\n|-damage|p1a: Yveltal|76\/100|[from] Stealth Rock\n|-ability|p1a: Yveltal|Dark Aura\n|turn|10\n|\n|t:|1698932091\n|move|p2a: Salamence|Roost|p2a: Salamence\n|-heal|p2a: Salamence|83\/100\n|-singleturn|p2a: Salamence|move: Roost\n|move|p1a: Yveltal|Oblivion Wing|p2a: Salamence\n|-damage|p2a: Salamence|36\/100\n|-heal|p1a: Yveltal|100\/100|[from] drain|[of] p2a: Salamence\n|-damage|p1a: Yveltal|91\/100|[from] item: Life Orb\n|\n|upkeep\n|turn|11\n|\n|t:|1698932102\n|move|p2a: Salamence|Roost|p2a: Salamence\n|-heal|p2a: Salamence|86\/100\n|-singleturn|p2a: Salamence|move: Roost\n|move|p1a: Yveltal|Oblivion Wing|p2a: Salamence\n|-damage|p2a: Salamence|31\/100\n|-heal|p1a: Yveltal|100\/100|[from] drain|[of] p2a: Salamence\n|-damage|p1a: Yveltal|91\/100|[from] item: Life Orb\n|\n|upkeep\n|turn|12\n|\n|t:|1698932113\n|move|p1a: Yveltal|Sucker Punch|p2a: Salamence\n|-damage|p2a: Salamence|0 fnt\n|faint|p2a: Salamence\n|-damage|p1a: Yveltal|81\/100|[from] item: Life Orb\n|\n|upkeep\n|\n|t:|1698932119\n|switch|p2a: Arceus|Arceus-Dark|100\/100\n|turn|13\n|\n|t:|1698932126\n|switch|p1a: Darkrai|Darkrai|100\/100\n|-damage|p1a: Darkrai|88\/100|[from] Stealth Rock\n|move|p2a: Arceus|Toxic|p1a: Darkrai\n|-status|p1a: Darkrai|tox\n|\n|-damage|p1a: Darkrai|82\/100 tox|[from] psn\n|upkeep\n|turn|14\n|\n|t:|1698932135\n|switch|p2a: Necrozma|Necrozma-Ultra, shiny|73\/100 brn\n|move|p1a: Darkrai|Hypnosis||[still]\n|-fail|p1a: Darkrai\n|\n|-damage|p1a: Darkrai|70\/100 tox|[from] psn\n|-damage|p2a: Necrozma|66\/100 brn|[from] brn\n|upkeep\n|turn|15\n|\n|t:|1698932144\n|move|p2a: Necrozma|Dragon Pulse|p1a: Darkrai\n|-damage|p1a: Darkrai|4\/100 tox\n|move|p1a: Darkrai|Dark Pulse|p2a: Necrozma\n|-supereffective|p2a: Necrozma\n|-damage|p2a: Necrozma|0 fnt\n|faint|p2a: Necrozma\n|\n|-damage|p1a: Darkrai|0 fnt|[from] psn\n|faint|p1a: Darkrai\n|upkeep\n|\n|t:|1698932156\n|switch|p2a: Arceus|Arceus-Dark|100\/100\n|switch|p1a: Lopunny|Lopunny-Mega, M|95\/100\n|-damage|p1a: Lopunny|89\/100|[from] Stealth Rock\n|turn|16\n|\n|t:|1698932163\n|switch|p2a: Giratina|Giratina-Origin|100\/100\n|move|p1a: Lopunny|Fake Out|p2a: Giratina\n|-damage|p2a: Giratina|89\/100\n|\n|upkeep\n|turn|17\n|\n|t:|1698932174\n|move|p1a: Lopunny|Close Combat|p2a: Giratina\n|-damage|p2a: Giratina|49\/100\n|-unboost|p1a: Lopunny|def|1\n|-unboost|p1a: Lopunny|spd|1\n|move|p2a: Giratina|Will-O-Wisp|p1a: Lopunny\n|-status|p1a: Lopunny|brn\n|\n|-damage|p1a: Lopunny|83\/100 brn|[from] brn\n|upkeep\n|turn|18\n|\n|t:|1698932184\n|move|p1a: Lopunny|Close Combat|p2a: Giratina\n|-damage|p2a: Giratina|29\/100\n|-unboost|p1a: Lopunny|def|1\n|-unboost|p1a: Lopunny|spd|1\n|move|p2a: Giratina|Draco Meteor|p1a: Lopunny\n|-damage|p1a: Lopunny|0 fnt\n|-unboost|p2a: Giratina|spa|2\n|faint|p1a: Lopunny\n|\n|upkeep\n|\n|t:|1698932195\n|switch|p1a: Yveltal|Yveltal, shiny|81\/100\n|-damage|p1a: Yveltal|56\/100|[from] Stealth Rock\n|-ability|p1a: Yveltal|Dark Aura\n|turn|19\n|\n|t:|1698932201\n|switch|p2a: Arceus|Arceus-Dark|100\/100\n|move|p1a: Yveltal|Oblivion Wing|p2a: Arceus\n|-damage|p2a: Arceus|68\/100\n|-heal|p1a: Yveltal|84\/100|[from] drain|[of] p2a: Arceus\n|-damage|p1a: Yveltal|74\/100|[from] item: Life Orb\n|\n|upkeep\n|turn|20\n|\n|t:|1698932212\n|move|p2a: Arceus|Foul Play|p1a: Yveltal\n|-resisted|p1a: Yveltal\n|-damage|p1a: Yveltal|43\/100\n|move|p1a: Yveltal|Oblivion Wing|p2a: Arceus\n|-damage|p2a: Arceus|32\/100\n|-heal|p1a: Yveltal|73\/100|[from] drain|[of] p2a: Arceus\n|-damage|p1a: Yveltal|63\/100|[from] item: Life Orb\n|\n|upkeep\n|turn|21\n|\n|t:|1698932222\n|move|p2a: Arceus|Recover|p2a: Arceus\n|-heal|p2a: Arceus|82\/100\n|move|p1a: Yveltal|Oblivion Wing|p2a: Arceus\n|-damage|p2a: Arceus|44\/100\n|-heal|p1a: Yveltal|96\/100|[from] drain|[of] p2a: Arceus\n|-damage|p1a: Yveltal|86\/100|[from] item: Life Orb\n|\n|upkeep\n|turn|22\n|\n|t:|1698932231\n|move|p2a: Arceus|Recover|p2a: Arceus\n|-heal|p2a: Arceus|94\/100\n|move|p1a: Yveltal|Oblivion Wing|p2a: Arceus\n|-damage|p2a: Arceus|58\/100\n|-heal|p1a: Yveltal|100\/100|[from] drain|[of] p2a: Arceus\n|-damage|p1a: Yveltal|91\/100|[from] item: Life Orb\n|\n|upkeep\n|turn|23\n|\n|t:|1698932240\n|move|p2a: Arceus|Toxic|p1a: Yveltal\n|-status|p1a: Yveltal|tox\n|move|p1a: Yveltal|Oblivion Wing|p2a: Arceus\n|-damage|p2a: Arceus|22\/100\n|-heal|p1a: Yveltal|100\/100 tox|[from] drain|[of] p2a: Arceus\n|-damage|p1a: Yveltal|91\/100 tox|[from] item: Life Orb\n|\n|-damage|p1a: Yveltal|84\/100 tox|[from] psn\n|upkeep\n|turn|24\n|\n|t:|1698932251\n|move|p2a: Arceus|Recover|p2a: Arceus\n|-heal|p2a: Arceus|72\/100\n|move|p1a: Yveltal|Oblivion Wing|p2a: Arceus\n|-damage|p2a: Arceus|33\/100\n|-heal|p1a: Yveltal|100\/100 tox|[from] drain|[of] p2a: Arceus\n|-damage|p1a: Yveltal|91\/100 tox|[from] item: Life Orb\n|\n|-damage|p1a: Yveltal|78\/100 tox|[from] psn\n|upkeep\n|turn|25\n|\n|t:|1698932262\n|move|p2a: Arceus|Recover|p2a: Arceus\n|-heal|p2a: Arceus|83\/100\n|move|p1a: Yveltal|Oblivion Wing|p2a: Arceus\n|-damage|p2a: Arceus|45\/100\n|-heal|p1a: Yveltal|100\/100 tox|[from] drain|[of] p2a: Arceus\n|-damage|p1a: Yveltal|91\/100 tox|[from] item: Life Orb\n|\n|-damage|p1a: Yveltal|72\/100 tox|[from] psn\n|upkeep\n|turn|26\n|\n|t:|1698932273\n|move|p2a: Arceus|Recover|p2a: Arceus\n|-heal|p2a: Arceus|95\/100\n|move|p1a: Yveltal|Oblivion Wing|p2a: Arceus\n|-damage|p2a: Arceus|57\/100\n|-heal|p1a: Yveltal|100\/100 tox|[from] drain|[of] p2a: Arceus\n|-damage|p1a: Yveltal|91\/100 tox|[from] item: Life Orb\n|\n|-damage|p1a: Yveltal|66\/100 tox|[from] psn\n|upkeep\n|turn|27\n|\n|t:|1698932286\n|move|p2a: Arceus|Foul Play|p1a: Yveltal\n|-resisted|p1a: Yveltal\n|-damage|p1a: Yveltal|33\/100 tox\n|move|p1a: Yveltal|Oblivion Wing|p2a: Arceus\n|-damage|p2a: Arceus|23\/100\n|-heal|p1a: Yveltal|62\/100 tox|[from] drain|[of] p2a: Arceus\n|-damage|p1a: Yveltal|52\/100 tox|[from] item: Life Orb\n|\n|-damage|p1a: Yveltal|22\/100 tox|[from] psn\n|upkeep\n|turn|28\n|\n|t:|1698932298\n|move|p2a: Arceus|Recover|p2a: Arceus\n|-heal|p2a: Arceus|73\/100\n|move|p1a: Yveltal|Oblivion Wing|p2a: Arceus\n|-damage|p2a: Arceus|39\/100\n|-heal|p1a: Yveltal|51\/100 tox|[from] drain|[of] p2a: Arceus\n|-damage|p1a: Yveltal|41\/100 tox|[from] item: Life Orb\n|\n|-damage|p1a: Yveltal|4\/100 tox|[from] psn\n|upkeep\n|turn|29\n|\n|t:|1698932309\n|move|p2a: Arceus|Recover|p2a: Arceus\n|-heal|p2a: Arceus|89\/100\n|move|p1a: Yveltal|Oblivion Wing|p2a: Arceus\n|-damage|p2a: Arceus|55\/100\n|-heal|p1a: Yveltal|33\/100 tox|[from] drain|[of] p2a: Arceus\n|-damage|p1a: Yveltal|23\/100 tox|[from] item: Life Orb\n|\n|-damage|p1a: Yveltal|0 fnt|[from] psn\n|faint|p1a: Yveltal\n|upkeep\n|\n|t:|1698932321\n|switch|p1a: Zacian|Zacian-Crowned|100\/100\n|-damage|p1a: Zacian|94\/100|[from] Stealth Rock\n|-ability|p1a: Zacian|Intrepid Sword|boost\n|-boost|p1a: Zacian|atk|1\n|turn|30\n|\n|t:|1698932327\n|-terastallize|p2a: Arceus|Poison\n|move|p1a: Zacian|Play Rough|p2a: Arceus\n|-resisted|p2a: Arceus\n|-damage|p2a: Arceus|28\/100\n|move|p2a: Arceus|Foul Play|p1a: Zacian\n|-resisted|p1a: Zacian\n|-damage|p1a: Zacian|50\/100\n|\n|upkeep\n|turn|31\n|\n|t:|1698932337\n|move|p1a: Zacian|Behemoth Blade|p2a: Arceus\n|-damage|p2a: Arceus|0 fnt\n|faint|p2a: Arceus\n|\n|upkeep\n|\n|t:|1698932340\n|switch|p2a: Ditto|Ditto, shiny|100\/100\n|-transform|p2a: Ditto|p1a: Zacian|[from] ability: Imposter\n|-ability|p2a: Ditto|Intrepid Sword|boost\n|-boost|p2a: Ditto|atk|1\n|turn|32\n|\n|t:|1698932347\n|move|p2a: Ditto|Behemoth Blade|p1a: Zacian\n|-damage|p1a: Zacian|0 fnt\n|faint|p1a: Zacian\n|\n|win|MommyMikuNakano\n|raw|cutdihacker's rating: 1503 &rarr; <strong>1497<\/strong><br \/>(-6 for losing)\n|raw|MommyMikuNakano's rating: 1808 &rarr; <strong>1814<\/strong><br \/>(+6 for winning)\n|l|\u2606cutdihacker\n|l|\u2606MommyMikuNakano\n","uploadtime":1698932367,"views":4,"p1id":"cutdihacker","p2id":"mommymikunakano","formatid":"gen9nationaldexubers","rating":1497,"private":0,"password":""}