{"id":"gen9nationaldexubers-1980267490","p1":"danielszy","p2":"VerduOsane","format":"[Gen 9] National Dex Ubers","log":"|j|\u2606danielszy\n|j|\u2606VerduOsane\n|t:|1698770950\n|gametype|singles\n|player|p1|danielszy|steven|1166\n|player|p2|VerduOsane|101|1234\n|teamsize|p1|5\n|teamsize|p2|6\n|gen|9\n|tier|[Gen 9] National Dex Ubers\n|rated|\n|rule|HP Percentage Mod: HP is shown in percentages\n|rule|Endless Battle Clause: Forcing endless battles is banned\n|rule|OHKO Clause: OHKO moves are banned\n|rule|Evasion Moves Clause: Evasion moves are banned\n|rule|Evasion Items Clause: Evasion items are banned\n|rule|Species Clause: Limit one of each Pok\u00e9mon\n|rule|Sleep Clause Mod: Limit one foe put to sleep\n|rule|Mega Rayquaza Clause: You cannot mega evolve Rayquaza\n|clearpoke\n|poke|p1|Blaziken, F|\n|poke|p1|Kyogre|\n|poke|p1|Blissey, F|\n|poke|p1|Zacian-*|\n|poke|p1|Chien-Pao|\n|poke|p2|Durant, M|\n|poke|p2|Meowscarada, F|\n|poke|p2|Iron Moth|\n|poke|p2|Hoopa|\n|poke|p2|Gliscor, F|\n|poke|p2|Kommo-o, M|\n|teampreview\n|\n|t:|1698770963\n|start\n|switch|p1a: Blaziken|Blaziken, F|100\/100\n|switch|p2a: Gliscor|Gliscor, F|100\/100\n|turn|1\n|\n|t:|1698770986\n|switch|p1a: Chien-Pao|Chien-Pao|100\/100\n|-ability|p1a: Chien-Pao|Sword of Ruin\n|move|p2a: Gliscor|Toxic Spikes|p1a: Chien-Pao\n|-sidestart|p1: danielszy|move: Toxic Spikes\n|\n|-status|p2a: Gliscor|tox|[from] item: Toxic Orb\n|upkeep\n|turn|2\n|\n|t:|1698771013\n|switch|p2a: Durant|Durant, M|100\/100\n|move|p1a: Chien-Pao|Ice Spinner|p2a: Durant\n|-resisted|p2a: Durant\n|-damage|p2a: Durant|67\/100\n|\n|upkeep\n|turn|3\n|\n|t:|1698771028\n|switch|p1a: Blaziken|Blaziken, F|100\/100\n|-status|p1a: Blaziken|psn\n|move|p2a: Durant|Iron Head|p1a: Blaziken\n|-resisted|p1a: Blaziken\n|-damage|p1a: Blaziken|58\/100 psn\n|\n|-damage|p1a: Blaziken|45\/100 psn|[from] psn\n|upkeep\n|turn|4\n|\n|t:|1698771044\n|switch|p2a: Gliscor|Gliscor, F|100\/100 tox\n|move|p1a: Blaziken|Blaze Kick|p2a: Gliscor\n|-damage|p2a: Gliscor|67\/100 tox\n|\n|-damage|p1a: Blaziken|33\/100 psn|[from] psn\n|-heal|p2a: Gliscor|79\/100 tox|[from] ability: Poison Heal\n|-ability|p1a: Blaziken|Speed Boost|boost\n|-boost|p1a: Blaziken|spe|1\n|upkeep\n|turn|5\n|\n|t:|1698771068\n|move|p1a: Blaziken|Close Combat|p2a: Gliscor\n|-resisted|p2a: Gliscor\n|-damage|p2a: Gliscor|56\/100 tox\n|-unboost|p1a: Blaziken|def|1\n|-unboost|p1a: Blaziken|spd|1\n|move|p2a: Gliscor|Toxic Spikes|p1a: Blaziken\n|-sidestart|p1: danielszy|move: Toxic Spikes\n|\n|-damage|p1a: Blaziken|21\/100 psn|[from] psn\n|-heal|p2a: Gliscor|68\/100 tox|[from] ability: Poison Heal\n|-ability|p1a: Blaziken|Speed Boost|boost\n|-boost|p1a: Blaziken|spe|1\n|upkeep\n|turn|6\n|\n|t:|1698771092\n|detailschange|p1a: Blaziken|Blaziken-Mega, F\n|-mega|p1a: Blaziken|Blaziken|Blazikenite\n|move|p1a: Blaziken|Thunder Punch|p2a: Gliscor\n|-immune|p2a: Gliscor\n|move|p2a: Gliscor|Spikes|p1a: Blaziken\n|-sidestart|p1: danielszy|Spikes\n|\n|-damage|p1a: Blaziken|8\/100 psn|[from] psn\n|-heal|p2a: Gliscor|80\/100 tox|[from] ability: Poison Heal\n|-ability|p1a: Blaziken|Speed Boost|boost\n|-boost|p1a: Blaziken|spe|1\n|upkeep\n|turn|7\n|\n|t:|1698771115\n|move|p1a: Blaziken|Close Combat|p2a: Gliscor\n|-resisted|p2a: Gliscor\n|-damage|p2a: Gliscor|52\/100 tox\n|-unboost|p1a: Blaziken|def|1\n|-unboost|p1a: Blaziken|spd|1\n|move|p2a: Gliscor|Spikes|p1a: Blaziken\n|-sidestart|p1: danielszy|Spikes\n|\n|-damage|p1a: Blaziken|0 fnt|[from] psn\n|faint|p1a: Blaziken\n|-heal|p2a: Gliscor|64\/100 tox|[from] ability: Poison Heal\n|upkeep\n|\n|t:|1698771129\n|switch|p1a: Chien-Pao|Chien-Pao|100\/100\n|-status|p1a: Chien-Pao|tox\n|-damage|p1a: Chien-Pao|84\/100 tox|[from] Spikes\n|-ability|p1a: Chien-Pao|Sword of Ruin\n|turn|8\n|\n|t:|1698771156\n|switch|p2a: Iron Moth|Iron Moth|100\/100\n|-enditem|p2a: Iron Moth|Booster Energy\n|-activate|p2a: Iron Moth|ability: Quark Drive|[fromitem]\n|-start|p2a: Iron Moth|quarkdrivespe\n|move|p1a: Chien-Pao|Ice Spinner|p2a: Iron Moth\n|-resisted|p2a: Iron Moth\n|-damage|p2a: Iron Moth|63\/100\n|\n|-heal|p1a: Chien-Pao|90\/100 tox|[from] item: Leftovers\n|-damage|p1a: Chien-Pao|84\/100 tox|[from] psn\n|upkeep\n|turn|9\n|\n|t:|1698771173\n|move|p2a: Iron Moth|Fiery Dance|p1a: Chien-Pao\n|-supereffective|p1a: Chien-Pao\n|-damage|p1a: Chien-Pao|0 fnt\n|-boost|p2a: Iron Moth|spa|1\n|faint|p1a: Chien-Pao\n|\n|upkeep\n|\n|t:|1698771185\n|switch|p1a: Kyogre|Kyogre, shiny|100\/100\n|-status|p1a: Kyogre|tox\n|-damage|p1a: Kyogre|84\/100 tox|[from] Spikes\n|detailschange|p1a: Kyogre|Kyogre-Primal, shiny\n|-primal|p1a: Kyogre|Blue Orb\n|-weather|PrimordialSea|[from] ability: Primordial Sea|[of] p1a: Kyogre\n|turn|10\n|\n|t:|1698771196\n|-terastallize|p2a: Iron Moth|Grass\n|move|p2a: Iron Moth|Energy Ball|p1a: Kyogre\n|-supereffective|p1a: Kyogre\n|-damage|p1a: Kyogre|11\/100 tox\n|move|p1a: Kyogre|Surf|p2a: Iron Moth\n|-resisted|p2a: Iron Moth\n|-crit|p2a: Iron Moth\n|-damage|p2a: Iron Moth|0 fnt\n|faint|p2a: Iron Moth\n|-end|p2a: Iron Moth|Quark Drive|[silent]\n|\n|-weather|PrimordialSea|[upkeep]\n|-damage|p1a: Kyogre|5\/100 tox|[from] psn\n|upkeep\n|\n|t:|1698771225\n|switch|p2a: Meowscarada|Meowscarada, F|100\/100\n|turn|11\n|\n|t:|1698771245\n|move|p2a: Meowscarada|Flower Trick|p1a: Kyogre\n|-start|p2a: Meowscarada|typechange|Grass|[from] ability: Protean\n|-supereffective|p1a: Kyogre\n|-crit|p1a: Kyogre\n|-damage|p1a: Kyogre|0 fnt\n|faint|p1a: Kyogre\n|-weather|none\n|\n|upkeep\n|\n|t:|1698771264\n|switch|p1a: Zacian|Zacian-Crowned, shiny|100\/100\n|-damage|p1a: Zacian|84\/100|[from] Spikes\n|-ability|p1a: Zacian|Intrepid Sword|boost\n|-boost|p1a: Zacian|atk|1\n|turn|12\n|\n|t:|1698771273\n|move|p1a: Zacian|Behemoth Blade|p2a: Meowscarada\n|-enditem|p2a: Meowscarada|Focus Sash\n|-damage|p2a: Meowscarada|1\/100\n|move|p2a: Meowscarada|Flower Trick|p1a: Zacian\n|-resisted|p1a: Zacian\n|-crit|p1a: Zacian\n|-damage|p1a: Zacian|61\/100\n|\n|upkeep\n|turn|13\n|\n|t:|1698771282\n|move|p1a: Zacian|Behemoth Blade|p2a: Meowscarada\n|-damage|p2a: Meowscarada|0 fnt\n|faint|p2a: Meowscarada\n|\n|upkeep\n|\n|t:|1698771284\n|switch|p2a: Gliscor|Gliscor, F|64\/100 tox\n|turn|14\n|\n|t:|1698771300\n|move|p1a: Zacian|Behemoth Blade|p2a: Gliscor\n|-crit|p2a: Gliscor\n|-damage|p2a: Gliscor|0 fnt\n|faint|p2a: Gliscor\n|\n|upkeep\n|c|\u2606VerduOsane|what the fuck..\n|\n|t:|1698771314\n|switch|p2a: Hoopa|Hoopa|100\/100\n|turn|15\n|\n|t:|1698771322\n|move|p1a: Zacian|Behemoth Blade|p2a: Hoopa\n|-damage|p2a: Hoopa|16\/100\n|move|p2a: Hoopa|Shadow Ball|p1a: Zacian\n|-damage|p1a: Zacian|23\/100\n|\n|upkeep\n|turn|16\n|\n|t:|1698771329\n|move|p1a: Zacian|Behemoth Blade|p2a: Hoopa\n|-damage|p2a: Hoopa|0 fnt\n|faint|p2a: Hoopa\n|\n|upkeep\n|\n|t:|1698771330\n|switch|p2a: Durant|Durant, M|67\/100\n|turn|17\n|\n|t:|1698771337\n|move|p1a: Zacian|Behemoth Blade|p2a: Durant\n|-resisted|p2a: Durant\n|-damage|p2a: Durant|16\/100\n|move|p2a: Durant|Iron Head|p1a: Zacian\n|-damage|p1a: Zacian|0 fnt\n|faint|p1a: Zacian\n|\n|upkeep\n|\n|t:|1698771348\n|switch|p1a: Blissey|Blissey, F|100\/100\n|-status|p1a: Blissey|tox\n|-damage|p1a: Blissey|84\/100 tox|[from] Spikes\n|turn|18\n|\n|t:|1698771360\n|move|p2a: Durant|Iron Head|p1a: Blissey\n|-damage|p1a: Blissey|0 fnt\n|faint|p1a: Blissey\n|\n|win|VerduOsane\n|raw|danielszy's rating: 1166 &rarr; <strong>1146<\/strong><br \/>(-20 for losing)\n|raw|VerduOsane's rating: 1234 &rarr; <strong>1254<\/strong><br \/>(+20 for winning)\n|l|\u2606danielszy\n","uploadtime":1698771368,"views":16,"p1id":"danielszy","p2id":"verduosane","formatid":"gen9nationaldexubers","rating":1146,"private":0,"password":""}