{"id":"gen9nationaldexubers-1986075752","p1":"Edras16","p2":"AlolanSandslashOU","format":"[Gen 9] National Dex Ubers","log":"|j|\u2606Edras16\n|j|\u2606AlolanSandslashOU\n|t:|1699447288\n|gametype|singles\n|player|p1|Edras16|steven|\n|player|p2|AlolanSandslashOU|volkner|\n|teamsize|p1|6\n|teamsize|p2|6\n|gen|9\n|tier|[Gen 9] National Dex Ubers\n|rule|HP Percentage Mod: HP is shown in percentages\n|rule|Endless Battle Clause: Forcing endless battles is banned\n|rule|OHKO Clause: OHKO moves are banned\n|rule|Evasion Moves Clause: Evasion moves are banned\n|rule|Evasion Items Clause: Evasion items are banned\n|rule|Species Clause: Limit one of each Pok\u00e9mon\n|rule|Sleep Clause Mod: Limit one foe put to sleep\n|rule|Mega Rayquaza Clause: You cannot mega evolve Rayquaza\n|clearpoke\n|poke|p1|Deoxys-Speed|\n|poke|p1|Tapu Lele|\n|poke|p1|Gallade, M|\n|poke|p1|Polteageist|\n|poke|p1|Victini|\n|poke|p1|Alakazam, F|\n|poke|p2|Sneasler, F|\n|poke|p2|Greninja-*, M|\n|poke|p2|Zapdos|\n|poke|p2|Iron Moth|\n|poke|p2|Kartana|\n|poke|p2|Great Tusk|\n|teampreview\n|inactive|Battle timer is ON: inactive players will automatically lose when time's up. (requested by Edras16)\n|c|\u2606Edras16|Glhf\n|c|\u2606AlolanSandslashOU|My greninja had hp ice over ice beam for some reason lol\n|\n|t:|1699447317\n|start\n|switch|p1a: Gallade|Gallade, M|100\/100\n|switch|p2a: Kartana|Kartana, shiny|100\/100\n|turn|1\n|\n|t:|1699447326\n|switch|p2a: Great Tusk|Great Tusk, shiny|100\/100\n|detailschange|p1a: Gallade|Gallade-Mega, M\n|-mega|p1a: Gallade|Gallade|Galladite\n|move|p1a: Gallade|Swords Dance|p1a: Gallade\n|-boost|p1a: Gallade|atk|2\n|\n|upkeep\n|turn|2\n|\n|t:|1699447333\n|move|p1a: Gallade|Zen Headbutt|p2a: Great Tusk\n|-supereffective|p2a: Great Tusk\n|-damage|p2a: Great Tusk|0 fnt\n|faint|p2a: Great Tusk\n|-end|p2a: Great Tusk|Protosynthesis|[silent]\n|\n|upkeep\n|\n|t:|1699447335\n|switch|p2a: Zapdos|Zapdos|100\/100\n|turn|3\n|\n|t:|1699447340\n|move|p1a: Gallade|Zen Headbutt|p2a: Zapdos\n|-damage|p2a: Zapdos|3\/100\n|cant|p2a: Zapdos|flinch\n|\n|-heal|p2a: Zapdos|9\/100|[from] item: Leftovers\n|upkeep\n|turn|4\n|\n|t:|1699447345\n|move|p1a: Gallade|Knock Off|p2a: Zapdos\n|-damage|p2a: Zapdos|0 fnt\n|-enditem|p2a: Zapdos|Leftovers|[from] move: Knock Off|[of] p1a: Gallade\n|faint|p2a: Zapdos\n|\n|upkeep\n|\n|t:|1699447348\n|switch|p2a: Greninja|Greninja, M|100\/100\n|turn|5\n|\n|t:|1699447351\n|-zpower|p2a: Greninja\n|move|p2a: Greninja|Black Hole Eclipse|p1a: Gallade|[zeffect]\n|-damage|p1a: Gallade|19\/100\n|move|p1a: Gallade|Close Combat|p2a: Greninja\n|-supereffective|p2a: Greninja\n|-damage|p2a: Greninja|0 fnt\n|-unboost|p1a: Gallade|def|1\n|-unboost|p1a: Gallade|spd|1\n|faint|p2a: Greninja\n|\n|upkeep\n|c|\u2606AlolanSandslashOU|YOU LIVED\n|c|\u2606AlolanSandslashOU|WHAT\n|\n|t:|1699447369\n|switch|p2a: Iron Moth|Iron Moth, shiny|100\/100\n|-enditem|p2a: Iron Moth|Booster Energy\n|-activate|p2a: Iron Moth|ability: Quark Drive|[fromitem]\n|-start|p2a: Iron Moth|quarkdrivespe\n|turn|6\n|\n|t:|1699447376\n|move|p2a: Iron Moth|Fiery Dance|p1a: Gallade\n|-damage|p1a: Gallade|0 fnt\n|faint|p1a: Gallade\n|\n|upkeep\n|\n|t:|1699447377\n|switch|p1a: Victini|Victini|100\/100\n|turn|7\n|\n|t:|1699447381\n|move|p2a: Iron Moth|Substitute|p2a: Iron Moth\n|-start|p2a: Iron Moth|Substitute\n|-damage|p2a: Iron Moth|76\/100\n|-zpower|p1a: Victini\n|move|p1a: Victini|Z-Celebrate|p1a: Victini|[anim]Celebrate\n|-boost|p1a: Victini|atk|1|[zeffect]\n|-boost|p1a: Victini|def|1|[zeffect]\n|-boost|p1a: Victini|spa|1|[zeffect]\n|-boost|p1a: Victini|spd|1|[zeffect]\n|-boost|p1a: Victini|spe|1|[zeffect]\n|-activate|p1a: Victini|move: Celebrate\n|\n|upkeep\n|turn|8\n|\n|t:|1699447390\n|move|p2a: Iron Moth|Sludge Wave|p1a: Victini\n|-damage|p1a: Victini|71\/100\n|-status|p1a: Victini|psn\n|move|p1a: Victini|Stored Power|p2a: Iron Moth\n|-supereffective|p2a: Iron Moth\n|-end|p2a: Iron Moth|Substitute\n|\n|-damage|p1a: Victini|58\/100 psn|[from] psn\n|upkeep\n|turn|9\n|\n|t:|1699447397\n|move|p2a: Iron Moth|Substitute|p2a: Iron Moth\n|-start|p2a: Iron Moth|Substitute\n|-damage|p2a: Iron Moth|51\/100\n|move|p1a: Victini|Stored Power|p2a: Iron Moth\n|-supereffective|p2a: Iron Moth\n|-end|p2a: Iron Moth|Substitute\n|\n|-damage|p1a: Victini|46\/100 psn|[from] psn\n|upkeep\n|turn|10\n|\n|t:|1699447406\n|move|p2a: Iron Moth|Substitute|p2a: Iron Moth\n|-start|p2a: Iron Moth|Substitute\n|-damage|p2a: Iron Moth|26\/100\n|move|p1a: Victini|Stored Power|p2a: Iron Moth\n|-supereffective|p2a: Iron Moth\n|-end|p2a: Iron Moth|Substitute\n|\n|-damage|p1a: Victini|34\/100 psn|[from] psn\n|upkeep\n|turn|11\n|\n|t:|1699447412\n|move|p2a: Iron Moth|Substitute|p2a: Iron Moth\n|-start|p2a: Iron Moth|Substitute\n|-damage|p2a: Iron Moth|1\/100\n|move|p1a: Victini|Stored Power|p2a: Iron Moth\n|-supereffective|p2a: Iron Moth\n|-end|p2a: Iron Moth|Substitute\n|\n|-damage|p1a: Victini|21\/100 psn|[from] psn\n|upkeep\n|turn|12\n|\n|t:|1699447417\n|move|p2a: Iron Moth|Sludge Wave|p1a: Victini\n|-damage|p1a: Victini|0 fnt\n|faint|p1a: Victini\n|\n|upkeep\n|\n|t:|1699447419\n|switch|p1a: Alakazam|Alakazam, F|100\/100\n|turn|13\n|\n|t:|1699447425\n|move|p1a: Alakazam|Expanding Force|p2a: Iron Moth\n|-supereffective|p2a: Iron Moth\n|-damage|p2a: Iron Moth|0 fnt\n|faint|p2a: Iron Moth\n|-end|p2a: Iron Moth|Quark Drive|[silent]\n|\n|upkeep\n|\n|t:|1699447428\n|switch|p2a: Kartana|Kartana, shiny|100\/100\n|turn|14\n|\n|t:|1699447432\n|switch|p1a: Deoxys|Deoxys-Speed|100\/100\n|-ability|p1a: Deoxys|Pressure\n|move|p2a: Kartana|Knock Off|p1a: Deoxys\n|-supereffective|p1a: Deoxys\n|-enditem|p1a: Deoxys|Focus Sash\n|-damage|p1a: Deoxys|1\/100\n|\n|upkeep\n|turn|15\n|\n|t:|1699447440\n|move|p2a: Kartana|Knock Off|p1a: Deoxys\n|-supereffective|p1a: Deoxys\n|-damage|p1a: Deoxys|0 fnt\n|faint|p1a: Deoxys\n|-ability|p2a: Kartana|Beast Boost|boost\n|-boost|p2a: Kartana|atk|1\n|\n|upkeep\n|\n|t:|1699447447\n|switch|p1a: Polteageist|Polteageist|100\/100\n|turn|16\n|\n|t:|1699447449\n|move|p2a: Kartana|Knock Off|p1a: Polteageist\n|-supereffective|p1a: Polteageist\n|-enditem|p1a: Polteageist|Focus Sash\n|-damage|p1a: Polteageist|1\/100\n|-ability|p1a: Polteageist|Weak Armor|boost\n|-unboost|p1a: Polteageist|def|1\n|-boost|p1a: Polteageist|spe|2\n|move|p1a: Polteageist|Shadow Ball|p2a: Kartana\n|-damage|p2a: Kartana|0 fnt\n|faint|p2a: Kartana\n|\n|upkeep\n|\n|t:|1699447452\n|switch|p2a: Sneasler|Sneasler, F|100\/100\n|turn|17\n|\n|t:|1699447456\n|move|p1a: Polteageist|Stored Power|p2a: Sneasler\n|-supereffective|p2a: Sneasler\n|-damage|p2a: Sneasler|0 fnt\n|faint|p2a: Sneasler\n|\n|win|Edras16\n|c|\u2606Edras16|Gg\n|c|\u2606AlolanSandslashOU|I use my gimmick pass\n|c|\u2606Edras16|Bruh\n|c|\u2606Edras16|Fine\n|c|\u2606AlolanSandslashOU|LMAO\n|l|\u2606AlolanSandslashOU\n","uploadtime":1699447493,"views":9,"p1id":"edras16","p2id":"alolansandslashou","formatid":"gen9nationaldexubers","rating":0,"private":0,"password":""}