{"id":"gen9nationaldexubers-1990666090","p1":"KJ.nyc","p2":"Domtendo40","format":"[Gen 9] National Dex Ubers","log":"|j|\u2606KJ.nyc\n|j|\u2606Domtendo40\n|t:|1699990053\n|gametype|singles\n|player|p1|KJ.nyc|hilbert|1163\n|player|p2|Domtendo40|102|1214\n|teamsize|p1|6\n|teamsize|p2|6\n|gen|9\n|tier|[Gen 9] National Dex Ubers\n|rated|\n|rule|HP Percentage Mod: HP is shown in percentages\n|rule|Endless Battle Clause: Forcing endless battles is banned\n|rule|OHKO Clause: OHKO moves are banned\n|rule|Evasion Moves Clause: Evasion moves are banned\n|rule|Evasion Items Clause: Evasion items are banned\n|rule|Species Clause: Limit one of each Pok\u00e9mon\n|rule|Sleep Clause Mod: Limit one foe put to sleep\n|rule|Mega Rayquaza Clause: You cannot mega evolve Rayquaza\n|clearpoke\n|poke|p1|Pikachu, M|\n|poke|p1|Dragonite, F|\n|poke|p1|Gengar, M|\n|poke|p1|Lucario, M|\n|poke|p1|Sirfetch\u2019d, M|\n|poke|p1|Dracovish|\n|poke|p2|Rotom-Wash|\n|poke|p2|Porygon-Z|\n|poke|p2|Azelf|\n|poke|p2|Bronzong|\n|poke|p2|Darkrai|\n|poke|p2|Giratina|\n|teampreview\n|inactive|Battle timer is ON: inactive players will automatically lose when time's up. (requested by KJ.nyc)\n|c|\u2606Domtendo40|asshhh\n|c|\u2606KJ.nyc|glhf\n|c|\u2606KJ.nyc|yea lol\n|\n|t:|1699990068\n|start\n|switch|p1a: Dracovish|Dracovish|100\/100\n|switch|p2a: Rotom|Rotom-Wash|100\/100\n|turn|1\n|j| seisantube\n|\n|t:|1699990081\n|move|p2a: Rotom|Thunderbolt|p1a: Dracovish\n|-damage|p1a: Dracovish|56\/100\n|move|p1a: Dracovish|Fishious Rend|p2a: Rotom\n|-resisted|p2a: Rotom\n|-damage|p2a: Rotom|46\/100\n|\n|upkeep\n|turn|2\n|\n|t:|1699990087\n|move|p2a: Rotom|Thunderbolt|p1a: Dracovish\n|-crit|p1a: Dracovish\n|-damage|p1a: Dracovish|0 fnt\n|faint|p1a: Dracovish\n|\n|upkeep\n|\n|t:|1699990092\n|switch|p1a: Pikachu|Pikachu, M|100\/100\n|turn|3\n|c|\u2606Domtendo40|niccee\n|\n|t:|1699990105\n|switch|p2a: Bronzong|Bronzong|100\/100\n|move|p1a: Pikachu|Volt Tackle|p2a: Bronzong\n|-damage|p2a: Bronzong|46\/100\n|-damage|p1a: Pikachu|73\/100|[from] Recoil\n|\n|-heal|p2a: Bronzong|52\/100|[from] item: Leftovers\n|upkeep\n|turn|4\n|\n|t:|1699990133\n|move|p1a: Pikachu|Volt Tackle|p2a: Bronzong\n|-damage|p2a: Bronzong|5\/100\n|-damage|p1a: Pikachu|49\/100|[from] Recoil\n|move|p2a: Bronzong|Trick Room|p2a: Bronzong\n|-fieldstart|move: Trick Room|[of] p2a: Bronzong\n|\n|-heal|p2a: Bronzong|12\/100|[from] item: Leftovers\n|upkeep\n|turn|5\n|\n|t:|1699990138\n|move|p2a: Bronzong|Earthquake|p1a: Pikachu\n|-supereffective|p1a: Pikachu\n|-damage|p1a: Pikachu|0 fnt\n|faint|p1a: Pikachu\n|\n|-heal|p2a: Bronzong|18\/100|[from] item: Leftovers\n|upkeep\n|\n|t:|1699990140\n|switch|p1a: Sirfetch\u2019d|Sirfetch\u2019d, M|100\/100\n|turn|6\n|\n|t:|1699990146\n|move|p1a: Sirfetch\u2019d|First Impression|p2a: Bronzong\n|-crit|p2a: Bronzong\n|-damage|p2a: Bronzong|0 fnt\n|faint|p2a: Bronzong\n|\n|upkeep\n|\n|t:|1699990164\n|switch|p2a: Rotom|Rotom-Wash|46\/100\n|turn|7\n|\n|t:|1699990171\n|move|p1a: Sirfetch\u2019d|Close Combat|p2a: Rotom\n|-crit|p2a: Rotom\n|-damage|p2a: Rotom|0 fnt\n|-unboost|p1a: Sirfetch\u2019d|def|1\n|-unboost|p1a: Sirfetch\u2019d|spd|1\n|faint|p2a: Rotom\n|\n|upkeep\n|\n|t:|1699990176\n|switch|p2a: Darkrai|Darkrai|100\/100\n|turn|8\n|\n|t:|1699990181\n|switch|p1a: Dragonite|Dragonite, F|100\/100\n|switch|p2a: Giratina|Giratina|100\/100\n|-ability|p2a: Giratina|Pressure\n|\n|-fieldend|move: Trick Room\n|upkeep\n|turn|9\n|\n|t:|1699990200\n|move|p2a: Giratina|Dragon Claw|p1a: Dragonite\n|-supereffective|p1a: Dragonite\n|-damage|p1a: Dragonite|51\/100\n|move|p1a: Dragonite|Dragon Claw|p2a: Giratina\n|-supereffective|p2a: Giratina\n|-damage|p2a: Giratina|42\/100\n|\n|-heal|p1a: Dragonite|57\/100|[from] item: Leftovers\n|upkeep\n|turn|10\n|\n|t:|1699990217\n|-terastallize|p1a: Dragonite|Steel\n|move|p2a: Giratina|Dragon Claw|p1a: Dragonite\n|-resisted|p1a: Dragonite\n|-damage|p1a: Dragonite|33\/100\n|move|p1a: Dragonite|Dragon Claw|p2a: Giratina\n|-supereffective|p2a: Giratina\n|-damage|p2a: Giratina|0 fnt\n|faint|p2a: Giratina\n|\n|-heal|p1a: Dragonite|39\/100|[from] item: Leftovers\n|upkeep\n|\n|t:|1699990239\n|switch|p2a: Azelf|Azelf|100\/100\n|turn|11\n|\n|t:|1699990245\n|move|p2a: Azelf|Flamethrower|p1a: Dragonite\n|-supereffective|p1a: Dragonite\n|-damage|p1a: Dragonite|0 fnt\n|faint|p1a: Dragonite\n|\n|upkeep\n|\n|t:|1699990250\n|switch|p1a: Sirfetch\u2019d|Sirfetch\u2019d, M|100\/100\n|turn|12\n|\n|t:|1699990255\n|move|p1a: Sirfetch\u2019d|First Impression|p2a: Azelf\n|-supereffective|p2a: Azelf\n|-damage|p2a: Azelf|0 fnt\n|faint|p2a: Azelf\n|\n|upkeep\n|\n|t:|1699990258\n|switch|p2a: Porygon-Z|Porygon-Z|100\/100\n|turn|13\n|\n|t:|1699990264\n|-zpower|p2a: Porygon-Z\n|move|p2a: Porygon-Z|Z-Conversion|p2a: Porygon-Z|[anim]Conversion\n|-boost|p2a: Porygon-Z|atk|1|[zeffect]\n|-boost|p2a: Porygon-Z|def|1|[zeffect]\n|-boost|p2a: Porygon-Z|spa|1|[zeffect]\n|-boost|p2a: Porygon-Z|spd|1|[zeffect]\n|-boost|p2a: Porygon-Z|spe|1|[zeffect]\n|-start|p2a: Porygon-Z|typechange|Electric\n|move|p1a: Sirfetch\u2019d|Close Combat|p2a: Porygon-Z\n|-damage|p2a: Porygon-Z|36\/100\n|-unboost|p1a: Sirfetch\u2019d|def|1\n|-unboost|p1a: Sirfetch\u2019d|spd|1\n|\n|upkeep\n|turn|14\n|\n|t:|1699990279\n|switch|p1a: Gengar|Gengar, M|100\/100\n|move|p2a: Porygon-Z|Thunderbolt|p1a: Gengar\n|-enditem|p1a: Gengar|Focus Sash\n|-damage|p1a: Gengar|1\/100\n|-start|p2a: Porygon-Z|Disable|Thunderbolt|[from] ability: Cursed Body|[of] p1a: Gengar\n|\n|upkeep\n|turn|15\n|\n|t:|1699990285\n|move|p2a: Porygon-Z|Shadow Ball|p1a: Gengar\n|-supereffective|p1a: Gengar\n|-damage|p1a: Gengar|0 fnt\n|faint|p1a: Gengar\n|\n|upkeep\n|\n|t:|1699990287\n|switch|p1a: Sirfetch\u2019d|Sirfetch\u2019d, M|100\/100\n|turn|16\n|\n|t:|1699990292\n|move|p1a: Sirfetch\u2019d|First Impression|p2a: Porygon-Z\n|-damage|p2a: Porygon-Z|0 fnt\n|faint|p2a: Porygon-Z\n|\n|upkeep\n|\n|t:|1699990294\n|switch|p2a: Darkrai|Darkrai|100\/100\n|turn|17\n|\n|t:|1699990300\n|switch|p1a: Lucario|Lucario, M|100\/100\n|-terastallize|p2a: Darkrai|Fairy\n|move|p2a: Darkrai|Hypnosis|p1a: Lucario|[miss]\n|-miss|p2a: Darkrai|p1a: Lucario\n|\n|upkeep\n|turn|18\n|\n|t:|1699990310\n|detailschange|p1a: Lucario|Lucario-Mega, M\n|-mega|p1a: Lucario|Lucario|Lucarionite\n|move|p2a: Darkrai|Hypnosis|p1a: Lucario|[miss]\n|-miss|p2a: Darkrai|p1a: Lucario\n|move|p1a: Lucario|Meteor Mash|p2a: Darkrai\n|-supereffective|p2a: Darkrai\n|-damage|p2a: Darkrai|0 fnt\n|faint|p2a: Darkrai\n|\n|win|KJ.nyc\n|raw|KJ.nyc's rating: 1163 &rarr; <strong>1192<\/strong><br \/>(+29 for winning)\n|raw|Domtendo40's rating: 1214 &rarr; <strong>1185<\/strong><br \/>(-29 for losing)\n|c|\u2606KJ.nyc|gg\n|l|\u2606Domtendo40\n","uploadtime":1699990321,"views":6,"p1id":"kjnyc","p2id":"domtendo40","formatid":"gen9nationaldexubers","rating":1185,"private":0,"password":""}