{"id":"gen9nationaldexubers-1995107866","p1":"Guj Genera","p2":"Disco 2003","format":"[Gen 9] National Dex Ubers","log":"|j|\u2606Guj Genera\n|j|\u2606Disco 2003\n|t:|1700523405\n|gametype|singles\n|player|p1|Guj Genera|red|\n|player|p2|Disco 2003|265|\n|teamsize|p1|6\n|teamsize|p2|6\n|gen|9\n|tier|[Gen 9] National Dex Ubers\n|rule|HP Percentage Mod: HP is shown in percentages\n|rule|Endless Battle Clause: Forcing endless battles is banned\n|rule|OHKO Clause: OHKO moves are banned\n|rule|Evasion Moves Clause: Evasion moves are banned\n|rule|Evasion Items Clause: Evasion items are banned\n|rule|Species Clause: Limit one of each Pok\u00e9mon\n|rule|Sleep Clause Mod: Limit one foe put to sleep\n|rule|Mega Rayquaza Clause: You cannot mega evolve Rayquaza\n|clearpoke\n|poke|p1|Muk-Alola, M|\n|poke|p1|Moltres-Galar|\n|poke|p1|Greninja-*, M|\n|poke|p1|Houndoom, F|\n|poke|p1|Meowscarada, M|\n|poke|p1|Hydreigon, F|\n|poke|p2|Torkoal, F|\n|poke|p2|Hatterene, F|\n|poke|p2|Great Tusk|\n|poke|p2|Dragonite, F|\n|poke|p2|Charizard, F|\n|poke|p2|Walking Wake|\n|teampreview\n|inactive|Battle timer is ON: inactive players will automatically lose when time's up. (requested by Guj Genera)\n|c|\u2606Guj Genera|glhf\n|c|\u2606Disco 2003|u2\n|c|\u2606Guj Genera|My original Dark team that I was gonna use\n|inactive|Disco 2003 has 270 seconds left.\n|c|\u2606Guj Genera|Lets see if it can cut it\n|\n|t:|1700523442\n|start\n|switch|p1a: Swades|Houndoom, F, shiny|100\/100\n|switch|p2a: Torkoal|Torkoal, F|100\/100\n|-weather|SunnyDay|[from] ability: Drought|[of] p2a: Torkoal\n|turn|1\n|\n|t:|1700523462\n|detailschange|p1a: Swades|Houndoom-Mega, F, shiny\n|-mega|p1a: Swades|Houndoom|Houndoominite\n|move|p1a: Swades|Dark Pulse|p2a: Torkoal\n|-damage|p2a: Torkoal|19\/100\n|move|p2a: Torkoal|Stealth Rock|p1a: Swades\n|-sidestart|p1: Guj Genera|move: Stealth Rock\n|\n|-weather|SunnyDay|[upkeep]\n|-damage|p1a: Swades|88\/100|[from] ability: Solar Power|[of] p1a: Swades\n|upkeep\n|turn|2\n|inactive|Disco 2003 has 270 seconds left.\n|\n|t:|1700523487\n|switch|p2a: Walking Wake|Walking Wake|100\/100\n|-activate|p2a: Walking Wake|ability: Protosynthesis\n|-start|p2a: Walking Wake|protosynthesisspe\n|move|p1a: Swades|Dark Pulse|p2a: Walking Wake\n|-damage|p2a: Walking Wake|19\/100\n|\n|-weather|SunnyDay|[upkeep]\n|-damage|p1a: Swades|76\/100|[from] ability: Solar Power|[of] p1a: Swades\n|upkeep\n|turn|3\n|\n|t:|1700523496\n|switch|p1a: Predator30|Hydreigon, F, shiny|100\/100\n|-damage|p1a: Predator30|88\/100|[from] Stealth Rock\n|move|p2a: Walking Wake|Hydro Steam|p1a: Predator30\n|-resisted|p1a: Predator30\n|-damage|p1a: Predator30|32\/100\n|\n|-weather|SunnyDay|[upkeep]\n|-heal|p1a: Predator30|38\/100|[from] item: Leftovers\n|upkeep\n|turn|4\n|\n|t:|1700523501\n|move|p2a: Walking Wake|Hydro Steam|p1a: Predator30\n|-resisted|p1a: Predator30\n|-damage|p1a: Predator30|0 fnt\n|faint|p1a: Predator30\n|\n|-weather|SunnyDay|[upkeep]\n|upkeep\n|\n|t:|1700523506\n|switch|p1a: USE YOUR ILLUSION|Meowscarada, M|100\/100\n|-damage|p1a: USE YOUR ILLUSION|88\/100|[from] Stealth Rock\n|turn|5\n|\n|t:|1700523512\n|move|p2a: Walking Wake|Hydro Steam|p1a: USE YOUR ILLUSION\n|-resisted|p1a: USE YOUR ILLUSION\n|-damage|p1a: USE YOUR ILLUSION|20\/100\n|move|p1a: USE YOUR ILLUSION|Flower Trick|p2a: Walking Wake\n|-start|p1a: USE YOUR ILLUSION|typechange|Grass|[from] ability: Protean\n|-crit|p2a: Walking Wake\n|-damage|p2a: Walking Wake|0 fnt\n|faint|p2a: Walking Wake\n|-end|p2a: Walking Wake|Protosynthesis|[silent]\n|\n|-weather|SunnyDay|[upkeep]\n|upkeep\n|\n|t:|1700523518\n|switch|p2a: Charizard|Charizard, F|100\/100\n|turn|6\n|\n|t:|1700523522\n|detailschange|p2a: Charizard|Charizard-Mega-X, F\n|-mega|p2a: Charizard|Charizard|Charizardite X\n|move|p1a: USE YOUR ILLUSION|Flower Trick|p2a: Charizard\n|-resisted|p2a: Charizard\n|-crit|p2a: Charizard\n|-damage|p2a: Charizard|82\/100\n|move|p2a: Charizard|Dragon Dance|p2a: Charizard\n|-boost|p2a: Charizard|atk|1\n|-boost|p2a: Charizard|spe|1\n|\n|-weather|SunnyDay|[upkeep]\n|upkeep\n|turn|7\n|\n|t:|1700523527\n|move|p2a: Charizard|Dragon Dance|p2a: Charizard\n|-boost|p2a: Charizard|atk|1\n|-boost|p2a: Charizard|spe|1\n|move|p1a: USE YOUR ILLUSION|Flower Trick|p2a: Charizard\n|-resisted|p2a: Charizard\n|-crit|p2a: Charizard\n|-damage|p2a: Charizard|63\/100\n|\n|-weather|SunnyDay|[upkeep]\n|upkeep\n|turn|8\n|\n|t:|1700523532\n|move|p2a: Charizard|Roost|p2a: Charizard\n|-heal|p2a: Charizard|100\/100\n|-singleturn|p2a: Charizard|move: Roost\n|move|p1a: USE YOUR ILLUSION|Flower Trick|p2a: Charizard\n|-resisted|p2a: Charizard\n|-crit|p2a: Charizard\n|-damage|p2a: Charizard|83\/100\n|\n|-weather|none\n|upkeep\n|turn|9\n|\n|t:|1700523535\n|move|p2a: Charizard|Dragon Dance|p2a: Charizard\n|-boost|p2a: Charizard|atk|1\n|-boost|p2a: Charizard|spe|1\n|move|p1a: USE YOUR ILLUSION|Flower Trick|p2a: Charizard\n|-resisted|p2a: Charizard\n|-crit|p2a: Charizard\n|-damage|p2a: Charizard|64\/100\n|\n|upkeep\n|turn|10\n|\n|t:|1700523538\n|move|p2a: Charizard|Roost|p2a: Charizard\n|-heal|p2a: Charizard|100\/100\n|-singleturn|p2a: Charizard|move: Roost\n|move|p1a: USE YOUR ILLUSION|Flower Trick|p2a: Charizard\n|-resisted|p2a: Charizard\n|-crit|p2a: Charizard\n|-damage|p2a: Charizard|81\/100\n|\n|upkeep\n|turn|11\n|\n|t:|1700523544\n|move|p2a: Charizard|Dragon Dance|p2a: Charizard\n|-boost|p2a: Charizard|atk|1\n|-boost|p2a: Charizard|spe|1\n|move|p1a: USE YOUR ILLUSION|Flower Trick|p2a: Charizard\n|-resisted|p2a: Charizard\n|-crit|p2a: Charizard\n|-damage|p2a: Charizard|61\/100\n|\n|upkeep\n|turn|12\n|\n|t:|1700523547\n|move|p2a: Charizard|Roost|p2a: Charizard\n|-heal|p2a: Charizard|100\/100\n|-singleturn|p2a: Charizard|move: Roost\n|move|p1a: USE YOUR ILLUSION|Flower Trick|p2a: Charizard\n|-resisted|p2a: Charizard\n|-crit|p2a: Charizard\n|-damage|p2a: Charizard|81\/100\n|\n|upkeep\n|turn|13\n|\n|t:|1700523551\n|move|p2a: Charizard|Earthquake|p1a: USE YOUR ILLUSION\n|-resisted|p1a: USE YOUR ILLUSION\n|-damage|p1a: USE YOUR ILLUSION|0 fnt\n|faint|p1a: USE YOUR ILLUSION\n|\n|upkeep\n|\n|t:|1700523554\n|switch|p1a: Satoshi|Greninja, M|100\/100\n|-damage|p1a: Satoshi|88\/100|[from] Stealth Rock\n|turn|14\n|\n|t:|1700523556\n|move|p1a: Satoshi|Water Shuriken|p2a: Charizard\n|-damage|p2a: Charizard|72\/100\n|-damage|p2a: Charizard|62\/100\n|-damage|p2a: Charizard|54\/100\n|-hitcount|p2a: Charizard|3\n|move|p2a: Charizard|Earthquake|p1a: Satoshi\n|-damage|p1a: Satoshi|0 fnt\n|faint|p1a: Satoshi\n|\n|upkeep\n|\n|t:|1700523564\n|switch|p1a: The Mantres|Moltres-Galar, shiny|100\/100\n|-damage|p1a: The Mantres|76\/100|[from] Stealth Rock\n|turn|15\n|\n|t:|1700523568\n|move|p2a: Charizard|Flare Blitz|p1a: The Mantres\n|-damage|p1a: The Mantres|0 fnt\n|faint|p1a: The Mantres\n|-damage|p2a: Charizard|27\/100|[from] Recoil\n|\n|upkeep\n|\n|t:|1700523572\n|switch|p1a: Eggplant|Muk-Alola, M, shiny|100\/100\n|-damage|p1a: Eggplant|88\/100|[from] Stealth Rock\n|turn|16\n|\n|t:|1700523576\n|move|p2a: Charizard|Earthquake|p1a: Eggplant\n|-supereffective|p1a: Eggplant\n|-damage|p1a: Eggplant|0 fnt\n|faint|p1a: Eggplant\n|\n|upkeep\n|\n|t:|1700523579\n|switch|p1a: Swades|Houndoom-Mega, F, shiny|76\/100\n|-damage|p1a: Swades|51\/100|[from] Stealth Rock\n|turn|17\n|\n|t:|1700523581\n|move|p2a: Charizard|Earthquake|p1a: Swades\n|-supereffective|p1a: Swades\n|-damage|p1a: Swades|0 fnt\n|faint|p1a: Swades\n|\n|win|Disco 2003\n|c|\u2606Guj Genera|gg\n|c|\u2606Disco 2003|gg\n","uploadtime":1700523587,"views":14,"p1id":"gujgenera","p2id":"disco2003","formatid":"gen9nationaldexubers","rating":0,"private":0,"password":""}