{"id":"gen9nationaldexubers-1995117711","p1":"ColdSobaNoodle","p2":"Gran gran","format":"[Gen 9] National Dex Ubers","log":"|j|\u2606ColdSobaNoodle\n|j|\u2606Gran gran\n|t:|1700524502\n|gametype|singles\n|player|p1|ColdSobaNoodle|cynthia|\n|player|p2|Gran gran|101|\n|teamsize|p1|6\n|teamsize|p2|6\n|gen|9\n|tier|[Gen 9] National Dex Ubers\n|rule|HP Percentage Mod: HP is shown in percentages\n|rule|Endless Battle Clause: Forcing endless battles is banned\n|rule|OHKO Clause: OHKO moves are banned\n|rule|Evasion Moves Clause: Evasion moves are banned\n|rule|Evasion Items Clause: Evasion items are banned\n|rule|Species Clause: Limit one of each Pok\u00e9mon\n|rule|Sleep Clause Mod: Limit one foe put to sleep\n|rule|Mega Rayquaza Clause: You cannot mega evolve Rayquaza\n|clearpoke\n|poke|p1|Dachsbun, F|\n|poke|p1|Zygarde-10%|\n|poke|p1|Banette, M|\n|poke|p1|Ninetales-Alola, M|\n|poke|p1|Corviknight, F|\n|poke|p1|Arctozolt|\n|poke|p2|Blaziken, F|\n|poke|p2|Nidoking, M|\n|poke|p2|Chansey, F|\n|poke|p2|Gastrodon, M|\n|poke|p2|Rillaboom, M|\n|poke|p2|Skarmory, F|\n|teampreview\n|j| Lunar Sloth\n|j| m444rf\n|j| Demolution545\n|j| Smackey_5\n|c| Demolution545|first\n|j| VoIteon\n|j| MiniBearGrahams\n|inactive|Battle timer is ON: inactive players will automatically lose when time's up. (requested by ColdSobaNoodle)\n|c| VoIteon|last\n|\n|t:|1700524578\n|start\n|switch|p1a: \u7a32\u8377|Ninetales-Alola, M, shiny|100\/100\n|switch|p2a: Blaziken|Blaziken, F|100\/100\n|-weather|Snow|[from] ability: Snow Warning|[of] p1a: \u7a32\u8377\n|turn|1\n|c| Lunar Sloth|last\n|c| VoIteon|fuk bewat me too it\n|\n|t:|1700524590\n|switch|p1a: Munchies|Dachsbun, F|100\/100\n|detailschange|p2a: Blaziken|Blaziken-Mega, F\n|-mega|p2a: Blaziken|Blaziken|Blazikenite\n|move|p2a: Blaziken|Protect||[still]\n|-fail|p2a: Blaziken\n|\n|-weather|Snow|[upkeep]\n|-ability|p2a: Blaziken|Speed Boost|boost\n|-boost|p2a: Blaziken|spe|1\n|upkeep\n|turn|2\n|\n|t:|1700524612\n|switch|p2a: Skarmory|Skarmory, F|100\/100\n|move|p1a: Munchies|Yawn|p2a: Skarmory\n|-start|p2a: Skarmory|move: Yawn|[of] p1a: Munchies\n|\n|-weather|Snow|[upkeep]\n|upkeep\n|turn|3\n|\n|t:|1700524636\n|switch|p1a: Chic Fil A|Arctozolt, shiny|100\/100\n|switch|p2a: Chansey|Chansey, F|100\/100\n|\n|-weather|Snow|[upkeep]\n|upkeep\n|turn|4\n|inactive|Gran gran has 270 seconds left.\n|inactive|Gran gran has 240 seconds left.\n|\n|t:|1700524714\n|move|p1a: Chic Fil A|Substitute|p1a: Chic Fil A\n|-start|p1a: Chic Fil A|Substitute\n|-damage|p1a: Chic Fil A|76\/100\n|move|p2a: Chansey|Teleport|p2a: Chansey\n|inactive|Gran gran has 210 seconds left.\n|inactive|Gran gran has 180 seconds left.\n|\n|t:|1700524764\n|switch|p2a: Gastrodon|Gastrodon, M|100\/100|[from] Teleport\n|\n|-weather|Snow|[upkeep]\n|upkeep\n|turn|5\n|inactive|Gran gran has 180 seconds left.\n|\n|t:|1700524770\n|-terastallize|p2a: Gastrodon|Fire\n|move|p1a: Chic Fil A|Freeze-Dry|p2a: Gastrodon\n|-resisted|p2a: Gastrodon\n|-damage|p2a: Gastrodon|90\/100\n|move|p2a: Gastrodon|Earth Power|p1a: Chic Fil A\n|-supereffective|p1a: Chic Fil A\n|-end|p1a: Chic Fil A|Substitute\n|\n|-weather|Snow|[upkeep]\n|-heal|p2a: Gastrodon|96\/100|[from] item: Leftovers\n|upkeep\n|turn|6\n|\n|t:|1700524778\n|move|p1a: Chic Fil A|Substitute|p1a: Chic Fil A\n|-start|p1a: Chic Fil A|Substitute\n|-damage|p1a: Chic Fil A|51\/100\n|move|p2a: Gastrodon|Scald|p1a: Chic Fil A\n|-end|p1a: Chic Fil A|Substitute\n|\n|-weather|Snow|[upkeep]\n|-heal|p2a: Gastrodon|100\/100|[from] item: Leftovers\n|upkeep\n|turn|7\n|\n|t:|1700524781\n|move|p1a: Chic Fil A|Bolt Beak|p2a: Gastrodon\n|-damage|p2a: Gastrodon|58\/100\n|move|p2a: Gastrodon|Scald|p1a: Chic Fil A\n|-damage|p1a: Chic Fil A|24\/100\n|\n|-weather|Snow|[upkeep]\n|-heal|p2a: Gastrodon|64\/100|[from] item: Leftovers\n|upkeep\n|turn|8\n|\n|t:|1700524792\n|switch|p1a: \u7a32\u8377|Ninetales-Alola, M, shiny|100\/100\n|move|p2a: Gastrodon|Scald|p1a: \u7a32\u8377\n|-damage|p1a: \u7a32\u8377|68\/100\n|\n|-weather|none\n|-heal|p2a: Gastrodon|70\/100|[from] item: Leftovers\n|upkeep\n|turn|9\n|inactive|Gran gran has 210 seconds left.\n|\n|t:|1700524807\n|switch|p1a: Munchies|Dachsbun, F|100\/100\n|switch|p2a: Skarmory|Skarmory, F|100\/100\n|\n|upkeep\n|turn|10\n|j| Czar_agon\n|inactive|ColdSobaNoodle has 270 seconds left.\n|\n|t:|1700524858\n|switch|p2a: Nidoking|Nidoking, M|100\/100\n|move|p1a: Munchies|Yawn|p2a: Nidoking\n|-start|p2a: Nidoking|move: Yawn|[of] p1a: Munchies\n|\n|upkeep\n|turn|11\n|inactive|ColdSobaNoodle has 240 seconds left.\n|\n|t:|1700524900\n|switch|p2a: Chansey|Chansey, F|100\/100\n|-terastallize|p1a: Munchies|Poison\n|move|p1a: Munchies|Wish|p1a: Munchies\n|\n|upkeep\n|turn|12\n|\n|t:|1700524906\n|move|p1a: Munchies|Body Press|p2a: Chansey\n|-supereffective|p2a: Chansey\n|-damage|p2a: Chansey|62\/100\n|move|p2a: Chansey|Teleport|p2a: Chansey\n|\n|t:|1700524913\n|switch|p2a: Nidoking|Nidoking, M|100\/100|[from] Teleport\n|\n|upkeep\n|turn|13\n|inactive|ColdSobaNoodle has 240 seconds left.\n|\n|t:|1700524921\n|switch|p1a: Zeppelin|Corviknight, F|100\/100\n|-ability|p1a: Zeppelin|Pressure\n|move|p2a: Nidoking|Flamethrower|p1a: Zeppelin\n|-supereffective|p1a: Zeppelin\n|-damage|p1a: Zeppelin|27\/100\n|\n|upkeep\n|turn|14\n|\n|t:|1700524927\n|switch|p1a: Munchies|Dachsbun, F, tera:Poison|100\/100\n|move|p2a: Nidoking|Flamethrower|p1a: Munchies\n|-ability|p1a: Munchies|Well-Baked Body|boost\n|-boost|p1a: Munchies|def|2\n|\n|upkeep\n|turn|15\n|\n|t:|1700524954\n|move|p2a: Nidoking|Earth Power|p1a: Munchies\n|-supereffective|p1a: Munchies\n|-damage|p1a: Munchies|0 fnt\n|faint|p1a: Munchies\n|\n|upkeep\n|\n|t:|1700524957\n|switch|p1a: Jax|Zygarde-10%, shiny|100\/100\n|-ability|p1a: Jax|Aura Break\n|turn|16\n|inactive|Gran gran has 210 seconds left.\n|\n|t:|1700525003\n|switch|p2a: Chansey|Chansey, F|62\/100\n|move|p1a: Jax|Thousand Arrows|p2a: Chansey\n|-damage|p2a: Chansey|27\/100\n|\n|upkeep\n|turn|17\n|\n|t:|1700525013\n|switch|p2a: Rillaboom|Rillaboom, M|100\/100\n|-fieldstart|move: Grassy Terrain|[from] ability: Grassy Surge|[of] p2a: Rillaboom\n|move|p1a: Jax|Dragon Dance|p1a: Jax\n|-boost|p1a: Jax|atk|1\n|-boost|p1a: Jax|spe|1\n|\n|upkeep\n|turn|18\n|inactive|Gran gran has 180 seconds left.\n|inactive|ColdSobaNoodle has 240 seconds left.\n|\n|t:|1700525064\n|switch|p1a: Zeppelin|Corviknight, F|27\/100\n|-ability|p1a: Zeppelin|Pressure\n|move|p2a: Rillaboom|Grassy Glide|p1a: Zeppelin\n|-resisted|p1a: Zeppelin\n|-damage|p1a: Zeppelin|18\/100\n|-damage|p2a: Rillaboom|84\/100|[from] item: Rocky Helmet|[of] p1a: Zeppelin\n|\n|-heal|p2a: Rillaboom|90\/100|[from] Grassy Terrain\n|upkeep\n|turn|19\n|\n|t:|1700525069\n|switch|p2a: Nidoking|Nidoking, M|100\/100\n|move|p1a: Zeppelin|U-turn|p2a: Nidoking\n|-resisted|p2a: Nidoking\n|-damage|p2a: Nidoking|90\/100\n|\n|t:|1700525074\n|switch|p1a: Jax|Zygarde-10%, shiny|100\/100|[from] U-turn\n|-ability|p1a: Jax|Aura Break\n|\n|-heal|p2a: Nidoking|96\/100|[from] Grassy Terrain\n|upkeep\n|turn|20\n|inactive|Gran gran has 180 seconds left.\n|\n|t:|1700525110\n|switch|p2a: Rillaboom|Rillaboom, M|90\/100\n|move|p1a: Jax|Thousand Arrows|p2a: Rillaboom\n|-resisted|p2a: Rillaboom\n|-crit|p2a: Rillaboom\n|-damage|p2a: Rillaboom|48\/100\n|\n|-heal|p2a: Rillaboom|54\/100|[from] Grassy Terrain\n|upkeep\n|turn|21\n|inactive|ColdSobaNoodle has 240 seconds left.\n|\n|t:|1700525146\n|switch|p1a: Zeppelin|Corviknight, F|18\/100\n|-ability|p1a: Zeppelin|Pressure\n|move|p2a: Rillaboom|Grassy Glide|p1a: Zeppelin\n|-resisted|p1a: Zeppelin\n|-damage|p1a: Zeppelin|10\/100\n|-damage|p2a: Rillaboom|38\/100|[from] item: Rocky Helmet|[of] p1a: Zeppelin\n|\n|-heal|p2a: Rillaboom|44\/100|[from] Grassy Terrain\n|-fieldend|move: Grassy Terrain\n|upkeep\n|turn|22\n|\n|t:|1700525152\n|move|p2a: Rillaboom|Grassy Glide|p1a: Zeppelin\n|-resisted|p1a: Zeppelin\n|-damage|p1a: Zeppelin|4\/100\n|-damage|p2a: Rillaboom|28\/100|[from] item: Rocky Helmet|[of] p1a: Zeppelin\n|move|p1a: Zeppelin|U-turn|p2a: Rillaboom\n|-supereffective|p2a: Rillaboom\n|-damage|p2a: Rillaboom|0 fnt\n|faint|p2a: Rillaboom\n|\n|t:|1700525161\n|switch|p1a: Oogie Boogie|Banette, M, shiny|100\/100|[from] U-turn\n|\n|upkeep\n|\n|t:|1700525180\n|switch|p2a: Gastrodon|Gastrodon, M, tera:Fire|70\/100\n|turn|23\n|\n|t:|1700525192\n|detailschange|p1a: Oogie Boogie|Banette-Mega, M, shiny\n|-mega|p1a: Oogie Boogie|Banette|Banettite\n|move|p1a: Oogie Boogie|Knock Off|p2a: Gastrodon\n|-damage|p2a: Gastrodon|39\/100\n|-enditem|p2a: Gastrodon|Leftovers|[from] move: Knock Off|[of] p1a: Oogie Boogie\n|move|p2a: Gastrodon|Toxic|p1a: Oogie Boogie\n|-status|p1a: Oogie Boogie|tox\n|\n|-damage|p1a: Oogie Boogie|94\/100 tox|[from] psn\n|upkeep\n|turn|24\n|\n|t:|1700525205\n|switch|p1a: \u7a32\u8377|Ninetales-Alola, M, shiny|68\/100\n|-weather|Snow|[from] ability: Snow Warning|[of] p1a: \u7a32\u8377\n|move|p2a: Gastrodon|Recover|p2a: Gastrodon\n|-heal|p2a: Gastrodon|89\/100\n|\n|-weather|Snow|[upkeep]\n|upkeep\n|turn|25\n|\n|t:|1700525222\n|move|p1a: \u7a32\u8377|Heal Bell|p1a: \u7a32\u8377\n|-activate|p1a: \u7a32\u8377|move: Heal Bell\n|-curestatus|p1: Oogie Boogie|tox|[msg]\n|move|p2a: Gastrodon|Scald|p1a: \u7a32\u8377\n|-damage|p1a: \u7a32\u8377|37\/100\n|-status|p1a: \u7a32\u8377|brn\n|\n|-weather|Snow|[upkeep]\n|-damage|p1a: \u7a32\u8377|32\/100 brn|[from] brn\n|upkeep\n|turn|26\n|\n|t:|1700525235\n|switch|p1a: Jax|Zygarde-10%, shiny|100\/100\n|-ability|p1a: Jax|Aura Break\n|move|p2a: Gastrodon|Scald|p1a: Jax\n|-damage|p1a: Jax|58\/100\n|\n|-weather|Snow|[upkeep]\n|upkeep\n|turn|27\n|inactive|Gran gran has 180 seconds left.\n|\n|t:|1700525266\n|move|p1a: Jax|Thousand Arrows|p2a: Gastrodon\n|-supereffective|p2a: Gastrodon\n|-damage|p2a: Gastrodon|8\/100\n|move|p2a: Gastrodon|Scald|p1a: Jax\n|-crit|p1a: Jax\n|-damage|p1a: Jax|0 fnt\n|faint|p1a: Jax\n|\n|-weather|Snow|[upkeep]\n|upkeep\n|inactive|ColdSobaNoodle has 240 seconds left.\n|c|\u2606ColdSobaNoodle|ahhh noo the critt\n|c|\u2606ColdSobaNoodle|ah well\n|\n|t:|1700525284\n|switch|p1a: Chic Fil A|Arctozolt, shiny|24\/100\n|turn|28\n|inactive|Gran gran has 180 seconds left.\n|c| Demolution545|lol\n|c|\u2606ColdSobaNoodle|No man has control over the tides of RNGsus\n|\n|t:|1700525313\n|move|p1a: Chic Fil A|Bolt Beak|p2a: Gastrodon\n|-damage|p2a: Gastrodon|0 fnt\n|faint|p2a: Gastrodon\n|\n|-weather|Snow|[upkeep]\n|upkeep\n|\n|t:|1700525321\n|switch|p2a: Blaziken|Blaziken-Mega, F|100\/100\n|turn|29\n|inactive|ColdSobaNoodle has 240 seconds left.\n|\n|t:|1700525333\n|switch|p1a: Oogie Boogie|Banette-Mega, M, shiny|94\/100\n|move|p2a: Blaziken|Protect||[still]\n|-fail|p2a: Blaziken\n|\n|-weather|Snow|[upkeep]\n|-ability|p2a: Blaziken|Speed Boost|boost\n|-boost|p2a: Blaziken|spe|1\n|upkeep\n|turn|30\n|\n|t:|1700525341\n|switch|p2a: Skarmory|Skarmory, F|100\/100\n|move|p1a: Oogie Boogie|Destiny Bond|p1a: Oogie Boogie\n|-singlemove|p1a: Oogie Boogie|Destiny Bond\n|\n|-weather|Snow|[upkeep]\n|upkeep\n|turn|31\n|inactive|Gran gran has 180 seconds left.\n|\n|t:|1700525347\n|move|p1a: Oogie Boogie|Knock Off|p2a: Skarmory\n|-damage|p2a: Skarmory|65\/100\n|-enditem|p2a: Skarmory|Leftovers|[from] move: Knock Off|[of] p1a: Oogie Boogie\n|move|p2a: Skarmory|Iron Head|p1a: Oogie Boogie\n|-damage|p1a: Oogie Boogie|66\/100\n|\n|-weather|none\n|upkeep\n|turn|32\n|\n|t:|1700525356\n|move|p1a: Oogie Boogie|Shadow Claw|p2a: Skarmory\n|-damage|p2a: Skarmory|30\/100\n|move|p2a: Skarmory|Roost|p2a: Skarmory\n|-heal|p2a: Skarmory|80\/100\n|-singleturn|p2a: Skarmory|move: Roost\n|\n|upkeep\n|turn|33\n|\n|t:|1700525360\n|move|p1a: Oogie Boogie|Shadow Claw|p2a: Skarmory\n|-crit|p2a: Skarmory\n|-damage|p2a: Skarmory|25\/100\n|move|p2a: Skarmory|Iron Head|p1a: Oogie Boogie\n|-damage|p1a: Oogie Boogie|39\/100\n|\n|upkeep\n|turn|34\n|\n|t:|1700525369\n|move|p1a: Oogie Boogie|Shadow Claw|p2a: Skarmory\n|-crit|p2a: Skarmory\n|-damage|p2a: Skarmory|0 fnt\n|faint|p2a: Skarmory\n|\n|upkeep\n|\n|t:|1700525388\n|switch|p2a: Chansey|Chansey, F|27\/100\n|turn|35\n|inactive|Gran gran has 180 seconds left.\n|\n|t:|1700525425\n|switch|p1a: \u7a32\u8377|Ninetales-Alola, M, shiny|32\/100 brn\n|-weather|Snow|[from] ability: Snow Warning|[of] p1a: \u7a32\u8377\n|move|p2a: Chansey|Soft-Boiled|p2a: Chansey\n|-heal|p2a: Chansey|77\/100\n|\n|-weather|Snow|[upkeep]\n|-damage|p1a: \u7a32\u8377|26\/100 brn|[from] brn\n|upkeep\n|turn|36\n|inactive|Gran gran has 180 seconds left.\n|inactive|ColdSobaNoodle has 270 seconds left.\n|\n|t:|1700525451\n|move|p1a: \u7a32\u8377|Aurora Veil|p1a: \u7a32\u8377\n|-sidestart|p1: ColdSobaNoodle|move: Aurora Veil\n|move|p2a: Chansey|Teleport|p2a: Chansey\n|\n|t:|1700525454\n|switch|p2a: Blaziken|Blaziken-Mega, F|100\/100|[from] Teleport\n|\n|-weather|Snow|[upkeep]\n|-damage|p1a: \u7a32\u8377|20\/100 brn|[from] brn\n|upkeep\n|turn|37\n|inactive|Gran gran has 180 seconds left.\n|\n|t:|1700525462\n|switch|p1a: Oogie Boogie|Banette-Mega, M, shiny|39\/100\n|move|p2a: Blaziken|Protect||[still]\n|-fail|p2a: Blaziken\n|\n|-weather|Snow|[upkeep]\n|-ability|p2a: Blaziken|Speed Boost|boost\n|-boost|p2a: Blaziken|spe|1\n|upkeep\n|turn|38\n|\n|t:|1700525468\n|move|p2a: Blaziken|Protect|p2a: Blaziken\n|-singleturn|p2a: Blaziken|Protect\n|move|p1a: Oogie Boogie|Destiny Bond|p1a: Oogie Boogie\n|-singlemove|p1a: Oogie Boogie|Destiny Bond\n|\n|-weather|Snow|[upkeep]\n|-ability|p2a: Blaziken|Speed Boost|boost\n|-boost|p2a: Blaziken|spe|1\n|upkeep\n|turn|39\n|inactive|Gran gran has 180 seconds left.\n|\n|t:|1700525483\n|switch|p2a: Chansey|Chansey, F|77\/100\n|move|p1a: Oogie Boogie|Knock Off|p2a: Chansey\n|-damage|p2a: Chansey|47\/100\n|-enditem|p2a: Chansey|Eviolite|[from] move: Knock Off|[of] p1a: Oogie Boogie\n|\n|-weather|Snow|[upkeep]\n|upkeep\n|turn|40\n|\n|t:|1700525491\n|switch|p1a: Chic Fil A|Arctozolt, shiny|24\/100\n|move|p2a: Chansey|Soft-Boiled|p2a: Chansey\n|-heal|p2a: Chansey|97\/100\n|\n|-weather|Snow|[upkeep]\n|-sideend|p1: ColdSobaNoodle|move: Aurora Veil\n|upkeep\n|turn|41\n|\n|t:|1700525497\n|move|p1a: Chic Fil A|Substitute|p1a: Chic Fil A\n|-fail|p1a: Chic Fil A|move: Substitute|[weak]\n|move|p2a: Chansey|Seismic Toss|p1a: Chic Fil A\n|-damage|p1a: Chic Fil A|0 fnt\n|faint|p1a: Chic Fil A\n|\n|-weather|Snow|[upkeep]\n|upkeep\n|\n|t:|1700525505\n|switch|p1a: Oogie Boogie|Banette-Mega, M, shiny|39\/100\n|turn|42\n|c| VoIteon|what is going onnn\n|\n|t:|1700525508\n|move|p1a: Oogie Boogie|Pain Split|p2a: Chansey\n|-sethp|p2a: Chansey|58\/100|[from] move: Pain Split|[silent]\n|-sethp|p1a: Oogie Boogie|100\/100|[from] move: Pain Split\n|move|p2a: Chansey|Thunder Wave|p1a: Oogie Boogie\n|-status|p1a: Oogie Boogie|par\n|\n|-weather|none\n|upkeep\n|turn|43\n|c| m444rf|it went to full so fast omg\n|\n|t:|1700525524\n|switch|p2a: Nidoking|Nidoking, M|96\/100\n|move|p1a: Oogie Boogie|Knock Off|p2a: Nidoking\n|-damage|p2a: Nidoking|32\/100\n|-enditem|p2a: Nidoking|Life Orb|[from] move: Knock Off|[of] p1a: Oogie Boogie\n|\n|upkeep\n|turn|44\n|inactive|Gran gran has 210 seconds left.\n|\n|t:|1700525566\n|move|p2a: Nidoking|Earth Power|p1a: Oogie Boogie\n|-damage|p1a: Oogie Boogie|44\/100 par\n|move|p1a: Oogie Boogie|Knock Off|p2a: Nidoking\n|-damage|p2a: Nidoking|0 fnt\n|faint|p2a: Nidoking\n|\n|upkeep\n|inactive|Gran gran has 180 seconds left.\n|c|\u2606ColdSobaNoodle|he boogie\n|inactive|Gran gran has 150 seconds left.\n|inactive|Gran gran has 120 seconds left.\n|\n|t:|1700525646\n|switch|p2a: Chansey|Chansey, F|58\/100\n|turn|45\n|\n|t:|1700525650\n|move|p1a: Oogie Boogie|Pain Split|p2a: Chansey\n|-sethp|p2a: Chansey|39\/100|[from] move: Pain Split|[silent]\n|-sethp|p1a: Oogie Boogie|83\/100 par|[from] move: Pain Split\n|move|p2a: Chansey|Soft-Boiled|p2a: Chansey\n|-heal|p2a: Chansey|89\/100\n|\n|upkeep\n|turn|46\n|inactive|Gran gran has 120 seconds left.\n|\n|t:|1700525667\n|cant|p1a: Oogie Boogie|par\n|move|p2a: Chansey|Teleport|p2a: Chansey\n|\n|t:|1700525670\n|switch|p2a: Blaziken|Blaziken-Mega, F|100\/100|[from] Teleport\n|\n|upkeep\n|turn|47\n|inactive|Gran gran has 120 seconds left.\n|\n|t:|1700525686\n|move|p1a: Oogie Boogie|Destiny Bond|p1a: Oogie Boogie\n|-singlemove|p1a: Oogie Boogie|Destiny Bond\n|move|p2a: Blaziken|Poison Jab|p1a: Oogie Boogie\n|-resisted|p1a: Oogie Boogie\n|-damage|p1a: Oogie Boogie|63\/100 par\n|\n|-ability|p2a: Blaziken|Speed Boost|boost\n|-boost|p2a: Blaziken|spe|1\n|upkeep\n|turn|48\n|\n|t:|1700525695\n|move|p2a: Blaziken|Protect|p2a: Blaziken\n|-singleturn|p2a: Blaziken|Protect\n|move|p1a: Oogie Boogie|Shadow Claw|p2a: Blaziken\n|-activate|p2a: Blaziken|move: Protect\n|\n|-ability|p2a: Blaziken|Speed Boost|boost\n|-boost|p2a: Blaziken|spe|1\n|upkeep\n|turn|49\n|\n|t:|1700525709\n|move|p1a: Oogie Boogie|Destiny Bond|p1a: Oogie Boogie\n|-singlemove|p1a: Oogie Boogie|Destiny Bond\n|move|p2a: Blaziken|Poison Jab|p1a: Oogie Boogie\n|-resisted|p1a: Oogie Boogie\n|-damage|p1a: Oogie Boogie|43\/100 par\n|\n|-ability|p2a: Blaziken|Speed Boost|boost\n|-boost|p2a: Blaziken|spe|1\n|upkeep\n|turn|50\n|\n|t:|1700525722\n|move|p2a: Blaziken|Protect|p2a: Blaziken\n|-singleturn|p2a: Blaziken|Protect\n|move|p1a: Oogie Boogie|Pain Split|p2a: Blaziken\n|-activate|p2a: Blaziken|move: Protect\n|\n|-ability|p2a: Blaziken|Speed Boost|boost\n|-boost|p2a: Blaziken|spe|1\n|upkeep\n|turn|51\n|inactive|Gran gran has 120 seconds left.\n|\n|t:|1700525765\n|move|p1a: Oogie Boogie|Pain Split|p2a: Blaziken\n|-sethp|p2a: Blaziken|74\/100|[from] move: Pain Split|[silent]\n|-sethp|p1a: Oogie Boogie|67\/100 par|[from] move: Pain Split\n|move|p2a: Blaziken|Poison Jab|p1a: Oogie Boogie\n|-resisted|p1a: Oogie Boogie\n|-damage|p1a: Oogie Boogie|45\/100 par\n|\n|-ability|p2a: Blaziken|Speed Boost|boost\n|-boost|p2a: Blaziken|spe|1\n|upkeep\n|turn|52\n|\n|t:|1700525777\n|move|p2a: Blaziken|Protect|p2a: Blaziken\n|-singleturn|p2a: Blaziken|Protect\n|move|p1a: Oogie Boogie|Pain Split|p2a: Blaziken\n|-activate|p2a: Blaziken|move: Protect\n|\n|-ability|p2a: Blaziken|Speed Boost|boost\n|-boost|p2a: Blaziken|spe|1\n|upkeep\n|turn|53\n|inactive|Gran gran has 120 seconds left.\n|\n|t:|1700525787\n|move|p1a: Oogie Boogie|Pain Split|p2a: Blaziken\n|-sethp|p2a: Blaziken|62\/100|[from] move: Pain Split|[silent]\n|-sethp|p1a: Oogie Boogie|56\/100 par|[from] move: Pain Split\n|move|p2a: Blaziken|Poison Jab|p1a: Oogie Boogie\n|-resisted|p1a: Oogie Boogie\n|-damage|p1a: Oogie Boogie|35\/100 par\n|\n|upkeep\n|turn|54\n|\n|t:|1700525797\n|move|p2a: Blaziken|Flare Blitz|p1a: Oogie Boogie\n|-damage|p1a: Oogie Boogie|0 fnt\n|faint|p1a: Oogie Boogie\n|-damage|p2a: Blaziken|49\/100|[from] Recoil\n|\n|upkeep\n|\n|t:|1700525800\n|switch|p1a: \u7a32\u8377|Ninetales-Alola, M, shiny|20\/100 brn\n|-weather|Snow|[from] ability: Snow Warning|[of] p1a: \u7a32\u8377\n|turn|55\n|c|\u2606ColdSobaNoodle|dang should have just destiny  bond spammed\n|\n|t:|1700525812\n|move|p2a: Blaziken|Flare Blitz|p1a: \u7a32\u8377\n|-supereffective|p1a: \u7a32\u8377\n|-damage|p1a: \u7a32\u8377|0 fnt\n|faint|p1a: \u7a32\u8377\n|-damage|p2a: Blaziken|43\/100|[from] Recoil\n|\n|-weather|Snow|[upkeep]\n|upkeep\n|c|\u2606ColdSobaNoodle|ah well hehe\n|\n|t:|1700525819\n|switch|p1a: Zeppelin|Corviknight, F|4\/100\n|-ability|p1a: Zeppelin|Pressure\n|turn|56\n|\n|t:|1700525829\n|move|p2a: Blaziken|Flare Blitz|p1a: Zeppelin\n|-supereffective|p1a: Zeppelin\n|-damage|p1a: Zeppelin|0 fnt\n|-damage|p2a: Blaziken|26\/100|[from] item: Rocky Helmet|[of] p1a: Zeppelin\n|faint|p1a: Zeppelin\n|-damage|p2a: Blaziken|25\/100|[from] Recoil\n|\n|win|Gran gran\n|c|\u2606ColdSobaNoodle|ggs!\n|l| m444rf\n|c|\u2606Gran gran|gg\n","uploadtime":1700525838,"views":2,"p1id":"coldsobanoodle","p2id":"grangran","formatid":"gen9nationaldexubers","rating":0,"private":0,"password":""}