{"id":"gen9nationaldexubers-1981375538","p1":"Gianfri2405","p2":"Jackimaster","format":"[Gen 9] National Dex Ubers","log":"|j|\u2606Gianfri2405\n|j|\u2606Jackimaster\n|t:|1698888997\n|gametype|singles\n|player|p1|Gianfri2405|2|\n|player|p2|Jackimaster|unknown|\n|teamsize|p1|6\n|teamsize|p2|6\n|gen|9\n|tier|[Gen 9] National Dex Ubers\n|rule|HP Percentage Mod: HP is shown in percentages\n|rule|Endless Battle Clause: Forcing endless battles is banned\n|rule|OHKO Clause: OHKO moves are banned\n|rule|Evasion Moves Clause: Evasion moves are banned\n|rule|Evasion Items Clause: Evasion items are banned\n|rule|Species Clause: Limit one of each Pok\u00e9mon\n|rule|Sleep Clause Mod: Limit one foe put to sleep\n|rule|Mega Rayquaza Clause: You cannot mega evolve Rayquaza\n|clearpoke\n|poke|p1|Mandibuzz, F|\n|poke|p1|Clodsire, F|\n|poke|p1|Hatterene, F|\n|poke|p1|Garganacl, M|\n|poke|p1|Alomomola, F|\n|poke|p1|Dragapult, F|\n|poke|p2|Garganacl, F|\n|poke|p2|Corviknight, M|\n|poke|p2|Dragapult, F|\n|poke|p2|Meowscarada, F|\n|poke|p2|Clodsire, M|\n|poke|p2|Urshifu-*, F|\n|teampreview\n|\n|t:|1698889018\n|start\n|switch|p1a: Alomomola|Alomomola, F|100\/100\n|switch|p2a: Corviknight|Corviknight, M|100\/100\n|-ability|p2a: Corviknight|Pressure\n|turn|1\n|\n|t:|1698889029\n|move|p2a: Corviknight|U-turn|p1a: Alomomola\n|-damage|p1a: Alomomola|92\/100\n|-damage|p2a: Corviknight|84\/100|[from] item: Rocky Helmet|[of] p1a: Alomomola\n|\n|t:|1698889034\n|switch|p2a: Meowscarada|Meowscarada, F, shiny|100\/100|[from] U-turn\n|move|p1a: Alomomola|Flip Turn|p2a: Meowscarada\n|-resisted|p2a: Meowscarada\n|-damage|p2a: Meowscarada|88\/100\n|\n|t:|1698889043\n|switch|p1a: Dragapult|Dragapult, F|100\/100|[from] Flip Turn\n|\n|upkeep\n|turn|2\n|\n|t:|1698889051\n|switch|p2a: Clodsire|Clodsire, M|100\/100\n|move|p1a: Dragapult|U-turn|p2a: Clodsire\n|-resisted|p2a: Clodsire\n|-damage|p2a: Clodsire|90\/100\n|\n|t:|1698889065\n|switch|p1a: Alomomola|Alomomola, F|100\/100|[from] U-turn\n|\n|-heal|p2a: Clodsire|97\/100|[from] item: Black Sludge\n|upkeep\n|turn|3\n|\n|t:|1698889071\n|move|p1a: Alomomola|Flip Turn|p2a: Clodsire\n|-supereffective|p2a: Clodsire\n|-damage|p2a: Clodsire|57\/100\n|\n|t:|1698889080\n|switch|p1a: Mandibuzz|Mandibuzz, F|100\/100|[from] Flip Turn\n|move|p2a: Clodsire|Toxic|p1a: Mandibuzz\n|-status|p1a: Mandibuzz|tox\n|\n|-heal|p2a: Clodsire|63\/100|[from] item: Black Sludge\n|-damage|p1a: Mandibuzz|94\/100 tox|[from] psn\n|upkeep\n|turn|4\n|\n|t:|1698889087\n|move|p1a: Mandibuzz|U-turn|p2a: Clodsire\n|-resisted|p2a: Clodsire\n|-damage|p2a: Clodsire|57\/100\n|\n|t:|1698889090\n|switch|p1a: Hatterene|Hatterene, F|100\/100|[from] U-turn\n|move|p2a: Clodsire|Spikes|p1a: Hatterene\n|move|p1a: Hatterene|Spikes|p2a: Clodsire|[from]ability: Magic Bounce\n|-sidestart|p2: Jackimaster|Spikes\n|\n|-heal|p2a: Clodsire|63\/100|[from] item: Black Sludge\n|upkeep\n|turn|5\n|c|\u2606Jackimaster|lito\n|\n|t:|1698889096\n|move|p1a: Hatterene|Psyshock|p2a: Clodsire\n|-supereffective|p2a: Clodsire\n|-damage|p2a: Clodsire|0 fnt\n|faint|p2a: Clodsire\n|\n|upkeep\n|\n|t:|1698889107\n|switch|p2a: Dragapult|Dragapult, F|100\/100\n|-damage|p2a: Dragapult|88\/100|[from] Spikes\n|turn|6\n|\n|t:|1698889159\n|switch|p1a: Garganacl|Garganacl, M|100\/100\n|move|p2a: Dragapult|Shadow Ball|p1a: Garganacl\n|-damage|p1a: Garganacl|83\/100\n|\n|-heal|p1a: Garganacl|89\/100|[from] item: Leftovers\n|upkeep\n|turn|7\n|\n|t:|1698889181\n|switch|p2a: Urshifu|Urshifu-Rapid-Strike, F|100\/100\n|-damage|p2a: Urshifu|88\/100|[from] Spikes\n|move|p1a: Garganacl|Stealth Rock|p2a: Urshifu\n|-sidestart|p2: Jackimaster|move: Stealth Rock\n|\n|-heal|p1a: Garganacl|95\/100|[from] item: Leftovers\n|upkeep\n|turn|8\n|\n|t:|1698889189\n|switch|p1a: Alomomola|Alomomola, F|100\/100\n|move|p2a: Urshifu|Swords Dance|p2a: Urshifu\n|-boost|p2a: Urshifu|atk|2\n|\n|upkeep\n|turn|9\n|\n|t:|1698889204\n|move|p2a: Urshifu|Surging Strikes|p1a: Alomomola\n|-resisted|p1a: Alomomola\n|-crit|p1a: Alomomola\n|-damage|p1a: Alomomola|88\/100\n|-resisted|p1a: Alomomola\n|-crit|p1a: Alomomola\n|-damage|p1a: Alomomola|75\/100\n|-resisted|p1a: Alomomola\n|-crit|p1a: Alomomola\n|-damage|p1a: Alomomola|62\/100\n|-hitcount|p1a: Alomomola|3\n|move|p1a: Alomomola|Toxic|p2a: Urshifu\n|-status|p2a: Urshifu|tox\n|\n|-damage|p2a: Urshifu|82\/100 tox|[from] psn\n|upkeep\n|turn|10\n|\n|t:|1698889216\n|move|p2a: Urshifu|Surging Strikes|p1a: Alomomola\n|-resisted|p1a: Alomomola\n|-crit|p1a: Alomomola\n|-damage|p1a: Alomomola|48\/100\n|-resisted|p1a: Alomomola\n|-crit|p1a: Alomomola\n|-damage|p1a: Alomomola|36\/100\n|-resisted|p1a: Alomomola\n|-crit|p1a: Alomomola\n|-damage|p1a: Alomomola|23\/100\n|-hitcount|p1a: Alomomola|3\n|move|p1a: Alomomola|Wish|p1a: Alomomola\n|\n|-damage|p2a: Urshifu|70\/100 tox|[from] psn\n|upkeep\n|turn|11\n|\n|t:|1698889227\n|move|p1a: Alomomola|Protect|p1a: Alomomola\n|-singleturn|p1a: Alomomola|Protect\n|move|p2a: Urshifu|Surging Strikes|p1a: Alomomola\n|-activate|p1a: Alomomola|move: Protect\n|\n|-heal|p1a: Alomomola|73\/100|[from] move: Wish|[wisher] Alomomola\n|-damage|p2a: Urshifu|51\/100 tox|[from] psn\n|upkeep\n|turn|12\n|\n|t:|1698889235\n|move|p2a: Urshifu|Surging Strikes|p1a: Alomomola\n|-resisted|p1a: Alomomola\n|-crit|p1a: Alomomola\n|-damage|p1a: Alomomola|60\/100\n|-resisted|p1a: Alomomola\n|-crit|p1a: Alomomola\n|-damage|p1a: Alomomola|47\/100\n|-resisted|p1a: Alomomola\n|-crit|p1a: Alomomola\n|-damage|p1a: Alomomola|34\/100\n|-hitcount|p1a: Alomomola|3\n|move|p1a: Alomomola|Wish|p1a: Alomomola\n|\n|-damage|p2a: Urshifu|27\/100 tox|[from] psn\n|upkeep\n|turn|13\n|\n|t:|1698889240\n|move|p1a: Alomomola|Protect|p1a: Alomomola\n|-singleturn|p1a: Alomomola|Protect\n|move|p2a: Urshifu|Close Combat|p1a: Alomomola\n|-damage|p1a: Alomomola|0 fnt\n|-unboost|p2a: Urshifu|def|1\n|-unboost|p2a: Urshifu|spd|1\n|-damage|p2a: Urshifu|10\/100 tox|[from] item: Rocky Helmet|[of] p1a: Alomomola\n|faint|p1a: Alomomola\n|\n|-damage|p2a: Urshifu|0 fnt|[from] psn\n|faint|p2a: Urshifu\n|upkeep\n|c|\u2606Jackimaster|Gian?\n|c|\u2606Jackimaster|xd\n|c|\u2606Jackimaster|xdddddddd\n|c|\u2606Gianfri2405|q\n|c|\u2606Gianfri2405|podia hacer eso?\n|c|\u2606Jackimaster|si sabes su hab?\n|c|\u2606Jackimaster|xd\n|c|\u2606Jackimaster|xdddddddddddddddddddddddddddddd\n|c|\u2606Gianfri2405|nunca use urshifu\n|c|\u2606Jackimaster|XDDDDDDDDDDDDDDDDDDDDDDDDDDDDDDDDDDDDDDDDDD\n|c|\u2606Jackimaster|XDDDDDDDDDDDDDDDDDDDDDDDDDDDDDDD\n|\n|t:|1698889272\n|switch|p2a: Corviknight|Corviknight, M|84\/100\n|switch|p1a: Dragapult|Dragapult, F|100\/100\n|-damage|p2a: Corviknight|71\/100|[from] Stealth Rock\n|-ability|p2a: Corviknight|Pressure\n|turn|14\n|\n|t:|1698889279\n|move|p1a: Dragapult|Flamethrower|p2a: Corviknight\n|-supereffective|p2a: Corviknight\n|-damage|p2a: Corviknight|0 fnt\n|faint|p2a: Corviknight\n|\n|upkeep\n|\n|t:|1698889283\n|switch|p2a: Dragapult|Dragapult, F|88\/100\n|-damage|p2a: Dragapult|76\/100|[from] Spikes\n|-damage|p2a: Dragapult|64\/100|[from] Stealth Rock\n|turn|15\n|\n|t:|1698889289\n|switch|p1a: Clodsire|Clodsire, F|100\/100\n|move|p2a: Dragapult|Shadow Ball|p1a: Clodsire\n|-crit|p1a: Clodsire\n|-damage|p1a: Clodsire|56\/100\n|\n|-heal|p1a: Clodsire|62\/100|[from] item: Black Sludge\n|upkeep\n|turn|16\n|c|\u2606Jackimaster|speed time\n|c|\u2606Jackimaster|a\n|\n|t:|1698889295\n|switch|p2a: Meowscarada|Meowscarada, F, shiny|88\/100\n|move|p1a: Clodsire|Earthquake|p2a: Meowscarada\n|-resisted|p2a: Meowscarada\n|-damage|p2a: Meowscarada|66\/100\n|\n|-heal|p1a: Clodsire|69\/100|[from] item: Black Sludge\n|upkeep\n|turn|17\n|c|\u2606Gianfri2405|como q speed time vro\n|c|\u2606Gianfri2405|quien hace eso\n|c|\u2606Jackimaster|XD\n|\n|t:|1698889306\n|switch|p1a: Mandibuzz|Mandibuzz, F|94\/100 tox\n|move|p2a: Meowscarada|Flower Trick|p1a: Mandibuzz\n|-start|p2a: Meowscarada|typechange|Grass|[from] ability: Protean\n|-resisted|p1a: Mandibuzz\n|-crit|p1a: Mandibuzz\n|-damage|p1a: Mandibuzz|80\/100 tox\n|\n|-damage|p1a: Mandibuzz|74\/100 tox|[from] psn\n|upkeep\n|turn|18\n|\n|t:|1698889315\n|move|p2a: Meowscarada|U-turn|p1a: Mandibuzz\n|-damage|p1a: Mandibuzz|61\/100 tox\n|\n|t:|1698889320\n|switch|p2a: Garganacl|Garganacl, F|100\/100|[from] U-turn\n|-damage|p2a: Garganacl|88\/100|[from] Spikes\n|-damage|p2a: Garganacl|76\/100|[from] Stealth Rock\n|move|p1a: Mandibuzz|U-turn|p2a: Garganacl\n|-damage|p2a: Garganacl|68\/100\n|\n|t:|1698889326\n|switch|p1a: Clodsire|Clodsire, F|69\/100|[from] U-turn\n|\n|-heal|p2a: Garganacl|75\/100|[from] item: Leftovers\n|-heal|p1a: Clodsire|75\/100|[from] item: Black Sludge\n|upkeep\n|turn|19\n|\n|t:|1698889335\n|move|p2a: Garganacl|Stealth Rock|p1a: Clodsire\n|-sidestart|p1: Gianfri2405|move: Stealth Rock\n|move|p1a: Clodsire|Earthquake|p2a: Garganacl\n|-supereffective|p2a: Garganacl\n|-damage|p2a: Garganacl|37\/100\n|\n|-heal|p2a: Garganacl|44\/100|[from] item: Leftovers\n|-heal|p1a: Clodsire|81\/100|[from] item: Black Sludge\n|upkeep\n|turn|20\n|\n|t:|1698889342\n|move|p2a: Garganacl|Recover|p2a: Garganacl\n|-heal|p2a: Garganacl|94\/100\n|move|p1a: Clodsire|Spikes|p2a: Garganacl\n|-sidestart|p2: Jackimaster|Spikes\n|\n|-heal|p2a: Garganacl|99\/100|[from] item: Leftovers\n|-heal|p1a: Clodsire|87\/100|[from] item: Black Sludge\n|upkeep\n|turn|21\n|\n|t:|1698889344\n|move|p2a: Garganacl|Salt Cure|p1a: Clodsire\n|-resisted|p1a: Clodsire\n|-damage|p1a: Clodsire|78\/100\n|-start|p1a: Clodsire|Salt Cure\n|move|p1a: Clodsire|Spikes|p2a: Garganacl\n|-sidestart|p2: Jackimaster|Spikes\n|\n|-heal|p2a: Garganacl|100\/100|[from] item: Leftovers\n|-heal|p1a: Clodsire|84\/100|[from] item: Black Sludge\n|-damage|p1a: Clodsire|72\/100|[from] Salt Cure\n|upkeep\n|turn|22\n|\n|t:|1698889351\n|move|p2a: Garganacl|Stealth Rock||[still]\n|-fail|p2a: Garganacl\n|move|p1a: Clodsire|Earthquake|p2a: Garganacl\n|-supereffective|p2a: Garganacl\n|-damage|p2a: Garganacl|62\/100\n|\n|-heal|p2a: Garganacl|68\/100|[from] item: Leftovers\n|-heal|p1a: Clodsire|78\/100|[from] item: Black Sludge\n|-damage|p1a: Clodsire|66\/100|[from] Salt Cure\n|upkeep\n|turn|23\n|\n|t:|1698889359\n|move|p2a: Garganacl|Protect|p2a: Garganacl\n|-singleturn|p2a: Garganacl|Protect\n|move|p1a: Clodsire|Earthquake|p2a: Garganacl\n|-activate|p2a: Garganacl|move: Protect\n|\n|-heal|p2a: Garganacl|74\/100|[from] item: Leftovers\n|-heal|p1a: Clodsire|72\/100|[from] item: Black Sludge\n|-damage|p1a: Clodsire|59\/100|[from] Salt Cure\n|upkeep\n|turn|24\n|\n|t:|1698889368\n|switch|p1a: Hatterene|Hatterene, F|100\/100\n|-damage|p1a: Hatterene|88\/100|[from] Stealth Rock\n|move|p2a: Garganacl|Recover|p2a: Garganacl\n|-heal|p2a: Garganacl|100\/100\n|\n|upkeep\n|turn|25\n|\n|t:|1698889371\n|move|p1a: Hatterene|Calm Mind|p1a: Hatterene\n|-boost|p1a: Hatterene|spa|1\n|-boost|p1a: Hatterene|spd|1\n|move|p2a: Garganacl|Salt Cure|p1a: Hatterene\n|-damage|p1a: Hatterene|77\/100\n|-start|p1a: Hatterene|Salt Cure\n|\n|-damage|p1a: Hatterene|65\/100|[from] Salt Cure\n|upkeep\n|turn|26\n|\n|t:|1698889379\n|move|p2a: Garganacl|Salt Cure|p1a: Hatterene\n|-damage|p1a: Hatterene|52\/100\n|move|p1a: Hatterene|Calm Mind|p1a: Hatterene\n|-boost|p1a: Hatterene|spa|1\n|-boost|p1a: Hatterene|spd|1\n|\n|-damage|p1a: Hatterene|40\/100|[from] Salt Cure\n|upkeep\n|turn|27\n|\n|t:|1698889383\n|move|p2a: Garganacl|Salt Cure|p1a: Hatterene\n|-damage|p1a: Hatterene|29\/100\n|move|p1a: Hatterene|Draining Kiss|p2a: Garganacl\n|-damage|p2a: Garganacl|74\/100\n|-heal|p1a: Hatterene|55\/100|[from] drain|[of] p2a: Garganacl\n|\n|-heal|p2a: Garganacl|80\/100|[from] item: Leftovers\n|-damage|p1a: Hatterene|42\/100|[from] Salt Cure\n|upkeep\n|turn|28\n|\n|t:|1698889389\n|move|p2a: Garganacl|Protect|p2a: Garganacl\n|-singleturn|p2a: Garganacl|Protect\n|move|p1a: Hatterene|Draining Kiss|p2a: Garganacl\n|-activate|p2a: Garganacl|move: Protect\n|\n|-heal|p2a: Garganacl|86\/100|[from] item: Leftovers\n|-damage|p1a: Hatterene|30\/100|[from] Salt Cure\n|upkeep\n|turn|29\n|\n|t:|1698889396\n|move|p1a: Hatterene|Draining Kiss|p2a: Garganacl\n|-damage|p2a: Garganacl|54\/100\n|-heal|p1a: Hatterene|61\/100|[from] drain|[of] p2a: Garganacl\n|move|p2a: Garganacl|Salt Cure|p1a: Hatterene\n|-damage|p1a: Hatterene|50\/100\n|\n|-heal|p2a: Garganacl|60\/100|[from] item: Leftovers\n|-damage|p1a: Hatterene|38\/100|[from] Salt Cure\n|upkeep\n|turn|30\n|\n|t:|1698889401\n|move|p2a: Garganacl|Protect|p2a: Garganacl\n|-singleturn|p2a: Garganacl|Protect\n|move|p1a: Hatterene|Draining Kiss|p2a: Garganacl\n|-activate|p2a: Garganacl|move: Protect\n|\n|-heal|p2a: Garganacl|66\/100|[from] item: Leftovers\n|-damage|p1a: Hatterene|25\/100|[from] Salt Cure\n|upkeep\n|turn|31\n|\n|t:|1698889409\n|move|p1a: Hatterene|Draining Kiss|p2a: Garganacl\n|-damage|p2a: Garganacl|38\/100\n|-heal|p1a: Hatterene|52\/100|[from] drain|[of] p2a: Garganacl\n|move|p2a: Garganacl|Recover|p2a: Garganacl\n|-heal|p2a: Garganacl|88\/100\n|\n|-heal|p2a: Garganacl|94\/100|[from] item: Leftovers\n|-damage|p1a: Hatterene|40\/100|[from] Salt Cure\n|upkeep\n|turn|32\n|\n|t:|1698889415\n|move|p2a: Garganacl|Protect|p2a: Garganacl\n|-singleturn|p2a: Garganacl|Protect\n|move|p1a: Hatterene|Draining Kiss|p2a: Garganacl\n|-activate|p2a: Garganacl|move: Protect\n|\n|-heal|p2a: Garganacl|99\/100|[from] item: Leftovers\n|-damage|p1a: Hatterene|28\/100|[from] Salt Cure\n|upkeep\n|turn|33\n|\n|t:|1698889424\n|move|p2a: Garganacl|Salt Cure|p1a: Hatterene\n|-damage|p1a: Hatterene|16\/100\n|move|p1a: Hatterene|Draining Kiss|p2a: Garganacl\n|-damage|p2a: Garganacl|73\/100\n|-heal|p1a: Hatterene|41\/100|[from] drain|[of] p2a: Garganacl\n|\n|-heal|p2a: Garganacl|79\/100|[from] item: Leftovers\n|-damage|p1a: Hatterene|29\/100|[from] Salt Cure\n|upkeep\n|turn|34\n|\n|t:|1698889431\n|move|p1a: Hatterene|Draining Kiss|p2a: Garganacl\n|-damage|p2a: Garganacl|52\/100\n|-heal|p1a: Hatterene|55\/100|[from] drain|[of] p2a: Garganacl\n|move|p2a: Garganacl|Salt Cure|p1a: Hatterene\n|-damage|p1a: Hatterene|44\/100\n|\n|-heal|p2a: Garganacl|59\/100|[from] item: Leftovers\n|-damage|p1a: Hatterene|31\/100|[from] Salt Cure\n|upkeep\n|turn|35\n|\n|t:|1698889436\n|move|p2a: Garganacl|Protect|p2a: Garganacl\n|-singleturn|p2a: Garganacl|Protect\n|move|p1a: Hatterene|Draining Kiss|p2a: Garganacl\n|-activate|p2a: Garganacl|move: Protect\n|\n|-heal|p2a: Garganacl|65\/100|[from] item: Leftovers\n|-damage|p1a: Hatterene|19\/100|[from] Salt Cure\n|upkeep\n|turn|36\n|\n|t:|1698889453\n|move|p2a: Garganacl|Recover|p2a: Garganacl\n|-heal|p2a: Garganacl|100\/100\n|move|p1a: Hatterene|Draining Kiss|p2a: Garganacl\n|-damage|p2a: Garganacl|69\/100\n|-heal|p1a: Hatterene|49\/100|[from] drain|[of] p2a: Garganacl\n|\n|-heal|p2a: Garganacl|75\/100|[from] item: Leftovers\n|-damage|p1a: Hatterene|37\/100|[from] Salt Cure\n|upkeep\n|turn|37\n|\n|t:|1698889466\n|move|p2a: Garganacl|Salt Cure|p1a: Hatterene\n|-damage|p1a: Hatterene|24\/100\n|move|p1a: Hatterene|Draining Kiss|p2a: Garganacl\n|-damage|p2a: Garganacl|48\/100\n|-heal|p1a: Hatterene|50\/100|[from] drain|[of] p2a: Garganacl\n|\n|-heal|p2a: Garganacl|54\/100|[from] item: Leftovers\n|-damage|p1a: Hatterene|38\/100|[from] Salt Cure\n|upkeep\n|turn|38\n|\n|t:|1698889475\n|move|p2a: Garganacl|Protect|p2a: Garganacl\n|-singleturn|p2a: Garganacl|Protect\n|move|p1a: Hatterene|Draining Kiss|p2a: Garganacl\n|-activate|p2a: Garganacl|move: Protect\n|\n|-heal|p2a: Garganacl|60\/100|[from] item: Leftovers\n|-damage|p1a: Hatterene|26\/100|[from] Salt Cure\n|upkeep\n|turn|39\n|\n|t:|1698889480\n|move|p2a: Garganacl|Protect||[still]\n|-fail|p2a: Garganacl\n|move|p1a: Hatterene|Draining Kiss|p2a: Garganacl\n|-damage|p2a: Garganacl|33\/100\n|-heal|p1a: Hatterene|52\/100|[from] drain|[of] p2a: Garganacl\n|\n|-heal|p2a: Garganacl|39\/100|[from] item: Leftovers\n|-damage|p1a: Hatterene|39\/100|[from] Salt Cure\n|upkeep\n|turn|40\n|\n|t:|1698889484\n|move|p2a: Garganacl|Recover|p2a: Garganacl\n|-heal|p2a: Garganacl|89\/100\n|move|p1a: Hatterene|Draining Kiss|p2a: Garganacl\n|-damage|p2a: Garganacl|62\/100\n|-heal|p1a: Hatterene|66\/100|[from] drain|[of] p2a: Garganacl\n|\n|-heal|p2a: Garganacl|68\/100|[from] item: Leftovers\n|-damage|p1a: Hatterene|54\/100|[from] Salt Cure\n|upkeep\n|turn|41\n|\n|t:|1698889500\n|move|p1a: Hatterene|Draining Kiss|p2a: Garganacl\n|-damage|p2a: Garganacl|40\/100\n|-heal|p1a: Hatterene|81\/100|[from] drain|[of] p2a: Garganacl\n|move|p2a: Garganacl|Recover|p2a: Garganacl\n|-heal|p2a: Garganacl|90\/100\n|\n|-heal|p2a: Garganacl|96\/100|[from] item: Leftovers\n|-damage|p1a: Hatterene|68\/100|[from] Salt Cure\n|upkeep\n|turn|42\n|\n|t:|1698889508\n|move|p2a: Garganacl|Protect|p2a: Garganacl\n|-singleturn|p2a: Garganacl|Protect\n|move|p1a: Hatterene|Draining Kiss|p2a: Garganacl\n|-activate|p2a: Garganacl|move: Protect\n|\n|-heal|p2a: Garganacl|100\/100|[from] item: Leftovers\n|-damage|p1a: Hatterene|56\/100|[from] Salt Cure\n|upkeep\n|turn|43\n|c|\u2606Gianfri2405|vro?\n|c|\u2606Jackimaster|a\n|c|\u2606Jackimaster|volvi\n|c|\u2606Jackimaster|XD\n|\n|t:|1698889750\n|move|p2a: Garganacl|Salt Cure|p1a: Hatterene\n|-damage|p1a: Hatterene|44\/100\n|move|p1a: Hatterene|Psyshock|p2a: Garganacl\n|-damage|p2a: Garganacl|53\/100\n|\n|-heal|p2a: Garganacl|59\/100|[from] item: Leftovers\n|-damage|p1a: Hatterene|32\/100|[from] Salt Cure\n|upkeep\n|turn|44\n|\n|t:|1698889760\n|move|p1a: Hatterene|Calm Mind|p1a: Hatterene\n|-boost|p1a: Hatterene|spa|1\n|-boost|p1a: Hatterene|spd|1\n|move|p2a: Garganacl|Recover|p2a: Garganacl\n|-heal|p2a: Garganacl|100\/100\n|\n|-damage|p1a: Hatterene|19\/100|[from] Salt Cure\n|upkeep\n|turn|45\n|c|\u2606Gianfri2405|vro??\n|\n|t:|1698890214\n|move|p1a: Hatterene|Psyshock|p2a: Garganacl\n|-damage|p2a: Garganacl|43\/100\n|move|p2a: Garganacl|Salt Cure|p1a: Hatterene\n|-damage|p1a: Hatterene|7\/100\n|\n|-heal|p2a: Garganacl|50\/100|[from] item: Leftovers\n|-damage|p1a: Hatterene|0 fnt|[from] Salt Cure\n|faint|p1a: Hatterene\n|upkeep\n|\n|t:|1698890234\n|switch|p1a: Clodsire|Clodsire, F|59\/100\n|-damage|p1a: Clodsire|53\/100|[from] Stealth Rock\n|turn|46\n|\n|t:|1698890522\n|move|p2a: Garganacl|Recover|p2a: Garganacl\n|-heal|p2a: Garganacl|99\/100\n|move|p1a: Clodsire|Earthquake|p2a: Garganacl\n|-supereffective|p2a: Garganacl\n|-damage|p2a: Garganacl|64\/100\n|\n|-heal|p2a: Garganacl|70\/100|[from] item: Leftovers\n|-heal|p1a: Clodsire|59\/100|[from] item: Black Sludge\n|upkeep\n|turn|47\n|\n|t:|1698890539\n|move|p2a: Garganacl|Protect|p2a: Garganacl\n|-singleturn|p2a: Garganacl|Protect\n|move|p1a: Clodsire|Earthquake|p2a: Garganacl\n|-activate|p2a: Garganacl|move: Protect\n|\n|-heal|p2a: Garganacl|76\/100|[from] item: Leftovers\n|-heal|p1a: Clodsire|66\/100|[from] item: Black Sludge\n|upkeep\n|turn|48\n|\n|t:|1698890541\n|move|p2a: Garganacl|Salt Cure|p1a: Clodsire\n|-resisted|p1a: Clodsire\n|-crit|p1a: Clodsire\n|-damage|p1a: Clodsire|53\/100\n|-start|p1a: Clodsire|Salt Cure\n|move|p1a: Clodsire|Recover|p1a: Clodsire\n|-heal|p1a: Clodsire|100\/100\n|\n|-heal|p2a: Garganacl|82\/100|[from] item: Leftovers\n|-damage|p1a: Clodsire|88\/100|[from] Salt Cure\n|upkeep\n|turn|49\n|\n|t:|1698890547\n|move|p2a: Garganacl|Salt Cure|p1a: Clodsire\n|-resisted|p1a: Clodsire\n|-damage|p1a: Clodsire|81\/100\n|move|p1a: Clodsire|Earthquake|p2a: Garganacl\n|-supereffective|p2a: Garganacl\n|-damage|p2a: Garganacl|46\/100\n|\n|-heal|p2a: Garganacl|52\/100|[from] item: Leftovers\n|-heal|p1a: Clodsire|87\/100|[from] item: Black Sludge\n|-damage|p1a: Clodsire|75\/100|[from] Salt Cure\n|upkeep\n|turn|50\n|\n|t:|1698890594\n|move|p2a: Garganacl|Protect|p2a: Garganacl\n|-singleturn|p2a: Garganacl|Protect\n|move|p1a: Clodsire|Earthquake|p2a: Garganacl\n|-activate|p2a: Garganacl|move: Protect\n|\n|-heal|p2a: Garganacl|59\/100|[from] item: Leftovers\n|-heal|p1a: Clodsire|81\/100|[from] item: Black Sludge\n|-damage|p1a: Clodsire|69\/100|[from] Salt Cure\n|upkeep\n|turn|51\n|\n|t:|1698890635\n|switch|p2a: Meowscarada|Meowscarada, F, shiny|66\/100\n|move|p1a: Clodsire|Earthquake|p2a: Meowscarada\n|-resisted|p2a: Meowscarada\n|-crit|p2a: Meowscarada\n|-damage|p2a: Meowscarada|36\/100\n|\n|-heal|p1a: Clodsire|75\/100|[from] item: Black Sludge\n|-damage|p1a: Clodsire|62\/100|[from] Salt Cure\n|upkeep\n|turn|52\n|\n|t:|1698890656\n|switch|p1a: Mandibuzz|Mandibuzz, F|61\/100 tox\n|move|p2a: Meowscarada|Flower Trick|p1a: Mandibuzz\n|-start|p2a: Meowscarada|typechange|Grass|[from] ability: Protean\n|-resisted|p1a: Mandibuzz\n|-crit|p1a: Mandibuzz\n|-damage|p1a: Mandibuzz|47\/100 tox\n|\n|-damage|p1a: Mandibuzz|41\/100 tox|[from] psn\n|upkeep\n|turn|53\n|\n|t:|1698890696\n|move|p2a: Meowscarada|Knock Off|p1a: Mandibuzz\n|-resisted|p1a: Mandibuzz\n|-damage|p1a: Mandibuzz|33\/100 tox\n|-enditem|p1a: Mandibuzz|Heavy-Duty Boots|[from] move: Knock Off|[of] p2a: Meowscarada\n|move|p1a: Mandibuzz|Roost|p1a: Mandibuzz\n|-heal|p1a: Mandibuzz|83\/100 tox\n|-singleturn|p1a: Mandibuzz|move: Roost\n|\n|-damage|p1a: Mandibuzz|71\/100 tox|[from] psn\n|upkeep\n|turn|54\n|\n|t:|1698890703\n|move|p2a: Meowscarada|U-turn|p1a: Mandibuzz\n|-damage|p1a: Mandibuzz|59\/100 tox\n|\n|t:|1698890745\n|switch|p2a: Garganacl|Garganacl, F|59\/100|[from] U-turn\n|-damage|p2a: Garganacl|34\/100|[from] Spikes\n|-damage|p2a: Garganacl|21\/100|[from] Stealth Rock\n|move|p1a: Mandibuzz|U-turn|p2a: Garganacl\n|-damage|p2a: Garganacl|13\/100\n|\n|t:|1698890783\n|switch|p1a: Dragapult|Dragapult, F|100\/100|[from] U-turn\n|-damage|p1a: Dragapult|88\/100|[from] Stealth Rock\n|\n|-heal|p2a: Garganacl|20\/100|[from] item: Leftovers\n|upkeep\n|turn|55\n|\n|t:|1698890811\n|move|p1a: Dragapult|Shadow Ball|p2a: Garganacl\n|-damage|p2a: Garganacl|2\/100\n|move|p2a: Garganacl|Salt Cure|p1a: Dragapult\n|-damage|p1a: Dragapult|68\/100\n|-start|p1a: Dragapult|Salt Cure\n|\n|-heal|p2a: Garganacl|8\/100|[from] item: Leftovers\n|-damage|p1a: Dragapult|56\/100|[from] Salt Cure\n|upkeep\n|turn|56\n|\n|t:|1698890821\n|move|p2a: Garganacl|Protect|p2a: Garganacl\n|-singleturn|p2a: Garganacl|Protect\n|move|p1a: Dragapult|Shadow Ball|p2a: Garganacl\n|-activate|p2a: Garganacl|move: Protect\n|\n|-heal|p2a: Garganacl|15\/100|[from] item: Leftovers\n|-damage|p1a: Dragapult|44\/100|[from] Salt Cure\n|upkeep\n|turn|57\n|\n|t:|1698890848\n|move|p2a: Garganacl|Protect|p2a: Garganacl\n|-singleturn|p2a: Garganacl|Protect\n|move|p1a: Dragapult|Shadow Ball|p2a: Garganacl\n|-activate|p2a: Garganacl|move: Protect\n|\n|-heal|p2a: Garganacl|21\/100|[from] item: Leftovers\n|-damage|p1a: Dragapult|31\/100|[from] Salt Cure\n|upkeep\n|turn|58\n|c|\u2606Jackimaster|xddd\n|\n|t:|1698890856\n|move|p1a: Dragapult|Shadow Ball|p2a: Garganacl\n|-damage|p2a: Garganacl|4\/100\n|move|p2a: Garganacl|Salt Cure|p1a: Dragapult\n|-damage|p1a: Dragapult|13\/100\n|\n|-heal|p2a: Garganacl|10\/100|[from] item: Leftovers\n|-damage|p1a: Dragapult|1\/100|[from] Salt Cure\n|upkeep\n|turn|59\n|\n|t:|1698890862\n|switch|p1a: Clodsire|Clodsire, F|62\/100\n|-damage|p1a: Clodsire|56\/100|[from] Stealth Rock\n|move|p2a: Garganacl|Protect||[still]\n|-fail|p2a: Garganacl\n|\n|-heal|p2a: Garganacl|17\/100|[from] item: Leftovers\n|-heal|p1a: Clodsire|62\/100|[from] item: Black Sludge\n|upkeep\n|turn|60\n|\n|t:|1698890881\n|move|p2a: Garganacl|Salt Cure|p1a: Clodsire\n|-resisted|p1a: Clodsire\n|-damage|p1a: Clodsire|55\/100\n|-start|p1a: Clodsire|Salt Cure\n|move|p1a: Clodsire|Earthquake|p2a: Garganacl\n|-supereffective|p2a: Garganacl\n|-damage|p2a: Garganacl|0 fnt\n|faint|p2a: Garganacl\n|\n|-heal|p1a: Clodsire|61\/100|[from] item: Black Sludge\n|-damage|p1a: Clodsire|49\/100|[from] Salt Cure\n|upkeep\n|\n|t:|1698890886\n|switch|p2a: Meowscarada|Meowscarada, F, shiny|36\/100\n|turn|61\n|\n|t:|1698890890\n|switch|p1a: Mandibuzz|Mandibuzz, F|59\/100 tox\n|-damage|p1a: Mandibuzz|34\/100 tox|[from] Stealth Rock\n|move|p2a: Meowscarada|Flower Trick|p1a: Mandibuzz\n|-start|p2a: Meowscarada|typechange|Grass|[from] ability: Protean\n|-resisted|p1a: Mandibuzz\n|-crit|p1a: Mandibuzz\n|-damage|p1a: Mandibuzz|21\/100 tox\n|\n|-damage|p1a: Mandibuzz|15\/100 tox|[from] psn\n|upkeep\n|turn|62\n|\n|t:|1698890906\n|move|p2a: Meowscarada|Knock Off|p1a: Mandibuzz\n|-resisted|p1a: Mandibuzz\n|-damage|p1a: Mandibuzz|9\/100 tox\n|move|p1a: Mandibuzz|U-turn|p2a: Meowscarada\n|-supereffective|p2a: Meowscarada\n|-damage|p2a: Meowscarada|2\/100\n|\n|t:|1698890913\n|switch|p1a: Clodsire|Clodsire, F|49\/100|[from] U-turn\n|-damage|p1a: Clodsire|43\/100|[from] Stealth Rock\n|\n|-heal|p1a: Clodsire|49\/100|[from] item: Black Sludge\n|upkeep\n|turn|63\n|\n|t:|1698890933\n|move|p2a: Meowscarada|Flower Trick|p1a: Clodsire\n|-crit|p1a: Clodsire\n|-damage|p1a: Clodsire|0 fnt\n|faint|p1a: Clodsire\n|\n|upkeep\n|\n|t:|1698890939\n|switch|p1a: Garganacl|Garganacl, M|95\/100\n|-damage|p1a: Garganacl|83\/100|[from] Stealth Rock\n|turn|64\n|\n|t:|1698890966\n|move|p2a: Meowscarada|Flower Trick|p1a: Garganacl\n|-supereffective|p1a: Garganacl\n|-crit|p1a: Garganacl\n|-damage|p1a: Garganacl|27\/100\n|move|p1a: Garganacl|Salt Cure|p2a: Meowscarada\n|-damage|p2a: Meowscarada|0 fnt\n|faint|p2a: Meowscarada\n|\n|-heal|p1a: Garganacl|33\/100|[from] item: Leftovers\n|upkeep\n|j| anderproyt\n|\n|t:|1698890970\n|switch|p2a: Dragapult|Dragapult, F|64\/100\n|-damage|p2a: Dragapult|39\/100|[from] Spikes\n|-damage|p2a: Dragapult|26\/100|[from] Stealth Rock\n|turn|65\n|c| anderproyt|hola\n|\n|t:|1698890992\n|move|p2a: Dragapult|Draco Meteor|p1a: Garganacl\n|-damage|p1a: Garganacl|0 fnt\n|-unboost|p2a: Dragapult|spa|2\n|faint|p1a: Garganacl\n|\n|upkeep\n|\n|t:|1698890997\n|switch|p1a: Mandibuzz|Mandibuzz, F|9\/100 tox\n|-damage|p1a: Mandibuzz|0 fnt|[from] Stealth Rock\n|faint|p1a: Mandibuzz\n|\n|t:|1698891002\n|switch|p1a: Dragapult|Dragapult, F|1\/100\n|-damage|p1a: Dragapult|0 fnt|[from] Stealth Rock\n|faint|p1a: Dragapult\n|\n|win|Jackimaster\n|c| anderproyt|wat\n|l|\u2606Gianfri2405\n|c|\u2606Jackimaster|Lol\n|c| anderproyt|pq juegan nat dex ubers si no tienen ningun uber XD\n|c|\u2606Jackimaster|XD\n|c|\u2606Jackimaster|El dragapult\n|c|\u2606Jackimaster|no deja tenerlo\n|c| anderproyt|tiene z?\n|c|\u2606Jackimaster|en nat dex\n|c|\u2606Jackimaster|No\n|c|\u2606Jackimaster|xd\n","uploadtime":1698891084,"views":5,"p1id":"gianfri2405","p2id":"jackimaster","formatid":"gen9nationaldexubers","rating":0,"private":0,"password":""}