{"id":"gen9nationaldexubers-1993715077","p1":"Foxxism","p2":"HereticalJ","format":"[Gen 9] National Dex Ubers","log":"|j|\u2606Foxxism\n|j|\u2606HereticalJ\n|t:|1700348713\n|gametype|singles\n|player|p1|Foxxism|shadowtriad|\n|player|p2|HereticalJ|clown|\n|teamsize|p1|6\n|teamsize|p2|6\n|gen|9\n|tier|[Gen 9] National Dex Ubers\n|rule|HP Percentage Mod: HP is shown in percentages\n|rule|Endless Battle Clause: Forcing endless battles is banned\n|rule|OHKO Clause: OHKO moves are banned\n|rule|Evasion Moves Clause: Evasion moves are banned\n|rule|Evasion Items Clause: Evasion items are banned\n|rule|Species Clause: Limit one of each Pok\u00e9mon\n|rule|Sleep Clause Mod: Limit one foe put to sleep\n|rule|Mega Rayquaza Clause: You cannot mega evolve Rayquaza\n|clearpoke\n|poke|p1|Scolipede, F|\n|poke|p1|Nidoking, M|\n|poke|p1|Roserade, F|\n|poke|p1|Salazzle, F|\n|poke|p1|Glimmora, F|\n|poke|p1|Drapion, M|\n|poke|p2|Grimmsnarl, M|\n|poke|p2|Kingambit, M|\n|poke|p2|Zoroark, F|\n|poke|p2|Krookodile, F|\n|poke|p2|Tyranitar, M|\n|poke|p2|Hydreigon, F|\n|teampreview\n|j| Triggerhappy50\n|\n|t:|1700348770\n|start\n|switch|p1a: Roserade|Roserade, F, shiny|100\/100\n|switch|p2a: Krookodile|Krookodile, F|100\/100\n|turn|1\n|\n|t:|1700348790\n|move|p2a: Krookodile|Psychic|p1a: Roserade\n|-supereffective|p1a: Roserade\n|-damage|p1a: Roserade|5\/100\n|-damage|p2a: Krookodile|91\/100|[from] item: Life Orb\n|move|p1a: Roserade|Dazzling Gleam|p2a: Krookodile\n|-supereffective|p2a: Krookodile\n|-damage|p2a: Krookodile|0 fnt\n|replace|p2a: Zoroark|Zoroark, F\n|-end|p2a: Zoroark|Illusion\n|faint|p2a: Zoroark\n|\n|upkeep\n|\n|t:|1700348803\n|switch|p2a: Grimmsnarl|Grimmsnarl, M|100\/100\n|turn|2\n|\n|t:|1700348812\n|move|p2a: Grimmsnarl|Light Screen|p2a: Grimmsnarl\n|-sidestart|p2: HereticalJ|move: Light Screen\n|move|p1a: Roserade|Sleep Powder|p2a: Grimmsnarl|[miss]\n|-miss|p1a: Roserade|p2a: Grimmsnarl\n|\n|upkeep\n|turn|3\n|\n|t:|1700348828\n|move|p2a: Grimmsnarl|Taunt|p1a: Roserade\n|-start|p1a: Roserade|move: Taunt\n|move|p1a: Roserade|Dazzling Gleam|p2a: Grimmsnarl\n|-supereffective|p2a: Grimmsnarl\n|-damage|p2a: Grimmsnarl|72\/100\n|\n|upkeep\n|turn|4\n|\n|t:|1700348841\n|move|p2a: Grimmsnarl|Reflect|p2a: Grimmsnarl\n|-sidestart|p2: HereticalJ|Reflect\n|move|p1a: Roserade|Power Whip|p2a: Grimmsnarl\n|-damage|p2a: Grimmsnarl|53\/100\n|\n|upkeep\n|turn|5\n|\n|t:|1700348846\n|move|p1a: Roserade|Dazzling Gleam|p2a: Grimmsnarl\n|-supereffective|p2a: Grimmsnarl\n|-damage|p2a: Grimmsnarl|25\/100\n|move|p2a: Grimmsnarl|Stomping Tantrum|p1a: Roserade\n|-damage|p1a: Roserade|0 fnt\n|faint|p1a: Roserade\n|\n|upkeep\n|\n|t:|1700348913\n|switch|p1a: Scolipede|Scolipede, F, shiny|100\/100\n|turn|6\n|\n|t:|1700348933\n|switch|p2a: Hydreigon|Hydreigon, F|100\/100\n|move|p1a: Scolipede|Swords Dance|p1a: Scolipede\n|-boost|p1a: Scolipede|atk|2\n|\n|-ability|p1a: Scolipede|Speed Boost|boost\n|-boost|p1a: Scolipede|spe|1\n|upkeep\n|turn|7\n|\n|t:|1700348959\n|move|p1a: Scolipede|Megahorn|p2a: Hydreigon\n|-supereffective|p2a: Hydreigon\n|-damage|p2a: Hydreigon|0 fnt\n|faint|p2a: Hydreigon\n|-damage|p1a: Scolipede|91\/100|[from] item: Life Orb\n|\n|-ability|p1a: Scolipede|Speed Boost|boost\n|-boost|p1a: Scolipede|spe|1\n|upkeep\n|\n|t:|1700348991\n|switch|p2a: Kingambit|Kingambit, M|100\/100\n|-activate|p2a: Kingambit|ability: Supreme Overlord\n|-start|p2a: Kingambit|fallen2|[silent]\n|turn|8\n|\n|t:|1700349025\n|move|p1a: Scolipede|Megahorn|p2a: Kingambit\n|-damage|p2a: Kingambit|35\/100\n|-damage|p1a: Scolipede|81\/100|[from] item: Life Orb\n|move|p2a: Kingambit|Zen Headbutt|p1a: Scolipede\n|-supereffective|p1a: Scolipede\n|-crit|p1a: Scolipede\n|-damage|p1a: Scolipede|0 fnt\n|faint|p1a: Scolipede\n|\n|-heal|p2a: Kingambit|42\/100|[from] item: Leftovers\n|upkeep\n|\n|t:|1700349038\n|switch|p1a: Glimmora|Glimmora, F|100\/100\n|turn|9\n|\n|t:|1700349046\n|move|p2a: Kingambit|Sucker Punch|p1a: Glimmora\n|-damage|p1a: Glimmora|42\/100\n|-activate|p1a: Glimmora|ability: Toxic Debris\n|-sidestart|p2: HereticalJ|move: Toxic Spikes\n|move|p1a: Glimmora|Power Gem|p2a: Kingambit\n|-resisted|p2a: Kingambit\n|-damage|p2a: Kingambit|32\/100\n|\n|-heal|p2a: Kingambit|39\/100|[from] item: Leftovers\n|-sideend|p2: HereticalJ|move: Light Screen\n|upkeep\n|turn|10\n|\n|t:|1700349063\n|move|p1a: Glimmora|Stealth Rock|p2a: Kingambit\n|-sidestart|p2: HereticalJ|move: Stealth Rock\n|move|p2a: Kingambit|Zen Headbutt|p1a: Glimmora\n|-supereffective|p1a: Glimmora\n|-damage|p1a: Glimmora|0 fnt\n|-activate|p1a: Glimmora|ability: Toxic Debris\n|-sidestart|p2: HereticalJ|move: Toxic Spikes\n|faint|p1a: Glimmora\n|\n|-heal|p2a: Kingambit|45\/100|[from] item: Leftovers\n|upkeep\n|\n|t:|1700349073\n|switch|p1a: Drapion|Drapion, M, shiny|100\/100\n|turn|11\n|\n|t:|1700349121\n|move|p1a: Drapion|Brick Break|p2a: Kingambit\n|-sideend|p2: HereticalJ|Reflect\n|-supereffective|p2a: Kingambit\n|-damage|p2a: Kingambit|0 fnt\n|faint|p2a: Kingambit\n|-end|p2a: Kingambit|fallen2|[silent]\n|\n|upkeep\n|\n|t:|1700349127\n|switch|p2a: Krookodile|Krookodile, F|100\/100\n|-status|p2a: Krookodile|tox\n|-damage|p2a: Krookodile|94\/100 tox|[from] Stealth Rock\n|turn|12\n|\n|t:|1700349146\n|move|p2a: Krookodile|Earthquake|p1a: Drapion\n|-supereffective|p1a: Drapion\n|-damage|p1a: Drapion|0 fnt\n|faint|p1a: Drapion\n|-ability|p2a: Krookodile|Moxie|boost\n|-boost|p2a: Krookodile|atk|1\n|\n|-damage|p2a: Krookodile|88\/100 tox|[from] psn\n|upkeep\n|\n|t:|1700349154\n|switch|p1a: Salazzle|Salazzle, F, shiny|100\/100\n|turn|13\n|\n|t:|1700349158\n|move|p1a: Salazzle|Protect|p1a: Salazzle\n|-singleturn|p1a: Salazzle|Protect\n|move|p2a: Krookodile|Earthquake|p1a: Salazzle\n|-activate|p1a: Salazzle|move: Protect\n|\n|-damage|p2a: Krookodile|76\/100 tox|[from] psn\n|upkeep\n|turn|14\n|\n|t:|1700349166\n|move|p2a: Krookodile|Earthquake|p1a: Salazzle\n|-supereffective|p1a: Salazzle\n|-damage|p1a: Salazzle|0 fnt\n|faint|p1a: Salazzle\n|-ability|p2a: Krookodile|Moxie|boost\n|-boost|p2a: Krookodile|atk|1\n|\n|-damage|p2a: Krookodile|58\/100 tox|[from] psn\n|upkeep\n|\n|t:|1700349173\n|switch|p1a: Nidoking|Nidoking, M, shiny|100\/100\n|turn|15\n|\n|t:|1700349179\n|move|p2a: Krookodile|Earthquake|p1a: Nidoking\n|-supereffective|p1a: Nidoking\n|-damage|p1a: Nidoking|0 fnt\n|faint|p1a: Nidoking\n|\n|win|HereticalJ\n|l|\u2606Foxxism\n","uploadtime":1700349186,"views":11,"p1id":"foxxism","p2id":"hereticalj","formatid":"gen9nationaldexubers","rating":0,"private":0,"password":""}