{"id":"gen9nationaldexubers-1990385593","p1":"heavylever","p2":"85792195wwww","format":"[Gen 9] National Dex Ubers","log":"|j|\u2606heavylever\n|j|\u260685792195wwww\n|t:|1699965310\n|gametype|singles\n|player|p1|heavylever|ash-unova|1656\n|player|p2|85792195wwww|mira|1490\n|teamsize|p1|6\n|teamsize|p2|6\n|gen|9\n|tier|[Gen 9] National Dex Ubers\n|rated|\n|rule|HP Percentage Mod: HP is shown in percentages\n|rule|Endless Battle Clause: Forcing endless battles is banned\n|rule|OHKO Clause: OHKO moves are banned\n|rule|Evasion Moves Clause: Evasion moves are banned\n|rule|Evasion Items Clause: Evasion items are banned\n|rule|Species Clause: Limit one of each Pok\u00e9mon\n|rule|Sleep Clause Mod: Limit one foe put to sleep\n|rule|Mega Rayquaza Clause: You cannot mega evolve Rayquaza\n|clearpoke\n|poke|p1|Giratina-Origin|\n|poke|p1|Dondozo, F|\n|poke|p1|Necrozma-Dusk-Mane|\n|poke|p1|Xerneas-*|\n|poke|p1|Zygarde|\n|poke|p1|Groudon|\n|poke|p2|Xerneas-*|\n|poke|p2|Arceus-Rock|\n|poke|p2|Deoxys-Speed|\n|poke|p2|Ogerpon-Hearthflame, F|\n|poke|p2|Groudon|\n|poke|p2|Rayquaza|\n|teampreview\n|inactive|Battle timer is ON: inactive players will automatically lose when time's up. (requested by heavylever)\n|\n|t:|1699965318\n|start\n|switch|p1a: Giratina|Giratina-Origin, shiny|100\/100\n|switch|p2a: Deoxys|Deoxys-Speed|100\/100\n|-ability|p2a: Deoxys|Pressure\n|turn|1\n|\n|t:|1699965329\n|move|p2a: Deoxys|Stealth Rock|p1a: Giratina\n|-sidestart|p1: heavylever|move: Stealth Rock\n|move|p1a: Giratina|Hex|p2a: Deoxys\n|-supereffective|p2a: Deoxys\n|-damage|p2a: Deoxys|0 fnt\n|faint|p2a: Deoxys\n|\n|upkeep\n|inactive|85792195wwww has 120 seconds left.\n|\n|t:|1699965360\n|switch|p2a: Xerneas|Xerneas|100\/100\n|-ability|p2a: Xerneas|Fairy Aura\n|turn|2\n|\n|t:|1699965380\n|move|p2a: Xerneas|Geomancy||[still]\n|-prepare|p2a: Xerneas|Geomancy\n|-enditem|p2a: Xerneas|Power Herb\n|-anim|p2a: Xerneas|Geomancy|p2a: Xerneas\n|-boost|p2a: Xerneas|spa|2\n|-boost|p2a: Xerneas|spd|2\n|-boost|p2a: Xerneas|spe|2\n|move|p1a: Giratina|Defog|p2a: Xerneas\n|-unboost|p2a: Xerneas|evasion|1\n|-sideend|p1: heavylever|Stealth Rock|[from] move: Defog|[of] p1a: Giratina\n|\n|upkeep\n|turn|3\n|\n|t:|1699965403\n|switch|p1a: Dondizzy|Dondozo, F, shiny|100\/100\n|move|p2a: Xerneas|Moonblast|p1a: Dondizzy\n|-damage|p1a: Dondizzy|26\/100\n|\n|-heal|p1a: Dondizzy|33\/100|[from] item: Leftovers\n|upkeep\n|turn|4\n|\n|t:|1699965412\n|move|p2a: Xerneas|Moonblast|p1a: Dondizzy\n|-damage|p1a: Dondizzy|0 fnt\n|faint|p1a: Dondizzy\n|\n|upkeep\n|\n|t:|1699965416\n|switch|p1a: Groudon|Groudon|100\/100\n|detailschange|p1a: Groudon|Groudon-Primal\n|-primal|p1a: Groudon|Red Orb\n|-weather|DesolateLand|[from] ability: Desolate Land|[of] p1a: Groudon\n|turn|5\n|\n|t:|1699965423\n|move|p2a: Xerneas|Grass Knot|p1a: Groudon\n|-damage|p1a: Groudon|8\/100\n|move|p1a: Groudon|Roar|p2a: Xerneas\n|drag|p2a: Groudon|Groudon|100\/100\n|detailschange|p2a: Groudon|Groudon-Primal\n|-primal|p2a: Groudon|Red Orb\n|\n|-weather|DesolateLand|[upkeep]\n|upkeep\n|turn|6\n|\n|t:|1699965431\n|switch|p2a: Rayquaza|Rayquaza|100\/100\n|-ability|p2a: Rayquaza|Air Lock\n|-weather|none\n|switch|p1a: Giratina|Giratina-Origin, shiny|100\/100\n|\n|upkeep\n|turn|7\n|\n|t:|1699965444\n|move|p2a: Rayquaza|Scale Shot|p1a: Giratina\n|-supereffective|p1a: Giratina\n|-damage|p1a: Giratina|74\/100\n|-supereffective|p1a: Giratina\n|-damage|p1a: Giratina|49\/100\n|-supereffective|p1a: Giratina\n|-damage|p1a: Giratina|24\/100\n|-supereffective|p1a: Giratina\n|-damage|p1a: Giratina|0 fnt\n|faint|p1a: Giratina\n|-hitcount|p1: Giratina|4\n|-unboost|p2a: Rayquaza|def|1\n|-boost|p2a: Rayquaza|spe|1\n|-damage|p2a: Rayquaza|91\/100|[from] item: Life Orb\n|\n|upkeep\n|\n|t:|1699965461\n|switch|p1a: Zygarde|Zygarde, shiny|100\/100\n|turn|8\n|\n|t:|1699965466\n|-terastallize|p1a: Zygarde|Fairy\n|move|p2a: Rayquaza|Swords Dance|p2a: Rayquaza\n|-boost|p2a: Rayquaza|atk|2\n|move|p1a: Zygarde|Coil|p1a: Zygarde\n|-boost|p1a: Zygarde|atk|1\n|-boost|p1a: Zygarde|def|1\n|-boost|p1a: Zygarde|accuracy|1\n|\n|upkeep\n|turn|9\n|\n|t:|1699965476\n|move|p2a: Rayquaza|Dragon Ascent|p1a: Zygarde\n|-damage|p1a: Zygarde|26\/100\n|-unboost|p2a: Rayquaza|def|1\n|-unboost|p2a: Rayquaza|spd|1\n|-damage|p2a: Rayquaza|81\/100|[from] item: Life Orb\n|move|p1a: Zygarde|Glare|p2a: Rayquaza\n|-status|p2a: Rayquaza|par\n|\n|-heal|p1a: Zygarde|33\/100|[from] item: Leftovers\n|-activate|p1a: Zygarde|ability: Power Construct\n|detailschange|p1a: Zygarde|Zygarde-Complete, shiny, tera:Fairy\n|-heal|p1a: Zygarde|57\/100|[silent]\n|upkeep\n|turn|10\n|\n|t:|1699965491\n|cant|p2a: Rayquaza|par\n|move|p1a: Zygarde|Coil|p1a: Zygarde\n|-boost|p1a: Zygarde|atk|1\n|-boost|p1a: Zygarde|def|1\n|-boost|p1a: Zygarde|accuracy|1\n|\n|-heal|p1a: Zygarde|63\/100|[from] item: Leftovers\n|upkeep\n|turn|11\n|\n|t:|1699965499\n|move|p2a: Rayquaza|Dragon Ascent|p1a: Zygarde\n|-damage|p1a: Zygarde|25\/100\n|-unboost|p2a: Rayquaza|def|1\n|-unboost|p2a: Rayquaza|spd|1\n|-damage|p2a: Rayquaza|71\/100 par|[from] item: Life Orb\n|move|p1a: Zygarde|Coil|p1a: Zygarde\n|-boost|p1a: Zygarde|atk|1\n|-boost|p1a: Zygarde|def|1\n|-boost|p1a: Zygarde|accuracy|1\n|\n|-heal|p1a: Zygarde|32\/100|[from] item: Leftovers\n|upkeep\n|turn|12\n|\n|t:|1699965520\n|move|p2a: Rayquaza|Swords Dance|p2a: Rayquaza\n|-boost|p2a: Rayquaza|atk|2\n|move|p1a: Zygarde|Rest|p1a: Zygarde\n|-status|p1a: Zygarde|slp|[from] move: Rest\n|-heal|p1a: Zygarde|100\/100 slp|[silent]\n|\n|upkeep\n|turn|13\n|\n|t:|1699965528\n|move|p2a: Rayquaza|Dragon Ascent|p1a: Zygarde\n|-damage|p1a: Zygarde|58\/100 slp\n|-unboost|p2a: Rayquaza|def|1\n|-unboost|p2a: Rayquaza|spd|1\n|-damage|p2a: Rayquaza|61\/100 par|[from] item: Life Orb\n|cant|p1a: Zygarde|slp\n|\n|-heal|p1a: Zygarde|64\/100 slp|[from] item: Leftovers\n|upkeep\n|turn|14\n|\n|t:|1699965538\n|move|p2a: Rayquaza|Dragon Ascent|p1a: Zygarde\n|-damage|p1a: Zygarde|18\/100 slp\n|-unboost|p2a: Rayquaza|def|1\n|-unboost|p2a: Rayquaza|spd|1\n|-damage|p2a: Rayquaza|51\/100 par|[from] item: Life Orb\n|cant|p1a: Zygarde|slp\n|\n|-heal|p1a: Zygarde|24\/100 slp|[from] item: Leftovers\n|upkeep\n|turn|15\n|\n|t:|1699965549\n|move|p2a: Rayquaza|Dragon Ascent|p1a: Zygarde\n|-damage|p1a: Zygarde|0 fnt\n|-unboost|p2a: Rayquaza|def|1\n|-unboost|p2a: Rayquaza|spd|1\n|faint|p1a: Zygarde\n|-damage|p2a: Rayquaza|41\/100 par|[from] item: Life Orb\n|\n|upkeep\n|-message|heavylever forfeited.\n|\n|win|85792195wwww\n|raw|heavylever's rating: 1656 &rarr; <strong>1627<\/strong><br \/>(-29 for losing)\n|raw|85792195wwww's rating: 1490 &rarr; <strong>1519<\/strong><br \/>(+29 for winning)\n|l|\u2606heavylever\n","uploadtime":1699965567,"views":5,"p1id":"heavylever","p2id":"85792195wwww","formatid":"gen9nationaldexubers","rating":1519,"private":0,"password":""}