{"id":"gen9nationaldexubers-1988214252","p1":"CSHybridZ","p2":"BlackNintendoWii","format":"[Gen 9] National Dex Ubers","log":"|j|\u2606CSHybridZ\n|j|\u2606BlackNintendoWii\n|t:|1699686707\n|gametype|singles\n|player|p1|CSHybridZ|archer|1250\n|player|p2|BlackNintendoWii|richboy-gen4|1254\n|teamsize|p1|6\n|teamsize|p2|6\n|gen|9\n|tier|[Gen 9] National Dex Ubers\n|rated|\n|rule|HP Percentage Mod: HP is shown in percentages\n|rule|Endless Battle Clause: Forcing endless battles is banned\n|rule|OHKO Clause: OHKO moves are banned\n|rule|Evasion Moves Clause: Evasion moves are banned\n|rule|Evasion Items Clause: Evasion items are banned\n|rule|Species Clause: Limit one of each Pok\u00e9mon\n|rule|Sleep Clause Mod: Limit one foe put to sleep\n|rule|Mega Rayquaza Clause: You cannot mega evolve Rayquaza\n|clearpoke\n|poke|p1|Victini|\n|poke|p1|Manaphy|\n|poke|p1|Marshadow|\n|poke|p1|Shaymin-Sky|\n|poke|p1|Klefki, F|\n|poke|p1|Morpeko, M|\n|poke|p2|Kyurem-White|\n|poke|p2|Zekrom|\n|poke|p2|Xerneas-*|\n|poke|p2|Yveltal|\n|poke|p2|Calyrex-Ice|\n|poke|p2|Pheromosa|\n|teampreview\n|inactive|Battle timer is ON: inactive players will automatically lose when time's up. (requested by CSHybridZ)\n|\n|t:|1699686724\n|start\n|switch|p1a: Victini|Victini|100\/100\n|switch|p2a: Pheromosa|Pheromosa|100\/100\n|turn|1\n|\n|t:|1699686730\n|move|p2a: Pheromosa|Taunt|p1a: Victini\n|-start|p1a: Victini|move: Taunt\n|move|p1a: Victini|Searing Shot|p2a: Pheromosa\n|-supereffective|p2a: Pheromosa\n|-enditem|p2a: Pheromosa|Focus Sash\n|-damage|p2a: Pheromosa|1\/100\n|-status|p2a: Pheromosa|brn\n|\n|-damage|p2a: Pheromosa|0 fnt|[from] brn\n|faint|p2a: Pheromosa\n|upkeep\n|inactive|BlackNintendoWii has 120 seconds left.\n|\n|t:|1699686786\n|switch|p2a: Kyurem|Kyurem-White|100\/100\n|-ability|p2a: Kyurem|Turboblaze\n|turn|2\n|\n|t:|1699686794\n|move|p2a: Kyurem|Earth Power|p1a: Victini\n|-supereffective|p1a: Victini\n|-damage|p1a: Victini|51\/100\n|move|p1a: Victini|Glaciate|p2a: Kyurem\n|-damage|p2a: Kyurem|83\/100\n|-unboost|p2a: Kyurem|spe|1\n|\n|upkeep\n|turn|3\n|\n|t:|1699686807\n|move|p2a: Kyurem|Earth Power|p1a: Victini\n|-supereffective|p1a: Victini\n|-damage|p1a: Victini|6\/100\n|move|p1a: Victini|U-turn|p2a: Kyurem\n|-damage|p2a: Kyurem|66\/100\n|\n|t:|1699686812\n|switch|p1a: Marshadow|Marshadow|100\/100|[from] U-turn\n|\n|upkeep\n|turn|4\n|\n|t:|1699686820\n|switch|p2a: Yveltal|Yveltal|100\/100\n|-ability|p2a: Yveltal|Dark Aura\n|move|p1a: Marshadow|Force Palm|p2a: Yveltal\n|-damage|p2a: Yveltal|72\/100\n|\n|upkeep\n|turn|5\n|inactive|BlackNintendoWii has 120 seconds left.\n|\n|t:|1699686830\n|move|p1a: Marshadow|Rock Tomb|p2a: Yveltal\n|-supereffective|p2a: Yveltal\n|-damage|p2a: Yveltal|30\/100\n|-unboost|p2a: Yveltal|spe|1\n|-enditem|p2a: Yveltal|Sitrus Berry|[eat]\n|-heal|p2a: Yveltal|55\/100|[from] item: Sitrus Berry\n|move|p2a: Yveltal|Tailwind|p2a: Yveltal\n|-sidestart|p2: BlackNintendoWii|move: Tailwind\n|\n|upkeep\n|turn|6\n|\n|t:|1699686844\n|switch|p1a: Klefki|Klefki, F|100\/100\n|move|p2a: Yveltal|Oblivion Wing|p1a: Klefki\n|-resisted|p1a: Klefki\n|-damage|p1a: Klefki|80\/100\n|-heal|p2a: Yveltal|66\/100|[from] drain|[of] p1a: Klefki\n|\n|upkeep\n|turn|7\n|\n|t:|1699686853\n|move|p2a: Yveltal|Taunt|p1a: Klefki\n|-start|p1a: Klefki|move: Taunt\n|move|p1a: Klefki|Dazzling Gleam|p2a: Yveltal\n|-supereffective|p2a: Yveltal\n|-damage|p2a: Yveltal|32\/100\n|\n|upkeep\n|turn|8\n|\n|t:|1699686863\n|switch|p2a: Xerneas|Xerneas|100\/100\n|-ability|p2a: Xerneas|Fairy Aura\n|move|p1a: Klefki|Dazzling Gleam|p2a: Xerneas\n|-damage|p2a: Xerneas|79\/100\n|\n|-sideend|p2: BlackNintendoWii|move: Tailwind\n|upkeep\n|turn|9\n|\n|t:|1699686874\n|switch|p1a: Victini|Victini|6\/100\n|move|p2a: Xerneas|Geomancy||[still]\n|-prepare|p2a: Xerneas|Geomancy\n|-enditem|p2a: Xerneas|Power Herb\n|-anim|p2a: Xerneas|Geomancy|p2a: Xerneas\n|-boost|p2a: Xerneas|spa|2\n|-boost|p2a: Xerneas|spd|2\n|-boost|p2a: Xerneas|spe|2\n|\n|upkeep\n|turn|10\n|\n|t:|1699686885\n|move|p2a: Xerneas|Moonblast|p1a: Victini\n|-resisted|p1a: Victini\n|-damage|p1a: Victini|0 fnt\n|faint|p1a: Victini\n|\n|upkeep\n|\n|t:|1699686894\n|switch|p1a: Marshadow|Marshadow|100\/100\n|turn|11\n|\n|t:|1699686899\n|move|p2a: Xerneas|Moonblast|p1a: Marshadow\n|-supereffective|p1a: Marshadow\n|-enditem|p1a: Marshadow|Focus Sash\n|-damage|p1a: Marshadow|1\/100\n|move|p1a: Marshadow|Spectral Thief||[still]\n|-clearpositiveboost|p2a: Xerneas|p1a: Marshadow|move: Spectral Thief\n|-boost|p1a: Marshadow|spa|2\n|-boost|p1a: Marshadow|spd|2\n|-boost|p1a: Marshadow|spe|2\n|-anim|p1a: Marshadow|Spectral Thief|p2a: Xerneas\n|-damage|p2a: Xerneas|44\/100\n|\n|upkeep\n|turn|12\n|\n|t:|1699686915\n|move|p1a: Marshadow|Spectral Thief|p2a: Xerneas\n|-damage|p2a: Xerneas|6\/100\n|move|p2a: Xerneas|Moonblast|p1a: Marshadow\n|-supereffective|p1a: Marshadow\n|-crit|p1a: Marshadow\n|-damage|p1a: Marshadow|0 fnt\n|faint|p1a: Marshadow\n|\n|upkeep\n|\n|t:|1699686926\n|switch|p1a: Klefki|Klefki, F|80\/100\n|turn|13\n|\n|t:|1699686935\n|move|p2a: Xerneas|Thunderbolt|p1a: Klefki\n|-damage|p1a: Klefki|35\/100\n|move|p1a: Klefki|Dazzling Gleam|p2a: Xerneas\n|-damage|p2a: Xerneas|0 fnt\n|faint|p2a: Xerneas\n|\n|upkeep\n|\n|t:|1699686946\n|switch|p2a: Calyrex|Calyrex-Ice|100\/100\n|-ability|p2a: Calyrex|As One\n|-ability|p2a: Calyrex|Unnerve\n|turn|14\n|\n|t:|1699686955\n|move|p1a: Klefki|Thunder Wave|p2a: Calyrex\n|-status|p2a: Calyrex|par\n|cant|p2a: Calyrex|par\n|\n|upkeep\n|turn|15\n|\n|t:|1699686964\n|move|p1a: Klefki|Dazzling Gleam|p2a: Calyrex\n|-damage|p2a: Calyrex|82\/100 par\n|move|p2a: Calyrex|Close Combat|p1a: Klefki\n|-damage|p1a: Klefki|0 fnt\n|-unboost|p2a: Calyrex|def|1\n|-unboost|p2a: Calyrex|spd|1\n|faint|p1a: Klefki\n|-ability|p2a: Calyrex|Chilling Neigh|boost\n|-boost|p2a: Calyrex|atk|1\n|\n|upkeep\n|\n|t:|1699686975\n|switch|p1a: Manaphy|Manaphy|100\/100\n|turn|16\n|\n|t:|1699686980\n|switch|p2a: Zekrom|Zekrom|100\/100\n|-ability|p2a: Zekrom|Teravolt\n|move|p1a: Manaphy|Acid Armor|p1a: Manaphy\n|-boost|p1a: Manaphy|def|2\n|\n|upkeep\n|turn|17\n|\n|t:|1699686992\n|-terastallize|p1a: Manaphy|Grass\n|move|p2a: Zekrom|Tailwind|p2a: Zekrom\n|-sidestart|p2: BlackNintendoWii|move: Tailwind\n|move|p1a: Manaphy|Take Heart|p1a: Manaphy\n|-boost|p1a: Manaphy|spa|1\n|-boost|p1a: Manaphy|spd|1\n|\n|upkeep\n|turn|18\n|\n|t:|1699687002\n|move|p2a: Zekrom|Outrage|p1a: Manaphy\n|-damage|p1a: Manaphy|77\/100\n|move|p1a: Manaphy|Take Heart|p1a: Manaphy\n|-boost|p1a: Manaphy|spa|1\n|-boost|p1a: Manaphy|spd|1\n|\n|-heal|p1a: Manaphy|84\/100|[from] item: Leftovers\n|upkeep\n|turn|19\n|\n|t:|1699687010\n|move|p2a: Zekrom|Outrage|p1a: Manaphy|[from]lockedmove\n|-damage|p1a: Manaphy|60\/100\n|move|p1a: Manaphy|Acid Armor|p1a: Manaphy\n|-boost|p1a: Manaphy|def|2\n|\n|-heal|p1a: Manaphy|66\/100|[from] item: Leftovers\n|upkeep\n|turn|20\n|\n|t:|1699687018\n|move|p2a: Zekrom|Outrage|p1a: Manaphy|[from]lockedmove\n|-damage|p1a: Manaphy|50\/100\n|-start|p2a: Zekrom|confusion|[fatigue]\n|move|p1a: Manaphy|Stored Power|p2a: Zekrom\n|-crit|p2a: Zekrom\n|-damage|p2a: Zekrom|0 fnt\n|faint|p2a: Zekrom\n|\n|-heal|p1a: Manaphy|56\/100|[from] item: Leftovers\n|-sideend|p2: BlackNintendoWii|move: Tailwind\n|upkeep\n|\n|t:|1699687031\n|switch|p2a: Kyurem|Kyurem-White|66\/100\n|-ability|p2a: Kyurem|Turboblaze\n|turn|21\n|\n|t:|1699687035\n|move|p2a: Kyurem|Ice Beam|p1a: Manaphy\n|-supereffective|p1a: Manaphy\n|-damage|p1a: Manaphy|7\/100\n|move|p1a: Manaphy|Stored Power|p2a: Kyurem\n|-damage|p2a: Kyurem|0 fnt\n|faint|p2a: Kyurem\n|\n|-heal|p1a: Manaphy|13\/100|[from] item: Leftovers\n|upkeep\n|\n|t:|1699687042\n|switch|p2a: Yveltal|Yveltal|32\/100\n|-ability|p2a: Yveltal|Dark Aura\n|turn|22\n|\n|t:|1699687047\n|move|p2a: Yveltal|Sucker Punch|p1a: Manaphy\n|-damage|p1a: Manaphy|3\/100\n|move|p1a: Manaphy|Surf|p2a: Yveltal\n|-damage|p2a: Yveltal|0 fnt\n|faint|p2a: Yveltal\n|\n|-heal|p1a: Manaphy|9\/100|[from] item: Leftovers\n|upkeep\n|-message|BlackNintendoWii forfeited.\n|\n|win|CSHybridZ\n|raw|CSHybridZ's rating: 1250 &rarr; <strong>1275<\/strong><br \/>(+25 for winning)\n|raw|BlackNintendoWii's rating: 1254 &rarr; <strong>1229<\/strong><br \/>(-25 for losing)\n|l|\u2606BlackNintendoWii\n","uploadtime":1699687443,"views":4,"p1id":"cshybridz","p2id":"blacknintendowii","formatid":"gen9nationaldexubers","rating":1229,"private":0,"password":""}