{"id":"gen9nationaldexubers-1994087875","p1":"Smoukingrad","p2":"Yoddle Yoddle","format":"[Gen 9] National Dex Ubers","log":"|j|\u2606Smoukingrad\n|j|\u2606Yoddle Yoddle\n|t:|1700405288\n|gametype|singles\n|player|p1|Smoukingrad|kimonogirl|\n|player|p2|Yoddle Yoddle|preschooler|\n|teamsize|p1|6\n|teamsize|p2|6\n|gen|9\n|tier|[Gen 9] National Dex Ubers\n|rule|HP Percentage Mod: HP is shown in percentages\n|rule|Endless Battle Clause: Forcing endless battles is banned\n|rule|OHKO Clause: OHKO moves are banned\n|rule|Evasion Moves Clause: Evasion moves are banned\n|rule|Evasion Items Clause: Evasion items are banned\n|rule|Species Clause: Limit one of each Pok\u00e9mon\n|rule|Sleep Clause Mod: Limit one foe put to sleep\n|rule|Mega Rayquaza Clause: You cannot mega evolve Rayquaza\n|clearpoke\n|poke|p1|Marshadow|\n|poke|p1|Arceus-Ground|\n|poke|p1|Groudon|\n|poke|p1|Ho-Oh|\n|poke|p1|Salamence, M|\n|poke|p1|Flutter Mane|\n|poke|p2|Zacian-*|\n|poke|p2|Necrozma-Dusk-Mane|\n|poke|p2|Xerneas-*|\n|poke|p2|Palkia-Origin|\n|poke|p2|Groudon|\n|poke|p2|Slurpuff, M|\n|teampreview\n|j| Kai_Kitt\n|\n|t:|1700405303\n|start\n|switch|p1a: Oh-Ho|Ho-Oh|100\/100\n|switch|p2a: Slurp la pouffe|Slurpuff, M, shiny|100\/100\n|turn|1\n|j| Gatubraz\n|\n|t:|1700405309\n|move|p2a: Slurp la pouffe|Toxic|p1a: Oh-Ho\n|-status|p1a: Oh-Ho|tox\n|move|p1a: Oh-Ho|Sacred Fire|p2a: Slurp la pouffe\n|-damage|p2a: Slurp la pouffe|33\/100\n|-status|p2a: Slurp la pouffe|brn\n|\n|-damage|p1a: Oh-Ho|94\/100 tox|[from] psn\n|-damage|p2a: Slurp la pouffe|26\/100 brn|[from] brn\n|upkeep\n|turn|2\n|\n|t:|1700405317\n|move|p2a: Slurp la pouffe|Endeavor|p1a: Oh-Ho\n|-damage|p1a: Oh-Ho|18\/100 tox\n|move|p1a: Oh-Ho|Brave Bird|p2a: Slurp la pouffe\n|-damage|p2a: Slurp la pouffe|0 fnt\n|faint|p2a: Slurp la pouffe\n|-damage|p1a: Oh-Ho|12\/100 tox|[from] Recoil\n|\n|-damage|p1a: Oh-Ho|0 fnt|[from] psn\n|faint|p1a: Oh-Ho\n|upkeep\n|\n|t:|1700405332\n|switch|p2a: Nokia|Palkia-Origin, shiny|100\/100\n|switch|p1a: DeusExCeus|Arceus-Ground|100\/100\n|-ability|p2a: Nokia|Pressure\n|turn|3\n|\n|t:|1700405340\n|move|p2a: Nokia|Surf|p1a: DeusExCeus\n|-supereffective|p1a: DeusExCeus\n|-damage|p1a: DeusExCeus|4\/100\n|move|p1a: DeusExCeus|Toxic|p2a: Nokia\n|-status|p2a: Nokia|tox\n|\n|-damage|p2a: Nokia|94\/100 tox|[from] psn\n|upkeep\n|turn|4\n|\n|t:|1700405345\n|switch|p1a: Goudron|Groudon|100\/100\n|detailschange|p1a: Goudron|Groudon-Primal\n|-primal|p1a: Goudron|Red Orb\n|-weather|DesolateLand|[from] ability: Desolate Land|[of] p1a: Goudron\n|move|p2a: Nokia|Spacial Rend|p1a: Goudron\n|-crit|p1a: Goudron\n|-damage|p1a: Goudron|0 fnt\n|faint|p1a: Goudron\n|-weather|none\n|\n|-damage|p2a: Nokia|82\/100 tox|[from] psn\n|upkeep\n|j| MP555\n|\n|t:|1700405379\n|switch|p1a: M\u00e9ga-Feufor\u00eave|Flutter Mane|100\/100\n|turn|5\n|c|\u2606Yoddle Yoddle|!data lustrous globe\n|raw|<ul class=\"utilichart\"><li class=\"result\"><span class=\"col itemiconcol\"><psicon item=\"lustrousglobe\"><\/span> <span class=\"col namecol\"><a href=\"https:\/\/dex.pokemonshowdown.com\/items\/lustrousglobe\">Lustrous Globe<\/a><\/span> <span class=\"col itemdesccol\">If held by a Palkia, its Water- and Dragon-type attacks have 1.2x power.<\/span> <\/li><li style=\"clear:both\"><\/li><\/ul>\n\n|c|\u2606Yoddle Yoddle|!data spacial rend\n|raw|<ul class=\"utilichart\"><li class=\"result\"><span class=\"col movenamecol\"><a href=\"https:\/\/dex.pokemonshowdown.com\/moves\/spacialrend\">Spacial Rend<\/a><\/span> <span class=\"col typecol\"><img src=\"\/\/play.pokemonshowdown.com\/sprites\/types\/Dragon.png\" alt=\"Dragon\" width=\"32\" height=\"14\"><img src=\"\/\/play.pokemonshowdown.com\/sprites\/categories\/Special.png\" alt=\"Special\" width=\"32\" height=\"14\"><\/span> <span class=\"col labelcol\"><em>Power<\/em><br>100<\/span> <span class=\"col widelabelcol\"><em>Accuracy<\/em><br>95%<\/span> <span class=\"col pplabelcol\"><em>PP<\/em><br>8<\/span> <span class=\"col movedesccol\">High critical hit ratio.<\/span> <\/li><li style=\"clear:both\"><\/li><\/ul>\n\n|\n|t:|1700405398\n|move|p1a: M\u00e9ga-Feufor\u00eave|Calm Mind|p1a: M\u00e9ga-Feufor\u00eave\n|-boost|p1a: M\u00e9ga-Feufor\u00eave|spa|1\n|-boost|p1a: M\u00e9ga-Feufor\u00eave|spd|1\n|move|p2a: Nokia|Surf|p1a: M\u00e9ga-Feufor\u00eave\n|-damage|p1a: M\u00e9ga-Feufor\u00eave|53\/100\n|\n|-damage|p2a: Nokia|63\/100 tox|[from] psn\n|upkeep\n|turn|6\n|\n|t:|1700405406\n|move|p1a: M\u00e9ga-Feufor\u00eave|Moonblast|p2a: Nokia\n|-supereffective|p2a: Nokia\n|-damage|p2a: Nokia|0 fnt\n|faint|p2a: Nokia\n|-damage|p1a: M\u00e9ga-Feufor\u00eave|43\/100|[from] item: Life Orb\n|\n|upkeep\n|\n|t:|1700405415\n|switch|p2a: Wafwafsword|Zacian-Crowned, shiny|100\/100\n|-ability|p2a: Wafwafsword|Intrepid Sword|boost\n|-boost|p2a: Wafwafsword|atk|1\n|turn|7\n|\n|t:|1700405421\n|move|p2a: Wafwafsword|Behemoth Blade|p1a: M\u00e9ga-Feufor\u00eave\n|-supereffective|p1a: M\u00e9ga-Feufor\u00eave\n|-damage|p1a: M\u00e9ga-Feufor\u00eave|0 fnt\n|faint|p1a: M\u00e9ga-Feufor\u00eave\n|-end|p1a: M\u00e9ga-Feufor\u00eave|Protosynthesis|[silent]\n|\n|upkeep\n|\n|t:|1700405423\n|switch|p1a: B\u00e9bounet|Marshadow|100\/100\n|turn|8\n|\n|t:|1700405439\n|switch|p2a: Goudron|Groudon, shiny|100\/100\n|detailschange|p2a: Goudron|Groudon-Primal, shiny\n|-primal|p2a: Goudron|Red Orb\n|-weather|DesolateLand|[from] ability: Desolate Land|[of] p2a: Goudron\n|move|p1a: B\u00e9bounet|Spectral Thief|p2a: Goudron\n|-damage|p2a: Goudron|69\/100\n|\n|-weather|DesolateLand|[upkeep]\n|upkeep\n|turn|9\n|\n|t:|1700405447\n|switch|p1a: DeusExCeus|Arceus-Ground|4\/100\n|move|p2a: Goudron|Stealth Rock|p1a: DeusExCeus\n|-sidestart|p1: Smoukingrad|move: Stealth Rock\n|\n|-weather|DesolateLand|[upkeep]\n|upkeep\n|turn|10\n|\n|t:|1700405453\n|move|p1a: DeusExCeus|Recover|p1a: DeusExCeus\n|-heal|p1a: DeusExCeus|54\/100\n|move|p2a: Goudron|Eruption|p1a: DeusExCeus\n|-damage|p1a: DeusExCeus|0 fnt\n|faint|p1a: DeusExCeus\n|\n|-weather|DesolateLand|[upkeep]\n|upkeep\n|\n|t:|1700405456\n|switch|p1a: Z\u00e9phyr21|Salamence, M|100\/100\n|-damage|p1a: Z\u00e9phyr21|76\/100|[from] Stealth Rock\n|-ability|p1a: Z\u00e9phyr21|Intimidate|boost\n|-unboost|p2a: Goudron|atk|1\n|turn|11\n|\n|t:|1700405464\n|detailschange|p1a: Z\u00e9phyr21|Salamence-Mega, M\n|-mega|p1a: Z\u00e9phyr21|Salamence|Salamencite\n|move|p1a: Z\u00e9phyr21|Dragon Dance|p1a: Z\u00e9phyr21\n|-boost|p1a: Z\u00e9phyr21|atk|1\n|-boost|p1a: Z\u00e9phyr21|spe|1\n|move|p2a: Goudron|Stone Edge|p1a: Z\u00e9phyr21\n|-supereffective|p1a: Z\u00e9phyr21\n|-damage|p1a: Z\u00e9phyr21|34\/100\n|\n|-weather|DesolateLand|[upkeep]\n|upkeep\n|turn|12\n|\n|t:|1700405471\n|move|p1a: Z\u00e9phyr21|Roost|p1a: Z\u00e9phyr21\n|-heal|p1a: Z\u00e9phyr21|84\/100\n|-singleturn|p1a: Z\u00e9phyr21|move: Roost\n|move|p2a: Goudron|Stone Edge|p1a: Z\u00e9phyr21\n|-damage|p1a: Z\u00e9phyr21|64\/100\n|\n|-weather|DesolateLand|[upkeep]\n|upkeep\n|turn|13\n|\n|t:|1700405480\n|-weather|none\n|switch|p2a: Negrozma|Necrozma-Dusk-Mane, shiny|100\/100\n|move|p1a: Z\u00e9phyr21|Dragon Dance|p1a: Z\u00e9phyr21\n|-boost|p1a: Z\u00e9phyr21|atk|1\n|-boost|p1a: Z\u00e9phyr21|spe|1\n|\n|upkeep\n|turn|14\n|\n|t:|1700405486\n|move|p1a: Z\u00e9phyr21|Dragon Dance|p1a: Z\u00e9phyr21\n|-boost|p1a: Z\u00e9phyr21|atk|1\n|-boost|p1a: Z\u00e9phyr21|spe|1\n|move|p2a: Negrozma|Sunsteel Strike|p1a: Z\u00e9phyr21\n|-damage|p1a: Z\u00e9phyr21|13\/100\n|\n|upkeep\n|turn|15\n|l| MP555\n|\n|t:|1700405492\n|move|p1a: Z\u00e9phyr21|Roost|p1a: Z\u00e9phyr21\n|-heal|p1a: Z\u00e9phyr21|63\/100\n|-singleturn|p1a: Z\u00e9phyr21|move: Roost\n|move|p2a: Negrozma|Sunsteel Strike|p1a: Z\u00e9phyr21\n|-damage|p1a: Z\u00e9phyr21|9\/100\n|\n|upkeep\n|turn|16\n|\n|t:|1700405500\n|move|p1a: Z\u00e9phyr21|Roost|p1a: Z\u00e9phyr21\n|-heal|p1a: Z\u00e9phyr21|59\/100\n|-singleturn|p1a: Z\u00e9phyr21|move: Roost\n|move|p2a: Negrozma|Sunsteel Strike|p1a: Z\u00e9phyr21\n|-damage|p1a: Z\u00e9phyr21|5\/100\n|\n|upkeep\n|turn|17\n|\n|t:|1700405507\n|move|p1a: Z\u00e9phyr21|Roost|p1a: Z\u00e9phyr21\n|-heal|p1a: Z\u00e9phyr21|55\/100\n|-singleturn|p1a: Z\u00e9phyr21|move: Roost\n|move|p2a: Negrozma|Sunsteel Strike|p1a: Z\u00e9phyr21\n|-damage|p1a: Z\u00e9phyr21|4\/100\n|\n|upkeep\n|turn|18\n|\n|t:|1700405514\n|move|p1a: Z\u00e9phyr21|Roost|p1a: Z\u00e9phyr21\n|-heal|p1a: Z\u00e9phyr21|54\/100\n|-singleturn|p1a: Z\u00e9phyr21|move: Roost\n|move|p2a: Negrozma|Sunsteel Strike|p1a: Z\u00e9phyr21\n|-damage|p1a: Z\u00e9phyr21|0 fnt\n|faint|p1a: Z\u00e9phyr21\n|\n|upkeep\n|\n|t:|1700405518\n|switch|p1a: B\u00e9bounet|Marshadow|100\/100\n|-damage|p1a: B\u00e9bounet|94\/100|[from] Stealth Rock\n|turn|19\n|\n|t:|1700405525\n|move|p1a: B\u00e9bounet|Poltergeist|p2a: Negrozma|[miss]\n|-miss|p1a: B\u00e9bounet|p2a: Negrozma\n|move|p2a: Negrozma|Sunsteel Strike|p1a: B\u00e9bounet\n|-damage|p1a: B\u00e9bounet|8\/100\n|\n|upkeep\n|turn|20\n|\n|t:|1700405533\n|move|p1a: B\u00e9bounet|Low Kick|p2a: Negrozma\n|-damage|p2a: Negrozma|54\/100\n|move|p2a: Negrozma|Sunsteel Strike|p1a: B\u00e9bounet\n|-damage|p1a: B\u00e9bounet|0 fnt\n|faint|p1a: B\u00e9bounet\n|\n|win|Yoddle Yoddle\n","uploadtime":1700405555,"views":6,"p1id":"smoukingrad","p2id":"yoddleyoddle","formatid":"gen9nationaldexubers","rating":0,"private":0,"password":""}