{"id":"gen9nationaldexubers-1979695214","p1":"Rayquaza59","p2":"Plastic_hand","format":"[Gen 9] National Dex Ubers","log":"|j|\u2606Rayquaza59\n|j|\u2606Plastic_hand\n|t:|1698704058\n|gametype|singles\n|player|p1|Rayquaza59|unknownf|\n|player|p2|Plastic_hand|shauntal|\n|teamsize|p1|2\n|teamsize|p2|2\n|gen|9\n|tier|[Gen 9] National Dex Ubers\n|rule|HP Percentage Mod: HP is shown in percentages\n|rule|Endless Battle Clause: Forcing endless battles is banned\n|rule|OHKO Clause: OHKO moves are banned\n|rule|Evasion Moves Clause: Evasion moves are banned\n|rule|Evasion Items Clause: Evasion items are banned\n|rule|Species Clause: Limit one of each Pok\u00e9mon\n|rule|Sleep Clause Mod: Limit one foe put to sleep\n|rule|Mega Rayquaza Clause: You cannot mega evolve Rayquaza\n|clearpoke\n|poke|p1|Froakie, L8, M|\n|poke|p1|Tyrunt, L8, F|\n|poke|p2|Flabe\u0301be\u0301-Yellow, L9, F|\n|poke|p2|Mimikyu, L9, F|\n|teampreview\n|\n|t:|1698704072\n|start\n|switch|p1a: Tyrunt|Tyrunt, L8, F, shiny|100\/100\n|switch|p2a: Mimikyu|Mimikyu, L9, F|100\/100\n|turn|1\n|\n|t:|1698704090\n|switch|p2a: Flabe\u0301be\u0301|Flabe\u0301be\u0301-Yellow, L9, F|100\/100\n|move|p1a: Tyrunt|Iron Defense|p1a: Tyrunt\n|-boost|p1a: Tyrunt|def|2\n|\n|upkeep\n|turn|2\n|\n|t:|1698704100\n|move|p1a: Tyrunt|Fire Fang|p2a: Flabe\u0301be\u0301\n|-damage|p2a: Flabe\u0301be\u0301|38\/100\n|move|p2a: Flabe\u0301be\u0301|Fairy Wind|p1a: Tyrunt\n|-supereffective|p1a: Tyrunt\n|-damage|p1a: Tyrunt|28\/100\n|\n|upkeep\n|turn|3\n|\n|t:|1698704107\n|move|p1a: Tyrunt|Fire Fang|p2a: Flabe\u0301be\u0301\n|-damage|p2a: Flabe\u0301be\u0301|0 fnt\n|faint|p2a: Flabe\u0301be\u0301\n|\n|upkeep\n|\n|t:|1698704110\n|switch|p2a: Mimikyu|Mimikyu, L9, F|100\/100\n|turn|4\n|\n|t:|1698704114\n|move|p2a: Mimikyu|Wood Hammer|p1a: Tyrunt\n|-damage|p1a: Tyrunt|4\/100\n|-damage|p2a: Mimikyu|91\/100|[from] Recoil\n|move|p1a: Tyrunt|Toxic|p2a: Mimikyu\n|-status|p2a: Mimikyu|tox\n|\n|-damage|p2a: Mimikyu|88\/100 tox|[from] psn\n|upkeep\n|turn|5\n|\n|t:|1698704126\n|move|p2a: Mimikyu|Shadow Sneak|p1a: Tyrunt\n|-damage|p1a: Tyrunt|0 fnt\n|faint|p1a: Tyrunt\n|\n|-damage|p2a: Mimikyu|81\/100 tox|[from] psn\n|upkeep\n|\n|t:|1698704133\n|switch|p1a: Froakie|Froakie, L8, M|100\/100\n|turn|6\n|\n|t:|1698704147\n|move|p1a: Froakie|Protect|p1a: Froakie\n|-singleturn|p1a: Froakie|Protect\n|move|p2a: Mimikyu|Wood Hammer|p1a: Froakie\n|-activate|p1a: Froakie|move: Protect\n|\n|-damage|p2a: Mimikyu|71\/100 tox|[from] psn\n|upkeep\n|turn|7\n|\n|t:|1698704156\n|move|p2a: Mimikyu|Wood Hammer|p1a: Froakie\n|-supereffective|p1a: Froakie\n|-crit|p1a: Froakie\n|-damage|p1a: Froakie|0 fnt\n|faint|p1a: Froakie\n|-damage|p2a: Mimikyu|39\/100 tox|[from] Recoil\n|\n|win|Plastic_hand\n","uploadtime":1698704166,"views":10,"p1id":"rayquaza59","p2id":"plastichand","formatid":"gen9nationaldexubers","rating":0,"private":0,"password":""}