{"id":"gen9nationaldexubers-1982976524","p1":"MMQZA2","p2":"Dracko20Gms","format":"[Gen 9] National Dex Ubers","log":"|j|\u2606MMQZA2\n|j|\u2606Dracko20Gms\n|t:|1699065353\n|gametype|singles\n|player|p1|MMQZA2|102|1299\n|player|p2|Dracko20Gms|hilbert-wonderlauncher|1286\n|teamsize|p1|6\n|teamsize|p2|6\n|gen|9\n|tier|[Gen 9] National Dex Ubers\n|rated|\n|rule|HP Percentage Mod: HP is shown in percentages\n|rule|Endless Battle Clause: Forcing endless battles is banned\n|rule|OHKO Clause: OHKO moves are banned\n|rule|Evasion Moves Clause: Evasion moves are banned\n|rule|Evasion Items Clause: Evasion items are banned\n|rule|Species Clause: Limit one of each Pok\u00e9mon\n|rule|Sleep Clause Mod: Limit one foe put to sleep\n|rule|Mega Rayquaza Clause: You cannot mega evolve Rayquaza\n|clearpoke\n|poke|p1|Kingambit, M|\n|poke|p1|Roaring Moon|\n|poke|p1|Glimmora, M|\n|poke|p1|Moltres|\n|poke|p1|Gholdengo|\n|poke|p1|Diancie|\n|poke|p2|Darmanitan-Galar, M|\n|poke|p2|Blaziken, M|\n|poke|p2|Flutter Mane|\n|poke|p2|Kyogre|\n|poke|p2|Garganacl, F|\n|poke|p2|Lugia|\n|teampreview\n|inactive|Battle timer is ON: inactive players will automatically lose when time's up. (requested by Dracko20Gms)\n|j| josh_bullet\n|l| josh_bullet\n|\n|t:|1699065374\n|start\n|switch|p1a: Glimmora|Glimmora, M|100\/100\n|switch|p2a: Blaziken|Blaziken, M|100\/100\n|turn|1\n|\n|t:|1699065395\n|switch|p2a: Kyogre|Kyogre, shiny|100\/100\n|detailschange|p2a: Kyogre|Kyogre-Primal, shiny\n|-primal|p2a: Kyogre|Blue Orb\n|-weather|PrimordialSea|[from] ability: Primordial Sea|[of] p2a: Kyogre\n|move|p1a: Glimmora|Stealth Rock|p2a: Kyogre\n|-sidestart|p2: Dracko20Gms|move: Stealth Rock\n|\n|-weather|PrimordialSea|[upkeep]\n|upkeep\n|turn|2\n|\n|t:|1699065406\n|-terastallize|p1a: Glimmora|Grass\n|move|p1a: Glimmora|Energy Ball|p2a: Kyogre\n|-supereffective|p2a: Kyogre\n|-damage|p2a: Kyogre|51\/100\n|move|p2a: Kyogre|Origin Pulse|p1a: Glimmora\n|-resisted|p1a: Glimmora\n|-damage|p1a: Glimmora|12\/100\n|\n|-weather|PrimordialSea|[upkeep]\n|upkeep\n|turn|3\n|\n|t:|1699065415\n|-weather|none\n|switch|p2a: Lugia|Lugia, shiny|100\/100\n|move|p1a: Glimmora|Mortal Spin|p2a: Lugia\n|-damage|p2a: Lugia|98\/100\n|-status|p2a: Lugia|psn\n|\n|-damage|p2a: Lugia|86\/100 psn|[from] psn\n|upkeep\n|turn|4\n|\n|t:|1699065426\n|switch|p1a: Gholdengo|Gholdengo|100\/100\n|-item|p1a: Gholdengo|Air Balloon\n|move|p2a: Lugia|Aeroblast|p1a: Gholdengo\n|-resisted|p1a: Gholdengo\n|-damage|p1a: Gholdengo|84\/100\n|-enditem|p1a: Gholdengo|Air Balloon\n|\n|-damage|p2a: Lugia|73\/100 psn|[from] psn\n|upkeep\n|turn|5\n|\n|t:|1699065446\n|switch|p2a: Blaziken|Blaziken, M|100\/100\n|-damage|p2a: Blaziken|88\/100|[from] Stealth Rock\n|move|p1a: Gholdengo|Nasty Plot|p1a: Gholdengo\n|-boost|p1a: Gholdengo|spa|2\n|\n|upkeep\n|turn|6\n|\n|t:|1699065461\n|switch|p1a: Moltres|Moltres|100\/100\n|detailschange|p2a: Blaziken|Blaziken-Mega, M\n|-mega|p2a: Blaziken|Blaziken|Blazikenite\n|move|p2a: Blaziken|Flare Blitz|p1a: Moltres\n|-resisted|p1a: Moltres\n|-damage|p1a: Moltres|75\/100\n|-damage|p2a: Blaziken|78\/100|[from] Recoil\n|\n|-ability|p2a: Blaziken|Speed Boost|boost\n|-boost|p2a: Blaziken|spe|1\n|upkeep\n|turn|7\n|\n|t:|1699065480\n|switch|p2a: Lugia|Lugia, shiny|73\/100 psn\n|switch|p1a: Glimmora|Glimmora, M, tera:Grass|12\/100\n|\n|-damage|p2a: Lugia|61\/100 psn|[from] psn\n|upkeep\n|turn|8\n|\n|t:|1699065495\n|switch|p1a: Kingambit|Kingambit, M|100\/100\n|move|p2a: Lugia|Aeroblast|p1a: Kingambit\n|-resisted|p1a: Kingambit\n|-damage|p1a: Kingambit|83\/100\n|\n|-damage|p2a: Lugia|48\/100 psn|[from] psn\n|upkeep\n|turn|9\n|\n|t:|1699065507\n|switch|p2a: Blaziken|Blaziken-Mega, M|78\/100\n|-damage|p2a: Blaziken|65\/100|[from] Stealth Rock\n|move|p1a: Kingambit|Knock Off|p2a: Blaziken\n|-resisted|p2a: Blaziken\n|-damage|p2a: Blaziken|33\/100\n|\n|upkeep\n|turn|10\n|\n|t:|1699065519\n|-end|p1a: Kingambit|fallenundefined|[silent]\n|switch|p1a: Glimmora|Glimmora, M, tera:Grass|12\/100\n|move|p2a: Blaziken|Close Combat|p1a: Glimmora\n|-crit|p1a: Glimmora\n|-damage|p1a: Glimmora|0 fnt\n|-unboost|p2a: Blaziken|def|1\n|-unboost|p2a: Blaziken|spd|1\n|-activate|p1a: Glimmora|ability: Toxic Debris\n|-sidestart|p2: Dracko20Gms|move: Toxic Spikes\n|faint|p1a: Glimmora\n|\n|-ability|p2a: Blaziken|Speed Boost|boost\n|-boost|p2a: Blaziken|spe|1\n|upkeep\n|\n|t:|1699065536\n|switch|p1a: Moltres|Moltres|75\/100\n|turn|11\n|\n|t:|1699065539\n|switch|p2a: Lugia|Lugia, shiny|48\/100 psn\n|move|p1a: Moltres|U-turn|p2a: Lugia\n|-damage|p2a: Lugia|39\/100 psn\n|\n|t:|1699065546\n|switch|p1a: Kingambit|Kingambit, M|83\/100|[from] U-turn\n|-activate|p1a: Kingambit|ability: Supreme Overlord\n|-start|p1a: Kingambit|fallen1|[silent]\n|\n|-damage|p2a: Lugia|26\/100 psn|[from] psn\n|upkeep\n|turn|12\n|\n|t:|1699065553\n|move|p2a: Lugia|Defog|p1a: Kingambit\n|-unboost|p1a: Kingambit|evasion|1\n|-sideend|p2: Dracko20Gms|Toxic Spikes|[from] move: Defog|[of] p2a: Lugia\n|-sideend|p2: Dracko20Gms|Stealth Rock|[from] move: Defog|[of] p2a: Lugia\n|move|p1a: Kingambit|Swords Dance|p1a: Kingambit\n|-boost|p1a: Kingambit|atk|2\n|\n|-damage|p2a: Lugia|14\/100 psn|[from] psn\n|upkeep\n|turn|13\n|\n|t:|1699065562\n|move|p2a: Lugia|Roost|p2a: Lugia\n|-heal|p2a: Lugia|64\/100 psn\n|-singleturn|p2a: Lugia|move: Roost\n|move|p1a: Kingambit|Swords Dance|p1a: Kingambit\n|-boost|p1a: Kingambit|atk|2\n|\n|-damage|p2a: Lugia|51\/100 psn|[from] psn\n|upkeep\n|turn|14\n|\n|t:|1699065574\n|move|p2a: Lugia|Aeroblast|p1a: Kingambit\n|-resisted|p1a: Kingambit\n|-damage|p1a: Kingambit|66\/100\n|move|p1a: Kingambit|Knock Off|p2a: Lugia\n|-supereffective|p2a: Lugia\n|-damage|p2a: Lugia|0 fnt\n|-enditem|p2a: Lugia|Heavy-Duty Boots|[from] move: Knock Off|[of] p1a: Kingambit\n|faint|p2a: Lugia\n|\n|upkeep\n|inactive|Dracko20Gms has 120 seconds left.\n|\n|t:|1699065599\n|switch|p2a: Garganacl|Garganacl, F|100\/100\n|turn|15\n|\n|t:|1699065607\n|-terastallize|p2a: Garganacl|Ghost\n|move|p1a: Kingambit|Knock Off|p2a: Garganacl\n|-supereffective|p2a: Garganacl\n|-damage|p2a: Garganacl|0 fnt\n|-enditem|p2a: Garganacl|Leftovers|[from] move: Knock Off|[of] p1a: Kingambit\n|faint|p2a: Garganacl\n|\n|upkeep\n|inactive|Dracko20Gms has 120 seconds left.\n|\n|t:|1699065625\n|switch|p2a: Kyogre|Kyogre-Primal, shiny|51\/100\n|-weather|PrimordialSea|[from] ability: Primordial Sea|[of] p2a: Kyogre\n|turn|16\n|\n|t:|1699065629\n|move|p1a: Kingambit|Sucker Punch|p2a: Kyogre\n|-damage|p2a: Kyogre|0 fnt\n|faint|p2a: Kyogre\n|-weather|none\n|\n|upkeep\n|-message|Dracko20Gms forfeited.\n|\n|win|MMQZA2\n|raw|MMQZA2's rating: 1299 &rarr; <strong>1323<\/strong><br \/>(+24 for winning)\n|raw|Dracko20Gms's rating: 1286 &rarr; <strong>1262<\/strong><br \/>(-24 for losing)\n|l|\u2606Dracko20Gms\n","uploadtime":1699065639,"views":5,"p1id":"mmqza2","p2id":"dracko20gms","formatid":"gen9nationaldexubers","rating":1262,"private":0,"password":""}