{"id":"gen9nationaldexubers-1980546206","p1":"talalcht","p2":"shhok","format":"[Gen 9] National Dex Ubers","log":"|j|\u2606talalcht\n|j|\u2606shhok\n|t:|1698795819\n|gametype|singles\n|player|p1|talalcht|palmer|1200\n|player|p2|shhok|psychic|1091\n|teamsize|p1|6\n|teamsize|p2|6\n|gen|9\n|tier|[Gen 9] National Dex Ubers\n|rated|\n|rule|HP Percentage Mod: HP is shown in percentages\n|rule|Endless Battle Clause: Forcing endless battles is banned\n|rule|OHKO Clause: OHKO moves are banned\n|rule|Evasion Moves Clause: Evasion moves are banned\n|rule|Evasion Items Clause: Evasion items are banned\n|rule|Species Clause: Limit one of each Pok\u00e9mon\n|rule|Sleep Clause Mod: Limit one foe put to sleep\n|rule|Mega Rayquaza Clause: You cannot mega evolve Rayquaza\n|clearpoke\n|poke|p1|Celesteela|\n|poke|p1|Jirachi|\n|poke|p1|Gholdengo|\n|poke|p1|Excadrill, M|\n|poke|p1|Scizor, M|\n|poke|p1|Zacian-*|\n|poke|p2|Serperior, F|\n|poke|p2|Alakazam, F|\n|poke|p2|Melmetal|\n|poke|p2|Blastoise, F|\n|poke|p2|Xerneas-*|\n|poke|p2|Marshadow|\n|teampreview\n|\n|t:|1698795841\n|start\n|switch|p1a: Excadrill|Excadrill, M|100\/100\n|switch|p2a: Marshadow|Marshadow|100\/100\n|-ability|p1a: Excadrill|Mold Breaker\n|turn|1\n|inactive|Battle timer is ON: inactive players will automatically lose when time's up. (requested by talalcht)\n|\n|t:|1698795854\n|-terastallize|p1a: Excadrill|Ground\n|move|p1a: Excadrill|Earthquake|p2a: Marshadow\n|-damage|p2a: Marshadow|7\/100\n|move|p2a: Marshadow|Close Combat|p1a: Excadrill\n|-damage|p1a: Excadrill|12\/100\n|-unboost|p2a: Marshadow|def|1\n|-unboost|p2a: Marshadow|spd|1\n|\n|upkeep\n|turn|2\n|\n|t:|1698795872\n|switch|p1a: Scizor|Scizor, M|100\/100\n|move|p2a: Marshadow|Sucker Punch||[still]\n|-fail|p2a: Marshadow\n|\n|upkeep\n|turn|3\n|\n|t:|1698795895\n|detailschange|p1a: Scizor|Scizor-Mega, M\n|-mega|p1a: Scizor|Scizor|Scizorite\n|move|p1a: Scizor|Bullet Punch|p2a: Marshadow\n|-damage|p2a: Marshadow|0 fnt\n|faint|p2a: Marshadow\n|\n|upkeep\n|\n|t:|1698795912\n|switch|p2a: Melmetal|Melmetal, shiny|100\/100\n|turn|4\n|\n|t:|1698795921\n|switch|p1a: Jirachi|Jirachi|100\/100\n|move|p2a: Melmetal|Thunder Punch|p1a: Jirachi\n|-damage|p1a: Jirachi|67\/100\n|\n|-heal|p1a: Jirachi|74\/100|[from] item: Leftovers\n|upkeep\n|turn|5\n|\n|t:|1698795944\n|move|p1a: Jirachi|Wish|p1a: Jirachi\n|move|p2a: Melmetal|Ice Punch|p1a: Jirachi\n|-resisted|p1a: Jirachi\n|-damage|p1a: Jirachi|56\/100\n|\n|-heal|p1a: Jirachi|63\/100|[from] item: Leftovers\n|upkeep\n|turn|6\n|\n|t:|1698795952\n|switch|p2a: Blastoise|Blastoise, F, shiny|100\/100\n|move|p1a: Jirachi|Cosmic Power|p1a: Jirachi\n|-boost|p1a: Jirachi|def|1\n|-boost|p1a: Jirachi|spd|1\n|\n|-heal|p1a: Jirachi|100\/100|[from] move: Wish|[wisher] Jirachi\n|upkeep\n|turn|7\n|\n|t:|1698795961\n|detailschange|p2a: Blastoise|Blastoise-Mega, F, shiny\n|-mega|p2a: Blastoise|Blastoise|Blastoisinite\n|move|p1a: Jirachi|Cosmic Power|p1a: Jirachi\n|-boost|p1a: Jirachi|def|1\n|-boost|p1a: Jirachi|spd|1\n|move|p2a: Blastoise|Dark Pulse|p1a: Jirachi\n|-supereffective|p1a: Jirachi\n|-damage|p1a: Jirachi|72\/100\n|\n|-heal|p1a: Jirachi|78\/100|[from] item: Leftovers\n|upkeep\n|turn|8\n|-message|shhok forfeited.\n|\n|win|talalcht\n|raw|talalcht's rating: 1200 &rarr; <strong>1217<\/strong><br \/>(+17 for winning)\n|raw|shhok's rating: 1091 &rarr; <strong>1075<\/strong><br \/>(-16 for losing)\n|l|\u2606shhok\n","uploadtime":1698795983,"views":18,"p1id":"talalcht","p2id":"shhok","formatid":"gen9nationaldexubers","rating":1075,"private":0,"password":""}