{"id":"gen9nationaldexubers-1980816849","p1":"eduuukkkkk","p2":"Victor hg 999","format":"[Gen 9] National Dex Ubers","log":"|j|\u2606eduuukkkkk\n|j|\u2606Victor hg 999\n|t:|1698837911\n|gametype|singles\n|player|p1|eduuukkkkk|acerola-masters|\n|player|p2|Victor hg 999|lucas|\n|teamsize|p1|6\n|teamsize|p2|6\n|gen|9\n|tier|[Gen 9] National Dex Ubers\n|rule|HP Percentage Mod: HP is shown in percentages\n|rule|Endless Battle Clause: Forcing endless battles is banned\n|rule|OHKO Clause: OHKO moves are banned\n|rule|Evasion Moves Clause: Evasion moves are banned\n|rule|Evasion Items Clause: Evasion items are banned\n|rule|Species Clause: Limit one of each Pok\u00e9mon\n|rule|Sleep Clause Mod: Limit one foe put to sleep\n|rule|Mega Rayquaza Clause: You cannot mega evolve Rayquaza\n|clearpoke\n|poke|p1|Mewtwo|\n|poke|p1|Infernape, M|\n|poke|p1|Pelipper, M|\n|poke|p1|Swampert, M|\n|poke|p1|Sylveon, F|\n|poke|p1|Dragonite, F|\n|poke|p2|Blaziken, M|\n|poke|p2|Salamence, M|\n|poke|p2|Tyranitar, M|\n|poke|p2|Dracovish|\n|poke|p2|Landorus, M|\n|poke|p2|Regieleki|\n|teampreview\n|inactive|Battle timer is ON: inactive players will automatically lose when time's up. (requested by Victor hg 999)\n|\n|t:|1698837928\n|start\n|switch|p1a: Its stars with ONE|Infernape, M|100\/100\n|switch|p2a: Tyranitar|Tyranitar, M, shiny|100\/100\n|-weather|Sandstorm|[from] ability: Sand Stream|[of] p2a: Tyranitar\n|turn|1\n|\n|t:|1698837937\n|move|p1a: Its stars with ONE|Fake Out|p2a: Tyranitar\n|-resisted|p2a: Tyranitar\n|-damage|p2a: Tyranitar|96\/100\n|-damage|p1a: Its stars with ONE|84\/100|[from] item: Rocky Helmet|[of] p2a: Tyranitar\n|cant|p2a: Tyranitar|flinch\n|\n|-weather|Sandstorm|[upkeep]\n|-damage|p1a: Its stars with ONE|78\/100|[from] Sandstorm\n|upkeep\n|turn|2\n|\n|t:|1698837946\n|move|p1a: Its stars with ONE|Close Combat|p2a: Tyranitar\n|-supereffective|p2a: Tyranitar\n|-damage|p2a: Tyranitar|0 fnt\n|-unboost|p1a: Its stars with ONE|def|1\n|-unboost|p1a: Its stars with ONE|spd|1\n|-damage|p1a: Its stars with ONE|62\/100|[from] item: Rocky Helmet|[of] p2a: Tyranitar\n|faint|p2a: Tyranitar\n|\n|-weather|Sandstorm|[upkeep]\n|-damage|p1a: Its stars with ONE|55\/100|[from] Sandstorm\n|upkeep\n|\n|t:|1698837957\n|switch|p2a: Dracovish|Dracovish, shiny|100\/100\n|turn|3\n|\n|t:|1698837964\n|move|p1a: Its stars with ONE|Fake Out||[still]\n|-hint|Fake Out only works on your first turn out.\n|-fail|p1a: Its stars with ONE\n|move|p2a: Dracovish|Fishious Rend|p1a: Its stars with ONE\n|-supereffective|p1a: Its stars with ONE\n|-damage|p1a: Its stars with ONE|0 fnt\n|faint|p1a: Its stars with ONE\n|\n|-weather|Sandstorm|[upkeep]\n|upkeep\n|\n|t:|1698837970\n|switch|p1a: In The end|Dragonite, F|100\/100\n|turn|4\n|\n|t:|1698837976\n|move|p2a: Dracovish|Fishious Rend|p1a: In The end\n|-resisted|p1a: In The end\n|-damage|p1a: In The end|81\/100\n|move|p1a: In The end|Dragon Dance|p1a: In The end\n|-boost|p1a: In The end|atk|1\n|-boost|p1a: In The end|spe|1\n|\n|-weather|Sandstorm|[upkeep]\n|-damage|p1a: In The end|75\/100|[from] Sandstorm\n|upkeep\n|turn|5\n|\n|t:|1698837985\n|move|p2a: Dracovish|Fishious Rend|p1a: In The end\n|-resisted|p1a: In The end\n|-damage|p1a: In The end|34\/100\n|move|p1a: In The end|Dragon Claw|p2a: Dracovish\n|-supereffective|p2a: Dracovish\n|-damage|p2a: Dracovish|0 fnt\n|faint|p2a: Dracovish\n|\n|-weather|none\n|upkeep\n|\n|t:|1698837997\n|switch|p2a: Regieleki|Regieleki|100\/100\n|turn|6\n|\n|t:|1698838005\n|-terastallize|p2a: Regieleki|Ice\n|move|p2a: Regieleki|Tera Blast|p1a: In The end|[anim] Tera Blast Ice\n|-supereffective|p1a: In The end\n|-damage|p1a: In The end|0 fnt\n|faint|p1a: In The end\n|\n|upkeep\n|\n|t:|1698838016\n|switch|p1a: Oh I noooo|Mewtwo, shiny|100\/100\n|-ability|p1a: Oh I noooo|Unnerve\n|turn|7\n|\n|t:|1698838021\n|move|p2a: Regieleki|Tera Blast|p1a: Oh I noooo|[anim] Tera Blast Ice\n|-damage|p1a: Oh I noooo|69\/100\n|move|p1a: Oh I noooo|Aura Sphere|p2a: Regieleki\n|-supereffective|p2a: Regieleki\n|-damage|p2a: Regieleki|0 fnt\n|faint|p2a: Regieleki\n|\n|upkeep\n|\n|t:|1698838031\n|switch|p2a: Landorus|Landorus, M|100\/100\n|turn|8\n|\n|t:|1698838037\n|move|p2a: Landorus|Crunch|p1a: Oh I noooo\n|-supereffective|p1a: Oh I noooo\n|-damage|p1a: Oh I noooo|0 fnt\n|faint|p1a: Oh I noooo\n|\n|upkeep\n|\n|t:|1698838041\n|switch|p1a: bertter than thing|Sylveon, F, shiny|100\/100\n|turn|9\n|\n|t:|1698838051\n|-terastallize|p1a: bertter than thing|Fairy\n|move|p2a: Landorus|Sludge Bomb|p1a: bertter than thing\n|-supereffective|p1a: bertter than thing\n|-damage|p1a: bertter than thing|46\/100\n|move|p1a: bertter than thing|Tera Blast|p2a: Landorus|[anim] Tera Blast Fairy\n|-damage|p2a: Landorus|22\/100\n|\n|-heal|p1a: bertter than thing|52\/100|[from] item: Leftovers\n|upkeep\n|turn|10\n|\n|t:|1698838063\n|move|p2a: Landorus|Sludge Bomb|p1a: bertter than thing\n|-supereffective|p1a: bertter than thing\n|-damage|p1a: bertter than thing|0 fnt\n|faint|p1a: bertter than thing\n|\n|upkeep\n|\n|t:|1698838066\n|switch|p1a: One thing|Pelipper, M|100\/100\n|-weather|RainDance|[from] ability: Drizzle|[of] p1a: One thing\n|turn|11\n|\n|t:|1698838076\n|move|p2a: Landorus|Sludge Bomb|p1a: One thing\n|-damage|p1a: One thing|42\/100\n|move|p1a: One thing|Ice Beam|p2a: Landorus\n|-supereffective|p2a: Landorus\n|-damage|p2a: Landorus|0 fnt\n|faint|p2a: Landorus\n|\n|-weather|RainDance|[upkeep]\n|-heal|p1a: One thing|48\/100|[from] item: Leftovers\n|upkeep\n|\n|t:|1698838087\n|switch|p2a: Blaziken|Blaziken, M|100\/100\n|turn|12\n|\n|t:|1698838094\n|detailschange|p2a: Blaziken|Blaziken-Mega, M\n|-mega|p2a: Blaziken|Blaziken|Blazikenite\n|move|p2a: Blaziken|Protect|p2a: Blaziken\n|-singleturn|p2a: Blaziken|Protect\n|move|p1a: One thing|Scald|p2a: Blaziken\n|-activate|p2a: Blaziken|move: Protect\n|\n|-weather|RainDance|[upkeep]\n|-heal|p1a: One thing|54\/100|[from] item: Leftovers\n|-ability|p2a: Blaziken|Speed Boost|boost\n|-boost|p2a: Blaziken|spe|1\n|upkeep\n|turn|13\n|\n|t:|1698838106\n|switch|p1a: I do why|Swampert, M|100\/100\n|move|p2a: Blaziken|Bulk Up|p2a: Blaziken\n|-boost|p2a: Blaziken|atk|1\n|-boost|p2a: Blaziken|def|1\n|\n|-weather|RainDance|[upkeep]\n|-ability|p2a: Blaziken|Speed Boost|boost\n|-boost|p2a: Blaziken|spe|1\n|upkeep\n|turn|14\n|\n|t:|1698838116\n|detailschange|p1a: I do why|Swampert-Mega, M\n|-mega|p1a: I do why|Swampert|Swampertite\n|move|p2a: Blaziken|Protect|p2a: Blaziken\n|-singleturn|p2a: Blaziken|Protect\n|move|p1a: I do why|Earthquake|p2a: Blaziken\n|-activate|p2a: Blaziken|move: Protect\n|\n|-weather|RainDance|[upkeep]\n|-ability|p2a: Blaziken|Speed Boost|boost\n|-boost|p2a: Blaziken|spe|1\n|upkeep\n|turn|15\n|\n|t:|1698838130\n|move|p2a: Blaziken|Blaze Kick|p1a: I do why\n|-resisted|p1a: I do why\n|-damage|p1a: I do why|84\/100\n|-status|p1a: I do why|brn\n|move|p1a: I do why|Earthquake|p2a: Blaziken\n|-supereffective|p2a: Blaziken\n|-damage|p2a: Blaziken|33\/100\n|\n|-weather|none\n|-damage|p1a: I do why|78\/100 brn|[from] brn\n|-ability|p2a: Blaziken|Speed Boost|boost\n|-boost|p2a: Blaziken|spe|1\n|upkeep\n|turn|16\n|\n|t:|1698838142\n|move|p2a: Blaziken|Blaze Kick|p1a: I do why\n|-resisted|p1a: I do why\n|-damage|p1a: I do why|42\/100 brn\n|move|p1a: I do why|Earthquake|p2a: Blaziken\n|-supereffective|p2a: Blaziken\n|-damage|p2a: Blaziken|0 fnt\n|faint|p2a: Blaziken\n|\n|-damage|p1a: I do why|36\/100 brn|[from] brn\n|upkeep\n|\n|t:|1698838153\n|switch|p2a: Salamence|Salamence, M|100\/100\n|turn|17\n|\n|t:|1698838159\n|switch|p1a: One thing|Pelipper, M|54\/100\n|-weather|RainDance|[from] ability: Drizzle|[of] p1a: One thing\n|move|p2a: Salamence|Outrage|p1a: One thing\n|-damage|p1a: One thing|0 fnt\n|faint|p1a: One thing\n|-ability|p2a: Salamence|Moxie|boost\n|-boost|p2a: Salamence|atk|1\n|\n|-weather|RainDance|[upkeep]\n|upkeep\n|\n|t:|1698838165\n|switch|p1a: I do why|Swampert-Mega, M|36\/100 brn\n|turn|18\n|\n|t:|1698838173\n|move|p1a: I do why|Ice Punch|p2a: Salamence\n|-supereffective|p2a: Salamence\n|-damage|p2a: Salamence|18\/100\n|-status|p2a: Salamence|frz\n|cant|p2a: Salamence|frz\n|\n|-weather|RainDance|[upkeep]\n|-damage|p1a: I do why|30\/100 brn|[from] brn\n|upkeep\n|turn|19\n|\n|t:|1698838185\n|move|p1a: I do why|Ice Punch|p2a: Salamence\n|-supereffective|p2a: Salamence\n|-damage|p2a: Salamence|0 fnt\n|faint|p2a: Salamence\n|\n|win|eduuukkkkk\n","uploadtime":1698838189,"views":6,"p1id":"eduuukkkkk","p2id":"victorhg999","formatid":"gen9nationaldexubers","rating":0,"private":0,"password":""}