{"id":"gen9nationaldexubers-1994789318","p1":"700club","p2":"Relic Continent","format":"[Gen 9] National Dex Ubers","log":"|j|\u2606700club\n|j|\u2606Relic Continent\n|t:|1700492929\n|gametype|singles\n|player|p1|700club|shadowtriad|1322\n|player|p2|Relic Continent|palmer|1269\n|teamsize|p1|6\n|teamsize|p2|6\n|gen|9\n|tier|[Gen 9] National Dex Ubers\n|rated|\n|rule|HP Percentage Mod: HP is shown in percentages\n|rule|Endless Battle Clause: Forcing endless battles is banned\n|rule|OHKO Clause: OHKO moves are banned\n|rule|Evasion Moves Clause: Evasion moves are banned\n|rule|Evasion Items Clause: Evasion items are banned\n|rule|Species Clause: Limit one of each Pok\u00e9mon\n|rule|Sleep Clause Mod: Limit one foe put to sleep\n|rule|Mega Rayquaza Clause: You cannot mega evolve Rayquaza\n|clearpoke\n|poke|p1|Ogerpon-Hearthflame, F|\n|poke|p1|Ditto|\n|poke|p1|Deoxys-Speed|\n|poke|p1|Mewtwo|\n|poke|p1|Necrozma-Dusk-Mane|\n|poke|p1|Gliscor, F|\n|poke|p2|Shaymin-Sky|\n|poke|p2|Ogerpon-Hearthflame, F|\n|poke|p2|Breloom, M|\n|poke|p2|Iron Leaves|\n|poke|p2|Ferrothorn, M|\n|poke|p2|Ludicolo, F|\n|teampreview\n|c|\u2606700club|hi\n|c|\u2606700club|cool team\n|\n|t:|1700492955\n|start\n|switch|p1a: Deoxys|Deoxys-Speed|100\/100\n|switch|p2a: Iron Leaves|Iron Leaves|100\/100\n|-ability|p1a: Deoxys|Pressure\n|-enditem|p2a: Iron Leaves|Booster Energy\n|-activate|p2a: Iron Leaves|ability: Quark Drive|[fromitem]\n|-start|p2a: Iron Leaves|quarkdrivespe\n|turn|1\n|c|\u2606Relic Continent|thank you, you too\n|c|\u2606700club|thx!\n|\n|t:|1700492987\n|move|p2a: Iron Leaves|Night Slash|p1a: Deoxys\n|-supereffective|p1a: Deoxys\n|-damage|p1a: Deoxys|44\/100\n|move|p1a: Deoxys|Reflect|p1a: Deoxys\n|-sidestart|p1: 700club|Reflect\n|\n|upkeep\n|turn|2\n|\n|t:|1700493019\n|move|p2a: Iron Leaves|Night Slash|p1a: Deoxys\n|-supereffective|p1a: Deoxys\n|-damage|p1a: Deoxys|13\/100\n|move|p1a: Deoxys|Stealth Rock|p2a: Iron Leaves\n|-sidestart|p2: Relic Continent|move: Stealth Rock\n|\n|upkeep\n|turn|3\n|\n|t:|1700493034\n|move|p2a: Iron Leaves|Night Slash|p1a: Deoxys\n|-supereffective|p1a: Deoxys\n|-damage|p1a: Deoxys|0 fnt\n|faint|p1a: Deoxys\n|\n|upkeep\n|inactive|Battle timer is ON: inactive players will automatically lose when time's up. (requested by Relic Continent)\n|\n|t:|1700493046\n|switch|p1a: Mewtwo|Mewtwo|100\/100\n|-ability|p1a: Mewtwo|Unnerve\n|turn|4\n|\n|t:|1700493056\n|detailschange|p1a: Mewtwo|Mewtwo-Mega-Y\n|-mega|p1a: Mewtwo|Mewtwo|Mewtwonite Y\n|move|p2a: Iron Leaves|Night Slash|p1a: Mewtwo\n|-supereffective|p1a: Mewtwo\n|-crit|p1a: Mewtwo\n|-damage|p1a: Mewtwo|10\/100\n|move|p1a: Mewtwo|Ice Beam|p2a: Iron Leaves\n|-supereffective|p2a: Iron Leaves\n|-damage|p2a: Iron Leaves|11\/100\n|-status|p2a: Iron Leaves|frz\n|\n|upkeep\n|turn|5\n|c|\u2606Relic Continent|obviously the freeze\n|c|\u2606Relic Continent|...\n|\n|t:|1700493081\n|cant|p2a: Iron Leaves|frz\n|move|p1a: Mewtwo|Psystrike|p2a: Iron Leaves\n|-resisted|p2a: Iron Leaves\n|-damage|p2a: Iron Leaves|0 fnt\n|faint|p2a: Iron Leaves\n|-end|p2a: Iron Leaves|Quark Drive|[silent]\n|\n|-sideend|p1: 700club|Reflect\n|upkeep\n|\n|t:|1700493089\n|switch|p2a: Breloom|Breloom, M|100\/100\n|-damage|p2a: Breloom|94\/100|[from] Stealth Rock\n|turn|6\n|\n|t:|1700493096\n|move|p2a: Breloom|Mach Punch|p1a: Mewtwo\n|-resisted|p1a: Mewtwo\n|-damage|p1a: Mewtwo|0 fnt\n|faint|p1a: Mewtwo\n|\n|upkeep\n|\n|t:|1700493102\n|switch|p1a: Ogerpon|Ogerpon-Hearthflame, F|100\/100\n|-ability|p1a: Ogerpon|Mold Breaker\n|turn|7\n|\n|t:|1700493119\n|-terastallize|p1a: Ogerpon|Fire\n|detailschange|p1a: Ogerpon|Ogerpon-Hearthflame-Tera, F, tera:Fire\n|-ability|p1a: Ogerpon|Embody Aspect (Hearthflame)|boost\n|-boost|p1a: Ogerpon|atk|1\n|move|p1a: Ogerpon|Ivy Cudgel|p2a: Breloom|[anim] Ivy Cudgel Fire\n|-supereffective|p2a: Breloom\n|-damage|p2a: Breloom|0 fnt\n|faint|p2a: Breloom\n|\n|upkeep\n|\n|t:|1700493125\n|switch|p2a: Ogerpon|Ogerpon-Hearthflame, F|100\/100\n|-damage|p2a: Ogerpon|76\/100|[from] Stealth Rock\n|-ability|p2a: Ogerpon|Mold Breaker\n|turn|8\n|inactive|700club has 120 seconds left.\n|\n|t:|1700493168\n|-terastallize|p2a: Ogerpon|Fire\n|detailschange|p2a: Ogerpon|Ogerpon-Hearthflame-Tera, F, tera:Fire\n|-ability|p2a: Ogerpon|Embody Aspect (Hearthflame)|boost\n|-boost|p2a: Ogerpon|atk|1\n|move|p1a: Ogerpon|Leech Seed|p2a: Ogerpon\n|-start|p2a: Ogerpon|move: Leech Seed\n|move|p2a: Ogerpon|Trailblaze|p1a: Ogerpon\n|-resisted|p1a: Ogerpon\n|-damage|p1a: Ogerpon|77\/100\n|-boost|p2a: Ogerpon|spe|1\n|\n|-damage|p2a: Ogerpon|63\/100|[from] Leech Seed|[of] p1a: Ogerpon\n|-heal|p1a: Ogerpon|87\/100|[silent]\n|upkeep\n|turn|9\n|\n|t:|1700493186\n|move|p2a: Ogerpon|Stomping Tantrum|p1a: Ogerpon\n|-supereffective|p1a: Ogerpon\n|-damage|p1a: Ogerpon|0 fnt\n|faint|p1a: Ogerpon\n|\n|upkeep\n|\n|t:|1700493194\n|switch|p1a: Gliscor|Gliscor, F|100\/100\n|turn|10\n|\n|t:|1700493203\n|switch|p2a: Ferrothorn|Ferrothorn, M|100\/100\n|-damage|p2a: Ferrothorn|94\/100|[from] Stealth Rock\n|move|p1a: Gliscor|Protect||[still]\n|-fail|p1a: Gliscor\n|\n|-heal|p2a: Ferrothorn|100\/100|[from] item: Leftovers\n|-status|p1a: Gliscor|tox|[from] item: Toxic Orb\n|upkeep\n|turn|11\n|\n|t:|1700493213\n|switch|p1a: Necrozma|Necrozma-Dusk-Mane|100\/100\n|move|p2a: Ferrothorn|Leech Seed|p1a: Necrozma\n|-start|p1a: Necrozma|move: Leech Seed\n|\n|-damage|p1a: Necrozma|88\/100|[from] Leech Seed|[of] p2a: Ferrothorn\n|upkeep\n|turn|12\n|inactive|700club has 120 seconds left.\n|\n|t:|1700493220\n|move|p1a: Necrozma|Dragon Dance|p1a: Necrozma\n|-boost|p1a: Necrozma|atk|1\n|-boost|p1a: Necrozma|spe|1\n|move|p2a: Ferrothorn|Stealth Rock|p1a: Necrozma\n|-sidestart|p1: 700club|move: Stealth Rock\n|\n|-damage|p1a: Necrozma|76\/100|[from] Leech Seed|[of] p2a: Ferrothorn\n|upkeep\n|turn|13\n|inactive|700club has 120 seconds left.\n|\n|t:|1700493258\n|detailschange|p1a: Necrozma|Necrozma-Ultra\n|-burst|p1a: Necrozma|Necrozma|Ultranecrozium Z\n|move|p1a: Necrozma|Earthquake|p2a: Ferrothorn\n|-damage|p2a: Ferrothorn|58\/100\n|move|p2a: Ferrothorn|Body Press|p1a: Necrozma\n|-resisted|p1a: Necrozma\n|-damage|p1a: Necrozma|61\/100\n|\n|-heal|p2a: Ferrothorn|65\/100|[from] item: Leftovers\n|-damage|p1a: Necrozma|49\/100|[from] Leech Seed|[of] p2a: Ferrothorn\n|-heal|p2a: Ferrothorn|76\/100|[silent]\n|upkeep\n|turn|14\n|\n|t:|1700493271\n|-zpower|p1a: Necrozma\n|move|p1a: Necrozma|Light That Burns the Sky|p2a: Ferrothorn|[zeffect]\n|-resisted|p2a: Ferrothorn\n|-damage|p2a: Ferrothorn|16\/100\n|move|p2a: Ferrothorn|Body Press|p1a: Necrozma\n|-resisted|p1a: Necrozma\n|-damage|p1a: Necrozma|32\/100\n|\n|-heal|p2a: Ferrothorn|22\/100|[from] item: Leftovers\n|-damage|p1a: Necrozma|20\/100|[from] Leech Seed|[of] p2a: Ferrothorn\n|-heal|p2a: Ferrothorn|34\/100|[silent]\n|upkeep\n|turn|15\n|\n|t:|1700493286\n|move|p2a: Ferrothorn|Protect|p2a: Ferrothorn\n|-singleturn|p2a: Ferrothorn|Protect\n|move|p1a: Necrozma|Earthquake|p2a: Ferrothorn\n|-activate|p2a: Ferrothorn|move: Protect\n|\n|-heal|p2a: Ferrothorn|40\/100|[from] item: Leftovers\n|-damage|p1a: Necrozma|8\/100|[from] Leech Seed|[of] p2a: Ferrothorn\n|-heal|p2a: Ferrothorn|52\/100|[silent]\n|upkeep\n|turn|16\n|\n|t:|1700493294\n|move|p1a: Necrozma|Earthquake|p2a: Ferrothorn\n|-damage|p2a: Ferrothorn|10\/100\n|move|p2a: Ferrothorn|Body Press|p1a: Necrozma\n|-resisted|p1a: Necrozma\n|-damage|p1a: Necrozma|0 fnt\n|faint|p1a: Necrozma\n|\n|-heal|p2a: Ferrothorn|17\/100|[from] item: Leftovers\n|upkeep\n|\n|t:|1700493302\n|switch|p1a: Gliscor|Gliscor, F|100\/100 tox\n|-damage|p1a: Gliscor|88\/100 tox|[from] Stealth Rock\n|turn|17\n|\n|t:|1700493310\n|move|p1a: Gliscor|Earthquake|p2a: Ferrothorn\n|-damage|p2a: Ferrothorn|0 fnt\n|faint|p2a: Ferrothorn\n|\n|-heal|p1a: Gliscor|100\/100 tox|[from] ability: Poison Heal\n|upkeep\n|\n|t:|1700493326\n|switch|p2a: Shaymin|Shaymin-Sky|100\/100\n|-damage|p2a: Shaymin|76\/100|[from] Stealth Rock\n|turn|18\n|\n|t:|1700493334\n|move|p2a: Shaymin|Leech Seed|p1a: Gliscor\n|-start|p1a: Gliscor|move: Leech Seed\n|move|p1a: Gliscor|Toxic|p2a: Shaymin\n|-status|p2a: Shaymin|tox\n|\n|-damage|p1a: Gliscor|88\/100 tox|[from] Leech Seed|[of] p2a: Shaymin\n|-heal|p2a: Shaymin|87\/100 tox|[silent]\n|-damage|p2a: Shaymin|80\/100 tox|[from] psn\n|-heal|p1a: Gliscor|100\/100 tox|[from] ability: Poison Heal\n|upkeep\n|turn|19\n|inactive|700club has 120 seconds left.\n|\n|t:|1700493346\n|move|p2a: Shaymin|Seed Flare|p1a: Gliscor|[miss]\n|-miss|p2a: Shaymin|p1a: Gliscor\n|move|p1a: Gliscor|Taunt|p2a: Shaymin\n|-start|p2a: Shaymin|move: Taunt\n|\n|-damage|p1a: Gliscor|88\/100 tox|[from] Leech Seed|[of] p2a: Shaymin\n|-heal|p2a: Shaymin|91\/100 tox|[silent]\n|-damage|p2a: Shaymin|79\/100 tox|[from] psn\n|-heal|p1a: Gliscor|100\/100 tox|[from] ability: Poison Heal\n|upkeep\n|turn|20\n|inactive|700club has 120 seconds left.\n|inactive|Relic Continent has 120 seconds left.\n|\n|t:|1700493376\n|move|p1a: Gliscor|Protect|p1a: Gliscor\n|-singleturn|p1a: Gliscor|Protect\n|move|p2a: Shaymin|Seed Flare|p1a: Gliscor\n|-activate|p1a: Gliscor|move: Protect\n|\n|-damage|p1a: Gliscor|88\/100 tox|[from] Leech Seed|[of] p2a: Shaymin\n|-heal|p2a: Shaymin|90\/100 tox|[silent]\n|-damage|p2a: Shaymin|71\/100 tox|[from] psn\n|-heal|p1a: Gliscor|100\/100 tox|[from] ability: Poison Heal\n|upkeep\n|turn|21\n|inactive|700club has 120 seconds left.\n|c|\u2606700club|yeah you'll have this\n|inactive|700club has 90 seconds left.\n|c|\u2606700club|gg\n|-message|700club forfeited.\n|\n|win|Relic Continent\n|raw|700club's rating: 1322 &rarr; <strong>1299<\/strong><br \/>(-23 for losing)\n|raw|Relic Continent's rating: 1269 &rarr; <strong>1298<\/strong><br \/>(+29 for winning)\n|c|\u2606700club|gliscor is a bit boring\n","uploadtime":1700493455,"views":4,"p1id":"700club","p2id":"reliccontinent","formatid":"gen9nationaldexubers","rating":1298,"private":0,"password":""}