{"id":"gen9nationaldexubers-1994100339","p1":"Spiderpool57","p2":"jvgamer1209t","format":"[Gen 9] National Dex Ubers","log":"|j|\u2606Spiderpool57\n|j|\u2606jvgamer1209t\n|t:|1700406844\n|gametype|singles\n|player|p1|Spiderpool57|266|1043\n|player|p2|jvgamer1209t|red|1000\n|teamsize|p1|6\n|teamsize|p2|6\n|gen|9\n|tier|[Gen 9] National Dex Ubers\n|rated|\n|rule|HP Percentage Mod: HP is shown in percentages\n|rule|Endless Battle Clause: Forcing endless battles is banned\n|rule|OHKO Clause: OHKO moves are banned\n|rule|Evasion Moves Clause: Evasion moves are banned\n|rule|Evasion Items Clause: Evasion items are banned\n|rule|Species Clause: Limit one of each Pok\u00e9mon\n|rule|Sleep Clause Mod: Limit one foe put to sleep\n|rule|Mega Rayquaza Clause: You cannot mega evolve Rayquaza\n|clearpoke\n|poke|p1|Feraligatr, M|\n|poke|p1|Kyogre|\n|poke|p1|Tornadus, M|\n|poke|p1|Ogerpon-Wellspring, F|\n|poke|p1|Blastoise, M|\n|poke|p1|Primarina, F|\n|poke|p2|Krookodile, F|\n|poke|p2|Noivern, M|\n|poke|p2|Hawlucha, M|\n|poke|p2|Sceptile, F|\n|poke|p2|Haxorus, M|\n|poke|p2|Snorlax, M|\n|teampreview\n|\n|t:|1700406854\n|start\n|switch|p1a: Kyogre|Kyogre, shiny|100\/100\n|switch|p2a: Snorlax|Snorlax, M|100\/100\n|detailschange|p1a: Kyogre|Kyogre-Primal, shiny\n|-primal|p1a: Kyogre|Blue Orb\n|-weather|PrimordialSea|[from] ability: Primordial Sea|[of] p1a: Kyogre\n|turn|1\n|\n|t:|1700406859\n|move|p1a: Kyogre|Water Spout|p2a: Snorlax\n|-damage|p2a: Snorlax|4\/100\n|move|p2a: Snorlax|Earthquake|p1a: Kyogre\n|-damage|p1a: Kyogre|61\/100\n|\n|-weather|PrimordialSea|[upkeep]\n|upkeep\n|turn|2\n|\n|t:|1700406866\n|move|p1a: Kyogre|Thunder|p2a: Snorlax\n|-damage|p2a: Snorlax|0 fnt\n|faint|p2a: Snorlax\n|\n|-weather|PrimordialSea|[upkeep]\n|upkeep\n|\n|t:|1700406870\n|switch|p2a: Sceptile|Sceptile, F|100\/100\n|turn|3\n|\n|t:|1700406873\n|detailschange|p2a: Sceptile|Sceptile-Mega, F\n|-mega|p2a: Sceptile|Sceptile|Sceptilite\n|move|p2a: Sceptile|Leaf Blade|p1a: Kyogre\n|-supereffective|p1a: Kyogre\n|-damage|p1a: Kyogre|0 fnt\n|faint|p1a: Kyogre\n|-weather|none\n|\n|upkeep\n|\n|t:|1700406877\n|switch|p1a: Tornadus|Tornadus, M, shiny|100\/100\n|turn|4\n|\n|t:|1700406883\n|move|p2a: Sceptile|Dragon Claw|p1a: Tornadus\n|-damage|p1a: Tornadus|50\/100\n|-damage|p2a: Sceptile|84\/100|[from] item: Rocky Helmet|[of] p1a: Tornadus\n|move|p1a: Tornadus|Bleakwind Storm|p2a: Sceptile\n|-supereffective|p2a: Sceptile\n|-damage|p2a: Sceptile|0 fnt\n|faint|p2a: Sceptile\n|\n|upkeep\n|\n|t:|1700406892\n|switch|p2a: Noivern|Noivern, M|100\/100\n|-item|p1a: Tornadus|Rocky Helmet|[from] ability: Frisk|[of] p2a: Noivern|[identify]\n|turn|5\n|inactive|Battle timer is ON: inactive players will automatically lose when time's up. (requested by Spiderpool57)\n|\n|t:|1700406895\n|move|p1a: Tornadus|Tailwind|p1a: Tornadus\n|-sidestart|p1: Spiderpool57|move: Tailwind\n|move|p2a: Noivern|Psychic|p1a: Tornadus\n|-damage|p1a: Tornadus|14\/100\n|\n|upkeep\n|turn|6\n|\n|t:|1700406900\n|move|p1a: Tornadus|Bleakwind Storm|p2a: Noivern\n|-damage|p2a: Noivern|27\/100\n|-unboost|p2a: Noivern|spe|1\n|move|p2a: Noivern|Psychic|p1a: Tornadus\n|-damage|p1a: Tornadus|0 fnt\n|faint|p1a: Tornadus\n|\n|upkeep\n|\n|t:|1700406907\n|switch|p1a: Feraligatr|Feraligatr, M, shiny|100\/100\n|turn|7\n|\n|t:|1700406913\n|move|p1a: Feraligatr|Ice Punch|p2a: Noivern\n|-supereffective|p2a: Noivern\n|-damage|p2a: Noivern|0 fnt\n|faint|p2a: Noivern\n|\n|upkeep\n|\n|t:|1700406918\n|switch|p2a: Hawlucha|Hawlucha, M|100\/100\n|turn|8\n|\n|t:|1700406925\n|move|p1a: Feraligatr|Ice Punch|p2a: Hawlucha\n|-supereffective|p2a: Hawlucha\n|-damage|p2a: Hawlucha|8\/100\n|move|p2a: Hawlucha|Thunder Punch|p1a: Feraligatr\n|-supereffective|p1a: Feraligatr\n|-damage|p1a: Feraligatr|57\/100\n|\n|-sideend|p1: Spiderpool57|move: Tailwind\n|upkeep\n|turn|9\n|\n|t:|1700406933\n|-zpower|p2a: Hawlucha\n|move|p2a: Hawlucha|Supersonic Skystrike|p1a: Feraligatr|[zeffect]\n|-damage|p1a: Feraligatr|18\/100\n|-enditem|p1a: Feraligatr|Aguav Berry|[eat]\n|-heal|p1a: Feraligatr|51\/100|[from] item: Aguav Berry\n|move|p1a: Feraligatr|Ice Punch|p2a: Hawlucha\n|-supereffective|p2a: Hawlucha\n|-damage|p2a: Hawlucha|0 fnt\n|faint|p2a: Hawlucha\n|\n|upkeep\n|\n|t:|1700406937\n|switch|p2a: Haxorus|Haxorus, M|100\/100\n|turn|10\n|\n|t:|1700406948\n|move|p2a: Haxorus|Dragon Claw|p1a: Feraligatr\n|-damage|p1a: Feraligatr|0 fnt\n|faint|p1a: Feraligatr\n|\n|upkeep\n|\n|t:|1700406954\n|switch|p1a: Primarina|Primarina, F, shiny|100\/100\n|turn|11\n|\n|t:|1700406961\n|-terastallize|p2a: Haxorus|Poison\n|move|p2a: Haxorus|Dragon Dance|p2a: Haxorus\n|-boost|p2a: Haxorus|atk|1\n|-boost|p2a: Haxorus|spe|1\n|move|p1a: Primarina|Moonblast|p2a: Haxorus\n|-resisted|p2a: Haxorus\n|-damage|p2a: Haxorus|62\/100\n|\n|upkeep\n|turn|12\n|\n|t:|1700406971\n|-terastallize|p1a: Primarina|Water\n|move|p2a: Haxorus|Aqua Tail|p1a: Primarina\n|-resisted|p1a: Primarina\n|-damage|p1a: Primarina|71\/100\n|move|p1a: Primarina|Psychic|p2a: Haxorus\n|-supereffective|p2a: Haxorus\n|-damage|p2a: Haxorus|0 fnt\n|faint|p2a: Haxorus\n|\n|upkeep\n|\n|t:|1700406975\n|switch|p2a: Krookodile|Krookodile, F|100\/100\n|turn|13\n|\n|t:|1700406983\n|move|p2a: Krookodile|Earthquake|p1a: Primarina\n|-damage|p1a: Primarina|1\/100\n|move|p1a: Primarina|Moonblast|p2a: Krookodile\n|-supereffective|p2a: Krookodile\n|-damage|p2a: Krookodile|0 fnt\n|faint|p2a: Krookodile\n|\n|win|Spiderpool57\n|raw|Spiderpool57's rating: 1043 &rarr; <strong>1072<\/strong><br \/>(+29 for winning)\n|raw|jvgamer1209t's rating: 1000 &rarr; <strong>1000<\/strong><br \/>(+0 for losing)\n|c|\u2606Spiderpool57|Gg\n","uploadtime":1700407000,"views":4,"p1id":"spiderpool57","p2id":"jvgamer1209t","formatid":"gen9nationaldexubers","rating":1000,"private":0,"password":""}