{"id":"gen9nationaldexubers-1992636267","p1":"Rhyfinn 07","p2":"SilverStream245","format":"[Gen 9] National Dex Ubers","log":"|j|\u2606Rhyfinn 07\n|j|\u2606SilverStream245\n|t:|1700218358\n|gametype|singles\n|player|p1|Rhyfinn 07|ninjaboy|1136\n|player|p2|SilverStream245|169|1080\n|teamsize|p1|6\n|teamsize|p2|6\n|gen|9\n|tier|[Gen 9] National Dex Ubers\n|rated|\n|rule|HP Percentage Mod: HP is shown in percentages\n|rule|Endless Battle Clause: Forcing endless battles is banned\n|rule|OHKO Clause: OHKO moves are banned\n|rule|Evasion Moves Clause: Evasion moves are banned\n|rule|Evasion Items Clause: Evasion items are banned\n|rule|Species Clause: Limit one of each Pok\u00e9mon\n|rule|Sleep Clause Mod: Limit one foe put to sleep\n|rule|Mega Rayquaza Clause: You cannot mega evolve Rayquaza\n|clearpoke\n|poke|p1|Xerneas-*|\n|poke|p1|Marshadow|\n|poke|p1|Groudon|\n|poke|p1|Deoxys-Speed|\n|poke|p1|Necrozma-Dusk-Mane|\n|poke|p1|Pheromosa|\n|poke|p2|Ambipom, F|\n|poke|p2|Galvantula, M|\n|poke|p2|Toxapex, M|\n|poke|p2|Chandelure, F|\n|poke|p2|Landorus-Therian, M|\n|poke|p2|Alakazam, M|\n|teampreview\n|inactive|Battle timer is ON: inactive players will automatically lose when time's up. (requested by Rhyfinn 07)\n|l|\u2606SilverStream245\n|inactive|SilverStream245 disconnected and has a minute to reconnect!\n|player|p2|\n|inactive|SilverStream245 has 30 seconds to reconnect!\n|inactive|SilverStream245 has 20 seconds to reconnect!\n|inactive|SilverStream245 has 15 seconds to reconnect!\n|j|\u2606SilverStream245\n|inactive|SilverStream245 reconnected and has 95 seconds left.\n|player|p2|SilverStream245|169\n|inactive|SilverStream245 has 90 seconds left.\n|\n|t:|1700218421\n|start\n|switch|p1a: Deoxys|Deoxys-Speed, shiny|100\/100\n|switch|p2a: Ambipom|Ambipom, F|100\/100\n|-ability|p1a: Deoxys|Pressure\n|turn|1\n|\n|t:|1700218429\n|move|p2a: Ambipom|Fake Out|p1a: Deoxys\n|-damage|p1a: Deoxys|58\/100\n|-damage|p2a: Ambipom|91\/100|[from] item: Life Orb\n|cant|p1a: Deoxys|flinch\n|\n|upkeep\n|turn|2\n|\n|t:|1700218436\n|move|p1a: Deoxys|Stealth Rock|p2a: Ambipom\n|-sidestart|p2: SilverStream245|move: Stealth Rock\n|move|p2a: Ambipom|Taunt|p1a: Deoxys\n|-start|p1a: Deoxys|move: Taunt\n|\n|upkeep\n|turn|3\n|\n|t:|1700218444\n|switch|p1a: Marshadow|Marshadow|100\/100\n|move|p2a: Ambipom|U-turn|p1a: Marshadow\n|-resisted|p1a: Marshadow\n|-damage|p1a: Marshadow|91\/100\n|-damage|p2a: Ambipom|81\/100|[from] item: Life Orb\n|\n|t:|1700218450\n|switch|p2a: Landorus|Landorus-Therian, M, shiny|100\/100|[from] U-turn\n|-damage|p2a: Landorus|88\/100|[from] Stealth Rock\n|-ability|p2a: Landorus|Intimidate|boost\n|-unboost|p1a: Marshadow|atk|1\n|\n|upkeep\n|turn|4\n|\n|t:|1700218458\n|switch|p1a: Deoxys|Deoxys-Speed, shiny|58\/100\n|-ability|p1a: Deoxys|Pressure\n|move|p2a: Landorus|Defog|p1a: Deoxys\n|-unboost|p1a: Deoxys|evasion|1\n|-sideend|p2: SilverStream245|Stealth Rock|[from] move: Defog|[of] p2a: Landorus\n|\n|upkeep\n|turn|5\n|\n|t:|1700218466\n|move|p1a: Deoxys|Stealth Rock|p2a: Landorus\n|-sidestart|p2: SilverStream245|move: Stealth Rock\n|move|p2a: Landorus|U-turn|p1a: Deoxys\n|-supereffective|p1a: Deoxys\n|-damage|p1a: Deoxys|0 fnt\n|faint|p1a: Deoxys\n|\n|t:|1700218473\n|switch|p2a: Alakazam|Alakazam, M|100\/100|[from] U-turn\n|-damage|p2a: Alakazam|88\/100|[from] Stealth Rock\n|\n|upkeep\n|\n|t:|1700218477\n|switch|p1a: Pheromosa|Pheromosa, shiny|100\/100\n|turn|6\n|\n|t:|1700218480\n|switch|p2a: Landorus|Landorus-Therian, M, shiny|88\/100\n|-damage|p2a: Landorus|76\/100|[from] Stealth Rock\n|-ability|p2a: Landorus|Intimidate|boost\n|-unboost|p1a: Pheromosa|atk|1\n|move|p1a: Pheromosa|Bug Buzz|p2a: Landorus\n|-resisted|p2a: Landorus\n|-damage|p2a: Landorus|34\/100\n|-damage|p1a: Pheromosa|91\/100|[from] item: Life Orb\n|\n|upkeep\n|turn|7\n|\n|t:|1700218491\n|move|p1a: Pheromosa|Bug Buzz|p2a: Landorus\n|-resisted|p2a: Landorus\n|-damage|p2a: Landorus|0 fnt\n|faint|p2a: Landorus\n|-ability|p1a: Pheromosa|Beast Boost|boost\n|-boost|p1a: Pheromosa|spe|1\n|-damage|p1a: Pheromosa|81\/100|[from] item: Life Orb\n|\n|upkeep\n|\n|t:|1700218499\n|switch|p2a: Ambipom|Ambipom, F|81\/100\n|-damage|p2a: Ambipom|68\/100|[from] Stealth Rock\n|turn|8\n|\n|t:|1700218505\n|switch|p1a: Marshadow|Marshadow|91\/100\n|move|p2a: Ambipom|Fake Out|p1a: Marshadow\n|-immune|p1a: Marshadow\n|\n|upkeep\n|turn|9\n|\n|t:|1700218510\n|switch|p2a: Toxapex|Toxapex, M|100\/100\n|-damage|p2a: Toxapex|88\/100|[from] Stealth Rock\n|move|p1a: Marshadow|Close Combat|p2a: Toxapex\n|-resisted|p2a: Toxapex\n|-damage|p2a: Toxapex|61\/100\n|-unboost|p1a: Marshadow|def|1\n|-unboost|p1a: Marshadow|spd|1\n|\n|-heal|p2a: Toxapex|67\/100|[from] item: Black Sludge\n|upkeep\n|turn|10\n|\n|t:|1700218521\n|switch|p1a: Groudon|Groudon, shiny|100\/100\n|detailschange|p1a: Groudon|Groudon-Primal, shiny\n|-primal|p1a: Groudon|Red Orb\n|-weather|DesolateLand|[from] ability: Desolate Land|[of] p1a: Groudon\n|move|p2a: Toxapex|Toxic|p1a: Groudon\n|-status|p1a: Groudon|tox\n|\n|-weather|DesolateLand|[upkeep]\n|-heal|p2a: Toxapex|74\/100|[from] item: Black Sludge\n|-damage|p1a: Groudon|94\/100 tox|[from] psn\n|upkeep\n|turn|11\n|\n|t:|1700218533\n|move|p2a: Toxapex|Baneful Bunker|p2a: Toxapex\n|-singleturn|p2a: Toxapex|move: Protect\n|move|p1a: Groudon|Rock Polish|p1a: Groudon\n|-boost|p1a: Groudon|spe|2\n|\n|-weather|DesolateLand|[upkeep]\n|-heal|p2a: Toxapex|80\/100|[from] item: Black Sludge\n|-damage|p1a: Groudon|82\/100 tox|[from] psn\n|upkeep\n|turn|12\n|\n|t:|1700218551\n|switch|p2a: Galvantula|Galvantula, M|100\/100\n|-damage|p2a: Galvantula|76\/100|[from] Stealth Rock\n|move|p1a: Groudon|Earth Power|p2a: Galvantula\n|-damage|p2a: Galvantula|0 fnt\n|faint|p2a: Galvantula\n|\n|-weather|DesolateLand|[upkeep]\n|-damage|p1a: Groudon|64\/100 tox|[from] psn\n|upkeep\n|\n|t:|1700218561\n|switch|p2a: Ambipom|Ambipom, F|68\/100\n|-damage|p2a: Ambipom|56\/100|[from] Stealth Rock\n|turn|13\n|\n|t:|1700218571\n|move|p1a: Groudon|Flamethrower|p2a: Ambipom\n|-damage|p2a: Ambipom|0 fnt\n|faint|p2a: Ambipom\n|\n|-weather|DesolateLand|[upkeep]\n|-damage|p1a: Groudon|39\/100 tox|[from] psn\n|upkeep\n|-message|SilverStream245 forfeited.\n|\n|win|Rhyfinn 07\n|raw|Rhyfinn 07's rating: 1136 &rarr; <strong>1157<\/strong><br \/>(+21 for winning)\n|raw|SilverStream245's rating: 1080 &rarr; <strong>1062<\/strong><br \/>(-18 for losing)\n|l|\u2606SilverStream245\n","uploadtime":1700218586,"views":7,"p1id":"rhyfinn07","p2id":"silverstream245","formatid":"gen9nationaldexubers","rating":1062,"private":0,"password":""}