{"id":"gen9nationaldexubers-1981769497","p1":"JimmyJohto","p2":"SylverOmega","format":"[Gen 9] National Dex Ubers","log":"|j|\u2606JimmyJohto\n|j|\u2606SylverOmega\n|t:|1698940253\n|gametype|singles\n|player|p1|JimmyJohto|ethan|\n|player|p2|SylverOmega|palmer|\n|teamsize|p1|6\n|teamsize|p2|6\n|gen|9\n|tier|[Gen 9] National Dex Ubers\n|rule|HP Percentage Mod: HP is shown in percentages\n|rule|Endless Battle Clause: Forcing endless battles is banned\n|rule|OHKO Clause: OHKO moves are banned\n|rule|Evasion Moves Clause: Evasion moves are banned\n|rule|Evasion Items Clause: Evasion items are banned\n|rule|Species Clause: Limit one of each Pok\u00e9mon\n|rule|Sleep Clause Mod: Limit one foe put to sleep\n|rule|Mega Rayquaza Clause: You cannot mega evolve Rayquaza\n|clearpoke\n|poke|p1|Greninja-*, M|\n|poke|p1|Dragonite, F|\n|poke|p1|Ninetales-Alola, M|\n|poke|p1|Hatterene, F|\n|poke|p1|Blaziken, F|\n|poke|p1|Corviknight, F|\n|poke|p2|Cinderace, M|\n|poke|p2|Greninja-*, M|\n|poke|p2|Corviknight, F|\n|poke|p2|Rillaboom, M|\n|poke|p2|Zoroark-Hisui, F|\n|poke|p2|Dragonite, M|\n|teampreview\n|inactive|Battle timer is ON: inactive players will automatically lose when time's up. (requested by SylverOmega)\n|c|\u2606SylverOmega|Hf\n|c|\u2606JimmyJohto|suerte\n|\n|t:|1698940283\n|start\n|switch|p1a: Greninja|Greninja, M|100\/100\n|switch|p2a: Dragonite|Dragonite, M|100\/100\n|turn|1\n|c|\u2606SylverOmega|La voy a necesitar\n|\n|t:|1698940297\n|-terastallize|p2a: Dragonite|Steel\n|move|p1a: Greninja|Dark Pulse|p2a: Dragonite\n|-damage|p2a: Dragonite|84\/100\n|move|p2a: Dragonite|Dragon Dance|p2a: Dragonite\n|-boost|p2a: Dragonite|atk|1\n|-boost|p2a: Dragonite|spe|1\n|\n|upkeep\n|turn|2\n|\n|t:|1698940307\n|-terastallize|p1a: Greninja|Water\n|move|p2a: Dragonite|Extreme Speed|p1a: Greninja\n|-damage|p1a: Greninja|25\/100\n|move|p1a: Greninja|Scald|p2a: Dragonite\n|-damage|p2a: Dragonite|33\/100\n|\n|upkeep\n|turn|3\n|\n|t:|1698940317\n|move|p2a: Dragonite|Extreme Speed|p1a: Greninja\n|-damage|p1a: Greninja|0 fnt\n|faint|p1a: Greninja\n|\n|upkeep\n|\n|t:|1698940328\n|switch|p1a: Dragonite|Dragonite, F|100\/100\n|turn|4\n|c|\u2606SylverOmega|Peor Ter que he hecho\n|\n|t:|1698940337\n|move|p2a: Dragonite|Ice Punch|p1a: Dragonite\n|-supereffective|p1a: Dragonite\n|-damage|p1a: Dragonite|17\/100\n|-status|p1a: Dragonite|frz\n|-curestatus|p1a: Dragonite|frz|[msg]\n|move|p1a: Dragonite|Fire Punch|p2a: Dragonite\n|-supereffective|p2a: Dragonite\n|-damage|p2a: Dragonite|0 fnt\n|faint|p2a: Dragonite\n|\n|upkeep\n|c|\u2606JimmyJohto|no s\u00e9 que acaba de pasar\n|c|\u2606SylverOmega|Yo tampoco\n|c|\u2606SylverOmega|Quiero \ud83d\ude2d\n|inactive|SylverOmega has 270 seconds left.\n|c|\u2606SylverOmega|Para una vez que tengo suerte t\u00edo\n|\n|t:|1698940375\n|switch|p2a: Caballera|Corviknight, F, shiny|100\/100\n|turn|5\n|\n|t:|1698940380\n|move|p2a: Caballera|Hyper Voice|p1a: Dragonite\n|-damage|p1a: Dragonite|0 fnt\n|faint|p1a: Dragonite\n|\n|upkeep\n|\n|t:|1698940386\n|switch|p1a: Ninetales|Ninetales-Alola, M|100\/100\n|-weather|Snow|[from] ability: Snow Warning|[of] p1a: Ninetales\n|turn|6\n|\n|t:|1698940392\n|move|p2a: Caballera|Nasty Plot|p2a: Caballera\n|-boost|p2a: Caballera|spa|2\n|move|p1a: Ninetales|Aurora Veil|p1a: Ninetales\n|-sidestart|p1: JimmyJohto|move: Aurora Veil\n|\n|-weather|Snow|[upkeep]\n|upkeep\n|turn|7\n|\n|t:|1698940399\n|move|p2a: Caballera|Nasty Plot|p2a: Caballera\n|-boost|p2a: Caballera|spa|2\n|move|p1a: Ninetales|Blizzard|p2a: Caballera\n|-damage|p2a: Caballera|20\/100\n|replace|p2a: Zoroark|Zoroark-Hisui, F\n|-end|p2a: Zoroark|Illusion\n|\n|-weather|Snow|[upkeep]\n|upkeep\n|turn|8\n|\n|t:|1698940408\n|move|p2a: Zoroark|Hyper Voice|p1a: Ninetales\n|-damage|p1a: Ninetales|14\/100\n|move|p1a: Ninetales|Blizzard|p2a: Zoroark\n|-damage|p2a: Zoroark|0 fnt\n|faint|p2a: Zoroark\n|\n|-weather|Snow|[upkeep]\n|upkeep\n|\n|t:|1698940418\n|switch|p2a: Alex Zabel|Cinderace, M, shiny|100\/100\n|turn|9\n|\n|t:|1698940426\n|move|p2a: Alex Zabel|Court Change|p2a: Alex Zabel\n|-start|p2a: Alex Zabel|typechange|Normal|[from] ability: Libero\n|-swapsideconditions\n|-activate|p2a: Alex Zabel|move: Court Change\n|move|p1a: Ninetales|Extrasensory|p2a: Alex Zabel\n|-damage|p2a: Alex Zabel|86\/100\n|\n|-weather|Snow|[upkeep]\n|upkeep\n|turn|10\n|\n|t:|1698940435\n|move|p2a: Alex Zabel|U-turn|p1a: Ninetales\n|-resisted|p1a: Ninetales\n|-damage|p1a: Ninetales|4\/100\n|\n|t:|1698940439\n|switch|p2a: Narutito|Greninja, M|100\/100|[from] U-turn\n|move|p1a: Ninetales|Blizzard|p2a: Narutito\n|-resisted|p2a: Narutito\n|-damage|p2a: Narutito|85\/100\n|\n|-weather|none\n|upkeep\n|turn|11\n|\n|t:|1698940449\n|move|p2a: Narutito|Water Shuriken|p1a: Ninetales\n|-damage|p1a: Ninetales|0 fnt\n|faint|p1a: Ninetales\n|-ability|p2a: Narutito|Battle Bond|boost\n|-boost|p2a: Narutito|atk|1\n|-boost|p2a: Narutito|spa|1\n|-boost|p2a: Narutito|spe|1\n|-activate|p2a: Narutito|ability: Battle Bond\n|-hitcount|p1: Ninetales|1\n|\n|upkeep\n|\n|t:|1698940457\n|switch|p1a: Blaziken|Blaziken, F|100\/100\n|turn|12\n|\n|t:|1698940462\n|move|p1a: Blaziken|Protect|p1a: Blaziken\n|-singleturn|p1a: Blaziken|Protect\n|move|p2a: Narutito|Scald|p1a: Blaziken\n|-activate|p1a: Blaziken|move: Protect\n|\n|-ability|p1a: Blaziken|Speed Boost|boost\n|-boost|p1a: Blaziken|spe|1\n|upkeep\n|turn|13\n|\n|t:|1698940474\n|move|p2a: Narutito|Scald|p1a: Blaziken\n|-supereffective|p1a: Blaziken\n|-damage|p1a: Blaziken|0 fnt\n|faint|p1a: Blaziken\n|\n|-sideend|p2: SylverOmega|move: Aurora Veil\n|upkeep\n|\n|t:|1698940479\n|switch|p1a: Hatterene|Hatterene, F|100\/100\n|turn|14\n|\n|t:|1698940488\n|move|p2a: Narutito|Dark Pulse|p1a: Hatterene\n|-damage|p1a: Hatterene|63\/100\n|-enditem|p1a: Hatterene|Eject Button\n|\n|t:|1698940491\n|switch|p1a: Corviknight|Corviknight, F|100\/100\n|-ability|p1a: Corviknight|Pressure\n|\n|upkeep\n|turn|15\n|\n|t:|1698940498\n|move|p2a: Narutito|Scald|p1a: Corviknight\n|-damage|p1a: Corviknight|51\/100\n|move|p1a: Corviknight|U-turn|p2a: Narutito\n|-supereffective|p2a: Narutito\n|-damage|p2a: Narutito|41\/100\n|\n|t:|1698940503\n|switch|p1a: Hatterene|Hatterene, F|63\/100|[from] U-turn\n|\n|upkeep\n|turn|16\n|\n|t:|1698940508\n|move|p2a: Narutito|Dark Pulse|p1a: Hatterene\n|-damage|p1a: Hatterene|21\/100\n|move|p1a: Hatterene|Nuzzle|p2a: Narutito\n|-supereffective|p2a: Narutito\n|-damage|p2a: Narutito|28\/100\n|-status|p2a: Narutito|par\n|\n|upkeep\n|turn|17\n|\n|t:|1698940517\n|move|p2a: Narutito|Scald|p1a: Hatterene\n|-damage|p1a: Hatterene|0 fnt\n|faint|p1a: Hatterene\n|\n|upkeep\n|\n|t:|1698940521\n|switch|p1a: Corviknight|Corviknight, F|51\/100\n|-ability|p1a: Corviknight|Pressure\n|turn|18\n|c|\u2606SylverOmega|Gg\n|c|\u2606JimmyJohto|gg\n|\n|t:|1698940528\n|move|p2a: Narutito|Scald|p1a: Corviknight\n|-crit|p1a: Corviknight\n|-damage|p1a: Corviknight|0 fnt\n|faint|p1a: Corviknight\n|\n|win|SylverOmega\n|l|\u2606SylverOmega\n","uploadtime":1698941287,"views":8,"p1id":"jimmyjohto","p2id":"sylveromega","formatid":"gen9nationaldexubers","rating":0,"private":0,"password":""}