{"id":"gen9nationaldexubers-1993862778","p1":"kaminasama69","p2":"vaperon gae cex","format":"[Gen 9] National Dex Ubers","log":"|j|\u2606kaminasama69\n|j|\u2606vaperon gae cex\n|t:|1700366803\n|gametype|singles\n|player|p1|kaminasama69|dragontamer|1000\n|player|p2|vaperon gae cex|170|1062\n|teamsize|p1|6\n|teamsize|p2|6\n|gen|9\n|tier|[Gen 9] National Dex Ubers\n|rated|\n|rule|HP Percentage Mod: HP is shown in percentages\n|rule|Endless Battle Clause: Forcing endless battles is banned\n|rule|OHKO Clause: OHKO moves are banned\n|rule|Evasion Moves Clause: Evasion moves are banned\n|rule|Evasion Items Clause: Evasion items are banned\n|rule|Species Clause: Limit one of each Pok\u00e9mon\n|rule|Sleep Clause Mod: Limit one foe put to sleep\n|rule|Mega Rayquaza Clause: You cannot mega evolve Rayquaza\n|clearpoke\n|poke|p1|Kyogre|\n|poke|p1|Groudon|\n|poke|p1|Necrozma-Dusk-Mane|\n|poke|p1|Ho-Oh|\n|poke|p1|Arceus-Dark|\n|poke|p1|Lucario, F|\n|poke|p2|Dracovish|\n|poke|p2|Groudon|\n|poke|p2|Necrozma-Dusk-Mane|\n|poke|p2|Vaporeon, M|\n|poke|p2|Furret, M|\n|poke|p2|Calyrex-Ice|\n|teampreview\n|\n|t:|1700366814\n|start\n|switch|p1a: Groudon|Groudon|100\/100\n|switch|p2a: Vaporeon Gae cex|Vaporeon, M|100\/100\n|detailschange|p1a: Groudon|Groudon-Primal\n|-primal|p1a: Groudon|Red Orb\n|-weather|DesolateLand|[from] ability: Desolate Land|[of] p1a: Groudon\n|turn|1\n|\n|t:|1700366831\n|-weather|none\n|switch|p1a: Lucario|Lucario, F|100\/100\n|move|p2a: Vaporeon Gae cex|Reflect|p2a: Vaporeon Gae cex\n|-sidestart|p2: vaperon gae cex|Reflect\n|\n|upkeep\n|turn|2\n|\n|t:|1700366843\n|detailschange|p1a: Lucario|Lucario-Mega, F\n|-mega|p1a: Lucario|Lucario|Lucarionite\n|move|p1a: Lucario|Bullet Punch|p2a: Vaporeon Gae cex\n|-resisted|p2a: Vaporeon Gae cex\n|-damage|p2a: Vaporeon Gae cex|93\/100\n|move|p2a: Vaporeon Gae cex|Toxic|p1a: Lucario\n|-immune|p1a: Lucario\n|\n|upkeep\n|turn|3\n|\n|t:|1700366854\n|move|p1a: Lucario|Bullet Punch|p2a: Vaporeon Gae cex\n|-resisted|p2a: Vaporeon Gae cex\n|-damage|p2a: Vaporeon Gae cex|85\/100\n|move|p2a: Vaporeon Gae cex|Acid Armor|p2a: Vaporeon Gae cex\n|-boost|p2a: Vaporeon Gae cex|def|2\n|\n|upkeep\n|turn|4\n|\n|t:|1700366866\n|switch|p1a: Kyogre|Kyogre|100\/100\n|detailschange|p1a: Kyogre|Kyogre-Primal\n|-primal|p1a: Kyogre|Blue Orb\n|-weather|PrimordialSea|[from] ability: Primordial Sea|[of] p1a: Kyogre\n|move|p2a: Vaporeon Gae cex|Acid Armor|p2a: Vaporeon Gae cex\n|-boost|p2a: Vaporeon Gae cex|def|2\n|\n|-weather|PrimordialSea|[upkeep]\n|upkeep\n|turn|5\n|\n|t:|1700366877\n|move|p1a: Kyogre|Calm Mind|p1a: Kyogre\n|-boost|p1a: Kyogre|spa|1\n|-boost|p1a: Kyogre|spd|1\n|move|p2a: Vaporeon Gae cex|Aqua Tail|p1a: Kyogre\n|-resisted|p1a: Kyogre\n|-damage|p1a: Kyogre|89\/100\n|\n|-weather|PrimordialSea|[upkeep]\n|-sideend|p2: vaperon gae cex|Reflect\n|upkeep\n|turn|6\n|\n|t:|1700366889\n|move|p1a: Kyogre|Calm Mind|p1a: Kyogre\n|-boost|p1a: Kyogre|spa|1\n|-boost|p1a: Kyogre|spd|1\n|move|p2a: Vaporeon Gae cex|Reflect|p2a: Vaporeon Gae cex\n|-sidestart|p2: vaperon gae cex|Reflect\n|\n|-weather|PrimordialSea|[upkeep]\n|upkeep\n|turn|7\n|\n|t:|1700366895\n|move|p1a: Kyogre|Ice Beam|p2a: Vaporeon Gae cex\n|-resisted|p2a: Vaporeon Gae cex\n|-damage|p2a: Vaporeon Gae cex|66\/100\n|move|p2a: Vaporeon Gae cex|Toxic|p1a: Kyogre\n|-status|p1a: Kyogre|tox\n|\n|-weather|PrimordialSea|[upkeep]\n|-damage|p1a: Kyogre|83\/100 tox|[from] psn\n|upkeep\n|turn|8\n|\n|t:|1700366908\n|move|p1a: Kyogre|Ice Beam|p2a: Vaporeon Gae cex\n|-resisted|p2a: Vaporeon Gae cex\n|-damage|p2a: Vaporeon Gae cex|47\/100\n|move|p2a: Vaporeon Gae cex|Aqua Tail|p1a: Kyogre\n|-resisted|p1a: Kyogre\n|-damage|p1a: Kyogre|71\/100 tox\n|\n|-weather|PrimordialSea|[upkeep]\n|-damage|p1a: Kyogre|59\/100 tox|[from] psn\n|upkeep\n|turn|9\n|\n|t:|1700366918\n|move|p1a: Kyogre|Rest|p1a: Kyogre\n|-status|p1a: Kyogre|slp|[from] move: Rest\n|-heal|p1a: Kyogre|100\/100 slp|[silent]\n|move|p2a: Vaporeon Gae cex|Aqua Tail|p1a: Kyogre\n|-resisted|p1a: Kyogre\n|-damage|p1a: Kyogre|89\/100 slp\n|\n|-weather|PrimordialSea|[upkeep]\n|upkeep\n|turn|10\n|\n|t:|1700366927\n|cant|p1a: Kyogre|slp\n|move|p2a: Vaporeon Gae cex|Toxic||[still]\n|-fail|p2a: Vaporeon Gae cex\n|\n|-weather|PrimordialSea|[upkeep]\n|-sideend|p2: vaperon gae cex|Reflect\n|upkeep\n|turn|11\n|\n|t:|1700366935\n|switch|p2a: Abomination|Dracovish|100\/100\n|cant|p1a: Kyogre|slp\n|\n|-weather|PrimordialSea|[upkeep]\n|upkeep\n|turn|12\n|\n|t:|1700366943\n|-terastallize|p2a: Abomination|Water\n|move|p2a: Abomination|Fishious Rend|p1a: Kyogre\n|-resisted|p1a: Kyogre\n|-damage|p1a: Kyogre|18\/100 slp\n|-curestatus|p1a: Kyogre|slp|[msg]\n|move|p1a: Kyogre|Ice Beam|p2a: Abomination\n|-resisted|p2a: Abomination\n|-damage|p2a: Abomination|50\/100\n|\n|-weather|PrimordialSea|[upkeep]\n|upkeep\n|turn|13\n|\n|t:|1700366955\n|move|p2a: Abomination|Fishious Rend|p1a: Kyogre\n|-resisted|p1a: Kyogre\n|-damage|p1a: Kyogre|0 fnt\n|faint|p1a: Kyogre\n|-weather|none\n|\n|upkeep\n|\n|t:|1700366963\n|switch|p1a: Groudon|Groudon-Primal|100\/100\n|-weather|DesolateLand|[from] ability: Desolate Land|[of] p1a: Groudon\n|turn|14\n|\n|t:|1700366970\n|switch|p2a: Uwu|Groudon|100\/100\n|detailschange|p2a: Uwu|Groudon-Primal\n|-primal|p2a: Uwu|Red Orb\n|move|p1a: Groudon|Rock Tomb|p2a: Uwu\n|-damage|p2a: Uwu|80\/100\n|-unboost|p2a: Uwu|spe|1\n|\n|-weather|DesolateLand|[upkeep]\n|upkeep\n|turn|15\n|\n|t:|1700366983\n|move|p1a: Groudon|Swords Dance|p1a: Groudon\n|-boost|p1a: Groudon|atk|2\n|move|p2a: Uwu|Precipice Blades|p1a: Groudon\n|-supereffective|p1a: Groudon\n|-damage|p1a: Groudon|0 fnt\n|faint|p1a: Groudon\n|\n|-weather|DesolateLand|[upkeep]\n|upkeep\n|\n|t:|1700366992\n|switch|p1a: Ho-Oh|Ho-Oh, shiny|100\/100\n|turn|16\n|\n|t:|1700367002\n|move|p1a: Ho-Oh|Toxic|p2a: Uwu\n|-status|p2a: Uwu|tox\n|move|p2a: Uwu|Heavy Slam|p1a: Ho-Oh\n|-resisted|p1a: Ho-Oh\n|-damage|p1a: Ho-Oh|84\/100\n|\n|-weather|DesolateLand|[upkeep]\n|-damage|p2a: Uwu|74\/100 tox|[from] psn\n|upkeep\n|turn|17\n|\n|t:|1700367013\n|move|p1a: Ho-Oh|Brave Bird|p2a: Uwu\n|-damage|p2a: Uwu|42\/100 tox\n|-damage|p1a: Ho-Oh|75\/100|[from] Recoil\n|move|p2a: Uwu|Eruption|p1a: Ho-Oh\n|-resisted|p1a: Ho-Oh\n|-damage|p1a: Ho-Oh|63\/100\n|\n|-weather|DesolateLand|[upkeep]\n|-damage|p2a: Uwu|29\/100 tox|[from] psn\n|upkeep\n|turn|18\n|\n|t:|1700367026\n|move|p1a: Ho-Oh|Sacred Fire|p2a: Uwu\n|-resisted|p2a: Uwu\n|-damage|p2a: Uwu|10\/100 tox\n|move|p2a: Uwu|Seismic Toss|p1a: Ho-Oh\n|-damage|p1a: Ho-Oh|39\/100\n|\n|-weather|DesolateLand|[upkeep]\n|-damage|p2a: Uwu|0 fnt|[from] psn\n|faint|p2a: Uwu\n|-weather|none\n|upkeep\n|\n|t:|1700367038\n|switch|p2a: Long Live The King|Necrozma-Dusk-Mane|100\/100\n|turn|19\n|\n|t:|1700367047\n|detailschange|p2a: Long Live The King|Necrozma-Ultra\n|-burst|p2a: Long Live The King|Necrozma|Ultranecrozium Z\n|-terastallize|p1a: Ho-Oh|Grass\n|move|p2a: Long Live The King|Photon Geyser|p1a: Ho-Oh\n|-damage|p1a: Ho-Oh|7\/100\n|move|p1a: Ho-Oh|Toxic|p2a: Long Live The King\n|-status|p2a: Long Live The King|tox\n|\n|-damage|p2a: Long Live The King|94\/100 tox|[from] psn\n|upkeep\n|turn|20\n|\n|t:|1700367066\n|-zpower|p2a: Long Live The King\n|move|p2a: Long Live The King|Light That Burns the Sky|p1a: Ho-Oh|[zeffect]\n|-damage|p1a: Ho-Oh|0 fnt\n|faint|p1a: Ho-Oh\n|\n|-damage|p2a: Long Live The King|82\/100 tox|[from] psn\n|upkeep\n|\n|t:|1700367078\n|switch|p1a: Lucario|Lucario-Mega, F|100\/100\n|turn|21\n|\n|t:|1700367088\n|move|p1a: Lucario|Blaze Kick|p2a: Long Live The King\n|-resisted|p2a: Long Live The King\n|-damage|p2a: Long Live The King|69\/100 tox\n|move|p2a: Long Live The King|Photon Geyser|p1a: Lucario\n|-damage|p1a: Lucario|40\/100\n|\n|-damage|p2a: Long Live The King|51\/100 tox|[from] psn\n|upkeep\n|turn|22\n|\n|t:|1700367101\n|move|p1a: Lucario|Bullet Punch|p2a: Long Live The King\n|-damage|p2a: Long Live The King|25\/100 tox\n|move|p2a: Long Live The King|Photon Geyser|p1a: Lucario\n|-crit|p1a: Lucario\n|-damage|p1a: Lucario|0 fnt\n|faint|p1a: Lucario\n|\n|-damage|p2a: Long Live The King|1\/100 tox|[from] psn\n|upkeep\n|\n|t:|1700367114\n|switch|p1a: Necrozma|Necrozma-Dusk-Mane|100\/100\n|turn|23\n|\n|t:|1700367123\n|switch|p2a: Abomination|Dracovish, tera:Water|50\/100\n|move|p1a: Necrozma|Sunsteel Strike|p2a: Abomination\n|-resisted|p2a: Abomination\n|-damage|p2a: Abomination|21\/100\n|\n|upkeep\n|turn|24\n|\n|t:|1700367134\n|move|p2a: Abomination|Fishious Rend|p1a: Necrozma\n|-damage|p1a: Necrozma|24\/100\n|move|p1a: Necrozma|Stealth Rock|p2a: Abomination\n|-sidestart|p2: vaperon gae cex|move: Stealth Rock\n|\n|-heal|p1a: Necrozma|30\/100|[from] item: Leftovers\n|upkeep\n|turn|25\n|\n|t:|1700367142\n|move|p2a: Abomination|Fishious Rend|p1a: Necrozma\n|-damage|p1a: Necrozma|0 fnt\n|faint|p1a: Necrozma\n|\n|upkeep\n|\n|t:|1700367155\n|switch|p1a: Arceus|Arceus-Dark|100\/100\n|turn|26\n|\n|t:|1700367159\n|move|p2a: Abomination|Fishious Rend|p1a: Arceus\n|-damage|p1a: Arceus|30\/100\n|move|p1a: Arceus|Taunt|p2a: Abomination\n|-start|p2a: Abomination|move: Taunt\n|\n|upkeep\n|turn|27\n|\n|t:|1700367168\n|move|p2a: Abomination|Fishious Rend|p1a: Arceus\n|-damage|p1a: Arceus|0 fnt\n|faint|p1a: Arceus\n|\n|win|vaperon gae cex\n|raw|kaminasama69's rating: 1000 &rarr; <strong>1000<\/strong><br \/>(+0 for losing)\n|raw|vaperon gae cex's rating: 1062 &rarr; <strong>1087<\/strong><br \/>(+25 for winning)\n","uploadtime":1700367174,"views":7,"p1id":"kaminasama69","p2id":"vaperongaecex","formatid":"gen9nationaldexubers","rating":1000,"private":0,"password":""}