{"id":"gen9nationaldexubers-1999282168","p1":"PANDODEEEEZ","p2":"vnappy","format":"[Gen 9] National Dex Ubers","log":"|j|\u203dPANDODEEEEZ\n|j|\u2606vnappy\n|t:|1701054689\n|gametype|singles\n|player|p1|PANDODEEEEZ|lusamine-nihilego|1266\n|player|p2|vnappy|acetrainer-gen4dp|1337\n|teamsize|p1|6\n|teamsize|p2|6\n|gen|9\n|tier|[Gen 9] National Dex Ubers\n|rated|\n|rule|HP Percentage Mod: HP is shown in percentages\n|rule|Endless Battle Clause: Forcing endless battles is banned\n|rule|OHKO Clause: OHKO moves are banned\n|rule|Evasion Moves Clause: Evasion moves are banned\n|rule|Evasion Items Clause: Evasion items are banned\n|rule|Species Clause: Limit one of each Pok\u00e9mon\n|rule|Sleep Clause Mod: Limit one foe put to sleep\n|rule|Mega Rayquaza Clause: You cannot mega evolve Rayquaza\n|clearpoke\n|poke|p1|Golem-Alola, M|\n|poke|p1|Gliscor, M|\n|poke|p1|Aegislash, F|\n|poke|p1|Charizard, M|\n|poke|p1|Rayquaza|\n|poke|p1|Arceus-Water|\n|poke|p2|Blastoise, M|\n|poke|p2|Tyranitar, M|\n|poke|p2|Rhydon, F|\n|poke|p2|Nidoking, M|\n|poke|p2|Dragonite, M|\n|poke|p2|Baxcalibur, F|\n|teampreview\n|inactive|Battle timer is ON: inactive players will automatically lose when time's up. (requested by PANDODEEEEZ)\n|inactive|vnappy also wants the timer to be on.\n|inactive|vnappy has 120 seconds left.\n|\n|t:|1701054730\n|start\n|switch|p1a: Golem|Golem-Alola, M|100\/100\n|switch|p2a: Nidoking|Nidoking, M|100\/100\n|turn|1\n|\n|t:|1701054740\n|move|p2a: Nidoking|Earth Power|p1a: Golem\n|-supereffective|p1a: Golem\n|-enditem|p1a: Golem|Focus Sash\n|-damage|p1a: Golem|1\/100\n|move|p1a: Golem|Rock Polish|p1a: Golem\n|-boost|p1a: Golem|spe|2\n|\n|upkeep\n|turn|2\n|\n|t:|1701054753\n|-terastallize|p1a: Golem|Ice\n|move|p1a: Golem|Tera Blast|p2a: Nidoking|[anim] Tera Blast Ice\n|-supereffective|p2a: Nidoking\n|-enditem|p2a: Nidoking|Focus Sash\n|-damage|p2a: Nidoking|1\/100\n|move|p2a: Nidoking|Sludge Wave|p1a: Golem\n|-damage|p1a: Golem|0 fnt\n|faint|p1a: Golem\n|\n|upkeep\n|\n|t:|1701054762\n|switch|p1a: Rayquaza|Rayquaza|100\/100\n|-ability|p1a: Rayquaza|Air Lock\n|turn|3\n|\n|t:|1701054765\n|move|p1a: Rayquaza|Extreme Speed|p2a: Nidoking\n|-damage|p2a: Nidoking|0 fnt\n|faint|p2a: Nidoking\n|\n|upkeep\n|\n|t:|1701054771\n|switch|p2a: Baxcalibur|Baxcalibur, F|100\/100\n|turn|4\n|\n|t:|1701054794\n|move|p2a: Baxcalibur|Ice Shard|p1a: Rayquaza\n|-supereffective|p1a: Rayquaza\n|-damage|p1a: Rayquaza|12\/100\n|move|p1a: Rayquaza|Scale Shot|p2a: Baxcalibur\n|-supereffective|p2a: Baxcalibur\n|-damage|p2a: Baxcalibur|71\/100\n|-supereffective|p2a: Baxcalibur\n|-damage|p2a: Baxcalibur|42\/100\n|-supereffective|p2a: Baxcalibur\n|-damage|p2a: Baxcalibur|13\/100\n|-supereffective|p2a: Baxcalibur\n|-damage|p2a: Baxcalibur|0 fnt\n|faint|p2a: Baxcalibur\n|-hitcount|p2: Baxcalibur|4\n|-unboost|p1a: Rayquaza|def|1\n|-boost|p1a: Rayquaza|spe|1\n|\n|upkeep\n|\n|t:|1701054804\n|switch|p2a: Dragonite|Dragonite, M|100\/100\n|turn|5\n|\n|t:|1701054812\n|move|p1a: Rayquaza|Extreme Speed|p2a: Dragonite\n|-damage|p2a: Dragonite|83\/100\n|move|p2a: Dragonite|Dual Wingbeat|p1a: Rayquaza\n|-damage|p1a: Rayquaza|0 fnt\n|faint|p1a: Rayquaza\n|-hitcount|p1: Rayquaza|1\n|\n|upkeep\n|\n|t:|1701054817\n|switch|p1a: Gliscor|Gliscor, M|100\/100\n|turn|6\n|\n|t:|1701054820\n|move|p2a: Dragonite|Dragon Dance|p2a: Dragonite\n|-boost|p2a: Dragonite|atk|1\n|-boost|p2a: Dragonite|spe|1\n|move|p1a: Gliscor|Stealth Rock|p2a: Dragonite\n|-sidestart|p2: vnappy|move: Stealth Rock\n|\n|-status|p1a: Gliscor|tox|[from] item: Toxic Orb\n|upkeep\n|turn|7\n|\n|t:|1701054823\n|move|p2a: Dragonite|Outrage|p1a: Gliscor\n|-damage|p1a: Gliscor|40\/100 tox\n|move|p1a: Gliscor|Toxic|p2a: Dragonite\n|-status|p2a: Dragonite|tox\n|-enditem|p2a: Dragonite|Lum Berry|[eat]\n|-curestatus|p2a: Dragonite|tox|[msg]\n|\n|-heal|p1a: Gliscor|52\/100 tox|[from] ability: Poison Heal\n|upkeep\n|turn|8\n|\n|t:|1701054829\n|switch|p1a: Aegislash|Aegislash, F|100\/100\n|move|p2a: Dragonite|Outrage|p1a: Aegislash|[from]lockedmove\n|-resisted|p1a: Aegislash\n|-damage|p1a: Aegislash|65\/100\n|\n|-heal|p1a: Aegislash|71\/100|[from] item: Leftovers\n|upkeep\n|turn|9\n|\n|t:|1701054834\n|move|p1a: Aegislash|King's Shield|p1a: Aegislash\n|-singleturn|p1a: Aegislash|Protect\n|move|p2a: Dragonite|Outrage|p1a: Aegislash|[from]lockedmove\n|-activate|p1a: Aegislash|move: Protect\n|-unboost|p2a: Dragonite|atk|1\n|-start|p2a: Dragonite|confusion|[fatigue]\n|\n|-heal|p1a: Aegislash|78\/100|[from] item: Leftovers\n|upkeep\n|turn|10\n|\n|t:|1701054837\n|-activate|p2a: Dragonite|confusion\n|-damage|p2a: Dragonite|68\/100|[from] confusion\n|move|p1a: Aegislash|Toxic|p2a: Dragonite\n|-status|p2a: Dragonite|tox\n|\n|-heal|p1a: Aegislash|84\/100|[from] item: Leftovers\n|-damage|p2a: Dragonite|62\/100 tox|[from] psn\n|upkeep\n|turn|11\n|\n|t:|1701054844\n|move|p1a: Aegislash|King's Shield|p1a: Aegislash\n|-singleturn|p1a: Aegislash|Protect\n|-end|p2a: Dragonite|confusion\n|move|p2a: Dragonite|Dragon Dance|p2a: Dragonite\n|-boost|p2a: Dragonite|atk|1\n|-boost|p2a: Dragonite|spe|1\n|\n|-heal|p1a: Aegislash|90\/100|[from] item: Leftovers\n|-damage|p2a: Dragonite|49\/100 tox|[from] psn\n|upkeep\n|turn|12\n|\n|t:|1701054848\n|switch|p1a: Gliscor|Gliscor, M|52\/100 tox\n|move|p2a: Dragonite|Fire Punch|p1a: Gliscor\n|-damage|p1a: Gliscor|26\/100 tox\n|\n|-damage|p2a: Dragonite|31\/100 tox|[from] psn\n|-heal|p1a: Gliscor|39\/100 tox|[from] ability: Poison Heal\n|upkeep\n|turn|13\n|\n|t:|1701054856\n|switch|p1a: Aegislash|Aegislash, F|90\/100\n|move|p2a: Dragonite|Dual Wingbeat|p1a: Aegislash\n|-resisted|p1a: Aegislash\n|-damage|p1a: Aegislash|78\/100\n|-resisted|p1a: Aegislash\n|-damage|p1a: Aegislash|65\/100\n|-hitcount|p1a: Aegislash|2\n|\n|-heal|p1a: Aegislash|71\/100|[from] item: Leftovers\n|-damage|p2a: Dragonite|6\/100 tox|[from] psn\n|upkeep\n|turn|14\n|\n|t:|1701054864\n|-formechange|p1a: Aegislash|Aegislash-Blade||[from] ability: Stance Change\n|move|p1a: Aegislash|Shadow Sneak|p2a: Dragonite\n|-damage|p2a: Dragonite|0 fnt\n|faint|p2a: Dragonite\n|\n|-heal|p1a: Aegislash|78\/100|[from] item: Leftovers\n|upkeep\n|\n|t:|1701054872\n|switch|p2a: Blastoise|Blastoise, M|100\/100\n|-damage|p2a: Blastoise|88\/100|[from] Stealth Rock\n|turn|15\n|\n|t:|1701054893\n|detailschange|p2a: Blastoise|Blastoise-Mega, M\n|-mega|p2a: Blastoise|Blastoise|Blastoisinite\n|-formechange|p1a: Aegislash|Aegislash||[from] ability: Stance Change\n|move|p1a: Aegislash|King's Shield|p1a: Aegislash\n|-singleturn|p1a: Aegislash|Protect\n|move|p2a: Blastoise|Water Pulse|p1a: Aegislash\n|-activate|p1a: Aegislash|move: Protect\n|\n|-heal|p1a: Aegislash|84\/100|[from] item: Leftovers\n|upkeep\n|turn|16\n|inactive|vnappy has 120 seconds left.\n|\n|t:|1701054926\n|switch|p1a: Arceus|Arceus-Water|100\/100\n|move|p2a: Blastoise|Shell Smash|p2a: Blastoise\n|-unboost|p2a: Blastoise|def|1\n|-unboost|p2a: Blastoise|spd|1\n|-boost|p2a: Blastoise|atk|2\n|-boost|p2a: Blastoise|spa|2\n|-boost|p2a: Blastoise|spe|2\n|\n|upkeep\n|turn|17\n|inactive|PANDODEEEEZ has 120 seconds left.\n|\n|t:|1701054955\n|move|p2a: Blastoise|Aura Sphere|p1a: Arceus\n|-damage|p1a: Arceus|41\/100\n|move|p1a: Arceus|Whirlpool|p2a: Blastoise\n|-resisted|p2a: Blastoise\n|-damage|p2a: Blastoise|76\/100\n|-activate|p2a: Blastoise|move: Whirlpool|[of] p1a: Arceus\n|\n|-damage|p2a: Blastoise|63\/100|[from] move: Whirlpool|[partiallytrapped]\n|upkeep\n|turn|18\n|inactive|PANDODEEEEZ has 120 seconds left.\n|\n|t:|1701054968\n|switch|p1a: Aegislash|Aegislash, F|84\/100\n|move|p2a: Blastoise|Aura Sphere|p1a: Aegislash\n|-immune|p1a: Aegislash\n|\n|-heal|p1a: Aegislash|90\/100|[from] item: Leftovers\n|-end|p2a: Blastoise|Whirlpool|[partiallytrapped]|[silent]\n|upkeep\n|turn|19\n|\n|t:|1701054975\n|switch|p1a: Arceus|Arceus-Water|41\/100\n|move|p2a: Blastoise|Water Pulse|p1a: Arceus\n|-resisted|p1a: Arceus\n|-damage|p1a: Arceus|5\/100\n|\n|upkeep\n|turn|20\n|\n|t:|1701054980\n|move|p2a: Blastoise|Water Pulse|p1a: Arceus\n|-resisted|p1a: Arceus\n|-damage|p1a: Arceus|0 fnt\n|faint|p1a: Arceus\n|\n|upkeep\n|\n|t:|1701054984\n|switch|p1a: Charizard|Charizard, M|100\/100\n|turn|21\n|\n|t:|1701054990\n|detailschange|p1a: Charizard|Charizard-Mega-X, M\n|-mega|p1a: Charizard|Charizard|Charizardite X\n|move|p2a: Blastoise|Ice Beam|p1a: Charizard\n|-damage|p1a: Charizard|11\/100\n|move|p1a: Charizard|Earthquake|p2a: Blastoise\n|-damage|p2a: Blastoise|16\/100\n|\n|upkeep\n|turn|22\n|\n|t:|1701054997\n|switch|p1a: Gliscor|Gliscor, M|39\/100 tox\n|move|p2a: Blastoise|Ice Beam|p1a: Gliscor\n|-supereffective|p1a: Gliscor\n|-damage|p1a: Gliscor|0 fnt\n|faint|p1a: Gliscor\n|\n|upkeep\n|\n|t:|1701054999\n|switch|p1a: Aegislash|Aegislash, F|90\/100\n|turn|23\n|\n|t:|1701055002\n|-formechange|p1a: Aegislash|Aegislash-Blade||[from] ability: Stance Change\n|move|p1a: Aegislash|Shadow Sneak|p2a: Blastoise\n|-damage|p2a: Blastoise|0 fnt\n|faint|p2a: Blastoise\n|\n|-heal|p1a: Aegislash|96\/100|[from] item: Leftovers\n|upkeep\n|\n|t:|1701055012\n|switch|p2a: Rhydon|Rhydon, F|100\/100\n|-damage|p2a: Rhydon|95\/100|[from] Stealth Rock\n|turn|24\n|\n|t:|1701055029\n|-terastallize|p2a: Rhydon|Ghost\n|-formechange|p1a: Aegislash|Aegislash||[from] ability: Stance Change\n|move|p1a: Aegislash|King's Shield|p1a: Aegislash\n|-singleturn|p1a: Aegislash|Protect\n|move|p2a: Rhydon|Iron Defense|p2a: Rhydon\n|-boost|p2a: Rhydon|def|2\n|\n|-heal|p1a: Aegislash|100\/100|[from] item: Leftovers\n|upkeep\n|turn|25\n|\n|t:|1701055034\n|move|p1a: Aegislash|Substitute|p1a: Aegislash\n|-start|p1a: Aegislash|Substitute\n|-damage|p1a: Aegislash|76\/100\n|move|p2a: Rhydon|Earthquake|p1a: Aegislash\n|-supereffective|p1a: Aegislash\n|-end|p1a: Aegislash|Substitute\n|\n|-heal|p1a: Aegislash|82\/100|[from] item: Leftovers\n|upkeep\n|turn|26\n|\n|t:|1701055040\n|move|p1a: Aegislash|Toxic|p2a: Rhydon\n|-status|p2a: Rhydon|tox\n|move|p2a: Rhydon|Earthquake|p1a: Aegislash\n|-supereffective|p1a: Aegislash\n|-damage|p1a: Aegislash|14\/100\n|\n|-heal|p1a: Aegislash|21\/100|[from] item: Leftovers\n|-damage|p2a: Rhydon|89\/100 tox|[from] psn\n|upkeep\n|turn|27\n|\n|t:|1701055044\n|move|p1a: Aegislash|King's Shield|p1a: Aegislash\n|-singleturn|p1a: Aegislash|Protect\n|move|p2a: Rhydon|Earthquake|p1a: Aegislash\n|-activate|p1a: Aegislash|move: Protect\n|\n|-heal|p1a: Aegislash|27\/100|[from] item: Leftovers\n|-damage|p2a: Rhydon|77\/100 tox|[from] psn\n|upkeep\n|turn|28\n|\n|t:|1701055049\n|move|p1a: Aegislash|Substitute|p1a: Aegislash\n|-start|p1a: Aegislash|Substitute\n|-damage|p1a: Aegislash|2\/100\n|move|p2a: Rhydon|Earthquake|p1a: Aegislash\n|-supereffective|p1a: Aegislash\n|-end|p1a: Aegislash|Substitute\n|\n|-heal|p1a: Aegislash|8\/100|[from] item: Leftovers\n|-damage|p2a: Rhydon|59\/100 tox|[from] psn\n|upkeep\n|turn|29\n|\n|t:|1701055059\n|move|p1a: Aegislash|King's Shield|p1a: Aegislash\n|-singleturn|p1a: Aegislash|Protect\n|move|p2a: Rhydon|Earthquake|p1a: Aegislash\n|-activate|p1a: Aegislash|move: Protect\n|\n|-heal|p1a: Aegislash|14\/100|[from] item: Leftovers\n|-damage|p2a: Rhydon|35\/100 tox|[from] psn\n|upkeep\n|turn|30\n|\n|t:|1701055064\n|-formechange|p1a: Aegislash|Aegislash-Blade||[from] ability: Stance Change\n|move|p1a: Aegislash|Shadow Sneak|p2a: Rhydon\n|-supereffective|p2a: Rhydon\n|-damage|p2a: Rhydon|26\/100 tox\n|move|p2a: Rhydon|Earthquake|p1a: Aegislash\n|-supereffective|p1a: Aegislash\n|-crit|p1a: Aegislash\n|-damage|p1a: Aegislash|0 fnt\n|faint|p1a: Aegislash\n|\n|-damage|p2a: Rhydon|0 fnt|[from] psn\n|faint|p2a: Rhydon\n|upkeep\n|\n|t:|1701055071\n|switch|p1a: Charizard|Charizard-Mega-X, M|11\/100\n|switch|p2a: Tyranitar|Tyranitar, M|100\/100\n|-damage|p2a: Tyranitar|88\/100|[from] Stealth Rock\n|-weather|Sandstorm|[from] ability: Sand Stream|[of] p2a: Tyranitar\n|turn|31\n|\n|t:|1701055078\n|move|p1a: Charizard|Roost|p1a: Charizard\n|-heal|p1a: Charizard|61\/100\n|-singleturn|p1a: Charizard|move: Roost\n|move|p2a: Tyranitar|Crunch|p1a: Charizard\n|-damage|p1a: Charizard|15\/100\n|\n|-weather|Sandstorm|[upkeep]\n|-damage|p1a: Charizard|9\/100|[from] Sandstorm\n|upkeep\n|turn|32\n|\n|t:|1701055090\n|move|p1a: Charizard|Earthquake|p2a: Tyranitar\n|-supereffective|p2a: Tyranitar\n|-damage|p2a: Tyranitar|37\/100\n|move|p2a: Tyranitar|Earthquake|p1a: Charizard\n|-supereffective|p1a: Charizard\n|-damage|p1a: Charizard|0 fnt\n|faint|p1a: Charizard\n|\n|win|vnappy\n|raw|PANDODEEEEZ's rating: 1266 &rarr; <strong>1246<\/strong><br \/>(-20 for losing)\n|raw|vnappy's rating: 1337 &rarr; <strong>1353<\/strong><br \/>(+16 for winning)\n|c|\u2606vnappy|gg\n","uploadtime":1701055101,"views":1,"p1id":"pandodeeeez","p2id":"vnappy","formatid":"gen9nationaldexubers","rating":1246,"private":0,"password":""}