{"id":"gen9nationaldexubers-1999237691","p1":"Rayqueerza32","p2":"GrundleGrimace","format":"[Gen 9] National Dex Ubers","log":"|j|\u2606Rayqueerza32\n|j|\u2606GrundleGrimace\n|t:|1701049209\n|gametype|singles\n|player|p1|Rayqueerza32|palmer|\n|player|p2|GrundleGrimace|zinzolin|\n|teamsize|p1|6\n|teamsize|p2|6\n|gen|9\n|tier|[Gen 9] National Dex Ubers\n|rule|HP Percentage Mod: HP is shown in percentages\n|rule|Endless Battle Clause: Forcing endless battles is banned\n|rule|OHKO Clause: OHKO moves are banned\n|rule|Evasion Moves Clause: Evasion moves are banned\n|rule|Evasion Items Clause: Evasion items are banned\n|rule|Species Clause: Limit one of each Pok\u00e9mon\n|rule|Sleep Clause Mod: Limit one foe put to sleep\n|rule|Mega Rayquaza Clause: You cannot mega evolve Rayquaza\n|clearpoke\n|poke|p1|Scizor, M|\n|poke|p1|Landorus-Therian, M|\n|poke|p1|Greninja-*, F|\n|poke|p1|Corviknight, M|\n|poke|p1|Blissey, F|\n|poke|p1|Conkeldurr, F|\n|poke|p2|Groudon|\n|poke|p2|Zygarde|\n|poke|p2|Clodsire, M|\n|poke|p2|Great Tusk|\n|poke|p2|Landorus, M|\n|poke|p2|Mamoswine, F|\n|teampreview\n|inactive|Battle timer is ON: inactive players will automatically lose when time's up. (requested by Rayqueerza32)\n|c|\u2606Rayqueerza32|tera drag corv\n|c|\u2606GrundleGrimace|glhf\n|c|\u2606Rayqueerza32|u2\n|c|\u2606Rayqueerza32|i got 2 badges\n|c|\u2606Rayqueerza32|time for my third\n|inactive|GrundleGrimace has 270 seconds left.\n|\n|t:|1701049249\n|start\n|switch|p1a: Amphinobi|Greninja, F|100\/100\n|switch|p2a: Great Tusk|Great Tusk|100\/100\n|turn|1\n|\n|t:|1701049270\n|-end|p2a: Great Tusk|Protosynthesis|[silent]\n|switch|p2a: Groudon|Groudon|100\/100\n|detailschange|p2a: Groudon|Groudon-Primal\n|-primal|p2a: Groudon|Red Orb\n|-weather|DesolateLand|[from] ability: Desolate Land|[of] p2a: Groudon\n|move|p1a: Amphinobi|Ice Beam|p2a: Groudon\n|-start|p1a: Amphinobi|typechange|Ice|[from] ability: Protean\n|-damage|p2a: Groudon|61\/100\n|\n|-weather|DesolateLand|[upkeep]\n|upkeep\n|turn|2\n|\n|t:|1701049279\n|switch|p1a: UUBL|Landorus-Therian, M|100\/100\n|-ability|p1a: UUBL|Intimidate|boost\n|-unboost|p2a: Groudon|atk|1\n|move|p2a: Groudon|Stone Edge|p1a: UUBL\n|-damage|p1a: UUBL|79\/100\n|\n|-weather|DesolateLand|[upkeep]\n|upkeep\n|turn|3\n|\n|t:|1701049291\n|-weather|none\n|switch|p2a: Landorus|Landorus, M|100\/100\n|move|p1a: UUBL|Stealth Rock|p2a: Landorus\n|-sidestart|p2: GrundleGrimace|move: Stealth Rock\n|\n|upkeep\n|turn|4\n|\n|t:|1701049301\n|move|p2a: Landorus|Rock Slide|p1a: UUBL\n|-damage|p1a: UUBL|47\/100\n|-zpower|p1a: UUBL\n|move|p1a: UUBL|Continental Crush|p2a: Landorus|[zeffect]\n|-damage|p2a: Landorus|7\/100\n|\n|upkeep\n|turn|5\n|\n|t:|1701049312\n|move|p2a: Landorus|Rock Slide|p1a: UUBL\n|-damage|p1a: UUBL|15\/100\n|move|p1a: UUBL|Stone Edge|p2a: Landorus|[miss]\n|-miss|p1a: UUBL|p2a: Landorus\n|\n|upkeep\n|turn|6\n|\n|t:|1701049316\n|switch|p1a: Honkeldurr|Conkeldurr, F|100\/100\n|move|p2a: Landorus|Rock Slide|p1a: Honkeldurr\n|-resisted|p1a: Honkeldurr\n|-damage|p1a: Honkeldurr|86\/100\n|\n|-status|p1a: Honkeldurr|brn|[from] item: Flame Orb\n|upkeep\n|turn|7\n|\n|t:|1701049322\n|move|p1a: Honkeldurr|Mach Punch|p2a: Landorus\n|-resisted|p2a: Landorus\n|-damage|p2a: Landorus|0 fnt\n|faint|p2a: Landorus\n|\n|-damage|p1a: Honkeldurr|80\/100 brn|[from] brn\n|upkeep\n|\n|t:|1701049351\n|switch|p2a: Great Tusk|Great Tusk|100\/100\n|-damage|p2a: Great Tusk|98\/100|[from] Stealth Rock\n|turn|8\n|\n|t:|1701049356\n|move|p2a: Great Tusk|Rapid Spin|p1a: Honkeldurr\n|-damage|p1a: Honkeldurr|68\/100 brn\n|-boost|p2a: Great Tusk|spe|1\n|-sideend|p2: GrundleGrimace|Stealth Rock|[from] move: Rapid Spin|[of] p2a: Great Tusk\n|move|p1a: Honkeldurr|Ice Punch|p2a: Great Tusk\n|-supereffective|p2a: Great Tusk\n|-damage|p2a: Great Tusk|53\/100\n|\n|-heal|p2a: Great Tusk|59\/100|[from] item: Leftovers\n|-damage|p1a: Honkeldurr|62\/100 brn|[from] brn\n|upkeep\n|turn|9\n|\n|t:|1701049364\n|switch|p1a: Tinkatrouble|Corviknight, M, shiny|100\/100\n|-ability|p1a: Tinkatrouble|Pressure\n|move|p2a: Great Tusk|Stealth Rock|p1a: Tinkatrouble\n|-sidestart|p1: Rayqueerza32|move: Stealth Rock\n|\n|-heal|p2a: Great Tusk|66\/100|[from] item: Leftovers\n|upkeep\n|turn|10\n|\n|t:|1701049370\n|-end|p2a: Great Tusk|Protosynthesis|[silent]\n|switch|p2a: Zygarde|Zygarde|100\/100\n|move|p1a: Tinkatrouble|Defog|p2a: Zygarde\n|-unboost|p2a: Zygarde|evasion|1\n|-sideend|p1: Rayqueerza32|Stealth Rock|[from] move: Defog|[of] p1a: Tinkatrouble\n|\n|upkeep\n|turn|11\n|\n|t:|1701049375\n|move|p2a: Zygarde|Substitute|p2a: Zygarde\n|-start|p2a: Zygarde|Substitute\n|-damage|p2a: Zygarde|76\/100\n|move|p1a: Tinkatrouble|U-turn|p2a: Zygarde\n|-activate|p2a: Zygarde|move: Substitute|[damage]\n|\n|t:|1701049380\n|switch|p1a: Honkeldurr|Conkeldurr, F|62\/100 brn|[from] U-turn\n|\n|-heal|p2a: Zygarde|82\/100|[from] item: Leftovers\n|-damage|p1a: Honkeldurr|56\/100 brn|[from] brn\n|upkeep\n|turn|12\n|\n|t:|1701049387\n|move|p2a: Zygarde|Thousand Arrows|p1a: Honkeldurr\n|-damage|p1a: Honkeldurr|22\/100 brn\n|move|p1a: Honkeldurr|Ice Punch|p2a: Zygarde\n|-supereffective|p2a: Zygarde\n|-end|p2a: Zygarde|Substitute\n|\n|-heal|p2a: Zygarde|88\/100|[from] item: Leftovers\n|-damage|p1a: Honkeldurr|16\/100 brn|[from] brn\n|upkeep\n|turn|13\n|\n|t:|1701049393\n|move|p1a: Honkeldurr|Mach Punch|p2a: Zygarde\n|-damage|p2a: Zygarde|63\/100\n|move|p2a: Zygarde|Thousand Arrows|p1a: Honkeldurr\n|-damage|p1a: Honkeldurr|0 fnt\n|faint|p1a: Honkeldurr\n|\n|-heal|p2a: Zygarde|69\/100|[from] item: Leftovers\n|upkeep\n|\n|t:|1701049398\n|switch|p1a: Amphinobi|Greninja, F|100\/100\n|turn|14\n|\n|t:|1701049404\n|switch|p2a: Clodsire|Clodsire, M|100\/100\n|move|p1a: Amphinobi|Scald|p2a: Clodsire\n|-start|p1a: Amphinobi|typechange|Water|[from] ability: Protean\n|-supereffective|p2a: Clodsire\n|-damage|p2a: Clodsire|68\/100\n|-status|p2a: Clodsire|brn\n|\n|-heal|p2a: Clodsire|74\/100 brn|[from] item: Black Sludge\n|-damage|p2a: Clodsire|68\/100 brn|[from] brn\n|upkeep\n|turn|15\n|\n|t:|1701049423\n|switch|p1a: Faberge|Scizor, M|100\/100\n|switch|p2a: Groudon|Groudon-Primal|61\/100\n|-weather|DesolateLand|[from] ability: Desolate Land|[of] p2a: Groudon\n|\n|-weather|DesolateLand|[upkeep]\n|upkeep\n|turn|16\n|\n|t:|1701049428\n|switch|p1a: UUBL|Landorus-Therian, M|15\/100\n|-ability|p1a: UUBL|Intimidate|boost\n|-unboost|p2a: Groudon|atk|1\n|move|p2a: Groudon|Lava Plume|p1a: UUBL\n|-damage|p1a: UUBL|0 fnt\n|faint|p1a: UUBL\n|\n|-weather|DesolateLand|[upkeep]\n|upkeep\n|\n|t:|1701049434\n|switch|p1a: Tinkatrouble|Corviknight, M, shiny|100\/100\n|-ability|p1a: Tinkatrouble|Pressure\n|turn|17\n|\n|t:|1701049448\n|-terastallize|p1a: Tinkatrouble|Dragon\n|move|p2a: Groudon|Lava Plume|p1a: Tinkatrouble\n|-resisted|p1a: Tinkatrouble\n|-damage|p1a: Tinkatrouble|66\/100\n|-status|p1a: Tinkatrouble|brn\n|move|p1a: Tinkatrouble|Brave Bird|p2a: Groudon\n|-damage|p2a: Groudon|47\/100\n|-damage|p1a: Tinkatrouble|62\/100 brn|[from] Recoil\n|\n|-weather|DesolateLand|[upkeep]\n|-heal|p1a: Tinkatrouble|68\/100 brn|[from] item: Leftovers\n|-damage|p1a: Tinkatrouble|62\/100 brn|[from] brn\n|upkeep\n|turn|18\n|\n|t:|1701049456\n|-weather|none\n|switch|p2a: Zygarde|Zygarde|69\/100\n|move|p1a: Tinkatrouble|U-turn|p2a: Zygarde\n|-damage|p2a: Zygarde|64\/100\n|\n|t:|1701049458\n|switch|p1a: Amphinobi|Greninja, F|100\/100|[from] U-turn\n|\n|-heal|p2a: Zygarde|70\/100|[from] item: Leftovers\n|upkeep\n|turn|19\n|\n|t:|1701049474\n|switch|p2a: Great Tusk|Great Tusk|66\/100\n|move|p1a: Amphinobi|Ice Beam|p2a: Great Tusk\n|-start|p1a: Amphinobi|typechange|Ice|[from] ability: Protean\n|-supereffective|p2a: Great Tusk\n|-damage|p2a: Great Tusk|0 fnt\n|faint|p2a: Great Tusk\n|-end|p2a: Great Tusk|Protosynthesis|[silent]\n|\n|upkeep\n|\n|t:|1701049477\n|switch|p2a: Mamoswine|Mamoswine, F|100\/100\n|turn|20\n|\n|t:|1701049484\n|switch|p1a: Faberge|Scizor, M|100\/100\n|move|p2a: Mamoswine|Earthquake|p1a: Faberge\n|-damage|p1a: Faberge|34\/100\n|\n|upkeep\n|turn|21\n|\n|t:|1701049502\n|switch|p2a: Clodsire|Clodsire, M|68\/100 brn\n|detailschange|p1a: Faberge|Scizor-Mega, M\n|-mega|p1a: Faberge|Scizor|Scizorite\n|move|p1a: Faberge|Roost|p1a: Faberge\n|-heal|p1a: Faberge|84\/100\n|-singleturn|p1a: Faberge|move: Roost\n|\n|-heal|p2a: Clodsire|74\/100 brn|[from] item: Black Sludge\n|-damage|p2a: Clodsire|68\/100 brn|[from] brn\n|upkeep\n|turn|22\n|\n|t:|1701049514\n|move|p1a: Faberge|U-turn|p2a: Clodsire\n|-resisted|p2a: Clodsire\n|-damage|p2a: Clodsire|49\/100 brn\n|\n|t:|1701049516\n|switch|p1a: Fat Fuck Friday|Blissey, F|100\/100|[from] U-turn\n|move|p2a: Clodsire|Earthquake|p1a: Fat Fuck Friday\n|-damage|p1a: Fat Fuck Friday|89\/100\n|\n|-heal|p2a: Clodsire|55\/100 brn|[from] item: Black Sludge\n|-damage|p2a: Clodsire|49\/100 brn|[from] brn\n|upkeep\n|turn|23\n|\n|t:|1701049521\n|move|p2a: Clodsire|Recover|p2a: Clodsire\n|-heal|p2a: Clodsire|99\/100 brn\n|move|p1a: Fat Fuck Friday|Teleport|p1a: Fat Fuck Friday\n|\n|t:|1701049531\n|switch|p1a: Faberge|Scizor-Mega, M|84\/100|[from] Teleport\n|\n|-heal|p2a: Clodsire|100\/100 brn|[from] item: Black Sludge\n|-damage|p2a: Clodsire|94\/100 brn|[from] brn\n|upkeep\n|turn|24\n|\n|t:|1701049545\n|move|p1a: Faberge|Swords Dance|p1a: Faberge\n|-boost|p1a: Faberge|atk|2\n|move|p2a: Clodsire|Earthquake|p1a: Faberge\n|-damage|p1a: Faberge|76\/100\n|\n|-heal|p2a: Clodsire|100\/100 brn|[from] item: Black Sludge\n|-damage|p2a: Clodsire|94\/100 brn|[from] brn\n|upkeep\n|turn|25\n|\n|t:|1701049548\n|move|p1a: Faberge|Roost|p1a: Faberge\n|-heal|p1a: Faberge|100\/100\n|-singleturn|p1a: Faberge|move: Roost\n|move|p2a: Clodsire|Haze|p2a: Clodsire\n|-clearallboost\n|\n|-heal|p2a: Clodsire|100\/100 brn|[from] item: Black Sludge\n|-damage|p2a: Clodsire|94\/100 brn|[from] brn\n|upkeep\n|turn|26\n|\n|t:|1701049555\n|move|p1a: Faberge|Bullet Punch|p2a: Clodsire\n|-damage|p2a: Clodsire|61\/100 brn\n|move|p2a: Clodsire|Earthquake|p1a: Faberge\n|-damage|p1a: Faberge|93\/100\n|\n|-heal|p2a: Clodsire|67\/100 brn|[from] item: Black Sludge\n|-damage|p2a: Clodsire|61\/100 brn|[from] brn\n|upkeep\n|turn|27\n|\n|t:|1701049559\n|move|p1a: Faberge|Bullet Punch|p2a: Clodsire\n|-damage|p2a: Clodsire|29\/100 brn\n|move|p2a: Clodsire|Recover|p2a: Clodsire\n|-heal|p2a: Clodsire|79\/100 brn\n|\n|-heal|p2a: Clodsire|85\/100 brn|[from] item: Black Sludge\n|-damage|p2a: Clodsire|79\/100 brn|[from] brn\n|upkeep\n|turn|28\n|\n|t:|1701049566\n|switch|p2a: Zygarde|Zygarde|70\/100\n|move|p1a: Faberge|Bullet Punch|p2a: Zygarde\n|-damage|p2a: Zygarde|47\/100\n|\n|-heal|p2a: Zygarde|53\/100|[from] item: Leftovers\n|upkeep\n|turn|29\n|\n|t:|1701049580\n|move|p2a: Zygarde|Thousand Arrows|p1a: Faberge\n|-damage|p1a: Faberge|71\/100\n|move|p1a: Faberge|U-turn|p2a: Zygarde\n|-damage|p2a: Zygarde|30\/100\n|\n|t:|1701049584\n|switch|p1a: Amphinobi|Greninja, F|100\/100|[from] U-turn\n|\n|-heal|p2a: Zygarde|36\/100|[from] item: Leftovers\n|-activate|p2a: Zygarde|ability: Power Construct\n|detailschange|p2a: Zygarde|Zygarde-Complete\n|-heal|p2a: Zygarde|60\/100|[silent]\n|upkeep\n|turn|30\n|\n|t:|1701049612\n|switch|p2a: Clodsire|Clodsire, M|79\/100 brn\n|move|p1a: Amphinobi|Scald|p2a: Clodsire\n|-start|p1a: Amphinobi|typechange|Water|[from] ability: Protean\n|-supereffective|p2a: Clodsire\n|-damage|p2a: Clodsire|45\/100 brn\n|\n|-heal|p2a: Clodsire|51\/100 brn|[from] item: Black Sludge\n|-damage|p2a: Clodsire|45\/100 brn|[from] brn\n|upkeep\n|turn|31\n|\n|t:|1701049618\n|move|p1a: Amphinobi|Scald|p2a: Clodsire\n|-supereffective|p2a: Clodsire\n|-damage|p2a: Clodsire|10\/100 brn\n|move|p2a: Clodsire|Toxic|p1a: Amphinobi\n|-status|p1a: Amphinobi|tox\n|\n|-heal|p2a: Clodsire|16\/100 brn|[from] item: Black Sludge\n|-damage|p1a: Amphinobi|95\/100 tox|[from] psn\n|-damage|p2a: Clodsire|10\/100 brn|[from] brn\n|upkeep\n|turn|32\n|\n|t:|1701049629\n|switch|p1a: Fat Fuck Friday|Blissey, F|89\/100\n|move|p2a: Clodsire|Recover|p2a: Clodsire\n|-heal|p2a: Clodsire|60\/100 brn\n|\n|-heal|p2a: Clodsire|66\/100 brn|[from] item: Black Sludge\n|-damage|p2a: Clodsire|60\/100 brn|[from] brn\n|upkeep\n|turn|33\n|\n|t:|1701049634\n|move|p2a: Clodsire|Toxic|p1a: Fat Fuck Friday\n|-status|p1a: Fat Fuck Friday|tox\n|move|p1a: Fat Fuck Friday|Teleport|p1a: Fat Fuck Friday\n|\n|t:|1701049636\n|-curestatus|p1a: Fat Fuck Friday|tox|[from] ability: Natural Cure\n|switch|p1a: Faberge|Scizor-Mega, M|71\/100|[from] Teleport\n|\n|-heal|p2a: Clodsire|66\/100 brn|[from] item: Black Sludge\n|-damage|p2a: Clodsire|60\/100 brn|[from] brn\n|upkeep\n|turn|34\n|\n|t:|1701049640\n|move|p1a: Faberge|Roost|p1a: Faberge\n|-heal|p1a: Faberge|100\/100\n|-singleturn|p1a: Faberge|move: Roost\n|move|p2a: Clodsire|Recover|p2a: Clodsire\n|-heal|p2a: Clodsire|100\/100 brn\n|\n|-damage|p2a: Clodsire|94\/100 brn|[from] brn\n|upkeep\n|turn|35\n|\n|t:|1701049650\n|move|p1a: Faberge|Bullet Punch|p2a: Clodsire\n|-damage|p2a: Clodsire|61\/100 brn\n|move|p2a: Clodsire|Toxic|p1a: Faberge\n|-immune|p1a: Faberge\n|\n|-heal|p2a: Clodsire|68\/100 brn|[from] item: Black Sludge\n|-damage|p2a: Clodsire|61\/100 brn|[from] brn\n|upkeep\n|turn|36\n|\n|t:|1701049654\n|switch|p1a: Tinkatrouble|Corviknight, M, shiny, tera:Dragon|62\/100 brn\n|-ability|p1a: Tinkatrouble|Pressure\n|move|p2a: Clodsire|Recover|p2a: Clodsire\n|-heal|p2a: Clodsire|100\/100 brn\n|\n|-heal|p1a: Tinkatrouble|68\/100 brn|[from] item: Leftovers\n|-damage|p1a: Tinkatrouble|62\/100 brn|[from] brn\n|-damage|p2a: Clodsire|94\/100 brn|[from] brn\n|upkeep\n|turn|37\n|\n|t:|1701049662\n|switch|p2a: Zygarde|Zygarde-Complete|60\/100\n|move|p1a: Tinkatrouble|Roost|p1a: Tinkatrouble\n|-heal|p1a: Tinkatrouble|100\/100 brn\n|\n|-heal|p2a: Zygarde|66\/100|[from] item: Leftovers\n|-damage|p1a: Tinkatrouble|94\/100 brn|[from] brn\n|upkeep\n|turn|38\n|\n|t:|1701049667\n|switch|p1a: Faberge|Scizor-Mega, M|100\/100\n|move|p2a: Zygarde|Substitute|p2a: Zygarde\n|-start|p2a: Zygarde|Substitute\n|-damage|p2a: Zygarde|41\/100\n|\n|-heal|p2a: Zygarde|48\/100|[from] item: Leftovers\n|upkeep\n|turn|39\n|\n|t:|1701049674\n|move|p2a: Zygarde|Dragon Dance|p2a: Zygarde\n|-boost|p2a: Zygarde|atk|1\n|-boost|p2a: Zygarde|spe|1\n|move|p1a: Faberge|Swords Dance|p1a: Faberge\n|-boost|p1a: Faberge|atk|2\n|\n|-heal|p2a: Zygarde|54\/100|[from] item: Leftovers\n|upkeep\n|turn|40\n|\n|t:|1701049685\n|move|p1a: Faberge|Bullet Punch|p2a: Zygarde\n|-end|p2a: Zygarde|Substitute\n|move|p2a: Zygarde|Dragon Dance|p2a: Zygarde\n|-boost|p2a: Zygarde|atk|1\n|-boost|p2a: Zygarde|spe|1\n|\n|-heal|p2a: Zygarde|60\/100|[from] item: Leftovers\n|upkeep\n|turn|41\n|\n|t:|1701049705\n|-terastallize|p2a: Zygarde|Ground\n|move|p1a: Faberge|Bullet Punch|p2a: Zygarde\n|-damage|p2a: Zygarde|33\/100\n|move|p2a: Zygarde|Thousand Arrows|p1a: Faberge\n|-damage|p1a: Faberge|42\/100\n|\n|-heal|p2a: Zygarde|39\/100|[from] item: Leftovers\n|upkeep\n|turn|42\n|\n|t:|1701049723\n|move|p1a: Faberge|Bullet Punch|p2a: Zygarde\n|-damage|p2a: Zygarde|13\/100\n|move|p2a: Zygarde|Thousand Arrows|p1a: Faberge\n|-damage|p1a: Faberge|0 fnt\n|faint|p1a: Faberge\n|\n|-heal|p2a: Zygarde|19\/100|[from] item: Leftovers\n|upkeep\n|\n|t:|1701049727\n|switch|p1a: Fat Fuck Friday|Blissey, F|89\/100\n|turn|43\n|\n|t:|1701049735\n|move|p2a: Zygarde|Thousand Arrows|p1a: Fat Fuck Friday\n|-damage|p1a: Fat Fuck Friday|3\/100\n|move|p1a: Fat Fuck Friday|Seismic Toss|p2a: Zygarde\n|-damage|p2a: Zygarde|2\/100\n|\n|-heal|p2a: Zygarde|8\/100|[from] item: Leftovers\n|upkeep\n|turn|44\n|c|\u2606Rayqueerza32|NO\n|\n|t:|1701049742\n|move|p2a: Zygarde|Thousand Arrows|p1a: Fat Fuck Friday\n|-crit|p1a: Fat Fuck Friday\n|-damage|p1a: Fat Fuck Friday|0 fnt\n|faint|p1a: Fat Fuck Friday\n|\n|-heal|p2a: Zygarde|14\/100|[from] item: Leftovers\n|upkeep\n|\n|t:|1701049744\n|switch|p1a: Tinkatrouble|Corviknight, M, shiny, tera:Dragon|94\/100 brn\n|-ability|p1a: Tinkatrouble|Pressure\n|turn|45\n|\n|t:|1701049749\n|move|p2a: Zygarde|Thousand Arrows|p1a: Tinkatrouble\n|-damage|p1a: Tinkatrouble|37\/100 brn\n|move|p1a: Tinkatrouble|Brave Bird|p2a: Zygarde\n|-damage|p2a: Zygarde|6\/100\n|-damage|p1a: Tinkatrouble|34\/100 brn|[from] Recoil\n|\n|-heal|p2a: Zygarde|12\/100|[from] item: Leftovers\n|-heal|p1a: Tinkatrouble|40\/100 brn|[from] item: Leftovers\n|-damage|p1a: Tinkatrouble|34\/100 brn|[from] brn\n|upkeep\n|turn|46\n|\n|t:|1701049754\n|move|p2a: Zygarde|Thousand Arrows|p1a: Tinkatrouble\n|-damage|p1a: Tinkatrouble|0 fnt\n|faint|p1a: Tinkatrouble\n|\n|-heal|p2a: Zygarde|19\/100|[from] item: Leftovers\n|upkeep\n|\n|t:|1701049757\n|switch|p1a: Amphinobi|Greninja, F|95\/100 tox\n|turn|47\n|\n|t:|1701049760\n|move|p1a: Amphinobi|Ice Beam|p2a: Zygarde\n|-start|p1a: Amphinobi|typechange|Ice|[from] ability: Protean\n|-supereffective|p2a: Zygarde\n|-damage|p2a: Zygarde|0 fnt\n|faint|p2a: Zygarde\n|\n|-damage|p1a: Amphinobi|89\/100 tox|[from] psn\n|upkeep\n|c|\u2606Rayqueerza32|so many burns\n|c|\u2606Rayqueerza32|HUH\n|\n|t:|1701049765\n|switch|p2a: Mamoswine|Mamoswine, F|100\/100\n|turn|48\n|c|\u2606Rayqueerza32|I\n|c|\u2606GrundleGrimace|not max speed\n|c|\u2606Rayqueerza32|i am so upset\n|\n|t:|1701049784\n|move|p1a: Amphinobi|Ice Beam|p2a: Mamoswine\n|-damage|p2a: Mamoswine|74\/100\n|move|p2a: Mamoswine|Earthquake|p1a: Amphinobi\n|-damage|p1a: Amphinobi|0 fnt\n|faint|p1a: Amphinobi\n|\n|win|GrundleGrimace\n|c|\u2606GrundleGrimace|gg\n|c|\u2606Rayqueerza32|i sacrificed 3 mons for no reason\n|c|\u2606Rayqueerza32|i\n|c|\u2606Rayqueerza32|gg\n","uploadtime":1701049798,"views":10,"p1id":"rayqueerza32","p2id":"grundlegrimace","formatid":"gen9nationaldexubers","rating":0,"private":0,"password":""}