{"id":"gen9nationaldexubers-1990163593","p1":"harmony6","p2":"TheTezzy27","format":"[Gen 9] National Dex Ubers","log":"|j|\u2606harmony6\n|j|\u2606TheTezzy27\n|t:|1699931605\n|gametype|singles\n|player|p1|harmony6|lass-gen4dp|\n|player|p2|TheTezzy27|170|\n|teamsize|p1|6\n|teamsize|p2|6\n|gen|9\n|tier|[Gen 9] National Dex Ubers\n|rule|HP Percentage Mod: HP is shown in percentages\n|rule|Endless Battle Clause: Forcing endless battles is banned\n|rule|OHKO Clause: OHKO moves are banned\n|rule|Evasion Moves Clause: Evasion moves are banned\n|rule|Evasion Items Clause: Evasion items are banned\n|rule|Species Clause: Limit one of each Pok\u00e9mon\n|rule|Sleep Clause Mod: Limit one foe put to sleep\n|rule|Mega Rayquaza Clause: You cannot mega evolve Rayquaza\n|clearpoke\n|poke|p1|Lopunny, F|\n|poke|p1|Gastrodon, M|\n|poke|p1|Ferrothorn, F|\n|poke|p1|Tapu Fini|\n|poke|p1|Zapdos|\n|poke|p1|Meowscarada, F|\n|poke|p2|Hippowdon, F|\n|poke|p2|Garchomp, F|\n|poke|p2|Steelix, M|\n|poke|p2|Clodsire, M|\n|poke|p2|Excadrill, M|\n|poke|p2|Great Tusk|\n|teampreview\n|c|\u2606TheTezzy27|glhf bruv\n|c|\u2606harmony6|U2!\n|c|\u2606harmony6|time to test your worthiness of my former spot\n|c|\u2606harmony6|jkjk\n|c|\u2606TheTezzy27|thems fighting words\n|c|\u2606harmony6|And your lack of a second hippo\n|c|\u2606TheTezzy27|dont need it to beat you\n|\n|t:|1699931695\n|start\n|switch|p1a: Tapu Fini|Tapu Fini|100\/100\n|switch|p2a: Dust in the Wind|Hippowdon, F|100\/100\n|-fieldstart|move: Misty Terrain|[from] ability: Misty Surge|[of] p1a: Tapu Fini\n|-weather|Sandstorm|[from] ability: Sand Stream|[of] p2a: Dust in the Wind\n|turn|1\n|\n|t:|1699931732\n|switch|p2a: Goo Goo Muck|Clodsire, M|100\/100\n|move|p1a: Tapu Fini|Taunt|p2a: Goo Goo Muck\n|-start|p2a: Goo Goo Muck|move: Taunt\n|\n|-weather|Sandstorm|[upkeep]\n|-damage|p1a: Tapu Fini|94\/100|[from] Sandstorm\n|-heal|p1a: Tapu Fini|100\/100|[from] item: Leftovers\n|upkeep\n|turn|2\n|\n|t:|1699931753\n|switch|p1a: Ferrothorn|Ferrothorn, F|100\/100\n|move|p2a: Goo Goo Muck|Poison Jab|p1a: Ferrothorn\n|-immune|p1a: Ferrothorn\n|\n|-weather|Sandstorm|[upkeep]\n|upkeep\n|turn|3\n|\n|t:|1699931765\n|switch|p2a: Beast of Burden|Great Tusk|100\/100\n|move|p1a: Ferrothorn|Leech Seed|p2a: Beast of Burden\n|-start|p2a: Beast of Burden|move: Leech Seed\n|\n|-weather|Sandstorm|[upkeep]\n|-damage|p2a: Beast of Burden|88\/100|[from] Leech Seed|[of] p1a: Ferrothorn\n|upkeep\n|turn|4\n|\n|t:|1699931799\n|switch|p1a: Tapu Fini|Tapu Fini|100\/100\n|move|p2a: Beast of Burden|Knock Off|p1a: Tapu Fini\n|-resisted|p1a: Tapu Fini\n|-damage|p1a: Tapu Fini|85\/100\n|-enditem|p1a: Tapu Fini|Leftovers|[from] move: Knock Off|[of] p2a: Beast of Burden\n|\n|-weather|Sandstorm|[upkeep]\n|-damage|p1a: Tapu Fini|79\/100|[from] Sandstorm\n|-heal|p2a: Beast of Burden|94\/100|[from] item: Leftovers\n|-damage|p2a: Beast of Burden|82\/100|[from] Leech Seed|[of] p1a: Tapu Fini\n|-heal|p1a: Tapu Fini|97\/100|[silent]\n|upkeep\n|turn|5\n|\n|t:|1699931824\n|-end|p2a: Beast of Burden|Protosynthesis|[silent]\n|switch|p2a: Dust in the Wind|Hippowdon, F|100\/100\n|move|p1a: Tapu Fini|Scald|p2a: Dust in the Wind\n|-supereffective|p2a: Dust in the Wind\n|-damage|p2a: Dust in the Wind|55\/100\n|\n|-weather|Sandstorm|[upkeep]\n|-damage|p1a: Tapu Fini|91\/100|[from] Sandstorm\n|-fieldend|Misty Terrain\n|upkeep\n|turn|6\n|\n|t:|1699931833\n|switch|p1a: Meowscarada|Meowscarada, F|100\/100\n|switch|p2a: Goo Goo Muck|Clodsire, M|100\/100\n|\n|-weather|Sandstorm|[upkeep]\n|-damage|p1a: Meowscarada|94\/100|[from] Sandstorm\n|upkeep\n|turn|7\n|\n|t:|1699931858\n|move|p1a: Meowscarada|U-turn|p2a: Goo Goo Muck\n|-start|p1a: Meowscarada|typechange|Bug|[from] ability: Protean\n|-resisted|p2a: Goo Goo Muck\n|-crit|p2a: Goo Goo Muck\n|-damage|p2a: Goo Goo Muck|67\/100\n|\n|t:|1699931868\n|switch|p1a: Lopunny|Lopunny, F|100\/100|[from] U-turn\n|move|p2a: Goo Goo Muck|Toxic|p1a: Lopunny\n|-status|p1a: Lopunny|tox\n|\n|-weather|Sandstorm|[upkeep]\n|-damage|p1a: Lopunny|95\/100 tox|[from] Sandstorm\n|-heal|p2a: Goo Goo Muck|73\/100|[from] item: Black Sludge\n|-damage|p1a: Lopunny|89\/100 tox|[from] psn\n|upkeep\n|turn|8\n|\n|t:|1699931871\n|switch|p2a: Beast of Burden|Great Tusk|82\/100\n|detailschange|p1a: Lopunny|Lopunny-Mega, F\n|-mega|p1a: Lopunny|Lopunny|Lopunnite\n|move|p1a: Lopunny|U-turn|p2a: Beast of Burden\n|-resisted|p2a: Beast of Burden\n|-damage|p2a: Beast of Burden|76\/100\n|\n|t:|1699931876\n|switch|p1a: Meowscarada|Meowscarada, F|94\/100|[from] U-turn\n|\n|-weather|none\n|-heal|p2a: Beast of Burden|82\/100|[from] item: Leftovers\n|upkeep\n|turn|9\n|\n|t:|1699931879\n|-end|p2a: Beast of Burden|Protosynthesis|[silent]\n|switch|p2a: Eye of the Storm|Steelix, M|100\/100\n|move|p1a: Meowscarada|Flower Trick|p2a: Eye of the Storm\n|-start|p1a: Meowscarada|typechange|Grass|[from] ability: Protean\n|-crit|p2a: Eye of the Storm\n|-damage|p2a: Eye of the Storm|68\/100\n|\n|upkeep\n|turn|10\n|\n|t:|1699931892\n|switch|p1a: Gastrodon|Gastrodon, M|100\/100\n|move|p2a: Eye of the Storm|Body Press|p1a: Gastrodon\n|-damage|p1a: Gastrodon|58\/100\n|\n|-heal|p1a: Gastrodon|64\/100|[from] item: Leftovers\n|upkeep\n|turn|11\n|j| vespyyy\n|\n|t:|1699931905\n|switch|p1a: Zapdos|Zapdos|100\/100\n|switch|p2a: Goo Goo Muck|Clodsire, M|73\/100\n|\n|-heal|p2a: Goo Goo Muck|79\/100|[from] item: Black Sludge\n|upkeep\n|turn|12\n|n| jijdmsm|vespyyy\n|\n|t:|1699931917\n|switch|p1a: Tapu Fini|Tapu Fini|91\/100\n|-fieldstart|move: Misty Terrain|[from] ability: Misty Surge|[of] p1a: Tapu Fini\n|move|p2a: Goo Goo Muck|Spikes|p1a: Tapu Fini\n|-sidestart|p1: harmony6|Spikes\n|\n|-heal|p2a: Goo Goo Muck|85\/100|[from] item: Black Sludge\n|upkeep\n|turn|13\n|\n|t:|1699931922\n|move|p1a: Tapu Fini|Taunt|p2a: Goo Goo Muck\n|-start|p2a: Goo Goo Muck|move: Taunt\n|move|p2a: Goo Goo Muck|Poison Jab|p1a: Tapu Fini\n|-supereffective|p1a: Tapu Fini\n|-damage|p1a: Tapu Fini|48\/100\n|\n|-heal|p2a: Goo Goo Muck|91\/100|[from] item: Black Sludge\n|upkeep\n|turn|14\n|\n|t:|1699931927\n|switch|p1a: Zapdos|Zapdos|100\/100\n|move|p2a: Goo Goo Muck|Poison Jab|p1a: Zapdos\n|-damage|p1a: Zapdos|83\/100\n|\n|-heal|p2a: Goo Goo Muck|97\/100|[from] item: Black Sludge\n|upkeep\n|turn|15\n|c|\u2606harmony6|I am not playing well\n|c|\u2606harmony6|wow\n|\n|t:|1699931950\n|move|p1a: Zapdos|Defog|p2a: Goo Goo Muck\n|-unboost|p2a: Goo Goo Muck|evasion|1\n|-sideend|p1: harmony6|Spikes|[from] move: Defog|[of] p1a: Zapdos\n|-fieldend|Misty Terrain\n|move|p2a: Goo Goo Muck|Poison Jab|p1a: Zapdos\n|-damage|p1a: Zapdos|68\/100\n|-status|p1a: Zapdos|psn\n|\n|-heal|p2a: Goo Goo Muck|100\/100|[from] item: Black Sludge\n|-damage|p1a: Zapdos|55\/100 psn|[from] psn\n|-end|p2a: Goo Goo Muck|move: Taunt\n|upkeep\n|turn|16\n|\n|t:|1699931967\n|move|p1a: Zapdos|Roost|p1a: Zapdos\n|-heal|p1a: Zapdos|100\/100 psn\n|-singleturn|p1a: Zapdos|move: Roost\n|move|p2a: Goo Goo Muck|Spikes|p1a: Zapdos\n|-sidestart|p1: harmony6|Spikes\n|\n|-damage|p1a: Zapdos|88\/100 psn|[from] psn\n|upkeep\n|turn|17\n|\n|t:|1699931974\n|move|p1a: Zapdos|Defog|p2a: Goo Goo Muck\n|-unboost|p2a: Goo Goo Muck|evasion|1\n|-sideend|p1: harmony6|Spikes|[from] move: Defog|[of] p1a: Zapdos\n|move|p2a: Goo Goo Muck|Spikes|p1a: Zapdos\n|-sidestart|p1: harmony6|Spikes\n|\n|-damage|p1a: Zapdos|76\/100 psn|[from] psn\n|upkeep\n|turn|18\n|\n|t:|1699931985\n|switch|p1a: Meowscarada|Meowscarada, F|94\/100\n|-damage|p1a: Meowscarada|82\/100|[from] Spikes\n|move|p2a: Goo Goo Muck|Spikes|p1a: Meowscarada\n|-sidestart|p1: harmony6|Spikes\n|\n|upkeep\n|turn|19\n|\n|t:|1699931990\n|switch|p2a: Eye of the Storm|Steelix, M|68\/100\n|move|p1a: Meowscarada|Flower Trick|p2a: Eye of the Storm\n|-start|p1a: Meowscarada|typechange|Grass|[from] ability: Protean\n|-crit|p2a: Eye of the Storm\n|-damage|p2a: Eye of the Storm|34\/100\n|\n|upkeep\n|turn|20\n|\n|t:|1699932005\n|switch|p1a: Zapdos|Zapdos|76\/100 psn\n|detailschange|p2a: Eye of the Storm|Steelix-Mega, M\n|-mega|p2a: Eye of the Storm|Steelix|Steelixite\n|move|p2a: Eye of the Storm|Rest|p2a: Eye of the Storm\n|-status|p2a: Eye of the Storm|slp|[from] move: Rest\n|-heal|p2a: Eye of the Storm|100\/100 slp|[silent]\n|\n|-damage|p1a: Zapdos|64\/100 psn|[from] psn\n|upkeep\n|turn|21\n|\n|t:|1699932014\n|switch|p2a: Dust in the Wind|Hippowdon, F|55\/100\n|-weather|Sandstorm|[from] ability: Sand Stream|[of] p2a: Dust in the Wind\n|move|p1a: Zapdos|Defog|p2a: Dust in the Wind\n|-unboost|p2a: Dust in the Wind|evasion|1\n|-sideend|p1: harmony6|Spikes|[from] move: Defog|[of] p1a: Zapdos\n|\n|-weather|Sandstorm|[upkeep]\n|-damage|p1a: Zapdos|58\/100 psn|[from] Sandstorm\n|-damage|p1a: Zapdos|45\/100 psn|[from] psn\n|upkeep\n|turn|22\n|\n|t:|1699932019\n|move|p1a: Zapdos|Hurricane|p2a: Dust in the Wind\n|-damage|p2a: Dust in the Wind|24\/100\n|-start|p2a: Dust in the Wind|confusion\n|-activate|p2a: Dust in the Wind|confusion\n|-damage|p2a: Dust in the Wind|16\/100|[from] confusion\n|\n|-weather|Sandstorm|[upkeep]\n|-damage|p1a: Zapdos|39\/100 psn|[from] Sandstorm\n|-damage|p1a: Zapdos|27\/100 psn|[from] psn\n|upkeep\n|turn|23\n|\n|t:|1699932038\n|move|p1a: Zapdos|Hurricane|p2a: Dust in the Wind\n|-damage|p2a: Dust in the Wind|0 fnt\n|faint|p2a: Dust in the Wind\n|\n|-weather|Sandstorm|[upkeep]\n|-damage|p1a: Zapdos|21\/100 psn|[from] Sandstorm\n|-damage|p1a: Zapdos|9\/100 psn|[from] psn\n|upkeep\n|c|\u2606harmony6|Sorry\n|c|\u2606TheTezzy27|ur good\n|\n|t:|1699932076\n|switch|p2a: Enter Sandman|Excadrill, M|100\/100\n|turn|24\n|\n|t:|1699932087\n|switch|p1a: Ferrothorn|Ferrothorn, F|100\/100\n|move|p2a: Enter Sandman|Rock Slide|p1a: Ferrothorn|[miss]\n|-miss|p2a: Enter Sandman|p1a: Ferrothorn\n|\n|-weather|Sandstorm|[upkeep]\n|upkeep\n|turn|25\n|\n|t:|1699932101\n|switch|p2a: Beast of Burden|Great Tusk|82\/100\n|move|p1a: Ferrothorn|Leech Seed|p2a: Beast of Burden\n|-start|p2a: Beast of Burden|move: Leech Seed\n|\n|-weather|Sandstorm|[upkeep]\n|-heal|p2a: Beast of Burden|88\/100|[from] item: Leftovers\n|-damage|p2a: Beast of Burden|76\/100|[from] Leech Seed|[of] p1a: Ferrothorn\n|upkeep\n|turn|26\n|\n|t:|1699932111\n|move|p2a: Beast of Burden|Rapid Spin|p1a: Ferrothorn\n|-resisted|p1a: Ferrothorn\n|-damage|p1a: Ferrothorn|95\/100\n|-boost|p2a: Beast of Burden|spe|1\n|-damage|p2a: Beast of Burden|63\/100|[from] ability: Iron Barbs|[of] p1a: Ferrothorn\n|-end|p2a: Beast of Burden|Leech Seed|[from] move: Rapid Spin|[of] p2a: Beast of Burden\n|move|p1a: Ferrothorn|Leech Seed|p2a: Beast of Burden|[miss]\n|-miss|p1a: Ferrothorn|p2a: Beast of Burden\n|\n|-weather|Sandstorm|[upkeep]\n|-heal|p2a: Beast of Burden|70\/100|[from] item: Leftovers\n|-heal|p1a: Ferrothorn|100\/100|[from] item: Leftovers\n|upkeep\n|turn|27\n|\n|t:|1699932129\n|move|p2a: Beast of Burden|Stealth Rock|p1a: Ferrothorn\n|-sidestart|p1: harmony6|move: Stealth Rock\n|move|p1a: Ferrothorn|Leech Seed|p2a: Beast of Burden\n|-start|p2a: Beast of Burden|move: Leech Seed\n|\n|-weather|Sandstorm|[upkeep]\n|-heal|p2a: Beast of Burden|76\/100|[from] item: Leftovers\n|-damage|p2a: Beast of Burden|63\/100|[from] Leech Seed|[of] p1a: Ferrothorn\n|upkeep\n|turn|28\n|\n|t:|1699932138\n|-end|p2a: Beast of Burden|Protosynthesis|[silent]\n|switch|p2a: Maneater|Garchomp, F|100\/100\n|move|p1a: Ferrothorn|Knock Off|p2a: Maneater\n|-damage|p2a: Maneater|86\/100\n|-damage|p1a: Ferrothorn|88\/100|[from] ability: Rough Skin|[of] p2a: Maneater\n|\n|-weather|none\n|-heal|p1a: Ferrothorn|94\/100|[from] item: Leftovers\n|upkeep\n|turn|29\n|\n|t:|1699932175\n|move|p2a: Maneater|Swords Dance|p2a: Maneater\n|-boost|p2a: Maneater|atk|2\n|move|p1a: Ferrothorn|Leech Seed|p2a: Maneater\n|-start|p2a: Maneater|move: Leech Seed\n|\n|-heal|p1a: Ferrothorn|99\/100|[from] item: Leftovers\n|-damage|p2a: Maneater|74\/100|[from] Leech Seed|[of] p1a: Ferrothorn\n|-heal|p1a: Ferrothorn|100\/100|[silent]\n|upkeep\n|turn|30\n|\n|t:|1699932190\n|switch|p1a: Gastrodon|Gastrodon, M|64\/100\n|-damage|p1a: Gastrodon|58\/100|[from] Stealth Rock\n|move|p2a: Maneater|Scale Shot|p1a: Gastrodon\n|-damage|p1a: Gastrodon|29\/100\n|-damage|p1a: Gastrodon|0 fnt\n|faint|p1a: Gastrodon\n|-hitcount|p1: Gastrodon|2\n|-unboost|p2a: Maneater|def|1\n|-boost|p2a: Maneater|spe|1\n|\n|upkeep\n|\n|t:|1699932193\n|switch|p1a: Lopunny|Lopunny-Mega, F|89\/100 tox\n|-damage|p1a: Lopunny|83\/100 tox|[from] Stealth Rock\n|turn|31\n|\n|t:|1699932225\n|switch|p2a: Beast of Burden|Great Tusk|63\/100\n|move|p1a: Lopunny|Fake Out|p2a: Beast of Burden\n|-damage|p2a: Beast of Burden|53\/100\n|\n|-heal|p2a: Beast of Burden|59\/100|[from] item: Leftovers\n|-damage|p1a: Lopunny|77\/100 tox|[from] psn\n|upkeep\n|turn|32\n|\n|t:|1699932233\n|move|p1a: Lopunny|U-turn|p2a: Beast of Burden\n|-resisted|p2a: Beast of Burden\n|-damage|p2a: Beast of Burden|53\/100\n|\n|t:|1699932241\n|switch|p1a: Tapu Fini|Tapu Fini|48\/100|[from] U-turn\n|-damage|p1a: Tapu Fini|35\/100|[from] Stealth Rock\n|-fieldstart|move: Misty Terrain|[from] ability: Misty Surge|[of] p1a: Tapu Fini\n|move|p2a: Beast of Burden|Earthquake|p1a: Tapu Fini\n|-damage|p1a: Tapu Fini|0 fnt\n|faint|p1a: Tapu Fini\n|\n|-heal|p2a: Beast of Burden|59\/100|[from] item: Leftovers\n|upkeep\n|\n|t:|1699932244\n|switch|p1a: Zapdos|Zapdos|9\/100 psn\n|turn|33\n|\n|t:|1699932257\n|-end|p2a: Beast of Burden|Protosynthesis|[silent]\n|switch|p2a: Enter Sandman|Excadrill, M|100\/100\n|move|p1a: Zapdos|Hurricane|p2a: Enter Sandman\n|-resisted|p2a: Enter Sandman\n|-damage|p2a: Enter Sandman|68\/100\n|\n|-damage|p1a: Zapdos|0 fnt|[from] psn\n|faint|p1a: Zapdos\n|upkeep\n|c|\u2606harmony6|Oof\n|\n|t:|1699932277\n|switch|p1a: Lopunny|Lopunny-Mega, F|77\/100 tox\n|-damage|p1a: Lopunny|71\/100 tox|[from] Stealth Rock\n|turn|34\n|c|\u2606harmony6|Steelix wins now\n|c|\u2606harmony6|ggs\n|\n|t:|1699932286\n|move|p1a: Lopunny|Return|p2a: Enter Sandman\n|-resisted|p2a: Enter Sandman\n|-damage|p2a: Enter Sandman|32\/100\n|move|p2a: Enter Sandman|Earthquake|p1a: Lopunny\n|-damage|p1a: Lopunny|0 fnt\n|faint|p1a: Lopunny\n|\n|upkeep\n|c|\u2606TheTezzy27|gg\n|c|\u2606harmony6|Aaaand i tried to predict\n|\n|t:|1699932295\n|switch|p1a: Meowscarada|Meowscarada, F|82\/100\n|-damage|p1a: Meowscarada|70\/100|[from] Stealth Rock\n|turn|35\n|c|\u2606TheTezzy27|wasn't worth sacking anything other than exca there\n|\n|t:|1699932308\n|move|p1a: Meowscarada|Flower Trick|p2a: Enter Sandman\n|-start|p1a: Meowscarada|typechange|Grass|[from] ability: Protean\n|-crit|p2a: Enter Sandman\n|-damage|p2a: Enter Sandman|0 fnt\n|faint|p2a: Enter Sandman\n|\n|upkeep\n|c|\u2606harmony6|Fair\n|c|\u2606harmony6|ill play better tomorrow\n|\n|t:|1699932327\n|switch|p2a: Eye of the Storm|Steelix-Mega, M|100\/100 slp\n|turn|36\n|\n|t:|1699932331\n|move|p1a: Meowscarada|Flower Trick|p2a: Eye of the Storm\n|-crit|p2a: Eye of the Storm\n|-damage|p2a: Eye of the Storm|72\/100 slp\n|cant|p2a: Eye of the Storm|slp\n|move|p2a: Eye of the Storm|Sleep Talk|p2a: Eye of the Storm\n|move|p2a: Eye of the Storm|Body Press|p1a: Meowscarada|[from]move: Sleep Talk\n|-damage|p1a: Meowscarada|3\/100\n|\n|-fieldend|Misty Terrain\n|upkeep\n|turn|37\n|c|\u2606TheTezzy27|gl\n|\n|t:|1699932340\n|move|p1a: Meowscarada|Flower Trick|p2a: Eye of the Storm\n|-crit|p2a: Eye of the Storm\n|-damage|p2a: Eye of the Storm|42\/100 slp\n|cant|p2a: Eye of the Storm|slp\n|move|p2a: Eye of the Storm|Sleep Talk|p2a: Eye of the Storm\n|move|p2a: Eye of the Storm|Body Press|p1a: Meowscarada|[from]move: Sleep Talk\n|-damage|p1a: Meowscarada|0 fnt\n|faint|p1a: Meowscarada\n|\n|upkeep\n|\n|t:|1699932344\n|switch|p1a: Ferrothorn|Ferrothorn, F|100\/100\n|-damage|p1a: Ferrothorn|95\/100|[from] Stealth Rock\n|turn|38\n|c|\u2606harmony6|Ggs\n|\n|t:|1699932351\n|-curestatus|p2a: Eye of the Storm|slp|[msg]\n|move|p2a: Eye of the Storm|Body Press|p1a: Ferrothorn\n|-supereffective|p1a: Ferrothorn\n|-damage|p1a: Ferrothorn|17\/100\n|-damage|p2a: Eye of the Storm|30\/100|[from] ability: Iron Barbs|[of] p1a: Ferrothorn\n|move|p1a: Ferrothorn|Leech Seed|p2a: Eye of the Storm\n|-start|p2a: Eye of the Storm|move: Leech Seed\n|\n|-heal|p1a: Ferrothorn|23\/100|[from] item: Leftovers\n|-damage|p2a: Eye of the Storm|17\/100|[from] Leech Seed|[of] p1a: Ferrothorn\n|-heal|p1a: Ferrothorn|36\/100|[silent]\n|upkeep\n|turn|39\n|c|\u2606TheTezzy27|gg\n|\n|t:|1699932360\n|move|p2a: Eye of the Storm|Body Press|p1a: Ferrothorn\n|-supereffective|p1a: Ferrothorn\n|-crit|p1a: Ferrothorn\n|-damage|p1a: Ferrothorn|0 fnt\n|-damage|p2a: Eye of the Storm|5\/100|[from] ability: Iron Barbs|[of] p1a: Ferrothorn\n|faint|p1a: Ferrothorn\n|\n|win|TheTezzy27\n","uploadtime":1699932365,"views":21,"p1id":"harmony6","p2id":"thetezzy27","formatid":"gen9nationaldexubers","rating":0,"private":0,"password":""}