{"id":"gen9nationaldexubers-1986061616","p1":"Rhyfinn jr.","p2":"Spartan Empire 23","format":"[Gen 9] National Dex Ubers","log":"|j|\u2606Rhyfinn jr.\n|j|\u2606Spartan Empire 23\n|t:|1699445534\n|gametype|singles\n|player|p1|Rhyfinn jr.|benga|1296\n|player|p2|Spartan Empire 23|2|1500\n|teamsize|p1|6\n|teamsize|p2|6\n|gen|9\n|tier|[Gen 9] National Dex Ubers\n|rated|\n|rule|HP Percentage Mod: HP is shown in percentages\n|rule|Endless Battle Clause: Forcing endless battles is banned\n|rule|OHKO Clause: OHKO moves are banned\n|rule|Evasion Moves Clause: Evasion moves are banned\n|rule|Evasion Items Clause: Evasion items are banned\n|rule|Species Clause: Limit one of each Pok\u00e9mon\n|rule|Sleep Clause Mod: Limit one foe put to sleep\n|rule|Mega Rayquaza Clause: You cannot mega evolve Rayquaza\n|clearpoke\n|poke|p1|Groudon|\n|poke|p1|Ho-Oh|\n|poke|p1|Xerneas-*|\n|poke|p1|Marshadow|\n|poke|p1|Urshifu-*, M|\n|poke|p1|Salamence, M|\n|poke|p2|Giratina-Origin|\n|poke|p2|Smeargle, M|\n|poke|p2|Groudon|\n|poke|p2|Necrozma-Dusk-Mane|\n|poke|p2|Tapu Lele|\n|poke|p2|Mewtwo|\n|teampreview\n|inactive|Battle timer is ON: inactive players will automatically lose when time's up. (requested by Rhyfinn jr.)\n|inactive|Spartan Empire 23 has 120 seconds left.\n|\n|t:|1699445579\n|start\n|switch|p1a: Urshifu|Urshifu, M|100\/100\n|switch|p2a: Smeargle|Smeargle, M|100\/100\n|turn|1\n|\n|t:|1699445588\n|move|p1a: Urshifu|Close Combat|p2a: Smeargle\n|-supereffective|p2a: Smeargle\n|-enditem|p2a: Smeargle|Focus Sash\n|-damage|p2a: Smeargle|1\/100\n|-unboost|p1a: Urshifu|def|1\n|-unboost|p1a: Urshifu|spd|1\n|move|p2a: Smeargle|Spore|p1a: Urshifu\n|-status|p1a: Urshifu|slp|[from] move: Spore\n|\n|upkeep\n|turn|2\n|\n|t:|1699445601\n|switch|p1a: Ho-Oh|Ho-Oh|100\/100\n|move|p2a: Smeargle|U-turn|p1a: Ho-Oh\n|-resisted|p1a: Ho-Oh\n|-damage|p1a: Ho-Oh|99\/100\n|\n|t:|1699445624\n|switch|p2a: Groudon|Groudon|100\/100|[from] U-turn\n|detailschange|p2a: Groudon|Groudon-Primal\n|-primal|p2a: Groudon|Red Orb\n|-weather|DesolateLand|[from] ability: Desolate Land|[of] p2a: Groudon\n|\n|-weather|DesolateLand|[upkeep]\n|upkeep\n|turn|3\n|inactive|Spartan Empire 23 has 120 seconds left.\n|\n|t:|1699445648\n|move|p2a: Groudon|Eruption|p1a: Ho-Oh\n|-resisted|p1a: Ho-Oh\n|-damage|p1a: Ho-Oh|69\/100\n|move|p1a: Ho-Oh|Whirlwind|p2a: Groudon\n|-weather|none\n|drag|p2a: Necrozma|Necrozma-Dusk-Mane|100\/100\n|\n|upkeep\n|turn|4\n|inactive|Spartan Empire 23 has 120 seconds left.\n|\n|t:|1699445676\n|switch|p2a: Smeargle|Smeargle, M|1\/100\n|move|p1a: Ho-Oh|Will-O-Wisp|p2a: Smeargle\n|-status|p2a: Smeargle|brn\n|\n|-damage|p2a: Smeargle|0 fnt|[from] brn\n|faint|p2a: Smeargle\n|upkeep\n|inactive|Spartan Empire 23 has 90 seconds left.\n|\n|t:|1699445702\n|switch|p2a: Mewtwo|Mewtwo|100\/100\n|-ability|p2a: Mewtwo|Unnerve\n|turn|5\n|\n|t:|1699445715\n|move|p2a: Mewtwo|Nasty Plot|p2a: Mewtwo\n|-boost|p2a: Mewtwo|spa|2\n|move|p1a: Ho-Oh|Sacred Fire|p2a: Mewtwo\n|-damage|p2a: Mewtwo|58\/100\n|-status|p2a: Mewtwo|brn\n|\n|-damage|p2a: Mewtwo|52\/100 brn|[from] brn\n|upkeep\n|turn|6\n|\n|t:|1699445726\n|detailschange|p2a: Mewtwo|Mewtwo-Mega-Y\n|-mega|p2a: Mewtwo|Mewtwo|Mewtwonite Y\n|move|p2a: Mewtwo|Psystrike|p1a: Ho-Oh\n|-damage|p1a: Ho-Oh|0 fnt\n|faint|p1a: Ho-Oh\n|\n|-damage|p2a: Mewtwo|46\/100 brn|[from] brn\n|upkeep\n|\n|t:|1699445736\n|switch|p1a: Marshadow|Marshadow|100\/100\n|turn|7\n|inactive|Spartan Empire 23 has 90 seconds left.\n|\n|t:|1699445751\n|move|p1a: Marshadow|Shadow Sneak|p2a: Mewtwo\n|-supereffective|p2a: Mewtwo\n|-damage|p2a: Mewtwo|0 fnt\n|faint|p2a: Mewtwo\n|\n|upkeep\n|\n|t:|1699445761\n|switch|p2a: Giratina|Giratina-Origin|100\/100\n|turn|8\n|\n|t:|1699445770\n|switch|p1a: Urshifu|Urshifu, M|100\/100 slp\n|-terastallize|p2a: Giratina|Ghost\n|move|p2a: Giratina|Shadow Sneak|p1a: Urshifu\n|-resisted|p1a: Urshifu\n|-damage|p1a: Urshifu|81\/100 slp\n|\n|upkeep\n|turn|9\n|inactive|Spartan Empire 23 has 90 seconds left.\n|\n|t:|1699445778\n|cant|p1a: Urshifu|slp\n|move|p2a: Giratina|Draco Meteor|p1a: Urshifu\n|-damage|p1a: Urshifu|0 fnt\n|-unboost|p2a: Giratina|spa|2\n|faint|p1a: Urshifu\n|\n|upkeep\n|\n|t:|1699445792\n|switch|p1a: Salamence|Salamence, M|100\/100\n|-ability|p1a: Salamence|Intimidate|boost\n|-unboost|p2a: Giratina|atk|1\n|turn|10\n|\n|t:|1699445798\n|switch|p2a: Groudon|Groudon-Primal|100\/100\n|-weather|DesolateLand|[from] ability: Desolate Land|[of] p2a: Groudon\n|detailschange|p1a: Salamence|Salamence-Mega, M\n|-mega|p1a: Salamence|Salamence|Salamencite\n|move|p1a: Salamence|Dragon Dance|p1a: Salamence\n|-boost|p1a: Salamence|atk|1\n|-boost|p1a: Salamence|spe|1\n|\n|-weather|DesolateLand|[upkeep]\n|upkeep\n|turn|11\n|\n|t:|1699445808\n|move|p1a: Salamence|Earthquake|p2a: Groudon\n|-supereffective|p2a: Groudon\n|-damage|p2a: Groudon|20\/100\n|move|p2a: Groudon|Hidden Power|p1a: Salamence\n|-supereffective|p1a: Salamence\n|-damage|p1a: Salamence|0 fnt\n|faint|p1a: Salamence\n|\n|-weather|DesolateLand|[upkeep]\n|upkeep\n|\n|t:|1699445827\n|switch|p1a: Marshadow|Marshadow|100\/100\n|turn|12\n|\n|t:|1699445833\n|move|p1a: Marshadow|Spectral Thief|p2a: Groudon\n|-damage|p2a: Groudon|0 fnt\n|faint|p2a: Groudon\n|-weather|none\n|\n|upkeep\n|\n|t:|1699445845\n|switch|p2a: Giratina|Giratina-Origin, tera:Ghost|100\/100\n|turn|13\n|\n|t:|1699445856\n|switch|p1a: Groudon|Groudon|100\/100\n|detailschange|p1a: Groudon|Groudon-Primal\n|-primal|p1a: Groudon|Red Orb\n|-weather|DesolateLand|[from] ability: Desolate Land|[of] p1a: Groudon\n|move|p2a: Giratina|Poltergeist|p1a: Groudon\n|-activate|p1a: Groudon|move: Poltergeist|Red Orb\n|-damage|p1a: Groudon|34\/100\n|\n|-weather|DesolateLand|[upkeep]\n|upkeep\n|turn|14\n|\n|t:|1699445868\n|move|p1a: Groudon|Flamethrower|p2a: Giratina\n|-damage|p2a: Giratina|43\/100\n|move|p2a: Giratina|Earthquake|p1a: Groudon\n|-supereffective|p1a: Groudon\n|-damage|p1a: Groudon|0 fnt\n|faint|p1a: Groudon\n|-weather|none\n|\n|upkeep\n|\n|t:|1699445874\n|switch|p1a: Xerneas|Xerneas|100\/100\n|-ability|p1a: Xerneas|Fairy Aura\n|turn|15\n|inactive|Spartan Empire 23 has 120 seconds left.\n|\n|t:|1699445884\n|switch|p2a: Tapu Lele|Tapu Lele|100\/100\n|-fieldstart|move: Psychic Terrain|[from] ability: Psychic Surge|[of] p2a: Tapu Lele\n|move|p1a: Xerneas|Geomancy||[still]\n|-prepare|p1a: Xerneas|Geomancy\n|-enditem|p1a: Xerneas|Power Herb\n|-anim|p1a: Xerneas|Geomancy|p1a: Xerneas\n|-boost|p1a: Xerneas|spa|2\n|-boost|p1a: Xerneas|spd|2\n|-boost|p1a: Xerneas|spe|2\n|\n|upkeep\n|turn|16\n|inactive|Spartan Empire 23 has 120 seconds left.\n|\n|t:|1699445899\n|move|p1a: Xerneas|Moonblast|p2a: Tapu Lele\n|-damage|p2a: Tapu Lele|0 fnt\n|faint|p2a: Tapu Lele\n|\n|upkeep\n|\n|t:|1699445904\n|switch|p2a: Necrozma|Necrozma-Dusk-Mane|100\/100\n|turn|17\n|\n|t:|1699445909\n|-terastallize|p1a: Xerneas|Fire\n|move|p1a: Xerneas|Hidden Power|p2a: Necrozma\n|-supereffective|p2a: Necrozma\n|-damage|p2a: Necrozma|6\/100\n|move|p2a: Necrozma|Dragon Dance|p2a: Necrozma\n|-boost|p2a: Necrozma|atk|1\n|-boost|p2a: Necrozma|spe|1\n|\n|upkeep\n|turn|18\n|\n|t:|1699445920\n|detailschange|p2a: Necrozma|Necrozma-Ultra\n|-burst|p2a: Necrozma|Necrozma|Ultranecrozium Z\n|move|p2a: Necrozma|Earthquake|p1a: Xerneas\n|-supereffective|p1a: Xerneas\n|-damage|p1a: Xerneas|0 fnt\n|faint|p1a: Xerneas\n|\n|upkeep\n|\n|t:|1699445926\n|switch|p1a: Marshadow|Marshadow|100\/100\n|turn|19\n|\n|t:|1699445932\n|-zpower|p2a: Necrozma\n|move|p2a: Necrozma|Light That Burns the Sky|p1a: Marshadow|[zeffect]\n|-supereffective|p1a: Marshadow\n|-enditem|p1a: Marshadow|Focus Sash\n|-damage|p1a: Marshadow|1\/100\n|move|p1a: Marshadow|Spectral Thief||[still]\n|-clearpositiveboost|p2a: Necrozma|p1a: Marshadow|move: Spectral Thief\n|-boost|p1a: Marshadow|atk|1\n|-boost|p1a: Marshadow|spe|1\n|-anim|p1a: Marshadow|Spectral Thief|p2a: Necrozma\n|-supereffective|p2a: Necrozma\n|-crit|p2a: Necrozma\n|-damage|p2a: Necrozma|0 fnt\n|faint|p2a: Necrozma\n|\n|-fieldend|move: Psychic Terrain\n|upkeep\n|\n|t:|1699445952\n|switch|p2a: Giratina|Giratina-Origin, tera:Ghost|43\/100\n|turn|20\n|\n|t:|1699445957\n|move|p1a: Marshadow|Shadow Sneak|p2a: Giratina\n|-supereffective|p2a: Giratina\n|-damage|p2a: Giratina|0 fnt\n|faint|p2a: Giratina\n|\n|win|Rhyfinn jr.\n|raw|Rhyfinn jr.'s rating: 1296 &rarr; <strong>1334<\/strong><br \/>(+38 for winning)\n|raw|Spartan Empire 23's rating: 1500 &rarr; <strong>1469<\/strong><br \/>(-31 for losing)\n","uploadtime":1699445966,"views":8,"p1id":"rhyfinnjr","p2id":"spartanempire23","formatid":"gen9nationaldexubers","rating":1334,"private":0,"password":""}