{"id":"gen9nationaldexubers-1994407179","p1":"Aloe Vera Plant","p2":"SaintZoroark","format":"[Gen 9] National Dex Ubers","log":"|j|\u2606Aloe Vera Plant\n|j|\u2606SaintZoroark\n|t:|1700440427\n|gametype|singles\n|player|p1|Aloe Vera Plant|101|\n|player|p2|SaintZoroark|ethan|\n|teamsize|p1|6\n|teamsize|p2|6\n|gen|9\n|tier|[Gen 9] National Dex Ubers\n|rule|HP Percentage Mod: HP is shown in percentages\n|rule|Endless Battle Clause: Forcing endless battles is banned\n|rule|OHKO Clause: OHKO moves are banned\n|rule|Evasion Moves Clause: Evasion moves are banned\n|rule|Evasion Items Clause: Evasion items are banned\n|rule|Species Clause: Limit one of each Pok\u00e9mon\n|rule|Sleep Clause Mod: Limit one foe put to sleep\n|rule|Mega Rayquaza Clause: You cannot mega evolve Rayquaza\n|clearpoke\n|poke|p1|Iron Valiant|\n|poke|p1|Diancie|\n|poke|p1|Talonflame, M|\n|poke|p1|Corviknight, F|\n|poke|p1|Tapu Koko|\n|poke|p1|Ferrothorn, F|\n|poke|p2|Arcanine-Hisui, M|\n|poke|p2|Hydreigon, F|\n|poke|p2|Tyranitar, F|\n|poke|p2|Excadrill, M|\n|poke|p2|Thundurus, M|\n|poke|p2|Crustle, M|\n|teampreview\n|j| StanchYeti\n|\n|t:|1700440442\n|start\n|switch|p1a: Tapu Koko|Tapu Koko|100\/100\n|switch|p2a: Will Smith|Thundurus, M|100\/100\n|-fieldstart|move: Electric Terrain|[from] ability: Electric Surge|[of] p1a: Tapu Koko\n|turn|1\n|\n|t:|1700440455\n|move|p1a: Tapu Koko|U-turn|p2a: Will Smith\n|-resisted|p2a: Will Smith\n|-damage|p2a: Will Smith|73\/100\n|\n|t:|1700440461\n|switch|p1a: Ferrothorn|Ferrothorn, F|100\/100|[from] U-turn\n|move|p2a: Will Smith|Volt Switch|p1a: Ferrothorn\n|-resisted|p1a: Ferrothorn\n|-damage|p1a: Ferrothorn|86\/100\n|\n|t:|1700440472\n|switch|p2a: Dystopia|Hydreigon, F, shiny|100\/100|[from] Volt Switch\n|\n|upkeep\n|turn|2\n|\n|t:|1700440493\n|-terastallize|p2a: Dystopia|Steel\n|move|p2a: Dystopia|Tera Blast|p1a: Ferrothorn|[anim] Tera Blast Steel\n|-resisted|p1a: Ferrothorn\n|-damage|p1a: Ferrothorn|69\/100\n|move|p1a: Ferrothorn|Leech Seed|p2a: Dystopia\n|-start|p2a: Dystopia|move: Leech Seed\n|\n|-damage|p2a: Dystopia|88\/100|[from] Leech Seed|[of] p1a: Ferrothorn\n|-heal|p1a: Ferrothorn|80\/100|[silent]\n|upkeep\n|turn|3\n|\n|t:|1700440534\n|switch|p2a: Limestone|Crustle, M, shiny|100\/100\n|move|p1a: Ferrothorn|Stealth Rock|p2a: Limestone\n|-sidestart|p2: SaintZoroark|move: Stealth Rock\n|\n|upkeep\n|turn|4\n|\n|t:|1700440541\n|move|p2a: Limestone|Spikes|p1a: Ferrothorn\n|-sidestart|p1: Aloe Vera Plant|Spikes\n|move|p1a: Ferrothorn|Knock Off|p2a: Limestone\n|-damage|p2a: Limestone|87\/100\n|-enditem|p2a: Limestone|Custap Berry|[from] move: Knock Off|[of] p1a: Ferrothorn\n|\n|upkeep\n|turn|5\n|\n|t:|1700440547\n|move|p2a: Limestone|Spikes|p1a: Ferrothorn\n|-sidestart|p1: Aloe Vera Plant|Spikes\n|move|p1a: Ferrothorn|Gyro Ball|p2a: Limestone\n|-supereffective|p2a: Limestone\n|-damage|p2a: Limestone|54\/100\n|\n|-fieldend|move: Electric Terrain\n|upkeep\n|turn|6\n|\n|t:|1700440553\n|move|p2a: Limestone|Spikes|p1a: Ferrothorn\n|-sidestart|p1: Aloe Vera Plant|Spikes\n|move|p1a: Ferrothorn|Leech Seed|p2a: Limestone\n|-start|p2a: Limestone|move: Leech Seed\n|\n|-damage|p2a: Limestone|42\/100|[from] Leech Seed|[of] p1a: Ferrothorn\n|-heal|p1a: Ferrothorn|92\/100|[silent]\n|upkeep\n|turn|7\n|\n|t:|1700440559\n|move|p2a: Limestone|Body Press|p1a: Ferrothorn\n|-supereffective|p1a: Ferrothorn\n|-damage|p1a: Ferrothorn|55\/100\n|-damage|p2a: Limestone|29\/100|[from] ability: Iron Barbs|[of] p1a: Ferrothorn\n|-damage|p2a: Limestone|13\/100|[from] item: Rocky Helmet|[of] p1a: Ferrothorn\n|move|p1a: Ferrothorn|Knock Off|p2a: Limestone\n|-damage|p2a: Limestone|4\/100\n|\n|-damage|p2a: Limestone|0 fnt|[from] Leech Seed|[of] p1a: Ferrothorn\n|-heal|p1a: Ferrothorn|58\/100|[silent]\n|faint|p2a: Limestone\n|upkeep\n|\n|t:|1700440588\n|switch|p2a: Dystopia|Hydreigon, F, shiny, tera:Steel|88\/100\n|-damage|p2a: Dystopia|82\/100|[from] Stealth Rock\n|turn|8\n|\n|t:|1700440603\n|move|p2a: Dystopia|Dark Pulse|p1a: Ferrothorn\n|-damage|p1a: Ferrothorn|28\/100\n|move|p1a: Ferrothorn|Knock Off|p2a: Dystopia\n|-damage|p2a: Dystopia|60\/100\n|-enditem|p2a: Dystopia|Choice Scarf|[from] move: Knock Off|[of] p1a: Ferrothorn\n|\n|upkeep\n|turn|9\n|\n|t:|1700440613\n|move|p2a: Dystopia|Dark Pulse|p1a: Ferrothorn\n|-damage|p1a: Ferrothorn|0 fnt\n|faint|p1a: Ferrothorn\n|\n|upkeep\n|\n|t:|1700440658\n|switch|p1a: Diancie|Diancie|100\/100\n|-damage|p1a: Diancie|76\/100|[from] Spikes\n|turn|10\n|\n|t:|1700440678\n|switch|p2a: Will Smith|Thundurus, M|73\/100\n|detailschange|p1a: Diancie|Diancie-Mega\n|-mega|p1a: Diancie|Diancie|Diancite\n|move|p1a: Diancie|Mystical Fire|p2a: Will Smith\n|-damage|p2a: Will Smith|28\/100\n|-unboost|p2a: Will Smith|spa|1\n|\n|upkeep\n|turn|11\n|\n|t:|1700440695\n|switch|p1a: Corviknight|Corviknight, F|100\/100\n|move|p2a: Will Smith|Volt Switch|p1a: Corviknight\n|-supereffective|p1a: Corviknight\n|-damage|p1a: Corviknight|58\/100\n|\n|t:|1700440727\n|switch|p2a: Sahara|Tyranitar, F, shiny|100\/100|[from] Volt Switch\n|-damage|p2a: Sahara|88\/100|[from] Stealth Rock\n|-weather|Sandstorm|[from] ability: Sand Stream|[of] p2a: Sahara\n|\n|-weather|Sandstorm|[upkeep]\n|-heal|p1a: Corviknight|64\/100|[from] item: Leftovers\n|upkeep\n|turn|12\n|\n|t:|1700440737\n|move|p2a: Sahara|Rock Polish|p2a: Sahara\n|-boost|p2a: Sahara|spe|2\n|move|p1a: Corviknight|Body Press|p2a: Sahara\n|-supereffective|p2a: Sahara\n|-damage|p2a: Sahara|0 fnt\n|faint|p2a: Sahara\n|\n|-weather|Sandstorm|[upkeep]\n|-heal|p1a: Corviknight|70\/100|[from] item: Leftovers\n|upkeep\n|\n|t:|1700440781\n|switch|p2a: Dystopia|Hydreigon, F, shiny, tera:Steel|60\/100\n|-damage|p2a: Dystopia|53\/100|[from] Stealth Rock\n|turn|13\n|\n|t:|1700440789\n|move|p2a: Dystopia|Dark Pulse|p1a: Corviknight\n|-damage|p1a: Corviknight|29\/100\n|move|p1a: Corviknight|Body Press|p2a: Dystopia\n|-supereffective|p2a: Dystopia\n|-damage|p2a: Dystopia|0 fnt\n|faint|p2a: Dystopia\n|\n|-weather|Sandstorm|[upkeep]\n|-heal|p1a: Corviknight|35\/100|[from] item: Leftovers\n|upkeep\n|\n|t:|1700440803\n|switch|p2a: Will Smith|Thundurus, M|28\/100\n|turn|14\n|\n|t:|1700440815\n|move|p2a: Will Smith|Volt Switch|p1a: Corviknight\n|-supereffective|p1a: Corviknight\n|-damage|p1a: Corviknight|0 fnt\n|faint|p1a: Corviknight\n|\n|t:|1700440817\n|switch|p2a: Mr. Resetti|Excadrill, M|100\/100|[from] Volt Switch\n|-damage|p2a: Mr. Resetti|97\/100|[from] Stealth Rock\n|\n|-weather|Sandstorm|[upkeep]\n|upkeep\n|\n|t:|1700440846\n|switch|p1a: Diancie|Diancie-Mega|76\/100\n|-damage|p1a: Diancie|51\/100|[from] Spikes\n|turn|15\n|\n|t:|1700440867\n|move|p1a: Diancie|Earth Power|p2a: Mr. Resetti\n|-supereffective|p2a: Mr. Resetti\n|-crit|p2a: Mr. Resetti\n|-damage|p2a: Mr. Resetti|0 fnt\n|faint|p2a: Mr. Resetti\n|\n|-weather|none\n|upkeep\n|\n|t:|1700440894\n|switch|p2a: Ponyboy|Arcanine-Hisui, M, shiny|100\/100\n|-damage|p2a: Ponyboy|76\/100|[from] Stealth Rock\n|turn|16\n|\n|t:|1700440908\n|move|p2a: Ponyboy|Iron Head|p1a: Diancie\n|-supereffective|p1a: Diancie\n|-damage|p1a: Diancie|0 fnt\n|faint|p1a: Diancie\n|\n|upkeep\n|\n|t:|1700440929\n|switch|p1a: Tapu Koko|Tapu Koko|100\/100\n|-damage|p1a: Tapu Koko|76\/100|[from] Spikes\n|-fieldstart|move: Electric Terrain|[from] ability: Electric Surge|[of] p1a: Tapu Koko\n|turn|17\n|\n|t:|1700440940\n|-terastallize|p1a: Tapu Koko|Flying\n|move|p2a: Ponyboy|Iron Head|p1a: Tapu Koko\n|-damage|p1a: Tapu Koko|38\/100\n|move|p1a: Tapu Koko|Thunder Punch|p2a: Ponyboy\n|-damage|p2a: Ponyboy|2\/100\n|\n|upkeep\n|turn|18\n|\n|t:|1700440954\n|move|p2a: Ponyboy|Iron Head|p1a: Tapu Koko\n|-damage|p1a: Tapu Koko|5\/100\n|cant|p1a: Tapu Koko|flinch\n|\n|upkeep\n|turn|19\n|\n|t:|1700440959\n|move|p2a: Ponyboy|Iron Head|p1a: Tapu Koko\n|-damage|p1a: Tapu Koko|0 fnt\n|faint|p1a: Tapu Koko\n|\n|upkeep\n|\n|t:|1700440968\n|switch|p1a: Iron Valiant|Iron Valiant|100\/100\n|-damage|p1a: Iron Valiant|76\/100|[from] Spikes\n|-activate|p1a: Iron Valiant|ability: Quark Drive\n|-start|p1a: Iron Valiant|quarkdrivespe\n|turn|20\n|\n|t:|1700440982\n|move|p1a: Iron Valiant|Moonblast|p2a: Ponyboy\n|-resisted|p2a: Ponyboy\n|-damage|p2a: Ponyboy|0 fnt\n|faint|p2a: Ponyboy\n|\n|upkeep\n|\n|t:|1700440984\n|switch|p2a: Will Smith|Thundurus, M|28\/100\n|turn|21\n|\n|t:|1700440995\n|move|p1a: Iron Valiant|Moonblast|p2a: Will Smith\n|-damage|p2a: Will Smith|0 fnt\n|faint|p2a: Will Smith\n|\n|win|Aloe Vera Plant\n|l|\u2606SaintZoroark\n","uploadtime":1700441017,"views":8,"p1id":"aloeveraplant","p2id":"saintzoroark","formatid":"gen9nationaldexubers","rating":0,"private":0,"password":""}