{"id":"gen9nationaldexubers-1984068933","p1":"Astro The Man","p2":"Xoviet Yunion","format":"[Gen 9] National Dex Ubers","log":"|j|\u2606Astro The Man\n|j|\u2606Xoviet Yunion\n|t:|1699215462\n|gametype|singles\n|player|p1|Astro The Man|theroyal|\n|player|p2|Xoviet Yunion|shauntal|\n|teamsize|p1|6\n|teamsize|p2|6\n|gen|9\n|tier|[Gen 9] National Dex Ubers\n|rule|HP Percentage Mod: HP is shown in percentages\n|rule|Endless Battle Clause: Forcing endless battles is banned\n|rule|OHKO Clause: OHKO moves are banned\n|rule|Evasion Moves Clause: Evasion moves are banned\n|rule|Evasion Items Clause: Evasion items are banned\n|rule|Species Clause: Limit one of each Pok\u00e9mon\n|rule|Sleep Clause Mod: Limit one foe put to sleep\n|rule|Mega Rayquaza Clause: You cannot mega evolve Rayquaza\n|clearpoke\n|poke|p1|Lopunny, F|\n|poke|p1|Aegislash, M|\n|poke|p1|Ho-Oh|\n|poke|p1|Dialga|\n|poke|p1|Ting-Lu|\n|poke|p1|Vaporeon, M|\n|poke|p2|Annihilape, M|\n|poke|p2|Moltres|\n|poke|p2|Xerneas-*|\n|poke|p2|Manaphy|\n|poke|p2|Gliscor, F|\n|poke|p2|Weavile, M|\n|teampreview\n|c|\u2606Xoviet Yunion|glhf\n|n|\u2606Astro The Man|astrotheman\n|c|\u2606Astro The Man|u2\n|j| Serise\n|\n|t:|1699215527\n|start\n|switch|p1a: Ho-Oh|Ho-Oh|100\/100\n|switch|p2a: UNBAN ME|Annihilape, M|100\/100\n|turn|1\n|\n|t:|1699215535\n|move|p2a: UNBAN ME|Final Gambit|p1a: Ho-Oh\n|-damage|p1a: Ho-Oh|0 fnt\n|faint|p2a: UNBAN ME\n|faint|p1a: Ho-Oh\n|\n|upkeep\n|c| Serise|oh cool looks like we will see a Ho-oh battle this wee-\n|c| Serise|NOOOO\n|j| Astro nation shoe\n|c|\u2606Astro The Man|noice\n|\n|t:|1699215565\n|switch|p2a: Landorus\u200b\u200b\u200b\u200b\u200b\u200b\u200b|Gliscor, F|100\/100\n|switch|p1a: Dialga|Dialga|100\/100\n|-ability|p1a: Dialga|Pressure\n|turn|2\n|\n|t:|1699215571\n|move|p2a: Landorus\u200b\u200b\u200b\u200b\u200b\u200b\u200b|Protect|p2a: Landorus\u200b\u200b\u200b\u200b\u200b\u200b\u200b\n|-singleturn|p2a: Landorus\u200b\u200b\u200b\u200b\u200b\u200b\u200b|Protect\n|move|p1a: Dialga|Ice Beam|p2a: Landorus\u200b\u200b\u200b\u200b\u200b\u200b\u200b\n|-activate|p2a: Landorus\u200b\u200b\u200b\u200b\u200b\u200b\u200b|move: Protect\n|\n|-status|p2a: Landorus\u200b\u200b\u200b\u200b\u200b\u200b\u200b|tox|[from] item: Toxic Orb\n|upkeep\n|turn|3\n|\n|t:|1699215581\n|switch|p2a: Forgotten|Weavile, M|100\/100\n|-ability|p2a: Forgotten|Pressure\n|move|p1a: Dialga|Ice Beam|p2a: Forgotten\n|-resisted|p2a: Forgotten\n|-damage|p2a: Forgotten|75\/100\n|\n|upkeep\n|turn|4\n|\n|t:|1699215628\n|switch|p1a: Ting-Lu|Ting-Lu|100\/100\n|-ability|p1a: Ting-Lu|Vessel of Ruin\n|move|p2a: Forgotten|Swords Dance|p2a: Forgotten\n|-boost|p2a: Forgotten|atk|2\n|\n|upkeep\n|turn|5\n|\n|t:|1699215644\n|move|p2a: Forgotten|Triple Axel|p1a: Ting-Lu\n|-supereffective|p1a: Ting-Lu\n|-damage|p1a: Ting-Lu|78\/100\n|-supereffective|p1a: Ting-Lu\n|-damage|p1a: Ting-Lu|36\/100\n|-supereffective|p1a: Ting-Lu\n|-damage|p1a: Ting-Lu|0 fnt\n|faint|p1a: Ting-Lu\n|-hitcount|p1: Ting-Lu|3\n|\n|upkeep\n|\n|t:|1699215652\n|switch|p1a: Lopunny|Lopunny, F|100\/100\n|turn|6\n|c| Serise|Ting-Lu taking so much damage feels fake\n|c|\u2606Xoviet Yunion|tthis weavile has never failed me on axels\n|\n|t:|1699215667\n|switch|p2a: Brit in Benidorm|Moltres, shiny|100\/100\n|detailschange|p1a: Lopunny|Lopunny-Mega, F\n|-mega|p1a: Lopunny|Lopunny|Lopunnite\n|move|p1a: Lopunny|Work Up|p1a: Lopunny\n|-boost|p1a: Lopunny|atk|1\n|-boost|p1a: Lopunny|spa|1\n|\n|upkeep\n|turn|7\n|\n|t:|1699215686\n|switch|p1a: Vaporeon|Vaporeon, M|100\/100\n|move|p2a: Brit in Benidorm|Hurricane|p1a: Vaporeon\n|-damage|p1a: Vaporeon|71\/100\n|\n|-heal|p1a: Vaporeon|77\/100|[from] item: Leftovers\n|upkeep\n|turn|8\n|c| Astro nation shoe|\ud83d\udc40\n|\n|t:|1699215700\n|switch|p2a: Gamer Girl|Manaphy|100\/100\n|move|p1a: Vaporeon|Toxic|p2a: Gamer Girl\n|-status|p2a: Gamer Girl|tox\n|\n|-heal|p1a: Vaporeon|83\/100|[from] item: Leftovers\n|-damage|p2a: Gamer Girl|94\/100 tox|[from] psn\n|upkeep\n|turn|9\n|\n|t:|1699215710\n|switch|p2a: Mariah|Xerneas|100\/100\n|-ability|p2a: Mariah|Fairy Aura\n|move|p1a: Vaporeon|Calm Mind|p1a: Vaporeon\n|-boost|p1a: Vaporeon|spa|1\n|-boost|p1a: Vaporeon|spd|1\n|\n|-heal|p1a: Vaporeon|89\/100|[from] item: Leftovers\n|upkeep\n|turn|10\n|\n|t:|1699215720\n|move|p2a: Mariah|Play Rough|p1a: Vaporeon\n|-damage|p1a: Vaporeon|8\/100\n|move|p1a: Vaporeon|Scald|p2a: Mariah\n|-damage|p2a: Mariah|60\/100\n|\n|-heal|p1a: Vaporeon|14\/100|[from] item: Leftovers\n|upkeep\n|turn|11\n|\n|t:|1699215733\n|switch|p1a: Aegislash|Aegislash, M|100\/100\n|move|p2a: Mariah|Play Rough|p1a: Aegislash\n|-resisted|p1a: Aegislash\n|-damage|p1a: Aegislash|73\/100\n|\n|upkeep\n|turn|12\n|\n|t:|1699215742\n|switch|p2a: Landorus\u200b\u200b\u200b\u200b\u200b\u200b\u200b|Gliscor, F|100\/100 tox\n|-formechange|p1a: Aegislash|Aegislash-Blade||[from] ability: Stance Change\n|move|p1a: Aegislash|Shadow Ball|p2a: Landorus\u200b\u200b\u200b\u200b\u200b\u200b\u200b\n|-damage|p2a: Landorus\u200b\u200b\u200b\u200b\u200b\u200b\u200b|65\/100 tox\n|\n|-heal|p2a: Landorus\u200b\u200b\u200b\u200b\u200b\u200b\u200b|77\/100 tox|[from] ability: Poison Heal\n|upkeep\n|turn|13\n|\n|t:|1699215752\n|switch|p1a: Lopunny|Lopunny-Mega, F|100\/100\n|move|p2a: Landorus\u200b\u200b\u200b\u200b\u200b\u200b\u200b|Spikes|p1a: Lopunny\n|-sidestart|p1: Astro The Man|Spikes\n|\n|-heal|p2a: Landorus\u200b\u200b\u200b\u200b\u200b\u200b\u200b|89\/100 tox|[from] ability: Poison Heal\n|upkeep\n|turn|14\n|\n|t:|1699215763\n|switch|p2a: Brit in Benidorm|Moltres, shiny|100\/100\n|move|p1a: Lopunny|Work Up|p1a: Lopunny\n|-boost|p1a: Lopunny|atk|1\n|-boost|p1a: Lopunny|spa|1\n|\n|upkeep\n|turn|15\n|\n|t:|1699215771\n|move|p1a: Lopunny|Return|p2a: Brit in Benidorm\n|-damage|p2a: Brit in Benidorm|39\/100\n|-status|p1a: Lopunny|brn|[from] ability: Flame Body|[of] p2a: Brit in Benidorm\n|move|p2a: Brit in Benidorm|Hurricane|p1a: Lopunny\n|-supereffective|p1a: Lopunny\n|-damage|p1a: Lopunny|2\/100 brn\n|\n|-damage|p1a: Lopunny|0 fnt|[from] brn\n|faint|p1a: Lopunny\n|upkeep\n|c| Astro nation shoe|oof\n|\n|t:|1699215781\n|switch|p1a: Dialga|Dialga|100\/100\n|-damage|p1a: Dialga|88\/100|[from] Spikes\n|-ability|p1a: Dialga|Pressure\n|turn|16\n|\n|t:|1699215796\n|move|p1a: Dialga|Thunderbolt|p2a: Brit in Benidorm\n|-supereffective|p2a: Brit in Benidorm\n|-damage|p2a: Brit in Benidorm|0 fnt\n|faint|p2a: Brit in Benidorm\n|\n|upkeep\n|\n|t:|1699215804\n|switch|p2a: Landorus\u200b\u200b\u200b\u200b\u200b\u200b\u200b|Gliscor, F|89\/100 tox\n|turn|17\n|\n|t:|1699215808\n|move|p2a: Landorus\u200b\u200b\u200b\u200b\u200b\u200b\u200b|Protect|p2a: Landorus\u200b\u200b\u200b\u200b\u200b\u200b\u200b\n|-singleturn|p2a: Landorus\u200b\u200b\u200b\u200b\u200b\u200b\u200b|Protect\n|move|p1a: Dialga|Ice Beam|p2a: Landorus\u200b\u200b\u200b\u200b\u200b\u200b\u200b\n|-activate|p2a: Landorus\u200b\u200b\u200b\u200b\u200b\u200b\u200b|move: Protect\n|\n|-heal|p2a: Landorus\u200b\u200b\u200b\u200b\u200b\u200b\u200b|100\/100 tox|[from] ability: Poison Heal\n|upkeep\n|turn|18\n|\n|t:|1699215818\n|switch|p2a: Forgotten|Weavile, M|75\/100\n|-ability|p2a: Forgotten|Pressure\n|move|p1a: Dialga|Ice Beam|p2a: Forgotten\n|-resisted|p2a: Forgotten\n|-damage|p2a: Forgotten|51\/100\n|\n|upkeep\n|turn|19\n|\n|t:|1699215827\n|move|p2a: Forgotten|Knock Off|p1a: Dialga\n|-damage|p1a: Dialga|47\/100\n|-enditem|p1a: Dialga|Expert Belt|[from] move: Knock Off|[of] p2a: Forgotten\n|move|p1a: Dialga|Flash Cannon|p2a: Forgotten\n|-supereffective|p2a: Forgotten\n|-damage|p2a: Forgotten|0 fnt\n|faint|p2a: Forgotten\n|\n|upkeep\n|\n|t:|1699215837\n|switch|p2a: Mariah|Xerneas|60\/100\n|-ability|p2a: Mariah|Fairy Aura\n|turn|20\n|\n|t:|1699215844\n|move|p2a: Mariah|Play Rough|p1a: Dialga\n|-damage|p1a: Dialga|0 fnt\n|faint|p1a: Dialga\n|\n|upkeep\n|\n|t:|1699215849\n|switch|p1a: Aegislash|Aegislash, M|73\/100\n|-damage|p1a: Aegislash|60\/100|[from] Spikes\n|turn|21\n|\n|t:|1699215861\n|switch|p2a: Landorus\u200b\u200b\u200b\u200b\u200b\u200b\u200b|Gliscor, F|100\/100 tox\n|-formechange|p1a: Aegislash|Aegislash-Blade||[from] ability: Stance Change\n|move|p1a: Aegislash|Gyro Ball|p2a: Landorus\u200b\u200b\u200b\u200b\u200b\u200b\u200b\n|-damage|p2a: Landorus\u200b\u200b\u200b\u200b\u200b\u200b\u200b|81\/100 tox\n|\n|-heal|p2a: Landorus\u200b\u200b\u200b\u200b\u200b\u200b\u200b|93\/100 tox|[from] ability: Poison Heal\n|upkeep\n|turn|22\n|\n|t:|1699215869\n|move|p2a: Landorus\u200b\u200b\u200b\u200b\u200b\u200b\u200b|Earthquake|p1a: Aegislash\n|-supereffective|p1a: Aegislash\n|-damage|p1a: Aegislash|0 fnt\n|faint|p1a: Aegislash\n|\n|-heal|p2a: Landorus\u200b\u200b\u200b\u200b\u200b\u200b\u200b|100\/100 tox|[from] ability: Poison Heal\n|upkeep\n|c|\u2606Xoviet Yunion|gg\n|c|\u2606Astro The Man|gg\n|\n|t:|1699215878\n|switch|p1a: Vaporeon|Vaporeon, M|14\/100\n|-damage|p1a: Vaporeon|2\/100|[from] Spikes\n|turn|23\n|\n|t:|1699215881\n|move|p2a: Landorus\u200b\u200b\u200b\u200b\u200b\u200b\u200b|Earthquake|p1a: Vaporeon\n|-damage|p1a: Vaporeon|0 fnt\n|faint|p1a: Vaporeon\n|\n|win|Xoviet Yunion\n","uploadtime":1699215887,"views":27,"p1id":"astrotheman","p2id":"xovietyunion","formatid":"gen9nationaldexubers","rating":0,"private":0,"password":""}