{"id":"gen9nationaldexubers-1987015208","p1":"KJ.nyc","p2":"DK_crazy","format":"[Gen 9] National Dex Ubers","log":"|j|\u2606KJ.nyc\n|j|\u2606DK_crazy\n|t:|1699549154\n|gametype|singles\n|player|p1|KJ.nyc|hilbert|1069\n|player|p2|DK_crazy|ninjaboy|1040\n|teamsize|p1|6\n|teamsize|p2|6\n|gen|9\n|tier|[Gen 9] National Dex Ubers\n|rated|\n|rule|HP Percentage Mod: HP is shown in percentages\n|rule|Endless Battle Clause: Forcing endless battles is banned\n|rule|OHKO Clause: OHKO moves are banned\n|rule|Evasion Moves Clause: Evasion moves are banned\n|rule|Evasion Items Clause: Evasion items are banned\n|rule|Species Clause: Limit one of each Pok\u00e9mon\n|rule|Sleep Clause Mod: Limit one foe put to sleep\n|rule|Mega Rayquaza Clause: You cannot mega evolve Rayquaza\n|clearpoke\n|poke|p1|Pikachu, M|\n|poke|p1|Dragonite, F|\n|poke|p1|Gengar, M|\n|poke|p1|Lucario, M|\n|poke|p1|Sirfetch\u2019d, M|\n|poke|p1|Dracovish|\n|poke|p2|Rayquaza|\n|poke|p2|Urshifu-*, M|\n|poke|p2|Xurkitree|\n|poke|p2|Incineroar, M|\n|poke|p2|Arceus-Ground|\n|poke|p2|Alakazam, F|\n|teampreview\n|c|\u2606KJ.nyc|glhf\n|\n|t:|1699549158\n|start\n|switch|p1a: Dracovish|Dracovish|100\/100\n|switch|p2a: Urshifu|Urshifu, M|100\/100\n|turn|1\n|inactive|Battle timer is ON: inactive players will automatically lose when time's up. (requested by KJ.nyc)\n|\n|t:|1699549165\n|move|p2a: Urshifu|Wicked Blow|p1a: Dracovish\n|-crit|p1a: Dracovish\n|-damage|p1a: Dracovish|42\/100\n|move|p1a: Dracovish|Fishious Rend|p2a: Urshifu\n|-damage|p2a: Urshifu|33\/100\n|\n|upkeep\n|turn|2\n|\n|t:|1699549177\n|move|p2a: Urshifu|Wicked Blow|p1a: Dracovish\n|-crit|p1a: Dracovish\n|-damage|p1a: Dracovish|0 fnt\n|faint|p1a: Dracovish\n|\n|upkeep\n|\n|t:|1699549188\n|switch|p1a: Gengar|Gengar, M|100\/100\n|turn|3\n|\n|t:|1699549192\n|move|p1a: Gengar|Dazzling Gleam|p2a: Urshifu\n|-supereffective|p2a: Urshifu\n|-crit|p2a: Urshifu\n|-damage|p2a: Urshifu|0 fnt\n|faint|p2a: Urshifu\n|\n|upkeep\n|\n|t:|1699549204\n|switch|p2a: Incineroar|Incineroar, M|100\/100\n|turn|4\n|\n|t:|1699549209\n|switch|p1a: Sirfetch\u2019d|Sirfetch\u2019d, M|100\/100\n|move|p2a: Incineroar|Darkest Lariat|p1a: Sirfetch\u2019d\n|-resisted|p1a: Sirfetch\u2019d\n|-damage|p1a: Sirfetch\u2019d|78\/100\n|\n|upkeep\n|turn|5\n|\n|t:|1699549220\n|switch|p2a: Rayquaza|Rayquaza|100\/100\n|-ability|p2a: Rayquaza|Air Lock\n|move|p1a: Sirfetch\u2019d|Close Combat|p2a: Rayquaza\n|-resisted|p2a: Rayquaza\n|-damage|p2a: Rayquaza|64\/100\n|-unboost|p1a: Sirfetch\u2019d|def|1\n|-unboost|p1a: Sirfetch\u2019d|spd|1\n|\n|upkeep\n|turn|6\n|\n|t:|1699549229\n|move|p2a: Rayquaza|Dragon Ascent|p1a: Sirfetch\u2019d\n|-supereffective|p1a: Sirfetch\u2019d\n|-damage|p1a: Sirfetch\u2019d|0 fnt\n|-unboost|p2a: Rayquaza|def|1\n|-unboost|p2a: Rayquaza|spd|1\n|faint|p1a: Sirfetch\u2019d\n|\n|upkeep\n|\n|t:|1699549240\n|switch|p1a: Lucario|Lucario, M|100\/100\n|turn|7\n|\n|t:|1699549246\n|detailschange|p1a: Lucario|Lucario-Mega, M\n|-mega|p1a: Lucario|Lucario|Lucarionite\n|move|p1a: Lucario|Ice Punch|p2a: Rayquaza\n|-supereffective|p2a: Rayquaza\n|-damage|p2a: Rayquaza|0 fnt\n|faint|p2a: Rayquaza\n|\n|upkeep\n|\n|t:|1699549257\n|switch|p2a: Arceus|Arceus-Ground|100\/100\n|turn|8\n|\n|t:|1699549264\n|switch|p1a: Dragonite|Dragonite, F|100\/100\n|move|p2a: Arceus|Earthquake|p1a: Dragonite\n|-immune|p1a: Dragonite\n|\n|upkeep\n|turn|9\n|\n|t:|1699549273\n|move|p2a: Arceus|Air Slash|p1a: Dragonite\n|-damage|p1a: Dragonite|88\/100\n|move|p1a: Dragonite|Hurricane|p2a: Arceus|[miss]\n|-miss|p1a: Dragonite|p2a: Arceus\n|\n|-heal|p1a: Dragonite|95\/100|[from] item: Leftovers\n|upkeep\n|turn|10\n|\n|t:|1699549282\n|switch|p2a: Xurkitree|Xurkitree|100\/100\n|move|p1a: Dragonite|Dragon Claw|p2a: Xurkitree\n|-damage|p2a: Xurkitree|32\/100\n|\n|-heal|p1a: Dragonite|100\/100|[from] item: Leftovers\n|upkeep\n|turn|11\n|\n|t:|1699549289\n|move|p1a: Dragonite|Dragon Dance|p1a: Dragonite\n|-boost|p1a: Dragonite|atk|1\n|-boost|p1a: Dragonite|spe|1\n|move|p2a: Xurkitree|Discharge|p1a: Dragonite\n|-damage|p1a: Dragonite|74\/100\n|\n|-heal|p1a: Dragonite|80\/100|[from] item: Leftovers\n|upkeep\n|turn|12\n|\n|t:|1699549298\n|move|p1a: Dragonite|Dragon Claw|p2a: Xurkitree\n|-damage|p2a: Xurkitree|0 fnt\n|faint|p2a: Xurkitree\n|\n|-heal|p1a: Dragonite|87\/100|[from] item: Leftovers\n|upkeep\n|l|\u2606DK_crazy\n|inactive|DK_crazy disconnected and has a minute to reconnect!\n|player|p2|\n|inactive|DK_crazy has 30 seconds to reconnect!\n|inactive|DK_crazy has 20 seconds to reconnect!\n|inactive|DK_crazy has 15 seconds to reconnect!\n|inactive|DK_crazy has 10 seconds to reconnect!\n|inactive|DK_crazy has 5 seconds to reconnect!\n|-message|DK_crazy lost due to inactivity.\n|\n|win|KJ.nyc\n|raw|KJ.nyc's rating: 1069 &rarr; <strong>1096<\/strong><br \/>(+27 for winning)\n|raw|DK_crazy's rating: 1040 &rarr; <strong>1025<\/strong><br \/>(-15 for losing)\n","uploadtime":1699549379,"views":5,"p1id":"kjnyc","p2id":"dkcrazy","formatid":"gen9nationaldexubers","rating":1025,"private":0,"password":""}