{"id":"gen9nationaldexubers-1981397088","p1":"Zangetsu62","p2":"sfpnwfmcl","format":"[Gen 9] National Dex Ubers","log":"|j|\u2606Zangetsu62\n|j|\u2606sfpnwfmcl\n|t:|1698891274\n|gametype|singles\n|player|p1|Zangetsu62|266|1077\n|player|p2|sfpnwfmcl|elesa|1109\n|teamsize|p1|6\n|teamsize|p2|6\n|gen|9\n|tier|[Gen 9] National Dex Ubers\n|rated|\n|rule|HP Percentage Mod: HP is shown in percentages\n|rule|Endless Battle Clause: Forcing endless battles is banned\n|rule|OHKO Clause: OHKO moves are banned\n|rule|Evasion Moves Clause: Evasion moves are banned\n|rule|Evasion Items Clause: Evasion items are banned\n|rule|Species Clause: Limit one of each Pok\u00e9mon\n|rule|Sleep Clause Mod: Limit one foe put to sleep\n|rule|Mega Rayquaza Clause: You cannot mega evolve Rayquaza\n|clearpoke\n|poke|p1|Feraligatr, M|\n|poke|p1|Araquanid, F|\n|poke|p1|Quagsire, F|\n|poke|p1|Volcanion|\n|poke|p1|Toxapex, M|\n|poke|p1|Cloyster, F|\n|poke|p2|Gholdengo|\n|poke|p2|Landorus-Therian, M|\n|poke|p2|Corviknight, F|\n|poke|p2|Clodsire, F|\n|poke|p2|Pelipper, F|\n|poke|p2|Basculegion, M|\n|teampreview\n|\n|t:|1698891280\n|start\n|switch|p1a: Feraligatr|Feraligatr, M|100\/100\n|switch|p2a: Clodsire|Clodsire, F|100\/100\n|turn|1\n|\n|t:|1698891291\n|move|p1a: Feraligatr|Ice Punch|p2a: Clodsire\n|-supereffective|p2a: Clodsire\n|-damage|p2a: Clodsire|16\/100\n|move|p2a: Clodsire|Stealth Rock|p1a: Feraligatr\n|-sidestart|p1: Zangetsu62|move: Stealth Rock\n|\n|-heal|p2a: Clodsire|22\/100|[from] item: Leftovers\n|upkeep\n|turn|2\n|\n|t:|1698891299\n|switch|p2a: Corviknight|Corviknight, F|100\/100\n|-ability|p2a: Corviknight|Pressure\n|move|p1a: Feraligatr|Dragon Dance|p1a: Feraligatr\n|-boost|p1a: Feraligatr|atk|1\n|-boost|p1a: Feraligatr|spe|1\n|\n|upkeep\n|turn|3\n|\n|t:|1698891307\n|move|p1a: Feraligatr|Liquidation|p2a: Corviknight\n|-damage|p2a: Corviknight|41\/100\n|-damage|p1a: Feraligatr|84\/100|[from] item: Rocky Helmet|[of] p2a: Corviknight\n|move|p2a: Corviknight|Body Press|p1a: Feraligatr\n|-damage|p1a: Feraligatr|56\/100\n|\n|upkeep\n|turn|4\n|\n|t:|1698891316\n|switch|p2a: Clodsire|Clodsire, F|22\/100\n|move|p1a: Feraligatr|Dragon Dance|p1a: Feraligatr\n|-boost|p1a: Feraligatr|atk|1\n|-boost|p1a: Feraligatr|spe|1\n|\n|-heal|p2a: Clodsire|28\/100|[from] item: Leftovers\n|upkeep\n|turn|5\n|\n|t:|1698891325\n|switch|p2a: Corviknight|Corviknight, F|41\/100\n|-ability|p2a: Corviknight|Pressure\n|move|p1a: Feraligatr|Ice Punch|p2a: Corviknight\n|-damage|p2a: Corviknight|0 fnt\n|-damage|p1a: Feraligatr|39\/100|[from] item: Rocky Helmet|[of] p2a: Corviknight\n|faint|p2a: Corviknight\n|\n|upkeep\n|\n|t:|1698891332\n|switch|p2a: Landorus|Landorus-Therian, M|100\/100\n|-ability|p2a: Landorus|Intimidate|boost\n|-unboost|p1a: Feraligatr|atk|1\n|turn|6\n|\n|t:|1698891346\n|move|p1a: Feraligatr|Ice Punch|p2a: Landorus\n|-supereffective|p2a: Landorus\n|-damage|p2a: Landorus|0 fnt\n|-damage|p1a: Feraligatr|22\/100|[from] item: Rocky Helmet|[of] p2a: Landorus\n|faint|p2a: Landorus\n|\n|upkeep\n|\n|t:|1698891349\n|switch|p2a: Clodsire|Clodsire, F|28\/100\n|turn|7\n|\n|t:|1698891357\n|move|p1a: Feraligatr|Ice Punch|p2a: Clodsire\n|-supereffective|p2a: Clodsire\n|-damage|p2a: Clodsire|0 fnt\n|faint|p2a: Clodsire\n|\n|upkeep\n|\n|t:|1698891360\n|switch|p2a: Pelipper|Pelipper, F|100\/100\n|-weather|RainDance|[from] ability: Drizzle|[of] p2a: Pelipper\n|turn|8\n|\n|t:|1698891366\n|move|p1a: Feraligatr|Ice Punch|p2a: Pelipper\n|-damage|p2a: Pelipper|57\/100\n|move|p2a: Pelipper|U-turn|p1a: Feraligatr\n|-damage|p1a: Feraligatr|12\/100\n|\n|t:|1698891369\n|switch|p2a: Basculegion|Basculegion, M|100\/100|[from] U-turn\n|\n|-weather|RainDance|[upkeep]\n|upkeep\n|turn|9\n|\n|t:|1698891379\n|move|p1a: Feraligatr|Liquidation|p2a: Basculegion\n|-resisted|p2a: Basculegion\n|-damage|p2a: Basculegion|8\/100\n|move|p2a: Basculegion|Last Respects|p1a: Feraligatr\n|-damage|p1a: Feraligatr|0 fnt\n|faint|p1a: Feraligatr\n|\n|-weather|RainDance|[upkeep]\n|upkeep\n|\n|t:|1698891389\n|switch|p1a: Cloyster|Cloyster, F|100\/100\n|-damage|p1a: Cloyster|76\/100|[from] Stealth Rock\n|turn|10\n|\n|t:|1698891393\n|move|p1a: Cloyster|Ice Shard|p2a: Basculegion\n|-resisted|p2a: Basculegion\n|-damage|p2a: Basculegion|0 fnt\n|faint|p2a: Basculegion\n|\n|-weather|RainDance|[upkeep]\n|upkeep\n|\n|t:|1698891396\n|switch|p2a: Gholdengo|Gholdengo|100\/100\n|turn|11\n|\n|t:|1698891403\n|switch|p1a: Volcanion|Volcanion|100\/100\n|-damage|p1a: Volcanion|76\/100|[from] Stealth Rock\n|move|p2a: Gholdengo|Make It Rain|p1a: Volcanion\n|-resisted|p1a: Volcanion\n|-damage|p1a: Volcanion|61\/100\n|-unboost|p2a: Gholdengo|spa|1\n|\n|-weather|RainDance|[upkeep]\n|upkeep\n|turn|12\n|\n|t:|1698891418\n|move|p2a: Gholdengo|Nasty Plot|p2a: Gholdengo\n|-boost|p2a: Gholdengo|spa|2\n|move|p1a: Volcanion|Steam Eruption|p2a: Gholdengo\n|-damage|p2a: Gholdengo|37\/100\n|\n|-weather|RainDance|[upkeep]\n|upkeep\n|turn|13\n|\n|t:|1698891433\n|move|p2a: Gholdengo|Shadow Ball|p1a: Volcanion\n|-damage|p1a: Volcanion|0 fnt\n|faint|p1a: Volcanion\n|\n|-weather|RainDance|[upkeep]\n|upkeep\n|\n|t:|1698891440\n|switch|p1a: Quagsire|Quagsire, F|100\/100\n|-damage|p1a: Quagsire|94\/100|[from] Stealth Rock\n|turn|14\n|\n|t:|1698891448\n|switch|p2a: Pelipper|Pelipper, F|57\/100\n|move|p1a: Quagsire|Earthquake|p2a: Pelipper\n|-immune|p2a: Pelipper\n|\n|-weather|RainDance|[upkeep]\n|upkeep\n|turn|15\n|\n|t:|1698891457\n|switch|p1a: Toxapex|Toxapex, M, shiny|100\/100\n|-damage|p1a: Toxapex|88\/100|[from] Stealth Rock\n|move|p2a: Pelipper|Roost|p2a: Pelipper\n|-heal|p2a: Pelipper|100\/100\n|-singleturn|p2a: Pelipper|move: Roost\n|\n|-weather|none\n|upkeep\n|turn|16\n|\n|t:|1698891468\n|switch|p2a: Gholdengo|Gholdengo|37\/100\n|move|p1a: Toxapex|Acid Spray|p2a: Gholdengo\n|-immune|p2a: Gholdengo\n|\n|upkeep\n|turn|17\n|\n|t:|1698891477\n|switch|p1a: Araquanid|Araquanid, F|100\/100\n|-damage|p1a: Araquanid|76\/100|[from] Stealth Rock\n|move|p2a: Gholdengo|Recover|p2a: Gholdengo\n|-heal|p2a: Gholdengo|87\/100\n|\n|upkeep\n|turn|18\n|\n|t:|1698891487\n|move|p2a: Gholdengo|Nasty Plot|p2a: Gholdengo\n|-boost|p2a: Gholdengo|spa|2\n|move|p1a: Araquanid|Liquidation|p2a: Gholdengo\n|-damage|p2a: Gholdengo|27\/100\n|\n|upkeep\n|turn|19\n|\n|t:|1698891496\n|-terastallize|p1a: Araquanid|Steel\n|move|p2a: Gholdengo|Shadow Ball|p1a: Araquanid\n|-damage|p1a: Araquanid|8\/100\n|move|p1a: Araquanid|Liquidation|p2a: Gholdengo\n|-damage|p2a: Gholdengo|0 fnt\n|faint|p2a: Gholdengo\n|\n|upkeep\n|\n|t:|1698891501\n|switch|p2a: Pelipper|Pelipper, F|100\/100\n|-weather|RainDance|[from] ability: Drizzle|[of] p2a: Pelipper\n|turn|20\n|\n|t:|1698891516\n|move|p2a: Pelipper|Hurricane|p1a: Araquanid\n|-resisted|p1a: Araquanid\n|-damage|p1a: Araquanid|0 fnt\n|faint|p1a: Araquanid\n|\n|-weather|RainDance|[upkeep]\n|upkeep\n|\n|t:|1698891529\n|switch|p1a: Cloyster|Cloyster, F|76\/100\n|-damage|p1a: Cloyster|51\/100|[from] Stealth Rock\n|turn|21\n|\n|t:|1698891534\n|move|p1a: Cloyster|Rock Blast|p2a: Pelipper\n|-supereffective|p2a: Pelipper\n|-damage|p2a: Pelipper|89\/100\n|-supereffective|p2a: Pelipper\n|-damage|p2a: Pelipper|76\/100\n|-supereffective|p2a: Pelipper\n|-damage|p2a: Pelipper|65\/100\n|-supereffective|p2a: Pelipper\n|-damage|p2a: Pelipper|52\/100\n|-supereffective|p2a: Pelipper\n|-damage|p2a: Pelipper|41\/100\n|-hitcount|p2a: Pelipper|5\n|move|p2a: Pelipper|Hurricane|p1a: Cloyster\n|-damage|p1a: Cloyster|0 fnt\n|faint|p1a: Cloyster\n|\n|-weather|RainDance|[upkeep]\n|upkeep\n|\n|t:|1698891553\n|switch|p1a: Quagsire|Quagsire, F|94\/100\n|-damage|p1a: Quagsire|88\/100|[from] Stealth Rock\n|turn|22\n|\n|t:|1698891559\n|move|p2a: Pelipper|Roost|p2a: Pelipper\n|-heal|p2a: Pelipper|91\/100\n|-singleturn|p2a: Pelipper|move: Roost\n|move|p1a: Quagsire|Avalanche|p2a: Pelipper\n|-resisted|p2a: Pelipper\n|-damage|p2a: Pelipper|85\/100\n|\n|-weather|RainDance|[upkeep]\n|upkeep\n|turn|23\n|\n|t:|1698891568\n|move|p2a: Pelipper|Hurricane|p1a: Quagsire\n|-damage|p1a: Quagsire|52\/100\n|move|p1a: Quagsire|Avalanche|p2a: Pelipper\n|-damage|p2a: Pelipper|61\/100\n|\n|-weather|RainDance|[upkeep]\n|upkeep\n|turn|24\n|\n|t:|1698891598\n|move|p2a: Pelipper|Hurricane|p1a: Quagsire\n|-damage|p1a: Quagsire|12\/100\n|-start|p1a: Quagsire|confusion\n|-activate|p1a: Quagsire|confusion\n|-damage|p1a: Quagsire|0 fnt|[from] confusion\n|faint|p1a: Quagsire\n|\n|-weather|RainDance|[upkeep]\n|upkeep\n|\n|t:|1698891607\n|switch|p1a: Toxapex|Toxapex, M, shiny|100\/100\n|-damage|p1a: Toxapex|88\/100|[from] Stealth Rock\n|turn|25\n|\n|t:|1698891615\n|move|p2a: Pelipper|Roost|p2a: Pelipper\n|-heal|p2a: Pelipper|100\/100\n|-singleturn|p2a: Pelipper|move: Roost\n|move|p1a: Toxapex|Acid Spray|p2a: Pelipper\n|-damage|p2a: Pelipper|88\/100\n|-unboost|p2a: Pelipper|spd|2\n|\n|-weather|RainDance|[upkeep]\n|upkeep\n|turn|26\n|\n|t:|1698891626\n|-terastallize|p2a: Pelipper|Ground\n|move|p2a: Pelipper|Hurricane|p1a: Toxapex\n|-damage|p1a: Toxapex|61\/100\n|move|p1a: Toxapex|Acid Spray|p2a: Pelipper\n|-resisted|p2a: Pelipper\n|-damage|p2a: Pelipper|75\/100\n|-unboost|p2a: Pelipper|spd|2\n|\n|-weather|RainDance|[upkeep]\n|upkeep\n|turn|27\n|\n|t:|1698891640\n|move|p1a: Toxapex|Baneful Bunker|p1a: Toxapex\n|-singleturn|p1a: Toxapex|move: Protect\n|move|p2a: Pelipper|Hurricane|p1a: Toxapex\n|-activate|p1a: Toxapex|move: Protect\n|\n|-weather|none\n|upkeep\n|turn|28\n|\n|t:|1698891648\n|move|p2a: Pelipper|Rain Dance|p2a: Pelipper\n|-weather|RainDance\n|move|p1a: Toxapex|Acid Spray|p2a: Pelipper\n|-resisted|p2a: Pelipper\n|-damage|p2a: Pelipper|57\/100\n|-unboost|p2a: Pelipper|spd|2\n|\n|-weather|RainDance|[upkeep]\n|upkeep\n|turn|29\n|\n|t:|1698891657\n|move|p2a: Pelipper|Roost|p2a: Pelipper\n|-heal|p2a: Pelipper|100\/100\n|move|p1a: Toxapex|Acid Spray|p2a: Pelipper\n|-resisted|p2a: Pelipper\n|-damage|p2a: Pelipper|76\/100\n|\n|-weather|RainDance|[upkeep]\n|upkeep\n|turn|30\n|\n|t:|1698891664\n|move|p1a: Toxapex|Baneful Bunker|p1a: Toxapex\n|-singleturn|p1a: Toxapex|move: Protect\n|move|p2a: Pelipper|Hurricane|p1a: Toxapex\n|-activate|p1a: Toxapex|move: Protect\n|\n|-weather|RainDance|[upkeep]\n|upkeep\n|turn|31\n|\n|t:|1698891672\n|move|p2a: Pelipper|Hurricane|p1a: Toxapex\n|-damage|p1a: Toxapex|32\/100\n|-start|p1a: Toxapex|confusion\n|-activate|p1a: Toxapex|confusion\n|move|p1a: Toxapex|Acid Spray|p2a: Pelipper\n|-resisted|p2a: Pelipper\n|-damage|p2a: Pelipper|53\/100\n|\n|-weather|RainDance|[upkeep]\n|upkeep\n|turn|32\n|\n|t:|1698891683\n|-end|p1a: Toxapex|confusion\n|move|p1a: Toxapex|Baneful Bunker|p1a: Toxapex\n|-singleturn|p1a: Toxapex|move: Protect\n|move|p2a: Pelipper|Hurricane|p1a: Toxapex\n|-activate|p1a: Toxapex|move: Protect\n|\n|-weather|RainDance|[upkeep]\n|upkeep\n|turn|33\n|-activate|p1a: Toxapex|item: Quick Claw\n|\n|t:|1698891693\n|move|p1a: Toxapex|Acid Spray|p2a: Pelipper\n|-resisted|p2a: Pelipper\n|-damage|p2a: Pelipper|31\/100\n|move|p2a: Pelipper|Roost|p2a: Pelipper\n|-heal|p2a: Pelipper|81\/100\n|\n|-weather|RainDance|[upkeep]\n|upkeep\n|turn|34\n|\n|t:|1698891702\n|move|p1a: Toxapex|Baneful Bunker|p1a: Toxapex\n|-singleturn|p1a: Toxapex|move: Protect\n|move|p2a: Pelipper|Hurricane|p1a: Toxapex\n|-activate|p1a: Toxapex|move: Protect\n|\n|-weather|RainDance|[upkeep]\n|upkeep\n|turn|35\n|\n|t:|1698891710\n|move|p2a: Pelipper|Hurricane|p1a: Toxapex\n|-damage|p1a: Toxapex|2\/100\n|move|p1a: Toxapex|Acid Spray|p2a: Pelipper\n|-resisted|p2a: Pelipper\n|-crit|p2a: Pelipper\n|-damage|p2a: Pelipper|44\/100\n|\n|-weather|none\n|upkeep\n|turn|36\n|\n|t:|1698891718\n|move|p2a: Pelipper|Roost|p2a: Pelipper\n|-heal|p2a: Pelipper|95\/100\n|move|p1a: Toxapex|Acid Spray|p2a: Pelipper\n|-resisted|p2a: Pelipper\n|-damage|p2a: Pelipper|71\/100\n|\n|upkeep\n|turn|37\n|\n|t:|1698891726\n|move|p1a: Toxapex|Baneful Bunker|p1a: Toxapex\n|-singleturn|p1a: Toxapex|move: Protect\n|move|p2a: Pelipper|U-turn|p1a: Toxapex\n|-activate|p1a: Toxapex|move: Protect\n|-status|p2a: Pelipper|psn\n|\n|-damage|p2a: Pelipper|59\/100 psn|[from] psn\n|upkeep\n|turn|38\n|c|\u2606Zangetsu62|Gg\n|\n|t:|1698891736\n|move|p2a: Pelipper|U-turn|p1a: Toxapex\n|-resisted|p1a: Toxapex\n|-damage|p1a: Toxapex|0 fnt\n|faint|p1a: Toxapex\n|\n|win|sfpnwfmcl\n|raw|Zangetsu62's rating: 1077 &rarr; <strong>1057<\/strong><br \/>(-20 for losing)\n|raw|sfpnwfmcl's rating: 1109 &rarr; <strong>1132<\/strong><br \/>(+23 for winning)\n|c|\u2606sfpnwfmcl|gg\n|c|\u2606sfpnwfmcl|close one lol\n|c|\u2606sfpnwfmcl|didnt expect that endgame\n|c|\u2606Zangetsu62|I know I didn\u2019t either lol\n|c|\u2606Zangetsu62|You had a good team\n|c|\u2606sfpnwfmcl|u too\n|c|\u2606sfpnwfmcl|mono water in ubers looks fun haha\n|c|\u2606Zangetsu62|Thanks and it is lol\n|c|\u2606Zangetsu62|Welp nice taking with ya gtg\n","uploadtime":1698891925,"views":6,"p1id":"zangetsu62","p2id":"sfpnwfmcl","formatid":"gen9nationaldexubers","rating":1057,"private":0,"password":""}