{"id":"gen9nationaldexubers-1987820501","p1":"Ban Prinplup","p2":"another\u306eikun4","format":"[Gen 9] National Dex Ubers","log":"|j|\u2606Ban Prinplup\n|j|\u2606another\u306eikun4\n|t:|1699639876\n|gametype|singles\n|player|p1|Ban Prinplup|hilda|1453\n|player|p2|another\u306eikun4|brendan|1352\n|teamsize|p1|6\n|teamsize|p2|6\n|gen|9\n|tier|[Gen 9] National Dex Ubers\n|rated|\n|rule|HP Percentage Mod: HP is shown in percentages\n|rule|Endless Battle Clause: Forcing endless battles is banned\n|rule|OHKO Clause: OHKO moves are banned\n|rule|Evasion Moves Clause: Evasion moves are banned\n|rule|Evasion Items Clause: Evasion items are banned\n|rule|Species Clause: Limit one of each Pok\u00e9mon\n|rule|Sleep Clause Mod: Limit one foe put to sleep\n|rule|Mega Rayquaza Clause: You cannot mega evolve Rayquaza\n|clearpoke\n|poke|p1|Zygarde-10%|\n|poke|p1|Xerneas-*|\n|poke|p1|Yveltal|\n|poke|p1|Marshadow|\n|poke|p1|Groudon|\n|poke|p1|Magearna|\n|poke|p2|Arceus|\n|poke|p2|Zacian-*|\n|poke|p2|Kyogre|\n|poke|p2|Necrozma-Dusk-Mane|\n|poke|p2|Yveltal|\n|poke|p2|Donphan, L1, M|\n|teampreview\n|\n|t:|1699639889\n|start\n|switch|p1a: Zygarde|Zygarde-10%|100\/100\n|switch|p2a: \u4f60\u770b\u4ec0\u4e48|Donphan, L1, M, shiny|100\/100\n|turn|1\n|\n|t:|1699639897\n|move|p1a: Zygarde|Dragon Dance|p1a: Zygarde\n|-boost|p1a: Zygarde|atk|1\n|-boost|p1a: Zygarde|spe|1\n|move|p2a: \u4f60\u770b\u4ec0\u4e48|Endeavor|p1a: Zygarde\n|-damage|p1a: Zygarde|6\/100\n|\n|-activate|p1a: Zygarde|ability: Power Construct\n|detailschange|p1a: Zygarde|Zygarde-Complete\n|-heal|p1a: Zygarde|59\/100|[silent]\n|upkeep\n|turn|2\n|\n|t:|1699639909\n|move|p1a: Zygarde|Thousand Arrows|p2a: \u4f60\u770b\u4ec0\u4e48\n|-crit|p2a: \u4f60\u770b\u4ec0\u4e48\n|-ability|p2a: \u4f60\u770b\u4ec0\u4e48|Sturdy\n|-damage|p2a: \u4f60\u770b\u4ec0\u4e48|8\/100\n|move|p2a: \u4f60\u770b\u4ec0\u4e48|Endeavor|p1a: Zygarde\n|-damage|p1a: Zygarde|1\/100\n|-heal|p2a: \u4f60\u770b\u4ec0\u4e48|100\/100|[from] item: Shell Bell|[of] p1a: Zygarde\n|\n|upkeep\n|turn|3\n|\n|t:|1699639922\n|move|p2a: \u4f60\u770b\u4ec0\u4e48|Protect|p2a: \u4f60\u770b\u4ec0\u4e48\n|-singleturn|p2a: \u4f60\u770b\u4ec0\u4e48|Protect\n|move|p1a: Zygarde|Thousand Arrows|p2a: \u4f60\u770b\u4ec0\u4e48\n|-activate|p2a: \u4f60\u770b\u4ec0\u4e48|move: Protect\n|\n|upkeep\n|turn|4\n|\n|t:|1699639925\n|move|p2a: \u4f60\u770b\u4ec0\u4e48|Ice Shard|p1a: Zygarde\n|-supereffective|p1a: Zygarde\n|-damage|p1a: Zygarde|0 fnt\n|faint|p1a: Zygarde\n|\n|upkeep\n|\n|t:|1699639936\n|switch|p1a: Groudon|Groudon|100\/100\n|detailschange|p1a: Groudon|Groudon-Primal\n|-primal|p1a: Groudon|Red Orb\n|-weather|DesolateLand|[from] ability: Desolate Land|[of] p1a: Groudon\n|turn|5\n|\n|t:|1699639941\n|-weather|none\n|switch|p1a: Marshadow|Marshadow|100\/100\n|move|p2a: \u4f60\u770b\u4ec0\u4e48|Endeavor|p1a: Marshadow\n|-immune|p1a: Marshadow\n|\n|upkeep\n|turn|6\n|\n|t:|1699639950\n|switch|p2a: Yveltal|Yveltal, shiny|100\/100\n|-ability|p2a: Yveltal|Dark Aura\n|move|p1a: Marshadow|Spectral Thief|p2a: Yveltal\n|-resisted|p2a: Yveltal\n|-damage|p2a: Yveltal|89\/100\n|-damage|p1a: Marshadow|84\/100|[from] item: Rocky Helmet|[of] p2a: Yveltal\n|\n|upkeep\n|turn|7\n|\n|t:|1699639960\n|move|p1a: Marshadow|Ice Punch|p2a: Yveltal\n|-supereffective|p2a: Yveltal\n|-damage|p2a: Yveltal|60\/100\n|-damage|p1a: Marshadow|67\/100|[from] item: Rocky Helmet|[of] p2a: Yveltal\n|move|p2a: Yveltal|Foul Play|p1a: Marshadow\n|-damage|p1a: Marshadow|0 fnt\n|faint|p1a: Marshadow\n|\n|upkeep\n|\n|t:|1699639967\n|switch|p1a: Xerneas|Xerneas|100\/100\n|-ability|p1a: Xerneas|Fairy Aura\n|turn|8\n|\n|t:|1699639972\n|switch|p2a: \u4f60\u770b\u4ec0\u4e48|Donphan, L1, M, shiny|100\/100\n|move|p1a: Xerneas|Geomancy||[still]\n|-prepare|p1a: Xerneas|Geomancy\n|-enditem|p1a: Xerneas|Power Herb\n|-anim|p1a: Xerneas|Geomancy|p1a: Xerneas\n|-boost|p1a: Xerneas|spa|2\n|-boost|p1a: Xerneas|spd|2\n|-boost|p1a: Xerneas|spe|2\n|\n|upkeep\n|turn|9\n|\n|t:|1699639983\n|move|p1a: Xerneas|Moonblast|p2a: \u4f60\u770b\u4ec0\u4e48\n|-ability|p2a: \u4f60\u770b\u4ec0\u4e48|Sturdy\n|-damage|p2a: \u4f60\u770b\u4ec0\u4e48|8\/100\n|move|p2a: \u4f60\u770b\u4ec0\u4e48|Endeavor|p1a: Xerneas\n|-damage|p1a: Xerneas|1\/100\n|-heal|p2a: \u4f60\u770b\u4ec0\u4e48|100\/100|[from] item: Shell Bell|[of] p1a: Xerneas\n|\n|upkeep\n|turn|10\n|\n|t:|1699639990\n|move|p2a: \u4f60\u770b\u4ec0\u4e48|Ice Shard|p1a: Xerneas\n|-damage|p1a: Xerneas|0 fnt\n|faint|p1a: Xerneas\n|\n|upkeep\n|\n|t:|1699639995\n|switch|p1a: Magearna|Magearna|100\/100\n|turn|11\n|\n|t:|1699639998\n|move|p1a: Magearna|Flash Cannon|p2a: \u4f60\u770b\u4ec0\u4e48\n|-ability|p2a: \u4f60\u770b\u4ec0\u4e48|Sturdy\n|-damage|p2a: \u4f60\u770b\u4ec0\u4e48|8\/100\n|move|p2a: \u4f60\u770b\u4ec0\u4e48|Endeavor|p1a: Magearna\n|-damage|p1a: Magearna|1\/100\n|-heal|p2a: \u4f60\u770b\u4ec0\u4e48|100\/100|[from] item: Shell Bell|[of] p1a: Magearna\n|\n|upkeep\n|turn|12\n|\n|t:|1699640000\n|move|p2a: \u4f60\u770b\u4ec0\u4e48|Ice Shard|p1a: Magearna\n|-resisted|p1a: Magearna\n|-damage|p1a: Magearna|0 fnt\n|faint|p1a: Magearna\n|\n|upkeep\n|\n|t:|1699640003\n|switch|p1a: Groudon|Groudon-Primal|100\/100\n|-weather|DesolateLand|[from] ability: Desolate Land|[of] p1a: Groudon\n|turn|13\n|\n|t:|1699640006\n|move|p1a: Groudon|Fire Punch|p2a: \u4f60\u770b\u4ec0\u4e48\n|-ability|p2a: \u4f60\u770b\u4ec0\u4e48|Sturdy\n|-damage|p2a: \u4f60\u770b\u4ec0\u4e48|8\/100\n|move|p2a: \u4f60\u770b\u4ec0\u4e48|Endeavor|p1a: Groudon\n|-damage|p1a: Groudon|1\/100\n|-heal|p2a: \u4f60\u770b\u4ec0\u4e48|100\/100|[from] item: Shell Bell|[of] p1a: Groudon\n|\n|-weather|DesolateLand|[upkeep]\n|upkeep\n|turn|14\n|\n|t:|1699640013\n|move|p2a: \u4f60\u770b\u4ec0\u4e48|Ice Shard|p1a: Groudon\n|-damage|p1a: Groudon|0 fnt\n|faint|p1a: Groudon\n|-weather|none\n|\n|upkeep\n|\n|t:|1699640015\n|switch|p1a: Yveltal|Yveltal|100\/100\n|-ability|p1a: Yveltal|Dark Aura\n|turn|15\n|\n|t:|1699640021\n|move|p1a: Yveltal|Dark Pulse|p2a: \u4f60\u770b\u4ec0\u4e48\n|-ability|p2a: \u4f60\u770b\u4ec0\u4e48|Sturdy\n|-damage|p2a: \u4f60\u770b\u4ec0\u4e48|8\/100\n|move|p2a: \u4f60\u770b\u4ec0\u4e48|Endeavor|p1a: Yveltal\n|-damage|p1a: Yveltal|1\/100\n|-heal|p2a: \u4f60\u770b\u4ec0\u4e48|100\/100|[from] item: Shell Bell|[of] p1a: Yveltal\n|\n|upkeep\n|turn|16\n|\n|t:|1699640024\n|move|p1a: Yveltal|Sucker Punch|p2a: \u4f60\u770b\u4ec0\u4e48\n|-ability|p2a: \u4f60\u770b\u4ec0\u4e48|Sturdy\n|-damage|p2a: \u4f60\u770b\u4ec0\u4e48|8\/100\n|move|p2a: \u4f60\u770b\u4ec0\u4e48|Ice Shard|p1a: Yveltal\n|-supereffective|p1a: Yveltal\n|-damage|p1a: Yveltal|0 fnt\n|faint|p1a: Yveltal\n|-heal|p2a: \u4f60\u770b\u4ec0\u4e48|16\/100|[from] item: Shell Bell|[of] p1: Yveltal\n|\n|win|another\u306eikun4\n|raw|Ban Prinplup's rating: 1453 &rarr; <strong>1427<\/strong><br \/>(-26 for losing)\n|raw|another\u306eikun4's rating: 1352 &rarr; <strong>1378<\/strong><br \/>(+26 for winning)\n","uploadtime":1699640035,"views":15,"p1id":"banprinplup","p2id":"anotherikun4","formatid":"gen9nationaldexubers","rating":1378,"private":0,"password":""}