{"id":"gen9nationaldexubers-1993094639","p1":"BriefStar","p2":"lunchbox5536","format":"[Gen 9] National Dex Ubers","log":"|j|\u2606BriefStar\n|j|\u2606lunchbox5536\n|t:|1700264111\n|gametype|singles\n|player|p1|BriefStar|benga|\n|player|p2|lunchbox5536|ghetsis|\n|teamsize|p1|6\n|teamsize|p2|6\n|gen|9\n|tier|[Gen 9] National Dex Ubers\n|rule|HP Percentage Mod: HP is shown in percentages\n|rule|Endless Battle Clause: Forcing endless battles is banned\n|rule|OHKO Clause: OHKO moves are banned\n|rule|Evasion Moves Clause: Evasion moves are banned\n|rule|Evasion Items Clause: Evasion items are banned\n|rule|Species Clause: Limit one of each Pok\u00e9mon\n|rule|Sleep Clause Mod: Limit one foe put to sleep\n|rule|Mega Rayquaza Clause: You cannot mega evolve Rayquaza\n|clearpoke\n|poke|p1|Baxcalibur, F|\n|poke|p1|Tinkaton, F|\n|poke|p1|Bellibolt, F|\n|poke|p1|Raichu, F|\n|poke|p1|Charizard, F|\n|poke|p1|Fraxure, F|\n|poke|p2|Lilligant-Hisui, F|\n|poke|p2|Zoroark-Hisui, M|\n|poke|p2|Grimmsnarl, M|\n|poke|p2|Sableye, M|\n|poke|p2|Klawf, M|\n|poke|p2|Shelgon, M|\n|teampreview\n|j| Jam20Jam\n|\n|t:|1700264137\n|start\n|switch|p1a: Raichu|Raichu, F|100\/100\n|switch|p2a: Krampus|Grimmsnarl, M|100\/100\n|turn|1\n|\n|t:|1700264148\n|move|p1a: Raichu|Nuzzle|p2a: Krampus\n|-damage|p2a: Krampus|93\/100\n|-status|p2a: Krampus|par\n|cant|p2a: Krampus|par\n|\n|upkeep\n|turn|2\n|\n|t:|1700264159\n|move|p1a: Raichu|Encore||[still]\n|-fail|p1a: Raichu\n|cant|p2a: Krampus|par\n|\n|upkeep\n|turn|3\n|\n|t:|1700264167\n|move|p1a: Raichu|Volt Switch|p2a: Krampus\n|-damage|p2a: Krampus|68\/100 par\n|\n|t:|1700264174\n|switch|p1a: Hey There|Fraxure, F|100\/100|[from] Volt Switch\n|-ability|p1a: Hey There|Mold Breaker\n|cant|p2a: Krampus|par\n|\n|upkeep\n|turn|4\n|\n|t:|1700264181\n|move|p1a: Hey There|Substitute|p1a: Hey There\n|-start|p1a: Hey There|Substitute\n|-damage|p1a: Hey There|76\/100\n|cant|p2a: Krampus|par\n|\n|upkeep\n|turn|5\n|\n|t:|1700264188\n|move|p1a: Hey There|Dragon Dance|p1a: Hey There\n|-boost|p1a: Hey There|atk|1\n|-boost|p1a: Hey There|spe|1\n|move|p2a: Krampus|Play Rough|p1a: Hey There\n|-supereffective|p1a: Hey There\n|-end|p1a: Hey There|Substitute\n|\n|upkeep\n|turn|6\n|\n|t:|1700264198\n|move|p2a: Krampus|Power Swap|p1a: Hey There\n|-swapboost|p2a: Krampus|p1a: Hey There|atk, spa|[from] move: Power Swap\n|move|p1a: Hey There|Stomping Tantrum|p2a: Krampus\n|-damage|p2a: Krampus|38\/100 par\n|\n|upkeep\n|turn|7\n|\n|t:|1700264209\n|move|p1a: Hey There|Stomping Tantrum|p2a: Krampus\n|-damage|p2a: Krampus|10\/100 par\n|move|p2a: Krampus|Play Rough|p1a: Hey There\n|-supereffective|p1a: Hey There\n|-damage|p1a: Hey There|0 fnt\n|faint|p1a: Hey There\n|\n|upkeep\n|\n|t:|1700264216\n|switch|p1a: Raichu|Raichu, F|100\/100\n|turn|8\n|-enditem|p2a: Krampus|Custap Berry|[eat]\n|-activate|p2a: Krampus|item: Custap Berry|[consumed]\n|\n|t:|1700264221\n|move|p2a: Krampus|Superpower|p1a: Raichu\n|-damage|p1a: Raichu|0 fnt\n|-unboost|p2a: Krampus|atk|1\n|-unboost|p2a: Krampus|def|1\n|faint|p1a: Raichu\n|\n|upkeep\n|\n|t:|1700264231\n|switch|p1a: Charizard|Charizard, F, shiny|100\/100\n|turn|9\n|\n|t:|1700264239\n|move|p1a: Charizard|Flamethrower|p2a: Krampus\n|-damage|p2a: Krampus|0 fnt\n|faint|p2a: Krampus\n|\n|upkeep\n|\n|t:|1700264248\n|switch|p2a: AAAAAAAAAAAA|Klawf, M|100\/100\n|turn|10\n|\n|t:|1700264254\n|-terastallize|p1a: Charizard|Steel\n|move|p1a: Charizard|Will-O-Wisp|p2a: AAAAAAAAAAAA\n|-status|p2a: AAAAAAAAAAAA|brn\n|move|p2a: AAAAAAAAAAAA|Rock Blast|p1a: Charizard\n|-resisted|p1a: Charizard\n|-damage|p1a: Charizard|96\/100\n|-resisted|p1a: Charizard\n|-damage|p1a: Charizard|92\/100\n|-resisted|p1a: Charizard\n|-damage|p1a: Charizard|88\/100\n|-resisted|p1a: Charizard\n|-damage|p1a: Charizard|84\/100\n|-hitcount|p1a: Charizard|4\n|\n|-damage|p2a: AAAAAAAAAAAA|94\/100 brn|[from] brn\n|upkeep\n|turn|11\n|\n|t:|1700264274\n|move|p1a: Charizard|Tera Blast|p2a: AAAAAAAAAAAA|[anim] Tera Blast Steel\n|-supereffective|p2a: AAAAAAAAAAAA\n|-damage|p2a: AAAAAAAAAAAA|0 fnt\n|faint|p2a: AAAAAAAAAAAA\n|\n|upkeep\n|\n|t:|1700264288\n|switch|p2a: Sableye|Sableye, M|100\/100\n|turn|12\n|\n|t:|1700264294\n|move|p2a: Sableye|Flamethrower|p1a: Charizard\n|-supereffective|p1a: Charizard\n|-damage|p1a: Charizard|0 fnt\n|faint|p1a: Charizard\n|\n|upkeep\n|\n|t:|1700264298\n|switch|p1a: Thy True Name|Baxcalibur, F|100\/100\n|turn|13\n|\n|t:|1700264309\n|switch|p2a: Hello and Goodbye|Shelgon, M|100\/100\n|move|p1a: Thy True Name|Icicle Spear|p2a: Hello and Goodbye\n|-supereffective|p2a: Hello and Goodbye\n|-damage|p2a: Hello and Goodbye|86\/100\n|-supereffective|p2a: Hello and Goodbye\n|-damage|p2a: Hello and Goodbye|71\/100\n|-supereffective|p2a: Hello and Goodbye\n|-damage|p2a: Hello and Goodbye|56\/100\n|-supereffective|p2a: Hello and Goodbye\n|-damage|p2a: Hello and Goodbye|42\/100\n|-supereffective|p2a: Hello and Goodbye\n|-damage|p2a: Hello and Goodbye|27\/100\n|-hitcount|p2a: Hello and Goodbye|5\n|\n|upkeep\n|turn|14\n|\n|t:|1700264325\n|move|p1a: Thy True Name|Glaive Rush|p2a: Hello and Goodbye\n|-supereffective|p2a: Hello and Goodbye\n|-damage|p2a: Hello and Goodbye|0 fnt\n|-singlemove|p1a: Thy True Name|Glaive Rush|[silent]\n|faint|p2a: Hello and Goodbye\n|\n|upkeep\n|\n|t:|1700264335\n|switch|p2a: Sableye|Sableye, M|100\/100\n|turn|15\n|\n|t:|1700264344\n|switch|p1a: Megaton|Tinkaton, F|100\/100\n|-ability|p1a: Megaton|Mold Breaker\n|move|p2a: Sableye|Will-O-Wisp|p1a: Megaton\n|-status|p1a: Megaton|brn\n|\n|-damage|p1a: Megaton|94\/100 brn|[from] brn\n|upkeep\n|turn|16\n|\n|t:|1700264362\n|move|p2a: Sableye|Sunny Day|p2a: Sableye\n|-weather|SunnyDay\n|move|p1a: Megaton|Knock Off|p2a: Sableye\n|-damage|p2a: Sableye|84\/100\n|-damage|p1a: Megaton|78\/100 brn|[from] item: Rocky Helmet|[of] p2a: Sableye\n|-enditem|p2a: Sableye|Rocky Helmet|[from] move: Knock Off|[of] p1a: Megaton\n|\n|-weather|SunnyDay|[upkeep]\n|-damage|p1a: Megaton|71\/100 brn|[from] brn\n|upkeep\n|turn|17\n|\n|t:|1700264372\n|switch|p1a: Get in MY BELLY|Bellibolt, F|100\/100\n|move|p2a: Sableye|Encore||[still]\n|-fail|p2a: Sableye\n|\n|-weather|SunnyDay|[upkeep]\n|upkeep\n|turn|18\n|\n|t:|1700264387\n|move|p2a: Sableye|Will-O-Wisp|p1a: Get in MY BELLY\n|-status|p1a: Get in MY BELLY|brn\n|move|p1a: Get in MY BELLY|Acid Spray|p2a: Sableye\n|-resisted|p2a: Sableye\n|-damage|p2a: Sableye|78\/100\n|-unboost|p2a: Sableye|spd|2\n|\n|-weather|SunnyDay|[upkeep]\n|-damage|p1a: Get in MY BELLY|94\/100 brn|[from] brn\n|upkeep\n|turn|19\n|\n|t:|1700264408\n|move|p2a: Sableye|Encore|p1a: Get in MY BELLY\n|-start|p1a: Get in MY BELLY|Encore\n|move|p1a: Get in MY BELLY|Acid Spray|p2a: Sableye\n|-resisted|p2a: Sableye\n|-damage|p2a: Sableye|68\/100\n|-unboost|p2a: Sableye|spd|2\n|\n|-weather|SunnyDay|[upkeep]\n|-heal|p1a: Get in MY BELLY|100\/100 brn|[from] item: Leftovers\n|-damage|p1a: Get in MY BELLY|94\/100 brn|[from] brn\n|upkeep\n|turn|20\n|\n|t:|1700264420\n|move|p2a: Sableye|Recover|p2a: Sableye\n|-heal|p2a: Sableye|100\/100\n|move|p1a: Get in MY BELLY|Acid Spray|p2a: Sableye\n|-resisted|p2a: Sableye\n|-damage|p2a: Sableye|85\/100\n|-unboost|p2a: Sableye|spd|2\n|\n|-weather|none\n|-heal|p1a: Get in MY BELLY|100\/100 brn|[from] item: Leftovers\n|-damage|p1a: Get in MY BELLY|94\/100 brn|[from] brn\n|upkeep\n|turn|21\n|\n|t:|1700264430\n|move|p2a: Sableye|Sunny Day|p2a: Sableye\n|-weather|SunnyDay\n|move|p1a: Get in MY BELLY|Acid Spray|p2a: Sableye\n|-resisted|p2a: Sableye\n|-damage|p2a: Sableye|67\/100\n|\n|-weather|SunnyDay|[upkeep]\n|-heal|p1a: Get in MY BELLY|100\/100 brn|[from] item: Leftovers\n|-damage|p1a: Get in MY BELLY|94\/100 brn|[from] brn\n|-end|p1a: Get in MY BELLY|Encore\n|upkeep\n|turn|22\n|\n|t:|1700264467\n|switch|p2a: Lilligant|Lilligant-Hisui, F, shiny|100\/100\n|move|p1a: Get in MY BELLY|Volt Switch|p2a: Lilligant\n|-resisted|p2a: Lilligant\n|-damage|p2a: Lilligant|80\/100\n|\n|t:|1700264479\n|switch|p1a: Megaton|Tinkaton, F|71\/100 brn|[from] Volt Switch\n|-ability|p1a: Megaton|Mold Breaker\n|\n|-weather|SunnyDay|[upkeep]\n|-damage|p1a: Megaton|65\/100 brn|[from] brn\n|upkeep\n|turn|23\n|\n|t:|1700264515\n|-terastallize|p2a: Lilligant|Fighting\n|move|p2a: Lilligant|Close Combat|p1a: Megaton\n|-damage|p1a: Megaton|0 fnt\n|-unboost|p2a: Lilligant|def|1\n|-unboost|p2a: Lilligant|spd|1\n|faint|p1a: Megaton\n|-damage|p2a: Lilligant|70\/100|[from] item: Life Orb\n|\n|-weather|SunnyDay|[upkeep]\n|upkeep\n|\n|t:|1700264523\n|switch|p1a: Get in MY BELLY|Bellibolt, F|94\/100 brn\n|turn|24\n|\n|t:|1700264528\n|move|p2a: Lilligant|Close Combat|p1a: Get in MY BELLY\n|-damage|p1a: Get in MY BELLY|25\/100 brn\n|-unboost|p2a: Lilligant|def|1\n|-unboost|p2a: Lilligant|spd|1\n|-start|p1a: Get in MY BELLY|Charge|Close Combat|[from] ability: Electromorphosis\n|-damage|p2a: Lilligant|60\/100|[from] item: Life Orb\n|move|p1a: Get in MY BELLY|Chilling Water|p2a: Lilligant\n|-damage|p2a: Lilligant|44\/100\n|-unboost|p2a: Lilligant|atk|1\n|\n|-weather|SunnyDay|[upkeep]\n|-heal|p1a: Get in MY BELLY|32\/100 brn|[from] item: Leftovers\n|-damage|p1a: Get in MY BELLY|25\/100 brn|[from] brn\n|upkeep\n|turn|25\n|\n|t:|1700264544\n|move|p2a: Lilligant|Close Combat|p1a: Get in MY BELLY\n|-damage|p1a: Get in MY BELLY|0 fnt\n|-unboost|p2a: Lilligant|def|1\n|-unboost|p2a: Lilligant|spd|1\n|faint|p1a: Get in MY BELLY\n|-damage|p2a: Lilligant|34\/100|[from] item: Life Orb\n|\n|-weather|none\n|upkeep\n|\n|t:|1700264551\n|switch|p1a: Thy True Name|Baxcalibur, F|100\/100\n|turn|26\n|\n|t:|1700264556\n|switch|p2a: Sableye|Sableye, M|67\/100\n|move|p1a: Thy True Name|Ice Shard|p2a: Sableye\n|-damage|p2a: Sableye|36\/100\n|\n|upkeep\n|turn|27\n|\n|t:|1700264567\n|move|p1a: Thy True Name|Ice Shard|p2a: Sableye\n|-damage|p2a: Sableye|1\/100\n|move|p2a: Sableye|Sunny Day|p2a: Sableye\n|-weather|SunnyDay\n|\n|-weather|SunnyDay|[upkeep]\n|upkeep\n|turn|28\n|\n|t:|1700264579\n|move|p2a: Sableye|Will-O-Wisp|p1a: Thy True Name\n|-immune|p1a: Thy True Name|[from] ability: Thermal Exchange\n|move|p1a: Thy True Name|Icicle Spear|p2a: Sableye\n|-damage|p2a: Sableye|0 fnt\n|faint|p2a: Sableye\n|-hitcount|p2: Sableye|1\n|\n|-weather|SunnyDay|[upkeep]\n|upkeep\n|\n|t:|1700264587\n|switch|p2a: Lilligant|Lilligant-Hisui, F, shiny, tera:Fighting|34\/100\n|turn|29\n|\n|t:|1700264594\n|move|p1a: Thy True Name|Ice Shard|p2a: Lilligant\n|-damage|p2a: Lilligant|0 fnt\n|faint|p2a: Lilligant\n|\n|-weather|SunnyDay|[upkeep]\n|upkeep\n|\n|t:|1700264599\n|switch|p2a: Oh Hi There|Zoroark-Hisui, M, shiny|100\/100\n|turn|30\n|\n|t:|1700264605\n|move|p2a: Oh Hi There|Shadow Ball|p1a: Thy True Name\n|-damage|p1a: Thy True Name|34\/100\n|move|p1a: Thy True Name|Icicle Spear|p2a: Oh Hi There\n|-damage|p2a: Oh Hi There|71\/100\n|-damage|p2a: Oh Hi There|43\/100\n|-damage|p2a: Oh Hi There|12\/100\n|-damage|p2a: Oh Hi There|0 fnt\n|faint|p2a: Oh Hi There\n|-hitcount|p2: Oh Hi There|4\n|\n|win|BriefStar\n|l| Jam20Jam\n|j| Jam20Jam\n|l| Jam20Jam\n|l|\u2606BriefStar\n","uploadtime":1700264676,"views":8,"p1id":"briefstar","p2id":"lunchbox5536","formatid":"gen9nationaldexubers","rating":0,"private":0,"password":""}