{"id":"gen9nationaldexubers-1993855163","p1":"nateisneat","p2":"GraysonWaddell","format":"[Gen 9] National Dex Ubers","log":"|j|\u2606nateisneat\n|j|\u2606GraysonWaddell\n|t:|1700365780\n|gametype|singles\n|player|p1|nateisneat|janitor|\n|player|p2|GraysonWaddell|marlon|\n|teamsize|p1|6\n|teamsize|p2|6\n|gen|9\n|tier|[Gen 9] National Dex Ubers\n|rule|HP Percentage Mod: HP is shown in percentages\n|rule|Endless Battle Clause: Forcing endless battles is banned\n|rule|OHKO Clause: OHKO moves are banned\n|rule|Evasion Moves Clause: Evasion moves are banned\n|rule|Evasion Items Clause: Evasion items are banned\n|rule|Species Clause: Limit one of each Pok\u00e9mon\n|rule|Sleep Clause Mod: Limit one foe put to sleep\n|rule|Mega Rayquaza Clause: You cannot mega evolve Rayquaza\n|clearpoke\n|poke|p1|Muk, M|\n|poke|p1|Rhydon, M|\n|poke|p1|Scrafty, F|\n|poke|p1|Snorlax, M|\n|poke|p1|Aggron, F|\n|poke|p1|Zoroark, F|\n|poke|p2|Krookodile, M|\n|poke|p2|Whimsicott, M|\n|poke|p2|Garchomp, M|\n|poke|p2|Arceus|\n|poke|p2|Gothitelle, F|\n|poke|p2|Marowak, M|\n|teampreview\n|\n|t:|1700365796\n|start\n|switch|p1a: Scrafty|Scrafty, F|100\/100\n|switch|p2a: Krookodile|Krookodile, M|100\/100\n|turn|1\n|\n|t:|1700365805\n|move|p2a: Krookodile|Hone Claws|p2a: Krookodile\n|-boost|p2a: Krookodile|atk|1\n|-boost|p2a: Krookodile|accuracy|1\n|move|p1a: Scrafty|Dragon Dance|p1a: Scrafty\n|-boost|p1a: Scrafty|atk|1\n|-boost|p1a: Scrafty|spe|1\n|\n|upkeep\n|turn|2\n|\n|t:|1700365815\n|move|p1a: Scrafty|Dragon Dance|p1a: Scrafty\n|-boost|p1a: Scrafty|atk|1\n|-boost|p1a: Scrafty|spe|1\n|move|p2a: Krookodile|Earthquake|p1a: Scrafty\n|-damage|p1a: Scrafty|19\/100\n|\n|upkeep\n|turn|3\n|\n|t:|1700365822\n|move|p1a: Scrafty|Drain Punch|p2a: Krookodile\n|-supereffective|p2a: Krookodile\n|-damage|p2a: Krookodile|0 fnt\n|-heal|p1a: Scrafty|81\/100|[from] drain|[of] p2a: Krookodile\n|faint|p2a: Krookodile\n|-ability|p1a: Scrafty|Moxie|boost\n|-boost|p1a: Scrafty|atk|1\n|-damage|p1a: Scrafty|71\/100|[from] item: Life Orb\n|\n|upkeep\n|\n|t:|1700365849\n|switch|p2a: Whimsicott|Whimsicott, M|100\/100\n|turn|4\n|\n|t:|1700365856\n|move|p2a: Whimsicott|Leech Seed|p1a: Scrafty\n|-hint|Since gen 7, Dark is immune to Prankster moves.\n|-immune|p1a: Scrafty\n|move|p1a: Scrafty|Poison Jab|p2a: Whimsicott\n|-supereffective|p2a: Whimsicott\n|-enditem|p2a: Whimsicott|Focus Sash\n|-damage|p2a: Whimsicott|1\/100\n|-damage|p1a: Scrafty|61\/100|[from] item: Life Orb\n|\n|upkeep\n|turn|5\n|\n|t:|1700365879\n|move|p2a: Whimsicott|Tailwind|p2a: Whimsicott\n|-sidestart|p2: GraysonWaddell|move: Tailwind\n|move|p1a: Scrafty|Poison Jab|p2a: Whimsicott\n|-supereffective|p2a: Whimsicott\n|-damage|p2a: Whimsicott|0 fnt\n|faint|p2a: Whimsicott\n|-ability|p1a: Scrafty|Moxie|boost\n|-boost|p1a: Scrafty|atk|1\n|-damage|p1a: Scrafty|51\/100|[from] item: Life Orb\n|\n|upkeep\n|\n|t:|1700365895\n|switch|p2a: Gothitelle|Gothitelle, F|100\/100\n|turn|6\n|\n|t:|1700365899\n|move|p1a: Scrafty|Crunch|p2a: Gothitelle\n|-supereffective|p2a: Gothitelle\n|-damage|p2a: Gothitelle|0 fnt\n|faint|p2a: Gothitelle\n|-ability|p1a: Scrafty|Moxie|boost\n|-boost|p1a: Scrafty|atk|1\n|-damage|p1a: Scrafty|41\/100|[from] item: Life Orb\n|\n|upkeep\n|\n|t:|1700365918\n|switch|p2a: Garchomp|Garchomp, M|100\/100\n|turn|7\n|\n|t:|1700365923\n|move|p2a: Garchomp|Earthquake|p1a: Scrafty\n|-damage|p1a: Scrafty|0 fnt\n|faint|p1a: Scrafty\n|\n|upkeep\n|\n|t:|1700365934\n|switch|p1a: Snorlax|Snorlax, M|100\/100\n|turn|8\n|\n|t:|1700365938\n|move|p2a: Garchomp|Brick Break|p1a: Snorlax\n|-supereffective|p1a: Snorlax\n|-damage|p1a: Snorlax|51\/100\n|move|p1a: Snorlax|Body Slam|p2a: Garchomp\n|-damage|p2a: Garchomp|61\/100\n|-status|p2a: Garchomp|par\n|-damage|p1a: Snorlax|39\/100|[from] ability: Rough Skin|[of] p2a: Garchomp\n|-damage|p1a: Snorlax|22\/100|[from] item: Rocky Helmet|[of] p2a: Garchomp\n|\n|-heal|p1a: Snorlax|28\/100|[from] item: Leftovers\n|-sideend|p2: GraysonWaddell|move: Tailwind\n|upkeep\n|turn|9\n|\n|t:|1700365949\n|move|p2a: Garchomp|Brick Break|p1a: Snorlax\n|-supereffective|p1a: Snorlax\n|-damage|p1a: Snorlax|0 fnt\n|faint|p1a: Snorlax\n|\n|upkeep\n|\n|t:|1700365958\n|switch|p1a: Rhydon|Rhydon, M|100\/100\n|turn|10\n|\n|t:|1700365962\n|move|p1a: Rhydon|Rock Polish|p1a: Rhydon\n|-boost|p1a: Rhydon|spe|2\n|move|p2a: Garchomp|Earthquake|p1a: Rhydon\n|-supereffective|p1a: Rhydon\n|-damage|p1a: Rhydon|44\/100\n|\n|upkeep\n|turn|11\n|\n|t:|1700365969\n|move|p1a: Rhydon|Earthquake|p2a: Garchomp\n|-damage|p2a: Garchomp|8\/100 par\n|move|p2a: Garchomp|Earthquake|p1a: Rhydon\n|-supereffective|p1a: Rhydon\n|-damage|p1a: Rhydon|0 fnt\n|faint|p1a: Rhydon\n|\n|upkeep\n|\n|t:|1700365976\n|switch|p1a: Aggron|Aggron, F|100\/100\n|turn|12\n|\n|t:|1700365981\n|move|p2a: Garchomp|Brick Break|p1a: Aggron\n|-supereffective|p1a: Aggron\n|-damage|p1a: Aggron|37\/100\n|move|p1a: Aggron|Autotomize|p1a: Aggron\n|-boost|p1a: Aggron|spe|2\n|-start|p1a: Aggron|Autotomize\n|\n|-heal|p1a: Aggron|43\/100|[from] item: Leftovers\n|upkeep\n|turn|13\n|\n|t:|1700365992\n|move|p1a: Aggron|Earthquake|p2a: Garchomp\n|-damage|p2a: Garchomp|0 fnt\n|faint|p2a: Garchomp\n|\n|-heal|p1a: Aggron|49\/100|[from] item: Leftovers\n|upkeep\n|\n|t:|1700366000\n|switch|p2a: Marowak|Marowak, M|100\/100\n|turn|14\n|\n|t:|1700366007\n|move|p1a: Aggron|Earthquake|p2a: Marowak\n|-damage|p2a: Marowak|70\/100\n|move|p2a: Marowak|Stealth Rock|p1a: Aggron\n|-sidestart|p1: nateisneat|move: Stealth Rock\n|\n|-heal|p1a: Aggron|55\/100|[from] item: Leftovers\n|-heal|p2a: Marowak|76\/100|[from] item: Leftovers\n|upkeep\n|turn|15\n|\n|t:|1700366017\n|move|p1a: Aggron|Iron Head|p2a: Marowak\n|-damage|p2a: Marowak|38\/100\n|cant|p2a: Marowak|flinch\n|\n|-heal|p1a: Aggron|61\/100|[from] item: Leftovers\n|-heal|p2a: Marowak|44\/100|[from] item: Leftovers\n|upkeep\n|turn|16\n|\n|t:|1700366023\n|move|p1a: Aggron|Iron Head|p2a: Marowak\n|-damage|p2a: Marowak|11\/100\n|move|p2a: Marowak|Perish Song|p2a: Marowak\n|-start|p1a: Aggron|perish3|[silent]\n|-start|p2a: Marowak|perish3|[silent]\n|-fieldactivate|move: Perish Song\n|\n|-heal|p1a: Aggron|67\/100|[from] item: Leftovers\n|-heal|p2a: Marowak|17\/100|[from] item: Leftovers\n|-start|p1a: Aggron|perish3\n|-start|p2a: Marowak|perish3\n|upkeep\n|turn|17\n|\n|t:|1700366039\n|move|p1a: Aggron|Iron Head|p2a: Marowak\n|-damage|p2a: Marowak|0 fnt\n|faint|p2a: Marowak\n|\n|-heal|p1a: Aggron|73\/100|[from] item: Leftovers\n|-start|p1a: Aggron|perish2\n|upkeep\n|\n|t:|1700366046\n|switch|p2a: Arceus|Arceus|100\/100\n|turn|18\n|\n|t:|1700366049\n|move|p2a: Arceus|Swords Dance|p2a: Arceus\n|-boost|p2a: Arceus|atk|2\n|move|p1a: Aggron|Head Smash|p2a: Arceus\n|-damage|p2a: Arceus|51\/100\n|\n|-heal|p1a: Aggron|79\/100|[from] item: Leftovers\n|-start|p1a: Aggron|perish1\n|upkeep\n|turn|19\n|\n|t:|1700366065\n|move|p2a: Arceus|Swords Dance|p2a: Arceus\n|-boost|p2a: Arceus|atk|2\n|move|p1a: Aggron|Head Smash|p2a: Arceus\n|-damage|p2a: Arceus|0 fnt\n|faint|p2a: Arceus\n|\n|win|nateisneat\n|l|\u2606nateisneat\n","uploadtime":1700366093,"views":16,"p1id":"nateisneat","p2id":"graysonwaddell","formatid":"gen9nationaldexubers","rating":0,"private":0,"password":""}