{"id":"gen9nationaldexubers-1982320704","p1":"AGisgood\u82cd\u54cd\u4fa0","p2":"C0ld as Ice","format":"[Gen 9] National Dex Ubers","log":"|j|\u2606AGisgood\u82cd\u54cd\u4fa0\n|j|\u2606C0ld as Ice\n|t:|1698996862\n|gametype|singles\n|player|p1|AGisgood\u82cd\u54cd\u4fa0|cynthia-gen4|1614\n|player|p2|C0ld as Ice|schoolkid-gen4dp|1737\n|teamsize|p1|6\n|teamsize|p2|6\n|gen|9\n|tier|[Gen 9] National Dex Ubers\n|rated|\n|rule|HP Percentage Mod: HP is shown in percentages\n|rule|Endless Battle Clause: Forcing endless battles is banned\n|rule|OHKO Clause: OHKO moves are banned\n|rule|Evasion Moves Clause: Evasion moves are banned\n|rule|Evasion Items Clause: Evasion items are banned\n|rule|Species Clause: Limit one of each Pok\u00e9mon\n|rule|Sleep Clause Mod: Limit one foe put to sleep\n|rule|Mega Rayquaza Clause: You cannot mega evolve Rayquaza\n|clearpoke\n|poke|p1|Hatterene, F|\n|poke|p1|Cresselia, F|\n|poke|p1|Kyogre|\n|poke|p1|Calyrex-Ice|\n|poke|p1|Arceus|\n|poke|p1|Melmetal|\n|poke|p2|Arceus-Water|\n|poke|p2|Necrozma-Dusk-Mane|\n|poke|p2|Zygarde|\n|poke|p2|Groudon, L99|\n|poke|p2|Marshadow|\n|poke|p2|Yveltal|\n|teampreview\n|inactive|Battle timer is ON: inactive players will automatically lose when time's up. (requested by AGisgood\u82cd\u54cd\u4fa0)\n|inactive|C0ld as Ice also wants the timer to be on.\n|inactive|C0ld as Ice has 120 seconds left.\n|j| xinnobu\n|inactive|C0ld as Ice has 90 seconds left.\n|inactive|AGisgood\u82cd\u54cd\u4fa0 has 120 seconds left.\n|inactive|C0ld as Ice has 60 seconds left.\n|inactive|AGisgood\u82cd\u54cd\u4fa0 has 90 seconds left.\n|j| Elite Sabrina\n|inactive|C0ld as Ice has 30 seconds left.\n|j| XYStarshone.\u661f\u8000\n|inactive|C0ld as Ice has 20 seconds left.\n|inactive|C0ld as Ice has 15 seconds left.\n|c|\u2606AGisgood\u82cd\u54cd\u4fa0|wait\n|inactive|C0ld as Ice has 10 seconds left.\n|\n|t:|1698997007\n|start\n|switch|p1a: Melmetal|Melmetal|100\/100\n|switch|p2a: Yveltal|Yveltal, shiny|100\/100\n|-ability|p2a: Yveltal|Dark Aura\n|turn|1\n|inactive|AGisgood\u82cd\u54cd\u4fa0 has 120 seconds left.\n|inactive|C0ld as Ice has 60 seconds left.\n|j| KurumiTokisakilove\n|inactive|AGisgood\u82cd\u54cd\u4fa0 has 90 seconds left.\n|inactive|C0ld as Ice has 30 seconds left.\n|\n|t:|1698997068\n|move|p2a: Yveltal|U-turn|p1a: Melmetal\n|-resisted|p1a: Melmetal\n|-damage|p1a: Melmetal|95\/100\n|\n|t:|1698997072\n|switch|p2a: Arceus|Arceus-Water, shiny|100\/100|[from] U-turn\n|move|p1a: Melmetal|Double Iron Bash|p2a: Arceus\n|-resisted|p2a: Arceus\n|-damage|p2a: Arceus|79\/100\n|-resisted|p2a: Arceus\n|-damage|p2a: Arceus|59\/100\n|-hitcount|p2a: Arceus|2\n|\n|upkeep\n|turn|2\n|inactive|AGisgood\u82cd\u54cd\u4fa0 has 90 seconds left.\n|\n|t:|1698997080\n|switch|p1a: Hatterene|Hatterene, F|100\/100\n|move|p2a: Arceus|Judgment|p1a: Hatterene\n|-damage|p1a: Hatterene|61\/100\n|\n|upkeep\n|turn|3\n|\n|t:|1698997086\n|move|p2a: Arceus|Judgment|p1a: Hatterene\n|-damage|p1a: Hatterene|27\/100\n|move|p1a: Hatterene|Trick Room|p1a: Hatterene\n|-fieldstart|move: Trick Room|[of] p1a: Hatterene\n|\n|upkeep\n|turn|4\n|\n|t:|1698997091\n|move|p1a: Hatterene|Misty Explosion|p2a: Arceus\n|-damage|p2a: Arceus|26\/100\n|faint|p1a: Hatterene\n|move|p2a: Arceus|Recover|p2a: Arceus\n|-heal|p2a: Arceus|76\/100\n|\n|upkeep\n|l| KurumiTokisakilove\n|inactive|AGisgood\u82cd\u54cd\u4fa0 has 90 seconds left.\n|\n|t:|1698997122\n|switch|p1a: Calyrex|Calyrex-Ice|100\/100\n|-ability|p1a: Calyrex|As One\n|-ability|p1a: Calyrex|Unnerve\n|turn|5\n|\n|t:|1698997129\n|-terastallize|p1a: Calyrex|Ice\n|move|p1a: Calyrex|Glacial Lance|p2a: Arceus\n|-resisted|p2a: Arceus\n|-damage|p2a: Arceus|23\/100\n|move|p2a: Arceus|Recover|p2a: Arceus\n|-heal|p2a: Arceus|73\/100\n|\n|upkeep\n|turn|6\n|\n|t:|1698997134\n|move|p1a: Calyrex|Glacial Lance|p2a: Arceus\n|-resisted|p2a: Arceus\n|-damage|p2a: Arceus|20\/100\n|move|p2a: Arceus|Recover|p2a: Arceus\n|-heal|p2a: Arceus|70\/100\n|\n|upkeep\n|turn|7\n|\n|t:|1698997137\n|switch|p1a: Kyogre|Kyogre|100\/100\n|detailschange|p1a: Kyogre|Kyogre-Primal\n|-primal|p1a: Kyogre|Blue Orb\n|-weather|PrimordialSea|[from] ability: Primordial Sea|[of] p1a: Kyogre\n|move|p2a: Arceus|Recover|p2a: Arceus\n|-heal|p2a: Arceus|100\/100\n|\n|-weather|PrimordialSea|[upkeep]\n|-fieldend|move: Trick Room\n|upkeep\n|turn|8\n|\n|t:|1698997141\n|switch|p2a: Groudon|Groudon, L99, shiny|100\/100\n|detailschange|p2a: Groudon|Groudon-Primal, L99, shiny\n|-primal|p2a: Groudon|Red Orb\n|-weather|DesolateLand|[from] ability: Desolate Land|[of] p2a: Groudon\n|move|p1a: Kyogre|Ice Beam|p2a: Groudon\n|-damage|p2a: Groudon|67\/100\n|\n|-weather|DesolateLand|[upkeep]\n|upkeep\n|turn|9\n|\n|t:|1698997145\n|switch|p1a: Cresselia|Cresselia, F|100\/100\n|move|p2a: Groudon|Stealth Rock|p1a: Cresselia\n|-sidestart|p1: AGisgood\u82cd\u54cd\u4fa0|move: Stealth Rock\n|\n|-weather|DesolateLand|[upkeep]\n|upkeep\n|turn|10\n|\n|t:|1698997159\n|-weather|none\n|switch|p2a: Necrozma|Necrozma-Dusk-Mane, shiny|100\/100\n|move|p1a: Cresselia|Trick Room|p1a: Cresselia\n|-fieldstart|move: Trick Room|[of] p1a: Cresselia\n|\n|upkeep\n|turn|11\n|\n|t:|1698997165\n|switch|p1a: Kyogre|Kyogre-Primal|100\/100\n|-damage|p1a: Kyogre|88\/100|[from] Stealth Rock\n|-weather|PrimordialSea|[from] ability: Primordial Sea|[of] p1a: Kyogre\n|move|p2a: Necrozma|Dragon Dance|p2a: Necrozma\n|-boost|p2a: Necrozma|atk|1\n|-boost|p2a: Necrozma|spe|1\n|\n|-weather|PrimordialSea|[upkeep]\n|upkeep\n|turn|12\n|\n|t:|1698997168\n|switch|p2a: Groudon|Groudon-Primal, L99, shiny|67\/100\n|-weather|DesolateLand|[from] ability: Desolate Land|[of] p2a: Groudon\n|move|p1a: Kyogre|Water Spout||[still]\n|-fail|p1a: Kyogre|Water Spout|[from] Desolate Land\n|\n|-weather|DesolateLand|[upkeep]\n|upkeep\n|turn|13\n|\n|t:|1698997172\n|move|p2a: Groudon|Lava Plume|p1a: Kyogre\n|-resisted|p1a: Kyogre\n|-damage|p1a: Kyogre|72\/100\n|move|p1a: Kyogre|Ice Beam|p2a: Groudon\n|-crit|p2a: Groudon\n|-damage|p2a: Groudon|20\/100\n|\n|-weather|DesolateLand|[upkeep]\n|upkeep\n|turn|14\n|\n|t:|1698997176\n|move|p2a: Groudon|Precipice Blades|p1a: Kyogre\n|-damage|p1a: Kyogre|5\/100\n|move|p1a: Kyogre|Ice Beam|p2a: Groudon\n|-crit|p2a: Groudon\n|-damage|p2a: Groudon|0 fnt\n|faint|p2a: Groudon\n|-weather|none\n|\n|-fieldend|move: Trick Room\n|upkeep\n|\n|t:|1698997178\n|switch|p2a: Marshadow|Marshadow|100\/100\n|turn|15\n|\n|t:|1698997185\n|move|p2a: Marshadow|Pursuit|p1a: Kyogre\n|-crit|p1a: Kyogre\n|-damage|p1a: Kyogre|0 fnt\n|faint|p1a: Kyogre\n|\n|upkeep\n|\n|t:|1698997199\n|switch|p1a: Melmetal|Melmetal|95\/100\n|-damage|p1a: Melmetal|89\/100|[from] Stealth Rock\n|turn|16\n|\n|t:|1698997205\n|switch|p2a: Arceus|Arceus-Water, shiny|100\/100\n|move|p1a: Melmetal|Double Iron Bash|p2a: Arceus\n|-resisted|p2a: Arceus\n|-damage|p2a: Arceus|79\/100\n|-resisted|p2a: Arceus\n|-damage|p2a: Arceus|58\/100\n|-hitcount|p2a: Arceus|2\n|\n|upkeep\n|turn|17\n|\n|t:|1698997211\n|switch|p1a: Cresselia|Cresselia, F|100\/100\n|-damage|p1a: Cresselia|88\/100|[from] Stealth Rock\n|move|p2a: Arceus|Recover|p2a: Arceus\n|-heal|p2a: Arceus|100\/100\n|\n|upkeep\n|turn|18\n|\n|t:|1698997213\n|move|p2a: Arceus|Taunt|p1a: Cresselia\n|-start|p1a: Cresselia|move: Taunt\n|-enditem|p1a: Cresselia|Mental Herb\n|-end|p1a: Cresselia|move: Taunt\n|move|p1a: Cresselia|Trick Room|p1a: Cresselia\n|-fieldstart|move: Trick Room|[of] p1a: Cresselia\n|\n|upkeep\n|turn|19\n|\n|t:|1698997228\n|switch|p2a: Necrozma|Necrozma-Dusk-Mane, shiny|100\/100\n|move|p1a: Cresselia|Psychic|p2a: Necrozma\n|-resisted|p2a: Necrozma\n|-damage|p2a: Necrozma|97\/100\n|\n|upkeep\n|turn|20\n|\n|t:|1698997234\n|move|p1a: Cresselia|Lunar Dance|p1a: Cresselia\n|faint|p1a: Cresselia\n|move|p2a: Necrozma|Dragon Dance|p2a: Necrozma\n|-boost|p2a: Necrozma|atk|1\n|-boost|p2a: Necrozma|spe|1\n|\n|upkeep\n|\n|t:|1698997243\n|switch|p1a: Calyrex|Calyrex-Ice, tera:Ice|100\/100\n|-ability|p1a: Calyrex|As One\n|-ability|p1a: Calyrex|Unnerve\n|-heal|p1a: Calyrex|100\/100|[from] move: Lunar Dance\n|-damage|p1a: Calyrex|76\/100|[from] Stealth Rock\n|turn|21\n|\n|t:|1698997247\n|move|p1a: Calyrex|Glacial Lance|p2a: Necrozma\n|-resisted|p2a: Necrozma\n|-damage|p2a: Necrozma|42\/100\n|move|p2a: Necrozma|Sunsteel Strike|p1a: Calyrex\n|-supereffective|p1a: Calyrex\n|-damage|p1a: Calyrex|0 fnt\n|faint|p1a: Calyrex\n|\n|upkeep\n|\n|t:|1698997251\n|switch|p1a: Melmetal|Melmetal|89\/100\n|-damage|p1a: Melmetal|83\/100|[from] Stealth Rock\n|turn|22\n|\n|t:|1698997254\n|move|p1a: Melmetal|Double Iron Bash|p2a: Necrozma\n|-resisted|p2a: Necrozma\n|-damage|p2a: Necrozma|20\/100\n|-resisted|p2a: Necrozma\n|-damage|p2a: Necrozma|0 fnt\n|faint|p2a: Necrozma\n|-hitcount|p2: Necrozma|2\n|\n|-fieldend|move: Trick Room\n|upkeep\n|\n|t:|1698997259\n|switch|p2a: Marshadow|Marshadow|100\/100\n|turn|23\n|-message|AGisgood\u82cd\u54cd\u4fa0 forfeited.\n|\n|win|C0ld as Ice\n|raw|AGisgood\u82cd\u54cd\u4fa0's rating: 1614 &rarr; <strong>1601<\/strong><br \/>(-13 for losing)\n|raw|C0ld as Ice's rating: 1747 &rarr; <strong>1760<\/strong><br \/>(+13 for winning)\n|l|\u2606AGisgood\u82cd\u54cd\u4fa0\n|l| Elite Sabrina\n|l| xinnobu\n","uploadtime":1698997275,"views":17,"p1id":"agisgood","p2id":"c0ldasice","formatid":"gen9nationaldexubers","rating":1601,"private":0,"password":""}