{"id":"gen9nationaldexubers-1992678894","p1":"Mayler3131","p2":"hexagonereal","format":"[Gen 9] National Dex Ubers","log":"|j|\u2606Mayler3131\n|j|\u2606hexagonereal\n|t:|1700224273\n|gametype|singles\n|player|p1|Mayler3131|265|1488\n|player|p2|hexagonereal|cyrus|1573\n|teamsize|p1|6\n|teamsize|p2|6\n|gen|9\n|tier|[Gen 9] National Dex Ubers\n|rated|\n|rule|HP Percentage Mod: HP is shown in percentages\n|rule|Endless Battle Clause: Forcing endless battles is banned\n|rule|OHKO Clause: OHKO moves are banned\n|rule|Evasion Moves Clause: Evasion moves are banned\n|rule|Evasion Items Clause: Evasion items are banned\n|rule|Species Clause: Limit one of each Pok\u00e9mon\n|rule|Sleep Clause Mod: Limit one foe put to sleep\n|rule|Mega Rayquaza Clause: You cannot mega evolve Rayquaza\n|clearpoke\n|poke|p1|Blissey, F|\n|poke|p1|Giratina-Origin|\n|poke|p1|Zygarde|\n|poke|p1|Ho-Oh|\n|poke|p1|Toxapex, M|\n|poke|p1|Sableye, M|\n|poke|p2|Salamence, M|\n|poke|p2|Groudon|\n|poke|p2|Arceus-Dark|\n|poke|p2|Xerneas-*|\n|poke|p2|Ho-Oh|\n|poke|p2|Zacian-*|\n|teampreview\n|inactive|Battle timer is ON: inactive players will automatically lose when time's up. (requested by Mayler3131)\n|\n|t:|1700224305\n|start\n|switch|p1a: Giratina|Giratina-Origin|100\/100\n|switch|p2a: Snoop Dog|Zacian-Crowned|100\/100\n|-ability|p2a: Snoop Dog|Intrepid Sword|boost\n|-boost|p2a: Snoop Dog|atk|1\n|turn|1\n|\n|t:|1700224318\n|switch|p1a: Ho-Oh|Ho-Oh|100\/100\n|move|p2a: Snoop Dog|Behemoth Blade|p1a: Ho-Oh\n|-resisted|p1a: Ho-Oh\n|-damage|p1a: Ho-Oh|73\/100\n|\n|upkeep\n|turn|2\n|\n|t:|1700224325\n|move|p2a: Snoop Dog|Wild Charge|p1a: Ho-Oh\n|-supereffective|p1a: Ho-Oh\n|-damage|p1a: Ho-Oh|6\/100\n|-damage|p2a: Snoop Dog|79\/100|[from] Recoil\n|move|p1a: Ho-Oh|Sacred Fire|p2a: Snoop Dog\n|-supereffective|p2a: Snoop Dog\n|-damage|p2a: Snoop Dog|0 fnt\n|faint|p2a: Snoop Dog\n|\n|upkeep\n|\n|t:|1700224336\n|switch|p2a: Notorious D.O.N|Groudon|100\/100\n|detailschange|p2a: Notorious D.O.N|Groudon-Primal\n|-primal|p2a: Notorious D.O.N|Red Orb\n|-weather|DesolateLand|[from] ability: Desolate Land|[of] p2a: Notorious D.O.N\n|turn|3\n|\n|t:|1700224343\n|switch|p1a: Giratina|Giratina-Origin|100\/100\n|move|p2a: Notorious D.O.N|Stone Edge|p1a: Giratina\n|-damage|p1a: Giratina|77\/100\n|\n|-weather|DesolateLand|[upkeep]\n|upkeep\n|turn|4\n|\n|t:|1700224358\n|move|p2a: Notorious D.O.N|Will-O-Wisp|p1a: Giratina\n|-status|p1a: Giratina|brn\n|move|p1a: Giratina|Toxic|p2a: Notorious D.O.N\n|-status|p2a: Notorious D.O.N|tox\n|\n|-weather|DesolateLand|[upkeep]\n|-damage|p2a: Notorious D.O.N|94\/100 tox|[from] psn\n|-damage|p1a: Giratina|71\/100 brn|[from] brn\n|upkeep\n|turn|5\n|\n|t:|1700224369\n|-weather|none\n|switch|p2a: Ludarcis|Arceus-Dark|100\/100\n|move|p1a: Giratina|Draco Meteor|p2a: Ludarcis\n|-damage|p2a: Ludarcis|62\/100\n|-unboost|p1a: Giratina|spa|2\n|\n|-damage|p1a: Giratina|65\/100 brn|[from] brn\n|upkeep\n|turn|6\n|\n|t:|1700224395\n|switch|p2a: Notorious D.O.N|Groudon-Primal|94\/100 tox\n|-weather|DesolateLand|[from] ability: Desolate Land|[of] p2a: Notorious D.O.N\n|switch|p1a: Ho-Oh|Ho-Oh|39\/100\n|\n|-weather|DesolateLand|[upkeep]\n|-damage|p2a: Notorious D.O.N|88\/100 tox|[from] psn\n|upkeep\n|turn|7\n|\n|t:|1700224404\n|switch|p1a: Zygarde|Zygarde|100\/100\n|move|p2a: Notorious D.O.N|Stone Edge|p1a: Zygarde\n|-resisted|p1a: Zygarde\n|-damage|p1a: Zygarde|88\/100\n|\n|-weather|DesolateLand|[upkeep]\n|-heal|p1a: Zygarde|94\/100|[from] item: Leftovers\n|-damage|p2a: Notorious D.O.N|76\/100 tox|[from] psn\n|upkeep\n|turn|8\n|\n|t:|1700224412\n|switch|p1a: Giratina|Giratina-Origin|65\/100 brn\n|move|p2a: Notorious D.O.N|Will-O-Wisp|p1a: Giratina\n|-fail|p1a: Giratina|brn\n|\n|-weather|DesolateLand|[upkeep]\n|-damage|p2a: Notorious D.O.N|58\/100 tox|[from] psn\n|-damage|p1a: Giratina|58\/100 brn|[from] brn\n|upkeep\n|turn|9\n|\n|t:|1700224430\n|-weather|none\n|switch|p2a: Ludarcis|Arceus-Dark|62\/100\n|move|p1a: Giratina|Toxic|p2a: Ludarcis\n|-status|p2a: Ludarcis|tox\n|\n|-damage|p2a: Ludarcis|56\/100 tox|[from] psn\n|-damage|p1a: Giratina|52\/100 brn|[from] brn\n|upkeep\n|turn|10\n|\n|t:|1700224439\n|switch|p1a: Ho-Oh|Ho-Oh|72\/100\n|move|p2a: Ludarcis|Foul Play|p1a: Ho-Oh\n|-damage|p1a: Ho-Oh|39\/100\n|\n|-damage|p2a: Ludarcis|44\/100 tox|[from] psn\n|upkeep\n|turn|11\n|\n|t:|1700224446\n|switch|p1a: Toxapex|Toxapex, M|100\/100\n|move|p2a: Ludarcis|Recover|p2a: Ludarcis\n|-heal|p2a: Ludarcis|94\/100 tox\n|\n|-damage|p2a: Ludarcis|75\/100 tox|[from] psn\n|upkeep\n|turn|12\n|\n|t:|1700224454\n|move|p2a: Ludarcis|Taunt|p1a: Toxapex\n|-start|p1a: Toxapex|move: Taunt\n|move|p1a: Toxapex|Knock Off|p2a: Ludarcis\n|-resisted|p2a: Ludarcis\n|-damage|p2a: Ludarcis|73\/100 tox\n|\n|-damage|p2a: Ludarcis|48\/100 tox|[from] psn\n|upkeep\n|turn|13\n|\n|t:|1700224461\n|switch|p2a: Notorious D.O.N|Groudon-Primal|58\/100 tox\n|-weather|DesolateLand|[from] ability: Desolate Land|[of] p2a: Notorious D.O.N\n|move|p1a: Toxapex|Knock Off|p2a: Notorious D.O.N\n|-damage|p2a: Notorious D.O.N|52\/100 tox\n|\n|-weather|DesolateLand|[upkeep]\n|-damage|p2a: Notorious D.O.N|46\/100 tox|[from] psn\n|upkeep\n|turn|14\n|\n|t:|1700224469\n|switch|p1a: Giratina|Giratina-Origin|52\/100 brn\n|move|p2a: Notorious D.O.N|Stone Edge|p1a: Giratina\n|-damage|p1a: Giratina|28\/100 brn\n|\n|-weather|DesolateLand|[upkeep]\n|-damage|p2a: Notorious D.O.N|34\/100 tox|[from] psn\n|-damage|p1a: Giratina|22\/100 brn|[from] brn\n|upkeep\n|turn|15\n|\n|t:|1700224479\n|move|p2a: Notorious D.O.N|Stone Edge|p1a: Giratina\n|-damage|p1a: Giratina|0 fnt\n|faint|p1a: Giratina\n|\n|-weather|DesolateLand|[upkeep]\n|-damage|p2a: Notorious D.O.N|16\/100 tox|[from] psn\n|upkeep\n|\n|t:|1700224487\n|switch|p1a: Sableye|Sableye, M|100\/100\n|turn|16\n|\n|t:|1700224492\n|move|p1a: Sableye|Protect|p1a: Sableye\n|-singleturn|p1a: Sableye|Protect\n|move|p2a: Notorious D.O.N|Precipice Blades|p1a: Sableye\n|-activate|p1a: Sableye|move: Protect\n|\n|-weather|DesolateLand|[upkeep]\n|-damage|p2a: Notorious D.O.N|0 fnt|[from] psn\n|faint|p2a: Notorious D.O.N\n|-weather|none\n|upkeep\n|\n|t:|1700224506\n|switch|p2a: Ludarcis|Arceus-Dark|48\/100 tox\n|turn|17\n|\n|t:|1700224510\n|switch|p1a: Toxapex|Toxapex, M|100\/100\n|move|p2a: Ludarcis|Foul Play|p1a: Toxapex\n|-damage|p1a: Toxapex|84\/100\n|-damage|p2a: Ludarcis|32\/100 tox|[from] item: Rocky Helmet|[of] p1a: Toxapex\n|\n|-damage|p2a: Ludarcis|25\/100 tox|[from] psn\n|upkeep\n|turn|18\n|\n|t:|1700224518\n|move|p2a: Ludarcis|Recover|p2a: Ludarcis\n|-heal|p2a: Ludarcis|75\/100 tox\n|move|p1a: Toxapex|Knock Off|p2a: Ludarcis\n|-resisted|p2a: Ludarcis\n|-damage|p2a: Ludarcis|73\/100 tox\n|\n|-damage|p2a: Ludarcis|61\/100 tox|[from] psn\n|upkeep\n|turn|19\n|\n|t:|1700224533\n|switch|p2a: Drake|Salamence, M|100\/100\n|-ability|p2a: Drake|Intimidate|boost\n|-unboost|p1a: Toxapex|atk|1\n|move|p1a: Toxapex|Knock Off|p2a: Drake\n|-damage|p2a: Drake|91\/100\n|\n|upkeep\n|turn|20\n|\n|t:|1700224541\n|detailschange|p2a: Drake|Salamence-Mega, M\n|-mega|p2a: Drake|Salamence|Salamencite\n|move|p2a: Drake|Dragon Dance|p2a: Drake\n|-boost|p2a: Drake|atk|1\n|-boost|p2a: Drake|spe|1\n|move|p1a: Toxapex|Toxic|p2a: Drake\n|-status|p2a: Drake|tox\n|\n|-damage|p2a: Drake|85\/100 tox|[from] psn\n|upkeep\n|turn|21\n|\n|t:|1700224550\n|move|p2a: Drake|Frustration|p1a: Toxapex\n|-damage|p1a: Toxapex|15\/100\n|-damage|p2a: Drake|69\/100 tox|[from] item: Rocky Helmet|[of] p1a: Toxapex\n|move|p1a: Toxapex|Haze|p1a: Toxapex\n|-clearallboost\n|\n|-damage|p2a: Drake|57\/100 tox|[from] psn\n|upkeep\n|turn|22\n|\n|t:|1700224559\n|switch|p1a: Zygarde|Zygarde|94\/100\n|move|p2a: Drake|Frustration|p1a: Zygarde\n|-damage|p1a: Zygarde|56\/100\n|\n|-heal|p1a: Zygarde|62\/100|[from] item: Leftovers\n|-damage|p2a: Drake|39\/100 tox|[from] psn\n|upkeep\n|turn|23\n|\n|t:|1700224572\n|move|p2a: Drake|Frustration|p1a: Zygarde\n|-damage|p1a: Zygarde|20\/100\n|move|p1a: Zygarde|Coil|p1a: Zygarde\n|-boost|p1a: Zygarde|atk|1\n|-boost|p1a: Zygarde|def|1\n|-boost|p1a: Zygarde|accuracy|1\n|\n|-heal|p1a: Zygarde|26\/100|[from] item: Leftovers\n|-damage|p2a: Drake|14\/100 tox|[from] psn\n|-activate|p1a: Zygarde|ability: Power Construct\n|detailschange|p1a: Zygarde|Zygarde-Complete\n|-heal|p1a: Zygarde|51\/100|[silent]\n|upkeep\n|turn|24\n|\n|t:|1700224584\n|move|p2a: Drake|Frustration|p1a: Zygarde\n|-damage|p1a: Zygarde|35\/100\n|move|p1a: Zygarde|Thousand Arrows|p2a: Drake\n|-damage|p2a: Drake|0 fnt\n|faint|p2a: Drake\n|\n|-heal|p1a: Zygarde|41\/100|[from] item: Leftovers\n|upkeep\n|\n|t:|1700224593\n|switch|p2a: Ludarcis|Arceus-Dark|61\/100 tox\n|turn|25\n|\n|t:|1700224599\n|switch|p1a: Toxapex|Toxapex, M|48\/100\n|move|p2a: Ludarcis|Recover|p2a: Ludarcis\n|-heal|p2a: Ludarcis|100\/100 tox\n|\n|-damage|p2a: Ludarcis|94\/100 tox|[from] psn\n|upkeep\n|turn|26\n|\n|t:|1700224613\n|switch|p1a: Ho-Oh|Ho-Oh|72\/100\n|move|p2a: Ludarcis|Taunt|p1a: Ho-Oh\n|-start|p1a: Ho-Oh|move: Taunt\n|\n|-damage|p2a: Ludarcis|82\/100 tox|[from] psn\n|upkeep\n|turn|27\n|\n|t:|1700224622\n|switch|p1a: Toxapex|Toxapex, M|81\/100\n|move|p2a: Ludarcis|Toxic|p1a: Toxapex\n|-immune|p1a: Toxapex\n|\n|-damage|p2a: Ludarcis|64\/100 tox|[from] psn\n|upkeep\n|turn|28\n|\n|t:|1700224628\n|switch|p2a: Cardi B(ird)|Ho-Oh|100\/100\n|move|p1a: Toxapex|Knock Off|p2a: Cardi B(ird)\n|-damage|p2a: Cardi B(ird)|87\/100\n|-enditem|p2a: Cardi B(ird)|Heavy-Duty Boots|[from] move: Knock Off|[of] p1a: Toxapex\n|\n|upkeep\n|turn|29\n|\n|t:|1700224639\n|switch|p2a: Ludarcis|Arceus-Dark|64\/100 tox\n|move|p1a: Toxapex|Toxic|p2a: Ludarcis\n|-fail|p2a: Ludarcis|tox\n|\n|-damage|p2a: Ludarcis|58\/100 tox|[from] psn\n|upkeep\n|turn|30\n|\n|t:|1700224645\n|move|p2a: Ludarcis|Recover|p2a: Ludarcis\n|-heal|p2a: Ludarcis|100\/100 tox\n|move|p1a: Toxapex|Knock Off|p2a: Ludarcis\n|-resisted|p2a: Ludarcis\n|-damage|p2a: Ludarcis|98\/100 tox\n|\n|-damage|p2a: Ludarcis|86\/100 tox|[from] psn\n|upkeep\n|turn|31\n|\n|t:|1700224652\n|move|p2a: Ludarcis|Taunt|p1a: Toxapex\n|-start|p1a: Toxapex|move: Taunt\n|move|p1a: Toxapex|Knock Off|p2a: Ludarcis\n|-resisted|p2a: Ludarcis\n|-damage|p2a: Ludarcis|83\/100 tox\n|\n|-damage|p2a: Ludarcis|65\/100 tox|[from] psn\n|upkeep\n|turn|32\n|\n|t:|1700224669\n|switch|p2a: Cardi B(ird)|Ho-Oh|100\/100\n|switch|p1a: Blissey|Blissey, F|100\/100\n|\n|upkeep\n|turn|33\n|\n|t:|1700224678\n|switch|p1a: Ho-Oh|Ho-Oh|100\/100\n|move|p2a: Cardi B(ird)|Sacred Fire|p1a: Ho-Oh\n|-resisted|p1a: Ho-Oh\n|-damage|p1a: Ho-Oh|86\/100\n|\n|upkeep\n|turn|34\n|\n|t:|1700224685\n|move|p2a: Cardi B(ird)|Toxic|p1a: Ho-Oh\n|-status|p1a: Ho-Oh|tox\n|move|p1a: Ho-Oh|Toxic|p2a: Cardi B(ird)\n|-status|p2a: Cardi B(ird)|tox\n|\n|-damage|p2a: Cardi B(ird)|94\/100 tox|[from] psn\n|-damage|p1a: Ho-Oh|79\/100 tox|[from] psn\n|upkeep\n|turn|35\n|\n|t:|1700224695\n|switch|p1a: Toxapex|Toxapex, M|100\/100\n|switch|p2a: Ludarcis|Arceus-Dark|65\/100 tox\n|\n|-damage|p2a: Ludarcis|59\/100 tox|[from] psn\n|upkeep\n|turn|36\n|\n|t:|1700224708\n|move|p2a: Ludarcis|Taunt|p1a: Toxapex\n|-start|p1a: Toxapex|move: Taunt\n|move|p1a: Toxapex|Knock Off|p2a: Ludarcis\n|-resisted|p2a: Ludarcis\n|-damage|p2a: Ludarcis|56\/100 tox\n|\n|-damage|p2a: Ludarcis|44\/100 tox|[from] psn\n|upkeep\n|turn|37\n|\n|t:|1700224716\n|switch|p1a: Blissey|Blissey, F|100\/100\n|move|p2a: Ludarcis|Recover|p2a: Ludarcis\n|-heal|p2a: Ludarcis|94\/100 tox\n|\n|-damage|p2a: Ludarcis|75\/100 tox|[from] psn\n|upkeep\n|turn|38\n|\n|t:|1700224724\n|move|p2a: Ludarcis|Taunt|p1a: Blissey\n|-start|p1a: Blissey|move: Taunt\n|cant|p1a: Blissey|move: Taunt|Stealth Rock\n|\n|-damage|p2a: Ludarcis|51\/100 tox|[from] psn\n|upkeep\n|turn|39\n|\n|t:|1700224731\n|switch|p2a: Lil Neas X|Xerneas|100\/100\n|-ability|p2a: Lil Neas X|Fairy Aura\n|switch|p1a: Toxapex|Toxapex, M|100\/100\n|\n|upkeep\n|turn|40\n|\n|t:|1700224738\n|move|p2a: Lil Neas X|Substitute|p2a: Lil Neas X\n|-start|p2a: Lil Neas X|Substitute\n|-damage|p2a: Lil Neas X|76\/100\n|move|p1a: Toxapex|Toxic||[still]\n|-fail|p1a: Toxapex\n|\n|upkeep\n|turn|41\n|\n|t:|1700224757\n|switch|p1a: Ho-Oh|Ho-Oh|100\/100 tox\n|-terastallize|p2a: Lil Neas X|Electric\n|move|p2a: Lil Neas X|Thunder|p1a: Ho-Oh\n|-supereffective|p1a: Ho-Oh\n|-damage|p1a: Ho-Oh|37\/100 tox\n|\n|-damage|p1a: Ho-Oh|31\/100 tox|[from] psn\n|upkeep\n|turn|42\n|\n|t:|1700224770\n|switch|p1a: Blissey|Blissey, F|100\/100\n|move|p2a: Lil Neas X|Thunder|p1a: Blissey\n|-damage|p1a: Blissey|83\/100\n|\n|-heal|p1a: Blissey|89\/100|[from] item: Leftovers\n|upkeep\n|turn|43\n|\n|t:|1700224780\n|move|p2a: Lil Neas X|Geomancy||[still]\n|-prepare|p2a: Lil Neas X|Geomancy\n|-enditem|p2a: Lil Neas X|Power Herb\n|-anim|p2a: Lil Neas X|Geomancy|p2a: Lil Neas X\n|-boost|p2a: Lil Neas X|spa|2\n|-boost|p2a: Lil Neas X|spd|2\n|-boost|p2a: Lil Neas X|spe|2\n|move|p1a: Blissey|Confide|p2a: Lil Neas X\n|-unboost|p2a: Lil Neas X|spa|1\n|\n|-heal|p1a: Blissey|96\/100|[from] item: Leftovers\n|upkeep\n|turn|44\n|\n|t:|1700224791\n|move|p2a: Lil Neas X|Moonblast|p1a: Blissey\n|-damage|p1a: Blissey|67\/100\n|move|p1a: Blissey|Confide|p2a: Lil Neas X\n|-unboost|p2a: Lil Neas X|spa|1\n|\n|-heal|p1a: Blissey|73\/100|[from] item: Leftovers\n|upkeep\n|turn|45\n|\n|t:|1700224799\n|move|p2a: Lil Neas X|Thunder|p1a: Blissey\n|-damage|p1a: Blissey|58\/100\n|-status|p1a: Blissey|par\n|cant|p1a: Blissey|par\n|\n|-heal|p1a: Blissey|64\/100 par|[from] item: Leftovers\n|upkeep\n|turn|46\n|\n|t:|1700224812\n|move|p2a: Lil Neas X|Geomancy||[still]\n|-prepare|p2a: Lil Neas X|Geomancy\n|move|p1a: Blissey|Soft-Boiled|p1a: Blissey\n|-heal|p1a: Blissey|100\/100 par\n|\n|upkeep\n|turn|47\n|\n|t:|1700224817\n|move|p2a: Lil Neas X|Geomancy|p2a: Lil Neas X|[from]lockedmove\n|-boost|p2a: Lil Neas X|spa|2\n|-boost|p2a: Lil Neas X|spd|2\n|-boost|p2a: Lil Neas X|spe|2\n|move|p1a: Blissey|Confide|p2a: Lil Neas X\n|-unboost|p2a: Lil Neas X|spa|1\n|\n|upkeep\n|turn|48\n|\n|t:|1700224824\n|move|p2a: Lil Neas X|Moonblast|p1a: Blissey\n|-damage|p1a: Blissey|73\/100 par\n|-unboost|p1a: Blissey|spa|1\n|move|p1a: Blissey|Confide|p2a: Lil Neas X\n|-unboost|p2a: Lil Neas X|spa|1\n|\n|-heal|p1a: Blissey|79\/100 par|[from] item: Leftovers\n|upkeep\n|turn|49\n|\n|t:|1700224832\n|-curestatus|p1a: Blissey|par|[from] ability: Natural Cure\n|switch|p1a: Ho-Oh|Ho-Oh|64\/100 tox\n|move|p2a: Lil Neas X|Moonblast|p1a: Ho-Oh\n|-resisted|p1a: Ho-Oh\n|-damage|p1a: Ho-Oh|45\/100 tox\n|\n|-damage|p1a: Ho-Oh|39\/100 tox|[from] psn\n|upkeep\n|turn|50\n|\n|t:|1700224843\n|switch|p1a: Blissey|Blissey, F|79\/100\n|move|p2a: Lil Neas X|Thunder|p1a: Blissey\n|-damage|p1a: Blissey|62\/100\n|-status|p1a: Blissey|par\n|\n|-heal|p1a: Blissey|68\/100 par|[from] item: Leftovers\n|upkeep\n|turn|51\n|\n|t:|1700224852\n|-curestatus|p1a: Blissey|par|[from] ability: Natural Cure\n|switch|p1a: Toxapex|Toxapex, M|100\/100\n|move|p2a: Lil Neas X|Moonblast|p1a: Toxapex\n|-resisted|p1a: Toxapex\n|-damage|p1a: Toxapex|73\/100\n|-unboost|p1a: Toxapex|spa|1\n|\n|upkeep\n|turn|52\n|\n|t:|1700224861\n|move|p2a: Lil Neas X|Thunder|p1a: Toxapex|[miss]\n|-miss|p2a: Lil Neas X|p1a: Toxapex\n|move|p1a: Toxapex|Haze|p1a: Toxapex\n|-clearallboost\n|\n|upkeep\n|turn|53\n|\n|t:|1700224869\n|switch|p1a: Blissey|Blissey, F|68\/100\n|move|p2a: Lil Neas X|Geomancy||[still]\n|-prepare|p2a: Lil Neas X|Geomancy\n|\n|-heal|p1a: Blissey|74\/100|[from] item: Leftovers\n|upkeep\n|turn|54\n|\n|t:|1700224875\n|move|p2a: Lil Neas X|Geomancy|p2a: Lil Neas X|[from]lockedmove\n|-boost|p2a: Lil Neas X|spa|2\n|-boost|p2a: Lil Neas X|spd|2\n|-boost|p2a: Lil Neas X|spe|2\n|move|p1a: Blissey|Confide|p2a: Lil Neas X\n|-unboost|p2a: Lil Neas X|spa|1\n|\n|-heal|p1a: Blissey|80\/100|[from] item: Leftovers\n|upkeep\n|turn|55\n|\n|t:|1700224884\n|move|p2a: Lil Neas X|Moonblast|p1a: Blissey\n|-damage|p1a: Blissey|54\/100\n|move|p1a: Blissey|Confide|p2a: Lil Neas X\n|-unboost|p2a: Lil Neas X|spa|1\n|\n|-heal|p1a: Blissey|60\/100|[from] item: Leftovers\n|upkeep\n|turn|56\n|\n|t:|1700224892\n|move|p2a: Lil Neas X|Thunder|p1a: Blissey\n|-damage|p1a: Blissey|44\/100\n|move|p1a: Blissey|Soft-Boiled|p1a: Blissey\n|-heal|p1a: Blissey|94\/100\n|\n|-heal|p1a: Blissey|100\/100|[from] item: Leftovers\n|upkeep\n|turn|57\n|-message|hexagonereal forfeited.\n|\n|win|Mayler3131\n|raw|Mayler3131's rating: 1488 &rarr; <strong>1513<\/strong><br \/>(+25 for winning)\n|raw|hexagonereal's rating: 1573 &rarr; <strong>1548<\/strong><br \/>(-25 for losing)\n|l|\u2606hexagonereal\n|l|\u2606Mayler3131\n","uploadtime":1700224985,"views":7,"p1id":"mayler3131","p2id":"hexagonereal","formatid":"gen9nationaldexubers","rating":1513,"private":0,"password":""}