{"id":"gen9nationaldexubers-1991946852","p1":"JustMonika_CARR","p2":"saintsaffier","format":"[Gen 9] National Dex Ubers","log":"|j|\u2606JustMonika_CARR\n|j|\u2606saintsaffier\n|t:|1700141339\n|gametype|singles\n|player|p1|JustMonika_CARR|rosa|1528\n|player|p2|saintsaffier|102|1361\n|teamsize|p1|6\n|teamsize|p2|6\n|gen|9\n|tier|[Gen 9] National Dex Ubers\n|rated|\n|rule|HP Percentage Mod: HP is shown in percentages\n|rule|Endless Battle Clause: Forcing endless battles is banned\n|rule|OHKO Clause: OHKO moves are banned\n|rule|Evasion Moves Clause: Evasion moves are banned\n|rule|Evasion Items Clause: Evasion items are banned\n|rule|Species Clause: Limit one of each Pok\u00e9mon\n|rule|Sleep Clause Mod: Limit one foe put to sleep\n|rule|Mega Rayquaza Clause: You cannot mega evolve Rayquaza\n|clearpoke\n|poke|p1|Marshadow|\n|poke|p1|Lopunny, F|\n|poke|p1|Dialga|\n|poke|p1|Forretress, F|\n|poke|p1|Pheromosa|\n|poke|p1|Grimmsnarl, M|\n|poke|p2|Marshadow|\n|poke|p2|Roaring Moon|\n|poke|p2|Shaymin-Sky|\n|poke|p2|Alomomola, F|\n|poke|p2|Regieleki|\n|poke|p2|Banette, M|\n|teampreview\n|inactive|Battle timer is ON: inactive players will automatically lose when time's up. (requested by saintsaffier)\n|\n|t:|1700141349\n|start\n|switch|p1a: Forretress|Forretress, F, shiny|100\/100\n|switch|p2a: R - Dawg|Regieleki|100\/100\n|turn|1\n|c|\u2606JustMonika_CARR|Hey sh\n|\n|t:|1700141357\n|move|p2a: R - Dawg|Thunder Wave|p1a: Forretress\n|-status|p1a: Forretress|par\n|move|p1a: Forretress|Toxic Spikes|p2a: R - Dawg\n|-sidestart|p2: saintsaffier|move: Toxic Spikes\n|\n|upkeep\n|turn|2\n|c|\u2606saintsaffier|didnt i fight u already\n|\n|t:|1700141365\n|move|p2a: R - Dawg|Volt Switch|p1a: Forretress\n|-damage|p1a: Forretress|19\/100 par\n|-enditem|p1a: Forretress|Red Card|[of] p2a: R - Dawg\n|drag|p2a: B - Dawg|Banette, M|100\/100\n|-status|p2a: B - Dawg|psn\n|move|p1a: Forretress|Toxic Spikes|p2a: B - Dawg\n|-sidestart|p2: saintsaffier|move: Toxic Spikes\n|\n|-damage|p2a: B - Dawg|88\/100 psn|[from] psn\n|upkeep\n|turn|3\n|\n|t:|1700141376\n|detailschange|p2a: B - Dawg|Banette-Mega, M\n|-mega|p2a: B - Dawg|Banette|Banettite\n|move|p2a: B - Dawg|Poltergeist||[still]\n|-fail|p2a: B - Dawg\n|move|p1a: Forretress|Stealth Rock|p2a: B - Dawg\n|-sidestart|p2: saintsaffier|move: Stealth Rock\n|\n|-damage|p2a: B - Dawg|76\/100 psn|[from] psn\n|upkeep\n|turn|4\n|\n|t:|1700141386\n|move|p2a: B - Dawg|Encore|p1a: Forretress\n|-start|p1a: Forretress|Encore\n|move|p1a: Forretress|Stealth Rock||[still]\n|-fail|p1a: Forretress\n|\n|-damage|p2a: B - Dawg|64\/100 psn|[from] psn\n|upkeep\n|turn|5\n|\n|t:|1700141395\n|switch|p1a: Grimmsnarl|Grimmsnarl, M, shiny|100\/100\n|move|p2a: B - Dawg|Poltergeist|p1a: Grimmsnarl\n|-activate|p1a: Grimmsnarl|move: Poltergeist|Leftovers\n|-resisted|p1a: Grimmsnarl\n|-damage|p1a: Grimmsnarl|60\/100\n|\n|-heal|p1a: Grimmsnarl|66\/100|[from] item: Leftovers\n|-damage|p2a: B - Dawg|52\/100 psn|[from] psn\n|upkeep\n|turn|6\n|\n|t:|1700141408\n|switch|p2a: R - Dawg|Regieleki|100\/100\n|-status|p2a: R - Dawg|tox\n|-damage|p2a: R - Dawg|88\/100 tox|[from] Stealth Rock\n|switch|p1a: Forretress|Forretress, F, shiny|19\/100 par\n|\n|-damage|p2a: R - Dawg|82\/100 tox|[from] psn\n|upkeep\n|turn|7\n|\n|t:|1700141418\n|switch|p1a: Marshadow|Marshadow|100\/100\n|move|p2a: R - Dawg|Rapid Spin|p1a: Marshadow\n|-immune|p1a: Marshadow\n|\n|-damage|p2a: R - Dawg|70\/100 tox|[from] psn\n|upkeep\n|turn|8\n|\n|t:|1700141428\n|move|p2a: R - Dawg|Thunder Wave|p1a: Marshadow\n|-status|p1a: Marshadow|par\n|move|p1a: Marshadow|Spectral Thief|p2a: R - Dawg\n|-damage|p2a: R - Dawg|0 fnt\n|faint|p2a: R - Dawg\n|\n|upkeep\n|\n|t:|1700141440\n|switch|p2a: S - Dawg|Shaymin-Sky, shiny|100\/100\n|-damage|p2a: S - Dawg|76\/100|[from] Stealth Rock\n|turn|9\n|\n|t:|1700141445\n|move|p1a: Marshadow|Shadow Sneak|p2a: S - Dawg\n|-damage|p2a: S - Dawg|33\/100\n|move|p2a: S - Dawg|Air Slash|p1a: Marshadow\n|-supereffective|p1a: Marshadow\n|-damage|p1a: Marshadow|18\/100 par\n|\n|upkeep\n|turn|10\n|\n|t:|1700141451\n|move|p1a: Marshadow|Shadow Sneak|p2a: S - Dawg\n|-damage|p2a: S - Dawg|0 fnt\n|faint|p2a: S - Dawg\n|\n|upkeep\n|\n|t:|1700141457\n|switch|p2a: B - Dawg|Banette-Mega, M|52\/100 psn\n|-damage|p2a: B - Dawg|40\/100 psn|[from] Stealth Rock\n|turn|11\n|\n|t:|1700141463\n|switch|p1a: Lopunny|Lopunny, F, shiny|100\/100\n|move|p2a: B - Dawg|Poltergeist|p1a: Lopunny\n|-immune|p1a: Lopunny\n|\n|-damage|p2a: B - Dawg|27\/100 psn|[from] psn\n|upkeep\n|turn|12\n|-message|saintsaffier forfeited.\n|\n|win|JustMonika_CARR\n|raw|JustMonika_CARR's rating: 1528 &rarr; <strong>1539<\/strong><br \/>(+11 for winning)\n|raw|saintsaffier's rating: 1361 &rarr; <strong>1350<\/strong><br \/>(-11 for losing)\n|l|\u2606saintsaffier\n","uploadtime":1700141477,"views":7,"p1id":"justmonikacarr","p2id":"saintsaffier","formatid":"gen9nationaldexubers","rating":1350,"private":0,"password":""}