{"id":"gen9nationaldexubers-1986479175","p1":"Rhyfinn sr.","p2":"magic mike gif","format":"[Gen 9] National Dex Ubers","log":"|j|\u2606Rhyfinn sr.\n|j|\u2606magic mike gif\n|t:|1699483230\n|gametype|singles\n|player|p1|Rhyfinn sr.|170|1180\n|player|p2|magic mike gif|kieran|1128\n|teamsize|p1|6\n|teamsize|p2|6\n|gen|9\n|tier|[Gen 9] National Dex Ubers\n|rated|\n|rule|HP Percentage Mod: HP is shown in percentages\n|rule|Endless Battle Clause: Forcing endless battles is banned\n|rule|OHKO Clause: OHKO moves are banned\n|rule|Evasion Moves Clause: Evasion moves are banned\n|rule|Evasion Items Clause: Evasion items are banned\n|rule|Species Clause: Limit one of each Pok\u00e9mon\n|rule|Sleep Clause Mod: Limit one foe put to sleep\n|rule|Mega Rayquaza Clause: You cannot mega evolve Rayquaza\n|clearpoke\n|poke|p1|Groudon|\n|poke|p1|Ho-Oh|\n|poke|p1|Xerneas-*|\n|poke|p1|Marshadow|\n|poke|p1|Necrozma-Dusk-Mane|\n|poke|p1|Palkia|\n|poke|p2|Blaziken, M|\n|poke|p2|Kingambit, F|\n|poke|p2|Zamazenta-*|\n|poke|p2|Groudon|\n|poke|p2|Ledyba, M|\n|poke|p2|Reshiram|\n|teampreview\n|inactive|Battle timer is ON: inactive players will automatically lose when time's up. (requested by magic mike gif)\n|\n|t:|1699483246\n|start\n|switch|p1a: Groudon|Groudon|100\/100\n|switch|p2a: bimmy|Ledyba, M|100\/100\n|detailschange|p1a: Groudon|Groudon-Primal\n|-primal|p1a: Groudon|Red Orb\n|-weather|DesolateLand|[from] ability: Desolate Land|[of] p1a: Groudon\n|turn|1\n|\n|t:|1699483254\n|move|p1a: Groudon|Flamethrower|p2a: bimmy\n|-supereffective|p2a: bimmy\n|-enditem|p2a: bimmy|Focus Sash\n|-damage|p2a: bimmy|1\/100\n|move|p2a: bimmy|Counter||[still]\n|-fail|p2a: bimmy\n|\n|-weather|DesolateLand|[upkeep]\n|upkeep\n|turn|2\n|\n|t:|1699483259\n|move|p1a: Groudon|Rock Polish|p1a: Groudon\n|-boost|p1a: Groudon|spe|2\n|move|p2a: bimmy|Encore|p1a: Groudon\n|-start|p1a: Groudon|Encore\n|\n|-weather|DesolateLand|[upkeep]\n|upkeep\n|turn|3\n|j| StupidusRex\n|\n|t:|1699483267\n|-weather|none\n|switch|p1a: Ho-Oh|Ho-Oh|100\/100\n|move|p2a: bimmy|Toxic|p1a: Ho-Oh\n|-status|p1a: Ho-Oh|tox\n|\n|-damage|p1a: Ho-Oh|94\/100 tox|[from] psn\n|upkeep\n|turn|4\n|\n|t:|1699483274\n|move|p1a: Ho-Oh|Sacred Fire|p2a: bimmy\n|-supereffective|p2a: bimmy\n|-crit|p2a: bimmy\n|-damage|p2a: bimmy|0 fnt\n|faint|p2a: bimmy\n|\n|-damage|p1a: Ho-Oh|82\/100 tox|[from] psn\n|upkeep\n|\n|t:|1699483279\n|switch|p2a: Blaziken|Blaziken, M|100\/100\n|turn|5\n|\n|t:|1699483286\n|switch|p1a: Palkia|Palkia|100\/100\n|-ability|p1a: Palkia|Pressure\n|move|p2a: Blaziken|Protect||[still]\n|-fail|p2a: Blaziken\n|\n|-ability|p2a: Blaziken|Speed Boost|boost\n|-boost|p2a: Blaziken|spe|1\n|upkeep\n|turn|6\n|\n|t:|1699483292\n|switch|p2a: Groudon|Groudon|100\/100\n|detailschange|p2a: Groudon|Groudon-Primal\n|-primal|p2a: Groudon|Red Orb\n|-weather|DesolateLand|[from] ability: Desolate Land|[of] p2a: Groudon\n|move|p1a: Palkia|Hydro Pump||[still]\n|-fail|p1a: Palkia|Hydro Pump|[from] Desolate Land\n|\n|-weather|DesolateLand|[upkeep]\n|upkeep\n|turn|7\n|\n|t:|1699483299\n|switch|p1a: Ho-Oh|Ho-Oh|100\/100 tox\n|move|p2a: Groudon|Mimic||[still]\n|-fail|p2a: Groudon\n|\n|-weather|DesolateLand|[upkeep]\n|-damage|p1a: Ho-Oh|94\/100 tox|[from] psn\n|upkeep\n|turn|8\n|\n|t:|1699483307\n|move|p2a: Groudon|Mimic||[still]\n|-fail|p2a: Groudon\n|move|p1a: Ho-Oh|Whirlwind|p2a: Groudon\n|-weather|none\n|drag|p2a: goddambit|Kingambit, F|100\/100\n|-ability|p2a: goddambit|Pressure\n|\n|-damage|p1a: Ho-Oh|82\/100 tox|[from] psn\n|upkeep\n|turn|9\n|\n|t:|1699483314\n|-terastallize|p2a: goddambit|Water\n|move|p1a: Ho-Oh|Will-O-Wisp|p2a: goddambit\n|-status|p2a: goddambit|brn\n|move|p2a: goddambit|Mean Look|p1a: Ho-Oh\n|-activate|p1a: Ho-Oh|trapped\n|\n|-damage|p1a: Ho-Oh|64\/100 tox|[from] psn\n|-damage|p2a: goddambit|94\/100 brn|[from] brn\n|upkeep\n|turn|10\n|\n|t:|1699483323\n|move|p2a: goddambit|Iron Defense|p2a: goddambit\n|-boost|p2a: goddambit|def|2\n|move|p1a: Ho-Oh|Whirlwind|p2a: goddambit\n|drag|p2a: Blaziken|Blaziken, M|100\/100\n|\n|-damage|p1a: Ho-Oh|40\/100 tox|[from] psn\n|upkeep\n|turn|11\n|\n|t:|1699483329\n|switch|p1a: Palkia|Palkia|100\/100\n|-ability|p1a: Palkia|Pressure\n|move|p2a: Blaziken|Protect||[still]\n|-fail|p2a: Blaziken\n|\n|-ability|p2a: Blaziken|Speed Boost|boost\n|-boost|p2a: Blaziken|spe|1\n|upkeep\n|turn|12\n|\n|t:|1699483339\n|move|p2a: Blaziken|Protect|p2a: Blaziken\n|-singleturn|p2a: Blaziken|Protect\n|move|p1a: Palkia|Draco Meteor|p2a: Blaziken\n|-activate|p2a: Blaziken|move: Protect\n|\n|-ability|p2a: Blaziken|Speed Boost|boost\n|-boost|p2a: Blaziken|spe|1\n|upkeep\n|turn|13\n|\n|t:|1699483345\n|-zpower|p2a: Blaziken\n|move|p2a: Blaziken|Z-Mirror Move|p1a: Palkia|[anim]Mirror Move\n|-boost|p2a: Blaziken|atk|2|[zeffect]\n|move|p2a: Blaziken|Devastating Drake|p1a: Palkia|[from]move: Mirror Move\n|-supereffective|p1a: Palkia\n|-damage|p1a: Palkia|18\/100\n|move|p1a: Palkia|Draco Meteor|p2a: Blaziken\n|-damage|p2a: Blaziken|0 fnt\n|-unboost|p1a: Palkia|spa|2\n|faint|p2a: Blaziken\n|\n|upkeep\n|\n|t:|1699483354\n|switch|p2a: Groudon|Groudon-Primal|100\/100\n|-weather|DesolateLand|[from] ability: Desolate Land|[of] p2a: Groudon\n|turn|14\n|\n|t:|1699483360\n|switch|p1a: Ho-Oh|Ho-Oh|74\/100 tox\n|move|p2a: Groudon|Mimic||[still]\n|-fail|p2a: Groudon\n|\n|-weather|DesolateLand|[upkeep]\n|-damage|p1a: Ho-Oh|67\/100 tox|[from] psn\n|upkeep\n|turn|15\n|\n|t:|1699483376\n|switch|p1a: Palkia|Palkia|18\/100\n|-ability|p1a: Palkia|Pressure\n|move|p2a: Groudon|Stealth Rock|p1a: Palkia\n|-sidestart|p1: Rhyfinn sr.|move: Stealth Rock\n|\n|-weather|DesolateLand|[upkeep]\n|upkeep\n|turn|16\n|\n|t:|1699483387\n|move|p1a: Palkia|Draco Meteor|p2a: Groudon\n|-damage|p2a: Groudon|25\/100\n|-unboost|p1a: Palkia|spa|2\n|move|p2a: Groudon|Earthquake|p1a: Palkia\n|-damage|p1a: Palkia|0 fnt\n|faint|p1a: Palkia\n|\n|-weather|DesolateLand|[upkeep]\n|upkeep\n|\n|t:|1699483403\n|switch|p1a: Groudon|Groudon-Primal|100\/100\n|-damage|p1a: Groudon|88\/100|[from] Stealth Rock\n|turn|17\n|\n|t:|1699483409\n|move|p1a: Groudon|Rock Polish|p1a: Groudon\n|-boost|p1a: Groudon|spe|2\n|move|p2a: Groudon|Earthquake|p1a: Groudon\n|-supereffective|p1a: Groudon\n|-damage|p1a: Groudon|7\/100\n|\n|-weather|DesolateLand|[upkeep]\n|upkeep\n|turn|18\n|\n|t:|1699483413\n|move|p1a: Groudon|Earth Power|p2a: Groudon\n|-supereffective|p2a: Groudon\n|-damage|p2a: Groudon|0 fnt\n|faint|p2a: Groudon\n|\n|-weather|DesolateLand|[upkeep]\n|upkeep\n|\n|t:|1699483418\n|switch|p2a: Zamazenta|Zamazenta-Crowned|100\/100\n|-ability|p2a: Zamazenta|Dauntless Shield|boost\n|-boost|p2a: Zamazenta|def|1\n|turn|19\n|\n|t:|1699483421\n|move|p1a: Groudon|Flamethrower|p2a: Zamazenta\n|-supereffective|p2a: Zamazenta\n|-damage|p2a: Zamazenta|0 fnt\n|faint|p2a: Zamazenta\n|\n|-weather|DesolateLand|[upkeep]\n|upkeep\n|-message|magic mike gif forfeited.\n|\n|win|Rhyfinn sr.\n|raw|Rhyfinn sr.'s rating: 1180 &rarr; <strong>1201<\/strong><br \/>(+21 for winning)\n|raw|magic mike gif's rating: 1128 &rarr; <strong>1107<\/strong><br \/>(-21 for losing)\n|l|\u2606magic mike gif\n","uploadtime":1699483431,"views":4,"p1id":"rhyfinnsr","p2id":"magicmikegif","formatid":"gen9nationaldexubers","rating":1107,"private":0,"password":""}