{"id":"gen9nationaldexubers-1994336640","p1":"lavendertliepards","p2":"Adelaide30scizors","format":"[Gen 9] National Dex Ubers","log":"|j|\u2606lavendertliepards\n|j|\u2606Adelaide30scizors\n|t:|1700432493\n|gametype|singles\n|player|p1|lavendertliepards|swimmer|\n|player|p2|Adelaide30scizors|teamrocket|\n|teamsize|p1|6\n|teamsize|p2|6\n|gen|9\n|tier|[Gen 9] National Dex Ubers\n|rule|HP Percentage Mod: HP is shown in percentages\n|rule|Endless Battle Clause: Forcing endless battles is banned\n|rule|OHKO Clause: OHKO moves are banned\n|rule|Evasion Moves Clause: Evasion moves are banned\n|rule|Evasion Items Clause: Evasion items are banned\n|rule|Species Clause: Limit one of each Pok\u00e9mon\n|rule|Sleep Clause Mod: Limit one foe put to sleep\n|rule|Mega Rayquaza Clause: You cannot mega evolve Rayquaza\n|clearpoke\n|poke|p1|Dipplin, F|\n|poke|p1|Genesect|\n|poke|p1|Goodra-Hisui, M|\n|poke|p1|Great Tusk|\n|poke|p1|Tauros-Paldea-Aqua, M|\n|poke|p1|Umbreon, M|\n|poke|p2|Urshifu-*, M|\n|poke|p2|Pelipper, M|\n|poke|p2|Scizor, M|\n|poke|p2|Celesteela|\n|poke|p2|Florges, F|\n|poke|p2|Dracovish|\n|teampreview\n|c|\u2606Adelaide30scizors|Glhf\n|c|\u2606lavendertliepards|u2\n|j| Reggiemaster24\n|j| VI Victini's\n|\n|t:|1700432570\n|start\n|switch|p1a: Douse Me Daddy|Genesect|100\/100\n|switch|p2a: Pelipper|Pelipper, M|100\/100\n|-ability|p1a: Douse Me Daddy|Download|boost\n|-boost|p1a: Douse Me Daddy|spa|1\n|-weather|RainDance|[from] ability: Drizzle|[of] p2a: Pelipper\n|turn|1\n|c| VI Victini's|I was here\n|\n|t:|1700432606\n|switch|p2a: Dracovish|Dracovish|100\/100\n|move|p1a: Douse Me Daddy|U-turn|p2a: Dracovish\n|-damage|p2a: Dracovish|74\/100\n|\n|t:|1700432655\n|switch|p1a: Brahma Bull|Tauros-Paldea-Aqua, M|100\/100|[from] U-turn\n|-ability|p1a: Brahma Bull|Intimidate|boost\n|-unboost|p2a: Dracovish|atk|1\n|\n|-weather|RainDance|[upkeep]\n|upkeep\n|turn|2\n|\n|t:|1700432679\n|switch|p2a: Pelipper|Pelipper, M|100\/100\n|move|p1a: Brahma Bull|Trailblaze|p2a: Pelipper\n|-damage|p2a: Pelipper|89\/100\n|-boost|p1a: Brahma Bull|spe|1\n|\n|-weather|RainDance|[upkeep]\n|upkeep\n|turn|3\n|\n|t:|1700432699\n|move|p1a: Brahma Bull|Wild Charge|p2a: Pelipper\n|-supereffective|p2a: Pelipper\n|-damage|p2a: Pelipper|0 fnt\n|faint|p2a: Pelipper\n|-damage|p1a: Brahma Bull|78\/100|[from] Recoil\n|\n|-weather|RainDance|[upkeep]\n|upkeep\n|c| VI Victini's|No more Douseing him Daddy\n|\n|t:|1700432734\n|switch|p2a: Scizor|Scizor, M|100\/100\n|turn|4\n|\n|t:|1700432750\n|move|p1a: Brahma Bull|Raging Bull|p2a: Scizor\n|-damage|p2a: Scizor|57\/100\n|move|p2a: Scizor|Aerial Ace|p1a: Brahma Bull\n|-supereffective|p1a: Brahma Bull\n|-damage|p1a: Brahma Bull|16\/100\n|\n|-weather|RainDance|[upkeep]\n|-heal|p2a: Scizor|64\/100|[from] item: Leftovers\n|upkeep\n|turn|5\n|\n|t:|1700432768\n|switch|p1a: Gimme Shelter|Goodra-Hisui, M|100\/100\n|move|p2a: Scizor|Swords Dance|p2a: Scizor\n|-boost|p2a: Scizor|atk|2\n|\n|-weather|none\n|-heal|p2a: Scizor|70\/100|[from] item: Leftovers\n|upkeep\n|turn|6\n|\n|t:|1700432778\n|move|p2a: Scizor|Bullet Punch|p1a: Gimme Shelter\n|-resisted|p1a: Gimme Shelter\n|-damage|p1a: Gimme Shelter|76\/100\n|move|p1a: Gimme Shelter|Flamethrower|p2a: Scizor\n|-supereffective|p2a: Scizor\n|-damage|p2a: Scizor|0 fnt\n|faint|p2a: Scizor\n|\n|-heal|p1a: Gimme Shelter|82\/100|[from] item: Leftovers\n|upkeep\n|\n|t:|1700432789\n|switch|p2a: Celesteela|Celesteela|100\/100\n|turn|7\n|\n|t:|1700432795\n|move|p2a: Celesteela|Autotomize|p2a: Celesteela\n|-boost|p2a: Celesteela|spe|2\n|-start|p2a: Celesteela|Autotomize\n|move|p1a: Gimme Shelter|Substitute|p1a: Gimme Shelter\n|-start|p1a: Gimme Shelter|Substitute\n|-damage|p1a: Gimme Shelter|57\/100\n|\n|-heal|p1a: Gimme Shelter|63\/100|[from] item: Leftovers\n|upkeep\n|turn|8\n|\n|t:|1700432816\n|move|p2a: Celesteela|Superpower|p1a: Gimme Shelter\n|-supereffective|p1a: Gimme Shelter\n|-end|p1a: Gimme Shelter|Substitute\n|-unboost|p2a: Celesteela|atk|1\n|-unboost|p2a: Celesteela|def|1\n|move|p1a: Gimme Shelter|Thunderbolt|p2a: Celesteela\n|-supereffective|p2a: Celesteela\n|-damage|p2a: Celesteela|61\/100\n|-enditem|p2a: Celesteela|Weakness Policy\n|-boost|p2a: Celesteela|atk|2|[from] item: Weakness Policy\n|-boost|p2a: Celesteela|spa|2|[from] item: Weakness Policy\n|\n|-heal|p1a: Gimme Shelter|69\/100|[from] item: Leftovers\n|upkeep\n|turn|9\n|\n|t:|1700432841\n|switch|p1a: Hunter|Dipplin, F|100\/100\n|move|p2a: Celesteela|Superpower|p1a: Hunter\n|-crit|p1a: Hunter\n|-damage|p1a: Hunter|74\/100\n|-unboost|p2a: Celesteela|atk|1\n|-unboost|p2a: Celesteela|def|1\n|\n|upkeep\n|turn|10\n|c| VI Victini's|That crit is bs\n|c| VI Victini's|Restart\n|c|\u2606lavendertliepards|XD\n|c| Reggiemaster24|XD\n|\n|t:|1700432932\n|move|p2a: Celesteela|Flamethrower|p1a: Hunter\n|-damage|p1a: Hunter|35\/100\n|move|p1a: Hunter|Dragon Tail|p2a: Celesteela\n|-resisted|p2a: Celesteela\n|-damage|p2a: Celesteela|45\/100\n|drag|p2a: Florges|Florges, F|100\/100\n|\n|upkeep\n|turn|11\n|\n|t:|1700432950\n|switch|p2a: Urshifu|Urshifu, M|100\/100\n|switch|p1a: Douse Me Daddy|Genesect|100\/100\n|-ability|p1a: Douse Me Daddy|Download|boost\n|-boost|p1a: Douse Me Daddy|spa|1\n|\n|upkeep\n|turn|12\n|\n|t:|1700432983\n|move|p1a: Douse Me Daddy|U-turn|p2a: Urshifu\n|-damage|p2a: Urshifu|76\/100\n|\n|t:|1700432989\n|switch|p1a: Big T|Great Tusk|100\/100|[from] U-turn\n|move|p2a: Urshifu|Wicked Blow|p1a: Big T\n|-resisted|p1a: Big T\n|-crit|p1a: Big T\n|-damage|p1a: Big T|77\/100\n|-damage|p2a: Urshifu|59\/100|[from] item: Rocky Helmet|[of] p1a: Big T\n|\n|upkeep\n|turn|13\n|\n|t:|1700433010\n|switch|p2a: Celesteela|Celesteela|45\/100\n|move|p1a: Big T|Close Combat|p2a: Celesteela\n|-damage|p2a: Celesteela|0 fnt\n|-unboost|p1a: Big T|def|1\n|-unboost|p1a: Big T|spd|1\n|faint|p2a: Celesteela\n|\n|upkeep\n|\n|t:|1700433020\n|switch|p2a: Dracovish|Dracovish|74\/100\n|turn|14\n|\n|t:|1700433030\n|-end|p1a: Big T|Protosynthesis|[silent]\n|switch|p1a: Brahma Bull|Tauros-Paldea-Aqua, M|16\/100\n|-ability|p1a: Brahma Bull|Intimidate|boost\n|-unboost|p2a: Dracovish|atk|1\n|move|p2a: Dracovish|Fishious Rend|p1a: Brahma Bull\n|-resisted|p1a: Brahma Bull\n|-damage|p1a: Brahma Bull|0 fnt\n|faint|p1a: Brahma Bull\n|\n|upkeep\n|\n|t:|1700433045\n|switch|p1a: AllPurposeWall|Umbreon, M, shiny|100\/100\n|turn|15\n|\n|t:|1700433049\n|switch|p2a: Florges|Florges, F|100\/100\n|move|p1a: AllPurposeWall|Toxic|p2a: Florges\n|-status|p2a: Florges|tox\n|\n|-damage|p2a: Florges|94\/100 tox|[from] psn\n|upkeep\n|turn|16\n|\n|t:|1700433069\n|switch|p1a: Douse Me Daddy|Genesect|100\/100\n|-ability|p1a: Douse Me Daddy|Download|boost\n|-boost|p1a: Douse Me Daddy|atk|1\n|move|p2a: Florges|Wish|p2a: Florges\n|\n|-heal|p2a: Florges|100\/100 tox|[from] item: Leftovers\n|-damage|p2a: Florges|88\/100 tox|[from] psn\n|upkeep\n|turn|17\n|\n|t:|1700433080\n|switch|p2a: Urshifu|Urshifu, M|59\/100\n|move|p1a: Douse Me Daddy|U-turn|p2a: Urshifu\n|-damage|p2a: Urshifu|23\/100\n|\n|t:|1700433087\n|switch|p1a: Big T|Great Tusk|77\/100|[from] U-turn\n|\n|-heal|p2a: Urshifu|76\/100|[from] move: Wish|[wisher] Florges\n|upkeep\n|turn|18\n|\n|t:|1700433097\n|switch|p2a: Florges|Florges, F|88\/100 tox\n|move|p1a: Big T|Close Combat|p2a: Florges\n|-resisted|p2a: Florges\n|-damage|p2a: Florges|50\/100 tox\n|-unboost|p1a: Big T|def|1\n|-unboost|p1a: Big T|spd|1\n|\n|-heal|p2a: Florges|57\/100 tox|[from] item: Leftovers\n|-damage|p2a: Florges|50\/100 tox|[from] psn\n|upkeep\n|turn|19\n|\n|t:|1700433111\n|-end|p1a: Big T|Protosynthesis|[silent]\n|switch|p1a: Gimme Shelter|Goodra-Hisui, M|69\/100\n|switch|p2a: Dracovish|Dracovish|74\/100\n|\n|-heal|p1a: Gimme Shelter|75\/100|[from] item: Leftovers\n|upkeep\n|turn|20\n|\n|t:|1700433128\n|switch|p2a: Florges|Florges, F|50\/100 tox\n|move|p1a: Gimme Shelter|Thunderbolt|p2a: Florges\n|-damage|p2a: Florges|39\/100 tox\n|\n|-heal|p2a: Florges|45\/100 tox|[from] item: Leftovers\n|-heal|p1a: Gimme Shelter|81\/100|[from] item: Leftovers\n|-damage|p2a: Florges|39\/100 tox|[from] psn\n|upkeep\n|turn|21\n|\n|t:|1700433154\n|switch|p1a: Douse Me Daddy|Genesect|100\/100\n|-ability|p1a: Douse Me Daddy|Download|boost\n|-boost|p1a: Douse Me Daddy|atk|1\n|move|p2a: Florges|Heal Bell|p2a: Florges\n|-activate|p2a: Florges|move: Heal Bell\n|-curestatus|p2a: Florges|tox|[msg]\n|\n|-heal|p2a: Florges|45\/100|[from] item: Leftovers\n|upkeep\n|turn|22\n|\n|t:|1700433172\n|move|p1a: Douse Me Daddy|Flash Cannon|p2a: Florges\n|-supereffective|p2a: Florges\n|-damage|p2a: Florges|7\/100\n|move|p2a: Florges|Wish|p2a: Florges\n|\n|-heal|p2a: Florges|14\/100|[from] item: Leftovers\n|upkeep\n|turn|23\n|\n|t:|1700433236\n|switch|p1a: Gimme Shelter|Goodra-Hisui, M|81\/100\n|switch|p2a: Dracovish|Dracovish|74\/100\n|\n|-heal|p2a: Dracovish|100\/100|[from] move: Wish|[wisher] Florges\n|-heal|p1a: Gimme Shelter|87\/100|[from] item: Leftovers\n|upkeep\n|turn|24\n|\n|t:|1700433253\n|move|p2a: Dracovish|Low Kick|p1a: Gimme Shelter\n|-supereffective|p1a: Gimme Shelter\n|-damage|p1a: Gimme Shelter|28\/100\n|move|p1a: Gimme Shelter|Toxic|p2a: Dracovish\n|-status|p2a: Dracovish|tox\n|\n|-heal|p1a: Gimme Shelter|34\/100|[from] item: Leftovers\n|-damage|p2a: Dracovish|94\/100 tox|[from] psn\n|upkeep\n|turn|25\n|\n|t:|1700433265\n|switch|p2a: Florges|Florges, F|14\/100\n|switch|p1a: Big T|Great Tusk|77\/100\n|\n|-heal|p2a: Florges|20\/100|[from] item: Leftovers\n|upkeep\n|turn|26\n|\n|t:|1700433275\n|move|p1a: Big T|Close Combat|p2a: Florges\n|-resisted|p2a: Florges\n|-damage|p2a: Florges|0 fnt\n|-unboost|p1a: Big T|def|1\n|-unboost|p1a: Big T|spd|1\n|faint|p2a: Florges\n|\n|upkeep\n|\n|t:|1700433282\n|switch|p2a: Dracovish|Dracovish|94\/100 tox\n|turn|27\n|\n|t:|1700433288\n|-end|p1a: Big T|Protosynthesis|[silent]\n|switch|p1a: Gimme Shelter|Goodra-Hisui, M|34\/100\n|move|p2a: Dracovish|Fishious Rend|p1a: Gimme Shelter\n|-resisted|p1a: Gimme Shelter\n|-damage|p1a: Gimme Shelter|0 fnt\n|faint|p1a: Gimme Shelter\n|\n|-damage|p2a: Dracovish|88\/100 tox|[from] psn\n|upkeep\n|\n|t:|1700433321\n|switch|p1a: Hunter|Dipplin, F|35\/100\n|turn|28\n|\n|t:|1700433335\n|switch|p2a: Urshifu|Urshifu, M|76\/100\n|move|p1a: Hunter|Giga Drain|p2a: Urshifu\n|-damage|p2a: Urshifu|38\/100\n|-heal|p1a: Hunter|53\/100|[from] drain|[of] p2a: Urshifu\n|\n|upkeep\n|turn|29\n|c| VI Victini's|Dipplin! Bring the Drip!\n|\n|t:|1700433349\n|switch|p2a: Dracovish|Dracovish|88\/100 tox\n|switch|p1a: Big T|Great Tusk|77\/100\n|\n|-damage|p2a: Dracovish|82\/100 tox|[from] psn\n|upkeep\n|turn|30\n|\n|t:|1700433358\n|-end|p1a: Big T|Protosynthesis|[silent]\n|switch|p1a: Hunter|Dipplin, F|53\/100\n|move|p2a: Dracovish|Fishious Rend|p1a: Hunter\n|-resisted|p1a: Hunter\n|-damage|p1a: Hunter|43\/100\n|\n|-damage|p2a: Dracovish|69\/100 tox|[from] psn\n|upkeep\n|turn|31\n|\n|t:|1700433368\n|switch|p2a: Urshifu|Urshifu, M|38\/100\n|move|p1a: Hunter|Giga Drain|p2a: Urshifu\n|-damage|p2a: Urshifu|2\/100\n|-heal|p1a: Hunter|60\/100|[from] drain|[of] p2a: Urshifu\n|\n|upkeep\n|turn|32\n|c| VI Victini's|10% :')\n|\n|t:|1700433379\n|switch|p1a: Big T|Great Tusk|77\/100\n|move|p2a: Urshifu|Close Combat|p1a: Big T\n|-crit|p1a: Big T\n|-damage|p1a: Big T|11\/100\n|-unboost|p2a: Urshifu|def|1\n|-unboost|p2a: Urshifu|spd|1\n|-damage|p2a: Urshifu|0 fnt|[from] item: Rocky Helmet|[of] p1a: Big T\n|faint|p2a: Urshifu\n|\n|upkeep\n|c| Reggiemaster24|The holy drip lol\n|\n|t:|1700433390\n|switch|p2a: Dracovish|Dracovish|69\/100 tox\n|turn|33\n|\n|t:|1700433396\n|-end|p1a: Big T|Protosynthesis|[silent]\n|switch|p1a: Hunter|Dipplin, F|60\/100\n|move|p2a: Dracovish|Fishious Rend|p1a: Hunter\n|-resisted|p1a: Hunter\n|-damage|p1a: Hunter|49\/100\n|\n|-damage|p2a: Dracovish|63\/100 tox|[from] psn\n|upkeep\n|turn|34\n|\n|t:|1700433405\n|move|p2a: Dracovish|Fishious Rend|p1a: Hunter\n|-resisted|p1a: Hunter\n|-damage|p1a: Hunter|38\/100\n|move|p1a: Hunter|Recover|p1a: Hunter\n|-heal|p1a: Hunter|88\/100\n|\n|-damage|p2a: Dracovish|51\/100 tox|[from] psn\n|upkeep\n|turn|35\n|c|\u2606Adelaide30scizors|Ggs bro\n|c|\u2606lavendertliepards|ggs\n|\n|t:|1700433413\n|move|p2a: Dracovish|Fishious Rend|p1a: Hunter\n|-resisted|p1a: Hunter\n|-damage|p1a: Hunter|77\/100\n|move|p1a: Hunter|Infestation|p2a: Dracovish\n|-damage|p2a: Dracovish|44\/100 tox\n|-activate|p2a: Dracovish|move: Infestation|[of] p1a: Hunter\n|\n|-damage|p2a: Dracovish|26\/100 tox|[from] psn\n|-damage|p2a: Dracovish|13\/100 tox|[from] move: Infestation|[partiallytrapped]\n|upkeep\n|turn|36\n|c| VI Victini's|Thonk\n|\n|t:|1700433423\n|move|p2a: Dracovish|Fishious Rend|p1a: Hunter\n|-resisted|p1a: Hunter\n|-damage|p1a: Hunter|66\/100\n|move|p1a: Hunter|Giga Drain|p2a: Dracovish\n|-damage|p2a: Dracovish|0 fnt\n|-heal|p1a: Hunter|72\/100|[from] drain|[of] p2a: Dracovish\n|faint|p2a: Dracovish\n|\n|win|lavendertliepards\n","uploadtime":1700433431,"views":25,"p1id":"lavendertliepards","p2id":"adelaide30scizors","formatid":"gen9nationaldexubers","rating":0,"private":0,"password":""}