{"id":"gen9nationaldexubers-1992986747","p1":"shaolinhu","p2":"MiguelGQ54","format":"[Gen 9] National Dex Ubers","log":"|j|\u2606shaolinhu\n|j|\u2606MiguelGQ54\n|t:|1700252945\n|gametype|singles\n|player|p1|shaolinhu|265|\n|player|p2|MiguelGQ54|ethan|\n|teamsize|p1|6\n|teamsize|p2|6\n|gen|9\n|tier|[Gen 9] National Dex Ubers\n|rule|HP Percentage Mod: HP is shown in percentages\n|rule|Endless Battle Clause: Forcing endless battles is banned\n|rule|OHKO Clause: OHKO moves are banned\n|rule|Evasion Moves Clause: Evasion moves are banned\n|rule|Evasion Items Clause: Evasion items are banned\n|rule|Species Clause: Limit one of each Pok\u00e9mon\n|rule|Sleep Clause Mod: Limit one foe put to sleep\n|rule|Mega Rayquaza Clause: You cannot mega evolve Rayquaza\n|clearpoke\n|poke|p1|Brute Bonnet|\n|poke|p1|Kingler, F|\n|poke|p1|Accelgor, M|\n|poke|p1|Comfey, M|\n|poke|p1|Incineroar, F|\n|poke|p1|Venusaur, M|\n|poke|p2|Naganadel|\n|poke|p2|Minun, M|\n|poke|p2|Brambleghast, M|\n|poke|p2|Avalugg, F|\n|poke|p2|Glimmora, F|\n|poke|p2|Maushold-Four|\n|teampreview\n|c|\u2606MiguelGQ54|Gl hf\n|c|\u2606shaolinhu|C\u00f3mo mando link bro?\n|c|\u2606MiguelGQ54|Est\u00e1s en movil o pc?\n|c|\u2606shaolinhu|M\u00f3vil\n|c|\u2606MiguelGQ54|Manten pulsado arriba\n|c|\u2606MiguelGQ54|Donde pone la p\u00e1gina de google\n|c|\u2606MiguelGQ54|Tambi\u00e9n ahora se puede a\u00f1adir a amigos y se puede espectar\n|c|\u2606shaolinhu|Ya estaaa\n|c|\u2606shaolinhu|Graciaaas\n|c|\u2606shaolinhu|Buena suerte t\u00edo\n|c|\u2606MiguelGQ54|De nada\n|c|\u2606MiguelGQ54|Igualmente\n|\n|t:|1700253065\n|start\n|switch|p1a: Accelgor|Accelgor, M|100\/100\n|switch|p2a: NihiIego|Glimmora, F|100\/100\n|turn|1\n|c|\u2606MiguelGQ54|Falta por entrar tu amigo, no?\n|\n|t:|1700253109\n|move|p2a: NihiIego|Power Gem|p1a: Accelgor\n|-supereffective|p1a: Accelgor\n|-damage|p1a: Accelgor|0 fnt\n|faint|p1a: Accelgor\n|\n|upkeep\n|\n|t:|1700253120\n|switch|p1a: Kingler|Kingler, F|100\/100\n|turn|2\n|\n|t:|1700253127\n|switch|p2a: Brambleghast|Brambleghast, M|100\/100\n|move|p1a: Kingler|Crabhammer|p2a: Brambleghast\n|-resisted|p2a: Brambleghast\n|-damage|p2a: Brambleghast|41\/100\n|\n|-heal|p2a: Brambleghast|47\/100|[from] item: Leftovers\n|upkeep\n|turn|3\n|\n|t:|1700253138\n|move|p1a: Kingler|Crabhammer|p2a: Brambleghast\n|-resisted|p2a: Brambleghast\n|-damage|p2a: Brambleghast|0 fnt\n|faint|p2a: Brambleghast\n|\n|upkeep\n|c|\u2606MiguelGQ54|Puff como pega\n|\n|t:|1700253161\n|switch|p2a: La familia|Maushold-Four|100\/100\n|turn|4\n|\n|t:|1700253183\n|move|p2a: La familia|Population Bomb|p1a: Kingler\n|-damage|p1a: Kingler|87\/100\n|-damage|p1a: Kingler|75\/100\n|-damage|p1a: Kingler|62\/100\n|-damage|p1a: Kingler|49\/100\n|-damage|p1a: Kingler|37\/100\n|-damage|p1a: Kingler|23\/100\n|-damage|p1a: Kingler|10\/100\n|-damage|p1a: Kingler|0 fnt\n|faint|p1a: Kingler\n|-hitcount|p1: Kingler|8\n|\n|upkeep\n|c|\u2606shaolinhu|Qu\u00e9 asco de bicho\n|\n|t:|1700253216\n|switch|p1a: Brute Bonnet|Brute Bonnet|100\/100\n|turn|5\n|c|\u2606MiguelGQ54|Ya xd\n|c|\u2606MiguelGQ54|Y a\u00fan le quedaban 2 golpes\n|\n|t:|1700253234\n|move|p2a: La familia|Population Bomb|p1a: Brute Bonnet\n|-damage|p1a: Brute Bonnet|91\/100\n|-damage|p1a: Brute Bonnet|82\/100\n|-damage|p1a: Brute Bonnet|74\/100\n|-damage|p1a: Brute Bonnet|65\/100\n|-damage|p1a: Brute Bonnet|55\/100\n|-damage|p1a: Brute Bonnet|46\/100\n|-damage|p1a: Brute Bonnet|37\/100\n|-damage|p1a: Brute Bonnet|28\/100\n|-damage|p1a: Brute Bonnet|19\/100\n|-damage|p1a: Brute Bonnet|10\/100\n|-hitcount|p1a: Brute Bonnet|10\n|move|p1a: Brute Bonnet|Stun Spore|p2a: La familia\n|-status|p2a: La familia|par\n|\n|-heal|p1a: Brute Bonnet|16\/100|[from] item: Leftovers\n|upkeep\n|turn|6\n|\n|t:|1700253275\n|move|p2a: La familia|Population Bomb|p1a: Brute Bonnet\n|-damage|p1a: Brute Bonnet|7\/100\n|-damage|p1a: Brute Bonnet|0 fnt\n|faint|p1a: Brute Bonnet\n|-end|p1a: Brute Bonnet|Protosynthesis|[silent]\n|-hitcount|p1: Brute Bonnet|2\n|\n|upkeep\n|\n|t:|1700253327\n|switch|p1a: Incineroar|Incineroar, F|100\/100\n|-ability|p1a: Incineroar|Intimidate|boost\n|-unboost|p2a: La familia|atk|1\n|turn|7\n|\n|t:|1700253339\n|move|p2a: La familia|Population Bomb|p1a: Incineroar\n|-damage|p1a: Incineroar|93\/100\n|-damage|p1a: Incineroar|86\/100\n|-damage|p1a: Incineroar|79\/100\n|-damage|p1a: Incineroar|73\/100\n|-damage|p1a: Incineroar|66\/100\n|-damage|p1a: Incineroar|58\/100\n|-damage|p1a: Incineroar|52\/100\n|-damage|p1a: Incineroar|46\/100\n|-damage|p1a: Incineroar|38\/100\n|-damage|p1a: Incineroar|31\/100\n|-hitcount|p1a: Incineroar|10\n|move|p1a: Incineroar|Cross Chop|p2a: La familia\n|-supereffective|p2a: La familia\n|-damage|p2a: La familia|0 fnt\n|faint|p2a: La familia\n|\n|upkeep\n|\n|t:|1700253358\n|switch|p2a: Minun|Minun, M|100\/100\n|turn|8\n|\n|t:|1700253363\n|move|p2a: Minun|Nasty Plot|p2a: Minun\n|-boost|p2a: Minun|spa|2\n|move|p1a: Incineroar|Earthquake|p2a: Minun\n|-supereffective|p2a: Minun\n|-damage|p2a: Minun|0 fnt\n|faint|p2a: Minun\n|\n|upkeep\n|c|\u2606MiguelGQ54|F por minun\n|\n|t:|1700253389\n|switch|p2a: NihiIego|Glimmora, F|100\/100\n|turn|9\n|\n|t:|1700253394\n|move|p2a: NihiIego|Flash Cannon|p1a: Incineroar\n|-resisted|p1a: Incineroar\n|-damage|p1a: Incineroar|18\/100\n|move|p1a: Incineroar|Earthquake|p2a: NihiIego\n|-supereffective|p2a: NihiIego\n|-damage|p2a: NihiIego|0 fnt\n|-activate|p2a: NihiIego|ability: Toxic Debris\n|-sidestart|p1: shaolinhu|move: Toxic Spikes\n|faint|p2a: NihiIego\n|\n|upkeep\n|\n|t:|1700253405\n|switch|p2a: Avalugg|Avalugg, F|100\/100\n|turn|10\n|c|\u2606MiguelGQ54|No se que hago\n|\n|t:|1700253418\n|-terastallize|p2a: Avalugg|Fire\n|-zpower|p1a: Incineroar\n|move|p1a: Incineroar|Malicious Moonsault|p2a: Avalugg|[zeffect]\n|-damage|p2a: Avalugg|61\/100\n|-damage|p1a: Incineroar|1\/100|[from] item: Rocky Helmet|[of] p2a: Avalugg\n|move|p2a: Avalugg|Body Press|p1a: Incineroar\n|-supereffective|p1a: Incineroar\n|-damage|p1a: Incineroar|0 fnt\n|faint|p1a: Incineroar\n|\n|upkeep\n|\n|t:|1700253446\n|switch|p1a: Comfey|Comfey, M|100\/100\n|-status|p1a: Comfey|psn\n|turn|11\n|\n|t:|1700253463\n|move|p1a: Comfey|Leech Seed|p2a: Avalugg\n|-start|p2a: Avalugg|move: Leech Seed\n|move|p2a: Avalugg|Tera Blast|p1a: Comfey|[anim] Tera Blast Fire\n|-damage|p1a: Comfey|51\/100 psn\n|\n|-heal|p1a: Comfey|57\/100 psn|[from] item: Leftovers\n|-damage|p2a: Avalugg|49\/100|[from] Leech Seed|[of] p1a: Comfey\n|-heal|p1a: Comfey|77\/100 psn|[silent]\n|-damage|p1a: Comfey|65\/100 psn|[from] psn\n|upkeep\n|turn|12\n|\n|t:|1700253492\n|move|p1a: Comfey|Draining Kiss|p2a: Avalugg\n|-resisted|p2a: Avalugg\n|-damage|p2a: Avalugg|34\/100\n|-heal|p1a: Comfey|83\/100 psn|[from] drain|[of] p2a: Avalugg\n|-damage|p1a: Comfey|66\/100 psn|[from] item: Rocky Helmet|[of] p2a: Avalugg\n|move|p2a: Avalugg|Tera Blast|p1a: Comfey|[anim] Tera Blast Fire\n|-damage|p1a: Comfey|21\/100 psn\n|\n|-heal|p1a: Comfey|28\/100 psn|[from] item: Leftovers\n|-damage|p2a: Avalugg|22\/100|[from] Leech Seed|[of] p1a: Comfey\n|-heal|p1a: Comfey|48\/100 psn|[silent]\n|-damage|p1a: Comfey|35\/100 psn|[from] psn\n|upkeep\n|turn|13\n|\n|t:|1700253506\n|move|p1a: Comfey|Draining Kiss|p2a: Avalugg\n|-resisted|p2a: Avalugg\n|-damage|p2a: Avalugg|6\/100\n|-heal|p1a: Comfey|55\/100 psn|[from] drain|[of] p2a: Avalugg\n|-damage|p1a: Comfey|38\/100 psn|[from] item: Rocky Helmet|[of] p2a: Avalugg\n|move|p2a: Avalugg|Body Press|p1a: Comfey\n|-resisted|p1a: Comfey\n|-damage|p1a: Comfey|7\/100 psn\n|\n|-heal|p1a: Comfey|14\/100 psn|[from] item: Leftovers\n|-damage|p2a: Avalugg|0 fnt|[from] Leech Seed|[of] p1a: Comfey\n|-heal|p1a: Comfey|22\/100 psn|[silent]\n|faint|p2a: Avalugg\n|-damage|p1a: Comfey|10\/100 psn|[from] psn\n|upkeep\n|\n|t:|1700253510\n|switch|p2a: Naganadel|Naganadel, shiny|100\/100\n|turn|14\n|\n|t:|1700253519\n|move|p2a: Naganadel|Nasty Plot|p2a: Naganadel\n|-boost|p2a: Naganadel|spa|2\n|move|p1a: Comfey|Leech Seed|p2a: Naganadel\n|-start|p2a: Naganadel|move: Leech Seed\n|\n|-heal|p1a: Comfey|16\/100 psn|[from] item: Leftovers\n|-damage|p2a: Naganadel|88\/100|[from] Leech Seed|[of] p1a: Comfey\n|-heal|p1a: Comfey|31\/100 psn|[silent]\n|-damage|p1a: Comfey|18\/100 psn|[from] psn\n|upkeep\n|turn|15\n|\n|t:|1700253529\n|move|p1a: Comfey|Draining Kiss|p2a: Naganadel\n|-damage|p2a: Naganadel|57\/100\n|-heal|p1a: Comfey|46\/100 psn|[from] drain|[of] p2a: Naganadel\n|move|p2a: Naganadel|Sludge Wave|p1a: Comfey\n|-supereffective|p1a: Comfey\n|-damage|p1a: Comfey|0 fnt\n|faint|p1a: Comfey\n|-ability|p2a: Naganadel|Beast Boost|boost\n|-boost|p2a: Naganadel|spe|1\n|-damage|p2a: Naganadel|47\/100|[from] item: Life Orb\n|\n|upkeep\n|\n|t:|1700253531\n|switch|p1a: Venusaur|Venusaur, M|100\/100\n|-sideend|p1: shaolinhu|move: Toxic Spikes|[of] p1a: Venusaur\n|turn|16\n|\n|t:|1700253545\n|detailschange|p1a: Venusaur|Venusaur-Mega, M\n|-mega|p1a: Venusaur|Venusaur|Venusaurite\n|move|p2a: Naganadel|Flamethrower|p1a: Venusaur\n|-supereffective|p1a: Venusaur\n|-damage|p1a: Venusaur|24\/100\n|-damage|p2a: Naganadel|37\/100|[from] item: Life Orb\n|move|p1a: Venusaur|Earth Power|p2a: Naganadel\n|-supereffective|p2a: Naganadel\n|-damage|p2a: Naganadel|0 fnt\n|faint|p2a: Naganadel\n|\n|win|shaolinhu\n|c|\u2606MiguelGQ54|Gg\n|c|\u2606shaolinhu|Gg bro\n|l|\u2606MiguelGQ54\n|c|\u2606shaolinhu|Me di por perdido te lo juro\n","uploadtime":1700253558,"views":13,"p1id":"shaolinhu","p2id":"miguelgq54","formatid":"gen9nationaldexubers","rating":0,"private":0,"password":""}