{"id":"gen9nationaldexubers-1978865852","p1":"Rayquaza59","p2":"Markoakuma","format":"[Gen 9] National Dex Ubers","log":"|j|\u2606Rayquaza59\n|j|\u2606Markoakuma\n|t:|1698604314\n|gametype|singles\n|player|p1|Rayquaza59|unknownf|\n|player|p2|Markoakuma|falkner|\n|teamsize|p1|3\n|teamsize|p2|3\n|gen|9\n|tier|[Gen 9] National Dex Ubers\n|rule|HP Percentage Mod: HP is shown in percentages\n|rule|Endless Battle Clause: Forcing endless battles is banned\n|rule|OHKO Clause: OHKO moves are banned\n|rule|Evasion Moves Clause: Evasion moves are banned\n|rule|Evasion Items Clause: Evasion items are banned\n|rule|Species Clause: Limit one of each Pok\u00e9mon\n|rule|Sleep Clause Mod: Limit one foe put to sleep\n|rule|Mega Rayquaza Clause: You cannot mega evolve Rayquaza\n|clearpoke\n|poke|p1|Aegislash, L50, M|\n|poke|p1|Cinderace, L50, M|\n|poke|p1|Gyarados, L50, M|\n|poke|p2|Mawile, L50, F|\n|poke|p2|Heliolisk, L50, F|\n|poke|p2|Jellicent, L50, F|\n|teampreview\n|\n|t:|1698604363\n|start\n|switch|p1a: Aegislash|Aegislash, L50, M|100\/100\n|switch|p2a: Mawile|Mawile, L50, F|100\/100\n|-ability|p2a: Mawile|Intimidate|boost\n|-unboost|p1a: Aegislash|atk|1\n|turn|1\n|\n|t:|1698604381\n|move|p1a: Aegislash|King's Shield|p1a: Aegislash\n|-singleturn|p1a: Aegislash|Protect\n|move|p2a: Mawile|Fire Fang|p1a: Aegislash\n|-activate|p1a: Aegislash|move: Protect\n|-unboost|p2a: Mawile|atk|1\n|\n|upkeep\n|turn|2\n|\n|t:|1698604398\n|move|p2a: Mawile|Fire Fang|p1a: Aegislash\n|-supereffective|p1a: Aegislash\n|-damage|p1a: Aegislash|79\/100\n|move|p1a: Aegislash|Swords Dance|p1a: Aegislash\n|-boost|p1a: Aegislash|atk|2\n|\n|-heal|p1a: Aegislash|85\/100|[from] item: Leftovers\n|upkeep\n|turn|3\n|\n|t:|1698604411\n|move|p2a: Mawile|Play Rough|p1a: Aegislash\n|-resisted|p1a: Aegislash\n|-damage|p1a: Aegislash|74\/100\n|-formechange|p1a: Aegislash|Aegislash-Blade||[from] ability: Stance Change\n|move|p1a: Aegislash|Sacred Sword|p2a: Mawile\n|-damage|p2a: Mawile|19\/100\n|\n|-heal|p1a: Aegislash|80\/100|[from] item: Leftovers\n|upkeep\n|turn|4\n|\n|t:|1698604425\n|-formechange|p1a: Aegislash|Aegislash||[from] ability: Stance Change\n|move|p1a: Aegislash|King's Shield|p1a: Aegislash\n|-singleturn|p1a: Aegislash|Protect\n|move|p2a: Mawile|Fire Fang|p1a: Aegislash\n|-activate|p1a: Aegislash|move: Protect\n|-unboost|p2a: Mawile|atk|1\n|\n|-heal|p1a: Aegislash|86\/100|[from] item: Leftovers\n|upkeep\n|turn|5\n|\n|t:|1698604440\n|switch|p2a: Heliolisk|Heliolisk, L50, F|100\/100\n|move|p1a: Aegislash|Swords Dance|p1a: Aegislash\n|-boost|p1a: Aegislash|atk|2\n|\n|-heal|p1a: Aegislash|92\/100|[from] item: Leftovers\n|upkeep\n|turn|6\n|\n|t:|1698604451\n|move|p2a: Heliolisk|Volt Switch|p1a: Aegislash\n|-damage|p1a: Aegislash|63\/100\n|\n|t:|1698604454\n|switch|p2a: Jellicent|Jellicent, L50, F|100\/100|[from] Volt Switch\n|-formechange|p1a: Aegislash|Aegislash-Blade||[from] ability: Stance Change\n|move|p1a: Aegislash|Shadow Claw|p2a: Jellicent\n|-supereffective|p2a: Jellicent\n|-damage|p2a: Jellicent|0 fnt\n|faint|p2a: Jellicent\n|\n|-heal|p1a: Aegislash|69\/100|[from] item: Leftovers\n|upkeep\n|\n|t:|1698604466\n|switch|p2a: Heliolisk|Heliolisk, L50, F|100\/100\n|turn|7\n|\n|t:|1698604475\n|move|p2a: Heliolisk|Parabolic Charge|p1a: Aegislash\n|-damage|p1a: Aegislash|8\/100\n|move|p1a: Aegislash|Swords Dance|p1a: Aegislash\n|-boost|p1a: Aegislash|atk|2\n|\n|-heal|p1a: Aegislash|14\/100|[from] item: Leftovers\n|upkeep\n|turn|8\n|\n|t:|1698604484\n|move|p2a: Heliolisk|Volt Switch|p1a: Aegislash\n|-damage|p1a: Aegislash|0 fnt\n|faint|p1a: Aegislash\n|\n|t:|1698604489\n|switch|p2a: Mawile|Mawile, L50, F|19\/100|[from] Volt Switch\n|\n|upkeep\n|\n|t:|1698604494\n|switch|p1a: Cinderace|Cinderace, L50, M|100\/100\n|turn|9\n|\n|t:|1698604499\n|move|p2a: Mawile|Sucker Punch|p1a: Cinderace\n|-damage|p1a: Cinderace|69\/100\n|move|p1a: Cinderace|Pyro Ball|p2a: Mawile|[miss]\n|-miss|p1a: Cinderace|p2a: Mawile\n|\n|upkeep\n|turn|10\n|\n|t:|1698604506\n|move|p2a: Mawile|Sucker Punch|p1a: Cinderace\n|-damage|p1a: Cinderace|38\/100\n|move|p1a: Cinderace|Gunk Shot|p2a: Mawile\n|-immune|p2a: Mawile\n|\n|upkeep\n|turn|11\n|\n|t:|1698604523\n|move|p2a: Mawile|Sucker Punch|p1a: Cinderace\n|-damage|p1a: Cinderace|11\/100\n|move|p1a: Cinderace|Pyro Ball|p2a: Mawile\n|-supereffective|p2a: Mawile\n|-damage|p2a: Mawile|0 fnt\n|faint|p2a: Mawile\n|-damage|p1a: Cinderace|1\/100|[from] item: Life Orb\n|\n|upkeep\n|\n|t:|1698604533\n|switch|p2a: Heliolisk|Heliolisk, L50, F|100\/100\n|turn|12\n|\n|t:|1698604538\n|move|p1a: Cinderace|Gunk Shot|p2a: Heliolisk\n|-damage|p2a: Heliolisk|1\/100\n|-damage|p1a: Cinderace|0 fnt|[from] item: Life Orb\n|faint|p1a: Cinderace\n|move|p2a: Heliolisk|Parabolic Charge|p1: Cinderace|[notarget]\n|-fail|p2a: Heliolisk\n|\n|upkeep\n|\n|t:|1698604546\n|switch|p1a: Gyarados|Gyarados, L50, M, shiny|100\/100\n|-ability|p1a: Gyarados|Intimidate|boost\n|-unboost|p2a: Heliolisk|atk|1\n|turn|13\n|\n|t:|1698604559\n|move|p2a: Heliolisk|Parabolic Charge|p1a: Gyarados\n|-supereffective|p1a: Gyarados\n|-damage|p1a: Gyarados|0 fnt\n|-heal|p2a: Heliolisk|63\/100|[from] drain|[of] p1a: Gyarados\n|faint|p1a: Gyarados\n|\n|win|Markoakuma\n","uploadtime":1698604568,"views":19,"p1id":"rayquaza59","p2id":"markoakuma","formatid":"gen9nationaldexubers","rating":0,"private":0,"password":""}