{"id":"gen9nationaldexubers-1979741648","p1":"hanagakiUBD","p2":"Dagarmilsombras","format":"[Gen 9] National Dex Ubers","log":"|j|\u2606hanagakiUBD\n|j|\u203dDagarmilsombras\n|t:|1698708503\n|gametype|singles\n|player|p1|hanagakiUBD|iris-gen5bw2|\n|player|p2|Dagarmilsombras|101|\n|teamsize|p1|6\n|teamsize|p2|6\n|gen|9\n|tier|[Gen 9] National Dex Ubers\n|rule|HP Percentage Mod: HP is shown in percentages\n|rule|Endless Battle Clause: Forcing endless battles is banned\n|rule|OHKO Clause: OHKO moves are banned\n|rule|Evasion Moves Clause: Evasion moves are banned\n|rule|Evasion Items Clause: Evasion items are banned\n|rule|Species Clause: Limit one of each Pok\u00e9mon\n|rule|Sleep Clause Mod: Limit one foe put to sleep\n|rule|Mega Rayquaza Clause: You cannot mega evolve Rayquaza\n|clearpoke\n|poke|p1|Gengar, M|\n|poke|p1|Lucario, F|\n|poke|p1|Dracovish|\n|poke|p1|Pikachu-World, M|\n|poke|p1|Sirfetch\u2019d, M|\n|poke|p1|Dragonite, M|\n|poke|p2|Incineroar, F|\n|poke|p2|Decidueye, F|\n|poke|p2|Lycanroc-Dusk, F|\n|poke|p2|Naganadel|\n|poke|p2|Melmetal|\n|poke|p2|Rotom-Heat|\n|teampreview\n|inactive|Battle timer is ON: inactive players will automatically lose when time's up. (requested by hanagakiUBD)\n|\n|t:|1698708519\n|start\n|switch|p1a: Dragonite|Dragonite, M|100\/100\n|switch|p2a: Rotom|Rotom-Heat|100\/100\n|turn|1\n|\n|t:|1698708535\n|switch|p1a: Gengar|Gengar, M|100\/100\n|move|p2a: Rotom|Volt Switch|p1a: Gengar\n|-damage|p1a: Gengar|47\/100\n|c|\u2606hanagakiUBD|Pi\n|\n|t:|1698708544\n|switch|p2a: Naganadel|Naganadel|100\/100|[from] Volt Switch\n|\n|upkeep\n|turn|2\n|\n|t:|1698708549\n|move|p2a: Naganadel|Dark Pulse|p1a: Gengar\n|-supereffective|p1a: Gengar\n|-damage|p1a: Gengar|0 fnt\n|faint|p1a: Gengar\n|-ability|p2a: Naganadel|Beast Boost|boost\n|-boost|p2a: Naganadel|spe|1\n|\n|upkeep\n|\n|t:|1698708559\n|switch|p1a: Pikachu|Pikachu-World, M|100\/100\n|turn|3\n|\n|t:|1698708563\n|move|p1a: Pikachu|Fake Out|p2a: Naganadel\n|-damage|p2a: Naganadel|76\/100\n|cant|p2a: Naganadel|flinch\n|\n|upkeep\n|turn|4\n|\n|t:|1698708565\n|move|p2a: Naganadel|Dark Pulse|p1a: Pikachu\n|-damage|p1a: Pikachu|0 fnt\n|faint|p1a: Pikachu\n|-ability|p2a: Naganadel|Beast Boost|boost\n|-boost|p2a: Naganadel|spe|1\n|\n|upkeep\n|\n|t:|1698708568\n|switch|p1a: Dracovish|Dracovish|100\/100\n|turn|5\n|\n|t:|1698708576\n|move|p2a: Naganadel|Dark Pulse|p1a: Dracovish\n|-damage|p1a: Dracovish|45\/100\n|move|p1a: Dracovish|Outrage|p2a: Naganadel\n|-supereffective|p2a: Naganadel\n|-damage|p2a: Naganadel|0 fnt\n|faint|p2a: Naganadel\n|\n|upkeep\n|\n|t:|1698708591\n|switch|p2a: Melmetal|Melmetal|100\/100\n|turn|6\n|\n|t:|1698708607\n|move|p1a: Dracovish|Outrage|p2a: Melmetal|[from]lockedmove\n|-resisted|p2a: Melmetal\n|-damage|p2a: Melmetal|86\/100\n|move|p2a: Melmetal|Thunder Wave|p1a: Dracovish\n|-status|p1a: Dracovish|par\n|\n|upkeep\n|turn|7\n|\n|t:|1698708611\n|move|p1a: Dracovish|Outrage|p2a: Melmetal|[from]lockedmove\n|-resisted|p2a: Melmetal\n|-damage|p2a: Melmetal|72\/100\n|-start|p1a: Dracovish|confusion|[fatigue]\n|move|p2a: Melmetal|Acid Armor|p2a: Melmetal\n|-boost|p2a: Melmetal|def|2\n|\n|upkeep\n|turn|8\n|\n|t:|1698708617\n|-activate|p1a: Dracovish|confusion\n|move|p1a: Dracovish|Outrage|p2a: Melmetal\n|-resisted|p2a: Melmetal\n|-damage|p2a: Melmetal|65\/100\n|move|p2a: Melmetal|Double Iron Bash|p1a: Dracovish\n|-resisted|p1a: Dracovish\n|-damage|p1a: Dracovish|14\/100 par\n|-resisted|p1a: Dracovish\n|-damage|p1a: Dracovish|0 fnt\n|faint|p1a: Dracovish\n|-hitcount|p1: Dracovish|2\n|-damage|p2a: Melmetal|55\/100|[from] item: Life Orb\n|\n|upkeep\n|\n|t:|1698708619\n|switch|p1a: Lucario|Lucario, F|100\/100\n|turn|9\n|\n|t:|1698708626\n|detailschange|p1a: Lucario|Lucario-Mega, F\n|-mega|p1a: Lucario|Lucario|Lucarionite\n|move|p1a: Lucario|Aura Sphere|p2a: Melmetal\n|-supereffective|p2a: Melmetal\n|-crit|p2a: Melmetal\n|-damage|p2a: Melmetal|0 fnt\n|faint|p2a: Melmetal\n|\n|upkeep\n|\n|t:|1698708637\n|switch|p2a: Incineroar|Incineroar, F|100\/100\n|turn|10\n|\n|t:|1698708651\n|move|p1a: Lucario|Aura Sphere|p2a: Incineroar\n|-supereffective|p2a: Incineroar\n|-crit|p2a: Incineroar\n|-damage|p2a: Incineroar|0 fnt\n|faint|p2a: Incineroar\n|\n|upkeep\n|c|\u2606hanagakiUBD|Uff\n|\n|t:|1698708657\n|switch|p2a: Rotom|Rotom-Heat|100\/100\n|turn|11\n|\n|t:|1698708662\n|move|p2a: Rotom|Overheat|p1a: Lucario\n|-supereffective|p1a: Lucario\n|-damage|p1a: Lucario|0 fnt\n|-unboost|p2a: Rotom|spa|2\n|faint|p1a: Lucario\n|\n|upkeep\n|\n|t:|1698708670\n|switch|p1a: Dragonite|Dragonite, M|100\/100\n|turn|12\n|\n|t:|1698708672\n|move|p2a: Rotom|Overheat|p1a: Dragonite\n|-resisted|p1a: Dragonite\n|-damage|p1a: Dragonite|94\/100\n|-unboost|p2a: Rotom|spa|2\n|move|p1a: Dragonite|Dragon Dance|p1a: Dragonite\n|-boost|p1a: Dragonite|atk|1\n|-boost|p1a: Dragonite|spe|1\n|\n|-heal|p1a: Dragonite|99\/100|[from] item: Leftovers\n|upkeep\n|turn|13\n|\n|t:|1698708676\n|switch|p2a: Decidueye|Decidueye, F|100\/100\n|move|p1a: Dragonite|Dragon Dance|p1a: Dragonite\n|-boost|p1a: Dragonite|atk|1\n|-boost|p1a: Dragonite|spe|1\n|\n|-heal|p1a: Dragonite|100\/100|[from] item: Leftovers\n|upkeep\n|turn|14\n|\n|t:|1698708681\n|move|p1a: Dragonite|Ice Spinner|p2a: Decidueye\n|-supereffective|p2a: Decidueye\n|-damage|p2a: Decidueye|0 fnt\n|-damage|p1a: Dragonite|84\/100|[from] item: Rocky Helmet|[of] p2a: Decidueye\n|faint|p2a: Decidueye\n|\n|-heal|p1a: Dragonite|90\/100|[from] item: Leftovers\n|upkeep\n|\n|t:|1698708683\n|switch|p2a: Lycanroc|Lycanroc-Dusk, F|100\/100\n|turn|15\n|\n|t:|1698708689\n|-terastallize|p1a: Dragonite|Normal\n|move|p2a: Lycanroc|Accelerock|p1a: Dragonite\n|-damage|p1a: Dragonite|66\/100\n|move|p1a: Dragonite|Earthquake|p2a: Lycanroc\n|-supereffective|p2a: Lycanroc\n|-damage|p2a: Lycanroc|0 fnt\n|faint|p2a: Lycanroc\n|\n|-heal|p1a: Dragonite|72\/100|[from] item: Leftovers\n|upkeep\n|\n|t:|1698708691\n|switch|p2a: Rotom|Rotom-Heat|100\/100\n|turn|16\n|\n|t:|1698708698\n|-terastallize|p2a: Rotom|Electric\n|move|p1a: Dragonite|Extreme Speed|p2a: Rotom\n|-damage|p2a: Rotom|0 fnt\n|faint|p2a: Rotom\n|\n|win|hanagakiUBD\n|l|\u203dDagarmilsombras\n","uploadtime":1698708711,"views":15,"p1id":"hanagakiubd","p2id":"dagarmilsombras","formatid":"gen9nationaldexubers","rating":0,"private":0,"password":""}