{"id":"gen9nationaldexubers-1981821379","p1":"fire heart 222","p2":"kaikalos","format":"[Gen 9] National Dex Ubers","log":"|j|\u2606fire heart 222\n|j|\u2606kaikalos\n|t:|1698944149\n|gametype|singles\n|player|p1|fire heart 222|169|1271\n|player|p2|kaikalos|schoolkid|1283\n|teamsize|p1|6\n|teamsize|p2|6\n|gen|9\n|tier|[Gen 9] National Dex Ubers\n|rated|\n|rule|HP Percentage Mod: HP is shown in percentages\n|rule|Endless Battle Clause: Forcing endless battles is banned\n|rule|OHKO Clause: OHKO moves are banned\n|rule|Evasion Moves Clause: Evasion moves are banned\n|rule|Evasion Items Clause: Evasion items are banned\n|rule|Species Clause: Limit one of each Pok\u00e9mon\n|rule|Sleep Clause Mod: Limit one foe put to sleep\n|rule|Mega Rayquaza Clause: You cannot mega evolve Rayquaza\n|clearpoke\n|poke|p1|Ogerpon-Hearthflame, F|\n|poke|p1|Arceus-Ghost|\n|poke|p1|Naganadel|\n|poke|p1|Metagross|\n|poke|p1|Glimmora, M|\n|poke|p1|Lugia|\n|poke|p2|Ogerpon, F|\n|poke|p2|Ceruledge, F|\n|poke|p2|Azumarill, F|\n|poke|p2|Lopunny, F|\n|poke|p2|Necrozma-Dawn-Wings|\n|poke|p2|Togedemaru, L1, M|\n|teampreview\n|\n|t:|1698944153\n|start\n|switch|p1a: Glimmora|Glimmora, M|100\/100\n|switch|p2a: Necrozma|Necrozma-Dawn-Wings|100\/100\n|turn|1\n|\n|t:|1698944166\n|move|p1a: Glimmora|Mortal Spin|p2a: Necrozma\n|-resisted|p2a: Necrozma\n|-damage|p2a: Necrozma|98\/100\n|-status|p2a: Necrozma|psn\n|move|p2a: Necrozma|Photon Geyser|p1a: Glimmora\n|-supereffective|p1a: Glimmora\n|-enditem|p1a: Glimmora|Focus Sash\n|-damage|p1a: Glimmora|1\/100\n|\n|-damage|p2a: Necrozma|85\/100 psn|[from] psn\n|upkeep\n|turn|2\n|\n|t:|1698944178\n|detailschange|p2a: Necrozma|Necrozma-Ultra\n|-burst|p2a: Necrozma|Necrozma|Ultranecrozium Z\n|move|p2a: Necrozma|Photon Geyser|p1a: Glimmora\n|-supereffective|p1a: Glimmora\n|-damage|p1a: Glimmora|0 fnt\n|faint|p1a: Glimmora\n|\n|-damage|p2a: Necrozma|73\/100 psn|[from] psn\n|upkeep\n|\n|t:|1698944200\n|switch|p1a: Lugia|Lugia, shiny|100\/100\n|turn|3\n|\n|t:|1698944217\n|move|p2a: Necrozma|Moongeist Beam|p1a: Lugia\n|-supereffective|p1a: Lugia\n|-damage|p1a: Lugia|42\/100\n|move|p1a: Lugia|Psychic|p2a: Necrozma\n|-resisted|p2a: Necrozma\n|-damage|p2a: Necrozma|59\/100 psn\n|\n|-heal|p1a: Lugia|48\/100|[from] item: Leftovers\n|-damage|p2a: Necrozma|46\/100 psn|[from] psn\n|upkeep\n|turn|4\n|inactive|Battle timer is ON: inactive players will automatically lose when time's up. (requested by kaikalos)\n|\n|t:|1698944267\n|move|p2a: Necrozma|Moongeist Beam|p1a: Lugia\n|-supereffective|p1a: Lugia\n|-damage|p1a: Lugia|0 fnt\n|faint|p1a: Lugia\n|\n|-damage|p2a: Necrozma|34\/100 psn|[from] psn\n|upkeep\n|\n|t:|1698944275\n|switch|p1a: Ogerpon|Ogerpon-Hearthflame, F|100\/100\n|-ability|p1a: Ogerpon|Mold Breaker\n|turn|5\n|\n|t:|1698944290\n|switch|p1a: Arceus|Arceus-Ghost|100\/100\n|-zpower|p2a: Necrozma\n|move|p2a: Necrozma|Light That Burns the Sky|p1a: Arceus|[zeffect]\n|-damage|p1a: Arceus|2\/100\n|\n|-damage|p2a: Necrozma|21\/100 psn|[from] psn\n|upkeep\n|turn|6\n|\n|t:|1698944301\n|move|p1a: Arceus|Extreme Speed|p2a: Necrozma\n|-damage|p2a: Necrozma|1\/100 psn\n|move|p2a: Necrozma|Photon Geyser|p1a: Arceus\n|-damage|p1a: Arceus|0 fnt\n|faint|p1a: Arceus\n|\n|-damage|p2a: Necrozma|0 fnt|[from] psn\n|faint|p2a: Necrozma\n|upkeep\n|\n|t:|1698944313\n|switch|p2a: Ratoelho|Azumarill, F, shiny|100\/100\n|switch|p1a: Ogerpon|Ogerpon-Hearthflame, F|100\/100\n|-ability|p1a: Ogerpon|Mold Breaker\n|turn|7\n|inactive|fire heart 222 has 120 seconds left.\n|\n|t:|1698944349\n|-terastallize|p1a: Ogerpon|Fire\n|detailschange|p1a: Ogerpon|Ogerpon-Hearthflame-Tera, F, tera:Fire\n|-ability|p1a: Ogerpon|Embody Aspect (Hearthflame)|boost\n|-boost|p1a: Ogerpon|atk|1\n|move|p1a: Ogerpon|Substitute|p1a: Ogerpon\n|-start|p1a: Ogerpon|Substitute\n|-damage|p1a: Ogerpon|76\/100\n|move|p2a: Ratoelho|Ice Spinner|p1a: Ogerpon\n|-resisted|p1a: Ogerpon\n|-activate|p1a: Ogerpon|move: Substitute|[damage]\n|\n|upkeep\n|turn|8\n|inactive|fire heart 222 has 120 seconds left.\n|\n|t:|1698944360\n|move|p2a: Ratoelho|Aqua Jet|p1a: Ogerpon\n|-supereffective|p1a: Ogerpon\n|-end|p1a: Ogerpon|Substitute\n|move|p1a: Ogerpon|Swords Dance|p1a: Ogerpon\n|-boost|p1a: Ogerpon|atk|2\n|\n|upkeep\n|turn|9\n|\n|t:|1698944370\n|move|p2a: Ratoelho|Aqua Jet|p1a: Ogerpon\n|-supereffective|p1a: Ogerpon\n|-crit|p1a: Ogerpon\n|-damage|p1a: Ogerpon|0 fnt\n|faint|p1a: Ogerpon\n|\n|upkeep\n|-message|fire heart 222 forfeited.\n|\n|win|kaikalos\n|raw|fire heart 222's rating: 1271 &rarr; <strong>1247<\/strong><br \/>(-24 for losing)\n|raw|kaikalos's rating: 1283 &rarr; <strong>1307<\/strong><br \/>(+24 for winning)\n|l|\u2606fire heart 222\n","uploadtime":1698944384,"views":8,"p1id":"fireheart222","p2id":"kaikalos","formatid":"gen9nationaldexubers","rating":1247,"private":0,"password":""}