{"id":"gen9nationaldexubers-1995646797","p1":"KingoftheTitans","p2":"KallaxDino","format":"[Gen 9] National Dex Ubers","log":"|j|\u2606KingoftheTitans\n|j|\u2606KallaxDino\n|t:|1700590483\n|gametype|singles\n|player|p1|KingoftheTitans|265|\n|player|p2|KallaxDino|101|\n|teamsize|p1|6\n|teamsize|p2|6\n|gen|9\n|tier|[Gen 9] National Dex Ubers\n|rule|HP Percentage Mod: HP is shown in percentages\n|rule|Endless Battle Clause: Forcing endless battles is banned\n|rule|OHKO Clause: OHKO moves are banned\n|rule|Evasion Moves Clause: Evasion moves are banned\n|rule|Evasion Items Clause: Evasion items are banned\n|rule|Species Clause: Limit one of each Pok\u00e9mon\n|rule|Sleep Clause Mod: Limit one foe put to sleep\n|rule|Mega Rayquaza Clause: You cannot mega evolve Rayquaza\n|clearpoke\n|poke|p1|Charizard, M|\n|poke|p1|Greninja-*, M|\n|poke|p1|Serperior, F|\n|poke|p1|Tyranitar, M|\n|poke|p1|Excadrill, M|\n|poke|p1|Dracozolt|\n|poke|p2|Groudon|\n|poke|p2|Kyogre|\n|poke|p2|Mewtwo|\n|poke|p2|Kyurem-Black|\n|poke|p2|Ogerpon-Cornerstone, F|\n|poke|p2|Arceus|\n|teampreview\n|\n|t:|1700590493\n|start\n|switch|p1a: Tyranitar|Tyranitar, M|100\/100\n|switch|p2a: Ogerpon|Ogerpon-Cornerstone, F|100\/100\n|-weather|Sandstorm|[from] ability: Sand Stream|[of] p1a: Tyranitar\n|turn|1\n|j| theosjhung\n|c| theosjhung|timer\n|c| theosjhung|now\n|\n|t:|1700590539\n|switch|p1a: Excadrill|Excadrill, M|100\/100\n|move|p2a: Ogerpon|Horn Leech|p1a: Excadrill\n|-damage|p1a: Excadrill|35\/100\n|\n|-weather|Sandstorm|[upkeep]\n|upkeep\n|turn|2\n|inactive|Battle timer is ON: inactive players will automatically lose when time's up. (requested by KingoftheTitans)\n|\n|t:|1700590551\n|-terastallize|p2a: Ogerpon|Rock\n|detailschange|p2a: Ogerpon|Ogerpon-Cornerstone-Tera, F, tera:Rock\n|-ability|p2a: Ogerpon|Embody Aspect (Cornerstone)|boost\n|-boost|p2a: Ogerpon|def|1\n|move|p1a: Excadrill|Iron Head|p2a: Ogerpon\n|-supereffective|p2a: Ogerpon\n|-crit|p2a: Ogerpon\n|-damage|p2a: Ogerpon|0 fnt\n|faint|p2a: Ogerpon\n|\n|-weather|Sandstorm|[upkeep]\n|upkeep\n|c| theosjhung|:(\n|inactive|KallaxDino has 270 seconds left.\n|\n|t:|1700590581\n|switch|p2a: Groudon|Groudon|100\/100\n|detailschange|p2a: Groudon|Groudon-Primal\n|-primal|p2a: Groudon|Red Orb\n|-weather|DesolateLand|[from] ability: Desolate Land|[of] p2a: Groudon\n|turn|3\n|\n|t:|1700590598\n|switch|p1a: Charizard|Charizard, M|100\/100\n|move|p2a: Groudon|Heat Crash|p1a: Charizard\n|-resisted|p1a: Charizard\n|-damage|p1a: Charizard|11\/100\n|\n|-weather|DesolateLand|[upkeep]\n|upkeep\n|turn|4\n|inactive|KallaxDino has 270 seconds left.\n|\n|t:|1700590620\n|-weather|none\n|switch|p2a: Kyogre|Kyogre|100\/100\n|detailschange|p2a: Kyogre|Kyogre-Primal\n|-primal|p2a: Kyogre|Blue Orb\n|-weather|PrimordialSea|[from] ability: Primordial Sea|[of] p2a: Kyogre\n|detailschange|p1a: Charizard|Charizard-Mega-X, M\n|-mega|p1a: Charizard|Charizard|Charizardite X\n|move|p1a: Charizard|Earthquake|p2a: Kyogre\n|-damage|p2a: Kyogre|66\/100\n|\n|-weather|PrimordialSea|[upkeep]\n|upkeep\n|turn|5\n|inactive|KallaxDino has 270 seconds left.\n|\n|t:|1700590633\n|move|p1a: Charizard|Dragon Claw|p2a: Kyogre\n|-damage|p2a: Kyogre|8\/100\n|move|p2a: Kyogre|Origin Pulse|p1a: Charizard\n|-damage|p1a: Charizard|0 fnt\n|faint|p1a: Charizard\n|\n|-weather|PrimordialSea|[upkeep]\n|upkeep\n|\n|t:|1700590649\n|switch|p1a: Excadrill|Excadrill, M|35\/100\n|turn|6\n|inactive|KallaxDino has 270 seconds left.\n|\n|t:|1700590663\n|move|p1a: Excadrill|Rapid Spin|p2a: Kyogre\n|-damage|p2a: Kyogre|0 fnt\n|-boost|p1a: Excadrill|spe|1\n|faint|p2a: Kyogre\n|-weather|none\n|\n|upkeep\n|inactive|KallaxDino has 270 seconds left.\n|\n|t:|1700590681\n|switch|p2a: Kyurem|Kyurem-Black|100\/100\n|-ability|p2a: Kyurem|Teravolt\n|turn|7\n|\n|t:|1700590693\n|move|p1a: Excadrill|Iron Head|p2a: Kyurem\n|-supereffective|p2a: Kyurem\n|-damage|p2a: Kyurem|23\/100\n|cant|p2a: Kyurem|flinch\n|\n|upkeep\n|turn|8\n|inactive|KallaxDino has 270 seconds left.\n|\n|t:|1700590704\n|move|p1a: Excadrill|Iron Head|p2a: Kyurem\n|-supereffective|p2a: Kyurem\n|-damage|p2a: Kyurem|0 fnt\n|faint|p2a: Kyurem\n|\n|upkeep\n|\n|t:|1700590717\n|switch|p2a: Groudon|Groudon-Primal|100\/100\n|-weather|DesolateLand|[from] ability: Desolate Land|[of] p2a: Groudon\n|turn|9\n|\n|t:|1700590722\n|move|p1a: Excadrill|Earthquake|p2a: Groudon\n|-supereffective|p2a: Groudon\n|-damage|p2a: Groudon|33\/100\n|move|p2a: Groudon|Precipice Blades|p1a: Excadrill\n|-supereffective|p1a: Excadrill\n|-damage|p1a: Excadrill|0 fnt\n|faint|p1a: Excadrill\n|\n|-weather|DesolateLand|[upkeep]\n|upkeep\n|\n|t:|1700590732\n|switch|p1a: Greninja|Greninja, M|100\/100\n|turn|10\n|inactive|KallaxDino has 270 seconds left.\n|\n|t:|1700590746\n|-weather|none\n|switch|p2a: Arceus|Arceus|100\/100\n|move|p1a: Greninja|Dark Pulse|p2a: Arceus\n|-damage|p2a: Arceus|64\/100\n|-damage|p1a: Greninja|91\/100|[from] item: Life Orb\n|\n|upkeep\n|turn|11\n|inactive|KallaxDino has 270 seconds left.\n|\n|t:|1700590764\n|move|p1a: Greninja|Dark Pulse|p2a: Arceus\n|-damage|p2a: Arceus|27\/100\n|-damage|p1a: Greninja|81\/100|[from] item: Life Orb\n|move|p2a: Arceus|Shadow Force||[still]\n|-prepare|p2a: Arceus|Shadow Force\n|\n|upkeep\n|turn|12\n|inactive|KallaxDino has 270 seconds left.\n|\n|t:|1700590774\n|switch|p1a: Tyranitar|Tyranitar, M|100\/100\n|-weather|Sandstorm|[from] ability: Sand Stream|[of] p1a: Tyranitar\n|move|p2a: Arceus|Shadow Force|p1a: Tyranitar|[from]lockedmove\n|-resisted|p1a: Tyranitar\n|-damage|p1a: Tyranitar|81\/100\n|-damage|p2a: Arceus|17\/100|[from] item: Life Orb\n|\n|-weather|Sandstorm|[upkeep]\n|-damage|p2a: Arceus|11\/100|[from] Sandstorm\n|upkeep\n|turn|13\n|inactive|KallaxDino has 270 seconds left.\n|\n|t:|1700590785\n|switch|p2a: Mewtwo|Mewtwo|100\/100\n|-ability|p2a: Mewtwo|Pressure\n|move|p1a: Tyranitar|Knock Off|p2a: Mewtwo\n|-supereffective|p2a: Mewtwo\n|-damage|p2a: Mewtwo|27\/100\n|\n|-weather|Sandstorm|[upkeep]\n|-damage|p2a: Mewtwo|21\/100|[from] Sandstorm\n|upkeep\n|turn|14\n|inactive|KallaxDino has 270 seconds left.\n|\n|t:|1700590798\n|detailschange|p2a: Mewtwo|Mewtwo-Mega-X\n|-mega|p2a: Mewtwo|Mewtwo|Mewtwonite X\n|move|p2a: Mewtwo|Bulk Up|p2a: Mewtwo\n|-boost|p2a: Mewtwo|atk|1\n|-boost|p2a: Mewtwo|def|1\n|move|p1a: Tyranitar|Earthquake|p2a: Mewtwo\n|-damage|p2a: Mewtwo|0 fnt\n|faint|p2a: Mewtwo\n|\n|-weather|Sandstorm|[upkeep]\n|upkeep\n|inactive|KallaxDino has 270 seconds left.\n|\n|t:|1700590807\n|switch|p2a: Groudon|Groudon-Primal|33\/100\n|-weather|DesolateLand|[from] ability: Desolate Land|[of] p2a: Groudon\n|turn|15\n|\n|t:|1700590824\n|move|p2a: Groudon|Bulk Up|p2a: Groudon\n|-boost|p2a: Groudon|atk|1\n|-boost|p2a: Groudon|def|1\n|move|p1a: Tyranitar|Earthquake|p2a: Groudon\n|-supereffective|p2a: Groudon\n|-damage|p2a: Groudon|5\/100\n|\n|-weather|DesolateLand|[upkeep]\n|upkeep\n|turn|16\n|\n|t:|1700590834\n|switch|p1a: Serperior|Serperior, F|100\/100\n|move|p2a: Groudon|Heat Crash|p1a: Serperior\n|-supereffective|p1a: Serperior\n|-damage|p1a: Serperior|0 fnt\n|faint|p1a: Serperior\n|\n|-weather|DesolateLand|[upkeep]\n|upkeep\n|\n|t:|1700590841\n|switch|p1a: Greninja|Greninja, M|81\/100\n|turn|17\n|\n|t:|1700590854\n|move|p1a: Greninja|Dark Pulse|p2a: Groudon\n|-damage|p2a: Groudon|0 fnt\n|faint|p2a: Groudon\n|-weather|none\n|-ability|p1a: Greninja|Battle Bond|boost\n|-boost|p1a: Greninja|atk|1\n|-boost|p1a: Greninja|spa|1\n|-boost|p1a: Greninja|spe|1\n|-activate|p1a: Greninja|ability: Battle Bond\n|-damage|p1a: Greninja|71\/100|[from] item: Life Orb\n|\n|upkeep\n|\n|t:|1700590862\n|switch|p2a: Arceus|Arceus|11\/100\n|turn|18\n|\n|t:|1700590866\n|move|p2a: Arceus|Extreme Speed|p1a: Greninja\n|-damage|p1a: Greninja|0 fnt\n|faint|p1a: Greninja\n|-damage|p2a: Arceus|1\/100|[from] item: Life Orb\n|\n|upkeep\n|\n|t:|1700590873\n|switch|p1a: Tyranitar|Tyranitar, M|81\/100\n|-weather|Sandstorm|[from] ability: Sand Stream|[of] p1a: Tyranitar\n|turn|19\n|c|\u2606KingoftheTitans|gg\n|\n|t:|1700590879\n|move|p2a: Arceus|Extreme Speed|p1a: Tyranitar\n|-resisted|p1a: Tyranitar\n|-damage|p1a: Tyranitar|62\/100\n|-damage|p2a: Arceus|0 fnt|[from] item: Life Orb\n|faint|p2a: Arceus\n|\n|win|KingoftheTitans\n","uploadtime":1700590892,"views":0,"p1id":"kingofthetitans","p2id":"kallaxdino","formatid":"gen9nationaldexubers","rating":0,"private":0,"password":""}