{"id":"gen9nationaldexubers-1982248951","p1":"Lololosh","p2":"7vxk","format":"[Gen 9] National Dex Ubers","log":"|j|\u2606Lololosh\n|j|\u26067vxk\n|t:|1698984319\n|gametype|singles\n|player|p1|Lololosh|1|1290\n|player|p2|7vxk|winona|1359\n|teamsize|p1|6\n|teamsize|p2|6\n|gen|9\n|tier|[Gen 9] National Dex Ubers\n|rated|\n|rule|HP Percentage Mod: HP is shown in percentages\n|rule|Endless Battle Clause: Forcing endless battles is banned\n|rule|OHKO Clause: OHKO moves are banned\n|rule|Evasion Moves Clause: Evasion moves are banned\n|rule|Evasion Items Clause: Evasion items are banned\n|rule|Species Clause: Limit one of each Pok\u00e9mon\n|rule|Sleep Clause Mod: Limit one foe put to sleep\n|rule|Mega Rayquaza Clause: You cannot mega evolve Rayquaza\n|clearpoke\n|poke|p1|Kangaskhan, F|\n|poke|p1|Jirachi|\n|poke|p1|Shaymin-Sky|\n|poke|p1|Blaziken, M|\n|poke|p1|Groudon|\n|poke|p1|Ditto|\n|poke|p2|Flutter Mane|\n|poke|p2|Necrozma-Dusk-Mane|\n|poke|p2|Marshadow|\n|poke|p2|Banette, M|\n|poke|p2|Dracovish|\n|poke|p2|Zacian-*|\n|teampreview\n|\n|t:|1698984330\n|start\n|switch|p1a: Groudon|Groudon|100\/100\n|switch|p2a: Marshadow|Marshadow|100\/100\n|detailschange|p1a: Groudon|Groudon-Primal\n|-primal|p1a: Groudon|Red Orb\n|-weather|DesolateLand|[from] ability: Desolate Land|[of] p1a: Groudon\n|turn|1\n|\n|t:|1698984335\n|-zpower|p2a: Marshadow\n|move|p2a: Marshadow|Soul-Stealing 7-Star Strike|p1a: Groudon|[zeffect]\n|-damage|p1a: Groudon|30\/100\n|move|p1a: Groudon|Rock Polish|p1a: Groudon\n|-boost|p1a: Groudon|spe|2\n|\n|-weather|DesolateLand|[upkeep]\n|upkeep\n|turn|2\n|\n|t:|1698984340\n|move|p1a: Groudon|Precipice Blades|p2a: Marshadow\n|-damage|p2a: Marshadow|0 fnt\n|faint|p2a: Marshadow\n|\n|-weather|DesolateLand|[upkeep]\n|upkeep\n|\n|t:|1698984354\n|switch|p2a: Flutter Mane|Flutter Mane|100\/100\n|-enditem|p2a: Flutter Mane|Booster Energy\n|-activate|p2a: Flutter Mane|ability: Protosynthesis|[fromitem]\n|-start|p2a: Flutter Mane|protosynthesisspe\n|turn|3\n|inactive|Battle timer is ON: inactive players will automatically lose when time's up. (requested by Lololosh)\n|\n|t:|1698984365\n|move|p2a: Flutter Mane|Night Shade|p1a: Groudon\n|-damage|p1a: Groudon|1\/100\n|move|p1a: Groudon|Precipice Blades|p2a: Flutter Mane\n|-damage|p2a: Flutter Mane|0 fnt\n|faint|p2a: Flutter Mane\n|-end|p2a: Flutter Mane|Protosynthesis|[silent]\n|\n|-weather|DesolateLand|[upkeep]\n|upkeep\n|\n|t:|1698984368\n|switch|p2a: Banette|Banette, M|100\/100\n|turn|4\n|\n|t:|1698984371\n|move|p2a: Banette|Shadow Sneak|p1a: Groudon\n|-damage|p1a: Groudon|0 fnt\n|faint|p1a: Groudon\n|-weather|none\n|\n|upkeep\n|\n|t:|1698984375\n|switch|p1a: Kangaskhan|Kangaskhan, F|100\/100\n|turn|5\n|\n|t:|1698984386\n|detailschange|p2a: Banette|Banette-Mega, M\n|-mega|p2a: Banette|Banette|Banettite\n|move|p1a: Kangaskhan|Fake Out|p2a: Banette\n|-damage|p2a: Banette|77\/100\n|cant|p2a: Banette|flinch\n|\n|upkeep\n|turn|6\n|\n|t:|1698984392\n|detailschange|p1a: Kangaskhan|Kangaskhan-Mega, F\n|-mega|p1a: Kangaskhan|Kangaskhan|Kangaskhanite\n|move|p1a: Kangaskhan|Sucker Punch||[still]\n|-fail|p1a: Kangaskhan\n|move|p2a: Banette|Destiny Bond|p2a: Banette\n|-singlemove|p2a: Banette|Destiny Bond\n|\n|upkeep\n|turn|7\n|\n|t:|1698984401\n|move|p2a: Banette|Swords Dance|p2a: Banette\n|-boost|p2a: Banette|atk|2\n|move|p1a: Kangaskhan|Earthquake|p2a: Banette\n|-damage|p2a: Banette|34\/100\n|-damage|p2a: Banette|24\/100\n|-hitcount|p2a: Banette|2\n|\n|upkeep\n|turn|8\n|\n|t:|1698984405\n|move|p2a: Banette|Destiny Bond|p2a: Banette\n|-singlemove|p2a: Banette|Destiny Bond\n|move|p1a: Kangaskhan|Earthquake|p2a: Banette\n|-damage|p2a: Banette|0 fnt\n|faint|p2a: Banette\n|-activate|p2a: Banette|move: Destiny Bond\n|faint|p1a: Kangaskhan\n|-hitcount|p2: Banette|1\n|\n|upkeep\n|\n|t:|1698984416\n|switch|p1a: Blaziken|Blaziken, M|100\/100\n|switch|p2a: Zacian|Zacian-Crowned|100\/100\n|-ability|p2a: Zacian|Intrepid Sword|boost\n|-boost|p2a: Zacian|atk|1\n|turn|9\n|\n|t:|1698984421\n|move|p1a: Blaziken|Protect|p1a: Blaziken\n|-singleturn|p1a: Blaziken|Protect\n|move|p2a: Zacian|Play Rough|p1a: Blaziken\n|-activate|p1a: Blaziken|move: Protect\n|\n|-ability|p1a: Blaziken|Speed Boost|boost\n|-boost|p1a: Blaziken|spe|1\n|upkeep\n|turn|10\n|\n|t:|1698984430\n|-terastallize|p1a: Blaziken|Fire\n|move|p1a: Blaziken|Protect|p1a: Blaziken\n|-singleturn|p1a: Blaziken|Protect\n|move|p2a: Zacian|Brick Break|p1a: Blaziken\n|-activate|p1a: Blaziken|move: Protect\n|\n|-ability|p1a: Blaziken|Speed Boost|boost\n|-boost|p1a: Blaziken|spe|1\n|upkeep\n|turn|11\n|c|\u26067vxk|How does that work\n|\n|t:|1698984450\n|move|p1a: Blaziken|Blaze Kick|p2a: Zacian\n|-supereffective|p2a: Zacian\n|-damage|p2a: Zacian|0 fnt\n|faint|p2a: Zacian\n|\n|-ability|p1a: Blaziken|Speed Boost|boost\n|-boost|p1a: Blaziken|spe|1\n|upkeep\n|\n|t:|1698984456\n|switch|p2a: Dracovish|Dracovish|100\/100\n|turn|12\n|\n|t:|1698984463\n|move|p1a: Blaziken|Close Combat|p2a: Dracovish\n|-damage|p2a: Dracovish|32\/100\n|-unboost|p1a: Blaziken|def|1\n|-unboost|p1a: Blaziken|spd|1\n|move|p2a: Dracovish|Fishious Rend|p1a: Blaziken\n|-supereffective|p1a: Blaziken\n|-enditem|p1a: Blaziken|Focus Sash\n|-damage|p1a: Blaziken|1\/100\n|\n|-ability|p1a: Blaziken|Speed Boost|boost\n|-boost|p1a: Blaziken|spe|1\n|upkeep\n|turn|13\n|\n|t:|1698984473\n|move|p1a: Blaziken|Close Combat|p2a: Dracovish\n|-damage|p2a: Dracovish|0 fnt\n|-unboost|p1a: Blaziken|def|1\n|-unboost|p1a: Blaziken|spd|1\n|faint|p2a: Dracovish\n|\n|-ability|p1a: Blaziken|Speed Boost|boost\n|-boost|p1a: Blaziken|spe|1\n|upkeep\n|\n|t:|1698984475\n|switch|p2a: Necrozma|Necrozma-Dusk-Mane|100\/100\n|turn|14\n|\n|t:|1698984486\n|move|p1a: Blaziken|Blaze Kick|p2a: Necrozma\n|-supereffective|p2a: Necrozma\n|-damage|p2a: Necrozma|42\/100\n|-enditem|p2a: Necrozma|Weakness Policy\n|-boost|p2a: Necrozma|atk|2|[from] item: Weakness Policy\n|-boost|p2a: Necrozma|spa|2|[from] item: Weakness Policy\n|move|p2a: Necrozma|Stored Power|p1a: Blaziken\n|-damage|p1a: Blaziken|0 fnt\n|faint|p1a: Blaziken\n|\n|upkeep\n|\n|t:|1698984491\n|switch|p1a: Ditto|Ditto|100\/100\n|-transform|p1a: Ditto|p2a: Necrozma|[from] ability: Imposter\n|turn|15\n|\n|t:|1698984503\n|move|p1a: Ditto|Iron Defense|p1a: Ditto\n|-boost|p1a: Ditto|def|2\n|move|p2a: Necrozma|Autotomize|p2a: Necrozma\n|-boost|p2a: Necrozma|spe|2\n|-start|p2a: Necrozma|Autotomize\n|\n|upkeep\n|turn|16\n|\n|t:|1698984507\n|move|p2a: Necrozma|Morning Sun|p2a: Necrozma\n|-heal|p2a: Necrozma|92\/100\n|move|p1a: Ditto|Iron Defense|p1a: Ditto\n|-boost|p1a: Ditto|def|2\n|\n|upkeep\n|turn|17\n|\n|t:|1698984516\n|move|p2a: Necrozma|Autotomize|p2a: Necrozma\n|-boost|p2a: Necrozma|spe|2\n|-start|p2a: Necrozma|Autotomize\n|move|p1a: Ditto|Iron Defense|p1a: Ditto\n|-boost|p1a: Ditto|def|2\n|\n|upkeep\n|turn|18\n|\n|t:|1698984520\n|move|p2a: Necrozma|Autotomize|p2a: Necrozma\n|-boost|p2a: Necrozma|spe|2\n|-start|p2a: Necrozma|Autotomize\n|move|p1a: Ditto|Iron Defense|p1a: Ditto\n|-boost|p1a: Ditto|def|0\n|\n|upkeep\n|turn|19\n|\n|t:|1698984526\n|move|p2a: Necrozma|Iron Defense|p2a: Necrozma\n|-boost|p2a: Necrozma|def|2\n|move|p1a: Ditto|Iron Defense|p1a: Ditto\n|-boost|p1a: Ditto|def|0\n|\n|upkeep\n|turn|20\n|\n|t:|1698984530\n|switch|p1a: Jirachi|Jirachi, shiny|100\/100\n|move|p2a: Necrozma|Stored Power|p1a: Jirachi\n|-resisted|p1a: Jirachi\n|-damage|p1a: Jirachi|53\/100\n|\n|upkeep\n|turn|21\n|\n|t:|1698984537\n|move|p2a: Necrozma|Stored Power|p1a: Jirachi\n|-resisted|p1a: Jirachi\n|-damage|p1a: Jirachi|4\/100\n|-zpower|p1a: Jirachi\n|move|p1a: Jirachi|Z-Happy Hour|p1a: Jirachi|[anim]Happy Hour\n|-boost|p1a: Jirachi|atk|1|[zeffect]\n|-boost|p1a: Jirachi|def|1|[zeffect]\n|-boost|p1a: Jirachi|spa|1|[zeffect]\n|-boost|p1a: Jirachi|spd|1|[zeffect]\n|-boost|p1a: Jirachi|spe|1|[zeffect]\n|\n|upkeep\n|turn|22\n|\n|t:|1698984543\n|move|p2a: Necrozma|Stored Power|p1a: Jirachi\n|-resisted|p1a: Jirachi\n|-damage|p1a: Jirachi|0 fnt\n|faint|p1a: Jirachi\n|\n|upkeep\n|\n|t:|1698984547\n|switch|p1a: Ditto|Ditto|100\/100\n|-transform|p1a: Ditto|p2a: Necrozma|[from] ability: Imposter\n|turn|23\n|\n|t:|1698984557\n|move|p1a: Ditto|Stored Power|p2a: Necrozma\n|-resisted|p2a: Necrozma\n|-damage|p2a: Necrozma|54\/100\n|move|p2a: Necrozma|Stored Power|p1a: Ditto\n|-resisted|p1a: Ditto\n|-damage|p1a: Ditto|53\/100\n|\n|upkeep\n|turn|24\n|\n|t:|1698984568\n|move|p1a: Ditto|Stored Power|p2a: Necrozma\n|-resisted|p2a: Necrozma\n|-damage|p2a: Necrozma|13\/100\n|move|p2a: Necrozma|Morning Sun|p2a: Necrozma\n|-heal|p2a: Necrozma|63\/100\n|\n|upkeep\n|turn|25\n|\n|t:|1698984572\n|move|p1a: Ditto|Stored Power|p2a: Necrozma\n|-resisted|p2a: Necrozma\n|-damage|p2a: Necrozma|24\/100\n|move|p2a: Necrozma|Stored Power|p1a: Ditto\n|-resisted|p1a: Ditto\n|-damage|p1a: Ditto|3\/100\n|\n|upkeep\n|turn|26\n|\n|t:|1698984581\n|move|p1a: Ditto|Stored Power|p2a: Necrozma\n|-resisted|p2a: Necrozma\n|-damage|p2a: Necrozma|0 fnt\n|faint|p2a: Necrozma\n|\n|win|Lololosh\n|raw|Lololosh's rating: 1290 &rarr; <strong>1320<\/strong><br \/>(+30 for winning)\n|raw|7vxk's rating: 1359 &rarr; <strong>1335<\/strong><br \/>(-24 for losing)\n|l|\u26067vxk\n","uploadtime":1698984588,"views":14,"p1id":"lololosh","p2id":"7vxk","formatid":"gen9nationaldexubers","rating":1320,"private":0,"password":""}