{"id":"gen9nationaldexubers-1986148540","p1":"Chaitanya15","p2":"Malice Incarnate","format":"[Gen 9] National Dex Ubers","log":"|j|\u2606Chaitanya15\n|j|\u2606Malice Incarnate\n|t:|1699454806\n|gametype|singles\n|player|p1|Chaitanya15|266|1444\n|player|p2|Malice Incarnate|palmer|1586\n|teamsize|p1|6\n|teamsize|p2|6\n|gen|9\n|tier|[Gen 9] National Dex Ubers\n|rated|\n|rule|HP Percentage Mod: HP is shown in percentages\n|rule|Endless Battle Clause: Forcing endless battles is banned\n|rule|OHKO Clause: OHKO moves are banned\n|rule|Evasion Moves Clause: Evasion moves are banned\n|rule|Evasion Items Clause: Evasion items are banned\n|rule|Species Clause: Limit one of each Pok\u00e9mon\n|rule|Sleep Clause Mod: Limit one foe put to sleep\n|rule|Mega Rayquaza Clause: You cannot mega evolve Rayquaza\n|clearpoke\n|poke|p1|Kingambit, M|\n|poke|p1|Basculegion, M|\n|poke|p1|Kyogre|\n|poke|p1|Flutter Mane|\n|poke|p1|Deoxys-Speed|\n|poke|p1|Groudon|\n|poke|p2|Groudon|\n|poke|p2|Arceus-Dark|\n|poke|p2|Ho-Oh|\n|poke|p2|Zygarde|\n|poke|p2|Necrozma-Dusk-Mane|\n|poke|p2|Palkia-Origin|\n|teampreview\n|inactive|Battle timer is ON: inactive players will automatically lose when time's up. (requested by Malice Incarnate)\n|\n|t:|1699454819\n|start\n|switch|p1a: Flutter Mane|Flutter Mane|100\/100\n|switch|p2a: Necrozma|Necrozma-Dusk-Mane|100\/100\n|-enditem|p1a: Flutter Mane|Booster Energy\n|-activate|p1a: Flutter Mane|ability: Protosynthesis|[fromitem]\n|-start|p1a: Flutter Mane|protosynthesisspe\n|turn|1\n|\n|t:|1699454828\n|move|p1a: Flutter Mane|Shadow Ball|p2a: Necrozma\n|-supereffective|p2a: Necrozma\n|-damage|p2a: Necrozma|36\/100\n|move|p2a: Necrozma|Sunsteel Strike|p1a: Flutter Mane\n|-supereffective|p1a: Flutter Mane\n|-damage|p1a: Flutter Mane|0 fnt\n|faint|p1a: Flutter Mane\n|-end|p1a: Flutter Mane|Protosynthesis|[silent]\n|\n|upkeep\n|\n|t:|1699454841\n|switch|p1a: Groudon|Groudon|100\/100\n|detailschange|p1a: Groudon|Groudon-Primal\n|-primal|p1a: Groudon|Red Orb\n|-weather|DesolateLand|[from] ability: Desolate Land|[of] p1a: Groudon\n|turn|2\n|\n|t:|1699454852\n|move|p1a: Groudon|Rock Polish|p1a: Groudon\n|-boost|p1a: Groudon|spe|2\n|-zpower|p2a: Necrozma\n|move|p2a: Necrozma|Searing Sunraze Smash|p1a: Groudon|[zeffect]\n|-resisted|p1a: Groudon\n|-damage|p1a: Groudon|59\/100\n|\n|-weather|DesolateLand|[upkeep]\n|upkeep\n|turn|3\n|\n|t:|1699454870\n|move|p1a: Groudon|Swords Dance|p1a: Groudon\n|-boost|p1a: Groudon|atk|2\n|move|p2a: Necrozma|Earthquake|p1a: Groudon\n|-supereffective|p1a: Groudon\n|-damage|p1a: Groudon|3\/100\n|\n|-weather|DesolateLand|[upkeep]\n|upkeep\n|turn|4\n|\n|t:|1699454878\n|move|p1a: Groudon|Heat Crash|p2a: Necrozma\n|-supereffective|p2a: Necrozma\n|-damage|p2a: Necrozma|0 fnt\n|faint|p2a: Necrozma\n|\n|-weather|DesolateLand|[upkeep]\n|upkeep\n|\n|t:|1699454881\n|switch|p2a: Zygarde|Zygarde|100\/100\n|turn|5\n|\n|t:|1699454887\n|move|p1a: Groudon|Precipice Blades|p2a: Zygarde|[miss]\n|-miss|p1a: Groudon|p2a: Zygarde\n|move|p2a: Zygarde|Coil|p2a: Zygarde\n|-boost|p2a: Zygarde|atk|1\n|-boost|p2a: Zygarde|def|1\n|-boost|p2a: Zygarde|accuracy|1\n|\n|-weather|DesolateLand|[upkeep]\n|upkeep\n|turn|6\n|\n|t:|1699454896\n|move|p1a: Groudon|Precipice Blades|p2a: Zygarde\n|-damage|p2a: Zygarde|41\/100\n|move|p2a: Zygarde|Coil|p2a: Zygarde\n|-boost|p2a: Zygarde|atk|1\n|-boost|p2a: Zygarde|def|1\n|-boost|p2a: Zygarde|accuracy|1\n|\n|-weather|DesolateLand|[upkeep]\n|-heal|p2a: Zygarde|47\/100|[from] item: Leftovers\n|-activate|p2a: Zygarde|ability: Power Construct\n|detailschange|p2a: Zygarde|Zygarde-Complete\n|-heal|p2a: Zygarde|65\/100|[silent]\n|upkeep\n|turn|7\n|\n|t:|1699454917\n|move|p1a: Groudon|Precipice Blades|p2a: Zygarde\n|-damage|p2a: Zygarde|38\/100\n|move|p2a: Zygarde|Coil|p2a: Zygarde\n|-boost|p2a: Zygarde|atk|1\n|-boost|p2a: Zygarde|def|1\n|-boost|p2a: Zygarde|accuracy|1\n|\n|-weather|DesolateLand|[upkeep]\n|-heal|p2a: Zygarde|44\/100|[from] item: Leftovers\n|upkeep\n|turn|8\n|\n|t:|1699454926\n|move|p1a: Groudon|Swords Dance|p1a: Groudon\n|-boost|p1a: Groudon|atk|2\n|move|p2a: Zygarde|Coil|p2a: Zygarde\n|-boost|p2a: Zygarde|atk|1\n|-boost|p2a: Zygarde|def|1\n|-boost|p2a: Zygarde|accuracy|1\n|\n|-weather|DesolateLand|[upkeep]\n|-heal|p2a: Zygarde|50\/100|[from] item: Leftovers\n|upkeep\n|turn|9\n|\n|t:|1699454937\n|move|p1a: Groudon|Swords Dance|p1a: Groudon\n|-boost|p1a: Groudon|atk|2\n|move|p2a: Zygarde|Thousand Arrows|p1a: Groudon\n|-supereffective|p1a: Groudon\n|-damage|p1a: Groudon|0 fnt\n|faint|p1a: Groudon\n|-weather|none\n|\n|-heal|p2a: Zygarde|56\/100|[from] item: Leftovers\n|upkeep\n|\n|t:|1699454948\n|switch|p1a: Kyogre|Kyogre|100\/100\n|-weather|RainDance|[from] ability: Drizzle|[of] p1a: Kyogre\n|turn|10\n|\n|t:|1699454958\n|switch|p2a: Groudon|Groudon|100\/100\n|detailschange|p2a: Groudon|Groudon-Primal\n|-primal|p2a: Groudon|Red Orb\n|-weather|DesolateLand|[from] ability: Desolate Land|[of] p2a: Groudon\n|move|p1a: Kyogre|Hidden Power|p2a: Groudon\n|-damage|p2a: Groudon|82\/100\n|\n|-weather|DesolateLand|[upkeep]\n|upkeep\n|turn|11\n|\n|t:|1699454969\n|switch|p1a: Deoxys|Deoxys-Speed|100\/100\n|-ability|p1a: Deoxys|Pressure\n|move|p2a: Groudon|Spikes|p1a: Deoxys\n|-sidestart|p1: Chaitanya15|Spikes\n|\n|-weather|DesolateLand|[upkeep]\n|upkeep\n|turn|12\n|\n|t:|1699454979\n|-weather|none\n|switch|p2a: Arceus|Arceus-Dark|100\/100\n|move|p1a: Deoxys|Stealth Rock|p2a: Arceus\n|-sidestart|p2: Malice Incarnate|move: Stealth Rock\n|\n|upkeep\n|turn|13\n|\n|t:|1699454999\n|switch|p1a: Kyogre|Kyogre|100\/100\n|-damage|p1a: Kyogre|88\/100|[from] Spikes\n|-weather|RainDance|[from] ability: Drizzle|[of] p1a: Kyogre\n|move|p2a: Arceus|Foul Play|p1a: Kyogre\n|-crit|p1a: Kyogre\n|-damage|p1a: Kyogre|34\/100\n|\n|-weather|RainDance|[upkeep]\n|upkeep\n|turn|14\n|\n|t:|1699455015\n|switch|p2a: Groudon|Groudon-Primal|82\/100\n|-damage|p2a: Groudon|70\/100|[from] Stealth Rock\n|-weather|DesolateLand|[from] ability: Desolate Land|[of] p2a: Groudon\n|move|p1a: Kyogre|Water Spout||[still]\n|-fail|p1a: Kyogre|Water Spout|[from] Desolate Land\n|\n|-weather|DesolateLand|[upkeep]\n|upkeep\n|turn|15\n|\n|t:|1699455026\n|switch|p1a: Deoxys|Deoxys-Speed|100\/100\n|-damage|p1a: Deoxys|88\/100|[from] Spikes\n|-ability|p1a: Deoxys|Pressure\n|move|p2a: Groudon|Spikes|p1a: Deoxys\n|-sidestart|p1: Chaitanya15|Spikes\n|\n|-weather|DesolateLand|[upkeep]\n|upkeep\n|turn|16\n|\n|t:|1699455036\n|move|p1a: Deoxys|Spikes|p2a: Groudon\n|-sidestart|p2: Malice Incarnate|Spikes\n|move|p2a: Groudon|Earthquake|p1a: Deoxys\n|-damage|p1a: Deoxys|11\/100\n|\n|-weather|DesolateLand|[upkeep]\n|upkeep\n|turn|17\n|\n|t:|1699455052\n|move|p1a: Deoxys|Psychic|p2a: Groudon\n|-damage|p2a: Groudon|47\/100\n|move|p2a: Groudon|Spikes|p1a: Deoxys\n|-sidestart|p1: Chaitanya15|Spikes\n|\n|-weather|DesolateLand|[upkeep]\n|upkeep\n|turn|18\n|\n|t:|1699455060\n|move|p1a: Deoxys|Psychic|p2a: Groudon\n|-damage|p2a: Groudon|25\/100\n|move|p2a: Groudon|Earthquake|p1a: Deoxys\n|-damage|p1a: Deoxys|0 fnt\n|faint|p1a: Deoxys\n|\n|-weather|DesolateLand|[upkeep]\n|upkeep\n|\n|t:|1699455072\n|switch|p1a: Kingambit|Kingambit, M|100\/100\n|-damage|p1a: Kingambit|75\/100|[from] Spikes\n|-activate|p1a: Kingambit|ability: Supreme Overlord\n|-start|p1a: Kingambit|fallen3|[silent]\n|turn|19\n|\n|t:|1699455077\n|move|p1a: Kingambit|Sucker Punch|p2a: Groudon\n|-damage|p2a: Groudon|0 fnt\n|faint|p2a: Groudon\n|-weather|none\n|-damage|p1a: Kingambit|66\/100|[from] item: Life Orb\n|\n|upkeep\n|\n|t:|1699455080\n|switch|p2a: Zygarde|Zygarde-Complete|56\/100\n|-damage|p2a: Zygarde|50\/100|[from] Stealth Rock\n|-damage|p2a: Zygarde|38\/100|[from] Spikes\n|turn|20\n|\n|t:|1699455090\n|move|p2a: Zygarde|Coil|p2a: Zygarde\n|-boost|p2a: Zygarde|atk|1\n|-boost|p2a: Zygarde|def|1\n|-boost|p2a: Zygarde|accuracy|1\n|move|p1a: Kingambit|Kowtow Cleave|p2a: Zygarde\n|-crit|p2a: Zygarde\n|-damage|p2a: Zygarde|0 fnt\n|faint|p2a: Zygarde\n|-damage|p1a: Kingambit|56\/100|[from] item: Life Orb\n|\n|upkeep\n|\n|t:|1699455100\n|switch|p2a: Ho-Oh|Ho-Oh|100\/100\n|turn|21\n|\n|t:|1699455104\n|move|p2a: Ho-Oh|Sacred Fire|p1a: Kingambit|[miss]\n|-miss|p2a: Ho-Oh|p1a: Kingambit\n|move|p1a: Kingambit|Kowtow Cleave|p2a: Ho-Oh\n|-damage|p2a: Ho-Oh|44\/100\n|-damage|p1a: Kingambit|46\/100|[from] item: Life Orb\n|\n|upkeep\n|turn|22\n|\n|t:|1699455112\n|move|p1a: Kingambit|Sucker Punch|p2a: Ho-Oh\n|-damage|p2a: Ho-Oh|0 fnt\n|faint|p2a: Ho-Oh\n|-damage|p1a: Kingambit|36\/100|[from] item: Life Orb\n|\n|upkeep\n|\n|t:|1699455115\n|switch|p2a: Arceus|Arceus-Dark|100\/100\n|-damage|p2a: Arceus|88\/100|[from] Stealth Rock\n|-damage|p2a: Arceus|76\/100|[from] Spikes\n|turn|23\n|\n|t:|1699455125\n|move|p1a: Kingambit|Sucker Punch|p2a: Arceus\n|-resisted|p2a: Arceus\n|-damage|p2a: Arceus|55\/100\n|-damage|p1a: Kingambit|26\/100|[from] item: Life Orb\n|move|p2a: Arceus|Foul Play|p1a: Kingambit\n|-resisted|p1a: Kingambit\n|-crit|p1a: Kingambit\n|-damage|p1a: Kingambit|0 fnt\n|faint|p1a: Kingambit\n|-end|p1a: Kingambit|fallen3|[silent]\n|\n|upkeep\n|\n|t:|1699455135\n|switch|p1a: Kyogre|Kyogre|34\/100\n|-damage|p1a: Kyogre|9\/100|[from] Spikes\n|-weather|RainDance|[from] ability: Drizzle|[of] p1a: Kyogre\n|turn|24\n|\n|t:|1699455141\n|move|p1a: Kyogre|Thunder|p2a: Arceus\n|-damage|p2a: Arceus|29\/100\n|-status|p2a: Arceus|par\n|cant|p2a: Arceus|par\n|\n|-weather|RainDance|[upkeep]\n|upkeep\n|turn|25\n|\n|t:|1699455149\n|move|p1a: Kyogre|Thunder|p2a: Arceus\n|-damage|p2a: Arceus|1\/100 par\n|move|p2a: Arceus|Recover|p2a: Arceus\n|-heal|p2a: Arceus|52\/100 par\n|\n|-weather|RainDance|[upkeep]\n|upkeep\n|turn|26\n|\n|t:|1699455157\n|switch|p1a: Basculegion|Basculegion, M|100\/100\n|-damage|p1a: Basculegion|76\/100|[from] Spikes\n|cant|p2a: Arceus|par\n|\n|-weather|RainDance|[upkeep]\n|upkeep\n|turn|27\n|\n|t:|1699455166\n|move|p1a: Basculegion|Last Respects|p2a: Arceus\n|-resisted|p2a: Arceus\n|-damage|p2a: Arceus|0 fnt\n|faint|p2a: Arceus\n|\n|-weather|RainDance|[upkeep]\n|upkeep\n|\n|t:|1699455170\n|switch|p2a: Palkia|Palkia-Origin|100\/100\n|-damage|p2a: Palkia|88\/100|[from] Stealth Rock\n|-damage|p2a: Palkia|76\/100|[from] Spikes\n|-ability|p2a: Palkia|Pressure\n|turn|28\n|\n|t:|1699455178\n|move|p1a: Basculegion|Last Respects|p2a: Palkia\n|-damage|p2a: Palkia|0 fnt\n|faint|p2a: Palkia\n|\n|win|Chaitanya15\n|raw|Chaitanya15's rating: 1444 &rarr; <strong>1472<\/strong><br \/>(+28 for winning)\n|raw|Malice Incarnate's rating: 1586 &rarr; <strong>1558<\/strong><br \/>(-28 for losing)\n|c|\u2606Chaitanya15|Gg\n","uploadtime":1699455183,"views":15,"p1id":"chaitanya15","p2id":"maliceincarnate","formatid":"gen9nationaldexubers","rating":1472,"private":0,"password":""}