{"id":"gen9nationaldexubers-1995892101","p1":"KJ.nyc","p2":"elpapeainsanos","format":"[Gen 9] National Dex Ubers","log":"|j|\u2606KJ.nyc\n|j|\u2606elpapeainsanos\n|t:|1700614292\n|gametype|singles\n|player|p1|KJ.nyc|hilbert|1167\n|player|p2|elpapeainsanos|linebacker|1095\n|teamsize|p1|6\n|teamsize|p2|6\n|gen|9\n|tier|[Gen 9] National Dex Ubers\n|rated|\n|rule|HP Percentage Mod: HP is shown in percentages\n|rule|Endless Battle Clause: Forcing endless battles is banned\n|rule|OHKO Clause: OHKO moves are banned\n|rule|Evasion Moves Clause: Evasion moves are banned\n|rule|Evasion Items Clause: Evasion items are banned\n|rule|Species Clause: Limit one of each Pok\u00e9mon\n|rule|Sleep Clause Mod: Limit one foe put to sleep\n|rule|Mega Rayquaza Clause: You cannot mega evolve Rayquaza\n|clearpoke\n|poke|p1|Pikachu, M|\n|poke|p1|Dragonite, F|\n|poke|p1|Gengar, M|\n|poke|p1|Lucario, M|\n|poke|p1|Sirfetch\u2019d, M|\n|poke|p1|Dracovish|\n|poke|p2|Grimmsnarl, M|\n|poke|p2|Whimsicott, F|\n|poke|p2|Ferrothorn, M|\n|poke|p2|Stakataka|\n|poke|p2|Melmetal|\n|poke|p2|Aegislash, M|\n|teampreview\n|c|\u2606KJ.nyc|glhf\n|inactive|Battle timer is ON: inactive players will automatically lose when time's up. (requested by KJ.nyc)\n|\n|t:|1700614299\n|start\n|switch|p1a: Dracovish|Dracovish|100\/100\n|switch|p2a: Whimsicott|Whimsicott, F, shiny|100\/100\n|turn|1\n|\n|t:|1700614307\n|move|p2a: Whimsicott|Switcheroo|p1a: Dracovish\n|-activate|p2a: Whimsicott|move: Trick|[of] p1a: Dracovish\n|-item|p1a: Dracovish|Lagging Tail|[from] move: Switcheroo\n|-item|p2a: Whimsicott|Choice Band|[from] move: Switcheroo\n|move|p1a: Dracovish|Ice Fang|p2a: Whimsicott\n|-supereffective|p2a: Whimsicott\n|-damage|p2a: Whimsicott|26\/100\n|\n|upkeep\n|turn|2\n|\n|t:|1700614314\n|move|p1a: Dracovish|Ice Fang|p2a: Whimsicott\n|-supereffective|p2a: Whimsicott\n|-damage|p2a: Whimsicott|0 fnt\n|faint|p2a: Whimsicott\n|\n|upkeep\n|\n|t:|1700614336\n|switch|p2a: Ferrothorn|Ferrothorn, M, shiny|100\/100\n|turn|3\n|\n|t:|1700614340\n|switch|p1a: Dragonite|Dragonite, F|100\/100\n|move|p2a: Ferrothorn|Leech Seed|p1a: Dragonite\n|-start|p1a: Dragonite|move: Leech Seed\n|\n|-damage|p1a: Dragonite|88\/100|[from] Leech Seed|[of] p2a: Ferrothorn\n|upkeep\n|turn|4\n|\n|t:|1700614348\n|move|p1a: Dragonite|Fire Punch|p2a: Ferrothorn\n|-supereffective|p2a: Ferrothorn\n|-damage|p2a: Ferrothorn|38\/100\n|-damage|p1a: Dragonite|76\/100|[from] ability: Iron Barbs|[of] p2a: Ferrothorn\n|-damage|p1a: Dragonite|59\/100|[from] item: Rocky Helmet|[of] p2a: Ferrothorn\n|move|p2a: Ferrothorn|Stealth Rock|p1a: Dragonite\n|-sidestart|p1: KJ.nyc|move: Stealth Rock\n|\n|-heal|p1a: Dragonite|66\/100|[from] item: Leftovers\n|-damage|p1a: Dragonite|53\/100|[from] Leech Seed|[of] p2a: Ferrothorn\n|-heal|p2a: Ferrothorn|49\/100|[silent]\n|upkeep\n|turn|5\n|\n|t:|1700614356\n|move|p2a: Ferrothorn|Protect|p2a: Ferrothorn\n|-singleturn|p2a: Ferrothorn|Protect\n|move|p1a: Dragonite|Fire Punch|p2a: Ferrothorn\n|-activate|p2a: Ferrothorn|move: Protect\n|\n|-heal|p1a: Dragonite|59\/100|[from] item: Leftovers\n|-damage|p1a: Dragonite|47\/100|[from] Leech Seed|[of] p2a: Ferrothorn\n|-heal|p2a: Ferrothorn|61\/100|[silent]\n|upkeep\n|turn|6\n|\n|t:|1700614376\n|move|p2a: Ferrothorn|Protect||[still]\n|-fail|p2a: Ferrothorn\n|move|p1a: Dragonite|Fire Punch|p2a: Ferrothorn\n|-supereffective|p2a: Ferrothorn\n|-damage|p2a: Ferrothorn|0 fnt\n|-damage|p1a: Dragonite|35\/100|[from] ability: Iron Barbs|[of] p2a: Ferrothorn\n|-damage|p1a: Dragonite|18\/100|[from] item: Rocky Helmet|[of] p2a: Ferrothorn\n|faint|p2a: Ferrothorn\n|\n|-heal|p1a: Dragonite|24\/100|[from] item: Leftovers\n|upkeep\n|\n|t:|1700614382\n|switch|p2a: Aegislash|Aegislash, M, shiny|100\/100\n|turn|7\n|\n|t:|1700614393\n|-formechange|p2a: Aegislash|Aegislash-Blade||[from] ability: Stance Change\n|move|p2a: Aegislash|Shadow Sneak|p1a: Dragonite\n|-crit|p1a: Dragonite\n|-damage|p1a: Dragonite|0 fnt\n|faint|p1a: Dragonite\n|\n|upkeep\n|\n|t:|1700614403\n|switch|p1a: Sirfetch\u2019d|Sirfetch\u2019d, M|100\/100\n|-damage|p1a: Sirfetch\u2019d|95\/100|[from] Stealth Rock\n|turn|8\n|\n|t:|1700614425\n|move|p1a: Sirfetch\u2019d|Night Slash|p2a: Aegislash\n|-supereffective|p2a: Aegislash\n|-crit|p2a: Aegislash\n|-damage|p2a: Aegislash|0 fnt\n|faint|p2a: Aegislash\n|\n|upkeep\n|\n|t:|1700614433\n|switch|p2a: Grimmsnarl|Grimmsnarl, M|100\/100\n|turn|9\n|\n|t:|1700614460\n|move|p2a: Grimmsnarl|Reflect|p2a: Grimmsnarl\n|-sidestart|p2: elpapeainsanos|Reflect\n|move|p1a: Sirfetch\u2019d|Close Combat|p2a: Grimmsnarl\n|-crit|p2a: Grimmsnarl\n|-damage|p2a: Grimmsnarl|0 fnt\n|-unboost|p1a: Sirfetch\u2019d|def|1\n|-unboost|p1a: Sirfetch\u2019d|spd|1\n|faint|p2a: Grimmsnarl\n|\n|upkeep\n|\n|t:|1700614484\n|switch|p2a: Stakataka|Stakataka, shiny|100\/100\n|turn|10\n|\n|t:|1700614489\n|-terastallize|p2a: Stakataka|Flying\n|move|p1a: Sirfetch\u2019d|Close Combat|p2a: Stakataka\n|-resisted|p2a: Stakataka\n|-damage|p2a: Stakataka|90\/100\n|-unboost|p1a: Sirfetch\u2019d|def|1\n|-unboost|p1a: Sirfetch\u2019d|spd|1\n|move|p2a: Stakataka|Gyro Ball|p1a: Sirfetch\u2019d\n|-damage|p1a: Sirfetch\u2019d|0 fnt\n|faint|p1a: Sirfetch\u2019d\n|-ability|p2a: Stakataka|Beast Boost|boost\n|-boost|p2a: Stakataka|def|1\n|\n|-heal|p2a: Stakataka|97\/100|[from] item: Leftovers\n|upkeep\n|\n|t:|1700614501\n|switch|p1a: Pikachu|Pikachu, M|100\/100\n|-damage|p1a: Pikachu|88\/100|[from] Stealth Rock\n|turn|11\n|\n|t:|1700614515\n|move|p1a: Pikachu|Thunderbolt|p2a: Stakataka\n|-supereffective|p2a: Stakataka\n|-damage|p2a: Stakataka|6\/100\n|move|p2a: Stakataka|Earthquake|p1a: Pikachu\n|-supereffective|p1a: Pikachu\n|-damage|p1a: Pikachu|0 fnt\n|faint|p1a: Pikachu\n|-ability|p2a: Stakataka|Beast Boost|boost\n|-boost|p2a: Stakataka|def|1\n|\n|-heal|p2a: Stakataka|12\/100|[from] item: Leftovers\n|upkeep\n|\n|t:|1700614527\n|switch|p1a: Gengar|Gengar, M|100\/100\n|-damage|p1a: Gengar|88\/100|[from] Stealth Rock\n|turn|12\n|\n|t:|1700614533\n|move|p1a: Gengar|Shadow Ball|p2a: Stakataka\n|-damage|p2a: Stakataka|0 fnt\n|faint|p2a: Stakataka\n|\n|upkeep\n|\n|t:|1700614535\n|switch|p2a: Melmetal|Melmetal|100\/100\n|turn|13\n|\n|t:|1700614543\n|move|p1a: Gengar|Shadow Ball|p2a: Melmetal\n|-damage|p2a: Melmetal|59\/100\n|-unboost|p2a: Melmetal|spd|1\n|move|p2a: Melmetal|Double Iron Bash|p1a: Gengar\n|-damage|p1a: Gengar|0 fnt\n|faint|p1a: Gengar\n|-hitcount|p1: Gengar|1\n|\n|-heal|p2a: Melmetal|65\/100|[from] item: Leftovers\n|upkeep\n|\n|t:|1700614550\n|switch|p1a: Dracovish|Dracovish|100\/100\n|-damage|p1a: Dracovish|88\/100|[from] Stealth Rock\n|turn|14\n|\n|t:|1700614560\n|move|p2a: Melmetal|Double Iron Bash|p1a: Dracovish\n|-resisted|p1a: Dracovish\n|-damage|p1a: Dracovish|65\/100\n|-resisted|p1a: Dracovish\n|-damage|p1a: Dracovish|44\/100\n|-hitcount|p1a: Dracovish|2\n|cant|p1a: Dracovish|flinch\n|\n|-heal|p2a: Melmetal|71\/100|[from] item: Leftovers\n|upkeep\n|turn|15\n|\n|t:|1700614571\n|move|p2a: Melmetal|Thunder Punch|p1a: Dracovish\n|-damage|p1a: Dracovish|5\/100\n|move|p1a: Dracovish|Fishious Rend|p2a: Melmetal\n|-damage|p2a: Melmetal|57\/100\n|\n|-heal|p2a: Melmetal|63\/100|[from] item: Leftovers\n|upkeep\n|turn|16\n|\n|t:|1700614575\n|move|p2a: Melmetal|Thunder Punch|p1a: Dracovish\n|-damage|p1a: Dracovish|0 fnt\n|faint|p1a: Dracovish\n|\n|-heal|p2a: Melmetal|69\/100|[from] item: Leftovers\n|-sideend|p2: elpapeainsanos|Reflect\n|upkeep\n|\n|t:|1700614577\n|switch|p1a: Lucario|Lucario, M|100\/100\n|-damage|p1a: Lucario|98\/100|[from] Stealth Rock\n|turn|17\n|\n|t:|1700614584\n|detailschange|p1a: Lucario|Lucario-Mega, M\n|-mega|p1a: Lucario|Lucario|Lucarionite\n|move|p1a: Lucario|Aura Sphere|p2a: Melmetal\n|-supereffective|p2a: Melmetal\n|-damage|p2a: Melmetal|0 fnt\n|faint|p2a: Melmetal\n|\n|win|KJ.nyc\n|raw|KJ.nyc's rating: 1167 &rarr; <strong>1187<\/strong><br \/>(+20 for winning)\n|raw|elpapeainsanos's rating: 1095 &rarr; <strong>1076<\/strong><br \/>(-19 for losing)\n|c|\u2606KJ.nyc|gg\n|l|\u2606elpapeainsanos\n","uploadtime":1700614596,"views":0,"p1id":"kjnyc","p2id":"elpapeainsanos","formatid":"gen9nationaldexubers","rating":1076,"private":0,"password":""}