{"id":"gen9nationaldexubers-1990614069","p1":"flatzissmurfed \u269d\u5f61","p2":"Lumageist","format":"[Gen 9] National Dex Ubers","log":"|j|\u2606flatzissmurfed \u269d\u5f61\n|j|\u2606Lumageist\n|t:|1699985822\n|gametype|singles\n|player|p1|flatzissmurfed \u269d\u5f61|kieran|1079\n|player|p2|Lumageist|rocketgruntf|1220\n|teamsize|p1|6\n|teamsize|p2|6\n|gen|9\n|tier|[Gen 9] National Dex Ubers\n|rated|\n|rule|HP Percentage Mod: HP is shown in percentages\n|rule|Endless Battle Clause: Forcing endless battles is banned\n|rule|OHKO Clause: OHKO moves are banned\n|rule|Evasion Moves Clause: Evasion moves are banned\n|rule|Evasion Items Clause: Evasion items are banned\n|rule|Species Clause: Limit one of each Pok\u00e9mon\n|rule|Sleep Clause Mod: Limit one foe put to sleep\n|rule|Mega Rayquaza Clause: You cannot mega evolve Rayquaza\n|clearpoke\n|poke|p1|Electrode-Hisui|\n|poke|p1|Blissey, F|\n|poke|p1|Kyogre|\n|poke|p1|Swoobat, M|\n|poke|p1|Ho-Oh|\n|poke|p1|Zacian-*|\n|poke|p2|Skeledirge, F|\n|poke|p2|Swampert, F|\n|poke|p2|Ninjask, M|\n|poke|p2|Kingambit, M|\n|poke|p2|Kleavor, M|\n|poke|p2|Iron Hands|\n|teampreview\n|inactive|Battle timer is ON: inactive players will automatically lose when time's up. (requested by Lumageist)\n|inactive|flatzissmurfed \u269d\u5f61 also wants the timer to be on.\n|\n|t:|1699985837\n|start\n|switch|p1a: turbo star|Electrode-Hisui|100\/100\n|switch|p2a: Grandpa|Kleavor, M|100\/100\n|turn|1\n|\n|t:|1699985850\n|move|p1a: turbo star|Protect|p1a: turbo star\n|-singleturn|p1a: turbo star|Protect\n|move|p2a: Grandpa|Stone Axe|p1a: turbo star\n|-activate|p1a: turbo star|move: Protect\n|\n|upkeep\n|turn|2\n|\n|t:|1699985855\n|move|p1a: turbo star|Leech Seed|p2a: Grandpa\n|-start|p2a: Grandpa|move: Leech Seed\n|move|p2a: Grandpa|Stone Axe|p1a: turbo star\n|-damage|p1a: turbo star|25\/100\n|-sidestart|p1: flatzissmurfed \u269d\u5f61|move: Stealth Rock\n|\n|-heal|p1a: turbo star|31\/100|[from] item: Leftovers\n|-damage|p2a: Grandpa|88\/100|[from] Leech Seed|[of] p1a: turbo star\n|-heal|p1a: turbo star|42\/100|[silent]\n|upkeep\n|turn|3\n|\n|t:|1699985865\n|move|p1a: turbo star|Protect|p1a: turbo star\n|-singleturn|p1a: turbo star|Protect\n|move|p2a: Grandpa|X-Scissor|p1a: turbo star\n|-activate|p1a: turbo star|move: Protect\n|\n|-heal|p1a: turbo star|48\/100|[from] item: Leftovers\n|-damage|p2a: Grandpa|76\/100|[from] Leech Seed|[of] p1a: turbo star\n|-heal|p1a: turbo star|59\/100|[silent]\n|upkeep\n|turn|4\n|\n|t:|1699985869\n|move|p1a: turbo star|Substitute|p1a: turbo star\n|-start|p1a: turbo star|Substitute\n|-damage|p1a: turbo star|34\/100\n|move|p2a: Grandpa|X-Scissor|p1a: turbo star\n|-supereffective|p1a: turbo star\n|-end|p1a: turbo star|Substitute\n|\n|-heal|p1a: turbo star|40\/100|[from] item: Leftovers\n|-damage|p2a: Grandpa|63\/100|[from] Leech Seed|[of] p1a: turbo star\n|-heal|p1a: turbo star|51\/100|[silent]\n|upkeep\n|turn|5\n|\n|t:|1699985875\n|move|p1a: turbo star|Protect|p1a: turbo star\n|-singleturn|p1a: turbo star|Protect\n|move|p2a: Grandpa|X-Scissor|p1a: turbo star\n|-activate|p1a: turbo star|move: Protect\n|\n|-heal|p1a: turbo star|57\/100|[from] item: Leftovers\n|-damage|p2a: Grandpa|51\/100|[from] Leech Seed|[of] p1a: turbo star\n|-heal|p1a: turbo star|68\/100|[silent]\n|upkeep\n|turn|6\n|\n|t:|1699985878\n|move|p1a: turbo star|Substitute|p1a: turbo star\n|-start|p1a: turbo star|Substitute\n|-damage|p1a: turbo star|44\/100\n|move|p2a: Grandpa|X-Scissor|p1a: turbo star\n|-supereffective|p1a: turbo star\n|-end|p1a: turbo star|Substitute\n|\n|-heal|p1a: turbo star|50\/100|[from] item: Leftovers\n|-damage|p2a: Grandpa|38\/100|[from] Leech Seed|[of] p1a: turbo star\n|-heal|p1a: turbo star|61\/100|[silent]\n|upkeep\n|turn|7\n|\n|t:|1699985882\n|move|p1a: turbo star|Substitute|p1a: turbo star\n|-start|p1a: turbo star|Substitute\n|-damage|p1a: turbo star|36\/100\n|move|p2a: Grandpa|X-Scissor|p1a: turbo star\n|-supereffective|p1a: turbo star\n|-end|p1a: turbo star|Substitute\n|\n|-heal|p1a: turbo star|42\/100|[from] item: Leftovers\n|-damage|p2a: Grandpa|26\/100|[from] Leech Seed|[of] p1a: turbo star\n|-heal|p1a: turbo star|53\/100|[silent]\n|upkeep\n|turn|8\n|\n|t:|1699985887\n|move|p1a: turbo star|Giga Drain|p2a: Grandpa\n|-damage|p2a: Grandpa|0 fnt\n|-heal|p1a: turbo star|64\/100|[from] drain|[of] p2a: Grandpa\n|faint|p2a: Grandpa\n|\n|-heal|p1a: turbo star|70\/100|[from] item: Leftovers\n|upkeep\n|\n|t:|1699985891\n|switch|p2a: Spooky|Skeledirge, F|100\/100\n|turn|9\n|\n|t:|1699985896\n|move|p1a: turbo star|Substitute|p1a: turbo star\n|-start|p1a: turbo star|Substitute\n|-damage|p1a: turbo star|45\/100\n|move|p2a: Spooky|Torch Song|p1a: turbo star\n|-immune|p1a: turbo star|[from] ability: Soundproof\n|\n|-heal|p1a: turbo star|52\/100|[from] item: Leftovers\n|upkeep\n|turn|10\n|\n|t:|1699985902\n|move|p1a: turbo star|Leech Seed|p2a: Spooky\n|-start|p2a: Spooky|move: Leech Seed\n|move|p2a: Spooky|Torch Song|p1a: turbo star\n|-immune|p1a: turbo star|[from] ability: Soundproof\n|\n|-heal|p1a: turbo star|58\/100|[from] item: Leftovers\n|-damage|p2a: Spooky|88\/100|[from] Leech Seed|[of] p1a: turbo star\n|-heal|p1a: turbo star|74\/100|[silent]\n|upkeep\n|turn|11\n|\n|t:|1699985905\n|move|p1a: turbo star|Giga Drain|p2a: Spooky\n|-resisted|p2a: Spooky\n|-damage|p2a: Spooky|76\/100\n|-heal|p1a: turbo star|81\/100|[from] drain|[of] p2a: Spooky\n|move|p2a: Spooky|Torch Song|p1a: turbo star\n|-immune|p1a: turbo star|[from] ability: Soundproof\n|\n|-heal|p1a: turbo star|87\/100|[from] item: Leftovers\n|-damage|p2a: Spooky|64\/100|[from] Leech Seed|[of] p1a: turbo star\n|-heal|p1a: turbo star|100\/100|[silent]\n|upkeep\n|turn|12\n|\n|t:|1699985915\n|move|p1a: turbo star|Giga Drain|p2a: Spooky\n|-resisted|p2a: Spooky\n|-damage|p2a: Spooky|54\/100\n|move|p2a: Spooky|Shadow Ball|p1a: turbo star\n|-end|p1a: turbo star|Substitute\n|\n|-damage|p2a: Spooky|41\/100|[from] Leech Seed|[of] p1a: turbo star\n|upkeep\n|turn|13\n|\n|t:|1699985920\n|move|p1a: turbo star|Protect|p1a: turbo star\n|-singleturn|p1a: turbo star|Protect\n|move|p2a: Spooky|Shadow Ball|p1a: turbo star\n|-activate|p1a: turbo star|move: Protect\n|\n|-damage|p2a: Spooky|29\/100|[from] Leech Seed|[of] p1a: turbo star\n|upkeep\n|turn|14\n|\n|t:|1699985928\n|move|p1a: turbo star|Substitute|p1a: turbo star\n|-start|p1a: turbo star|Substitute\n|-damage|p1a: turbo star|76\/100\n|move|p2a: Spooky|Shadow Ball|p1a: turbo star\n|-end|p1a: turbo star|Substitute\n|\n|-heal|p1a: turbo star|82\/100|[from] item: Leftovers\n|-damage|p2a: Spooky|16\/100|[from] Leech Seed|[of] p1a: turbo star\n|-heal|p1a: turbo star|98\/100|[silent]\n|upkeep\n|turn|15\n|\n|t:|1699985932\n|move|p1a: turbo star|Protect|p1a: turbo star\n|-singleturn|p1a: turbo star|Protect\n|move|p2a: Spooky|Shadow Ball|p1a: turbo star\n|-activate|p1a: turbo star|move: Protect\n|\n|-heal|p1a: turbo star|100\/100|[from] item: Leftovers\n|-damage|p2a: Spooky|4\/100|[from] Leech Seed|[of] p1a: turbo star\n|upkeep\n|turn|16\n|\n|t:|1699985935\n|move|p1a: turbo star|Giga Drain|p2a: Spooky\n|-resisted|p2a: Spooky\n|-damage|p2a: Spooky|0 fnt\n|faint|p2a: Spooky\n|\n|upkeep\n|\n|t:|1699985940\n|switch|p2a: Fat Clap|Iron Hands|100\/100\n|-enditem|p2a: Fat Clap|Booster Energy\n|-activate|p2a: Fat Clap|ability: Quark Drive|[fromitem]\n|-start|p2a: Fat Clap|quarkdriveatk\n|turn|17\n|\n|t:|1699985943\n|move|p2a: Fat Clap|Fake Out|p1a: turbo star\n|-damage|p1a: turbo star|70\/100\n|cant|p1a: turbo star|flinch\n|\n|-heal|p1a: turbo star|76\/100|[from] item: Leftovers\n|upkeep\n|turn|18\n|\n|t:|1699985948\n|move|p1a: turbo star|Protect|p1a: turbo star\n|-singleturn|p1a: turbo star|Protect\n|move|p2a: Fat Clap|Ice Punch|p1a: turbo star\n|-activate|p1a: turbo star|move: Protect\n|\n|-heal|p1a: turbo star|82\/100|[from] item: Leftovers\n|upkeep\n|turn|19\n|\n|t:|1699985952\n|-terastallize|p1a: turbo star|Dark\n|move|p1a: turbo star|Leech Seed|p2a: Fat Clap\n|-start|p2a: Fat Clap|move: Leech Seed\n|move|p2a: Fat Clap|Ice Punch|p1a: turbo star\n|-damage|p1a: turbo star|22\/100\n|\n|-heal|p1a: turbo star|28\/100|[from] item: Leftovers\n|-damage|p2a: Fat Clap|88\/100|[from] Leech Seed|[of] p1a: turbo star\n|-heal|p1a: turbo star|47\/100|[silent]\n|upkeep\n|turn|20\n|\n|t:|1699985960\n|move|p1a: turbo star|Protect|p1a: turbo star\n|-singleturn|p1a: turbo star|Protect\n|move|p2a: Fat Clap|Drain Punch|p1a: turbo star\n|-activate|p1a: turbo star|move: Protect\n|\n|-heal|p1a: turbo star|53\/100|[from] item: Leftovers\n|-damage|p2a: Fat Clap|76\/100|[from] Leech Seed|[of] p1a: turbo star\n|-heal|p1a: turbo star|73\/100|[silent]\n|upkeep\n|turn|21\n|\n|t:|1699985962\n|move|p1a: turbo star|Substitute|p1a: turbo star\n|-start|p1a: turbo star|Substitute\n|-damage|p1a: turbo star|48\/100\n|move|p2a: Fat Clap|Drain Punch|p1a: turbo star\n|-supereffective|p1a: turbo star\n|-end|p1a: turbo star|Substitute\n|-heal|p2a: Fat Clap|84\/100|[from] drain|[of] p1a: turbo star\n|\n|-heal|p1a: turbo star|54\/100|[from] item: Leftovers\n|-damage|p2a: Fat Clap|71\/100|[from] Leech Seed|[of] p1a: turbo star\n|-heal|p1a: turbo star|74\/100|[silent]\n|upkeep\n|turn|22\n|\n|t:|1699985968\n|move|p1a: turbo star|Protect|p1a: turbo star\n|-singleturn|p1a: turbo star|Protect\n|move|p2a: Fat Clap|Drain Punch|p1a: turbo star\n|-activate|p1a: turbo star|move: Protect\n|\n|-heal|p1a: turbo star|80\/100|[from] item: Leftovers\n|-damage|p2a: Fat Clap|59\/100|[from] Leech Seed|[of] p1a: turbo star\n|-heal|p1a: turbo star|99\/100|[silent]\n|upkeep\n|turn|23\n|\n|t:|1699985971\n|move|p1a: turbo star|Substitute|p1a: turbo star\n|-start|p1a: turbo star|Substitute\n|-damage|p1a: turbo star|75\/100\n|move|p2a: Fat Clap|Drain Punch|p1a: turbo star\n|-supereffective|p1a: turbo star\n|-end|p1a: turbo star|Substitute\n|-heal|p2a: Fat Clap|67\/100|[from] drain|[of] p1a: turbo star\n|\n|-heal|p1a: turbo star|81\/100|[from] item: Leftovers\n|-damage|p2a: Fat Clap|55\/100|[from] Leech Seed|[of] p1a: turbo star\n|-heal|p1a: turbo star|100\/100|[silent]\n|upkeep\n|turn|24\n|\n|t:|1699985974\n|move|p1a: turbo star|Protect|p1a: turbo star\n|-singleturn|p1a: turbo star|Protect\n|move|p2a: Fat Clap|Drain Punch|p1a: turbo star\n|-activate|p1a: turbo star|move: Protect\n|\n|-damage|p2a: Fat Clap|42\/100|[from] Leech Seed|[of] p1a: turbo star\n|upkeep\n|turn|25\n|\n|t:|1699985975\n|move|p1a: turbo star|Substitute|p1a: turbo star\n|-start|p1a: turbo star|Substitute\n|-damage|p1a: turbo star|76\/100\n|move|p2a: Fat Clap|Drain Punch|p1a: turbo star\n|-supereffective|p1a: turbo star\n|-end|p1a: turbo star|Substitute\n|-heal|p2a: Fat Clap|50\/100|[from] drain|[of] p1a: turbo star\n|\n|-heal|p1a: turbo star|82\/100|[from] item: Leftovers\n|-damage|p2a: Fat Clap|38\/100|[from] Leech Seed|[of] p1a: turbo star\n|-heal|p1a: turbo star|100\/100|[silent]\n|upkeep\n|turn|26\n|\n|t:|1699985978\n|move|p1a: turbo star|Protect|p1a: turbo star\n|-singleturn|p1a: turbo star|Protect\n|move|p2a: Fat Clap|Drain Punch|p1a: turbo star\n|-activate|p1a: turbo star|move: Protect\n|\n|-damage|p2a: Fat Clap|25\/100|[from] Leech Seed|[of] p1a: turbo star\n|upkeep\n|turn|27\n|\n|t:|1699985979\n|move|p1a: turbo star|Substitute|p1a: turbo star\n|-start|p1a: turbo star|Substitute\n|-damage|p1a: turbo star|76\/100\n|move|p2a: Fat Clap|Drain Punch|p1a: turbo star\n|-supereffective|p1a: turbo star\n|-end|p1a: turbo star|Substitute\n|-heal|p2a: Fat Clap|33\/100|[from] drain|[of] p1a: turbo star\n|\n|-heal|p1a: turbo star|82\/100|[from] item: Leftovers\n|-damage|p2a: Fat Clap|21\/100|[from] Leech Seed|[of] p1a: turbo star\n|-heal|p1a: turbo star|100\/100|[silent]\n|upkeep\n|turn|28\n|\n|t:|1699985981\n|move|p1a: turbo star|Protect|p1a: turbo star\n|-singleturn|p1a: turbo star|Protect\n|move|p2a: Fat Clap|Drain Punch|p1a: turbo star\n|-activate|p1a: turbo star|move: Protect\n|\n|-damage|p2a: Fat Clap|9\/100|[from] Leech Seed|[of] p1a: turbo star\n|upkeep\n|turn|29\n|\n|t:|1699985984\n|move|p1a: turbo star|Giga Drain|p2a: Fat Clap\n|-damage|p2a: Fat Clap|0 fnt\n|faint|p2a: Fat Clap\n|-end|p2a: Fat Clap|Quark Drive|[silent]\n|\n|upkeep\n|\n|t:|1699985987\n|switch|p2a: Squishy|Swampert, F|100\/100\n|turn|30\n|\n|t:|1699985991\n|detailschange|p2a: Squishy|Swampert-Mega, F\n|-mega|p2a: Squishy|Swampert|Swampertite\n|move|p1a: turbo star|Giga Drain|p2a: Squishy\n|-supereffective|p2a: Squishy\n|-damage|p2a: Squishy|28\/100\n|move|p2a: Squishy|Ice Punch|p1a: turbo star\n|-damage|p1a: turbo star|57\/100\n|\n|-heal|p1a: turbo star|63\/100|[from] item: Leftovers\n|upkeep\n|turn|31\n|\n|t:|1699985994\n|move|p1a: turbo star|Giga Drain|p2a: Squishy\n|-supereffective|p2a: Squishy\n|-damage|p2a: Squishy|0 fnt\n|-heal|p1a: turbo star|80\/100|[from] drain|[of] p2a: Squishy\n|faint|p2a: Squishy\n|\n|-heal|p1a: turbo star|86\/100|[from] item: Leftovers\n|upkeep\n|\n|t:|1699985996\n|switch|p2a: Buzz Buzz|Ninjask, M|100\/100\n|turn|32\n|\n|t:|1699985999\n|move|p1a: turbo star|Substitute|p1a: turbo star\n|-start|p1a: turbo star|Substitute\n|-damage|p1a: turbo star|61\/100\n|move|p2a: Buzz Buzz|Leech Life|p1a: turbo star\n|-supereffective|p1a: turbo star\n|-end|p1a: turbo star|Substitute\n|\n|-heal|p1a: turbo star|68\/100|[from] item: Leftovers\n|-ability|p2a: Buzz Buzz|Speed Boost|boost\n|-boost|p2a: Buzz Buzz|spe|1\n|upkeep\n|turn|33\n|\n|t:|1699986004\n|move|p1a: turbo star|Protect|p1a: turbo star\n|-singleturn|p1a: turbo star|Protect\n|move|p2a: Buzz Buzz|Leech Life|p1a: turbo star\n|-activate|p1a: turbo star|move: Protect\n|\n|-heal|p1a: turbo star|74\/100|[from] item: Leftovers\n|-ability|p2a: Buzz Buzz|Speed Boost|boost\n|-boost|p2a: Buzz Buzz|spe|1\n|upkeep\n|turn|34\n|\n|t:|1699986008\n|switch|p1a: dragoon|Ho-Oh|100\/100\n|-ability|p1a: dragoon|Pressure\n|move|p2a: Buzz Buzz|Leech Life|p1a: dragoon\n|-resisted|p1a: dragoon\n|-damage|p1a: dragoon|93\/100\n|\n|-ability|p2a: Buzz Buzz|Speed Boost|boost\n|-boost|p2a: Buzz Buzz|spe|1\n|upkeep\n|turn|35\n|\n|t:|1699986014\n|move|p2a: Buzz Buzz|Leech Life|p1a: dragoon\n|-resisted|p1a: dragoon\n|-damage|p1a: dragoon|85\/100\n|move|p1a: dragoon|Sacred Fire|p2a: Buzz Buzz\n|-supereffective|p2a: Buzz Buzz\n|-damage|p2a: Buzz Buzz|0 fnt\n|faint|p2a: Buzz Buzz\n|\n|upkeep\n|\n|t:|1699986016\n|switch|p2a: HELP!|Kingambit, M|100\/100\n|-activate|p2a: HELP!|ability: Supreme Overlord\n|-start|p2a: HELP!|fallen5|[silent]\n|turn|36\n|\n|t:|1699986025\n|-terastallize|p2a: HELP!|Dragon\n|move|p2a: HELP!|Sucker Punch|p1a: dragoon\n|-damage|p1a: dragoon|21\/100\n|move|p1a: dragoon|Sacred Fire|p2a: HELP!\n|-resisted|p2a: HELP!\n|-damage|p2a: HELP!|85\/100\n|-status|p2a: HELP!|brn\n|\n|-damage|p2a: HELP!|79\/100 brn|[from] brn\n|upkeep\n|turn|37\n|\n|t:|1699986033\n|move|p1a: dragoon|Defog|p2a: HELP!\n|-unboost|p2a: HELP!|evasion|1\n|-sideend|p1: flatzissmurfed \u269d\u5f61|Stealth Rock|[from] move: Defog|[of] p1a: dragoon\n|move|p2a: HELP!|Psycho Cut|p1a: dragoon\n|-damage|p1a: dragoon|1\/100\n|\n|-damage|p2a: HELP!|73\/100 brn|[from] brn\n|upkeep\n|turn|38\n|\n|t:|1699986039\n|move|p2a: HELP!|Sucker Punch|p1a: dragoon\n|-damage|p1a: dragoon|0 fnt\n|faint|p1a: dragoon\n|\n|-damage|p2a: HELP!|66\/100 brn|[from] brn\n|upkeep\n|\n|t:|1699986041\n|switch|p1a: turbo star|Electrode-Hisui, tera:Dark|74\/100\n|turn|39\n|\n|t:|1699986050\n|move|p2a: HELP!|Sucker Punch||[still]\n|-fail|p2a: HELP!\n|move|p1a: turbo star|Leech Seed|p2a: HELP!\n|-start|p2a: HELP!|move: Leech Seed\n|\n|-heal|p1a: turbo star|80\/100|[from] item: Leftovers\n|-damage|p2a: HELP!|54\/100 brn|[from] Leech Seed|[of] p1a: turbo star\n|-heal|p1a: turbo star|96\/100|[silent]\n|-damage|p2a: HELP!|48\/100 brn|[from] brn\n|upkeep\n|turn|40\n|\n|t:|1699986054\n|move|p1a: turbo star|Substitute|p1a: turbo star\n|-start|p1a: turbo star|Substitute\n|-damage|p1a: turbo star|71\/100\n|move|p2a: HELP!|Kowtow Cleave|p1a: turbo star\n|-resisted|p1a: turbo star\n|-end|p1a: turbo star|Substitute\n|\n|-heal|p1a: turbo star|77\/100|[from] item: Leftovers\n|-damage|p2a: HELP!|35\/100 brn|[from] Leech Seed|[of] p1a: turbo star\n|-heal|p1a: turbo star|92\/100|[silent]\n|-damage|p2a: HELP!|29\/100 brn|[from] brn\n|upkeep\n|turn|41\n|\n|t:|1699986062\n|move|p1a: turbo star|Protect|p1a: turbo star\n|-singleturn|p1a: turbo star|Protect\n|move|p2a: HELP!|Kowtow Cleave|p1a: turbo star\n|-activate|p1a: turbo star|move: Protect\n|\n|-heal|p1a: turbo star|99\/100|[from] item: Leftovers\n|-damage|p2a: HELP!|17\/100 brn|[from] Leech Seed|[of] p1a: turbo star\n|-heal|p1a: turbo star|100\/100|[silent]\n|-damage|p2a: HELP!|11\/100 brn|[from] brn\n|upkeep\n|turn|42\n|\n|t:|1699986079\n|move|p1a: turbo star|Substitute|p1a: turbo star\n|-start|p1a: turbo star|Substitute\n|-damage|p1a: turbo star|76\/100\n|move|p2a: HELP!|Kowtow Cleave|p1a: turbo star\n|-resisted|p1a: turbo star\n|-end|p1a: turbo star|Substitute\n|\n|-heal|p1a: turbo star|82\/100|[from] item: Leftovers\n|-damage|p2a: HELP!|0 fnt|[from] Leech Seed|[of] p1a: turbo star\n|-heal|p1a: turbo star|95\/100|[silent]\n|faint|p2a: HELP!\n|-end|p2a: HELP!|fallen5|[silent]\n|\n|win|flatzissmurfed \u269d\u5f61\n|upkeep\n|raw|flatzissmurfed \u269d\u5f61's rating: 1111 &rarr; <strong>1144<\/strong><br \/>(+33 for winning)\n|raw|Lumageist's rating: 1220 &rarr; <strong>1187<\/strong><br \/>(-33 for losing)\n","uploadtime":1699986083,"views":6,"p1id":"flatzissmurfed","p2id":"lumageist","formatid":"gen9nationaldexubers","rating":1144,"private":0,"password":""}