{"id":"gen9nationaldexubers-1989291977","p1":"Navarr08","p2":"Pearl-Luck","format":"[Gen 9] National Dex Ubers","log":"|j|\u2606Navarr08\n|j|\u2606Pearl-Luck\n|t:|1699832678\n|gametype|singles\n|player|p1|Navarr08|hilbert|1492\n|player|p2|Pearl-Luck|lillie-masters2|1432\n|teamsize|p1|6\n|teamsize|p2|6\n|gen|9\n|tier|[Gen 9] National Dex Ubers\n|rated|\n|rule|HP Percentage Mod: HP is shown in percentages\n|rule|Endless Battle Clause: Forcing endless battles is banned\n|rule|OHKO Clause: OHKO moves are banned\n|rule|Evasion Moves Clause: Evasion moves are banned\n|rule|Evasion Items Clause: Evasion items are banned\n|rule|Species Clause: Limit one of each Pok\u00e9mon\n|rule|Sleep Clause Mod: Limit one foe put to sleep\n|rule|Mega Rayquaza Clause: You cannot mega evolve Rayquaza\n|clearpoke\n|poke|p1|Ninetales-Alola, M|\n|poke|p1|Kyurem-Black|\n|poke|p1|Groudon|\n|poke|p1|Zacian-*|\n|poke|p1|Marshadow|\n|poke|p1|Yveltal|\n|poke|p2|Lunala|\n|poke|p2|Ting-Lu|\n|poke|p2|Scizor, F|\n|poke|p2|Regieleki|\n|poke|p2|Chansey, F|\n|poke|p2|Palkia|\n|teampreview\n|inactive|Battle timer is ON: inactive players will automatically lose when time's up. (requested by Pearl-Luck)\n|inactive|Navarr08 also wants the timer to be on.\n|\n|t:|1699832684\n|start\n|switch|p1a: Kyurem|Kyurem-Black|100\/100\n|switch|p2a: Scizor|Scizor, F|100\/100\n|-ability|p1a: Kyurem|Teravolt\n|turn|1\n|\n|t:|1699832692\n|detailschange|p2a: Scizor|Scizor-Mega, F\n|-mega|p2a: Scizor|Scizor|Scizorite\n|-terastallize|p1a: Kyurem|Electric\n|move|p2a: Scizor|Bullet Punch|p1a: Kyurem\n|-resisted|p1a: Kyurem\n|-damage|p1a: Kyurem|84\/100\n|move|p1a: Kyurem|Dragon Dance|p1a: Kyurem\n|-boost|p1a: Kyurem|atk|1\n|-boost|p1a: Kyurem|spe|1\n|\n|upkeep\n|turn|2\n|\n|t:|1699832708\n|move|p1a: Kyurem|Dragon Dance|p1a: Kyurem\n|-boost|p1a: Kyurem|atk|1\n|-boost|p1a: Kyurem|spe|1\n|move|p2a: Scizor|Close Combat|p1a: Kyurem\n|-crit|p1a: Kyurem\n|-damage|p1a: Kyurem|20\/100\n|-unboost|p2a: Scizor|def|1\n|-unboost|p2a: Scizor|spd|1\n|\n|upkeep\n|turn|3\n|\n|t:|1699832721\n|switch|p2a: Ting-Lu|Ting-Lu|100\/100\n|-ability|p2a: Ting-Lu|Vessel of Ruin\n|move|p1a: Kyurem|Fusion Bolt|p2a: Ting-Lu\n|-immune|p2a: Ting-Lu\n|\n|upkeep\n|turn|4\n|\n|t:|1699832733\n|-terastallize|p2a: Ting-Lu|Steel\n|move|p1a: Kyurem|Icicle Spear|p2a: Ting-Lu\n|-resisted|p2a: Ting-Lu\n|-damage|p2a: Ting-Lu|94\/100\n|-resisted|p2a: Ting-Lu\n|-damage|p2a: Ting-Lu|87\/100\n|-resisted|p2a: Ting-Lu\n|-damage|p2a: Ting-Lu|81\/100\n|-resisted|p2a: Ting-Lu\n|-damage|p2a: Ting-Lu|74\/100\n|-resisted|p2a: Ting-Lu\n|-crit|p2a: Ting-Lu\n|-damage|p2a: Ting-Lu|64\/100\n|-hitcount|p2a: Ting-Lu|5\n|move|p2a: Ting-Lu|Earthquake|p1a: Kyurem\n|-supereffective|p1a: Kyurem\n|-damage|p1a: Kyurem|0 fnt\n|faint|p1a: Kyurem\n|\n|-heal|p2a: Ting-Lu|70\/100|[from] item: Leftovers\n|upkeep\n|\n|t:|1699832751\n|switch|p1a: Groudon|Groudon|100\/100\n|detailschange|p1a: Groudon|Groudon-Primal\n|-primal|p1a: Groudon|Red Orb\n|-weather|DesolateLand|[from] ability: Desolate Land|[of] p1a: Groudon\n|turn|5\n|c|\u2606Pearl-Luck|Lol\n|c|\u2606Pearl-Luck|5 hits?\n|\n|t:|1699832765\n|move|p1a: Groudon|Rock Polish|p1a: Groudon\n|-boost|p1a: Groudon|spe|2\n|move|p2a: Ting-Lu|Earthquake|p1a: Groudon\n|-supereffective|p1a: Groudon\n|-damage|p1a: Groudon|54\/100\n|\n|-weather|DesolateLand|[upkeep]\n|-heal|p2a: Ting-Lu|76\/100|[from] item: Leftovers\n|upkeep\n|turn|6\n|\n|t:|1699832784\n|move|p1a: Groudon|Precipice Blades|p2a: Ting-Lu\n|-supereffective|p2a: Ting-Lu\n|-damage|p2a: Ting-Lu|4\/100\n|move|p2a: Ting-Lu|Earthquake|p1a: Groudon\n|-supereffective|p1a: Groudon\n|-damage|p1a: Groudon|3\/100\n|\n|-weather|DesolateLand|[upkeep]\n|-heal|p2a: Ting-Lu|10\/100|[from] item: Leftovers\n|upkeep\n|turn|7\n|\n|t:|1699832795\n|move|p1a: Groudon|Heat Crash|p2a: Ting-Lu\n|-supereffective|p2a: Ting-Lu\n|-damage|p2a: Ting-Lu|0 fnt\n|faint|p2a: Ting-Lu\n|\n|-weather|DesolateLand|[upkeep]\n|upkeep\n|\n|t:|1699832798\n|switch|p2a: Scizor|Scizor-Mega, F|100\/100\n|turn|8\n|\n|t:|1699832805\n|move|p2a: Scizor|Bullet Punch|p1a: Groudon\n|-resisted|p1a: Groudon\n|-damage|p1a: Groudon|0 fnt\n|faint|p1a: Groudon\n|-weather|none\n|\n|upkeep\n|\n|t:|1699832817\n|switch|p1a: Ninetales|Ninetales-Alola, M|100\/100\n|-weather|Snow|[from] ability: Snow Warning|[of] p1a: Ninetales\n|turn|9\n|\n|t:|1699832827\n|move|p2a: Scizor|Bullet Punch|p1a: Ninetales\n|-supereffective|p1a: Ninetales\n|-enditem|p1a: Ninetales|Focus Sash\n|-damage|p1a: Ninetales|1\/100\n|move|p1a: Ninetales|Aurora Veil|p1a: Ninetales\n|-sidestart|p1: Navarr08|move: Aurora Veil\n|\n|-weather|Snow|[upkeep]\n|upkeep\n|turn|10\n|\n|t:|1699832836\n|move|p2a: Scizor|Bullet Punch|p1a: Ninetales\n|-supereffective|p1a: Ninetales\n|-damage|p1a: Ninetales|0 fnt\n|faint|p1a: Ninetales\n|\n|-weather|Snow|[upkeep]\n|upkeep\n|\n|t:|1699832842\n|switch|p1a: Zacian|Zacian-Crowned|100\/100\n|-ability|p1a: Zacian|Intrepid Sword|boost\n|-boost|p1a: Zacian|atk|1\n|turn|11\n|\n|t:|1699832859\n|switch|p2a: Chansey|Chansey, F|100\/100\n|move|p1a: Zacian|Swords Dance|p1a: Zacian\n|-boost|p1a: Zacian|atk|2\n|\n|-weather|Snow|[upkeep]\n|upkeep\n|turn|12\n|j| lostar14\n|\n|t:|1699832874\n|move|p1a: Zacian|Behemoth Blade|p2a: Chansey\n|-damage|p2a: Chansey|11\/100\n|move|p2a: Chansey|Wish|p2a: Chansey\n|\n|-weather|Snow|[upkeep]\n|upkeep\n|turn|13\n|\n|t:|1699832881\n|switch|p2a: Lunala|Lunala, shiny|100\/100\n|move|p1a: Zacian|Swords Dance|p1a: Zacian\n|-boost|p1a: Zacian|atk|2\n|\n|-weather|none\n|-sideend|p1: Navarr08|move: Aurora Veil\n|upkeep\n|turn|14\n|\n|t:|1699832889\n|move|p1a: Zacian|Behemoth Blade|p2a: Lunala\n|-damage|p2a: Lunala|26\/100\n|-zpower|p2a: Lunala\n|move|p2a: Lunala|Menacing Moonraze Maelstrom|p1a: Zacian|[zeffect]\n|-damage|p1a: Zacian|0 fnt\n|faint|p1a: Zacian\n|\n|upkeep\n|l| lostar14\n|\n|t:|1699832901\n|switch|p1a: Yveltal|Yveltal|100\/100\n|-ability|p1a: Yveltal|Dark Aura\n|turn|15\n|c|\u2606Pearl-Luck|Shadow guard\n|c|\u2606Pearl-Luck|Is\n|c|\u2606Pearl-Luck|GOD\n|\n|t:|1699832925\n|switch|p1a: Marshadow|Marshadow|100\/100\n|move|p2a: Lunala|Moonblast|p1a: Marshadow\n|-supereffective|p1a: Marshadow\n|-damage|p1a: Marshadow|7\/100\n|\n|upkeep\n|turn|16\n|\n|t:|1699832932\n|move|p1a: Marshadow|Shadow Sneak|p2a: Lunala\n|-supereffective|p2a: Lunala\n|-damage|p2a: Lunala|0 fnt\n|faint|p2a: Lunala\n|\n|upkeep\n|\n|t:|1699832935\n|switch|p2a: Palkia|Palkia, shiny|100\/100\n|-ability|p2a: Palkia|Pressure\n|turn|17\n|\n|t:|1699832943\n|move|p2a: Palkia|Spacial Rend|p1a: Marshadow\n|-damage|p1a: Marshadow|0 fnt\n|faint|p1a: Marshadow\n|\n|upkeep\n|\n|t:|1699832947\n|switch|p1a: Yveltal|Yveltal|100\/100\n|-ability|p1a: Yveltal|Dark Aura\n|turn|18\n|\n|t:|1699832953\n|move|p2a: Palkia|Spacial Rend|p1a: Yveltal\n|-damage|p1a: Yveltal|36\/100\n|move|p1a: Yveltal|Dark Pulse|p2a: Palkia\n|-crit|p2a: Palkia\n|-damage|p2a: Palkia|0 fnt\n|faint|p2a: Palkia\n|-damage|p1a: Yveltal|26\/100|[from] item: Life Orb\n|\n|upkeep\n|\n|t:|1699832958\n|switch|p2a: Regieleki|Regieleki|100\/100\n|turn|19\n|c|\u2606Pearl-Luck|BOOM\n|\n|t:|1699832965\n|move|p1a: Yveltal|Sucker Punch|p2a: Regieleki\n|-damage|p2a: Regieleki|0 fnt\n|faint|p2a: Regieleki\n|-damage|p1a: Yveltal|16\/100|[from] item: Life Orb\n|\n|upkeep\n|\n|t:|1699832970\n|switch|p2a: Scizor|Scizor-Mega, F|100\/100\n|turn|20\n|c|\u2606Pearl-Luck|Hey\n|c|\u2606Pearl-Luck|I wanted that explosion\n|\n|t:|1699832987\n|move|p2a: Scizor|Bullet Punch|p1a: Yveltal\n|-damage|p1a: Yveltal|0 fnt\n|faint|p1a: Yveltal\n|\n|win|Pearl-Luck\n|raw|Navarr08's rating: 1492 &rarr; <strong>1469<\/strong><br \/>(-23 for losing)\n|raw|Pearl-Luck's rating: 1432 &rarr; <strong>1455<\/strong><br \/>(+23 for winning)\n|l|\u2606Navarr08\n|c|\u2606Pearl-Luck|Anyways gg\n|l|\u2606Pearl-Luck\n|j|\u2606Pearl-Luck\n|player|p2|Pearl-Luck|lillie-masters2\n","uploadtime":1699833246,"views":4,"p1id":"navarr08","p2id":"pearlluck","formatid":"gen9nationaldexubers","rating":1455,"private":0,"password":""}