{"id":"gen9nationaldexubers-1999198426","p1":"Foxxxism","p2":"Bandit2017","format":"[Gen 9] National Dex Ubers","log":"|j|\u2606Foxxxism\n|j|\u2606Bandit2017\n|t:|1701044382\n|gametype|singles\n|player|p1|Foxxxism|dawn|\n|player|p2|Bandit2017|2|\n|teamsize|p1|6\n|teamsize|p2|6\n|gen|9\n|tier|[Gen 9] National Dex Ubers\n|rule|HP Percentage Mod: HP is shown in percentages\n|rule|Endless Battle Clause: Forcing endless battles is banned\n|rule|OHKO Clause: OHKO moves are banned\n|rule|Evasion Moves Clause: Evasion moves are banned\n|rule|Evasion Items Clause: Evasion items are banned\n|rule|Species Clause: Limit one of each Pok\u00e9mon\n|rule|Sleep Clause Mod: Limit one foe put to sleep\n|rule|Mega Rayquaza Clause: You cannot mega evolve Rayquaza\n|clearpoke\n|poke|p1|Dragapult, M|\n|poke|p1|Haxorus, M|\n|poke|p1|Hydreigon, M|\n|poke|p1|Garchomp, M|\n|poke|p1|Kommo-o, F|\n|poke|p1|Dragalge, F|\n|poke|p2|Great Tusk|\n|poke|p2|Rhydon, M|\n|poke|p2|Torterra, F|\n|poke|p2|Marowak, F|\n|poke|p2|Mamoswine, F|\n|poke|p2|Camerupt, F|\n|teampreview\n|j| Triggerhappy50\n|\n|t:|1701044404\n|start\n|switch|p1a: Dragapult|Dragapult, M|100\/100\n|switch|p2a: Marowak|Marowak, F|100\/100\n|turn|1\n|\n|t:|1701044441\n|move|p1a: Dragapult|Draco Meteor|p2a: Marowak\n|-damage|p2a: Marowak|0 fnt\n|-unboost|p1a: Dragapult|spa|2\n|faint|p2a: Marowak\n|\n|upkeep\n|\n|t:|1701044466\n|switch|p2a: Camerupt|Camerupt, F|100\/100\n|turn|2\n|\n|t:|1701044474\n|move|p1a: Dragapult|Draco Meteor|p2a: Camerupt\n|-damage|p2a: Camerupt|49\/100\n|-unboost|p1a: Dragapult|spa|2\n|move|p2a: Camerupt|Flash Cannon|p1a: Dragapult\n|-damage|p1a: Dragapult|48\/100\n|\n|upkeep\n|turn|3\n|\n|t:|1701044483\n|move|p1a: Dragapult|Draco Meteor|p2a: Camerupt|[miss]\n|-miss|p1a: Dragapult|p2a: Camerupt\n|move|p2a: Camerupt|Flash Cannon|p1a: Dragapult\n|-damage|p1a: Dragapult|0 fnt\n|faint|p1a: Dragapult\n|\n|upkeep\n|\n|t:|1701044510\n|switch|p1a: Garchomp|Garchomp, M|100\/100\n|turn|4\n|\n|t:|1701044517\n|move|p1a: Garchomp|Brick Break|p2a: Camerupt\n|-damage|p2a: Camerupt|16\/100\n|move|p2a: Camerupt|Flash Cannon|p1a: Garchomp\n|-crit|p1a: Garchomp\n|-damage|p1a: Garchomp|35\/100\n|\n|upkeep\n|turn|5\n|\n|t:|1701044532\n|move|p1a: Garchomp|Brick Break|p2a: Camerupt\n|-damage|p2a: Camerupt|0 fnt\n|faint|p2a: Camerupt\n|\n|upkeep\n|\n|t:|1701044542\n|switch|p2a: Torterra|Torterra, F|100\/100\n|turn|6\n|\n|t:|1701044549\n|move|p1a: Garchomp|Dragon Claw|p2a: Torterra\n|-damage|p2a: Torterra|62\/100\n|move|p2a: Torterra|Giga Drain|p1a: Garchomp\n|-damage|p1a: Garchomp|15\/100\n|-heal|p2a: Torterra|72\/100|[from] drain|[of] p1a: Garchomp\n|\n|upkeep\n|turn|7\n|\n|t:|1701044570\n|move|p1a: Garchomp|Brick Break|p2a: Torterra\n|-damage|p2a: Torterra|46\/100\n|move|p2a: Torterra|Heavy Slam|p1a: Garchomp\n|-damage|p1a: Garchomp|0 fnt\n|faint|p1a: Garchomp\n|\n|upkeep\n|\n|t:|1701044580\n|switch|p1a: Hydreigon|Hydreigon, M|100\/100\n|turn|8\n|\n|t:|1701044605\n|switch|p2a: Rhydon|Rhydon, M|100\/100\n|move|p1a: Hydreigon|Fire Blast|p2a: Rhydon|[miss]\n|-miss|p1a: Hydreigon|p2a: Rhydon\n|\n|upkeep\n|turn|9\n|\n|t:|1701044638\n|switch|p1a: Kommo-o|Kommo-o, F|100\/100\n|move|p2a: Rhydon|Thunderbolt|p1a: Kommo-o\n|-resisted|p1a: Kommo-o\n|-damage|p1a: Kommo-o|96\/100\n|\n|upkeep\n|turn|10\n|\n|t:|1701044649\n|move|p1a: Kommo-o|Close Combat|p2a: Rhydon\n|-supereffective|p2a: Rhydon\n|-damage|p2a: Rhydon|21\/100\n|-unboost|p1a: Kommo-o|def|1\n|-unboost|p1a: Kommo-o|spd|1\n|move|p2a: Rhydon|High Horsepower|p1a: Kommo-o\n|-damage|p1a: Kommo-o|38\/100\n|\n|-heal|p2a: Rhydon|27\/100|[from] item: Leftovers\n|upkeep\n|turn|11\n|\n|t:|1701044685\n|switch|p2a: Great Tusk|Great Tusk|100\/100\n|-enditem|p2a: Great Tusk|Booster Energy\n|-activate|p2a: Great Tusk|ability: Protosynthesis|[fromitem]\n|-start|p2a: Great Tusk|protosynthesisspe\n|move|p1a: Kommo-o|Close Combat|p2a: Great Tusk\n|-damage|p2a: Great Tusk|68\/100\n|-unboost|p1a: Kommo-o|def|1\n|-unboost|p1a: Kommo-o|spd|1\n|\n|upkeep\n|turn|12\n|\n|t:|1701044756\n|move|p2a: Great Tusk|Flash Cannon|p1a: Kommo-o\n|-damage|p1a: Kommo-o|27\/100\n|move|p1a: Kommo-o|Poison Jab|p2a: Great Tusk\n|-resisted|p2a: Great Tusk\n|-damage|p2a: Great Tusk|60\/100\n|\n|upkeep\n|turn|13\n|\n|t:|1701044774\n|move|p2a: Great Tusk|Headlong Rush|p1a: Kommo-o\n|-damage|p1a: Kommo-o|0 fnt\n|-unboost|p2a: Great Tusk|def|1\n|-unboost|p2a: Great Tusk|spd|1\n|faint|p1a: Kommo-o\n|\n|upkeep\n|\n|t:|1701044805\n|switch|p1a: Hydreigon|Hydreigon, M|100\/100\n|turn|14\n|\n|t:|1701044814\n|move|p2a: Great Tusk|Ice Spinner|p1a: Hydreigon\n|-supereffective|p1a: Hydreigon\n|-damage|p1a: Hydreigon|50\/100\n|move|p1a: Hydreigon|Dark Pulse|p2a: Great Tusk\n|-resisted|p2a: Great Tusk\n|-damage|p2a: Great Tusk|2\/100\n|\n|upkeep\n|turn|15\n|\n|t:|1701044866\n|move|p2a: Great Tusk|Ice Spinner|p1a: Hydreigon\n|-supereffective|p1a: Hydreigon\n|-damage|p1a: Hydreigon|0 fnt\n|faint|p1a: Hydreigon\n|\n|upkeep\n|\n|t:|1701044873\n|switch|p1a: Haxorus|Haxorus, M|100\/100\n|turn|16\n|\n|t:|1701044883\n|move|p2a: Great Tusk|Ice Spinner|p1a: Haxorus\n|-supereffective|p1a: Haxorus\n|-damage|p1a: Haxorus|43\/100\n|move|p1a: Haxorus|Iron Tail|p2a: Great Tusk\n|-crit|p2a: Great Tusk\n|-damage|p2a: Great Tusk|0 fnt\n|faint|p2a: Great Tusk\n|-end|p2a: Great Tusk|Protosynthesis|[silent]\n|\n|upkeep\n|\n|t:|1701044891\n|switch|p2a: Mamoswine|Mamoswine, F|100\/100\n|turn|17\n|\n|t:|1701044920\n|-terastallize|p1a: Haxorus|Dragon\n|move|p1a: Haxorus|Iron Tail|p2a: Mamoswine\n|-supereffective|p2a: Mamoswine\n|-damage|p2a: Mamoswine|36\/100\n|-unboost|p2a: Mamoswine|def|1\n|move|p2a: Mamoswine|Icicle Crash|p1a: Haxorus\n|-supereffective|p1a: Haxorus\n|-damage|p1a: Haxorus|0 fnt\n|faint|p1a: Haxorus\n|\n|upkeep\n|\n|t:|1701044929\n|switch|p1a: Dragalge|Dragalge, F|100\/100\n|turn|18\n|\n|t:|1701044948\n|move|p2a: Mamoswine|Icicle Crash|p1a: Dragalge\n|-supereffective|p1a: Dragalge\n|-damage|p1a: Dragalge|0 fnt\n|faint|p1a: Dragalge\n|\n|win|Bandit2017\n","uploadtime":1701044955,"views":3,"p1id":"foxxxism","p2id":"bandit2017","formatid":"gen9nationaldexubers","rating":0,"private":0,"password":""}