{"id":"gen9nationaldexubers-1977955346","p1":"Church Temporary","p2":"juancharlos","format":"[Gen 9] National Dex Ubers","log":"|j|\u2606Church Temporary\n|j|\u2606juancharlos\n|t:|1698472559\n|gametype|singles\n|player|p1|Church Temporary|169|\n|player|p2|juancharlos|101|\n|teamsize|p1|6\n|teamsize|p2|6\n|gen|9\n|tier|[Gen 9] National Dex Ubers\n|rule|HP Percentage Mod: HP is shown in percentages\n|rule|Endless Battle Clause: Forcing endless battles is banned\n|rule|OHKO Clause: OHKO moves are banned\n|rule|Evasion Moves Clause: Evasion moves are banned\n|rule|Evasion Items Clause: Evasion items are banned\n|rule|Species Clause: Limit one of each Pok\u00e9mon\n|rule|Sleep Clause Mod: Limit one foe put to sleep\n|rule|Mega Rayquaza Clause: You cannot mega evolve Rayquaza\n|clearpoke\n|poke|p1|Deoxys-Speed|\n|poke|p1|Gigalith, M|\n|poke|p1|Dragonite, M|\n|poke|p1|Alakazam, M|\n|poke|p1|Durant, M|\n|poke|p1|Clefable, M|\n|poke|p2|Liepard, F|\n|poke|p2|Naganadel|\n|poke|p2|Golisopod, M|\n|poke|p2|Copperajah, F|\n|poke|p2|Tyranitar, M|\n|poke|p2|Excadrill, F|\n|teampreview\n|\n|t:|1698472634\n|start\n|switch|p1a: The Fast|Deoxys-Speed|100\/100\n|switch|p2a: Golisopod|Golisopod, M|100\/100\n|-ability|p1a: The Fast|Pressure\n|turn|1\n|\n|t:|1698472641\n|move|p2a: Golisopod|Aqua Jet|p1a: The Fast\n|-damage|p1a: The Fast|73\/100\n|move|p1a: The Fast|Nasty Plot|p1a: The Fast\n|-boost|p1a: The Fast|spa|2\n|\n|upkeep\n|turn|2\n|\n|t:|1698472648\n|move|p1a: The Fast|Nasty Plot|p1a: The Fast\n|-boost|p1a: The Fast|spa|2\n|move|p2a: Golisopod|Knock Off|p1a: The Fast\n|-supereffective|p1a: The Fast\n|-damage|p1a: The Fast|0 fnt\n|-enditem|p1a: The Fast|Focus Sash|[from] move: Knock Off|[of] p2a: Golisopod\n|faint|p1a: The Fast\n|\n|upkeep\n|\n|t:|1698472689\n|switch|p1a: EGG|Clefable, M|100\/100\n|turn|3\n|\n|t:|1698472694\n|move|p1a: EGG|Protect|p1a: EGG\n|-singleturn|p1a: EGG|Protect\n|move|p2a: Golisopod|Knock Off|p1a: EGG\n|-activate|p1a: EGG|move: Protect\n|\n|upkeep\n|turn|4\n|\n|t:|1698472707\n|move|p1a: EGG|Toxic|p2a: Golisopod\n|-status|p2a: Golisopod|tox\n|move|p2a: Golisopod|Knock Off|p1a: EGG\n|-resisted|p1a: EGG\n|-damage|p1a: EGG|90\/100\n|-enditem|p1a: EGG|Leftovers|[from] move: Knock Off|[of] p2a: Golisopod\n|\n|-damage|p2a: Golisopod|94\/100 tox|[from] psn\n|upkeep\n|turn|5\n|\n|t:|1698472718\n|move|p1a: EGG|Moonblast|p2a: Golisopod\n|-damage|p2a: Golisopod|73\/100 tox\n|move|p2a: Golisopod|Spikes|p1a: EGG\n|-sidestart|p1: Church Temporary|Spikes\n|\n|-heal|p2a: Golisopod|79\/100 tox|[from] item: Leftovers\n|-damage|p2a: Golisopod|67\/100 tox|[from] psn\n|upkeep\n|turn|6\n|\n|t:|1698472734\n|switch|p1a: The Boulder|Gigalith, M|100\/100\n|move|p2a: Golisopod|Spikes|p1a: The Boulder\n|-sidestart|p1: Church Temporary|Spikes\n|\n|-heal|p2a: Golisopod|73\/100 tox|[from] item: Leftovers\n|-damage|p2a: Golisopod|54\/100 tox|[from] psn\n|upkeep\n|turn|7\n|\n|t:|1698472747\n|move|p2a: Golisopod|Aqua Jet|p1a: The Boulder\n|-supereffective|p1a: The Boulder\n|-damage|p1a: The Boulder|78\/100\n|move|p1a: The Boulder|Earthquake|p2a: Golisopod\n|-resisted|p2a: Golisopod\n|-damage|p2a: Golisopod|41\/100 tox\n|-activate|p2a: Golisopod|ability: Emergency Exit\n|\n|t:|1698472777\n|switch|p2a: Liepard|Liepard, F|100\/100\n|\n|upkeep\n|turn|8\n|\n|t:|1698472782\n|move|p1a: The Boulder|Protect|p1a: The Boulder\n|-singleturn|p1a: The Boulder|Protect\n|move|p2a: Liepard|Fake Out|p1a: The Boulder\n|-activate|p1a: The Boulder|move: Protect\n|\n|upkeep\n|turn|9\n|\n|t:|1698472789\n|move|p1a: The Boulder|Toxic|p2a: Liepard\n|-status|p2a: Liepard|tox\n|move|p2a: Liepard|Knock Off|p1a: The Boulder\n|-damage|p1a: The Boulder|44\/100\n|-enditem|p1a: The Boulder|Heavy-Duty Boots|[from] move: Knock Off|[of] p2a: Liepard\n|\n|-damage|p2a: Liepard|94\/100 tox|[from] psn\n|upkeep\n|turn|10\n|\n|t:|1698472799\n|move|p2a: Liepard|Trick|p1a: The Boulder\n|-activate|p2a: Liepard|move: Trick|[of] p1a: The Boulder\n|-item|p1a: The Boulder|Lagging Tail|[from] move: Trick\n|-enditem|p2a: Liepard|Lagging Tail|[silent]|[from] move: Trick\n|move|p1a: The Boulder|Explosion|p2a: Liepard\n|-damage|p2a: Liepard|0 fnt\n|faint|p1a: The Boulder\n|faint|p2a: Liepard\n|\n|upkeep\n|\n|t:|1698472810\n|switch|p2a: Tyranitar|Tyranitar, M|100\/100\n|switch|p1a: EGG|Clefable, M|90\/100\n|-weather|Sandstorm|[from] ability: Sand Stream|[of] p2a: Tyranitar\n|-damage|p1a: EGG|74\/100|[from] Spikes\n|turn|11\n|\n|t:|1698472818\n|switch|p2a: Copperajah|Copperajah, F|100\/100\n|move|p1a: EGG|Protect||[still]\n|-fail|p1a: EGG\n|\n|-weather|Sandstorm|[upkeep]\n|-damage|p1a: EGG|68\/100|[from] Sandstorm\n|upkeep\n|turn|12\n|\n|t:|1698472826\n|move|p1a: EGG|Toxic|p2a: Copperajah\n|-immune|p2a: Copperajah\n|move|p2a: Copperajah|Iron Defense|p2a: Copperajah\n|-boost|p2a: Copperajah|def|2\n|\n|-weather|Sandstorm|[upkeep]\n|-damage|p1a: EGG|61\/100|[from] Sandstorm\n|upkeep\n|turn|13\n|\n|t:|1698472834\n|move|p1a: EGG|Moonblast|p2a: Copperajah\n|-resisted|p2a: Copperajah\n|-damage|p2a: Copperajah|85\/100\n|move|p2a: Copperajah|Iron Defense|p2a: Copperajah\n|-boost|p2a: Copperajah|def|2\n|\n|-weather|Sandstorm|[upkeep]\n|-damage|p1a: EGG|55\/100|[from] Sandstorm\n|upkeep\n|turn|14\n|\n|t:|1698472844\n|move|p1a: EGG|Soft-Boiled|p1a: EGG\n|-heal|p1a: EGG|100\/100\n|move|p2a: Copperajah|Iron Defense|p2a: Copperajah\n|-boost|p2a: Copperajah|def|2\n|\n|-weather|Sandstorm|[upkeep]\n|-damage|p1a: EGG|94\/100|[from] Sandstorm\n|upkeep\n|turn|15\n|\n|t:|1698472851\n|move|p1a: EGG|Protect|p1a: EGG\n|-singleturn|p1a: EGG|Protect\n|move|p2a: Copperajah|Body Press|p1a: EGG\n|-activate|p1a: EGG|move: Protect\n|\n|-weather|none\n|upkeep\n|turn|16\n|\n|t:|1698472859\n|move|p1a: EGG|Moonblast|p2a: Copperajah\n|-resisted|p2a: Copperajah\n|-damage|p2a: Copperajah|70\/100\n|move|p2a: Copperajah|Sandstorm|p2a: Copperajah\n|-weather|Sandstorm\n|\n|-weather|Sandstorm|[upkeep]\n|-damage|p1a: EGG|88\/100|[from] Sandstorm\n|upkeep\n|turn|17\n|\n|t:|1698472867\n|move|p1a: EGG|Protect|p1a: EGG\n|-singleturn|p1a: EGG|Protect\n|move|p2a: Copperajah|Body Press|p1a: EGG\n|-activate|p1a: EGG|move: Protect\n|\n|-weather|Sandstorm|[upkeep]\n|-damage|p1a: EGG|82\/100|[from] Sandstorm\n|upkeep\n|turn|18\n|\n|t:|1698472875\n|move|p1a: EGG|Moonblast|p2a: Copperajah\n|-resisted|p2a: Copperajah\n|-damage|p2a: Copperajah|54\/100\n|move|p2a: Copperajah|Body Press|p1a: EGG\n|-resisted|p1a: EGG\n|-damage|p1a: EGG|49\/100\n|-start|p2a: Copperajah|Attract|[from] ability: Cute Charm|[of] p1a: EGG\n|\n|-weather|Sandstorm|[upkeep]\n|-damage|p1a: EGG|43\/100|[from] Sandstorm\n|upkeep\n|turn|19\n|\n|t:|1698472889\n|move|p1a: EGG|Soft-Boiled|p1a: EGG\n|-heal|p1a: EGG|93\/100\n|-activate|p2a: Copperajah|move: Attract|[of] p1a: EGG\n|move|p2a: Copperajah|Body Press|p1a: EGG\n|-resisted|p1a: EGG\n|-damage|p1a: EGG|59\/100\n|\n|-weather|Sandstorm|[upkeep]\n|-damage|p1a: EGG|53\/100|[from] Sandstorm\n|upkeep\n|turn|20\n|\n|t:|1698472898\n|move|p1a: EGG|Protect|p1a: EGG\n|-singleturn|p1a: EGG|Protect\n|-activate|p2a: Copperajah|move: Attract|[of] p1a: EGG\n|move|p2a: Copperajah|Body Press|p1a: EGG\n|-activate|p1a: EGG|move: Protect\n|\n|-weather|none\n|upkeep\n|turn|21\n|\n|t:|1698472905\n|move|p1a: EGG|Soft-Boiled|p1a: EGG\n|-heal|p1a: EGG|100\/100\n|-activate|p2a: Copperajah|move: Attract|[of] p1a: EGG\n|move|p2a: Copperajah|Sandstorm|p2a: Copperajah\n|-weather|Sandstorm\n|\n|-weather|Sandstorm|[upkeep]\n|-damage|p1a: EGG|94\/100|[from] Sandstorm\n|upkeep\n|turn|22\n|\n|t:|1698472913\n|move|p1a: EGG|Moonblast|p2a: Copperajah\n|-resisted|p2a: Copperajah\n|-damage|p2a: Copperajah|39\/100\n|-unboost|p2a: Copperajah|spa|1\n|-activate|p2a: Copperajah|move: Attract|[of] p1a: EGG\n|cant|p2a: Copperajah|Attract\n|\n|-weather|Sandstorm|[upkeep]\n|-damage|p1a: EGG|88\/100|[from] Sandstorm\n|upkeep\n|turn|23\n|\n|t:|1698472922\n|move|p1a: EGG|Moonblast|p2a: Copperajah\n|-resisted|p2a: Copperajah\n|-damage|p2a: Copperajah|22\/100\n|-activate|p2a: Copperajah|move: Attract|[of] p1a: EGG\n|cant|p2a: Copperajah|Attract\n|\n|-weather|Sandstorm|[upkeep]\n|-damage|p1a: EGG|82\/100|[from] Sandstorm\n|upkeep\n|turn|24\n|\n|t:|1698472930\n|move|p1a: EGG|Moonblast|p2a: Copperajah\n|-resisted|p2a: Copperajah\n|-damage|p2a: Copperajah|5\/100\n|-activate|p2a: Copperajah|move: Attract|[of] p1a: EGG\n|move|p2a: Copperajah|Rest|p2a: Copperajah\n|-status|p2a: Copperajah|slp|[from] move: Rest\n|-heal|p2a: Copperajah|100\/100 slp|[silent]\n|-enditem|p2a: Copperajah|Chesto Berry|[eat]\n|-curestatus|p2a: Copperajah|slp|[msg]\n|\n|-weather|Sandstorm|[upkeep]\n|-damage|p1a: EGG|76\/100|[from] Sandstorm\n|upkeep\n|turn|25\n|\n|t:|1698472946\n|move|p1a: EGG|Protect|p1a: EGG\n|-singleturn|p1a: EGG|Protect\n|-activate|p2a: Copperajah|move: Attract|[of] p1a: EGG\n|cant|p2a: Copperajah|Attract\n|\n|-weather|none\n|upkeep\n|turn|26\n|\n|t:|1698472952\n|move|p1a: EGG|Moonblast|p2a: Copperajah\n|-resisted|p2a: Copperajah\n|-damage|p2a: Copperajah|85\/100\n|-activate|p2a: Copperajah|move: Attract|[of] p1a: EGG\n|cant|p2a: Copperajah|Attract\n|\n|upkeep\n|turn|27\n|\n|t:|1698472963\n|switch|p2a: Tyranitar|Tyranitar, M|100\/100\n|-weather|Sandstorm|[from] ability: Sand Stream|[of] p2a: Tyranitar\n|move|p1a: EGG|Moonblast|p2a: Tyranitar\n|-supereffective|p2a: Tyranitar\n|-damage|p2a: Tyranitar|56\/100\n|-unboost|p2a: Tyranitar|spa|1\n|\n|-weather|Sandstorm|[upkeep]\n|-damage|p1a: EGG|70\/100|[from] Sandstorm\n|upkeep\n|turn|28\n|\n|t:|1698472988\n|move|p1a: EGG|Protect|p1a: EGG\n|-singleturn|p1a: EGG|Protect\n|move|p2a: Tyranitar|Rock Slide|p1a: EGG\n|-activate|p1a: EGG|move: Protect\n|\n|-weather|Sandstorm|[upkeep]\n|-damage|p1a: EGG|64\/100|[from] Sandstorm\n|upkeep\n|turn|29\n|\n|t:|1698472997\n|move|p2a: Tyranitar|Rock Slide|p1a: EGG\n|-damage|p1a: EGG|14\/100\n|-damage|p2a: Tyranitar|46\/100|[from] item: Life Orb\n|move|p1a: EGG|Moonblast|p2a: Tyranitar\n|-supereffective|p2a: Tyranitar\n|-damage|p2a: Tyranitar|7\/100\n|\n|-weather|Sandstorm|[upkeep]\n|-damage|p1a: EGG|8\/100|[from] Sandstorm\n|upkeep\n|turn|30\n|\n|t:|1698473008\n|move|p1a: EGG|Protect|p1a: EGG\n|-singleturn|p1a: EGG|Protect\n|move|p2a: Tyranitar|Rock Slide|p1a: EGG\n|-activate|p1a: EGG|move: Protect\n|\n|-weather|Sandstorm|[upkeep]\n|-damage|p1a: EGG|2\/100|[from] Sandstorm\n|upkeep\n|turn|31\n|\n|t:|1698473015\n|move|p2a: Tyranitar|Rock Slide|p1a: EGG\n|-damage|p1a: EGG|0 fnt\n|faint|p1a: EGG\n|-damage|p2a: Tyranitar|0 fnt|[from] item: Life Orb\n|faint|p2a: Tyranitar\n|\n|-weather|none\n|upkeep\n|\n|t:|1698473025\n|switch|p2a: Naganadel|Naganadel|100\/100\n|switch|p1a: Dwagen|Dragonite, M|100\/100\n|turn|32\n|\n|t:|1698473037\n|move|p2a: Naganadel|Dragon Pulse|p1a: Dwagen\n|-supereffective|p1a: Dwagen\n|-damage|p1a: Dwagen|42\/100\n|-damage|p2a: Naganadel|91\/100|[from] item: Life Orb\n|move|p1a: Dwagen|Outrage|p2a: Naganadel\n|-supereffective|p2a: Naganadel\n|-damage|p2a: Naganadel|0 fnt\n|faint|p2a: Naganadel\n|\n|upkeep\n|\n|t:|1698473053\n|switch|p2a: Golisopod|Golisopod, M|41\/100 tox\n|turn|33\n|\n|t:|1698473056\n|move|p2a: Golisopod|Aqua Jet|p1a: Dwagen\n|-resisted|p1a: Dwagen\n|-damage|p1a: Dwagen|32\/100\n|move|p1a: Dwagen|Outrage|p2a: Golisopod|[from]lockedmove\n|-damage|p2a: Golisopod|0 fnt\n|faint|p2a: Golisopod\n|-start|p1a: Dwagen|confusion|[fatigue]\n|\n|upkeep\n|\n|t:|1698473064\n|switch|p2a: Copperajah|Copperajah, F|85\/100\n|turn|34\n|\n|t:|1698473069\n|-activate|p1a: Dwagen|confusion\n|move|p1a: Dwagen|Rest|p1a: Dwagen\n|-status|p1a: Dwagen|slp|[from] move: Rest\n|-heal|p1a: Dwagen|100\/100 slp|[silent]\n|-enditem|p1a: Dwagen|Chesto Berry|[eat]\n|-curestatus|p1a: Dwagen|slp|[msg]\n|move|p2a: Copperajah|Iron Defense|p2a: Copperajah\n|-boost|p2a: Copperajah|def|2\n|\n|upkeep\n|turn|35\n|\n|t:|1698473079\n|switch|p1a: AlaKant|Alakazam, M|100\/100\n|move|p2a: Copperajah|Iron Defense|p2a: Copperajah\n|-boost|p2a: Copperajah|def|2\n|\n|upkeep\n|turn|36\n|\n|t:|1698473102\n|detailschange|p1a: AlaKant|Alakazam-Mega, M\n|-mega|p1a: AlaKant|Alakazam|Alakazite\n|-ability|p1a: AlaKant|Sheer Force|[from] ability: Trace|[of] p2a: Copperajah\n|move|p1a: AlaKant|Shadow Ball|p2a: Copperajah\n|-damage|p2a: Copperajah|37\/100\n|move|p2a: Copperajah|Sandstorm|p2a: Copperajah\n|-weather|Sandstorm\n|\n|-weather|Sandstorm|[upkeep]\n|-damage|p1a: AlaKant|95\/100|[from] Sandstorm\n|upkeep\n|turn|37\n|\n|t:|1698473117\n|switch|p2a: Excadrill|Excadrill, F|100\/100\n|move|p1a: AlaKant|Shadow Ball|p2a: Excadrill\n|-damage|p2a: Excadrill|45\/100\n|\n|-weather|Sandstorm|[upkeep]\n|-damage|p1a: AlaKant|89\/100|[from] Sandstorm\n|upkeep\n|turn|38\n|\n|t:|1698473126\n|move|p1a: AlaKant|Shadow Ball|p2a: Excadrill\n|-damage|p2a: Excadrill|0 fnt\n|faint|p2a: Excadrill\n|\n|-weather|Sandstorm|[upkeep]\n|-damage|p1a: AlaKant|83\/100|[from] Sandstorm\n|upkeep\n|\n|t:|1698473132\n|switch|p2a: Copperajah|Copperajah, F|37\/100\n|turn|39\n|\n|t:|1698473135\n|move|p1a: AlaKant|Shadow Ball|p2a: Copperajah\n|-damage|p2a: Copperajah|0 fnt\n|faint|p2a: Copperajah\n|\n|win|Church Temporary\n|l|\u2606juancharlos\n","uploadtime":1698473166,"views":30,"p1id":"churchtemporary","p2id":"juancharlos","formatid":"gen9nationaldexubers","rating":0,"private":0,"password":""}