{"id":"gen9nationaldexubers-1989988451","p1":"MystroPoken","p2":"Foopus Muhammad","format":"[Gen 9] National Dex Ubers","log":"|j|\u2606MystroPoken\n|j|\u2606Foopus Muhammad\n|t:|1699912953\n|gametype|singles\n|player|p1|MystroPoken|crasherwake|\n|player|p2|Foopus Muhammad|worker-gen4|\n|teamsize|p1|6\n|teamsize|p2|6\n|gen|9\n|tier|[Gen 9] National Dex Ubers\n|rule|HP Percentage Mod: HP is shown in percentages\n|rule|Endless Battle Clause: Forcing endless battles is banned\n|rule|OHKO Clause: OHKO moves are banned\n|rule|Evasion Moves Clause: Evasion moves are banned\n|rule|Evasion Items Clause: Evasion items are banned\n|rule|Species Clause: Limit one of each Pok\u00e9mon\n|rule|Sleep Clause Mod: Limit one foe put to sleep\n|rule|Mega Rayquaza Clause: You cannot mega evolve Rayquaza\n|clearpoke\n|poke|p1|Ho-Oh|\n|poke|p1|Kingambit, M|\n|poke|p1|Sandy Shocks|\n|poke|p1|Ribombee, F|\n|poke|p1|Glalie, F|\n|poke|p1|Dragapult, F|\n|poke|p2|Porygon2|\n|poke|p2|Melmetal|\n|poke|p2|Fletchinder, F|\n|poke|p2|Palkia|\n|poke|p2|Gliscor, F|\n|poke|p2|Necrozma-Dawn-Wings|\n|teampreview\n|\n|t:|1699912979\n|start\n|switch|p1a: Sandy Shocks|Sandy Shocks|100\/100\n|switch|p2a: Fletchinder|Fletchinder, F|100\/100\n|turn|1\n|\n|t:|1699912990\n|switch|p2a: Gliscor|Gliscor, F|100\/100\n|move|p1a: Sandy Shocks|Stealth Rock|p2a: Gliscor\n|-sidestart|p2: Foopus Muhammad|move: Stealth Rock\n|\n|-status|p2a: Gliscor|tox|[from] item: Toxic Orb\n|upkeep\n|turn|2\n|\n|t:|1699913007\n|-end|p1a: Sandy Shocks|Protosynthesis|[silent]\n|switch|p1a: Ribombee|Ribombee, F|100\/100\n|move|p2a: Gliscor|Earthquake|p1a: Ribombee\n|-resisted|p1a: Ribombee\n|-damage|p1a: Ribombee|57\/100\n|\n|upkeep\n|turn|3\n|\n|t:|1699913056\n|switch|p1a: Ho-Oh|Ho-Oh|100\/100\n|switch|p2a: Melmetal|Melmetal|100\/100\n|-damage|p2a: Melmetal|94\/100|[from] Stealth Rock\n|\n|upkeep\n|turn|4\n|\n|t:|1699913075\n|switch|p2a: Palkia|Palkia|100\/100\n|-damage|p2a: Palkia|88\/100|[from] Stealth Rock\n|-ability|p2a: Palkia|Pressure\n|move|p1a: Ho-Oh|Toxic|p2a: Palkia\n|-status|p2a: Palkia|tox\n|\n|-damage|p2a: Palkia|82\/100 tox|[from] psn\n|upkeep\n|turn|5\n|\n|t:|1699913092\n|switch|p1a: Glalie|Glalie, F|100\/100\n|move|p2a: Palkia|Surf|p1a: Glalie\n|-damage|p1a: Glalie|16\/100\n|\n|-damage|p2a: Palkia|70\/100 tox|[from] psn\n|upkeep\n|turn|6\n|\n|t:|1699913105\n|detailschange|p1a: Glalie|Glalie-Mega, F\n|-mega|p1a: Glalie|Glalie|Glalitite\n|move|p2a: Palkia|Surf|p1a: Glalie\n|-damage|p1a: Glalie|0 fnt\n|faint|p1a: Glalie\n|\n|-damage|p2a: Palkia|52\/100 tox|[from] psn\n|upkeep\n|\n|t:|1699913127\n|switch|p1a: Kingambit|Kingambit, M|100\/100\n|-activate|p1a: Kingambit|ability: Supreme Overlord\n|-start|p1a: Kingambit|fallen1|[silent]\n|turn|7\n|\n|t:|1699913143\n|-activate|p2a: Palkia|move: Pursuit\n|move|p1a: Kingambit|Pursuit|p2a: Palkia|[from]Pursuit\n|-damage|p2a: Palkia|0 fnt\n|faint|p2a: Palkia\n|-hint|A Pokemon can't switch between when it runs out of HP and when it faints\n|\n|upkeep\n|\n|t:|1699913158\n|switch|p2a: Gliscor|Gliscor, F|100\/100 tox\n|-damage|p2a: Gliscor|88\/100 tox|[from] Stealth Rock\n|turn|8\n|\n|t:|1699913169\n|move|p2a: Gliscor|Swords Dance|p2a: Gliscor\n|-boost|p2a: Gliscor|atk|2\n|move|p1a: Kingambit|Swords Dance|p1a: Kingambit\n|-boost|p1a: Kingambit|atk|2\n|\n|-heal|p2a: Gliscor|100\/100 tox|[from] ability: Poison Heal\n|upkeep\n|turn|9\n|\n|t:|1699913210\n|move|p2a: Gliscor|Earthquake|p1a: Kingambit\n|-supereffective|p1a: Kingambit\n|-damage|p1a: Kingambit|0 fnt\n|faint|p1a: Kingambit\n|-end|p1a: Kingambit|fallen1|[silent]\n|\n|upkeep\n|\n|t:|1699913233\n|switch|p1a: Dragapult|Dragapult, F|100\/100\n|turn|10\n|\n|t:|1699913242\n|move|p1a: Dragapult|Draco Meteor|p2a: Gliscor\n|-crit|p2a: Gliscor\n|-damage|p2a: Gliscor|0 fnt\n|-unboost|p1a: Dragapult|spa|2\n|faint|p2a: Gliscor\n|\n|upkeep\n|c|\u2606MystroPoken|W\n|\n|t:|1699913261\n|switch|p2a: Necrozma|Necrozma-Dawn-Wings|100\/100\n|-damage|p2a: Necrozma|88\/100|[from] Stealth Rock\n|turn|11\n|\n|t:|1699913268\n|move|p1a: Dragapult|Shadow Ball|p2a: Necrozma\n|-supereffective|p2a: Necrozma\n|-damage|p2a: Necrozma|45\/100\n|move|p2a: Necrozma|Trick Room|p2a: Necrozma\n|-fieldstart|move: Trick Room|[of] p2a: Necrozma\n|\n|upkeep\n|turn|12\n|\n|t:|1699913279\n|move|p2a: Necrozma|Moongeist Beam|p1a: Dragapult\n|-supereffective|p1a: Dragapult\n|-damage|p1a: Dragapult|0 fnt\n|faint|p1a: Dragapult\n|-damage|p2a: Necrozma|35\/100|[from] item: Life Orb\n|\n|upkeep\n|\n|t:|1699913286\n|switch|p1a: Sandy Shocks|Sandy Shocks|100\/100\n|turn|13\n|\n|t:|1699913315\n|move|p2a: Necrozma|Moongeist Beam|p1a: Sandy Shocks\n|-enditem|p1a: Sandy Shocks|Focus Sash\n|-damage|p1a: Sandy Shocks|1\/100\n|-damage|p2a: Necrozma|25\/100|[from] item: Life Orb\n|move|p1a: Sandy Shocks|Volt Switch|p2a: Necrozma\n|-damage|p2a: Necrozma|3\/100\n|\n|t:|1699913318\n|-end|p1a: Sandy Shocks|Protosynthesis|[silent]\n|switch|p1a: Ho-Oh|Ho-Oh|100\/100|[from] Volt Switch\n|\n|upkeep\n|turn|14\n|\n|t:|1699913337\n|move|p2a: Necrozma|Moongeist Beam|p1a: Ho-Oh\n|-damage|p1a: Ho-Oh|62\/100\n|-damage|p2a: Necrozma|0 fnt|[from] item: Life Orb\n|faint|p2a: Necrozma\n|move|p1a: Ho-Oh|Roost|p1a: Ho-Oh\n|-heal|p1a: Ho-Oh|100\/100\n|-singleturn|p1a: Ho-Oh|move: Roost\n|\n|upkeep\n|\n|t:|1699913364\n|switch|p2a: Melmetal|Melmetal|94\/100\n|-damage|p2a: Melmetal|88\/100|[from] Stealth Rock\n|turn|15\n|\n|t:|1699913368\n|move|p2a: Melmetal|Double Iron Bash|p1a: Ho-Oh\n|-resisted|p1a: Ho-Oh\n|-damage|p1a: Ho-Oh|78\/100\n|-resisted|p1a: Ho-Oh\n|-damage|p1a: Ho-Oh|57\/100\n|-hitcount|p1a: Ho-Oh|2\n|-damage|p2a: Melmetal|78\/100|[from] item: Life Orb\n|cant|p1a: Ho-Oh|flinch\n|\n|-fieldend|move: Trick Room\n|upkeep\n|turn|16\n|\n|t:|1699913382\n|move|p1a: Ho-Oh|Roost|p1a: Ho-Oh\n|-heal|p1a: Ho-Oh|100\/100\n|-singleturn|p1a: Ho-Oh|move: Roost\n|move|p2a: Melmetal|Facade|p1a: Ho-Oh\n|-damage|p1a: Ho-Oh|72\/100\n|-damage|p2a: Melmetal|69\/100|[from] item: Life Orb\n|\n|upkeep\n|turn|17\n|\n|t:|1699913391\n|switch|p2a: Porygon2|Porygon2|100\/100\n|-damage|p2a: Porygon2|88\/100|[from] Stealth Rock\n|-ability|p2a: Porygon2|Regenerator|[from] ability: Trace|[of] p1a: Ho-Oh\n|move|p1a: Ho-Oh|Sacred Fire|p2a: Porygon2\n|-damage|p2a: Porygon2|57\/100\n|\n|upkeep\n|turn|18\n|\n|t:|1699913394\n|move|p1a: Ho-Oh|Toxic|p2a: Porygon2\n|-status|p2a: Porygon2|tox\n|move|p2a: Porygon2|Trick Room|p2a: Porygon2\n|-fieldstart|move: Trick Room|[of] p2a: Porygon2\n|\n|-damage|p2a: Porygon2|51\/100 tox|[from] psn\n|upkeep\n|turn|19\n|\n|t:|1699913410\n|move|p1a: Ho-Oh|Sacred Fire|p2a: Porygon2\n|-damage|p2a: Porygon2|21\/100 tox\n|move|p2a: Porygon2|Teleport|p2a: Porygon2\n|\n|t:|1699913422\n|switch|p2a: Melmetal|Melmetal|69\/100|[from] Teleport\n|-damage|p2a: Melmetal|62\/100|[from] Stealth Rock\n|\n|upkeep\n|turn|20\n|\n|t:|1699913435\n|move|p2a: Melmetal|Double Iron Bash|p1a: Ho-Oh\n|-resisted|p1a: Ho-Oh\n|-damage|p1a: Ho-Oh|48\/100\n|-resisted|p1a: Ho-Oh\n|-damage|p1a: Ho-Oh|25\/100\n|-hitcount|p1a: Ho-Oh|2\n|-damage|p2a: Melmetal|53\/100|[from] item: Life Orb\n|cant|p1a: Ho-Oh|flinch\n|\n|upkeep\n|turn|21\n|c|\u2606Foopus Muhammad|BITCH\n|\n|t:|1699913449\n|switch|p1a: Sandy Shocks|Sandy Shocks|1\/100\n|move|p2a: Melmetal|Double Iron Bash|p1a: Sandy Shocks\n|-resisted|p1a: Sandy Shocks\n|-damage|p1a: Sandy Shocks|0 fnt\n|faint|p1a: Sandy Shocks\n|-end|p1a: Sandy Shocks|Protosynthesis|[silent]\n|-hitcount|p1: Sandy Shocks|1\n|-damage|p2a: Melmetal|43\/100|[from] item: Life Orb\n|\n|upkeep\n|\n|t:|1699913452\n|switch|p1a: Ribombee|Ribombee, F|57\/100\n|turn|22\n|\n|t:|1699913461\n|-terastallize|p1a: Ribombee|Fire\n|move|p2a: Melmetal|Double Iron Bash|p1a: Ribombee\n|-resisted|p1a: Ribombee\n|-damage|p1a: Ribombee|6\/100\n|-resisted|p1a: Ribombee\n|-damage|p1a: Ribombee|0 fnt\n|faint|p1a: Ribombee\n|-hitcount|p1: Ribombee|2\n|-damage|p2a: Melmetal|33\/100|[from] item: Life Orb\n|\n|-fieldend|move: Trick Room\n|upkeep\n|\n|t:|1699913464\n|switch|p1a: Ho-Oh|Ho-Oh|58\/100\n|turn|23\n|\n|t:|1699913471\n|switch|p2a: Fletchinder|Fletchinder, F|100\/100\n|-damage|p2a: Fletchinder|51\/100|[from] Stealth Rock\n|move|p1a: Ho-Oh|Sacred Fire|p2a: Fletchinder\n|-resisted|p2a: Fletchinder\n|-damage|p2a: Fletchinder|2\/100\n|\n|upkeep\n|turn|24\n|c|\u2606Foopus Muhammad|ill do it again\n|c|\u2606MystroPoken|fletchinder doesnt get trick room right?\n|\n|t:|1699913489\n|move|p2a: Fletchinder|Swords Dance|p2a: Fletchinder\n|-boost|p2a: Fletchinder|atk|2\n|move|p1a: Ho-Oh|Roost|p1a: Ho-Oh\n|-heal|p1a: Ho-Oh|100\/100\n|-singleturn|p1a: Ho-Oh|move: Roost\n|\n|upkeep\n|turn|25\n|\n|t:|1699913498\n|-terastallize|p2a: Fletchinder|Flying\n|move|p2a: Fletchinder|Dual Wingbeat|p1a: Ho-Oh\n|-damage|p1a: Ho-Oh|59\/100\n|-damage|p1a: Ho-Oh|17\/100\n|-hitcount|p1a: Ho-Oh|2\n|move|p1a: Ho-Oh|Sacred Fire|p2a: Fletchinder\n|-damage|p2a: Fletchinder|0 fnt\n|faint|p2a: Fletchinder\n|\n|upkeep\n|c|\u2606MystroPoken|nah we good\n|\n|t:|1699913506\n|switch|p2a: Porygon2|Porygon2|54\/100 tox\n|-damage|p2a: Porygon2|42\/100 tox|[from] Stealth Rock\n|-ability|p2a: Porygon2|Regenerator|[from] ability: Trace|[of] p1a: Ho-Oh\n|turn|26\n|\n|t:|1699913526\n|move|p1a: Ho-Oh|Roost|p1a: Ho-Oh\n|-heal|p1a: Ho-Oh|67\/100\n|-singleturn|p1a: Ho-Oh|move: Roost\n|move|p2a: Porygon2|Trick Room|p2a: Porygon2\n|-fieldstart|move: Trick Room|[of] p2a: Porygon2\n|\n|-damage|p2a: Porygon2|36\/100 tox|[from] psn\n|upkeep\n|turn|27\n|\n|t:|1699913530\n|move|p1a: Ho-Oh|Roost|p1a: Ho-Oh\n|-heal|p1a: Ho-Oh|100\/100\n|-singleturn|p1a: Ho-Oh|move: Roost\n|move|p2a: Porygon2|Teleport|p2a: Porygon2\n|\n|t:|1699913532\n|switch|p2a: Melmetal|Melmetal|33\/100|[from] Teleport\n|-damage|p2a: Melmetal|27\/100|[from] Stealth Rock\n|\n|upkeep\n|turn|28\n|\n|t:|1699913538\n|move|p2a: Melmetal|Double Iron Bash|p1a: Ho-Oh\n|-resisted|p1a: Ho-Oh\n|-damage|p1a: Ho-Oh|76\/100\n|-resisted|p1a: Ho-Oh\n|-damage|p1a: Ho-Oh|53\/100\n|-hitcount|p1a: Ho-Oh|2\n|-damage|p2a: Melmetal|17\/100|[from] item: Life Orb\n|cant|p1a: Ho-Oh|flinch\n|\n|upkeep\n|turn|29\n|\n|t:|1699913545\n|move|p2a: Melmetal|Double Iron Bash|p1a: Ho-Oh\n|-resisted|p1a: Ho-Oh\n|-damage|p1a: Ho-Oh|30\/100\n|-resisted|p1a: Ho-Oh\n|-damage|p1a: Ho-Oh|9\/100\n|-hitcount|p1a: Ho-Oh|2\n|-damage|p2a: Melmetal|7\/100|[from] item: Life Orb\n|cant|p1a: Ho-Oh|flinch\n|\n|upkeep\n|turn|30\n|c|\u2606MystroPoken|FUCK\n|\n|t:|1699913552\n|move|p2a: Melmetal|Facade|p1a: Ho-Oh\n|-damage|p1a: Ho-Oh|0 fnt\n|faint|p1a: Ho-Oh\n|-damage|p2a: Melmetal|0 fnt|[from] item: Life Orb\n|faint|p2a: Melmetal\n|\n|win|Foopus Muhammad\n|c|\u2606MystroPoken|ggwp\n|c|\u2606Foopus Muhammad|thats what i thought kid\n|c|\u2606MystroPoken|so close lol\n|j| Elevatedgaylyness\n|l|\u2606MystroPoken\n|l| Elevatedgaylyness\n","uploadtime":1699913562,"views":58,"p1id":"mystropoken","p2id":"foopusmuhammad","formatid":"gen9nationaldexubers","rating":0,"private":0,"password":""}