{"id":"gen9nationaldexubers-1998302940","p1":"THUNDER-M0DE\u303d\ufe0f","p2":"cerolzinho16","format":"[Gen 9] National Dex Ubers","log":"|j|\u2606THUNDER-M0DE\u303d\ufe0f\n|j|\u2606cerolzinho16\n|t:|1700926956\n|gametype|singles\n|player|p1|THUNDER-M0DE\u303d\ufe0f|elesa-masters|1064\n|player|p2|cerolzinho16|lance|1045\n|teamsize|p1|6\n|teamsize|p2|6\n|gen|9\n|tier|[Gen 9] National Dex Ubers\n|rated|\n|rule|HP Percentage Mod: HP is shown in percentages\n|rule|Endless Battle Clause: Forcing endless battles is banned\n|rule|OHKO Clause: OHKO moves are banned\n|rule|Evasion Moves Clause: Evasion moves are banned\n|rule|Evasion Items Clause: Evasion items are banned\n|rule|Species Clause: Limit one of each Pok\u00e9mon\n|rule|Sleep Clause Mod: Limit one foe put to sleep\n|rule|Mega Rayquaza Clause: You cannot mega evolve Rayquaza\n|clearpoke\n|poke|p1|Tapu Koko|\n|poke|p1|Zapdos|\n|poke|p1|Raichu-Alola, M|\n|poke|p1|Regieleki|\n|poke|p1|Zeraora|\n|poke|p1|Zekrom|\n|poke|p2|Dragonite, M|\n|poke|p2|Garchomp, M|\n|poke|p2|Kingambit, M|\n|poke|p2|Chi-Yu|\n|poke|p2|Espathra, F|\n|poke|p2|Gholdengo|\n|teampreview\n|\n|t:|1700926967\n|start\n|switch|p1a: \u26a1\ufe0f\u26a1\ufe0fZAPDODS\u26a1\ufe0f\ud83c\udf29|Zapdos, shiny|100\/100\n|switch|p2a: Garchomp|Garchomp, M|100\/100\n|turn|1\n|\n|t:|1700926975\n|move|p1a: \u26a1\ufe0f\u26a1\ufe0fZAPDODS\u26a1\ufe0f\ud83c\udf29|Rain Dance|p1a: \u26a1\ufe0f\u26a1\ufe0fZAPDODS\u26a1\ufe0f\ud83c\udf29\n|-weather|RainDance\n|move|p2a: Garchomp|Dragon Tail|p1a: \u26a1\ufe0f\u26a1\ufe0fZAPDODS\u26a1\ufe0f\ud83c\udf29\n|-damage|p1a: \u26a1\ufe0f\u26a1\ufe0fZAPDODS\u26a1\ufe0f\ud83c\udf29|67\/100\n|-status|p2a: Garchomp|par|[from] ability: Static|[of] p1a: \u26a1\ufe0f\u26a1\ufe0fZAPDODS\u26a1\ufe0f\ud83c\udf29\n|drag|p1a: \u26a1\ufe0fTAPU KOKO\u26a1\ufe0f\u26a1\ufe0f|Tapu Koko|100\/100\n|-fieldstart|move: Electric Terrain|[from] ability: Electric Surge|[of] p1a: \u26a1\ufe0fTAPU KOKO\u26a1\ufe0f\u26a1\ufe0f\n|\n|-weather|RainDance|[upkeep]\n|upkeep\n|turn|2\n|\n|t:|1700926989\n|switch|p1a: \u26a1\ufe0f\u26a1\ufe0fZAPDODS\u26a1\ufe0f\ud83c\udf29|Zapdos, shiny|67\/100\n|move|p2a: Garchomp|Earthquake|p1a: \u26a1\ufe0f\u26a1\ufe0fZAPDODS\u26a1\ufe0f\ud83c\udf29\n|-immune|p1a: \u26a1\ufe0f\u26a1\ufe0fZAPDODS\u26a1\ufe0f\ud83c\udf29\n|\n|-weather|RainDance|[upkeep]\n|upkeep\n|turn|3\n|\n|t:|1700926997\n|move|p1a: \u26a1\ufe0f\u26a1\ufe0fZAPDODS\u26a1\ufe0f\ud83c\udf29|Hurricane|p2a: Garchomp\n|-crit|p2a: Garchomp\n|-damage|p2a: Garchomp|17\/100 par\n|move|p2a: Garchomp|Dragon Tail|p1a: \u26a1\ufe0f\u26a1\ufe0fZAPDODS\u26a1\ufe0f\ud83c\udf29\n|-damage|p1a: \u26a1\ufe0f\u26a1\ufe0fZAPDODS\u26a1\ufe0f\ud83c\udf29|34\/100\n|drag|p1a: \u26a1\ufe0fTAPU KOKO\u26a1\ufe0f\u26a1\ufe0f|Tapu Koko|100\/100\n|\n|-weather|RainDance|[upkeep]\n|upkeep\n|turn|4\n|\n|t:|1700927012\n|move|p1a: \u26a1\ufe0fTAPU KOKO\u26a1\ufe0f\u26a1\ufe0f|Volt Switch|p2a: Garchomp\n|-immune|p2a: Garchomp\n|cant|p2a: Garchomp|par\n|\n|-weather|RainDance|[upkeep]\n|upkeep\n|turn|5\n|\n|t:|1700927021\n|switch|p1a: \u26a1\ufe0f\u26a1\ufe0fZAPDODS\u26a1\ufe0f\ud83c\udf29|Zapdos, shiny|34\/100\n|cant|p2a: Garchomp|par\n|\n|-weather|RainDance|[upkeep]\n|upkeep\n|turn|6\n|\n|t:|1700927029\n|move|p1a: \u26a1\ufe0f\u26a1\ufe0fZAPDODS\u26a1\ufe0f\ud83c\udf29|Hurricane|p2a: Garchomp\n|-damage|p2a: Garchomp|0 fnt\n|faint|p2a: Garchomp\n|\n|-weather|RainDance|[upkeep]\n|upkeep\n|\n|t:|1700927036\n|switch|p2a: Kingambit|Kingambit, M|100\/100\n|turn|7\n|\n|t:|1700927042\n|move|p1a: \u26a1\ufe0f\u26a1\ufe0fZAPDODS\u26a1\ufe0f\ud83c\udf29|Thunder|p2a: Kingambit\n|-damage|p2a: Kingambit|44\/100\n|move|p2a: Kingambit|Iron Head|p1a: \u26a1\ufe0f\u26a1\ufe0fZAPDODS\u26a1\ufe0f\ud83c\udf29\n|-resisted|p1a: \u26a1\ufe0f\u26a1\ufe0fZAPDODS\u26a1\ufe0f\ud83c\udf29\n|-damage|p1a: \u26a1\ufe0f\u26a1\ufe0fZAPDODS\u26a1\ufe0f\ud83c\udf29|6\/100\n|-status|p2a: Kingambit|par|[from] ability: Static|[of] p1a: \u26a1\ufe0f\u26a1\ufe0fZAPDODS\u26a1\ufe0f\ud83c\udf29\n|\n|-weather|RainDance|[upkeep]\n|upkeep\n|turn|8\n|\n|t:|1700927052\n|move|p1a: \u26a1\ufe0f\u26a1\ufe0fZAPDODS\u26a1\ufe0f\ud83c\udf29|Thunder|p2a: Kingambit\n|-damage|p2a: Kingambit|0 fnt\n|faint|p2a: Kingambit\n|\n|-weather|none\n|-fieldend|move: Electric Terrain\n|upkeep\n|\n|t:|1700927058\n|switch|p2a: Espathra|Espathra, F|100\/100\n|turn|9\n|\n|t:|1700927063\n|move|p1a: \u26a1\ufe0f\u26a1\ufe0fZAPDODS\u26a1\ufe0f\ud83c\udf29|Rain Dance|p1a: \u26a1\ufe0f\u26a1\ufe0fZAPDODS\u26a1\ufe0f\ud83c\udf29\n|-weather|RainDance\n|move|p2a: Espathra|Calm Mind|p2a: Espathra\n|-boost|p2a: Espathra|spa|1\n|-boost|p2a: Espathra|spd|1\n|\n|-weather|RainDance|[upkeep]\n|-ability|p2a: Espathra|Speed Boost|boost\n|-boost|p2a: Espathra|spe|1\n|upkeep\n|turn|10\n|\n|t:|1700927071\n|move|p2a: Espathra|Dazzling Gleam|p1a: \u26a1\ufe0f\u26a1\ufe0fZAPDODS\u26a1\ufe0f\ud83c\udf29\n|-crit|p1a: \u26a1\ufe0f\u26a1\ufe0fZAPDODS\u26a1\ufe0f\ud83c\udf29\n|-damage|p1a: \u26a1\ufe0f\u26a1\ufe0fZAPDODS\u26a1\ufe0f\ud83c\udf29|0 fnt\n|faint|p1a: \u26a1\ufe0f\u26a1\ufe0fZAPDODS\u26a1\ufe0f\ud83c\udf29\n|\n|-weather|RainDance|[upkeep]\n|-ability|p2a: Espathra|Speed Boost|boost\n|-boost|p2a: Espathra|spe|1\n|upkeep\n|\n|t:|1700927085\n|switch|p1a: \u26a1\ufe0fTAPU KOKO\u26a1\ufe0f\u26a1\ufe0f|Tapu Koko|100\/100\n|-fieldstart|move: Electric Terrain|[from] ability: Electric Surge|[of] p1a: \u26a1\ufe0fTAPU KOKO\u26a1\ufe0f\u26a1\ufe0f\n|turn|11\n|\n|t:|1700927093\n|move|p2a: Espathra|Stored Power|p1a: \u26a1\ufe0fTAPU KOKO\u26a1\ufe0f\u26a1\ufe0f\n|-damage|p1a: \u26a1\ufe0fTAPU KOKO\u26a1\ufe0f\u26a1\ufe0f|14\/100\n|move|p1a: \u26a1\ufe0fTAPU KOKO\u26a1\ufe0f\u26a1\ufe0f|Thunder|p2a: Espathra\n|-damage|p2a: Espathra|45\/100\n|\n|-weather|RainDance|[upkeep]\n|-ability|p2a: Espathra|Speed Boost|boost\n|-boost|p2a: Espathra|spe|1\n|upkeep\n|turn|12\n|\n|t:|1700927103\n|move|p2a: Espathra|Roost|p2a: Espathra\n|-heal|p2a: Espathra|95\/100\n|-singleturn|p2a: Espathra|move: Roost\n|move|p1a: \u26a1\ufe0fTAPU KOKO\u26a1\ufe0f\u26a1\ufe0f|Thunder|p2a: Espathra\n|-damage|p2a: Espathra|41\/100\n|-status|p2a: Espathra|par\n|\n|-weather|RainDance|[upkeep]\n|-ability|p2a: Espathra|Speed Boost|boost\n|-boost|p2a: Espathra|spe|1\n|upkeep\n|turn|13\n|\n|t:|1700927114\n|cant|p2a: Espathra|par\n|move|p1a: \u26a1\ufe0fTAPU KOKO\u26a1\ufe0f\u26a1\ufe0f|Thunder|p2a: Espathra\n|-damage|p2a: Espathra|0 fnt\n|faint|p2a: Espathra\n|\n|-weather|RainDance|[upkeep]\n|upkeep\n|\n|t:|1700927125\n|switch|p2a: Gholdengo|Gholdengo|100\/100\n|-item|p2a: Gholdengo|Air Balloon\n|turn|14\n|\n|t:|1700927133\n|move|p1a: \u26a1\ufe0fTAPU KOKO\u26a1\ufe0f\u26a1\ufe0f|Volt Switch|p2a: Gholdengo\n|-damage|p2a: Gholdengo|64\/100\n|-enditem|p2a: Gholdengo|Air Balloon\n|inactive|Battle timer is ON: inactive players will automatically lose when time's up. (requested by cerolzinho16)\n|\n|t:|1700927144\n|switch|p1a: \u26a1\ufe0f\u26a1\ufe0fZERAORA\u26a1\ufe0f\u26a1\ufe0f\ud83d\ude21|Zeraora|100\/100|[from] Volt Switch\n|move|p2a: Gholdengo|Make It Rain|p1a: \u26a1\ufe0f\u26a1\ufe0fZERAORA\u26a1\ufe0f\u26a1\ufe0f\ud83d\ude21\n|-resisted|p1a: \u26a1\ufe0f\u26a1\ufe0fZERAORA\u26a1\ufe0f\u26a1\ufe0f\ud83d\ude21\n|-damage|p1a: \u26a1\ufe0f\u26a1\ufe0fZERAORA\u26a1\ufe0f\u26a1\ufe0f\ud83d\ude21|59\/100\n|-unboost|p2a: Gholdengo|spa|1\n|\n|-weather|RainDance|[upkeep]\n|upkeep\n|turn|15\n|\n|t:|1700927161\n|-terastallize|p1a: \u26a1\ufe0f\u26a1\ufe0fZERAORA\u26a1\ufe0f\u26a1\ufe0f\ud83d\ude21|Electric\n|move|p1a: \u26a1\ufe0f\u26a1\ufe0fZERAORA\u26a1\ufe0f\u26a1\ufe0f\ud83d\ude21|Plasma Fists|p2a: Gholdengo\n|-damage|p2a: Gholdengo|0 fnt\n|-fieldactivate|move: Ion Deluge\n|-hint|Normal-type moves become Electric-type after using Plasma Fists.\n|faint|p2a: Gholdengo\n|\n|-weather|RainDance|[upkeep]\n|upkeep\n|\n|t:|1700927168\n|switch|p2a: Chi-Yu|Chi-Yu|100\/100\n|-ability|p2a: Chi-Yu|Beads of Ruin\n|turn|16\n|\n|t:|1700927174\n|move|p2a: Chi-Yu|Overheat|p1a: \u26a1\ufe0f\u26a1\ufe0fZERAORA\u26a1\ufe0f\u26a1\ufe0f\ud83d\ude21\n|-damage|p1a: \u26a1\ufe0f\u26a1\ufe0fZERAORA\u26a1\ufe0f\u26a1\ufe0f\ud83d\ude21|0 fnt\n|-unboost|p2a: Chi-Yu|spa|2\n|faint|p1a: \u26a1\ufe0f\u26a1\ufe0fZERAORA\u26a1\ufe0f\u26a1\ufe0f\ud83d\ude21\n|\n|-weather|none\n|upkeep\n|\n|t:|1700927182\n|switch|p1a: \u26a1\ufe0f\u26a1\ufe0fRAICHU\u26a1\ufe0f\ud83e\udd17|Raichu-Alola, M|100\/100\n|turn|17\n|\n|t:|1700927187\n|-zpower|p1a: \u26a1\ufe0f\u26a1\ufe0fRAICHU\u26a1\ufe0f\ud83e\udd17\n|move|p1a: \u26a1\ufe0f\u26a1\ufe0fRAICHU\u26a1\ufe0f\ud83e\udd17|Stoked Sparksurfer|p2a: Chi-Yu|[zeffect]\n|-damage|p2a: Chi-Yu|0 fnt\n|faint|p2a: Chi-Yu\n|\n|upkeep\n|\n|t:|1700927190\n|switch|p2a: Dragonite|Dragonite, M|100\/100\n|turn|18\n|\n|t:|1700927198\n|-terastallize|p2a: Dragonite|Normal\n|move|p1a: \u26a1\ufe0f\u26a1\ufe0fRAICHU\u26a1\ufe0f\ud83e\udd17|Thunder|p2a: Dragonite\n|-damage|p2a: Dragonite|66\/100\n|move|p2a: Dragonite|Earthquake|p1a: \u26a1\ufe0f\u26a1\ufe0fRAICHU\u26a1\ufe0f\ud83e\udd17\n|-supereffective|p1a: \u26a1\ufe0f\u26a1\ufe0fRAICHU\u26a1\ufe0f\ud83e\udd17\n|-damage|p1a: \u26a1\ufe0f\u26a1\ufe0fRAICHU\u26a1\ufe0f\ud83e\udd17|0 fnt\n|faint|p1a: \u26a1\ufe0f\u26a1\ufe0fRAICHU\u26a1\ufe0f\ud83e\udd17\n|\n|-fieldend|move: Electric Terrain\n|upkeep\n|\n|t:|1700927210\n|switch|p1a: \u26a1\ufe0fTAPU KOKO\u26a1\ufe0f\u26a1\ufe0f|Tapu Koko|14\/100\n|-fieldstart|move: Electric Terrain|[from] ability: Electric Surge|[of] p1a: \u26a1\ufe0fTAPU KOKO\u26a1\ufe0f\u26a1\ufe0f\n|turn|19\n|\n|t:|1700927216\n|move|p1a: \u26a1\ufe0fTAPU KOKO\u26a1\ufe0f\u26a1\ufe0f|Thunder|p2a: Dragonite\n|-crit|p2a: Dragonite\n|-damage|p2a: Dragonite|0 fnt\n|faint|p2a: Dragonite\n|\n|win|THUNDER-M0DE\u303d\ufe0f\n|raw|THUNDER-M0DE\u303d\ufe0f's rating: 1064 &rarr; <strong>1093<\/strong><br \/>(+29 for winning)\n|raw|cerolzinho16's rating: 1045 &rarr; <strong>1029<\/strong><br \/>(-16 for losing)\n|l|\u2606cerolzinho16\n","uploadtime":1700927424,"views":0,"p1id":"thunderm0de","p2id":"cerolzinho16","formatid":"gen9nationaldexubers","rating":1029,"private":0,"password":""}