{"id":"gen9nationaldexubers-1981079776","p1":"ChadFisherman27","p2":"togahjehmaroo_alt","format":"[Gen 9] National Dex Ubers","log":"|j|\u2606ChadFisherman27\n|j|\u2606togahjehmaroo_alt\n|t:|1698861929\n|gametype|singles\n|player|p1|ChadFisherman27|fisherman-gen4|1088\n|player|p2|togahjehmaroo_alt|serena-masters|1000\n|teamsize|p1|6\n|teamsize|p2|6\n|gen|9\n|tier|[Gen 9] National Dex Ubers\n|rated|\n|rule|HP Percentage Mod: HP is shown in percentages\n|rule|Endless Battle Clause: Forcing endless battles is banned\n|rule|OHKO Clause: OHKO moves are banned\n|rule|Evasion Moves Clause: Evasion moves are banned\n|rule|Evasion Items Clause: Evasion items are banned\n|rule|Species Clause: Limit one of each Pok\u00e9mon\n|rule|Sleep Clause Mod: Limit one foe put to sleep\n|rule|Mega Rayquaza Clause: You cannot mega evolve Rayquaza\n|clearpoke\n|poke|p1|Ditto|\n|poke|p1|Kyogre|\n|poke|p1|Rhyperior, F|\n|poke|p1|Swampert, M|\n|poke|p1|Arceus|\n|poke|p1|Chien-Pao|\n|poke|p2|Diancie|\n|poke|p2|Kyogre|\n|poke|p2|Eternatus|\n|poke|p2|Pheromosa|\n|poke|p2|Groudon|\n|poke|p2|Zygarde|\n|teampreview\n|inactive|Battle timer is ON: inactive players will automatically lose when time's up. (requested by togahjehmaroo_alt)\n|\n|t:|1698861939\n|start\n|switch|p1a: Kyogre|Kyogre|100\/100\n|switch|p2a: Diancie|Diancie|100\/100\n|-weather|RainDance|[from] ability: Drizzle|[of] p1a: Kyogre\n|turn|1\n|c|\u2606togahjehmaroo_alt|scarf\n|\n|t:|1698861950\n|switch|p2a: Eternatus|Eternatus|100\/100\n|-ability|p2a: Eternatus|Pressure\n|move|p1a: Kyogre|Water Spout|p2a: Eternatus\n|-resisted|p2a: Eternatus\n|-damage|p2a: Eternatus|41\/100\n|\n|-weather|RainDance|[upkeep]\n|upkeep\n|turn|2\n|\n|t:|1698861957\n|switch|p2a: Groudon|Groudon|100\/100\n|detailschange|p2a: Groudon|Groudon-Primal\n|-primal|p2a: Groudon|Red Orb\n|-weather|DesolateLand|[from] ability: Desolate Land|[of] p2a: Groudon\n|move|p1a: Kyogre|Water Spout||[still]\n|-fail|p1a: Kyogre|Water Spout|[from] Desolate Land\n|\n|-weather|DesolateLand|[upkeep]\n|upkeep\n|turn|3\n|c|\u2606togahjehmaroo_alt|wait im dum xd\n|\n|t:|1698861966\n|switch|p1a: Arceus|Arceus|100\/100\n|move|p2a: Groudon|Rock Polish|p2a: Groudon\n|-boost|p2a: Groudon|spe|2\n|\n|-weather|DesolateLand|[upkeep]\n|upkeep\n|turn|4\n|\n|t:|1698861971\n|move|p2a: Groudon|Precipice Blades|p1a: Arceus\n|-damage|p1a: Arceus|40\/100\n|move|p1a: Arceus|Swords Dance|p1a: Arceus\n|-boost|p1a: Arceus|atk|2\n|\n|-weather|DesolateLand|[upkeep]\n|upkeep\n|turn|5\n|\n|t:|1698861975\n|move|p2a: Groudon|Precipice Blades|p1a: Arceus\n|-damage|p1a: Arceus|0 fnt\n|faint|p1a: Arceus\n|\n|-weather|DesolateLand|[upkeep]\n|upkeep\n|\n|t:|1698861980\n|switch|p1a: Ditto|Ditto|100\/100\n|-transform|p1a: Ditto|p2a: Groudon|[from] ability: Imposter\n|turn|6\n|\n|t:|1698861985\n|move|p1a: Ditto|Precipice Blades|p2a: Groudon\n|-supereffective|p2a: Groudon\n|-damage|p2a: Groudon|0 fnt\n|faint|p2a: Groudon\n|\n|-weather|DesolateLand|[upkeep]\n|upkeep\n|\n|t:|1698861995\n|switch|p2a: Eternatus|Eternatus|41\/100\n|-ability|p2a: Eternatus|Pressure\n|turn|7\n|\n|t:|1698862001\n|move|p1a: Ditto|Precipice Blades|p2a: Eternatus\n|-supereffective|p2a: Eternatus\n|-damage|p2a: Eternatus|0 fnt\n|faint|p2a: Eternatus\n|\n|-weather|DesolateLand|[upkeep]\n|upkeep\n|c|\u2606togahjehmaroo_alt|ait\n|c|\u2606togahjehmaroo_alt|wait\n|c|\u2606togahjehmaroo_alt|imd um\n|c|\u2606togahjehmaroo_alt|ditto is always scarf\n|\n|t:|1698862021\n|switch|p2a: Zygarde|Zygarde|100\/100\n|turn|8\n|c|\u2606ChadFisherman27|lol\n|c|\u2606togahjehmaroo_alt|why am i so stupid today\n|c|\u2606togahjehmaroo_alt|:(\n|c|\u2606ChadFisherman27|it happens\n|c|\u2606togahjehmaroo_alt|yeah but its not fair\n|\n|t:|1698862040\n|move|p1a: Ditto|Precipice Blades|p2a: Zygarde\n|-damage|p2a: Zygarde|33\/100\n|move|p2a: Zygarde|Dragon Dance|p2a: Zygarde\n|-boost|p2a: Zygarde|atk|1\n|-boost|p2a: Zygarde|spe|1\n|\n|-weather|DesolateLand|[upkeep]\n|-activate|p2a: Zygarde|ability: Power Construct\n|detailschange|p2a: Zygarde|Zygarde-Complete\n|-heal|p2a: Zygarde|59\/100|[silent]\n|upkeep\n|turn|9\n|\n|t:|1698862048\n|move|p1a: Ditto|Precipice Blades|p2a: Zygarde\n|-damage|p2a: Zygarde|17\/100\n|move|p2a: Zygarde|Scale Shot|p1a: Ditto\n|-damage|p1a: Ditto|87\/100\n|-damage|p1a: Ditto|74\/100\n|-damage|p1a: Ditto|59\/100\n|-damage|p1a: Ditto|44\/100\n|-hitcount|p1a: Ditto|4\n|-unboost|p2a: Zygarde|def|1\n|-boost|p2a: Zygarde|spe|1\n|\n|-weather|DesolateLand|[upkeep]\n|upkeep\n|turn|10\n|c|\u2606togahjehmaroo_alt|struggle\n|\n|t:|1698862059\n|-activate|p1a: Ditto|move: Struggle\n|move|p1a: Ditto|Struggle|p2a: Zygarde\n|-damage|p2a: Zygarde|0 fnt\n|faint|p2a: Zygarde\n|-damage|p1a: Ditto|19\/100|[from] recoil\n|\n|-weather|DesolateLand|[upkeep]\n|upkeep\n|\n|t:|1698862065\n|switch|p2a: Pheromosa|Pheromosa|100\/100\n|turn|11\n|c|\u2606togahjehmaroo_alt|bruh\n|c|\u2606ChadFisherman27|struggle ftw\n|\n|t:|1698862075\n|-weather|none\n|switch|p1a: Kyogre|Kyogre|100\/100\n|-weather|RainDance|[from] ability: Drizzle|[of] p1a: Kyogre\n|move|p2a: Pheromosa|Lunge|p1a: Kyogre\n|-damage|p1a: Kyogre|24\/100\n|-unboost|p1a: Kyogre|atk|1\n|\n|-weather|RainDance|[upkeep]\n|upkeep\n|turn|12\n|\n|t:|1698862083\n|move|p1a: Kyogre|Origin Pulse|p2a: Pheromosa\n|-damage|p2a: Pheromosa|0 fnt\n|faint|p2a: Pheromosa\n|\n|-weather|RainDance|[upkeep]\n|upkeep\n|\n|t:|1698862087\n|switch|p2a: Kyogre|Kyogre|100\/100\n|turn|13\n|c|\u2606togahjehmaroo_alt|scarf v scarf v scarf\n|\n|t:|1698862096\n|switch|p1a: Ditto|Ditto|19\/100\n|-transform|p1a: Ditto|p2a: Kyogre|[from] ability: Imposter\n|-terastallize|p2a: Kyogre|Water\n|move|p2a: Kyogre|Origin Pulse|p1a: Ditto\n|-resisted|p1a: Ditto\n|-damage|p1a: Ditto|0 fnt\n|faint|p1a: Ditto\n|\n|-weather|RainDance|[upkeep]\n|upkeep\n|c|\u2606togahjehmaroo_alt|meant to click\n|c|\u2606togahjehmaroo_alt|the\n|c|\u2606togahjehmaroo_alt|spout\n|\n|t:|1698862112\n|switch|p1a: Rhyperior|Rhyperior, F|100\/100\n|turn|14\n|\n|t:|1698862114\n|switch|p2a: Diancie|Diancie|100\/100\n|move|p1a: Rhyperior|Stone Edge|p2a: Diancie|[miss]\n|-miss|p1a: Rhyperior|p2a: Diancie\n|\n|-weather|RainDance|[upkeep]\n|upkeep\n|turn|15\n|\n|t:|1698862121\n|detailschange|p2a: Diancie|Diancie-Mega\n|-mega|p2a: Diancie|Diancie|Diancite\n|move|p2a: Diancie|Earth Power|p1a: Rhyperior\n|-supereffective|p1a: Rhyperior\n|-damage|p1a: Rhyperior|28\/100\n|-enditem|p1a: Rhyperior|Weakness Policy\n|-boost|p1a: Rhyperior|atk|2|[from] item: Weakness Policy\n|-boost|p1a: Rhyperior|spa|2|[from] item: Weakness Policy\n|move|p1a: Rhyperior|Earthquake|p2a: Diancie\n|-supereffective|p2a: Diancie\n|-damage|p2a: Diancie|0 fnt\n|faint|p2a: Diancie\n|\n|-weather|none\n|upkeep\n|\n|t:|1698862128\n|switch|p2a: Kyogre|Kyogre, tera:Water|100\/100\n|-weather|RainDance|[from] ability: Drizzle|[of] p2a: Kyogre\n|turn|16\n|\n|t:|1698862135\n|move|p2a: Kyogre|Water Spout|p1a: Rhyperior\n|-supereffective|p1a: Rhyperior\n|-damage|p1a: Rhyperior|0 fnt\n|faint|p1a: Rhyperior\n|\n|-weather|RainDance|[upkeep]\n|upkeep\n|\n|t:|1698862140\n|switch|p1a: Swampert|Swampert, M|100\/100\n|turn|17\n|\n|t:|1698862150\n|detailschange|p1a: Swampert|Swampert-Mega, M\n|-mega|p1a: Swampert|Swampert|Swampertite\n|move|p1a: Swampert|Earthquake|p2a: Kyogre\n|-damage|p2a: Kyogre|36\/100\n|move|p2a: Kyogre|Water Spout|p1a: Swampert\n|-crit|p1a: Swampert\n|-damage|p1a: Swampert|10\/100\n|\n|-weather|RainDance|[upkeep]\n|upkeep\n|turn|18\n|c|\u2606ChadFisherman27|gg\n|-message|togahjehmaroo_alt forfeited.\n|\n|win|ChadFisherman27\n|raw|ChadFisherman27's rating: 1088 &rarr; <strong>1108<\/strong><br \/>(+20 for winning)\n|raw|togahjehmaroo_alt's rating: 1000 &rarr; <strong>1000<\/strong><br \/>(+0 for losing)\n|l|\u2606togahjehmaroo_alt\n","uploadtime":1698862175,"views":9,"p1id":"chadfisherman27","p2id":"togahjehmarooalt","formatid":"gen9nationaldexubers","rating":1000,"private":0,"password":""}