{"id":"gen9nationaldexubers-1985916393","p1":"Ginesect","p2":"Steven Stone 007","format":"[Gen 9] National Dex Ubers","log":"|j|\u2606Ginesect\n|j|\u2606Steven Stone 007\n|t:|1699422223\n|gametype|singles\n|player|p1|Ginesect|workerice|\n|player|p2|Steven Stone 007|265|\n|teamsize|p1|6\n|teamsize|p2|6\n|gen|9\n|tier|[Gen 9] National Dex Ubers\n|rule|HP Percentage Mod: HP is shown in percentages\n|rule|Endless Battle Clause: Forcing endless battles is banned\n|rule|OHKO Clause: OHKO moves are banned\n|rule|Evasion Moves Clause: Evasion moves are banned\n|rule|Evasion Items Clause: Evasion items are banned\n|rule|Species Clause: Limit one of each Pok\u00e9mon\n|rule|Sleep Clause Mod: Limit one foe put to sleep\n|rule|Mega Rayquaza Clause: You cannot mega evolve Rayquaza\n|clearpoke\n|poke|p1|Enamorus, F|\n|poke|p1|Ribombee, F|\n|poke|p1|Iron Moth|\n|poke|p1|Urshifu-*, F|\n|poke|p1|Diancie|\n|poke|p1|Great Tusk|\n|poke|p2|Tyranitar, F|\n|poke|p2|Garchomp, M|\n|poke|p2|Ferrothorn, F|\n|poke|p2|Cresselia, F|\n|poke|p2|Excadrill, F|\n|poke|p2|Dragapult, F|\n|teampreview\n|c|\u2606Steven Stone 007|Gl\n|c|\u2606Ginesect|Glhf\n|\n|t:|1699422270\n|start\n|switch|p1a: Ribombee|Ribombee, F|100\/100\n|switch|p2a: Dragapult|Dragapult, F|100\/100\n|turn|1\n|j| ANinjaDude\n|\n|t:|1699422274\n|move|p2a: Dragapult|Substitute|p2a: Dragapult\n|-start|p2a: Dragapult|Substitute\n|-damage|p2a: Dragapult|76\/100\n|move|p1a: Ribombee|Stun Spore|p2a: Dragapult|[miss]\n|-miss|p1a: Ribombee|p2a: Dragapult\n|\n|-heal|p2a: Dragapult|82\/100|[from] item: Leftovers\n|upkeep\n|turn|2\n|\n|t:|1699422280\n|move|p2a: Dragapult|Dragon Dance|p2a: Dragapult\n|-boost|p2a: Dragapult|atk|1\n|-boost|p2a: Dragapult|spe|1\n|move|p1a: Ribombee|Sticky Web|p2a: Dragapult\n|-sidestart|p2: Steven Stone 007|move: Sticky Web\n|\n|-heal|p2a: Dragapult|88\/100|[from] item: Leftovers\n|upkeep\n|turn|3\n|c|\u2606Steven Stone 007|Shit\n|\n|t:|1699422287\n|move|p2a: Dragapult|Tera Blast|p1a: Ribombee\n|-damage|p1a: Ribombee|69\/100\n|move|p1a: Ribombee|Moonblast|p2a: Dragapult\n|-supereffective|p2a: Dragapult\n|-end|p2a: Dragapult|Substitute\n|\n|-heal|p2a: Dragapult|94\/100|[from] item: Leftovers\n|upkeep\n|turn|4\n|c|\u2606Ginesect|Lol\n|c|\u2606Ginesect|What\n|\n|t:|1699422296\n|move|p2a: Dragapult|Tera Blast|p1a: Ribombee\n|-damage|p1a: Ribombee|39\/100\n|move|p1a: Ribombee|Moonblast|p2a: Dragapult\n|-supereffective|p2a: Dragapult\n|-damage|p2a: Dragapult|0 fnt\n|faint|p2a: Dragapult\n|\n|upkeep\n|c|\u2606Ginesect|??\n|\n|t:|1699422302\n|switch|p2a: Excadrill|Excadrill, F|100\/100\n|-activate|p2a: Excadrill|move: Sticky Web\n|-unboost|p2a: Excadrill|spe|1\n|turn|5\n|j| dreepy airlines\n|c|\u2606Ginesect|Misclick?\n|c| ANinjaDude|wdym ??\n|c|\u2606Steven Stone 007|Wrong tera\n|\n|t:|1699422322\n|switch|p1a: Great Tusk|Great Tusk|100\/100\n|move|p2a: Excadrill|Rapid Spin|p1a: Great Tusk\n|-damage|p1a: Great Tusk|86\/100\n|-boost|p2a: Excadrill|spe|1\n|-sideend|p2: Steven Stone 007|Sticky Web|[from] move: Rapid Spin|[of] p2a: Excadrill\n|-damage|p2a: Excadrill|91\/100|[from] item: Life Orb\n|\n|upkeep\n|turn|6\n|\n|t:|1699422326\n|switch|p2a: Ferrothorn|Ferrothorn, F|100\/100\n|move|p1a: Great Tusk|Knock Off|p2a: Ferrothorn\n|-damage|p2a: Ferrothorn|73\/100\n|-damage|p1a: Great Tusk|73\/100|[from] ability: Iron Barbs|[of] p2a: Ferrothorn\n|-enditem|p2a: Ferrothorn|Leftovers|[from] move: Knock Off|[of] p1a: Great Tusk\n|\n|upkeep\n|turn|7\n|\n|t:|1699422331\n|move|p1a: Great Tusk|Close Combat|p2a: Ferrothorn\n|-supereffective|p2a: Ferrothorn\n|-crit|p2a: Ferrothorn\n|-damage|p2a: Ferrothorn|0 fnt\n|-unboost|p1a: Great Tusk|def|1\n|-unboost|p1a: Great Tusk|spd|1\n|-damage|p1a: Great Tusk|61\/100|[from] ability: Iron Barbs|[of] p2a: Ferrothorn\n|faint|p2a: Ferrothorn\n|\n|upkeep\n|c|\u2606Ginesect|Ooh\n|\n|t:|1699422336\n|switch|p2a: Tyranitar|Tyranitar, F|100\/100\n|-weather|Sandstorm|[from] ability: Sand Stream|[of] p2a: Tyranitar\n|turn|8\n|\n|t:|1699422341\n|detailschange|p2a: Tyranitar|Tyranitar-Mega, F\n|-mega|p2a: Tyranitar|Tyranitar|Tyranitarite\n|move|p1a: Great Tusk|Close Combat|p2a: Tyranitar\n|-supereffective|p2a: Tyranitar\n|-damage|p2a: Tyranitar|0 fnt\n|-unboost|p1a: Great Tusk|def|1\n|-unboost|p1a: Great Tusk|spd|1\n|faint|p2a: Tyranitar\n|\n|-weather|Sandstorm|[upkeep]\n|upkeep\n|j| YerickyY\n|c| dreepy airlines|no way gin wins a game\n|c| dreepy airlines|of pokemon\n|\n|t:|1699422348\n|switch|p2a: Garchomp|Garchomp, M|100\/100\n|turn|9\n|c|\u2606Ginesect|dreepy stfu\n|c| ANinjaDude|lol\n|c| Yericky|common GIN W\n|c| ANinjaDude|hi dreepy\n|c| Yericky|COMMON GIN W\n|c| Yericky|BRING SHIT SAND\n|j| AlolanSandslashOU\n|\n|t:|1699422366\n|-end|p1a: Great Tusk|Protosynthesis|[silent]\n|switch|p1a: Diancie|Diancie|100\/100\n|move|p2a: Garchomp|Scale Shot|p1a: Diancie\n|-immune|p1a: Diancie\n|\n|-weather|Sandstorm|[upkeep]\n|upkeep\n|turn|10\n|c| Yericky|AND GIN COOKS\n|c| Yericky|OHHHHHHHHHHHHHHHHHHHHHHHHHHHHHHHHHHHHHHHHHHHHHHHHHHHHHHHHHHHHHHHHHH\n|\n|t:|1699422376\n|detailschange|p1a: Diancie|Diancie-Mega\n|-mega|p1a: Diancie|Diancie|Diancite\n|-terastallize|p2a: Garchomp|Steel\n|move|p1a: Diancie|Moonblast|p2a: Garchomp\n|-resisted|p2a: Garchomp\n|-damage|p2a: Garchomp|68\/100\n|-unboost|p2a: Garchomp|spa|1\n|move|p2a: Garchomp|Iron Head|p1a: Diancie\n|-supereffective|p1a: Diancie\n|-damage|p1a: Diancie|0 fnt\n|faint|p1a: Diancie\n|\n|-weather|Sandstorm|[upkeep]\n|upkeep\n|c|\u2606Ginesect|Oops\n|c| Yericky|HE GOT SAUCED\n|c|\u2606Ginesect|Ok not bad\n|\n|t:|1699422386\n|switch|p1a: Ribombee|Ribombee, F|39\/100\n|turn|11\n|c| Yericky|boooo L tera\n|c| Yericky|L tera\n|\n|t:|1699422389\n|move|p1a: Ribombee|Sticky Web|p2a: Garchomp\n|-sidestart|p2: Steven Stone 007|move: Sticky Web\n|move|p2a: Garchomp|Iron Head|p1a: Ribombee\n|-supereffective|p1a: Ribombee\n|-damage|p1a: Ribombee|0 fnt\n|faint|p1a: Ribombee\n|\n|-weather|Sandstorm|[upkeep]\n|upkeep\n|c| ANinjaDude|what is this for btw\n|c| Yericky|e4\n|\n|t:|1699422399\n|switch|p1a: Iron Moth|Iron Moth|100\/100\n|turn|12\n|c| dreepy airlines|gins a sub :skull:\n|c| Yericky|cool gin wins\n|\n|t:|1699422404\n|-terastallize|p1a: Iron Moth|Ground\n|move|p2a: Garchomp|Scale Shot|p1a: Iron Moth\n|-damage|p1a: Iron Moth|80\/100\n|-damage|p1a: Iron Moth|60\/100\n|-damage|p1a: Iron Moth|37\/100\n|-damage|p1a: Iron Moth|17\/100\n|-damage|p1a: Iron Moth|0 fnt\n|faint|p1a: Iron Moth\n|-end|p1a: Iron Moth|Quark Drive|[silent]\n|-hitcount|p1: Iron Moth|5\n|-unboost|p2a: Garchomp|def|1\n|-boost|p2a: Garchomp|spe|1\n|\n|-weather|none\n|upkeep\n|c|\u2606Ginesect|Wtfffff\n|c| Yericky|wait\n|c| Yericky|what\n|c|\u2606Ginesect|Wtfff\n|c| dreepy airlines|prob dice tbf\n|c| ANinjaDude|loaded dice prob\n|c|\u2606Ginesect|Ok what\n|\n|t:|1699422419\n|switch|p1a: Great Tusk|Great Tusk|61\/100\n|turn|13\n|c| AlolanSandslashOU|Kekw\n|c| Yericky|not going enam is a crazy choke\n|\n|t:|1699422427\n|move|p2a: Garchomp|Scale Shot|p1a: Great Tusk\n|-damage|p1a: Great Tusk|52\/100\n|-damage|p1a: Great Tusk|44\/100\n|-damage|p1a: Great Tusk|36\/100\n|-damage|p1a: Great Tusk|29\/100\n|-damage|p1a: Great Tusk|20\/100\n|-hitcount|p1a: Great Tusk|5\n|-unboost|p2a: Garchomp|def|1\n|-boost|p2a: Garchomp|spe|1\n|move|p1a: Great Tusk|Earthquake|p2a: Garchomp\n|-supereffective|p2a: Garchomp\n|-damage|p2a: Garchomp|0 fnt\n|faint|p2a: Garchomp\n|\n|upkeep\n|c| Yericky|what is gin doing\n|c| Yericky|calc failure\n|c| AlolanSandslashOU|It\u2019s joever\n|\n|t:|1699422435\n|switch|p2a: Cresselia|Cresselia, F|100\/100\n|turn|14\n|c| Yericky|still wins tho\n|\n|t:|1699422439\n|move|p1a: Great Tusk|Knock Off|p2a: Cresselia\n|-supereffective|p2a: Cresselia\n|-crit|p2a: Cresselia\n|-damage|p2a: Cresselia|38\/100\n|-enditem|p2a: Cresselia|Leftovers|[from] move: Knock Off|[of] p1a: Great Tusk\n|move|p2a: Cresselia|Calm Mind|p2a: Cresselia\n|-boost|p2a: Cresselia|spa|1\n|-boost|p2a: Cresselia|spd|1\n|\n|upkeep\n|turn|15\n|c| Yericky|easily joever\n|\n|t:|1699422442\n|move|p1a: Great Tusk|Knock Off|p2a: Cresselia\n|-supereffective|p2a: Cresselia\n|-damage|p2a: Cresselia|12\/100\n|move|p2a: Cresselia|Moonlight|p2a: Cresselia\n|-heal|p2a: Cresselia|62\/100\n|\n|upkeep\n|turn|16\n|c| Yericky|W\n|\n|t:|1699422449\n|-end|p1a: Great Tusk|Protosynthesis|[silent]\n|switch|p1a: Urshifu|Urshifu, F|100\/100\n|move|p2a: Cresselia|Moonlight|p2a: Cresselia\n|-heal|p2a: Cresselia|100\/100\n|\n|upkeep\n|turn|17\n|c| Yericky|joever\n|c|\u2606Steven Stone 007|Two crit\n|c| dreepy airlines|i still dont beleive gin can win a game of pokemon\n|\n|t:|1699422459\n|move|p1a: Urshifu|Wicked Blow|p2a: Cresselia\n|-supereffective|p2a: Cresselia\n|-crit|p2a: Cresselia\n|-damage|p2a: Cresselia|0 fnt\n|faint|p2a: Cresselia\n|\n|upkeep\n|\n|t:|1699422461\n|switch|p2a: Excadrill|Excadrill, F|91\/100\n|-activate|p2a: Excadrill|move: Sticky Web\n|-unboost|p2a: Excadrill|spe|1\n|turn|18\n|c| Yericky|gg breezy\n|c|\u2606Ginesect|Dreepy shut\n|c| dreepy airlines|staged\n|\n|t:|1699422468\n|move|p1a: Urshifu|Wicked Blow|p2a: Excadrill\n|-crit|p2a: Excadrill\n|-damage|p2a: Excadrill|0 fnt\n|faint|p2a: Excadrill\n|\n|win|Ginesect\n|c| Yericky|staged\n|c| dreepy airlines|staged\n|c| Yericky|staged\n|c| Yericky|staged\n|c|\u2606Ginesect|ok\n|c| dreepy airlines|debunking time\n|c|\u2606Steven Stone 007|Gg\n|c| AlolanSandslashOU|scripted\n|c| ANinjaDude|and the peanut gallery goes wild\n|c| Yericky|scripted\n|c|\u2606Ginesect|24h cd gg\n|l| Yericky\n|c|\u2606Steven Stone 007|Nah I win of my tera is set\n|l|\u2606Steven Stone 007\n|c|\u2606Ginesect|yericky and dreepy I fucking\n|c|\u2606Ginesect|Wanna kill u both\n|c| dreepy airlines|reported\n|c| AlolanSandslashOU|Crazy\n|c| dreepy airlines|for harassment\n|c| AlolanSandslashOU|Gin mass murderer\n","uploadtime":1699422494,"views":8,"p1id":"ginesect","p2id":"stevenstone007","formatid":"gen9nationaldexubers","rating":0,"private":0,"password":""}