{"id":"gen9nationaldexubers-1993057111","p1":"FrostBv","p2":"Charlie98554","format":"[Gen 9] National Dex Ubers","log":"|j|\u2606FrostBv\n|j|\u2606Charlie98554\n|t:|1700259970\n|gametype|singles\n|player|p1|FrostBv|giovanni|1247\n|player|p2|Charlie98554|2|1232\n|teamsize|p1|6\n|teamsize|p2|6\n|gen|9\n|tier|[Gen 9] National Dex Ubers\n|rated|\n|rule|HP Percentage Mod: HP is shown in percentages\n|rule|Endless Battle Clause: Forcing endless battles is banned\n|rule|OHKO Clause: OHKO moves are banned\n|rule|Evasion Moves Clause: Evasion moves are banned\n|rule|Evasion Items Clause: Evasion items are banned\n|rule|Species Clause: Limit one of each Pok\u00e9mon\n|rule|Sleep Clause Mod: Limit one foe put to sleep\n|rule|Mega Rayquaza Clause: You cannot mega evolve Rayquaza\n|clearpoke\n|poke|p1|Deoxys-Defense|\n|poke|p1|Yveltal|\n|poke|p1|Groudon|\n|poke|p1|Dragapult, F|\n|poke|p1|Metagross|\n|poke|p1|Zygarde|\n|poke|p2|Polteageist|\n|poke|p2|Darmanitan-Galar, M|\n|poke|p2|Palafin, F|\n|poke|p2|Mew|\n|poke|p2|Zygarde|\n|poke|p2|Necrozma-Dusk-Mane|\n|teampreview\n|\n|t:|1700259979\n|start\n|switch|p1a: Deoxys|Deoxys-Defense|100\/100\n|switch|p2a: Polteageist|Polteageist|100\/100\n|-ability|p1a: Deoxys|Pressure\n|turn|1\n|c|\u2606Charlie98554|glhf legendary spammer\n|\n|t:|1700259989\n|move|p2a: Polteageist|Shell Smash|p2a: Polteageist\n|-unboost|p2a: Polteageist|def|1\n|-unboost|p2a: Polteageist|spd|1\n|-boost|p2a: Polteageist|atk|2\n|-boost|p2a: Polteageist|spa|2\n|-boost|p2a: Polteageist|spe|2\n|move|p1a: Deoxys|Toxic|p2a: Polteageist\n|-status|p2a: Polteageist|tox\n|\n|-damage|p2a: Polteageist|94\/100 tox|[from] psn\n|upkeep\n|turn|2\n|c|\u2606FrostBv|only 3\n|\n|t:|1700260004\n|move|p2a: Polteageist|Shell Smash|p2a: Polteageist\n|-unboost|p2a: Polteageist|def|1\n|-unboost|p2a: Polteageist|spd|1\n|-boost|p2a: Polteageist|atk|2\n|-boost|p2a: Polteageist|spa|2\n|-boost|p2a: Polteageist|spe|2\n|move|p1a: Deoxys|Stealth Rock|p2a: Polteageist\n|-sidestart|p2: Charlie98554|move: Stealth Rock\n|\n|-damage|p2a: Polteageist|82\/100 tox|[from] psn\n|upkeep\n|turn|3\n|c|\u2606Charlie98554|bruh\n|c|\u2606Charlie98554|4\n|c|\u2606Charlie98554|and u have 2 pseudo legendaries\n|c|\u2606Charlie98554|so u basicially have full team of just strong legends\n|c|\u2606Charlie98554|and a primal\n|c|\u2606FrostBv|:v\n|\n|t:|1700260048\n|move|p2a: Polteageist|Shadow Ball|p1a: Deoxys\n|-supereffective|p1a: Deoxys\n|-damage|p1a: Deoxys|0 fnt\n|faint|p1a: Deoxys\n|\n|-damage|p2a: Polteageist|64\/100 tox|[from] psn\n|upkeep\n|c|\u2606Charlie98554|now u get swept\n|\n|t:|1700260062\n|switch|p1a: Yveltal|Yveltal|100\/100\n|-ability|p1a: Yveltal|Dark Aura\n|turn|4\n|\n|t:|1700260068\n|move|p2a: Polteageist|Shadow Ball|p1a: Yveltal\n|-resisted|p1a: Yveltal\n|-damage|p1a: Yveltal|37\/100\n|move|p1a: Yveltal|Oblivion Wing|p2a: Polteageist\n|-damage|p2a: Polteageist|0 fnt\n|-heal|p1a: Yveltal|69\/100|[from] drain|[of] p2a: Polteageist\n|faint|p2a: Polteageist\n|\n|upkeep\n|\n|t:|1700260073\n|switch|p2a: Mew|Mew|100\/100\n|-damage|p2a: Mew|88\/100|[from] Stealth Rock\n|turn|5\n|\n|t:|1700260080\n|move|p1a: Yveltal|Knock Off|p2a: Mew\n|-supereffective|p2a: Mew\n|-damage|p2a: Mew|0 fnt\n|-enditem|p2a: Mew|Leftovers|[from] move: Knock Off|[of] p1a: Yveltal\n|faint|p2a: Mew\n|\n|upkeep\n|\n|t:|1700260087\n|switch|p2a: Necrozma|Necrozma-Dusk-Mane|100\/100\n|-damage|p2a: Necrozma|94\/100|[from] Stealth Rock\n|turn|6\n|\n|t:|1700260093\n|switch|p2a: Zygarde|Zygarde, shiny|100\/100\n|-damage|p2a: Zygarde|94\/100|[from] Stealth Rock\n|move|p1a: Yveltal|Knock Off|p2a: Zygarde\n|-damage|p2a: Zygarde|56\/100\n|-enditem|p2a: Zygarde|Leftovers|[from] move: Knock Off|[of] p1a: Yveltal\n|\n|upkeep\n|turn|7\n|\n|t:|1700260101\n|move|p1a: Yveltal|Hidden Power|p2a: Zygarde\n|-supereffective|p2a: Zygarde\n|-damage|p2a: Zygarde|0 fnt\n|faint|p2a: Zygarde\n|\n|upkeep\n|-message|Charlie98554 forfeited.\n|\n|win|FrostBv\n|raw|FrostBv's rating: 1247 &rarr; <strong>1271<\/strong><br \/>(+24 for winning)\n|raw|Charlie98554's rating: 1232 &rarr; <strong>1208<\/strong><br \/>(-24 for losing)\n|l|\u2606Charlie98554\n","uploadtime":1700260116,"views":15,"p1id":"frostbv","p2id":"charlie98554","formatid":"gen9nationaldexubers","rating":1208,"private":0,"password":""}