{"id":"gen9nationaldexubers-1993327906","p1":"Oraclus","p2":"YTXCJ","format":"[Gen 9] National Dex Ubers","log":"|j|\u2606Oraclus\n|j|\u2606YTXCJ\n|t:|1700299220\n|gametype|singles\n|player|p1|Oraclus|102|1160\n|player|p2|YTXCJ|265|1256\n|teamsize|p1|6\n|teamsize|p2|6\n|gen|9\n|tier|[Gen 9] National Dex Ubers\n|rated|\n|rule|HP Percentage Mod: HP is shown in percentages\n|rule|Endless Battle Clause: Forcing endless battles is banned\n|rule|OHKO Clause: OHKO moves are banned\n|rule|Evasion Moves Clause: Evasion moves are banned\n|rule|Evasion Items Clause: Evasion items are banned\n|rule|Species Clause: Limit one of each Pok\u00e9mon\n|rule|Sleep Clause Mod: Limit one foe put to sleep\n|rule|Mega Rayquaza Clause: You cannot mega evolve Rayquaza\n|clearpoke\n|poke|p1|Breloom, M|\n|poke|p1|Coalossal, F|\n|poke|p1|Torterra, F|\n|poke|p1|Venusaur, M|\n|poke|p1|Ogerpon-Cornerstone, F|\n|poke|p1|Shaymin-Sky|\n|poke|p2|Arceus-Poison|\n|poke|p2|Groudon|\n|poke|p2|Landorus, M|\n|poke|p2|Kyogre|\n|poke|p2|Blaziken, M|\n|poke|p2|Dialga-Origin|\n|teampreview\n|\n|t:|1700299228\n|start\n|switch|p1a: Ogerpon|Ogerpon-Cornerstone, F|100\/100\n|switch|p2a: Dialga|Dialga-Origin|100\/100\n|-ability|p2a: Dialga|Pressure\n|turn|1\n|\n|t:|1700299254\n|move|p1a: Ogerpon|Swords Dance|p1a: Ogerpon\n|-boost|p1a: Ogerpon|atk|2\n|move|p2a: Dialga|Stealth Rock|p1a: Ogerpon\n|-sidestart|p1: Oraclus|move: Stealth Rock\n|\n|upkeep\n|turn|2\n|\n|t:|1700299262\n|move|p1a: Ogerpon|Knock Off|p2a: Dialga\n|-damage|p2a: Dialga|65\/100\n|move|p2a: Dialga|Flash Cannon|p1a: Ogerpon\n|-supereffective|p1a: Ogerpon\n|-ability|p1a: Ogerpon|Sturdy\n|-damage|p1a: Ogerpon|1\/100\n|\n|upkeep\n|turn|3\n|\n|t:|1700299270\n|move|p1a: Ogerpon|Ivy Cudgel|p2a: Dialga|[anim] Ivy Cudgel Rock\n|-resisted|p2a: Dialga\n|-damage|p2a: Dialga|23\/100\n|move|p2a: Dialga|Flamethrower|p1a: Ogerpon\n|-damage|p1a: Ogerpon|0 fnt\n|faint|p1a: Ogerpon\n|\n|upkeep\n|\n|t:|1700299273\n|switch|p1a: Shaymin|Shaymin-Sky, shiny|100\/100\n|-damage|p1a: Shaymin|76\/100|[from] Stealth Rock\n|turn|4\n|\n|t:|1700299279\n|move|p1a: Shaymin|Earth Power|p2a: Dialga\n|-supereffective|p2a: Dialga\n|-damage|p2a: Dialga|0 fnt\n|faint|p2a: Dialga\n|\n|upkeep\n|inactive|Battle timer is ON: inactive players will automatically lose when time's up. (requested by Oraclus)\n|\n|t:|1700299287\n|switch|p2a: Blaziken|Blaziken, M|100\/100\n|turn|5\n|\n|t:|1700299298\n|detailschange|p2a: Blaziken|Blaziken-Mega, M\n|-mega|p2a: Blaziken|Blaziken|Blazikenite\n|move|p2a: Blaziken|Protect|p2a: Blaziken\n|-singleturn|p2a: Blaziken|Protect\n|move|p1a: Shaymin|Air Slash|p2a: Blaziken\n|-activate|p2a: Blaziken|move: Protect\n|\n|-ability|p2a: Blaziken|Speed Boost|boost\n|-boost|p2a: Blaziken|spe|1\n|upkeep\n|turn|6\n|\n|t:|1700299307\n|switch|p1a: Coalossal|Coalossal, F, shiny|100\/100\n|-damage|p1a: Coalossal|76\/100|[from] Stealth Rock\n|move|p2a: Blaziken|Flare Blitz|p1a: Coalossal\n|-start|p1a: Coalossal|ability: Flash Fire\n|\n|-ability|p2a: Blaziken|Speed Boost|boost\n|-boost|p2a: Blaziken|spe|1\n|upkeep\n|turn|7\n|\n|t:|1700299317\n|-terastallize|p1a: Coalossal|Grass\n|move|p2a: Blaziken|Close Combat|p1a: Coalossal\n|-damage|p1a: Coalossal|22\/100\n|-unboost|p2a: Blaziken|def|1\n|-unboost|p2a: Blaziken|spd|1\n|move|p1a: Coalossal|Reflect|p1a: Coalossal\n|-sidestart|p1: Oraclus|Reflect\n|\n|-ability|p2a: Blaziken|Speed Boost|boost\n|-boost|p2a: Blaziken|spe|1\n|upkeep\n|turn|8\n|\n|t:|1700299329\n|switch|p2a: Landorus|Landorus, M|100\/100\n|move|p1a: Coalossal|Tar Shot|p2a: Landorus\n|-unboost|p2a: Landorus|spe|1\n|-start|p2a: Landorus|Tar Shot\n|\n|upkeep\n|turn|9\n|\n|t:|1700299341\n|move|p2a: Landorus|Earthquake|p1a: Coalossal\n|-resisted|p1a: Coalossal\n|-damage|p1a: Coalossal|10\/100\n|-damage|p2a: Landorus|90\/100|[from] item: Life Orb\n|move|p1a: Coalossal|Will-O-Wisp|p2a: Landorus\n|-status|p2a: Landorus|brn\n|\n|-damage|p2a: Landorus|84\/100 brn|[from] brn\n|upkeep\n|turn|10\n|\n|t:|1700299350\n|move|p2a: Landorus|Defog|p1a: Coalossal\n|-unboost|p1a: Coalossal|evasion|1\n|-sideend|p1: Oraclus|Reflect\n|-sideend|p1: Oraclus|Stealth Rock|[from] move: Defog|[of] p2a: Landorus\n|move|p1a: Coalossal|Flamethrower|p2a: Landorus\n|-supereffective|p2a: Landorus\n|-damage|p2a: Landorus|0 fnt\n|faint|p2a: Landorus\n|\n|upkeep\n|\n|t:|1700299365\n|switch|p2a: Kyogre|Kyogre|100\/100\n|detailschange|p2a: Kyogre|Kyogre-Primal\n|-primal|p2a: Kyogre|Blue Orb\n|-weather|PrimordialSea|[from] ability: Primordial Sea|[of] p2a: Kyogre\n|turn|11\n|\n|t:|1700299382\n|move|p2a: Kyogre|Ice Beam|p1a: Coalossal\n|-supereffective|p1a: Coalossal\n|-damage|p1a: Coalossal|0 fnt\n|faint|p1a: Coalossal\n|\n|-weather|PrimordialSea|[upkeep]\n|upkeep\n|\n|t:|1700299389\n|switch|p1a: Shaymin|Shaymin-Sky, shiny|76\/100\n|turn|12\n|\n|t:|1700299397\n|-weather|none\n|switch|p2a: Blaziken|Blaziken-Mega, M|100\/100\n|move|p1a: Shaymin|Seed Flare|p2a: Blaziken|[miss]\n|-miss|p1a: Shaymin|p2a: Blaziken\n|\n|upkeep\n|turn|13\n|\n|t:|1700299410\n|switch|p1a: Breloom|Breloom, M, shiny|100\/100\n|move|p2a: Blaziken|Swords Dance|p2a: Blaziken\n|-boost|p2a: Blaziken|atk|2\n|\n|-ability|p2a: Blaziken|Speed Boost|boost\n|-boost|p2a: Blaziken|spe|1\n|upkeep\n|turn|14\n|\n|t:|1700299420\n|move|p2a: Blaziken|Protect|p2a: Blaziken\n|-singleturn|p2a: Blaziken|Protect\n|move|p1a: Breloom|Spore|p2a: Blaziken\n|-activate|p2a: Blaziken|move: Protect\n|\n|-ability|p2a: Blaziken|Speed Boost|boost\n|-boost|p2a: Blaziken|spe|1\n|upkeep\n|turn|15\n|\n|t:|1700299428\n|move|p2a: Blaziken|Close Combat|p1a: Breloom\n|-enditem|p1a: Breloom|Focus Sash\n|-damage|p1a: Breloom|1\/100\n|-unboost|p2a: Blaziken|def|1\n|-unboost|p2a: Blaziken|spd|1\n|move|p1a: Breloom|Spore|p2a: Blaziken\n|-status|p2a: Blaziken|slp|[from] move: Spore\n|\n|-ability|p2a: Blaziken|Speed Boost|boost\n|-boost|p2a: Blaziken|spe|1\n|upkeep\n|turn|16\n|\n|t:|1700299438\n|cant|p2a: Blaziken|slp\n|move|p1a: Breloom|Rock Tomb|p2a: Blaziken\n|-damage|p2a: Blaziken|40\/100 slp\n|-unboost|p2a: Blaziken|spe|1\n|\n|-ability|p2a: Blaziken|Speed Boost|boost\n|-boost|p2a: Blaziken|spe|1\n|upkeep\n|turn|17\n|\n|t:|1700299447\n|move|p1a: Breloom|Mach Punch|p2a: Blaziken\n|-damage|p2a: Blaziken|0 fnt\n|faint|p2a: Blaziken\n|\n|upkeep\n|\n|t:|1700299454\n|switch|p2a: Arceus|Arceus-Poison|100\/100\n|turn|18\n|\n|t:|1700299463\n|-terastallize|p2a: Arceus|Poison\n|move|p1a: Breloom|Mach Punch|p2a: Arceus\n|-resisted|p2a: Arceus\n|-damage|p2a: Arceus|89\/100\n|move|p2a: Arceus|Judgment|p1a: Breloom\n|-supereffective|p1a: Breloom\n|-damage|p1a: Breloom|0 fnt\n|faint|p1a: Breloom\n|\n|upkeep\n|\n|t:|1700299470\n|switch|p1a: Shaymin|Shaymin-Sky, shiny|76\/100\n|turn|19\n|\n|t:|1700299475\n|move|p1a: Shaymin|Earth Power|p2a: Arceus\n|-supereffective|p2a: Arceus\n|-damage|p2a: Arceus|46\/100\n|move|p2a: Arceus|Ice Beam|p1a: Shaymin\n|-supereffective|p1a: Shaymin\n|-damage|p1a: Shaymin|0 fnt\n|faint|p1a: Shaymin\n|\n|upkeep\n|\n|t:|1700299481\n|switch|p1a: Venusaur|Venusaur, M, shiny|100\/100\n|turn|20\n|\n|t:|1700299489\n|detailschange|p1a: Venusaur|Venusaur-Mega, M, shiny\n|-mega|p1a: Venusaur|Venusaur|Venusaurite\n|move|p2a: Arceus|Judgment|p1a: Venusaur\n|-damage|p1a: Venusaur|49\/100\n|move|p1a: Venusaur|Earth Power|p2a: Arceus\n|-supereffective|p2a: Arceus\n|-damage|p2a: Arceus|17\/100\n|\n|upkeep\n|turn|21\n|\n|t:|1700299497\n|move|p2a: Arceus|Judgment|p1a: Venusaur\n|-damage|p1a: Venusaur|0 fnt\n|faint|p1a: Venusaur\n|\n|upkeep\n|\n|t:|1700299503\n|switch|p1a: Torterra|Torterra, F, shiny|100\/100\n|turn|22\n|\n|t:|1700299507\n|move|p2a: Arceus|Judgment|p1a: Torterra\n|-enditem|p1a: Torterra|Focus Sash\n|-damage|p1a: Torterra|1\/100\n|move|p1a: Torterra|Shell Smash|p1a: Torterra\n|-unboost|p1a: Torterra|def|1\n|-unboost|p1a: Torterra|spd|1\n|-boost|p1a: Torterra|atk|2\n|-boost|p1a: Torterra|spa|2\n|-boost|p1a: Torterra|spe|2\n|\n|upkeep\n|turn|23\n|\n|t:|1700299516\n|move|p1a: Torterra|Iron Head|p2a: Arceus\n|-damage|p2a: Arceus|0 fnt\n|faint|p2a: Arceus\n|\n|upkeep\n|\n|t:|1700299520\n|switch|p2a: Groudon|Groudon|100\/100\n|detailschange|p2a: Groudon|Groudon-Primal\n|-primal|p2a: Groudon|Red Orb\n|-weather|DesolateLand|[from] ability: Desolate Land|[of] p2a: Groudon\n|turn|24\n|\n|t:|1700299528\n|move|p1a: Torterra|Seed Bomb|p2a: Groudon\n|-damage|p2a: Groudon|33\/100\n|move|p2a: Groudon|Heat Crash|p1a: Torterra\n|-supereffective|p1a: Torterra\n|-damage|p1a: Torterra|0 fnt\n|faint|p1a: Torterra\n|\n|win|YTXCJ\n|raw|Oraclus's rating: 1160 &rarr; <strong>1142<\/strong><br \/>(-18 for losing)\n|raw|YTXCJ's rating: 1256 &rarr; <strong>1274<\/strong><br \/>(+18 for winning)\n|l|\u2606YTXCJ\n","uploadtime":1700299540,"views":7,"p1id":"oraclus","p2id":"ytxcj","formatid":"gen9nationaldexubers","rating":1142,"private":0,"password":""}