{"id":"gen9nationaldexubers-1985378362","p1":"Moonz_e","p2":"IncandescentCandle","format":"[Gen 9] National Dex Ubers","log":"|j|\u2606Moonz_e\n|j|\u2606IncandescentCandle\n|t:|1699369657\n|gametype|singles\n|player|p1|Moonz_e|courtney|\n|player|p2|IncandescentCandle|dawn|\n|teamsize|p1|6\n|teamsize|p2|6\n|gen|9\n|tier|[Gen 9] National Dex Ubers\n|rule|HP Percentage Mod: HP is shown in percentages\n|rule|Endless Battle Clause: Forcing endless battles is banned\n|rule|OHKO Clause: OHKO moves are banned\n|rule|Evasion Moves Clause: Evasion moves are banned\n|rule|Evasion Items Clause: Evasion items are banned\n|rule|Species Clause: Limit one of each Pok\u00e9mon\n|rule|Sleep Clause Mod: Limit one foe put to sleep\n|rule|Mega Rayquaza Clause: You cannot mega evolve Rayquaza\n|clearpoke\n|poke|p1|Ninetales-Alola, F|\n|poke|p1|Baxcalibur, F|\n|poke|p1|Ursaluna-Bloodmoon, M|\n|poke|p1|Diancie|\n|poke|p1|Landorus-Therian, M|\n|poke|p1|Rotom-Wash|\n|poke|p2|Venusaur, F|\n|poke|p2|Ogerpon-Cornerstone, F|\n|poke|p2|Meowscarada, M|\n|poke|p2|Ferrothorn, F|\n|poke|p2|Whimsicott, F|\n|poke|p2|Lilligant-Hisui, F|\n|teampreview\n|c|\u2606IncandescentCandle|hm\n|c|\u2606Moonz_e|Glhf\n|j| ArcticIzagi\n|j| Astro Rifk\n|c|\u2606Moonz_e|Poison bear, as you, for sure, know\n|c|\u2606IncandescentCandle|noted\n|\n|t:|1699369710\n|start\n|switch|p1a: Rotom|Rotom-Wash|100\/100\n|switch|p2a: Open Frenzy|Venusaur, F|100\/100\n|turn|1\n|j| Viviexists\n|\n|t:|1699369727\n|detailschange|p2a: Open Frenzy|Venusaur-Mega, F\n|-mega|p2a: Open Frenzy|Venusaur|Venusaurite\n|move|p1a: Rotom|Volt Switch|p2a: Open Frenzy\n|-resisted|p2a: Open Frenzy\n|-damage|p2a: Open Frenzy|89\/100\n|c| Viviexists|Go Darling!!!\n|c|\u2606IncandescentCandle|ty <3\n|c| ArcticIzagi|Let's go moonz you got this\n|\n|t:|1699369738\n|switch|p1a: Baxcalibur|Baxcalibur, F|100\/100|[from] Volt Switch\n|move|p2a: Open Frenzy|Sludge Bomb|p1a: Baxcalibur\n|-damage|p1a: Baxcalibur|65\/100\n|\n|upkeep\n|turn|2\n|j| Destinum\n|c|\u2606IncandescentCandle|something feels wronnggggg but im almost homeeee\n|\n|t:|1699369753\n|switch|p2a: Toxic Wisdom|Ferrothorn, F|100\/100\n|move|p1a: Baxcalibur|Swords Dance|p1a: Baxcalibur\n|-boost|p1a: Baxcalibur|atk|2\n|\n|upkeep\n|turn|3\n|j| Jamwo j\n|\n|t:|1699369772\n|move|p1a: Baxcalibur|Icicle Spear|p2a: Toxic Wisdom\n|-damage|p2a: Toxic Wisdom|85\/100\n|-crit|p2a: Toxic Wisdom\n|-damage|p2a: Toxic Wisdom|60\/100\n|-damage|p2a: Toxic Wisdom|44\/100\n|-damage|p2a: Toxic Wisdom|27\/100\n|-damage|p2a: Toxic Wisdom|12\/100\n|-hitcount|p2a: Toxic Wisdom|5\n|move|p2a: Toxic Wisdom|Gyro Ball|p1a: Baxcalibur\n|-supereffective|p1a: Baxcalibur\n|-damage|p1a: Baxcalibur|0 fnt\n|faint|p1a: Baxcalibur\n|\n|-heal|p2a: Toxic Wisdom|18\/100|[from] item: Leftovers\n|upkeep\n|c|\u2606IncandescentCandle|also wtfrick no nickanmes\n|c|\u2606IncandescentCandle|ffl\n|c| Destinum|Big threat eliminated.\n|\n|t:|1699369794\n|switch|p1a: Ursaluna|Ursaluna-Bloodmoon, M|100\/100\n|turn|4\n|\n|t:|1699369802\n|-terastallize|p1a: Ursaluna|Poison\n|move|p1a: Ursaluna|Calm Mind|p1a: Ursaluna\n|-boost|p1a: Ursaluna|spa|1\n|-boost|p1a: Ursaluna|spd|1\n|move|p2a: Toxic Wisdom|Knock Off|p1a: Ursaluna\n|-damage|p1a: Ursaluna|89\/100\n|-enditem|p1a: Ursaluna|Leftovers|[from] move: Knock Off|[of] p2a: Toxic Wisdom\n|\n|-heal|p2a: Toxic Wisdom|24\/100|[from] item: Leftovers\n|upkeep\n|turn|5\n|\n|t:|1699369818\n|move|p1a: Ursaluna|Earth Power|p2a: Toxic Wisdom\n|-damage|p2a: Toxic Wisdom|0 fnt\n|faint|p2a: Toxic Wisdom\n|\n|upkeep\n|\n|t:|1699369849\n|switch|p2a: Open Frenzy|Venusaur-Mega, F|89\/100\n|turn|6\n|c| Viviexists|Can we DQ Moonz for not having nicknames?\n|c|\u2606IncandescentCandle|So true actually\n|\n|t:|1699369946\n|move|p2a: Open Frenzy|Earth Power|p1a: Ursaluna\n|-supereffective|p1a: Ursaluna\n|-crit|p1a: Ursaluna\n|-damage|p1a: Ursaluna|4\/100\n|move|p1a: Ursaluna|Blood Moon|p2a: Open Frenzy\n|-damage|p2a: Open Frenzy|11\/100\n|\n|upkeep\n|turn|7\n|j| AhiruChan\n|c|\u2606IncandescentCandle|GOAT\n|c|\u2606IncandescentCandle|OPEN FRENZY MY MAIN FUCKING MAN HOLY SHIT\n|c| Destinum|The crit strikes the bear once again.\n|c|\u2606Moonz_e|I miscalced somehow\n|c| Astro Rifk|crit to the start of almost home we are so barack\n|c|\u2606Moonz_e|Oh no wait crit lol\n|c|\u2606Moonz_e|Yeah\n|j| Bug Maniac Swaggy\n|c|\u2606IncandescentCandle|didnt need to crit there but it basically ensures im up a mon\n|l| Viviexists\n|\n|t:|1699370011\n|switch|p1a: Ninetales|Ninetales-Alola, F|100\/100\n|-weather|Snow|[from] ability: Snow Warning|[of] p1a: Ninetales\n|move|p2a: Open Frenzy|Giga Drain|p1a: Ninetales\n|-damage|p1a: Ninetales|73\/100\n|-heal|p2a: Open Frenzy|24\/100|[from] drain|[of] p1a: Ninetales\n|\n|-weather|Snow|[upkeep]\n|upkeep\n|turn|8\n|c| ArcticIzagi|hi swaggy\n|c| Bug Maniac Swaggy|my bad im a little late\n|c| Bug Maniac Swaggy|i woke up 47 seconds ago\n|j| Viviexists\n|c| Bug Maniac Swaggy|hii\n|\n|t:|1699370022\n|move|p1a: Ninetales|Aurora Veil|p1a: Ninetales\n|-sidestart|p1: Moonz_e|move: Aurora Veil\n|move|p2a: Open Frenzy|Sludge Bomb|p1a: Ninetales\n|-supereffective|p1a: Ninetales\n|-damage|p1a: Ninetales|40\/100\n|-status|p1a: Ninetales|psn\n|\n|-weather|Snow|[upkeep]\n|-damage|p1a: Ninetales|28\/100 psn|[from] psn\n|upkeep\n|turn|9\n|c| Astro Rifk|hiii SWAG MESIAH\n|\n|t:|1699370035\n|move|p1a: Ninetales|Freeze-Dry|p2a: Open Frenzy\n|-supereffective|p2a: Open Frenzy\n|-damage|p2a: Open Frenzy|8\/100\n|move|p2a: Open Frenzy|Synthesis|p2a: Open Frenzy\n|-heal|p2a: Open Frenzy|33\/100\n|\n|-weather|Snow|[upkeep]\n|-damage|p1a: Ninetales|16\/100 psn|[from] psn\n|upkeep\n|turn|10\n|c| Bug Maniac Swaggy|wsg high on spikes\n|\n|t:|1699370048\n|switch|p1a: Rotom|Rotom-Wash|100\/100\n|move|p2a: Open Frenzy|Synthesis|p2a: Open Frenzy\n|-heal|p2a: Open Frenzy|58\/100\n|\n|-weather|Snow|[upkeep]\n|upkeep\n|turn|11\n|c|\u2606Moonz_e|Shit shit fuck shit fuck shit\n|\n|t:|1699370075\n|move|p1a: Rotom|Volt Switch|p2a: Open Frenzy\n|-resisted|p2a: Open Frenzy\n|-damage|p2a: Open Frenzy|45\/100\n|\n|t:|1699370094\n|switch|p1a: Landorus|Landorus-Therian, M|100\/100|[from] Volt Switch\n|-ability|p1a: Landorus|Intimidate|boost\n|-unboost|p2a: Open Frenzy|atk|1\n|move|p2a: Open Frenzy|Giga Drain|p1a: Landorus\n|-damage|p1a: Landorus|88\/100\n|-heal|p2a: Open Frenzy|51\/100|[from] drain|[of] p1a: Landorus\n|\n|-weather|none\n|-heal|p1a: Landorus|94\/100|[from] item: Leftovers\n|upkeep\n|turn|12\n|c| Viviexists|I feel like you just kinda had to let bear die there\n|\n|t:|1699370106\n|switch|p2a: Unholy Insurgency|Whimsicott, F|100\/100\n|move|p1a: Landorus|Stealth Rock|p2a: Unholy Insurgency\n|-sidestart|p2: IncandescentCandle|move: Stealth Rock\n|\n|-heal|p1a: Landorus|100\/100|[from] item: Leftovers\n|upkeep\n|turn|13\n|\n|t:|1699370114\n|move|p2a: Unholy Insurgency|Defog|p1a: Landorus\n|-unboost|p1a: Landorus|evasion|1\n|-sideend|p1: Moonz_e|move: Aurora Veil\n|-sideend|p2: IncandescentCandle|Stealth Rock|[from] move: Defog|[of] p2a: Unholy Insurgency\n|move|p1a: Landorus|U-turn|p2a: Unholy Insurgency\n|-damage|p2a: Unholy Insurgency|69\/100\n|c| Destinum|Venusaur is an absolute monster right now.\n|\n|t:|1699370125\n|switch|p1a: Rotom|Rotom-Wash|100\/100|[from] U-turn\n|\n|upkeep\n|turn|14\n|c|\u2606IncandescentCandle|open frenzy <3\n|c| Viviexists|At 4% with no lefties there is very little chance for him to get back in there\n|\n|t:|1699370130\n|move|p1a: Rotom|Volt Switch|p2a: Unholy Insurgency\n|-resisted|p2a: Unholy Insurgency\n|-damage|p2a: Unholy Insurgency|43\/100\n|\n|t:|1699370133\n|switch|p1a: Landorus|Landorus-Therian, M|100\/100|[from] Volt Switch\n|-ability|p1a: Landorus|Intimidate|boost\n|-unboost|p2a: Unholy Insurgency|atk|1\n|move|p2a: Unholy Insurgency|Moonblast|p1a: Landorus\n|-damage|p1a: Landorus|71\/100\n|\n|-heal|p1a: Landorus|77\/100|[from] item: Leftovers\n|upkeep\n|turn|15\n|\n|t:|1699370144\n|move|p2a: Unholy Insurgency|Moonblast|p1a: Landorus\n|-damage|p1a: Landorus|45\/100\n|move|p1a: Landorus|Stealth Rock|p2a: Unholy Insurgency\n|-sidestart|p2: IncandescentCandle|move: Stealth Rock\n|\n|-heal|p1a: Landorus|51\/100|[from] item: Leftovers\n|upkeep\n|turn|16\n|\n|t:|1699370152\n|move|p2a: Unholy Insurgency|Encore|p1a: Landorus\n|-start|p1a: Landorus|Encore\n|move|p1a: Landorus|Stealth Rock||[still]\n|-fail|p1a: Landorus\n|\n|-heal|p1a: Landorus|57\/100|[from] item: Leftovers\n|upkeep\n|turn|17\n|\n|t:|1699370171\n|switch|p1a: Diancie|Diancie|100\/100\n|move|p2a: Unholy Insurgency|Defog|p1a: Diancie\n|-fail|p1a: Diancie|unboost|[from] ability: Clear Body|[of] p1a: Diancie\n|-sideend|p2: IncandescentCandle|Stealth Rock|[from] move: Defog|[of] p2a: Unholy Insurgency\n|\n|upkeep\n|turn|18\n|\n|t:|1699370198\n|move|p2a: Unholy Insurgency|Moonblast|p1a: Diancie\n|-damage|p1a: Diancie|59\/100\n|move|p1a: Diancie|Calm Mind|p1a: Diancie\n|-boost|p1a: Diancie|spa|1\n|-boost|p1a: Diancie|spd|1\n|\n|upkeep\n|turn|19\n|\n|t:|1699370208\n|detailschange|p1a: Diancie|Diancie-Mega\n|-mega|p1a: Diancie|Diancie|Diancite\n|move|p2a: Unholy Insurgency|Moonblast|p1a: Diancie\n|-crit|p1a: Diancie\n|-damage|p1a: Diancie|0 fnt\n|faint|p1a: Diancie\n|\n|upkeep\n|c|\u2606IncandescentCandle|wtf\n|c|\u2606Moonz_e|Seriously?\n|c| Viviexists|MY GOAT\n|c| ArcticIzagi|another crit?!\n|c|\u2606Moonz_e|Wow\n|c| Viviexists|LMAO\n|c| Destinum|RNJesus is on Athy's side.\n|c| Viviexists|\ud83d\udc10\ud83d\udc10\ud83d\udc10\ud83d\udc10\ud83d\udc10\ud83d\udc10\ud83d\udc10\ud83d\udc10\n|\n|t:|1699370237\n|switch|p1a: Rotom|Rotom-Wash|100\/100\n|turn|20\n|\n|t:|1699370242\n|move|p1a: Rotom|Volt Switch|p2a: Unholy Insurgency\n|-resisted|p2a: Unholy Insurgency\n|-damage|p2a: Unholy Insurgency|18\/100\n|\n|t:|1699370246\n|switch|p1a: Landorus|Landorus-Therian, M|57\/100|[from] Volt Switch\n|-ability|p1a: Landorus|Intimidate|boost\n|-unboost|p2a: Unholy Insurgency|atk|1\n|move|p2a: Unholy Insurgency|Moonblast|p1a: Landorus\n|-damage|p1a: Landorus|26\/100\n|\n|-heal|p1a: Landorus|32\/100|[from] item: Leftovers\n|upkeep\n|turn|21\n|\n|t:|1699370257\n|move|p2a: Unholy Insurgency|Moonblast|p1a: Landorus\n|-damage|p1a: Landorus|0 fnt\n|faint|p1a: Landorus\n|\n|upkeep\n|c| Destinum|This Whimsicott is a menace to society.\n|\n|t:|1699370266\n|switch|p1a: Ninetales|Ninetales-Alola, F|16\/100 psn\n|-weather|Snow|[from] ability: Snow Warning|[of] p1a: Ninetales\n|turn|22\n|\n|t:|1699370271\n|move|p2a: Unholy Insurgency|Moonblast|p1a: Ninetales\n|-damage|p1a: Ninetales|0 fnt\n|faint|p1a: Ninetales\n|\n|-weather|Snow|[upkeep]\n|upkeep\n|\n|t:|1699370279\n|switch|p1a: Rotom|Rotom-Wash|100\/100\n|turn|23\n|c|\u2606Moonz_e|Well, that was cool\n|c|\u2606IncandescentCandle|why the fuck is this a three kill whims game lmfao what is even happening\n|c|\u2606Moonz_e|Nice getting fucked over by two crits\n|\n|t:|1699370305\n|move|p1a: Rotom|Shadow Ball|p2a: Unholy Insurgency\n|-damage|p2a: Unholy Insurgency|0 fnt\n|faint|p2a: Unholy Insurgency\n|\n|-weather|Snow|[upkeep]\n|upkeep\n|c|\u2606IncandescentCandle|i had play to either of them ftr\n|\n|t:|1699370311\n|switch|p2a: Murderswarm|Meowscarada, M|100\/100\n|turn|24\n|c| Astro Rifk|u get revenged by meow anyway tbf\n|c| ArcticIzagi|you still got game 2\n|c|\u2606Moonz_e|I mean, Bear wasn't getting killed otherwise\n|c| AhiruChan|And game 3\n|c|\u2606Moonz_e|Unless i don't know something byt\n|c|\u2606Moonz_e|But\n|c|\u2606IncandescentCandle|+2 252 Atk Cornerstone Mask Tera Rock Ogerpon-Cornerstone-Tera Ivy Cudgel vs. 252 HP \/ 252+ Def Tera Poison Ursaluna-Bloodmoon: 314-370 (73 - 86%) -- guaranteed 2HKO after Leftovers recovery\n|c| Viviexists|Also btw Moonz\n|c| Viviexists|the hail that you set with ninetales\n|\n|t:|1699370368\n|move|p2a: Murderswarm|Flower Trick|p1a: Rotom\n|-start|p2a: Murderswarm|typechange|Grass|[from] ability: Protean\n|-supereffective|p1a: Rotom\n|-crit|p1a: Rotom\n|-damage|p1a: Rotom|0 fnt\n|faint|p1a: Rotom\n|\n|-weather|Snow|[upkeep]\n|upkeep\n|c| Viviexists|also weakens moonlight\n|c|\u2606Moonz_e|I know\n|\n|t:|1699370383\n|switch|p1a: Ursaluna|Ursaluna-Bloodmoon, M, tera:Poison|4\/100\n|turn|25\n|c|\u2606IncandescentCandle|the ep damage was just to get it in cornerstone range\n|\n|t:|1699370387\n|move|p2a: Murderswarm|Flower Trick|p1a: Ursaluna\n|-resisted|p1a: Ursaluna\n|-crit|p1a: Ursaluna\n|-damage|p1a: Ursaluna|0 fnt\n|faint|p1a: Ursaluna\n|\n|win|IncandescentCandle\n|l| Astro Rifk\n|c|\u2606IncandescentCandle|but then i crit and none of it mattered lmao\n|c|\u2606Moonz_e|252 SpA Venusaur-Mega Earth Power vs. +1 252 HP \/ 0 SpD Ursaluna-Bloodmoon: 90-106 (20.9 - 24.6%) -- possible 6HKO after Leftovers recovery\n|c|\u2606IncandescentCandle|0 SpA Venusaur-Mega Earth Power vs. +1 252 HP \/ 4 SpD Tera Poison Ursaluna-Bloodmoon: 146-172 (33.9 - 40%) -- 32.6% chance to 3HKO after Leftovers recovery\n|l| Jamwo j\n|c|\u2606IncandescentCandle|ur tpoison\n|c|\u2606Moonz_e|Oh right\n|c|\u2606Moonz_e|Welp\n|c|\u2606Moonz_e|Anyway\n|l| AhiruChan\n|c|\u2606Moonz_e|It would've been way harder for you without those crits let's be real XD\n","uploadtime":1699370403,"views":17,"p1id":"moonze","p2id":"incandescentcandle","formatid":"gen9nationaldexubers","rating":0,"private":0,"password":""}