{"id":"gen9nationaldexubers-1998434988","p1":"woahhgh","p2":"like witi","format":"[Gen 9] National Dex Ubers","log":"|j|\u2606woahhgh\n|j|\u2606like witi\n|t:|1700941970\n|gametype|singles\n|player|p1|woahhgh|169|1324\n|player|p2|like witi|roxie|1259\n|teamsize|p1|6\n|teamsize|p2|6\n|gen|9\n|tier|[Gen 9] National Dex Ubers\n|rated|\n|rule|HP Percentage Mod: HP is shown in percentages\n|rule|Endless Battle Clause: Forcing endless battles is banned\n|rule|OHKO Clause: OHKO moves are banned\n|rule|Evasion Moves Clause: Evasion moves are banned\n|rule|Evasion Items Clause: Evasion items are banned\n|rule|Species Clause: Limit one of each Pok\u00e9mon\n|rule|Sleep Clause Mod: Limit one foe put to sleep\n|rule|Mega Rayquaza Clause: You cannot mega evolve Rayquaza\n|clearpoke\n|poke|p1|Zapdos-Galar|\n|poke|p1|Ting-Lu|\n|poke|p1|Hydreigon, M|\n|poke|p1|Buzzwole|\n|poke|p1|Skeledirge, M|\n|poke|p1|Manectric, M|\n|poke|p2|Urshifu-*, M|\n|poke|p2|Zacian-*|\n|poke|p2|Arceus-Ground|\n|poke|p2|Dracovish|\n|poke|p2|Darmanitan-Galar, M|\n|poke|p2|Zekrom|\n|teampreview\n|\n|t:|1700941984\n|start\n|switch|p1a: Zapdos|Zapdos-Galar|100\/100\n|switch|p2a: Urshifu|Urshifu, M|100\/100\n|turn|1\n|\n|t:|1700941992\n|move|p1a: Zapdos|Close Combat|p2a: Urshifu\n|-supereffective|p2a: Urshifu\n|-enditem|p2a: Urshifu|Focus Sash\n|-damage|p2a: Urshifu|1\/100\n|-unboost|p1a: Zapdos|def|1\n|-unboost|p1a: Zapdos|spd|1\n|move|p2a: Urshifu|Swords Dance|p2a: Urshifu\n|-boost|p2a: Urshifu|atk|2\n|\n|upkeep\n|turn|2\n|\n|t:|1700942003\n|move|p1a: Zapdos|Close Combat|p2a: Urshifu\n|-supereffective|p2a: Urshifu\n|-damage|p2a: Urshifu|0 fnt\n|-unboost|p1a: Zapdos|def|1\n|-unboost|p1a: Zapdos|spd|1\n|faint|p2a: Urshifu\n|\n|upkeep\n|\n|t:|1700942007\n|switch|p2a: Zacian|Zacian-Crowned|100\/100\n|-ability|p2a: Zacian|Intrepid Sword|boost\n|-boost|p2a: Zacian|atk|1\n|turn|3\n|\n|t:|1700942015\n|switch|p1a: Skeledirge|Skeledirge, M, shiny|100\/100\n|move|p2a: Zacian|Behemoth Blade|p1a: Skeledirge\n|-resisted|p1a: Skeledirge\n|-damage|p1a: Skeledirge|77\/100\n|\n|upkeep\n|turn|4\n|\n|t:|1700942024\n|-terastallize|p2a: Zacian|Flying\n|move|p2a: Zacian|Play Rough|p1a: Skeledirge\n|-resisted|p1a: Skeledirge\n|-damage|p1a: Skeledirge|57\/100\n|move|p1a: Skeledirge|Will-O-Wisp|p2a: Zacian|[miss]\n|-miss|p1a: Skeledirge|p2a: Zacian\n|\n|upkeep\n|turn|5\n|\n|t:|1700942038\n|switch|p2a: Dracovish|Dracovish|100\/100\n|move|p1a: Skeledirge|Will-O-Wisp|p2a: Dracovish\n|-status|p2a: Dracovish|brn\n|\n|-damage|p2a: Dracovish|94\/100 brn|[from] brn\n|upkeep\n|turn|6\n|\n|t:|1700942044\n|move|p2a: Dracovish|Fishious Rend|p1a: Skeledirge\n|-supereffective|p1a: Skeledirge\n|-damage|p1a: Skeledirge|0 fnt\n|faint|p1a: Skeledirge\n|\n|-damage|p2a: Dracovish|88\/100 brn|[from] brn\n|upkeep\n|\n|t:|1700942048\n|switch|p1a: Hydreigon|Hydreigon, M, shiny|100\/100\n|turn|7\n|\n|t:|1700942052\n|move|p2a: Dracovish|Fishious Rend|p1a: Hydreigon\n|-resisted|p1a: Hydreigon\n|-damage|p1a: Hydreigon|71\/100\n|move|p1a: Hydreigon|Draco Meteor|p2a: Dracovish\n|-supereffective|p2a: Dracovish\n|-damage|p2a: Dracovish|0 fnt\n|-unboost|p1a: Hydreigon|spa|2\n|faint|p2a: Dracovish\n|\n|upkeep\n|\n|t:|1700942062\n|switch|p2a: Darmanitan|Darmanitan-Galar, M|100\/100\n|turn|8\n|\n|t:|1700942066\n|switch|p1a: Buzzwole|Buzzwole, shiny|100\/100\n|move|p2a: Darmanitan|Icicle Crash|p1a: Buzzwole\n|-damage|p1a: Buzzwole|55\/100\n|\n|upkeep\n|turn|9\n|\n|t:|1700942073\n|switch|p2a: Zacian|Zacian-Crowned, tera:Flying|100\/100\n|move|p1a: Buzzwole|Close Combat|p2a: Zacian\n|-resisted|p2a: Zacian\n|-damage|p2a: Zacian|69\/100\n|-unboost|p1a: Buzzwole|def|1\n|-unboost|p1a: Buzzwole|spd|1\n|\n|upkeep\n|turn|10\n|\n|t:|1700942083\n|switch|p1a: Manectric|Manectric, M, shiny|100\/100\n|move|p2a: Zacian|Play Rough|p1a: Manectric\n|-damage|p1a: Manectric|1\/100\n|\n|upkeep\n|turn|11\n|\n|t:|1700942090\n|detailschange|p1a: Manectric|Manectric-Mega, M, shiny\n|-mega|p1a: Manectric|Manectric|Manectite\n|-ability|p1a: Manectric|Intimidate|boost\n|-unboost|p2a: Zacian|atk|1\n|move|p2a: Zacian|Quick Attack|p1a: Manectric\n|-damage|p1a: Manectric|0 fnt\n|faint|p1a: Manectric\n|\n|upkeep\n|\n|t:|1700942095\n|switch|p1a: Ting-Lu|Ting-Lu|100\/100\n|-ability|p1a: Ting-Lu|Vessel of Ruin\n|turn|12\n|inactive|Battle timer is ON: inactive players will automatically lose when time's up. (requested by woahhgh)\n|\n|t:|1700942103\n|switch|p2a: Arceus|Arceus-Ground|100\/100\n|move|p1a: Ting-Lu|Body Slam|p2a: Arceus\n|-damage|p2a: Arceus|82\/100\n|\n|upkeep\n|turn|13\n|\n|t:|1700942110\n|move|p2a: Arceus|Ice Beam|p1a: Ting-Lu\n|-supereffective|p1a: Ting-Lu\n|-damage|p1a: Ting-Lu|59\/100\n|move|p1a: Ting-Lu|Stealth Rock|p2a: Arceus\n|-sidestart|p2: like witi|move: Stealth Rock\n|\n|-heal|p1a: Ting-Lu|65\/100|[from] item: Leftovers\n|upkeep\n|turn|14\n|\n|t:|1700942125\n|move|p2a: Arceus|Ice Beam|p1a: Ting-Lu\n|-supereffective|p1a: Ting-Lu\n|-damage|p1a: Ting-Lu|27\/100\n|move|p1a: Ting-Lu|Body Slam|p2a: Arceus\n|-damage|p2a: Arceus|65\/100\n|\n|-heal|p1a: Ting-Lu|33\/100|[from] item: Leftovers\n|upkeep\n|turn|15\n|\n|t:|1700942135\n|move|p2a: Arceus|Ice Beam|p1a: Ting-Lu\n|-supereffective|p1a: Ting-Lu\n|-damage|p1a: Ting-Lu|0 fnt\n|faint|p1a: Ting-Lu\n|\n|upkeep\n|\n|t:|1700942140\n|switch|p1a: Hydreigon|Hydreigon, M, shiny|71\/100\n|turn|16\n|\n|t:|1700942149\n|-terastallize|p1a: Hydreigon|Poison\n|move|p1a: Hydreigon|Dark Pulse|p2a: Arceus\n|-damage|p2a: Arceus|21\/100\n|cant|p2a: Arceus|flinch\n|\n|upkeep\n|turn|17\n|\n|t:|1700942156\n|move|p1a: Hydreigon|Dark Pulse|p2a: Arceus\n|-damage|p2a: Arceus|0 fnt\n|faint|p2a: Arceus\n|\n|upkeep\n|\n|t:|1700942164\n|switch|p2a: Zekrom|Zekrom|100\/100\n|-damage|p2a: Zekrom|88\/100|[from] Stealth Rock\n|-ability|p2a: Zekrom|Teravolt\n|turn|18\n|\n|t:|1700942171\n|move|p2a: Zekrom|Bolt Strike|p1a: Hydreigon\n|-damage|p1a: Hydreigon|0 fnt\n|faint|p1a: Hydreigon\n|\n|upkeep\n|\n|t:|1700942173\n|switch|p1a: Buzzwole|Buzzwole, shiny|55\/100\n|turn|19\n|\n|t:|1700942178\n|move|p2a: Zekrom|Bolt Strike|p1a: Buzzwole|[miss]\n|-miss|p2a: Zekrom|p1a: Buzzwole\n|move|p1a: Buzzwole|Leech Life|p2a: Zekrom\n|-damage|p2a: Zekrom|50\/100\n|-heal|p1a: Buzzwole|72\/100|[from] drain|[of] p2a: Zekrom\n|\n|upkeep\n|turn|20\n|\n|t:|1700942185\n|move|p2a: Zekrom|Bolt Strike|p1a: Buzzwole\n|-damage|p1a: Buzzwole|22\/100\n|move|p1a: Buzzwole|Leech Life|p2a: Zekrom\n|-damage|p2a: Zekrom|12\/100\n|-heal|p1a: Buzzwole|39\/100|[from] drain|[of] p2a: Zekrom\n|\n|upkeep\n|turn|21\n|\n|t:|1700942191\n|move|p2a: Zekrom|Bolt Strike|p1a: Buzzwole\n|-damage|p1a: Buzzwole|0 fnt\n|faint|p1a: Buzzwole\n|\n|upkeep\n|\n|t:|1700942193\n|switch|p1a: Zapdos|Zapdos-Galar|100\/100\n|turn|22\n|c|\u2606woahhgh|im dead 100%\n|c|\u2606woahhgh|gg\n|\n|t:|1700942206\n|move|p1a: Zapdos|Close Combat|p2a: Zekrom\n|-damage|p2a: Zekrom|0 fnt\n|-unboost|p1a: Zapdos|def|1\n|-unboost|p1a: Zapdos|spd|1\n|faint|p2a: Zekrom\n|\n|upkeep\n|\n|t:|1700942211\n|switch|p2a: Darmanitan|Darmanitan-Galar, M|100\/100\n|-damage|p2a: Darmanitan|76\/100|[from] Stealth Rock\n|turn|23\n|\n|t:|1700942215\n|move|p1a: Zapdos|Close Combat|p2a: Darmanitan\n|-supereffective|p2a: Darmanitan\n|-damage|p2a: Darmanitan|0 fnt\n|-unboost|p1a: Zapdos|def|1\n|-unboost|p1a: Zapdos|spd|1\n|faint|p2a: Darmanitan\n|\n|upkeep\n|\n|t:|1700942218\n|switch|p2a: Zacian|Zacian-Crowned, tera:Flying|69\/100\n|-damage|p2a: Zacian|44\/100|[from] Stealth Rock\n|turn|24\n|\n|t:|1700942228\n|move|p2a: Zacian|Quick Attack|p1a: Zapdos\n|-damage|p1a: Zapdos|61\/100\n|move|p1a: Zapdos|Close Combat|p2a: Zacian\n|-resisted|p2a: Zacian\n|-damage|p2a: Zacian|15\/100\n|-unboost|p1a: Zapdos|def|1\n|-unboost|p1a: Zapdos|spd|1\n|\n|upkeep\n|turn|25\n|\n|t:|1700942237\n|move|p1a: Zapdos|Close Combat|p2a: Zacian\n|-resisted|p2a: Zacian\n|-damage|p2a: Zacian|0 fnt\n|-unboost|p1a: Zapdos|def|1\n|-unboost|p1a: Zapdos|spd|1\n|faint|p2a: Zacian\n|\n|win|woahhgh\n|raw|woahhgh's rating: 1296 &rarr; <strong>1318<\/strong><br \/>(+22 for winning)\n|raw|like witi's rating: 1259 &rarr; <strong>1237<\/strong><br \/>(-22 for losing)\n|c|\u2606woahhgh|quick attack?\n|c|\u2606woahhgh|why not just play rough?\n|l|\u2606like witi\n","uploadtime":1700942401,"views":7,"p1id":"woahhgh","p2id":"likewiti","formatid":"gen9nationaldexubers","rating":1237,"private":0,"password":""}