{"id":"gen9nationaldexubers-1988008512","p1":"Pex Hater","p2":"Xoviet Yunion","format":"[Gen 9] National Dex Ubers","log":"|j|\u2606Pex Hater\n|j|\u2606Xoviet Yunion\n|t:|1699658601\n|gametype|singles\n|player|p1|Pex Hater|cheryl|\n|player|p2|Xoviet Yunion|shauntal|\n|teamsize|p1|6\n|teamsize|p2|6\n|gen|9\n|tier|[Gen 9] National Dex Ubers\n|rule|HP Percentage Mod: HP is shown in percentages\n|rule|Endless Battle Clause: Forcing endless battles is banned\n|rule|OHKO Clause: OHKO moves are banned\n|rule|Evasion Moves Clause: Evasion moves are banned\n|rule|Evasion Items Clause: Evasion items are banned\n|rule|Species Clause: Limit one of each Pok\u00e9mon\n|rule|Sleep Clause Mod: Limit one foe put to sleep\n|rule|Mega Rayquaza Clause: You cannot mega evolve Rayquaza\n|clearpoke\n|poke|p1|Ogerpon-Cornerstone, F|\n|poke|p1|Scizor, F|\n|poke|p1|Ursaluna-Bloodmoon, M|\n|poke|p1|Slowking, F|\n|poke|p1|Magikarp, M|\n|poke|p1|Cosmog|\n|poke|p2|Scrafty, M|\n|poke|p2|Lilligant-Hisui, F|\n|poke|p2|Infernape, M|\n|poke|p2|Zamazenta-*|\n|poke|p2|Pawmot, F|\n|poke|p2|Iron Hands|\n|teampreview\n|\n|t:|1699658620\n|start\n|switch|p1a: Ursaluna|Ursaluna-Bloodmoon, M|100\/100\n|switch|p2a: Annihilape\u200b\u200b\u200b|Iron Hands|100\/100\n|turn|1\n|\n|t:|1699658636\n|-zpower|p1a: Ursaluna\n|move|p1a: Ursaluna|Breakneck Blitz|p2a: Annihilape\u200b\u200b\u200b|[zeffect]\n|-damage|p2a: Annihilape\u200b\u200b\u200b|8\/100\n|move|p2a: Annihilape\u200b\u200b\u200b|Close Combat|p1a: Ursaluna\n|-supereffective|p1a: Ursaluna\n|-damage|p1a: Ursaluna|0 fnt\n|-unboost|p2a: Annihilape\u200b\u200b\u200b|def|1\n|-unboost|p2a: Annihilape\u200b\u200b\u200b|spd|1\n|faint|p1a: Ursaluna\n|\n|upkeep\n|\n|t:|1699658641\n|switch|p1a: Scizor|Scizor, F|100\/100\n|turn|2\n|\n|t:|1699658645\n|detailschange|p1a: Scizor|Scizor-Mega, F\n|-mega|p1a: Scizor|Scizor|Scizorite\n|move|p1a: Scizor|U-turn|p2a: Annihilape\u200b\u200b\u200b\n|-resisted|p2a: Annihilape\u200b\u200b\u200b\n|-damage|p2a: Annihilape\u200b\u200b\u200b|0 fnt\n|faint|p2a: Annihilape\u200b\u200b\u200b\n|-end|p2a: Annihilape\u200b\u200b\u200b|Quark Drive|[silent]\n|\n|t:|1699658654\n|switch|p1a: Slowking|Slowking, F|100\/100|[from] U-turn\n|\n|upkeep\n|\n|t:|1699658662\n|switch|p2a: Annihilap\u200b\u200be|Pawmot, F|100\/100\n|turn|3\n|\n|t:|1699658669\n|switch|p1a: shitmon|Cosmog|100\/100\n|-zpower|p2a: Annihilap\u200b\u200be\n|move|p2a: Annihilap\u200b\u200be|Gigavolt Havoc|p1a: shitmon|[zeffect]\n|-damage|p1a: shitmon|10\/100\n|\n|upkeep\n|turn|4\n|c|\u2606Pex Hater|holy shit\n|c|\u2606Pex Hater|it lived\n|\n|t:|1699658679\n|move|p2a: Annihilap\u200b\u200be|Revival Blessing|p2a: Annihilap\u200b\u200be\n|\n|t:|1699658682\n|-heal|p2: Annihilape\u200b\u200b\u200b|50\/100|[from] move: Revival Blessing\n|move|p1a: shitmon|Teleport|p1a: shitmon\n|\n|t:|1699658710\n|switch|p1a: Scizor|Scizor-Mega, F|100\/100|[from] Teleport\n|\n|upkeep\n|turn|5\n|\n|t:|1699658714\n|move|p2a: Annihilap\u200b\u200be|Nuzzle|p1a: Scizor\n|-damage|p1a: Scizor|94\/100\n|-status|p1a: Scizor|par\n|move|p1a: Scizor|Swords Dance|p1a: Scizor\n|-boost|p1a: Scizor|atk|2\n|\n|upkeep\n|turn|6\n|\n|t:|1699658720\n|move|p2a: Annihilap\u200b\u200be|Close Combat|p1a: Scizor\n|-damage|p1a: Scizor|56\/100 par\n|-unboost|p2a: Annihilap\u200b\u200be|def|1\n|-unboost|p2a: Annihilap\u200b\u200be|spd|1\n|cant|p1a: Scizor|par\n|\n|upkeep\n|turn|7\n|\n|t:|1699658726\n|move|p2a: Annihilap\u200b\u200be|Close Combat|p1a: Scizor\n|-damage|p1a: Scizor|19\/100 par\n|-unboost|p2a: Annihilap\u200b\u200be|def|1\n|-unboost|p2a: Annihilap\u200b\u200be|spd|1\n|move|p1a: Scizor|Roost|p1a: Scizor\n|-heal|p1a: Scizor|70\/100 par\n|-singleturn|p1a: Scizor|move: Roost\n|\n|upkeep\n|turn|8\n|\n|t:|1699658728\n|move|p2a: Annihilap\u200b\u200be|Close Combat|p1a: Scizor\n|-damage|p1a: Scizor|28\/100 par\n|-unboost|p2a: Annihilap\u200b\u200be|def|1\n|-unboost|p2a: Annihilap\u200b\u200be|spd|1\n|move|p1a: Scizor|U-turn|p2a: Annihilap\u200b\u200be\n|-resisted|p2a: Annihilap\u200b\u200be\n|-crit|p2a: Annihilap\u200b\u200be\n|-damage|p2a: Annihilap\u200b\u200be|0 fnt\n|faint|p2a: Annihilap\u200b\u200be\n|\n|t:|1699658732\n|switch|p1a: Slowking|Slowking, F|100\/100|[from] U-turn\n|\n|upkeep\n|\n|t:|1699658739\n|switch|p2a: Annihilape\u200b\u200b\u200b|Iron Hands|50\/100\n|turn|9\n|\n|t:|1699658743\n|switch|p1a: shitmon|Cosmog|10\/100\n|move|p2a: Annihilape\u200b\u200b\u200b|Wild Charge|p1a: shitmon\n|-damage|p1a: shitmon|0 fnt\n|faint|p1a: shitmon\n|-damage|p2a: Annihilape\u200b\u200b\u200b|49\/100|[from] Recoil\n|\n|upkeep\n|\n|t:|1699658746\n|switch|p1a: Ogerpon|Ogerpon-Cornerstone, F|100\/100\n|turn|10\n|\n|t:|1699658749\n|move|p1a: Ogerpon|Swords Dance|p1a: Ogerpon\n|-boost|p1a: Ogerpon|atk|2\n|move|p2a: Annihilape\u200b\u200b\u200b|Wild Charge|p1a: Ogerpon\n|-resisted|p1a: Ogerpon\n|-damage|p1a: Ogerpon|45\/100\n|-damage|p2a: Annihilape\u200b\u200b\u200b|39\/100|[from] Recoil\n|\n|upkeep\n|turn|11\n|\n|t:|1699658751\n|move|p1a: Ogerpon|Horn Leech|p2a: Annihilape\u200b\u200b\u200b\n|-damage|p2a: Annihilape\u200b\u200b\u200b|0 fnt\n|-heal|p1a: Ogerpon|74\/100|[from] drain|[of] p2a: Annihilape\u200b\u200b\u200b\n|faint|p2a: Annihilape\u200b\u200b\u200b\n|-end|p2a: Annihilape\u200b\u200b\u200b|Quark Drive|[silent]\n|\n|upkeep\n|\n|t:|1699658758\n|switch|p2a: Annihilap\u200b\u200b\u200b\u200be|Zamazenta, shiny|100\/100\n|-ability|p2a: Annihilap\u200b\u200b\u200b\u200be|Dauntless Shield|boost\n|-boost|p2a: Annihilap\u200b\u200b\u200b\u200be|def|1\n|turn|12\n|\n|t:|1699658762\n|switch|p1a: Nero|Magikarp, M|100\/100\n|move|p2a: Annihilap\u200b\u200b\u200b\u200be|Close Combat|p1a: Nero\n|-damage|p1a: Nero|0 fnt\n|-unboost|p2a: Annihilap\u200b\u200b\u200b\u200be|def|1\n|-unboost|p2a: Annihilap\u200b\u200b\u200b\u200be|spd|1\n|faint|p1a: Nero\n|\n|upkeep\n|\n|t:|1699658765\n|switch|p1a: Slowking|Slowking, F|100\/100\n|turn|13\n|\n|t:|1699658769\n|switch|p2a: Annihilap|Scrafty, M|100\/100\n|move|p1a: Slowking|Future Sight|p2a: Annihilap\n|-start|p1a: Slowking|move: Future Sight\n|\n|upkeep\n|turn|14\n|\n|t:|1699658774\n|switch|p1a: Ogerpon|Ogerpon-Cornerstone, F|74\/100\n|move|p2a: Annihilap|Knock Off|p1a: Ogerpon\n|-damage|p1a: Ogerpon|45\/100\n|\n|upkeep\n|turn|15\n|\n|t:|1699658784\n|move|p1a: Ogerpon|Play Rough|p2a: Annihilap\n|-supereffective|p2a: Annihilap\n|-damage|p2a: Annihilap|0 fnt\n|faint|p2a: Annihilap\n|\n|-hint|Future Sight did not hit because the target is fainted.\n|upkeep\n|\n|t:|1699658794\n|switch|p2a: Annihila\u200b\u200b\u200b\u200bpe|Infernape, M|100\/100\n|turn|16\n|\n|t:|1699658802\n|switch|p2a: Annihil\u200b\u200b\u200bape|Lilligant-Hisui, F, shiny|100\/100\n|switch|p1a: Scizor|Scizor-Mega, F|28\/100 par\n|\n|upkeep\n|turn|17\n|\n|t:|1699658807\n|move|p1a: Scizor|Bullet Punch|p2a: Annihil\u200b\u200b\u200bape\n|-damage|p2a: Annihil\u200b\u200b\u200bape|58\/100\n|move|p2a: Annihil\u200b\u200b\u200bape|Victory Dance|p2a: Annihil\u200b\u200b\u200bape\n|-boost|p2a: Annihil\u200b\u200b\u200bape|atk|1\n|-boost|p2a: Annihil\u200b\u200b\u200bape|def|1\n|-boost|p2a: Annihil\u200b\u200b\u200bape|spe|1\n|\n|upkeep\n|turn|18\n|\n|t:|1699658812\n|cant|p1a: Scizor|par\n|move|p2a: Annihil\u200b\u200b\u200bape|Close Combat|p1a: Scizor\n|-damage|p1a: Scizor|0 fnt\n|-unboost|p2a: Annihil\u200b\u200b\u200bape|def|1\n|-unboost|p2a: Annihil\u200b\u200b\u200bape|spd|1\n|faint|p1a: Scizor\n|\n|upkeep\n|\n|t:|1699658829\n|switch|p1a: Slowking|Slowking, F|100\/100\n|turn|19\n|\n|t:|1699658832\n|move|p2a: Annihil\u200b\u200b\u200bape|Leaf Blade|p1a: Slowking|[miss]\n|-miss|p2a: Annihil\u200b\u200b\u200bape|p1a: Slowking\n|move|p1a: Slowking|Future Sight|p2a: Annihil\u200b\u200b\u200bape\n|-start|p1a: Slowking|move: Future Sight\n|\n|upkeep\n|turn|20\n|c|\u2606Pex Hater|gg\n|\n|t:|1699658841\n|move|p2a: Annihil\u200b\u200b\u200bape|Leaf Blade|p1a: Slowking|[miss]\n|-miss|p2a: Annihil\u200b\u200b\u200bape|p1a: Slowking\n|move|p1a: Slowking|Chilly Reception|p1a: Slowking\n|-weather|Snow\n|\n|t:|1699658844\n|switch|p1a: Ogerpon|Ogerpon-Cornerstone, F|45\/100|[from] Chilly Reception\n|\n|-weather|Snow|[upkeep]\n|upkeep\n|turn|21\n|c|\u2606Pex Hater|or not\n|\n|t:|1699658852\n|switch|p1a: Slowking|Slowking, F|100\/100\n|move|p2a: Annihil\u200b\u200b\u200bape|Leaf Blade|p1a: Slowking|[miss]\n|-miss|p2a: Annihil\u200b\u200b\u200bape|p1a: Slowking\n|\n|-weather|Snow|[upkeep]\n|-end|p2a: Annihil\u200b\u200b\u200bape|move: Future Sight\n|-supereffective|p2a: Annihil\u200b\u200b\u200bape\n|-damage|p2a: Annihil\u200b\u200b\u200bape|0 fnt\n|faint|p2a: Annihil\u200b\u200b\u200bape\n|upkeep\n|\n|t:|1699658859\n|switch|p2a: Annihilap\u200b\u200b\u200b\u200be|Zamazenta, shiny|100\/100\n|turn|22\n|\n|t:|1699658867\n|move|p2a: Annihilap\u200b\u200b\u200b\u200be|Wild Charge|p1a: Slowking\n|-supereffective|p1a: Slowking\n|-damage|p1a: Slowking|9\/100\n|-damage|p2a: Annihilap\u200b\u200b\u200b\u200be|74\/100|[from] Recoil\n|move|p1a: Slowking|Scald|p2a: Annihilap\u200b\u200b\u200b\u200be\n|-damage|p2a: Annihilap\u200b\u200b\u200b\u200be|49\/100\n|\n|-weather|Snow|[upkeep]\n|upkeep\n|turn|23\n|\n|t:|1699658887\n|switch|p1a: Ogerpon|Ogerpon-Cornerstone, F|45\/100\n|move|p2a: Annihilap\u200b\u200b\u200b\u200be|Wild Charge|p1a: Ogerpon\n|-resisted|p1a: Ogerpon\n|-damage|p1a: Ogerpon|15\/100\n|-damage|p2a: Annihilap\u200b\u200b\u200b\u200be|42\/100|[from] Recoil\n|\n|-weather|Snow|[upkeep]\n|upkeep\n|turn|24\n|\n|t:|1699658891\n|move|p2a: Annihilap\u200b\u200b\u200b\u200be|Wild Charge|p1a: Ogerpon\n|-resisted|p1a: Ogerpon\n|-damage|p1a: Ogerpon|0 fnt\n|faint|p1a: Ogerpon\n|-damage|p2a: Annihilap\u200b\u200b\u200b\u200be|39\/100|[from] Recoil\n|\n|-weather|none\n|upkeep\n|c|\u2606Pex Hater|gg\n|\n|t:|1699658894\n|switch|p1a: Slowking|Slowking, F|43\/100\n|turn|25\n|c|\u2606Xoviet Yunion|Gg\n|\n|t:|1699658902\n|move|p2a: Annihilap\u200b\u200b\u200b\u200be|Wild Charge|p1a: Slowking\n|-supereffective|p1a: Slowking\n|-damage|p1a: Slowking|0 fnt\n|faint|p1a: Slowking\n|-damage|p2a: Annihilap\u200b\u200b\u200b\u200be|27\/100|[from] Recoil\n|\n|win|Xoviet Yunion\n|l|\u2606Pex Hater\n","uploadtime":1699658907,"views":32,"p1id":"pexhater","p2id":"xovietyunion","formatid":"gen9nationaldexubers","rating":0,"private":0,"password":""}