{"id":"gen9nationaldexubers-1988985348","p1":"Jajzuuauauaua","p2":"Mini_786","format":"[Gen 9] National Dex Ubers","log":"|j|\u2606Jajzuuauauaua\n|j|\u2606Mini_786\n|t:|1699798516\n|gametype|singles\n|player|p1|Jajzuuauauaua|lucas|1056\n|player|p2|Mini_786|palmer|1005\n|teamsize|p1|6\n|teamsize|p2|6\n|gen|9\n|tier|[Gen 9] National Dex Ubers\n|rated|\n|rule|HP Percentage Mod: HP is shown in percentages\n|rule|Endless Battle Clause: Forcing endless battles is banned\n|rule|OHKO Clause: OHKO moves are banned\n|rule|Evasion Moves Clause: Evasion moves are banned\n|rule|Evasion Items Clause: Evasion items are banned\n|rule|Species Clause: Limit one of each Pok\u00e9mon\n|rule|Sleep Clause Mod: Limit one foe put to sleep\n|rule|Mega Rayquaza Clause: You cannot mega evolve Rayquaza\n|clearpoke\n|poke|p1|Torterra, M|\n|poke|p1|Togekiss, F|\n|poke|p1|Ursaring, M|\n|poke|p1|Jirachi|\n|poke|p1|Feraligatr, M|\n|poke|p1|Spiritomb, M|\n|poke|p2|Aegislash, M|\n|poke|p2|Greninja-*, M|\n|poke|p2|Eternatus|\n|poke|p2|Talonflame, F|\n|poke|p2|Raichu-Alola, F|\n|poke|p2|Mr. Rime, F|\n|teampreview\n|inactive|Battle timer is ON: inactive players will automatically lose when time's up. (requested by Jajzuuauauaua)\n|\n|t:|1699798541\n|start\n|switch|p1a: Torterra|Torterra, M, shiny|100\/100\n|switch|p2a: Greninja|Greninja, M|100\/100\n|turn|1\n|\n|t:|1699798550\n|switch|p2a: Talonflame|Talonflame, F|100\/100\n|move|p1a: Torterra|Wood Hammer|p2a: Talonflame\n|-resisted|p2a: Talonflame\n|-damage|p2a: Talonflame|81\/100\n|-status|p1a: Torterra|brn|[from] ability: Flame Body|[of] p2a: Talonflame\n|-damage|p1a: Torterra|95\/100 brn|[from] Recoil\n|\n|-heal|p1a: Torterra|100\/100 brn|[from] item: Leftovers\n|-damage|p1a: Torterra|94\/100 brn|[from] brn\n|upkeep\n|turn|2\n|\n|t:|1699798561\n|move|p2a: Talonflame|Heat Wave|p1a: Torterra\n|-supereffective|p1a: Torterra\n|-damage|p1a: Torterra|18\/100 brn\n|move|p1a: Torterra|Stone Edge|p2a: Talonflame\n|-supereffective|p2a: Talonflame\n|-damage|p2a: Talonflame|0 fnt\n|faint|p2a: Talonflame\n|\n|-heal|p1a: Torterra|24\/100 brn|[from] item: Leftovers\n|-damage|p1a: Torterra|18\/100 brn|[from] brn\n|upkeep\n|\n|t:|1699798577\n|switch|p2a: Aegislash|Aegislash, M|100\/100\n|turn|3\n|\n|t:|1699798579\n|-formechange|p2a: Aegislash|Aegislash-Blade||[from] ability: Stance Change\n|move|p2a: Aegislash|Sacred Sword|p1a: Torterra\n|-damage|p1a: Torterra|0 fnt\n|faint|p1a: Torterra\n|\n|upkeep\n|\n|t:|1699798590\n|switch|p1a: Feraligatr|Feraligatr, M, shiny|100\/100\n|turn|4\n|\n|t:|1699798599\n|move|p1a: Feraligatr|Dragon Dance|p1a: Feraligatr\n|-boost|p1a: Feraligatr|atk|1\n|-boost|p1a: Feraligatr|spe|1\n|move|p2a: Aegislash|Sacred Sword|p1a: Feraligatr\n|-damage|p1a: Feraligatr|56\/100\n|\n|upkeep\n|turn|5\n|\n|t:|1699798607\n|move|p1a: Feraligatr|Earthquake|p2a: Aegislash\n|-supereffective|p2a: Aegislash\n|-damage|p2a: Aegislash|0 fnt\n|faint|p2a: Aegislash\n|-damage|p1a: Feraligatr|46\/100|[from] item: Life Orb\n|\n|upkeep\n|\n|t:|1699798627\n|switch|p2a: Mr. Rime|Mr. Rime, F|100\/100\n|turn|6\n|\n|t:|1699798636\n|move|p1a: Feraligatr|Waterfall|p2a: Mr. Rime\n|-damage|p2a: Mr. Rime|19\/100\n|-damage|p1a: Feraligatr|37\/100|[from] item: Life Orb\n|move|p2a: Mr. Rime|Shadow Ball|p1a: Feraligatr\n|-damage|p1a: Feraligatr|9\/100\n|\n|upkeep\n|turn|7\n|\n|t:|1699798647\n|switch|p2a: Raichu|Raichu-Alola, F|100\/100\n|move|p1a: Feraligatr|Earthquake|p2a: Raichu\n|-supereffective|p2a: Raichu\n|-damage|p2a: Raichu|0 fnt\n|faint|p2a: Raichu\n|-damage|p1a: Feraligatr|0 fnt|[from] item: Life Orb\n|faint|p1a: Feraligatr\n|\n|upkeep\n|\n|t:|1699798658\n|switch|p2a: Mr. Rime|Mr. Rime, F|19\/100\n|switch|p1a: Jirachi|Jirachi, shiny|100\/100\n|turn|8\n|\n|t:|1699798663\n|move|p1a: Jirachi|Meteor Mash|p2a: Mr. Rime|[miss]\n|-miss|p1a: Jirachi|p2a: Mr. Rime\n|move|p2a: Mr. Rime|Slack Off|p2a: Mr. Rime\n|-heal|p2a: Mr. Rime|69\/100\n|\n|upkeep\n|turn|9\n|\n|t:|1699798672\n|switch|p2a: Greninja|Greninja, M|100\/100\n|move|p1a: Jirachi|Meteor Mash|p2a: Greninja\n|-resisted|p2a: Greninja\n|-damage|p2a: Greninja|73\/100\n|-boost|p1a: Jirachi|atk|1\n|\n|upkeep\n|turn|10\n|\n|t:|1699798686\n|move|p1a: Jirachi|Meteor Mash|p2a: Greninja|[miss]\n|-miss|p1a: Jirachi|p2a: Greninja\n|move|p2a: Greninja|Dark Pulse|p1a: Jirachi\n|-supereffective|p1a: Jirachi\n|-damage|p1a: Jirachi|42\/100\n|\n|upkeep\n|turn|11\n|\n|t:|1699798693\n|move|p1a: Jirachi|Meteor Mash|p2a: Greninja\n|-resisted|p2a: Greninja\n|-damage|p2a: Greninja|37\/100\n|move|p2a: Greninja|Dark Pulse|p1a: Jirachi\n|-supereffective|p1a: Jirachi\n|-damage|p1a: Jirachi|0 fnt\n|faint|p1a: Jirachi\n|-ability|p2a: Greninja|Battle Bond|boost\n|-boost|p2a: Greninja|atk|1\n|-boost|p2a: Greninja|spa|1\n|-boost|p2a: Greninja|spe|1\n|-activate|p2a: Greninja|ability: Battle Bond\n|\n|upkeep\n|\n|t:|1699798703\n|switch|p1a: Spiritomb|Spiritomb, M, shiny|100\/100\n|-ability|p1a: Spiritomb|Pressure\n|turn|12\n|\n|t:|1699798716\n|-terastallize|p1a: Spiritomb|Fairy\n|move|p2a: Greninja|Dark Pulse|p1a: Spiritomb\n|-resisted|p1a: Spiritomb\n|-damage|p1a: Spiritomb|82\/100\n|cant|p1a: Spiritomb|flinch\n|\n|-heal|p1a: Spiritomb|88\/100|[from] item: Leftovers\n|upkeep\n|turn|13\n|\n|t:|1699798729\n|move|p2a: Greninja|Gunk Shot|p1a: Spiritomb\n|-supereffective|p1a: Spiritomb\n|-damage|p1a: Spiritomb|0 fnt\n|faint|p1a: Spiritomb\n|\n|upkeep\n|\n|t:|1699798731\n|switch|p1a: Ursaring|Ursaring, M|100\/100\n|turn|14\n|\n|t:|1699798736\n|move|p2a: Greninja|Gunk Shot|p1a: Ursaring\n|-damage|p1a: Ursaring|51\/100\n|-status|p1a: Ursaring|psn\n|move|p1a: Ursaring|Earthquake|p2a: Greninja\n|-damage|p2a: Greninja|0 fnt\n|faint|p2a: Greninja\n|\n|-damage|p1a: Ursaring|38\/100 psn|[from] psn\n|upkeep\n|\n|t:|1699798745\n|switch|p2a: Eternatus|Eternatus|100\/100\n|-ability|p2a: Eternatus|Pressure\n|turn|15\n|\n|t:|1699798750\n|move|p2a: Eternatus|Sludge Bomb|p1a: Ursaring\n|-crit|p1a: Ursaring\n|-damage|p1a: Ursaring|0 fnt\n|faint|p1a: Ursaring\n|\n|upkeep\n|\n|t:|1699798752\n|switch|p1a: Togekiss|Togekiss, F|100\/100\n|turn|16\n|\n|t:|1699798759\n|move|p1a: Togekiss|Air Slash|p2a: Eternatus\n|-damage|p2a: Eternatus|73\/100\n|cant|p2a: Eternatus|flinch\n|\n|-heal|p2a: Eternatus|79\/100|[from] item: Black Sludge\n|upkeep\n|turn|17\n|\n|t:|1699798765\n|move|p1a: Togekiss|Air Slash|p2a: Eternatus\n|-damage|p2a: Eternatus|52\/100\n|move|p2a: Eternatus|Dynamax Cannon|p1a: Togekiss\n|-immune|p1a: Togekiss\n|\n|-heal|p2a: Eternatus|58\/100|[from] item: Black Sludge\n|upkeep\n|turn|18\n|\n|t:|1699798776\n|move|p1a: Togekiss|Air Slash|p2a: Eternatus\n|-damage|p2a: Eternatus|31\/100\n|move|p2a: Eternatus|Flamethrower|p1a: Togekiss\n|-damage|p1a: Togekiss|73\/100\n|\n|-heal|p2a: Eternatus|37\/100|[from] item: Black Sludge\n|upkeep\n|turn|19\n|\n|t:|1699798783\n|switch|p2a: Mr. Rime|Mr. Rime, F|69\/100\n|move|p1a: Togekiss|Air Slash|p2a: Mr. Rime\n|-damage|p2a: Mr. Rime|29\/100\n|\n|upkeep\n|turn|20\n|\n|t:|1699798788\n|move|p1a: Togekiss|Air Slash|p2a: Mr. Rime\n|-damage|p2a: Mr. Rime|0 fnt\n|faint|p2a: Mr. Rime\n|\n|upkeep\n|\n|t:|1699798793\n|switch|p2a: Eternatus|Eternatus|37\/100\n|-ability|p2a: Eternatus|Pressure\n|turn|21\n|\n|t:|1699798800\n|move|p1a: Togekiss|Air Slash|p2a: Eternatus\n|-crit|p2a: Eternatus\n|-damage|p2a: Eternatus|0 fnt\n|faint|p2a: Eternatus\n|\n|win|Jajzuuauauaua\n|raw|Jajzuuauauaua's rating: 1090 &rarr; <strong>1110<\/strong><br \/>(+20 for winning)\n|raw|Mini_786's rating: 1005 &rarr; <strong>1000<\/strong><br \/>(-5 for losing)\n|l|\u2606Mini_786\n","uploadtime":1699798806,"views":4,"p1id":"jajzuuauauaua","p2id":"mini786","formatid":"gen9nationaldexubers","rating":1000,"private":0,"password":""}