{"id":"gen9nationaldexubers-1979190940","p1":"07aint","p2":"von1233","format":"[Gen 9] National Dex Ubers","log":"|j|\u260607aint\n|j|\u2606von1233\n|t:|1698647932\n|gametype|singles\n|player|p1|07aint|silver-gen2|\n|player|p2|von1233|265|\n|teamsize|p1|6\n|teamsize|p2|6\n|gen|9\n|tier|[Gen 9] National Dex Ubers\n|rule|HP Percentage Mod: HP is shown in percentages\n|rule|Endless Battle Clause: Forcing endless battles is banned\n|rule|OHKO Clause: OHKO moves are banned\n|rule|Evasion Moves Clause: Evasion moves are banned\n|rule|Evasion Items Clause: Evasion items are banned\n|rule|Species Clause: Limit one of each Pok\u00e9mon\n|rule|Sleep Clause Mod: Limit one foe put to sleep\n|rule|Mega Rayquaza Clause: You cannot mega evolve Rayquaza\n|clearpoke\n|poke|p1|Tapu Lele|\n|poke|p1|Metagross|\n|poke|p1|Landorus-Therian, M|\n|poke|p1|Blissey, F|\n|poke|p1|Rotom-Wash|\n|poke|p1|Grimmsnarl, M|\n|poke|p2|Snorlax, F|\n|poke|p2|Dragapult, M|\n|poke|p2|Mawile, F|\n|poke|p2|Zapdos|\n|poke|p2|Landorus-Therian, M|\n|poke|p2|Bisharp, F|\n|teampreview\n|inactive|Battle timer is ON: inactive players will automatically lose when time's up. (requested by 07aint)\n|\n|t:|1698647958\n|start\n|switch|p1a: Grimace|Grimmsnarl, M|100\/100\n|switch|p2a: Mawile|Mawile, F|100\/100\n|-ability|p2a: Mawile|Intimidate|boost\n|-unboost|p1a: Grimace|atk|1\n|turn|1\n|\n|t:|1698647972\n|move|p1a: Grimace|Parting Shot|p2a: Mawile\n|-unboost|p2a: Mawile|atk|1\n|-unboost|p2a: Mawile|spa|1\n|\n|t:|1698647975\n|switch|p1a: Australia|Landorus-Therian, M|100\/100|[from] Parting Shot\n|-ability|p1a: Australia|Intimidate|boost\n|-unboost|p2a: Mawile|atk|1\n|move|p2a: Mawile|Swords Dance|p2a: Mawile\n|-boost|p2a: Mawile|atk|2\n|\n|upkeep\n|turn|2\n|\n|t:|1698647984\n|move|p2a: Mawile|Sucker Punch|p1a: Australia\n|-damage|p1a: Australia|85\/100\n|-damage|p2a: Mawile|84\/100|[from] item: Rocky Helmet|[of] p1a: Australia\n|move|p1a: Australia|Earthquake|p2a: Mawile\n|-supereffective|p2a: Mawile\n|-crit|p2a: Mawile\n|-damage|p2a: Mawile|0 fnt\n|faint|p2a: Mawile\n|\n|upkeep\n|\n|t:|1698647996\n|switch|p2a: Zapdos|Zapdos|100\/100\n|turn|3\n|\n|t:|1698648006\n|move|p2a: Zapdos|Hurricane|p1a: Australia\n|-damage|p1a: Australia|34\/100\n|move|p1a: Australia|Toxic|p2a: Zapdos\n|-status|p2a: Zapdos|tox\n|\n|-damage|p2a: Zapdos|94\/100 tox|[from] psn\n|upkeep\n|turn|4\n|\n|t:|1698648024\n|switch|p1a: Grimace|Grimmsnarl, M|100\/100\n|move|p2a: Zapdos|Hurricane|p1a: Grimace\n|-damage|p1a: Grimace|64\/100\n|\n|-damage|p2a: Zapdos|82\/100 tox|[from] psn\n|upkeep\n|turn|5\n|\n|t:|1698648034\n|move|p2a: Zapdos|Volt Switch|p1a: Grimace\n|-damage|p1a: Grimace|41\/100\n|\n|t:|1698648039\n|switch|p2a: Bisharp|Bisharp, F|100\/100|[from] Volt Switch\n|move|p1a: Grimace|Spirit Break|p2a: Bisharp\n|-damage|p2a: Bisharp|62\/100\n|-unboost|p2a: Bisharp|spa|1\n|-ability|p2a: Bisharp|Defiant|boost\n|-boost|p2a: Bisharp|atk|2\n|\n|upkeep\n|turn|6\n|\n|t:|1698648055\n|switch|p1a: Australia|Landorus-Therian, M|34\/100\n|-ability|p1a: Australia|Intimidate|boost\n|-unboost|p2a: Bisharp|atk|1\n|-ability|p2a: Bisharp|Defiant|boost\n|-boost|p2a: Bisharp|atk|2\n|move|p2a: Bisharp|Knock Off|p1a: Australia\n|-damage|p1a: Australia|0 fnt\n|-damage|p2a: Bisharp|46\/100|[from] item: Rocky Helmet|[of] p1a: Australia\n|-enditem|p1a: Australia|Rocky Helmet|[from] move: Knock Off|[of] p2a: Bisharp\n|faint|p1a: Australia\n|-damage|p2a: Bisharp|36\/100|[from] item: Life Orb\n|\n|upkeep\n|inactive|07aint has 270 seconds left.\n|\n|t:|1698648075\n|switch|p1a: Stevie|Metagross, shiny|100\/100\n|turn|7\n|\n|t:|1698648083\n|detailschange|p1a: Stevie|Metagross-Mega, shiny\n|-mega|p1a: Stevie|Metagross|Metagrossite\n|move|p1a: Stevie|Bullet Punch|p2a: Bisharp\n|-resisted|p2a: Bisharp\n|-damage|p2a: Bisharp|20\/100\n|move|p2a: Bisharp|Sucker Punch||[still]\n|-fail|p2a: Bisharp\n|\n|upkeep\n|turn|8\n|\n|t:|1698648094\n|move|p1a: Stevie|Bullet Punch|p2a: Bisharp\n|-resisted|p2a: Bisharp\n|-damage|p2a: Bisharp|3\/100\n|move|p2a: Bisharp|Knock Off|p1a: Stevie\n|-supereffective|p1a: Stevie\n|-damage|p1a: Stevie|0 fnt\n|faint|p1a: Stevie\n|-damage|p2a: Bisharp|0 fnt|[from] item: Life Orb\n|faint|p2a: Bisharp\n|\n|upkeep\n|\n|t:|1698648107\n|switch|p1a: Grimace|Grimmsnarl, M|41\/100\n|switch|p2a: Landorus|Landorus-Therian, M|100\/100\n|-ability|p2a: Landorus|Intimidate|boost\n|-unboost|p1a: Grimace|atk|1\n|turn|9\n|\n|t:|1698648116\n|move|p1a: Grimace|Parting Shot|p2a: Landorus\n|-unboost|p2a: Landorus|atk|1\n|-unboost|p2a: Landorus|spa|1\n|\n|t:|1698648119\n|switch|p1a: StepSisinator|Rotom-Wash, shiny|100\/100|[from] Parting Shot\n|move|p2a: Landorus|Hidden Power|p1a: StepSisinator\n|-resisted|p1a: StepSisinator\n|-damage|p1a: StepSisinator|96\/100\n|\n|-heal|p1a: StepSisinator|100\/100|[from] item: Leftovers\n|upkeep\n|turn|10\n|\n|t:|1698648131\n|move|p2a: Landorus|Stealth Rock|p1a: StepSisinator\n|-sidestart|p1: 07aint|move: Stealth Rock\n|move|p1a: StepSisinator|Hydro Pump|p2a: Landorus\n|-supereffective|p2a: Landorus\n|-damage|p2a: Landorus|9\/100\n|\n|upkeep\n|turn|11\n|\n|t:|1698648137\n|move|p2a: Landorus|U-turn|p1a: StepSisinator\n|-damage|p1a: StepSisinator|88\/100\n|\n|t:|1698648141\n|switch|p2a: Snorlax|Snorlax, F|100\/100|[from] U-turn\n|move|p1a: StepSisinator|Defog|p2a: Snorlax\n|-unboost|p2a: Snorlax|evasion|1\n|-sideend|p1: 07aint|Stealth Rock|[from] move: Defog|[of] p1a: StepSisinator\n|\n|-heal|p1a: StepSisinator|94\/100|[from] item: Leftovers\n|upkeep\n|turn|12\n|\n|t:|1698648152\n|move|p1a: StepSisinator|Will-O-Wisp|p2a: Snorlax\n|-status|p2a: Snorlax|brn\n|move|p2a: Snorlax|Curse|p2a: Snorlax\n|-unboost|p2a: Snorlax|spe|1\n|-boost|p2a: Snorlax|atk|1\n|-boost|p2a: Snorlax|def|1\n|\n|-heal|p1a: StepSisinator|99\/100|[from] item: Leftovers\n|-damage|p2a: Snorlax|94\/100 brn|[from] brn\n|upkeep\n|turn|13\n|\n|t:|1698648168\n|move|p1a: StepSisinator|Hydro Pump|p2a: Snorlax\n|-damage|p2a: Snorlax|76\/100 brn\n|move|p2a: Snorlax|Curse|p2a: Snorlax\n|-unboost|p2a: Snorlax|spe|1\n|-boost|p2a: Snorlax|atk|1\n|-boost|p2a: Snorlax|def|1\n|\n|-heal|p1a: StepSisinator|100\/100|[from] item: Leftovers\n|-heal|p2a: Snorlax|82\/100 brn|[from] item: Leftovers\n|-damage|p2a: Snorlax|76\/100 brn|[from] brn\n|upkeep\n|turn|14\n|\n|t:|1698648181\n|move|p1a: StepSisinator|Volt Switch|p2a: Snorlax\n|-damage|p2a: Snorlax|63\/100 brn\n|\n|t:|1698648184\n|switch|p1a: lol|Tapu Lele, shiny|100\/100|[from] Volt Switch\n|-fieldstart|move: Psychic Terrain|[from] ability: Psychic Surge|[of] p1a: lol\n|move|p2a: Snorlax|Frustration|p1a: lol\n|-damage|p1a: lol|38\/100\n|\n|-heal|p2a: Snorlax|69\/100 brn|[from] item: Leftovers\n|-damage|p2a: Snorlax|63\/100 brn|[from] brn\n|upkeep\n|turn|15\n|\n|t:|1698648198\n|move|p1a: lol|Focus Blast|p2a: Snorlax\n|-supereffective|p2a: Snorlax\n|-damage|p2a: Snorlax|2\/100 brn\n|move|p2a: Snorlax|Curse|p2a: Snorlax\n|-unboost|p2a: Snorlax|spe|1\n|-boost|p2a: Snorlax|atk|1\n|-boost|p2a: Snorlax|def|1\n|\n|-heal|p2a: Snorlax|8\/100 brn|[from] item: Leftovers\n|-damage|p2a: Snorlax|2\/100 brn|[from] brn\n|upkeep\n|turn|16\n|\n|t:|1698648212\n|switch|p1a: StepSisinator|Rotom-Wash, shiny|100\/100\n|move|p2a: Snorlax|Rest|p2a: Snorlax\n|-status|p2a: Snorlax|slp|[from] move: Rest\n|-heal|p2a: Snorlax|100\/100 slp|[silent]\n|\n|upkeep\n|turn|17\n|\n|t:|1698648221\n|move|p1a: StepSisinator|Volt Switch|p2a: Snorlax\n|-damage|p2a: Snorlax|88\/100 slp\n|\n|t:|1698648225\n|switch|p1a: lol|Tapu Lele, shiny|38\/100|[from] Volt Switch\n|cant|p2a: Snorlax|slp\n|move|p2a: Snorlax|Sleep Talk|p2a: Snorlax\n|move|p2a: Snorlax|Rest||[from]move: Sleep Talk|[still]\n|-fail|p2a: Snorlax\n|\n|-heal|p2a: Snorlax|94\/100 slp|[from] item: Leftovers\n|upkeep\n|turn|18\n|\n|t:|1698648237\n|move|p1a: lol|Focus Blast|p2a: Snorlax\n|-supereffective|p2a: Snorlax\n|-damage|p2a: Snorlax|30\/100 slp\n|cant|p2a: Snorlax|slp\n|move|p2a: Snorlax|Sleep Talk|p2a: Snorlax\n|move|p2a: Snorlax|Frustration|p1a: lol|[from]move: Sleep Talk\n|-damage|p1a: lol|0 fnt\n|faint|p1a: lol\n|\n|-heal|p2a: Snorlax|36\/100 slp|[from] item: Leftovers\n|-fieldend|move: Psychic Terrain\n|upkeep\n|\n|t:|1698648252\n|switch|p1a: Blessed|Blissey, F|100\/100\n|turn|19\n|\n|t:|1698648266\n|move|p1a: Blessed|Seismic Toss|p2a: Snorlax\n|-damage|p2a: Snorlax|16\/100 slp\n|-curestatus|p2a: Snorlax|slp|[msg]\n|move|p2a: Snorlax|Rest|p2a: Snorlax\n|-status|p2a: Snorlax|slp|[from] move: Rest\n|-heal|p2a: Snorlax|100\/100 slp|[silent]\n|\n|upkeep\n|turn|20\n|c|\u260607aint|god damn that\u2019s annoying\n|c|\u2606von1233|ikr\n|inactive|07aint has 270 seconds left.\n|inactive|07aint has 240 seconds left.\n|\n|t:|1698648339\n|move|p1a: Blessed|Toxic||[still]\n|-fail|p1a: Blessed\n|cant|p2a: Snorlax|slp\n|move|p2a: Snorlax|Sleep Talk|p2a: Snorlax\n|move|p2a: Snorlax|Curse|p2a: Snorlax|[from]move: Sleep Talk\n|-unboost|p2a: Snorlax|spe|1\n|-boost|p2a: Snorlax|atk|1\n|-boost|p2a: Snorlax|def|1\n|\n|upkeep\n|turn|21\n|\n|t:|1698648351\n|move|p1a: Blessed|Seismic Toss|p2a: Snorlax\n|-damage|p2a: Snorlax|81\/100 slp\n|cant|p2a: Snorlax|slp\n|move|p2a: Snorlax|Sleep Talk|p2a: Snorlax\n|move|p2a: Snorlax|Rest||[from]move: Sleep Talk|[still]\n|-fail|p2a: Snorlax\n|\n|-heal|p2a: Snorlax|87\/100 slp|[from] item: Leftovers\n|upkeep\n|turn|22\n|\n|t:|1698648362\n|move|p1a: Blessed|Seismic Toss|p2a: Snorlax\n|-damage|p2a: Snorlax|67\/100 slp\n|-curestatus|p2a: Snorlax|slp|[msg]\n|move|p2a: Snorlax|Curse|p2a: Snorlax\n|-unboost|p2a: Snorlax|spe|1\n|-boost|p2a: Snorlax|atk|1\n|-boost|p2a: Snorlax|def|1\n|\n|-heal|p2a: Snorlax|73\/100|[from] item: Leftovers\n|upkeep\n|turn|23\n|\n|t:|1698648372\n|move|p1a: Blessed|Toxic|p2a: Snorlax\n|-status|p2a: Snorlax|tox\n|move|p2a: Snorlax|Curse|p2a: Snorlax\n|-unboost|p2a: Snorlax|spe|1\n|-boost|p2a: Snorlax|atk|1\n|-boost|p2a: Snorlax|def|1\n|\n|-heal|p2a: Snorlax|79\/100 tox|[from] item: Leftovers\n|-damage|p2a: Snorlax|73\/100 tox|[from] psn\n|upkeep\n|turn|24\n|\n|t:|1698648383\n|move|p1a: Blessed|Seismic Toss|p2a: Snorlax\n|-damage|p2a: Snorlax|54\/100 tox\n|move|p2a: Snorlax|Frustration|p1a: Blessed\n|-damage|p1a: Blessed|0 fnt\n|faint|p1a: Blessed\n|\n|-heal|p2a: Snorlax|60\/100 tox|[from] item: Leftovers\n|-damage|p2a: Snorlax|48\/100 tox|[from] psn\n|upkeep\n|\n|t:|1698648394\n|switch|p1a: Grimace|Grimmsnarl, M|41\/100\n|turn|25\n|\n|t:|1698648398\n|move|p1a: Grimace|Taunt|p2a: Snorlax\n|-start|p2a: Snorlax|move: Taunt\n|cant|p2a: Snorlax|move: Taunt|Rest\n|\n|-heal|p2a: Snorlax|54\/100 tox|[from] item: Leftovers\n|-damage|p2a: Snorlax|35\/100 tox|[from] psn\n|upkeep\n|turn|26\n|\n|t:|1698648407\n|move|p1a: Grimace|Spirit Break|p2a: Snorlax\n|-damage|p2a: Snorlax|29\/100 tox\n|-unboost|p2a: Snorlax|spa|1\n|move|p2a: Snorlax|Frustration|p1a: Grimace\n|-damage|p1a: Grimace|0 fnt\n|faint|p1a: Grimace\n|\n|-heal|p2a: Snorlax|35\/100 tox|[from] item: Leftovers\n|-damage|p2a: Snorlax|10\/100 tox|[from] psn\n|upkeep\n|\n|t:|1698648419\n|switch|p1a: StepSisinator|Rotom-Wash, shiny|100\/100\n|turn|27\n|\n|t:|1698648424\n|-terastallize|p2a: Snorlax|Normal\n|move|p1a: StepSisinator|Hydro Pump|p2a: Snorlax\n|-damage|p2a: Snorlax|0 fnt\n|faint|p2a: Snorlax\n|\n|upkeep\n|\n|t:|1698648432\n|switch|p2a: Dragapult|Dragapult, M, shiny|100\/100\n|turn|28\n|\n|t:|1698648442\n|move|p2a: Dragapult|Dragon Dance|p2a: Dragapult\n|-boost|p2a: Dragapult|atk|1\n|-boost|p2a: Dragapult|spe|1\n|move|p1a: StepSisinator|Will-O-Wisp|p2a: Dragapult\n|-status|p2a: Dragapult|brn\n|\n|-damage|p2a: Dragapult|95\/100 brn|[from] brn\n|upkeep\n|turn|29\n|\n|t:|1698648451\n|move|p2a: Dragapult|Dragon Darts|p1a: StepSisinator\n|-damage|p1a: StepSisinator|81\/100\n|-anim|p2a: Dragapult|Dragon Darts|p1a: StepSisinator\n|-damage|p1a: StepSisinator|60\/100\n|-damage|p2a: Dragapult|85\/100 brn|[from] item: Life Orb\n|move|p1a: StepSisinator|Hydro Pump|p2a: Dragapult|[miss]\n|-miss|p1a: StepSisinator|p2a: Dragapult\n|\n|-heal|p1a: StepSisinator|66\/100|[from] item: Leftovers\n|-damage|p2a: Dragapult|79\/100 brn|[from] brn\n|upkeep\n|turn|30\n|\n|t:|1698648463\n|move|p2a: Dragapult|Dragon Darts|p1a: StepSisinator\n|-damage|p1a: StepSisinator|44\/100\n|-anim|p2a: Dragapult|Dragon Darts|p1a: StepSisinator\n|-damage|p1a: StepSisinator|23\/100\n|-damage|p2a: Dragapult|69\/100 brn|[from] item: Life Orb\n|move|p1a: StepSisinator|Hydro Pump|p2a: Dragapult\n|-resisted|p2a: Dragapult\n|-damage|p2a: Dragapult|43\/100 brn\n|\n|-heal|p1a: StepSisinator|29\/100|[from] item: Leftovers\n|-damage|p2a: Dragapult|37\/100 brn|[from] brn\n|upkeep\n|turn|31\n|\n|t:|1698648475\n|-terastallize|p1a: StepSisinator|Electric\n|move|p2a: Dragapult|Phantom Force||[still]\n|-prepare|p2a: Dragapult|Phantom Force\n|move|p1a: StepSisinator|Volt Switch|p2a: Dragapult|[miss]\n|-miss|p1a: StepSisinator|p2a: Dragapult\n|\n|-heal|p1a: StepSisinator|35\/100|[from] item: Leftovers\n|-damage|p2a: Dragapult|31\/100 brn|[from] brn\n|upkeep\n|turn|32\n|\n|t:|1698648485\n|move|p2a: Dragapult|Phantom Force|p1a: StepSisinator|[from]lockedmove\n|-damage|p1a: StepSisinator|0 fnt\n|faint|p1a: StepSisinator\n|-damage|p2a: Dragapult|21\/100 brn|[from] item: Life Orb\n|\n|win|von1233\n|l|\u260607aint\n|c|\u2606von1233|ggs\n","uploadtime":1698648498,"views":9,"p1id":"07aint","p2id":"von1233","formatid":"gen9nationaldexubers","rating":0,"private":0,"password":""}