{"id":"gen9nationaldexubers-1980299305","p1":"noobashell","p2":"siiuubangal","format":"[Gen 9] National Dex Ubers","log":"|j|\u2606noobashell\n|j|\u2606siiuubangal\n|t:|1698773436\n|gametype|singles\n|player|p1|noobashell|2|\n|player|p2|siiuubangal|beauty-gen4dp|\n|teamsize|p1|6\n|teamsize|p2|6\n|gen|9\n|tier|[Gen 9] National Dex Ubers\n|rule|HP Percentage Mod: HP is shown in percentages\n|rule|Endless Battle Clause: Forcing endless battles is banned\n|rule|OHKO Clause: OHKO moves are banned\n|rule|Evasion Moves Clause: Evasion moves are banned\n|rule|Evasion Items Clause: Evasion items are banned\n|rule|Species Clause: Limit one of each Pok\u00e9mon\n|rule|Sleep Clause Mod: Limit one foe put to sleep\n|rule|Mega Rayquaza Clause: You cannot mega evolve Rayquaza\n|clearpoke\n|poke|p1|Eternatus|\n|poke|p1|Marshadow|\n|poke|p1|Necrozma-Dusk-Mane|\n|poke|p1|Dragapult, F|\n|poke|p1|Zacian-*|\n|poke|p1|Groudon|\n|poke|p2|Kyogre|\n|poke|p2|Eternatus|\n|poke|p2|Mewtwo|\n|poke|p2|Dragapult, M|\n|poke|p2|Zacian-*|\n|poke|p2|Marshadow|\n|teampreview\n|\n|t:|1698773504\n|start\n|switch|p1a: Marshadow|Marshadow|100\/100\n|switch|p2a: Dragapult|Dragapult, M|100\/100\n|turn|1\n|\n|t:|1698773520\n|move|p2a: Dragapult|Dragon Dance|p2a: Dragapult\n|-boost|p2a: Dragapult|atk|1\n|-boost|p2a: Dragapult|spe|1\n|move|p1a: Marshadow|Spectral Thief||[still]\n|-clearpositiveboost|p2a: Dragapult|p1a: Marshadow|move: Spectral Thief\n|-boost|p1a: Marshadow|atk|1\n|-boost|p1a: Marshadow|spe|1\n|-anim|p1a: Marshadow|Spectral Thief|p2a: Dragapult\n|-supereffective|p2a: Dragapult\n|-enditem|p2a: Dragapult|Focus Sash\n|-damage|p2a: Dragapult|1\/100\n|\n|upkeep\n|turn|2\n|\n|t:|1698773540\n|move|p1a: Marshadow|Close Combat|p2a: Dragapult\n|-immune|p2a: Dragapult\n|move|p2a: Dragapult|Dragon Darts|p1a: Marshadow\n|-damage|p1a: Marshadow|73\/100\n|-anim|p2a: Dragapult|Dragon Darts|p1a: Marshadow\n|-damage|p1a: Marshadow|45\/100\n|\n|upkeep\n|turn|3\n|\n|t:|1698773551\n|move|p1a: Marshadow|Shadow Sneak|p2a: Dragapult\n|-supereffective|p2a: Dragapult\n|-damage|p2a: Dragapult|0 fnt\n|faint|p2a: Dragapult\n|\n|upkeep\n|\n|t:|1698773557\n|switch|p2a: Marshadow|Marshadow|100\/100\n|turn|4\n|\n|t:|1698773570\n|-zpower|p1a: Marshadow\n|move|p1a: Marshadow|Soul-Stealing 7-Star Strike|p2a: Marshadow|[zeffect]\n|-supereffective|p2a: Marshadow\n|-enditem|p2a: Marshadow|Focus Sash\n|-damage|p2a: Marshadow|1\/100\n|move|p2a: Marshadow|Foul Play|p1a: Marshadow\n|-damage|p1a: Marshadow|0 fnt\n|faint|p1a: Marshadow\n|\n|upkeep\n|\n|t:|1698773585\n|switch|p1a: Dragapult|Dragapult, F|100\/100\n|turn|5\n|\n|t:|1698773590\n|move|p2a: Marshadow|Shadow Sneak|p1a: Dragapult\n|-supereffective|p1a: Dragapult\n|-damage|p1a: Dragapult|24\/100\n|move|p1a: Dragapult|Phantom Force||[still]\n|-prepare|p1a: Dragapult|Phantom Force\n|\n|upkeep\n|turn|6\n|\n|t:|1698773606\n|switch|p2a: Zacian|Zacian-Crowned|100\/100\n|-ability|p2a: Zacian|Intrepid Sword|boost\n|-boost|p2a: Zacian|atk|1\n|move|p1a: Dragapult|Phantom Force|p2a: Zacian|[from]lockedmove\n|-damage|p2a: Zacian|67\/100\n|\n|upkeep\n|turn|7\n|\n|t:|1698773622\n|move|p2a: Zacian|Play Rough|p1a: Dragapult\n|-supereffective|p1a: Dragapult\n|-damage|p1a: Dragapult|0 fnt\n|faint|p1a: Dragapult\n|\n|upkeep\n|\n|t:|1698773627\n|switch|p1a: Zacian|Zacian-Crowned|100\/100\n|-ability|p1a: Zacian|Intrepid Sword|boost\n|-boost|p1a: Zacian|atk|1\n|turn|8\n|\n|t:|1698773638\n|-terastallize|p2a: Zacian|Fairy\n|move|p2a: Zacian|Close Combat|p1a: Zacian\n|-damage|p1a: Zacian|52\/100\n|-unboost|p2a: Zacian|def|1\n|-unboost|p2a: Zacian|spd|1\n|move|p1a: Zacian|Close Combat|p2a: Zacian\n|-resisted|p2a: Zacian\n|-damage|p2a: Zacian|22\/100\n|-unboost|p1a: Zacian|def|1\n|-unboost|p1a: Zacian|spd|1\n|\n|upkeep\n|turn|9\n|\n|t:|1698773652\n|move|p2a: Zacian|Close Combat|p1a: Zacian\n|-damage|p1a: Zacian|0 fnt\n|-unboost|p2a: Zacian|def|1\n|-unboost|p2a: Zacian|spd|1\n|faint|p1a: Zacian\n|\n|upkeep\n|\n|t:|1698773656\n|switch|p1a: Necrozma|Necrozma-Dusk-Mane|100\/100\n|turn|10\n|\n|t:|1698773668\n|move|p2a: Zacian|Close Combat|p1a: Necrozma\n|-damage|p1a: Necrozma|58\/100\n|-unboost|p2a: Zacian|def|1\n|-unboost|p2a: Zacian|spd|1\n|move|p1a: Necrozma|Sunsteel Strike|p2a: Zacian\n|-supereffective|p2a: Zacian\n|-damage|p2a: Zacian|0 fnt\n|faint|p2a: Zacian\n|\n|upkeep\n|\n|t:|1698773687\n|switch|p2a: Kyogre|Kyogre|100\/100\n|detailschange|p2a: Kyogre|Kyogre-Primal\n|-primal|p2a: Kyogre|Blue Orb\n|-weather|PrimordialSea|[from] ability: Primordial Sea|[of] p2a: Kyogre\n|turn|11\n|\n|t:|1698773713\n|detailschange|p1a: Necrozma|Necrozma-Ultra\n|-burst|p1a: Necrozma|Necrozma|Ultranecrozium Z\n|move|p1a: Necrozma|Prismatic Laser|p2a: Kyogre\n|-damage|p2a: Kyogre|49\/100\n|-mustrecharge|p1a: Necrozma\n|move|p2a: Kyogre|Thunder|p1a: Necrozma\n|-resisted|p1a: Necrozma\n|-damage|p1a: Necrozma|35\/100\n|-status|p1a: Necrozma|par\n|\n|-weather|PrimordialSea|[upkeep]\n|upkeep\n|turn|12\n|\n|t:|1698773727\n|move|p2a: Kyogre|Ice Beam|p1a: Necrozma\n|-supereffective|p1a: Necrozma\n|-damage|p1a: Necrozma|0 fnt\n|faint|p1a: Necrozma\n|\n|-weather|PrimordialSea|[upkeep]\n|upkeep\n|\n|t:|1698773731\n|switch|p1a: Eternatus|Eternatus|100\/100\n|-ability|p1a: Eternatus|Pressure\n|turn|13\n|\n|t:|1698773738\n|-terastallize|p1a: Eternatus|Dark\n|move|p1a: Eternatus|Dynamax Cannon|p2a: Kyogre\n|-damage|p2a: Kyogre|13\/100\n|move|p2a: Kyogre|Ice Beam|p1a: Eternatus\n|-damage|p1a: Eternatus|73\/100\n|\n|-weather|PrimordialSea|[upkeep]\n|-heal|p1a: Eternatus|79\/100|[from] item: Leftovers\n|upkeep\n|turn|14\n|\n|t:|1698773754\n|move|p1a: Eternatus|Dynamax Cannon|p2a: Kyogre\n|-damage|p2a: Kyogre|0 fnt\n|faint|p2a: Kyogre\n|-weather|none\n|\n|-heal|p1a: Eternatus|85\/100|[from] item: Leftovers\n|upkeep\n|\n|t:|1698773763\n|switch|p2a: Marshadow|Marshadow|1\/100\n|turn|15\n|\n|t:|1698773770\n|move|p2a: Marshadow|Drain Punch|p1a: Eternatus\n|-supereffective|p1a: Eternatus\n|-damage|p1a: Eternatus|31\/100\n|-heal|p2a: Marshadow|38\/100|[from] drain|[of] p1a: Eternatus\n|move|p1a: Eternatus|Toxic|p2a: Marshadow\n|-status|p2a: Marshadow|tox\n|\n|-heal|p1a: Eternatus|37\/100|[from] item: Leftovers\n|-damage|p2a: Marshadow|32\/100 tox|[from] psn\n|upkeep\n|turn|16\n|\n|t:|1698773782\n|switch|p1a: Groudon|Groudon|100\/100\n|detailschange|p1a: Groudon|Groudon-Primal\n|-primal|p1a: Groudon|Red Orb\n|-weather|DesolateLand|[from] ability: Desolate Land|[of] p1a: Groudon\n|move|p2a: Marshadow|Drain Punch|p1a: Groudon\n|-damage|p1a: Groudon|78\/100\n|-heal|p2a: Marshadow|45\/100 tox|[from] drain|[of] p1a: Groudon\n|\n|-weather|DesolateLand|[upkeep]\n|-damage|p2a: Marshadow|32\/100 tox|[from] psn\n|upkeep\n|turn|17\n|\n|t:|1698773797\n|move|p2a: Marshadow|Foul Play|p1a: Groudon\n|-damage|p1a: Groudon|56\/100\n|move|p1a: Groudon|Earthquake|p2a: Marshadow\n|-damage|p2a: Marshadow|0 fnt\n|faint|p2a: Marshadow\n|\n|-weather|DesolateLand|[upkeep]\n|upkeep\n|\n|t:|1698773806\n|switch|p2a: Eternatus|Eternatus|100\/100\n|-ability|p2a: Eternatus|Pressure\n|-item|p2a: Eternatus|Air Balloon\n|turn|18\n|\n|t:|1698773813\n|move|p2a: Eternatus|Dynamax Cannon|p1a: Groudon\n|-damage|p1a: Groudon|2\/100\n|move|p1a: Groudon|Precipice Blades|p2a: Eternatus\n|-immune|p2a: Eternatus\n|\n|-weather|DesolateLand|[upkeep]\n|upkeep\n|turn|19\n|l|\u2606noobashell\n|player|p1|\n|j|\u2606noobashell\n|player|p1|noobashell|2\n|\n|t:|1698773853\n|move|p2a: Eternatus|Dynamax Cannon|p1a: Groudon\n|-damage|p1a: Groudon|0 fnt\n|faint|p1a: Groudon\n|-weather|none\n|\n|upkeep\n|\n|t:|1698773856\n|switch|p1a: Eternatus|Eternatus, tera:Dark|37\/100\n|-ability|p1a: Eternatus|Pressure\n|turn|20\n|\n|t:|1698773864\n|move|p2a: Eternatus|Dynamax Cannon|p1a: Eternatus\n|-damage|p1a: Eternatus|0 fnt\n|faint|p1a: Eternatus\n|\n|win|siiuubangal\n|l|\u2606noobashell\n","uploadtime":1698773873,"views":10,"p1id":"noobashell","p2id":"siiuubangal","formatid":"gen9nationaldexubers","rating":0,"private":0,"password":""}