{"id":"gen9nationaldexubers-1997337740","p1":"Koalakid842","p2":"Trainitar7","format":"[Gen 9] National Dex Ubers","log":"|j|\u2606Koalakid842\n|j|\u2606Trainitar7\n|t:|1700791193\n|gametype|singles\n|player|p1|Koalakid842|eusine|1005\n|player|p2|Trainitar7|ninjaboy|1142\n|teamsize|p1|6\n|teamsize|p2|6\n|gen|9\n|tier|[Gen 9] National Dex Ubers\n|rated|\n|rule|HP Percentage Mod: HP is shown in percentages\n|rule|Endless Battle Clause: Forcing endless battles is banned\n|rule|OHKO Clause: OHKO moves are banned\n|rule|Evasion Moves Clause: Evasion moves are banned\n|rule|Evasion Items Clause: Evasion items are banned\n|rule|Species Clause: Limit one of each Pok\u00e9mon\n|rule|Sleep Clause Mod: Limit one foe put to sleep\n|rule|Mega Rayquaza Clause: You cannot mega evolve Rayquaza\n|clearpoke\n|poke|p1|Goodra, M|\n|poke|p1|Greninja-*, M|\n|poke|p1|Armarouge, F|\n|poke|p1|Marshadow|\n|poke|p1|Lopunny, F|\n|poke|p1|Alcremie-Ruby-Swirl, F|\n|poke|p2|Xerneas-*|\n|poke|p2|Marshadow|\n|poke|p2|Groudon|\n|poke|p2|Deoxys-Speed|\n|poke|p2|Necrozma-Dusk-Mane|\n|poke|p2|Pheromosa|\n|teampreview\n|inactive|Battle timer is ON: inactive players will automatically lose when time's up. (requested by Trainitar7)\n|\n|t:|1700791203\n|start\n|switch|p1a: Greninja|Greninja, M|100\/100\n|switch|p2a: Deoxys|Deoxys-Speed, shiny|100\/100\n|-ability|p2a: Deoxys|Pressure\n|turn|1\n|\n|t:|1700791210\n|move|p2a: Deoxys|Stealth Rock|p1a: Greninja\n|-sidestart|p1: Koalakid842|move: Stealth Rock\n|move|p1a: Greninja|Night Slash|p2a: Deoxys\n|-supereffective|p2a: Deoxys\n|-damage|p2a: Deoxys|30\/100\n|-damage|p1a: Greninja|91\/100|[from] item: Life Orb\n|\n|upkeep\n|turn|2\n|\n|t:|1700791219\n|move|p2a: Deoxys|Spikes|p1a: Greninja\n|-sidestart|p1: Koalakid842|Spikes\n|move|p1a: Greninja|Night Slash|p2a: Deoxys\n|-supereffective|p2a: Deoxys\n|-damage|p2a: Deoxys|0 fnt\n|faint|p2a: Deoxys\n|-ability|p1a: Greninja|Battle Bond|boost\n|-boost|p1a: Greninja|atk|1\n|-boost|p1a: Greninja|spa|1\n|-boost|p1a: Greninja|spe|1\n|-activate|p1a: Greninja|ability: Battle Bond\n|-damage|p1a: Greninja|81\/100|[from] item: Life Orb\n|\n|upkeep\n|\n|t:|1700791233\n|switch|p2a: Marshadow|Marshadow|100\/100\n|turn|3\n|\n|t:|1700791241\n|move|p1a: Greninja|Night Slash|p2a: Marshadow\n|-damage|p2a: Marshadow|44\/100\n|-damage|p1a: Greninja|71\/100|[from] item: Life Orb\n|move|p2a: Marshadow|Spectral Thief||[still]\n|-clearpositiveboost|p1a: Greninja|p2a: Marshadow|move: Spectral Thief\n|-boost|p2a: Marshadow|atk|1\n|-boost|p2a: Marshadow|spa|1\n|-boost|p2a: Marshadow|spe|1\n|-anim|p2a: Marshadow|Spectral Thief|p1a: Greninja\n|-resisted|p1a: Greninja\n|-damage|p1a: Greninja|12\/100\n|\n|upkeep\n|turn|4\n|\n|t:|1700791252\n|switch|p1a: Alcremie|Alcremie-Ruby-Swirl, F|100\/100\n|-damage|p1a: Alcremie|88\/100|[from] Stealth Rock\n|-damage|p1a: Alcremie|76\/100|[from] Spikes\n|move|p2a: Marshadow|Shadow Sneak|p1a: Alcremie\n|-damage|p1a: Alcremie|17\/100\n|\n|-heal|p1a: Alcremie|23\/100|[from] item: Leftovers\n|upkeep\n|turn|5\n|\n|t:|1700791259\n|move|p2a: Marshadow|Spectral Thief|p1a: Alcremie\n|-damage|p1a: Alcremie|0 fnt\n|faint|p1a: Alcremie\n|\n|upkeep\n|\n|t:|1700791269\n|switch|p1a: Marshadow|Marshadow|100\/100\n|-damage|p1a: Marshadow|94\/100|[from] Stealth Rock\n|-damage|p1a: Marshadow|82\/100|[from] Spikes\n|turn|6\n|\n|t:|1700791272\n|move|p2a: Marshadow|Shadow Sneak|p1a: Marshadow\n|-supereffective|p1a: Marshadow\n|-damage|p1a: Marshadow|0 fnt\n|faint|p1a: Marshadow\n|\n|upkeep\n|\n|t:|1700791275\n|switch|p1a: Armarouge|Armarouge, F|100\/100\n|-damage|p1a: Armarouge|76\/100|[from] Stealth Rock\n|-damage|p1a: Armarouge|63\/100|[from] Spikes\n|turn|7\n|\n|t:|1700791280\n|move|p2a: Marshadow|Spectral Thief|p1a: Armarouge\n|-supereffective|p1a: Armarouge\n|-damage|p1a: Armarouge|0 fnt\n|faint|p1a: Armarouge\n|\n|upkeep\n|\n|t:|1700791283\n|switch|p1a: Lopunny|Lopunny, F|100\/100\n|-damage|p1a: Lopunny|88\/100|[from] Stealth Rock\n|-damage|p1a: Lopunny|76\/100|[from] Spikes\n|turn|8\n|\n|t:|1700791287\n|detailschange|p1a: Lopunny|Lopunny-Mega, F\n|-mega|p1a: Lopunny|Lopunny|Lopunnite\n|move|p1a: Lopunny|Fake Out|p2a: Marshadow\n|-damage|p2a: Marshadow|15\/100\n|cant|p2a: Marshadow|flinch\n|\n|upkeep\n|turn|9\n|\n|t:|1700791291\n|move|p2a: Marshadow|Close Combat|p1a: Lopunny\n|-supereffective|p1a: Lopunny\n|-damage|p1a: Lopunny|0 fnt\n|-unboost|p2a: Marshadow|def|1\n|-unboost|p2a: Marshadow|spd|1\n|faint|p1a: Lopunny\n|\n|upkeep\n|\n|t:|1700791297\n|switch|p1a: Goodra|Goodra, M, shiny|100\/100\n|-damage|p1a: Goodra|88\/100|[from] Stealth Rock\n|-damage|p1a: Goodra|76\/100|[from] Spikes\n|turn|10\n|\n|t:|1700791304\n|move|p2a: Marshadow|Close Combat|p1a: Goodra\n|-damage|p1a: Goodra|0 fnt\n|-unboost|p2a: Marshadow|def|1\n|-unboost|p2a: Marshadow|spd|1\n|faint|p1a: Goodra\n|\n|upkeep\n|\n|t:|1700791307\n|switch|p1a: Greninja|Greninja, M|12\/100\n|-damage|p1a: Greninja|0 fnt|[from] Stealth Rock\n|faint|p1a: Greninja\n|\n|win|Trainitar7\n|raw|Koalakid842's rating: 1005 &rarr; <strong>1000<\/strong><br \/>(-5 for losing)\n|raw|Trainitar7's rating: 1142 &rarr; <strong>1158<\/strong><br \/>(+16 for winning)\n|l|\u2606Koalakid842\n","uploadtime":1700791313,"views":3,"p1id":"koalakid842","p2id":"trainitar7","formatid":"gen9nationaldexubers","rating":1000,"private":0,"password":""}