{"id":"gen9nationaldexubers-1983645131","p1":"thewerehog88","p2":"ShinyMisty","format":"[Gen 9] National Dex Ubers","log":"|j|\u2606thewerehog88\n|j|\u2606ShinyMisty\n|t:|1699153311\n|gametype|singles\n|player|p1|thewerehog88|ryuki|\n|player|p2|ShinyMisty|kris-masters|\n|teamsize|p1|6\n|teamsize|p2|6\n|gen|9\n|tier|[Gen 9] National Dex Ubers\n|rule|HP Percentage Mod: HP is shown in percentages\n|rule|Endless Battle Clause: Forcing endless battles is banned\n|rule|OHKO Clause: OHKO moves are banned\n|rule|Evasion Moves Clause: Evasion moves are banned\n|rule|Evasion Items Clause: Evasion items are banned\n|rule|Species Clause: Limit one of each Pok\u00e9mon\n|rule|Sleep Clause Mod: Limit one foe put to sleep\n|rule|Mega Rayquaza Clause: You cannot mega evolve Rayquaza\n|clearpoke\n|poke|p1|Lycanroc-Dusk, M|\n|poke|p1|Salamence, F|\n|poke|p1|Electrode|\n|poke|p1|Gholdengo|\n|poke|p1|Landorus-Therian, M|\n|poke|p1|Chandelure, F|\n|poke|p2|Crawdaunt, F|\n|poke|p2|Gholdengo|\n|poke|p2|Electrode|\n|poke|p2|Breloom, M|\n|poke|p2|Latias, F|\n|poke|p2|Rotom-Heat|\n|teampreview\n|j| HarmTurtle\n|j| Completeanimefan\n|c|\u2606ShinyMisty|Good luck~ Have fun. <3\n|j| DarthBowser151\n|c|\u2606thewerehog88|u2 :D\n|c| Completeanimefan|Round two: WAKE UP\n|c| Completeanimefan|FIGHT\n|\n|t:|1699153346\n|start\n|switch|p1a: B|Electrode|100\/100\n|switch|p2a: GameSphere|Electrode|100\/100\n|-item|p2a: GameSphere|Air Balloon\n|turn|1\n|\n|t:|1699153375\n|switch|p2a: Mondo Cool|Gholdengo|100\/100\n|move|p1a: B|Signal Beam|p2a: Mondo Cool\n|-resisted|p2a: Mondo Cool\n|-damage|p2a: Mondo Cool|95\/100\n|\n|upkeep\n|turn|2\n|\n|t:|1699153404\n|switch|p1a: C|Landorus-Therian, M|100\/100\n|-ability|p1a: C|Intimidate|boost\n|-unboost|p2a: Mondo Cool|atk|1\n|move|p2a: Mondo Cool|Nasty Plot|p2a: Mondo Cool\n|-boost|p2a: Mondo Cool|spa|2\n|\n|upkeep\n|turn|3\n|\n|t:|1699153425\n|switch|p2a: The Chief|Rotom-Heat|100\/100\n|move|p1a: C|Knock Off|p2a: The Chief\n|-damage|p2a: The Chief|65\/100\n|-enditem|p2a: The Chief|Life Orb|[from] move: Knock Off|[of] p1a: C\n|\n|upkeep\n|turn|4\n|\n|t:|1699153436\n|switch|p1a: B|Electrode|100\/100\n|move|p2a: The Chief|Will-O-Wisp|p1a: B\n|-status|p1a: B|brn\n|\n|-damage|p1a: B|94\/100 brn|[from] brn\n|upkeep\n|turn|5\n|\n|t:|1699153465\n|move|p1a: B|Volt Switch|p2a: The Chief\n|-resisted|p2a: The Chief\n|-damage|p2a: The Chief|51\/100\n|\n|t:|1699153476\n|switch|p1a: D|Chandelure, F|100\/100|[from] Volt Switch\n|move|p2a: The Chief|Hex|p1a: D\n|-supereffective|p1a: D\n|-damage|p1a: D|45\/100\n|\n|upkeep\n|turn|6\n|c|\u2606ShinyMisty|So, it is meant to be \"The Chef\" XD\n|c| HarmTurtle|lmao\n|c|\u2606thewerehog88|chief*\n|c| HarmTurtle|true!\n|c|\u2606thewerehog88|Let the chief be the chef\n|c|\u2606thewerehog88|He can have two jobs\n|\n|t:|1699153533\n|move|p1a: D|Shadow Ball|p2a: The Chief\n|-damage|p2a: The Chief|2\/100\n|move|p2a: The Chief|Hex|p1a: D\n|-supereffective|p1a: D\n|-damage|p1a: D|0 fnt\n|faint|p1a: D\n|\n|upkeep\n|\n|t:|1699153540\n|switch|p1a: A|Lycanroc-Dusk, M|100\/100\n|turn|7\n|\n|t:|1699153556\n|move|p1a: A|Play Rough|p2a: The Chief\n|-resisted|p2a: The Chief\n|-damage|p2a: The Chief|0 fnt\n|faint|p2a: The Chief\n|\n|upkeep\n|\n|t:|1699153563\n|switch|p2a: GameSphere|Electrode|100\/100\n|-item|p2a: GameSphere|Air Balloon\n|turn|8\n|\n|t:|1699153570\n|switch|p1a: B|Electrode|94\/100 brn\n|move|p2a: GameSphere|Thunder Wave||[still]\n|-fail|p2a: GameSphere\n|\n|-damage|p1a: B|88\/100 brn|[from] brn\n|upkeep\n|turn|9\n|\n|t:|1699153593\n|switch|p2a: Mondo Cool|Gholdengo|95\/100\n|move|p1a: B|Volt Switch|p2a: Mondo Cool\n|-damage|p2a: Mondo Cool|64\/100\n|\n|t:|1699153598\n|switch|p1a: C|Landorus-Therian, M|100\/100|[from] Volt Switch\n|-ability|p1a: C|Intimidate|boost\n|-unboost|p2a: Mondo Cool|atk|1\n|\n|upkeep\n|turn|10\n|\n|t:|1699153620\n|switch|p2a: Keegan|Breloom, M, shiny|100\/100\n|move|p1a: C|Knock Off|p2a: Keegan\n|-resisted|p2a: Keegan\n|-damage|p2a: Keegan|74\/100\n|-enditem|p2a: Keegan|Loaded Dice|[from] move: Knock Off|[of] p1a: C\n|\n|upkeep\n|turn|11\n|\n|t:|1699153629\n|switch|p1a: B|Electrode|88\/100 brn\n|move|p2a: Keegan|Spore||[still]\n|-fail|p2a: Keegan\n|\n|-damage|p1a: B|82\/100 brn|[from] brn\n|upkeep\n|turn|12\n|\n|t:|1699153637\n|move|p2a: Keegan|Mach Punch|p1a: B\n|-damage|p1a: B|19\/100 brn\n|move|p1a: B|Hidden Power|p2a: Keegan\n|-supereffective|p2a: Keegan\n|-damage|p2a: Keegan|20\/100\n|\n|-damage|p1a: B|13\/100 brn|[from] brn\n|upkeep\n|turn|13\n|\n|t:|1699153651\n|switch|p1a: Gholdengo|Gholdengo|100\/100\n|move|p2a: Keegan|Mach Punch|p1a: Gholdengo\n|-immune|p1a: Gholdengo\n|\n|upkeep\n|turn|14\n|\n|t:|1699153665\n|switch|p2a: GameSphere|Electrode|100\/100\n|-item|p2a: GameSphere|Air Balloon\n|move|p1a: Gholdengo|Dazzling Gleam|p2a: GameSphere\n|-damage|p2a: GameSphere|56\/100\n|-enditem|p2a: GameSphere|Air Balloon\n|\n|upkeep\n|turn|15\n|\n|t:|1699153674\n|move|p1a: Gholdengo|Dazzling Gleam|p2a: GameSphere\n|-damage|p2a: GameSphere|14\/100\n|move|p2a: GameSphere|Taunt|p1a: Gholdengo\n|-immune|p1a: Gholdengo|[from] ability: Good as Gold\n|\n|upkeep\n|turn|16\n|c|\u2606ShinyMisty|GOOD AS GOLD DOES TAUNT, TOO?!\n|c| HarmTurtle|all status\n|c|\u2606thewerehog88|This mon is stupid\n|\n|t:|1699153700\n|switch|p2a: Mondo Cool|Gholdengo|64\/100\n|move|p1a: Gholdengo|Dazzling Gleam|p2a: Mondo Cool\n|-resisted|p2a: Mondo Cool\n|-damage|p2a: Mondo Cool|47\/100\n|\n|upkeep\n|turn|17\n|\n|t:|1699153707\n|switch|p1a: B|Electrode|13\/100 brn\n|move|p2a: Mondo Cool|Shadow Ball|p1a: B\n|-damage|p1a: B|0 fnt\n|faint|p1a: B\n|-damage|p2a: Mondo Cool|37\/100|[from] item: Life Orb\n|\n|upkeep\n|\n|t:|1699153712\n|switch|p1a: C|Landorus-Therian, M|100\/100\n|-ability|p1a: C|Intimidate|boost\n|-unboost|p2a: Mondo Cool|atk|1\n|turn|18\n|\n|t:|1699153728\n|switch|p2a: GameSphere|Electrode|14\/100\n|move|p1a: C|Knock Off|p2a: GameSphere\n|-damage|p2a: GameSphere|0 fnt\n|-damage|p1a: C|76\/100|[from] ability: Aftermath|[of] p2a: GameSphere\n|faint|p2a: GameSphere\n|\n|upkeep\n|\n|t:|1699153760\n|switch|p2a: YUM!|Crawdaunt, F|100\/100\n|turn|19\n|\n|t:|1699153797\n|switch|p1a: F|Salamence, F|100\/100\n|-terastallize|p2a: YUM!|Water\n|move|p2a: YUM!|Aqua Jet|p1a: F\n|-resisted|p1a: F\n|-damage|p1a: F|73\/100\n|-damage|p2a: YUM!|91\/100|[from] item: Life Orb\n|\n|upkeep\n|turn|20\n|\n|t:|1699153822\n|switch|p2a: Quetzal|Latias, F, shiny|100\/100\n|move|p1a: F|Dual Wingbeat|p2a: Quetzal\n|-damage|p2a: Quetzal|74\/100\n|-damage|p2a: Quetzal|48\/100\n|-hitcount|p2a: Quetzal|2\n|\n|upkeep\n|turn|21\n|\n|t:|1699153831\n|move|p1a: F|Dual Wingbeat|p2a: Quetzal\n|-damage|p2a: Quetzal|20\/100\n|-damage|p2a: Quetzal|0 fnt\n|faint|p2a: Quetzal\n|-ability|p1a: F|Moxie|boost\n|-boost|p1a: F|atk|1\n|-hitcount|p2: Quetzal|2\n|\n|upkeep\n|\n|t:|1699153843\n|switch|p2a: Mondo Cool|Gholdengo|37\/100\n|turn|22\n|\n|t:|1699153848\n|-terastallize|p1a: F|Steel\n|move|p1a: F|Dual Wingbeat|p2a: Mondo Cool\n|-resisted|p2a: Mondo Cool\n|-damage|p2a: Mondo Cool|19\/100\n|-resisted|p2a: Mondo Cool\n|-damage|p2a: Mondo Cool|1\/100\n|-hitcount|p2a: Mondo Cool|2\n|move|p2a: Mondo Cool|Thunder Wave|p1a: F\n|-status|p1a: F|par\n|\n|upkeep\n|turn|23\n|\n|t:|1699153867\n|move|p2a: Mondo Cool|Shadow Ball|p1a: F\n|-damage|p1a: F|9\/100 par\n|-damage|p2a: Mondo Cool|0 fnt|[from] item: Life Orb\n|faint|p2a: Mondo Cool\n|cant|p1a: F|par\n|\n|upkeep\n|\n|t:|1699153874\n|switch|p2a: Keegan|Breloom, M, shiny|20\/100\n|turn|24\n|\n|t:|1699153877\n|move|p2a: Keegan|Mach Punch|p1a: F\n|-supereffective|p1a: F\n|-damage|p1a: F|0 fnt\n|faint|p1a: F\n|\n|upkeep\n|\n|t:|1699153881\n|switch|p1a: Gholdengo|Gholdengo|100\/100\n|turn|25\n|\n|t:|1699153887\n|move|p1a: Gholdengo|Dazzling Gleam|p2a: Keegan\n|-supereffective|p2a: Keegan\n|-damage|p2a: Keegan|0 fnt\n|faint|p2a: Keegan\n|\n|upkeep\n|\n|t:|1699153891\n|switch|p2a: YUM!|Crawdaunt, F, tera:Water|91\/100\n|turn|26\n|\n|t:|1699153910\n|move|p1a: Gholdengo|Dazzling Gleam|p2a: YUM!\n|-damage|p2a: YUM!|30\/100\n|move|p2a: YUM!|Knock Off|p1a: Gholdengo\n|-supereffective|p1a: Gholdengo\n|-damage|p1a: Gholdengo|0 fnt\n|-enditem|p1a: Gholdengo|Choice Scarf|[from] move: Knock Off|[of] p2a: YUM!\n|faint|p1a: Gholdengo\n|-damage|p2a: YUM!|20\/100|[from] item: Life Orb\n|\n|upkeep\n|\n|t:|1699153915\n|switch|p1a: C|Landorus-Therian, M|76\/100\n|-ability|p1a: C|Intimidate|boost\n|-unboost|p2a: YUM!|atk|1\n|turn|27\n|\n|t:|1699153923\n|move|p2a: YUM!|Aqua Jet|p1a: C\n|-supereffective|p1a: C\n|-damage|p1a: C|8\/100\n|-damage|p2a: YUM!|11\/100|[from] item: Life Orb\n|move|p1a: C|Earthquake|p2a: YUM!\n|-damage|p2a: YUM!|0 fnt\n|faint|p2a: YUM!\n|\n|win|thewerehog88\n|c|\u2606ShinyMisty|GG\n|c|\u2606thewerehog88|C = Choice scarf\n|c|\u2606thewerehog88|GG\n","uploadtime":1699153950,"views":7,"p1id":"thewerehog88","p2id":"shinymisty","formatid":"gen9nationaldexubers","rating":0,"private":0,"password":""}