{"id":"gen9nationaldexubers-1993619972","p1":"Charman 98","p2":"wsgjah","format":"[Gen 9] National Dex Ubers","log":"|j|\u2606Charman 98\n|j|\u2606wsgjah\n|t:|1700338268\n|gametype|singles\n|player|p1|Charman 98|ghetsis|1226\n|player|p2|wsgjah|roxie|1253\n|teamsize|p1|6\n|teamsize|p2|6\n|gen|9\n|tier|[Gen 9] National Dex Ubers\n|rated|\n|rule|HP Percentage Mod: HP is shown in percentages\n|rule|Endless Battle Clause: Forcing endless battles is banned\n|rule|OHKO Clause: OHKO moves are banned\n|rule|Evasion Moves Clause: Evasion moves are banned\n|rule|Evasion Items Clause: Evasion items are banned\n|rule|Species Clause: Limit one of each Pok\u00e9mon\n|rule|Sleep Clause Mod: Limit one foe put to sleep\n|rule|Mega Rayquaza Clause: You cannot mega evolve Rayquaza\n|clearpoke\n|poke|p1|Walking Wake|\n|poke|p1|Haxorus, F|\n|poke|p1|Kommo-o, F|\n|poke|p1|Garchomp, F|\n|poke|p1|Dragapult, F|\n|poke|p1|Goodra-Hisui, F|\n|poke|p2|Melmetal|\n|poke|p2|Kyogre|\n|poke|p2|Pyukumuku, M|\n|poke|p2|Regieleki|\n|poke|p2|Victini|\n|poke|p2|Tapu Koko|\n|teampreview\n|\n|t:|1700338275\n|start\n|switch|p1a: Dragapult|Dragapult, F, shiny|100\/100\n|switch|p2a: Tapu Koko|Tapu Koko|100\/100\n|-fieldstart|move: Electric Terrain|[from] ability: Electric Surge|[of] p2a: Tapu Koko\n|turn|1\n|\n|t:|1700338290\n|-terastallize|p1a: Dragapult|Ghost\n|move|p2a: Tapu Koko|Reflect|p2a: Tapu Koko\n|-sidestart|p2: wsgjah|Reflect\n|move|p1a: Dragapult|Tera Blast|p2a: Tapu Koko|[anim] Tera Blast Ghost\n|-damage|p2a: Tapu Koko|59\/100\n|\n|upkeep\n|turn|2\n|\n|t:|1700338300\n|move|p2a: Tapu Koko|Light Screen|p2a: Tapu Koko\n|-sidestart|p2: wsgjah|move: Light Screen\n|move|p1a: Dragapult|Tera Blast|p2a: Tapu Koko|[anim] Tera Blast Ghost\n|-damage|p2a: Tapu Koko|12\/100\n|\n|upkeep\n|turn|3\n|\n|t:|1700338307\n|move|p2a: Tapu Koko|Nature's Madness|p1a: Dragapult\n|-damage|p1a: Dragapult|50\/100\n|move|p1a: Dragapult|Tera Blast|p2a: Tapu Koko|[anim] Tera Blast Ghost\n|-damage|p2a: Tapu Koko|0 fnt\n|faint|p2a: Tapu Koko\n|\n|upkeep\n|\n|t:|1700338319\n|switch|p2a: Regieleki|Regieleki|100\/100\n|turn|4\n|\n|t:|1700338332\n|switch|p2a: Victini|Victini|100\/100\n|switch|p1a: Goodra|Goodra-Hisui, F|100\/100\n|\n|upkeep\n|turn|5\n|\n|t:|1700338373\n|switch|p2a: Melmetal|Melmetal|100\/100\n|move|p1a: Goodra|Acid Armor|p1a: Goodra\n|-boost|p1a: Goodra|def|2\n|\n|-sideend|p2: wsgjah|Reflect\n|-fieldend|move: Electric Terrain\n|upkeep\n|turn|6\n|\n|t:|1700338382\n|move|p1a: Goodra|Body Press|p2a: Melmetal\n|-supereffective|p2a: Melmetal\n|-damage|p2a: Melmetal|64\/100\n|move|p2a: Melmetal|High Horsepower|p1a: Goodra\n|-supereffective|p1a: Goodra\n|-crit|p1a: Goodra\n|-damage|p1a: Goodra|0 fnt\n|faint|p1a: Goodra\n|\n|-sideend|p2: wsgjah|move: Light Screen\n|upkeep\n|\n|t:|1700338398\n|switch|p1a: Dragapult|Dragapult, F, shiny, tera:Ghost|50\/100\n|turn|7\n|\n|t:|1700338407\n|move|p1a: Dragapult|Dragon Darts|p2a: Melmetal\n|-resisted|p2a: Melmetal\n|-damage|p2a: Melmetal|54\/100\n|-anim|p1a: Dragapult|Dragon Darts|p2a: Melmetal\n|-resisted|p2a: Melmetal\n|-damage|p2a: Melmetal|44\/100\n|move|p2a: Melmetal|Darkest Lariat|p1a: Dragapult\n|-supereffective|p1a: Dragapult\n|-damage|p1a: Dragapult|0 fnt\n|faint|p1a: Dragapult\n|\n|upkeep\n|\n|t:|1700338412\n|switch|p1a: Garchomp|Garchomp, F|100\/100\n|turn|8\n|\n|t:|1700338418\n|-terastallize|p2a: Melmetal|Flying\n|move|p1a: Garchomp|Earthquake|p2a: Melmetal\n|-immune|p2a: Melmetal\n|move|p2a: Melmetal|Ice Punch|p1a: Garchomp\n|-supereffective|p1a: Garchomp\n|-damage|p1a: Garchomp|0 fnt\n|-damage|p2a: Melmetal|32\/100|[from] ability: Rough Skin|[of] p1a: Garchomp\n|-damage|p2a: Melmetal|15\/100|[from] item: Rocky Helmet|[of] p1a: Garchomp\n|faint|p1a: Garchomp\n|\n|upkeep\n|\n|t:|1700338432\n|switch|p1a: Walking Wake|Walking Wake|100\/100\n|turn|9\n|\n|t:|1700338440\n|move|p1a: Walking Wake|Dragon Pulse|p2a: Melmetal\n|-damage|p2a: Melmetal|0 fnt\n|faint|p2a: Melmetal\n|\n|upkeep\n|\n|t:|1700338449\n|switch|p2a: Regieleki|Regieleki|100\/100\n|turn|10\n|\n|t:|1700338456\n|move|p2a: Regieleki|Volt Switch|p1a: Walking Wake\n|-damage|p1a: Walking Wake|25\/100\n|\n|t:|1700338460\n|switch|p2a: Pyukumuku|Pyukumuku, M|100\/100|[from] Volt Switch\n|move|p1a: Walking Wake|Sunny Day|p1a: Walking Wake\n|-weather|SunnyDay\n|-activate|p1a: Walking Wake|ability: Protosynthesis\n|-start|p1a: Walking Wake|protosynthesisspa\n|\n|-weather|SunnyDay|[upkeep]\n|-heal|p1a: Walking Wake|31\/100|[from] item: Leftovers\n|upkeep\n|turn|11\n|\n|t:|1700338470\n|move|p1a: Walking Wake|Hydro Steam|p2a: Pyukumuku\n|-resisted|p2a: Pyukumuku\n|-damage|p2a: Pyukumuku|72\/100\n|move|p2a: Pyukumuku|Light Screen|p2a: Pyukumuku\n|-sidestart|p2: wsgjah|move: Light Screen\n|\n|-weather|SunnyDay|[upkeep]\n|-heal|p1a: Walking Wake|38\/100|[from] item: Leftovers\n|-heal|p2a: Pyukumuku|79\/100|[from] item: Leftovers\n|upkeep\n|turn|12\n|\n|t:|1700338478\n|move|p1a: Walking Wake|Dragon Pulse|p2a: Pyukumuku\n|-damage|p2a: Pyukumuku|59\/100\n|move|p2a: Pyukumuku|Toxic|p1a: Walking Wake\n|-status|p1a: Walking Wake|tox\n|\n|-weather|SunnyDay|[upkeep]\n|-heal|p1a: Walking Wake|44\/100 tox|[from] item: Leftovers\n|-heal|p2a: Pyukumuku|65\/100|[from] item: Leftovers\n|-damage|p1a: Walking Wake|38\/100 tox|[from] psn\n|upkeep\n|turn|13\n|\n|t:|1700338486\n|-end|p1a: Walking Wake|Protosynthesis|[silent]\n|switch|p1a: Haxorus|Haxorus, F|100\/100\n|move|p2a: Pyukumuku|Recover|p2a: Pyukumuku\n|-heal|p2a: Pyukumuku|100\/100\n|\n|-weather|SunnyDay|[upkeep]\n|upkeep\n|turn|14\n|\n|t:|1700338491\n|move|p1a: Haxorus|Dragon Dance|p1a: Haxorus\n|-boost|p1a: Haxorus|atk|1\n|-boost|p1a: Haxorus|spe|1\n|move|p2a: Pyukumuku|Toxic|p1a: Haxorus\n|-status|p1a: Haxorus|tox\n|\n|-weather|none\n|-damage|p1a: Haxorus|94\/100 tox|[from] psn\n|upkeep\n|turn|15\n|\n|t:|1700338498\n|move|p1a: Haxorus|Dragon Dance|p1a: Haxorus\n|-boost|p1a: Haxorus|atk|1\n|-boost|p1a: Haxorus|spe|1\n|move|p2a: Pyukumuku|Reflect|p2a: Pyukumuku\n|-sidestart|p2: wsgjah|Reflect\n|\n|-damage|p1a: Haxorus|82\/100 tox|[from] psn\n|-sideend|p2: wsgjah|move: Light Screen\n|upkeep\n|turn|16\n|\n|t:|1700338511\n|switch|p2a: Kyogre|Kyogre|100\/100\n|-weather|RainDance|[from] ability: Drizzle|[of] p2a: Kyogre\n|move|p1a: Haxorus|Dragon Dance|p1a: Haxorus\n|-boost|p1a: Haxorus|atk|1\n|-boost|p1a: Haxorus|spe|1\n|\n|-weather|RainDance|[upkeep]\n|-damage|p1a: Haxorus|64\/100 tox|[from] psn\n|upkeep\n|turn|17\n|\n|t:|1700338518\n|move|p1a: Haxorus|Dragon Claw|p2a: Kyogre\n|-damage|p2a: Kyogre|4\/100\n|-damage|p1a: Haxorus|54\/100 tox|[from] item: Life Orb\n|move|p2a: Kyogre|Ice Beam|p1a: Haxorus\n|-supereffective|p1a: Haxorus\n|-damage|p1a: Haxorus|0 fnt\n|faint|p1a: Haxorus\n|\n|-weather|RainDance|[upkeep]\n|upkeep\n|\n|t:|1700338524\n|switch|p1a: Kommo-o|Kommo-o, F|100\/100\n|turn|18\n|\n|t:|1700338551\n|move|p2a: Kyogre|Ice Beam|p1a: Kommo-o\n|-supereffective|p1a: Kommo-o\n|-damage|p1a: Kommo-o|38\/100\n|move|p1a: Kommo-o|Clangorous Soul|p1a: Kommo-o\n|-boost|p1a: Kommo-o|atk|1\n|-boost|p1a: Kommo-o|def|1\n|-boost|p1a: Kommo-o|spa|1\n|-boost|p1a: Kommo-o|spd|1\n|-boost|p1a: Kommo-o|spe|1\n|-damage|p1a: Kommo-o|5\/100\n|-enditem|p1a: Kommo-o|Throat Spray\n|-boost|p1a: Kommo-o|spa|1|[from] item: Throat Spray\n|\n|-weather|RainDance|[upkeep]\n|upkeep\n|turn|19\n|\n|t:|1700338577\n|move|p2a: Kyogre|Ice Beam|p1a: Kommo-o\n|-supereffective|p1a: Kommo-o\n|-damage|p1a: Kommo-o|0 fnt\n|faint|p1a: Kommo-o\n|\n|-weather|RainDance|[upkeep]\n|-sideend|p2: wsgjah|Reflect\n|upkeep\n|-message|Charman 98 forfeited.\n|\n|win|wsgjah\n|raw|Charman 98's rating: 1226 &rarr; <strong>1203<\/strong><br \/>(-23 for losing)\n|raw|wsgjah's rating: 1253 &rarr; <strong>1276<\/strong><br \/>(+23 for winning)\n|l|\u2606Charman 98\n","uploadtime":1700338729,"views":7,"p1id":"charman98","p2id":"wsgjah","formatid":"gen9nationaldexubers","rating":1203,"private":0,"password":""}