{"id":"gen9nationaldexubers-1988415337","p1":"PhobosYeah","p2":"Jincn27","format":"[Gen 9] National Dex Ubers","log":"|j|\u2606PhobosYeah\n|j|\u2606Jincn27\n|t:|1699720461\n|gametype|singles\n|player|p1|PhobosYeah|roughneck|1376\n|player|p2|Jincn27|102|1324\n|teamsize|p1|6\n|teamsize|p2|6\n|gen|9\n|tier|[Gen 9] National Dex Ubers\n|rated|\n|rule|HP Percentage Mod: HP is shown in percentages\n|rule|Endless Battle Clause: Forcing endless battles is banned\n|rule|OHKO Clause: OHKO moves are banned\n|rule|Evasion Moves Clause: Evasion moves are banned\n|rule|Evasion Items Clause: Evasion items are banned\n|rule|Species Clause: Limit one of each Pok\u00e9mon\n|rule|Sleep Clause Mod: Limit one foe put to sleep\n|rule|Mega Rayquaza Clause: You cannot mega evolve Rayquaza\n|clearpoke\n|poke|p1|Ditto|\n|poke|p1|Smeargle, F|\n|poke|p1|Kangaskhan, F|\n|poke|p1|Zoroark-Hisui, F|\n|poke|p1|Ursaluna-Bloodmoon, M|\n|poke|p1|Arceus|\n|poke|p2|Dragapult, F|\n|poke|p2|Groudon|\n|poke|p2|Zacian-*|\n|poke|p2|Yveltal|\n|poke|p2|Smeargle, M|\n|poke|p2|Kangaskhan, F|\n|teampreview\n|c|\u2606PhobosYeah|GLHF\n|c|\u2606Jincn27|u2\n|inactive|Battle timer is ON: inactive players will automatically lose when time's up. (requested by PhobosYeah)\n|\n|t:|1699720480\n|start\n|switch|p1a: Smeargle|Smeargle, F|100\/100\n|switch|p2a: Kangaskhan|Kangaskhan, F|100\/100\n|turn|1\n|\n|t:|1699720490\n|move|p2a: Kangaskhan|Fake Out|p1a: Smeargle\n|-damage|p1a: Smeargle|67\/100\n|cant|p1a: Smeargle|flinch\n|\n|-ability|p1a: Smeargle|Moody|boost\n|-boost|p1a: Smeargle|atk|2\n|-unboost|p1a: Smeargle|def|1\n|upkeep\n|turn|2\n|\n|t:|1699720497\n|detailschange|p2a: Kangaskhan|Kangaskhan-Mega, F\n|-mega|p2a: Kangaskhan|Kangaskhan|Kangaskhanite\n|move|p2a: Kangaskhan|Power-Up Punch|p1a: Smeargle\n|-supereffective|p1a: Smeargle\n|-damage|p1a: Smeargle|0 fnt\n|-boost|p2a: Kangaskhan|atk|1\n|faint|p1a: Smeargle\n|-hitcount|p1: Smeargle|1\n|\n|upkeep\n|c|\u2606Jincn27|Thought it was Zorark\n|\n|t:|1699720506\n|switch|p1a: Ditto|Ditto, shiny|100\/100\n|-transform|p1a: Ditto|p2a: Kangaskhan|[from] ability: Imposter\n|turn|3\n|\n|t:|1699720515\n|move|p1a: Ditto|Fake Out|p2a: Kangaskhan\n|-damage|p2a: Kangaskhan|71\/100\n|-damage|p2a: Kangaskhan|63\/100\n|-hitcount|p2a: Kangaskhan|2\n|cant|p2a: Kangaskhan|flinch\n|\n|upkeep\n|turn|4\n|\n|t:|1699720538\n|switch|p1a: Arceus|Arceus|100\/100\n|switch|p2a: Groudon|Groudon|100\/100\n|detailschange|p2a: Groudon|Groudon-Primal\n|-primal|p2a: Groudon|Red Orb\n|-weather|DesolateLand|[from] ability: Desolate Land|[of] p2a: Groudon\n|\n|-weather|DesolateLand|[upkeep]\n|upkeep\n|turn|5\n|\n|t:|1699720553\n|move|p1a: Arceus|Shadow Ball|p2a: Groudon\n|-damage|p2a: Groudon|40\/100\n|move|p2a: Groudon|Precipice Blades|p1a: Arceus|[miss]\n|-miss|p2a: Groudon|p1a: Arceus\n|\n|-weather|DesolateLand|[upkeep]\n|upkeep\n|turn|6\n|\n|t:|1699720562\n|-weather|none\n|switch|p2a: Yveltal|Yveltal|100\/100\n|-ability|p2a: Yveltal|Dark Aura\n|move|p1a: Arceus|Shadow Ball|p2a: Yveltal\n|-resisted|p2a: Yveltal\n|-damage|p2a: Yveltal|71\/100\n|\n|upkeep\n|turn|7\n|\n|t:|1699720575\n|switch|p1a: Ditto|Ditto, shiny|100\/100\n|-transform|p1a: Ditto|p2a: Yveltal|[from] ability: Imposter\n|-ability|p1a: Ditto|Dark Aura\n|-zpower|p2a: Yveltal\n|move|p2a: Yveltal|Black Hole Eclipse|p1a: Ditto|[zeffect]\n|-resisted|p1a: Ditto\n|-damage|p1a: Ditto|36\/100\n|\n|upkeep\n|turn|8\n|\n|t:|1699720593\n|move|p1a: Ditto|Oblivion Wing|p2a: Yveltal\n|-damage|p2a: Yveltal|35\/100\n|-heal|p1a: Ditto|72\/100|[from] drain|[of] p2a: Yveltal\n|move|p2a: Yveltal|Oblivion Wing|p1a: Ditto\n|-damage|p1a: Ditto|21\/100\n|-heal|p2a: Yveltal|65\/100|[from] drain|[of] p1a: Ditto\n|\n|upkeep\n|turn|9\n|\n|t:|1699720604\n|move|p1a: Ditto|Oblivion Wing|p2a: Yveltal\n|-damage|p2a: Yveltal|26\/100\n|-heal|p1a: Ditto|59\/100|[from] drain|[of] p2a: Yveltal\n|move|p2a: Yveltal|Oblivion Wing|p1a: Ditto\n|-damage|p1a: Ditto|9\/100\n|-heal|p2a: Yveltal|55\/100|[from] drain|[of] p1a: Ditto\n|\n|upkeep\n|turn|10\n|\n|t:|1699720613\n|move|p1a: Ditto|Oblivion Wing|p2a: Yveltal\n|-damage|p2a: Yveltal|17\/100\n|-heal|p1a: Ditto|46\/100|[from] drain|[of] p2a: Yveltal\n|move|p2a: Yveltal|Oblivion Wing|p1a: Ditto\n|-damage|p1a: Ditto|0 fnt\n|-heal|p2a: Yveltal|44\/100|[from] drain|[of] p1a: Ditto\n|faint|p1a: Ditto\n|\n|upkeep\n|\n|t:|1699720625\n|switch|p1a: Arceus|Arceus|100\/100\n|turn|11\n|\n|t:|1699720633\n|-terastallize|p1a: Arceus|Normal\n|move|p1a: Arceus|Extreme Speed|p2a: Yveltal\n|-damage|p2a: Yveltal|0 fnt\n|faint|p2a: Yveltal\n|\n|upkeep\n|\n|t:|1699720637\n|switch|p2a: Smeargle|Smeargle, M|100\/100\n|turn|12\n|\n|t:|1699720645\n|move|p1a: Arceus|Extreme Speed|p2a: Smeargle\n|-enditem|p2a: Smeargle|Focus Sash\n|-damage|p2a: Smeargle|1\/100\n|move|p2a: Smeargle|Spore|p1a: Arceus\n|-status|p1a: Arceus|slp|[from] move: Spore\n|\n|-ability|p2a: Smeargle|Moody|boost\n|-boost|p2a: Smeargle|atk|2\n|-unboost|p2a: Smeargle|def|1\n|upkeep\n|turn|13\n|\n|t:|1699720655\n|cant|p1a: Arceus|slp\n|move|p2a: Smeargle|Endeavor|p1a: Arceus\n|-damage|p1a: Arceus|1\/100 slp\n|\n|-ability|p2a: Smeargle|Moody|boost\n|-boost|p2a: Smeargle|def|2\n|-unboost|p2a: Smeargle|atk|1\n|upkeep\n|turn|14\n|\n|t:|1699720664\n|cant|p1a: Arceus|slp\n|move|p2a: Smeargle|Accelerock|p1a: Arceus\n|-damage|p1a: Arceus|0 fnt\n|faint|p1a: Arceus\n|\n|-ability|p2a: Smeargle|Moody|boost\n|-boost|p2a: Smeargle|def|2\n|-unboost|p2a: Smeargle|spa|1\n|upkeep\n|\n|t:|1699720676\n|switch|p1a: Kangaskhan|Kangaskhan, F, shiny|100\/100\n|turn|15\n|\n|t:|1699720684\n|switch|p2a: Dragapult|Dragapult, F|100\/100\n|detailschange|p1a: Kangaskhan|Kangaskhan-Mega, F, shiny\n|-mega|p1a: Kangaskhan|Kangaskhan|Kangaskhanite\n|move|p1a: Kangaskhan|Fake Out|p2a: Dragapult\n|-immune|p2a: Dragapult\n|\n|upkeep\n|turn|16\n|\n|t:|1699720691\n|move|p2a: Dragapult|Thunder Wave|p1a: Kangaskhan|[miss]\n|-miss|p2a: Dragapult|p1a: Kangaskhan\n|move|p1a: Kangaskhan|Shadow Claw|p2a: Dragapult\n|-supereffective|p2a: Dragapult\n|-damage|p2a: Dragapult|50\/100\n|-supereffective|p2a: Dragapult\n|-damage|p2a: Dragapult|37\/100\n|-hitcount|p2a: Dragapult|2\n|\n|-heal|p2a: Dragapult|43\/100|[from] item: Leftovers\n|upkeep\n|turn|17\n|\n|t:|1699720701\n|-terastallize|p2a: Dragapult|Steel\n|move|p1a: Kangaskhan|Sucker Punch||[still]\n|-fail|p1a: Kangaskhan\n|move|p2a: Dragapult|Thunder Wave|p1a: Kangaskhan\n|-status|p1a: Kangaskhan|par\n|\n|-heal|p2a: Dragapult|49\/100|[from] item: Leftovers\n|upkeep\n|turn|18\n|c|\u2606Jincn27|Bruh\n|\n|t:|1699720709\n|move|p2a: Dragapult|Substitute|p2a: Dragapult\n|-start|p2a: Dragapult|Substitute\n|-damage|p2a: Dragapult|25\/100\n|move|p1a: Kangaskhan|Seismic Toss|p2a: Dragapult\n|-end|p2a: Dragapult|Substitute\n|-damage|p2a: Dragapult|0 fnt\n|faint|p2a: Dragapult\n|-hitcount|p2: Dragapult|2\n|\n|upkeep\n|\n|t:|1699720719\n|switch|p2a: Smeargle|Smeargle, M|1\/100\n|turn|19\n|\n|t:|1699720724\n|move|p1a: Kangaskhan|Sucker Punch|p2a: Smeargle\n|-damage|p2a: Smeargle|0 fnt\n|faint|p2a: Smeargle\n|-hitcount|p2: Smeargle|1\n|\n|upkeep\n|\n|t:|1699720730\n|switch|p2a: Zacian|Zacian-Crowned|100\/100\n|-ability|p2a: Zacian|Intrepid Sword|boost\n|-boost|p2a: Zacian|atk|1\n|turn|20\n|\n|t:|1699720739\n|move|p2a: Zacian|Swords Dance|p2a: Zacian\n|-boost|p2a: Zacian|atk|2\n|cant|p1a: Kangaskhan|par\n|\n|upkeep\n|turn|21\n|\n|t:|1699720745\n|move|p2a: Zacian|Close Combat|p1a: Kangaskhan\n|-supereffective|p1a: Kangaskhan\n|-damage|p1a: Kangaskhan|0 fnt\n|-unboost|p2a: Zacian|def|1\n|-unboost|p2a: Zacian|spd|1\n|faint|p1a: Kangaskhan\n|\n|upkeep\n|\n|t:|1699720754\n|switch|p1a: Ursaluna|Ursaluna-Bloodmoon, M|100\/100\n|turn|22\n|\n|t:|1699720764\n|move|p2a: Zacian|Behemoth Blade|p1a: Ursaluna\n|-damage|p1a: Ursaluna|0 fnt\n|replace|p1a: Zoroark|Zoroark-Hisui, F\n|-end|p1a: Zoroark|Illusion\n|faint|p1a: Zoroark\n|\n|upkeep\n|\n|t:|1699720770\n|switch|p1a: Ursaluna|Ursaluna-Bloodmoon, M|100\/100\n|turn|23\n|c|\u2606PhobosYeah|GG\n|\n|t:|1699720776\n|move|p2a: Zacian|Close Combat|p1a: Ursaluna\n|-supereffective|p1a: Ursaluna\n|-damage|p1a: Ursaluna|0 fnt\n|-unboost|p2a: Zacian|def|1\n|-unboost|p2a: Zacian|spd|1\n|faint|p1a: Ursaluna\n|\n|win|Jincn27\n|raw|PhobosYeah's rating: 1376 &rarr; <strong>1353<\/strong><br \/>(-23 for losing)\n|raw|Jincn27's rating: 1324 &rarr; <strong>1347<\/strong><br \/>(+23 for winning)\n","uploadtime":1699720786,"views":5,"p1id":"phobosyeah","p2id":"jincn27","formatid":"gen9nationaldexubers","rating":1347,"private":0,"password":""}