{"id":"gen9nationaldexubers-1983581076","p1":"SuzumiSou","p2":"PiperRat","format":"[Gen 9] National Dex Ubers","log":"|j|\u2606SuzumiSou\n|j|\u2606PiperRat\n|t:|1699145751\n|gametype|singles\n|player|p1|SuzumiSou|winona|\n|player|p2|PiperRat|plasmagruntf|\n|teamsize|p1|6\n|teamsize|p2|6\n|gen|9\n|tier|[Gen 9] National Dex Ubers\n|rule|HP Percentage Mod: HP is shown in percentages\n|rule|Endless Battle Clause: Forcing endless battles is banned\n|rule|OHKO Clause: OHKO moves are banned\n|rule|Evasion Moves Clause: Evasion moves are banned\n|rule|Evasion Items Clause: Evasion items are banned\n|rule|Species Clause: Limit one of each Pok\u00e9mon\n|rule|Sleep Clause Mod: Limit one foe put to sleep\n|rule|Mega Rayquaza Clause: You cannot mega evolve Rayquaza\n|clearpoke\n|poke|p1|Gallade, M|\n|poke|p1|Zamazenta-*|\n|poke|p1|Forretress, F|\n|poke|p1|Gliscor, F|\n|poke|p1|Tatsugiri-Droopy, F|\n|poke|p1|Amoonguss, M|\n|poke|p2|Pelipper, F|\n|poke|p2|Swampert, F|\n|poke|p2|Gastrodon, M|\n|poke|p2|Urshifu-*, M|\n|poke|p2|Tornadus, M|\n|poke|p2|Palafin, M|\n|teampreview\n|inactive|Battle timer is ON: inactive players will automatically lose when time's up. (requested by PiperRat)\n|\n|t:|1699145756\n|start\n|switch|p1a: Zamazenta|Zamazenta-Crowned|100\/100\n|switch|p2a: There goes my hero|Palafin, M|100\/100\n|-ability|p1a: Zamazenta|Dauntless Shield|boost\n|-boost|p1a: Zamazenta|def|1\n|turn|1\n|\n|t:|1699145783\n|move|p1a: Zamazenta|Iron Defense|p1a: Zamazenta\n|-boost|p1a: Zamazenta|def|2\n|move|p2a: There goes my hero|Flip Turn|p1a: Zamazenta\n|-damage|p1a: Zamazenta|94\/100\n|inactive|PiperRat has 270 seconds left.\n|\n|t:|1699145804\n|detailschange|p2a: There goes my hero|Palafin-Hero, M\n|switch|p2a: Dave Grohl|Pelipper, F|100\/100|[from] Flip Turn\n|-weather|RainDance|[from] ability: Drizzle|[of] p2a: Dave Grohl\n|\n|-weather|RainDance|[upkeep]\n|upkeep\n|turn|2\n|\n|t:|1699145824\n|move|p1a: Zamazenta|Sandstorm|p1a: Zamazenta\n|-weather|Sandstorm\n|move|p2a: Dave Grohl|Hurricane|p1a: Zamazenta\n|-damage|p1a: Zamazenta|65\/100\n|\n|-weather|Sandstorm|[upkeep]\n|-damage|p2a: Dave Grohl|94\/100|[from] Sandstorm\n|upkeep\n|turn|3\n|inactive|PiperRat has 240 seconds left.\n|\n|t:|1699145855\n|switch|p2a: Everlong|Gastrodon, M|100\/100\n|move|p1a: Zamazenta|Iron Defense|p1a: Zamazenta\n|-boost|p1a: Zamazenta|def|2\n|\n|-weather|Sandstorm|[upkeep]\n|upkeep\n|turn|4\n|inactive|PiperRat has 210 seconds left.\n|inactive|PiperRat has 180 seconds left.\n|\n|t:|1699145916\n|move|p1a: Zamazenta|Body Press|p2a: Everlong\n|-damage|p2a: Everlong|0 fnt\n|-damage|p1a: Zamazenta|48\/100|[from] item: Rocky Helmet|[of] p2a: Everlong\n|faint|p2a: Everlong\n|\n|-weather|Sandstorm|[upkeep]\n|upkeep\n|inactive|PiperRat has 180 seconds left.\n|inactive|PiperRat has 150 seconds left.\n|\n|t:|1699145964\n|switch|p2a: Breakout|Swampert, F|100\/100\n|turn|5\n|inactive|PiperRat has 120 seconds left.\n|l|\u2606PiperRat\n|inactive|PiperRat disconnected and has 300 seconds to reconnect!\n|player|p2|\n|j|\u2606PiperRat\n|inactive|PiperRat reconnected and has 100 seconds left.\n|player|p2|PiperRat|plasmagruntf\n|inactive|PiperRat has 90 seconds left.\n|\n|t:|1699146052\n|switch|p2a: Learn to fly|Tornadus, M|100\/100\n|move|p1a: Zamazenta|Body Press|p2a: Learn to fly\n|-resisted|p2a: Learn to fly\n|-damage|p2a: Learn to fly|24\/100\n|\n|-weather|Sandstorm|[upkeep]\n|-damage|p2a: Learn to fly|18\/100|[from] Sandstorm\n|upkeep\n|turn|6\n|\n|t:|1699146067\n|-zpower|p2a: Learn to fly\n|move|p2a: Learn to fly|Z-Tailwind|p2a: Learn to fly|[anim]Tailwind\n|-start|p2a: Learn to fly|move: Focus Energy|[zeffect]\n|-sidestart|p2: PiperRat|move: Tailwind\n|move|p1a: Zamazenta|Body Press|p2a: Learn to fly\n|-resisted|p2a: Learn to fly\n|-damage|p2a: Learn to fly|0 fnt\n|faint|p2a: Learn to fly\n|\n|-weather|none\n|upkeep\n|\n|t:|1699146082\n|switch|p2a: There goes my hero|Palafin-Hero, M|100\/100\n|-activate|p2a: There goes my hero|ability: Zero to Hero\n|turn|7\n|\n|t:|1699146090\n|move|p2a: There goes my hero|Bulk Up|p2a: There goes my hero\n|-boost|p2a: There goes my hero|atk|1\n|-boost|p2a: There goes my hero|def|1\n|move|p1a: Zamazenta|Body Press|p2a: There goes my hero\n|-damage|p2a: There goes my hero|21\/100\n|\n|upkeep\n|turn|8\n|\n|t:|1699146097\n|move|p2a: There goes my hero|Wave Crash|p1a: Zamazenta\n|-damage|p1a: Zamazenta|23\/100\n|-damage|p2a: There goes my hero|13\/100|[from] Recoil\n|move|p1a: Zamazenta|Body Press|p2a: There goes my hero\n|-damage|p2a: There goes my hero|0 fnt\n|faint|p2a: There goes my hero\n|\n|upkeep\n|\n|t:|1699146107\n|switch|p2a: Dave Grohl|Pelipper, F|94\/100\n|-weather|RainDance|[from] ability: Drizzle|[of] p2a: Dave Grohl\n|turn|9\n|\n|t:|1699146112\n|move|p1a: Zamazenta|Body Press|p2a: Dave Grohl\n|-resisted|p2a: Dave Grohl\n|-damage|p2a: Dave Grohl|34\/100\n|move|p2a: Dave Grohl|Hurricane|p1a: Zamazenta\n|-damage|p1a: Zamazenta|0 fnt\n|faint|p1a: Zamazenta\n|\n|-weather|RainDance|[upkeep]\n|-sideend|p2: PiperRat|move: Tailwind\n|upkeep\n|\n|t:|1699146130\n|switch|p1a: Gallade|Gallade, M|100\/100\n|turn|10\n|inactive|PiperRat has 90 seconds left.\n|\n|t:|1699146143\n|detailschange|p1a: Gallade|Gallade-Mega, M\n|-mega|p1a: Gallade|Gallade|Galladite\n|move|p1a: Gallade|Knock Off|p2a: Dave Grohl\n|-damage|p2a: Dave Grohl|0 fnt\n|-enditem|p2a: Dave Grohl|Damp Rock|[from] move: Knock Off|[of] p1a: Gallade\n|faint|p2a: Dave Grohl\n|\n|-weather|RainDance|[upkeep]\n|upkeep\n|inactive|PiperRat has 90 seconds left.\n|\n|t:|1699146148\n|switch|p2a: Breakout|Swampert, F|100\/100\n|turn|11\n|\n|t:|1699146170\n|detailschange|p2a: Breakout|Swampert-Mega, F\n|-mega|p2a: Breakout|Swampert|Swampertite\n|move|p2a: Breakout|Liquidation|p1a: Gallade\n|-crit|p1a: Gallade\n|-damage|p1a: Gallade|0 fnt\n|faint|p1a: Gallade\n|\n|-weather|RainDance|[upkeep]\n|upkeep\n|\n|t:|1699146182\n|switch|p1a: Amoonguss|Amoonguss, M|100\/100\n|turn|12\n|\n|t:|1699146191\n|move|p2a: Breakout|Ice Punch|p1a: Amoonguss\n|-supereffective|p1a: Amoonguss\n|-damage|p1a: Amoonguss|54\/100\n|move|p1a: Amoonguss|Spore|p2a: Breakout\n|-status|p2a: Breakout|slp|[from] move: Spore\n|\n|-weather|RainDance|[upkeep]\n|-heal|p1a: Amoonguss|60\/100|[from] item: Leftovers\n|upkeep\n|turn|13\n|\n|t:|1699146201\n|switch|p2a: The Pretender|Urshifu, M|100\/100\n|move|p1a: Amoonguss|Sunny Day|p1a: Amoonguss\n|-weather|SunnyDay\n|\n|-weather|SunnyDay|[upkeep]\n|-heal|p1a: Amoonguss|67\/100|[from] item: Leftovers\n|upkeep\n|turn|14\n|inactive|PiperRat has 120 seconds left.\n|\n|t:|1699146218\n|move|p2a: The Pretender|Swords Dance|p2a: The Pretender\n|-boost|p2a: The Pretender|atk|2\n|move|p1a: Amoonguss|Giga Drain|p2a: The Pretender\n|-damage|p2a: The Pretender|67\/100\n|-heal|p1a: Amoonguss|80\/100|[from] drain|[of] p2a: The Pretender\n|\n|-weather|SunnyDay|[upkeep]\n|-heal|p1a: Amoonguss|86\/100|[from] item: Leftovers\n|upkeep\n|turn|15\n|\n|t:|1699146230\n|move|p2a: The Pretender|Swords Dance|p2a: The Pretender\n|-boost|p2a: The Pretender|atk|2\n|move|p1a: Amoonguss|Giga Drain|p2a: The Pretender\n|-damage|p2a: The Pretender|33\/100\n|-heal|p1a: Amoonguss|99\/100|[from] drain|[of] p2a: The Pretender\n|\n|-weather|SunnyDay|[upkeep]\n|-heal|p1a: Amoonguss|100\/100|[from] item: Leftovers\n|upkeep\n|turn|16\n|\n|t:|1699146233\n|move|p2a: The Pretender|Wicked Blow|p1a: Amoonguss\n|-crit|p1a: Amoonguss\n|-damage|p1a: Amoonguss|0 fnt\n|faint|p1a: Amoonguss\n|\n|-weather|SunnyDay|[upkeep]\n|upkeep\n|\n|t:|1699146236\n|switch|p1a: Forretress|Forretress, F|100\/100\n|turn|17\n|\n|t:|1699146240\n|move|p2a: The Pretender|Close Combat|p1a: Forretress\n|-ability|p1a: Forretress|Sturdy\n|-damage|p1a: Forretress|1\/100\n|-unboost|p2a: The Pretender|def|1\n|-unboost|p2a: The Pretender|spd|1\n|move|p1a: Forretress|Explosion|p2a: The Pretender\n|-enditem|p1a: Forretress|Normal Gem|[from] gem\n|-damage|p2a: The Pretender|0 fnt\n|faint|p1a: Forretress\n|faint|p2a: The Pretender\n|\n|-weather|none\n|upkeep\n|\n|t:|1699146258\n|switch|p2a: Breakout|Swampert-Mega, F|100\/100 slp\n|switch|p1a: Gliscor|Gliscor, F|100\/100\n|turn|18\n|\n|t:|1699146277\n|cant|p2a: Breakout|slp\n|move|p1a: Gliscor|Earthquake|p2a: Breakout\n|-damage|p2a: Breakout|72\/100 slp\n|\n|-status|p1a: Gliscor|tox|[from] item: Toxic Orb\n|upkeep\n|turn|19\n|\n|t:|1699146288\n|cant|p2a: Breakout|slp\n|move|p1a: Gliscor|Earthquake|p2a: Breakout\n|-damage|p2a: Breakout|42\/100 slp\n|\n|upkeep\n|turn|20\n|\n|t:|1699146294\n|cant|p2a: Breakout|slp\n|move|p1a: Gliscor|Earthquake|p2a: Breakout\n|-crit|p2a: Breakout\n|-damage|p2a: Breakout|0 fnt\n|faint|p2a: Breakout\n|\n|win|SuzumiSou\n|l|\u2606PiperRat\n|l|\u2606SuzumiSou\n|j|\u2606SuzumiSou\n|player|p1|SuzumiSou|winona\n","uploadtime":1699146304,"views":31,"p1id":"suzumisou","p2id":"piperrat","formatid":"gen9nationaldexubers","rating":0,"private":0,"password":""}