{"id":"gen9nationaldexubers-1990568490","p1":"Trifortay","p2":"Regisrex","format":"[Gen 9] National Dex Ubers","log":"|j|\u2606Trifortay\n|j|\u2606Regisrex\n|t:|1699982141\n|gametype|singles\n|player|p1|Trifortay|blue-gen1|1091\n|player|p2|Regisrex|nate|1079\n|teamsize|p1|6\n|teamsize|p2|6\n|gen|9\n|tier|[Gen 9] National Dex Ubers\n|rated|\n|rule|HP Percentage Mod: HP is shown in percentages\n|rule|Endless Battle Clause: Forcing endless battles is banned\n|rule|OHKO Clause: OHKO moves are banned\n|rule|Evasion Moves Clause: Evasion moves are banned\n|rule|Evasion Items Clause: Evasion items are banned\n|rule|Species Clause: Limit one of each Pok\u00e9mon\n|rule|Sleep Clause Mod: Limit one foe put to sleep\n|rule|Mega Rayquaza Clause: You cannot mega evolve Rayquaza\n|clearpoke\n|poke|p1|Mewtwo|\n|poke|p1|Kyurem-Black|\n|poke|p1|Zacian-*|\n|poke|p1|Darkrai|\n|poke|p1|Eternatus|\n|poke|p1|Arceus-Water|\n|poke|p2|Smeargle, M|\n|poke|p2|Darmanitan-Galar, M|\n|poke|p2|Flutter Mane|\n|poke|p2|Rillaboom, M|\n|poke|p2|Rotom-Wash|\n|poke|p2|Kommo-o, M|\n|teampreview\n|inactive|Battle timer is ON: inactive players will automatically lose when time's up. (requested by Regisrex)\n|\n|t:|1699982146\n|start\n|switch|p1a: Darkrai|Darkrai|100\/100\n|switch|p2a: Smeargle|Smeargle, M, shiny|100\/100\n|turn|1\n|\n|t:|1699982158\n|move|p1a: Darkrai|Hypnosis|p2a: Smeargle\n|-status|p2a: Smeargle|slp|[from] move: Hypnosis\n|cant|p2a: Smeargle|slp\n|\n|-damage|p2a: Smeargle|88\/100 slp|[from] ability: Bad Dreams|[of] p1a: Darkrai\n|upkeep\n|turn|2\n|c|\u2606Trifortay|no one wins against me with smeargle\n|\n|t:|1699982177\n|switch|p2a: Flutter Mane|Flutter Mane|100\/100\n|-enditem|p2a: Flutter Mane|Booster Energy\n|-activate|p2a: Flutter Mane|ability: Protosynthesis|[fromitem]\n|-start|p2a: Flutter Mane|protosynthesisspa\n|move|p1a: Darkrai|Spacial Rend|p2a: Flutter Mane\n|-immune|p2a: Flutter Mane\n|\n|upkeep\n|turn|3\n|\n|t:|1699982198\n|switch|p1a: Arceus|Arceus-Water|100\/100\n|move|p2a: Flutter Mane|Calm Mind|p2a: Flutter Mane\n|-boost|p2a: Flutter Mane|spa|1\n|-boost|p2a: Flutter Mane|spd|1\n|\n|upkeep\n|turn|4\n|\n|t:|1699982206\n|move|p1a: Arceus|Toxic|p2a: Flutter Mane\n|-status|p2a: Flutter Mane|tox\n|move|p2a: Flutter Mane|Taunt|p1a: Arceus\n|-start|p1a: Arceus|move: Taunt\n|\n|-damage|p2a: Flutter Mane|95\/100 tox|[from] psn\n|upkeep\n|turn|5\n|\n|t:|1699982218\n|move|p1a: Arceus|Judgment|p2a: Flutter Mane\n|-damage|p2a: Flutter Mane|52\/100 tox\n|move|p2a: Flutter Mane|Shadow Ball|p1a: Arceus\n|-damage|p1a: Arceus|24\/100\n|-unboost|p1a: Arceus|spd|1\n|\n|-damage|p2a: Flutter Mane|40\/100 tox|[from] psn\n|upkeep\n|turn|6\n|\n|t:|1699982238\n|switch|p1a: Mewtwo|Mewtwo|100\/100\n|-ability|p1a: Mewtwo|Pressure\n|move|p2a: Flutter Mane|Shadow Ball|p1a: Mewtwo\n|-supereffective|p1a: Mewtwo\n|-damage|p1a: Mewtwo|0 fnt\n|faint|p1a: Mewtwo\n|\n|-damage|p2a: Flutter Mane|22\/100 tox|[from] psn\n|upkeep\n|inactive|Trifortay has 120 seconds left.\n|\n|t:|1699982256\n|switch|p1a: Kyurem|Kyurem-Black|100\/100\n|-ability|p1a: Kyurem|Teravolt\n|turn|7\n|inactive|Trifortay has 120 seconds left.\n|\n|t:|1699982267\n|switch|p1a: Zacian|Zacian-Crowned|100\/100\n|-ability|p1a: Zacian|Intrepid Sword|boost\n|-boost|p1a: Zacian|atk|1\n|move|p2a: Flutter Mane|Draining Kiss|p1a: Zacian\n|-resisted|p1a: Zacian\n|-damage|p1a: Zacian|73\/100\n|-heal|p2a: Flutter Mane|49\/100 tox|[from] drain|[of] p1a: Zacian\n|\n|-damage|p2a: Flutter Mane|25\/100 tox|[from] psn\n|upkeep\n|turn|8\n|inactive|Trifortay has 120 seconds left.\n|\n|t:|1699982278\n|move|p1a: Zacian|Play Rough|p2a: Flutter Mane|[miss]\n|-miss|p1a: Zacian|p2a: Flutter Mane\n|move|p2a: Flutter Mane|Shadow Ball|p1a: Zacian\n|-damage|p1a: Zacian|0 fnt\n|faint|p1a: Zacian\n|\n|-damage|p2a: Flutter Mane|0 fnt|[from] psn\n|faint|p2a: Flutter Mane\n|-end|p2a: Flutter Mane|Protosynthesis|[silent]\n|upkeep\n|inactive|Trifortay has 120 seconds left.\n|\n|t:|1699982292\n|switch|p1a: Arceus|Arceus-Water|24\/100\n|switch|p2a: Kommo-o|Kommo-o, M|100\/100\n|turn|9\n|inactive|Trifortay has 120 seconds left.\n|\n|t:|1699982300\n|move|p1a: Arceus|Recover|p1a: Arceus\n|-heal|p1a: Arceus|74\/100\n|move|p2a: Kommo-o|Body Press|p1a: Arceus\n|-damage|p1a: Arceus|50\/100\n|\n|upkeep\n|turn|10\n|inactive|Trifortay has 120 seconds left.\n|\n|t:|1699982310\n|move|p1a: Arceus|Recover|p1a: Arceus\n|-heal|p1a: Arceus|100\/100\n|move|p2a: Kommo-o|Toxic|p1a: Arceus\n|-status|p1a: Arceus|tox\n|\n|-damage|p1a: Arceus|94\/100 tox|[from] psn\n|upkeep\n|turn|11\n|inactive|Trifortay has 120 seconds left.\n|\n|t:|1699982331\n|switch|p1a: Kyurem|Kyurem-Black|100\/100\n|-ability|p1a: Kyurem|Teravolt\n|move|p2a: Kommo-o|Stealth Rock|p1a: Kyurem\n|-sidestart|p1: Trifortay|move: Stealth Rock\n|\n|upkeep\n|turn|12\n|\n|t:|1699982344\n|move|p1a: Kyurem|Icicle Spear|p2a: Kommo-o\n|-supereffective|p2a: Kommo-o\n|-damage|p2a: Kommo-o|65\/100\n|-supereffective|p2a: Kommo-o\n|-damage|p2a: Kommo-o|29\/100\n|-supereffective|p2a: Kommo-o\n|-damage|p2a: Kommo-o|0 fnt\n|faint|p2a: Kommo-o\n|-hitcount|p2: Kommo-o|3\n|\n|upkeep\n|\n|t:|1699982364\n|switch|p2a: Darmanitan|Darmanitan-Galar, M|100\/100\n|turn|13\n|inactive|Trifortay has 120 seconds left.\n|\n|t:|1699982371\n|switch|p1a: Arceus|Arceus-Water|94\/100 tox\n|-damage|p1a: Arceus|82\/100 tox|[from] Stealth Rock\n|move|p2a: Darmanitan|Icicle Crash|p1a: Arceus\n|-resisted|p1a: Arceus\n|-damage|p1a: Arceus|55\/100 tox\n|\n|-damage|p1a: Arceus|49\/100 tox|[from] psn\n|upkeep\n|turn|14\n|\n|t:|1699982382\n|switch|p2a: Rotom|Rotom-Wash|100\/100\n|move|p1a: Arceus|Defog|p2a: Rotom\n|-unboost|p2a: Rotom|evasion|1\n|-sideend|p1: Trifortay|Stealth Rock|[from] move: Defog|[of] p1a: Arceus\n|\n|-damage|p1a: Arceus|37\/100 tox|[from] psn\n|upkeep\n|turn|15\n|\n|t:|1699982392\n|move|p1a: Arceus|Recover|p1a: Arceus\n|-heal|p1a: Arceus|87\/100 tox\n|move|p2a: Rotom|Nasty Plot|p2a: Rotom\n|-boost|p2a: Rotom|spa|2\n|\n|-damage|p1a: Arceus|69\/100 tox|[from] psn\n|upkeep\n|turn|16\n|\n|t:|1699982402\n|switch|p1a: Eternatus|Eternatus|100\/100\n|-ability|p1a: Eternatus|Pressure\n|-item|p1a: Eternatus|Air Balloon\n|move|p2a: Rotom|Nasty Plot|p2a: Rotom\n|-boost|p2a: Rotom|spa|2\n|\n|upkeep\n|turn|17\n|\n|t:|1699982424\n|move|p1a: Eternatus|Dynamax Cannon|p2a: Rotom\n|-damage|p2a: Rotom|25\/100\n|move|p2a: Rotom|Defog|p1a: Eternatus\n|-unboost|p1a: Eternatus|evasion|1\n|\n|upkeep\n|turn|18\n|\n|t:|1699982431\n|move|p1a: Eternatus|Dynamax Cannon|p2a: Rotom\n|-damage|p2a: Rotom|0 fnt\n|faint|p2a: Rotom\n|\n|upkeep\n|\n|t:|1699982435\n|switch|p2a: Darmanitan|Darmanitan-Galar, M|100\/100\n|turn|19\n|\n|t:|1699982445\n|move|p1a: Eternatus|Flamethrower|p2a: Darmanitan\n|-supereffective|p2a: Darmanitan\n|-damage|p2a: Darmanitan|28\/100\n|-status|p2a: Darmanitan|brn\n|move|p2a: Darmanitan|Earthquake|p1a: Eternatus\n|-immune|p1a: Eternatus\n|\n|-damage|p2a: Darmanitan|22\/100 brn|[from] brn\n|upkeep\n|turn|20\n|\n|t:|1699982461\n|switch|p2a: Smeargle|Smeargle, M, shiny|88\/100 slp\n|move|p1a: Eternatus|Flamethrower|p2a: Smeargle\n|-damage|p2a: Smeargle|26\/100 slp\n|\n|-heal|p2a: Smeargle|32\/100 slp|[from] item: Leftovers\n|upkeep\n|turn|21\n|\n|t:|1699982470\n|switch|p1a: Darkrai|Darkrai|100\/100\n|cant|p2a: Smeargle|slp\n|\n|-heal|p2a: Smeargle|38\/100 slp|[from] item: Leftovers\n|-damage|p2a: Smeargle|25\/100 slp|[from] ability: Bad Dreams|[of] p1a: Darkrai\n|upkeep\n|turn|22\n|-message|Regisrex forfeited.\n|\n|win|Trifortay\n|raw|Trifortay's rating: 1091 &rarr; <strong>1116<\/strong><br \/>(+25 for winning)\n|raw|Regisrex's rating: 1079 &rarr; <strong>1058<\/strong><br \/>(-21 for losing)\n|l|\u2606Regisrex\n","uploadtime":1699982491,"views":8,"p1id":"trifortay","p2id":"regisrex","formatid":"gen9nationaldexubers","rating":1058,"private":0,"password":""}