{"id":"gen9nationaldexubers-1986791989","p1":"arafatr871","p2":"Soyeon is a cutie","format":"[Gen 9] National Dex Ubers","log":"|j|\u2606arafatr871\n|j|\u2606Soyeon is a cutie\n|t:|1699525927\n|gametype|singles\n|player|p1|arafatr871|silver|1710\n|player|p2|Soyeon is a cutie|idol|1854\n|teamsize|p1|6\n|teamsize|p2|6\n|gen|9\n|tier|[Gen 9] National Dex Ubers\n|rated|\n|rule|HP Percentage Mod: HP is shown in percentages\n|rule|Endless Battle Clause: Forcing endless battles is banned\n|rule|OHKO Clause: OHKO moves are banned\n|rule|Evasion Moves Clause: Evasion moves are banned\n|rule|Evasion Items Clause: Evasion items are banned\n|rule|Species Clause: Limit one of each Pok\u00e9mon\n|rule|Sleep Clause Mod: Limit one foe put to sleep\n|rule|Mega Rayquaza Clause: You cannot mega evolve Rayquaza\n|clearpoke\n|poke|p1|Groudon|\n|poke|p1|Dondozo, M|\n|poke|p1|Yveltal|\n|poke|p1|Zacian-*|\n|poke|p1|Kyogre|\n|poke|p1|Samurott-Hisui, M|\n|poke|p2|Arceus-Fairy|\n|poke|p2|Kingambit, M|\n|poke|p2|Ditto|\n|poke|p2|Urshifu-*, F|\n|poke|p2|Lunala|\n|poke|p2|Necrozma-Dusk-Mane|\n|teampreview\n|inactive|Battle timer is ON: inactive players will automatically lose when time's up. (requested by arafatr871)\n|inactive|Soyeon is a cutie also wants the timer to be on.\n|\n|t:|1699525937\n|start\n|switch|p1a: Kyogre|Kyogre|100\/100\n|switch|p2a: Arceus|Arceus-Fairy|100\/100\n|detailschange|p1a: Kyogre|Kyogre-Primal\n|-primal|p1a: Kyogre|Blue Orb\n|-weather|PrimordialSea|[from] ability: Primordial Sea|[of] p1a: Kyogre\n|turn|1\n|\n|t:|1699525942\n|move|p2a: Arceus|Judgment|p1a: Kyogre\n|-damage|p1a: Kyogre|75\/100\n|move|p1a: Kyogre|Scald|p2a: Arceus\n|-damage|p2a: Arceus|42\/100\n|-status|p2a: Arceus|brn\n|\n|-weather|PrimordialSea|[upkeep]\n|-damage|p2a: Arceus|36\/100 brn|[from] brn\n|upkeep\n|turn|2\n|\n|t:|1699525949\n|move|p2a: Arceus|Judgment|p1a: Kyogre\n|-damage|p1a: Kyogre|48\/100\n|move|p1a: Kyogre|Scald|p2a: Arceus\n|-damage|p2a: Arceus|0 fnt\n|faint|p2a: Arceus\n|\n|-weather|PrimordialSea|[upkeep]\n|upkeep\n|\n|t:|1699525959\n|switch|p2a: Urshifu|Urshifu, F|100\/100\n|turn|3\n|\n|t:|1699525967\n|-weather|none\n|switch|p1a: Dondozo|Dondozo, M, shiny|100\/100\n|move|p2a: Urshifu|Low Kick|p1a: Dondozo\n|-damage|p1a: Dondozo|54\/100\n|-damage|p2a: Urshifu|91\/100|[from] item: Life Orb\n|\n|-heal|p1a: Dondozo|60\/100|[from] item: Leftovers\n|upkeep\n|turn|4\n|\n|t:|1699525992\n|switch|p2a: Lunala|Lunala, shiny|100\/100\n|move|p1a: Dondozo|Earthquake|p2a: Lunala\n|-damage|p2a: Lunala|86\/100\n|\n|-heal|p1a: Dondozo|66\/100|[from] item: Leftovers\n|upkeep\n|turn|5\n|\n|t:|1699526000\n|move|p2a: Lunala|Calm Mind|p2a: Lunala\n|-boost|p2a: Lunala|spa|1\n|-boost|p2a: Lunala|spd|1\n|move|p1a: Dondozo|Liquidation|p2a: Lunala\n|-damage|p2a: Lunala|49\/100\n|\n|-heal|p1a: Dondozo|72\/100|[from] item: Leftovers\n|upkeep\n|turn|6\n|\n|t:|1699526004\n|move|p2a: Lunala|Moongeist Beam|p1a: Dondozo\n|-damage|p1a: Dondozo|0 fnt\n|faint|p1a: Dondozo\n|\n|upkeep\n|\n|t:|1699526008\n|switch|p1a: Yveltal|Yveltal, shiny|100\/100\n|-ability|p1a: Yveltal|Dark Aura\n|turn|7\n|\n|t:|1699526010\n|-terastallize|p2a: Lunala|Fairy\n|move|p1a: Yveltal|Sucker Punch|p2a: Lunala\n|-resisted|p2a: Lunala\n|-damage|p2a: Lunala|21\/100\n|-damage|p1a: Yveltal|91\/100|[from] item: Life Orb\n|move|p2a: Lunala|Moonblast|p1a: Yveltal\n|-supereffective|p1a: Yveltal\n|-damage|p1a: Yveltal|0 fnt\n|faint|p1a: Yveltal\n|\n|upkeep\n|\n|t:|1699526019\n|switch|p1a: Zacian|Zacian-Crowned|100\/100\n|-ability|p1a: Zacian|Intrepid Sword|boost\n|-boost|p1a: Zacian|atk|1\n|turn|8\n|\n|t:|1699526026\n|switch|p2a: Necrozma|Necrozma-Dusk-Mane, shiny|100\/100\n|move|p1a: Zacian|Behemoth Blade|p2a: Necrozma\n|-resisted|p2a: Necrozma\n|-damage|p2a: Necrozma|65\/100\n|\n|upkeep\n|turn|9\n|\n|t:|1699526030\n|detailschange|p2a: Necrozma|Necrozma-Ultra, shiny\n|-burst|p2a: Necrozma|Necrozma|Ultranecrozium Z\n|-terastallize|p1a: Zacian|Ground\n|move|p1a: Zacian|Tera Blast|p2a: Necrozma|[anim] Tera Blast Ground\n|-damage|p2a: Necrozma|0 fnt\n|faint|p2a: Necrozma\n|\n|upkeep\n|\n|t:|1699526033\n|switch|p2a: Ditto|Ditto, shiny|100\/100\n|-transform|p2a: Ditto|p1a: Zacian|[from] ability: Imposter\n|-ability|p2a: Ditto|Intrepid Sword|boost\n|-boost|p2a: Ditto|atk|1\n|-start|p2a: Ditto|typechange|Fairy\/Steel|[silent]\n|turn|10\n|\n|t:|1699526041\n|move|p2a: Ditto|Close Combat|p1a: Zacian\n|-damage|p1a: Zacian|9\/100\n|-unboost|p2a: Ditto|def|1\n|-unboost|p2a: Ditto|spd|1\n|move|p1a: Zacian|Tera Blast|p2a: Ditto|[anim] Tera Blast Ground\n|-supereffective|p2a: Ditto\n|-damage|p2a: Ditto|0 fnt\n|faint|p2a: Ditto\n|\n|upkeep\n|\n|t:|1699526045\n|switch|p2a: Urshifu|Urshifu, F|91\/100\n|turn|11\n|\n|t:|1699526049\n|move|p2a: Urshifu|Sucker Punch|p1a: Zacian\n|-damage|p1a: Zacian|0 fnt\n|faint|p1a: Zacian\n|-damage|p2a: Urshifu|81\/100|[from] item: Life Orb\n|\n|upkeep\n|\n|t:|1699526059\n|switch|p1a: Groudon|Groudon, shiny|100\/100\n|detailschange|p1a: Groudon|Groudon-Primal, shiny\n|-primal|p1a: Groudon|Red Orb\n|-weather|DesolateLand|[from] ability: Desolate Land|[of] p1a: Groudon\n|turn|12\n|\n|t:|1699526065\n|move|p2a: Urshifu|Wicked Blow|p1a: Groudon\n|-crit|p1a: Groudon\n|-damage|p1a: Groudon|50\/100\n|-damage|p2a: Urshifu|71\/100|[from] item: Life Orb\n|move|p1a: Groudon|Earthquake|p2a: Urshifu\n|-damage|p2a: Urshifu|0 fnt\n|faint|p2a: Urshifu\n|\n|-weather|DesolateLand|[upkeep]\n|upkeep\n|\n|t:|1699526068\n|switch|p2a: Lunala|Lunala, shiny, tera:Fairy|21\/100\n|turn|13\n|\n|t:|1699526072\n|move|p2a: Lunala|Moongeist Beam|p1a: Groudon\n|-damage|p1a: Groudon|0 fnt\n|faint|p1a: Groudon\n|-weather|none\n|\n|upkeep\n|\n|t:|1699526077\n|switch|p1a: Samurott|Samurott-Hisui, M, shiny|100\/100\n|turn|14\n|\n|t:|1699526079\n|move|p1a: Samurott|Aqua Jet|p2a: Lunala\n|-damage|p2a: Lunala|2\/100\n|move|p2a: Lunala|Moonblast|p1a: Samurott\n|-supereffective|p1a: Samurott\n|-enditem|p1a: Samurott|Focus Sash\n|-damage|p1a: Samurott|1\/100\n|\n|upkeep\n|turn|15\n|\n|t:|1699526084\n|move|p1a: Samurott|Aqua Jet|p2a: Lunala\n|-damage|p2a: Lunala|0 fnt\n|faint|p2a: Lunala\n|\n|upkeep\n|\n|t:|1699526086\n|switch|p2a: Kingambit|Kingambit, M|100\/100\n|-activate|p2a: Kingambit|ability: Supreme Overlord\n|-start|p2a: Kingambit|fallen5|[silent]\n|turn|16\n|\n|t:|1699526089\n|move|p1a: Samurott|Aqua Jet|p2a: Kingambit\n|-damage|p2a: Kingambit|85\/100\n|move|p2a: Kingambit|Sucker Punch||[still]\n|-fail|p2a: Kingambit\n|\n|upkeep\n|turn|17\n|\n|t:|1699526093\n|move|p2a: Kingambit|Sucker Punch|p1a: Samurott\n|-resisted|p1a: Samurott\n|-damage|p1a: Samurott|0 fnt\n|faint|p1a: Samurott\n|\n|upkeep\n|\n|t:|1699526096\n|switch|p1a: Kyogre|Kyogre-Primal|48\/100\n|-weather|PrimordialSea|[from] ability: Primordial Sea|[of] p1a: Kyogre\n|turn|18\n|\n|t:|1699526100\n|move|p2a: Kingambit|Sucker Punch|p1a: Kyogre\n|-damage|p1a: Kyogre|0 fnt\n|faint|p1a: Kyogre\n|-weather|none\n|\n|win|Soyeon is a cutie\n|raw|arafatr871's rating: 1710 &rarr; <strong>1698<\/strong><br \/>(-12 for losing)\n|raw|Soyeon is a cutie's rating: 1854 &rarr; <strong>1866<\/strong><br \/>(+12 for winning)\n|l|\u2606Soyeon is a cutie\n","uploadtime":1699526104,"views":7,"p1id":"arafatr871","p2id":"soyeonisacutie","formatid":"gen9nationaldexubers","rating":1698,"private":0,"password":""}