{"id":"gen9nationaldexubers-1984901273","p1":"a fat stinkydino","p2":"zillygaming","format":"[Gen 9] National Dex Ubers","log":"|j|\u2606a fat stinkydino\n|j|\u2606zillygaming\n|t:|1699309042\n|gametype|singles\n|player|p1|a fat stinkydino|ash-kalos|1343\n|player|p2|zillygaming|ingo|1221\n|teamsize|p1|6\n|teamsize|p2|6\n|gen|9\n|tier|[Gen 9] National Dex Ubers\n|rated|\n|rule|HP Percentage Mod: HP is shown in percentages\n|rule|Endless Battle Clause: Forcing endless battles is banned\n|rule|OHKO Clause: OHKO moves are banned\n|rule|Evasion Moves Clause: Evasion moves are banned\n|rule|Evasion Items Clause: Evasion items are banned\n|rule|Species Clause: Limit one of each Pok\u00e9mon\n|rule|Sleep Clause Mod: Limit one foe put to sleep\n|rule|Mega Rayquaza Clause: You cannot mega evolve Rayquaza\n|clearpoke\n|poke|p1|Lucario, M|\n|poke|p1|Kingambit, M|\n|poke|p1|Zacian-*|\n|poke|p1|Spectrier|\n|poke|p1|Shaymin-Sky|\n|poke|p1|Darkrai|\n|poke|p2|Incineroar, M|\n|poke|p2|Meowscarada, M|\n|poke|p2|Zacian-*|\n|poke|p2|Blastoise, M|\n|poke|p2|Lycanroc-Dusk, M|\n|poke|p2|Lunala|\n|teampreview\n|inactive|Battle timer is ON: inactive players will automatically lose when time's up. (requested by a fat stinkydino)\n|j| michaeljohncom\n|\n|t:|1699309070\n|start\n|switch|p1a: Shaymin|Shaymin-Sky, shiny|100\/100\n|switch|p2a: Meowscarada|Meowscarada, M, shiny|100\/100\n|turn|1\n|c|\u2606zillygaming|Glhf\n|c|\u2606a fat stinkydino|u2 bro\n|\n|t:|1699309085\n|move|p2a: Meowscarada|Protect|p2a: Meowscarada\n|-start|p2a: Meowscarada|typechange|Normal|[from] ability: Protean\n|-singleturn|p2a: Meowscarada|Protect\n|move|p1a: Shaymin|Air Slash|p2a: Meowscarada\n|-activate|p2a: Meowscarada|move: Protect\n|\n|upkeep\n|turn|2\n|\n|t:|1699309094\n|move|p1a: Shaymin|Air Slash|p2a: Meowscarada\n|-damage|p2a: Meowscarada|53\/100\n|cant|p2a: Meowscarada|flinch\n|\n|-heal|p2a: Meowscarada|60\/100|[from] item: Leftovers\n|upkeep\n|turn|3\n|\n|t:|1699309101\n|move|p2a: Meowscarada|Protect|p2a: Meowscarada\n|-singleturn|p2a: Meowscarada|Protect\n|move|p1a: Shaymin|Air Slash|p2a: Meowscarada\n|-activate|p2a: Meowscarada|move: Protect\n|\n|-heal|p2a: Meowscarada|66\/100|[from] item: Leftovers\n|upkeep\n|turn|4\n|\n|t:|1699309109\n|move|p1a: Shaymin|Air Slash|p2a: Meowscarada\n|-damage|p2a: Meowscarada|18\/100\n|cant|p2a: Meowscarada|flinch\n|\n|-heal|p2a: Meowscarada|24\/100|[from] item: Leftovers\n|upkeep\n|turn|5\n|\n|t:|1699309122\n|switch|p2a: Blastoise|Blastoise, M, shiny|100\/100\n|move|p1a: Shaymin|Energy Ball|p2a: Blastoise\n|-supereffective|p2a: Blastoise\n|-damage|p2a: Blastoise|10\/100\n|\n|upkeep\n|turn|6\n|c|\u2606a fat stinkydino|my bad yo\n|\n|t:|1699309134\n|detailschange|p2a: Blastoise|Blastoise-Mega, M, shiny\n|-mega|p2a: Blastoise|Blastoise|Blastoisinite\n|move|p1a: Shaymin|Air Slash|p2a: Blastoise\n|-damage|p2a: Blastoise|0 fnt\n|faint|p2a: Blastoise\n|\n|upkeep\n|l| michaeljohncom\n|\n|t:|1699309143\n|switch|p2a: Lycanroc|Lycanroc-Dusk, M, shiny|100\/100\n|turn|7\n|\n|t:|1699309153\n|move|p1a: Shaymin|Energy Ball|p2a: Lycanroc\n|-supereffective|p2a: Lycanroc\n|-enditem|p2a: Lycanroc|Focus Sash\n|-damage|p2a: Lycanroc|1\/100\n|move|p2a: Lycanroc|Endeavor|p1a: Shaymin\n|-damage|p1a: Shaymin|1\/100\n|\n|upkeep\n|turn|8\n|\n|t:|1699309162\n|switch|p1a: Spectrier|Spectrier|100\/100\n|move|p2a: Lycanroc|Sucker Punch||[still]\n|-fail|p2a: Lycanroc\n|\n|upkeep\n|turn|9\n|\n|t:|1699309170\n|switch|p1a: Lucario|Lucario, M|100\/100\n|move|p2a: Lycanroc|Sucker Punch||[still]\n|-fail|p2a: Lycanroc\n|\n|upkeep\n|turn|10\n|\n|t:|1699309178\n|detailschange|p1a: Lucario|Lucario-Mega, M\n|-mega|p1a: Lucario|Lucario|Lucarionite\n|move|p1a: Lucario|Bullet Punch|p2a: Lycanroc\n|-supereffective|p2a: Lycanroc\n|-damage|p2a: Lycanroc|0 fnt\n|faint|p2a: Lycanroc\n|\n|upkeep\n|inactive|zillygaming has 120 seconds left.\n|l|\u2606zillygaming\n|inactive|zillygaming disconnected and has a minute to reconnect!\n|player|p2|\n|j|\u2606zillygaming\n|inactive|zillygaming reconnected and has 100 seconds left.\n|player|p2|zillygaming|ingo\n|\n|t:|1699309236\n|switch|p2a: Lunala|Lunala, shiny|100\/100\n|turn|11\n|\n|t:|1699309243\n|move|p1a: Lucario|Meteor Mash|p2a: Lunala\n|-damage|p2a: Lunala|72\/100\n|move|p2a: Lunala|Meteor Beam||[still]\n|-prepare|p2a: Lunala|Meteor Beam\n|-boost|p2a: Lunala|spa|1\n|-enditem|p2a: Lunala|Power Herb\n|-anim|p2a: Lunala|Meteor Beam|p1a: Lucario|[miss]\n|-miss|p2a: Lunala|p1a: Lucario\n|\n|upkeep\n|turn|12\n|\n|t:|1699309252\n|move|p1a: Lucario|Meteor Mash|p2a: Lunala\n|-damage|p2a: Lunala|17\/100\n|move|p2a: Lunala|Moongeist Beam|p1a: Lucario\n|-damage|p1a: Lucario|0 fnt\n|faint|p1a: Lucario\n|\n|upkeep\n|\n|t:|1699309259\n|switch|p1a: Spectrier|Spectrier|100\/100\n|turn|13\n|\n|t:|1699309264\n|move|p1a: Spectrier|Shadow Ball|p2a: Lunala\n|-supereffective|p2a: Lunala\n|-damage|p2a: Lunala|0 fnt\n|faint|p2a: Lunala\n|-ability|p1a: Spectrier|Grim Neigh|boost\n|-boost|p1a: Spectrier|spa|1\n|\n|upkeep\n|\n|t:|1699309271\n|switch|p2a: Zacian|Zacian-Crowned, shiny|100\/100\n|-ability|p2a: Zacian|Intrepid Sword|boost\n|-boost|p2a: Zacian|atk|1\n|turn|14\n|inactive|zillygaming has 120 seconds left.\n|\n|t:|1699309284\n|switch|p1a: Zacian|Zacian-Crowned, shiny|100\/100\n|-ability|p1a: Zacian|Intrepid Sword|boost\n|-boost|p1a: Zacian|atk|1\n|move|p2a: Zacian|Behemoth Blade|p1a: Zacian\n|-damage|p1a: Zacian|18\/100\n|\n|upkeep\n|turn|15\n|\n|t:|1699309293\n|-terastallize|p1a: Zacian|Ground\n|move|p1a: Zacian|Tera Blast|p2a: Zacian|[anim] Tera Blast Ground\n|-supereffective|p2a: Zacian\n|-damage|p2a: Zacian|0 fnt\n|faint|p2a: Zacian\n|\n|upkeep\n|\n|t:|1699309300\n|switch|p2a: Meowscarada|Meowscarada, M, shiny|24\/100\n|turn|16\n|\n|t:|1699309310\n|-terastallize|p2a: Meowscarada|Fire\n|move|p1a: Zacian|Swords Dance|p1a: Zacian\n|-boost|p1a: Zacian|atk|2\n|move|p2a: Meowscarada|Flower Trick|p1a: Zacian\n|-supereffective|p1a: Zacian\n|-crit|p1a: Zacian\n|-damage|p1a: Zacian|0 fnt\n|faint|p1a: Zacian\n|\n|-heal|p2a: Meowscarada|30\/100|[from] item: Leftovers\n|upkeep\n|\n|t:|1699309320\n|switch|p1a: Kingambit|Kingambit, M, shiny|100\/100\n|-activate|p1a: Kingambit|ability: Supreme Overlord\n|-start|p1a: Kingambit|fallen2|[silent]\n|turn|17\n|\n|t:|1699309332\n|move|p1a: Kingambit|Sucker Punch|p2a: Meowscarada\n|-damage|p2a: Meowscarada|0 fnt\n|faint|p2a: Meowscarada\n|-damage|p1a: Kingambit|91\/100|[from] item: Life Orb\n|\n|upkeep\n|\n|t:|1699309337\n|switch|p2a: Incineroar|Incineroar, M, shiny|100\/100\n|-ability|p2a: Incineroar|Intimidate|boost\n|-unboost|p1a: Kingambit|atk|1\n|turn|18\n|\n|t:|1699309342\n|-end|p1a: Kingambit|fallen2|[silent]\n|switch|p1a: Darkrai|Darkrai, shiny|100\/100\n|move|p2a: Incineroar|Fake Out|p1a: Darkrai\n|-damage|p1a: Darkrai|84\/100\n|\n|upkeep\n|turn|19\n|c|\u2606zillygaming|I haven't played competitive in a while \ud83d\ude14\n|\n|t:|1699309361\n|-zpower|p1a: Darkrai\n|move|p1a: Darkrai|Z-Hypnosis|p2a: Incineroar|[anim]Hypnosis\n|-boost|p1a: Darkrai|spe|1|[zeffect]\n|-status|p2a: Incineroar|slp|[from] move: Hypnosis\n|cant|p2a: Incineroar|slp\n|\n|-damage|p2a: Incineroar|88\/100 slp|[from] ability: Bad Dreams|[of] p1a: Darkrai\n|upkeep\n|turn|20\n|c|\u2606a fat stinkydino|same\n|c|\u2606zillygaming|Gg man\n|c|\u2606a fat stinkydino|i just got back last night\n|c|\u2606a fat stinkydino|ggs bro\n|-message|a fat stinkydino forfeited.\n|\n|win|zillygaming\n|raw|a fat stinkydino's rating: 1343 &rarr; <strong>1316<\/strong><br \/>(-27 for losing)\n|raw|zillygaming's rating: 1221 &rarr; <strong>1254<\/strong><br \/>(+33 for winning)\n|c|\u2606a fat stinkydino|have a good 1\n|c|\u2606a fat stinkydino|<3\n|l|\u2606a fat stinkydino\n|c|\u2606zillygaming|You 2\n","uploadtime":1699309390,"views":7,"p1id":"afatstinkydino","p2id":"zillygaming","formatid":"gen9nationaldexubers","rating":1254,"private":0,"password":""}