{"id":"gen9nationaldexubers-1991992740","p1":"ygo is testing v2","p2":"zooz da tromp","format":"[Gen 9] National Dex Ubers","log":"|j|\u2606ygo is testing v2\n|j|\u2606zooz da tromp\n|t:|1700145878\n|gametype|singles\n|player|p1|ygo is testing v2|1|1655\n|player|p2|zooz da tromp|102|1682\n|teamsize|p1|6\n|teamsize|p2|6\n|gen|9\n|tier|[Gen 9] National Dex Ubers\n|rated|\n|rule|HP Percentage Mod: HP is shown in percentages\n|rule|Endless Battle Clause: Forcing endless battles is banned\n|rule|OHKO Clause: OHKO moves are banned\n|rule|Evasion Moves Clause: Evasion moves are banned\n|rule|Evasion Items Clause: Evasion items are banned\n|rule|Species Clause: Limit one of each Pok\u00e9mon\n|rule|Sleep Clause Mod: Limit one foe put to sleep\n|rule|Mega Rayquaza Clause: You cannot mega evolve Rayquaza\n|clearpoke\n|poke|p1|Zacian-*|\n|poke|p1|Groudon|\n|poke|p1|Necrozma-Dusk-Mane|\n|poke|p1|Salamence, M|\n|poke|p1|Arceus-Water|\n|poke|p1|Yveltal|\n|poke|p2|Dondozo, M|\n|poke|p2|Ho-Oh|\n|poke|p2|Arceus-Dark|\n|poke|p2|Eternatus|\n|poke|p2|Yveltal|\n|poke|p2|Groudon|\n|teampreview\n|inactive|Battle timer is ON: inactive players will automatically lose when time's up. (requested by zooz da tromp)\n|\n|t:|1700145909\n|start\n|switch|p1a: Arceus|Arceus-Water|100\/100\n|switch|p2a: Arceus|Arceus-Dark|100\/100\n|turn|1\n|\n|t:|1700145921\n|move|p1a: Arceus|Toxic|p2a: Arceus\n|-status|p2a: Arceus|tox\n|move|p2a: Arceus|Taunt|p1a: Arceus\n|-start|p1a: Arceus|move: Taunt\n|\n|-damage|p2a: Arceus|94\/100 tox|[from] psn\n|upkeep\n|turn|2\n|\n|t:|1700145931\n|move|p1a: Arceus|Judgment|p2a: Arceus\n|-damage|p2a: Arceus|61\/100 tox\n|move|p2a: Arceus|Judgment|p1a: Arceus\n|-damage|p1a: Arceus|69\/100\n|\n|-damage|p2a: Arceus|48\/100 tox|[from] psn\n|upkeep\n|turn|3\n|\n|t:|1700145942\n|switch|p1a: Yveltal|Yveltal|100\/100\n|-ability|p1a: Yveltal|Dark Aura\n|switch|p2a: Ho-Oh|Ho-Oh|100\/100\n|\n|upkeep\n|turn|4\n|\n|t:|1700145949\n|switch|p1a: Salamence|Salamence, M|100\/100\n|-ability|p1a: Salamence|Intimidate|boost\n|-unboost|p2a: Ho-Oh|atk|1\n|move|p2a: Ho-Oh|Toxic|p1a: Salamence\n|-status|p1a: Salamence|tox\n|\n|-damage|p1a: Salamence|94\/100 tox|[from] psn\n|upkeep\n|turn|5\n|\n|t:|1700145960\n|switch|p1a: Necrozma|Necrozma-Dusk-Mane|100\/100\n|move|p2a: Ho-Oh|Whirlwind|p1a: Necrozma\n|drag|p1a: Zacian|Zacian-Crowned|100\/100\n|-ability|p1a: Zacian|Intrepid Sword|boost\n|-boost|p1a: Zacian|atk|1\n|\n|upkeep\n|turn|6\n|\n|t:|1700145966\n|switch|p1a: Groudon|Groudon|100\/100\n|detailschange|p1a: Groudon|Groudon-Primal\n|-primal|p1a: Groudon|Red Orb\n|-weather|DesolateLand|[from] ability: Desolate Land|[of] p1a: Groudon\n|move|p2a: Ho-Oh|Toxic|p1a: Groudon\n|-status|p1a: Groudon|tox\n|\n|-weather|DesolateLand|[upkeep]\n|-damage|p1a: Groudon|94\/100 tox|[from] psn\n|upkeep\n|turn|7\n|j| cheese miestro\n|\n|t:|1700145976\n|switch|p2a: Eternatus|Eternatus|100\/100\n|-ability|p2a: Eternatus|Pressure\n|move|p1a: Groudon|Spikes|p2a: Eternatus\n|-sidestart|p2: zooz da tromp|Spikes\n|\n|-weather|DesolateLand|[upkeep]\n|-damage|p1a: Groudon|82\/100 tox|[from] psn\n|upkeep\n|turn|8\n|\n|t:|1700145984\n|-weather|none\n|switch|p1a: Necrozma|Necrozma-Dusk-Mane|100\/100\n|move|p2a: Eternatus|Sludge Bomb|p1a: Necrozma\n|-immune|p1a: Necrozma\n|\n|upkeep\n|turn|9\n|\n|t:|1700145990\n|move|p2a: Eternatus|Toxic Spikes|p1a: Necrozma\n|-sidestart|p1: ygo is testing v2|move: Toxic Spikes\n|move|p1a: Necrozma|Stealth Rock|p2a: Eternatus\n|-sidestart|p2: zooz da tromp|move: Stealth Rock\n|\n|upkeep\n|turn|10\n|\n|t:|1700145994\n|move|p2a: Eternatus|Toxic Spikes|p1a: Necrozma\n|-sidestart|p1: ygo is testing v2|move: Toxic Spikes\n|move|p1a: Necrozma|Photon Geyser|p2a: Eternatus\n|-supereffective|p2a: Eternatus\n|-damage|p2a: Eternatus|41\/100\n|\n|-heal|p2a: Eternatus|47\/100|[from] item: Black Sludge\n|upkeep\n|turn|11\n|\n|t:|1700146003\n|move|p2a: Eternatus|Recover|p2a: Eternatus\n|-heal|p2a: Eternatus|97\/100\n|move|p1a: Necrozma|Photon Geyser|p2a: Eternatus\n|-supereffective|p2a: Eternatus\n|-damage|p2a: Eternatus|34\/100\n|\n|-heal|p2a: Eternatus|40\/100|[from] item: Black Sludge\n|upkeep\n|turn|12\n|l| cheese miestro\n|\n|t:|1700146016\n|move|p2a: Eternatus|Recover|p2a: Eternatus\n|-heal|p2a: Eternatus|90\/100\n|move|p1a: Necrozma|Photon Geyser|p2a: Eternatus\n|-supereffective|p2a: Eternatus\n|-damage|p2a: Eternatus|25\/100\n|\n|-heal|p2a: Eternatus|31\/100|[from] item: Black Sludge\n|upkeep\n|turn|13\n|\n|t:|1700146027\n|detailschange|p1a: Necrozma|Necrozma-Ultra\n|-burst|p1a: Necrozma|Necrozma|Ultranecrozium Z\n|move|p1a: Necrozma|Photon Geyser|p2a: Eternatus\n|-supereffective|p2a: Eternatus\n|-damage|p2a: Eternatus|0 fnt\n|faint|p2a: Eternatus\n|\n|upkeep\n|\n|t:|1700146037\n|switch|p2a: Arceus|Arceus-Dark|48\/100 tox\n|-damage|p2a: Arceus|36\/100 tox|[from] Spikes\n|-damage|p2a: Arceus|24\/100 tox|[from] Stealth Rock\n|turn|14\n|\n|t:|1700146047\n|switch|p1a: Yveltal|Yveltal|100\/100\n|-ability|p1a: Yveltal|Dark Aura\n|move|p2a: Arceus|Judgment|p1a: Yveltal\n|-resisted|p1a: Yveltal\n|-damage|p1a: Yveltal|70\/100\n|\n|-damage|p2a: Arceus|18\/100 tox|[from] psn\n|upkeep\n|turn|15\n|\n|t:|1700146056\n|move|p2a: Arceus|Recover|p2a: Arceus\n|-heal|p2a: Arceus|68\/100 tox\n|move|p1a: Yveltal|Oblivion Wing|p2a: Arceus\n|-damage|p2a: Arceus|30\/100 tox\n|-heal|p1a: Yveltal|100\/100|[from] drain|[of] p2a: Arceus\n|-damage|p1a: Yveltal|91\/100|[from] item: Life Orb\n|\n|-damage|p2a: Arceus|18\/100 tox|[from] psn\n|upkeep\n|turn|16\n|\n|t:|1700146066\n|switch|p2a: Yveltal|Yveltal|100\/100\n|-damage|p2a: Yveltal|75\/100|[from] Stealth Rock\n|-ability|p2a: Yveltal|Dark Aura\n|move|p1a: Yveltal|Oblivion Wing|p2a: Yveltal\n|-damage|p2a: Yveltal|46\/100\n|-heal|p1a: Yveltal|100\/100|[from] drain|[of] p2a: Yveltal\n|-damage|p1a: Yveltal|91\/100|[from] item: Life Orb\n|\n|-heal|p2a: Yveltal|52\/100|[from] item: Leftovers\n|upkeep\n|turn|17\n|\n|t:|1700146078\n|move|p1a: Yveltal|Oblivion Wing|p2a: Yveltal\n|-damage|p2a: Yveltal|23\/100\n|-heal|p1a: Yveltal|100\/100|[from] drain|[of] p2a: Yveltal\n|-damage|p1a: Yveltal|91\/100|[from] item: Life Orb\n|move|p2a: Yveltal|Knock Off|p1a: Yveltal\n|-resisted|p1a: Yveltal\n|-damage|p1a: Yveltal|66\/100\n|-enditem|p1a: Yveltal|Life Orb|[from] move: Knock Off|[of] p2a: Yveltal\n|\n|-heal|p2a: Yveltal|29\/100|[from] item: Leftovers\n|upkeep\n|turn|18\n|\n|t:|1700146090\n|move|p1a: Yveltal|Taunt|p2a: Yveltal\n|-start|p2a: Yveltal|move: Taunt\n|cant|p2a: Yveltal|move: Taunt|Roost\n|\n|-heal|p2a: Yveltal|35\/100|[from] item: Leftovers\n|upkeep\n|turn|19\n|\n|t:|1700146097\n|switch|p2a: Ho-Oh|Ho-Oh|100\/100\n|move|p1a: Yveltal|Oblivion Wing|p2a: Ho-Oh\n|-damage|p2a: Ho-Oh|79\/100\n|-heal|p1a: Yveltal|83\/100|[from] drain|[of] p2a: Ho-Oh\n|\n|upkeep\n|turn|20\n|\n|t:|1700146105\n|move|p1a: Yveltal|Taunt|p2a: Ho-Oh\n|-start|p2a: Ho-Oh|move: Taunt\n|move|p2a: Ho-Oh|Sacred Fire|p1a: Yveltal\n|-damage|p1a: Yveltal|46\/100\n|-status|p1a: Yveltal|brn\n|\n|-damage|p1a: Yveltal|40\/100 brn|[from] brn\n|upkeep\n|turn|21\n|\n|t:|1700146113\n|move|p1a: Yveltal|Oblivion Wing|p2a: Ho-Oh\n|-damage|p2a: Ho-Oh|55\/100\n|-heal|p1a: Yveltal|59\/100 brn|[from] drain|[of] p2a: Ho-Oh\n|move|p2a: Ho-Oh|Sacred Fire|p1a: Yveltal\n|-damage|p1a: Yveltal|18\/100 brn\n|\n|-damage|p1a: Yveltal|11\/100 brn|[from] brn\n|upkeep\n|turn|22\n|\n|t:|1700146126\n|switch|p1a: Necrozma|Necrozma-Ultra|100\/100\n|-status|p1a: Necrozma|tox\n|move|p2a: Ho-Oh|Sacred Fire|p1a: Necrozma\n|-resisted|p1a: Necrozma\n|-damage|p1a: Necrozma|76\/100 tox\n|\n|-damage|p1a: Necrozma|70\/100 tox|[from] psn\n|-end|p2a: Ho-Oh|move: Taunt\n|upkeep\n|turn|23\n|\n|t:|1700146138\n|-terastallize|p2a: Ho-Oh|Grass\n|move|p1a: Necrozma|Power Gem|p2a: Ho-Oh\n|-damage|p2a: Ho-Oh|38\/100\n|move|p2a: Ho-Oh|Defog|p1a: Necrozma\n|-unboost|p1a: Necrozma|evasion|1\n|-sideend|p1: ygo is testing v2|Toxic Spikes|[from] move: Defog|[of] p2a: Ho-Oh\n|-sideend|p2: zooz da tromp|Spikes|[from] move: Defog|[of] p2a: Ho-Oh\n|-sideend|p2: zooz da tromp|Stealth Rock|[from] move: Defog|[of] p2a: Ho-Oh\n|\n|-damage|p1a: Necrozma|58\/100 tox|[from] psn\n|upkeep\n|turn|24\n|\n|t:|1700146148\n|switch|p2a: Yveltal|Yveltal|35\/100\n|-ability|p2a: Yveltal|Dark Aura\n|move|p1a: Necrozma|Stealth Rock|p2a: Yveltal\n|-sidestart|p2: zooz da tromp|move: Stealth Rock\n|\n|-heal|p2a: Yveltal|41\/100|[from] item: Leftovers\n|-damage|p1a: Necrozma|40\/100 tox|[from] psn\n|upkeep\n|turn|25\n|\n|t:|1700146159\n|switch|p2a: Ho-Oh|Ho-Oh, tera:Grass|71\/100\n|move|p1a: Necrozma|Power Gem|p2a: Ho-Oh\n|-damage|p2a: Ho-Oh|51\/100\n|\n|-damage|p1a: Necrozma|17\/100 tox|[from] psn\n|upkeep\n|turn|26\n|\n|t:|1700146171\n|switch|p1a: Groudon|Groudon-Primal|82\/100 tox\n|-weather|DesolateLand|[from] ability: Desolate Land|[of] p1a: Groudon\n|move|p2a: Ho-Oh|Defog|p1a: Groudon\n|-unboost|p1a: Groudon|evasion|1\n|-sideend|p2: zooz da tromp|Stealth Rock|[from] move: Defog|[of] p2a: Ho-Oh\n|\n|-weather|DesolateLand|[upkeep]\n|-damage|p1a: Groudon|76\/100 tox|[from] psn\n|upkeep\n|turn|27\n|\n|t:|1700146179\n|switch|p2a: Groudon|Groudon|100\/100\n|detailschange|p2a: Groudon|Groudon-Primal\n|-primal|p2a: Groudon|Red Orb\n|move|p1a: Groudon|Heat Crash|p2a: Groudon\n|-resisted|p2a: Groudon\n|-damage|p2a: Groudon|89\/100\n|\n|-weather|DesolateLand|[upkeep]\n|-damage|p1a: Groudon|63\/100 tox|[from] psn\n|upkeep\n|turn|28\n|\n|t:|1700146188\n|switch|p1a: Salamence|Salamence, M|94\/100 tox\n|-ability|p1a: Salamence|Intimidate|boost\n|-unboost|p2a: Groudon|atk|1\n|move|p2a: Groudon|Precipice Blades|p1a: Salamence\n|-immune|p1a: Salamence\n|\n|-weather|DesolateLand|[upkeep]\n|-damage|p1a: Salamence|88\/100 tox|[from] psn\n|upkeep\n|turn|29\n|\n|t:|1700146199\n|switch|p1a: Groudon|Groudon-Primal|63\/100 tox\n|move|p2a: Groudon|Stone Edge|p1a: Groudon\n|-damage|p1a: Groudon|46\/100 tox\n|\n|-weather|DesolateLand|[upkeep]\n|-damage|p1a: Groudon|40\/100 tox|[from] psn\n|upkeep\n|turn|30\n|\n|t:|1700146214\n|move|p1a: Groudon|Spikes|p2a: Groudon\n|-sidestart|p2: zooz da tromp|Spikes\n|move|p2a: Groudon|Precipice Blades|p1a: Groudon\n|-supereffective|p1a: Groudon\n|-damage|p1a: Groudon|0 fnt\n|faint|p1a: Groudon\n|\n|-weather|DesolateLand|[upkeep]\n|upkeep\n|\n|t:|1700146222\n|switch|p1a: Necrozma|Necrozma-Ultra|17\/100 tox\n|turn|31\n|\n|t:|1700146232\n|switch|p1a: Yveltal|Yveltal|11\/100 brn\n|-ability|p1a: Yveltal|Dark Aura\n|-weather|none\n|switch|p2a: Ho-Oh|Ho-Oh, tera:Grass|85\/100\n|\n|-damage|p1a: Yveltal|5\/100 brn|[from] brn\n|upkeep\n|turn|32\n|\n|t:|1700146243\n|switch|p2a: Arceus|Arceus-Dark|18\/100 tox\n|-damage|p2a: Arceus|6\/100 tox|[from] Spikes\n|move|p1a: Yveltal|Oblivion Wing|p2a: Arceus\n|-damage|p2a: Arceus|0 fnt\n|-heal|p1a: Yveltal|10\/100 brn|[from] drain|[of] p2a: Arceus\n|faint|p2a: Arceus\n|\n|-damage|p1a: Yveltal|4\/100 brn|[from] brn\n|upkeep\n|\n|t:|1700146256\n|switch|p2a: Yveltal|Yveltal|41\/100\n|-ability|p2a: Yveltal|Dark Aura\n|turn|33\n|\n|t:|1700146265\n|switch|p1a: Zacian|Zacian-Crowned|100\/100\n|move|p2a: Yveltal|Sucker Punch||[still]\n|-fail|p2a: Yveltal\n|\n|-heal|p2a: Yveltal|47\/100|[from] item: Leftovers\n|upkeep\n|turn|34\n|\n|t:|1700146274\n|switch|p2a: Ho-Oh|Ho-Oh, tera:Grass|100\/100\n|move|p1a: Zacian|Swords Dance|p1a: Zacian\n|-boost|p1a: Zacian|atk|2\n|\n|upkeep\n|turn|35\n|\n|t:|1700146279\n|move|p1a: Zacian|Play Rough|p2a: Ho-Oh\n|-damage|p2a: Ho-Oh|31\/100\n|move|p2a: Ho-Oh|Sacred Fire|p1a: Zacian\n|-supereffective|p1a: Zacian\n|-damage|p1a: Zacian|17\/100\n|-status|p1a: Zacian|brn\n|\n|-damage|p1a: Zacian|11\/100 brn|[from] brn\n|upkeep\n|turn|36\n|\n|t:|1700146289\n|switch|p2a: Dondozo|Dondozo, M|100\/100\n|-damage|p2a: Dondozo|88\/100|[from] Spikes\n|move|p1a: Zacian|Play Rough|p2a: Dondozo|[miss]\n|-miss|p1a: Zacian|p2a: Dondozo\n|\n|-heal|p2a: Dondozo|94\/100|[from] item: Leftovers\n|-damage|p1a: Zacian|4\/100 brn|[from] brn\n|upkeep\n|turn|37\n|\n|t:|1700146300\n|switch|p2a: Yveltal|Yveltal|47\/100\n|-ability|p2a: Yveltal|Dark Aura\n|move|p1a: Zacian|Play Rough|p2a: Yveltal\n|-supereffective|p2a: Yveltal\n|-damage|p2a: Yveltal|0 fnt\n|faint|p2a: Yveltal\n|\n|-damage|p1a: Zacian|0 fnt|[from] brn\n|faint|p1a: Zacian\n|upkeep\n|\n|t:|1700146317\n|switch|p1a: Yveltal|Yveltal|4\/100 brn\n|switch|p2a: Groudon|Groudon-Primal|89\/100\n|-ability|p1a: Yveltal|Dark Aura\n|-damage|p2a: Groudon|77\/100|[from] Spikes\n|-weather|DesolateLand|[from] ability: Desolate Land|[of] p2a: Groudon\n|turn|38\n|\n|t:|1700146325\n|move|p1a: Yveltal|Oblivion Wing|p2a: Groudon\n|-damage|p2a: Groudon|48\/100\n|-heal|p1a: Yveltal|26\/100 brn|[from] drain|[of] p2a: Groudon\n|move|p2a: Groudon|Stone Edge|p1a: Yveltal\n|-supereffective|p1a: Yveltal\n|-damage|p1a: Yveltal|0 fnt\n|faint|p1a: Yveltal\n|\n|-weather|DesolateLand|[upkeep]\n|upkeep\n|\n|t:|1700146331\n|switch|p1a: Necrozma|Necrozma-Ultra|17\/100 tox\n|turn|39\n|\n|t:|1700146336\n|-weather|none\n|switch|p2a: Ho-Oh|Ho-Oh, tera:Grass|64\/100\n|move|p1a: Necrozma|Earth Power|p2a: Ho-Oh\n|-resisted|p2a: Ho-Oh\n|-damage|p2a: Ho-Oh|54\/100\n|\n|-damage|p1a: Necrozma|11\/100 tox|[from] psn\n|upkeep\n|turn|40\n|\n|t:|1700146347\n|switch|p1a: Salamence|Salamence, M|88\/100 tox\n|-ability|p1a: Salamence|Intimidate|boost\n|-unboost|p2a: Ho-Oh|atk|1\n|move|p2a: Ho-Oh|Defog|p1a: Salamence\n|-unboost|p1a: Salamence|evasion|1\n|-sideend|p2: zooz da tromp|Spikes|[from] move: Defog|[of] p2a: Ho-Oh\n|\n|-damage|p1a: Salamence|82\/100 tox|[from] psn\n|upkeep\n|turn|41\n|\n|t:|1700146355\n|switch|p1a: Arceus|Arceus-Water|69\/100\n|switch|p2a: Dondozo|Dondozo, M|94\/100\n|\n|-heal|p2a: Dondozo|99\/100|[from] item: Leftovers\n|upkeep\n|turn|42\n|\n|t:|1700146365\n|move|p1a: Arceus|Toxic|p2a: Dondozo\n|-status|p2a: Dondozo|tox\n|move|p2a: Dondozo|Yawn|p1a: Arceus\n|-start|p1a: Arceus|move: Yawn|[of] p2a: Dondozo\n|\n|-heal|p2a: Dondozo|100\/100 tox|[from] item: Leftovers\n|-damage|p2a: Dondozo|94\/100 tox|[from] psn\n|upkeep\n|turn|43\n|\n|t:|1700146374\n|switch|p1a: Necrozma|Necrozma-Ultra|11\/100 tox\n|switch|p2a: Groudon|Groudon-Primal|48\/100\n|-weather|DesolateLand|[from] ability: Desolate Land|[of] p2a: Groudon\n|\n|-weather|DesolateLand|[upkeep]\n|-damage|p1a: Necrozma|5\/100 tox|[from] psn\n|upkeep\n|turn|44\n|\n|t:|1700146382\n|-weather|none\n|switch|p2a: Ho-Oh|Ho-Oh, tera:Grass|87\/100\n|move|p1a: Necrozma|Stealth Rock|p2a: Ho-Oh\n|-sidestart|p2: zooz da tromp|move: Stealth Rock\n|\n|-damage|p1a: Necrozma|0 fnt|[from] psn\n|faint|p1a: Necrozma\n|upkeep\n|\n|t:|1700146383\n|switch|p1a: Arceus|Arceus-Water|69\/100\n|turn|45\n|\n|t:|1700146398\n|move|p1a: Arceus|Taunt|p2a: Ho-Oh\n|-start|p2a: Ho-Oh|move: Taunt\n|cant|p2a: Ho-Oh|move: Taunt|Toxic\n|\n|upkeep\n|turn|46\n|\n|t:|1700146405\n|switch|p2a: Dondozo|Dondozo, M|94\/100 tox\n|-damage|p2a: Dondozo|82\/100 tox|[from] Stealth Rock\n|move|p1a: Arceus|Toxic|p2a: Dondozo\n|-fail|p2a: Dondozo|tox\n|\n|-heal|p2a: Dondozo|88\/100 tox|[from] item: Leftovers\n|-damage|p2a: Dondozo|82\/100 tox|[from] psn\n|upkeep\n|turn|47\n|\n|t:|1700146414\n|switch|p2a: Groudon|Groudon-Primal|48\/100\n|-damage|p2a: Groudon|36\/100|[from] Stealth Rock\n|-weather|DesolateLand|[from] ability: Desolate Land|[of] p2a: Groudon\n|move|p1a: Arceus|Taunt|p2a: Groudon\n|-start|p2a: Groudon|move: Taunt\n|\n|-weather|DesolateLand|[upkeep]\n|upkeep\n|turn|48\n|\n|t:|1700146423\n|move|p1a: Arceus|Toxic|p2a: Groudon\n|-status|p2a: Groudon|tox\n|move|p2a: Groudon|Precipice Blades|p1a: Arceus\n|-damage|p1a: Arceus|24\/100\n|\n|-weather|DesolateLand|[upkeep]\n|-damage|p2a: Groudon|30\/100 tox|[from] psn\n|upkeep\n|turn|49\n|\n|t:|1700146429\n|move|p1a: Arceus|Recover|p1a: Arceus\n|-heal|p1a: Arceus|74\/100\n|move|p2a: Groudon|Precipice Blades|p1a: Arceus\n|-damage|p1a: Arceus|31\/100\n|\n|-weather|DesolateLand|[upkeep]\n|-damage|p2a: Groudon|17\/100 tox|[from] psn\n|-end|p2a: Groudon|move: Taunt\n|upkeep\n|turn|50\n|\n|t:|1700146455\n|switch|p1a: Salamence|Salamence, M|82\/100 tox\n|-ability|p1a: Salamence|Intimidate|boost\n|-unboost|p2a: Groudon|atk|1\n|move|p2a: Groudon|Toxic|p1a: Salamence\n|-fail|p1a: Salamence|tox\n|\n|-weather|DesolateLand|[upkeep]\n|-damage|p1a: Salamence|76\/100 tox|[from] psn\n|-damage|p2a: Groudon|0 fnt|[from] psn\n|faint|p2a: Groudon\n|-weather|none\n|upkeep\n|\n|t:|1700146468\n|switch|p2a: Ho-Oh|Ho-Oh, tera:Grass|100\/100\n|turn|51\n|\n|t:|1700146473\n|detailschange|p1a: Salamence|Salamence-Mega, M\n|-mega|p1a: Salamence|Salamence|Salamencite\n|move|p1a: Salamence|Return|p2a: Ho-Oh\n|-supereffective|p2a: Ho-Oh\n|-damage|p2a: Ho-Oh|5\/100\n|move|p2a: Ho-Oh|Defog|p1a: Salamence\n|-unboost|p1a: Salamence|evasion|1\n|-sideend|p2: zooz da tromp|Stealth Rock|[from] move: Defog|[of] p2a: Ho-Oh\n|\n|-damage|p1a: Salamence|64\/100 tox|[from] psn\n|upkeep\n|turn|52\n|\n|t:|1700146482\n|switch|p2a: Dondozo|Dondozo, M|82\/100 tox\n|move|p1a: Salamence|Dragon Dance|p1a: Salamence\n|-boost|p1a: Salamence|atk|1\n|-boost|p1a: Salamence|spe|1\n|\n|-heal|p2a: Dondozo|88\/100 tox|[from] item: Leftovers\n|-damage|p1a: Salamence|46\/100 tox|[from] psn\n|-damage|p2a: Dondozo|82\/100 tox|[from] psn\n|upkeep\n|turn|53\n|\n|t:|1700146494\n|switch|p1a: Arceus|Arceus-Water|31\/100\n|move|p2a: Dondozo|Curse|p2a: Dondozo\n|-unboost|p2a: Dondozo|spe|1\n|-boost|p2a: Dondozo|atk|1\n|-boost|p2a: Dondozo|def|1\n|\n|-heal|p2a: Dondozo|88\/100 tox|[from] item: Leftovers\n|-damage|p2a: Dondozo|76\/100 tox|[from] psn\n|upkeep\n|turn|54\n|\n|t:|1700146503\n|move|p1a: Arceus|Taunt|p2a: Dondozo\n|-start|p2a: Dondozo|move: Taunt\n|move|p2a: Dondozo|Wave Crash|p1a: Arceus\n|-resisted|p1a: Arceus\n|-damage|p1a: Arceus|10\/100\n|-damage|p2a: Dondozo|70\/100 tox|[from] Recoil\n|\n|-heal|p2a: Dondozo|76\/100 tox|[from] item: Leftovers\n|-damage|p2a: Dondozo|57\/100 tox|[from] psn\n|upkeep\n|turn|55\n|\n|t:|1700146512\n|switch|p2a: Ho-Oh|Ho-Oh, tera:Grass|38\/100\n|move|p1a: Arceus|Recover|p1a: Arceus\n|-heal|p1a: Arceus|60\/100\n|\n|upkeep\n|turn|56\n|\n|t:|1700146521\n|switch|p2a: Dondozo|Dondozo, M|57\/100 tox\n|-terastallize|p1a: Arceus|Poison\n|move|p1a: Arceus|Toxic|p2a: Dondozo\n|-fail|p2a: Dondozo|tox\n|\n|-heal|p2a: Dondozo|63\/100 tox|[from] item: Leftovers\n|-damage|p2a: Dondozo|57\/100 tox|[from] psn\n|upkeep\n|turn|57\n|\n|t:|1700146532\n|move|p1a: Arceus|Taunt|p2a: Dondozo\n|-start|p2a: Dondozo|move: Taunt\n|move|p2a: Dondozo|Wave Crash|p1a: Arceus\n|-damage|p1a: Arceus|33\/100\n|-damage|p2a: Dondozo|50\/100 tox|[from] Recoil\n|\n|-heal|p2a: Dondozo|56\/100 tox|[from] item: Leftovers\n|-damage|p2a: Dondozo|43\/100 tox|[from] psn\n|upkeep\n|turn|58\n|\n|t:|1700146541\n|switch|p2a: Ho-Oh|Ho-Oh, tera:Grass|72\/100\n|move|p1a: Arceus|Recover|p1a: Arceus\n|-heal|p1a: Arceus|83\/100\n|\n|upkeep\n|turn|59\n|\n|t:|1700146548\n|move|p1a: Arceus|Judgment|p2a: Ho-Oh\n|-resisted|p2a: Ho-Oh\n|-damage|p2a: Ho-Oh|59\/100\n|move|p2a: Ho-Oh|Sacred Fire|p1a: Arceus\n|-damage|p1a: Arceus|56\/100\n|-status|p1a: Arceus|brn\n|\n|-damage|p1a: Arceus|49\/100 brn|[from] brn\n|upkeep\n|turn|60\n|\n|t:|1700146557\n|move|p1a: Arceus|Recover|p1a: Arceus\n|-heal|p1a: Arceus|99\/100 brn\n|move|p2a: Ho-Oh|Sacred Fire|p1a: Arceus|[miss]\n|-miss|p2a: Ho-Oh|p1a: Arceus\n|\n|-damage|p1a: Arceus|94\/100 brn|[from] brn\n|upkeep\n|turn|61\n|\n|t:|1700146564\n|switch|p2a: Dondozo|Dondozo, M|43\/100 tox\n|move|p1a: Arceus|Judgment|p2a: Dondozo\n|-resisted|p2a: Dondozo\n|-crit|p2a: Dondozo\n|-damage|p2a: Dondozo|6\/100 tox\n|\n|-heal|p2a: Dondozo|13\/100 tox|[from] item: Leftovers\n|-damage|p2a: Dondozo|6\/100 tox|[from] psn\n|-damage|p1a: Arceus|87\/100 brn|[from] brn\n|upkeep\n|turn|62\n|\n|t:|1700146574\n|move|p1a: Arceus|Judgment|p2a: Dondozo\n|-resisted|p2a: Dondozo\n|-damage|p2a: Dondozo|0 fnt\n|faint|p2a: Dondozo\n|\n|-damage|p1a: Arceus|81\/100 brn|[from] brn\n|upkeep\n|\n|t:|1700146580\n|switch|p2a: Ho-Oh|Ho-Oh, tera:Grass|92\/100\n|turn|63\n|\n|t:|1700146584\n|move|p1a: Arceus|Toxic|p2a: Ho-Oh\n|-status|p2a: Ho-Oh|tox\n|move|p2a: Ho-Oh|Sacred Fire|p1a: Arceus\n|-damage|p1a: Arceus|51\/100 brn\n|\n|-damage|p2a: Ho-Oh|86\/100 tox|[from] psn\n|-damage|p1a: Arceus|45\/100 brn|[from] brn\n|upkeep\n|turn|64\n|\n|t:|1700146592\n|move|p1a: Arceus|Recover|p1a: Arceus\n|-heal|p1a: Arceus|95\/100 brn\n|move|p2a: Ho-Oh|Sacred Fire|p1a: Arceus\n|-damage|p1a: Arceus|65\/100 brn\n|\n|-damage|p2a: Ho-Oh|74\/100 tox|[from] psn\n|-damage|p1a: Arceus|59\/100 brn|[from] brn\n|upkeep\n|turn|65\n|\n|t:|1700146600\n|move|p1a: Arceus|Recover|p1a: Arceus\n|-heal|p1a: Arceus|100\/100 brn\n|move|p2a: Ho-Oh|Whirlwind|p1a: Arceus\n|drag|p1a: Salamence|Salamence-Mega, M|46\/100 tox\n|\n|-damage|p1a: Salamence|40\/100 tox|[from] psn\n|-damage|p2a: Ho-Oh|56\/100 tox|[from] psn\n|upkeep\n|turn|66\n|\n|t:|1700146607\n|move|p1a: Salamence|Return|p2a: Ho-Oh\n|-supereffective|p2a: Ho-Oh\n|-damage|p2a: Ho-Oh|0 fnt\n|faint|p2a: Ho-Oh\n|\n|win|ygo is testing v2\n|raw|ygo is testing v2's rating: 1655 &rarr; <strong>1677<\/strong><br \/>(+22 for winning)\n|raw|zooz da tromp's rating: 1682 &rarr; <strong>1660<\/strong><br \/>(-22 for losing)\n|l|\u2606ygo is testing v2\n|l|\u2606zooz da tromp\n","uploadtime":1700146653,"views":10,"p1id":"ygoistestingv2","p2id":"zoozdatromp","formatid":"gen9nationaldexubers","rating":1660,"private":0,"password":""}