{"id":"gen9nationaldexubers-1995103161","p1":"Guj Genera","p2":"Disco 2003","format":"[Gen 9] National Dex Ubers","log":"|j|\u2606Guj Genera\n|j|\u2606Disco 2003\n|t:|1700522879\n|gametype|singles\n|player|p1|Guj Genera|red|\n|player|p2|Disco 2003|265|\n|teamsize|p1|6\n|teamsize|p2|6\n|gen|9\n|tier|[Gen 9] National Dex Ubers\n|rule|HP Percentage Mod: HP is shown in percentages\n|rule|Endless Battle Clause: Forcing endless battles is banned\n|rule|OHKO Clause: OHKO moves are banned\n|rule|Evasion Moves Clause: Evasion moves are banned\n|rule|Evasion Items Clause: Evasion items are banned\n|rule|Species Clause: Limit one of each Pok\u00e9mon\n|rule|Sleep Clause Mod: Limit one foe put to sleep\n|rule|Mega Rayquaza Clause: You cannot mega evolve Rayquaza\n|clearpoke\n|poke|p1|Zeraora|\n|poke|p1|Cinderace, F|\n|poke|p1|Landorus-Therian, M|\n|poke|p1|Inteleon, F|\n|poke|p1|Kartana|\n|poke|p1|Kommo-o, M|\n|poke|p2|Pelipper, F|\n|poke|p2|Ferrothorn, M|\n|poke|p2|Swampert, F|\n|poke|p2|Zapdos|\n|poke|p2|Manaphy|\n|poke|p2|Kingambit, F|\n|teampreview\n|inactive|Battle timer is ON: inactive players will automatically lose when time's up. (requested by Guj Genera)\n|c|\u2606Guj Genera|Hello there\n|inactive|Disco 2003 has 270 seconds left.\n|c|\u2606Guj Genera|glhf\n|\n|t:|1700522917\n|start\n|switch|p1a: Zeraora|Zeraora, shiny|100\/100\n|switch|p2a: Pelipper|Pelipper, F|100\/100\n|-weather|RainDance|[from] ability: Drizzle|[of] p2a: Pelipper\n|turn|1\n|\n|t:|1700522946\n|switch|p2a: Ferrothorn|Ferrothorn, M|100\/100\n|move|p1a: Zeraora|Plasma Fists|p2a: Ferrothorn\n|-resisted|p2a: Ferrothorn\n|-damage|p2a: Ferrothorn|86\/100\n|-fieldactivate|move: Ion Deluge\n|-hint|Normal-type moves become Electric-type after using Plasma Fists.\n|-damage|p1a: Zeraora|88\/100|[from] ability: Iron Barbs|[of] p2a: Ferrothorn\n|\n|-weather|RainDance|[upkeep]\n|upkeep\n|turn|2\n|inactive|Disco 2003 has 270 seconds left.\n|\n|t:|1700522974\n|switch|p1a: Kommo-o|Kommo-o, M, shiny|100\/100\n|switch|p2a: Zapdos|Zapdos|100\/100\n|\n|-weather|RainDance|[upkeep]\n|upkeep\n|turn|3\n|\n|t:|1700522986\n|move|p2a: Zapdos|Hurricane|p1a: Kommo-o\n|-supereffective|p1a: Kommo-o\n|-damage|p1a: Kommo-o|0 fnt\n|faint|p1a: Kommo-o\n|\n|-weather|RainDance|[upkeep]\n|upkeep\n|\n|t:|1700522998\n|switch|p1a: Cinderace|Cinderace, F, shiny|100\/100\n|turn|4\n|inactive|Disco 2003 has 270 seconds left.\n|\n|t:|1700523030\n|switch|p2a: Manaphy|Manaphy|100\/100\n|move|p1a: Cinderace|Double-Edge|p2a: Manaphy\n|-start|p1a: Cinderace|typechange|Normal|[from] ability: Libero\n|-damage|p2a: Manaphy|33\/100\n|-damage|p1a: Cinderace|71\/100|[from] Recoil\n|\n|-weather|RainDance|[upkeep]\n|upkeep\n|turn|5\n|\n|t:|1700523045\n|switch|p2a: Ferrothorn|Ferrothorn, M|86\/100\n|move|p1a: Cinderace|Double-Edge|p2a: Ferrothorn\n|-resisted|p2a: Ferrothorn\n|-damage|p2a: Ferrothorn|63\/100\n|-damage|p1a: Cinderace|59\/100|[from] ability: Iron Barbs|[of] p2a: Ferrothorn\n|-damage|p1a: Cinderace|50\/100|[from] Recoil\n|\n|-weather|RainDance|[upkeep]\n|upkeep\n|turn|6\n|\n|t:|1700523053\n|switch|p1a: Zeraora|Zeraora, shiny|88\/100\n|move|p2a: Ferrothorn|Stealth Rock|p1a: Zeraora\n|-sidestart|p1: Guj Genera|move: Stealth Rock\n|\n|-weather|RainDance|[upkeep]\n|upkeep\n|turn|7\n|\n|t:|1700523059\n|switch|p2a: Zapdos|Zapdos|100\/100\n|move|p1a: Zeraora|Close Combat|p2a: Zapdos\n|-resisted|p2a: Zapdos\n|-damage|p2a: Zapdos|78\/100\n|-unboost|p1a: Zeraora|def|1\n|-unboost|p1a: Zeraora|spd|1\n|\n|-weather|RainDance|[upkeep]\n|upkeep\n|turn|8\n|inactive|Disco 2003 has 270 seconds left.\n|\n|t:|1700523064\n|move|p1a: Zeraora|Plasma Fists|p2a: Zapdos\n|-damage|p2a: Zapdos|24\/100\n|-fieldactivate|move: Ion Deluge\n|-hint|Normal-type moves become Electric-type after using Plasma Fists.\n|move|p2a: Zapdos|Weather Ball|p1a: Zeraora\n|-damage|p1a: Zeraora|0 fnt\n|faint|p1a: Zeraora\n|\n|-weather|none\n|upkeep\n|\n|t:|1700523074\n|switch|p1a: Inteleon|Inteleon, F, shiny|100\/100\n|-damage|p1a: Inteleon|88\/100|[from] Stealth Rock\n|turn|9\n|inactive|Disco 2003 has 270 seconds left.\n|\n|t:|1700523093\n|move|p1a: Inteleon|Ice Beam|p2a: Zapdos\n|-supereffective|p2a: Zapdos\n|-damage|p2a: Zapdos|0 fnt\n|faint|p2a: Zapdos\n|\n|upkeep\n|inactive|Disco 2003 has 270 seconds left.\n|\n|t:|1700523103\n|switch|p2a: Pelipper|Pelipper, F|100\/100\n|-weather|RainDance|[from] ability: Drizzle|[of] p2a: Pelipper\n|turn|10\n|\n|t:|1700523116\n|move|p1a: Inteleon|Ice Beam|p2a: Pelipper\n|-damage|p2a: Pelipper|59\/100\n|move|p2a: Pelipper|U-turn|p1a: Inteleon\n|-damage|p1a: Inteleon|71\/100\n|inactive|Disco 2003 has 270 seconds left.\n|\n|t:|1700523130\n|switch|p2a: Swampert|Swampert, F|100\/100|[from] U-turn\n|\n|-weather|RainDance|[upkeep]\n|upkeep\n|turn|11\n|inactive|Disco 2003 has 270 seconds left.\n|\n|t:|1700523142\n|detailschange|p2a: Swampert|Swampert-Mega, F\n|-mega|p2a: Swampert|Swampert|Swampertite\n|move|p2a: Swampert|Liquidation|p1a: Inteleon\n|-resisted|p1a: Inteleon\n|-damage|p1a: Inteleon|4\/100\n|move|p1a: Inteleon|Ice Beam|p2a: Swampert\n|-damage|p2a: Swampert|55\/100\n|-status|p2a: Swampert|frz\n|\n|-weather|RainDance|[upkeep]\n|upkeep\n|turn|12\n|\n|t:|1700523150\n|-curestatus|p2a: Swampert|frz|[msg]\n|move|p2a: Swampert|Flip Turn|p1a: Inteleon\n|-resisted|p1a: Inteleon\n|-damage|p1a: Inteleon|0 fnt\n|faint|p1a: Inteleon\n|c|\u2606Guj Genera|Bro\n|c|\u2606Disco 2003|what\n|inactive|Disco 2003 has 270 seconds left.\n|c|\u2606Guj Genera|The 1 turn freeze\n|c|\u2606Disco 2003|ye?\n|\n|t:|1700523178\n|switch|p2a: Manaphy|Manaphy|33\/100|[from] Flip Turn\n|\n|-weather|RainDance|[upkeep]\n|upkeep\n|c|\u2606Guj Genera|Nothing wrong with u. Just upset about that\n|\n|t:|1700523185\n|switch|p1a: Kartana|Kartana, shiny|100\/100\n|-damage|p1a: Kartana|94\/100|[from] Stealth Rock\n|turn|13\n|c|\u2606Disco 2003|a freeze in itself is pretty lucky, balanced out\n|c|\u2606Guj Genera|Fair\n|\n|t:|1700523212\n|move|p1a: Kartana|Leaf Blade|p2a: Manaphy\n|-supereffective|p2a: Manaphy\n|-damage|p2a: Manaphy|0 fnt\n|faint|p2a: Manaphy\n|-ability|p1a: Kartana|Beast Boost|boost\n|-boost|p1a: Kartana|atk|1\n|\n|-weather|RainDance|[upkeep]\n|upkeep\n|\n|t:|1700523221\n|switch|p2a: Ferrothorn|Ferrothorn, M|63\/100\n|turn|14\n|\n|t:|1700523230\n|move|p1a: Kartana|Leaf Blade|p2a: Ferrothorn\n|-resisted|p2a: Ferrothorn\n|-damage|p2a: Ferrothorn|51\/100\n|-damage|p1a: Kartana|82\/100|[from] ability: Iron Barbs|[of] p2a: Ferrothorn\n|move|p2a: Ferrothorn|Gyro Ball|p1a: Kartana\n|-resisted|p1a: Kartana\n|-damage|p1a: Kartana|55\/100\n|\n|-weather|RainDance|[upkeep]\n|upkeep\n|turn|15\n|\n|t:|1700523237\n|switch|p1a: Cinderace|Cinderace, F, shiny|50\/100\n|-damage|p1a: Cinderace|25\/100|[from] Stealth Rock\n|move|p2a: Ferrothorn|Gyro Ball|p1a: Cinderace\n|-resisted|p1a: Cinderace\n|-damage|p1a: Cinderace|0 fnt\n|faint|p1a: Cinderace\n|\n|-weather|RainDance|[upkeep]\n|upkeep\n|\n|t:|1700523243\n|switch|p1a: Kartana|Kartana, shiny|55\/100\n|-damage|p1a: Kartana|48\/100|[from] Stealth Rock\n|turn|16\n|\n|t:|1700523249\n|move|p1a: Kartana|Sacred Sword|p2a: Ferrothorn\n|-supereffective|p2a: Ferrothorn\n|-enditem|p2a: Ferrothorn|Chople Berry|[eat]\n|-enditem|p2a: Ferrothorn|Chople Berry|[weaken]\n|-damage|p2a: Ferrothorn|26\/100\n|-damage|p1a: Kartana|36\/100|[from] ability: Iron Barbs|[of] p2a: Ferrothorn\n|move|p2a: Ferrothorn|Body Press|p1a: Kartana\n|-supereffective|p1a: Kartana\n|-damage|p1a: Kartana|0 fnt\n|faint|p1a: Kartana\n|\n|-weather|RainDance|[upkeep]\n|upkeep\n|\n|t:|1700523254\n|switch|p1a: Landorus|Landorus-Therian, M, shiny|100\/100\n|-damage|p1a: Landorus|88\/100|[from] Stealth Rock\n|-ability|p1a: Landorus|Intimidate|boost\n|-unboost|p2a: Ferrothorn|atk|1\n|turn|17\n|\n|t:|1700523263\n|move|p1a: Landorus|Stealth Rock|p2a: Ferrothorn\n|-sidestart|p2: Disco 2003|move: Stealth Rock\n|move|p2a: Ferrothorn|Gyro Ball|p1a: Landorus\n|-damage|p1a: Landorus|63\/100\n|-damage|p2a: Ferrothorn|10\/100|[from] item: Rocky Helmet|[of] p1a: Landorus\n|\n|-weather|none\n|upkeep\n|turn|18\n|\n|t:|1700523271\n|switch|p2a: Pelipper|Pelipper, F|59\/100\n|-damage|p2a: Pelipper|34\/100|[from] Stealth Rock\n|-weather|RainDance|[from] ability: Drizzle|[of] p2a: Pelipper\n|move|p1a: Landorus|Earthquake|p2a: Pelipper\n|-immune|p2a: Pelipper\n|\n|-weather|RainDance|[upkeep]\n|upkeep\n|turn|19\n|\n|t:|1700523277\n|move|p1a: Landorus|U-turn|p2a: Pelipper\n|-resisted|p2a: Pelipper\n|-damage|p2a: Pelipper|21\/100\n|move|p2a: Pelipper|Scald|p1a: Landorus\n|-supereffective|p1a: Landorus\n|-damage|p1a: Landorus|0 fnt\n|faint|p1a: Landorus\n|\n|win|Disco 2003\n|c|\u2606Disco 2003|gg\n|c|\u2606Guj Genera|gg\n|l|\u2606Guj Genera\n","uploadtime":1700523289,"views":12,"p1id":"gujgenera","p2id":"disco2003","formatid":"gen9nationaldexubers","rating":0,"private":0,"password":""}