{"id":"gen9nationaldexubers-1979475927","p1":"Mongoose556","p2":"Cormarus","format":"[Gen 9] National Dex Ubers","log":"|j|\u2606Mongoose556\n|j|\u2606Cormarus\n|t:|1698685672\n|gametype|singles\n|player|p1|Mongoose556|may|1108\n|player|p2|Cormarus|iris-gen5bw2|1115\n|teamsize|p1|6\n|teamsize|p2|6\n|gen|9\n|tier|[Gen 9] National Dex Ubers\n|rated|\n|rule|HP Percentage Mod: HP is shown in percentages\n|rule|Endless Battle Clause: Forcing endless battles is banned\n|rule|OHKO Clause: OHKO moves are banned\n|rule|Evasion Moves Clause: Evasion moves are banned\n|rule|Evasion Items Clause: Evasion items are banned\n|rule|Species Clause: Limit one of each Pok\u00e9mon\n|rule|Sleep Clause Mod: Limit one foe put to sleep\n|rule|Mega Rayquaza Clause: You cannot mega evolve Rayquaza\n|clearpoke\n|poke|p1|Gengar, F|\n|poke|p1|Inteleon, M|\n|poke|p1|Melmetal|\n|poke|p1|Sirfetch\u2019d, M|\n|poke|p1|Froslass, F|\n|poke|p1|Dustox, F|\n|poke|p2|Sableye, M|\n|poke|p2|Zygarde|\n|poke|p2|Tornadus-Therian, M|\n|poke|p2|Toxapex, F|\n|poke|p2|Azumarill, F|\n|poke|p2|Heatran, M|\n|teampreview\n|inactive|Battle timer is ON: inactive players will automatically lose when time's up. (requested by Mongoose556)\n|\n|t:|1698685687\n|start\n|switch|p1a: Gengar|Gengar, F, shiny|100\/100\n|switch|p2a: Rhinestone Eyes|Sableye, M|100\/100\n|turn|1\n|\n|t:|1698685696\n|move|p1a: Gengar|Dazzling Gleam|p2a: Rhinestone Eyes\n|-supereffective|p2a: Rhinestone Eyes\n|-damage|p2a: Rhinestone Eyes|37\/100\n|move|p2a: Rhinestone Eyes|Will-O-Wisp|p1a: Gengar\n|-status|p1a: Gengar|brn\n|\n|-damage|p1a: Gengar|94\/100 brn|[from] brn\n|upkeep\n|turn|2\n|\n|t:|1698685704\n|switch|p2a: Ball|Azumarill, F|100\/100\n|move|p1a: Gengar|Shadow Ball|p2a: Ball\n|-damage|p2a: Ball|58\/100\n|-unboost|p2a: Ball|spd|1\n|\n|-damage|p1a: Gengar|88\/100 brn|[from] brn\n|upkeep\n|turn|3\n|\n|t:|1698685716\n|move|p1a: Gengar|Shadow Ball|p2a: Ball\n|-damage|p2a: Ball|0 fnt\n|faint|p2a: Ball\n|\n|-damage|p1a: Gengar|82\/100 brn|[from] brn\n|upkeep\n|\n|t:|1698685727\n|switch|p2a: Abelardo Montoya|Tornadus-Therian, M|100\/100\n|turn|4\n|\n|t:|1698685733\n|move|p2a: Abelardo Montoya|Bleakwind Storm|p1a: Gengar\n|-damage|p1a: Gengar|12\/100 brn\n|-unboost|p1a: Gengar|spe|1\n|-start|p2a: Abelardo Montoya|Disable|Bleakwind Storm|[from] ability: Cursed Body|[of] p1a: Gengar\n|move|p1a: Gengar|Sludge Bomb|p2a: Abelardo Montoya\n|-damage|p2a: Abelardo Montoya|53\/100\n|\n|-damage|p1a: Gengar|5\/100 brn|[from] brn\n|upkeep\n|turn|5\n|\n|t:|1698685743\n|switch|p2a: IHATEGEN9IHATEGEN9|Toxapex, F|100\/100\n|move|p1a: Gengar|Shadow Ball|p2a: IHATEGEN9IHATEGEN9\n|-damage|p2a: IHATEGEN9IHATEGEN9|72\/100\n|-unboost|p2a: IHATEGEN9IHATEGEN9|spd|1\n|\n|-heal|p2a: IHATEGEN9IHATEGEN9|78\/100|[from] item: Black Sludge\n|-damage|p1a: Gengar|0 fnt|[from] brn\n|faint|p1a: Gengar\n|upkeep\n|\n|t:|1698685754\n|switch|p1a: Froslass|Froslass, F, shiny|100\/100\n|turn|6\n|\n|t:|1698685762\n|switch|p2a: Rhinestone Eyes|Sableye, M|37\/100\n|move|p1a: Froslass|Thunderbolt|p2a: Rhinestone Eyes\n|-damage|p2a: Rhinestone Eyes|1\/100\n|\n|upkeep\n|turn|7\n|\n|t:|1698685769\n|detailschange|p2a: Rhinestone Eyes|Sableye-Mega, M\n|-mega|p2a: Rhinestone Eyes|Sableye|Sablenite\n|move|p1a: Froslass|Thunderbolt|p2a: Rhinestone Eyes\n|-crit|p2a: Rhinestone Eyes\n|-damage|p2a: Rhinestone Eyes|0 fnt\n|faint|p2a: Rhinestone Eyes\n|\n|upkeep\n|\n|t:|1698685783\n|switch|p2a: Jeremy|Zygarde|100\/100\n|-ability|p2a: Jeremy|Aura Break\n|turn|8\n|\n|t:|1698685790\n|switch|p1a: Inteleon|Inteleon, M, shiny|100\/100\n|switch|p2a: IHATEGEN9IHATEGEN9|Toxapex, F|100\/100\n|\n|upkeep\n|turn|9\n|\n|t:|1698685802\n|move|p1a: Inteleon|Ice Beam|p2a: IHATEGEN9IHATEGEN9\n|-resisted|p2a: IHATEGEN9IHATEGEN9\n|-damage|p2a: IHATEGEN9IHATEGEN9|90\/100\n|move|p2a: IHATEGEN9IHATEGEN9|Knock Off|p1a: Inteleon\n|-damage|p1a: Inteleon|76\/100\n|-enditem|p1a: Inteleon|Scope Lens|[from] move: Knock Off|[of] p2a: IHATEGEN9IHATEGEN9\n|\n|-heal|p2a: IHATEGEN9IHATEGEN9|97\/100|[from] item: Black Sludge\n|upkeep\n|turn|10\n|\n|t:|1698685822\n|move|p1a: Inteleon|Ice Beam|p2a: IHATEGEN9IHATEGEN9\n|-resisted|p2a: IHATEGEN9IHATEGEN9\n|-damage|p2a: IHATEGEN9IHATEGEN9|86\/100\n|move|p2a: IHATEGEN9IHATEGEN9|Knock Off|p1a: Inteleon\n|-damage|p1a: Inteleon|58\/100\n|\n|-heal|p2a: IHATEGEN9IHATEGEN9|93\/100|[from] item: Black Sludge\n|upkeep\n|turn|11\n|\n|t:|1698685829\n|move|p1a: Inteleon|Ice Beam|p2a: IHATEGEN9IHATEGEN9\n|-resisted|p2a: IHATEGEN9IHATEGEN9\n|-damage|p2a: IHATEGEN9IHATEGEN9|83\/100\n|move|p2a: IHATEGEN9IHATEGEN9|Knock Off|p1a: Inteleon\n|-damage|p1a: Inteleon|39\/100\n|\n|-heal|p2a: IHATEGEN9IHATEGEN9|89\/100|[from] item: Black Sludge\n|upkeep\n|turn|12\n|\n|t:|1698685836\n|move|p1a: Inteleon|Ice Beam|p2a: IHATEGEN9IHATEGEN9\n|-resisted|p2a: IHATEGEN9IHATEGEN9\n|-damage|p2a: IHATEGEN9IHATEGEN9|79\/100\n|-status|p2a: IHATEGEN9IHATEGEN9|frz\n|cant|p2a: IHATEGEN9IHATEGEN9|frz\n|\n|-heal|p2a: IHATEGEN9IHATEGEN9|86\/100 frz|[from] item: Black Sludge\n|upkeep\n|turn|13\n|\n|t:|1698685845\n|switch|p1a: Froslass|Froslass, F, shiny|100\/100\n|cant|p2a: IHATEGEN9IHATEGEN9|frz\n|\n|-heal|p2a: IHATEGEN9IHATEGEN9|92\/100 frz|[from] item: Black Sludge\n|upkeep\n|turn|14\n|inactive|Cormarus has 120 seconds left.\n|\n|t:|1698685885\n|switch|p2a: Another Medium|Heatran, M|100\/100\n|move|p1a: Froslass|Thunderbolt|p2a: Another Medium\n|-damage|p2a: Another Medium|65\/100\n|\n|upkeep\n|turn|15\n|\n|t:|1698685898\n|switch|p1a: Inteleon|Inteleon, M, shiny|39\/100\n|move|p2a: Another Medium|Flamethrower|p1a: Inteleon\n|-resisted|p1a: Inteleon\n|-damage|p1a: Inteleon|0 fnt\n|faint|p1a: Inteleon\n|\n|upkeep\n|\n|t:|1698685902\n|switch|p1a: Sirfetch\u2019d|Sirfetch\u2019d, M|100\/100\n|turn|16\n|\n|t:|1698685907\n|move|p2a: Another Medium|Flamethrower|p1a: Sirfetch\u2019d\n|-damage|p1a: Sirfetch\u2019d|41\/100\n|move|p1a: Sirfetch\u2019d|Close Combat|p2a: Another Medium\n|-supereffective|p2a: Another Medium\n|-damage|p2a: Another Medium|0 fnt\n|-unboost|p1a: Sirfetch\u2019d|def|1\n|-unboost|p1a: Sirfetch\u2019d|spd|1\n|faint|p2a: Another Medium\n|\n|upkeep\n|inactive|Cormarus has 120 seconds left.\n|\n|t:|1698685923\n|switch|p2a: Jeremy|Zygarde|100\/100\n|-ability|p2a: Jeremy|Aura Break\n|turn|17\n|\n|t:|1698685927\n|move|p2a: Jeremy|Dragon Dance|p2a: Jeremy\n|-boost|p2a: Jeremy|atk|1\n|-boost|p2a: Jeremy|spe|1\n|move|p1a: Sirfetch\u2019d|Close Combat|p2a: Jeremy\n|-crit|p2a: Jeremy\n|-damage|p2a: Jeremy|18\/100\n|-unboost|p1a: Sirfetch\u2019d|def|1\n|-unboost|p1a: Sirfetch\u2019d|spd|1\n|\n|upkeep\n|turn|18\n|\n|t:|1698685937\n|switch|p1a: Dustox|Dustox, F, shiny|100\/100\n|move|p2a: Jeremy|Thousand Arrows|p1a: Dustox\n|-damage|p1a: Dustox|14\/100\n|\n|upkeep\n|turn|19\n|\n|t:|1698685945\n|move|p2a: Jeremy|Thousand Arrows|p1a: Dustox\n|-damage|p1a: Dustox|0 fnt\n|faint|p1a: Dustox\n|\n|upkeep\n|\n|t:|1698685947\n|switch|p1a: Sirfetch\u2019d|Sirfetch\u2019d, M|41\/100\n|turn|20\n|\n|t:|1698685951\n|move|p1a: Sirfetch\u2019d|First Impression|p2a: Jeremy\n|-crit|p2a: Jeremy\n|-damage|p2a: Jeremy|0 fnt\n|faint|p2a: Jeremy\n|\n|upkeep\n|\n|t:|1698685956\n|switch|p2a: Abelardo Montoya|Tornadus-Therian, M|86\/100\n|turn|21\n|\n|t:|1698685962\n|switch|p1a: Melmetal|Melmetal|100\/100\n|move|p2a: Abelardo Montoya|Bleakwind Storm|p1a: Melmetal\n|-resisted|p1a: Melmetal\n|-damage|p1a: Melmetal|87\/100\n|\n|upkeep\n|turn|22\n|\n|t:|1698685968\n|move|p2a: Abelardo Montoya|Heat Wave|p1a: Melmetal\n|-supereffective|p1a: Melmetal\n|-damage|p1a: Melmetal|51\/100\n|move|p1a: Melmetal|Double Iron Bash|p2a: Abelardo Montoya\n|-damage|p2a: Abelardo Montoya|35\/100\n|-damage|p2a: Abelardo Montoya|0 fnt\n|faint|p2a: Abelardo Montoya\n|-hitcount|p2: Abelardo Montoya|2\n|\n|upkeep\n|\n|t:|1698685975\n|switch|p2a: IHATEGEN9IHATEGEN9|Toxapex, F|100\/100 frz\n|turn|23\n|\n|t:|1698685980\n|cant|p2a: IHATEGEN9IHATEGEN9|frz\n|move|p1a: Melmetal|Double Iron Bash|p2a: IHATEGEN9IHATEGEN9\n|-resisted|p2a: IHATEGEN9IHATEGEN9\n|-damage|p2a: IHATEGEN9IHATEGEN9|84\/100 frz\n|-resisted|p2a: IHATEGEN9IHATEGEN9\n|-damage|p2a: IHATEGEN9IHATEGEN9|68\/100 frz\n|-hitcount|p2a: IHATEGEN9IHATEGEN9|2\n|\n|-heal|p2a: IHATEGEN9IHATEGEN9|74\/100 frz|[from] item: Black Sludge\n|upkeep\n|turn|24\n|\n|t:|1698685988\n|switch|p1a: Froslass|Froslass, F, shiny|100\/100\n|cant|p2a: IHATEGEN9IHATEGEN9|frz\n|\n|-heal|p2a: IHATEGEN9IHATEGEN9|80\/100 frz|[from] item: Black Sludge\n|upkeep\n|turn|25\n|\n|t:|1698685993\n|move|p1a: Froslass|Thunderbolt|p2a: IHATEGEN9IHATEGEN9\n|-supereffective|p2a: IHATEGEN9IHATEGEN9\n|-damage|p2a: IHATEGEN9IHATEGEN9|36\/100 frz\n|cant|p2a: IHATEGEN9IHATEGEN9|frz\n|\n|-heal|p2a: IHATEGEN9IHATEGEN9|43\/100 frz|[from] item: Black Sludge\n|upkeep\n|turn|26\n|\n|t:|1698685999\n|move|p1a: Froslass|Thunderbolt|p2a: IHATEGEN9IHATEGEN9\n|-supereffective|p2a: IHATEGEN9IHATEGEN9\n|-crit|p2a: IHATEGEN9IHATEGEN9\n|-damage|p2a: IHATEGEN9IHATEGEN9|0 fnt\n|faint|p2a: IHATEGEN9IHATEGEN9\n|\n|win|Mongoose556\n|raw|Mongoose556's rating: 1108 &rarr; <strong>1134<\/strong><br \/>(+26 for winning)\n|raw|Cormarus's rating: 1115 &rarr; <strong>1089<\/strong><br \/>(-26 for losing)\n|l|\u2606Cormarus\n","uploadtime":1698686005,"views":6,"p1id":"mongoose556","p2id":"cormarus","formatid":"gen9nationaldexubers","rating":1089,"private":0,"password":""}