{"id":"gen9nationaldexubers-1986458627","p1":"AerixThorn","p2":"Thatboykam456","format":"[Gen 9] National Dex Ubers","log":"|j|\u2606AerixThorn\n|j|\u2606Thatboykam456\n|t:|1699481180\n|gametype|singles\n|player|p1|AerixThorn|pryce|1132\n|player|p2|Thatboykam456|clair|1213\n|teamsize|p1|6\n|teamsize|p2|6\n|gen|9\n|tier|[Gen 9] National Dex Ubers\n|rated|\n|rule|HP Percentage Mod: HP is shown in percentages\n|rule|Endless Battle Clause: Forcing endless battles is banned\n|rule|OHKO Clause: OHKO moves are banned\n|rule|Evasion Moves Clause: Evasion moves are banned\n|rule|Evasion Items Clause: Evasion items are banned\n|rule|Species Clause: Limit one of each Pok\u00e9mon\n|rule|Sleep Clause Mod: Limit one foe put to sleep\n|rule|Mega Rayquaza Clause: You cannot mega evolve Rayquaza\n|clearpoke\n|poke|p1|Munkidori, M|\n|poke|p1|Infernape, M|\n|poke|p1|Annihilape, M|\n|poke|p1|Darmanitan-Galar, M|\n|poke|p1|Zarude|\n|poke|p1|Ambipom, F|\n|poke|p2|Arcanine-Hisui, M|\n|poke|p2|Lokix, M|\n|poke|p2|Samurott-Hisui, F|\n|poke|p2|Zoroark-Hisui, F|\n|poke|p2|Solgaleo|\n|poke|p2|Blastoise, F|\n|teampreview\n|inactive|Battle timer is ON: inactive players will automatically lose when time's up. (requested by AerixThorn)\n|\n|t:|1699481200\n|start\n|switch|p1a: M O N K E|Ambipom, F|100\/100\n|switch|p2a: Arcanine|Arcanine-Hisui, M|100\/100\n|turn|1\n|\n|t:|1699481207\n|switch|p2a: Samurott|Samurott-Hisui, F|100\/100\n|move|p1a: M O N K E|Knock Off|p2a: Samurott\n|-supereffective|p2a: Samurott\n|-damage|p2a: Samurott|0 fnt\n|replace|p2a: Zoroark|Zoroark-Hisui, F, shiny\n|-end|p2a: Zoroark|Illusion\n|-enditem|p2a: Zoroark|Choice Specs|[from] move: Knock Off|[of] p1a: M O N K E\n|faint|p2a: Zoroark\n|\n|upkeep\n|\n|t:|1699481228\n|switch|p2a: Lokix|Lokix, M, shiny|100\/100\n|turn|2\n|\n|t:|1699481237\n|switch|p1a: M O N K E FIST|Infernape, M|100\/100\n|-terastallize|p2a: Lokix|Bug\n|move|p2a: Lokix|First Impression|p1a: M O N K E FIST\n|-resisted|p1a: M O N K E FIST\n|-damage|p1a: M O N K E FIST|39\/100\n|\n|upkeep\n|turn|3\n|\n|t:|1699481256\n|switch|p2a: Arcanine|Arcanine-Hisui, M|100\/100\n|move|p1a: M O N K E FIST|Fire Punch|p2a: Arcanine\n|-resisted|p2a: Arcanine\n|-damage|p2a: Arcanine|86\/100\n|\n|upkeep\n|turn|4\n|l|\u2606AerixThorn\n|inactive|AerixThorn disconnected and has a minute to reconnect!\n|player|p1|\n|j|\u2606AerixThorn\n|inactive|AerixThorn reconnected and has 120 seconds left.\n|player|p1|AerixThorn|pryce\n|\n|t:|1699481299\n|move|p2a: Arcanine|Extreme Speed|p1a: M O N K E FIST\n|-damage|p1a: M O N K E FIST|0 fnt\n|faint|p1a: M O N K E FIST\n|\n|upkeep\n|\n|t:|1699481304\n|switch|p1a: M O N K E GHOST|Annihilape, M|100\/100\n|turn|5\n|\n|t:|1699481311\n|switch|p2a: Samurott|Samurott-Hisui, F|100\/100\n|move|p1a: M O N K E GHOST|Bulk Up|p1a: M O N K E GHOST\n|-boost|p1a: M O N K E GHOST|atk|1\n|-boost|p1a: M O N K E GHOST|def|1\n|\n|upkeep\n|turn|6\n|\n|t:|1699481318\n|move|p2a: Samurott|Swords Dance|p2a: Samurott\n|-boost|p2a: Samurott|atk|2\n|move|p1a: M O N K E GHOST|Drain Punch|p2a: Samurott\n|-supereffective|p2a: Samurott\n|-damage|p2a: Samurott|0 fnt\n|faint|p2a: Samurott\n|\n|upkeep\n|\n|t:|1699481341\n|switch|p2a: Solgaleo|Solgaleo|100\/100\n|turn|7\n|\n|t:|1699481347\n|move|p2a: Solgaleo|Psychic|p1a: M O N K E GHOST\n|-supereffective|p1a: M O N K E GHOST\n|-damage|p1a: M O N K E GHOST|12\/100\n|-unboost|p1a: M O N K E GHOST|spd|1\n|-ability|p1a: M O N K E GHOST|Defiant|boost\n|-boost|p1a: M O N K E GHOST|atk|2\n|-damage|p2a: Solgaleo|91\/100|[from] item: Life Orb\n|move|p1a: M O N K E GHOST|Rage Fist|p2a: Solgaleo\n|-supereffective|p2a: Solgaleo\n|-damage|p2a: Solgaleo|0 fnt\n|faint|p2a: Solgaleo\n|\n|upkeep\n|\n|t:|1699481359\n|switch|p2a: Lokix|Lokix, M, shiny, tera:Bug|100\/100\n|turn|8\n|\n|t:|1699481365\n|move|p2a: Lokix|U-turn|p1a: M O N K E GHOST\n|-resisted|p1a: M O N K E GHOST\n|-damage|p1a: M O N K E GHOST|0 fnt\n|faint|p1a: M O N K E GHOST\n|\n|t:|1699481370\n|switch|p2a: Blastoise|Blastoise, F|100\/100|[from] U-turn\n|\n|upkeep\n|\n|t:|1699481375\n|switch|p1a: M O N K E DAD|Zarude|100\/100\n|turn|9\n|inactive|Thatboykam456 has 120 seconds left.\n|\n|t:|1699481413\n|detailschange|p2a: Blastoise|Blastoise-Mega, F\n|-mega|p2a: Blastoise|Blastoise|Blastoisinite\n|move|p1a: M O N K E DAD|Seed Bomb|p2a: Blastoise\n|-supereffective|p2a: Blastoise\n|-damage|p2a: Blastoise|20\/100\n|move|p2a: Blastoise|Shell Smash|p2a: Blastoise\n|-unboost|p2a: Blastoise|def|1\n|-unboost|p2a: Blastoise|spd|1\n|-boost|p2a: Blastoise|atk|2\n|-boost|p2a: Blastoise|spa|2\n|-boost|p2a: Blastoise|spe|2\n|\n|upkeep\n|turn|10\n|inactive|Thatboykam456 has 120 seconds left.\n|\n|t:|1699481424\n|move|p2a: Blastoise|Dragon Pulse|p1a: M O N K E DAD\n|-damage|p1a: M O N K E DAD|2\/100\n|move|p1a: M O N K E DAD|Seed Bomb|p2a: Blastoise\n|-supereffective|p2a: Blastoise\n|-damage|p2a: Blastoise|0 fnt\n|faint|p2a: Blastoise\n|\n|upkeep\n|inactive|Thatboykam456 has 120 seconds left.\n|\n|t:|1699481439\n|switch|p2a: Lokix|Lokix, M, shiny, tera:Bug|100\/100\n|turn|11\n|inactive|Thatboykam456 has 120 seconds left.\n|\n|t:|1699481447\n|move|p2a: Lokix|First Impression|p1a: M O N K E DAD\n|-supereffective|p1a: M O N K E DAD\n|-damage|p1a: M O N K E DAD|0 fnt\n|faint|p1a: M O N K E DAD\n|\n|upkeep\n|\n|t:|1699481451\n|switch|p1a: M O N K E YETI|Darmanitan-Galar, M|100\/100\n|turn|12\n|\n|t:|1699481453\n|switch|p2a: Arcanine|Arcanine-Hisui, M|86\/100\n|move|p1a: M O N K E YETI|Brick Break|p2a: Arcanine\n|-supereffective|p2a: Arcanine\n|-damage|p2a: Arcanine|0 fnt\n|faint|p2a: Arcanine\n|\n|upkeep\n|\n|t:|1699481460\n|switch|p2a: Lokix|Lokix, M, shiny, tera:Bug|100\/100\n|turn|13\n|\n|t:|1699481468\n|switch|p1a: M O N K E TIME|Munkidori, M|100\/100\n|move|p2a: Lokix|Sucker Punch||[still]\n|-fail|p2a: Lokix\n|\n|upkeep\n|turn|14\n|\n|t:|1699481478\n|move|p2a: Lokix|Sucker Punch||[still]\n|-fail|p2a: Lokix\n|move|p1a: M O N K E TIME|Calm Mind|p1a: M O N K E TIME\n|-boost|p1a: M O N K E TIME|spa|1\n|-boost|p1a: M O N K E TIME|spd|1\n|\n|upkeep\n|turn|15\n|-message|Thatboykam456 forfeited.\n|\n|win|AerixThorn\n|raw|AerixThorn's rating: 1132 &rarr; <strong>1163<\/strong><br \/>(+31 for winning)\n|raw|Thatboykam456's rating: 1213 &rarr; <strong>1182<\/strong><br \/>(-31 for losing)\n|l|\u2606Thatboykam456\n","uploadtime":1699481689,"views":7,"p1id":"aerixthorn","p2id":"thatboykam456","formatid":"gen9nationaldexubers","rating":1163,"private":0,"password":""}