{"id":"gen9nationaldexubers-1990179255","p1":"AJEZ","p2":"Pecheur Tom","format":"[Gen 9] National Dex Ubers","log":"|j|\u2606AJEZ\n|j|\u2606Pecheur Tom\n|t:|1699933566\n|gametype|singles\n|player|p1|AJEZ|265|1027\n|player|p2|Pecheur Tom|1|1084\n|teamsize|p1|6\n|teamsize|p2|6\n|gen|9\n|tier|[Gen 9] National Dex Ubers\n|rated|\n|rule|HP Percentage Mod: HP is shown in percentages\n|rule|Endless Battle Clause: Forcing endless battles is banned\n|rule|OHKO Clause: OHKO moves are banned\n|rule|Evasion Moves Clause: Evasion moves are banned\n|rule|Evasion Items Clause: Evasion items are banned\n|rule|Species Clause: Limit one of each Pok\u00e9mon\n|rule|Sleep Clause Mod: Limit one foe put to sleep\n|rule|Mega Rayquaza Clause: You cannot mega evolve Rayquaza\n|clearpoke\n|poke|p1|Annihilape, F|\n|poke|p1|Scizor, F|\n|poke|p1|Kommo-o, F|\n|poke|p1|Iron Moth|\n|poke|p1|Darmanitan-Galar, M|\n|poke|p1|Lugia|\n|poke|p2|Nihilego|\n|poke|p2|Kartana|\n|poke|p2|Celesteela|\n|poke|p2|Xurkitree|\n|poke|p2|Buzzwole|\n|poke|p2|Naganadel|\n|teampreview\n|\n|t:|1699933570\n|start\n|switch|p1a: Kommo-o|Kommo-o, F|100\/100\n|switch|p2a: Nihilego|Nihilego, shiny|100\/100\n|-item|p2a: Nihilego|Air Balloon\n|turn|1\n|n|!AJEZ|ajez\n|\n|t:|1699933584\n|move|p2a: Nihilego|Stealth Rock|p1a: Kommo-o\n|-sidestart|p1: AJEZ|move: Stealth Rock\n|-zpower|p1a: Kommo-o\n|move|p1a: Kommo-o|Clangorous Soulblaze|p2a: Nihilego|[zeffect]\n|-damage|p2a: Nihilego|29\/100\n|-enditem|p2a: Nihilego|Air Balloon\n|-boost|p1a: Kommo-o|atk|1\n|-boost|p1a: Kommo-o|def|1\n|-boost|p1a: Kommo-o|spa|1\n|-boost|p1a: Kommo-o|spd|1\n|-boost|p1a: Kommo-o|spe|1\n|\n|upkeep\n|turn|2\n|\n|t:|1699933595\n|move|p1a: Kommo-o|Boomburst|p2a: Nihilego\n|-resisted|p2a: Nihilego\n|-damage|p2a: Nihilego|4\/100\n|move|p2a: Nihilego|Sludge Bomb|p1a: Kommo-o\n|-damage|p1a: Kommo-o|65\/100\n|\n|upkeep\n|turn|3\n|\n|t:|1699933600\n|move|p1a: Kommo-o|Boomburst|p2a: Nihilego\n|-resisted|p2a: Nihilego\n|-damage|p2a: Nihilego|0 fnt\n|faint|p2a: Nihilego\n|\n|upkeep\n|\n|t:|1699933602\n|switch|p2a: Xurkitree|Xurkitree, shiny|100\/100\n|turn|4\n|\n|t:|1699933604\n|move|p2a: Xurkitree|Dazzling Gleam|p1a: Kommo-o\n|-supereffective|p1a: Kommo-o\n|-damage|p1a: Kommo-o|0 fnt\n|faint|p1a: Kommo-o\n|-ability|p2a: Xurkitree|Beast Boost|boost\n|-boost|p2a: Xurkitree|spa|1\n|\n|upkeep\n|\n|t:|1699933614\n|switch|p1a: Darmanitan|Darmanitan-Galar, M|100\/100\n|-damage|p1a: Darmanitan|76\/100|[from] Stealth Rock\n|turn|5\n|\n|t:|1699933627\n|switch|p2a: Celesteela|Celesteela, shiny|100\/100\n|-terastallize|p1a: Darmanitan|Fire\n|move|p1a: Darmanitan|Flare Blitz|p2a: Celesteela\n|-supereffective|p2a: Celesteela\n|-damage|p2a: Celesteela|0 fnt\n|faint|p2a: Celesteela\n|-damage|p1a: Darmanitan|38\/100|[from] Recoil\n|\n|upkeep\n|\n|t:|1699933638\n|switch|p2a: Kartana|Kartana, shiny|100\/100\n|turn|6\n|\n|t:|1699933647\n|move|p1a: Darmanitan|Flare Blitz|p2a: Kartana\n|-supereffective|p2a: Kartana\n|-enditem|p2a: Kartana|Focus Sash\n|-damage|p2a: Kartana|1\/100\n|-damage|p1a: Darmanitan|14\/100|[from] Recoil\n|move|p2a: Kartana|Knock Off|p1a: Darmanitan\n|-damage|p1a: Darmanitan|0 fnt\n|-enditem|p1a: Darmanitan|Choice Scarf|[from] move: Knock Off|[of] p2a: Kartana\n|faint|p1a: Darmanitan\n|-ability|p2a: Kartana|Beast Boost|boost\n|-boost|p2a: Kartana|atk|1\n|\n|upkeep\n|\n|t:|1699933651\n|switch|p1a: Iron Moth|Iron Moth|100\/100\n|-damage|p1a: Iron Moth|76\/100|[from] Stealth Rock\n|-enditem|p1a: Iron Moth|Booster Energy\n|-activate|p1a: Iron Moth|ability: Quark Drive|[fromitem]\n|-start|p1a: Iron Moth|quarkdrivespa\n|turn|7\n|\n|t:|1699933655\n|move|p2a: Kartana|Knock Off|p1a: Iron Moth\n|-damage|p1a: Iron Moth|5\/100\n|move|p1a: Iron Moth|Fiery Dance|p2a: Kartana\n|-supereffective|p2a: Kartana\n|-damage|p2a: Kartana|0 fnt\n|-boost|p1a: Iron Moth|spa|1\n|faint|p2a: Kartana\n|\n|upkeep\n|\n|t:|1699933660\n|switch|p2a: Xurkitree|Xurkitree, shiny|100\/100\n|turn|8\n|\n|t:|1699933663\n|move|p2a: Xurkitree|Thunderbolt|p1a: Iron Moth\n|-damage|p1a: Iron Moth|0 fnt\n|faint|p1a: Iron Moth\n|-end|p1a: Iron Moth|Quark Drive|[silent]\n|-ability|p2a: Xurkitree|Beast Boost|boost\n|-boost|p2a: Xurkitree|spa|1\n|\n|upkeep\n|\n|t:|1699933674\n|switch|p1a: Scizor|Scizor, F|100\/100\n|-damage|p1a: Scizor|88\/100|[from] Stealth Rock\n|turn|9\n|\n|t:|1699933676\n|detailschange|p1a: Scizor|Scizor-Mega, F\n|-mega|p1a: Scizor|Scizor|Scizorite\n|-terastallize|p2a: Xurkitree|Electric\n|move|p2a: Xurkitree|Thunderbolt|p1a: Scizor\n|-damage|p1a: Scizor|0 fnt\n|faint|p1a: Scizor\n|-ability|p2a: Xurkitree|Beast Boost|boost\n|-boost|p2a: Xurkitree|spa|1\n|\n|upkeep\n|\n|t:|1699933682\n|switch|p1a: Annihilape|Annihilape, F, shiny|100\/100\n|-damage|p1a: Annihilape|94\/100|[from] Stealth Rock\n|turn|10\n|\n|t:|1699933685\n|move|p2a: Xurkitree|Thunderbolt|p1a: Annihilape\n|-damage|p1a: Annihilape|0 fnt\n|faint|p1a: Annihilape\n|-ability|p2a: Xurkitree|Beast Boost|boost\n|-boost|p2a: Xurkitree|spa|1\n|\n|upkeep\n|\n|t:|1699933688\n|switch|p1a: Lugia|Lugia|100\/100\n|-damage|p1a: Lugia|75\/100|[from] Stealth Rock\n|turn|11\n|\n|t:|1699933691\n|move|p2a: Xurkitree|Thunderbolt|p1a: Lugia\n|-supereffective|p1a: Lugia\n|-damage|p1a: Lugia|0 fnt\n|faint|p1a: Lugia\n|\n|win|Pecheur Tom\n|raw|AJEZ's rating: 1027 &rarr; <strong>1015<\/strong><br \/>(-12 for losing)\n|raw|Pecheur Tom's rating: 1084 &rarr; <strong>1107<\/strong><br \/>(+23 for winning)\n","uploadtime":1699933576,"views":8,"p1id":"ajez","p2id":"pecheurtom","formatid":"gen9nationaldexubers","rating":1015,"private":0,"password":""}