{"id":"gen9nationaldexubers-1983651118","p1":"H0ldupboi","p2":"yuanshensb","format":"[Gen 9] National Dex Ubers","log":"|j|\u2606H0ldupboi\n|j|\u2606yuanshensb\n|t:|1699154071\n|gametype|singles\n|player|p1|H0ldupboi|2|1181\n|player|p2|yuanshensb|alder|1105\n|teamsize|p1|6\n|teamsize|p2|6\n|gen|9\n|tier|[Gen 9] National Dex Ubers\n|rated|\n|rule|HP Percentage Mod: HP is shown in percentages\n|rule|Endless Battle Clause: Forcing endless battles is banned\n|rule|OHKO Clause: OHKO moves are banned\n|rule|Evasion Moves Clause: Evasion moves are banned\n|rule|Evasion Items Clause: Evasion items are banned\n|rule|Species Clause: Limit one of each Pok\u00e9mon\n|rule|Sleep Clause Mod: Limit one foe put to sleep\n|rule|Mega Rayquaza Clause: You cannot mega evolve Rayquaza\n|clearpoke\n|poke|p1|Lucario, M|\n|poke|p1|Samurott-Hisui, M|\n|poke|p1|Volcarona, M|\n|poke|p1|Deoxys-Attack|\n|poke|p1|Mewtwo|\n|poke|p1|Roaring Moon|\n|poke|p2|Xerneas-*|\n|poke|p2|Zacian-*|\n|poke|p2|Groudon|\n|poke|p2|Kyogre|\n|poke|p2|Eternatus|\n|poke|p2|Rayquaza|\n|teampreview\n|j| xxx102\n|\n|t:|1699154090\n|start\n|switch|p1a: Roaring Moon|Roaring Moon|100\/100\n|switch|p2a: Eternatus|Eternatus|100\/100\n|-ability|p2a: Eternatus|Pressure\n|-enditem|p1a: Roaring Moon|Booster Energy\n|-activate|p1a: Roaring Moon|ability: Protosynthesis|[fromitem]\n|-start|p1a: Roaring Moon|protosynthesisatk\n|turn|1\n|\n|t:|1699154096\n|-terastallize|p1a: Roaring Moon|Flying\n|move|p2a: Eternatus|Dragon Dance|p2a: Eternatus\n|-boost|p2a: Eternatus|atk|1\n|-boost|p2a: Eternatus|spe|1\n|move|p1a: Roaring Moon|Earthquake|p2a: Eternatus\n|-supereffective|p2a: Eternatus\n|-damage|p2a: Eternatus|12\/100\n|\n|upkeep\n|turn|2\n|l| xxx102\n|\n|t:|1699154105\n|move|p2a: Eternatus|Recover|p2a: Eternatus\n|-heal|p2a: Eternatus|62\/100\n|move|p1a: Roaring Moon|Earthquake|p2a: Eternatus\n|-supereffective|p2a: Eternatus\n|-crit|p2a: Eternatus\n|-damage|p2a: Eternatus|0 fnt\n|faint|p2a: Eternatus\n|\n|upkeep\n|\n|t:|1699154109\n|switch|p2a: Zacian|Zacian-Crowned, shiny|100\/100\n|-ability|p2a: Zacian|Intrepid Sword|boost\n|-boost|p2a: Zacian|atk|1\n|turn|3\n|\n|t:|1699154118\n|move|p2a: Zacian|Behemoth Blade|p1a: Roaring Moon\n|-damage|p1a: Roaring Moon|0 fnt\n|faint|p1a: Roaring Moon\n|-end|p1a: Roaring Moon|Protosynthesis|[silent]\n|\n|upkeep\n|\n|t:|1699154140\n|switch|p1a: Volcarona|Volcarona, M, shiny|100\/100\n|turn|4\n|\n|t:|1699154145\n|move|p2a: Zacian|Behemoth Blade|p1a: Volcarona\n|-resisted|p1a: Volcarona\n|-damage|p1a: Volcarona|42\/100\n|move|p1a: Volcarona|Will-O-Wisp|p2a: Zacian\n|-status|p2a: Zacian|brn\n|\n|-damage|p2a: Zacian|94\/100 brn|[from] brn\n|upkeep\n|turn|5\n|\n|t:|1699154151\n|move|p2a: Zacian|Behemoth Blade|p1a: Volcarona\n|-resisted|p1a: Volcarona\n|-damage|p1a: Volcarona|13\/100\n|move|p1a: Volcarona|Morning Sun|p1a: Volcarona\n|-heal|p1a: Volcarona|62\/100\n|\n|-damage|p2a: Zacian|88\/100 brn|[from] brn\n|upkeep\n|turn|6\n|\n|t:|1699154156\n|move|p2a: Zacian|Play Rough|p1a: Volcarona\n|-resisted|p1a: Volcarona\n|-crit|p1a: Volcarona\n|-damage|p1a: Volcarona|26\/100\n|move|p1a: Volcarona|Morning Sun|p1a: Volcarona\n|-heal|p1a: Volcarona|76\/100\n|\n|-damage|p2a: Zacian|82\/100 brn|[from] brn\n|upkeep\n|turn|7\n|\n|t:|1699154161\n|move|p2a: Zacian|Crunch|p1a: Volcarona\n|-damage|p1a: Volcarona|43\/100\n|move|p1a: Volcarona|Morning Sun|p1a: Volcarona\n|-heal|p1a: Volcarona|93\/100\n|\n|-damage|p2a: Zacian|76\/100 brn|[from] brn\n|upkeep\n|turn|8\n|\n|t:|1699154165\n|move|p2a: Zacian|Crunch|p1a: Volcarona\n|-damage|p1a: Volcarona|65\/100\n|move|p1a: Volcarona|Fire Blast|p2a: Zacian\n|-supereffective|p2a: Zacian\n|-damage|p2a: Zacian|0 fnt\n|faint|p2a: Zacian\n|\n|upkeep\n|\n|t:|1699154172\n|switch|p2a: Groudon|Groudon, shiny|100\/100\n|detailschange|p2a: Groudon|Groudon-Primal, shiny\n|-primal|p2a: Groudon|Red Orb\n|-weather|DesolateLand|[from] ability: Desolate Land|[of] p2a: Groudon\n|turn|9\n|\n|t:|1699154181\n|move|p1a: Volcarona|Morning Sun|p1a: Volcarona\n|-heal|p1a: Volcarona|100\/100\n|move|p2a: Groudon|Rock Polish|p2a: Groudon\n|-boost|p2a: Groudon|spe|2\n|\n|-weather|DesolateLand|[upkeep]\n|upkeep\n|turn|10\n|\n|t:|1699154196\n|move|p2a: Groudon|Focus Blast|p1a: Volcarona\n|-resisted|p1a: Volcarona\n|-damage|p1a: Volcarona|87\/100\n|move|p1a: Volcarona|Fire Blast|p2a: Groudon\n|-resisted|p2a: Groudon\n|-damage|p2a: Groudon|68\/100\n|\n|-weather|DesolateLand|[upkeep]\n|upkeep\n|turn|11\n|\n|t:|1699154201\n|move|p2a: Groudon|Swords Dance|p2a: Groudon\n|-boost|p2a: Groudon|atk|2\n|move|p1a: Volcarona|Fire Blast|p2a: Groudon\n|-resisted|p2a: Groudon\n|-damage|p2a: Groudon|33\/100\n|\n|-weather|DesolateLand|[upkeep]\n|upkeep\n|turn|12\n|\n|t:|1699154204\n|move|p2a: Groudon|Precipice Blades|p1a: Volcarona|[miss]\n|-miss|p2a: Groudon|p1a: Volcarona\n|move|p1a: Volcarona|Fire Blast|p2a: Groudon\n|-resisted|p2a: Groudon\n|-damage|p2a: Groudon|0 fnt\n|faint|p2a: Groudon\n|-weather|none\n|\n|upkeep\n|\n|t:|1699154211\n|switch|p2a: Xerneas|Xerneas|100\/100\n|-ability|p2a: Xerneas|Fairy Aura\n|turn|13\n|\n|t:|1699154216\n|move|p2a: Xerneas|Geomancy||[still]\n|-prepare|p2a: Xerneas|Geomancy\n|-enditem|p2a: Xerneas|Power Herb\n|-anim|p2a: Xerneas|Geomancy|p2a: Xerneas\n|-boost|p2a: Xerneas|spa|2\n|-boost|p2a: Xerneas|spd|2\n|-boost|p2a: Xerneas|spe|2\n|move|p1a: Volcarona|Will-O-Wisp|p2a: Xerneas\n|-status|p2a: Xerneas|brn\n|\n|-damage|p2a: Xerneas|94\/100 brn|[from] brn\n|upkeep\n|turn|14\n|\n|t:|1699154221\n|move|p2a: Xerneas|Draining Kiss|p1a: Volcarona\n|-resisted|p1a: Volcarona\n|-damage|p1a: Volcarona|62\/100\n|-heal|p2a: Xerneas|100\/100 brn|[from] drain|[of] p1a: Volcarona\n|move|p1a: Volcarona|Fire Blast|p2a: Xerneas\n|-damage|p2a: Xerneas|80\/100 brn\n|\n|-damage|p2a: Xerneas|73\/100 brn|[from] brn\n|upkeep\n|turn|15\n|\n|t:|1699154225\n|move|p2a: Xerneas|Moonblast|p1a: Volcarona\n|-resisted|p1a: Volcarona\n|-damage|p1a: Volcarona|17\/100\n|move|p1a: Volcarona|Fire Blast|p2a: Xerneas\n|-crit|p2a: Xerneas\n|-damage|p2a: Xerneas|7\/100 brn\n|\n|-damage|p2a: Xerneas|0 fnt|[from] brn\n|faint|p2a: Xerneas\n|upkeep\n|\n|t:|1699154231\n|switch|p2a: Kyogre|Kyogre, shiny|100\/100\n|detailschange|p2a: Kyogre|Kyogre-Primal, shiny\n|-primal|p2a: Kyogre|Blue Orb\n|-weather|PrimordialSea|[from] ability: Primordial Sea|[of] p2a: Kyogre\n|turn|16\n|\n|t:|1699154235\n|move|p2a: Kyogre|Calm Mind|p2a: Kyogre\n|-boost|p2a: Kyogre|spa|1\n|-boost|p2a: Kyogre|spd|1\n|move|p1a: Volcarona|Morning Sun|p1a: Volcarona\n|-heal|p1a: Volcarona|42\/100\n|\n|-weather|PrimordialSea|[upkeep]\n|upkeep\n|turn|17\n|\n|t:|1699154238\n|move|p2a: Kyogre|Water Spout|p1a: Volcarona\n|-supereffective|p1a: Volcarona\n|-damage|p1a: Volcarona|0 fnt\n|faint|p1a: Volcarona\n|\n|-weather|PrimordialSea|[upkeep]\n|upkeep\n|\n|t:|1699154247\n|switch|p1a: Deoxys|Deoxys-Attack|100\/100\n|-ability|p1a: Deoxys|Pressure\n|turn|18\n|\n|t:|1699154251\n|move|p1a: Deoxys|Thunder|p2a: Kyogre\n|-supereffective|p2a: Kyogre\n|-damage|p2a: Kyogre|46\/100\n|-damage|p1a: Deoxys|91\/100|[from] item: Life Orb\n|move|p2a: Kyogre|Water Spout|p1a: Deoxys\n|-damage|p1a: Deoxys|0 fnt\n|faint|p1a: Deoxys\n|\n|-weather|PrimordialSea|[upkeep]\n|upkeep\n|\n|t:|1699154259\n|switch|p1a: Mewtwo|Mewtwo|100\/100\n|-ability|p1a: Mewtwo|Unnerve\n|turn|19\n|\n|t:|1699154264\n|move|p1a: Mewtwo|Calm Mind|p1a: Mewtwo\n|-boost|p1a: Mewtwo|spa|1\n|-boost|p1a: Mewtwo|spd|1\n|move|p2a: Kyogre|Water Spout|p1a: Mewtwo\n|-damage|p1a: Mewtwo|25\/100\n|\n|-weather|PrimordialSea|[upkeep]\n|upkeep\n|turn|20\n|\n|t:|1699154271\n|move|p1a: Mewtwo|Earth Power|p2a: Kyogre\n|-damage|p2a: Kyogre|15\/100\n|-damage|p1a: Mewtwo|15\/100|[from] item: Life Orb\n|move|p2a: Kyogre|Water Spout|p1a: Mewtwo\n|-damage|p1a: Mewtwo|0 fnt\n|faint|p1a: Mewtwo\n|\n|-weather|PrimordialSea|[upkeep]\n|upkeep\n|\n|t:|1699154279\n|switch|p1a: Lucario|Lucario, M|100\/100\n|turn|21\n|\n|t:|1699154282\n|detailschange|p1a: Lucario|Lucario-Mega, M\n|-mega|p1a: Lucario|Lucario|Lucarionite\n|move|p1a: Lucario|Bullet Punch|p2a: Kyogre\n|-resisted|p2a: Kyogre\n|-crit|p2a: Kyogre\n|-damage|p2a: Kyogre|0 fnt\n|faint|p2a: Kyogre\n|-weather|none\n|\n|upkeep\n|\n|t:|1699154291\n|switch|p2a: Rayquaza|Rayquaza, shiny|100\/100\n|-ability|p2a: Rayquaza|Air Lock\n|turn|22\n|\n|t:|1699154296\n|move|p1a: Lucario|Ice Punch|p2a: Rayquaza\n|-supereffective|p2a: Rayquaza\n|-damage|p2a: Rayquaza|0 fnt\n|faint|p2a: Rayquaza\n|\n|win|H0ldupboi\n|raw|H0ldupboi's rating: 1181 &rarr; <strong>1201<\/strong><br \/>(+20 for winning)\n|raw|yuanshensb's rating: 1105 &rarr; <strong>1085<\/strong><br \/>(-20 for losing)\n","uploadtime":1699154304,"views":10,"p1id":"h0ldupboi","p2id":"yuanshensb","formatid":"gen9nationaldexubers","rating":1085,"private":0,"password":""}