{"id":"gen9nationaldexubers-1978086269","p1":"Driftedex","p2":"85792195wwww","format":"[Gen 9] National Dex Ubers","log":"|j|\u2606Driftedex\n|j|\u260685792195wwww\n|t:|1698497270\n|gametype|singles\n|player|p1|Driftedex|roark|1648\n|player|p2|85792195wwww|lady|1854\n|teamsize|p1|6\n|teamsize|p2|6\n|gen|9\n|tier|[Gen 9] National Dex Ubers\n|rated|\n|rule|HP Percentage Mod: HP is shown in percentages\n|rule|Endless Battle Clause: Forcing endless battles is banned\n|rule|OHKO Clause: OHKO moves are banned\n|rule|Evasion Moves Clause: Evasion moves are banned\n|rule|Evasion Items Clause: Evasion items are banned\n|rule|Species Clause: Limit one of each Pok\u00e9mon\n|rule|Sleep Clause Mod: Limit one foe put to sleep\n|rule|Mega Rayquaza Clause: You cannot mega evolve Rayquaza\n|clearpoke\n|poke|p1|Kyogre|\n|poke|p1|Zygarde|\n|poke|p1|Groudon|\n|poke|p1|Necrozma-Dusk-Mane|\n|poke|p1|Ho-Oh|\n|poke|p1|Salamence, M|\n|poke|p2|Xerneas-*|\n|poke|p2|Groudon|\n|poke|p2|Calyrex-Ice|\n|poke|p2|Krookodile, F|\n|poke|p2|Zacian-*|\n|poke|p2|Arceus|\n|teampreview\n|inactive|Battle timer is ON: inactive players will automatically lose when time's up. (requested by Driftedex)\n|\n|t:|1698497285\n|start\n|switch|p1a: Kyogre|Kyogre|100\/100\n|switch|p2a: Groudon|Groudon|100\/100\n|detailschange|p1a: Kyogre|Kyogre-Primal\n|-primal|p1a: Kyogre|Blue Orb\n|-weather|PrimordialSea|[from] ability: Primordial Sea|[of] p1a: Kyogre\n|detailschange|p2a: Groudon|Groudon-Primal\n|-primal|p2a: Groudon|Red Orb\n|-weather|DesolateLand|[from] ability: Desolate Land|[of] p2a: Groudon\n|turn|1\n|\n|t:|1698497298\n|switch|p1a: Zygarde|Zygarde|100\/100\n|-weather|none\n|switch|p2a: Krookodile|Krookodile, F|100\/100\n|-ability|p2a: Krookodile|Intimidate|boost\n|-unboost|p1a: Zygarde|atk|1\n|\n|upkeep\n|turn|2\n|\n|t:|1698497306\n|move|p2a: Krookodile|Knock Off|p1a: Zygarde\n|-damage|p1a: Zygarde|78\/100\n|-enditem|p1a: Zygarde|Leftovers|[from] move: Knock Off|[of] p2a: Krookodile\n|move|p1a: Zygarde|Thousand Arrows|p2a: Krookodile\n|-damage|p2a: Krookodile|75\/100\n|\n|upkeep\n|turn|3\n|\n|t:|1698497314\n|move|p2a: Krookodile|Taunt|p1a: Zygarde\n|-start|p1a: Zygarde|move: Taunt\n|cant|p1a: Zygarde|move: Taunt|Glare\n|\n|upkeep\n|turn|4\n|\n|t:|1698497321\n|move|p2a: Krookodile|Stealth Rock|p1a: Zygarde\n|-sidestart|p1: Driftedex|move: Stealth Rock\n|move|p1a: Zygarde|Thousand Arrows|p2a: Krookodile\n|-damage|p2a: Krookodile|49\/100\n|\n|upkeep\n|turn|5\n|\n|t:|1698497327\n|switch|p2a: Calyrex|Calyrex-Ice|100\/100\n|-ability|p2a: Calyrex|As One\n|-ability|p2a: Calyrex|Unnerve\n|move|p1a: Zygarde|Thousand Arrows|p2a: Calyrex\n|-damage|p2a: Calyrex|87\/100\n|\n|-end|p1a: Zygarde|move: Taunt\n|upkeep\n|turn|6\n|\n|t:|1698497339\n|switch|p1a: Necrozma|Necrozma-Dusk-Mane|100\/100\n|-damage|p1a: Necrozma|94\/100|[from] Stealth Rock\n|move|p2a: Calyrex|Swords Dance|p2a: Calyrex\n|-boost|p2a: Calyrex|atk|2\n|\n|-heal|p1a: Necrozma|100\/100|[from] item: Leftovers\n|upkeep\n|turn|7\n|\n|t:|1698497365\n|move|p2a: Calyrex|High Horsepower|p1a: Necrozma\n|-supereffective|p1a: Necrozma\n|-damage|p1a: Necrozma|15\/100\n|move|p1a: Necrozma|Stealth Rock|p2a: Calyrex\n|-sidestart|p2: 85792195wwww|move: Stealth Rock\n|\n|-heal|p1a: Necrozma|21\/100|[from] item: Leftovers\n|upkeep\n|turn|8\n|\n|t:|1698497374\n|move|p2a: Calyrex|Agility|p2a: Calyrex\n|-boost|p2a: Calyrex|spe|2\n|move|p1a: Necrozma|Sunsteel Strike|p2a: Calyrex\n|-supereffective|p2a: Calyrex\n|-damage|p2a: Calyrex|16\/100\n|\n|-heal|p1a: Necrozma|27\/100|[from] item: Leftovers\n|upkeep\n|turn|9\n|\n|t:|1698497384\n|move|p2a: Calyrex|Glacial Lance|p1a: Necrozma\n|-resisted|p1a: Necrozma\n|-damage|p1a: Necrozma|0 fnt\n|faint|p1a: Necrozma\n|-ability|p2a: Calyrex|Chilling Neigh|boost\n|-boost|p2a: Calyrex|atk|1\n|\n|upkeep\n|\n|t:|1698497389\n|switch|p1a: Salamence|Salamence, M|100\/100\n|-damage|p1a: Salamence|76\/100|[from] Stealth Rock\n|-ability|p1a: Salamence|Intimidate|boost\n|-unboost|p2a: Calyrex|atk|1\n|turn|10\n|\n|t:|1698497396\n|switch|p1a: Ho-Oh|Ho-Oh|100\/100\n|move|p2a: Calyrex|Glacial Lance|p1a: Ho-Oh\n|-crit|p1a: Ho-Oh\n|-damage|p1a: Ho-Oh|0 fnt\n|faint|p1a: Ho-Oh\n|-ability|p2a: Calyrex|Chilling Neigh|boost\n|-boost|p2a: Calyrex|atk|1\n|\n|upkeep\n|\n|t:|1698497398\n|switch|p1a: Zygarde|Zygarde|78\/100\n|-damage|p1a: Zygarde|72\/100|[from] Stealth Rock\n|turn|11\n|\n|t:|1698497409\n|-terastallize|p2a: Calyrex|Ice\n|-terastallize|p1a: Zygarde|Fairy\n|move|p2a: Calyrex|Glacial Lance|p1a: Zygarde\n|-damage|p1a: Zygarde|0 fnt\n|faint|p1a: Zygarde\n|-ability|p2a: Calyrex|Chilling Neigh|boost\n|-boost|p2a: Calyrex|atk|1\n|\n|upkeep\n|-message|Driftedex forfeited.\n|\n|win|85792195wwww\n|raw|Driftedex's rating: 1648 &rarr; <strong>1639<\/strong><br \/>(-9 for losing)\n|raw|85792195wwww's rating: 1854 &rarr; <strong>1863<\/strong><br \/>(+9 for winning)\n|l|\u2606Driftedex\n","uploadtime":1698497423,"views":13,"p1id":"driftedex","p2id":"85792195wwww","formatid":"gen9nationaldexubers","rating":1639,"private":0,"password":""}