{"id":"gen9nationaldexubers-1986719832","p1":"Slothbaseiscool","p2":"GEO-M0DE\u2734\ufe0f","format":"[Gen 9] National Dex Ubers","log":"|j|\u2606Slothbaseiscool\n|j|\u2606GEO-M0DE\u2734\ufe0f\n|t:|1699513752\n|gametype|singles\n|player|p1|Slothbaseiscool|102|1051\n|player|p2|GEO-M0DE\u2734\ufe0f|backpackerf|1036\n|teamsize|p1|6\n|teamsize|p2|6\n|gen|9\n|tier|[Gen 9] National Dex Ubers\n|rated|\n|rule|HP Percentage Mod: HP is shown in percentages\n|rule|Endless Battle Clause: Forcing endless battles is banned\n|rule|OHKO Clause: OHKO moves are banned\n|rule|Evasion Moves Clause: Evasion moves are banned\n|rule|Evasion Items Clause: Evasion items are banned\n|rule|Species Clause: Limit one of each Pok\u00e9mon\n|rule|Sleep Clause Mod: Limit one foe put to sleep\n|rule|Mega Rayquaza Clause: You cannot mega evolve Rayquaza\n|clearpoke\n|poke|p1|Taillow, L1, M|\n|poke|p1|Maushold-Four|\n|poke|p1|Xurkitree|\n|poke|p1|Lugia|\n|poke|p1|Polteageist-Antique|\n|poke|p1|Hitmonlee, M|\n|poke|p2|Sandaconda, M|\n|poke|p2|Lycanroc, M|\n|poke|p2|Aerodactyl, M|\n|poke|p2|Garganacl, M|\n|poke|p2|Dugtrio-Alola, F|\n|poke|p2|Gigalith, M|\n|teampreview\n|\n|t:|1699513770\n|start\n|switch|p1a: Polteageist|Polteageist-Antique, shiny|100\/100\n|switch|p2a: \u26f0\ufe0fTRIO TRIO TRIO\u26f0\ufe0f|Dugtrio-Alola, F, shiny|100\/100\n|turn|1\n|\n|t:|1699513779\n|move|p2a: \u26f0\ufe0fTRIO TRIO TRIO\u26f0\ufe0f|Sandstorm|p2a: \u26f0\ufe0fTRIO TRIO TRIO\u26f0\ufe0f\n|-weather|Sandstorm\n|move|p1a: Polteageist|Shell Smash|p1a: Polteageist\n|-unboost|p1a: Polteageist|def|1\n|-unboost|p1a: Polteageist|spd|1\n|-boost|p1a: Polteageist|atk|2\n|-boost|p1a: Polteageist|spa|2\n|-boost|p1a: Polteageist|spe|2\n|\n|-weather|Sandstorm|[upkeep]\n|-damage|p1a: Polteageist|94\/100|[from] Sandstorm\n|upkeep\n|turn|2\n|\n|t:|1699513791\n|move|p1a: Polteageist|Shell Smash|p1a: Polteageist\n|-unboost|p1a: Polteageist|def|1\n|-unboost|p1a: Polteageist|spd|1\n|-boost|p1a: Polteageist|atk|2\n|-boost|p1a: Polteageist|spa|2\n|-boost|p1a: Polteageist|spe|2\n|move|p2a: \u26f0\ufe0fTRIO TRIO TRIO\u26f0\ufe0f|Bulldoze|p1a: Polteageist\n|-damage|p1a: Polteageist|0 fnt\n|faint|p1a: Polteageist\n|\n|-weather|Sandstorm|[upkeep]\n|upkeep\n|\n|t:|1699513802\n|switch|p1a: Lugia|Lugia, shiny|100\/100\n|turn|3\n|\n|t:|1699513806\n|move|p2a: \u26f0\ufe0fTRIO TRIO TRIO\u26f0\ufe0f|Iron Head|p1a: Lugia\n|-damage|p1a: Lugia|90\/100\n|cant|p1a: Lugia|flinch\n|\n|-weather|Sandstorm|[upkeep]\n|-damage|p1a: Lugia|84\/100|[from] Sandstorm\n|upkeep\n|turn|4\n|\n|t:|1699513814\n|move|p2a: \u26f0\ufe0fTRIO TRIO TRIO\u26f0\ufe0f|Iron Head|p1a: Lugia\n|-damage|p1a: Lugia|61\/100\n|cant|p1a: Lugia|flinch\n|\n|-weather|Sandstorm|[upkeep]\n|-damage|p1a: Lugia|55\/100|[from] Sandstorm\n|upkeep\n|turn|5\n|\n|t:|1699513822\n|move|p2a: \u26f0\ufe0fTRIO TRIO TRIO\u26f0\ufe0f|Iron Head|p1a: Lugia\n|-damage|p1a: Lugia|34\/100\n|cant|p1a: Lugia|flinch\n|\n|-weather|Sandstorm|[upkeep]\n|-damage|p1a: Lugia|28\/100|[from] Sandstorm\n|upkeep\n|turn|6\n|\n|t:|1699513831\n|move|p2a: \u26f0\ufe0fTRIO TRIO TRIO\u26f0\ufe0f|Iron Head|p1a: Lugia\n|-damage|p1a: Lugia|4\/100\n|move|p1a: Lugia|Earth Power|p2a: \u26f0\ufe0fTRIO TRIO TRIO\u26f0\ufe0f\n|-supereffective|p2a: \u26f0\ufe0fTRIO TRIO TRIO\u26f0\ufe0f\n|-damage|p2a: \u26f0\ufe0fTRIO TRIO TRIO\u26f0\ufe0f|13\/100\n|\n|-weather|Sandstorm|[upkeep]\n|-damage|p1a: Lugia|0 fnt|[from] Sandstorm\n|faint|p1a: Lugia\n|upkeep\n|\n|t:|1699513842\n|switch|p1a: Maushold|Maushold-Four|100\/100\n|turn|7\n|\n|t:|1699513847\n|move|p1a: Maushold|Population Bomb|p2a: \u26f0\ufe0fTRIO TRIO TRIO\u26f0\ufe0f\n|-resisted|p2a: \u26f0\ufe0fTRIO TRIO TRIO\u26f0\ufe0f\n|-damage|p2a: \u26f0\ufe0fTRIO TRIO TRIO\u26f0\ufe0f|1\/100\n|-resisted|p2a: \u26f0\ufe0fTRIO TRIO TRIO\u26f0\ufe0f\n|-damage|p2a: \u26f0\ufe0fTRIO TRIO TRIO\u26f0\ufe0f|0 fnt\n|faint|p2a: \u26f0\ufe0fTRIO TRIO TRIO\u26f0\ufe0f\n|-hitcount|p2: \u26f0\ufe0fTRIO TRIO TRIO\u26f0\ufe0f|2\n|\n|-weather|Sandstorm|[upkeep]\n|-damage|p1a: Maushold|94\/100|[from] Sandstorm\n|upkeep\n|inactive|Battle timer is ON: inactive players will automatically lose when time's up. (requested by Slothbaseiscool)\n|c|\u2606Slothbaseiscool|Lol\n|\n|t:|1699513888\n|switch|p2a: \u26f0\ufe0fSANDACONDA\u26f0\ufe0f|Sandaconda, M, shiny|100\/100\n|turn|8\n|\n|t:|1699513892\n|move|p1a: Maushold|Population Bomb|p2a: \u26f0\ufe0fSANDACONDA\u26f0\ufe0f|[miss]\n|-miss|p1a: Maushold|p2a: \u26f0\ufe0fSANDACONDA\u26f0\ufe0f\n|move|p2a: \u26f0\ufe0fSANDACONDA\u26f0\ufe0f|Glare|p1a: Maushold\n|-status|p1a: Maushold|par\n|\n|-weather|none\n|upkeep\n|turn|9\n|\n|t:|1699513901\n|move|p2a: \u26f0\ufe0fSANDACONDA\u26f0\ufe0f|Bulldoze|p1a: Maushold\n|-damage|p1a: Maushold|55\/100 par\n|-unboost|p1a: Maushold|spe|1\n|move|p1a: Maushold|Population Bomb|p2a: \u26f0\ufe0fSANDACONDA\u26f0\ufe0f\n|-damage|p2a: \u26f0\ufe0fSANDACONDA\u26f0\ufe0f|92\/100\n|-weather|Sandstorm|[from] ability: Sand Spit|[of] p2a: \u26f0\ufe0fSANDACONDA\u26f0\ufe0f\n|-damage|p2a: \u26f0\ufe0fSANDACONDA\u26f0\ufe0f|81\/100\n|-damage|p2a: \u26f0\ufe0fSANDACONDA\u26f0\ufe0f|72\/100\n|-damage|p2a: \u26f0\ufe0fSANDACONDA\u26f0\ufe0f|63\/100\n|-damage|p2a: \u26f0\ufe0fSANDACONDA\u26f0\ufe0f|53\/100\n|-damage|p2a: \u26f0\ufe0fSANDACONDA\u26f0\ufe0f|44\/100\n|-hitcount|p2a: \u26f0\ufe0fSANDACONDA\u26f0\ufe0f|6\n|\n|-weather|Sandstorm|[upkeep]\n|-damage|p1a: Maushold|48\/100 par|[from] Sandstorm\n|upkeep\n|turn|10\n|\n|t:|1699513921\n|move|p2a: \u26f0\ufe0fSANDACONDA\u26f0\ufe0f|Earthquake|p1a: Maushold\n|-damage|p1a: Maushold|0 fnt\n|faint|p1a: Maushold\n|\n|-weather|Sandstorm|[upkeep]\n|upkeep\n|-message|Slothbaseiscool forfeited.\n|\n|win|GEO-M0DE\u2734\ufe0f\n|raw|Slothbaseiscool's rating: 1051 &rarr; <strong>1033<\/strong><br \/>(-18 for losing)\n|raw|GEO-M0DE\u2734\ufe0f's rating: 1036 &rarr; <strong>1072<\/strong><br \/>(+36 for winning)\n|l|\u2606Slothbaseiscool\n","uploadtime":1699514050,"views":10,"p1id":"slothbaseiscool","p2id":"geom0de","formatid":"gen9nationaldexubers","rating":1033,"private":0,"password":""}