{"id":"gen9nationaldexubers-1994526343","p1":"thedukeoftacos","p2":"OcarinaEX","format":"[Gen 9] National Dex Ubers","log":"|j|\u2606thedukeoftacos\n|j|\u2606OcarinaEX\n|t:|1700454703\n|gametype|singles\n|player|p1|thedukeoftacos|riley|\n|player|p2|OcarinaEX|n|\n|teamsize|p1|6\n|teamsize|p2|6\n|gen|9\n|tier|[Gen 9] National Dex Ubers\n|rule|HP Percentage Mod: HP is shown in percentages\n|rule|Endless Battle Clause: Forcing endless battles is banned\n|rule|OHKO Clause: OHKO moves are banned\n|rule|Evasion Moves Clause: Evasion moves are banned\n|rule|Evasion Items Clause: Evasion items are banned\n|rule|Species Clause: Limit one of each Pok\u00e9mon\n|rule|Sleep Clause Mod: Limit one foe put to sleep\n|rule|Mega Rayquaza Clause: You cannot mega evolve Rayquaza\n|clearpoke\n|poke|p1|Ludicolo, F|\n|poke|p1|Salamence, M|\n|poke|p1|Grumpig, F|\n|poke|p1|Pelipper, M|\n|poke|p1|Machamp, F|\n|poke|p1|Swampert, M|\n|poke|p2|Lucario, M|\n|poke|p2|Gliscor, M|\n|poke|p2|Haxorus, F|\n|poke|p2|Kingambit, M|\n|poke|p2|Volcarona, M|\n|poke|p2|Skarmory, F|\n|teampreview\n|c|\u2606thedukeoftacos|hello friend~\n|c|\u2606OcarinaEX|hello\n|c|\u2606thedukeoftacos|gl, hf~\n|c|\u2606OcarinaEX|gliscor is tera water\n|c|\u2606thedukeoftacos|Ludi is Tera Fighting\n|\n|t:|1700454782\n|start\n|switch|p1a: Mr. Pig|Grumpig, F|100\/100\n|switch|p2a: Gliscor|Gliscor, M|100\/100\n|turn|1\n|c|\u2606OcarinaEX|gl hf\n|\n|t:|1700454796\n|move|p2a: Gliscor|Protect|p2a: Gliscor\n|-singleturn|p2a: Gliscor|Protect\n|move|p1a: Mr. Pig|Trick|p2a: Gliscor\n|-activate|p2a: Gliscor|move: Protect\n|\n|-status|p2a: Gliscor|tox|[from] item: Toxic Orb\n|upkeep\n|turn|2\n|\n|t:|1700454831\n|switch|p2a: Lucario|Lucario, M|100\/100\n|switch|p1a: Keikuu|Salamence, M|100\/100\n|-ability|p1a: Keikuu|Intimidate|boost\n|-unboost|p2a: Lucario|atk|1\n|\n|upkeep\n|turn|3\n|\n|t:|1700454861\n|switch|p2a: Gliscor|Gliscor, M|100\/100 tox\n|move|p1a: Keikuu|Flamethrower|p2a: Gliscor\n|-damage|p2a: Gliscor|77\/100 tox\n|\n|-heal|p2a: Gliscor|89\/100 tox|[from] ability: Poison Heal\n|upkeep\n|turn|4\n|\n|t:|1700454879\n|move|p1a: Keikuu|Draco Meteor|p2a: Gliscor\n|-damage|p2a: Gliscor|35\/100 tox\n|-unboost|p1a: Keikuu|spa|2\n|move|p2a: Gliscor|Toxic|p1a: Keikuu\n|-status|p1a: Keikuu|tox\n|\n|-damage|p1a: Keikuu|94\/100 tox|[from] psn\n|-heal|p2a: Gliscor|48\/100 tox|[from] ability: Poison Heal\n|upkeep\n|turn|5\n|\n|t:|1700454941\n|switch|p1a: Ollie|Pelipper, M|100\/100\n|-weather|RainDance|[from] ability: Drizzle|[of] p1a: Ollie\n|move|p2a: Gliscor|Earthquake|p1a: Ollie\n|-immune|p1a: Ollie\n|\n|-weather|RainDance|[upkeep]\n|-heal|p2a: Gliscor|60\/100 tox|[from] ability: Poison Heal\n|upkeep\n|turn|6\n|\n|t:|1700454968\n|move|p2a: Gliscor|Toxic|p1a: Ollie\n|-status|p1a: Ollie|tox\n|move|p1a: Ollie|U-turn|p2a: Gliscor\n|-resisted|p2a: Gliscor\n|-damage|p2a: Gliscor|56\/100 tox\n|\n|t:|1700454976\n|switch|p1a: Swolekip|Swampert, M|100\/100|[from] U-turn\n|\n|-weather|RainDance|[upkeep]\n|-heal|p2a: Gliscor|69\/100 tox|[from] ability: Poison Heal\n|upkeep\n|turn|7\n|\n|t:|1700454997\n|detailschange|p1a: Swolekip|Swampert-Mega, M\n|-mega|p1a: Swolekip|Swampert|Swampertite\n|-terastallize|p2a: Gliscor|Water\n|move|p1a: Swolekip|Flip Turn|p2a: Gliscor\n|-resisted|p2a: Gliscor\n|-damage|p2a: Gliscor|45\/100 tox\n|\n|t:|1700455005\n|switch|p1a: Keikuu|Salamence, M|94\/100 tox|[from] Flip Turn\n|-ability|p1a: Keikuu|Intimidate|boost\n|-unboost|p2a: Gliscor|atk|1\n|move|p2a: Gliscor|Toxic|p1a: Keikuu\n|-fail|p1a: Keikuu|tox\n|\n|-weather|RainDance|[upkeep]\n|-damage|p1a: Keikuu|88\/100 tox|[from] psn\n|-heal|p2a: Gliscor|58\/100 tox|[from] ability: Poison Heal\n|upkeep\n|turn|8\n|\n|t:|1700455014\n|move|p2a: Gliscor|Protect|p2a: Gliscor\n|-singleturn|p2a: Gliscor|Protect\n|move|p1a: Keikuu|Hurricane|p2a: Gliscor\n|-activate|p2a: Gliscor|move: Protect\n|\n|-weather|RainDance|[upkeep]\n|-damage|p1a: Keikuu|76\/100 tox|[from] psn\n|-heal|p2a: Gliscor|70\/100 tox|[from] ability: Poison Heal\n|upkeep\n|turn|9\n|\n|t:|1700455038\n|move|p1a: Keikuu|Hurricane|p2a: Gliscor\n|-damage|p2a: Gliscor|28\/100 tox\n|-start|p2a: Gliscor|confusion\n|-activate|p2a: Gliscor|confusion\n|move|p2a: Gliscor|Spikes|p1a: Keikuu\n|-sidestart|p1: thedukeoftacos|Spikes\n|\n|-weather|RainDance|[upkeep]\n|-damage|p1a: Keikuu|58\/100 tox|[from] psn\n|-heal|p2a: Gliscor|40\/100 tox|[from] ability: Poison Heal\n|upkeep\n|turn|10\n|\n|t:|1700455050\n|-end|p2a: Gliscor|confusion\n|move|p2a: Gliscor|Protect|p2a: Gliscor\n|-singleturn|p2a: Gliscor|Protect\n|move|p1a: Keikuu|Hurricane|p2a: Gliscor\n|-activate|p2a: Gliscor|move: Protect\n|\n|-weather|RainDance|[upkeep]\n|-damage|p1a: Keikuu|34\/100 tox|[from] psn\n|-heal|p2a: Gliscor|52\/100 tox|[from] ability: Poison Heal\n|upkeep\n|turn|11\n|\n|t:|1700455060\n|move|p1a: Keikuu|Draco Meteor|p2a: Gliscor\n|-damage|p2a: Gliscor|3\/100 tox\n|-unboost|p1a: Keikuu|spa|2\n|move|p2a: Gliscor|Spikes|p1a: Keikuu\n|-sidestart|p1: thedukeoftacos|Spikes\n|\n|-weather|RainDance|[upkeep]\n|-damage|p1a: Keikuu|4\/100 tox|[from] psn\n|-heal|p2a: Gliscor|15\/100 tox|[from] ability: Poison Heal\n|upkeep\n|turn|12\n|\n|t:|1700455068\n|move|p2a: Gliscor|Protect|p2a: Gliscor\n|-singleturn|p2a: Gliscor|Protect\n|move|p1a: Keikuu|Draco Meteor|p2a: Gliscor\n|-activate|p2a: Gliscor|move: Protect\n|\n|-weather|none\n|-damage|p1a: Keikuu|0 fnt|[from] psn\n|faint|p1a: Keikuu\n|-heal|p2a: Gliscor|28\/100 tox|[from] ability: Poison Heal\n|upkeep\n|\n|t:|1700455072\n|switch|p1a: Ollie|Pelipper, M|100\/100 tox\n|-weather|RainDance|[from] ability: Drizzle|[of] p1a: Ollie\n|turn|13\n|\n|t:|1700455084\n|move|p2a: Gliscor|Protect||[still]\n|-fail|p2a: Gliscor\n|move|p1a: Ollie|Hurricane|p2a: Gliscor\n|-damage|p2a: Gliscor|0 fnt\n|faint|p2a: Gliscor\n|\n|-weather|RainDance|[upkeep]\n|-damage|p1a: Ollie|94\/100 tox|[from] psn\n|upkeep\n|\n|t:|1700455100\n|switch|p2a: Haxorus|Haxorus, F|100\/100\n|-ability|p2a: Haxorus|Mold Breaker\n|turn|14\n|\n|t:|1700455112\n|move|p2a: Haxorus|Dragon Dance|p2a: Haxorus\n|-boost|p2a: Haxorus|atk|1\n|-boost|p2a: Haxorus|spe|1\n|move|p1a: Ollie|Ice Beam|p2a: Haxorus\n|-supereffective|p2a: Haxorus\n|-damage|p2a: Haxorus|8\/100\n|\n|-weather|RainDance|[upkeep]\n|-damage|p1a: Ollie|82\/100 tox|[from] psn\n|upkeep\n|turn|15\n|\n|t:|1700455126\n|move|p2a: Haxorus|Dragon Claw|p1a: Ollie\n|-damage|p1a: Ollie|0 fnt\n|faint|p1a: Ollie\n|\n|-weather|RainDance|[upkeep]\n|upkeep\n|\n|t:|1700455135\n|switch|p1a: LudiBRO|Ludicolo, F|100\/100\n|-damage|p1a: LudiBRO|84\/100|[from] Spikes\n|turn|16\n|\n|t:|1700455146\n|move|p2a: Haxorus|Dragon Claw|p1a: LudiBRO\n|-damage|p1a: LudiBRO|0 fnt\n|faint|p1a: LudiBRO\n|\n|-weather|RainDance|[upkeep]\n|upkeep\n|\n|t:|1700455149\n|switch|p1a: Swolekip|Swampert-Mega, M|100\/100\n|-damage|p1a: Swolekip|84\/100|[from] Spikes\n|turn|17\n|\n|t:|1700455157\n|move|p2a: Haxorus|Dragon Claw|p1a: Swolekip\n|-damage|p1a: Swolekip|24\/100\n|move|p1a: Swolekip|Waterfall|p2a: Haxorus\n|-resisted|p2a: Haxorus\n|-damage|p2a: Haxorus|0 fnt\n|faint|p2a: Haxorus\n|\n|-weather|RainDance|[upkeep]\n|upkeep\n|\n|t:|1700455165\n|switch|p2a: Kingambit|Kingambit, M|100\/100\n|-activate|p2a: Kingambit|ability: Supreme Overlord\n|-start|p2a: Kingambit|fallen2|[silent]\n|turn|18\n|\n|t:|1700455178\n|switch|p1a: Dio|Machamp, F|100\/100\n|-damage|p1a: Dio|84\/100|[from] Spikes\n|move|p2a: Kingambit|Swords Dance|p2a: Kingambit\n|-boost|p2a: Kingambit|atk|2\n|\n|-weather|RainDance|[upkeep]\n|-status|p1a: Dio|brn|[from] item: Flame Orb\n|upkeep\n|turn|19\n|\n|t:|1700455193\n|move|p1a: Dio|Close Combat|p2a: Kingambit\n|-supereffective|p2a: Kingambit\n|-damage|p2a: Kingambit|0 fnt\n|-unboost|p1a: Dio|def|1\n|-unboost|p1a: Dio|spd|1\n|faint|p2a: Kingambit\n|-end|p2a: Kingambit|fallen2|[silent]\n|\n|-weather|RainDance|[upkeep]\n|-damage|p1a: Dio|78\/100 brn|[from] brn\n|upkeep\n|\n|t:|1700455198\n|switch|p2a: Volcarona|Volcarona, M|100\/100\n|turn|20\n|\n|t:|1700455202\n|move|p2a: Volcarona|Quiver Dance|p2a: Volcarona\n|-boost|p2a: Volcarona|spa|1\n|-boost|p2a: Volcarona|spd|1\n|-boost|p2a: Volcarona|spe|1\n|move|p1a: Dio|Earthquake|p2a: Volcarona\n|-damage|p2a: Volcarona|9\/100\n|\n|-weather|none\n|-damage|p1a: Dio|72\/100 brn|[from] brn\n|upkeep\n|turn|21\n|\n|t:|1700455216\n|switch|p1a: Mr. Pig|Grumpig, F|100\/100\n|-damage|p1a: Mr. Pig|84\/100|[from] Spikes\n|move|p2a: Volcarona|Psychic|p1a: Mr. Pig\n|-resisted|p1a: Mr. Pig\n|-damage|p1a: Mr. Pig|56\/100\n|-damage|p2a: Volcarona|0 fnt|[from] item: Life Orb\n|faint|p2a: Volcarona\n|\n|upkeep\n|\n|t:|1700455226\n|switch|p2a: Lucario|Lucario, M|100\/100\n|turn|22\n|\n|t:|1700455245\n|detailschange|p2a: Lucario|Lucario-Mega, M\n|-mega|p2a: Lucario|Lucario|Lucarionite\n|move|p2a: Lucario|Shadow Claw|p1a: Mr. Pig\n|-supereffective|p1a: Mr. Pig\n|-damage|p1a: Mr. Pig|0 fnt\n|faint|p1a: Mr. Pig\n|\n|upkeep\n|\n|t:|1700455251\n|switch|p1a: Dio|Machamp, F|72\/100 brn\n|-damage|p1a: Dio|56\/100 brn|[from] Spikes\n|turn|23\n|\n|t:|1700455262\n|move|p2a: Lucario|Drain Punch|p1a: Dio\n|-damage|p1a: Dio|0 fnt\n|faint|p1a: Dio\n|\n|upkeep\n|c|\u2606thedukeoftacos|gg~ i really should have brought prio lol\n|\n|t:|1700455269\n|switch|p1a: Swolekip|Swampert-Mega, M|24\/100\n|-damage|p1a: Swolekip|8\/100|[from] Spikes\n|turn|24\n|\n|t:|1700455272\n|move|p2a: Lucario|Bullet Punch|p1a: Swolekip\n|-resisted|p1a: Swolekip\n|-damage|p1a: Swolekip|0 fnt\n|faint|p1a: Swolekip\n|\n|win|OcarinaEX\n|c|\u2606OcarinaEX|gg\n","uploadtime":1700455300,"views":13,"p1id":"thedukeoftacos","p2id":"ocarinaex","formatid":"gen9nationaldexubers","rating":0,"private":0,"password":""}