{"id":"gen9nationaldexubers-1997588694","p1":"Hades RFX","p2":"Just B3A$T","format":"[Gen 9] National Dex Ubers","log":"|j|\u2606Hades RFX\n|j|\u2606Just B3A$T\n|t:|1700829737\n|gametype|singles\n|player|p1|Hades RFX|alec-anime|\n|player|p2|Just B3A$T|noland|\n|teamsize|p1|6\n|teamsize|p2|6\n|gen|9\n|tier|[Gen 9] National Dex Ubers\n|rule|HP Percentage Mod: HP is shown in percentages\n|rule|Endless Battle Clause: Forcing endless battles is banned\n|rule|OHKO Clause: OHKO moves are banned\n|rule|Evasion Moves Clause: Evasion moves are banned\n|rule|Evasion Items Clause: Evasion items are banned\n|rule|Species Clause: Limit one of each Pok\u00e9mon\n|rule|Sleep Clause Mod: Limit one foe put to sleep\n|rule|Mega Rayquaza Clause: You cannot mega evolve Rayquaza\n|clearpoke\n|poke|p1|Dialga|\n|poke|p1|Dragonite, F|\n|poke|p1|Dragapult, F|\n|poke|p1|Kommo-o, M|\n|poke|p1|Kyurem|\n|poke|p1|Toxapex, M|\n|poke|p2|Rillaboom, M|\n|poke|p2|Samurott-Hisui, M|\n|poke|p2|Diancie|\n|poke|p2|Gholdengo|\n|poke|p2|Alomomola, F|\n|poke|p2|Moltres|\n|teampreview\n|inactive|Battle timer is ON: inactive players will automatically lose when time's up. (requested by Just B3A$T)\n|c|\u2606Hades RFX|glhf\n|c|\u2606Just B3A$T|u2\n|inactive|Hades RFX has 270 seconds left.\n|c|\u2606Just B3A$T|man I'm so pissed\n|c|\u2606Just B3A$T|so like\n|c|\u2606Just B3A$T|you know how\n|c|\u2606Just B3A$T|in AAA\n|c|\u2606Just B3A$T|there's these fuckers with aaa in their name\n|c|\u2606Just B3A$T|there's like a million of em\n|inactive|Hades RFX has 240 seconds left.\n|c|\u2606Hades RFX|huh\n|c|\u2606Just B3A$T|pretentious asshats\n|\n|t:|1700829810\n|start\n|switch|p1a: Kommo-o|Kommo-o, M|100\/100\n|switch|p2a: edge pro max|Samurott-Hisui, M, shiny|100\/100\n|turn|1\n|c|\u2606Just B3A$T|it'll be like\n|c|\u2606Just B3A$T|aaatd (random alphabet\/name)\n|\n|t:|1700829830\n|move|p2a: edge pro max|Flip Turn|p1a: Kommo-o\n|-resisted|p1a: Kommo-o\n|-damage|p1a: Kommo-o|87\/100\n|\n|t:|1700829834\n|switch|p2a: budget Ho-oh|Moltres|100\/100|[from] Flip Turn\n|move|p1a: Kommo-o|Stealth Rock|p2a: budget Ho-oh\n|-sidestart|p2: Just B3A$T|move: Stealth Rock\n|\n|upkeep\n|turn|2\n|\n|t:|1700829859\n|switch|p1a: Dialga|Dialga|100\/100\n|-ability|p1a: Dialga|Pressure\n|move|p2a: budget Ho-oh|Hurricane|p1a: Dialga\n|-resisted|p1a: Dialga\n|-damage|p1a: Dialga|91\/100\n|-start|p1a: Dialga|confusion\n|\n|upkeep\n|turn|3\n|inactive|Just B3A$T has 270 seconds left.\n|\n|t:|1700829910\n|-activate|p1a: Dialga|confusion\n|-damage|p1a: Dialga|85\/100|[from] confusion\n|move|p2a: budget Ho-oh|Defog|p1a: Dialga\n|-unboost|p1a: Dialga|evasion|1\n|-sideend|p2: Just B3A$T|Stealth Rock|[from] move: Defog|[of] p2a: budget Ho-oh\n|\n|upkeep\n|turn|4\n|\n|t:|1700829920\n|-activate|p1a: Dialga|confusion\n|move|p1a: Dialga|Thunderbolt|p2a: budget Ho-oh\n|-supereffective|p2a: budget Ho-oh\n|-damage|p2a: budget Ho-oh|54\/100\n|-status|p2a: budget Ho-oh|par\n|move|p2a: budget Ho-oh|Fire Blast|p1a: Dialga\n|-damage|p1a: Dialga|65\/100\n|\n|upkeep\n|turn|5\n|c|\u2606Hades RFX|neat\n|c|\u2606Just B3A$T|ballz\n|\n|t:|1700829932\n|switch|p1a: Toxapex|Toxapex, M|100\/100\n|cant|p2a: budget Ho-oh|par\n|\n|upkeep\n|turn|6\n|\n|t:|1700829936\n|move|p2a: budget Ho-oh|Hurricane|p1a: Toxapex|[miss]\n|-miss|p2a: budget Ho-oh|p1a: Toxapex\n|move|p1a: Toxapex|Toxic Spikes|p2a: budget Ho-oh\n|-sidestart|p2: Just B3A$T|move: Toxic Spikes\n|\n|upkeep\n|turn|7\n|\n|t:|1700829941\n|move|p2a: budget Ho-oh|Defog|p1a: Toxapex\n|-unboost|p1a: Toxapex|evasion|1\n|-sideend|p2: Just B3A$T|Toxic Spikes|[from] move: Defog|[of] p2a: budget Ho-oh\n|move|p1a: Toxapex|Toxic Spikes|p2a: budget Ho-oh\n|-sidestart|p2: Just B3A$T|move: Toxic Spikes\n|\n|upkeep\n|turn|8\n|\n|t:|1700829945\n|move|p2a: budget Ho-oh|Hurricane|p1a: Toxapex\n|-damage|p1a: Toxapex|71\/100\n|-start|p1a: Toxapex|confusion\n|-activate|p1a: Toxapex|confusion\n|move|p1a: Toxapex|Toxic Spikes|p2a: budget Ho-oh\n|-sidestart|p2: Just B3A$T|move: Toxic Spikes\n|\n|-heal|p1a: Toxapex|77\/100|[from] item: Black Sludge\n|upkeep\n|turn|9\n|\n|t:|1700829951\n|switch|p1a: Kyurem|Kyurem|100\/100\n|-ability|p1a: Kyurem|Pressure\n|move|p2a: budget Ho-oh|Defog|p1a: Kyurem\n|-unboost|p1a: Kyurem|evasion|1\n|-sideend|p2: Just B3A$T|Toxic Spikes|[from] move: Defog|[of] p2a: budget Ho-oh\n|\n|upkeep\n|turn|10\n|\n|t:|1700829956\n|move|p1a: Kyurem|Substitute|p1a: Kyurem\n|-start|p1a: Kyurem|Substitute\n|-damage|p1a: Kyurem|76\/100\n|move|p2a: budget Ho-oh|Fire Blast|p1a: Kyurem\n|-end|p1a: Kyurem|Substitute\n|\n|upkeep\n|turn|11\n|\n|t:|1700829960\n|move|p1a: Kyurem|Substitute|p1a: Kyurem\n|-start|p1a: Kyurem|Substitute\n|-damage|p1a: Kyurem|51\/100\n|move|p2a: budget Ho-oh|Fire Blast|p1a: Kyurem\n|-end|p1a: Kyurem|Substitute\n|\n|upkeep\n|turn|12\n|\n|t:|1700829963\n|move|p1a: Kyurem|Substitute|p1a: Kyurem\n|-start|p1a: Kyurem|Substitute\n|-damage|p1a: Kyurem|26\/100\n|cant|p2a: budget Ho-oh|par\n|\n|upkeep\n|turn|13\n|\n|t:|1700829966\n|move|p1a: Kyurem|Roost|p1a: Kyurem\n|-heal|p1a: Kyurem|76\/100\n|-singleturn|p1a: Kyurem|move: Roost\n|move|p2a: budget Ho-oh|Hurricane|p1a: Kyurem\n|-end|p1a: Kyurem|Substitute\n|\n|upkeep\n|turn|14\n|\n|t:|1700829970\n|move|p1a: Kyurem|Substitute|p1a: Kyurem\n|-start|p1a: Kyurem|Substitute\n|-damage|p1a: Kyurem|51\/100\n|move|p2a: budget Ho-oh|Hurricane|p1a: Kyurem\n|-end|p1a: Kyurem|Substitute\n|\n|upkeep\n|turn|15\n|\n|t:|1700829972\n|move|p1a: Kyurem|Substitute|p1a: Kyurem\n|-start|p1a: Kyurem|Substitute\n|-damage|p1a: Kyurem|27\/100\n|move|p2a: budget Ho-oh|Hurricane|p1a: Kyurem\n|-end|p1a: Kyurem|Substitute\n|\n|upkeep\n|turn|16\n|\n|t:|1700829976\n|move|p1a: Kyurem|Substitute|p1a: Kyurem\n|-start|p1a: Kyurem|Substitute\n|-damage|p1a: Kyurem|2\/100\n|move|p2a: budget Ho-oh|Hurricane|p1a: Kyurem\n|-end|p1a: Kyurem|Substitute\n|\n|upkeep\n|turn|17\n|c|\u2606Just B3A$T|ebic\n|\n|t:|1700829984\n|move|p1a: Kyurem|Roost|p1a: Kyurem\n|-heal|p1a: Kyurem|52\/100\n|-singleturn|p1a: Kyurem|move: Roost\n|move|p2a: budget Ho-oh|Hurricane|p1a: Kyurem\n|-damage|p1a: Kyurem|9\/100\n|\n|upkeep\n|turn|18\n|\n|t:|1700829987\n|move|p1a: Kyurem|Roost|p1a: Kyurem\n|-heal|p1a: Kyurem|60\/100\n|-singleturn|p1a: Kyurem|move: Roost\n|move|p2a: budget Ho-oh|Hurricane|p1a: Kyurem\n|-damage|p1a: Kyurem|17\/100\n|-start|p1a: Kyurem|confusion\n|\n|upkeep\n|turn|19\n|c|\u2606Hades RFX|how\n|\n|t:|1700829999\n|switch|p1a: Kommo-o|Kommo-o, M|87\/100\n|move|p2a: budget Ho-oh|Fire Blast|p1a: Kommo-o\n|-resisted|p1a: Kommo-o\n|-damage|p1a: Kommo-o|60\/100\n|\n|upkeep\n|turn|20\n|c|\u2606Just B3A$T|no idea\n|\n|t:|1700830003\n|move|p1a: Kommo-o|Stealth Rock|p2a: budget Ho-oh\n|-sidestart|p2: Just B3A$T|move: Stealth Rock\n|move|p2a: budget Ho-oh|Fire Blast|p1a: Kommo-o\n|-resisted|p1a: Kommo-o\n|-damage|p1a: Kommo-o|35\/100\n|\n|upkeep\n|turn|21\n|\n|t:|1700830007\n|-zpower|p1a: Kommo-o\n|move|p1a: Kommo-o|Clangorous Soulblaze|p2a: budget Ho-oh|[zeffect]\n|-damage|p2a: budget Ho-oh|0 fnt\n|faint|p2a: budget Ho-oh\n|-boost|p1a: Kommo-o|atk|1\n|-boost|p1a: Kommo-o|def|1\n|-boost|p1a: Kommo-o|spa|1\n|-boost|p1a: Kommo-o|spd|1\n|-boost|p1a: Kommo-o|spe|1\n|\n|upkeep\n|c|\u2606Hades RFX|fuck it\n|c|\u2606Hades RFX|we ball\n|c|\u2606Just B3A$T|love it when every Dragon has Pressure\n|c|\u2606Just B3A$T|less pp every turn\n|c|\u2606Hades RFX|fr\n|\n|t:|1700830033\n|switch|p2a: FEESH|Alomomola, F, shiny|100\/100\n|-damage|p2a: FEESH|88\/100|[from] Stealth Rock\n|turn|22\n|\n|t:|1700830039\n|move|p1a: Kommo-o|Clanging Scales|p2a: FEESH\n|-damage|p2a: FEESH|0 fnt\n|faint|p2a: FEESH\n|-unboost|p1a: Kommo-o|def|1\n|\n|upkeep\n|c|\u2606Just B3A$T|holy\n|c|\u2606Just B3A$T|nutz\n|c|\u2606Hades RFX|whats wrong\n|inactive|Just B3A$T has 270 seconds left.\n|c|\u2606Hades RFX|alomomola is fat, physically\n|c|\u2606Hades RFX|not specially\n|\n|t:|1700830059\n|switch|p2a: edge pro max|Samurott-Hisui, M, shiny|100\/100\n|-damage|p2a: edge pro max|88\/100|[from] Stealth Rock\n|turn|23\n|c|\u2606Hades RFX|;)\n|inactive|Just B3A$T has 270 seconds left.\n|\n|t:|1700830068\n|move|p2a: edge pro max|Sucker Punch|p1a: Kommo-o\n|-resisted|p1a: Kommo-o\n|-damage|p1a: Kommo-o|19\/100\n|move|p1a: Kommo-o|Clanging Scales|p2a: edge pro max\n|-damage|p2a: edge pro max|0 fnt\n|faint|p2a: edge pro max\n|-unboost|p1a: Kommo-o|def|1\n|\n|upkeep\n|inactive|Just B3A$T has 270 seconds left.\n|\n|t:|1700830078\n|switch|p2a: MONKE|Rillaboom, M|100\/100\n|-damage|p2a: MONKE|88\/100|[from] Stealth Rock\n|-fieldstart|move: Grassy Terrain|[from] ability: Grassy Surge|[of] p2a: MONKE\n|turn|24\n|\n|t:|1700830082\n|switch|p1a: Kyurem|Kyurem|17\/100\n|-ability|p1a: Kyurem|Pressure\n|move|p2a: MONKE|Grassy Glide|p1a: Kyurem\n|-resisted|p1a: Kyurem\n|-damage|p1a: Kyurem|0 fnt\n|faint|p1a: Kyurem\n|-damage|p2a: MONKE|78\/100|[from] item: Life Orb\n|\n|-heal|p2a: MONKE|84\/100|[from] Grassy Terrain\n|upkeep\n|\n|t:|1700830093\n|switch|p1a: Dragapult|Dragapult, F|100\/100\n|turn|25\n|\n|t:|1700830097\n|move|p1a: Dragapult|Draco Meteor|p2a: MONKE\n|-damage|p2a: MONKE|0 fnt\n|-unboost|p1a: Dragapult|spa|2\n|faint|p2a: MONKE\n|\n|upkeep\n|\n|t:|1700830101\n|switch|p2a: Stone Ocean|Diancie, shiny|100\/100\n|-damage|p2a: Stone Ocean|88\/100|[from] Stealth Rock\n|turn|26\n|\n|t:|1700830107\n|switch|p1a: Toxapex|Toxapex, M|100\/100\n|detailschange|p2a: Stone Ocean|Diancie-Mega, shiny\n|-mega|p2a: Stone Ocean|Diancie|Diancite\n|move|p2a: Stone Ocean|Moonblast|p1a: Toxapex\n|-resisted|p1a: Toxapex\n|-damage|p1a: Toxapex|81\/100\n|\n|-heal|p2a: Stone Ocean|94\/100|[from] Grassy Terrain\n|-heal|p1a: Toxapex|88\/100|[from] Grassy Terrain\n|-heal|p1a: Toxapex|94\/100|[from] item: Black Sludge\n|upkeep\n|turn|27\n|c|\u2606Just B3A$T|this attempt was bad\n|\n|t:|1700830112\n|move|p2a: Stone Ocean|Earth Power|p1a: Toxapex\n|-supereffective|p1a: Toxapex\n|-damage|p1a: Toxapex|45\/100\n|move|p1a: Toxapex|Scald|p2a: Stone Ocean\n|-supereffective|p2a: Stone Ocean\n|-damage|p2a: Stone Ocean|49\/100\n|\n|-heal|p2a: Stone Ocean|56\/100|[from] Grassy Terrain\n|-heal|p1a: Toxapex|51\/100|[from] Grassy Terrain\n|-heal|p1a: Toxapex|58\/100|[from] item: Black Sludge\n|upkeep\n|turn|28\n|c|\u2606Hades RFX|;)\n|\n|t:|1700830133\n|move|p2a: Stone Ocean|Diamond Storm|p1a: Toxapex\n|-damage|p1a: Toxapex|14\/100\n|move|p1a: Toxapex|Scald|p2a: Stone Ocean\n|-supereffective|p2a: Stone Ocean\n|-damage|p2a: Stone Ocean|8\/100\n|\n|-heal|p2a: Stone Ocean|14\/100|[from] Grassy Terrain\n|-heal|p1a: Toxapex|21\/100|[from] Grassy Terrain\n|-heal|p1a: Toxapex|27\/100|[from] item: Black Sludge\n|-fieldend|move: Grassy Terrain\n|upkeep\n|turn|29\n|\n|t:|1700830154\n|move|p2a: Stone Ocean|Diamond Storm|p1a: Toxapex\n|-damage|p1a: Toxapex|0 fnt\n|faint|p1a: Toxapex\n|\n|upkeep\n|c|\u2606Hades RFX|gg\n|\n|t:|1700830157\n|switch|p1a: Dragapult|Dragapult, F|100\/100\n|turn|30\n|\n|t:|1700830160\n|move|p1a: Dragapult|Shadow Ball|p2a: Stone Ocean\n|-crit|p2a: Stone Ocean\n|-damage|p2a: Stone Ocean|0 fnt\n|faint|p2a: Stone Ocean\n|\n|upkeep\n|\n|t:|1700830162\n|switch|p2a: Profit!|Gholdengo|100\/100\n|-damage|p2a: Profit!|94\/100|[from] Stealth Rock\n|-item|p2a: Profit!|Air Balloon\n|turn|31\n|c|\u2606Just B3A$T|Gg\n|\n|t:|1700830167\n|move|p1a: Dragapult|Shadow Ball|p2a: Profit!\n|-supereffective|p2a: Profit!\n|-damage|p2a: Profit!|0 fnt\n|-enditem|p2a: Profit!|Air Balloon\n|faint|p2a: Profit!\n|\n|win|Hades RFX\n","uploadtime":1700830171,"views":3,"p1id":"hadesrfx","p2id":"justb3at","formatid":"gen9nationaldexubers","rating":0,"private":0,"password":""}