{"id":"gen9nationaldexubers-1996322304","p1":"John-Halsey","p2":"JustMonika_CARR","format":"[Gen 9] National Dex Ubers","log":"|j|\u2606John-Halsey\n|j|\u2606JustMonika_CARR\n|t:|1700671027\n|gametype|singles\n|player|p1|John-Halsey|veteran|1206\n|player|p2|JustMonika_CARR|rosa|1315\n|teamsize|p1|6\n|teamsize|p2|6\n|gen|9\n|tier|[Gen 9] National Dex Ubers\n|rated|\n|rule|HP Percentage Mod: HP is shown in percentages\n|rule|Endless Battle Clause: Forcing endless battles is banned\n|rule|OHKO Clause: OHKO moves are banned\n|rule|Evasion Moves Clause: Evasion moves are banned\n|rule|Evasion Items Clause: Evasion items are banned\n|rule|Species Clause: Limit one of each Pok\u00e9mon\n|rule|Sleep Clause Mod: Limit one foe put to sleep\n|rule|Mega Rayquaza Clause: You cannot mega evolve Rayquaza\n|clearpoke\n|poke|p1|Bronzong|\n|poke|p1|Marowak-Alola, M|\n|poke|p1|Crawdaunt, M|\n|poke|p1|Porygon2|\n|poke|p1|Cresselia, F|\n|poke|p1|Melmetal|\n|poke|p2|Shuckle, M|\n|poke|p2|Deoxys-Speed|\n|poke|p2|Arceus|\n|poke|p2|Forretress, F|\n|poke|p2|Magearna|\n|poke|p2|Pyukumuku, F|\n|teampreview\n|\n|t:|1700671038\n|start\n|switch|p1a: Bronzong|Bronzong|100\/100\n|switch|p2a: Forretress|Forretress, F, shiny|100\/100\n|turn|1\n|\n|t:|1700671043\n|move|p2a: Forretress|Toxic Spikes|p1a: Bronzong\n|-sidestart|p1: John-Halsey|move: Toxic Spikes\n|move|p1a: Bronzong|Trick Room|p1a: Bronzong\n|-fieldstart|move: Trick Room|[of] p1a: Bronzong\n|\n|upkeep\n|turn|2\n|\n|t:|1700671048\n|move|p1a: Bronzong|Stealth Rock|p2a: Forretress\n|-sidestart|p2: JustMonika_CARR|move: Stealth Rock\n|move|p2a: Forretress|Stealth Rock|p1a: Bronzong\n|-sidestart|p1: John-Halsey|move: Stealth Rock\n|\n|upkeep\n|turn|3\n|\n|t:|1700671054\n|move|p1a: Bronzong|Earthquake|p2a: Forretress\n|-damage|p2a: Forretress|80\/100\n|-enditem|p2a: Forretress|Red Card|[of] p1a: Bronzong\n|drag|p1a: Crawdaunt|Crawdaunt, M, shiny|100\/100\n|-status|p1a: Crawdaunt|psn\n|-damage|p1a: Crawdaunt|88\/100 psn|[from] Stealth Rock\n|move|p2a: Forretress|Toxic Spikes|p1a: Crawdaunt\n|-sidestart|p1: John-Halsey|move: Toxic Spikes\n|\n|-damage|p1a: Crawdaunt|76\/100 psn|[from] psn\n|upkeep\n|turn|4\n|\n|t:|1700671065\n|move|p1a: Crawdaunt|Knock Off|p2a: Forretress\n|-damage|p2a: Forretress|39\/100\n|-damage|p1a: Crawdaunt|66\/100 psn|[from] item: Life Orb\n|move|p2a: Forretress|Rapid Spin|p1a: Crawdaunt\n|-damage|p1a: Crawdaunt|54\/100 psn\n|-boost|p2a: Forretress|spe|1\n|-sideend|p2: JustMonika_CARR|Stealth Rock|[from] move: Rapid Spin|[of] p2a: Forretress\n|\n|-damage|p1a: Crawdaunt|42\/100 psn|[from] psn\n|upkeep\n|turn|5\n|\n|t:|1700671081\n|move|p2a: Forretress|Endure|p2a: Forretress\n|-singleturn|p2a: Forretress|move: Endure\n|move|p1a: Crawdaunt|Knock Off|p2a: Forretress\n|-activate|p2a: Forretress|move: Endure\n|-damage|p2a: Forretress|1\/100\n|-damage|p1a: Crawdaunt|32\/100 psn|[from] item: Life Orb\n|\n|-damage|p1a: Crawdaunt|19\/100 psn|[from] psn\n|-fieldend|move: Trick Room\n|upkeep\n|turn|6\n|\n|t:|1700671089\n|move|p2a: Forretress|Endure||[still]\n|-fail|p2a: Forretress\n|move|p1a: Crawdaunt|Aqua Jet|p2a: Forretress\n|-damage|p2a: Forretress|0 fnt\n|faint|p2a: Forretress\n|-damage|p1a: Crawdaunt|9\/100 psn|[from] item: Life Orb\n|\n|-damage|p1a: Crawdaunt|0 fnt|[from] psn\n|faint|p1a: Crawdaunt\n|upkeep\n|\n|t:|1700671100\n|switch|p2a: Deoxys|Deoxys-Speed, shiny|100\/100\n|switch|p1a: Bronzong|Bronzong|100\/100\n|-ability|p2a: Deoxys|Pressure\n|-damage|p1a: Bronzong|94\/100|[from] Stealth Rock\n|turn|7\n|\n|t:|1700671108\n|move|p2a: Deoxys|Reflect|p2a: Deoxys\n|-sidestart|p2: JustMonika_CARR|Reflect\n|move|p1a: Bronzong|Trick Room|p1a: Bronzong\n|-fieldstart|move: Trick Room|[of] p1a: Bronzong\n|\n|upkeep\n|turn|8\n|\n|t:|1700671113\n|move|p1a: Bronzong|Stealth Rock|p2a: Deoxys\n|-sidestart|p2: JustMonika_CARR|move: Stealth Rock\n|move|p2a: Deoxys|Light Screen|p2a: Deoxys\n|-sidestart|p2: JustMonika_CARR|move: Light Screen\n|\n|upkeep\n|turn|9\n|\n|t:|1700671118\n|move|p1a: Bronzong|Explosion|p2a: Deoxys\n|-damage|p2a: Deoxys|53\/100\n|faint|p1a: Bronzong\n|move|p2a: Deoxys|Mud-Slap|p1: Bronzong|[notarget]\n|-fail|p2a: Deoxys\n|\n|upkeep\n|\n|t:|1700671124\n|switch|p1a: Melmetal|Melmetal|100\/100\n|-damage|p1a: Melmetal|94\/100|[from] Stealth Rock\n|turn|10\n|\n|t:|1700671129\n|-terastallize|p1a: Melmetal|Steel\n|move|p1a: Melmetal|Double Iron Bash|p2a: Deoxys\n|-damage|p2a: Deoxys|1\/100\n|-damage|p2a: Deoxys|0 fnt\n|faint|p2a: Deoxys\n|-hitcount|p2: Deoxys|2\n|-damage|p1a: Melmetal|84\/100|[from] item: Life Orb\n|\n|upkeep\n|\n|t:|1700671141\n|switch|p2a: Pyukumuku|Pyukumuku, F, shiny|100\/100\n|-damage|p2a: Pyukumuku|88\/100|[from] Stealth Rock\n|turn|11\n|\n|t:|1700671145\n|move|p2a: Pyukumuku|Gastro Acid|p1a: Melmetal\n|-endability|p1a: Melmetal\n|move|p1a: Melmetal|Double Iron Bash|p2a: Pyukumuku\n|-resisted|p2a: Pyukumuku\n|-damage|p2a: Pyukumuku|76\/100\n|-resisted|p2a: Pyukumuku\n|-damage|p2a: Pyukumuku|64\/100\n|-hitcount|p2a: Pyukumuku|2\n|-damage|p1a: Melmetal|75\/100|[from] item: Life Orb\n|\n|-heal|p2a: Pyukumuku|70\/100|[from] item: Leftovers\n|-fieldend|move: Trick Room\n|upkeep\n|turn|12\n|\n|t:|1700671156\n|move|p1a: Melmetal|Thunder Punch|p2a: Pyukumuku\n|-supereffective|p2a: Pyukumuku\n|-damage|p2a: Pyukumuku|39\/100\n|-damage|p1a: Melmetal|65\/100|[from] item: Life Orb\n|move|p2a: Pyukumuku|Soak|p1a: Melmetal\n|-fail|p1a: Melmetal\n|\n|-heal|p2a: Pyukumuku|45\/100|[from] item: Leftovers\n|upkeep\n|turn|13\n|\n|t:|1700671164\n|move|p1a: Melmetal|Thunder Punch|p2a: Pyukumuku\n|-supereffective|p2a: Pyukumuku\n|-damage|p2a: Pyukumuku|13\/100\n|-damage|p1a: Melmetal|55\/100|[from] item: Life Orb\n|move|p2a: Pyukumuku|Recover|p2a: Pyukumuku\n|-heal|p2a: Pyukumuku|63\/100\n|\n|-heal|p2a: Pyukumuku|69\/100|[from] item: Leftovers\n|upkeep\n|turn|14\n|\n|t:|1700671175\n|move|p1a: Melmetal|Thunder Punch|p2a: Pyukumuku\n|-supereffective|p2a: Pyukumuku\n|-damage|p2a: Pyukumuku|38\/100\n|-damage|p1a: Melmetal|45\/100|[from] item: Life Orb\n|move|p2a: Pyukumuku|Soak|p1a: Melmetal\n|-fail|p1a: Melmetal\n|\n|-heal|p2a: Pyukumuku|44\/100|[from] item: Leftovers\n|-sideend|p2: JustMonika_CARR|Reflect\n|upkeep\n|turn|15\n|\n|t:|1700671186\n|move|p1a: Melmetal|Thunder Punch|p2a: Pyukumuku\n|-supereffective|p2a: Pyukumuku\n|-damage|p2a: Pyukumuku|0 fnt\n|faint|p2a: Pyukumuku\n|-damage|p1a: Melmetal|35\/100|[from] item: Life Orb\n|\n|-sideend|p2: JustMonika_CARR|move: Light Screen\n|upkeep\n|\n|t:|1700671191\n|switch|p2a: Arceus|Arceus|100\/100\n|-damage|p2a: Arceus|88\/100|[from] Stealth Rock\n|turn|16\n|\n|t:|1700671196\n|switch|p1a: OH MY DUCK|Porygon2|100\/100\n|-status|p1a: OH MY DUCK|tox\n|-damage|p1a: OH MY DUCK|88\/100 tox|[from] Stealth Rock\n|-ability|p1a: OH MY DUCK|Download|boost\n|-boost|p1a: OH MY DUCK|spa|1\n|move|p2a: Arceus|Cosmic Power|p2a: Arceus\n|-boost|p2a: Arceus|def|1\n|-boost|p2a: Arceus|spd|1\n|\n|-damage|p1a: OH MY DUCK|82\/100 tox|[from] psn\n|upkeep\n|turn|17\n|\n|t:|1700671208\n|move|p2a: Arceus|Cosmic Power|p2a: Arceus\n|-boost|p2a: Arceus|def|1\n|-boost|p2a: Arceus|spd|1\n|move|p1a: OH MY DUCK|Trick Room|p1a: OH MY DUCK\n|-fieldstart|move: Trick Room|[of] p1a: OH MY DUCK\n|\n|-damage|p1a: OH MY DUCK|70\/100 tox|[from] psn\n|upkeep\n|turn|18\n|\n|t:|1700671214\n|move|p1a: OH MY DUCK|Tri Attack|p2a: Arceus\n|-damage|p2a: Arceus|76\/100\n|move|p2a: Arceus|Cosmic Power|p2a: Arceus\n|-boost|p2a: Arceus|def|1\n|-boost|p2a: Arceus|spd|1\n|\n|-damage|p1a: OH MY DUCK|51\/100 tox|[from] psn\n|upkeep\n|turn|19\n|\n|t:|1700671221\n|move|p1a: OH MY DUCK|Tri Attack|p2a: Arceus\n|-damage|p2a: Arceus|67\/100\n|move|p2a: Arceus|Cosmic Power|p2a: Arceus\n|-boost|p2a: Arceus|def|1\n|-boost|p2a: Arceus|spd|1\n|\n|-damage|p1a: OH MY DUCK|27\/100 tox|[from] psn\n|upkeep\n|turn|20\n|\n|t:|1700671228\n|move|p1a: OH MY DUCK|Tri Attack|p2a: Arceus\n|-damage|p2a: Arceus|59\/100\n|move|p2a: Arceus|Cosmic Power|p2a: Arceus\n|-boost|p2a: Arceus|def|1\n|-boost|p2a: Arceus|spd|1\n|\n|-damage|p1a: OH MY DUCK|0 fnt|[from] psn\n|faint|p1a: OH MY DUCK\n|upkeep\n|\n|t:|1700671238\n|switch|p1a: Cresselia|Cresselia, F|100\/100\n|-damage|p1a: Cresselia|88\/100|[from] Stealth Rock\n|turn|21\n|\n|t:|1700671246\n|move|p1a: Cresselia|Ice Beam|p2a: Arceus\n|-damage|p2a: Arceus|56\/100\n|move|p2a: Arceus|Charge Beam|p1a: Cresselia\n|-damage|p1a: Cresselia|79\/100\n|-boost|p2a: Arceus|spa|1\n|\n|-fieldend|move: Trick Room\n|upkeep\n|turn|22\n|\n|t:|1700671256\n|move|p2a: Arceus|Cosmic Power|p2a: Arceus\n|-boost|p2a: Arceus|def|1\n|-boost|p2a: Arceus|spd|1\n|move|p1a: Cresselia|Trick Room|p1a: Cresselia\n|-fieldstart|move: Trick Room|[of] p1a: Cresselia\n|\n|upkeep\n|turn|23\n|\n|t:|1700671261\n|move|p1a: Cresselia|Lunar Dance|p1a: Cresselia\n|faint|p1a: Cresselia\n|move|p2a: Arceus|Charge Beam|p1: Cresselia|[notarget]\n|-fail|p2a: Arceus\n|\n|upkeep\n|\n|t:|1700671265\n|switch|p1a: Melmetal|Melmetal, tera:Steel|35\/100\n|-heal|p1a: Melmetal|100\/100|[from] move: Lunar Dance\n|-damage|p1a: Melmetal|94\/100|[from] Stealth Rock\n|turn|24\n|\n|t:|1700671271\n|move|p1a: Melmetal|Superpower|p2a: Arceus\n|-supereffective|p2a: Arceus\n|-damage|p2a: Arceus|36\/100\n|-unboost|p1a: Melmetal|atk|1\n|-unboost|p1a: Melmetal|def|1\n|-damage|p1a: Melmetal|84\/100|[from] item: Life Orb\n|move|p2a: Arceus|Stored Power|p1a: Melmetal\n|-resisted|p1a: Melmetal\n|-damage|p1a: Melmetal|23\/100\n|\n|upkeep\n|turn|25\n|-message|John-Halsey forfeited.\n|\n|win|JustMonika_CARR\n|raw|John-Halsey's rating: 1206 &rarr; <strong>1189<\/strong><br \/>(-17 for losing)\n|raw|JustMonika_CARR's rating: 1315 &rarr; <strong>1329<\/strong><br \/>(+14 for winning)\n|l|\u2606John-Halsey\n","uploadtime":1700671287,"views":0,"p1id":"johnhalsey","p2id":"justmonikacarr","formatid":"gen9nationaldexubers","rating":1189,"private":0,"password":""}