{"id":"gen9nationaldexubers-1987717276","p1":"David uwu35","p2":"AdrianGarcia1604","format":"[Gen 9] National Dex Ubers","log":"|j|\u2606David uwu35\n|j|\u2606AdrianGarcia1604\n|t:|1699630490\n|gametype|singles\n|player|p1|David uwu35|shadowtriad|\n|player|p2|AdrianGarcia1604|ethan|\n|teamsize|p1|6\n|teamsize|p2|6\n|gen|9\n|tier|[Gen 9] National Dex Ubers\n|rule|HP Percentage Mod: HP is shown in percentages\n|rule|Endless Battle Clause: Forcing endless battles is banned\n|rule|OHKO Clause: OHKO moves are banned\n|rule|Evasion Moves Clause: Evasion moves are banned\n|rule|Evasion Items Clause: Evasion items are banned\n|rule|Species Clause: Limit one of each Pok\u00e9mon\n|rule|Sleep Clause Mod: Limit one foe put to sleep\n|rule|Mega Rayquaza Clause: You cannot mega evolve Rayquaza\n|clearpoke\n|poke|p1|Ceruledge, F|\n|poke|p1|Dragapult, M|\n|poke|p1|Skeledirge, M|\n|poke|p1|Flutter Mane|\n|poke|p1|Polteageist|\n|poke|p1|Gholdengo|\n|poke|p2|Marshadow|\n|poke|p2|Zoroark-Hisui, M|\n|poke|p2|Gholdengo|\n|poke|p2|Annihilape, M|\n|poke|p2|Basculegion, M|\n|poke|p2|Dragapult, M|\n|teampreview\n|\n|t:|1699630512\n|start\n|switch|p1a: Dragapult|Dragapult, M, shiny|100\/100\n|switch|p2a: Marshadow|Marshadow|100\/100\n|turn|1\n|\n|t:|1699630524\n|-terastallize|p1a: Dragapult|Normal\n|move|p2a: Marshadow|Spectral Thief|p1a: Dragapult\n|-immune|p1a: Dragapult\n|move|p1a: Dragapult|Dragon Dance|p1a: Dragapult\n|-boost|p1a: Dragapult|atk|1\n|-boost|p1a: Dragapult|spe|1\n|\n|upkeep\n|turn|2\n|\n|t:|1699630536\n|move|p1a: Dragapult|Dragon Darts|p2a: Marshadow\n|-damage|p2a: Marshadow|40\/100\n|-anim|p1a: Dragapult|Dragon Darts|p2a: Marshadow\n|-damage|p2a: Marshadow|0 fnt\n|faint|p2a: Marshadow\n|\n|upkeep\n|\n|t:|1699630540\n|switch|p2a: Annihilape|Annihilape, M, shiny|100\/100\n|turn|3\n|\n|t:|1699630550\n|move|p1a: Dragapult|Phantom Force||[still]\n|-prepare|p1a: Dragapult|Phantom Force\n|move|p2a: Annihilape|Drain Punch|p1a: Dragapult|[miss]\n|-miss|p2a: Annihilape|p1a: Dragapult\n|\n|upkeep\n|turn|4\n|\n|t:|1699630557\n|move|p1a: Dragapult|Phantom Force|p2a: Annihilape|[from]lockedmove\n|-supereffective|p2a: Annihilape\n|-damage|p2a: Annihilape|0 fnt\n|faint|p2a: Annihilape\n|\n|upkeep\n|\n|t:|1699630561\n|switch|p2a: Basculegion|Basculegion, M, shiny|100\/100\n|-ability|p2a: Basculegion|Mold Breaker\n|turn|5\n|\n|t:|1699630567\n|move|p1a: Dragapult|Dragon Darts|p2a: Basculegion\n|-damage|p2a: Basculegion|36\/100\n|-anim|p1a: Dragapult|Dragon Darts|p2a: Basculegion\n|-damage|p2a: Basculegion|0 fnt\n|faint|p2a: Basculegion\n|\n|upkeep\n|\n|t:|1699630571\n|switch|p2a: Dragapult|Dragapult, M, shiny|100\/100\n|turn|6\n|\n|t:|1699630577\n|move|p1a: Dragapult|Dragon Darts|p2a: Dragapult\n|-damage|p2a: Dragapult|6\/100\n|replace|p2a: Zoroark|Zoroark-Hisui, M, shiny\n|-end|p2a: Zoroark|Illusion\n|-anim|p1a: Dragapult|Dragon Darts|p2a: Zoroark\n|-damage|p2a: Zoroark|0 fnt\n|faint|p2a: Zoroark\n|\n|upkeep\n|\n|t:|1699630583\n|switch|p2a: Gholdengo|Gholdengo, shiny|100\/100\n|turn|7\n|\n|t:|1699630591\n|move|p1a: Dragapult|Phantom Force||[still]\n|-prepare|p1a: Dragapult|Phantom Force\n|move|p2a: Gholdengo|Shadow Ball|p1a: Dragapult|[miss]\n|-miss|p2a: Gholdengo|p1a: Dragapult\n|\n|upkeep\n|turn|8\n|\n|t:|1699630597\n|move|p1a: Dragapult|Phantom Force|p2a: Gholdengo|[from]lockedmove\n|-supereffective|p2a: Gholdengo\n|-damage|p2a: Gholdengo|0 fnt\n|faint|p2a: Gholdengo\n|\n|upkeep\n|\n|t:|1699630600\n|switch|p2a: Dragapult|Dragapult, M, shiny|100\/100\n|turn|9\n|\n|t:|1699630606\n|move|p1a: Dragapult|Dragon Darts|p2a: Dragapult\n|-supereffective|p2a: Dragapult\n|-damage|p2a: Dragapult|0 fnt\n|faint|p2a: Dragapult\n|\n|win|David uwu35\n|l|\u2606AdrianGarcia1604\n","uploadtime":1699630624,"views":5,"p1id":"daviduwu35","p2id":"adriangarcia1604","formatid":"gen9nationaldexubers","rating":0,"private":0,"password":""}