{"id":"gen9nationaldexubers-1994741118","p1":"MCtailslappers \u269d\u5f61","p2":"MR.OPBenBen","format":"[Gen 9] National Dex Ubers","log":"|j|\u2606MCtailslappers \u269d\u5f61\n|j|\u2606MR.OPBenBen\n|t:|1700487949\n|gametype|singles\n|player|p1|MCtailslappers \u269d\u5f61|psychic-gen2|1000\n|player|p2|MR.OPBenBen|ghetsis|1000\n|teamsize|p1|6\n|teamsize|p2|6\n|gen|9\n|tier|[Gen 9] National Dex Ubers\n|rated|\n|rule|HP Percentage Mod: HP is shown in percentages\n|rule|Endless Battle Clause: Forcing endless battles is banned\n|rule|OHKO Clause: OHKO moves are banned\n|rule|Evasion Moves Clause: Evasion moves are banned\n|rule|Evasion Items Clause: Evasion items are banned\n|rule|Species Clause: Limit one of each Pok\u00e9mon\n|rule|Sleep Clause Mod: Limit one foe put to sleep\n|rule|Mega Rayquaza Clause: You cannot mega evolve Rayquaza\n|clearpoke\n|poke|p1|Ambipom, F|\n|poke|p1|Cinccino, F|\n|poke|p1|Cloyster, M|\n|poke|p1|Groudon|\n|poke|p1|Brambleghast, F|\n|poke|p1|Smeargle, M|\n|poke|p2|Eternatus|\n|poke|p2|Giratina|\n|poke|p2|Lugia|\n|poke|p2|Necrozma-Dusk-Mane|\n|poke|p2|Toxapex, F|\n|poke|p2|Yveltal|\n|teampreview\n|inactive|Battle timer is ON: inactive players will automatically lose when time's up. (requested by MCtailslappers \u269d\u5f61)\n|\n|t:|1700487961\n|start\n|switch|p1a: Smeargle|Smeargle, M|100\/100\n|switch|p2a: Toxapex|Toxapex, F|100\/100\n|turn|1\n|\n|t:|1700487968\n|move|p1a: Smeargle|Spore|p2a: Toxapex\n|-status|p2a: Toxapex|slp|[from] move: Spore\n|cant|p2a: Toxapex|slp\n|\n|upkeep\n|turn|2\n|\n|t:|1700487980\n|switch|p2a: Lugia|Lugia|100\/100\n|move|p1a: Smeargle|Sticky Web|p2a: Lugia\n|-sidestart|p2: MR.OPBenBen|move: Sticky Web\n|\n|upkeep\n|turn|3\n|\n|t:|1700487987\n|switch|p1a: Brambleghast|Brambleghast, F|100\/100\n|move|p2a: Lugia|Toxic|p1a: Brambleghast\n|-status|p1a: Brambleghast|tox\n|\n|-damage|p1a: Brambleghast|94\/100 tox|[from] psn\n|upkeep\n|turn|4\n|\n|t:|1700487997\n|move|p1a: Brambleghast|Beat Up|p2a: Lugia\n|-supereffective|p2a: Lugia\n|-damage|p2a: Lugia|98\/100\n|-supereffective|p2a: Lugia\n|-crit|p2a: Lugia\n|-damage|p2a: Lugia|89\/100\n|-supereffective|p2a: Lugia\n|-damage|p2a: Lugia|85\/100\n|-supereffective|p2a: Lugia\n|-damage|p2a: Lugia|77\/100\n|-supereffective|p2a: Lugia\n|-damage|p2a: Lugia|74\/100\n|-supereffective|p2a: Lugia\n|-damage|p2a: Lugia|69\/100\n|-hitcount|p2a: Lugia|6\n|move|p2a: Lugia|Aeroblast|p1a: Brambleghast\n|-supereffective|p1a: Brambleghast\n|-damage|p1a: Brambleghast|0 fnt\n|faint|p1a: Brambleghast\n|\n|upkeep\n|\n|t:|1700488000\n|switch|p1a: suck my ass|Groudon|100\/100\n|detailschange|p1a: suck my ass|Groudon-Primal\n|-primal|p1a: suck my ass|Red Orb\n|-weather|DesolateLand|[from] ability: Desolate Land|[of] p1a: suck my ass\n|turn|5\n|\n|t:|1700488018\n|move|p1a: suck my ass|Swords Dance|p1a: suck my ass\n|-boost|p1a: suck my ass|atk|2\n|move|p2a: Lugia|Toxic|p1a: suck my ass|[miss]\n|-miss|p2a: Lugia|p1a: suck my ass\n|\n|-weather|DesolateLand|[upkeep]\n|upkeep\n|turn|6\n|\n|t:|1700488024\n|move|p1a: suck my ass|Heat Crash|p2a: Lugia\n|-damage|p2a: Lugia|0 fnt\n|faint|p2a: Lugia\n|\n|-weather|DesolateLand|[upkeep]\n|upkeep\n|\n|t:|1700488033\n|switch|p2a: Giratina|Giratina|100\/100\n|-activate|p2a: Giratina|move: Sticky Web\n|-unboost|p2a: Giratina|spe|1\n|-ability|p2a: Giratina|Pressure\n|turn|7\n|\n|t:|1700488042\n|move|p1a: suck my ass|Earthquake|p2a: Giratina\n|-damage|p2a: Giratina|41\/100\n|move|p2a: Giratina|Dragon Tail|p1a: suck my ass|[miss]\n|-miss|p2a: Giratina|p1a: suck my ass\n|\n|-weather|DesolateLand|[upkeep]\n|-heal|p2a: Giratina|48\/100|[from] item: Leftovers\n|upkeep\n|turn|8\n|c|\u2606MCtailslappers \u269d\u5f61|L\n|\n|t:|1700488051\n|switch|p2a: Yveltal|Yveltal|100\/100\n|-ability|p2a: Yveltal|Dark Aura\n|move|p1a: suck my ass|Earthquake|p2a: Yveltal\n|-immune|p2a: Yveltal\n|\n|-weather|DesolateLand|[upkeep]\n|upkeep\n|turn|9\n|\n|t:|1700488061\n|move|p1a: suck my ass|Rock Polish|p1a: suck my ass\n|-boost|p1a: suck my ass|spe|2\n|move|p2a: Yveltal|Toxic|p1a: suck my ass\n|-status|p1a: suck my ass|tox\n|\n|-weather|DesolateLand|[upkeep]\n|-damage|p1a: suck my ass|94\/100 tox|[from] psn\n|upkeep\n|turn|10\n|\n|t:|1700488071\n|move|p2a: Yveltal|Sucker Punch|p1a: suck my ass\n|-damage|p1a: suck my ass|67\/100 tox\n|move|p1a: suck my ass|Heat Crash|p2a: Yveltal\n|-damage|p2a: Yveltal|0 fnt\n|faint|p2a: Yveltal\n|\n|-weather|DesolateLand|[upkeep]\n|-damage|p1a: suck my ass|54\/100 tox|[from] psn\n|upkeep\n|\n|t:|1700488087\n|switch|p2a: Necrozma|Necrozma-Dusk-Mane|100\/100\n|-activate|p2a: Necrozma|move: Sticky Web\n|-unboost|p2a: Necrozma|spe|1\n|turn|11\n|\n|t:|1700488096\n|move|p1a: suck my ass|Earthquake|p2a: Necrozma\n|-supereffective|p2a: Necrozma\n|-damage|p2a: Necrozma|0 fnt\n|faint|p2a: Necrozma\n|\n|-weather|DesolateLand|[upkeep]\n|-damage|p1a: suck my ass|36\/100 tox|[from] psn\n|upkeep\n|\n|t:|1700488107\n|switch|p2a: Toxapex|Toxapex, F|100\/100 slp\n|-activate|p2a: Toxapex|move: Sticky Web\n|-unboost|p2a: Toxapex|spe|1\n|turn|12\n|\n|t:|1700488116\n|-terastallize|p2a: Toxapex|Grass\n|move|p1a: suck my ass|Heat Crash|p2a: Toxapex\n|-supereffective|p2a: Toxapex\n|-damage|p2a: Toxapex|0 fnt\n|faint|p2a: Toxapex\n|\n|-weather|DesolateLand|[upkeep]\n|-damage|p1a: suck my ass|11\/100 tox|[from] psn\n|upkeep\n|\n|t:|1700488128\n|switch|p2a: Eternatus|Eternatus|100\/100\n|-activate|p2a: Eternatus|move: Sticky Web\n|-unboost|p2a: Eternatus|spe|1\n|-ability|p2a: Eternatus|Pressure\n|turn|13\n|-message|MR.OPBenBen forfeited.\n|\n|win|MCtailslappers \u269d\u5f61\n|raw|MCtailslappers \u269d\u5f61's rating: 1000 &rarr; <strong>1040<\/strong><br \/>(+40 for winning)\n|raw|MR.OPBenBen's rating: 1000 &rarr; <strong>1000<\/strong><br \/>(+0 for losing)\n|l|\u2606MR.OPBenBen\n","uploadtime":1700488145,"views":1,"p1id":"mctailslappers","p2id":"mropbenben","formatid":"gen9nationaldexubers","rating":1000,"private":0,"password":""}