{"id":"gen9nationaldexubers-1999596482","p1":"Marioipod","p2":"D34d1ns1de","format":"[Gen 9] National Dex Ubers","log":"|j|\u203dMarioipod\n|j|\u2606D34d1ns1de\n|t:|1701099669\n|gametype|singles\n|player|p1|Marioipod|lucas-gen4pt|1040\n|player|p2|D34d1ns1de|hilda|1086\n|teamsize|p1|6\n|teamsize|p2|6\n|gen|9\n|tier|[Gen 9] National Dex Ubers\n|rated|\n|rule|HP Percentage Mod: HP is shown in percentages\n|rule|Endless Battle Clause: Forcing endless battles is banned\n|rule|OHKO Clause: OHKO moves are banned\n|rule|Evasion Moves Clause: Evasion moves are banned\n|rule|Evasion Items Clause: Evasion items are banned\n|rule|Species Clause: Limit one of each Pok\u00e9mon\n|rule|Sleep Clause Mod: Limit one foe put to sleep\n|rule|Mega Rayquaza Clause: You cannot mega evolve Rayquaza\n|clearpoke\n|poke|p1|Roaring Moon|\n|poke|p1|Zygarde|\n|poke|p1|Mewtwo|\n|poke|p1|Kyogre|\n|poke|p1|Giratina-Origin|\n|poke|p1|Kyurem-Black|\n|poke|p2|Nihilego|\n|poke|p2|Heatran, M|\n|poke|p2|Xurkitree|\n|poke|p2|Pheromosa|\n|poke|p2|Espeon, M|\n|poke|p2|Vaporeon, M|\n|teampreview\n|\n|t:|1701099686\n|start\n|switch|p1a: Kyurem|Kyurem-Black|100\/100\n|switch|p2a: Espeon|Espeon, M|100\/100\n|-ability|p1a: Kyurem|Teravolt\n|turn|1\n|\n|t:|1701099693\n|move|p2a: Espeon|Light Screen|p2a: Espeon\n|-sidestart|p2: D34d1ns1de|move: Light Screen\n|move|p1a: Kyurem|Dragon Dance|p1a: Kyurem\n|-boost|p1a: Kyurem|atk|1\n|-boost|p1a: Kyurem|spe|1\n|\n|upkeep\n|turn|2\n|\n|t:|1701099699\n|move|p1a: Kyurem|Icicle Spear|p2a: Espeon\n|-damage|p2a: Espeon|51\/100\n|-damage|p2a: Espeon|0 fnt\n|faint|p2a: Espeon\n|-hitcount|p2: Espeon|2\n|\n|upkeep\n|\n|t:|1701099706\n|switch|p2a: Heatran|Heatran, M|100\/100\n|-item|p2a: Heatran|Air Balloon\n|turn|3\n|\n|t:|1701099714\n|-terastallize|p1a: Kyurem|Electric\n|move|p1a: Kyurem|Scale Shot|p2a: Heatran\n|-resisted|p2a: Heatran\n|-damage|p2a: Heatran|89\/100\n|-enditem|p2a: Heatran|Air Balloon\n|-resisted|p2a: Heatran\n|-damage|p2a: Heatran|78\/100\n|-resisted|p2a: Heatran\n|-damage|p2a: Heatran|68\/100\n|-resisted|p2a: Heatran\n|-damage|p2a: Heatran|57\/100\n|-resisted|p2a: Heatran\n|-damage|p2a: Heatran|46\/100\n|-hitcount|p2a: Heatran|5\n|-unboost|p1a: Kyurem|def|1\n|-boost|p1a: Kyurem|spe|1\n|move|p2a: Heatran|Flamethrower|p1a: Kyurem\n|-damage|p1a: Kyurem|54\/100\n|\n|upkeep\n|turn|4\n|\n|t:|1701099734\n|move|p1a: Kyurem|Fusion Bolt|p2a: Heatran\n|-damage|p2a: Heatran|0 fnt\n|faint|p2a: Heatran\n|\n|upkeep\n|\n|t:|1701099739\n|switch|p2a: Xurkitree|Xurkitree|100\/100\n|-item|p2a: Xurkitree|Air Balloon\n|turn|5\n|\n|t:|1701099745\n|-terastallize|p2a: Xurkitree|Ground\n|move|p1a: Kyurem|Icicle Spear|p2a: Xurkitree\n|-supereffective|p2a: Xurkitree\n|-damage|p2a: Xurkitree|26\/100\n|-enditem|p2a: Xurkitree|Air Balloon\n|-supereffective|p2a: Xurkitree\n|-damage|p2a: Xurkitree|0 fnt\n|faint|p2a: Xurkitree\n|-hitcount|p2: Xurkitree|2\n|\n|upkeep\n|-message|D34d1ns1de forfeited.\n|\n|win|Marioipod\n|raw|Marioipod's rating: 1040 &rarr; <strong>1078<\/strong><br \/>(+38 for winning)\n|raw|D34d1ns1de's rating: 1086 &rarr; <strong>1060<\/strong><br \/>(-26 for losing)\n|l|\u2606D34d1ns1de\n","uploadtime":1701099753,"views":1,"p1id":"marioipod","p2id":"d34d1ns1de","formatid":"gen9nationaldexubers","rating":1060,"private":0,"password":""}