{"id":"gen9nationaldexubers-1995047152","p1":"Eternamax3000","p2":"Kdisue","format":"[Gen 9] National Dex Ubers","log":"|j|\u2606Eternamax3000\n|j|\u2606Kdisue\n|t:|1700516857\n|gametype|singles\n|player|p1|Eternamax3000|faba|1114\n|player|p2|Kdisue|265|1174\n|teamsize|p1|6\n|teamsize|p2|6\n|gen|9\n|tier|[Gen 9] National Dex Ubers\n|rated|\n|rule|HP Percentage Mod: HP is shown in percentages\n|rule|Endless Battle Clause: Forcing endless battles is banned\n|rule|OHKO Clause: OHKO moves are banned\n|rule|Evasion Moves Clause: Evasion moves are banned\n|rule|Evasion Items Clause: Evasion items are banned\n|rule|Species Clause: Limit one of each Pok\u00e9mon\n|rule|Sleep Clause Mod: Limit one foe put to sleep\n|rule|Mega Rayquaza Clause: You cannot mega evolve Rayquaza\n|clearpoke\n|poke|p1|Togekiss, F|\n|poke|p1|Weavile, F|\n|poke|p1|Cloyster, M|\n|poke|p1|Jirachi|\n|poke|p1|Cinccino, F|\n|poke|p1|Ribombee, F|\n|poke|p2|Deoxys-Defense|\n|poke|p2|Chansey, F|\n|poke|p2|Ferrothorn, M|\n|poke|p2|Rotom-Wash|\n|poke|p2|Ho-Oh|\n|poke|p2|Lugia|\n|teampreview\n|c|\u2606Eternamax3000|glhf\n|\n|t:|1700516869\n|start\n|switch|p1a: Cancer|Ribombee, F|100\/100\n|switch|p2a: Washington|Rotom-Wash|100\/100\n|turn|1\n|inactive|Battle timer is ON: inactive players will automatically lose when time's up. (requested by Kdisue)\n|c|\u2606Kdisue|Glhf bud\n|\n|t:|1700516903\n|move|p1a: Cancer|Stun Spore|p2a: Washington|[miss]\n|-miss|p1a: Cancer|p2a: Washington\n|move|p2a: Washington|Volt Switch|p1a: Cancer\n|-damage|p1a: Cancer|31\/100\n|\n|t:|1700516918\n|switch|p2a: Iron boy|Ferrothorn, M|100\/100|[from] Volt Switch\n|\n|upkeep\n|turn|2\n|\n|t:|1700516927\n|move|p1a: Cancer|Sticky Web|p2a: Iron boy\n|-sidestart|p2: Kdisue|move: Sticky Web\n|move|p2a: Iron boy|Gyro Ball|p1a: Cancer\n|-supereffective|p1a: Cancer\n|-damage|p1a: Cancer|0 fnt\n|faint|p1a: Cancer\n|\n|upkeep\n|\n|t:|1700516937\n|switch|p1a: Hoo Boy!|Jirachi|100\/100\n|turn|3\n|\n|t:|1700516944\n|switch|p2a: Washington|Rotom-Wash|100\/100\n|move|p1a: Hoo Boy!|Fire Punch|p2a: Washington\n|-resisted|p2a: Washington\n|-damage|p2a: Washington|86\/100\n|\n|upkeep\n|turn|4\n|\n|t:|1700516963\n|switch|p1a: Gay Bird!|Togekiss, F|100\/100\n|move|p2a: Washington|Hydro Pump|p1a: Gay Bird!\n|-damage|p1a: Gay Bird!|34\/100\n|\n|upkeep\n|turn|5\n|inactive|Eternamax3000 has 120 seconds left.\n|\n|t:|1700516991\n|-terastallize|p1a: Gay Bird!|Fighting\n|move|p2a: Washington|Hydro Pump|p1a: Gay Bird!|[miss]\n|-miss|p2a: Washington|p1a: Gay Bird!\n|move|p1a: Gay Bird!|Nasty Plot|p1a: Gay Bird!\n|-boost|p1a: Gay Bird!|spa|2\n|\n|upkeep\n|turn|6\n|\n|t:|1700517001\n|move|p2a: Washington|Hydro Pump|p1a: Gay Bird!\n|-damage|p1a: Gay Bird!|0 fnt\n|faint|p1a: Gay Bird!\n|\n|upkeep\n|c|\u2606Eternamax3000|dang\n|\n|t:|1700517010\n|switch|p1a: Jacket|Cinccino, F|100\/100\n|turn|7\n|\n|t:|1700517015\n|switch|p2a: Iron boy|Ferrothorn, M|100\/100\n|-activate|p2a: Iron boy|move: Sticky Web\n|-unboost|p2a: Iron boy|spe|1\n|move|p1a: Jacket|Bullet Seed|p2a: Iron boy\n|-resisted|p2a: Iron boy\n|-damage|p2a: Iron boy|99\/100\n|-resisted|p2a: Iron boy\n|-damage|p2a: Iron boy|98\/100\n|-resisted|p2a: Iron boy\n|-damage|p2a: Iron boy|97\/100\n|-resisted|p2a: Iron boy\n|-damage|p2a: Iron boy|96\/100\n|-resisted|p2a: Iron boy\n|-damage|p2a: Iron boy|94\/100\n|-hitcount|p2a: Iron boy|5\n|\n|upkeep\n|turn|8\n|\n|t:|1700517035\n|switch|p1a: Hoo Boy!|Jirachi|100\/100\n|move|p2a: Iron boy|Gyro Ball|p1a: Hoo Boy!\n|-resisted|p1a: Hoo Boy!\n|-damage|p1a: Hoo Boy!|50\/100\n|\n|upkeep\n|turn|9\n|\n|t:|1700517048\n|switch|p1a: Jacket|Cinccino, F|100\/100\n|switch|p2a: Washington|Rotom-Wash|86\/100\n|\n|upkeep\n|turn|10\n|\n|t:|1700517056\n|switch|p2a: Iron boy|Ferrothorn, M|94\/100\n|-activate|p2a: Iron boy|move: Sticky Web\n|-unboost|p2a: Iron boy|spe|1\n|move|p1a: Jacket|Bullet Seed|p2a: Iron boy\n|-resisted|p2a: Iron boy\n|-damage|p2a: Iron boy|93\/100\n|-resisted|p2a: Iron boy\n|-damage|p2a: Iron boy|91\/100\n|-resisted|p2a: Iron boy\n|-damage|p2a: Iron boy|90\/100\n|-resisted|p2a: Iron boy\n|-damage|p2a: Iron boy|89\/100\n|-resisted|p2a: Iron boy\n|-damage|p2a: Iron boy|87\/100\n|-hitcount|p2a: Iron boy|5\n|\n|upkeep\n|turn|11\n|\n|t:|1700517075\n|switch|p1a: Hoo Boy!|Jirachi|50\/100\n|move|p2a: Iron boy|Gyro Ball|p1a: Hoo Boy!\n|-resisted|p1a: Hoo Boy!\n|-damage|p1a: Hoo Boy!|0 fnt\n|faint|p1a: Hoo Boy!\n|\n|upkeep\n|inactive|Eternamax3000 has 120 seconds left.\n|\n|t:|1700517091\n|switch|p1a: Pog|Weavile, F|100\/100\n|-ability|p1a: Pog|Pressure\n|turn|12\n|inactive|Eternamax3000 has 120 seconds left.\n|\n|t:|1700517103\n|move|p1a: Pog|Fake Out|p2a: Iron boy\n|-resisted|p2a: Iron boy\n|-damage|p2a: Iron boy|83\/100\n|-damage|p1a: Pog|88\/100|[from] ability: Iron Barbs|[of] p2a: Iron boy\n|cant|p2a: Iron boy|flinch\n|\n|upkeep\n|turn|13\n|inactive|Eternamax3000 has 120 seconds left.\n|\n|t:|1700517115\n|move|p1a: Pog|Low Kick|p2a: Iron boy\n|-supereffective|p2a: Iron boy\n|-damage|p2a: Iron boy|33\/100\n|-damage|p1a: Pog|76\/100|[from] ability: Iron Barbs|[of] p2a: Iron boy\n|move|p2a: Iron boy|Gyro Ball|p1a: Pog\n|-supereffective|p1a: Pog\n|-damage|p1a: Pog|0 fnt\n|faint|p1a: Pog\n|\n|upkeep\n|inactive|Eternamax3000 has 120 seconds left.\n|\n|t:|1700517124\n|switch|p1a: Macaroni|Cloyster, M|100\/100\n|turn|14\n|c|\u2606Kdisue|Choice band ferrothorn op\n|inactive|Eternamax3000 has 120 seconds left.\n|c|\u2606Eternamax3000|gotta revise my team\n|\n|t:|1700517150\n|move|p1a: Macaroni|Pin Missile|p2a: Iron boy\n|-damage|p2a: Iron boy|27\/100\n|-crit|p2a: Iron boy\n|-damage|p2a: Iron boy|17\/100\n|-damage|p2a: Iron boy|10\/100\n|-damage|p2a: Iron boy|4\/100\n|-damage|p2a: Iron boy|0 fnt\n|faint|p2a: Iron boy\n|-hitcount|p2: Iron boy|5\n|\n|upkeep\n|\n|t:|1700517166\n|switch|p2a: Washington|Rotom-Wash|86\/100\n|turn|15\n|\n|t:|1700517176\n|move|p2a: Washington|Volt Switch|p1a: Macaroni\n|-supereffective|p1a: Macaroni\n|-damage|p1a: Macaroni|0 fnt\n|faint|p1a: Macaroni\n|\n|t:|1700517185\n|switch|p2a: Lugia|Lugia|100\/100|[from] Volt Switch\n|\n|upkeep\n|inactive|Eternamax3000 has 120 seconds left.\n|\n|t:|1700517191\n|switch|p1a: Jacket|Cinccino, F|100\/100\n|turn|16\n|inactive|Eternamax3000 has 120 seconds left.\n|\n|t:|1700517205\n|-terastallize|p2a: Lugia|Psychic\n|move|p1a: Jacket|Thunder Wave|p2a: Lugia\n|-status|p2a: Lugia|par\n|cant|p2a: Lugia|par\n|\n|upkeep\n|turn|17\n|inactive|Eternamax3000 has 120 seconds left.\n|\n|t:|1700517227\n|move|p1a: Jacket|Triple Axel|p2a: Lugia\n|-damage|p2a: Lugia|99\/100 par\n|-damage|p2a: Lugia|91\/100 par\n|-damage|p2a: Lugia|80\/100 par\n|-hitcount|p2a: Lugia|3\n|move|p2a: Lugia|Psycho Boost|p1a: Jacket\n|-damage|p1a: Jacket|0 fnt\n|-unboost|p2a: Lugia|spa|2\n|faint|p1a: Jacket\n|-damage|p2a: Lugia|70\/100 par|[from] item: Life Orb\n|\n|win|Kdisue\n|raw|Eternamax3000's rating: 1114 &rarr; <strong>1093<\/strong><br \/>(-21 for losing)\n|raw|Kdisue's rating: 1174 &rarr; <strong>1195<\/strong><br \/>(+21 for winning)\n|c|\u2606Eternamax3000|ggwp!\n|c|\u2606Kdisue|Banded ferrothorn is o\n|l|\u2606Kdisue\n|c|\u2606Eternamax3000|snagging that replay\n|l|\u2606Eternamax3000\n|j|\u2606Kdisue\n|player|p2|Kdisue|265\n","uploadtime":1700517246,"views":1,"p1id":"eternamax3000","p2id":"kdisue","formatid":"gen9nationaldexubers","rating":1093,"private":0,"password":""}