{"id":"gen9nationaldexubers-1993163097","p1":"PleasantGoodW","p2":"saifu.mp4","format":"[Gen 9] National Dex Ubers","log":"|j|\u2606PleasantGoodW\n|j|\u2606saifu.mp4\n|t:|1700272446\n|gametype|singles\n|player|p1|PleasantGoodW|ash|1154\n|player|p2|saifu.mp4|hugh|1252\n|teamsize|p1|6\n|teamsize|p2|6\n|gen|9\n|tier|[Gen 9] National Dex Ubers\n|rated|\n|rule|HP Percentage Mod: HP is shown in percentages\n|rule|Endless Battle Clause: Forcing endless battles is banned\n|rule|OHKO Clause: OHKO moves are banned\n|rule|Evasion Moves Clause: Evasion moves are banned\n|rule|Evasion Items Clause: Evasion items are banned\n|rule|Species Clause: Limit one of each Pok\u00e9mon\n|rule|Sleep Clause Mod: Limit one foe put to sleep\n|rule|Mega Rayquaza Clause: You cannot mega evolve Rayquaza\n|clearpoke\n|poke|p1|Charizard, M|\n|poke|p1|Infernape, F|\n|poke|p1|Lucario, F|\n|poke|p1|Greninja-*, M|\n|poke|p1|Sceptile, M|\n|poke|p1|Krookodile, F|\n|poke|p2|Bisharp, F|\n|poke|p2|Hatterene, F|\n|poke|p2|Galvantula, M|\n|poke|p2|Iron Valiant|\n|poke|p2|Excadrill, M|\n|poke|p2|Dondozo, M|\n|teampreview\n|inactive|Battle timer is ON: inactive players will automatically lose when time's up. (requested by saifu.mp4)\n|c|\u2606PleasantGoodW|hi\n|\n|t:|1700272456\n|start\n|switch|p1a: Krookodile|Krookodile, F|100\/100\n|switch|p2a: 36 Chrome Tabs|Galvantula, M, shiny|100\/100\n|turn|1\n|\n|t:|1700272464\n|move|p2a: 36 Chrome Tabs|Sticky Web|p1a: Krookodile\n|-sidestart|p1: PleasantGoodW|move: Sticky Web\n|move|p1a: Krookodile|Earthquake|p2a: 36 Chrome Tabs\n|-damage|p2a: 36 Chrome Tabs|26\/100\n|\n|upkeep\n|turn|2\n|c|\u2606PleasantGoodW|LOL\n|\n|t:|1700272474\n|switch|p2a: SanDiego|Dondozo, M, shiny|100\/100\n|move|p1a: Krookodile|High Horsepower|p2a: SanDiego|[miss]\n|-miss|p1a: Krookodile|p2a: SanDiego\n|\n|upkeep\n|turn|3\n|\n|t:|1700272496\n|switch|p1a: Sceptile|Sceptile, M|100\/100\n|-activate|p1a: Sceptile|move: Sticky Web\n|-unboost|p1a: Sceptile|spe|1\n|move|p2a: SanDiego|Curse|p2a: SanDiego\n|-unboost|p2a: SanDiego|spe|1\n|-boost|p2a: SanDiego|atk|1\n|-boost|p2a: SanDiego|def|1\n|\n|upkeep\n|turn|4\n|\n|t:|1700272510\n|-terastallize|p1a: Sceptile|Grass\n|move|p1a: Sceptile|Leaf Blade|p2a: SanDiego\n|-supereffective|p2a: SanDiego\n|-damage|p2a: SanDiego|73\/100\n|move|p2a: SanDiego|Body Press|p1a: Sceptile\n|-damage|p1a: Sceptile|46\/100\n|\n|-heal|p2a: SanDiego|79\/100|[from] item: Leftovers\n|upkeep\n|turn|5\n|\n|t:|1700272520\n|move|p1a: Sceptile|Leaf Storm|p2a: SanDiego|[miss]\n|-miss|p1a: Sceptile|p2a: SanDiego\n|move|p2a: SanDiego|Body Press|p1a: Sceptile\n|-damage|p1a: Sceptile|0 fnt\n|faint|p1a: Sceptile\n|\n|-heal|p2a: SanDiego|85\/100|[from] item: Leftovers\n|upkeep\n|\n|t:|1700272528\n|switch|p1a: Greninja|Greninja, M|100\/100\n|-activate|p1a: Greninja|move: Sticky Web\n|-unboost|p1a: Greninja|spe|1\n|turn|6\n|\n|t:|1700272540\n|move|p1a: Greninja|Dark Pulse|p2a: SanDiego\n|-crit|p2a: SanDiego\n|-damage|p2a: SanDiego|42\/100\n|move|p2a: SanDiego|Body Press|p1a: Greninja\n|-supereffective|p1a: Greninja\n|-damage|p1a: Greninja|4\/100\n|\n|-heal|p2a: SanDiego|48\/100|[from] item: Leftovers\n|upkeep\n|turn|7\n|\n|t:|1700272548\n|move|p1a: Greninja|Dark Pulse|p2a: SanDiego\n|-crit|p2a: SanDiego\n|-damage|p2a: SanDiego|2\/100\n|move|p2a: SanDiego|Body Press|p1a: Greninja\n|-supereffective|p1a: Greninja\n|-damage|p1a: Greninja|0 fnt\n|faint|p1a: Greninja\n|\n|-heal|p2a: SanDiego|8\/100|[from] item: Leftovers\n|upkeep\n|c|\u2606PleasantGoodW|gg uwin\n|\n|t:|1700272566\n|switch|p1a: Charizard|Charizard, M|100\/100\n|turn|8\n|\n|t:|1700272573\n|move|p1a: Charizard|Thunder Punch|p2a: SanDiego\n|-supereffective|p2a: SanDiego\n|-damage|p2a: SanDiego|0 fnt\n|faint|p2a: SanDiego\n|\n|upkeep\n|\n|t:|1700272577\n|switch|p2a: Dai-Gurren|Excadrill, M, shiny|100\/100\n|-ability|p2a: Dai-Gurren|Mold Breaker\n|turn|9\n|\n|t:|1700272592\n|move|p2a: Dai-Gurren|Rapid Spin|p1a: Charizard\n|-damage|p1a: Charizard|82\/100\n|-boost|p2a: Dai-Gurren|spe|1\n|-damage|p2a: Dai-Gurren|84\/100|[from] item: Rocky Helmet|[of] p1a: Charizard\n|move|p1a: Charizard|Seismic Toss|p2a: Dai-Gurren\n|-damage|p2a: Dai-Gurren|56\/100\n|\n|upkeep\n|turn|10\n|\n|t:|1700272601\n|move|p2a: Dai-Gurren|Rock Slide|p1a: Charizard\n|-supereffective|p1a: Charizard\n|-crit|p1a: Charizard\n|-damage|p1a: Charizard|0 fnt\n|faint|p1a: Charizard\n|\n|upkeep\n|\n|t:|1700272607\n|switch|p1a: Infernape|Infernape, F|100\/100\n|-activate|p1a: Infernape|move: Sticky Web\n|-unboost|p1a: Infernape|spe|1\n|turn|11\n|\n|t:|1700272615\n|move|p2a: Dai-Gurren|Earthquake|p1a: Infernape\n|-supereffective|p1a: Infernape\n|-damage|p1a: Infernape|0 fnt\n|faint|p1a: Infernape\n|\n|upkeep\n|\n|t:|1700272622\n|switch|p1a: Krookodile|Krookodile, F|100\/100\n|-activate|p1a: Krookodile|move: Sticky Web\n|-unboost|p1a: Krookodile|spe|1\n|turn|12\n|\n|t:|1700272633\n|move|p2a: Dai-Gurren|Earthquake|p1a: Krookodile\n|-damage|p1a: Krookodile|53\/100\n|move|p1a: Krookodile|Earthquake|p2a: Dai-Gurren\n|-supereffective|p2a: Dai-Gurren\n|-damage|p2a: Dai-Gurren|0 fnt\n|faint|p2a: Dai-Gurren\n|\n|upkeep\n|\n|t:|1700272641\n|switch|p2a: 2001 Acura Integra|Iron Valiant, shiny|100\/100\n|-enditem|p2a: 2001 Acura Integra|Booster Energy\n|-activate|p2a: 2001 Acura Integra|ability: Quark Drive|[fromitem]\n|-start|p2a: 2001 Acura Integra|quarkdrivespe\n|turn|13\n|\n|t:|1700272649\n|move|p2a: 2001 Acura Integra|Close Combat|p1a: Krookodile\n|-supereffective|p1a: Krookodile\n|-damage|p1a: Krookodile|0 fnt\n|-unboost|p2a: 2001 Acura Integra|def|1\n|-unboost|p2a: 2001 Acura Integra|spd|1\n|faint|p1a: Krookodile\n|\n|upkeep\n|\n|t:|1700272656\n|switch|p1a: Lucario|Lucario, F|100\/100\n|-activate|p1a: Lucario|move: Sticky Web\n|-unboost|p1a: Lucario|spe|1\n|turn|14\n|\n|t:|1700272660\n|move|p2a: 2001 Acura Integra|Close Combat|p1a: Lucario\n|-supereffective|p1a: Lucario\n|-damage|p1a: Lucario|0 fnt\n|-unboost|p2a: 2001 Acura Integra|def|1\n|-unboost|p2a: 2001 Acura Integra|spd|1\n|faint|p1a: Lucario\n|\n|win|saifu.mp4\n|raw|PleasantGoodW's rating: 1154 &rarr; <strong>1136<\/strong><br \/>(-18 for losing)\n|raw|saifu.mp4's rating: 1252 &rarr; <strong>1270<\/strong><br \/>(+18 for winning)\n|l|\u2606PleasantGoodW\n","uploadtime":1700272669,"views":15,"p1id":"pleasantgoodw","p2id":"saifump4","formatid":"gen9nationaldexubers","rating":1136,"private":0,"password":""}