{"id":"gen9nationaldexubers-1983807484","p1":"yvucfuyigvl","p2":"Picklethief2","format":"[Gen 9] National Dex Ubers","log":"|j|\u2606yvucfuyigvl\n|j|\u2606Picklethief2\n|t:|1699184826\n|gametype|singles\n|player|p1|yvucfuyigvl|roark|1196\n|player|p2|Picklethief2|will|1259\n|teamsize|p1|6\n|teamsize|p2|6\n|gen|9\n|tier|[Gen 9] National Dex Ubers\n|rated|\n|rule|HP Percentage Mod: HP is shown in percentages\n|rule|Endless Battle Clause: Forcing endless battles is banned\n|rule|OHKO Clause: OHKO moves are banned\n|rule|Evasion Moves Clause: Evasion moves are banned\n|rule|Evasion Items Clause: Evasion items are banned\n|rule|Species Clause: Limit one of each Pok\u00e9mon\n|rule|Sleep Clause Mod: Limit one foe put to sleep\n|rule|Mega Rayquaza Clause: You cannot mega evolve Rayquaza\n|clearpoke\n|poke|p1|Tyranitar, M|\n|poke|p1|Garganacl, F|\n|poke|p1|Aggron, M|\n|poke|p1|Glimmora, F|\n|poke|p1|Cradily, M|\n|poke|p1|Probopass, L1, M|\n|poke|p2|Dragapult, F|\n|poke|p2|Arcanine, M|\n|poke|p2|Milotic, M|\n|poke|p2|Umbreon, F|\n|poke|p2|Tyranitar, M|\n|poke|p2|Heliolisk, M|\n|teampreview\n|\n|t:|1699184844\n|start\n|switch|p1a: Glimmora|Glimmora, F|100\/100\n|switch|p2a: Rango|Tyranitar, M|100\/100\n|-weather|Sandstorm|[from] ability: Sand Stream|[of] p2a: Rango\n|turn|1\n|\n|t:|1699184860\n|switch|p2a: Captain|Umbreon, F|100\/100\n|move|p1a: Glimmora|Spikes|p2a: Captain\n|-sidestart|p2: Picklethief2|Spikes\n|\n|-weather|Sandstorm|[upkeep]\n|-damage|p2a: Captain|94\/100|[from] Sandstorm\n|-heal|p2a: Captain|100\/100|[from] item: Leftovers\n|upkeep\n|turn|2\n|inactive|Battle timer is ON: inactive players will automatically lose when time's up. (requested by Picklethief2)\n|\n|t:|1699184867\n|switch|p2a: Zoetrope|Heliolisk, M|100\/100\n|-damage|p2a: Zoetrope|88\/100|[from] Spikes\n|move|p1a: Glimmora|Spikes|p2a: Zoetrope\n|-sidestart|p2: Picklethief2|Spikes\n|\n|-weather|Sandstorm|[upkeep]\n|-damage|p2a: Zoetrope|82\/100|[from] Sandstorm\n|upkeep\n|turn|3\n|\n|t:|1699184872\n|switch|p1a: Tyranitar|Tyranitar, M|100\/100\n|move|p2a: Zoetrope|Surf|p1a: Tyranitar\n|-supereffective|p1a: Tyranitar\n|-damage|p1a: Tyranitar|78\/100\n|\n|-weather|Sandstorm|[upkeep]\n|-damage|p2a: Zoetrope|76\/100|[from] Sandstorm\n|upkeep\n|turn|4\n|\n|t:|1699184876\n|-activate|p2a: Zoetrope|move: Pursuit\n|move|p1a: Tyranitar|Pursuit|p2a: Zoetrope|[from]Pursuit\n|-damage|p2a: Zoetrope|0 fnt\n|faint|p2a: Zoetrope\n|-hint|A Pokemon can't switch between when it runs out of HP and when it faints\n|\n|-weather|Sandstorm|[upkeep]\n|upkeep\n|\n|t:|1699184879\n|switch|p2a: Captain|Umbreon, F|100\/100\n|-damage|p2a: Captain|84\/100|[from] Spikes\n|turn|5\n|\n|t:|1699184883\n|switch|p1a: Glimmora|Glimmora, F|100\/100\n|move|p2a: Captain|Toxic|p1a: Glimmora\n|-immune|p1a: Glimmora\n|\n|-weather|none\n|-heal|p2a: Captain|90\/100|[from] item: Leftovers\n|upkeep\n|turn|6\n|\n|t:|1699184888\n|-terastallize|p2a: Captain|Poison\n|move|p1a: Glimmora|Spikes|p2a: Captain\n|-sidestart|p2: Picklethief2|Spikes\n|move|p2a: Captain|Wish|p2a: Captain\n|\n|-heal|p2a: Captain|96\/100|[from] item: Leftovers\n|upkeep\n|turn|7\n|\n|t:|1699184895\n|switch|p1a: Garganacl|Garganacl, F|100\/100\n|switch|p2a: Rango|Tyranitar, M|100\/100\n|-damage|p2a: Rango|75\/100|[from] Spikes\n|-weather|Sandstorm|[from] ability: Sand Stream|[of] p2a: Rango\n|\n|-weather|Sandstorm|[upkeep]\n|-heal|p2a: Rango|100\/100|[from] move: Wish|[wisher] Captain\n|upkeep\n|turn|8\n|\n|t:|1699184904\n|switch|p1a: Glimmora|Glimmora, F|100\/100\n|move|p2a: Rango|Crunch|p1a: Glimmora\n|-damage|p1a: Glimmora|55\/100\n|-activate|p1a: Glimmora|ability: Toxic Debris\n|-sidestart|p2: Picklethief2|move: Toxic Spikes\n|\n|-weather|Sandstorm|[upkeep]\n|upkeep\n|turn|9\n|\n|t:|1699184915\n|switch|p1a: Aggron|Aggron, M|100\/100\n|move|p2a: Rango|Earthquake|p1a: Aggron\n|-supereffective|p1a: Aggron\n|-damage|p1a: Aggron|47\/100\n|\n|-weather|Sandstorm|[upkeep]\n|upkeep\n|turn|10\n|\n|t:|1699184920\n|detailschange|p1a: Aggron|Aggron-Mega, M\n|-mega|p1a: Aggron|Aggron|Aggronite\n|move|p2a: Rango|Earthquake|p1a: Aggron\n|-supereffective|p1a: Aggron\n|-damage|p1a: Aggron|29\/100\n|move|p1a: Aggron|Rest|p1a: Aggron\n|-status|p1a: Aggron|slp|[from] move: Rest\n|-heal|p1a: Aggron|100\/100 slp|[silent]\n|\n|-weather|Sandstorm|[upkeep]\n|upkeep\n|turn|11\n|\n|t:|1699184925\n|switch|p2a: Captain|Umbreon, F, tera:Poison|96\/100\n|-damage|p2a: Captain|71\/100|[from] Spikes\n|-sideend|p2: Picklethief2|move: Toxic Spikes|[of] p2a: Captain\n|cant|p1a: Aggron|slp\n|move|p1a: Aggron|Sleep Talk|p1a: Aggron\n|move|p1a: Aggron|Rest||[from]move: Sleep Talk|[still]\n|-fail|p1a: Aggron\n|\n|-weather|none\n|-heal|p2a: Captain|77\/100|[from] item: Leftovers\n|upkeep\n|turn|12\n|\n|t:|1699184928\n|switch|p2a: Doc|Dragapult, F, shiny|100\/100\n|-damage|p2a: Doc|76\/100|[from] Spikes\n|cant|p1a: Aggron|slp\n|move|p1a: Aggron|Sleep Talk|p1a: Aggron\n|move|p1a: Aggron|Body Press|p2a: Doc|[from]move: Sleep Talk\n|-immune|p2a: Doc\n|\n|-heal|p2a: Doc|82\/100|[from] item: Leftovers\n|upkeep\n|turn|13\n|\n|t:|1699184936\n|switch|p1a: Tyranitar|Tyranitar, M|78\/100\n|-weather|Sandstorm|[from] ability: Sand Stream|[of] p1a: Tyranitar\n|move|p2a: Doc|Substitute|p2a: Doc\n|-start|p2a: Doc|Substitute\n|-damage|p2a: Doc|57\/100\n|\n|-weather|Sandstorm|[upkeep]\n|-damage|p2a: Doc|51\/100|[from] Sandstorm\n|-heal|p2a: Doc|57\/100|[from] item: Leftovers\n|upkeep\n|turn|14\n|\n|t:|1699184940\n|move|p2a: Doc|Dragon Darts|p1a: Tyranitar\n|-damage|p1a: Tyranitar|60\/100\n|-anim|p2a: Doc|Dragon Darts|p1a: Tyranitar\n|-damage|p1a: Tyranitar|41\/100\n|move|p1a: Tyranitar|Knock Off|p2a: Doc\n|-supereffective|p2a: Doc\n|-end|p2a: Doc|Substitute\n|\n|-weather|Sandstorm|[upkeep]\n|-damage|p2a: Doc|51\/100|[from] Sandstorm\n|-heal|p2a: Doc|57\/100|[from] item: Leftovers\n|upkeep\n|turn|15\n|\n|t:|1699184946\n|move|p2a: Doc|Dragon Darts|p1a: Tyranitar\n|-damage|p1a: Tyranitar|23\/100\n|-anim|p2a: Doc|Dragon Darts|p1a: Tyranitar\n|-damage|p1a: Tyranitar|2\/100\n|move|p1a: Tyranitar|Pursuit|p2a: Doc\n|-supereffective|p2a: Doc\n|-damage|p2a: Doc|6\/100\n|\n|-weather|Sandstorm|[upkeep]\n|-damage|p2a: Doc|0 fnt|[from] Sandstorm\n|faint|p2a: Doc\n|upkeep\n|\n|t:|1699184956\n|switch|p2a: Meg|Arcanine, M|100\/100\n|-damage|p2a: Meg|75\/100|[from] Spikes\n|-ability|p2a: Meg|Intimidate|boost\n|-unboost|p1a: Tyranitar|atk|1\n|turn|16\n|\n|t:|1699184964\n|switch|p1a: Glimmora|Glimmora, F|55\/100\n|move|p2a: Meg|Extreme Speed|p1a: Glimmora\n|-resisted|p1a: Glimmora\n|-damage|p1a: Glimmora|42\/100\n|-activate|p1a: Glimmora|ability: Toxic Debris\n|-sidestart|p2: Picklethief2|move: Toxic Spikes\n|\n|-weather|Sandstorm|[upkeep]\n|-damage|p2a: Meg|69\/100|[from] Sandstorm\n|-heal|p2a: Meg|75\/100|[from] item: Leftovers\n|upkeep\n|turn|17\n|\n|t:|1699184968\n|move|p1a: Glimmora|Earth Power|p2a: Meg\n|-supereffective|p2a: Meg\n|-damage|p2a: Meg|7\/100\n|move|p2a: Meg|Flare Blitz|p1a: Glimmora\n|-resisted|p1a: Glimmora\n|-damage|p1a: Glimmora|11\/100\n|-status|p1a: Glimmora|brn\n|-activate|p1a: Glimmora|ability: Toxic Debris\n|-sidestart|p2: Picklethief2|move: Toxic Spikes\n|-damage|p2a: Meg|0 fnt|[from] Recoil\n|faint|p2a: Meg\n|\n|-weather|none\n|-damage|p1a: Glimmora|5\/100 brn|[from] brn\n|upkeep\n|\n|t:|1699184970\n|switch|p2a: Captain|Umbreon, F, tera:Poison|77\/100\n|-damage|p2a: Captain|53\/100|[from] Spikes\n|-sideend|p2: Picklethief2|move: Toxic Spikes|[of] p2a: Captain\n|turn|18\n|\n|t:|1699184974\n|move|p1a: Glimmora|Earth Power|p2a: Captain\n|-supereffective|p2a: Captain\n|-damage|p2a: Captain|12\/100\n|move|p2a: Captain|Wish|p2a: Captain\n|\n|-heal|p2a: Captain|18\/100|[from] item: Leftovers\n|-damage|p1a: Glimmora|0 fnt|[from] brn\n|faint|p1a: Glimmora\n|upkeep\n|\n|t:|1699184979\n|switch|p1a: Cradily|Cradily, M|100\/100\n|turn|19\n|\n|t:|1699184988\n|move|p2a: Captain|Protect|p2a: Captain\n|-singleturn|p2a: Captain|Protect\n|move|p1a: Cradily|Infestation|p2a: Captain\n|-activate|p2a: Captain|move: Protect\n|\n|-heal|p2a: Captain|68\/100|[from] move: Wish|[wisher] Captain\n|-heal|p2a: Captain|74\/100|[from] item: Leftovers\n|upkeep\n|turn|20\n|\n|t:|1699184993\n|move|p2a: Captain|Toxic|p1a: Cradily\n|-status|p1a: Cradily|tox\n|move|p1a: Cradily|Infestation|p2a: Captain\n|-resisted|p2a: Captain\n|-damage|p2a: Captain|73\/100\n|-activate|p2a: Captain|move: Infestation|[of] p1a: Cradily\n|\n|-heal|p2a: Captain|79\/100|[from] item: Leftovers\n|-damage|p1a: Cradily|94\/100 tox|[from] psn\n|-damage|p2a: Captain|62\/100|[from] move: Infestation|[partiallytrapped]\n|upkeep\n|turn|21\n|\n|t:|1699184995\n|move|p2a: Captain|Wish|p2a: Captain\n|move|p1a: Cradily|Block|p2a: Captain\n|-activate|p2a: Captain|trapped\n|\n|-heal|p2a: Captain|69\/100|[from] item: Leftovers\n|-damage|p1a: Cradily|82\/100 tox|[from] psn\n|-damage|p2a: Captain|52\/100|[from] move: Infestation|[partiallytrapped]\n|upkeep\n|turn|22\n|\n|t:|1699184998\n|move|p2a: Captain|Foul Play|p1a: Cradily\n|-damage|p1a: Cradily|68\/100 tox\n|move|p1a: Cradily|Leech Seed|p2a: Captain\n|-start|p2a: Captain|move: Leech Seed\n|\n|-heal|p2a: Captain|100\/100|[from] move: Wish|[wisher] Captain\n|-damage|p2a: Captain|88\/100|[from] Leech Seed|[of] p1a: Cradily\n|-heal|p1a: Cradily|81\/100 tox|[silent]\n|-damage|p1a: Cradily|62\/100 tox|[from] psn\n|-damage|p2a: Captain|72\/100|[from] move: Infestation|[partiallytrapped]\n|upkeep\n|turn|23\n|\n|t:|1699185005\n|move|p2a: Captain|Wish|p2a: Captain\n|move|p1a: Cradily|Rest|p1a: Cradily\n|-status|p1a: Cradily|slp|[from] move: Rest\n|-heal|p1a: Cradily|100\/100 slp|[silent]\n|\n|-heal|p2a: Captain|78\/100|[from] item: Leftovers\n|-damage|p2a: Captain|65\/100|[from] Leech Seed|[of] p1a: Cradily\n|-damage|p2a: Captain|49\/100|[from] move: Infestation|[partiallytrapped]\n|upkeep\n|turn|24\n|c|\u2606yvucfuyigvl|:v\n|c|\u2606yvucfuyigvl|:V\n|c|\u2606yvucfuyigvl|:VVVVVVVVVVVV\n|\n|t:|1699185021\n|move|p2a: Captain|Protect|p2a: Captain\n|-singleturn|p2a: Captain|Protect\n|cant|p1a: Cradily|slp\n|\n|-heal|p2a: Captain|99\/100|[from] move: Wish|[wisher] Captain\n|-heal|p2a: Captain|100\/100|[from] item: Leftovers\n|-damage|p2a: Captain|88\/100|[from] Leech Seed|[of] p1a: Cradily\n|-end|p2a: Captain|Infestation|[partiallytrapped]\n|upkeep\n|turn|25\n|\n|t:|1699185030\n|move|p2a: Captain|Wish|p2a: Captain\n|cant|p1a: Cradily|slp\n|\n|-heal|p2a: Captain|94\/100|[from] item: Leftovers\n|-damage|p2a: Captain|82\/100|[from] Leech Seed|[of] p1a: Cradily\n|upkeep\n|turn|26\n|c|\u2606yvucfuyigvl|why r u running\n|l|\u2606yvucfuyigvl\n|inactive|yvucfuyigvl disconnected and has a minute to reconnect!\n|player|p1|\n|c|\u2606Picklethief2|am I?\n|c|\u2606Picklethief2|I think i'm decidedly incapable of running\n|j| The power of ROCK\n|inactive|yvucfuyigvl has 30 seconds to reconnect!\n|l| The power of ROCK\n|j|\u2606yvucfuyigvl\n|inactive|yvucfuyigvl reconnected and has 105 seconds left.\n|player|p1|yvucfuyigvl|roark\n|c|\u2606yvucfuyigvl|sorry it was i who was running\n|inactive|yvucfuyigvl has 90 seconds left.\n|\n|t:|1699185091\n|move|p2a: Captain|Foul Play|p1a: Cradily\n|-damage|p1a: Cradily|83\/100 slp\n|-curestatus|p1a: Cradily|slp|[msg]\n|move|p1a: Cradily|Infestation|p2a: Captain\n|-resisted|p2a: Captain\n|-damage|p2a: Captain|81\/100\n|-activate|p2a: Captain|move: Infestation|[of] p1a: Cradily\n|\n|-heal|p2a: Captain|100\/100|[from] move: Wish|[wisher] Captain\n|-damage|p2a: Captain|88\/100|[from] Leech Seed|[of] p1a: Cradily\n|-heal|p1a: Cradily|97\/100|[silent]\n|-damage|p2a: Captain|72\/100|[from] move: Infestation|[partiallytrapped]\n|upkeep\n|turn|27\n|\n|t:|1699185104\n|move|p2a: Captain|Toxic|p1a: Cradily\n|-status|p1a: Cradily|tox\n|move|p1a: Cradily|Infestation|p2a: Captain\n|-resisted|p2a: Captain\n|-damage|p2a: Captain|71\/100\n|\n|-heal|p2a: Captain|77\/100|[from] item: Leftovers\n|-damage|p2a: Captain|64\/100|[from] Leech Seed|[of] p1a: Cradily\n|-heal|p1a: Cradily|100\/100 tox|[silent]\n|-damage|p1a: Cradily|94\/100 tox|[from] psn\n|-damage|p2a: Captain|48\/100|[from] move: Infestation|[partiallytrapped]\n|upkeep\n|turn|28\n|\n|t:|1699185112\n|move|p2a: Captain|Wish|p2a: Captain\n|move|p1a: Cradily|Infestation|p2a: Captain\n|-resisted|p2a: Captain\n|-damage|p2a: Captain|46\/100\n|\n|-heal|p2a: Captain|53\/100|[from] item: Leftovers\n|-damage|p2a: Captain|40\/100|[from] Leech Seed|[of] p1a: Cradily\n|-heal|p1a: Cradily|100\/100 tox|[silent]\n|-damage|p1a: Cradily|88\/100 tox|[from] psn\n|-damage|p2a: Captain|24\/100|[from] move: Infestation|[partiallytrapped]\n|upkeep\n|turn|29\n|\n|t:|1699185120\n|move|p2a: Captain|Protect|p2a: Captain\n|-singleturn|p2a: Captain|Protect\n|move|p1a: Cradily|Infestation|p2a: Captain\n|-activate|p2a: Captain|move: Protect\n|\n|-heal|p2a: Captain|74\/100|[from] move: Wish|[wisher] Captain\n|-heal|p2a: Captain|80\/100|[from] item: Leftovers\n|-damage|p2a: Captain|67\/100|[from] Leech Seed|[of] p1a: Cradily\n|-heal|p1a: Cradily|100\/100 tox|[silent]\n|-damage|p1a: Cradily|82\/100 tox|[from] psn\n|-damage|p2a: Captain|51\/100|[from] move: Infestation|[partiallytrapped]\n|upkeep\n|turn|30\n|\n|t:|1699185125\n|move|p2a: Captain|Wish|p2a: Captain\n|move|p1a: Cradily|Infestation|p2a: Captain\n|-resisted|p2a: Captain\n|-damage|p2a: Captain|50\/100\n|\n|-heal|p2a: Captain|56\/100|[from] item: Leftovers\n|-damage|p2a: Captain|43\/100|[from] Leech Seed|[of] p1a: Cradily\n|-heal|p1a: Cradily|95\/100 tox|[silent]\n|-damage|p1a: Cradily|71\/100 tox|[from] psn\n|-damage|p2a: Captain|27\/100|[from] move: Infestation|[partiallytrapped]\n|upkeep\n|turn|31\n|\n|t:|1699185141\n|move|p2a: Captain|Foul Play|p1a: Cradily\n|-damage|p1a: Cradily|56\/100 tox\n|move|p1a: Cradily|Infestation|p2a: Captain\n|-resisted|p2a: Captain\n|-damage|p2a: Captain|26\/100\n|\n|-heal|p2a: Captain|76\/100|[from] move: Wish|[wisher] Captain\n|-heal|p2a: Captain|82\/100|[from] item: Leftovers\n|-damage|p2a: Captain|70\/100|[from] Leech Seed|[of] p1a: Cradily\n|-heal|p1a: Cradily|69\/100 tox|[silent]\n|-damage|p1a: Cradily|39\/100 tox|[from] psn\n|-end|p2a: Captain|Infestation|[partiallytrapped]\n|upkeep\n|turn|32\n|\n|t:|1699185144\n|move|p2a: Captain|Foul Play|p1a: Cradily\n|-damage|p1a: Cradily|22\/100 tox\n|move|p1a: Cradily|Rest|p1a: Cradily\n|-status|p1a: Cradily|slp|[from] move: Rest\n|-heal|p1a: Cradily|100\/100 slp|[silent]\n|\n|-heal|p2a: Captain|76\/100|[from] item: Leftovers\n|-damage|p2a: Captain|63\/100|[from] Leech Seed|[of] p1a: Cradily\n|upkeep\n|turn|33\n|\n|t:|1699185153\n|move|p2a: Captain|Foul Play|p1a: Cradily\n|-damage|p1a: Cradily|84\/100 slp\n|cant|p1a: Cradily|slp\n|\n|-heal|p2a: Captain|69\/100|[from] item: Leftovers\n|-damage|p2a: Captain|57\/100|[from] Leech Seed|[of] p1a: Cradily\n|-heal|p1a: Cradily|97\/100 slp|[silent]\n|upkeep\n|turn|34\n|\n|t:|1699185160\n|move|p2a: Captain|Foul Play|p1a: Cradily\n|-damage|p1a: Cradily|81\/100 slp\n|cant|p1a: Cradily|slp\n|\n|-heal|p2a: Captain|63\/100|[from] item: Leftovers\n|-damage|p2a: Captain|50\/100|[from] Leech Seed|[of] p1a: Cradily\n|-heal|p1a: Cradily|94\/100 slp|[silent]\n|upkeep\n|turn|35\n|c|\u2606yvucfuyigvl|a captain always goes down with the ship\n|\n|t:|1699185167\n|move|p2a: Captain|Foul Play|p1a: Cradily\n|-damage|p1a: Cradily|78\/100 slp\n|-curestatus|p1a: Cradily|slp|[msg]\n|move|p1a: Cradily|Infestation|p2a: Captain\n|-resisted|p2a: Captain\n|-damage|p2a: Captain|49\/100\n|-activate|p2a: Captain|move: Infestation|[of] p1a: Cradily\n|\n|-heal|p2a: Captain|55\/100|[from] item: Leftovers\n|-damage|p2a: Captain|43\/100|[from] Leech Seed|[of] p1a: Cradily\n|-heal|p1a: Cradily|91\/100|[silent]\n|-damage|p2a: Captain|26\/100|[from] move: Infestation|[partiallytrapped]\n|upkeep\n|turn|36\n|c|\u2606Picklethief2|yeah something like that\n|\n|t:|1699185174\n|move|p2a: Captain|Wish|p2a: Captain\n|move|p1a: Cradily|Infestation|p2a: Captain\n|-resisted|p2a: Captain\n|-damage|p2a: Captain|25\/100\n|\n|-heal|p2a: Captain|31\/100|[from] item: Leftovers\n|-damage|p2a: Captain|19\/100|[from] Leech Seed|[of] p1a: Cradily\n|-heal|p1a: Cradily|100\/100|[silent]\n|-damage|p2a: Captain|2\/100|[from] move: Infestation|[partiallytrapped]\n|upkeep\n|turn|37\n|c|\u2606yvucfuyigvl|protect or die\n|\n|t:|1699185186\n|move|p2a: Captain|Protect|p2a: Captain\n|-singleturn|p2a: Captain|Protect\n|move|p1a: Cradily|Infestation|p2a: Captain\n|-activate|p2a: Captain|move: Protect\n|\n|-heal|p2a: Captain|52\/100|[from] move: Wish|[wisher] Captain\n|-heal|p2a: Captain|58\/100|[from] item: Leftovers\n|-damage|p2a: Captain|46\/100|[from] Leech Seed|[of] p1a: Cradily\n|-damage|p2a: Captain|29\/100|[from] move: Infestation|[partiallytrapped]\n|upkeep\n|turn|38\n|\n|t:|1699185195\n|move|p2a: Captain|Wish|p2a: Captain\n|move|p1a: Cradily|Infestation|p2a: Captain\n|-resisted|p2a: Captain\n|-damage|p2a: Captain|28\/100\n|\n|-heal|p2a: Captain|34\/100|[from] item: Leftovers\n|-damage|p2a: Captain|22\/100|[from] Leech Seed|[of] p1a: Cradily\n|-damage|p2a: Captain|5\/100|[from] move: Infestation|[partiallytrapped]\n|upkeep\n|turn|39\n|\n|t:|1699185198\n|move|p2a: Captain|Protect|p2a: Captain\n|-singleturn|p2a: Captain|Protect\n|move|p1a: Cradily|Infestation|p2a: Captain\n|-activate|p2a: Captain|move: Protect\n|\n|-heal|p2a: Captain|55\/100|[from] move: Wish|[wisher] Captain\n|-heal|p2a: Captain|61\/100|[from] item: Leftovers\n|-damage|p2a: Captain|49\/100|[from] Leech Seed|[of] p1a: Cradily\n|-end|p2a: Captain|Infestation|[partiallytrapped]\n|upkeep\n|turn|40\n|c|\u2606Picklethief2|I like this set btw\n|\n|t:|1699185207\n|move|p2a: Captain|Wish|p2a: Captain\n|move|p1a: Cradily|Infestation|p2a: Captain\n|-resisted|p2a: Captain\n|-damage|p2a: Captain|48\/100\n|-activate|p2a: Captain|move: Infestation|[of] p1a: Cradily\n|\n|-heal|p2a: Captain|54\/100|[from] item: Leftovers\n|-damage|p2a: Captain|41\/100|[from] Leech Seed|[of] p1a: Cradily\n|-damage|p2a: Captain|25\/100|[from] move: Infestation|[partiallytrapped]\n|upkeep\n|turn|41\n|c|\u2606yvucfuyigvl|whos set\n|c|\u2606yvucfuyigvl|mine?\n|\n|t:|1699185215\n|move|p2a: Captain|Protect|p2a: Captain\n|-singleturn|p2a: Captain|Protect\n|move|p1a: Cradily|Block||[still]\n|-fail|p1a: Cradily\n|\n|-heal|p2a: Captain|75\/100|[from] move: Wish|[wisher] Captain\n|-heal|p2a: Captain|81\/100|[from] item: Leftovers\n|-damage|p2a: Captain|69\/100|[from] Leech Seed|[of] p1a: Cradily\n|-damage|p2a: Captain|52\/100|[from] move: Infestation|[partiallytrapped]\n|upkeep\n|turn|42\n|c|\u2606Picklethief2|yeagh\n|c|\u2606Picklethief2|cool stall cradily\n|c|\u2606yvucfuyigvl|i use it to kill stall\n|c|\u2606Picklethief2|u make it urself?\n|c|\u2606yvucfuyigvl|no its not stall\n|c|\u2606yvucfuyigvl|yes\n|c|\u2606yvucfuyigvl|also\n|c|\u2606Picklethief2|based\n|c|\u2606yvucfuyigvl|its not stall\n|\n|t:|1699185234\n|move|p2a: Captain|Wish|p2a: Captain\n|move|p1a: Cradily|Leech Seed||[still]\n|-fail|p1a: Cradily\n|\n|-heal|p2a: Captain|58\/100|[from] item: Leftovers\n|-damage|p2a: Captain|46\/100|[from] Leech Seed|[of] p1a: Cradily\n|-damage|p2a: Captain|29\/100|[from] move: Infestation|[partiallytrapped]\n|upkeep\n|turn|43\n|c|\u2606yvucfuyigvl|I made it to kill stall\n|c|\u2606yvucfuyigvl|like your umbreon\n|c|\u2606yvucfuyigvl|and toxapex\n|c|\u2606Picklethief2|yeah by outstalling\n|c|\u2606yvucfuyigvl|and dondozoz\n|c|\u2606yvucfuyigvl|and alomola\n|c|\u2606yvucfuyigvl|and gliscor\n|c|\u2606yvucfuyigvl|and literally anything stall\n|c|\u2606Picklethief2|its a good one\n|\n|t:|1699185256\n|move|p2a: Captain|Protect|p2a: Captain\n|-singleturn|p2a: Captain|Protect\n|move|p1a: Cradily|Infestation|p2a: Captain\n|-activate|p2a: Captain|move: Protect\n|\n|-heal|p2a: Captain|79\/100|[from] move: Wish|[wisher] Captain\n|-heal|p2a: Captain|85\/100|[from] item: Leftovers\n|-damage|p2a: Captain|73\/100|[from] Leech Seed|[of] p1a: Cradily\n|-damage|p2a: Captain|56\/100|[from] move: Infestation|[partiallytrapped]\n|upkeep\n|turn|44\n|\n|t:|1699185264\n|move|p2a: Captain|Wish|p2a: Captain\n|move|p1a: Cradily|Leech Seed||[still]\n|-fail|p1a: Cradily\n|\n|-heal|p2a: Captain|62\/100|[from] item: Leftovers\n|-damage|p2a: Captain|50\/100|[from] Leech Seed|[of] p1a: Cradily\n|-end|p2a: Captain|Infestation|[partiallytrapped]\n|upkeep\n|turn|45\n|c|\u2606yvucfuyigvl|im not trying to outstall you\n|c|\u2606yvucfuyigvl|you are mistaken\n|c|\u2606yvucfuyigvl|im trying to kill you\n|c|\u2606Picklethief2|I mean yeah that's how this works isn't it?\n|c|\u2606yvucfuyigvl|you are stalling\n|\n|t:|1699185279\n|move|p2a: Captain|Foul Play|p1a: Cradily\n|-crit|p1a: Cradily\n|-damage|p1a: Cradily|75\/100\n|move|p1a: Cradily|Infestation|p2a: Captain\n|-resisted|p2a: Captain\n|-damage|p2a: Captain|49\/100\n|-activate|p2a: Captain|move: Infestation|[of] p1a: Cradily\n|\n|-heal|p2a: Captain|99\/100|[from] move: Wish|[wisher] Captain\n|-heal|p2a: Captain|100\/100|[from] item: Leftovers\n|-damage|p2a: Captain|88\/100|[from] Leech Seed|[of] p1a: Cradily\n|-heal|p1a: Cradily|88\/100|[silent]\n|-damage|p2a: Captain|72\/100|[from] move: Infestation|[partiallytrapped]\n|upkeep\n|turn|46\n|c|\u2606Picklethief2|you need to outlast me while doing chip damage\n|c|\u2606Picklethief2|its leech stall\n|c|\u2606yvucfuyigvl|no pe\n|c|\u2606yvucfuyigvl|nope\n|\n|t:|1699185296\n|move|p2a: Captain|Wish|p2a: Captain\n|move|p1a: Cradily|Leech Seed||[still]\n|-fail|p1a: Cradily\n|\n|-heal|p2a: Captain|78\/100|[from] item: Leftovers\n|-damage|p2a: Captain|65\/100|[from] Leech Seed|[of] p1a: Cradily\n|-heal|p1a: Cradily|100\/100|[silent]\n|-damage|p2a: Captain|49\/100|[from] move: Infestation|[partiallytrapped]\n|upkeep\n|turn|47\n|c|\u2606yvucfuyigvl|im legit trying to get your hp to 0\n|c|\u2606yvucfuyigvl|but you just want ot waste wish\n|c|\u2606Picklethief2|yeah\n|\n|t:|1699185308\n|move|p2a: Captain|Protect|p2a: Captain\n|-singleturn|p2a: Captain|Protect\n|move|p1a: Cradily|Leech Seed|p2a: Captain\n|-activate|p2a: Captain|move: Protect\n|\n|-heal|p2a: Captain|99\/100|[from] move: Wish|[wisher] Captain\n|-heal|p2a: Captain|100\/100|[from] item: Leftovers\n|-damage|p2a: Captain|88\/100|[from] Leech Seed|[of] p1a: Cradily\n|-damage|p2a: Captain|72\/100|[from] move: Infestation|[partiallytrapped]\n|upkeep\n|turn|48\n|c|\u2606Picklethief2|that's what toxic stall is\n|c|\u2606Picklethief2|were both running stall\n|c|\u2606Picklethief2|urs is just anti-stall stall\n|c|\u2606Picklethief2|its not an issue its neat!\n|c|\u2606yvucfuyigvl|calling my cradily stall is an insult\n|c|\u2606Picklethief2|its a good way to use a bulky mon\n|\n|t:|1699185335\n|move|p2a: Captain|Toxic|p1a: Cradily\n|-status|p1a: Cradily|tox\n|move|p1a: Cradily|Leech Seed||[still]\n|-fail|p1a: Cradily\n|\n|-heal|p2a: Captain|78\/100|[from] item: Leftovers\n|-damage|p2a: Captain|65\/100|[from] Leech Seed|[of] p1a: Cradily\n|-damage|p1a: Cradily|94\/100 tox|[from] psn\n|-damage|p2a: Captain|49\/100|[from] move: Infestation|[partiallytrapped]\n|upkeep\n|turn|49\n|\n|t:|1699185345\n|move|p2a: Captain|Wish|p2a: Captain\n|move|p1a: Cradily|Leech Seed|p2a: Captain|[miss]\n|-miss|p1a: Cradily|p2a: Captain\n|\n|-heal|p2a: Captain|55\/100|[from] item: Leftovers\n|-damage|p2a: Captain|42\/100|[from] Leech Seed|[of] p1a: Cradily\n|-heal|p1a: Cradily|100\/100 tox|[silent]\n|-damage|p1a: Cradily|88\/100 tox|[from] psn\n|-end|p2a: Captain|Infestation|[partiallytrapped]\n|upkeep\n|turn|50\n|c|\u2606Picklethief2|yeah but like functionally that's what it is\n|\n|t:|1699185350\n|move|p2a: Captain|Protect|p2a: Captain\n|-singleturn|p2a: Captain|Protect\n|move|p1a: Cradily|Infestation|p2a: Captain\n|-activate|p2a: Captain|move: Protect\n|\n|-heal|p2a: Captain|92\/100|[from] move: Wish|[wisher] Captain\n|-heal|p2a: Captain|98\/100|[from] item: Leftovers\n|-damage|p2a: Captain|86\/100|[from] Leech Seed|[of] p1a: Cradily\n|-heal|p1a: Cradily|100\/100 tox|[silent]\n|-damage|p1a: Cradily|82\/100 tox|[from] psn\n|upkeep\n|turn|51\n|c|\u2606yvucfuyigvl|no\n|\n|t:|1699185356\n|move|p2a: Captain|Wish|p2a: Captain\n|move|p1a: Cradily|Infestation|p2a: Captain\n|-resisted|p2a: Captain\n|-damage|p2a: Captain|85\/100\n|-activate|p2a: Captain|move: Infestation|[of] p1a: Cradily\n|\n|-heal|p2a: Captain|91\/100|[from] item: Leftovers\n|-damage|p2a: Captain|78\/100|[from] Leech Seed|[of] p1a: Cradily\n|-heal|p1a: Cradily|95\/100 tox|[silent]\n|-damage|p1a: Cradily|71\/100 tox|[from] psn\n|-damage|p2a: Captain|62\/100|[from] move: Infestation|[partiallytrapped]\n|upkeep\n|turn|52\n|\n|t:|1699185359\n|move|p2a: Captain|Protect|p2a: Captain\n|-singleturn|p2a: Captain|Protect\n|move|p1a: Cradily|Rest|p1a: Cradily\n|-status|p1a: Cradily|slp|[from] move: Rest\n|-heal|p1a: Cradily|100\/100 slp|[silent]\n|\n|-heal|p2a: Captain|100\/100|[from] move: Wish|[wisher] Captain\n|-damage|p2a: Captain|88\/100|[from] Leech Seed|[of] p1a: Cradily\n|-damage|p2a: Captain|72\/100|[from] move: Infestation|[partiallytrapped]\n|upkeep\n|turn|53\n|c|\u2606Picklethief2|you are using rest and leech seed to *stall* me out until I die from chip damage\n|\n|t:|1699185377\n|move|p2a: Captain|Wish|p2a: Captain\n|cant|p1a: Cradily|slp\n|\n|-heal|p2a: Captain|78\/100|[from] item: Leftovers\n|-damage|p2a: Captain|65\/100|[from] Leech Seed|[of] p1a: Cradily\n|-damage|p2a: Captain|49\/100|[from] move: Infestation|[partiallytrapped]\n|upkeep\n|turn|54\n|c|\u2606yvucfuyigvl|im not trying to stall u\n|c|\u2606Picklethief2|and that's a wrap on cappy\n|c|\u2606yvucfuyigvl|im trying to kill you\n|c|\u2606Picklethief2|yeah\n|c|\u2606Picklethief2|stall kills\n|\n|t:|1699185392\n|move|p2a: Captain|Foul Play|p1a: Cradily\n|-damage|p1a: Cradily|85\/100 slp\n|cant|p1a: Cradily|slp\n|\n|-heal|p2a: Captain|99\/100|[from] move: Wish|[wisher] Captain\n|-heal|p2a: Captain|100\/100|[from] item: Leftovers\n|-damage|p2a: Captain|88\/100|[from] Leech Seed|[of] p1a: Cradily\n|-heal|p1a: Cradily|98\/100 slp|[silent]\n|-damage|p2a: Captain|72\/100|[from] move: Infestation|[partiallytrapped]\n|upkeep\n|turn|55\n|c|\u2606Picklethief2|I've killed mons with umbreon by using stall\n|\n|t:|1699185406\n|move|p2a: Captain|Foul Play|p1a: Cradily\n|-damage|p1a: Cradily|83\/100 slp\n|-curestatus|p1a: Cradily|slp|[msg]\n|move|p1a: Cradily|Block||[still]\n|-fail|p1a: Cradily\n|\n|-heal|p2a: Captain|78\/100|[from] item: Leftovers\n|-damage|p2a: Captain|65\/100|[from] Leech Seed|[of] p1a: Cradily\n|-heal|p1a: Cradily|97\/100|[silent]\n|-end|p2a: Captain|Infestation|[partiallytrapped]\n|upkeep\n|turn|56\n|\n|t:|1699185415\n|move|p2a: Captain|Foul Play|p1a: Cradily\n|-damage|p1a: Cradily|81\/100\n|move|p1a: Cradily|Infestation|p2a: Captain\n|-resisted|p2a: Captain\n|-damage|p2a: Captain|64\/100\n|-activate|p2a: Captain|move: Infestation|[of] p1a: Cradily\n|\n|-heal|p2a: Captain|70\/100|[from] item: Leftovers\n|-damage|p2a: Captain|58\/100|[from] Leech Seed|[of] p1a: Cradily\n|-heal|p1a: Cradily|94\/100|[silent]\n|-damage|p2a: Captain|41\/100|[from] move: Infestation|[partiallytrapped]\n|upkeep\n|turn|57\n|\n|t:|1699185428\n|switch|p1a: Garganacl|Garganacl, F|100\/100\n|move|p2a: Captain|Foul Play|p1a: Garganacl\n|-damage|p1a: Garganacl|78\/100\n|\n|-heal|p2a: Captain|47\/100|[from] item: Leftovers\n|-damage|p2a: Captain|35\/100|[from] Leech Seed|[of] p1a: Garganacl\n|-heal|p1a: Garganacl|90\/100|[silent]\n|-end|p2a: Captain|Infestation|[partiallytrapped]|[silent]\n|upkeep\n|turn|58\n|c|\u2606Picklethief2|I get it tho!\n|c|\u2606Picklethief2|stall does have a negative connotation\n|c|\u2606yvucfuyigvl|you may escape now\n|c|\u2606yvucfuyigvl|you have my permission\n|c|\u2606Picklethief2|I can understand why I'd want to avoid the term\n|c|\u2606Picklethief2|nahhh I'd rather not\n|c|\u2606yvucfuyigvl|i suggest you do\n|c|\u2606Picklethief2|1. already lost\n|c|\u2606Picklethief2|2. This mons dead ash\n|c|\u2606yvucfuyigvl|or you will regret irt\n|inactive|Picklethief2 has 120 seconds left.\n|\n|t:|1699185460\n|move|p2a: Captain|Foul Play|p1a: Garganacl\n|-damage|p1a: Garganacl|69\/100\n|move|p1a: Garganacl|Iron Defense|p1a: Garganacl\n|-boost|p1a: Garganacl|def|2\n|\n|-heal|p2a: Captain|41\/100|[from] item: Leftovers\n|-damage|p2a: Captain|28\/100|[from] Leech Seed|[of] p1a: Garganacl\n|-heal|p1a: Garganacl|81\/100|[silent]\n|upkeep\n|turn|59\n|c|\u2606yvucfuyigvl|lol\n|c|\u2606Picklethief2|cant regret my moves more than I already have\n|\n|t:|1699185469\n|move|p2a: Captain|Foul Play|p1a: Garganacl\n|-damage|p1a: Garganacl|70\/100\n|move|p1a: Garganacl|Iron Defense|p1a: Garganacl\n|-boost|p1a: Garganacl|def|2\n|\n|-heal|p2a: Captain|35\/100|[from] item: Leftovers\n|-damage|p2a: Captain|22\/100|[from] Leech Seed|[of] p1a: Garganacl\n|-heal|p1a: Garganacl|82\/100|[silent]\n|upkeep\n|turn|60\n|\n|t:|1699185474\n|move|p2a: Captain|Foul Play|p1a: Garganacl\n|-damage|p1a: Garganacl|75\/100\n|move|p1a: Garganacl|Iron Defense|p1a: Garganacl\n|-boost|p1a: Garganacl|def|2\n|\n|-heal|p2a: Captain|28\/100|[from] item: Leftovers\n|-damage|p2a: Captain|16\/100|[from] Leech Seed|[of] p1a: Garganacl\n|-heal|p1a: Garganacl|87\/100|[silent]\n|upkeep\n|turn|61\n|\n|t:|1699185483\n|move|p2a: Captain|Foul Play|p1a: Garganacl\n|-damage|p1a: Garganacl|81\/100\n|move|p1a: Garganacl|Body Press|p2a: Captain\n|-resisted|p2a: Captain\n|-damage|p2a: Captain|0 fnt\n|faint|p2a: Captain\n|\n|upkeep\n|\n|t:|1699185492\n|switch|p2a: Bowie|Milotic, M|100\/100\n|-damage|p2a: Bowie|76\/100|[from] Spikes\n|turn|62\n|\n|t:|1699185495\n|-terastallize|p1a: Garganacl|Ghost\n|move|p2a: Bowie|Haze|p2a: Bowie\n|-clearallboost\n|move|p1a: Garganacl|Body Press|p2a: Bowie\n|-damage|p2a: Bowie|59\/100\n|\n|-status|p2a: Bowie|brn|[from] item: Flame Orb\n|upkeep\n|turn|63\n|\n|t:|1699185502\n|move|p2a: Bowie|Water Pulse|p1a: Garganacl\n|-damage|p1a: Garganacl|69\/100\n|-start|p1a: Garganacl|confusion\n|-enditem|p1a: Garganacl|Maranga Berry|[eat]\n|-boost|p1a: Garganacl|spd|1|[from] item: Maranga Berry\n|-activate|p1a: Garganacl|confusion\n|-damage|p1a: Garganacl|62\/100|[from] confusion\n|\n|-damage|p2a: Bowie|53\/100 brn|[from] brn\n|upkeep\n|turn|64\n|\n|t:|1699185510\n|switch|p2a: Rango|Tyranitar, M|100\/100\n|-damage|p2a: Rango|75\/100|[from] Spikes\n|-weather|Sandstorm|[from] ability: Sand Stream|[of] p2a: Rango\n|-activate|p1a: Garganacl|confusion\n|-damage|p1a: Garganacl|55\/100|[from] confusion\n|\n|-weather|Sandstorm|[upkeep]\n|-damage|p1a: Garganacl|49\/100|[from] Sandstorm\n|upkeep\n|turn|65\n|\n|t:|1699185520\n|switch|p1a: Tyranitar|Tyranitar, M|2\/100\n|move|p2a: Rango|Crunch|p1a: Tyranitar\n|-resisted|p1a: Tyranitar\n|-damage|p1a: Tyranitar|0 fnt\n|faint|p1a: Tyranitar\n|\n|-weather|Sandstorm|[upkeep]\n|upkeep\n|\n|t:|1699185522\n|switch|p1a: Aggron|Aggron-Mega, M|100\/100 slp\n|turn|66\n|\n|t:|1699185525\n|switch|p2a: Bowie|Milotic, M|53\/100 brn\n|-damage|p2a: Bowie|28\/100 brn|[from] Spikes\n|-curestatus|p1a: Aggron|slp|[msg]\n|move|p1a: Aggron|Sleep Talk||[still]\n|-fail|p1a: Aggron\n|\n|-weather|Sandstorm|[upkeep]\n|-damage|p2a: Bowie|22\/100 brn|[from] Sandstorm\n|-damage|p2a: Bowie|16\/100 brn|[from] brn\n|upkeep\n|turn|67\n|\n|t:|1699185534\n|switch|p1a: Cradily|Cradily, M|94\/100\n|move|p2a: Bowie|Recover|p2a: Bowie\n|-heal|p2a: Bowie|66\/100 brn\n|\n|-weather|Sandstorm|[upkeep]\n|-damage|p2a: Bowie|60\/100 brn|[from] Sandstorm\n|-damage|p2a: Bowie|54\/100 brn|[from] brn\n|upkeep\n|turn|68\n|\n|t:|1699185540\n|move|p2a: Bowie|Water Pulse|p1a: Cradily\n|-ability|p1a: Cradily|Storm Drain|boost\n|-boost|p1a: Cradily|spa|1\n|move|p1a: Cradily|Infestation|p2a: Bowie\n|-damage|p2a: Bowie|50\/100 brn\n|-activate|p2a: Bowie|move: Infestation|[of] p1a: Cradily\n|\n|-weather|none\n|-damage|p2a: Bowie|44\/100 brn|[from] brn\n|-damage|p2a: Bowie|27\/100 brn|[from] move: Infestation|[partiallytrapped]\n|upkeep\n|turn|69\n|c|\u2606Picklethief2|oh ya lol\n|\n|t:|1699185546\n|move|p2a: Bowie|Recover|p2a: Bowie\n|-heal|p2a: Bowie|77\/100 brn\n|move|p1a: Cradily|Block|p2a: Bowie\n|-activate|p2a: Bowie|trapped\n|\n|-damage|p2a: Bowie|71\/100 brn|[from] brn\n|-damage|p2a: Bowie|55\/100 brn|[from] move: Infestation|[partiallytrapped]\n|upkeep\n|turn|70\n|c|\u2606yvucfuyigvl|welp time for round 2\n|c|\u2606Picklethief2|yep\n|c|\u2606Picklethief2|except this ones faster\n|c|\u2606Picklethief2|recover has less pp and also burn hurts\n|\n|t:|1699185561\n|move|p2a: Bowie|Toxic|p1a: Cradily\n|-status|p1a: Cradily|tox\n|move|p1a: Cradily|Leech Seed|p2a: Bowie\n|-start|p2a: Bowie|move: Leech Seed\n|\n|-damage|p2a: Bowie|42\/100 brn|[from] Leech Seed|[of] p1a: Cradily\n|-heal|p1a: Cradily|100\/100 tox|[silent]\n|-damage|p1a: Cradily|94\/100 tox|[from] psn\n|-damage|p2a: Bowie|36\/100 brn|[from] brn\n|-damage|p2a: Bowie|20\/100 brn|[from] move: Infestation|[partiallytrapped]\n|upkeep\n|turn|71\n|\n|t:|1699185570\n|move|p2a: Bowie|Recover|p2a: Bowie\n|-heal|p2a: Bowie|70\/100 brn\n|move|p1a: Cradily|Infestation|p2a: Bowie\n|-damage|p2a: Bowie|66\/100 brn\n|\n|-damage|p2a: Bowie|53\/100 brn|[from] Leech Seed|[of] p1a: Cradily\n|-heal|p1a: Cradily|100\/100 tox|[silent]\n|-damage|p1a: Cradily|88\/100 tox|[from] psn\n|-damage|p2a: Bowie|47\/100 brn|[from] brn\n|-damage|p2a: Bowie|31\/100 brn|[from] move: Infestation|[partiallytrapped]\n|upkeep\n|turn|72\n|j| amun-ra666\n|\n|t:|1699185580\n|move|p2a: Bowie|Recover|p2a: Bowie\n|-heal|p2a: Bowie|81\/100 brn\n|move|p1a: Cradily|Block||[still]\n|-fail|p1a: Cradily\n|\n|-damage|p2a: Bowie|68\/100 brn|[from] Leech Seed|[of] p1a: Cradily\n|-heal|p1a: Cradily|100\/100 tox|[silent]\n|-damage|p1a: Cradily|82\/100 tox|[from] psn\n|-damage|p2a: Bowie|62\/100 brn|[from] brn\n|-damage|p2a: Bowie|46\/100 brn|[from] move: Infestation|[partiallytrapped]\n|upkeep\n|turn|73\n|\n|t:|1699185591\n|move|p2a: Bowie|Recover|p2a: Bowie\n|-heal|p2a: Bowie|96\/100 brn\n|move|p1a: Cradily|Leech Seed||[still]\n|-fail|p1a: Cradily\n|\n|-damage|p2a: Bowie|83\/100 brn|[from] Leech Seed|[of] p1a: Cradily\n|-heal|p1a: Cradily|95\/100 tox|[silent]\n|-damage|p1a: Cradily|71\/100 tox|[from] psn\n|-damage|p2a: Bowie|77\/100 brn|[from] brn\n|-end|p2a: Bowie|Infestation|[partiallytrapped]\n|upkeep\n|turn|74\n|\n|t:|1699185600\n|move|p2a: Bowie|Haze|p2a: Bowie\n|-clearallboost\n|move|p1a: Cradily|Infestation|p2a: Bowie\n|-damage|p2a: Bowie|74\/100 brn\n|-activate|p2a: Bowie|move: Infestation|[of] p1a: Cradily\n|\n|-damage|p2a: Bowie|62\/100 brn|[from] Leech Seed|[of] p1a: Cradily\n|-heal|p1a: Cradily|84\/100 tox|[silent]\n|-damage|p1a: Cradily|53\/100 tox|[from] psn\n|-damage|p2a: Bowie|56\/100 brn|[from] brn\n|-damage|p2a: Bowie|39\/100 brn|[from] move: Infestation|[partiallytrapped]\n|upkeep\n|turn|75\n|\n|t:|1699185620\n|move|p2a: Bowie|Recover|p2a: Bowie\n|-heal|p2a: Bowie|89\/100 brn\n|move|p1a: Cradily|Rest|p1a: Cradily\n|-status|p1a: Cradily|slp|[from] move: Rest\n|-heal|p1a: Cradily|100\/100 slp|[silent]\n|\n|-damage|p2a: Bowie|77\/100 brn|[from] Leech Seed|[of] p1a: Cradily\n|-damage|p2a: Bowie|71\/100 brn|[from] brn\n|-damage|p2a: Bowie|54\/100 brn|[from] move: Infestation|[partiallytrapped]\n|upkeep\n|turn|76\n|\n|t:|1699185630\n|move|p2a: Bowie|Recover|p2a: Bowie\n|-heal|p2a: Bowie|100\/100 brn\n|cant|p1a: Cradily|slp\n|\n|-damage|p2a: Bowie|88\/100 brn|[from] Leech Seed|[of] p1a: Cradily\n|-damage|p2a: Bowie|82\/100 brn|[from] brn\n|-damage|p2a: Bowie|65\/100 brn|[from] move: Infestation|[partiallytrapped]\n|upkeep\n|turn|77\n|\n|t:|1699185645\n|move|p2a: Bowie|Toxic||[still]\n|-fail|p2a: Bowie\n|cant|p1a: Cradily|slp\n|\n|-damage|p2a: Bowie|53\/100 brn|[from] Leech Seed|[of] p1a: Cradily\n|-damage|p2a: Bowie|47\/100 brn|[from] brn\n|-damage|p2a: Bowie|30\/100 brn|[from] move: Infestation|[partiallytrapped]\n|upkeep\n|turn|78\n|\n|t:|1699185656\n|move|p2a: Bowie|Recover|p2a: Bowie\n|-heal|p2a: Bowie|80\/100 brn\n|-curestatus|p1a: Cradily|slp|[msg]\n|move|p1a: Cradily|Leech Seed||[still]\n|-fail|p1a: Cradily\n|\n|-damage|p2a: Bowie|68\/100 brn|[from] Leech Seed|[of] p1a: Cradily\n|-damage|p2a: Bowie|62\/100 brn|[from] brn\n|-end|p2a: Bowie|Infestation|[partiallytrapped]\n|upkeep\n|turn|79\n|c|\u2606yvucfuyigvl|this time you will not be allowed to escape\n|\n|t:|1699185666\n|move|p2a: Bowie|Toxic|p1a: Cradily\n|-status|p1a: Cradily|tox\n|move|p1a: Cradily|Infestation|p2a: Bowie\n|-damage|p2a: Bowie|59\/100 brn\n|-activate|p2a: Bowie|move: Infestation|[of] p1a: Cradily\n|\n|-damage|p2a: Bowie|47\/100 brn|[from] Leech Seed|[of] p1a: Cradily\n|-damage|p1a: Cradily|94\/100 tox|[from] psn\n|-damage|p2a: Bowie|41\/100 brn|[from] brn\n|-damage|p2a: Bowie|24\/100 brn|[from] move: Infestation|[partiallytrapped]\n|upkeep\n|turn|80\n|c|\u2606Picklethief2|sounds good\n|\n|t:|1699185676\n|move|p2a: Bowie|Water Pulse|p1a: Cradily\n|-ability|p1a: Cradily|Storm Drain|boost\n|-boost|p1a: Cradily|spa|1\n|move|p1a: Cradily|Block||[still]\n|-fail|p1a: Cradily\n|\n|-damage|p2a: Bowie|12\/100 brn|[from] Leech Seed|[of] p1a: Cradily\n|-heal|p1a: Cradily|100\/100 tox|[silent]\n|-damage|p1a: Cradily|88\/100 tox|[from] psn\n|-damage|p2a: Bowie|6\/100 brn|[from] brn\n|-damage|p2a: Bowie|0 fnt|[from] move: Infestation|[partiallytrapped]\n|faint|p2a: Bowie\n|upkeep\n|\n|t:|1699185679\n|switch|p2a: Rango|Tyranitar, M|75\/100\n|-damage|p2a: Rango|50\/100|[from] Spikes\n|-weather|Sandstorm|[from] ability: Sand Stream|[of] p2a: Rango\n|turn|81\n|\n|t:|1699185682\n|switch|p1a: Aggron|Aggron-Mega, M|100\/100\n|move|p2a: Rango|Crunch|p1a: Aggron\n|-damage|p1a: Aggron|87\/100\n|\n|-weather|Sandstorm|[upkeep]\n|upkeep\n|turn|82\n|\n|t:|1699185685\n|move|p2a: Rango|Crunch|p1a: Aggron\n|-crit|p1a: Aggron\n|-damage|p1a: Aggron|67\/100\n|move|p1a: Aggron|Body Press|p2a: Rango\n|-supereffective|p2a: Rango\n|-damage|p2a: Rango|0 fnt\n|faint|p2a: Rango\n|\n|win|yvucfuyigvl\n|raw|yvucfuyigvl's rating: 1196 &rarr; <strong>1225<\/strong><br \/>(+29 for winning)\n|raw|Picklethief2's rating: 1259 &rarr; <strong>1230<\/strong><br \/>(-29 for losing)\n|c|\u2606yvucfuyigvl|gg\n|c|\u2606Picklethief2|ggs!\n|c|\u2606Picklethief2|wpwp\n","uploadtime":1699185691,"views":6,"p1id":"yvucfuyigvl","p2id":"picklethief2","formatid":"gen9nationaldexubers","rating":1225,"private":0,"password":""}