{"id":"gen9nationaldexubers-2000670622","p1":"Wikit","p2":"biden brane","format":"[Gen 9] National Dex Ubers","log":"|j|\u2606Wikit\n|j|\u2606biden brane\n|t:|1701216918\n|gametype|singles\n|player|p1|Wikit|2|\n|player|p2|biden brane|giovanni|\n|teamsize|p1|6\n|teamsize|p2|6\n|gen|9\n|tier|[Gen 9] National Dex Ubers\n|rule|HP Percentage Mod: HP is shown in percentages\n|rule|Endless Battle Clause: Forcing endless battles is banned\n|rule|OHKO Clause: OHKO moves are banned\n|rule|Evasion Moves Clause: Evasion moves are banned\n|rule|Evasion Items Clause: Evasion items are banned\n|rule|Species Clause: Limit one of each Pok\u00e9mon\n|rule|Sleep Clause Mod: Limit one foe put to sleep\n|rule|Mega Rayquaza Clause: You cannot mega evolve Rayquaza\n|clearpoke\n|poke|p1|Iron Valiant|\n|poke|p1|Tapu Koko|\n|poke|p1|Dracovish|\n|poke|p1|Lopunny, M|\n|poke|p1|Iron Treads|\n|poke|p1|Grimmsnarl, M|\n|poke|p2|Landorus-Therian, M|\n|poke|p2|Diancie|\n|poke|p2|Scizor, M|\n|poke|p2|Slowking-Galar, M|\n|poke|p2|Sandy Shocks|\n|poke|p2|Serperior, M|\n|teampreview\n|inactive|Battle timer is ON: inactive players will automatically lose when time's up. (requested by biden brane)\n|\n|t:|1701216924\n|start\n|switch|p1a: Dracovish|Dracovish|100\/100\n|switch|p2a: Landorus|Landorus-Therian, M|100\/100\n|-ability|p2a: Landorus|Intimidate|boost\n|-unboost|p1a: Dracovish|atk|1\n|turn|1\n|\n|t:|1701216937\n|move|p1a: Dracovish|Fishious Rend|p2a: Landorus\n|-supereffective|p2a: Landorus\n|-damage|p2a: Landorus|6\/100\n|move|p2a: Landorus|Stealth Rock|p1a: Dracovish\n|-sidestart|p1: Wikit|move: Stealth Rock\n|\n|-heal|p2a: Landorus|12\/100|[from] item: Leftovers\n|upkeep\n|turn|2\n|\n|t:|1701216950\n|switch|p2a: Serperior|Serperior, M|100\/100\n|move|p1a: Dracovish|Fishious Rend|p2a: Serperior\n|-resisted|p2a: Serperior\n|-damage|p2a: Serperior|52\/100\n|\n|upkeep\n|turn|3\n|\n|t:|1701216961\n|switch|p1a: Grimmsnarl|Grimmsnarl, M|100\/100\n|move|p2a: Serperior|Leaf Storm|p1a: Grimmsnarl\n|-damage|p1a: Grimmsnarl|68\/100\n|-boost|p2a: Serperior|spa|2\n|\n|upkeep\n|turn|4\n|\n|t:|1701216969\n|switch|p2a: Sandy Shocks|Sandy Shocks|100\/100\n|move|p1a: Grimmsnarl|Thunder Wave|p2a: Sandy Shocks\n|-immune|p2a: Sandy Shocks\n|\n|upkeep\n|turn|5\n|\n|t:|1701216988\n|move|p1a: Grimmsnarl|Parting Shot|p2a: Sandy Shocks\n|-unboost|p2a: Sandy Shocks|atk|1\n|-unboost|p2a: Sandy Shocks|spa|1\n|inactive|Wikit has 270 seconds left.\n|\n|t:|1701217009\n|switch|p1a: Iron Treads|Iron Treads|100\/100|[from] Parting Shot\n|-damage|p1a: Iron Treads|97\/100|[from] Stealth Rock\n|move|p2a: Sandy Shocks|Earth Power|p1a: Iron Treads\n|-supereffective|p1a: Iron Treads\n|-damage|p1a: Iron Treads|22\/100\n|\n|upkeep\n|turn|6\n|\n|t:|1701217017\n|move|p2a: Sandy Shocks|Earth Power|p1a: Iron Treads\n|-supereffective|p1a: Iron Treads\n|-damage|p1a: Iron Treads|0 fnt\n|faint|p1a: Iron Treads\n|-end|p1a: Iron Treads|Quark Drive|[silent]\n|\n|upkeep\n|\n|t:|1701217020\n|switch|p1a: Dracovish|Dracovish|100\/100\n|-damage|p1a: Dracovish|88\/100|[from] Stealth Rock\n|turn|7\n|\n|t:|1701217040\n|-end|p2a: Sandy Shocks|Protosynthesis|[silent]\n|switch|p2a: Landorus|Landorus-Therian, M|12\/100\n|-ability|p2a: Landorus|Intimidate|boost\n|-unboost|p1a: Dracovish|atk|1\n|move|p1a: Dracovish|Fishious Rend|p2a: Landorus\n|-supereffective|p2a: Landorus\n|-damage|p2a: Landorus|0 fnt\n|faint|p2a: Landorus\n|\n|upkeep\n|\n|t:|1701217049\n|switch|p2a: Serperior|Serperior, M|52\/100\n|turn|8\n|\n|t:|1701217053\n|switch|p1a: Grimmsnarl|Grimmsnarl, M|68\/100\n|move|p2a: Serperior|Leaf Storm|p1a: Grimmsnarl\n|-damage|p1a: Grimmsnarl|35\/100\n|-boost|p2a: Serperior|spa|2\n|\n|upkeep\n|turn|9\n|\n|t:|1701217061\n|move|p1a: Grimmsnarl|Thunder Wave|p2a: Serperior\n|-status|p2a: Serperior|par\n|move|p2a: Serperior|Leaf Storm|p1a: Grimmsnarl\n|-damage|p1a: Grimmsnarl|0 fnt\n|-boost|p2a: Serperior|spa|2\n|faint|p1a: Grimmsnarl\n|\n|upkeep\n|\n|t:|1701217087\n|switch|p1a: Lopunny|Lopunny, M|100\/100\n|-damage|p1a: Lopunny|88\/100|[from] Stealth Rock\n|turn|10\n|\n|t:|1701217095\n|detailschange|p1a: Lopunny|Lopunny-Mega, M\n|-mega|p1a: Lopunny|Lopunny|Lopunnite\n|move|p1a: Lopunny|Fake Out|p2a: Serperior\n|-damage|p2a: Serperior|19\/100 par\n|cant|p2a: Serperior|flinch\n|\n|upkeep\n|turn|11\n|\n|t:|1701217113\n|move|p1a: Lopunny|Facade|p2a: Serperior\n|-damage|p2a: Serperior|0 fnt\n|faint|p2a: Serperior\n|\n|upkeep\n|\n|t:|1701217119\n|switch|p2a: Diancie|Diancie|100\/100\n|turn|12\n|\n|t:|1701217130\n|switch|p1a: Dracovish|Dracovish|88\/100\n|-damage|p1a: Dracovish|76\/100|[from] Stealth Rock\n|move|p2a: Diancie|Rock Polish|p2a: Diancie\n|-boost|p2a: Diancie|spe|2\n|\n|upkeep\n|turn|13\n|\n|t:|1701217139\n|detailschange|p2a: Diancie|Diancie-Mega\n|-mega|p2a: Diancie|Diancie|Diancite\n|move|p2a: Diancie|Moonblast|p1a: Dracovish\n|-supereffective|p1a: Dracovish\n|-damage|p1a: Dracovish|0 fnt\n|faint|p1a: Dracovish\n|\n|upkeep\n|\n|t:|1701217145\n|switch|p1a: Tapu Koko|Tapu Koko|100\/100\n|-damage|p1a: Tapu Koko|88\/100|[from] Stealth Rock\n|-fieldstart|move: Electric Terrain|[from] ability: Electric Surge|[of] p1a: Tapu Koko\n|turn|14\n|\n|t:|1701217170\n|move|p2a: Diancie|Earth Power|p1a: Tapu Koko\n|-supereffective|p1a: Tapu Koko\n|-damage|p1a: Tapu Koko|0 fnt\n|faint|p1a: Tapu Koko\n|\n|upkeep\n|\n|t:|1701217176\n|switch|p1a: Iron Valiant|Iron Valiant|100\/100\n|-damage|p1a: Iron Valiant|94\/100|[from] Stealth Rock\n|-activate|p1a: Iron Valiant|ability: Quark Drive\n|-start|p1a: Iron Valiant|quarkdrivespe\n|turn|15\n|\n|t:|1701217195\n|move|p2a: Diancie|Moonblast|p1a: Iron Valiant\n|-supereffective|p1a: Iron Valiant\n|-damage|p1a: Iron Valiant|0 fnt\n|faint|p1a: Iron Valiant\n|-end|p1a: Iron Valiant|Quark Drive|[silent]\n|\n|upkeep\n|\n|t:|1701217198\n|switch|p1a: Lopunny|Lopunny-Mega, M|88\/100\n|-damage|p1a: Lopunny|82\/100|[from] Stealth Rock\n|turn|16\n|\n|t:|1701217203\n|move|p1a: Lopunny|Fake Out|p2a: Diancie\n|-resisted|p2a: Diancie\n|-damage|p2a: Diancie|84\/100\n|cant|p2a: Diancie|flinch\n|\n|upkeep\n|turn|17\n|\n|t:|1701217211\n|move|p1a: Lopunny|Quick Attack|p2a: Diancie\n|-resisted|p2a: Diancie\n|-damage|p2a: Diancie|69\/100\n|move|p2a: Diancie|Moonblast|p1a: Lopunny\n|-supereffective|p1a: Lopunny\n|-damage|p1a: Lopunny|0 fnt\n|faint|p1a: Lopunny\n|\n|win|biden brane\n|l|\u2606biden brane\n","uploadtime":1701217283,"views":1,"p1id":"wikit","p2id":"bidenbrane","formatid":"gen9nationaldexubers","rating":0,"private":0,"password":""}