{"id":"gen9nationaldexubers-1988605162","p1":"Mrchistoso","p2":"Welcometoearth420","format":"[Gen 9] National Dex Ubers","log":"|j|\u2606Mrchistoso\n|j|\u2606Welcometoearth420\n|t:|1699741110\n|gametype|singles\n|player|p1|Mrchistoso|hugh|1380\n|player|p2|Welcometoearth420|169|1502\n|teamsize|p1|6\n|teamsize|p2|6\n|gen|9\n|tier|[Gen 9] National Dex Ubers\n|rated|\n|rule|HP Percentage Mod: HP is shown in percentages\n|rule|Endless Battle Clause: Forcing endless battles is banned\n|rule|OHKO Clause: OHKO moves are banned\n|rule|Evasion Moves Clause: Evasion moves are banned\n|rule|Evasion Items Clause: Evasion items are banned\n|rule|Species Clause: Limit one of each Pok\u00e9mon\n|rule|Sleep Clause Mod: Limit one foe put to sleep\n|rule|Mega Rayquaza Clause: You cannot mega evolve Rayquaza\n|clearpoke\n|poke|p1|Tapu Koko|\n|poke|p1|Landorus-Therian, M|\n|poke|p1|Greninja-*, M|\n|poke|p1|Manectric, M|\n|poke|p1|Magnezone|\n|poke|p1|Magearna|\n|poke|p2|Groudon|\n|poke|p2|Aegislash, F|\n|poke|p2|Eternatus|\n|poke|p2|Deoxys-Attack|\n|poke|p2|Arceus|\n|poke|p2|Ho-Oh|\n|teampreview\n|inactive|Battle timer is ON: inactive players will automatically lose when time's up. (requested by Mrchistoso)\n|\n|t:|1699741131\n|start\n|switch|p1a: Landorus|Landorus-Therian, M|100\/100\n|switch|p2a: Deoxys|Deoxys-Attack|100\/100\n|-ability|p1a: Landorus|Intimidate|boost\n|-unboost|p2a: Deoxys|atk|1\n|-ability|p2a: Deoxys|Pressure\n|turn|1\n|\n|t:|1699741140\n|move|p1a: Landorus|Earthquake|p2a: Deoxys\n|-crit|p2a: Deoxys\n|-damage|p2a: Deoxys|0 fnt\n|faint|p2a: Deoxys\n|\n|upkeep\n|inactive|Welcometoearth420 has 120 seconds left.\n|\n|t:|1699741171\n|switch|p2a: Arceus|Arceus|100\/100\n|turn|2\n|\n|t:|1699741186\n|switch|p1a: Manectric|Manectric, M|100\/100\n|move|p2a: Arceus|Swords Dance|p2a: Arceus\n|-boost|p2a: Arceus|atk|2\n|\n|upkeep\n|turn|3\n|\n|t:|1699741196\n|detailschange|p1a: Manectric|Manectric-Mega, M\n|-mega|p1a: Manectric|Manectric|Manectite\n|-ability|p1a: Manectric|Intimidate|boost\n|-unboost|p2a: Arceus|atk|1\n|-terastallize|p2a: Arceus|Normal\n|move|p2a: Arceus|Extreme Speed|p1a: Manectric\n|-damage|p1a: Manectric|0 fnt\n|faint|p1a: Manectric\n|\n|upkeep\n|\n|t:|1699741205\n|switch|p1a: Magearna|Magearna|100\/100\n|turn|4\n|\n|t:|1699741212\n|move|p2a: Arceus|Taunt|p1a: Magearna\n|-start|p1a: Magearna|move: Taunt\n|move|p1a: Magearna|Flash Cannon|p2a: Arceus\n|-damage|p2a: Arceus|78\/100\n|\n|upkeep\n|turn|5\n|\n|t:|1699741220\n|move|p2a: Arceus|Swords Dance|p2a: Arceus\n|-boost|p2a: Arceus|atk|2\n|move|p1a: Magearna|Flash Cannon|p2a: Arceus\n|-damage|p2a: Arceus|54\/100\n|\n|upkeep\n|turn|6\n|\n|t:|1699741232\n|move|p2a: Arceus|Extreme Speed|p1a: Magearna\n|-resisted|p1a: Magearna\n|-damage|p1a: Magearna|20\/100\n|move|p1a: Magearna|Flash Cannon|p2a: Arceus\n|-damage|p2a: Arceus|30\/100\n|-unboost|p2a: Arceus|spd|1\n|\n|-end|p1a: Magearna|move: Taunt\n|upkeep\n|turn|7\n|\n|t:|1699741240\n|move|p2a: Arceus|Extreme Speed|p1a: Magearna\n|-resisted|p1a: Magearna\n|-damage|p1a: Magearna|0 fnt\n|faint|p1a: Magearna\n|\n|upkeep\n|\n|t:|1699741246\n|switch|p1a: Magnezone|Magnezone|100\/100\n|turn|8\n|\n|t:|1699741253\n|move|p2a: Arceus|Extreme Speed|p1a: Magnezone\n|-resisted|p1a: Magnezone\n|-damage|p1a: Magnezone|11\/100\n|move|p1a: Magnezone|Thunderbolt|p2a: Arceus\n|-damage|p2a: Arceus|0 fnt\n|faint|p2a: Arceus\n|\n|upkeep\n|\n|t:|1699741260\n|switch|p2a: Aegislash|Aegislash, F|100\/100\n|turn|9\n|\n|t:|1699741265\n|move|p1a: Magnezone|Hidden Power|p2a: Aegislash\n|-supereffective|p2a: Aegislash\n|-damage|p2a: Aegislash|73\/100\n|move|p2a: Aegislash|Swords Dance|p2a: Aegislash\n|-boost|p2a: Aegislash|atk|2\n|\n|-heal|p2a: Aegislash|79\/100|[from] item: Leftovers\n|upkeep\n|turn|10\n|\n|t:|1699741272\n|move|p2a: Aegislash|King's Shield|p2a: Aegislash\n|-singleturn|p2a: Aegislash|Protect\n|move|p1a: Magnezone|Volt Switch|p2a: Aegislash\n|-activate|p2a: Aegislash|move: Protect\n|\n|-heal|p2a: Aegislash|85\/100|[from] item: Leftovers\n|upkeep\n|turn|11\n|\n|t:|1699741279\n|move|p1a: Magnezone|Volt Switch|p2a: Aegislash\n|-damage|p2a: Aegislash|57\/100\n|\n|t:|1699741286\n|switch|p1a: Tapu Koko|Tapu Koko|100\/100|[from] Volt Switch\n|-fieldstart|move: Electric Terrain|[from] ability: Electric Surge|[of] p1a: Tapu Koko\n|move|p2a: Aegislash|Swords Dance|p2a: Aegislash\n|-boost|p2a: Aegislash|atk|2\n|\n|-heal|p2a: Aegislash|63\/100|[from] item: Leftovers\n|upkeep\n|turn|12\n|\n|t:|1699741297\n|move|p2a: Aegislash|King's Shield|p2a: Aegislash\n|-singleturn|p2a: Aegislash|Protect\n|move|p1a: Tapu Koko|Thunderbolt|p2a: Aegislash\n|-activate|p2a: Aegislash|move: Protect\n|\n|-heal|p2a: Aegislash|70\/100|[from] item: Leftovers\n|upkeep\n|turn|13\n|\n|t:|1699741303\n|move|p1a: Tapu Koko|Thunderbolt|p2a: Aegislash\n|-damage|p2a: Aegislash|34\/100\n|move|p2a: Aegislash|Swords Dance|p2a: Aegislash\n|-boost|p2a: Aegislash|atk|2\n|\n|-heal|p2a: Aegislash|40\/100|[from] item: Leftovers\n|upkeep\n|turn|14\n|\n|t:|1699741309\n|move|p2a: Aegislash|King's Shield|p2a: Aegislash\n|-singleturn|p2a: Aegislash|Protect\n|move|p1a: Tapu Koko|Thunderbolt|p2a: Aegislash\n|-activate|p2a: Aegislash|move: Protect\n|\n|-heal|p2a: Aegislash|46\/100|[from] item: Leftovers\n|upkeep\n|turn|15\n|\n|t:|1699741317\n|move|p1a: Tapu Koko|Thunderbolt|p2a: Aegislash\n|-damage|p2a: Aegislash|8\/100\n|-formechange|p2a: Aegislash|Aegislash-Blade||[from] ability: Stance Change\n|move|p2a: Aegislash|Iron Head|p1a: Tapu Koko\n|-damage|p1a: Tapu Koko|0 fnt\n|faint|p1a: Tapu Koko\n|\n|-heal|p2a: Aegislash|14\/100|[from] item: Leftovers\n|-fieldend|move: Electric Terrain\n|upkeep\n|\n|t:|1699741326\n|switch|p1a: Magnezone|Magnezone|11\/100\n|turn|16\n|\n|t:|1699741330\n|-formechange|p2a: Aegislash|Aegislash||[from] ability: Stance Change\n|move|p2a: Aegislash|King's Shield|p2a: Aegislash\n|-singleturn|p2a: Aegislash|Protect\n|move|p1a: Magnezone|Volt Switch|p2a: Aegislash\n|-activate|p2a: Aegislash|move: Protect\n|\n|-heal|p2a: Aegislash|21\/100|[from] item: Leftovers\n|upkeep\n|turn|17\n|\n|t:|1699741338\n|-formechange|p2a: Aegislash|Aegislash-Blade||[from] ability: Stance Change\n|move|p2a: Aegislash|Shadow Sneak|p1a: Magnezone\n|-damage|p1a: Magnezone|0 fnt\n|faint|p1a: Magnezone\n|\n|-heal|p2a: Aegislash|27\/100|[from] item: Leftovers\n|upkeep\n|\n|t:|1699741345\n|switch|p1a: Greninja|Greninja, M|100\/100\n|turn|18\n|\n|t:|1699741348\n|move|p2a: Aegislash|Shadow Sneak|p1a: Greninja\n|-resisted|p1a: Greninja\n|-crit|p1a: Greninja\n|-damage|p1a: Greninja|10\/100\n|move|p1a: Greninja|Dark Pulse|p2a: Aegislash\n|-supereffective|p2a: Aegislash\n|-damage|p2a: Aegislash|0 fnt\n|faint|p2a: Aegislash\n|-ability|p1a: Greninja|Battle Bond|boost\n|-boost|p1a: Greninja|atk|1\n|-boost|p1a: Greninja|spa|1\n|-boost|p1a: Greninja|spe|1\n|-activate|p1a: Greninja|ability: Battle Bond\n|\n|upkeep\n|\n|t:|1699741357\n|switch|p2a: Eternatus|Eternatus|100\/100\n|-ability|p2a: Eternatus|Pressure\n|turn|19\n|\n|t:|1699741361\n|move|p1a: Greninja|Dark Pulse|p2a: Eternatus\n|-damage|p2a: Eternatus|39\/100\n|move|p2a: Eternatus|Dynamax Cannon|p1a: Greninja\n|-damage|p1a: Greninja|0 fnt\n|faint|p1a: Greninja\n|\n|-heal|p2a: Eternatus|45\/100|[from] item: Leftovers\n|upkeep\n|\n|t:|1699741368\n|switch|p1a: Landorus|Landorus-Therian, M|100\/100\n|-ability|p1a: Landorus|Intimidate|boost\n|-unboost|p2a: Eternatus|atk|1\n|turn|20\n|\n|t:|1699741374\n|move|p1a: Landorus|Explosion|p2a: Eternatus\n|-damage|p2a: Eternatus|0 fnt\n|faint|p1a: Landorus\n|faint|p2a: Eternatus\n|\n|win|Welcometoearth420\n|raw|Mrchistoso's rating: 1380 &rarr; <strong>1367<\/strong><br \/>(-13 for losing)\n|raw|Welcometoearth420's rating: 1502 &rarr; <strong>1515<\/strong><br \/>(+13 for winning)\n|l|\u2606Mrchistoso\n","uploadtime":1699741377,"views":5,"p1id":"mrchistoso","p2id":"welcometoearth420","formatid":"gen9nationaldexubers","rating":1367,"private":0,"password":""}