{"id":"gen9nationaldexubers-1980193537","p1":"Big round man","p2":"777Clearnu","format":"[Gen 9] National Dex Ubers","log":"|j|\u2606Big round man\n|j|\u2606777Clearnu\n|t:|1698765255\n|gametype|singles\n|player|p1|Big round man|crasherwake|1563\n|player|p2|777Clearnu|skier|1637\n|teamsize|p1|6\n|teamsize|p2|6\n|gen|9\n|tier|[Gen 9] National Dex Ubers\n|rated|\n|rule|HP Percentage Mod: HP is shown in percentages\n|rule|Endless Battle Clause: Forcing endless battles is banned\n|rule|OHKO Clause: OHKO moves are banned\n|rule|Evasion Moves Clause: Evasion moves are banned\n|rule|Evasion Items Clause: Evasion items are banned\n|rule|Species Clause: Limit one of each Pok\u00e9mon\n|rule|Sleep Clause Mod: Limit one foe put to sleep\n|rule|Mega Rayquaza Clause: You cannot mega evolve Rayquaza\n|clearpoke\n|poke|p1|Zygarde|\n|poke|p1|Victini|\n|poke|p1|Yveltal|\n|poke|p1|Marshadow|\n|poke|p1|Forretress, F|\n|poke|p1|Wobbuffet, M|\n|poke|p2|Shuckle, M|\n|poke|p2|Groudon|\n|poke|p2|Kyogre|\n|poke|p2|Arceus|\n|poke|p2|Mewtwo|\n|poke|p2|Lunala|\n|teampreview\n|inactive|Battle timer is ON: inactive players will automatically lose when time's up. (requested by 777Clearnu)\n|c|\u2606Big round man|Glhf\n|c|\u2606777Clearnu|glhf\n|\n|t:|1698765276\n|start\n|switch|p1a: Vector|Victini|100\/100\n|switch|p2a: boris|Shuckle, M|100\/100\n|turn|1\n|\n|t:|1698765282\n|move|p1a: Vector|Trick|p2a: boris\n|-activate|p1a: Vector|move: Trick|[of] p2a: boris\n|-item|p2a: boris|Choice Scarf|[from] move: Trick\n|-item|p1a: Vector|Mental Herb|[from] move: Trick\n|move|p2a: boris|Encore|p1a: Vector\n|-start|p1a: Vector|Encore\n|-enditem|p1a: Vector|Mental Herb\n|-end|p1a: Vector|Encore\n|\n|upkeep\n|turn|2\n|\n|t:|1698765299\n|move|p1a: Vector|U-turn|p2a: boris\n|-crit|p2a: boris\n|-damage|p2a: boris|85\/100\n|j| usamo 2021\n|\n|t:|1698765312\n|switch|p1a: Hamburger|Wobbuffet, M|100\/100|[from] U-turn\n|move|p2a: boris|Encore||[still]\n|-fail|p2a: boris\n|\n|upkeep\n|turn|3\n|\n|t:|1698765318\n|move|p2a: boris|Encore||[still]\n|-fail|p2a: boris\n|move|p1a: Hamburger|Counter||[still]\n|-fail|p1a: Hamburger\n|\n|upkeep\n|turn|4\n|\n|t:|1698765322\n|move|p2a: boris|Encore|p1a: Hamburger\n|-start|p1a: Hamburger|Encore\n|move|p1a: Hamburger|Counter||[still]\n|-fail|p1a: Hamburger\n|\n|upkeep\n|turn|5\n|c|\u2606777Clearnu|please\n|c|\u2606777Clearnu|neither of us deserve this\n|\n|t:|1698765332\n|move|p2a: boris|Encore||[still]\n|-fail|p2a: boris\n|move|p1a: Hamburger|Counter||[still]\n|-fail|p1a: Hamburger\n|\n|upkeep\n|turn|6\n|\n|t:|1698765333\n|move|p2a: boris|Encore||[still]\n|-fail|p2a: boris\n|move|p1a: Hamburger|Counter||[still]\n|-fail|p1a: Hamburger\n|\n|-end|p1a: Hamburger|Encore\n|upkeep\n|turn|7\n|\n|t:|1698765337\n|move|p2a: boris|Encore|p1a: Hamburger\n|-start|p1a: Hamburger|Encore\n|move|p1a: Hamburger|Counter||[still]\n|-fail|p1a: Hamburger\n|\n|upkeep\n|turn|8\n|\n|t:|1698765339\n|move|p2a: boris|Encore||[still]\n|-fail|p2a: boris\n|move|p1a: Hamburger|Counter||[still]\n|-fail|p1a: Hamburger\n|\n|upkeep\n|turn|9\n|\n|t:|1698765341\n|-activate|p2a: boris|move: Struggle\n|move|p2a: boris|Struggle|p1a: Hamburger\n|-damage|p1a: Hamburger|99\/100\n|-damage|p2a: boris|60\/100|[from] recoil\n|move|p1a: Hamburger|Counter|p2a: boris\n|-damage|p2a: boris|55\/100\n|\n|-end|p1a: Hamburger|Encore\n|upkeep\n|turn|10\n|\n|t:|1698765344\n|-activate|p2a: boris|move: Struggle\n|move|p2a: boris|Struggle|p1a: Hamburger\n|-damage|p1a: Hamburger|98\/100\n|-damage|p2a: boris|30\/100|[from] recoil\n|move|p1a: Hamburger|Counter|p2a: boris\n|-damage|p2a: boris|25\/100\n|\n|upkeep\n|turn|11\n|\n|t:|1698765350\n|-activate|p2a: boris|move: Struggle\n|move|p2a: boris|Struggle|p1a: Hamburger\n|-damage|p1a: Hamburger|98\/100\n|-damage|p2a: boris|0 fnt|[from] recoil\n|faint|p2a: boris\n|move|p1a: Hamburger|Mirror Coat|p2: boris|[notarget]\n|-fail|p1a: Hamburger\n|\n|upkeep\n|c| usamo 2021|lol\n|inactive|777Clearnu has 120 seconds left.\n|c|\u2606Big round man|I could have set up on you\n|\n|t:|1698765384\n|switch|p2a: button|Kyogre|100\/100\n|detailschange|p2a: button|Kyogre-Primal\n|-primal|p2a: button|Blue Orb\n|-weather|PrimordialSea|[from] ability: Primordial Sea|[of] p2a: button\n|turn|12\n|c|\u2606Big round man|But hamburger\n|\n|t:|1698765395\n|move|p2a: button|Water Spout|p1a: Hamburger\n|-damage|p1a: Hamburger|0 fnt\n|faint|p1a: Hamburger\n|\n|-weather|PrimordialSea|[upkeep]\n|upkeep\n|\n|t:|1698765400\n|switch|p1a: Raw Bacon|Yveltal, shiny|100\/100\n|-ability|p1a: Raw Bacon|Dark Aura\n|turn|13\n|\n|t:|1698765407\n|-terastallize|p1a: Raw Bacon|Dark\n|move|p1a: Raw Bacon|Sucker Punch|p2a: button\n|-damage|p2a: button|27\/100\n|move|p2a: button|Origin Pulse|p1a: Raw Bacon\n|-damage|p1a: Raw Bacon|2\/100\n|\n|-weather|PrimordialSea|[upkeep]\n|upkeep\n|turn|14\n|\n|t:|1698765416\n|-weather|none\n|switch|p2a: BKC|Arceus|100\/100\n|move|p1a: Raw Bacon|Sucker Punch||[still]\n|-fail|p1a: Raw Bacon\n|\n|upkeep\n|turn|15\n|\n|t:|1698765426\n|switch|p1a: GS|Forretress, F, shiny|100\/100\n|move|p2a: BKC|Swords Dance|p2a: BKC\n|-boost|p2a: BKC|atk|2\n|\n|upkeep\n|turn|16\n|\n|t:|1698765432\n|move|p2a: BKC|Shadow Force||[still]\n|-prepare|p2a: BKC|Shadow Force\n|move|p1a: GS|Gyro Ball|p2a: BKC|[miss]\n|-miss|p1a: GS|p2a: BKC\n|\n|upkeep\n|turn|17\n|\n|t:|1698765436\n|move|p2a: BKC|Shadow Force|p1a: GS|[from]lockedmove\n|-damage|p1a: GS|16\/100\n|-damage|p2a: BKC|91\/100|[from] item: Life Orb\n|move|p1a: GS|Pain Split|p2a: BKC\n|-sethp|p2a: BKC|51\/100|[from] move: Pain Split|[silent]\n|-sethp|p1a: GS|76\/100|[from] move: Pain Split\n|\n|-heal|p1a: GS|82\/100|[from] item: Leftovers\n|upkeep\n|turn|18\n|c| usamo 2021|I often forget just how stupid strong kyogre is\n|\n|t:|1698765447\n|move|p2a: BKC|Swords Dance|p2a: BKC\n|-boost|p2a: BKC|atk|2\n|move|p1a: GS|Stealth Rock|p2a: BKC\n|-sidestart|p2: 777Clearnu|move: Stealth Rock\n|\n|-heal|p1a: GS|88\/100|[from] item: Leftovers\n|upkeep\n|turn|19\n|\n|t:|1698765458\n|switch|p1a: Stay Puft|Marshadow|100\/100\n|move|p2a: BKC|Shadow Force||[still]\n|-prepare|p2a: BKC|Shadow Force\n|\n|upkeep\n|turn|20\n|\n|t:|1698765466\n|move|p1a: Stay Puft|Hidden Power|p2a: BKC|[miss]\n|-miss|p1a: Stay Puft|p2a: BKC\n|move|p2a: BKC|Shadow Force|p1a: Stay Puft|[from]lockedmove\n|-supereffective|p1a: Stay Puft\n|-enditem|p1a: Stay Puft|Focus Sash\n|-damage|p1a: Stay Puft|1\/100\n|-damage|p2a: BKC|41\/100|[from] item: Life Orb\n|\n|upkeep\n|turn|21\n|c| usamo 2021|tera-ghost?\n|\n|t:|1698765477\n|move|p1a: Stay Puft|Reversal|p2a: BKC\n|-supereffective|p2a: BKC\n|-damage|p2a: BKC|0 fnt\n|faint|p2a: BKC\n|\n|upkeep\n|c| usamo 2021|nvm\n|c|\u2606777Clearnu|wtf is hidden power for\n|inactive|777Clearnu has 120 seconds left.\n|\n|t:|1698765502\n|switch|p2a: Car Seat Headrest|Lunala|100\/100\n|-damage|p2a: Car Seat Headrest|88\/100|[from] Stealth Rock\n|turn|22\n|c|\u2606Big round man|Funsies\n|c|\u2606Big round man|It's poison\n|\n|t:|1698765520\n|-terastallize|p2a: Car Seat Headrest|Fairy\n|move|p1a: Stay Puft|Spectral Thief|p2a: Car Seat Headrest\n|-damage|p2a: Car Seat Headrest|48\/100\n|move|p2a: Car Seat Headrest|Agility|p2a: Car Seat Headrest\n|-boost|p2a: Car Seat Headrest|spe|2\n|\n|upkeep\n|turn|23\n|\n|t:|1698765533\n|move|p1a: Stay Puft|Shadow Sneak|p2a: Car Seat Headrest\n|-damage|p2a: Car Seat Headrest|21\/100\n|move|p2a: Car Seat Headrest|Moongeist Beam|p1a: Stay Puft\n|-supereffective|p1a: Stay Puft\n|-damage|p1a: Stay Puft|0 fnt\n|faint|p1a: Stay Puft\n|\n|upkeep\n|\n|t:|1698765536\n|switch|p1a: GS|Forretress, F, shiny|88\/100\n|turn|24\n|\n|t:|1698765541\n|move|p2a: Car Seat Headrest|Meteor Beam||[still]\n|-prepare|p2a: Car Seat Headrest|Meteor Beam\n|-boost|p2a: Car Seat Headrest|spa|1\n|-enditem|p2a: Car Seat Headrest|Power Herb\n|-anim|p2a: Car Seat Headrest|Meteor Beam|p1a: GS\n|-damage|p1a: GS|0 fnt\n|faint|p1a: GS\n|\n|upkeep\n|c| usamo 2021|technician hp poison for xern I believe\n|\n|t:|1698765546\n|switch|p1a: Raw Bacon|Yveltal, shiny, tera:Dark|2\/100\n|-ability|p1a: Raw Bacon|Dark Aura\n|turn|25\n|c|\u2606777Clearnu|you learn poison jab which is 10bp less but can actually damage things\n|inactive|777Clearnu has 120 seconds left.\n|\n|t:|1698765582\n|move|p1a: Raw Bacon|Sucker Punch|p2a: Car Seat Headrest\n|-resisted|p2a: Car Seat Headrest\n|-damage|p2a: Car Seat Headrest|0 fnt\n|faint|p2a: Car Seat Headrest\n|\n|upkeep\n|\n|t:|1698765588\n|switch|p2a: dance^2|Groudon|100\/100\n|-damage|p2a: dance^2|94\/100|[from] Stealth Rock\n|detailschange|p2a: dance^2|Groudon-Primal\n|-primal|p2a: dance^2|Red Orb\n|-weather|DesolateLand|[from] ability: Desolate Land|[of] p2a: dance^2\n|turn|26\n|inactive|777Clearnu has 120 seconds left.\n|c|\u2606Big round man|But if i steal geomancy boosts it seems cooler\n|c|\u2606777Clearnu|off of its higher attack and also touch xern after geomancy\n|\n|t:|1698765609\n|switch|p1a: Lord Drakkon|Zygarde, shiny|100\/100\n|move|p2a: dance^2|Eruption|p1a: Lord Drakkon\n|-resisted|p1a: Lord Drakkon\n|-crit|p1a: Lord Drakkon\n|-damage|p1a: Lord Drakkon|32\/100\n|\n|-weather|DesolateLand|[upkeep]\n|-activate|p1a: Lord Drakkon|ability: Power Construct\n|detailschange|p1a: Lord Drakkon|Zygarde-Complete, shiny\n|-heal|p1a: Lord Drakkon|55\/100|[silent]\n|upkeep\n|turn|27\n|c| usamo 2021|ouvh crit\n|\n|t:|1698765621\n|move|p2a: dance^2|Hidden Power|p1a: Lord Drakkon\n|-supereffective|p1a: Lord Drakkon\n|-damage|p1a: Lord Drakkon|7\/100\n|move|p1a: Lord Drakkon|Dragon Dance|p1a: Lord Drakkon\n|-boost|p1a: Lord Drakkon|atk|1\n|-boost|p1a: Lord Drakkon|spe|1\n|\n|-weather|DesolateLand|[upkeep]\n|upkeep\n|turn|28\n|\n|t:|1698765630\n|move|p1a: Lord Drakkon|Rest|p1a: Lord Drakkon\n|-status|p1a: Lord Drakkon|slp|[from] move: Rest\n|-heal|p1a: Lord Drakkon|100\/100 slp|[silent]\n|-enditem|p1a: Lord Drakkon|Chesto Berry|[eat]\n|-curestatus|p1a: Lord Drakkon|slp|[msg]\n|move|p2a: dance^2|Hidden Power|p1a: Lord Drakkon\n|-supereffective|p1a: Lord Drakkon\n|-damage|p1a: Lord Drakkon|50\/100\n|\n|-weather|DesolateLand|[upkeep]\n|upkeep\n|turn|29\n|c| usamo 2021|rest chesto?\n|\n|t:|1698765636\n|move|p1a: Lord Drakkon|Earthquake|p2a: dance^2\n|-supereffective|p2a: dance^2\n|-damage|p2a: dance^2|5\/100\n|move|p2a: dance^2|Hidden Power|p1a: Lord Drakkon\n|-supereffective|p1a: Lord Drakkon\n|-damage|p1a: Lord Drakkon|0 fnt\n|faint|p1a: Lord Drakkon\n|\n|-weather|DesolateLand|[upkeep]\n|upkeep\n|\n|t:|1698765642\n|switch|p1a: Vector|Victini|100\/100\n|turn|30\n|c| usamo 2021|yeah i thought so\n|c|\u2606777Clearnu|that crit lost me the game\n|c|\u2606777Clearnu|I didn't want that whatsoever\n|inactive|777Clearnu has 120 seconds left.\n|\n|t:|1698765684\n|move|p1a: Vector|U-turn|p2a: dance^2\n|-resisted|p2a: dance^2\n|-damage|p2a: dance^2|0 fnt\n|faint|p2a: dance^2\n|-weather|none\n|\n|t:|1698765689\n|switch|p1a: Raw Bacon|Yveltal, shiny, tera:Dark|2\/100|[from] U-turn\n|-ability|p1a: Raw Bacon|Dark Aura\n|\n|upkeep\n|\n|t:|1698765694\n|switch|p2a: 194 base attack|Mewtwo|100\/100\n|-ability|p2a: 194 base attack|Unnerve\n|-damage|p2a: 194 base attack|88\/100|[from] Stealth Rock\n|turn|31\n|\n|t:|1698765698\n|move|p2a: 194 base attack|Ice Beam|p1a: Raw Bacon\n|-damage|p1a: Raw Bacon|0 fnt\n|faint|p1a: Raw Bacon\n|\n|upkeep\n|\n|t:|1698765700\n|switch|p1a: Vector|Victini|100\/100\n|turn|32\n|\n|t:|1698765706\n|detailschange|p2a: 194 base attack|Mewtwo-Mega-Y\n|-mega|p2a: 194 base attack|Mewtwo|Mewtwonite Y\n|move|p2a: 194 base attack|Psystrike|p1a: Vector\n|-resisted|p1a: Vector\n|-damage|p1a: Vector|68\/100\n|move|p1a: Vector|V-create|p2a: 194 base attack\n|-damage|p2a: 194 base attack|8\/100\n|-unboost|p1a: Vector|spe|1\n|-unboost|p1a: Vector|def|1\n|-unboost|p1a: Vector|spd|1\n|\n|upkeep\n|turn|33\n|\n|t:|1698765713\n|move|p2a: 194 base attack|Psystrike|p1a: Vector\n|-resisted|p1a: Vector\n|-damage|p1a: Vector|17\/100\n|move|p1a: Vector|U-turn|p2a: 194 base attack\n|-supereffective|p2a: 194 base attack\n|-damage|p2a: 194 base attack|0 fnt\n|faint|p2a: 194 base attack\n|\n|upkeep\n|\n|t:|1698765717\n|switch|p2a: button|Kyogre-Primal|27\/100\n|-damage|p2a: button|14\/100|[from] Stealth Rock\n|-weather|PrimordialSea|[from] ability: Primordial Sea|[of] p2a: button\n|turn|34\n|\n|t:|1698765723\n|move|p2a: button|Thunder|p1a: Vector\n|-damage|p1a: Vector|0 fnt\n|faint|p1a: Vector\n|\n|win|777Clearnu\n|raw|Big round man's rating: 1563 &rarr; <strong>1547<\/strong><br \/>(-16 for losing)\n|raw|777Clearnu's rating: 1637 &rarr; <strong>1653<\/strong><br \/>(+16 for winning)\n|c|\u2606777Clearnu|oh\n|c|\u2606Big round man|Gg\n|l|\u2606Big round man\n|c|\u2606777Clearnu|you threw by not going for sucker punch\n","uploadtime":1698765741,"views":11,"p1id":"bigroundman","p2id":"777clearnu","formatid":"gen9nationaldexubers","rating":1547,"private":0,"password":""}