{"id":"gen9nationaldexubers-1993032280","p1":"Fab23","p2":"TeamplasmaNKING","format":"[Gen 9] National Dex Ubers","log":"|j|\u2606Fab23\n|j|\u2606TeamplasmaNKING\n|t:|1700257370\n|gametype|singles\n|player|p1|Fab23|jasmine|1135\n|player|p2|TeamplasmaNKING|n-masters3|1165\n|teamsize|p1|6\n|teamsize|p2|6\n|gen|9\n|tier|[Gen 9] National Dex Ubers\n|rated|\n|rule|HP Percentage Mod: HP is shown in percentages\n|rule|Endless Battle Clause: Forcing endless battles is banned\n|rule|OHKO Clause: OHKO moves are banned\n|rule|Evasion Moves Clause: Evasion moves are banned\n|rule|Evasion Items Clause: Evasion items are banned\n|rule|Species Clause: Limit one of each Pok\u00e9mon\n|rule|Sleep Clause Mod: Limit one foe put to sleep\n|rule|Mega Rayquaza Clause: You cannot mega evolve Rayquaza\n|clearpoke\n|poke|p1|Dracovish|\n|poke|p1|Dracozolt|\n|poke|p1|Tyranitar, M|\n|poke|p1|Hippowdon, M|\n|poke|p1|Silvally-*|\n|poke|p1|Landorus, M|\n|poke|p2|Zekrom|\n|poke|p2|Corviknight, M|\n|poke|p2|Snorlax, M|\n|poke|p2|Kingambit, M|\n|poke|p2|Grimmsnarl, M|\n|poke|p2|Kyurem-Black|\n|teampreview\n|inactive|Battle timer is ON: inactive players will automatically lose when time's up. (requested by TeamplasmaNKING)\n|\n|t:|1700257390\n|start\n|switch|p1a: Hippowdon|Hippowdon, M|100\/100\n|switch|p2a: Kyurem|Kyurem-Black|100\/100\n|-ability|p2a: Kyurem|Teravolt\n|-weather|Sandstorm|[from] ability: Sand Stream|[of] p1a: Hippowdon\n|turn|1\n|inactive|Fab23 has 120 seconds left.\n|\n|t:|1700257430\n|switch|p1a: Dracovish|Dracovish|100\/100\n|move|p2a: Kyurem|Dragon Dance|p2a: Kyurem\n|-boost|p2a: Kyurem|atk|1\n|-boost|p2a: Kyurem|spe|1\n|\n|-weather|Sandstorm|[upkeep]\n|-damage|p2a: Kyurem|94\/100|[from] Sandstorm\n|upkeep\n|turn|2\n|inactive|Fab23 has 120 seconds left.\n|\n|t:|1700257441\n|-terastallize|p2a: Kyurem|Fairy\n|move|p1a: Dracovish|Fishious Rend|p2a: Kyurem\n|-damage|p2a: Kyurem|3\/100\n|move|p2a: Kyurem|Fusion Bolt|p1a: Dracovish\n|-damage|p1a: Dracovish|24\/100\n|\n|-weather|Sandstorm|[upkeep]\n|-damage|p2a: Kyurem|0 fnt|[from] Sandstorm\n|faint|p2a: Kyurem\n|upkeep\n|\n|t:|1700257451\n|switch|p2a: Kingambit|Kingambit, M|100\/100\n|-activate|p2a: Kingambit|ability: Supreme Overlord\n|-start|p2a: Kingambit|fallen1|[silent]\n|turn|3\n|inactive|Fab23 has 120 seconds left.\n|\n|t:|1700257469\n|move|p1a: Dracovish|Fishious Rend|p2a: Kingambit\n|-damage|p2a: Kingambit|24\/100\n|move|p2a: Kingambit|Swords Dance|p2a: Kingambit\n|-boost|p2a: Kingambit|atk|2\n|\n|-weather|Sandstorm|[upkeep]\n|-heal|p2a: Kingambit|30\/100|[from] item: Leftovers\n|upkeep\n|turn|4\n|inactive|Fab23 has 120 seconds left.\n|\n|t:|1700257477\n|move|p2a: Kingambit|Sucker Punch|p1a: Dracovish\n|-damage|p1a: Dracovish|0 fnt\n|faint|p1a: Dracovish\n|\n|-weather|Sandstorm|[upkeep]\n|-heal|p2a: Kingambit|36\/100|[from] item: Leftovers\n|upkeep\n|inactive|Fab23 has 120 seconds left.\n|inactive|Fab23 has 90 seconds left.\n|\n|t:|1700257513\n|switch|p1a: Silvally|Silvally-Steel|100\/100\n|turn|5\n|\n|t:|1700257518\n|move|p1a: Silvally|U-turn|p2a: Kingambit\n|-damage|p2a: Kingambit|22\/100\n|\n|t:|1700257521\n|switch|p1a: Landorus|Landorus, M|100\/100|[from] U-turn\n|move|p2a: Kingambit|Kowtow Cleave|p1a: Landorus\n|-damage|p1a: Landorus|0 fnt\n|faint|p1a: Landorus\n|\n|-weather|Sandstorm|[upkeep]\n|-heal|p2a: Kingambit|28\/100|[from] item: Leftovers\n|upkeep\n|\n|t:|1700257531\n|switch|p1a: Dracozolt|Dracozolt|100\/100\n|turn|6\n|\n|t:|1700257537\n|move|p2a: Kingambit|Sucker Punch|p1a: Dracozolt\n|-damage|p1a: Dracozolt|0 fnt\n|faint|p1a: Dracozolt\n|\n|-weather|Sandstorm|[upkeep]\n|-heal|p2a: Kingambit|34\/100|[from] item: Leftovers\n|upkeep\n|\n|t:|1700257549\n|switch|p1a: Hippowdon|Hippowdon, M|100\/100\n|turn|7\n|\n|t:|1700257557\n|move|p2a: Kingambit|Kowtow Cleave|p1a: Hippowdon\n|-damage|p1a: Hippowdon|45\/100\n|move|p1a: Hippowdon|Body Press|p2a: Kingambit\n|-supereffective|p2a: Kingambit\n|-damage|p2a: Kingambit|0 fnt\n|faint|p2a: Kingambit\n|-end|p2a: Kingambit|fallen1|[silent]\n|\n|-weather|Sandstorm|[upkeep]\n|upkeep\n|\n|t:|1700257572\n|switch|p2a: Zekrom|Zekrom, shiny|100\/100\n|-ability|p2a: Zekrom|Teravolt\n|turn|8\n|\n|t:|1700257583\n|move|p2a: Zekrom|Dragon Dance|p2a: Zekrom\n|-boost|p2a: Zekrom|atk|1\n|-boost|p2a: Zekrom|spe|1\n|move|p1a: Hippowdon|Earthquake|p2a: Zekrom\n|-supereffective|p2a: Zekrom\n|-damage|p2a: Zekrom|33\/100\n|\n|-weather|none\n|upkeep\n|turn|9\n|\n|t:|1700257595\n|-zpower|p2a: Zekrom\n|move|p2a: Zekrom|Devastating Drake|p1a: Hippowdon|[zeffect]\n|-damage|p1a: Hippowdon|0 fnt\n|faint|p1a: Hippowdon\n|\n|upkeep\n|\n|t:|1700257601\n|switch|p1a: Tyranitar|Tyranitar, M|100\/100\n|-weather|Sandstorm|[from] ability: Sand Stream|[of] p1a: Tyranitar\n|turn|10\n|\n|t:|1700257609\n|detailschange|p1a: Tyranitar|Tyranitar-Mega, M\n|-mega|p1a: Tyranitar|Tyranitar|Tyranitarite\n|move|p2a: Zekrom|Outrage|p1a: Tyranitar\n|-damage|p1a: Tyranitar|35\/100\n|move|p1a: Tyranitar|Rock Slide|p2a: Zekrom\n|-damage|p2a: Zekrom|0 fnt\n|faint|p2a: Zekrom\n|\n|-weather|Sandstorm|[upkeep]\n|upkeep\n|\n|t:|1700257617\n|switch|p2a: Snorlax|Snorlax, M|100\/100\n|turn|11\n|\n|t:|1700257622\n|move|p1a: Tyranitar|Crunch|p2a: Snorlax\n|-crit|p2a: Snorlax\n|-damage|p2a: Snorlax|33\/100\n|move|p2a: Snorlax|Curse|p2a: Snorlax\n|-unboost|p2a: Snorlax|spe|1\n|-boost|p2a: Snorlax|atk|1\n|-boost|p2a: Snorlax|def|1\n|\n|-weather|Sandstorm|[upkeep]\n|-damage|p2a: Snorlax|27\/100|[from] Sandstorm\n|-heal|p2a: Snorlax|33\/100|[from] item: Leftovers\n|upkeep\n|turn|12\n|\n|t:|1700257632\n|move|p1a: Tyranitar|Brick Break|p2a: Snorlax\n|-supereffective|p2a: Snorlax\n|-damage|p2a: Snorlax|1\/100\n|move|p2a: Snorlax|Earthquake|p1a: Tyranitar\n|-supereffective|p1a: Tyranitar\n|-damage|p1a: Tyranitar|0 fnt\n|faint|p1a: Tyranitar\n|\n|-weather|Sandstorm|[upkeep]\n|-damage|p2a: Snorlax|0 fnt|[from] Sandstorm\n|faint|p2a: Snorlax\n|upkeep\n|\n|t:|1700257649\n|switch|p1a: Silvally|Silvally-Steel|100\/100\n|switch|p2a: Grimmsnarl|Grimmsnarl, M|100\/100\n|turn|13\n|\n|t:|1700257661\n|-terastallize|p1a: Silvally|Steel\n|move|p2a: Grimmsnarl|Reflect|p2a: Grimmsnarl\n|-sidestart|p2: TeamplasmaNKING|Reflect\n|move|p1a: Silvally|Multi-Attack|p2a: Grimmsnarl\n|-supereffective|p2a: Grimmsnarl\n|-damage|p2a: Grimmsnarl|17\/100\n|\n|-weather|Sandstorm|[upkeep]\n|-damage|p2a: Grimmsnarl|11\/100|[from] Sandstorm\n|upkeep\n|turn|14\n|\n|t:|1700257670\n|move|p2a: Grimmsnarl|Parting Shot|p1a: Silvally\n|-unboost|p1a: Silvally|atk|1\n|-unboost|p1a: Silvally|spa|1\n|\n|t:|1700257672\n|switch|p2a: Corviknight|Corviknight, M|100\/100|[from] Parting Shot\n|move|p1a: Silvally|Multi-Attack|p2a: Corviknight\n|-resisted|p2a: Corviknight\n|-damage|p2a: Corviknight|92\/100\n|\n|-weather|none\n|-heal|p2a: Corviknight|98\/100|[from] item: Leftovers\n|upkeep\n|turn|15\n|-message|Fab23 forfeited.\n|\n|win|TeamplasmaNKING\n|raw|Fab23's rating: 1135 &rarr; <strong>1112<\/strong><br \/>(-23 for losing)\n|raw|TeamplasmaNKING's rating: 1165 &rarr; <strong>1188<\/strong><br \/>(+23 for winning)\n|l|\u2606Fab23\n|c|\u2606TeamplasmaNKING|gg\n","uploadtime":1700257695,"views":9,"p1id":"fab23","p2id":"teamplasmanking","formatid":"gen9nationaldexubers","rating":1112,"private":0,"password":""}