{"id":"gen9nationaldexubers-1988453641","p1":"Hugomez14","p2":"GoianoReidoKuduro","format":"[Gen 9] National Dex Ubers","log":"|j|\u2606Hugomez14\n|j|\u2606GoianoReidoKuduro\n|t:|1699724604\n|gametype|singles\n|player|p1|Hugomez14|pryce|1181\n|player|p2|GoianoReidoKuduro|1|1312\n|teamsize|p1|6\n|teamsize|p2|6\n|gen|9\n|tier|[Gen 9] National Dex Ubers\n|rated|\n|rule|HP Percentage Mod: HP is shown in percentages\n|rule|Endless Battle Clause: Forcing endless battles is banned\n|rule|OHKO Clause: OHKO moves are banned\n|rule|Evasion Moves Clause: Evasion moves are banned\n|rule|Evasion Items Clause: Evasion items are banned\n|rule|Species Clause: Limit one of each Pok\u00e9mon\n|rule|Sleep Clause Mod: Limit one foe put to sleep\n|rule|Mega Rayquaza Clause: You cannot mega evolve Rayquaza\n|clearpoke\n|poke|p1|Staraptor, M|\n|poke|p1|Dubwool, M|\n|poke|p1|Porygon2|\n|poke|p1|Smeargle, F|\n|poke|p1|Zoroark-Hisui, F|\n|poke|p1|Ursaluna, M|\n|poke|p2|Calyrex-Ice|\n|poke|p2|Yveltal|\n|poke|p2|Eternatus|\n|poke|p2|Necrozma-Dusk-Mane|\n|poke|p2|Marshadow|\n|poke|p2|Xerneas-*|\n|teampreview\n|inactive|Battle timer is ON: inactive players will automatically lose when time's up. (requested by Hugomez14)\n|\n|t:|1699724617\n|start\n|switch|p1a: Chorilla|Smeargle, F, shiny|100\/100\n|switch|p2a: Calyrex|Calyrex-Ice|100\/100\n|-ability|p2a: Calyrex|As One\n|-ability|p2a: Calyrex|Unnerve\n|turn|1\n|\n|t:|1699724639\n|move|p1a: Chorilla|Spore|p2a: Calyrex\n|-status|p2a: Calyrex|slp|[from] move: Spore\n|cant|p2a: Calyrex|slp\n|move|p2a: Calyrex|Sleep Talk|p2a: Calyrex\n|move|p2a: Calyrex|Glacial Lance|p1a: Chorilla|[from]move: Sleep Talk\n|-enditem|p1a: Chorilla|Focus Sash\n|-damage|p1a: Chorilla|1\/100\n|\n|upkeep\n|turn|2\n|\n|t:|1699724647\n|move|p1a: Chorilla|Sticky Web|p2a: Calyrex\n|-sidestart|p2: GoianoReidoKuduro|move: Sticky Web\n|-curestatus|p2a: Calyrex|slp|[msg]\n|move|p2a: Calyrex|Sleep Talk||[still]\n|-fail|p2a: Calyrex\n|\n|upkeep\n|turn|3\n|\n|t:|1699724657\n|move|p1a: Chorilla|Taunt|p2a: Calyrex\n|-start|p2a: Calyrex|move: Taunt\n|cant|p2a: Calyrex|move: Taunt|Sleep Talk\n|\n|upkeep\n|turn|4\n|\n|t:|1699724661\n|move|p1a: Chorilla|Spore|p2a: Calyrex\n|-status|p2a: Calyrex|slp|[from] move: Spore\n|cant|p2a: Calyrex|slp\n|\n|upkeep\n|turn|5\n|\n|t:|1699724665\n|move|p1a: Chorilla|U-turn|p2a: Calyrex\n|-supereffective|p2a: Calyrex\n|-damage|p2a: Calyrex|94\/100 slp\n|\n|t:|1699724676\n|switch|p1a: Barbabegra|Dubwool, M, shiny|100\/100|[from] U-turn\n|-curestatus|p2a: Calyrex|slp|[msg]\n|move|p2a: Calyrex|Glacial Lance|p1a: Barbabegra\n|-damage|p1a: Barbabegra|0 fnt\n|replace|p1a: Buu|Zoroark-Hisui, F, shiny\n|-end|p1a: Buu|Illusion\n|faint|p1a: Buu\n|-ability|p2a: Calyrex|Chilling Neigh|boost\n|-boost|p2a: Calyrex|atk|1\n|\n|-end|p2a: Calyrex|move: Taunt\n|upkeep\n|\n|t:|1699724686\n|switch|p1a: Chorilla|Smeargle, F, shiny|1\/100\n|turn|6\n|\n|t:|1699724693\n|move|p1a: Chorilla|Spore|p2a: Calyrex\n|-status|p2a: Calyrex|slp|[from] move: Spore\n|cant|p2a: Calyrex|slp\n|move|p2a: Calyrex|Sleep Talk|p2a: Calyrex\n|move|p2a: Calyrex|High Horsepower|p1a: Chorilla|[from]move: Sleep Talk\n|-damage|p1a: Chorilla|0 fnt\n|faint|p1a: Chorilla\n|-ability|p2a: Calyrex|Chilling Neigh|boost\n|-boost|p2a: Calyrex|atk|1\n|\n|upkeep\n|\n|t:|1699724707\n|switch|p1a: Bepo|Ursaluna, M|100\/100\n|turn|7\n|\n|t:|1699724717\n|move|p1a: Bepo|Swords Dance|p1a: Bepo\n|-boost|p1a: Bepo|atk|2\n|cant|p2a: Calyrex|slp\n|\n|-status|p1a: Bepo|brn|[from] item: Flame Orb\n|upkeep\n|turn|8\n|\n|t:|1699724724\n|move|p1a: Bepo|Facade|p2a: Calyrex\n|-damage|p2a: Calyrex|0 fnt\n|faint|p2a: Calyrex\n|\n|-damage|p1a: Bepo|94\/100 brn|[from] brn\n|upkeep\n|\n|t:|1699724741\n|switch|p2a: Marshadow|Marshadow|100\/100\n|-activate|p2a: Marshadow|move: Sticky Web\n|-unboost|p2a: Marshadow|spe|1\n|turn|9\n|\n|t:|1699724747\n|move|p2a: Marshadow|Spectral Thief|p1a: Bepo\n|-immune|p1a: Bepo\n|move|p1a: Bepo|Earthquake|p2a: Marshadow\n|-damage|p2a: Marshadow|0 fnt\n|faint|p2a: Marshadow\n|\n|-damage|p1a: Bepo|88\/100 brn|[from] brn\n|upkeep\n|\n|t:|1699724773\n|switch|p2a: Yveltal|Yveltal|100\/100\n|-ability|p2a: Yveltal|Dark Aura\n|turn|10\n|\n|t:|1699724780\n|move|p2a: Yveltal|Defog|p1a: Bepo\n|-unboost|p1a: Bepo|evasion|1\n|-sideend|p2: GoianoReidoKuduro|Sticky Web|[from] move: Defog|[of] p2a: Yveltal\n|move|p1a: Bepo|Facade|p2a: Yveltal\n|-damage|p2a: Yveltal|0 fnt\n|faint|p2a: Yveltal\n|\n|-damage|p1a: Bepo|82\/100 brn|[from] brn\n|upkeep\n|\n|t:|1699724788\n|switch|p2a: Eternatus|Eternatus|100\/100\n|-ability|p2a: Eternatus|Pressure\n|turn|11\n|\n|t:|1699724792\n|move|p2a: Eternatus|Dynamax Cannon|p1a: Bepo\n|-damage|p1a: Bepo|39\/100 brn\n|move|p1a: Bepo|Earthquake|p2a: Eternatus\n|-supereffective|p2a: Eternatus\n|-damage|p2a: Eternatus|0 fnt\n|faint|p2a: Eternatus\n|\n|-damage|p1a: Bepo|33\/100 brn|[from] brn\n|upkeep\n|\n|t:|1699724802\n|switch|p2a: Xerneas|Xerneas|100\/100\n|-ability|p2a: Xerneas|Fairy Aura\n|turn|12\n|\n|t:|1699724806\n|move|p2a: Xerneas|Moonblast|p1a: Bepo\n|-damage|p1a: Bepo|0 fnt\n|faint|p1a: Bepo\n|\n|upkeep\n|\n|t:|1699724810\n|switch|p1a: Pocoyo|Porygon2, shiny|100\/100\n|turn|13\n|\n|t:|1699724815\n|move|p2a: Xerneas|Moonblast|p1a: Pocoyo\n|-damage|p1a: Pocoyo|70\/100\n|move|p1a: Pocoyo|Toxic|p2a: Xerneas\n|-status|p2a: Xerneas|tox\n|\n|-damage|p2a: Xerneas|94\/100 tox|[from] psn\n|upkeep\n|turn|14\n|l|\u2606Hugomez14\n|inactive|Hugomez14 disconnected and has a minute to reconnect!\n|player|p1|\n|j|\u2606Hugomez14\n|inactive|Hugomez14 reconnected and has 130 seconds left.\n|player|p1|Hugomez14|pryce\n|\n|t:|1699724839\n|switch|p2a: Necrozma|Necrozma-Dusk-Mane|100\/100\n|move|p1a: Pocoyo|Recover|p1a: Pocoyo\n|-heal|p1a: Pocoyo|100\/100\n|\n|upkeep\n|turn|15\n|\n|t:|1699724857\n|move|p1a: Pocoyo|Protect|p1a: Pocoyo\n|-singleturn|p1a: Pocoyo|Protect\n|move|p2a: Necrozma|Sunsteel Strike|p1a: Pocoyo\n|-activate|p1a: Pocoyo|move: Protect\n|\n|upkeep\n|turn|16\n|\n|t:|1699724867\n|move|p2a: Necrozma|Sunsteel Strike|p1a: Pocoyo\n|-damage|p1a: Pocoyo|68\/100\n|move|p1a: Pocoyo|Tri Attack|p2a: Necrozma\n|-resisted|p2a: Necrozma\n|-damage|p2a: Necrozma|84\/100\n|\n|-heal|p2a: Necrozma|90\/100|[from] item: Leftovers\n|upkeep\n|turn|17\n|\n|t:|1699724880\n|move|p2a: Necrozma|Stealth Rock|p1a: Pocoyo\n|-sidestart|p1: Hugomez14|move: Stealth Rock\n|move|p1a: Pocoyo|Recover|p1a: Pocoyo\n|-heal|p1a: Pocoyo|100\/100\n|\n|-heal|p2a: Necrozma|96\/100|[from] item: Leftovers\n|upkeep\n|turn|18\n|\n|t:|1699724896\n|move|p2a: Necrozma|Earthquake|p1a: Pocoyo\n|-damage|p1a: Pocoyo|79\/100\n|move|p1a: Pocoyo|Tri Attack|p2a: Necrozma\n|-resisted|p2a: Necrozma\n|-damage|p2a: Necrozma|81\/100\n|\n|-heal|p2a: Necrozma|87\/100|[from] item: Leftovers\n|upkeep\n|turn|19\n|\n|t:|1699724908\n|move|p2a: Necrozma|Sunsteel Strike|p1a: Pocoyo\n|-damage|p1a: Pocoyo|47\/100\n|move|p1a: Pocoyo|Tri Attack|p2a: Necrozma\n|-resisted|p2a: Necrozma\n|-damage|p2a: Necrozma|74\/100\n|\n|-heal|p2a: Necrozma|80\/100|[from] item: Leftovers\n|upkeep\n|turn|20\n|\n|t:|1699724917\n|switch|p2a: Xerneas|Xerneas|94\/100 tox\n|-ability|p2a: Xerneas|Fairy Aura\n|move|p1a: Pocoyo|Recover|p1a: Pocoyo\n|-heal|p1a: Pocoyo|97\/100\n|\n|-damage|p2a: Xerneas|88\/100 tox|[from] psn\n|upkeep\n|turn|21\n|\n|t:|1699724924\n|move|p2a: Xerneas|Toxic|p1a: Pocoyo\n|-status|p1a: Pocoyo|tox\n|move|p1a: Pocoyo|Tri Attack|p2a: Xerneas\n|-damage|p2a: Xerneas|58\/100 tox\n|\n|-damage|p2a: Xerneas|46\/100 tox|[from] psn\n|-damage|p1a: Pocoyo|91\/100 tox|[from] psn\n|upkeep\n|turn|22\n|\n|t:|1699724931\n|switch|p2a: Necrozma|Necrozma-Dusk-Mane|80\/100\n|move|p1a: Pocoyo|Tri Attack|p2a: Necrozma\n|-resisted|p2a: Necrozma\n|-damage|p2a: Necrozma|66\/100\n|\n|-heal|p2a: Necrozma|72\/100|[from] item: Leftovers\n|-damage|p1a: Pocoyo|79\/100 tox|[from] psn\n|upkeep\n|turn|23\n|\n|t:|1699724938\n|move|p2a: Necrozma|Sunsteel Strike|p1a: Pocoyo\n|-damage|p1a: Pocoyo|47\/100 tox\n|move|p1a: Pocoyo|Tri Attack|p2a: Necrozma\n|-resisted|p2a: Necrozma\n|-damage|p2a: Necrozma|59\/100\n|-status|p2a: Necrozma|frz\n|\n|-heal|p2a: Necrozma|65\/100 frz|[from] item: Leftovers\n|-damage|p1a: Pocoyo|28\/100 tox|[from] psn\n|upkeep\n|turn|24\n|\n|t:|1699724945\n|switch|p1a: Barbabegra|Dubwool, M, shiny|100\/100\n|-damage|p1a: Barbabegra|88\/100|[from] Stealth Rock\n|-curestatus|p2a: Necrozma|frz|[msg]\n|move|p2a: Necrozma|Morning Sun|p2a: Necrozma\n|-heal|p2a: Necrozma|100\/100\n|\n|-heal|p1a: Barbabegra|94\/100|[from] item: Leftovers\n|upkeep\n|turn|25\n|\n|t:|1699724956\n|move|p1a: Barbabegra|Cotton Guard|p1a: Barbabegra\n|-boost|p1a: Barbabegra|def|3\n|move|p2a: Necrozma|Earthquake|p1a: Barbabegra\n|-damage|p1a: Barbabegra|81\/100\n|\n|-heal|p1a: Barbabegra|87\/100|[from] item: Leftovers\n|upkeep\n|turn|26\n|\n|t:|1699724962\n|switch|p2a: Xerneas|Xerneas|46\/100 tox\n|-ability|p2a: Xerneas|Fairy Aura\n|move|p1a: Barbabegra|Cotton Guard|p1a: Barbabegra\n|-boost|p1a: Barbabegra|def|3\n|\n|-heal|p1a: Barbabegra|93\/100|[from] item: Leftovers\n|-damage|p2a: Xerneas|40\/100 tox|[from] psn\n|upkeep\n|turn|27\n|\n|t:|1699724969\n|switch|p1a: Pocoyo|Porygon2, shiny|28\/100 tox\n|-damage|p1a: Pocoyo|16\/100 tox|[from] Stealth Rock\n|move|p2a: Xerneas|Toxic|p1a: Pocoyo\n|-fail|p1a: Pocoyo|tox\n|\n|-damage|p2a: Xerneas|28\/100 tox|[from] psn\n|-damage|p1a: Pocoyo|10\/100 tox|[from] psn\n|upkeep\n|turn|28\n|\n|t:|1699724977\n|switch|p2a: Necrozma|Necrozma-Dusk-Mane|100\/100\n|move|p1a: Pocoyo|Tri Attack|p2a: Necrozma\n|-resisted|p2a: Necrozma\n|-damage|p2a: Necrozma|86\/100\n|\n|-heal|p2a: Necrozma|92\/100|[from] item: Leftovers\n|-damage|p1a: Pocoyo|0 fnt|[from] psn\n|faint|p1a: Pocoyo\n|upkeep\n|\n|t:|1699724982\n|switch|p1a: Barbabegra|Dubwool, M, shiny|93\/100\n|-damage|p1a: Barbabegra|81\/100|[from] Stealth Rock\n|turn|29\n|\n|t:|1699724987\n|switch|p2a: Xerneas|Xerneas|28\/100 tox\n|-ability|p2a: Xerneas|Fairy Aura\n|move|p1a: Barbabegra|Cotton Guard|p1a: Barbabegra\n|-boost|p1a: Barbabegra|def|3\n|\n|-heal|p1a: Barbabegra|87\/100|[from] item: Leftovers\n|-damage|p2a: Xerneas|22\/100 tox|[from] psn\n|upkeep\n|turn|30\n|\n|t:|1699724994\n|move|p2a: Xerneas|Toxic|p1a: Barbabegra\n|-status|p1a: Barbabegra|tox\n|move|p1a: Barbabegra|Cotton Guard|p1a: Barbabegra\n|-boost|p1a: Barbabegra|def|3\n|\n|-heal|p1a: Barbabegra|93\/100 tox|[from] item: Leftovers\n|-damage|p2a: Xerneas|9\/100 tox|[from] psn\n|-damage|p1a: Barbabegra|87\/100 tox|[from] psn\n|upkeep\n|turn|31\n|\n|t:|1699724999\n|switch|p2a: Necrozma|Necrozma-Dusk-Mane|92\/100\n|move|p1a: Barbabegra|Body Press|p2a: Necrozma\n|-damage|p2a: Necrozma|55\/100\n|\n|-heal|p1a: Barbabegra|93\/100 tox|[from] item: Leftovers\n|-heal|p2a: Necrozma|61\/100|[from] item: Leftovers\n|-damage|p1a: Barbabegra|81\/100 tox|[from] psn\n|upkeep\n|turn|32\n|\n|t:|1699725008\n|move|p1a: Barbabegra|Rest|p1a: Barbabegra\n|-status|p1a: Barbabegra|slp|[from] move: Rest\n|-heal|p1a: Barbabegra|100\/100 slp|[silent]\n|move|p2a: Necrozma|Morning Sun|p2a: Necrozma\n|-heal|p2a: Necrozma|100\/100\n|\n|upkeep\n|turn|33\n|\n|t:|1699725031\n|cant|p1a: Barbabegra|slp\n|move|p1a: Barbabegra|Sleep Talk|p1a: Barbabegra\n|move|p1a: Barbabegra|Rest||[from]move: Sleep Talk|[still]\n|-fail|p1a: Barbabegra\n|move|p2a: Necrozma|Earthquake|p1a: Barbabegra\n|-damage|p1a: Barbabegra|91\/100 slp\n|\n|-heal|p1a: Barbabegra|97\/100 slp|[from] item: Leftovers\n|upkeep\n|turn|34\n|\n|t:|1699725041\n|switch|p2a: Xerneas|Xerneas|9\/100 tox\n|-ability|p2a: Xerneas|Fairy Aura\n|cant|p1a: Barbabegra|slp\n|move|p1a: Barbabegra|Sleep Talk|p1a: Barbabegra\n|move|p1a: Barbabegra|Cotton Guard|p1a: Barbabegra|[from]move: Sleep Talk\n|-boost|p1a: Barbabegra|def|0\n|\n|-heal|p1a: Barbabegra|100\/100 slp|[from] item: Leftovers\n|-damage|p2a: Xerneas|3\/100 tox|[from] psn\n|upkeep\n|turn|35\n|\n|t:|1699725052\n|move|p2a: Xerneas|Aromatherapy|p2a: Xerneas\n|-activate|p2a: Xerneas|move: Aromatherapy\n|-curestatus|p2a: Xerneas|tox|[msg]\n|-curestatus|p1a: Barbabegra|slp|[msg]\n|move|p1a: Barbabegra|Body Press|p2a: Xerneas\n|-resisted|p2a: Xerneas\n|-damage|p2a: Xerneas|0 fnt\n|faint|p2a: Xerneas\n|\n|upkeep\n|\n|t:|1699725056\n|switch|p2a: Necrozma|Necrozma-Dusk-Mane|100\/100\n|turn|36\n|\n|t:|1699725060\n|move|p1a: Barbabegra|Body Press|p2a: Necrozma\n|-damage|p2a: Necrozma|64\/100\n|move|p2a: Necrozma|Sunsteel Strike|p1a: Barbabegra\n|-crit|p1a: Barbabegra\n|-damage|p1a: Barbabegra|24\/100\n|\n|-heal|p1a: Barbabegra|30\/100|[from] item: Leftovers\n|-heal|p2a: Necrozma|70\/100|[from] item: Leftovers\n|upkeep\n|turn|37\n|\n|t:|1699725069\n|move|p1a: Barbabegra|Rest|p1a: Barbabegra\n|-status|p1a: Barbabegra|slp|[from] move: Rest\n|-heal|p1a: Barbabegra|100\/100 slp|[silent]\n|move|p2a: Necrozma|Sunsteel Strike|p1a: Barbabegra\n|-damage|p1a: Barbabegra|88\/100 slp\n|\n|-heal|p1a: Barbabegra|94\/100 slp|[from] item: Leftovers\n|-heal|p2a: Necrozma|76\/100|[from] item: Leftovers\n|upkeep\n|turn|38\n|\n|t:|1699725079\n|cant|p1a: Barbabegra|slp\n|move|p1a: Barbabegra|Sleep Talk|p1a: Barbabegra\n|move|p1a: Barbabegra|Body Press|p2a: Necrozma|[from]move: Sleep Talk\n|-damage|p2a: Necrozma|36\/100\n|move|p2a: Necrozma|Sunsteel Strike|p1a: Barbabegra\n|-damage|p1a: Barbabegra|82\/100 slp\n|\n|-heal|p1a: Barbabegra|88\/100 slp|[from] item: Leftovers\n|-heal|p2a: Necrozma|42\/100|[from] item: Leftovers\n|upkeep\n|turn|39\n|\n|t:|1699725087\n|cant|p1a: Barbabegra|slp\n|move|p1a: Barbabegra|Sleep Talk|p1a: Barbabegra\n|move|p1a: Barbabegra|Rest||[from]move: Sleep Talk|[still]\n|-fail|p1a: Barbabegra\n|move|p2a: Necrozma|Morning Sun|p2a: Necrozma\n|-heal|p2a: Necrozma|92\/100\n|\n|-heal|p1a: Barbabegra|94\/100 slp|[from] item: Leftovers\n|-heal|p2a: Necrozma|98\/100|[from] item: Leftovers\n|upkeep\n|turn|40\n|\n|t:|1699725096\n|-curestatus|p1a: Barbabegra|slp|[msg]\n|move|p1a: Barbabegra|Body Press|p2a: Necrozma\n|-damage|p2a: Necrozma|57\/100\n|move|p2a: Necrozma|Sunsteel Strike|p1a: Barbabegra\n|-damage|p1a: Barbabegra|80\/100\n|\n|-heal|p1a: Barbabegra|86\/100|[from] item: Leftovers\n|-heal|p2a: Necrozma|63\/100|[from] item: Leftovers\n|upkeep\n|turn|41\n|-message|GoianoReidoKuduro forfeited.\n|\n|win|Hugomez14\n|raw|Hugomez14's rating: 1181 &rarr; <strong>1215<\/strong><br \/>(+34 for winning)\n|raw|GoianoReidoKuduro's rating: 1312 &rarr; <strong>1285<\/strong><br \/>(-27 for losing)\n|l|\u2606GoianoReidoKuduro\n","uploadtime":1699725110,"views":11,"p1id":"hugomez14","p2id":"goianoreidokuduro","formatid":"gen9nationaldexubers","rating":1215,"private":0,"password":""}