{"id":"gen9nationaldexubers-1990625487","p1":"kpoc12","p2":"parkle","format":"[Gen 9] National Dex Ubers","log":"|j|\u2606kpoc12\n|j|\u2606parkle\n|t:|1699986742\n|gametype|singles\n|player|p1|kpoc12|juliana-s|\n|player|p2|parkle|nemona-v|\n|teamsize|p1|6\n|teamsize|p2|6\n|gen|9\n|tier|[Gen 9] National Dex Ubers\n|rule|HP Percentage Mod: HP is shown in percentages\n|rule|Endless Battle Clause: Forcing endless battles is banned\n|rule|OHKO Clause: OHKO moves are banned\n|rule|Evasion Moves Clause: Evasion moves are banned\n|rule|Evasion Items Clause: Evasion items are banned\n|rule|Species Clause: Limit one of each Pok\u00e9mon\n|rule|Sleep Clause Mod: Limit one foe put to sleep\n|rule|Mega Rayquaza Clause: You cannot mega evolve Rayquaza\n|clearpoke\n|poke|p1|Skeledirge, M|\n|poke|p1|Tinkaton, F|\n|poke|p1|Kilowattrel, F|\n|poke|p1|Houndstone, F|\n|poke|p1|Baxcalibur, M|\n|poke|p1|Gallade, M|\n|poke|p2|Lycanroc, F|\n|poke|p2|Goodra, F|\n|poke|p2|Dudunsparce-*, M|\n|poke|p2|Orthworm, M|\n|poke|p2|Pawmot, M|\n|poke|p2|Quaquaval, M|\n|teampreview\n|c|\u2606kpoc12|the png teams\n|c|\u2606parkle|pngs and Gallade\n|\n|t:|1699986772\n|start\n|switch|p1a: Tinkaton|Tinkaton, F|100\/100\n|switch|p2a: Lycanroc|Lycanroc, F|100\/100\n|-ability|p1a: Tinkaton|Mold Breaker\n|turn|1\n|\n|t:|1699986779\n|move|p2a: Lycanroc|Stealth Rock|p1a: Tinkaton\n|-sidestart|p1: kpoc12|move: Stealth Rock\n|move|p1a: Tinkaton|Stealth Rock|p2a: Lycanroc\n|-sidestart|p2: parkle|move: Stealth Rock\n|\n|upkeep\n|turn|2\n|c|\u2606parkle|WELL.\n|c|\u2606kpoc12|the rockers\n|\n|t:|1699986804\n|move|p2a: Lycanroc|Drill Run|p1a: Tinkaton\n|-supereffective|p1a: Tinkaton\n|-damage|p1a: Tinkaton|20\/100\n|-damage|p2a: Lycanroc|91\/100|[from] item: Life Orb\n|move|p1a: Tinkaton|Thunder Wave|p2a: Lycanroc\n|-status|p2a: Lycanroc|par\n|\n|-heal|p1a: Tinkaton|26\/100|[from] item: Leftovers\n|upkeep\n|turn|3\n|j| AutumnCookie\n|c| AutumnCookie|The rockers...\n|\n|t:|1699986904\n|move|p1a: Tinkaton|Gigaton Hammer|p2a: Lycanroc\n|-supereffective|p2a: Lycanroc\n|-damage|p2a: Lycanroc|0 fnt\n|faint|p2a: Lycanroc\n|\n|-heal|p1a: Tinkaton|32\/100|[from] item: Leftovers\n|upkeep\n|c|\u2606kpoc12|THE ROCKERS\n|\n|t:|1699986931\n|switch|p2a: Goodra|Goodra, F|100\/100\n|-damage|p2a: Goodra|88\/100|[from] Stealth Rock\n|turn|4\n|\n|t:|1699986941\n|move|p1a: Tinkaton|Thunder Wave|p2a: Goodra\n|-status|p2a: Goodra|par\n|move|p2a: Goodra|Muddy Water|p1a: Tinkaton\n|-damage|p1a: Tinkaton|6\/100\n|-unboost|p1a: Tinkaton|accuracy|1\n|\n|-heal|p1a: Tinkaton|12\/100|[from] item: Leftovers\n|upkeep\n|turn|5\n|j| cassinidivision\n|\n|t:|1699986973\n|move|p1a: Tinkaton|Gigaton Hammer|p2a: Goodra\n|-damage|p2a: Goodra|25\/100 par\n|move|p2a: Goodra|Body Slam|p1a: Tinkaton\n|-resisted|p1a: Tinkaton\n|-damage|p1a: Tinkaton|2\/100\n|\n|-heal|p1a: Tinkaton|8\/100|[from] item: Leftovers\n|upkeep\n|turn|6\n|c| cassinidivision|haiiiiii\n|c|\u2606kpoc12|haiii\n|\n|t:|1699986987\n|move|p1a: Tinkaton|Knock Off|p2a: Goodra\n|-damage|p2a: Goodra|1\/100 par\n|-enditem|p2a: Goodra|Assault Vest|[from] move: Knock Off|[of] p1a: Tinkaton\n|move|p2a: Goodra|Muddy Water|p1a: Tinkaton\n|-damage|p1a: Tinkaton|0 fnt\n|faint|p1a: Tinkaton\n|\n|upkeep\n|c|\u2606kpoc12|THE 1\n|\n|t:|1699987012\n|switch|p1a: Kilowattrel|Kilowattrel, F|100\/100\n|turn|7\n|c| AutumnCookie|THE 1HP...\n|c|\u2606kpoc12|WHY IS IT SO HUGE\n|c| cassinidivision|large\n|c| cassinidivision|in chage\n|c|\u2606kpoc12|the whole cafeteria rocked with those two gigaton hammers\n|c|\u2606kpoc12|hope u know\n|c| AutumnCookie|REAL\n|\n|t:|1699987051\n|move|p1a: Kilowattrel|Thunderbolt|p2a: Goodra\n|-resisted|p2a: Goodra\n|-damage|p2a: Goodra|0 fnt\n|faint|p2a: Goodra\n|\n|upkeep\n|\n|t:|1699987058\n|switch|p2a: Pawmot|Pawmot, M|100\/100\n|-damage|p2a: Pawmot|94\/100|[from] Stealth Rock\n|turn|8\n|\n|t:|1699987070\n|move|p1a: Kilowattrel|Hurricane|p2a: Pawmot\n|-damage|p2a: Pawmot|0 fnt\n|faint|p2a: Pawmot\n|\n|upkeep\n|c|\u2606kpoc12|THANK FUCK\n|c|\u2606kpoc12|MY ASS WAS SO CLENCHED\n|c|\u2606parkle|OHH YOU FUCK\n|c|\u2606parkle|THE 70% ACCURACY???\n|\n|t:|1699987091\n|switch|p2a: Quaquaval|Quaquaval, M|100\/100\n|-damage|p2a: Quaquaval|94\/100|[from] Stealth Rock\n|turn|9\n|\n|t:|1699987096\n|move|p1a: Kilowattrel|Volt Switch|p2a: Quaquaval\n|-supereffective|p2a: Quaquaval\n|-damage|p2a: Quaquaval|7\/100\n|\n|t:|1699987112\n|switch|p1a: Baxcalibur|Baxcalibur, M|100\/100|[from] Volt Switch\n|-damage|p1a: Baxcalibur|76\/100|[from] Stealth Rock\n|move|p2a: Quaquaval|Ice Spinner|p1a: Baxcalibur\n|-damage|p1a: Baxcalibur|49\/100\n|\n|-heal|p2a: Quaquaval|13\/100|[from] item: Leftovers\n|upkeep\n|turn|10\n|\n|t:|1699987149\n|move|p2a: Quaquaval|Ice Spinner|p1a: Baxcalibur\n|-damage|p1a: Baxcalibur|24\/100\n|move|p1a: Baxcalibur|Earthquake|p2a: Quaquaval\n|-damage|p2a: Quaquaval|0 fnt\n|faint|p2a: Quaquaval\n|\n|upkeep\n|\n|t:|1699987158\n|switch|p2a: Dudunsparce|Dudunsparce-Three-Segment, M|100\/100\n|-damage|p2a: Dudunsparce|88\/100|[from] Stealth Rock\n|turn|11\n|\n|t:|1699987165\n|move|p1a: Baxcalibur|Glaive Rush|p2a: Dudunsparce\n|-damage|p2a: Dudunsparce|15\/100\n|-singlemove|p1a: Baxcalibur|Glaive Rush|[silent]\n|move|p2a: Dudunsparce|Coil|p2a: Dudunsparce\n|-boost|p2a: Dudunsparce|atk|1\n|-boost|p2a: Dudunsparce|def|1\n|-boost|p2a: Dudunsparce|accuracy|1\n|\n|upkeep\n|turn|12\n|\n|t:|1699987209\n|move|p1a: Baxcalibur|Earthquake|p2a: Dudunsparce\n|-damage|p2a: Dudunsparce|0 fnt\n|faint|p2a: Dudunsparce\n|\n|upkeep\n|\n|t:|1699987213\n|switch|p2a: Orthworm|Orthworm, M|100\/100\n|-damage|p2a: Orthworm|94\/100|[from] Stealth Rock\n|turn|13\n|c|\u2606parkle|ourm\n|\n|t:|1699987241\n|move|p1a: Baxcalibur|Icicle Spear|p2a: Orthworm\n|-resisted|p2a: Orthworm\n|-damage|p2a: Orthworm|89\/100\n|-resisted|p2a: Orthworm\n|-damage|p2a: Orthworm|83\/100\n|-resisted|p2a: Orthworm\n|-damage|p2a: Orthworm|78\/100\n|-resisted|p2a: Orthworm\n|-crit|p2a: Orthworm\n|-damage|p2a: Orthworm|69\/100\n|-resisted|p2a: Orthworm\n|-damage|p2a: Orthworm|63\/100\n|-hitcount|p2a: Orthworm|5\n|move|p2a: Orthworm|Iron Tail|p1a: Baxcalibur\n|-supereffective|p1a: Baxcalibur\n|-damage|p1a: Baxcalibur|0 fnt\n|faint|p1a: Baxcalibur\n|\n|upkeep\n|\n|t:|1699987257\n|switch|p1a: Gallade|Gallade, M, shiny|100\/100\n|-damage|p1a: Gallade|94\/100|[from] Stealth Rock\n|turn|14\n|c| cassinidivision|im blue dabo dee dabo da\n|\n|t:|1699987281\n|move|p1a: Gallade|Sacred Sword|p2a: Orthworm\n|-supereffective|p2a: Orthworm\n|-damage|p2a: Orthworm|0 fnt\n|faint|p2a: Orthworm\n|-damage|p1a: Gallade|85\/100|[from] item: Life Orb\n|\n|win|kpoc12\n|c|\u2606parkle|Well\n","uploadtime":1699987310,"views":15,"p1id":"kpoc12","p2id":"parkle","formatid":"gen9nationaldexubers","rating":0,"private":0,"password":""}