{"id":"gen9nationaldexubers-1996684931","p1":"ThiccTeddyBo","p2":"yeeterskeeterrr","format":"[Gen 9] National Dex Ubers","log":"|j|\u2606ThiccTeddyBo\n|j|\u2606yeeterskeeterrr\n|t:|1700709475\n|gametype|singles\n|player|p1|ThiccTeddyBo|ethan|1542\n|player|p2|yeeterskeeterrr|170|1429\n|teamsize|p1|6\n|teamsize|p2|6\n|gen|9\n|tier|[Gen 9] National Dex Ubers\n|rated|\n|rule|HP Percentage Mod: HP is shown in percentages\n|rule|Endless Battle Clause: Forcing endless battles is banned\n|rule|OHKO Clause: OHKO moves are banned\n|rule|Evasion Moves Clause: Evasion moves are banned\n|rule|Evasion Items Clause: Evasion items are banned\n|rule|Species Clause: Limit one of each Pok\u00e9mon\n|rule|Sleep Clause Mod: Limit one foe put to sleep\n|rule|Mega Rayquaza Clause: You cannot mega evolve Rayquaza\n|clearpoke\n|poke|p1|Yveltal|\n|poke|p1|Zygarde|\n|poke|p1|Grimmsnarl, M|\n|poke|p1|Necrozma-Dusk-Mane|\n|poke|p1|Xerneas-*|\n|poke|p1|Arceus|\n|poke|p2|Lugia|\n|poke|p2|Ferrothorn, M|\n|poke|p2|Landorus-Therian, M|\n|poke|p2|Dialga|\n|poke|p2|Mewtwo|\n|poke|p2|Salazzle, F|\n|teampreview\n|inactive|Battle timer is ON: inactive players will automatically lose when time's up. (requested by yeeterskeeterrr)\n|inactive|ThiccTeddyBo has 120 seconds left.\n|\n|t:|1700709521\n|start\n|switch|p1a: Gropey Goblin|Grimmsnarl, M|100\/100\n|switch|p2a: Salazzle|Salazzle, F|100\/100\n|turn|1\n|\n|t:|1700709527\n|move|p1a: Gropey Goblin|Taunt|p2a: Salazzle\n|-start|p2a: Salazzle|move: Taunt\n|cant|p2a: Salazzle|move: Taunt|Toxic\n|\n|upkeep\n|turn|2\n|\n|t:|1700709532\n|move|p1a: Gropey Goblin|Light Screen|p1a: Gropey Goblin\n|-sidestart|p1: ThiccTeddyBo|move: Light Screen\n|move|p2a: Salazzle|Flamethrower|p1a: Gropey Goblin\n|-damage|p1a: Gropey Goblin|84\/100\n|-status|p1a: Gropey Goblin|brn\n|\n|-damage|p1a: Gropey Goblin|78\/100 brn|[from] brn\n|upkeep\n|turn|3\n|\n|t:|1700709546\n|move|p1a: Gropey Goblin|Parting Shot|p2a: Salazzle\n|-unboost|p2a: Salazzle|atk|1\n|-unboost|p2a: Salazzle|spa|1\n|\n|t:|1700709575\n|switch|p1a: Ze Bugz|Zygarde|100\/100|[from] Parting Shot\n|move|p2a: Salazzle|Flamethrower|p1a: Ze Bugz\n|-resisted|p1a: Ze Bugz\n|-damage|p1a: Ze Bugz|95\/100\n|\n|-heal|p1a: Ze Bugz|100\/100|[from] item: Leftovers\n|-end|p2a: Salazzle|move: Taunt\n|upkeep\n|turn|4\n|\n|t:|1700709599\n|move|p2a: Salazzle|Toxic|p1a: Ze Bugz\n|-status|p1a: Ze Bugz|tox\n|move|p1a: Ze Bugz|Thousand Arrows|p2a: Salazzle\n|-supereffective|p2a: Salazzle\n|-enditem|p2a: Salazzle|Focus Sash\n|-damage|p2a: Salazzle|1\/100\n|\n|-damage|p1a: Ze Bugz|94\/100 tox|[from] psn\n|upkeep\n|turn|5\n|\n|t:|1700709609\n|move|p2a: Salazzle|Protect|p2a: Salazzle\n|-singleturn|p2a: Salazzle|Protect\n|move|p1a: Ze Bugz|Thousand Arrows|p2a: Salazzle\n|-activate|p2a: Salazzle|move: Protect\n|\n|-heal|p1a: Ze Bugz|100\/100 tox|[from] item: Leftovers\n|-damage|p1a: Ze Bugz|88\/100 tox|[from] psn\n|upkeep\n|turn|6\n|\n|t:|1700709619\n|switch|p2a: Lugia|Lugia, shiny|100\/100\n|move|p1a: Ze Bugz|Thousand Arrows|p2a: Lugia\n|-damage|p2a: Lugia|90\/100\n|-start|p2a: Lugia|Smack Down\n|\n|-heal|p2a: Lugia|96\/100|[from] item: Leftovers\n|-heal|p1a: Ze Bugz|94\/100 tox|[from] item: Leftovers\n|-damage|p1a: Ze Bugz|76\/100 tox|[from] psn\n|upkeep\n|turn|7\n|\n|t:|1700709633\n|move|p2a: Lugia|Protect|p2a: Lugia\n|-singleturn|p2a: Lugia|Protect\n|move|p1a: Ze Bugz|Glare|p2a: Lugia\n|-activate|p2a: Lugia|move: Protect\n|\n|-heal|p2a: Lugia|100\/100|[from] item: Leftovers\n|-heal|p1a: Ze Bugz|82\/100 tox|[from] item: Leftovers\n|-damage|p1a: Ze Bugz|57\/100 tox|[from] psn\n|upkeep\n|turn|8\n|\n|t:|1700709642\n|switch|p2a: Landorus|Landorus-Therian, M|100\/100\n|-ability|p2a: Landorus|Intimidate|boost\n|-unboost|p1a: Ze Bugz|atk|1\n|move|p1a: Ze Bugz|Glare|p2a: Landorus\n|-status|p2a: Landorus|par\n|\n|-heal|p1a: Ze Bugz|63\/100 tox|[from] item: Leftovers\n|-damage|p1a: Ze Bugz|32\/100 tox|[from] psn\n|-activate|p1a: Ze Bugz|ability: Power Construct\n|detailschange|p1a: Ze Bugz|Zygarde-Complete\n|-heal|p1a: Ze Bugz|56\/100 tox|[silent]\n|upkeep\n|turn|9\n|\n|t:|1700709663\n|switch|p1a: Hamas Vest Wearer|Yveltal|100\/100\n|-ability|p1a: Hamas Vest Wearer|Dark Aura\n|move|p2a: Landorus|Knock Off|p1a: Hamas Vest Wearer\n|-resisted|p1a: Hamas Vest Wearer\n|-damage|p1a: Hamas Vest Wearer|75\/100\n|-enditem|p1a: Hamas Vest Wearer|Life Orb|[from] move: Knock Off|[of] p2a: Landorus\n|\n|-sideend|p1: ThiccTeddyBo|move: Light Screen\n|upkeep\n|turn|10\n|\n|t:|1700709673\n|move|p1a: Hamas Vest Wearer|Knock Off|p2a: Landorus\n|-damage|p2a: Landorus|48\/100 par\n|-zpower|p2a: Landorus\n|move|p2a: Landorus|Supersonic Skystrike|p1a: Hamas Vest Wearer|[zeffect]\n|-damage|p1a: Hamas Vest Wearer|0 fnt\n|faint|p1a: Hamas Vest Wearer\n|\n|upkeep\n|\n|t:|1700709681\n|switch|p1a: Gropey Goblin|Grimmsnarl, M|78\/100 brn\n|turn|11\n|\n|t:|1700709686\n|move|p1a: Gropey Goblin|Reflect|p1a: Gropey Goblin\n|-sidestart|p1: ThiccTeddyBo|Reflect\n|move|p2a: Landorus|Knock Off|p1a: Gropey Goblin\n|-resisted|p1a: Gropey Goblin\n|-damage|p1a: Gropey Goblin|73\/100 brn\n|-enditem|p1a: Gropey Goblin|Light Clay|[from] move: Knock Off|[of] p2a: Landorus\n|\n|-damage|p1a: Gropey Goblin|67\/100 brn|[from] brn\n|upkeep\n|turn|12\n|\n|t:|1700709693\n|move|p1a: Gropey Goblin|Parting Shot|p2a: Landorus\n|-unboost|p2a: Landorus|atk|1\n|-unboost|p2a: Landorus|spa|1\n|\n|t:|1700709696\n|switch|p1a: Ze Bugz|Zygarde-Complete|56\/100 tox|[from] Parting Shot\n|move|p2a: Landorus|Earthquake|p1a: Ze Bugz\n|-damage|p1a: Ze Bugz|48\/100 tox\n|\n|-heal|p1a: Ze Bugz|54\/100 tox|[from] item: Leftovers\n|-damage|p1a: Ze Bugz|48\/100 tox|[from] psn\n|upkeep\n|turn|13\n|\n|t:|1700709704\n|move|p1a: Ze Bugz|Coil|p1a: Ze Bugz\n|-boost|p1a: Ze Bugz|atk|1\n|-boost|p1a: Ze Bugz|def|1\n|-boost|p1a: Ze Bugz|accuracy|1\n|cant|p2a: Landorus|par\n|\n|-heal|p1a: Ze Bugz|54\/100 tox|[from] item: Leftovers\n|-damage|p1a: Ze Bugz|42\/100 tox|[from] psn\n|upkeep\n|turn|14\n|\n|t:|1700709711\n|move|p1a: Ze Bugz|Thousand Arrows|p2a: Landorus\n|-damage|p2a: Landorus|0 fnt\n|faint|p2a: Landorus\n|\n|-heal|p1a: Ze Bugz|48\/100 tox|[from] item: Leftovers\n|-damage|p1a: Ze Bugz|30\/100 tox|[from] psn\n|upkeep\n|inactive|yeeterskeeterrr has 120 seconds left.\n|\n|t:|1700709753\n|switch|p2a: Lugia|Lugia, shiny|100\/100\n|turn|15\n|\n|t:|1700709757\n|move|p2a: Lugia|Protect|p2a: Lugia\n|-singleturn|p2a: Lugia|Protect\n|move|p1a: Ze Bugz|Glare|p2a: Lugia\n|-activate|p2a: Lugia|move: Protect\n|\n|-heal|p1a: Ze Bugz|36\/100 tox|[from] item: Leftovers\n|-damage|p1a: Ze Bugz|11\/100 tox|[from] psn\n|upkeep\n|turn|16\n|\n|t:|1700709765\n|switch|p2a: Salazzle|Salazzle, F|1\/100\n|move|p1a: Ze Bugz|Glare|p2a: Salazzle\n|-status|p2a: Salazzle|par\n|\n|-heal|p1a: Ze Bugz|17\/100 tox|[from] item: Leftovers\n|-damage|p1a: Ze Bugz|0 fnt|[from] psn\n|faint|p1a: Ze Bugz\n|upkeep\n|\n|t:|1700709779\n|switch|p1a: Gropey Goblin|Grimmsnarl, M|67\/100 brn\n|turn|17\n|\n|t:|1700709788\n|switch|p2a: Dialga|Dialga|100\/100\n|-ability|p2a: Dialga|Pressure\n|move|p1a: Gropey Goblin|Light Screen|p1a: Gropey Goblin\n|-sidestart|p1: ThiccTeddyBo|move: Light Screen\n|\n|-damage|p1a: Gropey Goblin|61\/100 brn|[from] brn\n|upkeep\n|turn|18\n|\n|t:|1700709794\n|move|p1a: Gropey Goblin|Taunt|p2a: Dialga\n|-start|p2a: Dialga|move: Taunt\n|cant|p2a: Dialga|move: Taunt|Stealth Rock\n|\n|-damage|p1a: Gropey Goblin|55\/100 brn|[from] brn\n|-sideend|p1: ThiccTeddyBo|Reflect\n|upkeep\n|turn|19\n|\n|t:|1700709800\n|move|p1a: Gropey Goblin|Reflect|p1a: Gropey Goblin\n|-sidestart|p1: ThiccTeddyBo|Reflect\n|move|p2a: Dialga|Flamethrower|p1a: Gropey Goblin\n|-damage|p1a: Gropey Goblin|42\/100 brn\n|\n|-damage|p1a: Gropey Goblin|36\/100 brn|[from] brn\n|upkeep\n|turn|20\n|\n|t:|1700709808\n|move|p1a: Gropey Goblin|Parting Shot|p2a: Dialga\n|-unboost|p2a: Dialga|atk|1\n|-unboost|p2a: Dialga|spa|1\n|\n|t:|1700709810\n|switch|p1a: Hunter Biden|Necrozma-Dusk-Mane|100\/100|[from] Parting Shot\n|move|p2a: Dialga|Flamethrower|p1a: Hunter Biden\n|-supereffective|p1a: Hunter Biden\n|-damage|p1a: Hunter Biden|85\/100\n|\n|-end|p2a: Dialga|move: Taunt\n|upkeep\n|turn|21\n|\n|t:|1700709817\n|move|p1a: Hunter Biden|Dragon Dance|p1a: Hunter Biden\n|-boost|p1a: Hunter Biden|atk|1\n|-boost|p1a: Hunter Biden|spe|1\n|move|p2a: Dialga|Stealth Rock|p1a: Hunter Biden\n|-sidestart|p1: ThiccTeddyBo|move: Stealth Rock\n|\n|-sideend|p1: ThiccTeddyBo|move: Light Screen\n|upkeep\n|turn|22\n|\n|t:|1700709826\n|switch|p2a: Ferrothorn|Ferrothorn, M, shiny|100\/100\n|move|p1a: Hunter Biden|Dragon Dance|p1a: Hunter Biden\n|-boost|p1a: Hunter Biden|atk|1\n|-boost|p1a: Hunter Biden|spe|1\n|\n|upkeep\n|turn|23\n|\n|t:|1700709832\n|move|p1a: Hunter Biden|Earthquake|p2a: Ferrothorn\n|-damage|p2a: Ferrothorn|43\/100\n|move|p2a: Ferrothorn|Leech Seed|p1a: Hunter Biden|[miss]\n|-miss|p2a: Ferrothorn|p1a: Hunter Biden\n|\n|-heal|p2a: Ferrothorn|49\/100|[from] item: Leftovers\n|-sideend|p1: ThiccTeddyBo|Reflect\n|upkeep\n|turn|24\n|\n|t:|1700709840\n|-terastallize|p2a: Ferrothorn|Grass\n|move|p1a: Hunter Biden|Dragon Dance|p1a: Hunter Biden\n|-boost|p1a: Hunter Biden|atk|1\n|-boost|p1a: Hunter Biden|spe|1\n|move|p2a: Ferrothorn|Leech Seed|p1a: Hunter Biden|[miss]\n|-miss|p2a: Ferrothorn|p1a: Hunter Biden\n|\n|-heal|p2a: Ferrothorn|55\/100|[from] item: Leftovers\n|upkeep\n|turn|25\n|\n|t:|1700709858\n|move|p1a: Hunter Biden|Sunsteel Strike|p2a: Ferrothorn\n|-damage|p2a: Ferrothorn|0 fnt\n|-damage|p1a: Hunter Biden|73\/100|[from] ability: Iron Barbs|[of] p2a: Ferrothorn\n|faint|p2a: Ferrothorn\n|\n|upkeep\n|c|\u2606ThiccTeddyBo|you deserve to miss those\n|c|\u2606ThiccTeddyBo|filthy stall lmfao\n|c|\u2606ThiccTeddyBo|so easy\n|\n|t:|1700709878\n|switch|p2a: Lugia|Lugia, shiny|100\/100\n|turn|26\n|\n|t:|1700709894\n|move|p1a: Hunter Biden|Sunsteel Strike|p2a: Lugia\n|-damage|p2a: Lugia|0 fnt\n|faint|p2a: Lugia\n|\n|upkeep\n|n|!yeeterskeeterrr|yeeterskeeterrr\n|c|\u2606ThiccTeddyBo|bg so ez\n|inactive|yeeterskeeterrr has 120 seconds left.\n|c|\u2606ThiccTeddyBo|saw that whirlwind coming from last week bruh\n|\n|t:|1700709926\n|switch|p2a: Mewtwo|Mewtwo|100\/100\n|-ability|p2a: Mewtwo|Pressure\n|turn|27\n|c|\u2606ThiccTeddyBo|garbo\n|inactive|yeeterskeeterrr has 120 seconds left.\n|\n|t:|1700709939\n|detailschange|p2a: Mewtwo|Mewtwo-Mega-Y\n|-mega|p2a: Mewtwo|Mewtwo|Mewtwonite Y\n|move|p1a: Hunter Biden|Sunsteel Strike|p2a: Mewtwo\n|-damage|p2a: Mewtwo|0 fnt\n|faint|p2a: Mewtwo\n|\n|upkeep\n|c|\u2606ThiccTeddyBo|OHKO\n|c|\u2606ThiccTeddyBo|OHKO\n|c|\u2606ThiccTeddyBo|OHKO\n|c|\u2606ThiccTeddyBo|OHKO\n|c|\u2606ThiccTeddyBo|OHKO\n|c|\u2606ThiccTeddyBo|cake\n|c|\u2606ThiccTeddyBo|u suck\n|-message|yeeterskeeterrr forfeited.\n|\n|win|ThiccTeddyBo\n|raw|ThiccTeddyBo's rating: 1542 &rarr; <strong>1556<\/strong><br \/>(+14 for winning)\n|raw|yeeterskeeterrr's rating: 1429 &rarr; <strong>1415<\/strong><br \/>(-14 for losing)\n","uploadtime":1700709906,"views":2,"p1id":"thiccteddybo","p2id":"yeeterskeeterrr","formatid":"gen9nationaldexubers","rating":1415,"private":0,"password":""}