{"id":"gen9nationaldexubers-1995150202","p1":"gtantoine2003","p2":"LuckyPlays10136","format":"[Gen 9] National Dex Ubers","log":"|j|\u203dgtantoine2003\n|j|\u203dLuckyPlays10136\n|t:|1700528182\n|gametype|singles\n|player|p1|gtantoine2003|169|1128\n|player|p2|LuckyPlays10136|hilbert|1079\n|teamsize|p1|6\n|teamsize|p2|6\n|gen|9\n|tier|[Gen 9] National Dex Ubers\n|rated|\n|rule|HP Percentage Mod: HP is shown in percentages\n|rule|Endless Battle Clause: Forcing endless battles is banned\n|rule|OHKO Clause: OHKO moves are banned\n|rule|Evasion Moves Clause: Evasion moves are banned\n|rule|Evasion Items Clause: Evasion items are banned\n|rule|Species Clause: Limit one of each Pok\u00e9mon\n|rule|Sleep Clause Mod: Limit one foe put to sleep\n|rule|Mega Rayquaza Clause: You cannot mega evolve Rayquaza\n|clearpoke\n|poke|p1|Scream Tail|\n|poke|p1|Torkoal, M|\n|poke|p1|Great Tusk|\n|poke|p1|Roaring Moon|\n|poke|p1|Slither Wing|\n|poke|p1|Garganacl, M|\n|poke|p2|Rotom-Wash|\n|poke|p2|Zoroark-Hisui, F|\n|poke|p2|Clodsire, F|\n|poke|p2|Ninetales, F|\n|poke|p2|Chi-Yu|\n|poke|p2|Klefki, F|\n|teampreview\n|inactive|Battle timer is ON: inactive players will automatically lose when time's up. (requested by LuckyPlays10136)\n|inactive|gtantoine2003 also wants the timer to be on.\n|\n|t:|1700528196\n|start\n|switch|p1a: Torkoal|Torkoal, M|100\/100\n|switch|p2a: Clodsire|Clodsire, F|100\/100\n|-weather|SunnyDay|[from] ability: Drought|[of] p1a: Torkoal\n|turn|1\n|\n|t:|1700528205\n|move|p2a: Clodsire|Toxic|p1a: Torkoal\n|-status|p1a: Torkoal|tox\n|move|p1a: Torkoal|Stealth Rock|p2a: Clodsire\n|-sidestart|p2: LuckyPlays10136|move: Stealth Rock\n|\n|-weather|SunnyDay|[upkeep]\n|-damage|p1a: Torkoal|94\/100 tox|[from] psn\n|upkeep\n|turn|2\n|\n|t:|1700528213\n|switch|p1a: Great Tusk|Great Tusk|100\/100\n|-activate|p1a: Great Tusk|ability: Protosynthesis\n|-start|p1a: Great Tusk|protosynthesisatk\n|move|p2a: Clodsire|Stealth Rock|p1a: Great Tusk\n|-sidestart|p1: gtantoine2003|move: Stealth Rock\n|\n|-weather|SunnyDay|[upkeep]\n|upkeep\n|turn|3\n|\n|t:|1700528226\n|move|p1a: Great Tusk|Ice Spinner|p2a: Clodsire\n|-supereffective|p2a: Clodsire\n|-damage|p2a: Clodsire|13\/100\n|move|p2a: Clodsire|Earthquake|p1a: Great Tusk\n|-damage|p1a: Great Tusk|82\/100\n|\n|-weather|SunnyDay|[upkeep]\n|-heal|p2a: Clodsire|19\/100|[from] item: Black Sludge\n|upkeep\n|turn|4\n|\n|t:|1700528244\n|switch|p2a: Rotom|Rotom-Wash|100\/100\n|-damage|p2a: Rotom|88\/100|[from] Stealth Rock\n|move|p1a: Great Tusk|Ice Spinner|p2a: Rotom\n|-resisted|p2a: Rotom\n|-damage|p2a: Rotom|69\/100\n|\n|-weather|SunnyDay|[upkeep]\n|-heal|p2a: Rotom|75\/100|[from] item: Leftovers\n|upkeep\n|turn|5\n|\n|t:|1700528253\n|move|p1a: Great Tusk|Close Combat|p2a: Rotom\n|-damage|p2a: Rotom|0 fnt\n|-unboost|p1a: Great Tusk|def|1\n|-unboost|p1a: Great Tusk|spd|1\n|-enditem|p1a: Great Tusk|White Herb\n|-clearnegativeboost|p1a: Great Tusk|[silent]\n|faint|p2a: Rotom\n|\n|-weather|none\n|-end|p1a: Great Tusk|Protosynthesis\n|upkeep\n|\n|t:|1700528263\n|switch|p2a: Klefki|Klefki, F|100\/100\n|-damage|p2a: Klefki|95\/100|[from] Stealth Rock\n|turn|6\n|\n|t:|1700528266\n|-end|p1a: Great Tusk|Protosynthesis|[silent]\n|switch|p1a: Torkoal|Torkoal, M|94\/100 tox\n|-weather|SunnyDay|[from] ability: Drought|[of] p1a: Torkoal\n|move|p2a: Klefki|Thunder Wave||[still]\n|-fail|p2a: Klefki\n|\n|-weather|SunnyDay|[upkeep]\n|-heal|p2a: Klefki|100\/100|[from] item: Leftovers\n|-damage|p1a: Torkoal|88\/100 tox|[from] psn\n|upkeep\n|turn|7\n|\n|t:|1700528278\n|switch|p2a: Ninetales|Ninetales, F|100\/100\n|-damage|p2a: Ninetales|76\/100|[from] Stealth Rock\n|move|p1a: Torkoal|Flamethrower|p2a: Ninetales\n|-resisted|p2a: Ninetales\n|-damage|p2a: Ninetales|56\/100\n|\n|-weather|SunnyDay|[upkeep]\n|-damage|p1a: Torkoal|76\/100 tox|[from] psn\n|upkeep\n|turn|8\n|\n|t:|1700528287\n|move|p2a: Ninetales|Flamethrower|p1a: Torkoal\n|-resisted|p1a: Torkoal\n|-damage|p1a: Torkoal|52\/100 tox\n|move|p1a: Torkoal|Rapid Spin|p2a: Ninetales\n|-damage|p2a: Ninetales|44\/100\n|-boost|p1a: Torkoal|spe|1\n|-sideend|p1: gtantoine2003|Stealth Rock|[from] move: Rapid Spin|[of] p1a: Torkoal\n|\n|-weather|SunnyDay|[upkeep]\n|-damage|p1a: Torkoal|33\/100 tox|[from] psn\n|upkeep\n|turn|9\n|\n|t:|1700528293\n|move|p2a: Ninetales|Flamethrower|p1a: Torkoal\n|-resisted|p1a: Torkoal\n|-damage|p1a: Torkoal|9\/100 tox\n|move|p1a: Torkoal|Flamethrower|p2a: Ninetales\n|-resisted|p2a: Ninetales\n|-damage|p2a: Ninetales|23\/100\n|\n|-weather|SunnyDay|[upkeep]\n|-damage|p1a: Torkoal|0 fnt|[from] psn\n|faint|p1a: Torkoal\n|upkeep\n|inactive|gtantoine2003 has 120 seconds left.\n|\n|t:|1700528337\n|switch|p1a: Great Tusk|Great Tusk|82\/100\n|-activate|p1a: Great Tusk|ability: Protosynthesis\n|-start|p1a: Great Tusk|protosynthesisatk\n|turn|10\n|\n|t:|1700528343\n|move|p1a: Great Tusk|Stone Edge|p2a: Ninetales\n|-supereffective|p2a: Ninetales\n|-damage|p2a: Ninetales|0 fnt\n|faint|p2a: Ninetales\n|\n|-weather|none\n|-end|p1a: Great Tusk|Protosynthesis\n|upkeep\n|\n|t:|1700528351\n|switch|p2a: Klefki|Klefki, F|100\/100\n|-damage|p2a: Klefki|95\/100|[from] Stealth Rock\n|turn|11\n|inactive|gtantoine2003 has 120 seconds left.\n|\n|t:|1700528370\n|move|p2a: Klefki|Thunder Wave|p1a: Great Tusk\n|-immune|p1a: Great Tusk\n|move|p1a: Great Tusk|Knock Off|p2a: Klefki\n|-resisted|p2a: Klefki\n|-damage|p2a: Klefki|79\/100\n|-enditem|p2a: Klefki|Leftovers|[from] move: Knock Off|[of] p1a: Great Tusk\n|\n|upkeep\n|turn|12\n|\n|t:|1700528376\n|move|p2a: Klefki|Toxic|p1a: Great Tusk\n|-status|p1a: Great Tusk|tox\n|move|p1a: Great Tusk|Close Combat|p2a: Klefki\n|-damage|p2a: Klefki|26\/100\n|-unboost|p1a: Great Tusk|def|1\n|-unboost|p1a: Great Tusk|spd|1\n|\n|-damage|p1a: Great Tusk|76\/100 tox|[from] psn\n|upkeep\n|turn|13\n|\n|t:|1700528387\n|move|p1a: Great Tusk|Close Combat|p2a: Klefki\n|-damage|p2a: Klefki|0 fnt\n|-unboost|p1a: Great Tusk|def|1\n|-unboost|p1a: Great Tusk|spd|1\n|faint|p2a: Klefki\n|\n|-damage|p1a: Great Tusk|63\/100 tox|[from] psn\n|upkeep\n|\n|t:|1700528394\n|switch|p2a: Chi-Yu|Chi-Yu|100\/100\n|-damage|p2a: Chi-Yu|88\/100|[from] Stealth Rock\n|turn|14\n|\n|t:|1700528404\n|move|p2a: Chi-Yu|Extrasensory|p1a: Great Tusk\n|-supereffective|p1a: Great Tusk\n|-damage|p1a: Great Tusk|0 fnt\n|faint|p1a: Great Tusk\n|-end|p1a: Great Tusk|Protosynthesis|[silent]\n|\n|upkeep\n|\n|t:|1700528408\n|switch|p1a: Roaring Moon|Roaring Moon|100\/100\n|-enditem|p1a: Roaring Moon|Booster Energy\n|-activate|p1a: Roaring Moon|ability: Protosynthesis|[fromitem]\n|-start|p1a: Roaring Moon|protosynthesisatk\n|turn|15\n|\n|t:|1700528414\n|switch|p2a: Clodsire|Clodsire, F|19\/100\n|-damage|p2a: Clodsire|13\/100|[from] Stealth Rock\n|move|p1a: Roaring Moon|Earthquake|p2a: Clodsire\n|-supereffective|p2a: Clodsire\n|-damage|p2a: Clodsire|0 fnt\n|faint|p2a: Clodsire\n|\n|upkeep\n|\n|t:|1700528420\n|switch|p2a: Chi-Yu|Chi-Yu|88\/100\n|-damage|p2a: Chi-Yu|76\/100|[from] Stealth Rock\n|turn|16\n|\n|t:|1700528427\n|move|p2a: Chi-Yu|Hyper Voice|p1a: Roaring Moon\n|-damage|p1a: Roaring Moon|29\/100\n|move|p1a: Roaring Moon|Earthquake|p2a: Chi-Yu\n|-damage|p2a: Chi-Yu|0 fnt\n|replace|p2a: Zoroark|Zoroark-Hisui, F\n|-end|p2a: Zoroark|Illusion\n|faint|p2a: Zoroark\n|\n|upkeep\n|\n|t:|1700528434\n|switch|p2a: Chi-Yu|Chi-Yu|100\/100\n|-damage|p2a: Chi-Yu|76\/100|[from] Stealth Rock\n|-ability|p2a: Chi-Yu|Beads of Ruin\n|turn|17\n|\n|t:|1700528447\n|move|p1a: Roaring Moon|Earthquake|p2a: Chi-Yu\n|-supereffective|p2a: Chi-Yu\n|-damage|p2a: Chi-Yu|0 fnt\n|faint|p2a: Chi-Yu\n|\n|win|gtantoine2003\n|raw|gtantoine2003's rating: 1128 &rarr; <strong>1149<\/strong><br \/>(+21 for winning)\n|raw|LuckyPlays10136's rating: 1079 &rarr; <strong>1060<\/strong><br \/>(-19 for losing)\n|l|\u203dLuckyPlays10136\n","uploadtime":1700528458,"views":14,"p1id":"gtantoine2003","p2id":"luckyplays10136","formatid":"gen9nationaldexubers","rating":1060,"private":0,"password":""}