{"id":"gen9nationaldexubers-1997523658","p1":"DecibelTheNoivern","p2":"eduelena","format":"[Gen 9] National Dex Ubers","log":"|j|\u2606DecibelTheNoivern\n|j|\u2606eduelena\n|t:|1700819895\n|gametype|singles\n|player|p1|DecibelTheNoivern|265|1178\n|player|p2|eduelena|twins|1182\n|teamsize|p1|6\n|teamsize|p2|6\n|gen|9\n|tier|[Gen 9] National Dex Ubers\n|rated|\n|rule|HP Percentage Mod: HP is shown in percentages\n|rule|Endless Battle Clause: Forcing endless battles is banned\n|rule|OHKO Clause: OHKO moves are banned\n|rule|Evasion Moves Clause: Evasion moves are banned\n|rule|Evasion Items Clause: Evasion items are banned\n|rule|Species Clause: Limit one of each Pok\u00e9mon\n|rule|Sleep Clause Mod: Limit one foe put to sleep\n|rule|Mega Rayquaza Clause: You cannot mega evolve Rayquaza\n|clearpoke\n|poke|p1|Urshifu-*, M|\n|poke|p1|Zoroark-Hisui, F|\n|poke|p1|Blaziken, F|\n|poke|p1|Lopunny, M|\n|poke|p1|Zamazenta-*|\n|poke|p1|Deoxys-Speed|\n|poke|p2|Marshadow|\n|poke|p2|Shuckle, F|\n|poke|p2|Regieleki|\n|poke|p2|Zygarde|\n|poke|p2|Arceus-Poison|\n|poke|p2|Mewtwo|\n|teampreview\n|inactive|Battle timer is ON: inactive players will automatically lose when time's up. (requested by eduelena)\n|\n|t:|1700819905\n|start\n|switch|p1a: Endoskeleton|Deoxys-Speed|100\/100\n|switch|p2a: Shuckle|Shuckle, F|100\/100\n|-ability|p1a: Endoskeleton|Pressure\n|turn|1\n|\n|t:|1700819908\n|move|p1a: Endoskeleton|Taunt|p2a: Shuckle\n|-start|p2a: Shuckle|move: Taunt\n|-enditem|p2a: Shuckle|Mental Herb\n|-end|p2a: Shuckle|move: Taunt\n|move|p2a: Shuckle|Sticky Web|p1a: Endoskeleton\n|-sidestart|p1: DecibelTheNoivern|move: Sticky Web\n|\n|upkeep\n|turn|2\n|\n|t:|1700819916\n|move|p1a: Endoskeleton|Stealth Rock|p2a: Shuckle\n|-sidestart|p2: eduelena|move: Stealth Rock\n|move|p2a: Shuckle|Knock Off|p1a: Endoskeleton\n|-supereffective|p1a: Endoskeleton\n|-damage|p1a: Endoskeleton|88\/100\n|-enditem|p1a: Endoskeleton|Focus Sash|[from] move: Knock Off|[of] p2a: Shuckle\n|\n|upkeep\n|turn|3\n|\n|t:|1700819922\n|move|p1a: Endoskeleton|Taunt|p2a: Shuckle\n|-start|p2a: Shuckle|move: Taunt\n|move|p2a: Shuckle|Final Gambit|p1a: Endoskeleton\n|-damage|p1a: Endoskeleton|8\/100\n|faint|p2a: Shuckle\n|\n|upkeep\n|\n|t:|1700819948\n|switch|p2a: Mewtwo|Mewtwo|100\/100\n|-ability|p2a: Mewtwo|Unnerve\n|-damage|p2a: Mewtwo|88\/100|[from] Stealth Rock\n|turn|4\n|\n|t:|1700819952\n|detailschange|p2a: Mewtwo|Mewtwo-Mega-Y\n|-mega|p2a: Mewtwo|Mewtwo|Mewtwonite Y\n|move|p1a: Endoskeleton|Spikes|p2a: Mewtwo\n|-sidestart|p2: eduelena|Spikes\n|move|p2a: Mewtwo|Nasty Plot|p2a: Mewtwo\n|-boost|p2a: Mewtwo|spa|2\n|\n|upkeep\n|turn|5\n|\n|t:|1700819957\n|move|p1a: Endoskeleton|Spikes|p2a: Mewtwo\n|-sidestart|p2: eduelena|Spikes\n|move|p2a: Mewtwo|Psystrike|p1a: Endoskeleton\n|-resisted|p1a: Endoskeleton\n|-damage|p1a: Endoskeleton|0 fnt\n|faint|p1a: Endoskeleton\n|\n|upkeep\n|\n|t:|1700819967\n|switch|p1a: Chica the Chicken|Blaziken, F|100\/100\n|-activate|p1a: Chica the Chicken|move: Sticky Web\n|-unboost|p1a: Chica the Chicken|spe|1\n|turn|6\n|\n|t:|1700819970\n|move|p1a: Chica the Chicken|Protect|p1a: Chica the Chicken\n|-singleturn|p1a: Chica the Chicken|Protect\n|move|p2a: Mewtwo|Nasty Plot|p2a: Mewtwo\n|-boost|p2a: Mewtwo|spa|2\n|\n|-ability|p1a: Chica the Chicken|Speed Boost|boost\n|-boost|p1a: Chica the Chicken|spe|1\n|upkeep\n|turn|7\n|\n|t:|1700819980\n|move|p2a: Mewtwo|Psystrike|p1a: Chica the Chicken\n|-supereffective|p1a: Chica the Chicken\n|-enditem|p1a: Chica the Chicken|Focus Sash\n|-damage|p1a: Chica the Chicken|1\/100\n|move|p1a: Chica the Chicken|Swords Dance|p1a: Chica the Chicken\n|-boost|p1a: Chica the Chicken|atk|2\n|\n|-ability|p1a: Chica the Chicken|Speed Boost|boost\n|-boost|p1a: Chica the Chicken|spe|1\n|upkeep\n|turn|8\n|\n|t:|1700819989\n|move|p1a: Chica the Chicken|Protect|p1a: Chica the Chicken\n|-singleturn|p1a: Chica the Chicken|Protect\n|move|p2a: Mewtwo|Aura Sphere|p1a: Chica the Chicken\n|-activate|p1a: Chica the Chicken|move: Protect\n|\n|-ability|p1a: Chica the Chicken|Speed Boost|boost\n|-boost|p1a: Chica the Chicken|spe|1\n|upkeep\n|turn|9\n|\n|t:|1700820000\n|move|p1a: Chica the Chicken|Blaze Kick|p2a: Mewtwo\n|-damage|p2a: Mewtwo|0 fnt\n|faint|p2a: Mewtwo\n|\n|-ability|p1a: Chica the Chicken|Speed Boost|boost\n|-boost|p1a: Chica the Chicken|spe|1\n|upkeep\n|\n|t:|1700820009\n|switch|p2a: Marshadow|Marshadow|100\/100\n|-damage|p2a: Marshadow|94\/100|[from] Stealth Rock\n|-damage|p2a: Marshadow|78\/100|[from] Spikes\n|turn|10\n|\n|t:|1700820019\n|-terastallize|p2a: Marshadow|Water\n|move|p1a: Chica the Chicken|Blaze Kick|p2a: Marshadow\n|-resisted|p2a: Marshadow\n|-crit|p2a: Marshadow\n|-damage|p2a: Marshadow|0 fnt\n|faint|p2a: Marshadow\n|\n|-ability|p1a: Chica the Chicken|Speed Boost|boost\n|-boost|p1a: Chica the Chicken|spe|1\n|upkeep\n|\n|t:|1700820026\n|switch|p2a: Regieleki|Regieleki|100\/100\n|-damage|p2a: Regieleki|88\/100|[from] Stealth Rock\n|-damage|p2a: Regieleki|72\/100|[from] Spikes\n|turn|11\n|c|\u2606DecibelTheNoivern|Crit mattered\n|-message|eduelena forfeited.\n|\n|win|DecibelTheNoivern\n|raw|DecibelTheNoivern's rating: 1178 &rarr; <strong>1203<\/strong><br \/>(+25 for winning)\n|raw|eduelena's rating: 1182 &rarr; <strong>1157<\/strong><br \/>(-25 for losing)\n|l|\u2606eduelena\n","uploadtime":1700820039,"views":4,"p1id":"decibelthenoivern","p2id":"eduelena","formatid":"gen9nationaldexubers","rating":1157,"private":0,"password":""}