{"id":"gen9nationaldexubers-1996296516","p1":"FrostyBunnee","p2":"RuneStone_hi","format":"[Gen 9] National Dex Ubers","log":"|j|\u2606FrostyBunnee\n|j|\u2606RuneStone_hi\n|t:|1700668592\n|gametype|singles\n|player|p1|FrostyBunnee|iris|1081\n|player|p2|RuneStone_hi|colress|1040\n|teamsize|p1|6\n|teamsize|p2|6\n|gen|9\n|tier|[Gen 9] National Dex Ubers\n|rated|\n|rule|HP Percentage Mod: HP is shown in percentages\n|rule|Endless Battle Clause: Forcing endless battles is banned\n|rule|OHKO Clause: OHKO moves are banned\n|rule|Evasion Moves Clause: Evasion moves are banned\n|rule|Evasion Items Clause: Evasion items are banned\n|rule|Species Clause: Limit one of each Pok\u00e9mon\n|rule|Sleep Clause Mod: Limit one foe put to sleep\n|rule|Mega Rayquaza Clause: You cannot mega evolve Rayquaza\n|clearpoke\n|poke|p1|Dragonite, M|\n|poke|p1|Dragapult, M|\n|poke|p1|Lucario, M|\n|poke|p1|Altaria, F|\n|poke|p1|Garchomp, F|\n|poke|p1|Charizard, F|\n|poke|p2|Zacian-*|\n|poke|p2|Dragapult, M|\n|poke|p2|Greninja-*, M|\n|poke|p2|Zapdos|\n|poke|p2|Quagsire, F|\n|poke|p2|Kingambit, M|\n|teampreview\n|\n|t:|1700668603\n|start\n|switch|p1a: Garchomp|Garchomp, F, shiny|100\/100\n|switch|p2a: Greninja|Greninja, M, shiny|100\/100\n|turn|1\n|\n|t:|1700668612\n|move|p2a: Greninja|Toxic Spikes|p1a: Garchomp\n|-sidestart|p1: FrostyBunnee|move: Toxic Spikes\n|move|p1a: Garchomp|Stealth Rock|p2a: Greninja\n|-sidestart|p2: RuneStone_hi|move: Stealth Rock\n|\n|upkeep\n|turn|2\n|\n|t:|1700668645\n|move|p2a: Greninja|Toxic Spikes|p1a: Garchomp\n|-sidestart|p1: FrostyBunnee|move: Toxic Spikes\n|move|p1a: Garchomp|Draco Meteor|p2a: Greninja\n|-damage|p2a: Greninja|54\/100\n|-unboost|p1a: Garchomp|spa|2\n|\n|upkeep\n|turn|3\n|\n|t:|1700668654\n|move|p2a: Greninja|Spikes|p1a: Garchomp\n|-sidestart|p1: FrostyBunnee|Spikes\n|move|p1a: Garchomp|Draco Meteor|p2a: Greninja\n|-damage|p2a: Greninja|27\/100\n|-unboost|p1a: Garchomp|spa|2\n|\n|upkeep\n|turn|4\n|\n|t:|1700668665\n|move|p2a: Greninja|Water Shuriken|p1a: Garchomp\n|-damage|p1a: Garchomp|90\/100\n|-damage|p1a: Garchomp|80\/100\n|-damage|p1a: Garchomp|71\/100\n|-hitcount|p1a: Garchomp|3\n|move|p1a: Garchomp|Stealth Rock||[still]\n|-fail|p1a: Garchomp\n|\n|upkeep\n|turn|5\n|\n|t:|1700668678\n|move|p2a: Greninja|Gunk Shot|p1a: Garchomp\n|-resisted|p1a: Garchomp\n|-damage|p1a: Garchomp|57\/100\n|-status|p1a: Garchomp|psn\n|move|p1a: Garchomp|Stealth Rock||[still]\n|-fail|p1a: Garchomp\n|\n|-damage|p1a: Garchomp|45\/100 psn|[from] psn\n|upkeep\n|turn|6\n|\n|t:|1700668689\n|move|p2a: Greninja|Water Shuriken|p1a: Garchomp\n|-damage|p1a: Garchomp|36\/100 psn\n|-damage|p1a: Garchomp|26\/100 psn\n|-damage|p1a: Garchomp|17\/100 psn\n|-damage|p1a: Garchomp|7\/100 psn\n|-hitcount|p1a: Garchomp|4\n|move|p1a: Garchomp|Earthquake|p2a: Greninja\n|-damage|p2a: Greninja|0 fnt\n|faint|p2a: Greninja\n|\n|-damage|p1a: Garchomp|0 fnt|[from] psn\n|faint|p1a: Garchomp\n|upkeep\n|\n|t:|1700668707\n|switch|p2a: Zapdos|Zapdos, shiny|100\/100\n|switch|p1a: shrek|Dragonite, M, shiny|100\/100\n|-damage|p2a: Zapdos|76\/100|[from] Stealth Rock\n|turn|7\n|\n|t:|1700668722\n|move|p2a: Zapdos|Zap Cannon|p1a: shrek\n|-damage|p1a: shrek|33\/100\n|-status|p1a: shrek|par\n|move|p1a: shrek|Toxic|p2a: Zapdos\n|-status|p2a: Zapdos|tox\n|\n|-heal|p2a: Zapdos|82\/100 tox|[from] item: Leftovers\n|-damage|p2a: Zapdos|76\/100 tox|[from] psn\n|upkeep\n|turn|8\n|\n|t:|1700668735\n|move|p2a: Zapdos|Zap Cannon|p1a: shrek\n|-damage|p1a: shrek|0 fnt\n|faint|p1a: shrek\n|\n|-heal|p2a: Zapdos|82\/100 tox|[from] item: Leftovers\n|-damage|p2a: Zapdos|69\/100 tox|[from] psn\n|upkeep\n|\n|t:|1700668743\n|switch|p1a: The Gambler|Dragapult, M, shiny|100\/100\n|-status|p1a: The Gambler|tox\n|-damage|p1a: The Gambler|88\/100 tox|[from] Spikes\n|turn|9\n|\n|t:|1700668766\n|-zpower|p1a: The Gambler\n|move|p1a: The Gambler|Inferno Overdrive|p2a: Zapdos|[zeffect]\n|-damage|p2a: Zapdos|19\/100 tox\n|move|p2a: Zapdos|Hurricane|p1a: The Gambler\n|-damage|p1a: The Gambler|28\/100 tox\n|\n|-heal|p2a: Zapdos|26\/100 tox|[from] item: Leftovers\n|-damage|p1a: The Gambler|22\/100 tox|[from] psn\n|-damage|p2a: Zapdos|7\/100 tox|[from] psn\n|upkeep\n|turn|10\n|\n|t:|1700668788\n|move|p1a: The Gambler|Shadow Ball|p2a: Zapdos\n|-damage|p2a: Zapdos|0 fnt\n|faint|p2a: Zapdos\n|\n|-damage|p1a: The Gambler|10\/100 tox|[from] psn\n|upkeep\n|\n|t:|1700668804\n|switch|p2a: Quagsire|Quagsire, F|100\/100\n|-damage|p2a: Quagsire|94\/100|[from] Stealth Rock\n|turn|11\n|\n|t:|1700668811\n|move|p1a: The Gambler|Dragon Darts|p2a: Quagsire\n|-damage|p2a: Quagsire|76\/100\n|-anim|p1a: The Gambler|Dragon Darts|p2a: Quagsire\n|-damage|p2a: Quagsire|57\/100\n|move|p2a: Quagsire|Avalanche|p1a: The Gambler\n|-supereffective|p1a: The Gambler\n|-damage|p1a: The Gambler|0 fnt\n|faint|p1a: The Gambler\n|\n|-heal|p2a: Quagsire|64\/100|[from] item: Leftovers\n|upkeep\n|\n|t:|1700668822\n|switch|p1a: Naruto|Lucario, M, shiny|100\/100\n|-damage|p1a: Naruto|88\/100|[from] Spikes\n|turn|12\n|\n|t:|1700668832\n|-terastallize|p1a: Naruto|Fighting\n|move|p1a: Naruto|Aura Sphere|p2a: Quagsire\n|-damage|p2a: Quagsire|17\/100\n|move|p2a: Quagsire|Earthquake|p1a: Naruto\n|-damage|p1a: Naruto|23\/100\n|\n|-heal|p2a: Quagsire|23\/100|[from] item: Leftovers\n|upkeep\n|turn|13\n|\n|t:|1700668851\n|move|p1a: Naruto|Aura Sphere|p2a: Quagsire\n|-damage|p2a: Quagsire|0 fnt\n|faint|p2a: Quagsire\n|\n|upkeep\n|\n|t:|1700668859\n|switch|p2a: Dragapult|Dragapult, M, shiny|100\/100\n|-damage|p2a: Dragapult|88\/100|[from] Stealth Rock\n|turn|14\n|\n|t:|1700668867\n|move|p1a: Naruto|Bullet Punch|p2a: Dragapult\n|-damage|p2a: Dragapult|61\/100\n|move|p2a: Dragapult|Hex|p1a: Naruto\n|-damage|p1a: Naruto|0 fnt\n|faint|p1a: Naruto\n|\n|upkeep\n|\n|t:|1700668873\n|switch|p1a: Altaria|Altaria, F, shiny|100\/100\n|-ability|p1a: Altaria|Cloud Nine\n|turn|15\n|\n|t:|1700668883\n|move|p2a: Dragapult|Will-O-Wisp|p1a: Altaria\n|-status|p1a: Altaria|brn\n|move|p1a: Altaria|Iron Tail|p2a: Dragapult|[miss]\n|-miss|p1a: Altaria|p2a: Dragapult\n|\n|-damage|p1a: Altaria|94\/100 brn|[from] brn\n|upkeep\n|turn|16\n|\n|t:|1700668891\n|move|p2a: Dragapult|Hex|p1a: Altaria\n|-damage|p1a: Altaria|15\/100 brn\n|move|p1a: Altaria|Draco Meteor|p2a: Dragapult\n|-supereffective|p2a: Dragapult\n|-damage|p2a: Dragapult|0 fnt\n|-unboost|p1a: Altaria|spa|2\n|faint|p2a: Dragapult\n|\n|-damage|p1a: Altaria|9\/100 brn|[from] brn\n|upkeep\n|\n|t:|1700668903\n|switch|p2a: Zacian|Zacian-Crowned|100\/100\n|-damage|p2a: Zacian|94\/100|[from] Stealth Rock\n|-ability|p2a: Zacian|Intrepid Sword|boost\n|-boost|p2a: Zacian|atk|1\n|turn|17\n|\n|t:|1700668909\n|move|p2a: Zacian|Swords Dance|p2a: Zacian\n|-boost|p2a: Zacian|atk|2\n|move|p1a: Altaria|Perish Song|p1a: Altaria\n|-start|p1a: Altaria|perish3|[silent]\n|-start|p2a: Zacian|perish3|[silent]\n|-fieldactivate|move: Perish Song\n|\n|-damage|p1a: Altaria|3\/100 brn|[from] brn\n|-start|p2a: Zacian|perish3\n|-start|p1a: Altaria|perish3\n|upkeep\n|turn|18\n|\n|t:|1700668925\n|move|p2a: Zacian|Swords Dance|p2a: Zacian\n|-boost|p2a: Zacian|atk|2\n|move|p1a: Altaria|Iron Tail|p2a: Zacian\n|-damage|p2a: Zacian|84\/100\n|\n|-damage|p1a: Altaria|0 fnt|[from] brn\n|faint|p1a: Altaria\n|-start|p2a: Zacian|perish2\n|upkeep\n|\n|t:|1700668933\n|switch|p1a: Charizard|Charizard, F, shiny|100\/100\n|turn|19\n|\n|t:|1700668944\n|detailschange|p1a: Charizard|Charizard-Mega-Y, F, shiny\n|-mega|p1a: Charizard|Charizard|Charizardite Y\n|-weather|SunnyDay|[from] ability: Drought|[of] p1a: Charizard\n|-terastallize|p2a: Zacian|Fighting\n|move|p2a: Zacian|Sacred Sword|p1a: Charizard\n|-resisted|p1a: Charizard\n|-damage|p1a: Charizard|0 fnt\n|faint|p1a: Charizard\n|\n|win|RuneStone_hi\n|raw|FrostyBunnee's rating: 1081 &rarr; <strong>1056<\/strong><br \/>(-25 for losing)\n|raw|RuneStone_hi's rating: 1040 &rarr; <strong>1078<\/strong><br \/>(+38 for winning)\n|c|\u2606RuneStone_hi|GG\n","uploadtime":1700668970,"views":1,"p1id":"frostybunnee","p2id":"runestonehi","formatid":"gen9nationaldexubers","rating":1056,"private":0,"password":""}