{"id":"gen9nationaldexubers-1982389920","p1":"Rhyfinn jr.","p2":"Amzy128","format":"[Gen 9] National Dex Ubers","log":"|j|\u2606Rhyfinn jr.\n|j|\u2606Amzy128\n|t:|1699008543\n|gametype|singles\n|player|p1|Rhyfinn jr.|ninjaboy|1110\n|player|p2|Amzy128|marshal|1062\n|teamsize|p1|6\n|teamsize|p2|6\n|gen|9\n|tier|[Gen 9] National Dex Ubers\n|rated|\n|rule|HP Percentage Mod: HP is shown in percentages\n|rule|Endless Battle Clause: Forcing endless battles is banned\n|rule|OHKO Clause: OHKO moves are banned\n|rule|Evasion Moves Clause: Evasion moves are banned\n|rule|Evasion Items Clause: Evasion items are banned\n|rule|Species Clause: Limit one of each Pok\u00e9mon\n|rule|Sleep Clause Mod: Limit one foe put to sleep\n|rule|Mega Rayquaza Clause: You cannot mega evolve Rayquaza\n|clearpoke\n|poke|p1|Salamence, F|\n|poke|p1|Xerneas-*|\n|poke|p1|Ho-Oh|\n|poke|p1|Marshadow|\n|poke|p1|Groudon|\n|poke|p1|Urshifu-*, F|\n|poke|p2|Lucario, M|\n|poke|p2|Rotom-Wash|\n|poke|p2|Umbreon, M|\n|poke|p2|Mamoswine, F|\n|poke|p2|Crobat, F|\n|poke|p2|Chandelure, F|\n|teampreview\n|inactive|Battle timer is ON: inactive players will automatically lose when time's up. (requested by Rhyfinn jr.)\n|j| noodlejob\n|\n|t:|1699008559\n|start\n|switch|p1a: Urshifu|Urshifu, F|100\/100\n|switch|p2a: Rotom|Rotom-Wash, shiny|100\/100\n|turn|1\n|\n|t:|1699008585\n|move|p1a: Urshifu|U-turn|p2a: Rotom\n|-damage|p2a: Rotom|81\/100\n|\n|t:|1699008590\n|switch|p1a: Groudon|Groudon|100\/100|[from] U-turn\n|detailschange|p1a: Groudon|Groudon-Primal\n|-primal|p1a: Groudon|Red Orb\n|-weather|DesolateLand|[from] ability: Desolate Land|[of] p1a: Groudon\n|move|p2a: Rotom|Will-O-Wisp|p1a: Groudon|[miss]\n|-miss|p2a: Rotom|p1a: Groudon\n|\n|-weather|DesolateLand|[upkeep]\n|-heal|p2a: Rotom|87\/100|[from] item: Leftovers\n|upkeep\n|turn|2\n|inactive|Amzy128 has 120 seconds left.\n|\n|t:|1699008632\n|move|p1a: Groudon|Rock Polish|p1a: Groudon\n|-boost|p1a: Groudon|spe|2\n|move|p2a: Rotom|Hydro Pump||[still]\n|-fail|p2a: Rotom|Hydro Pump|[from] Desolate Land\n|\n|-weather|DesolateLand|[upkeep]\n|-heal|p2a: Rotom|93\/100|[from] item: Leftovers\n|upkeep\n|turn|3\n|\n|t:|1699008639\n|switch|p2a: Chandelure|Chandelure, F, shiny|100\/100\n|move|p1a: Groudon|Solar Beam||[still]\n|-prepare|p1a: Groudon|Solar Beam\n|-anim|p1a: Groudon|Solar Beam|p2a: Chandelure\n|-resisted|p2a: Chandelure\n|-damage|p2a: Chandelure|62\/100\n|\n|-weather|DesolateLand|[upkeep]\n|upkeep\n|turn|4\n|\n|t:|1699008652\n|move|p1a: Groudon|Earth Power|p2a: Chandelure\n|-supereffective|p2a: Chandelure\n|-damage|p2a: Chandelure|0 fnt\n|faint|p2a: Chandelure\n|\n|-weather|DesolateLand|[upkeep]\n|upkeep\n|inactive|Amzy128 has 90 seconds left.\n|\n|t:|1699008678\n|switch|p2a: Mamoswine|Mamoswine, F|100\/100\n|turn|5\n|\n|t:|1699008681\n|move|p2a: Mamoswine|Ice Shard|p1a: Groudon\n|-damage|p1a: Groudon|82\/100\n|-damage|p2a: Mamoswine|91\/100|[from] item: Life Orb\n|move|p1a: Groudon|Flamethrower|p2a: Mamoswine\n|-supereffective|p2a: Mamoswine\n|-damage|p2a: Mamoswine|0 fnt\n|faint|p2a: Mamoswine\n|\n|-weather|DesolateLand|[upkeep]\n|upkeep\n|inactive|Amzy128 has 90 seconds left.\n|\n|t:|1699008718\n|switch|p2a: Lucario|Lucario, M, shiny|100\/100\n|turn|6\n|\n|t:|1699008724\n|detailschange|p2a: Lucario|Lucario-Mega, M, shiny\n|-mega|p2a: Lucario|Lucario|Lucarionite\n|move|p1a: Groudon|Flamethrower|p2a: Lucario\n|-supereffective|p2a: Lucario\n|-damage|p2a: Lucario|0 fnt\n|faint|p2a: Lucario\n|\n|-weather|DesolateLand|[upkeep]\n|upkeep\n|\n|t:|1699008733\n|switch|p2a: Crobat|Crobat, F, shiny|100\/100\n|turn|7\n|\n|t:|1699008737\n|move|p1a: Groudon|Flamethrower|p2a: Crobat\n|-damage|p2a: Crobat|0 fnt\n|faint|p2a: Crobat\n|\n|-weather|DesolateLand|[upkeep]\n|upkeep\n|\n|t:|1699008753\n|switch|p2a: Umbreon|Umbreon, M, shiny|100\/100\n|turn|8\n|\n|t:|1699008761\n|move|p1a: Groudon|Flamethrower|p2a: Umbreon\n|-damage|p2a: Umbreon|53\/100\n|move|p2a: Umbreon|Foul Play|p1a: Groudon\n|-damage|p1a: Groudon|51\/100\n|\n|-weather|DesolateLand|[upkeep]\n|-heal|p2a: Umbreon|59\/100|[from] item: Leftovers\n|upkeep\n|turn|9\n|\n|t:|1699008768\n|move|p1a: Groudon|Flamethrower|p2a: Umbreon\n|-damage|p2a: Umbreon|13\/100\n|move|p2a: Umbreon|Foul Play|p1a: Groudon\n|-damage|p1a: Groudon|22\/100\n|\n|-weather|DesolateLand|[upkeep]\n|-heal|p2a: Umbreon|20\/100|[from] item: Leftovers\n|upkeep\n|turn|10\n|inactive|Amzy128 has 90 seconds left.\n|\n|t:|1699008776\n|switch|p2a: Rotom|Rotom-Wash, shiny|93\/100\n|move|p1a: Groudon|Flamethrower|p2a: Rotom\n|-resisted|p2a: Rotom\n|-damage|p2a: Rotom|51\/100\n|\n|-weather|DesolateLand|[upkeep]\n|-heal|p2a: Rotom|57\/100|[from] item: Leftovers\n|upkeep\n|turn|11\n|inactive|Amzy128 has 90 seconds left.\n|\n|t:|1699008802\n|move|p1a: Groudon|Solar Beam||[still]\n|-prepare|p1a: Groudon|Solar Beam\n|-anim|p1a: Groudon|Solar Beam|p2a: Rotom\n|-supereffective|p2a: Rotom\n|-damage|p2a: Rotom|0 fnt\n|faint|p2a: Rotom\n|\n|-weather|DesolateLand|[upkeep]\n|upkeep\n|\n|t:|1699008812\n|switch|p2a: Umbreon|Umbreon, M, shiny|20\/100\n|turn|12\n|\n|t:|1699008820\n|move|p1a: Groudon|Flamethrower|p2a: Umbreon\n|-damage|p2a: Umbreon|0 fnt\n|faint|p2a: Umbreon\n|\n|win|Rhyfinn jr.\n|raw|Rhyfinn jr.'s rating: 1110 &rarr; <strong>1132<\/strong><br \/>(+22 for winning)\n|raw|Amzy128's rating: 1062 &rarr; <strong>1045<\/strong><br \/>(-17 for losing)\n|l|\u2606Amzy128\n|l| noodlejob\n","uploadtime":1699008921,"views":12,"p1id":"rhyfinnjr","p2id":"amzy128","formatid":"gen9nationaldexubers","rating":1045,"private":0,"password":""}