{"id":"gen9nationaldexubers-1979157322","p1":"SWT_Octo","p2":"King_AbDullO","format":"[Gen 9] National Dex Ubers","log":"|j|\u2606SWT_Octo\n|j|\u2606King_AbDullO\n|t:|1698640685\n|gametype|singles\n|player|p1|SWT_Octo|waiter-gen4dp|1037\n|player|p2|King_AbDullO|2|1042\n|teamsize|p1|2\n|teamsize|p2|6\n|gen|9\n|tier|[Gen 9] National Dex Ubers\n|rated|\n|rule|HP Percentage Mod: HP is shown in percentages\n|rule|Endless Battle Clause: Forcing endless battles is banned\n|rule|OHKO Clause: OHKO moves are banned\n|rule|Evasion Moves Clause: Evasion moves are banned\n|rule|Evasion Items Clause: Evasion items are banned\n|rule|Species Clause: Limit one of each Pok\u00e9mon\n|rule|Sleep Clause Mod: Limit one foe put to sleep\n|rule|Mega Rayquaza Clause: You cannot mega evolve Rayquaza\n|clearpoke\n|poke|p1|Orthworm, M|\n|poke|p1|Espathra, F|\n|poke|p2|Kingambit, M|\n|poke|p2|Cinderace, F|\n|poke|p2|Gholdengo|\n|poke|p2|Skarmory, F|\n|poke|p2|Toxapex, F|\n|poke|p2|Gengar, F|\n|teampreview\n|\n|t:|1698640698\n|start\n|switch|p1a: Orthworm|Orthworm, M|100\/100\n|switch|p2a: Toxapex|Toxapex, F|100\/100\n|turn|1\n|\n|t:|1698640708\n|move|p1a: Orthworm|Shed Tail|p1a: Orthworm\n|-start|p1a: Orthworm|Substitute|[from] move: Shed Tail\n|-damage|p1a: Orthworm|50\/100\n|-enditem|p1a: Orthworm|Sitrus Berry|[eat]\n|-heal|p1a: Orthworm|75\/100|[from] item: Sitrus Berry\n|\n|t:|1698640712\n|switch|p1a: Espathra|Espathra, F|100\/100|[from] Shed Tail\n|move|p2a: Toxapex|Scald|p1a: Espathra\n|-activate|p1a: Espathra|move: Substitute|[damage]\n|\n|upkeep\n|turn|2\n|\n|t:|1698640723\n|switch|p2a: Kingambit|Kingambit, M|100\/100\n|move|p1a: Espathra|Calm Mind|p1a: Espathra\n|-boost|p1a: Espathra|spa|1\n|-boost|p1a: Espathra|spd|1\n|\n|-ability|p1a: Espathra|Speed Boost|boost\n|-boost|p1a: Espathra|spe|1\n|upkeep\n|turn|3\n|\n|t:|1698640737\n|move|p1a: Espathra|Calm Mind|p1a: Espathra\n|-boost|p1a: Espathra|spa|1\n|-boost|p1a: Espathra|spd|1\n|move|p2a: Kingambit|Kowtow Cleave|p1a: Espathra\n|-supereffective|p1a: Espathra\n|-end|p1a: Espathra|Substitute\n|\n|-ability|p1a: Espathra|Speed Boost|boost\n|-boost|p1a: Espathra|spe|1\n|upkeep\n|turn|4\n|\n|t:|1698640747\n|-terastallize|p1a: Espathra|Fighting\n|move|p2a: Kingambit|Sucker Punch|p1a: Espathra\n|-resisted|p1a: Espathra\n|-damage|p1a: Espathra|84\/100\n|move|p1a: Espathra|Tera Blast|p2a: Kingambit|[anim] Tera Blast Fighting\n|-supereffective|p2a: Kingambit\n|-damage|p2a: Kingambit|0 fnt\n|faint|p2a: Kingambit\n|-end|p2a: Kingambit|fallenundefined|[silent]\n|\n|-heal|p1a: Espathra|90\/100|[from] item: Leftovers\n|-ability|p1a: Espathra|Speed Boost|boost\n|-boost|p1a: Espathra|spe|1\n|upkeep\n|\n|t:|1698640764\n|switch|p2a: Gholdengo|Gholdengo|100\/100\n|turn|5\n|\n|t:|1698640771\n|move|p1a: Espathra|Substitute|p1a: Espathra\n|-start|p1a: Espathra|Substitute\n|-damage|p1a: Espathra|65\/100\n|move|p2a: Gholdengo|Make It Rain|p1a: Espathra\n|-end|p1a: Espathra|Substitute\n|-unboost|p2a: Gholdengo|spa|1\n|\n|-heal|p1a: Espathra|71\/100|[from] item: Leftovers\n|-ability|p1a: Espathra|Speed Boost|boost\n|-boost|p1a: Espathra|spe|1\n|upkeep\n|turn|6\n|\n|t:|1698640787\n|move|p1a: Espathra|Calm Mind|p1a: Espathra\n|-boost|p1a: Espathra|spa|1\n|-boost|p1a: Espathra|spd|1\n|move|p2a: Gholdengo|Shadow Ball|p1a: Espathra\n|-damage|p1a: Espathra|56\/100\n|\n|-heal|p1a: Espathra|62\/100|[from] item: Leftovers\n|-ability|p1a: Espathra|Speed Boost|boost\n|-boost|p1a: Espathra|spe|1\n|upkeep\n|turn|7\n|\n|t:|1698640799\n|switch|p2a: Skarmory|Skarmory, F|100\/100\n|move|p1a: Espathra|Substitute|p1a: Espathra\n|-start|p1a: Espathra|Substitute\n|-damage|p1a: Espathra|38\/100\n|\n|-heal|p1a: Espathra|44\/100|[from] item: Leftovers\n|-ability|p1a: Espathra|Speed Boost|boost\n|-boost|p1a: Espathra|spe|1\n|upkeep\n|turn|8\n|\n|t:|1698640809\n|move|p1a: Espathra|Stored Power|p2a: Skarmory\n|-resisted|p2a: Skarmory\n|-ability|p2a: Skarmory|Sturdy\n|-damage|p2a: Skarmory|1\/100\n|move|p2a: Skarmory|Whirlwind|p1a: Espathra\n|drag|p1a: Orthworm|Orthworm, M|75\/100\n|\n|-heal|p2a: Skarmory|7\/100|[from] item: Leftovers\n|upkeep\n|turn|9\n|-message|SWT_Octo forfeited.\n|\n|win|King_AbDullO\n|raw|SWT_Octo's rating: 1037 &rarr; <strong>1022<\/strong><br \/>(-15 for losing)\n|raw|King_AbDullO's rating: 1042 &rarr; <strong>1075<\/strong><br \/>(+33 for winning)\n|l|\u2606SWT_Octo\n","uploadtime":1698640828,"views":45,"p1id":"swtocto","p2id":"kingabdullo","formatid":"gen9nationaldexubers","rating":1022,"private":0,"password":""}