{"id":"gen9nationaldexubers-1997125069","p1":"Citrusfunk","p2":"Jasper Yoshi","format":"[Gen 9] National Dex Ubers","log":"|j|\u2606Citrusfunk\n|j|\u2606Jasper Yoshi\n|t:|1700767026\n|gametype|singles\n|player|p1|Citrusfunk|alec-anime|1080\n|player|p2|Jasper Yoshi|roxie|1034\n|teamsize|p1|6\n|teamsize|p2|6\n|gen|9\n|tier|[Gen 9] National Dex Ubers\n|rated|\n|rule|HP Percentage Mod: HP is shown in percentages\n|rule|Endless Battle Clause: Forcing endless battles is banned\n|rule|OHKO Clause: OHKO moves are banned\n|rule|Evasion Moves Clause: Evasion moves are banned\n|rule|Evasion Items Clause: Evasion items are banned\n|rule|Species Clause: Limit one of each Pok\u00e9mon\n|rule|Sleep Clause Mod: Limit one foe put to sleep\n|rule|Mega Rayquaza Clause: You cannot mega evolve Rayquaza\n|clearpoke\n|poke|p1|Charizard, M|\n|poke|p1|Crawdaunt, M|\n|poke|p1|Ursaluna-Bloodmoon, M|\n|poke|p1|Kommo-o, F|\n|poke|p1|Ninetales-Alola, F|\n|poke|p1|Sinistcha|\n|poke|p2|Articuno|\n|poke|p2|Moltres|\n|poke|p2|Zapdos|\n|poke|p2|Ho-Oh|\n|poke|p2|Lugia|\n|poke|p2|Rayquaza|\n|teampreview\n|inactive|Battle timer is ON: inactive players will automatically lose when time's up. (requested by Citrusfunk)\n|\n|t:|1700767035\n|start\n|switch|p1a: Cool ass freezer|Ninetales-Alola, F|100\/100\n|switch|p2a: Articuno|Articuno, shiny|100\/100\n|-weather|Snow|[from] ability: Snow Warning|[of] p1a: Cool ass freezer\n|-ability|p2a: Articuno|Pressure\n|turn|1\n|c|\u2606Citrusfunk|Glhf\n|\n|t:|1700767054\n|move|p1a: Cool ass freezer|Aurora Veil|p1a: Cool ass freezer\n|-sidestart|p1: Citrusfunk|move: Aurora Veil\n|move|p2a: Articuno|Tailwind|p2a: Articuno\n|-sidestart|p2: Jasper Yoshi|move: Tailwind\n|\n|-weather|Snow|[upkeep]\n|upkeep\n|turn|2\n|\n|t:|1700767061\n|move|p2a: Articuno|Weather Ball|p1a: Cool ass freezer\n|-resisted|p1a: Cool ass freezer\n|-damage|p1a: Cool ass freezer|87\/100\n|move|p1a: Cool ass freezer|Calm Mind|p1a: Cool ass freezer\n|-boost|p1a: Cool ass freezer|spa|1\n|-boost|p1a: Cool ass freezer|spd|1\n|\n|-weather|Snow|[upkeep]\n|upkeep\n|turn|3\n|\n|t:|1700767077\n|move|p2a: Articuno|Weather Ball|p1a: Cool ass freezer\n|-resisted|p1a: Cool ass freezer\n|-damage|p1a: Cool ass freezer|78\/100\n|move|p1a: Cool ass freezer|Freeze-Dry|p2a: Articuno\n|-damage|p2a: Articuno|70\/100\n|\n|-weather|Snow|[upkeep]\n|upkeep\n|turn|4\n|l|\u2606Citrusfunk\n|inactive|Citrusfunk disconnected and has a minute to reconnect!\n|player|p1|\n|j|\u2606Citrusfunk\n|inactive|Citrusfunk reconnected and has 135 seconds left.\n|player|p1|Citrusfunk|alec-anime\n|\n|t:|1700767095\n|move|p2a: Articuno|Weather Ball|p1a: Cool ass freezer\n|-resisted|p1a: Cool ass freezer\n|-damage|p1a: Cool ass freezer|68\/100\n|move|p1a: Cool ass freezer|Calm Mind|p1a: Cool ass freezer\n|-boost|p1a: Cool ass freezer|spa|1\n|-boost|p1a: Cool ass freezer|spd|1\n|\n|-weather|Snow|[upkeep]\n|-sideend|p2: Jasper Yoshi|move: Tailwind\n|upkeep\n|turn|5\n|\n|t:|1700767105\n|move|p1a: Cool ass freezer|Freeze-Dry|p2a: Articuno\n|-crit|p2a: Articuno\n|-damage|p2a: Articuno|13\/100\n|-enditem|p2a: Articuno|Petaya Berry|[eat]\n|-boost|p2a: Articuno|spa|1|[from] item: Petaya Berry\n|move|p2a: Articuno|Tailwind|p2a: Articuno\n|-sidestart|p2: Jasper Yoshi|move: Tailwind\n|\n|-weather|none\n|upkeep\n|turn|6\n|\n|t:|1700767116\n|move|p2a: Articuno|Weather Ball|p1a: Cool ass freezer\n|-damage|p1a: Cool ass freezer|62\/100\n|move|p1a: Cool ass freezer|Freeze-Dry|p2a: Articuno\n|-damage|p2a: Articuno|0 fnt\n|faint|p2a: Articuno\n|\n|upkeep\n|\n|t:|1700767134\n|switch|p2a: Moltres|Moltres, shiny|100\/100\n|turn|7\n|\n|t:|1700767147\n|move|p2a: Moltres|Flamethrower|p1a: Cool ass freezer\n|-supereffective|p1a: Cool ass freezer\n|-damage|p1a: Cool ass freezer|34\/100\n|move|p1a: Cool ass freezer|Freeze-Dry|p2a: Moltres\n|-crit|p2a: Moltres\n|-damage|p2a: Moltres|7\/100\n|\n|upkeep\n|turn|8\n|\n|t:|1700767157\n|switch|p1a: Nightmare Freddy|Ursaluna-Bloodmoon, M|100\/100\n|move|p2a: Moltres|Flamethrower|p1a: Nightmare Freddy\n|-damage|p1a: Nightmare Freddy|76\/100\n|\n|-heal|p1a: Nightmare Freddy|82\/100|[from] item: Leftovers\n|-sideend|p2: Jasper Yoshi|move: Tailwind\n|-sideend|p1: Citrusfunk|move: Aurora Veil\n|upkeep\n|turn|9\n|\n|t:|1700767169\n|move|p2a: Moltres|Hurricane|p1a: Nightmare Freddy\n|-damage|p1a: Nightmare Freddy|20\/100\n|move|p1a: Nightmare Freddy|Calm Mind|p1a: Nightmare Freddy\n|-boost|p1a: Nightmare Freddy|spa|1\n|-boost|p1a: Nightmare Freddy|spd|1\n|\n|-heal|p1a: Nightmare Freddy|26\/100|[from] item: Leftovers\n|upkeep\n|turn|10\n|\n|t:|1700767181\n|move|p1a: Nightmare Freddy|Vacuum Wave|p2a: Moltres\n|-resisted|p2a: Moltres\n|-damage|p2a: Moltres|0 fnt\n|faint|p2a: Moltres\n|\n|-heal|p1a: Nightmare Freddy|32\/100|[from] item: Leftovers\n|upkeep\n|\n|t:|1700767196\n|switch|p2a: Ho-Oh|Ho-Oh, shiny|100\/100\n|turn|11\n|\n|t:|1700767211\n|move|p1a: Nightmare Freddy|Blood Moon|p2a: Ho-Oh\n|-damage|p2a: Ho-Oh|30\/100\n|move|p2a: Ho-Oh|Roar|p1a: Nightmare Freddy\n|drag|p1a: Cool ass freezer|Ninetales-Alola, F|34\/100\n|-weather|Snow|[from] ability: Snow Warning|[of] p1a: Cool ass freezer\n|\n|-weather|Snow|[upkeep]\n|upkeep\n|turn|12\n|c|\u2606Citrusfunk|Damn forgot how clean shiny ho-oh is\n|\n|t:|1700767222\n|move|p1a: Cool ass freezer|Aurora Veil|p1a: Cool ass freezer\n|-sidestart|p1: Citrusfunk|move: Aurora Veil\n|move|p2a: Ho-Oh|Thunder Wave|p1a: Cool ass freezer\n|-status|p1a: Cool ass freezer|par\n|\n|-weather|Snow|[upkeep]\n|upkeep\n|turn|13\n|\n|t:|1700767230\n|cant|p1a: Cool ass freezer|par\n|move|p2a: Ho-Oh|Roar|p1a: Cool ass freezer\n|drag|p1a: Dab Torch|Charizard, M|100\/100\n|\n|-weather|Snow|[upkeep]\n|upkeep\n|turn|14\n|\n|t:|1700767238\n|detailschange|p1a: Dab Torch|Charizard-Mega-Y, M\n|-mega|p1a: Dab Torch|Charizard|Charizardite Y\n|-weather|SunnyDay|[from] ability: Drought|[of] p1a: Dab Torch\n|move|p1a: Dab Torch|Ancient Power|p2a: Ho-Oh\n|-supereffective|p2a: Ho-Oh\n|-damage|p2a: Ho-Oh|0 fnt\n|-boost|p1a: Dab Torch|atk|1\n|-boost|p1a: Dab Torch|def|1\n|-boost|p1a: Dab Torch|spa|1\n|-boost|p1a: Dab Torch|spd|1\n|-boost|p1a: Dab Torch|spe|1\n|faint|p2a: Ho-Oh\n|\n|-weather|SunnyDay|[upkeep]\n|upkeep\n|\n|t:|1700767260\n|switch|p2a: Lugia|Lugia, shiny|100\/100\n|turn|15\n|\n|t:|1700767265\n|move|p1a: Dab Torch|Ancient Power|p2a: Lugia\n|-supereffective|p2a: Lugia\n|-damage|p2a: Lugia|78\/100\n|move|p2a: Lugia|Light Screen|p2a: Lugia\n|-sidestart|p2: Jasper Yoshi|move: Light Screen\n|\n|-weather|SunnyDay|[upkeep]\n|upkeep\n|turn|16\n|\n|t:|1700767272\n|move|p1a: Dab Torch|Ancient Power|p2a: Lugia\n|-supereffective|p2a: Lugia\n|-damage|p2a: Lugia|60\/100\n|move|p2a: Lugia|Shadow Ball|p1a: Dab Torch\n|-damage|p1a: Dab Torch|92\/100\n|\n|-weather|SunnyDay|[upkeep]\n|upkeep\n|turn|17\n|\n|t:|1700767281\n|move|p1a: Dab Torch|Ancient Power|p2a: Lugia\n|-supereffective|p2a: Lugia\n|-damage|p2a: Lugia|38\/100\n|move|p2a: Lugia|Roar|p1a: Dab Torch\n|drag|p1a: Nightmare Freddy|Ursaluna-Bloodmoon, M|32\/100\n|\n|-weather|SunnyDay|[upkeep]\n|-heal|p1a: Nightmare Freddy|38\/100|[from] item: Leftovers\n|upkeep\n|turn|18\n|\n|t:|1700767292\n|move|p2a: Lugia|Shadow Ball|p1a: Nightmare Freddy\n|-immune|p1a: Nightmare Freddy\n|move|p1a: Nightmare Freddy|Blood Moon|p2a: Lugia\n|-damage|p2a: Lugia|17\/100\n|-enditem|p2a: Lugia|Aguav Berry|[eat]\n|-heal|p2a: Lugia|50\/100|[from] item: Aguav Berry\n|\n|-weather|none\n|-heal|p1a: Nightmare Freddy|44\/100|[from] item: Leftovers\n|upkeep\n|turn|19\n|\n|t:|1700767308\n|move|p2a: Lugia|Reflect|p2a: Lugia\n|-sidestart|p2: Jasper Yoshi|Reflect\n|move|p1a: Nightmare Freddy|Calm Mind|p1a: Nightmare Freddy\n|-boost|p1a: Nightmare Freddy|spa|1\n|-boost|p1a: Nightmare Freddy|spd|1\n|\n|-heal|p1a: Nightmare Freddy|50\/100|[from] item: Leftovers\n|-sideend|p2: Jasper Yoshi|move: Light Screen\n|-sideend|p1: Citrusfunk|move: Aurora Veil\n|upkeep\n|turn|20\n|\n|t:|1700767322\n|switch|p2a: Rayquaza|Rayquaza, shiny|100\/100\n|-ability|p2a: Rayquaza|Air Lock\n|move|p1a: Nightmare Freddy|Blood Moon|p2a: Rayquaza\n|-damage|p2a: Rayquaza|0 fnt\n|faint|p2a: Rayquaza\n|\n|-heal|p1a: Nightmare Freddy|56\/100|[from] item: Leftovers\n|upkeep\n|c|\u2606Citrusfunk|Should\u2019ve put light clay on your screen setter\n|\n|t:|1700767338\n|switch|p2a: Lugia|Lugia, shiny|50\/100\n|turn|21\n|\n|t:|1700767343\n|move|p2a: Lugia|Light Screen|p2a: Lugia\n|-sidestart|p2: Jasper Yoshi|move: Light Screen\n|move|p1a: Nightmare Freddy|Calm Mind|p1a: Nightmare Freddy\n|-boost|p1a: Nightmare Freddy|spa|1\n|-boost|p1a: Nightmare Freddy|spd|1\n|\n|-heal|p1a: Nightmare Freddy|62\/100|[from] item: Leftovers\n|upkeep\n|turn|22\n|\n|t:|1700767352\n|switch|p2a: Zapdos|Zapdos, shiny|100\/100\n|move|p1a: Nightmare Freddy|Blood Moon|p2a: Zapdos\n|-damage|p2a: Zapdos|8\/100\n|\n|-heal|p1a: Nightmare Freddy|68\/100|[from] item: Leftovers\n|upkeep\n|turn|23\n|\n|t:|1700767367\n|move|p2a: Zapdos|Hidden Power|p1a: Nightmare Freddy\n|-damage|p1a: Nightmare Freddy|54\/100\n|-damage|p2a: Zapdos|0 fnt|[from] item: Life Orb\n|faint|p2a: Zapdos\n|move|p1a: Nightmare Freddy|Calm Mind|p1a: Nightmare Freddy\n|-boost|p1a: Nightmare Freddy|spa|1\n|-boost|p1a: Nightmare Freddy|spd|1\n|\n|-heal|p1a: Nightmare Freddy|60\/100|[from] item: Leftovers\n|-sideend|p2: Jasper Yoshi|Reflect\n|upkeep\n|\n|t:|1700767378\n|switch|p2a: Lugia|Lugia, shiny|50\/100\n|turn|24\n|-message|Jasper Yoshi forfeited.\n|\n|win|Citrusfunk\n|raw|Citrusfunk's rating: 1080 &rarr; <strong>1104<\/strong><br \/>(+24 for winning)\n|raw|Jasper Yoshi's rating: 1034 &rarr; <strong>1021<\/strong><br \/>(-13 for losing)\n|l|\u2606Jasper Yoshi\n|n|!Citrusfunk|citrusfunk\n","uploadtime":1700767387,"views":12,"p1id":"citrusfunk","p2id":"jasperyoshi","formatid":"gen9nationaldexubers","rating":1021,"private":0,"password":""}