{"id":"gen9nationaldexubers-1988632803","p1":"fairlylame","p2":"basilcheer","format":"[Gen 9] National Dex Ubers","log":"|j|\u2606fairlylame\n|j|\u2606basilcheer\n|t:|1699744242\n|gametype|singles\n|player|p1|fairlylame|gladion|\n|player|p2|basilcheer|marnie|\n|teamsize|p1|6\n|teamsize|p2|6\n|gen|9\n|tier|[Gen 9] National Dex Ubers\n|rule|HP Percentage Mod: HP is shown in percentages\n|rule|Endless Battle Clause: Forcing endless battles is banned\n|rule|OHKO Clause: OHKO moves are banned\n|rule|Evasion Moves Clause: Evasion moves are banned\n|rule|Evasion Items Clause: Evasion items are banned\n|rule|Species Clause: Limit one of each Pok\u00e9mon\n|rule|Sleep Clause Mod: Limit one foe put to sleep\n|rule|Mega Rayquaza Clause: You cannot mega evolve Rayquaza\n|clearpoke\n|poke|p1|Kingambit, F|\n|poke|p1|Jirachi|\n|poke|p1|Salamence, M|\n|poke|p1|Lopunny, M|\n|poke|p1|Clodsire, M|\n|poke|p1|Shaymin|\n|poke|p2|Azelf|\n|poke|p2|Doublade, F|\n|poke|p2|Mawile, M|\n|poke|p2|Lurantis, F|\n|poke|p2|Feraligatr, F|\n|poke|p2|Haxorus, F|\n|teampreview\n|\n|t:|1699744260\n|start\n|switch|p1a: bill|Salamence, M|100\/100\n|switch|p2a: Azelf|Azelf|100\/100\n|-ability|p1a: bill|Intimidate|boost\n|-unboost|p2a: Azelf|atk|1\n|turn|1\n|j| palestjade\n|\n|t:|1699744298\n|move|p2a: Azelf|Reflect|p2a: Azelf\n|-sidestart|p2: basilcheer|Reflect\n|move|p1a: bill|Draco Meteor|p2a: Azelf|[miss]\n|-miss|p1a: bill|p2a: Azelf\n|\n|upkeep\n|turn|2\n|\n|t:|1699744306\n|move|p2a: Azelf|Light Screen|p2a: Azelf\n|-sidestart|p2: basilcheer|move: Light Screen\n|move|p1a: bill|Draco Meteor|p2a: Azelf\n|-damage|p2a: Azelf|53\/100\n|-unboost|p1a: bill|spa|2\n|\n|upkeep\n|turn|3\n|\n|t:|1699744322\n|move|p2a: Azelf|U-turn|p1a: bill\n|-resisted|p1a: bill\n|-damage|p1a: bill|94\/100\n|\n|t:|1699744331\n|switch|p2a: Mawile|Mawile, M|100\/100|[from] U-turn\n|-ability|p2a: Mawile|Intimidate|boost\n|-unboost|p1a: bill|atk|1\n|move|p1a: bill|Defog|p2a: Mawile\n|-unboost|p2a: Mawile|evasion|1\n|-sideend|p2: basilcheer|Reflect\n|-sideend|p2: basilcheer|move: Light Screen\n|\n|upkeep\n|turn|4\n|\n|t:|1699744357\n|detailschange|p2a: Mawile|Mawile-Mega, M\n|-mega|p2a: Mawile|Mawile|Mawilite\n|move|p1a: bill|Flamethrower|p2a: Mawile\n|-supereffective|p2a: Mawile\n|-damage|p2a: Mawile|64\/100\n|move|p2a: Mawile|Swords Dance|p2a: Mawile\n|-boost|p2a: Mawile|atk|2\n|\n|upkeep\n|turn|5\n|\n|t:|1699744371\n|move|p2a: Mawile|Sucker Punch|p1a: bill\n|-damage|p1a: bill|3\/100\n|move|p1a: bill|Flamethrower|p2a: Mawile\n|-supereffective|p2a: Mawile\n|-damage|p2a: Mawile|29\/100\n|\n|upkeep\n|turn|6\n|\n|t:|1699744385\n|move|p2a: Mawile|Sucker Punch||[still]\n|-fail|p2a: Mawile\n|move|p1a: bill|Roost|p1a: bill\n|-heal|p1a: bill|53\/100\n|-singleturn|p1a: bill|move: Roost\n|\n|upkeep\n|turn|7\n|\n|t:|1699744394\n|move|p2a: Mawile|Sucker Punch||[still]\n|-fail|p2a: Mawile\n|move|p1a: bill|Roost|p1a: bill\n|-heal|p1a: bill|100\/100\n|-singleturn|p1a: bill|move: Roost\n|\n|upkeep\n|turn|8\n|\n|t:|1699744412\n|switch|p2a: Feraligatr|Feraligatr, F|100\/100\n|move|p1a: bill|Flamethrower|p2a: Feraligatr\n|-resisted|p2a: Feraligatr\n|-damage|p2a: Feraligatr|90\/100\n|\n|upkeep\n|turn|9\n|\n|t:|1699744425\n|move|p2a: Feraligatr|Dragon Dance|p2a: Feraligatr\n|-boost|p2a: Feraligatr|atk|1\n|-boost|p2a: Feraligatr|spe|1\n|move|p1a: bill|Draco Meteor|p2a: Feraligatr\n|-damage|p2a: Feraligatr|48\/100\n|-unboost|p1a: bill|spa|2\n|\n|upkeep\n|turn|10\n|\n|t:|1699744440\n|switch|p1a: shayy undertale|Shaymin, shiny|100\/100\n|move|p2a: Feraligatr|Crunch|p1a: shayy undertale\n|-damage|p1a: shayy undertale|35\/100\n|\n|-heal|p1a: shayy undertale|41\/100|[from] item: Leftovers\n|upkeep\n|turn|11\n|\n|t:|1699744457\n|move|p2a: Feraligatr|Crunch|p1a: shayy undertale\n|-damage|p1a: shayy undertale|0 fnt\n|faint|p1a: shayy undertale\n|\n|upkeep\n|\n|t:|1699744482\n|switch|p1a: bitch|Jirachi|100\/100\n|turn|12\n|\n|t:|1699744488\n|move|p2a: Feraligatr|Crunch|p1a: bitch\n|-supereffective|p1a: bitch\n|-damage|p1a: bitch|0 fnt\n|faint|p1a: bitch\n|\n|upkeep\n|\n|t:|1699744500\n|switch|p1a: bozo|Clodsire, M|100\/100\n|turn|13\n|\n|t:|1699744506\n|move|p2a: Feraligatr|Liquidation|p1a: bozo\n|-supereffective|p1a: bozo\n|-damage|p1a: bozo|0 fnt\n|faint|p1a: bozo\n|\n|upkeep\n|\n|t:|1699744519\n|switch|p1a: jerry|Lopunny, M, shiny|100\/100\n|turn|14\n|\n|t:|1699744546\n|detailschange|p1a: jerry|Lopunny-Mega, M, shiny\n|-mega|p1a: jerry|Lopunny|Lopunnite\n|move|p1a: jerry|Fake Out|p2a: Feraligatr\n|-damage|p2a: Feraligatr|26\/100\n|cant|p2a: Feraligatr|flinch\n|\n|upkeep\n|turn|15\n|\n|t:|1699744555\n|switch|p1a: bill|Salamence, M|100\/100\n|-ability|p1a: bill|Intimidate|boost\n|-unboost|p2a: Feraligatr|atk|1\n|move|p2a: Feraligatr|Liquidation|p1a: bill\n|-resisted|p1a: bill\n|-damage|p1a: bill|64\/100\n|\n|upkeep\n|turn|16\n|\n|t:|1699744565\n|move|p2a: Feraligatr|Crunch|p1a: bill\n|-damage|p1a: bill|13\/100\n|move|p1a: bill|Draco Meteor|p2a: Feraligatr\n|-damage|p2a: Feraligatr|0 fnt\n|-unboost|p1a: bill|spa|2\n|faint|p2a: Feraligatr\n|\n|upkeep\n|\n|t:|1699744575\n|switch|p2a: Doublade|Doublade, F|100\/100\n|turn|17\n|\n|t:|1699744590\n|move|p2a: Doublade|Shadow Sneak|p1a: bill\n|-damage|p1a: bill|0 fnt\n|faint|p1a: bill\n|\n|upkeep\n|\n|t:|1699744612\n|switch|p1a: deadcoin|Kingambit, F, shiny|100\/100\n|-activate|p1a: deadcoin|ability: Supreme Overlord\n|-start|p1a: deadcoin|fallen4|[silent]\n|turn|18\n|\n|t:|1699744629\n|move|p1a: deadcoin|Swords Dance|p1a: deadcoin\n|-boost|p1a: deadcoin|atk|2\n|move|p2a: Doublade|Sacred Sword|p1a: deadcoin\n|-supereffective|p1a: deadcoin\n|-damage|p1a: deadcoin|17\/100\n|\n|upkeep\n|turn|19\n|\n|t:|1699744638\n|-terastallize|p1a: deadcoin|Dark\n|move|p1a: deadcoin|Sucker Punch|p2a: Doublade\n|-supereffective|p2a: Doublade\n|-damage|p2a: Doublade|0 fnt\n|faint|p2a: Doublade\n|\n|upkeep\n|\n|t:|1699744674\n|switch|p2a: Haxorus|Haxorus, F|100\/100\n|turn|20\n|\n|t:|1699744690\n|move|p1a: deadcoin|Sucker Punch|p2a: Haxorus\n|-damage|p2a: Haxorus|0 fnt\n|faint|p2a: Haxorus\n|\n|upkeep\n|\n|t:|1699744696\n|switch|p2a: Lurantis|Lurantis, F|100\/100\n|turn|21\n|\n|t:|1699744701\n|move|p1a: deadcoin|Sucker Punch|p2a: Lurantis\n|-damage|p2a: Lurantis|0 fnt\n|faint|p2a: Lurantis\n|\n|upkeep\n|\n|t:|1699744707\n|switch|p2a: Azelf|Azelf|53\/100\n|turn|22\n|\n|t:|1699744712\n|move|p1a: deadcoin|Sucker Punch||[still]\n|-fail|p1a: deadcoin\n|move|p2a: Azelf|Reflect|p2a: Azelf\n|-sidestart|p2: basilcheer|Reflect\n|\n|upkeep\n|turn|23\n|\n|t:|1699744720\n|move|p1a: deadcoin|Sucker Punch||[still]\n|-fail|p1a: deadcoin\n|move|p2a: Azelf|Light Screen|p2a: Azelf\n|-sidestart|p2: basilcheer|move: Light Screen\n|\n|upkeep\n|turn|24\n|\n|t:|1699744724\n|move|p1a: deadcoin|Sucker Punch||[still]\n|-fail|p1a: deadcoin\n|move|p2a: Azelf|Taunt|p1a: deadcoin\n|-start|p1a: deadcoin|move: Taunt\n|\n|upkeep\n|turn|25\n|\n|t:|1699744731\n|move|p1a: deadcoin|Sucker Punch||[still]\n|-fail|p1a: deadcoin\n|move|p2a: Azelf|Reflect||[still]\n|-fail|p2a: Azelf\n|\n|upkeep\n|turn|26\n|\n|t:|1699744739\n|move|p1a: deadcoin|Sucker Punch|p2a: Azelf\n|-supereffective|p2a: Azelf\n|-damage|p2a: Azelf|0 fnt\n|faint|p2a: Azelf\n|\n|upkeep\n|\n|t:|1699744743\n|switch|p2a: Mawile|Mawile-Mega, M|29\/100\n|turn|27\n|\n|t:|1699744755\n|move|p2a: Mawile|Play Rough|p1a: deadcoin\n|-supereffective|p1a: deadcoin\n|-damage|p1a: deadcoin|0 fnt\n|faint|p1a: deadcoin\n|-end|p1a: deadcoin|fallen4|[silent]\n|\n|upkeep\n|\n|t:|1699744760\n|switch|p1a: jerry|Lopunny-Mega, M, shiny|100\/100\n|turn|28\n|\n|t:|1699744776\n|move|p1a: jerry|Fake Out|p2a: Mawile\n|-resisted|p2a: Mawile\n|-damage|p2a: Mawile|23\/100\n|cant|p2a: Mawile|flinch\n|\n|upkeep\n|turn|29\n|\n|t:|1699744796\n|move|p1a: jerry|Close Combat|p2a: Mawile\n|-damage|p2a: Mawile|0 fnt\n|-unboost|p1a: jerry|def|1\n|-unboost|p1a: jerry|spd|1\n|faint|p2a: Mawile\n|\n|win|fairlylame\n","uploadtime":1699744806,"views":7,"p1id":"fairlylame","p2id":"basilcheer","formatid":"gen9nationaldexubers","rating":0,"private":0,"password":""}