{"id":"gen9nationaldexubers-1983517201","p1":"MarcusAurelius345","p2":"CRYO-M0DE\u2744\ufe0f","format":"[Gen 9] National Dex Ubers","log":"|j|\u2606MarcusAurelius345\n|j|\u2606CRYO-M0DE\u2744\ufe0f\n|t:|1699138692\n|gametype|singles\n|player|p1|MarcusAurelius345|palmer|1044\n|player|p2|CRYO-M0DE\u2744\ufe0f|melony|1000\n|teamsize|p1|6\n|teamsize|p2|6\n|gen|9\n|tier|[Gen 9] National Dex Ubers\n|rated|\n|rule|HP Percentage Mod: HP is shown in percentages\n|rule|Endless Battle Clause: Forcing endless battles is banned\n|rule|OHKO Clause: OHKO moves are banned\n|rule|Evasion Moves Clause: Evasion moves are banned\n|rule|Evasion Items Clause: Evasion items are banned\n|rule|Species Clause: Limit one of each Pok\u00e9mon\n|rule|Sleep Clause Mod: Limit one foe put to sleep\n|rule|Mega Rayquaza Clause: You cannot mega evolve Rayquaza\n|clearpoke\n|poke|p1|Torkoal, F|\n|poke|p1|Venusaur, F|\n|poke|p1|Regieleki|\n|poke|p1|Landorus-Therian, M|\n|poke|p1|Urshifu-*, F|\n|poke|p1|Weavile, M|\n|poke|p2|Glaceon, F|\n|poke|p2|Arctovish|\n|poke|p2|Vanilluxe, F|\n|poke|p2|Ninetales-Alola, F|\n|poke|p2|Calyrex-Ice|\n|poke|p2|Kyurem-White|\n|teampreview\n|l|\u2606MarcusAurelius345\n|player|p1|\n|j|\u2606MarcusAurelius345\n|player|p1|MarcusAurelius345|palmer\n|inactive|Battle timer is ON: inactive players will automatically lose when time's up. (requested by MarcusAurelius345)\n|\n|t:|1699138740\n|start\n|switch|p1a: Torkoal|Torkoal, F|100\/100\n|switch|p2a: \u2744\ufe0f\u2744\ufe0fNINETALES\u2744\ufe0f\u2744\ufe0f|Ninetales-Alola, F|100\/100\n|-weather|Snow|[from] ability: Snow Warning|[of] p2a: \u2744\ufe0f\u2744\ufe0fNINETALES\u2744\ufe0f\u2744\ufe0f\n|-weather|SunnyDay|[from] ability: Drought|[of] p1a: Torkoal\n|turn|1\n|\n|t:|1699138752\n|move|p2a: \u2744\ufe0f\u2744\ufe0fNINETALES\u2744\ufe0f\u2744\ufe0f|Hail|p2a: \u2744\ufe0f\u2744\ufe0fNINETALES\u2744\ufe0f\u2744\ufe0f\n|-weather|Hail\n|move|p1a: Torkoal|Stealth Rock|p2a: \u2744\ufe0f\u2744\ufe0fNINETALES\u2744\ufe0f\u2744\ufe0f\n|-sidestart|p2: CRYO-M0DE\u2744\ufe0f|move: Stealth Rock\n|\n|-weather|Hail|[upkeep]\n|-damage|p1a: Torkoal|94\/100|[from] Hail\n|upkeep\n|turn|2\n|\n|t:|1699138764\n|move|p2a: \u2744\ufe0f\u2744\ufe0fNINETALES\u2744\ufe0f\u2744\ufe0f|Blizzard|p1a: Torkoal\n|-resisted|p1a: Torkoal\n|-damage|p1a: Torkoal|65\/100\n|move|p1a: Torkoal|Lava Plume|p2a: \u2744\ufe0f\u2744\ufe0fNINETALES\u2744\ufe0f\u2744\ufe0f\n|-supereffective|p2a: \u2744\ufe0f\u2744\ufe0fNINETALES\u2744\ufe0f\u2744\ufe0f\n|-damage|p2a: \u2744\ufe0f\u2744\ufe0fNINETALES\u2744\ufe0f\u2744\ufe0f|38\/100\n|\n|-weather|Hail|[upkeep]\n|-damage|p1a: Torkoal|59\/100|[from] Hail\n|upkeep\n|turn|3\n|\n|t:|1699138775\n|move|p2a: \u2744\ufe0f\u2744\ufe0fNINETALES\u2744\ufe0f\u2744\ufe0f|Aurora Veil|p2a: \u2744\ufe0f\u2744\ufe0fNINETALES\u2744\ufe0f\u2744\ufe0f\n|-sidestart|p2: CRYO-M0DE\u2744\ufe0f|move: Aurora Veil\n|move|p1a: Torkoal|Lava Plume|p2a: \u2744\ufe0f\u2744\ufe0fNINETALES\u2744\ufe0f\u2744\ufe0f\n|-supereffective|p2a: \u2744\ufe0f\u2744\ufe0fNINETALES\u2744\ufe0f\u2744\ufe0f\n|-damage|p2a: \u2744\ufe0f\u2744\ufe0fNINETALES\u2744\ufe0f\u2744\ufe0f|8\/100\n|\n|-weather|Hail|[upkeep]\n|-damage|p1a: Torkoal|52\/100|[from] Hail\n|upkeep\n|turn|4\n|\n|t:|1699138783\n|move|p2a: \u2744\ufe0f\u2744\ufe0fNINETALES\u2744\ufe0f\u2744\ufe0f|Blizzard|p1a: Torkoal\n|-resisted|p1a: Torkoal\n|-damage|p1a: Torkoal|24\/100\n|move|p1a: Torkoal|Lava Plume|p2a: \u2744\ufe0f\u2744\ufe0fNINETALES\u2744\ufe0f\u2744\ufe0f\n|-supereffective|p2a: \u2744\ufe0f\u2744\ufe0fNINETALES\u2744\ufe0f\u2744\ufe0f\n|-damage|p2a: \u2744\ufe0f\u2744\ufe0fNINETALES\u2744\ufe0f\u2744\ufe0f|0 fnt\n|faint|p2a: \u2744\ufe0f\u2744\ufe0fNINETALES\u2744\ufe0f\u2744\ufe0f\n|\n|-weather|Hail|[upkeep]\n|-damage|p1a: Torkoal|18\/100|[from] Hail\n|upkeep\n|\n|t:|1699138798\n|switch|p2a: \ud83e\udd76\u2744\ufe0f\u2744\ufe0fKYUREM\u2744\ufe0f\u2744\ufe0f\ud83e\udd76|Kyurem-White|100\/100\n|-damage|p2a: \ud83e\udd76\u2744\ufe0f\u2744\ufe0fKYUREM\u2744\ufe0f\u2744\ufe0f\ud83e\udd76|76\/100|[from] Stealth Rock\n|-ability|p2a: \ud83e\udd76\u2744\ufe0f\u2744\ufe0fKYUREM\u2744\ufe0f\u2744\ufe0f\ud83e\udd76|Turboblaze\n|turn|5\n|\n|t:|1699138805\n|move|p2a: \ud83e\udd76\u2744\ufe0f\u2744\ufe0fKYUREM\u2744\ufe0f\u2744\ufe0f\ud83e\udd76|Dragon Dance|p2a: \ud83e\udd76\u2744\ufe0f\u2744\ufe0fKYUREM\u2744\ufe0f\u2744\ufe0f\ud83e\udd76\n|-boost|p2a: \ud83e\udd76\u2744\ufe0f\u2744\ufe0fKYUREM\u2744\ufe0f\u2744\ufe0f\ud83e\udd76|atk|1\n|-boost|p2a: \ud83e\udd76\u2744\ufe0f\u2744\ufe0fKYUREM\u2744\ufe0f\u2744\ufe0f\ud83e\udd76|spe|1\n|move|p1a: Torkoal|Toxic|p2a: \ud83e\udd76\u2744\ufe0f\u2744\ufe0fKYUREM\u2744\ufe0f\u2744\ufe0f\ud83e\udd76\n|-status|p2a: \ud83e\udd76\u2744\ufe0f\u2744\ufe0fKYUREM\u2744\ufe0f\u2744\ufe0f\ud83e\udd76|tox\n|\n|-weather|Hail|[upkeep]\n|-damage|p1a: Torkoal|12\/100|[from] Hail\n|-damage|p2a: \ud83e\udd76\u2744\ufe0f\u2744\ufe0fKYUREM\u2744\ufe0f\u2744\ufe0f\ud83e\udd76|70\/100 tox|[from] psn\n|upkeep\n|turn|6\n|\n|t:|1699138817\n|-terastallize|p2a: \ud83e\udd76\u2744\ufe0f\u2744\ufe0fKYUREM\u2744\ufe0f\u2744\ufe0f\ud83e\udd76|Ice\n|move|p2a: \ud83e\udd76\u2744\ufe0f\u2744\ufe0fKYUREM\u2744\ufe0f\u2744\ufe0f\ud83e\udd76|Blizzard|p1a: Torkoal\n|-resisted|p1a: Torkoal\n|-damage|p1a: Torkoal|0 fnt\n|faint|p1a: Torkoal\n|\n|-weather|Hail|[upkeep]\n|-damage|p2a: \ud83e\udd76\u2744\ufe0f\u2744\ufe0fKYUREM\u2744\ufe0f\u2744\ufe0f\ud83e\udd76|57\/100 tox|[from] psn\n|upkeep\n|\n|t:|1699138827\n|switch|p1a: Urshifu|Urshifu-Rapid-Strike, F|100\/100\n|turn|7\n|\n|t:|1699138832\n|move|p2a: \ud83e\udd76\u2744\ufe0f\u2744\ufe0fKYUREM\u2744\ufe0f\u2744\ufe0f\ud83e\udd76|Blizzard|p1a: Urshifu\n|-resisted|p1a: Urshifu\n|-damage|p1a: Urshifu|11\/100\n|move|p1a: Urshifu|Close Combat|p2a: \ud83e\udd76\u2744\ufe0f\u2744\ufe0fKYUREM\u2744\ufe0f\u2744\ufe0f\ud83e\udd76\n|-supereffective|p2a: \ud83e\udd76\u2744\ufe0f\u2744\ufe0fKYUREM\u2744\ufe0f\u2744\ufe0f\ud83e\udd76\n|-damage|p2a: \ud83e\udd76\u2744\ufe0f\u2744\ufe0fKYUREM\u2744\ufe0f\u2744\ufe0f\ud83e\udd76|0 fnt\n|-unboost|p1a: Urshifu|def|1\n|-unboost|p1a: Urshifu|spd|1\n|faint|p2a: \ud83e\udd76\u2744\ufe0f\u2744\ufe0fKYUREM\u2744\ufe0f\u2744\ufe0f\ud83e\udd76\n|\n|-weather|Hail|[upkeep]\n|-damage|p1a: Urshifu|5\/100|[from] Hail\n|-sideend|p2: CRYO-M0DE\u2744\ufe0f|move: Aurora Veil\n|upkeep\n|\n|t:|1699138846\n|switch|p2a: \u2744\ufe0fARCTOVISH\u2744\ufe0f|Arctovish|100\/100\n|-damage|p2a: \u2744\ufe0fARCTOVISH\u2744\ufe0f|76\/100|[from] Stealth Rock\n|turn|8\n|\n|t:|1699138852\n|move|p2a: \u2744\ufe0fARCTOVISH\u2744\ufe0f|Aurora Veil|p2a: \u2744\ufe0fARCTOVISH\u2744\ufe0f\n|-sidestart|p2: CRYO-M0DE\u2744\ufe0f|move: Aurora Veil\n|move|p1a: Urshifu|Close Combat|p2a: \u2744\ufe0fARCTOVISH\u2744\ufe0f\n|-supereffective|p2a: \u2744\ufe0fARCTOVISH\u2744\ufe0f\n|-damage|p2a: \u2744\ufe0fARCTOVISH\u2744\ufe0f|0 fnt\n|-unboost|p1a: Urshifu|def|1\n|-unboost|p1a: Urshifu|spd|1\n|faint|p2a: \u2744\ufe0fARCTOVISH\u2744\ufe0f\n|\n|-weather|none\n|upkeep\n|\n|t:|1699138864\n|switch|p2a: \u2744\ufe0f\u2744\ufe0fVANILLUXE\u2744\ufe0f\u2744\ufe0f|Vanilluxe, F, shiny|100\/100\n|-damage|p2a: \u2744\ufe0f\u2744\ufe0fVANILLUXE\u2744\ufe0f\u2744\ufe0f|76\/100|[from] Stealth Rock\n|-weather|Snow|[from] ability: Snow Warning|[of] p2a: \u2744\ufe0f\u2744\ufe0fVANILLUXE\u2744\ufe0f\u2744\ufe0f\n|turn|9\n|\n|t:|1699138871\n|move|p1a: Urshifu|Close Combat|p2a: \u2744\ufe0f\u2744\ufe0fVANILLUXE\u2744\ufe0f\u2744\ufe0f\n|-supereffective|p2a: \u2744\ufe0f\u2744\ufe0fVANILLUXE\u2744\ufe0f\u2744\ufe0f\n|-damage|p2a: \u2744\ufe0f\u2744\ufe0fVANILLUXE\u2744\ufe0f\u2744\ufe0f|0 fnt\n|-unboost|p1a: Urshifu|def|1\n|-unboost|p1a: Urshifu|spd|1\n|faint|p2a: \u2744\ufe0f\u2744\ufe0fVANILLUXE\u2744\ufe0f\u2744\ufe0f\n|\n|-weather|Snow|[upkeep]\n|upkeep\n|\n|t:|1699138879\n|switch|p2a: I HATE NON \u2744\ufe0fPKMN|Calyrex-Ice|100\/100\n|-ability|p2a: I HATE NON \u2744\ufe0fPKMN|As One\n|-ability|p2a: I HATE NON \u2744\ufe0fPKMN|Unnerve\n|-damage|p2a: I HATE NON \u2744\ufe0fPKMN|76\/100|[from] Stealth Rock\n|turn|10\n|\n|t:|1699138889\n|move|p1a: Urshifu|Close Combat|p2a: I HATE NON \u2744\ufe0fPKMN\n|-damage|p2a: I HATE NON \u2744\ufe0fPKMN|54\/100\n|-unboost|p1a: Urshifu|def|1\n|-unboost|p1a: Urshifu|spd|1\n|move|p2a: I HATE NON \u2744\ufe0fPKMN|Agility|p2a: I HATE NON \u2744\ufe0fPKMN\n|-boost|p2a: I HATE NON \u2744\ufe0fPKMN|spe|2\n|\n|-weather|Snow|[upkeep]\n|upkeep\n|turn|11\n|c|\u2606MarcusAurelius345|Best typing is water\n|c|\u2606MarcusAurelius345|\ud83d\ude03\n|\n|t:|1699138912\n|move|p2a: I HATE NON \u2744\ufe0fPKMN|Glacial Lance|p1a: Urshifu\n|-resisted|p1a: Urshifu\n|-damage|p1a: Urshifu|0 fnt\n|faint|p1a: Urshifu\n|-ability|p2a: I HATE NON \u2744\ufe0fPKMN|Chilling Neigh|boost\n|-boost|p2a: I HATE NON \u2744\ufe0fPKMN|atk|1\n|\n|-weather|Snow|[upkeep]\n|upkeep\n|\n|t:|1699138922\n|switch|p1a: Regieleki|Regieleki|100\/100\n|turn|12\n|\n|t:|1699138928\n|move|p1a: Regieleki|Electro Ball|p2a: I HATE NON \u2744\ufe0fPKMN\n|-damage|p2a: I HATE NON \u2744\ufe0fPKMN|40\/100\n|move|p2a: I HATE NON \u2744\ufe0fPKMN|Glacial Lance|p1a: Regieleki\n|-damage|p1a: Regieleki|0 fnt\n|faint|p1a: Regieleki\n|-ability|p2a: I HATE NON \u2744\ufe0fPKMN|Chilling Neigh|boost\n|-boost|p2a: I HATE NON \u2744\ufe0fPKMN|atk|1\n|\n|-weather|Snow|[upkeep]\n|upkeep\n|\n|t:|1699138939\n|switch|p1a: Weavile|Weavile, M|100\/100\n|turn|13\n|\n|t:|1699138944\n|move|p2a: I HATE NON \u2744\ufe0fPKMN|Glacial Lance|p1a: Weavile\n|-resisted|p1a: Weavile\n|-damage|p1a: Weavile|0 fnt\n|faint|p1a: Weavile\n|-ability|p2a: I HATE NON \u2744\ufe0fPKMN|Chilling Neigh|boost\n|-boost|p2a: I HATE NON \u2744\ufe0fPKMN|atk|1\n|\n|-weather|Snow|[upkeep]\n|upkeep\n|\n|t:|1699138952\n|switch|p1a: Landorus|Landorus-Therian, M|100\/100\n|-ability|p1a: Landorus|Intimidate|boost\n|-unboost|p2a: I HATE NON \u2744\ufe0fPKMN|atk|1\n|turn|14\n|\n|t:|1699138962\n|move|p2a: I HATE NON \u2744\ufe0fPKMN|Icicle Spear|p1a: Landorus\n|-supereffective|p1a: Landorus\n|-damage|p1a: Landorus|0 fnt\n|faint|p1a: Landorus\n|-ability|p2a: I HATE NON \u2744\ufe0fPKMN|Chilling Neigh|boost\n|-boost|p2a: I HATE NON \u2744\ufe0fPKMN|atk|1\n|-hitcount|p1: Landorus|1\n|\n|-weather|Snow|[upkeep]\n|upkeep\n|c|\u2606MarcusAurelius345|It\u2019s joever\n|\n|t:|1699138974\n|switch|p1a: Venusaur|Venusaur, F|100\/100\n|turn|15\n|\n|t:|1699138981\n|move|p2a: I HATE NON \u2744\ufe0fPKMN|Glacial Lance|p1a: Venusaur\n|-supereffective|p1a: Venusaur\n|-damage|p1a: Venusaur|0 fnt\n|faint|p1a: Venusaur\n|\n|win|CRYO-M0DE\u2744\ufe0f\n|raw|MarcusAurelius345's rating: 1044 &rarr; <strong>1025<\/strong><br \/>(-19 for losing)\n|raw|CRYO-M0DE\u2744\ufe0f's rating: 1000 &rarr; <strong>1045<\/strong><br \/>(+45 for winning)\n|l|\u2606MarcusAurelius345\n","uploadtime":1699139353,"views":6,"p1id":"marcusaurelius345","p2id":"cryom0de","formatid":"gen9nationaldexubers","rating":1025,"private":0,"password":""}