{"id":"gen9nationaldexubers-1995856251","p1":"Denet12345","p2":"theblackgotenks","format":"[Gen 9] National Dex Ubers","log":"|j|\u2606Denet12345\n|j|\u2606theblackgotenks\n|t:|1700610180\n|gametype|singles\n|player|p1|Denet12345|crasherwake|\n|player|p2|theblackgotenks|ghetsis-gen5bw|\n|teamsize|p1|6\n|teamsize|p2|6\n|gen|9\n|tier|[Gen 9] National Dex Ubers\n|rule|HP Percentage Mod: HP is shown in percentages\n|rule|Endless Battle Clause: Forcing endless battles is banned\n|rule|OHKO Clause: OHKO moves are banned\n|rule|Evasion Moves Clause: Evasion moves are banned\n|rule|Evasion Items Clause: Evasion items are banned\n|rule|Species Clause: Limit one of each Pok\u00e9mon\n|rule|Sleep Clause Mod: Limit one foe put to sleep\n|rule|Mega Rayquaza Clause: You cannot mega evolve Rayquaza\n|clearpoke\n|poke|p1|Incineroar, M|\n|poke|p1|Espathra, F|\n|poke|p1|Tatsugiri-Stretchy, M|\n|poke|p1|Falinks|\n|poke|p1|Grafaiai, M|\n|poke|p1|Ditto|\n|poke|p2|Zygarde-10%|\n|poke|p2|Furfrou, M|\n|poke|p2|Gardevoir, F|\n|poke|p2|Charjabug, M|\n|poke|p2|Blaziken, F|\n|poke|p2|Blastoise, M|\n|teampreview\n|c|\u2606theblackgotenks|glhf\n|c|\u2606Denet12345|gl hf\n|c|\u2606theblackgotenks|youve got such a nice matchup against all my setup sweepers lmao\n|c|\u2606theblackgotenks|sucked to prep against\n|c|\u2606Denet12345|yeh\n|c|\u2606Denet12345|we ballin with ditto here\n|c|\u2606theblackgotenks|exactly\n|\n|t:|1700610263\n|start\n|switch|p1a: Incineroar|Incineroar, M|100\/100\n|switch|p2a: Charjabug|Charjabug, M|100\/100\n|-ability|p1a: Incineroar|Intimidate|boost\n|-unboost|p2a: Charjabug|atk|1\n|turn|1\n|c|\u2606theblackgotenks|charj gaming\n|\n|t:|1700610274\n|move|p1a: Incineroar|Parting Shot|p2a: Charjabug\n|-unboost|p2a: Charjabug|atk|1\n|-unboost|p2a: Charjabug|spa|1\n|\n|t:|1700610278\n|switch|p1a: Tatsugiri|Tatsugiri-Stretchy, M, shiny|100\/100|[from] Parting Shot\n|move|p2a: Charjabug|Sticky Web|p1a: Tatsugiri\n|-sidestart|p1: Denet12345|move: Sticky Web\n|\n|upkeep\n|turn|2\n|\n|t:|1700610282\n|move|p1a: Tatsugiri|Rapid Spin|p2a: Charjabug\n|-damage|p2a: Charjabug|97\/100\n|-boost|p1a: Tatsugiri|spe|1\n|-sideend|p1: Denet12345|Sticky Web|[from] move: Rapid Spin|[of] p1a: Tatsugiri\n|move|p2a: Charjabug|Volt Switch|p1a: Tatsugiri\n|-damage|p1a: Tatsugiri|88\/100\n|\n|t:|1700610287\n|switch|p2a: Gardevoir|Gardevoir, F|100\/100|[from] Volt Switch\n|-ability|p2a: Gardevoir|Storm Drain|[from] ability: Trace|[of] p1a: Tatsugiri\n|\n|-heal|p1a: Tatsugiri|94\/100|[from] item: Leftovers\n|upkeep\n|turn|3\n|\n|t:|1700610301\n|switch|p1a: Grafaiai|Grafaiai, M|100\/100\n|move|p2a: Gardevoir|Moonblast|p1a: Grafaiai\n|-resisted|p1a: Grafaiai\n|-damage|p1a: Grafaiai|70\/100\n|\n|-heal|p1a: Grafaiai|76\/100|[from] item: Leftovers\n|upkeep\n|turn|4\n|\n|t:|1700610312\n|switch|p2a: Charjabug|Charjabug, M|97\/100\n|move|p1a: Grafaiai|Taunt|p2a: Charjabug\n|-start|p2a: Charjabug|move: Taunt\n|\n|-heal|p1a: Grafaiai|82\/100|[from] item: Leftovers\n|upkeep\n|turn|5\n|\n|t:|1700610317\n|move|p1a: Grafaiai|Toxic|p2a: Charjabug\n|-status|p2a: Charjabug|tox\n|move|p2a: Charjabug|Volt Switch|p1a: Grafaiai\n|-damage|p1a: Grafaiai|64\/100\n|\n|t:|1700610330\n|switch|p2a: Gardevoir|Gardevoir, F|100\/100|[from] Volt Switch\n|-ability|p2a: Gardevoir|Prankster|[from] ability: Trace|[of] p1a: Grafaiai\n|\n|-heal|p1a: Grafaiai|70\/100|[from] item: Leftovers\n|upkeep\n|turn|6\n|\n|t:|1700610333\n|move|p1a: Grafaiai|Parting Shot|p2a: Gardevoir\n|-unboost|p2a: Gardevoir|atk|1\n|-unboost|p2a: Gardevoir|spa|1\n|\n|t:|1700610351\n|switch|p1a: Incineroar|Incineroar, M|100\/100|[from] Parting Shot\n|-ability|p1a: Incineroar|Intimidate|boost\n|-unboost|p2a: Gardevoir|atk|1\n|move|p2a: Gardevoir|Moonblast|p1a: Incineroar\n|-damage|p1a: Incineroar|78\/100\n|\n|-heal|p1a: Incineroar|84\/100|[from] item: Leftovers\n|upkeep\n|turn|7\n|\n|t:|1700610359\n|move|p2a: Gardevoir|Moonblast|p1a: Incineroar\n|-damage|p1a: Incineroar|61\/100\n|move|p1a: Incineroar|Knock Off|p2a: Gardevoir\n|-damage|p2a: Gardevoir|38\/100\n|-enditem|p2a: Gardevoir|Choice Scarf|[from] move: Knock Off|[of] p1a: Incineroar\n|\n|-heal|p1a: Incineroar|68\/100|[from] item: Leftovers\n|upkeep\n|turn|8\n|\n|t:|1700610369\n|move|p2a: Gardevoir|Thunder Wave|p1a: Incineroar\n|-hint|Since gen 7, Dark is immune to Prankster moves.\n|-immune|p1a: Incineroar\n|move|p1a: Incineroar|Earthquake|p2a: Gardevoir\n|-damage|p2a: Gardevoir|0 fnt\n|faint|p2a: Gardevoir\n|\n|-heal|p1a: Incineroar|74\/100|[from] item: Leftovers\n|upkeep\n|c|\u2606theblackgotenks|ohhhh\n|c|\u2606theblackgotenks|wackkkk\n|c|\u2606Denet12345|get pranked\n|c|\u2606theblackgotenks|ian even want your ability :[\n|\n|t:|1700610398\n|switch|p2a: Blaziken|Blaziken, F|100\/100\n|turn|9\n|c|\u2606Denet12345|trace is just wacky like that\n|\n|t:|1700610405\n|move|p2a: Blaziken|Swords Dance|p2a: Blaziken\n|-boost|p2a: Blaziken|atk|2\n|move|p1a: Incineroar|Parting Shot|p2a: Blaziken\n|-unboost|p2a: Blaziken|atk|1\n|-unboost|p2a: Blaziken|spa|1\n|\n|t:|1700610408\n|switch|p1a: Grafaiai|Grafaiai, M|70\/100|[from] Parting Shot\n|\n|-heal|p1a: Grafaiai|76\/100|[from] item: Leftovers\n|upkeep\n|turn|10\n|\n|t:|1700610412\n|move|p1a: Grafaiai|Encore|p2a: Blaziken\n|-start|p2a: Blaziken|Encore\n|move|p2a: Blaziken|Swords Dance|p2a: Blaziken\n|-boost|p2a: Blaziken|atk|2\n|\n|-heal|p1a: Grafaiai|82\/100|[from] item: Leftovers\n|upkeep\n|turn|11\n|\n|t:|1700610416\n|switch|p2a: Zygarde|Zygarde-10%|100\/100\n|-ability|p2a: Zygarde|Aura Break\n|move|p1a: Grafaiai|Parting Shot|p2a: Zygarde\n|-unboost|p2a: Zygarde|atk|1\n|-unboost|p2a: Zygarde|spa|1\n|\n|t:|1700610437\n|switch|p1a: Incineroar|Incineroar, M|74\/100|[from] Parting Shot\n|-ability|p1a: Incineroar|Intimidate|boost\n|-unboost|p2a: Zygarde|atk|1\n|\n|-heal|p1a: Incineroar|80\/100|[from] item: Leftovers\n|upkeep\n|turn|12\n|\n|t:|1700610446\n|switch|p2a: Blastoise|Blastoise, M|100\/100\n|move|p1a: Incineroar|Will-O-Wisp|p2a: Blastoise|[miss]\n|-miss|p1a: Incineroar|p2a: Blastoise\n|\n|-heal|p1a: Incineroar|86\/100|[from] item: Leftovers\n|upkeep\n|turn|13\n|\n|t:|1700610456\n|move|p2a: Blastoise|Flip Turn|p1a: Incineroar\n|-supereffective|p1a: Incineroar\n|-damage|p1a: Incineroar|55\/100\n|\n|t:|1700610459\n|switch|p2a: Charjabug|Charjabug, M|97\/100 tox|[from] Flip Turn\n|move|p1a: Incineroar|Parting Shot|p2a: Charjabug\n|-unboost|p2a: Charjabug|atk|1\n|-unboost|p2a: Charjabug|spa|1\n|\n|t:|1700610465\n|switch|p1a: Grafaiai|Grafaiai, M|82\/100|[from] Parting Shot\n|\n|-heal|p1a: Grafaiai|88\/100|[from] item: Leftovers\n|-damage|p2a: Charjabug|91\/100 tox|[from] psn\n|upkeep\n|turn|14\n|\n|t:|1700610469\n|move|p1a: Grafaiai|Taunt|p2a: Charjabug\n|-start|p2a: Charjabug|move: Taunt\n|move|p2a: Charjabug|Volt Switch|p1a: Grafaiai\n|-damage|p1a: Grafaiai|76\/100\n|\n|t:|1700610473\n|switch|p2a: Blaziken|Blaziken, F|100\/100|[from] Volt Switch\n|\n|-heal|p1a: Grafaiai|82\/100|[from] item: Leftovers\n|upkeep\n|turn|15\n|\n|t:|1700610484\n|move|p1a: Grafaiai|Parting Shot|p2a: Blaziken\n|-unboost|p2a: Blaziken|atk|1\n|-unboost|p2a: Blaziken|spa|1\n|\n|t:|1700610486\n|switch|p1a: Incineroar|Incineroar, M|55\/100|[from] Parting Shot\n|-ability|p1a: Incineroar|Intimidate|boost\n|-unboost|p2a: Blaziken|atk|1\n|move|p2a: Blaziken|Close Combat|p1a: Incineroar\n|-supereffective|p1a: Incineroar\n|-damage|p1a: Incineroar|0 fnt\n|-unboost|p2a: Blaziken|def|1\n|-unboost|p2a: Blaziken|spd|1\n|faint|p1a: Incineroar\n|\n|upkeep\n|\n|t:|1700610496\n|switch|p1a: Falinks|Falinks|100\/100\n|turn|16\n|\n|t:|1700610505\n|switch|p2a: Furfrou|Furfrou, M|100\/100\n|move|p1a: Falinks|No Retreat|p1a: Falinks\n|-boost|p1a: Falinks|atk|1\n|-boost|p1a: Falinks|def|1\n|-boost|p1a: Falinks|spa|1\n|-boost|p1a: Falinks|spd|1\n|-boost|p1a: Falinks|spe|1\n|-start|p1a: Falinks|move: No Retreat\n|\n|upkeep\n|turn|17\n|\n|t:|1700610509\n|move|p1a: Falinks|Close Combat|p2a: Furfrou\n|-supereffective|p2a: Furfrou\n|-damage|p2a: Furfrou|0 fnt\n|-unboost|p1a: Falinks|def|1\n|-unboost|p1a: Falinks|spd|1\n|faint|p2a: Furfrou\n|\n|upkeep\n|\n|t:|1700610518\n|switch|p2a: Charjabug|Charjabug, M|91\/100 tox\n|turn|18\n|\n|t:|1700610521\n|move|p1a: Falinks|Iron Head|p2a: Charjabug\n|-resisted|p2a: Charjabug\n|-damage|p2a: Charjabug|81\/100 tox\n|move|p2a: Charjabug|Thunder Wave|p1a: Falinks\n|-status|p1a: Falinks|par\n|\n|-damage|p2a: Charjabug|75\/100 tox|[from] psn\n|upkeep\n|turn|19\n|\n|t:|1700610527\n|move|p1a: Falinks|Iron Head|p2a: Charjabug\n|-resisted|p2a: Charjabug\n|-damage|p2a: Charjabug|64\/100 tox\n|move|p2a: Charjabug|Volt Switch|p1a: Falinks\n|-damage|p1a: Falinks|76\/100 par\n|\n|t:|1700610537\n|switch|p2a: Blaziken|Blaziken, F|100\/100|[from] Volt Switch\n|\n|-heal|p1a: Falinks|82\/100 par|[from] item: Leftovers\n|upkeep\n|turn|20\n|c|\u2606theblackgotenks|watch this para\n|\n|t:|1700610551\n|move|p2a: Blaziken|Swords Dance|p2a: Blaziken\n|-boost|p2a: Blaziken|atk|2\n|move|p1a: Falinks|Close Combat|p2a: Blaziken\n|-damage|p2a: Blaziken|0 fnt\n|-unboost|p1a: Falinks|def|1\n|-unboost|p1a: Falinks|spd|1\n|faint|p2a: Blaziken\n|\n|-heal|p1a: Falinks|88\/100 par|[from] item: Leftovers\n|upkeep\n|c|\u2606Denet12345|nuh uh\n|c|\u2606theblackgotenks|LMAO\n|\n|t:|1700610563\n|switch|p2a: Zygarde|Zygarde-10%|100\/100\n|-ability|p2a: Zygarde|Aura Break\n|turn|21\n|c|\u2606Denet12345|we hold the line here\n|\n|t:|1700610572\n|move|p2a: Zygarde|Substitute|p2a: Zygarde\n|-start|p2a: Zygarde|Substitute\n|-damage|p2a: Zygarde|76\/100\n|move|p1a: Falinks|Close Combat|p2a: Zygarde\n|-end|p2a: Zygarde|Substitute\n|-unboost|p1a: Falinks|def|1\n|-unboost|p1a: Falinks|spd|1\n|\n|-heal|p2a: Zygarde|82\/100|[from] item: Leftovers\n|-heal|p1a: Falinks|94\/100 par|[from] item: Leftovers\n|upkeep\n|turn|22\n|\n|t:|1700610576\n|move|p2a: Zygarde|Substitute|p2a: Zygarde\n|-start|p2a: Zygarde|Substitute\n|-damage|p2a: Zygarde|57\/100\n|move|p1a: Falinks|Close Combat|p2a: Zygarde\n|-crit|p2a: Zygarde\n|-end|p2a: Zygarde|Substitute\n|-unboost|p1a: Falinks|def|1\n|-unboost|p1a: Falinks|spd|1\n|\n|-heal|p2a: Zygarde|63\/100|[from] item: Leftovers\n|-heal|p1a: Falinks|99\/100 par|[from] item: Leftovers\n|upkeep\n|turn|23\n|\n|t:|1700610580\n|move|p2a: Zygarde|Substitute|p2a: Zygarde\n|-start|p2a: Zygarde|Substitute\n|-damage|p2a: Zygarde|38\/100\n|cant|p1a: Falinks|par\n|\n|-heal|p2a: Zygarde|44\/100|[from] item: Leftovers\n|-heal|p1a: Falinks|100\/100 par|[from] item: Leftovers\n|upkeep\n|turn|24\n|\n|t:|1700610587\n|move|p2a: Zygarde|Dragon Dance|p2a: Zygarde\n|-boost|p2a: Zygarde|atk|1\n|-boost|p2a: Zygarde|spe|1\n|move|p1a: Falinks|Close Combat|p2a: Zygarde\n|-end|p2a: Zygarde|Substitute\n|-unboost|p1a: Falinks|def|1\n|-unboost|p1a: Falinks|spd|1\n|\n|-heal|p2a: Zygarde|50\/100|[from] item: Leftovers\n|upkeep\n|turn|25\n|c|\u2606Denet12345|uh oh\n|c|\u2606theblackgotenks|lemme get greedy\n|\n|t:|1700610609\n|move|p2a: Zygarde|Substitute|p2a: Zygarde\n|-start|p2a: Zygarde|Substitute\n|-damage|p2a: Zygarde|25\/100\n|cant|p1a: Falinks|par\n|\n|-heal|p2a: Zygarde|31\/100|[from] item: Leftovers\n|upkeep\n|turn|26\n|c|\u2606Denet12345|nooooooo\n|c|\u2606Denet12345|its over\n|c|\u2606Denet12345|its never been more over\n|\n|t:|1700610633\n|move|p2a: Zygarde|Thousand Waves|p1a: Falinks\n|-damage|p1a: Falinks|0 fnt\n|faint|p1a: Falinks\n|\n|-heal|p2a: Zygarde|37\/100|[from] item: Leftovers\n|upkeep\n|\n|t:|1700610657\n|switch|p1a: Espathra|Espathra, F|100\/100\n|turn|27\n|\n|t:|1700610662\n|move|p2a: Zygarde|Thousand Waves|p1a: Espathra\n|-crit|p1a: Espathra\n|-damage|p1a: Espathra|0 fnt\n|faint|p1a: Espathra\n|\n|-heal|p2a: Zygarde|43\/100|[from] item: Leftovers\n|upkeep\n|c|\u2606theblackgotenks|ooof\n|c|\u2606theblackgotenks|hell no\n|c|\u2606theblackgotenks|my b\n|\n|t:|1700610676\n|switch|p1a: Tatsugiri|Tatsugiri-Stretchy, M, shiny|94\/100\n|turn|28\n|\n|t:|1700610679\n|move|p2a: Zygarde|Breaking Swipe|p1a: Tatsugiri\n|-supereffective|p1a: Tatsugiri\n|-damage|p1a: Tatsugiri|0 fnt\n|faint|p1a: Tatsugiri\n|\n|-heal|p2a: Zygarde|49\/100|[from] item: Leftovers\n|upkeep\n|\n|t:|1700610684\n|switch|p1a: Grafaiai|Grafaiai, M|82\/100\n|turn|29\n|c|\u2606Denet12345|life is so unfair\n|c|\u2606Denet12345|Honestly that zygarde was terrifying from the start but never expected a 1 v 6 after all this trouble\n|\n|t:|1700610738\n|move|p1a: Grafaiai|Taunt|p2a: Zygarde\n|-start|p2a: Zygarde|move: Taunt\n|move|p2a: Zygarde|Thousand Waves|p1a: Grafaiai\n|-supereffective|p1a: Grafaiai\n|-damage|p1a: Grafaiai|0 fnt\n|faint|p1a: Grafaiai\n|\n|-heal|p2a: Zygarde|55\/100|[from] item: Leftovers\n|upkeep\n|\n|t:|1700610744\n|switch|p1a: Ditto|Ditto, shiny|100\/100\n|turn|30\n|\n|t:|1700610749\n|move|p2a: Zygarde|Thousand Waves|p1a: Ditto\n|-damage|p1a: Ditto|31\/100\n|-activate|p1a: Ditto|trapped\n|move|p1a: Ditto|Transform||[still]\n|-fail|p1a: Ditto\n|\n|-heal|p2a: Zygarde|61\/100|[from] item: Leftovers\n|upkeep\n|turn|31\n|c|\u2606Denet12345|gg\n|c|\u2606theblackgotenks|ohhh\n|c|\u2606theblackgotenks|i forgot about that\n|\n|t:|1700610761\n|move|p2a: Zygarde|Thousand Waves|p1a: Ditto\n|-crit|p1a: Ditto\n|-damage|p1a: Ditto|0 fnt\n|faint|p1a: Ditto\n|\n|win|theblackgotenks\n","uploadtime":1700610797,"views":14,"p1id":"denet12345","p2id":"theblackgotenks","formatid":"gen9nationaldexubers","rating":0,"private":0,"password":""}