{"id":"gen9nationaldexubers-2000014693","p1":"Razorgliscor472","p2":"Hiusi guy %\u25d5\u203f\u203f\u25d5%","format":"[Gen 9] National Dex Ubers","log":"|j|\u2606Razorgliscor472\n|j|\u2606Hiusi guy %\u25d5\u203f\u203f\u25d5%\n|t:|1701141349\n|gametype|singles\n|player|p1|Razorgliscor472|1|\n|player|p2|Hiusi guy %\u25d5\u203f\u203f\u25d5%|alec-anime|\n|teamsize|p1|6\n|teamsize|p2|6\n|gen|9\n|tier|[Gen 9] National Dex Ubers\n|rule|HP Percentage Mod: HP is shown in percentages\n|rule|Endless Battle Clause: Forcing endless battles is banned\n|rule|OHKO Clause: OHKO moves are banned\n|rule|Evasion Moves Clause: Evasion moves are banned\n|rule|Evasion Items Clause: Evasion items are banned\n|rule|Species Clause: Limit one of each Pok\u00e9mon\n|rule|Sleep Clause Mod: Limit one foe put to sleep\n|rule|Mega Rayquaza Clause: You cannot mega evolve Rayquaza\n|clearpoke\n|poke|p1|Sandy Shocks|\n|poke|p1|Zygarde|\n|poke|p1|Landorus-Therian, M|\n|poke|p1|Great Tusk|\n|poke|p1|Excadrill, F|\n|poke|p1|Kartana|\n|poke|p2|Melmetal|\n|poke|p2|Smeargle, F|\n|poke|p2|Beedrill, M|\n|poke|p2|Weavile, F|\n|poke|p2|Tapu Koko|\n|poke|p2|Sneasler, F|\n|teampreview\n|\n|t:|1701141370\n|start\n|switch|p1a: Excadrill|Excadrill, F|100\/100\n|switch|p2a: Smeargle|Smeargle, F|100\/100\n|-ability|p1a: Excadrill|Mold Breaker\n|turn|1\n|\n|t:|1701141381\n|switch|p1a: Kartana|Kartana|100\/100\n|move|p2a: Smeargle|Spore|p1a: Kartana\n|-immune|p1a: Kartana\n|\n|upkeep\n|turn|2\n|\n|t:|1701141391\n|move|p1a: Kartana|Smart Strike|p2a: Smeargle\n|-enditem|p2a: Smeargle|Focus Sash\n|-damage|p2a: Smeargle|1\/100\n|move|p2a: Smeargle|Ceaseless Edge|p1a: Kartana\n|-damage|p1a: Kartana|92\/100\n|-sidestart|p1: Razorgliscor472|Spikes\n|\n|upkeep\n|turn|3\n|\n|t:|1701141400\n|move|p1a: Kartana|Smart Strike|p2a: Smeargle\n|-crit|p2a: Smeargle\n|-damage|p2a: Smeargle|0 fnt\n|faint|p2a: Smeargle\n|-ability|p1a: Kartana|Beast Boost|boost\n|-boost|p1a: Kartana|atk|1\n|\n|upkeep\n|\n|t:|1701141416\n|switch|p2a: Melmetal|Melmetal|100\/100\n|-item|p2a: Melmetal|Air Balloon\n|turn|4\n|\n|t:|1701141426\n|move|p1a: Kartana|Smart Strike|p2a: Melmetal\n|-resisted|p2a: Melmetal\n|-damage|p2a: Melmetal|82\/100\n|-enditem|p2a: Melmetal|Air Balloon\n|move|p2a: Melmetal|Double Iron Bash|p1a: Kartana\n|-resisted|p1a: Kartana\n|-damage|p1a: Kartana|70\/100\n|-resisted|p1a: Kartana\n|-damage|p1a: Kartana|49\/100\n|-hitcount|p1a: Kartana|2\n|\n|upkeep\n|turn|5\n|\n|t:|1701141436\n|move|p1a: Kartana|Smart Strike|p2a: Melmetal\n|-resisted|p2a: Melmetal\n|-damage|p2a: Melmetal|64\/100\n|move|p2a: Melmetal|Double Iron Bash|p1a: Kartana\n|-resisted|p1a: Kartana\n|-damage|p1a: Kartana|28\/100\n|-resisted|p1a: Kartana\n|-damage|p1a: Kartana|6\/100\n|-hitcount|p1a: Kartana|2\n|\n|upkeep\n|turn|6\n|\n|t:|1701141442\n|move|p1a: Kartana|Smart Strike|p2a: Melmetal\n|-resisted|p2a: Melmetal\n|-damage|p2a: Melmetal|44\/100\n|move|p2a: Melmetal|Double Iron Bash|p1a: Kartana\n|-resisted|p1a: Kartana\n|-damage|p1a: Kartana|0 fnt\n|faint|p1a: Kartana\n|-hitcount|p1: Kartana|1\n|\n|upkeep\n|\n|t:|1701141455\n|switch|p1a: Excadrill|Excadrill, F|100\/100\n|-damage|p1a: Excadrill|88\/100|[from] Spikes\n|-ability|p1a: Excadrill|Mold Breaker\n|turn|7\n|\n|t:|1701141469\n|move|p1a: Excadrill|Earthquake|p2a: Melmetal\n|-supereffective|p2a: Melmetal\n|-damage|p2a: Melmetal|0 fnt\n|faint|p2a: Melmetal\n|\n|-heal|p1a: Excadrill|94\/100|[from] item: Leftovers\n|upkeep\n|\n|t:|1701141483\n|switch|p2a: Beedrill|Beedrill, M|100\/100\n|turn|8\n|\n|t:|1701141492\n|detailschange|p2a: Beedrill|Beedrill-Mega, M\n|-mega|p2a: Beedrill|Beedrill|Beedrillite\n|move|p2a: Beedrill|Drill Run|p1a: Excadrill\n|-supereffective|p1a: Excadrill\n|-damage|p1a: Excadrill|8\/100\n|move|p1a: Excadrill|Rapid Spin|p2a: Beedrill\n|-damage|p2a: Beedrill|58\/100\n|-boost|p1a: Excadrill|spe|1\n|-sideend|p1: Razorgliscor472|Spikes|[from] move: Rapid Spin|[of] p1a: Excadrill\n|\n|-heal|p1a: Excadrill|14\/100|[from] item: Leftovers\n|upkeep\n|turn|9\n|\n|t:|1701141501\n|move|p1a: Excadrill|Iron Head|p2a: Beedrill\n|-crit|p2a: Beedrill\n|-damage|p2a: Beedrill|0 fnt\n|faint|p2a: Beedrill\n|\n|-heal|p1a: Excadrill|20\/100|[from] item: Leftovers\n|upkeep\n|\n|t:|1701141506\n|switch|p2a: Tapu Koko|Tapu Koko|100\/100\n|-fieldstart|move: Electric Terrain|[from] ability: Electric Surge|[of] p2a: Tapu Koko\n|turn|10\n|\n|t:|1701141523\n|move|p1a: Excadrill|Earthquake|p2a: Tapu Koko\n|-supereffective|p2a: Tapu Koko\n|-damage|p2a: Tapu Koko|0 fnt\n|faint|p2a: Tapu Koko\n|\n|-heal|p1a: Excadrill|27\/100|[from] item: Leftovers\n|upkeep\n|\n|t:|1701141525\n|switch|p2a: Sneasler|Sneasler, F|100\/100\n|-enditem|p2a: Sneasler|Electric Seed\n|-boost|p2a: Sneasler|def|1|[from] item: Electric Seed\n|turn|11\n|\n|t:|1701141542\n|move|p2a: Sneasler|Acrobatics|p1a: Excadrill\n|-resisted|p1a: Excadrill\n|-damage|p1a: Excadrill|0 fnt\n|faint|p1a: Excadrill\n|\n|upkeep\n|\n|t:|1701141544\n|switch|p1a: Landorus|Landorus-Therian, M|100\/100\n|-ability|p1a: Landorus|Intimidate|boost\n|-unboost|p2a: Sneasler|atk|1\n|turn|12\n|\n|t:|1701141550\n|-terastallize|p2a: Sneasler|Flying\n|move|p2a: Sneasler|Substitute|p2a: Sneasler\n|-start|p2a: Sneasler|Substitute\n|-damage|p2a: Sneasler|76\/100\n|move|p1a: Landorus|Earthquake|p2a: Sneasler\n|-immune|p2a: Sneasler\n|\n|upkeep\n|turn|13\n|\n|t:|1701141554\n|move|p2a: Sneasler|Swords Dance|p2a: Sneasler\n|-boost|p2a: Sneasler|atk|2\n|move|p1a: Landorus|Stone Edge|p2a: Sneasler\n|-supereffective|p2a: Sneasler\n|-end|p2a: Sneasler|Substitute\n|\n|upkeep\n|turn|14\n|\n|t:|1701141561\n|move|p2a: Sneasler|Acrobatics|p1a: Landorus\n|-damage|p1a: Landorus|0 fnt\n|faint|p1a: Landorus\n|\n|-fieldend|move: Electric Terrain\n|upkeep\n|\n|t:|1701141572\n|switch|p1a: Zygarde|Zygarde|100\/100\n|-ability|p1a: Zygarde|Aura Break\n|turn|15\n|c|\u2606Hiusi guy %\u25d5\u203f\u203f\u25d5%|Oh\n|\n|t:|1701141581\n|move|p2a: Sneasler|Substitute|p2a: Sneasler\n|-start|p2a: Sneasler|Substitute\n|-damage|p2a: Sneasler|51\/100\n|move|p1a: Zygarde|Dragon Tail|p2a: Sneasler\n|-end|p2a: Sneasler|Substitute\n|\n|upkeep\n|turn|16\n|\n|t:|1701141592\n|move|p2a: Sneasler|Close Combat|p1a: Zygarde\n|-damage|p1a: Zygarde|32\/100\n|-unboost|p2a: Sneasler|def|1\n|-unboost|p2a: Sneasler|spd|1\n|move|p1a: Zygarde|Dragon Tail|p2a: Sneasler\n|-crit|p2a: Sneasler\n|-damage|p2a: Sneasler|0 fnt\n|faint|p2a: Sneasler\n|\n|-heal|p1a: Zygarde|38\/100|[from] item: Leftovers\n|upkeep\n|\n|t:|1701141596\n|switch|p2a: Weavile|Weavile, F|100\/100\n|turn|17\n|\n|t:|1701141610\n|-terastallize|p1a: Zygarde|Steel\n|move|p2a: Weavile|Triple Axel|p1a: Zygarde\n|-resisted|p1a: Zygarde\n|-damage|p1a: Zygarde|33\/100\n|-resisted|p1a: Zygarde\n|-damage|p1a: Zygarde|24\/100\n|-resisted|p1a: Zygarde\n|-damage|p1a: Zygarde|12\/100\n|-hitcount|p1a: Zygarde|3\n|move|p1a: Zygarde|Thousand Arrows|p2a: Weavile\n|-damage|p2a: Weavile|40\/100\n|\n|-heal|p1a: Zygarde|18\/100|[from] item: Leftovers\n|upkeep\n|turn|18\n|\n|t:|1701141615\n|move|p2a: Weavile|Low Kick|p1a: Zygarde\n|-supereffective|p1a: Zygarde\n|-damage|p1a: Zygarde|0 fnt\n|faint|p1a: Zygarde\n|\n|upkeep\n|\n|t:|1701141618\n|switch|p1a: Sandy Shocks|Sandy Shocks|100\/100\n|-enditem|p1a: Sandy Shocks|Booster Energy\n|-activate|p1a: Sandy Shocks|ability: Protosynthesis|[fromitem]\n|-start|p1a: Sandy Shocks|protosynthesisspe\n|turn|19\n|c|\u2606Hiusi guy %\u25d5\u203f\u203f\u25d5%|Gg\n|\n|t:|1701141626\n|move|p2a: Weavile|Ice Shard|p1a: Sandy Shocks\n|-supereffective|p1a: Sandy Shocks\n|-damage|p1a: Sandy Shocks|48\/100\n|move|p1a: Sandy Shocks|Thunderbolt|p2a: Weavile\n|-damage|p2a: Weavile|0 fnt\n|faint|p2a: Weavile\n|\n|win|Razorgliscor472\n|c|\u2606Razorgliscor472|Gg\n","uploadtime":1701141634,"views":20,"p1id":"razorgliscor472","p2id":"hiusiguy","formatid":"gen9nationaldexubers","rating":0,"private":0,"password":""}