{"id":"gen9nationaldexubers-1986520295","p1":"BloodPlum","p2":"AhiruChan","format":"[Gen 9] National Dex Ubers","log":"|j|\u2606BloodPlum\n|j|\u2606AhiruChan\n|t:|1699487551\n|gametype|singles\n|player|p1|BloodPlum|parasollady|\n|player|p2|AhiruChan|lillie-masters2|\n|teamsize|p1|6\n|teamsize|p2|6\n|gen|9\n|tier|[Gen 9] National Dex Ubers\n|rule|HP Percentage Mod: HP is shown in percentages\n|rule|Endless Battle Clause: Forcing endless battles is banned\n|rule|OHKO Clause: OHKO moves are banned\n|rule|Evasion Moves Clause: Evasion moves are banned\n|rule|Evasion Items Clause: Evasion items are banned\n|rule|Species Clause: Limit one of each Pok\u00e9mon\n|rule|Sleep Clause Mod: Limit one foe put to sleep\n|rule|Mega Rayquaza Clause: You cannot mega evolve Rayquaza\n|clearpoke\n|poke|p1|Lopunny, M|\n|poke|p1|Cinderace, M|\n|poke|p1|Azumarill, F|\n|poke|p1|Ninetales-Alola, F|\n|poke|p1|Zoroark-Hisui, M|\n|poke|p1|Espeon, F|\n|poke|p2|Grimmsnarl, M|\n|poke|p2|Roaring Moon|\n|poke|p2|Greninja-*, M|\n|poke|p2|Meowscarada, M|\n|poke|p2|Moltres-Galar|\n|poke|p2|Sableye, F|\n|teampreview\n|inactive|Battle timer is ON: inactive players will automatically lose when time's up. (requested by AhiruChan)\n|c|\u2606AhiruChan|Glhf, imma not having fun with this team lol\n|\n|t:|1699487573\n|start\n|switch|p1a: Azumarill|Azumarill, F|100\/100\n|switch|p2a: Grimmsnarl|Grimmsnarl, M|100\/100\n|turn|1\n|\n|t:|1699487579\n|move|p2a: Grimmsnarl|Taunt|p1a: Azumarill\n|-start|p1a: Azumarill|move: Taunt\n|move|p1a: Azumarill|Iron Tail|p2a: Grimmsnarl\n|-supereffective|p2a: Grimmsnarl\n|-damage|p2a: Grimmsnarl|0 fnt\n|faint|p2a: Grimmsnarl\n|\n|upkeep\n|\n|t:|1699487588\n|switch|p2a: Sableye|Sableye, F|100\/100\n|turn|2\n|\n|t:|1699487592\n|switch|p1a: Espeon|Espeon, F|100\/100\n|detailschange|p2a: Sableye|Sableye-Mega, F\n|-mega|p2a: Sableye|Sableye|Sablenite\n|move|p2a: Sableye|Will-O-Wisp|p1a: Espeon\n|move|p1a: Espeon|Will-O-Wisp|p2a: Sableye|[from]ability: Magic Bounce\n|-status|p2a: Sableye|brn\n|\n|-damage|p2a: Sableye|95\/100 brn|[from] brn\n|upkeep\n|turn|3\n|\n|t:|1699487597\n|move|p1a: Espeon|Draining Kiss|p2a: Sableye\n|-supereffective|p2a: Sableye\n|-damage|p2a: Sableye|69\/100 brn\n|move|p2a: Sableye|Knock Off|p1a: Espeon\n|-supereffective|p1a: Espeon\n|-damage|p1a: Espeon|46\/100\n|-enditem|p1a: Espeon|Choice Scarf|[from] move: Knock Off|[of] p2a: Sableye\n|\n|-damage|p2a: Sableye|63\/100 brn|[from] brn\n|upkeep\n|turn|4\n|\n|t:|1699487606\n|move|p1a: Espeon|Draining Kiss|p2a: Sableye\n|-supereffective|p2a: Sableye\n|-damage|p2a: Sableye|38\/100 brn\n|-heal|p1a: Espeon|67\/100|[from] drain|[of] p2a: Sableye\n|move|p2a: Sableye|Knock Off|p1a: Espeon\n|-supereffective|p1a: Espeon\n|-damage|p1a: Espeon|31\/100\n|\n|-damage|p2a: Sableye|32\/100 brn|[from] brn\n|upkeep\n|turn|5\n|\n|t:|1699487611\n|move|p1a: Espeon|Draining Kiss|p2a: Sableye\n|-supereffective|p2a: Sableye\n|-damage|p2a: Sableye|7\/100 brn\n|-heal|p1a: Espeon|52\/100|[from] drain|[of] p2a: Sableye\n|move|p2a: Sableye|Recover|p2a: Sableye\n|-heal|p2a: Sableye|58\/100 brn\n|\n|-damage|p2a: Sableye|52\/100 brn|[from] brn\n|upkeep\n|turn|6\n|\n|t:|1699487615\n|move|p1a: Espeon|Draining Kiss|p2a: Sableye\n|-supereffective|p2a: Sableye\n|-damage|p2a: Sableye|28\/100 brn\n|-heal|p1a: Espeon|72\/100|[from] drain|[of] p2a: Sableye\n|move|p2a: Sableye|Knock Off|p1a: Espeon\n|-supereffective|p1a: Espeon\n|-damage|p1a: Espeon|33\/100\n|\n|-damage|p2a: Sableye|22\/100 brn|[from] brn\n|upkeep\n|turn|7\n|\n|t:|1699487620\n|move|p1a: Espeon|Draining Kiss|p2a: Sableye\n|-supereffective|p2a: Sableye\n|-damage|p2a: Sableye|0 fnt\n|-heal|p1a: Espeon|51\/100|[from] drain|[of] p2a: Sableye\n|faint|p2a: Sableye\n|\n|upkeep\n|\n|t:|1699487624\n|switch|p2a: Greninja|Greninja, M|100\/100\n|turn|8\n|\n|t:|1699487629\n|-terastallize|p1a: Espeon|Fairy\n|move|p2a: Greninja|Hydro Pump|p1a: Espeon\n|-damage|p1a: Espeon|0 fnt\n|faint|p1a: Espeon\n|-ability|p2a: Greninja|Battle Bond|boost\n|-boost|p2a: Greninja|atk|1\n|-boost|p2a: Greninja|spa|1\n|-boost|p2a: Greninja|spe|1\n|-activate|p2a: Greninja|ability: Battle Bond\n|\n|upkeep\n|\n|t:|1699487634\n|switch|p1a: Lopunny|Lopunny, M|100\/100\n|turn|9\n|\n|t:|1699487643\n|detailschange|p1a: Lopunny|Lopunny-Mega, M\n|-mega|p1a: Lopunny|Lopunny|Lopunnite\n|move|p1a: Lopunny|Fake Out|p2a: Greninja\n|-damage|p2a: Greninja|62\/100\n|cant|p2a: Greninja|flinch\n|\n|upkeep\n|turn|10\n|\n|t:|1699487648\n|-zpower|p2a: Greninja\n|move|p2a: Greninja|Hydro Vortex|p1a: Lopunny|[zeffect]\n|-damage|p1a: Lopunny|0 fnt\n|faint|p1a: Lopunny\n|\n|upkeep\n|\n|t:|1699487653\n|switch|p1a: Azumarill|Azumarill, F|100\/100\n|turn|11\n|\n|t:|1699487661\n|move|p2a: Greninja|Dark Pulse|p1a: Azumarill\n|-supereffective|p1a: Azumarill\n|-damage|p1a: Azumarill|0 fnt\n|replace|p1a: Zoroark|Zoroark-Hisui, M\n|-end|p1a: Zoroark|Illusion\n|faint|p1a: Zoroark\n|\n|upkeep\n|\n|t:|1699487666\n|switch|p1a: Ninetales|Ninetales-Alola, F|100\/100\n|-weather|Snow|[from] ability: Snow Warning|[of] p1a: Ninetales\n|turn|12\n|\n|t:|1699487669\n|move|p2a: Greninja|Hydro Pump|p1a: Ninetales\n|-damage|p1a: Ninetales|21\/100\n|move|p1a: Ninetales|Aurora Veil|p1a: Ninetales\n|-sidestart|p1: BloodPlum|move: Aurora Veil\n|\n|-weather|Snow|[upkeep]\n|upkeep\n|turn|13\n|\n|t:|1699487674\n|move|p2a: Greninja|Water Shuriken|p1a: Ninetales\n|-damage|p1a: Ninetales|15\/100\n|-damage|p1a: Ninetales|9\/100\n|-damage|p1a: Ninetales|3\/100\n|-damage|p1a: Ninetales|0 fnt\n|faint|p1a: Ninetales\n|-hitcount|p1: Ninetales|4\n|\n|-weather|Snow|[upkeep]\n|upkeep\n|\n|t:|1699487679\n|switch|p1a: Azumarill|Azumarill, F|100\/100\n|turn|14\n|\n|t:|1699487682\n|move|p2a: Greninja|Dark Pulse|p1a: Azumarill\n|-resisted|p1a: Azumarill\n|-damage|p1a: Azumarill|86\/100\n|move|p1a: Azumarill|Belly Drum|p1a: Azumarill\n|-damage|p1a: Azumarill|36\/100\n|-setboost|p1a: Azumarill|atk|6|[from] move: Belly Drum\n|-enditem|p1a: Azumarill|Sitrus Berry|[eat]\n|-heal|p1a: Azumarill|61\/100|[from] item: Sitrus Berry\n|\n|-weather|Snow|[upkeep]\n|upkeep\n|turn|15\n|\n|t:|1699487688\n|move|p1a: Azumarill|Aqua Jet|p2a: Greninja\n|-resisted|p2a: Greninja\n|-damage|p2a: Greninja|0 fnt\n|faint|p2a: Greninja\n|\n|-weather|Snow|[upkeep]\n|upkeep\n|\n|t:|1699487691\n|switch|p2a: Meowscarada|Meowscarada, M|100\/100\n|turn|16\n|\n|t:|1699487696\n|move|p2a: Meowscarada|Flower Trick|p1a: Azumarill\n|-start|p2a: Meowscarada|typechange|Grass|[from] ability: Protean\n|-supereffective|p1a: Azumarill\n|-crit|p1a: Azumarill\n|-damage|p1a: Azumarill|0 fnt\n|faint|p1a: Azumarill\n|\n|-weather|none\n|upkeep\n|\n|t:|1699487700\n|switch|p1a: Cinderace|Cinderace, M|100\/100\n|turn|17\n|\n|t:|1699487707\n|move|p2a: Meowscarada|Flower Trick|p1a: Cinderace\n|-resisted|p1a: Cinderace\n|-crit|p1a: Cinderace\n|-damage|p1a: Cinderace|63\/100\n|move|p1a: Cinderace|Pyro Ball|p2a: Meowscarada\n|-supereffective|p2a: Meowscarada\n|-damage|p2a: Meowscarada|0 fnt\n|faint|p2a: Meowscarada\n|\n|upkeep\n|\n|t:|1699487711\n|switch|p2a: Roaring Moon|Roaring Moon|100\/100\n|turn|18\n|\n|t:|1699487716\n|-terastallize|p2a: Roaring Moon|Dragon\n|move|p2a: Roaring Moon|Earthquake|p1a: Cinderace\n|-supereffective|p1a: Cinderace\n|-damage|p1a: Cinderace|0 fnt\n|faint|p1a: Cinderace\n|-damage|p2a: Roaring Moon|91\/100|[from] item: Life Orb\n|\n|win|AhiruChan\n|l|\u2606BloodPlum\n|c|\u2606AhiruChan|Gg wp\n","uploadtime":1699487730,"views":14,"p1id":"bloodplum","p2id":"ahiruchan","formatid":"gen9nationaldexubers","rating":0,"private":0,"password":""}