{"id":"gen9nationaldexubers-1982762375","p1":"Dragonsbanisher971","p2":"Worden of you","format":"[Gen 9] National Dex Ubers","log":"|j|\u2606Dragonsbanisher971\n|j|\u2606Worden of you\n|t:|1699042490\n|gametype|singles\n|player|p1|Dragonsbanisher971|170|1157\n|player|p2|Worden of you|steven|1185\n|teamsize|p1|6\n|teamsize|p2|6\n|gen|9\n|tier|[Gen 9] National Dex Ubers\n|rated|\n|rule|HP Percentage Mod: HP is shown in percentages\n|rule|Endless Battle Clause: Forcing endless battles is banned\n|rule|OHKO Clause: OHKO moves are banned\n|rule|Evasion Moves Clause: Evasion moves are banned\n|rule|Evasion Items Clause: Evasion items are banned\n|rule|Species Clause: Limit one of each Pok\u00e9mon\n|rule|Sleep Clause Mod: Limit one foe put to sleep\n|rule|Mega Rayquaza Clause: You cannot mega evolve Rayquaza\n|clearpoke\n|poke|p1|Snorlax, F|\n|poke|p1|Tauros, M|\n|poke|p1|Dubwool, F|\n|poke|p1|Lopunny, M|\n|poke|p1|Dodrio, F|\n|poke|p1|Obstagoon, M|\n|poke|p2|Kyurem-Black|\n|poke|p2|Eternatus|\n|poke|p2|Metagross|\n|poke|p2|Groudon|\n|poke|p2|Chien-Pao|\n|poke|p2|Hoopa-Unbound|\n|teampreview\n|\n|t:|1699042542\n|start\n|switch|p1a: Dubwool|Dubwool, F, shiny|100\/100\n|switch|p2a: Chien-Pao|Chien-Pao|100\/100\n|-ability|p2a: Chien-Pao|Sword of Ruin\n|turn|1\n|\n|t:|1699042551\n|move|p2a: Chien-Pao|Sacred Sword|p1a: Dubwool\n|-supereffective|p1a: Dubwool\n|-enditem|p1a: Dubwool|Chople Berry|[eat]\n|-enditem|p1a: Dubwool|Chople Berry|[weaken]\n|-damage|p1a: Dubwool|83\/100\n|move|p1a: Dubwool|Cotton Guard|p1a: Dubwool\n|-boost|p1a: Dubwool|def|3\n|\n|upkeep\n|turn|2\n|\n|t:|1699042563\n|move|p2a: Chien-Pao|Sacred Sword|p1a: Dubwool\n|-supereffective|p1a: Dubwool\n|-damage|p1a: Dubwool|49\/100\n|move|p1a: Dubwool|Body Press|p2a: Chien-Pao\n|-supereffective|p2a: Chien-Pao\n|-damage|p2a: Chien-Pao|0 fnt\n|faint|p2a: Chien-Pao\n|\n|upkeep\n|\n|t:|1699042584\n|switch|p2a: Groudon|Groudon|100\/100\n|detailschange|p2a: Groudon|Groudon-Primal\n|-primal|p2a: Groudon|Red Orb\n|-weather|DesolateLand|[from] ability: Desolate Land|[of] p2a: Groudon\n|turn|3\n|\n|t:|1699042593\n|move|p2a: Groudon|Earthquake|p1a: Dubwool\n|-damage|p1a: Dubwool|26\/100\n|move|p1a: Dubwool|Body Slam|p2a: Groudon\n|-damage|p2a: Groudon|85\/100\n|\n|-weather|DesolateLand|[upkeep]\n|upkeep\n|turn|4\n|\n|t:|1699042604\n|move|p2a: Groudon|Stone Edge|p1a: Dubwool\n|-damage|p1a: Dubwool|10\/100\n|move|p1a: Dubwool|Body Slam|p2a: Groudon\n|-damage|p2a: Groudon|72\/100\n|\n|-weather|DesolateLand|[upkeep]\n|upkeep\n|turn|5\n|\n|t:|1699042615\n|move|p2a: Groudon|Fire Punch|p1a: Dubwool\n|-damage|p1a: Dubwool|0 fnt\n|faint|p1a: Dubwool\n|\n|-weather|DesolateLand|[upkeep]\n|upkeep\n|\n|t:|1699042629\n|switch|p1a: Obstagoon|Obstagoon, M|100\/100\n|turn|6\n|\n|t:|1699042653\n|move|p1a: Obstagoon|Obstruct|p1a: Obstagoon\n|-singleturn|p1a: Obstagoon|Protect\n|move|p2a: Groudon|Fire Punch|p1a: Obstagoon\n|-activate|p1a: Obstagoon|move: Protect\n|-unboost|p2a: Groudon|def|2\n|\n|-weather|DesolateLand|[upkeep]\n|-status|p1a: Obstagoon|brn|[from] item: Flame Orb\n|upkeep\n|turn|7\n|\n|t:|1699042670\n|move|p1a: Obstagoon|Facade|p2a: Groudon\n|-damage|p2a: Groudon|0 fnt\n|faint|p2a: Groudon\n|-weather|none\n|\n|-damage|p1a: Obstagoon|94\/100 brn|[from] brn\n|upkeep\n|\n|t:|1699042701\n|switch|p2a: Eternatus|Eternatus|100\/100\n|-ability|p2a: Eternatus|Pressure\n|turn|8\n|\n|t:|1699042749\n|move|p1a: Obstagoon|Obstruct|p1a: Obstagoon\n|-singleturn|p1a: Obstagoon|Protect\n|move|p2a: Eternatus|Sludge Bomb|p1a: Obstagoon\n|-activate|p1a: Obstagoon|move: Protect\n|\n|-damage|p1a: Obstagoon|88\/100 brn|[from] brn\n|upkeep\n|turn|9\n|\n|t:|1699042771\n|move|p2a: Eternatus|Flamethrower|p1a: Obstagoon\n|-damage|p1a: Obstagoon|52\/100 brn\n|move|p1a: Obstagoon|Knock Off|p2a: Eternatus\n|-damage|p2a: Eternatus|52\/100\n|-enditem|p2a: Eternatus|Leftovers|[from] move: Knock Off|[of] p1a: Obstagoon\n|\n|-damage|p1a: Obstagoon|46\/100 brn|[from] brn\n|upkeep\n|turn|10\n|\n|t:|1699042785\n|move|p2a: Eternatus|Flamethrower|p1a: Obstagoon\n|-damage|p1a: Obstagoon|8\/100 brn\n|move|p1a: Obstagoon|Facade|p2a: Eternatus\n|-damage|p2a: Eternatus|0 fnt\n|faint|p2a: Eternatus\n|\n|-damage|p1a: Obstagoon|2\/100 brn|[from] brn\n|upkeep\n|\n|t:|1699042796\n|switch|p2a: Metagross|Metagross|100\/100\n|turn|11\n|\n|t:|1699042800\n|detailschange|p2a: Metagross|Metagross-Mega\n|-mega|p2a: Metagross|Metagross|Metagrossite\n|move|p2a: Metagross|Bullet Punch|p1a: Obstagoon\n|-damage|p1a: Obstagoon|0 fnt\n|faint|p1a: Obstagoon\n|\n|upkeep\n|\n|t:|1699042815\n|switch|p1a: Snorlax|Snorlax, F|100\/100\n|turn|12\n|\n|t:|1699042872\n|move|p2a: Metagross|Meteor Mash|p1a: Snorlax|[miss]\n|-miss|p2a: Metagross|p1a: Snorlax\n|move|p1a: Snorlax|Curse|p1a: Snorlax\n|-unboost|p1a: Snorlax|spe|1\n|-boost|p1a: Snorlax|atk|1\n|-boost|p1a: Snorlax|def|1\n|\n|upkeep\n|turn|13\n|\n|t:|1699042886\n|move|p2a: Metagross|Meteor Mash|p1a: Snorlax\n|-crit|p1a: Snorlax\n|-damage|p1a: Snorlax|36\/100\n|move|p1a: Snorlax|Body Slam|p2a: Metagross\n|-resisted|p2a: Metagross\n|-damage|p2a: Metagross|85\/100\n|-status|p2a: Metagross|par\n|\n|-heal|p1a: Snorlax|42\/100|[from] item: Leftovers\n|upkeep\n|turn|14\n|\n|t:|1699042902\n|cant|p2a: Metagross|par\n|move|p1a: Snorlax|Rest|p1a: Snorlax\n|-status|p1a: Snorlax|slp|[from] move: Rest\n|-heal|p1a: Snorlax|100\/100 slp|[silent]\n|\n|upkeep\n|turn|15\n|\n|t:|1699042909\n|move|p2a: Metagross|Meteor Mash|p1a: Snorlax\n|-damage|p1a: Snorlax|69\/100 slp\n|cant|p1a: Snorlax|slp\n|move|p1a: Snorlax|Sleep Talk|p1a: Snorlax\n|move|p1a: Snorlax|Curse|p1a: Snorlax|[from]move: Sleep Talk\n|-unboost|p1a: Snorlax|spe|1\n|-boost|p1a: Snorlax|atk|1\n|-boost|p1a: Snorlax|def|1\n|\n|-heal|p1a: Snorlax|75\/100 slp|[from] item: Leftovers\n|upkeep\n|turn|16\n|\n|t:|1699042925\n|cant|p2a: Metagross|par\n|cant|p1a: Snorlax|slp\n|move|p1a: Snorlax|Sleep Talk|p1a: Snorlax\n|move|p1a: Snorlax|Body Slam|p2a: Metagross|[from]move: Sleep Talk\n|-resisted|p2a: Metagross\n|-damage|p2a: Metagross|63\/100 par\n|\n|-heal|p1a: Snorlax|81\/100 slp|[from] item: Leftovers\n|upkeep\n|turn|17\n|\n|t:|1699042940\n|move|p2a: Metagross|Meteor Mash|p1a: Snorlax\n|-damage|p1a: Snorlax|56\/100 slp\n|-curestatus|p1a: Snorlax|slp|[msg]\n|move|p1a: Snorlax|Body Slam|p2a: Metagross\n|-resisted|p2a: Metagross\n|-damage|p2a: Metagross|42\/100 par\n|\n|-heal|p1a: Snorlax|62\/100|[from] item: Leftovers\n|upkeep\n|turn|18\n|\n|t:|1699042972\n|move|p2a: Metagross|Meteor Mash|p1a: Snorlax\n|-damage|p1a: Snorlax|37\/100\n|move|p1a: Snorlax|Body Slam|p2a: Metagross\n|-resisted|p2a: Metagross\n|-damage|p2a: Metagross|17\/100 par\n|\n|-heal|p1a: Snorlax|43\/100|[from] item: Leftovers\n|upkeep\n|turn|19\n|\n|t:|1699042981\n|switch|p2a: Kyurem|Kyurem-Black|100\/100\n|-ability|p2a: Kyurem|Teravolt\n|move|p1a: Snorlax|Rest|p1a: Snorlax\n|-status|p1a: Snorlax|slp|[from] move: Rest\n|-heal|p1a: Snorlax|100\/100 slp|[silent]\n|\n|upkeep\n|turn|20\n|\n|t:|1699042990\n|move|p2a: Kyurem|Icicle Spear|p1a: Snorlax\n|-damage|p1a: Snorlax|95\/100 slp\n|-damage|p1a: Snorlax|88\/100 slp\n|-damage|p1a: Snorlax|82\/100 slp\n|-hitcount|p1a: Snorlax|3\n|cant|p1a: Snorlax|slp\n|move|p1a: Snorlax|Sleep Talk|p1a: Snorlax\n|move|p1a: Snorlax|Body Slam|p2a: Kyurem|[from]move: Sleep Talk\n|-damage|p2a: Kyurem|46\/100\n|-status|p2a: Kyurem|par\n|\n|-heal|p2a: Kyurem|52\/100 par|[from] item: Leftovers\n|-heal|p1a: Snorlax|88\/100 slp|[from] item: Leftovers\n|upkeep\n|turn|21\n|-message|Worden of you forfeited.\n|\n|win|Dragonsbanisher971\n|raw|Dragonsbanisher971's rating: 1157 &rarr; <strong>1184<\/strong><br \/>(+27 for winning)\n|raw|Worden of you's rating: 1185 &rarr; <strong>1158<\/strong><br \/>(-27 for losing)\n|l|\u2606Worden of you\n","uploadtime":1699043009,"views":22,"p1id":"dragonsbanisher971","p2id":"wordenofyou","formatid":"gen9nationaldexubers","rating":1158,"private":0,"password":""}