{"id":"gen9nationaldexubers-1990894638","p1":"Seafo","p2":"Truemamarama","format":"[Gen 9] National Dex Ubers","log":"|j|\u2606Seafo\n|j|\u2606Truemamarama\n|t:|1700012359\n|gametype|singles\n|player|p1|Seafo|dawn|\n|player|p2|Truemamarama|cynthia-gen4|\n|teamsize|p1|6\n|teamsize|p2|6\n|gen|9\n|tier|[Gen 9] National Dex Ubers\n|rule|HP Percentage Mod: HP is shown in percentages\n|rule|Endless Battle Clause: Forcing endless battles is banned\n|rule|OHKO Clause: OHKO moves are banned\n|rule|Evasion Moves Clause: Evasion moves are banned\n|rule|Evasion Items Clause: Evasion items are banned\n|rule|Species Clause: Limit one of each Pok\u00e9mon\n|rule|Sleep Clause Mod: Limit one foe put to sleep\n|rule|Mega Rayquaza Clause: You cannot mega evolve Rayquaza\n|clearpoke\n|poke|p1|Latias, F|\n|poke|p1|Tyranitar, M|\n|poke|p1|Goodra, M|\n|poke|p1|Articuno|\n|poke|p1|Toucannon, M|\n|poke|p1|Melmetal|\n|poke|p2|Exeggutor-Alola, F|\n|poke|p2|Sawk, M|\n|poke|p2|Garchomp, M|\n|poke|p2|Dragonite, M|\n|poke|p2|Meowstic, M|\n|poke|p2|Kingambit, M|\n|teampreview\n|\n|t:|1700012401\n|start\n|switch|p1a: Latias|Latias, F|100\/100\n|switch|p2a: Meowstic|Meowstic, M|100\/100\n|turn|1\n|\n|t:|1700012413\n|switch|p1a: Tyranitar|Tyranitar, M|100\/100\n|-weather|Sandstorm|[from] ability: Sand Stream|[of] p1a: Tyranitar\n|move|p2a: Meowstic|Light Screen|p2a: Meowstic\n|-sidestart|p2: Truemamarama|move: Light Screen\n|\n|-weather|Sandstorm|[upkeep]\n|-damage|p2a: Meowstic|94\/100|[from] Sandstorm\n|upkeep\n|turn|2\n|\n|t:|1700012426\n|move|p2a: Meowstic|Reflect|p2a: Meowstic\n|-sidestart|p2: Truemamarama|Reflect\n|move|p1a: Tyranitar|Dragon Dance|p1a: Tyranitar\n|-boost|p1a: Tyranitar|atk|1\n|-boost|p1a: Tyranitar|spe|1\n|\n|-weather|Sandstorm|[upkeep]\n|-damage|p2a: Meowstic|88\/100|[from] Sandstorm\n|upkeep\n|turn|3\n|\n|t:|1700012442\n|move|p2a: Meowstic|Psychic|p1a: Tyranitar\n|-immune|p1a: Tyranitar\n|move|p1a: Tyranitar|Dragon Dance|p1a: Tyranitar\n|-boost|p1a: Tyranitar|atk|1\n|-boost|p1a: Tyranitar|spe|1\n|\n|-weather|Sandstorm|[upkeep]\n|-damage|p2a: Meowstic|82\/100|[from] Sandstorm\n|upkeep\n|turn|4\n|j| bogg dyson\n|\n|t:|1700012479\n|switch|p2a: Sawk|Sawk, M|100\/100\n|move|p1a: Tyranitar|Dragon Dance|p1a: Tyranitar\n|-boost|p1a: Tyranitar|atk|1\n|-boost|p1a: Tyranitar|spe|1\n|\n|-weather|Sandstorm|[upkeep]\n|-damage|p2a: Sawk|94\/100|[from] Sandstorm\n|upkeep\n|turn|5\n|\n|t:|1700012488\n|move|p1a: Tyranitar|Earthquake|p2a: Sawk\n|-damage|p2a: Sawk|18\/100\n|move|p2a: Sawk|Close Combat|p1a: Tyranitar\n|-supereffective|p1a: Tyranitar\n|-damage|p1a: Tyranitar|0 fnt\n|-unboost|p2a: Sawk|def|1\n|-unboost|p2a: Sawk|spd|1\n|faint|p1a: Tyranitar\n|\n|-weather|none\n|upkeep\n|\n|t:|1700012503\n|switch|p1a: Latias|Latias, F|100\/100\n|turn|6\n|\n|t:|1700012528\n|switch|p2a: Kingambit|Kingambit, M|100\/100\n|detailschange|p1a: Latias|Latias-Mega, F\n|-mega|p1a: Latias|Latias|Latiasite\n|move|p1a: Latias|Calm Mind|p1a: Latias\n|-boost|p1a: Latias|spa|1\n|-boost|p1a: Latias|spd|1\n|\n|upkeep\n|turn|7\n|\n|t:|1700012538\n|move|p1a: Latias|Aura Sphere|p2a: Kingambit\n|-supereffective|p2a: Kingambit\n|-crit|p2a: Kingambit\n|-damage|p2a: Kingambit|0 fnt\n|faint|p2a: Kingambit\n|-end|p2a: Kingambit|fallenundefined|[silent]\n|\n|upkeep\n|\n|t:|1700012544\n|switch|p2a: Garchomp|Garchomp, M|100\/100\n|turn|8\n|\n|t:|1700012549\n|detailschange|p2a: Garchomp|Garchomp-Mega, M\n|-mega|p2a: Garchomp|Garchomp|Garchompite\n|move|p2a: Garchomp|Dragon Claw|p1a: Latias\n|-supereffective|p1a: Latias\n|-damage|p1a: Latias|21\/100\n|move|p1a: Latias|Dragon Pulse|p2a: Garchomp\n|-supereffective|p2a: Garchomp\n|-damage|p2a: Garchomp|38\/100\n|\n|-sideend|p2: Truemamarama|move: Light Screen\n|upkeep\n|turn|9\n|\n|t:|1700012583\n|switch|p1a: Melmetal|Melmetal|100\/100\n|move|p2a: Garchomp|Dragon Claw|p1a: Melmetal\n|-resisted|p1a: Melmetal\n|-damage|p1a: Melmetal|82\/100\n|\n|-sideend|p2: Truemamarama|Reflect\n|upkeep\n|turn|10\n|\n|t:|1700012598\n|switch|p2a: Exeggutor|Exeggutor-Alola, F|100\/100\n|move|p1a: Melmetal|Ice Punch|p2a: Exeggutor\n|-supereffective|p2a: Exeggutor\n|-damage|p2a: Exeggutor|0 fnt\n|faint|p2a: Exeggutor\n|\n|upkeep\n|\n|t:|1700012608\n|switch|p2a: Sawk|Sawk, M|18\/100\n|turn|11\n|\n|t:|1700012619\n|switch|p1a: Articuno|Articuno|100\/100\n|-ability|p1a: Articuno|Pressure\n|move|p2a: Sawk|Rock Slide|p1a: Articuno|[miss]\n|-miss|p2a: Sawk|p1a: Articuno\n|\n|upkeep\n|turn|12\n|\n|t:|1700012629\n|move|p2a: Sawk|Rock Slide|p1a: Articuno\n|-supereffective|p1a: Articuno\n|-damage|p1a: Articuno|0 fnt\n|faint|p1a: Articuno\n|\n|upkeep\n|\n|t:|1700012641\n|switch|p1a: Toucannon|Toucannon, M|100\/100\n|turn|13\n|\n|t:|1700012645\n|-singleturn|p1a: Toucannon|move: Beak Blast\n|move|p2a: Sawk|Rock Slide|p1a: Toucannon\n|-supereffective|p1a: Toucannon\n|-damage|p1a: Toucannon|0 fnt\n|faint|p1a: Toucannon\n|\n|upkeep\n|\n|t:|1700012656\n|switch|p1a: Goodra|Goodra, M|100\/100\n|turn|14\n|\n|t:|1700012666\n|move|p2a: Sawk|Rock Slide|p1a: Goodra\n|-damage|p1a: Goodra|51\/100\n|cant|p1a: Goodra|flinch\n|\n|upkeep\n|turn|15\n|\n|t:|1700012671\n|move|p2a: Sawk|Rock Slide|p1a: Goodra\n|-damage|p1a: Goodra|5\/100\n|cant|p1a: Goodra|flinch\n|\n|upkeep\n|turn|16\n|\n|t:|1700012676\n|move|p2a: Sawk|Rock Slide|p1a: Goodra\n|-crit|p1a: Goodra\n|-damage|p1a: Goodra|0 fnt\n|faint|p1a: Goodra\n|\n|upkeep\n|\n|t:|1700012678\n|switch|p1a: Melmetal|Melmetal|82\/100\n|turn|17\n|\n|t:|1700012683\n|move|p2a: Sawk|Rock Slide|p1a: Melmetal\n|-resisted|p1a: Melmetal\n|-damage|p1a: Melmetal|69\/100\n|move|p1a: Melmetal|Double Iron Bash|p2a: Sawk\n|-damage|p2a: Sawk|0 fnt\n|faint|p2a: Sawk\n|-hitcount|p2: Sawk|1\n|\n|upkeep\n|\n|t:|1700012709\n|switch|p2a: Meowstic|Meowstic, M|82\/100\n|turn|18\n|\n|t:|1700012714\n|move|p2a: Meowstic|Reflect|p2a: Meowstic\n|-sidestart|p2: Truemamarama|Reflect\n|move|p1a: Melmetal|Double Iron Bash|p2a: Meowstic\n|-damage|p2a: Meowstic|56\/100\n|-damage|p2a: Meowstic|30\/100\n|-hitcount|p2a: Meowstic|2\n|\n|upkeep\n|turn|19\n|\n|t:|1700012725\n|move|p2a: Meowstic|Light Screen|p2a: Meowstic\n|-sidestart|p2: Truemamarama|move: Light Screen\n|move|p1a: Melmetal|Ice Punch|p2a: Meowstic\n|-damage|p2a: Meowstic|9\/100\n|\n|upkeep\n|turn|20\n|\n|t:|1700012734\n|move|p2a: Meowstic|Psychic|p1a: Melmetal\n|-resisted|p1a: Melmetal\n|-damage|p1a: Melmetal|59\/100\n|move|p1a: Melmetal|Ice Punch|p2a: Meowstic\n|-damage|p2a: Meowstic|0 fnt\n|faint|p2a: Meowstic\n|\n|upkeep\n|j| Sekibankki\n|c| Sekibankki|go rami!\n|\n|t:|1700012744\n|switch|p2a: Dragonite|Dragonite, M|100\/100\n|turn|21\n|c| Sekibankki|woohoo!\n|c|\u2606Truemamarama|SEKIII\n|\n|t:|1700012749\n|move|p2a: Dragonite|Flamethrower|p1a: Melmetal\n|-supereffective|p1a: Melmetal\n|-damage|p1a: Melmetal|29\/100\n|move|p1a: Melmetal|Ice Punch|p2a: Dragonite\n|-supereffective|p2a: Dragonite\n|-damage|p2a: Dragonite|65\/100\n|\n|-heal|p2a: Dragonite|71\/100|[from] item: Leftovers\n|upkeep\n|turn|22\n|\n|t:|1700012758\n|move|p2a: Dragonite|Flamethrower|p1a: Melmetal\n|-supereffective|p1a: Melmetal\n|-damage|p1a: Melmetal|0 fnt\n|faint|p1a: Melmetal\n|\n|-heal|p2a: Dragonite|77\/100|[from] item: Leftovers\n|upkeep\n|\n|t:|1700012764\n|switch|p1a: Latias|Latias-Mega, F|21\/100\n|turn|23\n|\n|t:|1700012769\n|move|p1a: Latias|Dragon Pulse|p2a: Dragonite\n|-supereffective|p2a: Dragonite\n|-damage|p2a: Dragonite|34\/100\n|move|p2a: Dragonite|Ice Beam|p1a: Latias\n|-supereffective|p1a: Latias\n|-damage|p1a: Latias|0 fnt\n|faint|p1a: Latias\n|\n|win|Truemamarama\n","uploadtime":1700012809,"views":10,"p1id":"seafo","p2id":"truemamarama","formatid":"gen9nationaldexubers","rating":0,"private":0,"password":""}