{"id":"gen9nationaldexubers-1979115127","p1":"09-10a","p2":"777Clearnu","format":"[Gen 9] National Dex Ubers","log":"|j|\u260609-10a\n|j|\u2606777Clearnu\n|t:|1698634205\n|gametype|singles\n|player|p1|09-10a|schoolkid-gen4dp|1784\n|player|p2|777Clearnu|guitarist-gen4|1789\n|teamsize|p1|6\n|teamsize|p2|6\n|gen|9\n|tier|[Gen 9] National Dex Ubers\n|rated|\n|rule|HP Percentage Mod: HP is shown in percentages\n|rule|Endless Battle Clause: Forcing endless battles is banned\n|rule|OHKO Clause: OHKO moves are banned\n|rule|Evasion Moves Clause: Evasion moves are banned\n|rule|Evasion Items Clause: Evasion items are banned\n|rule|Species Clause: Limit one of each Pok\u00e9mon\n|rule|Sleep Clause Mod: Limit one foe put to sleep\n|rule|Mega Rayquaza Clause: You cannot mega evolve Rayquaza\n|clearpoke\n|poke|p1|Salamence, M|\n|poke|p1|Marshadow|\n|poke|p1|Zygarde|\n|poke|p1|Xerneas-*|\n|poke|p1|Necrozma-Dusk-Mane|\n|poke|p1|Donphan, M|\n|poke|p2|Ho-Oh|\n|poke|p2|Zygarde|\n|poke|p2|Marshadow|\n|poke|p2|Groudon|\n|poke|p2|Arceus-Dark|\n|poke|p2|Kyogre|\n|teampreview\n|inactive|Battle timer is ON: inactive players will automatically lose when time's up. (requested by 777Clearnu)\n|inactive|09-10a also wants the timer to be on.\n|\n|t:|1698634219\n|start\n|switch|p1a: Xerneas|Xerneas, shiny|100\/100\n|switch|p2a: BKC|Arceus-Dark|100\/100\n|-ability|p1a: Xerneas|Fairy Aura\n|turn|1\n|\n|t:|1698634230\n|move|p2a: BKC|Taunt|p1a: Xerneas\n|-start|p1a: Xerneas|move: Taunt\n|move|p1a: Xerneas|Moonblast|p2a: BKC\n|-supereffective|p2a: BKC\n|-damage|p2a: BKC|3\/100\n|\n|upkeep\n|turn|2\n|\n|t:|1698634241\n|switch|p2a: birdspam|Ho-Oh|100\/100\n|move|p1a: Xerneas|Moonblast|p2a: birdspam\n|-resisted|p2a: birdspam\n|-damage|p2a: birdspam|80\/100\n|\n|upkeep\n|turn|3\n|\n|t:|1698634247\n|switch|p1a: Donphan|Donphan, M, shiny|100\/100\n|move|p2a: birdspam|Sacred Fire|p1a: Donphan\n|-damage|p1a: Donphan|69\/100\n|\n|upkeep\n|turn|4\n|\n|t:|1698634258\n|move|p2a: birdspam|Sacred Fire|p1a: Donphan\n|-damage|p1a: Donphan|36\/100\n|move|p1a: Donphan|Stealth Rock|p2a: birdspam\n|-sidestart|p2: 777Clearnu|move: Stealth Rock\n|\n|upkeep\n|turn|5\n|\n|t:|1698634265\n|move|p2a: birdspam|Sacred Fire|p1a: Donphan\n|-damage|p1a: Donphan|7\/100\n|move|p1a: Donphan|Stealth Rock||[still]\n|-fail|p1a: Donphan\n|\n|upkeep\n|turn|6\n|-enditem|p1a: Donphan|Custap Berry|[eat]\n|-activate|p1a: Donphan|item: Custap Berry|[consumed]\n|\n|t:|1698634274\n|move|p1a: Donphan|Endeavor|p2a: birdspam\n|-damage|p2a: birdspam|6\/100\n|move|p2a: birdspam|Defog|p1a: Donphan\n|-unboost|p1a: Donphan|evasion|1\n|-sideend|p2: 777Clearnu|Stealth Rock|[from] move: Defog|[of] p2a: birdspam\n|\n|upkeep\n|turn|7\n|\n|t:|1698634282\n|move|p2a: birdspam|Sacred Fire|p1a: Donphan\n|-crit|p1a: Donphan\n|-damage|p1a: Donphan|0 fnt\n|faint|p1a: Donphan\n|\n|upkeep\n|\n|t:|1698634287\n|switch|p1a: Zygarde|Zygarde, shiny|100\/100\n|turn|8\n|\n|t:|1698634294\n|switch|p2a: looks at you funny|Zygarde|100\/100\n|move|p1a: Zygarde|Substitute|p1a: Zygarde\n|-start|p1a: Zygarde|Substitute\n|-damage|p1a: Zygarde|76\/100\n|\n|-heal|p1a: Zygarde|82\/100|[from] item: Leftovers\n|upkeep\n|turn|9\n|\n|t:|1698634299\n|move|p1a: Zygarde|Dragon Dance|p1a: Zygarde\n|-boost|p1a: Zygarde|atk|1\n|-boost|p1a: Zygarde|spe|1\n|move|p2a: looks at you funny|Coil|p2a: looks at you funny\n|-boost|p2a: looks at you funny|atk|1\n|-boost|p2a: looks at you funny|def|1\n|-boost|p2a: looks at you funny|accuracy|1\n|\n|-heal|p1a: Zygarde|88\/100|[from] item: Leftovers\n|upkeep\n|turn|10\n|\n|t:|1698634303\n|move|p2a: looks at you funny|Coil|p2a: looks at you funny\n|-boost|p2a: looks at you funny|atk|1\n|-boost|p2a: looks at you funny|def|1\n|-boost|p2a: looks at you funny|accuracy|1\n|move|p1a: Zygarde|Dragon Tail|p2a: looks at you funny\n|-supereffective|p2a: looks at you funny\n|-damage|p2a: looks at you funny|76\/100\n|drag|p2a: kid named eruption|Groudon|100\/100\n|detailschange|p2a: kid named eruption|Groudon-Primal\n|-primal|p2a: kid named eruption|Red Orb\n|-weather|DesolateLand|[from] ability: Desolate Land|[of] p2a: kid named eruption\n|\n|-weather|DesolateLand|[upkeep]\n|-heal|p1a: Zygarde|94\/100|[from] item: Leftovers\n|upkeep\n|turn|11\n|\n|t:|1698634313\n|-weather|none\n|switch|p2a: BKC|Arceus-Dark|3\/100\n|move|p1a: Zygarde|Thousand Arrows|p2a: BKC\n|-damage|p2a: BKC|0 fnt\n|faint|p2a: BKC\n|\n|-heal|p1a: Zygarde|99\/100|[from] item: Leftovers\n|upkeep\n|\n|t:|1698634318\n|switch|p2a: doris|Marshadow|100\/100\n|turn|12\n|\n|t:|1698634328\n|move|p2a: doris|Spectral Thief||[still]\n|-clearpositiveboost|p1a: Zygarde|p2a: doris|move: Spectral Thief\n|-boost|p2a: doris|atk|1\n|-boost|p2a: doris|spe|1\n|-anim|p2a: doris|Spectral Thief|p1a: Zygarde\n|-damage|p1a: Zygarde|24\/100\n|move|p1a: Zygarde|Dragon Tail|p2a: doris\n|-damage|p2a: doris|69\/100\n|drag|p2a: kid named eruption|Groudon-Primal|100\/100\n|-weather|DesolateLand|[from] ability: Desolate Land|[of] p2a: kid named eruption\n|\n|-weather|DesolateLand|[upkeep]\n|-heal|p1a: Zygarde|30\/100|[from] item: Leftovers\n|-activate|p1a: Zygarde|ability: Power Construct\n|detailschange|p1a: Zygarde|Zygarde-Complete, shiny\n|-heal|p1a: Zygarde|56\/100|[silent]\n|upkeep\n|turn|13\n|\n|t:|1698634341\n|move|p1a: Zygarde|Dragon Dance|p1a: Zygarde\n|-boost|p1a: Zygarde|atk|1\n|-boost|p1a: Zygarde|spe|1\n|move|p2a: kid named eruption|Precipice Blades|p1a: Zygarde\n|-end|p1a: Zygarde|Substitute\n|\n|-weather|DesolateLand|[upkeep]\n|-heal|p1a: Zygarde|63\/100|[from] item: Leftovers\n|upkeep\n|turn|14\n|\n|t:|1698634345\n|move|p1a: Zygarde|Dragon Dance|p1a: Zygarde\n|-boost|p1a: Zygarde|atk|1\n|-boost|p1a: Zygarde|spe|1\n|move|p2a: kid named eruption|Precipice Blades|p1a: Zygarde|[miss]\n|-miss|p2a: kid named eruption|p1a: Zygarde\n|\n|-weather|DesolateLand|[upkeep]\n|-heal|p1a: Zygarde|69\/100|[from] item: Leftovers\n|upkeep\n|turn|15\n|\n|t:|1698634349\n|move|p1a: Zygarde|Dragon Dance|p1a: Zygarde\n|-boost|p1a: Zygarde|atk|1\n|-boost|p1a: Zygarde|spe|1\n|move|p2a: kid named eruption|Precipice Blades|p1a: Zygarde\n|-damage|p1a: Zygarde|28\/100\n|\n|-weather|DesolateLand|[upkeep]\n|-heal|p1a: Zygarde|35\/100|[from] item: Leftovers\n|upkeep\n|turn|16\n|\n|t:|1698634356\n|move|p1a: Zygarde|Thousand Arrows|p2a: kid named eruption\n|-supereffective|p2a: kid named eruption\n|-damage|p2a: kid named eruption|0 fnt\n|faint|p2a: kid named eruption\n|-weather|none\n|\n|-heal|p1a: Zygarde|41\/100|[from] item: Leftovers\n|upkeep\n|\n|t:|1698634365\n|switch|p2a: goldfish crackers|Kyogre|100\/100\n|detailschange|p2a: goldfish crackers|Kyogre-Primal\n|-primal|p2a: goldfish crackers|Blue Orb\n|-weather|PrimordialSea|[from] ability: Primordial Sea|[of] p2a: goldfish crackers\n|turn|17\n|\n|t:|1698634368\n|-terastallize|p1a: Zygarde|Ground\n|move|p1a: Zygarde|Thousand Arrows|p2a: goldfish crackers\n|-damage|p2a: goldfish crackers|5\/100\n|move|p2a: goldfish crackers|Ice Beam|p1a: Zygarde\n|-supereffective|p1a: Zygarde\n|-damage|p1a: Zygarde|0 fnt\n|faint|p1a: Zygarde\n|\n|-weather|PrimordialSea|[upkeep]\n|upkeep\n|\n|t:|1698634382\n|switch|p1a: Marshadow|Marshadow|100\/100\n|turn|18\n|\n|t:|1698634388\n|move|p1a: Marshadow|Shadow Sneak|p2a: goldfish crackers\n|-damage|p2a: goldfish crackers|0 fnt\n|faint|p2a: goldfish crackers\n|-weather|none\n|-damage|p1a: Marshadow|91\/100|[from] item: Life Orb\n|\n|upkeep\n|\n|t:|1698634400\n|switch|p2a: looks at you funny|Zygarde|76\/100\n|turn|19\n|\n|t:|1698634404\n|move|p1a: Marshadow|Bulk Up|p1a: Marshadow\n|-boost|p1a: Marshadow|atk|1\n|-boost|p1a: Marshadow|def|1\n|move|p2a: looks at you funny|Glare|p1a: Marshadow\n|-status|p1a: Marshadow|par\n|\n|upkeep\n|turn|20\n|\n|t:|1698634411\n|move|p2a: looks at you funny|Coil|p2a: looks at you funny\n|-boost|p2a: looks at you funny|atk|1\n|-boost|p2a: looks at you funny|def|1\n|-boost|p2a: looks at you funny|accuracy|1\n|move|p1a: Marshadow|Close Combat|p2a: looks at you funny\n|-damage|p2a: looks at you funny|23\/100\n|-unboost|p1a: Marshadow|def|1\n|-unboost|p1a: Marshadow|spd|1\n|-damage|p1a: Marshadow|81\/100 par|[from] item: Life Orb\n|\n|-activate|p2a: looks at you funny|ability: Power Construct\n|detailschange|p2a: looks at you funny|Zygarde-Complete\n|-heal|p2a: looks at you funny|49\/100|[silent]\n|upkeep\n|turn|21\n|\n|t:|1698634436\n|move|p2a: looks at you funny|Thousand Arrows|p1a: Marshadow\n|-damage|p1a: Marshadow|14\/100 par\n|move|p1a: Marshadow|Close Combat|p2a: looks at you funny\n|-damage|p2a: looks at you funny|15\/100\n|-unboost|p1a: Marshadow|def|1\n|-unboost|p1a: Marshadow|spd|1\n|-damage|p1a: Marshadow|4\/100 par|[from] item: Life Orb\n|\n|upkeep\n|turn|22\n|\n|t:|1698634443\n|move|p1a: Marshadow|Shadow Sneak|p2a: looks at you funny\n|-damage|p2a: looks at you funny|0 fnt\n|faint|p2a: looks at you funny\n|-damage|p1a: Marshadow|0 fnt|[from] item: Life Orb\n|faint|p1a: Marshadow\n|\n|upkeep\n|\n|t:|1698634450\n|switch|p1a: Salamence|Salamence, M|100\/100\n|switch|p2a: doris|Marshadow|69\/100\n|-ability|p1a: Salamence|Intimidate|boost\n|-unboost|p2a: doris|atk|1\n|turn|23\n|\n|t:|1698634468\n|detailschange|p1a: Salamence|Salamence-Mega, M\n|-mega|p1a: Salamence|Salamence|Salamencite\n|move|p2a: doris|Rock Tomb|p1a: Salamence\n|-supereffective|p1a: Salamence\n|-damage|p1a: Salamence|49\/100\n|-unboost|p1a: Salamence|spe|1\n|move|p1a: Salamence|Dragon Dance|p1a: Salamence\n|-boost|p1a: Salamence|atk|1\n|-boost|p1a: Salamence|spe|1\n|\n|upkeep\n|turn|24\n|c|\u2606777Clearnu|unironically lost to no sacred fire burn on donphan\n|inactive|09-10a has 120 seconds left.\n|\n|t:|1698634520\n|switch|p1a: Xerneas|Xerneas, shiny|100\/100\n|-ability|p1a: Xerneas|Fairy Aura\n|move|p2a: doris|Rock Tomb|p1a: Xerneas\n|-damage|p1a: Xerneas|75\/100\n|-unboost|p1a: Xerneas|spe|1\n|\n|upkeep\n|turn|25\n|\n|t:|1698634546\n|switch|p2a: birdspam|Ho-Oh|39\/100\n|move|p1a: Xerneas|Moonblast|p2a: birdspam\n|-resisted|p2a: birdspam\n|-damage|p2a: birdspam|19\/100\n|\n|upkeep\n|turn|26\n|\n|t:|1698634553\n|move|p2a: birdspam|Recover|p2a: birdspam\n|-heal|p2a: birdspam|69\/100\n|move|p1a: Xerneas|Moonblast|p2a: birdspam\n|-resisted|p2a: birdspam\n|-damage|p2a: birdspam|48\/100\n|-unboost|p2a: birdspam|spa|1\n|\n|upkeep\n|turn|27\n|\n|t:|1698634557\n|move|p2a: birdspam|Recover|p2a: birdspam\n|-heal|p2a: birdspam|98\/100\n|move|p1a: Xerneas|Geomancy||[still]\n|-prepare|p1a: Xerneas|Geomancy\n|-enditem|p1a: Xerneas|Power Herb\n|-anim|p1a: Xerneas|Geomancy|p1a: Xerneas\n|-boost|p1a: Xerneas|spa|2\n|-boost|p1a: Xerneas|spd|2\n|-boost|p1a: Xerneas|spe|2\n|\n|upkeep\n|turn|28\n|\n|t:|1698634563\n|move|p1a: Xerneas|Thunder|p2a: birdspam|[miss]\n|-miss|p1a: Xerneas|p2a: birdspam\n|move|p2a: birdspam|Sacred Fire|p1a: Xerneas\n|-damage|p1a: Xerneas|41\/100\n|\n|upkeep\n|turn|29\n|\n|t:|1698634570\n|move|p1a: Xerneas|Thunder|p2a: birdspam\n|-supereffective|p2a: birdspam\n|-damage|p2a: birdspam|7\/100\n|-status|p2a: birdspam|par\n|cant|p2a: birdspam|par\n|\n|upkeep\n|turn|30\n|inactive|09-10a has 120 seconds left.\n|\n|t:|1698634621\n|move|p1a: Xerneas|Moonblast|p2a: birdspam\n|-resisted|p2a: birdspam\n|-crit|p2a: birdspam\n|-damage|p2a: birdspam|0 fnt\n|faint|p2a: birdspam\n|\n|upkeep\n|\n|t:|1698634624\n|switch|p2a: doris|Marshadow|69\/100\n|turn|31\n|inactive|09-10a has 90 seconds left.\n|\n|t:|1698634653\n|-terastallize|p2a: doris|Ghost\n|move|p1a: Xerneas|Moonblast|p2a: doris\n|-damage|p2a: doris|0 fnt\n|faint|p2a: doris\n|\n|win|09-10a\n|raw|09-10a's rating: 1784 &rarr; <strong>1804<\/strong><br \/>(+20 for winning)\n|raw|777Clearnu's rating: 1789 &rarr; <strong>1769<\/strong><br \/>(-20 for losing)\n|l|\u2606777Clearnu\n","uploadtime":1698636495,"views":13,"p1id":"0910a","p2id":"777clearnu","formatid":"gen9nationaldexubers","rating":1769,"private":0,"password":""}