{"id":"gen9nationaldexubers-1986676334","p1":"Golbur","p2":"vptwarrior","format":"[Gen 9] National Dex Ubers","log":"|j|\u2606Golbur\n|j|\u2606vptwarrior\n|t:|1699506130\n|gametype|singles\n|player|p1|Golbur|roxie|1269\n|player|p2|vptwarrior|swimmer|1000\n|teamsize|p1|6\n|teamsize|p2|6\n|gen|9\n|tier|[Gen 9] National Dex Ubers\n|rated|\n|rule|HP Percentage Mod: HP is shown in percentages\n|rule|Endless Battle Clause: Forcing endless battles is banned\n|rule|OHKO Clause: OHKO moves are banned\n|rule|Evasion Moves Clause: Evasion moves are banned\n|rule|Evasion Items Clause: Evasion items are banned\n|rule|Species Clause: Limit one of each Pok\u00e9mon\n|rule|Sleep Clause Mod: Limit one foe put to sleep\n|rule|Mega Rayquaza Clause: You cannot mega evolve Rayquaza\n|clearpoke\n|poke|p1|Scolipede, F|\n|poke|p1|Minior-Orange|\n|poke|p1|Bewear, M|\n|poke|p1|Skarmory, M|\n|poke|p1|Banette, F|\n|poke|p1|Electrode|\n|poke|p2|Sylveon, F|\n|poke|p2|Hawlucha, M|\n|poke|p2|Noivern, F|\n|poke|p2|Clawitzer, M|\n|poke|p2|Goodra, F|\n|poke|p2|Greninja-*, M|\n|teampreview\n|inactive|Battle timer is ON: inactive players will automatically lose when time's up. (requested by Golbur)\n|j| iio3345\n|inactive|vptwarrior has 120 seconds left.\n|inactive|vptwarrior has 90 seconds left.\n|inactive|vptwarrior has 60 seconds left.\n|inactive|vptwarrior has 30 seconds left.\n|inactive|vptwarrior has 20 seconds left.\n|inactive|vptwarrior has 15 seconds left.\n|inactive|vptwarrior has 10 seconds left.\n|inactive|vptwarrior has 5 seconds left.\n|\n|t:|1699506278\n|start\n|switch|p1a: Ego orb|Electrode|100\/100\n|switch|p2a: Luna|Sylveon, F|100\/100\n|turn|1\n|-activate|p2a: Luna|item: Quick Claw\n|\n|t:|1699506285\n|move|p2a: Luna|Moonblast|p1a: Ego orb\n|-damage|p1a: Ego orb|36\/100\n|move|p1a: Ego orb|Light Screen|p1a: Ego orb\n|-sidestart|p1: Golbur|move: Light Screen\n|\n|upkeep\n|turn|2\n|c|\u2606vptwarrior|sorry, was distracted\n|\n|t:|1699506295\n|move|p1a: Ego orb|Reflect|p1a: Ego orb\n|-sidestart|p1: Golbur|Reflect\n|move|p2a: Luna|Moonblast|p1a: Ego orb\n|-damage|p1a: Ego orb|8\/100\n|-unboost|p1a: Ego orb|spa|1\n|\n|upkeep\n|turn|3\n|\n|t:|1699506304\n|move|p1a: Ego orb|Taunt|p2a: Luna\n|-start|p2a: Luna|move: Taunt\n|move|p2a: Luna|Shadow Ball|p1a: Ego orb\n|-damage|p1a: Ego orb|0 fnt\n|faint|p1a: Ego orb\n|\n|upkeep\n|\n|t:|1699506306\n|switch|p1a: Vinny|Scolipede, F|100\/100\n|turn|4\n|\n|t:|1699506311\n|switch|p2a: Nora|Noivern, F|100\/100\n|move|p1a: Vinny|Swords Dance|p1a: Vinny\n|-boost|p1a: Vinny|atk|2\n|\n|-ability|p1a: Vinny|Speed Boost|boost\n|-boost|p1a: Vinny|spe|1\n|upkeep\n|turn|5\n|\n|t:|1699506313\n|switch|p1a: Dunks|Minior-Orange|100\/100\n|-formechange|p1a: Dunks|Minior-Meteor||[from] ability: Shields Down\n|move|p2a: Nora|Air Slash|p1a: Dunks\n|-resisted|p1a: Dunks\n|-damage|p1a: Dunks|80\/100\n|\n|upkeep\n|turn|6\n|inactive|vptwarrior has 120 seconds left.\n|\n|t:|1699506323\n|switch|p2a: Bombard|Clawitzer, M|100\/100\n|move|p1a: Dunks|Shell Smash|p1a: Dunks\n|-unboost|p1a: Dunks|def|1\n|-unboost|p1a: Dunks|spd|1\n|-boost|p1a: Dunks|atk|2\n|-boost|p1a: Dunks|spa|2\n|-boost|p1a: Dunks|spe|2\n|-enditem|p1a: Dunks|White Herb\n|-clearnegativeboost|p1a: Dunks|[silent]\n|\n|upkeep\n|turn|7\n|\n|t:|1699506325\n|move|p1a: Dunks|Acrobatics|p2a: Bombard\n|-crit|p2a: Bombard\n|-damage|p2a: Bombard|0 fnt\n|faint|p2a: Bombard\n|\n|upkeep\n|\n|t:|1699506335\n|switch|p2a: Mavis|Goodra, F|100\/100\n|turn|8\n|\n|t:|1699506339\n|move|p1a: Dunks|Acrobatics|p2a: Mavis\n|-damage|p2a: Mavis|1\/100\n|-enditem|p2a: Mavis|Sitrus Berry|[eat]\n|-heal|p2a: Mavis|26\/100|[from] item: Sitrus Berry\n|move|p2a: Mavis|Muddy Water|p1a: Dunks\n|-supereffective|p1a: Dunks\n|-damage|p1a: Dunks|37\/100\n|\n|-sideend|p1: Golbur|move: Light Screen\n|-formechange|p1a: Dunks|Minior-Orange||[from] ability: Shields Down\n|upkeep\n|turn|9\n|\n|t:|1699506344\n|move|p1a: Dunks|Acrobatics|p2a: Mavis\n|-damage|p2a: Mavis|0 fnt\n|faint|p2a: Mavis\n|\n|-sideend|p1: Golbur|Reflect\n|upkeep\n|\n|t:|1699506348\n|switch|p2a: Luna|Sylveon, F|100\/100\n|turn|10\n|\n|t:|1699506350\n|move|p1a: Dunks|Acrobatics|p2a: Luna\n|-damage|p2a: Luna|0 fnt\n|faint|p2a: Luna\n|\n|upkeep\n|\n|t:|1699506353\n|switch|p2a: Sky-Terror|Hawlucha, M|100\/100\n|turn|11\n|\n|t:|1699506354\n|move|p1a: Dunks|Acrobatics|p2a: Sky-Terror\n|-supereffective|p2a: Sky-Terror\n|-damage|p2a: Sky-Terror|0 fnt\n|faint|p2a: Sky-Terror\n|\n|upkeep\n|\n|t:|1699506358\n|switch|p2a: Nicolas|Greninja, M|100\/100\n|turn|12\n|\n|t:|1699506360\n|move|p1a: Dunks|Acrobatics|p2a: Nicolas\n|-damage|p2a: Nicolas|0 fnt\n|faint|p2a: Nicolas\n|\n|upkeep\n|\n|t:|1699506363\n|switch|p2a: Nora|Noivern, F|100\/100\n|turn|13\n|\n|t:|1699506365\n|move|p1a: Dunks|Acrobatics|p2a: Nora\n|-damage|p2a: Nora|0 fnt\n|faint|p2a: Nora\n|\n|win|Golbur\n|raw|Golbur's rating: 1269 &rarr; <strong>1278<\/strong><br \/>(+9 for winning)\n|raw|vptwarrior's rating: 1000 &rarr; <strong>1000<\/strong><br \/>(+0 for losing)\n|l|\u2606vptwarrior\n|c|\u2606Golbur|Gg\n","uploadtime":1699506384,"views":5,"p1id":"golbur","p2id":"vptwarrior","formatid":"gen9nationaldexubers","rating":1000,"private":0,"password":""}