{"id":"gen9nationaldexubers-1978523209","p1":"Angel Karma","p2":"SecretFBIAgent","format":"[Gen 9] National Dex Ubers","log":"|j|\u2606Angel Karma\n|j|\u2606SecretFBIAgent\n|t:|1698550261\n|gametype|singles\n|player|p1|Angel Karma|unknown|1454\n|player|p2|SecretFBIAgent|102|1548\n|teamsize|p1|6\n|teamsize|p2|6\n|gen|9\n|tier|[Gen 9] National Dex Ubers\n|rated|\n|rule|HP Percentage Mod: HP is shown in percentages\n|rule|Endless Battle Clause: Forcing endless battles is banned\n|rule|OHKO Clause: OHKO moves are banned\n|rule|Evasion Moves Clause: Evasion moves are banned\n|rule|Evasion Items Clause: Evasion items are banned\n|rule|Species Clause: Limit one of each Pok\u00e9mon\n|rule|Sleep Clause Mod: Limit one foe put to sleep\n|rule|Mega Rayquaza Clause: You cannot mega evolve Rayquaza\n|clearpoke\n|poke|p1|Haxorus, F|\n|poke|p1|Groudon|\n|poke|p1|Skarmory, M|\n|poke|p1|Yveltal|\n|poke|p1|Flutter Mane|\n|poke|p1|Lucario, F|\n|poke|p2|Groudon|\n|poke|p2|Deoxys-Attack|\n|poke|p2|Kyogre|\n|poke|p2|Marshadow|\n|poke|p2|Zacian-*|\n|poke|p2|Ho-Oh|\n|teampreview\n|inactive|Battle timer is ON: inactive players will automatically lose when time's up. (requested by SecretFBIAgent)\n|\n|t:|1698550286\n|start\n|switch|p1a: Skarmory|Skarmory, M|100\/100\n|switch|p2a: Obese Ayers|Groudon, shiny|100\/100\n|detailschange|p2a: Obese Ayers|Groudon-Primal, shiny\n|-primal|p2a: Obese Ayers|Red Orb\n|-weather|DesolateLand|[from] ability: Desolate Land|[of] p2a: Obese Ayers\n|turn|1\n|j| bhshbsbhsbhs\n|\n|t:|1698550315\n|move|p1a: Skarmory|Swords Dance|p1a: Skarmory\n|-boost|p1a: Skarmory|atk|2\n|move|p2a: Obese Ayers|Overheat|p1a: Skarmory\n|-supereffective|p1a: Skarmory\n|-damage|p1a: Skarmory|0 fnt\n|-unboost|p2a: Obese Ayers|spa|2\n|faint|p1a: Skarmory\n|\n|-weather|DesolateLand|[upkeep]\n|upkeep\n|l| bhshbsbhsbhs\n|\n|t:|1698550326\n|switch|p1a: Groudon|Groudon, shiny|100\/100\n|detailschange|p1a: Groudon|Groudon-Primal, shiny\n|-primal|p1a: Groudon|Red Orb\n|turn|2\n|c|\u2606SecretFBIAgent|is that skarmory weak armor?\n|\n|t:|1698550333\n|switch|p2a: Burnt KFC|Ho-Oh, shiny|100\/100\n|move|p1a: Groudon|Precipice Blades|p2a: Burnt KFC\n|-immune|p2a: Burnt KFC\n|\n|-weather|DesolateLand|[upkeep]\n|upkeep\n|turn|3\n|\n|t:|1698550345\n|-weather|none\n|switch|p1a: Lucario|Lucario, F, shiny|100\/100\n|move|p2a: Burnt KFC|Toxic|p1a: Lucario|[miss]\n|-miss|p2a: Burnt KFC|p1a: Lucario\n|\n|upkeep\n|turn|4\n|\n|t:|1698550354\n|detailschange|p1a: Lucario|Lucario-Mega, F, shiny\n|-mega|p1a: Lucario|Lucario|Lucarionite\n|move|p1a: Lucario|Stone Edge|p2a: Burnt KFC\n|-supereffective|p2a: Burnt KFC\n|-damage|p2a: Burnt KFC|0 fnt\n|faint|p2a: Burnt KFC\n|\n|upkeep\n|\n|t:|1698550362\n|switch|p2a: Obese Ayers|Groudon-Primal, shiny|100\/100\n|-weather|DesolateLand|[from] ability: Desolate Land|[of] p2a: Obese Ayers\n|turn|5\n|\n|t:|1698550369\n|switch|p1a: Flutter Mane|Flutter Mane|100\/100\n|move|p2a: Obese Ayers|Overheat|p1a: Flutter Mane\n|-damage|p1a: Flutter Mane|5\/100\n|-unboost|p2a: Obese Ayers|spa|2\n|\n|-weather|DesolateLand|[upkeep]\n|upkeep\n|turn|6\n|\n|t:|1698550379\n|-terastallize|p1a: Flutter Mane|Ground\n|move|p1a: Flutter Mane|Tera Blast|p2a: Obese Ayers|[anim] Tera Blast Ground\n|-supereffective|p2a: Obese Ayers\n|-damage|p2a: Obese Ayers|18\/100\n|move|p2a: Obese Ayers|Overheat|p1a: Flutter Mane\n|-damage|p1a: Flutter Mane|0 fnt\n|-unboost|p2a: Obese Ayers|spa|2\n|faint|p1a: Flutter Mane\n|-end|p1a: Flutter Mane|Protosynthesis|[silent]\n|\n|-weather|DesolateLand|[upkeep]\n|upkeep\n|\n|t:|1698550390\n|switch|p1a: Haxorus|Haxorus, F|100\/100\n|-ability|p1a: Haxorus|Mold Breaker\n|turn|7\n|\n|t:|1698550400\n|move|p1a: Haxorus|Dragon Dance|p1a: Haxorus\n|-boost|p1a: Haxorus|atk|1\n|-boost|p1a: Haxorus|spe|1\n|move|p2a: Obese Ayers|Dragon Tail|p1a: Haxorus\n|-supereffective|p1a: Haxorus\n|-damage|p1a: Haxorus|47\/100\n|drag|p1a: Lucario|Lucario-Mega, F, shiny|100\/100\n|\n|-weather|DesolateLand|[upkeep]\n|upkeep\n|turn|8\n|\n|t:|1698550410\n|move|p1a: Lucario|High Jump Kick|p2a: Obese Ayers\n|-damage|p2a: Obese Ayers|0 fnt\n|faint|p2a: Obese Ayers\n|-weather|none\n|\n|upkeep\n|\n|t:|1698550419\n|switch|p2a: King Arthur|Zacian-Crowned, shiny|100\/100\n|-ability|p2a: King Arthur|Intrepid Sword|boost\n|-boost|p2a: King Arthur|atk|1\n|turn|9\n|\n|t:|1698550426\n|-terastallize|p2a: King Arthur|Ground\n|move|p2a: King Arthur|Tera Blast|p1a: Lucario|[anim] Tera Blast Ground\n|-supereffective|p1a: Lucario\n|-damage|p1a: Lucario|0 fnt\n|faint|p1a: Lucario\n|\n|upkeep\n|\n|t:|1698550435\n|switch|p1a: Yveltal|Yveltal|100\/100\n|-ability|p1a: Yveltal|Dark Aura\n|turn|10\n|\n|t:|1698550441\n|move|p1a: Yveltal|Dark Pulse|p2a: King Arthur\n|-damage|p2a: King Arthur|47\/100\n|cant|p2a: King Arthur|flinch\n|\n|upkeep\n|turn|11\n|\n|t:|1698550448\n|move|p1a: Yveltal|Dark Pulse|p2a: King Arthur\n|-damage|p2a: King Arthur|0 fnt\n|faint|p2a: King Arthur\n|\n|upkeep\n|\n|t:|1698550450\n|switch|p2a: African Kid|Deoxys-Attack, shiny|100\/100\n|-ability|p2a: African Kid|Pressure\n|turn|12\n|\n|t:|1698550458\n|move|p1a: Yveltal|Dark Pulse|p2a: African Kid\n|-supereffective|p2a: African Kid\n|-enditem|p2a: African Kid|Focus Sash\n|-damage|p2a: African Kid|1\/100\n|move|p2a: African Kid|Ice Beam|p1a: Yveltal\n|-supereffective|p1a: Yveltal\n|-damage|p1a: Yveltal|37\/100\n|\n|upkeep\n|turn|13\n|\n|t:|1698550468\n|move|p2a: African Kid|Extreme Speed|p1a: Yveltal\n|-damage|p1a: Yveltal|5\/100\n|move|p1a: Yveltal|Dark Pulse|p2a: African Kid\n|-supereffective|p2a: African Kid\n|-damage|p2a: African Kid|0 fnt\n|faint|p2a: African Kid\n|\n|upkeep\n|\n|t:|1698550470\n|switch|p2a: Emo Boi|Marshadow|100\/100\n|turn|14\n|\n|t:|1698550479\n|move|p2a: Emo Boi|Shadow Sneak|p1a: Yveltal\n|-resisted|p1a: Yveltal\n|-damage|p1a: Yveltal|0 fnt\n|faint|p1a: Yveltal\n|\n|upkeep\n|\n|t:|1698550484\n|switch|p1a: Groudon|Groudon-Primal, shiny|100\/100\n|-weather|DesolateLand|[from] ability: Desolate Land|[of] p1a: Groudon\n|turn|15\n|\n|t:|1698550492\n|move|p2a: Emo Boi|Close Combat|p1a: Groudon\n|-damage|p1a: Groudon|58\/100\n|-unboost|p2a: Emo Boi|def|1\n|-unboost|p2a: Emo Boi|spd|1\n|move|p1a: Groudon|Heat Crash|p2a: Emo Boi\n|-crit|p2a: Emo Boi\n|-enditem|p2a: Emo Boi|Focus Sash\n|-damage|p2a: Emo Boi|1\/100\n|\n|-weather|DesolateLand|[upkeep]\n|upkeep\n|turn|16\n|\n|t:|1698550515\n|switch|p2a: Obese Sushi|Kyogre, shiny|100\/100\n|detailschange|p2a: Obese Sushi|Kyogre-Primal, shiny\n|-primal|p2a: Obese Sushi|Blue Orb\n|-weather|PrimordialSea|[from] ability: Primordial Sea|[of] p2a: Obese Sushi\n|move|p1a: Groudon|Heat Crash||[still]\n|-fail|p1a: Groudon|Heat Crash|[from] Primordial Sea\n|\n|-weather|PrimordialSea|[upkeep]\n|upkeep\n|turn|17\n|\n|t:|1698550540\n|switch|p1a: Haxorus|Haxorus, F|47\/100\n|-ability|p1a: Haxorus|Mold Breaker\n|move|p2a: Obese Sushi|Water Spout|p1a: Haxorus\n|-resisted|p1a: Haxorus\n|-damage|p1a: Haxorus|0 fnt\n|faint|p1a: Haxorus\n|\n|-weather|PrimordialSea|[upkeep]\n|upkeep\n|\n|t:|1698550554\n|switch|p1a: Groudon|Groudon-Primal, shiny|58\/100\n|-weather|DesolateLand|[from] ability: Desolate Land|[of] p1a: Groudon\n|turn|18\n|\n|t:|1698550567\n|switch|p2a: Emo Boi|Marshadow|1\/100\n|move|p1a: Groudon|Rock Polish|p1a: Groudon\n|-boost|p1a: Groudon|spe|2\n|\n|-weather|DesolateLand|[upkeep]\n|upkeep\n|turn|19\n|\n|t:|1698550576\n|move|p1a: Groudon|Precipice Blades|p2a: Emo Boi\n|-damage|p2a: Emo Boi|0 fnt\n|faint|p2a: Emo Boi\n|\n|-weather|DesolateLand|[upkeep]\n|upkeep\n|\n|t:|1698550578\n|switch|p2a: Obese Sushi|Kyogre-Primal, shiny|100\/100\n|-weather|PrimordialSea|[from] ability: Primordial Sea|[of] p2a: Obese Sushi\n|turn|20\n|\n|t:|1698550586\n|move|p1a: Groudon|Precipice Blades|p2a: Obese Sushi\n|-damage|p2a: Obese Sushi|0 fnt\n|faint|p2a: Obese Sushi\n|-weather|none\n|\n|win|Angel Karma\n|raw|Angel Karma's rating: 1454 &rarr; <strong>1479<\/strong><br \/>(+25 for winning)\n|raw|SecretFBIAgent's rating: 1548 &rarr; <strong>1523<\/strong><br \/>(-25 for losing)\n|l|\u2606SecretFBIAgent\n","uploadtime":1698550594,"views":13,"p1id":"angelkarma","p2id":"secretfbiagent","formatid":"gen9nationaldexubers","rating":1479,"private":0,"password":""}