{"id":"gen9nationaldexubers-1998989028","p1":"buckdbog","p2":"raggedy richie","format":"[Gen 9] National Dex Ubers","log":"|j|\u2606buckdbog\n|j|\u2606raggedy richie\n|t:|1701021251\n|gametype|singles\n|player|p1|buckdbog|hugh|1105\n|player|p2|raggedy richie|ilima|1064\n|teamsize|p1|6\n|teamsize|p2|6\n|gen|9\n|tier|[Gen 9] National Dex Ubers\n|rated|\n|rule|HP Percentage Mod: HP is shown in percentages\n|rule|Endless Battle Clause: Forcing endless battles is banned\n|rule|OHKO Clause: OHKO moves are banned\n|rule|Evasion Moves Clause: Evasion moves are banned\n|rule|Evasion Items Clause: Evasion items are banned\n|rule|Species Clause: Limit one of each Pok\u00e9mon\n|rule|Sleep Clause Mod: Limit one foe put to sleep\n|rule|Mega Rayquaza Clause: You cannot mega evolve Rayquaza\n|clearpoke\n|poke|p1|Nihilego|\n|poke|p1|Shaymin-Sky|\n|poke|p1|Porygon2|\n|poke|p1|Skarmory, F|\n|poke|p1|Klefki, M|\n|poke|p1|Typhlosion, M|\n|poke|p2|Deoxys-Attack|\n|poke|p2|Kyogre|\n|poke|p2|Blaziken, M|\n|poke|p2|Landorus-Therian, M|\n|poke|p2|Manaphy|\n|poke|p2|Victini|\n|teampreview\n|inactive|Battle timer is ON: inactive players will automatically lose when time's up. (requested by raggedy richie)\n|\n|t:|1701021263\n|start\n|switch|p1a: Porygon2|Porygon2|100\/100\n|switch|p2a: Landorus|Landorus-Therian, M, shiny|100\/100\n|-ability|p2a: Landorus|Intimidate|boost\n|-unboost|p1a: Porygon2|atk|1\n|-ability|p1a: Porygon2|Intimidate|boost\n|-unboost|p2a: Landorus|atk|1\n|-ability|p1a: Porygon2|Intimidate|[from] ability: Trace|[of] p2a: Landorus\n|turn|1\n|\n|t:|1701021287\n|move|p2a: Landorus|Taunt|p1a: Porygon2\n|-start|p1a: Porygon2|move: Taunt\n|move|p1a: Porygon2|Ice Beam|p2a: Landorus\n|-supereffective|p2a: Landorus\n|-damage|p2a: Landorus|3\/100\n|\n|-heal|p2a: Landorus|9\/100|[from] item: Leftovers\n|upkeep\n|turn|2\n|\n|t:|1701021292\n|move|p2a: Landorus|Stealth Rock|p1a: Porygon2\n|-sidestart|p1: buckdbog|move: Stealth Rock\n|move|p1a: Porygon2|Ice Beam|p2a: Landorus\n|-supereffective|p2a: Landorus\n|-damage|p2a: Landorus|0 fnt\n|faint|p2a: Landorus\n|\n|upkeep\n|\n|t:|1701021294\n|switch|p2a: Manaphy|Manaphy, shiny|100\/100\n|turn|3\n|\n|t:|1701021298\n|switch|p1a: Klefki|Klefki, M, shiny|100\/100\n|-damage|p1a: Klefki|95\/100|[from] Stealth Rock\n|move|p2a: Manaphy|Take Heart|p2a: Manaphy\n|-boost|p2a: Manaphy|spa|1\n|-boost|p2a: Manaphy|spd|1\n|\n|-heal|p1a: Klefki|100\/100|[from] item: Leftovers\n|upkeep\n|turn|4\n|\n|t:|1701021306\n|move|p1a: Klefki|Thunder Wave|p2a: Manaphy\n|-status|p2a: Manaphy|par\n|move|p2a: Manaphy|Take Heart|p2a: Manaphy\n|-boost|p2a: Manaphy|spa|1\n|-boost|p2a: Manaphy|spd|1\n|-curestatus|p2a: Manaphy|par|[msg]\n|\n|upkeep\n|turn|5\n|\n|t:|1701021321\n|move|p1a: Klefki|Swagger|p2a: Manaphy\n|-boost|p2a: Manaphy|atk|2\n|-start|p2a: Manaphy|confusion\n|-activate|p2a: Manaphy|confusion\n|move|p2a: Manaphy|Acid Armor|p2a: Manaphy\n|-boost|p2a: Manaphy|def|2\n|\n|upkeep\n|turn|6\n|\n|t:|1701021326\n|-activate|p2a: Manaphy|confusion\n|move|p2a: Manaphy|Take Heart|p2a: Manaphy\n|-boost|p2a: Manaphy|spa|1\n|-boost|p2a: Manaphy|spd|1\n|move|p1a: Klefki|Foul Play|p2a: Manaphy\n|-damage|p2a: Manaphy|90\/100\n|\n|-heal|p2a: Manaphy|96\/100|[from] item: Leftovers\n|upkeep\n|turn|7\n|\n|t:|1701021333\n|move|p1a: Klefki|Thunder Wave|p2a: Manaphy\n|-status|p2a: Manaphy|par\n|-activate|p2a: Manaphy|confusion\n|-damage|p2a: Manaphy|91\/100 par|[from] confusion\n|\n|-heal|p2a: Manaphy|97\/100 par|[from] item: Leftovers\n|upkeep\n|turn|8\n|\n|t:|1701021337\n|switch|p1a: Shaymin|Shaymin-Sky|100\/100\n|-damage|p1a: Shaymin|76\/100|[from] Stealth Rock\n|-end|p2a: Manaphy|confusion\n|move|p2a: Manaphy|Take Heart|p2a: Manaphy\n|-boost|p2a: Manaphy|spa|1\n|-boost|p2a: Manaphy|spd|1\n|-curestatus|p2a: Manaphy|par|[msg]\n|\n|-heal|p1a: Shaymin|82\/100|[from] item: Leftovers\n|-heal|p2a: Manaphy|100\/100|[from] item: Leftovers\n|upkeep\n|turn|9\n|\n|t:|1701021344\n|-terastallize|p2a: Manaphy|Poison\n|move|p1a: Shaymin|Seed Flare|p2a: Manaphy|[miss]\n|-miss|p1a: Shaymin|p2a: Manaphy\n|move|p2a: Manaphy|Stored Power|p1a: Shaymin\n|-damage|p1a: Shaymin|0 fnt\n|faint|p1a: Shaymin\n|\n|upkeep\n|\n|t:|1701021354\n|switch|p1a: Nihilego|Nihilego|100\/100\n|-damage|p1a: Nihilego|88\/100|[from] Stealth Rock\n|turn|10\n|\n|t:|1701021357\n|move|p1a: Nihilego|Meteor Beam||[still]\n|-prepare|p1a: Nihilego|Meteor Beam\n|-boost|p1a: Nihilego|spa|1\n|-enditem|p1a: Nihilego|Power Herb\n|-anim|p1a: Nihilego|Meteor Beam|p2a: Manaphy\n|-damage|p2a: Manaphy|75\/100\n|move|p2a: Manaphy|Stored Power|p1a: Nihilego\n|-supereffective|p1a: Nihilego\n|-damage|p1a: Nihilego|0 fnt\n|faint|p1a: Nihilego\n|\n|-heal|p2a: Manaphy|81\/100|[from] item: Leftovers\n|upkeep\n|-message|buckdbog forfeited.\n|\n|win|raggedy richie\n|raw|buckdbog's rating: 1105 &rarr; <strong>1077<\/strong><br \/>(-28 for losing)\n|raw|raggedy richie's rating: 1064 &rarr; <strong>1098<\/strong><br \/>(+34 for winning)\n|l|\u2606raggedy richie\n|j|\u2606raggedy richie\n|player|p2|raggedy richie|ilima\n","uploadtime":1701021625,"views":1,"p1id":"buckdbog","p2id":"raggedyrichie","formatid":"gen9nationaldexubers","rating":1077,"private":0,"password":""}