{"id":"gen9nationaldexubers-1996886333","p1":"Omega Xiz","p2":"SyntaxError614","format":"[Gen 9] National Dex Ubers","log":"|j|\u2606Omega Xiz\n|j|\u2606SyntaxError614\n|t:|1700740377\n|gametype|singles\n|player|p1|Omega Xiz|gambler|1254\n|player|p2|SyntaxError614|proton|1192\n|teamsize|p1|6\n|teamsize|p2|6\n|gen|9\n|tier|[Gen 9] National Dex Ubers\n|rated|\n|rule|HP Percentage Mod: HP is shown in percentages\n|rule|Endless Battle Clause: Forcing endless battles is banned\n|rule|OHKO Clause: OHKO moves are banned\n|rule|Evasion Moves Clause: Evasion moves are banned\n|rule|Evasion Items Clause: Evasion items are banned\n|rule|Species Clause: Limit one of each Pok\u00e9mon\n|rule|Sleep Clause Mod: Limit one foe put to sleep\n|rule|Mega Rayquaza Clause: You cannot mega evolve Rayquaza\n|clearpoke\n|poke|p1|Corsola-Galar, M|\n|poke|p1|Volcarona, M|\n|poke|p1|Kommo-o, M|\n|poke|p1|Cyclizar, F|\n|poke|p1|Kangaskhan, F|\n|poke|p1|Annihilape, M|\n|poke|p2|Deoxys-Speed|\n|poke|p2|Blastoise, M|\n|poke|p2|Ferrothorn, F|\n|poke|p2|Greninja-*, F|\n|poke|p2|Darmanitan-Galar, F|\n|poke|p2|Kingambit, M|\n|teampreview\n|inactive|Battle timer is ON: inactive players will automatically lose when time's up. (requested by SyntaxError614)\n|c|\u2606SyntaxError614|Please move\n|\n|t:|1700740515\n|start\n|switch|p1a: Cyclizar|Cyclizar, F|100\/100\n|switch|p2a: Deoxys|Deoxys-Speed|100\/100\n|-ability|p2a: Deoxys|Pressure\n|turn|1\n|\n|t:|1700740521\n|move|p2a: Deoxys|Taunt|p1a: Cyclizar\n|-start|p1a: Cyclizar|move: Taunt\n|move|p1a: Cyclizar|Rapid Spin|p2a: Deoxys\n|-damage|p2a: Deoxys|82\/100\n|-boost|p1a: Cyclizar|spe|1\n|\n|upkeep\n|turn|2\n|\n|t:|1700740531\n|switch|p2a: Greninja|Greninja, F|100\/100\n|move|p1a: Cyclizar|Draco Meteor|p2a: Greninja\n|-damage|p2a: Greninja|14\/100\n|-unboost|p1a: Cyclizar|spa|2\n|\n|upkeep\n|turn|3\n|\n|t:|1700740536\n|move|p2a: Greninja|Ice Beam|p1a: Cyclizar\n|-start|p2a: Greninja|typechange|Ice|[from] ability: Protean\n|-supereffective|p1a: Cyclizar\n|-damage|p1a: Cyclizar|0 fnt\n|faint|p1a: Cyclizar\n|\n|upkeep\n|\n|t:|1700740543\n|switch|p1a: Volcarona|Volcarona, M|100\/100\n|turn|4\n|\n|t:|1700740549\n|switch|p2a: Deoxys|Deoxys-Speed|82\/100\n|-ability|p2a: Deoxys|Pressure\n|move|p1a: Volcarona|Quiver Dance|p1a: Volcarona\n|-boost|p1a: Volcarona|spa|1\n|-boost|p1a: Volcarona|spd|1\n|-boost|p1a: Volcarona|spe|1\n|\n|upkeep\n|turn|5\n|\n|t:|1700740564\n|move|p2a: Deoxys|Stealth Rock|p1a: Volcarona\n|-sidestart|p1: Omega Xiz|move: Stealth Rock\n|move|p1a: Volcarona|Fiery Dance|p2a: Deoxys\n|-damage|p2a: Deoxys|11\/100\n|\n|upkeep\n|turn|6\n|\n|t:|1700740570\n|move|p1a: Volcarona|Quiver Dance|p1a: Volcarona\n|-boost|p1a: Volcarona|spa|1\n|-boost|p1a: Volcarona|spd|1\n|-boost|p1a: Volcarona|spe|1\n|move|p2a: Deoxys|Mirror Coat||[still]\n|-fail|p2a: Deoxys\n|\n|upkeep\n|turn|7\n|\n|t:|1700740576\n|move|p2a: Deoxys|Skill Swap|p1a: Volcarona\n|-activate|p2a: Deoxys|move: Skill Swap|Flame Body|Pressure|[of] p1a: Volcarona\n|-ability|p1a: Volcarona|Pressure\n|move|p1a: Volcarona|Quiver Dance|p1a: Volcarona\n|-boost|p1a: Volcarona|spa|1\n|-boost|p1a: Volcarona|spd|1\n|-boost|p1a: Volcarona|spe|1\n|\n|upkeep\n|turn|8\n|\n|t:|1700740583\n|move|p1a: Volcarona|Fiery Dance|p2a: Deoxys\n|-damage|p2a: Deoxys|0 fnt\n|-boost|p1a: Volcarona|spa|1\n|faint|p2a: Deoxys\n|\n|upkeep\n|\n|t:|1700740595\n|switch|p2a: Greninja|Greninja, F|14\/100\n|turn|9\n|\n|t:|1700740597\n|move|p1a: Volcarona|Fiery Dance|p2a: Greninja\n|-resisted|p2a: Greninja\n|-damage|p2a: Greninja|0 fnt\n|faint|p2a: Greninja\n|\n|upkeep\n|\n|t:|1700740601\n|switch|p2a: Darmanitan|Darmanitan-Galar, F|100\/100\n|turn|10\n|\n|t:|1700740604\n|move|p1a: Volcarona|Fiery Dance|p2a: Darmanitan\n|-supereffective|p2a: Darmanitan\n|-damage|p2a: Darmanitan|0 fnt\n|-boost|p1a: Volcarona|spa|1\n|faint|p2a: Darmanitan\n|\n|upkeep\n|\n|t:|1700740607\n|switch|p2a: Blastoise|Blastoise, M|100\/100\n|turn|11\n|\n|t:|1700740612\n|move|p1a: Volcarona|Giga Drain|p2a: Blastoise\n|-supereffective|p2a: Blastoise\n|-damage|p2a: Blastoise|0 fnt\n|faint|p2a: Blastoise\n|\n|upkeep\n|\n|t:|1700740614\n|switch|p2a: Kingambit|Kingambit, M|100\/100\n|-activate|p2a: Kingambit|ability: Supreme Overlord\n|-start|p2a: Kingambit|fallen4|[silent]\n|turn|12\n|\n|t:|1700740619\n|move|p2a: Kingambit|Sucker Punch|p1a: Volcarona\n|-damage|p1a: Volcarona|55\/100\n|move|p1a: Volcarona|Fiery Dance|p2a: Kingambit\n|-supereffective|p2a: Kingambit\n|-damage|p2a: Kingambit|0 fnt\n|-boost|p1a: Volcarona|spa|1\n|faint|p2a: Kingambit\n|-end|p2a: Kingambit|fallen4|[silent]\n|\n|-heal|p1a: Volcarona|61\/100|[from] item: Leftovers\n|upkeep\n|\n|t:|1700740621\n|switch|p2a: Ferrothorn|Ferrothorn, F|100\/100\n|turn|13\n|c|\u2606Omega Xiz|gg\n|\n|t:|1700740626\n|move|p1a: Volcarona|Fiery Dance|p2a: Ferrothorn\n|-supereffective|p2a: Ferrothorn\n|-damage|p2a: Ferrothorn|0 fnt\n|faint|p2a: Ferrothorn\n|\n|win|Omega Xiz\n|raw|Omega Xiz's rating: 1254 &rarr; <strong>1275<\/strong><br \/>(+21 for winning)\n|raw|SyntaxError614's rating: 1192 &rarr; <strong>1171<\/strong><br \/>(-21 for losing)\n|l|\u2606Omega Xiz\n|c|\u2606SyntaxError614|Thanks\n|c|\u2606SyntaxError614|ff\n|c|\u2606SyntaxError614|gg\n","uploadtime":1700740637,"views":0,"p1id":"omegaxiz","p2id":"syntaxerror614","formatid":"gen9nationaldexubers","rating":1171,"private":0,"password":""}