{"id":"gen9nationaldexubers-1987178750","p1":"Magnetonmagby","p2":"atanasoff x","format":"[Gen 9] National Dex Ubers","log":"|j|\u2606Magnetonmagby\n|j|\u2606atanasoff x\n|t:|1699562721\n|gametype|singles\n|player|p1|Magnetonmagby|170|1449\n|player|p2|atanasoff x|lance|1522\n|teamsize|p1|6\n|teamsize|p2|6\n|gen|9\n|tier|[Gen 9] National Dex Ubers\n|rated|\n|rule|HP Percentage Mod: HP is shown in percentages\n|rule|Endless Battle Clause: Forcing endless battles is banned\n|rule|OHKO Clause: OHKO moves are banned\n|rule|Evasion Moves Clause: Evasion moves are banned\n|rule|Evasion Items Clause: Evasion items are banned\n|rule|Species Clause: Limit one of each Pok\u00e9mon\n|rule|Sleep Clause Mod: Limit one foe put to sleep\n|rule|Mega Rayquaza Clause: You cannot mega evolve Rayquaza\n|clearpoke\n|poke|p1|Shuckle, F|\n|poke|p1|Solgaleo|\n|poke|p1|Groudon|\n|poke|p1|Yveltal|\n|poke|p1|Arceus|\n|poke|p1|Xerneas-*|\n|poke|p2|Arceus-Ghost|\n|poke|p2|Slurpuff, M|\n|poke|p2|Ditto|\n|poke|p2|Marshadow|\n|poke|p2|Palkia-Origin|\n|poke|p2|Xerneas-*|\n|teampreview\n|\n|t:|1699562734\n|start\n|switch|p1a: Shuckle|Shuckle, F|100\/100\n|switch|p2a: Slurpuff|Slurpuff, M|100\/100\n|turn|1\n|\n|t:|1699562753\n|move|p2a: Slurpuff|Sticky Web|p1a: Shuckle\n|-sidestart|p1: Magnetonmagby|move: Sticky Web\n|move|p1a: Shuckle|Sticky Web|p2a: Slurpuff\n|-sidestart|p2: atanasoff x|move: Sticky Web\n|\n|upkeep\n|turn|2\n|\n|t:|1699562760\n|move|p2a: Slurpuff|Dazzling Gleam|p1a: Shuckle\n|-damage|p1a: Shuckle|84\/100\n|move|p1a: Shuckle|Encore|p2a: Slurpuff\n|-start|p2a: Slurpuff|Encore\n|\n|upkeep\n|turn|3\n|\n|t:|1699562767\n|move|p2a: Slurpuff|Dazzling Gleam|p1a: Shuckle\n|-damage|p1a: Shuckle|67\/100\n|move|p1a: Shuckle|Stealth Rock|p2a: Slurpuff\n|-sidestart|p2: atanasoff x|move: Stealth Rock\n|\n|upkeep\n|turn|4\n|\n|t:|1699562772\n|move|p2a: Slurpuff|Dazzling Gleam|p1a: Shuckle\n|-damage|p1a: Shuckle|48\/100\n|move|p1a: Shuckle|Final Gambit|p2a: Slurpuff\n|-damage|p2a: Slurpuff|63\/100\n|faint|p1a: Shuckle\n|\n|upkeep\n|\n|t:|1699562780\n|switch|p1a: Solgaleo|Solgaleo, shiny|100\/100\n|-activate|p1a: Solgaleo|move: Sticky Web\n|-fail|p1a: Solgaleo|unboost|[from] ability: Full Metal Body|[of] p1a: Solgaleo\n|turn|5\n|\n|t:|1699562793\n|switch|p2a: Palkia|Palkia-Origin|100\/100\n|-activate|p2a: Palkia|move: Sticky Web\n|-unboost|p2a: Palkia|spe|1\n|-damage|p2a: Palkia|88\/100|[from] Stealth Rock\n|-ability|p2a: Palkia|Pressure\n|-zpower|p1a: Solgaleo\n|move|p1a: Solgaleo|Z-Splash|p1a: Solgaleo|[anim]Splash\n|-boost|p1a: Solgaleo|atk|3|[zeffect]\n|-nothing\n|\n|upkeep\n|turn|6\n|\n|t:|1699562807\n|move|p1a: Solgaleo|Earthquake|p2a: Palkia\n|-damage|p2a: Palkia|0 fnt\n|faint|p2a: Palkia\n|\n|upkeep\n|\n|t:|1699562814\n|switch|p2a: Ditto|Ditto|100\/100\n|-activate|p2a: Ditto|move: Sticky Web\n|-unboost|p2a: Ditto|spe|1\n|-damage|p2a: Ditto|88\/100|[from] Stealth Rock\n|-transform|p2a: Ditto|p1a: Solgaleo|[from] ability: Imposter\n|turn|7\n|\n|t:|1699562844\n|move|p2a: Ditto|Sunsteel Strike|p1a: Solgaleo\n|-resisted|p1a: Solgaleo\n|-damage|p1a: Solgaleo|39\/100\n|move|p1a: Solgaleo|Earthquake|p2a: Ditto\n|-supereffective|p2a: Ditto\n|-damage|p2a: Ditto|0 fnt\n|faint|p2a: Ditto\n|\n|upkeep\n|\n|t:|1699562849\n|switch|p2a: Marshadow|Marshadow|100\/100\n|-activate|p2a: Marshadow|move: Sticky Web\n|-unboost|p2a: Marshadow|spe|1\n|-damage|p2a: Marshadow|94\/100|[from] Stealth Rock\n|turn|8\n|\n|t:|1699562858\n|move|p1a: Solgaleo|Sunsteel Strike|p2a: Marshadow\n|-damage|p2a: Marshadow|0 fnt\n|faint|p2a: Marshadow\n|\n|upkeep\n|-message|atanasoff x forfeited.\n|\n|win|Magnetonmagby\n|raw|Magnetonmagby's rating: 1449 &rarr; <strong>1473<\/strong><br \/>(+24 for winning)\n|raw|atanasoff x's rating: 1522 &rarr; <strong>1498<\/strong><br \/>(-24 for losing)\n|l|\u2606atanasoff x\n","uploadtime":1699562879,"views":10,"p1id":"magnetonmagby","p2id":"atanasoffx","formatid":"gen9nationaldexubers","rating":1473,"private":0,"password":""}