{"id":"gen9nationaldexubers-1979649424","p1":"FireTack GD \/\\\/\\\/\\","p2":"kyarooooo","format":"[Gen 9] National Dex Ubers","log":"|j|\u2606FireTack GD \/\\\/\\\/\\\n|j|\u2606kyarooooo\n|t:|1698699834\n|gametype|singles\n|player|p1|FireTack GD \/\\\/\\\/\\|ethan|1311\n|player|p2|kyarooooo|lance|1328\n|teamsize|p1|6\n|teamsize|p2|6\n|gen|9\n|tier|[Gen 9] National Dex Ubers\n|rated|\n|rule|HP Percentage Mod: HP is shown in percentages\n|rule|Endless Battle Clause: Forcing endless battles is banned\n|rule|OHKO Clause: OHKO moves are banned\n|rule|Evasion Moves Clause: Evasion moves are banned\n|rule|Evasion Items Clause: Evasion items are banned\n|rule|Species Clause: Limit one of each Pok\u00e9mon\n|rule|Sleep Clause Mod: Limit one foe put to sleep\n|rule|Mega Rayquaza Clause: You cannot mega evolve Rayquaza\n|clearpoke\n|poke|p1|Zacian-*|\n|poke|p1|Wobbuffet, F|\n|poke|p1|Kartana|\n|poke|p1|Pawmot, M|\n|poke|p1|Zygarde|\n|poke|p1|Basculegion, M|\n|poke|p2|Whimsicott, M|\n|poke|p2|Annihilape, M|\n|poke|p2|Amoonguss, M|\n|poke|p2|Iron Bundle|\n|poke|p2|Landorus-Therian, M|\n|poke|p2|Marshadow|\n|teampreview\n|inactive|Battle timer is ON: inactive players will automatically lose when time's up. (requested by FireTack GD \/\\\/\\\/\\)\n|\n|t:|1698699841\n|start\n|switch|p1a: Zacian|Zacian-Crowned|100\/100\n|switch|p2a: Landorus|Landorus-Therian, M|100\/100\n|-ability|p1a: Zacian|Intrepid Sword|boost\n|-boost|p1a: Zacian|atk|1\n|-ability|p2a: Landorus|Intimidate|boost\n|-unboost|p1a: Zacian|atk|1\n|turn|1\n|inactive|FireTack GD \/\\\/\\\/\\ has 120 seconds left.\n|\n|t:|1698699879\n|switch|p1a: Zygarde|Zygarde|100\/100\n|move|p2a: Landorus|Earthquake|p1a: Zygarde\n|-damage|p1a: Zygarde|64\/100\n|\n|-heal|p1a: Zygarde|71\/100|[from] item: Leftovers\n|upkeep\n|turn|2\n|inactive|FireTack GD \/\\\/\\\/\\ has 120 seconds left.\n|c|\u2606kyarooooo|pawmot...\n|\n|t:|1698699899\n|move|p1a: Zygarde|Stone Edge|p2a: Landorus\n|-damage|p2a: Landorus|79\/100\n|move|p2a: Landorus|Rock Tomb|p1a: Zygarde|[miss]\n|-miss|p2a: Landorus|p1a: Zygarde\n|\n|-heal|p1a: Zygarde|77\/100|[from] item: Leftovers\n|upkeep\n|turn|3\n|c|\u2606kyarooooo|strange\n|\n|t:|1698699909\n|move|p1a: Zygarde|Stone Edge|p2a: Landorus\n|-damage|p2a: Landorus|59\/100\n|move|p2a: Landorus|Rock Tomb|p1a: Zygarde\n|-resisted|p1a: Zygarde\n|-damage|p1a: Zygarde|70\/100\n|-unboost|p1a: Zygarde|spe|1\n|\n|-heal|p1a: Zygarde|76\/100|[from] item: Leftovers\n|upkeep\n|turn|4\n|\n|t:|1698699919\n|move|p2a: Landorus|Earthquake|p1a: Zygarde\n|-damage|p1a: Zygarde|34\/100\n|move|p1a: Zygarde|Stone Edge|p2a: Landorus\n|-damage|p2a: Landorus|37\/100\n|\n|-heal|p1a: Zygarde|41\/100|[from] item: Leftovers\n|-activate|p1a: Zygarde|ability: Power Construct\n|detailschange|p1a: Zygarde|Zygarde-Complete\n|-heal|p1a: Zygarde|63\/100|[silent]\n|upkeep\n|turn|5\n|\n|t:|1698699931\n|move|p2a: Landorus|Earthquake|p1a: Zygarde\n|-damage|p1a: Zygarde|41\/100\n|move|p1a: Zygarde|Stone Edge|p2a: Landorus\n|-damage|p2a: Landorus|17\/100\n|\n|-heal|p1a: Zygarde|47\/100|[from] item: Leftovers\n|upkeep\n|turn|6\n|\n|t:|1698699945\n|move|p2a: Landorus|Earthquake|p1a: Zygarde\n|-crit|p1a: Zygarde\n|-damage|p1a: Zygarde|9\/100\n|move|p1a: Zygarde|Stone Edge|p2a: Landorus\n|-damage|p2a: Landorus|0 fnt\n|faint|p2a: Landorus\n|\n|-heal|p1a: Zygarde|16\/100|[from] item: Leftovers\n|upkeep\n|\n|t:|1698699953\n|switch|p2a: Marshadow|Marshadow|100\/100\n|turn|7\n|inactive|FireTack GD \/\\\/\\\/\\ has 120 seconds left.\n|\n|t:|1698699975\n|move|p2a: Marshadow|Spectral Thief|p1a: Zygarde\n|-damage|p1a: Zygarde|0 fnt\n|faint|p1a: Zygarde\n|\n|upkeep\n|\n|t:|1698699994\n|switch|p1a: Zacian|Zacian-Crowned|100\/100\n|turn|8\n|c|\u2606kyarooooo|why didnt intrepid sword activate?\n|inactive|kyarooooo has 120 seconds left.\n|c|\u2606kyarooooo|oh thats once per battle now?\n|c|\u2606kyarooooo|strange\n|\n|t:|1698700030\n|move|p1a: Zacian|Play Rough|p2a: Marshadow\n|-supereffective|p2a: Marshadow\n|-enditem|p2a: Marshadow|Focus Sash\n|-damage|p2a: Marshadow|1\/100\n|move|p2a: Marshadow|Close Combat|p1a: Zacian\n|-damage|p1a: Zacian|50\/100\n|-unboost|p2a: Marshadow|def|1\n|-unboost|p2a: Marshadow|spd|1\n|\n|upkeep\n|turn|9\n|inactive|kyarooooo has 120 seconds left.\n|\n|t:|1698700049\n|move|p2a: Marshadow|Shadow Sneak|p1a: Zacian\n|-damage|p1a: Zacian|26\/100\n|move|p1a: Zacian|Behemoth Blade|p2a: Marshadow\n|-damage|p2a: Marshadow|0 fnt\n|faint|p2a: Marshadow\n|\n|upkeep\n|\n|t:|1698700058\n|switch|p2a: Monke|Annihilape, M|100\/100\n|turn|10\n|\n|t:|1698700081\n|move|p2a: Monke|Close Combat|p1a: Zacian\n|-damage|p1a: Zacian|0 fnt\n|-unboost|p2a: Monke|def|1\n|-unboost|p2a: Monke|spd|1\n|faint|p1a: Zacian\n|\n|upkeep\n|inactive|FireTack GD \/\\\/\\\/\\ has 90 seconds left.\n|\n|t:|1698700106\n|switch|p1a: Pawmot|Pawmot, M|100\/100\n|turn|11\n|\n|t:|1698700110\n|switch|p2a: ITS A POKEBALL|Amoonguss, M|100\/100\n|move|p1a: Pawmot|Revival Blessing|p1a: Pawmot\n|inactive|FireTack GD \/\\\/\\\/\\ has 90 seconds left.\n|\n|t:|1698700116\n|-heal|p1: Zacian|50\/100|[from] move: Revival Blessing\n|\n|upkeep\n|turn|12\n|inactive|FireTack GD \/\\\/\\\/\\ has 90 seconds left.\n|\n|t:|1698700153\n|-terastallize|p1a: Pawmot|Electric\n|move|p1a: Pawmot|Double Shock|p2a: ITS A POKEBALL\n|-resisted|p2a: ITS A POKEBALL\n|-damage|p2a: ITS A POKEBALL|72\/100\n|-start|p1a: Pawmot|typechange|Electric|[from] move: Double Shock\n|move|p2a: ITS A POKEBALL|Spore|p1a: Pawmot\n|-status|p1a: Pawmot|slp|[from] move: Spore\n|\n|upkeep\n|turn|13\n|inactive|FireTack GD \/\\\/\\\/\\ has 60 seconds left.\n|\n|t:|1698700169\n|cant|p1a: Pawmot|slp\n|move|p2a: ITS A POKEBALL|Leaf Storm|p1a: Pawmot\n|-damage|p1a: Pawmot|25\/100 slp\n|-unboost|p2a: ITS A POKEBALL|spa|2\n|-enditem|p2a: ITS A POKEBALL|Eject Pack\n|\n|t:|1698700181\n|switch|p2a: Monke|Annihilape, M|100\/100\n|\n|upkeep\n|turn|14\n|\n|t:|1698700188\n|move|p2a: Monke|Rage Fist|p1a: Pawmot\n|-damage|p1a: Pawmot|0 fnt\n|faint|p1a: Pawmot\n|\n|upkeep\n|\n|t:|1698700194\n|switch|p1a: Zacian|Zacian-Crowned|50\/100\n|turn|15\n|\n|t:|1698700201\n|move|p2a: Monke|Rage Fist|p1a: Zacian\n|-damage|p1a: Zacian|33\/100\n|move|p1a: Zacian|Play Rough|p2a: Monke\n|-supereffective|p2a: Monke\n|-damage|p2a: Monke|0 fnt\n|faint|p2a: Monke\n|\n|upkeep\n|\n|t:|1698700209\n|switch|p2a: WHIMSICOTT :D|Whimsicott, M|100\/100\n|turn|16\n|\n|t:|1698700233\n|move|p2a: WHIMSICOTT :D|Leech Seed|p1a: Zacian\n|-start|p1a: Zacian|move: Leech Seed\n|move|p1a: Zacian|Behemoth Blade|p2a: WHIMSICOTT :D\n|-supereffective|p2a: WHIMSICOTT :D\n|-damage|p2a: WHIMSICOTT :D|7\/100\n|\n|-damage|p1a: Zacian|21\/100|[from] Leech Seed|[of] p2a: WHIMSICOTT :D\n|-heal|p2a: WHIMSICOTT :D|20\/100|[silent]\n|upkeep\n|turn|17\n|\n|t:|1698700243\n|move|p2a: WHIMSICOTT :D|Tailwind|p2a: WHIMSICOTT :D\n|-sidestart|p2: kyarooooo|move: Tailwind\n|move|p1a: Zacian|Behemoth Blade|p2a: WHIMSICOTT :D\n|-supereffective|p2a: WHIMSICOTT :D\n|-damage|p2a: WHIMSICOTT :D|0 fnt\n|faint|p2a: WHIMSICOTT :D\n|\n|upkeep\n|\n|t:|1698700248\n|switch|p2a: Santa Slay|Iron Bundle|100\/100\n|turn|18\n|inactive|kyarooooo has 120 seconds left.\n|inactive|kyarooooo has 90 seconds left.\n|j| CN-susu\n|inactive|kyarooooo has 60 seconds left.\n|\n|t:|1698700342\n|move|p2a: Santa Slay|Hydro Pump|p1a: Zacian\n|-damage|p1a: Zacian|0 fnt\n|faint|p1a: Zacian\n|\n|upkeep\n|c|\u2606kyarooooo|thats really sad that i cant freeze dry there\n|\n|t:|1698700358\n|switch|p1a: Kartana|Kartana|100\/100\n|turn|19\n|\n|t:|1698700366\n|-end|p2a: Santa Slay|Quark Drive|[silent]\n|switch|p2a: ITS A POKEBALL|Amoonguss, M|100\/100\n|move|p1a: Kartana|Leaf Blade|p2a: ITS A POKEBALL\n|-resisted|p2a: ITS A POKEBALL\n|-damage|p2a: ITS A POKEBALL|90\/100\n|\n|upkeep\n|turn|20\n|inactive|FireTack GD \/\\\/\\\/\\ has 60 seconds left.\n|\n|t:|1698700387\n|move|p1a: Kartana|Knock Off|p2a: ITS A POKEBALL\n|-damage|p2a: ITS A POKEBALL|66\/100\n|move|p2a: ITS A POKEBALL|Foul Play|p1a: Kartana\n|-damage|p1a: Kartana|54\/100\n|\n|-heal|p1a: Kartana|60\/100|[from] item: Leftovers\n|-sideend|p2: kyarooooo|move: Tailwind\n|upkeep\n|turn|21\n|inactive|FireTack GD \/\\\/\\\/\\ has 60 seconds left.\n|\n|t:|1698700402\n|move|p1a: Kartana|X-Scissor|p2a: ITS A POKEBALL\n|-damage|p2a: ITS A POKEBALL|37\/100\n|move|p2a: ITS A POKEBALL|Foul Play|p1a: Kartana\n|-damage|p1a: Kartana|17\/100\n|\n|-heal|p1a: Kartana|23\/100|[from] item: Leftovers\n|upkeep\n|turn|22\n|inactive|FireTack GD \/\\\/\\\/\\ has 60 seconds left.\n|l| CN-susu\n|\n|t:|1698700416\n|move|p1a: Kartana|X-Scissor|p2a: ITS A POKEBALL\n|-crit|p2a: ITS A POKEBALL\n|-damage|p2a: ITS A POKEBALL|0 fnt\n|faint|p2a: ITS A POKEBALL\n|-ability|p1a: Kartana|Beast Boost|boost\n|-boost|p1a: Kartana|atk|1\n|\n|-heal|p1a: Kartana|29\/100|[from] item: Leftovers\n|upkeep\n|\n|t:|1698700424\n|switch|p2a: Santa Slay|Iron Bundle|100\/100\n|turn|23\n|\n|t:|1698700430\n|move|p2a: Santa Slay|Freeze-Dry|p1a: Kartana\n|-damage|p1a: Kartana|0 fnt\n|faint|p1a: Kartana\n|\n|upkeep\n|inactive|FireTack GD \/\\\/\\\/\\ has 60 seconds left.\n|c|\u2606FireTack GD \/\\\/\\\/\\|!data Freeze-Dry\n|raw|<ul class=\"utilichart\"><li class=\"result\"><span class=\"col movenamecol\"><a href=\"https:\/\/dex.pokemonshowdown.com\/moves\/freezedry\">Freeze-Dry<\/a><\/span> <span class=\"col typecol\"><img src=\"\/\/play.pokemonshowdown.com\/sprites\/types\/Ice.png\" alt=\"Ice\" width=\"32\" height=\"14\"><img src=\"\/\/play.pokemonshowdown.com\/sprites\/categories\/Special.png\" alt=\"Special\" width=\"32\" height=\"14\"><\/span> <span class=\"col labelcol\"><em>Power<\/em><br>70<\/span> <span class=\"col widelabelcol\"><em>Accuracy<\/em><br>100%<\/span> <span class=\"col pplabelcol\"><em>PP<\/em><br>32<\/span> <span class=\"col movedesccol\">10% chance to freeze. Super effective on Water.<\/span> <\/li><li style=\"clear:both\"><\/li><\/ul>\n\n|\n|t:|1698700447\n|switch|p1a: Wobbuffet|Wobbuffet, F|100\/100\n|turn|24\n|inactive|FireTack GD \/\\\/\\\/\\ has 60 seconds left.\n|c|\u2606kyarooooo|pls dont kill me\n|c|\u2606kyarooooo|with wobbuffet\n|\n|t:|1698700458\n|move|p2a: Santa Slay|Freeze-Dry|p1a: Wobbuffet\n|-damage|p1a: Wobbuffet|60\/100\n|move|p1a: Wobbuffet|Mirror Coat|p2a: Santa Slay\n|-damage|p2a: Santa Slay|0 fnt\n|faint|p2a: Santa Slay\n|-end|p2a: Santa Slay|Quark Drive|[silent]\n|\n|win|FireTack GD \/\\\/\\\/\\\n|raw|FireTack GD &#x2f;\\&#x2f;\\&#x2f;\\'s rating: 1311 &rarr; <strong>1332<\/strong><br \/>(+21 for winning)\n|raw|kyarooooo's rating: 1328 &rarr; <strong>1307<\/strong><br \/>(-21 for losing)\n|c|\u2606kyarooooo|great\n|l|\u2606kyarooooo\n","uploadtime":1698700468,"views":4,"p1id":"firetackgd","p2id":"kyarooooo","formatid":"gen9nationaldexubers","rating":1307,"private":0,"password":""}