{"id":"gen9nationaldexubers-1989386753","p1":"GeorgiaEternatuss","p2":"Maxbcc","format":"[Gen 9] National Dex Ubers","log":"|j|\u2606GeorgiaEternatuss\n|j|\u2606Maxbcc\n|t:|1699843745\n|gametype|singles\n|player|p1|GeorgiaEternatuss|steven|1197\n|player|p2|Maxbcc|101|1254\n|teamsize|p1|6\n|teamsize|p2|6\n|gen|9\n|tier|[Gen 9] National Dex Ubers\n|rated|\n|rule|HP Percentage Mod: HP is shown in percentages\n|rule|Endless Battle Clause: Forcing endless battles is banned\n|rule|OHKO Clause: OHKO moves are banned\n|rule|Evasion Moves Clause: Evasion moves are banned\n|rule|Evasion Items Clause: Evasion items are banned\n|rule|Species Clause: Limit one of each Pok\u00e9mon\n|rule|Sleep Clause Mod: Limit one foe put to sleep\n|rule|Mega Rayquaza Clause: You cannot mega evolve Rayquaza\n|clearpoke\n|poke|p1|Xerneas-*|\n|poke|p1|Porygon2|\n|poke|p1|Zapdos|\n|poke|p1|Umbreon, M|\n|poke|p1|Iron Valiant|\n|poke|p1|Diancie|\n|poke|p2|Marshadow|\n|poke|p2|Xerneas-*|\n|poke|p2|Salamence, F|\n|poke|p2|Greninja-*, M|\n|poke|p2|Groudon|\n|poke|p2|Krookodile, M|\n|teampreview\n|inactive|Battle timer is ON: inactive players will automatically lose when time's up. (requested by Maxbcc)\n|\n|t:|1699843755\n|start\n|switch|p1a: Porygon2|Porygon2|100\/100\n|switch|p2a: Krookodile|Krookodile, M|100\/100\n|-ability|p2a: Krookodile|Intimidate|boost\n|-unboost|p1a: Porygon2|atk|1\n|-ability|p1a: Porygon2|Download|boost\n|-boost|p1a: Porygon2|spa|1\n|turn|1\n|\n|t:|1699843765\n|move|p2a: Krookodile|Stealth Rock|p1a: Porygon2\n|-sidestart|p1: GeorgiaEternatuss|move: Stealth Rock\n|move|p1a: Porygon2|Ice Beam|p2a: Krookodile\n|-supereffective|p2a: Krookodile\n|-damage|p2a: Krookodile|19\/100\n|\n|upkeep\n|turn|2\n|\n|t:|1699843775\n|move|p2a: Krookodile|Earthquake|p1a: Porygon2\n|-damage|p1a: Porygon2|82\/100\n|move|p1a: Porygon2|Tri Attack|p2a: Krookodile\n|-damage|p2a: Krookodile|0 fnt\n|faint|p2a: Krookodile\n|\n|upkeep\n|\n|t:|1699843785\n|switch|p2a: Marshadow|Marshadow|100\/100\n|turn|3\n|\n|t:|1699843799\n|switch|p1a: Zapdos|Zapdos|100\/100\n|-damage|p1a: Zapdos|75\/100|[from] Stealth Rock\n|move|p2a: Marshadow|Close Combat|p1a: Zapdos\n|-resisted|p1a: Zapdos\n|-damage|p1a: Zapdos|55\/100\n|-unboost|p2a: Marshadow|def|1\n|-unboost|p2a: Marshadow|spd|1\n|-damage|p2a: Marshadow|84\/100|[from] item: Rocky Helmet|[of] p1a: Zapdos\n|\n|upkeep\n|turn|4\n|\n|t:|1699843815\n|switch|p2a: Groudon|Groudon|100\/100\n|detailschange|p2a: Groudon|Groudon-Primal\n|-primal|p2a: Groudon|Red Orb\n|-weather|DesolateLand|[from] ability: Desolate Land|[of] p2a: Groudon\n|move|p1a: Zapdos|Defog|p2a: Groudon\n|-unboost|p2a: Groudon|evasion|1\n|-sideend|p1: GeorgiaEternatuss|Stealth Rock|[from] move: Defog|[of] p1a: Zapdos\n|\n|-weather|DesolateLand|[upkeep]\n|upkeep\n|turn|5\n|\n|t:|1699843825\n|move|p2a: Groudon|Rock Polish|p2a: Groudon\n|-boost|p2a: Groudon|spe|2\n|move|p1a: Zapdos|Roost|p1a: Zapdos\n|-heal|p1a: Zapdos|100\/100\n|-singleturn|p1a: Zapdos|move: Roost\n|\n|-weather|DesolateLand|[upkeep]\n|upkeep\n|turn|6\n|\n|t:|1699843833\n|move|p2a: Groudon|Thunder Punch|p1a: Zapdos\n|-damage|p1a: Zapdos|73\/100\n|-damage|p2a: Groudon|84\/100|[from] item: Rocky Helmet|[of] p1a: Zapdos\n|move|p1a: Zapdos|Whirlwind|p2a: Groudon\n|-weather|none\n|drag|p2a: Marshadow|Marshadow|84\/100\n|\n|upkeep\n|turn|7\n|\n|t:|1699843843\n|move|p2a: Marshadow|Spectral Thief|p1a: Zapdos\n|-damage|p1a: Zapdos|42\/100\n|-damage|p2a: Marshadow|67\/100|[from] item: Rocky Helmet|[of] p1a: Zapdos\n|-status|p2a: Marshadow|par|[from] ability: Static|[of] p1a: Zapdos\n|move|p1a: Zapdos|Volt Switch|p2a: Marshadow\n|-damage|p2a: Marshadow|35\/100 par\n|-message|Maxbcc forfeited.\n|\n|win|GeorgiaEternatuss\n|raw|GeorgiaEternatuss's rating: 1197 &rarr; <strong>1226<\/strong><br \/>(+29 for winning)\n|raw|Maxbcc's rating: 1254 &rarr; <strong>1225<\/strong><br \/>(-29 for losing)\n|l|\u2606Maxbcc\n","uploadtime":1699843861,"views":8,"p1id":"georgiaeternatuss","p2id":"maxbcc","formatid":"gen9nationaldexubers","rating":1225,"private":0,"password":""}