{"id":"gen9nationaldexubers-1998146910","p1":"LanceTopG","p2":"Halil66","format":"[Gen 9] National Dex Ubers","log":"|j|\u2606LanceTopG\n|j|\u2606Halil66\n|t:|1700900404\n|gametype|singles\n|player|p1|LanceTopG|lance|1048\n|player|p2|Halil66|brock|1000\n|teamsize|p1|5\n|teamsize|p2|6\n|gen|9\n|tier|[Gen 9] National Dex Ubers\n|rated|\n|rule|HP Percentage Mod: HP is shown in percentages\n|rule|Endless Battle Clause: Forcing endless battles is banned\n|rule|OHKO Clause: OHKO moves are banned\n|rule|Evasion Moves Clause: Evasion moves are banned\n|rule|Evasion Items Clause: Evasion items are banned\n|rule|Species Clause: Limit one of each Pok\u00e9mon\n|rule|Sleep Clause Mod: Limit one foe put to sleep\n|rule|Mega Rayquaza Clause: You cannot mega evolve Rayquaza\n|clearpoke\n|poke|p1|Breloom, M|\n|poke|p1|Lucario, M|\n|poke|p1|Blaziken, M|\n|poke|p1|Kommo-o, M|\n|poke|p1|Urshifu-*, M|\n|poke|p2|Reshiram|\n|poke|p2|Charizard, M|\n|poke|p2|Dragonite, F|\n|poke|p2|Flygon, M|\n|poke|p2|Roaring Moon|\n|poke|p2|Lugia|\n|teampreview\n|inactive|Battle timer is ON: inactive players will automatically lose when time's up. (requested by Halil66)\n|\n|t:|1700900417\n|start\n|switch|p1a: Urshifu|Urshifu-Rapid-Strike, M|100\/100\n|switch|p2a: Flygon|Flygon, M|100\/100\n|turn|1\n|\n|t:|1700900446\n|switch|p2a: Lugia|Lugia|100\/100\n|move|p1a: Urshifu|Ice Punch|p2a: Lugia\n|-supereffective|p2a: Lugia\n|-damage|p2a: Lugia|71\/100\n|\n|-heal|p2a: Lugia|77\/100|[from] item: Leftovers\n|upkeep\n|turn|2\n|\n|t:|1700900464\n|-terastallize|p2a: Lugia|Water\n|move|p2a: Lugia|Aeroblast|p1a: Urshifu\n|-supereffective|p1a: Urshifu\n|-damage|p1a: Urshifu|3\/100\n|move|p1a: Urshifu|Ice Punch|p2a: Lugia\n|-resisted|p2a: Lugia\n|-damage|p2a: Lugia|62\/100\n|\n|-heal|p2a: Lugia|68\/100|[from] item: Leftovers\n|upkeep\n|turn|3\n|inactive|Halil66 has 120 seconds left.\n|\n|t:|1700900480\n|move|p2a: Lugia|Aeroblast|p1a: Urshifu\n|-supereffective|p1a: Urshifu\n|-crit|p1a: Urshifu\n|-damage|p1a: Urshifu|0 fnt\n|faint|p1a: Urshifu\n|\n|-heal|p2a: Lugia|74\/100|[from] item: Leftovers\n|upkeep\n|\n|t:|1700900486\n|switch|p1a: Breloom|Breloom, M|100\/100\n|turn|4\n|inactive|Halil66 has 120 seconds left.\n|\n|t:|1700900506\n|move|p2a: Lugia|Psycho Boost|p1a: Breloom|[miss]\n|-miss|p2a: Lugia|p1a: Breloom\n|move|p1a: Breloom|Spore|p2a: Lugia\n|-status|p2a: Lugia|slp|[from] move: Spore\n|\n|-heal|p2a: Lugia|80\/100 slp|[from] item: Leftovers\n|upkeep\n|turn|5\n|inactive|Halil66 has 120 seconds left.\n|-activate|p1a: Breloom|item: Quick Claw\n|\n|t:|1700900516\n|move|p1a: Breloom|Swords Dance|p1a: Breloom\n|-boost|p1a: Breloom|atk|2\n|cant|p2a: Lugia|slp\n|\n|-heal|p2a: Lugia|86\/100 slp|[from] item: Leftovers\n|upkeep\n|turn|6\n|inactive|Halil66 has 120 seconds left.\n|\n|t:|1700900528\n|-curestatus|p2a: Lugia|slp|[msg]\n|move|p2a: Lugia|Aeroblast|p1a: Breloom\n|-supereffective|p1a: Breloom\n|-damage|p1a: Breloom|0 fnt\n|faint|p1a: Breloom\n|\n|-heal|p2a: Lugia|92\/100|[from] item: Leftovers\n|upkeep\n|\n|t:|1700900535\n|switch|p1a: Lucario|Lucario, M|100\/100\n|turn|7\n|inactive|Halil66 has 120 seconds left.\n|\n|t:|1700900546\n|detailschange|p1a: Lucario|Lucario-Mega, M\n|-mega|p1a: Lucario|Lucario|Lucarionite\n|move|p1a: Lucario|Swords Dance|p1a: Lucario\n|-boost|p1a: Lucario|atk|2\n|move|p2a: Lugia|Calm Mind|p2a: Lugia\n|-boost|p2a: Lugia|spa|1\n|-boost|p2a: Lugia|spd|1\n|\n|-heal|p2a: Lugia|98\/100|[from] item: Leftovers\n|upkeep\n|turn|8\n|inactive|Halil66 has 120 seconds left.\n|\n|t:|1700900563\n|move|p1a: Lucario|Close Combat|p2a: Lugia\n|-damage|p2a: Lugia|0 fnt\n|-unboost|p1a: Lucario|def|1\n|-unboost|p1a: Lucario|spd|1\n|faint|p2a: Lugia\n|\n|upkeep\n|\n|t:|1700900579\n|switch|p2a: Reshiram|Reshiram|100\/100\n|-ability|p2a: Reshiram|Turboblaze\n|turn|9\n|\n|t:|1700900588\n|move|p2a: Reshiram|Blue Flare|p1a: Lucario\n|-supereffective|p1a: Lucario\n|-damage|p1a: Lucario|0 fnt\n|faint|p1a: Lucario\n|\n|upkeep\n|\n|t:|1700900595\n|switch|p1a: Blaziken|Blaziken, M|100\/100\n|turn|10\n|inactive|Halil66 has 120 seconds left.\n|\n|t:|1700900603\n|switch|p2a: Flygon|Flygon, M|100\/100\n|-terastallize|p1a: Blaziken|Fire\n|move|p1a: Blaziken|Swords Dance|p1a: Blaziken\n|-boost|p1a: Blaziken|atk|2\n|\n|-ability|p1a: Blaziken|Speed Boost|boost\n|-boost|p1a: Blaziken|spe|1\n|upkeep\n|turn|11\n|inactive|Halil66 has 120 seconds left.\n|\n|t:|1700900616\n|move|p1a: Blaziken|Brave Bird|p2a: Flygon\n|-damage|p2a: Flygon|0 fnt\n|faint|p2a: Flygon\n|-damage|p1a: Blaziken|68\/100|[from] Recoil\n|\n|-ability|p1a: Blaziken|Speed Boost|boost\n|-boost|p1a: Blaziken|spe|1\n|upkeep\n|inactive|Halil66 has 120 seconds left.\n|\n|t:|1700900637\n|switch|p2a: Charizard|Charizard, M|100\/100\n|turn|12\n|\n|t:|1700900648\n|detailschange|p2a: Charizard|Charizard-Mega-X, M\n|-mega|p2a: Charizard|Charizard|Charizardite X\n|move|p1a: Blaziken|Sky Uppercut|p2a: Charizard\n|-damage|p2a: Charizard|8\/100\n|move|p2a: Charizard|Dragon Claw|p1a: Blaziken\n|-damage|p1a: Blaziken|0 fnt\n|faint|p1a: Blaziken\n|\n|upkeep\n|\n|t:|1700900655\n|switch|p1a: Kommo-o|Kommo-o, M|100\/100\n|turn|13\n|\n|t:|1700900663\n|move|p2a: Charizard|Dragon Claw|p1a: Kommo-o\n|-supereffective|p1a: Kommo-o\n|-damage|p1a: Kommo-o|0 fnt\n|faint|p1a: Kommo-o\n|\n|win|Halil66\n|raw|LanceTopG's rating: 1048 &rarr; <strong>1028<\/strong><br \/>(-20 for losing)\n|raw|Halil66's rating: 1000 &rarr; <strong>1045<\/strong><br \/>(+45 for winning)\n|l|\u2606LanceTopG\n","uploadtime":1700900672,"views":1,"p1id":"lancetopg","p2id":"halil66","formatid":"gen9nationaldexubers","rating":1028,"private":0,"password":""}