{"id":"gen9nationaldexubers-1980820868","p1":"ReshiramSimp","p2":"700club","format":"[Gen 9] National Dex Ubers","log":"|j|\u2606ReshiramSimp\n|j|\u2606700club\n|t:|1698838487\n|gametype|singles\n|player|p1|ReshiramSimp|n|1112\n|player|p2|700club|shadowtriad|1088\n|teamsize|p1|6\n|teamsize|p2|6\n|gen|9\n|tier|[Gen 9] National Dex Ubers\n|rated|\n|rule|HP Percentage Mod: HP is shown in percentages\n|rule|Endless Battle Clause: Forcing endless battles is banned\n|rule|OHKO Clause: OHKO moves are banned\n|rule|Evasion Moves Clause: Evasion moves are banned\n|rule|Evasion Items Clause: Evasion items are banned\n|rule|Species Clause: Limit one of each Pok\u00e9mon\n|rule|Sleep Clause Mod: Limit one foe put to sleep\n|rule|Mega Rayquaza Clause: You cannot mega evolve Rayquaza\n|clearpoke\n|poke|p1|Zapdos-Galar|\n|poke|p1|Kingambit, M|\n|poke|p1|Rayquaza|\n|poke|p1|Ninjask, F|\n|poke|p1|Lickilicky, M|\n|poke|p1|Magnemite, L1|\n|poke|p2|Ogerpon-Hearthflame, F|\n|poke|p2|Arceus|\n|poke|p2|Deoxys-Speed|\n|poke|p2|Marshadow|\n|poke|p2|Necrozma-Dusk-Mane|\n|poke|p2|Metagross|\n|teampreview\n|c|\u2606700club|hi\n|\n|t:|1698838510\n|start\n|switch|p1a: KFC|Zapdos-Galar|100\/100\n|switch|p2a: Deoxys|Deoxys-Speed|100\/100\n|-ability|p2a: Deoxys|Pressure\n|turn|1\n|inactive|Battle timer is ON: inactive players will automatically lose when time's up. (requested by ReshiramSimp)\n|c|\u2606ReshiramSimp|hi\n|c|\u2606ReshiramSimp|glhf\n|c|\u2606700club|u too!\n|inactive|700club has 120 seconds left.\n|c|\u2606ReshiramSimp|so uh\n|c|\u2606ReshiramSimp|basically\n|\n|t:|1698838554\n|move|p2a: Deoxys|Reflect|p2a: Deoxys\n|-sidestart|p2: 700club|Reflect\n|move|p1a: KFC|U-turn|p2a: Deoxys\n|-supereffective|p2a: Deoxys\n|-damage|p2a: Deoxys|71\/100\n|c|\u2606ReshiramSimp|my strat is KFC\n|\n|t:|1698838559\n|switch|p1a: Cicada|Ninjask, F|100\/100|[from] U-turn\n|\n|upkeep\n|turn|2\n|c|\u2606ReshiramSimp|just dont kill cute things\n|c|\u2606ReshiramSimp|and its fine\n|c|\u2606700club|lol ok let's see this\n|\n|t:|1698838587\n|move|p2a: Deoxys|Stealth Rock|p1a: Cicada\n|-sidestart|p1: ReshiramSimp|move: Stealth Rock\n|move|p1a: Cicada|Leech Life|p2a: Deoxys\n|-supereffective|p2a: Deoxys\n|-damage|p2a: Deoxys|11\/100\n|\n|upkeep\n|turn|3\n|inactive|700club has 120 seconds left.\n|c|\u2606700club|it's the first time i see an infiltrator ninjask\n|c|\u2606700club|here\n|\n|t:|1698838628\n|move|p2a: Deoxys|Taunt|p1a: Cicada\n|-start|p1a: Cicada|move: Taunt\n|move|p1a: Cicada|Giga Drain|p2a: Deoxys\n|-damage|p2a: Deoxys|0 fnt\n|faint|p2a: Deoxys\n|\n|upkeep\n|c|\u2606ReshiramSimp|:)\n|c|\u2606ReshiramSimp|cuz\n|inactive|700club has 90 seconds left.\n|c|\u2606ReshiramSimp|am scared of subsitutes\n|c|\u2606ReshiramSimp|and\n|c|\u2606700club|oh i see\n|c|\u2606ReshiramSimp|cute bug has infiltrator\n|c|\u2606ReshiramSimp|so\n|c|\u2606ReshiramSimp|cute bug is infiltrator\n|c|\u2606700club|yeah lol\n|c|\u2606ReshiramSimp|:D\n|inactive|700club has 60 seconds left.\n|\n|t:|1698838684\n|switch|p2a: Necrozma|Necrozma-Dusk-Mane|100\/100\n|turn|4\n|\n|t:|1698838697\n|move|p1a: Cicada|Leech Life|p2a: Necrozma\n|-damage|p2a: Necrozma|78\/100\n|move|p2a: Necrozma|Dragon Dance|p2a: Necrozma\n|-boost|p2a: Necrozma|atk|1\n|-boost|p2a: Necrozma|spe|1\n|\n|upkeep\n|turn|5\n|\n|t:|1698838711\n|switch|p1a: snaek|Rayquaza|100\/100\n|-damage|p1a: snaek|76\/100|[from] Stealth Rock\n|-ability|p1a: snaek|Air Lock\n|detailschange|p2a: Necrozma|Necrozma-Ultra\n|-burst|p2a: Necrozma|Necrozma|Ultranecrozium Z\n|move|p2a: Necrozma|Photon Geyser|p1a: snaek\n|-damage|p1a: snaek|0 fnt\n|faint|p1a: snaek\n|\n|-sideend|p2: 700club|Reflect\n|upkeep\n|c|\u2606ReshiramSimp|phew\n|c|\u2606ReshiramSimp|luckily same\n|c|\u2606ReshiramSimp|safe*\n|inactive|ReshiramSimp has 120 seconds left.\n|\n|t:|1698838744\n|switch|p1a: Cicada|Ninjask, F|100\/100\n|-damage|p1a: Cicada|51\/100|[from] Stealth Rock\n|turn|6\n|c|\u2606ReshiramSimp|bug is happy\n|c|\u2606ReshiramSimp|it survived\n|\n|t:|1698838760\n|move|p2a: Necrozma|Photon Geyser|p1a: Cicada\n|-damage|p1a: Cicada|0 fnt\n|faint|p1a: Cicada\n|\n|upkeep\n|\n|t:|1698838768\n|switch|p1a: Allah Akbar|Lickilicky, M|100\/100\n|-damage|p1a: Allah Akbar|88\/100|[from] Stealth Rock\n|-ability|p1a: Allah Akbar|Cloud Nine\n|turn|7\n|c|\u2606ReshiramSimp|bruh.\n|\n|t:|1698838776\n|-terastallize|p1a: Allah Akbar|Normal\n|-zpower|p2a: Necrozma\n|move|p2a: Necrozma|Light That Burns the Sky|p1a: Allah Akbar|[zeffect]\n|-damage|p1a: Allah Akbar|0 fnt\n|faint|p1a: Allah Akbar\n|\n|upkeep\n|c|\u2606ReshiramSimp|u killed it :\/\n|\n|t:|1698838789\n|switch|p1a: KFC|Zapdos-Galar|100\/100\n|-damage|p1a: KFC|88\/100|[from] Stealth Rock\n|turn|8\n|c|\u2606700club|yeah cause he is not cute ^^\n|\n|t:|1698838799\n|move|p2a: Necrozma|Photon Geyser|p1a: KFC\n|-supereffective|p1a: KFC\n|-damage|p1a: KFC|0 fnt\n|faint|p1a: KFC\n|\n|upkeep\n|c|\u2606ReshiramSimp|.__.\n|c|\u2606ReshiramSimp|its cute\n|c|\u2606ReshiramSimp|not like your necrozma\n|c|\u2606700club|haha\n|\n|t:|1698838815\n|switch|p1a: steel ball|Magnemite, L1|100\/100\n|-damage|p1a: steel ball|91\/100|[from] Stealth Rock\n|turn|9\n|\n|t:|1698838829\n|move|p2a: Necrozma|Earthquake|p1a: steel ball\n|-supereffective|p1a: steel ball\n|-damage|p1a: steel ball|0 fnt\n|faint|p1a: steel ball\n|\n|upkeep\n|c|\u2606ReshiramSimp|ball cute\n|c|\u2606ReshiramSimp|\u2026.\n|c|\u2606700club|^^\n|c|\u2606ReshiramSimp|\u2026\u2026\u2026\n|\n|t:|1698838844\n|switch|p1a: Kingambit|Kingambit, M|100\/100\n|-damage|p1a: Kingambit|94\/100|[from] Stealth Rock\n|-activate|p1a: Kingambit|ability: Supreme Overlord\n|-start|p1a: Kingambit|fallen5|[silent]\n|turn|10\n|\n|t:|1698838850\n|move|p1a: Kingambit|Sucker Punch|p2a: Necrozma\n|-supereffective|p2a: Necrozma\n|-damage|p2a: Necrozma|0 fnt\n|faint|p2a: Necrozma\n|\n|upkeep\n|c|\u2606ReshiramSimp|die.\n|inactive|700club has 60 seconds left.\n|\n|t:|1698838880\n|switch|p2a: Arceus|Arceus|100\/100\n|turn|11\n|inactive|700club has 60 seconds left.\n|\n|t:|1698838891\n|move|p2a: Arceus|Dragon Dance|p2a: Arceus\n|-boost|p2a: Arceus|atk|1\n|-boost|p2a: Arceus|spe|1\n|move|p1a: Kingambit|Metal Burst||[still]\n|-fail|p1a: Kingambit\n|\n|upkeep\n|turn|12\n|inactive|700club has 60 seconds left.\n|c|\u2606ReshiramSimp|\u2026\u2026\n|c|\u2606ReshiramSimp|my steel ball and bug died\n|c|\u2606ReshiramSimp|whats the purpose of continuing the game\n|inactive|700club has 30 seconds left.\n|c|\u2606ReshiramSimp|\u2026\n|c|\u2606700club|how did you miss?\n|c|\u2606ReshiramSimp|becuz\n|inactive|700club has 20 seconds left.\n|\n|t:|1698838937\n|move|p2a: Arceus|Taunt|p1a: Kingambit\n|-start|p1a: Kingambit|move: Taunt\n|move|p1a: Kingambit|Metal Burst||[still]\n|-fail|p1a: Kingambit\n|\n|upkeep\n|turn|13\n|inactive|700club has 30 seconds left this turn.\n|c|\u2606ReshiramSimp|my kingambit\n|c|\u2606ReshiramSimp|has no friends left\n|\n|t:|1698838953\n|move|p2a: Arceus|Dragon Dance|p2a: Arceus\n|-boost|p2a: Arceus|atk|1\n|-boost|p2a: Arceus|spe|1\n|move|p1a: Kingambit|Metal Burst||[still]\n|-fail|p1a: Kingambit\n|\n|upkeep\n|turn|14\n|inactive|700club has 30 seconds left.\n|c|\u2606700club|oh ok\n|\n|t:|1698838963\n|move|p2a: Arceus|Extreme Speed|p1a: Kingambit\n|-resisted|p1a: Kingambit\n|-damage|p1a: Kingambit|62\/100\n|move|p1a: Kingambit|Metal Burst|p2a: Arceus\n|-damage|p2a: Arceus|57\/100\n|\n|-heal|p2a: Arceus|63\/100|[from] item: Leftovers\n|-end|p1a: Kingambit|move: Taunt\n|upkeep\n|turn|15\n|inactive|700club has 30 seconds left.\n|inactive|700club has 20 seconds left.\n|\n|t:|1698838981\n|move|p1a: Kingambit|Sucker Punch|p2a: Arceus\n|-damage|p2a: Arceus|18\/100\n|move|p2a: Arceus|Shadow Force||[still]\n|-prepare|p2a: Arceus|Shadow Force\n|\n|-heal|p2a: Arceus|24\/100|[from] item: Leftovers\n|upkeep\n|turn|16\n|inactive|700club has 30 seconds left this turn.\n|\n|t:|1698838996\n|move|p2a: Arceus|Shadow Force|p1a: Kingambit|[from]lockedmove\n|-resisted|p1a: Kingambit\n|-damage|p1a: Kingambit|31\/100\n|move|p1a: Kingambit|Metal Burst|p2a: Arceus\n|-damage|p2a: Arceus|0 fnt\n|faint|p2a: Arceus\n|\n|upkeep\n|inactive|700club has 30 seconds left this turn.\n|\n|t:|1698839003\n|switch|p2a: Ogerpon|Ogerpon-Hearthflame, F|100\/100\n|-ability|p2a: Ogerpon|Mold Breaker\n|turn|17\n|\n|t:|1698839010\n|-terastallize|p2a: Ogerpon|Fire\n|detailschange|p2a: Ogerpon|Ogerpon-Hearthflame-Tera, F, tera:Fire\n|-ability|p2a: Ogerpon|Embody Aspect (Hearthflame)|boost\n|-boost|p2a: Ogerpon|atk|1\n|move|p1a: Kingambit|Sucker Punch|p2a: Ogerpon\n|-damage|p2a: Ogerpon|13\/100\n|move|p2a: Ogerpon|Ivy Cudgel|p1a: Kingambit\n|-supereffective|p1a: Kingambit\n|-damage|p1a: Kingambit|0 fnt\n|faint|p1a: Kingambit\n|-end|p1a: Kingambit|fallen5|[silent]\n|\n|win|700club\n|raw|ReshiramSimp's rating: 1112 &rarr; <strong>1085<\/strong><br \/>(-27 for losing)\n|raw|700club's rating: 1088 &rarr; <strong>1117<\/strong><br \/>(+29 for winning)\n|c|\u2606700club|gg\n","uploadtime":1698839021,"views":12,"p1id":"reshiramsimp","p2id":"700club","formatid":"gen9nationaldexubers","rating":1085,"private":0,"password":""}