{"id":"gen9nationaldexubers-1982050804","p1":"Yellow_Calico","p2":"Parraso","format":"[Gen 9] National Dex Ubers","log":"|j|\u2606Yellow_Calico\n|j|\u2606Parraso\n|t:|1698962986\n|gametype|singles\n|player|p1|Yellow_Calico|scientistf|1147\n|player|p2|Parraso|burglar|1130\n|teamsize|p1|6\n|teamsize|p2|6\n|gen|9\n|tier|[Gen 9] National Dex Ubers\n|rated|\n|rule|HP Percentage Mod: HP is shown in percentages\n|rule|Endless Battle Clause: Forcing endless battles is banned\n|rule|OHKO Clause: OHKO moves are banned\n|rule|Evasion Moves Clause: Evasion moves are banned\n|rule|Evasion Items Clause: Evasion items are banned\n|rule|Species Clause: Limit one of each Pok\u00e9mon\n|rule|Sleep Clause Mod: Limit one foe put to sleep\n|rule|Mega Rayquaza Clause: You cannot mega evolve Rayquaza\n|clearpoke\n|poke|p1|Oricorio-Pom-Pom, F|\n|poke|p1|Squawkabilly-White, M|\n|poke|p1|Pelipper, M|\n|poke|p1|Ho-Oh|\n|poke|p1|Hawlucha, M|\n|poke|p1|Blaziken, F|\n|poke|p2|Iron Valiant|\n|poke|p2|Cinderace, M|\n|poke|p2|Roaring Moon|\n|poke|p2|Clodsire, F|\n|poke|p2|Dragapult, F|\n|poke|p2|Kingdra, M|\n|teampreview\n|\n|t:|1698962991\n|start\n|switch|p1a: Birb|Squawkabilly-White, M|100\/100\n|switch|p2a: Kingdra|Kingdra, M|100\/100\n|-ability|p1a: Birb|Intimidate|boost\n|-unboost|p2a: Kingdra|atk|1\n|turn|1\n|\n|t:|1698962999\n|move|p1a: Birb|Brave Bird|p2a: Kingdra\n|-damage|p2a: Kingdra|13\/100\n|-damage|p1a: Birb|73\/100|[from] Recoil\n|-damage|p1a: Birb|63\/100|[from] item: Life Orb\n|move|p2a: Kingdra|Focus Energy|p2a: Kingdra\n|-start|p2a: Kingdra|move: Focus Energy\n|\n|upkeep\n|turn|2\n|\n|t:|1698963008\n|move|p1a: Birb|Brave Bird|p2a: Kingdra\n|-damage|p2a: Kingdra|0 fnt\n|faint|p2a: Kingdra\n|-damage|p1a: Birb|59\/100|[from] Recoil\n|-damage|p1a: Birb|49\/100|[from] item: Life Orb\n|\n|upkeep\n|\n|t:|1698963016\n|switch|p2a: Dragapult|Dragapult, F|100\/100\n|turn|3\n|\n|t:|1698963019\n|move|p2a: Dragapult|Thunderbolt|p1a: Birb\n|-supereffective|p1a: Birb\n|-damage|p1a: Birb|0 fnt\n|faint|p1a: Birb\n|\n|upkeep\n|\n|t:|1698963028\n|switch|p1a: Borb|Ho-Oh|100\/100\n|turn|4\n|\n|t:|1698963033\n|-terastallize|p1a: Borb|Steel\n|move|p2a: Dragapult|Thunderbolt|p1a: Borb\n|-damage|p1a: Borb|76\/100\n|move|p1a: Borb|Iron Head|p2a: Dragapult\n|-damage|p2a: Dragapult|52\/100\n|\n|upkeep\n|turn|5\n|\n|t:|1698963042\n|move|p2a: Dragapult|Thunderbolt|p1a: Borb\n|-damage|p1a: Borb|51\/100\n|move|p1a: Borb|Iron Head|p2a: Dragapult\n|-damage|p2a: Dragapult|7\/100\n|\n|upkeep\n|turn|6\n|\n|t:|1698963049\n|move|p2a: Dragapult|Thunderbolt|p1a: Borb\n|-damage|p1a: Borb|26\/100\n|move|p1a: Borb|Iron Head|p2a: Dragapult\n|-damage|p2a: Dragapult|0 fnt\n|faint|p2a: Dragapult\n|\n|upkeep\n|\n|t:|1698963058\n|switch|p2a: Clodsire|Clodsire, F|100\/100\n|turn|7\n|\n|t:|1698963062\n|switch|p1a: Berb|Pelipper, M|100\/100\n|-weather|RainDance|[from] ability: Drizzle|[of] p1a: Berb\n|move|p2a: Clodsire|Stockpile|p2a: Clodsire\n|-start|p2a: Clodsire|stockpile1\n|-boost|p2a: Clodsire|def|1\n|-boost|p2a: Clodsire|spd|1\n|\n|-weather|RainDance|[upkeep]\n|upkeep\n|turn|8\n|\n|t:|1698963073\n|move|p1a: Berb|Hurricane|p2a: Clodsire\n|-damage|p2a: Clodsire|74\/100\n|move|p2a: Clodsire|Stockpile|p2a: Clodsire\n|-start|p2a: Clodsire|stockpile2\n|-boost|p2a: Clodsire|def|1\n|-boost|p2a: Clodsire|spd|1\n|\n|-weather|RainDance|[upkeep]\n|-heal|p2a: Clodsire|80\/100|[from] item: Leftovers\n|upkeep\n|turn|9\n|\n|t:|1698963083\n|move|p1a: Berb|Hurricane|p2a: Clodsire\n|-damage|p2a: Clodsire|60\/100\n|move|p2a: Clodsire|Stockpile|p2a: Clodsire\n|-start|p2a: Clodsire|stockpile3\n|-boost|p2a: Clodsire|def|1\n|-boost|p2a: Clodsire|spd|1\n|\n|-weather|RainDance|[upkeep]\n|-heal|p2a: Clodsire|67\/100|[from] item: Leftovers\n|upkeep\n|turn|10\n|\n|t:|1698963094\n|move|p1a: Berb|Hurricane|p2a: Clodsire\n|-damage|p2a: Clodsire|50\/100\n|move|p2a: Clodsire|Sludge Bomb|p1a: Berb\n|-damage|p1a: Berb|78\/100\n|\n|-weather|RainDance|[upkeep]\n|-heal|p1a: Berb|84\/100|[from] item: Leftovers\n|-heal|p2a: Clodsire|57\/100|[from] item: Leftovers\n|upkeep\n|turn|11\n|\n|t:|1698963107\n|move|p1a: Berb|U-turn|p2a: Clodsire\n|-resisted|p2a: Clodsire\n|-damage|p2a: Clodsire|55\/100\n|\n|t:|1698963111\n|switch|p1a: KFC|Blaziken, F|100\/100|[from] U-turn\n|move|p2a: Clodsire|Sludge Bomb|p1a: KFC\n|-crit|p1a: KFC\n|-damage|p1a: KFC|63\/100\n|-status|p1a: KFC|psn\n|\n|-weather|none\n|-heal|p2a: Clodsire|62\/100|[from] item: Leftovers\n|-damage|p1a: KFC|51\/100 psn|[from] psn\n|upkeep\n|turn|12\n|\n|t:|1698963124\n|detailschange|p1a: KFC|Blaziken-Mega, F\n|-mega|p1a: KFC|Blaziken|Blazikenite\n|move|p1a: KFC|Knock Off|p2a: Clodsire\n|-damage|p2a: Clodsire|50\/100\n|-enditem|p2a: Clodsire|Leftovers|[from] move: Knock Off|[of] p1a: KFC\n|move|p2a: Clodsire|Earthquake|p1a: KFC\n|-supereffective|p1a: KFC\n|-crit|p1a: KFC\n|-damage|p1a: KFC|0 fnt\n|faint|p1a: KFC\n|\n|upkeep\n|\n|t:|1698963135\n|switch|p1a: Berb|Pelipper, M|84\/100\n|-weather|RainDance|[from] ability: Drizzle|[of] p1a: Berb\n|turn|13\n|\n|t:|1698963141\n|move|p1a: Berb|Hurricane|p2a: Clodsire\n|-damage|p2a: Clodsire|36\/100\n|move|p2a: Clodsire|Sludge Bomb|p1a: Berb\n|-damage|p1a: Berb|61\/100\n|\n|-weather|RainDance|[upkeep]\n|-heal|p1a: Berb|67\/100|[from] item: Leftovers\n|upkeep\n|turn|14\n|\n|t:|1698963151\n|move|p1a: Berb|Hurricane|p2a: Clodsire\n|-damage|p2a: Clodsire|20\/100\n|move|p2a: Clodsire|Stockpile||[still]\n|-fail|p2a: Clodsire\n|\n|-weather|RainDance|[upkeep]\n|-heal|p1a: Berb|74\/100|[from] item: Leftovers\n|upkeep\n|turn|15\n|\n|t:|1698963159\n|move|p1a: Berb|Hurricane|p2a: Clodsire\n|-damage|p2a: Clodsire|7\/100\n|-start|p2a: Clodsire|confusion\n|-activate|p2a: Clodsire|confusion\n|move|p2a: Clodsire|Recover|p2a: Clodsire\n|-heal|p2a: Clodsire|57\/100\n|\n|-weather|RainDance|[upkeep]\n|-heal|p1a: Berb|80\/100|[from] item: Leftovers\n|upkeep\n|turn|16\n|\n|t:|1698963171\n|move|p1a: Berb|Hurricane|p2a: Clodsire\n|-damage|p2a: Clodsire|43\/100\n|-activate|p2a: Clodsire|confusion\n|-damage|p2a: Clodsire|40\/100|[from] confusion\n|\n|-weather|RainDance|[upkeep]\n|-heal|p1a: Berb|86\/100|[from] item: Leftovers\n|upkeep\n|turn|17\n|\n|t:|1698963179\n|move|p1a: Berb|Hurricane|p2a: Clodsire\n|-damage|p2a: Clodsire|25\/100\n|-activate|p2a: Clodsire|confusion\n|-damage|p2a: Clodsire|23\/100|[from] confusion\n|\n|-weather|none\n|-heal|p1a: Berb|92\/100|[from] item: Leftovers\n|upkeep\n|turn|18\n|\n|t:|1698963188\n|move|p1a: Berb|Hurricane|p2a: Clodsire\n|-damage|p2a: Clodsire|7\/100\n|-activate|p2a: Clodsire|confusion\n|move|p2a: Clodsire|Recover|p2a: Clodsire\n|-heal|p2a: Clodsire|57\/100\n|\n|-heal|p1a: Berb|98\/100|[from] item: Leftovers\n|upkeep\n|turn|19\n|\n|t:|1698963197\n|move|p1a: Berb|U-turn|p2a: Clodsire\n|-resisted|p2a: Clodsire\n|-damage|p2a: Clodsire|56\/100\n|\n|t:|1698963200\n|switch|p1a: Borb|Ho-Oh, tera:Steel|59\/100|[from] U-turn\n|-end|p2a: Clodsire|confusion\n|move|p2a: Clodsire|Recover|p2a: Clodsire\n|-heal|p2a: Clodsire|100\/100\n|\n|upkeep\n|turn|20\n|\n|t:|1698963209\n|switch|p1a: Berb|Pelipper, M|98\/100\n|-weather|RainDance|[from] ability: Drizzle|[of] p1a: Berb\n|move|p2a: Clodsire|Earthquake|p1a: Berb\n|-immune|p1a: Berb\n|\n|-weather|RainDance|[upkeep]\n|-heal|p1a: Berb|100\/100|[from] item: Leftovers\n|upkeep\n|turn|21\n|\n|t:|1698963221\n|move|p1a: Berb|Defog|p2a: Clodsire\n|-unboost|p2a: Clodsire|evasion|1\n|move|p2a: Clodsire|Sludge Bomb|p1a: Berb\n|-damage|p1a: Berb|80\/100\n|\n|-weather|RainDance|[upkeep]\n|-heal|p1a: Berb|86\/100|[from] item: Leftovers\n|upkeep\n|turn|22\n|\n|t:|1698963230\n|move|p1a: Berb|U-turn|p2a: Clodsire\n|-resisted|p2a: Clodsire\n|-damage|p2a: Clodsire|99\/100\n|\n|t:|1698963233\n|switch|p1a: Borb|Ho-Oh, tera:Steel|92\/100|[from] U-turn\n|move|p2a: Clodsire|Sludge Bomb|p1a: Borb\n|-immune|p1a: Borb\n|\n|-weather|RainDance|[upkeep]\n|upkeep\n|turn|23\n|\n|t:|1698963243\n|move|p1a: Borb|Sacred Fire|p2a: Clodsire\n|-damage|p2a: Clodsire|93\/100\n|move|p2a: Clodsire|Earthquake|p1a: Borb\n|-supereffective|p1a: Borb\n|-damage|p1a: Borb|55\/100\n|\n|-weather|RainDance|[upkeep]\n|upkeep\n|turn|24\n|\n|t:|1698963252\n|move|p1a: Borb|Roost|p1a: Borb\n|-heal|p1a: Borb|100\/100\n|move|p2a: Clodsire|Earthquake|p1a: Borb\n|-supereffective|p1a: Borb\n|-damage|p1a: Borb|64\/100\n|\n|-weather|none\n|upkeep\n|turn|25\n|\n|t:|1698963261\n|move|p1a: Borb|Sacred Fire|p2a: Clodsire\n|-damage|p2a: Clodsire|80\/100\n|-status|p2a: Clodsire|brn\n|move|p2a: Clodsire|Earthquake|p1a: Borb\n|-supereffective|p1a: Borb\n|-damage|p1a: Borb|45\/100\n|\n|-damage|p2a: Clodsire|74\/100 brn|[from] brn\n|upkeep\n|turn|26\n|\n|t:|1698963274\n|switch|p1a: Berb|Pelipper, M|86\/100\n|-weather|RainDance|[from] ability: Drizzle|[of] p1a: Berb\n|move|p2a: Clodsire|Earthquake|p1a: Berb\n|-immune|p1a: Berb\n|\n|-weather|RainDance|[upkeep]\n|-heal|p1a: Berb|92\/100|[from] item: Leftovers\n|-damage|p2a: Clodsire|68\/100 brn|[from] brn\n|upkeep\n|turn|27\n|\n|t:|1698963285\n|switch|p1a: Borb|Ho-Oh, tera:Steel|78\/100\n|move|p2a: Clodsire|Sludge Bomb|p1a: Borb\n|-immune|p1a: Borb\n|\n|-weather|RainDance|[upkeep]\n|-damage|p2a: Clodsire|61\/100 brn|[from] brn\n|upkeep\n|turn|28\n|\n|t:|1698963295\n|move|p1a: Borb|Iron Head|p2a: Clodsire\n|-damage|p2a: Clodsire|52\/100 brn\n|move|p2a: Clodsire|Earthquake|p1a: Borb\n|-supereffective|p1a: Borb\n|-damage|p1a: Borb|62\/100\n|\n|-weather|RainDance|[upkeep]\n|-damage|p2a: Clodsire|46\/100 brn|[from] brn\n|upkeep\n|turn|29\n|\n|t:|1698963304\n|switch|p1a: Berb|Pelipper, M|92\/100\n|move|p2a: Clodsire|Earthquake|p1a: Berb\n|-immune|p1a: Berb\n|\n|-weather|RainDance|[upkeep]\n|-heal|p1a: Berb|98\/100|[from] item: Leftovers\n|-damage|p2a: Clodsire|39\/100 brn|[from] brn\n|upkeep\n|turn|30\n|\n|t:|1698963316\n|move|p1a: Berb|Hurricane|p2a: Clodsire\n|-damage|p2a: Clodsire|24\/100 brn\n|move|p2a: Clodsire|Earthquake|p1a: Berb\n|-immune|p1a: Berb\n|\n|-weather|none\n|-heal|p1a: Berb|100\/100|[from] item: Leftovers\n|-damage|p2a: Clodsire|18\/100 brn|[from] brn\n|upkeep\n|turn|31\n|\n|t:|1698963327\n|move|p1a: Berb|Hurricane|p2a: Clodsire\n|-damage|p2a: Clodsire|4\/100 brn\n|move|p2a: Clodsire|Recover|p2a: Clodsire\n|-heal|p2a: Clodsire|54\/100 brn\n|\n|-damage|p2a: Clodsire|47\/100 brn|[from] brn\n|upkeep\n|turn|32\n|\n|t:|1698963336\n|switch|p1a: Borb|Ho-Oh, tera:Steel|95\/100\n|move|p2a: Clodsire|Recover|p2a: Clodsire\n|-heal|p2a: Clodsire|97\/100 brn\n|\n|-damage|p2a: Clodsire|91\/100 brn|[from] brn\n|upkeep\n|turn|33\n|\n|t:|1698963348\n|switch|p1a: Berb|Pelipper, M|100\/100\n|-weather|RainDance|[from] ability: Drizzle|[of] p1a: Berb\n|move|p2a: Clodsire|Earthquake|p1a: Berb\n|-immune|p1a: Berb\n|\n|-weather|RainDance|[upkeep]\n|-damage|p2a: Clodsire|85\/100 brn|[from] brn\n|upkeep\n|turn|34\n|\n|t:|1698963359\n|switch|p1a: \u2070v\u2070|Oricorio-Pom-Pom, F|100\/100\n|move|p2a: Clodsire|Earthquake|p1a: \u2070v\u2070\n|-immune|p1a: \u2070v\u2070\n|\n|-weather|RainDance|[upkeep]\n|-damage|p2a: Clodsire|79\/100 brn|[from] brn\n|upkeep\n|turn|35\n|\n|t:|1698963369\n|switch|p1a: Borb|Ho-Oh, tera:Steel|100\/100\n|move|p2a: Clodsire|Sludge Bomb|p1a: Borb\n|-immune|p1a: Borb\n|\n|-weather|RainDance|[upkeep]\n|-damage|p2a: Clodsire|72\/100 brn|[from] brn\n|upkeep\n|turn|36\n|\n|t:|1698963378\n|move|p1a: Borb|Iron Head|p2a: Clodsire\n|-damage|p2a: Clodsire|61\/100 brn\n|move|p2a: Clodsire|Sludge Bomb|p1a: Borb\n|-immune|p1a: Borb\n|\n|-weather|RainDance|[upkeep]\n|-damage|p2a: Clodsire|55\/100 brn|[from] brn\n|upkeep\n|turn|37\n|\n|t:|1698963389\n|move|p1a: Borb|Iron Head|p2a: Clodsire\n|-damage|p2a: Clodsire|45\/100 brn\n|move|p2a: Clodsire|Sludge Bomb|p1a: Borb\n|-immune|p1a: Borb\n|\n|-weather|none\n|-damage|p2a: Clodsire|38\/100 brn|[from] brn\n|upkeep\n|turn|38\n|\n|t:|1698963399\n|move|p1a: Borb|Iron Head|p2a: Clodsire\n|-damage|p2a: Clodsire|28\/100 brn\n|move|p2a: Clodsire|Recover|p2a: Clodsire\n|-heal|p2a: Clodsire|78\/100 brn\n|\n|-damage|p2a: Clodsire|72\/100 brn|[from] brn\n|upkeep\n|turn|39\n|\n|t:|1698963410\n|switch|p1a: Berb|Pelipper, M|100\/100\n|-weather|RainDance|[from] ability: Drizzle|[of] p1a: Berb\n|-terastallize|p2a: Clodsire|Water\n|move|p2a: Clodsire|Recover|p2a: Clodsire\n|-heal|p2a: Clodsire|100\/100 brn\n|\n|-weather|RainDance|[upkeep]\n|-damage|p2a: Clodsire|94\/100 brn|[from] brn\n|upkeep\n|turn|40\n|\n|t:|1698963423\n|move|p1a: Berb|Defog|p2a: Clodsire\n|-unboost|p2a: Clodsire|evasion|1\n|move|p2a: Clodsire|Recover|p2a: Clodsire\n|-heal|p2a: Clodsire|100\/100 brn\n|\n|-weather|RainDance|[upkeep]\n|-damage|p2a: Clodsire|94\/100 brn|[from] brn\n|upkeep\n|turn|41\n|\n|t:|1698963438\n|move|p1a: Berb|Defog|p2a: Clodsire\n|-unboost|p2a: Clodsire|evasion|1\n|move|p2a: Clodsire|Sludge Bomb|p1a: Berb\n|-damage|p1a: Berb|79\/100\n|-status|p1a: Berb|psn\n|\n|-weather|RainDance|[upkeep]\n|-heal|p1a: Berb|85\/100 psn|[from] item: Leftovers\n|-damage|p1a: Berb|73\/100 psn|[from] psn\n|-damage|p2a: Clodsire|88\/100 brn|[from] brn\n|upkeep\n|turn|42\n|\n|t:|1698963453\n|switch|p1a: Borb|Ho-Oh, tera:Steel|100\/100\n|move|p2a: Clodsire|Sludge Bomb|p1a: Borb\n|-immune|p1a: Borb\n|\n|-weather|RainDance|[upkeep]\n|-damage|p2a: Clodsire|82\/100 brn|[from] brn\n|upkeep\n|turn|43\n|\n|t:|1698963461\n|switch|p1a: Berb|Pelipper, M|73\/100 psn\n|move|p2a: Clodsire|Earthquake|p1a: Berb\n|-immune|p1a: Berb\n|\n|-weather|none\n|-heal|p1a: Berb|79\/100 psn|[from] item: Leftovers\n|-damage|p1a: Berb|67\/100 psn|[from] psn\n|-damage|p2a: Clodsire|75\/100 brn|[from] brn\n|upkeep\n|turn|44\n|\n|t:|1698963474\n|move|p1a: Berb|U-turn|p2a: Clodsire\n|-damage|p2a: Clodsire|73\/100 brn\n|\n|t:|1698963482\n|switch|p1a: Borb|Ho-Oh, tera:Steel|100\/100|[from] U-turn\n|move|p2a: Clodsire|Earthquake|p1a: Borb\n|-supereffective|p1a: Borb\n|-damage|p1a: Borb|84\/100\n|\n|-damage|p2a: Clodsire|67\/100 brn|[from] brn\n|upkeep\n|turn|45\n|\n|t:|1698963493\n|move|p1a: Borb|Iron Head|p2a: Clodsire\n|-resisted|p2a: Clodsire\n|-damage|p2a: Clodsire|61\/100 brn\n|cant|p2a: Clodsire|flinch\n|\n|-damage|p2a: Clodsire|55\/100 brn|[from] brn\n|upkeep\n|turn|46\n|\n|t:|1698963502\n|move|p1a: Borb|Iron Head|p2a: Clodsire\n|-resisted|p2a: Clodsire\n|-damage|p2a: Clodsire|50\/100 brn\n|cant|p2a: Clodsire|flinch\n|\n|-damage|p2a: Clodsire|44\/100 brn|[from] brn\n|upkeep\n|turn|47\n|\n|t:|1698963510\n|move|p1a: Borb|Iron Head|p2a: Clodsire\n|-resisted|p2a: Clodsire\n|-damage|p2a: Clodsire|39\/100 brn\n|move|p2a: Clodsire|Earthquake|p1a: Borb\n|-supereffective|p1a: Borb\n|-crit|p1a: Borb\n|-damage|p1a: Borb|59\/100\n|\n|-damage|p2a: Clodsire|33\/100 brn|[from] brn\n|upkeep\n|turn|48\n|\n|t:|1698963520\n|switch|p1a: \u2070v\u2070|Oricorio-Pom-Pom, F|100\/100\n|move|p2a: Clodsire|Earthquake|p1a: \u2070v\u2070\n|-immune|p1a: \u2070v\u2070\n|\n|-damage|p2a: Clodsire|26\/100 brn|[from] brn\n|upkeep\n|turn|49\n|\n|t:|1698963528\n|move|p1a: \u2070v\u2070|Revelation Dance|p2a: Clodsire\n|-supereffective|p2a: Clodsire\n|-damage|p2a: Clodsire|3\/100 brn\n|move|p2a: Clodsire|Sludge Bomb|p1a: \u2070v\u2070\n|-crit|p1a: \u2070v\u2070\n|-damage|p1a: \u2070v\u2070|66\/100\n|\n|-damage|p2a: Clodsire|0 fnt|[from] brn\n|faint|p2a: Clodsire\n|upkeep\n|\n|t:|1698963539\n|switch|p2a: Roaring Moon|Roaring Moon|100\/100\n|-enditem|p2a: Roaring Moon|Booster Energy\n|-activate|p2a: Roaring Moon|ability: Protosynthesis|[fromitem]\n|-start|p2a: Roaring Moon|protosynthesisatk\n|turn|50\n|\n|t:|1698963549\n|move|p2a: Roaring Moon|Dragon Dance|p2a: Roaring Moon\n|-boost|p2a: Roaring Moon|atk|1\n|-boost|p2a: Roaring Moon|spe|1\n|-activate|p1a: \u2070v\u2070|ability: Dancer\n|move|p1a: \u2070v\u2070|Dragon Dance|p1a: \u2070v\u2070|[from]ability: Dancer\n|-boost|p1a: \u2070v\u2070|atk|1\n|-boost|p1a: \u2070v\u2070|spe|1\n|move|p1a: \u2070v\u2070|Tailwind|p1a: \u2070v\u2070\n|-sidestart|p1: Yellow_Calico|move: Tailwind\n|\n|upkeep\n|turn|51\n|\n|t:|1698963561\n|move|p1a: \u2070v\u2070|Hidden Power|p2a: Roaring Moon\n|-supereffective|p2a: Roaring Moon\n|-damage|p2a: Roaring Moon|66\/100\n|move|p2a: Roaring Moon|Crunch|p1a: \u2070v\u2070\n|-crit|p1a: \u2070v\u2070\n|-damage|p1a: \u2070v\u2070|0 fnt\n|faint|p1a: \u2070v\u2070\n|\n|upkeep\n|\n|t:|1698963570\n|switch|p1a: P\u00e1jaro|Hawlucha, M|100\/100\n|turn|52\n|\n|t:|1698963573\n|move|p1a: P\u00e1jaro|Close Combat|p2a: Roaring Moon\n|-supereffective|p2a: Roaring Moon\n|-damage|p2a: Roaring Moon|0 fnt\n|-unboost|p1a: P\u00e1jaro|def|1\n|-unboost|p1a: P\u00e1jaro|spd|1\n|faint|p2a: Roaring Moon\n|-end|p2a: Roaring Moon|Protosynthesis|[silent]\n|\n|upkeep\n|\n|t:|1698963581\n|switch|p2a: Iron Valiant|Iron Valiant|100\/100\n|-enditem|p2a: Iron Valiant|Booster Energy\n|-activate|p2a: Iron Valiant|ability: Quark Drive|[fromitem]\n|-start|p2a: Iron Valiant|quarkdrivespe\n|turn|53\n|\n|t:|1698963595\n|switch|p1a: Berb|Pelipper, M|67\/100 psn\n|-weather|RainDance|[from] ability: Drizzle|[of] p1a: Berb\n|move|p2a: Iron Valiant|Moonblast|p1a: Berb\n|-damage|p1a: Berb|11\/100 psn\n|\n|-weather|RainDance|[upkeep]\n|-heal|p1a: Berb|17\/100 psn|[from] item: Leftovers\n|-damage|p1a: Berb|5\/100 psn|[from] psn\n|-sideend|p1: Yellow_Calico|move: Tailwind\n|upkeep\n|turn|54\n|\n|t:|1698963607\n|move|p2a: Iron Valiant|Moonblast|p1a: Berb\n|-damage|p1a: Berb|0 fnt\n|faint|p1a: Berb\n|\n|-weather|RainDance|[upkeep]\n|upkeep\n|\n|t:|1698963613\n|switch|p1a: Borb|Ho-Oh, tera:Steel|92\/100\n|turn|55\n|\n|t:|1698963616\n|move|p2a: Iron Valiant|Close Combat|p1a: Borb\n|-supereffective|p1a: Borb\n|-damage|p1a: Borb|19\/100\n|-unboost|p2a: Iron Valiant|def|1\n|-unboost|p2a: Iron Valiant|spd|1\n|move|p1a: Borb|Iron Head|p2a: Iron Valiant\n|-supereffective|p2a: Iron Valiant\n|-damage|p2a: Iron Valiant|0 fnt\n|faint|p2a: Iron Valiant\n|-end|p2a: Iron Valiant|Quark Drive|[silent]\n|\n|-weather|RainDance|[upkeep]\n|upkeep\n|\n|t:|1698963627\n|switch|p2a: Cinderace|Cinderace, M|100\/100\n|turn|56\n|\n|t:|1698963632\n|switch|p1a: P\u00e1jaro|Hawlucha, M|100\/100\n|move|p2a: Cinderace|Sucker Punch||[still]\n|-fail|p2a: Cinderace\n|\n|-weather|RainDance|[upkeep]\n|upkeep\n|turn|57\n|\n|t:|1698963644\n|move|p2a: Cinderace|Pyro Ball|p1a: P\u00e1jaro\n|-crit|p1a: P\u00e1jaro\n|-damage|p1a: P\u00e1jaro|34\/100\n|move|p1a: P\u00e1jaro|Substitute|p1a: P\u00e1jaro\n|-start|p1a: P\u00e1jaro|Substitute\n|-damage|p1a: P\u00e1jaro|9\/100\n|-enditem|p1a: P\u00e1jaro|Liechi Berry|[eat]\n|-boost|p1a: P\u00e1jaro|atk|1|[from] item: Liechi Berry\n|\n|-weather|none\n|upkeep\n|turn|58\n|\n|t:|1698963654\n|move|p1a: P\u00e1jaro|Acrobatics|p2a: Cinderace\n|-damage|p2a: Cinderace|3\/100\n|move|p2a: Cinderace|Pyro Ball|p1a: P\u00e1jaro\n|-end|p1a: P\u00e1jaro|Substitute\n|\n|upkeep\n|turn|59\n|\n|t:|1698963663\n|move|p2a: Cinderace|Sucker Punch||[still]\n|-fail|p2a: Cinderace\n|move|p1a: P\u00e1jaro|Substitute|p1a: P\u00e1jaro\n|-fail|p1a: P\u00e1jaro|move: Substitute|[weak]\n|\n|upkeep\n|turn|60\n|\n|t:|1698963668\n|move|p2a: Cinderace|Sucker Punch|p1a: P\u00e1jaro\n|-start|p2a: Cinderace|typechange|Dark|[from] ability: Libero\n|-resisted|p1a: P\u00e1jaro\n|-damage|p1a: P\u00e1jaro|0 fnt\n|faint|p1a: P\u00e1jaro\n|\n|upkeep\n|\n|t:|1698963675\n|switch|p1a: Borb|Ho-Oh, tera:Steel|52\/100\n|turn|61\n|\n|t:|1698963679\n|move|p2a: Cinderace|High Jump Kick|p1a: Borb\n|-supereffective|p1a: Borb\n|-damage|p1a: Borb|0 fnt\n|faint|p1a: Borb\n|\n|win|Parraso\n|raw|Yellow_Calico's rating: 1147 &rarr; <strong>1121<\/strong><br \/>(-26 for losing)\n|raw|Parraso's rating: 1130 &rarr; <strong>1156<\/strong><br \/>(+26 for winning)\n|l|\u2606Yellow_Calico\n|c|\u2606Parraso|Gg\n","uploadtime":1698963688,"views":11,"p1id":"yellowcalico","p2id":"parraso","formatid":"gen9nationaldexubers","rating":1121,"private":0,"password":""}