{"id":"gen9nationaldexubers-1983453835","p1":"Plush Candy","p2":"ELpanagengar123","format":"[Gen 9] National Dex Ubers","log":"|j|\u2606Plush Candy\n|j|\u2606ELpanagengar123\n|t:|1699131802\n|gametype|singles\n|player|p1|Plush Candy|blue-gen1two|1190\n|player|p2|ELpanagengar123|ingo|1181\n|teamsize|p1|6\n|teamsize|p2|6\n|gen|9\n|tier|[Gen 9] National Dex Ubers\n|rated|\n|rule|HP Percentage Mod: HP is shown in percentages\n|rule|Endless Battle Clause: Forcing endless battles is banned\n|rule|OHKO Clause: OHKO moves are banned\n|rule|Evasion Moves Clause: Evasion moves are banned\n|rule|Evasion Items Clause: Evasion items are banned\n|rule|Species Clause: Limit one of each Pok\u00e9mon\n|rule|Sleep Clause Mod: Limit one foe put to sleep\n|rule|Mega Rayquaza Clause: You cannot mega evolve Rayquaza\n|clearpoke\n|poke|p1|Necrozma-Dawn-Wings|\n|poke|p1|Banette, M|\n|poke|p1|Dusknoir, F|\n|poke|p1|Aurorus, F|\n|poke|p1|Glaceon, F|\n|poke|p1|Lycanroc-Midnight, F|\n|poke|p2|Salazzle, F|\n|poke|p2|Gliscor, M|\n|poke|p2|Zacian-*|\n|poke|p2|Aegislash, F|\n|poke|p2|Tyranitar, M|\n|poke|p2|Greninja-*, M|\n|teampreview\n|c|\u2606Plush Candy|Glhf\n|inactive|Battle timer is ON: inactive players will automatically lose when time's up. (requested by ELpanagengar123)\n|c|\u2606Plush Candy|Zacian is scary as usual\n|\n|t:|1699131847\n|start\n|switch|p1a: Dusknoir|Dusknoir, F, shiny|100\/100\n|switch|p2a: Fransisco|Gliscor, M|100\/100\n|-ability|p1a: Dusknoir|Pressure\n|turn|1\n|\n|t:|1699131854\n|move|p2a: Fransisco|Protect|p2a: Fransisco\n|-singleturn|p2a: Fransisco|Protect\n|move|p1a: Dusknoir|Trick Room|p1a: Dusknoir\n|-fieldstart|move: Trick Room|[of] p1a: Dusknoir\n|\n|-status|p2a: Fransisco|tox|[from] item: Toxic Orb\n|upkeep\n|turn|2\n|\n|t:|1699131877\n|switch|p1a: Cupcake|Glaceon, F, shiny|100\/100\n|switch|p2a: Maria|Salazzle, F|100\/100\n|\n|upkeep\n|turn|3\n|\n|t:|1699131888\n|move|p1a: Cupcake|Yawn|p2a: Maria\n|-start|p2a: Maria|move: Yawn|[of] p1a: Cupcake\n|move|p2a: Maria|Fire Blast|p1a: Cupcake\n|-supereffective|p1a: Cupcake\n|-damage|p1a: Cupcake|28\/100\n|\n|-heal|p1a: Cupcake|34\/100|[from] item: Leftovers\n|upkeep\n|turn|4\n|\n|t:|1699131907\n|switch|p2a: XD|Aegislash, F|100\/100\n|move|p1a: Cupcake|Shadow Ball|p2a: XD\n|-supereffective|p2a: XD\n|-damage|p2a: XD|66\/100\n|\n|-heal|p2a: XD|72\/100|[from] item: Leftovers\n|-heal|p1a: Cupcake|40\/100|[from] item: Leftovers\n|upkeep\n|turn|5\n|\n|t:|1699131918\n|-formechange|p2a: XD|Aegislash-Blade||[from] ability: Stance Change\n|move|p2a: XD|Shadow Ball|p1a: Cupcake\n|-damage|p1a: Cupcake|5\/100\n|move|p1a: Cupcake|Wish|p1a: Cupcake\n|\n|-heal|p2a: XD|78\/100|[from] item: Leftovers\n|-heal|p1a: Cupcake|11\/100|[from] item: Leftovers\n|-fieldend|move: Trick Room\n|upkeep\n|turn|6\n|inactive|ELpanagengar123 has 120 seconds left.\n|\n|t:|1699131940\n|-terastallize|p2a: XD|Water\n|-formechange|p2a: XD|Aegislash||[from] ability: Stance Change\n|move|p2a: XD|King's Shield|p2a: XD\n|-singleturn|p2a: XD|Protect\n|move|p1a: Cupcake|Shadow Ball|p2a: XD\n|-activate|p2a: XD|move: Protect\n|\n|-heal|p1a: Cupcake|61\/100|[from] move: Wish|[wisher] Cupcake\n|-heal|p1a: Cupcake|67\/100|[from] item: Leftovers\n|-heal|p2a: XD|84\/100|[from] item: Leftovers\n|upkeep\n|turn|7\n|inactive|ELpanagengar123 has 120 seconds left.\n|\n|t:|1699131952\n|move|p1a: Cupcake|Shadow Ball|p2a: XD\n|-damage|p2a: XD|68\/100\n|-unboost|p2a: XD|spd|1\n|move|p2a: XD|Toxic|p1a: Cupcake\n|-status|p1a: Cupcake|tox\n|\n|-heal|p1a: Cupcake|73\/100 tox|[from] item: Leftovers\n|-heal|p2a: XD|74\/100|[from] item: Leftovers\n|-damage|p1a: Cupcake|67\/100 tox|[from] psn\n|upkeep\n|turn|8\n|inactive|ELpanagengar123 has 120 seconds left.\n|\n|t:|1699131968\n|move|p1a: Cupcake|Shadow Ball|p2a: XD\n|-damage|p2a: XD|51\/100\n|move|p2a: XD|Substitute|p2a: XD\n|-start|p2a: XD|Substitute\n|-damage|p2a: XD|27\/100\n|\n|-heal|p1a: Cupcake|73\/100 tox|[from] item: Leftovers\n|-heal|p2a: XD|33\/100|[from] item: Leftovers\n|-damage|p1a: Cupcake|61\/100 tox|[from] psn\n|upkeep\n|turn|9\n|inactive|ELpanagengar123 has 120 seconds left.\n|\n|t:|1699131980\n|move|p1a: Cupcake|Shadow Ball|p2a: XD\n|-end|p2a: XD|Substitute\n|-formechange|p2a: XD|Aegislash-Blade||[from] ability: Stance Change\n|move|p2a: XD|Shadow Ball|p1a: Cupcake\n|-damage|p1a: Cupcake|24\/100 tox\n|\n|-heal|p1a: Cupcake|30\/100 tox|[from] item: Leftovers\n|-heal|p2a: XD|39\/100|[from] item: Leftovers\n|-damage|p1a: Cupcake|12\/100 tox|[from] psn\n|upkeep\n|turn|10\n|inactive|ELpanagengar123 has 120 seconds left.\n|\n|t:|1699131990\n|-formechange|p2a: XD|Aegislash||[from] ability: Stance Change\n|move|p2a: XD|King's Shield|p2a: XD\n|-singleturn|p2a: XD|Protect\n|move|p1a: Cupcake|Shadow Ball|p2a: XD\n|-activate|p2a: XD|move: Protect\n|\n|-heal|p1a: Cupcake|18\/100 tox|[from] item: Leftovers\n|-heal|p2a: XD|45\/100|[from] item: Leftovers\n|-damage|p1a: Cupcake|0 fnt|[from] psn\n|faint|p1a: Cupcake\n|upkeep\n|\n|t:|1699132016\n|switch|p1a: Silver Blood|Necrozma-Dawn-Wings, shiny|100\/100\n|turn|11\n|inactive|Plush Candy has 120 seconds left.\n|\n|t:|1699132037\n|switch|p1a: Aurorus|Aurorus, F, shiny|100\/100\n|-weather|Snow|[from] ability: Snow Warning|[of] p1a: Aurorus\n|move|p2a: XD|Toxic|p1a: Aurorus\n|-status|p1a: Aurorus|tox\n|\n|-weather|Snow|[upkeep]\n|-heal|p2a: XD|51\/100|[from] item: Leftovers\n|-damage|p1a: Aurorus|94\/100 tox|[from] psn\n|upkeep\n|turn|12\n|inactive|Plush Candy has 120 seconds left.\n|inactive|ELpanagengar123 has 120 seconds left.\n|\n|t:|1699132063\n|switch|p2a: Gregninja|Greninja, M|100\/100\n|move|p1a: Aurorus|Meteor Beam||[still]\n|-prepare|p1a: Aurorus|Meteor Beam\n|-boost|p1a: Aurorus|spa|1\n|-enditem|p1a: Aurorus|Power Herb\n|-anim|p1a: Aurorus|Meteor Beam|p2a: Gregninja\n|-damage|p2a: Gregninja|0 fnt\n|faint|p2a: Gregninja\n|\n|-weather|Snow|[upkeep]\n|-damage|p1a: Aurorus|82\/100 tox|[from] psn\n|upkeep\n|inactive|ELpanagengar123 has 90 seconds left.\n|\n|t:|1699132089\n|switch|p2a: Maria|Salazzle, F|100\/100\n|turn|13\n|inactive|ELpanagengar123 has 90 seconds left.\n|\n|t:|1699132100\n|-terastallize|p1a: Aurorus|Flying\n|move|p2a: Maria|Fire Blast|p1a: Aurorus\n|-damage|p1a: Aurorus|44\/100 tox\n|move|p1a: Aurorus|Ancient Power|p2a: Maria\n|-supereffective|p2a: Maria\n|-damage|p2a: Maria|0 fnt\n|faint|p2a: Maria\n|\n|-weather|Snow|[upkeep]\n|-damage|p1a: Aurorus|25\/100 tox|[from] psn\n|upkeep\n|inactive|ELpanagengar123 has 90 seconds left.\n|\n|t:|1699132121\n|switch|p2a: Pablo|Tyranitar, M|100\/100\n|-weather|Sandstorm|[from] ability: Sand Stream|[of] p2a: Pablo\n|turn|14\n|\n|t:|1699132130\n|detailschange|p2a: Pablo|Tyranitar-Mega, M\n|-mega|p2a: Pablo|Tyranitar|Tyranitarite\n|move|p2a: Pablo|Dragon Dance|p2a: Pablo\n|-boost|p2a: Pablo|atk|1\n|-boost|p2a: Pablo|spe|1\n|move|p1a: Aurorus|Blizzard|p2a: Pablo\n|-damage|p2a: Pablo|58\/100\n|\n|-weather|Sandstorm|[upkeep]\n|-damage|p1a: Aurorus|19\/100 tox|[from] Sandstorm\n|-damage|p1a: Aurorus|0 fnt|[from] psn\n|faint|p1a: Aurorus\n|upkeep\n|\n|t:|1699132146\n|switch|p1a: Dusknoir|Dusknoir, F, shiny|100\/100\n|-ability|p1a: Dusknoir|Pressure\n|turn|15\n|\n|t:|1699132152\n|move|p2a: Pablo|Crunch|p1a: Dusknoir\n|-supereffective|p1a: Dusknoir\n|-damage|p1a: Dusknoir|0 fnt\n|faint|p1a: Dusknoir\n|\n|-weather|Sandstorm|[upkeep]\n|upkeep\n|\n|t:|1699132156\n|switch|p1a: Banette|Banette, M|100\/100\n|turn|16\n|\n|t:|1699132164\n|detailschange|p1a: Banette|Banette-Mega, M\n|-mega|p1a: Banette|Banette|Banettite\n|move|p1a: Banette|Destiny Bond|p1a: Banette\n|-singlemove|p1a: Banette|Destiny Bond\n|move|p2a: Pablo|Crunch|p1a: Banette\n|-supereffective|p1a: Banette\n|-damage|p1a: Banette|0 fnt\n|faint|p1a: Banette\n|-activate|p1a: Banette|move: Destiny Bond\n|faint|p2a: Pablo\n|\n|-weather|Sandstorm|[upkeep]\n|upkeep\n|\n|t:|1699132183\n|switch|p2a: Fransisco|Gliscor, M|100\/100 tox\n|switch|p1a: Jewel|Lycanroc-Midnight, F, shiny|100\/100\n|turn|17\n|\n|t:|1699132195\n|move|p2a: Fransisco|Crabhammer|p1a: Jewel\n|-supereffective|p1a: Jewel\n|-damage|p1a: Jewel|38\/100\n|move|p1a: Jewel|Swords Dance|p1a: Jewel\n|-boost|p1a: Jewel|atk|2\n|\n|-weather|Sandstorm|[upkeep]\n|upkeep\n|turn|18\n|\n|t:|1699132205\n|move|p2a: Fransisco|Protect|p2a: Fransisco\n|-singleturn|p2a: Fransisco|Protect\n|move|p1a: Jewel|Stone Edge|p2a: Fransisco\n|-activate|p2a: Fransisco|move: Protect\n|\n|-weather|none\n|upkeep\n|turn|19\n|\n|t:|1699132212\n|move|p2a: Fransisco|Bulldoze|p1a: Jewel\n|-supereffective|p1a: Jewel\n|-damage|p1a: Jewel|0 fnt\n|faint|p1a: Jewel\n|\n|upkeep\n|\n|t:|1699132217\n|switch|p1a: Silver Blood|Necrozma-Dawn-Wings, shiny|100\/100\n|turn|20\n|c|\u2606Plush Candy|Well I lose this, Gg tho\n|c|\u2606ELpanagengar123|Gg\n|\n|t:|1699132238\n|move|p2a: Fransisco|Bulldoze|p1a: Silver Blood\n|-damage|p1a: Silver Blood|85\/100\n|-unboost|p1a: Silver Blood|spe|1\n|move|p1a: Silver Blood|Calm Mind|p1a: Silver Blood\n|-boost|p1a: Silver Blood|spa|1\n|-boost|p1a: Silver Blood|spd|1\n|\n|upkeep\n|turn|21\n|\n|t:|1699132248\n|move|p2a: Fransisco|Crabhammer|p1a: Silver Blood\n|-damage|p1a: Silver Blood|68\/100\n|move|p1a: Silver Blood|Calm Mind|p1a: Silver Blood\n|-boost|p1a: Silver Blood|spa|1\n|-boost|p1a: Silver Blood|spd|1\n|\n|upkeep\n|turn|22\n|\n|t:|1699132255\n|move|p2a: Fransisco|Bulldoze|p1a: Silver Blood\n|-crit|p1a: Silver Blood\n|-damage|p1a: Silver Blood|46\/100\n|-unboost|p1a: Silver Blood|spe|1\n|move|p1a: Silver Blood|Calm Mind|p1a: Silver Blood\n|-boost|p1a: Silver Blood|spa|1\n|-boost|p1a: Silver Blood|spd|1\n|\n|upkeep\n|turn|23\n|\n|t:|1699132261\n|move|p2a: Fransisco|Bulldoze|p1a: Silver Blood\n|-damage|p1a: Silver Blood|32\/100\n|-unboost|p1a: Silver Blood|spe|1\n|move|p1a: Silver Blood|Moonlight|p1a: Silver Blood\n|-heal|p1a: Silver Blood|82\/100\n|\n|upkeep\n|turn|24\n|\n|t:|1699132267\n|move|p2a: Fransisco|Bulldoze|p1a: Silver Blood\n|-damage|p1a: Silver Blood|67\/100\n|-unboost|p1a: Silver Blood|spe|1\n|move|p1a: Silver Blood|Moonlight|p1a: Silver Blood\n|-heal|p1a: Silver Blood|100\/100\n|\n|upkeep\n|turn|25\n|\n|t:|1699132273\n|move|p2a: Fransisco|Bulldoze|p1a: Silver Blood\n|-damage|p1a: Silver Blood|87\/100\n|-unboost|p1a: Silver Blood|spe|1\n|move|p1a: Silver Blood|Moongeist Beam|p2a: Fransisco\n|-damage|p2a: Fransisco|0 fnt\n|faint|p2a: Fransisco\n|\n|upkeep\n|\n|t:|1699132282\n|switch|p2a: XD|Aegislash, F, tera:Water|51\/100\n|turn|26\n|\n|t:|1699132287\n|move|p2a: XD|Toxic|p1a: Silver Blood\n|-status|p1a: Silver Blood|tox\n|-zpower|p1a: Silver Blood\n|move|p1a: Silver Blood|Menacing Moonraze Maelstrom|p2a: XD|[zeffect]\n|-damage|p2a: XD|0 fnt\n|faint|p2a: XD\n|\n|-damage|p1a: Silver Blood|81\/100 tox|[from] psn\n|upkeep\n|\n|t:|1699132297\n|switch|p2a: Matadora|Zacian-Crowned|100\/100\n|-ability|p2a: Matadora|Intrepid Sword|boost\n|-boost|p2a: Matadora|atk|1\n|turn|27\n|\n|t:|1699132303\n|move|p2a: Matadora|Protect|p2a: Matadora\n|-singleturn|p2a: Matadora|Protect\n|move|p1a: Silver Blood|Moongeist Beam|p2a: Matadora\n|-activate|p2a: Matadora|move: Protect\n|\n|-damage|p1a: Silver Blood|69\/100 tox|[from] psn\n|upkeep\n|turn|28\n|\n|t:|1699132311\n|move|p2a: Matadora|Behemoth Blade|p1a: Silver Blood\n|-damage|p1a: Silver Blood|17\/100 tox\n|move|p1a: Silver Blood|Moongeist Beam|p2a: Matadora\n|-damage|p2a: Matadora|0 fnt\n|faint|p2a: Matadora\n|\n|win|Plush Candy\n|raw|Plush Candy's rating: 1190 &rarr; <strong>1214<\/strong><br \/>(+24 for winning)\n|raw|ELpanagengar123's rating: 1181 &rarr; <strong>1157<\/strong><br \/>(-24 for losing)\n|l|\u2606ELpanagengar123\n|c|\u2606Plush Candy|Gg\n|c|\u2606Plush Candy|Wait what\n","uploadtime":1699132325,"views":8,"p1id":"plushcandy","p2id":"elpanagengar123","formatid":"gen9nationaldexubers","rating":1157,"private":0,"password":""}