{"id":"gen9nationaldexubers-1998604411","p1":"Looper RADIO","p2":"tdmillington","format":"[Gen 9] National Dex Ubers","log":"|j|\u2606Looper RADIO\n|j|\u2606tdmillington\n|t:|1700961912\n|gametype|singles\n|player|p1|Looper RADIO|koga|1040\n|player|p2|tdmillington|giovanni|1173\n|teamsize|p1|6\n|teamsize|p2|6\n|gen|9\n|tier|[Gen 9] National Dex Ubers\n|rated|\n|rule|HP Percentage Mod: HP is shown in percentages\n|rule|Endless Battle Clause: Forcing endless battles is banned\n|rule|OHKO Clause: OHKO moves are banned\n|rule|Evasion Moves Clause: Evasion moves are banned\n|rule|Evasion Items Clause: Evasion items are banned\n|rule|Species Clause: Limit one of each Pok\u00e9mon\n|rule|Sleep Clause Mod: Limit one foe put to sleep\n|rule|Mega Rayquaza Clause: You cannot mega evolve Rayquaza\n|clearpoke\n|poke|p1|Keldeo-Resolute|\n|poke|p1|Minior-Yellow|\n|poke|p1|Diancie|\n|poke|p1|Darmanitan-Galar, F|\n|poke|p1|Suicune|\n|poke|p1|Celesteela|\n|poke|p2|Pheromosa|\n|poke|p2|Metagross|\n|poke|p2|Groudon|\n|poke|p2|Yveltal|\n|poke|p2|Eternatus|\n|poke|p2|Ditto|\n|teampreview\n|\n|t:|1700961920\n|start\n|switch|p1a: Keldeo|Keldeo-Resolute|100\/100\n|switch|p2a: Pheromosa|Pheromosa|100\/100\n|turn|1\n|\n|t:|1700961939\n|move|p2a: Pheromosa|Poison Jab|p1a: Keldeo\n|-damage|p1a: Keldeo|69\/100\n|move|p1a: Keldeo|Substitute|p1a: Keldeo\n|-start|p1a: Keldeo|Substitute\n|-damage|p1a: Keldeo|44\/100\n|\n|-heal|p1a: Keldeo|50\/100|[from] item: Leftovers\n|upkeep\n|turn|2\n|\n|t:|1700961946\n|move|p2a: Pheromosa|Triple Axel|p1a: Keldeo\n|-resisted|p1a: Keldeo\n|-activate|p1a: Keldeo|move: Substitute|[damage]\n|-resisted|p1a: Keldeo\n|-activate|p1a: Keldeo|move: Substitute|[damage]\n|-resisted|p1a: Keldeo\n|-crit|p1a: Keldeo\n|-end|p1a: Keldeo|Substitute\n|-hitcount|p1a: Keldeo|3\n|move|p1a: Keldeo|Scald|p2a: Pheromosa\n|-enditem|p2a: Pheromosa|Focus Sash\n|-damage|p2a: Pheromosa|1\/100\n|\n|-heal|p1a: Keldeo|56\/100|[from] item: Leftovers\n|upkeep\n|turn|3\n|\n|t:|1700961977\n|switch|p1a: Celesteela|Celesteela|100\/100\n|move|p2a: Pheromosa|Poison Jab|p1a: Celesteela\n|-immune|p1a: Celesteela\n|\n|upkeep\n|turn|4\n|\n|t:|1700961983\n|move|p2a: Pheromosa|Close Combat|p1a: Celesteela\n|-damage|p1a: Celesteela|45\/100\n|-unboost|p2a: Pheromosa|def|1\n|-unboost|p2a: Pheromosa|spd|1\n|move|p1a: Celesteela|Air Slash|p2a: Pheromosa\n|-supereffective|p2a: Pheromosa\n|-damage|p2a: Pheromosa|0 fnt\n|faint|p2a: Pheromosa\n|-ability|p1a: Celesteela|Beast Boost|boost\n|-boost|p1a: Celesteela|spa|1\n|\n|upkeep\n|\n|t:|1700962005\n|switch|p2a: Yveltal|Yveltal|100\/100\n|-ability|p2a: Yveltal|Dark Aura\n|turn|5\n|\n|t:|1700962011\n|move|p2a: Yveltal|Heat Wave|p1a: Celesteela|[miss]\n|-miss|p2a: Yveltal|p1a: Celesteela\n|move|p1a: Celesteela|Air Slash|p2a: Yveltal\n|-damage|p2a: Yveltal|74\/100\n|\n|upkeep\n|turn|6\n|\n|t:|1700962020\n|move|p2a: Yveltal|Heat Wave|p1a: Celesteela\n|-supereffective|p1a: Celesteela\n|-damage|p1a: Celesteela|0 fnt\n|faint|p1a: Celesteela\n|\n|upkeep\n|\n|t:|1700962027\n|switch|p1a: Diancie|Diancie|100\/100\n|turn|7\n|\n|t:|1700962042\n|switch|p2a: Metagross|Metagross|100\/100\n|detailschange|p1a: Diancie|Diancie-Mega\n|-mega|p1a: Diancie|Diancie|Diancite\n|move|p1a: Diancie|Diamond Storm|p2a: Metagross\n|-resisted|p2a: Metagross\n|-damage|p2a: Metagross|77\/100\n|-boost|p1a: Diancie|def|2\n|\n|upkeep\n|turn|8\n|\n|t:|1700962052\n|detailschange|p2a: Metagross|Metagross-Mega\n|-mega|p2a: Metagross|Metagross|Metagrossite\n|move|p2a: Metagross|Bullet Punch|p1a: Diancie\n|-supereffective|p1a: Diancie\n|-damage|p1a: Diancie|16\/100\n|move|p1a: Diancie|Earth Power|p2a: Metagross\n|-supereffective|p2a: Metagross\n|-damage|p2a: Metagross|0 fnt\n|faint|p2a: Metagross\n|\n|upkeep\n|\n|t:|1700962067\n|switch|p2a: Groudon|Groudon|100\/100\n|detailschange|p2a: Groudon|Groudon-Primal\n|-primal|p2a: Groudon|Red Orb\n|-weather|DesolateLand|[from] ability: Desolate Land|[of] p2a: Groudon\n|turn|9\n|\n|t:|1700962075\n|move|p1a: Diancie|Earth Power|p2a: Groudon\n|-supereffective|p2a: Groudon\n|-damage|p2a: Groudon|35\/100\n|move|p2a: Groudon|Precipice Blades|p1a: Diancie\n|-supereffective|p1a: Diancie\n|-damage|p1a: Diancie|0 fnt\n|faint|p1a: Diancie\n|\n|-weather|DesolateLand|[upkeep]\n|upkeep\n|\n|t:|1700962083\n|switch|p1a: Minior|Minior-Yellow|100\/100\n|-formechange|p1a: Minior|Minior-Meteor||[from] ability: Shields Down\n|turn|10\n|\n|t:|1700962093\n|-weather|none\n|switch|p2a: Yveltal|Yveltal|74\/100\n|-ability|p2a: Yveltal|Dark Aura\n|move|p1a: Minior|Shell Smash|p1a: Minior\n|-unboost|p1a: Minior|def|1\n|-unboost|p1a: Minior|spd|1\n|-boost|p1a: Minior|atk|2\n|-boost|p1a: Minior|spa|2\n|-boost|p1a: Minior|spe|2\n|-enditem|p1a: Minior|White Herb\n|-clearnegativeboost|p1a: Minior|[silent]\n|\n|upkeep\n|turn|11\n|\n|t:|1700962108\n|switch|p2a: Eternatus|Eternatus|100\/100\n|-ability|p2a: Eternatus|Pressure\n|move|p1a: Minior|Power Gem|p2a: Eternatus\n|-damage|p2a: Eternatus|72\/100\n|\n|upkeep\n|turn|12\n|\n|t:|1700962118\n|move|p1a: Minior|Earthquake|p2a: Eternatus\n|-supereffective|p2a: Eternatus\n|-damage|p2a: Eternatus|0 fnt\n|faint|p2a: Eternatus\n|\n|upkeep\n|\n|t:|1700962123\n|switch|p2a: Ditto|Ditto|100\/100\n|-transform|p2a: Ditto|p1a: Minior|[from] ability: Imposter\n|turn|13\n|\n|t:|1700962134\n|move|p2a: Ditto|Power Gem|p1a: Minior\n|-supereffective|p1a: Minior\n|-damage|p1a: Minior|0 fnt\n|faint|p1a: Minior\n|\n|upkeep\n|\n|t:|1700962138\n|switch|p1a: Suicune|Suicune|100\/100\n|-ability|p1a: Suicune|Pressure\n|turn|14\n|\n|t:|1700962142\n|move|p2a: Ditto|Power Gem|p1a: Suicune\n|-damage|p1a: Suicune|71\/100\n|move|p1a: Suicune|Scald|p2a: Ditto\n|-supereffective|p2a: Ditto\n|-damage|p2a: Ditto|46\/100\n|\n|-heal|p1a: Suicune|77\/100|[from] item: Leftovers\n|upkeep\n|turn|15\n|\n|t:|1700962150\n|switch|p2a: Groudon|Groudon-Primal|35\/100\n|-weather|DesolateLand|[from] ability: Desolate Land|[of] p2a: Groudon\n|move|p1a: Suicune|Scald||[still]\n|-fail|p1a: Suicune|Scald|[from] Desolate Land\n|\n|-weather|DesolateLand|[upkeep]\n|-heal|p1a: Suicune|83\/100|[from] item: Leftovers\n|upkeep\n|turn|16\n|\n|t:|1700962159\n|switch|p1a: Keldeo|Keldeo-Resolute|56\/100\n|move|p2a: Groudon|Thunder Wave|p1a: Keldeo\n|-status|p1a: Keldeo|par\n|\n|-weather|DesolateLand|[upkeep]\n|-heal|p1a: Keldeo|62\/100 par|[from] item: Leftovers\n|upkeep\n|turn|17\n|\n|t:|1700962169\n|move|p2a: Groudon|Precipice Blades|p1a: Keldeo\n|-crit|p1a: Keldeo\n|-damage|p1a: Keldeo|0 fnt\n|faint|p1a: Keldeo\n|\n|-weather|DesolateLand|[upkeep]\n|upkeep\n|\n|t:|1700962175\n|switch|p1a: Darmanitan|Darmanitan-Galar, F|100\/100\n|turn|18\n|\n|t:|1700962179\n|move|p1a: Darmanitan|Icicle Crash|p2a: Groudon\n|-damage|p2a: Groudon|0 fnt\n|faint|p2a: Groudon\n|-weather|none\n|\n|upkeep\n|\n|t:|1700962185\n|switch|p2a: Ditto|Ditto|46\/100\n|-transform|p2a: Ditto|p1a: Darmanitan|[from] ability: Imposter\n|turn|19\n|\n|t:|1700962191\n|switch|p1a: Suicune|Suicune|83\/100\n|-ability|p1a: Suicune|Pressure\n|move|p2a: Ditto|Flare Blitz|p1a: Suicune\n|-resisted|p1a: Suicune\n|-damage|p1a: Suicune|64\/100\n|-damage|p2a: Ditto|37\/100|[from] Recoil\n|\n|-heal|p1a: Suicune|70\/100|[from] item: Leftovers\n|upkeep\n|turn|20\n|\n|t:|1700962201\n|switch|p2a: Yveltal|Yveltal|74\/100\n|-ability|p2a: Yveltal|Dark Aura\n|move|p1a: Suicune|Calm Mind|p1a: Suicune\n|-boost|p1a: Suicune|spa|1\n|-boost|p1a: Suicune|spd|1\n|\n|-heal|p1a: Suicune|76\/100|[from] item: Leftovers\n|upkeep\n|turn|21\n|\n|t:|1700962216\n|move|p2a: Yveltal|Dark Pulse|p1a: Suicune\n|-damage|p1a: Suicune|48\/100\n|move|p1a: Suicune|Scald|p2a: Yveltal\n|-damage|p2a: Yveltal|54\/100\n|\n|-heal|p1a: Suicune|54\/100|[from] item: Leftovers\n|upkeep\n|turn|22\n|\n|t:|1700962224\n|move|p2a: Yveltal|Sucker Punch|p1a: Suicune\n|-damage|p1a: Suicune|32\/100\n|move|p1a: Suicune|Scald|p2a: Yveltal\n|-damage|p2a: Yveltal|36\/100\n|\n|-heal|p1a: Suicune|39\/100|[from] item: Leftovers\n|upkeep\n|turn|23\n|\n|t:|1700962236\n|move|p2a: Yveltal|Oblivion Wing|p1a: Suicune\n|-damage|p1a: Suicune|17\/100\n|-heal|p2a: Yveltal|51\/100|[from] drain|[of] p1a: Suicune\n|move|p1a: Suicune|Rest|p1a: Suicune\n|-status|p1a: Suicune|slp|[from] move: Rest\n|-heal|p1a: Suicune|100\/100 slp|[silent]\n|\n|upkeep\n|turn|24\n|\n|t:|1700962249\n|move|p2a: Yveltal|Oblivion Wing|p1a: Suicune\n|-damage|p1a: Suicune|78\/100 slp\n|-heal|p2a: Yveltal|66\/100|[from] drain|[of] p1a: Suicune\n|cant|p1a: Suicune|slp\n|move|p1a: Suicune|Sleep Talk|p1a: Suicune\n|move|p1a: Suicune|Rest||[from]move: Sleep Talk|[still]\n|-fail|p1a: Suicune\n|\n|-heal|p1a: Suicune|84\/100 slp|[from] item: Leftovers\n|upkeep\n|turn|25\n|\n|t:|1700962259\n|move|p2a: Yveltal|Oblivion Wing|p1a: Suicune\n|-damage|p1a: Suicune|60\/100 slp\n|-heal|p2a: Yveltal|82\/100|[from] drain|[of] p1a: Suicune\n|cant|p1a: Suicune|slp\n|move|p1a: Suicune|Sleep Talk|p1a: Suicune\n|move|p1a: Suicune|Calm Mind|p1a: Suicune|[from]move: Sleep Talk\n|-boost|p1a: Suicune|spa|1\n|-boost|p1a: Suicune|spd|1\n|\n|-heal|p1a: Suicune|66\/100 slp|[from] item: Leftovers\n|upkeep\n|turn|26\n|\n|t:|1700962275\n|move|p2a: Yveltal|Oblivion Wing|p1a: Suicune\n|-damage|p1a: Suicune|50\/100 slp\n|-heal|p2a: Yveltal|93\/100|[from] drain|[of] p1a: Suicune\n|-curestatus|p1a: Suicune|slp|[msg]\n|move|p1a: Suicune|Scald|p2a: Yveltal\n|-damage|p2a: Yveltal|69\/100\n|\n|-heal|p1a: Suicune|56\/100|[from] item: Leftovers\n|upkeep\n|turn|27\n|\n|t:|1700962287\n|move|p2a: Yveltal|Sucker Punch||[still]\n|-fail|p2a: Yveltal\n|move|p1a: Suicune|Calm Mind|p1a: Suicune\n|-boost|p1a: Suicune|spa|1\n|-boost|p1a: Suicune|spd|1\n|\n|-heal|p1a: Suicune|62\/100|[from] item: Leftovers\n|upkeep\n|turn|28\n|\n|t:|1700962300\n|move|p2a: Yveltal|Oblivion Wing|p1a: Suicune\n|-damage|p1a: Suicune|49\/100\n|-heal|p2a: Yveltal|78\/100|[from] drain|[of] p1a: Suicune\n|move|p1a: Suicune|Scald|p2a: Yveltal\n|-damage|p2a: Yveltal|44\/100\n|\n|-heal|p1a: Suicune|55\/100|[from] item: Leftovers\n|upkeep\n|turn|29\n|\n|t:|1700962312\n|move|p2a: Yveltal|Dark Pulse|p1a: Suicune\n|-damage|p1a: Suicune|37\/100\n|move|p1a: Suicune|Scald|p2a: Yveltal\n|-damage|p2a: Yveltal|13\/100\n|\n|-heal|p1a: Suicune|43\/100|[from] item: Leftovers\n|upkeep\n|turn|30\n|\n|t:|1700962319\n|move|p2a: Yveltal|Sucker Punch||[still]\n|-fail|p2a: Yveltal\n|move|p1a: Suicune|Rest|p1a: Suicune\n|-status|p1a: Suicune|slp|[from] move: Rest\n|-heal|p1a: Suicune|100\/100 slp|[silent]\n|\n|upkeep\n|turn|31\n|\n|t:|1700962325\n|move|p2a: Yveltal|Oblivion Wing|p1a: Suicune\n|-damage|p1a: Suicune|86\/100 slp\n|-heal|p2a: Yveltal|22\/100|[from] drain|[of] p1a: Suicune\n|cant|p1a: Suicune|slp\n|move|p1a: Suicune|Sleep Talk|p1a: Suicune\n|move|p1a: Suicune|Rest||[from]move: Sleep Talk|[still]\n|-fail|p1a: Suicune\n|\n|-heal|p1a: Suicune|92\/100 slp|[from] item: Leftovers\n|upkeep\n|turn|32\n|inactive|Battle timer is ON: inactive players will automatically lose when time's up. (requested by tdmillington)\n|\n|t:|1700962335\n|move|p2a: Yveltal|Oblivion Wing|p1a: Suicune\n|-damage|p1a: Suicune|79\/100 slp\n|-heal|p2a: Yveltal|31\/100|[from] drain|[of] p1a: Suicune\n|cant|p1a: Suicune|slp\n|move|p1a: Suicune|Sleep Talk|p1a: Suicune\n|move|p1a: Suicune|Rest||[from]move: Sleep Talk|[still]\n|-fail|p1a: Suicune\n|\n|-heal|p1a: Suicune|85\/100 slp|[from] item: Leftovers\n|upkeep\n|turn|33\n|\n|t:|1700962339\n|move|p2a: Yveltal|Oblivion Wing|p1a: Suicune\n|-damage|p1a: Suicune|72\/100 slp\n|-heal|p2a: Yveltal|40\/100|[from] drain|[of] p1a: Suicune\n|-curestatus|p1a: Suicune|slp|[msg]\n|move|p1a: Suicune|Scald|p2a: Yveltal\n|-damage|p2a: Yveltal|9\/100\n|-status|p2a: Yveltal|brn\n|\n|-heal|p1a: Suicune|78\/100|[from] item: Leftovers\n|-damage|p2a: Yveltal|2\/100 brn|[from] brn\n|upkeep\n|turn|34\n|\n|t:|1700962354\n|switch|p1a: Darmanitan|Darmanitan-Galar, F|100\/100\n|move|p2a: Yveltal|Sucker Punch||[still]\n|-fail|p2a: Yveltal\n|\n|-damage|p2a: Yveltal|0 fnt|[from] brn\n|faint|p2a: Yveltal\n|upkeep\n|\n|t:|1700962361\n|switch|p2a: Ditto|Ditto|37\/100\n|-transform|p2a: Ditto|p1a: Darmanitan|[from] ability: Imposter\n|turn|35\n|\n|t:|1700962367\n|-terastallize|p1a: Darmanitan|Fire\n|move|p1a: Darmanitan|Flare Blitz|p2a: Ditto\n|-supereffective|p2a: Ditto\n|-damage|p2a: Ditto|0 fnt\n|faint|p2a: Ditto\n|-damage|p1a: Darmanitan|90\/100|[from] Recoil\n|\n|win|Looper RADIO\n|raw|Looper RADIO's rating: 1040 &rarr; <strong>1086<\/strong><br \/>(+46 for winning)\n|raw|tdmillington's rating: 1173 &rarr; <strong>1139<\/strong><br \/>(-34 for losing)\n|l|\u2606tdmillington\n","uploadtime":1700962385,"views":4,"p1id":"looperradio","p2id":"tdmillington","formatid":"gen9nationaldexubers","rating":1086,"private":0,"password":""}