{"id":"gen9nationaldexubers-1998441000","p1":"Elonias","p2":"popo4456","format":"[Gen 9] National Dex Ubers","log":"|j|\u2606Elonias\n|j|\u2606popo4456\n|t:|1700942636\n|gametype|singles\n|player|p1|Elonias|265|\n|player|p2|popo4456|galacticgrunt|\n|teamsize|p1|6\n|teamsize|p2|6\n|gen|9\n|tier|[Gen 9] National Dex Ubers\n|rule|HP Percentage Mod: HP is shown in percentages\n|rule|Endless Battle Clause: Forcing endless battles is banned\n|rule|OHKO Clause: OHKO moves are banned\n|rule|Evasion Moves Clause: Evasion moves are banned\n|rule|Evasion Items Clause: Evasion items are banned\n|rule|Species Clause: Limit one of each Pok\u00e9mon\n|rule|Sleep Clause Mod: Limit one foe put to sleep\n|rule|Mega Rayquaza Clause: You cannot mega evolve Rayquaza\n|clearpoke\n|poke|p1|Garchomp, F|\n|poke|p1|Hatterene, F|\n|poke|p1|Heatran, F|\n|poke|p1|Meowscarada, F|\n|poke|p1|Sneasler, F|\n|poke|p1|Dragapult, M|\n|poke|p2|Banette, F|\n|poke|p2|Ting-Lu|\n|poke|p2|Ribombee, F|\n|poke|p2|Celesteela|\n|poke|p2|Kommo-o, F|\n|poke|p2|Serperior, M|\n|teampreview\n|inactive|Battle timer is ON: inactive players will automatically lose when time's up. (requested by Elonias)\n|inactiveoff|Battle timer is now OFF.\n|c|\u2606popo4456|take two\n|j| Nekolo\n|c| Nekolo|yeeeee\n|j| JoshuaMC\n|c|\u2606Elonias|I got lucky the first time\n|c| Nekolo|round 2, RIGHT\n|j| Orangesodapop\n|c| Nekolo|FIGHT\n|j| Doomsurge\n|c| Orangesodapop|Gl you two:)\n|\n|t:|1700942689\n|start\n|switch|p1a: Heatran|Heatran, F|100\/100\n|switch|p2a: Ribombee|Ribombee, F|100\/100\n|turn|1\n|c| Doomsurge|Elo always cooking something spicy\n|c|\u2606Elonias|lol\n|\n|t:|1700942708\n|switch|p2a: Ting-Lu|Ting-Lu|100\/100\n|-ability|p2a: Ting-Lu|Vessel of Ruin\n|move|p1a: Heatran|Flash Cannon|p2a: Ting-Lu\n|-damage|p2a: Ting-Lu|77\/100\n|\n|-heal|p2a: Ting-Lu|83\/100|[from] item: Leftovers\n|upkeep\n|turn|2\n|\n|t:|1700942717\n|switch|p1a: Sneasler|Sneasler, F|100\/100\n|-item|p1a: Sneasler|Air Balloon\n|move|p2a: Ting-Lu|Earthquake|p1a: Sneasler\n|-immune|p1a: Sneasler\n|\n|-heal|p2a: Ting-Lu|90\/100|[from] item: Leftovers\n|upkeep\n|turn|3\n|\n|t:|1700942728\n|switch|p2a: Banette|Banette, F|100\/100\n|move|p1a: Sneasler|Dire Claw|p2a: Banette\n|-resisted|p2a: Banette\n|-damage|p2a: Banette|71\/100\n|-start|p1a: Sneasler|Disable|Dire Claw|[from] ability: Cursed Body|[of] p2a: Banette\n|\n|upkeep\n|turn|4\n|\n|t:|1700942740\n|switch|p1a: Heatran|Heatran, F|100\/100\n|detailschange|p2a: Banette|Banette-Mega, F\n|-mega|p2a: Banette|Banette|Banettite\n|move|p2a: Banette|Shadow Claw|p1a: Heatran\n|-crit|p1a: Heatran\n|-damage|p1a: Heatran|45\/100\n|\n|upkeep\n|turn|5\n|c| Doomsurge|big crit\n|\n|t:|1700942750\n|-zpower|p1a: Heatran\n|move|p1a: Heatran|Inferno Overdrive|p2a: Banette|[zeffect]\n|-damage|p2a: Banette|0 fnt\n|faint|p2a: Banette\n|\n|upkeep\n|c| Nekolo|what a crit, lmao\n|\n|t:|1700942758\n|switch|p2a: Kommo-o|Kommo-o, F|100\/100\n|turn|6\n|\n|t:|1700942767\n|switch|p1a: Hatterene|Hatterene, F|100\/100\n|move|p2a: Kommo-o|Earthquake|p1a: Hatterene\n|-damage|p1a: Hatterene|65\/100\n|\n|-heal|p1a: Hatterene|71\/100|[from] item: Leftovers\n|upkeep\n|turn|7\n|\n|t:|1700942794\n|switch|p2a: Celesteela|Celesteela|100\/100\n|move|p1a: Hatterene|Calm Mind|p1a: Hatterene\n|-boost|p1a: Hatterene|spa|1\n|-boost|p1a: Hatterene|spd|1\n|\n|-heal|p1a: Hatterene|77\/100|[from] item: Leftovers\n|upkeep\n|turn|8\n|\n|t:|1700942807\n|move|p2a: Celesteela|Air Slash|p1a: Hatterene\n|-damage|p1a: Hatterene|51\/100\n|cant|p1a: Hatterene|flinch\n|\n|-heal|p1a: Hatterene|57\/100|[from] item: Leftovers\n|upkeep\n|turn|9\n|\n|t:|1700942814\n|move|p2a: Celesteela|Air Slash|p1a: Hatterene|[miss]\n|-miss|p2a: Celesteela|p1a: Hatterene\n|move|p1a: Hatterene|Psyshock|p2a: Celesteela\n|-resisted|p2a: Celesteela\n|-damage|p2a: Celesteela|66\/100\n|\n|-heal|p1a: Hatterene|63\/100|[from] item: Leftovers\n|upkeep\n|turn|10\n|c| Doomsurge|lets go steel togekiss\n|\n|t:|1700942823\n|move|p2a: Celesteela|Air Slash|p1a: Hatterene\n|-damage|p1a: Hatterene|39\/100\n|cant|p1a: Hatterene|flinch\n|\n|-heal|p1a: Hatterene|45\/100|[from] item: Leftovers\n|upkeep\n|turn|11\n|c| Nekolo|lol\n|\n|t:|1700942835\n|move|p2a: Celesteela|Air Slash|p1a: Hatterene\n|-damage|p1a: Hatterene|21\/100\n|move|p1a: Hatterene|Psyshock|p2a: Celesteela\n|-resisted|p2a: Celesteela\n|-damage|p2a: Celesteela|32\/100\n|\n|-heal|p1a: Hatterene|27\/100|[from] item: Leftovers\n|upkeep\n|turn|12\n|\n|t:|1700942845\n|switch|p1a: Garchomp|Garchomp, F|100\/100\n|move|p2a: Celesteela|Meteor Beam||[still]\n|-prepare|p2a: Celesteela|Meteor Beam\n|-boost|p2a: Celesteela|spa|1\n|-enditem|p2a: Celesteela|Power Herb\n|-anim|p2a: Celesteela|Meteor Beam|p1a: Garchomp\n|-resisted|p1a: Garchomp\n|-damage|p1a: Garchomp|69\/100\n|\n|upkeep\n|turn|13\n|c| Orangesodapop|Flinch of steel\n|\n|t:|1700942865\n|move|p1a: Garchomp|Scale Shot|p2a: Celesteela\n|-resisted|p2a: Celesteela\n|-damage|p2a: Celesteela|26\/100\n|-resisted|p2a: Celesteela\n|-damage|p2a: Celesteela|20\/100\n|-resisted|p2a: Celesteela\n|-damage|p2a: Celesteela|14\/100\n|-resisted|p2a: Celesteela\n|-damage|p2a: Celesteela|8\/100\n|-hitcount|p2a: Celesteela|4\n|-unboost|p1a: Garchomp|def|1\n|-boost|p1a: Garchomp|spe|1\n|move|p2a: Celesteela|Autotomize|p2a: Celesteela\n|-boost|p2a: Celesteela|spe|2\n|-start|p2a: Celesteela|Autotomize\n|\n|upkeep\n|turn|14\n|\n|t:|1700942885\n|move|p1a: Garchomp|Scale Shot|p2a: Celesteela\n|-resisted|p2a: Celesteela\n|-damage|p2a: Celesteela|2\/100\n|-resisted|p2a: Celesteela\n|-damage|p2a: Celesteela|0 fnt\n|faint|p2a: Celesteela\n|-hitcount|p2: Celesteela|2\n|-unboost|p1a: Garchomp|def|1\n|-boost|p1a: Garchomp|spe|1\n|\n|upkeep\n|c| Doomsurge|wow\n|\n|t:|1700942890\n|switch|p2a: Ribombee|Ribombee, F|100\/100\n|turn|15\n|\n|t:|1700942895\n|move|p1a: Garchomp|Iron Head|p2a: Ribombee\n|-supereffective|p2a: Ribombee\n|-damage|p2a: Ribombee|6\/100\n|move|p2a: Ribombee|Moonblast|p1a: Garchomp\n|-supereffective|p1a: Garchomp\n|-damage|p1a: Garchomp|0 fnt\n|faint|p1a: Garchomp\n|\n|upkeep\n|c| Orangesodapop|waow\n|\n|t:|1700942906\n|switch|p1a: Dragapult|Dragapult, M|100\/100\n|turn|16\n|\n|t:|1700942914\n|move|p1a: Dragapult|Phantom Force||[still]\n|-prepare|p1a: Dragapult|Phantom Force\n|move|p2a: Ribombee|Tailwind|p2a: Ribombee\n|-sidestart|p2: popo4456|move: Tailwind\n|\n|upkeep\n|turn|17\n|\n|t:|1700942919\n|move|p2a: Ribombee|Sticky Web|p1a: Dragapult\n|-sidestart|p1: Elonias|move: Sticky Web\n|move|p1a: Dragapult|Phantom Force|p2a: Ribombee|[from]lockedmove\n|-damage|p2a: Ribombee|0 fnt\n|faint|p2a: Ribombee\n|\n|upkeep\n|\n|t:|1700942924\n|switch|p2a: Kommo-o|Kommo-o, F|100\/100\n|turn|18\n|\n|t:|1700942936\n|move|p2a: Kommo-o|Earthquake|p1a: Dragapult\n|-damage|p1a: Dragapult|57\/100\n|move|p1a: Dragapult|Dragon Darts|p2a: Kommo-o\n|-supereffective|p2a: Kommo-o\n|-damage|p2a: Kommo-o|42\/100\n|-anim|p1a: Dragapult|Dragon Darts|p2a: Kommo-o\n|-supereffective|p2a: Kommo-o\n|-damage|p2a: Kommo-o|0 fnt\n|faint|p2a: Kommo-o\n|\n|upkeep\n|c| Doomsurge|wow\n|c| Orangesodapop|When the darts are dragons\n|\n|t:|1700942985\n|switch|p2a: Ting-Lu|Ting-Lu|90\/100\n|-ability|p2a: Ting-Lu|Vessel of Ruin\n|turn|19\n|c|\u2606Elonias|lol\n|\n|t:|1700942994\n|switch|p1a: Meowscarada|Meowscarada, F|100\/100\n|-activate|p1a: Meowscarada|move: Sticky Web\n|-unboost|p1a: Meowscarada|spe|1\n|move|p2a: Ting-Lu|Stealth Rock|p1a: Meowscarada\n|-sidestart|p1: Elonias|move: Stealth Rock\n|\n|-heal|p2a: Ting-Lu|96\/100|[from] item: Leftovers\n|-sideend|p2: popo4456|move: Tailwind\n|upkeep\n|turn|20\n|\n|t:|1700943004\n|move|p1a: Meowscarada|U-turn|p2a: Ting-Lu\n|-start|p1a: Meowscarada|typechange|Bug|[from] ability: Protean\n|-supereffective|p2a: Ting-Lu\n|-damage|p2a: Ting-Lu|67\/100\n|\n|t:|1700943012\n|switch|p1a: Hatterene|Hatterene, F|27\/100|[from] U-turn\n|-activate|p1a: Hatterene|move: Sticky Web\n|-unboost|p1a: Hatterene|spe|1\n|-damage|p1a: Hatterene|15\/100|[from] Stealth Rock\n|move|p2a: Ting-Lu|Stone Edge|p1a: Hatterene\n|-damage|p1a: Hatterene|0 fnt\n|faint|p1a: Hatterene\n|\n|-heal|p2a: Ting-Lu|74\/100|[from] item: Leftovers\n|upkeep\n|\n|t:|1700943023\n|switch|p1a: Sneasler|Sneasler, F|100\/100\n|-damage|p1a: Sneasler|95\/100|[from] Stealth Rock\n|-item|p1a: Sneasler|Air Balloon\n|turn|21\n|\n|t:|1700943029\n|move|p1a: Sneasler|Fake Out|p2a: Ting-Lu\n|-damage|p2a: Ting-Lu|67\/100\n|cant|p2a: Ting-Lu|flinch\n|\n|-heal|p2a: Ting-Lu|73\/100|[from] item: Leftovers\n|upkeep\n|turn|22\n|\n|t:|1700943036\n|move|p1a: Sneasler|Close Combat|p2a: Ting-Lu\n|-supereffective|p2a: Ting-Lu\n|-damage|p2a: Ting-Lu|10\/100\n|-unboost|p1a: Sneasler|def|1\n|-unboost|p1a: Sneasler|spd|1\n|move|p2a: Ting-Lu|Whirlwind|p1a: Sneasler\n|drag|p1a: Heatran|Heatran, F|45\/100\n|-activate|p1a: Heatran|move: Sticky Web\n|-unboost|p1a: Heatran|spe|1\n|-damage|p1a: Heatran|33\/100|[from] Stealth Rock\n|\n|-heal|p2a: Ting-Lu|16\/100|[from] item: Leftovers\n|upkeep\n|turn|23\n|\n|t:|1700943049\n|move|p2a: Ting-Lu|Stone Edge|p1a: Heatran\n|-damage|p1a: Heatran|12\/100\n|move|p1a: Heatran|Flash Cannon|p2a: Ting-Lu\n|-damage|p2a: Ting-Lu|0 fnt\n|faint|p2a: Ting-Lu\n|\n|upkeep\n|\n|t:|1700943053\n|switch|p2a: Serperior|Serperior, M|100\/100\n|turn|24\n|\n|t:|1700943066\n|switch|p1a: Dragapult|Dragapult, M|57\/100\n|move|p2a: Serperior|Leaf Storm|p1a: Dragapult\n|-resisted|p1a: Dragapult\n|-damage|p1a: Dragapult|26\/100\n|-boost|p2a: Serperior|spa|2\n|\n|upkeep\n|turn|25\n|\n|t:|1700943073\n|move|p1a: Dragapult|Sucker Punch|p2a: Serperior\n|-damage|p2a: Serperior|68\/100\n|move|p2a: Serperior|Leaf Storm|p1a: Dragapult\n|-resisted|p1a: Dragapult\n|-damage|p1a: Dragapult|0 fnt\n|-boost|p2a: Serperior|spa|2\n|faint|p1a: Dragapult\n|\n|-heal|p2a: Serperior|74\/100|[from] item: Leftovers\n|upkeep\n|\n|t:|1700943082\n|switch|p1a: Sneasler|Sneasler, F|95\/100\n|-damage|p1a: Sneasler|89\/100|[from] Stealth Rock\n|-item|p1a: Sneasler|Air Balloon\n|turn|26\n|\n|t:|1700943090\n|move|p1a: Sneasler|Fake Out|p2a: Serperior\n|-damage|p2a: Serperior|57\/100\n|cant|p2a: Serperior|flinch\n|\n|-heal|p2a: Serperior|63\/100|[from] item: Leftovers\n|upkeep\n|turn|27\n|\n|t:|1700943099\n|switch|p1a: Heatran|Heatran, F|12\/100\n|-activate|p1a: Heatran|move: Sticky Web\n|-unboost|p1a: Heatran|spe|1\n|-damage|p1a: Heatran|0 fnt|[from] Stealth Rock\n|faint|p1a: Heatran\n|move|p2a: Serperior|Leaf Storm|p1: Heatran|[notarget]\n|-fail|p2a: Serperior\n|\n|-heal|p2a: Serperior|69\/100|[from] item: Leftovers\n|upkeep\n|\n|t:|1700943113\n|switch|p1a: Meowscarada|Meowscarada, F|100\/100\n|-activate|p1a: Meowscarada|move: Sticky Web\n|-unboost|p1a: Meowscarada|spe|1\n|-damage|p1a: Meowscarada|88\/100|[from] Stealth Rock\n|turn|28\n|\n|t:|1700943153\n|move|p1a: Meowscarada|U-turn|p2a: Serperior\n|-start|p1a: Meowscarada|typechange|Bug|[from] ability: Protean\n|-supereffective|p2a: Serperior\n|-damage|p2a: Serperior|0 fnt\n|faint|p2a: Serperior\n|\n|win|Elonias\n|c|\u2606popo4456|gg\n|c|\u2606Elonias|gg\n|c| Nekolo|gg\n|c| Orangesodapop|Gg\n","uploadtime":1700943167,"views":3,"p1id":"elonias","p2id":"popo4456","formatid":"gen9nationaldexubers","rating":0,"private":0,"password":""}