{"id":"gen9nationaldexubers-1990499966","p1":"ArcticIzagi","p2":"Destinum","format":"[Gen 9] National Dex Ubers","log":"|j|\u2606ArcticIzagi\n|j|\u2606Destinum\n|t:|1699976506\n|gametype|singles\n|player|p1|ArcticIzagi|sycamore|\n|player|p2|Destinum|colress|\n|teamsize|p1|6\n|teamsize|p2|6\n|gen|9\n|tier|[Gen 9] National Dex Ubers\n|rule|HP Percentage Mod: HP is shown in percentages\n|rule|Endless Battle Clause: Forcing endless battles is banned\n|rule|OHKO Clause: OHKO moves are banned\n|rule|Evasion Moves Clause: Evasion moves are banned\n|rule|Evasion Items Clause: Evasion items are banned\n|rule|Species Clause: Limit one of each Pok\u00e9mon\n|rule|Sleep Clause Mod: Limit one foe put to sleep\n|rule|Mega Rayquaza Clause: You cannot mega evolve Rayquaza\n|clearpoke\n|poke|p1|Diancie|\n|poke|p1|Shuckle, F|\n|poke|p1|Tyranitar, F|\n|poke|p1|Ogerpon-Cornerstone, F|\n|poke|p1|Terrakion|\n|poke|p1|Nihilego|\n|poke|p2|Ninetales-Alola, F|\n|poke|p2|Darmanitan-Galar, M|\n|poke|p2|Cetitan, M|\n|poke|p2|Piloswine, M|\n|poke|p2|Articuno|\n|poke|p2|Kyurem|\n|teampreview\n|c|\u2606ArcticIzagi|Still not quite sure what tera but prolly water nihilego\n|c|\u2606Destinum|Aight.\n|\n|t:|1699976571\n|start\n|switch|p1a: Antlion|Shuckle, F|100\/100\n|switch|p2a: I Choose Violence|Darmanitan-Galar, M|100\/100\n|turn|1\n|\n|t:|1699976582\n|move|p2a: I Choose Violence|U-turn|p1a: Antlion\n|-damage|p1a: Antlion|78\/100\n|\n|t:|1699976584\n|switch|p2a: Let It Go|Ninetales-Alola, F|100\/100|[from] U-turn\n|-weather|Snow|[from] ability: Snow Warning|[of] p2a: Let It Go\n|move|p1a: Antlion|Sticky Web|p2a: Let It Go\n|-sidestart|p2: Destinum|move: Sticky Web\n|\n|-weather|Snow|[upkeep]\n|upkeep\n|turn|2\n|\n|t:|1699976593\n|move|p2a: Let It Go|Aurora Veil|p2a: Let It Go\n|-sidestart|p2: Destinum|move: Aurora Veil\n|move|p1a: Antlion|Toxic|p2a: Let It Go|[miss]\n|-miss|p1a: Antlion|p2a: Let It Go\n|\n|-weather|Snow|[upkeep]\n|upkeep\n|turn|3\n|\n|t:|1699976627\n|switch|p2a: A Madafaking T-Rex|Kyurem|100\/100\n|-activate|p2a: A Madafaking T-Rex|move: Sticky Web\n|-unboost|p2a: A Madafaking T-Rex|spe|1\n|-ability|p2a: A Madafaking T-Rex|Pressure\n|move|p1a: Antlion|Stealth Rock|p2a: A Madafaking T-Rex\n|-sidestart|p2: Destinum|move: Stealth Rock\n|\n|-weather|Snow|[upkeep]\n|upkeep\n|turn|4\n|\n|t:|1699976636\n|switch|p1a: Knock Boots|Tyranitar, F|100\/100\n|-weather|Sandstorm|[from] ability: Sand Stream|[of] p1a: Knock Boots\n|-terastallize|p2a: A Madafaking T-Rex|Dragon\n|move|p2a: A Madafaking T-Rex|Flash Cannon|p1a: Knock Boots\n|-supereffective|p1a: Knock Boots\n|-damage|p1a: Knock Boots|79\/100\n|\n|-weather|Sandstorm|[upkeep]\n|-damage|p2a: A Madafaking T-Rex|94\/100|[from] Sandstorm\n|upkeep\n|turn|5\n|\n|t:|1699976646\n|switch|p2a: The Godfeather|Articuno|100\/100\n|-ability|p2a: The Godfeather|Pressure\n|move|p1a: Knock Boots|Knock Off|p2a: The Godfeather\n|-damage|p2a: The Godfeather|88\/100\n|-enditem|p2a: The Godfeather|Heavy-Duty Boots|[from] move: Knock Off|[of] p1a: Knock Boots\n|\n|-weather|Sandstorm|[upkeep]\n|-damage|p2a: The Godfeather|82\/100|[from] Sandstorm\n|upkeep\n|turn|6\n|\n|t:|1699976658\n|move|p2a: The Godfeather|Defog|p1a: Knock Boots\n|-unboost|p1a: Knock Boots|evasion|1\n|-sideend|p2: Destinum|Stealth Rock|[from] move: Defog|[of] p2a: The Godfeather\n|-sideend|p2: Destinum|Sticky Web|[from] move: Defog|[of] p2a: The Godfeather\n|move|p1a: Knock Boots|Stone Edge|p2a: The Godfeather|[miss]\n|-miss|p1a: Knock Boots|p2a: The Godfeather\n|\n|-weather|Sandstorm|[upkeep]\n|-damage|p2a: The Godfeather|76\/100|[from] Sandstorm\n|upkeep\n|turn|7\n|c|\u2606ArcticIzagi|stone miss... how nice\n|\n|t:|1699976685\n|switch|p1a: Banquet|Diancie|100\/100\n|move|p2a: The Godfeather|U-turn|p1a: Banquet\n|-resisted|p1a: Banquet\n|-damage|p1a: Banquet|94\/100\n|\n|t:|1699976744\n|switch|p2a: I Choose Violence|Darmanitan-Galar, M|100\/100|[from] U-turn\n|\n|-weather|Sandstorm|[upkeep]\n|-damage|p2a: I Choose Violence|95\/100|[from] Sandstorm\n|upkeep\n|turn|8\n|\n|t:|1699976771\n|switch|p1a: Antlion|Shuckle, F|78\/100\n|move|p2a: I Choose Violence|Earthquake|p1a: Antlion\n|-damage|p1a: Antlion|48\/100\n|\n|-weather|none\n|upkeep\n|turn|9\n|\n|t:|1699976782\n|move|p2a: I Choose Violence|Earthquake|p1a: Antlion\n|-damage|p1a: Antlion|18\/100\n|move|p1a: Antlion|Stealth Rock|p2a: I Choose Violence\n|-sidestart|p2: Destinum|move: Stealth Rock\n|\n|-sideend|p2: Destinum|move: Aurora Veil\n|upkeep\n|turn|10\n|\n|t:|1699976790\n|move|p2a: I Choose Violence|Earthquake|p1a: Antlion\n|-damage|p1a: Antlion|0 fnt\n|faint|p1a: Antlion\n|\n|upkeep\n|\n|t:|1699976795\n|switch|p1a: Tadamono|Terrakion|100\/100\n|turn|11\n|\n|t:|1699976858\n|switch|p2a: The Godfeather|Articuno|76\/100\n|-damage|p2a: The Godfeather|26\/100|[from] Stealth Rock\n|-ability|p2a: The Godfeather|Pressure\n|move|p1a: Tadamono|Stone Edge|p2a: The Godfeather\n|-supereffective|p2a: The Godfeather\n|-damage|p2a: The Godfeather|0 fnt\n|faint|p2a: The Godfeather\n|\n|upkeep\n|\n|t:|1699976864\n|switch|p2a: Chris P. Bacon|Piloswine, M|100\/100\n|-damage|p2a: Chris P. Bacon|88\/100|[from] Stealth Rock\n|turn|12\n|\n|t:|1699976884\n|move|p1a: Tadamono|Stone Edge|p2a: Chris P. Bacon|[miss]\n|-miss|p1a: Tadamono|p2a: Chris P. Bacon\n|move|p2a: Chris P. Bacon|Earthquake|p1a: Tadamono\n|-supereffective|p1a: Tadamono\n|-damage|p1a: Tadamono|22\/100\n|\n|upkeep\n|turn|13\n|c|\u2606ArcticIzagi|GREAT\n|\n|t:|1699976909\n|switch|p1a: Knock Boots|Tyranitar, F|79\/100\n|-weather|Sandstorm|[from] ability: Sand Stream|[of] p1a: Knock Boots\n|move|p2a: Chris P. Bacon|Earthquake|p1a: Knock Boots\n|-supereffective|p1a: Knock Boots\n|-damage|p1a: Knock Boots|26\/100\n|\n|-weather|Sandstorm|[upkeep]\n|upkeep\n|turn|14\n|\n|t:|1699976917\n|move|p1a: Knock Boots|Knock Off|p2a: Chris P. Bacon\n|-damage|p2a: Chris P. Bacon|61\/100\n|-enditem|p2a: Chris P. Bacon|Eviolite|[from] move: Knock Off|[of] p1a: Knock Boots\n|move|p2a: Chris P. Bacon|Earthquake|p1a: Knock Boots\n|-supereffective|p1a: Knock Boots\n|-damage|p1a: Knock Boots|0 fnt\n|faint|p1a: Knock Boots\n|\n|-weather|Sandstorm|[upkeep]\n|upkeep\n|\n|t:|1699976931\n|switch|p1a: Dr. Herbert|Nihilego|100\/100\n|turn|15\n|\n|t:|1699976942\n|-terastallize|p1a: Dr. Herbert|Water\n|move|p1a: Dr. Herbert|Grass Knot|p2a: Chris P. Bacon\n|-supereffective|p2a: Chris P. Bacon\n|-damage|p2a: Chris P. Bacon|17\/100\n|move|p2a: Chris P. Bacon|Earthquake|p1a: Dr. Herbert\n|-damage|p1a: Dr. Herbert|51\/100\n|\n|-weather|Sandstorm|[upkeep]\n|-damage|p1a: Dr. Herbert|45\/100|[from] Sandstorm\n|upkeep\n|turn|16\n|c|\u2606ArcticIzagi|thought you would tera tbh\n|c|\u2606Destinum|Already used it lol.\n|c|\u2606ArcticIzagi|oh yeah\n|\n|t:|1699977001\n|switch|p2a: Let It Go|Ninetales-Alola, F|100\/100\n|-damage|p2a: Let It Go|76\/100|[from] Stealth Rock\n|-weather|Snow|[from] ability: Snow Warning|[of] p2a: Let It Go\n|move|p1a: Dr. Herbert|Grass Knot|p2a: Let It Go\n|-damage|p2a: Let It Go|61\/100\n|\n|-weather|Snow|[upkeep]\n|upkeep\n|turn|17\n|\n|t:|1699977018\n|move|p2a: Let It Go|Freeze-Dry|p1a: Dr. Herbert\n|-supereffective|p1a: Dr. Herbert\n|-damage|p1a: Dr. Herbert|7\/100\n|-status|p1a: Dr. Herbert|frz\n|-curestatus|p1a: Dr. Herbert|frz|[msg]\n|move|p1a: Dr. Herbert|Meteor Beam||[still]\n|-prepare|p1a: Dr. Herbert|Meteor Beam\n|-boost|p1a: Dr. Herbert|spa|1\n|-enditem|p1a: Dr. Herbert|Power Herb\n|-anim|p1a: Dr. Herbert|Meteor Beam|p2a: Let It Go\n|-supereffective|p2a: Let It Go\n|-damage|p2a: Let It Go|0 fnt\n|faint|p2a: Let It Go\n|-ability|p1a: Dr. Herbert|Beast Boost|boost\n|-boost|p1a: Dr. Herbert|spe|1\n|\n|-weather|Snow|[upkeep]\n|upkeep\n|c|\u2606ArcticIzagi|AAAAAAAAA\n|c|\u2606ArcticIzagi|oh\n|\n|t:|1699977030\n|switch|p2a: Moby Thicc|Cetitan, M|100\/100\n|-damage|p2a: Moby Thicc|76\/100|[from] Stealth Rock\n|turn|18\n|c|\u2606Destinum|Value freeze.\n|\n|t:|1699977059\n|move|p2a: Moby Thicc|Earthquake|p1a: Dr. Herbert\n|-damage|p1a: Dr. Herbert|0 fnt\n|faint|p1a: Dr. Herbert\n|\n|-weather|Snow|[upkeep]\n|upkeep\n|\n|t:|1699977079\n|switch|p1a: Banquet|Diancie|94\/100\n|turn|19\n|\n|t:|1699977085\n|move|p2a: Moby Thicc|Earthquake|p1a: Banquet\n|-supereffective|p1a: Banquet\n|-damage|p1a: Banquet|35\/100\n|move|p1a: Banquet|Mystical Fire|p2a: Moby Thicc\n|-supereffective|p2a: Moby Thicc\n|-damage|p2a: Moby Thicc|24\/100\n|-unboost|p2a: Moby Thicc|spa|1\n|-enditem|p2a: Moby Thicc|Sitrus Berry|[eat]\n|-heal|p2a: Moby Thicc|49\/100|[from] item: Sitrus Berry\n|\n|-weather|Snow|[upkeep]\n|upkeep\n|turn|20\n|\n|t:|1699977099\n|move|p2a: Moby Thicc|Earthquake|p1a: Banquet\n|-supereffective|p1a: Banquet\n|-damage|p1a: Banquet|0 fnt\n|faint|p1a: Banquet\n|\n|-weather|none\n|upkeep\n|j| AhiruChan\n|\n|t:|1699977121\n|switch|p1a: Tadamono|Terrakion|22\/100\n|turn|21\n|\n|t:|1699977141\n|move|p2a: Moby Thicc|Ice Shard|p1a: Tadamono\n|-damage|p1a: Tadamono|0 fnt\n|faint|p1a: Tadamono\n|\n|upkeep\n|\n|t:|1699977145\n|switch|p1a: Hikattero Justice|Ogerpon-Cornerstone, F|100\/100\n|turn|22\n|\n|t:|1699977152\n|move|p1a: Hikattero Justice|Ivy Cudgel|p2a: Moby Thicc|[anim] Ivy Cudgel Rock\n|-supereffective|p2a: Moby Thicc\n|-damage|p2a: Moby Thicc|0 fnt\n|faint|p2a: Moby Thicc\n|\n|upkeep\n|\n|t:|1699977168\n|switch|p2a: I Choose Violence|Darmanitan-Galar, M|95\/100\n|-damage|p2a: I Choose Violence|70\/100|[from] Stealth Rock\n|turn|23\n|\n|t:|1699977190\n|move|p2a: I Choose Violence|U-turn|p1a: Hikattero Justice\n|-supereffective|p1a: Hikattero Justice\n|-damage|p1a: Hikattero Justice|3\/100\n|\n|t:|1699977193\n|switch|p2a: A Madafaking T-Rex|Kyurem, tera:Dragon|94\/100|[from] U-turn\n|-damage|p2a: A Madafaking T-Rex|82\/100|[from] Stealth Rock\n|-ability|p2a: A Madafaking T-Rex|Pressure\n|move|p1a: Hikattero Justice|Ivy Cudgel|p2a: A Madafaking T-Rex|[anim] Ivy Cudgel Rock\n|-damage|p2a: A Madafaking T-Rex|25\/100\n|\n|upkeep\n|turn|24\n|c|\u2606Destinum|gg\n|\n|t:|1699977202\n|move|p1a: Hikattero Justice|Ivy Cudgel|p2a: A Madafaking T-Rex|[anim] Ivy Cudgel Rock\n|-damage|p2a: A Madafaking T-Rex|0 fnt\n|faint|p2a: A Madafaking T-Rex\n|\n|upkeep\n|\n|t:|1699977205\n|switch|p2a: Chris P. Bacon|Piloswine, M|17\/100\n|-damage|p2a: Chris P. Bacon|4\/100|[from] Stealth Rock\n|turn|25\n|\n|t:|1699977213\n|move|p2a: Chris P. Bacon|Ice Shard|p1a: Hikattero Justice\n|-supereffective|p1a: Hikattero Justice\n|-damage|p1a: Hikattero Justice|0 fnt\n|faint|p1a: Hikattero Justice\n|\n|win|Destinum\n|c|\u2606ArcticIzagi|gg\n|c| AhiruChan|ice shard gaming\n","uploadtime":1699977218,"views":7,"p1id":"arcticizagi","p2id":"destinum","formatid":"gen9nationaldexubers","rating":0,"private":0,"password":""}