{"id":"gen9nationaldexubers-1985173154","p1":"Black_Wicked","p2":"7s Recruit","format":"[Gen 9] National Dex Ubers","log":"|j|\u2606Black_Wicked\n|j|\u26067s Recruit\n|t:|1699342959\n|gametype|singles\n|player|p1|Black_Wicked|ghetsis|\n|player|p2|7s Recruit|ethan|\n|teamsize|p1|6\n|teamsize|p2|6\n|gen|9\n|tier|[Gen 9] National Dex Ubers\n|rule|HP Percentage Mod: HP is shown in percentages\n|rule|Endless Battle Clause: Forcing endless battles is banned\n|rule|OHKO Clause: OHKO moves are banned\n|rule|Evasion Moves Clause: Evasion moves are banned\n|rule|Evasion Items Clause: Evasion items are banned\n|rule|Species Clause: Limit one of each Pok\u00e9mon\n|rule|Sleep Clause Mod: Limit one foe put to sleep\n|rule|Mega Rayquaza Clause: You cannot mega evolve Rayquaza\n|clearpoke\n|poke|p1|Sharpedo, F|\n|poke|p1|Tauros, M|\n|poke|p1|Orbeetle, F|\n|poke|p1|Aegislash, F|\n|poke|p1|Cofagrigus, F|\n|poke|p1|Empoleon, M|\n|poke|p2|Alakazam, M|\n|poke|p2|Mimikyu, F|\n|poke|p2|Tapu Lele|\n|poke|p2|Garchomp, M|\n|poke|p2|Rotom-Wash|\n|poke|p2|Umbreon, M|\n|teampreview\n|inactive|Battle timer is ON: inactive players will automatically lose when time's up. (requested by Black_Wicked)\n|\n|t:|1699342976\n|start\n|switch|p1a: Orbeetle|Orbeetle, F, shiny|100\/100\n|switch|p2a: Alakazam|Alakazam, M|100\/100\n|-item|p2a: Alakazam|Alakazite|[from] ability: Frisk|[of] p1a: Orbeetle|[identify]\n|turn|1\n|\n|t:|1699342987\n|detailschange|p2a: Alakazam|Alakazam-Mega, M\n|-mega|p2a: Alakazam|Alakazam|Alakazite\n|-item|p1a: Orbeetle|Lagging Tail|[from] ability: Frisk|[of] p2a: Alakazam|[identify]\n|-ability|p2a: Alakazam|Frisk|[from] ability: Trace|[of] p1a: Orbeetle\n|move|p2a: Alakazam|Dazzling Gleam|p1a: Orbeetle\n|-damage|p1a: Orbeetle|70\/100\n|move|p1a: Orbeetle|Sticky Web|p2a: Alakazam\n|-sidestart|p2: 7s Recruit|move: Sticky Web\n|\n|upkeep\n|turn|2\n|\n|t:|1699342999\n|move|p2a: Alakazam|Calm Mind|p2a: Alakazam\n|-boost|p2a: Alakazam|spa|1\n|-boost|p2a: Alakazam|spd|1\n|move|p1a: Orbeetle|Bug Buzz|p2a: Alakazam\n|-supereffective|p2a: Alakazam\n|-damage|p2a: Alakazam|43\/100\n|\n|upkeep\n|turn|3\n|\n|t:|1699343008\n|move|p2a: Alakazam|Dazzling Gleam|p1a: Orbeetle\n|-crit|p1a: Orbeetle\n|-damage|p1a: Orbeetle|0 fnt\n|faint|p1a: Orbeetle\n|\n|upkeep\n|\n|t:|1699343013\n|switch|p1a: Aegislash|Aegislash, F, shiny|100\/100\n|turn|4\n|\n|t:|1699343018\n|switch|p2a: Tapu Lele|Tapu Lele|100\/100\n|-activate|p2a: Tapu Lele|move: Sticky Web\n|-unboost|p2a: Tapu Lele|spe|1\n|-fieldstart|move: Psychic Terrain|[from] ability: Psychic Surge|[of] p2a: Tapu Lele\n|-formechange|p1a: Aegislash|Aegislash-Blade||[from] ability: Stance Change\n|move|p1a: Aegislash|Shadow Sneak|p2a: Tapu Lele\n|-activate|p2a: Tapu Lele|move: Psychic Terrain\n|\n|upkeep\n|turn|5\n|\n|t:|1699343030\n|-formechange|p1a: Aegislash|Aegislash||[from] ability: Stance Change\n|move|p1a: Aegislash|King's Shield|p1a: Aegislash\n|-singleturn|p1a: Aegislash|Protect\n|move|p2a: Tapu Lele|Psychic|p1a: Aegislash\n|-activate|p1a: Aegislash|move: Protect\n|\n|upkeep\n|turn|6\n|\n|t:|1699343039\n|switch|p2a: Rotom|Rotom-Wash|100\/100\n|-formechange|p1a: Aegislash|Aegislash-Blade||[from] ability: Stance Change\n|move|p1a: Aegislash|Shadow Ball|p2a: Rotom\n|-damage|p2a: Rotom|61\/100\n|\n|-heal|p2a: Rotom|67\/100|[from] item: Leftovers\n|upkeep\n|turn|7\n|\n|t:|1699343051\n|move|p2a: Rotom|Defog|p1a: Aegislash\n|-unboost|p1a: Aegislash|evasion|1\n|-sideend|p2: 7s Recruit|Sticky Web|[from] move: Defog|[of] p2a: Rotom\n|-fieldend|move: Psychic Terrain\n|move|p1a: Aegislash|Shadow Ball|p2a: Rotom\n|-damage|p2a: Rotom|31\/100\n|\n|-heal|p2a: Rotom|38\/100|[from] item: Leftovers\n|upkeep\n|turn|8\n|\n|t:|1699343062\n|-formechange|p1a: Aegislash|Aegislash||[from] ability: Stance Change\n|move|p1a: Aegislash|King's Shield|p1a: Aegislash\n|-singleturn|p1a: Aegislash|Protect\n|move|p2a: Rotom|Will-O-Wisp|p1a: Aegislash\n|-status|p1a: Aegislash|brn\n|\n|-heal|p2a: Rotom|44\/100|[from] item: Leftovers\n|-damage|p1a: Aegislash|94\/100 brn|[from] brn\n|upkeep\n|turn|9\n|\n|t:|1699343077\n|switch|p1a: Cofagrigus|Cofagrigus, F, shiny|100\/100\n|move|p2a: Rotom|Hydro Pump|p1a: Cofagrigus\n|-damage|p1a: Cofagrigus|71\/100\n|\n|-heal|p2a: Rotom|50\/100|[from] item: Leftovers\n|-heal|p1a: Cofagrigus|78\/100|[from] item: Leftovers\n|upkeep\n|turn|10\n|\n|t:|1699343089\n|move|p2a: Rotom|Volt Switch|p1a: Cofagrigus\n|-damage|p1a: Cofagrigus|60\/100\n|\n|t:|1699343094\n|switch|p2a: Tapu Lele|Tapu Lele|100\/100|[from] Volt Switch\n|-fieldstart|move: Psychic Terrain|[from] ability: Psychic Surge|[of] p2a: Tapu Lele\n|move|p1a: Cofagrigus|Shadow Ball|p2a: Tapu Lele\n|-supereffective|p2a: Tapu Lele\n|-damage|p2a: Tapu Lele|40\/100\n|\n|-heal|p1a: Cofagrigus|66\/100|[from] item: Leftovers\n|upkeep\n|turn|11\n|\n|t:|1699343107\n|move|p2a: Tapu Lele|Moonblast|p1a: Cofagrigus\n|-damage|p1a: Cofagrigus|23\/100\n|move|p1a: Cofagrigus|Shadow Ball|p2a: Tapu Lele\n|-supereffective|p2a: Tapu Lele\n|-damage|p2a: Tapu Lele|0 fnt\n|faint|p2a: Tapu Lele\n|\n|-heal|p1a: Cofagrigus|29\/100|[from] item: Leftovers\n|upkeep\n|\n|t:|1699343118\n|switch|p2a: Alakazam|Alakazam-Mega, M|43\/100\n|-ability|p2a: Alakazam|Mummy|[from] ability: Trace|[of] p1a: Cofagrigus\n|turn|12\n|\n|t:|1699343125\n|move|p2a: Alakazam|Psychic|p1a: Cofagrigus\n|-damage|p1a: Cofagrigus|0 fnt\n|faint|p1a: Cofagrigus\n|\n|upkeep\n|\n|t:|1699343129\n|switch|p1a: Sharpedo|Sharpedo, F, shiny|100\/100\n|turn|13\n|\n|t:|1699343134\n|move|p1a: Sharpedo|Protect|p1a: Sharpedo\n|-singleturn|p1a: Sharpedo|Protect\n|move|p2a: Alakazam|Focus Blast|p1a: Sharpedo\n|-activate|p1a: Sharpedo|move: Protect\n|\n|-ability|p1a: Sharpedo|Speed Boost|boost\n|-boost|p1a: Sharpedo|spe|1\n|upkeep\n|turn|14\n|\n|t:|1699343144\n|detailschange|p1a: Sharpedo|Sharpedo-Mega, F, shiny\n|-mega|p1a: Sharpedo|Sharpedo|Sharpedonite\n|move|p1a: Sharpedo|Crunch|p2a: Alakazam\n|-supereffective|p2a: Alakazam\n|-crit|p2a: Alakazam\n|-damage|p2a: Alakazam|0 fnt\n|-activate|p2a: Alakazam|ability: Mummy|Strong Jaw|[of] p1a: Sharpedo\n|faint|p2a: Alakazam\n|\n|-fieldend|move: Psychic Terrain\n|upkeep\n|\n|t:|1699343160\n|switch|p2a: Umbreon|Umbreon, M|100\/100\n|turn|15\n|\n|t:|1699343180\n|switch|p1a: Empoleon|Empoleon, M|100\/100\n|move|p2a: Umbreon|Foul Play|p1a: Empoleon\n|-damage|p1a: Empoleon|75\/100\n|\n|-heal|p1a: Empoleon|82\/100|[from] item: Leftovers\n|upkeep\n|turn|16\n|\n|t:|1699343190\n|switch|p2a: Rotom|Rotom-Wash|50\/100\n|move|p1a: Empoleon|Yawn|p2a: Rotom\n|-start|p2a: Rotom|move: Yawn|[of] p1a: Empoleon\n|\n|-heal|p2a: Rotom|56\/100|[from] item: Leftovers\n|-heal|p1a: Empoleon|88\/100|[from] item: Leftovers\n|upkeep\n|turn|17\n|inactive|Black_Wicked has 270 seconds left.\n|\n|t:|1699343224\n|switch|p1a: Aegislash|Aegislash, F, shiny|94\/100 brn\n|move|p2a: Rotom|Volt Switch|p1a: Aegislash\n|-damage|p1a: Aegislash|71\/100 brn\n|\n|t:|1699343232\n|switch|p2a: Garchomp|Garchomp, M|100\/100|[from] Volt Switch\n|\n|-heal|p1a: Aegislash|78\/100 brn|[from] item: Leftovers\n|-damage|p1a: Aegislash|71\/100 brn|[from] brn\n|upkeep\n|turn|18\n|\n|t:|1699343245\n|move|p1a: Aegislash|King's Shield|p1a: Aegislash\n|-singleturn|p1a: Aegislash|Protect\n|move|p2a: Garchomp|Stealth Rock|p1a: Aegislash\n|-sidestart|p1: Black_Wicked|move: Stealth Rock\n|\n|-heal|p1a: Aegislash|78\/100 brn|[from] item: Leftovers\n|-damage|p1a: Aegislash|71\/100 brn|[from] brn\n|upkeep\n|turn|19\n|\n|t:|1699343255\n|move|p2a: Garchomp|Earthquake|p1a: Aegislash\n|-supereffective|p1a: Aegislash\n|-damage|p1a: Aegislash|0 fnt\n|faint|p1a: Aegislash\n|\n|upkeep\n|\n|t:|1699343260\n|switch|p1a: Tauros|Tauros, M, shiny|100\/100\n|-damage|p1a: Tauros|88\/100|[from] Stealth Rock\n|turn|20\n|\n|t:|1699343278\n|switch|p2a: Mimikyu|Mimikyu, F|100\/100\n|-terastallize|p1a: Tauros|Normal\n|move|p1a: Tauros|Body Slam|p2a: Mimikyu\n|-immune|p2a: Mimikyu\n|\n|upkeep\n|turn|21\n|\n|t:|1699343288\n|move|p1a: Tauros|Iron Head|p2a: Mimikyu\n|-activate|p2a: Mimikyu|ability: Disguise\n|-damage|p2a: Mimikyu|100\/100\n|detailschange|p2a: Mimikyu|Mimikyu-Busted, F\n|-damage|p2a: Mimikyu|88\/100|[from] pokemon: Mimikyu-Busted\n|move|p2a: Mimikyu|Play Rough|p1a: Tauros\n|-damage|p1a: Tauros|47\/100\n|\n|upkeep\n|turn|22\n|\n|t:|1699343300\n|switch|p2a: Rotom|Rotom-Wash|56\/100\n|move|p1a: Tauros|Iron Head|p2a: Rotom\n|-resisted|p2a: Rotom\n|-damage|p2a: Rotom|46\/100\n|\n|-heal|p2a: Rotom|52\/100|[from] item: Leftovers\n|upkeep\n|turn|23\n|\n|t:|1699343310\n|move|p1a: Tauros|Body Slam|p2a: Rotom\n|-crit|p2a: Rotom\n|-damage|p2a: Rotom|0 fnt\n|faint|p2a: Rotom\n|\n|upkeep\n|\n|t:|1699343317\n|switch|p2a: Umbreon|Umbreon, M|100\/100\n|turn|24\n|\n|t:|1699343322\n|switch|p1a: Empoleon|Empoleon, M|88\/100\n|-damage|p1a: Empoleon|82\/100|[from] Stealth Rock\n|move|p2a: Umbreon|Wish|p2a: Umbreon\n|\n|-heal|p1a: Empoleon|88\/100|[from] item: Leftovers\n|upkeep\n|turn|25\n|\n|t:|1699343332\n|switch|p2a: Garchomp|Garchomp, M|100\/100\n|move|p1a: Empoleon|Yawn|p2a: Garchomp\n|-start|p2a: Garchomp|move: Yawn|[of] p1a: Empoleon\n|\n|-heal|p1a: Empoleon|94\/100|[from] item: Leftovers\n|upkeep\n|turn|26\n|\n|t:|1699343342\n|switch|p1a: Sharpedo|Sharpedo-Mega, F, shiny|100\/100\n|-damage|p1a: Sharpedo|88\/100|[from] Stealth Rock\n|move|p2a: Garchomp|Earthquake|p1a: Sharpedo\n|-damage|p1a: Sharpedo|10\/100\n|\n|-end|p2a: Garchomp|move: Yawn|[silent]\n|-status|p2a: Garchomp|slp\n|upkeep\n|turn|27\n|\n|t:|1699343357\n|cant|p2a: Garchomp|slp\n|move|p1a: Sharpedo|Liquidation|p2a: Garchomp\n|-damage|p2a: Garchomp|52\/100 slp\n|-damage|p1a: Sharpedo|0 fnt|[from] ability: Rough Skin|[of] p2a: Garchomp\n|faint|p1a: Sharpedo\n|\n|upkeep\n|\n|t:|1699343359\n|switch|p1a: Tauros|Tauros, M, shiny, tera:Normal|47\/100\n|-damage|p1a: Tauros|35\/100|[from] Stealth Rock\n|turn|28\n|\n|t:|1699343371\n|move|p1a: Tauros|Body Slam|p2a: Garchomp\n|-damage|p2a: Garchomp|0 fnt\n|-damage|p1a: Tauros|22\/100|[from] ability: Rough Skin|[of] p2a: Garchomp\n|faint|p2a: Garchomp\n|\n|upkeep\n|\n|t:|1699343382\n|switch|p2a: Umbreon|Umbreon, M|100\/100\n|turn|29\n|\n|t:|1699343386\n|move|p1a: Tauros|Body Slam|p2a: Umbreon\n|-damage|p2a: Umbreon|48\/100\n|move|p2a: Umbreon|Foul Play|p1a: Tauros\n|-damage|p1a: Tauros|0 fnt\n|faint|p1a: Tauros\n|\n|-heal|p2a: Umbreon|55\/100|[from] item: Leftovers\n|upkeep\n|\n|t:|1699343390\n|switch|p1a: Empoleon|Empoleon, M|94\/100\n|-damage|p1a: Empoleon|88\/100|[from] Stealth Rock\n|turn|30\n|\n|t:|1699343401\n|move|p2a: Umbreon|Wish|p2a: Umbreon\n|move|p1a: Empoleon|Yawn|p2a: Umbreon\n|-start|p2a: Umbreon|move: Yawn|[of] p1a: Empoleon\n|\n|-heal|p2a: Umbreon|61\/100|[from] item: Leftovers\n|-heal|p1a: Empoleon|94\/100|[from] item: Leftovers\n|upkeep\n|turn|31\n|\n|t:|1699343420\n|move|p2a: Umbreon|Foul Play|p1a: Empoleon\n|-damage|p1a: Empoleon|68\/100\n|move|p1a: Empoleon|Surf|p2a: Umbreon\n|-damage|p2a: Umbreon|37\/100\n|\n|-heal|p2a: Umbreon|87\/100|[from] move: Wish|[wisher] Umbreon\n|-heal|p2a: Umbreon|93\/100|[from] item: Leftovers\n|-heal|p1a: Empoleon|74\/100|[from] item: Leftovers\n|-end|p2a: Umbreon|move: Yawn|[silent]\n|-status|p2a: Umbreon|slp\n|upkeep\n|turn|32\n|\n|t:|1699343434\n|cant|p2a: Umbreon|slp\n|move|p1a: Empoleon|Surf|p2a: Umbreon\n|-damage|p2a: Umbreon|68\/100 slp\n|\n|-heal|p2a: Umbreon|74\/100 slp|[from] item: Leftovers\n|-heal|p1a: Empoleon|81\/100|[from] item: Leftovers\n|upkeep\n|turn|33\n|\n|t:|1699343443\n|-curestatus|p2a: Umbreon|slp|[msg]\n|move|p2a: Umbreon|Foul Play|p1a: Empoleon\n|-damage|p1a: Empoleon|56\/100\n|move|p1a: Empoleon|Surf|p2a: Umbreon\n|-damage|p2a: Umbreon|53\/100\n|\n|-heal|p2a: Umbreon|59\/100|[from] item: Leftovers\n|-heal|p1a: Empoleon|62\/100|[from] item: Leftovers\n|upkeep\n|turn|34\n|\n|t:|1699343456\n|move|p2a: Umbreon|Foul Play|p1a: Empoleon\n|-damage|p1a: Empoleon|38\/100\n|move|p1a: Empoleon|Yawn|p2a: Umbreon\n|-start|p2a: Umbreon|move: Yawn|[of] p1a: Empoleon\n|\n|-heal|p2a: Umbreon|65\/100|[from] item: Leftovers\n|-heal|p1a: Empoleon|44\/100|[from] item: Leftovers\n|upkeep\n|turn|35\n|\n|t:|1699343467\n|move|p2a: Umbreon|Foul Play|p1a: Empoleon\n|-damage|p1a: Empoleon|18\/100\n|move|p1a: Empoleon|Roost|p1a: Empoleon\n|-heal|p1a: Empoleon|68\/100\n|-singleturn|p1a: Empoleon|move: Roost\n|\n|-heal|p2a: Umbreon|71\/100|[from] item: Leftovers\n|-heal|p1a: Empoleon|74\/100|[from] item: Leftovers\n|-end|p2a: Umbreon|move: Yawn|[silent]\n|-status|p2a: Umbreon|slp\n|upkeep\n|turn|36\n|\n|t:|1699343485\n|cant|p2a: Umbreon|slp\n|move|p1a: Empoleon|Surf|p2a: Umbreon\n|-damage|p2a: Umbreon|48\/100 slp\n|\n|-heal|p2a: Umbreon|54\/100 slp|[from] item: Leftovers\n|-heal|p1a: Empoleon|80\/100|[from] item: Leftovers\n|upkeep\n|turn|37\n|\n|t:|1699343495\n|cant|p2a: Umbreon|slp\n|move|p1a: Empoleon|Surf|p2a: Umbreon\n|-damage|p2a: Umbreon|31\/100 slp\n|\n|-heal|p2a: Umbreon|37\/100 slp|[from] item: Leftovers\n|-heal|p1a: Empoleon|87\/100|[from] item: Leftovers\n|upkeep\n|turn|38\n|\n|t:|1699343505\n|-curestatus|p2a: Umbreon|slp|[msg]\n|move|p2a: Umbreon|Foul Play|p1a: Empoleon\n|-damage|p1a: Empoleon|62\/100\n|move|p1a: Empoleon|Yawn|p2a: Umbreon\n|-start|p2a: Umbreon|move: Yawn|[of] p1a: Empoleon\n|\n|-heal|p2a: Umbreon|43\/100|[from] item: Leftovers\n|-heal|p1a: Empoleon|68\/100|[from] item: Leftovers\n|upkeep\n|turn|39\n|\n|t:|1699343518\n|switch|p2a: Mimikyu|Mimikyu-Busted, F|88\/100\n|move|p1a: Empoleon|Surf|p2a: Mimikyu\n|-damage|p2a: Mimikyu|42\/100\n|\n|-heal|p1a: Empoleon|74\/100|[from] item: Leftovers\n|upkeep\n|turn|40\n|\n|t:|1699343529\n|-zpower|p2a: Mimikyu\n|move|p2a: Mimikyu|Never-Ending Nightmare|p1a: Empoleon|[zeffect]\n|-damage|p1a: Empoleon|18\/100\n|move|p1a: Empoleon|Yawn|p2a: Mimikyu\n|-start|p2a: Mimikyu|move: Yawn|[of] p1a: Empoleon\n|\n|-heal|p1a: Empoleon|24\/100|[from] item: Leftovers\n|upkeep\n|turn|41\n|\n|t:|1699343544\n|move|p2a: Mimikyu|Shadow Claw|p1a: Empoleon\n|-damage|p1a: Empoleon|0 fnt\n|faint|p1a: Empoleon\n|\n|win|7s Recruit\n|l|\u2606Black_Wicked\n|j|\u2606Black_Wicked\n|player|p1|Black_Wicked|ghetsis\n|l|\u26067s Recruit\n","uploadtime":1699343553,"views":6,"p1id":"blackwicked","p2id":"7srecruit","formatid":"gen9nationaldexubers","rating":0,"private":0,"password":""}