{"id":"gen9nationaldexubers-1978260537","p1":"Dark Zerzes","p2":"Bleadbodi","format":"[Gen 9] National Dex Ubers","log":"|j|\u2606Dark Zerzes\n|j|\u2606Bleadbodi\n|t:|1698518199\n|gametype|singles\n|player|p1|Dark Zerzes|grimsley|\n|player|p2|Bleadbodi|102|\n|teamsize|p1|6\n|teamsize|p2|6\n|gen|9\n|tier|[Gen 9] National Dex Ubers\n|rule|HP Percentage Mod: HP is shown in percentages\n|rule|Endless Battle Clause: Forcing endless battles is banned\n|rule|OHKO Clause: OHKO moves are banned\n|rule|Evasion Moves Clause: Evasion moves are banned\n|rule|Evasion Items Clause: Evasion items are banned\n|rule|Species Clause: Limit one of each Pok\u00e9mon\n|rule|Sleep Clause Mod: Limit one foe put to sleep\n|rule|Mega Rayquaza Clause: You cannot mega evolve Rayquaza\n|clearpoke\n|poke|p1|Galvantula, M|\n|poke|p1|Crobat, M|\n|poke|p1|Mimikyu, F|\n|poke|p1|Toxapex, F|\n|poke|p1|Houndoom, F|\n|poke|p1|Doublade, F|\n|poke|p2|Froslass, F|\n|poke|p2|Mimikyu, M|\n|poke|p2|Chandelure, F|\n|poke|p2|Gliscor, F|\n|poke|p2|Hatterene, F|\n|poke|p2|Galvantula, F|\n|teampreview\n|\n|t:|1698518236\n|start\n|switch|p1a: Lord of Doom|Houndoom, F|100\/100\n|switch|p2a: Froslass|Froslass, F|100\/100\n|-ability|p1a: Lord of Doom|Unnerve\n|turn|1\n|\n|t:|1698518247\n|move|p1a: Lord of Doom|Nasty Plot|p1a: Lord of Doom\n|-boost|p1a: Lord of Doom|spa|2\n|move|p2a: Froslass|Icicle Spear|p1a: Lord of Doom\n|-resisted|p1a: Lord of Doom\n|-damage|p1a: Lord of Doom|91\/100\n|-resisted|p1a: Lord of Doom\n|-damage|p1a: Lord of Doom|82\/100\n|-hitcount|p1a: Lord of Doom|2\n|\n|upkeep\n|turn|2\n|\n|t:|1698518268\n|move|p1a: Lord of Doom|Flamethrower|p2a: Froslass\n|-supereffective|p2a: Froslass\n|-damage|p2a: Froslass|0 fnt\n|faint|p2a: Froslass\n|-damage|p1a: Lord of Doom|72\/100|[from] item: Life Orb\n|\n|upkeep\n|\n|t:|1698518282\n|switch|p2a: Gliscor|Gliscor, F|100\/100\n|turn|3\n|\n|t:|1698518287\n|move|p1a: Lord of Doom|Hidden Power|p2a: Gliscor\n|-supereffective|p2a: Gliscor\n|-damage|p2a: Gliscor|0 fnt\n|faint|p2a: Gliscor\n|-damage|p1a: Lord of Doom|62\/100|[from] item: Life Orb\n|\n|upkeep\n|\n|t:|1698518294\n|switch|p2a: Hatterene|Hatterene, F|100\/100\n|turn|4\n|\n|t:|1698518300\n|move|p1a: Lord of Doom|Flamethrower|p2a: Hatterene\n|-damage|p2a: Hatterene|0 fnt\n|faint|p2a: Hatterene\n|-damage|p1a: Lord of Doom|52\/100|[from] item: Life Orb\n|\n|upkeep\n|\n|t:|1698518306\n|switch|p2a: Galvantula|Galvantula, F|100\/100\n|turn|5\n|\n|t:|1698518311\n|move|p1a: Lord of Doom|Flamethrower|p2a: Galvantula\n|-supereffective|p2a: Galvantula\n|-damage|p2a: Galvantula|0 fnt\n|faint|p2a: Galvantula\n|-damage|p1a: Lord of Doom|42\/100|[from] item: Life Orb\n|\n|upkeep\n|c|\u2606Bleadbodi|No chance XD\n|\n|t:|1698518319\n|switch|p2a: Mimikyu|Mimikyu, M|100\/100\n|turn|6\n|\n|t:|1698518326\n|move|p1a: Lord of Doom|Dark Pulse|p2a: Mimikyu\n|-activate|p2a: Mimikyu|ability: Disguise\n|-damage|p2a: Mimikyu|100\/100\n|detailschange|p2a: Mimikyu|Mimikyu-Busted, M\n|-damage|p2a: Mimikyu|88\/100|[from] pokemon: Mimikyu-Busted\n|-damage|p1a: Lord of Doom|32\/100|[from] item: Life Orb\n|move|p2a: Mimikyu|Thunder Wave|p1a: Lord of Doom\n|-status|p1a: Lord of Doom|par\n|\n|upkeep\n|turn|7\n|\n|t:|1698518339\n|move|p2a: Mimikyu|Shadow Sneak|p1a: Lord of Doom\n|-resisted|p1a: Lord of Doom\n|-damage|p1a: Lord of Doom|17\/100 par\n|move|p1a: Lord of Doom|Flamethrower|p2a: Mimikyu\n|-damage|p2a: Mimikyu|0 fnt\n|faint|p2a: Mimikyu\n|-damage|p1a: Lord of Doom|7\/100 par|[from] item: Life Orb\n|\n|upkeep\n|\n|t:|1698518346\n|switch|p2a: Chandelure|Chandelure, F|100\/100\n|turn|8\n|\n|t:|1698518354\n|move|p2a: Chandelure|Hex|p1a: Lord of Doom\n|-resisted|p1a: Lord of Doom\n|-damage|p1a: Lord of Doom|0 fnt\n|faint|p1a: Lord of Doom\n|\n|upkeep\n|\n|t:|1698518368\n|switch|p1a: Knuddelmonster|Mimikyu, F, shiny|100\/100\n|turn|9\n|\n|t:|1698518374\n|move|p1a: Knuddelmonster|Shadow Sneak|p2a: Chandelure\n|-supereffective|p2a: Chandelure\n|-damage|p2a: Chandelure|65\/100\n|move|p2a: Chandelure|Overheat|p1a: Knuddelmonster\n|-activate|p1a: Knuddelmonster|ability: Disguise\n|-damage|p1a: Knuddelmonster|100\/100\n|-unboost|p2a: Chandelure|spa|2\n|detailschange|p1a: Knuddelmonster|Mimikyu-Busted, F, shiny\n|-damage|p1a: Knuddelmonster|88\/100|[from] pokemon: Mimikyu-Busted\n|\n|upkeep\n|turn|10\n|\n|t:|1698518387\n|move|p1a: Knuddelmonster|Shadow Sneak|p2a: Chandelure\n|-supereffective|p2a: Chandelure\n|-damage|p2a: Chandelure|31\/100\n|move|p2a: Chandelure|Night Shade|p1a: Knuddelmonster\n|-damage|p1a: Knuddelmonster|54\/100\n|\n|upkeep\n|turn|11\n|\n|t:|1698518394\n|move|p1a: Knuddelmonster|Shadow Sneak|p2a: Chandelure\n|-supereffective|p2a: Chandelure\n|-damage|p2a: Chandelure|0 fnt\n|-status|p1a: Knuddelmonster|brn|[from] ability: Flame Body|[of] p2a: Chandelure\n|faint|p2a: Chandelure\n|\n|win|Dark Zerzes\n|c|\u2606Bleadbodi|GG\n|c|\u2606Dark Zerzes|Gg\n","uploadtime":1698518411,"views":9,"p1id":"darkzerzes","p2id":"bleadbodi","formatid":"gen9nationaldexubers","rating":0,"private":0,"password":""}