{"id":"gen9nationaldexubers-1982608544","p1":"Vario 64\u2606\u5f61","p2":"SkylarSoren","format":"[Gen 9] National Dex Ubers","log":"|j|\u2606Vario 64\u2606\u5f61\n|j|\u2606SkylarSoren\n|t:|1699029456\n|gametype|singles\n|player|p1|Vario 64\u2606\u5f61|ghetsis|\n|player|p2|SkylarSoren|ethan-masters|\n|teamsize|p1|6\n|teamsize|p2|6\n|gen|9\n|tier|[Gen 9] National Dex Ubers\n|rule|HP Percentage Mod: HP is shown in percentages\n|rule|Endless Battle Clause: Forcing endless battles is banned\n|rule|OHKO Clause: OHKO moves are banned\n|rule|Evasion Moves Clause: Evasion moves are banned\n|rule|Evasion Items Clause: Evasion items are banned\n|rule|Species Clause: Limit one of each Pok\u00e9mon\n|rule|Sleep Clause Mod: Limit one foe put to sleep\n|rule|Mega Rayquaza Clause: You cannot mega evolve Rayquaza\n|clearpoke\n|poke|p1|Araquanid, F|\n|poke|p1|Darmanitan, F|\n|poke|p1|Nidoking, M|\n|poke|p1|Rillaboom, F|\n|poke|p1|Yveltal|\n|poke|p1|Mamoswine, F|\n|poke|p2|Milotic, F|\n|poke|p2|Urshifu-*, M|\n|poke|p2|Palkia-Origin|\n|poke|p2|Gliscor, F|\n|poke|p2|Garchomp, M|\n|poke|p2|Yanmega, M|\n|teampreview\n|j| RenzFlintrock\n|c|\u2606SkylarSoren|Glhf\n|\n|t:|1699029481\n|start\n|switch|p1a: It's MORBIN TIME!!|Yveltal|100\/100\n|switch|p2a: Gliscor|Gliscor, F|100\/100\n|-ability|p1a: It's MORBIN TIME!!|Dark Aura\n|turn|1\n|c| RenzFlintrock|KKC ftw :strong:\n|c|\u2606Vario 64\u2606\u5f61|gl hf!\n|c|\u2606Vario 64\u2606\u5f61|lfg!!\n|\n|t:|1699029502\n|move|p1a: It's MORBIN TIME!!|Knock Off|p2a: Gliscor\n|-damage|p2a: Gliscor|61\/100\n|-enditem|p2a: Gliscor|Toxic Orb|[from] move: Knock Off|[of] p1a: It's MORBIN TIME!!\n|move|p2a: Gliscor|Toxic|p1a: It's MORBIN TIME!!\n|-status|p1a: It's MORBIN TIME!!|tox\n|\n|-damage|p1a: It's MORBIN TIME!!|94\/100 tox|[from] psn\n|upkeep\n|turn|2\n|\n|t:|1699029514\n|move|p1a: It's MORBIN TIME!!|Dark Pulse|p2a: Gliscor\n|-damage|p2a: Gliscor|0 fnt\n|faint|p2a: Gliscor\n|\n|-damage|p1a: It's MORBIN TIME!!|82\/100 tox|[from] psn\n|upkeep\n|c| RenzFlintrock|massive\n|\n|t:|1699029522\n|switch|p2a: Urshifu|Urshifu-Rapid-Strike, M|100\/100\n|turn|3\n|\n|t:|1699029546\n|switch|p1a: KONG THE KING|Rillaboom, F|100\/100\n|-fieldstart|move: Grassy Terrain|[from] ability: Grassy Surge|[of] p1a: KONG THE KING\n|move|p2a: Urshifu|U-turn|p1a: KONG THE KING\n|-supereffective|p1a: KONG THE KING\n|-damage|p1a: KONG THE KING|55\/100\n|\n|t:|1699029564\n|switch|p2a: Garchomp|Garchomp, M|100\/100|[from] U-turn\n|\n|-heal|p1a: KONG THE KING|61\/100|[from] Grassy Terrain\n|-heal|p1a: KONG THE KING|67\/100|[from] item: Leftovers\n|upkeep\n|turn|4\n|\n|t:|1699029580\n|detailschange|p2a: Garchomp|Garchomp-Mega, M\n|-mega|p2a: Garchomp|Garchomp|Garchompite\n|move|p2a: Garchomp|Fire Fang|p1a: KONG THE KING\n|-supereffective|p1a: KONG THE KING\n|-crit|p1a: KONG THE KING\n|-damage|p1a: KONG THE KING|0 fnt\n|faint|p1a: KONG THE KING\n|\n|upkeep\n|\n|t:|1699029591\n|switch|p1a: MamoSWAG|Mamoswine, F|100\/100\n|turn|5\n|\n|t:|1699029610\n|switch|p2a: Urshifu|Urshifu-Rapid-Strike, M|100\/100\n|move|p1a: MamoSWAG|Icicle Crash|p2a: Urshifu|[miss]\n|-miss|p1a: MamoSWAG|p2a: Urshifu\n|\n|upkeep\n|turn|6\n|c| RenzFlintrock|rng is not being friendly today\n|c|\u2606Vario 64\u2606\u5f61|not at all\n|\n|t:|1699029639\n|switch|p1a: KONG|Darmanitan, F|100\/100\n|move|p2a: Urshifu|U-turn|p1a: KONG\n|-resisted|p1a: KONG\n|-damage|p1a: KONG|81\/100\n|\n|t:|1699029650\n|switch|p2a: Milotic|Milotic, F, shiny|100\/100|[from] U-turn\n|\n|-heal|p1a: KONG|87\/100|[from] Grassy Terrain\n|upkeep\n|turn|7\n|\n|t:|1699029659\n|move|p1a: KONG|U-turn|p2a: Milotic\n|-damage|p2a: Milotic|68\/100\n|-damage|p1a: KONG|77\/100|[from] item: Life Orb\n|\n|t:|1699029668\n|switch|p1a: CORE|Araquanid, F|100\/100|[from] U-turn\n|move|p2a: Milotic|Scald|p1a: CORE\n|-resisted|p1a: CORE\n|-damage|p1a: CORE|90\/100\n|\n|-heal|p2a: Milotic|74\/100|[from] Grassy Terrain\n|-heal|p1a: CORE|97\/100|[from] Grassy Terrain\n|-fieldend|move: Grassy Terrain\n|upkeep\n|turn|8\n|\n|t:|1699029704\n|move|p2a: Milotic|Recover|p2a: Milotic\n|-heal|p2a: Milotic|100\/100\n|move|p1a: CORE|Sticky Web|p2a: Milotic\n|-sidestart|p2: SkylarSoren|move: Sticky Web\n|\n|upkeep\n|turn|9\n|\n|t:|1699029732\n|switch|p2a: Urshifu|Urshifu-Rapid-Strike, M|100\/100\n|-activate|p2a: Urshifu|move: Sticky Web\n|-unboost|p2a: Urshifu|spe|1\n|move|p1a: CORE|Toxic|p2a: Urshifu\n|-status|p2a: Urshifu|tox\n|\n|-damage|p2a: Urshifu|94\/100 tox|[from] psn\n|upkeep\n|turn|10\n|\n|t:|1699029747\n|move|p2a: Urshifu|U-turn|p1a: CORE\n|-damage|p1a: CORE|78\/100\n|\n|t:|1699029758\n|switch|p2a: Yanmega|Yanmega, M, shiny|100\/100|[from] U-turn\n|move|p1a: CORE|Toxic|p2a: Yanmega\n|-status|p2a: Yanmega|tox\n|\n|-damage|p2a: Yanmega|94\/100 tox|[from] psn\n|upkeep\n|turn|11\n|c| RenzFlintrock|woo\n|c| RenzFlintrock|good plays\n|\n|t:|1699029770\n|-terastallize|p2a: Yanmega|Ground\n|move|p2a: Yanmega|Bug Buzz|p1a: CORE\n|-damage|p1a: CORE|43\/100\n|-enditem|p2a: Yanmega|Throat Spray\n|-boost|p2a: Yanmega|spa|1|[from] item: Throat Spray\n|move|p1a: CORE|Liquidation|p2a: Yanmega\n|-supereffective|p2a: Yanmega\n|-damage|p2a: Yanmega|0 fnt\n|faint|p2a: Yanmega\n|\n|upkeep\n|c|\u2606Vario 64\u2606\u5f61|rip\n|c|\u2606Vario 64\u2606\u5f61|i gotta win\n|\n|t:|1699029783\n|switch|p2a: Palkia|Palkia-Origin|100\/100\n|-activate|p2a: Palkia|move: Sticky Web\n|-unboost|p2a: Palkia|spe|1\n|-ability|p2a: Palkia|Pressure\n|turn|12\n|\n|t:|1699029793\n|switch|p1a: KONG|Darmanitan, F|77\/100\n|move|p2a: Palkia|Substitute|p2a: Palkia\n|-start|p2a: Palkia|Substitute\n|-damage|p2a: Palkia|76\/100\n|\n|upkeep\n|turn|13\n|\n|t:|1699029810\n|move|p1a: KONG|Earthquake|p2a: Palkia\n|-end|p2a: Palkia|Substitute\n|-damage|p1a: KONG|67\/100|[from] item: Life Orb\n|move|p2a: Palkia|Spacial Rend|p1a: KONG\n|-damage|p1a: KONG|0 fnt\n|faint|p1a: KONG\n|\n|upkeep\n|\n|t:|1699029827\n|switch|p1a: It's MORBIN TIME!!|Yveltal|82\/100 tox\n|-ability|p1a: It's MORBIN TIME!!|Dark Aura\n|turn|14\n|\n|t:|1699029834\n|move|p1a: It's MORBIN TIME!!|Dark Pulse|p2a: Palkia\n|-crit|p2a: Palkia\n|-damage|p2a: Palkia|0 fnt\n|faint|p2a: Palkia\n|\n|-damage|p1a: It's MORBIN TIME!!|76\/100 tox|[from] psn\n|upkeep\n|c|\u2606Vario 64\u2606\u5f61|sorry..\n|\n|t:|1699029842\n|switch|p2a: Milotic|Milotic, F, shiny|100\/100\n|turn|15\n|c| RenzFlintrock|did the crit matter there?\n|c|\u2606Vario 64\u2606\u5f61|yeah\n|\n|t:|1699029871\n|move|p1a: It's MORBIN TIME!!|Knock Off|p2a: Milotic\n|-crit|p2a: Milotic\n|-damage|p2a: Milotic|0 fnt\n|-enditem|p2a: Milotic|Heavy-Duty Boots|[from] move: Knock Off|[of] p1a: It's MORBIN TIME!!\n|faint|p2a: Milotic\n|\n|-damage|p1a: It's MORBIN TIME!!|64\/100 tox|[from] psn\n|upkeep\n|c| RenzFlintrock|oh\n|c| RenzFlintrock|that one _definitely_ mattered\n|\n|t:|1699029886\n|switch|p2a: Garchomp|Garchomp-Mega, M|100\/100\n|-activate|p2a: Garchomp|move: Sticky Web\n|-unboost|p2a: Garchomp|spe|1\n|turn|16\n|c| RenzFlintrock|RNG swung back around, it seems\n|c|\u2606Vario 64\u2606\u5f61|yeah ikr...\n|\n|t:|1699029917\n|move|p1a: It's MORBIN TIME!!|Dark Pulse|p2a: Garchomp\n|-damage|p2a: Garchomp|35\/100\n|move|p2a: Garchomp|Scale Shot|p1a: It's MORBIN TIME!!\n|-damage|p1a: It's MORBIN TIME!!|47\/100 tox\n|-damage|p1a: It's MORBIN TIME!!|30\/100 tox\n|-damage|p1a: It's MORBIN TIME!!|15\/100 tox\n|-damage|p1a: It's MORBIN TIME!!|0 fnt\n|faint|p1a: It's MORBIN TIME!!\n|-hitcount|p1: It's MORBIN TIME!!|4\n|-unboost|p2a: Garchomp|def|1\n|-boost|p2a: Garchomp|spe|1\n|\n|upkeep\n|\n|t:|1699029929\n|switch|p1a: KING|Nidoking, M|100\/100\n|turn|17\n|\n|t:|1699029936\n|move|p2a: Garchomp|Earthquake|p1a: KING\n|-supereffective|p1a: KING\n|-damage|p1a: KING|0 fnt\n|faint|p1a: KING\n|\n|upkeep\n|\n|t:|1699029943\n|switch|p1a: MamoSWAG|Mamoswine, F|100\/100\n|turn|18\n|c| RenzFlintrock|why King there...?\n|c|\u2606Vario 64\u2606\u5f61|i-\n|c| RenzFlintrock|I know it's Mega Garchomp but it's not *that* slow-\n|c|\u2606Vario 64\u2606\u5f61|im gonna be honest i thought i would still outspeed\n|c|\u2606Vario 64\u2606\u5f61|yeah no, derp move\n|c|\u2606Vario 64\u2606\u5f61|smh\n|c|\u2606Vario 64\u2606\u5f61|i love my ability to throw\n|\n|t:|1699030007\n|move|p2a: Garchomp|Fire Fang|p1a: MamoSWAG\n|-supereffective|p1a: MamoSWAG\n|-damage|p1a: MamoSWAG|68\/100\n|move|p1a: MamoSWAG|Icicle Crash|p2a: Garchomp\n|-supereffective|p2a: Garchomp\n|-damage|p2a: Garchomp|0 fnt\n|faint|p2a: Garchomp\n|\n|upkeep\n|\n|t:|1699030017\n|switch|p2a: Urshifu|Urshifu-Rapid-Strike, M|94\/100 tox\n|-activate|p2a: Urshifu|move: Sticky Web\n|-unboost|p2a: Urshifu|spe|1\n|turn|19\n|\n|t:|1699030025\n|move|p2a: Urshifu|Surging Strikes|p1a: MamoSWAG\n|-supereffective|p1a: MamoSWAG\n|-crit|p1a: MamoSWAG\n|-damage|p1a: MamoSWAG|21\/100\n|-supereffective|p1a: MamoSWAG\n|-crit|p1a: MamoSWAG\n|-damage|p1a: MamoSWAG|0 fnt\n|faint|p1a: MamoSWAG\n|-hitcount|p1: MamoSWAG|2\n|\n|-damage|p2a: Urshifu|88\/100 tox|[from] psn\n|upkeep\n|\n|t:|1699030030\n|switch|p1a: CORE|Araquanid, F|43\/100\n|turn|20\n|\n|t:|1699030038\n|move|p2a: Urshifu|Surging Strikes|p1a: CORE\n|-resisted|p1a: CORE\n|-crit|p1a: CORE\n|-damage|p1a: CORE|36\/100\n|-resisted|p1a: CORE\n|-crit|p1a: CORE\n|-damage|p1a: CORE|28\/100\n|-resisted|p1a: CORE\n|-crit|p1a: CORE\n|-damage|p1a: CORE|21\/100\n|-hitcount|p1a: CORE|3\n|move|p1a: CORE|Liquidation|p2a: Urshifu\n|-resisted|p2a: Urshifu\n|-damage|p2a: Urshifu|65\/100 tox\n|\n|-damage|p2a: Urshifu|53\/100 tox|[from] psn\n|upkeep\n|turn|21\n|\n|t:|1699030054\n|move|p2a: Urshifu|Surging Strikes|p1a: CORE\n|-resisted|p1a: CORE\n|-crit|p1a: CORE\n|-damage|p1a: CORE|14\/100\n|-resisted|p1a: CORE\n|-crit|p1a: CORE\n|-damage|p1a: CORE|5\/100\n|-resisted|p1a: CORE\n|-crit|p1a: CORE\n|-damage|p1a: CORE|0 fnt\n|faint|p1a: CORE\n|-hitcount|p1: CORE|3\n|\n|win|SkylarSoren\n|c|\u2606Vario 64\u2606\u5f61|man\n","uploadtime":1699030066,"views":17,"p1id":"vario64","p2id":"skylarsoren","formatid":"gen9nationaldexubers","rating":0,"private":0,"password":""}