{"id":"gen9nationaldexubers-1987349766","p1":"Lengnapaul","p2":"85792195wwww","format":"[Gen 9] National Dex Ubers","log":"|j|\u2606Lengnapaul\n|j|\u260685792195wwww\n|t:|1699580483\n|gametype|singles\n|player|p1|Lengnapaul|giovanni|1410\n|player|p2|85792195wwww|mira|1502\n|teamsize|p1|6\n|teamsize|p2|6\n|gen|9\n|tier|[Gen 9] National Dex Ubers\n|rated|\n|rule|HP Percentage Mod: HP is shown in percentages\n|rule|Endless Battle Clause: Forcing endless battles is banned\n|rule|OHKO Clause: OHKO moves are banned\n|rule|Evasion Moves Clause: Evasion moves are banned\n|rule|Evasion Items Clause: Evasion items are banned\n|rule|Species Clause: Limit one of each Pok\u00e9mon\n|rule|Sleep Clause Mod: Limit one foe put to sleep\n|rule|Mega Rayquaza Clause: You cannot mega evolve Rayquaza\n|clearpoke\n|poke|p1|Arceus|\n|poke|p1|Yveltal|\n|poke|p1|Marshadow|\n|poke|p1|Toxapex, M|\n|poke|p1|Blissey, F|\n|poke|p1|Mewtwo|\n|poke|p2|Kyurem-Black|\n|poke|p2|Krookodile, M|\n|poke|p2|Gholdengo|\n|poke|p2|Groudon|\n|poke|p2|Arceus-Ground|\n|poke|p2|Ribombee, F|\n|teampreview\n|inactive|Battle timer is ON: inactive players will automatically lose when time's up. (requested by Lengnapaul)\n|\n|t:|1699580500\n|start\n|switch|p1a: Mewtwo|Mewtwo|100\/100\n|switch|p2a: Krookodile|Krookodile, M|100\/100\n|-ability|p1a: Mewtwo|Pressure\n|-ability|p2a: Krookodile|Intimidate|boost\n|-unboost|p1a: Mewtwo|atk|1\n|turn|1\n|\n|t:|1699580510\n|detailschange|p1a: Mewtwo|Mewtwo-Mega-Y\n|-mega|p1a: Mewtwo|Mewtwo|Mewtwonite Y\n|move|p1a: Mewtwo|Ice Beam|p2a: Krookodile\n|-supereffective|p2a: Krookodile\n|-enditem|p2a: Krookodile|Focus Sash\n|-damage|p2a: Krookodile|1\/100\n|move|p2a: Krookodile|Bulldoze|p1a: Mewtwo\n|-damage|p1a: Mewtwo|64\/100\n|-unboost|p1a: Mewtwo|spe|1\n|\n|upkeep\n|turn|2\n|\n|t:|1699580522\n|switch|p1a: Yveltal|Yveltal|100\/100\n|-ability|p1a: Yveltal|Dark Aura\n|move|p2a: Krookodile|Stealth Rock|p1a: Yveltal\n|-sidestart|p1: Lengnapaul|move: Stealth Rock\n|\n|upkeep\n|turn|3\n|\n|t:|1699580529\n|move|p2a: Krookodile|Taunt|p1a: Yveltal\n|-start|p1a: Yveltal|move: Taunt\n|move|p1a: Yveltal|Oblivion Wing|p2a: Krookodile\n|-damage|p2a: Krookodile|0 fnt\n|faint|p2a: Krookodile\n|\n|upkeep\n|\n|t:|1699580538\n|switch|p2a: Ribombee|Ribombee, F|100\/100\n|turn|4\n|\n|t:|1699580548\n|move|p2a: Ribombee|Sticky Web|p1a: Yveltal\n|-sidestart|p1: Lengnapaul|move: Sticky Web\n|move|p1a: Yveltal|Oblivion Wing|p2a: Ribombee\n|-supereffective|p2a: Ribombee\n|-enditem|p2a: Ribombee|Focus Sash\n|-damage|p2a: Ribombee|1\/100\n|\n|upkeep\n|turn|5\n|\n|t:|1699580560\n|move|p1a: Yveltal|Sucker Punch|p2a: Ribombee\n|-resisted|p2a: Ribombee\n|-damage|p2a: Ribombee|0 fnt\n|faint|p2a: Ribombee\n|\n|-end|p1a: Yveltal|move: Taunt\n|upkeep\n|\n|t:|1699580572\n|switch|p2a: Kyurem|Kyurem-Black|100\/100\n|-ability|p2a: Kyurem|Teravolt\n|turn|6\n|\n|t:|1699580589\n|switch|p1a: Toxapex|Toxapex, M|100\/100\n|-damage|p1a: Toxapex|88\/100|[from] Stealth Rock\n|-activate|p1a: Toxapex|move: Sticky Web\n|-unboost|p1a: Toxapex|spe|1\n|move|p2a: Kyurem|Dragon Dance|p2a: Kyurem\n|-boost|p2a: Kyurem|atk|1\n|-boost|p2a: Kyurem|spe|1\n|\n|upkeep\n|turn|7\n|\n|t:|1699580599\n|move|p2a: Kyurem|Substitute|p2a: Kyurem\n|-start|p2a: Kyurem|Substitute\n|-damage|p2a: Kyurem|75\/100\n|move|p1a: Toxapex|Toxic||[still]\n|-fail|p1a: Toxapex\n|\n|upkeep\n|turn|8\n|\n|t:|1699580606\n|switch|p1a: Yveltal|Yveltal|100\/100\n|-damage|p1a: Yveltal|75\/100|[from] Stealth Rock\n|-ability|p1a: Yveltal|Dark Aura\n|move|p2a: Kyurem|Fusion Bolt|p1a: Yveltal\n|-supereffective|p1a: Yveltal\n|-damage|p1a: Yveltal|0 fnt\n|faint|p1a: Yveltal\n|\n|upkeep\n|\n|t:|1699580617\n|switch|p1a: Arceus|Arceus|100\/100\n|-damage|p1a: Arceus|88\/100|[from] Stealth Rock\n|-activate|p1a: Arceus|move: Sticky Web\n|-unboost|p1a: Arceus|spe|1\n|turn|9\n|\n|t:|1699580623\n|move|p1a: Arceus|Extreme Speed|p2a: Kyurem\n|-end|p2a: Kyurem|Substitute\n|move|p2a: Kyurem|Icicle Spear|p1a: Arceus\n|-damage|p1a: Arceus|71\/100\n|-damage|p1a: Arceus|54\/100\n|-damage|p1a: Arceus|37\/100\n|-damage|p1a: Arceus|18\/100\n|-hitcount|p1a: Arceus|4\n|\n|-heal|p1a: Arceus|24\/100|[from] item: Leftovers\n|upkeep\n|turn|10\n|\n|t:|1699580636\n|move|p1a: Arceus|Extreme Speed|p2a: Kyurem\n|-damage|p2a: Kyurem|44\/100\n|move|p2a: Kyurem|Icicle Spear|p1a: Arceus\n|-damage|p1a: Arceus|6\/100\n|-damage|p1a: Arceus|0 fnt\n|faint|p1a: Arceus\n|-hitcount|p1: Arceus|2\n|\n|upkeep\n|\n|t:|1699580645\n|switch|p1a: Marshadow|Marshadow|100\/100\n|-damage|p1a: Marshadow|94\/100|[from] Stealth Rock\n|-activate|p1a: Marshadow|move: Sticky Web\n|-unboost|p1a: Marshadow|spe|1\n|turn|11\n|\n|t:|1699580651\n|move|p1a: Marshadow|Shadow Sneak|p2a: Kyurem\n|-damage|p2a: Kyurem|16\/100\n|move|p2a: Kyurem|Icicle Spear|p1a: Marshadow\n|-damage|p1a: Marshadow|63\/100\n|-damage|p1a: Marshadow|28\/100\n|-damage|p1a: Marshadow|0 fnt\n|faint|p1a: Marshadow\n|-hitcount|p1: Marshadow|3\n|\n|upkeep\n|\n|t:|1699580667\n|switch|p1a: Mewtwo|Mewtwo-Mega-Y|64\/100\n|-damage|p1a: Mewtwo|52\/100|[from] Stealth Rock\n|-activate|p1a: Mewtwo|move: Sticky Web\n|-unboost|p1a: Mewtwo|spe|1\n|turn|12\n|-message|Lengnapaul forfeited.\n|\n|win|85792195wwww\n|raw|Lengnapaul's rating: 1410 &rarr; <strong>1395<\/strong><br \/>(-15 for losing)\n|raw|85792195wwww's rating: 1502 &rarr; <strong>1517<\/strong><br \/>(+15 for winning)\n|l|\u2606Lengnapaul\n","uploadtime":1699580676,"views":4,"p1id":"lengnapaul","p2id":"85792195wwww","formatid":"gen9nationaldexubers","rating":1395,"private":0,"password":""}