{"id":"gen9nationaldexubers-1982886537","p1":"Morb of Ius","p2":"thisispika","format":"[Gen 9] National Dex Ubers","log":"|j|\u2606Morb of Ius\n|j|\u2606thisispika\n|t:|1699054972\n|gametype|singles\n|player|p1|Morb of Ius|ingo|\n|player|p2|thisispika|brycenman|\n|teamsize|p1|6\n|teamsize|p2|6\n|gen|9\n|tier|[Gen 9] National Dex Ubers\n|rule|HP Percentage Mod: HP is shown in percentages\n|rule|Endless Battle Clause: Forcing endless battles is banned\n|rule|OHKO Clause: OHKO moves are banned\n|rule|Evasion Moves Clause: Evasion moves are banned\n|rule|Evasion Items Clause: Evasion items are banned\n|rule|Species Clause: Limit one of each Pok\u00e9mon\n|rule|Sleep Clause Mod: Limit one foe put to sleep\n|rule|Mega Rayquaza Clause: You cannot mega evolve Rayquaza\n|clearpoke\n|poke|p1|Kleavor, M|\n|poke|p1|Bisharp, M|\n|poke|p1|Thundurus-Therian, M|\n|poke|p1|Dondozo, F|\n|poke|p1|Ting-Lu|\n|poke|p1|Brute Bonnet|\n|poke|p2|Ferrothorn, M|\n|poke|p2|Magneton|\n|poke|p2|Regirock|\n|poke|p2|Keldeo-Resolute|\n|poke|p2|Dachsbun, M|\n|poke|p2|Landorus-Therian, M|\n|teampreview\n|c|\u2606Morb of Ius|hold on\n|c|\u2606Morb of Ius|shit i cant get the link\n|c|\u2606Morb of Ius|send to yeetus please\n|c|\u2606thisispika|i cant either\n|c|\u2606thisispika|my ass is on mobile\n|c|\u2606Morb of Ius|ok nvm\n|j| balltoucher30\n|\n|t:|1699055013\n|start\n|switch|p1a: Edgelord|Bisharp, M, shiny|100\/100\n|switch|p2a: fucker|Landorus-Therian, M|100\/100\n|-ability|p2a: fucker|Intimidate|boost\n|-unboost|p1a: Edgelord|atk|1\n|-ability|p1a: Edgelord|Defiant|boost\n|-boost|p1a: Edgelord|atk|2\n|turn|1\n|\n|t:|1699055026\n|move|p1a: Edgelord|Sucker Punch|p2a: fucker\n|-damage|p2a: fucker|42\/100\n|move|p2a: fucker|Earthquake|p1a: Edgelord\n|-supereffective|p1a: Edgelord\n|-damage|p1a: Edgelord|0 fnt\n|faint|p1a: Edgelord\n|\n|upkeep\n|\n|t:|1699055032\n|switch|p1a: Mint Ice CreamPeak|Brute Bonnet, shiny|100\/100\n|turn|2\n|\n|t:|1699055038\n|switch|p2a: got that DOG in me|Dachsbun, M|100\/100\n|move|p1a: Mint Ice CreamPeak|Sucker Punch||[still]\n|-fail|p1a: Mint Ice CreamPeak\n|\n|upkeep\n|turn|3\n|\n|t:|1699055062\n|move|p2a: got that DOG in me|Body Press|p1a: Mint Ice CreamPeak\n|-supereffective|p1a: Mint Ice CreamPeak\n|-damage|p1a: Mint Ice CreamPeak|56\/100\n|move|p1a: Mint Ice CreamPeak|Spore|p2a: got that DOG in me\n|-status|p2a: got that DOG in me|slp|[from] move: Spore\n|\n|upkeep\n|turn|4\n|\n|t:|1699055070\n|cant|p2a: got that DOG in me|slp\n|move|p1a: Mint Ice CreamPeak|Bullet Seed|p2a: got that DOG in me\n|-crit|p2a: got that DOG in me\n|-damage|p2a: got that DOG in me|86\/100 slp\n|-damage|p2a: got that DOG in me|77\/100 slp\n|-damage|p2a: got that DOG in me|67\/100 slp\n|-damage|p2a: got that DOG in me|56\/100 slp\n|-damage|p2a: got that DOG in me|45\/100 slp\n|-hitcount|p2a: got that DOG in me|5\n|\n|-heal|p2a: got that DOG in me|50\/100 slp|[from] item: Leftovers\n|upkeep\n|turn|5\n|\n|t:|1699055081\n|cant|p2a: got that DOG in me|slp\n|move|p1a: Mint Ice CreamPeak|Bullet Seed|p2a: got that DOG in me\n|-damage|p2a: got that DOG in me|40\/100 slp\n|-damage|p2a: got that DOG in me|30\/100 slp\n|-damage|p2a: got that DOG in me|21\/100 slp\n|-damage|p2a: got that DOG in me|10\/100 slp\n|-hitcount|p2a: got that DOG in me|4\n|\n|-heal|p2a: got that DOG in me|16\/100 slp|[from] item: Leftovers\n|upkeep\n|turn|6\n|\n|t:|1699055096\n|move|p1a: Mint Ice CreamPeak|Sucker Punch||[still]\n|-fail|p1a: Mint Ice CreamPeak\n|-curestatus|p2a: got that DOG in me|slp|[msg]\n|move|p2a: got that DOG in me|Wish|p2a: got that DOG in me\n|\n|-heal|p2a: got that DOG in me|22\/100|[from] item: Leftovers\n|upkeep\n|turn|7\n|\n|t:|1699055105\n|move|p1a: Mint Ice CreamPeak|Bullet Seed|p2a: got that DOG in me\n|-damage|p2a: got that DOG in me|11\/100\n|-damage|p2a: got that DOG in me|0 fnt\n|faint|p2a: got that DOG in me\n|-hitcount|p2: got that DOG in me|2\n|\n|upkeep\n|\n|t:|1699055108\n|switch|p2a: fucker|Landorus-Therian, M|42\/100\n|-ability|p2a: fucker|Intimidate|boost\n|-unboost|p1a: Mint Ice CreamPeak|atk|1\n|turn|8\n|\n|t:|1699055114\n|move|p1a: Mint Ice CreamPeak|Sucker Punch|p2a: fucker\n|-damage|p2a: fucker|11\/100\n|move|p2a: fucker|U-turn|p1a: Mint Ice CreamPeak\n|-supereffective|p1a: Mint Ice CreamPeak\n|-damage|p1a: Mint Ice CreamPeak|0 fnt\n|faint|p1a: Mint Ice CreamPeak\n|-end|p1a: Mint Ice CreamPeak|Protosynthesis|[silent]\n|\n|t:|1699055120\n|switch|p2a: BALLS|Magneton|100\/100|[from] U-turn\n|\n|upkeep\n|\n|t:|1699055129\n|switch|p1a: Lordvessel|Ting-Lu|100\/100\n|-ability|p1a: Lordvessel|Vessel of Ruin\n|turn|9\n|\n|t:|1699055135\n|move|p1a: Lordvessel|Earthquake|p2a: BALLS\n|-supereffective|p2a: BALLS\n|-damage|p2a: BALLS|0 fnt\n|faint|p2a: BALLS\n|\n|upkeep\n|\n|t:|1699055138\n|switch|p2a: Brony|Keldeo-Resolute|100\/100\n|turn|10\n|\n|t:|1699055163\n|-terastallize|p1a: Lordvessel|Ghost\n|move|p2a: Brony|Hydro Pump|p1a: Lordvessel\n|-damage|p1a: Lordvessel|67\/100\n|move|p1a: Lordvessel|Earthquake|p2a: Brony\n|-damage|p2a: Brony|56\/100\n|\n|-heal|p1a: Lordvessel|73\/100|[from] item: Leftovers\n|upkeep\n|turn|11\n|\n|t:|1699055172\n|switch|p2a: fucker|Landorus-Therian, M|11\/100\n|-ability|p2a: fucker|Intimidate|boost\n|-unboost|p1a: Lordvessel|atk|1\n|move|p1a: Lordvessel|Tera Blast|p2a: fucker|[anim] Tera Blast Ghost\n|-damage|p2a: fucker|0 fnt\n|faint|p2a: fucker\n|\n|-heal|p1a: Lordvessel|79\/100|[from] item: Leftovers\n|upkeep\n|\n|t:|1699055179\n|switch|p2a: lol horny|Ferrothorn, M|100\/100\n|turn|12\n|\n|t:|1699055187\n|move|p2a: lol horny|Leech Seed|p1a: Lordvessel\n|-start|p1a: Lordvessel|move: Leech Seed\n|move|p1a: Lordvessel|Whirlwind|p2a: lol horny\n|drag|p2a: PISSROCK|Regirock|100\/100\n|\n|-heal|p1a: Lordvessel|85\/100|[from] item: Leftovers\n|-damage|p1a: Lordvessel|73\/100|[from] Leech Seed|[of] p2a: PISSROCK\n|upkeep\n|turn|13\n|\n|t:|1699055195\n|move|p2a: PISSROCK|Curse|p2a: PISSROCK\n|-unboost|p2a: PISSROCK|spe|1\n|-boost|p2a: PISSROCK|atk|1\n|-boost|p2a: PISSROCK|def|1\n|move|p1a: Lordvessel|Tera Blast|p2a: PISSROCK|[anim] Tera Blast Ghost\n|-damage|p2a: PISSROCK|94\/100\n|\n|-heal|p1a: Lordvessel|79\/100|[from] item: Leftovers\n|-heal|p2a: PISSROCK|99\/100|[from] item: Leftovers\n|-damage|p1a: Lordvessel|67\/100|[from] Leech Seed|[of] p2a: PISSROCK\n|-heal|p2a: PISSROCK|100\/100|[silent]\n|upkeep\n|turn|14\n|\n|t:|1699055206\n|move|p1a: Lordvessel|Earthquake|p2a: PISSROCK\n|-supereffective|p2a: PISSROCK\n|-damage|p2a: PISSROCK|84\/100\n|move|p2a: PISSROCK|Curse|p2a: PISSROCK\n|-unboost|p2a: PISSROCK|spe|1\n|-boost|p2a: PISSROCK|atk|1\n|-boost|p2a: PISSROCK|def|1\n|\n|-heal|p1a: Lordvessel|73\/100|[from] item: Leftovers\n|-heal|p2a: PISSROCK|90\/100|[from] item: Leftovers\n|-damage|p1a: Lordvessel|60\/100|[from] Leech Seed|[of] p2a: PISSROCK\n|-heal|p2a: PISSROCK|100\/100|[silent]\n|upkeep\n|turn|15\n|\n|t:|1699055227\n|move|p2a: PISSROCK|Curse|p2a: PISSROCK\n|-unboost|p2a: PISSROCK|spe|1\n|-boost|p2a: PISSROCK|atk|1\n|-boost|p2a: PISSROCK|def|1\n|move|p1a: Lordvessel|Whirlwind|p2a: PISSROCK\n|drag|p2a: lol horny|Ferrothorn, M|100\/100\n|\n|-heal|p1a: Lordvessel|67\/100|[from] item: Leftovers\n|-damage|p1a: Lordvessel|54\/100|[from] Leech Seed|[of] p2a: lol horny\n|upkeep\n|turn|16\n|\n|t:|1699055236\n|move|p1a: Lordvessel|Spikes|p2a: lol horny\n|-sidestart|p2: thisispika|Spikes\n|move|p2a: lol horny|Spikes|p1a: Lordvessel\n|-sidestart|p1: Morb of Ius|Spikes\n|\n|-heal|p1a: Lordvessel|60\/100|[from] item: Leftovers\n|-damage|p1a: Lordvessel|48\/100|[from] Leech Seed|[of] p2a: lol horny\n|upkeep\n|turn|17\n|\n|t:|1699055242\n|move|p1a: Lordvessel|Spikes|p2a: lol horny\n|-sidestart|p2: thisispika|Spikes\n|move|p2a: lol horny|Spikes|p1a: Lordvessel\n|-sidestart|p1: Morb of Ius|Spikes\n|\n|-heal|p1a: Lordvessel|54\/100|[from] item: Leftovers\n|-damage|p1a: Lordvessel|42\/100|[from] Leech Seed|[of] p2a: lol horny\n|upkeep\n|turn|18\n|\n|t:|1699055248\n|move|p1a: Lordvessel|Spikes|p2a: lol horny\n|-sidestart|p2: thisispika|Spikes\n|move|p2a: lol horny|Spikes|p1a: Lordvessel\n|-sidestart|p1: Morb of Ius|Spikes\n|\n|-heal|p1a: Lordvessel|48\/100|[from] item: Leftovers\n|-damage|p1a: Lordvessel|36\/100|[from] Leech Seed|[of] p2a: lol horny\n|upkeep\n|turn|19\n|\n|t:|1699055255\n|move|p2a: lol horny|Stealth Rock|p1a: Lordvessel\n|-sidestart|p1: Morb of Ius|move: Stealth Rock\n|move|p1a: Lordvessel|Whirlwind|p2a: lol horny\n|drag|p2a: PISSROCK|Regirock|100\/100\n|-damage|p2a: PISSROCK|75\/100|[from] Spikes\n|\n|-heal|p2a: PISSROCK|82\/100|[from] item: Leftovers\n|-heal|p1a: Lordvessel|42\/100|[from] item: Leftovers\n|-damage|p1a: Lordvessel|29\/100|[from] Leech Seed|[of] p2a: PISSROCK\n|-heal|p2a: PISSROCK|99\/100|[silent]\n|upkeep\n|turn|20\n|c|\u2606thisispika|gentlemaning it\n|\n|t:|1699055274\n|move|p2a: PISSROCK|Curse|p2a: PISSROCK\n|-unboost|p2a: PISSROCK|spe|1\n|-boost|p2a: PISSROCK|atk|1\n|-boost|p2a: PISSROCK|def|1\n|move|p1a: Lordvessel|Whirlwind|p2a: PISSROCK\n|drag|p2a: Brony|Keldeo-Resolute|56\/100\n|-damage|p2a: Brony|31\/100|[from] Spikes\n|\n|-heal|p1a: Lordvessel|36\/100|[from] item: Leftovers\n|-damage|p1a: Lordvessel|23\/100|[from] Leech Seed|[of] p2a: Brony\n|-heal|p2a: Brony|51\/100|[silent]\n|upkeep\n|turn|21\n|\n|t:|1699055284\n|move|p2a: Brony|Scald|p1a: Lordvessel\n|-damage|p1a: Lordvessel|0 fnt\n|faint|p1a: Lordvessel\n|\n|upkeep\n|\n|t:|1699055289\n|switch|p1a: Sniped #2|Thundurus-Therian, M, shiny|100\/100\n|turn|22\n|\n|t:|1699055314\n|move|p2a: Brony|Scald|p1a: Sniped #2\n|-damage|p1a: Sniped #2|19\/100\n|-status|p1a: Sniped #2|brn\n|move|p1a: Sniped #2|Discharge|p2a: Brony\n|-supereffective|p2a: Brony\n|-damage|p2a: Brony|0 fnt\n|faint|p2a: Brony\n|\n|-damage|p1a: Sniped #2|13\/100 brn|[from] brn\n|upkeep\n|\n|t:|1699055320\n|switch|p2a: PISSROCK|Regirock|99\/100\n|-damage|p2a: PISSROCK|74\/100|[from] Spikes\n|turn|23\n|\n|t:|1699055329\n|-terastallize|p2a: PISSROCK|Electric\n|move|p1a: Sniped #2|Grass Knot|p2a: PISSROCK\n|-damage|p2a: PISSROCK|32\/100\n|move|p2a: PISSROCK|Stone Edge|p1a: Sniped #2\n|-supereffective|p1a: Sniped #2\n|-damage|p1a: Sniped #2|0 fnt\n|faint|p1a: Sniped #2\n|\n|-heal|p2a: PISSROCK|38\/100|[from] item: Leftovers\n|upkeep\n|l|\u2606thisispika\n|player|p2|\n|\n|t:|1699055338\n|switch|p1a: Axe Body Spray|Kleavor, M, shiny|100\/100\n|-damage|p1a: Axe Body Spray|76\/100|[from] Spikes\n|-damage|p1a: Axe Body Spray|51\/100|[from] Stealth Rock\n|turn|24\n|c| balltoucher30|?\n|j|\u2606thisispika\n|player|p2|thisispika|brycenman\n|c|\u2606Morb of Ius|what\n|c|\u2606Morb of Ius|oh\n|\n|t:|1699055393\n|move|p1a: Axe Body Spray|Close Combat|p2a: PISSROCK\n|-damage|p2a: PISSROCK|18\/100\n|-unboost|p1a: Axe Body Spray|def|1\n|-unboost|p1a: Axe Body Spray|spd|1\n|move|p2a: PISSROCK|Thunder Punch|p1a: Axe Body Spray\n|-damage|p1a: Axe Body Spray|0 fnt\n|faint|p1a: Axe Body Spray\n|\n|-heal|p2a: PISSROCK|24\/100|[from] item: Leftovers\n|upkeep\n|\n|t:|1699055402\n|switch|p1a: heeheeheehaw|Dondozo, F|100\/100\n|-damage|p1a: heeheeheehaw|75\/100|[from] Spikes\n|-damage|p1a: heeheeheehaw|63\/100|[from] Stealth Rock\n|turn|25\n|\n|t:|1699055409\n|switch|p2a: lol horny|Ferrothorn, M|100\/100\n|-damage|p2a: lol horny|75\/100|[from] Spikes\n|move|p1a: heeheeheehaw|Rest|p1a: heeheeheehaw\n|-status|p1a: heeheeheehaw|slp|[from] move: Rest\n|-heal|p1a: heeheeheehaw|100\/100 slp|[silent]\n|\n|-heal|p2a: lol horny|82\/100|[from] item: Leftovers\n|upkeep\n|turn|26\n|\n|t:|1699055417\n|cant|p1a: heeheeheehaw|slp\n|move|p1a: heeheeheehaw|Sleep Talk|p1a: heeheeheehaw\n|move|p1a: heeheeheehaw|Liquidation|p2a: lol horny|[from]move: Sleep Talk\n|-resisted|p2a: lol horny\n|-damage|p2a: lol horny|73\/100\n|-damage|p1a: heeheeheehaw|88\/100 slp|[from] ability: Iron Barbs|[of] p2a: lol horny\n|move|p2a: lol horny|Leech Seed|p1a: heeheeheehaw\n|-start|p1a: heeheeheehaw|move: Leech Seed\n|\n|-heal|p2a: lol horny|79\/100|[from] item: Leftovers\n|-damage|p1a: heeheeheehaw|75\/100 slp|[from] Leech Seed|[of] p2a: lol horny\n|-heal|p2a: lol horny|97\/100|[silent]\n|upkeep\n|turn|27\n|\n|t:|1699055428\n|cant|p1a: heeheeheehaw|slp\n|move|p1a: heeheeheehaw|Sleep Talk|p1a: heeheeheehaw\n|move|p1a: heeheeheehaw|Liquidation|p2a: lol horny|[from]move: Sleep Talk\n|-resisted|p2a: lol horny\n|-damage|p2a: lol horny|87\/100\n|-unboost|p2a: lol horny|def|1\n|-damage|p1a: heeheeheehaw|63\/100 slp|[from] ability: Iron Barbs|[of] p2a: lol horny\n|move|p2a: lol horny|Power Whip|p1a: heeheeheehaw\n|-supereffective|p1a: heeheeheehaw\n|-damage|p1a: heeheeheehaw|19\/100 slp\n|-damage|p2a: lol horny|71\/100|[from] item: Rocky Helmet|[of] p1a: heeheeheehaw\n|\n|-heal|p2a: lol horny|77\/100|[from] item: Leftovers\n|-damage|p1a: heeheeheehaw|6\/100 slp|[from] Leech Seed|[of] p2a: lol horny\n|-heal|p2a: lol horny|95\/100|[silent]\n|upkeep\n|turn|28\n|c|\u2606thisispika|ggs\n|\n|t:|1699055443\n|-curestatus|p1a: heeheeheehaw|slp|[msg]\n|move|p1a: heeheeheehaw|Rest|p1a: heeheeheehaw\n|-status|p1a: heeheeheehaw|slp|[from] move: Rest\n|-heal|p1a: heeheeheehaw|100\/100 slp|[silent]\n|move|p2a: lol horny|Power Whip|p1a: heeheeheehaw\n|-supereffective|p1a: heeheeheehaw\n|-damage|p1a: heeheeheehaw|54\/100 slp\n|-damage|p2a: lol horny|79\/100|[from] item: Rocky Helmet|[of] p1a: heeheeheehaw\n|\n|-heal|p2a: lol horny|85\/100|[from] item: Leftovers\n|-damage|p1a: heeheeheehaw|41\/100 slp|[from] Leech Seed|[of] p2a: lol horny\n|-heal|p2a: lol horny|100\/100|[silent]\n|upkeep\n|turn|29\n|\n|t:|1699055462\n|cant|p1a: heeheeheehaw|slp\n|move|p1a: heeheeheehaw|Sleep Talk|p1a: heeheeheehaw\n|move|p1a: heeheeheehaw|Liquidation|p2a: lol horny|[from]move: Sleep Talk\n|-resisted|p2a: lol horny\n|-damage|p2a: lol horny|93\/100\n|-damage|p1a: heeheeheehaw|29\/100 slp|[from] ability: Iron Barbs|[of] p2a: lol horny\n|move|p2a: lol horny|Power Whip|p1a: heeheeheehaw\n|-supereffective|p1a: heeheeheehaw\n|-damage|p1a: heeheeheehaw|0 fnt\n|-damage|p2a: lol horny|76\/100|[from] item: Rocky Helmet|[of] p1a: heeheeheehaw\n|faint|p1a: heeheeheehaw\n|\n|win|thisispika\n","uploadtime":1699055471,"views":20,"p1id":"morbofius","p2id":"thisispika","formatid":"gen9nationaldexubers","rating":0,"private":0,"password":""}