{"id":"gen9nationaldexubers-1981357655","p1":"Pikachu x Ash 1ST","p2":"loch2009","format":"[Gen 9] National Dex Ubers","log":"|j|\u2606Pikachu x Ash 1ST\n|j|\u2606loch2009\n|t:|1698887147\n|gametype|singles\n|player|p1|Pikachu x Ash 1ST|red|1084\n|player|p2|loch2009|cynthia-gen4|1133\n|teamsize|p1|6\n|teamsize|p2|6\n|gen|9\n|tier|[Gen 9] National Dex Ubers\n|rated|\n|rule|HP Percentage Mod: HP is shown in percentages\n|rule|Endless Battle Clause: Forcing endless battles is banned\n|rule|OHKO Clause: OHKO moves are banned\n|rule|Evasion Moves Clause: Evasion moves are banned\n|rule|Evasion Items Clause: Evasion items are banned\n|rule|Species Clause: Limit one of each Pok\u00e9mon\n|rule|Sleep Clause Mod: Limit one foe put to sleep\n|rule|Mega Rayquaza Clause: You cannot mega evolve Rayquaza\n|clearpoke\n|poke|p1|Groudon|\n|poke|p1|Kyogre|\n|poke|p1|Yveltal|\n|poke|p1|Xerneas-*|\n|poke|p1|Solgaleo|\n|poke|p1|Giratina-Origin|\n|poke|p2|Espathra, F|\n|poke|p2|Lunala|\n|poke|p2|Mewtwo|\n|poke|p2|Eternatus|\n|poke|p2|Slurpuff, F|\n|poke|p2|Xurkitree|\n|teampreview\n|\n|t:|1698887166\n|start\n|switch|p1a: Solgaleo|Solgaleo|100\/100\n|switch|p2a: Slurpuff|Slurpuff, F|100\/100\n|turn|1\n|\n|t:|1698887175\n|move|p2a: Slurpuff|Magic Coat|p2a: Slurpuff\n|-singleturn|p2a: Slurpuff|move: Magic Coat\n|move|p1a: Solgaleo|Meteor Beam||[still]\n|-prepare|p1a: Solgaleo|Meteor Beam\n|-boost|p1a: Solgaleo|spa|1\n|\n|upkeep\n|turn|2\n|\n|t:|1698887184\n|move|p2a: Slurpuff|Sticky Web|p1a: Solgaleo\n|-sidestart|p1: Pikachu x Ash 1ST|move: Sticky Web\n|move|p1a: Solgaleo|Meteor Beam|p2a: Slurpuff|[from]lockedmove\n|-damage|p2a: Slurpuff|45\/100\n|\n|upkeep\n|turn|3\n|\n|t:|1698887191\n|move|p2a: Slurpuff|Yawn|p1a: Solgaleo\n|-start|p1a: Solgaleo|move: Yawn|[of] p2a: Slurpuff\n|move|p1a: Solgaleo|Earthquake|p2a: Slurpuff\n|-damage|p2a: Slurpuff|12\/100\n|\n|upkeep\n|turn|4\n|\n|t:|1698887201\n|move|p2a: Slurpuff|Endeavor|p1a: Solgaleo\n|-damage|p1a: Solgaleo|9\/100\n|move|p1a: Solgaleo|Earthquake|p2a: Slurpuff\n|-damage|p2a: Slurpuff|0 fnt\n|faint|p2a: Slurpuff\n|\n|-end|p1a: Solgaleo|move: Yawn|[silent]\n|-status|p1a: Solgaleo|slp\n|upkeep\n|\n|t:|1698887219\n|switch|p2a: Espathra|Espathra, F|100\/100\n|turn|5\n|\n|t:|1698887225\n|move|p2a: Espathra|Substitute|p2a: Espathra\n|-start|p2a: Espathra|Substitute\n|-damage|p2a: Espathra|76\/100\n|cant|p1a: Solgaleo|slp\n|\n|-heal|p2a: Espathra|82\/100|[from] item: Leftovers\n|-ability|p2a: Espathra|Speed Boost|boost\n|-boost|p2a: Espathra|spe|1\n|upkeep\n|turn|6\n|\n|t:|1698887235\n|move|p2a: Espathra|Calm Mind|p2a: Espathra\n|-boost|p2a: Espathra|spa|1\n|-boost|p2a: Espathra|spd|1\n|cant|p1a: Solgaleo|slp\n|\n|-heal|p2a: Espathra|88\/100|[from] item: Leftovers\n|-ability|p2a: Espathra|Speed Boost|boost\n|-boost|p2a: Espathra|spe|1\n|upkeep\n|turn|7\n|\n|t:|1698887246\n|move|p2a: Espathra|Calm Mind|p2a: Espathra\n|-boost|p2a: Espathra|spa|1\n|-boost|p2a: Espathra|spd|1\n|-curestatus|p1a: Solgaleo|slp|[msg]\n|move|p1a: Solgaleo|Morning Sun|p1a: Solgaleo\n|-heal|p1a: Solgaleo|59\/100\n|\n|-heal|p2a: Espathra|94\/100|[from] item: Leftovers\n|-ability|p2a: Espathra|Speed Boost|boost\n|-boost|p2a: Espathra|spe|1\n|upkeep\n|turn|8\n|\n|t:|1698887259\n|move|p2a: Espathra|Calm Mind|p2a: Espathra\n|-boost|p2a: Espathra|spa|1\n|-boost|p2a: Espathra|spd|1\n|move|p1a: Solgaleo|Morning Sun|p1a: Solgaleo\n|-heal|p1a: Solgaleo|100\/100\n|\n|-heal|p2a: Espathra|99\/100|[from] item: Leftovers\n|-ability|p2a: Espathra|Speed Boost|boost\n|-boost|p2a: Espathra|spe|1\n|upkeep\n|turn|9\n|\n|t:|1698887273\n|move|p2a: Espathra|Calm Mind|p2a: Espathra\n|-boost|p2a: Espathra|spa|1\n|-boost|p2a: Espathra|spd|1\n|move|p1a: Solgaleo|Close Combat|p2a: Espathra\n|-resisted|p2a: Espathra\n|-end|p2a: Espathra|Substitute\n|-unboost|p1a: Solgaleo|def|1\n|-unboost|p1a: Solgaleo|spd|1\n|\n|-heal|p2a: Espathra|100\/100|[from] item: Leftovers\n|-ability|p2a: Espathra|Speed Boost|boost\n|-boost|p2a: Espathra|spe|1\n|upkeep\n|turn|10\n|\n|t:|1698887297\n|move|p2a: Espathra|Substitute|p2a: Espathra\n|-start|p2a: Espathra|Substitute\n|-damage|p2a: Espathra|76\/100\n|move|p1a: Solgaleo|Close Combat|p2a: Espathra\n|-resisted|p2a: Espathra\n|-end|p2a: Espathra|Substitute\n|-unboost|p1a: Solgaleo|def|1\n|-unboost|p1a: Solgaleo|spd|1\n|\n|-heal|p2a: Espathra|82\/100|[from] item: Leftovers\n|-ability|p2a: Espathra|Speed Boost|boost\n|-boost|p2a: Espathra|spe|1\n|upkeep\n|turn|11\n|\n|t:|1698887312\n|move|p2a: Espathra|Stored Power|p1a: Solgaleo\n|-resisted|p1a: Solgaleo\n|-damage|p1a: Solgaleo|0 fnt\n|faint|p1a: Solgaleo\n|\n|-heal|p2a: Espathra|88\/100|[from] item: Leftovers\n|upkeep\n|\n|t:|1698887322\n|switch|p1a: Xerneas|Xerneas, shiny|100\/100\n|-activate|p1a: Xerneas|move: Sticky Web\n|-unboost|p1a: Xerneas|spe|1\n|-ability|p1a: Xerneas|Fairy Aura\n|turn|12\n|\n|t:|1698887344\n|move|p2a: Espathra|Substitute|p2a: Espathra\n|-start|p2a: Espathra|Substitute\n|-damage|p2a: Espathra|63\/100\n|-zpower|p1a: Xerneas\n|move|p1a: Xerneas|Twinkle Tackle|p2a: Espathra|[zeffect]\n|-end|p2a: Espathra|Substitute\n|\n|-heal|p2a: Espathra|69\/100|[from] item: Leftovers\n|upkeep\n|turn|13\n|\n|t:|1698887358\n|move|p2a: Espathra|Stored Power|p1a: Xerneas\n|-damage|p1a: Xerneas|0 fnt\n|faint|p1a: Xerneas\n|\n|-heal|p2a: Espathra|75\/100|[from] item: Leftovers\n|upkeep\n|\n|t:|1698887366\n|switch|p1a: Yveltal|Yveltal, shiny|100\/100\n|-ability|p1a: Yveltal|Dark Aura\n|turn|14\n|\n|t:|1698887376\n|move|p2a: Espathra|Substitute|p2a: Espathra\n|-start|p2a: Espathra|Substitute\n|-damage|p2a: Espathra|50\/100\n|move|p1a: Yveltal|Dark Pulse|p2a: Espathra\n|-supereffective|p2a: Espathra\n|-end|p2a: Espathra|Substitute\n|\n|-heal|p2a: Espathra|56\/100|[from] item: Leftovers\n|upkeep\n|turn|15\n|\n|t:|1698887385\n|move|p2a: Espathra|Flash Cannon|p1a: Yveltal\n|-damage|p1a: Yveltal|38\/100\n|move|p1a: Yveltal|Dark Pulse|p2a: Espathra\n|-supereffective|p2a: Espathra\n|-damage|p2a: Espathra|7\/100\n|\n|-heal|p2a: Espathra|13\/100|[from] item: Leftovers\n|upkeep\n|turn|16\n|\n|t:|1698887393\n|move|p2a: Espathra|Flash Cannon|p1a: Yveltal\n|-damage|p1a: Yveltal|0 fnt\n|faint|p1a: Yveltal\n|\n|-heal|p2a: Espathra|19\/100|[from] item: Leftovers\n|upkeep\n|c|\u2606loch2009|ah\n|\n|t:|1698887405\n|switch|p1a: Giratina|Giratina-Origin, shiny|100\/100\n|turn|17\n|\n|t:|1698887414\n|move|p2a: Espathra|Stored Power|p1a: Giratina\n|-damage|p1a: Giratina|0 fnt\n|faint|p1a: Giratina\n|\n|-heal|p2a: Espathra|25\/100|[from] item: Leftovers\n|upkeep\n|\n|t:|1698887422\n|switch|p1a: Kyogre|Kyogre, shiny|100\/100\n|-activate|p1a: Kyogre|move: Sticky Web\n|-unboost|p1a: Kyogre|spe|1\n|detailschange|p1a: Kyogre|Kyogre-Primal, shiny\n|-primal|p1a: Kyogre|Blue Orb\n|-weather|PrimordialSea|[from] ability: Primordial Sea|[of] p1a: Kyogre\n|turn|18\n|\n|t:|1698887432\n|move|p2a: Espathra|Stored Power|p1a: Kyogre\n|-damage|p1a: Kyogre|0 fnt\n|faint|p1a: Kyogre\n|-weather|none\n|\n|-heal|p2a: Espathra|31\/100|[from] item: Leftovers\n|upkeep\n|\n|t:|1698887440\n|switch|p1a: Groudon|Groudon, shiny|100\/100\n|-activate|p1a: Groudon|move: Sticky Web\n|-unboost|p1a: Groudon|spe|1\n|detailschange|p1a: Groudon|Groudon-Primal, shiny\n|-primal|p1a: Groudon|Red Orb\n|-weather|DesolateLand|[from] ability: Desolate Land|[of] p1a: Groudon\n|turn|19\n|\n|t:|1698887451\n|move|p2a: Espathra|Stored Power|p1a: Groudon\n|-damage|p1a: Groudon|0 fnt\n|faint|p1a: Groudon\n|-weather|none\n|\n|win|loch2009\n|raw|Pikachu x Ash 1ST's rating: 1084 &rarr; <strong>1065<\/strong><br \/>(-19 for losing)\n|raw|loch2009's rating: 1133 &rarr; <strong>1154<\/strong><br \/>(+21 for winning)\n|c|\u2606loch2009|gg\n","uploadtime":1698887458,"views":5,"p1id":"pikachuxash1st","p2id":"loch2009","formatid":"gen9nationaldexubers","rating":1065,"private":0,"password":""}