{"id":"gen9nationaldexubers-1994193024","p1":"MrTRB","p2":"rxjg9nduber","format":"[Gen 9] National Dex Ubers","log":"|j|\u2606MrTRB\n|j|\u2606rxjg9nduber\n|t:|1700417398\n|gametype|singles\n|player|p1|MrTRB|benga|1205\n|player|p2|rxjg9nduber|kimonogirl|1263\n|teamsize|p1|6\n|teamsize|p2|6\n|gen|9\n|tier|[Gen 9] National Dex Ubers\n|rated|\n|rule|HP Percentage Mod: HP is shown in percentages\n|rule|Endless Battle Clause: Forcing endless battles is banned\n|rule|OHKO Clause: OHKO moves are banned\n|rule|Evasion Moves Clause: Evasion moves are banned\n|rule|Evasion Items Clause: Evasion items are banned\n|rule|Species Clause: Limit one of each Pok\u00e9mon\n|rule|Sleep Clause Mod: Limit one foe put to sleep\n|rule|Mega Rayquaza Clause: You cannot mega evolve Rayquaza\n|clearpoke\n|poke|p1|Gholdengo|\n|poke|p1|Garganacl, F|\n|poke|p1|Glimmora, F|\n|poke|p1|Cyclizar, M|\n|poke|p1|Dipplin, M|\n|poke|p1|Volcarona, F|\n|poke|p2|Zacian-*|\n|poke|p2|Arceus|\n|poke|p2|Kingambit, M|\n|poke|p2|Rayquaza|\n|poke|p2|Corviknight, F|\n|poke|p2|Groudon|\n|teampreview\n|j| Parcly Taxel\n|inactive|Battle timer is ON: inactive players will automatically lose when time's up. (requested by rxjg9nduber)\n|c|\u2606MrTRB|I was wondering when id run int legendsry spam\n|\n|t:|1700417424\n|start\n|switch|p1a: Glimmora|Glimmora, F|100\/100\n|switch|p2a: Arceus|Arceus|100\/100\n|turn|1\n|\n|t:|1700417431\n|move|p2a: Arceus|Earthquake|p1a: Glimmora\n|-supereffective|p1a: Glimmora\n|-enditem|p1a: Glimmora|Focus Sash\n|-damage|p1a: Glimmora|1\/100\n|-activate|p1a: Glimmora|ability: Toxic Debris\n|-sidestart|p2: rxjg9nduber|move: Toxic Spikes\n|-damage|p2a: Arceus|91\/100|[from] item: Life Orb\n|move|p1a: Glimmora|Stealth Rock|p2a: Arceus\n|-sidestart|p2: rxjg9nduber|move: Stealth Rock\n|\n|upkeep\n|turn|2\n|\n|t:|1700417442\n|move|p2a: Arceus|Earthquake|p1a: Glimmora\n|-supereffective|p1a: Glimmora\n|-damage|p1a: Glimmora|0 fnt\n|-activate|p1a: Glimmora|ability: Toxic Debris\n|-sidestart|p2: rxjg9nduber|move: Toxic Spikes\n|faint|p1a: Glimmora\n|-damage|p2a: Arceus|81\/100|[from] item: Life Orb\n|\n|upkeep\n|\n|t:|1700417453\n|switch|p1a: Cyclizar|Cyclizar, M|100\/100\n|turn|3\n|\n|t:|1700417462\n|move|p2a: Arceus|Extreme Speed|p1a: Cyclizar\n|-damage|p1a: Cyclizar|27\/100\n|-enditem|p1a: Cyclizar|Sitrus Berry|[eat]\n|-heal|p1a: Cyclizar|52\/100|[from] item: Sitrus Berry\n|-damage|p2a: Arceus|71\/100|[from] item: Life Orb\n|move|p1a: Cyclizar|Shed Tail|p1a: Cyclizar\n|-start|p1a: Cyclizar|Substitute|[from] move: Shed Tail\n|-damage|p1a: Cyclizar|2\/100\n|\n|t:|1700417481\n|switch|p1a: Garganacl|Garganacl, F|100\/100|[from] Shed Tail\n|\n|upkeep\n|turn|4\n|\n|t:|1700417494\n|move|p2a: Arceus|Earthquake|p1a: Garganacl\n|-supereffective|p1a: Garganacl\n|-end|p1a: Garganacl|Substitute\n|-damage|p2a: Arceus|61\/100|[from] item: Life Orb\n|move|p1a: Garganacl|Iron Defense|p1a: Garganacl\n|-boost|p1a: Garganacl|def|2\n|\n|upkeep\n|turn|5\n|\n|t:|1700417503\n|move|p2a: Arceus|Swords Dance|p2a: Arceus\n|-boost|p2a: Arceus|atk|2\n|move|p1a: Garganacl|Iron Defense|p1a: Garganacl\n|-boost|p1a: Garganacl|def|2\n|\n|upkeep\n|turn|6\n|\n|t:|1700417510\n|move|p2a: Arceus|Earthquake|p1a: Garganacl\n|-supereffective|p1a: Garganacl\n|-damage|p1a: Garganacl|60\/100\n|-damage|p2a: Arceus|51\/100|[from] item: Life Orb\n|move|p1a: Garganacl|Body Press|p2a: Arceus\n|-supereffective|p2a: Arceus\n|-damage|p2a: Arceus|0 fnt\n|faint|p2a: Arceus\n|\n|-heal|p1a: Garganacl|66\/100|[from] item: Leftovers\n|upkeep\n|\n|t:|1700417523\n|switch|p2a: Zacian|Zacian-Crowned|100\/100\n|-damage|p2a: Zacian|94\/100|[from] Stealth Rock\n|-ability|p2a: Zacian|Intrepid Sword|boost\n|-boost|p2a: Zacian|atk|1\n|turn|7\n|\n|t:|1700417530\n|-terastallize|p1a: Garganacl|Water\n|move|p2a: Zacian|Swords Dance|p2a: Zacian\n|-boost|p2a: Zacian|atk|2\n|move|p1a: Garganacl|Salt Cure|p2a: Zacian\n|-resisted|p2a: Zacian\n|-damage|p2a: Zacian|88\/100\n|-start|p2a: Zacian|Salt Cure\n|\n|-heal|p1a: Garganacl|72\/100|[from] item: Leftovers\n|-damage|p2a: Zacian|63\/100|[from] Salt Cure\n|upkeep\n|turn|8\n|\n|t:|1700417546\n|-terastallize|p2a: Zacian|Electric\n|move|p2a: Zacian|Wild Charge|p1a: Garganacl\n|-supereffective|p1a: Garganacl\n|-damage|p1a: Garganacl|18\/100\n|-damage|p2a: Zacian|46\/100|[from] Recoil\n|move|p1a: Garganacl|Recover|p1a: Garganacl\n|-heal|p1a: Garganacl|68\/100\n|\n|-heal|p1a: Garganacl|75\/100|[from] item: Leftovers\n|-damage|p2a: Zacian|34\/100|[from] Salt Cure\n|upkeep\n|turn|9\n|\n|t:|1700417560\n|move|p2a: Zacian|Swords Dance|p2a: Zacian\n|-boost|p2a: Zacian|atk|2\n|move|p1a: Garganacl|Body Press|p2a: Zacian\n|-damage|p2a: Zacian|0 fnt\n|faint|p2a: Zacian\n|\n|-heal|p1a: Garganacl|81\/100|[from] item: Leftovers\n|upkeep\n|-message|rxjg9nduber forfeited.\n|\n|win|MrTRB\n|raw|MrTRB's rating: 1205 &rarr; <strong>1234<\/strong><br \/>(+29 for winning)\n|raw|rxjg9nduber's rating: 1263 &rarr; <strong>1234<\/strong><br \/>(-29 for losing)\n|l|\u2606rxjg9nduber\n","uploadtime":1700417573,"views":4,"p1id":"mrtrb","p2id":"rxjg9nduber","formatid":"gen9nationaldexubers","rating":1234,"private":0,"password":""}