{"id":"gen9nationaldexubers-1993320644","p1":"killgaldo","p2":"PvP VaZio","format":"[Gen 9] National Dex Ubers","log":"|j|\u2606killgaldo\n|j|\u2606PvP VaZio\n|t:|1700297704\n|gametype|singles\n|player|p1|killgaldo|lance|1201\n|player|p2|PvP VaZio|gambler|1307\n|teamsize|p1|6\n|teamsize|p2|6\n|gen|9\n|tier|[Gen 9] National Dex Ubers\n|rated|\n|rule|HP Percentage Mod: HP is shown in percentages\n|rule|Endless Battle Clause: Forcing endless battles is banned\n|rule|OHKO Clause: OHKO moves are banned\n|rule|Evasion Moves Clause: Evasion moves are banned\n|rule|Evasion Items Clause: Evasion items are banned\n|rule|Species Clause: Limit one of each Pok\u00e9mon\n|rule|Sleep Clause Mod: Limit one foe put to sleep\n|rule|Mega Rayquaza Clause: You cannot mega evolve Rayquaza\n|clearpoke\n|poke|p1|Porygon-Z|\n|poke|p1|Darmanitan-Galar, M|\n|poke|p1|Zacian-*|\n|poke|p1|Mewtwo|\n|poke|p1|Zamazenta-*|\n|poke|p1|Flutter Mane|\n|poke|p2|Solgaleo|\n|poke|p2|Ursaluna, M|\n|poke|p2|Magearna|\n|poke|p2|Calyrex-Ice|\n|poke|p2|Reshiram|\n|poke|p2|Necrozma-Dawn-Wings|\n|teampreview\n|inactive|Battle timer is ON: inactive players will automatically lose when time's up. (requested by PvP VaZio)\n|\n|t:|1700297708\n|start\n|switch|p1a: Darmanitan|Darmanitan-Galar, M|100\/100\n|switch|p2a: Solgaleo|Solgaleo, shiny|100\/100\n|turn|1\n|\n|t:|1700297736\n|move|p1a: Darmanitan|Flare Blitz|p2a: Solgaleo\n|-supereffective|p2a: Solgaleo\n|-damage|p2a: Solgaleo|38\/100\n|-status|p2a: Solgaleo|brn\n|-damage|p1a: Darmanitan|73\/100|[from] Recoil\n|move|p2a: Solgaleo|Trick Room|p2a: Solgaleo\n|-fieldstart|move: Trick Room|[of] p2a: Solgaleo\n|\n|-heal|p2a: Solgaleo|44\/100 brn|[from] item: Leftovers\n|-damage|p2a: Solgaleo|38\/100 brn|[from] brn\n|upkeep\n|turn|2\n|\n|t:|1700297746\n|-terastallize|p2a: Solgaleo|Water\n|move|p1a: Darmanitan|Flare Blitz|p2a: Solgaleo\n|-resisted|p2a: Solgaleo\n|-damage|p2a: Solgaleo|22\/100 brn\n|-damage|p1a: Darmanitan|65\/100|[from] Recoil\n|move|p2a: Solgaleo|Teleport|p2a: Solgaleo\n|\n|t:|1700297753\n|switch|p2a: Ursaluna|Ursaluna, M|100\/100|[from] Teleport\n|\n|-status|p2a: Ursaluna|brn|[from] item: Flame Orb\n|upkeep\n|turn|3\n|\n|t:|1700297758\n|move|p2a: Ursaluna|Headlong Rush|p1a: Darmanitan\n|-damage|p1a: Darmanitan|0 fnt\n|-unboost|p2a: Ursaluna|def|1\n|-unboost|p2a: Ursaluna|spd|1\n|faint|p1a: Darmanitan\n|\n|-damage|p2a: Ursaluna|94\/100 brn|[from] brn\n|upkeep\n|\n|t:|1700297780\n|switch|p1a: Zamazenta|Zamazenta-Crowned|100\/100\n|-ability|p1a: Zamazenta|Dauntless Shield|boost\n|-boost|p1a: Zamazenta|def|1\n|turn|4\n|\n|t:|1700297788\n|-terastallize|p1a: Zamazenta|Fighting\n|move|p2a: Ursaluna|Curse|p2a: Ursaluna\n|-unboost|p2a: Ursaluna|spe|1\n|-boost|p2a: Ursaluna|atk|1\n|-boost|p2a: Ursaluna|def|1\n|move|p1a: Zamazenta|Body Press|p2a: Ursaluna\n|-supereffective|p2a: Ursaluna\n|-damage|p2a: Ursaluna|0 fnt\n|faint|p2a: Ursaluna\n|\n|upkeep\n|\n|t:|1700297801\n|switch|p2a: Necrozma|Necrozma-Dawn-Wings, shiny|100\/100\n|turn|5\n|\n|t:|1700297813\n|move|p2a: Necrozma|Moongeist Beam|p1a: Zamazenta\n|-damage|p1a: Zamazenta|49\/100\n|move|p1a: Zamazenta|Crunch|p2a: Necrozma\n|-supereffective|p2a: Necrozma\n|-damage|p2a: Necrozma|36\/100\n|\n|-heal|p2a: Necrozma|42\/100|[from] item: Leftovers\n|-fieldend|move: Trick Room\n|upkeep\n|turn|6\n|\n|t:|1700297823\n|move|p1a: Zamazenta|Crunch|p2a: Necrozma\n|-supereffective|p2a: Necrozma\n|-damage|p2a: Necrozma|0 fnt\n|faint|p2a: Necrozma\n|\n|upkeep\n|\n|t:|1700297829\n|switch|p2a: Solgaleo|Solgaleo, shiny, tera:Water|22\/100 brn\n|turn|7\n|\n|t:|1700297836\n|move|p1a: Zamazenta|Body Press|p2a: Solgaleo\n|-damage|p2a: Solgaleo|0 fnt\n|faint|p2a: Solgaleo\n|\n|upkeep\n|\n|t:|1700297840\n|switch|p2a: Magearna|Magearna|100\/100\n|turn|8\n|\n|t:|1700297845\n|move|p1a: Zamazenta|Body Press|p2a: Magearna\n|-damage|p2a: Magearna|42\/100\n|move|p2a: Magearna|Trick Room|p2a: Magearna\n|-fieldstart|move: Trick Room|[of] p2a: Magearna\n|\n|-heal|p2a: Magearna|48\/100|[from] item: Leftovers\n|upkeep\n|turn|9\n|\n|t:|1700297851\n|move|p2a: Magearna|Fleur Cannon|p1a: Zamazenta\n|-supereffective|p1a: Zamazenta\n|-damage|p1a: Zamazenta|0 fnt\n|-unboost|p2a: Magearna|spa|2\n|faint|p1a: Zamazenta\n|-ability|p2a: Magearna|Soul-Heart|boost\n|-boost|p2a: Magearna|spa|1\n|\n|-heal|p2a: Magearna|54\/100|[from] item: Leftovers\n|upkeep\n|\n|t:|1700297858\n|switch|p1a: Zacian|Zacian-Crowned|100\/100\n|-ability|p1a: Zacian|Intrepid Sword|boost\n|-boost|p1a: Zacian|atk|1\n|turn|10\n|\n|t:|1700297863\n|move|p2a: Magearna|Focus Blast|p1a: Zacian\n|-damage|p1a: Zacian|74\/100\n|move|p1a: Zacian|Behemoth Blade|p2a: Magearna\n|-damage|p2a: Magearna|0 fnt\n|faint|p2a: Magearna\n|\n|upkeep\n|\n|t:|1700297870\n|switch|p2a: Reshiram|Reshiram|100\/100\n|-ability|p2a: Reshiram|Turboblaze\n|turn|11\n|\n|t:|1700297877\n|move|p2a: Reshiram|Blue Flare|p1a: Zacian\n|-supereffective|p1a: Zacian\n|-damage|p1a: Zacian|0 fnt\n|faint|p1a: Zacian\n|-damage|p2a: Reshiram|91\/100|[from] item: Life Orb\n|\n|upkeep\n|\n|t:|1700297884\n|switch|p1a: Flutter Mane|Flutter Mane|100\/100\n|-enditem|p1a: Flutter Mane|Booster Energy\n|-activate|p1a: Flutter Mane|ability: Protosynthesis|[fromitem]\n|-start|p1a: Flutter Mane|protosynthesisspe\n|turn|12\n|\n|t:|1700297894\n|move|p2a: Reshiram|Draco Meteor|p1a: Flutter Mane\n|-immune|p1a: Flutter Mane\n|move|p1a: Flutter Mane|Moonblast|p2a: Reshiram\n|-damage|p2a: Reshiram|56\/100\n|-unboost|p2a: Reshiram|spa|1\n|\n|-fieldend|move: Trick Room\n|upkeep\n|turn|13\n|\n|t:|1700297904\n|move|p1a: Flutter Mane|Moonblast|p2a: Reshiram\n|-damage|p2a: Reshiram|18\/100\n|move|p2a: Reshiram|Earth Power|p1a: Flutter Mane\n|-damage|p1a: Flutter Mane|65\/100\n|-damage|p2a: Reshiram|8\/100|[from] item: Life Orb\n|\n|upkeep\n|turn|14\n|\n|t:|1700297910\n|move|p1a: Flutter Mane|Calm Mind|p1a: Flutter Mane\n|-boost|p1a: Flutter Mane|spa|1\n|-boost|p1a: Flutter Mane|spd|1\n|move|p2a: Reshiram|Blue Flare|p1a: Flutter Mane\n|-damage|p1a: Flutter Mane|14\/100\n|-damage|p2a: Reshiram|0 fnt|[from] item: Life Orb\n|faint|p2a: Reshiram\n|\n|upkeep\n|\n|t:|1700297916\n|switch|p2a: Calyrex|Calyrex-Ice|100\/100\n|-ability|p2a: Calyrex|As One\n|-ability|p2a: Calyrex|Unnerve\n|turn|15\n|\n|t:|1700297921\n|move|p1a: Flutter Mane|Shadow Ball|p2a: Calyrex\n|-supereffective|p2a: Calyrex\n|-damage|p2a: Calyrex|8\/100\n|move|p2a: Calyrex|Trick Room|p2a: Calyrex\n|-fieldstart|move: Trick Room|[of] p2a: Calyrex\n|\n|upkeep\n|turn|16\n|\n|t:|1700297930\n|move|p2a: Calyrex|Glacial Lance|p1a: Flutter Mane\n|-damage|p1a: Flutter Mane|0 fnt\n|faint|p1a: Flutter Mane\n|-end|p1a: Flutter Mane|Protosynthesis|[silent]\n|-ability|p2a: Calyrex|Chilling Neigh|boost\n|-boost|p2a: Calyrex|atk|1\n|\n|upkeep\n|\n|t:|1700297934\n|switch|p1a: Porygon-Z|Porygon-Z|100\/100\n|turn|17\n|\n|t:|1700297937\n|move|p2a: Calyrex|Close Combat|p1a: Porygon-Z\n|-supereffective|p1a: Porygon-Z\n|-damage|p1a: Porygon-Z|0 fnt\n|-unboost|p2a: Calyrex|def|1\n|-unboost|p2a: Calyrex|spd|1\n|faint|p1a: Porygon-Z\n|-ability|p2a: Calyrex|Chilling Neigh|boost\n|-boost|p2a: Calyrex|atk|1\n|\n|upkeep\n|\n|t:|1700297940\n|switch|p1a: Mewtwo|Mewtwo|100\/100\n|-ability|p1a: Mewtwo|Pressure\n|turn|18\n|\n|t:|1700297944\n|detailschange|p1a: Mewtwo|Mewtwo-Mega-Y\n|-mega|p1a: Mewtwo|Mewtwo|Mewtwonite Y\n|move|p2a: Calyrex|Glacial Lance|p1a: Mewtwo\n|-damage|p1a: Mewtwo|0 fnt\n|faint|p1a: Mewtwo\n|\n|win|PvP VaZio\n|raw|killgaldo's rating: 1201 &rarr; <strong>1183<\/strong><br \/>(-18 for losing)\n|raw|PvP VaZio's rating: 1307 &rarr; <strong>1321<\/strong><br \/>(+14 for winning)\n|l|\u2606killgaldo\n","uploadtime":1700297958,"views":6,"p1id":"killgaldo","p2id":"pvpvazio","formatid":"gen9nationaldexubers","rating":1183,"private":0,"password":""}