{"id":"gen9nationaldexubers-1978133344","p1":"AinKalica","p2":"Bow2urKing","format":"[Gen 9] National Dex Ubers","log":"|j|\u2606AinKalica\n|j|\u2606Bow2urKing\n|t:|1698503475\n|gametype|singles\n|player|p1|AinKalica|silver|1000\n|player|p2|Bow2urKing|ghetsis-gen5bw|1068\n|teamsize|p1|6\n|teamsize|p2|6\n|gen|9\n|tier|[Gen 9] National Dex Ubers\n|rated|\n|rule|HP Percentage Mod: HP is shown in percentages\n|rule|Endless Battle Clause: Forcing endless battles is banned\n|rule|OHKO Clause: OHKO moves are banned\n|rule|Evasion Moves Clause: Evasion moves are banned\n|rule|Evasion Items Clause: Evasion items are banned\n|rule|Species Clause: Limit one of each Pok\u00e9mon\n|rule|Sleep Clause Mod: Limit one foe put to sleep\n|rule|Mega Rayquaza Clause: You cannot mega evolve Rayquaza\n|clearpoke\n|poke|p1|Garchomp, M|\n|poke|p1|Grimmsnarl, M|\n|poke|p1|Rotom-Wash|\n|poke|p1|Dragapult, M|\n|poke|p1|Lucario, M|\n|poke|p1|Charizard, M|\n|poke|p2|Grimmsnarl, M|\n|poke|p2|Clodsire, F|\n|poke|p2|Politoed, M|\n|poke|p2|Shiftry, M|\n|poke|p2|Blastoise, M|\n|poke|p2|Incineroar, M|\n|teampreview\n|inactive|Battle timer is ON: inactive players will automatically lose when time's up. (requested by AinKalica)\n|\n|t:|1698503481\n|start\n|switch|p1a: Grimmsnarl|Grimmsnarl, M|100\/100\n|switch|p2a: Grimmsnarl|Grimmsnarl, M|100\/100\n|turn|1\n|\n|t:|1698503490\n|move|p2a: Grimmsnarl|Reflect|p2a: Grimmsnarl\n|-sidestart|p2: Bow2urKing|Reflect\n|move|p1a: Grimmsnarl|Taunt|p2a: Grimmsnarl\n|-hint|Since gen 7, Dark is immune to Prankster moves.\n|-immune|p2a: Grimmsnarl\n|\n|upkeep\n|turn|2\n|\n|t:|1698503507\n|move|p1a: Grimmsnarl|Reflect|p1a: Grimmsnarl\n|-sidestart|p1: AinKalica|Reflect\n|move|p2a: Grimmsnarl|Light Screen|p2a: Grimmsnarl\n|-sidestart|p2: Bow2urKing|move: Light Screen\n|\n|upkeep\n|turn|3\n|\n|t:|1698503516\n|move|p1a: Grimmsnarl|Light Screen|p1a: Grimmsnarl\n|-sidestart|p1: AinKalica|move: Light Screen\n|move|p2a: Grimmsnarl|Parting Shot|p1a: Grimmsnarl\n|-hint|Since gen 7, Dark is immune to Prankster moves.\n|-immune|p1a: Grimmsnarl\n|\n|upkeep\n|turn|4\n|\n|t:|1698503526\n|switch|p2a: Clodsire|Clodsire, F|100\/100\n|switch|p1a: Garchomp|Garchomp, M|100\/100\n|\n|upkeep\n|turn|5\n|\n|t:|1698503534\n|move|p1a: Garchomp|Stealth Rock|p2a: Clodsire\n|-sidestart|p2: Bow2urKing|move: Stealth Rock\n|move|p2a: Clodsire|Stealth Rock|p1a: Garchomp\n|-sidestart|p1: AinKalica|move: Stealth Rock\n|\n|upkeep\n|turn|6\n|\n|t:|1698503544\n|move|p1a: Garchomp|Earthquake|p2a: Clodsire\n|-supereffective|p2a: Clodsire\n|-crit|p2a: Clodsire\n|-damage|p2a: Clodsire|0 fnt\n|faint|p2a: Clodsire\n|\n|upkeep\n|\n|t:|1698503550\n|switch|p2a: Grimmsnarl|Grimmsnarl, M|100\/100\n|-damage|p2a: Grimmsnarl|88\/100|[from] Stealth Rock\n|turn|7\n|\n|t:|1698503555\n|move|p2a: Grimmsnarl|Parting Shot|p1a: Garchomp\n|-unboost|p1a: Garchomp|atk|1\n|-unboost|p1a: Garchomp|spa|1\n|\n|t:|1698503558\n|switch|p2a: Blastoise|Blastoise, M|100\/100|[from] Parting Shot\n|-damage|p2a: Blastoise|88\/100|[from] Stealth Rock\n|move|p1a: Garchomp|Toxic|p2a: Blastoise\n|-status|p2a: Blastoise|tox\n|\n|-damage|p2a: Blastoise|82\/100 tox|[from] psn\n|upkeep\n|turn|8\n|\n|t:|1698503572\n|detailschange|p2a: Blastoise|Blastoise-Mega, M\n|-mega|p2a: Blastoise|Blastoise|Blastoisinite\n|move|p2a: Blastoise|Rapid Spin|p1a: Garchomp\n|-damage|p1a: Garchomp|96\/100\n|-boost|p2a: Blastoise|spe|1\n|-damage|p2a: Blastoise|70\/100 tox|[from] ability: Rough Skin|[of] p1a: Garchomp\n|-damage|p2a: Blastoise|53\/100 tox|[from] item: Rocky Helmet|[of] p1a: Garchomp\n|-sideend|p2: Bow2urKing|Stealth Rock|[from] move: Rapid Spin|[of] p2a: Blastoise\n|move|p1a: Garchomp|Dragon Tail|p2a: Blastoise\n|-damage|p2a: Blastoise|46\/100 tox\n|drag|p2a: Incineroar|Incineroar, M, shiny|100\/100\n|-ability|p2a: Incineroar|Intimidate|boost\n|-unboost|p1a: Garchomp|atk|1\n|\n|-sideend|p2: Bow2urKing|Reflect\n|upkeep\n|turn|9\n|\n|t:|1698503590\n|switch|p1a: Charizard|Charizard, M|100\/100\n|-damage|p1a: Charizard|51\/100|[from] Stealth Rock\n|move|p2a: Incineroar|Darkest Lariat|p1a: Charizard\n|-damage|p1a: Charizard|21\/100\n|\n|-sideend|p1: AinKalica|Reflect\n|-sideend|p2: Bow2urKing|move: Light Screen\n|upkeep\n|turn|10\n|\n|t:|1698503600\n|detailschange|p1a: Charizard|Charizard-Mega-X, M\n|-mega|p1a: Charizard|Charizard|Charizardite X\n|move|p2a: Incineroar|Darkest Lariat|p1a: Charizard\n|-damage|p1a: Charizard|0 fnt\n|faint|p1a: Charizard\n|\n|-sideend|p1: AinKalica|move: Light Screen\n|upkeep\n|\n|t:|1698503610\n|switch|p1a: Grimmsnarl|Grimmsnarl, M|100\/100\n|-damage|p1a: Grimmsnarl|88\/100|[from] Stealth Rock\n|turn|11\n|\n|t:|1698503617\n|switch|p2a: Grimmsnarl|Grimmsnarl, M|88\/100\n|move|p1a: Grimmsnarl|Reflect|p1a: Grimmsnarl\n|-sidestart|p1: AinKalica|Reflect\n|\n|upkeep\n|turn|12\n|\n|t:|1698503624\n|move|p1a: Grimmsnarl|Light Screen|p1a: Grimmsnarl\n|-sidestart|p1: AinKalica|move: Light Screen\n|move|p2a: Grimmsnarl|Reflect|p2a: Grimmsnarl\n|-sidestart|p2: Bow2urKing|Reflect\n|\n|upkeep\n|turn|13\n|\n|t:|1698503633\n|switch|p1a: Garchomp|Garchomp, M|96\/100\n|-damage|p1a: Garchomp|90\/100|[from] Stealth Rock\n|move|p2a: Grimmsnarl|Light Screen|p2a: Grimmsnarl\n|-sidestart|p2: Bow2urKing|move: Light Screen\n|\n|upkeep\n|turn|14\n|\n|t:|1698503641\n|move|p1a: Garchomp|Stealth Rock|p2a: Grimmsnarl\n|-sidestart|p2: Bow2urKing|move: Stealth Rock\n|move|p2a: Grimmsnarl|Play Rough|p1a: Garchomp\n|-supereffective|p1a: Garchomp\n|-damage|p1a: Garchomp|66\/100\n|-damage|p2a: Grimmsnarl|76\/100|[from] ability: Rough Skin|[of] p1a: Garchomp\n|-damage|p2a: Grimmsnarl|59\/100|[from] item: Rocky Helmet|[of] p1a: Garchomp\n|\n|upkeep\n|turn|15\n|\n|t:|1698503651\n|move|p2a: Grimmsnarl|Parting Shot|p1a: Garchomp\n|-unboost|p1a: Garchomp|atk|1\n|-unboost|p1a: Garchomp|spa|1\n|\n|t:|1698503664\n|switch|p2a: Blastoise|Blastoise-Mega, M|46\/100 tox|[from] Parting Shot\n|-damage|p2a: Blastoise|33\/100 tox|[from] Stealth Rock\n|move|p1a: Garchomp|Toxic|p2a: Blastoise|[miss]\n|-miss|p1a: Garchomp|p2a: Blastoise\n|\n|-damage|p2a: Blastoise|27\/100 tox|[from] psn\n|upkeep\n|turn|16\n|\n|t:|1698503675\n|move|p1a: Garchomp|Earthquake|p2a: Blastoise\n|-damage|p2a: Blastoise|15\/100 tox\n|move|p2a: Blastoise|Rapid Spin|p1a: Garchomp\n|-damage|p1a: Garchomp|62\/100\n|-boost|p2a: Blastoise|spe|1\n|-damage|p2a: Blastoise|2\/100 tox|[from] ability: Rough Skin|[of] p1a: Garchomp\n|-damage|p2a: Blastoise|0 fnt|[from] item: Rocky Helmet|[of] p1a: Garchomp\n|faint|p2a: Blastoise\n|\n|upkeep\n|\n|t:|1698503692\n|switch|p2a: Shiftry|Shiftry, M|100\/100\n|-damage|p2a: Shiftry|88\/100|[from] Stealth Rock\n|turn|17\n|\n|t:|1698503697\n|move|p2a: Shiftry|Tailwind|p2a: Shiftry\n|-sidestart|p2: Bow2urKing|move: Tailwind\n|-ability|p2a: Shiftry|Wind Rider|boost\n|-boost|p2a: Shiftry|atk|1\n|move|p1a: Garchomp|Dragon Tail|p2a: Shiftry|[miss]\n|-miss|p1a: Garchomp|p2a: Shiftry\n|\n|upkeep\n|turn|18\n|\n|t:|1698503708\n|-terastallize|p2a: Shiftry|Grass\n|move|p2a: Shiftry|Leaf Blade|p1a: Garchomp\n|-damage|p1a: Garchomp|27\/100\n|-damage|p2a: Shiftry|76\/100|[from] ability: Rough Skin|[of] p1a: Garchomp\n|-damage|p2a: Shiftry|59\/100|[from] item: Rocky Helmet|[of] p1a: Garchomp\n|-damage|p2a: Shiftry|49\/100|[from] item: Life Orb\n|move|p1a: Garchomp|Toxic|p2a: Shiftry\n|-status|p2a: Shiftry|tox\n|\n|-damage|p2a: Shiftry|43\/100 tox|[from] psn\n|-sideend|p1: AinKalica|Reflect\n|upkeep\n|turn|19\n|\n|t:|1698503727\n|move|p2a: Shiftry|Leaf Blade|p1a: Garchomp\n|-damage|p1a: Garchomp|0 fnt\n|-damage|p2a: Shiftry|30\/100 tox|[from] ability: Rough Skin|[of] p1a: Garchomp\n|-damage|p2a: Shiftry|14\/100 tox|[from] item: Rocky Helmet|[of] p1a: Garchomp\n|faint|p1a: Garchomp\n|-damage|p2a: Shiftry|4\/100 tox|[from] item: Life Orb\n|\n|-damage|p2a: Shiftry|0 fnt|[from] psn\n|faint|p2a: Shiftry\n|-sideend|p2: Bow2urKing|Reflect\n|-sideend|p1: AinKalica|move: Light Screen\n|upkeep\n|\n|t:|1698503743\n|switch|p1a: Dragapult|Dragapult, M|100\/100\n|switch|p2a: Grimmsnarl|Grimmsnarl, M|59\/100\n|-damage|p1a: Dragapult|88\/100|[from] Stealth Rock\n|-damage|p2a: Grimmsnarl|47\/100|[from] Stealth Rock\n|turn|20\n|\n|t:|1698503753\n|-terastallize|p1a: Dragapult|Dragon\n|move|p2a: Grimmsnarl|Reflect|p2a: Grimmsnarl\n|-sidestart|p2: Bow2urKing|Reflect\n|move|p1a: Dragapult|Draco Meteor|p2a: Grimmsnarl\n|-immune|p2a: Grimmsnarl\n|\n|-sideend|p2: Bow2urKing|move: Light Screen\n|-sideend|p2: Bow2urKing|move: Tailwind\n|upkeep\n|turn|21\n|\n|t:|1698503762\n|switch|p1a: Rotom|Rotom-Wash|100\/100\n|-damage|p1a: Rotom|88\/100|[from] Stealth Rock\n|move|p2a: Grimmsnarl|Light Screen|p2a: Grimmsnarl\n|-sidestart|p2: Bow2urKing|move: Light Screen\n|\n|-heal|p1a: Rotom|94\/100|[from] item: Leftovers\n|upkeep\n|turn|22\n|\n|t:|1698503770\n|move|p2a: Grimmsnarl|Parting Shot|p1a: Rotom\n|-unboost|p1a: Rotom|atk|1\n|-unboost|p1a: Rotom|spa|1\n|\n|t:|1698503775\n|switch|p2a: Politoed|Politoed, M|100\/100|[from] Parting Shot\n|-damage|p2a: Politoed|88\/100|[from] Stealth Rock\n|-weather|RainDance|[from] ability: Drizzle|[of] p2a: Politoed\n|move|p1a: Rotom|Will-O-Wisp|p2a: Politoed\n|-status|p2a: Politoed|brn\n|\n|-weather|RainDance|[upkeep]\n|-heal|p1a: Rotom|99\/100|[from] item: Leftovers\n|-damage|p2a: Politoed|82\/100 brn|[from] brn\n|upkeep\n|turn|23\n|\n|t:|1698503793\n|move|p1a: Rotom|Volt Switch|p2a: Politoed\n|-supereffective|p2a: Politoed\n|-damage|p2a: Politoed|69\/100 brn\n|\n|t:|1698503798\n|switch|p1a: Lucario|Lucario, M|100\/100|[from] Volt Switch\n|-damage|p1a: Lucario|98\/100|[from] Stealth Rock\n|move|p2a: Politoed|Weather Ball|p1a: Lucario\n|-damage|p1a: Lucario|0 fnt\n|faint|p1a: Lucario\n|\n|-weather|RainDance|[upkeep]\n|-damage|p2a: Politoed|63\/100 brn|[from] brn\n|upkeep\n|\n|t:|1698503803\n|switch|p1a: Dragapult|Dragapult, M, tera:Dragon|88\/100\n|-damage|p1a: Dragapult|76\/100|[from] Stealth Rock\n|turn|24\n|\n|t:|1698503814\n|move|p1a: Dragapult|U-turn|p2a: Politoed\n|-damage|p2a: Politoed|42\/100 brn\n|\n|t:|1698503817\n|switch|p1a: Grimmsnarl|Grimmsnarl, M|88\/100|[from] U-turn\n|-damage|p1a: Grimmsnarl|76\/100|[from] Stealth Rock\n|move|p2a: Politoed|Ice Beam|p1a: Grimmsnarl\n|-damage|p1a: Grimmsnarl|56\/100\n|\n|-weather|RainDance|[upkeep]\n|-damage|p2a: Politoed|36\/100 brn|[from] brn\n|upkeep\n|turn|25\n|\n|t:|1698503828\n|move|p1a: Grimmsnarl|Light Screen|p1a: Grimmsnarl\n|-sidestart|p1: AinKalica|move: Light Screen\n|move|p2a: Politoed|Weather Ball|p1a: Grimmsnarl\n|-damage|p1a: Grimmsnarl|29\/100\n|\n|-weather|RainDance|[upkeep]\n|-damage|p2a: Politoed|30\/100 brn|[from] brn\n|upkeep\n|turn|26\n|\n|t:|1698503837\n|move|p1a: Grimmsnarl|Reflect|p1a: Grimmsnarl\n|-sidestart|p1: AinKalica|Reflect\n|move|p2a: Politoed|Weather Ball|p1a: Grimmsnarl\n|-damage|p1a: Grimmsnarl|4\/100\n|\n|-weather|RainDance|[upkeep]\n|-damage|p2a: Politoed|24\/100 brn|[from] brn\n|upkeep\n|turn|27\n|\n|t:|1698503854\n|move|p2a: Politoed|Perish Song|p2a: Politoed\n|-start|p1a: Grimmsnarl|perish3|[silent]\n|-start|p2a: Politoed|perish3|[silent]\n|-fieldactivate|move: Perish Song\n|move|p1a: Grimmsnarl|Spirit Break|p2a: Politoed\n|-damage|p2a: Politoed|6\/100 brn\n|-unboost|p2a: Politoed|spa|1\n|\n|-weather|RainDance|[upkeep]\n|-damage|p2a: Politoed|0 fnt|[from] brn\n|faint|p2a: Politoed\n|-start|p1a: Grimmsnarl|perish3\n|-sideend|p2: Bow2urKing|Reflect\n|upkeep\n|\n|t:|1698503867\n|switch|p2a: Grimmsnarl|Grimmsnarl, M|47\/100\n|-damage|p2a: Grimmsnarl|34\/100|[from] Stealth Rock\n|turn|28\n|\n|t:|1698503874\n|move|p2a: Grimmsnarl|Reflect|p2a: Grimmsnarl\n|-sidestart|p2: Bow2urKing|Reflect\n|move|p1a: Grimmsnarl|Spirit Break|p2a: Grimmsnarl\n|-supereffective|p2a: Grimmsnarl\n|-damage|p2a: Grimmsnarl|0 fnt\n|faint|p2a: Grimmsnarl\n|\n|-weather|RainDance|[upkeep]\n|-start|p1a: Grimmsnarl|perish2\n|-sideend|p2: Bow2urKing|move: Light Screen\n|upkeep\n|\n|t:|1698503885\n|switch|p2a: Incineroar|Incineroar, M, shiny|100\/100\n|-damage|p2a: Incineroar|76\/100|[from] Stealth Rock\n|-ability|p2a: Incineroar|Intimidate|boost\n|-unboost|p1a: Grimmsnarl|atk|1\n|turn|29\n|\n|t:|1698503894\n|move|p2a: Incineroar|Darkest Lariat|p1a: Grimmsnarl\n|-resisted|p1a: Grimmsnarl\n|-damage|p1a: Grimmsnarl|0 fnt\n|faint|p1a: Grimmsnarl\n|\n|-weather|none\n|upkeep\n|\n|t:|1698503901\n|switch|p1a: Rotom|Rotom-Wash|99\/100\n|-damage|p1a: Rotom|88\/100|[from] Stealth Rock\n|turn|30\n|\n|t:|1698503906\n|move|p2a: Incineroar|Darkest Lariat|p1a: Rotom\n|-damage|p1a: Rotom|72\/100\n|move|p1a: Rotom|Hydro Pump|p2a: Incineroar\n|-supereffective|p2a: Incineroar\n|-crit|p2a: Incineroar\n|-damage|p2a: Incineroar|0 fnt\n|faint|p2a: Incineroar\n|\n|win|AinKalica\n|raw|AinKalica's rating: 1000 &rarr; <strong>1048<\/strong><br \/>(+48 for winning)\n|raw|Bow2urKing's rating: 1068 &rarr; <strong>1044<\/strong><br \/>(-24 for losing)\n","uploadtime":1698503918,"views":8,"p1id":"ainkalica","p2id":"bow2urking","formatid":"gen9nationaldexubers","rating":1044,"private":0,"password":""}