{"id":"gen9nationaldexubers-1977869747","p1":"Scampton","p2":"Egg O War","format":"[Gen 9] National Dex Ubers","log":"|j|\u2606Scampton\n|j|\u2606Egg O War\n|t:|1698459733\n|gametype|singles\n|player|p1|Scampton|clown|\n|player|p2|Egg O War|drayden|\n|teamsize|p1|6\n|teamsize|p2|6\n|gen|9\n|tier|[Gen 9] National Dex Ubers\n|rule|HP Percentage Mod: HP is shown in percentages\n|rule|Endless Battle Clause: Forcing endless battles is banned\n|rule|OHKO Clause: OHKO moves are banned\n|rule|Evasion Moves Clause: Evasion moves are banned\n|rule|Evasion Items Clause: Evasion items are banned\n|rule|Species Clause: Limit one of each Pok\u00e9mon\n|rule|Sleep Clause Mod: Limit one foe put to sleep\n|rule|Mega Rayquaza Clause: You cannot mega evolve Rayquaza\n|clearpoke\n|poke|p1|Groudon|\n|poke|p1|Walking Wake|\n|poke|p1|Politoed, F|\n|poke|p1|Palafin, M|\n|poke|p1|Duraludon, F|\n|poke|p1|Alomomola, M|\n|poke|p2|Slowbro-Galar, F|\n|poke|p2|Grimmsnarl, M|\n|poke|p2|Ursaluna, M|\n|poke|p2|Enamorus-Therian, F|\n|poke|p2|Iron Hands|\n|poke|p2|Kingambit, F|\n|teampreview\n|\n|t:|1698459761\n|start\n|switch|p1a: Politoed|Politoed, F|100\/100\n|switch|p2a: Guldo|Grimmsnarl, M|100\/100\n|-weather|RainDance|[from] ability: Drizzle|[of] p1a: Politoed\n|turn|1\n|\n|t:|1698459769\n|move|p2a: Guldo|Light Screen|p2a: Guldo\n|-sidestart|p2: Egg O War|move: Light Screen\n|move|p1a: Politoed|Toxic|p2a: Guldo\n|-status|p2a: Guldo|tox\n|\n|-weather|RainDance|[upkeep]\n|-damage|p2a: Guldo|94\/100 tox|[from] psn\n|upkeep\n|turn|2\n|\n|t:|1698459775\n|switch|p1a: Palafin|Palafin, M|100\/100\n|move|p2a: Guldo|Reflect|p2a: Guldo\n|-sidestart|p2: Egg O War|Reflect\n|\n|-weather|RainDance|[upkeep]\n|-damage|p2a: Guldo|82\/100 tox|[from] psn\n|upkeep\n|turn|3\n|\n|t:|1698459784\n|detailschange|p1a: Palafin|Palafin-Hero, M\n|switch|p1a: Walking Wake|Walking Wake|100\/100\n|move|p2a: Guldo|Parting Shot|p1a: Walking Wake\n|-unboost|p1a: Walking Wake|atk|1\n|-unboost|p1a: Walking Wake|spa|1\n|\n|t:|1698459796\n|switch|p2a: Jeice|Enamorus-Therian, F|100\/100|[from] Parting Shot\n|\n|-weather|RainDance|[upkeep]\n|upkeep\n|turn|4\n|\n|t:|1698459804\n|-end|p1a: Walking Wake|Protosynthesis|[silent]\n|switch|p1a: Detective|Duraludon, F|100\/100\n|move|p2a: Jeice|Calm Mind|p2a: Jeice\n|-boost|p2a: Jeice|spa|1\n|-boost|p2a: Jeice|spd|1\n|\n|-weather|RainDance|[upkeep]\n|upkeep\n|turn|5\n|-activate|p1a: Detective|item: Quick Claw\n|-activate|p2a: Jeice|item: Quick Claw\n|\n|t:|1698459817\n|move|p1a: Detective|Brick Break|p2a: Jeice\n|-sideend|p2: Egg O War|Reflect\n|-sideend|p2: Egg O War|move: Light Screen\n|-resisted|p2a: Jeice\n|-damage|p2a: Jeice|97\/100\n|move|p2a: Jeice|Earth Power|p1a: Detective\n|-supereffective|p1a: Detective\n|-damage|p1a: Detective|0 fnt\n|faint|p1a: Detective\n|\n|-weather|RainDance|[upkeep]\n|upkeep\n|\n|t:|1698459834\n|switch|p1a: Palafin|Palafin-Hero, M|100\/100\n|-activate|p1a: Palafin|ability: Zero to Hero\n|turn|6\n|\n|t:|1698459840\n|move|p1a: Palafin|Wave Crash|p2a: Jeice\n|-damage|p2a: Jeice|4\/100\n|-damage|p1a: Palafin|74\/100|[from] Recoil\n|move|p2a: Jeice|Grass Knot|p1a: Palafin\n|-supereffective|p1a: Palafin\n|-damage|p1a: Palafin|0 fnt\n|faint|p1a: Palafin\n|\n|-weather|RainDance|[upkeep]\n|upkeep\n|j| fried mochi\n|\n|t:|1698459852\n|switch|p1a: Politoed|Politoed, F|100\/100\n|turn|7\n|\n|t:|1698459858\n|move|p1a: Politoed|Scald|p2a: Jeice\n|-damage|p2a: Jeice|0 fnt\n|faint|p2a: Jeice\n|\n|-weather|RainDance|[upkeep]\n|upkeep\n|\n|t:|1698459863\n|switch|p2a: Guldo|Grimmsnarl, M|82\/100 tox\n|turn|8\n|\n|t:|1698459867\n|switch|p1a: Groudon|Groudon|100\/100\n|-weather|SunnyDay|[from] ability: Drought|[of] p1a: Groudon\n|move|p2a: Guldo|Reflect|p2a: Guldo\n|-sidestart|p2: Egg O War|Reflect\n|\n|-weather|SunnyDay|[upkeep]\n|-damage|p2a: Guldo|76\/100 tox|[from] psn\n|upkeep\n|turn|9\n|\n|t:|1698459872\n|move|p2a: Guldo|Taunt|p1a: Groudon\n|-start|p1a: Groudon|move: Taunt\n|move|p1a: Groudon|Heavy Slam|p2a: Guldo\n|-supereffective|p2a: Guldo\n|-damage|p2a: Guldo|38\/100 tox\n|\n|-weather|SunnyDay|[upkeep]\n|-damage|p2a: Guldo|25\/100 tox|[from] psn\n|upkeep\n|turn|10\n|\n|t:|1698459877\n|switch|p1a: Walking Wake|Walking Wake|100\/100\n|-activate|p1a: Walking Wake|ability: Protosynthesis\n|-start|p1a: Walking Wake|protosynthesisspa\n|move|p2a: Guldo|Parting Shot|p1a: Walking Wake\n|-unboost|p1a: Walking Wake|atk|1\n|-unboost|p1a: Walking Wake|spa|1\n|\n|t:|1698459889\n|switch|p2a: Recoome|Ursaluna, M|100\/100|[from] Parting Shot\n|\n|-weather|SunnyDay|[upkeep]\n|upkeep\n|turn|11\n|\n|t:|1698459893\n|move|p1a: Walking Wake|Hydro Steam|p2a: Recoome\n|-supereffective|p2a: Recoome\n|-damage|p2a: Recoome|0 fnt\n|faint|p2a: Recoome\n|\n|-weather|SunnyDay|[upkeep]\n|upkeep\n|\n|t:|1698459908\n|switch|p2a: Captain Ginyu|Iron Hands|100\/100\n|turn|12\n|\n|t:|1698459916\n|move|p1a: Walking Wake|Draco Meteor|p2a: Captain Ginyu|[miss]\n|-miss|p1a: Walking Wake|p2a: Captain Ginyu\n|move|p2a: Captain Ginyu|Swords Dance|p2a: Captain Ginyu\n|-boost|p2a: Captain Ginyu|atk|2\n|\n|-weather|none\n|-end|p1a: Walking Wake|Protosynthesis\n|upkeep\n|turn|13\n|\n|t:|1698459927\n|move|p1a: Walking Wake|Draco Meteor|p2a: Captain Ginyu\n|-damage|p2a: Captain Ginyu|55\/100\n|-unboost|p1a: Walking Wake|spa|2\n|move|p2a: Captain Ginyu|Drain Punch|p1a: Walking Wake\n|-damage|p1a: Walking Wake|22\/100\n|-heal|p2a: Captain Ginyu|82\/100|[from] drain|[of] p1a: Walking Wake\n|\n|upkeep\n|turn|14\n|-activate|p2a: Captain Ginyu|item: Quick Claw\n|\n|t:|1698459947\n|-end|p1a: Walking Wake|Protosynthesis|[silent]\n|switch|p1a: Alomomola|Alomomola, M|100\/100\n|move|p2a: Captain Ginyu|Drain Punch|p1a: Alomomola\n|-damage|p1a: Alomomola|49\/100\n|-heal|p2a: Captain Ginyu|100\/100|[from] drain|[of] p1a: Alomomola\n|\n|upkeep\n|turn|15\n|\n|t:|1698459957\n|move|p1a: Alomomola|Protect|p1a: Alomomola\n|-singleturn|p1a: Alomomola|Protect\n|move|p2a: Captain Ginyu|Wild Charge|p1a: Alomomola\n|-activate|p1a: Alomomola|move: Protect\n|\n|-sideend|p2: Egg O War|Reflect\n|upkeep\n|turn|16\n|\n|t:|1698459960\n|switch|p1a: Groudon|Groudon|100\/100\n|-weather|SunnyDay|[from] ability: Drought|[of] p1a: Groudon\n|move|p2a: Captain Ginyu|Drain Punch|p1a: Groudon\n|-damage|p1a: Groudon|37\/100\n|\n|-weather|SunnyDay|[upkeep]\n|upkeep\n|turn|17\n|\n|t:|1698459973\n|move|p1a: Groudon|Earthquake|p2a: Captain Ginyu\n|-supereffective|p2a: Captain Ginyu\n|-damage|p2a: Captain Ginyu|32\/100\n|move|p2a: Captain Ginyu|Drain Punch|p1a: Groudon\n|-damage|p1a: Groudon|0 fnt\n|-heal|p2a: Captain Ginyu|45\/100|[from] drain|[of] p1a: Groudon\n|faint|p1a: Groudon\n|\n|-weather|SunnyDay|[upkeep]\n|upkeep\n|\n|t:|1698459982\n|switch|p1a: Walking Wake|Walking Wake|22\/100\n|-activate|p1a: Walking Wake|ability: Protosynthesis\n|-start|p1a: Walking Wake|protosynthesisspa\n|turn|18\n|-activate|p2a: Captain Ginyu|item: Quick Claw\n|\n|t:|1698459989\n|move|p2a: Captain Ginyu|Drain Punch|p1a: Walking Wake\n|-crit|p1a: Walking Wake\n|-damage|p1a: Walking Wake|0 fnt\n|-heal|p2a: Captain Ginyu|52\/100|[from] drain|[of] p1a: Walking Wake\n|faint|p1a: Walking Wake\n|-end|p1a: Walking Wake|Protosynthesis|[silent]\n|\n|-weather|SunnyDay|[upkeep]\n|upkeep\n|\n|t:|1698459992\n|switch|p1a: Politoed|Politoed, F|100\/100\n|-weather|RainDance|[from] ability: Drizzle|[of] p1a: Politoed\n|turn|19\n|\n|t:|1698459999\n|move|p1a: Politoed|Toxic|p2a: Captain Ginyu\n|-status|p2a: Captain Ginyu|tox\n|move|p2a: Captain Ginyu|Wild Charge|p1a: Politoed\n|-supereffective|p1a: Politoed\n|-damage|p1a: Politoed|0 fnt\n|faint|p1a: Politoed\n|-damage|p2a: Captain Ginyu|33\/100 tox|[from] Recoil\n|\n|-weather|RainDance|[upkeep]\n|-damage|p2a: Captain Ginyu|27\/100 tox|[from] psn\n|upkeep\n|inactive|Battle timer is ON: inactive players will automatically lose when time's up. (requested by Scampton)\n|\n|t:|1698460006\n|switch|p1a: Alomomola|Alomomola, M|83\/100\n|turn|20\n|\n|t:|1698460009\n|move|p1a: Alomomola|Protect|p1a: Alomomola\n|-singleturn|p1a: Alomomola|Protect\n|move|p2a: Captain Ginyu|Wild Charge|p1a: Alomomola\n|-activate|p1a: Alomomola|move: Protect\n|\n|-weather|RainDance|[upkeep]\n|-damage|p2a: Captain Ginyu|15\/100 tox|[from] psn\n|upkeep\n|turn|21\n|\n|t:|1698460013\n|move|p1a: Alomomola|Protect|p1a: Alomomola\n|-singleturn|p1a: Alomomola|Protect\n|move|p2a: Captain Ginyu|Wild Charge|p1a: Alomomola\n|-activate|p1a: Alomomola|move: Protect\n|\n|-weather|RainDance|[upkeep]\n|-damage|p2a: Captain Ginyu|0 fnt|[from] psn\n|faint|p2a: Captain Ginyu\n|-end|p2a: Captain Ginyu|Quark Drive|[silent]\n|upkeep\n|\n|t:|1698460019\n|switch|p2a: Guldo|Grimmsnarl, M|25\/100 tox\n|turn|22\n|\n|t:|1698460022\n|move|p2a: Guldo|Taunt|p1a: Alomomola\n|-start|p1a: Alomomola|move: Taunt\n|cant|p1a: Alomomola|move: Taunt|Wish\n|\n|-weather|RainDance|[upkeep]\n|-damage|p2a: Guldo|19\/100 tox|[from] psn\n|upkeep\n|turn|23\n|\n|t:|1698460027\n|switch|p2a: Lord Frieza|Kingambit, F|100\/100\n|-activate|p2a: Lord Frieza|ability: Supreme Overlord\n|-start|p2a: Lord Frieza|fallen3|[silent]\n|move|p1a: Alomomola|Scald|p2a: Lord Frieza\n|-damage|p2a: Lord Frieza|79\/100\n|-status|p2a: Lord Frieza|brn\n|\n|-weather|RainDance|[upkeep]\n|-damage|p2a: Lord Frieza|73\/100 brn|[from] brn\n|upkeep\n|turn|24\n|\n|t:|1698460031\n|move|p2a: Lord Frieza|Swords Dance|p2a: Lord Frieza\n|-boost|p2a: Lord Frieza|atk|2\n|move|p1a: Alomomola|Flip Turn|p2a: Lord Frieza\n|-damage|p2a: Lord Frieza|55\/100 brn\n|\n|-weather|RainDance|[upkeep]\n|-damage|p2a: Lord Frieza|49\/100 brn|[from] brn\n|-end|p1a: Alomomola|move: Taunt\n|upkeep\n|turn|25\n|\n|t:|1698460043\n|move|p2a: Lord Frieza|Facade|p1a: Alomomola\n|-damage|p1a: Alomomola|1\/100\n|move|p1a: Alomomola|Wish|p1a: Alomomola\n|\n|-weather|RainDance|[upkeep]\n|-damage|p2a: Lord Frieza|43\/100 brn|[from] brn\n|upkeep\n|turn|26\n|-activate|p1a: Alomomola|item: Quick Claw\n|\n|t:|1698460052\n|move|p1a: Alomomola|Protect|p1a: Alomomola\n|-singleturn|p1a: Alomomola|Protect\n|move|p2a: Lord Frieza|Facade|p1a: Alomomola\n|-activate|p1a: Alomomola|move: Protect\n|\n|-weather|none\n|-heal|p1a: Alomomola|51\/100|[from] move: Wish|[wisher] Alomomola\n|-damage|p2a: Lord Frieza|36\/100 brn|[from] brn\n|upkeep\n|turn|27\n|\n|t:|1698460060\n|move|p2a: Lord Frieza|Facade|p1a: Alomomola\n|-damage|p1a: Alomomola|0 fnt\n|faint|p1a: Alomomola\n|\n|win|Egg O War\n","uploadtime":1698460094,"views":15,"p1id":"scampton","p2id":"eggowar","formatid":"gen9nationaldexubers","rating":0,"private":0,"password":""}