{"id":"gen9nationaldexubers-1981549356","p1":"Dredknight","p2":"PSYCH0-MODE\ufe0f","format":"[Gen 9] National Dex Ubers","log":"|j|\u2606Dredknight\n|j|\u2606PSYCH0-MODE\ufe0f\n|t:|1698916599\n|gametype|singles\n|player|p1|Dredknight|unknown|1199\n|player|p2|PSYCH0-MODE\ufe0f|sabrina|1134\n|teamsize|p1|6\n|teamsize|p2|6\n|gen|9\n|tier|[Gen 9] National Dex Ubers\n|rated|\n|rule|HP Percentage Mod: HP is shown in percentages\n|rule|Endless Battle Clause: Forcing endless battles is banned\n|rule|OHKO Clause: OHKO moves are banned\n|rule|Evasion Moves Clause: Evasion moves are banned\n|rule|Evasion Items Clause: Evasion items are banned\n|rule|Species Clause: Limit one of each Pok\u00e9mon\n|rule|Sleep Clause Mod: Limit one foe put to sleep\n|rule|Mega Rayquaza Clause: You cannot mega evolve Rayquaza\n|clearpoke\n|poke|p1|Zygarde|\n|poke|p1|Groudon|\n|poke|p1|Deoxys-Attack|\n|poke|p1|Necrozma-Dusk-Mane|\n|poke|p1|Kyurem-Black|\n|poke|p1|Arceus|\n|poke|p2|Mew|\n|poke|p2|Articuno-Galar|\n|poke|p2|Munkidori, M|\n|poke|p2|Indeedee, M|\n|poke|p2|Necrozma-Dawn-Wings|\n|poke|p2|Alakazam, M|\n|teampreview\n|\n|t:|1698916628\n|start\n|switch|p1a: Arceus|Arceus|100\/100\n|switch|p2a: \ud83c\udf0c\ud83d\udd2eMEW\ud83d\udd2e\ud83c\udf0c|Mew|100\/100\n|turn|1\n|\n|t:|1698916641\n|-terastallize|p1a: Arceus|Normal\n|-zpower|p2a: \ud83c\udf0c\ud83d\udd2eMEW\ud83d\udd2e\ud83c\udf0c\n|move|p2a: \ud83c\udf0c\ud83d\udd2eMEW\ud83d\udd2e\ud83c\udf0c|Genesis Supernova|p1a: Arceus|[zeffect]\n|-crit|p1a: Arceus\n|-damage|p1a: Arceus|3\/100\n|-fieldstart|move: Psychic Terrain\n|move|p1a: Arceus|Dragon Dance|p1a: Arceus\n|-boost|p1a: Arceus|atk|1\n|-boost|p1a: Arceus|spe|1\n|\n|upkeep\n|turn|2\n|\n|t:|1698916655\n|move|p1a: Arceus|Extreme Speed|p2a: \ud83c\udf0c\ud83d\udd2eMEW\ud83d\udd2e\ud83c\udf0c\n|-activate|p2a: \ud83c\udf0c\ud83d\udd2eMEW\ud83d\udd2e\ud83c\udf0c|move: Psychic Terrain\n|move|p2a: \ud83c\udf0c\ud83d\udd2eMEW\ud83d\udd2e\ud83c\udf0c|Expanding Force|p1a: Arceus\n|-damage|p1a: Arceus|0 fnt\n|faint|p1a: Arceus\n|\n|upkeep\n|\n|t:|1698916663\n|switch|p1a: Necrozma|Necrozma-Dusk-Mane|100\/100\n|turn|3\n|\n|t:|1698916667\n|move|p2a: \ud83c\udf0c\ud83d\udd2eMEW\ud83d\udd2e\ud83c\udf0c|Calm Mind|p2a: \ud83c\udf0c\ud83d\udd2eMEW\ud83d\udd2e\ud83c\udf0c\n|-boost|p2a: \ud83c\udf0c\ud83d\udd2eMEW\ud83d\udd2e\ud83c\udf0c|spa|1\n|-boost|p2a: \ud83c\udf0c\ud83d\udd2eMEW\ud83d\udd2e\ud83c\udf0c|spd|1\n|move|p1a: Necrozma|Knock Off|p2a: \ud83c\udf0c\ud83d\udd2eMEW\ud83d\udd2e\ud83c\udf0c\n|-supereffective|p2a: \ud83c\udf0c\ud83d\udd2eMEW\ud83d\udd2e\ud83c\udf0c\n|-damage|p2a: \ud83c\udf0c\ud83d\udd2eMEW\ud83d\udd2e\ud83c\udf0c|46\/100\n|\n|upkeep\n|turn|4\n|\n|t:|1698916691\n|detailschange|p1a: Necrozma|Necrozma-Ultra\n|-burst|p1a: Necrozma|Necrozma|Ultranecrozium Z\n|move|p1a: Necrozma|Knock Off|p2a: \ud83c\udf0c\ud83d\udd2eMEW\ud83d\udd2e\ud83c\udf0c\n|-supereffective|p2a: \ud83c\udf0c\ud83d\udd2eMEW\ud83d\udd2e\ud83c\udf0c\n|-damage|p2a: \ud83c\udf0c\ud83d\udd2eMEW\ud83d\udd2e\ud83c\udf0c|0 fnt\n|faint|p2a: \ud83c\udf0c\ud83d\udd2eMEW\ud83d\udd2e\ud83c\udf0c\n|\n|upkeep\n|\n|t:|1698916712\n|switch|p2a: \ud83c\udf0c\ud83d\udd2eNECROZMA\ud83d\udd2e\ud83c\udf0c|Necrozma-Dawn-Wings|100\/100\n|turn|5\n|\n|t:|1698916732\n|move|p1a: Necrozma|Knock Off|p2a: \ud83c\udf0c\ud83d\udd2eNECROZMA\ud83d\udd2e\ud83c\udf0c\n|-supereffective|p2a: \ud83c\udf0c\ud83d\udd2eNECROZMA\ud83d\udd2e\ud83c\udf0c\n|-damage|p2a: \ud83c\udf0c\ud83d\udd2eNECROZMA\ud83d\udd2e\ud83c\udf0c|6\/100\n|move|p2a: \ud83c\udf0c\ud83d\udd2eNECROZMA\ud83d\udd2e\ud83c\udf0c|Outrage|p1a: Necrozma\n|-supereffective|p1a: Necrozma\n|-damage|p1a: Necrozma|42\/100\n|\n|-fieldend|move: Psychic Terrain\n|upkeep\n|turn|6\n|\n|t:|1698916741\n|move|p1a: Necrozma|Knock Off|p2a: \ud83c\udf0c\ud83d\udd2eNECROZMA\ud83d\udd2e\ud83c\udf0c\n|-supereffective|p2a: \ud83c\udf0c\ud83d\udd2eNECROZMA\ud83d\udd2e\ud83c\udf0c\n|-crit|p2a: \ud83c\udf0c\ud83d\udd2eNECROZMA\ud83d\udd2e\ud83c\udf0c\n|-damage|p2a: \ud83c\udf0c\ud83d\udd2eNECROZMA\ud83d\udd2e\ud83c\udf0c|0 fnt\n|faint|p2a: \ud83c\udf0c\ud83d\udd2eNECROZMA\ud83d\udd2e\ud83c\udf0c\n|\n|upkeep\n|\n|t:|1698916750\n|switch|p2a: \ud83c\udf0c\ud83d\udd2eINDEEDEE\ud83d\udd2e\ud83c\udf0c|Indeedee, M|100\/100\n|-fieldstart|move: Psychic Terrain|[from] ability: Psychic Surge|[of] p2a: \ud83c\udf0c\ud83d\udd2eINDEEDEE\ud83d\udd2e\ud83c\udf0c\n|turn|7\n|\n|t:|1698916758\n|move|p1a: Necrozma|Knock Off|p2a: \ud83c\udf0c\ud83d\udd2eINDEEDEE\ud83d\udd2e\ud83c\udf0c\n|-supereffective|p2a: \ud83c\udf0c\ud83d\udd2eINDEEDEE\ud83d\udd2e\ud83c\udf0c\n|-damage|p2a: \ud83c\udf0c\ud83d\udd2eINDEEDEE\ud83d\udd2e\ud83c\udf0c|0 fnt\n|-enditem|p2a: \ud83c\udf0c\ud83d\udd2eINDEEDEE\ud83d\udd2e\ud83c\udf0c|Terrain Extender|[from] move: Knock Off|[of] p1a: Necrozma\n|faint|p2a: \ud83c\udf0c\ud83d\udd2eINDEEDEE\ud83d\udd2e\ud83c\udf0c\n|\n|upkeep\n|\n|t:|1698916765\n|switch|p2a: \ud83c\udf0c\ud83d\udd2eALAKAZAM\ud83d\udd2e\ud83c\udf0c|Alakazam, M, shiny|100\/100\n|turn|8\n|\n|t:|1698916773\n|detailschange|p2a: \ud83c\udf0c\ud83d\udd2eALAKAZAM\ud83d\udd2e\ud83c\udf0c|Alakazam-Mega, M, shiny\n|-mega|p2a: \ud83c\udf0c\ud83d\udd2eALAKAZAM\ud83d\udd2e\ud83c\udf0c|Alakazam|Alakazite\n|-ability|p2a: \ud83c\udf0c\ud83d\udd2eALAKAZAM\ud83d\udd2e\ud83c\udf0c|Neuroforce|[from] ability: Trace|[of] p1a: Necrozma\n|move|p2a: \ud83c\udf0c\ud83d\udd2eALAKAZAM\ud83d\udd2e\ud83c\udf0c|Expanding Force|p1a: Necrozma\n|-resisted|p1a: Necrozma\n|-damage|p1a: Necrozma|0 fnt\n|faint|p1a: Necrozma\n|\n|upkeep\n|\n|t:|1698916790\n|switch|p1a: Groudon|Groudon|100\/100\n|detailschange|p1a: Groudon|Groudon-Primal\n|-primal|p1a: Groudon|Red Orb\n|-weather|DesolateLand|[from] ability: Desolate Land|[of] p1a: Groudon\n|turn|9\n|\n|t:|1698916801\n|move|p2a: \ud83c\udf0c\ud83d\udd2eALAKAZAM\ud83d\udd2e\ud83c\udf0c|Expanding Force|p1a: Groudon\n|-damage|p1a: Groudon|0 fnt\n|faint|p1a: Groudon\n|-weather|none\n|\n|upkeep\n|\n|t:|1698916812\n|switch|p1a: Kyurem|Kyurem-Black|100\/100\n|-ability|p1a: Kyurem|Teravolt\n|turn|10\n|\n|t:|1698916819\n|move|p2a: \ud83c\udf0c\ud83d\udd2eALAKAZAM\ud83d\udd2e\ud83c\udf0c|Expanding Force|p1a: Kyurem\n|-damage|p1a: Kyurem|12\/100\n|move|p1a: Kyurem|Icicle Spear|p2a: \ud83c\udf0c\ud83d\udd2eALAKAZAM\ud83d\udd2e\ud83c\udf0c\n|-damage|p2a: \ud83c\udf0c\ud83d\udd2eALAKAZAM\ud83d\udd2e\ud83c\udf0c|73\/100\n|-damage|p2a: \ud83c\udf0c\ud83d\udd2eALAKAZAM\ud83d\udd2e\ud83c\udf0c|44\/100\n|-damage|p2a: \ud83c\udf0c\ud83d\udd2eALAKAZAM\ud83d\udd2e\ud83c\udf0c|15\/100\n|-hitcount|p2a: \ud83c\udf0c\ud83d\udd2eALAKAZAM\ud83d\udd2e\ud83c\udf0c|3\n|\n|upkeep\n|turn|11\n|\n|t:|1698916828\n|move|p2a: \ud83c\udf0c\ud83d\udd2eALAKAZAM\ud83d\udd2e\ud83c\udf0c|Psychic|p1a: Kyurem\n|-damage|p1a: Kyurem|0 fnt\n|faint|p1a: Kyurem\n|\n|upkeep\n|\n|t:|1698916833\n|switch|p1a: Zygarde|Zygarde|100\/100\n|turn|12\n|\n|t:|1698916837\n|move|p2a: \ud83c\udf0c\ud83d\udd2eALAKAZAM\ud83d\udd2e\ud83c\udf0c|Expanding Force|p1a: Zygarde\n|-damage|p1a: Zygarde|0 fnt\n|faint|p1a: Zygarde\n|\n|upkeep\n|\n|t:|1698916841\n|switch|p1a: Deoxys|Deoxys-Attack|100\/100\n|-ability|p1a: Deoxys|Pressure\n|turn|13\n|\n|t:|1698916850\n|move|p1a: Deoxys|Fire Punch|p2a: \ud83c\udf0c\ud83d\udd2eALAKAZAM\ud83d\udd2e\ud83c\udf0c\n|-damage|p2a: \ud83c\udf0c\ud83d\udd2eALAKAZAM\ud83d\udd2e\ud83c\udf0c|0 fnt\n|faint|p2a: \ud83c\udf0c\ud83d\udd2eALAKAZAM\ud83d\udd2e\ud83c\udf0c\n|\n|upkeep\n|\n|t:|1698916855\n|switch|p2a: \ud83c\udf0c\ud83d\udd2eMUNKIDORI\ud83d\udd2e\ud83c\udf0c|Munkidori, M|100\/100\n|turn|14\n|\n|t:|1698916871\n|move|p1a: Deoxys|Fire Punch|p2a: \ud83c\udf0c\ud83d\udd2eMUNKIDORI\ud83d\udd2e\ud83c\udf0c\n|-damage|p2a: \ud83c\udf0c\ud83d\udd2eMUNKIDORI\ud83d\udd2e\ud83c\udf0c|46\/100\n|move|p2a: \ud83c\udf0c\ud83d\udd2eMUNKIDORI\ud83d\udd2e\ud83c\udf0c|Sludge Wave|p1a: Deoxys\n|-damage|p1a: Deoxys|0 fnt\n|faint|p1a: Deoxys\n|\n|win|PSYCH0-MODE\ufe0f\n|raw|Dredknight's rating: 1226 &rarr; <strong>1195<\/strong><br \/>(-31 for losing)\n|raw|PSYCH0-MODE\ufe0f's rating: 1134 &rarr; <strong>1165<\/strong><br \/>(+31 for winning)\n|l|\u2606Dredknight\n","uploadtime":1698917060,"views":7,"p1id":"dredknight","p2id":"psych0mode","formatid":"gen9nationaldexubers","rating":1165,"private":0,"password":""}