{"id":"gen9nationaldexubers-1993719750","p1":"NeviLow","p2":"alcatel999","format":"[Gen 9] National Dex Ubers","log":"|j|\u2606NeviLow\n|j|\u2606alcatel999\n|t:|1700349246\n|gametype|singles\n|player|p1|NeviLow|veteran|\n|player|p2|alcatel999|rocketgrunt|\n|teamsize|p1|6\n|teamsize|p2|6\n|gen|9\n|tier|[Gen 9] National Dex Ubers\n|rule|HP Percentage Mod: HP is shown in percentages\n|rule|Endless Battle Clause: Forcing endless battles is banned\n|rule|OHKO Clause: OHKO moves are banned\n|rule|Evasion Moves Clause: Evasion moves are banned\n|rule|Evasion Items Clause: Evasion items are banned\n|rule|Species Clause: Limit one of each Pok\u00e9mon\n|rule|Sleep Clause Mod: Limit one foe put to sleep\n|rule|Mega Rayquaza Clause: You cannot mega evolve Rayquaza\n|clearpoke\n|poke|p1|Hippowdon, F|\n|poke|p1|Ferrothorn, M|\n|poke|p1|Excadrill, M|\n|poke|p1|Houndstone, M|\n|poke|p1|Aerodactyl, F|\n|poke|p1|Tyranitar, M|\n|poke|p2|Diancie|\n|poke|p2|Klefki, F|\n|poke|p2|Mimikyu, F|\n|poke|p2|Tapu Fini|\n|poke|p2|Tapu Bulu|\n|poke|p2|Tapu Lele|\n|teampreview\n|c|\u2606alcatel999|Suerte\n|\n|t:|1700349275\n|start\n|switch|p1a: Hippowdon|Hippowdon, F|100\/100\n|switch|p2a: Tapu Fini|Tapu Fini|100\/100\n|-fieldstart|move: Misty Terrain|[from] ability: Misty Surge|[of] p2a: Tapu Fini\n|-weather|Sandstorm|[from] ability: Sand Stream|[of] p1a: Hippowdon\n|turn|1\n|c|\u2606NeviLow|X2\n|\n|t:|1700349291\n|switch|p1a: Ferrothorn|Ferrothorn, M|100\/100\n|move|p2a: Tapu Fini|Taunt|p1a: Ferrothorn\n|-start|p1a: Ferrothorn|move: Taunt\n|\n|-weather|Sandstorm|[upkeep]\n|-damage|p2a: Tapu Fini|94\/100|[from] Sandstorm\n|-heal|p2a: Tapu Fini|100\/100|[from] item: Leftovers\n|upkeep\n|turn|2\n|\n|t:|1700349302\n|switch|p2a: Klefki|Klefki, F|100\/100\n|move|p1a: Ferrothorn|Giga Drain|p2a: Klefki\n|-resisted|p2a: Klefki\n|-damage|p2a: Klefki|91\/100\n|\n|-weather|Sandstorm|[upkeep]\n|upkeep\n|turn|3\n|\n|t:|1700349312\n|switch|p1a: Excadrill|Excadrill, M|100\/100\n|move|p2a: Klefki|Light Screen|p2a: Klefki\n|-sidestart|p2: alcatel999|move: Light Screen\n|\n|-weather|Sandstorm|[upkeep]\n|upkeep\n|turn|4\n|\n|t:|1700349318\n|move|p2a: Klefki|Reflect|p2a: Klefki\n|-sidestart|p2: alcatel999|Reflect\n|move|p1a: Excadrill|Earthquake|p2a: Klefki\n|-supereffective|p2a: Klefki\n|-damage|p2a: Klefki|13\/100\n|\n|-weather|Sandstorm|[upkeep]\n|upkeep\n|turn|5\n|\n|t:|1700349326\n|move|p2a: Klefki|Spikes|p1a: Excadrill\n|-sidestart|p1: NeviLow|Spikes\n|move|p1a: Excadrill|Earthquake|p2a: Klefki\n|-supereffective|p2a: Klefki\n|-damage|p2a: Klefki|0 fnt\n|faint|p2a: Klefki\n|\n|-weather|none\n|-fieldend|Misty Terrain\n|upkeep\n|\n|t:|1700349337\n|switch|p2a: Tapu Bulu|Tapu Bulu|100\/100\n|-fieldstart|move: Grassy Terrain|[from] ability: Grassy Surge|[of] p2a: Tapu Bulu\n|turn|6\n|\n|t:|1700349343\n|switch|p1a: Tyranitar|Tyranitar, M|100\/100\n|-damage|p1a: Tyranitar|88\/100|[from] Spikes\n|-weather|Sandstorm|[from] ability: Sand Stream|[of] p1a: Tyranitar\n|move|p2a: Tapu Bulu|Close Combat|p1a: Tyranitar\n|-supereffective|p1a: Tyranitar\n|-damage|p1a: Tyranitar|0 fnt\n|-unboost|p2a: Tapu Bulu|def|1\n|-unboost|p2a: Tapu Bulu|spd|1\n|faint|p1a: Tyranitar\n|\n|-weather|Sandstorm|[upkeep]\n|-damage|p2a: Tapu Bulu|94\/100|[from] Sandstorm\n|-heal|p2a: Tapu Bulu|100\/100|[from] Grassy Terrain\n|upkeep\n|\n|t:|1700349363\n|switch|p1a: Houndstone|Houndstone, M|100\/100\n|-damage|p1a: Houndstone|88\/100|[from] Spikes\n|turn|7\n|\n|t:|1700349375\n|switch|p2a: Diancie|Diancie|100\/100\n|move|p1a: Houndstone|Poltergeist|p2a: Diancie\n|-activate|p2a: Diancie|move: Poltergeist|Diancite\n|-damage|p2a: Diancie|75\/100\n|\n|-weather|Sandstorm|[upkeep]\n|-heal|p1a: Houndstone|94\/100|[from] Grassy Terrain\n|-heal|p1a: Houndstone|99\/100|[from] item: Leftovers\n|-heal|p2a: Diancie|81\/100|[from] Grassy Terrain\n|upkeep\n|turn|8\n|\n|t:|1700349400\n|switch|p1a: Excadrill|Excadrill, M|100\/100\n|-damage|p1a: Excadrill|88\/100|[from] Spikes\n|detailschange|p2a: Diancie|Diancie-Mega\n|-mega|p2a: Diancie|Diancie|Diancite\n|move|p2a: Diancie|Diamond Storm|p1a: Excadrill\n|-resisted|p1a: Excadrill\n|-damage|p1a: Excadrill|71\/100\n|\n|-weather|Sandstorm|[upkeep]\n|-heal|p1a: Excadrill|77\/100|[from] Grassy Terrain\n|-heal|p2a: Diancie|87\/100|[from] Grassy Terrain\n|upkeep\n|turn|9\n|\n|t:|1700349413\n|move|p1a: Excadrill|Iron Head|p2a: Diancie\n|-supereffective|p2a: Diancie\n|-damage|p2a: Diancie|0 fnt\n|faint|p2a: Diancie\n|\n|-weather|Sandstorm|[upkeep]\n|-heal|p1a: Excadrill|83\/100|[from] Grassy Terrain\n|upkeep\n|\n|t:|1700349419\n|switch|p2a: Mimikyu|Mimikyu, F|100\/100\n|turn|10\n|c|\u2606NeviLow|Pega como el diablo\n|\n|t:|1700349432\n|move|p1a: Excadrill|Iron Head|p2a: Mimikyu\n|-activate|p2a: Mimikyu|ability: Disguise\n|-damage|p2a: Mimikyu|100\/100\n|detailschange|p2a: Mimikyu|Mimikyu-Busted, F\n|-damage|p2a: Mimikyu|88\/100|[from] pokemon: Mimikyu-Busted\n|move|p2a: Mimikyu|Swords Dance|p2a: Mimikyu\n|-boost|p2a: Mimikyu|atk|2\n|\n|-weather|none\n|-heal|p1a: Excadrill|89\/100|[from] Grassy Terrain\n|-heal|p2a: Mimikyu|94\/100|[from] Grassy Terrain\n|-sideend|p2: alcatel999|move: Light Screen\n|-fieldend|move: Grassy Terrain\n|upkeep\n|turn|11\n|\n|t:|1700349446\n|move|p2a: Mimikyu|Drain Punch|p1a: Excadrill\n|-supereffective|p1a: Excadrill\n|-damage|p1a: Excadrill|0 fnt\n|-heal|p2a: Mimikyu|100\/100|[from] drain|[of] p1a: Excadrill\n|faint|p1a: Excadrill\n|-damage|p2a: Mimikyu|91\/100|[from] item: Life Orb\n|\n|-sideend|p2: alcatel999|Reflect\n|upkeep\n|c|\u2606alcatel999|Si\n|\n|t:|1700349461\n|switch|p1a: Hippowdon|Hippowdon, F|100\/100\n|-damage|p1a: Hippowdon|88\/100|[from] Spikes\n|-weather|Sandstorm|[from] ability: Sand Stream|[of] p1a: Hippowdon\n|turn|12\n|\n|t:|1700349468\n|move|p2a: Mimikyu|Play Rough|p1a: Hippowdon\n|-damage|p1a: Hippowdon|36\/100\n|-damage|p2a: Mimikyu|81\/100|[from] item: Life Orb\n|move|p1a: Hippowdon|Slack Off|p1a: Hippowdon\n|-heal|p1a: Hippowdon|86\/100\n|\n|-weather|Sandstorm|[upkeep]\n|-damage|p2a: Mimikyu|75\/100|[from] Sandstorm\n|-heal|p1a: Hippowdon|92\/100|[from] item: Leftovers\n|upkeep\n|turn|13\n|l|\u2606alcatel999\n|player|p2|\n|\n|t:|1700349487\n|switch|p1a: Houndstone|Houndstone, M|99\/100\n|-damage|p1a: Houndstone|88\/100|[from] Spikes\n|move|p2a: Mimikyu|Swords Dance|p2a: Mimikyu\n|-boost|p2a: Mimikyu|atk|2\n|\n|-weather|Sandstorm|[upkeep]\n|-damage|p2a: Mimikyu|69\/100|[from] Sandstorm\n|-heal|p1a: Houndstone|94\/100|[from] item: Leftovers\n|upkeep\n|turn|14\n|j|\u2606alcatel999\n|player|p2|alcatel999|rocketgrunt\n|\n|t:|1700349520\n|move|p1a: Houndstone|Poltergeist|p2a: Mimikyu\n|-activate|p2a: Mimikyu|move: Poltergeist|Life Orb\n|-supereffective|p2a: Mimikyu\n|-damage|p2a: Mimikyu|0 fnt\n|faint|p2a: Mimikyu\n|\n|-weather|Sandstorm|[upkeep]\n|-heal|p1a: Houndstone|99\/100|[from] item: Leftovers\n|upkeep\n|\n|t:|1700349528\n|switch|p2a: Tapu Bulu|Tapu Bulu|100\/100\n|-fieldstart|move: Grassy Terrain|[from] ability: Grassy Surge|[of] p2a: Tapu Bulu\n|turn|15\n|\n|t:|1700349537\n|move|p1a: Houndstone|Poltergeist|p2a: Tapu Bulu\n|-activate|p2a: Tapu Bulu|move: Poltergeist|Choice Band\n|-damage|p2a: Tapu Bulu|42\/100\n|move|p2a: Tapu Bulu|Darkest Lariat|p1a: Houndstone\n|-supereffective|p1a: Houndstone\n|-damage|p1a: Houndstone|0 fnt\n|faint|p1a: Houndstone\n|\n|-weather|Sandstorm|[upkeep]\n|-damage|p2a: Tapu Bulu|36\/100|[from] Sandstorm\n|-heal|p2a: Tapu Bulu|42\/100|[from] Grassy Terrain\n|upkeep\n|\n|t:|1700349551\n|switch|p1a: Aerodactyl|Aerodactyl, F|100\/100\n|-ability|p1a: Aerodactyl|Pressure\n|turn|16\n|\n|t:|1700349558\n|switch|p2a: Tapu Fini|Tapu Fini|100\/100\n|-fieldstart|move: Misty Terrain|[from] ability: Misty Surge|[of] p2a: Tapu Fini\n|detailschange|p1a: Aerodactyl|Aerodactyl-Mega, F\n|-mega|p1a: Aerodactyl|Aerodactyl|Aerodactylite\n|move|p1a: Aerodactyl|Dragon Dance|p1a: Aerodactyl\n|-boost|p1a: Aerodactyl|atk|1\n|-boost|p1a: Aerodactyl|spe|1\n|\n|-weather|none\n|upkeep\n|turn|17\n|\n|t:|1700349571\n|move|p1a: Aerodactyl|Earthquake|p2a: Tapu Fini\n|-damage|p2a: Tapu Fini|57\/100\n|move|p2a: Tapu Fini|Scald|p1a: Aerodactyl\n|-supereffective|p1a: Aerodactyl\n|-damage|p1a: Aerodactyl|46\/100\n|-status|p1a: Aerodactyl|brn\n|\n|-heal|p2a: Tapu Fini|63\/100|[from] item: Leftovers\n|-damage|p1a: Aerodactyl|40\/100 brn|[from] brn\n|upkeep\n|turn|18\n|\n|t:|1700349589\n|move|p1a: Aerodactyl|Earthquake|p2a: Tapu Fini\n|-damage|p2a: Tapu Fini|40\/100\n|move|p2a: Tapu Fini|Draining Kiss|p1a: Aerodactyl\n|-damage|p1a: Aerodactyl|22\/100 brn\n|-heal|p2a: Tapu Fini|52\/100|[from] drain|[of] p1a: Aerodactyl\n|\n|-heal|p2a: Tapu Fini|58\/100|[from] item: Leftovers\n|-damage|p1a: Aerodactyl|16\/100 brn|[from] brn\n|upkeep\n|turn|19\n|\n|t:|1700349603\n|switch|p1a: Ferrothorn|Ferrothorn, M|100\/100\n|-damage|p1a: Ferrothorn|88\/100|[from] Spikes\n|move|p2a: Tapu Fini|Calm Mind|p2a: Tapu Fini\n|-boost|p2a: Tapu Fini|spa|1\n|-boost|p2a: Tapu Fini|spd|1\n|\n|-heal|p2a: Tapu Fini|64\/100|[from] item: Leftovers\n|upkeep\n|turn|20\n|\n|t:|1700349614\n|switch|p2a: Tapu Bulu|Tapu Bulu|42\/100\n|-fieldstart|move: Grassy Terrain|[from] ability: Grassy Surge|[of] p2a: Tapu Bulu\n|move|p1a: Ferrothorn|Giga Drain|p2a: Tapu Bulu\n|-resisted|p2a: Tapu Bulu\n|-damage|p2a: Tapu Bulu|29\/100\n|-heal|p1a: Ferrothorn|94\/100|[from] drain|[of] p2a: Tapu Bulu\n|\n|-heal|p2a: Tapu Bulu|35\/100|[from] Grassy Terrain\n|-heal|p1a: Ferrothorn|99\/100|[from] Grassy Terrain\n|upkeep\n|turn|21\n|\n|t:|1700349631\n|move|p2a: Tapu Bulu|Close Combat|p1a: Ferrothorn\n|-supereffective|p1a: Ferrothorn\n|-damage|p1a: Ferrothorn|28\/100\n|-unboost|p2a: Tapu Bulu|def|1\n|-unboost|p2a: Tapu Bulu|spd|1\n|-damage|p2a: Tapu Bulu|22\/100|[from] ability: Iron Barbs|[of] p1a: Ferrothorn\n|-damage|p2a: Tapu Bulu|6\/100|[from] item: Rocky Helmet|[of] p1a: Ferrothorn\n|move|p1a: Ferrothorn|Thunder Wave|p2a: Tapu Bulu\n|-status|p2a: Tapu Bulu|par\n|\n|-heal|p2a: Tapu Bulu|12\/100 par|[from] Grassy Terrain\n|-heal|p1a: Ferrothorn|34\/100|[from] Grassy Terrain\n|upkeep\n|turn|22\n|\n|t:|1700349647\n|move|p2a: Tapu Bulu|Close Combat|p1a: Ferrothorn\n|-supereffective|p1a: Ferrothorn\n|-damage|p1a: Ferrothorn|0 fnt\n|-unboost|p2a: Tapu Bulu|def|1\n|-unboost|p2a: Tapu Bulu|spd|1\n|-damage|p2a: Tapu Bulu|0 fnt|[from] ability: Iron Barbs|[of] p1a: Ferrothorn\n|faint|p1a: Ferrothorn\n|faint|p2a: Tapu Bulu\n|\n|upkeep\n|\n|t:|1700349664\n|switch|p2a: Tapu Fini|Tapu Fini|64\/100\n|switch|p1a: Aerodactyl|Aerodactyl-Mega, F|16\/100 brn\n|-fieldstart|move: Misty Terrain|[from] ability: Misty Surge|[of] p2a: Tapu Fini\n|turn|23\n|\n|t:|1700349675\n|move|p1a: Aerodactyl|Earthquake|p2a: Tapu Fini\n|-damage|p2a: Tapu Fini|50\/100\n|move|p2a: Tapu Fini|Calm Mind|p2a: Tapu Fini\n|-boost|p2a: Tapu Fini|spa|1\n|-boost|p2a: Tapu Fini|spd|1\n|\n|-heal|p2a: Tapu Fini|56\/100|[from] item: Leftovers\n|-damage|p1a: Aerodactyl|10\/100 brn|[from] brn\n|upkeep\n|turn|24\n|\n|t:|1700349687\n|move|p1a: Aerodactyl|Earthquake|p2a: Tapu Fini\n|-damage|p2a: Tapu Fini|42\/100\n|move|p2a: Tapu Fini|Calm Mind|p2a: Tapu Fini\n|-boost|p2a: Tapu Fini|spa|1\n|-boost|p2a: Tapu Fini|spd|1\n|\n|-heal|p2a: Tapu Fini|48\/100|[from] item: Leftovers\n|-damage|p1a: Aerodactyl|3\/100 brn|[from] brn\n|upkeep\n|turn|25\n|\n|t:|1700349697\n|move|p1a: Aerodactyl|Earthquake|p2a: Tapu Fini\n|-damage|p2a: Tapu Fini|33\/100\n|move|p2a: Tapu Fini|Calm Mind|p2a: Tapu Fini\n|-boost|p2a: Tapu Fini|spa|1\n|-boost|p2a: Tapu Fini|spd|1\n|\n|-heal|p2a: Tapu Fini|39\/100|[from] item: Leftovers\n|-damage|p1a: Aerodactyl|0 fnt|[from] brn\n|faint|p1a: Aerodactyl\n|upkeep\n|\n|t:|1700349709\n|switch|p1a: Hippowdon|Hippowdon, F|92\/100\n|-damage|p1a: Hippowdon|80\/100|[from] Spikes\n|-weather|Sandstorm|[from] ability: Sand Stream|[of] p1a: Hippowdon\n|turn|26\n|\n|t:|1700349717\n|move|p2a: Tapu Fini|Scald|p1a: Hippowdon\n|-supereffective|p1a: Hippowdon\n|-damage|p1a: Hippowdon|0 fnt\n|faint|p1a: Hippowdon\n|\n|win|alcatel999\n|c|\u2606alcatel999|Gg\n|c|\u2606NeviLow|Gg\n","uploadtime":1700349728,"views":13,"p1id":"nevilow","p2id":"alcatel999","formatid":"gen9nationaldexubers","rating":0,"private":0,"password":""}