{"id":"gen9nationaldexubers-1982975851","p1":"AshenAraquanid","p2":"lonly wolf","format":"[Gen 9] National Dex Ubers","log":"|j|\u2606AshenAraquanid\n|j|\u2606lonly wolf\n|t:|1699065275\n|gametype|singles\n|player|p1|AshenAraquanid|bugmaniac-gen3|\n|player|p2|lonly wolf|volkner|\n|teamsize|p1|6\n|teamsize|p2|6\n|gen|9\n|tier|[Gen 9] National Dex Ubers\n|rule|HP Percentage Mod: HP is shown in percentages\n|rule|Endless Battle Clause: Forcing endless battles is banned\n|rule|OHKO Clause: OHKO moves are banned\n|rule|Evasion Moves Clause: Evasion moves are banned\n|rule|Evasion Items Clause: Evasion items are banned\n|rule|Species Clause: Limit one of each Pok\u00e9mon\n|rule|Sleep Clause Mod: Limit one foe put to sleep\n|rule|Mega Rayquaza Clause: You cannot mega evolve Rayquaza\n|clearpoke\n|poke|p1|Ditto|\n|poke|p1|Arceus|\n|poke|p1|Ursaluna-Bloodmoon, M|\n|poke|p1|Deoxys-Speed|\n|poke|p1|Clefable, M|\n|poke|p1|Giratina-Origin|\n|poke|p2|Zacian-*|\n|poke|p2|Kyurem-White|\n|poke|p2|Arceus-Steel|\n|poke|p2|Alomomola, F|\n|poke|p2|Zapdos|\n|poke|p2|Salamence, F|\n|teampreview\n|inactive|Battle timer is ON: inactive players will automatically lose when time's up. (requested by lonly wolf)\n|inactiveoff|Battle timer is now OFF.\n|j| ah3nny\n|j| Berryandon\n|j| PaperDrMario\n|c| ah3nny|glhf\n|j| AbstractVoid\n|c|\u2606lonly wolf|good luck have fun to you too\n|c|\u2606lonly wolf|wait\n|c|\u2606AshenAraquanid|lol nice\n|c| ah3nny|gottem\n|j| HopeAddict\n|c| HopeAddict|jebaited turn 0\n|\n|t:|1699065464\n|start\n|switch|p1a: fumbler|Deoxys-Speed|100\/100\n|switch|p2a: Kyurem|Kyurem-White|100\/100\n|-ability|p1a: fumbler|Pressure\n|-ability|p2a: Kyurem|Turboblaze\n|turn|1\n|c| PaperDrMario|WILL\n|c| Berryandon|NO NICKNAMES WHAT ARE WE FUCKING DOINGGGGGGGGGGGGGGGGGGGGGGGGGGGGGGGG\n|c| PaperDrMario|NICKNAMES\n|c|\u2606lonly wolf|NOOOOOOOOOOO\n|c| HopeAddict|ff\n|c|\u2606lonly wolf|im sorry\n|c| PaperDrMario|name them now\n|c| Berryandon|forfeit\n|c|\u2606AshenAraquanid|gringe 100\n|c|\u2606lonly wolf|i fiinished building like an hour ago\n|c|\u2606lonly wolf|i forgor\n|c| PaperDrMario|so you had an hour\n|c|\u2606lonly wolf|neon white called tho :(\n|c| Berryandon|is that Kyurem's name?\n|c|\u2606AshenAraquanid|understandable tbh\n|\n|t:|1699065565\n|move|p2a: Kyurem|Ice Beam|p1a: fumbler\n|-enditem|p1a: fumbler|Focus Sash\n|-damage|p1a: fumbler|1\/100\n|move|p1a: fumbler|Mirror Coat|p2a: Kyurem\n|-damage|p2a: Kyurem|0 fnt\n|faint|p2a: Kyurem\n|\n|upkeep\n|c| Berryandon|dude\n|c| HopeAddict|WOW\n|c| PaperDrMario|YOOOOOO\n|\n|t:|1699065579\n|switch|p2a: Alomomola|Alomomola, F|100\/100\n|turn|2\n|c| AbstractVoid|lmao\n|c| HopeAddict|UNHINGED\n|\n|t:|1699065587\n|move|p1a: fumbler|Taunt|p2a: Alomomola\n|-start|p2a: Alomomola|move: Taunt\n|move|p2a: Alomomola|Flip Turn|p1a: fumbler\n|-damage|p1a: fumbler|0 fnt\n|faint|p1a: fumbler\n|\n|t:|1699065600\n|switch|p2a: Zapdos|Zapdos|100\/100|[from] Flip Turn\n|-ability|p2a: Zapdos|Pressure\n|\n|upkeep\n|c| Berryandon|this pokemon shit aint no joke\n|\n|t:|1699065642\n|switch|p1a: Never Played Plat|Giratina-Origin, shiny|100\/100\n|turn|3\n|c| Berryandon|you what\n|\n|t:|1699065653\n|move|p1a: Never Played Plat|Tailwind|p1a: Never Played Plat\n|-sidestart|p1: AshenAraquanid|move: Tailwind\n|move|p2a: Zapdos|Volt Switch|p1a: Never Played Plat\n|-resisted|p1a: Never Played Plat\n|-damage|p1a: Never Played Plat|90\/100\n|c| HopeAddict|BLASPHEMY\n|c|\u2606AshenAraquanid|i played diamond I sinned\n|\n|t:|1699065665\n|switch|p2a: Arceus|Arceus-Steel|100\/100|[from] Volt Switch\n|\n|upkeep\n|turn|4\n|\n|t:|1699065680\n|move|p1a: Never Played Plat|Shadow Ball|p2a: Arceus\n|-damage|p2a: Arceus|67\/100\n|-unboost|p2a: Arceus|spd|1\n|move|p2a: Arceus|Stealth Rock|p1a: Never Played Plat\n|-sidestart|p1: AshenAraquanid|move: Stealth Rock\n|\n|upkeep\n|turn|5\n|c|\u2606lonly wolf|you can play diamond and plat\n|\n|t:|1699065696\n|switch|p2a: Alomomola|Alomomola, F|100\/100\n|move|p1a: Never Played Plat|Shadow Ball|p2a: Alomomola\n|-damage|p2a: Alomomola|53\/100\n|\n|-heal|p2a: Alomomola|59\/100|[from] item: Leftovers\n|upkeep\n|turn|6\n|\n|t:|1699065719\n|move|p1a: Never Played Plat|Dragon Pulse|p2a: Alomomola\n|-damage|p2a: Alomomola|5\/100\n|move|p2a: Alomomola|Wish|p2a: Alomomola\n|\n|-heal|p2a: Alomomola|12\/100|[from] item: Leftovers\n|-sideend|p1: AshenAraquanid|move: Tailwind\n|upkeep\n|turn|7\n|\n|t:|1699065734\n|switch|p2a: Arceus|Arceus-Steel|67\/100\n|move|p1a: Never Played Plat|Tailwind|p1a: Never Played Plat\n|-sidestart|p1: AshenAraquanid|move: Tailwind\n|\n|-heal|p2a: Arceus|100\/100|[from] move: Wish|[wisher] Alomomola\n|upkeep\n|turn|8\n|\n|t:|1699065749\n|move|p1a: Never Played Plat|Shadow Ball|p2a: Arceus\n|-damage|p2a: Arceus|68\/100\n|move|p2a: Arceus|Toxic|p1a: Never Played Plat\n|-status|p1a: Never Played Plat|tox\n|\n|-damage|p1a: Never Played Plat|84\/100 tox|[from] psn\n|upkeep\n|turn|9\n|\n|t:|1699065785\n|move|p1a: Never Played Plat|Shadow Ball|p2a: Arceus\n|-damage|p2a: Arceus|37\/100\n|move|p2a: Arceus|Recover|p2a: Arceus\n|-heal|p2a: Arceus|87\/100\n|\n|-damage|p1a: Never Played Plat|71\/100 tox|[from] psn\n|upkeep\n|turn|10\n|\n|t:|1699065805\n|switch|p1a: Mystery Box|Arceus|100\/100\n|-damage|p1a: Mystery Box|88\/100|[from] Stealth Rock\n|move|p2a: Arceus|Judgment|p1a: Mystery Box\n|-damage|p1a: Mystery Box|53\/100\n|\n|-sideend|p1: AshenAraquanid|move: Tailwind\n|upkeep\n|turn|11\n|\n|t:|1699065842\n|switch|p2a: Salamence|Salamence, F|100\/100\n|-ability|p2a: Salamence|Intimidate|boost\n|-unboost|p1a: Mystery Box|atk|1\n|move|p1a: Mystery Box|Swords Dance|p1a: Mystery Box\n|-boost|p1a: Mystery Box|atk|2\n|\n|upkeep\n|turn|12\n|\n|t:|1699065871\n|move|p1a: Mystery Box|Swords Dance|p1a: Mystery Box\n|-boost|p1a: Mystery Box|atk|2\n|move|p2a: Salamence|Toxic|p1a: Mystery Box\n|-status|p1a: Mystery Box|tox\n|-enditem|p1a: Mystery Box|Lum Berry|[eat]\n|-curestatus|p1a: Mystery Box|tox|[msg]\n|\n|upkeep\n|turn|13\n|c| Berryandon|IM SO SMART I CALLED THIS LUM BERRY IN CHAT\n|c| Berryandon|TALKING TO ALEX AND JUSTIN\n|c| HopeAddict|every turn is a mystery against logan\n|c| PaperDrMario|they did say that\n|c|\u2606AshenAraquanid|omg\n|\n|t:|1699065914\n|move|p1a: Mystery Box|Extreme Speed|p2a: Salamence\n|-damage|p2a: Salamence|18\/100\n|move|p2a: Salamence|Toxic|p1a: Mystery Box\n|-status|p1a: Mystery Box|tox\n|\n|-heal|p2a: Salamence|24\/100|[from] item: Leftovers\n|-damage|p1a: Mystery Box|47\/100 tox|[from] psn\n|upkeep\n|turn|14\n|\n|t:|1699065939\n|move|p2a: Salamence|Protect|p2a: Salamence\n|-singleturn|p2a: Salamence|Protect\n|move|p1a: Mystery Box|Zen Headbutt|p2a: Salamence\n|-activate|p2a: Salamence|move: Protect\n|\n|-heal|p2a: Salamence|30\/100|[from] item: Leftovers\n|-damage|p1a: Mystery Box|35\/100 tox|[from] psn\n|upkeep\n|turn|15\n|c| Berryandon|toxic protect mence im gonna be sick\n|c| AbstractVoid|he brought wish salamence w1\n|c| HopeAddict|it has wish i bet\n|c| AbstractVoid|hes a menace\n|\n|t:|1699066042\n|switch|p2a: Arceus|Arceus-Steel|87\/100\n|move|p1a: Mystery Box|Extreme Speed|p2a: Arceus\n|-resisted|p2a: Arceus\n|-damage|p2a: Arceus|49\/100\n|\n|-damage|p1a: Mystery Box|17\/100 tox|[from] psn\n|upkeep\n|turn|16\n|\n|t:|1699066091\n|switch|p1a: Ted|Ursaluna-Bloodmoon, M|100\/100\n|-damage|p1a: Ted|94\/100|[from] Stealth Rock\n|move|p2a: Arceus|Judgment|p1a: Ted\n|-damage|p1a: Ted|39\/100\n|\n|-heal|p1a: Ted|45\/100|[from] item: Leftovers\n|upkeep\n|turn|17\n|\n|t:|1699066175\n|switch|p1a: sushi|Ditto, shiny|100\/100\n|-damage|p1a: sushi|88\/100|[from] Stealth Rock\n|-transform|p1a: sushi|p2a: Arceus|[from] ability: Imposter\n|move|p2a: Arceus|Judgment|p1a: sushi\n|-resisted|p1a: sushi\n|-damage|p1a: sushi|63\/100\n|\n|upkeep\n|turn|18\n|\n|t:|1699066220\n|move|p1a: sushi|Stealth Rock|p2a: Arceus\n|-sidestart|p2: lonly wolf|move: Stealth Rock\n|move|p2a: Arceus|Recover|p2a: Arceus\n|-heal|p2a: Arceus|99\/100\n|\n|upkeep\n|turn|19\n|c|\u2606lonly wolf|k\n|\n|t:|1699066271\n|switch|p1a: Ted|Ursaluna-Bloodmoon, M|45\/100\n|-damage|p1a: Ted|39\/100|[from] Stealth Rock\n|move|p2a: Arceus|Judgment|p1a: Ted\n|-damage|p1a: Ted|0 fnt\n|faint|p1a: Ted\n|\n|upkeep\n|\n|t:|1699066277\n|switch|p1a: Gengar:GoodEnding|Clefable, M|100\/100\n|-damage|p1a: Gengar:GoodEnding|88\/100|[from] Stealth Rock\n|turn|20\n|\n|t:|1699066288\n|move|p2a: Arceus|Judgment|p1a: Gengar:GoodEnding\n|-supereffective|p1a: Gengar:GoodEnding\n|-damage|p1a: Gengar:GoodEnding|21\/100\n|move|p1a: Gengar:GoodEnding|Light Screen|p1a: Gengar:GoodEnding\n|-sidestart|p1: AshenAraquanid|move: Light Screen\n|\n|upkeep\n|turn|21\n|c| Berryandon|real ass clefable name\n|c|\u2606lonly wolf|no heal bell?\n|\n|t:|1699066307\n|switch|p1a: Never Played Plat|Giratina-Origin, shiny|71\/100 tox\n|-damage|p1a: Never Played Plat|59\/100 tox|[from] Stealth Rock\n|move|p2a: Arceus|Judgment|p1a: Never Played Plat\n|-damage|p1a: Never Played Plat|41\/100 tox\n|\n|-damage|p1a: Never Played Plat|34\/100 tox|[from] psn\n|upkeep\n|turn|22\n|\n|t:|1699066348\n|move|p2a: Arceus|Judgment|p1a: Never Played Plat\n|-damage|p1a: Never Played Plat|17\/100 tox\n|move|p1a: Never Played Plat|Tailwind|p1a: Never Played Plat\n|-sidestart|p1: AshenAraquanid|move: Tailwind\n|\n|-damage|p1a: Never Played Plat|5\/100 tox|[from] psn\n|upkeep\n|turn|23\n|\n|t:|1699066369\n|switch|p2a: Zapdos|Zapdos|100\/100\n|-damage|p2a: Zapdos|75\/100|[from] Stealth Rock\n|-ability|p2a: Zapdos|Pressure\n|move|p1a: Never Played Plat|Destiny Bond|p1a: Never Played Plat\n|-singlemove|p1a: Never Played Plat|Destiny Bond\n|\n|-heal|p2a: Zapdos|82\/100|[from] item: Leftovers\n|-damage|p1a: Never Played Plat|0 fnt|[from] psn\n|faint|p1a: Never Played Plat\n|upkeep\n|c|\u2606AshenAraquanid|oh no.....\n|c|\u2606lonly wolf|nice\n|\n|t:|1699066395\n|switch|p1a: Gengar:GoodEnding|Clefable, M|21\/100\n|-damage|p1a: Gengar:GoodEnding|8\/100|[from] Stealth Rock\n|turn|24\n|c| Berryandon|how do you jsut call that out\n|c|\u2606AshenAraquanid|he knows me too well\n|c|\u2606lonly wolf|why would i need to take that kill with arcues when i couldve preped for ditto or arceus instead\n|\n|t:|1699066463\n|move|p1a: Gengar:GoodEnding|Aromatherapy|p1a: Gengar:GoodEnding\n|-activate|p1a: Gengar:GoodEnding|move: Aromatherapy\n|-curestatus|p1: Mystery Box|tox|[msg]\n|move|p2a: Zapdos|Thunderbolt|p1a: Gengar:GoodEnding\n|-damage|p1a: Gengar:GoodEnding|0 fnt\n|faint|p1a: Gengar:GoodEnding\n|\n|-heal|p2a: Zapdos|88\/100|[from] item: Leftovers\n|upkeep\n|\n|t:|1699066475\n|switch|p1a: sushi|Ditto, shiny|63\/100\n|-damage|p1a: sushi|51\/100|[from] Stealth Rock\n|-transform|p1a: sushi|p2a: Zapdos|[from] ability: Imposter\n|-ability|p1a: sushi|Pressure\n|turn|25\n|c| ah3nny|\u0d9e\n|c| HopeAddict|\u0d9e\n|c|\u2606lonly wolf|how dare you\n|\n|t:|1699066530\n|move|p2a: Zapdos|Detect|p2a: Zapdos\n|-singleturn|p2a: Zapdos|Protect\n|move|p1a: sushi|Roost|p1a: sushi\n|-heal|p1a: sushi|100\/100\n|-singleturn|p1a: sushi|move: Roost\n|\n|-heal|p2a: Zapdos|94\/100|[from] item: Leftovers\n|-sideend|p1: AshenAraquanid|move: Tailwind\n|upkeep\n|turn|26\n|c| AbstractVoid|\u33b2\n|\n|t:|1699066539\n|move|p1a: sushi|Thunderbolt|p2a: Zapdos\n|-damage|p2a: Zapdos|71\/100\n|move|p2a: Zapdos|Thunderbolt|p1a: sushi\n|-damage|p1a: sushi|84\/100\n|\n|-heal|p2a: Zapdos|77\/100|[from] item: Leftovers\n|upkeep\n|turn|27\n|c| AbstractVoid|\u3374\n|c|\u2606lonly wolf|amazing\n|c|\u2606AshenAraquanid|truly\n|c| AbstractVoid|behold, the single ascii character \u33ad\n|\n|t:|1699066576\n|move|p1a: sushi|Thunderbolt|p2a: Zapdos\n|-damage|p2a: Zapdos|49\/100\n|move|p2a: Zapdos|Volt Switch|p1a: sushi\n|-damage|p1a: sushi|71\/100\n|\n|t:|1699066581\n|switch|p2a: Zacian|Zacian, shiny|100\/100|[from] Volt Switch\n|-damage|p2a: Zacian|88\/100|[from] Stealth Rock\n|-ability|p2a: Zacian|Intrepid Sword|boost\n|-boost|p2a: Zacian|atk|1\n|\n|-sideend|p1: AshenAraquanid|move: Light Screen\n|upkeep\n|turn|28\n|c| HopeAddict|\u33ad\n|\n|t:|1699066597\n|move|p1a: sushi|Detect|p1a: sushi\n|-singleturn|p1a: sushi|Protect\n|move|p2a: Zacian|Play Rough|p1a: sushi\n|-activate|p1a: sushi|move: Protect\n|\n|upkeep\n|turn|29\n|c| Berryandon|this dude looks likea f ucking laffy tafft\n|\n|t:|1699066608\n|switch|p2a: Salamence|Salamence, F|30\/100\n|-damage|p2a: Salamence|5\/100|[from] Stealth Rock\n|-ability|p2a: Salamence|Intimidate|boost\n|-unboost|p1a: sushi|atk|1\n|move|p1a: sushi|Thunderbolt|p2a: Salamence\n|-damage|p2a: Salamence|0 fnt\n|faint|p2a: Salamence\n|\n|upkeep\n|\n|t:|1699066629\n|switch|p2a: Arceus|Arceus-Steel|99\/100\n|-damage|p2a: Arceus|93\/100|[from] Stealth Rock\n|turn|30\n|\n|t:|1699066637\n|move|p2a: Arceus|Toxic|p1a: sushi\n|-status|p1a: sushi|tox\n|move|p1a: sushi|Roost|p1a: sushi\n|-heal|p1a: sushi|100\/100 tox\n|-singleturn|p1a: sushi|move: Roost\n|\n|-damage|p1a: sushi|94\/100 tox|[from] psn\n|upkeep\n|turn|31\n|\n|t:|1699066658\n|move|p1a: sushi|Detect|p1a: sushi\n|-singleturn|p1a: sushi|Protect\n|move|p2a: Arceus|Judgment|p1a: sushi\n|-activate|p1a: sushi|move: Protect\n|\n|-damage|p1a: sushi|82\/100 tox|[from] psn\n|upkeep\n|turn|32\n|\n|t:|1699066676\n|move|p2a: Arceus|Judgment|p1a: sushi\n|-resisted|p1a: sushi\n|-damage|p1a: sushi|61\/100 tox\n|move|p1a: sushi|Volt Switch|p2a: Arceus\n|-damage|p2a: Arceus|71\/100\n|\n|t:|1699066682\n|switch|p1a: Mystery Box|Arceus|17\/100|[from] Volt Switch\n|-damage|p1a: Mystery Box|4\/100|[from] Stealth Rock\n|\n|upkeep\n|turn|33\n|\n|t:|1699066702\n|switch|p2a: Alomomola|Alomomola, F|45\/100\n|-damage|p2a: Alomomola|33\/100|[from] Stealth Rock\n|move|p1a: Mystery Box|Earthquake|p2a: Alomomola\n|-damage|p2a: Alomomola|12\/100\n|\n|-heal|p2a: Alomomola|18\/100|[from] item: Leftovers\n|upkeep\n|turn|34\n|\n|t:|1699066714\n|move|p2a: Alomomola|Protect|p2a: Alomomola\n|-singleturn|p2a: Alomomola|Protect\n|move|p1a: Mystery Box|Extreme Speed|p2a: Alomomola\n|-activate|p2a: Alomomola|move: Protect\n|\n|-heal|p2a: Alomomola|24\/100|[from] item: Leftovers\n|upkeep\n|turn|35\n|\n|t:|1699066741\n|move|p1a: Mystery Box|Swords Dance|p1a: Mystery Box\n|-boost|p1a: Mystery Box|atk|2\n|move|p2a: Alomomola|Toxic|p1a: Mystery Box\n|-status|p1a: Mystery Box|tox\n|\n|-heal|p2a: Alomomola|31\/100|[from] item: Leftovers\n|-damage|p1a: Mystery Box|0 fnt|[from] psn\n|faint|p1a: Mystery Box\n|upkeep\n|\n|t:|1699066744\n|switch|p1a: sushi|Ditto, shiny|61\/100 tox\n|-damage|p1a: sushi|49\/100 tox|[from] Stealth Rock\n|-transform|p1a: sushi|p2a: Alomomola|[from] ability: Imposter\n|turn|36\n|c|\u2606lonly wolf|logan\n|c|\u2606lonly wolf|please\n|\n|t:|1699066773\n|move|p1a: sushi|Toxic|p2a: Alomomola\n|-status|p2a: Alomomola|tox\n|move|p2a: Alomomola|Wish|p2a: Alomomola\n|\n|-heal|p2a: Alomomola|37\/100 tox|[from] item: Leftovers\n|-damage|p1a: sushi|43\/100 tox|[from] psn\n|-damage|p2a: Alomomola|31\/100 tox|[from] psn\n|upkeep\n|turn|37\n|c| HopeAddict|let him cook\n|c|\u2606AshenAraquanid|i thought you were gonna switch to proc regenerator or something tbh\n|c|\u2606lonly wolf|ii thought i was too\n|c|\u2606lonly wolf|but then i thought you would greed right here at the end\n|c|\u2606AshenAraquanid|like I said he knows me too well\n|c|\u2606lonly wolf|you cant break steel arcues with my alomomola set\n|c| Berryandon|mid off\n|c| ah3nny|honk mimimimimi\n|\n|t:|1699066849\n|move|p2a: Alomomola|Protect|p2a: Alomomola\n|-singleturn|p2a: Alomomola|Protect\n|move|p1a: sushi|Wish|p1a: sushi\n|\n|-heal|p2a: Alomomola|81\/100 tox|[from] move: Wish|[wisher] Alomomola\n|-heal|p2a: Alomomola|87\/100 tox|[from] item: Leftovers\n|-damage|p2a: Alomomola|74\/100 tox|[from] psn\n|-damage|p1a: sushi|31\/100 tox|[from] psn\n|upkeep\n|turn|38\n|\n|t:|1699066858\n|move|p1a: sushi|Flip Turn|p2a: Alomomola\n|-resisted|p2a: Alomomola\n|-damage|p2a: Alomomola|70\/100 tox\n|move|p2a: Alomomola|Wish|p2a: Alomomola\n|\n|-heal|p1a: sushi|81\/100 tox|[from] move: Wish|[wisher] sushi\n|-heal|p2a: Alomomola|76\/100 tox|[from] item: Leftovers\n|-damage|p1a: sushi|63\/100 tox|[from] psn\n|-damage|p2a: Alomomola|57\/100 tox|[from] psn\n|upkeep\n|turn|39\n|\n|t:|1699066871\n|move|p2a: Alomomola|Protect|p2a: Alomomola\n|-singleturn|p2a: Alomomola|Protect\n|move|p1a: sushi|Flip Turn|p2a: Alomomola\n|-activate|p2a: Alomomola|move: Protect\n|\n|-heal|p2a: Alomomola|100\/100 tox|[from] move: Wish|[wisher] Alomomola\n|-damage|p2a: Alomomola|76\/100 tox|[from] psn\n|-damage|p1a: sushi|39\/100 tox|[from] psn\n|upkeep\n|turn|40\n|\n|t:|1699066879\n|move|p1a: sushi|Flip Turn|p2a: Alomomola\n|-resisted|p2a: Alomomola\n|-damage|p2a: Alomomola|71\/100 tox\n|move|p2a: Alomomola|Wish|p2a: Alomomola\n|\n|-heal|p2a: Alomomola|77\/100 tox|[from] item: Leftovers\n|-damage|p2a: Alomomola|46\/100 tox|[from] psn\n|-damage|p1a: sushi|9\/100 tox|[from] psn\n|upkeep\n|turn|41\n|c| Berryandon|4% \ud83d\udc80\n|c| HopeAddict|riveting ubers gameplay\n|c|\u2606lonly wolf|we dont gotta do this\n|\n|t:|1699066889\n|move|p1a: sushi|Flip Turn|p2a: Alomomola\n|-resisted|p2a: Alomomola\n|-damage|p2a: Alomomola|42\/100 tox\n|move|p2a: Alomomola|Flip Turn|p1a: sushi\n|-resisted|p1a: sushi\n|-damage|p1a: sushi|0 fnt\n|faint|p1a: sushi\n|\n|win|lonly wolf\n|c| PaperDrMario|YOU DONT GOTTA WILL\n|c| PaperDrMario|SWAP TO ARCUES\n|c| HopeAddict|its dittover...\n|c| Berryandon|i hear they play this match in torture chamber\n|c|\u2606AshenAraquanid|nah he wants me to suffer\n|c|\u2606AshenAraquanid|gg though lol\n|c|\u2606lonly wolf|he had to pay for that turn 1 styling one my ass\n|c|\u2606lonly wolf|gg for sure\n|c|\u2606AshenAraquanid|that was meant for mewtwo if I'm gonna be honest\n|l| ah3nny\n|c| Berryandon|i cant believe it worked\n|c|\u2606lonly wolf|i figured\n","uploadtime":1699066922,"views":13,"p1id":"ashenaraquanid","p2id":"lonlywolf","formatid":"gen9nationaldexubers","rating":0,"private":0,"password":""}