{"id":"gen9nationaldexubers-2000300876","p1":"Gtg g u2","p2":"Tying 98","format":"[Gen 9] National Dex Ubers","log":"|j|\u2606Gtg g u2\n|j|\u2606Tying 98\n|t:|1701182845\n|gametype|singles\n|player|p1|Gtg g u2|chase|1168\n|player|p2|Tying 98|169|1142\n|teamsize|p1|6\n|teamsize|p2|6\n|gen|9\n|tier|[Gen 9] National Dex Ubers\n|rated|\n|rule|HP Percentage Mod: HP is shown in percentages\n|rule|Endless Battle Clause: Forcing endless battles is banned\n|rule|OHKO Clause: OHKO moves are banned\n|rule|Evasion Moves Clause: Evasion moves are banned\n|rule|Evasion Items Clause: Evasion items are banned\n|rule|Species Clause: Limit one of each Pok\u00e9mon\n|rule|Sleep Clause Mod: Limit one foe put to sleep\n|rule|Mega Rayquaza Clause: You cannot mega evolve Rayquaza\n|clearpoke\n|poke|p1|Pikachu, M|\n|poke|p1|Kleavor, M|\n|poke|p1|Gengar, M|\n|poke|p1|Lucario, M|\n|poke|p1|Flygon, F|\n|poke|p1|Melmetal|\n|poke|p2|Drifblim, M|\n|poke|p2|Typhlosion-Hisui, M|\n|poke|p2|Mimikyu, M|\n|poke|p2|Granbull, M|\n|poke|p2|Capsakid, F|\n|poke|p2|Leafeon, M|\n|teampreview\n|inactive|Battle timer is ON: inactive players will automatically lose when time's up. (requested by Gtg g u2)\n|inactive|Tying 98 has 120 seconds left.\n|\n|t:|1701182878\n|start\n|switch|p1a: Kleavor|Kleavor, M|100\/100\n|switch|p2a: BALOOON|Drifblim, M|100\/100\n|turn|1\n|\n|t:|1701182891\n|move|p1a: Kleavor|Stone Axe|p2a: BALOOON\n|-supereffective|p2a: BALOOON\n|-damage|p2a: BALOOON|3\/100\n|-enditem|p2a: BALOOON|Weakness Policy\n|-boost|p2a: BALOOON|atk|2|[from] item: Weakness Policy\n|-boost|p2a: BALOOON|spa|2|[from] item: Weakness Policy\n|-sidestart|p2: Tying 98|move: Stealth Rock\n|move|p2a: BALOOON|Air Slash|p1a: Kleavor\n|-damage|p1a: Kleavor|0 fnt\n|faint|p1a: Kleavor\n|\n|upkeep\n|\n|t:|1701182904\n|switch|p1a: Melmetal|Melmetal|100\/100\n|turn|2\n|\n|t:|1701182907\n|move|p2a: BALOOON|Destiny Bond|p2a: BALOOON\n|-singlemove|p2a: BALOOON|Destiny Bond\n|move|p1a: Melmetal|Double Iron Bash|p2a: BALOOON\n|-damage|p2a: BALOOON|0 fnt\n|faint|p2a: BALOOON\n|-activate|p2a: BALOOON|move: Destiny Bond\n|faint|p1a: Melmetal\n|-hitcount|p2: BALOOON|1\n|\n|upkeep\n|\n|t:|1701182916\n|switch|p2a: MI_PADRE|Granbull, M, shiny|100\/100\n|switch|p1a: Pikachu|Pikachu, M|100\/100\n|-damage|p2a: MI_PADRE|88\/100|[from] Stealth Rock\n|-ability|p2a: MI_PADRE|Intimidate|boost\n|-unboost|p1a: Pikachu|atk|1\n|turn|3\n|\n|t:|1701182922\n|move|p1a: Pikachu|Thunderbolt|p2a: MI_PADRE\n|-damage|p2a: MI_PADRE|57\/100\n|move|p2a: MI_PADRE|Earthquake|p1a: Pikachu\n|-supereffective|p1a: Pikachu\n|-damage|p1a: Pikachu|0 fnt\n|faint|p1a: Pikachu\n|\n|upkeep\n|\n|t:|1701182926\n|switch|p1a: Gengar|Gengar, M|100\/100\n|turn|4\n|inactive|Tying 98 has 120 seconds left.\n|\n|t:|1701182967\n|switch|p2a: cactusuicida|Capsakid, F|100\/100\n|-damage|p2a: cactusuicida|88\/100|[from] Stealth Rock\n|move|p1a: Gengar|Sludge Bomb|p2a: cactusuicida\n|-supereffective|p2a: cactusuicida\n|-damage|p2a: cactusuicida|6\/100\n|-status|p2a: cactusuicida|psn\n|\n|-damage|p2a: cactusuicida|0 fnt|[from] psn\n|faint|p2a: cactusuicida\n|upkeep\n|\n|t:|1701182979\n|switch|p2a: Pikachu fake|Mimikyu, M|100\/100\n|-damage|p2a: Pikachu fake|88\/100|[from] Stealth Rock\n|turn|5\n|\n|t:|1701182982\n|move|p1a: Gengar|Sludge Bomb|p2a: Pikachu fake\n|-activate|p2a: Pikachu fake|ability: Disguise\n|-damage|p2a: Pikachu fake|88\/100\n|-status|p2a: Pikachu fake|psn\n|detailschange|p2a: Pikachu fake|Mimikyu-Busted, M\n|-damage|p2a: Pikachu fake|76\/100 psn|[from] pokemon: Mimikyu-Busted\n|move|p2a: Pikachu fake|Shadow Claw|p1a: Gengar\n|-supereffective|p1a: Gengar\n|-enditem|p1a: Gengar|Focus Sash\n|-damage|p1a: Gengar|1\/100\n|-damage|p2a: Pikachu fake|66\/100 psn|[from] item: Life Orb\n|\n|-damage|p2a: Pikachu fake|53\/100 psn|[from] psn\n|upkeep\n|turn|6\n|\n|t:|1701182987\n|switch|p1a: Flygon|Flygon, F|100\/100\n|move|p2a: Pikachu fake|Shadow Sneak|p1a: Flygon\n|-damage|p1a: Flygon|69\/100\n|-damage|p2a: Pikachu fake|44\/100 psn|[from] item: Life Orb\n|\n|-damage|p2a: Pikachu fake|31\/100 psn|[from] psn\n|upkeep\n|turn|7\n|\n|t:|1701182993\n|-terastallize|p1a: Flygon|Steel\n|move|p2a: Pikachu fake|Play Rough|p1a: Flygon\n|-resisted|p1a: Flygon\n|-damage|p1a: Flygon|38\/100\n|-unboost|p1a: Flygon|atk|1\n|-damage|p2a: Pikachu fake|21\/100 psn|[from] item: Life Orb\n|move|p1a: Flygon|Earthquake|p2a: Pikachu fake\n|-damage|p2a: Pikachu fake|0 fnt\n|faint|p2a: Pikachu fake\n|-damage|p1a: Flygon|28\/100|[from] item: Life Orb\n|\n|upkeep\n|\n|t:|1701183007\n|switch|p2a: Leafeon|Leafeon, M, shiny|100\/100\n|-damage|p2a: Leafeon|88\/100|[from] Stealth Rock\n|turn|8\n|\n|t:|1701183010\n|move|p2a: Leafeon|Leaf Blade|p1a: Flygon\n|-resisted|p1a: Flygon\n|-damage|p1a: Flygon|0 fnt\n|faint|p1a: Flygon\n|-damage|p2a: Leafeon|78\/100|[from] item: Life Orb\n|\n|upkeep\n|\n|t:|1701183012\n|switch|p1a: Gengar|Gengar, M|1\/100\n|turn|9\n|\n|t:|1701183022\n|move|p1a: Gengar|Sludge Bomb|p2a: Leafeon\n|-supereffective|p2a: Leafeon\n|-damage|p2a: Leafeon|0 fnt\n|faint|p2a: Leafeon\n|\n|upkeep\n|\n|t:|1701183032\n|switch|p2a: Dios proveera**2|Typhlosion-Hisui, M, shiny|100\/100\n|-damage|p2a: Dios proveera**2|76\/100|[from] Stealth Rock\n|turn|10\n|\n|t:|1701183035\n|-terastallize|p2a: Dios proveera**2|Ground\n|move|p1a: Gengar|Shadow Ball|p2a: Dios proveera**2\n|-damage|p2a: Dios proveera**2|14\/100\n|move|p2a: Dios proveera**2|Tera Blast|p1a: Gengar|[anim] Tera Blast Ground\n|-supereffective|p1a: Gengar\n|-damage|p1a: Gengar|0 fnt\n|-start|p2a: Dios proveera**2|Disable|Tera Blast|[from] ability: Cursed Body|[of] p1a: Gengar\n|faint|p1a: Gengar\n|\n|upkeep\n|\n|t:|1701183039\n|switch|p1a: Lucario|Lucario, M|100\/100\n|turn|11\n|\n|t:|1701183044\n|switch|p2a: MI_PADRE|Granbull, M, shiny|57\/100\n|-damage|p2a: MI_PADRE|45\/100|[from] Stealth Rock\n|-ability|p2a: MI_PADRE|Intimidate|boost\n|-unboost|p1a: Lucario|atk|1\n|detailschange|p1a: Lucario|Lucario-Mega, M\n|-mega|p1a: Lucario|Lucario|Lucarionite\n|move|p1a: Lucario|Aura Sphere|p2a: MI_PADRE\n|-resisted|p2a: MI_PADRE\n|-damage|p2a: MI_PADRE|17\/100\n|\n|upkeep\n|turn|12\n|\n|t:|1701183047\n|move|p1a: Lucario|Aura Sphere|p2a: MI_PADRE\n|-resisted|p2a: MI_PADRE\n|-damage|p2a: MI_PADRE|0 fnt\n|faint|p2a: MI_PADRE\n|\n|upkeep\n|\n|t:|1701183050\n|switch|p2a: Dios proveera**2|Typhlosion-Hisui, M, shiny, tera:Ground|14\/100\n|-damage|p2a: Dios proveera**2|8\/100|[from] Stealth Rock\n|turn|13\n|\n|t:|1701183055\n|move|p1a: Lucario|Aura Sphere|p2a: Dios proveera**2\n|-damage|p2a: Dios proveera**2|0 fnt\n|faint|p2a: Dios proveera**2\n|\n|win|Gtg g u2\n|raw|Gtg g u2's rating: 1168 &rarr; <strong>1190<\/strong><br \/>(+22 for winning)\n|raw|Tying 98's rating: 1123 &rarr; <strong>1101<\/strong><br \/>(-22 for losing)\n","uploadtime":1701183057,"views":2,"p1id":"gtggu2","p2id":"tying98","formatid":"gen9nationaldexubers","rating":1101,"private":0,"password":""}