{"id":"gen9nationaldexubers-1992106244","p1":"enma 6","p2":"saulstone82","format":"[Gen 9] National Dex Ubers","log":"|j|\u2606enma 6\n|j|\u2606saulstone82\n|t:|1700155607\n|gametype|singles\n|player|p1|enma 6|101|1054\n|player|p2|saulstone82|102|1148\n|teamsize|p1|5\n|teamsize|p2|2\n|gen|9\n|tier|[Gen 9] National Dex Ubers\n|rated|\n|rule|HP Percentage Mod: HP is shown in percentages\n|rule|Endless Battle Clause: Forcing endless battles is banned\n|rule|OHKO Clause: OHKO moves are banned\n|rule|Evasion Moves Clause: Evasion moves are banned\n|rule|Evasion Items Clause: Evasion items are banned\n|rule|Species Clause: Limit one of each Pok\u00e9mon\n|rule|Sleep Clause Mod: Limit one foe put to sleep\n|rule|Mega Rayquaza Clause: You cannot mega evolve Rayquaza\n|clearpoke\n|poke|p1|Kyurem-White|\n|poke|p1|Yveltal|\n|poke|p1|Diancie|\n|poke|p1|Swampert, M|\n|poke|p1|Kartana|\n|poke|p2|Whimsicott, L1, F|\n|poke|p2|Salamence, M|\n|teampreview\n|\n|t:|1700155616\n|start\n|switch|p1a: Swampert|Swampert, M|100\/100\n|switch|p2a: Whimsicott|Whimsicott, L1, F|100\/100\n|turn|1\n|\n|t:|1700155630\n|move|p2a: Whimsicott|Leech Seed|p1a: Swampert|[miss]\n|-miss|p2a: Whimsicott|p1a: Swampert\n|move|p1a: Swampert|Hidden Power|p2a: Whimsicott\n|-supereffective|p2a: Whimsicott\n|-enditem|p2a: Whimsicott|Focus Sash\n|-damage|p2a: Whimsicott|8\/100\n|\n|upkeep\n|turn|2\n|\n|t:|1700155643\n|move|p2a: Whimsicott|Memento|p1a: Swampert\n|-unboost|p1a: Swampert|atk|2\n|-unboost|p1a: Swampert|spa|2\n|faint|p2a: Whimsicott\n|move|p1a: Swampert|Stone Edge|p2: Whimsicott|[notarget]\n|-fail|p1a: Swampert\n|\n|upkeep\n|\n|t:|1700155657\n|switch|p2a: Salamence|Salamence, M|100\/100\n|turn|3\n|\n|t:|1700155665\n|switch|p1a: Diancie|Diancie|100\/100\n|move|p2a: Salamence|Dragon Dance|p2a: Salamence\n|-boost|p2a: Salamence|atk|1\n|-boost|p2a: Salamence|spe|1\n|\n|upkeep\n|turn|4\n|\n|t:|1700155675\n|-terastallize|p2a: Salamence|Steel\n|move|p2a: Salamence|Dragon Dance|p2a: Salamence\n|-boost|p2a: Salamence|atk|1\n|-boost|p2a: Salamence|spe|1\n|move|p1a: Diancie|Misty Explosion|p2a: Salamence\n|-resisted|p2a: Salamence\n|-damage|p2a: Salamence|75\/100\n|faint|p1a: Diancie\n|\n|-heal|p2a: Salamence|81\/100|[from] item: Leftovers\n|upkeep\n|\n|t:|1700155695\n|switch|p1a: Kartana|Kartana|100\/100\n|turn|5\n|\n|t:|1700155701\n|move|p2a: Salamence|Brick Break|p1a: Kartana\n|-supereffective|p1a: Kartana\n|-enditem|p1a: Kartana|Focus Sash\n|-damage|p1a: Kartana|1\/100\n|move|p1a: Kartana|Hidden Power|p2a: Salamence\n|-supereffective|p2a: Salamence\n|-damage|p2a: Salamence|60\/100\n|\n|-heal|p2a: Salamence|66\/100|[from] item: Leftovers\n|upkeep\n|turn|6\n|\n|t:|1700155717\n|switch|p1a: Kyurem|Kyurem-White|100\/100\n|-ability|p1a: Kyurem|Turboblaze\n|move|p2a: Salamence|Brick Break|p1a: Kyurem\n|-supereffective|p1a: Kyurem\n|-enditem|p1a: Kyurem|Focus Sash\n|-damage|p1a: Kyurem|1\/100\n|\n|-heal|p2a: Salamence|72\/100|[from] item: Leftovers\n|upkeep\n|turn|7\n|\n|t:|1700155732\n|move|p2a: Salamence|Brick Break|p1a: Kyurem\n|-supereffective|p1a: Kyurem\n|-damage|p1a: Kyurem|0 fnt\n|faint|p1a: Kyurem\n|-ability|p2a: Salamence|Moxie|boost\n|-boost|p2a: Salamence|atk|1\n|\n|-heal|p2a: Salamence|78\/100|[from] item: Leftovers\n|upkeep\n|\n|t:|1700155742\n|switch|p1a: Yveltal|Yveltal|100\/100\n|-ability|p1a: Yveltal|Dark Aura\n|turn|8\n|\n|t:|1700155750\n|move|p2a: Salamence|Dual Wingbeat|p1a: Yveltal\n|-damage|p1a: Yveltal|46\/100\n|-damage|p1a: Yveltal|0 fnt\n|faint|p1a: Yveltal\n|-ability|p2a: Salamence|Moxie|boost\n|-boost|p2a: Salamence|atk|1\n|-hitcount|p1: Yveltal|2\n|\n|-heal|p2a: Salamence|84\/100|[from] item: Leftovers\n|upkeep\n|\n|t:|1700155761\n|switch|p1a: Swampert|Swampert, M|100\/100\n|turn|9\n|\n|t:|1700155778\n|move|p2a: Salamence|Earthquake|p1a: Swampert\n|-damage|p1a: Swampert|0 fnt\n|faint|p1a: Swampert\n|-ability|p2a: Salamence|Moxie|boost\n|-boost|p2a: Salamence|atk|1\n|\n|-heal|p2a: Salamence|90\/100|[from] item: Leftovers\n|upkeep\n|\n|t:|1700155789\n|switch|p1a: Kartana|Kartana|1\/100\n|turn|10\n|inactive|Battle timer is ON: inactive players will automatically lose when time's up. (requested by saulstone82)\n|\n|t:|1700155806\n|move|p2a: Salamence|Earthquake|p1a: Kartana\n|-damage|p1a: Kartana|0 fnt\n|faint|p1a: Kartana\n|\n|win|saulstone82\n|raw|enma 6's rating: 1054 &rarr; <strong>1041<\/strong><br \/>(-13 for losing)\n|raw|saulstone82's rating: 1148 &rarr; <strong>1166<\/strong><br \/>(+18 for winning)\n|l|\u2606saulstone82\n|l|\u2606enma 6\n","uploadtime":1700155896,"views":8,"p1id":"enma6","p2id":"saulstone82","formatid":"gen9nationaldexubers","rating":1041,"private":0,"password":""}