{"id":"gen9nationaldexubers-1995492153","p1":"RUMYMOME","p2":"Penter","format":"[Gen 9] National Dex Ubers","log":"|j|\u2606RUMYMOME\n|j|\u2606Penter\n|inactive|Battle timer is ON: inactive players will automatically lose when time's up.\n|j|*Lady Monita \u2746\n|t:|1700576675\n|gametype|singles\n|player|p1|RUMYMOME|marshal|\n|player|p2|Penter|n|\n|teamsize|p1|6\n|teamsize|p2|6\n|gen|9\n|tier|[Gen 9] National Dex Ubers\n|rated|Tournament battle\n|rule|HP Percentage Mod: HP is shown in percentages\n|rule|Endless Battle Clause: Forcing endless battles is banned\n|rule|OHKO Clause: OHKO moves are banned\n|rule|Evasion Moves Clause: Evasion moves are banned\n|rule|Evasion Items Clause: Evasion items are banned\n|rule|Species Clause: Limit one of each Pok\u00e9mon\n|rule|Sleep Clause Mod: Limit one foe put to sleep\n|rule|Mega Rayquaza Clause: You cannot mega evolve Rayquaza\n|clearpoke\n|poke|p1|Kommo-o, F|\n|poke|p1|Kyogre-Primal|\n|poke|p1|Xerneas-*|\n|poke|p1|Aerodactyl-Mega, F|\n|poke|p1|Blaziken-Mega, M|\n|poke|p1|Zacian-Crowned|\n|poke|p2|Kyurem-White|\n|poke|p2|Zygarde-Complete|\n|poke|p2|Xerneas-*|\n|poke|p2|Kyogre-Primal|\n|poke|p2|Metagross-Mega|\n|poke|p2|Yveltal|\n|teampreview\n|inactive|RUMYMOME has 120 seconds left.\n|inactive|Penter has 120 seconds left.\n|\n|t:|1700576713\n|start\n|switch|p1a: Blaziken|Blaziken-Mega, M|100\/100\n|switch|p2a: Kyurem|Kyurem-White|100\/100\n|-ability|p2a: Kyurem|Turboblaze\n|turn|1\n|j| Yeet259\n|\n|t:|1700576732\n|move|p1a: Blaziken|Swords Dance|p1a: Blaziken\n|-boost|p1a: Blaziken|atk|2\n|move|p2a: Kyurem|Earth Power|p1a: Blaziken\n|-supereffective|p1a: Blaziken\n|-enditem|p1a: Blaziken|Focus Sash\n|-damage|p1a: Blaziken|1\/100\n|\n|-ability|p1a: Blaziken|Speed Boost|boost\n|-boost|p1a: Blaziken|spe|1\n|upkeep\n|turn|2\n|\n|t:|1700576755\n|move|p1a: Blaziken|High Jump Kick|p2a: Kyurem|[miss]\n|-miss|p1a: Blaziken|p2a: Kyurem\n|-damage|p1a: Blaziken|0 fnt|[from] highjumpkick\n|faint|p1a: Blaziken\n|move|p2a: Kyurem|Freeze-Dry|p1: Blaziken|[notarget]\n|-fail|p2a: Kyurem\n|\n|upkeep\n|c|\u2606Penter|oof\n|\n|t:|1700576761\n|switch|p1a: Xerneas|Xerneas|100\/100\n|-ability|p1a: Xerneas|Fairy Aura\n|turn|3\n|\n|t:|1700576769\n|switch|p2a: Metagross|Metagross-Mega|100\/100\n|move|p1a: Xerneas|Geomancy||[still]\n|-prepare|p1a: Xerneas|Geomancy\n|-enditem|p1a: Xerneas|Power Herb\n|-anim|p1a: Xerneas|Geomancy|p1a: Xerneas\n|-boost|p1a: Xerneas|spa|2\n|-boost|p1a: Xerneas|spd|2\n|-boost|p1a: Xerneas|spe|2\n|\n|upkeep\n|turn|4\n|c|\u2606RUMYMOME|I'm so fing done with this move\n|\n|t:|1700576787\n|-terastallize|p1a: Xerneas|Steel\n|move|p1a: Xerneas|Thunderbolt|p2a: Metagross\n|-damage|p2a: Metagross|52\/100\n|move|p2a: Metagross|Iron Head|p1a: Xerneas\n|-resisted|p1a: Xerneas\n|-damage|p1a: Xerneas|74\/100\n|\n|upkeep\n|turn|5\n|\n|t:|1700576792\n|move|p1a: Xerneas|Thunderbolt|p2a: Metagross\n|-damage|p2a: Metagross|5\/100\n|move|p2a: Metagross|Earthquake|p1a: Xerneas\n|-supereffective|p1a: Xerneas\n|-damage|p1a: Xerneas|11\/100\n|\n|upkeep\n|turn|6\n|\n|t:|1700576795\n|move|p2a: Metagross|Bullet Punch|p1a: Xerneas\n|-resisted|p1a: Xerneas\n|-damage|p1a: Xerneas|0 fnt\n|faint|p1a: Xerneas\n|\n|upkeep\n|\n|t:|1700576800\n|switch|p1a: Kommo-o|Kommo-o, F|100\/100\n|turn|7\n|\n|t:|1700576805\n|move|p2a: Metagross|Ice Punch|p1a: Kommo-o\n|-supereffective|p1a: Kommo-o\n|-crit|p1a: Kommo-o\n|-damage|p1a: Kommo-o|0 fnt\n|faint|p1a: Kommo-o\n|\n|upkeep\n|j| Bunnysai\n|l| Yeet259\n|\n|t:|1700576813\n|switch|p1a: Zacian|Zacian-Crowned|100\/100\n|-ability|p1a: Zacian|Intrepid Sword|boost\n|-boost|p1a: Zacian|atk|1\n|turn|8\n|\n|t:|1700576818\n|move|p2a: Metagross|Bullet Punch|p1a: Zacian\n|-damage|p1a: Zacian|72\/100\n|move|p1a: Zacian|Swords Dance|p1a: Zacian\n|-boost|p1a: Zacian|atk|2\n|\n|upkeep\n|turn|9\n|j| superbooboobear\n|\n|t:|1700576822\n|move|p2a: Metagross|Bullet Punch|p1a: Zacian\n|-damage|p1a: Zacian|44\/100\n|move|p1a: Zacian|Behemoth Blade|p2a: Metagross\n|-resisted|p2a: Metagross\n|-damage|p2a: Metagross|0 fnt\n|faint|p2a: Metagross\n|\n|upkeep\n|l| superbooboobear\n|inactive|Penter has 120 seconds left.\n|\n|t:|1700576868\n|switch|p2a: Kyogre|Kyogre-Primal|100\/100\n|-weather|PrimordialSea|[from] ability: Primordial Sea|[of] p2a: Kyogre\n|turn|10\n|\n|t:|1700576878\n|move|p1a: Zacian|Close Combat|p2a: Kyogre\n|-crit|p2a: Kyogre\n|-damage|p2a: Kyogre|0 fnt\n|-unboost|p1a: Zacian|def|1\n|-unboost|p1a: Zacian|spd|1\n|faint|p2a: Kyogre\n|-weather|none\n|\n|upkeep\n|\n|t:|1700576895\n|switch|p2a: Zygarde|Zygarde-Complete|100\/100\n|turn|11\n|\n|t:|1700576903\n|move|p1a: Zacian|Play Rough|p2a: Zygarde|[miss]\n|-miss|p1a: Zacian|p2a: Zygarde\n|move|p2a: Zygarde|Thousand Arrows|p1a: Zacian\n|-supereffective|p1a: Zacian\n|-damage|p1a: Zacian|0 fnt\n|faint|p1a: Zacian\n|\n|upkeep\n|c|\u2606RUMYMOME|Fmfl\n|c|\u2606RUMYMOME|F\n|\n|t:|1700576916\n|switch|p1a: Kyogre|Kyogre-Primal|100\/100\n|-weather|PrimordialSea|[from] ability: Primordial Sea|[of] p1a: Kyogre\n|turn|12\n|c|\u2606Penter|that ones for the crit earlier\n|\n|t:|1700576933\n|switch|p2a: Kyurem|Kyurem-White|100\/100\n|-ability|p2a: Kyurem|Turboblaze\n|move|p1a: Kyogre|Ice Beam|p2a: Kyurem\n|-damage|p2a: Kyurem|75\/100\n|\n|-weather|PrimordialSea|[upkeep]\n|-heal|p2a: Kyurem|81\/100|[from] item: Leftovers\n|upkeep\n|turn|13\n|\n|t:|1700576940\n|-weather|none\n|switch|p1a: Aerodactyl|Aerodactyl-Mega, F|100\/100\n|move|p2a: Kyurem|Freeze-Dry|p1a: Aerodactyl\n|-supereffective|p1a: Aerodactyl\n|-crit|p1a: Aerodactyl\n|-enditem|p1a: Aerodactyl|Focus Sash\n|-damage|p1a: Aerodactyl|1\/100\n|-status|p1a: Aerodactyl|frz\n|\n|-heal|p2a: Kyurem|87\/100|[from] item: Leftovers\n|upkeep\n|turn|14\n|c|\u2606RUMYMOME|Bs all the way\n|\n|t:|1700576954\n|cant|p1a: Aerodactyl|frz\n|move|p2a: Kyurem|Freeze-Dry|p1a: Aerodactyl\n|-supereffective|p1a: Aerodactyl\n|-damage|p1a: Aerodactyl|0 fnt\n|faint|p1a: Aerodactyl\n|\n|-heal|p2a: Kyurem|93\/100|[from] item: Leftovers\n|upkeep\n|\n|t:|1700576956\n|switch|p1a: Kyogre|Kyogre-Primal|100\/100\n|-weather|PrimordialSea|[from] ability: Primordial Sea|[of] p1a: Kyogre\n|turn|15\n|-message|RUMYMOME forfeited.\n|\n|win|Penter\n|n|\u2606RUMYMOME|rumymome\n|n|\u2606Penter|penter\n|n|*Lady Monita \u2746|ladymonita\n|n| Bunnysai|bunnysai\n|l|*Lady Monita \u2746\n|l|\u2606RUMYMOME\n|l|\u2606Penter\n|j|\u2606RUMYMOME\n|player|p1|RUMYMOME|marshal\n|c|\u2606RUMYMOME|Two 90% misses two crits one freeze f u rng\n|l| Bunnysai\n","uploadtime":1700577215,"views":0,"p1id":"rumymome","p2id":"penter","formatid":"gen9nationaldexubers","rating":0,"private":0,"password":""}