{"id":"gen9nationaldexubers-1994726013","p1":"Michaussette","p2":"DRAGON-M0DE\u2695\ufe0f","format":"[Gen 9] National Dex Ubers","log":"|j|\u2606Michaussette\n|j|\u2606DRAGON-M0DE\u2695\ufe0f\n|t:|1700486200\n|gametype|singles\n|player|p1|Michaussette|sonia|1241\n|player|p2|DRAGON-M0DE\u2695\ufe0f|clair|1220\n|teamsize|p1|6\n|teamsize|p2|6\n|gen|9\n|tier|[Gen 9] National Dex Ubers\n|rated|\n|rule|HP Percentage Mod: HP is shown in percentages\n|rule|Endless Battle Clause: Forcing endless battles is banned\n|rule|OHKO Clause: OHKO moves are banned\n|rule|Evasion Moves Clause: Evasion moves are banned\n|rule|Evasion Items Clause: Evasion items are banned\n|rule|Species Clause: Limit one of each Pok\u00e9mon\n|rule|Sleep Clause Mod: Limit one foe put to sleep\n|rule|Mega Rayquaza Clause: You cannot mega evolve Rayquaza\n|clearpoke\n|poke|p1|Skeledirge, F|\n|poke|p1|Suicune|\n|poke|p1|Regieleki|\n|poke|p1|Ho-Oh|\n|poke|p1|Tsareena, F|\n|poke|p1|Meowscarada, M|\n|poke|p2|Silvally-*|\n|poke|p2|Dragonite, M|\n|poke|p2|Goodra, F|\n|poke|p2|Haxorus, M|\n|poke|p2|Dialga|\n|poke|p2|Eternatus|\n|teampreview\n|inactive|Battle timer is ON: inactive players will automatically lose when time's up. (requested by Michaussette)\n|\n|t:|1700486217\n|start\n|switch|p1a: Dog|Suicune, shiny|100\/100\n|switch|p2a: \u2695\ufe0f\ud83d\udc09ETERNATUS\ud83d\udc09\u2695\ufe0f|Eternatus, shiny|100\/100\n|-ability|p2a: \u2695\ufe0f\ud83d\udc09ETERNATUS\ud83d\udc09\u2695\ufe0f|Pressure\n|-ability|p1a: Dog|Pressure\n|turn|1\n|\n|t:|1700486230\n|move|p2a: \u2695\ufe0f\ud83d\udc09ETERNATUS\ud83d\udc09\u2695\ufe0f|Dragon Dance|p2a: \u2695\ufe0f\ud83d\udc09ETERNATUS\ud83d\udc09\u2695\ufe0f\n|-boost|p2a: \u2695\ufe0f\ud83d\udc09ETERNATUS\ud83d\udc09\u2695\ufe0f|atk|1\n|-boost|p2a: \u2695\ufe0f\ud83d\udc09ETERNATUS\ud83d\udc09\u2695\ufe0f|spe|1\n|move|p1a: Dog|Calm Mind|p1a: Dog\n|-boost|p1a: Dog|spa|1\n|-boost|p1a: Dog|spd|1\n|\n|upkeep\n|turn|2\n|\n|t:|1700486242\n|-terastallize|p2a: \u2695\ufe0f\ud83d\udc09ETERNATUS\ud83d\udc09\u2695\ufe0f|Dragon\n|move|p2a: \u2695\ufe0f\ud83d\udc09ETERNATUS\ud83d\udc09\u2695\ufe0f|Dynamax Cannon|p1a: Dog\n|-damage|p1a: Dog|51\/100\n|move|p1a: Dog|Whirlpool|p2a: \u2695\ufe0f\ud83d\udc09ETERNATUS\ud83d\udc09\u2695\ufe0f\n|-resisted|p2a: \u2695\ufe0f\ud83d\udc09ETERNATUS\ud83d\udc09\u2695\ufe0f\n|-damage|p2a: \u2695\ufe0f\ud83d\udc09ETERNATUS\ud83d\udc09\u2695\ufe0f|94\/100\n|-activate|p2a: \u2695\ufe0f\ud83d\udc09ETERNATUS\ud83d\udc09\u2695\ufe0f|move: Whirlpool|[of] p1a: Dog\n|\n|-heal|p1a: Dog|58\/100|[from] item: Leftovers\n|-damage|p2a: \u2695\ufe0f\ud83d\udc09ETERNATUS\ud83d\udc09\u2695\ufe0f|81\/100|[from] move: Whirlpool|[partiallytrapped]\n|upkeep\n|turn|3\n|\n|t:|1700486254\n|move|p1a: Dog|Protect|p1a: Dog\n|-singleturn|p1a: Dog|Protect\n|move|p2a: \u2695\ufe0f\ud83d\udc09ETERNATUS\ud83d\udc09\u2695\ufe0f|Dynamax Cannon|p1a: Dog\n|-activate|p1a: Dog|move: Protect\n|\n|-heal|p1a: Dog|64\/100|[from] item: Leftovers\n|-damage|p2a: \u2695\ufe0f\ud83d\udc09ETERNATUS\ud83d\udc09\u2695\ufe0f|69\/100|[from] move: Whirlpool|[partiallytrapped]\n|upkeep\n|turn|4\n|\n|t:|1700486264\n|move|p2a: \u2695\ufe0f\ud83d\udc09ETERNATUS\ud83d\udc09\u2695\ufe0f|Eternabeam|p1a: Dog\n|-damage|p1a: Dog|0 fnt\n|-mustrecharge|p2a: \u2695\ufe0f\ud83d\udc09ETERNATUS\ud83d\udc09\u2695\ufe0f\n|faint|p1a: Dog\n|\n|-end|p2a: \u2695\ufe0f\ud83d\udc09ETERNATUS\ud83d\udc09\u2695\ufe0f|Whirlpool|[partiallytrapped]|[silent]\n|upkeep\n|\n|t:|1700486290\n|switch|p1a: Croc|Skeledirge, F|100\/100\n|turn|5\n|\n|t:|1700486294\n|cant|p2a: \u2695\ufe0f\ud83d\udc09ETERNATUS\ud83d\udc09\u2695\ufe0f|recharge\n|move|p1a: Croc|Torch Song|p2a: \u2695\ufe0f\ud83d\udc09ETERNATUS\ud83d\udc09\u2695\ufe0f\n|-resisted|p2a: \u2695\ufe0f\ud83d\udc09ETERNATUS\ud83d\udc09\u2695\ufe0f\n|-damage|p2a: \u2695\ufe0f\ud83d\udc09ETERNATUS\ud83d\udc09\u2695\ufe0f|57\/100\n|-boost|p1a: Croc|spa|1\n|\n|upkeep\n|turn|6\n|\n|t:|1700486304\n|move|p2a: \u2695\ufe0f\ud83d\udc09ETERNATUS\ud83d\udc09\u2695\ufe0f|Dynamax Cannon|p1a: Croc\n|-damage|p1a: Croc|0 fnt\n|faint|p1a: Croc\n|\n|upkeep\n|\n|t:|1700486322\n|switch|p1a: Catnival|Meowscarada, M, shiny|100\/100\n|turn|7\n|\n|t:|1700486327\n|move|p1a: Catnival|Sucker Punch|p2a: \u2695\ufe0f\ud83d\udc09ETERNATUS\ud83d\udc09\u2695\ufe0f\n|-start|p1a: Catnival|typechange|Dark|[from] ability: Protean\n|-damage|p2a: \u2695\ufe0f\ud83d\udc09ETERNATUS\ud83d\udc09\u2695\ufe0f|12\/100\n|move|p2a: \u2695\ufe0f\ud83d\udc09ETERNATUS\ud83d\udc09\u2695\ufe0f|Dynamax Cannon|p1a: Catnival\n|-damage|p1a: Catnival|0 fnt\n|faint|p1a: Catnival\n|\n|upkeep\n|\n|t:|1700486333\n|switch|p1a: Gaybird|Ho-Oh|100\/100\n|turn|8\n|\n|t:|1700486338\n|move|p2a: \u2695\ufe0f\ud83d\udc09ETERNATUS\ud83d\udc09\u2695\ufe0f|Eternabeam|p1a: Gaybird\n|-damage|p1a: Gaybird|27\/100\n|-mustrecharge|p2a: \u2695\ufe0f\ud83d\udc09ETERNATUS\ud83d\udc09\u2695\ufe0f\n|move|p1a: Gaybird|Brave Bird|p2a: \u2695\ufe0f\ud83d\udc09ETERNATUS\ud83d\udc09\u2695\ufe0f\n|-damage|p2a: \u2695\ufe0f\ud83d\udc09ETERNATUS\ud83d\udc09\u2695\ufe0f|0 fnt\n|faint|p2a: \u2695\ufe0f\ud83d\udc09ETERNATUS\ud83d\udc09\u2695\ufe0f\n|-damage|p1a: Gaybird|23\/100|[from] Recoil\n|\n|upkeep\n|\n|t:|1700486361\n|switch|p2a: SILVALLY\ud83d\udc09DRAGON\u2695\ufe0f|Silvally-Dragon|100\/100\n|turn|9\n|\n|t:|1700486365\n|move|p2a: SILVALLY\ud83d\udc09DRAGON\u2695\ufe0f|Multi-Attack|p1a: Gaybird\n|-damage|p1a: Gaybird|0 fnt\n|faint|p1a: Gaybird\n|\n|upkeep\n|\n|t:|1700486374\n|switch|p1a: Queen|Tsareena, F, shiny|100\/100\n|turn|10\n|\n|t:|1700486379\n|-terastallize|p1a: Queen|Fairy\n|move|p2a: SILVALLY\ud83d\udc09DRAGON\u2695\ufe0f|Multi-Attack|p1a: Queen\n|-immune|p1a: Queen\n|move|p1a: Queen|Trailblaze|p2a: SILVALLY\ud83d\udc09DRAGON\u2695\ufe0f\n|-resisted|p2a: SILVALLY\ud83d\udc09DRAGON\u2695\ufe0f\n|-damage|p2a: SILVALLY\ud83d\udc09DRAGON\u2695\ufe0f|85\/100\n|-boost|p1a: Queen|spe|1\n|\n|upkeep\n|turn|11\n|\n|t:|1700486391\n|switch|p2a: \u2695\ufe0f\ud83d\udc09DIALGA\ud83d\udc09\u2695\ufe0f|Dialga|100\/100\n|-ability|p2a: \u2695\ufe0f\ud83d\udc09DIALGA\ud83d\udc09\u2695\ufe0f|Pressure\n|move|p1a: Queen|Trailblaze|p2a: \u2695\ufe0f\ud83d\udc09DIALGA\ud83d\udc09\u2695\ufe0f\n|-resisted|p2a: \u2695\ufe0f\ud83d\udc09DIALGA\ud83d\udc09\u2695\ufe0f\n|-damage|p2a: \u2695\ufe0f\ud83d\udc09DIALGA\ud83d\udc09\u2695\ufe0f|95\/100\n|-boost|p1a: Queen|spe|1\n|\n|upkeep\n|turn|12\n|\n|t:|1700486402\n|move|p1a: Queen|Play Rough|p2a: \u2695\ufe0f\ud83d\udc09DIALGA\ud83d\udc09\u2695\ufe0f\n|-damage|p2a: \u2695\ufe0f\ud83d\udc09DIALGA\ud83d\udc09\u2695\ufe0f|55\/100\n|move|p2a: \u2695\ufe0f\ud83d\udc09DIALGA\ud83d\udc09\u2695\ufe0f|Flash Cannon|p1a: Queen\n|-supereffective|p1a: Queen\n|-crit|p1a: Queen\n|-damage|p1a: Queen|0 fnt\n|faint|p1a: Queen\n|\n|upkeep\n|\n|t:|1700486407\n|switch|p1a: Ball|Regieleki, shiny|100\/100\n|turn|13\n|\n|t:|1700486413\n|move|p1a: Ball|Thunderbolt|p2a: \u2695\ufe0f\ud83d\udc09DIALGA\ud83d\udc09\u2695\ufe0f\n|-resisted|p2a: \u2695\ufe0f\ud83d\udc09DIALGA\ud83d\udc09\u2695\ufe0f\n|-damage|p2a: \u2695\ufe0f\ud83d\udc09DIALGA\ud83d\udc09\u2695\ufe0f|28\/100\n|move|p2a: \u2695\ufe0f\ud83d\udc09DIALGA\ud83d\udc09\u2695\ufe0f|Roar of Time|p1a: Ball\n|-damage|p1a: Ball|0 fnt\n|-mustrecharge|p2a: \u2695\ufe0f\ud83d\udc09DIALGA\ud83d\udc09\u2695\ufe0f\n|faint|p1a: Ball\n|\n|win|DRAGON-M0DE\u2695\ufe0f\n|raw|Michaussette's rating: 1241 &rarr; <strong>1214<\/strong><br \/>(-27 for losing)\n|raw|DRAGON-M0DE\u2695\ufe0f's rating: 1220 &rarr; <strong>1247<\/strong><br \/>(+27 for winning)\n|l|\u2606Michaussette\n","uploadtime":1700486600,"views":1,"p1id":"michaussette","p2id":"dragonm0de","formatid":"gen9nationaldexubers","rating":1214,"private":0,"password":""}