{"id":"gen9nationaldexubers-1991601605","p1":"d8z","p2":"INSECT-M0DE\ufe0f\u2733\ufe0f","format":"[Gen 9] National Dex Ubers","log":"|j|\u2606d8z\n|j|\u2606INSECT-M0DE\ufe0f\u2733\ufe0f\n|t:|1700092940\n|gametype|singles\n|player|p1|d8z|170|1000\n|player|p2|INSECT-M0DE\ufe0f\u2733\ufe0f|viola|1012\n|teamsize|p1|6\n|teamsize|p2|6\n|gen|9\n|tier|[Gen 9] National Dex Ubers\n|rated|\n|rule|HP Percentage Mod: HP is shown in percentages\n|rule|Endless Battle Clause: Forcing endless battles is banned\n|rule|OHKO Clause: OHKO moves are banned\n|rule|Evasion Moves Clause: Evasion moves are banned\n|rule|Evasion Items Clause: Evasion items are banned\n|rule|Species Clause: Limit one of each Pok\u00e9mon\n|rule|Sleep Clause Mod: Limit one foe put to sleep\n|rule|Mega Rayquaza Clause: You cannot mega evolve Rayquaza\n|clearpoke\n|poke|p1|Heracross, F|\n|poke|p1|Orthworm, M|\n|poke|p1|Staraptor, F|\n|poke|p1|Charizard, M|\n|poke|p1|Greninja-*, M|\n|poke|p1|Maushold-Four|\n|poke|p2|Ariados, F|\n|poke|p2|Masquerain, F|\n|poke|p2|Kleavor, F|\n|poke|p2|Heracross, M|\n|poke|p2|Vespiquen, F|\n|poke|p2|Arceus-Bug|\n|teampreview\n|\n|t:|1700092945\n|start\n|switch|p1a: Maushold|Maushold-Four|100\/100\n|switch|p2a: \ud83e\udea8\ud83d\udd78KLEAVOR\ud83d\udd78\ud83e\udea8|Kleavor, F, shiny|100\/100\n|turn|1\n|\n|t:|1700092953\n|-terastallize|p1a: Maushold|Normal\n|move|p1a: Maushold|Population Bomb|p2a: \ud83e\udea8\ud83d\udd78KLEAVOR\ud83d\udd78\ud83e\udea8\n|-resisted|p2a: \ud83e\udea8\ud83d\udd78KLEAVOR\ud83d\udd78\ud83e\udea8\n|-damage|p2a: \ud83e\udea8\ud83d\udd78KLEAVOR\ud83d\udd78\ud83e\udea8|92\/100\n|-resisted|p2a: \ud83e\udea8\ud83d\udd78KLEAVOR\ud83d\udd78\ud83e\udea8\n|-damage|p2a: \ud83e\udea8\ud83d\udd78KLEAVOR\ud83d\udd78\ud83e\udea8|83\/100\n|-hitcount|p2a: \ud83e\udea8\ud83d\udd78KLEAVOR\ud83d\udd78\ud83e\udea8|2\n|move|p2a: \ud83e\udea8\ud83d\udd78KLEAVOR\ud83d\udd78\ud83e\udea8|Agility|p2a: \ud83e\udea8\ud83d\udd78KLEAVOR\ud83d\udd78\ud83e\udea8\n|-boost|p2a: \ud83e\udea8\ud83d\udd78KLEAVOR\ud83d\udd78\ud83e\udea8|spe|2\n|\n|upkeep\n|turn|2\n|\n|t:|1700092966\n|move|p2a: \ud83e\udea8\ud83d\udd78KLEAVOR\ud83d\udd78\ud83e\udea8|Stone Axe|p1a: Maushold\n|-damage|p1a: Maushold|15\/100\n|-sidestart|p1: d8z|move: Stealth Rock\n|move|p1a: Maushold|Tidy Up|p1a: Maushold\n|-sideend|p1: d8z|Stealth Rock\n|-activate|p1a: Maushold|move: Tidy Up\n|-boost|p1a: Maushold|atk|1\n|-boost|p1a: Maushold|spe|1\n|\n|-heal|p1a: Maushold|21\/100|[from] item: Leftovers\n|upkeep\n|turn|3\n|\n|t:|1700092977\n|move|p2a: \ud83e\udea8\ud83d\udd78KLEAVOR\ud83d\udd78\ud83e\udea8|Stone Axe|p1a: Maushold\n|-damage|p1a: Maushold|0 fnt\n|-sidestart|p1: d8z|move: Stealth Rock\n|faint|p1a: Maushold\n|\n|upkeep\n|\n|t:|1700092988\n|switch|p1a: Charizard|Charizard, M|100\/100\n|-damage|p1a: Charizard|51\/100|[from] Stealth Rock\n|turn|4\n|\n|t:|1700092993\n|move|p2a: \ud83e\udea8\ud83d\udd78KLEAVOR\ud83d\udd78\ud83e\udea8|Stone Axe|p1a: Charizard\n|-supereffective|p1a: Charizard\n|-damage|p1a: Charizard|0 fnt\n|faint|p1a: Charizard\n|\n|upkeep\n|\n|t:|1700092999\n|switch|p1a: Greninja|Greninja, M|100\/100\n|-damage|p1a: Greninja|88\/100|[from] Stealth Rock\n|turn|5\n|\n|t:|1700093005\n|-terastallize|p2a: \ud83e\udea8\ud83d\udd78KLEAVOR\ud83d\udd78\ud83e\udea8|Bug\n|move|p1a: Greninja|Water Shuriken|p2a: \ud83e\udea8\ud83d\udd78KLEAVOR\ud83d\udd78\ud83e\udea8\n|-damage|p2a: \ud83e\udea8\ud83d\udd78KLEAVOR\ud83d\udd78\ud83e\udea8|71\/100\n|-damage|p2a: \ud83e\udea8\ud83d\udd78KLEAVOR\ud83d\udd78\ud83e\udea8|60\/100\n|-damage|p2a: \ud83e\udea8\ud83d\udd78KLEAVOR\ud83d\udd78\ud83e\udea8|50\/100\n|-damage|p2a: \ud83e\udea8\ud83d\udd78KLEAVOR\ud83d\udd78\ud83e\udea8|39\/100\n|-hitcount|p2a: \ud83e\udea8\ud83d\udd78KLEAVOR\ud83d\udd78\ud83e\udea8|4\n|move|p2a: \ud83e\udea8\ud83d\udd78KLEAVOR\ud83d\udd78\ud83e\udea8|X-Scissor|p1a: Greninja\n|-supereffective|p1a: Greninja\n|-damage|p1a: Greninja|0 fnt\n|faint|p1a: Greninja\n|\n|upkeep\n|\n|t:|1700093017\n|switch|p1a: Orthworm|Orthworm, M|100\/100\n|-damage|p1a: Orthworm|94\/100|[from] Stealth Rock\n|turn|6\n|j| Jossh09\n|\n|t:|1700093033\n|move|p2a: \ud83e\udea8\ud83d\udd78KLEAVOR\ud83d\udd78\ud83e\udea8|X-Scissor|p1a: Orthworm\n|-resisted|p1a: Orthworm\n|-damage|p1a: Orthworm|58\/100\n|move|p1a: Orthworm|High Horsepower|p2a: \ud83e\udea8\ud83d\udd78KLEAVOR\ud83d\udd78\ud83e\udea8\n|-resisted|p2a: \ud83e\udea8\ud83d\udd78KLEAVOR\ud83d\udd78\ud83e\udea8\n|-damage|p2a: \ud83e\udea8\ud83d\udd78KLEAVOR\ud83d\udd78\ud83e\udea8|26\/100\n|\n|-heal|p1a: Orthworm|64\/100|[from] item: Leftovers\n|upkeep\n|turn|7\n|l|\u2606d8z\n|player|p1|\n|l| Jossh09\n|c|\u2606INSECT-M0DE\ufe0f\u2733\ufe0f|Fucking moron!!\n|inactive|Battle timer is ON: inactive players will automatically lose when time's up. (requested by INSECT-M0DE\ufe0f\u2733\ufe0f)\n|inactive|d8z has 30 seconds to reconnect!\n|inactive|d8z has 20 seconds to reconnect!\n|inactive|d8z has 15 seconds to reconnect!\n|inactive|d8z has 10 seconds to reconnect!\n|inactive|d8z has 5 seconds to reconnect!\n|-message|d8z lost due to inactivity.\n|\n|win|INSECT-M0DE\ufe0f\u2733\ufe0f\n|raw|d8z's rating: 1000 &rarr; <strong>1000<\/strong><br \/>(+0 for losing)\n|raw|INSECT-M0DE\ufe0f\u2733\ufe0f's rating: 1012 &rarr; <strong>1049<\/strong><br \/>(+37 for winning)\n","uploadtime":1700093081,"views":8,"p1id":"d8z","p2id":"insectm0de","formatid":"gen9nationaldexubers","rating":1000,"private":0,"password":""}