{"id":"gen9nationaldexubers-1999335899","p1":"MK ANW","p2":"ChromaRyderMC","format":"[Gen 9] National Dex Ubers","log":"|j|\u203dMK ANW\n|j|\u2606ChromaRyderMC\n|t:|1701062294\n|gametype|singles\n|player|p1|MK ANW|red|1056\n|player|p2|ChromaRyderMC|red|1076\n|teamsize|p1|6\n|teamsize|p2|6\n|gen|9\n|tier|[Gen 9] National Dex Ubers\n|rated|\n|rule|HP Percentage Mod: HP is shown in percentages\n|rule|Endless Battle Clause: Forcing endless battles is banned\n|rule|OHKO Clause: OHKO moves are banned\n|rule|Evasion Moves Clause: Evasion moves are banned\n|rule|Evasion Items Clause: Evasion items are banned\n|rule|Species Clause: Limit one of each Pok\u00e9mon\n|rule|Sleep Clause Mod: Limit one foe put to sleep\n|rule|Mega Rayquaza Clause: You cannot mega evolve Rayquaza\n|clearpoke\n|poke|p1|Charizard, M|\n|poke|p1|Greninja-*, M|\n|poke|p1|Jolteon, M|\n|poke|p1|Staraptor, M|\n|poke|p1|Nidoking, M|\n|poke|p1|Primeape, M|\n|poke|p2|Zeraora|\n|poke|p2|Lucario, F|\n|poke|p2|Greninja-*, M|\n|poke|p2|Lycanroc-Dusk, M|\n|poke|p2|Sceptile, M|\n|poke|p2|Charizard, M|\n|teampreview\n|inactive|Battle timer is ON: inactive players will automatically lose when time's up. (requested by MK ANW)\n|\n|t:|1701062304\n|start\n|switch|p1a: Nidoking|Nidoking, M|100\/100\n|switch|p2a: Charizard|Charizard, M|100\/100\n|turn|1\n|\n|t:|1701062311\n|move|p1a: Nidoking|Stealth Rock|p2a: Charizard\n|-sidestart|p2: ChromaRyderMC|move: Stealth Rock\n|move|p2a: Charizard|Earthquake|p1a: Nidoking\n|-supereffective|p1a: Nidoking\n|-damage|p1a: Nidoking|43\/100\n|\n|upkeep\n|turn|2\n|\n|t:|1701062318\n|move|p1a: Nidoking|Rock Slide|p2a: Charizard\n|-supereffective|p2a: Charizard\n|-damage|p2a: Charizard|0 fnt\n|faint|p2a: Charizard\n|\n|upkeep\n|\n|t:|1701062337\n|switch|p2a: Lycanroc|Lycanroc-Dusk, M|100\/100\n|-damage|p2a: Lycanroc|88\/100|[from] Stealth Rock\n|turn|3\n|\n|t:|1701062342\n|move|p1a: Nidoking|Earthquake|p2a: Lycanroc\n|-supereffective|p2a: Lycanroc\n|-damage|p2a: Lycanroc|0 fnt\n|faint|p2a: Lycanroc\n|\n|upkeep\n|\n|t:|1701062349\n|switch|p2a: Greninja|Greninja, M|100\/100\n|-damage|p2a: Greninja|88\/100|[from] Stealth Rock\n|turn|4\n|\n|t:|1701062354\n|move|p2a: Greninja|Water Shuriken|p1a: Nidoking\n|-supereffective|p1a: Nidoking\n|-damage|p1a: Nidoking|20\/100\n|-supereffective|p1a: Nidoking\n|-damage|p1a: Nidoking|0 fnt\n|faint|p1a: Nidoking\n|-ability|p2a: Greninja|Battle Bond|boost\n|-boost|p2a: Greninja|atk|1\n|-boost|p2a: Greninja|spa|1\n|-boost|p2a: Greninja|spe|1\n|-activate|p2a: Greninja|ability: Battle Bond\n|-hitcount|p1: Nidoking|2\n|\n|upkeep\n|\n|t:|1701062365\n|switch|p1a: Jolteon|Jolteon, M|100\/100\n|turn|5\n|\n|t:|1701062374\n|move|p2a: Greninja|Blizzard|p1a: Jolteon\n|-damage|p1a: Jolteon|42\/100\n|move|p1a: Jolteon|Thunderbolt|p2a: Greninja\n|-supereffective|p2a: Greninja\n|-damage|p2a: Greninja|0 fnt\n|faint|p2a: Greninja\n|-damage|p1a: Jolteon|32\/100|[from] item: Life Orb\n|\n|upkeep\n|\n|t:|1701062385\n|switch|p2a: Zeraora|Zeraora|100\/100\n|-damage|p2a: Zeraora|88\/100|[from] Stealth Rock\n|turn|6\n|\n|t:|1701062391\n|move|p2a: Zeraora|Plasma Fists|p1a: Jolteon\n|-heal|p1a: Jolteon|57\/100|[from] ability: Volt Absorb|[of] p2a: Zeraora\n|move|p1a: Jolteon|Shadow Ball|p2a: Zeraora\n|-damage|p2a: Zeraora|60\/100\n|-damage|p1a: Jolteon|47\/100|[from] item: Life Orb\n|\n|upkeep\n|turn|7\n|\n|t:|1701062400\n|move|p2a: Zeraora|Aura Sphere|p1a: Jolteon\n|-damage|p1a: Jolteon|23\/100\n|move|p1a: Jolteon|Shadow Ball|p2a: Zeraora\n|-damage|p2a: Zeraora|32\/100\n|-damage|p1a: Jolteon|13\/100|[from] item: Life Orb\n|\n|upkeep\n|turn|8\n|\n|t:|1701062408\n|move|p2a: Zeraora|Aura Sphere|p1a: Jolteon\n|-damage|p1a: Jolteon|0 fnt\n|faint|p1a: Jolteon\n|\n|upkeep\n|\n|t:|1701062414\n|switch|p1a: Primeape|Primeape, M|100\/100\n|turn|9\n|\n|t:|1701062429\n|-terastallize|p2a: Zeraora|Electric\n|move|p2a: Zeraora|Plasma Fists|p1a: Primeape\n|-damage|p1a: Primeape|0 fnt\n|-fieldactivate|move: Ion Deluge\n|-hint|Normal-type moves become Electric-type after using Plasma Fists.\n|faint|p1a: Primeape\n|\n|upkeep\n|\n|t:|1701062438\n|switch|p1a: Staraptor|Staraptor, M|100\/100\n|-ability|p1a: Staraptor|Intimidate|boost\n|-unboost|p2a: Zeraora|atk|1\n|turn|10\n|\n|t:|1701062461\n|-terastallize|p1a: Staraptor|Steel\n|move|p2a: Zeraora|Plasma Fists|p1a: Staraptor\n|-damage|p1a: Staraptor|38\/100\n|-fieldactivate|move: Ion Deluge\n|-hint|Normal-type moves become Electric-type after using Plasma Fists.\n|move|p1a: Staraptor|Brave Bird|p2a: Zeraora\n|-resisted|p2a: Zeraora\n|-damage|p2a: Zeraora|0 fnt\n|faint|p2a: Zeraora\n|-damage|p1a: Staraptor|28\/100|[from] Recoil\n|\n|upkeep\n|\n|t:|1701062473\n|switch|p2a: Lucario|Lucario, F|100\/100\n|-damage|p2a: Lucario|98\/100|[from] Stealth Rock\n|turn|11\n|\n|t:|1701062483\n|detailschange|p2a: Lucario|Lucario-Mega, F\n|-mega|p2a: Lucario|Lucario|Lucarionite\n|move|p1a: Staraptor|Brave Bird|p2a: Lucario\n|-damage|p2a: Lucario|0 fnt\n|faint|p2a: Lucario\n|-damage|p1a: Staraptor|0 fnt|[from] Recoil\n|faint|p1a: Staraptor\n|\n|upkeep\n|\n|t:|1701062501\n|switch|p1a: Greninja|Greninja, M|100\/100\n|switch|p2a: Sceptile|Sceptile, M|100\/100\n|-damage|p2a: Sceptile|88\/100|[from] Stealth Rock\n|turn|12\n|\n|t:|1701062507\n|move|p1a: Greninja|Ice Beam|p2a: Sceptile\n|-supereffective|p2a: Sceptile\n|-damage|p2a: Sceptile|31\/100\n|move|p2a: Sceptile|Leaf Blade|p1a: Greninja\n|-supereffective|p1a: Greninja\n|-damage|p1a: Greninja|0 fnt\n|faint|p1a: Greninja\n|\n|upkeep\n|\n|t:|1701062521\n|switch|p1a: Charizard|Charizard, M|100\/100\n|turn|13\n|\n|t:|1701062527\n|move|p1a: Charizard|Dragon Dance|p1a: Charizard\n|-boost|p1a: Charizard|atk|1\n|-boost|p1a: Charizard|spe|1\n|move|p2a: Sceptile|Leaf Blade|p1a: Charizard\n|-resisted|p1a: Charizard\n|-damage|p1a: Charizard|89\/100\n|\n|upkeep\n|turn|14\n|\n|t:|1701062540\n|detailschange|p1a: Charizard|Charizard-Mega-X, M\n|-mega|p1a: Charizard|Charizard|Charizardite X\n|move|p1a: Charizard|Dragon Claw|p2a: Sceptile\n|-damage|p2a: Sceptile|0 fnt\n|faint|p2a: Sceptile\n|\n|win|MK ANW\n|raw|MK ANW's rating: 1056 &rarr; <strong>1089<\/strong><br \/>(+33 for winning)\n|raw|ChromaRyderMC's rating: 1076 &rarr; <strong>1053<\/strong><br \/>(-23 for losing)\n|l|\u2606ChromaRyderMC\n","uploadtime":1701062552,"views":13,"p1id":"mkanw","p2id":"chromarydermc","formatid":"gen9nationaldexubers","rating":1053,"private":0,"password":""}