{"id":"gen9nationaldexubers-1981082814","p1":"Chaitanya15","p2":"RonaldX8","format":"[Gen 9] National Dex Ubers","log":"|j|\u2606Chaitanya15\n|j|\u2606RonaldX8\n|t:|1698862171\n|gametype|singles\n|player|p1|Chaitanya15|101|1392\n|player|p2|RonaldX8|riley|1307\n|teamsize|p1|6\n|teamsize|p2|6\n|gen|9\n|tier|[Gen 9] National Dex Ubers\n|rated|\n|rule|HP Percentage Mod: HP is shown in percentages\n|rule|Endless Battle Clause: Forcing endless battles is banned\n|rule|OHKO Clause: OHKO moves are banned\n|rule|Evasion Moves Clause: Evasion moves are banned\n|rule|Evasion Items Clause: Evasion items are banned\n|rule|Species Clause: Limit one of each Pok\u00e9mon\n|rule|Sleep Clause Mod: Limit one foe put to sleep\n|rule|Mega Rayquaza Clause: You cannot mega evolve Rayquaza\n|clearpoke\n|poke|p1|Kingambit, M|\n|poke|p1|Basculegion, M|\n|poke|p1|Pikachu, F|\n|poke|p1|Kyogre|\n|poke|p1|Flutter Mane|\n|poke|p1|Deoxys-Speed|\n|poke|p2|Smeargle, M|\n|poke|p2|Klefki, M|\n|poke|p2|Arceus-Steel|\n|poke|p2|Kyogre|\n|poke|p2|Shelmet, M|\n|poke|p2|Minior-Indigo|\n|teampreview\n|inactive|Battle timer is ON: inactive players will automatically lose when time's up. (requested by Chaitanya15)\n|\n|t:|1698862176\n|start\n|switch|p1a: Deoxys|Deoxys-Speed|100\/100\n|switch|p2a: Klefki|Klefki, M|100\/100\n|-ability|p1a: Deoxys|Pressure\n|turn|1\n|\n|t:|1698862184\n|move|p2a: Klefki|Light Screen|p2a: Klefki\n|-sidestart|p2: RonaldX8|move: Light Screen\n|move|p1a: Deoxys|Stealth Rock|p2a: Klefki\n|-sidestart|p2: RonaldX8|move: Stealth Rock\n|\n|upkeep\n|turn|2\n|\n|t:|1698862188\n|move|p2a: Klefki|Reflect|p2a: Klefki\n|-sidestart|p2: RonaldX8|Reflect\n|move|p1a: Deoxys|Spikes|p2a: Klefki\n|-sidestart|p2: RonaldX8|Spikes\n|\n|upkeep\n|turn|3\n|\n|t:|1698862195\n|move|p2a: Klefki|Toxic|p1a: Deoxys\n|-status|p1a: Deoxys|tox\n|move|p1a: Deoxys|Spikes|p2a: Klefki\n|-sidestart|p2: RonaldX8|Spikes\n|\n|-damage|p1a: Deoxys|95\/100 tox|[from] psn\n|upkeep\n|turn|4\n|\n|t:|1698862203\n|move|p2a: Klefki|Defog|p1a: Deoxys\n|-unboost|p1a: Deoxys|evasion|1\n|-sideend|p2: RonaldX8|Spikes|[from] move: Defog|[of] p2a: Klefki\n|-sideend|p2: RonaldX8|Stealth Rock|[from] move: Defog|[of] p2a: Klefki\n|move|p1a: Deoxys|Spikes|p2a: Klefki\n|-sidestart|p2: RonaldX8|Spikes\n|\n|-damage|p1a: Deoxys|83\/100 tox|[from] psn\n|upkeep\n|turn|5\n|\n|t:|1698862218\n|switch|p1a: Kyogre|Kyogre|100\/100\n|-weather|RainDance|[from] ability: Drizzle|[of] p1a: Kyogre\n|move|p2a: Klefki|Defog|p1a: Kyogre\n|-unboost|p1a: Kyogre|evasion|1\n|-sideend|p2: RonaldX8|Spikes|[from] move: Defog|[of] p2a: Klefki\n|\n|-weather|RainDance|[upkeep]\n|upkeep\n|turn|6\n|\n|t:|1698862232\n|move|p2a: Klefki|Toxic|p1a: Kyogre\n|-status|p1a: Kyogre|tox\n|move|p1a: Kyogre|Water Spout|p2a: Klefki\n|-damage|p2a: Klefki|36\/100\n|\n|-weather|RainDance|[upkeep]\n|-damage|p1a: Kyogre|94\/100 tox|[from] psn\n|upkeep\n|turn|7\n|\n|t:|1698862242\n|switch|p2a: Kyogre|Kyogre|100\/100\n|detailschange|p2a: Kyogre|Kyogre-Primal\n|-primal|p2a: Kyogre|Blue Orb\n|-weather|PrimordialSea|[from] ability: Primordial Sea|[of] p2a: Kyogre\n|move|p1a: Kyogre|Water Spout|p2a: Kyogre\n|-resisted|p2a: Kyogre\n|-damage|p2a: Kyogre|80\/100\n|\n|-weather|PrimordialSea|[upkeep]\n|-damage|p1a: Kyogre|82\/100 tox|[from] psn\n|upkeep\n|turn|8\n|\n|t:|1698862259\n|switch|p1a: Pikachu|Pikachu, F|100\/100\n|move|p2a: Kyogre|Thunder|p1a: Pikachu\n|-resisted|p1a: Pikachu\n|-damage|p1a: Pikachu|37\/100\n|\n|-weather|PrimordialSea|[upkeep]\n|-sideend|p2: RonaldX8|move: Light Screen\n|upkeep\n|turn|9\n|\n|t:|1698862268\n|move|p1a: Pikachu|Fake Out|p2a: Kyogre\n|-damage|p2a: Kyogre|71\/100\n|cant|p2a: Kyogre|flinch\n|\n|-weather|PrimordialSea|[upkeep]\n|-sideend|p2: RonaldX8|Reflect\n|upkeep\n|turn|10\n|\n|t:|1698862275\n|move|p1a: Pikachu|Volt Tackle|p2a: Kyogre\n|-supereffective|p2a: Kyogre\n|-damage|p2a: Kyogre|0 fnt\n|faint|p2a: Kyogre\n|-weather|none\n|-damage|p1a: Pikachu|0 fnt|[from] Recoil\n|faint|p1a: Pikachu\n|\n|upkeep\n|\n|t:|1698862285\n|switch|p2a: Minior|Minior-Indigo|100\/100\n|switch|p1a: Kyogre|Kyogre|82\/100 tox\n|-weather|RainDance|[from] ability: Drizzle|[of] p1a: Kyogre\n|-formechange|p2a: Minior|Minior-Meteor||[from] ability: Shields Down\n|turn|11\n|\n|t:|1698862302\n|switch|p2a: Arceus|Arceus-Steel|100\/100\n|move|p1a: Kyogre|Water Spout|p2a: Arceus\n|-crit|p2a: Arceus\n|-damage|p2a: Arceus|5\/100\n|\n|-weather|RainDance|[upkeep]\n|-damage|p1a: Kyogre|76\/100 tox|[from] psn\n|upkeep\n|turn|12\n|\n|t:|1698862311\n|move|p1a: Kyogre|Water Spout|p2a: Arceus\n|-damage|p2a: Arceus|0 fnt\n|faint|p2a: Arceus\n|\n|-weather|RainDance|[upkeep]\n|-damage|p1a: Kyogre|64\/100 tox|[from] psn\n|upkeep\n|\n|t:|1698862323\n|switch|p2a: Smeargle|Smeargle, M|100\/100\n|turn|13\n|\n|t:|1698862328\n|move|p2a: Smeargle|Protect|p2a: Smeargle\n|-singleturn|p2a: Smeargle|Protect\n|move|p1a: Kyogre|Water Spout|p2a: Smeargle\n|-activate|p2a: Smeargle|move: Protect\n|\n|-weather|RainDance|[upkeep]\n|-damage|p1a: Kyogre|45\/100 tox|[from] psn\n|-ability|p2a: Smeargle|Moody|boost\n|-boost|p2a: Smeargle|atk|2\n|-unboost|p2a: Smeargle|spd|1\n|upkeep\n|turn|14\n|\n|t:|1698862341\n|move|p1a: Kyogre|Water Spout|p2a: Smeargle\n|-enditem|p2a: Smeargle|Focus Sash\n|-damage|p2a: Smeargle|1\/100\n|move|p2a: Smeargle|Sticky Web|p1a: Kyogre\n|-sidestart|p1: Chaitanya15|move: Sticky Web\n|\n|-weather|RainDance|[upkeep]\n|-damage|p1a: Kyogre|20\/100 tox|[from] psn\n|-ability|p2a: Smeargle|Moody|boost\n|-boost|p2a: Smeargle|spd|2\n|-unboost|p2a: Smeargle|atk|1\n|upkeep\n|turn|15\n|\n|t:|1698862355\n|switch|p1a: Deoxys|Deoxys-Speed|83\/100 tox\n|-activate|p1a: Deoxys|move: Sticky Web\n|-unboost|p1a: Deoxys|spe|1\n|-ability|p1a: Deoxys|Pressure\n|move|p2a: Smeargle|Protect||[still]\n|-fail|p2a: Smeargle\n|\n|-weather|none\n|-damage|p1a: Deoxys|77\/100 tox|[from] psn\n|-ability|p2a: Smeargle|Moody|boost\n|-boost|p2a: Smeargle|spd|2\n|-unboost|p2a: Smeargle|spa|1\n|upkeep\n|turn|16\n|\n|t:|1698862368\n|move|p1a: Deoxys|Extreme Speed|p2a: Smeargle\n|-crit|p2a: Smeargle\n|-damage|p2a: Smeargle|0 fnt\n|faint|p2a: Smeargle\n|\n|-damage|p1a: Deoxys|65\/100 tox|[from] psn\n|upkeep\n|\n|t:|1698862376\n|switch|p2a: Minior|Minior-Indigo|100\/100\n|-formechange|p2a: Minior|Minior-Meteor||[from] ability: Shields Down\n|turn|17\n|\n|t:|1698862383\n|move|p1a: Deoxys|Stealth Rock|p2a: Minior\n|-sidestart|p2: RonaldX8|move: Stealth Rock\n|move|p2a: Minior|Shell Smash|p2a: Minior\n|-unboost|p2a: Minior|def|1\n|-unboost|p2a: Minior|spd|1\n|-boost|p2a: Minior|atk|2\n|-boost|p2a: Minior|spa|2\n|-boost|p2a: Minior|spe|2\n|-enditem|p2a: Minior|White Herb\n|-clearnegativeboost|p2a: Minior|[silent]\n|\n|-damage|p1a: Deoxys|47\/100 tox|[from] psn\n|upkeep\n|turn|18\n|\n|t:|1698862396\n|move|p2a: Minior|Acrobatics|p1a: Deoxys\n|-damage|p1a: Deoxys|0 fnt\n|faint|p1a: Deoxys\n|\n|upkeep\n|\n|t:|1698862412\n|switch|p1a: Kingambit|Kingambit, M|100\/100\n|-activate|p1a: Kingambit|move: Sticky Web\n|-unboost|p1a: Kingambit|spe|1\n|-activate|p1a: Kingambit|ability: Supreme Overlord\n|-start|p1a: Kingambit|fallen2|[silent]\n|turn|19\n|\n|t:|1698862421\n|move|p2a: Minior|Earthquake|p1a: Kingambit\n|-supereffective|p1a: Kingambit\n|-crit|p1a: Kingambit\n|-damage|p1a: Kingambit|2\/100\n|move|p1a: Kingambit|Iron Head|p2a: Minior\n|-supereffective|p2a: Minior\n|-damage|p2a: Minior|0 fnt\n|faint|p2a: Minior\n|-damage|p1a: Kingambit|0 fnt|[from] item: Life Orb\n|faint|p1a: Kingambit\n|-end|p1a: Kingambit|fallen2|[silent]\n|\n|upkeep\n|\n|t:|1698862436\n|switch|p2a: Klefki|Klefki, M|36\/100\n|switch|p1a: Flutter Mane|Flutter Mane|100\/100\n|-activate|p1a: Flutter Mane|move: Sticky Web\n|-unboost|p1a: Flutter Mane|spe|1\n|-damage|p2a: Klefki|30\/100|[from] Stealth Rock\n|-enditem|p1a: Flutter Mane|Booster Energy\n|-activate|p1a: Flutter Mane|ability: Protosynthesis|[fromitem]\n|-start|p1a: Flutter Mane|protosynthesisspa\n|turn|20\n|\n|t:|1698862446\n|move|p2a: Klefki|Light Screen|p2a: Klefki\n|-sidestart|p2: RonaldX8|move: Light Screen\n|move|p1a: Flutter Mane|Mystical Fire|p2a: Klefki\n|-supereffective|p2a: Klefki\n|-damage|p2a: Klefki|0 fnt\n|faint|p2a: Klefki\n|\n|upkeep\n|\n|t:|1698862453\n|switch|p2a: Shelmet|Shelmet, M, shiny|100\/100\n|-damage|p2a: Shelmet|75\/100|[from] Stealth Rock\n|turn|21\n|\n|t:|1698862458\n|-terastallize|p2a: Shelmet|Electric\n|move|p1a: Flutter Mane|Mystical Fire|p2a: Shelmet\n|-damage|p2a: Shelmet|63\/100\n|-unboost|p2a: Shelmet|spa|1\n|move|p2a: Shelmet|Struggle Bug|p1a: Flutter Mane\n|-resisted|p1a: Flutter Mane\n|-crit|p1a: Flutter Mane\n|-damage|p1a: Flutter Mane|97\/100\n|-unboost|p1a: Flutter Mane|spa|1\n|\n|upkeep\n|turn|22\n|\n|t:|1698862469\n|move|p1a: Flutter Mane|Moonblast|p2a: Shelmet\n|-damage|p2a: Shelmet|45\/100\n|move|p2a: Shelmet|Struggle Bug|p1a: Flutter Mane\n|-resisted|p1a: Flutter Mane\n|-damage|p1a: Flutter Mane|95\/100\n|-unboost|p1a: Flutter Mane|spa|1\n|\n|upkeep\n|turn|23\n|\n|t:|1698862478\n|move|p1a: Flutter Mane|Moonblast|p2a: Shelmet\n|-damage|p2a: Shelmet|32\/100\n|move|p2a: Shelmet|Recover|p2a: Shelmet\n|-heal|p2a: Shelmet|82\/100\n|\n|upkeep\n|turn|24\n|\n|t:|1698862486\n|-end|p1a: Flutter Mane|Protosynthesis|[silent]\n|switch|p1a: Kyogre|Kyogre|20\/100 tox\n|-activate|p1a: Kyogre|move: Sticky Web\n|-unboost|p1a: Kyogre|spe|1\n|-weather|RainDance|[from] ability: Drizzle|[of] p1a: Kyogre\n|move|p2a: Shelmet|Acid Armor|p2a: Shelmet\n|-boost|p2a: Shelmet|def|2\n|\n|-weather|RainDance|[upkeep]\n|-damage|p1a: Kyogre|14\/100 tox|[from] psn\n|upkeep\n|turn|25\n|\n|t:|1698862501\n|move|p1a: Kyogre|Ancient Power|p2a: Shelmet\n|-damage|p2a: Shelmet|74\/100\n|move|p2a: Shelmet|Struggle Bug|p1a: Kyogre\n|-damage|p1a: Kyogre|10\/100 tox\n|-unboost|p1a: Kyogre|spa|1\n|\n|-weather|RainDance|[upkeep]\n|-damage|p1a: Kyogre|0 fnt|[from] psn\n|faint|p1a: Kyogre\n|upkeep\n|\n|t:|1698862511\n|switch|p1a: Basculegion|Basculegion, M|100\/100\n|-activate|p1a: Basculegion|move: Sticky Web\n|-unboost|p1a: Basculegion|spe|1\n|turn|26\n|\n|t:|1698862519\n|move|p1a: Basculegion|Last Respects|p2a: Shelmet\n|-damage|p2a: Shelmet|0 fnt\n|faint|p2a: Shelmet\n|\n|win|Chaitanya15\n|raw|Chaitanya15's rating: 1392 &rarr; <strong>1407<\/strong><br \/>(+15 for winning)\n|raw|RonaldX8's rating: 1307 &rarr; <strong>1292<\/strong><br \/>(-15 for losing)\n|l|\u2606RonaldX8\n|c|\u2606Chaitanya15|Gg\n","uploadtime":1698862528,"views":8,"p1id":"chaitanya15","p2id":"ronaldx8","formatid":"gen9nationaldexubers","rating":1292,"private":0,"password":""}