{"id":"gen9nationaldexubers-1984135173","p1":"Picklethief2","p2":"frostcrush","format":"[Gen 9] National Dex Ubers","log":"|j|\u2606Picklethief2\n|j|\u2606frostcrush\n|t:|1699222339\n|gametype|singles\n|player|p1|Picklethief2|will|1339\n|player|p2|frostcrush|266|1490\n|teamsize|p1|6\n|teamsize|p2|6\n|gen|9\n|tier|[Gen 9] National Dex Ubers\n|rated|\n|rule|HP Percentage Mod: HP is shown in percentages\n|rule|Endless Battle Clause: Forcing endless battles is banned\n|rule|OHKO Clause: OHKO moves are banned\n|rule|Evasion Moves Clause: Evasion moves are banned\n|rule|Evasion Items Clause: Evasion items are banned\n|rule|Species Clause: Limit one of each Pok\u00e9mon\n|rule|Sleep Clause Mod: Limit one foe put to sleep\n|rule|Mega Rayquaza Clause: You cannot mega evolve Rayquaza\n|clearpoke\n|poke|p1|Dragapult, F|\n|poke|p1|Arcanine, M|\n|poke|p1|Milotic, M|\n|poke|p1|Umbreon, M|\n|poke|p1|Tyranitar, M|\n|poke|p1|Heliolisk, M|\n|poke|p2|Ho-Oh|\n|poke|p2|Dialga-Origin|\n|poke|p2|Ditto|\n|poke|p2|Arceus-Water|\n|poke|p2|Great Tusk|\n|poke|p2|Mewtwo|\n|teampreview\n|\n|t:|1699222354\n|start\n|switch|p1a: Zoetrope|Heliolisk, M|100\/100\n|switch|p2a: Ho-Oh|Ho-Oh|100\/100\n|turn|1\n|inactive|Battle timer is ON: inactive players will automatically lose when time's up. (requested by frostcrush)\n|\n|t:|1699222378\n|switch|p2a: Great Tusk|Great Tusk|100\/100\n|-terastallize|p1a: Zoetrope|Electric\n|move|p1a: Zoetrope|Thunderbolt|p2a: Great Tusk\n|-immune|p2a: Great Tusk\n|\n|upkeep\n|turn|2\n|\n|t:|1699222383\n|switch|p1a: Bowie|Milotic, M|100\/100\n|move|p2a: Great Tusk|Rapid Spin|p1a: Bowie\n|-damage|p1a: Bowie|88\/100\n|-boost|p2a: Great Tusk|spe|1\n|\n|-status|p1a: Bowie|brn|[from] item: Flame Orb\n|upkeep\n|turn|3\n|\n|t:|1699222389\n|-end|p2a: Great Tusk|Protosynthesis|[silent]\n|switch|p2a: Arceus|Arceus-Water|100\/100\n|move|p1a: Bowie|Toxic|p2a: Arceus|[miss]\n|-miss|p1a: Bowie|p2a: Arceus\n|\n|-damage|p1a: Bowie|81\/100 brn|[from] brn\n|upkeep\n|turn|4\n|\n|t:|1699222393\n|switch|p2a: Dialga|Dialga-Origin|100\/100\n|-ability|p2a: Dialga|Pressure\n|move|p1a: Bowie|Toxic|p2a: Dialga\n|-immune|p2a: Dialga\n|\n|-damage|p1a: Bowie|75\/100 brn|[from] brn\n|upkeep\n|turn|5\n|\n|t:|1699222399\n|switch|p1a: Rango|Tyranitar, M|100\/100\n|-weather|Sandstorm|[from] ability: Sand Stream|[of] p1a: Rango\n|move|p2a: Dialga|Dragon Pulse|p1a: Rango\n|-damage|p1a: Rango|84\/100\n|\n|-weather|Sandstorm|[upkeep]\n|upkeep\n|turn|6\n|\n|t:|1699222405\n|switch|p2a: Great Tusk|Great Tusk|100\/100\n|move|p1a: Rango|Earthquake|p2a: Great Tusk\n|-damage|p2a: Great Tusk|78\/100\n|\n|-weather|Sandstorm|[upkeep]\n|upkeep\n|turn|7\n|\n|t:|1699222412\n|switch|p1a: Bowie|Milotic, M|75\/100 brn\n|move|p2a: Great Tusk|Rapid Spin|p1a: Bowie\n|-damage|p1a: Bowie|66\/100 brn\n|-boost|p2a: Great Tusk|spe|1\n|\n|-weather|Sandstorm|[upkeep]\n|-damage|p1a: Bowie|60\/100 brn|[from] Sandstorm\n|-damage|p1a: Bowie|54\/100 brn|[from] brn\n|upkeep\n|turn|8\n|\n|t:|1699222417\n|move|p2a: Great Tusk|Earthquake|p1a: Bowie\n|-damage|p1a: Bowie|28\/100 brn\n|move|p1a: Bowie|Water Pulse|p2a: Great Tusk\n|-supereffective|p2a: Great Tusk\n|-damage|p2a: Great Tusk|34\/100\n|\n|-weather|Sandstorm|[upkeep]\n|-damage|p1a: Bowie|22\/100 brn|[from] Sandstorm\n|-damage|p1a: Bowie|15\/100 brn|[from] brn\n|upkeep\n|turn|9\n|\n|t:|1699222421\n|move|p2a: Great Tusk|Earthquake|p1a: Bowie\n|-damage|p1a: Bowie|0 fnt\n|faint|p1a: Bowie\n|\n|-weather|none\n|upkeep\n|\n|t:|1699222425\n|switch|p1a: Zoetrope|Heliolisk, M, tera:Electric|100\/100\n|turn|10\n|\n|t:|1699222430\n|switch|p1a: Doc|Dragapult, F, shiny|100\/100\n|move|p2a: Great Tusk|Earthquake|p1a: Doc\n|-damage|p1a: Doc|30\/100\n|\n|-heal|p1a: Doc|36\/100|[from] item: Leftovers\n|upkeep\n|turn|11\n|\n|t:|1699222438\n|move|p2a: Great Tusk|Ice Spinner|p1a: Doc\n|-supereffective|p1a: Doc\n|-damage|p1a: Doc|0 fnt\n|faint|p1a: Doc\n|\n|upkeep\n|\n|t:|1699222442\n|switch|p1a: Meg|Arcanine, M|100\/100\n|-ability|p1a: Meg|Intimidate|boost\n|-unboost|p2a: Great Tusk|atk|1\n|turn|12\n|\n|t:|1699222444\n|move|p2a: Great Tusk|Earthquake|p1a: Meg\n|-supereffective|p1a: Meg\n|-damage|p1a: Meg|41\/100\n|move|p1a: Meg|Flare Blitz|p2a: Great Tusk\n|-damage|p2a: Great Tusk|0 fnt\n|faint|p2a: Great Tusk\n|-end|p2a: Great Tusk|Protosynthesis|[silent]\n|-damage|p1a: Meg|30\/100|[from] Recoil\n|\n|-heal|p1a: Meg|36\/100|[from] item: Leftovers\n|upkeep\n|\n|t:|1699222456\n|switch|p2a: Ho-Oh|Ho-Oh|100\/100\n|turn|13\n|\n|t:|1699222472\n|switch|p1a: Zoetrope|Heliolisk, M, tera:Electric|100\/100\n|-terastallize|p2a: Ho-Oh|Ground\n|move|p2a: Ho-Oh|Earthquake|p1a: Zoetrope\n|-supereffective|p1a: Zoetrope\n|-damage|p1a: Zoetrope|0 fnt\n|faint|p1a: Zoetrope\n|\n|upkeep\n|\n|t:|1699222477\n|switch|p1a: Captain|Umbreon, M|100\/100\n|turn|14\n|\n|t:|1699222483\n|switch|p2a: Arceus|Arceus-Water|100\/100\n|move|p1a: Captain|Toxic|p2a: Arceus\n|-status|p2a: Arceus|tox\n|\n|-damage|p2a: Arceus|94\/100 tox|[from] psn\n|upkeep\n|turn|15\n|\n|t:|1699222499\n|move|p2a: Arceus|Judgment|p1a: Captain\n|-damage|p1a: Captain|71\/100\n|move|p1a: Captain|Wish|p1a: Captain\n|\n|-heal|p1a: Captain|77\/100|[from] item: Leftovers\n|-damage|p2a: Arceus|82\/100 tox|[from] psn\n|upkeep\n|turn|16\n|\n|t:|1699222506\n|move|p2a: Arceus|Judgment|p1a: Captain\n|-damage|p1a: Captain|46\/100\n|move|p1a: Captain|Foul Play|p2a: Arceus\n|-damage|p2a: Arceus|62\/100 tox\n|\n|-heal|p1a: Captain|96\/100|[from] move: Wish|[wisher] Captain\n|-heal|p1a: Captain|100\/100|[from] item: Leftovers\n|-damage|p2a: Arceus|44\/100 tox|[from] psn\n|upkeep\n|turn|17\n|\n|t:|1699222515\n|move|p2a: Arceus|Perish Song|p2a: Arceus\n|-start|p1a: Captain|perish3|[silent]\n|-start|p2a: Arceus|perish3|[silent]\n|-fieldactivate|move: Perish Song\n|move|p1a: Captain|Wish|p1a: Captain\n|\n|-damage|p2a: Arceus|19\/100 tox|[from] psn\n|-start|p2a: Arceus|perish3\n|-start|p1a: Captain|perish3\n|upkeep\n|turn|18\n|\n|t:|1699222521\n|move|p2a: Arceus|Recover|p2a: Arceus\n|-heal|p2a: Arceus|69\/100 tox\n|move|p1a: Captain|Foul Play|p2a: Arceus\n|-damage|p2a: Arceus|49\/100 tox\n|\n|-damage|p2a: Arceus|18\/100 tox|[from] psn\n|-start|p2a: Arceus|perish2\n|-start|p1a: Captain|perish2\n|upkeep\n|turn|19\n|\n|t:|1699222524\n|move|p2a: Arceus|Recover|p2a: Arceus\n|-heal|p2a: Arceus|68\/100 tox\n|move|p1a: Captain|Foul Play|p2a: Arceus\n|-damage|p2a: Arceus|48\/100 tox\n|\n|-damage|p2a: Arceus|12\/100 tox|[from] psn\n|-start|p2a: Arceus|perish1\n|-start|p1a: Captain|perish1\n|upkeep\n|turn|20\n|\n|t:|1699222529\n|switch|p1a: Meg|Arcanine, M|36\/100\n|-ability|p1a: Meg|Intimidate|boost\n|-unboost|p2a: Arceus|atk|1\n|move|p2a: Arceus|Judgment|p1a: Meg\n|-supereffective|p1a: Meg\n|-damage|p1a: Meg|0 fnt\n|faint|p1a: Meg\n|\n|-damage|p2a: Arceus|0 fnt|[from] psn\n|faint|p2a: Arceus\n|upkeep\n|inactive|Picklethief2 has 120 seconds left.\n|\n|t:|1699222577\n|switch|p2a: Ditto|Ditto|100\/100\n|switch|p1a: Captain|Umbreon, M|100\/100\n|-transform|p2a: Ditto|p1a: Captain|[from] ability: Imposter\n|turn|21\n|-message|Picklethief2 forfeited.\n|\n|win|frostcrush\n|raw|Picklethief2's rating: 1339 &rarr; <strong>1327<\/strong><br \/>(-12 for losing)\n|raw|frostcrush's rating: 1490 &rarr; <strong>1502<\/strong><br \/>(+12 for winning)\n|l|\u2606Picklethief2\n","uploadtime":1699222592,"views":4,"p1id":"picklethief2","p2id":"frostcrush","formatid":"gen9nationaldexubers","rating":1327,"private":0,"password":""}