{"id":"gen9nationaldexubers-1982764238","p1":"Bug Maniac Swaggy","p2":"EeveeGirlStar","format":"[Gen 9] National Dex Ubers","log":"|j|\u2606Bug Maniac Swaggy\n|j|\u2606EeveeGirlStar\n|t:|1699042668\n|gametype|singles\n|player|p1|Bug Maniac Swaggy|whitney|\n|player|p2|EeveeGirlStar|elaine|\n|teamsize|p1|6\n|teamsize|p2|6\n|gen|9\n|tier|[Gen 9] National Dex Ubers\n|rule|HP Percentage Mod: HP is shown in percentages\n|rule|Endless Battle Clause: Forcing endless battles is banned\n|rule|OHKO Clause: OHKO moves are banned\n|rule|Evasion Moves Clause: Evasion moves are banned\n|rule|Evasion Items Clause: Evasion items are banned\n|rule|Species Clause: Limit one of each Pok\u00e9mon\n|rule|Sleep Clause Mod: Limit one foe put to sleep\n|rule|Mega Rayquaza Clause: You cannot mega evolve Rayquaza\n|clearpoke\n|poke|p1|Charizard, F|\n|poke|p1|Iron Valiant|\n|poke|p1|Sinistcha-Masterpiece|\n|poke|p1|Zapdos|\n|poke|p1|Ferrothorn, M|\n|poke|p1|Landorus-Therian, M|\n|poke|p2|Torkoal, F|\n|poke|p2|Charizard, M|\n|poke|p2|Iron Moth|\n|poke|p2|Scovillain, M|\n|poke|p2|Volcanion|\n|poke|p2|Ceruledge, F|\n|teampreview\n|c|\u2606EeveeGirlStar|glhf\n|j| notastalecookie\n|c|\u2606Bug Maniac Swaggy|u2!\n|j| ArcticIzagi\n|c|\u2606Bug Maniac Swaggy|tera water sinistcha\n|j| Destinum\n|j| Astro Rifk\n|c|\u2606EeveeGirlStar|ok\n|c| ArcticIzagi|you got this swaggy\n|c| Astro Rifk|the sweep\n|c| Astro Rifk|is real\n|\n|t:|1699042743\n|start\n|switch|p1a: Non Funkible Token|Landorus-Therian, M|100\/100\n|switch|p2a: Burning Pile|Charizard, M|100\/100\n|-ability|p1a: Non Funkible Token|Intimidate|boost\n|-unboost|p2a: Burning Pile|atk|1\n|turn|1\n|\n|t:|1699042761\n|switch|p1a: Misericorde|Sinistcha-Masterpiece|100\/100\n|move|p2a: Burning Pile|Dragon Dance|p2a: Burning Pile\n|-boost|p2a: Burning Pile|atk|1\n|-boost|p2a: Burning Pile|spe|1\n|\n|upkeep\n|turn|2\n|j| Viviexists\n|\n|t:|1699042781\n|detailschange|p2a: Burning Pile|Charizard-Mega-X, M\n|-mega|p2a: Burning Pile|Charizard|Charizardite X\n|-terastallize|p1a: Misericorde|Water\n|move|p2a: Burning Pile|Dragon Dance|p2a: Burning Pile\n|-boost|p2a: Burning Pile|atk|1\n|-boost|p2a: Burning Pile|spe|1\n|move|p1a: Misericorde|Strength Sap|p2a: Burning Pile\n|-unboost|p2a: Burning Pile|atk|1\n|\n|upkeep\n|turn|3\n|l| Viviexists\n|\n|t:|1699042833\n|move|p2a: Burning Pile|Dragon Dance|p2a: Burning Pile\n|-boost|p2a: Burning Pile|atk|1\n|-boost|p2a: Burning Pile|spe|1\n|move|p1a: Misericorde|Shadow Ball|p2a: Burning Pile\n|-damage|p2a: Burning Pile|57\/100\n|\n|upkeep\n|turn|4\n|\n|t:|1699042841\n|move|p2a: Burning Pile|Dragon Dance|p2a: Burning Pile\n|-boost|p2a: Burning Pile|atk|1\n|-boost|p2a: Burning Pile|spe|1\n|move|p1a: Misericorde|Strength Sap|p2a: Burning Pile\n|-unboost|p2a: Burning Pile|atk|1\n|\n|upkeep\n|turn|5\n|\n|t:|1699042889\n|move|p2a: Burning Pile|Dragon Claw|p1a: Misericorde\n|-damage|p1a: Misericorde|36\/100\n|move|p1a: Misericorde|Shadow Ball|p2a: Burning Pile\n|-damage|p2a: Burning Pile|14\/100\n|\n|-heal|p1a: Misericorde|42\/100|[from] item: Leftovers\n|upkeep\n|turn|6\n|\n|t:|1699042912\n|switch|p1a: Terminal Ludicity|Ferrothorn, M|100\/100\n|move|p2a: Burning Pile|Earthquake|p1a: Terminal Ludicity\n|-damage|p1a: Terminal Ludicity|64\/100\n|\n|-heal|p1a: Terminal Ludicity|71\/100|[from] item: Leftovers\n|upkeep\n|turn|7\n|\n|t:|1699042967\n|move|p2a: Burning Pile|Earthquake|p1a: Terminal Ludicity\n|-damage|p1a: Terminal Ludicity|37\/100\n|move|p1a: Terminal Ludicity|Stealth Rock|p2a: Burning Pile\n|-sidestart|p2: EeveeGirlStar|move: Stealth Rock\n|\n|-heal|p1a: Terminal Ludicity|43\/100|[from] item: Leftovers\n|upkeep\n|turn|8\n|\n|t:|1699042974\n|move|p2a: Burning Pile|Earthquake|p1a: Terminal Ludicity\n|-damage|p1a: Terminal Ludicity|12\/100\n|move|p1a: Terminal Ludicity|Leech Seed|p2a: Burning Pile\n|-start|p2a: Burning Pile|move: Leech Seed\n|\n|-heal|p1a: Terminal Ludicity|18\/100|[from] item: Leftovers\n|-damage|p2a: Burning Pile|1\/100|[from] Leech Seed|[of] p1a: Terminal Ludicity\n|-heal|p1a: Terminal Ludicity|28\/100|[silent]\n|upkeep\n|turn|9\n|\n|t:|1699043024\n|move|p2a: Burning Pile|Flare Blitz|p1a: Terminal Ludicity\n|-supereffective|p1a: Terminal Ludicity\n|-damage|p1a: Terminal Ludicity|0 fnt\n|-damage|p2a: Burning Pile|0 fnt|[from] ability: Iron Barbs|[of] p1a: Terminal Ludicity\n|faint|p1a: Terminal Ludicity\n|faint|p2a: Burning Pile\n|\n|upkeep\n|\n|t:|1699043050\n|switch|p2a: All My Troubles|Torkoal, F|100\/100\n|switch|p1a: Misericorde|Sinistcha-Masterpiece, tera:Water|42\/100\n|-damage|p2a: All My Troubles|75\/100|[from] Stealth Rock\n|-weather|SunnyDay|[from] ability: Drought|[of] p2a: All My Troubles\n|turn|10\n|\n|t:|1699043071\n|move|p1a: Misericorde|Calm Mind|p1a: Misericorde\n|-boost|p1a: Misericorde|spa|1\n|-boost|p1a: Misericorde|spd|1\n|move|p2a: All My Troubles|Rapid Spin|p1a: Misericorde\n|-damage|p1a: Misericorde|35\/100\n|-boost|p2a: All My Troubles|spe|1\n|-sideend|p2: EeveeGirlStar|Stealth Rock|[from] move: Rapid Spin|[of] p2a: All My Troubles\n|\n|-weather|SunnyDay|[upkeep]\n|-heal|p1a: Misericorde|41\/100|[from] item: Leftovers\n|upkeep\n|turn|11\n|\n|t:|1699043080\n|move|p1a: Misericorde|Strength Sap|p2a: All My Troubles\n|-unboost|p2a: All My Troubles|atk|1\n|-heal|p1a: Misericorde|95\/100\n|move|p2a: All My Troubles|Body Press|p1a: Misericorde\n|-damage|p1a: Misericorde|68\/100\n|\n|-weather|SunnyDay|[upkeep]\n|-heal|p1a: Misericorde|74\/100|[from] item: Leftovers\n|upkeep\n|turn|12\n|\n|t:|1699043095\n|switch|p2a: If I Catch Fire|Volcanion|100\/100\n|move|p1a: Misericorde|Calm Mind|p1a: Misericorde\n|-boost|p1a: Misericorde|spa|1\n|-boost|p1a: Misericorde|spd|1\n|\n|-weather|SunnyDay|[upkeep]\n|-heal|p1a: Misericorde|80\/100|[from] item: Leftovers\n|upkeep\n|turn|13\n|\n|t:|1699043104\n|move|p1a: Misericorde|Matcha Gotcha|p2a: If I Catch Fire\n|-damage|p2a: If I Catch Fire|38\/100\n|-heal|p1a: Misericorde|100\/100|[from] drain|[of] p2a: If I Catch Fire\n|move|p2a: If I Catch Fire|Earth Power|p1a: Misericorde\n|-damage|p1a: Misericorde|84\/100\n|\n|-weather|SunnyDay|[upkeep]\n|-heal|p1a: Misericorde|90\/100|[from] item: Leftovers\n|upkeep\n|turn|14\n|\n|t:|1699043113\n|move|p1a: Misericorde|Shadow Ball|p2a: If I Catch Fire\n|-damage|p2a: If I Catch Fire|0 fnt\n|faint|p2a: If I Catch Fire\n|\n|-weather|SunnyDay|[upkeep]\n|-heal|p1a: Misericorde|96\/100|[from] item: Leftovers\n|upkeep\n|\n|t:|1699043119\n|switch|p2a: I\u2019ll Take My Turn|Ceruledge, F|100\/100\n|turn|15\n|\n|t:|1699043138\n|move|p2a: I\u2019ll Take My Turn|Poltergeist|p1a: Misericorde\n|-activate|p1a: Misericorde|move: Poltergeist|Leftovers\n|-damage|p1a: Misericorde|50\/100\n|move|p1a: Misericorde|Strength Sap|p2a: I\u2019ll Take My Turn\n|-unboost|p2a: I\u2019ll Take My Turn|atk|1\n|-heal|p1a: Misericorde|100\/100\n|\n|-weather|SunnyDay|[upkeep]\n|upkeep\n|turn|16\n|\n|t:|1699043147\n|move|p2a: I\u2019ll Take My Turn|Swords Dance|p2a: I\u2019ll Take My Turn\n|-boost|p2a: I\u2019ll Take My Turn|atk|2\n|move|p1a: Misericorde|Shadow Ball|p2a: I\u2019ll Take My Turn\n|-supereffective|p2a: I\u2019ll Take My Turn\n|-enditem|p2a: I\u2019ll Take My Turn|Focus Sash\n|-damage|p2a: I\u2019ll Take My Turn|1\/100\n|-unboost|p2a: I\u2019ll Take My Turn|spd|1\n|\n|-weather|SunnyDay|[upkeep]\n|upkeep\n|turn|17\n|c| Astro Rifk|smh drop mattered\n|c|\u2606EeveeGirlStar|the hax cmon\n|c|\u2606EeveeGirlStar|(joke)\n|\n|t:|1699043186\n|move|p2a: I\u2019ll Take My Turn|Swords Dance|p2a: I\u2019ll Take My Turn\n|-boost|p2a: I\u2019ll Take My Turn|atk|2\n|move|p1a: Misericorde|Shadow Ball|p2a: I\u2019ll Take My Turn\n|-supereffective|p2a: I\u2019ll Take My Turn\n|-crit|p2a: I\u2019ll Take My Turn\n|-damage|p2a: I\u2019ll Take My Turn|0 fnt\n|faint|p2a: I\u2019ll Take My Turn\n|\n|-weather|none\n|upkeep\n|\n|t:|1699043194\n|switch|p2a: All Lit Up|Iron Moth|100\/100\n|turn|18\n|\n|t:|1699043209\n|move|p2a: All Lit Up|Energy Ball|p1a: Misericorde\n|-supereffective|p1a: Misericorde\n|-damage|p1a: Misericorde|68\/100\n|move|p1a: Misericorde|Shadow Ball|p2a: All Lit Up\n|-damage|p2a: All Lit Up|30\/100\n|\n|-heal|p1a: Misericorde|74\/100|[from] item: Leftovers\n|upkeep\n|turn|19\n|\n|t:|1699043226\n|move|p2a: All Lit Up|Energy Ball|p1a: Misericorde\n|-supereffective|p1a: Misericorde\n|-damage|p1a: Misericorde|43\/100\n|move|p1a: Misericorde|Calm Mind|p1a: Misericorde\n|-boost|p1a: Misericorde|spa|1\n|-boost|p1a: Misericorde|spd|1\n|\n|-heal|p1a: Misericorde|49\/100|[from] item: Leftovers\n|upkeep\n|turn|20\n|\n|t:|1699043234\n|move|p2a: All Lit Up|Energy Ball|p1a: Misericorde\n|-supereffective|p1a: Misericorde\n|-damage|p1a: Misericorde|24\/100\n|-unboost|p1a: Misericorde|spd|1\n|move|p1a: Misericorde|Strength Sap|p2a: All Lit Up\n|-unboost|p2a: All Lit Up|atk|1\n|-heal|p1a: Misericorde|70\/100\n|\n|-heal|p1a: Misericorde|76\/100|[from] item: Leftovers\n|upkeep\n|turn|21\n|\n|t:|1699043250\n|move|p2a: All Lit Up|Energy Ball|p1a: Misericorde\n|-supereffective|p1a: Misericorde\n|-damage|p1a: Misericorde|41\/100\n|move|p1a: Misericorde|Shadow Ball|p2a: All Lit Up\n|-damage|p2a: All Lit Up|0 fnt\n|faint|p2a: All Lit Up\n|-end|p2a: All Lit Up|Quark Drive|[silent]\n|\n|-heal|p1a: Misericorde|47\/100|[from] item: Leftovers\n|upkeep\n|\n|t:|1699043256\n|switch|p2a: I Start To Smile|Scovillain, M|100\/100\n|turn|22\n|\n|t:|1699043270\n|move|p2a: I Start To Smile|Giga Drain|p1a: Misericorde\n|-supereffective|p1a: Misericorde\n|-damage|p1a: Misericorde|0 fnt\n|faint|p1a: Misericorde\n|-damage|p2a: I Start To Smile|91\/100|[from] item: Life Orb\n|\n|upkeep\n|c|\u2606EeveeGirlStar|gg\n|c|\u2606EeveeGirlStar|wait wow what\n|\n|t:|1699043286\n|switch|p1a: Non Funkible Token|Landorus-Therian, M|100\/100\n|-ability|p1a: Non Funkible Token|Intimidate|boost\n|-unboost|p2a: I Start To Smile|atk|1\n|turn|23\n|c| Astro Rifk|scovallin beat the fraud allegations\u2049\ufe0f\u2049\ufe0f\u2049\ufe0f\u2049\ufe0f\u2049\ufe0f\u2049\ufe0f\n|c|\u2606Bug Maniac Swaggy|about to get reverse swept by a scovillain yall\n|c|\u2606EeveeGirlStar|LETS DO IT\n|\n|t:|1699043319\n|switch|p2a: All My Troubles|Torkoal, F|75\/100\n|-weather|SunnyDay|[from] ability: Drought|[of] p2a: All My Troubles\n|move|p1a: Non Funkible Token|Earthquake|p2a: All My Troubles\n|-supereffective|p2a: All My Troubles\n|-damage|p2a: All My Troubles|14\/100\n|\n|-weather|SunnyDay|[upkeep]\n|upkeep\n|turn|24\n|\n|t:|1699043326\n|move|p1a: Non Funkible Token|Earthquake|p2a: All My Troubles\n|-supereffective|p2a: All My Troubles\n|-damage|p2a: All My Troubles|0 fnt\n|faint|p2a: All My Troubles\n|\n|-weather|SunnyDay|[upkeep]\n|upkeep\n|\n|t:|1699043327\n|switch|p2a: I Start To Smile|Scovillain, M|91\/100\n|turn|25\n|\n|t:|1699043346\n|switch|p1a: Howl|Charizard, F|100\/100\n|move|p2a: I Start To Smile|Growth|p2a: I Start To Smile\n|-boost|p2a: I Start To Smile|atk|2\n|-boost|p2a: I Start To Smile|spa|2\n|\n|-weather|SunnyDay|[upkeep]\n|upkeep\n|turn|26\n|c|\u2606Bug Maniac Swaggy|oh nah bruh\n|c|\u2606EeveeGirlStar|CMONNNN\n|\n|t:|1699043355\n|detailschange|p1a: Howl|Charizard-Mega-Y, F\n|-mega|p1a: Howl|Charizard|Charizardite Y\n|move|p2a: I Start To Smile|Fire Blast|p1a: Howl\n|-resisted|p1a: Howl\n|-damage|p1a: Howl|12\/100\n|-damage|p2a: I Start To Smile|81\/100|[from] item: Life Orb\n|move|p1a: Howl|Fire Blast|p2a: I Start To Smile\n|-damage|p2a: I Start To Smile|0 fnt\n|faint|p2a: I Start To Smile\n|\n|win|Bug Maniac Swaggy\n|c|\u2606EeveeGirlStar|gg\n|c|\u2606Bug Maniac Swaggy|gg\n|c|\u2606Bug Maniac Swaggy|ill get replays btw\n|l| Astro Rifk\n|l|\u2606Bug Maniac Swaggy\n|l| notastalecookie\n|l| ArcticIzagi\n","uploadtime":1699043371,"views":16,"p1id":"bugmaniacswaggy","p2id":"eeveegirlstar","formatid":"gen9nationaldexubers","rating":0,"private":0,"password":""}