{"id":"gen9nationaldexubers-1989048595","p1":"ItzSykz","p2":"SnakeBunny","format":"[Gen 9] National Dex Ubers","log":"|j|\u2606ItzSykz\n|j|\u2606SnakeBunny\n|t:|1699806426\n|gametype|singles\n|player|p1|ItzSykz|n|1132\n|player|p2|SnakeBunny|n|1234\n|teamsize|p1|6\n|teamsize|p2|6\n|gen|9\n|tier|[Gen 9] National Dex Ubers\n|rated|\n|rule|HP Percentage Mod: HP is shown in percentages\n|rule|Endless Battle Clause: Forcing endless battles is banned\n|rule|OHKO Clause: OHKO moves are banned\n|rule|Evasion Moves Clause: Evasion moves are banned\n|rule|Evasion Items Clause: Evasion items are banned\n|rule|Species Clause: Limit one of each Pok\u00e9mon\n|rule|Sleep Clause Mod: Limit one foe put to sleep\n|rule|Mega Rayquaza Clause: You cannot mega evolve Rayquaza\n|clearpoke\n|poke|p1|Zoroark-Hisui, M|\n|poke|p1|Greninja-*, M|\n|poke|p1|Toxtricity, F|\n|poke|p1|Volcarona, M|\n|poke|p1|Metagross|\n|poke|p1|Kommo-o, F|\n|poke|p2|Rillaboom, F|\n|poke|p2|Kyurem-Black|\n|poke|p2|Yveltal|\n|poke|p2|Scizor, F|\n|poke|p2|Gastrodon, F|\n|poke|p2|Slowbro, M|\n|teampreview\n|\n|t:|1699806433\n|start\n|switch|p1a: Metagross|Metagross|100\/100\n|switch|p2a: Gastrodon|Gastrodon, F|100\/100\n|turn|1\n|\n|t:|1699806441\n|move|p1a: Metagross|Nasty Plot|p1a: Metagross\n|-boost|p1a: Metagross|spa|2\n|move|p2a: Gastrodon|Yawn|p1a: Metagross\n|-start|p1a: Metagross|move: Yawn|[of] p2a: Gastrodon\n|\n|upkeep\n|turn|2\n|\n|t:|1699806447\n|move|p1a: Metagross|Hyper Voice|p2a: Gastrodon\n|-damage|p2a: Gastrodon|24\/100\n|-enditem|p2a: Gastrodon|Aguav Berry|[eat]\n|-heal|p2a: Gastrodon|58\/100|[from] item: Aguav Berry\n|move|p2a: Gastrodon|Stealth Rock|p1a: Metagross\n|-sidestart|p1: ItzSykz|move: Stealth Rock\n|\n|-end|p1a: Metagross|move: Yawn|[silent]\n|-status|p1a: Metagross|slp\n|upkeep\n|turn|3\n|\n|t:|1699806459\n|cant|p1a: Metagross|slp\n|move|p2a: Gastrodon|Recover|p2a: Gastrodon\n|-heal|p2a: Gastrodon|100\/100\n|\n|upkeep\n|turn|4\n|\n|t:|1699806464\n|cant|p1a: Metagross|slp\n|move|p2a: Gastrodon|Earth Power|p1a: Metagross\n|-damage|p1a: Metagross|40\/100 slp\n|replace|p1a: Zoroark|Zoroark-Hisui, M, shiny\n|-end|p1a: Zoroark|Illusion\n|\n|upkeep\n|turn|5\n|\n|t:|1699806468\n|cant|p1a: Zoroark|slp\n|move|p2a: Gastrodon|Earth Power|p1a: Zoroark\n|-damage|p1a: Zoroark|0 fnt\n|faint|p1a: Zoroark\n|\n|upkeep\n|\n|t:|1699806471\n|switch|p1a: Volcarona|Volcarona, M|100\/100\n|-damage|p1a: Volcarona|51\/100|[from] Stealth Rock\n|turn|6\n|\n|t:|1699806479\n|move|p1a: Volcarona|Giga Drain|p2a: Gastrodon\n|-supereffective|p2a: Gastrodon\n|-damage|p2a: Gastrodon|6\/100\n|-heal|p1a: Volcarona|100\/100|[from] drain|[of] p2a: Gastrodon\n|move|p2a: Gastrodon|Earth Power|p1a: Volcarona\n|-damage|p1a: Volcarona|68\/100\n|\n|-heal|p1a: Volcarona|74\/100|[from] item: Leftovers\n|upkeep\n|turn|7\n|\n|t:|1699806491\n|move|p1a: Volcarona|Giga Drain|p2a: Gastrodon\n|-supereffective|p2a: Gastrodon\n|-damage|p2a: Gastrodon|0 fnt\n|-heal|p1a: Volcarona|77\/100|[from] drain|[of] p2a: Gastrodon\n|faint|p2a: Gastrodon\n|\n|-heal|p1a: Volcarona|83\/100|[from] item: Leftovers\n|upkeep\n|\n|t:|1699806513\n|switch|p2a: Slowbro|Slowbro, M|100\/100\n|turn|8\n|\n|t:|1699806520\n|move|p1a: Volcarona|Quiver Dance|p1a: Volcarona\n|-boost|p1a: Volcarona|spa|1\n|-boost|p1a: Volcarona|spd|1\n|-boost|p1a: Volcarona|spe|1\n|move|p2a: Slowbro|Surf|p1a: Volcarona\n|-supereffective|p1a: Volcarona\n|-damage|p1a: Volcarona|37\/100\n|\n|-heal|p1a: Volcarona|43\/100|[from] item: Leftovers\n|upkeep\n|turn|9\n|\n|t:|1699806526\n|move|p1a: Volcarona|Bug Buzz|p2a: Slowbro\n|-supereffective|p2a: Slowbro\n|-damage|p2a: Slowbro|0 fnt\n|faint|p2a: Slowbro\n|\n|-heal|p1a: Volcarona|49\/100|[from] item: Leftovers\n|upkeep\n|\n|t:|1699806529\n|switch|p2a: Kyurem|Kyurem-Black|100\/100\n|-ability|p2a: Kyurem|Teravolt\n|turn|10\n|-message|SnakeBunny forfeited.\n|\n|win|ItzSykz\n|raw|ItzSykz's rating: 1132 &rarr; <strong>1164<\/strong><br \/>(+32 for winning)\n|raw|SnakeBunny's rating: 1234 &rarr; <strong>1202<\/strong><br \/>(-32 for losing)\n|l|\u2606SnakeBunny\n","uploadtime":1699806571,"views":28,"p1id":"itzsykz","p2id":"snakebunny","formatid":"gen9nationaldexubers","rating":1164,"private":0,"password":""}