{"id":"gen9nationaldexubers-1983000034","p1":"Flames98765","p2":"MiraGraves","format":"[Gen 9] National Dex Ubers","log":"|j|\u2606Flames98765\n|j|\u2606MiraGraves\n|t:|1699068277\n|gametype|singles\n|player|p1|Flames98765|jasmine|\n|player|p2|MiraGraves|psychicf-gen4|\n|teamsize|p1|6\n|teamsize|p2|6\n|gen|9\n|tier|[Gen 9] National Dex Ubers\n|rule|HP Percentage Mod: HP is shown in percentages\n|rule|Endless Battle Clause: Forcing endless battles is banned\n|rule|OHKO Clause: OHKO moves are banned\n|rule|Evasion Moves Clause: Evasion moves are banned\n|rule|Evasion Items Clause: Evasion items are banned\n|rule|Species Clause: Limit one of each Pok\u00e9mon\n|rule|Sleep Clause Mod: Limit one foe put to sleep\n|rule|Mega Rayquaza Clause: You cannot mega evolve Rayquaza\n|clearpoke\n|poke|p1|Tapu Koko|\n|poke|p1|Leavanny, M|\n|poke|p1|Xurkitree|\n|poke|p1|Serperior, M|\n|poke|p1|Kartana|\n|poke|p1|Zekrom|\n|poke|p2|Ninetales-Alola, F|\n|poke|p2|Magearna|\n|poke|p2|Baxcalibur, M|\n|poke|p2|Heatran, F|\n|poke|p2|Victini|\n|poke|p2|Landorus-Therian, M|\n|teampreview\n|\n|t:|1699068324\n|start\n|switch|p1a: Xurkitree|Xurkitree|100\/100\n|switch|p2a: Ninetales|Ninetales-Alola, F|100\/100\n|-weather|Snow|[from] ability: Snow Warning|[of] p2a: Ninetales\n|turn|1\n|\n|t:|1699068335\n|move|p2a: Ninetales|Aurora Veil|p2a: Ninetales\n|-sidestart|p2: MiraGraves|move: Aurora Veil\n|-zpower|p1a: Xurkitree\n|move|p1a: Xurkitree|Z-Hypnosis|p2a: Ninetales|[anim]Hypnosis\n|-boost|p1a: Xurkitree|spe|1|[zeffect]\n|-status|p2a: Ninetales|slp|[from] move: Hypnosis\n|\n|-weather|Snow|[upkeep]\n|upkeep\n|turn|2\n|\n|t:|1699068350\n|switch|p2a: Heatran|Heatran, F|100\/100\n|-item|p2a: Heatran|Air Balloon\n|move|p1a: Xurkitree|Tail Glow|p1a: Xurkitree\n|-boost|p1a: Xurkitree|spa|3\n|\n|-weather|Snow|[upkeep]\n|upkeep\n|turn|3\n|\n|t:|1699068359\n|move|p1a: Xurkitree|Thunderbolt|p2a: Heatran\n|-damage|p2a: Heatran|36\/100\n|-enditem|p2a: Heatran|Air Balloon\n|move|p2a: Heatran|Roar|p1a: Xurkitree\n|drag|p1a: Leavanny|Leavanny, M|100\/100\n|\n|-weather|Snow|[upkeep]\n|upkeep\n|turn|4\n|\n|t:|1699068373\n|move|p1a: Leavanny|Switcheroo|p2a: Heatran\n|-activate|p1a: Leavanny|move: Trick|[of] p2a: Heatran\n|-item|p2a: Heatran|Choice Scarf|[from] move: Switcheroo\n|-enditem|p1a: Leavanny|Choice Scarf|[silent]|[from] move: Switcheroo\n|move|p2a: Heatran|Magma Storm|p1a: Leavanny\n|-supereffective|p1a: Leavanny\n|-damage|p1a: Leavanny|0 fnt\n|faint|p1a: Leavanny\n|\n|-weather|Snow|[upkeep]\n|upkeep\n|\n|t:|1699068395\n|switch|p1a: Zekrom|Zekrom|100\/100\n|-ability|p1a: Zekrom|Teravolt\n|turn|5\n|\n|t:|1699068404\n|move|p2a: Heatran|Magma Storm|p1a: Zekrom|[miss]\n|-miss|p2a: Heatran|p1a: Zekrom\n|move|p1a: Zekrom|Defog|p2a: Heatran\n|-unboost|p2a: Heatran|evasion|1\n|-sideend|p2: MiraGraves|move: Aurora Veil\n|\n|-weather|Snow|[upkeep]\n|upkeep\n|turn|6\n|\n|t:|1699068414\n|switch|p2a: Landorus|Landorus-Therian, M|100\/100\n|-ability|p2a: Landorus|Intimidate|boost\n|-unboost|p1a: Zekrom|atk|1\n|move|p1a: Zekrom|Bolt Strike|p2a: Landorus\n|-immune|p2a: Landorus\n|\n|-weather|Snow|[upkeep]\n|upkeep\n|turn|7\n|\n|t:|1699068431\n|switch|p1a: Serperior|Serperior, M|100\/100\n|move|p2a: Landorus|Toxic|p1a: Serperior|[miss]\n|-miss|p2a: Landorus|p1a: Serperior\n|\n|-weather|Snow|[upkeep]\n|upkeep\n|turn|8\n|\n|t:|1699068441\n|move|p1a: Serperior|Substitute|p1a: Serperior\n|-start|p1a: Serperior|Substitute\n|-damage|p1a: Serperior|76\/100\n|move|p2a: Landorus|U-turn|p1a: Serperior\n|-supereffective|p1a: Serperior\n|-end|p1a: Serperior|Substitute\n|\n|t:|1699068447\n|switch|p2a: Ninetales|Ninetales-Alola, F|100\/100 slp|[from] U-turn\n|\n|-weather|none\n|-heal|p1a: Serperior|82\/100|[from] item: Leftovers\n|upkeep\n|turn|9\n|\n|t:|1699068459\n|move|p1a: Serperior|Substitute|p1a: Serperior\n|-start|p1a: Serperior|Substitute\n|-damage|p1a: Serperior|57\/100\n|cant|p2a: Ninetales|slp\n|\n|-heal|p1a: Serperior|63\/100|[from] item: Leftovers\n|upkeep\n|turn|10\n|\n|t:|1699068466\n|switch|p2a: Heatran|Heatran, F|36\/100\n|move|p1a: Serperior|Leaf Storm|p2a: Heatran\n|-resisted|p2a: Heatran\n|-damage|p2a: Heatran|26\/100\n|-boost|p1a: Serperior|spa|2\n|\n|-heal|p1a: Serperior|70\/100|[from] item: Leftovers\n|upkeep\n|turn|11\n|\n|t:|1699068488\n|-terastallize|p1a: Serperior|Fire\n|move|p1a: Serperior|Leaf Storm|p2a: Heatran\n|-resisted|p2a: Heatran\n|-damage|p2a: Heatran|8\/100\n|-boost|p1a: Serperior|spa|2\n|move|p2a: Heatran|Roar|p1a: Serperior\n|drag|p1a: Xurkitree|Xurkitree|100\/100\n|\n|upkeep\n|turn|12\n|\n|t:|1699068511\n|switch|p2a: Landorus|Landorus-Therian, M|100\/100\n|-ability|p2a: Landorus|Intimidate|boost\n|-unboost|p1a: Xurkitree|atk|1\n|move|p1a: Xurkitree|Tail Glow|p1a: Xurkitree\n|-boost|p1a: Xurkitree|spa|3\n|\n|upkeep\n|turn|13\n|\n|t:|1699068519\n|move|p2a: Landorus|Earthquake|p1a: Xurkitree\n|-supereffective|p1a: Xurkitree\n|-damage|p1a: Xurkitree|0 fnt\n|faint|p1a: Xurkitree\n|\n|upkeep\n|\n|t:|1699068525\n|switch|p1a: Serperior|Serperior, M, tera:Fire|70\/100\n|turn|14\n|\n|t:|1699068534\n|move|p1a: Serperior|Leaf Storm|p2a: Landorus\n|-damage|p2a: Landorus|45\/100\n|-boost|p1a: Serperior|spa|2\n|move|p2a: Landorus|Earthquake|p1a: Serperior\n|-supereffective|p1a: Serperior\n|-damage|p1a: Serperior|0 fnt\n|faint|p1a: Serperior\n|\n|upkeep\n|\n|t:|1699068560\n|switch|p1a: Tapu Koko|Tapu Koko|100\/100\n|-fieldstart|move: Electric Terrain|[from] ability: Electric Surge|[of] p1a: Tapu Koko\n|turn|15\n|\n|t:|1699068566\n|move|p1a: Tapu Koko|Dazzling Gleam|p2a: Landorus\n|-damage|p2a: Landorus|3\/100\n|move|p2a: Landorus|Earthquake|p1a: Tapu Koko\n|-supereffective|p1a: Tapu Koko\n|-damage|p1a: Tapu Koko|0 fnt\n|faint|p1a: Tapu Koko\n|\n|upkeep\n|\n|t:|1699068573\n|switch|p1a: Kartana|Kartana|100\/100\n|-enditem|p1a: Kartana|Electric Seed\n|-boost|p1a: Kartana|def|1|[from] item: Electric Seed\n|turn|16\n|\n|t:|1699068585\n|move|p1a: Kartana|Knock Off|p2a: Landorus\n|-damage|p2a: Landorus|0 fnt\n|-enditem|p2a: Landorus|Heavy-Duty Boots|[from] move: Knock Off|[of] p1a: Kartana\n|faint|p2a: Landorus\n|-ability|p1a: Kartana|Beast Boost|boost\n|-boost|p1a: Kartana|atk|1\n|\n|upkeep\n|\n|t:|1699068592\n|switch|p2a: Ninetales|Ninetales-Alola, F|100\/100 slp\n|-weather|Snow|[from] ability: Snow Warning|[of] p2a: Ninetales\n|turn|17\n|\n|t:|1699068598\n|move|p1a: Kartana|Smart Strike|p2a: Ninetales\n|-supereffective|p2a: Ninetales\n|-damage|p2a: Ninetales|0 fnt\n|faint|p2a: Ninetales\n|-ability|p1a: Kartana|Beast Boost|boost\n|-boost|p1a: Kartana|atk|1\n|\n|-weather|Snow|[upkeep]\n|upkeep\n|\n|t:|1699068614\n|switch|p2a: Victini|Victini|100\/100\n|turn|18\n|\n|t:|1699068622\n|move|p1a: Kartana|Knock Off|p2a: Victini\n|-supereffective|p2a: Victini\n|-damage|p2a: Victini|0 fnt\n|faint|p2a: Victini\n|-ability|p1a: Kartana|Beast Boost|boost\n|-boost|p1a: Kartana|atk|1\n|\n|-weather|Snow|[upkeep]\n|upkeep\n|\n|t:|1699068633\n|switch|p2a: Baxcalibur|Baxcalibur, M|100\/100\n|turn|19\n|\n|t:|1699068647\n|-terastallize|p2a: Baxcalibur|Dragon\n|move|p1a: Kartana|Smart Strike|p2a: Baxcalibur\n|-damage|p2a: Baxcalibur|0 fnt\n|faint|p2a: Baxcalibur\n|-ability|p1a: Kartana|Beast Boost|boost\n|-boost|p1a: Kartana|atk|1\n|\n|-weather|Snow|[upkeep]\n|-fieldend|move: Electric Terrain\n|upkeep\n|\n|t:|1699068654\n|switch|p2a: Heatran|Heatran, F|8\/100\n|turn|20\n|c|\u2606MiraGraves|GG\n|\n|t:|1699068658\n|move|p1a: Kartana|Smart Strike|p2a: Heatran\n|-resisted|p2a: Heatran\n|-damage|p2a: Heatran|0 fnt\n|faint|p2a: Heatran\n|-ability|p1a: Kartana|Beast Boost|boost\n|-boost|p1a: Kartana|atk|1\n|\n|-weather|Snow|[upkeep]\n|upkeep\n|\n|t:|1699068660\n|switch|p2a: Magearna|Magearna|100\/100\n|turn|21\n|c|\u2606Flames98765|Gg\n|c|\u2606Flames98765|Kartana is nuts\n|c|\u2606MiraGraves|Yep\n|\n|t:|1699068673\n|move|p1a: Kartana|Smart Strike|p2a: Magearna\n|-damage|p2a: Magearna|0 fnt\n|faint|p2a: Magearna\n|\n|win|Flames98765\n|c|\u2606MiraGraves|Rematch?\n","uploadtime":1699068681,"views":6,"p1id":"flames98765","p2id":"miragraves","formatid":"gen9nationaldexubers","rating":0,"private":0,"password":""}