{"id":"gen9nationaldexubers-1981242068","p1":"ty43klo","p2":"Oomaester1234","format":"[Gen 9] National Dex Ubers","log":"|j|\u2606ty43klo\n|j|\u2606Oomaester1234\n|t:|1698875604\n|gametype|singles\n|player|p1|ty43klo|ghetsis|1387\n|player|p2|Oomaester1234|teamrocket|1396\n|teamsize|p1|6\n|teamsize|p2|6\n|gen|9\n|tier|[Gen 9] National Dex Ubers\n|rated|\n|rule|HP Percentage Mod: HP is shown in percentages\n|rule|Endless Battle Clause: Forcing endless battles is banned\n|rule|OHKO Clause: OHKO moves are banned\n|rule|Evasion Moves Clause: Evasion moves are banned\n|rule|Evasion Items Clause: Evasion items are banned\n|rule|Species Clause: Limit one of each Pok\u00e9mon\n|rule|Sleep Clause Mod: Limit one foe put to sleep\n|rule|Mega Rayquaza Clause: You cannot mega evolve Rayquaza\n|clearpoke\n|poke|p1|Grimmsnarl, M|\n|poke|p1|Ho-Oh|\n|poke|p1|Zacian-*|\n|poke|p1|Groudon|\n|poke|p1|Alakazam, F|\n|poke|p1|Xerneas-*|\n|poke|p2|Zekrom|\n|poke|p2|Clodsire, F|\n|poke|p2|Landorus-Therian, M|\n|poke|p2|Skeledirge, M|\n|poke|p2|Necrozma-Dusk-Mane|\n|poke|p2|Chien-Pao|\n|teampreview\n|inactive|Battle timer is ON: inactive players will automatically lose when time's up. (requested by Oomaester1234)\n|inactive|ty43klo has 120 seconds left.\n|\n|t:|1698875650\n|start\n|switch|p1a: Grimmsnarl|Grimmsnarl, M|100\/100\n|switch|p2a: Land\u0153|Landorus-Therian, M|100\/100\n|-ability|p2a: Land\u0153|Intimidate|boost\n|-unboost|p1a: Grimmsnarl|atk|1\n|turn|1\n|\n|t:|1698875656\n|move|p1a: Grimmsnarl|Reflect|p1a: Grimmsnarl\n|-sidestart|p1: ty43klo|Reflect\n|move|p2a: Land\u0153|Defog|p1a: Grimmsnarl\n|-unboost|p1a: Grimmsnarl|evasion|1\n|-sideend|p1: ty43klo|Reflect\n|\n|upkeep\n|turn|2\n|\n|t:|1698875659\n|move|p1a: Grimmsnarl|Taunt|p2a: Land\u0153\n|-start|p2a: Land\u0153|move: Taunt\n|move|p2a: Land\u0153|Knock Off|p1a: Grimmsnarl\n|-resisted|p1a: Grimmsnarl\n|-damage|p1a: Grimmsnarl|91\/100\n|-enditem|p1a: Grimmsnarl|Light Clay|[from] move: Knock Off|[of] p2a: Land\u0153\n|\n|upkeep\n|turn|3\n|\n|t:|1698875661\n|move|p1a: Grimmsnarl|Reflect|p1a: Grimmsnarl\n|-sidestart|p1: ty43klo|Reflect\n|move|p2a: Land\u0153|U-turn|p1a: Grimmsnarl\n|-damage|p1a: Grimmsnarl|78\/100\n|\n|t:|1698875669\n|switch|p2a: Chien-Pao|Chien-Pao|100\/100|[from] U-turn\n|-ability|p2a: Chien-Pao|Sword of Ruin\n|\n|upkeep\n|turn|4\n|\n|t:|1698875679\n|switch|p1a: Zacian|Zacian-Crowned|100\/100\n|-ability|p1a: Zacian|Intrepid Sword|boost\n|-boost|p1a: Zacian|atk|1\n|move|p2a: Chien-Pao|Icicle Crash|p1a: Zacian\n|-resisted|p1a: Zacian\n|-damage|p1a: Zacian|83\/100\n|-damage|p2a: Chien-Pao|91\/100|[from] item: Life Orb\n|\n|upkeep\n|turn|5\n|\n|t:|1698875690\n|switch|p2a: Skeledirge|Skeledirge, M|100\/100\n|move|p1a: Zacian|Behemoth Blade|p2a: Skeledirge\n|-resisted|p2a: Skeledirge\n|-damage|p2a: Skeledirge|83\/100\n|\n|-heal|p2a: Skeledirge|89\/100|[from] item: Leftovers\n|upkeep\n|turn|6\n|\n|t:|1698875700\n|switch|p1a: Alakazam|Alakazam, F|100\/100\n|move|p2a: Skeledirge|Will-O-Wisp|p1a: Alakazam\n|-status|p1a: Alakazam|brn\n|\n|-heal|p2a: Skeledirge|95\/100|[from] item: Leftovers\n|upkeep\n|turn|7\n|\n|t:|1698875705\n|detailschange|p1a: Alakazam|Alakazam-Mega, F\n|-mega|p1a: Alakazam|Alakazam|Alakazite\n|-ability|p1a: Alakazam|Unaware|[from] ability: Trace|[of] p2a: Skeledirge\n|move|p1a: Alakazam|Shadow Ball|p2a: Skeledirge\n|-supereffective|p2a: Skeledirge\n|-damage|p2a: Skeledirge|25\/100\n|-unboost|p2a: Skeledirge|spd|1\n|move|p2a: Skeledirge|Hex|p1a: Alakazam\n|-supereffective|p1a: Alakazam\n|-damage|p1a: Alakazam|0 fnt\n|faint|p1a: Alakazam\n|\n|-heal|p2a: Skeledirge|31\/100|[from] item: Leftovers\n|-sideend|p1: ty43klo|Reflect\n|upkeep\n|\n|t:|1698875729\n|switch|p1a: Grimmsnarl|Grimmsnarl, M|78\/100\n|turn|8\n|\n|t:|1698875731\n|move|p1a: Grimmsnarl|Light Screen|p1a: Grimmsnarl\n|-sidestart|p1: ty43klo|move: Light Screen\n|move|p2a: Skeledirge|Slack Off|p2a: Skeledirge\n|-heal|p2a: Skeledirge|81\/100\n|\n|-heal|p2a: Skeledirge|87\/100|[from] item: Leftovers\n|upkeep\n|turn|9\n|\n|t:|1698875736\n|move|p1a: Grimmsnarl|Taunt|p2a: Skeledirge\n|-start|p2a: Skeledirge|move: Taunt\n|cant|p2a: Skeledirge|move: Taunt|Will-O-Wisp\n|\n|-heal|p2a: Skeledirge|94\/100|[from] item: Leftovers\n|upkeep\n|turn|10\n|\n|t:|1698875742\n|switch|p2a: Land\u0153|Landorus-Therian, M|100\/100\n|-ability|p2a: Land\u0153|Intimidate|boost\n|-unboost|p1a: Grimmsnarl|atk|1\n|move|p1a: Grimmsnarl|Parting Shot|p2a: Land\u0153\n|-unboost|p2a: Land\u0153|atk|1\n|-unboost|p2a: Land\u0153|spa|1\n|\n|t:|1698875749\n|switch|p1a: Xerneas|Xerneas|100\/100|[from] Parting Shot\n|-ability|p1a: Xerneas|Fairy Aura\n|\n|upkeep\n|turn|11\n|\n|t:|1698875755\n|move|p1a: Xerneas|Geomancy||[still]\n|-prepare|p1a: Xerneas|Geomancy\n|-enditem|p1a: Xerneas|Power Herb\n|-anim|p1a: Xerneas|Geomancy|p1a: Xerneas\n|-boost|p1a: Xerneas|spa|2\n|-boost|p1a: Xerneas|spd|2\n|-boost|p1a: Xerneas|spe|2\n|move|p2a: Land\u0153|Defog|p1a: Xerneas\n|-unboost|p1a: Xerneas|evasion|1\n|-sideend|p1: ty43klo|move: Light Screen\n|\n|upkeep\n|turn|12\n|\n|t:|1698875762\n|switch|p2a: Clodsire|Clodsire, F|100\/100\n|move|p1a: Xerneas|Moonblast|p2a: Clodsire\n|-resisted|p2a: Clodsire\n|-damage|p2a: Clodsire|66\/100\n|\n|-heal|p2a: Clodsire|72\/100|[from] item: Black Sludge\n|upkeep\n|turn|13\n|\n|t:|1698875764\n|move|p1a: Xerneas|Substitute|p1a: Xerneas\n|-start|p1a: Xerneas|Substitute\n|-damage|p1a: Xerneas|76\/100\n|move|p2a: Clodsire|Haze|p2a: Clodsire\n|-clearallboost\n|\n|-heal|p2a: Clodsire|79\/100|[from] item: Black Sludge\n|upkeep\n|turn|14\n|\n|t:|1698875769\n|move|p1a: Xerneas|Moonblast|p2a: Clodsire\n|-resisted|p2a: Clodsire\n|-damage|p2a: Clodsire|63\/100\n|move|p2a: Clodsire|Earthquake|p1a: Xerneas\n|-activate|p1a: Xerneas|move: Substitute|[damage]\n|\n|-heal|p2a: Clodsire|69\/100|[from] item: Black Sludge\n|upkeep\n|turn|15\n|\n|t:|1698875772\n|switch|p1a: Groudon|Groudon|100\/100\n|detailschange|p1a: Groudon|Groudon-Primal\n|-primal|p1a: Groudon|Red Orb\n|-weather|DesolateLand|[from] ability: Desolate Land|[of] p1a: Groudon\n|move|p2a: Clodsire|Earthquake|p1a: Groudon\n|-supereffective|p1a: Groudon\n|-damage|p1a: Groudon|69\/100\n|\n|-weather|DesolateLand|[upkeep]\n|-heal|p2a: Clodsire|75\/100|[from] item: Black Sludge\n|upkeep\n|turn|16\n|\n|t:|1698875777\n|switch|p2a: Land\u0153|Landorus-Therian, M|100\/100\n|-ability|p2a: Land\u0153|Intimidate|boost\n|-unboost|p1a: Groudon|atk|1\n|move|p1a: Groudon|Rock Polish|p1a: Groudon\n|-boost|p1a: Groudon|spe|2\n|\n|-weather|DesolateLand|[upkeep]\n|upkeep\n|turn|17\n|\n|t:|1698875783\n|move|p1a: Groudon|Stone Edge|p2a: Land\u0153\n|-damage|p2a: Land\u0153|80\/100\n|move|p2a: Land\u0153|Earthquake|p1a: Groudon\n|-supereffective|p1a: Groudon\n|-damage|p1a: Groudon|4\/100\n|\n|-weather|DesolateLand|[upkeep]\n|-heal|p2a: Land\u0153|86\/100|[from] item: Leftovers\n|upkeep\n|turn|18\n|-message|ty43klo forfeited.\n|\n|win|Oomaester1234\n|raw|ty43klo's rating: 1387 &rarr; <strong>1368<\/strong><br \/>(-19 for losing)\n|raw|Oomaester1234's rating: 1396 &rarr; <strong>1415<\/strong><br \/>(+19 for winning)\n|l|\u2606ty43klo\n","uploadtime":1698875793,"views":11,"p1id":"ty43klo","p2id":"oomaester1234","formatid":"gen9nationaldexubers","rating":1368,"private":0,"password":""}