{"id":"gen9nationaldexubers-1997300880","p1":"Nickalip","p2":"Elibungo23","format":"[Gen 9] National Dex Ubers","log":"|j|\u2606Nickalip\n|j|\u2606Elibungo23\n|t:|1700786592\n|gametype|singles\n|player|p1|Nickalip|steven|1047\n|player|p2|Elibungo23|camper|1194\n|teamsize|p1|6\n|teamsize|p2|6\n|gen|9\n|tier|[Gen 9] National Dex Ubers\n|rated|\n|rule|HP Percentage Mod: HP is shown in percentages\n|rule|Endless Battle Clause: Forcing endless battles is banned\n|rule|OHKO Clause: OHKO moves are banned\n|rule|Evasion Moves Clause: Evasion moves are banned\n|rule|Evasion Items Clause: Evasion items are banned\n|rule|Species Clause: Limit one of each Pok\u00e9mon\n|rule|Sleep Clause Mod: Limit one foe put to sleep\n|rule|Mega Rayquaza Clause: You cannot mega evolve Rayquaza\n|clearpoke\n|poke|p1|Scizor, M|\n|poke|p1|Gardevoir, F|\n|poke|p1|Swampert, F|\n|poke|p1|Iron Valiant|\n|poke|p1|Roaring Moon|\n|poke|p1|Ninetales-Alola, F|\n|poke|p2|Infernape, M|\n|poke|p2|Meloetta|\n|poke|p2|Empoleon, M|\n|poke|p2|Torterra, M|\n|poke|p2|Electrode-Hisui|\n|poke|p2|Necrozma-Dusk-Mane|\n|teampreview\n|inactive|Battle timer is ON: inactive players will automatically lose when time's up. (requested by Elibungo23)\n|\n|t:|1700786597\n|start\n|switch|p1a: Ola|Ninetales-Alola, F|100\/100\n|switch|p2a: Electrode|Electrode-Hisui, shiny|100\/100\n|-weather|Snow|[from] ability: Snow Warning|[of] p1a: Ola\n|turn|1\n|\n|t:|1700786606\n|move|p2a: Electrode|Chloroblast|p1a: Ola\n|-damage|p1a: Ola|45\/100\n|-damage|p2a: Electrode|50\/100|[from] Recoil\n|move|p1a: Ola|Aurora Veil|p1a: Ola\n|-sidestart|p1: Nickalip|move: Aurora Veil\n|\n|-weather|Snow|[upkeep]\n|upkeep\n|turn|2\n|\n|t:|1700786615\n|move|p2a: Electrode|Discharge|p1a: Ola\n|-damage|p1a: Ola|30\/100\n|move|p1a: Ola|Encore|p2a: Electrode\n|-start|p2a: Electrode|Encore\n|\n|-weather|Snow|[upkeep]\n|upkeep\n|turn|3\n|\n|t:|1700786630\n|switch|p1a: El rocin|Swampert, F, shiny|100\/100\n|move|p2a: Electrode|Discharge|p1a: El rocin\n|-immune|p1a: El rocin\n|\n|-weather|Snow|[upkeep]\n|upkeep\n|turn|4\n|\n|t:|1700786643\n|switch|p2a: Torterra|Torterra, M, shiny|100\/100\n|move|p1a: El rocin|Avalanche|p2a: Torterra\n|-supereffective|p2a: Torterra\n|-damage|p2a: Torterra|33\/100\n|\n|-weather|Snow|[upkeep]\n|upkeep\n|turn|5\n|\n|t:|1700786651\n|-zpower|p2a: Torterra\n|move|p2a: Torterra|Bloom Doom|p1a: El rocin|[zeffect]\n|-supereffective|p1a: El rocin\n|-damage|p1a: El rocin|0 fnt\n|faint|p1a: El rocin\n|\n|-weather|none\n|upkeep\n|\n|t:|1700786666\n|switch|p1a: Meka-Nick|Iron Valiant, shiny|100\/100\n|-enditem|p1a: Meka-Nick|Booster Energy\n|-activate|p1a: Meka-Nick|ability: Quark Drive|[fromitem]\n|-start|p1a: Meka-Nick|quarkdrivespe\n|turn|6\n|\n|t:|1700786671\n|move|p1a: Meka-Nick|Drain Punch|p2a: Torterra\n|-damage|p2a: Torterra|2\/100\n|move|p2a: Torterra|Iron Head|p1a: Meka-Nick\n|-supereffective|p1a: Meka-Nick\n|-damage|p1a: Meka-Nick|67\/100\n|\n|upkeep\n|turn|7\n|\n|t:|1700786680\n|move|p1a: Meka-Nick|Drain Punch|p2a: Torterra\n|-damage|p2a: Torterra|0 fnt\n|-heal|p1a: Meka-Nick|68\/100|[from] drain|[of] p2a: Torterra\n|faint|p2a: Torterra\n|\n|upkeep\n|\n|t:|1700786686\n|switch|p2a: Necrozma|Necrozma-Dusk-Mane, shiny|100\/100\n|turn|8\n|\n|t:|1700786691\n|move|p1a: Meka-Nick|Drain Punch|p2a: Necrozma\n|-damage|p2a: Necrozma|72\/100\n|-heal|p1a: Meka-Nick|87\/100|[from] drain|[of] p2a: Necrozma\n|move|p2a: Necrozma|Iron Head|p1a: Meka-Nick\n|-supereffective|p1a: Meka-Nick\n|-damage|p1a: Meka-Nick|34\/100\n|\n|-sideend|p1: Nickalip|move: Aurora Veil\n|upkeep\n|turn|9\n|\n|t:|1700786700\n|move|p1a: Meka-Nick|Drain Punch|p2a: Necrozma\n|-damage|p2a: Necrozma|46\/100\n|-heal|p1a: Meka-Nick|52\/100|[from] drain|[of] p2a: Necrozma\n|move|p2a: Necrozma|Thunder Wave|p1a: Meka-Nick\n|-status|p1a: Meka-Nick|par\n|\n|upkeep\n|turn|10\n|\n|t:|1700786708\n|move|p1a: Meka-Nick|Drain Punch|p2a: Necrozma\n|-damage|p2a: Necrozma|16\/100\n|-heal|p1a: Meka-Nick|73\/100 par|[from] drain|[of] p2a: Necrozma\n|move|p2a: Necrozma|Iron Head|p1a: Meka-Nick\n|-supereffective|p1a: Meka-Nick\n|-damage|p1a: Meka-Nick|0 fnt\n|faint|p1a: Meka-Nick\n|-end|p1a: Meka-Nick|Quark Drive|[silent]\n|\n|upkeep\n|\n|t:|1700786719\n|switch|p1a: Chimuelo|Roaring Moon|100\/100\n|-enditem|p1a: Chimuelo|Booster Energy\n|-activate|p1a: Chimuelo|ability: Protosynthesis|[fromitem]\n|-start|p1a: Chimuelo|protosynthesisatk\n|turn|11\n|\n|t:|1700786725\n|detailschange|p2a: Necrozma|Necrozma-Ultra, shiny\n|-burst|p2a: Necrozma|Necrozma|Ultranecrozium Z\n|move|p1a: Chimuelo|Jaw Lock|p2a: Necrozma\n|-supereffective|p2a: Necrozma\n|-damage|p2a: Necrozma|0 fnt\n|faint|p2a: Necrozma\n|\n|upkeep\n|\n|t:|1700786732\n|switch|p2a: Meloetta|Meloetta|100\/100\n|turn|12\n|\n|t:|1700786736\n|move|p1a: Chimuelo|Jaw Lock|p2a: Meloetta\n|-supereffective|p2a: Meloetta\n|-damage|p2a: Meloetta|0 fnt\n|faint|p2a: Meloetta\n|\n|upkeep\n|\n|t:|1700786740\n|switch|p2a: Empoleon|Empoleon, M, shiny|100\/100\n|turn|13\n|\n|t:|1700786744\n|move|p1a: Chimuelo|Earthquake|p2a: Empoleon\n|-supereffective|p2a: Empoleon\n|-damage|p2a: Empoleon|0 fnt\n|faint|p2a: Empoleon\n|\n|upkeep\n|\n|t:|1700786749\n|switch|p2a: Infernape|Infernape, M, shiny|100\/100\n|turn|14\n|\n|t:|1700786752\n|move|p2a: Infernape|Fake Out|p1a: Chimuelo\n|-damage|p1a: Chimuelo|81\/100\n|-damage|p2a: Infernape|91\/100|[from] item: Life Orb\n|cant|p1a: Chimuelo|flinch\n|\n|upkeep\n|turn|15\n|\n|t:|1700786760\n|move|p2a: Infernape|Mach Punch|p1a: Chimuelo\n|-supereffective|p1a: Chimuelo\n|-damage|p1a: Chimuelo|13\/100\n|-damage|p2a: Infernape|81\/100|[from] item: Life Orb\n|move|p1a: Chimuelo|Earthquake|p2a: Infernape\n|-supereffective|p2a: Infernape\n|-damage|p2a: Infernape|0 fnt\n|faint|p2a: Infernape\n|\n|upkeep\n|\n|t:|1700786767\n|switch|p2a: Electrode|Electrode-Hisui, shiny|50\/100\n|turn|16\n|\n|t:|1700786773\n|move|p2a: Electrode|Discharge|p1a: Chimuelo\n|-resisted|p1a: Chimuelo\n|-damage|p1a: Chimuelo|3\/100\n|move|p1a: Chimuelo|Acrobatics|p2a: Electrode\n|-damage|p2a: Electrode|0 fnt\n|-status|p1a: Chimuelo|par|[from] ability: Static|[of] p2a: Electrode\n|faint|p2a: Electrode\n|\n|win|Nickalip\n|raw|Nickalip's rating: 1047 &rarr; <strong>1093<\/strong><br \/>(+46 for winning)\n|raw|Elibungo23's rating: 1194 &rarr; <strong>1159<\/strong><br \/>(-35 for losing)\n|l|\u2606Elibungo23\n|c|\u2606Nickalip|gg\n","uploadtime":1700786789,"views":15,"p1id":"nickalip","p2id":"elibungo23","formatid":"gen9nationaldexubers","rating":1093,"private":0,"password":""}