{"id":"gen9nationaldexubers-1985172313","p1":"krossedlol","p2":"fair room","format":"[Gen 9] National Dex Ubers","log":"|j|\u2606krossedlol\n|j|\u2606fair room\n|t:|1699342812\n|gametype|singles\n|player|p1|krossedlol|170|\n|player|p2|fair room|kieran|\n|teamsize|p1|6\n|teamsize|p2|6\n|gen|9\n|tier|[Gen 9] National Dex Ubers\n|rule|HP Percentage Mod: HP is shown in percentages\n|rule|Endless Battle Clause: Forcing endless battles is banned\n|rule|OHKO Clause: OHKO moves are banned\n|rule|Evasion Moves Clause: Evasion moves are banned\n|rule|Evasion Items Clause: Evasion items are banned\n|rule|Species Clause: Limit one of each Pok\u00e9mon\n|rule|Sleep Clause Mod: Limit one foe put to sleep\n|rule|Mega Rayquaza Clause: You cannot mega evolve Rayquaza\n|clearpoke\n|poke|p1|Groudon|\n|poke|p1|Arceus|\n|poke|p1|Spiritomb, F|\n|poke|p1|Necrozma-Dawn-Wings|\n|poke|p1|Xerneas-*|\n|poke|p1|Zacian-*|\n|poke|p2|Rayquaza|\n|poke|p2|Hatterene, F|\n|poke|p2|Melmetal|\n|poke|p2|Kyogre|\n|poke|p2|Calyrex-Ice|\n|poke|p2|Arceus|\n|teampreview\n|inactive|Battle timer is ON: inactive players will automatically lose when time's up. (requested by fair room)\n|\n|t:|1699342818\n|start\n|switch|p1a: Necrozma|Necrozma-Dawn-Wings, shiny|100\/100\n|switch|p2a: Drumstick|Hatterene, F|100\/100\n|turn|1\n|\n|t:|1699342829\n|move|p1a: Necrozma|Photon Geyser|p2a: Drumstick\n|-resisted|p2a: Drumstick\n|-damage|p2a: Drumstick|68\/100\n|move|p2a: Drumstick|Trick Room|p2a: Drumstick\n|-fieldstart|move: Trick Room|[of] p2a: Drumstick\n|\n|upkeep\n|turn|2\n|\n|t:|1699342835\n|move|p2a: Drumstick|Misty Explosion|p1a: Necrozma\n|-damage|p1a: Necrozma|60\/100\n|faint|p2a: Drumstick\n|move|p1a: Necrozma|Calm Mind|p1a: Necrozma\n|-boost|p1a: Necrozma|spa|1\n|-boost|p1a: Necrozma|spd|1\n|\n|upkeep\n|\n|t:|1699342837\n|switch|p2a: Freezie|Calyrex-Ice|100\/100\n|-ability|p2a: Freezie|As One\n|-ability|p2a: Freezie|Unnerve\n|turn|3\n|\n|t:|1699342841\n|move|p2a: Freezie|Glacial Lance|p1a: Necrozma\n|-damage|p1a: Necrozma|0 fnt\n|faint|p1a: Necrozma\n|-ability|p2a: Freezie|Chilling Neigh|boost\n|-boost|p2a: Freezie|atk|1\n|\n|upkeep\n|\n|t:|1699342848\n|switch|p1a: Spiritomb|Spiritomb, F, shiny|100\/100\n|turn|4\n|\n|t:|1699342853\n|move|p2a: Freezie|Glacial Lance|p1a: Spiritomb\n|-enditem|p1a: Spiritomb|Focus Sash\n|-damage|p1a: Spiritomb|1\/100\n|move|p1a: Spiritomb|Poltergeist|p2a: Freezie\n|-activate|p2a: Freezie|move: Poltergeist|Groundium Z\n|-supereffective|p2a: Freezie\n|-damage|p2a: Freezie|39\/100\n|\n|upkeep\n|turn|5\n|\n|t:|1699342860\n|move|p1a: Spiritomb|Sucker Punch|p2a: Freezie\n|-supereffective|p2a: Freezie\n|-damage|p2a: Freezie|0 fnt\n|faint|p2a: Freezie\n|\n|-fieldend|move: Trick Room\n|upkeep\n|\n|t:|1699342869\n|switch|p2a: Emerald|Rayquaza|100\/100\n|-ability|p2a: Emerald|Air Lock\n|turn|6\n|\n|t:|1699342872\n|move|p1a: Spiritomb|Sucker Punch|p2a: Emerald\n|-damage|p2a: Emerald|71\/100\n|move|p2a: Emerald|Surf|p1a: Spiritomb\n|-damage|p1a: Spiritomb|0 fnt\n|faint|p1a: Spiritomb\n|-damage|p2a: Emerald|61\/100|[from] item: Life Orb\n|\n|upkeep\n|\n|t:|1699342878\n|switch|p1a: Arceus|Arceus|100\/100\n|turn|7\n|\n|t:|1699342898\n|move|p1a: Arceus|Will-O-Wisp|p2a: Emerald\n|-status|p2a: Emerald|brn\n|move|p2a: Emerald|Dragon Ascent|p1a: Arceus\n|-damage|p1a: Arceus|68\/100\n|-unboost|p2a: Emerald|def|1\n|-unboost|p2a: Emerald|spd|1\n|-damage|p2a: Emerald|51\/100 brn|[from] item: Life Orb\n|\n|-damage|p2a: Emerald|45\/100 brn|[from] brn\n|upkeep\n|turn|8\n|\n|t:|1699342906\n|switch|p2a: The Biggest One|Arceus|100\/100\n|move|p1a: Arceus|Extreme Speed|p2a: The Biggest One\n|-damage|p2a: The Biggest One|69\/100\n|\n|upkeep\n|turn|9\n|\n|t:|1699342915\n|switch|p1a: Groudon|Groudon, shiny|100\/100\n|detailschange|p1a: Groudon|Groudon-Primal, shiny\n|-primal|p1a: Groudon|Red Orb\n|-weather|DesolateLand|[from] ability: Desolate Land|[of] p1a: Groudon\n|move|p2a: The Biggest One|Trick Room|p2a: The Biggest One\n|-fieldstart|move: Trick Room|[of] p2a: The Biggest One\n|\n|-weather|DesolateLand|[upkeep]\n|upkeep\n|turn|10\n|\n|t:|1699342923\n|switch|p2a: Emerald|Rayquaza|45\/100 brn\n|-ability|p2a: Emerald|Air Lock\n|move|p1a: Groudon|Rock Blast|p2a: Emerald|[miss]\n|-miss|p1a: Groudon|p2a: Emerald\n|\n|-weather|DesolateLand|[upkeep]\n|-damage|p2a: Emerald|39\/100 brn|[from] brn\n|upkeep\n|turn|11\n|\n|t:|1699342932\n|switch|p2a: Femme Metale|Melmetal, shiny|100\/100\n|-weather|none\n|switch|p1a: Arceus|Arceus|68\/100\n|\n|upkeep\n|turn|12\n|\n|t:|1699342942\n|switch|p1a: Zacian|Zacian-Crowned, shiny|100\/100\n|-ability|p1a: Zacian|Intrepid Sword|boost\n|-boost|p1a: Zacian|atk|1\n|-terastallize|p2a: Femme Metale|Steel\n|move|p2a: Femme Metale|Double Iron Bash|p1a: Zacian\n|-damage|p1a: Zacian|11\/100\n|-damage|p1a: Zacian|0 fnt\n|faint|p1a: Zacian\n|-hitcount|p1: Zacian|2\n|\n|upkeep\n|\n|t:|1699342947\n|switch|p1a: Arceus|Arceus|68\/100\n|turn|13\n|\n|t:|1699342952\n|move|p1a: Arceus|Extreme Speed|p2a: Femme Metale\n|-resisted|p2a: Femme Metale\n|-damage|p2a: Femme Metale|90\/100\n|move|p2a: Femme Metale|Double Iron Bash|p1a: Arceus\n|-damage|p1a: Arceus|7\/100\n|-damage|p1a: Arceus|0 fnt\n|faint|p1a: Arceus\n|-hitcount|p1: Arceus|2\n|\n|-fieldend|move: Trick Room\n|upkeep\n|\n|t:|1699342956\n|switch|p1a: Groudon|Groudon-Primal, shiny|100\/100\n|-weather|DesolateLand|[from] ability: Desolate Land|[of] p1a: Groudon\n|turn|14\n|\n|t:|1699342962\n|switch|p2a: Emerald|Rayquaza|39\/100 brn\n|-ability|p2a: Emerald|Air Lock\n|move|p1a: Groudon|Precipice Blades|p2a: Emerald\n|-immune|p2a: Emerald\n|\n|-weather|DesolateLand|[upkeep]\n|-damage|p2a: Emerald|33\/100 brn|[from] brn\n|upkeep\n|turn|15\n|\n|t:|1699342966\n|move|p1a: Groudon|Rock Blast|p2a: Emerald\n|-supereffective|p2a: Emerald\n|-damage|p2a: Emerald|13\/100 brn\n|-supereffective|p2a: Emerald\n|-damage|p2a: Emerald|0 fnt\n|faint|p2a: Emerald\n|-hitcount|p2: Emerald|2\n|\n|-weather|DesolateLand|[upkeep]\n|upkeep\n|\n|t:|1699342968\n|switch|p2a: The Biggest One|Arceus|69\/100\n|turn|16\n|\n|t:|1699342975\n|move|p1a: Groudon|Hone Claws|p1a: Groudon\n|-boost|p1a: Groudon|atk|1\n|-boost|p1a: Groudon|accuracy|1\n|move|p2a: The Biggest One|Trick Room|p2a: The Biggest One\n|-fieldstart|move: Trick Room|[of] p2a: The Biggest One\n|\n|-weather|DesolateLand|[upkeep]\n|upkeep\n|turn|17\n|\n|t:|1699342986\n|move|p2a: The Biggest One|Healing Wish|p2a: The Biggest One\n|faint|p2a: The Biggest One\n|move|p1a: Groudon|Precipice Blades|p2: The Biggest One|[notarget]\n|-fail|p1a: Groudon\n|\n|-weather|DesolateLand|[upkeep]\n|upkeep\n|\n|t:|1699342989\n|switch|p2a: Big Blue|Kyogre|100\/100\n|detailschange|p2a: Big Blue|Kyogre-Primal\n|-primal|p2a: Big Blue|Blue Orb\n|-weather|PrimordialSea|[from] ability: Primordial Sea|[of] p2a: Big Blue\n|turn|18\n|\n|t:|1699342996\n|move|p2a: Big Blue|Surf|p1a: Groudon\n|-supereffective|p1a: Groudon\n|-damage|p1a: Groudon|0 fnt\n|faint|p1a: Groudon\n|\n|-weather|PrimordialSea|[upkeep]\n|upkeep\n|\n|t:|1699342999\n|switch|p1a: Xerneas|Xerneas, shiny|100\/100\n|-ability|p1a: Xerneas|Fairy Aura\n|turn|19\n|\n|t:|1699343003\n|-terastallize|p1a: Xerneas|Steel\n|move|p2a: Big Blue|Surf|p1a: Xerneas\n|-damage|p1a: Xerneas|19\/100\n|move|p1a: Xerneas|Geomancy||[still]\n|-prepare|p1a: Xerneas|Geomancy\n|-enditem|p1a: Xerneas|Power Herb\n|-anim|p1a: Xerneas|Geomancy|p1a: Xerneas\n|-boost|p1a: Xerneas|spa|2\n|-boost|p1a: Xerneas|spd|2\n|-boost|p1a: Xerneas|spe|2\n|\n|-weather|PrimordialSea|[upkeep]\n|upkeep\n|turn|20\n|c|\u2606fair room|i beat u with my eyes closed\n|c|\u2606fair room|make real teams\n|\n|t:|1699343012\n|move|p2a: Big Blue|Surf|p1a: Xerneas\n|-damage|p1a: Xerneas|0 fnt\n|faint|p1a: Xerneas\n|\n|win|fair room\n|c|\u2606krossedlol|fat r tard\n|c|\u2606krossedlol|kill yself\n|c|\u2606fair room|i won tho\n|l|\u2606krossedlol\n","uploadtime":1699343051,"views":14,"p1id":"krossedlol","p2id":"fairroom","formatid":"gen9nationaldexubers","rating":0,"private":0,"password":""}