{"id":"gen9nationaldexubers-1998208989","p1":"U got blocked","p2":"Teletubbies5445","format":"[Gen 9] National Dex Ubers","log":"|j|\u2606U got blocked\n|j|\u2606Teletubbies5445\n|t:|1700912991\n|gametype|singles\n|player|p1|U got blocked|juggler|1196\n|player|p2|Teletubbies5445|ghetsis-gen5bw|1281\n|teamsize|p1|6\n|teamsize|p2|6\n|gen|9\n|tier|[Gen 9] National Dex Ubers\n|rated|\n|rule|HP Percentage Mod: HP is shown in percentages\n|rule|Endless Battle Clause: Forcing endless battles is banned\n|rule|OHKO Clause: OHKO moves are banned\n|rule|Evasion Moves Clause: Evasion moves are banned\n|rule|Evasion Items Clause: Evasion items are banned\n|rule|Species Clause: Limit one of each Pok\u00e9mon\n|rule|Sleep Clause Mod: Limit one foe put to sleep\n|rule|Mega Rayquaza Clause: You cannot mega evolve Rayquaza\n|clearpoke\n|poke|p1|Scizor, M|\n|poke|p1|Darmanitan-Galar, M|\n|poke|p1|Aegislash, M|\n|poke|p1|Garchomp, M|\n|poke|p1|Ogerpon-Wellspring, F|\n|poke|p1|Mewtwo|\n|poke|p2|Marshadow|\n|poke|p2|Blaziken, M|\n|poke|p2|Xerneas-*|\n|poke|p2|Kyogre|\n|poke|p2|Dragapult, M|\n|poke|p2|Deoxys-Attack|\n|teampreview\n|inactive|Battle timer is ON: inactive players will automatically lose when time's up. (requested by U got blocked)\n|\n|t:|1700913006\n|start\n|switch|p1a: Garchomp|Garchomp, M|100\/100\n|switch|p2a: BOUM|Kyogre, shiny|100\/100\n|detailschange|p2a: BOUM|Kyogre-Primal, shiny\n|-primal|p2a: BOUM|Blue Orb\n|-weather|PrimordialSea|[from] ability: Primordial Sea|[of] p2a: BOUM\n|turn|1\n|\n|t:|1700913020\n|move|p1a: Garchomp|Earthquake|p2a: BOUM\n|-crit|p2a: BOUM\n|-damage|p2a: BOUM|29\/100\n|move|p2a: BOUM|Ice Beam|p1a: Garchomp\n|-supereffective|p1a: Garchomp\n|-damage|p1a: Garchomp|0 fnt\n|faint|p1a: Garchomp\n|\n|-weather|PrimordialSea|[upkeep]\n|upkeep\n|\n|t:|1700913044\n|switch|p1a: Darmanitan|Darmanitan-Galar, M|100\/100\n|turn|2\n|\n|t:|1700913050\n|move|p1a: Darmanitan|Earthquake|p2a: BOUM\n|-damage|p2a: BOUM|0 fnt\n|faint|p2a: BOUM\n|-weather|none\n|\n|upkeep\n|inactive|Teletubbies5445 has 120 seconds left.\n|\n|t:|1700913081\n|switch|p2a: hihi|Dragapult, M, shiny|100\/100\n|turn|3\n|\n|t:|1700913093\n|switch|p1a: Aegislash|Aegislash, M, shiny|100\/100\n|move|p2a: hihi|Quick Attack|p1a: Aegislash\n|-immune|p1a: Aegislash\n|\n|upkeep\n|turn|4\n|\n|t:|1700913101\n|move|p2a: hihi|Dragon Dance|p2a: hihi\n|-boost|p2a: hihi|atk|1\n|-boost|p2a: hihi|spe|1\n|move|p1a: Aegislash|Toxic|p2a: hihi\n|-status|p2a: hihi|tox\n|\n|-damage|p2a: hihi|95\/100 tox|[from] psn\n|upkeep\n|turn|5\n|\n|t:|1700913108\n|move|p1a: Aegislash|King's Shield|p1a: Aegislash\n|-singleturn|p1a: Aegislash|Protect\n|move|p2a: hihi|Dragon Dance|p2a: hihi\n|-boost|p2a: hihi|atk|1\n|-boost|p2a: hihi|spe|1\n|\n|-damage|p2a: hihi|83\/100 tox|[from] psn\n|upkeep\n|turn|6\n|\n|t:|1700913118\n|-terastallize|p1a: Aegislash|Normal\n|move|p2a: hihi|Dragon Darts|p1a: Aegislash\n|-damage|p1a: Aegislash|60\/100\n|-anim|p2a: hihi|Dragon Darts|p1a: Aegislash\n|-damage|p1a: Aegislash|14\/100\n|-formechange|p1a: Aegislash|Aegislash-Blade||[from] ability: Stance Change\n|move|p1a: Aegislash|Shadow Ball|p2a: hihi\n|-supereffective|p2a: hihi\n|-damage|p2a: hihi|0 fnt\n|-start|p1a: Aegislash|Disable|Shadow Ball|[from] ability: Cursed Body|[of] p2a: hihi\n|faint|p2a: hihi\n|\n|-heal|p1a: Aegislash|20\/100|[from] item: Leftovers\n|upkeep\n|\n|t:|1700913134\n|switch|p2a: Blaziken|Blaziken, M|100\/100\n|turn|7\n|\n|t:|1700913140\n|switch|p1a: Mewtwo|Mewtwo|100\/100\n|-ability|p1a: Mewtwo|Pressure\n|detailschange|p2a: Blaziken|Blaziken-Mega, M\n|-mega|p2a: Blaziken|Blaziken|Blazikenite\n|move|p2a: Blaziken|Swords Dance|p2a: Blaziken\n|-boost|p2a: Blaziken|atk|2\n|\n|-ability|p2a: Blaziken|Speed Boost|boost\n|-boost|p2a: Blaziken|spe|1\n|upkeep\n|turn|8\n|\n|t:|1700913157\n|detailschange|p1a: Mewtwo|Mewtwo-Mega-X\n|-mega|p1a: Mewtwo|Mewtwo|Mewtwonite X\n|move|p2a: Blaziken|Knock Off|p1a: Mewtwo\n|-damage|p1a: Mewtwo|54\/100\n|move|p1a: Mewtwo|Bulk Up|p1a: Mewtwo\n|-boost|p1a: Mewtwo|atk|1\n|-boost|p1a: Mewtwo|def|1\n|\n|-ability|p2a: Blaziken|Speed Boost|boost\n|-boost|p2a: Blaziken|spe|1\n|upkeep\n|turn|9\n|\n|t:|1700913168\n|move|p2a: Blaziken|Blaze Kick|p1a: Mewtwo\n|-damage|p1a: Mewtwo|0 fnt\n|faint|p1a: Mewtwo\n|\n|-ability|p2a: Blaziken|Speed Boost|boost\n|-boost|p2a: Blaziken|spe|1\n|upkeep\n|\n|t:|1700913176\n|switch|p1a: Ogerpon|Ogerpon-Wellspring, F|100\/100\n|turn|10\n|\n|t:|1700913181\n|move|p2a: Blaziken|Thunder Punch|p1a: Ogerpon\n|-damage|p1a: Ogerpon|18\/100\n|move|p1a: Ogerpon|Ivy Cudgel|p2a: Blaziken|[anim] Ivy Cudgel Water\n|-supereffective|p2a: Blaziken\n|-damage|p2a: Blaziken|0 fnt\n|faint|p2a: Blaziken\n|\n|upkeep\n|\n|t:|1700913190\n|switch|p2a: Xerneas|Xerneas|100\/100\n|-ability|p2a: Xerneas|Fairy Aura\n|turn|11\n|\n|t:|1700913194\n|move|p1a: Ogerpon|Taunt|p2a: Xerneas\n|-start|p2a: Xerneas|move: Taunt\n|cant|p2a: Xerneas|move: Taunt|Geomancy\n|\n|upkeep\n|turn|12\n|\n|t:|1700913201\n|move|p1a: Ogerpon|Horn Leech|p2a: Xerneas\n|-damage|p2a: Xerneas|70\/100\n|-heal|p1a: Ogerpon|39\/100|[from] drain|[of] p2a: Xerneas\n|move|p2a: Xerneas|Moonblast|p1a: Ogerpon\n|-damage|p1a: Ogerpon|0 fnt\n|faint|p1a: Ogerpon\n|\n|upkeep\n|\n|t:|1700913207\n|switch|p1a: Scizor|Scizor, M|100\/100\n|turn|13\n|\n|t:|1700913213\n|-terastallize|p2a: Xerneas|Fire\n|move|p2a: Xerneas|Hidden Power|p1a: Scizor\n|-supereffective|p1a: Scizor\n|-damage|p1a: Scizor|0 fnt\n|faint|p1a: Scizor\n|\n|-end|p2a: Xerneas|move: Taunt\n|upkeep\n|\n|t:|1700913223\n|switch|p1a: Darmanitan|Darmanitan-Galar, M|100\/100\n|turn|14\n|\n|t:|1700913227\n|move|p1a: Darmanitan|Earthquake|p2a: Xerneas\n|-supereffective|p2a: Xerneas\n|-damage|p2a: Xerneas|0 fnt\n|faint|p2a: Xerneas\n|\n|upkeep\n|\n|t:|1700913233\n|switch|p2a: Deoxys|Deoxys-Attack|100\/100\n|-ability|p2a: Deoxys|Pressure\n|turn|15\n|\n|t:|1700913252\n|switch|p1a: Aegislash|Aegislash, M, shiny, tera:Normal|20\/100\n|move|p2a: Deoxys|Drain Punch|p1a: Aegislash\n|-supereffective|p1a: Aegislash\n|-damage|p1a: Aegislash|0 fnt\n|faint|p1a: Aegislash\n|\n|upkeep\n|\n|t:|1700913258\n|switch|p1a: Darmanitan|Darmanitan-Galar, M|100\/100\n|turn|16\n|\n|t:|1700913262\n|move|p1a: Darmanitan|Icicle Crash|p2a: Deoxys\n|-damage|p2a: Deoxys|0 fnt\n|faint|p2a: Deoxys\n|\n|upkeep\n|\n|t:|1700913266\n|switch|p2a: Marshadow|Marshadow|100\/100\n|turn|17\n|\n|t:|1700913287\n|move|p2a: Marshadow|Shadow Sneak|p1a: Darmanitan\n|-damage|p1a: Darmanitan|51\/100\n|move|p1a: Darmanitan|Icicle Crash|p2a: Marshadow\n|-damage|p2a: Marshadow|17\/100\n|\n|upkeep\n|turn|18\n|\n|t:|1700913296\n|move|p2a: Marshadow|Shadow Sneak|p1a: Darmanitan\n|-damage|p1a: Darmanitan|0 fnt\n|faint|p1a: Darmanitan\n|\n|win|Teletubbies5445\n|raw|U got blocked's rating: 1196 &rarr; <strong>1177<\/strong><br \/>(-19 for losing)\n|raw|Teletubbies5445's rating: 1281 &rarr; <strong>1300<\/strong><br \/>(+19 for winning)\n|l|\u2606U got blocked\n|c|\u2606Teletubbies5445|OOF\n|c|\u2606Teletubbies5445|wow\n","uploadtime":1700913305,"views":1,"p1id":"ugotblocked","p2id":"teletubbies5445","formatid":"gen9nationaldexubers","rating":1177,"private":0,"password":""}