{"id":"gen9nationaldexubers-1996038966","p1":"RaxarOrod","p2":"igphhangout","format":"[Gen 9] National Dex Ubers","log":"|j|\u2606RaxarOrod\n|j|\u2606igphhangout\n|t:|1700633549\n|gametype|singles\n|player|p1|RaxarOrod|caitlin-gen4|\n|player|p2|igphhangout|janitor|\n|teamsize|p1|6\n|teamsize|p2|6\n|gen|9\n|tier|[Gen 9] National Dex Ubers\n|rule|HP Percentage Mod: HP is shown in percentages\n|rule|Endless Battle Clause: Forcing endless battles is banned\n|rule|OHKO Clause: OHKO moves are banned\n|rule|Evasion Moves Clause: Evasion moves are banned\n|rule|Evasion Items Clause: Evasion items are banned\n|rule|Species Clause: Limit one of each Pok\u00e9mon\n|rule|Sleep Clause Mod: Limit one foe put to sleep\n|rule|Mega Rayquaza Clause: You cannot mega evolve Rayquaza\n|clearpoke\n|poke|p1|Magnezone|\n|poke|p1|Tapu Fini|\n|poke|p1|Shiftry, M|\n|poke|p1|Ninjask, F|\n|poke|p1|Cradily, F|\n|poke|p1|Iron Valiant|\n|poke|p2|Greninja-*, M|\n|poke|p2|Ambipom, F|\n|poke|p2|Banette, M|\n|poke|p2|Arcanine-Hisui, F|\n|poke|p2|Decidueye-Hisui, M|\n|poke|p2|Garchomp, M|\n|teampreview\n|j| VantaZack\n|j| Vraptor249\n|j| Saradominphat\n|\n|t:|1700633564\n|start\n|switch|p1a: Mia|Tapu Fini, shiny|100\/100\n|switch|p2a: Cukdoo|Decidueye-Hisui, M|100\/100\n|-fieldstart|move: Misty Terrain|[from] ability: Misty Surge|[of] p1a: Mia\n|turn|1\n|j| NiceAsMike\n|j| BaraTheUmbraking\n|\n|t:|1700633580\n|move|p1a: Mia|Moonblast|p2a: Cukdoo\n|-supereffective|p2a: Cukdoo\n|-damage|p2a: Cukdoo|37\/100\n|move|p2a: Cukdoo|Leaf Blade|p1a: Mia\n|-supereffective|p1a: Mia\n|-damage|p1a: Mia|29\/100\n|\n|-heal|p1a: Mia|35\/100|[from] item: Leftovers\n|upkeep\n|turn|2\n|\n|t:|1700633605\n|move|p1a: Mia|Moonblast|p2a: Cukdoo\n|-supereffective|p2a: Cukdoo\n|-damage|p2a: Cukdoo|0 fnt\n|faint|p2a: Cukdoo\n|\n|-heal|p1a: Mia|41\/100|[from] item: Leftovers\n|upkeep\n|\n|t:|1700633610\n|switch|p2a: Plush|Banette, M|100\/100\n|turn|3\n|\n|t:|1700633617\n|detailschange|p2a: Plush|Banette-Mega, M\n|-mega|p2a: Plush|Banette|Banettite\n|move|p2a: Plush|Swords Dance|p2a: Plush\n|-boost|p2a: Plush|atk|2\n|move|p1a: Mia|Scald|p2a: Plush\n|-crit|p2a: Plush\n|-damage|p2a: Plush|51\/100\n|\n|-heal|p1a: Mia|48\/100|[from] item: Leftovers\n|upkeep\n|turn|4\n|\n|t:|1700633627\n|switch|p1a: Shiftry|Shiftry, M|100\/100\n|move|p2a: Plush|Poltergeist|p1a: Shiftry\n|-activate|p1a: Shiftry|move: Poltergeist|Focus Sash\n|-resisted|p1a: Shiftry\n|-crit|p1a: Shiftry\n|-enditem|p1a: Shiftry|Focus Sash\n|-damage|p1a: Shiftry|1\/100\n|\n|upkeep\n|turn|5\n|\n|t:|1700633636\n|switch|p2a: Poke|Ambipom, F|100\/100\n|move|p1a: Shiftry|Sucker Punch||[still]\n|-fail|p1a: Shiftry\n|\n|-fieldend|Misty Terrain\n|upkeep\n|turn|6\n|\n|t:|1700633642\n|switch|p1a: GivemeyourJuice|Cradily, F, shiny|100\/100\n|move|p2a: Poke|Double Hit|p1a: GivemeyourJuice\n|-resisted|p1a: GivemeyourJuice\n|-damage|p1a: GivemeyourJuice|90\/100\n|-damage|p2a: Poke|84\/100|[from] item: Rocky Helmet|[of] p1a: GivemeyourJuice\n|-resisted|p1a: GivemeyourJuice\n|-damage|p1a: GivemeyourJuice|79\/100\n|-damage|p2a: Poke|68\/100|[from] item: Rocky Helmet|[of] p1a: GivemeyourJuice\n|-hitcount|p1a: GivemeyourJuice|2\n|\n|upkeep\n|turn|7\n|\n|t:|1700633653\n|switch|p2a: Me|Garchomp, M|100\/100\n|move|p1a: GivemeyourJuice|Stealth Rock|p2a: Me\n|-sidestart|p2: igphhangout|move: Stealth Rock\n|\n|upkeep\n|turn|8\n|\n|t:|1700633657\n|move|p2a: Me|Stealth Rock|p1a: GivemeyourJuice\n|-sidestart|p1: RaxarOrod|move: Stealth Rock\n|move|p1a: GivemeyourJuice|Hidden Power|p2a: Me\n|-supereffective|p2a: Me\n|-damage|p2a: Me|49\/100\n|\n|upkeep\n|turn|9\n|\n|t:|1700633664\n|move|p2a: Me|Iron Head|p1a: GivemeyourJuice\n|-supereffective|p1a: GivemeyourJuice\n|-damage|p1a: GivemeyourJuice|34\/100\n|-damage|p2a: Me|32\/100|[from] item: Rocky Helmet|[of] p1a: GivemeyourJuice\n|move|p1a: GivemeyourJuice|Hidden Power|p2a: Me\n|-supereffective|p2a: Me\n|-damage|p2a: Me|0 fnt\n|faint|p2a: Me\n|\n|upkeep\n|\n|t:|1700633680\n|switch|p2a: Im here...|Greninja, M|100\/100\n|-damage|p2a: Im here...|88\/100|[from] Stealth Rock\n|turn|10\n|\n|t:|1700633685\n|move|p1a: GivemeyourJuice|Protect|p1a: GivemeyourJuice\n|-singleturn|p1a: GivemeyourJuice|Protect\n|move|p2a: Im here...|Ice Beam|p1a: GivemeyourJuice\n|-start|p2a: Im here...|typechange|Ice|[from] ability: Protean\n|-activate|p1a: GivemeyourJuice|move: Protect\n|\n|upkeep\n|turn|11\n|\n|t:|1700633696\n|switch|p1a: Mia|Tapu Fini, shiny|48\/100\n|-damage|p1a: Mia|35\/100|[from] Stealth Rock\n|-fieldstart|move: Misty Terrain|[from] ability: Misty Surge|[of] p1a: Mia\n|move|p2a: Im here...|Ice Beam|p1a: Mia\n|-resisted|p1a: Mia\n|-damage|p1a: Mia|21\/100\n|\n|-heal|p1a: Mia|27\/100|[from] item: Leftovers\n|upkeep\n|turn|12\n|\n|t:|1700633710\n|switch|p2a: Poke|Ambipom, F|68\/100\n|-damage|p2a: Poke|55\/100|[from] Stealth Rock\n|move|p1a: Mia|Scald|p2a: Poke\n|-damage|p2a: Poke|11\/100\n|\n|-heal|p1a: Mia|33\/100|[from] item: Leftovers\n|upkeep\n|turn|13\n|\n|t:|1700633720\n|move|p2a: Poke|Double Hit|p1a: Mia\n|-damage|p1a: Mia|16\/100\n|-damage|p1a: Mia|0 fnt\n|faint|p1a: Mia\n|-hitcount|p1: Mia|2\n|\n|upkeep\n|\n|t:|1700633731\n|switch|p1a: Chara|Iron Valiant, shiny|100\/100\n|-damage|p1a: Chara|94\/100|[from] Stealth Rock\n|turn|14\n|\n|t:|1700633738\n|move|p2a: Poke|Fake Out||[still]\n|-hint|Fake Out only works on your first turn out.\n|-fail|p2a: Poke\n|move|p1a: Chara|Knock Off|p2a: Poke\n|-damage|p2a: Poke|0 fnt\n|-enditem|p2a: Poke|Silk Scarf|[from] move: Knock Off|[of] p1a: Chara\n|faint|p2a: Poke\n|\n|upkeep\n|\n|t:|1700633751\n|switch|p2a: Plush|Banette-Mega, M|51\/100\n|-damage|p2a: Plush|38\/100|[from] Stealth Rock\n|turn|15\n|\n|t:|1700633757\n|move|p2a: Plush|Destiny Bond|p2a: Plush\n|-singlemove|p2a: Plush|Destiny Bond\n|move|p1a: Chara|Knock Off|p2a: Plush\n|-supereffective|p2a: Plush\n|-damage|p2a: Plush|0 fnt\n|faint|p2a: Plush\n|-activate|p2a: Plush|move: Destiny Bond\n|faint|p1a: Chara\n|-end|p1a: Chara|Quark Drive|[silent]\n|\n|-fieldend|Misty Terrain\n|upkeep\n|\n|t:|1700633771\n|switch|p1a: Magnezone|Magnezone, shiny|100\/100\n|switch|p2a: Sick them!|Arcanine-Hisui, F|100\/100\n|-damage|p2a: Sick them!|76\/100|[from] Stealth Rock\n|-damage|p1a: Magnezone|94\/100|[from] Stealth Rock\n|-item|p1a: Magnezone|Air Balloon\n|turn|16\n|\n|t:|1700633779\n|move|p2a: Sick them!|Flare Blitz|p1a: Magnezone\n|-supereffective|p1a: Magnezone\n|-damage|p1a: Magnezone|0 fnt\n|-enditem|p1a: Magnezone|Air Balloon\n|faint|p1a: Magnezone\n|\n|upkeep\n|\n|t:|1700633785\n|switch|p1a: GivemeyourJuice|Cradily, F, shiny|34\/100\n|-damage|p1a: GivemeyourJuice|22\/100|[from] Stealth Rock\n|turn|17\n|\n|t:|1700633789\n|move|p1a: GivemeyourJuice|Protect|p1a: GivemeyourJuice\n|-singleturn|p1a: GivemeyourJuice|Protect\n|move|p2a: Sick them!|Flare Blitz|p1a: GivemeyourJuice\n|-activate|p1a: GivemeyourJuice|move: Protect\n|\n|upkeep\n|turn|18\n|\n|t:|1700633795\n|move|p2a: Sick them!|Flare Blitz|p1a: GivemeyourJuice\n|-damage|p1a: GivemeyourJuice|0 fnt\n|-damage|p2a: Sick them!|59\/100|[from] item: Rocky Helmet|[of] p1a: GivemeyourJuice\n|faint|p1a: GivemeyourJuice\n|\n|upkeep\n|\n|t:|1700633803\n|switch|p1a: Ninjask|Ninjask, F|100\/100\n|-damage|p1a: Ninjask|50\/100|[from] Stealth Rock\n|turn|19\n|\n|t:|1700633807\n|move|p1a: Ninjask|Protect|p1a: Ninjask\n|-singleturn|p1a: Ninjask|Protect\n|move|p2a: Sick them!|Flare Blitz|p1a: Ninjask\n|-activate|p1a: Ninjask|move: Protect\n|\n|-ability|p1a: Ninjask|Speed Boost|boost\n|-boost|p1a: Ninjask|spe|1\n|upkeep\n|turn|20\n|\n|t:|1700633814\n|move|p1a: Ninjask|Dual Wingbeat|p2a: Sick them!|[miss]\n|-miss|p1a: Ninjask|p2a: Sick them!\n|move|p2a: Sick them!|Flare Blitz|p1a: Ninjask\n|-supereffective|p1a: Ninjask\n|-damage|p1a: Ninjask|0 fnt\n|faint|p1a: Ninjask\n|\n|upkeep\n|\n|t:|1700633822\n|switch|p1a: Shiftry|Shiftry, M|1\/100\n|-damage|p1a: Shiftry|0 fnt|[from] Stealth Rock\n|faint|p1a: Shiftry\n|\n|win|igphhangout\n|l| VantaZack\n","uploadtime":1700633828,"views":1,"p1id":"raxarorod","p2id":"igphhangout","formatid":"gen9nationaldexubers","rating":0,"private":0,"password":""}