{"id":"gen9nationaldexubers-1996722716","p1":"BoyzArbokInTown03","p2":"PokeHaint","format":"[Gen 9] National Dex Ubers","log":"|j|\u2606BoyzArbokInTown03\n|j|\u2606PokeHaint\n|t:|1700714593\n|gametype|singles\n|player|p1|BoyzArbokInTown03|170|\n|player|p2|PokeHaint|n|\n|teamsize|p1|6\n|teamsize|p2|6\n|gen|9\n|tier|[Gen 9] National Dex Ubers\n|rule|HP Percentage Mod: HP is shown in percentages\n|rule|Endless Battle Clause: Forcing endless battles is banned\n|rule|OHKO Clause: OHKO moves are banned\n|rule|Evasion Moves Clause: Evasion moves are banned\n|rule|Evasion Items Clause: Evasion items are banned\n|rule|Species Clause: Limit one of each Pok\u00e9mon\n|rule|Sleep Clause Mod: Limit one foe put to sleep\n|rule|Mega Rayquaza Clause: You cannot mega evolve Rayquaza\n|clearpoke\n|poke|p1|Sylveon, M|\n|poke|p1|Venusaur, F|\n|poke|p1|Victini|\n|poke|p1|Volcarona, F|\n|poke|p1|Samurott-Hisui, M|\n|poke|p1|Zygarde|\n|poke|p2|Xerneas-*|\n|poke|p2|Diancie|\n|poke|p2|Great Tusk|\n|poke|p2|Kleavor, M|\n|poke|p2|Skarmory, M|\n|poke|p2|Magnezone|\n|teampreview\n|\n|t:|1700714606\n|start\n|switch|p1a: Samurott|Samurott-Hisui, M|100\/100\n|switch|p2a: Kleavor|Kleavor, M|100\/100\n|turn|1\n|\n|t:|1700714613\n|move|p2a: Kleavor|Stone Axe|p1a: Samurott|[miss]\n|-miss|p2a: Kleavor|p1a: Samurott\n|move|p1a: Samurott|Ceaseless Edge|p2a: Kleavor\n|-crit|p2a: Kleavor\n|-damage|p2a: Kleavor|11\/100\n|-sidestart|p2: PokeHaint|Spikes\n|\n|upkeep\n|turn|2\n|\n|t:|1700714630\n|switch|p2a: Skarmory|Skarmory, M|100\/100\n|move|p1a: Samurott|Aqua Jet|p2a: Skarmory\n|-damage|p2a: Skarmory|86\/100\n|\n|-heal|p2a: Skarmory|92\/100|[from] item: Leftovers\n|upkeep\n|turn|3\n|\n|t:|1700714639\n|move|p1a: Samurott|Flip Turn|p2a: Skarmory\n|-damage|p2a: Skarmory|70\/100\n|\n|t:|1700714642\n|switch|p1a: Volcarona|Volcarona, F, shiny|100\/100|[from] Flip Turn\n|move|p2a: Skarmory|Body Press|p1a: Volcarona\n|-resisted|p1a: Volcarona\n|-damage|p1a: Volcarona|83\/100\n|-status|p2a: Skarmory|brn|[from] ability: Flame Body|[of] p1a: Volcarona\n|\n|-heal|p2a: Skarmory|76\/100 brn|[from] item: Leftovers\n|-damage|p2a: Skarmory|70\/100 brn|[from] brn\n|upkeep\n|turn|4\n|\n|t:|1700714655\n|switch|p2a: Kleavor|Kleavor, M|11\/100\n|-damage|p2a: Kleavor|0 fnt|[from] Spikes\n|faint|p2a: Kleavor\n|move|p1a: Volcarona|Quiver Dance|p1a: Volcarona\n|-boost|p1a: Volcarona|spa|1\n|-boost|p1a: Volcarona|spd|1\n|-boost|p1a: Volcarona|spe|1\n|\n|upkeep\n|\n|t:|1700714665\n|switch|p2a: Diancie|Diancie|100\/100\n|-damage|p2a: Diancie|88\/100|[from] Spikes\n|turn|5\n|\n|t:|1700714671\n|-terastallize|p1a: Volcarona|Fighting\n|move|p1a: Volcarona|Tera Blast|p2a: Diancie|[anim] Tera Blast Fighting\n|-damage|p2a: Diancie|12\/100\n|move|p2a: Diancie|Diamond Storm|p1a: Volcarona\n|-resisted|p1a: Volcarona\n|-damage|p1a: Volcarona|58\/100\n|-boost|p2a: Diancie|def|2\n|\n|upkeep\n|turn|6\n|\n|t:|1700714683\n|move|p1a: Volcarona|Fiery Dance|p2a: Diancie\n|-resisted|p2a: Diancie\n|-damage|p2a: Diancie|0 fnt\n|faint|p2a: Diancie\n|\n|upkeep\n|\n|t:|1700714688\n|switch|p2a: Xerneas|Xerneas|100\/100\n|-damage|p2a: Xerneas|88\/100|[from] Spikes\n|-ability|p2a: Xerneas|Fairy Aura\n|turn|7\n|\n|t:|1700714693\n|switch|p1a: Sylveon|Sylveon, M|100\/100\n|move|p2a: Xerneas|Geomancy||[still]\n|-prepare|p2a: Xerneas|Geomancy\n|-enditem|p2a: Xerneas|Power Herb\n|-anim|p2a: Xerneas|Geomancy|p2a: Xerneas\n|-boost|p2a: Xerneas|spa|2\n|-boost|p2a: Xerneas|spd|2\n|-boost|p2a: Xerneas|spe|2\n|-enditem|p1a: Sylveon|Mirror Herb\n|-boost|p1a: Sylveon|spa|2|[from] item: Mirror Herb\n|-boost|p1a: Sylveon|spd|2|[from] item: Mirror Herb\n|-boost|p1a: Sylveon|spe|2|[from] item: Mirror Herb\n|\n|upkeep\n|turn|8\n|\n|t:|1700714709\n|move|p2a: Xerneas|Psyshock|p1a: Sylveon\n|-damage|p1a: Sylveon|25\/100\n|move|p1a: Sylveon|Roar|p2a: Xerneas\n|drag|p2a: Great Tusk|Great Tusk|100\/100\n|-damage|p2a: Great Tusk|88\/100|[from] Spikes\n|\n|upkeep\n|turn|9\n|\n|t:|1700714723\n|-end|p2a: Great Tusk|Protosynthesis|[silent]\n|switch|p2a: Magnezone|Magnezone|100\/100\n|-damage|p2a: Magnezone|88\/100|[from] Spikes\n|move|p1a: Sylveon|Hyper Voice|p2a: Magnezone\n|-resisted|p2a: Magnezone\n|-damage|p2a: Magnezone|46\/100\n|\n|upkeep\n|turn|10\n|\n|t:|1700714732\n|move|p1a: Sylveon|Protect|p1a: Sylveon\n|-singleturn|p1a: Sylveon|Protect\n|move|p2a: Magnezone|Flash Cannon|p1a: Sylveon\n|-activate|p1a: Sylveon|move: Protect\n|\n|upkeep\n|turn|11\n|\n|t:|1700714741\n|move|p1a: Sylveon|Hyper Voice|p2a: Magnezone\n|-resisted|p2a: Magnezone\n|-damage|p2a: Magnezone|6\/100\n|move|p2a: Magnezone|Flash Cannon|p1a: Sylveon\n|-supereffective|p1a: Sylveon\n|-damage|p1a: Sylveon|0 fnt\n|faint|p1a: Sylveon\n|\n|upkeep\n|\n|t:|1700714751\n|switch|p1a: Victini|Victini|100\/100\n|turn|12\n|\n|t:|1700714758\n|switch|p2a: Great Tusk|Great Tusk|88\/100\n|-damage|p2a: Great Tusk|76\/100|[from] Spikes\n|-zpower|p1a: Victini\n|move|p1a: Victini|Z-Celebrate|p1a: Victini|[anim]Celebrate\n|-boost|p1a: Victini|atk|1|[zeffect]\n|-boost|p1a: Victini|def|1|[zeffect]\n|-boost|p1a: Victini|spa|1|[zeffect]\n|-boost|p1a: Victini|spd|1|[zeffect]\n|-boost|p1a: Victini|spe|1|[zeffect]\n|-activate|p1a: Victini|move: Celebrate\n|\n|upkeep\n|turn|13\n|\n|t:|1700714765\n|-terastallize|p2a: Great Tusk|Dark\n|move|p1a: Victini|Stored Power|p2a: Great Tusk\n|-immune|p2a: Great Tusk\n|move|p2a: Great Tusk|Headlong Rush|p1a: Victini\n|-supereffective|p1a: Victini\n|-damage|p1a: Victini|0 fnt\n|-unboost|p2a: Great Tusk|def|1\n|-unboost|p2a: Great Tusk|spd|1\n|faint|p1a: Victini\n|\n|upkeep\n|\n|t:|1700714800\n|switch|p1a: Venusaur|Venusaur, F|100\/100\n|turn|14\n|\n|t:|1700714829\n|-end|p2a: Great Tusk|Protosynthesis|[silent]\n|switch|p2a: Magnezone|Magnezone|6\/100\n|-damage|p2a: Magnezone|0 fnt|[from] Spikes\n|faint|p2a: Magnezone\n|detailschange|p1a: Venusaur|Venusaur-Mega, F\n|-mega|p1a: Venusaur|Venusaur|Venusaurite\n|move|p1a: Venusaur|Leaf Storm|p2: Magnezone|[notarget]\n|-fail|p1a: Venusaur\n|\n|upkeep\n|\n|t:|1700714838\n|switch|p2a: Xerneas|Xerneas|88\/100\n|-damage|p2a: Xerneas|76\/100|[from] Spikes\n|-ability|p2a: Xerneas|Fairy Aura\n|turn|15\n|\n|t:|1700714843\n|move|p2a: Xerneas|Psyshock|p1a: Venusaur\n|-supereffective|p1a: Venusaur\n|-damage|p1a: Venusaur|67\/100\n|move|p1a: Venusaur|Toxic|p2a: Xerneas\n|-status|p2a: Xerneas|tox\n|\n|-damage|p2a: Xerneas|70\/100 tox|[from] psn\n|upkeep\n|turn|16\n|\n|t:|1700714850\n|switch|p2a: Skarmory|Skarmory, M|70\/100 brn\n|move|p1a: Venusaur|Synthesis|p1a: Venusaur\n|-heal|p1a: Venusaur|100\/100\n|\n|-heal|p2a: Skarmory|76\/100 brn|[from] item: Leftovers\n|-damage|p2a: Skarmory|70\/100 brn|[from] brn\n|upkeep\n|turn|17\n|\n|t:|1700714859\n|move|p1a: Venusaur|Knock Off|p2a: Skarmory\n|-damage|p2a: Skarmory|55\/100 brn\n|-enditem|p2a: Skarmory|Leftovers|[from] move: Knock Off|[of] p1a: Venusaur\n|move|p2a: Skarmory|Roost|p2a: Skarmory\n|-heal|p2a: Skarmory|100\/100 brn\n|-singleturn|p2a: Skarmory|move: Roost\n|\n|-damage|p2a: Skarmory|95\/100 brn|[from] brn\n|upkeep\n|turn|18\n|\n|t:|1700714874\n|switch|p1a: Zygarde|Zygarde|100\/100\n|move|p2a: Skarmory|Iron Defense|p2a: Skarmory\n|-boost|p2a: Skarmory|def|2\n|\n|-damage|p2a: Skarmory|89\/100 brn|[from] brn\n|upkeep\n|turn|19\n|\n|t:|1700714883\n|move|p1a: Zygarde|Thousand Arrows|p2a: Skarmory\n|-damage|p2a: Skarmory|73\/100 brn\n|-start|p2a: Skarmory|Smack Down\n|move|p2a: Skarmory|Iron Defense|p2a: Skarmory\n|-boost|p2a: Skarmory|def|2\n|\n|-damage|p2a: Skarmory|67\/100 brn|[from] brn\n|upkeep\n|turn|20\n|\n|t:|1700714896\n|switch|p1a: Venusaur|Venusaur-Mega, F|100\/100\n|move|p2a: Skarmory|Roost|p2a: Skarmory\n|-heal|p2a: Skarmory|100\/100 brn\n|-singleturn|p2a: Skarmory|move: Roost\n|\n|-damage|p2a: Skarmory|95\/100 brn|[from] brn\n|upkeep\n|turn|21\n|\n|t:|1700714925\n|move|p1a: Venusaur|Leaf Storm|p2a: Skarmory\n|-resisted|p2a: Skarmory\n|-damage|p2a: Skarmory|83\/100 brn\n|-unboost|p1a: Venusaur|spa|2\n|move|p2a: Skarmory|Iron Defense|p2a: Skarmory\n|-boost|p2a: Skarmory|def|2\n|\n|-damage|p2a: Skarmory|77\/100 brn|[from] brn\n|upkeep\n|turn|22\n|\n|t:|1700714931\n|move|p1a: Venusaur|Leaf Storm|p2a: Skarmory\n|-resisted|p2a: Skarmory\n|-damage|p2a: Skarmory|71\/100 brn\n|-unboost|p1a: Venusaur|spa|2\n|move|p2a: Skarmory|Roost|p2a: Skarmory\n|-heal|p2a: Skarmory|100\/100 brn\n|-singleturn|p2a: Skarmory|move: Roost\n|\n|-damage|p2a: Skarmory|95\/100 brn|[from] brn\n|upkeep\n|turn|23\n|\n|t:|1700714935\n|move|p1a: Venusaur|Leaf Storm|p2a: Skarmory\n|-resisted|p2a: Skarmory\n|-damage|p2a: Skarmory|91\/100 brn\n|-unboost|p1a: Venusaur|spa|2\n|move|p2a: Skarmory|Body Press|p1a: Venusaur\n|-resisted|p1a: Venusaur\n|-damage|p1a: Venusaur|87\/100\n|\n|-damage|p2a: Skarmory|85\/100 brn|[from] brn\n|upkeep\n|turn|24\n|\n|t:|1700714945\n|switch|p2a: Great Tusk|Great Tusk, tera:Dark|76\/100\n|-damage|p2a: Great Tusk|63\/100|[from] Spikes\n|move|p1a: Venusaur|Leaf Storm|p2a: Great Tusk\n|-crit|p2a: Great Tusk\n|-damage|p2a: Great Tusk|0 fnt\n|faint|p2a: Great Tusk\n|-end|p2a: Great Tusk|Protosynthesis|[silent]\n|\n|upkeep\n|\n|t:|1700714955\n|switch|p2a: Xerneas|Xerneas|70\/100 tox\n|-damage|p2a: Xerneas|57\/100 tox|[from] Spikes\n|-ability|p2a: Xerneas|Fairy Aura\n|turn|25\n|\n|t:|1700714968\n|move|p2a: Xerneas|Geomancy||[still]\n|-prepare|p2a: Xerneas|Geomancy\n|move|p1a: Venusaur|Leaf Storm|p2a: Xerneas|[miss]\n|-miss|p1a: Venusaur|p2a: Xerneas\n|\n|-damage|p2a: Xerneas|51\/100 tox|[from] psn\n|upkeep\n|turn|26\n|\n|t:|1700714976\n|move|p2a: Xerneas|Geomancy|p2a: Xerneas|[from]lockedmove\n|-boost|p2a: Xerneas|spa|2\n|-boost|p2a: Xerneas|spd|2\n|-boost|p2a: Xerneas|spe|2\n|move|p1a: Venusaur|Leaf Storm|p2a: Xerneas\n|-damage|p2a: Xerneas|46\/100 tox\n|\n|-damage|p2a: Xerneas|33\/100 tox|[from] psn\n|upkeep\n|turn|27\n|\n|t:|1700714986\n|move|p2a: Xerneas|Moonblast|p1a: Venusaur\n|-resisted|p1a: Venusaur\n|-damage|p1a: Venusaur|29\/100\n|move|p1a: Venusaur|Leaf Storm|p2a: Xerneas\n|-crit|p2a: Xerneas\n|-damage|p2a: Xerneas|0 fnt\n|faint|p2a: Xerneas\n|\n|upkeep\n|\n|t:|1700714992\n|switch|p2a: Skarmory|Skarmory, M|85\/100 brn\n|turn|28\n|\n|t:|1700714999\n|switch|p1a: Samurott|Samurott-Hisui, M|100\/100\n|move|p2a: Skarmory|Iron Defense|p2a: Skarmory\n|-boost|p2a: Skarmory|def|2\n|\n|-damage|p2a: Skarmory|79\/100 brn|[from] brn\n|upkeep\n|turn|29\n|\n|t:|1700715007\n|move|p1a: Samurott|Aqua Cutter|p2a: Skarmory\n|-crit|p2a: Skarmory\n|-damage|p2a: Skarmory|22\/100 brn\n|move|p2a: Skarmory|Iron Defense|p2a: Skarmory\n|-boost|p2a: Skarmory|def|2\n|\n|-damage|p2a: Skarmory|16\/100 brn|[from] brn\n|upkeep\n|turn|30\n|\n|t:|1700715013\n|move|p1a: Samurott|Aqua Cutter|p2a: Skarmory\n|-damage|p2a: Skarmory|4\/100 brn\n|move|p2a: Skarmory|Roost|p2a: Skarmory\n|-heal|p2a: Skarmory|54\/100 brn\n|-singleturn|p2a: Skarmory|move: Roost\n|\n|-damage|p2a: Skarmory|48\/100 brn|[from] brn\n|upkeep\n|turn|31\n|\n|t:|1700715017\n|move|p1a: Samurott|Aqua Cutter|p2a: Skarmory\n|-damage|p2a: Skarmory|34\/100 brn\n|move|p2a: Skarmory|Roost|p2a: Skarmory\n|-heal|p2a: Skarmory|84\/100 brn\n|-singleturn|p2a: Skarmory|move: Roost\n|\n|-damage|p2a: Skarmory|78\/100 brn|[from] brn\n|upkeep\n|turn|32\n|\n|t:|1700715021\n|move|p1a: Samurott|Aqua Cutter|p2a: Skarmory\n|-damage|p2a: Skarmory|66\/100 brn\n|move|p2a: Skarmory|Body Press|p1a: Samurott\n|-supereffective|p1a: Samurott\n|-damage|p1a: Samurott|4\/100\n|\n|-damage|p2a: Skarmory|60\/100 brn|[from] brn\n|upkeep\n|turn|33\n|\n|t:|1700715026\n|move|p1a: Samurott|Aqua Cutter|p2a: Skarmory\n|-damage|p2a: Skarmory|47\/100 brn\n|move|p2a: Skarmory|Roost|p2a: Skarmory\n|-heal|p2a: Skarmory|97\/100 brn\n|-singleturn|p2a: Skarmory|move: Roost\n|\n|-damage|p2a: Skarmory|91\/100 brn|[from] brn\n|upkeep\n|turn|34\n|\n|t:|1700715031\n|move|p1a: Samurott|Aqua Cutter|p2a: Skarmory\n|-damage|p2a: Skarmory|78\/100 brn\n|move|p2a: Skarmory|Body Press|p1a: Samurott\n|-supereffective|p1a: Samurott\n|-damage|p1a: Samurott|0 fnt\n|faint|p1a: Samurott\n|\n|-damage|p2a: Skarmory|72\/100 brn|[from] brn\n|upkeep\n|\n|t:|1700715038\n|switch|p1a: Volcarona|Volcarona, F, shiny, tera:Fighting|58\/100\n|turn|35\n|\n|t:|1700715040\n|move|p1a: Volcarona|Fiery Dance|p2a: Skarmory\n|-supereffective|p2a: Skarmory\n|-damage|p2a: Skarmory|0 fnt\n|-boost|p1a: Volcarona|spa|1\n|faint|p2a: Skarmory\n|\n|win|BoyzArbokInTown03\n","uploadtime":1700715048,"views":10,"p1id":"boyzarbokintown03","p2id":"pokehaint","formatid":"gen9nationaldexubers","rating":0,"private":0,"password":""}