{"id":"gen9nationaldexubers-1980324747","p1":"zillygaming","p2":"lazermoment","format":"[Gen 9] National Dex Ubers","log":"|j|\u2606zillygaming\n|j|\u2606lazermoment\n|t:|1698775435\n|gametype|singles\n|player|p1|zillygaming|ingo|1208\n|player|p2|lazermoment|ghetsis-gen5bw|1303\n|teamsize|p1|6\n|teamsize|p2|6\n|gen|9\n|tier|[Gen 9] National Dex Ubers\n|rated|\n|rule|HP Percentage Mod: HP is shown in percentages\n|rule|Endless Battle Clause: Forcing endless battles is banned\n|rule|OHKO Clause: OHKO moves are banned\n|rule|Evasion Moves Clause: Evasion moves are banned\n|rule|Evasion Items Clause: Evasion items are banned\n|rule|Species Clause: Limit one of each Pok\u00e9mon\n|rule|Sleep Clause Mod: Limit one foe put to sleep\n|rule|Mega Rayquaza Clause: You cannot mega evolve Rayquaza\n|clearpoke\n|poke|p1|Incineroar, F|\n|poke|p1|Meowscarada, M|\n|poke|p1|Zacian-*|\n|poke|p1|Blastoise, F|\n|poke|p1|Lycanroc-Dusk, F|\n|poke|p1|Lunala|\n|poke|p2|Araquanid, F|\n|poke|p2|Houndstone, M|\n|poke|p2|Zoroark-Hisui, M|\n|poke|p2|Dracovish|\n|poke|p2|Tyranitar, F|\n|poke|p2|Pheromosa|\n|teampreview\n|inactive|Battle timer is ON: inactive players will automatically lose when time's up. (requested by lazermoment)\n|\n|t:|1698775445\n|start\n|switch|p1a: Meowscarada|Meowscarada, M, shiny|100\/100\n|switch|p2a: Araquanid|Araquanid, F|100\/100\n|turn|1\n|\n|t:|1698775451\n|move|p1a: Meowscarada|Toxic Spikes|p2a: Araquanid\n|-start|p1a: Meowscarada|typechange|Poison|[from] ability: Protean\n|-sidestart|p2: lazermoment|move: Toxic Spikes\n|move|p2a: Araquanid|Sticky Web|p1a: Meowscarada\n|-sidestart|p1: zillygaming|move: Sticky Web\n|\n|upkeep\n|turn|2\n|\n|t:|1698775459\n|move|p2a: Araquanid|Magic Coat|p2a: Araquanid\n|-singleturn|p2a: Araquanid|move: Magic Coat\n|move|p1a: Meowscarada|Toxic Spikes|p2a: Araquanid\n|move|p2a: Araquanid|Toxic Spikes|p1a: Meowscarada|[from]Magic Coat\n|-sidestart|p1: zillygaming|move: Toxic Spikes\n|\n|upkeep\n|turn|3\n|\n|t:|1698775466\n|move|p2a: Araquanid|Magic Coat|p2a: Araquanid\n|-singleturn|p2a: Araquanid|move: Magic Coat\n|move|p1a: Meowscarada|Toxic Spikes|p2a: Araquanid\n|move|p2a: Araquanid|Toxic Spikes|p1a: Meowscarada|[from]Magic Coat\n|-sidestart|p1: zillygaming|move: Toxic Spikes\n|\n|upkeep\n|turn|4\n|\n|t:|1698775472\n|move|p2a: Araquanid|Magic Coat|p2a: Araquanid\n|-singleturn|p2a: Araquanid|move: Magic Coat\n|move|p1a: Meowscarada|Toxic Spikes|p2a: Araquanid\n|move|p2a: Araquanid|Toxic Spikes||[from]Magic Coat|[still]\n|-fail|p2a: Araquanid\n|\n|upkeep\n|turn|5\n|\n|t:|1698775479\n|switch|p2a: Pheromosa|Pheromosa|100\/100\n|-status|p2a: Pheromosa|psn\n|move|p1a: Meowscarada|Toxic Spikes|p2a: Pheromosa\n|-sidestart|p2: lazermoment|move: Toxic Spikes\n|\n|-damage|p2a: Pheromosa|88\/100 psn|[from] psn\n|upkeep\n|turn|6\n|\n|t:|1698775490\n|move|p2a: Pheromosa|Rapid Spin|p1a: Meowscarada\n|-damage|p1a: Meowscarada|80\/100\n|-boost|p2a: Pheromosa|spe|1\n|-sideend|p2: lazermoment|Toxic Spikes|[from] move: Rapid Spin|[of] p2a: Pheromosa\n|move|p1a: Meowscarada|Knock Off|p2a: Pheromosa\n|-resisted|p2a: Pheromosa\n|-crit|p2a: Pheromosa\n|-damage|p2a: Pheromosa|41\/100 psn\n|-enditem|p2a: Pheromosa|Focus Sash|[from] move: Knock Off|[of] p1a: Meowscarada\n|\n|-heal|p1a: Meowscarada|87\/100|[from] item: Leftovers\n|-damage|p2a: Pheromosa|29\/100 psn|[from] psn\n|upkeep\n|turn|7\n|\n|t:|1698775505\n|move|p1a: Meowscarada|Protect|p1a: Meowscarada\n|-singleturn|p1a: Meowscarada|Protect\n|move|p2a: Pheromosa|Close Combat|p1a: Meowscarada\n|-activate|p1a: Meowscarada|move: Protect\n|\n|-heal|p1a: Meowscarada|93\/100|[from] item: Leftovers\n|-damage|p2a: Pheromosa|17\/100 psn|[from] psn\n|upkeep\n|turn|8\n|\n|t:|1698775514\n|move|p2a: Pheromosa|Close Combat|p1a: Meowscarada\n|-resisted|p1a: Meowscarada\n|-damage|p1a: Meowscarada|59\/100\n|-unboost|p2a: Pheromosa|def|1\n|-unboost|p2a: Pheromosa|spd|1\n|move|p1a: Meowscarada|Toxic Spikes|p2a: Pheromosa\n|-sidestart|p2: lazermoment|move: Toxic Spikes\n|\n|-heal|p1a: Meowscarada|65\/100|[from] item: Leftovers\n|-damage|p2a: Pheromosa|4\/100 psn|[from] psn\n|upkeep\n|turn|9\n|\n|t:|1698775526\n|move|p2a: Pheromosa|Rapid Spin|p1a: Meowscarada\n|-damage|p1a: Meowscarada|44\/100\n|-boost|p2a: Pheromosa|spe|1\n|-sideend|p2: lazermoment|Toxic Spikes|[from] move: Rapid Spin|[of] p2a: Pheromosa\n|move|p1a: Meowscarada|Toxic Spikes|p2a: Pheromosa\n|-sidestart|p2: lazermoment|move: Toxic Spikes\n|\n|-heal|p1a: Meowscarada|50\/100|[from] item: Leftovers\n|-damage|p2a: Pheromosa|0 fnt|[from] psn\n|faint|p2a: Pheromosa\n|upkeep\n|\n|t:|1698775541\n|switch|p2a: godzilla|Tyranitar, F|100\/100\n|-status|p2a: godzilla|psn\n|-weather|Sandstorm|[from] ability: Sand Stream|[of] p2a: godzilla\n|turn|10\n|\n|t:|1698775548\n|detailschange|p2a: godzilla|Tyranitar-Mega, F\n|-mega|p2a: godzilla|Tyranitar|Tyranitarite\n|move|p1a: Meowscarada|Toxic Spikes|p2a: godzilla\n|-sidestart|p2: lazermoment|move: Toxic Spikes\n|move|p2a: godzilla|Stone Edge|p1a: Meowscarada\n|-damage|p1a: Meowscarada|0 fnt\n|faint|p1a: Meowscarada\n|\n|-weather|Sandstorm|[upkeep]\n|-damage|p2a: godzilla|88\/100 psn|[from] psn\n|upkeep\n|\n|t:|1698775574\n|switch|p1a: Lycanroc|Lycanroc-Dusk, F, shiny|100\/100\n|-activate|p1a: Lycanroc|move: Sticky Web\n|-unboost|p1a: Lycanroc|spe|1\n|-status|p1a: Lycanroc|tox\n|turn|11\n|\n|t:|1698775582\n|switch|p2a: Dracovish|Dracovish|100\/100\n|-status|p2a: Dracovish|tox\n|move|p1a: Lycanroc|Endeavor|p2a: Dracovish\n|-damage|p2a: Dracovish|91\/100 tox\n|\n|-weather|Sandstorm|[upkeep]\n|-damage|p2a: Dracovish|85\/100 tox|[from] psn\n|-damage|p1a: Lycanroc|94\/100 tox|[from] psn\n|upkeep\n|turn|12\n|\n|t:|1698775597\n|move|p1a: Lycanroc|Sucker Punch|p2a: Dracovish\n|-damage|p2a: Dracovish|51\/100 tox\n|move|p2a: Dracovish|Fishious Rend|p1a: Lycanroc\n|-supereffective|p1a: Lycanroc\n|-damage|p1a: Lycanroc|0 fnt\n|faint|p1a: Lycanroc\n|\n|-weather|Sandstorm|[upkeep]\n|-damage|p2a: Dracovish|38\/100 tox|[from] psn\n|upkeep\n|inactive|zillygaming has 120 seconds left.\n|\n|t:|1698775607\n|switch|p1a: Lunala|Lunala, shiny|100\/100\n|-activate|p1a: Lunala|move: Sticky Web\n|-unboost|p1a: Lunala|spe|1\n|-status|p1a: Lunala|tox\n|turn|13\n|\n|t:|1698775613\n|move|p2a: Dracovish|Fishious Rend|p1a: Lunala\n|-damage|p1a: Lunala|52\/100 tox\n|move|p1a: Lunala|Defog|p2a: Dracovish\n|-unboost|p2a: Dracovish|evasion|1\n|-sideend|p2: lazermoment|Toxic Spikes|[from] move: Defog|[of] p1a: Lunala\n|-sideend|p1: zillygaming|Toxic Spikes|[from] move: Defog|[of] p1a: Lunala\n|-sideend|p1: zillygaming|Sticky Web|[from] move: Defog|[of] p1a: Lunala\n|\n|-weather|Sandstorm|[upkeep]\n|-damage|p1a: Lunala|46\/100 tox|[from] Sandstorm\n|-damage|p2a: Dracovish|20\/100 tox|[from] psn\n|-damage|p1a: Lunala|40\/100 tox|[from] psn\n|upkeep\n|turn|14\n|inactive|zillygaming has 120 seconds left.\n|\n|t:|1698775629\n|move|p2a: Dracovish|Fishious Rend|p1a: Lunala\n|-damage|p1a: Lunala|0 fnt\n|faint|p1a: Lunala\n|\n|-weather|none\n|-damage|p2a: Dracovish|0 fnt|[from] psn\n|faint|p2a: Dracovish\n|upkeep\n|inactive|zillygaming has 120 seconds left.\n|\n|t:|1698775644\n|switch|p1a: Incineroar|Incineroar, F, shiny|100\/100\n|switch|p2a: godzilla|Tyranitar-Mega, F|88\/100 psn\n|-ability|p1a: Incineroar|Intimidate|boost\n|-unboost|p2a: godzilla|atk|1\n|-weather|Sandstorm|[from] ability: Sand Stream|[of] p2a: godzilla\n|turn|15\n|inactive|zillygaming has 120 seconds left.\n|\n|t:|1698775655\n|switch|p2a: Araquanid|Araquanid, F|100\/100\n|move|p1a: Incineroar|Drain Punch|p2a: Araquanid\n|-resisted|p2a: Araquanid\n|-damage|p2a: Araquanid|89\/100\n|\n|-weather|Sandstorm|[upkeep]\n|-damage|p1a: Incineroar|94\/100|[from] Sandstorm\n|-damage|p2a: Araquanid|83\/100|[from] Sandstorm\n|upkeep\n|turn|16\n|inactive|zillygaming has 120 seconds left.\n|\n|t:|1698775667\n|switch|p1a: Blastoise|Blastoise, F, shiny|100\/100\n|move|p2a: Araquanid|Sticky Web|p1a: Blastoise\n|-sidestart|p1: zillygaming|move: Sticky Web\n|\n|-weather|Sandstorm|[upkeep]\n|-damage|p1a: Blastoise|94\/100|[from] Sandstorm\n|-damage|p2a: Araquanid|77\/100|[from] Sandstorm\n|upkeep\n|turn|17\n|inactive|zillygaming has 120 seconds left.\n|\n|t:|1698775679\n|detailschange|p1a: Blastoise|Blastoise-Mega, F, shiny\n|-mega|p1a: Blastoise|Blastoise|Blastoisinite\n|move|p1a: Blastoise|Shell Smash|p1a: Blastoise\n|-unboost|p1a: Blastoise|def|1\n|-unboost|p1a: Blastoise|spd|1\n|-boost|p1a: Blastoise|atk|2\n|-boost|p1a: Blastoise|spa|2\n|-boost|p1a: Blastoise|spe|2\n|move|p2a: Araquanid|Toxic|p1a: Blastoise\n|-status|p1a: Blastoise|tox\n|\n|-weather|Sandstorm|[upkeep]\n|-damage|p1a: Blastoise|88\/100 tox|[from] Sandstorm\n|-damage|p2a: Araquanid|70\/100|[from] Sandstorm\n|-damage|p1a: Blastoise|82\/100 tox|[from] psn\n|upkeep\n|turn|18\n|inactive|zillygaming has 120 seconds left.\n|\n|t:|1698775694\n|move|p1a: Blastoise|Dragon Pulse|p2a: Araquanid\n|-damage|p2a: Araquanid|13\/100\n|move|p2a: Araquanid|Liquidation|p1a: Blastoise\n|-resisted|p1a: Blastoise\n|-damage|p1a: Blastoise|42\/100 tox\n|\n|-weather|Sandstorm|[upkeep]\n|-damage|p1a: Blastoise|36\/100 tox|[from] Sandstorm\n|-damage|p2a: Araquanid|7\/100|[from] Sandstorm\n|-damage|p1a: Blastoise|24\/100 tox|[from] psn\n|upkeep\n|turn|19\n|inactive|zillygaming has 120 seconds left.\n|\n|t:|1698775705\n|move|p1a: Blastoise|Dragon Pulse|p2a: Araquanid\n|-damage|p2a: Araquanid|0 fnt\n|faint|p2a: Araquanid\n|\n|-weather|none\n|-damage|p1a: Blastoise|6\/100 tox|[from] psn\n|upkeep\n|\n|t:|1698775710\n|switch|p2a: godzilla|Tyranitar-Mega, F|88\/100 psn\n|-weather|Sandstorm|[from] ability: Sand Stream|[of] p2a: godzilla\n|turn|20\n|\n|t:|1698775720\n|move|p1a: Blastoise|Water Pulse|p2a: godzilla\n|-supereffective|p2a: godzilla\n|-damage|p2a: godzilla|0 fnt\n|faint|p2a: godzilla\n|\n|-weather|Sandstorm|[upkeep]\n|-damage|p1a: Blastoise|0 fnt|[from] Sandstorm\n|faint|p1a: Blastoise\n|upkeep\n|\n|t:|1698775737\n|switch|p1a: Incineroar|Incineroar, F, shiny|94\/100\n|switch|p2a: Houndstone|Houndstone, M|100\/100\n|-activate|p1a: Incineroar|move: Sticky Web\n|-unboost|p1a: Incineroar|spe|1\n|-ability|p1a: Incineroar|Intimidate|boost\n|-unboost|p2a: Houndstone|atk|1\n|turn|21\n|\n|t:|1698775748\n|-terastallize|p2a: Houndstone|Ghost\n|move|p2a: Houndstone|Last Respects|p1a: Incineroar\n|-resisted|p1a: Incineroar\n|-damage|p1a: Incineroar|39\/100\n|-zpower|p1a: Incineroar\n|move|p1a: Incineroar|Malicious Moonsault|p2a: Houndstone|[zeffect]\n|-supereffective|p2a: Houndstone\n|-damage|p2a: Houndstone|0 fnt\n|faint|p2a: Houndstone\n|\n|-weather|Sandstorm|[upkeep]\n|-damage|p1a: Incineroar|33\/100|[from] Sandstorm\n|upkeep\n|\n|t:|1698775753\n|switch|p2a: Zoroark|Zoroark-Hisui, M|100\/100\n|turn|22\n|c|\u2606zillygaming|Gg\n|\n|t:|1698775770\n|move|p2a: Zoroark|Hyper Voice|p1a: Incineroar\n|-damage|p1a: Incineroar|0 fnt\n|faint|p1a: Incineroar\n|\n|-weather|Sandstorm|[upkeep]\n|-damage|p2a: Zoroark|95\/100|[from] Sandstorm\n|upkeep\n|\n|t:|1698775777\n|switch|p1a: Zacian|Zacian-Crowned, shiny|100\/100\n|-activate|p1a: Zacian|move: Sticky Web\n|-unboost|p1a: Zacian|spe|1\n|-ability|p1a: Zacian|Intrepid Sword|boost\n|-boost|p1a: Zacian|atk|1\n|turn|23\n|\n|t:|1698775786\n|-terastallize|p1a: Zacian|Ground\n|move|p2a: Zoroark|Shadow Ball|p1a: Zacian\n|-damage|p1a: Zacian|64\/100\n|-unboost|p1a: Zacian|spd|1\n|move|p1a: Zacian|Behemoth Blade|p2a: Zoroark\n|-damage|p2a: Zoroark|0 fnt\n|faint|p2a: Zoroark\n|\n|win|zillygaming\n|raw|zillygaming's rating: 1208 &rarr; <strong>1240<\/strong><br \/>(+32 for winning)\n|raw|lazermoment's rating: 1303 &rarr; <strong>1278<\/strong><br \/>(-25 for losing)\n|l|\u2606lazermoment\n","uploadtime":1698775800,"views":9,"p1id":"zillygaming","p2id":"lazermoment","formatid":"gen9nationaldexubers","rating":1240,"private":0,"password":""}