{"id":"gen9nationaldexubers-1995051060","p1":"WoodWick","p2":"kokomi36","format":"[Gen 9] National Dex Ubers","log":"|j|\u2606WoodWick\n|j|\u2606kokomi36\n|t:|1700517272\n|gametype|singles\n|player|p1|WoodWick|bellelba|1116\n|player|p2|kokomi36|wallace|1000\n|teamsize|p1|6\n|teamsize|p2|6\n|gen|9\n|tier|[Gen 9] National Dex Ubers\n|rated|\n|rule|HP Percentage Mod: HP is shown in percentages\n|rule|Endless Battle Clause: Forcing endless battles is banned\n|rule|OHKO Clause: OHKO moves are banned\n|rule|Evasion Moves Clause: Evasion moves are banned\n|rule|Evasion Items Clause: Evasion items are banned\n|rule|Species Clause: Limit one of each Pok\u00e9mon\n|rule|Sleep Clause Mod: Limit one foe put to sleep\n|rule|Mega Rayquaza Clause: You cannot mega evolve Rayquaza\n|clearpoke\n|poke|p1|Magnezone|\n|poke|p1|Ho-Oh|\n|poke|p1|Arceus-Ground|\n|poke|p1|Slowking-Galar, M|\n|poke|p1|Gyarados, F|\n|poke|p1|Iron Valiant|\n|poke|p2|Blaziken, M|\n|poke|p2|Primarina, M|\n|poke|p2|Xerneas-*|\n|poke|p2|Milotic, F|\n|poke|p2|Metagross|\n|poke|p2|Gallade, M|\n|teampreview\n|inactive|Battle timer is ON: inactive players will automatically lose when time's up. (requested by kokomi36)\n|\n|t:|1700517280\n|start\n|switch|p1a: Magnezone|Magnezone|100\/100\n|switch|p2a: Gallade|Gallade, M, shiny|100\/100\n|turn|1\n|\n|t:|1700517290\n|move|p2a: Gallade|Will-O-Wisp|p1a: Magnezone\n|-status|p1a: Magnezone|brn\n|move|p1a: Magnezone|Volt Switch|p2a: Gallade\n|-damage|p2a: Gallade|29\/100\n|\n|t:|1700517299\n|switch|p1a: Arceus|Arceus-Ground|100\/100|[from] Volt Switch\n|\n|upkeep\n|turn|2\n|\n|t:|1700517304\n|move|p1a: Arceus|Judgment|p2a: Gallade\n|-damage|p2a: Gallade|0 fnt\n|faint|p2a: Gallade\n|\n|upkeep\n|\n|t:|1700517314\n|switch|p2a: Primarina|Primarina, M|100\/100\n|turn|3\n|\n|t:|1700517324\n|switch|p1a: Slowking|Slowking-Galar, M|100\/100\n|move|p2a: Primarina|Hyper Voice|p1a: Slowking\n|-damage|p1a: Slowking|72\/100\n|-damage|p2a: Primarina|91\/100|[from] item: Life Orb\n|\n|upkeep\n|turn|4\n|\n|t:|1700517333\n|move|p2a: Primarina|Protect|p2a: Primarina\n|-singleturn|p2a: Primarina|Protect\n|move|p1a: Slowking|Sludge Bomb|p2a: Primarina\n|-activate|p2a: Primarina|move: Protect\n|\n|upkeep\n|turn|5\n|\n|t:|1700517340\n|switch|p2a: Metagross|Metagross|100\/100\n|move|p1a: Slowking|Future Sight|p2a: Metagross\n|-start|p1a: Slowking|move: Future Sight\n|\n|upkeep\n|turn|6\n|\n|t:|1700517351\n|switch|p1a: Arceus|Arceus-Ground|100\/100\n|move|p2a: Metagross|Earthquake|p1a: Arceus\n|-damage|p1a: Arceus|79\/100\n|\n|upkeep\n|turn|7\n|\n|t:|1700517359\n|switch|p2a: Primarina|Primarina, M|91\/100\n|move|p1a: Arceus|Stealth Rock|p2a: Primarina\n|-sidestart|p2: kokomi36|move: Stealth Rock\n|\n|-end|p2a: Primarina|move: Future Sight\n|-crit|p2a: Primarina\n|-damage|p2a: Primarina|34\/100\n|upkeep\n|turn|8\n|\n|t:|1700517370\n|switch|p1a: Slowking|Slowking-Galar, M|100\/100\n|move|p2a: Primarina|Hyper Voice|p1a: Slowking\n|-damage|p1a: Slowking|74\/100\n|-damage|p2a: Primarina|24\/100|[from] item: Life Orb\n|\n|upkeep\n|turn|9\n|\n|t:|1700517380\n|switch|p2a: Metagross|Metagross|100\/100\n|-damage|p2a: Metagross|95\/100|[from] Stealth Rock\n|move|p1a: Slowking|Flamethrower|p2a: Metagross\n|-supereffective|p2a: Metagross\n|-damage|p2a: Metagross|63\/100\n|\n|upkeep\n|turn|10\n|\n|t:|1700517392\n|move|p2a: Metagross|Zen Headbutt|p1a: Slowking\n|-crit|p1a: Slowking\n|-damage|p1a: Slowking|4\/100\n|move|p1a: Slowking|Flamethrower|p2a: Metagross\n|-supereffective|p2a: Metagross\n|-damage|p2a: Metagross|31\/100\n|\n|upkeep\n|turn|11\n|\n|t:|1700517401\n|switch|p1a: Arceus|Arceus-Ground|79\/100\n|move|p2a: Metagross|Bullet Punch|p1a: Arceus\n|-damage|p1a: Arceus|66\/100\n|\n|upkeep\n|turn|12\n|\n|t:|1700517407\n|switch|p2a: Milotic|Milotic, F|100\/100\n|-damage|p2a: Milotic|88\/100|[from] Stealth Rock\n|move|p1a: Arceus|Judgment|p2a: Milotic\n|-damage|p2a: Milotic|49\/100\n|\n|upkeep\n|turn|13\n|\n|t:|1700517429\n|move|p1a: Arceus|Judgment|p2a: Milotic\n|-damage|p2a: Milotic|13\/100\n|move|p2a: Milotic|Ice Beam|p1a: Arceus\n|-supereffective|p1a: Arceus\n|-damage|p1a: Arceus|29\/100\n|\n|upkeep\n|turn|14\n|\n|t:|1700517436\n|move|p2a: Milotic|Protect|p2a: Milotic\n|-singleturn|p2a: Milotic|Protect\n|move|p1a: Arceus|Judgment|p2a: Milotic\n|-activate|p2a: Milotic|move: Protect\n|\n|upkeep\n|turn|15\n|\n|t:|1700517442\n|move|p1a: Arceus|Judgment|p2a: Milotic\n|-damage|p2a: Milotic|0 fnt\n|faint|p2a: Milotic\n|\n|upkeep\n|\n|t:|1700517447\n|switch|p2a: Xerneas|Xerneas|100\/100\n|-damage|p2a: Xerneas|88\/100|[from] Stealth Rock\n|-ability|p2a: Xerneas|Fairy Aura\n|turn|16\n|\n|t:|1700517454\n|move|p2a: Xerneas|Geomancy||[still]\n|-prepare|p2a: Xerneas|Geomancy\n|-enditem|p2a: Xerneas|Power Herb\n|-anim|p2a: Xerneas|Geomancy|p2a: Xerneas\n|-boost|p2a: Xerneas|spa|2\n|-boost|p2a: Xerneas|spd|2\n|-boost|p2a: Xerneas|spe|2\n|move|p1a: Arceus|Judgment|p2a: Xerneas\n|-damage|p2a: Xerneas|67\/100\n|\n|upkeep\n|turn|17\n|\n|t:|1700517465\n|move|p2a: Xerneas|Dazzling Gleam|p1a: Arceus\n|-damage|p1a: Arceus|0 fnt\n|faint|p1a: Arceus\n|\n|upkeep\n|\n|t:|1700517473\n|switch|p1a: Magnezone|Magnezone|100\/100 brn\n|turn|18\n|\n|t:|1700517478\n|move|p2a: Xerneas|Protect|p2a: Xerneas\n|-singleturn|p2a: Xerneas|Protect\n|move|p1a: Magnezone|Flash Cannon|p2a: Xerneas\n|-activate|p2a: Xerneas|move: Protect\n|\n|-damage|p1a: Magnezone|94\/100 brn|[from] brn\n|upkeep\n|turn|19\n|\n|t:|1700517487\n|switch|p2a: Blaziken|Blaziken, M|100\/100\n|-damage|p2a: Blaziken|88\/100|[from] Stealth Rock\n|move|p1a: Magnezone|Flash Cannon|p2a: Blaziken\n|-resisted|p2a: Blaziken\n|-damage|p2a: Blaziken|27\/100\n|\n|-damage|p1a: Magnezone|88\/100 brn|[from] brn\n|upkeep\n|turn|20\n|\n|t:|1700517497\n|switch|p1a: Ho-Oh|Ho-Oh|100\/100\n|detailschange|p2a: Blaziken|Blaziken-Mega, M\n|-mega|p2a: Blaziken|Blaziken|Blazikenite\n|move|p2a: Blaziken|Protect||[still]\n|-fail|p2a: Blaziken\n|\n|-ability|p2a: Blaziken|Speed Boost|boost\n|-boost|p2a: Blaziken|spe|1\n|upkeep\n|turn|21\n|\n|t:|1700517511\n|move|p2a: Blaziken|Rock Slide|p1a: Ho-Oh\n|-supereffective|p1a: Ho-Oh\n|-damage|p1a: Ho-Oh|0 fnt\n|faint|p1a: Ho-Oh\n|\n|-ability|p2a: Blaziken|Speed Boost|boost\n|-boost|p2a: Blaziken|spe|1\n|upkeep\n|\n|t:|1700517522\n|switch|p1a: Slowking|Slowking-Galar, M|37\/100\n|turn|22\n|\n|t:|1700517533\n|switch|p1a: Gyarados|Gyarados, F|100\/100\n|-ability|p1a: Gyarados|Intimidate|boost\n|-unboost|p2a: Blaziken|atk|1\n|move|p2a: Blaziken|Rock Slide|p1a: Gyarados\n|-supereffective|p1a: Gyarados\n|-damage|p1a: Gyarados|49\/100\n|\n|-ability|p2a: Blaziken|Speed Boost|boost\n|-boost|p2a: Blaziken|spe|1\n|upkeep\n|turn|23\n|\n|t:|1700517546\n|detailschange|p1a: Gyarados|Gyarados-Mega, F\n|-mega|p1a: Gyarados|Gyarados|Gyaradosite\n|-ability|p1a: Gyarados|Mold Breaker\n|move|p2a: Blaziken|Protect|p2a: Blaziken\n|-singleturn|p2a: Blaziken|Protect\n|move|p1a: Gyarados|Waterfall|p2a: Blaziken\n|-activate|p2a: Blaziken|move: Protect\n|\n|-ability|p2a: Blaziken|Speed Boost|boost\n|-boost|p2a: Blaziken|spe|1\n|upkeep\n|turn|24\n|\n|t:|1700517558\n|move|p2a: Blaziken|High Jump Kick|p1a: Gyarados\n|-supereffective|p1a: Gyarados\n|-damage|p1a: Gyarados|0 fnt\n|faint|p1a: Gyarados\n|\n|-ability|p2a: Blaziken|Speed Boost|boost\n|-boost|p2a: Blaziken|spe|1\n|upkeep\n|\n|t:|1700517566\n|switch|p1a: Slowking|Slowking-Galar, M|70\/100\n|turn|25\n|\n|t:|1700517574\n|move|p2a: Blaziken|Rock Slide|p1a: Slowking\n|-damage|p1a: Slowking|48\/100\n|move|p1a: Slowking|Sludge Bomb|p2a: Blaziken\n|-damage|p2a: Blaziken|0 fnt\n|faint|p2a: Blaziken\n|\n|upkeep\n|-message|WoodWick forfeited.\n|\n|win|kokomi36\n|raw|WoodWick's rating: 1116 &rarr; <strong>1083<\/strong><br \/>(-33 for losing)\n|raw|kokomi36's rating: 1000 &rarr; <strong>1053<\/strong><br \/>(+53 for winning)\n|l|\u2606WoodWick\n","uploadtime":1700517585,"views":10,"p1id":"woodwick","p2id":"kokomi36","formatid":"gen9nationaldexubers","rating":1053,"private":0,"password":""}