{"id":"gen9nationaldexubers-1996696535","p1":"Ultramanball2","p2":"Bohbohboh","format":"[Gen 9] National Dex Ubers","log":"|j|\u2606Ultramanball2\n|j|\u2606Bohbohboh\n|t:|1700710978\n|gametype|singles\n|player|p1|Ultramanball2|266|\n|player|p2|Bohbohboh|preschooler|\n|teamsize|p1|6\n|teamsize|p2|6\n|gen|9\n|tier|[Gen 9] National Dex Ubers\n|rule|HP Percentage Mod: HP is shown in percentages\n|rule|Endless Battle Clause: Forcing endless battles is banned\n|rule|OHKO Clause: OHKO moves are banned\n|rule|Evasion Moves Clause: Evasion moves are banned\n|rule|Evasion Items Clause: Evasion items are banned\n|rule|Species Clause: Limit one of each Pok\u00e9mon\n|rule|Sleep Clause Mod: Limit one foe put to sleep\n|rule|Mega Rayquaza Clause: You cannot mega evolve Rayquaza\n|clearpoke\n|poke|p1|Ribombee, F|\n|poke|p1|Gholdengo|\n|poke|p1|Salamence, M|\n|poke|p1|Yveltal|\n|poke|p1|Xerneas-*|\n|poke|p1|Ledian, M|\n|poke|p2|Zacian-*|\n|poke|p2|Zygarde|\n|poke|p2|Clodsire, M|\n|poke|p2|Groudon|\n|poke|p2|Ho-Oh|\n|poke|p2|Ribombee, M|\n|teampreview\n|inactive|Battle timer is ON: inactive players will automatically lose when time's up. (requested by Ultramanball2)\n|\n|t:|1700710998\n|start\n|switch|p1a: Ribombee|Ribombee, F|100\/100\n|switch|p2a: Zacian|Zacian-Crowned|100\/100\n|-ability|p2a: Zacian|Intrepid Sword|boost\n|-boost|p2a: Zacian|atk|1\n|turn|1\n|\n|t:|1700711024\n|move|p2a: Zacian|Behemoth Blade|p1a: Ribombee\n|-supereffective|p1a: Ribombee\n|-crit|p1a: Ribombee\n|-enditem|p1a: Ribombee|Focus Sash\n|-damage|p1a: Ribombee|1\/100\n|move|p1a: Ribombee|Sticky Web|p2a: Zacian\n|-sidestart|p2: Bohbohboh|move: Sticky Web\n|\n|upkeep\n|turn|2\n|c|\u2606Bohbohboh|ddm\n|c|\u2606Bohbohboh|zac nay k cos sub\n|inactive|Bohbohboh has 270 seconds left.\n|\n|t:|1700711040\n|move|p2a: Zacian|Behemoth Blade|p1a: Ribombee\n|-supereffective|p1a: Ribombee\n|-damage|p1a: Ribombee|0 fnt\n|faint|p1a: Ribombee\n|\n|upkeep\n|\n|t:|1700711048\n|switch|p1a: Gholdengo|Gholdengo|100\/100\n|turn|3\n|\n|t:|1700711053\n|move|p2a: Zacian|Swords Dance|p2a: Zacian\n|-boost|p2a: Zacian|atk|2\n|-zpower|p1a: Gholdengo\n|move|p1a: Gholdengo|Never-Ending Nightmare|p2a: Zacian|[zeffect]\n|-damage|p2a: Zacian|15\/100\n|\n|upkeep\n|turn|4\n|\n|t:|1700711060\n|switch|p1a: Ledian|Ledian, M|100\/100\n|move|p2a: Zacian|Wild Charge|p1a: Ledian\n|-supereffective|p1a: Ledian\n|-enditem|p1a: Ledian|Focus Sash\n|-damage|p1a: Ledian|1\/100\n|-damage|p2a: Zacian|0 fnt|[from] Recoil\n|faint|p2a: Zacian\n|\n|upkeep\n|\n|t:|1700711073\n|switch|p2a: Ho-Oh|Ho-Oh|100\/100\n|turn|5\n|\n|t:|1700711076\n|switch|p1a: Gholdengo|Gholdengo|100\/100\n|move|p2a: Ho-Oh|Defog|p1a: Gholdengo\n|-immune|p1a: Gholdengo|[from] ability: Good as Gold\n|\n|upkeep\n|turn|6\n|\n|t:|1700711082\n|move|p1a: Gholdengo|Power Gem|p2a: Ho-Oh\n|-supereffective|p2a: Ho-Oh\n|-damage|p2a: Ho-Oh|52\/100\n|move|p2a: Ho-Oh|Sacred Fire|p1a: Gholdengo\n|-supereffective|p1a: Gholdengo\n|-damage|p1a: Gholdengo|0 fnt\n|faint|p1a: Gholdengo\n|\n|upkeep\n|\n|t:|1700711089\n|switch|p1a: Salamence|Salamence, M|100\/100\n|-ability|p1a: Salamence|Intimidate|boost\n|-unboost|p2a: Ho-Oh|atk|1\n|turn|7\n|\n|t:|1700711095\n|switch|p2a: Groudon|Groudon|100\/100\n|-activate|p2a: Groudon|move: Sticky Web\n|-unboost|p2a: Groudon|spe|1\n|detailschange|p2a: Groudon|Groudon-Primal\n|-primal|p2a: Groudon|Red Orb\n|-weather|DesolateLand|[from] ability: Desolate Land|[of] p2a: Groudon\n|move|p1a: Salamence|Dragon Dance|p1a: Salamence\n|-boost|p1a: Salamence|atk|1\n|-boost|p1a: Salamence|spe|1\n|\n|-weather|DesolateLand|[upkeep]\n|upkeep\n|turn|8\n|\n|t:|1700711101\n|detailschange|p1a: Salamence|Salamence-Mega, M\n|-mega|p1a: Salamence|Salamence|Salamencite\n|move|p1a: Salamence|Earthquake|p2a: Groudon\n|-supereffective|p2a: Groudon\n|-damage|p2a: Groudon|22\/100\n|move|p2a: Groudon|Dragon Tail|p1a: Salamence\n|-supereffective|p1a: Salamence\n|-damage|p1a: Salamence|51\/100\n|drag|p1a: Ledian|Ledian, M|1\/100\n|\n|-weather|DesolateLand|[upkeep]\n|upkeep\n|turn|9\n|\n|t:|1700711110\n|move|p1a: Ledian|Dynamic Punch|p2a: Groudon\n|-damage|p2a: Groudon|9\/100\n|-start|p2a: Groudon|confusion\n|-activate|p2a: Groudon|confusion\n|-damage|p2a: Groudon|0 fnt|[from] confusion\n|faint|p2a: Groudon\n|-weather|none\n|\n|upkeep\n|c|\u2606Bohbohboh|:)))))))\n|\n|t:|1700711121\n|switch|p2a: Ho-Oh|Ho-Oh|86\/100\n|turn|10\n|\n|t:|1700711126\n|move|p1a: Ledian|Dynamic Punch|p2a: Ho-Oh|[miss]\n|-miss|p1a: Ledian|p2a: Ho-Oh\n|move|p2a: Ho-Oh|Defog|p1a: Ledian\n|-unboost|p1a: Ledian|evasion|1\n|-sideend|p2: Bohbohboh|Sticky Web|[from] move: Defog|[of] p2a: Ho-Oh\n|\n|upkeep\n|turn|11\n|\n|t:|1700711134\n|move|p1a: Ledian|Dynamic Punch|p2a: Ho-Oh|[miss]\n|-miss|p1a: Ledian|p2a: Ho-Oh\n|move|p2a: Ho-Oh|Sacred Fire|p1a: Ledian\n|-supereffective|p1a: Ledian\n|-crit|p1a: Ledian\n|-damage|p1a: Ledian|0 fnt\n|faint|p1a: Ledian\n|\n|upkeep\n|\n|t:|1700711141\n|switch|p1a: Salamence|Salamence-Mega, M|51\/100\n|turn|12\n|\n|t:|1700711149\n|move|p1a: Salamence|Double-Edge|p2a: Ho-Oh\n|-damage|p2a: Ho-Oh|0 fnt\n|faint|p2a: Ho-Oh\n|-damage|p1a: Salamence|16\/100|[from] Recoil\n|\n|upkeep\n|\n|t:|1700711154\n|switch|p2a: Ribombee|Ribombee, M|100\/100\n|turn|13\n|\n|t:|1700711160\n|move|p2a: Ribombee|Moonblast|p1a: Salamence\n|-supereffective|p1a: Salamence\n|-damage|p1a: Salamence|0 fnt\n|faint|p1a: Salamence\n|\n|upkeep\n|\n|t:|1700711162\n|switch|p1a: Xerneas|Xerneas|100\/100\n|-ability|p1a: Xerneas|Fairy Aura\n|turn|14\n|\n|t:|1700711167\n|switch|p2a: Clodsire|Clodsire, M|100\/100\n|move|p1a: Xerneas|Play Rough|p2a: Clodsire\n|-resisted|p2a: Clodsire\n|-damage|p2a: Clodsire|69\/100\n|\n|-heal|p2a: Clodsire|75\/100|[from] item: Black Sludge\n|upkeep\n|turn|15\n|\n|t:|1700711172\n|move|p1a: Xerneas|Substitute|p1a: Xerneas\n|-start|p1a: Xerneas|Substitute\n|-damage|p1a: Xerneas|76\/100\n|move|p2a: Clodsire|Toxic||[still]\n|-fail|p2a: Clodsire\n|\n|-heal|p2a: Clodsire|81\/100|[from] item: Black Sludge\n|upkeep\n|turn|16\n|\n|t:|1700711182\n|switch|p2a: Ribombee|Ribombee, M|100\/100\n|move|p1a: Xerneas|Play Rough|p2a: Ribombee\n|-enditem|p2a: Ribombee|Focus Sash\n|-damage|p2a: Ribombee|1\/100\n|\n|upkeep\n|turn|17\n|\n|t:|1700711189\n|move|p2a: Ribombee|Moonblast|p1a: Xerneas\n|-end|p1a: Xerneas|Substitute\n|move|p1a: Xerneas|Play Rough|p2a: Ribombee\n|-damage|p2a: Ribombee|0 fnt\n|faint|p2a: Ribombee\n|\n|upkeep\n|\n|t:|1700711192\n|switch|p2a: Zygarde|Zygarde|100\/100\n|turn|18\n|\n|t:|1700711196\n|-terastallize|p2a: Zygarde|Normal\n|move|p1a: Xerneas|Substitute|p1a: Xerneas\n|-start|p1a: Xerneas|Substitute\n|-damage|p1a: Xerneas|51\/100\n|move|p2a: Zygarde|Coil|p2a: Zygarde\n|-boost|p2a: Zygarde|atk|1\n|-boost|p2a: Zygarde|def|1\n|-boost|p2a: Zygarde|accuracy|1\n|\n|upkeep\n|turn|19\n|\n|t:|1700711205\n|move|p1a: Xerneas|Close Combat|p2a: Zygarde\n|-supereffective|p2a: Zygarde\n|-damage|p2a: Zygarde|65\/100\n|-unboost|p1a: Xerneas|def|1\n|-unboost|p1a: Xerneas|spd|1\n|move|p2a: Zygarde|Thousand Arrows|p1a: Xerneas\n|-end|p1a: Xerneas|Substitute\n|\n|-heal|p2a: Zygarde|71\/100|[from] item: Leftovers\n|upkeep\n|turn|20\n|\n|t:|1700711214\n|move|p2a: Zygarde|Extreme Speed|p1a: Xerneas\n|-damage|p1a: Xerneas|0 fnt\n|faint|p1a: Xerneas\n|\n|-heal|p2a: Zygarde|77\/100|[from] item: Leftovers\n|upkeep\n|\n|t:|1700711217\n|switch|p1a: Yveltal|Yveltal|100\/100\n|-ability|p1a: Yveltal|Dark Aura\n|turn|21\n|\n|t:|1700711225\n|-terastallize|p1a: Yveltal|Steel\n|move|p1a: Yveltal|Knock Off|p2a: Zygarde\n|-damage|p2a: Zygarde|38\/100\n|-enditem|p2a: Zygarde|Leftovers|[from] move: Knock Off|[of] p1a: Yveltal\n|move|p2a: Zygarde|Glare|p1a: Yveltal\n|-status|p1a: Yveltal|par\n|\n|-activate|p2a: Zygarde|ability: Power Construct\n|detailschange|p2a: Zygarde|Zygarde-Complete, tera:Normal\n|-heal|p2a: Zygarde|59\/100|[silent]\n|upkeep\n|turn|22\n|\n|t:|1700711233\n|move|p2a: Zygarde|Thousand Arrows|p1a: Yveltal\n|-supereffective|p1a: Yveltal\n|-damage|p1a: Yveltal|0 fnt\n|faint|p1a: Yveltal\n|\n|win|Bohbohboh\n|c|\u2606Ultramanball2|gg\n|c|\u2606Ultramanball2|\u1eedi link h\u1ed9 tui \u0111i\n|l|\u2606Bohbohboh\n","uploadtime":1700711291,"views":18,"p1id":"ultramanball2","p2id":"bohbohboh","formatid":"gen9nationaldexubers","rating":0,"private":0,"password":""}