{"id":"gen9nationaldexubers-1993647557","p1":"Kdisue","p2":"Jouspatt","format":"[Gen 9] National Dex Ubers","log":"|j|\u2606Kdisue\n|j|\u2606Jouspatt\n|t:|1700341264\n|gametype|singles\n|player|p1|Kdisue|169|1108\n|player|p2|Jouspatt|ultraforestkartenvoy|1088\n|teamsize|p1|6\n|teamsize|p2|6\n|gen|9\n|tier|[Gen 9] National Dex Ubers\n|rated|\n|rule|HP Percentage Mod: HP is shown in percentages\n|rule|Endless Battle Clause: Forcing endless battles is banned\n|rule|OHKO Clause: OHKO moves are banned\n|rule|Evasion Moves Clause: Evasion moves are banned\n|rule|Evasion Items Clause: Evasion items are banned\n|rule|Species Clause: Limit one of each Pok\u00e9mon\n|rule|Sleep Clause Mod: Limit one foe put to sleep\n|rule|Mega Rayquaza Clause: You cannot mega evolve Rayquaza\n|clearpoke\n|poke|p1|Deoxys-Defense|\n|poke|p1|Chansey, F|\n|poke|p1|Ferrothorn, F|\n|poke|p1|Rotom-Wash|\n|poke|p1|Ho-Oh|\n|poke|p1|Lugia|\n|poke|p2|Incineroar, M|\n|poke|p2|Toucannon, M|\n|poke|p2|Golisopod, M|\n|poke|p2|Palossand, F|\n|poke|p2|Togedemaru, F|\n|poke|p2|Kommo-o, M|\n|teampreview\n|inactive|Battle timer is ON: inactive players will automatically lose when time's up. (requested by Jouspatt)\n|\n|t:|1700341273\n|start\n|switch|p1a: Washington|Rotom-Wash|100\/100\n|switch|p2a: Togedemaru|Togedemaru, F|100\/100\n|-item|p2a: Togedemaru|Air Balloon\n|turn|1\n|\n|t:|1700341282\n|move|p2a: Togedemaru|Fake Out|p1a: Washington\n|-damage|p1a: Washington|84\/100\n|cant|p1a: Washington|flinch\n|\n|upkeep\n|turn|2\n|\n|t:|1700341289\n|move|p2a: Togedemaru|U-turn|p1a: Washington\n|-damage|p1a: Washington|56\/100\n|\n|t:|1700341296\n|switch|p2a: Golisopod|Golisopod, M|100\/100|[from] U-turn\n|move|p1a: Washington|Hydro Pump|p2a: Golisopod\n|-resisted|p2a: Golisopod\n|-damage|p2a: Golisopod|64\/100\n|\n|upkeep\n|turn|3\n|\n|t:|1700341307\n|move|p1a: Washington|Hydro Pump|p2a: Golisopod\n|-resisted|p2a: Golisopod\n|-crit|p2a: Golisopod\n|-damage|p2a: Golisopod|10\/100\n|-activate|p2a: Golisopod|ability: Emergency Exit\n|\n|t:|1700341312\n|switch|p2a: Togedemaru|Togedemaru, F|100\/100\n|-item|p2a: Togedemaru|Air Balloon\n|\n|upkeep\n|turn|4\n|\n|t:|1700341318\n|switch|p1a: Iron boy|Ferrothorn, F|100\/100\n|move|p2a: Togedemaru|Zing Zap|p1a: Iron boy\n|-resisted|p1a: Iron boy\n|-damage|p1a: Iron boy|88\/100\n|-damage|p2a: Togedemaru|88\/100|[from] ability: Iron Barbs|[of] p1a: Iron boy\n|\n|upkeep\n|turn|5\n|\n|t:|1700341331\n|move|p2a: Togedemaru|U-turn|p1a: Iron boy\n|-crit|p1a: Iron boy\n|-damage|p1a: Iron boy|65\/100\n|-damage|p2a: Togedemaru|75\/100|[from] ability: Iron Barbs|[of] p1a: Iron boy\n|\n|t:|1700341337\n|switch|p2a: Incineroar|Incineroar, M|100\/100|[from] U-turn\n|-ability|p2a: Incineroar|Intimidate|boost\n|-unboost|p1a: Iron boy|atk|1\n|move|p1a: Iron boy|Knock Off|p2a: Incineroar\n|-resisted|p2a: Incineroar\n|-damage|p2a: Incineroar|85\/100\n|-enditem|p2a: Incineroar|Leftovers|[from] move: Knock Off|[of] p1a: Iron boy\n|\n|upkeep\n|turn|6\n|\n|t:|1700341350\n|switch|p1a: Washington|Rotom-Wash|56\/100\n|move|p2a: Incineroar|Fire Punch|p1a: Washington\n|-resisted|p1a: Washington\n|-damage|p1a: Washington|30\/100\n|\n|upkeep\n|turn|7\n|\n|t:|1700341358\n|move|p1a: Washington|Volt Switch|p2a: Incineroar\n|-damage|p2a: Incineroar|43\/100\n|\n|t:|1700341365\n|switch|p1a: Ho-Oh|Ho-Oh|100\/100|[from] Volt Switch\n|move|p2a: Incineroar|Leech Life|p1a: Ho-Oh\n|-resisted|p1a: Ho-Oh\n|-damage|p1a: Ho-Oh|94\/100\n|-heal|p2a: Incineroar|47\/100|[from] drain|[of] p1a: Ho-Oh\n|\n|upkeep\n|turn|8\n|\n|t:|1700341377\n|move|p1a: Ho-Oh|Earthquake|p2a: Incineroar\n|-supereffective|p2a: Incineroar\n|-damage|p2a: Incineroar|0 fnt\n|faint|p2a: Incineroar\n|\n|upkeep\n|\n|t:|1700341384\n|switch|p2a: Togedemaru|Togedemaru, F|75\/100\n|-item|p2a: Togedemaru|Air Balloon\n|turn|9\n|\n|t:|1700341392\n|switch|p1a: Iron boy|Ferrothorn, F|65\/100\n|move|p2a: Togedemaru|Fake Out|p1a: Iron boy\n|-resisted|p1a: Iron boy\n|-damage|p1a: Iron boy|60\/100\n|-damage|p2a: Togedemaru|63\/100|[from] ability: Iron Barbs|[of] p1a: Iron boy\n|\n|upkeep\n|turn|10\n|\n|t:|1700341404\n|move|p2a: Togedemaru|U-turn|p1a: Iron boy\n|-damage|p1a: Iron boy|43\/100\n|-damage|p2a: Togedemaru|50\/100|[from] ability: Iron Barbs|[of] p1a: Iron boy\n|\n|t:|1700341409\n|switch|p2a: Toucannon|Toucannon, M|100\/100|[from] U-turn\n|move|p1a: Iron boy|Gyro Ball|p2a: Toucannon\n|-damage|p2a: Toucannon|0 fnt\n|faint|p2a: Toucannon\n|\n|upkeep\n|\n|t:|1700341417\n|switch|p2a: Golisopod|Golisopod, M|10\/100\n|turn|11\n|\n|t:|1700341423\n|move|p2a: Golisopod|Leech Life|p1a: Iron boy\n|-crit|p1a: Iron boy\n|-damage|p1a: Iron boy|0 fnt\n|-heal|p2a: Golisopod|31\/100|[from] drain|[of] p1a: Iron boy\n|-damage|p2a: Golisopod|19\/100|[from] ability: Iron Barbs|[of] p1a: Iron boy\n|faint|p1a: Iron boy\n|\n|upkeep\n|\n|t:|1700341432\n|switch|p1a: Ho-Oh|Ho-Oh|100\/100\n|turn|12\n|\n|t:|1700341440\n|-terastallize|p2a: Golisopod|Water\n|move|p2a: Golisopod|Aqua Jet|p1a: Ho-Oh\n|-supereffective|p1a: Ho-Oh\n|-damage|p1a: Ho-Oh|50\/100\n|move|p1a: Ho-Oh|Brave Bird|p2a: Golisopod\n|-damage|p2a: Golisopod|0 fnt\n|-damage|p1a: Ho-Oh|34\/100|[from] item: Rocky Helmet|[of] p2a: Golisopod\n|faint|p2a: Golisopod\n|-damage|p1a: Ho-Oh|29\/100|[from] Recoil\n|\n|upkeep\n|\n|t:|1700341450\n|switch|p2a: Togedemaru|Togedemaru, F|50\/100\n|-item|p2a: Togedemaru|Air Balloon\n|turn|13\n|\n|t:|1700341456\n|switch|p1a: Washington|Rotom-Wash|30\/100\n|move|p2a: Togedemaru|Fake Out|p1a: Washington\n|-damage|p1a: Washington|15\/100\n|\n|upkeep\n|turn|14\n|\n|t:|1700341462\n|move|p2a: Togedemaru|Zing Zap|p1a: Washington\n|-damage|p1a: Washington|0 fnt\n|faint|p1a: Washington\n|\n|upkeep\n|\n|t:|1700341468\n|switch|p1a: Ho-Oh|Ho-Oh|62\/100\n|turn|15\n|\n|t:|1700341473\n|switch|p1a: Egg woman|Chansey, F|100\/100\n|move|p2a: Togedemaru|Zing Zap|p1a: Egg woman\n|-damage|p1a: Egg woman|61\/100\n|\n|upkeep\n|turn|16\n|\n|t:|1700341482\n|move|p2a: Togedemaru|U-turn|p1a: Egg woman\n|-damage|p1a: Egg woman|40\/100\n|\n|t:|1700341486\n|switch|p2a: Palossand|Palossand, F|100\/100|[from] U-turn\n|move|p1a: Egg woman|Power-Up Punch|p2a: Palossand\n|-immune|p2a: Palossand\n|\n|upkeep\n|turn|17\n|\n|t:|1700341497\n|move|p1a: Egg woman|Ice Punch|p2a: Palossand\n|-supereffective|p2a: Palossand\n|-damage|p2a: Palossand|83\/100\n|move|p2a: Palossand|Earth Power|p1a: Egg woman\n|-damage|p1a: Egg woman|18\/100\n|\n|upkeep\n|turn|18\n|\n|t:|1700341505\n|move|p1a: Egg woman|Soft-Boiled|p1a: Egg woman\n|-heal|p1a: Egg woman|68\/100\n|move|p2a: Palossand|Earth Power|p1a: Egg woman\n|-damage|p1a: Egg woman|46\/100\n|\n|upkeep\n|turn|19\n|\n|t:|1700341512\n|move|p1a: Egg woman|Ice Punch|p2a: Palossand\n|-supereffective|p2a: Palossand\n|-damage|p2a: Palossand|66\/100\n|move|p2a: Palossand|Giga Drain|p1a: Egg woman\n|-damage|p1a: Egg woman|34\/100\n|-heal|p2a: Palossand|78\/100|[from] drain|[of] p1a: Egg woman\n|\n|upkeep\n|turn|20\n|\n|t:|1700341521\n|move|p1a: Egg woman|Ice Punch|p2a: Palossand\n|-supereffective|p2a: Palossand\n|-crit|p2a: Palossand\n|-damage|p2a: Palossand|51\/100\n|move|p2a: Palossand|Giga Drain|p1a: Egg woman\n|-damage|p1a: Egg woman|23\/100\n|-heal|p2a: Palossand|63\/100|[from] drain|[of] p1a: Egg woman\n|\n|upkeep\n|turn|21\n|\n|t:|1700341532\n|move|p1a: Egg woman|Soft-Boiled|p1a: Egg woman\n|-heal|p1a: Egg woman|74\/100\n|move|p2a: Palossand|Giga Drain|p1a: Egg woman\n|-damage|p1a: Egg woman|62\/100\n|-heal|p2a: Palossand|75\/100|[from] drain|[of] p1a: Egg woman\n|\n|upkeep\n|turn|22\n|\n|t:|1700341545\n|move|p1a: Egg woman|Ice Punch|p2a: Palossand\n|-supereffective|p2a: Palossand\n|-crit|p2a: Palossand\n|-damage|p2a: Palossand|47\/100\n|move|p2a: Palossand|Giga Drain|p1a: Egg woman\n|-damage|p1a: Egg woman|50\/100\n|-heal|p2a: Palossand|59\/100|[from] drain|[of] p1a: Egg woman\n|\n|upkeep\n|turn|23\n|\n|t:|1700341557\n|move|p1a: Egg woman|Ice Punch|p2a: Palossand\n|-supereffective|p2a: Palossand\n|-damage|p2a: Palossand|42\/100\n|-status|p2a: Palossand|frz\n|cant|p2a: Palossand|frz\n|\n|upkeep\n|turn|24\n|\n|t:|1700341566\n|move|p1a: Egg woman|Soft-Boiled|p1a: Egg woman\n|-heal|p1a: Egg woman|99\/100\n|cant|p2a: Palossand|frz\n|\n|upkeep\n|turn|25\n|\n|t:|1700341575\n|move|p1a: Egg woman|Ice Punch|p2a: Palossand\n|-supereffective|p2a: Palossand\n|-damage|p2a: Palossand|25\/100 frz\n|cant|p2a: Palossand|frz\n|\n|upkeep\n|turn|26\n|\n|t:|1700341581\n|move|p1a: Egg woman|Ice Punch|p2a: Palossand\n|-supereffective|p2a: Palossand\n|-damage|p2a: Palossand|5\/100 frz\n|cant|p2a: Palossand|frz\n|\n|upkeep\n|turn|27\n|\n|t:|1700341588\n|move|p1a: Egg woman|Ice Punch|p2a: Palossand\n|-supereffective|p2a: Palossand\n|-crit|p2a: Palossand\n|-damage|p2a: Palossand|0 fnt\n|faint|p2a: Palossand\n|\n|upkeep\n|\n|t:|1700341593\n|switch|p2a: Kommo-o|Kommo-o, M|100\/100\n|turn|28\n|\n|t:|1700341600\n|move|p2a: Kommo-o|Body Press|p1a: Egg woman\n|-supereffective|p1a: Egg woman\n|-damage|p1a: Egg woman|22\/100\n|move|p1a: Egg woman|Power-Up Punch|p2a: Kommo-o\n|-damage|p2a: Kommo-o|97\/100\n|-boost|p1a: Egg woman|atk|1\n|\n|upkeep\n|turn|29\n|\n|t:|1700341609\n|-terastallize|p1a: Egg woman|Ghost\n|move|p2a: Kommo-o|Body Press|p1a: Egg woman\n|-immune|p1a: Egg woman\n|move|p1a: Egg woman|Soft-Boiled|p1a: Egg woman\n|-heal|p1a: Egg woman|72\/100\n|\n|upkeep\n|turn|30\n|\n|t:|1700341617\n|move|p2a: Kommo-o|Poison Jab|p1a: Egg woman\n|-resisted|p1a: Egg woman\n|-damage|p1a: Egg woman|60\/100\n|move|p1a: Egg woman|Ice Punch|p2a: Kommo-o\n|-supereffective|p2a: Kommo-o\n|-crit|p2a: Kommo-o\n|-damage|p2a: Kommo-o|68\/100\n|-enditem|p2a: Kommo-o|Weakness Policy\n|-boost|p2a: Kommo-o|atk|2|[from] item: Weakness Policy\n|-boost|p2a: Kommo-o|spa|2|[from] item: Weakness Policy\n|\n|upkeep\n|turn|31\n|\n|t:|1700341627\n|move|p2a: Kommo-o|Earthquake|p1a: Egg woman\n|-damage|p1a: Egg woman|0 fnt\n|faint|p1a: Egg woman\n|\n|upkeep\n|\n|t:|1700341633\n|switch|p1a: Lugia|Lugia|100\/100\n|turn|32\n|\n|t:|1700341639\n|move|p1a: Lugia|Psycho Boost|p2a: Kommo-o\n|-supereffective|p2a: Kommo-o\n|-damage|p2a: Kommo-o|0 fnt\n|-unboost|p1a: Lugia|spa|2\n|faint|p2a: Kommo-o\n|-damage|p1a: Lugia|91\/100|[from] item: Life Orb\n|\n|upkeep\n|\n|t:|1700341646\n|switch|p2a: Togedemaru|Togedemaru, F|50\/100\n|-item|p2a: Togedemaru|Air Balloon\n|turn|33\n|\n|t:|1700341651\n|move|p2a: Togedemaru|Fake Out|p1a: Lugia\n|-damage|p1a: Lugia|83\/100\n|cant|p1a: Lugia|flinch\n|\n|upkeep\n|turn|34\n|\n|t:|1700341656\n|move|p1a: Lugia|Psycho Boost|p2a: Togedemaru|[miss]\n|-miss|p1a: Lugia|p2a: Togedemaru\n|move|p2a: Togedemaru|Zing Zap|p1a: Lugia\n|-supereffective|p1a: Lugia\n|-damage|p1a: Lugia|34\/100\n|\n|upkeep\n|turn|35\n|\n|t:|1700341665\n|move|p1a: Lugia|Roost|p1a: Lugia\n|-heal|p1a: Lugia|84\/100\n|-singleturn|p1a: Lugia|move: Roost\n|move|p2a: Togedemaru|Zing Zap|p1a: Lugia\n|-damage|p1a: Lugia|63\/100\n|\n|upkeep\n|turn|36\n|\n|t:|1700341675\n|move|p1a: Lugia|Roost|p1a: Lugia\n|-heal|p1a: Lugia|100\/100\n|-singleturn|p1a: Lugia|move: Roost\n|move|p2a: Togedemaru|U-turn|p1a: Lugia\n|-supereffective|p1a: Lugia\n|-damage|p1a: Lugia|87\/100\n|\n|upkeep\n|turn|37\n|\n|t:|1700341683\n|move|p1a: Lugia|Psycho Boost|p2a: Togedemaru|[miss]\n|-miss|p1a: Lugia|p2a: Togedemaru\n|move|p2a: Togedemaru|Iron Head|p1a: Lugia\n|-damage|p1a: Lugia|67\/100\n|\n|upkeep\n|turn|38\n|\n|t:|1700341692\n|move|p1a: Lugia|Psycho Boost|p2a: Togedemaru|[miss]\n|-miss|p1a: Lugia|p2a: Togedemaru\n|move|p2a: Togedemaru|Iron Head|p1a: Lugia\n|-damage|p1a: Lugia|46\/100\n|\n|upkeep\n|turn|39\n|c|\u2606Kdisue|Bro\n|\n|t:|1700341705\n|move|p1a: Lugia|Psycho Boost|p2a: Togedemaru\n|-resisted|p2a: Togedemaru\n|-damage|p2a: Togedemaru|28\/100\n|-unboost|p1a: Lugia|spa|2\n|-enditem|p2a: Togedemaru|Air Balloon\n|-damage|p1a: Lugia|36\/100|[from] item: Life Orb\n|move|p2a: Togedemaru|Iron Head|p1a: Lugia\n|-damage|p1a: Lugia|12\/100\n|\n|upkeep\n|turn|40\n|c|\u2606Jouspatt|yes'\n|\n|t:|1700341720\n|move|p1a: Lugia|Roost|p1a: Lugia\n|-heal|p1a: Lugia|62\/100\n|-singleturn|p1a: Lugia|move: Roost\n|move|p2a: Togedemaru|Iron Head|p1a: Lugia\n|-damage|p1a: Lugia|40\/100\n|\n|upkeep\n|turn|41\n|c|\u2606Kdisue|0.1 percent chance to miss a 90% accurate move 3 times in a row\n|inactive|Kdisue has 120 seconds left.\n|\n|t:|1700341753\n|move|p1a: Lugia|Roost|p1a: Lugia\n|-heal|p1a: Lugia|90\/100\n|-singleturn|p1a: Lugia|move: Roost\n|move|p2a: Togedemaru|Zing Zap|p1a: Lugia\n|-damage|p1a: Lugia|66\/100\n|\n|upkeep\n|turn|42\n|\n|t:|1700341768\n|move|p1a: Lugia|Psycho Boost|p2a: Togedemaru\n|-resisted|p2a: Togedemaru\n|-damage|p2a: Togedemaru|13\/100\n|-unboost|p1a: Lugia|spa|2\n|-damage|p1a: Lugia|56\/100|[from] item: Life Orb\n|move|p2a: Togedemaru|Zing Zap|p1a: Lugia\n|-supereffective|p1a: Lugia\n|-damage|p1a: Lugia|10\/100\n|\n|upkeep\n|turn|43\n|\n|t:|1700341778\n|move|p1a: Lugia|Psycho Boost|p2a: Togedemaru\n|-resisted|p2a: Togedemaru\n|-damage|p2a: Togedemaru|2\/100\n|-damage|p1a: Lugia|0 fnt|[from] item: Life Orb\n|faint|p1a: Lugia\n|move|p2a: Togedemaru|U-turn|p1: Lugia|[notarget]\n|-fail|p2a: Togedemaru\n|\n|upkeep\n|\n|t:|1700341787\n|switch|p1a: Ho-Oh|Ho-Oh|95\/100\n|turn|44\n|\n|t:|1700341791\n|move|p2a: Togedemaru|Zing Zap|p1a: Ho-Oh\n|-supereffective|p1a: Ho-Oh\n|-damage|p1a: Ho-Oh|29\/100\n|move|p1a: Ho-Oh|Earthquake|p2a: Togedemaru\n|-supereffective|p2a: Togedemaru\n|-damage|p2a: Togedemaru|0 fnt\n|faint|p2a: Togedemaru\n|\n|win|Kdisue\n|raw|Kdisue's rating: 1108 &rarr; <strong>1132<\/strong><br \/>(+24 for winning)\n|raw|Jouspatt's rating: 1088 &rarr; <strong>1066<\/strong><br \/>(-22 for losing)\n|c|\u2606Jouspatt|gg\n","uploadtime":1700341801,"views":6,"p1id":"kdisue","p2id":"jouspatt","formatid":"gen9nationaldexubers","rating":1066,"private":0,"password":""}