{"id":"gen9nationaldexubers-1980959030","p1":"Cyrenux","p2":"bitconnnect","format":"[Gen 9] National Dex Ubers","log":"|j|\u2606Cyrenux\n|j|\u2606bitconnnect\n|t:|1698852339\n|gametype|singles\n|player|p1|Cyrenux|1|1292\n|player|p2|bitconnnect|gentleman-gen4|1433\n|teamsize|p1|6\n|teamsize|p2|6\n|gen|9\n|tier|[Gen 9] National Dex Ubers\n|rated|\n|rule|HP Percentage Mod: HP is shown in percentages\n|rule|Endless Battle Clause: Forcing endless battles is banned\n|rule|OHKO Clause: OHKO moves are banned\n|rule|Evasion Moves Clause: Evasion moves are banned\n|rule|Evasion Items Clause: Evasion items are banned\n|rule|Species Clause: Limit one of each Pok\u00e9mon\n|rule|Sleep Clause Mod: Limit one foe put to sleep\n|rule|Mega Rayquaza Clause: You cannot mega evolve Rayquaza\n|clearpoke\n|poke|p1|Arceus-Ground|\n|poke|p1|Necrozma-Dusk-Mane|\n|poke|p1|Groudon|\n|poke|p1|Ho-Oh|\n|poke|p1|Eternatus|\n|poke|p1|Chi-Yu|\n|poke|p2|Grimmsnarl, M|\n|poke|p2|Salamence, F|\n|poke|p2|Chi-Yu|\n|poke|p2|Ferrothorn, M|\n|poke|p2|Hatterene, F|\n|poke|p2|Kingambit, F|\n|teampreview\n|inactive|Battle timer is ON: inactive players will automatically lose when time's up. (requested by Cyrenux)\n|\n|t:|1698852369\n|start\n|switch|p1a: Eternatus|Eternatus|100\/100\n|switch|p2a: Grimmsnarl|Grimmsnarl, M|100\/100\n|-ability|p1a: Eternatus|Pressure\n|turn|1\n|\n|t:|1698852373\n|move|p2a: Grimmsnarl|Parting Shot|p1a: Eternatus\n|-unboost|p1a: Eternatus|atk|1\n|-unboost|p1a: Eternatus|spa|1\n|\n|t:|1698852380\n|switch|p2a: Ferrothorn|Ferrothorn, M|100\/100|[from] Parting Shot\n|move|p1a: Eternatus|Sludge Bomb|p2a: Ferrothorn\n|-immune|p2a: Ferrothorn\n|\n|upkeep\n|turn|2\n|\n|t:|1698852384\n|move|p1a: Eternatus|Fire Blast|p2a: Ferrothorn|[miss]\n|-miss|p1a: Eternatus|p2a: Ferrothorn\n|move|p2a: Ferrothorn|Leech Seed|p1a: Eternatus\n|-start|p1a: Eternatus|move: Leech Seed\n|\n|-damage|p1a: Eternatus|88\/100|[from] Leech Seed|[of] p2a: Ferrothorn\n|upkeep\n|turn|3\n|\n|t:|1698852392\n|switch|p1a: Arceus|Arceus-Ground|100\/100\n|switch|p2a: Grimmsnarl|Grimmsnarl, M|100\/100\n|\n|upkeep\n|turn|4\n|\n|t:|1698852399\n|switch|p1a: Eternatus|Eternatus|88\/100\n|-ability|p1a: Eternatus|Pressure\n|move|p2a: Grimmsnarl|Taunt|p1a: Eternatus\n|-start|p1a: Eternatus|move: Taunt\n|\n|upkeep\n|turn|5\n|\n|t:|1698852404\n|move|p2a: Grimmsnarl|Light Screen|p2a: Grimmsnarl\n|-sidestart|p2: bitconnnect|move: Light Screen\n|move|p1a: Eternatus|Sludge Bomb|p2a: Grimmsnarl\n|-supereffective|p2a: Grimmsnarl\n|-damage|p2a: Grimmsnarl|54\/100\n|-status|p2a: Grimmsnarl|psn\n|\n|-damage|p2a: Grimmsnarl|42\/100 psn|[from] psn\n|upkeep\n|turn|6\n|\n|t:|1698852408\n|move|p2a: Grimmsnarl|Parting Shot|p1a: Eternatus\n|-unboost|p1a: Eternatus|atk|1\n|-unboost|p1a: Eternatus|spa|1\n|\n|t:|1698852422\n|switch|p2a: Hatterene|Hatterene, F|100\/100|[from] Parting Shot\n|move|p1a: Eternatus|Fire Blast|p2a: Hatterene|[miss]\n|-miss|p1a: Eternatus|p2a: Hatterene\n|\n|-end|p1a: Eternatus|move: Taunt\n|upkeep\n|turn|7\n|inactive|Cyrenux has 120 seconds left.\n|\n|t:|1698852468\n|switch|p1a: Necrozma|Necrozma-Dusk-Mane|100\/100\n|move|p2a: Hatterene|Nuzzle|p1a: Necrozma\n|-damage|p1a: Necrozma|98\/100\n|-status|p1a: Necrozma|par\n|\n|-heal|p1a: Necrozma|100\/100 par|[from] item: Leftovers\n|upkeep\n|turn|8\n|\n|t:|1698852473\n|switch|p2a: Ferrothorn|Ferrothorn, M|100\/100\n|move|p1a: Necrozma|Toxic|p2a: Ferrothorn\n|-immune|p2a: Ferrothorn\n|\n|upkeep\n|turn|9\n|\n|t:|1698852477\n|switch|p1a: Groudon|Groudon|100\/100\n|detailschange|p1a: Groudon|Groudon-Primal\n|-primal|p1a: Groudon|Red Orb\n|-weather|DesolateLand|[from] ability: Desolate Land|[of] p1a: Groudon\n|move|p2a: Ferrothorn|Stealth Rock|p1a: Groudon\n|-sidestart|p1: Cyrenux|move: Stealth Rock\n|\n|-weather|DesolateLand|[upkeep]\n|upkeep\n|turn|10\n|\n|t:|1698852483\n|switch|p2a: Salamence|Salamence, F, shiny|100\/100\n|-ability|p2a: Salamence|Intimidate|boost\n|-unboost|p1a: Groudon|atk|1\n|move|p1a: Groudon|Stealth Rock|p2a: Salamence\n|-sidestart|p2: bitconnnect|move: Stealth Rock\n|\n|-weather|DesolateLand|[upkeep]\n|upkeep\n|turn|11\n|\n|t:|1698852498\n|detailschange|p2a: Salamence|Salamence-Mega, F, shiny\n|-mega|p2a: Salamence|Salamence|Salamencite\n|move|p2a: Salamence|Dragon Dance|p2a: Salamence\n|-boost|p2a: Salamence|atk|1\n|-boost|p2a: Salamence|spe|1\n|move|p1a: Groudon|Rock Tomb|p2a: Salamence\n|-supereffective|p2a: Salamence\n|-damage|p2a: Salamence|76\/100\n|-unboost|p2a: Salamence|spe|1\n|\n|-weather|DesolateLand|[upkeep]\n|upkeep\n|turn|12\n|\n|t:|1698852517\n|move|p2a: Salamence|Earthquake|p1a: Groudon\n|-supereffective|p1a: Groudon\n|-damage|p1a: Groudon|44\/100\n|move|p1a: Groudon|Rock Tomb|p2a: Salamence\n|-supereffective|p2a: Salamence\n|-damage|p2a: Salamence|50\/100\n|-unboost|p2a: Salamence|spe|1\n|\n|-weather|DesolateLand|[upkeep]\n|-sideend|p2: bitconnnect|move: Light Screen\n|upkeep\n|turn|13\n|\n|t:|1698852526\n|move|p1a: Groudon|Precipice Blades|p2a: Salamence\n|-immune|p2a: Salamence\n|move|p2a: Salamence|Earthquake|p1a: Groudon\n|-supereffective|p1a: Groudon\n|-crit|p1a: Groudon\n|-damage|p1a: Groudon|0 fnt\n|faint|p1a: Groudon\n|-weather|none\n|\n|upkeep\n|inactive|Cyrenux has 120 seconds left.\n|\n|t:|1698852550\n|switch|p1a: Eternatus|Eternatus|88\/100\n|-damage|p1a: Eternatus|76\/100|[from] Stealth Rock\n|-ability|p1a: Eternatus|Pressure\n|turn|14\n|\n|t:|1698852563\n|switch|p2a: Ferrothorn|Ferrothorn, M|100\/100\n|-damage|p2a: Ferrothorn|94\/100|[from] Stealth Rock\n|move|p1a: Eternatus|Meteor Beam||[still]\n|-prepare|p1a: Eternatus|Meteor Beam\n|-boost|p1a: Eternatus|spa|1\n|-enditem|p1a: Eternatus|Power Herb\n|-anim|p1a: Eternatus|Meteor Beam|p2a: Ferrothorn\n|-resisted|p2a: Ferrothorn\n|-damage|p2a: Ferrothorn|69\/100\n|\n|upkeep\n|turn|15\n|\n|t:|1698852575\n|move|p1a: Eternatus|Fire Blast|p2a: Ferrothorn\n|-supereffective|p2a: Ferrothorn\n|-damage|p2a: Ferrothorn|0 fnt\n|faint|p2a: Ferrothorn\n|\n|upkeep\n|\n|t:|1698852577\n|switch|p2a: Grimmsnarl|Grimmsnarl, M|42\/100 psn\n|-damage|p2a: Grimmsnarl|29\/100 psn|[from] Stealth Rock\n|turn|16\n|\n|t:|1698852597\n|move|p2a: Grimmsnarl|Light Screen|p2a: Grimmsnarl\n|-sidestart|p2: bitconnnect|move: Light Screen\n|move|p1a: Eternatus|Sludge Bomb|p2a: Grimmsnarl\n|-supereffective|p2a: Grimmsnarl\n|-damage|p2a: Grimmsnarl|0 fnt\n|faint|p2a: Grimmsnarl\n|\n|upkeep\n|\n|t:|1698852605\n|switch|p2a: Chi-Yu|Chi-Yu|100\/100\n|-damage|p2a: Chi-Yu|76\/100|[from] Stealth Rock\n|-ability|p2a: Chi-Yu|Beads of Ruin\n|turn|17\n|\n|t:|1698852611\n|switch|p1a: Necrozma|Necrozma-Dusk-Mane|100\/100 par\n|-damage|p1a: Necrozma|94\/100 par|[from] Stealth Rock\n|move|p2a: Chi-Yu|Dark Pulse|p1a: Necrozma\n|-supereffective|p1a: Necrozma\n|-damage|p1a: Necrozma|34\/100 par\n|\n|-heal|p2a: Chi-Yu|82\/100|[from] item: Leftovers\n|-heal|p1a: Necrozma|40\/100 par|[from] item: Leftovers\n|upkeep\n|turn|18\n|\n|t:|1698852622\n|move|p2a: Chi-Yu|Substitute|p2a: Chi-Yu\n|-start|p2a: Chi-Yu|Substitute\n|-damage|p2a: Chi-Yu|57\/100\n|move|p1a: Necrozma|Earthquake|p2a: Chi-Yu\n|-supereffective|p2a: Chi-Yu\n|-end|p2a: Chi-Yu|Substitute\n|\n|-heal|p2a: Chi-Yu|63\/100|[from] item: Leftovers\n|-heal|p1a: Necrozma|46\/100 par|[from] item: Leftovers\n|upkeep\n|turn|19\n|\n|t:|1698852638\n|move|p2a: Chi-Yu|Dark Pulse|p1a: Necrozma\n|-supereffective|p1a: Necrozma\n|-damage|p1a: Necrozma|0 fnt\n|faint|p1a: Necrozma\n|\n|-heal|p2a: Chi-Yu|69\/100|[from] item: Leftovers\n|upkeep\n|\n|t:|1698852647\n|switch|p1a: Arceus|Arceus-Ground|100\/100\n|-damage|p1a: Arceus|94\/100|[from] Stealth Rock\n|turn|20\n|\n|t:|1698852662\n|move|p2a: Chi-Yu|Fire Blast|p1a: Arceus\n|-damage|p1a: Arceus|47\/100\n|move|p1a: Arceus|Judgment|p2a: Chi-Yu\n|-supereffective|p2a: Chi-Yu\n|-damage|p2a: Chi-Yu|17\/100\n|\n|-heal|p2a: Chi-Yu|23\/100|[from] item: Leftovers\n|upkeep\n|turn|21\n|\n|t:|1698852669\n|move|p2a: Chi-Yu|Dark Pulse|p1a: Arceus\n|-damage|p1a: Arceus|8\/100\n|move|p1a: Arceus|Recover|p1a: Arceus\n|-heal|p1a: Arceus|58\/100\n|\n|-heal|p2a: Chi-Yu|29\/100|[from] item: Leftovers\n|upkeep\n|turn|22\n|\n|t:|1698852675\n|-terastallize|p2a: Chi-Yu|Fire\n|move|p2a: Chi-Yu|Fire Blast|p1a: Arceus\n|-damage|p1a: Arceus|0 fnt\n|faint|p1a: Arceus\n|\n|-heal|p2a: Chi-Yu|35\/100|[from] item: Leftovers\n|upkeep\n|\n|t:|1698852691\n|switch|p1a: Eternatus|Eternatus|76\/100\n|-damage|p1a: Eternatus|63\/100|[from] Stealth Rock\n|-ability|p1a: Eternatus|Pressure\n|turn|23\n|\n|t:|1698852696\n|move|p1a: Eternatus|Dynamax Cannon|p2a: Chi-Yu\n|-damage|p2a: Chi-Yu|5\/100\n|move|p2a: Chi-Yu|Dark Pulse|p1a: Eternatus\n|-damage|p1a: Eternatus|18\/100\n|\n|-heal|p2a: Chi-Yu|11\/100|[from] item: Leftovers\n|-sideend|p2: bitconnnect|move: Light Screen\n|upkeep\n|turn|24\n|\n|t:|1698852703\n|move|p1a: Eternatus|Dynamax Cannon|p2a: Chi-Yu\n|-damage|p2a: Chi-Yu|0 fnt\n|faint|p2a: Chi-Yu\n|\n|upkeep\n|\n|t:|1698852705\n|switch|p2a: Kingambit|Kingambit, F|100\/100\n|-damage|p2a: Kingambit|94\/100|[from] Stealth Rock\n|-activate|p2a: Kingambit|ability: Supreme Overlord\n|-start|p2a: Kingambit|fallen3|[silent]\n|turn|25\n|\n|t:|1698852714\n|move|p1a: Eternatus|Fire Blast|p2a: Kingambit\n|-supereffective|p2a: Kingambit\n|-damage|p2a: Kingambit|12\/100\n|move|p2a: Kingambit|Knock Off|p1a: Eternatus\n|-damage|p1a: Eternatus|0 fnt\n|faint|p1a: Eternatus\n|\n|-heal|p2a: Kingambit|18\/100|[from] item: Leftovers\n|upkeep\n|\n|t:|1698852725\n|switch|p1a: Chi-Yu|Chi-Yu|100\/100\n|-damage|p1a: Chi-Yu|76\/100|[from] Stealth Rock\n|-ability|p1a: Chi-Yu|Beads of Ruin\n|turn|26\n|c|\u2606bitconnnect|Oh damn thought you'd pivot lol\n|\n|t:|1698852745\n|move|p2a: Kingambit|Sucker Punch|p1a: Chi-Yu\n|-resisted|p1a: Chi-Yu\n|-damage|p1a: Chi-Yu|33\/100\n|move|p1a: Chi-Yu|Flamethrower|p2a: Kingambit\n|-supereffective|p2a: Kingambit\n|-damage|p2a: Kingambit|0 fnt\n|faint|p2a: Kingambit\n|-end|p2a: Kingambit|fallen3|[silent]\n|\n|upkeep\n|\n|t:|1698852750\n|switch|p2a: Salamence|Salamence-Mega, F, shiny|50\/100\n|-damage|p2a: Salamence|25\/100|[from] Stealth Rock\n|turn|27\n|\n|t:|1698852753\n|-terastallize|p1a: Chi-Yu|Fire\n|move|p1a: Chi-Yu|Flamethrower|p2a: Salamence\n|-resisted|p2a: Salamence\n|-damage|p2a: Salamence|0 fnt\n|faint|p2a: Salamence\n|\n|upkeep\n|\n|t:|1698852757\n|switch|p2a: Hatterene|Hatterene, F|100\/100\n|-damage|p2a: Hatterene|88\/100|[from] Stealth Rock\n|turn|28\n|\n|t:|1698852762\n|move|p1a: Chi-Yu|Flamethrower|p2a: Hatterene\n|-damage|p2a: Hatterene|3\/100\n|move|p2a: Hatterene|Psyshock|p1a: Chi-Yu\n|-damage|p1a: Chi-Yu|0 fnt\n|faint|p1a: Chi-Yu\n|\n|-heal|p2a: Hatterene|9\/100|[from] item: Leftovers\n|upkeep\n|\n|t:|1698852763\n|switch|p1a: Ho-Oh|Ho-Oh|100\/100\n|-ability|p1a: Ho-Oh|Pressure\n|turn|29\n|\n|t:|1698852767\n|move|p1a: Ho-Oh|Brave Bird|p2a: Hatterene\n|-damage|p2a: Hatterene|0 fnt\n|faint|p2a: Hatterene\n|-damage|p1a: Ho-Oh|99\/100|[from] Recoil\n|\n|win|Cyrenux\n|raw|Cyrenux's rating: 1292 &rarr; <strong>1327<\/strong><br \/>(+35 for winning)\n|raw|bitconnnect's rating: 1433 &rarr; <strong>1405<\/strong><br \/>(-28 for losing)\n|l|\u2606bitconnnect\n","uploadtime":1698852824,"views":12,"p1id":"cyrenux","p2id":"bitconnnect","formatid":"gen9nationaldexubers","rating":1327,"private":0,"password":""}