{"id":"gen9nationaldexubers-1989054179","p1":"John-Halsey","p2":"ToxicHast3","format":"[Gen 9] National Dex Ubers","log":"|j|\u2606John-Halsey\n|j|\u2606ToxicHast3\n|t:|1699807081\n|gametype|singles\n|player|p1|John-Halsey|veteran|1079\n|player|p2|ToxicHast3|veteran|1152\n|teamsize|p1|6\n|teamsize|p2|6\n|gen|9\n|tier|[Gen 9] National Dex Ubers\n|rated|\n|rule|HP Percentage Mod: HP is shown in percentages\n|rule|Endless Battle Clause: Forcing endless battles is banned\n|rule|OHKO Clause: OHKO moves are banned\n|rule|Evasion Moves Clause: Evasion moves are banned\n|rule|Evasion Items Clause: Evasion items are banned\n|rule|Species Clause: Limit one of each Pok\u00e9mon\n|rule|Sleep Clause Mod: Limit one foe put to sleep\n|rule|Mega Rayquaza Clause: You cannot mega evolve Rayquaza\n|clearpoke\n|poke|p1|Blaziken, M|\n|poke|p1|Nidoking, M|\n|poke|p1|Crobat, M|\n|poke|p1|Ceruledge, M|\n|poke|p1|Suicune|\n|poke|p1|Ninetales-Alola, F|\n|poke|p2|Salamence, F|\n|poke|p2|Talonflame, F|\n|poke|p2|Zeraora|\n|poke|p2|Greninja-*, F|\n|poke|p2|Scizor, F|\n|poke|p2|Conkeldurr, M|\n|teampreview\n|\n|t:|1699807093\n|start\n|switch|p1a: Ninetales|Ninetales-Alola, F|100\/100\n|switch|p2a: Greninja|Greninja, F|100\/100\n|-weather|Snow|[from] ability: Snow Warning|[of] p1a: Ninetales\n|turn|1\n|\n|t:|1699807103\n|move|p2a: Greninja|Grass Knot|p1a: Ninetales\n|-start|p2a: Greninja|typechange|Grass|[from] ability: Protean\n|-damage|p1a: Ninetales|79\/100\n|move|p1a: Ninetales|Aurora Veil|p1a: Ninetales\n|-sidestart|p1: John-Halsey|move: Aurora Veil\n|\n|-weather|Snow|[upkeep]\n|upkeep\n|turn|2\n|\n|t:|1699807116\n|move|p2a: Greninja|Surf|p1a: Ninetales\n|-damage|p1a: Ninetales|64\/100\n|move|p1a: Ninetales|Blizzard|p2a: Greninja\n|-supereffective|p2a: Greninja\n|-enditem|p2a: Greninja|Focus Sash\n|-damage|p2a: Greninja|1\/100\n|\n|-weather|Snow|[upkeep]\n|upkeep\n|turn|3\n|\n|t:|1699807145\n|switch|p2a: Conkeldurr|Conkeldurr, M|100\/100\n|move|p1a: Ninetales|Toxic|p2a: Conkeldurr\n|-status|p2a: Conkeldurr|tox\n|\n|-weather|Snow|[upkeep]\n|-damage|p2a: Conkeldurr|94\/100 tox|[from] psn\n|upkeep\n|turn|4\n|\n|t:|1699807155\n|move|p1a: Ninetales|Moonblast|p2a: Conkeldurr\n|-supereffective|p2a: Conkeldurr\n|-damage|p2a: Conkeldurr|35\/100 tox\n|move|p2a: Conkeldurr|Facade|p1a: Ninetales\n|-damage|p1a: Ninetales|32\/100\n|\n|-weather|Snow|[upkeep]\n|-damage|p2a: Conkeldurr|22\/100 tox|[from] psn\n|upkeep\n|turn|5\n|\n|t:|1699807164\n|move|p2a: Conkeldurr|Mach Punch|p1a: Ninetales\n|-damage|p1a: Ninetales|19\/100\n|move|p1a: Ninetales|Blizzard|p2a: Conkeldurr\n|-damage|p2a: Conkeldurr|0 fnt\n|faint|p2a: Conkeldurr\n|\n|-weather|none\n|upkeep\n|\n|t:|1699807172\n|switch|p2a: Scizor|Scizor, F|100\/100\n|turn|6\n|\n|t:|1699807178\n|switch|p1a: Ceruledge|Ceruledge, M|100\/100\n|-item|p1a: Ceruledge|Air Balloon\n|move|p2a: Scizor|Swords Dance|p2a: Scizor\n|-boost|p2a: Scizor|atk|2\n|\n|upkeep\n|turn|7\n|\n|t:|1699807189\n|move|p1a: Ceruledge|Bulk Up|p1a: Ceruledge\n|-boost|p1a: Ceruledge|atk|1\n|-boost|p1a: Ceruledge|def|1\n|move|p2a: Scizor|Knock Off|p1a: Ceruledge\n|-supereffective|p1a: Ceruledge\n|-damage|p1a: Ceruledge|29\/100\n|-ability|p1a: Ceruledge|Weak Armor|boost\n|-unboost|p1a: Ceruledge|def|1\n|-boost|p1a: Ceruledge|spe|2\n|-enditem|p1a: Ceruledge|Air Balloon\n|\n|upkeep\n|turn|8\n|\n|t:|1699807199\n|move|p2a: Scizor|Bullet Punch|p1a: Ceruledge\n|-resisted|p1a: Ceruledge\n|-damage|p1a: Ceruledge|5\/100\n|-ability|p1a: Ceruledge|Weak Armor|boost\n|-unboost|p1a: Ceruledge|def|1\n|-boost|p1a: Ceruledge|spe|2\n|move|p1a: Ceruledge|Bitter Blade|p2a: Scizor\n|-supereffective|p2a: Scizor\n|-enditem|p2a: Scizor|Focus Sash\n|-damage|p2a: Scizor|1\/100\n|-heal|p1a: Ceruledge|64\/100|[from] drain|[of] p2a: Scizor\n|\n|-sideend|p1: John-Halsey|move: Aurora Veil\n|upkeep\n|turn|9\n|\n|t:|1699807228\n|switch|p2a: Talonflame|Talonflame, F|100\/100\n|move|p1a: Ceruledge|Shadow Sneak|p2a: Talonflame\n|-damage|p2a: Talonflame|54\/100\n|\n|upkeep\n|turn|10\n|\n|t:|1699807240\n|-terastallize|p1a: Ceruledge|Fire\n|move|p1a: Ceruledge|Bitter Blade|p2a: Talonflame\n|-resisted|p2a: Talonflame\n|-damage|p2a: Talonflame|0 fnt\n|-heal|p1a: Ceruledge|91\/100|[from] drain|[of] p2a: Talonflame\n|faint|p2a: Talonflame\n|\n|upkeep\n|\n|t:|1699807254\n|switch|p2a: Greninja|Greninja, F|1\/100\n|turn|11\n|\n|t:|1699807258\n|move|p1a: Ceruledge|Shadow Sneak|p2a: Greninja\n|-resisted|p2a: Greninja\n|-damage|p2a: Greninja|0 fnt\n|faint|p2a: Greninja\n|\n|upkeep\n|\n|t:|1699807262\n|switch|p2a: Zeraora|Zeraora|100\/100\n|turn|12\n|\n|t:|1699807269\n|move|p1a: Ceruledge|Bitter Blade|p2a: Zeraora\n|-damage|p2a: Zeraora|0 fnt\n|-heal|p1a: Ceruledge|100\/100|[from] drain|[of] p2a: Zeraora\n|faint|p2a: Zeraora\n|\n|upkeep\n|-message|ToxicHast3 forfeited.\n|\n|win|John-Halsey\n|raw|John-Halsey's rating: 1079 &rarr; <strong>1113<\/strong><br \/>(+34 for winning)\n|raw|ToxicHast3's rating: 1152 &rarr; <strong>1122<\/strong><br \/>(-30 for losing)\n|l|\u2606ToxicHast3\n","uploadtime":1699807277,"views":5,"p1id":"johnhalsey","p2id":"toxichast3","formatid":"gen9nationaldexubers","rating":1113,"private":0,"password":""}