{"id":"gen9nationaldexubers-1991941670","p1":"Hayer","p2":"Szymszym134","format":"[Gen 9] National Dex Ubers","log":"|j|\u2606Hayer\n|j|\u2606Szymszym134\n|t:|1700140781\n|gametype|singles\n|player|p1|Hayer|101|1681\n|player|p2|Szymszym134|elesa|1664\n|teamsize|p1|6\n|teamsize|p2|6\n|gen|9\n|tier|[Gen 9] National Dex Ubers\n|rated|\n|rule|HP Percentage Mod: HP is shown in percentages\n|rule|Endless Battle Clause: Forcing endless battles is banned\n|rule|OHKO Clause: OHKO moves are banned\n|rule|Evasion Moves Clause: Evasion moves are banned\n|rule|Evasion Items Clause: Evasion items are banned\n|rule|Species Clause: Limit one of each Pok\u00e9mon\n|rule|Sleep Clause Mod: Limit one foe put to sleep\n|rule|Mega Rayquaza Clause: You cannot mega evolve Rayquaza\n|clearpoke\n|poke|p1|Arceus-Ground|\n|poke|p1|Kingambit, F|\n|poke|p1|Ho-Oh|\n|poke|p1|Groudon|\n|poke|p1|Xerneas-*|\n|poke|p1|Necrozma-Dusk-Mane|\n|poke|p2|Magearna|\n|poke|p2|Arceus-Dark|\n|poke|p2|Ho-Oh|\n|poke|p2|Ditto|\n|poke|p2|Garganacl, M|\n|poke|p2|Zygarde|\n|teampreview\n|inactive|Battle timer is ON: inactive players will automatically lose when time's up. (requested by Szymszym134)\n|c|\u2606Hayer|Elo\n|c|\u2606Szymszym134|Elo\n|\n|t:|1700140809\n|start\n|switch|p1a: Arceus|Arceus-Ground|100\/100\n|switch|p2a: Arceus|Arceus-Dark|100\/100\n|turn|1\n|\n|t:|1700140814\n|switch|p1a: Kingambit|Kingambit, F|100\/100\n|move|p2a: Arceus|Toxic|p1a: Kingambit\n|-immune|p1a: Kingambit\n|\n|upkeep\n|turn|2\n|\n|t:|1700140822\n|-end|p1a: Kingambit|fallenundefined|[silent]\n|switch|p1a: Xerneas|Xerneas|100\/100\n|-ability|p1a: Xerneas|Fairy Aura\n|move|p2a: Arceus|Taunt|p1a: Xerneas\n|-start|p1a: Xerneas|move: Taunt\n|\n|upkeep\n|turn|3\n|\n|t:|1700140828\n|switch|p2a: Ho-Oh|Ho-Oh|100\/100\n|move|p1a: Xerneas|Thunder|p2a: Ho-Oh|[miss]\n|-miss|p1a: Xerneas|p2a: Ho-Oh\n|\n|upkeep\n|turn|4\n|\n|t:|1700140832\n|switch|p1a: Groudon|Groudon|100\/100\n|detailschange|p1a: Groudon|Groudon-Primal\n|-primal|p1a: Groudon|Red Orb\n|-weather|DesolateLand|[from] ability: Desolate Land|[of] p1a: Groudon\n|move|p2a: Ho-Oh|Toxic|p1a: Groudon\n|-status|p1a: Groudon|tox\n|\n|-weather|DesolateLand|[upkeep]\n|-damage|p1a: Groudon|94\/100 tox|[from] psn\n|upkeep\n|turn|5\n|\n|t:|1700140836\n|switch|p2a: Arceus|Arceus-Dark|100\/100\n|move|p1a: Groudon|Stealth Rock|p2a: Arceus\n|-sidestart|p2: Szymszym134|move: Stealth Rock\n|\n|-weather|DesolateLand|[upkeep]\n|-damage|p1a: Groudon|82\/100 tox|[from] psn\n|upkeep\n|turn|6\n|\n|t:|1700140841\n|-weather|none\n|switch|p1a: Kingambit|Kingambit, F|100\/100\n|move|p2a: Arceus|Toxic|p1a: Kingambit\n|-immune|p1a: Kingambit\n|\n|upkeep\n|turn|7\n|\n|t:|1700140850\n|move|p2a: Arceus|Foul Play|p1a: Kingambit\n|-resisted|p1a: Kingambit\n|-damage|p1a: Kingambit|77\/100\n|move|p1a: Kingambit|Iron Head|p2a: Arceus\n|-damage|p2a: Arceus|69\/100\n|\n|-heal|p1a: Kingambit|83\/100|[from] item: Leftovers\n|upkeep\n|turn|8\n|\n|t:|1700140856\n|-end|p1a: Kingambit|fallenundefined|[silent]\n|switch|p1a: Xerneas|Xerneas|100\/100\n|-ability|p1a: Xerneas|Fairy Aura\n|move|p2a: Arceus|Foul Play|p1a: Xerneas\n|-resisted|p1a: Xerneas\n|-damage|p1a: Xerneas|83\/100\n|\n|upkeep\n|turn|9\n|\n|t:|1700140864\n|switch|p2a: Ho-Oh|Ho-Oh|100\/100\n|move|p1a: Xerneas|Thunder|p2a: Ho-Oh|[miss]\n|-miss|p1a: Xerneas|p2a: Ho-Oh\n|\n|upkeep\n|turn|10\n|c|\u2606Szymszym134|XD\n|\n|t:|1700140877\n|move|p1a: Xerneas|Thunder|p2a: Ho-Oh|[miss]\n|-miss|p1a: Xerneas|p2a: Ho-Oh\n|move|p2a: Ho-Oh|Defog|p1a: Xerneas\n|-unboost|p1a: Xerneas|evasion|1\n|-sideend|p2: Szymszym134|Stealth Rock|[from] move: Defog|[of] p2a: Ho-Oh\n|\n|upkeep\n|turn|11\n|\n|t:|1700140882\n|switch|p1a: Groudon|Groudon-Primal|82\/100 tox\n|-weather|DesolateLand|[from] ability: Desolate Land|[of] p1a: Groudon\n|move|p2a: Ho-Oh|Toxic|p1a: Groudon\n|-fail|p1a: Groudon|tox\n|\n|-weather|DesolateLand|[upkeep]\n|-damage|p1a: Groudon|76\/100 tox|[from] psn\n|upkeep\n|turn|12\n|\n|t:|1700140885\n|switch|p2a: Zygarde|Zygarde|100\/100\n|move|p1a: Groudon|Stealth Rock|p2a: Zygarde\n|-sidestart|p2: Szymszym134|move: Stealth Rock\n|\n|-weather|DesolateLand|[upkeep]\n|-damage|p1a: Groudon|63\/100 tox|[from] psn\n|upkeep\n|turn|13\n|\n|t:|1700140889\n|-weather|none\n|switch|p1a: Ho-Oh|Ho-Oh|100\/100\n|move|p2a: Zygarde|Coil|p2a: Zygarde\n|-boost|p2a: Zygarde|atk|1\n|-boost|p2a: Zygarde|def|1\n|-boost|p2a: Zygarde|accuracy|1\n|\n|upkeep\n|turn|14\n|\n|t:|1700140901\n|move|p2a: Zygarde|Thousand Arrows|p1a: Ho-Oh\n|-damage|p1a: Ho-Oh|68\/100\n|-start|p1a: Ho-Oh|Smack Down\n|move|p1a: Ho-Oh|Whirlwind|p2a: Zygarde\n|drag|p2a: Arceus|Arceus-Dark|69\/100\n|-damage|p2a: Arceus|57\/100|[from] Stealth Rock\n|\n|upkeep\n|turn|15\n|\n|t:|1700140910\n|move|p2a: Arceus|Foul Play|p1a: Ho-Oh\n|-damage|p1a: Ho-Oh|34\/100\n|move|p1a: Ho-Oh|Toxic|p2a: Arceus\n|-status|p2a: Arceus|tox\n|\n|-damage|p2a: Arceus|51\/100 tox|[from] psn\n|upkeep\n|turn|16\n|\n|t:|1700140915\n|switch|p2a: Ho-Oh|Ho-Oh|100\/100\n|switch|p1a: Xerneas|Xerneas|83\/100\n|-ability|p1a: Xerneas|Fairy Aura\n|\n|upkeep\n|turn|17\n|\n|t:|1700140920\n|move|p1a: Xerneas|Thunder|p2a: Ho-Oh\n|-supereffective|p2a: Ho-Oh\n|-damage|p2a: Ho-Oh|57\/100\n|move|p2a: Ho-Oh|Defog|p1a: Xerneas\n|-unboost|p1a: Xerneas|evasion|1\n|-sideend|p2: Szymszym134|Stealth Rock|[from] move: Defog|[of] p2a: Ho-Oh\n|\n|upkeep\n|turn|18\n|\n|t:|1700140940\n|switch|p1a: Groudon|Groudon-Primal|63\/100 tox\n|-weather|DesolateLand|[from] ability: Desolate Land|[of] p1a: Groudon\n|move|p2a: Ho-Oh|Sacred Fire|p1a: Groudon\n|-resisted|p1a: Groudon\n|-damage|p1a: Groudon|48\/100 tox\n|\n|-weather|DesolateLand|[upkeep]\n|-damage|p1a: Groudon|42\/100 tox|[from] psn\n|upkeep\n|turn|19\n|\n|t:|1700140947\n|switch|p2a: Zygarde|Zygarde|100\/100\n|move|p1a: Groudon|Toxic|p2a: Zygarde\n|-status|p2a: Zygarde|tox\n|\n|-weather|DesolateLand|[upkeep]\n|-damage|p2a: Zygarde|94\/100 tox|[from] psn\n|-damage|p1a: Groudon|30\/100 tox|[from] psn\n|upkeep\n|turn|20\n|\n|t:|1700140952\n|-weather|none\n|switch|p1a: Ho-Oh|Ho-Oh|67\/100\n|move|p2a: Zygarde|Thousand Arrows|p1a: Ho-Oh\n|-damage|p1a: Ho-Oh|46\/100\n|-start|p1a: Ho-Oh|Smack Down\n|\n|-heal|p2a: Zygarde|100\/100 tox|[from] item: Leftovers\n|-damage|p2a: Zygarde|88\/100 tox|[from] psn\n|upkeep\n|turn|21\n|\n|t:|1700140960\n|switch|p1a: Arceus|Arceus-Ground|100\/100\n|move|p2a: Zygarde|Thousand Arrows|p1a: Arceus\n|-damage|p1a: Arceus|84\/100\n|\n|-heal|p2a: Zygarde|94\/100 tox|[from] item: Leftovers\n|-damage|p2a: Zygarde|76\/100 tox|[from] psn\n|upkeep\n|turn|22\n|\n|t:|1700140969\n|switch|p2a: Ho-Oh|Ho-Oh|90\/100\n|move|p1a: Arceus|Calm Mind|p1a: Arceus\n|-boost|p1a: Arceus|spa|1\n|-boost|p1a: Arceus|spd|1\n|\n|upkeep\n|turn|23\n|\n|t:|1700140974\n|switch|p1a: Groudon|Groudon-Primal|30\/100 tox\n|-weather|DesolateLand|[from] ability: Desolate Land|[of] p1a: Groudon\n|move|p2a: Ho-Oh|Whirlwind|p1a: Groudon\n|-weather|none\n|drag|p1a: Ho-Oh|Ho-Oh|79\/100\n|\n|upkeep\n|turn|24\n|\n|t:|1700140981\n|move|p1a: Ho-Oh|Toxic|p2a: Ho-Oh\n|-status|p2a: Ho-Oh|tox\n|move|p2a: Ho-Oh|Whirlwind|p1a: Ho-Oh\n|drag|p1a: Arceus|Arceus-Ground|84\/100\n|\n|-damage|p2a: Ho-Oh|84\/100 tox|[from] psn\n|upkeep\n|turn|25\n|\n|t:|1700140985\n|switch|p1a: Groudon|Groudon-Primal|30\/100 tox\n|-weather|DesolateLand|[from] ability: Desolate Land|[of] p1a: Groudon\n|move|p2a: Ho-Oh|Whirlwind|p1a: Groudon\n|-weather|none\n|drag|p1a: Xerneas|Xerneas|83\/100\n|-ability|p1a: Xerneas|Fairy Aura\n|\n|-damage|p2a: Ho-Oh|72\/100 tox|[from] psn\n|upkeep\n|turn|26\n|\n|t:|1700140989\n|switch|p1a: Groudon|Groudon-Primal|30\/100 tox\n|-weather|DesolateLand|[from] ability: Desolate Land|[of] p1a: Groudon\n|move|p2a: Ho-Oh|Toxic|p1a: Groudon\n|-fail|p1a: Groudon|tox\n|\n|-weather|DesolateLand|[upkeep]\n|-damage|p2a: Ho-Oh|54\/100 tox|[from] psn\n|-damage|p1a: Groudon|23\/100 tox|[from] psn\n|upkeep\n|turn|27\n|\n|t:|1700140993\n|switch|p2a: Zygarde|Zygarde|76\/100 tox\n|move|p1a: Groudon|Stealth Rock|p2a: Zygarde\n|-sidestart|p2: Szymszym134|move: Stealth Rock\n|\n|-weather|DesolateLand|[upkeep]\n|-heal|p2a: Zygarde|82\/100 tox|[from] item: Leftovers\n|-damage|p2a: Zygarde|76\/100 tox|[from] psn\n|-damage|p1a: Groudon|11\/100 tox|[from] psn\n|upkeep\n|turn|28\n|\n|t:|1700140999\n|move|p2a: Zygarde|Thousand Arrows|p1a: Groudon\n|-supereffective|p1a: Groudon\n|-damage|p1a: Groudon|0 fnt\n|faint|p1a: Groudon\n|-weather|none\n|\n|-heal|p2a: Zygarde|82\/100 tox|[from] item: Leftovers\n|-damage|p2a: Zygarde|70\/100 tox|[from] psn\n|upkeep\n|\n|t:|1700141003\n|switch|p1a: Arceus|Arceus-Ground|84\/100\n|turn|29\n|\n|t:|1700141006\n|switch|p2a: Ho-Oh|Ho-Oh|87\/100 tox\n|move|p1a: Arceus|Calm Mind|p1a: Arceus\n|-boost|p1a: Arceus|spa|1\n|-boost|p1a: Arceus|spd|1\n|\n|-damage|p2a: Ho-Oh|81\/100 tox|[from] psn\n|upkeep\n|turn|30\n|\n|t:|1700141010\n|move|p1a: Arceus|Power Gem|p2a: Ho-Oh\n|-supereffective|p2a: Ho-Oh\n|-damage|p2a: Ho-Oh|17\/100 tox\n|move|p2a: Ho-Oh|Whirlwind|p1a: Arceus\n|drag|p1a: Kingambit|Kingambit, F|83\/100\n|-activate|p1a: Kingambit|ability: Supreme Overlord\n|-start|p1a: Kingambit|fallen1|[silent]\n|\n|-heal|p1a: Kingambit|90\/100|[from] item: Leftovers\n|-damage|p2a: Ho-Oh|5\/100 tox|[from] psn\n|upkeep\n|turn|31\n|inactive|Hayer has 120 seconds left.\n|\n|t:|1700141047\n|switch|p2a: Magearna|Magearna|100\/100\n|-damage|p2a: Magearna|94\/100|[from] Stealth Rock\n|-end|p1a: Kingambit|fallen1|[silent]\n|switch|p1a: Xerneas|Xerneas|83\/100\n|-ability|p1a: Xerneas|Fairy Aura\n|\n|-heal|p2a: Magearna|100\/100|[from] item: Leftovers\n|upkeep\n|turn|32\n|inactive|Hayer has 120 seconds left.\n|\n|t:|1700141057\n|switch|p1a: Necrozma|Necrozma-Dusk-Mane|100\/100\n|move|p2a: Magearna|Volt Switch|p1a: Necrozma\n|-damage|p1a: Necrozma|80\/100\n|\n|t:|1700141063\n|switch|p2a: Arceus|Arceus-Dark|51\/100 tox|[from] Volt Switch\n|-damage|p2a: Arceus|38\/100 tox|[from] Stealth Rock\n|\n|-damage|p2a: Arceus|32\/100 tox|[from] psn\n|upkeep\n|turn|33\n|\n|t:|1700141076\n|detailschange|p1a: Necrozma|Necrozma-Ultra\n|-burst|p1a: Necrozma|Necrozma|Ultranecrozium Z\n|move|p1a: Necrozma|Dragon Pulse|p2a: Arceus\n|-damage|p2a: Arceus|0 fnt\n|faint|p2a: Arceus\n|\n|upkeep\n|\n|t:|1700141083\n|switch|p2a: Magearna|Magearna|100\/100\n|-damage|p2a: Magearna|94\/100|[from] Stealth Rock\n|turn|34\n|\n|t:|1700141090\n|switch|p1a: Ho-Oh|Ho-Oh|100\/100\n|move|p2a: Magearna|Fleur Cannon|p1a: Ho-Oh\n|-resisted|p1a: Ho-Oh\n|-damage|p1a: Ho-Oh|84\/100\n|-unboost|p2a: Magearna|spa|2\n|\n|-heal|p2a: Magearna|100\/100|[from] item: Leftovers\n|upkeep\n|turn|35\n|\n|t:|1700141095\n|switch|p1a: Necrozma|Necrozma-Ultra|80\/100\n|move|p2a: Magearna|Heal Bell|p2a: Magearna\n|-activate|p2a: Magearna|move: Heal Bell\n|-curestatus|p2: Ho-Oh|tox|[msg]\n|-curestatus|p2: Zygarde|tox|[msg]\n|\n|upkeep\n|turn|36\n|\n|t:|1700141100\n|switch|p1a: Ho-Oh|Ho-Oh|100\/100\n|move|p2a: Magearna|Volt Switch|p1a: Ho-Oh\n|-supereffective|p1a: Ho-Oh\n|-damage|p1a: Ho-Oh|89\/100\n|\n|t:|1700141105\n|switch|p2a: Ho-Oh|Ho-Oh|38\/100|[from] Volt Switch\n|\n|upkeep\n|turn|37\n|\n|t:|1700141109\n|move|p1a: Ho-Oh|Toxic|p2a: Ho-Oh\n|-status|p2a: Ho-Oh|tox\n|move|p2a: Ho-Oh|Defog|p1a: Ho-Oh\n|-unboost|p1a: Ho-Oh|evasion|1\n|-sideend|p2: Szymszym134|Stealth Rock|[from] move: Defog|[of] p2a: Ho-Oh\n|\n|-damage|p2a: Ho-Oh|32\/100 tox|[from] psn\n|upkeep\n|turn|38\n|\n|t:|1700141113\n|switch|p2a: Garganacl|Garganacl, M|100\/100\n|move|p1a: Ho-Oh|Toxic|p2a: Garganacl\n|-immune|p2a: Garganacl|[from] ability: Purifying Salt\n|\n|upkeep\n|turn|39\n|\n|t:|1700141118\n|switch|p1a: Arceus|Arceus-Ground|84\/100\n|move|p2a: Garganacl|Salt Cure|p1a: Arceus\n|-resisted|p1a: Arceus\n|-damage|p1a: Arceus|80\/100\n|-start|p1a: Arceus|Salt Cure\n|\n|-damage|p1a: Arceus|68\/100|[from] Salt Cure\n|upkeep\n|turn|40\n|\n|t:|1700141123\n|switch|p2a: Ho-Oh|Ho-Oh|65\/100 tox\n|move|p1a: Arceus|Calm Mind|p1a: Arceus\n|-boost|p1a: Arceus|spa|1\n|-boost|p1a: Arceus|spd|1\n|\n|-damage|p2a: Ho-Oh|59\/100 tox|[from] psn\n|-damage|p1a: Arceus|55\/100|[from] Salt Cure\n|upkeep\n|turn|41\n|\n|t:|1700141131\n|switch|p2a: Zygarde|Zygarde|70\/100\n|move|p1a: Arceus|Recover|p1a: Arceus\n|-heal|p1a: Arceus|100\/100\n|\n|-heal|p2a: Zygarde|76\/100|[from] item: Leftovers\n|-damage|p1a: Arceus|88\/100|[from] Salt Cure\n|upkeep\n|turn|42\n|\n|t:|1700141137\n|switch|p2a: Magearna|Magearna|100\/100\n|move|p1a: Arceus|Judgment|p2a: Magearna\n|-supereffective|p2a: Magearna\n|-damage|p2a: Magearna|2\/100\n|\n|-heal|p2a: Magearna|8\/100|[from] item: Leftovers\n|-damage|p1a: Arceus|76\/100|[from] Salt Cure\n|upkeep\n|turn|43\n|\n|t:|1700141146\n|switch|p2a: Ho-Oh|Ho-Oh|93\/100 tox\n|move|p1a: Arceus|Power Gem|p2a: Ho-Oh\n|-supereffective|p2a: Ho-Oh\n|-damage|p2a: Ho-Oh|25\/100 tox\n|\n|-damage|p2a: Ho-Oh|19\/100 tox|[from] psn\n|-damage|p1a: Arceus|63\/100|[from] Salt Cure\n|upkeep\n|turn|44\n|\n|t:|1700141152\n|switch|p2a: Magearna|Magearna|8\/100\n|move|p1a: Arceus|Power Gem|p2a: Magearna\n|-resisted|p2a: Magearna\n|-damage|p2a: Magearna|0 fnt\n|faint|p2a: Magearna\n|\n|-damage|p1a: Arceus|51\/100|[from] Salt Cure\n|upkeep\n|\n|t:|1700141154\n|switch|p2a: Ditto|Ditto|100\/100\n|-transform|p2a: Ditto|p1a: Arceus|[from] ability: Imposter\n|turn|45\n|\n|t:|1700141158\n|switch|p1a: Ho-Oh|Ho-Oh|100\/100\n|move|p2a: Ditto|Judgment|p1a: Ho-Oh\n|-damage|p1a: Ho-Oh|77\/100\n|\n|upkeep\n|turn|46\n|\n|t:|1700141167\n|switch|p2a: Garganacl|Garganacl, M|100\/100\n|switch|p1a: Necrozma|Necrozma-Ultra|80\/100\n|\n|upkeep\n|turn|47\n|\n|t:|1700141177\n|move|p1a: Necrozma|Earth Power|p2a: Garganacl\n|-supereffective|p2a: Garganacl\n|-damage|p2a: Garganacl|23\/100\n|move|p2a: Garganacl|Salt Cure|p1a: Necrozma\n|-damage|p1a: Necrozma|65\/100\n|-start|p1a: Necrozma|Salt Cure\n|\n|-heal|p2a: Garganacl|29\/100|[from] item: Leftovers\n|-damage|p1a: Necrozma|53\/100|[from] Salt Cure\n|upkeep\n|turn|48\n|\n|t:|1700141185\n|move|p2a: Garganacl|Protect|p2a: Garganacl\n|-singleturn|p2a: Garganacl|Protect\n|move|p1a: Necrozma|Photon Geyser|p2a: Garganacl\n|-activate|p2a: Garganacl|move: Protect\n|\n|-heal|p2a: Garganacl|35\/100|[from] item: Leftovers\n|-damage|p1a: Necrozma|41\/100|[from] Salt Cure\n|upkeep\n|turn|49\n|\n|t:|1700141196\n|switch|p2a: Ho-Oh|Ho-Oh|52\/100 tox\n|move|p1a: Necrozma|Photon Geyser|p2a: Ho-Oh\n|-damage|p2a: Ho-Oh|19\/100 tox\n|\n|-damage|p2a: Ho-Oh|13\/100 tox|[from] psn\n|-damage|p1a: Necrozma|29\/100|[from] Salt Cure\n|upkeep\n|turn|50\n|\n|t:|1700141207\n|switch|p2a: Ditto|Ditto|100\/100\n|-transform|p2a: Ditto|p1a: Necrozma|[from] ability: Imposter\n|move|p1a: Necrozma|Dragon Pulse|p2a: Ditto\n|-supereffective|p2a: Ditto\n|-damage|p2a: Ditto|0 fnt\n|faint|p2a: Ditto\n|\n|-damage|p1a: Necrozma|16\/100|[from] Salt Cure\n|upkeep\n|\n|t:|1700141215\n|switch|p2a: Zygarde|Zygarde|76\/100\n|turn|51\n|\n|t:|1700141219\n|move|p2a: Zygarde|Extreme Speed|p1a: Necrozma\n|-damage|p1a: Necrozma|0 fnt\n|faint|p1a: Necrozma\n|\n|-heal|p2a: Zygarde|82\/100|[from] item: Leftovers\n|upkeep\n|\n|t:|1700141225\n|switch|p1a: Xerneas|Xerneas|83\/100\n|-ability|p1a: Xerneas|Fairy Aura\n|turn|52\n|\n|t:|1700141230\n|switch|p2a: Ho-Oh|Ho-Oh|46\/100 tox\n|move|p1a: Xerneas|Geomancy||[still]\n|-prepare|p1a: Xerneas|Geomancy\n|-enditem|p1a: Xerneas|Power Herb\n|-anim|p1a: Xerneas|Geomancy|p1a: Xerneas\n|-boost|p1a: Xerneas|spa|2\n|-boost|p1a: Xerneas|spd|2\n|-boost|p1a: Xerneas|spe|2\n|\n|-damage|p2a: Ho-Oh|40\/100 tox|[from] psn\n|upkeep\n|turn|53\n|\n|t:|1700141235\n|move|p1a: Xerneas|Moonblast|p2a: Ho-Oh\n|-resisted|p2a: Ho-Oh\n|-damage|p2a: Ho-Oh|2\/100 tox\n|move|p2a: Ho-Oh|Whirlwind|p1a: Xerneas\n|drag|p1a: Arceus|Arceus-Ground|51\/100\n|\n|-damage|p2a: Ho-Oh|0 fnt|[from] psn\n|faint|p2a: Ho-Oh\n|upkeep\n|c|\u2606Hayer|Gg\n|\n|t:|1700141240\n|switch|p2a: Zygarde|Zygarde|82\/100\n|turn|54\n|\n|t:|1700141257\n|move|p1a: Arceus|Calm Mind|p1a: Arceus\n|-boost|p1a: Arceus|spa|1\n|-boost|p1a: Arceus|spd|1\n|move|p2a: Zygarde|Coil|p2a: Zygarde\n|-boost|p2a: Zygarde|atk|1\n|-boost|p2a: Zygarde|def|1\n|-boost|p2a: Zygarde|accuracy|1\n|\n|-heal|p2a: Zygarde|88\/100|[from] item: Leftovers\n|upkeep\n|turn|55\n|\n|t:|1700141260\n|move|p1a: Arceus|Recover|p1a: Arceus\n|-heal|p1a: Arceus|100\/100\n|move|p2a: Zygarde|Coil|p2a: Zygarde\n|-boost|p2a: Zygarde|atk|1\n|-boost|p2a: Zygarde|def|1\n|-boost|p2a: Zygarde|accuracy|1\n|\n|-heal|p2a: Zygarde|94\/100|[from] item: Leftovers\n|upkeep\n|turn|56\n|\n|t:|1700141264\n|move|p1a: Arceus|Calm Mind|p1a: Arceus\n|-boost|p1a: Arceus|spa|1\n|-boost|p1a: Arceus|spd|1\n|move|p2a: Zygarde|Coil|p2a: Zygarde\n|-boost|p2a: Zygarde|atk|1\n|-boost|p2a: Zygarde|def|1\n|-boost|p2a: Zygarde|accuracy|1\n|\n|-heal|p2a: Zygarde|100\/100|[from] item: Leftovers\n|upkeep\n|turn|57\n|\n|t:|1700141266\n|move|p1a: Arceus|Calm Mind|p1a: Arceus\n|-boost|p1a: Arceus|spa|1\n|-boost|p1a: Arceus|spd|1\n|move|p2a: Zygarde|Thousand Arrows|p1a: Arceus\n|-damage|p1a: Arceus|64\/100\n|\n|upkeep\n|turn|58\n|\n|t:|1700141278\n|-terastallize|p2a: Zygarde|Normal\n|move|p2a: Zygarde|Extreme Speed|p1a: Arceus\n|-damage|p1a: Arceus|32\/100\n|move|p1a: Arceus|Judgment|p2a: Zygarde\n|-damage|p2a: Zygarde|16\/100\n|\n|-heal|p2a: Zygarde|22\/100|[from] item: Leftovers\n|-activate|p2a: Zygarde|ability: Power Construct\n|detailschange|p2a: Zygarde|Zygarde-Complete, tera:Normal\n|-heal|p2a: Zygarde|49\/100|[silent]\n|upkeep\n|turn|59\n|\n|t:|1700141288\n|move|p2a: Zygarde|Extreme Speed|p1a: Arceus\n|-damage|p1a: Arceus|0 fnt\n|faint|p1a: Arceus\n|\n|-heal|p2a: Zygarde|55\/100|[from] item: Leftovers\n|upkeep\n|\n|t:|1700141312\n|switch|p1a: Ho-Oh|Ho-Oh|100\/100\n|turn|60\n|\n|t:|1700141315\n|move|p1a: Ho-Oh|Sacred Fire|p2a: Zygarde|[miss]\n|-miss|p1a: Ho-Oh|p2a: Zygarde\n|move|p2a: Zygarde|Thousand Arrows|p1a: Ho-Oh\n|-damage|p1a: Ho-Oh|54\/100\n|-start|p1a: Ho-Oh|Smack Down\n|\n|-heal|p2a: Zygarde|61\/100|[from] item: Leftovers\n|upkeep\n|turn|61\n|c|\u2606Hayer|XDDDD\n|c|\u2606Szymszym134|XDD\n|c|\u2606Hayer|japierdole jak mo\u017cna mie\u0107 takie rng\n|\n|t:|1700141337\n|move|p1a: Ho-Oh|Sacred Fire|p2a: Zygarde\n|-damage|p2a: Zygarde|54\/100\n|-status|p2a: Zygarde|brn\n|move|p2a: Zygarde|Thousand Arrows|p1a: Ho-Oh\n|-supereffective|p1a: Ho-Oh\n|-damage|p1a: Ho-Oh|0 fnt\n|faint|p1a: Ho-Oh\n|\n|-heal|p2a: Zygarde|60\/100 brn|[from] item: Leftovers\n|-damage|p2a: Zygarde|54\/100 brn|[from] brn\n|upkeep\n|\n|t:|1700141346\n|switch|p1a: Xerneas|Xerneas|83\/100\n|-ability|p1a: Xerneas|Fairy Aura\n|turn|62\n|\n|t:|1700141350\n|move|p2a: Zygarde|Extreme Speed|p1a: Xerneas\n|-crit|p1a: Xerneas\n|-damage|p1a: Xerneas|39\/100\n|move|p1a: Xerneas|Moonblast|p2a: Zygarde\n|-damage|p2a: Zygarde|28\/100 brn\n|-unboost|p2a: Zygarde|spa|1\n|\n|-heal|p2a: Zygarde|34\/100 brn|[from] item: Leftovers\n|-damage|p2a: Zygarde|28\/100 brn|[from] brn\n|upkeep\n|turn|63\n|\n|t:|1700141356\n|move|p2a: Zygarde|Extreme Speed|p1a: Xerneas\n|-damage|p1a: Xerneas|10\/100\n|move|p1a: Xerneas|Moonblast|p2a: Zygarde\n|-damage|p2a: Zygarde|1\/100 brn\n|\n|-heal|p2a: Zygarde|7\/100 brn|[from] item: Leftovers\n|-damage|p2a: Zygarde|1\/100 brn|[from] brn\n|upkeep\n|turn|64\n|\n|t:|1700141360\n|move|p2a: Zygarde|Extreme Speed|p1a: Xerneas\n|-damage|p1a: Xerneas|0 fnt\n|faint|p1a: Xerneas\n|\n|-heal|p2a: Zygarde|7\/100 brn|[from] item: Leftovers\n|-damage|p2a: Zygarde|1\/100 brn|[from] brn\n|upkeep\n|\n|t:|1700141365\n|switch|p1a: Kingambit|Kingambit, F|90\/100\n|-activate|p1a: Kingambit|ability: Supreme Overlord\n|-start|p1a: Kingambit|fallen5|[silent]\n|turn|65\n|\n|t:|1700141371\n|-terastallize|p1a: Kingambit|Ghost\n|move|p2a: Zygarde|Rest|p2a: Zygarde\n|-status|p2a: Zygarde|slp|[from] move: Rest\n|-heal|p2a: Zygarde|100\/100 slp|[silent]\n|move|p1a: Kingambit|Kowtow Cleave|p2a: Zygarde\n|-damage|p2a: Zygarde|89\/100 slp\n|\n|-heal|p2a: Zygarde|95\/100 slp|[from] item: Leftovers\n|-heal|p1a: Kingambit|96\/100|[from] item: Leftovers\n|upkeep\n|turn|66\n|\n|t:|1700141381\n|cant|p2a: Zygarde|slp\n|move|p1a: Kingambit|Swords Dance|p1a: Kingambit\n|-boost|p1a: Kingambit|atk|2\n|\n|-heal|p2a: Zygarde|100\/100 slp|[from] item: Leftovers\n|-heal|p1a: Kingambit|100\/100|[from] item: Leftovers\n|upkeep\n|turn|67\n|\n|t:|1700141383\n|cant|p2a: Zygarde|slp\n|move|p1a: Kingambit|Swords Dance|p1a: Kingambit\n|-boost|p1a: Kingambit|atk|2\n|\n|upkeep\n|turn|68\n|\n|t:|1700141390\n|-curestatus|p2a: Zygarde|slp|[msg]\n|move|p2a: Zygarde|Thousand Arrows|p1a: Kingambit\n|-damage|p1a: Kingambit|46\/100\n|move|p1a: Kingambit|Swords Dance|p1a: Kingambit\n|-boost|p1a: Kingambit|atk|2\n|\n|-heal|p1a: Kingambit|52\/100|[from] item: Leftovers\n|upkeep\n|turn|69\n|\n|t:|1700141397\n|move|p1a: Kingambit|Sucker Punch||[still]\n|-fail|p1a: Kingambit\n|move|p2a: Zygarde|Coil|p2a: Zygarde\n|-boost|p2a: Zygarde|atk|1\n|-boost|p2a: Zygarde|def|1\n|-boost|p2a: Zygarde|accuracy|1\n|\n|-heal|p1a: Kingambit|59\/100|[from] item: Leftovers\n|upkeep\n|turn|70\n|\n|t:|1700141402\n|move|p2a: Zygarde|Thousand Arrows|p1a: Kingambit\n|-damage|p1a: Kingambit|0 fnt\n|faint|p1a: Kingambit\n|-end|p1a: Kingambit|fallen5|[silent]\n|\n|win|Szymszym134\n|raw|Hayer's rating: 1681 &rarr; <strong>1660<\/strong><br \/>(-21 for losing)\n|raw|Szymszym134's rating: 1664 &rarr; <strong>1685<\/strong><br \/>(+21 for winning)\n|l|\u2606Hayer\n|c|\u2606Szymszym134|GG moje rng wygralo\n","uploadtime":1700141419,"views":23,"p1id":"hayer","p2id":"szymszym134","formatid":"gen9nationaldexubers","rating":1660,"private":0,"password":""}