{"id":"gen9nationaldexubers-1995104293","p1":"JustMonika_CARR","p2":"GaoMayo","format":"[Gen 9] National Dex Ubers","log":"|j|\u2606JustMonika_CARR\n|j|\u2606GaoMayo\n|t:|1700523005\n|gametype|singles\n|player|p1|JustMonika_CARR|dawn|1396\n|player|p2|GaoMayo|skyla|1572\n|teamsize|p1|6\n|teamsize|p2|6\n|gen|9\n|tier|[Gen 9] National Dex Ubers\n|rated|\n|rule|HP Percentage Mod: HP is shown in percentages\n|rule|Endless Battle Clause: Forcing endless battles is banned\n|rule|OHKO Clause: OHKO moves are banned\n|rule|Evasion Moves Clause: Evasion moves are banned\n|rule|Evasion Items Clause: Evasion items are banned\n|rule|Species Clause: Limit one of each Pok\u00e9mon\n|rule|Sleep Clause Mod: Limit one foe put to sleep\n|rule|Mega Rayquaza Clause: You cannot mega evolve Rayquaza\n|clearpoke\n|poke|p1|Shuckle, M|\n|poke|p1|Deoxys-Speed|\n|poke|p1|Arceus|\n|poke|p1|Forretress, F|\n|poke|p1|Magearna|\n|poke|p1|Pyukumuku, F|\n|poke|p2|Necrozma-Dusk-Mane|\n|poke|p2|Groudon|\n|poke|p2|Zacian-*|\n|poke|p2|Yveltal|\n|poke|p2|Marshadow|\n|poke|p2|Ho-Oh|\n|teampreview\n|\n|t:|1700523017\n|start\n|switch|p1a: Forretress|Forretress, F, shiny|100\/100\n|switch|p2a: Marbled Gohma|Groudon, shiny|100\/100\n|detailschange|p2a: Marbled Gohma|Groudon-Primal, shiny\n|-primal|p2a: Marbled Gohma|Red Orb\n|-weather|DesolateLand|[from] ability: Desolate Land|[of] p2a: Marbled Gohma\n|turn|1\n|\n|t:|1700523026\n|-terastallize|p1a: Forretress|Dragon\n|move|p2a: Marbled Gohma|Precipice Blades|p1a: Forretress\n|-damage|p1a: Forretress|39\/100\n|-enditem|p1a: Forretress|Red Card|[of] p2a: Marbled Gohma\n|-weather|none\n|drag|p2a: Folgo|Zacian-Crowned, shiny|100\/100\n|-ability|p2a: Folgo|Intrepid Sword|boost\n|-boost|p2a: Folgo|atk|1\n|move|p1a: Forretress|Toxic Spikes|p2a: Folgo\n|-sidestart|p2: GaoMayo|move: Toxic Spikes\n|\n|upkeep\n|turn|2\n|\n|t:|1700523042\n|move|p2a: Folgo|Behemoth Blade|p1a: Forretress\n|-damage|p1a: Forretress|0 fnt\n|faint|p1a: Forretress\n|\n|upkeep\n|\n|t:|1700523048\n|switch|p1a: Deoxys|Deoxys-Speed, shiny|100\/100\n|-ability|p1a: Deoxys|Pressure\n|turn|3\n|\n|t:|1700523052\n|move|p1a: Deoxys|Reflect|p1a: Deoxys\n|-sidestart|p1: JustMonika_CARR|Reflect\n|move|p2a: Folgo|Behemoth Blade|p1a: Deoxys\n|-damage|p1a: Deoxys|44\/100\n|\n|upkeep\n|turn|4\n|\n|t:|1700523058\n|move|p1a: Deoxys|Mud-Slap|p2a: Folgo\n|-supereffective|p2a: Folgo\n|-damage|p2a: Folgo|92\/100\n|-unboost|p2a: Folgo|accuracy|1\n|move|p2a: Folgo|Behemoth Blade|p1a: Deoxys\n|-damage|p1a: Deoxys|0 fnt\n|faint|p1a: Deoxys\n|\n|upkeep\n|\n|t:|1700523066\n|switch|p1a: Arceus|Arceus|100\/100\n|turn|5\n|\n|t:|1700523073\n|-terastallize|p2a: Folgo|Fighting\n|move|p2a: Folgo|Close Combat|p1a: Arceus|[miss]\n|-miss|p2a: Folgo|p1a: Arceus\n|move|p1a: Arceus|Cosmic Power|p1a: Arceus\n|-boost|p1a: Arceus|def|1\n|-boost|p1a: Arceus|spd|1\n|\n|upkeep\n|turn|6\n|\n|t:|1700523079\n|move|p2a: Folgo|Close Combat|p1a: Arceus|[miss]\n|-miss|p2a: Folgo|p1a: Arceus\n|move|p1a: Arceus|Cosmic Power|p1a: Arceus\n|-boost|p1a: Arceus|def|1\n|-boost|p1a: Arceus|spd|1\n|\n|upkeep\n|turn|7\n|\n|t:|1700523081\n|move|p2a: Folgo|Swords Dance|p2a: Folgo\n|-boost|p2a: Folgo|atk|2\n|move|p1a: Arceus|Cosmic Power|p1a: Arceus\n|-boost|p1a: Arceus|def|1\n|-boost|p1a: Arceus|spd|1\n|\n|upkeep\n|turn|8\n|\n|t:|1700523084\n|move|p2a: Folgo|Swords Dance|p2a: Folgo\n|-boost|p2a: Folgo|atk|2\n|move|p1a: Arceus|Cosmic Power|p1a: Arceus\n|-boost|p1a: Arceus|def|1\n|-boost|p1a: Arceus|spd|1\n|\n|upkeep\n|turn|9\n|\n|t:|1700523088\n|move|p2a: Folgo|Close Combat|p1a: Arceus|[miss]\n|-miss|p2a: Folgo|p1a: Arceus\n|move|p1a: Arceus|Stored Power|p2a: Folgo\n|-supereffective|p2a: Folgo\n|-damage|p2a: Folgo|3\/100\n|\n|upkeep\n|turn|10\n|\n|t:|1700523095\n|move|p2a: Folgo|Close Combat|p1a: Arceus|[miss]\n|-miss|p2a: Folgo|p1a: Arceus\n|move|p1a: Arceus|Charge Beam|p2a: Folgo\n|-damage|p2a: Folgo|0 fnt\n|faint|p2a: Folgo\n|\n|-sideend|p1: JustMonika_CARR|Reflect\n|upkeep\n|\n|t:|1700523101\n|switch|p2a: Granguignol|Ho-Oh|100\/100\n|turn|11\n|\n|t:|1700523106\n|move|p1a: Arceus|Charge Beam|p2a: Granguignol\n|-supereffective|p2a: Granguignol\n|-damage|p2a: Granguignol|85\/100\n|move|p2a: Granguignol|Defog|p1a: Arceus\n|-unboost|p1a: Arceus|evasion|1\n|-sideend|p2: GaoMayo|Toxic Spikes|[from] move: Defog|[of] p2a: Granguignol\n|\n|upkeep\n|turn|12\n|\n|t:|1700523113\n|move|p1a: Arceus|Charge Beam|p2a: Granguignol\n|-supereffective|p2a: Granguignol\n|-damage|p2a: Granguignol|69\/100\n|-boost|p1a: Arceus|spa|1\n|move|p2a: Granguignol|Sacred Fire|p1a: Arceus\n|-damage|p1a: Arceus|92\/100\n|-status|p1a: Arceus|brn\n|\n|-damage|p1a: Arceus|86\/100 brn|[from] brn\n|upkeep\n|turn|13\n|\n|t:|1700523123\n|move|p1a: Arceus|Cosmic Power|p1a: Arceus\n|-boost|p1a: Arceus|def|1\n|-boost|p1a: Arceus|spd|1\n|move|p2a: Granguignol|Brave Bird|p1a: Arceus\n|-damage|p1a: Arceus|78\/100 brn\n|-damage|p2a: Granguignol|66\/100|[from] Recoil\n|\n|-damage|p1a: Arceus|72\/100 brn|[from] brn\n|upkeep\n|turn|14\n|\n|t:|1700523127\n|move|p1a: Arceus|Cosmic Power|p1a: Arceus\n|-boost|p1a: Arceus|def|1\n|-boost|p1a: Arceus|spd|1\n|move|p2a: Granguignol|Brave Bird|p1a: Arceus\n|-damage|p1a: Arceus|64\/100 brn\n|-damage|p2a: Granguignol|63\/100|[from] Recoil\n|\n|-damage|p1a: Arceus|57\/100 brn|[from] brn\n|upkeep\n|turn|15\n|\n|t:|1700523134\n|move|p1a: Arceus|Stored Power|p2a: Granguignol\n|-damage|p2a: Granguignol|6\/100\n|move|p2a: Granguignol|Brave Bird|p1a: Arceus\n|-damage|p1a: Arceus|49\/100 brn\n|-damage|p2a: Granguignol|3\/100|[from] Recoil\n|\n|-damage|p1a: Arceus|43\/100 brn|[from] brn\n|upkeep\n|turn|16\n|\n|t:|1700523140\n|move|p1a: Arceus|Charge Beam|p2a: Granguignol\n|-supereffective|p2a: Granguignol\n|-damage|p2a: Granguignol|0 fnt\n|faint|p2a: Granguignol\n|\n|-damage|p1a: Arceus|37\/100 brn|[from] brn\n|upkeep\n|\n|t:|1700523142\n|switch|p2a: Morpho Knight|Marshadow|100\/100\n|turn|17\n|\n|t:|1700523147\n|move|p2a: Morpho Knight|Close Combat|p1a: Arceus\n|-supereffective|p1a: Arceus\n|-damage|p1a: Arceus|18\/100 brn\n|-unboost|p2a: Morpho Knight|def|1\n|-unboost|p2a: Morpho Knight|spd|1\n|move|p1a: Arceus|Rest|p1a: Arceus\n|-status|p1a: Arceus|slp|[from] move: Rest\n|-heal|p1a: Arceus|100\/100 slp|[silent]\n|-enditem|p1a: Arceus|Chesto Berry|[eat]\n|-curestatus|p1a: Arceus|slp|[msg]\n|\n|upkeep\n|turn|18\n|\n|t:|1700523155\n|move|p2a: Morpho Knight|Close Combat|p1a: Arceus\n|-supereffective|p1a: Arceus\n|-damage|p1a: Arceus|84\/100\n|-unboost|p2a: Morpho Knight|def|1\n|-unboost|p2a: Morpho Knight|spd|1\n|move|p1a: Arceus|Charge Beam|p2a: Morpho Knight|[miss]\n|-miss|p1a: Arceus|p2a: Morpho Knight\n|\n|upkeep\n|turn|19\n|\n|t:|1700523163\n|move|p2a: Morpho Knight|Close Combat|p1a: Arceus\n|-supereffective|p1a: Arceus\n|-damage|p1a: Arceus|67\/100\n|-unboost|p2a: Morpho Knight|def|1\n|-unboost|p2a: Morpho Knight|spd|1\n|move|p1a: Arceus|Charge Beam|p2a: Morpho Knight\n|-damage|p2a: Morpho Knight|40\/100\n|-boost|p1a: Arceus|spa|1\n|\n|upkeep\n|turn|20\n|\n|t:|1700523168\n|move|p2a: Morpho Knight|Close Combat|p1a: Arceus\n|-supereffective|p1a: Arceus\n|-damage|p1a: Arceus|50\/100\n|-unboost|p2a: Morpho Knight|def|1\n|-unboost|p2a: Morpho Knight|spd|1\n|move|p1a: Arceus|Charge Beam|p2a: Morpho Knight\n|-damage|p2a: Morpho Knight|0 fnt\n|-boost|p1a: Arceus|spa|1\n|faint|p2a: Morpho Knight\n|\n|upkeep\n|\n|t:|1700523179\n|switch|p2a: Marbled Gohma|Groudon-Primal, shiny|100\/100\n|-weather|DesolateLand|[from] ability: Desolate Land|[of] p2a: Marbled Gohma\n|turn|21\n|\n|t:|1700523184\n|move|p1a: Arceus|Stored Power|p2a: Marbled Gohma\n|-damage|p2a: Marbled Gohma|0 fnt\n|faint|p2a: Marbled Gohma\n|-weather|none\n|\n|upkeep\n|\n|t:|1700523187\n|switch|p2a: Helmaroc king|Yveltal, shiny|100\/100\n|-ability|p2a: Helmaroc king|Dark Aura\n|turn|22\n|\n|t:|1700523196\n|move|p1a: Arceus|Charge Beam|p2a: Helmaroc king\n|-supereffective|p2a: Helmaroc king\n|-damage|p2a: Helmaroc king|46\/100\n|move|p2a: Helmaroc king|Taunt|p1a: Arceus\n|-start|p1a: Arceus|move: Taunt\n|\n|upkeep\n|turn|23\n|c|\u2606GaoMayo|Your team is so fuckin cringe bro\n|\n|t:|1700523209\n|move|p2a: Helmaroc king|Sucker Punch|p1a: Arceus\n|-damage|p1a: Arceus|44\/100\n|move|p1a: Arceus|Charge Beam|p2a: Helmaroc king\n|-supereffective|p2a: Helmaroc king\n|-damage|p2a: Helmaroc king|0 fnt\n|-boost|p1a: Arceus|spa|1\n|faint|p2a: Helmaroc king\n|\n|upkeep\n|\n|t:|1700523214\n|switch|p2a: Chaos Elfilis|Necrozma-Dusk-Mane, shiny|100\/100\n|turn|24\n|\n|t:|1700523222\n|move|p1a: Arceus|Charge Beam|p2a: Chaos Elfilis\n|-damage|p2a: Chaos Elfilis|55\/100\n|move|p2a: Chaos Elfilis|Sunsteel Strike|p1a: Arceus\n|-damage|p1a: Arceus|35\/100\n|\n|upkeep\n|turn|25\n|\n|t:|1700523231\n|detailschange|p2a: Chaos Elfilis|Necrozma-Ultra, shiny\n|-burst|p2a: Chaos Elfilis|Necrozma|Ultranecrozium Z\n|move|p2a: Chaos Elfilis|Photon Geyser|p1a: Arceus\n|-damage|p1a: Arceus|25\/100\n|move|p1a: Arceus|Charge Beam|p2a: Chaos Elfilis\n|-resisted|p2a: Chaos Elfilis\n|-damage|p2a: Chaos Elfilis|30\/100\n|-boost|p1a: Arceus|spa|1\n|\n|-end|p1a: Arceus|move: Taunt\n|upkeep\n|turn|26\n|\n|t:|1700523240\n|-zpower|p2a: Chaos Elfilis\n|move|p2a: Chaos Elfilis|Light That Burns the Sky|p1a: Arceus|[zeffect]\n|-damage|p1a: Arceus|7\/100\n|move|p1a: Arceus|Rest|p1a: Arceus\n|-status|p1a: Arceus|slp|[from] move: Rest\n|-heal|p1a: Arceus|100\/100 slp|[silent]\n|\n|upkeep\n|turn|27\n|\n|t:|1700523248\n|move|p2a: Chaos Elfilis|Dragon Dance|p2a: Chaos Elfilis\n|-boost|p2a: Chaos Elfilis|atk|1\n|-boost|p2a: Chaos Elfilis|spe|1\n|cant|p1a: Arceus|slp\n|\n|upkeep\n|turn|28\n|inactive|Battle timer is ON: inactive players will automatically lose when time's up. (requested by JustMonika_CARR)\n|\n|t:|1700523253\n|move|p2a: Chaos Elfilis|Dragon Dance|p2a: Chaos Elfilis\n|-boost|p2a: Chaos Elfilis|atk|1\n|-boost|p2a: Chaos Elfilis|spe|1\n|cant|p1a: Arceus|slp\n|\n|upkeep\n|turn|29\n|\n|t:|1700523256\n|move|p2a: Chaos Elfilis|Dragon Dance|p2a: Chaos Elfilis\n|-boost|p2a: Chaos Elfilis|atk|1\n|-boost|p2a: Chaos Elfilis|spe|1\n|-curestatus|p1a: Arceus|slp|[msg]\n|move|p1a: Arceus|Stored Power|p2a: Chaos Elfilis\n|-resisted|p2a: Chaos Elfilis\n|-damage|p2a: Chaos Elfilis|0 fnt\n|faint|p2a: Chaos Elfilis\n|\n|win|JustMonika_CARR\n|raw|JustMonika_CARR's rating: 1396 &rarr; <strong>1425<\/strong><br \/>(+29 for winning)\n|raw|GaoMayo's rating: 1572 &rarr; <strong>1543<\/strong><br \/>(-29 for losing)\n|l|\u2606GaoMayo\n","uploadtime":1700523267,"views":1,"p1id":"justmonikacarr","p2id":"gaomayo","formatid":"gen9nationaldexubers","rating":1425,"private":0,"password":""}