{"id":"gen9nationaldexubers-1980804847","p1":"EpicGamer069420","p2":"BlackStar150520","format":"[Gen 9] National Dex Ubers","log":"|j|\u2606EpicGamer069420\n|j|\u2606BlackStar150520\n|t:|1698836034\n|gametype|singles\n|player|p1|EpicGamer069420|lucas|1681\n|player|p2|BlackStar150520|unknown|1840\n|teamsize|p1|6\n|teamsize|p2|6\n|gen|9\n|tier|[Gen 9] National Dex Ubers\n|rated|\n|rule|HP Percentage Mod: HP is shown in percentages\n|rule|Endless Battle Clause: Forcing endless battles is banned\n|rule|OHKO Clause: OHKO moves are banned\n|rule|Evasion Moves Clause: Evasion moves are banned\n|rule|Evasion Items Clause: Evasion items are banned\n|rule|Species Clause: Limit one of each Pok\u00e9mon\n|rule|Sleep Clause Mod: Limit one foe put to sleep\n|rule|Mega Rayquaza Clause: You cannot mega evolve Rayquaza\n|clearpoke\n|poke|p1|Heatran, M|\n|poke|p1|Necrozma-Dusk-Mane|\n|poke|p1|Xerneas-*|\n|poke|p1|Groudon|\n|poke|p1|Lugia|\n|poke|p1|Arceus-Ground|\n|poke|p2|Ditto|\n|poke|p2|Kingambit, M|\n|poke|p2|Arceus-Dark|\n|poke|p2|Eternatus|\n|poke|p2|Skeledirge, F|\n|poke|p2|Rayquaza|\n|teampreview\n|inactive|Battle timer is ON: inactive players will automatically lose when time's up. (requested by BlackStar150520)\n|inactive|EpicGamer069420 also wants the timer to be on.\n|\n|t:|1698836052\n|start\n|switch|p1a: Necrozma|Necrozma-Dusk-Mane|100\/100\n|switch|p2a: Rayquaza|Rayquaza|100\/100\n|-ability|p2a: Rayquaza|Air Lock\n|turn|1\n|\n|t:|1698836068\n|move|p2a: Rayquaza|Stealth Rock|p1a: Necrozma\n|-sidestart|p1: EpicGamer069420|move: Stealth Rock\n|move|p1a: Necrozma|Toxic|p2a: Rayquaza\n|-status|p2a: Rayquaza|tox\n|\n|-damage|p2a: Rayquaza|95\/100 tox|[from] psn\n|upkeep\n|turn|2\n|\n|t:|1698836075\n|switch|p2a: Arceus|Arceus-Dark|100\/100\n|move|p1a: Necrozma|Knock Off|p2a: Arceus\n|-resisted|p2a: Arceus\n|-crit|p2a: Arceus\n|-damage|p2a: Arceus|90\/100\n|\n|upkeep\n|turn|3\n|\n|t:|1698836084\n|move|p2a: Arceus|Taunt|p1a: Necrozma\n|-start|p1a: Necrozma|move: Taunt\n|cant|p1a: Necrozma|move: Taunt|Toxic\n|\n|upkeep\n|turn|4\n|\n|t:|1698836091\n|switch|p1a: Heatran|Heatran, M|100\/100\n|-damage|p1a: Heatran|88\/100|[from] Stealth Rock\n|-item|p1a: Heatran|Air Balloon\n|move|p2a: Arceus|Foul Play|p1a: Heatran\n|-damage|p1a: Heatran|62\/100\n|-enditem|p1a: Heatran|Air Balloon\n|\n|upkeep\n|turn|5\n|\n|t:|1698836099\n|move|p2a: Arceus|Taunt|p1a: Heatran\n|-start|p1a: Heatran|move: Taunt\n|move|p1a: Heatran|Magma Storm|p2a: Arceus|[miss]\n|-miss|p1a: Heatran|p2a: Arceus\n|\n|upkeep\n|turn|6\n|\n|t:|1698836109\n|switch|p1a: Xerneas|Xerneas|100\/100\n|-damage|p1a: Xerneas|88\/100|[from] Stealth Rock\n|-ability|p1a: Xerneas|Fairy Aura\n|move|p2a: Arceus|Foul Play|p1a: Xerneas\n|-resisted|p1a: Xerneas\n|-damage|p1a: Xerneas|77\/100\n|\n|-heal|p1a: Xerneas|83\/100|[from] item: Leftovers\n|upkeep\n|turn|7\n|\n|t:|1698836112\n|switch|p2a: Skeledirge|Skeledirge, F|100\/100\n|move|p1a: Xerneas|Moonblast|p2a: Skeledirge\n|-resisted|p2a: Skeledirge\n|-damage|p2a: Skeledirge|82\/100\n|-unboost|p2a: Skeledirge|spa|1\n|\n|-heal|p1a: Xerneas|89\/100|[from] item: Leftovers\n|upkeep\n|turn|8\n|\n|t:|1698836127\n|switch|p1a: Arceus|Arceus-Ground|100\/100\n|-damage|p1a: Arceus|94\/100|[from] Stealth Rock\n|switch|p2a: Eternatus|Eternatus|100\/100\n|-ability|p2a: Eternatus|Pressure\n|\n|upkeep\n|turn|9\n|\n|t:|1698836133\n|switch|p2a: Rayquaza|Rayquaza|95\/100 tox\n|-ability|p2a: Rayquaza|Air Lock\n|move|p1a: Arceus|Judgment|p2a: Rayquaza\n|-immune|p2a: Rayquaza\n|\n|-damage|p2a: Rayquaza|89\/100 tox|[from] psn\n|upkeep\n|turn|10\n|\n|t:|1698836137\n|move|p1a: Arceus|Ice Beam|p2a: Rayquaza\n|-supereffective|p2a: Rayquaza\n|-damage|p2a: Rayquaza|0 fnt\n|faint|p2a: Rayquaza\n|\n|upkeep\n|\n|t:|1698836140\n|switch|p2a: Arceus|Arceus-Dark|90\/100\n|turn|11\n|\n|t:|1698836147\n|switch|p1a: Xerneas|Xerneas|89\/100\n|-damage|p1a: Xerneas|76\/100|[from] Stealth Rock\n|-ability|p1a: Xerneas|Fairy Aura\n|move|p2a: Arceus|Toxic|p1a: Xerneas\n|-status|p1a: Xerneas|tox\n|\n|-heal|p1a: Xerneas|83\/100 tox|[from] item: Leftovers\n|-damage|p1a: Xerneas|76\/100 tox|[from] psn\n|upkeep\n|turn|12\n|\n|t:|1698836156\n|switch|p2a: Skeledirge|Skeledirge, F|82\/100\n|move|p1a: Xerneas|Aromatherapy|p1a: Xerneas\n|-activate|p1a: Xerneas|move: Aromatherapy\n|-curestatus|p1a: Xerneas|tox|[msg]\n|\n|-heal|p1a: Xerneas|83\/100|[from] item: Leftovers\n|upkeep\n|turn|13\n|\n|t:|1698836166\n|switch|p1a: Lugia|Lugia|100\/100\n|move|p2a: Skeledirge|Torch Song|p1a: Lugia\n|-damage|p1a: Lugia|92\/100\n|-boost|p2a: Skeledirge|spa|1\n|\n|upkeep\n|turn|14\n|\n|t:|1698836171\n|move|p1a: Lugia|Toxic|p2a: Skeledirge\n|-status|p2a: Skeledirge|tox\n|move|p2a: Skeledirge|Will-O-Wisp|p1a: Lugia\n|-status|p1a: Lugia|brn\n|\n|-damage|p2a: Skeledirge|75\/100 tox|[from] psn\n|-damage|p1a: Lugia|85\/100 brn|[from] brn\n|upkeep\n|turn|15\n|\n|t:|1698836174\n|move|p1a: Lugia|Defog|p2a: Skeledirge\n|-unboost|p2a: Skeledirge|evasion|1\n|-sideend|p1: EpicGamer069420|Stealth Rock|[from] move: Defog|[of] p1a: Lugia\n|move|p2a: Skeledirge|Hex|p1a: Lugia\n|-supereffective|p1a: Lugia\n|-damage|p1a: Lugia|7\/100 brn\n|\n|-damage|p2a: Skeledirge|63\/100 tox|[from] psn\n|-damage|p1a: Lugia|1\/100 brn|[from] brn\n|upkeep\n|turn|16\n|\n|t:|1698836183\n|switch|p1a: Arceus|Arceus-Ground|94\/100\n|move|p2a: Skeledirge|Hex|p1a: Arceus\n|-damage|p1a: Arceus|70\/100\n|\n|-damage|p2a: Skeledirge|45\/100 tox|[from] psn\n|upkeep\n|turn|17\n|\n|t:|1698836189\n|switch|p2a: Arceus|Arceus-Dark|90\/100\n|move|p1a: Arceus|Judgment|p2a: Arceus\n|-damage|p2a: Arceus|57\/100\n|\n|upkeep\n|turn|18\n|\n|t:|1698836192\n|switch|p1a: Xerneas|Xerneas|83\/100\n|-ability|p1a: Xerneas|Fairy Aura\n|move|p2a: Arceus|Recover|p2a: Arceus\n|-heal|p2a: Arceus|100\/100\n|\n|-heal|p1a: Xerneas|89\/100|[from] item: Leftovers\n|upkeep\n|turn|19\n|\n|t:|1698836195\n|switch|p2a: Ditto|Ditto, shiny|100\/100\n|-transform|p2a: Ditto|p1a: Xerneas|[from] ability: Imposter\n|-ability|p2a: Ditto|Fairy Aura\n|move|p1a: Xerneas|Aromatherapy|p1a: Xerneas\n|-activate|p1a: Xerneas|move: Aromatherapy\n|-curestatus|p1: Lugia|brn|[msg]\n|\n|-heal|p1a: Xerneas|95\/100|[from] item: Leftovers\n|upkeep\n|turn|20\n|\n|t:|1698836201\n|move|p2a: Ditto|Aromatherapy|p2a: Ditto\n|-activate|p2a: Ditto|move: Aromatherapy\n|-curestatus|p2: Skeledirge|tox|[msg]\n|move|p1a: Xerneas|Moonblast|p2a: Ditto\n|-damage|p2a: Ditto|36\/100\n|\n|-heal|p1a: Xerneas|100\/100|[from] item: Leftovers\n|upkeep\n|turn|21\n|\n|t:|1698836209\n|switch|p2a: Skeledirge|Skeledirge, F|45\/100\n|switch|p1a: Lugia|Lugia|1\/100\n|\n|upkeep\n|turn|22\n|\n|t:|1698836215\n|move|p1a: Lugia|Roost|p1a: Lugia\n|-heal|p1a: Lugia|51\/100\n|-singleturn|p1a: Lugia|move: Roost\n|move|p2a: Skeledirge|Hex|p1a: Lugia\n|-supereffective|p1a: Lugia\n|-damage|p1a: Lugia|22\/100\n|\n|upkeep\n|turn|23\n|\n|t:|1698836219\n|move|p1a: Lugia|Roost|p1a: Lugia\n|-heal|p1a: Lugia|72\/100\n|-singleturn|p1a: Lugia|move: Roost\n|move|p2a: Skeledirge|Will-O-Wisp|p1a: Lugia\n|-status|p1a: Lugia|brn\n|\n|-damage|p1a: Lugia|66\/100 brn|[from] brn\n|upkeep\n|turn|24\n|\n|t:|1698836224\n|switch|p1a: Xerneas|Xerneas|100\/100\n|-ability|p1a: Xerneas|Fairy Aura\n|move|p2a: Skeledirge|Hex|p1a: Xerneas\n|-damage|p1a: Xerneas|81\/100\n|\n|-heal|p1a: Xerneas|87\/100|[from] item: Leftovers\n|upkeep\n|turn|25\n|\n|t:|1698836227\n|move|p1a: Xerneas|Aromatherapy|p1a: Xerneas\n|-activate|p1a: Xerneas|move: Aromatherapy\n|-curestatus|p1: Lugia|brn|[msg]\n|move|p2a: Skeledirge|Slack Off|p2a: Skeledirge\n|-heal|p2a: Skeledirge|95\/100\n|\n|-heal|p1a: Xerneas|93\/100|[from] item: Leftovers\n|upkeep\n|turn|26\n|\n|t:|1698836235\n|switch|p1a: Heatran|Heatran, M|62\/100\n|move|p2a: Skeledirge|Will-O-Wisp|p1a: Heatran\n|-start|p1a: Heatran|ability: Flash Fire\n|\n|upkeep\n|turn|27\n|\n|t:|1698836248\n|switch|p2a: Ditto|Ditto, shiny|36\/100\n|-transform|p2a: Ditto|p1a: Heatran|[from] ability: Imposter\n|move|p1a: Heatran|Earth Power|p2a: Ditto\n|-supereffective|p2a: Ditto\n|-damage|p2a: Ditto|0 fnt\n|faint|p2a: Ditto\n|\n|upkeep\n|\n|t:|1698836251\n|switch|p2a: Arceus|Arceus-Dark|100\/100\n|turn|28\n|\n|t:|1698836255\n|-end|p1a: Heatran|ability: Flash Fire|[silent]\n|switch|p1a: Xerneas|Xerneas|93\/100\n|-ability|p1a: Xerneas|Fairy Aura\n|move|p2a: Arceus|Toxic|p1a: Xerneas\n|-status|p1a: Xerneas|tox\n|\n|-heal|p1a: Xerneas|99\/100 tox|[from] item: Leftovers\n|-damage|p1a: Xerneas|93\/100 tox|[from] psn\n|upkeep\n|turn|29\n|\n|t:|1698836260\n|move|p2a: Arceus|Taunt|p1a: Xerneas\n|-start|p1a: Xerneas|move: Taunt\n|cant|p1a: Xerneas|move: Taunt|Aromatherapy\n|\n|-heal|p1a: Xerneas|99\/100 tox|[from] item: Leftovers\n|-damage|p1a: Xerneas|87\/100 tox|[from] psn\n|upkeep\n|turn|30\n|\n|t:|1698836267\n|switch|p2a: Skeledirge|Skeledirge, F|95\/100\n|switch|p1a: Lugia|Lugia|66\/100\n|\n|upkeep\n|turn|31\n|\n|t:|1698836272\n|switch|p2a: Arceus|Arceus-Dark|100\/100\n|move|p1a: Lugia|Toxic|p2a: Arceus\n|-status|p2a: Arceus|tox\n|\n|-damage|p2a: Arceus|94\/100 tox|[from] psn\n|upkeep\n|turn|32\n|\n|t:|1698836283\n|switch|p1a: Heatran|Heatran, M|62\/100\n|move|p2a: Arceus|Taunt|p1a: Heatran\n|-start|p1a: Heatran|move: Taunt\n|\n|-damage|p2a: Arceus|82\/100 tox|[from] psn\n|upkeep\n|turn|33\n|\n|t:|1698836289\n|switch|p1a: Xerneas|Xerneas|87\/100 tox\n|-ability|p1a: Xerneas|Fairy Aura\n|move|p2a: Arceus|Foul Play|p1a: Xerneas\n|-resisted|p1a: Xerneas\n|-damage|p1a: Xerneas|77\/100 tox\n|\n|-heal|p1a: Xerneas|83\/100 tox|[from] item: Leftovers\n|-damage|p2a: Arceus|64\/100 tox|[from] psn\n|-damage|p1a: Xerneas|77\/100 tox|[from] psn\n|upkeep\n|turn|34\n|\n|t:|1698836296\n|switch|p1a: Heatran|Heatran, M|62\/100\n|move|p2a: Arceus|Taunt|p1a: Heatran\n|-start|p1a: Heatran|move: Taunt\n|\n|-damage|p2a: Arceus|40\/100 tox|[from] psn\n|upkeep\n|turn|35\n|\n|t:|1698836301\n|switch|p1a: Xerneas|Xerneas|77\/100 tox\n|-ability|p1a: Xerneas|Fairy Aura\n|move|p2a: Arceus|Recover|p2a: Arceus\n|-heal|p2a: Arceus|90\/100 tox\n|\n|-heal|p1a: Xerneas|83\/100 tox|[from] item: Leftovers\n|-damage|p2a: Arceus|59\/100 tox|[from] psn\n|-damage|p1a: Xerneas|77\/100 tox|[from] psn\n|upkeep\n|turn|36\n|\n|t:|1698836306\n|move|p2a: Arceus|Taunt|p1a: Xerneas\n|-start|p1a: Xerneas|move: Taunt\n|move|p1a: Xerneas|Moonblast|p2a: Arceus\n|-supereffective|p2a: Arceus\n|-damage|p2a: Arceus|0 fnt\n|faint|p2a: Arceus\n|\n|-heal|p1a: Xerneas|83\/100 tox|[from] item: Leftovers\n|-damage|p1a: Xerneas|71\/100 tox|[from] psn\n|upkeep\n|\n|t:|1698836314\n|switch|p2a: Eternatus|Eternatus|100\/100\n|-ability|p2a: Eternatus|Pressure\n|turn|37\n|\n|t:|1698836321\n|switch|p1a: Necrozma|Necrozma-Dusk-Mane|100\/100\n|move|p2a: Eternatus|Sludge Wave|p1a: Necrozma\n|-immune|p1a: Necrozma\n|\n|upkeep\n|turn|38\n|\n|t:|1698836324\n|move|p2a: Eternatus|Flamethrower|p1a: Necrozma\n|-supereffective|p1a: Necrozma\n|-damage|p1a: Necrozma|58\/100\n|move|p1a: Necrozma|Knock Off|p2a: Eternatus\n|-damage|p2a: Eternatus|71\/100\n|-enditem|p2a: Eternatus|Mirror Herb|[from] move: Knock Off|[of] p1a: Necrozma\n|\n|-heal|p1a: Necrozma|64\/100|[from] item: Leftovers\n|upkeep\n|turn|39\n|\n|t:|1698836336\n|switch|p2a: Kingambit|Kingambit, M|100\/100\n|-activate|p2a: Kingambit|ability: Supreme Overlord\n|-start|p2a: Kingambit|fallen3|[silent]\n|switch|p1a: Heatran|Heatran, M|62\/100\n|\n|upkeep\n|turn|40\n|\n|t:|1698836341\n|move|p2a: Kingambit|Sucker Punch|p1a: Heatran\n|-damage|p1a: Heatran|3\/100\n|move|p1a: Heatran|Magma Storm|p2a: Kingambit\n|-supereffective|p2a: Kingambit\n|-damage|p2a: Kingambit|0 fnt\n|faint|p2a: Kingambit\n|-end|p2a: Kingambit|fallen3|[silent]\n|\n|upkeep\n|\n|t:|1698836345\n|switch|p2a: Eternatus|Eternatus|71\/100\n|-ability|p2a: Eternatus|Pressure\n|turn|41\n|\n|t:|1698836356\n|switch|p1a: Necrozma|Necrozma-Dusk-Mane|64\/100\n|move|p2a: Eternatus|Dynamax Cannon|p1a: Necrozma\n|-resisted|p1a: Necrozma\n|-damage|p1a: Necrozma|41\/100\n|\n|-heal|p1a: Necrozma|47\/100|[from] item: Leftovers\n|upkeep\n|turn|42\n|j| shamatetuanzhang\n|\n|t:|1698836360\n|move|p2a: Eternatus|Flamethrower|p1a: Necrozma\n|-supereffective|p1a: Necrozma\n|-damage|p1a: Necrozma|4\/100\n|move|p1a: Necrozma|Morning Sun|p1a: Necrozma\n|-heal|p1a: Necrozma|54\/100\n|\n|-heal|p1a: Necrozma|60\/100|[from] item: Leftovers\n|upkeep\n|turn|43\n|\n|t:|1698836364\n|move|p2a: Eternatus|Flamethrower|p1a: Necrozma\n|-supereffective|p1a: Necrozma\n|-damage|p1a: Necrozma|23\/100\n|move|p1a: Necrozma|Morning Sun|p1a: Necrozma\n|-heal|p1a: Necrozma|73\/100\n|\n|-heal|p1a: Necrozma|79\/100|[from] item: Leftovers\n|upkeep\n|turn|44\n|\n|t:|1698836372\n|move|p2a: Eternatus|Flamethrower|p1a: Necrozma\n|-supereffective|p1a: Necrozma\n|-damage|p1a: Necrozma|36\/100\n|move|p1a: Necrozma|Morning Sun|p1a: Necrozma\n|-heal|p1a: Necrozma|86\/100\n|\n|-heal|p1a: Necrozma|92\/100|[from] item: Leftovers\n|upkeep\n|turn|45\n|\n|t:|1698836377\n|move|p2a: Eternatus|Dynamax Cannon|p1a: Necrozma\n|-resisted|p1a: Necrozma\n|-damage|p1a: Necrozma|68\/100\n|move|p1a: Necrozma|Earthquake|p2a: Eternatus\n|-supereffective|p2a: Eternatus\n|-damage|p2a: Eternatus|16\/100\n|\n|-heal|p1a: Necrozma|74\/100|[from] item: Leftovers\n|upkeep\n|turn|46\n|l| shamatetuanzhang\n|\n|t:|1698836382\n|move|p2a: Eternatus|Flamethrower|p1a: Necrozma\n|-supereffective|p1a: Necrozma\n|-damage|p1a: Necrozma|33\/100\n|move|p1a: Necrozma|Earthquake|p2a: Eternatus\n|-supereffective|p2a: Eternatus\n|-damage|p2a: Eternatus|0 fnt\n|faint|p2a: Eternatus\n|\n|-heal|p1a: Necrozma|39\/100|[from] item: Leftovers\n|upkeep\n|\n|t:|1698836386\n|switch|p2a: Skeledirge|Skeledirge, F|95\/100\n|turn|47\n|\n|t:|1698836388\n|switch|p1a: Groudon|Groudon|100\/100\n|detailschange|p1a: Groudon|Groudon-Primal\n|-primal|p1a: Groudon|Red Orb\n|-weather|DesolateLand|[from] ability: Desolate Land|[of] p1a: Groudon\n|move|p2a: Skeledirge|Torch Song|p1a: Groudon\n|-resisted|p1a: Groudon\n|-damage|p1a: Groudon|78\/100\n|-boost|p2a: Skeledirge|spa|1\n|\n|-weather|DesolateLand|[upkeep]\n|upkeep\n|turn|48\n|\n|t:|1698836395\n|-terastallize|p2a: Skeledirge|Fairy\n|move|p1a: Groudon|Earthquake|p2a: Skeledirge\n|-damage|p2a: Skeledirge|33\/100\n|move|p2a: Skeledirge|Torch Song|p1a: Groudon\n|-resisted|p1a: Groudon\n|-damage|p1a: Groudon|44\/100\n|-boost|p2a: Skeledirge|spa|1\n|\n|-weather|DesolateLand|[upkeep]\n|upkeep\n|turn|49\n|c|\u2606EpicGamer069420|ggwp\n|\n|t:|1698836399\n|move|p1a: Groudon|Heat Crash|p2a: Skeledirge\n|-damage|p2a: Skeledirge|0 fnt\n|faint|p2a: Skeledirge\n|\n|win|EpicGamer069420\n|raw|EpicGamer069420's rating: 1681 &rarr; <strong>1710<\/strong><br \/>(+29 for winning)\n|raw|BlackStar150520's rating: 1840 &rarr; <strong>1811<\/strong><br \/>(-29 for losing)\n|l|\u2606BlackStar150520\n","uploadtime":1698836410,"views":13,"p1id":"epicgamer069420","p2id":"blackstar150520","formatid":"gen9nationaldexubers","rating":1710,"private":0,"password":""}