{"id":"gen9nationaldexubers-1986673465","p1":"ReckingNoobs","p2":"Adrian agrest","format":"[Gen 9] National Dex Ubers","log":"|j|\u2606ReckingNoobs\n|j|\u2606Adrian agrest\n|t:|1699505697\n|gametype|singles\n|player|p1|ReckingNoobs|ghetsis|1224\n|player|p2|Adrian agrest|n|1286\n|teamsize|p1|6\n|teamsize|p2|6\n|gen|9\n|tier|[Gen 9] National Dex Ubers\n|rated|\n|rule|HP Percentage Mod: HP is shown in percentages\n|rule|Endless Battle Clause: Forcing endless battles is banned\n|rule|OHKO Clause: OHKO moves are banned\n|rule|Evasion Moves Clause: Evasion moves are banned\n|rule|Evasion Items Clause: Evasion items are banned\n|rule|Species Clause: Limit one of each Pok\u00e9mon\n|rule|Sleep Clause Mod: Limit one foe put to sleep\n|rule|Mega Rayquaza Clause: You cannot mega evolve Rayquaza\n|clearpoke\n|poke|p1|Yveltal|\n|poke|p1|Xurkitree|\n|poke|p1|Beedrill, M|\n|poke|p1|Donphan, F|\n|poke|p1|Darmanitan, M|\n|poke|p1|Greninja-*, M|\n|poke|p2|Groudon|\n|poke|p2|Necrozma-Dusk-Mane|\n|poke|p2|Latios, M|\n|poke|p2|Zacian-*|\n|poke|p2|Kyogre|\n|poke|p2|Rayquaza|\n|teampreview\n|\n|t:|1699505710\n|start\n|switch|p1a: Donphan|Donphan, F|100\/100\n|switch|p2a: Kyogre|Kyogre, shiny|100\/100\n|detailschange|p2a: Kyogre|Kyogre-Primal, shiny\n|-primal|p2a: Kyogre|Blue Orb\n|-weather|PrimordialSea|[from] ability: Primordial Sea|[of] p2a: Kyogre\n|turn|1\n|\n|t:|1699505722\n|move|p2a: Kyogre|Water Spout|p1a: Donphan\n|-supereffective|p1a: Donphan\n|-ability|p1a: Donphan|Sturdy\n|-damage|p1a: Donphan|1\/100\n|move|p1a: Donphan|Stealth Rock|p2a: Kyogre\n|-sidestart|p2: Adrian agrest|move: Stealth Rock\n|\n|-weather|PrimordialSea|[upkeep]\n|upkeep\n|turn|2\n|-enditem|p1a: Donphan|Custap Berry|[eat]\n|-activate|p1a: Donphan|item: Custap Berry|[consumed]\n|\n|t:|1699505731\n|move|p1a: Donphan|Earthquake|p2a: Kyogre\n|-damage|p2a: Kyogre|54\/100\n|move|p2a: Kyogre|Water Spout|p1a: Donphan\n|-supereffective|p1a: Donphan\n|-damage|p1a: Donphan|0 fnt\n|faint|p1a: Donphan\n|\n|-weather|PrimordialSea|[upkeep]\n|upkeep\n|\n|t:|1699505743\n|switch|p1a: Xurkitree|Xurkitree|100\/100\n|turn|3\n|\n|t:|1699505752\n|-weather|none\n|switch|p2a: Groudon|Groudon, shiny|100\/100\n|-damage|p2a: Groudon|94\/100|[from] Stealth Rock\n|detailschange|p2a: Groudon|Groudon-Primal, shiny\n|-primal|p2a: Groudon|Red Orb\n|-weather|DesolateLand|[from] ability: Desolate Land|[of] p2a: Groudon\n|move|p1a: Xurkitree|Thunderbolt|p2a: Groudon\n|-immune|p2a: Groudon\n|\n|-weather|DesolateLand|[upkeep]\n|upkeep\n|turn|4\n|\n|t:|1699505766\n|switch|p1a: Yveltal|Yveltal|100\/100\n|-ability|p1a: Yveltal|Dark Aura\n|move|p2a: Groudon|Precipice Blades|p1a: Yveltal\n|-immune|p1a: Yveltal\n|\n|-weather|DesolateLand|[upkeep]\n|upkeep\n|turn|5\n|\n|t:|1699505773\n|move|p2a: Groudon|Eruption|p1a: Yveltal\n|-damage|p1a: Yveltal|15\/100\n|move|p1a: Yveltal|Dark Pulse|p2a: Groudon\n|-damage|p2a: Groudon|41\/100\n|\n|-weather|DesolateLand|[upkeep]\n|-heal|p1a: Yveltal|21\/100|[from] item: Leftovers\n|upkeep\n|turn|6\n|\n|t:|1699505779\n|switch|p1a: Darmanitan|Darmanitan, M|100\/100\n|move|p2a: Groudon|Eruption|p1a: Darmanitan\n|-resisted|p1a: Darmanitan\n|-damage|p1a: Darmanitan|62\/100\n|\n|-weather|DesolateLand|[upkeep]\n|upkeep\n|turn|7\n|\n|t:|1699505786\n|move|p1a: Darmanitan|Earthquake|p2a: Groudon\n|-supereffective|p2a: Groudon\n|-damage|p2a: Groudon|0 fnt\n|faint|p2a: Groudon\n|-weather|none\n|\n|upkeep\n|\n|t:|1699505790\n|switch|p2a: Kyogre|Kyogre-Primal, shiny|54\/100\n|-damage|p2a: Kyogre|42\/100|[from] Stealth Rock\n|-weather|PrimordialSea|[from] ability: Primordial Sea|[of] p2a: Kyogre\n|turn|8\n|\n|t:|1699505795\n|move|p1a: Darmanitan|Earthquake|p2a: Kyogre\n|-damage|p2a: Kyogre|3\/100\n|move|p2a: Kyogre|Water Spout|p1a: Darmanitan\n|-supereffective|p1a: Darmanitan\n|-damage|p1a: Darmanitan|53\/100\n|\n|-weather|PrimordialSea|[upkeep]\n|upkeep\n|turn|9\n|\n|t:|1699505801\n|move|p1a: Darmanitan|Earthquake|p2a: Kyogre\n|-damage|p2a: Kyogre|0 fnt\n|faint|p2a: Kyogre\n|-weather|none\n|\n|upkeep\n|\n|t:|1699505810\n|switch|p2a: Latios|Latios, M|100\/100\n|-damage|p2a: Latios|88\/100|[from] Stealth Rock\n|turn|10\n|\n|t:|1699505818\n|switch|p1a: Greninja|Greninja, M|100\/100\n|detailschange|p2a: Latios|Latios-Mega, M\n|-mega|p2a: Latios|Latios|Latiosite\n|move|p2a: Latios|Earthquake|p1a: Greninja\n|-damage|p1a: Greninja|41\/100\n|\n|upkeep\n|turn|11\n|inactive|Battle timer is ON: inactive players will automatically lose when time's up. (requested by ReckingNoobs)\n|\n|t:|1699505835\n|move|p1a: Greninja|Dark Pulse|p2a: Latios\n|-supereffective|p2a: Latios\n|-damage|p2a: Latios|4\/100\n|move|p2a: Latios|Earthquake|p1a: Greninja\n|-damage|p1a: Greninja|0 fnt\n|faint|p1a: Greninja\n|\n|upkeep\n|\n|t:|1699505845\n|switch|p1a: Beedrill|Beedrill, M, shiny|100\/100\n|turn|12\n|\n|t:|1699505869\n|detailschange|p1a: Beedrill|Beedrill-Mega, M, shiny\n|-mega|p1a: Beedrill|Beedrill|Beedrillite\n|move|p1a: Beedrill|Fell Stinger|p2a: Latios\n|-supereffective|p2a: Latios\n|-damage|p2a: Latios|0 fnt\n|faint|p2a: Latios\n|-boost|p1a: Beedrill|atk|3\n|\n|upkeep\n|\n|t:|1699505884\n|switch|p2a: Rayquaza|Rayquaza|100\/100\n|-damage|p2a: Rayquaza|76\/100|[from] Stealth Rock\n|-ability|p2a: Rayquaza|Air Lock\n|turn|13\n|\n|t:|1699505892\n|move|p1a: Beedrill|Poison Jab|p2a: Rayquaza\n|-damage|p2a: Rayquaza|0 fnt\n|faint|p2a: Rayquaza\n|\n|upkeep\n|inactive|Adrian agrest has 120 seconds left.\n|\n|t:|1699505908\n|switch|p2a: Zacian|Zacian-Crowned|100\/100\n|-damage|p2a: Zacian|94\/100|[from] Stealth Rock\n|-ability|p2a: Zacian|Intrepid Sword|boost\n|-boost|p2a: Zacian|atk|1\n|turn|14\n|\n|t:|1699505930\n|move|p2a: Zacian|Behemoth Blade|p1a: Beedrill\n|-damage|p1a: Beedrill|0 fnt\n|faint|p1a: Beedrill\n|\n|upkeep\n|\n|t:|1699505938\n|switch|p1a: Xurkitree|Xurkitree|100\/100\n|turn|15\n|inactive|Adrian agrest has 120 seconds left.\n|inactive|Adrian agrest has 90 seconds left.\n|inactive|Adrian agrest has 60 seconds left.\n|inactive|Adrian agrest has 30 seconds left.\n|\n|t:|1699506051\n|-terastallize|p1a: Xurkitree|Electric\n|move|p1a: Xurkitree|Thunderbolt|p2a: Zacian\n|-damage|p2a: Zacian|25\/100\n|move|p2a: Zacian|Behemoth Blade|p1a: Xurkitree\n|-resisted|p1a: Xurkitree\n|-damage|p1a: Xurkitree|33\/100\n|\n|upkeep\n|turn|16\n|inactive|Adrian agrest has 30 seconds left.\n|inactive|Adrian agrest has 20 seconds left.\n|\n|t:|1699506072\n|switch|p2a: Necrozma|Necrozma-Dusk-Mane|100\/100\n|-damage|p2a: Necrozma|94\/100|[from] Stealth Rock\n|move|p1a: Xurkitree|Thunderbolt|p2a: Necrozma\n|-damage|p2a: Necrozma|28\/100\n|\n|upkeep\n|turn|17\n|inactive|Adrian agrest has 30 seconds left this turn.\n|\n|t:|1699506080\n|detailschange|p2a: Necrozma|Necrozma-Ultra\n|-burst|p2a: Necrozma|Necrozma|Ultranecrozium Z\n|move|p1a: Xurkitree|Thunderbolt|p2a: Necrozma\n|-resisted|p2a: Necrozma\n|-damage|p2a: Necrozma|0 fnt\n|faint|p2a: Necrozma\n|-ability|p1a: Xurkitree|Beast Boost|boost\n|-boost|p1a: Xurkitree|spa|1\n|\n|upkeep\n|inactive|Adrian agrest has 30 seconds left this turn.\n|c|\u2606ReckingNoobs|gg\n|\n|t:|1699506086\n|switch|p2a: Zacian|Zacian-Crowned|25\/100\n|-damage|p2a: Zacian|19\/100|[from] Stealth Rock\n|turn|18\n|c|\u2606ReckingNoobs|maybe next time use more legendaries and AG mons <3\n|\n|t:|1699506096\n|move|p1a: Xurkitree|Thunderbolt|p2a: Zacian\n|-damage|p2a: Zacian|0 fnt\n|faint|p2a: Zacian\n|\n|win|ReckingNoobs\n|raw|ReckingNoobs's rating: 1224 &rarr; <strong>1253<\/strong><br \/>(+29 for winning)\n|raw|Adrian agrest's rating: 1286 &rarr; <strong>1257<\/strong><br \/>(-29 for losing)\n","uploadtime":1699506100,"views":6,"p1id":"reckingnoobs","p2id":"adrianagrest","formatid":"gen9nationaldexubers","rating":1253,"private":0,"password":""}