{"id":"gen9nationaldexubers-1986620386","p1":"BigHabibi1629","p2":"mostgoodX","format":"[Gen 9] National Dex Ubers","log":"|j|\u2606BigHabibi1629\n|j|\u2606mostgoodX\n|t:|1699498759\n|gametype|singles\n|player|p1|BigHabibi1629|102|\n|player|p2|mostgoodX|mars|\n|teamsize|p1|6\n|teamsize|p2|6\n|gen|9\n|tier|[Gen 9] National Dex Ubers\n|rule|HP Percentage Mod: HP is shown in percentages\n|rule|Endless Battle Clause: Forcing endless battles is banned\n|rule|OHKO Clause: OHKO moves are banned\n|rule|Evasion Moves Clause: Evasion moves are banned\n|rule|Evasion Items Clause: Evasion items are banned\n|rule|Species Clause: Limit one of each Pok\u00e9mon\n|rule|Sleep Clause Mod: Limit one foe put to sleep\n|rule|Mega Rayquaza Clause: You cannot mega evolve Rayquaza\n|clearpoke\n|poke|p1|Xurkitree|\n|poke|p1|Hatterene, F|\n|poke|p1|Ursaluna, M|\n|poke|p1|Porygon2|\n|poke|p1|Crawdaunt, M|\n|poke|p1|Diancie|\n|poke|p2|Darkrai|\n|poke|p2|Fezandipiti, M|\n|poke|p2|Starmie|\n|poke|p2|Quagsire, M|\n|poke|p2|Ditto|\n|poke|p2|Zapdos|\n|teampreview\n|j| superoinge22\n|j| The23rdPower\n|j| xdd-Rayleigh\n|\n|t:|1699498792\n|start\n|switch|p1a: Hatterene|Hatterene, F|100\/100\n|switch|p2a: Pie man|Darkrai|100\/100\n|turn|1\n|\n|t:|1699498802\n|move|p2a: Pie man|Swords Dance|p2a: Pie man\n|-boost|p2a: Pie man|atk|2\n|move|p1a: Hatterene|Trick Room|p1a: Hatterene\n|-fieldstart|move: Trick Room|[of] p1a: Hatterene\n|\n|upkeep\n|turn|2\n|\n|t:|1699498807\n|move|p1a: Hatterene|Misty Explosion|p2a: Pie man\n|-supereffective|p2a: Pie man\n|-damage|p2a: Pie man|0 fnt\n|faint|p1a: Hatterene\n|faint|p2a: Pie man\n|\n|upkeep\n|c|\u2606mostgoodX|oh fuck this darkrai is fucked\n|c|\u2606mostgoodX|AND DEAD\n|j| danbultheman\n|c| superoinge22|oh dear\n|\n|t:|1699498825\n|switch|p1a: Xurkitree|Xurkitree|100\/100\n|switch|p2a: Regroup|Ditto, shiny|100\/100\n|-transform|p2a: Regroup|p1a: Xurkitree|[from] ability: Imposter\n|turn|3\n|c| xdd-Rayleigh|ok habib heres what u do\n|c| xdd-Rayleigh|use explosion\n|j| aplestick\n|c| superoinge22|use pulverizing pancake\n|c| xdd-Rayleigh|i cant say it\n|\n|t:|1699498884\n|-terastallize|p1a: Xurkitree|Grass\n|move|p1a: Xurkitree|Tail Glow|p1a: Xurkitree\n|-boost|p1a: Xurkitree|spa|3\n|move|p2a: Regroup|Thunderbolt|p1a: Xurkitree\n|-resisted|p1a: Xurkitree\n|-damage|p1a: Xurkitree|58\/100\n|\n|upkeep\n|turn|4\n|c| xdd-Rayleigh|otherwise i'll be reported\n|l| aplestick\n|\n|t:|1699498895\n|move|p1a: Xurkitree|Thunderbolt|p2a: Regroup\n|-resisted|p2a: Regroup\n|-damage|p2a: Regroup|0 fnt\n|faint|p2a: Regroup\n|-ability|p1a: Xurkitree|Beast Boost|boost\n|-boost|p1a: Xurkitree|spa|1\n|\n|upkeep\n|c| superoinge22|oh dear\n|\n|t:|1699498902\n|switch|p2a: Fezandipiti|Fezandipiti, M|100\/100\n|turn|5\n|c| xdd-Rayleigh|protect fez i knew u were the goat\n|\n|t:|1699498915\n|move|p1a: Xurkitree|Thunderbolt|p2a: Fezandipiti\n|-crit|p2a: Fezandipiti\n|-damage|p2a: Fezandipiti|0 fnt\n|faint|p2a: Fezandipiti\n|-ability|p1a: Xurkitree|Beast Boost|boost\n|-boost|p1a: Xurkitree|spa|1\n|\n|-fieldend|move: Trick Room\n|upkeep\n|j| McD00bie\n|\n|t:|1699498919\n|switch|p2a: Regroup's Father|Quagsire, M|100\/100\n|turn|6\n|c| superoinge22|oh dear\n|\n|t:|1699498923\n|move|p1a: Xurkitree|Energy Ball|p2a: Regroup's Father\n|-supereffective|p2a: Regroup's Father\n|-damage|p2a: Regroup's Father|0 fnt\n|faint|p2a: Regroup's Father\n|-ability|p1a: Xurkitree|Beast Boost|boost\n|-boost|p1a: Xurkitree|spa|1\n|\n|upkeep\n|\n|t:|1699498926\n|switch|p2a: Starmie|Starmie|100\/100\n|turn|7\n|\n|t:|1699498929\n|move|p2a: Starmie|Psychic|p1a: Xurkitree\n|-damage|p1a: Xurkitree|9\/100\n|move|p1a: Xurkitree|Thunderbolt|p2a: Starmie\n|-supereffective|p2a: Starmie\n|-damage|p2a: Starmie|0 fnt\n|faint|p2a: Starmie\n|\n|upkeep\n|c| superoinge22|oh dear\n|\n|t:|1699498931\n|switch|p2a: Zapdos|Zapdos|100\/100\n|turn|8\n|\n|t:|1699498938\n|move|p1a: Xurkitree|Protect|p1a: Xurkitree\n|-singleturn|p1a: Xurkitree|Protect\n|move|p2a: Zapdos|Thunderbolt|p1a: Xurkitree\n|-activate|p1a: Xurkitree|move: Protect\n|\n|upkeep\n|turn|9\n|c| xdd-Rayleigh|protect\n|c| xdd-Rayleigh|im done\n|c| xdd-Rayleigh|goob u suck balls man\n|\n|t:|1699498950\n|switch|p1a: Porygon2|Porygon2|100\/100\n|-ability|p1a: Porygon2|Download|boost\n|-boost|p1a: Porygon2|atk|1\n|move|p2a: Zapdos|Thunderbolt|p1a: Porygon2\n|-damage|p1a: Porygon2|71\/100\n|\n|upkeep\n|turn|10\n|l| McD00bie\n|\n|t:|1699498957\n|move|p2a: Zapdos|Hurricane|p1a: Porygon2|[miss]\n|-miss|p2a: Zapdos|p1a: Porygon2\n|move|p1a: Porygon2|Toxic|p2a: Zapdos\n|-status|p2a: Zapdos|tox\n|\n|-damage|p2a: Zapdos|94\/100 tox|[from] psn\n|upkeep\n|turn|11\n|c|\u2606mostgoodX|brother\n|c| superoinge22|man\n|c|\u2606mostgoodX|he's taking the piss\n|\n|t:|1699498966\n|move|p2a: Zapdos|Hurricane|p1a: Porygon2|[miss]\n|-miss|p2a: Zapdos|p1a: Porygon2\n|move|p1a: Porygon2|Trick Room|p1a: Porygon2\n|-fieldstart|move: Trick Room|[of] p1a: Porygon2\n|\n|-damage|p2a: Zapdos|82\/100 tox|[from] psn\n|upkeep\n|turn|12\n|c| superoinge22|just kill him bruh\n|c|\u2606mostgoodX|brother\n|c| danbultheman|LOL\n|\n|t:|1699498972\n|move|p1a: Porygon2|Ice Beam|p2a: Zapdos\n|-supereffective|p2a: Zapdos\n|-damage|p2a: Zapdos|29\/100 tox\n|move|p2a: Zapdos|Hurricane|p1a: Porygon2\n|-damage|p1a: Porygon2|32\/100\n|\n|-damage|p2a: Zapdos|10\/100 tox|[from] psn\n|upkeep\n|turn|13\n|\n|t:|1699498980\n|move|p1a: Porygon2|Ice Beam|p2a: Zapdos\n|-supereffective|p2a: Zapdos\n|-damage|p2a: Zapdos|0 fnt\n|faint|p2a: Zapdos\n|\n|win|BigHabibi1629\n|c|\u2606mostgoodX|ggs\n|c|\u2606BigHabibi1629|ggs\n|l| superoinge22\n|l|\u2606mostgoodX\n","uploadtime":1699498993,"views":19,"p1id":"bighabibi1629","p2id":"mostgoodx","formatid":"gen9nationaldexubers","rating":0,"private":0,"password":""}