{"id":"gen9nationaldexubers-1984524005","p1":"27frd","p2":"siummmette","format":"[Gen 9] National Dex Ubers","log":"|j|\u260627frd\n|j|\u2606siummmette\n|t:|1699276002\n|gametype|singles\n|player|p1|27frd|hilbert|1305\n|player|p2|siummmette|colress|1474\n|teamsize|p1|6\n|teamsize|p2|6\n|gen|9\n|tier|[Gen 9] National Dex Ubers\n|rated|\n|rule|HP Percentage Mod: HP is shown in percentages\n|rule|Endless Battle Clause: Forcing endless battles is banned\n|rule|OHKO Clause: OHKO moves are banned\n|rule|Evasion Moves Clause: Evasion moves are banned\n|rule|Evasion Items Clause: Evasion items are banned\n|rule|Species Clause: Limit one of each Pok\u00e9mon\n|rule|Sleep Clause Mod: Limit one foe put to sleep\n|rule|Mega Rayquaza Clause: You cannot mega evolve Rayquaza\n|clearpoke\n|poke|p1|Metagross|\n|poke|p1|Whimsicott, M|\n|poke|p1|Arceus|\n|poke|p1|Zacian-*|\n|poke|p1|Spectrier|\n|poke|p1|Lickilicky, M|\n|poke|p2|Deoxys-Speed|\n|poke|p2|Xerneas-*|\n|poke|p2|Blaziken, M|\n|poke|p2|Necrozma-Dusk-Mane|\n|poke|p2|Arceus|\n|poke|p2|Kyogre|\n|teampreview\n|inactive|Battle timer is ON: inactive players will automatically lose when time's up. (requested by siummmette)\n|\n|t:|1699276018\n|start\n|switch|p1a: Metagross|Metagross|100\/100\n|switch|p2a: Deoxys|Deoxys-Speed|100\/100\n|-ability|p2a: Deoxys|Pressure\n|turn|1\n|\n|t:|1699276023\n|move|p2a: Deoxys|Taunt|p1a: Metagross\n|-start|p1a: Metagross|move: Taunt\n|cant|p1a: Metagross|move: Taunt|Hone Claws\n|\n|upkeep\n|turn|2\n|\n|t:|1699276029\n|detailschange|p1a: Metagross|Metagross-Mega\n|-mega|p1a: Metagross|Metagross|Metagrossite\n|move|p2a: Deoxys|Spikes|p1a: Metagross\n|-sidestart|p1: 27frd|Spikes\n|move|p1a: Metagross|Ice Punch|p2a: Deoxys\n|-damage|p2a: Deoxys|56\/100\n|\n|upkeep\n|turn|3\n|\n|t:|1699276035\n|move|p2a: Deoxys|Stealth Rock|p1a: Metagross\n|-sidestart|p1: 27frd|move: Stealth Rock\n|move|p1a: Metagross|Ice Punch|p2a: Deoxys\n|-damage|p2a: Deoxys|10\/100\n|\n|-end|p1a: Metagross|move: Taunt\n|upkeep\n|turn|4\n|\n|t:|1699276043\n|move|p1a: Metagross|Bullet Punch|p2a: Deoxys\n|-damage|p2a: Deoxys|0 fnt\n|faint|p2a: Deoxys\n|\n|upkeep\n|\n|t:|1699276052\n|switch|p2a: Blaziken|Blaziken, M|100\/100\n|turn|5\n|\n|t:|1699276057\n|detailschange|p2a: Blaziken|Blaziken-Mega, M\n|-mega|p2a: Blaziken|Blaziken|Blazikenite\n|move|p2a: Blaziken|Swords Dance|p2a: Blaziken\n|-boost|p2a: Blaziken|atk|2\n|move|p1a: Metagross|Hone Claws|p1a: Metagross\n|-boost|p1a: Metagross|atk|1\n|-boost|p1a: Metagross|accuracy|1\n|\n|-ability|p2a: Blaziken|Speed Boost|boost\n|-boost|p2a: Blaziken|spe|1\n|upkeep\n|turn|6\n|\n|t:|1699276063\n|move|p2a: Blaziken|Flare Blitz|p1a: Metagross\n|-supereffective|p1a: Metagross\n|-damage|p1a: Metagross|0 fnt\n|faint|p1a: Metagross\n|-damage|p2a: Blaziken|67\/100|[from] Recoil\n|\n|-ability|p2a: Blaziken|Speed Boost|boost\n|-boost|p2a: Blaziken|spe|1\n|upkeep\n|\n|t:|1699276066\n|switch|p1a: Whimsicott|Whimsicott, M|100\/100\n|turn|7\n|inactive|siummmette has 120 seconds left.\n|\n|t:|1699276103\n|move|p1a: Whimsicott|Defog|p2a: Blaziken\n|-unboost|p2a: Blaziken|evasion|1\n|-sideend|p1: 27frd|Spikes|[from] move: Defog|[of] p1a: Whimsicott\n|-sideend|p1: 27frd|Stealth Rock|[from] move: Defog|[of] p1a: Whimsicott\n|move|p2a: Blaziken|Flare Blitz|p1a: Whimsicott\n|-supereffective|p1a: Whimsicott\n|-damage|p1a: Whimsicott|0 fnt\n|faint|p1a: Whimsicott\n|-damage|p2a: Blaziken|32\/100|[from] Recoil\n|\n|-ability|p2a: Blaziken|Speed Boost|boost\n|-boost|p2a: Blaziken|spe|1\n|upkeep\n|\n|t:|1699276108\n|switch|p1a: Lickilicky|Lickilicky, M|100\/100\n|-ability|p1a: Lickilicky|Cloud Nine\n|turn|8\n|inactive|siummmette has 120 seconds left.\n|\n|t:|1699276121\n|move|p2a: Blaziken|Close Combat|p1a: Lickilicky\n|-supereffective|p1a: Lickilicky\n|-damage|p1a: Lickilicky|0 fnt\n|-unboost|p2a: Blaziken|def|1\n|-unboost|p2a: Blaziken|spd|1\n|faint|p1a: Lickilicky\n|\n|-ability|p2a: Blaziken|Speed Boost|boost\n|-boost|p2a: Blaziken|spe|1\n|upkeep\n|\n|t:|1699276126\n|switch|p1a: Zacian|Zacian-Crowned|100\/100\n|-ability|p1a: Zacian|Intrepid Sword|boost\n|-boost|p1a: Zacian|atk|1\n|turn|9\n|\n|t:|1699276135\n|-terastallize|p1a: Zacian|Flying\n|move|p2a: Blaziken|Flare Blitz|p1a: Zacian\n|-damage|p1a: Zacian|0 fnt\n|faint|p1a: Zacian\n|-damage|p2a: Blaziken|0 fnt|[from] Recoil\n|faint|p2a: Blaziken\n|\n|upkeep\n|\n|t:|1699276141\n|switch|p1a: Arceus|Arceus|100\/100\n|switch|p2a: Xerneas|Xerneas|100\/100\n|-ability|p2a: Xerneas|Fairy Aura\n|turn|10\n|\n|t:|1699276153\n|move|p1a: Arceus|Thunderbolt|p2a: Xerneas\n|-damage|p2a: Xerneas|67\/100\n|-damage|p1a: Arceus|91\/100|[from] item: Life Orb\n|move|p2a: Xerneas|Substitute|p2a: Xerneas\n|-start|p2a: Xerneas|Substitute\n|-damage|p2a: Xerneas|42\/100\n|\n|upkeep\n|turn|11\n|\n|t:|1699276156\n|move|p1a: Arceus|Thunderbolt|p2a: Xerneas\n|-end|p2a: Xerneas|Substitute\n|-damage|p1a: Arceus|81\/100|[from] item: Life Orb\n|move|p2a: Xerneas|Geomancy||[still]\n|-prepare|p2a: Xerneas|Geomancy\n|-enditem|p2a: Xerneas|Power Herb\n|-anim|p2a: Xerneas|Geomancy|p2a: Xerneas\n|-boost|p2a: Xerneas|spa|2\n|-boost|p2a: Xerneas|spd|2\n|-boost|p2a: Xerneas|spe|2\n|\n|upkeep\n|turn|12\n|\n|t:|1699276159\n|move|p2a: Xerneas|Moonblast|p1a: Arceus\n|-damage|p1a: Arceus|0 fnt\n|faint|p1a: Arceus\n|\n|upkeep\n|\n|t:|1699276161\n|switch|p1a: Spectrier|Spectrier|100\/100\n|turn|13\n|\n|t:|1699276165\n|move|p2a: Xerneas|Moonblast|p1a: Spectrier\n|-damage|p1a: Spectrier|0 fnt\n|faint|p1a: Spectrier\n|\n|win|siummmette\n|raw|27frd's rating: 1305 &rarr; <strong>1294<\/strong><br \/>(-11 for losing)\n|raw|siummmette's rating: 1474 &rarr; <strong>1485<\/strong><br \/>(+11 for winning)\n|l|\u260627frd\n","uploadtime":1699276172,"views":8,"p1id":"27frd","p2id":"siummmette","formatid":"gen9nationaldexubers","rating":1294,"private":0,"password":""}