{"id":"gen9nationaldexubers-1984248189","p1":"David uwu35","p2":"lokeyos","format":"[Gen 9] National Dex Ubers","log":"|j|\u2606David uwu35\n|j|\u2606lokeyos\n|t:|1699234764\n|gametype|singles\n|player|p1|David uwu35|shadowtriad|\n|player|p2|lokeyos|n|\n|teamsize|p1|6\n|teamsize|p2|6\n|gen|9\n|tier|[Gen 9] National Dex Ubers\n|rule|HP Percentage Mod: HP is shown in percentages\n|rule|Endless Battle Clause: Forcing endless battles is banned\n|rule|OHKO Clause: OHKO moves are banned\n|rule|Evasion Moves Clause: Evasion moves are banned\n|rule|Evasion Items Clause: Evasion items are banned\n|rule|Species Clause: Limit one of each Pok\u00e9mon\n|rule|Sleep Clause Mod: Limit one foe put to sleep\n|rule|Mega Rayquaza Clause: You cannot mega evolve Rayquaza\n|clearpoke\n|poke|p1|Espathra, M|\n|poke|p1|Lilligant-Hisui, F|\n|poke|p1|Magearna|\n|poke|p1|Chien-Pao|\n|poke|p1|Quaquaval, M|\n|poke|p1|Iron Hands|\n|poke|p2|Great Tusk|\n|poke|p2|Roaring Moon|\n|poke|p2|Ribombee, F|\n|poke|p2|Gliscor, M|\n|poke|p2|Gholdengo|\n|poke|p2|Rotom-Wash|\n|teampreview\n|\n|t:|1699234779\n|start\n|switch|p1a: Magearna|Magearna|100\/100\n|switch|p2a: Ribombee|Ribombee, F|100\/100\n|turn|1\n|\n|t:|1699234788\n|move|p2a: Ribombee|Stun Spore|p1a: Magearna\n|-status|p1a: Magearna|par\n|move|p1a: Magearna|Iron Defense|p1a: Magearna\n|-boost|p1a: Magearna|def|2\n|\n|upkeep\n|turn|2\n|\n|t:|1699234795\n|switch|p2a: Great Tusk|Great Tusk|100\/100\n|-enditem|p2a: Great Tusk|Booster Energy\n|-activate|p2a: Great Tusk|ability: Protosynthesis|[fromitem]\n|-start|p2a: Great Tusk|protosynthesisatk\n|move|p1a: Magearna|Iron Defense|p1a: Magearna\n|-boost|p1a: Magearna|def|2\n|\n|upkeep\n|turn|3\n|\n|t:|1699234804\n|-terastallize|p1a: Magearna|Flying\n|move|p2a: Great Tusk|Headlong Rush|p1a: Magearna\n|-immune|p1a: Magearna\n|move|p1a: Magearna|Calm Mind|p1a: Magearna\n|-boost|p1a: Magearna|spa|1\n|-boost|p1a: Magearna|spd|1\n|\n|upkeep\n|turn|4\n|\n|t:|1699234813\n|move|p2a: Great Tusk|Knock Off|p1a: Magearna\n|-damage|p1a: Magearna|89\/100 par\n|-enditem|p1a: Magearna|Leftovers|[from] move: Knock Off|[of] p2a: Great Tusk\n|move|p1a: Magearna|Calm Mind|p1a: Magearna\n|-boost|p1a: Magearna|spa|1\n|-boost|p1a: Magearna|spd|1\n|\n|upkeep\n|turn|5\n|\n|t:|1699234822\n|move|p2a: Great Tusk|Rapid Spin|p1a: Magearna\n|-damage|p1a: Magearna|83\/100 par\n|-boost|p2a: Great Tusk|spe|1\n|move|p1a: Magearna|Draining Kiss|p2a: Great Tusk\n|-supereffective|p2a: Great Tusk\n|-damage|p2a: Great Tusk|0 fnt\n|-heal|p1a: Magearna|100\/100 par|[from] drain|[of] p2a: Great Tusk\n|faint|p2a: Great Tusk\n|-ability|p1a: Magearna|Soul-Heart|boost\n|-boost|p1a: Magearna|spa|1\n|-end|p2a: Great Tusk|Protosynthesis|[silent]\n|\n|upkeep\n|\n|t:|1699234832\n|switch|p2a: Rotom|Rotom-Wash|100\/100\n|turn|6\n|\n|t:|1699234839\n|move|p2a: Rotom|Volt Switch|p1a: Magearna\n|-supereffective|p1a: Magearna\n|-damage|p1a: Magearna|79\/100 par\n|\n|t:|1699234842\n|switch|p2a: Ribombee|Ribombee, F|100\/100|[from] Volt Switch\n|move|p1a: Magearna|Draining Kiss|p2a: Ribombee\n|-enditem|p2a: Ribombee|Focus Sash\n|-damage|p2a: Ribombee|1\/100\n|-heal|p1a: Magearna|100\/100 par|[from] drain|[of] p2a: Ribombee\n|\n|upkeep\n|turn|7\n|\n|t:|1699234854\n|move|p2a: Ribombee|Sticky Web|p1a: Magearna\n|-sidestart|p1: David uwu35|move: Sticky Web\n|move|p1a: Magearna|Iron Defense|p1a: Magearna\n|-boost|p1a: Magearna|def|2\n|\n|upkeep\n|turn|8\n|\n|t:|1699234860\n|move|p2a: Ribombee|Moonblast|p1a: Magearna\n|-damage|p1a: Magearna|83\/100 par\n|move|p1a: Magearna|Calm Mind|p1a: Magearna\n|-boost|p1a: Magearna|spa|1\n|-boost|p1a: Magearna|spd|1\n|\n|upkeep\n|turn|9\n|\n|t:|1699234870\n|move|p2a: Ribombee|Moonblast|p1a: Magearna\n|-damage|p1a: Magearna|69\/100 par\n|cant|p1a: Magearna|par\n|\n|upkeep\n|turn|10\n|\n|t:|1699234876\n|move|p2a: Ribombee|Moonblast|p1a: Magearna\n|-damage|p1a: Magearna|56\/100 par\n|move|p1a: Magearna|Draining Kiss|p2a: Ribombee\n|-damage|p2a: Ribombee|0 fnt\n|-heal|p1a: Magearna|57\/100 par|[from] drain|[of] p2a: Ribombee\n|faint|p2a: Ribombee\n|-ability|p1a: Magearna|Soul-Heart|boost\n|-boost|p1a: Magearna|spa|1\n|\n|upkeep\n|\n|t:|1699234883\n|switch|p2a: Rotom|Rotom-Wash|100\/100\n|turn|11\n|\n|t:|1699234906\n|move|p2a: Rotom|Volt Switch|p1a: Magearna\n|-supereffective|p1a: Magearna\n|-damage|p1a: Magearna|41\/100 par\n|\n|t:|1699234909\n|switch|p2a: Gholdengo|Gholdengo|100\/100|[from] Volt Switch\n|move|p1a: Magearna|Draining Kiss|p2a: Gholdengo\n|-resisted|p2a: Gholdengo\n|-damage|p2a: Gholdengo|47\/100\n|-heal|p1a: Magearna|83\/100 par|[from] drain|[of] p2a: Gholdengo\n|\n|upkeep\n|turn|12\n|\n|t:|1699234924\n|move|p2a: Gholdengo|Make It Rain|p1a: Magearna\n|-damage|p1a: Magearna|61\/100 par\n|-unboost|p2a: Gholdengo|spa|1\n|move|p1a: Magearna|Draining Kiss|p2a: Gholdengo\n|-resisted|p2a: Gholdengo\n|-damage|p2a: Gholdengo|0 fnt\n|-heal|p1a: Magearna|98\/100 par|[from] drain|[of] p2a: Gholdengo\n|faint|p2a: Gholdengo\n|-ability|p1a: Magearna|Soul-Heart|boost\n|-boost|p1a: Magearna|spa|1\n|\n|upkeep\n|\n|t:|1699234934\n|switch|p2a: Roaring Moon|Roaring Moon|100\/100\n|-enditem|p2a: Roaring Moon|Booster Energy\n|-activate|p2a: Roaring Moon|ability: Protosynthesis|[fromitem]\n|-start|p2a: Roaring Moon|protosynthesisatk\n|turn|13\n|\n|t:|1699234956\n|-terastallize|p2a: Roaring Moon|Flying\n|move|p2a: Roaring Moon|Dragon Dance|p2a: Roaring Moon\n|-boost|p2a: Roaring Moon|atk|1\n|-boost|p2a: Roaring Moon|spe|1\n|cant|p1a: Magearna|par\n|\n|upkeep\n|turn|14\n|\n|t:|1699234969\n|move|p2a: Roaring Moon|Acrobatics|p1a: Magearna\n|-damage|p1a: Magearna|75\/100 par\n|move|p1a: Magearna|Draining Kiss|p2a: Roaring Moon\n|-damage|p2a: Roaring Moon|1\/100\n|-heal|p1a: Magearna|100\/100 par|[from] drain|[of] p2a: Roaring Moon\n|\n|upkeep\n|turn|15\n|\n|t:|1699234981\n|move|p2a: Roaring Moon|Dragon Dance|p2a: Roaring Moon\n|-boost|p2a: Roaring Moon|atk|1\n|-boost|p2a: Roaring Moon|spe|1\n|move|p1a: Magearna|Stored Power|p2a: Roaring Moon\n|-damage|p2a: Roaring Moon|0 fnt\n|faint|p2a: Roaring Moon\n|-end|p2a: Roaring Moon|Protosynthesis|[silent]\n|\n|upkeep\n|\n|t:|1699234989\n|switch|p2a: Gliscor|Gliscor, M|100\/100\n|turn|16\n|\n|t:|1699234994\n|move|p2a: Gliscor|Protect|p2a: Gliscor\n|-singleturn|p2a: Gliscor|Protect\n|move|p1a: Magearna|Stored Power|p2a: Gliscor\n|-activate|p2a: Gliscor|move: Protect\n|\n|-status|p2a: Gliscor|tox|[from] item: Toxic Orb\n|upkeep\n|turn|17\n|\n|t:|1699235003\n|move|p2a: Gliscor|Facade|p1a: Magearna\n|-damage|p1a: Magearna|94\/100 par\n|cant|p1a: Magearna|par\n|\n|upkeep\n|turn|18\n|\n|t:|1699235009\n|move|p2a: Gliscor|Spikes|p1a: Magearna\n|-sidestart|p1: David uwu35|Spikes\n|move|p1a: Magearna|Stored Power|p2a: Gliscor\n|-damage|p2a: Gliscor|0 fnt\n|faint|p2a: Gliscor\n|\n|upkeep\n|\n|t:|1699235013\n|switch|p2a: Rotom|Rotom-Wash|100\/100\n|turn|19\n|\n|t:|1699235019\n|move|p2a: Rotom|Volt Switch|p1a: Magearna\n|-supereffective|p1a: Magearna\n|-damage|p1a: Magearna|78\/100 par\n|move|p1a: Magearna|Draining Kiss|p2a: Rotom\n|-damage|p2a: Rotom|0 fnt\n|-heal|p1a: Magearna|100\/100 par|[from] drain|[of] p2a: Rotom\n|faint|p2a: Rotom\n|\n|win|David uwu35\n","uploadtime":1699235029,"views":4,"p1id":"daviduwu35","p2id":"lokeyos","formatid":"gen9nationaldexubers","rating":0,"private":0,"password":""}