{"id":"gen9nationaldexubers-1995614384","p1":"RedHoodKat","p2":"The power of ROCK","format":"[Gen 9] National Dex Ubers","log":"|j|\u2606RedHoodKat\n|j|\u2606The power of ROCK\n|t:|1700587631\n|gametype|singles\n|player|p1|RedHoodKat|colress|\n|player|p2|The power of ROCK|roark|\n|teamsize|p1|6\n|teamsize|p2|6\n|gen|9\n|tier|[Gen 9] National Dex Ubers\n|rule|HP Percentage Mod: HP is shown in percentages\n|rule|Endless Battle Clause: Forcing endless battles is banned\n|rule|OHKO Clause: OHKO moves are banned\n|rule|Evasion Moves Clause: Evasion moves are banned\n|rule|Evasion Items Clause: Evasion items are banned\n|rule|Species Clause: Limit one of each Pok\u00e9mon\n|rule|Sleep Clause Mod: Limit one foe put to sleep\n|rule|Mega Rayquaza Clause: You cannot mega evolve Rayquaza\n|clearpoke\n|poke|p1|Gholdengo|\n|poke|p1|Excadrill, M|\n|poke|p1|Kingambit, M|\n|poke|p1|Melmetal|\n|poke|p1|Jirachi|\n|poke|p1|Necrozma-Dusk-Mane|\n|poke|p2|Tyranitar, M|\n|poke|p2|Garganacl, M|\n|poke|p2|Aggron, M|\n|poke|p2|Cradily, F|\n|poke|p2|Arceus-Rock|\n|poke|p2|Glimmora, M|\n|teampreview\n|\n|t:|1700587641\n|start\n|switch|p1a: Metal Child|Jirachi, shiny|100\/100\n|switch|p2a: Garganacl|Garganacl, M|100\/100\n|turn|1\n|\n|t:|1700587648\n|-terastallize|p2a: Garganacl|Ghost\n|move|p1a: Metal Child|Shadow Ball|p2a: Garganacl\n|-supereffective|p2a: Garganacl\n|-crit|p2a: Garganacl\n|-damage|p2a: Garganacl|79\/100\n|-enditem|p2a: Garganacl|Maranga Berry|[eat]\n|-boost|p2a: Garganacl|spd|1|[from] item: Maranga Berry\n|move|p2a: Garganacl|Salt Cure|p1a: Metal Child\n|-resisted|p1a: Metal Child\n|-damage|p1a: Metal Child|93\/100\n|-start|p1a: Metal Child|Salt Cure\n|\n|-damage|p1a: Metal Child|69\/100|[from] Salt Cure\n|upkeep\n|turn|2\n|\n|t:|1700587655\n|move|p1a: Metal Child|Shadow Ball|p2a: Garganacl\n|-supereffective|p2a: Garganacl\n|-damage|p2a: Garganacl|69\/100\n|-unboost|p2a: Garganacl|spd|1\n|move|p2a: Garganacl|Recover|p2a: Garganacl\n|-heal|p2a: Garganacl|100\/100\n|\n|-damage|p1a: Metal Child|44\/100|[from] Salt Cure\n|upkeep\n|turn|3\n|\n|t:|1700587664\n|move|p1a: Metal Child|Shadow Ball|p2a: Garganacl\n|-supereffective|p2a: Garganacl\n|-damage|p2a: Garganacl|86\/100\n|move|p2a: Garganacl|Iron Defense|p2a: Garganacl\n|-boost|p2a: Garganacl|def|2\n|\n|-damage|p1a: Metal Child|19\/100|[from] Salt Cure\n|upkeep\n|-enditem|p1a: Metal Child|Aguav Berry|[eat]\n|-heal|p1a: Metal Child|52\/100|[from] item: Aguav Berry\n|turn|4\n|\n|t:|1700587672\n|move|p1a: Metal Child|Shadow Ball|p2a: Garganacl\n|-supereffective|p2a: Garganacl\n|-damage|p2a: Garganacl|71\/100\n|move|p2a: Garganacl|Iron Defense|p2a: Garganacl\n|-boost|p2a: Garganacl|def|2\n|\n|-damage|p1a: Metal Child|27\/100|[from] Salt Cure\n|upkeep\n|turn|5\n|\n|t:|1700587676\n|move|p1a: Metal Child|Shadow Ball|p2a: Garganacl\n|-supereffective|p2a: Garganacl\n|-damage|p2a: Garganacl|57\/100\n|-unboost|p2a: Garganacl|spd|1\n|move|p2a: Garganacl|Recover|p2a: Garganacl\n|-heal|p2a: Garganacl|100\/100\n|\n|-damage|p1a: Metal Child|2\/100|[from] Salt Cure\n|upkeep\n|turn|6\n|\n|t:|1700587682\n|move|p1a: Metal Child|Shadow Ball|p2a: Garganacl\n|-supereffective|p2a: Garganacl\n|-damage|p2a: Garganacl|78\/100\n|move|p2a: Garganacl|Recover|p2a: Garganacl\n|-heal|p2a: Garganacl|100\/100\n|\n|-damage|p1a: Metal Child|0 fnt|[from] Salt Cure\n|faint|p1a: Metal Child\n|upkeep\n|\n|t:|1700587688\n|switch|p1a: String Cheese|Gholdengo|100\/100\n|turn|7\n|\n|t:|1700587694\n|switch|p2a: Tyranitar|Tyranitar, M|100\/100\n|-weather|Sandstorm|[from] ability: Sand Stream|[of] p2a: Tyranitar\n|move|p1a: String Cheese|Nasty Plot|p1a: String Cheese\n|-boost|p1a: String Cheese|spa|2\n|\n|-weather|Sandstorm|[upkeep]\n|upkeep\n|turn|8\n|\n|t:|1700587698\n|move|p1a: String Cheese|Nasty Plot|p1a: String Cheese\n|-boost|p1a: String Cheese|spa|2\n|move|p2a: Tyranitar|Knock Off|p1a: String Cheese\n|-supereffective|p1a: String Cheese\n|-damage|p1a: String Cheese|7\/100\n|-enditem|p1a: String Cheese|Wise Glasses|[from] move: Knock Off|[of] p2a: Tyranitar\n|\n|-weather|Sandstorm|[upkeep]\n|upkeep\n|turn|9\n|\n|t:|1700587702\n|move|p1a: String Cheese|Flash Cannon|p2a: Tyranitar\n|-supereffective|p2a: Tyranitar\n|-damage|p2a: Tyranitar|35\/100\n|move|p2a: Tyranitar|Pursuit|p1a: String Cheese\n|-supereffective|p1a: String Cheese\n|-damage|p1a: String Cheese|0 fnt\n|faint|p1a: String Cheese\n|\n|-weather|Sandstorm|[upkeep]\n|upkeep\n|\n|t:|1700587709\n|switch|p1a: 2 Sharp|Kingambit, M, shiny|100\/100\n|turn|10\n|\n|t:|1700587711\n|move|p1a: 2 Sharp|Brick Break|p2a: Tyranitar\n|-supereffective|p2a: Tyranitar\n|-damage|p2a: Tyranitar|0 fnt\n|faint|p2a: Tyranitar\n|\n|-weather|Sandstorm|[upkeep]\n|upkeep\n|\n|t:|1700587714\n|switch|p2a: Aggron|Aggron, M|100\/100\n|turn|11\n|\n|t:|1700587719\n|detailschange|p2a: Aggron|Aggron-Mega, M\n|-mega|p2a: Aggron|Aggron|Aggronite\n|move|p1a: 2 Sharp|Brick Break|p2a: Aggron\n|-supereffective|p2a: Aggron\n|-damage|p2a: Aggron|84\/100\n|move|p2a: Aggron|Iron Defense|p2a: Aggron\n|-boost|p2a: Aggron|def|2\n|\n|-weather|none\n|upkeep\n|turn|12\n|\n|t:|1700587724\n|move|p1a: 2 Sharp|Brick Break|p2a: Aggron\n|-supereffective|p2a: Aggron\n|-damage|p2a: Aggron|76\/100\n|move|p2a: Aggron|Iron Defense|p2a: Aggron\n|-boost|p2a: Aggron|def|2\n|\n|upkeep\n|turn|13\n|\n|t:|1700587728\n|move|p2a: Aggron|Body Press|p1a: 2 Sharp\n|-supereffective|p1a: 2 Sharp\n|-damage|p1a: 2 Sharp|0 fnt\n|faint|p1a: 2 Sharp\n|\n|upkeep\n|\n|t:|1700587731\n|switch|p1a: Necrozma-Cat|Necrozma-Dusk-Mane, shiny|100\/100\n|turn|14\n|\n|t:|1700587737\n|move|p1a: Necrozma-Cat|Swords Dance|p1a: Necrozma-Cat\n|-boost|p1a: Necrozma-Cat|atk|2\n|move|p2a: Aggron|Iron Defense|p2a: Aggron\n|-boost|p2a: Aggron|def|2\n|\n|upkeep\n|turn|15\n|\n|t:|1700587741\n|move|p1a: Necrozma-Cat|Swords Dance|p1a: Necrozma-Cat\n|-boost|p1a: Necrozma-Cat|atk|2\n|move|p2a: Aggron|Body Press|p1a: Necrozma-Cat\n|-damage|p1a: Necrozma-Cat|0 fnt\n|faint|p1a: Necrozma-Cat\n|\n|upkeep\n|\n|t:|1700587749\n|switch|p1a: SmelSteel|Melmetal|100\/100\n|turn|16\n|\n|t:|1700587752\n|move|p2a: Aggron|Body Press|p1a: SmelSteel\n|-supereffective|p1a: SmelSteel\n|-damage|p1a: SmelSteel|0 fnt\n|faint|p1a: SmelSteel\n|\n|upkeep\n|\n|t:|1700587757\n|switch|p1a: Mole Man|Excadrill, M|100\/100\n|turn|17\n|\n|t:|1700587760\n|move|p1a: Mole Man|Earthquake|p2a: Aggron\n|-supereffective|p2a: Aggron\n|-crit|p2a: Aggron\n|-damage|p2a: Aggron|18\/100\n|move|p2a: Aggron|Body Press|p1a: Mole Man\n|-supereffective|p1a: Mole Man\n|-damage|p1a: Mole Man|0 fnt\n|faint|p1a: Mole Man\n|\n|win|The power of ROCK\n|l|\u2606RedHoodKat\n|c|\u2606The power of ROCK|gg : )\n","uploadtime":1700587767,"views":0,"p1id":"redhoodkat","p2id":"thepowerofrock","formatid":"gen9nationaldexubers","rating":0,"private":0,"password":""}