{"id":"gen9nationaldexubers-1984938772","p1":"Flames98765","p2":"SkylarSoren","format":"[Gen 9] National Dex Ubers","log":"|j|\u2606Flames98765\n|j|\u2606SkylarSoren\n|t:|1699312775\n|gametype|singles\n|player|p1|Flames98765|jasmine|\n|player|p2|SkylarSoren|ethan-masters|\n|teamsize|p1|6\n|teamsize|p2|6\n|gen|9\n|tier|[Gen 9] National Dex Ubers\n|rule|HP Percentage Mod: HP is shown in percentages\n|rule|Endless Battle Clause: Forcing endless battles is banned\n|rule|OHKO Clause: OHKO moves are banned\n|rule|Evasion Moves Clause: Evasion moves are banned\n|rule|Evasion Items Clause: Evasion items are banned\n|rule|Species Clause: Limit one of each Pok\u00e9mon\n|rule|Sleep Clause Mod: Limit one foe put to sleep\n|rule|Mega Rayquaza Clause: You cannot mega evolve Rayquaza\n|clearpoke\n|poke|p1|Zekrom|\n|poke|p1|Tapu Bulu|\n|poke|p1|Rotom-Wash|\n|poke|p1|Kartana|\n|poke|p1|Celebi|\n|poke|p1|Manectric, F|\n|poke|p2|Suicune|\n|poke|p2|Lopunny, F|\n|poke|p2|Serperior, M|\n|poke|p2|Cinderace, F|\n|poke|p2|Tapu Fini|\n|poke|p2|Zekrom|\n|teampreview\n|c|\u2606SkylarSoren|Glhf\n|\n|t:|1699312811\n|start\n|switch|p1a: Manectric|Manectric, F|100\/100\n|switch|p2a: Lopunny|Lopunny, F, shiny|100\/100\n|turn|1\n|\n|t:|1699312820\n|detailschange|p1a: Manectric|Manectric-Mega, F\n|-mega|p1a: Manectric|Manectric|Manectite\n|-ability|p1a: Manectric|Intimidate|boost\n|-unboost|p2a: Lopunny|atk|1\n|detailschange|p2a: Lopunny|Lopunny-Mega, F, shiny\n|-mega|p2a: Lopunny|Lopunny|Lopunnite\n|move|p2a: Lopunny|Fake Out|p1a: Manectric\n|-damage|p1a: Manectric|80\/100\n|cant|p1a: Manectric|flinch\n|\n|upkeep\n|turn|2\n|\n|t:|1699312833\n|switch|p2a: Tapu Fini|Tapu Fini|100\/100\n|-fieldstart|move: Misty Terrain|[from] ability: Misty Surge|[of] p2a: Tapu Fini\n|move|p1a: Manectric|Volt Switch|p2a: Tapu Fini\n|-supereffective|p2a: Tapu Fini\n|-damage|p2a: Tapu Fini|53\/100\n|\n|t:|1699312870\n|switch|p1a: Zekrom|Zekrom|100\/100|[from] Volt Switch\n|-ability|p1a: Zekrom|Teravolt\n|\n|-heal|p2a: Tapu Fini|59\/100|[from] item: Leftovers\n|upkeep\n|turn|3\n|\n|t:|1699312883\n|switch|p2a: Zekrom|Zekrom|100\/100\n|-ability|p2a: Zekrom|Teravolt\n|move|p1a: Zekrom|Bolt Strike|p2a: Zekrom\n|-resisted|p2a: Zekrom\n|-damage|p2a: Zekrom|83\/100\n|\n|upkeep\n|turn|4\n|\n|t:|1699312895\n|switch|p1a: Tapu Bulu|Tapu Bulu|100\/100\n|-fieldstart|move: Grassy Terrain|[from] ability: Grassy Surge|[of] p1a: Tapu Bulu\n|move|p2a: Zekrom|Dragon Dance|p2a: Zekrom\n|-boost|p2a: Zekrom|atk|1\n|-boost|p2a: Zekrom|spe|1\n|\n|-heal|p2a: Zekrom|89\/100|[from] Grassy Terrain\n|upkeep\n|turn|5\n|\n|t:|1699312915\n|move|p2a: Zekrom|Volt Switch|p1a: Tapu Bulu\n|-resisted|p1a: Tapu Bulu\n|-damage|p1a: Tapu Bulu|89\/100\n|\n|t:|1699312926\n|switch|p2a: Serperior|Serperior, M|100\/100|[from] Volt Switch\n|move|p1a: Tapu Bulu|Taunt|p2a: Serperior\n|-start|p2a: Serperior|move: Taunt\n|\n|-heal|p1a: Tapu Bulu|95\/100|[from] Grassy Terrain\n|-heal|p1a: Tapu Bulu|100\/100|[from] item: Leftovers\n|upkeep\n|turn|6\n|\n|t:|1699312957\n|switch|p2a: Cinderace|Cinderace, F|100\/100\n|switch|p1a: Zekrom|Zekrom|100\/100\n|-ability|p1a: Zekrom|Teravolt\n|-enditem|p1a: Zekrom|Grassy Seed\n|-boost|p1a: Zekrom|def|1|[from] item: Grassy Seed\n|\n|upkeep\n|turn|7\n|\n|t:|1699312977\n|move|p2a: Cinderace|U-turn|p1a: Zekrom\n|-start|p2a: Cinderace|typechange|Bug|[from] ability: Libero\n|-damage|p1a: Zekrom|80\/100\n|\n|t:|1699313006\n|switch|p2a: Tapu Fini|Tapu Fini|59\/100|[from] U-turn\n|-fieldstart|move: Misty Terrain|[from] ability: Misty Surge|[of] p2a: Tapu Fini\n|move|p1a: Zekrom|Dragon Dance|p1a: Zekrom\n|-boost|p1a: Zekrom|atk|1\n|-boost|p1a: Zekrom|spe|1\n|\n|-heal|p2a: Tapu Fini|65\/100|[from] item: Leftovers\n|upkeep\n|turn|8\n|\n|t:|1699313022\n|move|p1a: Zekrom|Bolt Strike|p2a: Tapu Fini\n|-supereffective|p2a: Tapu Fini\n|-damage|p2a: Tapu Fini|0 fnt\n|faint|p2a: Tapu Fini\n|\n|upkeep\n|\n|t:|1699313035\n|switch|p2a: Zekrom|Zekrom|89\/100\n|-ability|p2a: Zekrom|Teravolt\n|turn|9\n|\n|t:|1699313051\n|move|p1a: Zekrom|Dragon Dance|p1a: Zekrom\n|-boost|p1a: Zekrom|atk|1\n|-boost|p1a: Zekrom|spe|1\n|-zpower|p2a: Zekrom\n|move|p2a: Zekrom|Devastating Drake|p1a: Zekrom|[zeffect]\n|-supereffective|p1a: Zekrom\n|-damage|p1a: Zekrom|13\/100\n|\n|upkeep\n|turn|10\n|\n|t:|1699313066\n|switch|p2a: Serperior|Serperior, M|100\/100\n|move|p1a: Zekrom|Roost|p1a: Zekrom\n|-heal|p1a: Zekrom|64\/100\n|-singleturn|p1a: Zekrom|move: Roost\n|\n|upkeep\n|turn|11\n|\n|t:|1699313084\n|move|p1a: Zekrom|Roost|p1a: Zekrom\n|-heal|p1a: Zekrom|100\/100\n|-singleturn|p1a: Zekrom|move: Roost\n|move|p2a: Serperior|Leech Seed|p1a: Zekrom\n|-start|p1a: Zekrom|move: Leech Seed\n|\n|-damage|p1a: Zekrom|88\/100|[from] Leech Seed|[of] p2a: Serperior\n|-fieldend|Misty Terrain\n|upkeep\n|turn|12\n|\n|t:|1699313096\n|move|p1a: Zekrom|Dragon Claw|p2a: Serperior\n|-damage|p2a: Serperior|0 fnt\n|faint|p2a: Serperior\n|\n|upkeep\n|\n|t:|1699313118\n|switch|p2a: Suicune|Suicune, shiny|100\/100\n|-ability|p2a: Suicune|Pressure\n|turn|13\n|\n|t:|1699313127\n|-terastallize|p2a: Suicune|Ground\n|move|p1a: Zekrom|Bolt Strike|p2a: Suicune\n|-immune|p2a: Suicune\n|move|p2a: Suicune|Scald|p1a: Zekrom\n|-resisted|p1a: Zekrom\n|-damage|p1a: Zekrom|76\/100\n|\n|-damage|p1a: Zekrom|64\/100|[from] Leech Seed|[of] p2a: Suicune\n|upkeep\n|turn|14\n|\n|t:|1699313142\n|move|p2a: Suicune|Protect|p2a: Suicune\n|-singleturn|p2a: Suicune|Protect\n|move|p1a: Zekrom|Dragon Claw|p2a: Suicune\n|-activate|p2a: Suicune|move: Protect\n|\n|-damage|p1a: Zekrom|51\/100|[from] Leech Seed|[of] p2a: Suicune\n|upkeep\n|turn|15\n|\n|t:|1699313157\n|move|p1a: Zekrom|Roost|p1a: Zekrom\n|-heal|p1a: Zekrom|100\/100\n|-singleturn|p1a: Zekrom|move: Roost\n|move|p2a: Suicune|Scald|p1a: Zekrom\n|-resisted|p1a: Zekrom\n|-damage|p1a: Zekrom|89\/100\n|-status|p1a: Zekrom|brn\n|\n|-damage|p1a: Zekrom|77\/100 brn|[from] Leech Seed|[of] p2a: Suicune\n|-damage|p1a: Zekrom|71\/100 brn|[from] brn\n|upkeep\n|turn|16\n|\n|t:|1699313169\n|move|p1a: Zekrom|Dragon Dance|p1a: Zekrom\n|-boost|p1a: Zekrom|atk|1\n|-boost|p1a: Zekrom|spe|1\n|move|p2a: Suicune|Substitute|p2a: Suicune\n|-start|p2a: Suicune|Substitute\n|-damage|p2a: Suicune|75\/100\n|\n|-heal|p2a: Suicune|82\/100|[from] item: Leftovers\n|-damage|p1a: Zekrom|58\/100 brn|[from] Leech Seed|[of] p2a: Suicune\n|-heal|p2a: Suicune|92\/100|[silent]\n|-damage|p1a: Zekrom|52\/100 brn|[from] brn\n|upkeep\n|turn|17\n|\n|t:|1699313182\n|move|p2a: Suicune|Protect|p2a: Suicune\n|-singleturn|p2a: Suicune|Protect\n|move|p1a: Zekrom|Dragon Dance|p1a: Zekrom\n|-boost|p1a: Zekrom|atk|1\n|-boost|p1a: Zekrom|spe|1\n|\n|-heal|p2a: Suicune|98\/100|[from] item: Leftovers\n|-damage|p1a: Zekrom|40\/100 brn|[from] Leech Seed|[of] p2a: Suicune\n|-heal|p2a: Suicune|100\/100|[silent]\n|-damage|p1a: Zekrom|34\/100 brn|[from] brn\n|upkeep\n|turn|18\n|\n|t:|1699313198\n|move|p1a: Zekrom|Roost|p1a: Zekrom\n|-heal|p1a: Zekrom|84\/100 brn\n|-singleturn|p1a: Zekrom|move: Roost\n|move|p2a: Suicune|Calm Mind|p2a: Suicune\n|-boost|p2a: Suicune|spa|1\n|-boost|p2a: Suicune|spd|1\n|\n|-damage|p1a: Zekrom|71\/100 brn|[from] Leech Seed|[of] p2a: Suicune\n|-damage|p1a: Zekrom|65\/100 brn|[from] brn\n|upkeep\n|turn|19\n|\n|t:|1699313208\n|move|p1a: Zekrom|Dragon Claw|p2a: Suicune\n|-end|p2a: Suicune|Substitute\n|move|p2a: Suicune|Calm Mind|p2a: Suicune\n|-boost|p2a: Suicune|spa|1\n|-boost|p2a: Suicune|spd|1\n|\n|-damage|p1a: Zekrom|53\/100 brn|[from] Leech Seed|[of] p2a: Suicune\n|-damage|p1a: Zekrom|47\/100 brn|[from] brn\n|upkeep\n|turn|20\n|\n|t:|1699313221\n|move|p1a: Zekrom|Dragon Claw|p2a: Suicune\n|-damage|p2a: Suicune|50\/100\n|move|p2a: Suicune|Calm Mind|p2a: Suicune\n|-boost|p2a: Suicune|spa|1\n|-boost|p2a: Suicune|spd|1\n|\n|-heal|p2a: Suicune|56\/100|[from] item: Leftovers\n|-damage|p1a: Zekrom|35\/100 brn|[from] Leech Seed|[of] p2a: Suicune\n|-heal|p2a: Suicune|66\/100|[silent]\n|-damage|p1a: Zekrom|28\/100 brn|[from] brn\n|upkeep\n|turn|21\n|\n|t:|1699313238\n|move|p2a: Suicune|Protect|p2a: Suicune\n|-singleturn|p2a: Suicune|Protect\n|move|p1a: Zekrom|Roost|p1a: Zekrom\n|-heal|p1a: Zekrom|79\/100 brn\n|-singleturn|p1a: Zekrom|move: Roost\n|\n|-heal|p2a: Suicune|72\/100|[from] item: Leftovers\n|-damage|p1a: Zekrom|66\/100 brn|[from] Leech Seed|[of] p2a: Suicune\n|-heal|p2a: Suicune|83\/100|[silent]\n|-damage|p1a: Zekrom|60\/100 brn|[from] brn\n|upkeep\n|turn|22\n|\n|t:|1699313250\n|move|p1a: Zekrom|Dragon Claw|p2a: Suicune\n|-damage|p2a: Suicune|35\/100\n|move|p2a: Suicune|Scald|p1a: Zekrom\n|-resisted|p1a: Zekrom\n|-damage|p1a: Zekrom|27\/100 brn\n|\n|-heal|p2a: Suicune|41\/100|[from] item: Leftovers\n|-damage|p1a: Zekrom|15\/100 brn|[from] Leech Seed|[of] p2a: Suicune\n|-heal|p2a: Suicune|52\/100|[silent]\n|-damage|p1a: Zekrom|9\/100 brn|[from] brn\n|upkeep\n|turn|23\n|\n|t:|1699313267\n|move|p1a: Zekrom|Dragon Claw|p2a: Suicune\n|-damage|p2a: Suicune|3\/100\n|move|p2a: Suicune|Scald|p1a: Zekrom\n|-resisted|p1a: Zekrom\n|-damage|p1a: Zekrom|0 fnt\n|faint|p1a: Zekrom\n|\n|-heal|p2a: Suicune|10\/100|[from] item: Leftovers\n|upkeep\n|\n|t:|1699313279\n|switch|p1a: Kartana|Kartana|100\/100\n|turn|24\n|\n|t:|1699313288\n|switch|p2a: Cinderace|Cinderace, F|100\/100\n|move|p1a: Kartana|Knock Off|p2a: Cinderace\n|-damage|p2a: Cinderace|41\/100\n|-enditem|p2a: Cinderace|Heavy-Duty Boots|[from] move: Knock Off|[of] p1a: Kartana\n|\n|upkeep\n|turn|25\n|\n|t:|1699313305\n|switch|p1a: Rotom|Rotom-Wash|100\/100\n|move|p2a: Cinderace|Pyro Ball|p1a: Rotom|[miss]\n|-miss|p2a: Cinderace|p1a: Rotom\n|\n|upkeep\n|turn|26\n|\n|t:|1699313314\n|move|p2a: Cinderace|U-turn|p1a: Rotom\n|-start|p2a: Cinderace|typechange|Bug|[from] ability: Libero\n|-damage|p1a: Rotom|66\/100\n|\n|t:|1699313319\n|switch|p2a: Zekrom|Zekrom|89\/100|[from] U-turn\n|-ability|p2a: Zekrom|Teravolt\n|move|p1a: Rotom|Volt Switch|p2a: Zekrom\n|-resisted|p2a: Zekrom\n|-damage|p2a: Zekrom|81\/100\n|\n|t:|1699313376\n|switch|p1a: Celebi|Celebi|100\/100|[from] Volt Switch\n|\n|upkeep\n|turn|27\n|\n|t:|1699313390\n|move|p2a: Zekrom|Volt Switch|p1a: Celebi\n|-resisted|p1a: Celebi\n|-damage|p1a: Celebi|93\/100\n|\n|t:|1699313394\n|switch|p2a: Cinderace|Cinderace, F|41\/100|[from] Volt Switch\n|move|p1a: Celebi|Leech Seed|p2a: Cinderace\n|-start|p2a: Cinderace|move: Leech Seed\n|\n|-heal|p1a: Celebi|99\/100|[from] item: Leftovers\n|-damage|p2a: Cinderace|29\/100|[from] Leech Seed|[of] p1a: Celebi\n|-heal|p1a: Celebi|100\/100|[silent]\n|upkeep\n|turn|28\n|\n|t:|1699313413\n|switch|p1a: Manectric|Manectric-Mega, F|80\/100\n|-ability|p1a: Manectric|Intimidate|boost\n|-unboost|p2a: Cinderace|atk|1\n|move|p2a: Cinderace|U-turn|p1a: Manectric\n|-start|p2a: Cinderace|typechange|Bug|[from] ability: Libero\n|-damage|p1a: Manectric|48\/100\n|\n|t:|1699313422\n|switch|p2a: Zekrom|Zekrom|81\/100|[from] U-turn\n|-ability|p2a: Zekrom|Teravolt\n|\n|upkeep\n|turn|29\n|\n|t:|1699313432\n|move|p1a: Manectric|Hidden Power|p2a: Zekrom\n|-supereffective|p2a: Zekrom\n|-damage|p2a: Zekrom|35\/100\n|move|p2a: Zekrom|Dragon Dance|p2a: Zekrom\n|-boost|p2a: Zekrom|atk|1\n|-boost|p2a: Zekrom|spe|1\n|\n|upkeep\n|turn|30\n|\n|t:|1699313445\n|switch|p1a: Tapu Bulu|Tapu Bulu|100\/100\n|-fieldstart|move: Grassy Terrain|[from] ability: Grassy Surge|[of] p1a: Tapu Bulu\n|move|p2a: Zekrom|Volt Switch|p1a: Tapu Bulu\n|-resisted|p1a: Tapu Bulu\n|-damage|p1a: Tapu Bulu|88\/100\n|\n|t:|1699313453\n|switch|p2a: Cinderace|Cinderace, F|29\/100|[from] Volt Switch\n|\n|-heal|p2a: Cinderace|35\/100|[from] Grassy Terrain\n|-heal|p1a: Tapu Bulu|94\/100|[from] Grassy Terrain\n|-heal|p1a: Tapu Bulu|100\/100|[from] item: Leftovers\n|upkeep\n|turn|31\n|\n|t:|1699313488\n|switch|p1a: Rotom|Rotom-Wash|66\/100\n|move|p2a: Cinderace|Pyro Ball|p1a: Rotom\n|-resisted|p1a: Rotom\n|-damage|p1a: Rotom|36\/100\n|-enditem|p1a: Rotom|Sitrus Berry|[eat]\n|-heal|p1a: Rotom|61\/100|[from] item: Sitrus Berry\n|\n|-heal|p2a: Cinderace|41\/100|[from] Grassy Terrain\n|upkeep\n|turn|32\n|\n|t:|1699313508\n|move|p2a: Cinderace|High Jump Kick|p1a: Rotom\n|-start|p2a: Cinderace|typechange|Fighting|[from] ability: Libero\n|-damage|p1a: Rotom|4\/100\n|move|p1a: Rotom|Hydro Pump|p2a: Cinderace\n|-damage|p2a: Cinderace|0 fnt\n|faint|p2a: Cinderace\n|\n|upkeep\n|\n|t:|1699313532\n|switch|p2a: Lopunny|Lopunny-Mega, F, shiny|100\/100\n|turn|33\n|\n|t:|1699313540\n|move|p2a: Lopunny|Return|p1a: Rotom\n|-damage|p1a: Rotom|0 fnt\n|faint|p1a: Rotom\n|\n|upkeep\n|\n|t:|1699313552\n|switch|p1a: Manectric|Manectric-Mega, F|48\/100\n|-ability|p1a: Manectric|Intimidate|boost\n|-fail|p2a: Lopunny|unboost|Attack|[from] ability: Scrappy|[of] p2a: Lopunny\n|turn|34\n|\n|t:|1699313563\n|move|p2a: Lopunny|Return|p1a: Manectric\n|-damage|p1a: Manectric|0 fnt\n|faint|p1a: Manectric\n|\n|-fieldend|move: Grassy Terrain\n|upkeep\n|\n|t:|1699313582\n|switch|p1a: Tapu Bulu|Tapu Bulu|100\/100\n|-fieldstart|move: Grassy Terrain|[from] ability: Grassy Surge|[of] p1a: Tapu Bulu\n|turn|35\n|\n|t:|1699313592\n|move|p2a: Lopunny|U-turn|p1a: Tapu Bulu\n|-damage|p1a: Tapu Bulu|79\/100\n|\n|t:|1699313595\n|switch|p2a: Zekrom|Zekrom|35\/100|[from] U-turn\n|-ability|p2a: Zekrom|Teravolt\n|move|p1a: Tapu Bulu|Horn Leech|p2a: Zekrom\n|-resisted|p2a: Zekrom\n|-damage|p2a: Zekrom|10\/100\n|-heal|p1a: Tapu Bulu|91\/100|[from] drain|[of] p2a: Zekrom\n|\n|-heal|p2a: Zekrom|17\/100|[from] Grassy Terrain\n|-heal|p1a: Tapu Bulu|98\/100|[from] Grassy Terrain\n|-heal|p1a: Tapu Bulu|100\/100|[from] item: Leftovers\n|upkeep\n|turn|36\n|\n|t:|1699313617\n|move|p2a: Zekrom|Bolt Strike|p1a: Tapu Bulu\n|-resisted|p1a: Tapu Bulu\n|-crit|p1a: Tapu Bulu\n|-damage|p1a: Tapu Bulu|50\/100\n|-status|p1a: Tapu Bulu|par\n|move|p1a: Tapu Bulu|High Horsepower|p2a: Zekrom\n|-supereffective|p2a: Zekrom\n|-damage|p2a: Zekrom|0 fnt\n|faint|p2a: Zekrom\n|\n|-heal|p1a: Tapu Bulu|56\/100 par|[from] Grassy Terrain\n|-heal|p1a: Tapu Bulu|62\/100 par|[from] item: Leftovers\n|upkeep\n|\n|t:|1699313632\n|switch|p2a: Lopunny|Lopunny-Mega, F, shiny|100\/100\n|turn|37\n|\n|t:|1699313643\n|switch|p1a: Celebi|Celebi|100\/100\n|move|p2a: Lopunny|Fake Out|p1a: Celebi\n|-damage|p1a: Celebi|82\/100\n|\n|-heal|p1a: Celebi|88\/100|[from] Grassy Terrain\n|-heal|p1a: Celebi|94\/100|[from] item: Leftovers\n|upkeep\n|turn|38\n|\n|t:|1699313657\n|-terastallize|p1a: Celebi|Steel\n|move|p2a: Lopunny|Return|p1a: Celebi\n|-resisted|p1a: Celebi\n|-damage|p1a: Celebi|73\/100\n|move|p1a: Celebi|Future Sight|p2a: Lopunny\n|-start|p1a: Celebi|move: Future Sight\n|\n|-heal|p1a: Celebi|79\/100|[from] Grassy Terrain\n|-heal|p1a: Celebi|85\/100|[from] item: Leftovers\n|upkeep\n|turn|39\n|\n|t:|1699313677\n|switch|p1a: Kartana|Kartana|100\/100\n|move|p2a: Lopunny|U-turn|p1a: Kartana\n|-damage|p1a: Kartana|72\/100\n|\n|t:|1699313685\n|switch|p2a: Suicune|Suicune, shiny, tera:Ground|10\/100|[from] U-turn\n|-ability|p2a: Suicune|Pressure\n|\n|-heal|p1a: Kartana|78\/100|[from] Grassy Terrain\n|-heal|p2a: Suicune|16\/100|[from] Grassy Terrain\n|-heal|p2a: Suicune|22\/100|[from] item: Leftovers\n|-fieldend|move: Grassy Terrain\n|upkeep\n|turn|40\n|\n|t:|1699313702\n|move|p2a: Suicune|Protect|p2a: Suicune\n|-singleturn|p2a: Suicune|Protect\n|move|p1a: Kartana|Knock Off|p2a: Suicune\n|-activate|p2a: Suicune|move: Protect\n|\n|-end|p2a: Suicune|move: Future Sight\n|-crit|p2a: Suicune\n|-damage|p2a: Suicune|0 fnt\n|faint|p2a: Suicune\n|upkeep\n|\n|t:|1699313712\n|switch|p2a: Lopunny|Lopunny-Mega, F, shiny|100\/100\n|turn|41\n|\n|t:|1699313720\n|move|p2a: Lopunny|Fake Out|p1a: Kartana\n|-resisted|p1a: Kartana\n|-crit|p1a: Kartana\n|-damage|p1a: Kartana|60\/100\n|cant|p1a: Kartana|flinch\n|\n|upkeep\n|turn|42\n|\n|t:|1699313731\n|move|p2a: Lopunny|Close Combat|p1a: Kartana\n|-supereffective|p1a: Kartana\n|-damage|p1a: Kartana|0 fnt\n|-unboost|p2a: Lopunny|def|1\n|-unboost|p2a: Lopunny|spd|1\n|faint|p1a: Kartana\n|\n|upkeep\n|\n|t:|1699313741\n|switch|p1a: Celebi|Celebi, tera:Steel|85\/100\n|turn|43\n|\n|t:|1699313747\n|move|p2a: Lopunny|Close Combat|p1a: Celebi\n|-supereffective|p1a: Celebi\n|-damage|p1a: Celebi|0 fnt\n|-unboost|p2a: Lopunny|def|1\n|-unboost|p2a: Lopunny|spd|1\n|faint|p1a: Celebi\n|\n|upkeep\n|\n|t:|1699313753\n|switch|p1a: Tapu Bulu|Tapu Bulu|62\/100 par\n|-fieldstart|move: Grassy Terrain|[from] ability: Grassy Surge|[of] p1a: Tapu Bulu\n|turn|44\n|\n|t:|1699313759\n|move|p2a: Lopunny|Return|p1a: Tapu Bulu\n|-damage|p1a: Tapu Bulu|11\/100 par\n|cant|p1a: Tapu Bulu|par\n|\n|-heal|p1a: Tapu Bulu|17\/100 par|[from] Grassy Terrain\n|-heal|p1a: Tapu Bulu|23\/100 par|[from] item: Leftovers\n|upkeep\n|turn|45\n|c|\u2606Flames98765|gg\n|\n|t:|1699313769\n|move|p2a: Lopunny|Return|p1a: Tapu Bulu\n|-damage|p1a: Tapu Bulu|0 fnt\n|faint|p1a: Tapu Bulu\n|\n|win|SkylarSoren\n|c|\u2606SkylarSoren|Gg\n","uploadtime":1699313775,"views":10,"p1id":"flames98765","p2id":"skylarsoren","formatid":"gen9nationaldexubers","rating":0,"private":0,"password":""}