{"id":"gen9nationaldexubers-1985577846","p1":"Standardbandard23","p2":"Destinum","format":"[Gen 9] National Dex Ubers","log":"|j|\u2606Standardbandard23\n|j|\u2606Destinum\n|t:|1699386094\n|gametype|singles\n|player|p1|Standardbandard23|1|\n|player|p2|Destinum|colress|\n|teamsize|p1|6\n|teamsize|p2|6\n|gen|9\n|tier|[Gen 9] National Dex Ubers\n|rule|HP Percentage Mod: HP is shown in percentages\n|rule|Endless Battle Clause: Forcing endless battles is banned\n|rule|OHKO Clause: OHKO moves are banned\n|rule|Evasion Moves Clause: Evasion moves are banned\n|rule|Evasion Items Clause: Evasion items are banned\n|rule|Species Clause: Limit one of each Pok\u00e9mon\n|rule|Sleep Clause Mod: Limit one foe put to sleep\n|rule|Mega Rayquaza Clause: You cannot mega evolve Rayquaza\n|clearpoke\n|poke|p1|Nihilego|\n|poke|p1|Xurkitree|\n|poke|p1|Buzzwole|\n|poke|p1|Blacephalon|\n|poke|p1|Stakataka|\n|poke|p1|Celesteela|\n|poke|p2|Ninetales-Alola, F|\n|poke|p2|Darmanitan-Galar, M|\n|poke|p2|Cetitan, M|\n|poke|p2|Piloswine, M|\n|poke|p2|Articuno|\n|poke|p2|Kyurem|\n|teampreview\n|c|\u2606Standardbandard23|tera is currently flying nihilego i hope i don't have to use it\n|c|\u2606Standardbandard23|glhf\n|c|\u2606Destinum|Oh, you're doing an Ultra Beast run again? Thought you were doing the band thing.\n|j| notastalecookie\n|c|\u2606Standardbandard23|tried it against holly and it was really bad\n|c|\u2606Standardbandard23|like really bad\n|\n|t:|1699386160\n|start\n|switch|p1a: Its not a moon|Celesteela|100\/100\n|switch|p2a: Chris P. Bacon|Piloswine, M|100\/100\n|turn|1\n|c|\u2606Destinum|Fair enough I guess.\n|\n|t:|1699386167\n|move|p1a: Its not a moon|Leech Seed|p2a: Chris P. Bacon\n|-start|p2a: Chris P. Bacon|move: Leech Seed\n|move|p2a: Chris P. Bacon|Stealth Rock|p1a: Its not a moon\n|-sidestart|p1: Standardbandard23|move: Stealth Rock\n|\n|-damage|p2a: Chris P. Bacon|88\/100|[from] Leech Seed|[of] p1a: Its not a moon\n|upkeep\n|turn|2\n|\n|t:|1699386180\n|switch|p2a: The Godfeather|Articuno|100\/100\n|-ability|p2a: The Godfeather|Pressure\n|move|p1a: Its not a moon|Heavy Slam|p2a: The Godfeather\n|-supereffective|p2a: The Godfeather\n|-damage|p2a: The Godfeather|44\/100\n|\n|upkeep\n|turn|3\n|j| Jamwo j\n|\n|t:|1699386189\n|move|p2a: The Godfeather|U-turn|p1a: Its not a moon\n|-resisted|p1a: Its not a moon\n|-damage|p1a: Its not a moon|99\/100\n|\n|t:|1699386196\n|switch|p2a: A Madafaking T-Rex|Kyurem|100\/100|[from] U-turn\n|-ability|p2a: A Madafaking T-Rex|Pressure\n|move|p1a: Its not a moon|Heavy Slam|p2a: A Madafaking T-Rex\n|-supereffective|p2a: A Madafaking T-Rex\n|-damage|p2a: A Madafaking T-Rex|48\/100\n|\n|-heal|p1a: Its not a moon|100\/100|[from] item: Leftovers\n|upkeep\n|turn|4\n|c|\u2606Destinum|Honestly, Celesteela is such a problem for my team.\n|\n|t:|1699386212\n|-terastallize|p2a: A Madafaking T-Rex|Dragon\n|move|p2a: A Madafaking T-Rex|Freeze-Dry|p1a: Its not a moon\n|-damage|p1a: Its not a moon|55\/100\n|move|p1a: Its not a moon|Leech Seed|p2a: A Madafaking T-Rex\n|-start|p2a: A Madafaking T-Rex|move: Leech Seed\n|\n|-heal|p1a: Its not a moon|61\/100|[from] item: Leftovers\n|-damage|p2a: A Madafaking T-Rex|36\/100|[from] Leech Seed|[of] p1a: Its not a moon\n|-heal|p1a: Its not a moon|73\/100|[silent]\n|upkeep\n|turn|5\n|c|\u2606Standardbandard23|i know\n|\n|t:|1699386229\n|switch|p2a: Let It Go|Ninetales-Alola, F|100\/100\n|-weather|Snow|[from] ability: Snow Warning|[of] p2a: Let It Go\n|move|p1a: Its not a moon|Protect||[still]\n|-fail|p1a: Its not a moon\n|\n|-weather|Snow|[upkeep]\n|-heal|p1a: Its not a moon|79\/100|[from] item: Leftovers\n|upkeep\n|turn|6\n|c|\u2606Standardbandard23|hence why i lead it\n|\n|t:|1699386237\n|move|p2a: Let It Go|Encore|p1a: Its not a moon\n|-start|p1a: Its not a moon|Encore\n|move|p1a: Its not a moon|Protect||[still]\n|-fail|p1a: Its not a moon\n|\n|-weather|Snow|[upkeep]\n|-heal|p1a: Its not a moon|85\/100|[from] item: Leftovers\n|upkeep\n|turn|7\n|\n|t:|1699386247\n|switch|p1a: Aussie Mozzie|Buzzwole|100\/100\n|-damage|p1a: Aussie Mozzie|88\/100|[from] Stealth Rock\n|move|p2a: Let It Go|Aurora Veil|p2a: Let It Go\n|-sidestart|p2: Destinum|move: Aurora Veil\n|\n|-weather|Snow|[upkeep]\n|upkeep\n|turn|8\n|\n|t:|1699386264\n|switch|p1a: Its not a moon|Celesteela|85\/100\n|-damage|p1a: Its not a moon|73\/100|[from] Stealth Rock\n|move|p2a: Let It Go|Moonblast|p1a: Its not a moon\n|-resisted|p1a: Its not a moon\n|-damage|p1a: Its not a moon|58\/100\n|\n|-weather|Snow|[upkeep]\n|-heal|p1a: Its not a moon|64\/100|[from] item: Leftovers\n|upkeep\n|turn|9\n|\n|t:|1699386275\n|switch|p2a: I Choose Violence|Darmanitan-Galar, M|100\/100\n|move|p1a: Its not a moon|Heavy Slam|p2a: I Choose Violence\n|-supereffective|p2a: I Choose Violence\n|-crit|p2a: I Choose Violence\n|-damage|p2a: I Choose Violence|0 fnt\n|faint|p2a: I Choose Violence\n|-ability|p1a: Its not a moon|Beast Boost|boost\n|-boost|p1a: Its not a moon|def|1\n|\n|-weather|none\n|-heal|p1a: Its not a moon|70\/100|[from] item: Leftovers\n|upkeep\n|c|\u2606Destinum|Fuckin' hell.\n|c|\u2606Standardbandard23|hmm\n|\n|t:|1699386298\n|switch|p2a: Moby Thicc|Cetitan, M|100\/100\n|turn|10\n|c|\u2606Standardbandard23|so my 2 scarf mons are no longer as helpful\n|\n|t:|1699386304\n|move|p2a: Moby Thicc|Belly Drum|p2a: Moby Thicc\n|-damage|p2a: Moby Thicc|50\/100\n|-setboost|p2a: Moby Thicc|atk|6|[from] move: Belly Drum\n|-enditem|p2a: Moby Thicc|Sitrus Berry|[eat]\n|-heal|p2a: Moby Thicc|75\/100|[from] item: Sitrus Berry\n|move|p1a: Its not a moon|Leech Seed|p2a: Moby Thicc\n|-start|p2a: Moby Thicc|move: Leech Seed\n|\n|-heal|p1a: Its not a moon|76\/100|[from] item: Leftovers\n|-damage|p2a: Moby Thicc|63\/100|[from] Leech Seed|[of] p1a: Its not a moon\n|-heal|p1a: Its not a moon|91\/100|[silent]\n|upkeep\n|turn|11\n|\n|t:|1699386316\n|move|p1a: Its not a moon|Protect|p1a: Its not a moon\n|-singleturn|p1a: Its not a moon|Protect\n|move|p2a: Moby Thicc|Icicle Crash|p1a: Its not a moon\n|-activate|p1a: Its not a moon|move: Protect\n|\n|-heal|p1a: Its not a moon|97\/100|[from] item: Leftovers\n|-damage|p2a: Moby Thicc|50\/100|[from] Leech Seed|[of] p1a: Its not a moon\n|-heal|p1a: Its not a moon|100\/100|[silent]\n|upkeep\n|turn|12\n|\n|t:|1699386329\n|move|p2a: Moby Thicc|Icicle Crash|p1a: Its not a moon\n|-damage|p1a: Its not a moon|31\/100\n|move|p1a: Its not a moon|Flamethrower|p2a: Moby Thicc\n|-supereffective|p2a: Moby Thicc\n|-damage|p2a: Moby Thicc|23\/100\n|\n|-heal|p1a: Its not a moon|37\/100|[from] item: Leftovers\n|-damage|p2a: Moby Thicc|11\/100|[from] Leech Seed|[of] p1a: Its not a moon\n|-heal|p1a: Its not a moon|52\/100|[silent]\n|upkeep\n|turn|13\n|c|\u2606Destinum|It only did that much? That's some bullshit.\n|\n|t:|1699386351\n|switch|p2a: A Madafaking T-Rex|Kyurem, tera:Dragon|36\/100\n|-ability|p2a: A Madafaking T-Rex|Pressure\n|move|p1a: Its not a moon|Protect||[still]\n|-fail|p1a: Its not a moon\n|\n|-heal|p1a: Its not a moon|58\/100|[from] item: Leftovers\n|upkeep\n|turn|14\n|c|\u2606Standardbandard23|min roll i think\n|\n|t:|1699386373\n|move|p2a: A Madafaking T-Rex|Freeze-Dry|p1a: Its not a moon\n|-damage|p1a: Its not a moon|9\/100\n|move|p1a: Its not a moon|Leech Seed|p2a: A Madafaking T-Rex\n|-start|p2a: A Madafaking T-Rex|move: Leech Seed\n|\n|-heal|p1a: Its not a moon|15\/100|[from] item: Leftovers\n|-damage|p2a: A Madafaking T-Rex|23\/100|[from] Leech Seed|[of] p1a: Its not a moon\n|-heal|p1a: Its not a moon|27\/100|[silent]\n|-sideend|p2: Destinum|move: Aurora Veil\n|upkeep\n|turn|15\n|l| Jamwo j\n|\n|t:|1699386389\n|move|p1a: Its not a moon|Protect|p1a: Its not a moon\n|-singleturn|p1a: Its not a moon|Protect\n|move|p2a: A Madafaking T-Rex|Freeze-Dry|p1a: Its not a moon\n|-activate|p1a: Its not a moon|move: Protect\n|\n|-heal|p1a: Its not a moon|33\/100|[from] item: Leftovers\n|-damage|p2a: A Madafaking T-Rex|11\/100|[from] Leech Seed|[of] p1a: Its not a moon\n|-heal|p1a: Its not a moon|45\/100|[silent]\n|upkeep\n|turn|16\n|\n|t:|1699386398\n|switch|p1a: Trump's Dream|Stakataka|100\/100\n|-damage|p1a: Trump's Dream|94\/100|[from] Stealth Rock\n|-item|p1a: Trump's Dream|Air Balloon\n|move|p2a: A Madafaking T-Rex|Freeze-Dry|p1a: Trump's Dream\n|-resisted|p1a: Trump's Dream\n|-damage|p1a: Trump's Dream|74\/100\n|-enditem|p1a: Trump's Dream|Air Balloon\n|\n|-damage|p2a: A Madafaking T-Rex|0 fnt|[from] Leech Seed|[of] p1a: Trump's Dream\n|-heal|p1a: Trump's Dream|87\/100|[silent]\n|faint|p2a: A Madafaking T-Rex\n|upkeep\n|\n|t:|1699386410\n|switch|p2a: Moby Thicc|Cetitan, M|11\/100\n|turn|17\n|\n|t:|1699386423\n|move|p2a: Moby Thicc|Earthquake|p1a: Trump's Dream\n|-supereffective|p1a: Trump's Dream\n|-damage|p1a: Trump's Dream|14\/100\n|move|p1a: Trump's Dream|Body Press|p2a: Moby Thicc\n|-supereffective|p2a: Moby Thicc\n|-damage|p2a: Moby Thicc|0 fnt\n|faint|p2a: Moby Thicc\n|-ability|p1a: Trump's Dream|Beast Boost|boost\n|-boost|p1a: Trump's Dream|def|1\n|\n|upkeep\n|\n|t:|1699386446\n|switch|p2a: Let It Go|Ninetales-Alola, F|100\/100\n|-weather|Snow|[from] ability: Snow Warning|[of] p2a: Let It Go\n|turn|18\n|\n|t:|1699386453\n|move|p2a: Let It Go|Freeze-Dry|p1a: Trump's Dream\n|-resisted|p1a: Trump's Dream\n|-damage|p1a: Trump's Dream|4\/100\n|move|p1a: Trump's Dream|Gyro Ball|p2a: Let It Go\n|-supereffective|p2a: Let It Go\n|-damage|p2a: Let It Go|0 fnt\n|faint|p2a: Let It Go\n|-ability|p1a: Trump's Dream|Beast Boost|boost\n|-boost|p1a: Trump's Dream|def|1\n|\n|-weather|Snow|[upkeep]\n|upkeep\n|c|\u2606Destinum|Don't know why I clicked that instead of Moonblast.\n|\n|t:|1699386477\n|switch|p2a: The Godfeather|Articuno|44\/100\n|-ability|p2a: The Godfeather|Pressure\n|turn|19\n|c|\u2606Standardbandard23|would have been same damage i think\n|c|\u2606Destinum|Na, Moonblast is much higher BP.\n|\n|t:|1699386504\n|switch|p1a: Scotty|Nihilego|100\/100\n|-damage|p1a: Scotty|88\/100|[from] Stealth Rock\n|move|p2a: The Godfeather|Freeze-Dry|p1a: Scotty\n|-damage|p1a: Scotty|71\/100\n|\n|-weather|Snow|[upkeep]\n|upkeep\n|turn|20\n|c|\u2606Destinum|Doesn't matter either way though, I could never win this matchup.\n|\n|t:|1699386512\n|switch|p2a: Chris P. Bacon|Piloswine, M|88\/100\n|move|p1a: Scotty|Meteor Beam||[still]\n|-prepare|p1a: Scotty|Meteor Beam\n|-boost|p1a: Scotty|spa|1\n|-enditem|p1a: Scotty|Power Herb\n|-anim|p1a: Scotty|Meteor Beam|p2a: Chris P. Bacon\n|-damage|p2a: Chris P. Bacon|35\/100\n|\n|-weather|Snow|[upkeep]\n|upkeep\n|turn|21\n|\n|t:|1699386522\n|move|p2a: Chris P. Bacon|Ice Shard|p1a: Scotty\n|-damage|p1a: Scotty|49\/100\n|move|p1a: Scotty|Power Gem|p2a: Chris P. Bacon\n|-damage|p2a: Chris P. Bacon|5\/100\n|\n|-weather|Snow|[upkeep]\n|upkeep\n|turn|22\n|\n|t:|1699386529\n|move|p2a: Chris P. Bacon|Ice Shard|p1a: Scotty\n|-damage|p1a: Scotty|25\/100\n|move|p1a: Scotty|Power Gem|p2a: Chris P. Bacon\n|-crit|p2a: Chris P. Bacon\n|-damage|p2a: Chris P. Bacon|0 fnt\n|faint|p2a: Chris P. Bacon\n|-ability|p1a: Scotty|Beast Boost|boost\n|-boost|p1a: Scotty|spe|1\n|\n|-weather|none\n|upkeep\n|\n|t:|1699386534\n|switch|p2a: The Godfeather|Articuno|44\/100\n|-ability|p2a: The Godfeather|Pressure\n|turn|23\n|\n|t:|1699386540\n|move|p1a: Scotty|Power Gem|p2a: The Godfeather\n|-supereffective|p2a: The Godfeather\n|-damage|p2a: The Godfeather|0 fnt\n|faint|p2a: The Godfeather\n|\n|win|Standardbandard23\n|c|\u2606Standardbandard23|gg\n|c|\u2606Destinum|gg\n","uploadtime":1699386547,"views":11,"p1id":"standardbandard23","p2id":"destinum","formatid":"gen9nationaldexubers","rating":0,"private":0,"password":""}