{"id":"gen9nationaldexubers-1983396111","p1":"bobmcforman","p2":"Riverton Red Sawks","format":"[Gen 9] National Dex Ubers","log":"|j|\u2606bobmcforman\n|j|\u2606Riverton Red Sawks\n|t:|1699125691\n|gametype|singles\n|player|p1|bobmcforman|266|\n|player|p2|Riverton Red Sawks|misty|\n|teamsize|p1|6\n|teamsize|p2|6\n|gen|9\n|tier|[Gen 9] National Dex Ubers\n|rule|HP Percentage Mod: HP is shown in percentages\n|rule|Endless Battle Clause: Forcing endless battles is banned\n|rule|OHKO Clause: OHKO moves are banned\n|rule|Evasion Moves Clause: Evasion moves are banned\n|rule|Evasion Items Clause: Evasion items are banned\n|rule|Species Clause: Limit one of each Pok\u00e9mon\n|rule|Sleep Clause Mod: Limit one foe put to sleep\n|rule|Mega Rayquaza Clause: You cannot mega evolve Rayquaza\n|clearpoke\n|poke|p1|Annihilape, F|\n|poke|p1|Gholdengo|\n|poke|p1|Dondozo, M|\n|poke|p1|Ting-Lu|\n|poke|p1|Iron Moth|\n|poke|p1|Guzzlord|\n|poke|p2|Dialga-Origin|\n|poke|p2|Garganacl, F|\n|poke|p2|Mawile, M|\n|poke|p2|Tyranitar, M|\n|poke|p2|Tapu Fini|\n|poke|p2|Rotom-Mow|\n|teampreview\n|j| medi34\n|c| medi34|g3!!\n|\n|t:|1699125702\n|start\n|switch|p1a: Dohnathan|Dondozo, M|100\/100\n|switch|p2a: Mawile|Mawile, M|100\/100\n|-ability|p2a: Mawile|Intimidate|boost\n|-unboost|p1a: Dohnathan|atk|1\n|turn|1\n|\n|t:|1699125717\n|switch|p2a: Rotom|Rotom-Mow|100\/100\n|move|p1a: Dohnathan|Body Press|p2a: Rotom\n|-damage|p2a: Rotom|62\/100\n|\n|upkeep\n|turn|2\n|\n|t:|1699125728\n|move|p2a: Rotom|Volt Switch|p1a: Dohnathan\n|-supereffective|p1a: Dohnathan\n|-damage|p1a: Dohnathan|39\/100\n|\n|t:|1699125732\n|switch|p2a: Dialga|Dialga-Origin|100\/100|[from] Volt Switch\n|-ability|p2a: Dialga|Pressure\n|move|p1a: Dohnathan|Body Press|p2a: Dialga\n|-supereffective|p2a: Dialga\n|-damage|p2a: Dialga|60\/100\n|\n|upkeep\n|turn|3\n|\n|t:|1699125742\n|move|p2a: Dialga|Thunderbolt|p1a: Dohnathan\n|-supereffective|p1a: Dohnathan\n|-damage|p1a: Dohnathan|0 fnt\n|faint|p1a: Dohnathan\n|\n|upkeep\n|\n|t:|1699125749\n|switch|p1a: Johnathan|Annihilape, F|100\/100\n|turn|4\n|\n|t:|1699125755\n|-terastallize|p2a: Dialga|Ghost\n|-terastallize|p1a: Johnathan|Fairy\n|move|p2a: Dialga|Stealth Rock|p1a: Johnathan\n|-sidestart|p1: bobmcforman|move: Stealth Rock\n|move|p1a: Johnathan|Drain Punch|p2a: Dialga\n|-immune|p2a: Dialga\n|\n|upkeep\n|turn|5\n|\n|t:|1699125766\n|move|p2a: Dialga|Steel Beam|p1a: Johnathan\n|-supereffective|p1a: Johnathan\n|-damage|p1a: Johnathan|0 fnt\n|-damage|p2a: Dialga|10\/100|[from] steelbeam\n|faint|p1a: Johnathan\n|\n|upkeep\n|\n|t:|1699125786\n|switch|p1a: Mohnathan|Iron Moth|100\/100\n|-damage|p1a: Mohnathan|76\/100|[from] Stealth Rock\n|-enditem|p1a: Mohnathan|Booster Energy\n|-activate|p1a: Mohnathan|ability: Quark Drive|[fromitem]\n|-start|p1a: Mohnathan|quarkdrivespe\n|turn|6\n|\n|t:|1699125799\n|switch|p2a: Tyranitar|Tyranitar, M|100\/100\n|-weather|Sandstorm|[from] ability: Sand Stream|[of] p2a: Tyranitar\n|move|p1a: Mohnathan|Sludge Wave|p2a: Tyranitar\n|-resisted|p2a: Tyranitar\n|-damage|p2a: Tyranitar|90\/100\n|\n|-weather|Sandstorm|[upkeep]\n|-damage|p1a: Mohnathan|70\/100|[from] Sandstorm\n|upkeep\n|turn|7\n|\n|t:|1699125810\n|-end|p1a: Mohnathan|Quark Drive|[silent]\n|switch|p1a: Tohnathan|Ting-Lu|100\/100\n|-damage|p1a: Tohnathan|94\/100|[from] Stealth Rock\n|-ability|p1a: Tohnathan|Vessel of Ruin\n|move|p2a: Tyranitar|Earthquake|p1a: Tohnathan\n|-damage|p1a: Tohnathan|75\/100\n|-enditem|p1a: Tohnathan|Red Card|[of] p2a: Tyranitar\n|drag|p2a: Mawile|Mawile, M|100\/100\n|-ability|p2a: Mawile|Intimidate|boost\n|-unboost|p1a: Tohnathan|atk|1\n|\n|-weather|Sandstorm|[upkeep]\n|upkeep\n|turn|8\n|\n|t:|1699125823\n|detailschange|p2a: Mawile|Mawile-Mega, M\n|-mega|p2a: Mawile|Mawile|Mawilite\n|move|p2a: Mawile|Play Rough|p1a: Tohnathan\n|-supereffective|p1a: Tohnathan\n|-damage|p1a: Tohnathan|0 fnt\n|faint|p1a: Tohnathan\n|\n|-weather|Sandstorm|[upkeep]\n|upkeep\n|\n|t:|1699125846\n|switch|p1a: Guzzy|Guzzlord, shiny|100\/100\n|-damage|p1a: Guzzy|88\/100|[from] Stealth Rock\n|turn|9\n|\n|t:|1699125851\n|move|p2a: Mawile|Play Rough|p1a: Guzzy\n|-supereffective|p1a: Guzzy\n|-damage|p1a: Guzzy|0 fnt\n|faint|p1a: Guzzy\n|\n|-weather|Sandstorm|[upkeep]\n|upkeep\n|\n|t:|1699125856\n|switch|p1a: Mohnathan|Iron Moth|70\/100\n|-damage|p1a: Mohnathan|45\/100|[from] Stealth Rock\n|turn|10\n|\n|t:|1699125861\n|move|p2a: Mawile|Sucker Punch|p1a: Mohnathan\n|-damage|p1a: Mohnathan|0 fnt\n|faint|p1a: Mohnathan\n|-end|p1a: Mohnathan|Quark Drive|[silent]\n|\n|-weather|none\n|upkeep\n|\n|t:|1699125866\n|switch|p1a: Gohnathan|Gholdengo|100\/100\n|turn|11\n|\n|t:|1699125870\n|move|p2a: Mawile|Sucker Punch|p1a: Gohnathan\n|-supereffective|p1a: Gohnathan\n|-damage|p1a: Gohnathan|0 fnt\n|faint|p1a: Gohnathan\n|\n|win|Riverton Red Sawks\n|c|\u2606Riverton Red Sawks|gg\n|c|\u2606bobmcforman|oof\n|c|\u2606bobmcforman|gg\n|l|\u2606bobmcforman\n|c|\u2606Riverton Red Sawks|moth is a menace bro, I forgot from last time\n|j| PokeHaint\n|l| PokeHaint\n|l|\u2606Riverton Red Sawks\n","uploadtime":1699126011,"views":7,"p1id":"bobmcforman","p2id":"rivertonredsawks","formatid":"gen9nationaldexubers","rating":0,"private":0,"password":""}