{"id":"gen9nationaldexubers-2000049918","p1":"Tommery","p2":"ManuelvgDios","format":"[Gen 9] National Dex Ubers","log":"|j|\u2606Tommery\n|j|\u2606ManuelvgDios\n|t:|1701146143\n|gametype|singles\n|player|p1|Tommery|backpacker|1393\n|player|p2|ManuelvgDios|265|1575\n|teamsize|p1|6\n|teamsize|p2|6\n|gen|9\n|tier|[Gen 9] National Dex Ubers\n|rated|\n|rule|HP Percentage Mod: HP is shown in percentages\n|rule|Endless Battle Clause: Forcing endless battles is banned\n|rule|OHKO Clause: OHKO moves are banned\n|rule|Evasion Moves Clause: Evasion moves are banned\n|rule|Evasion Items Clause: Evasion items are banned\n|rule|Species Clause: Limit one of each Pok\u00e9mon\n|rule|Sleep Clause Mod: Limit one foe put to sleep\n|rule|Mega Rayquaza Clause: You cannot mega evolve Rayquaza\n|clearpoke\n|poke|p1|Tauros-Paldea-Blaze, M|\n|poke|p1|Slowking-Galar, M|\n|poke|p1|Hydreigon, F|\n|poke|p1|Alomomola, F|\n|poke|p1|Forretress, F|\n|poke|p1|Smeargle, M|\n|poke|p2|Ho-Oh|\n|poke|p2|Ferrothorn, F|\n|poke|p2|Gastrodon, F|\n|poke|p2|Chansey, F|\n|poke|p2|Giratina-Origin|\n|poke|p2|Zacian-*|\n|teampreview\n|l|\u2606ManuelvgDios\n|player|p2|\n|inactive|Battle timer is ON: inactive players will automatically lose when time's up. (requested by Tommery)\n|j|\u2606ManuelvgDios\n|inactive|ManuelvgDios reconnected and has 130 seconds left.\n|player|p2|ManuelvgDios|265\n|\n|t:|1701146225\n|start\n|switch|p1a: Hydreigon|Hydreigon, F|100\/100\n|switch|p2a: Giratina|Giratina-Origin|100\/100\n|turn|1\n|\n|t:|1701146241\n|switch|p2a: Ho-Oh|Ho-Oh, shiny|100\/100\n|move|p1a: Hydreigon|Draco Meteor|p2a: Ho-Oh\n|-damage|p2a: Ho-Oh|60\/100\n|-unboost|p1a: Hydreigon|spa|2\n|\n|upkeep\n|turn|2\n|\n|t:|1701146250\n|switch|p1a: Alomomola|Alomomola, F|100\/100\n|switch|p2a: Chansey|Chansey, F|100\/100\n|\n|upkeep\n|turn|3\n|\n|t:|1701146271\n|switch|p1a: Slowking|Slowking-Galar, M|100\/100\n|switch|p2a: Ferrothorn|Ferrothorn, F|100\/100\n|\n|upkeep\n|turn|4\n|\n|t:|1701146277\n|move|p1a: Slowking|Flamethrower|p2a: Ferrothorn\n|-supereffective|p2a: Ferrothorn\n|-damage|p2a: Ferrothorn|27\/100\n|move|p2a: Ferrothorn|Spikes|p1a: Slowking\n|-sidestart|p1: Tommery|Spikes\n|\n|-heal|p2a: Ferrothorn|33\/100|[from] item: Leftovers\n|upkeep\n|turn|5\n|\n|t:|1701146286\n|move|p2a: Ferrothorn|Protect|p2a: Ferrothorn\n|-singleturn|p2a: Ferrothorn|Protect\n|move|p1a: Slowking|Chilly Reception|p1a: Slowking\n|-weather|Snow\n|\n|t:|1701146300\n|switch|p1a: Redbull|Tauros-Paldea-Blaze, M|100\/100|[from] Chilly Reception\n|-damage|p1a: Redbull|88\/100|[from] Spikes\n|\n|-weather|Snow|[upkeep]\n|-heal|p2a: Ferrothorn|39\/100|[from] item: Leftovers\n|upkeep\n|turn|6\n|\n|t:|1701146315\n|switch|p2a: Giratina|Giratina-Origin|100\/100\n|move|p1a: Redbull|Flame Charge|p2a: Giratina\n|-resisted|p2a: Giratina\n|-damage|p2a: Giratina|92\/100\n|-boost|p1a: Redbull|spe|1\n|\n|-weather|Snow|[upkeep]\n|upkeep\n|turn|7\n|\n|t:|1701146338\n|switch|p1a: Slowking|Slowking-Galar, M|100\/100\n|-damage|p1a: Slowking|88\/100|[from] Spikes\n|move|p2a: Giratina|Toxic|p1a: Slowking\n|-immune|p1a: Slowking\n|\n|-weather|Snow|[upkeep]\n|-heal|p1a: Slowking|94\/100|[from] item: Black Sludge\n|upkeep\n|turn|8\n|\n|t:|1701146355\n|switch|p2a: Gastrodon|Gastrodon, F, shiny|100\/100\n|move|p1a: Slowking|Toxic|p2a: Gastrodon\n|-status|p2a: Gastrodon|tox\n|\n|-weather|Snow|[upkeep]\n|-heal|p1a: Slowking|99\/100|[from] item: Black Sludge\n|-damage|p2a: Gastrodon|94\/100 tox|[from] psn\n|upkeep\n|turn|9\n|\n|t:|1701146370\n|switch|p1a: Hydreigon|Hydreigon, F|100\/100\n|move|p2a: Gastrodon|Yawn|p1a: Hydreigon\n|-start|p1a: Hydreigon|move: Yawn|[of] p2a: Gastrodon\n|\n|-weather|none\n|-heal|p2a: Gastrodon|100\/100 tox|[from] item: Leftovers\n|-damage|p2a: Gastrodon|88\/100 tox|[from] psn\n|upkeep\n|turn|10\n|\n|t:|1701146380\n|switch|p2a: Ferrothorn|Ferrothorn, F|39\/100\n|move|p1a: Hydreigon|U-turn|p2a: Ferrothorn\n|-damage|p2a: Ferrothorn|30\/100\n|-damage|p1a: Hydreigon|88\/100|[from] ability: Iron Barbs|[of] p2a: Ferrothorn\n|\n|t:|1701146398\n|switch|p1a: Slowking|Slowking-Galar, M|100\/100|[from] U-turn\n|-damage|p1a: Slowking|88\/100|[from] Spikes\n|\n|-heal|p1a: Slowking|94\/100|[from] item: Black Sludge\n|-heal|p2a: Ferrothorn|36\/100|[from] item: Leftovers\n|upkeep\n|turn|11\n|\n|t:|1701146426\n|move|p2a: Ferrothorn|Protect|p2a: Ferrothorn\n|-singleturn|p2a: Ferrothorn|Protect\n|move|p1a: Slowking|Flamethrower|p2a: Ferrothorn\n|-activate|p2a: Ferrothorn|move: Protect\n|\n|-heal|p1a: Slowking|99\/100|[from] item: Black Sludge\n|-heal|p2a: Ferrothorn|42\/100|[from] item: Leftovers\n|upkeep\n|turn|12\n|\n|t:|1701146440\n|switch|p2a: Giratina|Giratina-Origin|92\/100\n|move|p1a: Slowking|Toxic|p2a: Giratina\n|-status|p2a: Giratina|tox\n|\n|-heal|p1a: Slowking|100\/100|[from] item: Black Sludge\n|-damage|p2a: Giratina|86\/100 tox|[from] psn\n|upkeep\n|turn|13\n|\n|t:|1701146451\n|move|p2a: Giratina|Draco Meteor|p1a: Slowking\n|-damage|p1a: Slowking|51\/100\n|-unboost|p2a: Giratina|spa|2\n|move|p1a: Slowking|Chilly Reception|p1a: Slowking\n|-weather|Snow\n|inactive|Tommery has 120 seconds left.\n|\n|t:|1701146488\n|switch|p1a: Hydreigon|Hydreigon, F|88\/100|[from] Chilly Reception\n|\n|-weather|Snow|[upkeep]\n|-damage|p2a: Giratina|73\/100 tox|[from] psn\n|upkeep\n|turn|14\n|inactive|ManuelvgDios has 120 seconds left.\n|\n|t:|1701146516\n|switch|p2a: Chansey|Chansey, F|100\/100\n|move|p1a: Hydreigon|Draco Meteor|p2a: Chansey\n|-damage|p2a: Chansey|77\/100\n|-unboost|p1a: Hydreigon|spa|2\n|\n|-weather|Snow|[upkeep]\n|upkeep\n|turn|15\n|inactive|ManuelvgDios has 120 seconds left.\n|\n|t:|1701146524\n|switch|p1a: Forretress|Forretress, F|100\/100\n|move|p2a: Chansey|Heal Bell|p2a: Chansey\n|-activate|p2a: Chansey|move: Heal Bell\n|-curestatus|p2: Giratina|tox|[msg]\n|-curestatus|p2: Gastrodon|tox|[msg]\n|\n|-weather|Snow|[upkeep]\n|upkeep\n|turn|16\n|\n|t:|1701146531\n|switch|p2a: Ho-Oh|Ho-Oh, shiny|94\/100\n|move|p1a: Forretress|Rapid Spin|p2a: Ho-Oh\n|-damage|p2a: Ho-Oh|87\/100\n|-boost|p1a: Forretress|spe|1\n|-sideend|p1: Tommery|Spikes|[from] move: Rapid Spin|[of] p1a: Forretress\n|\n|-weather|Snow|[upkeep]\n|upkeep\n|turn|17\n|\n|t:|1701146544\n|switch|p2a: Ferrothorn|Ferrothorn, F|42\/100\n|switch|p1a: Alomomola|Alomomola, F|100\/100\n|\n|-weather|none\n|-heal|p2a: Ferrothorn|49\/100|[from] item: Leftovers\n|upkeep\n|turn|18\n|\n|t:|1701146561\n|move|p1a: Alomomola|Flip Turn|p2a: Ferrothorn\n|-resisted|p2a: Ferrothorn\n|-damage|p2a: Ferrothorn|44\/100\n|-damage|p1a: Alomomola|88\/100|[from] ability: Iron Barbs|[of] p2a: Ferrothorn\n|\n|t:|1701146569\n|switch|p1a: Slowking|Slowking-Galar, M|84\/100|[from] Flip Turn\n|move|p2a: Ferrothorn|Leech Seed|p1a: Slowking\n|-start|p1a: Slowking|move: Leech Seed\n|\n|-heal|p1a: Slowking|90\/100|[from] item: Black Sludge\n|-heal|p2a: Ferrothorn|50\/100|[from] item: Leftovers\n|-damage|p1a: Slowking|78\/100|[from] Leech Seed|[of] p2a: Ferrothorn\n|-heal|p2a: Ferrothorn|64\/100|[silent]\n|upkeep\n|turn|19\n|\n|t:|1701146580\n|move|p1a: Slowking|Chilly Reception|p1a: Slowking\n|-weather|Snow\n|\n|t:|1701146592\n|switch|p1a: Redbull|Tauros-Paldea-Blaze, M|88\/100|[from] Chilly Reception\n|move|p2a: Ferrothorn|Spikes|p1a: Redbull\n|-sidestart|p1: Tommery|Spikes\n|\n|-weather|Snow|[upkeep]\n|-heal|p2a: Ferrothorn|70\/100|[from] item: Leftovers\n|upkeep\n|turn|20\n|\n|t:|1701146602\n|move|p2a: Ferrothorn|Protect|p2a: Ferrothorn\n|-singleturn|p2a: Ferrothorn|Protect\n|move|p1a: Redbull|Flame Charge|p2a: Ferrothorn\n|-activate|p2a: Ferrothorn|move: Protect\n|\n|-weather|Snow|[upkeep]\n|-heal|p2a: Ferrothorn|76\/100|[from] item: Leftovers\n|upkeep\n|turn|21\n|inactive|ManuelvgDios has 120 seconds left.\n|\n|t:|1701146658\n|switch|p2a: Ho-Oh|Ho-Oh, shiny|100\/100\n|move|p1a: Redbull|Flame Charge|p2a: Ho-Oh\n|-resisted|p2a: Ho-Oh\n|-damage|p2a: Ho-Oh|92\/100\n|-boost|p1a: Redbull|spe|1\n|\n|-weather|Snow|[upkeep]\n|upkeep\n|turn|22\n|\n|t:|1701146672\n|move|p1a: Redbull|Bulk Up|p1a: Redbull\n|-boost|p1a: Redbull|atk|1\n|-boost|p1a: Redbull|def|1\n|move|p2a: Ho-Oh|Brave Bird|p1a: Redbull\n|-supereffective|p1a: Redbull\n|-damage|p1a: Redbull|12\/100\n|-enditem|p1a: Redbull|Sitrus Berry|[eat]\n|-heal|p1a: Redbull|37\/100|[from] item: Sitrus Berry\n|-damage|p2a: Ho-Oh|74\/100|[from] Recoil\n|\n|-weather|Snow|[upkeep]\n|upkeep\n|turn|23\n|\n|t:|1701146684\n|switch|p1a: Alomomola|Alomomola, F|100\/100\n|-damage|p1a: Alomomola|88\/100|[from] Spikes\n|move|p2a: Ho-Oh|Brave Bird|p1a: Alomomola\n|-damage|p1a: Alomomola|62\/100\n|-damage|p2a: Ho-Oh|58\/100|[from] item: Rocky Helmet|[of] p1a: Alomomola\n|-damage|p2a: Ho-Oh|47\/100|[from] Recoil\n|\n|-weather|none\n|upkeep\n|turn|24\n|\n|t:|1701146687\n|switch|p2a: Ferrothorn|Ferrothorn, F|76\/100\n|move|p1a: Alomomola|Wish|p1a: Alomomola\n|\n|-heal|p2a: Ferrothorn|83\/100|[from] item: Leftovers\n|upkeep\n|turn|25\n|\n|t:|1701146694\n|move|p1a: Alomomola|Protect|p1a: Alomomola\n|-singleturn|p1a: Alomomola|Protect\n|move|p2a: Ferrothorn|Spikes|p1a: Alomomola\n|-sidestart|p1: Tommery|Spikes\n|\n|-heal|p1a: Alomomola|100\/100|[from] move: Wish|[wisher] Alomomola\n|-heal|p2a: Ferrothorn|89\/100|[from] item: Leftovers\n|upkeep\n|turn|26\n|\n|t:|1701146699\n|switch|p1a: Forretress|Forretress, F|100\/100\n|move|p2a: Ferrothorn|Spikes|p1a: Forretress\n|-sidestart|p1: Tommery|Spikes\n|\n|-heal|p2a: Ferrothorn|95\/100|[from] item: Leftovers\n|upkeep\n|turn|27\n|\n|t:|1701146704\n|move|p1a: Forretress|Stealth Rock|p2a: Ferrothorn\n|-sidestart|p2: ManuelvgDios|move: Stealth Rock\n|move|p2a: Ferrothorn|Leech Seed|p1a: Forretress\n|-start|p1a: Forretress|move: Leech Seed\n|\n|-heal|p2a: Ferrothorn|100\/100|[from] item: Leftovers\n|-damage|p1a: Forretress|88\/100|[from] Leech Seed|[of] p2a: Ferrothorn\n|upkeep\n|turn|28\n|\n|t:|1701146709\n|switch|p2a: Giratina|Giratina-Origin|73\/100\n|-damage|p2a: Giratina|61\/100|[from] Stealth Rock\n|move|p1a: Forretress|Rapid Spin|p2a: Giratina\n|-immune|p2a: Giratina\n|\n|-damage|p1a: Forretress|76\/100|[from] Leech Seed|[of] p2a: Giratina\n|-heal|p2a: Giratina|70\/100|[silent]\n|upkeep\n|turn|29\n|\n|t:|1701146732\n|switch|p1a: Slowking|Slowking-Galar, M|100\/100\n|-damage|p1a: Slowking|76\/100|[from] Spikes\n|move|p2a: Giratina|Magic Coat|p2a: Giratina\n|-singleturn|p2a: Giratina|move: Magic Coat\n|\n|-heal|p1a: Slowking|82\/100|[from] item: Black Sludge\n|upkeep\n|turn|30\n|\n|t:|1701146744\n|move|p2a: Giratina|Magic Coat|p2a: Giratina\n|-singleturn|p2a: Giratina|move: Magic Coat\n|move|p1a: Slowking|Sludge Wave|p2a: Giratina\n|-resisted|p2a: Giratina\n|-damage|p2a: Giratina|58\/100\n|\n|-heal|p1a: Slowking|88\/100|[from] item: Black Sludge\n|upkeep\n|turn|31\n|\n|t:|1701146754\n|move|p2a: Giratina|Hex|p1a: Slowking\n|-supereffective|p1a: Slowking\n|-damage|p1a: Slowking|41\/100\n|move|p1a: Slowking|Sludge Wave|p2a: Giratina\n|-resisted|p2a: Giratina\n|-damage|p2a: Giratina|47\/100\n|\n|-heal|p1a: Slowking|47\/100|[from] item: Black Sludge\n|upkeep\n|turn|32\n|inactive|Tommery has 120 seconds left.\n|\n|t:|1701146810\n|switch|p1a: Redbull|Tauros-Paldea-Blaze, M|37\/100\n|-damage|p1a: Redbull|12\/100|[from] Spikes\n|move|p2a: Giratina|Draco Meteor|p1a: Redbull\n|-damage|p1a: Redbull|0 fnt\n|-unboost|p2a: Giratina|spa|2\n|faint|p1a: Redbull\n|\n|upkeep\n|inactive|Tommery has 90 seconds left.\n|\n|t:|1701146838\n|switch|p1a: Hydreigon|Hydreigon, F|88\/100\n|turn|33\n|inactive|Tommery has 60 seconds left.\n|\n|t:|1701146869\n|switch|p2a: Ho-Oh|Ho-Oh, shiny|80\/100\n|move|p1a: Hydreigon|U-turn|p2a: Ho-Oh\n|-resisted|p2a: Ho-Oh\n|-damage|p2a: Ho-Oh|77\/100\n|inactive|Tommery has 60 seconds left.\n|\n|t:|1701146876\n|switch|p1a: Alomomola|Alomomola, F|100\/100|[from] U-turn\n|-damage|p1a: Alomomola|76\/100|[from] Spikes\n|\n|upkeep\n|turn|34\n|inactive|Tommery has 60 seconds left.\n|\n|t:|1701146893\n|switch|p2a: Gastrodon|Gastrodon, F, shiny|88\/100\n|-damage|p2a: Gastrodon|82\/100|[from] Stealth Rock\n|move|p1a: Alomomola|Flip Turn|p2a: Gastrodon\n|-ability|p2a: Gastrodon|Storm Drain|boost\n|-boost|p2a: Gastrodon|spa|1\n|\n|-heal|p2a: Gastrodon|88\/100|[from] item: Leftovers\n|upkeep\n|turn|35\n|\n|t:|1701146900\n|move|p1a: Alomomola|Toxic|p2a: Gastrodon\n|-status|p2a: Gastrodon|tox\n|move|p2a: Gastrodon|Yawn|p1a: Alomomola\n|-start|p1a: Alomomola|move: Yawn|[of] p2a: Gastrodon\n|\n|-heal|p2a: Gastrodon|94\/100 tox|[from] item: Leftovers\n|-damage|p2a: Gastrodon|88\/100 tox|[from] psn\n|upkeep\n|turn|36\n|\n|t:|1701146910\n|switch|p1a: Hydreigon|Hydreigon, F|88\/100\n|move|p2a: Gastrodon|Earth Power|p1a: Hydreigon\n|-immune|p1a: Hydreigon|[from] ability: Levitate\n|\n|-heal|p2a: Gastrodon|94\/100 tox|[from] item: Leftovers\n|-damage|p2a: Gastrodon|82\/100 tox|[from] psn\n|upkeep\n|turn|37\n|inactive|Tommery has 60 seconds left.\n|\n|t:|1701146934\n|switch|p2a: Ho-Oh|Ho-Oh, shiny|100\/100\n|move|p1a: Hydreigon|Draco Meteor|p2a: Ho-Oh\n|-crit|p2a: Ho-Oh\n|-damage|p2a: Ho-Oh|38\/100\n|-unboost|p1a: Hydreigon|spa|2\n|\n|upkeep\n|turn|38\n|inactive|Tommery has 60 seconds left.\n|inactive|ManuelvgDios has 120 seconds left.\n|\n|t:|1701146967\n|switch|p1a: Alomomola|Alomomola, F|100\/100\n|-damage|p1a: Alomomola|76\/100|[from] Spikes\n|switch|p2a: Ferrothorn|Ferrothorn, F|100\/100\n|-damage|p2a: Ferrothorn|94\/100|[from] Stealth Rock\n|\n|-heal|p2a: Ferrothorn|100\/100|[from] item: Leftovers\n|upkeep\n|turn|39\n|inactive|Tommery has 60 seconds left.\n|\n|t:|1701146980\n|move|p1a: Alomomola|Wish|p1a: Alomomola\n|move|p2a: Ferrothorn|Leech Seed|p1a: Alomomola\n|-start|p1a: Alomomola|move: Leech Seed\n|\n|-damage|p1a: Alomomola|63\/100|[from] Leech Seed|[of] p2a: Ferrothorn\n|upkeep\n|turn|40\n|inactive|Tommery has 60 seconds left.\n|\n|t:|1701146995\n|switch|p1a: Hydreigon|Hydreigon, F|88\/100\n|switch|p2a: Giratina|Giratina-Origin|47\/100\n|-damage|p2a: Giratina|34\/100|[from] Stealth Rock\n|\n|-heal|p1a: Hydreigon|100\/100|[from] move: Wish|[wisher] Alomomola\n|upkeep\n|turn|41\n|inactive|Tommery has 60 seconds left.\n|\n|t:|1701147007\n|switch|p2a: Chansey|Chansey, F|77\/100\n|-damage|p2a: Chansey|64\/100|[from] Stealth Rock\n|move|p1a: Hydreigon|U-turn|p2a: Chansey\n|-damage|p2a: Chansey|55\/100\n|inactive|Tommery has 60 seconds left.\n|\n|t:|1701147016\n|switch|p1a: LET ME COOK|Smeargle, M|100\/100|[from] U-turn\n|-damage|p1a: LET ME COOK|75\/100|[from] Spikes\n|\n|upkeep\n|turn|42\n|inactive|Tommery has 60 seconds left.\n|inactive|ManuelvgDios has 120 seconds left.\n|\n|t:|1701147046\n|switch|p2a: Giratina|Giratina-Origin|34\/100\n|-damage|p2a: Giratina|22\/100|[from] Stealth Rock\n|move|p1a: LET ME COOK|Fire Lash|p2a: Giratina\n|-resisted|p2a: Giratina\n|-damage|p2a: Giratina|18\/100\n|-unboost|p2a: Giratina|def|1\n|\n|upkeep\n|turn|43\n|inactive|Tommery has 60 seconds left.\n|inactive|ManuelvgDios has 120 seconds left.\n|\n|t:|1701147078\n|switch|p1a: Slowking|Slowking-Galar, M|80\/100\n|-damage|p1a: Slowking|55\/100|[from] Spikes\n|switch|p2a: Ferrothorn|Ferrothorn, F|100\/100\n|-damage|p2a: Ferrothorn|94\/100|[from] Stealth Rock\n|\n|-heal|p1a: Slowking|61\/100|[from] item: Black Sludge\n|-heal|p2a: Ferrothorn|100\/100|[from] item: Leftovers\n|upkeep\n|turn|44\n|\n|t:|1701147101\n|move|p1a: Slowking|Chilly Reception|p1a: Slowking\n|-weather|Snow\n|\n|t:|1701147105\n|switch|p1a: Forretress|Forretress, F|76\/100|[from] Chilly Reception\n|move|p2a: Ferrothorn|Leech Seed|p1a: Forretress\n|-start|p1a: Forretress|move: Leech Seed\n|\n|-weather|Snow|[upkeep]\n|-damage|p1a: Forretress|63\/100|[from] Leech Seed|[of] p2a: Ferrothorn\n|upkeep\n|turn|45\n|\n|t:|1701147125\n|switch|p1a: Hydreigon|Hydreigon, F|100\/100\n|switch|p2a: Chansey|Chansey, F|55\/100\n|-damage|p2a: Chansey|42\/100|[from] Stealth Rock\n|\n|-weather|Snow|[upkeep]\n|upkeep\n|turn|46\n|inactive|Tommery has 60 seconds left.\n|\n|t:|1701147134\n|move|p1a: Hydreigon|U-turn|p2a: Chansey\n|-crit|p2a: Chansey\n|-damage|p2a: Chansey|27\/100\n|inactive|Tommery has 60 seconds left.\n|\n|t:|1701147144\n|switch|p1a: Forretress|Forretress, F|63\/100|[from] U-turn\n|move|p2a: Chansey|Soft-Boiled|p2a: Chansey\n|-heal|p2a: Chansey|77\/100\n|\n|-weather|Snow|[upkeep]\n|upkeep\n|turn|47\n|inactive|Tommery has 60 seconds left.\n|inactive|ManuelvgDios has 120 seconds left.\n|\n|t:|1701147155\n|switch|p2a: Ho-Oh|Ho-Oh, shiny|72\/100\n|move|p1a: Forretress|Volt Switch|p2a: Ho-Oh\n|-supereffective|p2a: Ho-Oh\n|-damage|p2a: Ho-Oh|60\/100\n|\n|t:|1701147162\n|switch|p1a: Alomomola|Alomomola, F|97\/100|[from] Volt Switch\n|-damage|p1a: Alomomola|72\/100|[from] Spikes\n|\n|-weather|Snow|[upkeep]\n|upkeep\n|turn|48\n|inactive|Tommery has 60 seconds left.\n|\n|t:|1701147173\n|switch|p2a: Ferrothorn|Ferrothorn, F|100\/100\n|-damage|p2a: Ferrothorn|94\/100|[from] Stealth Rock\n|move|p1a: Alomomola|Wish|p1a: Alomomola\n|\n|-weather|none\n|-heal|p2a: Ferrothorn|100\/100|[from] item: Leftovers\n|upkeep\n|turn|49\n|\n|t:|1701147182\n|switch|p1a: Forretress|Forretress, F|63\/100\n|move|p2a: Ferrothorn|Leech Seed|p1a: Forretress\n|-start|p1a: Forretress|move: Leech Seed\n|\n|-heal|p1a: Forretress|100\/100|[from] move: Wish|[wisher] Alomomola\n|-damage|p1a: Forretress|88\/100|[from] Leech Seed|[of] p2a: Ferrothorn\n|upkeep\n|turn|50\n|\n|t:|1701147199\n|switch|p2a: Ho-Oh|Ho-Oh, shiny|93\/100\n|move|p1a: Forretress|Rapid Spin|p2a: Ho-Oh\n|-damage|p2a: Ho-Oh|86\/100\n|-boost|p1a: Forretress|spe|1\n|-end|p1a: Forretress|Leech Seed|[from] move: Rapid Spin|[of] p1a: Forretress\n|-sideend|p1: Tommery|Spikes|[from] move: Rapid Spin|[of] p1a: Forretress\n|\n|upkeep\n|turn|51\n|\n|t:|1701147208\n|switch|p1a: Alomomola|Alomomola, F|100\/100\n|move|p2a: Ho-Oh|Defog|p1a: Alomomola\n|-unboost|p1a: Alomomola|evasion|1\n|-sideend|p2: ManuelvgDios|Stealth Rock|[from] move: Defog|[of] p2a: Ho-Oh\n|\n|upkeep\n|turn|52\n|inactive|Tommery has 90 seconds left.\n|\n|t:|1701147220\n|switch|p2a: Ferrothorn|Ferrothorn, F|100\/100\n|move|p1a: Alomomola|Flip Turn|p2a: Ferrothorn\n|-resisted|p2a: Ferrothorn\n|-damage|p2a: Ferrothorn|96\/100\n|-damage|p1a: Alomomola|88\/100|[from] ability: Iron Barbs|[of] p2a: Ferrothorn\n|\n|t:|1701147225\n|switch|p1a: Hydreigon|Hydreigon, F|100\/100|[from] Flip Turn\n|\n|-heal|p2a: Ferrothorn|100\/100|[from] item: Leftovers\n|upkeep\n|turn|53\n|inactive|ManuelvgDios has 120 seconds left.\n|\n|t:|1701147273\n|move|p2a: Ferrothorn|Protect|p2a: Ferrothorn\n|-singleturn|p2a: Ferrothorn|Protect\n|move|p1a: Hydreigon|Flamethrower|p2a: Ferrothorn\n|-activate|p2a: Ferrothorn|move: Protect\n|\n|upkeep\n|turn|54\n|inactive|Tommery has 90 seconds left.\n|\n|t:|1701147290\n|switch|p1a: Alomomola|Alomomola, F|100\/100\n|switch|p2a: Ho-Oh|Ho-Oh, shiny|100\/100\n|\n|upkeep\n|turn|55\n|inactive|ManuelvgDios has 90 seconds left.\n|\n|t:|1701147335\n|switch|p2a: Ferrothorn|Ferrothorn, F|100\/100\n|move|p1a: Alomomola|Wish|p1a: Alomomola\n|\n|upkeep\n|turn|56\n|\n|t:|1701147346\n|switch|p1a: Hydreigon|Hydreigon, F|100\/100\n|move|p2a: Ferrothorn|Leech Seed|p1a: Hydreigon\n|-start|p1a: Hydreigon|move: Leech Seed\n|\n|-damage|p1a: Hydreigon|88\/100|[from] Leech Seed|[of] p2a: Ferrothorn\n|upkeep\n|turn|57\n|\n|t:|1701147359\n|switch|p1a: Forretress|Forretress, F|88\/100\n|switch|p2a: Ho-Oh|Ho-Oh, shiny|100\/100\n|\n|upkeep\n|turn|58\n|\n|t:|1701147371\n|switch|p1a: Alomomola|Alomomola, F|100\/100\n|move|p2a: Ho-Oh|Sacred Fire|p1a: Alomomola\n|-resisted|p1a: Alomomola\n|-damage|p1a: Alomomola|90\/100\n|\n|upkeep\n|turn|59\n|\n|t:|1701147380\n|switch|p2a: Ferrothorn|Ferrothorn, F|100\/100\n|move|p1a: Alomomola|Flip Turn|p2a: Ferrothorn\n|-resisted|p2a: Ferrothorn\n|-damage|p2a: Ferrothorn|95\/100\n|-damage|p1a: Alomomola|77\/100|[from] ability: Iron Barbs|[of] p2a: Ferrothorn\n|inactive|Tommery has 120 seconds left.\n|\n|t:|1701147386\n|switch|p1a: Slowking|Slowking-Galar, M|94\/100|[from] Flip Turn\n|\n|-heal|p1a: Slowking|100\/100|[from] item: Black Sludge\n|-heal|p2a: Ferrothorn|100\/100|[from] item: Leftovers\n|upkeep\n|turn|60\n|\n|t:|1701147395\n|move|p1a: Slowking|Chilly Reception|p1a: Slowking\n|-weather|Snow\n|\n|t:|1701147400\n|switch|p1a: Forretress|Forretress, F|88\/100|[from] Chilly Reception\n|move|p2a: Ferrothorn|Spikes|p1a: Forretress\n|-sidestart|p1: Tommery|Spikes\n|\n|-weather|Snow|[upkeep]\n|upkeep\n|turn|61\n|\n|t:|1701147413\n|switch|p2a: Giratina|Giratina-Origin|18\/100\n|move|p1a: Forretress|Stealth Rock|p2a: Giratina\n|-sidestart|p2: ManuelvgDios|move: Stealth Rock\n|\n|-weather|Snow|[upkeep]\n|upkeep\n|turn|62\n|inactive|Tommery has 120 seconds left.\n|\n|t:|1701147435\n|move|p2a: Giratina|Hex|p1a: Forretress\n|-damage|p1a: Forretress|31\/100\n|move|p1a: Forretress|Pounce|p2a: Giratina\n|-resisted|p2a: Giratina\n|-damage|p2a: Giratina|12\/100\n|-unboost|p2a: Giratina|spe|1\n|\n|-weather|Snow|[upkeep]\n|upkeep\n|turn|63\n|\n|t:|1701147445\n|switch|p1a: LET ME COOK|Smeargle, M|75\/100\n|-damage|p1a: LET ME COOK|63\/100|[from] Spikes\n|move|p2a: Giratina|Hex|p1a: LET ME COOK\n|-immune|p1a: LET ME COOK\n|\n|-weather|Snow|[upkeep]\n|upkeep\n|turn|64\n|inactive|Tommery has 120 seconds left.\n|\n|t:|1701147462\n|move|p1a: LET ME COOK|Spore|p2a: Giratina\n|-status|p2a: Giratina|slp|[from] move: Spore\n|cant|p2a: Giratina|slp\n|\n|-weather|none\n|upkeep\n|turn|65\n|c|\u2606Tommery|Finallly!!!!!!\n|\n|t:|1701147482\n|switch|p2a: Ferrothorn|Ferrothorn, F|100\/100\n|-damage|p2a: Ferrothorn|94\/100|[from] Stealth Rock\n|move|p1a: LET ME COOK|Shell Smash|p1a: LET ME COOK\n|-unboost|p1a: LET ME COOK|def|1\n|-unboost|p1a: LET ME COOK|spd|1\n|-boost|p1a: LET ME COOK|atk|2\n|-boost|p1a: LET ME COOK|spa|2\n|-boost|p1a: LET ME COOK|spe|2\n|\n|-heal|p2a: Ferrothorn|100\/100|[from] item: Leftovers\n|upkeep\n|turn|66\n|\n|t:|1701147494\n|move|p1a: LET ME COOK|Fire Lash|p2a: Ferrothorn\n|-supereffective|p2a: Ferrothorn\n|-damage|p2a: Ferrothorn|46\/100\n|-unboost|p2a: Ferrothorn|def|1\n|-damage|p1a: LET ME COOK|51\/100|[from] ability: Iron Barbs|[of] p2a: Ferrothorn\n|move|p2a: Ferrothorn|Gyro Ball|p1a: LET ME COOK\n|-damage|p1a: LET ME COOK|0 fnt\n|faint|p1a: LET ME COOK\n|\n|-heal|p2a: Ferrothorn|52\/100|[from] item: Leftovers\n|upkeep\n|c|\u2606Tommery|Oh\n|inactive|Tommery has 120 seconds left.\n|\n|t:|1701147515\n|switch|p1a: Hydreigon|Hydreigon, F|88\/100\n|turn|67\n|inactive|Tommery has 120 seconds left.\n|\n|t:|1701147525\n|move|p2a: Ferrothorn|Protect|p2a: Ferrothorn\n|-singleturn|p2a: Ferrothorn|Protect\n|move|p1a: Hydreigon|U-turn|p2a: Ferrothorn\n|-activate|p2a: Ferrothorn|move: Protect\n|\n|-heal|p2a: Ferrothorn|58\/100|[from] item: Leftovers\n|upkeep\n|turn|68\n|inactive|ManuelvgDios has 120 seconds left.\n|inactive|ManuelvgDios has 90 seconds left.\n|\n|t:|1701147566\n|switch|p1a: Slowking|Slowking-Galar, M|100\/100\n|-damage|p1a: Slowking|88\/100|[from] Spikes\n|switch|p2a: Ho-Oh|Ho-Oh, shiny|100\/100\n|\n|-heal|p1a: Slowking|94\/100|[from] item: Black Sludge\n|upkeep\n|turn|69\n|inactive|ManuelvgDios has 90 seconds left.\n|inactive|ManuelvgDios has 60 seconds left.\n|\n|t:|1701147603\n|move|p2a: Ho-Oh|Brave Bird|p1a: Slowking\n|-damage|p1a: Slowking|39\/100\n|-damage|p2a: Ho-Oh|83\/100|[from] Recoil\n|move|p1a: Slowking|Flamethrower|p2a: Ho-Oh\n|-resisted|p2a: Ho-Oh\n|-damage|p2a: Ho-Oh|77\/100\n|\n|-heal|p1a: Slowking|45\/100|[from] item: Black Sludge\n|upkeep\n|turn|70\n|\n|t:|1701147611\n|switch|p1a: Alomomola|Alomomola, F|100\/100\n|-damage|p1a: Alomomola|88\/100|[from] Spikes\n|move|p2a: Ho-Oh|Brave Bird|p1a: Alomomola\n|-damage|p1a: Alomomola|60\/100\n|-damage|p2a: Ho-Oh|61\/100|[from] item: Rocky Helmet|[of] p1a: Alomomola\n|-damage|p2a: Ho-Oh|49\/100|[from] Recoil\n|\n|upkeep\n|turn|71\n|\n|t:|1701147617\n|switch|p2a: Ferrothorn|Ferrothorn, F|58\/100\n|-damage|p2a: Ferrothorn|52\/100|[from] Stealth Rock\n|move|p1a: Alomomola|Flip Turn|p2a: Ferrothorn\n|-resisted|p2a: Ferrothorn\n|-damage|p2a: Ferrothorn|47\/100\n|-damage|p1a: Alomomola|48\/100|[from] ability: Iron Barbs|[of] p2a: Ferrothorn\n|\n|t:|1701147623\n|switch|p1a: Slowking|Slowking-Galar, M|78\/100|[from] Flip Turn\n|-damage|p1a: Slowking|65\/100|[from] Spikes\n|\n|-heal|p1a: Slowking|72\/100|[from] item: Black Sludge\n|-heal|p2a: Ferrothorn|53\/100|[from] item: Leftovers\n|upkeep\n|turn|72\n|inactive|ManuelvgDios has 60 seconds left.\n|\n|t:|1701147654\n|switch|p2a: Ho-Oh|Ho-Oh, shiny|82\/100\n|move|p1a: Slowking|Flamethrower|p2a: Ho-Oh\n|-resisted|p2a: Ho-Oh\n|-damage|p2a: Ho-Oh|76\/100\n|\n|-heal|p1a: Slowking|78\/100|[from] item: Black Sludge\n|upkeep\n|turn|73\n|\n|t:|1701147658\n|move|p2a: Ho-Oh|Defog|p1a: Slowking\n|-unboost|p1a: Slowking|evasion|1\n|-sideend|p1: Tommery|Spikes|[from] move: Defog|[of] p2a: Ho-Oh\n|-sideend|p2: ManuelvgDios|Stealth Rock|[from] move: Defog|[of] p2a: Ho-Oh\n|move|p1a: Slowking|Toxic|p2a: Ho-Oh\n|-status|p2a: Ho-Oh|tox\n|\n|-heal|p1a: Slowking|84\/100|[from] item: Black Sludge\n|-damage|p2a: Ho-Oh|70\/100 tox|[from] psn\n|upkeep\n|turn|74\n|\n|t:|1701147669\n|switch|p2a: Chansey|Chansey, F|77\/100\n|switch|p1a: Alomomola|Alomomola, F|81\/100\n|\n|upkeep\n|turn|75\n|\n|t:|1701147681\n|move|p1a: Alomomola|Toxic|p2a: Chansey\n|-status|p2a: Chansey|tox\n|move|p2a: Chansey|Heal Bell|p2a: Chansey\n|-activate|p2a: Chansey|move: Heal Bell\n|-curestatus|p2a: Chansey|tox|[msg]\n|-curestatus|p2: Ho-Oh|tox|[msg]\n|-curestatus|p2: Giratina|slp|[msg]\n|-curestatus|p2: Gastrodon|tox|[msg]\n|\n|upkeep\n|turn|76\n|\n|t:|1701147692\n|switch|p2a: Ferrothorn|Ferrothorn, F|53\/100\n|move|p1a: Alomomola|Flip Turn|p2a: Ferrothorn\n|-resisted|p2a: Ferrothorn\n|-damage|p2a: Ferrothorn|49\/100\n|-damage|p1a: Alomomola|69\/100|[from] ability: Iron Barbs|[of] p2a: Ferrothorn\n|\n|t:|1701147695\n|switch|p1a: Slowking|Slowking-Galar, M|100\/100|[from] Flip Turn\n|\n|-heal|p2a: Ferrothorn|55\/100|[from] item: Leftovers\n|upkeep\n|turn|77\n|\n|t:|1701147703\n|move|p2a: Ferrothorn|Protect|p2a: Ferrothorn\n|-singleturn|p2a: Ferrothorn|Protect\n|move|p1a: Slowking|Flamethrower|p2a: Ferrothorn\n|-activate|p2a: Ferrothorn|move: Protect\n|\n|-heal|p2a: Ferrothorn|62\/100|[from] item: Leftovers\n|upkeep\n|turn|78\n|\n|t:|1701147719\n|switch|p2a: Zacian|Zacian-Crowned|100\/100\n|-ability|p2a: Zacian|Intrepid Sword|boost\n|-boost|p2a: Zacian|atk|1\n|move|p1a: Slowking|Toxic|p2a: Zacian\n|-immune|p2a: Zacian\n|\n|upkeep\n|turn|79\n|\n|t:|1701147735\n|move|p2a: Zacian|Swords Dance|p2a: Zacian\n|-boost|p2a: Zacian|atk|2\n|move|p1a: Slowking|Flamethrower|p2a: Zacian\n|-supereffective|p2a: Zacian\n|-damage|p2a: Zacian|61\/100\n|-status|p2a: Zacian|brn\n|\n|-damage|p2a: Zacian|54\/100 brn|[from] brn\n|upkeep\n|turn|80\n|c|\u2606Tommery|I got lucky\n|c|\u2606Tommery|Sry\n|\n|t:|1701147749\n|move|p2a: Zacian|Behemoth Blade|p1a: Slowking\n|-damage|p1a: Slowking|21\/100\n|move|p1a: Slowking|Flamethrower|p2a: Zacian\n|-supereffective|p2a: Zacian\n|-damage|p2a: Zacian|12\/100 brn\n|\n|-heal|p1a: Slowking|27\/100|[from] item: Black Sludge\n|-damage|p2a: Zacian|6\/100 brn|[from] brn\n|upkeep\n|turn|81\n|\n|t:|1701147757\n|switch|p1a: Alomomola|Alomomola, F|100\/100\n|move|p2a: Zacian|Behemoth Blade|p1a: Alomomola\n|-resisted|p1a: Alomomola\n|-crit|p1a: Alomomola\n|-damage|p1a: Alomomola|73\/100\n|-damage|p2a: Zacian|0 fnt|[from] item: Rocky Helmet|[of] p1a: Alomomola\n|faint|p2a: Zacian\n|\n|upkeep\n|\n|t:|1701147769\n|switch|p2a: Ferrothorn|Ferrothorn, F|62\/100\n|turn|82\n|\n|t:|1701147777\n|move|p1a: Alomomola|Wish|p1a: Alomomola\n|move|p2a: Ferrothorn|Leech Seed|p1a: Alomomola\n|-start|p1a: Alomomola|move: Leech Seed\n|\n|-heal|p2a: Ferrothorn|68\/100|[from] item: Leftovers\n|-damage|p1a: Alomomola|60\/100|[from] Leech Seed|[of] p2a: Ferrothorn\n|-heal|p2a: Ferrothorn|87\/100|[silent]\n|upkeep\n|turn|83\n|\n|t:|1701147792\n|switch|p1a: Forretress|Forretress, F|31\/100\n|move|p2a: Ferrothorn|Leech Seed|p1a: Forretress\n|-start|p1a: Forretress|move: Leech Seed\n|\n|-heal|p1a: Forretress|100\/100|[from] move: Wish|[wisher] Alomomola\n|-heal|p2a: Ferrothorn|93\/100|[from] item: Leftovers\n|-damage|p1a: Forretress|88\/100|[from] Leech Seed|[of] p2a: Ferrothorn\n|-heal|p2a: Ferrothorn|100\/100|[silent]\n|upkeep\n|turn|84\n|\n|t:|1701147798\n|switch|p2a: Giratina|Giratina-Origin|12\/100\n|move|p1a: Forretress|Stealth Rock|p2a: Giratina\n|-sidestart|p2: ManuelvgDios|move: Stealth Rock\n|\n|-damage|p1a: Forretress|76\/100|[from] Leech Seed|[of] p2a: Giratina\n|-heal|p2a: Giratina|21\/100|[silent]\n|upkeep\n|turn|85\n|\n|t:|1701147815\n|move|p2a: Giratina|Toxic|p1a: Forretress\n|-immune|p1a: Forretress\n|move|p1a: Forretress|Volt Switch|p2a: Giratina\n|-resisted|p2a: Giratina\n|-damage|p2a: Giratina|18\/100\n|\n|t:|1701147818\n|switch|p1a: Hydreigon|Hydreigon, F|88\/100|[from] Volt Switch\n|\n|upkeep\n|turn|86\n|\n|t:|1701147828\n|switch|p2a: Ho-Oh|Ho-Oh, shiny|100\/100\n|move|p1a: Hydreigon|Dark Pulse|p2a: Ho-Oh\n|-damage|p2a: Ho-Oh|76\/100\n|\n|upkeep\n|turn|87\n|inactive|ManuelvgDios has 60 seconds left.\n|\n|t:|1701147855\n|move|p1a: Hydreigon|Dark Pulse|p2a: Ho-Oh\n|-damage|p2a: Ho-Oh|51\/100\n|cant|p2a: Ho-Oh|flinch\n|\n|upkeep\n|turn|88\n|\n|t:|1701147862\n|switch|p2a: Chansey|Chansey, F|77\/100\n|-damage|p2a: Chansey|64\/100|[from] Stealth Rock\n|move|p1a: Hydreigon|Dark Pulse|p2a: Chansey\n|-damage|p2a: Chansey|50\/100\n|\n|upkeep\n|turn|89\n|\n|t:|1701147875\n|switch|p1a: Slowking|Slowking-Galar, M|60\/100\n|move|p2a: Chansey|Soft-Boiled|p2a: Chansey\n|-heal|p2a: Chansey|99\/100\n|\n|-heal|p1a: Slowking|66\/100|[from] item: Black Sludge\n|upkeep\n|turn|90\n|\n|t:|1701147898\n|move|p2a: Chansey|Thunder Wave|p1a: Slowking|[miss]\n|-miss|p2a: Chansey|p1a: Slowking\n|move|p1a: Slowking|Toxic|p2a: Chansey\n|-status|p2a: Chansey|tox\n|\n|-heal|p1a: Slowking|73\/100|[from] item: Black Sludge\n|-damage|p2a: Chansey|94\/100 tox|[from] psn\n|upkeep\n|turn|91\n|inactive|Tommery has 120 seconds left.\n|\n|t:|1701147928\n|move|p2a: Chansey|Thunder Wave|p1a: Slowking\n|-status|p1a: Slowking|par\n|move|p1a: Slowking|Chilly Reception|p1a: Slowking\n|-weather|Snow\n|inactive|Tommery has 120 seconds left.\n|\n|t:|1701147936\n|switch|p1a: Forretress|Forretress, F|76\/100|[from] Chilly Reception\n|\n|-weather|Snow|[upkeep]\n|-damage|p2a: Chansey|81\/100 tox|[from] psn\n|upkeep\n|turn|92\n|\n|t:|1701147944\n|-curestatus|p2a: Chansey|tox|[from] ability: Natural Cure\n|switch|p2a: Ho-Oh|Ho-Oh, shiny|84\/100\n|move|p1a: Forretress|Pounce|p2a: Ho-Oh\n|-resisted|p2a: Ho-Oh\n|-damage|p2a: Ho-Oh|82\/100\n|-unboost|p2a: Ho-Oh|spe|1\n|\n|-weather|Snow|[upkeep]\n|upkeep\n|turn|93\n|inactive|Tommery has 120 seconds left.\n|\n|t:|1701147958\n|switch|p1a: Alomomola|Alomomola, F|94\/100\n|move|p2a: Ho-Oh|Defog|p1a: Alomomola\n|-unboost|p1a: Alomomola|evasion|1\n|-sideend|p2: ManuelvgDios|Stealth Rock|[from] move: Defog|[of] p2a: Ho-Oh\n|\n|-weather|Snow|[upkeep]\n|upkeep\n|turn|94\n|inactive|Tommery has 120 seconds left.\n|inactive|ManuelvgDios has 30 seconds left.\n|\n|t:|1701147977\n|switch|p2a: Gastrodon|Gastrodon, F, shiny|82\/100\n|move|p1a: Alomomola|Flip Turn|p2a: Gastrodon\n|-ability|p2a: Gastrodon|Storm Drain|boost\n|-boost|p2a: Gastrodon|spa|1\n|\n|-weather|Snow|[upkeep]\n|-heal|p2a: Gastrodon|88\/100|[from] item: Leftovers\n|upkeep\n|turn|95\n|inactive|ManuelvgDios has 30 seconds left this turn.\n|inactive|ManuelvgDios has 20 seconds left.\n|inactive|ManuelvgDios has 15 seconds left.\n|\n|t:|1701147993\n|move|p1a: Alomomola|Toxic|p2a: Gastrodon\n|-status|p2a: Gastrodon|tox\n|move|p2a: Gastrodon|Yawn|p1a: Alomomola\n|-start|p1a: Alomomola|move: Yawn|[of] p2a: Gastrodon\n|\n|-weather|none\n|-heal|p2a: Gastrodon|94\/100 tox|[from] item: Leftovers\n|-damage|p2a: Gastrodon|88\/100 tox|[from] psn\n|upkeep\n|turn|96\n|inactive|ManuelvgDios has 20 seconds left this turn.\n|inactive|Tommery has 120 seconds left.\n|\n|t:|1701148003\n|switch|p1a: Hydreigon|Hydreigon, F|88\/100\n|move|p2a: Gastrodon|Yawn|p1a: Hydreigon\n|-start|p1a: Hydreigon|move: Yawn|[of] p2a: Gastrodon\n|\n|-heal|p2a: Gastrodon|94\/100 tox|[from] item: Leftovers\n|-damage|p2a: Gastrodon|82\/100 tox|[from] psn\n|upkeep\n|turn|97\n|inactive|ManuelvgDios has 25 seconds left this turn.\n|inactive|Tommery has 120 seconds left.\n|\n|t:|1701148009\n|move|p1a: Hydreigon|U-turn|p2a: Gastrodon\n|-damage|p2a: Gastrodon|65\/100 tox\n|inactive|ManuelvgDios has 30 seconds left this turn.\n|\n|t:|1701148011\n|switch|p1a: Alomomola|Alomomola, F|100\/100|[from] U-turn\n|move|p2a: Gastrodon|Earth Power|p1a: Alomomola\n|-damage|p1a: Alomomola|51\/100\n|\n|-heal|p2a: Gastrodon|71\/100 tox|[from] item: Leftovers\n|-damage|p2a: Gastrodon|53\/100 tox|[from] psn\n|upkeep\n|turn|98\n|inactive|ManuelvgDios has 30 seconds left.\n|\n|t:|1701148024\n|switch|p2a: Chansey|Chansey, F|81\/100\n|move|p1a: Alomomola|Protect||[still]\n|-fail|p1a: Alomomola\n|\n|upkeep\n|turn|99\n|inactive|ManuelvgDios has 30 seconds left this turn.\n|inactive|ManuelvgDios has 20 seconds left.\n|\n|t:|1701148037\n|switch|p2a: Ferrothorn|Ferrothorn, F|100\/100\n|move|p1a: Alomomola|Flip Turn|p2a: Ferrothorn\n|-resisted|p2a: Ferrothorn\n|-damage|p2a: Ferrothorn|95\/100\n|-damage|p1a: Alomomola|39\/100|[from] ability: Iron Barbs|[of] p2a: Ferrothorn\n|inactive|ManuelvgDios has 25 seconds left this turn.\n|\n|t:|1701148041\n|switch|p1a: Slowking|Slowking-Galar, M|100\/100 par|[from] Flip Turn\n|\n|-heal|p2a: Ferrothorn|100\/100|[from] item: Leftovers\n|upkeep\n|turn|100\n|inactive|ManuelvgDios has 30 seconds left this turn.\n|inactive|ManuelvgDios has 20 seconds left.\n|inactive|ManuelvgDios has 15 seconds left.\n|\n|t:|1701148058\n|switch|p2a: Ho-Oh|Ho-Oh, shiny|100\/100\n|move|p1a: Slowking|Flamethrower|p2a: Ho-Oh\n|-resisted|p2a: Ho-Oh\n|-damage|p2a: Ho-Oh|94\/100\n|\n|upkeep\n|turn|101\n|inactive|ManuelvgDios has 20 seconds left this turn.\n|inactive|ManuelvgDios has 15 seconds left.\n|\n|t:|1701148065\n|move|p2a: Ho-Oh|Brave Bird|p1a: Slowking\n|-damage|p1a: Slowking|44\/100 par\n|-damage|p2a: Ho-Oh|76\/100|[from] Recoil\n|move|p1a: Slowking|Toxic|p2a: Ho-Oh\n|-status|p2a: Ho-Oh|tox\n|\n|-heal|p1a: Slowking|50\/100 par|[from] item: Black Sludge\n|-damage|p2a: Ho-Oh|70\/100 tox|[from] psn\n|upkeep\n|turn|102\n|inactive|ManuelvgDios has 20 seconds left this turn.\n|inactive|ManuelvgDios has 15 seconds left.\n|\n|t:|1701148071\n|switch|p1a: Alomomola|Alomomola, F|72\/100\n|move|p2a: Ho-Oh|Brave Bird|p1a: Alomomola\n|-damage|p1a: Alomomola|44\/100\n|-damage|p2a: Ho-Oh|54\/100 tox|[from] item: Rocky Helmet|[of] p1a: Alomomola\n|-damage|p2a: Ho-Oh|42\/100 tox|[from] Recoil\n|\n|-damage|p2a: Ho-Oh|30\/100 tox|[from] psn\n|upkeep\n|turn|103\n|inactive|ManuelvgDios has 20 seconds left this turn.\n|inactive|ManuelvgDios has 15 seconds left.\n|\n|t:|1701148079\n|switch|p2a: Ferrothorn|Ferrothorn, F|100\/100\n|move|p1a: Alomomola|Wish|p1a: Alomomola\n|\n|upkeep\n|turn|104\n|inactive|ManuelvgDios has 20 seconds left this turn.\n|\n|t:|1701148083\n|move|p1a: Alomomola|Protect|p1a: Alomomola\n|-singleturn|p1a: Alomomola|Protect\n|move|p2a: Ferrothorn|Leech Seed|p1a: Alomomola\n|-activate|p1a: Alomomola|move: Protect\n|\n|-heal|p1a: Alomomola|94\/100|[from] move: Wish|[wisher] Alomomola\n|upkeep\n|turn|105\n|inactive|ManuelvgDios has 25 seconds left this turn.\n|\n|t:|1701148086\n|move|p1a: Alomomola|Flip Turn|p2a: Ferrothorn\n|-resisted|p2a: Ferrothorn\n|-damage|p2a: Ferrothorn|96\/100\n|-damage|p1a: Alomomola|82\/100|[from] ability: Iron Barbs|[of] p2a: Ferrothorn\n|inactive|ManuelvgDios has 30 seconds left this turn.\n|\n|t:|1701148091\n|switch|p1a: Slowking|Slowking-Galar, M|83\/100 par|[from] Flip Turn\n|move|p2a: Ferrothorn|Leech Seed|p1a: Slowking\n|-start|p1a: Slowking|move: Leech Seed\n|\n|-heal|p2a: Ferrothorn|100\/100|[from] item: Leftovers\n|-heal|p1a: Slowking|90\/100 par|[from] item: Black Sludge\n|-damage|p1a: Slowking|77\/100 par|[from] Leech Seed|[of] p2a: Ferrothorn\n|upkeep\n|turn|106\n|inactive|ManuelvgDios has 30 seconds left.\n|\n|t:|1701148097\n|move|p2a: Ferrothorn|Protect|p2a: Ferrothorn\n|-singleturn|p2a: Ferrothorn|Protect\n|move|p1a: Slowking|Chilly Reception|p1a: Slowking\n|-weather|Snow\n|\n|t:|1701148099\n|switch|p1a: Hydreigon|Hydreigon, F|88\/100|[from] Chilly Reception\n|\n|-weather|Snow|[upkeep]\n|upkeep\n|turn|107\n|\n|t:|1701148109\n|switch|p2a: Chansey|Chansey, F|81\/100\n|move|p1a: Hydreigon|Flamethrower|p2a: Chansey\n|-damage|p2a: Chansey|70\/100\n|\n|-weather|Snow|[upkeep]\n|upkeep\n|turn|108\n|\n|t:|1701148118\n|switch|p1a: Slowking|Slowking-Galar, M|100\/100 par\n|move|p2a: Chansey|Heal Bell|p2a: Chansey\n|-activate|p2a: Chansey|move: Heal Bell\n|-curestatus|p2: Gastrodon|tox|[msg]\n|-curestatus|p2: Ho-Oh|tox|[msg]\n|\n|-weather|Snow|[upkeep]\n|upkeep\n|turn|109\n|\n|t:|1701148127\n|move|p2a: Chansey|Seismic Toss|p1a: Slowking\n|-damage|p1a: Slowking|75\/100 par\n|move|p1a: Slowking|Toxic|p2a: Chansey\n|-status|p2a: Chansey|tox\n|\n|-weather|Snow|[upkeep]\n|-heal|p1a: Slowking|81\/100 par|[from] item: Black Sludge\n|-damage|p2a: Chansey|64\/100 tox|[from] psn\n|upkeep\n|turn|110\n|inactive|ManuelvgDios has 30 seconds left.\n|\n|t:|1701148141\n|-curestatus|p2a: Chansey|tox|[from] ability: Natural Cure\n|switch|p2a: Gastrodon|Gastrodon, F, shiny|53\/100\n|move|p1a: Slowking|Chilly Reception|p1a: Slowking\n|\n|t:|1701148158\n|switch|p1a: Alomomola|Alomomola, F|100\/100|[from] Chilly Reception\n|\n|-weather|none\n|-heal|p2a: Gastrodon|59\/100|[from] item: Leftovers\n|upkeep\n|turn|111\n|\n|t:|1701148165\n|move|p2a: Gastrodon|Protect|p2a: Gastrodon\n|-singleturn|p2a: Gastrodon|Protect\n|move|p1a: Alomomola|Toxic|p2a: Gastrodon\n|-activate|p2a: Gastrodon|move: Protect\n|\n|-heal|p2a: Gastrodon|65\/100|[from] item: Leftovers\n|upkeep\n|turn|112\n|inactive|ManuelvgDios has 30 seconds left.\n|\n|t:|1701148179\n|switch|p2a: Ferrothorn|Ferrothorn, F|100\/100\n|move|p1a: Alomomola|Toxic|p2a: Ferrothorn\n|-immune|p2a: Ferrothorn\n|\n|upkeep\n|turn|113\n|inactive|ManuelvgDios has 30 seconds left.\n|\n|t:|1701148186\n|move|p1a: Alomomola|Protect|p1a: Alomomola\n|-singleturn|p1a: Alomomola|Protect\n|move|p2a: Ferrothorn|Leech Seed|p1a: Alomomola\n|-activate|p1a: Alomomola|move: Protect\n|\n|upkeep\n|turn|114\n|inactive|ManuelvgDios has 30 seconds left.\n|\n|t:|1701148191\n|move|p1a: Alomomola|Flip Turn|p2a: Ferrothorn\n|-resisted|p2a: Ferrothorn\n|-crit|p2a: Ferrothorn\n|-damage|p2a: Ferrothorn|94\/100\n|-damage|p1a: Alomomola|88\/100|[from] ability: Iron Barbs|[of] p2a: Ferrothorn\n|\n|t:|1701148194\n|switch|p1a: Forretress|Forretress, F|76\/100|[from] Flip Turn\n|move|p2a: Ferrothorn|Leech Seed|p1a: Forretress\n|-start|p1a: Forretress|move: Leech Seed\n|\n|-heal|p2a: Ferrothorn|99\/100|[from] item: Leftovers\n|-damage|p1a: Forretress|63\/100|[from] Leech Seed|[of] p2a: Ferrothorn\n|-heal|p2a: Ferrothorn|100\/100|[silent]\n|upkeep\n|turn|115\n|\n|t:|1701148200\n|switch|p2a: Giratina|Giratina-Origin|18\/100\n|move|p1a: Forretress|Stealth Rock|p2a: Giratina\n|-sidestart|p2: ManuelvgDios|move: Stealth Rock\n|\n|-damage|p1a: Forretress|51\/100|[from] Leech Seed|[of] p2a: Giratina\n|-heal|p2a: Giratina|27\/100|[silent]\n|upkeep\n|turn|116\n|inactive|ManuelvgDios has 30 seconds left.\n|\n|t:|1701148213\n|switch|p1a: Slowking|Slowking-Galar, M|100\/100 par\n|move|p2a: Giratina|Hex|p1a: Slowking\n|-supereffective|p1a: Slowking\n|-damage|p1a: Slowking|10\/100 par\n|\n|-heal|p1a: Slowking|16\/100 par|[from] item: Black Sludge\n|upkeep\n|turn|117\n|inactive|ManuelvgDios has 30 seconds left.\n|inactive|ManuelvgDios has 20 seconds left.\n|\n|t:|1701148229\n|switch|p1a: Forretress|Forretress, F|51\/100\n|move|p2a: Giratina|Draco Meteor|p1a: Forretress\n|-resisted|p1a: Forretress\n|-damage|p1a: Forretress|0 fnt\n|-unboost|p2a: Giratina|spa|2\n|faint|p1a: Forretress\n|\n|upkeep\n|inactive|ManuelvgDios has 25 seconds left this turn.\n|\n|t:|1701148239\n|switch|p1a: Hydreigon|Hydreigon, F|88\/100\n|turn|118\n|inactive|ManuelvgDios has 30 seconds left this turn.\n|\n|t:|1701148258\n|switch|p2a: Ho-Oh|Ho-Oh, shiny|63\/100\n|move|p1a: Hydreigon|Dark Pulse|p2a: Ho-Oh\n|-damage|p2a: Ho-Oh|38\/100\n|\n|upkeep\n|turn|119\n|inactive|ManuelvgDios has 30 seconds left.\n|\n|t:|1701148269\n|switch|p2a: Chansey|Chansey, F|64\/100\n|-damage|p2a: Chansey|51\/100|[from] Stealth Rock\n|move|p1a: Hydreigon|Dark Pulse|p2a: Chansey\n|-damage|p2a: Chansey|37\/100\n|\n|upkeep\n|turn|120\n|inactive|ManuelvgDios has 30 seconds left this turn.\n|\n|t:|1701148279\n|switch|p1a: Slowking|Slowking-Galar, M|49\/100 par\n|move|p2a: Chansey|Soft-Boiled|p2a: Chansey\n|-heal|p2a: Chansey|87\/100\n|\n|-heal|p1a: Slowking|56\/100 par|[from] item: Black Sludge\n|upkeep\n|turn|121\n|inactive|ManuelvgDios has 30 seconds left this turn.\n|inactive|ManuelvgDios has 20 seconds left.\n|inactive|ManuelvgDios has 15 seconds left.\n|\n|t:|1701148295\n|move|p2a: Chansey|Seismic Toss|p1a: Slowking\n|-damage|p1a: Slowking|30\/100 par\n|cant|p1a: Slowking|par\n|\n|-heal|p1a: Slowking|36\/100 par|[from] item: Black Sludge\n|upkeep\n|turn|122\n|inactive|ManuelvgDios has 20 seconds left this turn.\n|\n|t:|1701148300\n|switch|p1a: Alomomola|Alomomola, F|100\/100\n|move|p2a: Chansey|Seismic Toss|p1a: Alomomola\n|-damage|p1a: Alomomola|82\/100\n|-damage|p2a: Chansey|70\/100|[from] item: Rocky Helmet|[of] p1a: Alomomola\n|\n|upkeep\n|turn|123\n|inactive|ManuelvgDios has 25 seconds left this turn.\n|inactive|ManuelvgDios has 20 seconds left.\n|inactive|ManuelvgDios has 15 seconds left.\n|\n|t:|1701148312\n|switch|p2a: Ferrothorn|Ferrothorn, F|100\/100\n|-damage|p2a: Ferrothorn|94\/100|[from] Stealth Rock\n|move|p1a: Alomomola|Toxic|p2a: Ferrothorn\n|-immune|p2a: Ferrothorn\n|\n|-heal|p2a: Ferrothorn|100\/100|[from] item: Leftovers\n|upkeep\n|turn|124\n|inactive|ManuelvgDios has 20 seconds left this turn.\n|inactive|ManuelvgDios has 15 seconds left.\n|\n|t:|1701148320\n|move|p1a: Alomomola|Wish|p1a: Alomomola\n|move|p2a: Ferrothorn|Spikes|p1a: Alomomola\n|-sidestart|p1: Tommery|Spikes\n|\n|upkeep\n|turn|125\n|inactive|ManuelvgDios has 20 seconds left this turn.\n|\n|t:|1701148324\n|switch|p1a: Slowking|Slowking-Galar, M|70\/100 par\n|-damage|p1a: Slowking|57\/100 par|[from] Spikes\n|move|p2a: Ferrothorn|Spikes|p1a: Slowking\n|-sidestart|p1: Tommery|Spikes\n|\n|-heal|p1a: Slowking|100\/100 par|[from] move: Wish|[wisher] Alomomola\n|upkeep\n|turn|126\n|inactive|ManuelvgDios has 25 seconds left this turn.\n|inactive|ManuelvgDios has 20 seconds left.\n|inactive|ManuelvgDios has 15 seconds left.\n|\n|t:|1701148335\n|switch|p2a: Ho-Oh|Ho-Oh, shiny|71\/100\n|cant|p1a: Slowking|par\n|\n|upkeep\n|turn|127\n|inactive|ManuelvgDios has 20 seconds left this turn.\n|\n|t:|1701148339\n|move|p2a: Ho-Oh|Defog|p1a: Slowking\n|-unboost|p1a: Slowking|evasion|1\n|-sideend|p1: Tommery|Spikes|[from] move: Defog|[of] p2a: Ho-Oh\n|-sideend|p2: ManuelvgDios|Stealth Rock|[from] move: Defog|[of] p2a: Ho-Oh\n|cant|p1a: Slowking|par\n|\n|upkeep\n|turn|128\n|inactive|ManuelvgDios has 25 seconds left this turn.\n|inactive|ManuelvgDios has 20 seconds left.\n|inactive|ManuelvgDios has 15 seconds left.\n|\n|t:|1701148353\n|cant|p1a: Slowking|par\n|move|p2a: Ho-Oh|Whirlwind|p1a: Slowking\n|drag|p1a: Alomomola|Alomomola, F|100\/100\n|\n|upkeep\n|turn|129\n|inactive|ManuelvgDios has 20 seconds left this turn.\n|\n|t:|1701148358\n|switch|p2a: Ferrothorn|Ferrothorn, F|100\/100\n|move|p1a: Alomomola|Toxic|p2a: Ferrothorn\n|-immune|p2a: Ferrothorn\n|\n|upkeep\n|turn|130\n|inactive|ManuelvgDios has 25 seconds left this turn.\n|c|\u2606Tommery|...\n|\n|t:|1701148362\n|move|p1a: Alomomola|Flip Turn|p2a: Ferrothorn\n|-resisted|p2a: Ferrothorn\n|-damage|p2a: Ferrothorn|95\/100\n|-damage|p1a: Alomomola|88\/100|[from] ability: Iron Barbs|[of] p2a: Ferrothorn\n|inactive|ManuelvgDios has 30 seconds left this turn.\n|\n|t:|1701148367\n|switch|p1a: Slowking|Slowking-Galar, M|100\/100 par|[from] Flip Turn\n|move|p2a: Ferrothorn|Spikes|p1a: Slowking\n|-sidestart|p1: Tommery|Spikes\n|\n|-heal|p2a: Ferrothorn|100\/100|[from] item: Leftovers\n|upkeep\n|turn|131\n|inactive|ManuelvgDios has 30 seconds left.\n|\n|t:|1701148379\n|switch|p2a: Gastrodon|Gastrodon, F, shiny|65\/100\n|cant|p1a: Slowking|par\n|\n|-heal|p2a: Gastrodon|71\/100|[from] item: Leftovers\n|upkeep\n|turn|132\n|inactive|ManuelvgDios has 30 seconds left this turn.\n|\n|t:|1701148384\n|move|p2a: Gastrodon|Earth Power|p1a: Slowking\n|-supereffective|p1a: Slowking\n|-damage|p1a: Slowking|64\/100 par\n|cant|p1a: Slowking|par\n|\n|-heal|p2a: Gastrodon|77\/100|[from] item: Leftovers\n|-heal|p1a: Slowking|70\/100 par|[from] item: Black Sludge\n|upkeep\n|turn|133\n|c|\u2606Tommery|....\n|inactive|ManuelvgDios has 30 seconds left.\n|c|\u2606Tommery|Bruh\n|\n|t:|1701148396\n|move|p2a: Gastrodon|Earth Power|p1a: Slowking\n|-supereffective|p1a: Slowking\n|-damage|p1a: Slowking|35\/100 par\n|move|p1a: Slowking|Toxic|p2a: Gastrodon\n|-status|p2a: Gastrodon|tox\n|\n|-heal|p2a: Gastrodon|83\/100 tox|[from] item: Leftovers\n|-heal|p1a: Slowking|41\/100 par|[from] item: Black Sludge\n|-damage|p2a: Gastrodon|77\/100 tox|[from] psn\n|upkeep\n|turn|134\n|inactive|ManuelvgDios has 30 seconds left this turn.\n|\n|t:|1701148403\n|switch|p2a: Chansey|Chansey, F|70\/100\n|switch|p1a: Hydreigon|Hydreigon, F|88\/100\n|\n|upkeep\n|turn|135\n|inactive|ManuelvgDios has 30 seconds left this turn.\n|\n|t:|1701148410\n|move|p1a: Hydreigon|U-turn|p2a: Chansey\n|-damage|p2a: Chansey|60\/100\n|inactive|ManuelvgDios has 30 seconds left this turn.\n|\n|t:|1701148416\n|switch|p1a: Alomomola|Alomomola, F|100\/100|[from] U-turn\n|-damage|p1a: Alomomola|88\/100|[from] Spikes\n|move|p2a: Chansey|Seismic Toss|p1a: Alomomola\n|-damage|p1a: Alomomola|69\/100\n|-damage|p2a: Chansey|44\/100|[from] item: Rocky Helmet|[of] p1a: Alomomola\n|\n|upkeep\n|turn|136\n|inactive|ManuelvgDios has 30 seconds left.\n|\n|t:|1701148424\n|switch|p2a: Ferrothorn|Ferrothorn, F|100\/100\n|move|p1a: Alomomola|Flip Turn|p2a: Ferrothorn\n|-resisted|p2a: Ferrothorn\n|-damage|p2a: Ferrothorn|96\/100\n|-damage|p1a: Alomomola|57\/100|[from] ability: Iron Barbs|[of] p2a: Ferrothorn\n|\n|t:|1701148429\n|switch|p1a: Hydreigon|Hydreigon, F|88\/100|[from] Flip Turn\n|\n|-heal|p2a: Ferrothorn|100\/100|[from] item: Leftovers\n|upkeep\n|turn|137\n|\n|t:|1701148438\n|switch|p2a: Chansey|Chansey, F|44\/100\n|move|p1a: Hydreigon|U-turn|p2a: Chansey\n|-damage|p2a: Chansey|34\/100\n|\n|t:|1701148445\n|switch|p1a: Alomomola|Alomomola, F|90\/100|[from] U-turn\n|-damage|p1a: Alomomola|78\/100|[from] Spikes\n|\n|upkeep\n|turn|138\n|\n|t:|1701148450\n|move|p1a: Alomomola|Toxic|p2a: Chansey\n|-status|p2a: Chansey|tox\n|move|p2a: Chansey|Soft-Boiled|p2a: Chansey\n|-heal|p2a: Chansey|84\/100 tox\n|\n|-damage|p2a: Chansey|78\/100 tox|[from] psn\n|upkeep\n|turn|139\n|\n|t:|1701148457\n|move|p1a: Alomomola|Flip Turn|p2a: Chansey\n|-crit|p2a: Chansey\n|-damage|p2a: Chansey|62\/100 tox\n|\n|t:|1701148463\n|switch|p1a: Hydreigon|Hydreigon, F|88\/100|[from] Flip Turn\n|move|p2a: Chansey|Heal Bell|p2a: Chansey\n|-activate|p2a: Chansey|move: Heal Bell\n|-curestatus|p2a: Chansey|tox|[msg]\n|-curestatus|p2: Gastrodon|tox|[msg]\n|\n|upkeep\n|turn|140\n|\n|t:|1701148472\n|move|p1a: Hydreigon|U-turn|p2a: Chansey\n|-damage|p2a: Chansey|51\/100\n|\n|t:|1701148475\n|switch|p1a: Alomomola|Alomomola, F|100\/100|[from] U-turn\n|-damage|p1a: Alomomola|88\/100|[from] Spikes\n|move|p2a: Chansey|Thunder Wave|p1a: Alomomola\n|-status|p1a: Alomomola|par\n|\n|upkeep\n|turn|141\n|\n|t:|1701148481\n|move|p2a: Chansey|Soft-Boiled|p2a: Chansey\n|-heal|p2a: Chansey|100\/100\n|cant|p1a: Alomomola|par\n|\n|upkeep\n|turn|142\n|\n|t:|1701148491\n|switch|p2a: Gastrodon|Gastrodon, F, shiny|77\/100\n|move|p1a: Alomomola|Toxic|p2a: Gastrodon\n|-status|p2a: Gastrodon|tox\n|\n|-heal|p2a: Gastrodon|83\/100 tox|[from] item: Leftovers\n|-damage|p2a: Gastrodon|77\/100 tox|[from] psn\n|upkeep\n|turn|143\n|\n|t:|1701148497\n|switch|p2a: Ferrothorn|Ferrothorn, F|100\/100\n|move|p1a: Alomomola|Protect||[still]\n|-fail|p1a: Alomomola\n|\n|upkeep\n|turn|144\n|\n|t:|1701148502\n|cant|p1a: Alomomola|par\n|move|p2a: Ferrothorn|Spikes|p1a: Alomomola\n|-sidestart|p1: Tommery|Spikes\n|\n|upkeep\n|turn|145\n|\n|t:|1701148505\n|cant|p1a: Alomomola|par\n|move|p2a: Ferrothorn|Spikes|p1a: Alomomola\n|-sidestart|p1: Tommery|Spikes\n|\n|upkeep\n|turn|146\n|inactive|ManuelvgDios has 60 seconds left.\n|c|\u2606Tommery|Why\n|\n|t:|1701148514\n|move|p1a: Alomomola|Flip Turn|p2a: Ferrothorn\n|-resisted|p2a: Ferrothorn\n|-damage|p2a: Ferrothorn|96\/100\n|-damage|p1a: Alomomola|76\/100 par|[from] ability: Iron Barbs|[of] p2a: Ferrothorn\n|\n|t:|1701148523\n|switch|p1a: Slowking|Slowking-Galar, M|74\/100 par|[from] Flip Turn\n|-damage|p1a: Slowking|49\/100 par|[from] Spikes\n|move|p2a: Ferrothorn|Leech Seed|p1a: Slowking\n|-start|p1a: Slowking|move: Leech Seed\n|\n|-heal|p2a: Ferrothorn|100\/100|[from] item: Leftovers\n|-heal|p1a: Slowking|56\/100 par|[from] item: Black Sludge\n|-damage|p1a: Slowking|43\/100 par|[from] Leech Seed|[of] p2a: Ferrothorn\n|upkeep\n|turn|147\n|inactive|ManuelvgDios has 60 seconds left.\n|\n|t:|1701148542\n|switch|p2a: Giratina|Giratina-Origin|27\/100\n|switch|p1a: Hydreigon|Hydreigon, F|88\/100\n|\n|upkeep\n|turn|148\n|\n|t:|1701148555\n|switch|p2a: Ho-Oh|Ho-Oh, shiny|100\/100\n|move|p1a: Hydreigon|Draco Meteor|p2a: Ho-Oh\n|-damage|p2a: Ho-Oh|59\/100\n|-unboost|p1a: Hydreigon|spa|2\n|\n|upkeep\n|turn|149\n|\n|t:|1701148568\n|switch|p1a: Alomomola|Alomomola, F|100\/100 par\n|-damage|p1a: Alomomola|76\/100 par|[from] Spikes\n|move|p2a: Ho-Oh|Whirlwind|p1a: Alomomola\n|drag|p1a: Slowking|Slowking-Galar, M|76\/100 par\n|-damage|p1a: Slowking|52\/100 par|[from] Spikes\n|\n|-heal|p1a: Slowking|58\/100 par|[from] item: Black Sludge\n|upkeep\n|turn|150\n|\n|t:|1701148575\n|switch|p2a: Gastrodon|Gastrodon, F, shiny|77\/100 tox\n|switch|p1a: Alomomola|Alomomola, F|100\/100 par\n|-damage|p1a: Alomomola|76\/100 par|[from] Spikes\n|\n|-heal|p2a: Gastrodon|83\/100 tox|[from] item: Leftovers\n|-damage|p2a: Gastrodon|77\/100 tox|[from] psn\n|upkeep\n|turn|151\n|\n|t:|1701148582\n|switch|p2a: Ferrothorn|Ferrothorn, F|100\/100\n|move|p1a: Alomomola|Protect||[still]\n|-fail|p1a: Alomomola\n|\n|upkeep\n|turn|152\n|\n|t:|1701148590\n|move|p1a: Alomomola|Flip Turn|p2a: Ferrothorn\n|-resisted|p2a: Ferrothorn\n|-damage|p2a: Ferrothorn|96\/100\n|-damage|p1a: Alomomola|63\/100 par|[from] ability: Iron Barbs|[of] p2a: Ferrothorn\n|\n|t:|1701148595\n|switch|p1a: Slowking|Slowking-Galar, M|91\/100 par|[from] Flip Turn\n|-damage|p1a: Slowking|66\/100 par|[from] Spikes\n|move|p2a: Ferrothorn|Gyro Ball|p1a: Slowking\n|-damage|p1a: Slowking|60\/100 par\n|\n|-heal|p2a: Ferrothorn|100\/100|[from] item: Leftovers\n|-heal|p1a: Slowking|66\/100 par|[from] item: Black Sludge\n|upkeep\n|turn|153\n|\n|t:|1701148621\n|move|p2a: Ferrothorn|Protect|p2a: Ferrothorn\n|-singleturn|p2a: Ferrothorn|Protect\n|move|p1a: Slowking|Flamethrower|p2a: Ferrothorn\n|-activate|p2a: Ferrothorn|move: Protect\n|\n|-heal|p1a: Slowking|72\/100 par|[from] item: Black Sludge\n|upkeep\n|turn|154\n|inactive|ManuelvgDios has 30 seconds left.\n|inactive|ManuelvgDios has 20 seconds left.\n|inactive|ManuelvgDios has 15 seconds left.\n|\n|t:|1701148647\n|switch|p2a: Ho-Oh|Ho-Oh, shiny|93\/100\n|move|p1a: Slowking|Sludge Wave|p2a: Ho-Oh\n|-damage|p2a: Ho-Oh|73\/100\n|\n|-heal|p1a: Slowking|78\/100 par|[from] item: Black Sludge\n|upkeep\n|turn|155\n|inactive|ManuelvgDios has 20 seconds left this turn.\n|inactive|ManuelvgDios has 15 seconds left.\n|inactive|ManuelvgDios has 10 seconds left.\n|\n|t:|1701148658\n|move|p1a: Slowking|Toxic|p2a: Ho-Oh\n|-status|p2a: Ho-Oh|tox\n|move|p2a: Ho-Oh|Whirlwind|p1a: Slowking\n|drag|p1a: Alomomola|Alomomola, F|97\/100 par\n|-damage|p1a: Alomomola|72\/100 par|[from] Spikes\n|\n|-damage|p2a: Ho-Oh|67\/100 tox|[from] psn\n|upkeep\n|turn|156\n|inactive|ManuelvgDios has 15 seconds left this turn.\n|inactive|ManuelvgDios has 10 seconds left.\n|\n|t:|1701148665\n|move|p2a: Ho-Oh|Brave Bird|p1a: Alomomola\n|-damage|p1a: Alomomola|44\/100 par\n|-damage|p2a: Ho-Oh|50\/100 tox|[from] item: Rocky Helmet|[of] p1a: Alomomola\n|-damage|p2a: Ho-Oh|38\/100 tox|[from] Recoil\n|move|p1a: Alomomola|Flip Turn|p2a: Ho-Oh\n|-supereffective|p2a: Ho-Oh\n|-damage|p2a: Ho-Oh|17\/100 tox\n|inactive|ManuelvgDios has 15 seconds left this turn.\n|\n|t:|1701148670\n|switch|p1a: Hydreigon|Hydreigon, F|88\/100|[from] Flip Turn\n|\n|-damage|p2a: Ho-Oh|5\/100 tox|[from] psn\n|upkeep\n|turn|157\n|inactive|ManuelvgDios has 20 seconds left this turn.\n|inactive|ManuelvgDios has 15 seconds left.\n|\n|t:|1701148680\n|switch|p2a: Chansey|Chansey, F|100\/100\n|move|p1a: Hydreigon|U-turn|p2a: Chansey\n|-damage|p2a: Chansey|90\/100\n|inactive|ManuelvgDios has 20 seconds left this turn.\n|\n|t:|1701148688\n|switch|p1a: Slowking|Slowking-Galar, M|100\/100 par|[from] U-turn\n|-damage|p1a: Slowking|76\/100 par|[from] Spikes\n|\n|-heal|p1a: Slowking|82\/100 par|[from] item: Black Sludge\n|upkeep\n|turn|158\n|inactive|ManuelvgDios has 25 seconds left this turn.\n|inactive|ManuelvgDios has 20 seconds left.\n|\n|t:|1701148697\n|switch|p2a: Ho-Oh|Ho-Oh, shiny|39\/100 tox\n|move|p1a: Slowking|Toxic|p2a: Ho-Oh\n|-fail|p2a: Ho-Oh|tox\n|\n|-heal|p1a: Slowking|88\/100 par|[from] item: Black Sludge\n|-damage|p2a: Ho-Oh|33\/100 tox|[from] psn\n|upkeep\n|turn|159\n|inactive|ManuelvgDios has 25 seconds left this turn.\n|inactive|ManuelvgDios has 20 seconds left.\n|\n|t:|1701148706\n|switch|p2a: Chansey|Chansey, F|90\/100\n|move|p1a: Slowking|Sludge Wave|p2a: Chansey\n|-damage|p2a: Chansey|78\/100\n|\n|-heal|p1a: Slowking|94\/100 par|[from] item: Black Sludge\n|upkeep\n|turn|160\n|inactive|ManuelvgDios has 25 seconds left this turn.\n|inactive|ManuelvgDios has 20 seconds left.\n|\n|t:|1701148717\n|switch|p1a: Hydreigon|Hydreigon, F|88\/100\n|move|p2a: Chansey|Seismic Toss|p1a: Hydreigon\n|-damage|p1a: Hydreigon|58\/100\n|\n|upkeep\n|turn|161\n|inactive|ManuelvgDios has 25 seconds left this turn.\n|inactive|ManuelvgDios has 20 seconds left.\n|\n|t:|1701148727\n|move|p1a: Hydreigon|U-turn|p2a: Chansey\n|-damage|p2a: Chansey|69\/100\n|inactive|ManuelvgDios has 25 seconds left this turn.\n|\n|t:|1701148730\n|switch|p1a: Alomomola|Alomomola, F|77\/100 par|[from] U-turn\n|-damage|p1a: Alomomola|52\/100 par|[from] Spikes\n|move|p2a: Chansey|Thunder Wave|p1a: Alomomola\n|-fail|p1a: Alomomola|par\n|\n|upkeep\n|turn|162\n|inactive|ManuelvgDios has 25 seconds left this turn.\n|inactive|ManuelvgDios has 20 seconds left.\n|inactive|ManuelvgDios has 15 seconds left.\n|\n|t:|1701148744\n|move|p2a: Chansey|Heal Bell|p2a: Chansey\n|-activate|p2a: Chansey|move: Heal Bell\n|-curestatus|p2: Ho-Oh|tox|[msg]\n|-curestatus|p2: Gastrodon|tox|[msg]\n|move|p1a: Alomomola|Wish|p1a: Alomomola\n|\n|upkeep\n|turn|163\n|inactive|ManuelvgDios has 20 seconds left this turn.\n|inactive|ManuelvgDios has 15 seconds left.\n|\n|t:|1701148754\n|switch|p2a: Ho-Oh|Ho-Oh, shiny|66\/100\n|cant|p1a: Alomomola|par\n|\n|-heal|p1a: Alomomola|100\/100 par|[from] move: Wish|[wisher] Alomomola\n|upkeep\n|turn|164\n|inactive|ManuelvgDios has 15 seconds left this turn.\n|inactive|ManuelvgDios has 10 seconds left.\n|inactive|ManuelvgDios has 5 seconds left.\n|\n|t:|1701148764\n|switch|p2a: Ferrothorn|Ferrothorn, F|100\/100\n|move|p1a: Alomomola|Toxic|p2a: Ferrothorn\n|-immune|p2a: Ferrothorn\n|\n|upkeep\n|turn|165\n|inactive|ManuelvgDios has 10 seconds left this turn.\n|inactive|ManuelvgDios has 5 seconds left.\n|\n|t:|1701148770\n|move|p2a: Ferrothorn|Protect|p2a: Ferrothorn\n|-singleturn|p2a: Ferrothorn|Protect\n|move|p1a: Alomomola|Flip Turn|p2a: Ferrothorn\n|-activate|p2a: Ferrothorn|move: Protect\n|\n|upkeep\n|turn|166\n|inactive|ManuelvgDios has 5 seconds left this turn.\n|\n|t:|1701148775\n|move|p1a: Alomomola|Flip Turn|p2a: Ferrothorn\n|-resisted|p2a: Ferrothorn\n|-damage|p2a: Ferrothorn|96\/100\n|-damage|p1a: Alomomola|88\/100 par|[from] ability: Iron Barbs|[of] p2a: Ferrothorn\n|inactive|ManuelvgDios has 10 seconds left this turn.\n|\n|t:|1701148779\n|switch|p1a: Slowking|Slowking-Galar, M|100\/100 par|[from] Flip Turn\n|-damage|p1a: Slowking|76\/100 par|[from] Spikes\n|move|p2a: Ferrothorn|Spikes||[still]\n|-fail|p2a: Ferrothorn\n|\n|-heal|p2a: Ferrothorn|100\/100|[from] item: Leftovers\n|-heal|p1a: Slowking|82\/100 par|[from] item: Black Sludge\n|upkeep\n|turn|167\n|inactive|ManuelvgDios has 10 seconds left this turn.\n|inactive|ManuelvgDios has 5 seconds left.\n|\n|t:|1701148785\n|switch|p2a: Ho-Oh|Ho-Oh, shiny|99\/100\n|cant|p1a: Slowking|par\n|\n|-heal|p1a: Slowking|88\/100 par|[from] item: Black Sludge\n|upkeep\n|turn|168\n|inactive|ManuelvgDios has 10 seconds left this turn.\n|inactive|ManuelvgDios has 5 seconds left.\n|\n|t:|1701148790\n|switch|p2a: Chansey|Chansey, F|69\/100\n|move|p1a: Slowking|Toxic|p2a: Chansey\n|-status|p2a: Chansey|tox\n|\n|-heal|p1a: Slowking|94\/100 par|[from] item: Black Sludge\n|-damage|p2a: Chansey|62\/100 tox|[from] psn\n|upkeep\n|turn|169\n|inactive|ManuelvgDios has 5 seconds left this turn.\n|-message|ManuelvgDios lost due to inactivity.\n|\n|win|Tommery\n|raw|Tommery's rating: 1393 &rarr; <strong>1423<\/strong><br \/>(+30 for winning)\n|raw|ManuelvgDios's rating: 1575 &rarr; <strong>1545<\/strong><br \/>(-30 for losing)\n|c|\u2606Tommery|Yo gg\n|c|\u2606Tommery|wp wp\n|c|\u2606Tommery|You withstood for so long\n|l|\u2606ManuelvgDios\n","uploadtime":1701148868,"views":14,"p1id":"tommery","p2id":"manuelvgdios","formatid":"gen9nationaldexubers","rating":1423,"private":0,"password":""}