{"id":"gen9nationaldexubers-1990066945","p1":"mfdrew","p2":"olek01","format":"[Gen 9] National Dex Ubers","log":"|j|\u2606mfdrew\n|j|\u2606olek01\n|t:|1699920972\n|gametype|singles\n|player|p1|mfdrew|psychic-gen4|\n|player|p2|olek01|265|\n|teamsize|p1|6\n|teamsize|p2|6\n|gen|9\n|tier|[Gen 9] National Dex Ubers\n|rule|HP Percentage Mod: HP is shown in percentages\n|rule|Endless Battle Clause: Forcing endless battles is banned\n|rule|OHKO Clause: OHKO moves are banned\n|rule|Evasion Moves Clause: Evasion moves are banned\n|rule|Evasion Items Clause: Evasion items are banned\n|rule|Species Clause: Limit one of each Pok\u00e9mon\n|rule|Sleep Clause Mod: Limit one foe put to sleep\n|rule|Mega Rayquaza Clause: You cannot mega evolve Rayquaza\n|clearpoke\n|poke|p1|Gholdengo|\n|poke|p1|Zapdos|\n|poke|p1|Lopunny, F|\n|poke|p1|Gyarados, M|\n|poke|p1|Clefable, M|\n|poke|p1|Kyurem|\n|poke|p2|Greninja-*, M|\n|poke|p2|Cinderace, M|\n|poke|p2|Altaria, M|\n|poke|p2|Latios, M|\n|poke|p2|Garganacl, F|\n|poke|p2|Toxapex, F|\n|teampreview\n|j| ayic\n|\n|t:|1699920994\n|start\n|switch|p1a: Zapdos|Zapdos|100\/100\n|switch|p2a: Cinderace|Cinderace, M|100\/100\n|turn|1\n|\n|t:|1699921007\n|switch|p2a: Garganacl|Garganacl, F|100\/100\n|move|p1a: Zapdos|Volt Switch|p2a: Garganacl\n|-damage|p2a: Garganacl|65\/100\n|\n|t:|1699921041\n|switch|p1a: Lopunny|Lopunny, F|100\/100|[from] Volt Switch\n|\n|-heal|p2a: Garganacl|72\/100|[from] item: Leftovers\n|upkeep\n|turn|2\n|\n|t:|1699921057\n|move|p1a: Lopunny|Fake Out|p2a: Garganacl\n|-resisted|p2a: Garganacl\n|-damage|p2a: Garganacl|68\/100\n|cant|p2a: Garganacl|flinch\n|\n|-heal|p2a: Garganacl|74\/100|[from] item: Leftovers\n|upkeep\n|turn|3\n|\n|t:|1699921068\n|move|p1a: Lopunny|High Jump Kick|p2a: Garganacl\n|-supereffective|p2a: Garganacl\n|-damage|p2a: Garganacl|41\/100\n|move|p2a: Garganacl|Salt Cure|p1a: Lopunny\n|-damage|p1a: Lopunny|79\/100\n|-start|p1a: Lopunny|Salt Cure\n|\n|-heal|p2a: Garganacl|48\/100|[from] item: Leftovers\n|-damage|p1a: Lopunny|67\/100|[from] Salt Cure\n|upkeep\n|turn|4\n|\n|t:|1699921078\n|detailschange|p1a: Lopunny|Lopunny-Mega, F\n|-mega|p1a: Lopunny|Lopunny|Lopunnite\n|move|p1a: Lopunny|High Jump Kick|p2a: Garganacl\n|-supereffective|p2a: Garganacl\n|-damage|p2a: Garganacl|0 fnt\n|faint|p2a: Garganacl\n|\n|-damage|p1a: Lopunny|55\/100|[from] Salt Cure\n|upkeep\n|\n|t:|1699921086\n|switch|p2a: Cinderace|Cinderace, M|100\/100\n|turn|5\n|\n|t:|1699921100\n|move|p2a: Cinderace|High Jump Kick|p1a: Lopunny\n|-start|p2a: Cinderace|typechange|Fighting|[from] ability: Libero\n|-supereffective|p1a: Lopunny\n|-damage|p1a: Lopunny|0 fnt\n|faint|p1a: Lopunny\n|\n|upkeep\n|c| ayic|noooooooooooo\n|c| ayic|MOMMMMYYY NOOOOOOOOOO\n|\n|t:|1699921116\n|switch|p1a: Clefable|Clefable, M|100\/100\n|turn|6\n|\n|t:|1699921141\n|switch|p2a: Toxapex|Toxapex, F|100\/100\n|move|p1a: Clefable|Thunder Wave|p2a: Toxapex\n|-status|p2a: Toxapex|par\n|\n|upkeep\n|turn|7\n|\n|t:|1699921192\n|switch|p1a: Gyarados|Gyarados, M|100\/100\n|-ability|p1a: Gyarados|Intimidate|boost\n|-unboost|p2a: Toxapex|atk|1\n|move|p2a: Toxapex|Scald|p1a: Gyarados\n|-resisted|p1a: Gyarados\n|-damage|p1a: Gyarados|95\/100\n|\n|-heal|p1a: Gyarados|100\/100|[from] item: Leftovers\n|upkeep\n|turn|8\n|\n|t:|1699921204\n|move|p2a: Toxapex|Baneful Bunker|p2a: Toxapex\n|-singleturn|p2a: Toxapex|move: Protect\n|move|p1a: Gyarados|Earthquake|p2a: Toxapex\n|-activate|p2a: Toxapex|move: Protect\n|\n|upkeep\n|turn|9\n|\n|t:|1699921252\n|switch|p2a: Latios|Latios, M|100\/100\n|move|p1a: Gyarados|Dragon Dance|p1a: Gyarados\n|-boost|p1a: Gyarados|atk|1\n|-boost|p1a: Gyarados|spe|1\n|\n|upkeep\n|turn|10\n|\n|t:|1699921310\n|switch|p1a: Gholdengo|Gholdengo|100\/100\n|move|p2a: Latios|Ice Beam|p1a: Gholdengo\n|-resisted|p1a: Gholdengo\n|-damage|p1a: Gholdengo|83\/100\n|\n|upkeep\n|turn|11\n|\n|t:|1699921344\n|switch|p2a: Toxapex|Toxapex, F|100\/100 par\n|move|p1a: Gholdengo|Nasty Plot|p1a: Gholdengo\n|-boost|p1a: Gholdengo|spa|2\n|\n|upkeep\n|turn|12\n|\n|t:|1699921364\n|move|p1a: Gholdengo|Shadow Ball|p2a: Toxapex\n|-damage|p2a: Toxapex|4\/100 par\n|-damage|p1a: Gholdengo|73\/100|[from] item: Life Orb\n|move|p2a: Toxapex|Haze|p2a: Toxapex\n|-clearallboost\n|\n|-heal|p2a: Toxapex|11\/100 par|[from] item: Black Sludge\n|upkeep\n|turn|13\n|\n|t:|1699921373\n|cant|p2a: Toxapex|par\n|move|p1a: Gholdengo|Shadow Ball|p2a: Toxapex\n|-damage|p2a: Toxapex|0 fnt\n|faint|p2a: Toxapex\n|-damage|p1a: Gholdengo|63\/100|[from] item: Life Orb\n|\n|upkeep\n|\n|t:|1699921382\n|switch|p2a: Cinderace|Cinderace, M|100\/100\n|turn|14\n|\n|t:|1699921409\n|switch|p1a: Gyarados|Gyarados, M|100\/100\n|-ability|p1a: Gyarados|Intimidate|boost\n|-unboost|p2a: Cinderace|atk|1\n|move|p2a: Cinderace|Pyro Ball|p1a: Gyarados\n|-resisted|p1a: Gyarados\n|-damage|p1a: Gyarados|77\/100\n|\n|-heal|p1a: Gyarados|83\/100|[from] item: Leftovers\n|upkeep\n|turn|15\n|\n|t:|1699921425\n|switch|p2a: Latios|Latios, M|100\/100\n|move|p1a: Gyarados|Waterfall|p2a: Latios\n|-resisted|p2a: Latios\n|-damage|p2a: Latios|75\/100\n|\n|-heal|p1a: Gyarados|89\/100|[from] item: Leftovers\n|upkeep\n|turn|16\n|\n|t:|1699921441\n|switch|p1a: Gholdengo|Gholdengo|63\/100\n|move|p2a: Latios|Ice Beam|p1a: Gholdengo\n|-resisted|p1a: Gholdengo\n|-damage|p1a: Gholdengo|46\/100\n|\n|upkeep\n|turn|17\n|\n|t:|1699921495\n|move|p2a: Latios|Draco Meteor|p1a: Gholdengo\n|-resisted|p1a: Gholdengo\n|-damage|p1a: Gholdengo|0 fnt\n|-unboost|p2a: Latios|spa|2\n|faint|p1a: Gholdengo\n|\n|upkeep\n|\n|t:|1699921508\n|switch|p1a: Kyurem|Kyurem|100\/100\n|-ability|p1a: Kyurem|Pressure\n|turn|18\n|\n|t:|1699921530\n|move|p2a: Latios|Aura Sphere|p1a: Kyurem\n|-supereffective|p1a: Kyurem\n|-damage|p1a: Kyurem|73\/100\n|move|p1a: Kyurem|Ice Beam|p2a: Latios\n|-supereffective|p2a: Latios\n|-damage|p2a: Latios|0 fnt\n|faint|p2a: Latios\n|\n|upkeep\n|\n|t:|1699921538\n|switch|p2a: Cinderace|Cinderace, M|100\/100\n|turn|19\n|\n|t:|1699921583\n|switch|p1a: Gyarados|Gyarados, M|89\/100\n|-ability|p1a: Gyarados|Intimidate|boost\n|-unboost|p2a: Cinderace|atk|1\n|move|p2a: Cinderace|High Jump Kick|p1a: Gyarados\n|-start|p2a: Cinderace|typechange|Fighting|[from] ability: Libero\n|-resisted|p1a: Gyarados\n|-crit|p1a: Gyarados\n|-damage|p1a: Gyarados|36\/100\n|\n|-heal|p1a: Gyarados|42\/100|[from] item: Leftovers\n|upkeep\n|turn|20\n|\n|t:|1699921648\n|switch|p2a: Greninja|Greninja, M|100\/100\n|move|p1a: Gyarados|Earthquake|p2a: Greninja\n|-damage|p2a: Greninja|44\/100\n|\n|-heal|p1a: Gyarados|48\/100|[from] item: Leftovers\n|upkeep\n|turn|21\n|j| GG_Dex\n|\n|t:|1699921701\n|switch|p1a: Clefable|Clefable, M|100\/100\n|move|p2a: Greninja|Gunk Shot|p1a: Clefable\n|-start|p2a: Greninja|typechange|Poison|[from] ability: Protean\n|-supereffective|p1a: Clefable\n|-damage|p1a: Clefable|21\/100\n|-enditem|p1a: Clefable|Red Card|[of] p2a: Greninja\n|drag|p2a: Altaria|Altaria, M|100\/100\n|\n|upkeep\n|turn|22\n|c| ayic|yaaaaaaaaaaaawn\n|c| ayic|somebody do sum\n|\n|t:|1699921741\n|move|p2a: Altaria|Earthquake|p1a: Clefable\n|-damage|p1a: Clefable|2\/100\n|move|p1a: Clefable|Moonblast|p2a: Altaria\n|-supereffective|p2a: Altaria\n|-damage|p2a: Altaria|36\/100\n|-unboost|p2a: Altaria|spa|1\n|\n|upkeep\n|turn|23\n|\n|t:|1699921753\n|detailschange|p2a: Altaria|Altaria-Mega, M\n|-mega|p2a: Altaria|Altaria|Altarianite\n|move|p2a: Altaria|Earthquake|p1a: Clefable\n|-damage|p1a: Clefable|0 fnt\n|faint|p1a: Clefable\n|\n|upkeep\n|\n|t:|1699921762\n|switch|p1a: Kyurem|Kyurem|73\/100\n|-ability|p1a: Kyurem|Pressure\n|turn|24\n|\n|t:|1699921788\n|move|p1a: Kyurem|Ice Beam|p2a: Altaria\n|-supereffective|p2a: Altaria\n|-damage|p2a: Altaria|0 fnt\n|faint|p2a: Altaria\n|\n|upkeep\n|\n|t:|1699921794\n|switch|p2a: Cinderace|Cinderace, M|100\/100\n|turn|25\n|\n|t:|1699921823\n|move|p2a: Cinderace|High Jump Kick|p1a: Kyurem\n|-start|p2a: Cinderace|typechange|Fighting|[from] ability: Libero\n|-supereffective|p1a: Kyurem\n|-damage|p1a: Kyurem|0 fnt\n|faint|p1a: Kyurem\n|\n|upkeep\n|\n|t:|1699921833\n|switch|p1a: Zapdos|Zapdos|100\/100\n|turn|26\n|\n|t:|1699921880\n|move|p2a: Cinderace|High Jump Kick|p1a: Zapdos\n|-resisted|p1a: Zapdos\n|-crit|p1a: Zapdos\n|-damage|p1a: Zapdos|49\/100\n|move|p1a: Zapdos|Hurricane|p2a: Cinderace|[miss]\n|-miss|p1a: Zapdos|p2a: Cinderace\n|\n|upkeep\n|turn|27\n|\n|t:|1699921893\n|move|p2a: Cinderace|High Jump Kick|p1a: Zapdos\n|-resisted|p1a: Zapdos\n|-crit|p1a: Zapdos\n|-damage|p1a: Zapdos|0 fnt\n|-status|p2a: Cinderace|par|[from] ability: Static|[of] p1a: Zapdos\n|faint|p1a: Zapdos\n|\n|upkeep\n|\n|t:|1699921904\n|switch|p1a: Gyarados|Gyarados, M|48\/100\n|-ability|p1a: Gyarados|Intimidate|boost\n|-unboost|p2a: Cinderace|atk|1\n|turn|28\n|\n|t:|1699921916\n|cant|p2a: Cinderace|par\n|move|p1a: Gyarados|Earthquake|p2a: Cinderace\n|-damage|p2a: Cinderace|57\/100 par\n|\n|-heal|p1a: Gyarados|54\/100|[from] item: Leftovers\n|upkeep\n|turn|29\n|\n|t:|1699921925\n|move|p2a: Cinderace|High Jump Kick|p1a: Gyarados|[miss]\n|-miss|p2a: Cinderace|p1a: Gyarados\n|-damage|p2a: Cinderace|7\/100 par|[from] highjumpkick\n|move|p1a: Gyarados|Earthquake|p2a: Cinderace\n|-damage|p2a: Cinderace|0 fnt\n|faint|p2a: Cinderace\n|\n|-heal|p1a: Gyarados|60\/100|[from] item: Leftovers\n|upkeep\n|\n|t:|1699921941\n|switch|p2a: Greninja|Greninja, M|44\/100\n|turn|30\n|\n|t:|1699921997\n|move|p2a: Greninja|Gunk Shot|p1a: Gyarados\n|-start|p2a: Greninja|typechange|Poison|[from] ability: Protean\n|-damage|p1a: Gyarados|6\/100\n|-damage|p2a: Greninja|34\/100|[from] item: Life Orb\n|move|p1a: Gyarados|Earthquake|p2a: Greninja\n|-supereffective|p2a: Greninja\n|-damage|p2a: Greninja|0 fnt\n|faint|p2a: Greninja\n|\n|win|mfdrew\n|l|\u2606mfdrew\n","uploadtime":1699922018,"views":10,"p1id":"mfdrew","p2id":"olek01","formatid":"gen9nationaldexubers","rating":0,"private":0,"password":""}