{"id":"gen9nationaldexubers-1986396281","p1":"Generic_Personname","p2":"BruteMiroir","format":"[Gen 9] National Dex Ubers","log":"|j|\u2606Generic_Personname\n|j|\u2606BruteMiroir\n|t:|1699475416\n|gametype|singles\n|player|p1|Generic_Personname|cynthia-masters3|\n|player|p2|BruteMiroir|roxie|\n|teamsize|p1|6\n|teamsize|p2|6\n|gen|9\n|tier|[Gen 9] National Dex Ubers\n|rule|HP Percentage Mod: HP is shown in percentages\n|rule|Endless Battle Clause: Forcing endless battles is banned\n|rule|OHKO Clause: OHKO moves are banned\n|rule|Evasion Moves Clause: Evasion moves are banned\n|rule|Evasion Items Clause: Evasion items are banned\n|rule|Species Clause: Limit one of each Pok\u00e9mon\n|rule|Sleep Clause Mod: Limit one foe put to sleep\n|rule|Mega Rayquaza Clause: You cannot mega evolve Rayquaza\n|clearpoke\n|poke|p1|Gallade, M|\n|poke|p1|Lucario, F|\n|poke|p1|Medicham, M|\n|poke|p1|Heracross, M|\n|poke|p1|Infernape, M|\n|poke|p1|Machamp, M|\n|poke|p2|Coalossal, M|\n|poke|p2|Tyranitar, F|\n|poke|p2|Lycanroc, F|\n|poke|p2|Sudowoodo, M|\n|poke|p2|Glimmora, F|\n|poke|p2|Drednaw, F|\n|teampreview\n|c|\u2606BruteMiroir|gl hf\n|c|\u2606Generic_Personname|u2\n|c|\u2606BruteMiroir|sorry for taking so much time\n|c|\u2606Generic_Personname|nah dw about it\n|j| Quxelopqr\n|\n|t:|1699475442\n|start\n|switch|p1a: Infernape|Infernape, M|100\/100\n|switch|p2a: Glimmora|Glimmora, F|100\/100\n|turn|1\n|inactive|Battle timer is ON: inactive players will automatically lose when time's up. (requested by Generic_Personname)\n|\n|t:|1699475451\n|move|p1a: Infernape|Aura Sphere|p2a: Glimmora\n|-damage|p2a: Glimmora|53\/100\n|move|p2a: Glimmora|Power Gem|p1a: Infernape\n|-damage|p1a: Infernape|38\/100\n|\n|-heal|p2a: Glimmora|59\/100|[from] item: Leftovers\n|upkeep\n|turn|2\n|\n|t:|1699475464\n|move|p1a: Infernape|Stealth Rock|p2a: Glimmora\n|-sidestart|p2: BruteMiroir|move: Stealth Rock\n|move|p2a: Glimmora|Dazzling Gleam|p1a: Infernape\n|-damage|p1a: Infernape|0 fnt\n|faint|p1a: Infernape\n|\n|-heal|p2a: Glimmora|65\/100|[from] item: Leftovers\n|upkeep\n|\n|t:|1699475482\n|switch|p1a: Medicham|Medicham, M|100\/100\n|turn|3\n|\n|t:|1699475487\n|move|p2a: Glimmora|Spiky Shield|p2a: Glimmora\n|-singleturn|p2a: Glimmora|move: Protect\n|move|p1a: Medicham|Close Combat|p2a: Glimmora\n|-activate|p2a: Glimmora|move: Protect\n|-damage|p1a: Medicham|88\/100|[from] Spiky Shield|[of] p2a: Glimmora\n|\n|-heal|p2a: Glimmora|71\/100|[from] item: Leftovers\n|upkeep\n|turn|4\n|\n|t:|1699475498\n|move|p1a: Medicham|Close Combat|p2a: Glimmora\n|-damage|p2a: Glimmora|5\/100\n|-unboost|p1a: Medicham|def|1\n|-unboost|p1a: Medicham|spd|1\n|-activate|p2a: Glimmora|ability: Toxic Debris\n|-sidestart|p1: Generic_Personname|move: Toxic Spikes\n|move|p2a: Glimmora|Mortal Spin|p1a: Medicham\n|-damage|p1a: Medicham|72\/100\n|-status|p1a: Medicham|psn\n|-sideend|p2: BruteMiroir|Stealth Rock|[from] move: Mortal Spin|[of] p2a: Glimmora\n|\n|-heal|p2a: Glimmora|11\/100|[from] item: Leftovers\n|-damage|p1a: Medicham|60\/100 psn|[from] psn\n|upkeep\n|turn|5\n|\n|t:|1699475510\n|move|p2a: Glimmora|Spiky Shield|p2a: Glimmora\n|-singleturn|p2a: Glimmora|move: Protect\n|move|p1a: Medicham|Close Combat|p2a: Glimmora\n|-activate|p2a: Glimmora|move: Protect\n|-damage|p1a: Medicham|48\/100 psn|[from] Spiky Shield|[of] p2a: Glimmora\n|\n|-heal|p2a: Glimmora|17\/100|[from] item: Leftovers\n|-damage|p1a: Medicham|35\/100 psn|[from] psn\n|upkeep\n|turn|6\n|\n|t:|1699475521\n|move|p1a: Medicham|Close Combat|p2a: Glimmora\n|-damage|p2a: Glimmora|0 fnt\n|-unboost|p1a: Medicham|def|1\n|-unboost|p1a: Medicham|spd|1\n|-activate|p2a: Glimmora|ability: Toxic Debris\n|-sidestart|p1: Generic_Personname|move: Toxic Spikes\n|faint|p2a: Glimmora\n|\n|-damage|p1a: Medicham|23\/100 psn|[from] psn\n|upkeep\n|\n|t:|1699475533\n|switch|p2a: Tyranitar|Tyranitar, F|100\/100\n|-weather|Sandstorm|[from] ability: Sand Stream|[of] p2a: Tyranitar\n|turn|7\n|\n|t:|1699475539\n|move|p1a: Medicham|Close Combat|p2a: Tyranitar\n|-supereffective|p2a: Tyranitar\n|-damage|p2a: Tyranitar|0 fnt\n|-unboost|p1a: Medicham|def|1\n|-unboost|p1a: Medicham|spd|1\n|faint|p2a: Tyranitar\n|\n|-weather|Sandstorm|[upkeep]\n|-damage|p1a: Medicham|17\/100 psn|[from] Sandstorm\n|-damage|p1a: Medicham|5\/100 psn|[from] psn\n|upkeep\n|\n|t:|1699475549\n|switch|p2a: Lycanroc|Lycanroc, F|100\/100\n|turn|8\n|\n|t:|1699475552\n|move|p2a: Lycanroc|Swords Dance|p2a: Lycanroc\n|-boost|p2a: Lycanroc|atk|2\n|move|p1a: Medicham|Close Combat|p2a: Lycanroc\n|-supereffective|p2a: Lycanroc\n|-enditem|p2a: Lycanroc|Focus Sash\n|-damage|p2a: Lycanroc|1\/100\n|-unboost|p1a: Medicham|def|1\n|-unboost|p1a: Medicham|spd|1\n|\n|-weather|Sandstorm|[upkeep]\n|-damage|p1a: Medicham|0 fnt|[from] Sandstorm\n|faint|p1a: Medicham\n|upkeep\n|\n|t:|1699475555\n|switch|p1a: Lucario|Lucario, F|100\/100\n|turn|9\n|c|\u2606BruteMiroir|oh\n|inactive|BruteMiroir has 270 seconds left.\n|\n|t:|1699475586\n|switch|p2a: Drednaw|Drednaw, F|100\/100\n|detailschange|p1a: Lucario|Lucario-Mega, F\n|-mega|p1a: Lucario|Lucario|Lucarionite\n|move|p1a: Lucario|Extreme Speed|p2a: Drednaw\n|-resisted|p2a: Drednaw\n|-damage|p2a: Drednaw|88\/100\n|\n|-weather|Sandstorm|[upkeep]\n|upkeep\n|turn|10\n|inactive|BruteMiroir has 270 seconds left.\n|\n|t:|1699475601\n|switch|p1a: Machamp|Machamp, M|100\/100\n|-status|p1a: Machamp|tox\n|move|p2a: Drednaw|Earthquake|p1a: Machamp\n|-damage|p1a: Machamp|72\/100 tox\n|\n|-weather|Sandstorm|[upkeep]\n|-damage|p1a: Machamp|66\/100 tox|[from] Sandstorm\n|-damage|p1a: Machamp|60\/100 tox|[from] psn\n|upkeep\n|turn|11\n|inactive|BruteMiroir has 270 seconds left.\n|\n|t:|1699475613\n|move|p2a: Drednaw|Liquidation|p1a: Machamp\n|-damage|p1a: Machamp|22\/100 tox\n|-unboost|p1a: Machamp|def|1\n|move|p1a: Machamp|Close Combat|p2a: Drednaw\n|-supereffective|p2a: Drednaw\n|-damage|p2a: Drednaw|0 fnt\n|-unboost|p1a: Machamp|def|1\n|-unboost|p1a: Machamp|spd|1\n|faint|p2a: Drednaw\n|\n|-weather|none\n|-damage|p1a: Machamp|10\/100 tox|[from] psn\n|upkeep\n|inactive|BruteMiroir has 270 seconds left.\n|\n|t:|1699475626\n|switch|p2a: Coalossal|Coalossal, M|100\/100\n|turn|12\n|\n|t:|1699475632\n|move|p1a: Machamp|Close Combat|p2a: Coalossal\n|-supereffective|p2a: Coalossal\n|-damage|p2a: Coalossal|19\/100\n|-unboost|p1a: Machamp|def|1\n|-unboost|p1a: Machamp|spd|1\n|move|p2a: Coalossal|Reflect|p2a: Coalossal\n|-sidestart|p2: BruteMiroir|Reflect\n|\n|-damage|p1a: Machamp|0 fnt|[from] psn\n|faint|p1a: Machamp\n|upkeep\n|\n|t:|1699475640\n|switch|p1a: Lucario|Lucario-Mega, F|100\/100\n|turn|13\n|\n|t:|1699475644\n|switch|p1a: Gallade|Gallade, M|100\/100\n|-status|p1a: Gallade|tox\n|move|p2a: Coalossal|Will-O-Wisp||[still]\n|-fail|p2a: Coalossal\n|\n|-damage|p1a: Gallade|94\/100 tox|[from] psn\n|upkeep\n|turn|14\n|\n|t:|1699475660\n|move|p1a: Gallade|Sacred Sword|p2a: Coalossal\n|-supereffective|p2a: Coalossal\n|-damage|p2a: Coalossal|0 fnt\n|faint|p2a: Coalossal\n|-damage|p1a: Gallade|85\/100 tox|[from] item: Life Orb\n|\n|-damage|p1a: Gallade|72\/100 tox|[from] psn\n|upkeep\n|\n|t:|1699475669\n|switch|p2a: Lycanroc|Lycanroc, F|1\/100\n|turn|15\n|\n|t:|1699475674\n|move|p2a: Lycanroc|Play Rough|p1a: Gallade\n|-supereffective|p1a: Gallade\n|-damage|p1a: Gallade|0 fnt\n|faint|p1a: Gallade\n|\n|upkeep\n|\n|t:|1699475679\n|switch|p1a: Lucario|Lucario-Mega, F|100\/100\n|turn|16\n|\n|t:|1699475684\n|move|p1a: Lucario|Extreme Speed|p2a: Lycanroc\n|-resisted|p2a: Lycanroc\n|-damage|p2a: Lycanroc|0 fnt\n|faint|p2a: Lycanroc\n|\n|upkeep\n|j| omegashenronone\n|\n|t:|1699475689\n|switch|p2a: Sudowoodo|Sudowoodo, M|100\/100\n|turn|17\n|c|\u2606BruteMiroir|ggwp\n|\n|t:|1699475700\n|move|p1a: Lucario|Swords Dance|p1a: Lucario\n|-boost|p1a: Lucario|atk|2\n|move|p2a: Sudowoodo|Self-Destruct|p1a: Lucario\n|-resisted|p1a: Lucario\n|-damage|p1a: Lucario|38\/100\n|faint|p2a: Sudowoodo\n|\n|win|Generic_Personname\n|c|\u2606BruteMiroir|let it blow\n|c|\u2606Generic_Personname|gg\n","uploadtime":1699475712,"views":21,"p1id":"genericpersonname","p2id":"brutemiroir","formatid":"gen9nationaldexubers","rating":0,"private":0,"password":""}