{"id":"gen9nationaldexubers-1989265840","p1":"ForeanGolisopod999","p2":"vic_ketchum","format":"[Gen 9] National Dex Ubers","log":"|j|\u2606ForeanGolisopod999\n|j|\u2606vic_ketchum\n|t:|1699829696\n|gametype|singles\n|player|p1|ForeanGolisopod999|1|1044\n|player|p2|vic_ketchum|ash-kalos|1114\n|teamsize|p1|6\n|teamsize|p2|6\n|gen|9\n|tier|[Gen 9] National Dex Ubers\n|rated|\n|rule|HP Percentage Mod: HP is shown in percentages\n|rule|Endless Battle Clause: Forcing endless battles is banned\n|rule|OHKO Clause: OHKO moves are banned\n|rule|Evasion Moves Clause: Evasion moves are banned\n|rule|Evasion Items Clause: Evasion items are banned\n|rule|Species Clause: Limit one of each Pok\u00e9mon\n|rule|Sleep Clause Mod: Limit one foe put to sleep\n|rule|Mega Rayquaza Clause: You cannot mega evolve Rayquaza\n|clearpoke\n|poke|p1|Ribombee, M|\n|poke|p1|Magnezone|\n|poke|p1|Probopass, M|\n|poke|p1|Pelipper, M|\n|poke|p1|Toxicroak, F|\n|poke|p1|Porygon-Z|\n|poke|p2|Mewtwo|\n|poke|p2|Pheromosa|\n|poke|p2|Deoxys|\n|poke|p2|Buzzwole|\n|poke|p2|Zoroark, M|\n|poke|p2|Scizor, M|\n|teampreview\n|inactive|Battle timer is ON: inactive players will automatically lose when time's up. (requested by vic_ketchum)\n|\n|t:|1699829707\n|start\n|switch|p1a: Probopass|Probopass, M|100\/100\n|switch|p2a: CELL|Pheromosa|100\/100\n|turn|1\n|\n|t:|1699829720\n|move|p2a: CELL|Ice Beam|p1a: Probopass\n|-resisted|p1a: Probopass\n|-damage|p1a: Probopass|91\/100\n|move|p1a: Probopass|Discharge|p2a: CELL\n|-damage|p2a: CELL|55\/100\n|-status|p2a: CELL|par\n|\n|upkeep\n|turn|2\n|\n|t:|1699829730\n|move|p2a: CELL|Ice Beam|p1a: Probopass\n|-resisted|p1a: Probopass\n|-crit|p1a: Probopass\n|-damage|p1a: Probopass|76\/100\n|move|p1a: Probopass|Earthquake|p2a: CELL\n|-resisted|p2a: CELL\n|-damage|p2a: CELL|41\/100 par\n|\n|upkeep\n|turn|3\n|\n|t:|1699829739\n|move|p2a: CELL|Ice Beam|p1a: Probopass\n|-resisted|p1a: Probopass\n|-damage|p1a: Probopass|67\/100\n|move|p1a: Probopass|Magnet Bomb|p2a: CELL\n|-damage|p2a: CELL|7\/100 par\n|\n|upkeep\n|turn|4\n|\n|t:|1699829753\n|move|p2a: CELL|Ice Beam|p1a: Probopass\n|-resisted|p1a: Probopass\n|-crit|p1a: Probopass\n|-damage|p1a: Probopass|51\/100\n|move|p1a: Probopass|Magnet Bomb|p2a: CELL\n|-damage|p2a: CELL|0 fnt\n|faint|p2a: CELL\n|\n|upkeep\n|\n|t:|1699829762\n|switch|p2a: XICOR|Scizor, M, shiny|100\/100\n|turn|5\n|\n|t:|1699829776\n|move|p2a: XICOR|Flamethrower|p1a: Probopass\n|-damage|p1a: Probopass|32\/100\n|move|p1a: Probopass|Earthquake|p2a: XICOR\n|-damage|p2a: XICOR|76\/100\n|replace|p2a: ZAMAS|Zoroark, M\n|-end|p2a: ZAMAS|Illusion\n|\n|upkeep\n|turn|6\n|\n|t:|1699829785\n|move|p2a: ZAMAS|Dark Pulse|p1a: Probopass\n|-damage|p1a: Probopass|5\/100\n|move|p1a: Probopass|Magnet Bomb|p2a: ZAMAS\n|-damage|p2a: ZAMAS|46\/100\n|\n|upkeep\n|turn|7\n|\n|t:|1699829792\n|move|p2a: ZAMAS|Brick Break|p1a: Probopass\n|-supereffective|p1a: Probopass\n|-damage|p1a: Probopass|0 fnt\n|faint|p1a: Probopass\n|\n|upkeep\n|\n|t:|1699829801\n|switch|p1a: Pelipper|Pelipper, M|100\/100\n|-weather|RainDance|[from] ability: Drizzle|[of] p1a: Pelipper\n|turn|8\n|\n|t:|1699829806\n|move|p2a: ZAMAS|Toxic|p1a: Pelipper|[miss]\n|-miss|p2a: ZAMAS|p1a: Pelipper\n|move|p1a: Pelipper|U-turn|p2a: ZAMAS\n|-supereffective|p2a: ZAMAS\n|-damage|p2a: ZAMAS|9\/100\n|\n|t:|1699829811\n|switch|p1a: Toxicroak|Toxicroak, F|100\/100|[from] U-turn\n|\n|-weather|RainDance|[upkeep]\n|upkeep\n|turn|9\n|\n|t:|1699829816\n|move|p1a: Toxicroak|Fake Out|p2a: ZAMAS\n|-damage|p2a: ZAMAS|0 fnt\n|faint|p2a: ZAMAS\n|\n|-weather|RainDance|[upkeep]\n|upkeep\n|\n|t:|1699829822\n|switch|p2a: MAJIN BUU|Deoxys|100\/100\n|-ability|p2a: MAJIN BUU|Pressure\n|turn|10\n|\n|t:|1699829831\n|move|p1a: Toxicroak|Bullet Punch|p2a: MAJIN BUU\n|-damage|p2a: MAJIN BUU|78\/100\n|move|p2a: MAJIN BUU|Psyshock|p1a: Toxicroak\n|-supereffective|p1a: Toxicroak\n|-enditem|p1a: Toxicroak|Focus Sash\n|-damage|p1a: Toxicroak|1\/100\n|\n|-weather|RainDance|[upkeep]\n|-heal|p1a: Toxicroak|13\/100|[from] ability: Dry Skin\n|upkeep\n|turn|11\n|\n|t:|1699829845\n|switch|p1a: Pelipper|Pelipper, M|100\/100\n|move|p2a: MAJIN BUU|Fire Punch|p1a: Pelipper\n|-resisted|p1a: Pelipper\n|-damage|p1a: Pelipper|94\/100\n|-enditem|p1a: Pelipper|Eject Button\n|\n|t:|1699829855\n|switch|p1a: Ribombee|Ribombee, M|100\/100\n|\n|-weather|RainDance|[upkeep]\n|upkeep\n|turn|12\n|\n|t:|1699829860\n|move|p1a: Ribombee|Bug Buzz|p2a: MAJIN BUU\n|-supereffective|p2a: MAJIN BUU\n|-damage|p2a: MAJIN BUU|0 fnt\n|faint|p2a: MAJIN BUU\n|\n|-weather|none\n|upkeep\n|\n|t:|1699829867\n|switch|p2a: XICOR|Scizor, M, shiny|100\/100\n|turn|13\n|\n|t:|1699829878\n|move|p1a: Ribombee|Tailwind|p1a: Ribombee\n|-sidestart|p1: ForeanGolisopod999|move: Tailwind\n|move|p2a: XICOR|Swords Dance|p2a: XICOR\n|-boost|p2a: XICOR|atk|2\n|\n|upkeep\n|turn|14\n|\n|t:|1699829884\n|switch|p1a: Pelipper|Pelipper, M|94\/100\n|-weather|RainDance|[from] ability: Drizzle|[of] p1a: Pelipper\n|move|p2a: XICOR|Swords Dance|p2a: XICOR\n|-boost|p2a: XICOR|atk|2\n|\n|-weather|RainDance|[upkeep]\n|upkeep\n|turn|15\n|\n|t:|1699829893\n|move|p1a: Pelipper|Hurricane|p2a: XICOR\n|-damage|p2a: XICOR|40\/100\n|-start|p2a: XICOR|confusion\n|-activate|p2a: XICOR|confusion\n|move|p2a: XICOR|Swords Dance|p2a: XICOR\n|-boost|p2a: XICOR|atk|2\n|\n|-weather|RainDance|[upkeep]\n|upkeep\n|turn|16\n|\n|t:|1699829901\n|-end|p2a: XICOR|confusion\n|move|p2a: XICOR|Bullet Punch|p1a: Pelipper\n|-resisted|p1a: Pelipper\n|-damage|p1a: Pelipper|44\/100\n|move|p1a: Pelipper|Hurricane|p2a: XICOR\n|-damage|p2a: XICOR|0 fnt\n|faint|p2a: XICOR\n|\n|-weather|RainDance|[upkeep]\n|-sideend|p1: ForeanGolisopod999|move: Tailwind\n|upkeep\n|\n|t:|1699829912\n|switch|p2a: FREEZER|Mewtwo|100\/100\n|-ability|p2a: FREEZER|Pressure\n|turn|17\n|\n|t:|1699829917\n|move|p2a: FREEZER|Thunderbolt|p1a: Pelipper\n|-supereffective|p1a: Pelipper\n|-damage|p1a: Pelipper|0 fnt\n|faint|p1a: Pelipper\n|\n|-weather|RainDance|[upkeep]\n|upkeep\n|\n|t:|1699829922\n|switch|p1a: Toxicroak|Toxicroak, F|13\/100\n|turn|18\n|\n|t:|1699829929\n|-terastallize|p2a: FREEZER|Ghost\n|move|p1a: Toxicroak|Fake Out|p2a: FREEZER\n|-immune|p2a: FREEZER\n|move|p2a: FREEZER|Thunderbolt|p1a: Toxicroak\n|-damage|p1a: Toxicroak|0 fnt\n|faint|p1a: Toxicroak\n|\n|-weather|none\n|upkeep\n|\n|t:|1699829938\n|switch|p1a: Magnezone|Magnezone|100\/100\n|turn|19\n|\n|t:|1699829946\n|move|p2a: FREEZER|Flamethrower|p1a: Magnezone\n|-supereffective|p1a: Magnezone\n|-damage|p1a: Magnezone|31\/100\n|move|p1a: Magnezone|Flash Cannon|p2a: FREEZER\n|-damage|p2a: FREEZER|45\/100\n|\n|upkeep\n|turn|20\n|\n|t:|1699829958\n|switch|p1a: Ribombee|Ribombee, M|100\/100\n|move|p2a: FREEZER|Flamethrower|p1a: Ribombee\n|-supereffective|p1a: Ribombee\n|-damage|p1a: Ribombee|0 fnt\n|faint|p1a: Ribombee\n|\n|upkeep\n|\n|t:|1699829964\n|switch|p1a: Porygon-Z|Porygon-Z|100\/100\n|-ability|p1a: Porygon-Z|Download|boost\n|-boost|p1a: Porygon-Z|spa|1\n|turn|21\n|\n|t:|1699829974\n|move|p2a: FREEZER|Thunderbolt|p1a: Porygon-Z\n|-damage|p1a: Porygon-Z|71\/100\n|-status|p1a: Porygon-Z|par\n|cant|p1a: Porygon-Z|par\n|\n|upkeep\n|turn|22\n|\n|t:|1699829980\n|move|p2a: FREEZER|Flamethrower|p1a: Porygon-Z\n|-damage|p1a: Porygon-Z|42\/100 par\n|move|p1a: Porygon-Z|Tri Attack|p2a: FREEZER\n|-immune|p2a: FREEZER\n|\n|upkeep\n|turn|23\n|\n|t:|1699829988\n|move|p2a: FREEZER|Ice Beam|p1a: Porygon-Z\n|-damage|p1a: Porygon-Z|14\/100 par\n|move|p1a: Porygon-Z|Thunderbolt|p2a: FREEZER\n|-damage|p2a: FREEZER|0 fnt\n|faint|p2a: FREEZER\n|\n|upkeep\n|\n|t:|1699829995\n|switch|p2a: BROLY|Buzzwole, shiny|100\/100\n|turn|24\n|\n|t:|1699829999\n|move|p2a: BROLY|Thunder Punch|p1a: Porygon-Z\n|-damage|p1a: Porygon-Z|0 fnt\n|faint|p1a: Porygon-Z\n|-ability|p2a: BROLY|Beast Boost|boost\n|-boost|p2a: BROLY|atk|1\n|\n|upkeep\n|\n|t:|1699830005\n|switch|p1a: Magnezone|Magnezone|31\/100\n|turn|25\n|\n|t:|1699830012\n|move|p2a: BROLY|Leech Life|p1a: Magnezone\n|-resisted|p1a: Magnezone\n|-damage|p1a: Magnezone|3\/100\n|-zpower|p1a: Magnezone\n|move|p1a: Magnezone|Savage Spin-Out|p2a: BROLY|[zeffect]\n|-resisted|p2a: BROLY\n|-damage|p2a: BROLY|53\/100\n|\n|upkeep\n|turn|26\n|\n|t:|1699830021\n|move|p2a: BROLY|Outrage|p1a: Magnezone\n|-resisted|p1a: Magnezone\n|-damage|p1a: Magnezone|0 fnt\n|faint|p1a: Magnezone\n|\n|win|vic_ketchum\n|raw|ForeanGolisopod999's rating: 1044 &rarr; <strong>1031<\/strong><br \/>(-13 for losing)\n|raw|vic_ketchum's rating: 1114 &rarr; <strong>1134<\/strong><br \/>(+20 for winning)\n|l|\u2606ForeanGolisopod999\n","uploadtime":1699830028,"views":4,"p1id":"foreangolisopod999","p2id":"vicketchum","formatid":"gen9nationaldexubers","rating":1031,"private":0,"password":""}