{"id":"gen9nationaldexubers-1980187458","p1":"heavylever","p2":"777Clearnu","format":"[Gen 9] National Dex Ubers","log":"|j|\u2606heavylever\n|j|\u2606777Clearnu\n|t:|1698764766\n|gametype|singles\n|player|p1|heavylever|ash-unova|1667\n|player|p2|777Clearnu|skier|1614\n|teamsize|p1|6\n|teamsize|p2|6\n|gen|9\n|tier|[Gen 9] National Dex Ubers\n|rated|\n|rule|HP Percentage Mod: HP is shown in percentages\n|rule|Endless Battle Clause: Forcing endless battles is banned\n|rule|OHKO Clause: OHKO moves are banned\n|rule|Evasion Moves Clause: Evasion moves are banned\n|rule|Evasion Items Clause: Evasion items are banned\n|rule|Species Clause: Limit one of each Pok\u00e9mon\n|rule|Sleep Clause Mod: Limit one foe put to sleep\n|rule|Mega Rayquaza Clause: You cannot mega evolve Rayquaza\n|clearpoke\n|poke|p1|Groudon|\n|poke|p1|Giratina-Origin|\n|poke|p1|Dondozo, M|\n|poke|p1|Zekrom|\n|poke|p1|Kyogre|\n|poke|p1|Chansey, F|\n|poke|p2|Shuckle, M|\n|poke|p2|Groudon|\n|poke|p2|Kyogre|\n|poke|p2|Arceus|\n|poke|p2|Mewtwo|\n|poke|p2|Lunala|\n|teampreview\n|inactive|Battle timer is ON: inactive players will automatically lose when time's up. (requested by 777Clearnu)\n|\n|t:|1698764790\n|start\n|switch|p1a: Giratina|Giratina-Origin, shiny|100\/100\n|switch|p2a: boris|Shuckle, M|100\/100\n|turn|1\n|inactive|heavylever has 120 seconds left.\n|\n|t:|1698764834\n|move|p1a: Giratina|Thunder Wave|p2a: boris|[miss]\n|-miss|p1a: Giratina|p2a: boris\n|move|p2a: boris|Encore|p1a: Giratina\n|-start|p1a: Giratina|Encore\n|\n|upkeep\n|turn|2\n|\n|t:|1698764844\n|move|p1a: Giratina|Thunder Wave|p2a: boris\n|-status|p2a: boris|par\n|cant|p2a: boris|par\n|\n|upkeep\n|turn|3\n|inactive|heavylever has 120 seconds left.\n|\n|t:|1698764865\n|switch|p1a: Groudon|Groudon|100\/100\n|detailschange|p1a: Groudon|Groudon-Primal\n|-primal|p1a: Groudon|Red Orb\n|-weather|DesolateLand|[from] ability: Desolate Land|[of] p1a: Groudon\n|move|p2a: boris|Sticky Web|p1a: Groudon\n|-sidestart|p1: heavylever|move: Sticky Web\n|\n|-weather|DesolateLand|[upkeep]\n|upkeep\n|turn|4\n|\n|t:|1698764872\n|move|p1a: Groudon|Earthquake|p2a: boris\n|-damage|p2a: boris|58\/100 par\n|move|p2a: boris|Stealth Rock|p1a: Groudon\n|-sidestart|p1: heavylever|move: Stealth Rock\n|\n|-weather|DesolateLand|[upkeep]\n|upkeep\n|turn|5\n|\n|t:|1698764877\n|move|p1a: Groudon|Stone Edge|p2a: boris\n|-supereffective|p2a: boris\n|-damage|p2a: boris|3\/100 par\n|move|p2a: boris|Encore|p1a: Groudon\n|-start|p1a: Groudon|Encore\n|\n|-weather|DesolateLand|[upkeep]\n|upkeep\n|turn|6\n|j| usamo 2021\n|\n|t:|1698764885\n|move|p1a: Groudon|Stone Edge|p2a: boris\n|-supereffective|p2a: boris\n|-damage|p2a: boris|0 fnt\n|faint|p2a: boris\n|\n|-weather|DesolateLand|[upkeep]\n|upkeep\n|\n|t:|1698764895\n|switch|p2a: button|Kyogre|100\/100\n|detailschange|p2a: button|Kyogre-Primal\n|-primal|p2a: button|Blue Orb\n|-weather|PrimordialSea|[from] ability: Primordial Sea|[of] p2a: button\n|turn|7\n|\n|t:|1698764901\n|switch|p1a: Chansey|Chansey, F|100\/100\n|-activate|p1a: Chansey|move: Sticky Web\n|-unboost|p1a: Chansey|spe|1\n|-damage|p1a: Chansey|88\/100|[from] Stealth Rock\n|move|p2a: button|Water Spout|p1a: Chansey\n|-damage|p1a: Chansey|51\/100\n|\n|-weather|PrimordialSea|[upkeep]\n|upkeep\n|turn|8\n|\n|t:|1698764911\n|move|p2a: button|Water Spout|p1a: Chansey\n|-damage|p1a: Chansey|15\/100\n|move|p1a: Chansey|Soft-Boiled|p1a: Chansey\n|-heal|p1a: Chansey|65\/100\n|\n|-weather|PrimordialSea|[upkeep]\n|upkeep\n|turn|9\n|\n|t:|1698764935\n|-weather|none\n|switch|p2a: BKC|Arceus|100\/100\n|move|p1a: Chansey|Soft-Boiled|p1a: Chansey\n|-heal|p1a: Chansey|100\/100\n|\n|upkeep\n|turn|10\n|c| usamo 2021|bkc goat\n|inactive|heavylever has 120 seconds left.\n|\n|t:|1698764966\n|switch|p1a: Giratina|Giratina-Origin, shiny|100\/100\n|-damage|p1a: Giratina|88\/100|[from] Stealth Rock\n|move|p2a: BKC|Swords Dance|p2a: BKC\n|-boost|p2a: BKC|atk|2\n|\n|upkeep\n|turn|11\n|c|\u2606777Clearnu|I've played against you before and you said the exact same thing\n|\n|t:|1698764977\n|move|p2a: BKC|Shadow Force||[still]\n|-prepare|p2a: BKC|Shadow Force\n|move|p1a: Giratina|Defog|p2a: BKC|[miss]\n|-miss|p1a: Giratina|p2a: BKC\n|\n|upkeep\n|turn|12\n|\n|t:|1698764983\n|-terastallize|p1a: Giratina|Poison\n|move|p2a: BKC|Shadow Force|p1a: Giratina|[from]lockedmove\n|-damage|p1a: Giratina|9\/100\n|-damage|p2a: BKC|91\/100|[from] item: Life Orb\n|move|p1a: Giratina|Defog|p2a: BKC\n|-unboost|p2a: BKC|evasion|1\n|-sideend|p1: heavylever|Stealth Rock|[from] move: Defog|[of] p1a: Giratina\n|-sideend|p1: heavylever|Sticky Web|[from] move: Defog|[of] p1a: Giratina\n|\n|upkeep\n|turn|13\n|\n|t:|1698764990\n|move|p2a: BKC|Extreme Speed|p1a: Giratina\n|-damage|p1a: Giratina|0 fnt\n|faint|p1a: Giratina\n|-damage|p2a: BKC|81\/100|[from] item: Life Orb\n|\n|upkeep\n|\n|t:|1698764993\n|switch|p1a: Dondizzy|Dondozo, M|100\/100\n|turn|14\n|\n|t:|1698764998\n|switch|p2a: button|Kyogre-Primal|100\/100\n|-weather|PrimordialSea|[from] ability: Primordial Sea|[of] p2a: button\n|move|p1a: Dondizzy|Body Press|p2a: button\n|-damage|p2a: button|72\/100\n|\n|-weather|PrimordialSea|[upkeep]\n|upkeep\n|turn|15\n|\n|t:|1698765006\n|switch|p1a: Chansey|Chansey, F|100\/100\n|move|p2a: button|Thunder|p1a: Chansey\n|-damage|p1a: Chansey|88\/100\n|-status|p1a: Chansey|par\n|\n|-weather|PrimordialSea|[upkeep]\n|upkeep\n|turn|16\n|\n|t:|1698765023\n|-weather|none\n|switch|p2a: dance^2|Groudon|100\/100\n|detailschange|p2a: dance^2|Groudon-Primal\n|-primal|p2a: dance^2|Red Orb\n|-weather|DesolateLand|[from] ability: Desolate Land|[of] p2a: dance^2\n|move|p1a: Chansey|Toxic|p2a: dance^2\n|-status|p2a: dance^2|tox\n|\n|-weather|DesolateLand|[upkeep]\n|-damage|p2a: dance^2|94\/100 tox|[from] psn\n|upkeep\n|turn|17\n|\n|t:|1698765028\n|-curestatus|p1a: Chansey|par|[from] ability: Natural Cure\n|switch|p1a: Dondizzy|Dondozo, M|100\/100\n|move|p2a: dance^2|Precipice Blades|p1a: Dondizzy\n|-damage|p1a: Dondizzy|69\/100\n|\n|-weather|DesolateLand|[upkeep]\n|-heal|p1a: Dondizzy|75\/100|[from] item: Leftovers\n|-damage|p2a: dance^2|82\/100 tox|[from] psn\n|upkeep\n|turn|18\n|\n|t:|1698765034\n|move|p2a: dance^2|Eruption|p1a: Dondizzy\n|-resisted|p1a: Dondizzy\n|-damage|p1a: Dondizzy|24\/100\n|move|p1a: Dondizzy|Curse|p1a: Dondizzy\n|-unboost|p1a: Dondizzy|spe|1\n|-boost|p1a: Dondizzy|atk|1\n|-boost|p1a: Dondizzy|def|1\n|\n|-weather|DesolateLand|[upkeep]\n|-heal|p1a: Dondizzy|30\/100|[from] item: Leftovers\n|-damage|p2a: dance^2|64\/100 tox|[from] psn\n|upkeep\n|turn|19\n|\n|t:|1698765043\n|move|p2a: dance^2|Precipice Blades|p1a: Dondizzy\n|-damage|p1a: Dondizzy|8\/100\n|move|p1a: Dondizzy|Body Press|p2a: dance^2\n|-damage|p2a: dance^2|31\/100 tox\n|\n|-weather|DesolateLand|[upkeep]\n|-heal|p1a: Dondizzy|14\/100|[from] item: Leftovers\n|-damage|p2a: dance^2|6\/100 tox|[from] psn\n|upkeep\n|turn|20\n|\n|t:|1698765052\n|move|p2a: dance^2|Precipice Blades|p1a: Dondizzy\n|-damage|p1a: Dondizzy|0 fnt\n|faint|p1a: Dondizzy\n|\n|-weather|DesolateLand|[upkeep]\n|-damage|p2a: dance^2|0 fnt|[from] psn\n|faint|p2a: dance^2\n|-weather|none\n|upkeep\n|\n|t:|1698765062\n|switch|p2a: 194 base attack|Mewtwo|100\/100\n|switch|p1a: Kyogre|Kyogre|100\/100\n|-ability|p2a: 194 base attack|Unnerve\n|detailschange|p1a: Kyogre|Kyogre-Primal\n|-primal|p1a: Kyogre|Blue Orb\n|-weather|PrimordialSea|[from] ability: Primordial Sea|[of] p1a: Kyogre\n|turn|21\n|\n|t:|1698765079\n|detailschange|p2a: 194 base attack|Mewtwo-Mega-Y\n|-mega|p2a: 194 base attack|Mewtwo|Mewtwonite Y\n|move|p2a: 194 base attack|Psystrike|p1a: Kyogre\n|-crit|p1a: Kyogre\n|-damage|p1a: Kyogre|0 fnt\n|faint|p1a: Kyogre\n|-weather|none\n|\n|upkeep\n|\n|t:|1698765086\n|switch|p1a: Zekrom|Zekrom|100\/100\n|-ability|p1a: Zekrom|Teravolt\n|turn|22\n|\n|t:|1698765091\n|move|p2a: 194 base attack|Ice Beam|p1a: Zekrom\n|-supereffective|p1a: Zekrom\n|-damage|p1a: Zekrom|7\/100\n|move|p1a: Zekrom|Dragon Dance|p1a: Zekrom\n|-boost|p1a: Zekrom|atk|1\n|-boost|p1a: Zekrom|spe|1\n|\n|upkeep\n|turn|23\n|\n|t:|1698765098\n|move|p1a: Zekrom|Bolt Strike|p2a: 194 base attack\n|-damage|p2a: 194 base attack|0 fnt\n|faint|p2a: 194 base attack\n|\n|upkeep\n|\n|t:|1698765102\n|switch|p2a: BKC|Arceus|81\/100\n|turn|24\n|\n|t:|1698765110\n|move|p2a: BKC|Extreme Speed|p1a: Zekrom\n|-damage|p1a: Zekrom|0 fnt\n|faint|p1a: Zekrom\n|-damage|p2a: BKC|71\/100|[from] item: Life Orb\n|\n|upkeep\n|\n|t:|1698765112\n|switch|p1a: Groudon|Groudon-Primal|100\/100\n|-weather|DesolateLand|[from] ability: Desolate Land|[of] p1a: Groudon\n|turn|25\n|\n|t:|1698765127\n|move|p2a: BKC|Swords Dance|p2a: BKC\n|-boost|p2a: BKC|atk|2\n|move|p1a: Groudon|Earthquake|p2a: BKC\n|-damage|p2a: BKC|23\/100\n|\n|-weather|DesolateLand|[upkeep]\n|upkeep\n|turn|26\n|\n|t:|1698765136\n|move|p2a: BKC|Extreme Speed|p1a: Groudon\n|-damage|p1a: Groudon|40\/100\n|-damage|p2a: BKC|13\/100|[from] item: Life Orb\n|move|p1a: Groudon|Earthquake|p2a: BKC\n|-damage|p2a: BKC|0 fnt\n|faint|p2a: BKC\n|\n|-weather|DesolateLand|[upkeep]\n|upkeep\n|\n|t:|1698765145\n|switch|p2a: Car Seat Headrest|Lunala|100\/100\n|turn|27\n|\n|t:|1698765149\n|move|p2a: Car Seat Headrest|Meteor Beam||[still]\n|-prepare|p2a: Car Seat Headrest|Meteor Beam\n|-boost|p2a: Car Seat Headrest|spa|1\n|-enditem|p2a: Car Seat Headrest|Power Herb\n|-anim|p2a: Car Seat Headrest|Meteor Beam|p1a: Groudon\n|-damage|p1a: Groudon|0 fnt\n|faint|p1a: Groudon\n|-weather|none\n|\n|upkeep\n|\n|t:|1698765151\n|switch|p1a: Chansey|Chansey, F|88\/100\n|turn|28\n|\n|t:|1698765156\n|move|p2a: Car Seat Headrest|Psyshock|p1a: Chansey\n|-damage|p1a: Chansey|0 fnt\n|faint|p1a: Chansey\n|\n|win|777Clearnu\n|raw|heavylever's rating: 1667 &rarr; <strong>1644<\/strong><br \/>(-23 for losing)\n|raw|777Clearnu's rating: 1614 &rarr; <strong>1637<\/strong><br \/>(+23 for winning)\n|l|\u2606heavylever\n|l|\u2606777Clearnu\n","uploadtime":1698765344,"views":7,"p1id":"heavylever","p2id":"777clearnu","formatid":"gen9nationaldexubers","rating":1637,"private":0,"password":""}