{"id":"gen9nationaldexubers-1990729179","p1":"Scyche","p2":"Constant_Entity","format":"[Gen 9] National Dex Ubers","log":"|j|\u2606Scyche\n|j|\u2606Constant_Entity\n|t:|1699995421\n|gametype|singles\n|player|p1|Scyche|morty-masters|\n|player|p2|Constant_Entity|lusamine-nihilego|\n|teamsize|p1|6\n|teamsize|p2|6\n|gen|9\n|tier|[Gen 9] National Dex Ubers\n|rule|HP Percentage Mod: HP is shown in percentages\n|rule|Endless Battle Clause: Forcing endless battles is banned\n|rule|OHKO Clause: OHKO moves are banned\n|rule|Evasion Moves Clause: Evasion moves are banned\n|rule|Evasion Items Clause: Evasion items are banned\n|rule|Species Clause: Limit one of each Pok\u00e9mon\n|rule|Sleep Clause Mod: Limit one foe put to sleep\n|rule|Mega Rayquaza Clause: You cannot mega evolve Rayquaza\n|clearpoke\n|poke|p1|Deoxys-Speed|\n|poke|p1|Houndstone, F|\n|poke|p1|Zygarde|\n|poke|p1|Tyranitar, F|\n|poke|p1|Excadrill, F|\n|poke|p1|Landorus, M|\n|poke|p2|Shaymin-Sky|\n|poke|p2|Marshadow|\n|poke|p2|Tapu Fini|\n|poke|p2|Jirachi|\n|poke|p2|Incineroar, F|\n|poke|p2|Ting-Lu|\n|teampreview\n|inactive|Battle timer is ON: inactive players will automatically lose when time's up. (requested by Constant_Entity)\n|inactiveoff|Battle timer is now OFF.\n|\n|t:|1699995493\n|start\n|switch|p1a: Dio|Deoxys-Speed, shiny|100\/100\n|switch|p2a: Jirachi|Jirachi|100\/100\n|-ability|p1a: Dio|Pressure\n|turn|1\n|\n|t:|1699995509\n|move|p1a: Dio|Taunt|p2a: Jirachi\n|-start|p2a: Jirachi|move: Taunt\n|move|p2a: Jirachi|U-turn|p1a: Dio\n|-supereffective|p1a: Dio\n|-damage|p1a: Dio|63\/100\n|\n|t:|1699995525\n|switch|p2a: Billy|Incineroar, F|100\/100|[from] U-turn\n|-ability|p2a: Billy|Intimidate|boost\n|-unboost|p1a: Dio|atk|1\n|\n|upkeep\n|turn|2\n|\n|t:|1699995528\n|move|p2a: Billy|Fake Out|p1a: Dio\n|-damage|p1a: Dio|46\/100\n|cant|p1a: Dio|flinch\n|\n|upkeep\n|turn|3\n|\n|t:|1699995558\n|move|p1a: Dio|Stealth Rock|p2a: Billy\n|-sidestart|p2: Constant_Entity|move: Stealth Rock\n|move|p2a: Billy|U-turn|p1a: Dio\n|-supereffective|p1a: Dio\n|-damage|p1a: Dio|0 fnt\n|faint|p1a: Dio\n|\n|t:|1699995573\n|switch|p2a: Ting-Lu|Ting-Lu|100\/100|[from] U-turn\n|-damage|p2a: Ting-Lu|94\/100|[from] Stealth Rock\n|-ability|p2a: Ting-Lu|Vessel of Ruin\n|\n|-heal|p2a: Ting-Lu|100\/100|[from] item: Leftovers\n|upkeep\n|\n|t:|1699995612\n|switch|p1a: Tygarde|Tyranitar, F, shiny|100\/100\n|-weather|Sandstorm|[from] ability: Sand Stream|[of] p1a: Tygarde\n|turn|4\n|c|\u2606Constant_Entity|Yo it's the wrong format lol\n|c|\u2606Scyche|Oh, my bad, does that effect anything?\n|c|\u2606Constant_Entity|Yeah we have tera preview, so I'm supposed to be able to see your t-tar tera (which i'm 90% sure you're about to tera lol)\n|c|\u2606Constant_Entity|I can tell you my tera and you tell me your tera and I guess it works out\n|c|\u2606Scyche|I can tell you it's Fairy\n|c|\u2606Constant_Entity|I'm tera normal incineroar, that's it\n|c|\u2606Constant_Entity|dope, we play on\n|c|\u2606Scyche|Sure\n|\n|t:|1699995692\n|-terastallize|p1a: Tygarde|Fairy\n|move|p1a: Tygarde|Ice Punch|p2a: Ting-Lu\n|-supereffective|p2a: Ting-Lu\n|-damage|p2a: Ting-Lu|81\/100\n|move|p2a: Ting-Lu|Body Press|p1a: Tygarde\n|-resisted|p1a: Tygarde\n|-damage|p1a: Tygarde|88\/100\n|\n|-weather|Sandstorm|[upkeep]\n|-damage|p1a: Tygarde|82\/100|[from] Sandstorm\n|-heal|p2a: Ting-Lu|87\/100|[from] item: Leftovers\n|upkeep\n|turn|5\n|\n|t:|1699995698\n|move|p1a: Tygarde|Ice Punch|p2a: Ting-Lu\n|-supereffective|p2a: Ting-Lu\n|-damage|p2a: Ting-Lu|68\/100\n|move|p2a: Ting-Lu|Stealth Rock|p1a: Tygarde\n|-sidestart|p1: Scyche|move: Stealth Rock\n|\n|-weather|Sandstorm|[upkeep]\n|-damage|p1a: Tygarde|76\/100|[from] Sandstorm\n|-heal|p2a: Ting-Lu|74\/100|[from] item: Leftovers\n|upkeep\n|turn|6\n|\n|t:|1699995705\n|switch|p1a: Simon|Excadrill, F, shiny|100\/100\n|-damage|p1a: Simon|97\/100|[from] Stealth Rock\n|move|p2a: Ting-Lu|Spikes|p1a: Simon\n|-sidestart|p1: Scyche|Spikes\n|\n|-weather|Sandstorm|[upkeep]\n|-heal|p2a: Ting-Lu|81\/100|[from] item: Leftovers\n|upkeep\n|turn|7\n|\n|t:|1699995708\n|move|p1a: Simon|Swords Dance|p1a: Simon\n|-boost|p1a: Simon|atk|2\n|move|p2a: Ting-Lu|Body Press|p1a: Simon\n|-supereffective|p1a: Simon\n|-damage|p1a: Simon|12\/100\n|\n|-weather|Sandstorm|[upkeep]\n|-heal|p2a: Ting-Lu|87\/100|[from] item: Leftovers\n|upkeep\n|turn|8\n|\n|t:|1699995715\n|move|p1a: Simon|Earthquake|p2a: Ting-Lu\n|-damage|p2a: Ting-Lu|45\/100\n|move|p2a: Ting-Lu|Body Press|p1a: Simon\n|-supereffective|p1a: Simon\n|-damage|p1a: Simon|0 fnt\n|faint|p1a: Simon\n|\n|-weather|Sandstorm|[upkeep]\n|-heal|p2a: Ting-Lu|51\/100|[from] item: Leftovers\n|upkeep\n|\n|t:|1699995730\n|switch|p1a: Zygadre|Zygarde, shiny|100\/100\n|-damage|p1a: Zygadre|94\/100|[from] Stealth Rock\n|-damage|p1a: Zygadre|82\/100|[from] Spikes\n|turn|9\n|\n|t:|1699995734\n|move|p1a: Zygadre|Dragon Dance|p1a: Zygadre\n|-boost|p1a: Zygadre|atk|1\n|-boost|p1a: Zygadre|spe|1\n|move|p2a: Ting-Lu|Whirlwind|p1a: Zygadre\n|drag|p1a: Lando|Landorus, M, shiny|100\/100\n|-damage|p1a: Lando|88\/100|[from] Stealth Rock\n|\n|-weather|Sandstorm|[upkeep]\n|-heal|p2a: Ting-Lu|58\/100|[from] item: Leftovers\n|upkeep\n|turn|10\n|\n|t:|1699995739\n|move|p1a: Lando|Grass Knot|p2a: Ting-Lu\n|-supereffective|p2a: Ting-Lu\n|-damage|p2a: Ting-Lu|0 fnt\n|faint|p2a: Ting-Lu\n|-damage|p1a: Lando|79\/100|[from] item: Life Orb\n|\n|-weather|Sandstorm|[upkeep]\n|upkeep\n|\n|t:|1699995744\n|switch|p2a: Not a Clam|Tapu Fini, shiny|100\/100\n|-damage|p2a: Not a Clam|88\/100|[from] Stealth Rock\n|-fieldstart|move: Misty Terrain|[from] ability: Misty Surge|[of] p2a: Not a Clam\n|turn|11\n|\n|t:|1699995758\n|move|p1a: Lando|Earth Power|p2a: Not a Clam\n|-damage|p2a: Not a Clam|32\/100\n|move|p2a: Not a Clam|Moonblast|p1a: Lando\n|-damage|p1a: Lando|20\/100\n|\n|-weather|none\n|-heal|p2a: Not a Clam|38\/100|[from] item: Leftovers\n|upkeep\n|turn|12\n|\n|t:|1699995764\n|move|p1a: Lando|Earth Power|p2a: Not a Clam\n|-damage|p2a: Not a Clam|0 fnt\n|faint|p2a: Not a Clam\n|\n|upkeep\n|\n|t:|1699995774\n|switch|p2a: Billy|Incineroar, F|100\/100\n|-damage|p2a: Billy|76\/100|[from] Stealth Rock\n|-ability|p2a: Billy|Intimidate|boost\n|-unboost|p1a: Lando|atk|1\n|turn|13\n|\n|t:|1699995776\n|switch|p1a: Gome|Houndstone, F, shiny|100\/100\n|-damage|p1a: Gome|88\/100|[from] Stealth Rock\n|-damage|p1a: Gome|76\/100|[from] Spikes\n|move|p2a: Billy|Fake Out|p1a: Gome\n|-immune|p1a: Gome\n|\n|upkeep\n|turn|14\n|\n|t:|1699995780\n|switch|p1a: Tygarde|Tyranitar, F, shiny, tera:Fairy|76\/100\n|-damage|p1a: Tygarde|63\/100|[from] Stealth Rock\n|-damage|p1a: Tygarde|51\/100|[from] Spikes\n|-weather|Sandstorm|[from] ability: Sand Stream|[of] p1a: Tygarde\n|move|p2a: Billy|Knock Off|p1a: Tygarde\n|-resisted|p1a: Tygarde\n|-damage|p1a: Tygarde|32\/100\n|-enditem|p1a: Tygarde|Smooth Rock|[from] move: Knock Off|[of] p2a: Billy\n|\n|-weather|Sandstorm|[upkeep]\n|-damage|p1a: Tygarde|26\/100|[from] Sandstorm\n|-damage|p2a: Billy|70\/100|[from] Sandstorm\n|upkeep\n|turn|15\n|\n|t:|1699995847\n|move|p1a: Tygarde|Rock Blast|p2a: Billy\n|-supereffective|p2a: Billy\n|-damage|p2a: Billy|48\/100\n|-supereffective|p2a: Billy\n|-damage|p2a: Billy|28\/100\n|-supereffective|p2a: Billy\n|-damage|p2a: Billy|7\/100\n|-hitcount|p2a: Billy|3\n|move|p2a: Billy|Flare Blitz|p1a: Tygarde\n|-crit|p1a: Tygarde\n|-damage|p1a: Tygarde|0 fnt\n|faint|p1a: Tygarde\n|-damage|p2a: Billy|0 fnt|[from] Recoil\n|faint|p2a: Billy\n|\n|-weather|Sandstorm|[upkeep]\n|-fieldend|Misty Terrain\n|upkeep\n|\n|t:|1699995861\n|switch|p1a: Gome|Houndstone, F, shiny|76\/100\n|switch|p2a: Jirachi|Jirachi|100\/100\n|-damage|p1a: Gome|64\/100|[from] Stealth Rock\n|-damage|p1a: Gome|51\/100|[from] Spikes\n|-damage|p2a: Jirachi|94\/100|[from] Stealth Rock\n|turn|16\n|\n|t:|1699995874\n|move|p1a: Gome|Last Respects|p2a: Jirachi\n|-supereffective|p2a: Jirachi\n|-damage|p2a: Jirachi|0 fnt\n|faint|p2a: Jirachi\n|\n|-weather|Sandstorm|[upkeep]\n|upkeep\n|\n|t:|1699995877\n|switch|p2a: Shadow|Marshadow|100\/100\n|-damage|p2a: Shadow|94\/100|[from] Stealth Rock\n|turn|17\n|\n|t:|1699995888\n|move|p2a: Shadow|Shadow Sneak|p1a: Gome\n|-supereffective|p1a: Gome\n|-damage|p1a: Gome|0 fnt\n|faint|p1a: Gome\n|\n|-weather|Sandstorm|[upkeep]\n|-damage|p2a: Shadow|88\/100|[from] Sandstorm\n|upkeep\n|\n|t:|1699995889\n|switch|p1a: Zygadre|Zygarde, shiny|82\/100\n|-damage|p1a: Zygadre|76\/100|[from] Stealth Rock\n|-damage|p1a: Zygadre|63\/100|[from] Spikes\n|turn|18\n|\n|t:|1699995895\n|move|p2a: Shadow|Shadow Sneak|p1a: Zygadre\n|-damage|p1a: Zygadre|27\/100\n|move|p1a: Zygadre|Thousand Arrows|p2a: Shadow\n|-damage|p2a: Shadow|40\/100\n|\n|-weather|Sandstorm|[upkeep]\n|-damage|p2a: Shadow|34\/100|[from] Sandstorm\n|-heal|p1a: Zygadre|33\/100|[from] item: Leftovers\n|-activate|p1a: Zygadre|ability: Power Construct\n|detailschange|p1a: Zygadre|Zygarde-Complete, shiny\n|-heal|p1a: Zygadre|59\/100|[silent]\n|upkeep\n|turn|19\n|\n|t:|1699995913\n|move|p2a: Shadow|Shadow Sneak|p1a: Zygadre\n|-damage|p1a: Zygadre|37\/100\n|move|p1a: Zygadre|Thousand Arrows|p2a: Shadow\n|-damage|p2a: Shadow|0 fnt\n|faint|p2a: Shadow\n|\n|-weather|Sandstorm|[upkeep]\n|-heal|p1a: Zygadre|43\/100|[from] item: Leftovers\n|upkeep\n|\n|t:|1699995917\n|switch|p2a: Ch-Ch-Ch-Chia|Shaymin-Sky, shiny|100\/100\n|-damage|p2a: Ch-Ch-Ch-Chia|76\/100|[from] Stealth Rock\n|turn|20\n|\n|t:|1699995998\n|move|p2a: Ch-Ch-Ch-Chia|Dazzling Gleam|p1a: Zygadre\n|-supereffective|p1a: Zygadre\n|-damage|p1a: Zygadre|7\/100\n|move|p1a: Zygadre|Thousand Arrows|p2a: Ch-Ch-Ch-Chia\n|-damage|p2a: Ch-Ch-Ch-Chia|26\/100\n|-start|p2a: Ch-Ch-Ch-Chia|Smack Down\n|\n|-weather|Sandstorm|[upkeep]\n|-damage|p2a: Ch-Ch-Ch-Chia|20\/100|[from] Sandstorm\n|-heal|p1a: Zygadre|13\/100|[from] item: Leftovers\n|upkeep\n|turn|21\n|\n|t:|1699996004\n|move|p2a: Ch-Ch-Ch-Chia|Dazzling Gleam|p1a: Zygadre\n|-supereffective|p1a: Zygadre\n|-damage|p1a: Zygadre|0 fnt\n|faint|p1a: Zygadre\n|\n|-weather|none\n|upkeep\n|\n|t:|1699996006\n|switch|p1a: Lando|Landorus, M, shiny|20\/100\n|-damage|p1a: Lando|8\/100|[from] Stealth Rock\n|turn|22\n|c|\u2606Constant_Entity|GGs\n|\n|t:|1699996015\n|move|p2a: Ch-Ch-Ch-Chia|Dazzling Gleam|p1a: Lando\n|-damage|p1a: Lando|0 fnt\n|faint|p1a: Lando\n|\n|win|Constant_Entity\n","uploadtime":1699996019,"views":30,"p1id":"scyche","p2id":"constantentity","formatid":"gen9nationaldexubers","rating":0,"private":0,"password":""}