{"id":"gen9nationaldexubers-1987949146","p1":"vptwarrior","p2":"redlac24","format":"[Gen 9] National Dex Ubers","log":"|j|\u2606vptwarrior\n|j|\u2606redlac24\n|t:|1699652192\n|gametype|singles\n|player|p1|vptwarrior|swimmer|1026\n|player|p2|redlac24|cynthia-gen4|1000\n|teamsize|p1|6\n|teamsize|p2|6\n|gen|9\n|tier|[Gen 9] National Dex Ubers\n|rated|\n|rule|HP Percentage Mod: HP is shown in percentages\n|rule|Endless Battle Clause: Forcing endless battles is banned\n|rule|OHKO Clause: OHKO moves are banned\n|rule|Evasion Moves Clause: Evasion moves are banned\n|rule|Evasion Items Clause: Evasion items are banned\n|rule|Species Clause: Limit one of each Pok\u00e9mon\n|rule|Sleep Clause Mod: Limit one foe put to sleep\n|rule|Mega Rayquaza Clause: You cannot mega evolve Rayquaza\n|clearpoke\n|poke|p1|Torterra, M|\n|poke|p1|Cradily, F|\n|poke|p1|Lilligant, F|\n|poke|p1|Tsareena, F|\n|poke|p1|Ferrothorn, M|\n|poke|p1|Roserade, M|\n|poke|p2|Sceptile, F|\n|poke|p2|Mewtwo|\n|poke|p2|Greninja-*, M|\n|poke|p2|Incineroar, M|\n|poke|p2|Lucario, M|\n|poke|p2|Infernape, F|\n|teampreview\n|\n|t:|1699652203\n|start\n|switch|p1a: Solomon|Torterra, M|100\/100\n|switch|p2a: Infernape|Infernape, F|100\/100\n|turn|1\n|\n|t:|1699652213\n|move|p2a: Infernape|Nasty Plot|p2a: Infernape\n|-boost|p2a: Infernape|spa|2\n|move|p1a: Solomon|Stealth Rock|p2a: Infernape\n|-sidestart|p2: redlac24|move: Stealth Rock\n|\n|upkeep\n|turn|2\n|\n|t:|1699652225\n|move|p2a: Infernape|Fire Blast|p1a: Solomon\n|-supereffective|p1a: Solomon\n|-enditem|p1a: Solomon|Focus Sash\n|-damage|p1a: Solomon|1\/100\n|move|p1a: Solomon|Earthquake|p2a: Infernape\n|-supereffective|p2a: Infernape\n|-damage|p2a: Infernape|0 fnt\n|faint|p2a: Infernape\n|\n|upkeep\n|\n|t:|1699652234\n|switch|p2a: Mewtwo|Mewtwo, shiny|100\/100\n|-damage|p2a: Mewtwo|88\/100|[from] Stealth Rock\n|-ability|p2a: Mewtwo|Pressure\n|turn|3\n|\n|t:|1699652249\n|move|p2a: Mewtwo|Flamethrower|p1a: Solomon\n|-supereffective|p1a: Solomon\n|-damage|p1a: Solomon|0 fnt\n|faint|p1a: Solomon\n|-damage|p2a: Mewtwo|78\/100|[from] item: Life Orb\n|\n|upkeep\n|\n|t:|1699652257\n|switch|p1a: Lola|Cradily, F|100\/100\n|turn|4\n|\n|t:|1699652261\n|move|p2a: Mewtwo|Nasty Plot|p2a: Mewtwo\n|-boost|p2a: Mewtwo|spa|2\n|move|p1a: Lola|Toxic|p2a: Mewtwo\n|-status|p2a: Mewtwo|tox\n|\n|-damage|p2a: Mewtwo|72\/100 tox|[from] psn\n|upkeep\n|turn|5\n|\n|t:|1699652268\n|move|p2a: Mewtwo|Flamethrower|p1a: Lola\n|-damage|p1a: Lola|34\/100\n|-status|p1a: Lola|brn\n|-damage|p2a: Mewtwo|62\/100 tox|[from] item: Life Orb\n|move|p1a: Lola|Giga Drain|p2a: Mewtwo\n|-damage|p2a: Mewtwo|40\/100 tox\n|-heal|p1a: Lola|44\/100 brn|[from] drain|[of] p2a: Mewtwo\n|\n|-heal|p1a: Lola|50\/100 brn|[from] item: Leftovers\n|-damage|p2a: Mewtwo|28\/100 tox|[from] psn\n|-damage|p1a: Lola|44\/100 brn|[from] brn\n|upkeep\n|turn|6\n|\n|t:|1699652280\n|move|p2a: Mewtwo|Flamethrower|p1a: Lola\n|-damage|p1a: Lola|0 fnt\n|faint|p1a: Lola\n|-damage|p2a: Mewtwo|18\/100 tox|[from] item: Life Orb\n|\n|-damage|p2a: Mewtwo|0 fnt|[from] psn\n|faint|p2a: Mewtwo\n|upkeep\n|\n|t:|1699652291\n|switch|p2a: Incineroar|Incineroar, M|100\/100\n|switch|p1a: Masquirade|Roserade, M|100\/100\n|-ability|p2a: Incineroar|Intimidate|boost\n|-unboost|p1a: Masquirade|atk|1\n|turn|7\n|\n|t:|1699652300\n|move|p1a: Masquirade|Sludge Bomb|p2a: Incineroar\n|-damage|p2a: Incineroar|42\/100\n|move|p2a: Incineroar|Swords Dance|p2a: Incineroar\n|-boost|p2a: Incineroar|atk|2\n|\n|upkeep\n|turn|8\n|\n|t:|1699652309\n|move|p1a: Masquirade|Sludge Bomb|p2a: Incineroar\n|-damage|p2a: Incineroar|0 fnt\n|faint|p2a: Incineroar\n|\n|upkeep\n|\n|t:|1699652320\n|switch|p2a: Lucario|Lucario, M|100\/100\n|-damage|p2a: Lucario|98\/100|[from] Stealth Rock\n|turn|9\n|\n|t:|1699652328\n|move|p2a: Lucario|Swords Dance|p2a: Lucario\n|-boost|p2a: Lucario|atk|2\n|move|p1a: Masquirade|Dazzling Gleam|p2a: Lucario\n|-damage|p2a: Lucario|53\/100\n|\n|upkeep\n|turn|10\n|\n|t:|1699652345\n|move|p2a: Lucario|Swords Dance|p2a: Lucario\n|-boost|p2a: Lucario|atk|2\n|move|p1a: Masquirade|Dazzling Gleam|p2a: Lucario\n|-damage|p2a: Lucario|3\/100\n|\n|upkeep\n|turn|11\n|\n|t:|1699652356\n|move|p2a: Lucario|Close Combat|p1a: Masquirade\n|-resisted|p1a: Masquirade\n|-damage|p1a: Masquirade|0 fnt\n|-unboost|p2a: Lucario|def|1\n|-unboost|p2a: Lucario|spd|1\n|faint|p1a: Masquirade\n|-damage|p2a: Lucario|0 fnt|[from] item: Life Orb\n|faint|p2a: Lucario\n|\n|upkeep\n|\n|t:|1699652367\n|switch|p2a: Greninja|Greninja, M|100\/100\n|switch|p1a: Max|Ferrothorn, M|100\/100\n|-damage|p2a: Greninja|88\/100|[from] Stealth Rock\n|turn|12\n|\n|t:|1699652388\n|move|p2a: Greninja|Ice Beam|p1a: Max\n|-damage|p1a: Max|71\/100\n|-damage|p2a: Greninja|78\/100|[from] item: Life Orb\n|move|p1a: Max|Thunder Wave|p2a: Greninja\n|-status|p2a: Greninja|par\n|\n|-heal|p1a: Max|77\/100|[from] item: Leftovers\n|upkeep\n|turn|13\n|inactive|Battle timer is ON: inactive players will automatically lose when time's up. (requested by vptwarrior)\n|\n|t:|1699652401\n|move|p2a: Greninja|Grass Knot|p1a: Max\n|-resisted|p1a: Max\n|-damage|p1a: Max|68\/100\n|-damage|p2a: Greninja|66\/100 par|[from] ability: Iron Barbs|[of] p1a: Max\n|-damage|p2a: Greninja|56\/100 par|[from] item: Life Orb\n|move|p1a: Max|Knock Off|p2a: Greninja\n|-resisted|p2a: Greninja\n|-damage|p2a: Greninja|38\/100 par\n|-enditem|p2a: Greninja|Life Orb|[from] move: Knock Off|[of] p1a: Max\n|\n|-heal|p1a: Max|75\/100|[from] item: Leftovers\n|upkeep\n|turn|14\n|\n|t:|1699652413\n|switch|p2a: Sceptile|Sceptile, F|100\/100\n|-damage|p2a: Sceptile|88\/100|[from] Stealth Rock\n|move|p1a: Max|Knock Off|p2a: Sceptile\n|-damage|p2a: Sceptile|65\/100\n|\n|-heal|p1a: Max|81\/100|[from] item: Leftovers\n|upkeep\n|turn|15\n|inactive|vptwarrior has 120 seconds left.\n|\n|t:|1699652459\n|detailschange|p2a: Sceptile|Sceptile-Mega, F\n|-mega|p2a: Sceptile|Sceptile|Sceptilite\n|move|p2a: Sceptile|Substitute|p2a: Sceptile\n|-start|p2a: Sceptile|Substitute\n|-damage|p2a: Sceptile|40\/100\n|move|p1a: Max|Iron Head|p2a: Sceptile\n|-end|p2a: Sceptile|Substitute\n|\n|-heal|p1a: Max|87\/100|[from] item: Leftovers\n|upkeep\n|turn|16\n|\n|t:|1699652470\n|move|p2a: Sceptile|Leech Seed|p1a: Max\n|-immune|p1a: Max\n|move|p1a: Max|Iron Head|p2a: Sceptile\n|-damage|p2a: Sceptile|0 fnt\n|faint|p2a: Sceptile\n|\n|-heal|p1a: Max|93\/100|[from] item: Leftovers\n|upkeep\n|\n|t:|1699652477\n|switch|p2a: Greninja|Greninja, M|38\/100 par\n|-damage|p2a: Greninja|25\/100 par|[from] Stealth Rock\n|turn|17\n|\n|t:|1699652484\n|move|p2a: Greninja|Ice Beam|p1a: Max\n|-damage|p1a: Max|70\/100\n|move|p1a: Max|Knock Off|p2a: Greninja\n|-resisted|p2a: Greninja\n|-damage|p2a: Greninja|13\/100 par\n|\n|-heal|p1a: Max|76\/100|[from] item: Leftovers\n|upkeep\n|turn|18\n|\n|t:|1699652493\n|cant|p2a: Greninja|par\n|move|p1a: Max|Iron Head|p2a: Greninja\n|-resisted|p2a: Greninja\n|-damage|p2a: Greninja|0 fnt\n|faint|p2a: Greninja\n|\n|win|vptwarrior\n|raw|vptwarrior's rating: 1014 &rarr; <strong>1050<\/strong><br \/>(+36 for winning)\n|raw|redlac24's rating: 1000 &rarr; <strong>1000<\/strong><br \/>(+0 for losing)\n|c|\u2606redlac24|gg\n|l|\u2606redlac24\n|c|\u2606vptwarrior|good game\n","uploadtime":1699652515,"views":5,"p1id":"vptwarrior","p2id":"redlac24","formatid":"gen9nationaldexubers","rating":1000,"private":0,"password":""}