{"id":"gen9nationaldexubers-1983650045","p1":"H0ldupboi","p2":"Josuecerkil","format":"[Gen 9] National Dex Ubers","log":"|j|\u2606H0ldupboi\n|j|\u2606Josuecerkil\n|t:|1699153934\n|gametype|singles\n|player|p1|H0ldupboi|2|1160\n|player|p2|Josuecerkil|2|1097\n|teamsize|p1|6\n|teamsize|p2|6\n|gen|9\n|tier|[Gen 9] National Dex Ubers\n|rated|\n|rule|HP Percentage Mod: HP is shown in percentages\n|rule|Endless Battle Clause: Forcing endless battles is banned\n|rule|OHKO Clause: OHKO moves are banned\n|rule|Evasion Moves Clause: Evasion moves are banned\n|rule|Evasion Items Clause: Evasion items are banned\n|rule|Species Clause: Limit one of each Pok\u00e9mon\n|rule|Sleep Clause Mod: Limit one foe put to sleep\n|rule|Mega Rayquaza Clause: You cannot mega evolve Rayquaza\n|clearpoke\n|poke|p1|Lucario, F|\n|poke|p1|Samurott-Hisui, F|\n|poke|p1|Volcarona, F|\n|poke|p1|Deoxys-Attack|\n|poke|p1|Mewtwo|\n|poke|p1|Roaring Moon|\n|poke|p2|Enamorus-Therian, F|\n|poke|p2|Zeraora|\n|poke|p2|Ribombee, M|\n|poke|p2|Inteleon, M|\n|poke|p2|Sandaconda, M|\n|poke|p2|Cradily, F|\n|teampreview\n|\n|t:|1699153941\n|start\n|switch|p1a: Samurott|Samurott-Hisui, F|100\/100\n|switch|p2a: Enamorus|Enamorus-Therian, F|100\/100\n|turn|1\n|\n|t:|1699153943\n|move|p1a: Samurott|Ceaseless Edge|p2a: Enamorus\n|-resisted|p2a: Enamorus\n|-damage|p2a: Enamorus|79\/100\n|-sidestart|p2: Josuecerkil|Spikes\n|move|p2a: Enamorus|Calm Mind|p2a: Enamorus\n|-boost|p2a: Enamorus|spa|1\n|-boost|p2a: Enamorus|spd|1\n|\n|upkeep\n|turn|2\n|\n|t:|1699153950\n|move|p1a: Samurott|Ceaseless Edge|p2a: Enamorus\n|-resisted|p2a: Enamorus\n|-damage|p2a: Enamorus|60\/100\n|-sidestart|p2: Josuecerkil|Spikes\n|move|p2a: Enamorus|Calm Mind|p2a: Enamorus\n|-boost|p2a: Enamorus|spa|1\n|-boost|p2a: Enamorus|spd|1\n|\n|upkeep\n|turn|3\n|\n|t:|1699153955\n|move|p1a: Samurott|Ceaseless Edge|p2a: Enamorus\n|-resisted|p2a: Enamorus\n|-damage|p2a: Enamorus|39\/100\n|-sidestart|p2: Josuecerkil|Spikes\n|-enditem|p2a: Enamorus|Sitrus Berry|[eat]\n|-heal|p2a: Enamorus|64\/100|[from] item: Sitrus Berry\n|move|p2a: Enamorus|Draining Kiss|p1a: Samurott\n|-supereffective|p1a: Samurott\n|-damage|p1a: Samurott|0 fnt\n|-heal|p2a: Enamorus|100\/100|[from] drain|[of] p1a: Samurott\n|faint|p1a: Samurott\n|\n|upkeep\n|\n|t:|1699153964\n|switch|p1a: Roaring Moon|Roaring Moon|100\/100\n|-enditem|p1a: Roaring Moon|Booster Energy\n|-activate|p1a: Roaring Moon|ability: Protosynthesis|[fromitem]\n|-start|p1a: Roaring Moon|protosynthesisatk\n|turn|4\n|\n|t:|1699153968\n|-terastallize|p1a: Roaring Moon|Flying\n|move|p1a: Roaring Moon|Crunch|p2a: Enamorus\n|-resisted|p2a: Enamorus\n|-damage|p2a: Enamorus|74\/100\n|move|p2a: Enamorus|Moonblast|p1a: Roaring Moon\n|-damage|p1a: Roaring Moon|0 fnt\n|faint|p1a: Roaring Moon\n|-end|p1a: Roaring Moon|Protosynthesis|[silent]\n|\n|upkeep\n|\n|t:|1699153976\n|switch|p1a: Lucario|Lucario, F|100\/100\n|turn|5\n|\n|t:|1699153978\n|detailschange|p1a: Lucario|Lucario-Mega, F\n|-mega|p1a: Lucario|Lucario|Lucarionite\n|move|p1a: Lucario|Ice Punch|p2a: Enamorus\n|-supereffective|p2a: Enamorus\n|-damage|p2a: Enamorus|25\/100\n|move|p2a: Enamorus|Earth Power|p1a: Lucario\n|-supereffective|p1a: Lucario\n|-crit|p1a: Lucario\n|-damage|p1a: Lucario|0 fnt\n|faint|p1a: Lucario\n|\n|upkeep\n|\n|t:|1699153985\n|switch|p1a: Deoxys|Deoxys-Attack|100\/100\n|-ability|p1a: Deoxys|Pressure\n|turn|6\n|\n|t:|1699153988\n|move|p1a: Deoxys|Extreme Speed|p2a: Enamorus\n|-damage|p2a: Enamorus|0 fnt\n|faint|p2a: Enamorus\n|-damage|p1a: Deoxys|91\/100|[from] item: Life Orb\n|\n|upkeep\n|\n|t:|1699153993\n|switch|p2a: Cradily|Cradily, F|100\/100\n|-damage|p2a: Cradily|75\/100|[from] Spikes\n|turn|7\n|\n|t:|1699153999\n|move|p1a: Deoxys|Psychic|p2a: Cradily\n|-damage|p2a: Cradily|33\/100\n|-unboost|p2a: Cradily|spd|1\n|-damage|p1a: Deoxys|81\/100|[from] item: Life Orb\n|move|p2a: Cradily|Leech Seed|p1a: Deoxys|[miss]\n|-miss|p2a: Cradily|p1a: Deoxys\n|\n|-damage|p2a: Cradily|20\/100|[from] item: Black Sludge\n|upkeep\n|turn|8\n|\n|t:|1699154002\n|move|p1a: Deoxys|Psychic|p2a: Cradily\n|-damage|p2a: Cradily|0 fnt\n|faint|p2a: Cradily\n|-damage|p1a: Deoxys|71\/100|[from] item: Life Orb\n|\n|upkeep\n|\n|t:|1699154005\n|switch|p2a: Inteleon|Inteleon, M|100\/100\n|-damage|p2a: Inteleon|76\/100|[from] Spikes\n|turn|9\n|\n|t:|1699154011\n|move|p1a: Deoxys|Thunder|p2a: Inteleon\n|-supereffective|p2a: Inteleon\n|-damage|p2a: Inteleon|0 fnt\n|faint|p2a: Inteleon\n|-damage|p1a: Deoxys|61\/100|[from] item: Life Orb\n|\n|upkeep\n|\n|t:|1699154015\n|switch|p2a: Ribombee|Ribombee, M|100\/100\n|-damage|p2a: Ribombee|76\/100|[from] Spikes\n|turn|10\n|\n|t:|1699154019\n|move|p1a: Deoxys|Extreme Speed|p2a: Ribombee\n|-damage|p2a: Ribombee|5\/100\n|-damage|p1a: Deoxys|51\/100|[from] item: Life Orb\n|move|p2a: Ribombee|Tailwind|p2a: Ribombee\n|-sidestart|p2: Josuecerkil|move: Tailwind\n|\n|upkeep\n|turn|11\n|\n|t:|1699154025\n|move|p1a: Deoxys|Extreme Speed|p2a: Ribombee\n|-damage|p2a: Ribombee|0 fnt\n|faint|p2a: Ribombee\n|-damage|p1a: Deoxys|41\/100|[from] item: Life Orb\n|\n|upkeep\n|\n|t:|1699154032\n|switch|p2a: Zeraora|Zeraora|100\/100\n|-damage|p2a: Zeraora|76\/100|[from] Spikes\n|turn|12\n|\n|t:|1699154040\n|-terastallize|p2a: Zeraora|Water\n|move|p1a: Deoxys|Extreme Speed|p2a: Zeraora\n|-damage|p2a: Zeraora|18\/100\n|-damage|p1a: Deoxys|31\/100|[from] item: Life Orb\n|move|p2a: Zeraora|Electric Terrain|p2a: Zeraora\n|-fieldstart|move: Electric Terrain\n|\n|upkeep\n|turn|13\n|\n|t:|1699154047\n|move|p1a: Deoxys|Extreme Speed|p2a: Zeraora\n|-damage|p2a: Zeraora|0 fnt\n|faint|p2a: Zeraora\n|-damage|p1a: Deoxys|21\/100|[from] item: Life Orb\n|\n|-sideend|p2: Josuecerkil|move: Tailwind\n|upkeep\n|\n|t:|1699154049\n|switch|p2a: Sandaconda|Sandaconda, M, shiny|100\/100\n|-damage|p2a: Sandaconda|75\/100|[from] Spikes\n|turn|14\n|\n|t:|1699154053\n|move|p1a: Deoxys|Psychic|p2a: Sandaconda\n|-damage|p2a: Sandaconda|0 fnt\n|-weather|Sandstorm|[from] ability: Sand Spit|[of] p2a: Sandaconda\n|faint|p2a: Sandaconda\n|-damage|p1a: Deoxys|11\/100|[from] item: Life Orb\n|\n|win|H0ldupboi\n|raw|H0ldupboi's rating: 1160 &rarr; <strong>1181<\/strong><br \/>(+21 for winning)\n|raw|Josuecerkil's rating: 1097 &rarr; <strong>1077<\/strong><br \/>(-20 for losing)\n|l|\u2606Josuecerkil\n","uploadtime":1699154060,"views":9,"p1id":"h0ldupboi","p2id":"josuecerkil","formatid":"gen9nationaldexubers","rating":1077,"private":0,"password":""}