{"id":"gen9nationaldexubers-1980456066","p1":"FireTack GD \/\\\/\\\/\\","p2":"Dogcartcat","format":"[Gen 9] National Dex Ubers","log":"|j|\u2606FireTack GD \/\\\/\\\/\\\n|j|\u2606Dogcartcat\n|t:|1698786589\n|gametype|singles\n|player|p1|FireTack GD \/\\\/\\\/\\|ethan|1318\n|player|p2|Dogcartcat|170|1462\n|teamsize|p1|6\n|teamsize|p2|6\n|gen|9\n|tier|[Gen 9] National Dex Ubers\n|rated|\n|rule|HP Percentage Mod: HP is shown in percentages\n|rule|Endless Battle Clause: Forcing endless battles is banned\n|rule|OHKO Clause: OHKO moves are banned\n|rule|Evasion Moves Clause: Evasion moves are banned\n|rule|Evasion Items Clause: Evasion items are banned\n|rule|Species Clause: Limit one of each Pok\u00e9mon\n|rule|Sleep Clause Mod: Limit one foe put to sleep\n|rule|Mega Rayquaza Clause: You cannot mega evolve Rayquaza\n|clearpoke\n|poke|p1|Zacian-*|\n|poke|p1|Wobbuffet, F|\n|poke|p1|Kartana|\n|poke|p1|Pawmot, M|\n|poke|p1|Groudon|\n|poke|p1|Basculegion, M|\n|poke|p2|Groudon|\n|poke|p2|Zygarde|\n|poke|p2|Eternatus|\n|poke|p2|Magearna|\n|poke|p2|Arceus-Fairy|\n|poke|p2|Yveltal|\n|teampreview\n|inactive|Battle timer is ON: inactive players will automatically lose when time's up. (requested by FireTack GD \/\\\/\\\/\\)\n|\n|t:|1698786603\n|start\n|switch|p1a: Groudon|Groudon|100\/100\n|switch|p2a: Yveltal|Yveltal|100\/100\n|-ability|p2a: Yveltal|Dark Aura\n|detailschange|p1a: Groudon|Groudon-Primal\n|-primal|p1a: Groudon|Red Orb\n|-weather|DesolateLand|[from] ability: Desolate Land|[of] p1a: Groudon\n|turn|1\n|\n|t:|1698786622\n|move|p2a: Yveltal|U-turn|p1a: Groudon\n|-resisted|p1a: Groudon\n|-damage|p1a: Groudon|95\/100\n|\n|t:|1698786626\n|switch|p2a: Zygarde|Zygarde|100\/100|[from] U-turn\n|move|p1a: Groudon|Stone Edge|p2a: Zygarde\n|-resisted|p2a: Zygarde\n|-damage|p2a: Zygarde|85\/100\n|\n|-weather|DesolateLand|[upkeep]\n|-heal|p2a: Zygarde|92\/100|[from] item: Leftovers\n|upkeep\n|turn|2\n|\n|t:|1698786646\n|-weather|none\n|switch|p1a: Zacian|Zacian-Crowned|100\/100\n|-ability|p1a: Zacian|Intrepid Sword|boost\n|-boost|p1a: Zacian|atk|1\n|move|p2a: Zygarde|Dragon Dance|p2a: Zygarde\n|-boost|p2a: Zygarde|atk|1\n|-boost|p2a: Zygarde|spe|1\n|\n|-heal|p2a: Zygarde|98\/100|[from] item: Leftovers\n|upkeep\n|turn|3\n|inactive|Dogcartcat has 120 seconds left.\n|\n|t:|1698786672\n|-terastallize|p2a: Zygarde|Water\n|move|p1a: Zacian|Play Rough|p2a: Zygarde\n|-damage|p2a: Zygarde|48\/100\n|move|p2a: Zygarde|Thousand Arrows|p1a: Zacian\n|-supereffective|p1a: Zacian\n|-damage|p1a: Zacian|16\/100\n|\n|-heal|p2a: Zygarde|54\/100|[from] item: Leftovers\n|upkeep\n|turn|4\n|inactive|Dogcartcat has 120 seconds left.\n|inactive|FireTack GD \/\\\/\\\/\\ has 120 seconds left.\n|\n|t:|1698786702\n|switch|p2a: Groudon|Groudon|100\/100\n|detailschange|p2a: Groudon|Groudon-Primal\n|-primal|p2a: Groudon|Red Orb\n|-weather|DesolateLand|[from] ability: Desolate Land|[of] p2a: Groudon\n|-terastallize|p1a: Zacian|Flying\n|move|p1a: Zacian|Close Combat|p2a: Groudon\n|-damage|p2a: Groudon|48\/100\n|-unboost|p1a: Zacian|def|1\n|-unboost|p1a: Zacian|spd|1\n|\n|-weather|DesolateLand|[upkeep]\n|upkeep\n|turn|5\n|inactive|FireTack GD \/\\\/\\\/\\ has 120 seconds left.\n|inactive|Dogcartcat has 90 seconds left.\n|\n|t:|1698786745\n|move|p1a: Zacian|Close Combat|p2a: Groudon\n|-damage|p2a: Groudon|0 fnt\n|-unboost|p1a: Zacian|def|1\n|-unboost|p1a: Zacian|spd|1\n|faint|p2a: Groudon\n|-weather|none\n|\n|upkeep\n|\n|t:|1698786749\n|switch|p2a: Yveltal|Yveltal|100\/100\n|-ability|p2a: Yveltal|Dark Aura\n|turn|6\n|inactive|Dogcartcat has 90 seconds left.\n|inactive|FireTack GD \/\\\/\\\/\\ has 120 seconds left.\n|\n|t:|1698786764\n|move|p2a: Yveltal|Foul Play|p1a: Zacian\n|-damage|p1a: Zacian|0 fnt\n|faint|p1a: Zacian\n|\n|upkeep\n|inactive|FireTack GD \/\\\/\\\/\\ has 120 seconds left.\n|c|\u2606FireTack GD \/\\\/\\\/\\|!data Foul Play\n|raw|<ul class=\"utilichart\"><li class=\"result\"><span class=\"col movenamecol\"><a href=\"https:\/\/dex.pokemonshowdown.com\/moves\/foulplay\">Foul Play<\/a><\/span> <span class=\"col typecol\"><img src=\"\/\/play.pokemonshowdown.com\/sprites\/types\/Dark.png\" alt=\"Dark\" width=\"32\" height=\"14\"><img src=\"\/\/play.pokemonshowdown.com\/sprites\/categories\/Physical.png\" alt=\"Physical\" width=\"32\" height=\"14\"><\/span> <span class=\"col labelcol\"><em>Power<\/em><br>95<\/span> <span class=\"col widelabelcol\"><em>Accuracy<\/em><br>100%<\/span> <span class=\"col pplabelcol\"><em>PP<\/em><br>24<\/span> <span class=\"col movedesccol\">Uses target's Attack stat in damage calculation.<\/span> <\/li><li style=\"clear:both\"><\/li><\/ul>\n\n|\n|t:|1698786781\n|switch|p1a: Wobbuffet|Wobbuffet, F|100\/100\n|turn|7\n|\n|t:|1698786789\n|move|p2a: Yveltal|Foul Play|p1a: Wobbuffet\n|-supereffective|p1a: Wobbuffet\n|-damage|p1a: Wobbuffet|83\/100\n|move|p1a: Wobbuffet|Counter|p2a: Yveltal\n|-damage|p2a: Yveltal|50\/100\n|\n|upkeep\n|turn|8\n|inactive|FireTack GD \/\\\/\\\/\\ has 120 seconds left.\n|\n|t:|1698786795\n|move|p2a: Yveltal|Foul Play|p1a: Wobbuffet\n|-supereffective|p1a: Wobbuffet\n|-damage|p1a: Wobbuffet|65\/100\n|move|p1a: Wobbuffet|Counter|p2a: Yveltal\n|-damage|p2a: Yveltal|0 fnt\n|faint|p2a: Yveltal\n|\n|upkeep\n|\n|t:|1698786804\n|switch|p2a: Eternatus|Eternatus|100\/100\n|-ability|p2a: Eternatus|Pressure\n|turn|9\n|\n|t:|1698786809\n|move|p2a: Eternatus|Toxic Spikes|p1a: Wobbuffet\n|-sidestart|p1: FireTack GD \/\\\/\\\/\\|move: Toxic Spikes\n|move|p1a: Wobbuffet|Destiny Bond|p1a: Wobbuffet\n|-singlemove|p1a: Wobbuffet|Destiny Bond\n|\n|upkeep\n|turn|10\n|\n|t:|1698786815\n|move|p2a: Eternatus|Toxic Spikes|p1a: Wobbuffet\n|-sidestart|p1: FireTack GD \/\\\/\\\/\\|move: Toxic Spikes\n|move|p1a: Wobbuffet|Encore|p2a: Eternatus\n|-start|p2a: Eternatus|Encore\n|\n|upkeep\n|turn|11\n|\n|t:|1698786833\n|switch|p1a: Groudon|Groudon-Primal|95\/100\n|-status|p1a: Groudon|tox\n|-weather|DesolateLand|[from] ability: Desolate Land|[of] p1a: Groudon\n|move|p2a: Eternatus|Toxic Spikes||[still]\n|-fail|p2a: Eternatus\n|\n|-weather|DesolateLand|[upkeep]\n|-damage|p1a: Groudon|89\/100 tox|[from] psn\n|upkeep\n|turn|12\n|\n|t:|1698786848\n|switch|p2a: Zygarde|Zygarde, tera:Water|54\/100\n|move|p1a: Groudon|Precipice Blades|p2a: Zygarde\n|-damage|p2a: Zygarde|0 fnt\n|faint|p2a: Zygarde\n|\n|-weather|DesolateLand|[upkeep]\n|-damage|p1a: Groudon|77\/100 tox|[from] psn\n|upkeep\n|inactive|Dogcartcat has 120 seconds left.\n|\n|t:|1698786864\n|switch|p2a: Arceus|Arceus-Fairy|100\/100\n|turn|13\n|inactive|Dogcartcat has 120 seconds left.\n|-message|Dogcartcat forfeited.\n|\n|win|FireTack GD \/\\\/\\\/\\\n|raw|FireTack GD &#x2f;\\&#x2f;\\&#x2f;\\'s rating: 1318 &rarr; <strong>1346<\/strong><br \/>(+28 for winning)\n|raw|Dogcartcat's rating: 1462 &rarr; <strong>1434<\/strong><br \/>(-28 for losing)\n|l|\u2606Dogcartcat\n","uploadtime":1698786878,"views":20,"p1id":"firetackgd","p2id":"dogcartcat","formatid":"gen9nationaldexubers","rating":1346,"private":0,"password":""}