{"id":"gen9nationaldexubers-1985804731","p1":"SkechiArt","p2":"Jack0lantern89","format":"[Gen 9] National Dex Ubers","log":"|j|\u2606SkechiArt\n|j|\u2606Jack0lantern89\n|t:|1699407979\n|gametype|singles\n|player|p1|SkechiArt|acetrainerf|\n|player|p2|Jack0lantern89|marshal|\n|teamsize|p1|6\n|teamsize|p2|6\n|gen|9\n|tier|[Gen 9] National Dex Ubers\n|rule|HP Percentage Mod: HP is shown in percentages\n|rule|Endless Battle Clause: Forcing endless battles is banned\n|rule|OHKO Clause: OHKO moves are banned\n|rule|Evasion Moves Clause: Evasion moves are banned\n|rule|Evasion Items Clause: Evasion items are banned\n|rule|Species Clause: Limit one of each Pok\u00e9mon\n|rule|Sleep Clause Mod: Limit one foe put to sleep\n|rule|Mega Rayquaza Clause: You cannot mega evolve Rayquaza\n|clearpoke\n|poke|p1|Tapu Koko|\n|poke|p1|Raichu-Alola, F|\n|poke|p1|Typhlosion-Hisui, M|\n|poke|p1|Iron Treads|\n|poke|p1|Hawlucha, M|\n|poke|p1|Beedrill, F|\n|poke|p2|Iron Valiant|\n|poke|p2|Iron Hands|\n|poke|p2|Great Tusk|\n|poke|p2|Gallade, M|\n|poke|p2|Cobalion|\n|poke|p2|Urshifu-*, F|\n|teampreview\n|c|\u2606Jack0lantern89|whats cap\n|c|\u2606Jack0lantern89|of tera\n|c|\u2606SkechiArt|tera flying hawlucha\n|\n|t:|1699407996\n|start\n|switch|p1a: Kooking|Tapu Koko|100\/100\n|switch|p2a: SPECS B*TCH|Iron Valiant|100\/100\n|-fieldstart|move: Electric Terrain|[from] ability: Electric Surge|[of] p1a: Kooking\n|-activate|p2a: SPECS B*TCH|ability: Quark Drive\n|-start|p2a: SPECS B*TCH|quarkdrivespe\n|turn|1\n|\n|t:|1699408006\n|move|p2a: SPECS B*TCH|Aura Sphere|p1a: Kooking\n|-resisted|p1a: Kooking\n|-damage|p1a: Kooking|54\/100\n|-zpower|p1a: Kooking\n|move|p1a: Kooking|Twinkle Tackle|p2a: SPECS B*TCH|[zeffect]\n|-supereffective|p2a: SPECS B*TCH\n|-damage|p2a: SPECS B*TCH|0 fnt\n|faint|p2a: SPECS B*TCH\n|-end|p2a: SPECS B*TCH|Quark Drive|[silent]\n|\n|upkeep\n|c|\u2606Jack0lantern89|hehe\n|c|\u2606Jack0lantern89|frick\n|c|\u2606Jack0lantern89|were u not\n|c|\u2606Jack0lantern89|scared of the ohko?\n|c|\u2606SkechiArt|nah\n|c|\u2606SkechiArt|i aint no bitch\n|\n|t:|1699408060\n|switch|p2a: Cobalion|Cobalion|100\/100\n|turn|2\n|\n|t:|1699408067\n|move|p1a: Kooking|Discharge|p2a: Cobalion\n|-damage|p2a: Cobalion|50\/100\n|-status|p2a: Cobalion|par\n|move|p2a: Cobalion|Stealth Rock|p1a: Kooking\n|-sidestart|p1: SkechiArt|move: Stealth Rock\n|\n|-heal|p2a: Cobalion|57\/100 par|[from] item: Leftovers\n|upkeep\n|turn|3\n|\n|t:|1699408074\n|switch|p2a: Brian Hands|Iron Hands|100\/100\n|-activate|p2a: Brian Hands|ability: Quark Drive\n|-start|p2a: Brian Hands|quarkdriveatk\n|move|p1a: Kooking|Discharge|p2a: Brian Hands\n|-resisted|p2a: Brian Hands\n|-damage|p2a: Brian Hands|91\/100\n|\n|upkeep\n|turn|4\n|\n|t:|1699408079\n|move|p1a: Kooking|Dazzling Gleam|p2a: Brian Hands\n|-supereffective|p2a: Brian Hands\n|-damage|p2a: Brian Hands|65\/100\n|move|p2a: Brian Hands|Heavy Slam|p1a: Kooking\n|-damage|p1a: Kooking|0 fnt\n|faint|p1a: Kooking\n|\n|upkeep\n|\n|t:|1699408085\n|switch|p1a: Treading|Iron Treads|100\/100\n|-damage|p1a: Treading|97\/100|[from] Stealth Rock\n|-activate|p1a: Treading|ability: Quark Drive\n|-start|p1a: Treading|quarkdrivespe\n|turn|5\n|\n|t:|1699408130\n|-end|p1a: Treading|Quark Drive|[silent]\n|switch|p1a: Chaping|Hawlucha, M|100\/100\n|-damage|p1a: Chaping|88\/100|[from] Stealth Rock\n|-enditem|p1a: Chaping|Electric Seed\n|-boost|p1a: Chaping|def|1|[from] item: Electric Seed\n|-end|p2a: Brian Hands|Quark Drive|[silent]\n|switch|p2a: >lando|Great Tusk|100\/100\n|\n|-fieldend|move: Electric Terrain\n|upkeep\n|turn|6\n|\n|t:|1699408143\n|-terastallize|p1a: Chaping|Flying\n|move|p1a: Chaping|Trailblaze|p2a: >lando\n|-supereffective|p2a: >lando\n|-damage|p2a: >lando|86\/100\n|-boost|p1a: Chaping|spe|1\n|move|p2a: >lando|Rapid Spin|p1a: Chaping\n|-damage|p1a: Chaping|74\/100\n|-boost|p2a: >lando|spe|1\n|\n|-heal|p2a: >lando|92\/100|[from] item: Leftovers\n|upkeep\n|turn|7\n|\n|t:|1699408154\n|move|p1a: Chaping|Drain Punch|p2a: >lando\n|-crit|p2a: >lando\n|-damage|p2a: >lando|67\/100\n|-heal|p1a: Chaping|93\/100|[from] drain|[of] p2a: >lando\n|move|p2a: >lando|Rapid Spin|p1a: Chaping\n|-damage|p1a: Chaping|78\/100\n|-boost|p2a: >lando|spe|1\n|\n|-heal|p2a: >lando|74\/100|[from] item: Leftovers\n|upkeep\n|turn|8\n|\n|t:|1699408160\n|move|p1a: Chaping|Acrobatics|p2a: >lando\n|-supereffective|p2a: >lando\n|-crit|p2a: >lando\n|-damage|p2a: >lando|0 fnt\n|faint|p2a: >lando\n|-end|p2a: >lando|Protosynthesis|[silent]\n|\n|upkeep\n|c|\u2606SkechiArt|oh\n|c|\u2606SkechiArt|you dont have\n|c|\u2606SkechiArt|sneasler\n|c|\u2606Jack0lantern89|lmao\n|\n|t:|1699408185\n|switch|p2a: Brian Hands|Iron Hands|65\/100\n|turn|9\n|\n|t:|1699408195\n|-terastallize|p2a: Brian Hands|Electric\n|move|p1a: Chaping|Zen Headbutt|p2a: Brian Hands\n|-damage|p2a: Brian Hands|50\/100\n|move|p2a: Brian Hands|Wild Charge|p1a: Chaping\n|-supereffective|p1a: Chaping\n|-damage|p1a: Chaping|0 fnt\n|faint|p1a: Chaping\n|-damage|p2a: Brian Hands|39\/100|[from] Recoil\n|\n|upkeep\n|j| Astro Rifk\n|\n|t:|1699408201\n|switch|p1a: Treading|Iron Treads|97\/100\n|-damage|p1a: Treading|94\/100|[from] Stealth Rock\n|turn|10\n|\n|t:|1699408206\n|-end|p2a: Brian Hands|Quark Drive|[silent]\n|switch|p2a: Cobalion|Cobalion|57\/100 par\n|move|p1a: Treading|Earthquake|p2a: Cobalion\n|-supereffective|p2a: Cobalion\n|-damage|p2a: Cobalion|0 fnt\n|faint|p2a: Cobalion\n|\n|upkeep\n|\n|t:|1699408208\n|switch|p2a: Rifk's favourite|Gallade, M|100\/100\n|turn|11\n|\n|t:|1699408211\n|detailschange|p2a: Rifk's favourite|Gallade-Mega, M\n|-mega|p2a: Rifk's favourite|Gallade|Galladite\n|move|p2a: Rifk's favourite|Close Combat|p1a: Treading\n|-supereffective|p1a: Treading\n|-damage|p1a: Treading|0 fnt\n|-unboost|p2a: Rifk's favourite|def|1\n|-unboost|p2a: Rifk's favourite|spd|1\n|faint|p1a: Treading\n|-end|p1a: Treading|Quark Drive|[silent]\n|\n|upkeep\n|\n|t:|1699408218\n|switch|p1a: Siphonin|Typhlosion-Hisui, M|100\/100\n|-damage|p1a: Siphonin|76\/100|[from] Stealth Rock\n|turn|12\n|c| Astro Rifk|krilling you\n|c| Astro Rifk|w\n|c| Astro Rifk|hammers\n|\n|t:|1699408225\n|switch|p2a: Urshifu|Urshifu-Rapid-Strike, F|100\/100\n|move|p1a: Siphonin|Eruption|p2a: Urshifu\n|-resisted|p2a: Urshifu\n|-damage|p2a: Urshifu|58\/100\n|\n|upkeep\n|turn|13\n|\n|t:|1699408230\n|switch|p1a: Drilling|Beedrill, F, shiny|100\/100\n|-damage|p1a: Drilling|76\/100|[from] Stealth Rock\n|move|p2a: Urshifu|Aqua Jet|p1a: Drilling\n|-damage|p1a: Drilling|0 fnt\n|faint|p1a: Drilling\n|\n|upkeep\n|\n|t:|1699408238\n|switch|p1a: Chuin|Raichu-Alola, F|100\/100\n|-damage|p1a: Chuin|88\/100|[from] Stealth Rock\n|turn|14\n|\n|t:|1699408244\n|move|p2a: Urshifu|Aqua Jet|p1a: Chuin\n|-damage|p1a: Chuin|13\/100\n|move|p1a: Chuin|Draining Kiss|p2a: Urshifu\n|-supereffective|p2a: Urshifu\n|-damage|p2a: Urshifu|5\/100\n|-heal|p1a: Chuin|66\/100|[from] drain|[of] p2a: Urshifu\n|-damage|p1a: Chuin|56\/100|[from] item: Life Orb\n|\n|upkeep\n|turn|15\n|c|\u2606SkechiArt|no way\n|\n|t:|1699408258\n|move|p2a: Urshifu|Aqua Jet|p1a: Chuin\n|-damage|p1a: Chuin|0 fnt\n|faint|p1a: Chuin\n|\n|upkeep\n|\n|t:|1699408260\n|switch|p1a: Siphonin|Typhlosion-Hisui, M|76\/100\n|-damage|p1a: Siphonin|51\/100|[from] Stealth Rock\n|turn|16\n|c|\u2606SkechiArt|I LOSE TO A ROLL\n|c|\u2606SkechiArt|STG\n|c|\u2606SkechiArt|IM GONNA FIGHT A GOD OR SMT\n|c|\u2606Jack0lantern89|did u lose a roll?\n|c|\u2606SkechiArt|yeah\n|c|\u2606Jack0lantern89|and i still think i won after\n|c|\u2606Jack0lantern89|like\n|c|\u2606SkechiArt|drainkiss had to low roll to not kill\n|c| Astro Rifk|meh didnt effect much\n|c| Astro Rifk|show the calc\n|c|\u2606Jack0lantern89|gallade can beat rachi\n|c|\u2606Jack0lantern89|and hands beats typhlosion\n|\n|t:|1699408320\n|move|p2a: Urshifu|Aqua Jet|p1a: Siphonin\n|-supereffective|p1a: Siphonin\n|-damage|p1a: Siphonin|0 fnt\n|faint|p1a: Siphonin\n|\n|win|Jack0lantern89\n|c|\u2606SkechiArt|extrasensory go br\n","uploadtime":1699408324,"views":6,"p1id":"skechiart","p2id":"jack0lantern89","formatid":"gen9nationaldexubers","rating":0,"private":0,"password":""}