{"id":"gen9nationaldexubers-2000300201","p1":"DarkYoshi6","p2":"munkidorithemovie","format":"[Gen 9] National Dex Ubers","log":"|j|\u2606DarkYoshi6\n|j|\u2606munkidorithemovie\n|t:|1701182782\n|gametype|singles\n|player|p1|DarkYoshi6|cynthia-gen4|1150\n|player|p2|munkidorithemovie|kieran|1232\n|teamsize|p1|6\n|teamsize|p2|6\n|gen|9\n|tier|[Gen 9] National Dex Ubers\n|rated|\n|rule|HP Percentage Mod: HP is shown in percentages\n|rule|Endless Battle Clause: Forcing endless battles is banned\n|rule|OHKO Clause: OHKO moves are banned\n|rule|Evasion Moves Clause: Evasion moves are banned\n|rule|Evasion Items Clause: Evasion items are banned\n|rule|Species Clause: Limit one of each Pok\u00e9mon\n|rule|Sleep Clause Mod: Limit one foe put to sleep\n|rule|Mega Rayquaza Clause: You cannot mega evolve Rayquaza\n|clearpoke\n|poke|p1|Necrozma-Dusk-Mane|\n|poke|p1|Blaziken, M|\n|poke|p1|Rayquaza|\n|poke|p1|Zygarde|\n|poke|p1|Kyogre|\n|poke|p1|Meowscarada, F|\n|poke|p2|Squawkabilly-Yellow, M|\n|poke|p2|Marshadow|\n|poke|p2|Munkidori, M|\n|poke|p2|Arceus-Fighting|\n|poke|p2|Fezandipiti, M|\n|poke|p2|Landorus-Therian, M|\n|teampreview\n|inactive|Battle timer is ON: inactive players will automatically lose when time's up. (requested by munkidorithemovie)\n|inactive|DarkYoshi6 also wants the timer to be on.\n|\n|t:|1701182791\n|start\n|switch|p1a: Blaziken|Blaziken, M|100\/100\n|switch|p2a: chili peppah|Arceus-Fighting, shiny|100\/100\n|turn|1\n|\n|t:|1701182805\n|detailschange|p1a: Blaziken|Blaziken-Mega, M\n|-mega|p1a: Blaziken|Blaziken|Blazikenite\n|move|p2a: chili peppah|Cosmic Power|p2a: chili peppah\n|-boost|p2a: chili peppah|def|1\n|-boost|p2a: chili peppah|spd|1\n|move|p1a: Blaziken|Blaze Kick|p2a: chili peppah\n|-damage|p2a: chili peppah|74\/100\n|\n|-ability|p1a: Blaziken|Speed Boost|boost\n|-boost|p1a: Blaziken|spe|1\n|upkeep\n|turn|2\n|\n|t:|1701182822\n|move|p1a: Blaziken|Blaze Kick|p2a: chili peppah\n|-damage|p2a: chili peppah|48\/100\n|move|p2a: chili peppah|Cosmic Power|p2a: chili peppah\n|-boost|p2a: chili peppah|def|1\n|-boost|p2a: chili peppah|spd|1\n|\n|-ability|p1a: Blaziken|Speed Boost|boost\n|-boost|p1a: Blaziken|spe|1\n|upkeep\n|turn|3\n|\n|t:|1701182831\n|move|p1a: Blaziken|Blaze Kick|p2a: chili peppah\n|-damage|p2a: chili peppah|29\/100\n|move|p2a: chili peppah|Recover|p2a: chili peppah\n|-heal|p2a: chili peppah|79\/100\n|\n|-ability|p1a: Blaziken|Speed Boost|boost\n|-boost|p1a: Blaziken|spe|1\n|upkeep\n|turn|4\n|\n|t:|1701182842\n|move|p1a: Blaziken|Blaze Kick|p2a: chili peppah|[miss]\n|-miss|p1a: Blaziken|p2a: chili peppah\n|move|p2a: chili peppah|Cosmic Power|p2a: chili peppah\n|-boost|p2a: chili peppah|def|1\n|-boost|p2a: chili peppah|spd|1\n|\n|-ability|p1a: Blaziken|Speed Boost|boost\n|-boost|p1a: Blaziken|spe|1\n|upkeep\n|turn|5\n|\n|t:|1701182850\n|move|p1a: Blaziken|Close Combat|p2a: chili peppah\n|-damage|p2a: chili peppah|59\/100\n|-unboost|p1a: Blaziken|def|1\n|-unboost|p1a: Blaziken|spd|1\n|move|p2a: chili peppah|Cosmic Power|p2a: chili peppah\n|-boost|p2a: chili peppah|def|1\n|-boost|p2a: chili peppah|spd|1\n|\n|-ability|p1a: Blaziken|Speed Boost|boost\n|-boost|p1a: Blaziken|spe|1\n|upkeep\n|turn|6\n|c|\u2606munkidorithemovie|gamer protip: blaziken is the hairiest of ass cheeks\n|c|\u2606munkidorithemovie|use groudon like a man\n|\n|t:|1701182869\n|switch|p1a: Necrozma|Necrozma-Dusk-Mane|100\/100\n|move|p2a: chili peppah|Cosmic Power|p2a: chili peppah\n|-boost|p2a: chili peppah|def|1\n|-boost|p2a: chili peppah|spd|1\n|\n|upkeep\n|turn|7\n|\n|t:|1701182872\n|detailschange|p1a: Necrozma|Necrozma-Ultra\n|-burst|p1a: Necrozma|Necrozma|Ultranecrozium Z\n|move|p2a: chili peppah|Recover|p2a: chili peppah\n|-heal|p2a: chili peppah|100\/100\n|move|p1a: Necrozma|Photon Geyser|p2a: chili peppah\n|-supereffective|p2a: chili peppah\n|-damage|p2a: chili peppah|68\/100\n|\n|upkeep\n|turn|8\n|\n|t:|1701182882\n|move|p2a: chili peppah|Recover|p2a: chili peppah\n|-heal|p2a: chili peppah|100\/100\n|-zpower|p1a: Necrozma\n|move|p1a: Necrozma|Light That Burns the Sky|p2a: chili peppah|[zeffect]\n|-supereffective|p2a: chili peppah\n|-damage|p2a: chili peppah|39\/100\n|\n|upkeep\n|turn|9\n|\n|t:|1701182892\n|move|p2a: chili peppah|Cosmic Power|p2a: chili peppah\n|-boost|p2a: chili peppah|def|1\n|-boost|p2a: chili peppah|spd|1\n|move|p1a: Necrozma|Photon Geyser|p2a: chili peppah\n|-supereffective|p2a: chili peppah\n|-damage|p2a: chili peppah|8\/100\n|\n|upkeep\n|turn|10\n|\n|t:|1701182900\n|move|p2a: chili peppah|Recover|p2a: chili peppah\n|-heal|p2a: chili peppah|58\/100\n|move|p1a: Necrozma|Photon Geyser|p2a: chili peppah\n|-supereffective|p2a: chili peppah\n|-damage|p2a: chili peppah|28\/100\n|\n|upkeep\n|turn|11\n|c|\u2606DarkYoshi6|-_-\n|\n|t:|1701182911\n|-terastallize|p2a: chili peppah|Steel\n|move|p2a: chili peppah|Recover|p2a: chili peppah\n|-heal|p2a: chili peppah|78\/100\n|move|p1a: Necrozma|Photon Geyser|p2a: chili peppah\n|-resisted|p2a: chili peppah\n|-damage|p2a: chili peppah|72\/100\n|\n|upkeep\n|turn|12\n|\n|t:|1701182916\n|move|p2a: chili peppah|Body Press|p1a: Necrozma\n|-resisted|p1a: Necrozma\n|-damage|p1a: Necrozma|21\/100\n|move|p1a: Necrozma|Earthquake|p2a: chili peppah\n|-supereffective|p2a: chili peppah\n|-damage|p2a: chili peppah|53\/100\n|\n|upkeep\n|turn|13\n|\n|t:|1701182922\n|move|p2a: chili peppah|Recover|p2a: chili peppah\n|-heal|p2a: chili peppah|100\/100\n|move|p1a: Necrozma|Earthquake|p2a: chili peppah\n|-supereffective|p2a: chili peppah\n|-damage|p2a: chili peppah|81\/100\n|\n|upkeep\n|turn|14\n|\n|t:|1701182927\n|move|p2a: chili peppah|Body Press|p1a: Necrozma\n|-resisted|p1a: Necrozma\n|-damage|p1a: Necrozma|0 fnt\n|faint|p1a: Necrozma\n|\n|upkeep\n|\n|t:|1701182931\n|switch|p1a: Blaziken|Blaziken-Mega, M|100\/100\n|turn|15\n|\n|t:|1701182937\n|move|p2a: chili peppah|Stored Power|p1a: Blaziken\n|-supereffective|p1a: Blaziken\n|-damage|p1a: Blaziken|0 fnt\n|faint|p1a: Blaziken\n|\n|upkeep\n|c|\u2606DarkYoshi6|What is this cringe ass cheese strat\n|\n|t:|1701182955\n|switch|p1a: Kyogre|Kyogre, shiny|100\/100\n|detailschange|p1a: Kyogre|Kyogre-Primal, shiny\n|-primal|p1a: Kyogre|Blue Orb\n|-weather|PrimordialSea|[from] ability: Primordial Sea|[of] p1a: Kyogre\n|turn|16\n|\n|t:|1701182967\n|move|p2a: chili peppah|Body Press|p1a: Kyogre\n|-damage|p1a: Kyogre|0 fnt\n|faint|p1a: Kyogre\n|-weather|none\n|\n|upkeep\n|\n|t:|1701182971\n|switch|p1a: Weed Cat|Meowscarada, F|100\/100\n|turn|17\n|c|\u2606munkidorithemovie|make a real team next time and maybe you'll beat it\n|c|\u2606munkidorithemovie|idk man\n|\n|t:|1701182978\n|move|p1a: Weed Cat|Sucker Punch|p2a: chili peppah\n|-start|p1a: Weed Cat|typechange|Dark|[from] ability: Protean\n|-damage|p2a: chili peppah|72\/100\n|move|p2a: chili peppah|Body Press|p1a: Weed Cat\n|-supereffective|p1a: Weed Cat\n|-damage|p1a: Weed Cat|0 fnt\n|faint|p1a: Weed Cat\n|\n|upkeep\n|c|\u2606DarkYoshi6|Maybe just dont be some cringe ass weirdo who uses shit like this to win\n|inactive|DarkYoshi6 has 120 seconds left.\n|\n|t:|1701183010\n|switch|p1a: Rayquaza|Rayquaza, shiny|100\/100\n|-ability|p1a: Rayquaza|Air Lock\n|turn|18\n|c|\u2606munkidorithemovie|you want me to win w something else?\n|c|\u2606munkidorithemovie|deal\n|\n|t:|1701183024\n|switch|p2a: Landon Rus|Landorus-Therian, M|100\/100\n|-ability|p2a: Landon Rus|Intimidate|boost\n|-unboost|p1a: Rayquaza|atk|1\n|move|p1a: Rayquaza|Earthquake|p2a: Landon Rus\n|-immune|p2a: Landon Rus\n|\n|upkeep\n|turn|19\n|c|\u2606DarkYoshi6|If you do then fair play, I admit\n|inactive|DarkYoshi6 has 120 seconds left.\n|c|\u2606DarkYoshi6|If not then you are hella cheese\n|\n|t:|1701183053\n|move|p1a: Rayquaza|Extreme Speed|p2a: Landon Rus\n|-damage|p2a: Landon Rus|80\/100\n|-damage|p1a: Rayquaza|84\/100|[from] item: Rocky Helmet|[of] p2a: Landon Rus\n|move|p2a: Landon Rus|U-turn|p1a: Rayquaza\n|-resisted|p1a: Rayquaza\n|-damage|p1a: Rayquaza|71\/100\n|\n|t:|1701183058\n|switch|p2a: big marshathan|Marshadow|100\/100|[from] U-turn\n|\n|-heal|p1a: Rayquaza|77\/100|[from] item: Leftovers\n|upkeep\n|turn|20\n|inactive|DarkYoshi6 has 120 seconds left.\n|\n|t:|1701183067\n|move|p2a: big marshathan|Hidden Power|p1a: Rayquaza\n|-supereffective|p1a: Rayquaza\n|-damage|p1a: Rayquaza|0 fnt\n|faint|p1a: Rayquaza\n|-damage|p2a: big marshathan|91\/100|[from] item: Life Orb\n|\n|upkeep\n|\n|t:|1701183070\n|switch|p1a: Zygarde|Zygarde|100\/100\n|turn|21\n|\n|t:|1701183076\n|-terastallize|p1a: Zygarde|Ice\n|move|p2a: big marshathan|Calm Mind|p2a: big marshathan\n|-boost|p2a: big marshathan|spa|1\n|-boost|p2a: big marshathan|spd|1\n|move|p1a: Zygarde|Thousand Arrows|p2a: big marshathan\n|-damage|p2a: big marshathan|38\/100\n|\n|upkeep\n|turn|22\n|\n|t:|1701183087\n|move|p2a: big marshathan|Focus Blast|p1a: Zygarde\n|-supereffective|p1a: Zygarde\n|-damage|p1a: Zygarde|0 fnt\n|faint|p1a: Zygarde\n|-damage|p2a: big marshathan|28\/100|[from] item: Life Orb\n|\n|win|munkidorithemovie\n|raw|DarkYoshi6's rating: 1150 &rarr; <strong>1131<\/strong><br \/>(-19 for losing)\n|raw|munkidorithemovie's rating: 1232 &rarr; <strong>1251<\/strong><br \/>(+19 for winning)\n|c|\u2606munkidorithemovie|there you go\n|c|\u2606munkidorithemovie|gg\n|c|\u2606DarkYoshi6|Cringe lol\n|l|\u2606DarkYoshi6\n|c|\u2606munkidorithemovie|LOL\n|c|\u2606munkidorithemovie|??\n","uploadtime":1701183110,"views":2,"p1id":"darkyoshi6","p2id":"munkidorithemovie","formatid":"gen9nationaldexubers","rating":1131,"private":0,"password":""}