{"id":"gen9nationaldexubers-1978948040","p1":"Spade_Baka","p2":"Ace_baka","format":"[Gen 9] National Dex Ubers","log":"|j|\u2606Spade_Baka\n|j|\u2606Ace_baka\n|t:|1698613469\n|gametype|singles\n|player|p1|Spade_Baka|1|\n|player|p2|Ace_baka|102|\n|teamsize|p1|6\n|teamsize|p2|6\n|gen|9\n|tier|[Gen 9] National Dex Ubers\n|rule|HP Percentage Mod: HP is shown in percentages\n|rule|Endless Battle Clause: Forcing endless battles is banned\n|rule|OHKO Clause: OHKO moves are banned\n|rule|Evasion Moves Clause: Evasion moves are banned\n|rule|Evasion Items Clause: Evasion items are banned\n|rule|Species Clause: Limit one of each Pok\u00e9mon\n|rule|Sleep Clause Mod: Limit one foe put to sleep\n|rule|Mega Rayquaza Clause: You cannot mega evolve Rayquaza\n|clearpoke\n|poke|p1|Hoopa-Unbound, L57|\n|poke|p1|Volcanion, L60|\n|poke|p1|Sandslash-Alola, L55, M|\n|poke|p1|Magearna, L51|\n|poke|p1|Flygon, L59, M|\n|poke|p1|Sceptile, L52, F|\n|poke|p2|Blaziken, L51, F|\n|poke|p2|Giratina-Origin, L56|\n|poke|p2|Empoleon, L56, F|\n|poke|p2|Xerneas-*, L56|\n|poke|p2|Sandaconda, L63, F|\n|poke|p2|Toxtricity, L63, F|\n|teampreview\n|\n|t:|1698613478\n|start\n|switch|p1a: Sceptile|Sceptile, L52, F|100\/100\n|switch|p2a: Blaziken|Blaziken, L51, F|100\/100\n|turn|1\n|\n|t:|1698613520\n|switch|p1a: Volcanion|Volcanion, L60|100\/100\n|detailschange|p2a: Blaziken|Blaziken-Mega, L51, F\n|-mega|p2a: Blaziken|Blaziken|Blazikenite\n|move|p2a: Blaziken|Blaze Kick|p1a: Volcanion\n|-resisted|p1a: Volcanion\n|-damage|p1a: Volcanion|94\/100\n|\n|-ability|p2a: Blaziken|Speed Boost|boost\n|-boost|p2a: Blaziken|spe|1\n|upkeep\n|turn|2\n|\n|t:|1698613533\n|switch|p2a: Empoleon|Empoleon, L56, F|100\/100\n|move|p1a: Volcanion|Steam Eruption|p2a: Empoleon\n|-resisted|p2a: Empoleon\n|-damage|p2a: Empoleon|66\/100\n|\n|-heal|p2a: Empoleon|72\/100|[from] item: Leftovers\n|upkeep\n|turn|3\n|\n|t:|1698613547\n|move|p1a: Volcanion|Steam Eruption|p2a: Empoleon\n|-resisted|p2a: Empoleon\n|-damage|p2a: Empoleon|35\/100\n|move|p2a: Empoleon|Drill Peck|p1a: Volcanion\n|-damage|p1a: Volcanion|79\/100\n|\n|-heal|p2a: Empoleon|41\/100|[from] item: Leftovers\n|upkeep\n|turn|4\n|\n|t:|1698613555\n|move|p1a: Volcanion|Steam Eruption|p2a: Empoleon\n|-resisted|p2a: Empoleon\n|-damage|p2a: Empoleon|7\/100\n|move|p2a: Empoleon|Drill Peck|p1a: Volcanion\n|-damage|p1a: Volcanion|64\/100\n|\n|-heal|p2a: Empoleon|13\/100|[from] item: Leftovers\n|upkeep\n|turn|5\n|\n|t:|1698613563\n|move|p1a: Volcanion|Steam Eruption|p2a: Empoleon\n|-resisted|p2a: Empoleon\n|-damage|p2a: Empoleon|0 fnt\n|faint|p2a: Empoleon\n|\n|upkeep\n|\n|t:|1698613576\n|switch|p2a: Toxtricity|Toxtricity, L63, F|100\/100\n|-item|p2a: Toxtricity|Air Balloon\n|turn|6\n|\n|t:|1698613585\n|move|p2a: Toxtricity|Shift Gear|p2a: Toxtricity\n|-boost|p2a: Toxtricity|spe|2\n|-boost|p2a: Toxtricity|atk|1\n|move|p1a: Volcanion|Steam Eruption|p2a: Toxtricity\n|-damage|p2a: Toxtricity|28\/100\n|-status|p2a: Toxtricity|brn\n|-enditem|p2a: Toxtricity|Air Balloon\n|\n|-damage|p2a: Toxtricity|22\/100 brn|[from] brn\n|upkeep\n|turn|7\n|\n|t:|1698613597\n|switch|p1a: Flygon|Flygon, L59, M|100\/100\n|move|p2a: Toxtricity|Boomburst|p1a: Flygon\n|-damage|p1a: Flygon|30\/100\n|\n|-damage|p2a: Toxtricity|17\/100 brn|[from] brn\n|upkeep\n|turn|8\n|\n|t:|1698613614\n|move|p2a: Toxtricity|Boomburst|p1a: Flygon\n|-damage|p1a: Flygon|0 fnt\n|faint|p1a: Flygon\n|\n|-damage|p2a: Toxtricity|11\/100 brn|[from] brn\n|upkeep\n|\n|t:|1698613622\n|switch|p1a: Sceptile|Sceptile, L52, F|100\/100\n|turn|9\n|\n|t:|1698613629\n|move|p1a: Sceptile|Quick Attack|p2a: Toxtricity\n|-damage|p2a: Toxtricity|0 fnt\n|faint|p2a: Toxtricity\n|\n|upkeep\n|\n|t:|1698613635\n|switch|p2a: Blaziken|Blaziken-Mega, L51, F|100\/100\n|turn|10\n|\n|t:|1698613643\n|switch|p1a: Volcanion|Volcanion, L60|64\/100\n|move|p2a: Blaziken|Blaze Kick|p1a: Volcanion\n|-resisted|p1a: Volcanion\n|-damage|p1a: Volcanion|57\/100\n|\n|-ability|p2a: Blaziken|Speed Boost|boost\n|-boost|p2a: Blaziken|spe|1\n|upkeep\n|turn|11\n|\n|t:|1698613669\n|switch|p2a: Giratina|Giratina-Origin, L56|100\/100\n|move|p1a: Volcanion|Steam Eruption|p2a: Giratina\n|-resisted|p2a: Giratina\n|-damage|p2a: Giratina|71\/100\n|\n|upkeep\n|turn|12\n|\n|t:|1698613685\n|move|p2a: Giratina|Shadow Force||[still]\n|-prepare|p2a: Giratina|Shadow Force\n|move|p1a: Volcanion|Steam Eruption|p2a: Giratina|[miss]\n|-miss|p1a: Volcanion|p2a: Giratina\n|\n|upkeep\n|turn|13\n|\n|t:|1698613703\n|switch|p1a: Hoopa|Hoopa-Unbound, L57|100\/100\n|move|p2a: Giratina|Shadow Force|p1a: Hoopa|[from]lockedmove\n|-damage|p1a: Hoopa|21\/100\n|\n|upkeep\n|turn|14\n|\n|t:|1698613711\n|move|p1a: Hoopa|Shadow Ball|p2a: Giratina\n|-supereffective|p2a: Giratina\n|-damage|p2a: Giratina|20\/100\n|move|p2a: Giratina|Shadow Force||[still]\n|-prepare|p2a: Giratina|Shadow Force\n|\n|upkeep\n|turn|15\n|\n|t:|1698613717\n|move|p1a: Hoopa|Destiny Bond|p1a: Hoopa\n|-singlemove|p1a: Hoopa|Destiny Bond\n|move|p2a: Giratina|Shadow Force|p1a: Hoopa|[from]lockedmove\n|-damage|p1a: Hoopa|0 fnt\n|faint|p1a: Hoopa\n|-activate|p1a: Hoopa|move: Destiny Bond\n|faint|p2a: Giratina\n|\n|upkeep\n|\n|t:|1698613729\n|switch|p1a: Volcanion|Volcanion, L60|57\/100\n|switch|p2a: Sandaconda|Sandaconda, L63, F|100\/100\n|turn|16\n|\n|t:|1698613739\n|move|p2a: Sandaconda|Slam|p1a: Volcanion\n|-damage|p1a: Volcanion|40\/100\n|move|p1a: Volcanion|Steam Eruption|p2a: Sandaconda\n|-supereffective|p2a: Sandaconda\n|-enditem|p2a: Sandaconda|Passho Berry|[eat]\n|-enditem|p2a: Sandaconda|Passho Berry|[weaken]\n|-damage|p2a: Sandaconda|27\/100\n|-weather|Sandstorm|[from] ability: Sand Spit|[of] p2a: Sandaconda\n|\n|-weather|Sandstorm|[upkeep]\n|-damage|p1a: Volcanion|34\/100|[from] Sandstorm\n|upkeep\n|turn|17\n|\n|t:|1698613754\n|move|p2a: Sandaconda|Slam|p1a: Volcanion\n|-damage|p1a: Volcanion|16\/100\n|move|p1a: Volcanion|Stomp|p2a: Sandaconda\n|-damage|p2a: Sandaconda|12\/100\n|\n|-weather|Sandstorm|[upkeep]\n|-damage|p1a: Volcanion|10\/100|[from] Sandstorm\n|upkeep\n|turn|18\n|\n|t:|1698613768\n|move|p2a: Sandaconda|Slam|p1a: Volcanion|[miss]\n|-miss|p2a: Sandaconda|p1a: Volcanion\n|move|p1a: Volcanion|Stomp|p2a: Sandaconda\n|-damage|p2a: Sandaconda|0 fnt\n|faint|p2a: Sandaconda\n|\n|-weather|Sandstorm|[upkeep]\n|-damage|p1a: Volcanion|4\/100|[from] Sandstorm\n|upkeep\n|\n|t:|1698613781\n|switch|p2a: Blaziken|Blaziken-Mega, L51, F|100\/100\n|turn|19\n|\n|t:|1698613791\n|move|p2a: Blaziken|Blaze Kick|p1a: Volcanion\n|-resisted|p1a: Volcanion\n|-damage|p1a: Volcanion|0 fnt\n|faint|p1a: Volcanion\n|\n|-weather|Sandstorm|[upkeep]\n|-damage|p2a: Blaziken|95\/100|[from] Sandstorm\n|-ability|p2a: Blaziken|Speed Boost|boost\n|-boost|p2a: Blaziken|spe|1\n|upkeep\n|\n|t:|1698613801\n|switch|p1a: Magearna|Magearna, L51|100\/100\n|turn|20\n|\n|t:|1698613811\n|move|p2a: Blaziken|Blaze Kick|p1a: Magearna\n|-supereffective|p1a: Magearna\n|-damage|p1a: Magearna|31\/100\n|-status|p1a: Magearna|brn\n|move|p1a: Magearna|Dazzling Gleam|p2a: Blaziken\n|-damage|p2a: Blaziken|37\/100\n|\n|-weather|none\n|-heal|p1a: Magearna|37\/100 brn|[from] item: Leftovers\n|-damage|p1a: Magearna|31\/100 brn|[from] brn\n|-ability|p2a: Blaziken|Speed Boost|boost\n|-boost|p2a: Blaziken|spe|1\n|upkeep\n|turn|21\n|\n|t:|1698613829\n|switch|p1a: Sceptile|Sceptile, L52, F|100\/100\n|move|p2a: Blaziken|Blaze Kick|p1a: Sceptile\n|-supereffective|p1a: Sceptile\n|-damage|p1a: Sceptile|0 fnt\n|faint|p1a: Sceptile\n|\n|-ability|p2a: Blaziken|Speed Boost|boost\n|-boost|p2a: Blaziken|spe|1\n|upkeep\n|\n|t:|1698613839\n|switch|p1a: Sandslash|Sandslash-Alola, L55, M|100\/100\n|turn|22\n|\n|t:|1698613842\n|move|p2a: Blaziken|Blaze Kick|p1a: Sandslash\n|-supereffective|p1a: Sandslash\n|-damage|p1a: Sandslash|0 fnt\n|-damage|p2a: Blaziken|21\/100|[from] item: Rocky Helmet|[of] p1a: Sandslash\n|faint|p1a: Sandslash\n|\n|-ability|p2a: Blaziken|Speed Boost|boost\n|-boost|p2a: Blaziken|spe|1\n|upkeep\n|\n|t:|1698613850\n|switch|p1a: Magearna|Magearna, L51|31\/100 brn\n|turn|23\n|\n|t:|1698613855\n|move|p2a: Blaziken|Blaze Kick|p1a: Magearna\n|-supereffective|p1a: Magearna\n|-damage|p1a: Magearna|0 fnt\n|faint|p1a: Magearna\n|\n|win|Ace_baka\n|l|\u2606Spade_Baka\n","uploadtime":1698613887,"views":11,"p1id":"spadebaka","p2id":"acebaka","formatid":"gen9nationaldexubers","rating":0,"private":0,"password":""}