{"id":"gen9nationaldexubers-1995866138","p1":"Lunar Sloth","p2":"MiniBearGrahams","format":"[Gen 9] National Dex Ubers","log":"|j|\u2606Lunar Sloth\n|j|\u2606MiniBearGrahams\n|t:|1700611295\n|gametype|singles\n|player|p1|Lunar Sloth|marley|\n|player|p2|MiniBearGrahams|misty|\n|teamsize|p1|6\n|teamsize|p2|6\n|gen|9\n|tier|[Gen 9] National Dex Ubers\n|rule|HP Percentage Mod: HP is shown in percentages\n|rule|Endless Battle Clause: Forcing endless battles is banned\n|rule|OHKO Clause: OHKO moves are banned\n|rule|Evasion Moves Clause: Evasion moves are banned\n|rule|Evasion Items Clause: Evasion items are banned\n|rule|Species Clause: Limit one of each Pok\u00e9mon\n|rule|Sleep Clause Mod: Limit one foe put to sleep\n|rule|Mega Rayquaza Clause: You cannot mega evolve Rayquaza\n|clearpoke\n|poke|p1|Slowbro, M|\n|poke|p1|Celesteela|\n|poke|p1|Blissey, F|\n|poke|p1|Iron Treads|\n|poke|p1|Iron Valiant|\n|poke|p1|Polteageist|\n|poke|p2|Garchomp, M|\n|poke|p2|Muk-Alola, F|\n|poke|p2|Cinderace, F|\n|poke|p2|Revavroom, M|\n|poke|p2|Zapdos|\n|poke|p2|Mesprit|\n|teampreview\n|j| VoIteon\n|c|\u2606Lunar Sloth|start at 6:05?\n|c|\u2606MiniBearGrahams|that works\n|j| pawket\n|j| Smackey_5\n|c|\u2606MiniBearGrahams|alright\n|c|\u2606MiniBearGrahams|gl!\n|c|\u2606Lunar Sloth|glhf!\n|\n|t:|1700611528\n|start\n|switch|p1a: Iron Treads|Iron Treads|100\/100\n|switch|p2a: Cinderace|Cinderace, F|100\/100\n|turn|1\n|\n|t:|1700611539\n|-end|p1a: Iron Treads|Quark Drive|[silent]\n|switch|p1a: Slowbro|Slowbro, M|100\/100\n|move|p2a: Cinderace|High Jump Kick|p1a: Slowbro\n|-start|p2a: Cinderace|typechange|Fighting|[from] ability: Libero\n|-resisted|p1a: Slowbro\n|-damage|p1a: Slowbro|81\/100\n|-damage|p2a: Cinderace|84\/100|[from] item: Rocky Helmet|[of] p1a: Slowbro\n|\n|upkeep\n|turn|2\n|\n|t:|1700611551\n|switch|p2a: Muk|Muk-Alola, F|100\/100\n|move|p1a: Slowbro|Teleport|p1a: Slowbro\n|\n|t:|1700611554\n|switch|p1a: Iron Treads|Iron Treads|100\/100|[from] Teleport\n|\n|upkeep\n|turn|3\n|\n|t:|1700611571\n|move|p1a: Iron Treads|Stone Edge|p2a: Muk\n|-damage|p2a: Muk|80\/100\n|move|p2a: Muk|Knock Off|p1a: Iron Treads\n|-damage|p1a: Iron Treads|70\/100\n|-enditem|p1a: Iron Treads|Expert Belt|[from] move: Knock Off|[of] p2a: Muk\n|\n|upkeep\n|turn|4\n|c| Smackey_5|You would run rocky helmet teleport\n|\n|t:|1700611591\n|move|p1a: Iron Treads|Earthquake|p2a: Muk\n|-supereffective|p2a: Muk\n|-damage|p2a: Muk|18\/100\n|move|p2a: Muk|Fire Punch|p1a: Iron Treads\n|-supereffective|p1a: Iron Treads\n|-damage|p1a: Iron Treads|39\/100\n|\n|upkeep\n|turn|5\n|\n|t:|1700611603\n|switch|p2a: Garchomp|Garchomp, M|100\/100\n|move|p1a: Iron Treads|Stone Edge|p2a: Garchomp\n|-resisted|p2a: Garchomp\n|-damage|p2a: Garchomp|85\/100\n|\n|upkeep\n|turn|6\n|\n|t:|1700611612\n|move|p1a: Iron Treads|Ice Spinner|p2a: Garchomp\n|-supereffective|p2a: Garchomp\n|-damage|p2a: Garchomp|0 fnt\n|-damage|p1a: Iron Treads|26\/100|[from] ability: Rough Skin|[of] p2a: Garchomp\n|faint|p2a: Garchomp\n|\n|upkeep\n|\n|t:|1700611639\n|switch|p2a: Cinderace|Cinderace, F|84\/100\n|turn|7\n|\n|t:|1700611648\n|-end|p1a: Iron Treads|Quark Drive|[silent]\n|switch|p1a: Slowbro|Slowbro, M|100\/100\n|move|p2a: Cinderace|Pyro Ball|p1a: Slowbro\n|-resisted|p1a: Slowbro\n|-damage|p1a: Slowbro|85\/100\n|\n|upkeep\n|turn|8\n|\n|t:|1700611655\n|switch|p2a: Mesprit|Mesprit, shiny|100\/100\n|move|p1a: Slowbro|Scald|p2a: Mesprit\n|-damage|p2a: Mesprit|74\/100\n|\n|-heal|p2a: Mesprit|80\/100|[from] item: Leftovers\n|upkeep\n|turn|9\n|\n|t:|1700611675\n|move|p2a: Mesprit|Calm Mind|p2a: Mesprit\n|-boost|p2a: Mesprit|spa|1\n|-boost|p2a: Mesprit|spd|1\n|move|p1a: Slowbro|Teleport|p1a: Slowbro\n|\n|t:|1700611684\n|switch|p1a: Polteageist|Polteageist|100\/100|[from] Teleport\n|\n|-heal|p2a: Mesprit|86\/100|[from] item: Leftovers\n|upkeep\n|turn|10\n|\n|t:|1700611723\n|move|p1a: Polteageist|Shell Smash|p1a: Polteageist\n|-unboost|p1a: Polteageist|def|1\n|-unboost|p1a: Polteageist|spd|1\n|-boost|p1a: Polteageist|atk|2\n|-boost|p1a: Polteageist|spa|2\n|-boost|p1a: Polteageist|spe|2\n|move|p2a: Mesprit|Psychic|p1a: Polteageist\n|-damage|p1a: Polteageist|13\/100\n|\n|-heal|p2a: Mesprit|92\/100|[from] item: Leftovers\n|upkeep\n|turn|11\n|\n|t:|1700611735\n|move|p1a: Polteageist|Shadow Ball|p2a: Mesprit\n|-supereffective|p2a: Mesprit\n|-damage|p2a: Mesprit|0 fnt\n|faint|p2a: Mesprit\n|\n|upkeep\n|l| pawket\n|\n|t:|1700611738\n|switch|p2a: Cinderace|Cinderace, F|84\/100\n|turn|12\n|\n|t:|1700611745\n|move|p2a: Cinderace|U-turn|p1a: Polteageist\n|-start|p2a: Cinderace|typechange|Bug|[from] ability: Libero\n|-resisted|p1a: Polteageist\n|-damage|p1a: Polteageist|0 fnt\n|faint|p1a: Polteageist\n|\n|t:|1700611773\n|switch|p2a: Zapdos|Zapdos|100\/100|[from] U-turn\n|\n|upkeep\n|\n|t:|1700611781\n|switch|p1a: Blissey|Blissey, F|100\/100\n|turn|13\n|\n|t:|1700611789\n|move|p2a: Zapdos|Volt Switch|p1a: Blissey\n|-damage|p1a: Blissey|88\/100\n|\n|t:|1700611791\n|switch|p2a: Revavroom|Revavroom, M|100\/100|[from] Volt Switch\n|move|p1a: Blissey|Thunder Wave|p2a: Revavroom\n|-status|p2a: Revavroom|par\n|-enditem|p2a: Revavroom|Lum Berry|[eat]\n|-curestatus|p2a: Revavroom|par|[msg]\n|\n|-heal|p1a: Blissey|94\/100|[from] item: Leftovers\n|upkeep\n|turn|14\n|\n|t:|1700611809\n|move|p2a: Revavroom|Iron Head|p1a: Blissey\n|-damage|p1a: Blissey|57\/100\n|move|p1a: Blissey|Thunder Wave|p2a: Revavroom\n|-status|p2a: Revavroom|par\n|\n|-heal|p1a: Blissey|63\/100|[from] item: Leftovers\n|upkeep\n|turn|15\n|c| Smackey_5|Omg\n|c| Smackey_5|The prep\n|\n|t:|1700611818\n|switch|p1a: Celesteela|Celesteela|100\/100\n|cant|p2a: Revavroom|par\n|\n|upkeep\n|turn|16\n|\n|t:|1700611843\n|move|p1a: Celesteela|Leech Seed|p2a: Revavroom\n|-start|p2a: Revavroom|move: Leech Seed\n|move|p2a: Revavroom|Shift Gear|p2a: Revavroom\n|-boost|p2a: Revavroom|spe|2\n|-boost|p2a: Revavroom|atk|1\n|\n|-damage|p2a: Revavroom|88\/100 par|[from] Leech Seed|[of] p1a: Celesteela\n|upkeep\n|turn|17\n|\n|t:|1700611851\n|-terastallize|p2a: Revavroom|Fire\n|move|p2a: Revavroom|Tera Blast|p1a: Celesteela|[anim] Tera Blast Fire\n|-supereffective|p1a: Celesteela\n|-damage|p1a: Celesteela|13\/100\n|move|p1a: Celesteela|Heavy Slam|p2a: Revavroom\n|-resisted|p2a: Revavroom\n|-damage|p2a: Revavroom|64\/100 par\n|\n|-heal|p1a: Celesteela|19\/100|[from] item: Leftovers\n|-damage|p2a: Revavroom|52\/100 par|[from] Leech Seed|[of] p1a: Celesteela\n|-heal|p1a: Celesteela|29\/100|[silent]\n|upkeep\n|turn|18\n|\n|t:|1700611868\n|switch|p2a: Muk|Muk-Alola, F|18\/100\n|switch|p1a: Slowbro|Slowbro, M|100\/100\n|\n|upkeep\n|turn|19\n|j| ZBFusion\n|\n|t:|1700611879\n|switch|p1a: Iron Treads|Iron Treads|26\/100\n|move|p2a: Muk|Knock Off|p1a: Iron Treads\n|-damage|p1a: Iron Treads|5\/100\n|\n|upkeep\n|turn|20\n|\n|t:|1700611890\n|move|p1a: Iron Treads|Stone Edge|p2a: Muk\n|-damage|p2a: Muk|0 fnt\n|faint|p2a: Muk\n|\n|upkeep\n|\n|t:|1700611892\n|switch|p2a: Cinderace|Cinderace, F|84\/100\n|turn|21\n|\n|t:|1700611895\n|-end|p1a: Iron Treads|Quark Drive|[silent]\n|switch|p1a: Slowbro|Slowbro, M|100\/100\n|move|p2a: Cinderace|U-turn|p1a: Slowbro\n|-start|p2a: Cinderace|typechange|Bug|[from] ability: Libero\n|-supereffective|p1a: Slowbro\n|-damage|p1a: Slowbro|59\/100\n|-damage|p2a: Cinderace|67\/100|[from] item: Rocky Helmet|[of] p1a: Slowbro\n|\n|t:|1700611911\n|switch|p2a: Revavroom|Revavroom, M, tera:Fire|52\/100 par|[from] U-turn\n|\n|upkeep\n|turn|22\n|\n|t:|1700611916\n|cant|p2a: Revavroom|par\n|move|p1a: Slowbro|Scald|p2a: Revavroom\n|-supereffective|p2a: Revavroom\n|-damage|p2a: Revavroom|0 fnt\n|faint|p2a: Revavroom\n|\n|upkeep\n|\n|t:|1700611937\n|switch|p2a: Cinderace|Cinderace, F|67\/100\n|turn|23\n|\n|t:|1700611940\n|switch|p1a: Iron Treads|Iron Treads|5\/100\n|move|p2a: Cinderace|U-turn|p1a: Iron Treads\n|-start|p2a: Cinderace|typechange|Bug|[from] ability: Libero\n|-resisted|p1a: Iron Treads\n|-damage|p1a: Iron Treads|0 fnt\n|faint|p1a: Iron Treads\n|-end|p1a: Iron Treads|Quark Drive|[silent]\n|\n|t:|1700611945\n|switch|p2a: Zapdos|Zapdos|100\/100|[from] U-turn\n|\n|upkeep\n|\n|t:|1700611950\n|switch|p1a: Blissey|Blissey, F|63\/100\n|turn|24\n|\n|t:|1700611963\n|move|p2a: Zapdos|Thunderbolt|p1a: Blissey\n|-damage|p1a: Blissey|45\/100\n|move|p1a: Blissey|Soft-Boiled|p1a: Blissey\n|-heal|p1a: Blissey|95\/100\n|\n|-heal|p1a: Blissey|100\/100|[from] item: Leftovers\n|upkeep\n|turn|25\n|j| Demolution545\n|\n|t:|1700611970\n|move|p2a: Zapdos|Volt Switch|p1a: Blissey\n|-damage|p1a: Blissey|88\/100\n|\n|t:|1700611971\n|switch|p2a: Cinderace|Cinderace, F|67\/100|[from] Volt Switch\n|move|p1a: Blissey|Thunder Wave|p2a: Cinderace\n|-status|p2a: Cinderace|par\n|\n|-heal|p1a: Blissey|94\/100|[from] item: Leftovers\n|upkeep\n|turn|26\n|j| pawket\n|\n|t:|1700611979\n|switch|p1a: Slowbro|Slowbro, M|93\/100\n|cant|p2a: Cinderace|par\n|\n|upkeep\n|turn|27\n|\n|t:|1700611987\n|cant|p2a: Cinderace|par\n|move|p1a: Slowbro|Scald|p2a: Cinderace\n|-supereffective|p2a: Cinderace\n|-damage|p2a: Cinderace|0 fnt\n|faint|p2a: Cinderace\n|\n|upkeep\n|c|\u2606Lunar Sloth|sorry about all the paras\n|\n|t:|1700612001\n|switch|p2a: Zapdos|Zapdos|100\/100\n|turn|28\n|c| VoIteon|u aint sorry stop the cap\n|\n|t:|1700612012\n|switch|p1a: Blissey|Blissey, F|94\/100\n|move|p2a: Zapdos|Thunderbolt|p1a: Blissey\n|-damage|p1a: Blissey|77\/100\n|-status|p1a: Blissey|par\n|\n|-heal|p1a: Blissey|84\/100 par|[from] item: Leftovers\n|upkeep\n|turn|29\n|\n|t:|1700612025\n|-curestatus|p1a: Blissey|par|[from] ability: Natural Cure\n|switch|p1a: Celesteela|Celesteela|29\/100\n|move|p2a: Zapdos|Thunderbolt|p1a: Celesteela\n|-supereffective|p1a: Celesteela\n|-damage|p1a: Celesteela|0 fnt\n|faint|p1a: Celesteela\n|\n|upkeep\n|\n|t:|1700612027\n|switch|p1a: Blissey|Blissey, F|84\/100\n|turn|30\n|\n|t:|1700612033\n|move|p2a: Zapdos|Thunderbolt|p1a: Blissey\n|-damage|p1a: Blissey|65\/100\n|move|p1a: Blissey|Calm Mind|p1a: Blissey\n|-boost|p1a: Blissey|spa|1\n|-boost|p1a: Blissey|spd|1\n|\n|-heal|p1a: Blissey|72\/100|[from] item: Leftovers\n|upkeep\n|turn|31\n|\n|t:|1700612039\n|move|p2a: Zapdos|Thunderbolt|p1a: Blissey\n|-damage|p1a: Blissey|60\/100\n|move|p1a: Blissey|Calm Mind|p1a: Blissey\n|-boost|p1a: Blissey|spa|1\n|-boost|p1a: Blissey|spd|1\n|\n|-heal|p1a: Blissey|66\/100|[from] item: Leftovers\n|upkeep\n|turn|32\n|\n|t:|1700612042\n|move|p2a: Zapdos|Thunderbolt|p1a: Blissey\n|-damage|p1a: Blissey|57\/100\n|move|p1a: Blissey|Shadow Ball|p2a: Zapdos\n|-damage|p2a: Zapdos|72\/100\n|-unboost|p2a: Zapdos|spd|1\n|\n|-heal|p2a: Zapdos|78\/100|[from] item: Leftovers\n|-heal|p1a: Blissey|63\/100|[from] item: Leftovers\n|upkeep\n|turn|33\n|\n|t:|1700612048\n|move|p2a: Zapdos|Thunderbolt|p1a: Blissey\n|-damage|p1a: Blissey|55\/100\n|move|p1a: Blissey|Soft-Boiled|p1a: Blissey\n|-heal|p1a: Blissey|100\/100\n|\n|-heal|p2a: Zapdos|85\/100|[from] item: Leftovers\n|upkeep\n|turn|34\n|\n|t:|1700612053\n|move|p2a: Zapdos|Thunderbolt|p1a: Blissey\n|-damage|p1a: Blissey|92\/100\n|move|p1a: Blissey|Shadow Ball|p2a: Zapdos\n|-damage|p2a: Zapdos|44\/100\n|-unboost|p2a: Zapdos|spd|1\n|\n|-heal|p2a: Zapdos|50\/100|[from] item: Leftovers\n|-heal|p1a: Blissey|98\/100|[from] item: Leftovers\n|upkeep\n|turn|35\n|\n|t:|1700612056\n|move|p2a: Zapdos|Thunderbolt|p1a: Blissey\n|-damage|p1a: Blissey|90\/100\n|move|p1a: Blissey|Shadow Ball|p2a: Zapdos\n|-damage|p2a: Zapdos|0 fnt\n|faint|p2a: Zapdos\n|\n|win|Lunar Sloth\n","uploadtime":1700612060,"views":8,"p1id":"lunarsloth","p2id":"minibeargrahams","formatid":"gen9nationaldexubers","rating":0,"private":0,"password":""}