{"id":"gen9nationaldexubers-1988289354","p1":"AGisgood\u82cd\u54cd\u4fa0","p2":"lese256","format":"[Gen 9] National Dex Ubers","log":"|j|\u2606AGisgood\u82cd\u54cd\u4fa0\n|j|\u2606lese256\n|t:|1699702472\n|gametype|singles\n|player|p1|AGisgood\u82cd\u54cd\u4fa0|cowgirl|\n|player|p2|lese256|policeman-gen4|\n|teamsize|p1|6\n|teamsize|p2|6\n|gen|9\n|tier|[Gen 9] National Dex Ubers\n|rule|HP Percentage Mod: HP is shown in percentages\n|rule|Endless Battle Clause: Forcing endless battles is banned\n|rule|OHKO Clause: OHKO moves are banned\n|rule|Evasion Moves Clause: Evasion moves are banned\n|rule|Evasion Items Clause: Evasion items are banned\n|rule|Species Clause: Limit one of each Pok\u00e9mon\n|rule|Sleep Clause Mod: Limit one foe put to sleep\n|rule|Mega Rayquaza Clause: You cannot mega evolve Rayquaza\n|clearpoke\n|poke|p1|Marshadow|\n|poke|p1|Salamence, F|\n|poke|p1|Landorus, M|\n|poke|p1|Dracovish|\n|poke|p1|Slurpuff, F|\n|poke|p1|Gholdengo|\n|poke|p2|Alakazam, F|\n|poke|p2|Tapu Lele|\n|poke|p2|Sneasler, F|\n|poke|p2|Deoxys-Attack|\n|poke|p2|Dracovish|\n|poke|p2|Excadrill, F|\n|teampreview\n|inactive|Battle timer is ON: inactive players will automatically lose when time's up. (requested by AGisgood\u82cd\u54cd\u4fa0)\n|c|\u2606AGisgood\u82cd\u54cd\u4fa0|\u6211\u53bb\n|l|\u2606lese256\n|inactive|lese256 disconnected and has 300 seconds to reconnect!\n|player|p2|\n|c|\u2606AGisgood\u82cd\u54cd\u4fa0|\u7ef7\n|inactive|lese256 has 270 seconds to reconnect!\n|j|\u2606lese256\n|inactive|lese256 reconnected and has 295 seconds left.\n|player|p2|lese256|policeman-gen4\n|inactive|lese256 has 270 seconds left.\n|l|\u2606lese256\n|inactive|lese256 disconnected and has 270 seconds to reconnect!\n|player|p2|\n|l|\u2606AGisgood\u82cd\u54cd\u4fa0\n|inactive|AGisgood\u82cd\u54cd\u4fa0 disconnected and has 300 seconds to reconnect!\n|player|p1|\n|j|\u2606lese256\n|inactive|lese256 reconnected and has 270 seconds left.\n|player|p2|lese256|policeman-gen4\n|inactive|lese256 also wants the timer to be on.\n|\n|t:|1699702550\n|start\n|switch|p1a: Slurpuff|Slurpuff, F|100\/100\n|switch|p2a: Excadrill|Excadrill, F|100\/100\n|-ability|p2a: Excadrill|Mold Breaker\n|turn|1\n|j|\u2606AGisgood\u82cd\u54cd\u4fa0\n|inactive|AGisgood\u82cd\u54cd\u4fa0 reconnected and has 300 seconds left.\n|player|p1|AGisgood\u82cd\u54cd\u4fa0|cowgirl\n|\n|t:|1699702572\n|move|p2a: Excadrill|Rapid Spin|p1a: Slurpuff\n|-damage|p1a: Slurpuff|77\/100\n|-boost|p2a: Excadrill|spe|1\n|move|p1a: Slurpuff|Sticky Web|p2a: Excadrill\n|-sidestart|p2: lese256|move: Sticky Web\n|\n|upkeep\n|turn|2\n|\n|t:|1699702579\n|switch|p1a: Gholdengo|Gholdengo|100\/100\n|-item|p1a: Gholdengo|Air Balloon\n|move|p2a: Excadrill|Iron Head|p1a: Gholdengo\n|-resisted|p1a: Gholdengo\n|-damage|p1a: Gholdengo|85\/100\n|-enditem|p1a: Gholdengo|Air Balloon\n|\n|upkeep\n|turn|3\n|\n|t:|1699702591\n|move|p2a: Excadrill|Stealth Rock|p1a: Gholdengo\n|-sidestart|p1: AGisgood\u82cd\u54cd\u4fa0|move: Stealth Rock\n|move|p1a: Gholdengo|Shadow Ball|p2a: Excadrill\n|-damage|p2a: Excadrill|54\/100\n|-unboost|p2a: Excadrill|spd|1\n|\n|upkeep\n|turn|4\n|\n|t:|1699702596\n|move|p2a: Excadrill|Earthquake|p1a: Gholdengo\n|-supereffective|p1a: Gholdengo\n|-damage|p1a: Gholdengo|5\/100\n|move|p1a: Gholdengo|Shadow Ball|p2a: Excadrill\n|-damage|p2a: Excadrill|0 fnt\n|faint|p2a: Excadrill\n|\n|upkeep\n|\n|t:|1699702610\n|switch|p2a: Tapu Lele|Tapu Lele|100\/100\n|-activate|p2a: Tapu Lele|move: Sticky Web\n|-unboost|p2a: Tapu Lele|spe|1\n|-fieldstart|move: Psychic Terrain|[from] ability: Psychic Surge|[of] p2a: Tapu Lele\n|turn|5\n|\n|t:|1699702617\n|move|p2a: Tapu Lele|Psychic|p1a: Gholdengo\n|-resisted|p1a: Gholdengo\n|-damage|p1a: Gholdengo|0 fnt\n|faint|p1a: Gholdengo\n|\n|upkeep\n|\n|t:|1699702621\n|switch|p1a: Landorus|Landorus, M|100\/100\n|-damage|p1a: Landorus|88\/100|[from] Stealth Rock\n|turn|6\n|\n|t:|1699702623\n|move|p2a: Tapu Lele|Psychic|p1a: Landorus\n|-damage|p1a: Landorus|0 fnt\n|faint|p1a: Landorus\n|\n|upkeep\n|\n|t:|1699702629\n|switch|p1a: Marshadow|Marshadow|100\/100\n|-damage|p1a: Marshadow|94\/100|[from] Stealth Rock\n|turn|7\n|\n|t:|1699702632\n|move|p1a: Marshadow|Poltergeist|p2a: Tapu Lele\n|-activate|p2a: Tapu Lele|move: Poltergeist|Choice Scarf\n|-supereffective|p2a: Tapu Lele\n|-damage|p2a: Tapu Lele|0 fnt\n|faint|p2a: Tapu Lele\n|\n|upkeep\n|\n|t:|1699702640\n|switch|p2a: Sneasler|Sneasler, F|100\/100\n|-activate|p2a: Sneasler|move: Sticky Web\n|-unboost|p2a: Sneasler|spe|1\n|-enditem|p2a: Sneasler|Psychic Seed\n|-boost|p2a: Sneasler|spd|1|[from] item: Psychic Seed\n|turn|8\n|\n|t:|1699702654\n|-terastallize|p1a: Marshadow|Ghost\n|move|p2a: Sneasler|Acrobatics|p1a: Marshadow\n|-damage|p1a: Marshadow|39\/100\n|move|p1a: Marshadow|Poltergeist||[still]\n|-fail|p1a: Marshadow\n|\n|upkeep\n|turn|9\n|c|\u2606lese256|\u8822\n|\n|t:|1699702670\n|switch|p1a: Slurpuff|Slurpuff, F|77\/100\n|-damage|p1a: Slurpuff|64\/100|[from] Stealth Rock\n|move|p2a: Sneasler|Acrobatics|p1a: Slurpuff\n|-damage|p1a: Slurpuff|14\/100\n|\n|-fieldend|move: Psychic Terrain\n|upkeep\n|turn|10\n|\n|t:|1699702677\n|move|p2a: Sneasler|Dire Claw|p1a: Slurpuff\n|-supereffective|p1a: Slurpuff\n|-damage|p1a: Slurpuff|0 fnt\n|faint|p1a: Slurpuff\n|\n|upkeep\n|\n|t:|1699702682\n|switch|p1a: Salamence|Salamence, F|100\/100\n|-damage|p1a: Salamence|76\/100|[from] Stealth Rock\n|-ability|p1a: Salamence|Intimidate|boost\n|-unboost|p2a: Sneasler|atk|1\n|turn|11\n|\n|t:|1699702690\n|detailschange|p1a: Salamence|Salamence-Mega, F\n|-mega|p1a: Salamence|Salamence|Salamencite\n|move|p2a: Sneasler|Acrobatics|p1a: Salamence\n|-damage|p1a: Salamence|54\/100\n|move|p1a: Salamence|Dragon Dance|p1a: Salamence\n|-boost|p1a: Salamence|atk|1\n|-boost|p1a: Salamence|spe|1\n|\n|upkeep\n|turn|12\n|\n|t:|1699702708\n|-terastallize|p2a: Sneasler|Flying\n|move|p1a: Salamence|Earthquake|p2a: Sneasler\n|-immune|p2a: Sneasler\n|move|p2a: Sneasler|Acrobatics|p1a: Salamence\n|-damage|p1a: Salamence|21\/100\n|\n|upkeep\n|turn|13\n|c|\u2606AGisgood\u82cd\u54cd\u4fa0|\u529b\u5fae\n|\n|t:|1699702712\n|move|p1a: Salamence|Double-Edge|p2a: Sneasler\n|-damage|p2a: Sneasler|0 fnt\n|faint|p2a: Sneasler\n|-damage|p1a: Salamence|0 fnt|[from] Recoil\n|faint|p1a: Salamence\n|\n|upkeep\n|\n|t:|1699702718\n|switch|p2a: Dracovish|Dracovish|100\/100\n|switch|p1a: Marshadow|Marshadow, tera:Ghost|39\/100\n|-activate|p2a: Dracovish|move: Sticky Web\n|-unboost|p2a: Dracovish|spe|1\n|-damage|p1a: Marshadow|26\/100|[from] Stealth Rock\n|turn|14\n|\n|t:|1699702722\n|move|p1a: Marshadow|Poltergeist|p2a: Dracovish\n|-activate|p2a: Dracovish|move: Poltergeist|Choice Scarf\n|-damage|p2a: Dracovish|0 fnt\n|faint|p2a: Dracovish\n|\n|upkeep\n|\n|t:|1699702725\n|switch|p2a: Deoxys|Deoxys-Attack|100\/100\n|-activate|p2a: Deoxys|move: Sticky Web\n|-unboost|p2a: Deoxys|spe|1\n|-ability|p2a: Deoxys|Pressure\n|turn|15\n|\n|t:|1699702738\n|move|p1a: Marshadow|Poltergeist|p2a: Deoxys\n|-activate|p2a: Deoxys|move: Poltergeist|Focus Sash\n|-supereffective|p2a: Deoxys\n|-enditem|p2a: Deoxys|Focus Sash\n|-damage|p2a: Deoxys|1\/100\n|move|p2a: Deoxys|Psycho Boost|p1a: Marshadow\n|-damage|p1a: Marshadow|0 fnt\n|-unboost|p2a: Deoxys|spa|2\n|faint|p1a: Marshadow\n|\n|upkeep\n|\n|t:|1699702740\n|switch|p1a: Dracovish|Dracovish|100\/100\n|-damage|p1a: Dracovish|88\/100|[from] Stealth Rock\n|turn|16\n|\n|t:|1699702744\n|move|p1a: Dracovish|Fishious Rend|p2a: Deoxys\n|-damage|p2a: Deoxys|0 fnt\n|faint|p2a: Deoxys\n|\n|upkeep\n|\n|t:|1699702746\n|switch|p2a: Alakazam|Alakazam, F|100\/100\n|-activate|p2a: Alakazam|move: Sticky Web\n|-unboost|p2a: Alakazam|spe|1\n|turn|17\n|\n|t:|1699702749\n|detailschange|p2a: Alakazam|Alakazam-Mega, F\n|-mega|p2a: Alakazam|Alakazam|Alakazite\n|-ability|p2a: Alakazam|Strong Jaw|[from] ability: Trace|[of] p1a: Dracovish\n|move|p1a: Dracovish|Fishious Rend|p2a: Alakazam\n|-damage|p2a: Alakazam|0 fnt\n|faint|p2a: Alakazam\n|\n|win|AGisgood\u82cd\u54cd\u4fa0\n|c|\u2606AGisgood\u82cd\u54cd\u4fa0|gg\n","uploadtime":1699702755,"views":6,"p1id":"agisgood","p2id":"lese256","formatid":"gen9nationaldexubers","rating":0,"private":0,"password":""}