{"id":"gen9nationaldexubers-1999924115","p1":"Thmonster","p2":"Soyeon is a cutie","format":"[Gen 9] National Dex Ubers","log":"|j|\u203dThmonster\n|j|\u2606Soyeon is a cutie\n|t:|1701130638\n|gametype|singles\n|player|p1|Thmonster|2|1573\n|player|p2|Soyeon is a cutie|idol|1793\n|teamsize|p1|6\n|teamsize|p2|6\n|gen|9\n|tier|[Gen 9] National Dex Ubers\n|rated|\n|rule|HP Percentage Mod: HP is shown in percentages\n|rule|Endless Battle Clause: Forcing endless battles is banned\n|rule|OHKO Clause: OHKO moves are banned\n|rule|Evasion Moves Clause: Evasion moves are banned\n|rule|Evasion Items Clause: Evasion items are banned\n|rule|Species Clause: Limit one of each Pok\u00e9mon\n|rule|Sleep Clause Mod: Limit one foe put to sleep\n|rule|Mega Rayquaza Clause: You cannot mega evolve Rayquaza\n|clearpoke\n|poke|p1|Zekrom|\n|poke|p1|Groudon|\n|poke|p1|Mewtwo|\n|poke|p1|Arceus|\n|poke|p1|Xerneas-*|\n|poke|p1|Kyogre|\n|poke|p2|Ho-Oh|\n|poke|p2|Arceus-Water|\n|poke|p2|Ditto|\n|poke|p2|Eternatus|\n|poke|p2|Deoxys-Speed|\n|poke|p2|Giratina-Origin|\n|teampreview\n|inactive|Battle timer is ON: inactive players will automatically lose when time's up. (requested by Soyeon is a cutie)\n|\n|t:|1701130660\n|start\n|switch|p1a: Mewtwo|Mewtwo|100\/100\n|switch|p2a: Eternatus|Eternatus|100\/100\n|-ability|p2a: Eternatus|Pressure\n|-ability|p1a: Mewtwo|Pressure\n|turn|1\n|\n|t:|1701130667\n|switch|p2a: Deoxys|Deoxys-Speed, shiny|100\/100\n|-ability|p2a: Deoxys|Pressure\n|detailschange|p1a: Mewtwo|Mewtwo-Mega-Y\n|-mega|p1a: Mewtwo|Mewtwo|Mewtwonite Y\n|move|p1a: Mewtwo|Psystrike|p2a: Deoxys\n|-resisted|p2a: Deoxys\n|-damage|p2a: Deoxys|59\/100\n|\n|-heal|p2a: Deoxys|65\/100|[from] item: Leftovers\n|upkeep\n|turn|2\n|\n|t:|1701130674\n|move|p2a: Deoxys|Knock Off|p1a: Mewtwo\n|-supereffective|p1a: Mewtwo\n|-damage|p1a: Mewtwo|61\/100\n|move|p1a: Mewtwo|Flamethrower|p2a: Deoxys\n|-damage|p2a: Deoxys|9\/100\n|\n|-heal|p2a: Deoxys|15\/100|[from] item: Leftovers\n|upkeep\n|turn|3\n|\n|t:|1701130684\n|move|p2a: Deoxys|Recover|p2a: Deoxys\n|-heal|p2a: Deoxys|65\/100\n|move|p1a: Mewtwo|Psystrike|p2a: Deoxys\n|-resisted|p2a: Deoxys\n|-damage|p2a: Deoxys|23\/100\n|\n|-heal|p2a: Deoxys|29\/100|[from] item: Leftovers\n|upkeep\n|turn|4\n|\n|t:|1701130697\n|move|p2a: Deoxys|Recover|p2a: Deoxys\n|-heal|p2a: Deoxys|79\/100\n|move|p1a: Mewtwo|Ice Beam|p2a: Deoxys\n|-damage|p2a: Deoxys|31\/100\n|\n|-heal|p2a: Deoxys|37\/100|[from] item: Leftovers\n|upkeep\n|turn|5\n|\n|t:|1701130717\n|move|p2a: Deoxys|Recover|p2a: Deoxys\n|-heal|p2a: Deoxys|87\/100\n|move|p1a: Mewtwo|Flamethrower|p2a: Deoxys\n|-damage|p2a: Deoxys|31\/100\n|\n|-heal|p2a: Deoxys|38\/100|[from] item: Leftovers\n|upkeep\n|turn|6\n|\n|t:|1701130724\n|move|p2a: Deoxys|Stealth Rock|p1a: Mewtwo\n|-sidestart|p1: Thmonster|move: Stealth Rock\n|move|p1a: Mewtwo|Ice Beam|p2a: Deoxys\n|-damage|p2a: Deoxys|0 fnt\n|faint|p2a: Deoxys\n|\n|upkeep\n|\n|t:|1701130729\n|switch|p2a: Ho-Oh|Ho-Oh|100\/100\n|turn|7\n|\n|t:|1701130738\n|move|p1a: Mewtwo|Psystrike|p2a: Ho-Oh\n|-damage|p2a: Ho-Oh|20\/100\n|move|p2a: Ho-Oh|Earthquake|p1a: Mewtwo\n|-damage|p1a: Mewtwo|0 fnt\n|faint|p1a: Mewtwo\n|\n|upkeep\n|\n|t:|1701130754\n|switch|p1a: Arceus|Arceus|100\/100\n|-damage|p1a: Arceus|88\/100|[from] Stealth Rock\n|turn|8\n|\n|t:|1701130763\n|switch|p2a: Giratina|Giratina-Origin|100\/100\n|move|p1a: Arceus|Swords Dance|p1a: Arceus\n|-boost|p1a: Arceus|atk|2\n|\n|upkeep\n|turn|9\n|\n|t:|1701130767\n|move|p2a: Giratina|Will-O-Wisp|p1a: Arceus\n|-status|p1a: Arceus|brn\n|move|p1a: Arceus|Shadow Claw|p2a: Giratina\n|-supereffective|p2a: Giratina\n|-damage|p2a: Giratina|61\/100\n|\n|-damage|p1a: Arceus|82\/100 brn|[from] brn\n|upkeep\n|turn|10\n|\n|t:|1701130775\n|switch|p2a: Ditto|Ditto, shiny|100\/100\n|-transform|p2a: Ditto|p1a: Arceus|[from] ability: Imposter\n|move|p1a: Arceus|Swords Dance|p1a: Arceus\n|-boost|p1a: Arceus|atk|2\n|\n|-damage|p1a: Arceus|76\/100 brn|[from] brn\n|upkeep\n|turn|11\n|\n|t:|1701130781\n|switch|p2a: Giratina|Giratina-Origin|61\/100\n|move|p1a: Arceus|Extreme Speed|p2a: Giratina\n|-immune|p2a: Giratina\n|\n|-damage|p1a: Arceus|70\/100 brn|[from] brn\n|upkeep\n|turn|12\n|\n|t:|1701130786\n|move|p2a: Giratina|Draco Meteor|p1a: Arceus|[miss]\n|-miss|p2a: Giratina|p1a: Arceus\n|move|p1a: Arceus|Swords Dance|p1a: Arceus\n|-boost|p1a: Arceus|atk|2\n|\n|-damage|p1a: Arceus|64\/100 brn|[from] brn\n|upkeep\n|turn|13\n|\n|t:|1701130791\n|switch|p2a: Ditto|Ditto, shiny|100\/100\n|-transform|p2a: Ditto|p1a: Arceus|[from] ability: Imposter\n|move|p1a: Arceus|Shadow Claw|p2a: Ditto\n|-immune|p2a: Ditto\n|\n|-damage|p1a: Arceus|58\/100 brn|[from] brn\n|upkeep\n|turn|14\n|\n|t:|1701130795\n|move|p2a: Ditto|Extreme Speed|p1a: Arceus\n|-damage|p1a: Arceus|0 fnt\n|faint|p1a: Arceus\n|\n|upkeep\n|\n|t:|1701130802\n|switch|p1a: Groudon|Groudon|100\/100\n|-damage|p1a: Groudon|94\/100|[from] Stealth Rock\n|detailschange|p1a: Groudon|Groudon-Primal\n|-primal|p1a: Groudon|Red Orb\n|-weather|DesolateLand|[from] ability: Desolate Land|[of] p1a: Groudon\n|turn|15\n|\n|t:|1701130806\n|move|p2a: Ditto|Extreme Speed|p1a: Groudon\n|-damage|p1a: Groudon|0 fnt\n|faint|p1a: Groudon\n|-weather|none\n|\n|upkeep\n|inactive|Thmonster has 120 seconds left.\n|inactive|Thmonster has 90 seconds left.\n|inactive|Thmonster has 60 seconds left.\n|c|\u2606Soyeon is a cutie|Average raqe quit kid\ud83e\udd21\n|inactive|Thmonster has 30 seconds left.\n|inactive|Thmonster has 20 seconds left.\n|inactive|Thmonster has 15 seconds left.\n|inactive|Thmonster has 10 seconds left.\n|inactive|Thmonster has 5 seconds left.\n|-message|Thmonster lost due to inactivity.\n|\n|win|Soyeon is a cutie\n|raw|Thmonster's rating: 1573 &rarr; <strong>1564<\/strong><br \/>(-9 for losing)\n|raw|Soyeon is a cutie's rating: 1793 &rarr; <strong>1802<\/strong><br \/>(+9 for winning)\n","uploadtime":1701130962,"views":2,"p1id":"thmonster","p2id":"soyeonisacutie","formatid":"gen9nationaldexubers","rating":1564,"private":0,"password":""}