{"id":"gen9nationaldexubers-1988880509","p1":"tygv","p2":"wdymthenameisthere","format":"[Gen 9] National Dex Ubers","log":"|j|\u2606tygv\n|j|\u2606wdymthenameisthere\n|t:|1699779981\n|gametype|singles\n|player|p1|tygv|swimmerf-gen4|1026\n|player|p2|wdymthenameisthere|volkner|1033\n|teamsize|p1|6\n|teamsize|p2|6\n|gen|9\n|tier|[Gen 9] National Dex Ubers\n|rated|\n|rule|HP Percentage Mod: HP is shown in percentages\n|rule|Endless Battle Clause: Forcing endless battles is banned\n|rule|OHKO Clause: OHKO moves are banned\n|rule|Evasion Moves Clause: Evasion moves are banned\n|rule|Evasion Items Clause: Evasion items are banned\n|rule|Species Clause: Limit one of each Pok\u00e9mon\n|rule|Sleep Clause Mod: Limit one foe put to sleep\n|rule|Mega Rayquaza Clause: You cannot mega evolve Rayquaza\n|clearpoke\n|poke|p1|Greninja-*, M|\n|poke|p1|Ceruledge, M|\n|poke|p1|Thundurus-Therian, M|\n|poke|p1|Lucario, M|\n|poke|p1|Garchomp, F|\n|poke|p1|Ogerpon-Hearthflame, F|\n|poke|p2|Dracovish|\n|poke|p2|Aegislash, F|\n|poke|p2|Mewtwo|\n|poke|p2|Regieleki|\n|poke|p2|Gholdengo|\n|poke|p2|Necrozma-Dusk-Mane|\n|teampreview\n|\n|t:|1699779988\n|start\n|switch|p1a: Ogerpon|Ogerpon-Hearthflame, F|100\/100\n|switch|p2a: Dracovish|Dracovish|100\/100\n|-ability|p1a: Ogerpon|Mold Breaker\n|turn|1\n|\n|t:|1699779996\n|move|p2a: Dracovish|Fishious Rend|p1a: Ogerpon\n|-damage|p1a: Ogerpon|0 fnt\n|faint|p1a: Ogerpon\n|\n|upkeep\n|\n|t:|1699780006\n|switch|p1a: Thundurus|Thundurus-Therian, M, shiny|100\/100\n|turn|2\n|\n|t:|1699780012\n|switch|p2a: Aegislash|Aegislash, F, shiny|100\/100\n|-terastallize|p1a: Thundurus|Electric\n|move|p1a: Thundurus|Thunderbolt|p2a: Aegislash\n|-damage|p2a: Aegislash|60\/100\n|\n|upkeep\n|turn|3\n|\n|t:|1699780027\n|move|p1a: Thundurus|Thunderbolt|p2a: Aegislash\n|-damage|p2a: Aegislash|17\/100\n|move|p2a: Aegislash|Toxic|p1a: Thundurus\n|-status|p1a: Thundurus|tox\n|\n|-damage|p1a: Thundurus|94\/100 tox|[from] psn\n|upkeep\n|turn|4\n|\n|t:|1699780039\n|move|p2a: Aegislash|King's Shield|p2a: Aegislash\n|-singleturn|p2a: Aegislash|Protect\n|move|p1a: Thundurus|Wild Charge|p2a: Aegislash\n|-activate|p2a: Aegislash|move: Protect\n|-unboost|p1a: Thundurus|atk|1\n|\n|-damage|p1a: Thundurus|82\/100 tox|[from] psn\n|upkeep\n|turn|5\n|\n|t:|1699780052\n|switch|p2a: Regieleki|Regieleki, shiny|100\/100\n|move|p1a: Thundurus|Wild Charge|p2a: Regieleki\n|-resisted|p2a: Regieleki\n|-damage|p2a: Regieleki|62\/100\n|-damage|p1a: Thundurus|73\/100 tox|[from] Recoil\n|\n|-damage|p1a: Thundurus|55\/100 tox|[from] psn\n|upkeep\n|turn|6\n|\n|t:|1699780062\n|move|p2a: Regieleki|Thunder Wave|p1a: Thundurus\n|-heal|p1a: Thundurus|79\/100 tox|[from] ability: Volt Absorb|[of] p2a: Regieleki\n|move|p1a: Thundurus|Thunder|p2a: Regieleki\n|-resisted|p2a: Regieleki\n|-damage|p2a: Regieleki|0 fnt\n|faint|p2a: Regieleki\n|\n|-damage|p1a: Thundurus|55\/100 tox|[from] psn\n|upkeep\n|\n|t:|1699780072\n|switch|p2a: Gholdengo|Gholdengo|100\/100\n|turn|7\n|\n|t:|1699780078\n|move|p1a: Thundurus|Thunderbolt|p2a: Gholdengo\n|-damage|p2a: Gholdengo|31\/100\n|move|p2a: Gholdengo|Make It Rain|p1a: Thundurus\n|-resisted|p1a: Thundurus\n|-damage|p1a: Thundurus|11\/100 tox\n|-unboost|p2a: Gholdengo|spa|1\n|\n|-damage|p1a: Thundurus|0 fnt|[from] psn\n|faint|p1a: Thundurus\n|upkeep\n|\n|t:|1699780094\n|switch|p1a: Garchomp|Garchomp, F|100\/100\n|turn|8\n|\n|t:|1699780100\n|move|p1a: Garchomp|Earthquake|p2a: Gholdengo\n|-supereffective|p2a: Gholdengo\n|-damage|p2a: Gholdengo|0 fnt\n|faint|p2a: Gholdengo\n|\n|upkeep\n|\n|t:|1699780106\n|switch|p2a: Dracovish|Dracovish|100\/100\n|turn|9\n|\n|t:|1699780112\n|-terastallize|p2a: Dracovish|Water\n|move|p2a: Dracovish|Fishious Rend|p1a: Garchomp\n|-damage|p1a: Garchomp|0 fnt\n|-damage|p2a: Dracovish|88\/100|[from] ability: Rough Skin|[of] p1a: Garchomp\n|faint|p1a: Garchomp\n|\n|upkeep\n|\n|t:|1699780121\n|switch|p1a: Lucario|Lucario, M, shiny|100\/100\n|turn|10\n|\n|t:|1699780127\n|move|p2a: Dracovish|Fishious Rend|p1a: Lucario\n|-damage|p1a: Lucario|0 fnt\n|faint|p1a: Lucario\n|\n|upkeep\n|\n|t:|1699780133\n|switch|p1a: Greninja|Greninja, M, shiny|100\/100\n|turn|11\n|\n|t:|1699780135\n|move|p1a: Greninja|Dark Pulse|p2a: Dracovish\n|-start|p1a: Greninja|typechange|Dark|[from] ability: Protean\n|-damage|p2a: Dracovish|28\/100\n|move|p2a: Dracovish|Fishious Rend|p1a: Greninja\n|-damage|p1a: Greninja|0 fnt\n|faint|p1a: Greninja\n|\n|upkeep\n|\n|t:|1699780143\n|switch|p1a: Ceruledge|Ceruledge, M, shiny|100\/100\n|turn|12\n|\n|t:|1699780146\n|move|p2a: Dracovish|Fishious Rend|p1a: Ceruledge\n|-supereffective|p1a: Ceruledge\n|-enditem|p1a: Ceruledge|Focus Sash\n|-damage|p1a: Ceruledge|1\/100\n|move|p1a: Ceruledge|Bitter Blade|p2a: Dracovish\n|-resisted|p2a: Dracovish\n|-damage|p2a: Dracovish|3\/100\n|-heal|p1a: Ceruledge|15\/100|[from] drain|[of] p2a: Dracovish\n|\n|upkeep\n|turn|13\n|\n|t:|1699780157\n|move|p1a: Ceruledge|Shadow Sneak|p2a: Dracovish\n|-damage|p2a: Dracovish|0 fnt\n|faint|p2a: Dracovish\n|\n|upkeep\n|\n|t:|1699780164\n|switch|p2a: Mewtwo|Mewtwo|100\/100\n|-ability|p2a: Mewtwo|Unnerve\n|turn|14\n|\n|t:|1699780171\n|detailschange|p2a: Mewtwo|Mewtwo-Mega-Y\n|-mega|p2a: Mewtwo|Mewtwo|Mewtwonite Y\n|move|p1a: Ceruledge|Shadow Sneak|p2a: Mewtwo\n|-supereffective|p2a: Mewtwo\n|-damage|p2a: Mewtwo|51\/100\n|move|p2a: Mewtwo|Psystrike|p1a: Ceruledge\n|-damage|p1a: Ceruledge|0 fnt\n|faint|p1a: Ceruledge\n|\n|win|wdymthenameisthere\n|raw|tygv's rating: 1026 &rarr; <strong>1012<\/strong><br \/>(-14 for losing)\n|raw|wdymthenameisthere's rating: 1033 &rarr; <strong>1067<\/strong><br \/>(+34 for winning)\n","uploadtime":1699780180,"views":5,"p1id":"tygv","p2id":"wdymthenameisthere","formatid":"gen9nationaldexubers","rating":1012,"private":0,"password":""}