{"id":"gen9nationaldexubers-1981669877","p1":"Dragonsbanisher971","p2":"satos_ap","format":"[Gen 9] National Dex Ubers","log":"|j|\u2606Dragonsbanisher971\n|j|\u2606satos_ap\n|t:|1698932152\n|gametype|singles\n|player|p1|Dragonsbanisher971|266|1056\n|player|p2|satos_ap|hilbert|1162\n|teamsize|p1|6\n|teamsize|p2|6\n|gen|9\n|tier|[Gen 9] National Dex Ubers\n|rated|\n|rule|HP Percentage Mod: HP is shown in percentages\n|rule|Endless Battle Clause: Forcing endless battles is banned\n|rule|OHKO Clause: OHKO moves are banned\n|rule|Evasion Moves Clause: Evasion moves are banned\n|rule|Evasion Items Clause: Evasion items are banned\n|rule|Species Clause: Limit one of each Pok\u00e9mon\n|rule|Sleep Clause Mod: Limit one foe put to sleep\n|rule|Mega Rayquaza Clause: You cannot mega evolve Rayquaza\n|clearpoke\n|poke|p1|Camerupt, M|\n|poke|p1|Hatterene, F|\n|poke|p1|Torkoal, F|\n|poke|p1|Donphan, M|\n|poke|p1|Empoleon, M|\n|poke|p1|Copperajah, F|\n|poke|p2|Diancie|\n|poke|p2|Ho-Oh|\n|poke|p2|Zeraora|\n|poke|p2|Dragapult, M|\n|poke|p2|Zacian-*|\n|poke|p2|Kyogre|\n|teampreview\n|\n|t:|1698932162\n|start\n|switch|p1a: Donphan|Donphan, M|100\/100\n|switch|p2a: Diancie|Diancie|100\/100\n|turn|1\n|\n|t:|1698932177\n|detailschange|p2a: Diancie|Diancie-Mega\n|-mega|p2a: Diancie|Diancie|Diancite\n|move|p2a: Diancie|Diamond Storm|p1a: Donphan\n|-resisted|p1a: Donphan\n|-damage|p1a: Donphan|82\/100\n|move|p1a: Donphan|Earthquake|p2a: Diancie\n|-supereffective|p2a: Diancie\n|-damage|p2a: Diancie|0 fnt\n|faint|p2a: Diancie\n|\n|upkeep\n|\n|t:|1698932186\n|switch|p2a: Kyogre|Kyogre|100\/100\n|detailschange|p2a: Kyogre|Kyogre-Primal\n|-primal|p2a: Kyogre|Blue Orb\n|-weather|PrimordialSea|[from] ability: Primordial Sea|[of] p2a: Kyogre\n|turn|2\n|\n|t:|1698932200\n|switch|p1a: Empoleon|Empoleon, M|100\/100\n|move|p2a: Kyogre|Ice Beam|p1a: Empoleon\n|-resisted|p1a: Empoleon\n|-damage|p1a: Empoleon|88\/100\n|\n|-weather|PrimordialSea|[upkeep]\n|upkeep\n|turn|3\n|\n|t:|1698932210\n|move|p2a: Kyogre|Thunder|p1a: Empoleon\n|-supereffective|p1a: Empoleon\n|-damage|p1a: Empoleon|0 fnt\n|faint|p1a: Empoleon\n|\n|-weather|PrimordialSea|[upkeep]\n|upkeep\n|\n|t:|1698932224\n|switch|p1a: Copperajah|Copperajah, F|100\/100\n|turn|4\n|\n|t:|1698932233\n|move|p2a: Kyogre|Origin Pulse|p1a: Copperajah|[miss]\n|-miss|p2a: Kyogre|p1a: Copperajah\n|move|p1a: Copperajah|Play Rough|p2a: Kyogre\n|-damage|p2a: Kyogre|42\/100\n|\n|-weather|PrimordialSea|[upkeep]\n|upkeep\n|turn|5\n|\n|t:|1698932241\n|move|p2a: Kyogre|Origin Pulse|p1a: Copperajah|[miss]\n|-miss|p2a: Kyogre|p1a: Copperajah\n|move|p1a: Copperajah|Play Rough|p2a: Kyogre\n|-damage|p2a: Kyogre|0 fnt\n|faint|p2a: Kyogre\n|-weather|none\n|\n|upkeep\n|\n|t:|1698932245\n|switch|p2a: Ho-Oh|Ho-Oh, shiny|100\/100\n|turn|6\n|\n|t:|1698932254\n|switch|p1a: Torkoal|Torkoal, F|100\/100\n|-weather|SunnyDay|[from] ability: Drought|[of] p1a: Torkoal\n|-terastallize|p2a: Ho-Oh|Fire\n|move|p2a: Ho-Oh|Sacred Fire|p1a: Torkoal\n|-resisted|p1a: Torkoal\n|-damage|p1a: Torkoal|64\/100\n|\n|-weather|SunnyDay|[upkeep]\n|upkeep\n|turn|7\n|\n|t:|1698932268\n|move|p2a: Ho-Oh|Earthquake|p1a: Torkoal\n|-supereffective|p1a: Torkoal\n|-damage|p1a: Torkoal|7\/100\n|move|p1a: Torkoal|Yawn|p2a: Ho-Oh\n|-start|p2a: Ho-Oh|move: Yawn|[of] p1a: Torkoal\n|\n|-weather|SunnyDay|[upkeep]\n|upkeep\n|turn|8\n|\n|t:|1698932282\n|switch|p2a: Dragapult|Dragapult, M|100\/100\n|switch|p1a: Hatterene|Hatterene, F|100\/100\n|\n|-weather|SunnyDay|[upkeep]\n|upkeep\n|turn|9\n|\n|t:|1698932291\n|move|p2a: Dragapult|Dragon Dance|p2a: Dragapult\n|-boost|p2a: Dragapult|atk|1\n|-boost|p2a: Dragapult|spe|1\n|move|p1a: Hatterene|Trick Room|p1a: Hatterene\n|-fieldstart|move: Trick Room|[of] p1a: Hatterene\n|\n|-weather|SunnyDay|[upkeep]\n|upkeep\n|turn|10\n|\n|t:|1698932298\n|move|p1a: Hatterene|Nuzzle|p2a: Dragapult\n|-resisted|p2a: Dragapult\n|-damage|p2a: Dragapult|98\/100\n|-status|p2a: Dragapult|par\n|move|p2a: Dragapult|Dragon Dance|p2a: Dragapult\n|-boost|p2a: Dragapult|atk|1\n|-boost|p2a: Dragapult|spe|1\n|\n|-weather|SunnyDay|[upkeep]\n|upkeep\n|turn|11\n|\n|t:|1698932308\n|switch|p1a: Copperajah|Copperajah, F|100\/100\n|move|p2a: Dragapult|Shadow Ball|p1a: Copperajah\n|-damage|p1a: Copperajah|74\/100\n|\n|-weather|SunnyDay|[upkeep]\n|upkeep\n|turn|12\n|\n|t:|1698932316\n|move|p1a: Copperajah|Play Rough|p2a: Dragapult\n|-supereffective|p2a: Dragapult\n|-damage|p2a: Dragapult|0 fnt\n|faint|p2a: Dragapult\n|\n|-weather|SunnyDay|[upkeep]\n|upkeep\n|\n|t:|1698932322\n|switch|p2a: Zeraora|Zeraora|100\/100\n|turn|13\n|\n|t:|1698932329\n|move|p1a: Copperajah|Play Rough|p2a: Zeraora|[miss]\n|-miss|p1a: Copperajah|p2a: Zeraora\n|move|p2a: Zeraora|Bulk Up|p2a: Zeraora\n|-boost|p2a: Zeraora|atk|1\n|-boost|p2a: Zeraora|def|1\n|\n|-weather|none\n|-fieldend|move: Trick Room\n|upkeep\n|turn|14\n|\n|t:|1698932344\n|switch|p1a: Donphan|Donphan, M|82\/100\n|move|p2a: Zeraora|Blaze Kick|p1a: Donphan\n|-damage|p1a: Donphan|53\/100\n|\n|upkeep\n|turn|15\n|\n|t:|1698932351\n|switch|p2a: Ho-Oh|Ho-Oh, shiny, tera:Fire|100\/100\n|move|p1a: Donphan|Earthquake|p2a: Ho-Oh\n|-supereffective|p2a: Ho-Oh\n|-damage|p2a: Ho-Oh|0 fnt\n|faint|p2a: Ho-Oh\n|\n|upkeep\n|\n|t:|1698932358\n|switch|p2a: Zacian|Zacian-Crowned|100\/100\n|-ability|p2a: Zacian|Intrepid Sword|boost\n|-boost|p2a: Zacian|atk|1\n|turn|16\n|\n|t:|1698932365\n|switch|p1a: Torkoal|Torkoal, F|7\/100\n|-weather|SunnyDay|[from] ability: Drought|[of] p1a: Torkoal\n|move|p2a: Zacian|Behemoth Blade|p1a: Torkoal\n|-resisted|p1a: Torkoal\n|-damage|p1a: Torkoal|0 fnt\n|faint|p1a: Torkoal\n|\n|-weather|SunnyDay|[upkeep]\n|upkeep\n|\n|t:|1698932375\n|switch|p1a: Camerupt|Camerupt, M, shiny|100\/100\n|turn|17\n|\n|t:|1698932381\n|move|p2a: Zacian|Play Rough|p1a: Camerupt\n|-resisted|p1a: Camerupt\n|-damage|p1a: Camerupt|48\/100\n|-unboost|p1a: Camerupt|atk|1\n|move|p1a: Camerupt|Lava Plume|p2a: Zacian\n|-supereffective|p2a: Zacian\n|-damage|p2a: Zacian|0 fnt\n|faint|p2a: Zacian\n|\n|-weather|SunnyDay|[upkeep]\n|upkeep\n|\n|t:|1698932385\n|switch|p2a: Zeraora|Zeraora|100\/100\n|turn|18\n|\n|t:|1698932396\n|detailschange|p1a: Camerupt|Camerupt-Mega, M, shiny\n|-mega|p1a: Camerupt|Camerupt|Cameruptite\n|move|p2a: Zeraora|Bulk Up|p2a: Zeraora\n|-boost|p2a: Zeraora|atk|1\n|-boost|p2a: Zeraora|def|1\n|move|p1a: Camerupt|Lava Plume|p2a: Zeraora\n|-damage|p2a: Zeraora|0 fnt\n|faint|p2a: Zeraora\n|\n|win|Dragonsbanisher971\n|raw|Dragonsbanisher971's rating: 1056 &rarr; <strong>1097<\/strong><br \/>(+41 for winning)\n|raw|satos_ap's rating: 1162 &rarr; <strong>1130<\/strong><br \/>(-32 for losing)\n|l|\u2606satos_ap\n","uploadtime":1698932408,"views":8,"p1id":"dragonsbanisher971","p2id":"satosap","formatid":"gen9nationaldexubers","rating":1097,"private":0,"password":""}