{"id":"gen9nationaldexubers-1979328612","p1":"masturch33f420","p2":"Bblacksniper","format":"[Gen 9] National Dex Ubers","log":"|j|\u2606masturch33f420\n|j|\u2606Bblacksniper\n|t:|1698671816\n|gametype|singles\n|player|p1|masturch33f420|hiker-gen4|1466\n|player|p2|Bblacksniper|101|1604\n|teamsize|p1|6\n|teamsize|p2|6\n|gen|9\n|tier|[Gen 9] National Dex Ubers\n|rated|\n|rule|HP Percentage Mod: HP is shown in percentages\n|rule|Endless Battle Clause: Forcing endless battles is banned\n|rule|OHKO Clause: OHKO moves are banned\n|rule|Evasion Moves Clause: Evasion moves are banned\n|rule|Evasion Items Clause: Evasion items are banned\n|rule|Species Clause: Limit one of each Pok\u00e9mon\n|rule|Sleep Clause Mod: Limit one foe put to sleep\n|rule|Mega Rayquaza Clause: You cannot mega evolve Rayquaza\n|clearpoke\n|poke|p1|Deoxys-Speed|\n|poke|p1|Arceus|\n|poke|p1|Zacian-*|\n|poke|p1|Salamence, M|\n|poke|p1|Kyogre|\n|poke|p1|Ho-Oh|\n|poke|p2|Yveltal|\n|poke|p2|Necrozma-Dusk-Mane|\n|poke|p2|Ho-Oh|\n|poke|p2|Zygarde|\n|poke|p2|Eternatus|\n|poke|p2|Pheromosa|\n|teampreview\n|inactive|Battle timer is ON: inactive players will automatically lose when time's up. (requested by masturch33f420)\n|\n|t:|1698671823\n|start\n|switch|p1a: testes torsion|Deoxys-Speed|100\/100\n|switch|p2a: I'm defensive trus|Necrozma-Dusk-Mane|100\/100\n|-ability|p1a: testes torsion|Pressure\n|turn|1\n|\n|t:|1698671829\n|move|p1a: testes torsion|Taunt|p2a: I'm defensive trus\n|-start|p2a: I'm defensive trus|move: Taunt\n|move|p2a: I'm defensive trus|Iron Head|p1a: testes torsion\n|-damage|p1a: testes torsion|38\/100\n|\n|upkeep\n|turn|2\n|\n|t:|1698671832\n|move|p1a: testes torsion|Stealth Rock|p2a: I'm defensive trus\n|-sidestart|p2: Bblacksniper|move: Stealth Rock\n|move|p2a: I'm defensive trus|Iron Head|p1a: testes torsion\n|-damage|p1a: testes torsion|0 fnt\n|faint|p1a: testes torsion\n|\n|upkeep\n|\n|t:|1698671838\n|switch|p1a: NO FUN ALLOWED|Kyogre|100\/100\n|detailschange|p1a: NO FUN ALLOWED|Kyogre-Primal\n|-primal|p1a: NO FUN ALLOWED|Blue Orb\n|-weather|PrimordialSea|[from] ability: Primordial Sea|[of] p1a: NO FUN ALLOWED\n|turn|3\n|\n|t:|1698671856\n|switch|p2a: E tour na dus|Eternatus|100\/100\n|-ability|p2a: E tour na dus|Pressure\n|move|p1a: NO FUN ALLOWED|Substitute|p1a: NO FUN ALLOWED\n|-start|p1a: NO FUN ALLOWED|Substitute\n|-damage|p1a: NO FUN ALLOWED|76\/100\n|\n|-weather|PrimordialSea|[upkeep]\n|upkeep\n|turn|4\n|\n|t:|1698671860\n|move|p2a: E tour na dus|Dynamax Cannon|p1a: NO FUN ALLOWED\n|-end|p1a: NO FUN ALLOWED|Substitute\n|move|p1a: NO FUN ALLOWED|Ice Beam|p2a: E tour na dus\n|-supereffective|p2a: E tour na dus\n|-damage|p2a: E tour na dus|50\/100\n|\n|-weather|PrimordialSea|[upkeep]\n|upkeep\n|turn|5\n|\n|t:|1698671866\n|-weather|none\n|switch|p1a: switch to peedon|Zacian-Crowned, shiny|100\/100\n|-ability|p1a: switch to peedon|Intrepid Sword|boost\n|-boost|p1a: switch to peedon|atk|1\n|move|p2a: E tour na dus|Recover|p2a: E tour na dus\n|-heal|p2a: E tour na dus|99\/100\n|\n|upkeep\n|turn|6\n|\n|t:|1698671878\n|move|p1a: switch to peedon|Swords Dance|p1a: switch to peedon\n|-boost|p1a: switch to peedon|atk|2\n|move|p2a: E tour na dus|Flamethrower|p1a: switch to peedon\n|-supereffective|p1a: switch to peedon\n|-damage|p1a: switch to peedon|48\/100\n|\n|upkeep\n|turn|7\n|\n|t:|1698671892\n|switch|p2a: Bros over Ho's|Ho-Oh|100\/100\n|-ability|p2a: Bros over Ho's|Pressure\n|move|p1a: switch to peedon|Behemoth Blade|p2a: Bros over Ho's\n|-resisted|p2a: Bros over Ho's\n|-damage|p2a: Bros over Ho's|35\/100\n|\n|upkeep\n|turn|8\n|\n|t:|1698671897\n|switch|p2a: I'm defensive trus|Necrozma-Dusk-Mane|100\/100\n|-damage|p2a: I'm defensive trus|94\/100|[from] Stealth Rock\n|move|p1a: switch to peedon|Behemoth Blade|p2a: I'm defensive trus\n|-resisted|p2a: I'm defensive trus\n|-damage|p2a: I'm defensive trus|51\/100\n|\n|upkeep\n|turn|9\n|\n|t:|1698671908\n|move|p1a: switch to peedon|Wild Charge|p2a: I'm defensive trus\n|-damage|p2a: I'm defensive trus|0 fnt\n|faint|p2a: I'm defensive trus\n|-damage|p1a: switch to peedon|32\/100|[from] Recoil\n|\n|upkeep\n|\n|t:|1698671911\n|switch|p2a: Pheromossuy|Pheromosa|100\/100\n|-damage|p2a: Pheromossuy|88\/100|[from] Stealth Rock\n|turn|10\n|\n|t:|1698671919\n|switch|p1a: i miss moltres|Ho-Oh, shiny|100\/100\n|move|p2a: Pheromossuy|Low Kick|p1a: i miss moltres\n|-resisted|p1a: i miss moltres\n|-damage|p1a: i miss moltres|74\/100\n|\n|upkeep\n|turn|11\n|\n|t:|1698671925\n|switch|p2a: E tour na dus|Eternatus|99\/100\n|-ability|p2a: E tour na dus|Pressure\n|switch|p1a: Pinsir-Mega 2??|Salamence, M|100\/100\n|-ability|p1a: Pinsir-Mega 2??|Intimidate|boost\n|-unboost|p2a: E tour na dus|atk|1\n|\n|upkeep\n|turn|12\n|\n|t:|1698671931\n|switch|p1a: switch to peedon|Zacian-Crowned, shiny|32\/100\n|move|p2a: E tour na dus|Dynamax Cannon|p1a: switch to peedon\n|-immune|p1a: switch to peedon\n|\n|upkeep\n|turn|13\n|\n|t:|1698671935\n|move|p1a: switch to peedon|Behemoth Blade|p2a: E tour na dus\n|-damage|p2a: E tour na dus|52\/100\n|move|p2a: E tour na dus|Flamethrower|p1a: switch to peedon\n|-supereffective|p1a: switch to peedon\n|-damage|p1a: switch to peedon|0 fnt\n|faint|p1a: switch to peedon\n|\n|upkeep\n|\n|t:|1698671941\n|switch|p1a: stored in de balls|Arceus, shiny|100\/100\n|turn|14\n|\n|t:|1698671943\n|switch|p2a: IJUSTLOSTMYDAWG|Yveltal|100\/100\n|-ability|p2a: IJUSTLOSTMYDAWG|Dark Aura\n|move|p1a: stored in de balls|Swords Dance|p1a: stored in de balls\n|-boost|p1a: stored in de balls|atk|2\n|\n|upkeep\n|turn|15\n|\n|t:|1698671948\n|move|p1a: stored in de balls|Extreme Speed|p2a: IJUSTLOSTMYDAWG\n|-damage|p2a: IJUSTLOSTMYDAWG|38\/100\n|move|p2a: IJUSTLOSTMYDAWG|Foul Play|p1a: stored in de balls\n|-damage|p1a: stored in de balls|11\/100\n|\n|upkeep\n|turn|16\n|\n|t:|1698671953\n|-terastallize|p2a: IJUSTLOSTMYDAWG|Steel\n|move|p1a: stored in de balls|Extreme Speed|p2a: IJUSTLOSTMYDAWG\n|-resisted|p2a: IJUSTLOSTMYDAWG\n|-damage|p2a: IJUSTLOSTMYDAWG|9\/100\n|move|p2a: IJUSTLOSTMYDAWG|Foul Play|p1a: stored in de balls\n|-damage|p1a: stored in de balls|0 fnt\n|faint|p1a: stored in de balls\n|\n|upkeep\n|c|\u2606masturch33f420|This sucks cock tbh\n|\n|t:|1698671969\n|switch|p1a: Pinsir-Mega 2??|Salamence, M|100\/100\n|-ability|p1a: Pinsir-Mega 2??|Intimidate|boost\n|-unboost|p2a: IJUSTLOSTMYDAWG|atk|1\n|turn|17\n|\n|t:|1698671975\n|move|p1a: Pinsir-Mega 2??|Dragon Dance|p1a: Pinsir-Mega 2??\n|-boost|p1a: Pinsir-Mega 2??|atk|1\n|-boost|p1a: Pinsir-Mega 2??|spe|1\n|move|p2a: IJUSTLOSTMYDAWG|Roost|p2a: IJUSTLOSTMYDAWG\n|-heal|p2a: IJUSTLOSTMYDAWG|59\/100\n|\n|upkeep\n|turn|18\n|\n|t:|1698671981\n|detailschange|p1a: Pinsir-Mega 2??|Salamence-Mega, M\n|-mega|p1a: Pinsir-Mega 2??|Salamence|Salamencite\n|move|p1a: Pinsir-Mega 2??|Earthquake|p2a: IJUSTLOSTMYDAWG\n|-supereffective|p2a: IJUSTLOSTMYDAWG\n|-damage|p2a: IJUSTLOSTMYDAWG|0 fnt\n|faint|p2a: IJUSTLOSTMYDAWG\n|\n|upkeep\n|\n|t:|1698671993\n|switch|p2a: Perfect Cell|Zygarde|100\/100\n|-damage|p2a: Perfect Cell|94\/100|[from] Stealth Rock\n|turn|19\n|\n|t:|1698671995\n|move|p1a: Pinsir-Mega 2??|Frustration|p2a: Perfect Cell\n|-damage|p2a: Perfect Cell|34\/100\n|move|p2a: Perfect Cell|Glare|p1a: Pinsir-Mega 2??\n|-status|p1a: Pinsir-Mega 2??|par\n|\n|-heal|p2a: Perfect Cell|40\/100|[from] item: Leftovers\n|-activate|p2a: Perfect Cell|ability: Power Construct\n|detailschange|p2a: Perfect Cell|Zygarde-Complete\n|-heal|p2a: Perfect Cell|60\/100|[silent]\n|upkeep\n|turn|20\n|\n|t:|1698672001\n|move|p1a: Pinsir-Mega 2??|Frustration|p2a: Perfect Cell\n|-crit|p2a: Perfect Cell\n|-damage|p2a: Perfect Cell|2\/100\n|move|p2a: Perfect Cell|Coil|p2a: Perfect Cell\n|-boost|p2a: Perfect Cell|atk|1\n|-boost|p2a: Perfect Cell|def|1\n|-boost|p2a: Perfect Cell|accuracy|1\n|\n|-heal|p2a: Perfect Cell|8\/100|[from] item: Leftovers\n|upkeep\n|turn|21\n|\n|t:|1698672005\n|move|p1a: Pinsir-Mega 2??|Dragon Dance|p1a: Pinsir-Mega 2??\n|-boost|p1a: Pinsir-Mega 2??|atk|1\n|-boost|p1a: Pinsir-Mega 2??|spe|1\n|move|p2a: Perfect Cell|Thousand Arrows|p1a: Pinsir-Mega 2??\n|-damage|p1a: Pinsir-Mega 2??|64\/100 par\n|-start|p1a: Pinsir-Mega 2??|Smack Down\n|\n|-heal|p2a: Perfect Cell|14\/100|[from] item: Leftovers\n|upkeep\n|turn|22\n|\n|t:|1698672008\n|move|p1a: Pinsir-Mega 2??|Dragon Dance|p1a: Pinsir-Mega 2??\n|-boost|p1a: Pinsir-Mega 2??|atk|1\n|-boost|p1a: Pinsir-Mega 2??|spe|1\n|move|p2a: Perfect Cell|Thousand Arrows|p1a: Pinsir-Mega 2??\n|-damage|p1a: Pinsir-Mega 2??|27\/100 par\n|\n|-heal|p2a: Perfect Cell|20\/100|[from] item: Leftovers\n|upkeep\n|turn|23\n|\n|t:|1698672010\n|cant|p1a: Pinsir-Mega 2??|par\n|move|p2a: Perfect Cell|Thousand Arrows|p1a: Pinsir-Mega 2??\n|-damage|p1a: Pinsir-Mega 2??|0 fnt\n|faint|p1a: Pinsir-Mega 2??\n|\n|-heal|p2a: Perfect Cell|26\/100|[from] item: Leftovers\n|upkeep\n|c|\u2606masturch33f420|Are you fucking serious\n|c|\u2606Bblacksniper|Outgamed\n|c|\u2606masturch33f420|Fucking hate Zygarde\n|n|!masturch33f420|masturch33f420\n|inactive|masturch33f420 has 120 seconds left.\n|c|\u2606Bblacksniper|Zygaree is love\n|inactive|masturch33f420 has 90 seconds left.\n|inactive|masturch33f420 has 60 seconds left.\n|inactive|masturch33f420 has 30 seconds left.\n|inactive|masturch33f420 has 20 seconds left.\n|inactive|masturch33f420 has 15 seconds left.\n|inactive|masturch33f420 has 10 seconds left.\n|inactive|masturch33f420 has 5 seconds left.\n|-message|masturch33f420 lost due to inactivity.\n|\n|win|Bblacksniper\n|raw|masturch33f420's rating: 1466 &rarr; <strong>1454<\/strong><br \/>(-12 for losing)\n|raw|Bblacksniper's rating: 1604 &rarr; <strong>1616<\/strong><br \/>(+12 for winning)\n","uploadtime":1698672030,"views":8,"p1id":"masturch33f420","p2id":"bblacksniper","formatid":"gen9nationaldexubers","rating":1454,"private":0,"password":""}