{"id":"gen9nationaldexubers-1997867178","p1":"serdhfto8","p2":"EI GATO","format":"[Gen 9] National Dex Ubers","log":"|j|\u2606serdhfto8\n|j|\u2606EI GATO\n|t:|1700861518\n|gametype|singles\n|player|p1|serdhfto8|colress|1017\n|player|p2|EI GATO|101|1089\n|teamsize|p1|6\n|teamsize|p2|6\n|gen|9\n|tier|[Gen 9] National Dex Ubers\n|rated|\n|rule|HP Percentage Mod: HP is shown in percentages\n|rule|Endless Battle Clause: Forcing endless battles is banned\n|rule|OHKO Clause: OHKO moves are banned\n|rule|Evasion Moves Clause: Evasion moves are banned\n|rule|Evasion Items Clause: Evasion items are banned\n|rule|Species Clause: Limit one of each Pok\u00e9mon\n|rule|Sleep Clause Mod: Limit one foe put to sleep\n|rule|Mega Rayquaza Clause: You cannot mega evolve Rayquaza\n|clearpoke\n|poke|p1|Sceptile, F|\n|poke|p1|Gardevoir, F|\n|poke|p1|Slowking-Galar, M|\n|poke|p1|Kingambit, M|\n|poke|p1|Ceruledge, M|\n|poke|p1|Toxapex, M|\n|poke|p2|Tyranitar, F|\n|poke|p2|Ceruledge, M|\n|poke|p2|Gliscor, F|\n|poke|p2|Magnezone|\n|poke|p2|Ninetales-Alola, F|\n|poke|p2|Kyogre|\n|teampreview\n|\n|t:|1700861534\n|start\n|switch|p1a: Sceptile|Sceptile, F, shiny|100\/100\n|switch|p2a: Yuki|Ninetales-Alola, F, shiny|100\/100\n|-weather|Snow|[from] ability: Snow Warning|[of] p2a: Yuki\n|turn|1\n|\n|t:|1700861546\n|move|p2a: Yuki|Aurora Veil|p2a: Yuki\n|-sidestart|p2: EI GATO|move: Aurora Veil\n|move|p1a: Sceptile|Dynamic Punch|p2a: Yuki|[miss]\n|-miss|p1a: Sceptile|p2a: Yuki\n|\n|-weather|Snow|[upkeep]\n|upkeep\n|turn|2\n|\n|t:|1700861555\n|switch|p2a: Shusui|Ceruledge, M|100\/100\n|move|p1a: Sceptile|Earthquake|p2a: Shusui\n|-supereffective|p2a: Shusui\n|-damage|p2a: Shusui|71\/100\n|-ability|p2a: Shusui|Weak Armor|boost\n|-unboost|p2a: Shusui|def|1\n|-boost|p2a: Shusui|spe|2\n|-damage|p1a: Sceptile|91\/100|[from] item: Life Orb\n|\n|-weather|Snow|[upkeep]\n|upkeep\n|turn|3\n|c|\u2606EI GATO|lets make things more itneresting\n|\n|t:|1700861573\n|move|p2a: Shusui|Bitter Blade|p1a: Sceptile\n|-supereffective|p1a: Sceptile\n|-damage|p1a: Sceptile|0 fnt\n|-heal|p2a: Shusui|100\/100|[from] drain|[of] p1a: Sceptile\n|faint|p1a: Sceptile\n|-damage|p2a: Shusui|91\/100|[from] item: Life Orb\n|\n|-weather|Snow|[upkeep]\n|upkeep\n|\n|t:|1700861589\n|switch|p1a: Toxapex|Toxapex, M, shiny|100\/100\n|turn|4\n|inactive|Battle timer is ON: inactive players will automatically lose when time's up. (requested by serdhfto8)\n|\n|t:|1700861607\n|switch|p2a: Vasto Lorde|Gliscor, F|100\/100\n|move|p1a: Toxapex|Blizzard|p2a: Vasto Lorde\n|-supereffective|p2a: Vasto Lorde\n|-damage|p2a: Vasto Lorde|74\/100\n|-status|p2a: Vasto Lorde|frz\n|\n|-weather|Snow|[upkeep]\n|upkeep\n|turn|5\n|c|\u2606EI GATO|impatiant ass bitc\n|\n|t:|1700861619\n|cant|p2a: Vasto Lorde|frz\n|move|p1a: Toxapex|Toxic Spikes|p2a: Vasto Lorde\n|-sidestart|p2: EI GATO|move: Toxic Spikes\n|\n|-weather|none\n|-sideend|p2: EI GATO|move: Aurora Veil\n|upkeep\n|turn|6\n|\n|t:|1700861629\n|cant|p2a: Vasto Lorde|frz\n|move|p1a: Toxapex|Blizzard|p2a: Vasto Lorde|[miss]\n|-miss|p1a: Toxapex|p2a: Vasto Lorde\n|\n|upkeep\n|turn|7\n|\n|t:|1700861638\n|-curestatus|p2a: Vasto Lorde|frz|[msg]\n|move|p2a: Vasto Lorde|Swords Dance|p2a: Vasto Lorde\n|-boost|p2a: Vasto Lorde|atk|2\n|move|p1a: Toxapex|Blizzard|p2a: Vasto Lorde\n|-supereffective|p2a: Vasto Lorde\n|-damage|p2a: Vasto Lorde|20\/100\n|\n|-status|p2a: Vasto Lorde|tox|[from] item: Toxic Orb\n|upkeep\n|turn|8\n|\n|t:|1700861667\n|move|p2a: Vasto Lorde|Roost|p2a: Vasto Lorde\n|-heal|p2a: Vasto Lorde|70\/100 tox\n|-singleturn|p2a: Vasto Lorde|move: Roost\n|move|p1a: Toxapex|Blizzard|p2a: Vasto Lorde|[miss]\n|-miss|p1a: Toxapex|p2a: Vasto Lorde\n|\n|-heal|p2a: Vasto Lorde|82\/100 tox|[from] ability: Poison Heal\n|upkeep\n|turn|9\n|inactive|serdhfto8 has 120 seconds left.\n|\n|t:|1700861688\n|switch|p1a: Gardevoir|Gardevoir, F, shiny|100\/100\n|-ability|p1a: Gardevoir|Poison Heal|[from] ability: Trace|[of] p2a: Vasto Lorde\n|move|p2a: Vasto Lorde|Earthquake|p1a: Gardevoir\n|-damage|p1a: Gardevoir|0 fnt\n|faint|p1a: Gardevoir\n|\n|-heal|p2a: Vasto Lorde|95\/100 tox|[from] ability: Poison Heal\n|upkeep\n|\n|t:|1700861699\n|switch|p1a: Slowking|Slowking-Galar, M, shiny|100\/100\n|turn|10\n|\n|t:|1700861707\n|move|p2a: Vasto Lorde|Earthquake|p1a: Slowking\n|-supereffective|p1a: Slowking\n|-damage|p1a: Slowking|9\/100\n|move|p1a: Slowking|Sludge Bomb|p2a: Vasto Lorde\n|-resisted|p2a: Vasto Lorde\n|-damage|p2a: Vasto Lorde|80\/100 tox\n|\n|-heal|p1a: Slowking|15\/100|[from] item: Leftovers\n|-heal|p2a: Vasto Lorde|93\/100 tox|[from] ability: Poison Heal\n|upkeep\n|turn|11\n|inactive|serdhfto8 has 120 seconds left.\n|\n|t:|1700861718\n|move|p2a: Vasto Lorde|Earthquake|p1a: Slowking\n|-supereffective|p1a: Slowking\n|-damage|p1a: Slowking|0 fnt\n|faint|p1a: Slowking\n|\n|-heal|p2a: Vasto Lorde|100\/100 tox|[from] ability: Poison Heal\n|upkeep\n|\n|t:|1700861728\n|switch|p1a: Ceruledge|Ceruledge, M, shiny|100\/100\n|turn|12\n|\n|t:|1700861734\n|move|p1a: Ceruledge|Shadow Sneak|p2a: Vasto Lorde\n|-damage|p2a: Vasto Lorde|82\/100 tox\n|move|p2a: Vasto Lorde|Earthquake|p1a: Ceruledge\n|-supereffective|p1a: Ceruledge\n|-damage|p1a: Ceruledge|0 fnt\n|faint|p1a: Ceruledge\n|\n|-heal|p2a: Vasto Lorde|95\/100 tox|[from] ability: Poison Heal\n|upkeep\n|\n|t:|1700861745\n|switch|p1a: Toxapex|Toxapex, M, shiny|100\/100\n|turn|13\n|\n|t:|1700861750\n|move|p2a: Vasto Lorde|Swords Dance|p2a: Vasto Lorde\n|-boost|p2a: Vasto Lorde|atk|2\n|move|p1a: Toxapex|Blizzard|p2a: Vasto Lorde|[miss]\n|-miss|p1a: Toxapex|p2a: Vasto Lorde\n|\n|-heal|p2a: Vasto Lorde|100\/100 tox|[from] ability: Poison Heal\n|upkeep\n|turn|14\n|inactive|serdhfto8 has 120 seconds left.\n|\n|t:|1700861760\n|-terastallize|p2a: Vasto Lorde|Normal\n|move|p2a: Vasto Lorde|Swords Dance|p2a: Vasto Lorde\n|-boost|p2a: Vasto Lorde|atk|2\n|move|p1a: Toxapex|Blizzard|p2a: Vasto Lorde\n|-damage|p2a: Vasto Lorde|86\/100 tox\n|\n|-heal|p2a: Vasto Lorde|98\/100 tox|[from] ability: Poison Heal\n|upkeep\n|turn|15\n|inactive|serdhfto8 has 120 seconds left.\n|\n|t:|1700861775\n|move|p2a: Vasto Lorde|Earthquake|p1a: Toxapex\n|-supereffective|p1a: Toxapex\n|-crit|p1a: Toxapex\n|-damage|p1a: Toxapex|0 fnt\n|faint|p1a: Toxapex\n|\n|-heal|p2a: Vasto Lorde|100\/100 tox|[from] ability: Poison Heal\n|upkeep\n|inactive|serdhfto8 has 120 seconds left.\n|\n|t:|1700861781\n|switch|p1a: Kingambit|Kingambit, M, shiny|100\/100\n|-activate|p1a: Kingambit|ability: Supreme Overlord\n|-start|p1a: Kingambit|fallen5|[silent]\n|turn|16\n|inactive|serdhfto8 has 120 seconds left.\n|\n|t:|1700861800\n|-terastallize|p1a: Kingambit|Dark\n|move|p2a: Vasto Lorde|Earthquake|p1a: Kingambit\n|-damage|p1a: Kingambit|0 fnt\n|faint|p1a: Kingambit\n|-end|p1a: Kingambit|fallen5|[silent]\n|\n|win|EI GATO\n|raw|serdhfto8's rating: 1017 &rarr; <strong>1007<\/strong><br \/>(-10 for losing)\n|raw|EI GATO's rating: 1089 &rarr; <strong>1110<\/strong><br \/>(+21 for winning)\n","uploadtime":1700861616,"views":1,"p1id":"serdhfto8","p2id":"eigato","formatid":"gen9nationaldexubers","rating":1007,"private":0,"password":""}