{"id":"gen9nationaldexubers-1985030272","p1":"mostgoodX","p2":"Server77","format":"[Gen 9] National Dex Ubers","log":"|j|\u2606mostgoodX\n|j|\u2606Server77\n|t:|1699322538\n|gametype|singles\n|player|p1|mostgoodX|mars|\n|player|p2|Server77|drayden|\n|teamsize|p1|6\n|teamsize|p2|6\n|gen|9\n|tier|[Gen 9] National Dex Ubers\n|rule|HP Percentage Mod: HP is shown in percentages\n|rule|Endless Battle Clause: Forcing endless battles is banned\n|rule|OHKO Clause: OHKO moves are banned\n|rule|Evasion Moves Clause: Evasion moves are banned\n|rule|Evasion Items Clause: Evasion items are banned\n|rule|Species Clause: Limit one of each Pok\u00e9mon\n|rule|Sleep Clause Mod: Limit one foe put to sleep\n|rule|Mega Rayquaza Clause: You cannot mega evolve Rayquaza\n|clearpoke\n|poke|p1|Darkrai|\n|poke|p1|Fezandipiti, M|\n|poke|p1|Starmie|\n|poke|p1|Quagsire, M|\n|poke|p1|Ditto|\n|poke|p1|Crocalor, F|\n|poke|p2|Latios, M|\n|poke|p2|Ting-Lu|\n|poke|p2|Typhlosion-Hisui, F|\n|poke|p2|Marowak-Alola, F|\n|poke|p2|Zeraora|\n|poke|p2|Dragonair, M|\n|teampreview\n|j| Xdd-Rayleigh\n|\n|t:|1699322590\n|start\n|switch|p1a: Fezandipiti|Fezandipiti, M|100\/100\n|switch|p2a: Ting-Lu|Ting-Lu|100\/100\n|-ability|p2a: Ting-Lu|Vessel of Ruin\n|turn|1\n|\n|t:|1699322602\n|-zpower|p1a: Fezandipiti\n|move|p1a: Fezandipiti|Savage Spin-Out|p2a: Ting-Lu|[zeffect]\n|-supereffective|p2a: Ting-Lu\n|-damage|p2a: Ting-Lu|74\/100\n|-enditem|p2a: Ting-Lu|Red Card|[of] p1a: Fezandipiti\n|drag|p1a: Starmie|Starmie|100\/100\n|move|p2a: Ting-Lu|Substitute|p2a: Ting-Lu\n|-start|p2a: Ting-Lu|Substitute\n|-damage|p2a: Ting-Lu|49\/100\n|\n|upkeep\n|turn|2\n|c|\u2606mostgoodX|did ZILCH\n|\n|t:|1699322617\n|move|p1a: Starmie|Scald|p2a: Ting-Lu\n|-supereffective|p2a: Ting-Lu\n|-end|p2a: Ting-Lu|Substitute\n|move|p2a: Ting-Lu|Stealth Rock|p1a: Starmie\n|-sidestart|p1: mostgoodX|move: Stealth Rock\n|\n|upkeep\n|turn|3\n|c|\u2606Server77|My job is done\n|\n|t:|1699322637\n|move|p1a: Starmie|Rapid Spin|p2a: Ting-Lu\n|-damage|p2a: Ting-Lu|46\/100\n|-boost|p1a: Starmie|spe|1\n|-sideend|p1: mostgoodX|Stealth Rock|[from] move: Rapid Spin|[of] p1a: Starmie\n|move|p2a: Ting-Lu|Earthquake|p1a: Starmie\n|-damage|p1a: Starmie|44\/100\n|\n|upkeep\n|turn|4\n|\n|t:|1699322645\n|move|p1a: Starmie|Scald|p2a: Ting-Lu\n|-supereffective|p2a: Ting-Lu\n|-damage|p2a: Ting-Lu|3\/100\n|move|p2a: Ting-Lu|Earthquake|p1a: Starmie\n|-damage|p1a: Starmie|0 fnt\n|faint|p1a: Starmie\n|\n|upkeep\n|c|\u2606Server77|Or not\n|\n|t:|1699322655\n|switch|p1a: Pie man|Darkrai|100\/100\n|turn|5\n|j| JunkoPure\n|c| JunkoPure|I made it\n|\n|t:|1699322670\n|move|p1a: Pie man|Dark Pulse|p2a: Ting-Lu\n|-resisted|p2a: Ting-Lu\n|-damage|p2a: Ting-Lu|0 fnt\n|faint|p2a: Ting-Lu\n|\n|upkeep\n|\n|t:|1699322674\n|switch|p2a: Zeraora|Zeraora|100\/100\n|turn|6\n|c|\u2606mostgoodX|darkness made darker\n|c| JunkoPure|darkrai more like\n|c| JunkoPure|dorkrai\n|c| JunkoPure|damn got em\n|\n|t:|1699322703\n|switch|p1a: Regroup's Father|Quagsire, M|100\/100\n|move|p2a: Zeraora|Close Combat|p1a: Regroup's Father\n|-damage|p1a: Regroup's Father|59\/100\n|-unboost|p2a: Zeraora|def|1\n|-unboost|p2a: Zeraora|spd|1\n|\n|-heal|p1a: Regroup's Father|65\/100|[from] item: Leftovers\n|upkeep\n|turn|7\n|c|\u2606Server77|GODDAMN\n|\n|t:|1699322721\n|switch|p2a: Latios|Latios, M, shiny|100\/100\n|move|p1a: Regroup's Father|Recover|p1a: Regroup's Father\n|-heal|p1a: Regroup's Father|100\/100\n|\n|upkeep\n|turn|8\n|\n|t:|1699322729\n|detailschange|p2a: Latios|Latios-Mega, M, shiny\n|-mega|p2a: Latios|Latios|Latiosite\n|move|p2a: Latios|Calm Mind|p2a: Latios\n|-boost|p2a: Latios|spa|1\n|-boost|p2a: Latios|spd|1\n|move|p1a: Regroup's Father|Ice Beam|p2a: Latios\n|-supereffective|p2a: Latios\n|-damage|p2a: Latios|73\/100\n|\n|upkeep\n|turn|9\n|\n|t:|1699322743\n|switch|p1a: Crocalor|Crocalor, F|100\/100\n|move|p2a: Latios|Calm Mind|p2a: Latios\n|-boost|p2a: Latios|spa|1\n|-boost|p2a: Latios|spd|1\n|\n|upkeep\n|turn|10\n|\n|t:|1699322751\n|move|p2a: Latios|Psychic|p1a: Crocalor\n|-damage|p1a: Crocalor|58\/100\n|move|p1a: Crocalor|Yawn|p2a: Latios\n|-start|p2a: Latios|move: Yawn|[of] p1a: Crocalor\n|\n|upkeep\n|turn|11\n|c| JunkoPure|damn eviolite croc is BULKY\n|c|\u2606Server77|The FUCK\n|\n|t:|1699322770\n|move|p2a: Latios|Draco Meteor|p1a: Crocalor\n|-damage|p1a: Crocalor|2\/100\n|-unboost|p2a: Latios|spa|2\n|move|p1a: Crocalor|Slack Off|p1a: Crocalor\n|-heal|p1a: Crocalor|52\/100\n|\n|-end|p2a: Latios|move: Yawn|[silent]\n|-status|p2a: Latios|slp\n|upkeep\n|turn|12\n|c|\u2606mostgoodX|tickles\n|c| JunkoPure|insane\n|c|\u2606Server77|What type of crack\n|\n|t:|1699322794\n|cant|p2a: Latios|slp\n|move|p1a: Crocalor|Slack Off|p1a: Crocalor\n|-heal|p1a: Crocalor|100\/100\n|\n|upkeep\n|turn|13\n|c|\u2606mostgoodX|im playing sum 41 over this\n|\n|t:|1699322814\n|cant|p2a: Latios|slp\n|move|p1a: Crocalor|Overheat|p2a: Latios\n|-resisted|p2a: Latios\n|-damage|p2a: Latios|46\/100 slp\n|-unboost|p1a: Crocalor|spa|2\n|\n|upkeep\n|turn|14\n|\n|t:|1699322820\n|-curestatus|p2a: Latios|slp|[msg]\n|move|p2a: Latios|Psychic|p1a: Crocalor\n|-damage|p1a: Crocalor|60\/100\n|move|p1a: Crocalor|Overheat|p2a: Latios\n|-resisted|p2a: Latios\n|-damage|p2a: Latios|34\/100\n|-unboost|p1a: Crocalor|spa|2\n|\n|upkeep\n|turn|15\n|j| The23rdPower\n|\n|t:|1699322831\n|switch|p2a: Typhlosion|Typhlosion-Hisui, F|100\/100\n|move|p1a: Crocalor|Slack Off|p1a: Crocalor\n|-heal|p1a: Crocalor|100\/100\n|\n|upkeep\n|turn|16\n|c|\u2606mostgoodX|where the FUCK are you GOING\n|c|\u2606Server77|AWAY FROM YOU\n|c|\u2606mostgoodX|COME THE FUCK BACK\n|c| JunkoPure|Did I really just watch a Crocalor 1v1 a Mega Latios\n|c| JunkoPure|almost\n|c|\u2606Server77|Yes.\n|\n|t:|1699322875\n|move|p2a: Typhlosion|Calm Mind|p2a: Typhlosion\n|-boost|p2a: Typhlosion|spa|1\n|-boost|p2a: Typhlosion|spd|1\n|move|p1a: Crocalor|Yawn|p2a: Typhlosion\n|-start|p2a: Typhlosion|move: Yawn|[of] p1a: Crocalor\n|\n|upkeep\n|turn|17\n|\n|t:|1699322888\n|switch|p2a: Marowak|Marowak-Alola, F, shiny|100\/100\n|move|p1a: Crocalor|Slack Off||[still]\n|-fail|p1a: Crocalor|heal\n|\n|upkeep\n|turn|18\n|\n|t:|1699322907\n|switch|p1a: Regroup's Father|Quagsire, M|100\/100\n|-terastallize|p2a: Marowak|Ground\n|move|p2a: Marowak|Earthquake|p1a: Regroup's Father\n|-damage|p1a: Regroup's Father|41\/100\n|\n|-heal|p1a: Regroup's Father|47\/100|[from] item: Leftovers\n|upkeep\n|turn|19\n|c|\u2606mostgoodX|OW\n|c|\u2606mostgoodX|FUCK\n|c| JunkoPure|Alolawak is so cool\n|\n|t:|1699322928\n|move|p2a: Marowak|Earthquake|p1a: Regroup's Father\n|-damage|p1a: Regroup's Father|0 fnt\n|faint|p1a: Regroup's Father\n|\n|upkeep\n|c|\u2606Server77|THICK CLUB\n|\n|t:|1699322938\n|switch|p1a: Pie man|Darkrai|100\/100\n|turn|20\n|\n|t:|1699322945\n|move|p1a: Pie man|Dark Pulse|p2a: Marowak\n|-damage|p2a: Marowak|23\/100\n|-start|p1a: Pie man|Disable|Dark Pulse|[from] ability: Cursed Body|[of] p2a: Marowak\n|cant|p2a: Marowak|flinch\n|\n|upkeep\n|turn|21\n|c| JunkoPure|holy shit\n|c|\u2606Server77|No more Dark Pulse\n|c|\u2606mostgoodX|oh fuck me\n|\n|t:|1699322962\n|switch|p1a: Crocalor|Crocalor, F|100\/100\n|move|p2a: Marowak|Earthquake|p1a: Crocalor\n|-supereffective|p1a: Crocalor\n|-damage|p1a: Crocalor|0 fnt\n|faint|p1a: Crocalor\n|\n|upkeep\n|\n|t:|1699322967\n|switch|p1a: Regroup|Ditto, shiny|100\/100\n|-transform|p1a: Regroup|p2a: Marowak|[from] ability: Imposter\n|-start|p1a: Regroup|typechange|Fire\/Ghost|[silent]\n|turn|22\n|\n|t:|1699322973\n|move|p1a: Regroup|Poltergeist|p2a: Marowak\n|-activate|p2a: Marowak|move: Poltergeist|Thick Club\n|-damage|p2a: Marowak|0 fnt\n|faint|p2a: Marowak\n|\n|upkeep\n|c|\u2606mostgoodX|Let's Regroup\n|\n|t:|1699322985\n|switch|p2a: Typhlosion|Typhlosion-Hisui, F|100\/100\n|turn|23\n|c|\u2606mostgoodX|yes my new MASCOT\n|\n|t:|1699322999\n|move|p2a: Typhlosion|Shadow Ball|p1a: Regroup\n|-supereffective|p1a: Regroup\n|-damage|p1a: Regroup|0 fnt\n|faint|p1a: Regroup\n|\n|upkeep\n|\n|t:|1699323001\n|switch|p1a: Pie man|Darkrai|100\/100\n|turn|24\n|\n|t:|1699323008\n|move|p1a: Pie man|Dark Pulse|p2a: Typhlosion\n|-supereffective|p2a: Typhlosion\n|-damage|p2a: Typhlosion|0 fnt\n|faint|p2a: Typhlosion\n|\n|upkeep\n|c|\u2606Server77|I\n|c|\u2606Server77|C\n|\n|t:|1699323022\n|switch|p2a: Zeraora|Zeraora|100\/100\n|turn|25\n|c| The23rdPower|If Ditto holds a Thick Club and transforms into Marowak, does that work?\n|c|\u2606mostgoodX|im losing out on masters 8\n|c|\u2606mostgoodX|that's\n|c|\u2606mostgoodX|an interesting question\n|c| JunkoPure|Pretty sure it would, yeah\n|c|\u2606mostgoodX|SERVER LISTEN TO ME\n|c|\u2606Server77|No\n|c|\u2606Server77|Shut up\n|c| JunkoPure|Lmfao\n|c|\u2606Server77|Let me think\n|j| aplestick\n|c|\u2606mostgoodX|IF I WIN THE NEXT 3 GAMES I KNOCK 23RD OUTTA TOP 8\n|c|\u2606mostgoodX|I CAN RUIN HIS LIFE SERVER\n|c|\u2606mostgoodX|WE\n|c|\u2606mostgoodX|CAN RUIN HIS LIFE\n|\n|t:|1699323064\n|move|p2a: Zeraora|Close Combat|p1a: Pie man\n|-supereffective|p1a: Pie man\n|-damage|p1a: Pie man|0 fnt\n|-unboost|p2a: Zeraora|def|1\n|-unboost|p2a: Zeraora|spd|1\n|faint|p1a: Pie man\n|\n|upkeep\n|c|\u2606mostgoodX|AAAAAA\n|\n|t:|1699323070\n|switch|p1a: Fezandipiti|Fezandipiti, M|100\/100\n|turn|26\n|c|\u2606mostgoodX|fine fucker\n|c|\u2606mostgoodX|it's you vs a GOD\n|c| JunkoPure|chicken\n|c|\u2606Server77|DO YOUR JOB\n|c| The23rdPower|What would really be insane is if Ditto could hold a mega stone and transform into the corresponding mon\n|\n|t:|1699323080\n|switch|p2a: Dragonair|Dragonair, M, shiny|100\/100\n|move|p1a: Fezandipiti|Play Rough|p2a: Dragonair\n|-supereffective|p2a: Dragonair\n|-damage|p2a: Dragonair|34\/100\n|-status|p2a: Dragonair|tox|[from] ability: Toxic Chain|[of] p1a: Fezandipiti\n|\n|-activate|p2a: Dragonair|ability: Shed Skin\n|-curestatus|p2a: Dragonair|tox|[msg]\n|upkeep\n|turn|27\n|\n|t:|1699323090\n|move|p2a: Dragonair|Thunder Wave|p1a: Fezandipiti\n|-status|p1a: Fezandipiti|par\n|move|p1a: Fezandipiti|Play Rough|p2a: Dragonair\n|-supereffective|p2a: Dragonair\n|-damage|p2a: Dragonair|0 fnt\n|faint|p2a: Dragonair\n|\n|upkeep\n|c|\u2606mostgoodX|Fezandipiti\n|c| JunkoPure|rofl\n|c|\u2606mostgoodX|RIP APART HIS NUTSACK\n|c|\u2606Server77|YES\n|c|\u2606mostgoodX|\"YES\"?\n|c| Xdd-Rayleigh|is that shit scarf\n|c| Xdd-Rayleigh|tf?\n|\n|t:|1699323104\n|switch|p2a: Zeraora|Zeraora|100\/100\n|turn|28\n|c|\u2606mostgoodX|... what are you planning\n|c| JunkoPure|chicken\n|c|\u2606Server77|Eviolite\n|\n|t:|1699323120\n|move|p2a: Zeraora|Plasma Fists|p1a: Fezandipiti\n|-damage|p1a: Fezandipiti|25\/100 par\n|-fieldactivate|move: Ion Deluge\n|-hint|Normal-type moves become Electric-type after using Plasma Fists.\n|cant|p1a: Fezandipiti|par\n|\n|upkeep\n|turn|29\n|c| Xdd-Rayleigh|huh?\n|c|\u2606mostgoodX|oh you mother fuc\n|\n|t:|1699323129\n|move|p2a: Zeraora|Plasma Fists|p1a: Fezandipiti\n|-damage|p1a: Fezandipiti|0 fnt\n|-fieldactivate|move: Ion Deluge\n|-hint|Normal-type moves become Electric-type after using Plasma Fists.\n|faint|p1a: Fezandipiti\n|\n|win|Server77\n|c|\u2606mostgoodX|HOW COULD I DIE\n|c|\u2606Server77|Guh?\n|c| JunkoPure|damn\n|l| The23rdPower\n|c| JunkoPure|gg\n","uploadtime":1699323142,"views":15,"p1id":"mostgoodx","p2id":"server77","formatid":"gen9nationaldexubers","rating":0,"private":0,"password":""}