{"id":"gen9nationaldexubers-1994276658","p1":"Teletubbies5445","p2":"EmotionalSpprtNuke","format":"[Gen 9] National Dex Ubers","log":"|j|\u2606Teletubbies5445\n|j|\u2606EmotionalSpprtNuke\n|t:|1700426174\n|gametype|singles\n|player|p1|Teletubbies5445|ghetsis-gen5bw|1110\n|player|p2|EmotionalSpprtNuke|lusamine-nihilego|1116\n|teamsize|p1|6\n|teamsize|p2|6\n|gen|9\n|tier|[Gen 9] National Dex Ubers\n|rated|\n|rule|HP Percentage Mod: HP is shown in percentages\n|rule|Endless Battle Clause: Forcing endless battles is banned\n|rule|OHKO Clause: OHKO moves are banned\n|rule|Evasion Moves Clause: Evasion moves are banned\n|rule|Evasion Items Clause: Evasion items are banned\n|rule|Species Clause: Limit one of each Pok\u00e9mon\n|rule|Sleep Clause Mod: Limit one foe put to sleep\n|rule|Mega Rayquaza Clause: You cannot mega evolve Rayquaza\n|clearpoke\n|poke|p1|Zekrom|\n|poke|p1|Darmanitan-Galar, M|\n|poke|p1|Xerneas-*|\n|poke|p1|Kyogre|\n|poke|p1|Dragapult, M|\n|poke|p1|Glimmora, F|\n|poke|p2|Dracovish|\n|poke|p2|Kyogre|\n|poke|p2|Metagross|\n|poke|p2|Marshadow|\n|poke|p2|Urshifu-*, F|\n|poke|p2|Necrozma-Dusk-Mane|\n|teampreview\n|\n|t:|1700426183\n|start\n|switch|p1a: hihi|Dragapult, M, shiny|100\/100\n|switch|p2a: Kyogre|Kyogre|100\/100\n|detailschange|p2a: Kyogre|Kyogre-Primal\n|-primal|p2a: Kyogre|Blue Orb\n|-weather|PrimordialSea|[from] ability: Primordial Sea|[of] p2a: Kyogre\n|turn|1\n|\n|t:|1700426193\n|move|p1a: hihi|U-turn|p2a: Kyogre\n|-damage|p2a: Kyogre|76\/100\n|\n|t:|1700426196\n|switch|p1a: bruh|Glimmora, F, shiny|100\/100|[from] U-turn\n|move|p2a: Kyogre|Ice Beam|p1a: bruh\n|-damage|p1a: bruh|58\/100\n|\n|-weather|PrimordialSea|[upkeep]\n|upkeep\n|turn|2\n|j| Fanus\n|c| Fanus|euhhh\n|\n|t:|1700426222\n|-terastallize|p1a: bruh|Grass\n|move|p2a: Kyogre|Origin Pulse|p1a: bruh\n|-resisted|p1a: bruh\n|-damage|p1a: bruh|0 fnt\n|faint|p1a: bruh\n|\n|-weather|PrimordialSea|[upkeep]\n|upkeep\n|c|\u2606Teletubbies5445|rip\n|c|\u2606Teletubbies5445|j'ai tent\u00e9\n|c|\u2606Teletubbies5445|xd\n|\n|t:|1700426231\n|switch|p1a: BOUM|Kyogre, shiny|100\/100\n|detailschange|p1a: BOUM|Kyogre-Primal, shiny\n|-primal|p1a: BOUM|Blue Orb\n|turn|3\n|\n|t:|1700426238\n|move|p1a: BOUM|Thunderbolt|p2a: Kyogre\n|-supereffective|p2a: Kyogre\n|-damage|p2a: Kyogre|25\/100\n|move|p2a: Kyogre|Thunder|p1a: BOUM\n|-supereffective|p1a: BOUM\n|-damage|p1a: BOUM|23\/100\n|\n|-weather|PrimordialSea|[upkeep]\n|upkeep\n|turn|4\n|\n|t:|1700426246\n|move|p1a: BOUM|Thunderbolt|p2a: Kyogre\n|-supereffective|p2a: Kyogre\n|-damage|p2a: Kyogre|0 fnt\n|faint|p2a: Kyogre\n|\n|-weather|PrimordialSea|[upkeep]\n|upkeep\n|c| Fanus|nan mais en overused c fort tera plante\n|c| Fanus|gg\n|\n|t:|1700426255\n|switch|p2a: Urshifu|Urshifu, F|100\/100\n|turn|5\n|c| Fanus|mais met fatal foudre stp\n|\n|t:|1700426269\n|-weather|none\n|switch|p1a: hihi|Dragapult, M, shiny|100\/100\n|move|p2a: Urshifu|Wicked Blow|p1a: hihi\n|-supereffective|p1a: hihi\n|-crit|p1a: hihi\n|-damage|p1a: hihi|0 fnt\n|faint|p1a: hihi\n|\n|upkeep\n|c|\u2606Teletubbies5445|rip\n|c| Fanus|.....\n|c|\u2606Teletubbies5445|je pensais il allait attaquer combat\n|\n|t:|1700426294\n|switch|p1a: Xerneas|Xerneas|100\/100\n|-ability|p1a: Xerneas|Fairy Aura\n|turn|6\n|c| Fanus|geo\n|\n|t:|1700426305\n|move|p2a: Urshifu|Iron Head|p1a: Xerneas\n|-supereffective|p1a: Xerneas\n|-damage|p1a: Xerneas|53\/100\n|cant|p1a: Xerneas|flinch\n|\n|upkeep\n|turn|7\n|c|\u2606Teletubbies5445|apr\u00e8s\n|c|\u2606Teletubbies5445|AAAH\n|c|\u2606Teletubbies5445|ptn\n|c|\u2606Teletubbies5445|je me fais haxx le cul\n|\n|t:|1700426317\n|move|p2a: Urshifu|Poison Jab|p1a: Xerneas\n|-supereffective|p1a: Xerneas\n|-damage|p1a: Xerneas|7\/100\n|move|p1a: Xerneas|Psychic|p2a: Urshifu\n|-immune|p2a: Urshifu\n|\n|upkeep\n|turn|8\n|c| Fanus|BRAVO\n|c| Fanus|CHAMPION\n|\n|t:|1700426331\n|switch|p1a: BOUM|Kyogre-Primal, shiny|23\/100\n|-weather|PrimordialSea|[from] ability: Primordial Sea|[of] p1a: BOUM\n|move|p2a: Urshifu|Poison Jab|p1a: BOUM\n|-damage|p1a: BOUM|0 fnt\n|faint|p1a: BOUM\n|-weather|none\n|\n|upkeep\n|\n|t:|1700426340\n|switch|p1a: Zekrom|Zekrom, shiny|100\/100\n|-ability|p1a: Zekrom|Teravolt\n|turn|9\n|c| Fanus|C PAS COMME SI IL AVAIT UNE DOUBLE FAIBLESSE AU PLUS GROS MOON BLAST DU JEU\n|c|\u2606Teletubbies5445|mdrrr\n|\n|t:|1700426366\n|move|p2a: Urshifu|Wicked Blow|p1a: Zekrom\n|-crit|p1a: Zekrom\n|-damage|p1a: Zekrom|41\/100\n|move|p1a: Zekrom|Fusion Bolt|p2a: Urshifu\n|-damage|p2a: Urshifu|37\/100\n|\n|upkeep\n|turn|10\n|c|\u2606Teletubbies5445|je connais pas ma table des types\n|\n|t:|1700426376\n|move|p2a: Urshifu|Wicked Blow|p1a: Zekrom\n|-crit|p1a: Zekrom\n|-damage|p1a: Zekrom|0 fnt\n|faint|p1a: Zekrom\n|\n|upkeep\n|\n|t:|1700426380\n|switch|p1a: BAM|Darmanitan-Galar, M|100\/100\n|turn|11\n|c| Fanus|il te recure l'anus\n|\n|t:|1700426392\n|move|p1a: BAM|Icicle Crash|p2a: Urshifu\n|-damage|p2a: Urshifu|0 fnt\n|faint|p2a: Urshifu\n|\n|upkeep\n|\n|t:|1700426399\n|switch|p2a: Metagross|Metagross|100\/100\n|turn|12\n|\n|t:|1700426414\n|detailschange|p2a: Metagross|Metagross-Mega\n|-mega|p2a: Metagross|Metagross|Metagrossite\n|move|p1a: BAM|Icicle Crash|p2a: Metagross|[miss]\n|-miss|p1a: BAM|p2a: Metagross\n|move|p2a: Metagross|Meteor Mash|p1a: BAM\n|-supereffective|p1a: BAM\n|-damage|p1a: BAM|0 fnt\n|faint|p1a: BAM\n|\n|upkeep\n|\n|t:|1700426422\n|switch|p1a: Xerneas|Xerneas|7\/100\n|-ability|p1a: Xerneas|Fairy Aura\n|turn|13\n|c|\u2606Teletubbies5445|le haxx me int\n|\n|t:|1700426430\n|move|p2a: Metagross|Bullet Punch|p1a: Xerneas\n|-supereffective|p1a: Xerneas\n|-damage|p1a: Xerneas|0 fnt\n|faint|p1a: Xerneas\n|\n|win|EmotionalSpprtNuke\n|raw|Teletubbies5445's rating: 1110 &rarr; <strong>1085<\/strong><br \/>(-25 for losing)\n|raw|EmotionalSpprtNuke's rating: 1116 &rarr; <strong>1141<\/strong><br \/>(+25 for winning)\n|c| Fanus|nan mais jamais\n|c|\u2606EmotionalSpprtNuke|gg\n|c|\u2606Teletubbies5445|gg\n|l|\u2606Teletubbies5445\n|l| Fanus\n","uploadtime":1700426451,"views":4,"p1id":"teletubbies5445","p2id":"emotionalspprtnuke","formatid":"gen9nationaldexubers","rating":1085,"private":0,"password":""}