{"id":"gen9nationaldexubers-1992475147","p1":"slug bite","p2":"lonly wolf","format":"[Gen 9] National Dex Ubers","log":"|j|\u2606slug bite\n|j|\u2606lonly wolf\n|t:|1700192155\n|gametype|singles\n|player|p1|slug bite|wallace|\n|player|p2|lonly wolf|volkner|\n|teamsize|p1|6\n|teamsize|p2|6\n|gen|9\n|tier|[Gen 9] National Dex Ubers\n|rule|HP Percentage Mod: HP is shown in percentages\n|rule|Endless Battle Clause: Forcing endless battles is banned\n|rule|OHKO Clause: OHKO moves are banned\n|rule|Evasion Moves Clause: Evasion moves are banned\n|rule|Evasion Items Clause: Evasion items are banned\n|rule|Species Clause: Limit one of each Pok\u00e9mon\n|rule|Sleep Clause Mod: Limit one foe put to sleep\n|rule|Mega Rayquaza Clause: You cannot mega evolve Rayquaza\n|clearpoke\n|poke|p1|Arceus-Electric|\n|poke|p1|Pheromosa|\n|poke|p1|Marshadow|\n|poke|p1|Magearna|\n|poke|p1|Dragapult, F|\n|poke|p1|Corviknight, M|\n|poke|p2|Mewtwo|\n|poke|p2|Tapu Lele|\n|poke|p2|Sneasler, M|\n|poke|p2|Kyurem-White|\n|poke|p2|Zacian-*|\n|poke|p2|Arceus-Steel|\n|teampreview\n|inactive|Battle timer is ON: inactive players will automatically lose when time's up. (requested by lonly wolf)\n|inactiveoff|Battle timer is now OFF.\n|j| Tazz21\n|j| PaperDrMario\n|j| abstractvoid\n|j| HopeAddict\n|c|\u2606slug bite|sneasler\n|c| HopeAddict|pokemon time\n|\n|t:|1700192279\n|start\n|switch|p1a: 320mil y\/o roach|Pheromosa, shiny|100\/100\n|switch|p2a: banger shiny|Tapu Lele, shiny|100\/100\n|-fieldstart|move: Psychic Terrain|[from] ability: Psychic Surge|[of] p2a: banger shiny\n|turn|1\n|j| ah3nny\n|c|\u2606lonly wolf|im so sad reshiram didnt come\n|c|\u2606lonly wolf|my kyurem name isnt gonna make sense now\n|j| AshenAraquanid\n|\n|t:|1700192315\n|move|p2a: banger shiny|Psychic|p1a: 320mil y\/o roach\n|-supereffective|p1a: 320mil y\/o roach\n|-damage|p1a: 320mil y\/o roach|0 fnt\n|faint|p1a: 320mil y\/o roach\n|\n|upkeep\n|c| PaperDrMario|scarf\n|j| Berryandon\n|c|\u2606lonly wolf|:thinking:\n|\n|t:|1700192346\n|switch|p1a: Steel Beam|Magearna|100\/100\n|turn|2\n|c| AshenAraquanid|nah will just has the superior gaming chair\n|\n|t:|1700192363\n|switch|p2a: cool nickname|Arceus-Steel, shiny|100\/100\n|move|p1a: Steel Beam|Shift Gear|p1a: Steel Beam\n|-boost|p1a: Steel Beam|spe|2\n|-boost|p1a: Steel Beam|atk|1\n|\n|upkeep\n|turn|3\n|c| HopeAddict|nah tapu lele just did that\n|c| abstractvoid|thats not trick room\n|\n|t:|1700192382\n|move|p1a: Steel Beam|Shadow Ball|p2a: cool nickname\n|-damage|p2a: cool nickname|82\/100\n|move|p2a: cool nickname|Calm Mind|p2a: cool nickname\n|-boost|p2a: cool nickname|spa|1\n|-boost|p2a: cool nickname|spd|1\n|\n|upkeep\n|turn|4\n|c| abstractvoid|what the frick\n|\n|t:|1700192408\n|switch|p1a: No hammer pls:(|Corviknight, M|100\/100\n|move|p2a: cool nickname|Calm Mind|p2a: cool nickname\n|-boost|p2a: cool nickname|spa|1\n|-boost|p2a: cool nickname|spd|1\n|\n|upkeep\n|turn|5\n|\n|t:|1700192430\n|move|p2a: cool nickname|Judgment|p1a: No hammer pls:(\n|-resisted|p1a: No hammer pls:(\n|-damage|p1a: No hammer pls:(|61\/100\n|move|p1a: No hammer pls:(|Iron Defense|p1a: No hammer pls:(\n|-boost|p1a: No hammer pls:(|def|2\n|\n|-fieldend|move: Psychic Terrain\n|upkeep\n|turn|6\n|\n|t:|1700192452\n|move|p2a: cool nickname|Recover|p2a: cool nickname\n|-heal|p2a: cool nickname|100\/100\n|move|p1a: No hammer pls:(|Body Press|p2a: cool nickname\n|-supereffective|p2a: cool nickname\n|-damage|p2a: cool nickname|48\/100\n|\n|upkeep\n|turn|7\n|\n|t:|1700192466\n|move|p2a: cool nickname|Judgment|p1a: No hammer pls:(\n|-resisted|p1a: No hammer pls:(\n|-damage|p1a: No hammer pls:(|22\/100\n|move|p1a: No hammer pls:(|Body Press|p2a: cool nickname\n|-supereffective|p2a: cool nickname\n|-damage|p2a: cool nickname|0 fnt\n|faint|p2a: cool nickname\n|\n|upkeep\n|\n|t:|1700192490\n|switch|p2a: chicken cutlet 2|Kyurem-White, shiny|100\/100\n|-ability|p2a: chicken cutlet 2|Turboblaze\n|turn|8\n|c| Berryandon|Sir a metal bird has killed God\n|c| Tazz21|'nother tuesday\n|c|\u2606lonly wolf|welcome to ubers\n|c|\u2606slug bite|\ud83e\udd85 \ud83e\udd85 \ud83e\udd85 \ud83e\udd85\n|\n|t:|1700192551\n|switch|p1a: Steel Beam|Magearna|100\/100\n|move|p2a: chicken cutlet 2|Freeze-Dry|p1a: Steel Beam\n|-resisted|p1a: Steel Beam\n|-crit|p1a: Steel Beam\n|-damage|p1a: Steel Beam|61\/100\n|-damage|p2a: chicken cutlet 2|91\/100|[from] item: Life Orb\n|\n|upkeep\n|turn|9\n|\n|t:|1700192567\n|move|p2a: chicken cutlet 2|Earth Power|p1a: Steel Beam\n|-supereffective|p1a: Steel Beam\n|-damage|p1a: Steel Beam|0 fnt\n|faint|p1a: Steel Beam\n|-damage|p2a: chicken cutlet 2|81\/100|[from] item: Life Orb\n|\n|upkeep\n|\n|t:|1700192576\n|switch|p1a: Dreepy Missile...|Dragapult, F, shiny|100\/100\n|turn|10\n|\n|t:|1700192589\n|move|p1a: Dreepy Missile...|Draco Meteor|p2a: chicken cutlet 2\n|-supereffective|p2a: chicken cutlet 2\n|-damage|p2a: chicken cutlet 2|0 fnt\n|-unboost|p1a: Dreepy Missile...|spa|2\n|faint|p2a: chicken cutlet 2\n|\n|upkeep\n|\n|t:|1700192602\n|switch|p2a: best boi|Zacian, shiny|100\/100\n|-ability|p2a: best boi|Intrepid Sword|boost\n|-boost|p2a: best boi|atk|1\n|turn|11\n|\n|t:|1700192641\n|switch|p1a: YOLK|Arceus-Electric, shiny|100\/100\n|move|p2a: best boi|Play Rough|p1a: YOLK\n|-damage|p1a: YOLK|39\/100\n|\n|upkeep\n|turn|12\n|\n|t:|1700192716\n|switch|p1a: No hammer pls:(|Corviknight, M|22\/100\n|move|p2a: best boi|Play Rough|p1a: No hammer pls:(\n|-resisted|p1a: No hammer pls:(\n|-damage|p1a: No hammer pls:(|0 fnt\n|-damage|p2a: best boi|84\/100|[from] item: Rocky Helmet|[of] p1a: No hammer pls:(\n|faint|p1a: No hammer pls:(\n|\n|upkeep\n|\n|t:|1700192734\n|switch|p1a: Dreepy Missile...|Dragapult, F, shiny|100\/100\n|turn|13\n|\n|t:|1700192739\n|move|p1a: Dreepy Missile...|Shadow Ball|p2a: best boi\n|-damage|p2a: best boi|35\/100\n|move|p2a: best boi|Play Rough|p1a: Dreepy Missile...\n|-supereffective|p1a: Dreepy Missile...\n|-damage|p1a: Dreepy Missile...|0 fnt\n|faint|p1a: Dreepy Missile...\n|\n|upkeep\n|\n|t:|1700192750\n|switch|p1a: Moth man|Marshadow|100\/100\n|turn|14\n|\n|t:|1700192755\n|move|p1a: Moth man|Shadow Sneak|p2a: best boi\n|-damage|p2a: best boi|5\/100\n|move|p2a: best boi|Play Rough|p1a: Moth man\n|-supereffective|p1a: Moth man\n|-damage|p1a: Moth man|0 fnt\n|faint|p1a: Moth man\n|\n|upkeep\n|c|\u2606lonly wolf|oof\n|c|\u2606slug bite|ah gg\n|\n|t:|1700192765\n|switch|p1a: YOLK|Arceus-Electric, shiny|39\/100\n|turn|15\n|\n|t:|1700192768\n|move|p2a: best boi|Play Rough|p1a: YOLK\n|-damage|p1a: YOLK|0 fnt\n|faint|p1a: YOLK\n|\n|win|lonly wolf\n|c|\u2606slug bite|nice\n|c|\u2606lonly wolf|gg\n|c| PaperDrMario|oh no\n|c| Tazz21|got dogd\n|c| PaperDrMario|life orb woulda made a difference ;_;\n|c|\u2606slug bite|oof\n|c| PaperDrMario|it woulda still died to lele tho\n|l| HopeAddict\n","uploadtime":1700192838,"views":11,"p1id":"slugbite","p2id":"lonlywolf","formatid":"gen9nationaldexubers","rating":0,"private":0,"password":""}