{"id":"gen9nationaldexubers-1989072253","p1":"pokegirl457","p2":"Champion53","format":"[Gen 9] National Dex Ubers","log":"|j|\u2606pokegirl457\n|j|\u2606Champion53\n|t:|1699809129\n|gametype|singles\n|player|p1|pokegirl457|iris-gen5bw2|1027\n|player|p2|Champion53|265|1000\n|teamsize|p1|6\n|teamsize|p2|6\n|gen|9\n|tier|[Gen 9] National Dex Ubers\n|rated|\n|rule|HP Percentage Mod: HP is shown in percentages\n|rule|Endless Battle Clause: Forcing endless battles is banned\n|rule|OHKO Clause: OHKO moves are banned\n|rule|Evasion Moves Clause: Evasion moves are banned\n|rule|Evasion Items Clause: Evasion items are banned\n|rule|Species Clause: Limit one of each Pok\u00e9mon\n|rule|Sleep Clause Mod: Limit one foe put to sleep\n|rule|Mega Rayquaza Clause: You cannot mega evolve Rayquaza\n|clearpoke\n|poke|p1|Necrozma-Dusk-Mane|\n|poke|p1|Dracovish|\n|poke|p1|Groudon|\n|poke|p1|Xerneas-*|\n|poke|p1|Zacian-*|\n|poke|p1|Giratina-Origin|\n|poke|p2|Muk, M|\n|poke|p2|Darkrai|\n|poke|p2|Vivillon-Monsoon, M|\n|poke|p2|Wishiwashi, M|\n|poke|p2|Darmanitan-Galar, F|\n|poke|p2|Serperior, M|\n|teampreview\n|inactive|Battle timer is ON: inactive players will automatically lose when time's up. (requested by pokegirl457)\n|\n|t:|1699809142\n|start\n|switch|p1a: Dracovish|Dracovish|100\/100\n|switch|p2a: Muk|Muk, M|100\/100\n|turn|1\n|\n|t:|1699809150\n|move|p1a: Dracovish|Dragon Pulse|p2a: Muk\n|-damage|p2a: Muk|84\/100\n|move|p2a: Muk|Acid Armor|p2a: Muk\n|-boost|p2a: Muk|def|2\n|\n|-heal|p2a: Muk|90\/100|[from] item: Leftovers\n|upkeep\n|turn|2\n|\n|t:|1699809159\n|switch|p1a: Necrozma|Necrozma-Dusk-Mane, shiny|100\/100\n|move|p2a: Muk|Acid Armor|p2a: Muk\n|-boost|p2a: Muk|def|2\n|\n|-heal|p2a: Muk|96\/100|[from] item: Leftovers\n|upkeep\n|turn|3\n|\n|t:|1699809178\n|move|p1a: Necrozma|Dragon Dance|p1a: Necrozma\n|-boost|p1a: Necrozma|atk|1\n|-boost|p1a: Necrozma|spe|1\n|move|p2a: Muk|Lash Out|p1a: Necrozma\n|-supereffective|p1a: Necrozma\n|-damage|p1a: Necrozma|75\/100\n|\n|-heal|p2a: Muk|100\/100|[from] item: Leftovers\n|upkeep\n|turn|4\n|\n|t:|1699809206\n|detailschange|p1a: Necrozma|Necrozma-Ultra, shiny\n|-burst|p1a: Necrozma|Necrozma|Ultranecrozium Z\n|move|p1a: Necrozma|Photon Geyser|p2a: Muk\n|-supereffective|p2a: Muk\n|-damage|p2a: Muk|4\/100\n|move|p2a: Muk|Acid Armor|p2a: Muk\n|-boost|p2a: Muk|def|2\n|\n|-heal|p2a: Muk|10\/100|[from] item: Leftovers\n|upkeep\n|turn|5\n|\n|t:|1699809225\n|switch|p2a: Darkrai|Darkrai|100\/100\n|-zpower|p1a: Necrozma\n|move|p1a: Necrozma|Light That Burns the Sky|p2a: Darkrai|[zeffect]\n|-immune|p2a: Darkrai\n|\n|upkeep\n|turn|6\n|\n|t:|1699809234\n|switch|p1a: Zacian|Zacian-Crowned, shiny|100\/100\n|-ability|p1a: Zacian|Intrepid Sword|boost\n|-boost|p1a: Zacian|atk|1\n|move|p2a: Darkrai|Dark Pulse|p1a: Zacian\n|-resisted|p1a: Zacian\n|-damage|p1a: Zacian|83\/100\n|\n|upkeep\n|turn|7\n|\n|t:|1699809250\n|switch|p2a: Wishiwashi|Wishiwashi, M|100\/100\n|-formechange|p2a: Wishiwashi|Wishiwashi-School||[from] ability: Schooling\n|-terastallize|p1a: Zacian|Fairy\n|move|p1a: Zacian|Moonblast|p2a: Wishiwashi\n|-crit|p2a: Wishiwashi\n|-damage|p2a: Wishiwashi|42\/100\n|-unboost|p2a: Wishiwashi|spa|1\n|\n|upkeep\n|turn|8\n|\n|t:|1699809271\n|move|p1a: Zacian|Behemoth Blade|p2a: Wishiwashi\n|-resisted|p2a: Wishiwashi\n|-damage|p2a: Wishiwashi|0 fnt\n|faint|p2a: Wishiwashi\n|\n|upkeep\n|\n|t:|1699809289\n|switch|p2a: Serperior|Serperior, M|100\/100\n|turn|9\n|\n|t:|1699809298\n|switch|p1a: Groudon|Groudon, shiny|100\/100\n|detailschange|p1a: Groudon|Groudon-Primal, shiny\n|-primal|p1a: Groudon|Red Orb\n|-weather|DesolateLand|[from] ability: Desolate Land|[of] p1a: Groudon\n|move|p2a: Serperior|Iron Tail|p1a: Groudon\n|-resisted|p1a: Groudon\n|-damage|p1a: Groudon|93\/100\n|\n|-weather|DesolateLand|[upkeep]\n|upkeep\n|turn|10\n|\n|t:|1699809313\n|switch|p2a: Darkrai|Darkrai|100\/100\n|move|p1a: Groudon|Overheat|p2a: Darkrai\n|-damage|p2a: Darkrai|0 fnt\n|-unboost|p1a: Groudon|spa|2\n|faint|p2a: Darkrai\n|\n|-weather|DesolateLand|[upkeep]\n|upkeep\n|inactive|Champion53 has 120 seconds left.\n|\n|t:|1699809332\n|switch|p2a: Muk|Muk, M|10\/100\n|turn|11\n|\n|t:|1699809352\n|-weather|none\n|switch|p1a: Necrozma|Necrozma-Ultra, shiny|75\/100\n|move|p2a: Muk|Poison Jab|p1a: Necrozma\n|-damage|p1a: Necrozma|41\/100\n|\n|-heal|p2a: Muk|16\/100|[from] item: Leftovers\n|upkeep\n|turn|12\n|\n|t:|1699809362\n|switch|p2a: Vivillon|Vivillon-Monsoon, M|100\/100\n|move|p1a: Necrozma|Photon Geyser|p2a: Vivillon\n|-damage|p2a: Vivillon|0 fnt\n|faint|p2a: Vivillon\n|\n|upkeep\n|\n|t:|1699809376\n|switch|p2a: Darmanitan|Darmanitan-Galar, F|100\/100\n|turn|13\n|\n|t:|1699809385\n|move|p1a: Necrozma|Sunsteel Strike|p2a: Darmanitan\n|-supereffective|p2a: Darmanitan\n|-damage|p2a: Darmanitan|0 fnt\n|faint|p2a: Darmanitan\n|\n|upkeep\n|\n|t:|1699809392\n|switch|p2a: Serperior|Serperior, M|100\/100\n|turn|14\n|\n|t:|1699809399\n|move|p1a: Necrozma|Photon Geyser|p2a: Serperior\n|-crit|p2a: Serperior\n|-damage|p2a: Serperior|0 fnt\n|faint|p2a: Serperior\n|\n|upkeep\n|\n|t:|1699809406\n|switch|p2a: Muk|Muk, M|16\/100\n|turn|15\n|c|\u2606pokegirl457|Gg\n|\n|t:|1699809412\n|move|p1a: Necrozma|Photon Geyser|p2a: Muk\n|-supereffective|p2a: Muk\n|-damage|p2a: Muk|0 fnt\n|faint|p2a: Muk\n|\n|win|pokegirl457\n|raw|pokegirl457's rating: 1027 &rarr; <strong>1060<\/strong><br \/>(+33 for winning)\n|raw|Champion53's rating: 1000 &rarr; <strong>1000<\/strong><br \/>(+0 for losing)\n|l|\u2606Champion53\n","uploadtime":1699809427,"views":5,"p1id":"pokegirl457","p2id":"champion53","formatid":"gen9nationaldexubers","rating":1000,"private":0,"password":""}