{"id":"gen9nationaldexubers-1995427093","p1":"Ginesect","p2":"Just B3A$T","format":"[Gen 9] National Dex Ubers","log":"|j|\u2606Ginesect\n|j|\u2606Just B3A$T\n|t:|1700569376\n|gametype|singles\n|player|p1|Ginesect|cynthia|\n|player|p2|Just B3A$T|bruno|\n|teamsize|p1|6\n|teamsize|p2|6\n|gen|9\n|tier|[Gen 9] National Dex Ubers\n|rule|HP Percentage Mod: HP is shown in percentages\n|rule|Endless Battle Clause: Forcing endless battles is banned\n|rule|OHKO Clause: OHKO moves are banned\n|rule|Evasion Moves Clause: Evasion moves are banned\n|rule|Evasion Items Clause: Evasion items are banned\n|rule|Species Clause: Limit one of each Pok\u00e9mon\n|rule|Sleep Clause Mod: Limit one foe put to sleep\n|rule|Mega Rayquaza Clause: You cannot mega evolve Rayquaza\n|clearpoke\n|poke|p1|Ninetales-Alola, F|\n|poke|p1|Baxcalibur, F|\n|poke|p1|Iron Bundle|\n|poke|p1|Weavile, M|\n|poke|p1|Arctozolt|\n|poke|p1|Moltres|\n|poke|p2|Rillaboom, M|\n|poke|p2|Samurott-Hisui, M|\n|poke|p2|Diancie|\n|poke|p2|Gholdengo|\n|poke|p2|Alomomola, F|\n|poke|p2|Moltres|\n|teampreview\n|inactive|Battle timer is ON: inactive players will automatically lose when time's up. (requested by Just B3A$T)\n|c|\u2606Just B3A$T|let's see how my odds are this time around\n|inactive|Ginesect has 270 seconds left.\n|inactive|Just B3A$T has 270 seconds left.\n|\n|t:|1700569408\n|start\n|switch|p1a: Weavile|Weavile, M|100\/100\n|switch|p2a: FEESH|Alomomola, F, shiny|100\/100\n|-ability|p1a: Weavile|Pressure\n|turn|1\n|\n|t:|1700569413\n|move|p1a: Weavile|Knock Off|p2a: FEESH\n|-damage|p2a: FEESH|76\/100\n|-damage|p1a: Weavile|84\/100|[from] item: Rocky Helmet|[of] p2a: FEESH\n|-enditem|p2a: FEESH|Rocky Helmet|[from] move: Knock Off|[of] p1a: Weavile\n|move|p2a: FEESH|Scald|p1a: Weavile\n|-damage|p1a: Weavile|64\/100\n|-status|p1a: Weavile|brn\n|\n|-damage|p1a: Weavile|58\/100 brn|[from] brn\n|upkeep\n|turn|2\n|c|\u2606Ginesect|Wowwe\n|c|\u2606Ginesect|Wowweew\n|\n|t:|1700569423\n|switch|p1a: Iron Bundle|Iron Bundle|100\/100\n|move|p2a: FEESH|Wish|p2a: FEESH\n|\n|upkeep\n|turn|3\n|c|\u2606Just B3A$T|ballz\n|\n|t:|1700569429\n|switch|p2a: budget Ho-oh|Moltres|100\/100\n|move|p1a: Iron Bundle|Freeze-Dry|p2a: budget Ho-oh\n|-damage|p2a: budget Ho-oh|76\/100\n|\n|-heal|p2a: budget Ho-oh|100\/100|[from] move: Wish|[wisher] FEESH\n|upkeep\n|turn|4\n|c|\u2606Ginesect|Insane\n|\n|t:|1700569455\n|switch|p2a: MONKE|Rillaboom, M|100\/100\n|-fieldstart|move: Grassy Terrain|[from] ability: Grassy Surge|[of] p2a: MONKE\n|move|p1a: Iron Bundle|Hydro Pump|p2a: MONKE\n|-resisted|p2a: MONKE\n|-damage|p2a: MONKE|65\/100\n|\n|-heal|p2a: MONKE|71\/100|[from] Grassy Terrain\n|upkeep\n|turn|5\n|inactive|Just B3A$T has 270 seconds left.\n|\n|t:|1700569482\n|-end|p1a: Iron Bundle|Quark Drive|[silent]\n|switch|p1a: Moltres|Moltres|100\/100\n|move|p2a: MONKE|Grassy Glide|p1a: Moltres\n|-resisted|p1a: Moltres\n|-damage|p1a: Moltres|91\/100\n|-damage|p2a: MONKE|61\/100|[from] item: Life Orb\n|\n|-heal|p2a: MONKE|68\/100|[from] Grassy Terrain\n|upkeep\n|turn|6\n|\n|t:|1700569491\n|switch|p2a: Stone Ocean|Diancie, shiny|100\/100\n|switch|p1a: Iron Bundle|Iron Bundle|100\/100\n|\n|upkeep\n|turn|7\n|c|\u2606Just B3A$T|yo\n|\n|t:|1700569501\n|switch|p2a: FEESH|Alomomola, F, shiny|100\/100\n|move|p1a: Iron Bundle|Ice Beam|p2a: FEESH\n|-resisted|p2a: FEESH\n|-damage|p2a: FEESH|76\/100\n|-status|p2a: FEESH|frz\n|\n|-heal|p2a: FEESH|82\/100 frz|[from] Grassy Terrain\n|upkeep\n|turn|8\n|c|\u2606Just B3A$T|...\n|\n|t:|1700569514\n|move|p1a: Iron Bundle|Freeze-Dry|p2a: FEESH\n|-supereffective|p2a: FEESH\n|-damage|p2a: FEESH|0 fnt\n|faint|p2a: FEESH\n|\n|-fieldend|move: Grassy Terrain\n|upkeep\n|\n|t:|1700569518\n|switch|p2a: MONKE|Rillaboom, M|68\/100\n|-fieldstart|move: Grassy Terrain|[from] ability: Grassy Surge|[of] p2a: MONKE\n|turn|9\n|\n|t:|1700569526\n|-end|p1a: Iron Bundle|Quark Drive|[silent]\n|switch|p1a: Moltres|Moltres|91\/100\n|move|p2a: MONKE|Grassy Glide|p1a: Moltres\n|-resisted|p1a: Moltres\n|-damage|p1a: Moltres|82\/100\n|-damage|p2a: MONKE|58\/100|[from] item: Life Orb\n|\n|-heal|p2a: MONKE|64\/100|[from] Grassy Terrain\n|upkeep\n|turn|10\n|\n|t:|1700569533\n|switch|p2a: budget Ho-oh|Moltres|100\/100\n|move|p1a: Moltres|Fire Blast|p2a: budget Ho-oh\n|-resisted|p2a: budget Ho-oh\n|-damage|p2a: budget Ho-oh|84\/100\n|\n|upkeep\n|turn|11\n|\n|t:|1700569540\n|switch|p1a: Ninetales|Ninetales-Alola, F|100\/100\n|-weather|Snow|[from] ability: Snow Warning|[of] p1a: Ninetales\n|move|p2a: budget Ho-oh|Fire Blast|p1a: Ninetales\n|-supereffective|p1a: Ninetales\n|-damage|p1a: Ninetales|0 fnt\n|faint|p1a: Ninetales\n|\n|-weather|Snow|[upkeep]\n|upkeep\n|c|\u2606Ginesect|Insane\n|\n|t:|1700569550\n|switch|p1a: Arctozolt|Arctozolt|100\/100\n|turn|12\n|\n|t:|1700569566\n|-terastallize|p1a: Arctozolt|Electric\n|-terastallize|p2a: budget Ho-oh|Ground\n|move|p1a: Arctozolt|Bolt Beak|p2a: budget Ho-oh\n|-immune|p2a: budget Ho-oh\n|move|p2a: budget Ho-oh|Fire Blast|p1a: Arctozolt\n|-damage|p1a: Arctozolt|41\/100\n|\n|-weather|Snow|[upkeep]\n|-heal|p1a: Arctozolt|48\/100|[from] Grassy Terrain\n|-heal|p2a: budget Ho-oh|90\/100|[from] Grassy Terrain\n|upkeep\n|turn|13\n|c|\u2606Ginesect|Wtff\n|c|\u2606Ginesect|Insane\n|c|\u2606Ginesect|Nic\n|inactive|Just B3A$T has 270 seconds left.\n|c|\u2606Just B3A$T|making me use my brain too much\n|inactive|Just B3A$T has 240 seconds left.\n|\n|t:|1700569622\n|switch|p1a: Weavile|Weavile, M|58\/100 brn\n|-ability|p1a: Weavile|Pressure\n|move|p2a: budget Ho-oh|Fire Blast|p1a: Weavile\n|-supereffective|p1a: Weavile\n|-damage|p1a: Weavile|0 fnt\n|faint|p1a: Weavile\n|\n|-weather|Snow|[upkeep]\n|-heal|p2a: budget Ho-oh|96\/100|[from] Grassy Terrain\n|-fieldend|move: Grassy Terrain\n|upkeep\n|c|\u2606Just B3A$T|ok\n|c|\u2606Just B3A$T|glad i stuck\n|inactive|Ginesect has 270 seconds left.\n|\n|t:|1700569660\n|switch|p1a: Iron Bundle|Iron Bundle|100\/100\n|turn|14\n|\n|t:|1700569674\n|move|p1a: Iron Bundle|Ice Beam|p2a: budget Ho-oh\n|-supereffective|p2a: budget Ho-oh\n|-damage|p2a: budget Ho-oh|27\/100\n|-status|p2a: budget Ho-oh|frz\n|cant|p2a: budget Ho-oh|frz\n|\n|-weather|Snow|[upkeep]\n|upkeep\n|turn|15\n|c|\u2606Just B3A$T|youi\n|c|\u2606Ginesect|Lol\n|c|\u2606Just B3A$T|fuckimg\n|c|\u2606Just B3A$T|god\n|c|\u2606Ginesect|Lolol\n|c|\u2606Just B3A$T|dammit\n|\n|t:|1700569688\n|move|p1a: Iron Bundle|U-turn|p2a: budget Ho-oh\n|-damage|p2a: budget Ho-oh|16\/100 frz\n|-status|p1a: Iron Bundle|brn|[from] ability: Flame Body|[of] p2a: budget Ho-oh\n|\n|t:|1700569694\n|-end|p1a: Iron Bundle|Quark Drive|[silent]\n|switch|p1a: Baxcalibur|Baxcalibur, F|100\/100|[from] U-turn\n|cant|p2a: budget Ho-oh|frz\n|\n|-weather|none\n|upkeep\n|turn|16\n|\n|t:|1700569697\n|move|p1a: Baxcalibur|Swords Dance|p1a: Baxcalibur\n|-boost|p1a: Baxcalibur|atk|2\n|cant|p2a: budget Ho-oh|frz\n|\n|upkeep\n|turn|17\n|\n|t:|1700569706\n|move|p1a: Baxcalibur|Scale Shot|p2a: budget Ho-oh\n|-damage|p2a: budget Ho-oh|0 fnt\n|faint|p2a: budget Ho-oh\n|-hitcount|p2: budget Ho-oh|1\n|-unboost|p1a: Baxcalibur|def|1\n|-boost|p1a: Baxcalibur|spe|1\n|\n|upkeep\n|\n|t:|1700569711\n|switch|p2a: Profit!|Gholdengo|100\/100\n|-item|p2a: Profit!|Air Balloon\n|turn|18\n|\n|t:|1700569718\n|move|p1a: Baxcalibur|Icicle Spear|p2a: Profit!\n|-resisted|p2a: Profit!\n|-damage|p2a: Profit!|88\/100\n|-enditem|p2a: Profit!|Air Balloon\n|-resisted|p2a: Profit!\n|-damage|p2a: Profit!|75\/100\n|-resisted|p2a: Profit!\n|-damage|p2a: Profit!|61\/100\n|-resisted|p2a: Profit!\n|-damage|p2a: Profit!|47\/100\n|-hitcount|p2a: Profit!|4\n|move|p2a: Profit!|Make It Rain|p1a: Baxcalibur\n|-supereffective|p1a: Baxcalibur\n|-damage|p1a: Baxcalibur|0 fnt\n|-unboost|p2a: Profit!|spa|1\n|faint|p1a: Baxcalibur\n|\n|upkeep\n|c|\u2606Just B3A$T|ok\n|c|\u2606Ginesect|gg\n|c|\u2606Just B3A$T|back to form\n|\n|t:|1700569734\n|switch|p1a: Moltres|Moltres|82\/100\n|turn|19\n|\n|t:|1700569738\n|switch|p2a: Stone Ocean|Diancie, shiny|100\/100\n|move|p1a: Moltres|Hurricane|p2a: Stone Ocean|[miss]\n|-miss|p1a: Moltres|p2a: Stone Ocean\n|\n|upkeep\n|turn|20\n|\n|t:|1700569743\n|switch|p1a: Arctozolt|Arctozolt, tera:Electric|48\/100\n|detailschange|p2a: Stone Ocean|Diancie-Mega, shiny\n|-mega|p2a: Stone Ocean|Diancie|Diancite\n|move|p2a: Stone Ocean|Diamond Storm|p1a: Arctozolt\n|-damage|p1a: Arctozolt|0 fnt\n|-boost|p2a: Stone Ocean|def|2\n|faint|p1a: Arctozolt\n|\n|upkeep\n|\n|t:|1700569746\n|switch|p1a: Iron Bundle|Iron Bundle|100\/100 brn\n|turn|21\n|\n|t:|1700569750\n|switch|p2a: Profit!|Gholdengo|47\/100\n|move|p1a: Iron Bundle|Hydro Pump|p2a: Profit!\n|-damage|p2a: Profit!|0 fnt\n|faint|p2a: Profit!\n|\n|-damage|p1a: Iron Bundle|95\/100 brn|[from] brn\n|upkeep\n|\n|t:|1700569754\n|switch|p2a: edge pro max|Samurott-Hisui, M, shiny|100\/100\n|turn|22\n|\n|t:|1700569757\n|move|p2a: edge pro max|Sacred Sword|p1a: Iron Bundle\n|-supereffective|p1a: Iron Bundle\n|-damage|p1a: Iron Bundle|0 fnt\n|faint|p1a: Iron Bundle\n|-end|p1a: Iron Bundle|Quark Drive|[silent]\n|\n|upkeep\n|c|\u2606Ginesect|gg\n|\n|t:|1700569764\n|switch|p1a: Moltres|Moltres|82\/100\n|turn|23\n|\n|t:|1700569766\n|switch|p2a: MONKE|Rillaboom, M|64\/100\n|-fieldstart|move: Grassy Terrain|[from] ability: Grassy Surge|[of] p2a: MONKE\n|move|p1a: Moltres|Hurricane|p2a: MONKE|[miss]\n|-miss|p1a: Moltres|p2a: MONKE\n|\n|-heal|p2a: MONKE|70\/100|[from] Grassy Terrain\n|upkeep\n|turn|24\n|\n|t:|1700569770\n|move|p2a: MONKE|Grassy Glide|p1a: Moltres\n|-resisted|p1a: Moltres\n|-damage|p1a: Moltres|72\/100\n|-damage|p2a: MONKE|60\/100|[from] item: Life Orb\n|move|p1a: Moltres|Hurricane|p2a: MONKE\n|-supereffective|p2a: MONKE\n|-damage|p2a: MONKE|0 fnt\n|faint|p2a: MONKE\n|\n|upkeep\n|\n|t:|1700569773\n|switch|p2a: Stone Ocean|Diancie-Mega, shiny|100\/100\n|turn|25\n|c|\u2606Just B3A$T|gg\n|\n|t:|1700569777\n|move|p2a: Stone Ocean|Diamond Storm|p1a: Moltres\n|-supereffective|p1a: Moltres\n|-damage|p1a: Moltres|0 fnt\n|-boost|p2a: Stone Ocean|def|2\n|faint|p1a: Moltres\n|\n|win|Just B3A$T\n","uploadtime":1700569782,"views":3,"p1id":"ginesect","p2id":"justb3at","formatid":"gen9nationaldexubers","rating":0,"private":0,"password":""}