{"id":"gen9nationaldexubers-1996273400","p1":"Slark 888","p2":"85792195wwww","format":"[Gen 9] National Dex Ubers","log":"|j|\u2606Slark 888\n|j|\u260685792195wwww\n|t:|1700666341\n|gametype|singles\n|player|p1|Slark 888|red|1448\n|player|p2|85792195wwww|mira|1646\n|teamsize|p1|6\n|teamsize|p2|6\n|gen|9\n|tier|[Gen 9] National Dex Ubers\n|rated|\n|rule|HP Percentage Mod: HP is shown in percentages\n|rule|Endless Battle Clause: Forcing endless battles is banned\n|rule|OHKO Clause: OHKO moves are banned\n|rule|Evasion Moves Clause: Evasion moves are banned\n|rule|Evasion Items Clause: Evasion items are banned\n|rule|Species Clause: Limit one of each Pok\u00e9mon\n|rule|Sleep Clause Mod: Limit one foe put to sleep\n|rule|Mega Rayquaza Clause: You cannot mega evolve Rayquaza\n|clearpoke\n|poke|p1|Melmetal|\n|poke|p1|Cresselia, F|\n|poke|p1|Calyrex-Ice|\n|poke|p1|Hatterene, F|\n|poke|p1|Arceus|\n|poke|p1|Houndstone, M|\n|poke|p2|Arceus|\n|poke|p2|Kingambit, M|\n|poke|p2|Xerneas-*|\n|poke|p2|Kyurem-White|\n|poke|p2|Groudon|\n|poke|p2|Krookodile, M|\n|teampreview\n|\n|t:|1700666361\n|start\n|switch|p1a: \u87ba\u5e3d|Hatterene, F|100\/100\n|switch|p2a: Kyurem|Kyurem-White|100\/100\n|-ability|p2a: Kyurem|Turboblaze\n|turn|1\n|\n|t:|1700666370\n|move|p2a: Kyurem|Ice Beam|p1a: \u87ba\u5e3d\n|-damage|p1a: \u87ba\u5e3d|19\/100\n|-damage|p2a: Kyurem|91\/100|[from] item: Life Orb\n|move|p1a: \u87ba\u5e3d|Trick Room|p1a: \u87ba\u5e3d\n|-fieldstart|move: Trick Room|[of] p1a: \u87ba\u5e3d\n|\n|upkeep\n|turn|2\n|\n|t:|1700666378\n|move|p1a: \u87ba\u5e3d|Misty Explosion|p2a: Kyurem\n|-supereffective|p2a: Kyurem\n|-damage|p2a: Kyurem|9\/100\n|faint|p1a: \u87ba\u5e3d\n|move|p2a: Kyurem|Earth Power|p1: \u87ba\u5e3d|[notarget]\n|-fail|p2a: Kyurem\n|\n|upkeep\n|\n|t:|1700666393\n|switch|p1a: Calyrex|Calyrex-Ice|100\/100\n|-ability|p1a: Calyrex|As One\n|-ability|p1a: Calyrex|Unnerve\n|turn|3\n|\n|t:|1700666414\n|switch|p2a: Krookodile|Krookodile, M|100\/100\n|-ability|p2a: Krookodile|Intimidate|boost\n|-unboost|p1a: Calyrex|atk|1\n|move|p1a: Calyrex|Glacial Lance|p2a: Krookodile\n|-supereffective|p2a: Krookodile\n|-enditem|p2a: Krookodile|Focus Sash\n|-damage|p2a: Krookodile|1\/100\n|\n|upkeep\n|turn|4\n|\n|t:|1700666425\n|switch|p2a: Kingambit|Kingambit, M|100\/100\n|move|p1a: Calyrex|High Horsepower|p2a: Kingambit\n|-supereffective|p2a: Kingambit\n|-crit|p2a: Kingambit\n|-damage|p2a: Kingambit|0 fnt\n|faint|p2a: Kingambit\n|-end|p2a: Kingambit|fallenundefined|[silent]\n|-ability|p1a: Calyrex|Chilling Neigh|boost\n|-boost|p1a: Calyrex|atk|1\n|\n|upkeep\n|\n|t:|1700666444\n|switch|p2a: Groudon|Groudon|100\/100\n|detailschange|p2a: Groudon|Groudon-Primal\n|-primal|p2a: Groudon|Red Orb\n|-weather|DesolateLand|[from] ability: Desolate Land|[of] p2a: Groudon\n|turn|5\n|\n|t:|1700666450\n|move|p1a: Calyrex|High Horsepower|p2a: Groudon\n|-supereffective|p2a: Groudon\n|-damage|p2a: Groudon|40\/100\n|move|p2a: Groudon|Swords Dance|p2a: Groudon\n|-boost|p2a: Groudon|atk|2\n|\n|-weather|DesolateLand|[upkeep]\n|-fieldend|move: Trick Room\n|upkeep\n|turn|6\n|\n|t:|1700666466\n|move|p2a: Groudon|Precipice Blades|p1a: Calyrex\n|-damage|p1a: Calyrex|5\/100\n|move|p1a: Calyrex|Glacial Lance|p2a: Groudon\n|-damage|p2a: Groudon|0 fnt\n|faint|p2a: Groudon\n|-weather|none\n|-ability|p1a: Calyrex|Chilling Neigh|boost\n|-boost|p1a: Calyrex|atk|1\n|\n|upkeep\n|\n|t:|1700666488\n|switch|p2a: Xerneas|Xerneas|100\/100\n|-ability|p2a: Xerneas|Fairy Aura\n|turn|7\n|\n|t:|1700666494\n|move|p2a: Xerneas|Moonblast|p1a: Calyrex\n|-damage|p1a: Calyrex|0 fnt\n|faint|p1a: Calyrex\n|\n|upkeep\n|\n|t:|1700666502\n|switch|p1a: \u7f8e\u68a6|Cresselia, F|100\/100\n|turn|8\n|\n|t:|1700666507\n|move|p2a: Xerneas|Geomancy||[still]\n|-prepare|p2a: Xerneas|Geomancy\n|-enditem|p2a: Xerneas|Power Herb\n|-anim|p2a: Xerneas|Geomancy|p2a: Xerneas\n|-boost|p2a: Xerneas|spa|2\n|-boost|p2a: Xerneas|spd|2\n|-boost|p2a: Xerneas|spe|2\n|move|p1a: \u7f8e\u68a6|Trick Room|p1a: \u7f8e\u68a6\n|-fieldstart|move: Trick Room|[of] p1a: \u7f8e\u68a6\n|\n|upkeep\n|turn|9\n|\n|t:|1700666517\n|move|p1a: \u7f8e\u68a6|Lunar Dance|p1a: \u7f8e\u68a6\n|faint|p1a: \u7f8e\u68a6\n|move|p2a: Xerneas|Focus Blast|p1: \u7f8e\u68a6|[notarget]\n|-fail|p2a: Xerneas\n|\n|upkeep\n|\n|t:|1700666522\n|switch|p1a: \u628a\u4f60\u6376\u6210sb|Melmetal|100\/100\n|turn|10\n|\n|t:|1700666537\n|-terastallize|p1a: \u628a\u4f60\u6376\u6210sb|Steel\n|move|p1a: \u628a\u4f60\u6376\u6210sb|Double Iron Bash|p2a: Xerneas\n|-supereffective|p2a: Xerneas\n|-damage|p2a: Xerneas|0 fnt\n|faint|p2a: Xerneas\n|-hitcount|p2: Xerneas|1\n|\n|upkeep\n|\n|t:|1700666545\n|switch|p2a: Krookodile|Krookodile, M|1\/100\n|-ability|p2a: Krookodile|Intimidate|boost\n|-unboost|p1a: \u628a\u4f60\u6376\u6210sb|atk|1\n|turn|11\n|\n|t:|1700666551\n|switch|p2a: Kyurem|Kyurem-White|9\/100\n|-ability|p2a: Kyurem|Turboblaze\n|move|p1a: \u628a\u4f60\u6376\u6210sb|Double Iron Bash|p2a: Kyurem\n|-supereffective|p2a: Kyurem\n|-damage|p2a: Kyurem|0 fnt\n|faint|p2a: Kyurem\n|-hitcount|p2: Kyurem|1\n|\n|upkeep\n|\n|t:|1700666561\n|switch|p2a: Krookodile|Krookodile, M|1\/100\n|-ability|p2a: Krookodile|Intimidate|boost\n|-unboost|p1a: \u628a\u4f60\u6376\u6210sb|atk|1\n|turn|12\n|\n|t:|1700666570\n|switch|p1a: Arceus|Arceus|100\/100\n|move|p2a: Krookodile|Stealth Rock|p1a: Arceus\n|-sidestart|p1: Slark 888|move: Stealth Rock\n|\n|-fieldend|move: Trick Room\n|upkeep\n|turn|13\n|\n|t:|1700666588\n|move|p2a: Krookodile|Taunt|p1a: Arceus\n|-start|p1a: Arceus|move: Taunt\n|cant|p1a: Arceus|move: Taunt|Swords Dance\n|\n|upkeep\n|turn|14\n|\n|t:|1700666594\n|move|p1a: Arceus|Extreme Speed|p2a: Krookodile\n|-damage|p2a: Krookodile|0 fnt\n|faint|p2a: Krookodile\n|\n|upkeep\n|\n|t:|1700666600\n|switch|p2a: Arceus|Arceus|100\/100\n|turn|15\n|\n|t:|1700666611\n|switch|p1a: \u628a\u4f60\u6376\u6210sb|Melmetal, tera:Steel|100\/100\n|-heal|p1a: \u628a\u4f60\u6376\u6210sb|100\/100|[from] move: Lunar Dance\n|-damage|p1a: \u628a\u4f60\u6376\u6210sb|94\/100|[from] Stealth Rock\n|move|p2a: Arceus|Swords Dance|p2a: Arceus\n|-boost|p2a: Arceus|atk|2\n|\n|upkeep\n|turn|16\n|\n|t:|1700666621\n|move|p2a: Arceus|Earthquake|p1a: \u628a\u4f60\u6376\u6210sb\n|-supereffective|p1a: \u628a\u4f60\u6376\u6210sb\n|-damage|p1a: \u628a\u4f60\u6376\u6210sb|0 fnt\n|faint|p1a: \u628a\u4f60\u6376\u6210sb\n|-damage|p2a: Arceus|91\/100|[from] item: Life Orb\n|\n|upkeep\n|\n|t:|1700666642\n|switch|p1a: Arceus|Arceus|100\/100\n|-damage|p1a: Arceus|88\/100|[from] Stealth Rock\n|turn|17\n|\n|t:|1700666648\n|-terastallize|p2a: Arceus|Normal\n|move|p2a: Arceus|Extreme Speed|p1a: Arceus\n|-damage|p1a: Arceus|0 fnt\n|faint|p1a: Arceus\n|-damage|p2a: Arceus|81\/100|[from] item: Life Orb\n|\n|upkeep\n|\n|t:|1700666657\n|switch|p1a: Houndstone|Houndstone, M|100\/100\n|-damage|p1a: Houndstone|88\/100|[from] Stealth Rock\n|turn|18\n|\n|t:|1700666665\n|move|p2a: Arceus|Shadow Claw|p1a: Houndstone\n|-supereffective|p1a: Houndstone\n|-damage|p1a: Houndstone|20\/100\n|-damage|p2a: Arceus|71\/100|[from] item: Life Orb\n|move|p1a: Houndstone|Body Press|p2a: Arceus\n|-supereffective|p2a: Arceus\n|-damage|p2a: Arceus|28\/100\n|\n|upkeep\n|turn|19\n|\n|t:|1700666675\n|move|p2a: Arceus|Shadow Claw|p1a: Houndstone\n|-supereffective|p1a: Houndstone\n|-damage|p1a: Houndstone|0 fnt\n|faint|p1a: Houndstone\n|-damage|p2a: Arceus|18\/100|[from] item: Life Orb\n|\n|win|85792195wwww\n|raw|Slark 888's rating: 1448 &rarr; <strong>1438<\/strong><br \/>(-10 for losing)\n|raw|85792195wwww's rating: 1646 &rarr; <strong>1656<\/strong><br \/>(+10 for winning)\n|l|\u2606Slark 888\n","uploadtime":1700666683,"views":0,"p1id":"slark888","p2id":"85792195wwww","formatid":"gen9nationaldexubers","rating":1438,"private":0,"password":""}