{"id":"gen9nationaldexubers-1994760753","p1":"Razorgliscor472","p2":"Ginesect","format":"[Gen 9] National Dex Ubers","log":"|j|\u2606Razorgliscor472\n|j|\u2606Ginesect\n|t:|1700490076\n|gametype|singles\n|player|p1|Razorgliscor472|266|\n|player|p2|Ginesect|cynthia|\n|teamsize|p1|6\n|teamsize|p2|6\n|gen|9\n|tier|[Gen 9] National Dex Ubers\n|rule|HP Percentage Mod: HP is shown in percentages\n|rule|Endless Battle Clause: Forcing endless battles is banned\n|rule|OHKO Clause: OHKO moves are banned\n|rule|Evasion Moves Clause: Evasion moves are banned\n|rule|Evasion Items Clause: Evasion items are banned\n|rule|Species Clause: Limit one of each Pok\u00e9mon\n|rule|Sleep Clause Mod: Limit one foe put to sleep\n|rule|Mega Rayquaza Clause: You cannot mega evolve Rayquaza\n|clearpoke\n|poke|p1|Gholdengo|\n|poke|p1|Tapu Lele|\n|poke|p1|Urshifu-*, M|\n|poke|p1|Garchomp, M|\n|poke|p1|Rotom-Wash|\n|poke|p1|Tornadus-Therian, M|\n|poke|p2|Ninetales-Alola, M|\n|poke|p2|Baxcalibur, M|\n|poke|p2|Iron Bundle|\n|poke|p2|Weavile, M|\n|poke|p2|Arctozolt|\n|poke|p2|Moltres|\n|teampreview\n|c|\u2606Razorgliscor472|Glhf\n|\n|t:|1700490100\n|start\n|switch|p1a: Gholdengo|Gholdengo|100\/100\n|switch|p2a: Weavile|Weavile, M|100\/100\n|-ability|p2a: Weavile|Pressure\n|turn|1\n|c|\u2606Ginesect|Glhf\n|\n|t:|1700490114\n|move|p2a: Weavile|Swords Dance|p2a: Weavile\n|-boost|p2a: Weavile|atk|2\n|move|p1a: Gholdengo|Make It Rain|p2a: Weavile\n|-supereffective|p2a: Weavile\n|-crit|p2a: Weavile\n|-enditem|p2a: Weavile|Focus Sash\n|-damage|p2a: Weavile|1\/100\n|-unboost|p1a: Gholdengo|spa|1\n|\n|upkeep\n|turn|2\n|\n|t:|1700490121\n|switch|p1a: Rotom|Rotom-Wash|100\/100\n|move|p2a: Weavile|Knock Off|p1a: Rotom\n|-damage|p1a: Rotom|23\/100\n|-enditem|p1a: Rotom|Leftovers|[from] move: Knock Off|[of] p2a: Weavile\n|\n|upkeep\n|turn|3\n|\n|t:|1700490128\n|move|p2a: Weavile|Knock Off|p1a: Rotom\n|-damage|p1a: Rotom|0 fnt\n|faint|p1a: Rotom\n|\n|upkeep\n|\n|t:|1700490131\n|switch|p1a: Tapu Lele|Tapu Lele|100\/100\n|-fieldstart|move: Psychic Terrain|[from] ability: Psychic Surge|[of] p1a: Tapu Lele\n|turn|4\n|\n|t:|1700490145\n|move|p1a: Tapu Lele|Moonblast|p2a: Weavile\n|-supereffective|p2a: Weavile\n|-damage|p2a: Weavile|0 fnt\n|faint|p2a: Weavile\n|\n|upkeep\n|\n|t:|1700490148\n|switch|p2a: Ninetales|Ninetales-Alola, M|100\/100\n|-weather|Snow|[from] ability: Snow Warning|[of] p2a: Ninetales\n|turn|5\n|\n|t:|1700490159\n|switch|p1a: Gholdengo|Gholdengo|100\/100\n|move|p2a: Ninetales|Aurora Veil|p2a: Ninetales\n|-sidestart|p2: Ginesect|move: Aurora Veil\n|\n|-weather|Snow|[upkeep]\n|upkeep\n|turn|6\n|\n|t:|1700490169\n|switch|p2a: Moltres|Moltres|100\/100\n|move|p1a: Gholdengo|Make It Rain|p2a: Moltres\n|-resisted|p2a: Moltres\n|-damage|p2a: Moltres|89\/100\n|-unboost|p1a: Gholdengo|spa|1\n|\n|-weather|Snow|[upkeep]\n|upkeep\n|turn|7\n|\n|t:|1700490175\n|switch|p2a: Baxcalibur|Baxcalibur, M|100\/100\n|switch|p1a: Garchomp|Garchomp, M|100\/100\n|\n|-weather|Snow|[upkeep]\n|upkeep\n|turn|8\n|\n|t:|1700490181\n|-terastallize|p2a: Baxcalibur|Fairy\n|move|p2a: Baxcalibur|Swords Dance|p2a: Baxcalibur\n|-boost|p2a: Baxcalibur|atk|2\n|move|p1a: Garchomp|Dragon Tail|p2a: Baxcalibur\n|-immune|p2a: Baxcalibur\n|\n|-weather|Snow|[upkeep]\n|-fieldend|move: Psychic Terrain\n|upkeep\n|turn|9\n|\n|t:|1700490190\n|switch|p1a: Tapu Lele|Tapu Lele|100\/100\n|-fieldstart|move: Psychic Terrain|[from] ability: Psychic Surge|[of] p1a: Tapu Lele\n|move|p2a: Baxcalibur|Icicle Spear|p1a: Tapu Lele\n|-damage|p1a: Tapu Lele|55\/100\n|-damage|p1a: Tapu Lele|13\/100\n|-damage|p1a: Tapu Lele|0 fnt\n|faint|p1a: Tapu Lele\n|-hitcount|p1: Tapu Lele|3\n|\n|-weather|none\n|-sideend|p2: Ginesect|move: Aurora Veil\n|upkeep\n|c|\u2606Ginesect|Expected\n|\n|t:|1700490202\n|switch|p1a: Urshifu|Urshifu, M|100\/100\n|turn|10\n|\n|t:|1700490213\n|move|p1a: Urshifu|Iron Head|p2a: Baxcalibur\n|-supereffective|p2a: Baxcalibur\n|-damage|p2a: Baxcalibur|13\/100\n|move|p2a: Baxcalibur|Scale Shot|p1a: Urshifu|[miss]\n|-miss|p2a: Baxcalibur|p1a: Urshifu\n|\n|upkeep\n|turn|11\n|c|\u2606Ginesect|Hax\n|\n|t:|1700490220\n|switch|p2a: Moltres|Moltres|89\/100\n|move|p1a: Urshifu|Iron Head|p2a: Moltres\n|-resisted|p2a: Moltres\n|-damage|p2a: Moltres|73\/100\n|\n|upkeep\n|turn|12\n|\n|t:|1700490230\n|switch|p1a: Tornadus|Tornadus-Therian, M|100\/100\n|move|p2a: Moltres|Hurricane|p1a: Tornadus\n|-damage|p1a: Tornadus|48\/100\n|\n|upkeep\n|turn|13\n|\n|t:|1700490246\n|switch|p2a: Ninetales|Ninetales-Alola, M|100\/100\n|-weather|Snow|[from] ability: Snow Warning|[of] p2a: Ninetales\n|move|p1a: Tornadus|U-turn|p2a: Ninetales\n|-resisted|p2a: Ninetales\n|-damage|p2a: Ninetales|94\/100\n|\n|t:|1700490252\n|switch|p1a: Gholdengo|Gholdengo|100\/100|[from] U-turn\n|\n|-weather|Snow|[upkeep]\n|-heal|p2a: Ninetales|100\/100|[from] item: Leftovers\n|-fieldend|move: Psychic Terrain\n|upkeep\n|turn|14\n|\n|t:|1700490260\n|switch|p2a: Moltres|Moltres|73\/100\n|move|p1a: Gholdengo|Make It Rain|p2a: Moltres\n|-resisted|p2a: Moltres\n|-damage|p2a: Moltres|47\/100\n|-unboost|p1a: Gholdengo|spa|1\n|\n|-weather|Snow|[upkeep]\n|upkeep\n|turn|15\n|\n|t:|1700490267\n|switch|p1a: Tornadus|Tornadus-Therian, M|81\/100\n|move|p2a: Moltres|Roost|p2a: Moltres\n|-heal|p2a: Moltres|97\/100\n|-singleturn|p2a: Moltres|move: Roost\n|\n|-weather|Snow|[upkeep]\n|upkeep\n|turn|16\n|\n|t:|1700490270\n|move|p1a: Tornadus|Hurricane|p2a: Moltres|[miss]\n|-miss|p1a: Tornadus|p2a: Moltres\n|move|p2a: Moltres|Hurricane|p1a: Tornadus\n|-damage|p1a: Tornadus|34\/100\n|\n|-weather|Snow|[upkeep]\n|upkeep\n|turn|17\n|\n|t:|1700490276\n|move|p1a: Tornadus|U-turn|p2a: Moltres\n|-resisted|p2a: Moltres\n|-damage|p2a: Moltres|95\/100\n|\n|t:|1700490279\n|switch|p1a: Gholdengo|Gholdengo|100\/100|[from] U-turn\n|move|p2a: Moltres|Hurricane|p1a: Gholdengo\n|-resisted|p1a: Gholdengo\n|-damage|p1a: Gholdengo|81\/100\n|\n|-weather|none\n|-heal|p1a: Gholdengo|88\/100|[from] item: Leftovers\n|upkeep\n|turn|18\n|\n|t:|1700490291\n|move|p2a: Moltres|Fire Blast|p1a: Gholdengo\n|-supereffective|p1a: Gholdengo\n|-damage|p1a: Gholdengo|12\/100\n|move|p1a: Gholdengo|Shadow Ball|p2a: Moltres\n|-damage|p2a: Moltres|61\/100\n|\n|-heal|p1a: Gholdengo|18\/100|[from] item: Leftovers\n|upkeep\n|turn|19\n|\n|t:|1700490301\n|switch|p1a: Garchomp|Garchomp, M|100\/100\n|move|p2a: Moltres|Hurricane|p1a: Garchomp|[miss]\n|-miss|p2a: Moltres|p1a: Garchomp\n|\n|upkeep\n|turn|20\n|\n|t:|1700490309\n|switch|p2a: Ninetales|Ninetales-Alola, M|100\/100\n|-weather|Snow|[from] ability: Snow Warning|[of] p2a: Ninetales\n|move|p1a: Garchomp|Stealth Rock|p2a: Ninetales\n|-sidestart|p2: Ginesect|move: Stealth Rock\n|\n|-weather|Snow|[upkeep]\n|upkeep\n|turn|21\n|\n|t:|1700490318\n|switch|p1a: Gholdengo|Gholdengo|18\/100\n|move|p2a: Ninetales|Aurora Veil|p2a: Ninetales\n|-sidestart|p2: Ginesect|move: Aurora Veil\n|\n|-weather|Snow|[upkeep]\n|-heal|p1a: Gholdengo|25\/100|[from] item: Leftovers\n|upkeep\n|turn|22\n|\n|t:|1700490326\n|move|p2a: Ninetales|Blizzard|p1a: Gholdengo\n|-resisted|p1a: Gholdengo\n|-damage|p1a: Gholdengo|12\/100\n|move|p1a: Gholdengo|Recover|p1a: Gholdengo\n|-heal|p1a: Gholdengo|62\/100\n|\n|-weather|Snow|[upkeep]\n|-heal|p1a: Gholdengo|68\/100|[from] item: Leftovers\n|upkeep\n|turn|23\n|c|\u2606Ginesect|Insane\n|\n|t:|1700490335\n|switch|p2a: Moltres|Moltres|61\/100\n|move|p1a: Gholdengo|Recover|p1a: Gholdengo\n|-heal|p1a: Gholdengo|100\/100\n|\n|-weather|Snow|[upkeep]\n|upkeep\n|turn|24\n|\n|t:|1700490340\n|switch|p1a: Garchomp|Garchomp, M|100\/100\n|move|p2a: Moltres|Hurricane|p1a: Garchomp\n|-damage|p1a: Garchomp|55\/100\n|\n|-weather|none\n|upkeep\n|turn|25\n|\n|t:|1700490343\n|move|p1a: Garchomp|Toxic|p2a: Moltres\n|-status|p2a: Moltres|tox\n|move|p2a: Moltres|Hurricane|p1a: Garchomp\n|-damage|p1a: Garchomp|6\/100\n|\n|-damage|p2a: Moltres|54\/100 tox|[from] psn\n|-sideend|p2: Ginesect|move: Aurora Veil\n|upkeep\n|turn|26\n|\n|t:|1700490351\n|switch|p1a: Tornadus|Tornadus-Therian, M|67\/100\n|move|p2a: Moltres|Fire Blast|p1a: Tornadus\n|-damage|p1a: Tornadus|14\/100\n|\n|-damage|p2a: Moltres|42\/100 tox|[from] psn\n|upkeep\n|turn|27\n|\n|t:|1700490358\n|move|p1a: Tornadus|Hurricane|p2a: Moltres|[miss]\n|-miss|p1a: Tornadus|p2a: Moltres\n|move|p2a: Moltres|Hurricane|p1a: Tornadus\n|-damage|p1a: Tornadus|0 fnt\n|faint|p1a: Tornadus\n|\n|-damage|p2a: Moltres|23\/100 tox|[from] psn\n|upkeep\n|\n|t:|1700490360\n|switch|p1a: Urshifu|Urshifu, M|100\/100\n|turn|28\n|\n|t:|1700490374\n|move|p1a: Urshifu|Close Combat|p2a: Moltres\n|-resisted|p2a: Moltres\n|-damage|p2a: Moltres|0 fnt\n|-unboost|p1a: Urshifu|def|1\n|-unboost|p1a: Urshifu|spd|1\n|faint|p2a: Moltres\n|\n|upkeep\n|\n|t:|1700490379\n|switch|p2a: Ninetales|Ninetales-Alola, M|100\/100\n|-damage|p2a: Ninetales|76\/100|[from] Stealth Rock\n|-weather|Snow|[from] ability: Snow Warning|[of] p2a: Ninetales\n|turn|29\n|\n|t:|1700490382\n|switch|p1a: Gholdengo|Gholdengo|100\/100\n|move|p2a: Ninetales|Aurora Veil|p2a: Ninetales\n|-sidestart|p2: Ginesect|move: Aurora Veil\n|\n|-weather|Snow|[upkeep]\n|-heal|p2a: Ninetales|82\/100|[from] item: Leftovers\n|upkeep\n|turn|30\n|\n|t:|1700490392\n|switch|p2a: Arctozolt|Arctozolt|100\/100\n|-damage|p2a: Arctozolt|76\/100|[from] Stealth Rock\n|move|p1a: Gholdengo|Nasty Plot|p1a: Gholdengo\n|-boost|p1a: Gholdengo|spa|2\n|\n|-weather|Snow|[upkeep]\n|upkeep\n|turn|31\n|\n|t:|1700490398\n|move|p2a: Arctozolt|Icicle Crash|p1a: Gholdengo\n|-resisted|p1a: Gholdengo\n|-damage|p1a: Gholdengo|76\/100\n|cant|p1a: Gholdengo|flinch\n|\n|-weather|Snow|[upkeep]\n|-heal|p1a: Gholdengo|82\/100|[from] item: Leftovers\n|upkeep\n|turn|32\n|\n|t:|1700490406\n|switch|p2a: Baxcalibur|Baxcalibur, M, tera:Fairy|13\/100\n|-damage|p2a: Baxcalibur|1\/100|[from] Stealth Rock\n|switch|p1a: Garchomp|Garchomp, M|6\/100\n|\n|-weather|Snow|[upkeep]\n|upkeep\n|turn|33\n|\n|t:|1700490413\n|move|p2a: Baxcalibur|Icicle Spear|p1a: Garchomp\n|-supereffective|p1a: Garchomp\n|-damage|p1a: Garchomp|0 fnt\n|faint|p1a: Garchomp\n|-hitcount|p1: Garchomp|1\n|\n|-weather|none\n|-sideend|p2: Ginesect|move: Aurora Veil\n|upkeep\n|\n|t:|1700490415\n|switch|p1a: Urshifu|Urshifu, M|100\/100\n|turn|34\n|c|\u2606Ginesect|Damn\n|\n|t:|1700490432\n|move|p1a: Urshifu|Iron Head|p2a: Baxcalibur\n|-supereffective|p2a: Baxcalibur\n|-damage|p2a: Baxcalibur|0 fnt\n|faint|p2a: Baxcalibur\n|\n|upkeep\n|\n|t:|1700490436\n|switch|p2a: Ninetales|Ninetales-Alola, M|82\/100\n|-damage|p2a: Ninetales|57\/100|[from] Stealth Rock\n|-weather|Snow|[from] ability: Snow Warning|[of] p2a: Ninetales\n|turn|35\n|\n|t:|1700490446\n|switch|p1a: Gholdengo|Gholdengo|82\/100\n|move|p2a: Ninetales|Aurora Veil|p2a: Ninetales\n|-sidestart|p2: Ginesect|move: Aurora Veil\n|\n|-weather|Snow|[upkeep]\n|-heal|p2a: Ninetales|63\/100|[from] item: Leftovers\n|-heal|p1a: Gholdengo|88\/100|[from] item: Leftovers\n|upkeep\n|turn|36\n|\n|t:|1700490456\n|move|p2a: Ninetales|Blizzard|p1a: Gholdengo\n|-resisted|p1a: Gholdengo\n|-damage|p1a: Gholdengo|77\/100\n|move|p1a: Gholdengo|Nasty Plot|p1a: Gholdengo\n|-boost|p1a: Gholdengo|spa|2\n|\n|-weather|Snow|[upkeep]\n|-heal|p2a: Ninetales|69\/100|[from] item: Leftovers\n|-heal|p1a: Gholdengo|83\/100|[from] item: Leftovers\n|upkeep\n|turn|37\n|\n|t:|1700490460\n|move|p2a: Ninetales|Encore|p1a: Gholdengo\n|-immune|p1a: Gholdengo|[from] ability: Good as Gold\n|move|p1a: Gholdengo|Recover|p1a: Gholdengo\n|-heal|p1a: Gholdengo|100\/100\n|\n|-weather|Snow|[upkeep]\n|-heal|p2a: Ninetales|75\/100|[from] item: Leftovers\n|upkeep\n|turn|38\n|c|\u2606Ginesect|Oh fuck\n|c|\u2606Ginesect|I forgot\n|\n|t:|1700490470\n|switch|p2a: Iron Bundle|Iron Bundle|100\/100\n|move|p1a: Gholdengo|Nasty Plot|p1a: Gholdengo\n|-boost|p1a: Gholdengo|spa|2\n|\n|-weather|Snow|[upkeep]\n|upkeep\n|turn|39\n|\n|t:|1700490474\n|move|p2a: Iron Bundle|Hydro Pump|p1a: Gholdengo|[miss]\n|-miss|p2a: Iron Bundle|p1a: Gholdengo\n|move|p1a: Gholdengo|Make It Rain|p2a: Iron Bundle\n|-damage|p2a: Iron Bundle|0 fnt\n|-unboost|p1a: Gholdengo|spa|1\n|faint|p2a: Iron Bundle\n|-end|p2a: Iron Bundle|Quark Drive|[silent]\n|\n|-weather|none\n|-sideend|p2: Ginesect|move: Aurora Veil\n|upkeep\n|\n|t:|1700490478\n|switch|p2a: Ninetales|Ninetales-Alola, M|75\/100\n|-damage|p2a: Ninetales|50\/100|[from] Stealth Rock\n|-weather|Snow|[from] ability: Snow Warning|[of] p2a: Ninetales\n|turn|40\n|\n|t:|1700490483\n|move|p2a: Ninetales|Aurora Veil|p2a: Ninetales\n|-sidestart|p2: Ginesect|move: Aurora Veil\n|move|p1a: Gholdengo|Make It Rain|p2a: Ninetales\n|-supereffective|p2a: Ninetales\n|-damage|p2a: Ninetales|0 fnt\n|-unboost|p1a: Gholdengo|spa|1\n|faint|p2a: Ninetales\n|\n|-weather|Snow|[upkeep]\n|upkeep\n|\n|t:|1700490485\n|switch|p2a: Arctozolt|Arctozolt|76\/100\n|-damage|p2a: Arctozolt|51\/100|[from] Stealth Rock\n|turn|41\n|\n|t:|1700490489\n|move|p2a: Arctozolt|Bolt Beak|p1a: Gholdengo\n|-damage|p1a: Gholdengo|16\/100\n|move|p1a: Gholdengo|Make It Rain|p2a: Arctozolt\n|-damage|p2a: Arctozolt|0 fnt\n|-unboost|p1a: Gholdengo|spa|1\n|faint|p2a: Arctozolt\n|\n|win|Razorgliscor472\n|c|\u2606Razorgliscor472|Gg\n|c|\u2606Ginesect|Wtf\n|c|\u2606Ginesect|Damn\n|c|\u2606Ginesect|It survived\n|c|\u2606Ginesect|gg\n|l|\u2606Razorgliscor472\n|j|\u2606Razorgliscor472\n|player|p1|Razorgliscor472|266\n|l|\u2606Ginesect\n|j|\u2606Ginesect\n|player|p2|Ginesect|cynthia\n|l|\u2606Razorgliscor472\n|player|p1|\n|j| Dozkek\n|l| Dozkek\n|j| Dozkek\n|l| Dozkek\n|j| AlolanSandslashOU\n|j|\u2606Razorgliscor472\n|player|p1|Razorgliscor472|266\n|l| AlolanSandslashOU\n|j| Dozkek\n","uploadtime":1700490503,"views":17,"p1id":"razorgliscor472","p2id":"ginesect","formatid":"gen9nationaldexubers","rating":0,"private":0,"password":""}