{"id":"gen9nationaldexubers-1997743830","p1":"JustMonika_CARR","p2":"JordanPGSL","format":"[Gen 9] National Dex Ubers","log":"|j|\u2606JustMonika_CARR\n|j|\u2606JordanPGSL\n|t:|1700848006\n|gametype|singles\n|player|p1|JustMonika_CARR|rosa|1399\n|player|p2|JordanPGSL|allister|1418\n|teamsize|p1|6\n|teamsize|p2|6\n|gen|9\n|tier|[Gen 9] National Dex Ubers\n|rated|\n|rule|HP Percentage Mod: HP is shown in percentages\n|rule|Endless Battle Clause: Forcing endless battles is banned\n|rule|OHKO Clause: OHKO moves are banned\n|rule|Evasion Moves Clause: Evasion moves are banned\n|rule|Evasion Items Clause: Evasion items are banned\n|rule|Species Clause: Limit one of each Pok\u00e9mon\n|rule|Sleep Clause Mod: Limit one foe put to sleep\n|rule|Mega Rayquaza Clause: You cannot mega evolve Rayquaza\n|clearpoke\n|poke|p1|Shuckle, M|\n|poke|p1|Deoxys-Speed|\n|poke|p1|Arceus|\n|poke|p1|Forretress, M|\n|poke|p1|Magearna|\n|poke|p1|Pyukumuku, M|\n|poke|p2|Zygarde-10%|\n|poke|p2|Xerneas-*|\n|poke|p2|Yveltal|\n|poke|p2|Marshadow|\n|poke|p2|Groudon|\n|poke|p2|Magearna|\n|teampreview\n|\n|t:|1700848013\n|start\n|switch|p1a: Forretress|Forretress, M, shiny|100\/100\n|switch|p2a: Zygarde|Zygarde-10%|100\/100\n|turn|1\n|\n|t:|1700848017\n|move|p2a: Zygarde|Dragon Dance|p2a: Zygarde\n|-boost|p2a: Zygarde|atk|1\n|-boost|p2a: Zygarde|spe|1\n|move|p1a: Forretress|Stealth Rock|p2a: Zygarde\n|-sidestart|p2: JordanPGSL|move: Stealth Rock\n|\n|upkeep\n|turn|2\n|\n|t:|1700848019\n|move|p2a: Zygarde|Dragon Dance|p2a: Zygarde\n|-boost|p2a: Zygarde|atk|1\n|-boost|p2a: Zygarde|spe|1\n|move|p1a: Forretress|Toxic Spikes|p2a: Zygarde\n|-sidestart|p2: JordanPGSL|move: Toxic Spikes\n|\n|upkeep\n|turn|3\n|\n|t:|1700848021\n|move|p2a: Zygarde|Dragon Dance|p2a: Zygarde\n|-boost|p2a: Zygarde|atk|1\n|-boost|p2a: Zygarde|spe|1\n|move|p1a: Forretress|Toxic Spikes|p2a: Zygarde\n|-sidestart|p2: JordanPGSL|move: Toxic Spikes\n|\n|upkeep\n|turn|4\n|\n|t:|1700848025\n|move|p2a: Zygarde|Dragon Dance|p2a: Zygarde\n|-boost|p2a: Zygarde|atk|1\n|-boost|p2a: Zygarde|spe|1\n|move|p1a: Forretress|Rapid Spin|p2a: Zygarde\n|-damage|p2a: Zygarde|83\/100\n|-boost|p1a: Forretress|spe|1\n|\n|upkeep\n|turn|5\n|\n|t:|1700848031\n|move|p2a: Zygarde|Thousand Arrows|p1a: Forretress\n|-damage|p1a: Forretress|4\/100\n|-enditem|p1a: Forretress|Red Card|[of] p2a: Zygarde\n|drag|p2a: Xerneas|Xerneas|100\/100\n|-damage|p2a: Xerneas|88\/100|[from] Stealth Rock\n|-status|p2a: Xerneas|tox\n|-ability|p2a: Xerneas|Fairy Aura\n|move|p1a: Forretress|Rapid Spin|p2a: Xerneas\n|-damage|p2a: Xerneas|80\/100 tox\n|-boost|p1a: Forretress|spe|1\n|\n|-damage|p2a: Xerneas|74\/100 tox|[from] psn\n|upkeep\n|turn|6\n|\n|t:|1700848048\n|move|p1a: Forretress|Endure|p1a: Forretress\n|-singleturn|p1a: Forretress|move: Endure\n|move|p2a: Xerneas|Moonblast|p1a: Forretress\n|-resisted|p1a: Forretress\n|-activate|p1a: Forretress|move: Endure\n|-damage|p1a: Forretress|1\/100\n|\n|-damage|p2a: Xerneas|62\/100 tox|[from] psn\n|upkeep\n|turn|7\n|\n|t:|1700848051\n|move|p1a: Forretress|Endure|p1a: Forretress\n|-singleturn|p1a: Forretress|move: Endure\n|move|p2a: Xerneas|Moonblast|p1a: Forretress\n|-resisted|p1a: Forretress\n|-activate|p1a: Forretress|move: Endure\n|-damage|p1a: Forretress|1\/100\n|-unboost|p1a: Forretress|spa|1\n|\n|-damage|p2a: Xerneas|44\/100 tox|[from] psn\n|upkeep\n|turn|8\n|\n|t:|1700848055\n|move|p1a: Forretress|Endure||[still]\n|-fail|p1a: Forretress\n|move|p2a: Xerneas|Moonblast|p1a: Forretress\n|-resisted|p1a: Forretress\n|-damage|p1a: Forretress|0 fnt\n|faint|p1a: Forretress\n|\n|-damage|p2a: Xerneas|19\/100 tox|[from] psn\n|upkeep\n|\n|t:|1700848061\n|switch|p1a: Deoxys|Deoxys-Speed, shiny|100\/100\n|-ability|p1a: Deoxys|Pressure\n|turn|9\n|\n|t:|1700848064\n|move|p1a: Deoxys|Light Screen|p1a: Deoxys\n|-sidestart|p1: JustMonika_CARR|move: Light Screen\n|move|p2a: Xerneas|Moonblast|p1a: Deoxys\n|-damage|p1a: Deoxys|57\/100\n|\n|-damage|p2a: Xerneas|0 fnt|[from] psn\n|faint|p2a: Xerneas\n|upkeep\n|\n|t:|1700848067\n|switch|p2a: Yveltal|Yveltal|100\/100\n|-damage|p2a: Yveltal|76\/100|[from] Stealth Rock\n|-ability|p2a: Yveltal|Dark Aura\n|turn|10\n|\n|t:|1700848074\n|move|p1a: Deoxys|Reflect|p1a: Deoxys\n|-sidestart|p1: JustMonika_CARR|Reflect\n|move|p2a: Yveltal|Defog|p1a: Deoxys\n|-unboost|p1a: Deoxys|evasion|1\n|-sideend|p1: JustMonika_CARR|Reflect\n|-sideend|p1: JustMonika_CARR|move: Light Screen\n|-sideend|p2: JordanPGSL|Toxic Spikes|[from] move: Defog|[of] p2a: Yveltal\n|-sideend|p2: JordanPGSL|Stealth Rock|[from] move: Defog|[of] p2a: Yveltal\n|\n|upkeep\n|turn|11\n|\n|t:|1700848078\n|move|p2a: Yveltal|Sucker Punch||[still]\n|-fail|p2a: Yveltal\n|move|p1a: Deoxys|Toxic|p2a: Yveltal\n|-status|p2a: Yveltal|tox\n|\n|-damage|p2a: Yveltal|69\/100 tox|[from] psn\n|upkeep\n|turn|12\n|\n|t:|1700848083\n|move|p2a: Yveltal|Sucker Punch||[still]\n|-fail|p2a: Yveltal\n|move|p1a: Deoxys|Reflect|p1a: Deoxys\n|-sidestart|p1: JustMonika_CARR|Reflect\n|\n|-damage|p2a: Yveltal|57\/100 tox|[from] psn\n|upkeep\n|turn|13\n|\n|t:|1700848086\n|move|p1a: Deoxys|Light Screen|p1a: Deoxys\n|-sidestart|p1: JustMonika_CARR|move: Light Screen\n|move|p2a: Yveltal|Dark Pulse|p1a: Deoxys\n|-supereffective|p1a: Deoxys\n|-damage|p1a: Deoxys|0 fnt\n|faint|p1a: Deoxys\n|\n|-damage|p2a: Yveltal|39\/100 tox|[from] psn\n|upkeep\n|\n|t:|1700848091\n|switch|p1a: Shuckle|Shuckle, M, shiny|100\/100\n|turn|14\n|\n|t:|1700848119\n|move|p2a: Yveltal|Oblivion Wing|p1a: Shuckle\n|-damage|p1a: Shuckle|88\/100\n|-heal|p2a: Yveltal|45\/100 tox|[from] drain|[of] p1a: Shuckle\n|move|p1a: Shuckle|Infestation|p2a: Yveltal\n|-damage|p2a: Yveltal|43\/100 tox\n|-activate|p2a: Yveltal|move: Infestation|[of] p1a: Shuckle\n|\n|-damage|p2a: Yveltal|19\/100 tox|[from] psn\n|-damage|p2a: Yveltal|6\/100 tox|[from] move: Infestation|[partiallytrapped]\n|upkeep\n|turn|15\n|\n|t:|1700848125\n|move|p2a: Yveltal|Defog|p1a: Shuckle\n|-boost|p1a: Shuckle|evasion|1\n|-sideend|p1: JustMonika_CARR|Reflect\n|-sideend|p1: JustMonika_CARR|move: Light Screen\n|move|p1a: Shuckle|Shell Smash|p1a: Shuckle\n|-boost|p1a: Shuckle|def|1\n|-boost|p1a: Shuckle|spd|1\n|-unboost|p1a: Shuckle|atk|2\n|-unboost|p1a: Shuckle|spa|2\n|-unboost|p1a: Shuckle|spe|2\n|\n|-damage|p2a: Yveltal|0 fnt|[from] psn\n|faint|p2a: Yveltal\n|upkeep\n|\n|t:|1700848135\n|switch|p2a: Groudon|Groudon|100\/100\n|detailschange|p2a: Groudon|Groudon-Primal\n|-primal|p2a: Groudon|Red Orb\n|-weather|DesolateLand|[from] ability: Desolate Land|[of] p2a: Groudon\n|turn|16\n|\n|t:|1700848160\n|move|p2a: Groudon|Stone Edge|p1a: Shuckle\n|-supereffective|p1a: Shuckle\n|-damage|p1a: Shuckle|47\/100\n|move|p1a: Shuckle|Shell Smash|p1a: Shuckle\n|-boost|p1a: Shuckle|def|1\n|-boost|p1a: Shuckle|spd|1\n|-unboost|p1a: Shuckle|atk|2\n|-unboost|p1a: Shuckle|spa|2\n|-unboost|p1a: Shuckle|spe|2\n|\n|-weather|DesolateLand|[upkeep]\n|upkeep\n|turn|17\n|\n|t:|1700848166\n|move|p2a: Groudon|Stone Edge|p1a: Shuckle\n|-supereffective|p1a: Shuckle\n|-damage|p1a: Shuckle|15\/100\n|move|p1a: Shuckle|Rest|p1a: Shuckle\n|-status|p1a: Shuckle|slp|[from] move: Rest\n|-heal|p1a: Shuckle|100\/100 slp|[silent]\n|-enditem|p1a: Shuckle|Chesto Berry|[eat]\n|-curestatus|p1a: Shuckle|slp|[msg]\n|\n|-weather|DesolateLand|[upkeep]\n|upkeep\n|turn|18\n|c|\u2606JustMonika_CARR|Lmao stone edge hitting\n|\n|t:|1700848191\n|move|p2a: Groudon|Stone Edge|p1a: Shuckle\n|-supereffective|p1a: Shuckle\n|-damage|p1a: Shuckle|70\/100\n|move|p1a: Shuckle|Shell Smash|p1a: Shuckle\n|-boost|p1a: Shuckle|def|1\n|-boost|p1a: Shuckle|spd|1\n|-unboost|p1a: Shuckle|atk|2\n|-unboost|p1a: Shuckle|spa|2\n|-unboost|p1a: Shuckle|spe|2\n|\n|-weather|DesolateLand|[upkeep]\n|upkeep\n|turn|19\n|\n|t:|1700848197\n|move|p2a: Groudon|Stone Edge|p1a: Shuckle|[miss]\n|-miss|p2a: Groudon|p1a: Shuckle\n|move|p1a: Shuckle|Shell Smash|p1a: Shuckle\n|-boost|p1a: Shuckle|def|1\n|-boost|p1a: Shuckle|spd|1\n|-unboost|p1a: Shuckle|atk|0\n|-unboost|p1a: Shuckle|spa|0\n|-unboost|p1a: Shuckle|spe|0\n|\n|-weather|DesolateLand|[upkeep]\n|upkeep\n|turn|20\n|\n|t:|1700848199\n|move|p2a: Groudon|Stone Edge|p1a: Shuckle\n|-supereffective|p1a: Shuckle\n|-damage|p1a: Shuckle|48\/100\n|move|p1a: Shuckle|Shell Smash|p1a: Shuckle\n|-boost|p1a: Shuckle|def|1\n|-boost|p1a: Shuckle|spd|1\n|-unboost|p1a: Shuckle|atk|0\n|-unboost|p1a: Shuckle|spa|0\n|-unboost|p1a: Shuckle|spe|0\n|\n|-weather|DesolateLand|[upkeep]\n|upkeep\n|turn|21\n|\n|t:|1700848201\n|move|p2a: Groudon|Stone Edge|p1a: Shuckle|[miss]\n|-miss|p2a: Groudon|p1a: Shuckle\n|move|p1a: Shuckle|Shell Smash|p1a: Shuckle\n|-boost|p1a: Shuckle|def|1\n|-boost|p1a: Shuckle|spd|1\n|-unboost|p1a: Shuckle|atk|0\n|-unboost|p1a: Shuckle|spa|0\n|-unboost|p1a: Shuckle|spe|0\n|\n|-weather|DesolateLand|[upkeep]\n|upkeep\n|turn|22\n|inactive|Battle timer is ON: inactive players will automatically lose when time's up. (requested by JordanPGSL)\n|\n|t:|1700848208\n|move|p2a: Groudon|Stone Edge|p1a: Shuckle\n|-supereffective|p1a: Shuckle\n|-damage|p1a: Shuckle|32\/100\n|move|p1a: Shuckle|Infestation|p2a: Groudon\n|-resisted|p2a: Groudon\n|-damage|p2a: Groudon|99\/100\n|-activate|p2a: Groudon|move: Infestation|[of] p1a: Shuckle\n|\n|-weather|DesolateLand|[upkeep]\n|-damage|p2a: Groudon|88\/100|[from] move: Infestation|[partiallytrapped]\n|upkeep\n|turn|23\n|\n|t:|1700848227\n|move|p2a: Groudon|Stone Edge|p1a: Shuckle\n|-supereffective|p1a: Shuckle\n|-damage|p1a: Shuckle|16\/100\n|move|p1a: Shuckle|Rest|p1a: Shuckle\n|-status|p1a: Shuckle|slp|[from] move: Rest\n|-heal|p1a: Shuckle|100\/100 slp|[silent]\n|\n|-weather|DesolateLand|[upkeep]\n|-damage|p2a: Groudon|76\/100|[from] move: Infestation|[partiallytrapped]\n|upkeep\n|turn|24\n|\n|t:|1700848231\n|move|p2a: Groudon|Fire Punch|p1a: Shuckle\n|-damage|p1a: Shuckle|87\/100 slp\n|cant|p1a: Shuckle|slp\n|\n|-weather|DesolateLand|[upkeep]\n|-damage|p2a: Groudon|63\/100|[from] move: Infestation|[partiallytrapped]\n|upkeep\n|turn|25\n|\n|t:|1700848234\n|move|p2a: Groudon|Fire Punch|p1a: Shuckle\n|-damage|p1a: Shuckle|74\/100 slp\n|cant|p1a: Shuckle|slp\n|\n|-weather|DesolateLand|[upkeep]\n|-damage|p2a: Groudon|51\/100|[from] move: Infestation|[partiallytrapped]\n|upkeep\n|turn|26\n|c|\u2606JordanPGSL|Higher Crit Chance my ass\n|c|\u2606JordanPGSL|6 hits no crit\n|c|\u2606JordanPGSL|thx for nothing\n|\n|t:|1700848255\n|move|p2a: Groudon|Fire Punch|p1a: Shuckle|[miss]\n|-miss|p2a: Groudon|p1a: Shuckle\n|-curestatus|p1a: Shuckle|slp|[msg]\n|move|p1a: Shuckle|Toxic|p2a: Groudon\n|-status|p2a: Groudon|tox\n|\n|-weather|DesolateLand|[upkeep]\n|-damage|p2a: Groudon|45\/100 tox|[from] psn\n|-damage|p2a: Groudon|32\/100 tox|[from] move: Infestation|[partiallytrapped]\n|upkeep\n|turn|27\n|c|\u2606JustMonika_CARR|I mean, im surprised it hit at all\n|c|\u2606JustMonika_CARR|And 6 times\n|\n|t:|1700848266\n|move|p2a: Groudon|Fire Punch|p1a: Shuckle|[miss]\n|-miss|p2a: Groudon|p1a: Shuckle\n|move|p1a: Shuckle|Infestation|p2a: Groudon\n|-resisted|p2a: Groudon\n|-damage|p2a: Groudon|32\/100 tox\n|\n|-weather|DesolateLand|[upkeep]\n|-damage|p2a: Groudon|20\/100 tox|[from] psn\n|-end|p2a: Groudon|Infestation|[partiallytrapped]\n|upkeep\n|turn|28\n|c|\u2606JustMonika_CARR|My stone edge always miss\n|\n|t:|1700848288\n|move|p2a: Groudon|Fire Punch|p1a: Shuckle\n|-damage|p1a: Shuckle|61\/100\n|move|p1a: Shuckle|Infestation|p2a: Groudon\n|-resisted|p2a: Groudon\n|-crit|p2a: Groudon\n|-damage|p2a: Groudon|18\/100 tox\n|-activate|p2a: Groudon|move: Infestation|[of] p1a: Shuckle\n|\n|-weather|DesolateLand|[upkeep]\n|-damage|p2a: Groudon|0 fnt|[from] psn\n|faint|p2a: Groudon\n|-weather|none\n|upkeep\n|\n|t:|1700848293\n|switch|p2a: Marshadow|Marshadow|100\/100\n|turn|29\n|\n|t:|1700848298\n|-terastallize|p1a: Shuckle|Normal\n|move|p2a: Marshadow|Spectral Thief|p1a: Shuckle\n|-immune|p1a: Shuckle\n|move|p1a: Shuckle|Toxic|p2a: Marshadow\n|-status|p2a: Marshadow|tox\n|\n|-damage|p2a: Marshadow|94\/100 tox|[from] psn\n|upkeep\n|turn|30\n|\n|t:|1700848303\n|-terastallize|p2a: Marshadow|Fighting\n|move|p2a: Marshadow|Close Combat|p1a: Shuckle\n|-supereffective|p1a: Shuckle\n|-damage|p1a: Shuckle|33\/100\n|-unboost|p2a: Marshadow|def|1\n|-unboost|p2a: Marshadow|spd|1\n|move|p1a: Shuckle|Infestation|p2a: Marshadow\n|-resisted|p2a: Marshadow\n|-damage|p2a: Marshadow|94\/100 tox\n|-activate|p2a: Marshadow|move: Infestation|[of] p1a: Shuckle\n|\n|-damage|p2a: Marshadow|81\/100 tox|[from] psn\n|-damage|p2a: Marshadow|69\/100 tox|[from] move: Infestation|[partiallytrapped]\n|upkeep\n|turn|31\n|\n|t:|1700848309\n|move|p2a: Marshadow|Close Combat|p1a: Shuckle\n|-supereffective|p1a: Shuckle\n|-damage|p1a: Shuckle|9\/100\n|-unboost|p2a: Marshadow|def|1\n|-unboost|p2a: Marshadow|spd|1\n|move|p1a: Shuckle|Rest|p1a: Shuckle\n|-status|p1a: Shuckle|slp|[from] move: Rest\n|-heal|p1a: Shuckle|100\/100 slp|[silent]\n|\n|-damage|p2a: Marshadow|50\/100 tox|[from] psn\n|-damage|p2a: Marshadow|38\/100 tox|[from] move: Infestation|[partiallytrapped]\n|upkeep\n|turn|32\n|\n|t:|1700848313\n|move|p2a: Marshadow|Close Combat|p1a: Shuckle\n|-supereffective|p1a: Shuckle\n|-damage|p1a: Shuckle|75\/100 slp\n|-unboost|p2a: Marshadow|def|1\n|-unboost|p2a: Marshadow|spd|1\n|cant|p1a: Shuckle|slp\n|\n|-damage|p2a: Marshadow|13\/100 tox|[from] psn\n|-damage|p2a: Marshadow|0 fnt|[from] move: Infestation|[partiallytrapped]\n|faint|p2a: Marshadow\n|upkeep\n|\n|t:|1700848329\n|switch|p2a: Zygarde|Zygarde-10%|83\/100\n|turn|33\n|\n|t:|1700848337\n|move|p2a: Zygarde|Dragon Dance|p2a: Zygarde\n|-boost|p2a: Zygarde|atk|1\n|-boost|p2a: Zygarde|spe|1\n|cant|p1a: Shuckle|slp\n|\n|upkeep\n|turn|34\n|\n|t:|1700848342\n|move|p2a: Zygarde|Dragon Dance|p2a: Zygarde\n|-boost|p2a: Zygarde|atk|1\n|-boost|p2a: Zygarde|spe|1\n|-curestatus|p1a: Shuckle|slp|[msg]\n|move|p1a: Shuckle|Toxic|p2a: Zygarde\n|-status|p2a: Zygarde|tox\n|\n|-damage|p2a: Zygarde|77\/100 tox|[from] psn\n|upkeep\n|turn|35\n|\n|t:|1700848345\n|move|p2a: Zygarde|Dragon Dance|p2a: Zygarde\n|-boost|p2a: Zygarde|atk|1\n|-boost|p2a: Zygarde|spe|1\n|move|p1a: Shuckle|Infestation|p2a: Zygarde\n|-damage|p2a: Zygarde|75\/100 tox\n|-activate|p2a: Zygarde|move: Infestation|[of] p1a: Shuckle\n|\n|-damage|p2a: Zygarde|63\/100 tox|[from] psn\n|-damage|p2a: Zygarde|51\/100 tox|[from] move: Infestation|[partiallytrapped]\n|upkeep\n|turn|36\n|\n|t:|1700848363\n|move|p2a: Zygarde|Dragon Dance|p2a: Zygarde\n|-boost|p2a: Zygarde|atk|1\n|-boost|p2a: Zygarde|spe|1\n|move|p1a: Shuckle|Shell Smash|p1a: Shuckle\n|-boost|p1a: Shuckle|def|0\n|-boost|p1a: Shuckle|spd|0\n|-unboost|p1a: Shuckle|atk|0\n|-unboost|p1a: Shuckle|spa|0\n|-unboost|p1a: Shuckle|spe|0\n|\n|-damage|p2a: Zygarde|33\/100 tox|[from] psn\n|-damage|p2a: Zygarde|20\/100 tox|[from] move: Infestation|[partiallytrapped]\n|-activate|p2a: Zygarde|ability: Power Construct\n|detailschange|p2a: Zygarde|Zygarde-Complete\n|-heal|p2a: Zygarde|66\/100 tox|[silent]\n|upkeep\n|turn|37\n|\n|t:|1700848372\n|move|p2a: Zygarde|Dragon Dance|p2a: Zygarde\n|-boost|p2a: Zygarde|atk|1\n|-boost|p2a: Zygarde|spe|1\n|move|p1a: Shuckle|Infestation|p2a: Zygarde\n|-damage|p2a: Zygarde|65\/100 tox\n|\n|-damage|p2a: Zygarde|41\/100 tox|[from] psn\n|-damage|p2a: Zygarde|28\/100 tox|[from] move: Infestation|[partiallytrapped]\n|upkeep\n|turn|38\n|\n|t:|1700848395\n|move|p2a: Zygarde|Outrage|p1a: Shuckle|[miss]\n|-miss|p2a: Zygarde|p1a: Shuckle\n|move|p1a: Shuckle|Shell Smash|p1a: Shuckle\n|-boost|p1a: Shuckle|def|0\n|-boost|p1a: Shuckle|spd|0\n|-unboost|p1a: Shuckle|atk|0\n|-unboost|p1a: Shuckle|spa|0\n|-unboost|p1a: Shuckle|spe|0\n|\n|-damage|p2a: Zygarde|0 fnt|[from] psn\n|faint|p2a: Zygarde\n|upkeep\n|c|\u2606JustMonika_CARR|F ig\n|c|\u2606JordanPGSL|Woooow\n|c|\u2606JordanPGSL|Bruh\n|c|\u2606JustMonika_CARR|Though rest should be imperative on a Zygarde tnh\n|inactive|JordanPGSL has 120 seconds left.\n|c|\u2606JustMonika_CARR|I was sure you'd rest\n|\n|t:|1700848442\n|switch|p2a: Magearna|Magearna|100\/100\n|turn|39\n|\n|t:|1700848447\n|move|p2a: Magearna|Flash Cannon|p1a: Shuckle\n|-crit|p1a: Shuckle\n|-damage|p1a: Shuckle|40\/100\n|move|p1a: Shuckle|Infestation|p2a: Magearna\n|-resisted|p2a: Magearna\n|-damage|p2a: Magearna|99\/100\n|-activate|p2a: Magearna|move: Infestation|[of] p1a: Shuckle\n|\n|-damage|p2a: Magearna|88\/100|[from] move: Infestation|[partiallytrapped]\n|upkeep\n|turn|40\n|-message|JordanPGSL forfeited.\n|\n|win|JustMonika_CARR\n|raw|JustMonika_CARR's rating: 1399 &rarr; <strong>1420<\/strong><br \/>(+21 for winning)\n|raw|JordanPGSL's rating: 1418 &rarr; <strong>1397<\/strong><br \/>(-21 for losing)\n|c|\u2606JustMonika_CARR|Gg\n|c|\u2606JordanPGSL|Bruh -21\u2026\n","uploadtime":1700848463,"views":1,"p1id":"justmonikacarr","p2id":"jordanpgsl","formatid":"gen9nationaldexubers","rating":1397,"private":0,"password":""}