{"id":"gen9nationaldexubers-1985240376","p1":"siummmette","p2":"Soyeon is a cutie","format":"[Gen 9] National Dex Ubers","log":"|j|\u2606siummmette\n|j|\u2606Soyeon is a cutie\n|t:|1699353920\n|gametype|singles\n|player|p1|siummmette|colress|1569\n|player|p2|Soyeon is a cutie|idol|1792\n|teamsize|p1|6\n|teamsize|p2|6\n|gen|9\n|tier|[Gen 9] National Dex Ubers\n|rated|\n|rule|HP Percentage Mod: HP is shown in percentages\n|rule|Endless Battle Clause: Forcing endless battles is banned\n|rule|OHKO Clause: OHKO moves are banned\n|rule|Evasion Moves Clause: Evasion moves are banned\n|rule|Evasion Items Clause: Evasion items are banned\n|rule|Species Clause: Limit one of each Pok\u00e9mon\n|rule|Sleep Clause Mod: Limit one foe put to sleep\n|rule|Mega Rayquaza Clause: You cannot mega evolve Rayquaza\n|clearpoke\n|poke|p1|Deoxys-Speed|\n|poke|p1|Xerneas-*|\n|poke|p1|Blaziken, M|\n|poke|p1|Necrozma-Dusk-Mane|\n|poke|p1|Arceus|\n|poke|p1|Kyogre|\n|poke|p2|Arceus-Fairy|\n|poke|p2|Kingambit, F|\n|poke|p2|Ditto|\n|poke|p2|Urshifu-*, M|\n|poke|p2|Lunala|\n|poke|p2|Necrozma-Dusk-Mane|\n|teampreview\n|inactive|Battle timer is ON: inactive players will automatically lose when time's up. (requested by siummmette)\n|inactive|Soyeon is a cutie also wants the timer to be on.\n|\n|t:|1699353933\n|start\n|switch|p1a: Deoxys|Deoxys-Speed|100\/100\n|switch|p2a: Arceus|Arceus-Fairy|100\/100\n|-ability|p1a: Deoxys|Pressure\n|turn|1\n|j| Jonny_HD303\n|\n|t:|1699353938\n|move|p1a: Deoxys|Taunt|p2a: Arceus\n|-start|p2a: Arceus|move: Taunt\n|cant|p2a: Arceus|move: Taunt|Taunt\n|\n|upkeep\n|turn|2\n|\n|t:|1699353942\n|move|p1a: Deoxys|Stealth Rock|p2a: Arceus\n|-sidestart|p2: Soyeon is a cutie|move: Stealth Rock\n|move|p2a: Arceus|Judgment|p1a: Deoxys\n|-damage|p1a: Deoxys|45\/100\n|\n|upkeep\n|turn|3\n|\n|t:|1699353946\n|move|p1a: Deoxys|Spikes|p2a: Arceus\n|-sidestart|p2: Soyeon is a cutie|Spikes\n|move|p2a: Arceus|Judgment|p1a: Deoxys\n|-damage|p1a: Deoxys|0 fnt\n|faint|p1a: Deoxys\n|\n|-end|p2a: Arceus|move: Taunt\n|upkeep\n|l| Jonny_HD303\n|\n|t:|1699353958\n|switch|p1a: Arceus|Arceus|100\/100\n|turn|4\n|\n|t:|1699353963\n|move|p1a: Arceus|Swords Dance|p1a: Arceus\n|-boost|p1a: Arceus|atk|2\n|move|p2a: Arceus|Taunt|p1a: Arceus\n|-start|p1a: Arceus|move: Taunt\n|\n|upkeep\n|turn|5\n|\n|t:|1699353968\n|move|p1a: Arceus|Extreme Speed|p2a: Arceus\n|-damage|p2a: Arceus|49\/100\n|move|p2a: Arceus|Toxic|p1a: Arceus\n|-status|p1a: Arceus|tox\n|\n|-damage|p1a: Arceus|94\/100 tox|[from] psn\n|upkeep\n|turn|6\n|\n|t:|1699353977\n|switch|p2a: Lunala|Lunala, shiny|100\/100\n|move|p1a: Arceus|Extreme Speed|p2a: Lunala\n|-immune|p2a: Lunala\n|\n|-damage|p1a: Arceus|82\/100 tox|[from] psn\n|upkeep\n|turn|7\n|\n|t:|1699353979\n|switch|p2a: Arceus|Arceus-Fairy|49\/100\n|-damage|p2a: Arceus|37\/100|[from] Stealth Rock\n|-damage|p2a: Arceus|24\/100|[from] Spikes\n|move|p1a: Arceus|Shadow Claw|p2a: Arceus\n|-damage|p2a: Arceus|0 fnt\n|faint|p2a: Arceus\n|\n|-damage|p1a: Arceus|64\/100 tox|[from] psn\n|-end|p1a: Arceus|move: Taunt\n|upkeep\n|\n|t:|1699353984\n|switch|p2a: Ditto|Ditto, shiny|100\/100\n|-damage|p2a: Ditto|88\/100|[from] Stealth Rock\n|-damage|p2a: Ditto|76\/100|[from] Spikes\n|-transform|p2a: Ditto|p1a: Arceus|[from] ability: Imposter\n|turn|8\n|\n|t:|1699353988\n|switch|p2a: Lunala|Lunala, shiny|100\/100\n|move|p1a: Arceus|Extreme Speed|p2a: Lunala\n|-immune|p2a: Lunala\n|\n|-damage|p1a: Arceus|40\/100 tox|[from] psn\n|upkeep\n|turn|9\n|\n|t:|1699353992\n|switch|p2a: Ditto|Ditto, shiny|76\/100\n|-damage|p2a: Ditto|63\/100|[from] Stealth Rock\n|-damage|p2a: Ditto|51\/100|[from] Spikes\n|-transform|p2a: Ditto|p1a: Arceus|[from] ability: Imposter\n|move|p1a: Arceus|Shadow Claw|p2a: Ditto\n|-immune|p2a: Ditto\n|\n|-damage|p1a: Arceus|10\/100 tox|[from] psn\n|upkeep\n|turn|10\n|\n|t:|1699353996\n|move|p2a: Ditto|Extreme Speed|p1a: Arceus\n|-damage|p1a: Arceus|0 fnt\n|faint|p1a: Arceus\n|\n|upkeep\n|\n|t:|1699354003\n|switch|p1a: Blaziken|Blaziken, M|100\/100\n|turn|11\n|\n|t:|1699354008\n|detailschange|p1a: Blaziken|Blaziken-Mega, M\n|-mega|p1a: Blaziken|Blaziken|Blazikenite\n|move|p2a: Ditto|Extreme Speed|p1a: Blaziken\n|-damage|p1a: Blaziken|0 fnt\n|faint|p1a: Blaziken\n|\n|upkeep\n|\n|t:|1699354012\n|switch|p1a: Necrozma|Necrozma-Dusk-Mane|100\/100\n|turn|12\n|\n|t:|1699354018\n|switch|p2a: Necrozma|Necrozma-Dusk-Mane, shiny|100\/100\n|-damage|p2a: Necrozma|94\/100|[from] Stealth Rock\n|-damage|p2a: Necrozma|82\/100|[from] Spikes\n|move|p1a: Necrozma|Trick Room|p1a: Necrozma\n|-fieldstart|move: Trick Room|[of] p1a: Necrozma\n|\n|upkeep\n|turn|13\n|\n|t:|1699354032\n|detailschange|p2a: Necrozma|Necrozma-Ultra, shiny\n|-burst|p2a: Necrozma|Necrozma|Ultranecrozium Z\n|move|p1a: Necrozma|Earthquake|p2a: Necrozma\n|-damage|p2a: Necrozma|33\/100\n|move|p2a: Necrozma|Earth Power|p1a: Necrozma\n|-supereffective|p1a: Necrozma\n|-crit|p1a: Necrozma\n|-damage|p1a: Necrozma|23\/100\n|-enditem|p1a: Necrozma|Weakness Policy\n|-boost|p1a: Necrozma|atk|2|[from] item: Weakness Policy\n|-boost|p1a: Necrozma|spa|2|[from] item: Weakness Policy\n|\n|upkeep\n|turn|14\n|\n|t:|1699354043\n|move|p1a: Necrozma|Sunsteel Strike|p2a: Necrozma\n|-damage|p2a: Necrozma|0 fnt\n|faint|p2a: Necrozma\n|\n|upkeep\n|\n|t:|1699354046\n|switch|p2a: Kingambit|Kingambit, F|100\/100\n|-damage|p2a: Kingambit|94\/100|[from] Stealth Rock\n|-damage|p2a: Kingambit|82\/100|[from] Spikes\n|-activate|p2a: Kingambit|ability: Supreme Overlord\n|-start|p2a: Kingambit|fallen2|[silent]\n|turn|15\n|\n|t:|1699354053\n|-terastallize|p1a: Necrozma|Steel\n|move|p2a: Kingambit|Knock Off|p1a: Necrozma\n|-damage|p1a: Necrozma|0 fnt\n|faint|p1a: Necrozma\n|\n|upkeep\n|\n|t:|1699354059\n|switch|p1a: Kyogre|Kyogre|100\/100\n|detailschange|p1a: Kyogre|Kyogre-Primal\n|-primal|p1a: Kyogre|Blue Orb\n|-weather|PrimordialSea|[from] ability: Primordial Sea|[of] p1a: Kyogre\n|turn|16\n|\n|t:|1699354064\n|move|p2a: Kingambit|Sucker Punch|p1a: Kyogre\n|-damage|p1a: Kyogre|44\/100\n|move|p1a: Kyogre|Origin Pulse|p2a: Kingambit\n|-damage|p2a: Kingambit|0 fnt\n|faint|p2a: Kingambit\n|-end|p2a: Kingambit|fallen2|[silent]\n|\n|-weather|PrimordialSea|[upkeep]\n|-fieldend|move: Trick Room\n|upkeep\n|\n|t:|1699354068\n|switch|p2a: Urshifu|Urshifu, M|100\/100\n|-damage|p2a: Urshifu|94\/100|[from] Stealth Rock\n|-damage|p2a: Urshifu|82\/100|[from] Spikes\n|turn|17\n|\n|t:|1699354075\n|-weather|none\n|switch|p1a: Xerneas|Xerneas|100\/100\n|-ability|p1a: Xerneas|Fairy Aura\n|move|p2a: Urshifu|Wicked Blow|p1a: Xerneas\n|-resisted|p1a: Xerneas\n|-crit|p1a: Xerneas\n|-damage|p1a: Xerneas|68\/100\n|-damage|p2a: Urshifu|72\/100|[from] item: Life Orb\n|\n|upkeep\n|turn|18\n|\n|t:|1699354085\n|-terastallize|p2a: Urshifu|Steel\n|move|p2a: Urshifu|Iron Head|p1a: Xerneas\n|-supereffective|p1a: Xerneas\n|-damage|p1a: Xerneas|0 fnt\n|faint|p1a: Xerneas\n|-damage|p2a: Urshifu|62\/100|[from] item: Life Orb\n|\n|upkeep\n|\n|t:|1699354089\n|switch|p1a: Kyogre|Kyogre-Primal|44\/100\n|-weather|PrimordialSea|[from] ability: Primordial Sea|[of] p1a: Kyogre\n|turn|19\n|-message|siummmette forfeited.\n|\n|win|Soyeon is a cutie\n|raw|siummmette's rating: 1569 &rarr; <strong>1560<\/strong><br \/>(-9 for losing)\n|raw|Soyeon is a cutie's rating: 1792 &rarr; <strong>1801<\/strong><br \/>(+9 for winning)\n|l|\u2606siummmette\n|l|\u2606Soyeon is a cutie\n","uploadtime":1699354099,"views":5,"p1id":"siummmette","p2id":"soyeonisacutie","formatid":"gen9nationaldexubers","rating":1560,"private":0,"password":""}