{"id":"gen9nationaldexubers-1982844254","p1":"Synchrodark","p2":"ShrimpTheShrimp","format":"[Gen 9] National Dex Ubers","log":"|j|\u2606Synchrodark\n|j|\u2606ShrimpTheShrimp\n|t:|1699050520\n|gametype|singles\n|player|p1|Synchrodark|giovanni|1550\n|player|p2|ShrimpTheShrimp|ltsurge|1634\n|teamsize|p1|6\n|teamsize|p2|6\n|gen|9\n|tier|[Gen 9] National Dex Ubers\n|rated|\n|rule|HP Percentage Mod: HP is shown in percentages\n|rule|Endless Battle Clause: Forcing endless battles is banned\n|rule|OHKO Clause: OHKO moves are banned\n|rule|Evasion Moves Clause: Evasion moves are banned\n|rule|Evasion Items Clause: Evasion items are banned\n|rule|Species Clause: Limit one of each Pok\u00e9mon\n|rule|Sleep Clause Mod: Limit one foe put to sleep\n|rule|Mega Rayquaza Clause: You cannot mega evolve Rayquaza\n|clearpoke\n|poke|p1|Rhydon, F|\n|poke|p1|Ho-Oh|\n|poke|p1|Dondozo, M|\n|poke|p1|Necrozma-Dawn-Wings|\n|poke|p1|Glimmora, F|\n|poke|p1|Kyurem-Black|\n|poke|p2|Zygarde|\n|poke|p2|Ho-Oh|\n|poke|p2|Ferrothorn, F|\n|poke|p2|Giratina|\n|poke|p2|Chansey, F|\n|poke|p2|Ditto|\n|teampreview\n|\n|t:|1699050536\n|start\n|switch|p1a: Necrozma|Necrozma-Dawn-Wings|100\/100\n|switch|p2a: Lev 18:22|Ferrothorn, F|100\/100\n|turn|1\n|\n|t:|1699050539\n|move|p1a: Necrozma|Moongeist Beam|p2a: Lev 18:22\n|-damage|p2a: Lev 18:22|33\/100\n|move|p2a: Lev 18:22|Leech Seed|p1a: Necrozma\n|-start|p1a: Necrozma|move: Leech Seed\n|\n|-heal|p2a: Lev 18:22|39\/100|[from] item: Leftovers\n|-damage|p1a: Necrozma|88\/100|[from] Leech Seed|[of] p2a: Lev 18:22\n|-heal|p2a: Lev 18:22|53\/100|[silent]\n|upkeep\n|turn|2\n|\n|t:|1699050544\n|switch|p1a: Ho-Oh|Ho-Oh|100\/100\n|move|p2a: Lev 18:22|Protect||[still]\n|-fail|p2a: Lev 18:22\n|\n|-heal|p2a: Lev 18:22|60\/100|[from] item: Leftovers\n|upkeep\n|turn|3\n|\n|t:|1699050547\n|move|p2a: Lev 18:22|Protect|p2a: Lev 18:22\n|-singleturn|p2a: Lev 18:22|Protect\n|move|p1a: Ho-Oh|Mystical Fire|p2a: Lev 18:22\n|-activate|p2a: Lev 18:22|move: Protect\n|\n|-heal|p2a: Lev 18:22|66\/100|[from] item: Leftovers\n|upkeep\n|turn|4\n|\n|t:|1699050549\n|switch|p1a: Necrozma|Necrozma-Dawn-Wings|88\/100\n|switch|p2a: You Got No Chance|Chansey, F, shiny|100\/100\n|\n|upkeep\n|turn|5\n|\n|t:|1699050559\n|switch|p1a: Glimmora|Glimmora, F|100\/100\n|-item|p1a: Glimmora|Air Balloon\n|switch|p2a: Who you call a ho?|Ho-Oh, shiny|100\/100\n|\n|upkeep\n|turn|6\n|\n|t:|1699050567\n|switch|p2a: Do The Worm|Giratina, shiny|100\/100\n|-ability|p2a: Do The Worm|Pressure\n|move|p1a: Glimmora|Power Gem|p2a: Do The Worm\n|-damage|p2a: Do The Worm|80\/100\n|\n|-heal|p2a: Do The Worm|86\/100|[from] item: Leftovers\n|upkeep\n|turn|7\n|\n|t:|1699050570\n|move|p1a: Glimmora|Mortal Spin|p2a: Do The Worm\n|-resisted|p2a: Do The Worm\n|-damage|p2a: Do The Worm|84\/100\n|-status|p2a: Do The Worm|psn\n|move|p2a: Do The Worm|Hex|p1a: Glimmora\n|-damage|p1a: Glimmora|68\/100\n|-enditem|p1a: Glimmora|Air Balloon\n|\n|-heal|p2a: Do The Worm|90\/100 psn|[from] item: Leftovers\n|-damage|p2a: Do The Worm|78\/100 psn|[from] psn\n|upkeep\n|turn|8\n|\n|t:|1699050574\n|switch|p1a: Ho-Oh|Ho-Oh|100\/100\n|move|p2a: Do The Worm|Defog|p1a: Ho-Oh\n|-unboost|p1a: Ho-Oh|evasion|1\n|\n|-heal|p2a: Do The Worm|84\/100 psn|[from] item: Leftovers\n|-damage|p2a: Do The Worm|72\/100 psn|[from] psn\n|upkeep\n|turn|9\n|\n|t:|1699050581\n|switch|p1a: Necrozma|Necrozma-Dawn-Wings|88\/100\n|move|p2a: Do The Worm|Toxic|p1a: Necrozma\n|-status|p1a: Necrozma|tox\n|\n|-heal|p2a: Do The Worm|78\/100 psn|[from] item: Leftovers\n|-damage|p2a: Do The Worm|65\/100 psn|[from] psn\n|-damage|p1a: Necrozma|82\/100 tox|[from] psn\n|upkeep\n|turn|10\n|\n|t:|1699050585\n|switch|p2a: You Got No Chance|Chansey, F, shiny|100\/100\n|move|p1a: Necrozma|Photon Geyser|p2a: You Got No Chance\n|-damage|p2a: You Got No Chance|72\/100\n|\n|-damage|p1a: Necrozma|70\/100 tox|[from] psn\n|upkeep\n|turn|11\n|\n|t:|1699050591\n|switch|p1a: Glimmora|Glimmora, F|68\/100\n|move|p2a: You Got No Chance|Wish|p2a: You Got No Chance\n|\n|upkeep\n|turn|12\n|\n|t:|1699050593\n|switch|p2a: Do The Worm|Giratina, shiny|65\/100 psn\n|-ability|p2a: Do The Worm|Pressure\n|move|p1a: Glimmora|Mortal Spin|p2a: Do The Worm\n|-resisted|p2a: Do The Worm\n|-damage|p2a: Do The Worm|64\/100 psn\n|\n|-heal|p2a: Do The Worm|100\/100 psn|[from] move: Wish|[wisher] You Got No Chance\n|-damage|p2a: Do The Worm|88\/100 psn|[from] psn\n|upkeep\n|turn|13\n|\n|t:|1699050598\n|switch|p1a: Ho-Oh|Ho-Oh|100\/100\n|move|p2a: Do The Worm|Hex|p1a: Ho-Oh\n|-damage|p1a: Ho-Oh|91\/100\n|\n|-heal|p2a: Do The Worm|94\/100 psn|[from] item: Leftovers\n|-damage|p2a: Do The Worm|82\/100 psn|[from] psn\n|upkeep\n|turn|14\n|\n|t:|1699050603\n|switch|p1a: Glimmora|Glimmora, F|68\/100\n|move|p2a: Do The Worm|Toxic|p1a: Glimmora\n|-immune|p1a: Glimmora\n|\n|-heal|p2a: Do The Worm|88\/100 psn|[from] item: Leftovers\n|-damage|p2a: Do The Worm|75\/100 psn|[from] psn\n|upkeep\n|turn|15\n|\n|t:|1699050605\n|switch|p1a: Ho-Oh|Ho-Oh|100\/100\n|move|p2a: Do The Worm|Hex|p1a: Ho-Oh\n|-damage|p1a: Ho-Oh|90\/100\n|\n|-heal|p2a: Do The Worm|81\/100 psn|[from] item: Leftovers\n|-damage|p2a: Do The Worm|69\/100 psn|[from] psn\n|upkeep\n|turn|16\n|\n|t:|1699050609\n|switch|p1a: Necrozma|Necrozma-Dawn-Wings|70\/100 tox\n|move|p2a: Do The Worm|Toxic|p1a: Necrozma|[miss]\n|-miss|p2a: Do The Worm|p1a: Necrozma\n|\n|-heal|p2a: Do The Worm|75\/100 psn|[from] item: Leftovers\n|-damage|p2a: Do The Worm|63\/100 psn|[from] psn\n|-damage|p1a: Necrozma|64\/100 tox|[from] psn\n|upkeep\n|turn|17\n|\n|t:|1699050613\n|switch|p2a: You Got No Chance|Chansey, F, shiny|72\/100\n|move|p1a: Necrozma|Moongeist Beam|p2a: You Got No Chance\n|-immune|p2a: You Got No Chance\n|\n|-damage|p1a: Necrozma|52\/100 tox|[from] psn\n|upkeep\n|turn|18\n|\n|t:|1699050617\n|switch|p1a: Kyurem|Kyurem-Black|100\/100\n|-ability|p1a: Kyurem|Teravolt\n|move|p2a: You Got No Chance|Wish|p2a: You Got No Chance\n|\n|upkeep\n|turn|19\n|\n|t:|1699050620\n|switch|p2a: Lev 18:22|Ferrothorn, F|66\/100\n|move|p1a: Kyurem|Dragon Dance|p1a: Kyurem\n|-boost|p1a: Kyurem|atk|1\n|-boost|p1a: Kyurem|spe|1\n|\n|-heal|p2a: Lev 18:22|100\/100|[from] move: Wish|[wisher] You Got No Chance\n|upkeep\n|turn|20\n|\n|t:|1699050623\n|move|p1a: Kyurem|Icicle Spear|p2a: Lev 18:22\n|-damage|p2a: Lev 18:22|85\/100\n|-damage|p2a: Lev 18:22|70\/100\n|-crit|p2a: Lev 18:22\n|-damage|p2a: Lev 18:22|46\/100\n|-damage|p2a: Lev 18:22|31\/100\n|-damage|p2a: Lev 18:22|16\/100\n|-hitcount|p2a: Lev 18:22|5\n|move|p2a: Lev 18:22|Leech Seed|p1a: Kyurem\n|-start|p1a: Kyurem|move: Leech Seed\n|\n|-heal|p2a: Lev 18:22|22\/100|[from] item: Leftovers\n|-damage|p1a: Kyurem|88\/100|[from] Leech Seed|[of] p2a: Lev 18:22\n|-heal|p2a: Lev 18:22|37\/100|[silent]\n|upkeep\n|turn|21\n|\n|t:|1699050629\n|move|p2a: Lev 18:22|Protect|p2a: Lev 18:22\n|-singleturn|p2a: Lev 18:22|Protect\n|move|p1a: Kyurem|Dragon Dance|p1a: Kyurem\n|-boost|p1a: Kyurem|atk|1\n|-boost|p1a: Kyurem|spe|1\n|\n|-heal|p2a: Lev 18:22|43\/100|[from] item: Leftovers\n|-damage|p1a: Kyurem|76\/100|[from] Leech Seed|[of] p2a: Lev 18:22\n|-heal|p2a: Lev 18:22|58\/100|[silent]\n|upkeep\n|turn|22\n|j| pkrokune\n|\n|t:|1699050644\n|-terastallize|p2a: Lev 18:22|Water\n|move|p1a: Kyurem|Icicle Spear|p2a: Lev 18:22\n|-resisted|p2a: Lev 18:22\n|-damage|p2a: Lev 18:22|49\/100\n|-resisted|p2a: Lev 18:22\n|-damage|p2a: Lev 18:22|39\/100\n|-resisted|p2a: Lev 18:22\n|-damage|p2a: Lev 18:22|28\/100\n|-resisted|p2a: Lev 18:22\n|-damage|p2a: Lev 18:22|18\/100\n|-hitcount|p2a: Lev 18:22|4\n|move|p2a: Lev 18:22|Stealth Rock|p1a: Kyurem\n|-sidestart|p1: Synchrodark|move: Stealth Rock\n|\n|-heal|p2a: Lev 18:22|24\/100|[from] item: Leftovers\n|-damage|p1a: Kyurem|63\/100|[from] Leech Seed|[of] p2a: Lev 18:22\n|-heal|p2a: Lev 18:22|39\/100|[silent]\n|upkeep\n|turn|23\n|\n|t:|1699050651\n|move|p2a: Lev 18:22|Protect|p2a: Lev 18:22\n|-singleturn|p2a: Lev 18:22|Protect\n|move|p1a: Kyurem|Roost|p1a: Kyurem\n|-heal|p1a: Kyurem|100\/100\n|-singleturn|p1a: Kyurem|move: Roost\n|\n|-heal|p2a: Lev 18:22|46\/100|[from] item: Leftovers\n|-damage|p1a: Kyurem|88\/100|[from] Leech Seed|[of] p2a: Lev 18:22\n|-heal|p2a: Lev 18:22|61\/100|[silent]\n|upkeep\n|turn|24\n|\n|t:|1699050659\n|switch|p2a: Megatron|Zygarde, shiny|100\/100\n|move|p1a: Kyurem|Fusion Bolt|p2a: Megatron\n|-immune|p2a: Megatron\n|\n|-damage|p1a: Kyurem|76\/100|[from] Leech Seed|[of] p2a: Megatron\n|upkeep\n|turn|25\n|\n|t:|1699050663\n|move|p1a: Kyurem|Icicle Spear|p2a: Megatron\n|-supereffective|p2a: Megatron\n|-damage|p2a: Megatron|33\/100\n|-supereffective|p2a: Megatron\n|-damage|p2a: Megatron|0 fnt\n|faint|p2a: Megatron\n|-hitcount|p2: Megatron|2\n|\n|upkeep\n|\n|t:|1699050665\n|switch|p2a: I'm You|Ditto, shiny|100\/100\n|-transform|p2a: I'm You|p1a: Kyurem|[from] ability: Imposter\n|-ability|p2a: I'm You|Teravolt\n|turn|26\n|\n|t:|1699050679\n|switch|p1a: Glimmora|Glimmora, F|68\/100\n|-damage|p1a: Glimmora|56\/100|[from] Stealth Rock\n|move|p2a: I'm You|Icicle Spear|p1a: Glimmora\n|-damage|p1a: Glimmora|20\/100\n|-activate|p1a: Glimmora|ability: Toxic Debris\n|-sidestart|p2: ShrimpTheShrimp|move: Toxic Spikes\n|-damage|p1a: Glimmora|0 fnt\n|-activate|p1a: Glimmora|ability: Toxic Debris\n|-sidestart|p2: ShrimpTheShrimp|move: Toxic Spikes\n|faint|p1a: Glimmora\n|-hitcount|p1: Glimmora|2\n|\n|upkeep\n|\n|t:|1699050690\n|switch|p1a: Rhydon|Rhydon, F|100\/100\n|-damage|p1a: Rhydon|94\/100|[from] Stealth Rock\n|turn|27\n|\n|t:|1699050693\n|-terastallize|p1a: Rhydon|Water\n|move|p2a: I'm You|Icicle Spear|p1a: Rhydon\n|-resisted|p1a: Rhydon\n|-damage|p1a: Rhydon|87\/100\n|-resisted|p1a: Rhydon\n|-damage|p1a: Rhydon|80\/100\n|-resisted|p1a: Rhydon\n|-damage|p1a: Rhydon|74\/100\n|-resisted|p1a: Rhydon\n|-damage|p1a: Rhydon|67\/100\n|-hitcount|p1a: Rhydon|4\n|move|p1a: Rhydon|Curse|p1a: Rhydon\n|-unboost|p1a: Rhydon|spe|1\n|-boost|p1a: Rhydon|atk|1\n|-boost|p1a: Rhydon|def|1\n|\n|upkeep\n|turn|28\n|\n|t:|1699050699\n|switch|p2a: Who you call a ho?|Ho-Oh, shiny|100\/100\n|move|p1a: Rhydon|Rock Blast|p2a: Who you call a ho?\n|-supereffective|p2a: Who you call a ho?\n|-damage|p2a: Who you call a ho?|54\/100\n|-supereffective|p2a: Who you call a ho?\n|-damage|p2a: Who you call a ho?|13\/100\n|-supereffective|p2a: Who you call a ho?\n|-damage|p2a: Who you call a ho?|0 fnt\n|faint|p2a: Who you call a ho?\n|-hitcount|p2: Who you call a ho?|3\n|\n|upkeep\n|\n|t:|1699050703\n|switch|p2a: Do The Worm|Giratina, shiny|63\/100 psn\n|-ability|p2a: Do The Worm|Pressure\n|turn|29\n|\n|t:|1699050707\n|move|p2a: Do The Worm|Toxic|p1a: Rhydon\n|-status|p1a: Rhydon|tox\n|move|p1a: Rhydon|Rock Blast|p2a: Do The Worm\n|-damage|p2a: Do The Worm|55\/100 psn\n|-damage|p2a: Do The Worm|47\/100 psn\n|-hitcount|p2a: Do The Worm|2\n|\n|-heal|p2a: Do The Worm|53\/100 psn|[from] item: Leftovers\n|-damage|p2a: Do The Worm|41\/100 psn|[from] psn\n|-damage|p1a: Rhydon|61\/100 tox|[from] psn\n|upkeep\n|turn|30\n|\n|t:|1699050710\n|move|p2a: Do The Worm|Rest|p2a: Do The Worm\n|-status|p2a: Do The Worm|slp|[from] move: Rest\n|-heal|p2a: Do The Worm|100\/100 slp|[silent]\n|move|p1a: Rhydon|Rock Blast|p2a: Do The Worm\n|-damage|p2a: Do The Worm|93\/100 slp\n|-damage|p2a: Do The Worm|85\/100 slp\n|-damage|p2a: Do The Worm|78\/100 slp\n|-hitcount|p2a: Do The Worm|3\n|\n|-heal|p2a: Do The Worm|84\/100 slp|[from] item: Leftovers\n|-damage|p1a: Rhydon|49\/100 tox|[from] psn\n|upkeep\n|turn|31\n|\n|t:|1699050713\n|cant|p2a: Do The Worm|slp\n|move|p1a: Rhydon|Rest|p1a: Rhydon\n|-status|p1a: Rhydon|slp|[from] move: Rest\n|-heal|p1a: Rhydon|100\/100 slp|[silent]\n|\n|-heal|p2a: Do The Worm|91\/100 slp|[from] item: Leftovers\n|upkeep\n|turn|32\n|\n|t:|1699050720\n|switch|p2a: Lev 18:22|Ferrothorn, F, tera:Water|61\/100\n|-status|p2a: Lev 18:22|tox\n|cant|p1a: Rhydon|slp\n|\n|-heal|p2a: Lev 18:22|67\/100 tox|[from] item: Leftovers\n|-damage|p2a: Lev 18:22|61\/100 tox|[from] psn\n|upkeep\n|turn|33\n|-message|ShrimpTheShrimp forfeited.\n|\n|win|Synchrodark\n|raw|Synchrodark's rating: 1550 &rarr; <strong>1575<\/strong><br \/>(+25 for winning)\n|raw|ShrimpTheShrimp's rating: 1634 &rarr; <strong>1609<\/strong><br \/>(-25 for losing)\n|l|\u2606ShrimpTheShrimp\n|l|\u2606Synchrodark\n","uploadtime":1699050759,"views":4,"p1id":"synchrodark","p2id":"shrimptheshrimp","formatid":"gen9nationaldexubers","rating":1575,"private":0,"password":""}