{"id":"gen9nationaldexubers-1978853633","p1":"07aint","p2":"moniceij8","format":"[Gen 9] National Dex Ubers","log":"|j|\u260607aint\n|j|\u2606moniceij8\n|t:|1698602937\n|gametype|singles\n|player|p1|07aint|silver-gen2|1092\n|player|p2|moniceij8|alder|1000\n|teamsize|p1|6\n|teamsize|p2|6\n|gen|9\n|tier|[Gen 9] National Dex Ubers\n|rated|\n|rule|HP Percentage Mod: HP is shown in percentages\n|rule|Endless Battle Clause: Forcing endless battles is banned\n|rule|OHKO Clause: OHKO moves are banned\n|rule|Evasion Moves Clause: Evasion moves are banned\n|rule|Evasion Items Clause: Evasion items are banned\n|rule|Species Clause: Limit one of each Pok\u00e9mon\n|rule|Sleep Clause Mod: Limit one foe put to sleep\n|rule|Mega Rayquaza Clause: You cannot mega evolve Rayquaza\n|clearpoke\n|poke|p1|Tapu Lele|\n|poke|p1|Metagross|\n|poke|p1|Landorus-Therian, M|\n|poke|p1|Togekiss, M|\n|poke|p1|Amoonguss, F|\n|poke|p1|Grimmsnarl, M|\n|poke|p2|Toxapex, M|\n|poke|p2|Mimikyu, M|\n|poke|p2|Arceus|\n|poke|p2|Blaziken, F|\n|poke|p2|Darkrai|\n|poke|p2|Baxcalibur, M|\n|teampreview\n|inactive|Battle timer is ON: inactive players will automatically lose when time's up. (requested by 07aint)\n|\n|t:|1698602948\n|start\n|switch|p1a: Australia|Landorus-Therian, M|100\/100\n|switch|p2a: Toxapex|Toxapex, M|100\/100\n|-ability|p1a: Australia|Intimidate|boost\n|-unboost|p2a: Toxapex|atk|1\n|turn|1\n|\n|t:|1698602966\n|-terastallize|p1a: Australia|Ground\n|move|p1a: Australia|Earthquake|p2a: Toxapex\n|-supereffective|p2a: Toxapex\n|-damage|p2a: Toxapex|14\/100\n|move|p2a: Toxapex|Toxic|p1a: Australia\n|-status|p1a: Australia|tox\n|\n|-heal|p2a: Toxapex|20\/100|[from] item: Leftovers\n|-damage|p1a: Australia|95\/100 tox|[from] psn\n|upkeep\n|turn|2\n|\n|t:|1698602982\n|move|p1a: Australia|Earthquake|p2a: Toxapex\n|-supereffective|p2a: Toxapex\n|-damage|p2a: Toxapex|0 fnt\n|faint|p2a: Toxapex\n|\n|-damage|p1a: Australia|83\/100 tox|[from] psn\n|upkeep\n|\n|t:|1698602998\n|switch|p2a: Blaziken|Blaziken, F|100\/100\n|turn|3\n|\n|t:|1698603010\n|switch|p1a: Grimace|Grimmsnarl, M|100\/100\n|detailschange|p2a: Blaziken|Blaziken-Mega, F\n|-mega|p2a: Blaziken|Blaziken|Blazikenite\n|move|p2a: Blaziken|Swords Dance|p2a: Blaziken\n|-boost|p2a: Blaziken|atk|2\n|\n|-ability|p2a: Blaziken|Speed Boost|boost\n|-boost|p2a: Blaziken|spe|1\n|upkeep\n|turn|4\n|\n|t:|1698603021\n|move|p1a: Grimace|Reflect|p1a: Grimace\n|-sidestart|p1: 07aint|Reflect\n|move|p2a: Blaziken|Close Combat|p1a: Grimace\n|-damage|p1a: Grimace|0 fnt\n|-unboost|p2a: Blaziken|def|1\n|-unboost|p2a: Blaziken|spd|1\n|faint|p1a: Grimace\n|\n|-ability|p2a: Blaziken|Speed Boost|boost\n|-boost|p2a: Blaziken|spe|1\n|upkeep\n|\n|t:|1698603032\n|switch|p1a: Australia|Landorus-Therian, M, tera:Ground|83\/100 tox\n|-ability|p1a: Australia|Intimidate|boost\n|-unboost|p2a: Blaziken|atk|1\n|turn|5\n|\n|t:|1698603039\n|move|p2a: Blaziken|Flare Blitz|p1a: Australia\n|-damage|p1a: Australia|32\/100 tox\n|-damage|p2a: Blaziken|84\/100|[from] item: Rocky Helmet|[of] p1a: Australia\n|-damage|p2a: Blaziken|66\/100|[from] Recoil\n|move|p1a: Australia|Earthquake|p2a: Blaziken\n|-supereffective|p2a: Blaziken\n|-damage|p2a: Blaziken|0 fnt\n|faint|p2a: Blaziken\n|\n|-damage|p1a: Australia|26\/100 tox|[from] psn\n|upkeep\n|\n|t:|1698603052\n|switch|p2a: Baxcalibur|Baxcalibur, M|100\/100\n|turn|6\n|c|\u260607aint|!weakness Baxcalibur\n|c| 07aint|\/raw <div class=\"infobox\">Baxcalibur (ignoring abilities):<br \/><span class=\"message-effect-weak\">Weaknesses<\/span>: Dragon, Fairy, Fighting, Rock, Steel<br \/><span class=\"message-effect-resist\">Resistances<\/span>: Electric, Grass, Water<br \/><span class=\"message-effect-immune\">Immunities<\/span>: Frozen, Hail damage<\/div>\n|\n|t:|1698603078\n|switch|p1a: Stevie|Metagross, shiny|100\/100\n|move|p2a: Baxcalibur|Dragon Dance|p2a: Baxcalibur\n|-boost|p2a: Baxcalibur|atk|1\n|-boost|p2a: Baxcalibur|spe|1\n|\n|upkeep\n|turn|7\n|\n|t:|1698603088\n|detailschange|p1a: Stevie|Metagross-Mega, shiny\n|-mega|p1a: Stevie|Metagross|Metagrossite\n|move|p2a: Baxcalibur|Glaive Rush|p1a: Stevie\n|-resisted|p1a: Stevie\n|-damage|p1a: Stevie|81\/100\n|-singlemove|p2a: Baxcalibur|Glaive Rush|[silent]\n|move|p1a: Stevie|Meteor Mash|p2a: Baxcalibur\n|-supereffective|p2a: Baxcalibur\n|-damage|p2a: Baxcalibur|0 fnt\n|-boost|p1a: Stevie|atk|1\n|faint|p2a: Baxcalibur\n|\n|upkeep\n|\n|t:|1698603093\n|switch|p2a: Darkrai|Darkrai|100\/100\n|turn|8\n|\n|t:|1698603109\n|move|p2a: Darkrai|Dark Pulse|p1a: Stevie\n|-supereffective|p1a: Stevie\n|-damage|p1a: Stevie|2\/100\n|move|p1a: Stevie|Meteor Mash|p2a: Darkrai\n|-damage|p2a: Darkrai|0 fnt\n|faint|p2a: Darkrai\n|\n|upkeep\n|\n|t:|1698603116\n|switch|p2a: Mimikyu|Mimikyu, M|100\/100\n|turn|9\n|\n|t:|1698603121\n|switch|p1a: Sussy|Amoonguss, F|100\/100\n|move|p2a: Mimikyu|Swords Dance|p2a: Mimikyu\n|-boost|p2a: Mimikyu|atk|2\n|\n|upkeep\n|turn|10\n|\n|t:|1698603127\n|move|p2a: Mimikyu|Swords Dance|p2a: Mimikyu\n|-boost|p2a: Mimikyu|atk|2\n|move|p1a: Sussy|Sludge Bomb|p2a: Mimikyu\n|-activate|p2a: Mimikyu|ability: Disguise\n|-damage|p2a: Mimikyu|100\/100\n|detailschange|p2a: Mimikyu|Mimikyu-Busted, M\n|-damage|p2a: Mimikyu|88\/100|[from] pokemon: Mimikyu-Busted\n|\n|upkeep\n|turn|11\n|\n|t:|1698603140\n|move|p2a: Mimikyu|Play Rough|p1a: Sussy\n|-resisted|p1a: Sussy\n|-damage|p1a: Sussy|73\/100\n|-damage|p2a: Mimikyu|72\/100|[from] item: Rocky Helmet|[of] p1a: Sussy\n|-damage|p2a: Mimikyu|62\/100|[from] item: Life Orb\n|move|p1a: Sussy|Spore|p2a: Mimikyu\n|-status|p2a: Mimikyu|slp|[from] move: Spore\n|\n|-sideend|p1: 07aint|Reflect\n|upkeep\n|turn|12\n|\n|t:|1698603151\n|cant|p2a: Mimikyu|slp\n|move|p1a: Sussy|Sludge Bomb|p2a: Mimikyu\n|-damage|p2a: Mimikyu|28\/100 slp\n|\n|upkeep\n|turn|13\n|\n|t:|1698603157\n|-curestatus|p2a: Mimikyu|slp|[msg]\n|move|p2a: Mimikyu|Shadow Sneak|p1a: Sussy\n|-damage|p1a: Sussy|19\/100\n|-damage|p2a: Mimikyu|12\/100|[from] item: Rocky Helmet|[of] p1a: Sussy\n|-damage|p2a: Mimikyu|2\/100|[from] item: Life Orb\n|move|p1a: Sussy|Sludge Bomb|p2a: Mimikyu\n|-damage|p2a: Mimikyu|0 fnt\n|faint|p2a: Mimikyu\n|\n|upkeep\n|\n|t:|1698603166\n|switch|p2a: Arceus|Arceus|100\/100\n|turn|14\n|\n|t:|1698603180\n|switch|p1a: lol|Tapu Lele, shiny|100\/100\n|-fieldstart|move: Psychic Terrain|[from] ability: Psychic Surge|[of] p1a: lol\n|move|p2a: Arceus|Swords Dance|p2a: Arceus\n|-boost|p2a: Arceus|atk|2\n|\n|upkeep\n|turn|15\n|\n|t:|1698603202\n|move|p1a: lol|Focus Blast|p2a: Arceus|[miss]\n|-miss|p1a: lol|p2a: Arceus\n|move|p2a: Arceus|Shadow Claw|p1a: lol\n|-supereffective|p1a: lol\n|-damage|p1a: lol|0 fnt\n|faint|p1a: lol\n|\n|upkeep\n|\n|t:|1698603217\n|switch|p1a: Sussy|Amoonguss, F|52\/100\n|turn|16\n|\n|t:|1698603221\n|move|p2a: Arceus|Earthquake|p1a: Sussy\n|-damage|p1a: Sussy|0 fnt\n|faint|p1a: Sussy\n|\n|upkeep\n|\n|t:|1698603226\n|switch|p1a: Stevie|Metagross-Mega, shiny|2\/100\n|turn|17\n|\n|t:|1698603231\n|move|p2a: Arceus|Extreme Speed|p1a: Stevie\n|-activate|p1a: Stevie|move: Psychic Terrain\n|move|p1a: Stevie|Zen Headbutt|p2a: Arceus\n|-damage|p2a: Arceus|56\/100\n|\n|upkeep\n|turn|18\n|\n|t:|1698603242\n|move|p1a: Stevie|Zen Headbutt|p2a: Arceus\n|-damage|p2a: Arceus|8\/100\n|move|p2a: Arceus|Earthquake|p1a: Stevie\n|-supereffective|p1a: Stevie\n|-damage|p1a: Stevie|0 fnt\n|faint|p1a: Stevie\n|\n|-fieldend|move: Psychic Terrain\n|upkeep\n|\n|t:|1698603251\n|switch|p1a: Australia|Landorus-Therian, M, tera:Ground|26\/100 tox\n|-ability|p1a: Australia|Intimidate|boost\n|-unboost|p2a: Arceus|atk|1\n|turn|19\n|\n|t:|1698603256\n|move|p2a: Arceus|Extreme Speed|p1a: Australia\n|-damage|p1a: Australia|0 fnt\n|-damage|p2a: Arceus|0 fnt|[from] item: Rocky Helmet|[of] p1a: Australia\n|faint|p1a: Australia\n|faint|p2a: Arceus\n|\n|win|07aint\n|raw|07aint's rating: 1092 &rarr; <strong>1111<\/strong><br \/>(+19 for winning)\n|raw|moniceij8's rating: 1000 &rarr; <strong>1000<\/strong><br \/>(+0 for losing)\n|l|\u2606moniceij8\n","uploadtime":1698603265,"views":10,"p1id":"07aint","p2id":"moniceij8","formatid":"gen9nationaldexubers","rating":1000,"private":0,"password":""}