{"id":"gen9nationaldexubers-1978395024","p1":"85792195wwww","p2":"commonapi","format":"[Gen 9] National Dex Ubers","log":"|j|\u260685792195wwww\n|j|\u2606commonapi\n|t:|1698533405\n|gametype|singles\n|player|p1|85792195wwww|lady|1798\n|player|p2|commonapi|102|1833\n|teamsize|p1|6\n|teamsize|p2|6\n|gen|9\n|tier|[Gen 9] National Dex Ubers\n|rated|\n|rule|HP Percentage Mod: HP is shown in percentages\n|rule|Endless Battle Clause: Forcing endless battles is banned\n|rule|OHKO Clause: OHKO moves are banned\n|rule|Evasion Moves Clause: Evasion moves are banned\n|rule|Evasion Items Clause: Evasion items are banned\n|rule|Species Clause: Limit one of each Pok\u00e9mon\n|rule|Sleep Clause Mod: Limit one foe put to sleep\n|rule|Mega Rayquaza Clause: You cannot mega evolve Rayquaza\n|clearpoke\n|poke|p1|Zacian-*|\n|poke|p1|Kyogre|\n|poke|p1|Xerneas-*|\n|poke|p1|Krookodile, F|\n|poke|p1|Groudon|\n|poke|p1|Arceus|\n|poke|p2|Ho-Oh|\n|poke|p2|Groudon|\n|poke|p2|Zacian-*|\n|poke|p2|Arceus|\n|poke|p2|Xerneas-*|\n|poke|p2|Kyogre|\n|teampreview\n|\n|t:|1698533411\n|start\n|switch|p1a: Krookodile|Krookodile, F|100\/100\n|switch|p2a: Kyogre|Kyogre|100\/100\n|-ability|p1a: Krookodile|Intimidate|boost\n|-unboost|p2a: Kyogre|atk|1\n|detailschange|p2a: Kyogre|Kyogre-Primal\n|-primal|p2a: Kyogre|Blue Orb\n|-weather|PrimordialSea|[from] ability: Primordial Sea|[of] p2a: Kyogre\n|turn|1\n|inactive|Battle timer is ON: inactive players will automatically lose when time's up. (requested by commonapi)\n|\n|t:|1698533423\n|move|p1a: Krookodile|Bulldoze|p2a: Kyogre\n|-damage|p2a: Kyogre|67\/100\n|-unboost|p2a: Kyogre|spe|1\n|move|p2a: Kyogre|Ice Beam|p1a: Krookodile\n|-supereffective|p1a: Krookodile\n|-enditem|p1a: Krookodile|Focus Sash\n|-damage|p1a: Krookodile|1\/100\n|\n|-weather|PrimordialSea|[upkeep]\n|upkeep\n|turn|2\n|\n|t:|1698533445\n|-weather|none\n|switch|p2a: Arceus|Arceus|100\/100\n|move|p1a: Krookodile|Stealth Rock|p2a: Arceus\n|-sidestart|p2: commonapi|move: Stealth Rock\n|\n|upkeep\n|turn|3\n|\n|t:|1698533452\n|move|p2a: Arceus|Extreme Speed|p1a: Krookodile\n|-damage|p1a: Krookodile|0 fnt\n|faint|p1a: Krookodile\n|\n|upkeep\n|\n|t:|1698533458\n|switch|p1a: Zacian|Zacian-Crowned|100\/100\n|-ability|p1a: Zacian|Intrepid Sword|boost\n|-boost|p1a: Zacian|atk|1\n|turn|4\n|\n|t:|1698533463\n|move|p1a: Zacian|Swords Dance|p1a: Zacian\n|-boost|p1a: Zacian|atk|2\n|move|p2a: Arceus|Earthquake|p1a: Zacian\n|-supereffective|p1a: Zacian\n|-damage|p1a: Zacian|31\/100\n|\n|upkeep\n|turn|5\n|\n|t:|1698533483\n|switch|p2a: Ho-Oh|Ho-Oh|100\/100\n|move|p1a: Zacian|Behemoth Blade|p2a: Ho-Oh\n|-resisted|p2a: Ho-Oh\n|-damage|p2a: Ho-Oh|52\/100\n|\n|upkeep\n|turn|6\n|\n|t:|1698533491\n|move|p1a: Zacian|Behemoth Blade|p2a: Ho-Oh\n|-resisted|p2a: Ho-Oh\n|-damage|p2a: Ho-Oh|0 fnt\n|faint|p2a: Ho-Oh\n|\n|upkeep\n|\n|t:|1698533494\n|switch|p2a: Zacian|Zacian-Crowned|100\/100\n|-damage|p2a: Zacian|94\/100|[from] Stealth Rock\n|-ability|p2a: Zacian|Intrepid Sword|boost\n|-boost|p2a: Zacian|atk|1\n|turn|7\n|\n|t:|1698533501\n|move|p2a: Zacian|Behemoth Blade|p1a: Zacian\n|-damage|p1a: Zacian|0 fnt\n|faint|p1a: Zacian\n|\n|upkeep\n|\n|t:|1698533507\n|switch|p1a: Kyogre|Kyogre|100\/100\n|detailschange|p1a: Kyogre|Kyogre-Primal\n|-primal|p1a: Kyogre|Blue Orb\n|-weather|PrimordialSea|[from] ability: Primordial Sea|[of] p1a: Kyogre\n|turn|8\n|\n|t:|1698533514\n|move|p2a: Zacian|Wild Charge|p1a: Kyogre\n|-supereffective|p1a: Kyogre\n|-damage|p1a: Kyogre|8\/100\n|-damage|p2a: Zacian|68\/100|[from] Recoil\n|move|p1a: Kyogre|Scald|p2a: Zacian\n|-damage|p2a: Zacian|0 fnt\n|faint|p2a: Zacian\n|\n|-weather|PrimordialSea|[upkeep]\n|upkeep\n|inactive|commonapi has 120 seconds left.\n|\n|t:|1698533554\n|switch|p2a: Xerneas|Xerneas|100\/100\n|-damage|p2a: Xerneas|88\/100|[from] Stealth Rock\n|-ability|p2a: Xerneas|Fairy Aura\n|turn|9\n|\n|t:|1698533560\n|move|p1a: Kyogre|Scald|p2a: Xerneas\n|-damage|p2a: Xerneas|15\/100\n|move|p2a: Xerneas|Geomancy||[still]\n|-prepare|p2a: Xerneas|Geomancy\n|-enditem|p2a: Xerneas|Power Herb\n|-anim|p2a: Xerneas|Geomancy|p2a: Xerneas\n|-boost|p2a: Xerneas|spa|2\n|-boost|p2a: Xerneas|spd|2\n|-boost|p2a: Xerneas|spe|2\n|\n|-weather|PrimordialSea|[upkeep]\n|upkeep\n|turn|10\n|\n|t:|1698533570\n|move|p2a: Xerneas|Draining Kiss|p1a: Kyogre\n|-damage|p1a: Kyogre|0 fnt\n|-heal|p2a: Xerneas|20\/100|[from] drain|[of] p1a: Kyogre\n|faint|p1a: Kyogre\n|-weather|none\n|\n|upkeep\n|\n|t:|1698533578\n|switch|p1a: Arceus|Arceus|100\/100\n|turn|11\n|\n|t:|1698533604\n|switch|p2a: Groudon|Groudon|100\/100\n|-damage|p2a: Groudon|94\/100|[from] Stealth Rock\n|detailschange|p2a: Groudon|Groudon-Primal\n|-primal|p2a: Groudon|Red Orb\n|-weather|DesolateLand|[from] ability: Desolate Land|[of] p2a: Groudon\n|move|p1a: Arceus|Extreme Speed|p2a: Groudon\n|-damage|p2a: Groudon|69\/100\n|-damage|p1a: Arceus|91\/100|[from] item: Life Orb\n|\n|-weather|DesolateLand|[upkeep]\n|upkeep\n|turn|12\n|\n|t:|1698533616\n|move|p1a: Arceus|Swords Dance|p1a: Arceus\n|-boost|p1a: Arceus|atk|2\n|move|p2a: Groudon|Overheat|p1a: Arceus\n|-damage|p1a: Arceus|17\/100\n|-unboost|p2a: Groudon|spa|2\n|\n|-weather|DesolateLand|[upkeep]\n|upkeep\n|turn|13\n|\n|t:|1698533625\n|-weather|none\n|switch|p2a: Xerneas|Xerneas|20\/100\n|-damage|p2a: Xerneas|7\/100|[from] Stealth Rock\n|-ability|p2a: Xerneas|Fairy Aura\n|move|p1a: Arceus|Earthquake|p2a: Xerneas\n|-damage|p2a: Xerneas|0 fnt\n|faint|p2a: Xerneas\n|-damage|p1a: Arceus|7\/100|[from] item: Life Orb\n|\n|upkeep\n|\n|t:|1698533635\n|switch|p2a: Arceus|Arceus|100\/100\n|-damage|p2a: Arceus|88\/100|[from] Stealth Rock\n|turn|14\n|\n|t:|1698533642\n|-terastallize|p2a: Arceus|Ghost\n|move|p2a: Arceus|Extreme Speed|p1a: Arceus\n|-damage|p1a: Arceus|0 fnt\n|faint|p1a: Arceus\n|\n|upkeep\n|\n|t:|1698533652\n|switch|p1a: Xerneas|Xerneas|100\/100\n|-ability|p1a: Xerneas|Fairy Aura\n|turn|15\n|\n|t:|1698533658\n|move|p2a: Arceus|Taunt|p1a: Xerneas\n|-start|p1a: Xerneas|move: Taunt\n|cant|p1a: Xerneas|move: Taunt|Geomancy\n|\n|upkeep\n|turn|16\n|\n|t:|1698533670\n|switch|p2a: Groudon|Groudon-Primal|69\/100\n|-damage|p2a: Groudon|56\/100|[from] Stealth Rock\n|-weather|DesolateLand|[from] ability: Desolate Land|[of] p2a: Groudon\n|-terastallize|p1a: Xerneas|Fairy\n|move|p1a: Xerneas|Moonblast|p2a: Groudon\n|-resisted|p2a: Groudon\n|-damage|p2a: Groudon|15\/100\n|-unboost|p2a: Groudon|spa|1\n|\n|-weather|DesolateLand|[upkeep]\n|upkeep\n|turn|17\n|\n|t:|1698533687\n|switch|p1a: Groudon|Groudon|100\/100\n|detailschange|p1a: Groudon|Groudon-Primal\n|-primal|p1a: Groudon|Red Orb\n|move|p2a: Groudon|Overheat|p1a: Groudon\n|-resisted|p1a: Groudon\n|-damage|p1a: Groudon|68\/100\n|-unboost|p2a: Groudon|spa|2\n|\n|-weather|DesolateLand|[upkeep]\n|upkeep\n|turn|18\n|\n|t:|1698533698\n|move|p1a: Groudon|Rock Polish|p1a: Groudon\n|-boost|p1a: Groudon|spe|2\n|move|p2a: Groudon|Earthquake|p1a: Groudon\n|-supereffective|p1a: Groudon\n|-damage|p1a: Groudon|0 fnt\n|faint|p1a: Groudon\n|\n|-weather|DesolateLand|[upkeep]\n|upkeep\n|\n|t:|1698533706\n|switch|p1a: Xerneas|Xerneas, tera:Fairy|100\/100\n|-ability|p1a: Xerneas|Fairy Aura\n|turn|19\n|\n|t:|1698533712\n|move|p1a: Xerneas|Geomancy||[still]\n|-prepare|p1a: Xerneas|Geomancy\n|-enditem|p1a: Xerneas|Power Herb\n|-anim|p1a: Xerneas|Geomancy|p1a: Xerneas\n|-boost|p1a: Xerneas|spa|2\n|-boost|p1a: Xerneas|spd|2\n|-boost|p1a: Xerneas|spe|2\n|move|p2a: Groudon|Earthquake|p1a: Xerneas\n|-damage|p1a: Xerneas|52\/100\n|\n|-weather|DesolateLand|[upkeep]\n|upkeep\n|turn|20\n|\n|t:|1698533721\n|move|p1a: Xerneas|Moonblast|p2a: Groudon\n|-resisted|p2a: Groudon\n|-damage|p2a: Groudon|0 fnt\n|faint|p2a: Groudon\n|-weather|none\n|\n|upkeep\n|\n|t:|1698533724\n|switch|p2a: Arceus|Arceus, tera:Ghost|88\/100\n|-damage|p2a: Arceus|76\/100|[from] Stealth Rock\n|turn|21\n|\n|t:|1698533730\n|move|p2a: Arceus|Extreme Speed|p1a: Xerneas\n|-damage|p1a: Xerneas|23\/100\n|move|p1a: Xerneas|Moonblast|p2a: Arceus\n|-damage|p2a: Arceus|0 fnt\n|faint|p2a: Arceus\n|\n|upkeep\n|\n|t:|1698533735\n|switch|p2a: Kyogre|Kyogre-Primal|67\/100\n|-damage|p2a: Kyogre|55\/100|[from] Stealth Rock\n|-weather|PrimordialSea|[from] ability: Primordial Sea|[of] p2a: Kyogre\n|turn|22\n|\n|t:|1698533743\n|move|p1a: Xerneas|Grass Knot|p2a: Kyogre\n|-supereffective|p2a: Kyogre\n|-damage|p2a: Kyogre|0 fnt\n|faint|p2a: Kyogre\n|-weather|none\n|\n|win|85792195wwww\n|raw|85792195wwww's rating: 1798 &rarr; <strong>1820<\/strong><br \/>(+22 for winning)\n|raw|commonapi's rating: 1833 &rarr; <strong>1811<\/strong><br \/>(-22 for losing)\n|l|\u2606commonapi\n","uploadtime":1698533751,"views":8,"p1id":"85792195wwww","p2id":"commonapi","formatid":"gen9nationaldexubers","rating":1811,"private":0,"password":""}