{"id":"gen9nationaldexubers-1996647571","p1":"sandman42","p2":"ontario oshawott","format":"[Gen 9] National Dex Ubers","log":"|j|\u2606sandman42\n|j|\u2606ontario oshawott\n|t:|1700704851\n|gametype|singles\n|player|p1|sandman42|psychicf-gen4|\n|player|p2|ontario oshawott|cynthia|\n|teamsize|p1|6\n|teamsize|p2|6\n|gen|9\n|tier|[Gen 9] National Dex Ubers\n|rule|HP Percentage Mod: HP is shown in percentages\n|rule|Endless Battle Clause: Forcing endless battles is banned\n|rule|OHKO Clause: OHKO moves are banned\n|rule|Evasion Moves Clause: Evasion moves are banned\n|rule|Evasion Items Clause: Evasion items are banned\n|rule|Species Clause: Limit one of each Pok\u00e9mon\n|rule|Sleep Clause Mod: Limit one foe put to sleep\n|rule|Mega Rayquaza Clause: You cannot mega evolve Rayquaza\n|clearpoke\n|poke|p1|Slowking-Galar, F|\n|poke|p1|Blacephalon|\n|poke|p1|Ogerpon-Wellspring, F|\n|poke|p1|Greninja-*, F|\n|poke|p1|Banette, M|\n|poke|p1|Bronzong|\n|poke|p2|Tapu Fini|\n|poke|p2|Zapdos-Galar|\n|poke|p2|Latios, M|\n|poke|p2|Absol, M|\n|poke|p2|Gliscor, M|\n|poke|p2|Ogerpon-Cornerstone, F|\n|teampreview\n|c|\u2606ontario oshawott|glhf!\n|c|\u2606ontario oshawott|u got lonk?\n|c|\u2606sandman42|wat\n|c|\u2606sandman42|oh link? i cant on this computer if u wouldnt mind\n|c|\u2606ontario oshawott|i gotchu\n|\n|t:|1700704967\n|start\n|switch|p1a: Mogera|Bronzong|100\/100\n|switch|p2a: BONK|Ogerpon-Cornerstone, F|100\/100\n|turn|1\n|c|\u2606sandman42|dont like that\n|\n|t:|1700705017\n|move|p2a: BONK|Knock Off|p1a: Mogera\n|-supereffective|p1a: Mogera\n|-damage|p1a: Mogera|54\/100\n|-enditem|p1a: Mogera|Mirror Herb|[from] move: Knock Off|[of] p2a: BONK\n|move|p1a: Mogera|Gyro Ball|p2a: BONK\n|-supereffective|p2a: BONK\n|-ability|p2a: BONK|Sturdy\n|-damage|p2a: BONK|1\/100\n|\n|upkeep\n|turn|2\n|j| Egorego\n|\n|t:|1700705124\n|switch|p2a: BIGGEST BIRD|Zapdos-Galar|100\/100\n|move|p1a: Mogera|Ice Spinner|p2a: BIGGEST BIRD\n|-supereffective|p2a: BIGGEST BIRD\n|-damage|p2a: BIGGEST BIRD|61\/100\n|\n|upkeep\n|turn|3\n|\n|t:|1700705149\n|switch|p1a: Destoroyah|Slowking-Galar, F|100\/100\n|move|p2a: BIGGEST BIRD|U-turn|p1a: Destoroyah\n|-damage|p1a: Destoroyah|83\/100\n|-damage|p2a: BIGGEST BIRD|45\/100|[from] item: Rocky Helmet|[of] p1a: Destoroyah\n|\n|t:|1700705240\n|switch|p2a: sandy|Gliscor, M|100\/100|[from] U-turn\n|\n|upkeep\n|turn|4\n|c|\u2606sandman42|nice name\n|c|\u2606ontario oshawott|real\n|\n|t:|1700705336\n|move|p2a: sandy|Earthquake|p1a: Destoroyah\n|-supereffective|p1a: Destoroyah\n|-damage|p1a: Destoroyah|21\/100\n|move|p1a: Destoroyah|Ice Beam|p2a: sandy\n|-supereffective|p2a: sandy\n|-damage|p2a: sandy|0 fnt\n|faint|p2a: sandy\n|\n|upkeep\n|\n|t:|1700705357\n|switch|p2a: INTERCEPT ME|Latios, M|100\/100\n|turn|5\n|\n|t:|1700705371\n|detailschange|p2a: INTERCEPT ME|Latios-Mega, M\n|-mega|p2a: INTERCEPT ME|Latios|Latiosite\n|move|p2a: INTERCEPT ME|Dragon Pulse|p1a: Destoroyah\n|-damage|p1a: Destoroyah|0 fnt\n|faint|p1a: Destoroyah\n|\n|upkeep\n|\n|t:|1700705430\n|switch|p1a: Gigan|Greninja, F|100\/100\n|turn|6\n|\n|t:|1700705459\n|switch|p2a: Tapu Fini|Tapu Fini|100\/100\n|-fieldstart|move: Misty Terrain|[from] ability: Misty Surge|[of] p2a: Tapu Fini\n|move|p1a: Gigan|Ice Beam|p2a: Tapu Fini\n|-start|p1a: Gigan|typechange|Ice|[from] ability: Protean\n|-resisted|p2a: Tapu Fini\n|-damage|p2a: Tapu Fini|90\/100\n|\n|upkeep\n|turn|7\n|\n|t:|1700705482\n|switch|p1a: Gojira|Banette, M|100\/100\n|-item|p2a: Tapu Fini|Assault Vest|[from] ability: Frisk|[of] p1a: Gojira|[identify]\n|move|p2a: Tapu Fini|Moonblast|p1a: Gojira\n|-damage|p1a: Gojira|23\/100\n|-unboost|p1a: Gojira|spa|1\n|\n|upkeep\n|turn|8\n|\n|t:|1700705499\n|switch|p2a: BONK|Ogerpon-Cornerstone, F|1\/100\n|detailschange|p1a: Gojira|Banette-Mega, M\n|-mega|p1a: Gojira|Banette|Banettite\n|move|p1a: Gojira|Destiny Bond|p1a: Gojira\n|-singlemove|p1a: Gojira|Destiny Bond\n|\n|upkeep\n|turn|9\n|\n|t:|1700705508\n|move|p2a: BONK|Knock Off|p1a: Gojira\n|-supereffective|p1a: Gojira\n|-damage|p1a: Gojira|0 fnt\n|faint|p1a: Gojira\n|-activate|p1a: Gojira|move: Destiny Bond\n|faint|p2a: BONK\n|\n|upkeep\n|\n|t:|1700705532\n|switch|p2a: BIGGEST BIRD|Zapdos-Galar|45\/100\n|switch|p1a: Gigan|Greninja, F|100\/100\n|turn|10\n|\n|t:|1700705559\n|switch|p1a: Mogera|Bronzong|54\/100\n|move|p2a: BIGGEST BIRD|U-turn|p1a: Mogera\n|-damage|p1a: Mogera|38\/100\n|\n|t:|1700705565\n|switch|p2a: Tapu Fini|Tapu Fini|90\/100|[from] U-turn\n|\n|-fieldend|Misty Terrain\n|upkeep\n|turn|11\n|\n|t:|1700705579\n|move|p2a: Tapu Fini|Shadow Ball|p1a: Mogera\n|-supereffective|p1a: Mogera\n|-crit|p1a: Mogera\n|-damage|p1a: Mogera|0 fnt\n|faint|p1a: Mogera\n|\n|upkeep\n|c|\u2606sandman42|you gotta be kidding me\n|\n|t:|1700705627\n|switch|p1a: Ghidora|Ogerpon-Wellspring, F|100\/100\n|turn|12\n|\n|t:|1700705634\n|move|p1a: Ghidora|Trailblaze|p2a: Tapu Fini\n|-supereffective|p2a: Tapu Fini\n|-damage|p2a: Tapu Fini|38\/100\n|-boost|p1a: Ghidora|spe|1\n|move|p2a: Tapu Fini|Ice Beam|p1a: Ghidora\n|-damage|p1a: Ghidora|72\/100\n|\n|upkeep\n|turn|13\n|\n|t:|1700705646\n|switch|p2a: BIGGEST BIRD|Zapdos-Galar|45\/100\n|move|p1a: Ghidora|Horn Leech|p2a: BIGGEST BIRD\n|-resisted|p2a: BIGGEST BIRD\n|-damage|p2a: BIGGEST BIRD|20\/100\n|-heal|p1a: Ghidora|85\/100|[from] drain|[of] p2a: BIGGEST BIRD\n|\n|upkeep\n|turn|14\n|j| whoreganic\n|\n|t:|1700705658\n|move|p1a: Ghidora|Ivy Cudgel|p2a: BIGGEST BIRD|[anim] Ivy Cudgel Water\n|-damage|p2a: BIGGEST BIRD|0 fnt\n|faint|p2a: BIGGEST BIRD\n|\n|upkeep\n|\n|t:|1700705674\n|switch|p2a: INTERCEPT ME|Latios-Mega, M|100\/100\n|turn|15\n|\n|t:|1700705702\n|move|p1a: Ghidora|Play Rough|p2a: INTERCEPT ME\n|-supereffective|p2a: INTERCEPT ME\n|-damage|p2a: INTERCEPT ME|29\/100\n|move|p2a: INTERCEPT ME|Dragon Pulse|p1a: Ghidora\n|-damage|p1a: Ghidora|38\/100\n|\n|upkeep\n|turn|16\n|\n|t:|1700705716\n|switch|p2a: Tapu Fini|Tapu Fini|38\/100\n|-fieldstart|move: Misty Terrain|[from] ability: Misty Surge|[of] p2a: Tapu Fini\n|move|p1a: Ghidora|Play Rough|p2a: Tapu Fini\n|-damage|p2a: Tapu Fini|7\/100\n|\n|upkeep\n|turn|17\n|\n|t:|1700705738\n|move|p1a: Ghidora|Horn Leech|p2a: Tapu Fini\n|-supereffective|p2a: Tapu Fini\n|-damage|p2a: Tapu Fini|0 fnt\n|-heal|p1a: Ghidora|42\/100|[from] drain|[of] p2a: Tapu Fini\n|faint|p2a: Tapu Fini\n|\n|upkeep\n|\n|t:|1700705744\n|switch|p2a: tim the goat|Absol, M|100\/100\n|turn|18\n|\n|t:|1700705772\n|move|p2a: tim the goat|Sucker Punch|p1a: Ghidora\n|-damage|p1a: Ghidora|0 fnt\n|faint|p1a: Ghidora\n|-damage|p2a: tim the goat|91\/100|[from] item: Life Orb\n|\n|upkeep\n|\n|t:|1700705777\n|switch|p1a: Gigan|Greninja, F|100\/100\n|turn|19\n|\n|t:|1700705812\n|move|p1a: Gigan|Ice Beam|p2a: tim the goat\n|-start|p1a: Gigan|typechange|Ice|[from] ability: Protean\n|-damage|p2a: tim the goat|19\/100\n|move|p2a: tim the goat|Play Rough|p1a: Gigan\n|-damage|p1a: Gigan|35\/100\n|-damage|p2a: tim the goat|9\/100|[from] item: Life Orb\n|\n|upkeep\n|turn|20\n|\n|t:|1700705822\n|move|p2a: tim the goat|Sucker Punch|p1a: Gigan\n|-damage|p1a: Gigan|0 fnt\n|faint|p1a: Gigan\n|-damage|p2a: tim the goat|0 fnt|[from] item: Life Orb\n|faint|p2a: tim the goat\n|\n|-fieldend|Misty Terrain\n|upkeep\n|c|\u2606sandman42|nice\n|\n|t:|1700705829\n|switch|p1a: Biolante|Blacephalon|100\/100\n|switch|p2a: INTERCEPT ME|Latios-Mega, M|29\/100\n|turn|21\n|c| whoreganic|gg boys\n|c|\u2606sandman42|gg\n|c|\u2606ontario oshawott|ggs\n|\n|t:|1700705838\n|move|p1a: Biolante|Shadow Ball|p2a: INTERCEPT ME\n|-supereffective|p2a: INTERCEPT ME\n|-damage|p2a: INTERCEPT ME|0 fnt\n|faint|p2a: INTERCEPT ME\n|\n|win|sandman42\n|c|\u2606ontario oshawott|smh me i was so careless\n|l| Egorego\n|l| whoreganic\n|j| Woozyo\n|l|\u2606sandman42\n|l| Woozyo\n|player|p2|ontario oshawott|cynthia\n","uploadtime":1700705954,"views":44,"p1id":"sandman42","p2id":"ontariooshawott","formatid":"gen9nationaldexubers","rating":0,"private":0,"password":""}