{"id":"gen9nationaldexubers-1981389225","p1":"DF NKTDL","p2":"Cilantora","format":"[Gen 9] National Dex Ubers","log":"|j|\u2606DF NKTDL\n|j|\u2606Cilantora\n|t:|1698890434\n|gametype|singles\n|player|p1|DF NKTDL|1|1217\n|player|p2|Cilantora|veteran|1109\n|teamsize|p1|6\n|teamsize|p2|6\n|gen|9\n|tier|[Gen 9] National Dex Ubers\n|rated|\n|rule|HP Percentage Mod: HP is shown in percentages\n|rule|Endless Battle Clause: Forcing endless battles is banned\n|rule|OHKO Clause: OHKO moves are banned\n|rule|Evasion Moves Clause: Evasion moves are banned\n|rule|Evasion Items Clause: Evasion items are banned\n|rule|Species Clause: Limit one of each Pok\u00e9mon\n|rule|Sleep Clause Mod: Limit one foe put to sleep\n|rule|Mega Rayquaza Clause: You cannot mega evolve Rayquaza\n|clearpoke\n|poke|p1|Maushold-Four|\n|poke|p1|Xerneas-*|\n|poke|p1|Marshadow|\n|poke|p1|Basculegion-F, F|\n|poke|p1|Groudon|\n|poke|p1|Dragonite, M|\n|poke|p2|Dragapult, F|\n|poke|p2|Breloom, F|\n|poke|p2|Cyclizar, F|\n|poke|p2|Annihilape, F|\n|poke|p2|Darmanitan-Galar, F|\n|poke|p2|Samurott-Hisui, F|\n|teampreview\n|\n|t:|1698890456\n|start\n|switch|p1a: Groudon|Groudon|100\/100\n|switch|p2a: Cyclizar|Cyclizar, F|100\/100\n|detailschange|p1a: Groudon|Groudon-Primal\n|-primal|p1a: Groudon|Red Orb\n|-weather|DesolateLand|[from] ability: Desolate Land|[of] p1a: Groudon\n|turn|1\n|\n|t:|1698890466\n|move|p2a: Cyclizar|Shed Tail|p2a: Cyclizar\n|-start|p2a: Cyclizar|Substitute|[from] move: Shed Tail\n|-damage|p2a: Cyclizar|50\/100\n|\n|t:|1698890474\n|switch|p2a: Annihilape|Annihilape, F|100\/100|[from] Shed Tail\n|move|p1a: Groudon|Dragon Tail|p2a: Annihilape\n|-end|p2a: Annihilape|Substitute\n|\n|-weather|DesolateLand|[upkeep]\n|upkeep\n|turn|2\n|\n|t:|1698890489\n|move|p1a: Groudon|Heat Crash|p2a: Annihilape\n|-damage|p2a: Annihilape|0 fnt\n|faint|p2a: Annihilape\n|\n|-weather|DesolateLand|[upkeep]\n|upkeep\n|\n|t:|1698890496\n|switch|p2a: Darmanitan|Darmanitan-Galar, F|100\/100\n|turn|3\n|\n|t:|1698890502\n|move|p2a: Darmanitan|Rock Slide|p1a: Groudon\n|-crit|p1a: Groudon\n|-damage|p1a: Groudon|59\/100\n|cant|p1a: Groudon|flinch\n|\n|-weather|DesolateLand|[upkeep]\n|upkeep\n|turn|4\n|\n|t:|1698890509\n|move|p2a: Darmanitan|Rock Slide|p1a: Groudon\n|-damage|p1a: Groudon|32\/100\n|cant|p1a: Groudon|flinch\n|\n|-weather|DesolateLand|[upkeep]\n|upkeep\n|turn|5\n|c|\u2606Cilantora|Damn bro\n|\n|t:|1698890517\n|move|p2a: Darmanitan|Rock Slide|p1a: Groudon\n|-damage|p1a: Groudon|4\/100\n|cant|p1a: Groudon|flinch\n|\n|-weather|DesolateLand|[upkeep]\n|upkeep\n|turn|6\n|c|\u2606Cilantora|W h a t\n|c|\u2606Cilantora|ok uh if I got reported for that i'd understand\n|c|\u2606Cilantora|i did not just get a triple flinch\n|\n|t:|1698890541\n|move|p2a: Darmanitan|Rock Slide|p1a: Groudon\n|-crit|p1a: Groudon\n|-damage|p1a: Groudon|0 fnt\n|faint|p1a: Groudon\n|-weather|none\n|\n|upkeep\n|\n|t:|1698890547\n|switch|p1a: Maushold|Maushold-Four|100\/100\n|turn|7\n|\n|t:|1698890554\n|move|p1a: Maushold|Population Bomb|p2a: Darmanitan\n|-damage|p2a: Darmanitan|83\/100\n|-hitcount|p2a: Darmanitan|1\n|move|p2a: Darmanitan|Rock Slide|p1a: Maushold\n|-damage|p1a: Maushold|36\/100\n|\n|upkeep\n|turn|8\n|\n|t:|1698890563\n|move|p1a: Maushold|Population Bomb|p2a: Darmanitan\n|-damage|p2a: Darmanitan|66\/100\n|-damage|p2a: Darmanitan|48\/100\n|-damage|p2a: Darmanitan|30\/100\n|-damage|p2a: Darmanitan|13\/100\n|-damage|p2a: Darmanitan|0 fnt\n|faint|p2a: Darmanitan\n|-hitcount|p2: Darmanitan|5\n|\n|upkeep\n|\n|t:|1698890579\n|switch|p2a: Breloom|Breloom, F|100\/100\n|turn|9\n|\n|t:|1698890609\n|switch|p1a: Marshadow|Marshadow|100\/100\n|-terastallize|p2a: Breloom|Fighting\n|move|p2a: Breloom|Mach Punch|p1a: Marshadow\n|-immune|p1a: Marshadow\n|\n|upkeep\n|turn|10\n|\n|t:|1698890621\n|move|p1a: Marshadow|Spectral Thief|p2a: Breloom\n|-damage|p2a: Breloom|19\/100\n|move|p2a: Breloom|Spore|p1a: Marshadow\n|-status|p1a: Marshadow|slp|[from] move: Spore\n|\n|upkeep\n|turn|11\n|\n|t:|1698890630\n|cant|p1a: Marshadow|slp\n|move|p2a: Breloom|Swords Dance|p2a: Breloom\n|-boost|p2a: Breloom|atk|2\n|\n|upkeep\n|turn|12\n|\n|t:|1698890637\n|-curestatus|p1a: Marshadow|slp|[msg]\n|move|p1a: Marshadow|Spectral Thief||[still]\n|-clearpositiveboost|p2a: Breloom|p1a: Marshadow|move: Spectral Thief\n|-boost|p1a: Marshadow|atk|2\n|-anim|p1a: Marshadow|Spectral Thief|p2a: Breloom\n|-damage|p2a: Breloom|0 fnt\n|faint|p2a: Breloom\n|\n|upkeep\n|c|\u2606Cilantora|yeah thats gg\n|c|\u2606Cilantora|woke up in 1 turn\n|c|\u2606Cilantora|oof\n|\n|t:|1698890656\n|switch|p2a: Dragapult|Dragapult, F|100\/100\n|turn|13\n|\n|t:|1698890662\n|move|p2a: Dragapult|Will-O-Wisp|p1a: Marshadow\n|-status|p1a: Marshadow|brn\n|move|p1a: Marshadow|Spectral Thief|p2a: Dragapult\n|-supereffective|p2a: Dragapult\n|-damage|p2a: Dragapult|0 fnt\n|faint|p2a: Dragapult\n|\n|-damage|p1a: Marshadow|94\/100 brn|[from] brn\n|upkeep\n|\n|t:|1698890673\n|switch|p2a: Samurott|Samurott-Hisui, F|100\/100\n|turn|14\n|\n|t:|1698890677\n|move|p2a: Samurott|Aqua Jet|p1a: Marshadow\n|-damage|p1a: Marshadow|69\/100 brn\n|-zpower|p1a: Marshadow\n|move|p1a: Marshadow|Soul-Stealing 7-Star Strike|p2a: Samurott|[zeffect]\n|-resisted|p2a: Samurott\n|-damage|p2a: Samurott|26\/100\n|\n|-damage|p1a: Marshadow|63\/100 brn|[from] brn\n|upkeep\n|turn|15\n|\n|t:|1698890694\n|move|p2a: Samurott|Aqua Jet|p1a: Marshadow\n|-damage|p1a: Marshadow|38\/100 brn\n|move|p1a: Marshadow|Close Combat|p2a: Samurott\n|-supereffective|p2a: Samurott\n|-damage|p2a: Samurott|0 fnt\n|-unboost|p1a: Marshadow|def|1\n|-unboost|p1a: Marshadow|spd|1\n|faint|p2a: Samurott\n|\n|-damage|p1a: Marshadow|32\/100 brn|[from] brn\n|upkeep\n|\n|t:|1698890703\n|switch|p2a: Cyclizar|Cyclizar, F|84\/100\n|turn|16\n|\n|t:|1698890716\n|move|p2a: Cyclizar|Draco Meteor|p1a: Marshadow\n|-damage|p1a: Marshadow|0 fnt\n|-unboost|p2a: Cyclizar|spa|2\n|faint|p1a: Marshadow\n|\n|upkeep\n|\n|t:|1698890722\n|switch|p1a: Xerneas|Xerneas|100\/100\n|-ability|p1a: Xerneas|Fairy Aura\n|turn|17\n|\n|t:|1698890729\n|move|p2a: Cyclizar|Draco Meteor|p1a: Xerneas\n|-immune|p1a: Xerneas\n|move|p1a: Xerneas|Geomancy||[still]\n|-prepare|p1a: Xerneas|Geomancy\n|-enditem|p1a: Xerneas|Power Herb\n|-anim|p1a: Xerneas|Geomancy|p1a: Xerneas\n|-boost|p1a: Xerneas|spa|2\n|-boost|p1a: Xerneas|spd|2\n|-boost|p1a: Xerneas|spe|2\n|\n|upkeep\n|turn|18\n|\n|t:|1698890740\n|move|p1a: Xerneas|Thunder|p2a: Cyclizar\n|-resisted|p2a: Cyclizar\n|-damage|p2a: Cyclizar|21\/100\n|move|p2a: Cyclizar|Draco Meteor|p1a: Xerneas\n|-immune|p1a: Xerneas\n|\n|upkeep\n|turn|19\n|\n|t:|1698890751\n|switch|p1a: Dragonite|Dragonite, M|100\/100\n|move|p2a: Cyclizar|Draco Meteor|p1a: Dragonite\n|-supereffective|p1a: Dragonite\n|-damage|p1a: Dragonite|81\/100\n|-unboost|p2a: Cyclizar|spa|2\n|\n|upkeep\n|turn|20\n|c|\u2606Cilantora|Why did you switch??\n|c|\u2606Cilantora|im choice scarfed\n|\n|t:|1698890766\n|move|p2a: Cyclizar|Draco Meteor|p1a: Dragonite\n|-supereffective|p1a: Dragonite\n|-damage|p1a: Dragonite|54\/100\n|-unboost|p2a: Cyclizar|spa|2\n|move|p1a: Dragonite|Roost|p1a: Dragonite\n|-heal|p1a: Dragonite|100\/100\n|-singleturn|p1a: Dragonite|move: Roost\n|\n|upkeep\n|turn|21\n|\n|t:|1698890779\n|move|p2a: Cyclizar|Draco Meteor|p1a: Dragonite\n|-supereffective|p1a: Dragonite\n|-damage|p1a: Dragonite|90\/100\n|move|p1a: Dragonite|Dragon Dance|p1a: Dragonite\n|-boost|p1a: Dragonite|atk|1\n|-boost|p1a: Dragonite|spe|1\n|\n|upkeep\n|turn|22\n|\n|t:|1698890789\n|move|p2a: Cyclizar|Draco Meteor|p1a: Dragonite\n|-supereffective|p1a: Dragonite\n|-damage|p1a: Dragonite|71\/100\n|move|p1a: Dragonite|Dragon Dance|p1a: Dragonite\n|-boost|p1a: Dragonite|atk|1\n|-boost|p1a: Dragonite|spe|1\n|\n|upkeep\n|turn|23\n|\n|t:|1698890797\n|move|p2a: Cyclizar|Draco Meteor|p1a: Dragonite\n|-supereffective|p1a: Dragonite\n|-damage|p1a: Dragonite|52\/100\n|move|p1a: Dragonite|Roost|p1a: Dragonite\n|-heal|p1a: Dragonite|100\/100\n|-singleturn|p1a: Dragonite|move: Roost\n|\n|upkeep\n|turn|24\n|\n|t:|1698890806\n|-activate|p2a: Cyclizar|move: Struggle\n|move|p2a: Cyclizar|Struggle|p1a: Dragonite\n|-damage|p1a: Dragonite|95\/100\n|-damage|p2a: Cyclizar|0 fnt|[from] recoil\n|faint|p2a: Cyclizar\n|\n|win|DF NKTDL\n|raw|DF NKTDL's rating: 1196 &rarr; <strong>1215<\/strong><br \/>(+19 for winning)\n|raw|Cilantora's rating: 1109 &rarr; <strong>1090<\/strong><br \/>(-19 for losing)\n","uploadtime":1698890818,"views":11,"p1id":"dfnktdl","p2id":"cilantora","formatid":"gen9nationaldexubers","rating":1090,"private":0,"password":""}