{"id":"gen9nationaldexubers-1994722026","p1":"edcearense","p2":"Victor hg 999","format":"[Gen 9] National Dex Ubers","log":"|j|\u2606edcearense\n|j|\u2606Victor hg 999\n|t:|1700485711\n|gametype|singles\n|player|p1|edcearense|hugh|1119\n|player|p2|Victor hg 999|lucas|1265\n|teamsize|p1|6\n|teamsize|p2|6\n|gen|9\n|tier|[Gen 9] National Dex Ubers\n|rated|\n|rule|HP Percentage Mod: HP is shown in percentages\n|rule|Endless Battle Clause: Forcing endless battles is banned\n|rule|OHKO Clause: OHKO moves are banned\n|rule|Evasion Moves Clause: Evasion moves are banned\n|rule|Evasion Items Clause: Evasion items are banned\n|rule|Species Clause: Limit one of each Pok\u00e9mon\n|rule|Sleep Clause Mod: Limit one foe put to sleep\n|rule|Mega Rayquaza Clause: You cannot mega evolve Rayquaza\n|clearpoke\n|poke|p1|Rayquaza|\n|poke|p1|Hydreigon, M|\n|poke|p1|Kingdra, M|\n|poke|p1|Dragalge, M|\n|poke|p1|Garchomp, F|\n|poke|p1|Salamence, M|\n|poke|p2|Glimmet, L1, F|\n|poke|p2|Starly, L1, M|\n|poke|p2|Nosepass, L1, M|\n|poke|p2|Aron, L1, F|\n|poke|p2|Whimsicott, L1, F|\n|poke|p2|Mimikyu, L1, M|\n|teampreview\n|inactive|Battle timer is ON: inactive players will automatically lose when time's up. (requested by Victor hg 999)\n|\n|t:|1700485721\n|start\n|switch|p1a: Salamence|Salamence, M|100\/100\n|switch|p2a: Glimmet|Glimmet, L1, F|100\/100\n|-ability|p1a: Salamence|Intimidate|boost\n|-unboost|p2a: Glimmet|atk|1\n|turn|1\n|\n|t:|1700485732\n|move|p1a: Salamence|Steel Wing|p2a: Glimmet\n|-supereffective|p2a: Glimmet\n|-enditem|p2a: Glimmet|Focus Sash\n|-damage|p2a: Glimmet|9\/100\n|-activate|p2a: Glimmet|ability: Toxic Debris\n|-sidestart|p1: edcearense|move: Toxic Spikes\n|move|p2a: Glimmet|Toxic|p1a: Salamence\n|-status|p1a: Salamence|tox\n|\n|-damage|p1a: Salamence|94\/100 tox|[from] psn\n|upkeep\n|turn|2\n|\n|t:|1700485744\n|move|p2a: Glimmet|Protect|p2a: Glimmet\n|-singleturn|p2a: Glimmet|Protect\n|move|p1a: Salamence|Steel Wing|p2a: Glimmet\n|-activate|p2a: Glimmet|move: Protect\n|\n|-damage|p1a: Salamence|82\/100 tox|[from] psn\n|upkeep\n|turn|3\n|\n|t:|1700485753\n|move|p2a: Glimmet|Protect||[still]\n|-fail|p2a: Glimmet\n|move|p1a: Salamence|Steel Wing|p2a: Glimmet\n|-supereffective|p2a: Glimmet\n|-damage|p2a: Glimmet|0 fnt\n|-activate|p2a: Glimmet|ability: Toxic Debris\n|-sidestart|p1: edcearense|move: Toxic Spikes\n|faint|p2a: Glimmet\n|\n|-damage|p1a: Salamence|64\/100 tox|[from] psn\n|upkeep\n|\n|t:|1700485767\n|switch|p2a: Aron|Aron, L1, F|100\/100\n|turn|4\n|\n|t:|1700485774\n|detailschange|p1a: Salamence|Salamence-Mega, M\n|-mega|p1a: Salamence|Salamence|Salamencite\n|move|p1a: Salamence|Dragon Dance|p1a: Salamence\n|-boost|p1a: Salamence|atk|1\n|-boost|p1a: Salamence|spe|1\n|move|p2a: Aron|Endeavor|p1a: Salamence\n|-damage|p1a: Salamence|4\/100 tox\n|\n|-damage|p1a: Salamence|0 fnt|[from] psn\n|faint|p1a: Salamence\n|upkeep\n|\n|t:|1700485785\n|switch|p1a: Dragalge|Dragalge, M|100\/100\n|-sideend|p1: edcearense|move: Toxic Spikes|[of] p1a: Dragalge\n|turn|5\n|\n|t:|1700485794\n|move|p1a: Dragalge|Focus Blast|p2a: Aron\n|-supereffective|p2a: Aron\n|-ability|p2a: Aron|Sturdy\n|-damage|p2a: Aron|9\/100\n|move|p2a: Aron|Endeavor|p1a: Dragalge\n|-damage|p1a: Dragalge|1\/100\n|-heal|p2a: Aron|100\/100|[from] item: Shell Bell|[of] p1a: Dragalge\n|\n|upkeep\n|turn|6\n|\n|t:|1700485807\n|switch|p2a: Whimsicott|Whimsicott, L1, F, shiny|100\/100\n|move|p1a: Dragalge|Focus Blast|p2a: Whimsicott\n|-resisted|p2a: Whimsicott\n|-enditem|p2a: Whimsicott|Focus Sash\n|-damage|p2a: Whimsicott|9\/100\n|\n|upkeep\n|turn|7\n|\n|t:|1700485816\n|move|p2a: Whimsicott|Leech Seed|p1a: Dragalge\n|-start|p1a: Dragalge|move: Leech Seed\n|move|p1a: Dragalge|Focus Blast|p2a: Whimsicott\n|-resisted|p2a: Whimsicott\n|-damage|p2a: Whimsicott|0 fnt\n|faint|p2a: Whimsicott\n|\n|upkeep\n|\n|t:|1700485825\n|switch|p2a: Aron|Aron, L1, F|100\/100\n|turn|8\n|\n|t:|1700485833\n|switch|p1a: Garchomp|Garchomp, F|100\/100\n|move|p2a: Aron|Protect||[still]\n|-fail|p2a: Aron\n|\n|upkeep\n|turn|9\n|\n|t:|1700485842\n|move|p1a: Garchomp|Earthquake|p2a: Aron\n|-supereffective|p2a: Aron\n|-ability|p2a: Aron|Sturdy\n|-damage|p2a: Aron|9\/100\n|move|p2a: Aron|Endeavor|p1a: Garchomp\n|-damage|p1a: Garchomp|1\/100\n|-damage|p2a: Aron|0 fnt|[from] ability: Rough Skin|[of] p1a: Garchomp\n|faint|p2a: Aron\n|\n|upkeep\n|\n|t:|1700485857\n|switch|p2a: Starly|Starly, L1, M, shiny|100\/100\n|turn|10\n|\n|t:|1700485862\n|move|p2a: Starly|Quick Attack|p1a: Garchomp\n|-damage|p1a: Garchomp|0 fnt\n|-damage|p2a: Starly|92\/100|[from] ability: Rough Skin|[of] p1a: Garchomp\n|faint|p1a: Garchomp\n|\n|upkeep\n|\n|t:|1700485870\n|switch|p1a: Kingdra|Kingdra, M|100\/100\n|turn|11\n|-message|Victor hg 999 forfeited.\n|\n|win|edcearense\n|raw|edcearense's rating: 1119 &rarr; <strong>1154<\/strong><br \/>(+35 for winning)\n|raw|Victor hg 999's rating: 1265 &rarr; <strong>1230<\/strong><br \/>(-35 for losing)\n|l|\u2606Victor hg 999\n","uploadtime":1700485877,"views":1,"p1id":"edcearense","p2id":"victorhg999","formatid":"gen9nationaldexubers","rating":1154,"private":0,"password":""}