{"id":"gen9nationaldexubers-1978152382","p1":"Siege Team","p2":"85792195wwww","format":"[Gen 9] National Dex Ubers","log":"|j|\u203dSiege Team\n|j|\u260685792195wwww\n|t:|1698505710\n|gametype|singles\n|player|p1|Siege Team|veteran|1587\n|player|p2|85792195wwww|lady|1749\n|teamsize|p1|6\n|teamsize|p2|6\n|gen|9\n|tier|[Gen 9] National Dex Ubers\n|rated|\n|rule|HP Percentage Mod: HP is shown in percentages\n|rule|Endless Battle Clause: Forcing endless battles is banned\n|rule|OHKO Clause: OHKO moves are banned\n|rule|Evasion Moves Clause: Evasion moves are banned\n|rule|Evasion Items Clause: Evasion items are banned\n|rule|Species Clause: Limit one of each Pok\u00e9mon\n|rule|Sleep Clause Mod: Limit one foe put to sleep\n|rule|Mega Rayquaza Clause: You cannot mega evolve Rayquaza\n|clearpoke\n|poke|p1|Necrozma-Dusk-Mane|\n|poke|p1|Groudon|\n|poke|p1|Dialga-Origin|\n|poke|p1|Rayquaza|\n|poke|p1|Arceus|\n|poke|p1|Eternatus|\n|poke|p2|Calyrex-Ice|\n|poke|p2|Groudon|\n|poke|p2|Krookodile, M|\n|poke|p2|Xerneas-*|\n|poke|p2|Zacian-*|\n|poke|p2|Arceus|\n|teampreview\n|inactive|Battle timer is ON: inactive players will automatically lose when time's up. (requested by Siege Team)\n|\n|t:|1698505721\n|start\n|switch|p1a: Rayquaza|Rayquaza|100\/100\n|switch|p2a: Krookodile|Krookodile, M|100\/100\n|-ability|p1a: Rayquaza|Air Lock\n|-ability|p2a: Krookodile|Intimidate|boost\n|-unboost|p1a: Rayquaza|atk|1\n|turn|1\n|\n|t:|1698505730\n|move|p1a: Rayquaza|Surf|p2a: Krookodile\n|-supereffective|p2a: Krookodile\n|-damage|p2a: Krookodile|15\/100\n|move|p2a: Krookodile|Stealth Rock|p1a: Rayquaza\n|-sidestart|p1: Siege Team|move: Stealth Rock\n|\n|upkeep\n|turn|2\n|\n|t:|1698505739\n|switch|p2a: Calyrex|Calyrex-Ice|100\/100\n|-ability|p2a: Calyrex|As One\n|-ability|p2a: Calyrex|Unnerve\n|move|p1a: Rayquaza|Surf|p2a: Calyrex\n|-damage|p2a: Calyrex|75\/100\n|\n|upkeep\n|turn|3\n|\n|t:|1698505748\n|move|p1a: Rayquaza|V-create|p2a: Calyrex\n|-supereffective|p2a: Calyrex\n|-damage|p2a: Calyrex|12\/100\n|-unboost|p1a: Rayquaza|spe|1\n|-unboost|p1a: Rayquaza|def|1\n|-unboost|p1a: Rayquaza|spd|1\n|move|p2a: Calyrex|Agility|p2a: Calyrex\n|-boost|p2a: Calyrex|spe|2\n|\n|upkeep\n|turn|4\n|\n|t:|1698505759\n|move|p1a: Rayquaza|Extreme Speed|p2a: Calyrex\n|-damage|p2a: Calyrex|0 fnt\n|faint|p2a: Calyrex\n|\n|upkeep\n|\n|t:|1698505775\n|switch|p2a: Arceus|Arceus|100\/100\n|turn|5\n|\n|t:|1698505781\n|switch|p1a: Eternatus|Eternatus|100\/100\n|-damage|p1a: Eternatus|88\/100|[from] Stealth Rock\n|-ability|p1a: Eternatus|Pressure\n|move|p2a: Arceus|Swords Dance|p2a: Arceus\n|-boost|p2a: Arceus|atk|2\n|\n|upkeep\n|turn|6\n|\n|t:|1698505790\n|move|p1a: Eternatus|Reflect|p1a: Eternatus\n|-sidestart|p1: Siege Team|Reflect\n|move|p2a: Arceus|Earthquake|p1a: Eternatus\n|-supereffective|p1a: Eternatus\n|-damage|p1a: Eternatus|24\/100\n|-damage|p2a: Arceus|91\/100|[from] item: Life Orb\n|\n|upkeep\n|turn|7\n|\n|t:|1698505798\n|move|p1a: Eternatus|Toxic|p2a: Arceus\n|-status|p2a: Arceus|tox\n|move|p2a: Arceus|Swords Dance|p2a: Arceus\n|-boost|p2a: Arceus|atk|2\n|\n|-damage|p2a: Arceus|85\/100 tox|[from] psn\n|upkeep\n|turn|8\n|\n|t:|1698505809\n|-terastallize|p1a: Eternatus|Steel\n|move|p2a: Arceus|Extreme Speed|p1a: Eternatus\n|-resisted|p1a: Eternatus\n|-damage|p1a: Eternatus|0 fnt\n|-damage|p2a: Arceus|68\/100 tox|[from] item: Rocky Helmet|[of] p1a: Eternatus\n|faint|p1a: Eternatus\n|-damage|p2a: Arceus|58\/100 tox|[from] item: Life Orb\n|\n|-damage|p2a: Arceus|46\/100 tox|[from] psn\n|upkeep\n|\n|t:|1698505820\n|switch|p1a: Arceus|Arceus|100\/100\n|-damage|p1a: Arceus|88\/100|[from] Stealth Rock\n|turn|9\n|\n|t:|1698505828\n|move|p1a: Arceus|Extreme Speed|p2a: Arceus\n|-damage|p2a: Arceus|9\/100 tox\n|-damage|p1a: Arceus|78\/100|[from] item: Life Orb\n|move|p2a: Arceus|Extreme Speed|p1a: Arceus\n|-damage|p1a: Arceus|14\/100\n|-damage|p2a: Arceus|0 fnt|[from] item: Life Orb\n|faint|p2a: Arceus\n|\n|upkeep\n|\n|t:|1698505850\n|switch|p2a: Xerneas|Xerneas|100\/100\n|-ability|p2a: Xerneas|Fairy Aura\n|turn|10\n|\n|t:|1698505855\n|move|p1a: Arceus|Defog|p2a: Xerneas\n|-unboost|p2a: Xerneas|evasion|1\n|-sideend|p1: Siege Team|Stealth Rock|[from] move: Defog|[of] p1a: Arceus\n|move|p2a: Xerneas|Geomancy||[still]\n|-prepare|p2a: Xerneas|Geomancy\n|-enditem|p2a: Xerneas|Power Herb\n|-anim|p2a: Xerneas|Geomancy|p2a: Xerneas\n|-boost|p2a: Xerneas|spa|2\n|-boost|p2a: Xerneas|spd|2\n|-boost|p2a: Xerneas|spe|2\n|\n|-sideend|p1: Siege Team|Reflect\n|upkeep\n|turn|11\n|\n|t:|1698505866\n|move|p1a: Arceus|Extreme Speed|p2a: Xerneas\n|-damage|p2a: Xerneas|60\/100\n|-damage|p1a: Arceus|4\/100|[from] item: Life Orb\n|move|p2a: Xerneas|Moonblast|p1a: Arceus\n|-damage|p1a: Arceus|0 fnt\n|faint|p1a: Arceus\n|\n|upkeep\n|\n|t:|1698505875\n|switch|p1a: Necrozma|Necrozma-Dusk-Mane|100\/100\n|turn|12\n|\n|t:|1698505883\n|move|p2a: Xerneas|Moonblast|p1a: Necrozma\n|-resisted|p1a: Necrozma\n|-damage|p1a: Necrozma|44\/100\n|-unboost|p1a: Necrozma|spa|1\n|move|p1a: Necrozma|Trick Room|p1a: Necrozma\n|-fieldstart|move: Trick Room|[of] p1a: Necrozma\n|\n|upkeep\n|turn|13\n|\n|t:|1698505891\n|switch|p2a: Groudon|Groudon|100\/100\n|detailschange|p2a: Groudon|Groudon-Primal\n|-primal|p2a: Groudon|Red Orb\n|-weather|DesolateLand|[from] ability: Desolate Land|[of] p2a: Groudon\n|move|p1a: Necrozma|Sunsteel Strike|p2a: Groudon\n|-resisted|p2a: Groudon\n|-damage|p2a: Groudon|82\/100\n|\n|-weather|DesolateLand|[upkeep]\n|upkeep\n|turn|14\n|\n|t:|1698505908\n|-weather|none\n|switch|p2a: Krookodile|Krookodile, M|15\/100\n|-ability|p2a: Krookodile|Intimidate|boost\n|-unboost|p1a: Necrozma|atk|1\n|move|p1a: Necrozma|Earthquake|p2a: Krookodile\n|-damage|p2a: Krookodile|0 fnt\n|faint|p2a: Krookodile\n|\n|upkeep\n|inactive|85792195wwww has 120 seconds left.\n|\n|t:|1698505930\n|switch|p2a: Groudon|Groudon-Primal|82\/100\n|-weather|DesolateLand|[from] ability: Desolate Land|[of] p2a: Groudon\n|turn|15\n|\n|t:|1698505935\n|move|p1a: Necrozma|Earthquake|p2a: Groudon\n|-supereffective|p2a: Groudon\n|-damage|p2a: Groudon|48\/100\n|move|p2a: Groudon|Rock Polish|p2a: Groudon\n|-boost|p2a: Groudon|spe|2\n|-enditem|p1a: Necrozma|Mirror Herb\n|-boost|p1a: Necrozma|spe|2|[from] item: Mirror Herb\n|\n|-weather|DesolateLand|[upkeep]\n|upkeep\n|turn|16\n|\n|t:|1698505943\n|move|p1a: Necrozma|Earthquake|p2a: Groudon\n|-supereffective|p2a: Groudon\n|-damage|p2a: Groudon|12\/100\n|move|p2a: Groudon|Heat Crash|p1a: Necrozma\n|-supereffective|p1a: Necrozma\n|-damage|p1a: Necrozma|0 fnt\n|faint|p1a: Necrozma\n|\n|-weather|DesolateLand|[upkeep]\n|-fieldend|move: Trick Room\n|upkeep\n|\n|t:|1698505953\n|switch|p1a: Rayquaza|Rayquaza|100\/100\n|-ability|p1a: Rayquaza|Air Lock\n|turn|17\n|\n|t:|1698505958\n|move|p1a: Rayquaza|Extreme Speed|p2a: Groudon\n|-damage|p2a: Groudon|0 fnt\n|faint|p2a: Groudon\n|-weather|none\n|\n|upkeep\n|\n|t:|1698505966\n|switch|p2a: Xerneas|Xerneas|60\/100\n|-ability|p2a: Xerneas|Fairy Aura\n|turn|18\n|\n|t:|1698505971\n|move|p1a: Rayquaza|V-create|p2a: Xerneas\n|-damage|p2a: Xerneas|15\/100\n|-unboost|p1a: Rayquaza|spe|1\n|-unboost|p1a: Rayquaza|def|1\n|-unboost|p1a: Rayquaza|spd|1\n|move|p2a: Xerneas|Moonblast|p1a: Rayquaza\n|-supereffective|p1a: Rayquaza\n|-enditem|p1a: Rayquaza|Focus Sash\n|-damage|p1a: Rayquaza|1\/100\n|\n|upkeep\n|turn|19\n|\n|t:|1698505981\n|move|p1a: Rayquaza|Extreme Speed|p2a: Xerneas\n|-damage|p2a: Xerneas|0 fnt\n|faint|p2a: Xerneas\n|\n|upkeep\n|\n|t:|1698505989\n|switch|p2a: Zacian|Zacian-Crowned|100\/100\n|-ability|p2a: Zacian|Intrepid Sword|boost\n|-boost|p2a: Zacian|atk|1\n|turn|20\n|\n|t:|1698505994\n|-terastallize|p2a: Zacian|Fighting\n|move|p2a: Zacian|Swords Dance|p2a: Zacian\n|-boost|p2a: Zacian|atk|2\n|move|p1a: Rayquaza|V-create|p2a: Zacian|[miss]\n|-miss|p1a: Rayquaza|p2a: Zacian\n|\n|upkeep\n|turn|21\n|\n|t:|1698506003\n|move|p2a: Zacian|Behemoth Blade|p1a: Rayquaza\n|-damage|p1a: Rayquaza|0 fnt\n|faint|p1a: Rayquaza\n|\n|upkeep\n|j| Pwkejejieiw\n|\n|t:|1698506008\n|switch|p1a: Groudon|Groudon, shiny|100\/100\n|detailschange|p1a: Groudon|Groudon-Primal, shiny\n|-primal|p1a: Groudon|Red Orb\n|-weather|DesolateLand|[from] ability: Desolate Land|[of] p1a: Groudon\n|turn|22\n|\n|t:|1698506016\n|move|p2a: Zacian|Swords Dance|p2a: Zacian\n|-boost|p2a: Zacian|atk|2\n|move|p1a: Groudon|Heat Crash|p2a: Zacian\n|-damage|p2a: Zacian|53\/100\n|\n|-weather|DesolateLand|[upkeep]\n|upkeep\n|turn|23\n|\n|t:|1698506023\n|-weather|none\n|switch|p1a: Dialga|Dialga-Origin, shiny|100\/100\n|-ability|p1a: Dialga|Pressure\n|move|p2a: Zacian|Close Combat|p1a: Dialga\n|-supereffective|p1a: Dialga\n|-damage|p1a: Dialga|0 fnt\n|-unboost|p2a: Zacian|def|1\n|-unboost|p2a: Zacian|spd|1\n|faint|p1a: Dialga\n|\n|upkeep\n|c| Pwkejejieiw|bros team is done for\n|\n|t:|1698506035\n|switch|p1a: Groudon|Groudon-Primal, shiny|100\/100\n|-weather|DesolateLand|[from] ability: Desolate Land|[of] p1a: Groudon\n|turn|24\n|\n|t:|1698506039\n|move|p2a: Zacian|Close Combat|p1a: Groudon\n|-damage|p1a: Groudon|0 fnt\n|-unboost|p2a: Zacian|def|1\n|-unboost|p2a: Zacian|spd|1\n|faint|p1a: Groudon\n|-weather|none\n|\n|win|85792195wwww\n|raw|Siege Team's rating: 1587 &rarr; <strong>1576<\/strong><br \/>(-11 for losing)\n|raw|85792195wwww's rating: 1749 &rarr; <strong>1760<\/strong><br \/>(+11 for winning)\n|l|\u203dSiege Team\n","uploadtime":1698506048,"views":4,"p1id":"siegeteam","p2id":"85792195wwww","formatid":"gen9nationaldexubers","rating":1576,"private":0,"password":""}