{"id":"gen9nationaldexubers-1989398381","p1":"cinderace 88","p2":"aquiles meo","format":"[Gen 9] National Dex Ubers","log":"|j|\u2606cinderace 88\n|j|\u2606aquiles meo\n|t:|1699845193\n|gametype|singles\n|player|p1|cinderace 88|hop-masters|1036\n|player|p2|aquiles meo|ethan|1111\n|teamsize|p1|6\n|teamsize|p2|6\n|gen|9\n|tier|[Gen 9] National Dex Ubers\n|rated|\n|rule|HP Percentage Mod: HP is shown in percentages\n|rule|Endless Battle Clause: Forcing endless battles is banned\n|rule|OHKO Clause: OHKO moves are banned\n|rule|Evasion Moves Clause: Evasion moves are banned\n|rule|Evasion Items Clause: Evasion items are banned\n|rule|Species Clause: Limit one of each Pok\u00e9mon\n|rule|Sleep Clause Mod: Limit one foe put to sleep\n|rule|Mega Rayquaza Clause: You cannot mega evolve Rayquaza\n|clearpoke\n|poke|p1|Kricketune, M|\n|poke|p1|Vivillon-Marine, F|\n|poke|p1|Heracross, M|\n|poke|p1|Yanmega, M|\n|poke|p1|Rabsca, M|\n|poke|p1|Genesect|\n|poke|p2|Jirachi|\n|poke|p2|Ho-Oh|\n|poke|p2|Rayquaza|\n|poke|p2|Pidgeot, M|\n|poke|p2|Lucario, M|\n|poke|p2|Luxray, M|\n|teampreview\n|inactive|Battle timer is ON: inactive players will automatically lose when time's up. (requested by cinderace 88)\n|\n|t:|1699845201\n|start\n|switch|p1a: Heracross|Heracross, M|100\/100\n|switch|p2a: Jirachi|Jirachi|100\/100\n|turn|1\n|c|\u2606aquiles meo|thanks for bringing kricketune back\n|\n|t:|1699845218\n|detailschange|p1a: Heracross|Heracross-Mega, M\n|-mega|p1a: Heracross|Heracross|Heracronite\n|move|p2a: Jirachi|Iron Head|p1a: Heracross\n|-damage|p1a: Heracross|68\/100\n|cant|p1a: Heracross|flinch\n|\n|upkeep\n|turn|2\n|\n|t:|1699845224\n|move|p2a: Jirachi|Iron Head|p1a: Heracross\n|-damage|p1a: Heracross|32\/100\n|cant|p1a: Heracross|flinch\n|\n|upkeep\n|turn|3\n|\n|t:|1699845229\n|move|p2a: Jirachi|Iron Head|p1a: Heracross\n|-damage|p1a: Heracross|0 fnt\n|faint|p1a: Heracross\n|\n|upkeep\n|\n|t:|1699845240\n|switch|p1a: Yanmega|Yanmega, M|100\/100\n|turn|4\n|inactive|aquiles meo has 120 seconds left.\n|\n|t:|1699845273\n|move|p2a: Jirachi|Ancient Power|p1a: Yanmega\n|-supereffective|p1a: Yanmega\n|-damage|p1a: Yanmega|11\/100\n|move|p1a: Yanmega|Bug Buzz|p2a: Jirachi\n|-damage|p2a: Jirachi|57\/100\n|\n|-ability|p1a: Yanmega|Speed Boost|boost\n|-boost|p1a: Yanmega|spe|1\n|upkeep\n|turn|5\n|\n|t:|1699845292\n|move|p1a: Yanmega|Bug Buzz|p2a: Jirachi\n|-damage|p2a: Jirachi|16\/100\n|move|p2a: Jirachi|Ancient Power|p1a: Yanmega\n|-supereffective|p1a: Yanmega\n|-damage|p1a: Yanmega|0 fnt\n|-boost|p2a: Jirachi|atk|1\n|-boost|p2a: Jirachi|def|1\n|-boost|p2a: Jirachi|spa|1\n|-boost|p2a: Jirachi|spd|1\n|-boost|p2a: Jirachi|spe|1\n|faint|p1a: Yanmega\n|\n|upkeep\n|\n|t:|1699845300\n|switch|p1a: Kricketune|Kricketune, M|100\/100\n|turn|6\n|c|\u2606aquiles meo|ah yes\n|c|\u2606aquiles meo|thank you for joining us\n|\n|t:|1699845316\n|move|p2a: Jirachi|Ancient Power|p1a: Kricketune\n|-supereffective|p1a: Kricketune\n|-crit|p1a: Kricketune\n|-enditem|p1a: Kricketune|Focus Sash\n|-damage|p1a: Kricketune|1\/100\n|move|p1a: Kricketune|Fell Stinger|p2a: Jirachi\n|-damage|p2a: Jirachi|0 fnt\n|faint|p2a: Jirachi\n|-boost|p1a: Kricketune|atk|3\n|\n|upkeep\n|inactive|aquiles meo has 120 seconds left.\n|\n|t:|1699845328\n|switch|p2a: Ho-Oh|Ho-Oh|100\/100\n|turn|7\n|\n|t:|1699845334\n|move|p2a: Ho-Oh|Sacred Fire|p1a: Kricketune\n|-supereffective|p1a: Kricketune\n|-damage|p1a: Kricketune|0 fnt\n|faint|p1a: Kricketune\n|\n|upkeep\n|\n|t:|1699845342\n|switch|p1a: Rabsca|Rabsca, M|100\/100\n|turn|8\n|\n|t:|1699845348\n|move|p2a: Ho-Oh|Burn Up|p1a: Rabsca\n|-supereffective|p1a: Rabsca\n|-damage|p1a: Rabsca|0 fnt\n|-start|p2a: Ho-Oh|typechange|???\/Flying|[from] move: Burn Up\n|faint|p1a: Rabsca\n|\n|upkeep\n|\n|t:|1699845367\n|switch|p1a: Vivillon|Vivillon-Marine, F|100\/100\n|turn|9\n|\n|t:|1699845388\n|move|p1a: Vivillon|Draining Kiss|p2a: Ho-Oh\n|-damage|p2a: Ho-Oh|88\/100\n|-damage|p1a: Vivillon|91\/100|[from] item: Life Orb\n|move|p2a: Ho-Oh|Ancient Power|p1a: Vivillon\n|-supereffective|p1a: Vivillon\n|-damage|p1a: Vivillon|0 fnt\n|faint|p1a: Vivillon\n|\n|upkeep\n|\n|t:|1699845394\n|switch|p1a: Genesect|Genesect, shiny|100\/100\n|-ability|p1a: Genesect|Download|boost\n|-boost|p1a: Genesect|atk|1\n|turn|10\n|\n|t:|1699845410\n|-terastallize|p1a: Genesect|Fire\n|move|p1a: Genesect|Shift Gear|p1a: Genesect\n|-boost|p1a: Genesect|spe|2\n|-boost|p1a: Genesect|atk|1\n|move|p2a: Ho-Oh|Sacred Fire|p1a: Genesect\n|-resisted|p1a: Genesect\n|-damage|p1a: Genesect|83\/100\n|\n|-heal|p1a: Genesect|89\/100|[from] item: Leftovers\n|upkeep\n|turn|11\n|inactive|aquiles meo has 120 seconds left.\n|\n|t:|1699845436\n|move|p1a: Genesect|Iron Head|p2a: Ho-Oh\n|-damage|p2a: Ho-Oh|14\/100\n|move|p2a: Ho-Oh|Earth Power|p1a: Genesect\n|-supereffective|p1a: Genesect\n|-damage|p1a: Genesect|16\/100\n|\n|-heal|p1a: Genesect|22\/100|[from] item: Leftovers\n|upkeep\n|turn|12\n|inactive|aquiles meo has 120 seconds left.\n|\n|t:|1699845448\n|move|p1a: Genesect|Iron Head|p2a: Ho-Oh\n|-damage|p2a: Ho-Oh|0 fnt\n|faint|p2a: Ho-Oh\n|\n|-heal|p1a: Genesect|28\/100|[from] item: Leftovers\n|upkeep\n|inactive|aquiles meo has 120 seconds left.\n|\n|t:|1699845455\n|switch|p2a: Lucario|Lucario, M, shiny|100\/100\n|turn|13\n|\n|t:|1699845461\n|switch|p2a: Rayquaza|Rayquaza|100\/100\n|-ability|p2a: Rayquaza|Air Lock\n|move|p1a: Genesect|Blaze Kick|p2a: Rayquaza\n|-resisted|p2a: Rayquaza\n|-damage|p2a: Rayquaza|57\/100\n|\n|-heal|p1a: Genesect|34\/100|[from] item: Leftovers\n|upkeep\n|turn|14\n|\n|t:|1699845468\n|move|p2a: Rayquaza|Extreme Speed|p1a: Genesect\n|-damage|p1a: Genesect|0 fnt\n|faint|p1a: Genesect\n|\n|win|aquiles meo\n|raw|cinderace 88's rating: 1036 &rarr; <strong>1024<\/strong><br \/>(-12 for losing)\n|raw|aquiles meo's rating: 1111 &rarr; <strong>1131<\/strong><br \/>(+20 for winning)\n|l|\u2606cinderace 88\n","uploadtime":1699845479,"views":5,"p1id":"cinderace88","p2id":"aquilesmeo","formatid":"gen9nationaldexubers","rating":1024,"private":0,"password":""}