{"id":"gen9nationaldexubers-1993045059","p1":"Kdisue","p2":"Terrence2011","format":"[Gen 9] National Dex Ubers","log":"|j|\u2606Kdisue\n|j|\u2606Terrence2011\n|t:|1700258697\n|gametype|singles\n|player|p1|Kdisue|265|1082\n|player|p2|Terrence2011|bugcatcher-gen4dp|1027\n|teamsize|p1|6\n|teamsize|p2|6\n|gen|9\n|tier|[Gen 9] National Dex Ubers\n|rated|\n|rule|HP Percentage Mod: HP is shown in percentages\n|rule|Endless Battle Clause: Forcing endless battles is banned\n|rule|OHKO Clause: OHKO moves are banned\n|rule|Evasion Moves Clause: Evasion moves are banned\n|rule|Evasion Items Clause: Evasion items are banned\n|rule|Species Clause: Limit one of each Pok\u00e9mon\n|rule|Sleep Clause Mod: Limit one foe put to sleep\n|rule|Mega Rayquaza Clause: You cannot mega evolve Rayquaza\n|clearpoke\n|poke|p1|Deoxys-Defense|\n|poke|p1|Chansey, F|\n|poke|p1|Ferrothorn, F|\n|poke|p1|Rotom-Wash|\n|poke|p1|Ho-Oh|\n|poke|p1|Lugia|\n|poke|p2|Regigigas|\n|poke|p2|Regidrago|\n|poke|p2|Regirock|\n|poke|p2|Regieleki|\n|poke|p2|Regice|\n|poke|p2|Registeel|\n|teampreview\n|inactive|Battle timer is ON: inactive players will automatically lose when time's up. (requested by Kdisue)\n|c|\u2606Terrence2011|Good luck:)\n|\n|t:|1700258705\n|start\n|switch|p1a: Sexy Red|Deoxys-Defense|100\/100\n|switch|p2a: Regirock|Regirock|100\/100\n|-ability|p1a: Sexy Red|Pressure\n|turn|1\n|c|\u2606Kdisue|Sorry for stall\n|\n|t:|1700258714\n|move|p1a: Sexy Red|Stealth Rock|p2a: Regirock\n|-sidestart|p2: Terrence2011|move: Stealth Rock\n|move|p2a: Regirock|Stealth Rock|p1a: Sexy Red\n|-sidestart|p1: Kdisue|move: Stealth Rock\n|\n|upkeep\n|turn|2\n|\n|t:|1700258725\n|move|p1a: Sexy Red|Psycho Boost|p2a: Regirock\n|-damage|p2a: Regirock|40\/100\n|-unboost|p1a: Sexy Red|spa|2\n|-damage|p1a: Sexy Red|91\/100|[from] item: Life Orb\n|move|p2a: Regirock|Body Press|p1a: Sexy Red\n|-resisted|p1a: Sexy Red\n|-damage|p1a: Sexy Red|71\/100\n|\n|upkeep\n|turn|3\n|\n|t:|1700258737\n|move|p1a: Sexy Red|Nasty Plot|p1a: Sexy Red\n|-boost|p1a: Sexy Red|spa|2\n|move|p2a: Regirock|Drain Punch|p1a: Sexy Red\n|-resisted|p1a: Sexy Red\n|-damage|p1a: Sexy Red|63\/100\n|-heal|p2a: Regirock|43\/100|[from] drain|[of] p1a: Sexy Red\n|\n|upkeep\n|turn|4\n|\n|t:|1700258748\n|move|p1a: Sexy Red|Recover|p1a: Sexy Red\n|-heal|p1a: Sexy Red|100\/100\n|move|p2a: Regirock|Drain Punch|p1a: Sexy Red\n|-resisted|p1a: Sexy Red\n|-damage|p1a: Sexy Red|92\/100\n|-heal|p2a: Regirock|46\/100|[from] drain|[of] p1a: Sexy Red\n|\n|upkeep\n|turn|5\n|\n|t:|1700258757\n|move|p1a: Sexy Red|Nasty Plot|p1a: Sexy Red\n|-boost|p1a: Sexy Red|spa|2\n|move|p2a: Regirock|Drain Punch|p1a: Sexy Red\n|-resisted|p1a: Sexy Red\n|-damage|p1a: Sexy Red|85\/100\n|-heal|p2a: Regirock|48\/100|[from] drain|[of] p1a: Sexy Red\n|\n|upkeep\n|turn|6\n|\n|t:|1700258766\n|move|p1a: Sexy Red|Psycho Boost|p2a: Regirock\n|-crit|p2a: Regirock\n|-damage|p2a: Regirock|0 fnt\n|-unboost|p1a: Sexy Red|spa|2\n|faint|p2a: Regirock\n|-damage|p1a: Sexy Red|75\/100|[from] item: Life Orb\n|\n|upkeep\n|\n|t:|1700258770\n|switch|p2a: Regice|Regice|100\/100\n|-damage|p2a: Regice|76\/100|[from] Stealth Rock\n|turn|7\n|\n|t:|1700258779\n|move|p1a: Sexy Red|Nasty Plot|p1a: Sexy Red\n|-boost|p1a: Sexy Red|spa|2\n|move|p2a: Regice|Signal Beam|p1a: Sexy Red\n|-supereffective|p1a: Sexy Red\n|-damage|p1a: Sexy Red|32\/100\n|\n|upkeep\n|turn|8\n|\n|t:|1700258787\n|move|p1a: Sexy Red|Recover|p1a: Sexy Red\n|-heal|p1a: Sexy Red|82\/100\n|move|p2a: Regice|Signal Beam|p1a: Sexy Red\n|-supereffective|p1a: Sexy Red\n|-damage|p1a: Sexy Red|35\/100\n|\n|upkeep\n|turn|9\n|\n|t:|1700258794\n|-terastallize|p1a: Sexy Red|Psychic\n|move|p1a: Sexy Red|Psycho Boost|p2a: Regice\n|-damage|p2a: Regice|0 fnt\n|-unboost|p1a: Sexy Red|spa|2\n|faint|p2a: Regice\n|-damage|p1a: Sexy Red|25\/100|[from] item: Life Orb\n|\n|upkeep\n|inactive|Terrence2011 has 120 seconds left.\n|c|\u2606Terrence2011|Dang that\u2019s powerful knowing regice has the most special defence in the game\n|\n|t:|1700258847\n|switch|p2a: Regidrago|Regidrago|100\/100\n|-damage|p2a: Regidrago|88\/100|[from] Stealth Rock\n|turn|10\n|\n|t:|1700258852\n|move|p1a: Sexy Red|Psycho Boost|p2a: Regidrago|[miss]\n|-miss|p1a: Sexy Red|p2a: Regidrago\n|move|p2a: Regidrago|Crunch|p1a: Sexy Red\n|-supereffective|p1a: Sexy Red\n|-damage|p1a: Sexy Red|0 fnt\n|faint|p1a: Sexy Red\n|\n|upkeep\n|\n|t:|1700258865\n|switch|p1a: Egg woman|Chansey, F|100\/100\n|-damage|p1a: Egg woman|88\/100|[from] Stealth Rock\n|turn|11\n|\n|t:|1700258870\n|move|p2a: Regidrago|Hammer Arm|p1a: Egg woman\n|-supereffective|p1a: Egg woman\n|-damage|p1a: Egg woman|21\/100\n|-unboost|p2a: Regidrago|spe|1\n|move|p1a: Egg woman|Power-Up Punch|p2a: Regidrago\n|-damage|p2a: Regidrago|83\/100\n|-boost|p1a: Egg woman|atk|1\n|\n|upkeep\n|turn|12\n|inactive|Kdisue has 120 seconds left.\n|\n|t:|1700258908\n|move|p2a: Regidrago|Hammer Arm|p1a: Egg woman\n|-supereffective|p1a: Egg woman\n|-damage|p1a: Egg woman|0 fnt\n|-unboost|p2a: Regidrago|spe|1\n|faint|p1a: Egg woman\n|\n|upkeep\n|\n|t:|1700258918\n|switch|p1a: Ho-Oh|Ho-Oh|100\/100\n|-damage|p1a: Ho-Oh|51\/100|[from] Stealth Rock\n|turn|13\n|inactive|Kdisue has 120 seconds left.\n|\n|t:|1700258924\n|move|p1a: Ho-Oh|Brave Bird|p2a: Regidrago\n|-damage|p2a: Regidrago|22\/100\n|-damage|p1a: Ho-Oh|24\/100|[from] Recoil\n|move|p2a: Regidrago|Crunch|p1a: Ho-Oh\n|-damage|p1a: Ho-Oh|0 fnt\n|faint|p1a: Ho-Oh\n|\n|upkeep\n|inactive|Kdisue has 120 seconds left.\n|\n|t:|1700258935\n|switch|p1a: Washington|Rotom-Wash|100\/100\n|-damage|p1a: Washington|88\/100|[from] Stealth Rock\n|turn|14\n|inactive|Kdisue has 120 seconds left.\n|\n|t:|1700258941\n|move|p1a: Washington|Thunderbolt|p2a: Regidrago\n|-resisted|p2a: Regidrago\n|-crit|p2a: Regidrago\n|-damage|p2a: Regidrago|0 fnt\n|faint|p2a: Regidrago\n|\n|upkeep\n|\n|t:|1700258947\n|switch|p2a: Registeel|Registeel|100\/100\n|-damage|p2a: Registeel|94\/100|[from] Stealth Rock\n|turn|15\n|\n|t:|1700258951\n|move|p1a: Washington|Thunderbolt|p2a: Registeel\n|-damage|p2a: Registeel|58\/100\n|move|p2a: Registeel|Body Slam|p1a: Washington\n|-damage|p1a: Washington|49\/100\n|-damage|p2a: Registeel|48\/100|[from] item: Life Orb\n|\n|upkeep\n|turn|16\n|\n|t:|1700258959\n|move|p1a: Washington|Thunderbolt|p2a: Registeel\n|-damage|p2a: Registeel|8\/100\n|move|p2a: Registeel|Body Slam|p1a: Washington\n|-crit|p1a: Washington\n|-damage|p1a: Washington|0 fnt\n|faint|p1a: Washington\n|-damage|p2a: Registeel|0 fnt|[from] item: Life Orb\n|faint|p2a: Registeel\n|\n|upkeep\n|\n|t:|1700258970\n|switch|p1a: Iron boy|Ferrothorn, F|100\/100\n|switch|p2a: Regieleki|Regieleki|100\/100\n|-damage|p1a: Iron boy|95\/100|[from] Stealth Rock\n|turn|17\n|\n|t:|1700258976\n|move|p2a: Regieleki|Thunder Cage|p1a: Iron boy|[miss]\n|-miss|p2a: Regieleki|p1a: Iron boy\n|move|p1a: Iron boy|Gyro Ball|p2a: Regieleki\n|-resisted|p2a: Regieleki\n|-damage|p2a: Regieleki|0 fnt\n|faint|p2a: Regieleki\n|\n|upkeep\n|\n|t:|1700258979\n|switch|p2a: Regigigas|Regigigas|100\/100\n|-damage|p2a: Regigigas|88\/100|[from] Stealth Rock\n|-start|p2a: Regigigas|ability: Slow Start\n|turn|18\n|\n|t:|1700258990\n|-terastallize|p2a: Regigigas|Normal\n|move|p2a: Regigigas|Knock Off|p1a: Iron boy\n|-damage|p1a: Iron boy|79\/100\n|-damage|p2a: Regigigas|75\/100|[from] ability: Iron Barbs|[of] p1a: Iron boy\n|-enditem|p1a: Iron boy|Choice Band|[from] move: Knock Off|[of] p2a: Regigigas\n|move|p1a: Iron boy|Gyro Ball|p2a: Regigigas\n|-damage|p2a: Regigigas|49\/100\n|\n|-heal|p2a: Regigigas|55\/100|[from] item: Leftovers\n|upkeep\n|turn|19\n|\n|t:|1700259003\n|move|p2a: Regigigas|Protect|p2a: Regigigas\n|-singleturn|p2a: Regigigas|Protect\n|move|p1a: Iron boy|Knock Off|p2a: Regigigas\n|-activate|p2a: Regigigas|move: Protect\n|\n|-heal|p2a: Regigigas|62\/100|[from] item: Leftovers\n|upkeep\n|turn|20\n|\n|t:|1700259011\n|move|p2a: Regigigas|Knock Off|p1a: Iron boy\n|-damage|p1a: Iron boy|68\/100\n|-damage|p2a: Regigigas|49\/100|[from] ability: Iron Barbs|[of] p1a: Iron boy\n|move|p1a: Iron boy|Knock Off|p2a: Regigigas\n|-damage|p2a: Regigigas|25\/100\n|-enditem|p2a: Regigigas|Leftovers|[from] move: Knock Off|[of] p1a: Iron boy\n|\n|upkeep\n|turn|21\n|\n|t:|1700259021\n|move|p2a: Regigigas|Protect|p2a: Regigigas\n|-singleturn|p2a: Regigigas|Protect\n|move|p1a: Iron boy|Gyro Ball|p2a: Regigigas\n|-activate|p2a: Regigigas|move: Protect\n|\n|upkeep\n|turn|22\n|\n|t:|1700259032\n|move|p2a: Regigigas|Body Slam|p1a: Iron boy\n|-resisted|p1a: Iron boy\n|-damage|p1a: Iron boy|53\/100\n|-damage|p2a: Regigigas|13\/100|[from] ability: Iron Barbs|[of] p1a: Iron boy\n|move|p1a: Iron boy|Gyro Ball|p2a: Regigigas\n|-damage|p2a: Regigigas|0 fnt\n|faint|p2a: Regigigas\n|-end|p2a: Regigigas|Slow Start|[silent]\n|\n|win|Kdisue\n|raw|Kdisue's rating: 1082 &rarr; <strong>1105<\/strong><br \/>(+23 for winning)\n|raw|Terrence2011's rating: 1027 &rarr; <strong>1015<\/strong><br \/>(-12 for losing)\n|c|\u2606Terrence2011|gg\n","uploadtime":1700259042,"views":7,"p1id":"kdisue","p2id":"terrence2011","formatid":"gen9nationaldexubers","rating":1015,"private":0,"password":""}