{"id":"gen9nationaldexubers-1985068757","p1":"Mr.Shadowdusk","p2":"hanagakiUBD","format":"[Gen 9] National Dex Ubers","log":"|j|\u2606Mr.Shadowdusk\n|j|\u2606hanagakiUBD\n|t:|1699326878\n|gametype|singles\n|player|p1|Mr.Shadowdusk|ghetsis|\n|player|p2|hanagakiUBD|iris-gen5bw2|\n|teamsize|p1|6\n|teamsize|p2|6\n|gen|9\n|tier|[Gen 9] National Dex Ubers\n|rule|HP Percentage Mod: HP is shown in percentages\n|rule|Endless Battle Clause: Forcing endless battles is banned\n|rule|OHKO Clause: OHKO moves are banned\n|rule|Evasion Moves Clause: Evasion moves are banned\n|rule|Evasion Items Clause: Evasion items are banned\n|rule|Species Clause: Limit one of each Pok\u00e9mon\n|rule|Sleep Clause Mod: Limit one foe put to sleep\n|rule|Mega Rayquaza Clause: You cannot mega evolve Rayquaza\n|clearpoke\n|poke|p1|Ninetales-Alola, F|\n|poke|p1|Blaziken, M|\n|poke|p1|Hydreigon, F|\n|poke|p1|Ferrothorn, F|\n|poke|p1|Mantine, F|\n|poke|p1|Baxcalibur, F|\n|poke|p2|Sneasler, M|\n|poke|p2|Annihilape, M|\n|poke|p2|Lucario, M|\n|poke|p2|Blaziken, M|\n|poke|p2|Kommo-o, M|\n|poke|p2|Palafin, F|\n|teampreview\n|inactive|Battle timer is ON: inactive players will automatically lose when time's up. (requested by hanagakiUBD)\n|\n|t:|1699326900\n|start\n|switch|p1a: Ninetales|Ninetales-Alola, F|100\/100\n|switch|p2a: La t\u00f3xica|Sneasler, M|100\/100\n|-weather|Snow|[from] ability: Snow Warning|[of] p1a: Ninetales\n|turn|1\n|inactive|Mr.Shadowdusk has 270 seconds left.\n|c|\u2606Mr.Shadowdusk|Mi tera e hydreigon con tera veneno\n|\n|t:|1699326940\n|switch|p1a: Ferrothorn|Ferrothorn, F|100\/100\n|move|p2a: La t\u00f3xica|Fake Out|p1a: Ferrothorn\n|-enditem|p2a: La t\u00f3xica|Normal Gem|[from] gem\n|-resisted|p1a: Ferrothorn\n|-damage|p1a: Ferrothorn|95\/100\n|-damage|p2a: La t\u00f3xica|88\/100|[from] ability: Iron Barbs|[of] p1a: Ferrothorn\n|-damage|p2a: La t\u00f3xica|72\/100|[from] item: Rocky Helmet|[of] p1a: Ferrothorn\n|\n|-weather|Snow|[upkeep]\n|upkeep\n|turn|2\n|inactive|Mr.Shadowdusk has 270 seconds left.\n|l|\u2606Mr.Shadowdusk\n|inactive|Mr.Shadowdusk disconnected and has 300 seconds to reconnect!\n|player|p1|\n|j|\u2606Mr.Shadowdusk\n|inactive|Mr.Shadowdusk reconnected and has 260 seconds left.\n|player|p1|Mr.Shadowdusk|ghetsis\n|\n|t:|1699326994\n|switch|p2a: All might|Palafin, F|100\/100\n|move|p1a: Ferrothorn|Leech Seed|p2a: All might\n|-start|p2a: All might|move: Leech Seed\n|\n|-weather|Snow|[upkeep]\n|-damage|p2a: All might|88\/100|[from] Leech Seed|[of] p1a: Ferrothorn\n|-heal|p1a: Ferrothorn|100\/100|[silent]\n|upkeep\n|turn|3\n|\n|t:|1699326999\n|switch|p1a: Mantine|Mantine, F|100\/100\n|-terastallize|p2a: All might|Fighting\n|move|p2a: All might|Flip Turn|p1a: Mantine\n|-immune|p1a: Mantine|[from] ability: Water Absorb\n|\n|-weather|Snow|[upkeep]\n|-damage|p2a: All might|76\/100|[from] Leech Seed|[of] p1a: Mantine\n|upkeep\n|turn|4\n|\n|t:|1699327011\n|detailschange|p2a: All might|Palafin-Hero, F, tera:Fighting\n|switch|p2a: Frozono|Annihilape, M|100\/100\n|move|p1a: Mantine|Scald|p2a: Frozono\n|-damage|p2a: Frozono|81\/100\n|\n|-weather|Snow|[upkeep]\n|-heal|p2a: Frozono|88\/100|[from] item: Leftovers\n|upkeep\n|turn|5\n|\n|t:|1699327028\n|move|p2a: Frozono|Bulk Up|p2a: Frozono\n|-boost|p2a: Frozono|atk|1\n|-boost|p2a: Frozono|def|1\n|move|p1a: Mantine|Haze|p1a: Mantine\n|-clearallboost\n|\n|-weather|none\n|-heal|p2a: Frozono|94\/100|[from] item: Leftovers\n|upkeep\n|turn|6\n|\n|t:|1699327036\n|switch|p1a: Ninetales|Ninetales-Alola, F|100\/100\n|-weather|Snow|[from] ability: Snow Warning|[of] p1a: Ninetales\n|move|p2a: Frozono|Thunder Punch|p1a: Ninetales\n|-damage|p1a: Ninetales|82\/100\n|\n|-weather|Snow|[upkeep]\n|-heal|p2a: Frozono|99\/100|[from] item: Leftovers\n|upkeep\n|turn|7\n|inactive|Mr.Shadowdusk has 270 seconds left.\n|\n|t:|1699327044\n|move|p1a: Ninetales|Aurora Veil|p1a: Ninetales\n|-sidestart|p1: Mr.Shadowdusk|move: Aurora Veil\n|move|p2a: Frozono|Rage Fist|p1a: Ninetales\n|-damage|p1a: Ninetales|61\/100\n|\n|-weather|Snow|[upkeep]\n|-heal|p2a: Frozono|100\/100|[from] item: Leftovers\n|upkeep\n|turn|8\n|\n|t:|1699327048\n|move|p1a: Ninetales|Moonblast|p2a: Frozono\n|-supereffective|p2a: Frozono\n|-damage|p2a: Frozono|39\/100\n|move|p2a: Frozono|Rage Fist|p1a: Ninetales\n|-damage|p1a: Ninetales|30\/100\n|\n|-weather|Snow|[upkeep]\n|-heal|p2a: Frozono|45\/100|[from] item: Leftovers\n|upkeep\n|turn|9\n|inactive|hanagakiUBD has 270 seconds left.\n|\n|t:|1699327084\n|move|p1a: Ninetales|Moonblast|p2a: Frozono\n|-supereffective|p2a: Frozono\n|-damage|p2a: Frozono|0 fnt\n|faint|p2a: Frozono\n|\n|-weather|Snow|[upkeep]\n|upkeep\n|\n|t:|1699327088\n|switch|p2a: La t\u00f3xica|Sneasler, M|72\/100\n|turn|10\n|\n|t:|1699327093\n|switch|p1a: Blaziken|Blaziken, M|100\/100\n|move|p2a: La t\u00f3xica|Dire Claw|p1a: Blaziken\n|-damage|p1a: Blaziken|66\/100\n|-status|p1a: Blaziken|slp\n|\n|-weather|none\n|upkeep\n|turn|11\n|\n|t:|1699327101\n|switch|p1a: Baxcalibur|Baxcalibur, F|100\/100\n|move|p2a: La t\u00f3xica|Acrobatics|p1a: Baxcalibur\n|-damage|p1a: Baxcalibur|80\/100\n|\n|upkeep\n|turn|12\n|\n|t:|1699327105\n|move|p2a: La t\u00f3xica|Dire Claw|p1a: Baxcalibur\n|-damage|p1a: Baxcalibur|57\/100\n|-message|Sleep Clause Mod activated.\n|-hint|Sleep Clause Mod prevents players from putting more than one of their opponent's Pok\u00e9mon to sleep at a time\n|move|p1a: Baxcalibur|Swords Dance|p1a: Baxcalibur\n|-boost|p1a: Baxcalibur|atk|2\n|\n|upkeep\n|turn|13\n|\n|t:|1699327113\n|move|p2a: La t\u00f3xica|Dire Claw|p1a: Baxcalibur\n|-damage|p1a: Baxcalibur|35\/100\n|move|p1a: Baxcalibur|Scale Shot|p2a: La t\u00f3xica\n|-damage|p2a: La t\u00f3xica|25\/100\n|-damage|p2a: La t\u00f3xica|0 fnt\n|faint|p2a: La t\u00f3xica\n|-hitcount|p2: La t\u00f3xica|2\n|-unboost|p1a: Baxcalibur|def|1\n|-boost|p1a: Baxcalibur|spe|1\n|\n|upkeep\n|\n|t:|1699327119\n|switch|p2a: All might|Palafin-Hero, F, tera:Fighting|76\/100\n|-activate|p2a: All might|ability: Zero to Hero\n|turn|14\n|\n|t:|1699327136\n|move|p1a: Baxcalibur|Scale Shot|p2a: All might\n|-damage|p2a: All might|49\/100\n|-damage|p2a: All might|20\/100\n|-damage|p2a: All might|0 fnt\n|faint|p2a: All might\n|-hitcount|p2: All might|3\n|-unboost|p1a: Baxcalibur|def|1\n|-boost|p1a: Baxcalibur|spe|1\n|\n|-sideend|p1: Mr.Shadowdusk|move: Aurora Veil\n|upkeep\n|inactive|hanagakiUBD has 270 seconds left.\n|\n|t:|1699327173\n|switch|p2a: Lucario|Lucario, M|100\/100\n|turn|15\n|\n|t:|1699327197\n|switch|p1a: Ferrothorn|Ferrothorn, F|100\/100\n|move|p2a: Lucario|Final Gambit|p1a: Ferrothorn\n|-damage|p1a: Ferrothorn|20\/100\n|faint|p2a: Lucario\n|\n|upkeep\n|inactive|hanagakiUBD has 270 seconds left.\n|\n|t:|1699327214\n|switch|p2a: Folla hadas|Kommo-o, M|100\/100\n|turn|16\n|\n|t:|1699327218\n|switch|p1a: Ninetales|Ninetales-Alola, F|30\/100\n|-weather|Snow|[from] ability: Snow Warning|[of] p1a: Ninetales\n|-zpower|p2a: Folla hadas\n|move|p2a: Folla hadas|Clangorous Soulblaze|p1a: Ninetales|[zeffect]\n|-immune|p1a: Ninetales\n|\n|-weather|Snow|[upkeep]\n|upkeep\n|turn|17\n|\n|t:|1699327230\n|move|p1a: Ninetales|Aurora Veil|p1a: Ninetales\n|-sidestart|p1: Mr.Shadowdusk|move: Aurora Veil\n|move|p2a: Folla hadas|Drain Punch|p1a: Ninetales\n|-damage|p1a: Ninetales|12\/100\n|\n|-weather|Snow|[upkeep]\n|upkeep\n|turn|18\n|\n|t:|1699327235\n|move|p1a: Ninetales|Moonblast|p2a: Folla hadas\n|-supereffective|p2a: Folla hadas\n|-damage|p2a: Folla hadas|0 fnt\n|faint|p2a: Folla hadas\n|\n|-weather|Snow|[upkeep]\n|upkeep\n|\n|t:|1699327237\n|switch|p2a: KFC|Blaziken, M, shiny|100\/100\n|turn|19\n|\n|t:|1699327243\n|move|p1a: Ninetales|Moonblast|p2a: KFC\n|-damage|p2a: KFC|44\/100\n|move|p2a: KFC|Swords Dance|p2a: KFC\n|-boost|p2a: KFC|atk|2\n|\n|-weather|Snow|[upkeep]\n|-ability|p2a: KFC|Speed Boost|boost\n|-boost|p2a: KFC|spe|1\n|upkeep\n|turn|20\n|\n|t:|1699327247\n|move|p2a: KFC|Fire Punch|p1a: Ninetales\n|-supereffective|p1a: Ninetales\n|-damage|p1a: Ninetales|0 fnt\n|faint|p1a: Ninetales\n|\n|-weather|none\n|-ability|p2a: KFC|Speed Boost|boost\n|-boost|p2a: KFC|spe|1\n|upkeep\n|\n|t:|1699327251\n|switch|p1a: Mantine|Mantine, F|100\/100\n|turn|21\n|\n|t:|1699327255\n|move|p2a: KFC|Rock Slide|p1a: Mantine\n|-supereffective|p1a: Mantine\n|-damage|p1a: Mantine|49\/100\n|cant|p1a: Mantine|flinch\n|\n|-ability|p2a: KFC|Speed Boost|boost\n|-boost|p2a: KFC|spe|1\n|upkeep\n|turn|22\n|\n|t:|1699327263\n|move|p2a: KFC|Rock Slide|p1a: Mantine\n|-supereffective|p1a: Mantine\n|-damage|p1a: Mantine|2\/100\n|move|p1a: Mantine|Haze|p1a: Mantine\n|-clearallboost\n|\n|-ability|p2a: KFC|Speed Boost|boost\n|-boost|p2a: KFC|spe|1\n|upkeep\n|turn|23\n|\n|t:|1699327270\n|move|p2a: KFC|Rock Slide|p1a: Mantine\n|-supereffective|p1a: Mantine\n|-damage|p1a: Mantine|0 fnt\n|faint|p1a: Mantine\n|\n|-ability|p2a: KFC|Speed Boost|boost\n|-boost|p2a: KFC|spe|1\n|upkeep\n|\n|t:|1699327276\n|switch|p1a: Hydreigon|Hydreigon, F|100\/100\n|turn|24\n|\n|t:|1699327281\n|-terastallize|p1a: Hydreigon|Poison\n|move|p2a: KFC|Rock Slide|p1a: Hydreigon\n|-damage|p1a: Hydreigon|87\/100\n|move|p1a: Hydreigon|Tera Blast|p2a: KFC|[anim] Tera Blast Poison\n|-damage|p2a: KFC|0 fnt\n|faint|p2a: KFC\n|\n|win|Mr.Shadowdusk\n|c|\u2606hanagakiUBD|Pi\n|l|\u2606hanagakiUBD\n|l|\u2606Mr.Shadowdusk\n|j|\u2606Mr.Shadowdusk\n|player|p1|Mr.Shadowdusk|ghetsis\n","uploadtime":1699327320,"views":7,"p1id":"mrshadowdusk","p2id":"hanagakiubd","formatid":"gen9nationaldexubers","rating":0,"private":0,"password":""}