{"id":"gen9nationaldexubers-1990801182","p1":"ChadFisherman27","p2":"Videorelaxant777","format":"[Gen 9] National Dex Ubers","log":"|j|\u2606ChadFisherman27\n|j|\u2606Videorelaxant777\n|t:|1700002197\n|gametype|singles\n|player|p1|ChadFisherman27|fisherman-gen4|1251\n|player|p2|Videorelaxant777|acerola|1258\n|teamsize|p1|6\n|teamsize|p2|6\n|gen|9\n|tier|[Gen 9] National Dex Ubers\n|rated|\n|rule|HP Percentage Mod: HP is shown in percentages\n|rule|Endless Battle Clause: Forcing endless battles is banned\n|rule|OHKO Clause: OHKO moves are banned\n|rule|Evasion Moves Clause: Evasion moves are banned\n|rule|Evasion Items Clause: Evasion items are banned\n|rule|Species Clause: Limit one of each Pok\u00e9mon\n|rule|Sleep Clause Mod: Limit one foe put to sleep\n|rule|Mega Rayquaza Clause: You cannot mega evolve Rayquaza\n|clearpoke\n|poke|p1|Ditto|\n|poke|p1|Kyogre|\n|poke|p1|Swampert, F|\n|poke|p1|Arceus-Steel|\n|poke|p1|Chien-Pao|\n|poke|p1|Zacian-*|\n|poke|p2|Shuckle, M|\n|poke|p2|Gliscor, F|\n|poke|p2|Arceus|\n|poke|p2|Marshadow|\n|poke|p2|Landorus-Therian, M|\n|poke|p2|Serperior, F|\n|teampreview\n|c|\u2606Videorelaxant777|glhf\n|\n|t:|1700002204\n|start\n|switch|p1a: Kyogre|Kyogre|100\/100\n|switch|p2a: Hes Boutta Blow|Shuckle, M, shiny|100\/100\n|-weather|RainDance|[from] ability: Drizzle|[of] p1a: Kyogre\n|turn|1\n|c|\u2606ChadFisherman27|glhf\n|\n|t:|1700002211\n|move|p1a: Kyogre|Water Spout|p2a: Hes Boutta Blow\n|-supereffective|p2a: Hes Boutta Blow\n|-ability|p2a: Hes Boutta Blow|Sturdy\n|-damage|p2a: Hes Boutta Blow|1\/100\n|move|p2a: Hes Boutta Blow|Sticky Web|p1a: Kyogre\n|-sidestart|p1: ChadFisherman27|move: Sticky Web\n|\n|-weather|RainDance|[upkeep]\n|upkeep\n|turn|2\n|\n|t:|1700002228\n|move|p1a: Kyogre|Water Spout|p2a: Hes Boutta Blow\n|-supereffective|p2a: Hes Boutta Blow\n|-damage|p2a: Hes Boutta Blow|0 fnt\n|faint|p2a: Hes Boutta Blow\n|\n|-weather|RainDance|[upkeep]\n|upkeep\n|\n|t:|1700002235\n|switch|p2a: Joan Of Arc|Serperior, F, shiny|100\/100\n|turn|3\n|\n|t:|1700002245\n|switch|p1a: Arceus|Arceus-Steel|100\/100\n|-activate|p1a: Arceus|move: Sticky Web\n|-unboost|p1a: Arceus|spe|1\n|move|p2a: Joan Of Arc|Leaf Storm|p1a: Arceus\n|-resisted|p1a: Arceus\n|-damage|p1a: Arceus|91\/100\n|-boost|p2a: Joan Of Arc|spa|2\n|\n|-weather|RainDance|[upkeep]\n|upkeep\n|turn|4\n|\n|t:|1700002254\n|move|p2a: Joan Of Arc|Substitute|p2a: Joan Of Arc\n|-start|p2a: Joan Of Arc|Substitute\n|-damage|p2a: Joan Of Arc|76\/100\n|move|p1a: Arceus|Defog|p2a: Joan Of Arc\n|-sideend|p1: ChadFisherman27|Sticky Web|[from] move: Defog|[of] p1a: Arceus\n|\n|-weather|RainDance|[upkeep]\n|-heal|p2a: Joan Of Arc|82\/100|[from] item: Leftovers\n|upkeep\n|turn|5\n|c|\u2606Videorelaxant777|i shouldve seeded\n|c|\u2606Videorelaxant777|wouldve gotten evasion lmao\n|\n|t:|1700002295\n|move|p2a: Joan Of Arc|Leech Seed|p1a: Arceus\n|-start|p1a: Arceus|move: Leech Seed\n|move|p1a: Arceus|Judgment|p2a: Joan Of Arc\n|-end|p2a: Joan Of Arc|Substitute\n|\n|-weather|none\n|-heal|p2a: Joan Of Arc|88\/100|[from] item: Leftovers\n|-damage|p1a: Arceus|79\/100|[from] Leech Seed|[of] p2a: Joan Of Arc\n|-heal|p2a: Joan Of Arc|100\/100|[silent]\n|upkeep\n|turn|6\n|c|\u2606ChadFisherman27|oh shit lol\n|\n|t:|1700002313\n|move|p2a: Joan Of Arc|Substitute|p2a: Joan Of Arc\n|-start|p2a: Joan Of Arc|Substitute\n|-damage|p2a: Joan Of Arc|76\/100\n|move|p1a: Arceus|Toxic||[still]\n|-fail|p1a: Arceus\n|\n|-heal|p2a: Joan Of Arc|82\/100|[from] item: Leftovers\n|-damage|p1a: Arceus|66\/100|[from] Leech Seed|[of] p2a: Joan Of Arc\n|-heal|p2a: Joan Of Arc|97\/100|[silent]\n|upkeep\n|turn|7\n|\n|t:|1700002322\n|move|p2a: Joan Of Arc|Leaf Storm|p1a: Arceus\n|-resisted|p1a: Arceus\n|-damage|p1a: Arceus|48\/100\n|-boost|p2a: Joan Of Arc|spa|2\n|move|p1a: Arceus|Judgment|p2a: Joan Of Arc\n|-end|p2a: Joan Of Arc|Substitute\n|\n|-heal|p2a: Joan Of Arc|100\/100|[from] item: Leftovers\n|-damage|p1a: Arceus|35\/100|[from] Leech Seed|[of] p2a: Joan Of Arc\n|upkeep\n|turn|8\n|\n|t:|1700002331\n|move|p2a: Joan Of Arc|Substitute|p2a: Joan Of Arc\n|-start|p2a: Joan Of Arc|Substitute\n|-damage|p2a: Joan Of Arc|76\/100\n|move|p1a: Arceus|Judgment|p2a: Joan Of Arc\n|-end|p2a: Joan Of Arc|Substitute\n|\n|-heal|p2a: Joan Of Arc|82\/100|[from] item: Leftovers\n|-damage|p1a: Arceus|23\/100|[from] Leech Seed|[of] p2a: Joan Of Arc\n|-heal|p2a: Joan Of Arc|97\/100|[silent]\n|upkeep\n|turn|9\n|\n|t:|1700002339\n|move|p2a: Joan Of Arc|Substitute|p2a: Joan Of Arc\n|-start|p2a: Joan Of Arc|Substitute\n|-damage|p2a: Joan Of Arc|73\/100\n|move|p1a: Arceus|Judgment|p2a: Joan Of Arc\n|-end|p2a: Joan Of Arc|Substitute\n|\n|-heal|p2a: Joan Of Arc|79\/100|[from] item: Leftovers\n|-damage|p1a: Arceus|11\/100|[from] Leech Seed|[of] p2a: Joan Of Arc\n|-heal|p2a: Joan Of Arc|94\/100|[silent]\n|upkeep\n|turn|10\n|\n|t:|1700002348\n|move|p2a: Joan Of Arc|Substitute|p2a: Joan Of Arc\n|-start|p2a: Joan Of Arc|Substitute\n|-damage|p2a: Joan Of Arc|69\/100\n|move|p1a: Arceus|Judgment|p2a: Joan Of Arc\n|-end|p2a: Joan Of Arc|Substitute\n|\n|-heal|p2a: Joan Of Arc|76\/100|[from] item: Leftovers\n|-damage|p1a: Arceus|0 fnt|[from] Leech Seed|[of] p2a: Joan Of Arc\n|-heal|p2a: Joan Of Arc|88\/100|[silent]\n|faint|p1a: Arceus\n|upkeep\n|\n|t:|1700002357\n|switch|p1a: Chien-Pao|Chien-Pao|100\/100\n|-ability|p1a: Chien-Pao|Sword of Ruin\n|turn|11\n|\n|t:|1700002362\n|-terastallize|p2a: Joan Of Arc|Steel\n|move|p1a: Chien-Pao|Icicle Crash|p2a: Joan Of Arc\n|-resisted|p2a: Joan Of Arc\n|-damage|p2a: Joan Of Arc|62\/100\n|move|p2a: Joan Of Arc|Hidden Power|p1a: Chien-Pao\n|-supereffective|p1a: Chien-Pao\n|-damage|p1a: Chien-Pao|1\/100\n|\n|-heal|p2a: Joan Of Arc|68\/100|[from] item: Leftovers\n|upkeep\n|turn|12\n|\n|t:|1700002370\n|move|p1a: Chien-Pao|Sacred Sword|p2a: Joan Of Arc\n|-supereffective|p2a: Joan Of Arc\n|-damage|p2a: Joan Of Arc|0 fnt\n|faint|p2a: Joan Of Arc\n|\n|upkeep\n|\n|t:|1700002377\n|switch|p2a: HEALTHY META|Landorus-Therian, M|100\/100\n|-ability|p2a: HEALTHY META|Intimidate|boost\n|-unboost|p1a: Chien-Pao|atk|1\n|turn|13\n|c|\u2606Videorelaxant777|lucky\n|c|\u2606ChadFisherman27|kinda ngl\n|\n|t:|1700002411\n|switch|p1a: Ditto|Ditto|100\/100\n|-transform|p1a: Ditto|p2a: HEALTHY META|[from] ability: Imposter\n|-ability|p1a: Ditto|Intimidate|boost\n|-unboost|p2a: HEALTHY META|atk|1\n|move|p2a: HEALTHY META|U-turn|p1a: Ditto\n|-resisted|p1a: Ditto\n|-damage|p1a: Ditto|88\/100\n|\n|t:|1700002422\n|switch|p2a: All New Ford f150|Arceus|100\/100|[from] U-turn\n|\n|upkeep\n|turn|14\n|\n|t:|1700002451\n|move|p1a: Ditto|Knock Off|p2a: All New Ford f150\n|-damage|p2a: All New Ford f150|77\/100\n|-enditem|p2a: All New Ford f150|Lum Berry|[from] move: Knock Off|[of] p1a: Ditto\n|move|p2a: All New Ford f150|Swords Dance|p2a: All New Ford f150\n|-boost|p2a: All New Ford f150|atk|2\n|\n|upkeep\n|turn|15\n|\n|t:|1700002462\n|switch|p1a: Zacian|Zacian-Crowned|100\/100\n|-ability|p1a: Zacian|Intrepid Sword|boost\n|-boost|p1a: Zacian|atk|1\n|move|p2a: All New Ford f150|Extreme Speed|p1a: Zacian\n|-resisted|p1a: Zacian\n|-damage|p1a: Zacian|61\/100\n|\n|upkeep\n|turn|16\n|\n|t:|1700002473\n|move|p1a: Zacian|Behemoth Blade|p2a: All New Ford f150\n|-damage|p2a: All New Ford f150|19\/100\n|move|p2a: All New Ford f150|Flare Blitz|p1a: Zacian\n|-supereffective|p1a: Zacian\n|-damage|p1a: Zacian|0 fnt\n|faint|p1a: Zacian\n|-damage|p2a: All New Ford f150|4\/100|[from] Recoil\n|\n|upkeep\n|\n|t:|1700002479\n|switch|p1a: Chien-Pao|Chien-Pao|1\/100\n|-ability|p1a: Chien-Pao|Sword of Ruin\n|turn|17\n|\n|t:|1700002488\n|move|p2a: All New Ford f150|Extreme Speed|p1a: Chien-Pao\n|-damage|p1a: Chien-Pao|0 fnt\n|faint|p1a: Chien-Pao\n|\n|upkeep\n|\n|t:|1700002489\n|switch|p1a: Ditto|Ditto|88\/100\n|-transform|p1a: Ditto|p2a: All New Ford f150|[from] ability: Imposter\n|turn|18\n|\n|t:|1700002498\n|switch|p2a: Pumped Up Kicks|Marshadow|100\/100\n|move|p1a: Ditto|Shadow Claw|p2a: Pumped Up Kicks\n|-supereffective|p2a: Pumped Up Kicks\n|-enditem|p2a: Pumped Up Kicks|Focus Sash\n|-damage|p2a: Pumped Up Kicks|1\/100\n|\n|upkeep\n|turn|19\n|c|\u2606Videorelaxant777|ive been read holy shit\n|\n|t:|1700002516\n|switch|p1a: Swampert|Swampert, F|100\/100\n|move|p2a: Pumped Up Kicks|Close Combat|p1a: Swampert\n|-damage|p1a: Swampert|31\/100\n|-unboost|p2a: Pumped Up Kicks|def|1\n|-unboost|p2a: Pumped Up Kicks|spd|1\n|\n|upkeep\n|turn|20\n|\n|t:|1700002524\n|move|p2a: Pumped Up Kicks|Shadow Sneak|p1a: Swampert\n|-damage|p1a: Swampert|0 fnt\n|faint|p1a: Swampert\n|\n|upkeep\n|\n|t:|1700002530\n|switch|p1a: Kyogre|Kyogre|100\/100\n|-weather|RainDance|[from] ability: Drizzle|[of] p1a: Kyogre\n|turn|21\n|\n|t:|1700002538\n|move|p1a: Kyogre|Water Spout|p2a: Pumped Up Kicks\n|-damage|p2a: Pumped Up Kicks|0 fnt\n|faint|p2a: Pumped Up Kicks\n|\n|-weather|RainDance|[upkeep]\n|upkeep\n|\n|t:|1700002545\n|switch|p2a: HEALTHY META|Landorus-Therian, M|100\/100\n|-ability|p2a: HEALTHY META|Intimidate|boost\n|-unboost|p1a: Kyogre|atk|1\n|turn|22\n|\n|t:|1700002548\n|move|p2a: HEALTHY META|Earthquake|p1a: Kyogre\n|-damage|p1a: Kyogre|42\/100\n|move|p1a: Kyogre|Water Spout|p2a: HEALTHY META\n|-supereffective|p2a: HEALTHY META\n|-damage|p2a: HEALTHY META|0 fnt\n|faint|p2a: HEALTHY META\n|\n|-weather|RainDance|[upkeep]\n|upkeep\n|\n|t:|1700002554\n|switch|p2a: All New Ford f150|Arceus|4\/100\n|turn|23\n|\n|t:|1700002557\n|switch|p1a: Ditto|Ditto|88\/100\n|-transform|p1a: Ditto|p2a: All New Ford f150|[from] ability: Imposter\n|move|p2a: All New Ford f150|Extreme Speed|p1a: Ditto\n|-damage|p1a: Ditto|48\/100\n|\n|-weather|RainDance|[upkeep]\n|upkeep\n|turn|24\n|\n|t:|1700002563\n|move|p1a: Ditto|Extreme Speed|p2a: All New Ford f150\n|-damage|p2a: All New Ford f150|0 fnt\n|faint|p2a: All New Ford f150\n|\n|-weather|RainDance|[upkeep]\n|upkeep\n|c|\u2606Videorelaxant777|gg\n|-message|Videorelaxant777 forfeited.\n|\n|win|ChadFisherman27\n|raw|ChadFisherman27's rating: 1251 &rarr; <strong>1277<\/strong><br \/>(+26 for winning)\n|raw|Videorelaxant777's rating: 1258 &rarr; <strong>1232<\/strong><br \/>(-26 for losing)\n|c|\u2606ChadFisherman27|gg\n|l|\u2606Videorelaxant777\n|c|\u2606ChadFisherman27|gg wp\n","uploadtime":1700002576,"views":6,"p1id":"chadfisherman27","p2id":"videorelaxant777","formatid":"gen9nationaldexubers","rating":1232,"private":0,"password":""}