{"id":"gen9nationaldexubers-1982257665","p1":"AlolanSandslashOU","p2":"D. Lawrenzz","format":"[Gen 9] National Dex Ubers","log":"|j|\u2606AlolanSandslashOU\n|j|\u2606D. Lawrenzz\n|t:|1698985537\n|gametype|singles\n|player|p1|AlolanSandslashOU|volkner|\n|player|p2|D. Lawrenzz|blue-masters|\n|teamsize|p1|6\n|teamsize|p2|6\n|gen|9\n|tier|[Gen 9] National Dex Ubers\n|rule|HP Percentage Mod: HP is shown in percentages\n|rule|Endless Battle Clause: Forcing endless battles is banned\n|rule|OHKO Clause: OHKO moves are banned\n|rule|Evasion Moves Clause: Evasion moves are banned\n|rule|Evasion Items Clause: Evasion items are banned\n|rule|Species Clause: Limit one of each Pok\u00e9mon\n|rule|Sleep Clause Mod: Limit one foe put to sleep\n|rule|Mega Rayquaza Clause: You cannot mega evolve Rayquaza\n|clearpoke\n|poke|p1|Shuckle, M|\n|poke|p1|Groudon|\n|poke|p1|Kyogre|\n|poke|p1|Marshadow|\n|poke|p1|Necrozma-Dusk-Mane|\n|poke|p1|Yveltal|\n|poke|p2|Tapu Lele|\n|poke|p2|Deoxys-Attack|\n|poke|p2|Mewtwo|\n|poke|p2|Necrozma-Dusk-Mane|\n|poke|p2|Calyrex-Ice|\n|poke|p2|Groudon|\n|teampreview\n|inactive|Battle timer is ON: inactive players will automatically lose when time's up. (requested by D. Lawrenzz)\n|\n|t:|1698985546\n|start\n|switch|p1a: Shuckle|Shuckle, M|100\/100\n|switch|p2a: Tapu Lele|Tapu Lele|100\/100\n|-fieldstart|move: Psychic Terrain|[from] ability: Psychic Surge|[of] p2a: Tapu Lele\n|turn|1\n|\n|t:|1698985552\n|move|p2a: Tapu Lele|Future Sight|p1a: Shuckle\n|-start|p2a: Tapu Lele|move: Future Sight\n|move|p1a: Shuckle|Sticky Web|p2a: Tapu Lele\n|-sidestart|p2: D. Lawrenzz|move: Sticky Web\n|\n|upkeep\n|turn|2\n|c|\u2606AlolanSandslashOU|We do love webbing\n|\n|t:|1698985576\n|move|p2a: Tapu Lele|Focus Blast|p1a: Shuckle\n|-damage|p1a: Shuckle|76\/100\n|-enditem|p1a: Shuckle|Red Card|[of] p2a: Tapu Lele\n|drag|p2a: Groudon|Groudon|100\/100\n|-activate|p2a: Groudon|move: Sticky Web\n|-unboost|p2a: Groudon|spe|1\n|detailschange|p2a: Groudon|Groudon-Primal\n|-primal|p2a: Groudon|Red Orb\n|-weather|DesolateLand|[from] ability: Desolate Land|[of] p2a: Groudon\n|move|p1a: Shuckle|Stealth Rock|p2a: Groudon\n|-sidestart|p2: D. Lawrenzz|move: Stealth Rock\n|\n|-weather|DesolateLand|[upkeep]\n|upkeep\n|turn|3\n|\n|t:|1698985585\n|move|p2a: Groudon|Stealth Rock|p1a: Shuckle\n|-sidestart|p1: AlolanSandslashOU|move: Stealth Rock\n|move|p1a: Shuckle|Final Gambit|p2a: Groudon\n|-damage|p2a: Groudon|49\/100\n|faint|p1a: Shuckle\n|\n|-weather|DesolateLand|[upkeep]\n|-hint|Future Sight did not hit because the target is fainted.\n|upkeep\n|\n|t:|1698985594\n|switch|p1a: Yveltal|Yveltal, shiny|100\/100\n|-damage|p1a: Yveltal|76\/100|[from] Stealth Rock\n|-ability|p1a: Yveltal|Dark Aura\n|turn|4\n|\n|t:|1698985608\n|move|p1a: Yveltal|Dark Pulse|p2a: Groudon\n|-damage|p2a: Groudon|0 fnt\n|faint|p2a: Groudon\n|-weather|none\n|-damage|p1a: Yveltal|66\/100|[from] item: Life Orb\n|\n|upkeep\n|c|\u2606D. Lawrenzz|yveltal kinda counters my team\n|\n|t:|1698985619\n|switch|p2a: Calyrex|Calyrex-Ice|100\/100\n|-ability|p2a: Calyrex|As One\n|-ability|p2a: Calyrex|Unnerve\n|-activate|p2a: Calyrex|move: Sticky Web\n|-unboost|p2a: Calyrex|spe|1\n|-damage|p2a: Calyrex|76\/100|[from] Stealth Rock\n|turn|5\n|\n|t:|1698985627\n|-terastallize|p2a: Calyrex|Ground\n|move|p1a: Yveltal|Taunt|p2a: Calyrex\n|-start|p2a: Calyrex|move: Taunt\n|cant|p2a: Calyrex|move: Taunt|Trick Room\n|\n|upkeep\n|turn|6\n|\n|t:|1698985646\n|-terastallize|p1a: Yveltal|Dark\n|move|p1a: Yveltal|Oblivion Wing|p2a: Calyrex\n|-damage|p2a: Calyrex|40\/100\n|-heal|p1a: Yveltal|93\/100|[from] drain|[of] p2a: Calyrex\n|-damage|p1a: Yveltal|83\/100|[from] item: Life Orb\n|move|p2a: Calyrex|Glacial Lance|p1a: Yveltal\n|-damage|p1a: Yveltal|10\/100\n|\n|upkeep\n|turn|7\n|\n|t:|1698985653\n|move|p1a: Yveltal|Oblivion Wing|p2a: Calyrex\n|-damage|p2a: Calyrex|2\/100\n|-heal|p1a: Yveltal|40\/100|[from] drain|[of] p2a: Calyrex\n|-damage|p1a: Yveltal|30\/100|[from] item: Life Orb\n|move|p2a: Calyrex|Glacial Lance|p1a: Yveltal\n|-crit|p1a: Yveltal\n|-damage|p1a: Yveltal|0 fnt\n|faint|p1a: Yveltal\n|-ability|p2a: Calyrex|Chilling Neigh|boost\n|-boost|p2a: Calyrex|atk|1\n|\n|-end|p2a: Calyrex|move: Taunt\n|upkeep\n|\n|t:|1698985667\n|switch|p1a: Marshadow|Marshadow|100\/100\n|-damage|p1a: Marshadow|94\/100|[from] Stealth Rock\n|turn|8\n|\n|t:|1698985680\n|move|p1a: Marshadow|Low Kick|p2a: Calyrex\n|-damage|p2a: Calyrex|0 fnt\n|faint|p2a: Calyrex\n|-damage|p1a: Marshadow|84\/100|[from] item: Life Orb\n|\n|-fieldend|move: Psychic Terrain\n|upkeep\n|\n|t:|1698985686\n|switch|p2a: Deoxys|Deoxys-Attack|100\/100\n|-activate|p2a: Deoxys|move: Sticky Web\n|-unboost|p2a: Deoxys|spe|1\n|-damage|p2a: Deoxys|88\/100|[from] Stealth Rock\n|-ability|p2a: Deoxys|Pressure\n|turn|9\n|\n|t:|1698985690\n|move|p1a: Marshadow|Shadow Sneak|p2a: Deoxys\n|-supereffective|p2a: Deoxys\n|-damage|p2a: Deoxys|0 fnt\n|faint|p2a: Deoxys\n|-damage|p1a: Marshadow|74\/100|[from] item: Life Orb\n|\n|upkeep\n|\n|t:|1698985694\n|switch|p2a: Tapu Lele|Tapu Lele|100\/100\n|-activate|p2a: Tapu Lele|move: Sticky Web\n|-unboost|p2a: Tapu Lele|spe|1\n|-damage|p2a: Tapu Lele|88\/100|[from] Stealth Rock\n|-fieldstart|move: Psychic Terrain|[from] ability: Psychic Surge|[of] p2a: Tapu Lele\n|turn|10\n|\n|t:|1698985697\n|move|p1a: Marshadow|Spectral Thief|p2a: Tapu Lele\n|-supereffective|p2a: Tapu Lele\n|-damage|p2a: Tapu Lele|0 fnt\n|faint|p2a: Tapu Lele\n|-damage|p1a: Marshadow|64\/100|[from] item: Life Orb\n|\n|upkeep\n|\n|t:|1698985707\n|switch|p2a: Necrozma|Necrozma-Dusk-Mane|100\/100\n|-activate|p2a: Necrozma|move: Sticky Web\n|-unboost|p2a: Necrozma|spe|1\n|-damage|p2a: Necrozma|94\/100|[from] Stealth Rock\n|turn|11\n|\n|t:|1698985712\n|move|p1a: Marshadow|Spectral Thief|p2a: Necrozma\n|-supereffective|p2a: Necrozma\n|-damage|p2a: Necrozma|34\/100\n|-damage|p1a: Marshadow|54\/100|[from] item: Life Orb\n|move|p2a: Necrozma|Photon Geyser|p1a: Marshadow\n|-supereffective|p1a: Marshadow\n|-damage|p1a: Marshadow|0 fnt\n|faint|p1a: Marshadow\n|\n|upkeep\n|c|\u2606AlolanSandslashOU|He\u2019s so tanky lmao\n|c|\u2606AlolanSandslashOU|I love it\n|\n|t:|1698985730\n|switch|p1a: Groudon|Groudon, shiny|100\/100\n|-damage|p1a: Groudon|94\/100|[from] Stealth Rock\n|detailschange|p1a: Groudon|Groudon-Primal, shiny\n|-primal|p1a: Groudon|Red Orb\n|-weather|DesolateLand|[from] ability: Desolate Land|[of] p1a: Groudon\n|turn|12\n|\n|t:|1698985745\n|detailschange|p2a: Necrozma|Necrozma-Ultra\n|-burst|p2a: Necrozma|Necrozma|Ultranecrozium Z\n|move|p1a: Groudon|Precipice Blades|p2a: Necrozma\n|-damage|p2a: Necrozma|0 fnt\n|faint|p2a: Necrozma\n|\n|-weather|DesolateLand|[upkeep]\n|upkeep\n|\n|t:|1698985750\n|switch|p2a: Mewtwo|Mewtwo|100\/100\n|-activate|p2a: Mewtwo|move: Sticky Web\n|-unboost|p2a: Mewtwo|spe|1\n|-damage|p2a: Mewtwo|88\/100|[from] Stealth Rock\n|-ability|p2a: Mewtwo|Pressure\n|turn|13\n|c|\u2606AlolanSandslashOU|!dt neuroforce\n|raw|<ul class=\"utilichart\"><li class=\"result\"><span class=\"col namecol\"><a href=\"https:\/\/dex.pokemonshowdown.com\/abilities\/neuroforce\">Neuroforce<\/a><\/span> <span class=\"col abilitydesccol\">This Pokemon's attacks that are super effective against the target do 1.25x damage.<\/span> <\/li><li style=\"clear:both\"><\/li><\/ul>\n|raw|<font size=\"1\"><font color=\"#686868\">Gen:<\/font> 7<\/font>\n\n|c|\u2606AlolanSandslashOU|ohh it\u2019s just prism armor but for ultra necrozma\n|\n|t:|1698985777\n|detailschange|p2a: Mewtwo|Mewtwo-Mega-Y\n|-mega|p2a: Mewtwo|Mewtwo|Mewtwonite Y\n|move|p1a: Groudon|Heat Crash|p2a: Mewtwo\n|-damage|p2a: Mewtwo|0 fnt\n|faint|p2a: Mewtwo\n|\n|win|AlolanSandslashOU\n|l|\u2606D. Lawrenzz\n|c|\u2606AlolanSandslashOU|When it comes crashing down and it hurts inside\n|l|\u2606AlolanSandslashOU\n|j|\u2606AlolanSandslashOU\n|player|p1|AlolanSandslashOU|volkner\n","uploadtime":1698985873,"views":14,"p1id":"alolansandslashou","p2id":"dlawrenzz","formatid":"gen9nationaldexubers","rating":0,"private":0,"password":""}