{"id":"gen9nationaldexubers-1986203364","p1":"bepsi-can","p2":"Sacha77500","format":"[Gen 9] National Dex Ubers","log":"|j|\u2606bepsi-can\n|j|\u2606Sacha77500\n|t:|1699459529\n|gametype|singles\n|player|p1|bepsi-can|elesa|\n|player|p2|Sacha77500|ghetsis|\n|teamsize|p1|6\n|teamsize|p2|6\n|gen|9\n|tier|[Gen 9] National Dex Ubers\n|rule|HP Percentage Mod: HP is shown in percentages\n|rule|Endless Battle Clause: Forcing endless battles is banned\n|rule|OHKO Clause: OHKO moves are banned\n|rule|Evasion Moves Clause: Evasion moves are banned\n|rule|Evasion Items Clause: Evasion items are banned\n|rule|Species Clause: Limit one of each Pok\u00e9mon\n|rule|Sleep Clause Mod: Limit one foe put to sleep\n|rule|Mega Rayquaza Clause: You cannot mega evolve Rayquaza\n|clearpoke\n|poke|p1|Serperior, M|\n|poke|p1|Ditto|\n|poke|p1|Hatterene, F|\n|poke|p1|Porygon-Z|\n|poke|p1|Skeledirge, F|\n|poke|p1|Starmie|\n|poke|p2|Aggron, M|\n|poke|p2|Darmanitan-Galar, F|\n|poke|p2|Clodsire, F|\n|poke|p2|Golisopod, M|\n|poke|p2|Ceruledge, M|\n|poke|p2|Zoroark-Hisui, F|\n|teampreview\n|inactive|Battle timer is ON: inactive players will automatically lose when time's up. (requested by Sacha77500)\n|inactive|bepsi-can also wants the timer to be on.\n|c|\u2606Sacha77500|i'm using MY tourney team too\n|inactive|bepsi-can no longer wants the timer on, but the timer is staying on because sacha77500 still does.\n|c|\u2606bepsi-can|alright im playing you and devious muncher at the same time\n|c|\u2606bepsi-can|so please stop the timer\n|inactive|bepsi-can has 270 seconds left.\n|inactiveoff|Battle timer is now OFF.\n|\n|t:|1699459567\n|start\n|switch|p1a: Heeheehee|Hatterene, F|100\/100\n|switch|p2a: :3|Clodsire, F|100\/100\n|turn|1\n|c|\u2606bepsi-can|hello?\n|c|\u2606Sacha77500|shit sorry\n|\n|t:|1699459715\n|move|p1a: Heeheehee|Psyshock|p2a: :3\n|-supereffective|p2a: :3\n|-damage|p2a: :3|18\/100\n|move|p2a: :3|Stealth Rock|p1a: Heeheehee\n|move|p1a: Heeheehee|Stealth Rock|p2a: :3|[from]ability: Magic Bounce\n|-sidestart|p2: Sacha77500|move: Stealth Rock\n|\n|-heal|p2a: :3|24\/100|[from] item: Leftovers\n|upkeep\n|turn|2\n|inactive|Battle timer is ON: inactive players will automatically lose when time's up. (requested by Sacha77500)\n|inactive|Sacha77500 has 270 seconds left.\n|c|\u2606Sacha77500|i'm also playing two matches\n|inactiveoff|Battle timer is now OFF.\n|c|\u2606bepsi-can|yeah\n|\n|t:|1699459762\n|move|p1a: Heeheehee|Calm Mind|p1a: Heeheehee\n|-boost|p1a: Heeheehee|spa|1\n|-boost|p1a: Heeheehee|spd|1\n|move|p2a: :3|Toxic Spikes|p1a: Heeheehee\n|move|p1a: Heeheehee|Toxic Spikes|p2a: :3|[from]ability: Magic Bounce\n|-sidestart|p2: Sacha77500|move: Toxic Spikes\n|\n|-heal|p2a: :3|30\/100|[from] item: Leftovers\n|upkeep\n|turn|3\n|c|\u2606Sacha77500|FUCK I'M SO DUM\n|\n|t:|1699459781\n|switch|p2a: Rise of Kong|Darmanitan-Galar, F|100\/100\n|move|p1a: Heeheehee|Psyshock|p2a: Rise of Kong\n|-damage|p2a: Rise of Kong|15\/100\n|\n|-formechange|p2a: Rise of Kong|Darmanitan-Galar-Zen|\n|upkeep\n|turn|4\n|\n|t:|1699459788\n|move|p2a: Rise of Kong|Icicle Crash|p1a: Heeheehee|[miss]\n|-miss|p2a: Rise of Kong|p1a: Heeheehee\n|move|p1a: Heeheehee|Psyshock|p2a: Rise of Kong\n|-damage|p2a: Rise of Kong|0 fnt\n|faint|p2a: Rise of Kong\n|\n|upkeep\n|c|\u2606Sacha77500|Bruh\n|\n|t:|1699459795\n|switch|p2a: :3|Clodsire, F|30\/100\n|-damage|p2a: :3|24\/100|[from] Stealth Rock\n|-sideend|p2: Sacha77500|move: Toxic Spikes|[of] p2a: :3\n|turn|5\n|\n|t:|1699459809\n|move|p1a: Heeheehee|Psyshock|p2a: :3\n|-supereffective|p2a: :3\n|-damage|p2a: :3|0 fnt\n|faint|p2a: :3\n|\n|upkeep\n|\n|t:|1699459812\n|switch|p2a: The Rock|Aggron, M|100\/100\n|-damage|p2a: The Rock|94\/100|[from] Stealth Rock\n|turn|6\n|\n|t:|1699459823\n|switch|p1a: Bald Boy|Skeledirge, F|100\/100\n|move|p2a: The Rock|Curse|p2a: The Rock\n|-unboost|p2a: The Rock|spe|1\n|-boost|p2a: The Rock|atk|1\n|-boost|p2a: The Rock|def|1\n|\n|upkeep\n|turn|7\n|\n|t:|1699459829\n|move|p1a: Bald Boy|Substitute|p1a: Bald Boy\n|-start|p1a: Bald Boy|Substitute\n|-damage|p1a: Bald Boy|76\/100\n|move|p2a: The Rock|Head Smash|p1a: Bald Boy\n|-supereffective|p1a: Bald Boy\n|-end|p1a: Bald Boy|Substitute\n|\n|-heal|p1a: Bald Boy|82\/100|[from] item: Leftovers\n|upkeep\n|turn|8\n|\n|t:|1699459837\n|switch|p1a: Eddie|Ditto|100\/100\n|-transform|p1a: Eddie|p2a: The Rock|[from] ability: Imposter\n|move|p2a: The Rock|Head Smash|p1a: Eddie\n|-resisted|p1a: Eddie\n|-damage|p1a: Eddie|83\/100\n|\n|upkeep\n|turn|9\n|\n|t:|1699459845\n|detailschange|p2a: The Rock|Aggron-Mega, M\n|-mega|p2a: The Rock|Aggron|Aggronite\n|move|p2a: The Rock|Body Press|p1a: Eddie\n|-supereffective|p1a: Eddie\n|-crit|p1a: Eddie\n|-damage|p1a: Eddie|0 fnt\n|faint|p1a: Eddie\n|\n|upkeep\n|\n|t:|1699459865\n|switch|p1a: Bald Boy|Skeledirge, F|82\/100\n|turn|10\n|\n|t:|1699459870\n|-terastallize|p1a: Bald Boy|Ghost\n|move|p1a: Bald Boy|Will-O-Wisp|p2a: The Rock\n|-status|p2a: The Rock|brn\n|move|p2a: The Rock|Dragon Tail|p1a: Bald Boy\n|-damage|p1a: Bald Boy|73\/100\n|drag|p1a: Poor E Gone Zee|Porygon-Z|100\/100\n|-ability|p1a: Poor E Gone Zee|Download|boost\n|-boost|p1a: Poor E Gone Zee|spa|1\n|\n|-damage|p2a: The Rock|88\/100 brn|[from] brn\n|upkeep\n|turn|11\n|\n|t:|1699459881\n|move|p1a: Poor E Gone Zee|Tri Attack|p2a: The Rock\n|-resisted|p2a: The Rock\n|-damage|p2a: The Rock|45\/100 brn\n|move|p2a: The Rock|Curse|p2a: The Rock\n|-unboost|p2a: The Rock|spe|1\n|-boost|p2a: The Rock|atk|1\n|-boost|p2a: The Rock|def|1\n|\n|-damage|p2a: The Rock|39\/100 brn|[from] brn\n|upkeep\n|turn|12\n|\n|t:|1699459887\n|move|p1a: Poor E Gone Zee|Tri Attack|p2a: The Rock\n|-resisted|p2a: The Rock\n|-damage|p2a: The Rock|0 fnt\n|faint|p2a: The Rock\n|\n|upkeep\n|\n|t:|1699459892\n|switch|p2a: ATTACK!!!|Golisopod, M|100\/100\n|-damage|p2a: ATTACK!!!|76\/100|[from] Stealth Rock\n|turn|13\n|c|\u2606bepsi-can|so thats real\n|\n|t:|1699459899\n|move|p2a: ATTACK!!!|First Impression|p1a: Poor E Gone Zee\n|-damage|p1a: Poor E Gone Zee|30\/100\n|move|p1a: Poor E Gone Zee|Tri Attack|p2a: ATTACK!!!\n|-crit|p2a: ATTACK!!!\n|-damage|p2a: ATTACK!!!|0 fnt\n|faint|p2a: ATTACK!!!\n|\n|upkeep\n|c|\u2606Sacha77500|bruh crit\n|\n|t:|1699459907\n|switch|p2a: Battle Tendencies|Ceruledge, M|100\/100\n|-damage|p2a: Battle Tendencies|88\/100|[from] Stealth Rock\n|turn|14\n|c|\u2606bepsi-can|thats not real\n|\n|t:|1699459916\n|move|p2a: Battle Tendencies|Hyper Voice|p1a: Poor E Gone Zee\n|-damage|p1a: Poor E Gone Zee|0 fnt\n|faint|p1a: Poor E Gone Zee\n|\n|upkeep\n|\n|t:|1699459919\n|switch|p1a: Bald Boy|Skeledirge, F, tera:Ghost|73\/100\n|turn|15\n|\n|t:|1699459923\n|switch|p2a: Battle Tendencies|Ceruledge, M|100\/100\n|-damage|p2a: Battle Tendencies|76\/100|[from] Stealth Rock\n|move|p1a: Bald Boy|Will-O-Wisp|p2a: Battle Tendencies\n|-immune|p2a: Battle Tendencies\n|\n|-heal|p1a: Bald Boy|80\/100|[from] item: Leftovers\n|upkeep\n|turn|16\n|\n|t:|1699459931\n|move|p2a: Battle Tendencies|Poltergeist|p1a: Bald Boy|[miss]\n|-miss|p2a: Battle Tendencies|p1a: Bald Boy\n|move|p1a: Bald Boy|Hex|p2a: Battle Tendencies\n|-supereffective|p2a: Battle Tendencies\n|-damage|p2a: Battle Tendencies|0 fnt\n|faint|p2a: Battle Tendencies\n|\n|-heal|p1a: Bald Boy|86\/100|[from] item: Leftovers\n|upkeep\n|c|\u2606Sacha77500|BRUH\n|c|\u2606Sacha77500|95%\n|c|\u2606Sacha77500|that's just so lucky\n|\n|t:|1699459944\n|switch|p2a: Smooth Criminal|Zoroark-Hisui, F, shiny|88\/100\n|-damage|p2a: Smooth Criminal|76\/100|[from] Stealth Rock\n|turn|17\n|c|\u2606bepsi-can|i wouldve lived\n|c|\u2606bepsi-can|dw\n|\n|t:|1699459952\n|move|p2a: Smooth Criminal|Bitter Malice|p1a: Bald Boy\n|-supereffective|p1a: Bald Boy\n|-damage|p1a: Bald Boy|0 fnt\n|faint|p1a: Bald Boy\n|\n|upkeep\n|c|\u2606Sacha77500|115 BP really ?\n|c|\u2606Sacha77500|+ SE\n|c|\u2606Sacha77500|+ STAB\n|\n|t:|1699459991\n|switch|p1a: \"Eat the apple\"|Serperior, M|100\/100\n|turn|18\n|\n|t:|1699459997\n|move|p1a: \"Eat the apple\"|Leaf Storm|p2a: Smooth Criminal\n|-damage|p2a: Smooth Criminal|0 fnt\n|-boost|p1a: \"Eat the apple\"|spa|2\n|faint|p2a: Smooth Criminal\n|\n|win|bepsi-can\n|c|\u2606Sacha77500|ggwp\n|c|\u2606bepsi-can|gg\n|l|\u2606Sacha77500\n|l|\u2606bepsi-can\n|j|\u2606Sacha77500\n|player|p2|Sacha77500|ghetsis\n","uploadtime":1699460587,"views":6,"p1id":"bepsican","p2id":"sacha77500","formatid":"gen9nationaldexubers","rating":0,"private":0,"password":""}