{"id":"gen9nationaldexubers-1990497456","p1":"IntermediateGamer","p2":"85792195wwww","format":"[Gen 9] National Dex Ubers","log":"|j|\u2606IntermediateGamer\n|j|\u260685792195wwww\n|t:|1699976294\n|gametype|singles\n|player|p1|IntermediateGamer|red|1389\n|player|p2|85792195wwww|mira|1630\n|teamsize|p1|6\n|teamsize|p2|6\n|gen|9\n|tier|[Gen 9] National Dex Ubers\n|rated|\n|rule|HP Percentage Mod: HP is shown in percentages\n|rule|Endless Battle Clause: Forcing endless battles is banned\n|rule|OHKO Clause: OHKO moves are banned\n|rule|Evasion Moves Clause: Evasion moves are banned\n|rule|Evasion Items Clause: Evasion items are banned\n|rule|Species Clause: Limit one of each Pok\u00e9mon\n|rule|Sleep Clause Mod: Limit one foe put to sleep\n|rule|Mega Rayquaza Clause: You cannot mega evolve Rayquaza\n|clearpoke\n|poke|p1|Groudon|\n|poke|p1|Kyogre|\n|poke|p1|Marshadow|\n|poke|p1|Arceus-Dragon|\n|poke|p1|Zacian-*|\n|poke|p1|Xerneas-*|\n|poke|p2|Zacian-*|\n|poke|p2|Arceus-Ground|\n|poke|p2|Deoxys-Speed|\n|poke|p2|Landorus, M|\n|poke|p2|Groudon|\n|poke|p2|Kyurem-Black|\n|teampreview\n|inactive|Battle timer is ON: inactive players will automatically lose when time's up. (requested by IntermediateGamer)\n|\n|t:|1699976298\n|start\n|switch|p1a: Big Black Guy|Groudon, shiny|100\/100\n|switch|p2a: Deoxys|Deoxys-Speed|100\/100\n|-ability|p2a: Deoxys|Pressure\n|detailschange|p1a: Big Black Guy|Groudon-Primal, shiny\n|-primal|p1a: Big Black Guy|Red Orb\n|-weather|DesolateLand|[from] ability: Desolate Land|[of] p1a: Big Black Guy\n|turn|1\n|\n|t:|1699976310\n|move|p2a: Deoxys|Spikes|p1a: Big Black Guy\n|-sidestart|p1: IntermediateGamer|Spikes\n|move|p1a: Big Black Guy|Heat Crash|p2a: Deoxys\n|-enditem|p2a: Deoxys|Focus Sash\n|-damage|p2a: Deoxys|1\/100\n|\n|-weather|DesolateLand|[upkeep]\n|upkeep\n|turn|2\n|\n|t:|1699976317\n|move|p2a: Deoxys|Spikes|p1a: Big Black Guy\n|-sidestart|p1: IntermediateGamer|Spikes\n|move|p1a: Big Black Guy|Heat Crash|p2a: Deoxys\n|-damage|p2a: Deoxys|0 fnt\n|faint|p2a: Deoxys\n|\n|-weather|DesolateLand|[upkeep]\n|upkeep\n|\n|t:|1699976324\n|switch|p2a: Arceus|Arceus-Ground|100\/100\n|turn|3\n|\n|t:|1699976330\n|move|p2a: Arceus|Dragon Dance|p2a: Arceus\n|-boost|p2a: Arceus|atk|1\n|-boost|p2a: Arceus|spe|1\n|move|p1a: Big Black Guy|Precipice Blades|p2a: Arceus\n|-damage|p2a: Arceus|37\/100\n|\n|-weather|DesolateLand|[upkeep]\n|upkeep\n|turn|4\n|\n|t:|1699976341\n|-zpower|p2a: Arceus\n|move|p2a: Arceus|Tectonic Rage|p1a: Big Black Guy|[zeffect]\n|-supereffective|p1a: Big Black Guy\n|-damage|p1a: Big Black Guy|0 fnt\n|faint|p1a: Big Black Guy\n|-weather|none\n|\n|upkeep\n|\n|t:|1699976354\n|switch|p1a: Your Mom|Kyogre, shiny|100\/100\n|-damage|p1a: Your Mom|84\/100|[from] Spikes\n|detailschange|p1a: Your Mom|Kyogre-Primal, shiny\n|-primal|p1a: Your Mom|Blue Orb\n|-weather|PrimordialSea|[from] ability: Primordial Sea|[of] p1a: Your Mom\n|turn|5\n|\n|t:|1699976361\n|move|p2a: Arceus|Earthquake|p1a: Your Mom\n|-damage|p1a: Your Mom|4\/100\n|move|p1a: Your Mom|Ice Beam|p2a: Arceus\n|-supereffective|p2a: Arceus\n|-damage|p2a: Arceus|0 fnt\n|faint|p2a: Arceus\n|\n|-weather|PrimordialSea|[upkeep]\n|upkeep\n|\n|t:|1699976374\n|switch|p2a: Landorus|Landorus, M|100\/100\n|turn|6\n|\n|t:|1699976380\n|move|p2a: Landorus|Earth Power|p1a: Your Mom\n|-damage|p1a: Your Mom|0 fnt\n|faint|p1a: Your Mom\n|-weather|none\n|\n|upkeep\n|\n|t:|1699976388\n|switch|p1a: On God|Arceus-Dragon|100\/100\n|-damage|p1a: On God|84\/100|[from] Spikes\n|turn|7\n|\n|t:|1699976401\n|-terastallize|p1a: On God|Dragon\n|move|p1a: On God|Judgment|p2a: Landorus\n|-damage|p2a: Landorus|0 fnt\n|faint|p2a: Landorus\n|\n|upkeep\n|\n|t:|1699976421\n|switch|p2a: Kyurem|Kyurem-Black|100\/100\n|-ability|p2a: Kyurem|Teravolt\n|turn|8\n|\n|t:|1699976426\n|-terastallize|p2a: Kyurem|Electric\n|move|p1a: On God|Judgment|p2a: Kyurem\n|-damage|p2a: Kyurem|18\/100\n|move|p2a: Kyurem|Dragon Dance|p2a: Kyurem\n|-boost|p2a: Kyurem|atk|1\n|-boost|p2a: Kyurem|spe|1\n|\n|upkeep\n|turn|9\n|\n|t:|1699976436\n|move|p2a: Kyurem|Icicle Spear|p1a: On God\n|-supereffective|p1a: On God\n|-damage|p1a: On God|46\/100\n|-supereffective|p1a: On God\n|-damage|p1a: On God|6\/100\n|-supereffective|p1a: On God\n|-damage|p1a: On God|0 fnt\n|faint|p1a: On God\n|-hitcount|p1: On God|3\n|\n|upkeep\n|\n|t:|1699976441\n|switch|p1a: On Dog|Zacian-Crowned, shiny|100\/100\n|-damage|p1a: On Dog|84\/100|[from] Spikes\n|-ability|p1a: On Dog|Intrepid Sword|boost\n|-boost|p1a: On Dog|atk|1\n|turn|10\n|\n|t:|1699976449\n|move|p1a: On Dog|Behemoth Blade|p2a: Kyurem\n|-resisted|p2a: Kyurem\n|-damage|p2a: Kyurem|0 fnt\n|faint|p2a: Kyurem\n|\n|upkeep\n|\n|t:|1699976456\n|switch|p2a: Groudon|Groudon|100\/100\n|detailschange|p2a: Groudon|Groudon-Primal\n|-primal|p2a: Groudon|Red Orb\n|-weather|DesolateLand|[from] ability: Desolate Land|[of] p2a: Groudon\n|turn|11\n|\n|t:|1699976476\n|move|p1a: On Dog|Sacred Sword|p2a: Groudon\n|-damage|p2a: Groudon|68\/100\n|move|p2a: Groudon|Rock Polish|p2a: Groudon\n|-boost|p2a: Groudon|spe|2\n|\n|-weather|DesolateLand|[upkeep]\n|upkeep\n|turn|12\n|\n|t:|1699976484\n|move|p2a: Groudon|Swords Dance|p2a: Groudon\n|-boost|p2a: Groudon|atk|2\n|move|p1a: On Dog|Sacred Sword|p2a: Groudon\n|-damage|p2a: Groudon|38\/100\n|\n|-weather|DesolateLand|[upkeep]\n|upkeep\n|turn|13\n|\n|t:|1699976492\n|move|p2a: Groudon|Heat Crash|p1a: On Dog\n|-supereffective|p1a: On Dog\n|-damage|p1a: On Dog|0 fnt\n|faint|p1a: On Dog\n|\n|-weather|DesolateLand|[upkeep]\n|upkeep\n|\n|t:|1699976497\n|switch|p1a: HeBlackAndHeSteal|Marshadow|100\/100\n|-damage|p1a: HeBlackAndHeSteal|84\/100|[from] Spikes\n|turn|14\n|\n|t:|1699976501\n|move|p2a: Groudon|Heat Crash|p1a: HeBlackAndHeSteal\n|-damage|p1a: HeBlackAndHeSteal|0 fnt\n|faint|p1a: HeBlackAndHeSteal\n|\n|-weather|DesolateLand|[upkeep]\n|upkeep\n|\n|t:|1699976504\n|switch|p1a: Ham Sandwich|Xerneas, shiny|100\/100\n|-damage|p1a: Ham Sandwich|84\/100|[from] Spikes\n|-ability|p1a: Ham Sandwich|Fairy Aura\n|turn|15\n|\n|t:|1699976511\n|move|p2a: Groudon|Heat Crash|p1a: Ham Sandwich\n|-damage|p1a: Ham Sandwich|0 fnt\n|faint|p1a: Ham Sandwich\n|\n|win|85792195wwww\n|raw|IntermediateGamer's rating: 1389 &rarr; <strong>1381<\/strong><br \/>(-8 for losing)\n|raw|85792195wwww's rating: 1630 &rarr; <strong>1638<\/strong><br \/>(+8 for winning)\n|l|\u2606IntermediateGamer\n","uploadtime":1699976517,"views":7,"p1id":"intermediategamer","p2id":"85792195wwww","formatid":"gen9nationaldexubers","rating":1381,"private":0,"password":""}