{"id":"gen9nationaldexubers-1996563404","p1":"Yuinna.","p2":"XX_1nfinity_XX","format":"[Gen 9] National Dex Ubers","log":"|j|\u2606Yuinna.\n|j|\u2606XX_1nfinity_XX\n|t:|1700694717\n|gametype|singles\n|player|p1|Yuinna.|serena-masters|\n|player|p2|XX_1nfinity_XX|steven|\n|teamsize|p1|6\n|teamsize|p2|6\n|gen|9\n|tier|[Gen 9] National Dex Ubers\n|rule|HP Percentage Mod: HP is shown in percentages\n|rule|Endless Battle Clause: Forcing endless battles is banned\n|rule|OHKO Clause: OHKO moves are banned\n|rule|Evasion Moves Clause: Evasion moves are banned\n|rule|Evasion Items Clause: Evasion items are banned\n|rule|Species Clause: Limit one of each Pok\u00e9mon\n|rule|Sleep Clause Mod: Limit one foe put to sleep\n|rule|Mega Rayquaza Clause: You cannot mega evolve Rayquaza\n|clearpoke\n|poke|p1|Ribombee, M|\n|poke|p1|Medicham, M|\n|poke|p1|Ogerpon-Hearthflame, F|\n|poke|p1|Dragapult, F|\n|poke|p1|Manaphy|\n|poke|p1|Landorus-Therian, M|\n|poke|p2|Lopunny, M|\n|poke|p2|Ursaluna-Bloodmoon, M|\n|poke|p2|Ambipom, F|\n|poke|p2|Cyclizar, F|\n|poke|p2|Zoroark-Hisui, M|\n|poke|p2|Slowking-Galar, F|\n|teampreview\n|inactive|Battle timer is ON: inactive players will automatically lose when time's up. (requested by Yuinna.)\n|inactive|XX_1nfinity_XX also wants the timer to be on.\n|\n|t:|1700694730\n|start\n|switch|p1a: Ribombee|Ribombee, M|100\/100\n|switch|p2a: Ambipom|Ambipom, F|100\/100\n|turn|1\n|\n|t:|1700694748\n|switch|p1a: Dragapult|Dragapult, F|100\/100\n|move|p2a: Ambipom|Fake Out|p1a: Dragapult\n|-immune|p1a: Dragapult\n|\n|upkeep\n|turn|2\n|\n|t:|1700694756\n|switch|p2a: Slowking|Slowking-Galar, F|100\/100\n|move|p1a: Dragapult|Draco Meteor|p2a: Slowking\n|-damage|p2a: Slowking|54\/100\n|-unboost|p1a: Dragapult|spa|2\n|\n|-heal|p2a: Slowking|60\/100|[from] item: Black Sludge\n|upkeep\n|turn|3\n|\n|t:|1700694765\n|switch|p1a: Manaphy|Manaphy|100\/100\n|move|p2a: Slowking|Chilly Reception|p2a: Slowking\n|-weather|Snow\n|\n|t:|1700694773\n|switch|p2a: Ambipom|Ambipom, F|100\/100|[from] Chilly Reception\n|\n|-weather|Snow|[upkeep]\n|upkeep\n|turn|4\n|\n|t:|1700694779\n|switch|p1a: Dragapult|Dragapult, F|100\/100\n|move|p2a: Ambipom|Trailblaze|p1a: Dragapult\n|-resisted|p1a: Dragapult\n|-damage|p1a: Dragapult|80\/100\n|-boost|p2a: Ambipom|spe|1\n|-damage|p2a: Ambipom|91\/100|[from] item: Life Orb\n|\n|-weather|Snow|[upkeep]\n|upkeep\n|turn|5\n|\n|t:|1700694795\n|-terastallize|p2a: Ambipom|Flying\n|move|p2a: Ambipom|Aerial Ace|p1a: Dragapult\n|-damage|p1a: Dragapult|9\/100\n|-damage|p2a: Ambipom|81\/100|[from] item: Life Orb\n|move|p1a: Dragapult|Draco Meteor|p2a: Ambipom\n|-damage|p2a: Ambipom|0 fnt\n|-unboost|p1a: Dragapult|spa|2\n|faint|p2a: Ambipom\n|\n|-weather|Snow|[upkeep]\n|upkeep\n|\n|t:|1700694805\n|switch|p2a: Slowking|Slowking-Galar, F|100\/100\n|turn|6\n|\n|t:|1700694810\n|switch|p1a: Ribombee|Ribombee, M|100\/100\n|replace|p2a: Zoroark|Zoroark-Hisui, M\n|-end|p2a: Zoroark|Illusion\n|-zpower|p2a: Zoroark\n|move|p2a: Zoroark|Z-Happy Hour|p2a: Zoroark|[anim]Happy Hour\n|-boost|p2a: Zoroark|atk|1|[zeffect]\n|-boost|p2a: Zoroark|def|1|[zeffect]\n|-boost|p2a: Zoroark|spa|1|[zeffect]\n|-boost|p2a: Zoroark|spd|1|[zeffect]\n|-boost|p2a: Zoroark|spe|1|[zeffect]\n|\n|-weather|Snow|[upkeep]\n|upkeep\n|turn|7\n|\n|t:|1700694814\n|move|p2a: Zoroark|Flamethrower|p1a: Ribombee\n|-supereffective|p1a: Ribombee\n|-enditem|p1a: Ribombee|Focus Sash\n|-damage|p1a: Ribombee|1\/100\n|move|p1a: Ribombee|Sticky Web|p2a: Zoroark\n|-sidestart|p2: XX_1nfinity_XX|move: Sticky Web\n|\n|-weather|none\n|upkeep\n|turn|8\n|\n|t:|1700694821\n|move|p2a: Zoroark|Flamethrower|p1a: Ribombee\n|-supereffective|p1a: Ribombee\n|-damage|p1a: Ribombee|0 fnt\n|faint|p1a: Ribombee\n|\n|upkeep\n|inactive|Yuinna. has 270 seconds left.\n|\n|t:|1700694859\n|switch|p1a: Ogerpon|Ogerpon-Hearthflame, F|100\/100\n|-ability|p1a: Ogerpon|Mold Breaker\n|turn|9\n|\n|t:|1700694866\n|move|p2a: Zoroark|Shadow Ball|p1a: Ogerpon\n|-damage|p1a: Ogerpon|25\/100\n|move|p1a: Ogerpon|Knock Off|p2a: Zoroark\n|-supereffective|p2a: Zoroark\n|-damage|p2a: Zoroark|31\/100\n|\n|upkeep\n|turn|10\n|\n|t:|1700694873\n|move|p2a: Zoroark|Shadow Ball|p1a: Ogerpon\n|-crit|p1a: Ogerpon\n|-damage|p1a: Ogerpon|0 fnt\n|faint|p1a: Ogerpon\n|\n|upkeep\n|\n|t:|1700694877\n|switch|p1a: Landorus|Landorus-Therian, M|100\/100\n|-ability|p1a: Landorus|Intimidate|boost\n|-unboost|p2a: Zoroark|atk|1\n|turn|11\n|\n|t:|1700694882\n|move|p2a: Zoroark|Shadow Ball|p1a: Landorus\n|-damage|p1a: Landorus|20\/100\n|move|p1a: Landorus|Earthquake|p2a: Zoroark\n|-damage|p2a: Zoroark|0 fnt\n|faint|p2a: Zoroark\n|-damage|p1a: Landorus|10\/100|[from] item: Life Orb\n|\n|upkeep\n|\n|t:|1700694887\n|switch|p2a: Cyclizar|Cyclizar, F|100\/100\n|turn|12\n|\n|t:|1700694894\n|switch|p1a: Dragapult|Dragapult, F|9\/100\n|move|p2a: Cyclizar|Rapid Spin|p1a: Dragapult\n|-immune|p1a: Dragapult\n|\n|upkeep\n|turn|13\n|\n|t:|1700694899\n|switch|p2a: Slowking|Slowking-Galar, F|93\/100\n|-activate|p2a: Slowking|move: Sticky Web\n|-unboost|p2a: Slowking|spe|1\n|move|p1a: Dragapult|Draco Meteor|p2a: Slowking\n|-damage|p2a: Slowking|45\/100\n|-unboost|p1a: Dragapult|spa|2\n|\n|-heal|p2a: Slowking|52\/100|[from] item: Black Sludge\n|upkeep\n|turn|14\n|\n|t:|1700694905\n|switch|p1a: Medicham|Medicham, M|100\/100\n|move|p2a: Slowking|Chilly Reception|p2a: Slowking\n|-weather|Snow\n|\n|t:|1700694911\n|switch|p2a: Cyclizar|Cyclizar, F|100\/100|[from] Chilly Reception\n|\n|-weather|Snow|[upkeep]\n|upkeep\n|turn|15\n|\n|t:|1700694917\n|detailschange|p1a: Medicham|Medicham-Mega, M\n|-mega|p1a: Medicham|Medicham|Medichamite\n|move|p1a: Medicham|Fake Out|p2a: Cyclizar\n|-damage|p2a: Cyclizar|58\/100\n|cant|p2a: Cyclizar|flinch\n|\n|-weather|Snow|[upkeep]\n|upkeep\n|turn|16\n|\n|t:|1700694925\n|switch|p1a: Dragapult|Dragapult, F|9\/100\n|move|p2a: Cyclizar|U-turn|p1a: Dragapult\n|-resisted|p1a: Dragapult\n|-damage|p1a: Dragapult|0 fnt\n|faint|p1a: Dragapult\n|\n|t:|1700694928\n|switch|p2a: Slowking|Slowking-Galar, F|85\/100|[from] U-turn\n|-activate|p2a: Slowking|move: Sticky Web\n|-unboost|p2a: Slowking|spe|1\n|\n|-weather|Snow|[upkeep]\n|-heal|p2a: Slowking|91\/100|[from] item: Black Sludge\n|upkeep\n|\n|t:|1700694934\n|switch|p1a: Manaphy|Manaphy|100\/100\n|turn|17\n|\n|t:|1700694942\n|move|p1a: Manaphy|Tail Glow|p1a: Manaphy\n|-boost|p1a: Manaphy|spa|3\n|move|p2a: Slowking|Chilly Reception|p2a: Slowking\n|\n|t:|1700694945\n|switch|p2a: Cyclizar|Cyclizar, F|91\/100|[from] Chilly Reception\n|\n|-weather|Snow|[upkeep]\n|upkeep\n|turn|18\n|\n|t:|1700694951\n|move|p2a: Cyclizar|Rapid Spin|p1a: Manaphy\n|-crit|p1a: Manaphy\n|-damage|p1a: Manaphy|79\/100\n|-boost|p2a: Cyclizar|spe|1\n|-sideend|p2: XX_1nfinity_XX|Sticky Web|[from] move: Rapid Spin|[of] p2a: Cyclizar\n|-zpower|p1a: Manaphy\n|move|p1a: Manaphy|Z-Rain Dance|p1a: Manaphy|[anim]Rain Dance\n|-boost|p1a: Manaphy|spe|1|[zeffect]\n|-weather|RainDance\n|\n|-weather|RainDance|[upkeep]\n|upkeep\n|turn|19\n|\n|t:|1700694958\n|move|p2a: Cyclizar|Draco Meteor|p1a: Manaphy\n|-damage|p1a: Manaphy|43\/100\n|-unboost|p2a: Cyclizar|spa|2\n|move|p1a: Manaphy|Dazzling Gleam|p2a: Cyclizar\n|-supereffective|p2a: Cyclizar\n|-damage|p2a: Cyclizar|0 fnt\n|faint|p2a: Cyclizar\n|\n|-weather|RainDance|[upkeep]\n|upkeep\n|\n|t:|1700694964\n|switch|p2a: Slowking|Slowking-Galar, F|100\/100\n|turn|20\n|\n|t:|1700694968\n|move|p1a: Manaphy|Surf|p2a: Slowking\n|-damage|p2a: Slowking|22\/100\n|move|p2a: Slowking|Future Sight|p1a: Manaphy\n|-start|p2a: Slowking|move: Future Sight\n|\n|-weather|RainDance|[upkeep]\n|-heal|p2a: Slowking|28\/100|[from] item: Black Sludge\n|upkeep\n|turn|21\n|\n|t:|1700694974\n|move|p1a: Manaphy|Surf|p2a: Slowking\n|-damage|p2a: Slowking|0 fnt\n|faint|p2a: Slowking\n|\n|-weather|RainDance|[upkeep]\n|upkeep\n|\n|t:|1700694978\n|switch|p2a: Lopunny|Lopunny, M|100\/100\n|turn|22\n|\n|t:|1700694980\n|detailschange|p2a: Lopunny|Lopunny-Mega, M\n|-mega|p2a: Lopunny|Lopunny|Lopunnite\n|move|p2a: Lopunny|Fake Out|p1a: Manaphy\n|-damage|p1a: Manaphy|22\/100\n|cant|p1a: Manaphy|flinch\n|\n|-weather|none\n|-end|p1a: Manaphy|move: Future Sight\n|-damage|p1a: Manaphy|0 fnt\n|faint|p1a: Manaphy\n|upkeep\n|\n|t:|1700694987\n|switch|p1a: Medicham|Medicham-Mega, M|100\/100\n|turn|23\n|\n|t:|1700694993\n|move|p1a: Medicham|Fake Out|p2a: Lopunny\n|-crit|p2a: Lopunny\n|-damage|p2a: Lopunny|58\/100\n|cant|p2a: Lopunny|flinch\n|\n|upkeep\n|turn|24\n|\n|t:|1700694996\n|move|p2a: Lopunny|U-turn|p1a: Medicham\n|-damage|p1a: Medicham|63\/100\n|\n|t:|1700694999\n|switch|p2a: Ursaluna|Ursaluna-Bloodmoon, M|100\/100|[from] U-turn\n|move|p1a: Medicham|Zen Headbutt|p2a: Ursaluna\n|-damage|p2a: Ursaluna|66\/100\n|\n|-heal|p2a: Ursaluna|72\/100|[from] item: Leftovers\n|upkeep\n|turn|25\n|\n|t:|1700695003\n|move|p2a: Ursaluna|Vacuum Wave|p1a: Medicham\n|-resisted|p1a: Medicham\n|-damage|p1a: Medicham|54\/100\n|move|p1a: Medicham|High Jump Kick|p2a: Ursaluna\n|-supereffective|p2a: Ursaluna\n|-damage|p2a: Ursaluna|0 fnt\n|faint|p2a: Ursaluna\n|\n|upkeep\n|\n|t:|1700695008\n|switch|p2a: Lopunny|Lopunny-Mega, M|58\/100\n|turn|26\n|\n|t:|1700695012\n|switch|p1a: Landorus|Landorus-Therian, M|10\/100\n|-ability|p1a: Landorus|Intimidate|boost\n|-fail|p2a: Lopunny|unboost|Attack|[from] ability: Scrappy|[of] p2a: Lopunny\n|move|p2a: Lopunny|Fake Out|p1a: Landorus\n|-damage|p1a: Landorus|0 fnt\n|faint|p1a: Landorus\n|\n|upkeep\n|\n|t:|1700695019\n|switch|p1a: Medicham|Medicham-Mega, M|54\/100\n|turn|27\n|\n|t:|1700695022\n|move|p1a: Medicham|Fake Out|p2a: Lopunny\n|-damage|p2a: Lopunny|26\/100\n|cant|p2a: Lopunny|flinch\n|\n|upkeep\n|turn|28\n|c|\u2606XX_1nfinity_XX|ggs\n|\n|t:|1700695027\n|move|p2a: Lopunny|Close Combat|p1a: Medicham\n|-resisted|p1a: Medicham\n|-damage|p1a: Medicham|3\/100\n|-unboost|p2a: Lopunny|def|1\n|-unboost|p2a: Lopunny|spd|1\n|move|p1a: Medicham|Zen Headbutt|p2a: Lopunny\n|-supereffective|p2a: Lopunny\n|-damage|p2a: Lopunny|0 fnt\n|faint|p2a: Lopunny\n|\n|win|Yuinna.\n|c|\u2606Yuinna.|gg\n","uploadtime":1700695035,"views":7,"p1id":"yuinna","p2id":"xx1nfinityxx","formatid":"gen9nationaldexubers","rating":0,"private":0,"password":""}