{"id":"gen9nationaldexubers-1990589695","p1":"Xernos123","p2":"Red_is_fodder","format":"[Gen 9] National Dex Ubers","log":"|j|\u2606Xernos123\n|j|\u2606Red_is_fodder\n|t:|1699983859\n|gametype|singles\n|player|p1|Xernos123|cynthia-gen4|1378\n|player|p2|Red_is_fodder|pokemaniac|1297\n|teamsize|p1|6\n|teamsize|p2|6\n|gen|9\n|tier|[Gen 9] National Dex Ubers\n|rated|\n|rule|HP Percentage Mod: HP is shown in percentages\n|rule|Endless Battle Clause: Forcing endless battles is banned\n|rule|OHKO Clause: OHKO moves are banned\n|rule|Evasion Moves Clause: Evasion moves are banned\n|rule|Evasion Items Clause: Evasion items are banned\n|rule|Species Clause: Limit one of each Pok\u00e9mon\n|rule|Sleep Clause Mod: Limit one foe put to sleep\n|rule|Mega Rayquaza Clause: You cannot mega evolve Rayquaza\n|clearpoke\n|poke|p1|Shuckle, F|\n|poke|p1|Kangaskhan, F|\n|poke|p1|Groudon|\n|poke|p1|Kyogre|\n|poke|p1|Zacian-*|\n|poke|p1|Shaymin-Sky|\n|poke|p2|Zacian-*|\n|poke|p2|Groudon|\n|poke|p2|Zygarde|\n|poke|p2|Yveltal|\n|poke|p2|Urshifu-*, F|\n|poke|p2|Arceus-Ground|\n|teampreview\n|inactive|Battle timer is ON: inactive players will automatically lose when time's up. (requested by Xernos123)\n|\n|t:|1699983876\n|start\n|switch|p1a: Shuckle|Shuckle, F|100\/100\n|switch|p2a: Urshifu|Urshifu-Rapid-Strike, F|100\/100\n|turn|1\n|\n|t:|1699983885\n|-terastallize|p2a: Urshifu|Water\n|move|p1a: Shuckle|Protect|p1a: Shuckle\n|-singleturn|p1a: Shuckle|Protect\n|move|p2a: Urshifu|Surging Strikes|p1a: Shuckle\n|-supereffective|p1a: Shuckle\n|-crit|p1a: Shuckle\n|-damage|p1a: Shuckle|54\/100\n|-supereffective|p1a: Shuckle\n|-crit|p1a: Shuckle\n|-damage|p1a: Shuckle|13\/100\n|-supereffective|p1a: Shuckle\n|-crit|p1a: Shuckle\n|-damage|p1a: Shuckle|0 fnt\n|faint|p1a: Shuckle\n|-hitcount|p1: Shuckle|3\n|\n|upkeep\n|\n|t:|1699983892\n|switch|p1a: Groudon|Groudon|100\/100\n|detailschange|p1a: Groudon|Groudon-Primal\n|-primal|p1a: Groudon|Red Orb\n|-weather|DesolateLand|[from] ability: Desolate Land|[of] p1a: Groudon\n|turn|2\n|\n|t:|1699983896\n|move|p2a: Urshifu|Surging Strikes||[still]\n|-fail|p2a: Urshifu|Surging Strikes|[from] Desolate Land\n|move|p1a: Groudon|Rock Polish|p1a: Groudon\n|-boost|p1a: Groudon|spe|2\n|\n|-weather|DesolateLand|[upkeep]\n|upkeep\n|turn|3\n|\n|t:|1699983900\n|move|p1a: Groudon|Swords Dance|p1a: Groudon\n|-boost|p1a: Groudon|atk|2\n|move|p2a: Urshifu|Taunt|p1a: Groudon\n|-start|p1a: Groudon|move: Taunt\n|\n|-weather|DesolateLand|[upkeep]\n|upkeep\n|turn|4\n|\n|t:|1699983906\n|move|p1a: Groudon|Precipice Blades|p2a: Urshifu\n|-damage|p2a: Urshifu|0 fnt\n|faint|p2a: Urshifu\n|\n|-weather|DesolateLand|[upkeep]\n|upkeep\n|\n|t:|1699983922\n|switch|p2a: Arceus|Arceus-Ground|100\/100\n|turn|5\n|\n|t:|1699983925\n|move|p1a: Groudon|Heat Crash|p2a: Arceus\n|-damage|p2a: Arceus|0 fnt\n|faint|p2a: Arceus\n|\n|-weather|DesolateLand|[upkeep]\n|upkeep\n|\n|t:|1699983929\n|switch|p2a: Zacian|Zacian-Crowned, shiny|100\/100\n|-ability|p2a: Zacian|Intrepid Sword|boost\n|-boost|p2a: Zacian|atk|1\n|turn|6\n|\n|t:|1699983932\n|move|p1a: Groudon|Heat Crash|p2a: Zacian\n|-supereffective|p2a: Zacian\n|-damage|p2a: Zacian|0 fnt\n|faint|p2a: Zacian\n|\n|-weather|DesolateLand|[upkeep]\n|-end|p1a: Groudon|move: Taunt\n|upkeep\n|\n|t:|1699983935\n|switch|p2a: Groudon|Groudon|100\/100\n|detailschange|p2a: Groudon|Groudon-Primal\n|-primal|p2a: Groudon|Red Orb\n|turn|7\n|\n|t:|1699983939\n|move|p1a: Groudon|Precipice Blades|p2a: Groudon\n|-supereffective|p2a: Groudon\n|-damage|p2a: Groudon|0 fnt\n|faint|p2a: Groudon\n|\n|-weather|DesolateLand|[upkeep]\n|upkeep\n|\n|t:|1699983942\n|switch|p2a: Zygarde|Zygarde|100\/100\n|turn|8\n|\n|t:|1699983947\n|move|p1a: Groudon|Precipice Blades|p2a: Zygarde\n|-damage|p2a: Zygarde|0 fnt\n|faint|p2a: Zygarde\n|\n|-weather|DesolateLand|[upkeep]\n|upkeep\n|\n|t:|1699983951\n|switch|p2a: Yveltal|Yveltal|100\/100\n|-ability|p2a: Yveltal|Dark Aura\n|turn|9\n|\n|t:|1699983953\n|move|p2a: Yveltal|Sucker Punch|p1a: Groudon\n|-damage|p1a: Groudon|67\/100\n|-damage|p2a: Yveltal|91\/100|[from] item: Life Orb\n|move|p1a: Groudon|Heat Crash|p2a: Yveltal\n|-damage|p2a: Yveltal|0 fnt\n|faint|p2a: Yveltal\n|\n|win|Xernos123\n|raw|Xernos123's rating: 1378 &rarr; <strong>1393<\/strong><br \/>(+15 for winning)\n|raw|Red_is_fodder's rating: 1297 &rarr; <strong>1278<\/strong><br \/>(-19 for losing)\n|l|\u2606Red_is_fodder\n","uploadtime":1699983961,"views":11,"p1id":"xernos123","p2id":"redisfodder","formatid":"gen9nationaldexubers","rating":1278,"private":0,"password":""}