{"id":"gen9nationaldexubers-1990825431","p1":"GaloSniper87","p2":"Pnomenom","format":"[Gen 9] National Dex Ubers","log":"|j|\u2606GaloSniper87\n|j|\u2606Pnomenom\n|t:|1700004725\n|gametype|singles\n|player|p1|GaloSniper87|red|1157\n|player|p2|Pnomenom|1|1118\n|teamsize|p1|6\n|teamsize|p2|6\n|gen|9\n|tier|[Gen 9] National Dex Ubers\n|rated|\n|rule|HP Percentage Mod: HP is shown in percentages\n|rule|Endless Battle Clause: Forcing endless battles is banned\n|rule|OHKO Clause: OHKO moves are banned\n|rule|Evasion Moves Clause: Evasion moves are banned\n|rule|Evasion Items Clause: Evasion items are banned\n|rule|Species Clause: Limit one of each Pok\u00e9mon\n|rule|Sleep Clause Mod: Limit one foe put to sleep\n|rule|Mega Rayquaza Clause: You cannot mega evolve Rayquaza\n|clearpoke\n|poke|p1|Gliscor, F|\n|poke|p1|Salamence, M|\n|poke|p1|Maushold-Four|\n|poke|p1|Ogerpon-Hearthflame, F|\n|poke|p1|Baxcalibur, F|\n|poke|p1|Dracovish|\n|poke|p2|Beedrill, M|\n|poke|p2|Genesect-Douse|\n|poke|p2|Zygarde|\n|poke|p2|Melmetal|\n|poke|p2|Centiskorch, F|\n|poke|p2|Marshadow|\n|teampreview\n|inactive|Battle timer is ON: inactive players will automatically lose when time's up. (requested by GaloSniper87)\n|\n|t:|1700004737\n|start\n|switch|p1a: Ogerpon|Ogerpon-Hearthflame, F|100\/100\n|switch|p2a: Melmetal|Melmetal|100\/100\n|-ability|p1a: Ogerpon|Mold Breaker\n|turn|1\n|\n|t:|1700004745\n|-terastallize|p1a: Ogerpon|Fire\n|detailschange|p1a: Ogerpon|Ogerpon-Hearthflame-Tera, F, tera:Fire\n|-ability|p1a: Ogerpon|Embody Aspect (Hearthflame)|boost\n|-boost|p1a: Ogerpon|atk|1\n|move|p1a: Ogerpon|Ivy Cudgel|p2a: Melmetal|[anim] Ivy Cudgel Fire\n|-supereffective|p2a: Melmetal\n|-crit|p2a: Melmetal\n|-damage|p2a: Melmetal|0 fnt\n|faint|p2a: Melmetal\n|\n|upkeep\n|j| flatziswashed \u269d\u5f61\n|\n|t:|1700004753\n|switch|p2a: Genesect|Genesect-Douse|100\/100\n|-ability|p2a: Genesect|Download|boost\n|-boost|p2a: Genesect|atk|1\n|turn|2\n|\n|t:|1700004769\n|switch|p2a: Centiskorch|Centiskorch, F, shiny|100\/100\n|move|p1a: Ogerpon|Ivy Cudgel|p2a: Centiskorch|[anim] Ivy Cudgel Fire\n|-damage|p2a: Centiskorch|0 fnt\n|faint|p2a: Centiskorch\n|\n|upkeep\n|\n|t:|1700004775\n|switch|p2a: Marshadow|Marshadow|100\/100\n|turn|3\n|\n|t:|1700004781\n|move|p1a: Ogerpon|Spiky Shield|p1a: Ogerpon\n|-singleturn|p1a: Ogerpon|move: Protect\n|move|p2a: Marshadow|Spectral Thief|p1a: Ogerpon\n|-activate|p1a: Ogerpon|move: Protect\n|-damage|p2a: Marshadow|88\/100|[from] Spiky Shield|[of] p1a: Ogerpon\n|\n|upkeep\n|turn|4\n|\n|t:|1700004790\n|switch|p1a: Maushold|Maushold-Four, shiny|100\/100\n|move|p2a: Marshadow|Spectral Thief|p1a: Maushold\n|-immune|p1a: Maushold\n|\n|upkeep\n|turn|5\n|\n|t:|1700004798\n|move|p1a: Maushold|Thunder Wave|p2a: Marshadow\n|-status|p2a: Marshadow|par\n|cant|p2a: Marshadow|par\n|\n|upkeep\n|turn|6\n|\n|t:|1700004804\n|move|p1a: Maushold|Tidy Up|p1a: Maushold\n|-boost|p1a: Maushold|atk|1\n|-boost|p1a: Maushold|spe|1\n|move|p2a: Marshadow|Drain Punch|p1a: Maushold\n|-supereffective|p1a: Maushold\n|-damage|p1a: Maushold|0 fnt\n|-heal|p2a: Marshadow|100\/100 par|[from] drain|[of] p1a: Maushold\n|faint|p1a: Maushold\n|\n|upkeep\n|\n|t:|1700004812\n|switch|p1a: Dracovish|Dracovish|100\/100\n|turn|7\n|\n|t:|1700004819\n|switch|p2a: Genesect|Genesect-Douse|100\/100\n|-ability|p2a: Genesect|Download|boost\n|-boost|p2a: Genesect|spa|1\n|move|p1a: Dracovish|Fishious Rend|p2a: Genesect\n|-damage|p2a: Genesect|0 fnt\n|faint|p2a: Genesect\n|\n|upkeep\n|\n|t:|1700004826\n|switch|p2a: Beedrill|Beedrill, M, shiny|100\/100\n|turn|8\n|\n|t:|1700004844\n|detailschange|p2a: Beedrill|Beedrill-Mega, M, shiny\n|-mega|p2a: Beedrill|Beedrill|Beedrillite\n|move|p2a: Beedrill|Knock Off|p1a: Dracovish\n|-damage|p1a: Dracovish|60\/100\n|-enditem|p1a: Dracovish|Choice Scarf|[from] move: Knock Off|[of] p2a: Beedrill\n|move|p1a: Dracovish|Fishious Rend|p2a: Beedrill\n|-damage|p2a: Beedrill|0 fnt\n|faint|p2a: Beedrill\n|\n|upkeep\n|\n|t:|1700004852\n|switch|p2a: Zygarde|Zygarde, shiny|100\/100\n|turn|9\n|\n|t:|1700004859\n|-terastallize|p2a: Zygarde|Fairy\n|move|p1a: Dracovish|Ice Fang|p2a: Zygarde|[miss]\n|-miss|p1a: Dracovish|p2a: Zygarde\n|move|p2a: Zygarde|Core Enforcer|p1a: Dracovish\n|-supereffective|p1a: Dracovish\n|-damage|p1a: Dracovish|0 fnt\n|faint|p1a: Dracovish\n|\n|upkeep\n|\n|t:|1700004881\n|switch|p1a: Ogerpon|Ogerpon-Hearthflame-Tera, F, tera:Fire|100\/100\n|-ability|p1a: Ogerpon|Embody Aspect (Hearthflame)|boost\n|-boost|p1a: Ogerpon|atk|1\n|turn|10\n|\n|t:|1700004887\n|move|p1a: Ogerpon|Ivy Cudgel|p2a: Zygarde|[anim] Ivy Cudgel Fire\n|-crit|p2a: Zygarde\n|-damage|p2a: Zygarde|0 fnt\n|faint|p2a: Zygarde\n|\n|upkeep\n|\n|t:|1700004892\n|switch|p2a: Marshadow|Marshadow|100\/100 par\n|turn|11\n|\n|t:|1700004895\n|move|p1a: Ogerpon|Ivy Cudgel|p2a: Marshadow|[anim] Ivy Cudgel Fire\n|-enditem|p2a: Marshadow|Focus Sash\n|-damage|p2a: Marshadow|1\/100 par\n|move|p2a: Marshadow|Spectral Thief||[still]\n|-clearpositiveboost|p1a: Ogerpon|p2a: Marshadow|move: Spectral Thief\n|-boost|p2a: Marshadow|atk|1\n|-anim|p2a: Marshadow|Spectral Thief|p1a: Ogerpon\n|-damage|p1a: Ogerpon|0 fnt\n|faint|p1a: Ogerpon\n|\n|upkeep\n|\n|t:|1700004898\n|switch|p1a: Baxcalibur|Baxcalibur, F|100\/100\n|turn|12\n|\n|t:|1700004910\n|move|p1a: Baxcalibur|Ice Shard|p2a: Marshadow\n|-damage|p2a: Marshadow|0 fnt\n|faint|p2a: Marshadow\n|\n|win|GaloSniper87\n|raw|GaloSniper87's rating: 1157 &rarr; <strong>1179<\/strong><br \/>(+22 for winning)\n|raw|Pnomenom's rating: 1118 &rarr; <strong>1096<\/strong><br \/>(-22 for losing)\n","uploadtime":1700004913,"views":6,"p1id":"galosniper87","p2id":"pnomenom","formatid":"gen9nationaldexubers","rating":1096,"private":0,"password":""}