{"id":"gen9nationaldexubers-1978471417","p1":"loch2009","p2":"Wibler.o.","format":"[Gen 9] National Dex Ubers","log":"|j|\u2606loch2009\n|j|\u2606Wibler.o.\n|t:|1698543262\n|gametype|singles\n|player|p1|loch2009|cynthia-gen4|1299\n|player|p2|Wibler.o.|elesa|1379\n|teamsize|p1|6\n|teamsize|p2|6\n|gen|9\n|tier|[Gen 9] National Dex Ubers\n|rated|\n|rule|HP Percentage Mod: HP is shown in percentages\n|rule|Endless Battle Clause: Forcing endless battles is banned\n|rule|OHKO Clause: OHKO moves are banned\n|rule|Evasion Moves Clause: Evasion moves are banned\n|rule|Evasion Items Clause: Evasion items are banned\n|rule|Species Clause: Limit one of each Pok\u00e9mon\n|rule|Sleep Clause Mod: Limit one foe put to sleep\n|rule|Mega Rayquaza Clause: You cannot mega evolve Rayquaza\n|clearpoke\n|poke|p1|Alakazam, M|\n|poke|p1|Tapu Fini|\n|poke|p1|Xurkitree|\n|poke|p1|Darmanitan-Galar, M|\n|poke|p1|Genesect|\n|poke|p1|Slurpuff, M|\n|poke|p2|Annihilape, M|\n|poke|p2|Necrozma-Dusk-Mane|\n|poke|p2|Dracovish|\n|poke|p2|Magearna|\n|poke|p2|Kyogre|\n|poke|p2|Mewtwo|\n|teampreview\n|inactive|Battle timer is ON: inactive players will automatically lose when time's up. (requested by Wibler.o.)\n|\n|t:|1698543271\n|start\n|switch|p1a: Slurpuff|Slurpuff, M|100\/100\n|switch|p2a: Dracovish|Dracovish, shiny|100\/100\n|turn|1\n|inactive|loch2009 has 120 seconds left.\n|\n|t:|1698543303\n|move|p2a: Dracovish|Fishious Rend|p1a: Slurpuff\n|-enditem|p1a: Slurpuff|Focus Sash\n|-damage|p1a: Slurpuff|1\/100\n|move|p1a: Slurpuff|Yawn|p2a: Dracovish\n|-start|p2a: Dracovish|move: Yawn|[of] p1a: Slurpuff\n|\n|upkeep\n|turn|2\n|\n|t:|1698543307\n|move|p1a: Slurpuff|Sticky Web|p2a: Dracovish\n|-sidestart|p2: Wibler.o.|move: Sticky Web\n|move|p2a: Dracovish|Fishious Rend|p1a: Slurpuff\n|-damage|p1a: Slurpuff|0 fnt\n|faint|p1a: Slurpuff\n|\n|-end|p2a: Dracovish|move: Yawn|[silent]\n|-status|p2a: Dracovish|slp\n|upkeep\n|\n|t:|1698543313\n|switch|p1a: Xurkitree|Xurkitree, shiny|100\/100\n|turn|3\n|\n|t:|1698543323\n|switch|p2a: Necrozma|Necrozma-Dusk-Mane, shiny|100\/100\n|-activate|p2a: Necrozma|move: Sticky Web\n|-unboost|p2a: Necrozma|spe|1\n|-zpower|p1a: Xurkitree\n|move|p1a: Xurkitree|Z-Hypnosis|p2a: Necrozma|[anim]Hypnosis\n|-boost|p1a: Xurkitree|spe|1|[zeffect]\n|-message|Sleep Clause Mod activated.\n|-hint|Sleep Clause Mod prevents players from putting more than one of their opponent's Pok\u00e9mon to sleep at a time\n|\n|upkeep\n|turn|4\n|\n|t:|1698543339\n|move|p1a: Xurkitree|Tail Glow|p1a: Xurkitree\n|-boost|p1a: Xurkitree|spa|3\n|move|p2a: Necrozma|Knock Off|p1a: Xurkitree\n|-damage|p1a: Xurkitree|66\/100\n|\n|upkeep\n|turn|5\n|\n|t:|1698543348\n|move|p1a: Xurkitree|Thunderbolt|p2a: Necrozma\n|-damage|p2a: Necrozma|0 fnt\n|faint|p2a: Necrozma\n|-ability|p1a: Xurkitree|Beast Boost|boost\n|-boost|p1a: Xurkitree|spa|1\n|\n|upkeep\n|c|\u2606loch2009|cant knock of z crystal\n|inactive|Wibler.o. has 120 seconds left.\n|\n|t:|1698543388\n|switch|p2a: Magearna|Magearna|100\/100\n|-activate|p2a: Magearna|move: Sticky Web\n|-unboost|p2a: Magearna|spe|1\n|turn|6\n|\n|t:|1698543394\n|move|p1a: Xurkitree|Thunderbolt|p2a: Magearna\n|-damage|p2a: Magearna|0 fnt\n|faint|p2a: Magearna\n|-ability|p1a: Xurkitree|Beast Boost|boost\n|-boost|p1a: Xurkitree|spa|1\n|\n|upkeep\n|inactive|Wibler.o. has 120 seconds left.\n|\n|t:|1698543401\n|switch|p2a: Mewtwo|Mewtwo|100\/100\n|-activate|p2a: Mewtwo|move: Sticky Web\n|-unboost|p2a: Mewtwo|spe|1\n|-ability|p2a: Mewtwo|Pressure\n|turn|7\n|\n|t:|1698543409\n|detailschange|p2a: Mewtwo|Mewtwo-Mega-Y\n|-mega|p2a: Mewtwo|Mewtwo|Mewtwonite Y\n|move|p1a: Xurkitree|Thunderbolt|p2a: Mewtwo\n|-damage|p2a: Mewtwo|0 fnt\n|faint|p2a: Mewtwo\n|-ability|p1a: Xurkitree|Beast Boost|boost\n|-boost|p1a: Xurkitree|spa|1\n|\n|upkeep\n|c|\u2606Wibler.o.|I looseee\n|c|\u2606Wibler.o.|Noo\n|c|\u2606loch2009|most likley\n|\n|t:|1698543419\n|switch|p2a: Kyogre|Kyogre|100\/100\n|-activate|p2a: Kyogre|move: Sticky Web\n|-unboost|p2a: Kyogre|spe|1\n|detailschange|p2a: Kyogre|Kyogre-Primal\n|-primal|p2a: Kyogre|Blue Orb\n|-weather|PrimordialSea|[from] ability: Primordial Sea|[of] p2a: Kyogre\n|turn|8\n|c|\u2606loch2009|:i\n|c|\u2606loch2009|;I\n|\n|t:|1698543434\n|move|p1a: Xurkitree|Thunderbolt|p2a: Kyogre\n|-supereffective|p2a: Kyogre\n|-damage|p2a: Kyogre|0 fnt\n|faint|p2a: Kyogre\n|-weather|none\n|\n|upkeep\n|c|\u2606Wibler.o.|:(\n|c|\u2606loch2009|:(\n|c|\u2606Wibler.o.|Use hypnosis trust\n|inactive|Wibler.o. has 120 seconds left.\n|c|\u2606loch2009|no\n|\n|t:|1698543449\n|switch|p2a: Annihilape|Annihilape, M, shiny|100\/100\n|-activate|p2a: Annihilape|move: Sticky Web\n|-unboost|p2a: Annihilape|spe|1\n|-ability|p2a: Annihilape|Defiant|boost\n|-boost|p2a: Annihilape|atk|2\n|turn|9\n|c|\u2606Wibler.o.|Pls\n|c|\u2606loch2009|i trust\n|\n|t:|1698543464\n|move|p1a: Xurkitree|Hypnosis|p2a: Annihilape\n|-message|Sleep Clause Mod activated.\n|-hint|Sleep Clause Mod prevents players from putting more than one of their opponent's Pok\u00e9mon to sleep at a time\n|move|p2a: Annihilape|Drain Punch|p1a: Xurkitree\n|-damage|p1a: Xurkitree|0 fnt\n|faint|p1a: Xurkitree\n|\n|upkeep\n|c|\u2606loch2009|you happy\n|c|\u2606Wibler.o.|Im up\n|c|\u2606loch2009|i give free turn\n|\n|t:|1698543479\n|switch|p1a: Alakazam|Alakazam, M, shiny|100\/100\n|turn|10\n|c|\u2606Wibler.o.|So\n|\n|t:|1698543485\n|detailschange|p1a: Alakazam|Alakazam-Mega, M, shiny\n|-mega|p1a: Alakazam|Alakazam|Alakazite\n|-ability|p1a: Alakazam|Defiant|[from] ability: Trace|[of] p2a: Annihilape\n|-terastallize|p2a: Annihilape|Steel\n|move|p1a: Alakazam|Psyshock|p2a: Annihilape\n|-resisted|p2a: Annihilape\n|-damage|p2a: Annihilape|78\/100\n|move|p2a: Annihilape|Rage Fist|p1a: Alakazam\n|-supereffective|p1a: Alakazam\n|-crit|p1a: Alakazam\n|-damage|p1a: Alakazam|0 fnt\n|faint|p1a: Alakazam\n|\n|-heal|p2a: Annihilape|84\/100|[from] item: Leftovers\n|upkeep\n|\n|t:|1698543497\n|switch|p1a: Darmanitan|Darmanitan-Galar, M|100\/100\n|turn|11\n|\n|t:|1698543503\n|move|p1a: Darmanitan|Flare Blitz|p2a: Annihilape\n|-supereffective|p2a: Annihilape\n|-damage|p2a: Annihilape|0 fnt\n|faint|p2a: Annihilape\n|-damage|p1a: Darmanitan|68\/100|[from] Recoil\n|\n|upkeep\n|\n|t:|1698543505\n|switch|p2a: Dracovish|Dracovish, shiny|100\/100 slp\n|-activate|p2a: Dracovish|move: Sticky Web\n|-unboost|p2a: Dracovish|spe|1\n|turn|12\n|\n|t:|1698543512\n|switch|p1a: Genesect|Genesect, shiny|100\/100\n|-ability|p1a: Genesect|Download|boost\n|-boost|p1a: Genesect|spa|1\n|cant|p2a: Dracovish|slp\n|\n|upkeep\n|turn|13\n|\n|t:|1698543517\n|move|p1a: Genesect|Shift Gear|p1a: Genesect\n|-boost|p1a: Genesect|spe|2\n|-boost|p1a: Genesect|atk|1\n|-curestatus|p2a: Dracovish|slp|[msg]\n|move|p2a: Dracovish|Fishious Rend|p1a: Genesect\n|-damage|p1a: Genesect|40\/100\n|\n|upkeep\n|turn|14\n|\n|t:|1698543525\n|move|p1a: Genesect|X-Scissor|p2a: Dracovish\n|-damage|p2a: Dracovish|28\/100\n|move|p2a: Dracovish|Fishious Rend|p1a: Genesect\n|-damage|p1a: Genesect|0 fnt\n|faint|p1a: Genesect\n|\n|upkeep\n|\n|t:|1698543529\n|switch|p1a: Darmanitan|Darmanitan-Galar, M|68\/100\n|turn|15\n|c|\u2606loch2009|gg\n|\n|t:|1698543534\n|move|p1a: Darmanitan|Icicle Crash|p2a: Dracovish\n|-damage|p2a: Dracovish|0 fnt\n|faint|p2a: Dracovish\n|\n|win|loch2009\n|raw|loch2009's rating: 1299 &rarr; <strong>1330<\/strong><br \/>(+31 for winning)\n|raw|Wibler.o.'s rating: 1379 &rarr; <strong>1354<\/strong><br \/>(-25 for losing)\n|c|\u2606Wibler.o.|Ggs\n","uploadtime":1698543538,"views":11,"p1id":"loch2009","p2id":"wiblero","formatid":"gen9nationaldexubers","rating":1330,"private":0,"password":""}