{"id":"gen9nationaldexubers-1983894820","p1":"Ferrispoke","p2":"Enderian67","format":"[Gen 9] National Dex Ubers","log":"|j|\u2606Ferrispoke\n|j|\u2606Enderian67\n|t:|1699197192\n|gametype|singles\n|player|p1|Ferrispoke|266|1294\n|player|p2|Enderian67|steven|1203\n|teamsize|p1|6\n|teamsize|p2|6\n|gen|9\n|tier|[Gen 9] National Dex Ubers\n|rated|\n|rule|HP Percentage Mod: HP is shown in percentages\n|rule|Endless Battle Clause: Forcing endless battles is banned\n|rule|OHKO Clause: OHKO moves are banned\n|rule|Evasion Moves Clause: Evasion moves are banned\n|rule|Evasion Items Clause: Evasion items are banned\n|rule|Species Clause: Limit one of each Pok\u00e9mon\n|rule|Sleep Clause Mod: Limit one foe put to sleep\n|rule|Mega Rayquaza Clause: You cannot mega evolve Rayquaza\n|clearpoke\n|poke|p1|Darmanitan-Galar, F|\n|poke|p1|Flutter Mane|\n|poke|p1|Metagross|\n|poke|p1|Pheromosa|\n|poke|p1|Kingambit, M|\n|poke|p1|Rotom-Wash|\n|poke|p2|Sableye, M|\n|poke|p2|Lanturn, F|\n|poke|p2|Lurantis, F|\n|poke|p2|Gallade, M|\n|poke|p2|Salazzle, F|\n|poke|p2|Lucario, M|\n|teampreview\n|\n|t:|1699197200\n|start\n|switch|p1a: Pheromosa|Pheromosa, shiny|100\/100\n|switch|p2a: Frank|Sableye, M, shiny|100\/100\n|turn|1\n|\n|t:|1699197209\n|switch|p1a: Rotom|Rotom-Wash|100\/100\n|move|p2a: Frank|Thunder Wave|p1a: Rotom\n|-immune|p1a: Rotom\n|\n|upkeep\n|turn|2\n|\n|t:|1699197220\n|switch|p2a: Samuel No-Scope|Lanturn, F, shiny|100\/100\n|move|p1a: Rotom|Hydro Pump|p2a: Samuel No-Scope|[miss]\n|-miss|p1a: Rotom|p2a: Samuel No-Scope\n|\n|upkeep\n|turn|3\n|\n|t:|1699197230\n|move|p1a: Rotom|Will-O-Wisp|p2a: Samuel No-Scope\n|-status|p2a: Samuel No-Scope|brn\n|move|p2a: Samuel No-Scope|Discharge|p1a: Rotom\n|-damage|p1a: Rotom|75\/100\n|\n|-damage|p2a: Samuel No-Scope|94\/100 brn|[from] brn\n|upkeep\n|turn|4\n|\n|t:|1699197239\n|move|p1a: Rotom|Volt Switch|p2a: Samuel No-Scope\n|-damage|p2a: Samuel No-Scope|71\/100 brn\n|\n|t:|1699197244\n|switch|p1a: Metagross|Metagross, shiny|100\/100|[from] Volt Switch\n|move|p2a: Samuel No-Scope|Toxic|p1a: Metagross|[miss]\n|-miss|p2a: Samuel No-Scope|p1a: Metagross\n|\n|-heal|p2a: Samuel No-Scope|77\/100 brn|[from] item: Leftovers\n|-damage|p2a: Samuel No-Scope|71\/100 brn|[from] brn\n|upkeep\n|turn|5\n|\n|t:|1699197250\n|detailschange|p1a: Metagross|Metagross-Mega, shiny\n|-mega|p1a: Metagross|Metagross|Metagrossite\n|move|p1a: Metagross|Pursuit|p2a: Samuel No-Scope\n|-damage|p2a: Samuel No-Scope|56\/100 brn\n|move|p2a: Samuel No-Scope|Scald|p1a: Metagross\n|-damage|p1a: Metagross|82\/100\n|-status|p1a: Metagross|brn\n|\n|-heal|p2a: Samuel No-Scope|62\/100 brn|[from] item: Leftovers\n|-damage|p1a: Metagross|76\/100 brn|[from] brn\n|-damage|p2a: Samuel No-Scope|56\/100 brn|[from] brn\n|upkeep\n|turn|6\n|\n|t:|1699197262\n|move|p1a: Metagross|Zen Headbutt|p2a: Samuel No-Scope\n|-damage|p2a: Samuel No-Scope|33\/100 brn\n|move|p2a: Samuel No-Scope|Discharge|p1a: Metagross\n|-damage|p1a: Metagross|57\/100 brn\n|\n|-heal|p2a: Samuel No-Scope|39\/100 brn|[from] item: Leftovers\n|-damage|p1a: Metagross|51\/100 brn|[from] brn\n|-damage|p2a: Samuel No-Scope|33\/100 brn|[from] brn\n|upkeep\n|turn|7\n|\n|t:|1699197269\n|move|p1a: Metagross|Zen Headbutt|p2a: Samuel No-Scope\n|-damage|p2a: Samuel No-Scope|13\/100 brn\n|move|p2a: Samuel No-Scope|Discharge|p1a: Metagross\n|-damage|p1a: Metagross|34\/100 brn\n|\n|-heal|p2a: Samuel No-Scope|19\/100 brn|[from] item: Leftovers\n|-damage|p1a: Metagross|28\/100 brn|[from] brn\n|-damage|p2a: Samuel No-Scope|13\/100 brn|[from] brn\n|upkeep\n|turn|8\n|\n|t:|1699197274\n|move|p1a: Metagross|Bullet Punch|p2a: Samuel No-Scope\n|-resisted|p2a: Samuel No-Scope\n|-damage|p2a: Samuel No-Scope|10\/100 brn\n|move|p2a: Samuel No-Scope|Discharge|p1a: Metagross\n|-damage|p1a: Metagross|10\/100 brn\n|\n|-heal|p2a: Samuel No-Scope|17\/100 brn|[from] item: Leftovers\n|-damage|p1a: Metagross|4\/100 brn|[from] brn\n|-damage|p2a: Samuel No-Scope|10\/100 brn|[from] brn\n|upkeep\n|turn|9\n|\n|t:|1699197286\n|move|p1a: Metagross|Explosion|p2a: Samuel No-Scope\n|-damage|p2a: Samuel No-Scope|0 fnt\n|faint|p1a: Metagross\n|faint|p2a: Samuel No-Scope\n|\n|upkeep\n|\n|t:|1699197303\n|switch|p1a: Flutter Mane|Flutter Mane|100\/100\n|switch|p2a: Shady|Salazzle, F, shiny|100\/100\n|-item|p2a: Shady|Air Balloon\n|-enditem|p1a: Flutter Mane|Booster Energy\n|-activate|p1a: Flutter Mane|ability: Protosynthesis|[fromitem]\n|-start|p1a: Flutter Mane|protosynthesisspe\n|turn|10\n|\n|t:|1699197324\n|-terastallize|p1a: Flutter Mane|Ghost\n|move|p1a: Flutter Mane|Shadow Ball|p2a: Shady\n|-damage|p2a: Shady|3\/100\n|-enditem|p2a: Shady|Air Balloon\n|move|p2a: Shady|Sludge Bomb|p1a: Flutter Mane\n|-resisted|p1a: Flutter Mane\n|-damage|p1a: Flutter Mane|79\/100\n|-status|p1a: Flutter Mane|psn\n|\n|-damage|p1a: Flutter Mane|67\/100 psn|[from] psn\n|upkeep\n|turn|11\n|\n|t:|1699197332\n|move|p1a: Flutter Mane|Shadow Ball|p2a: Shady\n|-damage|p2a: Shady|0 fnt\n|faint|p2a: Shady\n|\n|-damage|p1a: Flutter Mane|54\/100 psn|[from] psn\n|upkeep\n|\n|t:|1699197343\n|switch|p2a: George|Lurantis, F, shiny|100\/100\n|turn|12\n|\n|t:|1699197362\n|-terastallize|p2a: George|Fighting\n|move|p1a: Flutter Mane|Mystical Fire|p2a: George\n|-crit|p2a: George\n|-damage|p2a: George|58\/100\n|-boost|p2a: George|spa|1\n|move|p2a: George|Leaf Blade|p1a: Flutter Mane\n|-crit|p1a: Flutter Mane\n|-damage|p1a: Flutter Mane|0 fnt\n|faint|p1a: Flutter Mane\n|-end|p1a: Flutter Mane|Protosynthesis|[silent]\n|\n|upkeep\n|\n|t:|1699197384\n|switch|p1a: Pheromosa|Pheromosa, shiny|100\/100\n|turn|13\n|\n|t:|1699197390\n|switch|p2a: Frank|Sableye, M, shiny|100\/100\n|move|p1a: Pheromosa|U-turn|p2a: Frank\n|-damage|p2a: Frank|37\/100\n|\n|t:|1699197396\n|switch|p1a: Rotom|Rotom-Wash|75\/100|[from] U-turn\n|\n|upkeep\n|turn|14\n|\n|t:|1699197406\n|move|p1a: Rotom|Hydro Pump|p2a: Frank\n|-activate|p2a: Frank|item: Focus Band\n|-damage|p2a: Frank|1\/100\n|move|p2a: Frank|Poltergeist|p1a: Rotom|[miss]\n|-miss|p2a: Frank|p1a: Rotom\n|\n|upkeep\n|turn|15\n|\n|t:|1699197412\n|move|p2a: Frank|Will-O-Wisp|p1a: Rotom\n|-status|p1a: Rotom|brn\n|move|p1a: Rotom|Volt Switch|p2a: Frank\n|-activate|p2a: Frank|item: Focus Band\n|-damage|p2a: Frank|1\/100\n|\n|t:|1699197431\n|switch|p1a: Pheromosa|Pheromosa, shiny|100\/100|[from] Volt Switch\n|\n|upkeep\n|turn|16\n|\n|t:|1699197441\n|switch|p1a: Rotom|Rotom-Wash|75\/100 brn\n|move|p2a: Frank|Will-O-Wisp|p1a: Rotom\n|-fail|p1a: Rotom|brn\n|\n|-damage|p1a: Rotom|69\/100 brn|[from] brn\n|upkeep\n|turn|17\n|\n|t:|1699197448\n|move|p1a: Rotom|Volt Switch|p2a: Frank\n|-crit|p2a: Frank\n|-damage|p2a: Frank|0 fnt\n|faint|p2a: Frank\n|\n|t:|1699197456\n|switch|p1a: Pheromosa|Pheromosa, shiny|100\/100|[from] Volt Switch\n|\n|upkeep\n|\n|t:|1699197461\n|switch|p2a: Dylan|Lucario, M, shiny|100\/100\n|turn|18\n|\n|t:|1699197468\n|switch|p1a: Rotom|Rotom-Wash|69\/100 brn\n|detailschange|p2a: Dylan|Lucario-Mega, M, shiny\n|-mega|p2a: Dylan|Lucario|Lucarionite\n|move|p2a: Dylan|Extreme Speed|p1a: Rotom\n|-damage|p1a: Rotom|45\/100 brn\n|-damage|p2a: Dylan|84\/100|[from] item: Rocky Helmet|[of] p1a: Rotom\n|\n|-damage|p1a: Rotom|39\/100 brn|[from] brn\n|upkeep\n|turn|19\n|\n|t:|1699197478\n|switch|p2a: Lukkerz|Gallade, M, shiny|100\/100\n|move|p1a: Rotom|Will-O-Wisp|p2a: Lukkerz\n|-status|p2a: Lukkerz|brn\n|\n|-damage|p2a: Lukkerz|94\/100 brn|[from] brn\n|-damage|p1a: Rotom|33\/100 brn|[from] brn\n|upkeep\n|turn|20\n|\n|t:|1699197495\n|move|p2a: Lukkerz|Sacred Sword|p1a: Rotom\n|-damage|p1a: Rotom|4\/100 brn\n|-damage|p2a: Lukkerz|78\/100 brn|[from] item: Rocky Helmet|[of] p1a: Rotom\n|move|p1a: Rotom|Hydro Pump|p2a: Lukkerz\n|-damage|p2a: Lukkerz|36\/100 brn\n|\n|-damage|p2a: Lukkerz|29\/100 brn|[from] brn\n|-damage|p1a: Rotom|0 fnt|[from] brn\n|faint|p1a: Rotom\n|upkeep\n|\n|t:|1699197508\n|switch|p1a: Pheromosa|Pheromosa, shiny|100\/100\n|turn|21\n|\n|t:|1699197516\n|move|p1a: Pheromosa|U-turn|p2a: Lukkerz\n|-damage|p2a: Lukkerz|0 fnt\n|faint|p2a: Lukkerz\n|-ability|p1a: Pheromosa|Beast Boost|boost\n|-boost|p1a: Pheromosa|atk|1\n|\n|t:|1699197525\n|switch|p1a: Darmanitan|Darmanitan-Galar, F|100\/100|[from] U-turn\n|\n|upkeep\n|\n|t:|1699197530\n|switch|p2a: Dylan|Lucario-Mega, M, shiny|84\/100\n|turn|22\n|\n|t:|1699197538\n|move|p1a: Darmanitan|Flare Blitz|p2a: Dylan\n|-supereffective|p2a: Dylan\n|-damage|p2a: Dylan|0 fnt\n|faint|p2a: Dylan\n|-damage|p1a: Darmanitan|78\/100|[from] Recoil\n|\n|upkeep\n|\n|t:|1699197541\n|switch|p2a: George|Lurantis, F, shiny, tera:Fighting|58\/100\n|turn|23\n|\n|t:|1699197546\n|move|p1a: Darmanitan|Flare Blitz|p2a: George\n|-damage|p2a: George|0 fnt\n|faint|p2a: George\n|-damage|p1a: Darmanitan|60\/100|[from] Recoil\n|\n|win|Ferrispoke\n|raw|Ferrispoke's rating: 1294 &rarr; <strong>1313<\/strong><br \/>(+19 for winning)\n|raw|Enderian67's rating: 1203 &rarr; <strong>1184<\/strong><br \/>(-19 for losing)\n|l|\u2606Enderian67\n","uploadtime":1699197553,"views":5,"p1id":"ferrispoke","p2id":"enderian67","formatid":"gen9nationaldexubers","rating":1184,"private":0,"password":""}