{"id":"gen9nationaldexubers-1990612161","p1":"Zake202012","p2":"HeatInferno","format":"[Gen 9] National Dex Ubers","log":"|j|\u2606Zake202012\n|j|\u2606HeatInferno\n|t:|1699985667\n|gametype|singles\n|player|p1|Zake202012|n|1405\n|player|p2|HeatInferno|steven|1426\n|teamsize|p1|6\n|teamsize|p2|6\n|gen|9\n|tier|[Gen 9] National Dex Ubers\n|rated|\n|rule|HP Percentage Mod: HP is shown in percentages\n|rule|Endless Battle Clause: Forcing endless battles is banned\n|rule|OHKO Clause: OHKO moves are banned\n|rule|Evasion Moves Clause: Evasion moves are banned\n|rule|Evasion Items Clause: Evasion items are banned\n|rule|Species Clause: Limit one of each Pok\u00e9mon\n|rule|Sleep Clause Mod: Limit one foe put to sleep\n|rule|Mega Rayquaza Clause: You cannot mega evolve Rayquaza\n|clearpoke\n|poke|p1|Salamence, F|\n|poke|p1|Scyther, M|\n|poke|p1|Kingambit, F|\n|poke|p1|Serperior, M|\n|poke|p1|Zangoose, F|\n|poke|p1|Arcanine-Hisui, M|\n|poke|p2|Sableye, F|\n|poke|p2|Toxapex, F|\n|poke|p2|Blissey, F|\n|poke|p2|Ting-Lu|\n|poke|p2|Ditto|\n|poke|p2|Ferrothorn, M|\n|teampreview\n|inactive|Battle timer is ON: inactive players will automatically lose when time's up. (requested by Zake202012)\n|\n|t:|1699985698\n|start\n|switch|p1a: Serperior|Serperior, M|100\/100\n|switch|p2a: Ditto|Ditto, shiny|100\/100\n|-transform|p2a: Ditto|p1a: Serperior|[from] ability: Imposter\n|turn|1\n|\n|t:|1699985715\n|switch|p1a: Salamence|Salamence, F|100\/100\n|-ability|p1a: Salamence|Intimidate|boost\n|-boost|p2a: Ditto|atk|1\n|move|p2a: Ditto|Glare|p1a: Salamence\n|-status|p1a: Salamence|par\n|\n|upkeep\n|turn|2\n|\n|t:|1699985724\n|switch|p2a: Ferrothorn|Ferrothorn, M, shiny|100\/100\n|detailschange|p1a: Salamence|Salamence-Mega, F\n|-mega|p1a: Salamence|Salamence|Salamencite\n|move|p1a: Salamence|Return|p2a: Ferrothorn\n|-damage|p2a: Ferrothorn|53\/100\n|-damage|p1a: Salamence|88\/100 par|[from] ability: Iron Barbs|[of] p2a: Ferrothorn\n|-damage|p1a: Salamence|71\/100 par|[from] item: Rocky Helmet|[of] p2a: Ferrothorn\n|\n|upkeep\n|turn|3\n|\n|t:|1699985727\n|cant|p1a: Salamence|par\n|move|p2a: Ferrothorn|Leech Seed|p1a: Salamence\n|-start|p1a: Salamence|move: Leech Seed\n|\n|-damage|p1a: Salamence|59\/100 par|[from] Leech Seed|[of] p2a: Ferrothorn\n|-heal|p2a: Ferrothorn|65\/100|[silent]\n|upkeep\n|turn|4\n|\n|t:|1699985734\n|cant|p1a: Salamence|par\n|move|p2a: Ferrothorn|Gyro Ball|p1a: Salamence\n|-damage|p1a: Salamence|36\/100 par\n|\n|-damage|p1a: Salamence|24\/100 par|[from] Leech Seed|[of] p2a: Ferrothorn\n|-heal|p2a: Ferrothorn|77\/100|[silent]\n|upkeep\n|turn|5\n|\n|t:|1699985751\n|switch|p2a: Ting-Lu|Ting-Lu|100\/100\n|-ability|p2a: Ting-Lu|Vessel of Ruin\n|move|p1a: Salamence|Fire Fang|p2a: Ting-Lu\n|-damage|p2a: Ting-Lu|85\/100\n|\n|-heal|p2a: Ting-Lu|92\/100|[from] item: Leftovers\n|-damage|p1a: Salamence|11\/100 par|[from] Leech Seed|[of] p2a: Ting-Lu\n|-heal|p2a: Ting-Lu|99\/100|[silent]\n|upkeep\n|turn|6\n|\n|t:|1699985761\n|switch|p1a: Zangoose|Zangoose, F|100\/100\n|move|p2a: Ting-Lu|Stealth Rock|p1a: Zangoose\n|-sidestart|p1: Zake202012|move: Stealth Rock\n|\n|-heal|p2a: Ting-Lu|100\/100|[from] item: Leftovers\n|-status|p1a: Zangoose|tox|[from] item: Toxic Orb\n|upkeep\n|turn|7\n|\n|t:|1699985770\n|switch|p2a: Ditto|Ditto, shiny|100\/100\n|-transform|p2a: Ditto|p1a: Zangoose|[from] ability: Imposter\n|move|p1a: Zangoose|Belly Drum|p1a: Zangoose\n|-damage|p1a: Zangoose|51\/100 tox\n|-setboost|p1a: Zangoose|atk|6|[from] move: Belly Drum\n|\n|-damage|p1a: Zangoose|45\/100 tox|[from] psn\n|upkeep\n|turn|8\n|\n|t:|1699985788\n|-terastallize|p1a: Zangoose|Ghost\n|move|p2a: Ditto|Quick Attack|p1a: Zangoose\n|-immune|p1a: Zangoose\n|move|p1a: Zangoose|Quick Attack|p2a: Ditto\n|-damage|p2a: Ditto|0 fnt\n|faint|p2a: Ditto\n|\n|-damage|p1a: Zangoose|33\/100 tox|[from] psn\n|upkeep\n|\n|t:|1699985797\n|switch|p2a: Sableye|Sableye, F, shiny|100\/100\n|turn|9\n|\n|t:|1699985804\n|detailschange|p2a: Sableye|Sableye-Mega, F, shiny\n|-mega|p2a: Sableye|Sableye|Sablenite\n|move|p1a: Zangoose|Knock Off|p2a: Sableye\n|-damage|p2a: Sableye|0 fnt\n|faint|p2a: Sableye\n|\n|-damage|p1a: Zangoose|15\/100 tox|[from] psn\n|upkeep\n|\n|t:|1699985811\n|switch|p2a: Ferrothorn|Ferrothorn, M, shiny|77\/100\n|turn|10\n|\n|t:|1699985818\n|move|p1a: Zangoose|Knock Off|p2a: Ferrothorn\n|-crit|p2a: Ferrothorn\n|-damage|p2a: Ferrothorn|0 fnt\n|-damage|p1a: Zangoose|3\/100 tox|[from] ability: Iron Barbs|[of] p2a: Ferrothorn\n|-damage|p1a: Zangoose|0 fnt|[from] item: Rocky Helmet|[of] p2a: Ferrothorn\n|faint|p2a: Ferrothorn\n|faint|p1a: Zangoose\n|\n|upkeep\n|l|\u2606HeatInferno\n|inactive|HeatInferno disconnected and has a minute to reconnect!\n|player|p2|\n|inactive|HeatInferno has 30 seconds to reconnect!\n|inactive|HeatInferno has 20 seconds to reconnect!\n|inactive|HeatInferno has 15 seconds to reconnect!\n|inactive|HeatInferno has 10 seconds to reconnect!\n|inactive|HeatInferno has 5 seconds to reconnect!\n|-message|HeatInferno lost due to inactivity.\n|\n|win|Zake202012\n|raw|Zake202012's rating: 1405 &rarr; <strong>1426<\/strong><br \/>(+21 for winning)\n|raw|HeatInferno's rating: 1426 &rarr; <strong>1405<\/strong><br \/>(-21 for losing)\n","uploadtime":1699985890,"views":7,"p1id":"zake202012","p2id":"heatinferno","formatid":"gen9nationaldexubers","rating":1405,"private":0,"password":""}