{"id":"gen9nationaldexubers-1986082952","p1":"anil kottu god","p2":"Ducman501","format":"[Gen 9] National Dex Ubers","log":"|j|\u2606anil kottu god\n|j|\u2606Ducman501\n|t:|1699448137\n|gametype|singles\n|player|p1|anil kottu god|red|1048\n|player|p2|Ducman501|kieran|1000\n|teamsize|p1|6\n|teamsize|p2|6\n|gen|9\n|tier|[Gen 9] National Dex Ubers\n|rated|\n|rule|HP Percentage Mod: HP is shown in percentages\n|rule|Endless Battle Clause: Forcing endless battles is banned\n|rule|OHKO Clause: OHKO moves are banned\n|rule|Evasion Moves Clause: Evasion moves are banned\n|rule|Evasion Items Clause: Evasion items are banned\n|rule|Species Clause: Limit one of each Pok\u00e9mon\n|rule|Sleep Clause Mod: Limit one foe put to sleep\n|rule|Mega Rayquaza Clause: You cannot mega evolve Rayquaza\n|clearpoke\n|poke|p1|Garchomp, M|\n|poke|p1|Blaziken, F|\n|poke|p1|Clefable, M|\n|poke|p1|Noivern, F|\n|poke|p1|Blastoise, M|\n|poke|p1|Ferrothorn, M|\n|poke|p2|Deoxys-Speed|\n|poke|p2|Genesect-Douse|\n|poke|p2|Kartana|\n|poke|p2|Necrozma-Dusk-Mane|\n|poke|p2|Blaziken, M|\n|poke|p2|Ogerpon, F|\n|teampreview\n|inactive|Battle timer is ON: inactive players will automatically lose when time's up. (requested by Ducman501)\n|inactive|anil kottu god has 120 seconds left.\n|inactive|anil kottu god has 90 seconds left.\n|\n|t:|1699448229\n|start\n|switch|p1a: Ferrothorn|Ferrothorn, M|100\/100\n|switch|p2a: Phil|Deoxys-Speed, shiny|100\/100\n|-ability|p2a: Phil|Pressure\n|-ability|p1a: Ferrothorn|Anticipation\n|turn|1\n|\n|t:|1699448254\n|-terastallize|p1a: Ferrothorn|Grass\n|move|p2a: Phil|Stealth Rock|p1a: Ferrothorn\n|-sidestart|p1: anil kottu god|move: Stealth Rock\n|move|p1a: Ferrothorn|Leech Seed|p2a: Phil\n|-start|p2a: Phil|move: Leech Seed\n|\n|-damage|p2a: Phil|88\/100|[from] Leech Seed|[of] p1a: Ferrothorn\n|upkeep\n|turn|2\n|\n|t:|1699448260\n|move|p2a: Phil|Spikes|p1a: Ferrothorn\n|-sidestart|p1: anil kottu god|Spikes\n|move|p1a: Ferrothorn|Toxic|p2a: Phil\n|-status|p2a: Phil|tox\n|\n|-damage|p2a: Phil|76\/100 tox|[from] Leech Seed|[of] p1a: Ferrothorn\n|-damage|p2a: Phil|69\/100 tox|[from] psn\n|upkeep\n|turn|3\n|\n|t:|1699448265\n|move|p1a: Ferrothorn|Protect|p1a: Ferrothorn\n|-singleturn|p1a: Ferrothorn|Protect\n|move|p2a: Phil|Spikes|p1a: Ferrothorn\n|-sidestart|p1: anil kottu god|Spikes\n|\n|-damage|p2a: Phil|57\/100 tox|[from] Leech Seed|[of] p1a: Ferrothorn\n|-damage|p2a: Phil|44\/100 tox|[from] psn\n|upkeep\n|turn|4\n|\n|t:|1699448270\n|move|p2a: Phil|Spikes|p1a: Ferrothorn\n|-sidestart|p1: anil kottu god|Spikes\n|move|p1a: Ferrothorn|Giga Drain|p2a: Phil\n|-damage|p2a: Phil|9\/100 tox\n|\n|-damage|p2a: Phil|0 fnt|[from] Leech Seed|[of] p1a: Ferrothorn\n|faint|p2a: Phil\n|upkeep\n|\n|t:|1699448278\n|switch|p2a: SANIC|Blaziken, M, shiny|100\/100\n|turn|5\n|\n|t:|1699448284\n|detailschange|p2a: SANIC|Blaziken-Mega, M, shiny\n|-mega|p2a: SANIC|Blaziken|Blazikenite\n|move|p2a: SANIC|Bulk Up|p2a: SANIC\n|-boost|p2a: SANIC|atk|1\n|-boost|p2a: SANIC|def|1\n|move|p1a: Ferrothorn|Toxic|p2a: SANIC\n|-status|p2a: SANIC|tox\n|\n|-damage|p2a: SANIC|95\/100 tox|[from] psn\n|-ability|p2a: SANIC|Speed Boost|boost\n|-boost|p2a: SANIC|spe|1\n|upkeep\n|turn|6\n|\n|t:|1699448292\n|move|p1a: Ferrothorn|Protect|p1a: Ferrothorn\n|-singleturn|p1a: Ferrothorn|Protect\n|move|p2a: SANIC|Fire Punch|p1a: Ferrothorn\n|-activate|p1a: Ferrothorn|move: Protect\n|\n|-damage|p2a: SANIC|83\/100 tox|[from] psn\n|-ability|p2a: SANIC|Speed Boost|boost\n|-boost|p2a: SANIC|spe|1\n|upkeep\n|turn|7\n|\n|t:|1699448300\n|switch|p1a: Blastoise|Blastoise, M|100\/100\n|-damage|p1a: Blastoise|88\/100|[from] Stealth Rock\n|-damage|p1a: Blastoise|63\/100|[from] Spikes\n|move|p2a: SANIC|Fire Punch|p1a: Blastoise\n|-resisted|p1a: Blastoise\n|-damage|p1a: Blastoise|12\/100\n|\n|-damage|p2a: SANIC|65\/100 tox|[from] psn\n|-ability|p2a: SANIC|Speed Boost|boost\n|-boost|p2a: SANIC|spe|1\n|upkeep\n|turn|8\n|\n|t:|1699448305\n|detailschange|p1a: Blastoise|Blastoise-Mega, M\n|-mega|p1a: Blastoise|Blastoise|Blastoisinite\n|move|p2a: SANIC|Close Combat|p1a: Blastoise\n|-damage|p1a: Blastoise|0 fnt\n|-unboost|p2a: SANIC|def|1\n|-unboost|p2a: SANIC|spd|1\n|faint|p1a: Blastoise\n|\n|-damage|p2a: SANIC|41\/100 tox|[from] psn\n|-ability|p2a: SANIC|Speed Boost|boost\n|-boost|p2a: SANIC|spe|1\n|upkeep\n|\n|t:|1699448310\n|switch|p1a: Garchomp|Garchomp, M|100\/100\n|-damage|p1a: Garchomp|94\/100|[from] Stealth Rock\n|-damage|p1a: Garchomp|69\/100|[from] Spikes\n|turn|9\n|\n|t:|1699448313\n|move|p2a: SANIC|Close Combat|p1a: Garchomp\n|-damage|p1a: Garchomp|0 fnt\n|-unboost|p2a: SANIC|def|1\n|-unboost|p2a: SANIC|spd|1\n|-damage|p2a: SANIC|28\/100 tox|[from] ability: Rough Skin|[of] p1a: Garchomp\n|faint|p1a: Garchomp\n|\n|-damage|p2a: SANIC|0 fnt|[from] psn\n|faint|p2a: SANIC\n|upkeep\n|\n|t:|1699448321\n|switch|p1a: Noivern|Noivern, F|100\/100\n|switch|p2a: Sayaka Miki|Kartana, shiny|100\/100\n|-damage|p1a: Noivern|76\/100|[from] Stealth Rock\n|turn|10\n|\n|t:|1699448332\n|move|p1a: Noivern|Toxic|p2a: Sayaka Miki\n|-immune|p2a: Sayaka Miki\n|move|p2a: Sayaka Miki|Smart Strike|p1a: Noivern\n|-damage|p1a: Noivern|13\/100\n|-enditem|p1a: Noivern|Figy Berry|[eat]\n|-heal|p1a: Noivern|46\/100|[from] item: Figy Berry\n|-start|p1a: Noivern|confusion\n|\n|upkeep\n|turn|11\n|\n|t:|1699448339\n|-activate|p1a: Noivern|confusion\n|-damage|p1a: Noivern|39\/100|[from] confusion\n|move|p2a: Sayaka Miki|Swords Dance|p2a: Sayaka Miki\n|-boost|p2a: Sayaka Miki|atk|2\n|\n|upkeep\n|turn|12\n|\n|t:|1699448347\n|-activate|p1a: Noivern|confusion\n|-damage|p1a: Noivern|32\/100|[from] confusion\n|move|p2a: Sayaka Miki|Smart Strike|p1a: Noivern\n|-damage|p1a: Noivern|0 fnt\n|faint|p1a: Noivern\n|-ability|p2a: Sayaka Miki|Beast Boost|boost\n|-boost|p2a: Sayaka Miki|atk|1\n|\n|upkeep\n|\n|t:|1699448351\n|switch|p1a: Blaziken|Blaziken, F|100\/100\n|-damage|p1a: Blaziken|88\/100|[from] Stealth Rock\n|-damage|p1a: Blaziken|63\/100|[from] Spikes\n|turn|13\n|\n|t:|1699448356\n|move|p2a: Sayaka Miki|Sacred Sword|p1a: Blaziken\n|-damage|p1a: Blaziken|0 fnt\n|faint|p1a: Blaziken\n|-ability|p2a: Sayaka Miki|Beast Boost|boost\n|-boost|p2a: Sayaka Miki|atk|1\n|\n|upkeep\n|\n|t:|1699448362\n|switch|p1a: Ferrothorn|Ferrothorn, M, tera:Grass|100\/100\n|-damage|p1a: Ferrothorn|88\/100|[from] Stealth Rock\n|-damage|p1a: Ferrothorn|63\/100|[from] Spikes\n|turn|14\n|\n|t:|1699448367\n|move|p2a: Sayaka Miki|Smart Strike|p1a: Ferrothorn\n|-crit|p1a: Ferrothorn\n|-damage|p1a: Ferrothorn|0 fnt\n|faint|p1a: Ferrothorn\n|-ability|p2a: Sayaka Miki|Beast Boost|boost\n|-boost|p2a: Sayaka Miki|atk|1\n|\n|upkeep\n|\n|t:|1699448371\n|switch|p1a: Clefable|Clefable, M, shiny|100\/100\n|-damage|p1a: Clefable|88\/100|[from] Stealth Rock\n|-damage|p1a: Clefable|63\/100|[from] Spikes\n|turn|15\n|\n|t:|1699448374\n|move|p2a: Sayaka Miki|Smart Strike|p1a: Clefable\n|-supereffective|p1a: Clefable\n|-damage|p1a: Clefable|0 fnt\n|faint|p1a: Clefable\n|\n|win|Ducman501\n|raw|anil kottu god's rating: 1048 &rarr; <strong>1028<\/strong><br \/>(-20 for losing)\n|raw|Ducman501's rating: 1000 &rarr; <strong>1045<\/strong><br \/>(+45 for winning)\n|l|\u2606anil kottu god\n|c|\u2606Ducman501|gg\n","uploadtime":1699448381,"views":28,"p1id":"anilkottugod","p2id":"ducman501","formatid":"gen9nationaldexubers","rating":1028,"private":0,"password":""}