{"id":"gen9nationaldexubers-1999166402","p1":"galaxystudios370","p2":"NoahTheGreat6","format":"[Gen 9] National Dex Ubers","log":"|j|\u2606galaxystudios370\n|j|\u2606NoahTheGreat6\n|inactive|Battle timer is ON: inactive players will automatically lose when time's up.\n|t:|1701040514\n|gametype|singles\n|player|p1|galaxystudios370|hilbert|\n|player|p2|NoahTheGreat6|giovanni|\n|teamsize|p1|6\n|teamsize|p2|6\n|gen|9\n|tier|[Gen 9] National Dex Ubers\n|rated|Tournament battle\n|rule|HP Percentage Mod: HP is shown in percentages\n|rule|Endless Battle Clause: Forcing endless battles is banned\n|rule|OHKO Clause: OHKO moves are banned\n|rule|Evasion Moves Clause: Evasion moves are banned\n|rule|Evasion Items Clause: Evasion items are banned\n|rule|Species Clause: Limit one of each Pok\u00e9mon\n|rule|Sleep Clause Mod: Limit one foe put to sleep\n|rule|Mega Rayquaza Clause: You cannot mega evolve Rayquaza\n|rule|Dynamax Clause: You cannot dynamax\n|rule|Terastal Clause: You cannot Terastallize\n|rule|Same Type Clause: Pok\u00e9mon in a team must share a type\n|clearpoke\n|poke|p1|Hatterene, F|\n|poke|p1|Calyrex-Ice|\n|poke|p1|Necrozma-Dusk-Mane|\n|poke|p1|Lunala|\n|poke|p1|Mewtwo|\n|poke|p1|Tapu Lele|\n|poke|p2|Arceus-Dark|\n|poke|p2|Meowscarada, F|\n|poke|p2|Ting-Lu|\n|poke|p2|Kingambit, M|\n|poke|p2|Yveltal|\n|poke|p2|Chien-Pao|\n|teampreview\n|j| TheBishopsLeap\n|\n|t:|1701040527\n|start\n|switch|p1a: Monsoon|Tapu Lele|100\/100\n|switch|p2a: Kingambit|Kingambit, M|100\/100\n|-fieldstart|move: Psychic Terrain|[from] ability: Psychic Surge|[of] p1a: Monsoon\n|turn|1\n|\n|t:|1701040536\n|move|p1a: Monsoon|Focus Blast|p2a: Kingambit\n|-supereffective|p2a: Kingambit\n|-damage|p2a: Kingambit|0 fnt\n|faint|p2a: Kingambit\n|-end|p2a: Kingambit|fallenundefined|[silent]\n|\n|upkeep\n|\n|t:|1701040542\n|switch|p2a: Arceus|Arceus-Dark|100\/100\n|turn|2\n|\n|t:|1701040548\n|switch|p1a: Sundowner|Lunala|100\/100\n|move|p2a: Arceus|Calm Mind|p2a: Arceus\n|-boost|p2a: Arceus|spa|1\n|-boost|p2a: Arceus|spd|1\n|\n|upkeep\n|turn|3\n|\n|t:|1701040554\n|move|p2a: Arceus|Judgment|p1a: Sundowner\n|-supereffective|p1a: Sundowner\n|-damage|p1a: Sundowner|0 fnt\n|faint|p1a: Sundowner\n|\n|upkeep\n|\n|t:|1701040557\n|switch|p1a: Armstrong|Mewtwo|100\/100\n|-ability|p1a: Armstrong|Pressure\n|turn|4\n|\n|t:|1701040561\n|detailschange|p1a: Armstrong|Mewtwo-Mega-Y\n|-mega|p1a: Armstrong|Mewtwo|Mewtwonite Y\n|move|p1a: Armstrong|Focus Blast|p2a: Arceus\n|-supereffective|p2a: Arceus\n|-damage|p2a: Arceus|50\/100\n|move|p2a: Arceus|Judgment|p1a: Armstrong\n|-supereffective|p1a: Armstrong\n|-damage|p1a: Armstrong|0 fnt\n|faint|p1a: Armstrong\n|\n|upkeep\n|\n|t:|1701040565\n|switch|p1a: Mistral|Hatterene, F|100\/100\n|turn|5\n|\n|t:|1701040569\n|move|p2a: Arceus|Sludge Bomb|p1a: Mistral\n|-supereffective|p1a: Mistral\n|-damage|p1a: Mistral|7\/100\n|-status|p1a: Mistral|psn\n|move|p1a: Mistral|Trick Room|p1a: Mistral\n|-fieldstart|move: Trick Room|[of] p1a: Mistral\n|\n|-damage|p1a: Mistral|0 fnt|[from] psn\n|faint|p1a: Mistral\n|-fieldend|move: Psychic Terrain\n|upkeep\n|\n|t:|1701040574\n|switch|p1a: Jetstream Sam|Calyrex-Ice|100\/100\n|-ability|p1a: Jetstream Sam|As One\n|-ability|p1a: Jetstream Sam|Unnerve\n|turn|6\n|\n|t:|1701040577\n|move|p1a: Jetstream Sam|Close Combat|p2a: Arceus\n|-supereffective|p2a: Arceus\n|-damage|p2a: Arceus|0 fnt\n|-unboost|p1a: Jetstream Sam|def|1\n|-unboost|p1a: Jetstream Sam|spd|1\n|faint|p2a: Arceus\n|-ability|p1a: Jetstream Sam|Chilling Neigh|boost\n|-boost|p1a: Jetstream Sam|atk|1\n|\n|upkeep\n|\n|t:|1701040584\n|switch|p2a: Ting-Lu|Ting-Lu|100\/100\n|-ability|p2a: Ting-Lu|Vessel of Ruin\n|turn|7\n|\n|t:|1701040587\n|move|p1a: Jetstream Sam|Glacial Lance|p2a: Ting-Lu\n|-supereffective|p2a: Ting-Lu\n|-damage|p2a: Ting-Lu|0 fnt\n|faint|p2a: Ting-Lu\n|-ability|p1a: Jetstream Sam|Chilling Neigh|boost\n|-boost|p1a: Jetstream Sam|atk|1\n|\n|upkeep\n|\n|t:|1701040593\n|switch|p2a: Chien-Pao|Chien-Pao|100\/100\n|-ability|p2a: Chien-Pao|Sword of Ruin\n|turn|8\n|j|%Toy Time King\n|\n|t:|1701040603\n|switch|p2a: Yveltal|Yveltal|100\/100\n|-ability|p2a: Yveltal|Dark Aura\n|move|p1a: Jetstream Sam|Close Combat|p2a: Yveltal\n|-damage|p2a: Yveltal|0 fnt\n|-unboost|p1a: Jetstream Sam|def|1\n|-unboost|p1a: Jetstream Sam|spd|1\n|faint|p2a: Yveltal\n|-ability|p1a: Jetstream Sam|Chilling Neigh|boost\n|-boost|p1a: Jetstream Sam|atk|1\n|\n|upkeep\n|\n|t:|1701040607\n|switch|p2a: Meowscarada|Meowscarada, F|100\/100\n|turn|9\n|\n|t:|1701040613\n|switch|p1a: Monsoon|Tapu Lele|100\/100\n|-fieldstart|move: Psychic Terrain|[from] ability: Psychic Surge|[of] p1a: Monsoon\n|move|p2a: Meowscarada|Knock Off|p1a: Monsoon\n|-start|p2a: Meowscarada|typechange|Dark|[from] ability: Protean\n|-damage|p1a: Monsoon|30\/100\n|-enditem|p1a: Monsoon|Eject Button|[from] move: Knock Off|[of] p2a: Meowscarada\n|\n|-fieldend|move: Trick Room\n|upkeep\n|turn|10\n|\n|t:|1701040616\n|switch|p1a: Blade Wolf|Necrozma-Dusk-Mane|100\/100\n|move|p2a: Meowscarada|Knock Off|p1a: Blade Wolf\n|-supereffective|p1a: Blade Wolf\n|-damage|p1a: Blade Wolf|49\/100\n|-enditem|p1a: Blade Wolf|Weakness Policy\n|-boost|p1a: Blade Wolf|atk|2|[from] item: Weakness Policy\n|-boost|p1a: Blade Wolf|spa|2|[from] item: Weakness Policy\n|\n|upkeep\n|turn|11\n|\n|t:|1701040626\n|move|p2a: Meowscarada|Knock Off|p1a: Blade Wolf\n|-supereffective|p1a: Blade Wolf\n|-damage|p1a: Blade Wolf|14\/100\n|move|p1a: Blade Wolf|Trick Room|p1a: Blade Wolf\n|-fieldstart|move: Trick Room|[of] p1a: Blade Wolf\n|\n|upkeep\n|turn|12\n|\n|t:|1701040630\n|move|p1a: Blade Wolf|Sunsteel Strike|p2a: Meowscarada\n|-damage|p2a: Meowscarada|0 fnt\n|faint|p2a: Meowscarada\n|\n|upkeep\n|\n|t:|1701040633\n|switch|p2a: Chien-Pao|Chien-Pao|100\/100\n|-ability|p2a: Chien-Pao|Sword of Ruin\n|turn|13\n|c|\u2606galaxystudios370|ok that blade wolf switch was not meant to happen :)\n|\n|t:|1701040653\n|move|p1a: Blade Wolf|Sunsteel Strike|p2a: Chien-Pao\n|-supereffective|p2a: Chien-Pao\n|-damage|p2a: Chien-Pao|0 fnt\n|faint|p2a: Chien-Pao\n|\n|win|galaxystudios370\n|n|\u2606galaxystudios370|galaxystudios370\n|n|\u2606NoahTheGreat6|noahthegreat6\n|n| TheBishopsLeap|thebishopsleap\n|n| Toy Time King|toytimeking\n|l| TheBishopsLeap\n","uploadtime":1701040653,"views":7,"p1id":"galaxystudios370","p2id":"noahthegreat6","formatid":"gen9nationaldexubers","rating":0,"private":0,"password":""}