{"id":"gen9nationaldexubers-1996331312","p1":"Aphgale","p2":"zxcvbnmmnbvcx","format":"[Gen 9] National Dex Ubers","log":"|j|\u2606Aphgale\n|j|\u2606zxcvbnmmnbvcx\n|t:|1700671884\n|gametype|singles\n|player|p1|Aphgale|dahlia|1369\n|player|p2|zxcvbnmmnbvcx|2|1466\n|teamsize|p1|6\n|teamsize|p2|6\n|gen|9\n|tier|[Gen 9] National Dex Ubers\n|rated|\n|rule|HP Percentage Mod: HP is shown in percentages\n|rule|Endless Battle Clause: Forcing endless battles is banned\n|rule|OHKO Clause: OHKO moves are banned\n|rule|Evasion Moves Clause: Evasion moves are banned\n|rule|Evasion Items Clause: Evasion items are banned\n|rule|Species Clause: Limit one of each Pok\u00e9mon\n|rule|Sleep Clause Mod: Limit one foe put to sleep\n|rule|Mega Rayquaza Clause: You cannot mega evolve Rayquaza\n|clearpoke\n|poke|p1|Tapu Lele|\n|poke|p1|Clodsire, M|\n|poke|p1|Necrozma-Dusk-Mane|\n|poke|p1|Shaymin-Sky|\n|poke|p1|Dondozo, M|\n|poke|p1|Genesect-Chill|\n|poke|p2|Ho-Oh|\n|poke|p2|Arceus-Fairy|\n|poke|p2|Zygarde|\n|poke|p2|Ditto|\n|poke|p2|Necrozma-Dusk-Mane|\n|poke|p2|Mewtwo|\n|teampreview\n|inactive|Battle timer is ON: inactive players will automatically lose when time's up. (requested by Aphgale)\n|\n|t:|1700671935\n|start\n|switch|p1a: Clodsire|Clodsire, M|100\/100\n|switch|p2a: Arceus|Arceus-Fairy|100\/100\n|turn|1\n|\n|t:|1700671940\n|move|p2a: Arceus|Taunt|p1a: Clodsire\n|-start|p1a: Clodsire|move: Taunt\n|cant|p1a: Clodsire|move: Taunt|Stealth Rock\n|\n|upkeep\n|turn|2\n|\n|t:|1700671947\n|switch|p2a: Zygarde|Zygarde|100\/100\n|move|p1a: Clodsire|Earthquake|p2a: Zygarde\n|-damage|p2a: Zygarde|87\/100\n|\n|-heal|p2a: Zygarde|93\/100|[from] item: Leftovers\n|upkeep\n|turn|3\n|\n|t:|1700671951\n|switch|p1a: Dondozo|Dondozo, M|100\/100\n|move|p2a: Zygarde|Thousand Waves|p1a: Dondozo\n|-damage|p1a: Dondozo|87\/100\n|-activate|p1a: Dondozo|trapped\n|\n|-heal|p2a: Zygarde|99\/100|[from] item: Leftovers\n|-heal|p1a: Dondozo|94\/100|[from] item: Leftovers\n|upkeep\n|turn|4\n|\n|t:|1700671960\n|switch|p2a: Arceus|Arceus-Fairy|100\/100\n|move|p1a: Dondozo|Wave Crash|p2a: Arceus\n|-damage|p2a: Arceus|69\/100\n|-damage|p1a: Dondozo|84\/100|[from] Recoil\n|\n|-heal|p1a: Dondozo|90\/100|[from] item: Leftovers\n|upkeep\n|turn|5\n|\n|t:|1700671965\n|switch|p1a: Clodsire|Clodsire, M|100\/100\n|move|p2a: Arceus|Taunt|p1a: Clodsire\n|-start|p1a: Clodsire|move: Taunt\n|\n|upkeep\n|turn|6\n|\n|t:|1700671974\n|switch|p2a: Ho-Oh|Ho-Oh|100\/100\n|move|p1a: Clodsire|Earthquake|p2a: Ho-Oh\n|-immune|p2a: Ho-Oh\n|\n|upkeep\n|turn|7\n|\n|t:|1700671979\n|switch|p1a: Dondozo|Dondozo, M|90\/100\n|move|p2a: Ho-Oh|Sacred Fire|p1a: Dondozo\n|-resisted|p1a: Dondozo\n|-damage|p1a: Dondozo|80\/100\n|\n|-heal|p1a: Dondozo|87\/100|[from] item: Leftovers\n|upkeep\n|turn|8\n|\n|t:|1700671983\n|move|p2a: Ho-Oh|Toxic|p1a: Dondozo\n|-status|p1a: Dondozo|tox\n|move|p1a: Dondozo|Wave Crash|p2a: Ho-Oh\n|-supereffective|p2a: Ho-Oh\n|-crit|p2a: Ho-Oh\n|-damage|p2a: Ho-Oh|15\/100\n|-damage|p1a: Dondozo|63\/100 tox|[from] Recoil\n|\n|-heal|p1a: Dondozo|70\/100 tox|[from] item: Leftovers\n|-damage|p1a: Dondozo|63\/100 tox|[from] psn\n|upkeep\n|turn|9\n|\n|t:|1700671992\n|switch|p2a: Arceus|Arceus-Fairy|69\/100\n|move|p1a: Dondozo|Wave Crash|p2a: Arceus\n|-damage|p2a: Arceus|39\/100\n|-damage|p1a: Dondozo|55\/100 tox|[from] Recoil\n|\n|-heal|p1a: Dondozo|61\/100 tox|[from] item: Leftovers\n|-damage|p1a: Dondozo|49\/100 tox|[from] psn\n|upkeep\n|turn|10\n|\n|t:|1700671997\n|switch|p1a: Clodsire|Clodsire, M|100\/100\n|move|p2a: Arceus|Taunt|p1a: Clodsire\n|-start|p1a: Clodsire|move: Taunt\n|\n|upkeep\n|turn|11\n|\n|t:|1700672000\n|move|p2a: Arceus|Recover|p2a: Arceus\n|-heal|p2a: Arceus|89\/100\n|move|p1a: Clodsire|Earthquake|p2a: Arceus\n|-damage|p2a: Arceus|70\/100\n|\n|upkeep\n|turn|12\n|\n|t:|1700672010\n|switch|p2a: Ho-Oh|Ho-Oh|48\/100\n|switch|p1a: Genesect|Genesect-Chill, shiny|100\/100\n|-ability|p1a: Genesect|Download|boost\n|-boost|p1a: Genesect|atk|1\n|\n|upkeep\n|turn|13\n|\n|t:|1700672025\n|switch|p1a: Dondozo|Dondozo, M|49\/100 tox\n|move|p2a: Ho-Oh|Sacred Fire|p1a: Dondozo\n|-resisted|p1a: Dondozo\n|-damage|p1a: Dondozo|39\/100 tox\n|\n|-heal|p1a: Dondozo|45\/100 tox|[from] item: Leftovers\n|-damage|p1a: Dondozo|39\/100 tox|[from] psn\n|upkeep\n|turn|14\n|\n|t:|1700672029\n|switch|p2a: Arceus|Arceus-Fairy|70\/100\n|move|p1a: Dondozo|Rest|p1a: Dondozo\n|-status|p1a: Dondozo|slp|[from] move: Rest\n|-heal|p1a: Dondozo|100\/100 slp|[silent]\n|\n|upkeep\n|turn|15\n|\n|t:|1700672037\n|switch|p2a: Zygarde|Zygarde|99\/100\n|switch|p1a: Clodsire|Clodsire, M|100\/100\n|\n|-heal|p2a: Zygarde|100\/100|[from] item: Leftovers\n|upkeep\n|turn|16\n|\n|t:|1700672043\n|switch|p1a: Dondozo|Dondozo, M|100\/100 slp\n|move|p2a: Zygarde|Thousand Waves|p1a: Dondozo\n|-damage|p1a: Dondozo|87\/100 slp\n|-activate|p1a: Dondozo|trapped\n|\n|-heal|p1a: Dondozo|94\/100 slp|[from] item: Leftovers\n|upkeep\n|turn|17\n|\n|t:|1700672049\n|switch|p2a: Necrozma|Necrozma-Dusk-Mane|100\/100\n|cant|p1a: Dondozo|slp\n|\n|-heal|p1a: Dondozo|99\/100 slp|[from] item: Leftovers\n|upkeep\n|turn|18\n|\n|t:|1700672059\n|move|p2a: Necrozma|Stealth Rock|p1a: Dondozo\n|-sidestart|p1: Aphgale|move: Stealth Rock\n|cant|p1a: Dondozo|slp\n|move|p1a: Dondozo|Sleep Talk|p1a: Dondozo\n|move|p1a: Dondozo|Curse|p1a: Dondozo|[from]move: Sleep Talk\n|-unboost|p1a: Dondozo|spe|1\n|-boost|p1a: Dondozo|atk|1\n|-boost|p1a: Dondozo|def|1\n|\n|-heal|p1a: Dondozo|100\/100 slp|[from] item: Leftovers\n|upkeep\n|turn|19\n|\n|t:|1700672067\n|switch|p2a: Arceus|Arceus-Fairy|70\/100\n|-curestatus|p1a: Dondozo|slp|[msg]\n|move|p1a: Dondozo|Wave Crash|p2a: Arceus\n|-damage|p2a: Arceus|24\/100\n|-damage|p1a: Dondozo|87\/100|[from] Recoil\n|\n|-heal|p1a: Dondozo|93\/100|[from] item: Leftovers\n|upkeep\n|turn|20\n|\n|t:|1700672072\n|move|p2a: Arceus|Recover|p2a: Arceus\n|-heal|p2a: Arceus|74\/100\n|move|p1a: Dondozo|Wave Crash|p2a: Arceus\n|-damage|p2a: Arceus|30\/100\n|-damage|p1a: Dondozo|80\/100|[from] Recoil\n|\n|-heal|p1a: Dondozo|86\/100|[from] item: Leftovers\n|upkeep\n|turn|21\n|\n|t:|1700672076\n|move|p2a: Arceus|Recover|p2a: Arceus\n|-heal|p2a: Arceus|80\/100\n|move|p1a: Dondozo|Wave Crash|p2a: Arceus\n|-damage|p2a: Arceus|36\/100\n|-damage|p1a: Dondozo|74\/100|[from] Recoil\n|\n|-heal|p1a: Dondozo|80\/100|[from] item: Leftovers\n|upkeep\n|turn|22\n|\n|t:|1700672081\n|move|p2a: Arceus|Recover|p2a: Arceus\n|-heal|p2a: Arceus|86\/100\n|move|p1a: Dondozo|Wave Crash|p2a: Arceus\n|-damage|p2a: Arceus|40\/100\n|-damage|p1a: Dondozo|67\/100|[from] Recoil\n|\n|-heal|p1a: Dondozo|73\/100|[from] item: Leftovers\n|upkeep\n|turn|23\n|\n|t:|1700672086\n|move|p2a: Arceus|Recover|p2a: Arceus\n|-heal|p2a: Arceus|90\/100\n|move|p1a: Dondozo|Wave Crash|p2a: Arceus\n|-damage|p2a: Arceus|48\/100\n|-damage|p1a: Dondozo|61\/100|[from] Recoil\n|\n|-heal|p1a: Dondozo|67\/100|[from] item: Leftovers\n|upkeep\n|turn|24\n|\n|t:|1700672091\n|move|p2a: Arceus|Taunt|p1a: Dondozo\n|-start|p1a: Dondozo|move: Taunt\n|move|p1a: Dondozo|Wave Crash|p2a: Arceus\n|-damage|p2a: Arceus|5\/100\n|-damage|p1a: Dondozo|54\/100|[from] Recoil\n|\n|-heal|p1a: Dondozo|60\/100|[from] item: Leftovers\n|upkeep\n|turn|25\n|\n|t:|1700672097\n|move|p2a: Arceus|Recover|p2a: Arceus\n|-heal|p2a: Arceus|55\/100\n|move|p1a: Dondozo|Wave Crash|p2a: Arceus\n|-damage|p2a: Arceus|13\/100\n|-damage|p1a: Dondozo|48\/100|[from] Recoil\n|\n|-heal|p1a: Dondozo|54\/100|[from] item: Leftovers\n|upkeep\n|turn|26\n|\n|t:|1700672102\n|move|p2a: Arceus|Recover|p2a: Arceus\n|-heal|p2a: Arceus|63\/100\n|move|p1a: Dondozo|Wave Crash|p2a: Arceus\n|-damage|p2a: Arceus|20\/100\n|-damage|p1a: Dondozo|42\/100|[from] Recoil\n|\n|-heal|p1a: Dondozo|48\/100|[from] item: Leftovers\n|-end|p1a: Dondozo|move: Taunt\n|upkeep\n|turn|27\n|\n|t:|1700672118\n|move|p2a: Arceus|Taunt|p1a: Dondozo\n|-start|p1a: Dondozo|move: Taunt\n|move|p1a: Dondozo|Wave Crash|p2a: Arceus\n|-damage|p2a: Arceus|0 fnt\n|faint|p2a: Arceus\n|-damage|p1a: Dondozo|42\/100|[from] Recoil\n|\n|-heal|p1a: Dondozo|49\/100|[from] item: Leftovers\n|upkeep\n|\n|t:|1700672125\n|switch|p2a: Mewtwo|Mewtwo|100\/100\n|-ability|p2a: Mewtwo|Pressure\n|turn|28\n|\n|t:|1700672131\n|switch|p1a: Genesect|Genesect-Chill, shiny|100\/100\n|-damage|p1a: Genesect|88\/100|[from] Stealth Rock\n|-ability|p1a: Genesect|Download|boost\n|-boost|p1a: Genesect|atk|1\n|detailschange|p2a: Mewtwo|Mewtwo-Mega-Y\n|-mega|p2a: Mewtwo|Mewtwo|Mewtwonite Y\n|move|p2a: Mewtwo|Psystrike|p1a: Genesect\n|-resisted|p1a: Genesect\n|-damage|p1a: Genesect|45\/100\n|\n|upkeep\n|turn|29\n|\n|t:|1700672142\n|move|p1a: Genesect|Extreme Speed|p2a: Mewtwo\n|-damage|p2a: Mewtwo|54\/100\n|move|p2a: Mewtwo|Fire Blast|p1a: Genesect\n|-supereffective|p1a: Genesect\n|-damage|p1a: Genesect|0 fnt\n|faint|p1a: Genesect\n|\n|upkeep\n|\n|t:|1700672161\n|switch|p1a: Tapu Lele|Tapu Lele|100\/100\n|-damage|p1a: Tapu Lele|88\/100|[from] Stealth Rock\n|-fieldstart|move: Psychic Terrain|[from] ability: Psychic Surge|[of] p1a: Tapu Lele\n|turn|30\n|\n|t:|1700672165\n|switch|p2a: Necrozma|Necrozma-Dusk-Mane|100\/100\n|move|p1a: Tapu Lele|Moonblast|p2a: Necrozma\n|-resisted|p2a: Necrozma\n|-damage|p2a: Necrozma|82\/100\n|\n|upkeep\n|turn|31\n|\n|t:|1700672170\n|switch|p1a: Dondozo|Dondozo, M|49\/100\n|-damage|p1a: Dondozo|36\/100|[from] Stealth Rock\n|move|p2a: Necrozma|Sunsteel Strike|p1a: Dondozo\n|-resisted|p1a: Dondozo\n|-damage|p1a: Dondozo|24\/100\n|\n|-heal|p1a: Dondozo|30\/100|[from] item: Leftovers\n|upkeep\n|turn|32\n|\n|t:|1700672184\n|switch|p2a: Mewtwo|Mewtwo-Mega-Y|54\/100\n|move|p1a: Dondozo|Rest|p1a: Dondozo\n|-status|p1a: Dondozo|slp|[from] move: Rest\n|-heal|p1a: Dondozo|100\/100 slp|[silent]\n|\n|upkeep\n|turn|33\n|\n|t:|1700672195\n|switch|p1a: Tapu Lele|Tapu Lele|88\/100\n|-damage|p1a: Tapu Lele|76\/100|[from] Stealth Rock\n|move|p2a: Mewtwo|Psystrike|p1a: Tapu Lele\n|-resisted|p1a: Tapu Lele\n|-damage|p1a: Tapu Lele|5\/100\n|\n|upkeep\n|turn|34\n|\n|t:|1700672204\n|switch|p2a: Necrozma|Necrozma-Dusk-Mane|82\/100\n|move|p1a: Tapu Lele|Psyshock|p2a: Necrozma\n|-resisted|p2a: Necrozma\n|-damage|p2a: Necrozma|73\/100\n|\n|-fieldend|move: Psychic Terrain\n|upkeep\n|turn|35\n|\n|t:|1700672216\n|move|p1a: Tapu Lele|Psyshock|p2a: Necrozma\n|-resisted|p2a: Necrozma\n|-damage|p2a: Necrozma|67\/100\n|move|p2a: Necrozma|Sunsteel Strike|p1a: Tapu Lele\n|-supereffective|p1a: Tapu Lele\n|-damage|p1a: Tapu Lele|0 fnt\n|faint|p1a: Tapu Lele\n|\n|upkeep\n|\n|t:|1700672219\n|switch|p1a: Dondozo|Dondozo, M|100\/100 slp\n|-damage|p1a: Dondozo|88\/100 slp|[from] Stealth Rock\n|turn|36\n|\n|t:|1700672223\n|switch|p2a: Mewtwo|Mewtwo-Mega-Y|54\/100\n|cant|p1a: Dondozo|slp\n|move|p1a: Dondozo|Sleep Talk|p1a: Dondozo\n|move|p1a: Dondozo|Rest||[from]move: Sleep Talk|[still]\n|-fail|p1a: Dondozo\n|\n|-heal|p1a: Dondozo|94\/100 slp|[from] item: Leftovers\n|upkeep\n|turn|37\n|\n|t:|1700672230\n|move|p2a: Mewtwo|Psystrike|p1a: Dondozo\n|-damage|p1a: Dondozo|61\/100 slp\n|cant|p1a: Dondozo|slp\n|move|p1a: Dondozo|Sleep Talk|p1a: Dondozo\n|move|p1a: Dondozo|Curse|p1a: Dondozo|[from]move: Sleep Talk\n|-unboost|p1a: Dondozo|spe|1\n|-boost|p1a: Dondozo|atk|1\n|-boost|p1a: Dondozo|def|1\n|\n|-heal|p1a: Dondozo|68\/100 slp|[from] item: Leftovers\n|upkeep\n|turn|38\n|\n|t:|1700672241\n|move|p2a: Mewtwo|Psystrike|p1a: Dondozo\n|-damage|p1a: Dondozo|44\/100 slp\n|-curestatus|p1a: Dondozo|slp|[msg]\n|move|p1a: Dondozo|Sleep Talk||[still]\n|-fail|p1a: Dondozo\n|\n|-heal|p1a: Dondozo|50\/100|[from] item: Leftovers\n|upkeep\n|turn|39\n|\n|t:|1700672249\n|move|p2a: Mewtwo|Earth Power|p1a: Dondozo\n|-damage|p1a: Dondozo|7\/100\n|move|p1a: Dondozo|Rest|p1a: Dondozo\n|-status|p1a: Dondozo|slp|[from] move: Rest\n|-heal|p1a: Dondozo|100\/100 slp|[silent]\n|\n|upkeep\n|turn|40\n|\n|t:|1700672254\n|move|p2a: Mewtwo|Earth Power|p1a: Dondozo\n|-damage|p1a: Dondozo|62\/100 slp\n|cant|p1a: Dondozo|slp\n|move|p1a: Dondozo|Sleep Talk|p1a: Dondozo\n|move|p1a: Dondozo|Wave Crash|p2a: Mewtwo|[from]move: Sleep Talk\n|-damage|p2a: Mewtwo|0 fnt\n|faint|p2a: Mewtwo\n|-damage|p1a: Dondozo|49\/100 slp|[from] Recoil\n|\n|-heal|p1a: Dondozo|55\/100 slp|[from] item: Leftovers\n|upkeep\n|\n|t:|1700672269\n|switch|p2a: Zygarde|Zygarde|100\/100\n|turn|41\n|\n|t:|1700672273\n|move|p2a: Zygarde|Thousand Waves|p1a: Dondozo\n|-damage|p1a: Dondozo|47\/100 slp\n|-activate|p1a: Dondozo|trapped\n|cant|p1a: Dondozo|slp\n|move|p1a: Dondozo|Sleep Talk|p1a: Dondozo\n|move|p1a: Dondozo|Wave Crash|p2a: Zygarde|[from]move: Sleep Talk\n|-damage|p2a: Zygarde|68\/100\n|-damage|p1a: Dondozo|38\/100 slp|[from] Recoil\n|\n|-heal|p2a: Zygarde|74\/100|[from] item: Leftovers\n|-heal|p1a: Dondozo|44\/100 slp|[from] item: Leftovers\n|upkeep\n|turn|42\n|\n|t:|1700672283\n|-terastallize|p2a: Zygarde|Water\n|move|p2a: Zygarde|Coil|p2a: Zygarde\n|-boost|p2a: Zygarde|atk|1\n|-boost|p2a: Zygarde|def|1\n|-boost|p2a: Zygarde|accuracy|1\n|-curestatus|p1a: Dondozo|slp|[msg]\n|move|p1a: Dondozo|Rest|p1a: Dondozo\n|-status|p1a: Dondozo|slp|[from] move: Rest\n|-heal|p1a: Dondozo|100\/100 slp|[silent]\n|\n|-heal|p2a: Zygarde|80\/100|[from] item: Leftovers\n|upkeep\n|turn|43\n|\n|t:|1700672288\n|move|p2a: Zygarde|Coil|p2a: Zygarde\n|-boost|p2a: Zygarde|atk|1\n|-boost|p2a: Zygarde|def|1\n|-boost|p2a: Zygarde|accuracy|1\n|cant|p1a: Dondozo|slp\n|move|p1a: Dondozo|Sleep Talk|p1a: Dondozo\n|move|p1a: Dondozo|Rest||[from]move: Sleep Talk|[still]\n|-fail|p1a: Dondozo\n|\n|-heal|p2a: Zygarde|86\/100|[from] item: Leftovers\n|upkeep\n|turn|44\n|\n|t:|1700672295\n|move|p2a: Zygarde|Coil|p2a: Zygarde\n|-boost|p2a: Zygarde|atk|1\n|-boost|p2a: Zygarde|def|1\n|-boost|p2a: Zygarde|accuracy|1\n|cant|p1a: Dondozo|slp\n|move|p1a: Dondozo|Sleep Talk|p1a: Dondozo\n|move|p1a: Dondozo|Wave Crash|p2a: Zygarde|[from]move: Sleep Talk\n|-resisted|p2a: Zygarde\n|-damage|p2a: Zygarde|68\/100\n|-damage|p1a: Dondozo|96\/100 slp|[from] Recoil\n|\n|-heal|p2a: Zygarde|74\/100|[from] item: Leftovers\n|-heal|p1a: Dondozo|100\/100 slp|[from] item: Leftovers\n|upkeep\n|turn|45\n|\n|t:|1700672312\n|move|p2a: Zygarde|Coil|p2a: Zygarde\n|-boost|p2a: Zygarde|atk|1\n|-boost|p2a: Zygarde|def|1\n|-boost|p2a: Zygarde|accuracy|1\n|-curestatus|p1a: Dondozo|slp|[msg]\n|move|p1a: Dondozo|Curse|p1a: Dondozo\n|-unboost|p1a: Dondozo|spe|1\n|-boost|p1a: Dondozo|atk|1\n|-boost|p1a: Dondozo|def|1\n|\n|-heal|p2a: Zygarde|80\/100|[from] item: Leftovers\n|upkeep\n|turn|46\n|\n|t:|1700672318\n|move|p2a: Zygarde|Glare|p1a: Dondozo\n|-status|p1a: Dondozo|par\n|move|p1a: Dondozo|Curse|p1a: Dondozo\n|-unboost|p1a: Dondozo|spe|1\n|-boost|p1a: Dondozo|atk|1\n|-boost|p1a: Dondozo|def|1\n|\n|-heal|p2a: Zygarde|86\/100|[from] item: Leftovers\n|upkeep\n|turn|47\n|\n|t:|1700672322\n|move|p2a: Zygarde|Coil|p2a: Zygarde\n|-boost|p2a: Zygarde|atk|1\n|-boost|p2a: Zygarde|def|1\n|-boost|p2a: Zygarde|accuracy|1\n|move|p1a: Dondozo|Curse|p1a: Dondozo\n|-unboost|p1a: Dondozo|spe|1\n|-boost|p1a: Dondozo|atk|1\n|-boost|p1a: Dondozo|def|1\n|\n|-heal|p2a: Zygarde|93\/100|[from] item: Leftovers\n|upkeep\n|turn|48\n|\n|t:|1700672325\n|move|p2a: Zygarde|Coil|p2a: Zygarde\n|-boost|p2a: Zygarde|atk|1\n|-boost|p2a: Zygarde|def|1\n|-boost|p2a: Zygarde|accuracy|1\n|move|p1a: Dondozo|Curse|p1a: Dondozo\n|-unboost|p1a: Dondozo|spe|1\n|-boost|p1a: Dondozo|atk|1\n|-boost|p1a: Dondozo|def|1\n|\n|-heal|p2a: Zygarde|99\/100|[from] item: Leftovers\n|upkeep\n|turn|49\n|\n|t:|1700672330\n|move|p2a: Zygarde|Thousand Waves|p1a: Dondozo\n|-damage|p1a: Dondozo|96\/100 par\n|move|p1a: Dondozo|Curse|p1a: Dondozo\n|-unboost|p1a: Dondozo|spe|1\n|-boost|p1a: Dondozo|atk|1\n|-boost|p1a: Dondozo|def|1\n|\n|-heal|p2a: Zygarde|100\/100|[from] item: Leftovers\n|-heal|p1a: Dondozo|100\/100 par|[from] item: Leftovers\n|upkeep\n|turn|50\n|\n|t:|1700672336\n|move|p2a: Zygarde|Glare|p1a: Dondozo\n|-fail|p1a: Dondozo|par\n|cant|p1a: Dondozo|par\n|\n|upkeep\n|turn|51\n|\n|t:|1700672340\n|move|p2a: Zygarde|Glare|p1a: Dondozo\n|-fail|p1a: Dondozo|par\n|move|p1a: Dondozo|Wave Crash|p2a: Zygarde\n|-resisted|p2a: Zygarde\n|-crit|p2a: Zygarde\n|-damage|p2a: Zygarde|27\/100\n|-damage|p1a: Dondozo|80\/100 par|[from] Recoil\n|\n|-heal|p2a: Zygarde|33\/100|[from] item: Leftovers\n|-heal|p1a: Dondozo|86\/100 par|[from] item: Leftovers\n|-activate|p2a: Zygarde|ability: Power Construct\n|detailschange|p2a: Zygarde|Zygarde-Complete, tera:Water\n|-heal|p2a: Zygarde|56\/100|[silent]\n|upkeep\n|turn|52\n|\n|t:|1700672353\n|move|p2a: Zygarde|Rest|p2a: Zygarde\n|-status|p2a: Zygarde|slp|[from] move: Rest\n|-heal|p2a: Zygarde|100\/100 slp|[silent]\n|cant|p1a: Dondozo|par\n|\n|-heal|p1a: Dondozo|93\/100 par|[from] item: Leftovers\n|upkeep\n|turn|53\n|\n|t:|1700672361\n|cant|p2a: Zygarde|slp\n|cant|p1a: Dondozo|par\n|\n|-heal|p1a: Dondozo|99\/100 par|[from] item: Leftovers\n|upkeep\n|turn|54\n|\n|t:|1700672365\n|cant|p2a: Zygarde|slp\n|move|p1a: Dondozo|Wave Crash|p2a: Zygarde\n|-resisted|p2a: Zygarde\n|-damage|p2a: Zygarde|68\/100 slp\n|-damage|p1a: Dondozo|85\/100 par|[from] Recoil\n|\n|-heal|p2a: Zygarde|74\/100 slp|[from] item: Leftovers\n|-heal|p1a: Dondozo|91\/100 par|[from] item: Leftovers\n|upkeep\n|turn|55\n|\n|t:|1700672376\n|-curestatus|p2a: Zygarde|slp|[msg]\n|move|p2a: Zygarde|Glare|p1a: Dondozo\n|-fail|p1a: Dondozo|par\n|move|p1a: Dondozo|Wave Crash|p2a: Zygarde\n|-resisted|p2a: Zygarde\n|-damage|p2a: Zygarde|43\/100\n|-damage|p1a: Dondozo|78\/100 par|[from] Recoil\n|\n|-heal|p2a: Zygarde|49\/100|[from] item: Leftovers\n|-heal|p1a: Dondozo|85\/100 par|[from] item: Leftovers\n|upkeep\n|turn|56\n|\n|t:|1700672388\n|move|p2a: Zygarde|Rest|p2a: Zygarde\n|-status|p2a: Zygarde|slp|[from] move: Rest\n|-heal|p2a: Zygarde|100\/100 slp|[silent]\n|move|p1a: Dondozo|Wave Crash|p2a: Zygarde\n|-resisted|p2a: Zygarde\n|-damage|p2a: Zygarde|70\/100 slp\n|-damage|p1a: Dondozo|72\/100 par|[from] Recoil\n|\n|-heal|p2a: Zygarde|77\/100 slp|[from] item: Leftovers\n|-heal|p1a: Dondozo|78\/100 par|[from] item: Leftovers\n|upkeep\n|turn|57\n|\n|t:|1700672397\n|cant|p2a: Zygarde|slp\n|cant|p1a: Dondozo|par\n|\n|-heal|p2a: Zygarde|83\/100 slp|[from] item: Leftovers\n|-heal|p1a: Dondozo|84\/100 par|[from] item: Leftovers\n|upkeep\n|turn|58\n|\n|t:|1700672402\n|cant|p2a: Zygarde|slp\n|move|p1a: Dondozo|Curse|p1a: Dondozo\n|\n|-heal|p2a: Zygarde|89\/100 slp|[from] item: Leftovers\n|-heal|p1a: Dondozo|91\/100 par|[from] item: Leftovers\n|upkeep\n|turn|59\n|\n|t:|1700672408\n|-curestatus|p2a: Zygarde|slp|[msg]\n|move|p2a: Zygarde|Glare|p1a: Dondozo\n|-fail|p1a: Dondozo|par\n|move|p1a: Dondozo|Curse|p1a: Dondozo\n|\n|-heal|p2a: Zygarde|95\/100|[from] item: Leftovers\n|-heal|p1a: Dondozo|97\/100 par|[from] item: Leftovers\n|upkeep\n|turn|60\n|\n|t:|1700672412\n|move|p2a: Zygarde|Glare|p1a: Dondozo\n|-fail|p1a: Dondozo|par\n|move|p1a: Dondozo|Curse|p1a: Dondozo\n|\n|-heal|p2a: Zygarde|100\/100|[from] item: Leftovers\n|-heal|p1a: Dondozo|100\/100 par|[from] item: Leftovers\n|upkeep\n|turn|61\n|\n|t:|1700672415\n|move|p2a: Zygarde|Glare|p1a: Dondozo\n|-fail|p1a: Dondozo|par\n|cant|p1a: Dondozo|par\n|\n|upkeep\n|turn|62\n|\n|t:|1700672418\n|move|p2a: Zygarde|Glare|p1a: Dondozo\n|-fail|p1a: Dondozo|par\n|move|p1a: Dondozo|Curse|p1a: Dondozo\n|\n|upkeep\n|turn|63\n|\n|t:|1700672421\n|move|p2a: Zygarde|Glare|p1a: Dondozo\n|-fail|p1a: Dondozo|par\n|move|p1a: Dondozo|Curse|p1a: Dondozo\n|\n|upkeep\n|turn|64\n|\n|t:|1700672424\n|move|p2a: Zygarde|Glare|p1a: Dondozo\n|-fail|p1a: Dondozo|par\n|move|p1a: Dondozo|Curse|p1a: Dondozo\n|\n|upkeep\n|turn|65\n|\n|t:|1700672433\n|move|p2a: Zygarde|Glare|p1a: Dondozo\n|-fail|p1a: Dondozo|par\n|move|p1a: Dondozo|Curse|p1a: Dondozo\n|\n|upkeep\n|turn|66\n|\n|t:|1700672437\n|move|p2a: Zygarde|Glare|p1a: Dondozo\n|-fail|p1a: Dondozo|par\n|cant|p1a: Dondozo|par\n|\n|upkeep\n|turn|67\n|\n|t:|1700672440\n|move|p2a: Zygarde|Glare|p1a: Dondozo\n|-fail|p1a: Dondozo|par\n|cant|p1a: Dondozo|par\n|\n|upkeep\n|turn|68\n|\n|t:|1700672442\n|move|p2a: Zygarde|Glare|p1a: Dondozo\n|-fail|p1a: Dondozo|par\n|move|p1a: Dondozo|Curse|p1a: Dondozo\n|\n|upkeep\n|turn|69\n|\n|t:|1700672444\n|move|p2a: Zygarde|Glare|p1a: Dondozo\n|-fail|p1a: Dondozo|par\n|move|p1a: Dondozo|Curse|p1a: Dondozo\n|\n|upkeep\n|turn|70\n|\n|t:|1700672449\n|move|p2a: Zygarde|Glare|p1a: Dondozo\n|-fail|p1a: Dondozo|par\n|move|p1a: Dondozo|Curse|p1a: Dondozo\n|\n|upkeep\n|turn|71\n|\n|t:|1700672452\n|move|p2a: Zygarde|Glare|p1a: Dondozo\n|-fail|p1a: Dondozo|par\n|cant|p1a: Dondozo|par\n|\n|upkeep\n|turn|72\n|\n|t:|1700672457\n|move|p2a: Zygarde|Glare|p1a: Dondozo\n|-fail|p1a: Dondozo|par\n|move|p1a: Dondozo|Curse|p1a: Dondozo\n|\n|upkeep\n|turn|73\n|\n|t:|1700672468\n|move|p2a: Zygarde|Glare|p1a: Dondozo\n|-fail|p1a: Dondozo|par\n|cant|p1a: Dondozo|par\n|\n|upkeep\n|turn|74\n|\n|t:|1700672472\n|move|p2a: Zygarde|Glare|p1a: Dondozo\n|-fail|p1a: Dondozo|par\n|move|p1a: Dondozo|Rest|p1a: Dondozo\n|-fail|p1a: Dondozo|heal\n|\n|upkeep\n|turn|75\n|\n|t:|1700672476\n|move|p2a: Zygarde|Coil|p2a: Zygarde\n|-boost|p2a: Zygarde|atk|0\n|-boost|p2a: Zygarde|def|0\n|-boost|p2a: Zygarde|accuracy|0\n|move|p1a: Dondozo|Sleep Talk||[still]\n|-fail|p1a: Dondozo\n|\n|upkeep\n|turn|76\n|\n|t:|1700672484\n|move|p2a: Zygarde|Glare|p1a: Dondozo\n|-fail|p1a: Dondozo|par\n|move|p1a: Dondozo|Sleep Talk||[still]\n|-fail|p1a: Dondozo\n|\n|upkeep\n|turn|77\n|\n|t:|1700672490\n|move|p2a: Zygarde|Glare|p1a: Dondozo\n|-fail|p1a: Dondozo|par\n|move|p1a: Dondozo|Rest|p1a: Dondozo\n|-fail|p1a: Dondozo|heal\n|\n|upkeep\n|turn|78\n|\n|t:|1700672493\n|move|p2a: Zygarde|Glare|p1a: Dondozo\n|-fail|p1a: Dondozo|par\n|cant|p1a: Dondozo|par\n|\n|upkeep\n|turn|79\n|\n|t:|1700672498\n|move|p2a: Zygarde|Glare|p1a: Dondozo\n|-fail|p1a: Dondozo|par\n|cant|p1a: Dondozo|par\n|\n|upkeep\n|turn|80\n|\n|t:|1700672505\n|move|p2a: Zygarde|Glare|p1a: Dondozo\n|-fail|p1a: Dondozo|par\n|move|p1a: Dondozo|Rest|p1a: Dondozo\n|-fail|p1a: Dondozo|heal\n|\n|upkeep\n|turn|81\n|\n|t:|1700672510\n|move|p2a: Zygarde|Coil|p2a: Zygarde\n|-boost|p2a: Zygarde|atk|0\n|-boost|p2a: Zygarde|def|0\n|-boost|p2a: Zygarde|accuracy|0\n|move|p1a: Dondozo|Sleep Talk||[still]\n|-fail|p1a: Dondozo\n|\n|upkeep\n|turn|82\n|\n|t:|1700672513\n|move|p2a: Zygarde|Coil|p2a: Zygarde\n|-boost|p2a: Zygarde|atk|0\n|-boost|p2a: Zygarde|def|0\n|-boost|p2a: Zygarde|accuracy|0\n|move|p1a: Dondozo|Sleep Talk||[still]\n|-fail|p1a: Dondozo\n|\n|upkeep\n|turn|83\n|\n|t:|1700672519\n|move|p2a: Zygarde|Glare|p1a: Dondozo\n|-fail|p1a: Dondozo|par\n|move|p1a: Dondozo|Sleep Talk||[still]\n|-fail|p1a: Dondozo\n|\n|upkeep\n|turn|84\n|\n|t:|1700672532\n|move|p2a: Zygarde|Coil|p2a: Zygarde\n|-boost|p2a: Zygarde|atk|0\n|-boost|p2a: Zygarde|def|0\n|-boost|p2a: Zygarde|accuracy|0\n|move|p1a: Dondozo|Sleep Talk||[still]\n|-fail|p1a: Dondozo\n|\n|upkeep\n|turn|85\n|\n|t:|1700672536\n|move|p2a: Zygarde|Glare|p1a: Dondozo\n|-fail|p1a: Dondozo|par\n|cant|p1a: Dondozo|par\n|\n|upkeep\n|turn|86\n|\n|t:|1700672538\n|move|p2a: Zygarde|Coil|p2a: Zygarde\n|-boost|p2a: Zygarde|atk|0\n|-boost|p2a: Zygarde|def|0\n|-boost|p2a: Zygarde|accuracy|0\n|cant|p1a: Dondozo|par\n|\n|upkeep\n|turn|87\n|\n|t:|1700672542\n|move|p2a: Zygarde|Glare|p1a: Dondozo\n|-fail|p1a: Dondozo|par\n|move|p1a: Dondozo|Sleep Talk||[still]\n|-fail|p1a: Dondozo\n|\n|upkeep\n|turn|88\n|\n|t:|1700672544\n|move|p2a: Zygarde|Coil|p2a: Zygarde\n|-boost|p2a: Zygarde|atk|0\n|-boost|p2a: Zygarde|def|0\n|-boost|p2a: Zygarde|accuracy|0\n|move|p1a: Dondozo|Rest|p1a: Dondozo\n|-fail|p1a: Dondozo|heal\n|\n|upkeep\n|turn|89\n|\n|t:|1700672551\n|move|p2a: Zygarde|Thousand Waves|p1a: Dondozo\n|-damage|p1a: Dondozo|97\/100 par\n|move|p1a: Dondozo|Sleep Talk||[still]\n|-fail|p1a: Dondozo\n|\n|-heal|p1a: Dondozo|100\/100 par|[from] item: Leftovers\n|upkeep\n|turn|90\n|\n|t:|1700672555\n|move|p2a: Zygarde|Thousand Waves|p1a: Dondozo\n|-damage|p1a: Dondozo|97\/100 par\n|-activate|p1a: Dondozo|move: Struggle\n|move|p1a: Dondozo|Struggle|p2a: Zygarde\n|-damage|p2a: Zygarde|84\/100\n|-damage|p1a: Dondozo|72\/100 par|[from] recoil\n|\n|-heal|p2a: Zygarde|90\/100|[from] item: Leftovers\n|-heal|p1a: Dondozo|78\/100 par|[from] item: Leftovers\n|upkeep\n|turn|91\n|\n|t:|1700672561\n|move|p2a: Zygarde|Glare|p1a: Dondozo\n|-fail|p1a: Dondozo|par\n|-activate|p1a: Dondozo|move: Struggle\n|move|p1a: Dondozo|Struggle|p2a: Zygarde\n|-damage|p2a: Zygarde|72\/100\n|-damage|p1a: Dondozo|53\/100 par|[from] recoil\n|\n|-heal|p2a: Zygarde|78\/100|[from] item: Leftovers\n|-heal|p1a: Dondozo|59\/100 par|[from] item: Leftovers\n|upkeep\n|turn|92\n|\n|t:|1700672564\n|move|p2a: Zygarde|Coil|p2a: Zygarde\n|-boost|p2a: Zygarde|atk|0\n|-boost|p2a: Zygarde|def|0\n|-boost|p2a: Zygarde|accuracy|0\n|-activate|p1a: Dondozo|move: Struggle\n|move|p1a: Dondozo|Struggle|p2a: Zygarde\n|-damage|p2a: Zygarde|62\/100\n|-damage|p1a: Dondozo|34\/100 par|[from] recoil\n|\n|-heal|p2a: Zygarde|68\/100|[from] item: Leftovers\n|-heal|p1a: Dondozo|40\/100 par|[from] item: Leftovers\n|upkeep\n|turn|93\n|\n|t:|1700672568\n|move|p2a: Zygarde|Rest|p2a: Zygarde\n|-status|p2a: Zygarde|slp|[from] move: Rest\n|-heal|p2a: Zygarde|100\/100 slp|[silent]\n|-activate|p1a: Dondozo|move: Struggle\n|move|p1a: Dondozo|Struggle|p2a: Zygarde\n|-damage|p2a: Zygarde|82\/100 slp\n|-damage|p1a: Dondozo|15\/100 par|[from] recoil\n|\n|-heal|p2a: Zygarde|88\/100 slp|[from] item: Leftovers\n|-heal|p1a: Dondozo|22\/100 par|[from] item: Leftovers\n|upkeep\n|turn|94\n|\n|t:|1700672572\n|cant|p2a: Zygarde|slp\n|-activate|p1a: Dondozo|move: Struggle\n|move|p1a: Dondozo|Struggle|p2a: Zygarde\n|-damage|p2a: Zygarde|72\/100 slp\n|-damage|p1a: Dondozo|0 fnt|[from] recoil\n|faint|p1a: Dondozo\n|\n|-heal|p2a: Zygarde|78\/100 slp|[from] item: Leftovers\n|upkeep\n|\n|t:|1700672577\n|switch|p1a: Shaymin|Shaymin-Sky|100\/100\n|-damage|p1a: Shaymin|76\/100|[from] Stealth Rock\n|turn|95\n|\n|t:|1700672581\n|switch|p2a: Ho-Oh|Ho-Oh|81\/100\n|move|p1a: Shaymin|Seed Flare|p2a: Ho-Oh|[miss]\n|-miss|p1a: Shaymin|p2a: Ho-Oh\n|\n|upkeep\n|turn|96\n|\n|t:|1700672587\n|switch|p1a: Clodsire|Clodsire, M|100\/100\n|-damage|p1a: Clodsire|94\/100|[from] Stealth Rock\n|move|p2a: Ho-Oh|Brave Bird|p1a: Clodsire\n|-damage|p1a: Clodsire|38\/100\n|-damage|p2a: Ho-Oh|61\/100|[from] Recoil\n|\n|-heal|p1a: Clodsire|45\/100|[from] item: Leftovers\n|upkeep\n|turn|97\n|\n|t:|1700672595\n|move|p2a: Ho-Oh|Brave Bird|p1a: Clodsire\n|-damage|p1a: Clodsire|0 fnt\n|faint|p1a: Clodsire\n|-damage|p2a: Ho-Oh|44\/100|[from] Recoil\n|\n|upkeep\n|\n|t:|1700672599\n|switch|p1a: Shaymin|Shaymin-Sky|76\/100\n|-damage|p1a: Shaymin|51\/100|[from] Stealth Rock\n|turn|98\n|\n|t:|1700672604\n|switch|p2a: Necrozma|Necrozma-Dusk-Mane|67\/100\n|move|p1a: Shaymin|Air Slash|p2a: Necrozma\n|-resisted|p2a: Necrozma\n|-damage|p2a: Necrozma|48\/100\n|\n|upkeep\n|turn|99\n|\n|t:|1700672608\n|move|p1a: Shaymin|Air Slash|p2a: Necrozma\n|-resisted|p2a: Necrozma\n|-damage|p2a: Necrozma|29\/100\n|cant|p2a: Necrozma|flinch\n|\n|upkeep\n|turn|100\n|\n|t:|1700672614\n|move|p1a: Shaymin|Air Slash|p2a: Necrozma\n|-resisted|p2a: Necrozma\n|-damage|p2a: Necrozma|9\/100\n|cant|p2a: Necrozma|flinch\n|\n|upkeep\n|turn|101\n|\n|t:|1700672619\n|move|p1a: Shaymin|Air Slash|p2a: Necrozma\n|-resisted|p2a: Necrozma\n|-damage|p2a: Necrozma|0 fnt\n|faint|p2a: Necrozma\n|\n|upkeep\n|\n|t:|1700672622\n|switch|p2a: Ho-Oh|Ho-Oh|78\/100\n|turn|102\n|\n|t:|1700672625\n|move|p1a: Shaymin|Air Slash|p2a: Ho-Oh\n|-damage|p2a: Ho-Oh|49\/100\n|cant|p2a: Ho-Oh|flinch\n|\n|upkeep\n|turn|103\n|\n|t:|1700672628\n|move|p1a: Shaymin|Air Slash|p2a: Ho-Oh\n|-damage|p2a: Ho-Oh|20\/100\n|cant|p2a: Ho-Oh|flinch\n|\n|upkeep\n|turn|104\n|\n|t:|1700672631\n|switch|p2a: Ditto|Ditto|100\/100\n|-transform|p2a: Ditto|p1a: Shaymin|[from] ability: Imposter\n|move|p1a: Shaymin|Air Slash|p2a: Ditto\n|-supereffective|p2a: Ditto\n|-damage|p2a: Ditto|0 fnt\n|faint|p2a: Ditto\n|\n|upkeep\n|\n|t:|1700672632\n|switch|p2a: Ho-Oh|Ho-Oh|53\/100\n|turn|105\n|\n|t:|1700672634\n|move|p1a: Shaymin|Air Slash|p2a: Ho-Oh\n|-damage|p2a: Ho-Oh|24\/100\n|move|p2a: Ho-Oh|Sacred Fire|p1a: Shaymin|[miss]\n|-miss|p2a: Ho-Oh|p1a: Shaymin\n|\n|upkeep\n|turn|106\n|\n|t:|1700672642\n|switch|p2a: Zygarde|Zygarde-Complete, tera:Water|78\/100 slp\n|move|p1a: Shaymin|Air Slash|p2a: Zygarde\n|-damage|p2a: Zygarde|49\/100 slp\n|\n|-heal|p2a: Zygarde|55\/100 slp|[from] item: Leftovers\n|upkeep\n|turn|107\n|\n|t:|1700672647\n|switch|p2a: Ho-Oh|Ho-Oh|57\/100\n|move|p1a: Shaymin|Air Slash|p2a: Ho-Oh\n|-damage|p2a: Ho-Oh|27\/100\n|\n|upkeep\n|turn|108\n|\n|t:|1700672650\n|switch|p2a: Zygarde|Zygarde-Complete, tera:Water|55\/100 slp\n|move|p1a: Shaymin|Air Slash|p2a: Zygarde\n|-damage|p2a: Zygarde|27\/100 slp\n|\n|-heal|p2a: Zygarde|33\/100 slp|[from] item: Leftovers\n|upkeep\n|turn|109\n|\n|t:|1700672654\n|switch|p2a: Ho-Oh|Ho-Oh|60\/100\n|move|p1a: Shaymin|Air Slash|p2a: Ho-Oh\n|-damage|p2a: Ho-Oh|31\/100\n|\n|upkeep\n|turn|110\n|\n|t:|1700672665\n|move|p1a: Shaymin|Air Slash|p2a: Ho-Oh\n|-damage|p2a: Ho-Oh|0 fnt\n|faint|p2a: Ho-Oh\n|\n|upkeep\n|-message|zxcvbnmmnbvcx forfeited.\n|\n|win|Aphgale\n|raw|Aphgale's rating: 1369 &rarr; <strong>1394<\/strong><br \/>(+25 for winning)\n|raw|zxcvbnmmnbvcx's rating: 1466 &rarr; <strong>1441<\/strong><br \/>(-25 for losing)\n|l|\u2606zxcvbnmmnbvcx\n","uploadtime":1700672678,"views":6,"p1id":"aphgale","p2id":"zxcvbnmmnbvcx","formatid":"gen9nationaldexubers","rating":1394,"private":0,"password":""}