{"id":"gen9nationaldexubers-1989297729","p1":"georgefable1","p2":"ClickForVictory","format":"[Gen 9] National Dex Ubers","log":"|j|\u2606georgefable1\n|j|\u2606ClickForVictory\n|t:|1699833347\n|gametype|singles\n|player|p1|georgefable1|265|\n|player|p2|ClickForVictory|rika|\n|teamsize|p1|4\n|teamsize|p2|4\n|gen|9\n|tier|[Gen 9] National Dex Ubers\n|rule|HP Percentage Mod: HP is shown in percentages\n|rule|Endless Battle Clause: Forcing endless battles is banned\n|rule|OHKO Clause: OHKO moves are banned\n|rule|Evasion Moves Clause: Evasion moves are banned\n|rule|Evasion Items Clause: Evasion items are banned\n|rule|Species Clause: Limit one of each Pok\u00e9mon\n|rule|Sleep Clause Mod: Limit one foe put to sleep\n|rule|Mega Rayquaza Clause: You cannot mega evolve Rayquaza\n|clearpoke\n|poke|p1|Sceptile, F|\n|poke|p1|Urshifu-*, F|\n|poke|p1|Serperior, M|\n|poke|p1|Donphan, F|\n|poke|p2|Arceus|\n|poke|p2|Wo-Chien|\n|poke|p2|Landorus-Therian, M|\n|poke|p2|Sandslash-Alola, F|\n|teampreview\n|\n|t:|1699833401\n|start\n|switch|p1a: MetaOppressor|Urshifu, F|100\/100\n|switch|p2a: one hit wonder|Arceus|100\/100\n|turn|1\n|\n|t:|1699833458\n|switch|p2a: Genie 2|Landorus-Therian, M|100\/100\n|-ability|p2a: Genie 2|Intimidate|boost\n|-unboost|p1a: MetaOppressor|atk|1\n|move|p1a: MetaOppressor|Iron Defense|p1a: MetaOppressor\n|-boost|p1a: MetaOppressor|def|2\n|\n|upkeep\n|turn|2\n|\n|t:|1699833517\n|move|p2a: Genie 2|Earth Power|p1a: MetaOppressor\n|-damage|p1a: MetaOppressor|52\/100\n|-unboost|p1a: MetaOppressor|spd|1\n|move|p1a: MetaOppressor|Body Press|p2a: Genie 2\n|-resisted|p2a: Genie 2\n|-damage|p2a: Genie 2|67\/100\n|\n|-heal|p2a: Genie 2|73\/100|[from] item: Leftovers\n|upkeep\n|turn|3\n|\n|t:|1699833528\n|move|p2a: Genie 2|Earth Power|p1a: MetaOppressor\n|-crit|p1a: MetaOppressor\n|-damage|p1a: MetaOppressor|0 fnt\n|faint|p1a: MetaOppressor\n|\n|-heal|p2a: Genie 2|79\/100|[from] item: Leftovers\n|upkeep\n|\n|t:|1699833535\n|switch|p1a: weed lizard|Sceptile, F|100\/100\n|turn|4\n|\n|t:|1699833540\n|move|p1a: weed lizard|Hidden Power|p2a: Genie 2\n|-supereffective|p2a: Genie 2\n|-crit|p2a: Genie 2\n|-damage|p2a: Genie 2|0 fnt\n|faint|p2a: Genie 2\n|\n|upkeep\n|\n|t:|1699833546\n|switch|p2a: Here we go again|Sandslash-Alola, F|100\/100\n|turn|5\n|\n|t:|1699833609\n|switch|p1a: Zaza|Serperior, M|100\/100\n|move|p2a: Here we go again|Snowscape|p2a: Here we go again\n|-weather|Snow\n|\n|-weather|Snow|[upkeep]\n|upkeep\n|turn|6\n|\n|t:|1699833628\n|move|p2a: Here we go again|Ice Ball|p1a: Zaza\n|-supereffective|p1a: Zaza\n|-damage|p1a: Zaza|71\/100\n|move|p1a: Zaza|Leaf Storm|p2a: Here we go again|[miss]\n|-miss|p1a: Zaza|p2a: Here we go again\n|\n|-weather|Snow|[upkeep]\n|upkeep\n|turn|7\n|\n|t:|1699833635\n|move|p2a: Here we go again|Ice Ball|p1a: Zaza|[from]lockedmove\n|-supereffective|p1a: Zaza\n|-damage|p1a: Zaza|11\/100\n|move|p1a: Zaza|Leaf Storm|p2a: Here we go again\n|-resisted|p2a: Here we go again\n|-damage|p2a: Here we go again|61\/100\n|-boost|p1a: Zaza|spa|2\n|\n|-weather|Snow|[upkeep]\n|upkeep\n|turn|8\n|\n|t:|1699833643\n|move|p2a: Here we go again|Ice Ball|p1a: Zaza|[from]lockedmove\n|-supereffective|p1a: Zaza\n|-damage|p1a: Zaza|0 fnt\n|faint|p1a: Zaza\n|\n|-weather|Snow|[upkeep]\n|upkeep\n|\n|t:|1699833650\n|switch|p1a: Don Phanpy|Donphan, F|100\/100\n|turn|9\n|\n|t:|1699833654\n|move|p2a: Here we go again|Ice Ball|p1a: Don Phanpy|[from]lockedmove\n|-supereffective|p1a: Don Phanpy\n|-ability|p1a: Don Phanpy|Sturdy\n|-damage|p1a: Don Phanpy|1\/100\n|-enditem|p1a: Don Phanpy|Salac Berry|[eat]\n|-boost|p1a: Don Phanpy|spe|1|[from] item: Salac Berry\n|move|p1a: Don Phanpy|Substitute|p1a: Don Phanpy\n|-fail|p1a: Don Phanpy|move: Substitute|[weak]\n|\n|-weather|none\n|upkeep\n|turn|10\n|c|\u2606ClickForVictory|gg\n|c|\u2606georgefable1|yea this has been a shambles for me no lie\n|\n|t:|1699833688\n|move|p1a: Don Phanpy|Endeavor|p2a: Here we go again\n|-damage|p2a: Here we go again|1\/100\n|move|p2a: Here we go again|Ice Ball|p1a: Don Phanpy|[from]lockedmove\n|-supereffective|p1a: Don Phanpy\n|-damage|p1a: Don Phanpy|0 fnt\n|faint|p1a: Don Phanpy\n|\n|upkeep\n|\n|t:|1699833696\n|switch|p1a: weed lizard|Sceptile, F|100\/100\n|turn|11\n|\n|t:|1699833705\n|switch|p2a: one hit wonder|Arceus|100\/100\n|move|p1a: weed lizard|Focus Blast|p2a: one hit wonder\n|-supereffective|p2a: one hit wonder\n|-damage|p2a: one hit wonder|47\/100\n|-unboost|p2a: one hit wonder|spd|1\n|\n|upkeep\n|turn|12\n|\n|t:|1699833714\n|move|p1a: weed lizard|Focus Blast|p2a: one hit wonder\n|-supereffective|p2a: one hit wonder\n|-crit|p2a: one hit wonder\n|-damage|p2a: one hit wonder|0 fnt\n|faint|p2a: one hit wonder\n|\n|upkeep\n|c|\u2606georgefable1|i need this\n|c|\u2606georgefable1|yesssss\n|\n|t:|1699833718\n|switch|p2a: Live Reaction|Wo-Chien|100\/100\n|-ability|p2a: Live Reaction|Tablets of Ruin\n|turn|13\n|c|\u2606georgefable1|pls pls pls\n|\n|t:|1699833724\n|move|p1a: weed lizard|Focus Blast|p2a: Live Reaction|[miss]\n|-miss|p1a: weed lizard|p2a: Live Reaction\n|move|p2a: Live Reaction|Knock Off|p1a: weed lizard\n|-damage|p1a: weed lizard|41\/100\n|-enditem|p1a: weed lizard|Choice Specs|[from] move: Knock Off|[of] p2a: Live Reaction\n|\n|upkeep\n|turn|14\n|c|\u2606georgefable1|fuckkkkk\n|\n|t:|1699833755\n|move|p1a: weed lizard|Focus Blast|p2a: Live Reaction\n|-supereffective|p2a: Live Reaction\n|-damage|p2a: Live Reaction|47\/100\n|move|p2a: Live Reaction|Knock Off|p1a: weed lizard\n|-damage|p1a: weed lizard|0 fnt\n|faint|p1a: weed lizard\n|\n|win|ClickForVictory\n|l|\u2606georgefable1\n","uploadtime":1699833776,"views":25,"p1id":"georgefable1","p2id":"clickforvictory","formatid":"gen9nationaldexubers","rating":0,"private":0,"password":""}