{"id":"gen9nationaldexubers-1981110165","p1":"Neosouls","p2":"mitsuki_yukihana","format":"[Gen 9] National Dex Ubers","log":"|j|\u2606Neosouls\n|j|\u2606mitsuki_yukihana\n|t:|1698864329\n|gametype|singles\n|player|p1|Neosouls|266|\n|player|p2|mitsuki_yukihana|caitlin|\n|teamsize|p1|3\n|teamsize|p2|1\n|gen|9\n|tier|[Gen 9] National Dex Ubers\n|rule|HP Percentage Mod: HP is shown in percentages\n|rule|Endless Battle Clause: Forcing endless battles is banned\n|rule|OHKO Clause: OHKO moves are banned\n|rule|Evasion Moves Clause: Evasion moves are banned\n|rule|Evasion Items Clause: Evasion items are banned\n|rule|Species Clause: Limit one of each Pok\u00e9mon\n|rule|Sleep Clause Mod: Limit one foe put to sleep\n|rule|Mega Rayquaza Clause: You cannot mega evolve Rayquaza\n|clearpoke\n|poke|p1|Pinsir, L20, M|\n|poke|p1|Venonat, L18, M|\n|poke|p1|Ariados, L16, F|\n|poke|p2|Eevee, L17, F|\n|teampreview\n|j| Half_A_Ako\n|c| Half_A_Ako|starf\n|c| Half_A_Ako|mitsuki\n|\n|t:|1698864356\n|start\n|switch|p1a: Venonat|Venonat, L18, M|100\/100\n|switch|p2a: Astral|Eevee, L17, F|100\/100\n|turn|1\n|c| Half_A_Ako|tu gagnes\n|c| Half_A_Ako|je t'achetes nitro\n|\n|t:|1698864390\n|move|p2a: Astral|Hyper Voice|p1a: Venonat\n|-damage|p1a: Venonat|77\/100\n|move|p1a: Venonat|Psybeam|p2a: Astral\n|-damage|p2a: Astral|84\/100\n|\n|upkeep\n|turn|2\n|\n|t:|1698864398\n|move|p2a: Astral|Yawn|p1a: Venonat\n|-start|p1a: Venonat|move: Yawn|[of] p2a: Astral\n|move|p1a: Venonat|Sleep Powder|p2a: Astral\n|-status|p2a: Astral|slp|[from] move: Sleep Powder\n|\n|upkeep\n|turn|3\n|c| Half_A_Ako|MDR\n|c| Half_A_Ako|HAHHAHAHAHAHAHAHAHAHAHAHAHAHHAHAHAHA\n|\n|t:|1698864413\n|cant|p2a: Astral|slp\n|move|p1a: Venonat|Poison Powder||[still]\n|-fail|p1a: Venonat\n|\n|-end|p1a: Venonat|move: Yawn|[silent]\n|-status|p1a: Venonat|slp\n|upkeep\n|turn|4\n|c| Half_A_Ako|LE CHIEEN\n|\n|t:|1698864420\n|-curestatus|p2a: Astral|slp|[msg]\n|move|p2a: Astral|Hyper Voice|p1a: Venonat\n|-damage|p1a: Venonat|48\/100 slp\n|cant|p1a: Venonat|slp\n|\n|upkeep\n|turn|5\n|\n|t:|1698864430\n|switch|p1a: Ariados|Ariados, L16, F|100\/100\n|move|p2a: Astral|Hyper Voice|p1a: Ariados\n|-damage|p1a: Ariados|70\/100\n|\n|upkeep\n|turn|6\n|\n|t:|1698864437\n|move|p2a: Astral|Charm|p1a: Ariados\n|-unboost|p1a: Ariados|atk|2\n|move|p1a: Ariados|Fell Stinger|p2a: Astral\n|-damage|p2a: Astral|62\/100\n|\n|upkeep\n|turn|7\n|c| Half_A_Ako|starf\n|\n|t:|1698864447\n|move|p2a: Astral|Yawn|p1a: Ariados\n|-start|p1a: Ariados|move: Yawn|[of] p2a: Astral\n|move|p1a: Ariados|Night Shade|p2a: Astral\n|-immune|p2a: Astral\n|\n|upkeep\n|turn|8\n|c| Half_A_Ako|mm\n|c| Half_A_Ako|SLEEP\n|\n|t:|1698864455\n|move|p2a: Astral|Hyper Voice|p1a: Ariados\n|-damage|p1a: Ariados|40\/100\n|move|p1a: Ariados|Bug Bite|p2a: Astral\n|-damage|p2a: Astral|39\/100\n|\n|-end|p1a: Ariados|move: Yawn|[silent]\n|-message|Sleep Clause Mod activated.\n|-hint|Sleep Clause Mod prevents players from putting more than one of their opponent's Pok\u00e9mon to sleep at a time\n|upkeep\n|turn|9\n|c| Half_A_Ako|FORCE\n|\n|t:|1698864470\n|move|p2a: Astral|Hyper Voice|p1a: Ariados\n|-damage|p1a: Ariados|10\/100\n|move|p1a: Ariados|Fell Stinger|p2a: Astral\n|-damage|p2a: Astral|10\/100\n|\n|upkeep\n|turn|10\n|c| Half_A_Ako|TU t'es bien battu\n|\n|t:|1698864491\n|move|p2a: Astral|Quick Attack|p1a: Ariados\n|-damage|p1a: Ariados|0 fnt\n|faint|p1a: Ariados\n|\n|upkeep\n|\n|t:|1698864496\n|switch|p1a: Venonat|Venonat, L18, M|48\/100 slp\n|turn|11\n|\n|t:|1698864553\n|-terastallize|p2a: Astral|Normal\n|move|p2a: Astral|Hyper Voice|p1a: Venonat\n|-crit|p1a: Venonat\n|-damage|p1a: Venonat|0 fnt\n|faint|p1a: Venonat\n|\n|upkeep\n|\n|t:|1698864559\n|switch|p1a: Pinsir|Pinsir, L20, M|100\/100\n|-ability|p1a: Pinsir|Mold Breaker\n|turn|12\n|\n|t:|1698864568\n|move|p1a: Pinsir|Storm Throw|p2a: Astral\n|-supereffective|p2a: Astral\n|-crit|p2a: Astral\n|-damage|p2a: Astral|0 fnt\n|faint|p2a: Astral\n|\n|win|Neosouls\n","uploadtime":1698864576,"views":6,"p1id":"neosouls","p2id":"mitsukiyukihana","formatid":"gen9nationaldexubers","rating":0,"private":0,"password":""}