{"id":"gen9nationaldexubers-1984408754","p1":"KarmaNightraide","p2":"wesleyp6752","format":"[Gen 9] National Dex Ubers","log":"|j|\u2606KarmaNightraide\n|j|\u2606wesleyp6752\n|t:|1699258440\n|gametype|singles\n|player|p1|KarmaNightraide|unknown|1242\n|player|p2|wesleyp6752|volkner|1368\n|teamsize|p1|6\n|teamsize|p2|6\n|gen|9\n|tier|[Gen 9] National Dex Ubers\n|rated|\n|rule|HP Percentage Mod: HP is shown in percentages\n|rule|Endless Battle Clause: Forcing endless battles is banned\n|rule|OHKO Clause: OHKO moves are banned\n|rule|Evasion Moves Clause: Evasion moves are banned\n|rule|Evasion Items Clause: Evasion items are banned\n|rule|Species Clause: Limit one of each Pok\u00e9mon\n|rule|Sleep Clause Mod: Limit one foe put to sleep\n|rule|Mega Rayquaza Clause: You cannot mega evolve Rayquaza\n|clearpoke\n|poke|p1|Aegislash, F|\n|poke|p1|Ceruledge, F|\n|poke|p1|Basculegion, M|\n|poke|p1|Mimikyu, M|\n|poke|p1|Mismagius, F|\n|poke|p1|Gourgeist-*, F|\n|poke|p2|Dracovish|\n|poke|p2|Ribombee, M|\n|poke|p2|Kingambit, F|\n|poke|p2|Xerneas-*|\n|poke|p2|Rayquaza|\n|poke|p2|Alakazam, F|\n|teampreview\n|inactive|Battle timer is ON: inactive players will automatically lose when time's up. (requested by wesleyp6752)\n|\n|t:|1699258443\n|start\n|switch|p1a: Witch|Mismagius, F|100\/100\n|switch|p2a: Alakazam|Alakazam, F|100\/100\n|turn|1\n|\n|t:|1699258456\n|detailschange|p2a: Alakazam|Alakazam-Mega, F\n|-mega|p2a: Alakazam|Alakazam|Alakazite\n|-ability|p2a: Alakazam|Levitate|[from] ability: Trace|[of] p1a: Witch\n|move|p2a: Alakazam|Substitute|p2a: Alakazam\n|-start|p2a: Alakazam|Substitute\n|-damage|p2a: Alakazam|76\/100\n|move|p1a: Witch|Nasty Plot|p1a: Witch\n|-boost|p1a: Witch|spa|2\n|\n|upkeep\n|turn|2\n|inactive|KarmaNightraide has 120 seconds left.\n|\n|t:|1699258487\n|move|p2a: Alakazam|Psychic|p1a: Witch\n|-damage|p1a: Witch|22\/100\n|move|p1a: Witch|Energy Ball|p2a: Alakazam\n|-end|p2a: Alakazam|Substitute\n|\n|upkeep\n|turn|3\n|\n|t:|1699258496\n|move|p2a: Alakazam|Psychic|p1a: Witch\n|-damage|p1a: Witch|0 fnt\n|faint|p1a: Witch\n|\n|upkeep\n|\n|t:|1699258502\n|switch|p1a: Excalasey|Aegislash, F|100\/100\n|turn|4\n|\n|t:|1699258506\n|-formechange|p1a: Excalasey|Aegislash-Blade||[from] ability: Stance Change\n|move|p1a: Excalasey|Shadow Sneak|p2a: Alakazam\n|-supereffective|p2a: Alakazam\n|-damage|p2a: Alakazam|0 fnt\n|faint|p2a: Alakazam\n|\n|upkeep\n|\n|t:|1699258508\n|switch|p2a: Ribombee|Ribombee, M|100\/100\n|turn|5\n|\n|t:|1699258535\n|move|p2a: Ribombee|Sticky Web|p1a: Excalasey\n|-sidestart|p1: KarmaNightraide|move: Sticky Web\n|move|p1a: Excalasey|Iron Head|p2a: Ribombee\n|-supereffective|p2a: Ribombee\n|-enditem|p2a: Ribombee|Focus Sash\n|-damage|p2a: Ribombee|1\/100\n|\n|upkeep\n|turn|6\n|\n|t:|1699258543\n|move|p1a: Excalasey|Shadow Sneak|p2a: Ribombee\n|-damage|p2a: Ribombee|0 fnt\n|faint|p2a: Ribombee\n|\n|upkeep\n|\n|t:|1699258548\n|switch|p2a: Xerneas|Xerneas|100\/100\n|-ability|p2a: Xerneas|Fairy Aura\n|turn|7\n|\n|t:|1699258553\n|-terastallize|p2a: Xerneas|Steel\n|move|p2a: Xerneas|Geomancy||[still]\n|-prepare|p2a: Xerneas|Geomancy\n|-enditem|p2a: Xerneas|Power Herb\n|-anim|p2a: Xerneas|Geomancy|p2a: Xerneas\n|-boost|p2a: Xerneas|spa|2\n|-boost|p2a: Xerneas|spd|2\n|-boost|p2a: Xerneas|spe|2\n|move|p1a: Excalasey|Iron Head|p2a: Xerneas\n|-resisted|p2a: Xerneas\n|-damage|p2a: Xerneas|78\/100\n|\n|upkeep\n|turn|8\n|\n|t:|1699258563\n|-formechange|p1a: Excalasey|Aegislash||[from] ability: Stance Change\n|move|p1a: Excalasey|King's Shield|p1a: Excalasey\n|-singleturn|p1a: Excalasey|Protect\n|move|p2a: Xerneas|Psyshock|p1a: Excalasey\n|-activate|p1a: Excalasey|move: Protect\n|\n|upkeep\n|turn|9\n|\n|t:|1699258573\n|-terastallize|p1a: Excalasey|Dark\n|move|p2a: Xerneas|Psyshock|p1a: Excalasey\n|-immune|p1a: Excalasey\n|-formechange|p1a: Excalasey|Aegislash-Blade||[from] ability: Stance Change\n|move|p1a: Excalasey|Sacred Sword|p2a: Xerneas\n|-supereffective|p2a: Xerneas\n|-damage|p2a: Xerneas|11\/100\n|\n|upkeep\n|turn|10\n|\n|t:|1699258585\n|move|p1a: Excalasey|Shadow Sneak|p2a: Xerneas\n|-damage|p2a: Xerneas|0 fnt\n|faint|p2a: Xerneas\n|\n|upkeep\n|\n|t:|1699258588\n|switch|p2a: Kingambit|Kingambit, F|100\/100\n|-activate|p2a: Kingambit|ability: Supreme Overlord\n|-start|p2a: Kingambit|fallen3|[silent]\n|turn|11\n|\n|t:|1699258603\n|-formechange|p1a: Excalasey|Aegislash||[from] ability: Stance Change\n|move|p1a: Excalasey|King's Shield|p1a: Excalasey\n|-singleturn|p1a: Excalasey|Protect\n|move|p2a: Kingambit|Knock Off|p1a: Excalasey\n|-activate|p1a: Excalasey|move: Protect\n|-unboost|p2a: Kingambit|atk|1\n|\n|upkeep\n|turn|12\n|\n|t:|1699258613\n|-end|p2a: Kingambit|fallen3|[silent]\n|switch|p2a: Rayquaza|Rayquaza|100\/100\n|-ability|p2a: Rayquaza|Air Lock\n|-formechange|p1a: Excalasey|Aegislash-Blade||[from] ability: Stance Change\n|move|p1a: Excalasey|Sacred Sword|p2a: Rayquaza\n|-resisted|p2a: Rayquaza\n|-damage|p2a: Rayquaza|81\/100\n|\n|upkeep\n|turn|13\n|\n|t:|1699258637\n|-formechange|p1a: Excalasey|Aegislash||[from] ability: Stance Change\n|move|p1a: Excalasey|King's Shield|p1a: Excalasey\n|-singleturn|p1a: Excalasey|Protect\n|move|p2a: Rayquaza|Dragon Dance|p2a: Rayquaza\n|-boost|p2a: Rayquaza|atk|1\n|-boost|p2a: Rayquaza|spe|1\n|\n|upkeep\n|turn|14\n|\n|t:|1699258653\n|switch|p1a: Widowmaker|Ceruledge, F|100\/100\n|-activate|p1a: Widowmaker|move: Sticky Web\n|-unboost|p1a: Widowmaker|spe|1\n|move|p2a: Rayquaza|Dragon Claw|p1a: Widowmaker\n|-enditem|p1a: Widowmaker|Focus Sash\n|-damage|p1a: Widowmaker|1\/100\n|-ability|p1a: Widowmaker|Weak Armor|boost\n|-unboost|p1a: Widowmaker|def|1\n|-boost|p1a: Widowmaker|spe|2\n|\n|upkeep\n|turn|15\n|\n|t:|1699258666\n|move|p1a: Widowmaker|Dragon Claw|p2a: Rayquaza\n|-supereffective|p2a: Rayquaza\n|-damage|p2a: Rayquaza|20\/100\n|move|p2a: Rayquaza|Waterfall|p1a: Widowmaker\n|-supereffective|p1a: Widowmaker\n|-damage|p1a: Widowmaker|0 fnt\n|faint|p1a: Widowmaker\n|\n|upkeep\n|inactive|KarmaNightraide has 120 seconds left.\n|\n|t:|1699258679\n|switch|p1a: Excalasey|Aegislash, F, tera:Dark|100\/100\n|-activate|p1a: Excalasey|move: Sticky Web\n|-unboost|p1a: Excalasey|spe|1\n|turn|16\n|\n|t:|1699258689\n|move|p1a: Excalasey|King's Shield|p1a: Excalasey\n|-singleturn|p1a: Excalasey|Protect\n|move|p2a: Rayquaza|Dragon Ascent|p1a: Excalasey\n|-activate|p1a: Excalasey|move: Protect\n|-unboost|p2a: Rayquaza|atk|1\n|\n|upkeep\n|turn|17\n|\n|t:|1699258698\n|-formechange|p1a: Excalasey|Aegislash-Blade||[from] ability: Stance Change\n|move|p1a: Excalasey|Shadow Sneak|p2a: Rayquaza\n|-damage|p2a: Rayquaza|0 fnt\n|faint|p2a: Rayquaza\n|\n|upkeep\n|\n|t:|1699258701\n|switch|p2a: Dracovish|Dracovish|100\/100\n|turn|18\n|inactive|KarmaNightraide has 120 seconds left.\n|\n|t:|1699258726\n|switch|p2a: Kingambit|Kingambit, F|100\/100\n|-activate|p2a: Kingambit|ability: Supreme Overlord\n|-start|p2a: Kingambit|fallen4|[silent]\n|move|p1a: Excalasey|Sacred Sword|p2a: Kingambit\n|-supereffective|p2a: Kingambit\n|-damage|p2a: Kingambit|0 fnt\n|faint|p2a: Kingambit\n|-end|p2a: Kingambit|fallen4|[silent]\n|\n|upkeep\n|\n|t:|1699258731\n|switch|p2a: Dracovish|Dracovish|100\/100\n|turn|19\n|-message|wesleyp6752 forfeited.\n|\n|win|KarmaNightraide\n|raw|KarmaNightraide's rating: 1242 &rarr; <strong>1276<\/strong><br \/>(+34 for winning)\n|raw|wesleyp6752's rating: 1368 &rarr; <strong>1341<\/strong><br \/>(-27 for losing)\n|l|\u2606wesleyp6752\n","uploadtime":1699258749,"views":5,"p1id":"karmanightraide","p2id":"wesleyp6752","formatid":"gen9nationaldexubers","rating":1276,"private":0,"password":""}