{"id":"gen9nationaldexubers-1988081650","p1":"Bukumaaa","p2":"Rhyfinn 01","format":"[Gen 9] National Dex Ubers","log":"|j|\u2606Bukumaaa\n|j|\u2606Rhyfinn 01\n|t:|1699667265\n|gametype|singles\n|player|p1|Bukumaaa|169|1231\n|player|p2|Rhyfinn 01|alder|1218\n|teamsize|p1|6\n|teamsize|p2|6\n|gen|9\n|tier|[Gen 9] National Dex Ubers\n|rated|\n|rule|HP Percentage Mod: HP is shown in percentages\n|rule|Endless Battle Clause: Forcing endless battles is banned\n|rule|OHKO Clause: OHKO moves are banned\n|rule|Evasion Moves Clause: Evasion moves are banned\n|rule|Evasion Items Clause: Evasion items are banned\n|rule|Species Clause: Limit one of each Pok\u00e9mon\n|rule|Sleep Clause Mod: Limit one foe put to sleep\n|rule|Mega Rayquaza Clause: You cannot mega evolve Rayquaza\n|clearpoke\n|poke|p1|Venusaur, M|\n|poke|p1|Zapdos|\n|poke|p1|Feraligatr, F|\n|poke|p1|Snorlax, F|\n|poke|p1|Dragonite, F|\n|poke|p1|Arcanine, M|\n|poke|p2|Groudon|\n|poke|p2|Xerneas-*|\n|poke|p2|Marshadow|\n|poke|p2|Necrozma-Dusk-Mane|\n|poke|p2|Deoxys-Speed|\n|poke|p2|Rayquaza|\n|teampreview\n|inactive|Battle timer is ON: inactive players will automatically lose when time's up. (requested by Rhyfinn 01)\n|\n|t:|1699667271\n|start\n|switch|p1a: BIG BOI|Snorlax, F|100\/100\n|switch|p2a: Deoxys|Deoxys-Speed|100\/100\n|-ability|p2a: Deoxys|Pressure\n|turn|1\n|\n|t:|1699667278\n|move|p2a: Deoxys|Taunt|p1a: BIG BOI\n|-start|p1a: BIG BOI|move: Taunt\n|move|p1a: BIG BOI|Body Slam|p2a: Deoxys\n|-damage|p2a: Deoxys|50\/100\n|-status|p2a: Deoxys|par\n|\n|upkeep\n|turn|2\n|\n|t:|1699667304\n|move|p2a: Deoxys|Stealth Rock|p1a: BIG BOI\n|-sidestart|p1: Bukumaaa|move: Stealth Rock\n|move|p1a: BIG BOI|Body Slam|p2a: Deoxys\n|-damage|p2a: Deoxys|3\/100 par\n|\n|upkeep\n|turn|3\n|\n|t:|1699667309\n|move|p2a: Deoxys|Spikes|p1a: BIG BOI\n|-sidestart|p1: Bukumaaa|Spikes\n|move|p1a: BIG BOI|Body Slam|p2a: Deoxys\n|-damage|p2a: Deoxys|0 fnt\n|faint|p2a: Deoxys\n|\n|-end|p1a: BIG BOI|move: Taunt\n|upkeep\n|\n|t:|1699667316\n|switch|p2a: Marshadow|Marshadow|100\/100\n|turn|4\n|\n|t:|1699667328\n|switch|p1a: NOBLE|Arcanine, M|100\/100\n|-damage|p1a: NOBLE|76\/100|[from] Stealth Rock\n|-damage|p1a: NOBLE|63\/100|[from] Spikes\n|-ability|p1a: NOBLE|Intimidate|boost\n|-unboost|p2a: Marshadow|atk|1\n|move|p2a: Marshadow|Close Combat|p1a: NOBLE\n|-damage|p1a: NOBLE|9\/100\n|-unboost|p2a: Marshadow|def|1\n|-unboost|p2a: Marshadow|spd|1\n|\n|-heal|p1a: NOBLE|15\/100|[from] item: Leftovers\n|upkeep\n|turn|5\n|\n|t:|1699667342\n|move|p2a: Marshadow|Spectral Thief|p1a: NOBLE\n|-damage|p1a: NOBLE|0 fnt\n|faint|p1a: NOBLE\n|\n|upkeep\n|\n|t:|1699667359\n|switch|p1a: GRASSMAMBA|Venusaur, M|100\/100\n|-damage|p1a: GRASSMAMBA|88\/100|[from] Stealth Rock\n|-damage|p1a: GRASSMAMBA|76\/100|[from] Spikes\n|turn|6\n|\n|t:|1699667368\n|switch|p2a: Rayquaza|Rayquaza|100\/100\n|-ability|p2a: Rayquaza|Air Lock\n|detailschange|p1a: GRASSMAMBA|Venusaur-Mega, M\n|-mega|p1a: GRASSMAMBA|Venusaur|Venusaurite\n|move|p1a: GRASSMAMBA|Energy Ball|p2a: Rayquaza\n|-resisted|p2a: Rayquaza\n|-damage|p2a: Rayquaza|89\/100\n|\n|upkeep\n|turn|7\n|\n|t:|1699667378\n|move|p2a: Rayquaza|Dragon Ascent|p1a: GRASSMAMBA\n|-supereffective|p1a: GRASSMAMBA\n|-damage|p1a: GRASSMAMBA|0 fnt\n|-unboost|p2a: Rayquaza|def|1\n|-unboost|p2a: Rayquaza|spd|1\n|faint|p1a: GRASSMAMBA\n|\n|upkeep\n|\n|t:|1699667391\n|switch|p1a: BIG BOI|Snorlax, F|100\/100\n|-damage|p1a: BIG BOI|88\/100|[from] Stealth Rock\n|-damage|p1a: BIG BOI|76\/100|[from] Spikes\n|turn|8\n|inactive|Bukumaaa has 120 seconds left.\n|\n|t:|1699667412\n|switch|p2a: Marshadow|Marshadow|100\/100\n|move|p1a: BIG BOI|Body Slam|p2a: Marshadow\n|-immune|p2a: Marshadow\n|\n|-heal|p1a: BIG BOI|82\/100|[from] item: Leftovers\n|upkeep\n|turn|9\n|inactive|Bukumaaa has 120 seconds left.\n|\n|t:|1699667424\n|move|p2a: Marshadow|Close Combat|p1a: BIG BOI\n|-supereffective|p1a: BIG BOI\n|-damage|p1a: BIG BOI|0 fnt\n|-unboost|p2a: Marshadow|def|1\n|-unboost|p2a: Marshadow|spd|1\n|faint|p1a: BIG BOI\n|\n|upkeep\n|inactive|Bukumaaa has 120 seconds left.\n|\n|t:|1699667431\n|switch|p1a: BIG BIRD|Zapdos|100\/100\n|-damage|p1a: BIG BIRD|76\/100|[from] Stealth Rock\n|turn|10\n|\n|t:|1699667439\n|move|p2a: Marshadow|Rock Tomb|p1a: BIG BIRD\n|-supereffective|p1a: BIG BIRD\n|-damage|p1a: BIG BIRD|0 fnt\n|faint|p1a: BIG BIRD\n|\n|upkeep\n|\n|t:|1699667446\n|switch|p1a: BOSS CROC|Feraligatr, F|100\/100\n|-damage|p1a: BOSS CROC|88\/100|[from] Stealth Rock\n|-damage|p1a: BOSS CROC|76\/100|[from] Spikes\n|turn|11\n|\n|t:|1699667453\n|switch|p2a: Groudon|Groudon, shiny|100\/100\n|detailschange|p2a: Groudon|Groudon-Primal, shiny\n|-primal|p2a: Groudon|Red Orb\n|-weather|DesolateLand|[from] ability: Desolate Land|[of] p2a: Groudon\n|move|p1a: BOSS CROC|Liquidation||[still]\n|-fail|p1a: BOSS CROC|Liquidation|[from] Desolate Land\n|\n|-weather|DesolateLand|[upkeep]\n|upkeep\n|turn|12\n|\n|t:|1699667462\n|move|p1a: BOSS CROC|Earthquake|p2a: Groudon\n|-supereffective|p2a: Groudon\n|-damage|p2a: Groudon|45\/100\n|-damage|p1a: BOSS CROC|66\/100|[from] item: Life Orb\n|move|p2a: Groudon|Solar Beam||[still]\n|-prepare|p2a: Groudon|Solar Beam\n|-anim|p2a: Groudon|Solar Beam|p1a: BOSS CROC\n|-supereffective|p1a: BOSS CROC\n|-damage|p1a: BOSS CROC|0 fnt\n|faint|p1a: BOSS CROC\n|\n|-weather|DesolateLand|[upkeep]\n|upkeep\n|\n|t:|1699667474\n|switch|p1a: SHENRON|Dragonite, F, shiny|100\/100\n|-damage|p1a: SHENRON|75\/100|[from] Stealth Rock\n|turn|13\n|\n|t:|1699667480\n|-weather|none\n|switch|p2a: Rayquaza|Rayquaza|89\/100\n|-ability|p2a: Rayquaza|Air Lock\n|move|p1a: SHENRON|Earthquake|p2a: Rayquaza\n|-immune|p2a: Rayquaza\n|\n|-heal|p1a: SHENRON|82\/100|[from] item: Leftovers\n|upkeep\n|turn|14\n|\n|t:|1699667492\n|-terastallize|p2a: Rayquaza|Normal\n|-terastallize|p1a: SHENRON|Normal\n|move|p2a: Rayquaza|Extreme Speed|p1a: SHENRON\n|-damage|p1a: SHENRON|32\/100\n|move|p1a: SHENRON|Dragon Claw|p2a: Rayquaza\n|-damage|p2a: Rayquaza|44\/100\n|\n|-heal|p1a: SHENRON|38\/100|[from] item: Leftovers\n|upkeep\n|turn|15\n|\n|t:|1699667504\n|move|p2a: Rayquaza|Extreme Speed|p1a: SHENRON\n|-damage|p1a: SHENRON|0 fnt\n|faint|p1a: SHENRON\n|\n|win|Rhyfinn 01\n|raw|Bukumaaa's rating: 1231 &rarr; <strong>1205<\/strong><br \/>(-26 for losing)\n|raw|Rhyfinn 01's rating: 1218 &rarr; <strong>1244<\/strong><br \/>(+26 for winning)\n|c|\u2606Rhyfinn 01|gg ez\n","uploadtime":1699667515,"views":5,"p1id":"bukumaaa","p2id":"rhyfinn01","formatid":"gen9nationaldexubers","rating":1205,"private":0,"password":""}