{"id":"gen9nationaldexubers-1983559946","p1":"Eimint64","p2":"subat911","format":"[Gen 9] National Dex Ubers","log":"|j|\u2606Eimint64\n|j|\u2606subat911\n|t:|1699143428\n|gametype|singles\n|player|p1|Eimint64|blackbelt-gen4dp|1454\n|player|p2|subat911|schoolkidf|1482\n|teamsize|p1|6\n|teamsize|p2|6\n|gen|9\n|tier|[Gen 9] National Dex Ubers\n|rated|\n|rule|HP Percentage Mod: HP is shown in percentages\n|rule|Endless Battle Clause: Forcing endless battles is banned\n|rule|OHKO Clause: OHKO moves are banned\n|rule|Evasion Moves Clause: Evasion moves are banned\n|rule|Evasion Items Clause: Evasion items are banned\n|rule|Species Clause: Limit one of each Pok\u00e9mon\n|rule|Sleep Clause Mod: Limit one foe put to sleep\n|rule|Mega Rayquaza Clause: You cannot mega evolve Rayquaza\n|clearpoke\n|poke|p1|Marshadow|\n|poke|p1|Basculin-White-Striped, M|\n|poke|p1|Wobbuffet, M|\n|poke|p1|Glalie, F|\n|poke|p1|Cyclizar, M|\n|poke|p1|Cloyster, F|\n|poke|p2|Urshifu-*, M|\n|poke|p2|Aggron, F|\n|poke|p2|Kyogre|\n|poke|p2|Blacephalon|\n|poke|p2|Zygarde|\n|poke|p2|Blissey, F|\n|teampreview\n|inactive|Battle timer is ON: inactive players will automatically lose when time's up. (requested by Eimint64)\n|\n|t:|1699143439\n|start\n|switch|p1a: Marshadow|Marshadow|100\/100\n|switch|p2a: Urshifu|Urshifu, M|100\/100\n|turn|1\n|\n|t:|1699143444\n|move|p1a: Marshadow|Force Palm|p2a: Urshifu\n|-supereffective|p2a: Urshifu\n|-damage|p2a: Urshifu|23\/100\n|move|p2a: Urshifu|Wicked Blow|p1a: Marshadow\n|-crit|p1a: Marshadow\n|-damage|p1a: Marshadow|15\/100\n|\n|upkeep\n|turn|2\n|\n|t:|1699143450\n|move|p2a: Urshifu|Sucker Punch||[still]\n|-fail|p2a: Urshifu\n|move|p1a: Marshadow|Swagger|p2a: Urshifu\n|-boost|p2a: Urshifu|atk|2\n|-enditem|p1a: Marshadow|Mirror Herb\n|-boost|p1a: Marshadow|atk|2|[from] item: Mirror Herb\n|-start|p2a: Urshifu|confusion\n|\n|upkeep\n|turn|3\n|\n|t:|1699143456\n|move|p1a: Marshadow|Shadow Sneak|p2a: Urshifu\n|-resisted|p2a: Urshifu\n|-damage|p2a: Urshifu|0 fnt\n|faint|p2a: Urshifu\n|\n|upkeep\n|\n|t:|1699143460\n|switch|p2a: Aggron|Aggron, F|100\/100\n|turn|4\n|\n|t:|1699143466\n|move|p1a: Marshadow|Force Palm|p2a: Aggron\n|-supereffective|p2a: Aggron\n|-ability|p2a: Aggron|Sturdy\n|-damage|p2a: Aggron|1\/100\n|move|p2a: Aggron|Metal Burst|p1a: Marshadow\n|-damage|p1a: Marshadow|0 fnt\n|faint|p1a: Marshadow\n|\n|upkeep\n|\n|t:|1699143478\n|switch|p1a: Glalie|Glalie, F|100\/100\n|turn|5\n|\n|t:|1699143482\n|detailschange|p2a: Aggron|Aggron-Mega, F\n|-mega|p2a: Aggron|Aggron|Aggronite\n|move|p1a: Glalie|Freeze-Dry|p2a: Aggron\n|-resisted|p2a: Aggron\n|-damage|p2a: Aggron|0 fnt\n|faint|p2a: Aggron\n|\n|-ability|p1a: Glalie|Moody|boost\n|-boost|p1a: Glalie|spa|2\n|-unboost|p1a: Glalie|spd|1\n|upkeep\n|\n|t:|1699143490\n|switch|p2a: Blacephalon|Blacephalon|100\/100\n|turn|6\n|\n|t:|1699143495\n|move|p1a: Glalie|Protect|p1a: Glalie\n|-singleturn|p1a: Glalie|Protect\n|move|p2a: Blacephalon|Flamethrower|p1a: Glalie\n|-activate|p1a: Glalie|move: Protect\n|\n|-ability|p1a: Glalie|Moody|boost\n|-boost|p1a: Glalie|spa|2\n|-unboost|p1a: Glalie|spd|1\n|upkeep\n|turn|7\n|\n|t:|1699143502\n|switch|p1a: Wobbuffet|Wobbuffet, M|100\/100\n|move|p2a: Blacephalon|Flamethrower|p1a: Wobbuffet\n|-damage|p1a: Wobbuffet|60\/100\n|\n|upkeep\n|turn|8\n|\n|t:|1699143508\n|-terastallize|p2a: Blacephalon|Fire\n|move|p2a: Blacephalon|Flamethrower|p1a: Wobbuffet\n|-damage|p1a: Wobbuffet|0 fnt\n|faint|p1a: Wobbuffet\n|-ability|p2a: Blacephalon|Beast Boost|boost\n|-boost|p2a: Blacephalon|spa|1\n|\n|upkeep\n|\n|t:|1699143514\n|switch|p1a: Basculin|Basculin-White-Striped, M|100\/100\n|turn|9\n|\n|t:|1699143522\n|switch|p2a: Kyogre|Kyogre|100\/100\n|detailschange|p2a: Kyogre|Kyogre-Primal\n|-primal|p2a: Kyogre|Blue Orb\n|-weather|PrimordialSea|[from] ability: Primordial Sea|[of] p2a: Kyogre\n|move|p1a: Basculin|Flip Turn|p2a: Kyogre\n|-resisted|p2a: Kyogre\n|-damage|p2a: Kyogre|77\/100\n|\n|t:|1699143528\n|switch|p1a: Glalie|Glalie, F|100\/100|[from] Flip Turn\n|\n|-weather|PrimordialSea|[upkeep]\n|-ability|p1a: Glalie|Moody|boost\n|-boost|p1a: Glalie|spd|2\n|-unboost|p1a: Glalie|spa|1\n|upkeep\n|turn|10\n|\n|t:|1699143540\n|-weather|none\n|switch|p2a: Blissey|Blissey, F|100\/100\n|move|p1a: Glalie|Freeze-Dry|p2a: Blissey\n|-damage|p2a: Blissey|95\/100\n|\n|-heal|p2a: Blissey|100\/100|[from] item: Leftovers\n|-ability|p1a: Glalie|Moody|boost\n|-boost|p1a: Glalie|def|2\n|-unboost|p1a: Glalie|spd|1\n|upkeep\n|turn|11\n|\n|t:|1699143549\n|move|p1a: Glalie|Substitute|p1a: Glalie\n|-start|p1a: Glalie|Substitute\n|-damage|p1a: Glalie|76\/100\n|move|p2a: Blissey|Toxic|p1a: Glalie|[miss]\n|-miss|p2a: Blissey|p1a: Glalie\n|\n|-heal|p1a: Glalie|82\/100|[from] item: Leftovers\n|-ability|p1a: Glalie|Moody|boost\n|-boost|p1a: Glalie|spa|2\n|-unboost|p1a: Glalie|atk|1\n|upkeep\n|turn|12\n|\n|t:|1699143558\n|move|p1a: Glalie|Freeze-Dry|p2a: Blissey\n|-damage|p2a: Blissey|90\/100\n|-status|p2a: Blissey|frz\n|cant|p2a: Blissey|frz\n|\n|-heal|p1a: Glalie|88\/100|[from] item: Leftovers\n|-heal|p2a: Blissey|96\/100 frz|[from] item: Leftovers\n|-ability|p1a: Glalie|Moody|boost\n|-boost|p1a: Glalie|def|2\n|-unboost|p1a: Glalie|spd|1\n|upkeep\n|turn|13\n|\n|t:|1699143574\n|-curestatus|p2a: Blissey|frz|[from] ability: Natural Cure\n|switch|p2a: Kyogre|Kyogre-Primal|77\/100\n|-weather|PrimordialSea|[from] ability: Primordial Sea|[of] p2a: Kyogre\n|move|p1a: Glalie|Freeze-Dry|p2a: Kyogre\n|-supereffective|p2a: Kyogre\n|-damage|p2a: Kyogre|30\/100\n|\n|-weather|PrimordialSea|[upkeep]\n|-heal|p1a: Glalie|94\/100|[from] item: Leftovers\n|-ability|p1a: Glalie|Moody|boost\n|-boost|p1a: Glalie|spa|2\n|-unboost|p1a: Glalie|atk|1\n|upkeep\n|turn|14\n|\n|t:|1699143591\n|-weather|none\n|switch|p2a: Blissey|Blissey, F|96\/100\n|move|p1a: Glalie|Freeze-Dry|p2a: Blissey\n|-damage|p2a: Blissey|76\/100\n|\n|-heal|p1a: Glalie|99\/100|[from] item: Leftovers\n|-heal|p2a: Blissey|83\/100|[from] item: Leftovers\n|-ability|p1a: Glalie|Moody|boost\n|-boost|p1a: Glalie|spe|2\n|-unboost|p1a: Glalie|def|1\n|upkeep\n|turn|15\n|\n|t:|1699143604\n|move|p1a: Glalie|Freeze-Dry|p2a: Blissey\n|-damage|p2a: Blissey|65\/100\n|move|p2a: Blissey|Seismic Toss|p1a: Glalie\n|-end|p1a: Glalie|Substitute\n|\n|-heal|p1a: Glalie|100\/100|[from] item: Leftovers\n|-heal|p2a: Blissey|71\/100|[from] item: Leftovers\n|-ability|p1a: Glalie|Moody|boost\n|-boost|p1a: Glalie|spd|2\n|-unboost|p1a: Glalie|def|1\n|upkeep\n|turn|16\n|\n|t:|1699143617\n|switch|p1a: Cloyster|Cloyster, F|100\/100\n|move|p2a: Blissey|Seismic Toss|p1a: Cloyster\n|-damage|p1a: Cloyster|59\/100\n|\n|-heal|p2a: Blissey|77\/100|[from] item: Leftovers\n|upkeep\n|turn|17\n|\n|t:|1699143634\n|move|p1a: Cloyster|Shell Smash|p1a: Cloyster\n|-unboost|p1a: Cloyster|def|1\n|-unboost|p1a: Cloyster|spd|1\n|-boost|p1a: Cloyster|atk|2\n|-boost|p1a: Cloyster|spa|2\n|-boost|p1a: Cloyster|spe|2\n|move|p2a: Blissey|Toxic|p1a: Cloyster\n|-status|p1a: Cloyster|tox\n|\n|-heal|p2a: Blissey|83\/100|[from] item: Leftovers\n|-damage|p1a: Cloyster|53\/100 tox|[from] psn\n|upkeep\n|turn|18\n|inactive|subat911 has 120 seconds left.\n|\n|t:|1699143650\n|switch|p2a: Kyogre|Kyogre-Primal|30\/100\n|-weather|PrimordialSea|[from] ability: Primordial Sea|[of] p2a: Kyogre\n|move|p1a: Cloyster|Icicle Spear|p2a: Kyogre\n|-resisted|p2a: Kyogre\n|-damage|p2a: Kyogre|19\/100\n|-resisted|p2a: Kyogre\n|-damage|p2a: Kyogre|10\/100\n|-resisted|p2a: Kyogre\n|-damage|p2a: Kyogre|0 fnt\n|faint|p2a: Kyogre\n|-weather|none\n|-hitcount|p2: Kyogre|3\n|\n|-damage|p1a: Cloyster|40\/100 tox|[from] psn\n|upkeep\n|inactive|subat911 has 120 seconds left.\n|\n|t:|1699143663\n|switch|p2a: Blacephalon|Blacephalon, tera:Fire|100\/100\n|turn|19\n|\n|t:|1699143665\n|move|p1a: Cloyster|Rock Blast|p2a: Blacephalon\n|-supereffective|p2a: Blacephalon\n|-damage|p2a: Blacephalon|33\/100\n|-supereffective|p2a: Blacephalon\n|-damage|p2a: Blacephalon|0 fnt\n|faint|p2a: Blacephalon\n|-hitcount|p2: Blacephalon|2\n|\n|-damage|p1a: Cloyster|22\/100 tox|[from] psn\n|upkeep\n|inactive|subat911 has 120 seconds left.\n|\n|t:|1699143678\n|switch|p2a: Zygarde|Zygarde|100\/100\n|turn|20\n|\n|t:|1699143680\n|move|p1a: Cloyster|Ice Shard|p2a: Zygarde\n|-supereffective|p2a: Zygarde\n|-damage|p2a: Zygarde|14\/100\n|move|p2a: Zygarde|Coil|p2a: Zygarde\n|-boost|p2a: Zygarde|atk|1\n|-boost|p2a: Zygarde|def|1\n|-boost|p2a: Zygarde|accuracy|1\n|\n|-heal|p2a: Zygarde|20\/100|[from] item: Leftovers\n|-damage|p1a: Cloyster|0 fnt|[from] psn\n|faint|p1a: Cloyster\n|-activate|p2a: Zygarde|ability: Power Construct\n|detailschange|p2a: Zygarde|Zygarde-Complete\n|-heal|p2a: Zygarde|50\/100|[silent]\n|upkeep\n|\n|t:|1699143688\n|switch|p1a: Cyclizar|Cyclizar, M|100\/100\n|turn|21\n|\n|t:|1699143696\n|move|p1a: Cyclizar|Draco Meteor|p2a: Zygarde\n|-supereffective|p2a: Zygarde\n|-damage|p2a: Zygarde|0 fnt\n|-unboost|p1a: Cyclizar|spa|2\n|faint|p2a: Zygarde\n|\n|upkeep\n|\n|t:|1699143701\n|switch|p2a: Blissey|Blissey, F|83\/100\n|turn|22\n|\n|t:|1699143707\n|switch|p1a: Basculin|Basculin-White-Striped, M|100\/100\n|move|p2a: Blissey|Toxic|p1a: Basculin\n|-status|p1a: Basculin|tox\n|\n|-heal|p2a: Blissey|89\/100|[from] item: Leftovers\n|-damage|p1a: Basculin|94\/100 tox|[from] psn\n|upkeep\n|turn|23\n|\n|t:|1699143714\n|move|p1a: Basculin|Flip Turn|p2a: Blissey\n|-damage|p2a: Blissey|26\/100\n|\n|t:|1699143717\n|switch|p1a: Cyclizar|Cyclizar, M|100\/100|[from] Flip Turn\n|move|p2a: Blissey|Soft-Boiled|p2a: Blissey\n|-heal|p2a: Blissey|76\/100\n|\n|-heal|p2a: Blissey|82\/100|[from] item: Leftovers\n|upkeep\n|turn|24\n|\n|t:|1699143726\n|move|p1a: Cyclizar|Shed Tail|p1a: Cyclizar\n|-start|p1a: Cyclizar|Substitute|[from] move: Shed Tail\n|-damage|p1a: Cyclizar|50\/100\n|\n|t:|1699143728\n|switch|p1a: Basculin|Basculin-White-Striped, M|94\/100 tox|[from] Shed Tail\n|move|p2a: Blissey|Seismic Toss|p1a: Basculin\n|-end|p1a: Basculin|Substitute\n|\n|-heal|p2a: Blissey|88\/100|[from] item: Leftovers\n|-damage|p1a: Basculin|88\/100 tox|[from] psn\n|upkeep\n|turn|25\n|\n|t:|1699143737\n|move|p1a: Basculin|Crunch|p2a: Blissey\n|-damage|p2a: Blissey|46\/100\n|move|p2a: Blissey|Soft-Boiled|p2a: Blissey\n|-heal|p2a: Blissey|96\/100\n|\n|-heal|p2a: Blissey|100\/100|[from] item: Leftovers\n|-damage|p1a: Basculin|76\/100 tox|[from] psn\n|upkeep\n|turn|26\n|\n|t:|1699143746\n|move|p1a: Basculin|Crunch|p2a: Blissey\n|-damage|p2a: Blissey|54\/100\n|move|p2a: Blissey|Soft-Boiled|p2a: Blissey\n|-heal|p2a: Blissey|100\/100\n|\n|-damage|p1a: Basculin|58\/100 tox|[from] psn\n|upkeep\n|turn|27\n|\n|t:|1699143752\n|move|p1a: Basculin|Crunch|p2a: Blissey\n|-damage|p2a: Blissey|55\/100\n|move|p2a: Blissey|Soft-Boiled|p2a: Blissey\n|-heal|p2a: Blissey|100\/100\n|\n|-damage|p1a: Basculin|34\/100 tox|[from] psn\n|upkeep\n|turn|28\n|\n|t:|1699143759\n|move|p1a: Basculin|Crunch|p2a: Blissey\n|-damage|p2a: Blissey|60\/100\n|-unboost|p2a: Blissey|def|1\n|move|p2a: Blissey|Seismic Toss|p1a: Basculin\n|-damage|p1a: Basculin|0 fnt\n|faint|p1a: Basculin\n|\n|-heal|p2a: Blissey|66\/100|[from] item: Leftovers\n|upkeep\n|\n|t:|1699143764\n|switch|p1a: Glalie|Glalie, F|100\/100\n|turn|29\n|\n|t:|1699143769\n|-terastallize|p1a: Glalie|Ghost\n|move|p1a: Glalie|Substitute|p1a: Glalie\n|-start|p1a: Glalie|Substitute\n|-damage|p1a: Glalie|76\/100\n|move|p2a: Blissey|Toxic||[still]\n|-fail|p2a: Blissey\n|\n|-heal|p1a: Glalie|82\/100|[from] item: Leftovers\n|-heal|p2a: Blissey|72\/100|[from] item: Leftovers\n|-ability|p1a: Glalie|Moody|boost\n|-boost|p1a: Glalie|spd|2\n|-unboost|p1a: Glalie|spe|1\n|upkeep\n|turn|30\n|\n|t:|1699143780\n|move|p1a: Glalie|Freeze-Dry|p2a: Blissey\n|-damage|p2a: Blissey|65\/100\n|move|p2a: Blissey|Seismic Toss|p1a: Glalie\n|-immune|p1a: Glalie\n|\n|-heal|p1a: Glalie|88\/100|[from] item: Leftovers\n|-heal|p2a: Blissey|72\/100|[from] item: Leftovers\n|-ability|p1a: Glalie|Moody|boost\n|-boost|p1a: Glalie|spa|2\n|-unboost|p1a: Glalie|atk|1\n|upkeep\n|turn|31\n|\n|t:|1699143790\n|move|p1a: Glalie|Freeze-Dry|p2a: Blissey\n|-damage|p2a: Blissey|58\/100\n|move|p2a: Blissey|Seismic Toss|p1a: Glalie\n|-immune|p1a: Glalie\n|\n|-heal|p1a: Glalie|94\/100|[from] item: Leftovers\n|-heal|p2a: Blissey|64\/100|[from] item: Leftovers\n|-ability|p1a: Glalie|Moody|boost\n|-boost|p1a: Glalie|atk|2\n|-unboost|p1a: Glalie|spe|1\n|upkeep\n|turn|32\n|\n|t:|1699143803\n|move|p2a: Blissey|Seismic Toss|p1a: Glalie\n|-immune|p1a: Glalie\n|move|p1a: Glalie|Freeze-Dry|p2a: Blissey\n|-damage|p2a: Blissey|50\/100\n|\n|-heal|p2a: Blissey|56\/100|[from] item: Leftovers\n|-heal|p1a: Glalie|99\/100|[from] item: Leftovers\n|-ability|p1a: Glalie|Moody|boost\n|-boost|p1a: Glalie|spe|2\n|-unboost|p1a: Glalie|spa|1\n|upkeep\n|turn|33\n|\n|t:|1699143814\n|move|p1a: Glalie|Freeze-Dry|p2a: Blissey\n|-damage|p2a: Blissey|45\/100\n|move|p2a: Blissey|Seismic Toss|p1a: Glalie\n|-immune|p1a: Glalie\n|\n|-heal|p1a: Glalie|100\/100|[from] item: Leftovers\n|-heal|p2a: Blissey|51\/100|[from] item: Leftovers\n|-ability|p1a: Glalie|Moody|boost\n|-boost|p1a: Glalie|def|2\n|-unboost|p1a: Glalie|spe|1\n|upkeep\n|turn|34\n|\n|t:|1699143827\n|move|p1a: Glalie|Freeze-Dry|p2a: Blissey\n|-damage|p2a: Blissey|41\/100\n|move|p2a: Blissey|Soft-Boiled|p2a: Blissey\n|-heal|p2a: Blissey|91\/100\n|\n|-heal|p2a: Blissey|97\/100|[from] item: Leftovers\n|-ability|p1a: Glalie|Moody|boost\n|-boost|p1a: Glalie|spd|2\n|-unboost|p1a: Glalie|spe|1\n|upkeep\n|turn|35\n|\n|t:|1699143842\n|move|p2a: Blissey|Seismic Toss|p1a: Glalie\n|-immune|p1a: Glalie\n|move|p1a: Glalie|Freeze-Dry|p2a: Blissey\n|-damage|p2a: Blissey|85\/100\n|\n|-heal|p2a: Blissey|91\/100|[from] item: Leftovers\n|-ability|p1a: Glalie|Moody|boost\n|-boost|p1a: Glalie|spa|2\n|-unboost|p1a: Glalie|spe|1\n|upkeep\n|turn|36\n|\n|t:|1699143862\n|move|p2a: Blissey|Seismic Toss|p1a: Glalie\n|-immune|p1a: Glalie\n|move|p1a: Glalie|Freeze-Dry|p2a: Blissey\n|-damage|p2a: Blissey|73\/100\n|\n|-heal|p2a: Blissey|79\/100|[from] item: Leftovers\n|-ability|p1a: Glalie|Moody|boost\n|-boost|p1a: Glalie|def|2\n|-unboost|p1a: Glalie|spe|1\n|upkeep\n|turn|37\n|inactive|subat911 has 120 seconds left.\n|\n|t:|1699143889\n|move|p2a: Blissey|Seismic Toss|p1a: Glalie\n|-immune|p1a: Glalie\n|move|p1a: Glalie|Freeze-Dry|p2a: Blissey\n|-damage|p2a: Blissey|62\/100\n|\n|-heal|p2a: Blissey|68\/100|[from] item: Leftovers\n|-ability|p1a: Glalie|Moody|boost\n|-boost|p1a: Glalie|spa|2\n|-unboost|p1a: Glalie|spe|1\n|upkeep\n|turn|38\n|\n|t:|1699143898\n|move|p2a: Blissey|Seismic Toss|p1a: Glalie\n|-immune|p1a: Glalie\n|move|p1a: Glalie|Freeze-Dry|p2a: Blissey\n|-damage|p2a: Blissey|43\/100\n|\n|-heal|p2a: Blissey|50\/100|[from] item: Leftovers\n|-ability|p1a: Glalie|Moody|boost\n|-boost|p1a: Glalie|spe|2\n|-unboost|p1a: Glalie|atk|1\n|upkeep\n|turn|39\n|inactive|subat911 has 120 seconds left.\n|\n|t:|1699143916\n|move|p2a: Blissey|Seismic Toss|p1a: Glalie\n|-immune|p1a: Glalie\n|move|p1a: Glalie|Freeze-Dry|p2a: Blissey\n|-damage|p2a: Blissey|25\/100\n|\n|-heal|p2a: Blissey|31\/100|[from] item: Leftovers\n|-ability|p1a: Glalie|Moody|boost\n|-boost|p1a: Glalie|def|2\n|-unboost|p1a: Glalie|spd|1\n|upkeep\n|turn|40\n|\n|t:|1699143926\n|move|p2a: Blissey|Soft-Boiled|p2a: Blissey\n|-heal|p2a: Blissey|81\/100\n|move|p1a: Glalie|Freeze-Dry|p2a: Blissey\n|-damage|p2a: Blissey|57\/100\n|\n|-heal|p2a: Blissey|63\/100|[from] item: Leftovers\n|-ability|p1a: Glalie|Moody|boost\n|-boost|p1a: Glalie|spe|2\n|-unboost|p1a: Glalie|atk|1\n|upkeep\n|turn|41\n|\n|t:|1699143935\n|move|p1a: Glalie|Freeze-Dry|p2a: Blissey\n|-damage|p2a: Blissey|39\/100\n|move|p2a: Blissey|Seismic Toss|p1a: Glalie\n|-immune|p1a: Glalie\n|\n|-heal|p2a: Blissey|45\/100|[from] item: Leftovers\n|-ability|p1a: Glalie|Moody|boost\n|-boost|p1a: Glalie|spe|2\n|-unboost|p1a: Glalie|atk|1\n|upkeep\n|turn|42\n|\n|t:|1699143944\n|move|p1a: Glalie|Freeze-Dry|p2a: Blissey\n|-damage|p2a: Blissey|17\/100\n|move|p2a: Blissey|Seismic Toss|p1a: Glalie\n|-immune|p1a: Glalie\n|\n|-heal|p2a: Blissey|24\/100|[from] item: Leftovers\n|-ability|p1a: Glalie|Moody|boost\n|-boost|p1a: Glalie|spd|2\n|-unboost|p1a: Glalie|spa|1\n|upkeep\n|turn|43\n|\n|t:|1699143954\n|move|p1a: Glalie|Freeze-Dry|p2a: Blissey\n|-damage|p2a: Blissey|2\/100\n|move|p2a: Blissey|Soft-Boiled|p2a: Blissey\n|-heal|p2a: Blissey|52\/100\n|\n|-heal|p2a: Blissey|58\/100|[from] item: Leftovers\n|-ability|p1a: Glalie|Moody|boost\n|-boost|p1a: Glalie|spa|2\n|-unboost|p1a: Glalie|spe|1\n|upkeep\n|turn|44\n|\n|t:|1699143969\n|move|p1a: Glalie|Freeze-Dry|p2a: Blissey\n|-damage|p2a: Blissey|30\/100\n|move|p2a: Blissey|Seismic Toss|p1a: Glalie\n|-immune|p1a: Glalie\n|\n|-heal|p2a: Blissey|37\/100|[from] item: Leftovers\n|-ability|p1a: Glalie|Moody|boost\n|-boost|p1a: Glalie|spd|1\n|-unboost|p1a: Glalie|spa|1\n|upkeep\n|turn|45\n|\n|t:|1699143978\n|move|p1a: Glalie|Freeze-Dry|p2a: Blissey\n|-damage|p2a: Blissey|10\/100\n|move|p2a: Blissey|Soft-Boiled|p2a: Blissey\n|-heal|p2a: Blissey|60\/100\n|\n|-heal|p2a: Blissey|66\/100|[from] item: Leftovers\n|-ability|p1a: Glalie|Moody|boost\n|-boost|p1a: Glalie|spa|1\n|-unboost|p1a: Glalie|atk|1\n|upkeep\n|turn|46\n|-message|subat911 forfeited.\n|\n|win|Eimint64\n|raw|Eimint64's rating: 1454 &rarr; <strong>1476<\/strong><br \/>(+22 for winning)\n|raw|subat911's rating: 1482 &rarr; <strong>1460<\/strong><br \/>(-22 for losing)\n|l|\u2606subat911\n","uploadtime":1699143991,"views":11,"p1id":"eimint64","p2id":"subat911","formatid":"gen9nationaldexubers","rating":1460,"private":0,"password":""}