{"id":"gen9nationaldexubers-1993852626","p1":"nateisneat","p2":"GraysonWaddell","format":"[Gen 9] National Dex Ubers","log":"|j|\u2606nateisneat\n|j|\u2606GraysonWaddell\n|t:|1700365445\n|gametype|singles\n|player|p1|nateisneat|janitor|\n|player|p2|GraysonWaddell|marlon|\n|teamsize|p1|6\n|teamsize|p2|6\n|gen|9\n|tier|[Gen 9] National Dex Ubers\n|rule|HP Percentage Mod: HP is shown in percentages\n|rule|Endless Battle Clause: Forcing endless battles is banned\n|rule|OHKO Clause: OHKO moves are banned\n|rule|Evasion Moves Clause: Evasion moves are banned\n|rule|Evasion Items Clause: Evasion items are banned\n|rule|Species Clause: Limit one of each Pok\u00e9mon\n|rule|Sleep Clause Mod: Limit one foe put to sleep\n|rule|Mega Rayquaza Clause: You cannot mega evolve Rayquaza\n|clearpoke\n|poke|p1|Dragonite, M|\n|poke|p1|Ditto|\n|poke|p1|Ninetales, F|\n|poke|p1|Slowbro, F|\n|poke|p1|Venusaur, F|\n|poke|p1|Snorlax, M|\n|poke|p2|Krookodile, F|\n|poke|p2|Whimsicott, M|\n|poke|p2|Garchomp, M|\n|poke|p2|Arceus|\n|poke|p2|Gothitelle, M|\n|poke|p2|Marowak, F|\n|teampreview\n|\n|t:|1700365452\n|start\n|switch|p1a: naruto|Ninetales, F|100\/100\n|switch|p2a: Krookodile|Krookodile, F|100\/100\n|-weather|SunnyDay|[from] ability: Drought|[of] p1a: naruto\n|turn|1\n|\n|t:|1700365461\n|move|p1a: naruto|Solar Beam||[still]\n|-prepare|p1a: naruto|Solar Beam\n|-anim|p1a: naruto|Solar Beam|p2a: Krookodile\n|-supereffective|p2a: Krookodile\n|-damage|p2a: Krookodile|19\/100\n|-enditem|p2a: Krookodile|Salac Berry|[eat]\n|-boost|p2a: Krookodile|spe|1|[from] item: Salac Berry\n|move|p2a: Krookodile|Hone Claws|p2a: Krookodile\n|-boost|p2a: Krookodile|atk|1\n|-boost|p2a: Krookodile|accuracy|1\n|\n|-weather|SunnyDay|[upkeep]\n|upkeep\n|turn|2\n|\n|t:|1700365477\n|move|p2a: Krookodile|Earthquake|p1a: naruto\n|-supereffective|p1a: naruto\n|-damage|p1a: naruto|0 fnt\n|faint|p1a: naruto\n|-ability|p2a: Krookodile|Moxie|boost\n|-boost|p2a: Krookodile|atk|1\n|\n|-weather|SunnyDay|[upkeep]\n|upkeep\n|\n|t:|1700365484\n|switch|p1a: grumps|Venusaur, F|100\/100\n|turn|3\n|\n|t:|1700365493\n|move|p1a: grumps|Giga Drain|p2a: Krookodile\n|-supereffective|p2a: Krookodile\n|-damage|p2a: Krookodile|0 fnt\n|faint|p2a: Krookodile\n|\n|-weather|SunnyDay|[upkeep]\n|upkeep\n|\n|t:|1700365512\n|switch|p2a: Arceus|Arceus|100\/100\n|turn|4\n|\n|t:|1700365534\n|move|p1a: grumps|Solar Beam||[still]\n|-prepare|p1a: grumps|Solar Beam\n|-anim|p1a: grumps|Solar Beam|p2a: Arceus\n|-damage|p2a: Arceus|63\/100\n|move|p2a: Arceus|Swords Dance|p2a: Arceus\n|-boost|p2a: Arceus|atk|2\n|\n|-weather|SunnyDay|[upkeep]\n|upkeep\n|turn|5\n|\n|t:|1700365547\n|move|p1a: grumps|Solar Beam||[still]\n|-prepare|p1a: grumps|Solar Beam\n|-anim|p1a: grumps|Solar Beam|p2a: Arceus\n|-damage|p2a: Arceus|27\/100\n|move|p2a: Arceus|Swords Dance|p2a: Arceus\n|-boost|p2a: Arceus|atk|2\n|\n|-weather|SunnyDay|[upkeep]\n|upkeep\n|turn|6\n|\n|t:|1700365555\n|move|p2a: Arceus|Extreme Speed|p1a: grumps\n|-damage|p1a: grumps|0 fnt\n|faint|p1a: grumps\n|\n|-weather|SunnyDay|[upkeep]\n|upkeep\n|\n|t:|1700365566\n|switch|p1a: blob boy|Ditto|100\/100\n|-transform|p1a: blob boy|p2a: Arceus|[from] ability: Imposter\n|turn|7\n|\n|t:|1700365574\n|-terastallize|p2a: Arceus|Ghost\n|move|p2a: Arceus|Extreme Speed|p1a: blob boy\n|-damage|p1a: blob boy|0 fnt\n|faint|p1a: blob boy\n|\n|-weather|SunnyDay|[upkeep]\n|upkeep\n|\n|t:|1700365583\n|switch|p1a: blerr blerr|Slowbro, F|100\/100\n|turn|8\n|\n|t:|1700365589\n|move|p2a: Arceus|Shadow Claw|p1a: blerr blerr\n|-supereffective|p1a: blerr blerr\n|-damage|p1a: blerr blerr|0 fnt\n|faint|p1a: blerr blerr\n|\n|-weather|none\n|upkeep\n|\n|t:|1700365598\n|switch|p1a: gary|Dragonite, M|100\/100\n|turn|9\n|\n|t:|1700365605\n|move|p2a: Arceus|Extreme Speed|p1a: gary\n|-damage|p1a: gary|14\/100\n|move|p1a: gary|Dragon Claw|p2a: Arceus\n|-damage|p2a: Arceus|0 fnt\n|faint|p2a: Arceus\n|\n|upkeep\n|\n|t:|1700365621\n|switch|p2a: Whimsicott|Whimsicott, M|100\/100\n|turn|10\n|\n|t:|1700365635\n|move|p1a: gary|Extreme Speed|p2a: Whimsicott\n|-damage|p2a: Whimsicott|74\/100\n|move|p2a: Whimsicott|Leech Seed|p1a: gary|[miss]\n|-miss|p2a: Whimsicott|p1a: gary\n|\n|upkeep\n|turn|11\n|\n|t:|1700365650\n|move|p2a: Whimsicott|Leech Seed|p1a: gary\n|-start|p1a: gary|move: Leech Seed\n|move|p1a: gary|Roost|p1a: gary\n|-heal|p1a: gary|64\/100\n|-singleturn|p1a: gary|move: Roost\n|\n|-damage|p1a: gary|52\/100|[from] Leech Seed|[of] p2a: Whimsicott\n|-heal|p2a: Whimsicott|87\/100|[silent]\n|upkeep\n|turn|12\n|\n|t:|1700365671\n|move|p2a: Whimsicott|Taunt|p1a: gary\n|-start|p1a: gary|move: Taunt\n|cant|p1a: gary|move: Taunt|Roost\n|\n|-damage|p1a: gary|40\/100|[from] Leech Seed|[of] p2a: Whimsicott\n|-heal|p2a: Whimsicott|99\/100|[silent]\n|upkeep\n|turn|13\n|\n|t:|1700365679\n|move|p1a: gary|Extreme Speed|p2a: Whimsicott\n|-damage|p2a: Whimsicott|72\/100\n|move|p2a: Whimsicott|Tailwind|p2a: Whimsicott\n|-sidestart|p2: GraysonWaddell|move: Tailwind\n|\n|-damage|p1a: gary|27\/100|[from] Leech Seed|[of] p2a: Whimsicott\n|-heal|p2a: Whimsicott|85\/100|[silent]\n|upkeep\n|turn|14\n|\n|t:|1700365687\n|switch|p2a: Garchomp|Garchomp, M|100\/100\n|move|p1a: gary|Extreme Speed|p2a: Garchomp\n|-damage|p2a: Garchomp|71\/100\n|-damage|p1a: gary|15\/100|[from] ability: Rough Skin|[of] p2a: Garchomp\n|-damage|p1a: gary|0 fnt|[from] item: Rocky Helmet|[of] p2a: Garchomp\n|faint|p1a: gary\n|\n|upkeep\n|\n|t:|1700365696\n|switch|p1a: Snorlax|Snorlax, M|100\/100\n|turn|15\n|\n|t:|1700365704\n|move|p2a: Garchomp|Brick Break|p1a: Snorlax\n|-supereffective|p1a: Snorlax\n|-damage|p1a: Snorlax|49\/100\n|move|p1a: Snorlax|Body Slam|p2a: Garchomp\n|-damage|p2a: Garchomp|27\/100\n|-damage|p1a: Snorlax|36\/100|[from] ability: Rough Skin|[of] p2a: Garchomp\n|-damage|p1a: Snorlax|20\/100|[from] item: Rocky Helmet|[of] p2a: Garchomp\n|\n|-heal|p1a: Snorlax|26\/100|[from] item: Leftovers\n|upkeep\n|turn|16\n|\n|t:|1700365713\n|move|p2a: Garchomp|Brick Break|p1a: Snorlax\n|-supereffective|p1a: Snorlax\n|-damage|p1a: Snorlax|0 fnt\n|faint|p1a: Snorlax\n|\n|win|GraysonWaddell\n|l|\u2606nateisneat\n","uploadtime":1700365747,"views":19,"p1id":"nateisneat","p2id":"graysonwaddell","formatid":"gen9nationaldexubers","rating":0,"private":0,"password":""}