{"id":"gen9nationaldexubers-1997331499","p1":"Danfire1045","p2":"Vahdrak","format":"[Gen 9] National Dex Ubers","log":"|j|\u2606Danfire1045\n|j|\u203dVahdrak\n|t:|1700790396\n|gametype|singles\n|player|p1|Danfire1045|marlon|\n|player|p2|Vahdrak|ingo|\n|teamsize|p1|6\n|teamsize|p2|6\n|gen|9\n|tier|[Gen 9] National Dex Ubers\n|rule|HP Percentage Mod: HP is shown in percentages\n|rule|Endless Battle Clause: Forcing endless battles is banned\n|rule|OHKO Clause: OHKO moves are banned\n|rule|Evasion Moves Clause: Evasion moves are banned\n|rule|Evasion Items Clause: Evasion items are banned\n|rule|Species Clause: Limit one of each Pok\u00e9mon\n|rule|Sleep Clause Mod: Limit one foe put to sleep\n|rule|Mega Rayquaza Clause: You cannot mega evolve Rayquaza\n|clearpoke\n|poke|p1|Sandaconda, M|\n|poke|p1|Ogerpon-Hearthflame, F|\n|poke|p1|Torkoal, M|\n|poke|p1|Walking Wake|\n|poke|p1|Ribombee, M|\n|poke|p1|Decidueye-Hisui, M|\n|poke|p2|Cetitan, M|\n|poke|p2|Ursaluna-Bloodmoon, M|\n|poke|p2|Iron Bundle|\n|poke|p2|Abomasnow, M|\n|poke|p2|Kilowattrel, M|\n|poke|p2|Scream Tail|\n|teampreview\n|inactive|Battle timer is ON: inactive players will automatically lose when time's up. (requested by Danfire1045)\n|inactive|Vahdrak also wants the timer to be on.\n|inactive|Danfire1045 has 270 seconds left.\n|inactive|Danfire1045 no longer wants the timer on, but the timer is staying on because vahdrak still does.\n|\n|t:|1700790449\n|start\n|switch|p1a: SpooderWemon|Ribombee, M, shiny|100\/100\n|switch|p2a: Cetitan|Cetitan, M|100\/100\n|turn|1\n|\n|t:|1700790457\n|move|p1a: SpooderWemon|Sticky Web|p2a: Cetitan\n|-sidestart|p2: Vahdrak|move: Sticky Web\n|move|p2a: Cetitan|Belly Drum|p2a: Cetitan\n|-damage|p2a: Cetitan|50\/100\n|-setboost|p2a: Cetitan|atk|6|[from] move: Belly Drum\n|-enditem|p2a: Cetitan|Sitrus Berry|[eat]\n|-heal|p2a: Cetitan|75\/100|[from] item: Sitrus Berry\n|\n|upkeep\n|turn|2\n|\n|t:|1700790465\n|move|p2a: Cetitan|Ice Shard|p1a: SpooderWemon\n|-enditem|p1a: SpooderWemon|Focus Sash\n|-damage|p1a: SpooderWemon|1\/100\n|move|p1a: SpooderWemon|Moonblast|p2a: Cetitan\n|-damage|p2a: Cetitan|32\/100\n|\n|upkeep\n|turn|3\n|\n|t:|1700790483\n|move|p2a: Cetitan|Ice Shard|p1a: SpooderWemon\n|-damage|p1a: SpooderWemon|0 fnt\n|faint|p1a: SpooderWemon\n|\n|upkeep\n|inactive|Danfire1045 has 270 seconds left.\n|\n|t:|1700790512\n|switch|p1a: Oogway|Torkoal, M|100\/100\n|-weather|SunnyDay|[from] ability: Drought|[of] p1a: Oogway\n|turn|4\n|\n|t:|1700790523\n|-terastallize|p2a: Cetitan|Ground\n|move|p2a: Cetitan|Earthquake|p1a: Oogway\n|-supereffective|p1a: Oogway\n|-damage|p1a: Oogway|0 fnt\n|faint|p1a: Oogway\n|\n|-weather|SunnyDay|[upkeep]\n|upkeep\n|\n|t:|1700790528\n|switch|p1a: Dino DNA|Walking Wake|100\/100\n|-activate|p1a: Dino DNA|ability: Protosynthesis\n|-start|p1a: Dino DNA|protosynthesisspe\n|turn|5\n|\n|t:|1700790536\n|move|p1a: Dino DNA|Hydro Steam|p2a: Cetitan\n|-supereffective|p2a: Cetitan\n|-damage|p2a: Cetitan|0 fnt\n|faint|p2a: Cetitan\n|-damage|p1a: Dino DNA|91\/100|[from] item: Life Orb\n|\n|-weather|SunnyDay|[upkeep]\n|upkeep\n|\n|t:|1700790553\n|switch|p2a: Iron Bundle|Iron Bundle|100\/100\n|turn|6\n|\n|t:|1700790561\n|move|p1a: Dino DNA|Weather Ball|p2a: Iron Bundle\n|-damage|p2a: Iron Bundle|0 fnt\n|faint|p2a: Iron Bundle\n|-end|p2a: Iron Bundle|Quark Drive|[silent]\n|-damage|p1a: Dino DNA|81\/100|[from] item: Life Orb\n|\n|-weather|SunnyDay|[upkeep]\n|upkeep\n|\n|t:|1700790573\n|switch|p2a: Abomasnow|Abomasnow, M, shiny|100\/100\n|-activate|p2a: Abomasnow|move: Sticky Web\n|-unboost|p2a: Abomasnow|spe|1\n|-weather|Snow|[from] ability: Snow Warning|[of] p2a: Abomasnow\n|-end|p1a: Dino DNA|Protosynthesis\n|turn|7\n|\n|t:|1700790587\n|move|p1a: Dino DNA|Protect|p1a: Dino DNA\n|-singleturn|p1a: Dino DNA|Protect\n|move|p2a: Abomasnow|Aurora Veil|p2a: Abomasnow\n|-sidestart|p2: Vahdrak|move: Aurora Veil\n|\n|-weather|Snow|[upkeep]\n|upkeep\n|turn|8\n|\n|t:|1700790608\n|-end|p1a: Dino DNA|Protosynthesis|[silent]\n|switch|p1a: Dream|Ogerpon-Hearthflame, F|100\/100\n|-ability|p1a: Dream|Mold Breaker\n|switch|p2a: Kilowattrel|Kilowattrel, M|100\/100\n|\n|-weather|Snow|[upkeep]\n|upkeep\n|turn|9\n|\n|t:|1700790617\n|switch|p1a: Druid|Sandaconda, M, shiny|100\/100\n|move|p2a: Kilowattrel|Tailwind|p2a: Kilowattrel\n|-sidestart|p2: Vahdrak|move: Tailwind\n|\n|-weather|Snow|[upkeep]\n|upkeep\n|turn|10\n|\n|t:|1700790625\n|switch|p2a: Abomasnow|Abomasnow, M, shiny|100\/100\n|-activate|p2a: Abomasnow|move: Sticky Web\n|-unboost|p2a: Abomasnow|spe|1\n|-terastallize|p1a: Druid|Steel\n|move|p1a: Druid|Coil|p1a: Druid\n|-boost|p1a: Druid|atk|1\n|-boost|p1a: Druid|def|1\n|-boost|p1a: Druid|accuracy|1\n|\n|-weather|Snow|[upkeep]\n|upkeep\n|turn|11\n|\n|t:|1700790634\n|move|p2a: Abomasnow|Earth Power|p1a: Druid\n|-supereffective|p1a: Druid\n|-damage|p1a: Druid|25\/100\n|-weather|Sandstorm|[from] ability: Sand Spit|[of] p1a: Druid\n|move|p1a: Druid|Iron Head|p2a: Abomasnow\n|-supereffective|p2a: Abomasnow\n|-damage|p2a: Abomasnow|15\/100\n|-damage|p1a: Druid|15\/100|[from] item: Life Orb\n|\n|-weather|Sandstorm|[upkeep]\n|-damage|p2a: Abomasnow|9\/100|[from] Sandstorm\n|upkeep\n|turn|12\n|\n|t:|1700790647\n|switch|p1a: Dino DNA|Walking Wake|81\/100\n|move|p2a: Abomasnow|Earth Power|p1a: Dino DNA\n|-damage|p1a: Dino DNA|51\/100\n|\n|-weather|Sandstorm|[upkeep]\n|-damage|p1a: Dino DNA|45\/100|[from] Sandstorm\n|-damage|p2a: Abomasnow|3\/100|[from] Sandstorm\n|-sideend|p2: Vahdrak|move: Tailwind\n|upkeep\n|turn|13\n|\n|t:|1700790663\n|switch|p2a: Kilowattrel|Kilowattrel, M|100\/100\n|move|p1a: Dino DNA|Protect||[still]\n|-fail|p1a: Dino DNA\n|\n|-weather|Sandstorm|[upkeep]\n|-damage|p2a: Kilowattrel|94\/100|[from] Sandstorm\n|-damage|p1a: Dino DNA|39\/100|[from] Sandstorm\n|upkeep\n|turn|14\n|\n|t:|1700790673\n|move|p2a: Kilowattrel|Tailwind|p2a: Kilowattrel\n|-sidestart|p2: Vahdrak|move: Tailwind\n|move|p1a: Dino DNA|Weather Ball|p2a: Kilowattrel\n|-supereffective|p2a: Kilowattrel\n|-damage|p2a: Kilowattrel|10\/100\n|-damage|p1a: Dino DNA|29\/100|[from] item: Life Orb\n|\n|-weather|Sandstorm|[upkeep]\n|-damage|p2a: Kilowattrel|4\/100|[from] Sandstorm\n|-damage|p1a: Dino DNA|23\/100|[from] Sandstorm\n|-sideend|p2: Vahdrak|move: Aurora Veil\n|upkeep\n|turn|15\n|\n|t:|1700790683\n|move|p1a: Dino DNA|Protect|p1a: Dino DNA\n|-singleturn|p1a: Dino DNA|Protect\n|move|p2a: Kilowattrel|Volt Switch|p1a: Dino DNA\n|-activate|p1a: Dino DNA|move: Protect\n|\n|-weather|none\n|upkeep\n|turn|16\n|\n|t:|1700790689\n|-end|p1a: Dino DNA|Protosynthesis|[silent]\n|switch|p1a: Dream|Ogerpon-Hearthflame, F|100\/100\n|-ability|p1a: Dream|Mold Breaker\n|move|p2a: Kilowattrel|Volt Switch|p1a: Dream\n|-resisted|p1a: Dream\n|-damage|p1a: Dream|82\/100\n|\n|t:|1700790704\n|switch|p2a: Abomasnow|Abomasnow, M, shiny|3\/100|[from] Volt Switch\n|-activate|p2a: Abomasnow|move: Sticky Web\n|-unboost|p2a: Abomasnow|spe|1\n|-weather|Snow|[from] ability: Snow Warning|[of] p2a: Abomasnow\n|\n|-weather|Snow|[upkeep]\n|upkeep\n|turn|17\n|\n|t:|1700790718\n|move|p1a: Dream|Ivy Cudgel|p2a: Abomasnow|[anim] Ivy Cudgel Fire\n|-supereffective|p2a: Abomasnow\n|-damage|p2a: Abomasnow|0 fnt\n|faint|p2a: Abomasnow\n|\n|-weather|Snow|[upkeep]\n|-sideend|p2: Vahdrak|move: Tailwind\n|upkeep\n|\n|t:|1700790731\n|switch|p2a: Kilowattrel|Kilowattrel, M|4\/100\n|turn|18\n|\n|t:|1700790745\n|move|p1a: Dream|Spiky Shield|p1a: Dream\n|-singleturn|p1a: Dream|move: Protect\n|move|p2a: Kilowattrel|Hurricane|p1a: Dream\n|-activate|p1a: Dream|move: Protect\n|\n|-weather|Snow|[upkeep]\n|upkeep\n|turn|19\n|\n|t:|1700790755\n|switch|p1a: Druid|Sandaconda, M, shiny, tera:Steel|15\/100\n|move|p2a: Kilowattrel|Hurricane|p1a: Druid\n|-resisted|p1a: Druid\n|-damage|p1a: Druid|0 fnt\n|-weather|Sandstorm|[from] ability: Sand Spit|[of] p1a: Druid\n|faint|p1a: Druid\n|\n|-weather|Sandstorm|[upkeep]\n|-damage|p2a: Kilowattrel|0 fnt|[from] Sandstorm\n|faint|p2a: Kilowattrel\n|upkeep\n|\n|t:|1700790766\n|switch|p2a: Ursaluna|Ursaluna-Bloodmoon, M|100\/100\n|switch|p1a: Katnipp|Decidueye-Hisui, M, shiny|100\/100\n|-activate|p2a: Ursaluna|move: Sticky Web\n|-unboost|p2a: Ursaluna|spe|1\n|turn|20\n|\n|t:|1700790778\n|switch|p2a: Scream Tail|Scream Tail|100\/100\n|-activate|p2a: Scream Tail|move: Sticky Web\n|-unboost|p2a: Scream Tail|spe|1\n|move|p1a: Katnipp|Triple Arrows|p2a: Scream Tail\n|-resisted|p2a: Scream Tail\n|-damage|p2a: Scream Tail|88\/100\n|-unboost|p2a: Scream Tail|def|1\n|\n|-weather|Sandstorm|[upkeep]\n|-damage|p2a: Scream Tail|81\/100|[from] Sandstorm\n|-damage|p1a: Katnipp|94\/100|[from] Sandstorm\n|-heal|p2a: Scream Tail|88\/100|[from] item: Leftovers\n|upkeep\n|turn|21\n|\n|t:|1700790792\n|switch|p1a: Dream|Ogerpon-Hearthflame, F|82\/100\n|-ability|p1a: Dream|Mold Breaker\n|move|p2a: Scream Tail|Dazzling Gleam|p1a: Dream\n|-resisted|p1a: Dream\n|-damage|p1a: Dream|70\/100\n|\n|-weather|Sandstorm|[upkeep]\n|-damage|p1a: Dream|64\/100|[from] Sandstorm\n|-damage|p2a: Scream Tail|81\/100|[from] Sandstorm\n|-heal|p2a: Scream Tail|88\/100|[from] item: Leftovers\n|upkeep\n|turn|22\n|\n|t:|1700790801\n|-end|p2a: Scream Tail|Protosynthesis|[silent]\n|switch|p2a: Ursaluna|Ursaluna-Bloodmoon, M|100\/100\n|-activate|p2a: Ursaluna|move: Sticky Web\n|-unboost|p2a: Ursaluna|spe|1\n|move|p1a: Dream|Ivy Cudgel|p2a: Ursaluna|[anim] Ivy Cudgel Fire\n|-damage|p2a: Ursaluna|56\/100\n|\n|-weather|Sandstorm|[upkeep]\n|-damage|p1a: Dream|58\/100|[from] Sandstorm\n|-heal|p2a: Ursaluna|62\/100|[from] item: Leftovers\n|upkeep\n|turn|23\n|\n|t:|1700790819\n|move|p1a: Dream|Wood Hammer|p2a: Ursaluna\n|-supereffective|p2a: Ursaluna\n|-damage|p2a: Ursaluna|0 fnt\n|faint|p2a: Ursaluna\n|-damage|p1a: Dream|34\/100|[from] Recoil\n|\n|-weather|none\n|upkeep\n|\n|t:|1700790824\n|switch|p2a: Scream Tail|Scream Tail|88\/100\n|-activate|p2a: Scream Tail|move: Sticky Web\n|-unboost|p2a: Scream Tail|spe|1\n|turn|24\n|\n|t:|1700790841\n|move|p1a: Dream|Ivy Cudgel|p2a: Scream Tail|[anim] Ivy Cudgel Fire\n|-damage|p2a: Scream Tail|43\/100\n|move|p2a: Scream Tail|Dazzling Gleam|p1a: Dream\n|-resisted|p1a: Dream\n|-damage|p1a: Dream|23\/100\n|\n|-heal|p2a: Scream Tail|49\/100|[from] item: Leftovers\n|upkeep\n|turn|25\n|\n|t:|1700790847\n|move|p1a: Dream|Ivy Cudgel|p2a: Scream Tail|[anim] Ivy Cudgel Fire\n|-damage|p2a: Scream Tail|0 fnt\n|faint|p2a: Scream Tail\n|-end|p2a: Scream Tail|Protosynthesis|[silent]\n|\n|win|Danfire1045\n|l|\u203dVahdrak\n","uploadtime":1700790868,"views":21,"p1id":"danfire1045","p2id":"vahdrak","formatid":"gen9nationaldexubers","rating":0,"private":0,"password":""}