{"id":"gen9nationaldexubers-1996172305","p1":"ItzNotGhost_DD","p2":"Victor hg 999","format":"[Gen 9] National Dex Ubers","log":"|j|\u2606ItzNotGhost_DD\n|j|\u2606Victor hg 999\n|t:|1700654768\n|gametype|singles\n|player|p1|ItzNotGhost_DD|266|1134\n|player|p2|Victor hg 999|lucas|1000\n|teamsize|p1|6\n|teamsize|p2|6\n|gen|9\n|tier|[Gen 9] National Dex Ubers\n|rated|\n|rule|HP Percentage Mod: HP is shown in percentages\n|rule|Endless Battle Clause: Forcing endless battles is banned\n|rule|OHKO Clause: OHKO moves are banned\n|rule|Evasion Moves Clause: Evasion moves are banned\n|rule|Evasion Items Clause: Evasion items are banned\n|rule|Species Clause: Limit one of each Pok\u00e9mon\n|rule|Sleep Clause Mod: Limit one foe put to sleep\n|rule|Mega Rayquaza Clause: You cannot mega evolve Rayquaza\n|clearpoke\n|poke|p1|Groudon|\n|poke|p1|Kingambit, F|\n|poke|p1|Mewtwo|\n|poke|p1|Dragonite, M|\n|poke|p1|Ursaluna-Bloodmoon, M|\n|poke|p1|Mimikyu, F|\n|poke|p2|Aron, L1, M|\n|poke|p2|Glimmet, L1, M|\n|poke|p2|Whimsicott, L1, F|\n|poke|p2|Wattrel, L1, M|\n|poke|p2|Nosepass, L1, M|\n|poke|p2|Magnemite, L1|\n|teampreview\n|inactive|Battle timer is ON: inactive players will automatically lose when time's up. (requested by Victor hg 999)\n|\n|t:|1700654777\n|start\n|switch|p1a: Groudon|Groudon|100\/100\n|switch|p2a: Glimmet|Glimmet, L1, M|100\/100\n|detailschange|p1a: Groudon|Groudon-Primal\n|-primal|p1a: Groudon|Red Orb\n|-weather|DesolateLand|[from] ability: Desolate Land|[of] p1a: Groudon\n|turn|1\n|\n|t:|1700654798\n|move|p1a: Groudon|Earthquake|p2a: Glimmet\n|-supereffective|p2a: Glimmet\n|-enditem|p2a: Glimmet|Focus Sash\n|-damage|p2a: Glimmet|9\/100\n|-activate|p2a: Glimmet|ability: Toxic Debris\n|-sidestart|p1: ItzNotGhost_DD|move: Toxic Spikes\n|move|p2a: Glimmet|Toxic|p1a: Groudon\n|-status|p1a: Groudon|tox\n|\n|-weather|DesolateLand|[upkeep]\n|-damage|p1a: Groudon|94\/100 tox|[from] psn\n|upkeep\n|turn|2\n|\n|t:|1700654810\n|move|p2a: Glimmet|Protect|p2a: Glimmet\n|-singleturn|p2a: Glimmet|Protect\n|move|p1a: Groudon|Heat Crash|p2a: Glimmet\n|-activate|p2a: Glimmet|move: Protect\n|\n|-weather|DesolateLand|[upkeep]\n|-damage|p1a: Groudon|82\/100 tox|[from] psn\n|upkeep\n|turn|3\n|\n|t:|1700654818\n|-weather|none\n|switch|p1a: Kingambit|Kingambit, F|100\/100\n|move|p2a: Glimmet|Toxic Spikes|p1a: Kingambit\n|-sidestart|p1: ItzNotGhost_DD|move: Toxic Spikes\n|\n|upkeep\n|turn|4\n|\n|t:|1700654828\n|move|p1a: Kingambit|Swords Dance|p1a: Kingambit\n|-boost|p1a: Kingambit|atk|2\n|move|p2a: Glimmet|Toxic|p1a: Kingambit\n|-immune|p1a: Kingambit\n|\n|upkeep\n|turn|5\n|\n|t:|1700654840\n|switch|p1a: Dragonite|Dragonite, M|100\/100\n|move|p2a: Glimmet|Toxic Spikes||[still]\n|-fail|p2a: Glimmet\n|\n|upkeep\n|turn|6\n|\n|t:|1700654846\n|move|p1a: Dragonite|Extreme Speed|p2a: Glimmet\n|-resisted|p2a: Glimmet\n|-damage|p2a: Glimmet|0 fnt\n|faint|p2a: Glimmet\n|\n|upkeep\n|\n|t:|1700654853\n|switch|p2a: Magnemite|Magnemite, L1, shiny|100\/100\n|turn|7\n|\n|t:|1700654858\n|switch|p1a: Groudon|Groudon-Primal|82\/100 tox\n|-weather|DesolateLand|[from] ability: Desolate Land|[of] p1a: Groudon\n|move|p2a: Magnemite|Toxic|p1a: Groudon\n|-fail|p1a: Groudon|tox\n|\n|-weather|DesolateLand|[upkeep]\n|-damage|p1a: Groudon|76\/100 tox|[from] psn\n|upkeep\n|turn|8\n|\n|t:|1700654870\n|move|p2a: Magnemite|Protect|p2a: Magnemite\n|-singleturn|p2a: Magnemite|Protect\n|move|p1a: Groudon|Heat Crash|p2a: Magnemite\n|-activate|p2a: Magnemite|move: Protect\n|\n|-weather|DesolateLand|[upkeep]\n|-damage|p1a: Groudon|64\/100 tox|[from] psn\n|upkeep\n|turn|9\n|\n|t:|1700654882\n|-weather|none\n|switch|p1a: Mewtwo|Mewtwo|100\/100\n|-status|p1a: Mewtwo|tox\n|-ability|p1a: Mewtwo|Pressure\n|move|p2a: Magnemite|Recycle||[still]\n|-fail|p2a: Magnemite\n|\n|-damage|p1a: Mewtwo|94\/100 tox|[from] psn\n|upkeep\n|turn|10\n|\n|t:|1700654903\n|detailschange|p1a: Mewtwo|Mewtwo-Mega-X\n|-mega|p1a: Mewtwo|Mewtwo|Mewtwonite X\n|move|p2a: Magnemite|Protect|p2a: Magnemite\n|-singleturn|p2a: Magnemite|Protect\n|move|p1a: Mewtwo|Drain Punch|p2a: Magnemite\n|-activate|p2a: Magnemite|move: Protect\n|\n|-damage|p1a: Mewtwo|82\/100 tox|[from] psn\n|upkeep\n|turn|11\n|\n|t:|1700654917\n|switch|p1a: Dragonite|Dragonite, M|100\/100\n|move|p2a: Magnemite|Recycle||[still]\n|-fail|p2a: Magnemite\n|\n|upkeep\n|turn|12\n|\n|t:|1700654922\n|move|p1a: Dragonite|Extreme Speed|p2a: Magnemite\n|-resisted|p2a: Magnemite\n|-ability|p2a: Magnemite|Sturdy\n|-damage|p2a: Magnemite|10\/100\n|-enditem|p2a: Magnemite|Sitrus Berry|[eat]\n|-heal|p2a: Magnemite|28\/100|[from] item: Sitrus Berry\n|move|p2a: Magnemite|Toxic|p1a: Dragonite\n|-status|p1a: Dragonite|tox\n|\n|-damage|p1a: Dragonite|94\/100 tox|[from] psn\n|upkeep\n|turn|13\n|\n|t:|1700654936\n|move|p1a: Dragonite|Extreme Speed|p2a: Magnemite\n|-resisted|p2a: Magnemite\n|-damage|p2a: Magnemite|0 fnt\n|faint|p2a: Magnemite\n|\n|-heal|p1a: Dragonite|100\/100 tox|[from] item: Leftovers\n|-damage|p1a: Dragonite|88\/100 tox|[from] psn\n|upkeep\n|inactive|Victor hg 999 has 120 seconds left.\n|\n|t:|1700654962\n|switch|p2a: Whimsicott|Whimsicott, L1, F, shiny|100\/100\n|turn|14\n|\n|t:|1700654991\n|switch|p1a: Mewtwo|Mewtwo-Mega-X|82\/100 tox\n|move|p2a: Whimsicott|Leech Seed|p1a: Mewtwo\n|-start|p1a: Mewtwo|move: Leech Seed\n|\n|-damage|p1a: Mewtwo|69\/100 tox|[from] Leech Seed|[of] p2a: Whimsicott\n|-damage|p1a: Mewtwo|63\/100 tox|[from] psn\n|upkeep\n|turn|15\n|\n|t:|1700655003\n|move|p2a: Whimsicott|Protect|p2a: Whimsicott\n|-singleturn|p2a: Whimsicott|Protect\n|move|p1a: Mewtwo|Ice Punch|p2a: Whimsicott\n|-activate|p2a: Whimsicott|move: Protect\n|\n|-damage|p1a: Mewtwo|51\/100 tox|[from] Leech Seed|[of] p2a: Whimsicott\n|-damage|p1a: Mewtwo|38\/100 tox|[from] psn\n|upkeep\n|turn|16\n|\n|t:|1700655017\n|switch|p1a: Dragonite|Dragonite, M|88\/100 tox\n|move|p2a: Whimsicott|Substitute|p2a: Whimsicott\n|-start|p2a: Whimsicott|Substitute\n|-damage|p2a: Whimsicott|75\/100\n|\n|-heal|p1a: Dragonite|94\/100 tox|[from] item: Leftovers\n|-damage|p1a: Dragonite|88\/100 tox|[from] psn\n|upkeep\n|turn|17\n|\n|t:|1700655027\n|move|p1a: Dragonite|Extreme Speed|p2a: Whimsicott\n|-end|p2a: Whimsicott|Substitute\n|move|p2a: Whimsicott|Leech Seed|p1a: Dragonite\n|-start|p1a: Dragonite|move: Leech Seed\n|\n|-heal|p1a: Dragonite|94\/100 tox|[from] item: Leftovers\n|-damage|p1a: Dragonite|82\/100 tox|[from] Leech Seed|[of] p2a: Whimsicott\n|-heal|p2a: Whimsicott|100\/100|[silent]\n|-damage|p1a: Dragonite|70\/100 tox|[from] psn\n|upkeep\n|turn|18\n|\n|t:|1700655038\n|move|p2a: Whimsicott|Protect|p2a: Whimsicott\n|-singleturn|p2a: Whimsicott|Protect\n|move|p1a: Dragonite|Extreme Speed|p2a: Whimsicott\n|-activate|p2a: Whimsicott|move: Protect\n|\n|-heal|p1a: Dragonite|76\/100 tox|[from] item: Leftovers\n|-damage|p1a: Dragonite|63\/100 tox|[from] Leech Seed|[of] p2a: Whimsicott\n|-damage|p1a: Dragonite|45\/100 tox|[from] psn\n|upkeep\n|turn|19\n|-message|ItzNotGhost_DD forfeited.\n|\n|win|Victor hg 999\n|raw|ItzNotGhost_DD's rating: 1134 &rarr; <strong>1100<\/strong><br \/>(-34 for losing)\n|raw|Victor hg 999's rating: 1000 &rarr; <strong>1055<\/strong><br \/>(+55 for winning)\n|l|\u2606ItzNotGhost_DD\n","uploadtime":1700655057,"views":1,"p1id":"itznotghostdd","p2id":"victorhg999","formatid":"gen9nationaldexubers","rating":1055,"private":0,"password":""}