{"id":"gen9nationaldexubers-1986872669","p1":"MintyRevnant","p2":"Y8247","format":"[Gen 9] National Dex Ubers","log":"|j|\u2606MintyRevnant\n|j|\u2606Y8247\n|t:|1699536458\n|gametype|singles\n|player|p1|MintyRevnant|beauty-gen4dp|\n|player|p2|Y8247|steven|\n|teamsize|p1|6\n|teamsize|p2|6\n|gen|9\n|tier|[Gen 9] National Dex Ubers\n|rule|HP Percentage Mod: HP is shown in percentages\n|rule|Endless Battle Clause: Forcing endless battles is banned\n|rule|OHKO Clause: OHKO moves are banned\n|rule|Evasion Moves Clause: Evasion moves are banned\n|rule|Evasion Items Clause: Evasion items are banned\n|rule|Species Clause: Limit one of each Pok\u00e9mon\n|rule|Sleep Clause Mod: Limit one foe put to sleep\n|rule|Mega Rayquaza Clause: You cannot mega evolve Rayquaza\n|clearpoke\n|poke|p1|Grimmsnarl, M|\n|poke|p1|Iron Valiant|\n|poke|p1|Gardevoir, F|\n|poke|p1|Whimsicott, M|\n|poke|p1|Hatterene, F|\n|poke|p1|Dachsbun, F|\n|poke|p2|Beedrill, F|\n|poke|p2|Orbeetle, F|\n|poke|p2|Spidops, M|\n|poke|p2|Venomoth, M|\n|poke|p2|Vikavolt, F|\n|poke|p2|Forretress, F|\n|teampreview\n|\n|t:|1699536484\n|start\n|switch|p1a: Hatterene|Hatterene, F, shiny|100\/100\n|switch|p2a: Venomoth|Venomoth, M|100\/100\n|turn|1\n|\n|t:|1699536500\n|switch|p2a: Orbeetle|Orbeetle, F|100\/100\n|move|p1a: Hatterene|Psyshock|p2a: Orbeetle\n|-resisted|p2a: Orbeetle\n|-damage|p2a: Orbeetle|72\/100\n|\n|-heal|p2a: Orbeetle|78\/100|[from] item: Leftovers\n|upkeep\n|turn|2\n|\n|t:|1699536511\n|move|p2a: Orbeetle|Calm Mind|p2a: Orbeetle\n|-boost|p2a: Orbeetle|spa|1\n|-boost|p2a: Orbeetle|spd|1\n|move|p1a: Hatterene|Mystical Fire|p2a: Orbeetle\n|-supereffective|p2a: Orbeetle\n|-damage|p2a: Orbeetle|36\/100\n|-unboost|p2a: Orbeetle|spa|1\n|\n|-heal|p2a: Orbeetle|42\/100|[from] item: Leftovers\n|upkeep\n|turn|3\n|\n|t:|1699536521\n|move|p2a: Orbeetle|Bug Buzz|p1a: Hatterene\n|-damage|p1a: Hatterene|65\/100\n|move|p1a: Hatterene|Mystical Fire|p2a: Orbeetle\n|-supereffective|p2a: Orbeetle\n|-damage|p2a: Orbeetle|2\/100\n|-unboost|p2a: Orbeetle|spa|1\n|\n|-heal|p2a: Orbeetle|8\/100|[from] item: Leftovers\n|-heal|p1a: Hatterene|71\/100|[from] item: Leftovers\n|upkeep\n|turn|4\n|\n|t:|1699536533\n|move|p2a: Orbeetle|Bug Buzz|p1a: Hatterene\n|-damage|p1a: Hatterene|34\/100\n|move|p1a: Hatterene|Mystical Fire|p2a: Orbeetle\n|-supereffective|p2a: Orbeetle\n|-damage|p2a: Orbeetle|0 fnt\n|faint|p2a: Orbeetle\n|\n|-heal|p1a: Hatterene|39\/100|[from] item: Leftovers\n|upkeep\n|\n|t:|1699536548\n|switch|p2a: Spidops|Spidops, M|100\/100\n|turn|5\n|\n|t:|1699536553\n|move|p2a: Spidops|First Impression|p1a: Hatterene\n|-damage|p1a: Hatterene|1\/100\n|move|p1a: Hatterene|Mystical Fire|p2a: Spidops\n|-supereffective|p2a: Spidops\n|-damage|p2a: Spidops|12\/100\n|-unboost|p2a: Spidops|spa|1\n|\n|-heal|p1a: Hatterene|7\/100|[from] item: Leftovers\n|upkeep\n|turn|6\n|\n|t:|1699536564\n|move|p2a: Spidops|Sucker Punch|p1a: Hatterene\n|-damage|p1a: Hatterene|0 fnt\n|faint|p1a: Hatterene\n|\n|upkeep\n|\n|t:|1699536569\n|switch|p1a: Gardevoir|Gardevoir, F, shiny|100\/100\n|turn|7\n|\n|t:|1699536577\n|detailschange|p1a: Gardevoir|Gardevoir-Mega, F, shiny\n|-mega|p1a: Gardevoir|Gardevoir|Gardevoirite\n|move|p1a: Gardevoir|Hyper Voice|p2a: Spidops\n|-damage|p2a: Spidops|0 fnt\n|faint|p2a: Spidops\n|\n|upkeep\n|\n|t:|1699536586\n|switch|p2a: Forretress|Forretress, F|100\/100\n|turn|8\n|\n|t:|1699536592\n|move|p1a: Gardevoir|Hyper Voice|p2a: Forretress\n|-resisted|p2a: Forretress\n|-damage|p2a: Forretress|62\/100\n|move|p2a: Forretress|Gyro Ball|p1a: Gardevoir\n|-supereffective|p1a: Gardevoir\n|-damage|p1a: Gardevoir|0 fnt\n|faint|p1a: Gardevoir\n|\n|-heal|p2a: Forretress|68\/100|[from] item: Leftovers\n|upkeep\n|\n|t:|1699536611\n|switch|p1a: Grimmsnarl|Grimmsnarl, M, shiny|100\/100\n|-item|p2a: Forretress|Leftovers|[from] ability: Frisk|[of] p1a: Grimmsnarl|[identify]\n|turn|9\n|\n|t:|1699536618\n|move|p1a: Grimmsnarl|Play Rough|p2a: Forretress\n|-resisted|p2a: Forretress\n|-damage|p2a: Forretress|53\/100\n|-unboost|p2a: Forretress|atk|1\n|move|p2a: Forretress|Gyro Ball|p1a: Grimmsnarl\n|-supereffective|p1a: Grimmsnarl\n|-damage|p1a: Grimmsnarl|82\/100\n|\n|-heal|p2a: Forretress|59\/100|[from] item: Leftovers\n|upkeep\n|turn|10\n|\n|t:|1699536630\n|move|p1a: Grimmsnarl|Draining Kiss|p2a: Forretress\n|-resisted|p2a: Forretress\n|-damage|p2a: Forretress|51\/100\n|-heal|p1a: Grimmsnarl|87\/100|[from] drain|[of] p2a: Forretress\n|move|p2a: Forretress|Stealth Rock|p1a: Grimmsnarl\n|-sidestart|p1: MintyRevnant|move: Stealth Rock\n|\n|-heal|p2a: Forretress|57\/100|[from] item: Leftovers\n|upkeep\n|turn|11\n|\n|t:|1699536640\n|move|p1a: Grimmsnarl|Play Rough|p2a: Forretress\n|-resisted|p2a: Forretress\n|-damage|p2a: Forretress|43\/100\n|move|p2a: Forretress|Gyro Ball|p1a: Grimmsnarl\n|-supereffective|p1a: Grimmsnarl\n|-damage|p1a: Grimmsnarl|68\/100\n|\n|-heal|p2a: Forretress|49\/100|[from] item: Leftovers\n|upkeep\n|turn|12\n|\n|t:|1699536651\n|-terastallize|p1a: Grimmsnarl|Water\n|move|p1a: Grimmsnarl|Dazzling Gleam|p2a: Forretress\n|-resisted|p2a: Forretress\n|-damage|p2a: Forretress|35\/100\n|move|p2a: Forretress|Reflect|p2a: Forretress\n|-sidestart|p2: Y8247|Reflect\n|\n|-heal|p2a: Forretress|41\/100|[from] item: Leftovers\n|upkeep\n|turn|13\n|\n|t:|1699536664\n|switch|p2a: Vikavolt|Vikavolt, F|100\/100\n|move|p1a: Grimmsnarl|Dazzling Gleam|p2a: Vikavolt\n|-damage|p2a: Vikavolt|67\/100\n|\n|upkeep\n|turn|14\n|\n|t:|1699536671\n|move|p1a: Grimmsnarl|Protect|p1a: Grimmsnarl\n|-singleturn|p1a: Grimmsnarl|Protect\n|move|p2a: Vikavolt|Thunderbolt|p1a: Grimmsnarl\n|-activate|p1a: Grimmsnarl|move: Protect\n|\n|upkeep\n|turn|15\n|\n|t:|1699536677\n|move|p2a: Vikavolt|Thunderbolt|p1a: Grimmsnarl\n|-supereffective|p1a: Grimmsnarl\n|-damage|p1a: Grimmsnarl|0 fnt\n|faint|p1a: Grimmsnarl\n|\n|upkeep\n|\n|t:|1699536684\n|switch|p1a: Whimsicott|Whimsicott, M, shiny|100\/100\n|-damage|p1a: Whimsicott|88\/100|[from] Stealth Rock\n|turn|16\n|\n|t:|1699536692\n|move|p1a: Whimsicott|Giga Drain|p2a: Vikavolt\n|-resisted|p2a: Vikavolt\n|-damage|p2a: Vikavolt|47\/100\n|-heal|p1a: Whimsicott|99\/100|[from] drain|[of] p2a: Vikavolt\n|move|p2a: Vikavolt|Flash Cannon|p1a: Whimsicott\n|-supereffective|p1a: Whimsicott\n|-damage|p1a: Whimsicott|0 fnt\n|faint|p1a: Whimsicott\n|\n|-sideend|p2: Y8247|Reflect\n|upkeep\n|\n|t:|1699536703\n|switch|p1a: Nerd|Iron Valiant, shiny|100\/100\n|-damage|p1a: Nerd|94\/100|[from] Stealth Rock\n|-enditem|p1a: Nerd|Booster Energy\n|-activate|p1a: Nerd|ability: Quark Drive|[fromitem]\n|-start|p1a: Nerd|quarkdrivespe\n|turn|17\n|\n|t:|1699536713\n|move|p1a: Nerd|Spirit Break|p2a: Vikavolt\n|-damage|p2a: Vikavolt|0 fnt\n|faint|p2a: Vikavolt\n|\n|upkeep\n|\n|t:|1699536731\n|switch|p2a: Venomoth|Venomoth, M|100\/100\n|turn|18\n|\n|t:|1699536742\n|move|p1a: Nerd|Psycho Cut|p2a: Venomoth\n|-supereffective|p2a: Venomoth\n|-damage|p2a: Venomoth|4\/100\n|move|p2a: Venomoth|Sludge Bomb|p1a: Nerd\n|-supereffective|p1a: Nerd\n|-damage|p1a: Nerd|0 fnt\n|faint|p1a: Nerd\n|-end|p1a: Nerd|Quark Drive|[silent]\n|\n|-heal|p2a: Venomoth|10\/100|[from] item: Leftovers\n|upkeep\n|\n|t:|1699536753\n|switch|p1a: Dachsbun|Dachsbun, F, shiny|100\/100\n|-damage|p1a: Dachsbun|88\/100|[from] Stealth Rock\n|turn|19\n|\n|t:|1699536761\n|move|p1a: Dachsbun|Psychic Fangs|p2a: Venomoth\n|-supereffective|p2a: Venomoth\n|-damage|p2a: Venomoth|0 fnt\n|faint|p2a: Venomoth\n|\n|upkeep\n|\n|t:|1699536767\n|switch|p2a: Forretress|Forretress, F|41\/100\n|turn|20\n|\n|t:|1699536770\n|move|p1a: Dachsbun|Psychic Fangs|p2a: Forretress\n|-resisted|p2a: Forretress\n|-damage|p2a: Forretress|32\/100\n|move|p2a: Forretress|Gyro Ball|p1a: Dachsbun\n|-supereffective|p1a: Dachsbun\n|-damage|p1a: Dachsbun|0 fnt\n|faint|p1a: Dachsbun\n|\n|win|Y8247\n|l|\u2606MintyRevnant\n","uploadtime":1699536785,"views":11,"p1id":"mintyrevnant","p2id":"y8247","formatid":"gen9nationaldexubers","rating":0,"private":0,"password":""}