{"id":"gen9nationaldexubers-1994598658","p1":"Wesking7","p2":"lemoncell0","format":"[Gen 9] National Dex Ubers","log":"|j|\u2606Wesking7\n|j|\u2606lemoncell0\n|t:|1700466941\n|gametype|singles\n|player|p1|Wesking7|benga|\n|player|p2|lemoncell0|allister|\n|teamsize|p1|6\n|teamsize|p2|6\n|gen|9\n|tier|[Gen 9] National Dex Ubers\n|rated|Tournament battle\n|rule|HP Percentage Mod: HP is shown in percentages\n|rule|Endless Battle Clause: Forcing endless battles is banned\n|rule|OHKO Clause: OHKO moves are banned\n|rule|Evasion Moves Clause: Evasion moves are banned\n|rule|Evasion Items Clause: Evasion items are banned\n|rule|Species Clause: Limit one of each Pok\u00e9mon\n|rule|Sleep Clause Mod: Limit one foe put to sleep\n|rule|Mega Rayquaza Clause: You cannot mega evolve Rayquaza\n|clearpoke\n|poke|p1|Grimmsnarl, M|\n|poke|p1|Groudon|\n|poke|p1|Necrozma-Dusk-Mane|\n|poke|p1|Xerneas-*|\n|poke|p1|Arceus-Ground|\n|poke|p1|Marshadow|\n|poke|p2|Grimmsnarl, M|\n|poke|p2|Ferrothorn, M|\n|poke|p2|Tyranitar, F|\n|poke|p2|Salamence, M|\n|poke|p2|Quagsire, F|\n|poke|p2|Ditto|\n|teampreview\n|inactive|Battle timer is ON: inactive players will automatically lose when time's up. (requested by Wesking7)\n|\n|t:|1700466952\n|start\n|switch|p1a: Grimmsnarl|Grimmsnarl, M, shiny|100\/100\n|switch|p2a: Grimmsnarl|Grimmsnarl, M|100\/100\n|turn|1\n|\n|t:|1700466956\n|move|p2a: Grimmsnarl|Reflect|p2a: Grimmsnarl\n|-sidestart|p2: lemoncell0|Reflect\n|move|p1a: Grimmsnarl|Taunt|p2a: Grimmsnarl\n|-hint|Since gen 7, Dark is immune to Prankster moves.\n|-immune|p2a: Grimmsnarl\n|\n|upkeep\n|turn|2\n|\n|t:|1700466971\n|move|p1a: Grimmsnarl|Reflect|p1a: Grimmsnarl\n|-sidestart|p1: Wesking7|Reflect\n|move|p2a: Grimmsnarl|Light Screen|p2a: Grimmsnarl\n|-sidestart|p2: lemoncell0|move: Light Screen\n|\n|upkeep\n|turn|3\n|\n|t:|1700466975\n|switch|p2a: Ferrothorn|Ferrothorn, M|100\/100\n|move|p1a: Grimmsnarl|Light Screen|p1a: Grimmsnarl\n|-sidestart|p1: Wesking7|move: Light Screen\n|\n|upkeep\n|turn|4\n|\n|t:|1700466988\n|switch|p1a: Groudon|Groudon|100\/100\n|detailschange|p1a: Groudon|Groudon-Primal\n|-primal|p1a: Groudon|Red Orb\n|-weather|DesolateLand|[from] ability: Desolate Land|[of] p1a: Groudon\n|move|p2a: Ferrothorn|Leech Seed|p1a: Groudon\n|-start|p1a: Groudon|move: Leech Seed\n|\n|-weather|DesolateLand|[upkeep]\n|-damage|p1a: Groudon|88\/100|[from] Leech Seed|[of] p2a: Ferrothorn\n|upkeep\n|turn|5\n|\n|t:|1700466997\n|switch|p2a: Salamence|Salamence, M|100\/100\n|-ability|p2a: Salamence|Intimidate|boost\n|-unboost|p1a: Groudon|atk|1\n|move|p1a: Groudon|Swords Dance|p1a: Groudon\n|-boost|p1a: Groudon|atk|2\n|\n|-weather|DesolateLand|[upkeep]\n|-damage|p1a: Groudon|76\/100|[from] Leech Seed|[of] p2a: Salamence\n|upkeep\n|turn|6\n|\n|t:|1700467026\n|-weather|none\n|switch|p1a: Arceus|Arceus-Ground|100\/100\n|detailschange|p2a: Salamence|Salamence-Mega, M\n|-mega|p2a: Salamence|Salamence|Salamencite\n|move|p2a: Salamence|Body Slam|p1a: Arceus\n|-damage|p1a: Arceus|84\/100\n|\n|upkeep\n|turn|7\n|\n|t:|1700467032\n|switch|p2a: Ferrothorn|Ferrothorn, M|100\/100\n|-terastallize|p1a: Arceus|Ground\n|move|p1a: Arceus|Power Gem|p2a: Ferrothorn\n|-resisted|p2a: Ferrothorn\n|-damage|p2a: Ferrothorn|96\/100\n|\n|-heal|p2a: Ferrothorn|100\/100|[from] item: Leftovers\n|upkeep\n|turn|8\n|\n|t:|1700467044\n|move|p1a: Arceus|Calm Mind|p1a: Arceus\n|-boost|p1a: Arceus|spa|1\n|-boost|p1a: Arceus|spd|1\n|move|p2a: Ferrothorn|Spikes|p1a: Arceus\n|-sidestart|p1: Wesking7|Spikes\n|\n|-sideend|p2: lemoncell0|Reflect\n|upkeep\n|turn|9\n|\n|t:|1700467052\n|move|p1a: Arceus|Judgment|p2a: Ferrothorn\n|-damage|p2a: Ferrothorn|64\/100\n|move|p2a: Ferrothorn|Leech Seed|p1a: Arceus|[miss]\n|-miss|p2a: Ferrothorn|p1a: Arceus\n|\n|-heal|p2a: Ferrothorn|71\/100|[from] item: Leftovers\n|-sideend|p1: Wesking7|Reflect\n|-sideend|p2: lemoncell0|move: Light Screen\n|upkeep\n|turn|10\n|\n|t:|1700467068\n|move|p1a: Arceus|Judgment|p2a: Ferrothorn\n|-damage|p2a: Ferrothorn|0 fnt\n|faint|p2a: Ferrothorn\n|\n|-sideend|p1: Wesking7|move: Light Screen\n|upkeep\n|\n|t:|1700467075\n|switch|p2a: Ditto|Ditto|100\/100\n|-transform|p2a: Ditto|p1a: Arceus|[from] ability: Imposter\n|turn|11\n|-message|lemoncell0 forfeited.\n|\n|win|Wesking7\n|n|\u2606Wesking7|wesking7\n|n|\u2606lemoncell0|lemoncell0\n","uploadtime":1700467088,"views":8,"p1id":"wesking7","p2id":"lemoncell0","formatid":"gen9nationaldexubers","rating":0,"private":0,"password":""}