{"id":"gen9nationaldexubers-1991975450","p1":"vailorn","p2":"C0ld as Ice","format":"[Gen 9] National Dex Ubers","log":"|j|\u2606vailorn\n|j|\u2606C0ld as Ice\n|t:|1700144251\n|gametype|singles\n|player|p1|vailorn|170|1585\n|player|p2|C0ld as Ice|170|1854\n|teamsize|p1|6\n|teamsize|p2|6\n|gen|9\n|tier|[Gen 9] National Dex Ubers\n|rated|\n|rule|HP Percentage Mod: HP is shown in percentages\n|rule|Endless Battle Clause: Forcing endless battles is banned\n|rule|OHKO Clause: OHKO moves are banned\n|rule|Evasion Moves Clause: Evasion moves are banned\n|rule|Evasion Items Clause: Evasion items are banned\n|rule|Species Clause: Limit one of each Pok\u00e9mon\n|rule|Sleep Clause Mod: Limit one foe put to sleep\n|rule|Mega Rayquaza Clause: You cannot mega evolve Rayquaza\n|clearpoke\n|poke|p1|Giratina|\n|poke|p1|Dondozo, M|\n|poke|p1|Chansey, F|\n|poke|p1|Tyranitar, F|\n|poke|p1|Ho-Oh|\n|poke|p1|Mewtwo|\n|poke|p2|Marshadow|\n|poke|p2|Ho-Oh|\n|poke|p2|Necrozma-Dusk-Mane|\n|poke|p2|Groudon, L99|\n|poke|p2|Arceus-Ground|\n|poke|p2|Yveltal|\n|teampreview\n|inactive|Battle timer is ON: inactive players will automatically lose when time's up. (requested by C0ld as Ice)\n|\n|t:|1700144270\n|start\n|switch|p1a: Erebus|Tyranitar, F, shiny|100\/100\n|switch|p2a: Groudon|Groudon, L99, shiny|100\/100\n|-weather|Sandstorm|[from] ability: Sand Stream|[of] p1a: Erebus\n|detailschange|p2a: Groudon|Groudon-Primal, L99, shiny\n|-primal|p2a: Groudon|Red Orb\n|-weather|DesolateLand|[from] ability: Desolate Land|[of] p2a: Groudon\n|turn|1\n|\n|t:|1700144287\n|detailschange|p1a: Erebus|Tyranitar-Mega, F, shiny\n|-mega|p1a: Erebus|Tyranitar|Tyranitarite\n|-ability|p1a: Erebus|Sand Stream|[from] desolateland|[fail]\n|move|p1a: Erebus|Toxic|p2a: Groudon\n|-status|p2a: Groudon|tox\n|move|p2a: Groudon|Precipice Blades|p1a: Erebus\n|-supereffective|p1a: Erebus\n|-damage|p1a: Erebus|14\/100\n|\n|-weather|DesolateLand|[upkeep]\n|-damage|p2a: Groudon|94\/100 tox|[from] psn\n|upkeep\n|turn|2\n|c|\u2606vailorn|Its crazy\n|c|\u2606vailorn|Every time i switch, they rocks\n|c|\u2606vailorn|When i dont, it's blades\n|c|\u2606vailorn|How tf\n|\n|t:|1700144310\n|switch|p1a: Chaos|Giratina, shiny|100\/100\n|-ability|p1a: Chaos|Pressure\n|move|p2a: Groudon|Spikes|p1a: Chaos\n|-sidestart|p1: vailorn|Spikes\n|\n|-weather|DesolateLand|[upkeep]\n|-damage|p2a: Groudon|82\/100 tox|[from] psn\n|upkeep\n|turn|3\n|c|\u2606vailorn|POINT PROVEN\n|\n|t:|1700144330\n|move|p1a: Chaos|Defog|p2a: Groudon\n|-unboost|p2a: Groudon|evasion|1\n|-sideend|p1: vailorn|Spikes|[from] move: Defog|[of] p1a: Chaos\n|move|p2a: Groudon|Dragon Tail|p1a: Chaos\n|-supereffective|p1a: Chaos\n|-damage|p1a: Chaos|80\/100\n|drag|p1a: Triton|Dondozo, M, shiny|100\/100\n|\n|-weather|DesolateLand|[upkeep]\n|-damage|p2a: Groudon|64\/100 tox|[from] psn\n|upkeep\n|turn|4\n|\n|t:|1700144336\n|move|p2a: Groudon|Spikes|p1a: Triton\n|-sidestart|p1: vailorn|Spikes\n|move|p1a: Triton|Avalanche|p2a: Groudon\n|-damage|p2a: Groudon|58\/100 tox\n|\n|-weather|DesolateLand|[upkeep]\n|-damage|p2a: Groudon|34\/100 tox|[from] psn\n|upkeep\n|turn|5\n|\n|t:|1700144341\n|move|p2a: Groudon|Spikes|p1a: Triton\n|-sidestart|p1: vailorn|Spikes\n|move|p1a: Triton|Avalanche|p2a: Groudon\n|-damage|p2a: Groudon|27\/100 tox\n|\n|-weather|DesolateLand|[upkeep]\n|-damage|p2a: Groudon|0 fnt|[from] psn\n|faint|p2a: Groudon\n|-weather|none\n|upkeep\n|\n|t:|1700144348\n|switch|p2a: Arceus|Arceus-Ground, shiny|100\/100\n|turn|6\n|\n|t:|1700144354\n|move|p2a: Arceus|Calm Mind|p2a: Arceus\n|-boost|p2a: Arceus|spa|1\n|-boost|p2a: Arceus|spd|1\n|move|p1a: Triton|Curse|p1a: Triton\n|-unboost|p1a: Triton|spe|1\n|-boost|p1a: Triton|atk|1\n|-boost|p1a: Triton|def|1\n|\n|upkeep\n|turn|7\n|\n|t:|1700144357\n|move|p2a: Arceus|Judgment|p1a: Triton\n|-damage|p1a: Triton|53\/100\n|move|p1a: Triton|Liquidation|p2a: Arceus\n|-supereffective|p2a: Arceus\n|-crit|p2a: Arceus\n|-damage|p2a: Arceus|18\/100\n|-unboost|p2a: Arceus|def|1\n|\n|-heal|p1a: Triton|59\/100|[from] item: Leftovers\n|upkeep\n|turn|8\n|\n|t:|1700144369\n|-terastallize|p2a: Arceus|Water\n|move|p2a: Arceus|Recover|p2a: Arceus\n|-heal|p2a: Arceus|69\/100\n|move|p1a: Triton|Rest|p1a: Triton\n|-status|p1a: Triton|slp|[from] move: Rest\n|-heal|p1a: Triton|100\/100 slp|[silent]\n|\n|upkeep\n|turn|9\n|\n|t:|1700144385\n|switch|p1a: Erebus|Tyranitar-Mega, F, shiny|14\/100\n|-damage|p1a: Erebus|0 fnt|[from] Spikes\n|faint|p1a: Erebus\n|move|p2a: Arceus|Power Gem|p1: Erebus|[notarget]\n|-fail|p2a: Arceus\n|\n|upkeep\n|\n|t:|1700144387\n|switch|p1a: Hyperion|Mewtwo, shiny|100\/100\n|-damage|p1a: Hyperion|84\/100|[from] Spikes\n|-ability|p1a: Hyperion|Pressure\n|turn|10\n|\n|t:|1700144391\n|switch|p2a: Yveltal|Yveltal, shiny|100\/100\n|-ability|p2a: Yveltal|Dark Aura\n|move|p1a: Hyperion|Psystrike|p2a: Yveltal\n|-immune|p2a: Yveltal\n|\n|upkeep\n|turn|11\n|\n|t:|1700144396\n|switch|p1a: Helios|Ho-Oh, shiny|100\/100\n|move|p2a: Yveltal|U-turn|p1a: Helios\n|-resisted|p1a: Helios\n|-damage|p1a: Helios|97\/100\n|\n|t:|1700144403\n|switch|p2a: Necrozma|Necrozma-Dusk-Mane, shiny|100\/100|[from] U-turn\n|\n|upkeep\n|turn|12\n|\n|t:|1700144410\n|move|p2a: Necrozma|Rock Blast|p1a: Helios|[miss]\n|-miss|p2a: Necrozma|p1a: Helios\n|move|p1a: Helios|Sacred Fire|p2a: Necrozma\n|-supereffective|p2a: Necrozma\n|-damage|p2a: Necrozma|52\/100\n|-status|p2a: Necrozma|brn\n|\n|-damage|p2a: Necrozma|46\/100 brn|[from] brn\n|upkeep\n|turn|13\n|\n|t:|1700144413\n|move|p2a: Necrozma|Rock Blast|p1a: Helios\n|-supereffective|p1a: Helios\n|-damage|p1a: Helios|86\/100\n|-supereffective|p1a: Helios\n|-damage|p1a: Helios|75\/100\n|-supereffective|p1a: Helios\n|-damage|p1a: Helios|63\/100\n|-hitcount|p1a: Helios|3\n|move|p1a: Helios|Defog|p2a: Necrozma\n|-unboost|p2a: Necrozma|evasion|1\n|-sideend|p1: vailorn|Spikes|[from] move: Defog|[of] p1a: Helios\n|\n|-damage|p2a: Necrozma|40\/100 brn|[from] brn\n|upkeep\n|turn|14\n|\n|t:|1700144423\n|switch|p2a: Ho-Oh|Ho-Oh, shiny|100\/100\n|switch|p1a: Hyperion|Mewtwo, shiny|84\/100\n|-ability|p1a: Hyperion|Pressure\n|\n|upkeep\n|turn|15\n|\n|t:|1700144434\n|switch|p1a: Chaos|Giratina, shiny|80\/100\n|-ability|p1a: Chaos|Pressure\n|move|p2a: Ho-Oh|Brave Bird|p1a: Chaos\n|-damage|p1a: Chaos|38\/100\n|-damage|p2a: Ho-Oh|84\/100|[from] Recoil\n|\n|-heal|p1a: Chaos|44\/100|[from] item: Leftovers\n|upkeep\n|turn|16\n|\n|t:|1700144443\n|move|p2a: Ho-Oh|Brave Bird|p1a: Chaos\n|-damage|p1a: Chaos|5\/100\n|-damage|p2a: Ho-Oh|68\/100|[from] Recoil\n|move|p1a: Chaos|Rest|p1a: Chaos\n|-status|p1a: Chaos|slp|[from] move: Rest\n|-heal|p1a: Chaos|100\/100 slp|[silent]\n|\n|upkeep\n|turn|17\n|\n|t:|1700144454\n|switch|p2a: Marshadow|Marshadow|100\/100\n|switch|p1a: Hyperion|Mewtwo, shiny|84\/100\n|-ability|p1a: Hyperion|Pressure\n|\n|upkeep\n|turn|18\n|\n|t:|1700144458\n|move|p1a: Hyperion|Psystrike|p2a: Marshadow\n|-supereffective|p2a: Marshadow\n|-damage|p2a: Marshadow|0 fnt\n|faint|p2a: Marshadow\n|\n|upkeep\n|-message|C0ld as Ice forfeited.\n|\n|win|vailorn\n|raw|vailorn's rating: 1585 &rarr; <strong>1618<\/strong><br \/>(+33 for winning)\n|raw|C0ld as Ice's rating: 1854 &rarr; <strong>1821<\/strong><br \/>(-33 for losing)\n|l|\u2606C0ld as Ice\n|l|\u2606vailorn\n","uploadtime":1700144683,"views":7,"p1id":"vailorn","p2id":"c0ldasice","formatid":"gen9nationaldexubers","rating":1618,"private":0,"password":""}