{"id":"gen9nationaldexubers-1978518021","p1":"THD48","p2":"Angel Karma","format":"[Gen 9] National Dex Ubers","log":"|j|\u2606THD48\n|j|\u2606Angel Karma\n|t:|1698549532\n|gametype|singles\n|player|p1|THD48|265|1323\n|player|p2|Angel Karma|unknown|1441\n|teamsize|p1|6\n|teamsize|p2|6\n|gen|9\n|tier|[Gen 9] National Dex Ubers\n|rated|\n|rule|HP Percentage Mod: HP is shown in percentages\n|rule|Endless Battle Clause: Forcing endless battles is banned\n|rule|OHKO Clause: OHKO moves are banned\n|rule|Evasion Moves Clause: Evasion moves are banned\n|rule|Evasion Items Clause: Evasion items are banned\n|rule|Species Clause: Limit one of each Pok\u00e9mon\n|rule|Sleep Clause Mod: Limit one foe put to sleep\n|rule|Mega Rayquaza Clause: You cannot mega evolve Rayquaza\n|clearpoke\n|poke|p1|Walking Wake|\n|poke|p1|Great Tusk|\n|poke|p1|Malamar, M|\n|poke|p1|Ninetales, M|\n|poke|p1|Kilowattrel, M|\n|poke|p1|Durant, M|\n|poke|p2|Haxorus, F|\n|poke|p2|Groudon|\n|poke|p2|Skarmory, F|\n|poke|p2|Yveltal|\n|poke|p2|Flutter Mane|\n|poke|p2|Lucario, F|\n|teampreview\n|\n|t:|1698549541\n|start\n|switch|p1a: Ninetales|Ninetales, M|100\/100\n|switch|p2a: Yveltal|Yveltal|100\/100\n|-ability|p2a: Yveltal|Dark Aura\n|-weather|SunnyDay|[from] ability: Drought|[of] p1a: Ninetales\n|turn|1\n|\n|t:|1698549550\n|move|p2a: Yveltal|Dark Pulse|p1a: Ninetales\n|-damage|p1a: Ninetales|59\/100\n|cant|p1a: Ninetales|flinch\n|\n|-weather|SunnyDay|[upkeep]\n|upkeep\n|turn|2\n|\n|t:|1698549558\n|-terastallize|p2a: Yveltal|Dark\n|move|p2a: Yveltal|Dark Pulse|p1a: Ninetales\n|-damage|p1a: Ninetales|1\/100\n|move|p1a: Ninetales|Overheat|p2a: Yveltal\n|-damage|p2a: Yveltal|36\/100\n|-unboost|p1a: Ninetales|spa|2\n|\n|-weather|SunnyDay|[upkeep]\n|upkeep\n|turn|3\n|\n|t:|1698549571\n|move|p2a: Yveltal|Dark Pulse|p1a: Ninetales\n|-damage|p1a: Ninetales|0 fnt\n|faint|p1a: Ninetales\n|\n|-weather|SunnyDay|[upkeep]\n|upkeep\n|\n|t:|1698549596\n|switch|p1a: Durant|Durant, M|100\/100\n|turn|4\n|\n|t:|1698549601\n|move|p1a: Durant|First Impression|p2a: Yveltal\n|-supereffective|p2a: Yveltal\n|-damage|p2a: Yveltal|0 fnt\n|faint|p2a: Yveltal\n|\n|-weather|SunnyDay|[upkeep]\n|upkeep\n|\n|t:|1698549610\n|switch|p2a: Lucario|Lucario, F, shiny|100\/100\n|turn|5\n|\n|t:|1698549615\n|switch|p1a: Great Tusk|Great Tusk|100\/100\n|-activate|p1a: Great Tusk|ability: Protosynthesis\n|-start|p1a: Great Tusk|protosynthesisatk\n|detailschange|p2a: Lucario|Lucario-Mega, F, shiny\n|-mega|p2a: Lucario|Lucario|Lucarionite\n|move|p2a: Lucario|High Jump Kick|p1a: Great Tusk\n|-damage|p1a: Great Tusk|40\/100\n|\n|-weather|none\n|-end|p1a: Great Tusk|Protosynthesis\n|-heal|p1a: Great Tusk|46\/100|[from] item: Leftovers\n|upkeep\n|turn|6\n|\n|t:|1698549634\n|move|p2a: Lucario|High Jump Kick|p1a: Great Tusk\n|-damage|p1a: Great Tusk|0 fnt\n|faint|p1a: Great Tusk\n|-end|p1a: Great Tusk|Protosynthesis|[silent]\n|\n|upkeep\n|\n|t:|1698549664\n|switch|p1a: Walking Wake|Walking Wake|100\/100\n|turn|7\n|\n|t:|1698549704\n|move|p1a: Walking Wake|Flamethrower|p2a: Lucario\n|-supereffective|p2a: Lucario\n|-damage|p2a: Lucario|0 fnt\n|faint|p2a: Lucario\n|\n|upkeep\n|\n|t:|1698549713\n|switch|p2a: Flutter Mane|Flutter Mane|100\/100\n|turn|8\n|\n|t:|1698549721\n|-end|p1a: Walking Wake|Protosynthesis|[silent]\n|switch|p1a: Durant|Durant, M|100\/100\n|move|p2a: Flutter Mane|Thunder Wave|p1a: Durant\n|-status|p1a: Durant|par\n|\n|upkeep\n|turn|9\n|\n|t:|1698549734\n|move|p1a: Durant|First Impression|p2a: Flutter Mane|[miss]\n|-miss|p1a: Durant|p2a: Flutter Mane\n|move|p2a: Flutter Mane|Hex|p1a: Durant\n|-damage|p1a: Durant|0 fnt\n|faint|p1a: Durant\n|\n|upkeep\n|\n|t:|1698549742\n|switch|p1a: Malamar|Malamar, M|100\/100\n|turn|10\n|j| 1 em trach thu\n|\n|t:|1698549753\n|move|p2a: Flutter Mane|Moonblast|p1a: Malamar\n|-supereffective|p1a: Malamar\n|-damage|p1a: Malamar|10\/100\n|-boost|p1a: Malamar|spa|1\n|move|p1a: Malamar|Superpower|p2a: Flutter Mane\n|-immune|p2a: Flutter Mane\n|\n|-heal|p1a: Malamar|16\/100|[from] item: Leftovers\n|upkeep\n|turn|11\n|-message|THD48 forfeited.\n|\n|win|Angel Karma\n|raw|THD48's rating: 1323 &rarr; <strong>1310<\/strong><br \/>(-13 for losing)\n|raw|Angel Karma's rating: 1441 &rarr; <strong>1454<\/strong><br \/>(+13 for winning)\n|l|\u2606THD48\n","uploadtime":1698549771,"views":9,"p1id":"thd48","p2id":"angelkarma","formatid":"gen9nationaldexubers","rating":1310,"private":0,"password":""}