{"id":"gen9nationaldexubers-1978846196","p1":"wdsonhsvsx","p2":"JustinRuggs","format":"[Gen 9] National Dex Ubers","log":"|j|\u2606wdsonhsvsx\n|j|\u2606JustinRuggs\n|t:|1698602086\n|gametype|singles\n|player|p1|wdsonhsvsx|lucas-gen4pt|1059\n|player|p2|JustinRuggs|gambler|1132\n|teamsize|p1|6\n|teamsize|p2|6\n|gen|9\n|tier|[Gen 9] National Dex Ubers\n|rated|\n|rule|HP Percentage Mod: HP is shown in percentages\n|rule|Endless Battle Clause: Forcing endless battles is banned\n|rule|OHKO Clause: OHKO moves are banned\n|rule|Evasion Moves Clause: Evasion moves are banned\n|rule|Evasion Items Clause: Evasion items are banned\n|rule|Species Clause: Limit one of each Pok\u00e9mon\n|rule|Sleep Clause Mod: Limit one foe put to sleep\n|rule|Mega Rayquaza Clause: You cannot mega evolve Rayquaza\n|clearpoke\n|poke|p1|Luxray, M|\n|poke|p1|Infernape, M|\n|poke|p1|Staraptor, M|\n|poke|p1|Roserade, F|\n|poke|p1|Lucario, M|\n|poke|p1|Garchomp, M|\n|poke|p2|Dragonite, F|\n|poke|p2|Raichu, F|\n|poke|p2|Galvantula, F|\n|poke|p2|Pheromosa|\n|poke|p2|Bisharp, M|\n|poke|p2|Gabite, F|\n|teampreview\n|inactive|Battle timer is ON: inactive players will automatically lose when time's up. (requested by wdsonhsvsx)\n|inactive|JustinRuggs has 120 seconds left.\n|\n|t:|1698602138\n|start\n|switch|p1a: Garchomp|Garchomp, M|100\/100\n|switch|p2a: Galvantula|Galvantula, F|100\/100\n|turn|1\n|\n|t:|1698602155\n|move|p2a: Galvantula|Sticky Web|p1a: Garchomp\n|-sidestart|p1: wdsonhsvsx|move: Sticky Web\n|move|p1a: Garchomp|Stealth Rock|p2a: Galvantula\n|-sidestart|p2: JustinRuggs|move: Stealth Rock\n|\n|upkeep\n|turn|2\n|inactive|JustinRuggs has 120 seconds left.\n|inactive|JustinRuggs has 90 seconds left.\n|\n|t:|1698602233\n|move|p2a: Galvantula|Giga Drain|p1a: Garchomp\n|-damage|p1a: Garchomp|75\/100\n|move|p1a: Garchomp|Stone Edge|p2a: Galvantula\n|-supereffective|p2a: Galvantula\n|-enditem|p2a: Galvantula|Focus Sash\n|-damage|p2a: Galvantula|1\/100\n|\n|upkeep\n|turn|3\n|\n|t:|1698602248\n|move|p2a: Galvantula|Bug Buzz|p1a: Garchomp\n|-damage|p1a: Garchomp|35\/100\n|move|p1a: Garchomp|Earthquake|p2a: Galvantula\n|-damage|p2a: Galvantula|0 fnt\n|faint|p2a: Galvantula\n|\n|upkeep\n|\n|t:|1698602257\n|switch|p2a: Pheromosa|Pheromosa|100\/100\n|-damage|p2a: Pheromosa|88\/100|[from] Stealth Rock\n|turn|4\n|\n|t:|1698602264\n|move|p2a: Pheromosa|Ice Beam|p1a: Garchomp\n|-supereffective|p1a: Garchomp\n|-damage|p1a: Garchomp|0 fnt\n|faint|p1a: Garchomp\n|-ability|p2a: Pheromosa|Beast Boost|boost\n|-boost|p2a: Pheromosa|atk|1\n|-damage|p2a: Pheromosa|78\/100|[from] item: Life Orb\n|\n|upkeep\n|\n|t:|1698602271\n|switch|p1a: Staraptor|Staraptor, M|100\/100\n|turn|5\n|\n|t:|1698602277\n|-terastallize|p1a: Staraptor|Steel\n|move|p2a: Pheromosa|Ice Beam|p1a: Staraptor\n|-resisted|p1a: Staraptor\n|-damage|p1a: Staraptor|74\/100\n|-damage|p2a: Pheromosa|68\/100|[from] item: Life Orb\n|move|p1a: Staraptor|Brave Bird|p2a: Pheromosa\n|-supereffective|p2a: Pheromosa\n|-damage|p2a: Pheromosa|0 fnt\n|faint|p2a: Pheromosa\n|-damage|p1a: Staraptor|53\/100|[from] Recoil\n|\n|upkeep\n|\n|t:|1698602281\n|switch|p2a: Raichu|Raichu, F|100\/100\n|-damage|p2a: Raichu|88\/100|[from] Stealth Rock\n|turn|6\n|\n|t:|1698602302\n|move|p1a: Staraptor|Brave Bird|p2a: Raichu\n|-resisted|p2a: Raichu\n|-damage|p2a: Raichu|0 fnt\n|faint|p2a: Raichu\n|-damage|p1a: Staraptor|23\/100|[from] Recoil\n|\n|upkeep\n|inactive|JustinRuggs has 120 seconds left.\n|\n|t:|1698602324\n|switch|p2a: Bisharp|Bisharp, M|100\/100\n|-damage|p2a: Bisharp|95\/100|[from] Stealth Rock\n|turn|7\n|\n|t:|1698602347\n|move|p1a: Staraptor|Brave Bird|p2a: Bisharp\n|-resisted|p2a: Bisharp\n|-damage|p2a: Bisharp|56\/100\n|-damage|p1a: Staraptor|9\/100|[from] Recoil\n|move|p2a: Bisharp|Power-Up Punch|p1a: Staraptor\n|-supereffective|p1a: Staraptor\n|-damage|p1a: Staraptor|0 fnt\n|-boost|p2a: Bisharp|atk|1\n|faint|p1a: Staraptor\n|\n|upkeep\n|inactive|wdsonhsvsx has 120 seconds left.\n|\n|t:|1698602358\n|switch|p1a: Infernape|Infernape, M|100\/100\n|-activate|p1a: Infernape|move: Sticky Web\n|-unboost|p1a: Infernape|spe|1\n|turn|8\n|\n|t:|1698602362\n|move|p1a: Infernape|Mach Punch|p2a: Bisharp\n|-supereffective|p2a: Bisharp\n|-damage|p2a: Bisharp|0 fnt\n|faint|p2a: Bisharp\n|\n|upkeep\n|\n|t:|1698602366\n|switch|p2a: Dragonite|Dragonite, F|100\/100\n|-damage|p2a: Dragonite|76\/100|[from] Stealth Rock\n|turn|9\n|\n|t:|1698602370\n|switch|p1a: Lucario|Lucario, M|100\/100\n|-activate|p1a: Lucario|move: Sticky Web\n|-unboost|p1a: Lucario|spe|1\n|-terastallize|p2a: Dragonite|Dragon\n|move|p2a: Dragonite|Dragon Dance|p2a: Dragonite\n|-boost|p2a: Dragonite|atk|1\n|-boost|p2a: Dragonite|spe|1\n|\n|-heal|p2a: Dragonite|82\/100|[from] item: Leftovers\n|upkeep\n|turn|10\n|\n|t:|1698602379\n|move|p2a: Dragonite|Brick Break|p1a: Lucario\n|-supereffective|p1a: Lucario\n|-damage|p1a: Lucario|0 fnt\n|faint|p1a: Lucario\n|\n|-heal|p2a: Dragonite|88\/100|[from] item: Leftovers\n|upkeep\n|\n|t:|1698602390\n|switch|p1a: Roserade|Roserade, F|100\/100\n|-activate|p1a: Roserade|move: Sticky Web\n|-unboost|p1a: Roserade|spe|1\n|turn|11\n|\n|t:|1698602395\n|move|p2a: Dragonite|Fire Punch|p1a: Roserade\n|-supereffective|p1a: Roserade\n|-damage|p1a: Roserade|0 fnt\n|faint|p1a: Roserade\n|\n|-heal|p2a: Dragonite|94\/100|[from] item: Leftovers\n|upkeep\n|\n|t:|1698602401\n|switch|p1a: Luxray|Luxray, M|100\/100\n|-activate|p1a: Luxray|move: Sticky Web\n|-unboost|p1a: Luxray|spe|1\n|turn|12\n|\n|t:|1698602408\n|move|p2a: Dragonite|Fire Punch|p1a: Luxray\n|-damage|p1a: Luxray|37\/100\n|move|p1a: Luxray|Ice Fang|p2a: Dragonite\n|-supereffective|p2a: Dragonite\n|-damage|p2a: Dragonite|49\/100\n|\n|-heal|p2a: Dragonite|55\/100|[from] item: Leftovers\n|-status|p1a: Luxray|brn|[from] item: Flame Orb\n|upkeep\n|turn|13\n|\n|t:|1698602417\n|move|p2a: Dragonite|Brick Break|p1a: Luxray\n|-damage|p1a: Luxray|0 fnt\n|faint|p1a: Luxray\n|\n|-heal|p2a: Dragonite|61\/100|[from] item: Leftovers\n|upkeep\n|\n|t:|1698602422\n|switch|p1a: Infernape|Infernape, M|100\/100\n|-activate|p1a: Infernape|move: Sticky Web\n|-unboost|p1a: Infernape|spe|1\n|turn|14\n|\n|t:|1698602434\n|move|p2a: Dragonite|Brick Break|p1a: Infernape\n|-damage|p1a: Infernape|29\/100\n|move|p1a: Infernape|Close Combat|p2a: Dragonite\n|-damage|p2a: Dragonite|0 fnt\n|-unboost|p1a: Infernape|def|1\n|-unboost|p1a: Infernape|spd|1\n|faint|p2a: Dragonite\n|\n|upkeep\n|inactive|JustinRuggs has 120 seconds left.\n|\n|t:|1698602487\n|switch|p2a: Gabite|Gabite, F|100\/100\n|-damage|p2a: Gabite|94\/100|[from] Stealth Rock\n|turn|15\n|c|\u2606JustinRuggs|gg\n|\n|t:|1698602490\n|move|p2a: Gabite|Earthquake|p1a: Infernape\n|-supereffective|p1a: Infernape\n|-damage|p1a: Infernape|0 fnt\n|faint|p1a: Infernape\n|\n|win|JustinRuggs\n|raw|wdsonhsvsx's rating: 1059 &rarr; <strong>1044<\/strong><br \/>(-15 for losing)\n|raw|JustinRuggs's rating: 1132 &rarr; <strong>1152<\/strong><br \/>(+20 for winning)\n|l|\u2606wdsonhsvsx\n","uploadtime":1698602498,"views":9,"p1id":"wdsonhsvsx","p2id":"justinruggs","formatid":"gen9nationaldexubers","rating":1044,"private":0,"password":""}