{"id":"gen9nationaldexubers-1995286481","p1":"atreyu_goku","p2":"Treeckoguy1","format":"[Gen 9] National Dex Ubers","log":"|j|\u2606atreyu_goku\n|j|\u2606Treeckoguy1\n|t:|1700547078\n|gametype|singles\n|player|p1|atreyu_goku|1|1124\n|player|p2|Treeckoguy1|1|1079\n|teamsize|p1|6\n|teamsize|p2|1\n|gen|9\n|tier|[Gen 9] National Dex Ubers\n|rated|\n|rule|HP Percentage Mod: HP is shown in percentages\n|rule|Endless Battle Clause: Forcing endless battles is banned\n|rule|OHKO Clause: OHKO moves are banned\n|rule|Evasion Moves Clause: Evasion moves are banned\n|rule|Evasion Items Clause: Evasion items are banned\n|rule|Species Clause: Limit one of each Pok\u00e9mon\n|rule|Sleep Clause Mod: Limit one foe put to sleep\n|rule|Mega Rayquaza Clause: You cannot mega evolve Rayquaza\n|clearpoke\n|poke|p1|Annihilape, M|\n|poke|p1|Infernape, M|\n|poke|p1|Minior-Orange|\n|poke|p1|Altaria, F|\n|poke|p1|Ursaluna-Bloodmoon, M|\n|poke|p1|Smoliv, F|\n|poke|p2|Necrozma-Dusk-Mane|\n|teampreview\n|inactive|Battle timer is ON: inactive players will automatically lose when time's up. (requested by atreyu_goku)\n|\n|t:|1700547082\n|start\n|switch|p1a: goku|Infernape, M|100\/100\n|switch|p2a: Necrozma|Necrozma-Dusk-Mane|100\/100\n|turn|1\n|\n|t:|1700547091\n|detailschange|p2a: Necrozma|Necrozma-Ultra\n|-burst|p2a: Necrozma|Necrozma|Ultranecrozium Z\n|move|p1a: goku|Fire Blast|p2a: Necrozma\n|-resisted|p2a: Necrozma\n|-damage|p2a: Necrozma|80\/100\n|move|p2a: Necrozma|Dragon Dance|p2a: Necrozma\n|-boost|p2a: Necrozma|atk|1\n|-boost|p2a: Necrozma|spe|1\n|\n|upkeep\n|turn|2\n|\n|t:|1700547103\n|move|p2a: Necrozma|Earthquake|p1a: goku\n|-supereffective|p1a: goku\n|-enditem|p1a: goku|Focus Sash\n|-damage|p1a: goku|1\/100\n|move|p1a: goku|Fire Blast|p2a: Necrozma\n|-resisted|p2a: Necrozma\n|-crit|p2a: Necrozma\n|-damage|p2a: Necrozma|29\/100\n|\n|upkeep\n|turn|3\n|\n|t:|1700547108\n|move|p1a: goku|Vacuum Wave|p2a: Necrozma\n|-resisted|p2a: Necrozma\n|-damage|p2a: Necrozma|20\/100\n|move|p2a: Necrozma|Photon Geyser|p1a: goku\n|-supereffective|p1a: goku\n|-damage|p1a: goku|0 fnt\n|faint|p1a: goku\n|\n|upkeep\n|\n|t:|1700547116\n|switch|p1a: Flying Nimbus|Altaria, F, shiny|100\/100\n|-ability|p1a: Flying Nimbus|Cloud Nine\n|turn|4\n|\n|t:|1700547120\n|detailschange|p1a: Flying Nimbus|Altaria-Mega, F, shiny\n|-mega|p1a: Flying Nimbus|Altaria|Altarianite\n|move|p2a: Necrozma|Sunsteel Strike|p1a: Flying Nimbus\n|-supereffective|p1a: Flying Nimbus\n|-damage|p1a: Flying Nimbus|0 fnt\n|faint|p1a: Flying Nimbus\n|\n|upkeep\n|\n|t:|1700547126\n|switch|p1a: Senzu Bean|Smoliv, F|100\/100\n|turn|5\n|\n|t:|1700547132\n|move|p2a: Necrozma|Photon Geyser|p1a: Senzu Bean\n|-damage|p1a: Senzu Bean|0 fnt\n|faint|p1a: Senzu Bean\n|\n|upkeep\n|\n|t:|1700547136\n|switch|p1a: Dragon Ball|Minior-Orange|100\/100\n|-formechange|p1a: Dragon Ball|Minior-Meteor||[from] ability: Shields Down\n|turn|6\n|\n|t:|1700547141\n|move|p2a: Necrozma|Sunsteel Strike|p1a: Dragon Ball\n|-supereffective|p1a: Dragon Ball\n|-damage|p1a: Dragon Ball|0 fnt\n|faint|p1a: Dragon Ball\n|\n|upkeep\n|\n|t:|1700547145\n|switch|p1a: super saiyan|Annihilape, M|100\/100\n|turn|7\n|\n|t:|1700547150\n|move|p2a: Necrozma|Photon Geyser|p1a: super saiyan\n|-supereffective|p1a: super saiyan\n|-damage|p1a: super saiyan|0 fnt\n|faint|p1a: super saiyan\n|\n|upkeep\n|\n|t:|1700547152\n|switch|p1a: Oozaru|Ursaluna-Bloodmoon, M|100\/100\n|turn|8\n|\n|t:|1700547159\n|-zpower|p2a: Necrozma\n|move|p2a: Necrozma|Light That Burns the Sky|p1a: Oozaru|[zeffect]\n|-damage|p1a: Oozaru|0 fnt\n|faint|p1a: Oozaru\n|\n|win|Treeckoguy1\n|raw|atreyu_goku's rating: 1124 &rarr; <strong>1096<\/strong><br \/>(-28 for losing)\n|raw|Treeckoguy1's rating: 1079 &rarr; <strong>1111<\/strong><br \/>(+32 for winning)\n|l|\u2606atreyu_goku\n","uploadtime":1700547171,"views":11,"p1id":"atreyugoku","p2id":"treeckoguy1","formatid":"gen9nationaldexubers","rating":1096,"private":0,"password":""}