{"id":"gen9nationaldexubers-1991181762","p1":"Michaussette","p2":"Dracho23","format":"[Gen 9] National Dex Ubers","log":"|j|\u2606Michaussette\n|j|\u2606Dracho23\n|t:|1700054391\n|gametype|singles\n|player|p1|Michaussette|sonia|1253\n|player|p2|Dracho23|blue|1365\n|teamsize|p1|6\n|teamsize|p2|6\n|gen|9\n|tier|[Gen 9] National Dex Ubers\n|rated|\n|rule|HP Percentage Mod: HP is shown in percentages\n|rule|Endless Battle Clause: Forcing endless battles is banned\n|rule|OHKO Clause: OHKO moves are banned\n|rule|Evasion Moves Clause: Evasion moves are banned\n|rule|Evasion Items Clause: Evasion items are banned\n|rule|Species Clause: Limit one of each Pok\u00e9mon\n|rule|Sleep Clause Mod: Limit one foe put to sleep\n|rule|Mega Rayquaza Clause: You cannot mega evolve Rayquaza\n|clearpoke\n|poke|p1|Landorus-Therian, M|\n|poke|p1|Cinderace, F|\n|poke|p1|Skeledirge, F|\n|poke|p1|Meowscarada, F|\n|poke|p1|Regieleki|\n|poke|p1|Pheromosa|\n|poke|p2|Gengar, M|\n|poke|p2|Gardevoir, F|\n|poke|p2|Golduck, M|\n|poke|p2|Ursaluna-Bloodmoon, M|\n|poke|p2|Roaring Moon|\n|poke|p2|Groudon|\n|teampreview\n|inactive|Battle timer is ON: inactive players will automatically lose when time's up. (requested by Michaussette)\n|\n|t:|1700054405\n|start\n|switch|p1a: Pheromosa|Pheromosa|100\/100\n|switch|p2a: Queenzy|Gardevoir, F, shiny|100\/100\n|-ability|p2a: Queenzy|Beast Boost|[from] ability: Trace|[of] p1a: Pheromosa\n|turn|1\n|\n|t:|1700054414\n|move|p1a: Pheromosa|Lunge|p2a: Queenzy\n|-damage|p2a: Queenzy|14\/100\n|-unboost|p2a: Queenzy|atk|1\n|move|p2a: Queenzy|Moonblast|p1a: Pheromosa\n|-supereffective|p1a: Pheromosa\n|-enditem|p1a: Pheromosa|Focus Sash\n|-damage|p1a: Pheromosa|1\/100\n|\n|upkeep\n|turn|2\n|\n|t:|1700054431\n|switch|p2a: Misha|Ursaluna-Bloodmoon, M|100\/100\n|move|p1a: Pheromosa|Lunge|p2a: Misha\n|-damage|p2a: Misha|66\/100\n|-unboost|p2a: Misha|atk|1\n|-damage|p1a: Pheromosa|0 fnt|[from] item: Rocky Helmet|[of] p2a: Misha\n|faint|p1a: Pheromosa\n|\n|upkeep\n|\n|t:|1700054447\n|switch|p1a: Meowscarada|Meowscarada, F, shiny|100\/100\n|turn|3\n|\n|t:|1700054452\n|move|p1a: Meowscarada|Flower Trick|p2a: Misha\n|-start|p1a: Meowscarada|typechange|Grass|[from] ability: Protean\n|-supereffective|p2a: Misha\n|-crit|p2a: Misha\n|-damage|p2a: Misha|0 fnt\n|faint|p2a: Misha\n|-damage|p1a: Meowscarada|91\/100|[from] item: Life Orb\n|\n|upkeep\n|\n|t:|1700054466\n|switch|p2a: Krakatoa|Groudon|100\/100\n|detailschange|p2a: Krakatoa|Groudon-Primal\n|-primal|p2a: Krakatoa|Red Orb\n|-weather|DesolateLand|[from] ability: Desolate Land|[of] p2a: Krakatoa\n|turn|4\n|inactive|Michaussette has 120 seconds left.\n|\n|t:|1700054498\n|move|p1a: Meowscarada|U-turn|p2a: Krakatoa\n|-resisted|p2a: Krakatoa\n|-damage|p2a: Krakatoa|92\/100\n|-damage|p1a: Meowscarada|81\/100|[from] item: Life Orb\n|\n|t:|1700054500\n|switch|p1a: Landorus|Landorus-Therian, M|100\/100|[from] U-turn\n|-ability|p1a: Landorus|Intimidate|boost\n|-unboost|p2a: Krakatoa|atk|1\n|move|p2a: Krakatoa|Heat Crash|p1a: Landorus\n|-damage|p1a: Landorus|37\/100\n|-damage|p2a: Krakatoa|75\/100|[from] item: Rocky Helmet|[of] p1a: Landorus\n|\n|-weather|DesolateLand|[upkeep]\n|upkeep\n|turn|5\n|\n|t:|1700054512\n|-weather|none\n|switch|p2a: Queenzy|Gardevoir, F, shiny|14\/100\n|-ability|p2a: Queenzy|Intimidate|boost\n|-unboost|p1a: Landorus|atk|1\n|-ability|p2a: Queenzy|Intimidate|[from] ability: Trace|[of] p1a: Landorus\n|move|p1a: Landorus|Earthquake|p2a: Queenzy\n|-damage|p2a: Queenzy|0 fnt\n|faint|p2a: Queenzy\n|\n|upkeep\n|\n|t:|1700054526\n|switch|p2a: Bhoo|Gengar, M|100\/100\n|turn|6\n|\n|t:|1700054542\n|switch|p1a: Skeledirge|Skeledirge, F, shiny|100\/100\n|move|p2a: Bhoo|Shadow Ball|p1a: Skeledirge\n|-supereffective|p1a: Skeledirge\n|-damage|p1a: Skeledirge|33\/100\n|\n|-heal|p1a: Skeledirge|39\/100|[from] item: Leftovers\n|upkeep\n|turn|7\n|\n|t:|1700054552\n|move|p2a: Bhoo|Shadow Ball|p1a: Skeledirge\n|-supereffective|p1a: Skeledirge\n|-damage|p1a: Skeledirge|0 fnt\n|faint|p1a: Skeledirge\n|\n|upkeep\n|\n|t:|1700054556\n|switch|p1a: Meowscarada|Meowscarada, F, shiny|81\/100\n|turn|8\n|\n|t:|1700054573\n|-terastallize|p2a: Bhoo|Fairy\n|move|p1a: Meowscarada|Sucker Punch|p2a: Bhoo\n|-start|p1a: Meowscarada|typechange|Dark|[from] ability: Protean\n|-resisted|p2a: Bhoo\n|-damage|p2a: Bhoo|57\/100\n|-start|p1a: Meowscarada|Disable|Sucker Punch|[from] ability: Cursed Body|[of] p2a: Bhoo\n|-damage|p1a: Meowscarada|71\/100|[from] item: Life Orb\n|move|p2a: Bhoo|Dazzling Gleam|p1a: Meowscarada\n|-supereffective|p1a: Meowscarada\n|-damage|p1a: Meowscarada|0 fnt\n|faint|p1a: Meowscarada\n|\n|upkeep\n|\n|t:|1700054586\n|switch|p1a: Cinderace|Cinderace, F|100\/100\n|turn|9\n|\n|t:|1700054594\n|move|p1a: Cinderace|Iron Head|p2a: Bhoo\n|-start|p1a: Cinderace|typechange|Steel|[from] ability: Libero\n|-supereffective|p2a: Bhoo\n|-damage|p2a: Bhoo|0 fnt\n|faint|p2a: Bhoo\n|\n|upkeep\n|\n|t:|1700054603\n|switch|p2a: Kahuna|Golduck, M, shiny|100\/100\n|-ability|p2a: Kahuna|Cloud Nine\n|turn|10\n|\n|t:|1700054608\n|move|p1a: Cinderace|U-turn|p2a: Kahuna\n|-damage|p2a: Kahuna|67\/100\n|\n|t:|1700054612\n|switch|p1a: Regieleki|Regieleki|100\/100|[from] U-turn\n|-zpower|p2a: Kahuna\n|move|p2a: Kahuna|All-Out Pummeling|p1a: Regieleki|[zeffect]\n|-damage|p1a: Regieleki|0 fnt\n|faint|p1a: Regieleki\n|\n|upkeep\n|\n|t:|1700054615\n|switch|p1a: Cinderace|Cinderace, F|100\/100\n|turn|11\n|\n|t:|1700054630\n|move|p1a: Cinderace|Pyro Ball|p2a: Kahuna\n|-resisted|p2a: Kahuna\n|-damage|p2a: Kahuna|29\/100\n|move|p2a: Kahuna|Scald|p1a: Cinderace\n|-supereffective|p1a: Cinderace\n|-damage|p1a: Cinderace|0 fnt\n|faint|p1a: Cinderace\n|\n|upkeep\n|\n|t:|1700054636\n|switch|p1a: Landorus|Landorus-Therian, M|37\/100\n|-ability|p1a: Landorus|Intimidate|boost\n|-unboost|p2a: Kahuna|atk|1\n|turn|12\n|-message|Michaussette forfeited.\n|\n|win|Dracho23\n|raw|Michaussette's rating: 1253 &rarr; <strong>1236<\/strong><br \/>(-17 for losing)\n|raw|Dracho23's rating: 1365 &rarr; <strong>1379<\/strong><br \/>(+14 for winning)\n|l|\u2606Michaussette\n|c|\u2606Dracho23|Gg\n","uploadtime":1700054716,"views":9,"p1id":"michaussette","p2id":"dracho23","formatid":"gen9nationaldexubers","rating":1236,"private":0,"password":""}