{"id":"gen9nationaldexubers-1983745219","p1":"Helpnoname","p2":"Malice Incarnate","format":"[Gen 9] National Dex Ubers","log":"|j|\u2606Helpnoname\n|j|\u2606Malice Incarnate\n|t:|1699172194\n|gametype|singles\n|player|p1|Helpnoname|266|1644\n|player|p2|Malice Incarnate|palmer|1569\n|teamsize|p1|6\n|teamsize|p2|6\n|gen|9\n|tier|[Gen 9] National Dex Ubers\n|rated|\n|rule|HP Percentage Mod: HP is shown in percentages\n|rule|Endless Battle Clause: Forcing endless battles is banned\n|rule|OHKO Clause: OHKO moves are banned\n|rule|Evasion Moves Clause: Evasion moves are banned\n|rule|Evasion Items Clause: Evasion items are banned\n|rule|Species Clause: Limit one of each Pok\u00e9mon\n|rule|Sleep Clause Mod: Limit one foe put to sleep\n|rule|Mega Rayquaza Clause: You cannot mega evolve Rayquaza\n|clearpoke\n|poke|p1|Ferrothorn, F|\n|poke|p1|Eternatus|\n|poke|p1|Giratina|\n|poke|p1|Toxapex, M|\n|poke|p1|Ho-Oh|\n|poke|p1|Yveltal|\n|poke|p2|Necrozma-Dusk-Mane|\n|poke|p2|Salamence, F|\n|poke|p2|Groudon|\n|poke|p2|Yveltal|\n|poke|p2|Xerneas-*|\n|poke|p2|Marshadow|\n|teampreview\n|inactive|Battle timer is ON: inactive players will automatically lose when time's up. (requested by Malice Incarnate)\n|\n|t:|1699172215\n|start\n|switch|p1a: Yveltal|Yveltal|100\/100\n|switch|p2a: Groudon|Groudon|100\/100\n|-ability|p1a: Yveltal|Dark Aura\n|detailschange|p2a: Groudon|Groudon-Primal\n|-primal|p2a: Groudon|Red Orb\n|-weather|DesolateLand|[from] ability: Desolate Land|[of] p2a: Groudon\n|turn|1\n|\n|t:|1699172221\n|-terastallize|p1a: Yveltal|Dark\n|move|p1a: Yveltal|Dark Pulse|p2a: Groudon\n|-damage|p2a: Groudon|18\/100\n|move|p2a: Groudon|Stealth Rock|p1a: Yveltal\n|-sidestart|p1: Helpnoname|move: Stealth Rock\n|\n|-weather|DesolateLand|[upkeep]\n|upkeep\n|turn|2\n|\n|t:|1699172229\n|-weather|none\n|switch|p2a: Xerneas|Xerneas|100\/100\n|-ability|p2a: Xerneas|Fairy Aura\n|move|p1a: Yveltal|Dark Pulse|p2a: Xerneas\n|-resisted|p2a: Xerneas\n|-damage|p2a: Xerneas|69\/100\n|\n|upkeep\n|turn|3\n|\n|t:|1699172238\n|switch|p1a: Ho-Oh|Ho-Oh|100\/100\n|move|p2a: Xerneas|Geomancy||[still]\n|-prepare|p2a: Xerneas|Geomancy\n|-enditem|p2a: Xerneas|Power Herb\n|-anim|p2a: Xerneas|Geomancy|p2a: Xerneas\n|-boost|p2a: Xerneas|spa|2\n|-boost|p2a: Xerneas|spd|2\n|-boost|p2a: Xerneas|spe|2\n|\n|upkeep\n|turn|4\n|\n|t:|1699172241\n|move|p2a: Xerneas|Hidden Power|p1a: Ho-Oh\n|-supereffective|p1a: Ho-Oh\n|-damage|p1a: Ho-Oh|20\/100\n|move|p1a: Ho-Oh|Whirlwind|p2a: Xerneas\n|drag|p2a: Salamence|Salamence, F|100\/100\n|-ability|p2a: Salamence|Intimidate|boost\n|-unboost|p1a: Ho-Oh|atk|1\n|\n|upkeep\n|turn|5\n|\n|t:|1699172253\n|switch|p1a: Giratina|Giratina|100\/100\n|-damage|p1a: Giratina|88\/100|[from] Stealth Rock\n|-ability|p1a: Giratina|Pressure\n|detailschange|p2a: Salamence|Salamence-Mega, F\n|-mega|p2a: Salamence|Salamence|Salamencite\n|move|p2a: Salamence|Dragon Dance|p2a: Salamence\n|-boost|p2a: Salamence|atk|1\n|-boost|p2a: Salamence|spe|1\n|\n|-heal|p1a: Giratina|94\/100|[from] item: Leftovers\n|upkeep\n|turn|6\n|\n|t:|1699172260\n|move|p2a: Salamence|Dragon Dance|p2a: Salamence\n|-boost|p2a: Salamence|atk|1\n|-boost|p2a: Salamence|spe|1\n|move|p1a: Giratina|Will-O-Wisp|p2a: Salamence\n|-status|p2a: Salamence|brn\n|\n|-heal|p1a: Giratina|99\/100|[from] item: Leftovers\n|-damage|p2a: Salamence|94\/100 brn|[from] brn\n|upkeep\n|turn|7\n|\n|t:|1699172264\n|move|p2a: Salamence|Facade|p1a: Giratina\n|-damage|p1a: Giratina|7\/100\n|move|p1a: Giratina|Hex|p2a: Salamence\n|-damage|p2a: Salamence|46\/100 brn\n|\n|-heal|p1a: Giratina|14\/100|[from] item: Leftovers\n|-damage|p2a: Salamence|40\/100 brn|[from] brn\n|upkeep\n|turn|8\n|\n|t:|1699172288\n|move|p2a: Salamence|Facade|p1a: Giratina\n|-damage|p1a: Giratina|0 fnt\n|faint|p1a: Giratina\n|\n|-damage|p2a: Salamence|34\/100 brn|[from] brn\n|upkeep\n|\n|t:|1699172291\n|switch|p1a: Ferrothorn|Ferrothorn, F|100\/100\n|-damage|p1a: Ferrothorn|94\/100|[from] Stealth Rock\n|turn|9\n|\n|t:|1699172298\n|move|p2a: Salamence|Roost|p2a: Salamence\n|-heal|p2a: Salamence|84\/100 brn\n|-singleturn|p2a: Salamence|move: Roost\n|move|p1a: Ferrothorn|Stealth Rock|p2a: Salamence\n|-sidestart|p2: Malice Incarnate|move: Stealth Rock\n|\n|-heal|p1a: Ferrothorn|100\/100|[from] item: Leftovers\n|-damage|p2a: Salamence|78\/100 brn|[from] brn\n|upkeep\n|turn|10\n|\n|t:|1699172301\n|move|p2a: Salamence|Facade|p1a: Ferrothorn\n|-damage|p1a: Ferrothorn|0 fnt\n|-damage|p2a: Salamence|66\/100 brn|[from] ability: Iron Barbs|[of] p1a: Ferrothorn\n|faint|p1a: Ferrothorn\n|\n|-damage|p2a: Salamence|60\/100 brn|[from] brn\n|upkeep\n|-message|Helpnoname forfeited.\n|\n|win|Malice Incarnate\n|raw|Helpnoname's rating: 1656 &rarr; <strong>1631<\/strong><br \/>(-25 for losing)\n|raw|Malice Incarnate's rating: 1569 &rarr; <strong>1594<\/strong><br \/>(+25 for winning)\n|l|\u2606Helpnoname\n|l|\u2606Malice Incarnate\n","uploadtime":1699172317,"views":4,"p1id":"helpnoname","p2id":"maliceincarnate","formatid":"gen9nationaldexubers","rating":1594,"private":0,"password":""}