{"id":"gen9nationaldexubers-1978620969","p1":"700club","p2":"Mlynarsdog","format":"[Gen 9] National Dex Ubers","log":"|j|\u2606700club\n|j|\u2606Mlynarsdog\n|t:|1698568566\n|gametype|singles\n|player|p1|700club|shadowtriad|1168\n|player|p2|Mlynarsdog|koga|1139\n|teamsize|p1|6\n|teamsize|p2|6\n|gen|9\n|tier|[Gen 9] National Dex Ubers\n|rated|\n|rule|HP Percentage Mod: HP is shown in percentages\n|rule|Endless Battle Clause: Forcing endless battles is banned\n|rule|OHKO Clause: OHKO moves are banned\n|rule|Evasion Moves Clause: Evasion moves are banned\n|rule|Evasion Items Clause: Evasion items are banned\n|rule|Species Clause: Limit one of each Pok\u00e9mon\n|rule|Sleep Clause Mod: Limit one foe put to sleep\n|rule|Mega Rayquaza Clause: You cannot mega evolve Rayquaza\n|clearpoke\n|poke|p1|Ogerpon-Hearthflame, F|\n|poke|p1|Ditto|\n|poke|p1|Deoxys-Speed|\n|poke|p1|Mewtwo|\n|poke|p1|Necrozma-Dusk-Mane|\n|poke|p1|Palkia-Origin|\n|poke|p2|Togekiss, M|\n|poke|p2|Shaymin-Sky|\n|poke|p2|Meloetta|\n|poke|p2|Jirachi|\n|poke|p2|Chansey, F|\n|poke|p2|Sawsbuck-Autumn, M|\n|teampreview\n|inactive|Battle timer is ON: inactive players will automatically lose when time's up. (requested by Mlynarsdog)\n|inactive|700club has 120 seconds left.\n|c|\u2606700club|hi\n|\n|t:|1698568606\n|start\n|switch|p1a: Deoxys|Deoxys-Speed|100\/100\n|switch|p2a: Chansey|Chansey, F, shiny|100\/100\n|-ability|p1a: Deoxys|Pressure\n|turn|1\n|\n|t:|1698568620\n|move|p1a: Deoxys|Taunt|p2a: Chansey\n|-start|p2a: Chansey|move: Taunt\n|cant|p2a: Chansey|move: Taunt|Stealth Rock\n|\n|upkeep\n|turn|2\n|\n|t:|1698568629\n|move|p1a: Deoxys|Stealth Rock|p2a: Chansey\n|-sidestart|p2: Mlynarsdog|move: Stealth Rock\n|move|p2a: Chansey|Ice Beam|p1a: Deoxys\n|-damage|p1a: Deoxys|89\/100\n|\n|upkeep\n|turn|3\n|\n|t:|1698568635\n|move|p1a: Deoxys|Light Screen|p1a: Deoxys\n|-sidestart|p1: 700club|move: Light Screen\n|move|p2a: Chansey|Tri Attack|p1a: Deoxys\n|-damage|p1a: Deoxys|82\/100\n|\n|-end|p2a: Chansey|move: Taunt\n|upkeep\n|turn|4\n|\n|t:|1698568643\n|move|p1a: Deoxys|Taunt|p2a: Chansey\n|-start|p2a: Chansey|move: Taunt\n|cant|p2a: Chansey|move: Taunt|Stealth Rock\n|\n|upkeep\n|turn|5\n|\n|t:|1698568650\n|move|p1a: Deoxys|Reflect|p1a: Deoxys\n|-sidestart|p1: 700club|Reflect\n|move|p2a: Chansey|Thunder|p1a: Deoxys\n|-damage|p1a: Deoxys|75\/100\n|-status|p1a: Deoxys|par\n|\n|upkeep\n|turn|6\n|\n|t:|1698568671\n|switch|p1a: Mewtwo|Mewtwo|100\/100\n|-ability|p1a: Mewtwo|Unnerve\n|move|p2a: Chansey|Tri Attack|p1a: Mewtwo\n|-crit|p1a: Mewtwo\n|-damage|p1a: Mewtwo|79\/100\n|\n|-end|p2a: Chansey|move: Taunt\n|upkeep\n|turn|7\n|\n|t:|1698568685\n|detailschange|p1a: Mewtwo|Mewtwo-Mega-Y\n|-mega|p1a: Mewtwo|Mewtwo|Mewtwonite Y\n|move|p1a: Mewtwo|Nasty Plot|p1a: Mewtwo\n|-boost|p1a: Mewtwo|spa|2\n|move|p2a: Chansey|Stealth Rock|p1a: Mewtwo\n|-sidestart|p1: 700club|move: Stealth Rock\n|\n|-sideend|p1: 700club|move: Light Screen\n|upkeep\n|turn|8\n|\n|t:|1698568697\n|move|p1a: Mewtwo|Psystrike|p2a: Chansey\n|-damage|p2a: Chansey|8\/100\n|move|p2a: Chansey|Tri Attack|p1a: Mewtwo\n|-damage|p1a: Mewtwo|69\/100\n|\n|upkeep\n|turn|9\n|\n|t:|1698568705\n|move|p1a: Mewtwo|Psystrike|p2a: Chansey\n|-damage|p2a: Chansey|0 fnt\n|faint|p2a: Chansey\n|\n|-sideend|p1: 700club|Reflect\n|upkeep\n|\n|t:|1698568714\n|switch|p2a: Shaymin|Shaymin-Sky|100\/100\n|-damage|p2a: Shaymin|76\/100|[from] Stealth Rock\n|turn|10\n|\n|t:|1698568724\n|move|p1a: Mewtwo|Ice Beam|p2a: Shaymin\n|-supereffective|p2a: Shaymin\n|-damage|p2a: Shaymin|0 fnt\n|faint|p2a: Shaymin\n|\n|upkeep\n|\n|t:|1698568731\n|switch|p2a: Jirachi|Jirachi|100\/100\n|-damage|p2a: Jirachi|94\/100|[from] Stealth Rock\n|turn|11\n|\n|t:|1698568738\n|-terastallize|p2a: Jirachi|Steel\n|move|p2a: Jirachi|Iron Head|p1a: Mewtwo\n|-damage|p1a: Mewtwo|8\/100\n|move|p1a: Mewtwo|Fire Blast|p2a: Jirachi\n|-supereffective|p2a: Jirachi\n|-damage|p2a: Jirachi|0 fnt\n|faint|p2a: Jirachi\n|\n|upkeep\n|\n|t:|1698568753\n|switch|p2a: Meloetta|Meloetta|100\/100\n|-damage|p2a: Meloetta|88\/100|[from] Stealth Rock\n|turn|12\n|\n|t:|1698568762\n|move|p1a: Mewtwo|Ice Beam|p2a: Meloetta\n|-damage|p2a: Meloetta|20\/100\n|move|p2a: Meloetta|Relic Song|p1a: Mewtwo\n|-damage|p1a: Mewtwo|0 fnt\n|faint|p1a: Mewtwo\n|-formechange|p2a: Meloetta|Meloetta-Pirouette|[msg]\n|\n|upkeep\n|\n|t:|1698568777\n|switch|p1a: Ditto|Ditto|100\/100\n|-damage|p1a: Ditto|88\/100|[from] Stealth Rock\n|-transform|p1a: Ditto|p2a: Meloetta|[from] ability: Imposter\n|turn|13\n|\n|t:|1698568805\n|move|p1a: Ditto|Relic Song|p2a: Meloetta\n|-damage|p2a: Meloetta|0 fnt\n|faint|p2a: Meloetta\n|\n|upkeep\n|\n|t:|1698568812\n|switch|p2a: Sawsbuck|Sawsbuck-Autumn, M, shiny|100\/100\n|-damage|p2a: Sawsbuck|88\/100|[from] Stealth Rock\n|turn|14\n|\n|t:|1698568825\n|move|p1a: Ditto|Relic Song|p2a: Sawsbuck\n|-damage|p2a: Sawsbuck|59\/100\n|move|p2a: Sawsbuck|Trailblaze|p1a: Ditto\n|-damage|p1a: Ditto|59\/100\n|-boost|p2a: Sawsbuck|spe|1\n|\n|upkeep\n|turn|15\n|\n|t:|1698568836\n|switch|p1a: Deoxys|Deoxys-Speed|75\/100 par\n|-damage|p1a: Deoxys|63\/100 par|[from] Stealth Rock\n|-ability|p1a: Deoxys|Pressure\n|move|p2a: Sawsbuck|Jump Kick|p1a: Deoxys\n|-resisted|p1a: Deoxys\n|-damage|p1a: Deoxys|43\/100 par\n|\n|upkeep\n|turn|16\n|\n|t:|1698568848\n|move|p2a: Sawsbuck|Headbutt|p1a: Deoxys\n|-damage|p1a: Deoxys|3\/100 par\n|cant|p1a: Deoxys|flinch\n|\n|upkeep\n|turn|17\n|\n|t:|1698568854\n|move|p2a: Sawsbuck|Trailblaze|p1a: Deoxys\n|-damage|p1a: Deoxys|0 fnt\n|-boost|p2a: Sawsbuck|spe|1\n|faint|p1a: Deoxys\n|\n|upkeep\n|\n|t:|1698568871\n|switch|p1a: Necrozma|Necrozma-Dusk-Mane|100\/100\n|-damage|p1a: Necrozma|95\/100|[from] Stealth Rock\n|turn|18\n|\n|t:|1698568878\n|detailschange|p1a: Necrozma|Necrozma-Ultra\n|-burst|p1a: Necrozma|Necrozma|Ultranecrozium Z\n|move|p2a: Sawsbuck|Jump Kick|p1a: Necrozma\n|-resisted|p1a: Necrozma\n|-damage|p1a: Necrozma|78\/100\n|move|p1a: Necrozma|Photon Geyser|p2a: Sawsbuck\n|-damage|p2a: Sawsbuck|0 fnt\n|faint|p2a: Sawsbuck\n|\n|upkeep\n|\n|t:|1698568890\n|switch|p2a: Togekiss|Togekiss, M|100\/100\n|-damage|p2a: Togekiss|76\/100|[from] Stealth Rock\n|turn|19\n|\n|t:|1698568903\n|move|p2a: Togekiss|Drain Punch|p1a: Necrozma\n|-resisted|p1a: Necrozma\n|-damage|p1a: Necrozma|73\/100\n|-heal|p2a: Togekiss|78\/100|[from] drain|[of] p1a: Necrozma\n|-zpower|p1a: Necrozma\n|move|p1a: Necrozma|Light That Burns the Sky|p2a: Togekiss|[zeffect]\n|-crit|p2a: Togekiss\n|-damage|p2a: Togekiss|0 fnt\n|faint|p2a: Togekiss\n|\n|win|700club\n|raw|700club's rating: 1168 &rarr; <strong>1191<\/strong><br \/>(+23 for winning)\n|raw|Mlynarsdog's rating: 1139 &rarr; <strong>1116<\/strong><br \/>(-23 for losing)\n|c|\u2606700club|gg\n|l|\u2606Mlynarsdog\n","uploadtime":1698568918,"views":16,"p1id":"700club","p2id":"mlynarsdog","formatid":"gen9nationaldexubers","rating":1116,"private":0,"password":""}