{"id":"gen9nationaldexubers-1994908732","p1":"Wedo11","p2":"Sc4rletQu33n","format":"[Gen 9] National Dex Ubers","log":"|j|\u2606Wedo11\n|j|\u2606Sc4rletQu33n\n|t:|1700503735\n|gametype|singles\n|player|p1|Wedo11|scientist-gen4|\n|player|p2|Sc4rletQu33n|cynthia-gen4|\n|teamsize|p1|6\n|teamsize|p2|6\n|gen|9\n|tier|[Gen 9] National Dex Ubers\n|rule|HP Percentage Mod: HP is shown in percentages\n|rule|Endless Battle Clause: Forcing endless battles is banned\n|rule|OHKO Clause: OHKO moves are banned\n|rule|Evasion Moves Clause: Evasion moves are banned\n|rule|Evasion Items Clause: Evasion items are banned\n|rule|Species Clause: Limit one of each Pok\u00e9mon\n|rule|Sleep Clause Mod: Limit one foe put to sleep\n|rule|Mega Rayquaza Clause: You cannot mega evolve Rayquaza\n|clearpoke\n|poke|p1|Zacian-*, L55|\n|poke|p1|Grimmsnarl, L55, M|\n|poke|p1|Clefable, L55, F|\n|poke|p1|Gardevoir, L55, F|\n|poke|p1|Sylveon, L55, F|\n|poke|p1|Mimikyu, L57, F|\n|poke|p2|Rotom-Wash, L55|\n|poke|p2|Gliscor, L55, F|\n|poke|p2|Weavile, L55, M|\n|poke|p2|Ferrothorn, L55, M|\n|poke|p2|Charizard, L55, F|\n|poke|p2|Gholdengo, L55|\n|teampreview\n|inactive|Battle timer is ON: inactive players will automatically lose when time's up. (requested by Wedo11)\n|\n|t:|1700503745\n|start\n|switch|p1a: Grimmsnarl|Grimmsnarl, L55, M|100\/100\n|switch|p2a: Gholdengo|Gholdengo, L55|100\/100\n|turn|1\n|\n|t:|1700503749\n|-terastallize|p2a: Gholdengo|Steel\n|move|p1a: Grimmsnarl|Parting Shot|p2a: Gholdengo\n|-immune|p2a: Gholdengo|[from] ability: Good as Gold\n|move|p2a: Gholdengo|Flash Cannon|p1a: Grimmsnarl\n|-supereffective|p1a: Grimmsnarl\n|-damage|p1a: Grimmsnarl|10\/100\n|\n|upkeep\n|turn|2\n|\n|t:|1700503758\n|move|p1a: Grimmsnarl|Light Screen|p1a: Grimmsnarl\n|-sidestart|p1: Wedo11|move: Light Screen\n|move|p2a: Gholdengo|Flash Cannon|p1a: Grimmsnarl\n|-supereffective|p1a: Grimmsnarl\n|-damage|p1a: Grimmsnarl|0 fnt\n|faint|p1a: Grimmsnarl\n|\n|upkeep\n|\n|t:|1700503767\n|switch|p1a: Zacian|Zacian-Crowned, L55|100\/100\n|-ability|p1a: Zacian|Intrepid Sword|boost\n|-boost|p1a: Zacian|atk|1\n|turn|3\n|\n|t:|1700503772\n|switch|p2a: Scorpion|Gliscor, L55, F|100\/100\n|move|p1a: Zacian|Trailblaze|p2a: Scorpion\n|-damage|p2a: Scorpion|79\/100\n|-boost|p1a: Zacian|spe|1\n|\n|-status|p2a: Scorpion|tox|[from] item: Toxic Orb\n|upkeep\n|turn|4\n|\n|t:|1700503779\n|move|p1a: Zacian|Psychic Fangs|p2a: Scorpion\n|-damage|p2a: Scorpion|46\/100 tox\n|move|p2a: Scorpion|Earthquake|p1a: Zacian\n|-supereffective|p1a: Zacian\n|-damage|p1a: Zacian|35\/100\n|\n|-heal|p2a: Scorpion|58\/100 tox|[from] ability: Poison Heal\n|upkeep\n|turn|5\n|\n|t:|1700503786\n|move|p1a: Zacian|Play Rough|p2a: Scorpion\n|-damage|p2a: Scorpion|3\/100 tox\n|move|p2a: Scorpion|Earthquake|p1a: Zacian\n|-supereffective|p1a: Zacian\n|-damage|p1a: Zacian|0 fnt\n|faint|p1a: Zacian\n|\n|-heal|p2a: Scorpion|15\/100 tox|[from] ability: Poison Heal\n|upkeep\n|\n|t:|1700503793\n|switch|p1a: Mimikyu|Mimikyu, L57, F|100\/100\n|turn|6\n|\n|t:|1700503796\n|move|p1a: Mimikyu|Shadow Sneak|p2a: Scorpion\n|-damage|p2a: Scorpion|5\/100 tox\n|move|p2a: Scorpion|Earthquake|p1a: Mimikyu\n|-activate|p1a: Mimikyu|ability: Disguise\n|-damage|p1a: Mimikyu|100\/100\n|detailschange|p1a: Mimikyu|Mimikyu-Busted, L57, F\n|-damage|p1a: Mimikyu|88\/100|[from] pokemon: Mimikyu-Busted\n|\n|-heal|p2a: Scorpion|17\/100 tox|[from] ability: Poison Heal\n|upkeep\n|turn|7\n|\n|t:|1700503805\n|move|p1a: Mimikyu|Swords Dance|p1a: Mimikyu\n|-boost|p1a: Mimikyu|atk|2\n|move|p2a: Scorpion|Roost|p2a: Scorpion\n|-heal|p2a: Scorpion|67\/100 tox\n|-singleturn|p2a: Scorpion|move: Roost\n|\n|-heal|p2a: Scorpion|79\/100 tox|[from] ability: Poison Heal\n|upkeep\n|turn|8\n|\n|t:|1700503814\n|-zpower|p1a: Mimikyu\n|move|p1a: Mimikyu|Let's Snuggle Forever|p2a: Scorpion|[zeffect]\n|-damage|p2a: Scorpion|0 fnt\n|faint|p2a: Scorpion\n|\n|upkeep\n|\n|t:|1700503822\n|switch|p2a: Gholdengo|Gholdengo, L55, tera:Steel|100\/100\n|turn|9\n|\n|t:|1700503826\n|move|p1a: Mimikyu|Shadow Sneak|p2a: Gholdengo\n|-damage|p2a: Gholdengo|59\/100\n|move|p2a: Gholdengo|Flash Cannon|p1a: Mimikyu\n|-supereffective|p1a: Mimikyu\n|-damage|p1a: Mimikyu|15\/100\n|\n|-sideend|p1: Wedo11|move: Light Screen\n|upkeep\n|turn|10\n|\n|t:|1700503831\n|move|p1a: Mimikyu|Shadow Sneak|p2a: Gholdengo\n|-damage|p2a: Gholdengo|22\/100\n|move|p2a: Gholdengo|Flash Cannon|p1a: Mimikyu\n|-supereffective|p1a: Mimikyu\n|-damage|p1a: Mimikyu|0 fnt\n|faint|p1a: Mimikyu\n|\n|upkeep\n|\n|t:|1700503838\n|switch|p1a: Gardevoir|Gardevoir, L55, F|100\/100\n|-ability|p1a: Gardevoir|Good as Gold|[from] ability: Trace|[of] p2a: Gholdengo\n|turn|11\n|\n|t:|1700503841\n|detailschange|p1a: Gardevoir|Gardevoir-Mega, L55, F\n|-mega|p1a: Gardevoir|Gardevoir|Gardevoirite\n|move|p2a: Gholdengo|Flash Cannon|p1a: Gardevoir\n|-supereffective|p1a: Gardevoir\n|-damage|p1a: Gardevoir|0 fnt\n|faint|p1a: Gardevoir\n|\n|upkeep\n|\n|t:|1700503850\n|switch|p1a: Clefable|Clefable, L55, F|100\/100\n|turn|12\n|\n|t:|1700503855\n|move|p2a: Gholdengo|Flash Cannon|p1a: Clefable\n|-supereffective|p1a: Clefable\n|-damage|p1a: Clefable|26\/100\n|move|p1a: Clefable|Cosmic Power|p1a: Clefable\n|-boost|p1a: Clefable|def|1\n|-boost|p1a: Clefable|spd|1\n|\n|-heal|p1a: Clefable|32\/100|[from] item: Leftovers\n|upkeep\n|turn|13\n|\n|t:|1700503860\n|move|p2a: Gholdengo|Flash Cannon|p1a: Clefable\n|-supereffective|p1a: Clefable\n|-damage|p1a: Clefable|0 fnt\n|faint|p1a: Clefable\n|\n|upkeep\n|\n|t:|1700503862\n|switch|p1a: Sylveon|Sylveon, L55, F|100\/100\n|turn|14\n|\n|t:|1700503871\n|move|p2a: Gholdengo|Flash Cannon|p1a: Sylveon\n|-supereffective|p1a: Sylveon\n|-damage|p1a: Sylveon|15\/100\n|move|p1a: Sylveon|Mystical Fire|p2a: Gholdengo\n|-supereffective|p2a: Gholdengo\n|-damage|p2a: Gholdengo|0 fnt\n|faint|p2a: Gholdengo\n|\n|upkeep\n|\n|t:|1700503875\n|switch|p2a: Ferrothorn|Ferrothorn, L55, M|100\/100\n|turn|15\n|\n|t:|1700503877\n|move|p1a: Sylveon|Mystical Fire|p2a: Ferrothorn\n|-supereffective|p2a: Ferrothorn\n|-damage|p2a: Ferrothorn|0 fnt\n|faint|p2a: Ferrothorn\n|\n|upkeep\n|\n|t:|1700503881\n|switch|p2a: Weavile|Weavile, L55, M|100\/100\n|-ability|p2a: Weavile|Pressure\n|turn|16\n|\n|t:|1700503885\n|move|p2a: Weavile|Poison Jab|p1a: Sylveon\n|-supereffective|p1a: Sylveon\n|-damage|p1a: Sylveon|0 fnt\n|faint|p1a: Sylveon\n|\n|win|Sc4rletQu33n\n|c|\u2606Sc4rletQu33n|Gg\n|c|\u2606Wedo11|Gg\n|l|\u2606Wedo11\n|c|\u2606Sc4rletQu33n|Gholdilocks is EVIL.\n","uploadtime":1700503905,"views":12,"p1id":"wedo11","p2id":"sc4rletqu33n","formatid":"gen9nationaldexubers","rating":0,"private":0,"password":""}