{"id":"gen9nationaldexubers-1983518067","p1":"TheRar73","p2":"Nakuy","format":"[Gen 9] National Dex Ubers","log":"|j|\u2606TheRar73\n|j|\u2606Nakuy\n|t:|1699138786\n|gametype|singles\n|player|p1|TheRar73|nobunaga-conquest|\n|player|p2|Nakuy|byron|\n|teamsize|p1|6\n|teamsize|p2|6\n|gen|9\n|tier|[Gen 9] National Dex Ubers\n|rule|HP Percentage Mod: HP is shown in percentages\n|rule|Endless Battle Clause: Forcing endless battles is banned\n|rule|OHKO Clause: OHKO moves are banned\n|rule|Evasion Moves Clause: Evasion moves are banned\n|rule|Evasion Items Clause: Evasion items are banned\n|rule|Species Clause: Limit one of each Pok\u00e9mon\n|rule|Sleep Clause Mod: Limit one foe put to sleep\n|rule|Mega Rayquaza Clause: You cannot mega evolve Rayquaza\n|clearpoke\n|poke|p1|Pheromosa|\n|poke|p1|Heracross, M|\n|poke|p1|Scizor, M|\n|poke|p1|Ribombee, F|\n|poke|p1|Escavalier, M|\n|poke|p1|Durant, F|\n|poke|p2|Kommo-o, M|\n|poke|p2|Kyurem|\n|poke|p2|Salamence, F|\n|poke|p2|Garchomp, F|\n|poke|p2|Haxorus, F|\n|poke|p2|Reshiram|\n|teampreview\n|\n|t:|1699138826\n|start\n|switch|p1a: Lil Bugga|Ribombee, F|100\/100\n|switch|p2a: Salamence|Salamence, F|100\/100\n|-ability|p2a: Salamence|Intimidate|boost\n|-unboost|p1a: Lil Bugga|atk|1\n|turn|1\n|\n|t:|1699138843\n|-terastallize|p1a: Lil Bugga|Fairy\n|move|p1a: Lil Bugga|Moonblast|p2a: Salamence\n|-supereffective|p2a: Salamence\n|-damage|p2a: Salamence|0 fnt\n|faint|p2a: Salamence\n|\n|upkeep\n|\n|t:|1699138869\n|switch|p2a: Kommo-o|Kommo-o, M|100\/100\n|turn|2\n|\n|t:|1699138912\n|-terastallize|p2a: Kommo-o|Steel\n|move|p1a: Lil Bugga|Sticky Web|p2a: Kommo-o\n|-sidestart|p2: Nakuy|move: Sticky Web\n|move|p2a: Kommo-o|Flash Cannon|p1a: Lil Bugga\n|-supereffective|p1a: Lil Bugga\n|-damage|p1a: Lil Bugga|0 fnt\n|faint|p1a: Lil Bugga\n|\n|upkeep\n|\n|t:|1699138921\n|switch|p1a: Fighta|Heracross, M|100\/100\n|turn|3\n|\n|t:|1699138935\n|move|p2a: Kommo-o|Boomburst|p1a: Fighta\n|-damage|p1a: Fighta|53\/100\n|-enditem|p2a: Kommo-o|Throat Spray\n|-boost|p2a: Kommo-o|spa|1|[from] item: Throat Spray\n|move|p1a: Fighta|Trailblaze|p2a: Kommo-o\n|-resisted|p2a: Kommo-o\n|-damage|p2a: Kommo-o|91\/100\n|-boost|p1a: Fighta|spe|1\n|\n|upkeep\n|turn|4\n|\n|t:|1699138944\n|detailschange|p1a: Fighta|Heracross-Mega, M\n|-mega|p1a: Fighta|Heracross|Heracronite\n|move|p1a: Fighta|Arm Thrust|p2a: Kommo-o\n|-supereffective|p2a: Kommo-o\n|-damage|p2a: Kommo-o|69\/100\n|-supereffective|p2a: Kommo-o\n|-damage|p2a: Kommo-o|45\/100\n|-supereffective|p2a: Kommo-o\n|-damage|p2a: Kommo-o|24\/100\n|-supereffective|p2a: Kommo-o\n|-damage|p2a: Kommo-o|0 fnt\n|faint|p2a: Kommo-o\n|-hitcount|p2: Kommo-o|4\n|\n|upkeep\n|\n|t:|1699138973\n|switch|p2a: Reshiram|Reshiram|100\/100\n|-activate|p2a: Reshiram|move: Sticky Web\n|-unboost|p2a: Reshiram|spe|1\n|-ability|p2a: Reshiram|Turboblaze\n|turn|5\n|\n|t:|1699139006\n|move|p1a: Fighta|Rock Blast|p2a: Reshiram\n|-supereffective|p2a: Reshiram\n|-damage|p2a: Reshiram|80\/100\n|-supereffective|p2a: Reshiram\n|-damage|p2a: Reshiram|59\/100\n|-supereffective|p2a: Reshiram\n|-damage|p2a: Reshiram|38\/100\n|-supereffective|p2a: Reshiram\n|-crit|p2a: Reshiram\n|-damage|p2a: Reshiram|4\/100\n|-supereffective|p2a: Reshiram\n|-damage|p2a: Reshiram|0 fnt\n|faint|p2a: Reshiram\n|-hitcount|p2: Reshiram|5\n|\n|upkeep\n|\n|t:|1699139014\n|switch|p2a: Garchomp|Garchomp, F|100\/100\n|-activate|p2a: Garchomp|move: Sticky Web\n|-unboost|p2a: Garchomp|spe|1\n|turn|6\n|\n|t:|1699139031\n|move|p1a: Fighta|Pin Missile|p2a: Garchomp\n|-damage|p2a: Garchomp|82\/100\n|-damage|p2a: Garchomp|63\/100\n|-damage|p2a: Garchomp|43\/100\n|-damage|p2a: Garchomp|25\/100\n|-damage|p2a: Garchomp|8\/100\n|-hitcount|p2a: Garchomp|5\n|-zpower|p2a: Garchomp\n|move|p2a: Garchomp|Z-Stealth Rock|p1a: Fighta|[anim]Stealth Rock\n|-boost|p2a: Garchomp|def|1|[zeffect]\n|-sidestart|p1: TheRar73|move: Stealth Rock\n|\n|upkeep\n|turn|7\n|\n|t:|1699139045\n|move|p1a: Fighta|Arm Thrust|p2a: Garchomp\n|-damage|p2a: Garchomp|0 fnt\n|-damage|p1a: Fighta|41\/100|[from] ability: Rough Skin|[of] p2a: Garchomp\n|faint|p2a: Garchomp\n|-hitcount|p2: Garchomp|1\n|\n|upkeep\n|\n|t:|1699139056\n|switch|p2a: Kyurem|Kyurem|100\/100\n|-activate|p2a: Kyurem|move: Sticky Web\n|-unboost|p2a: Kyurem|spe|1\n|-ability|p2a: Kyurem|Pressure\n|turn|8\n|\n|t:|1699139065\n|move|p1a: Fighta|Arm Thrust|p2a: Kyurem\n|-supereffective|p2a: Kyurem\n|-damage|p2a: Kyurem|77\/100\n|-supereffective|p2a: Kyurem\n|-damage|p2a: Kyurem|57\/100\n|-supereffective|p2a: Kyurem\n|-damage|p2a: Kyurem|34\/100\n|-supereffective|p2a: Kyurem\n|-damage|p2a: Kyurem|12\/100\n|-supereffective|p2a: Kyurem\n|-damage|p2a: Kyurem|0 fnt\n|faint|p2a: Kyurem\n|-hitcount|p2: Kyurem|5\n|\n|upkeep\n|\n|t:|1699139067\n|switch|p2a: Haxorus|Haxorus, F|100\/100\n|-activate|p2a: Haxorus|move: Sticky Web\n|-unboost|p2a: Haxorus|spe|1\n|-ability|p2a: Haxorus|Mold Breaker\n|turn|9\n|\n|t:|1699139076\n|move|p1a: Fighta|Pin Missile|p2a: Haxorus\n|-damage|p2a: Haxorus|77\/100\n|-damage|p2a: Haxorus|52\/100\n|-damage|p2a: Haxorus|27\/100\n|-damage|p2a: Haxorus|0 fnt\n|faint|p2a: Haxorus\n|-hitcount|p2: Haxorus|4\n|\n|win|TheRar73\n","uploadtime":1699139080,"views":6,"p1id":"therar73","p2id":"nakuy","formatid":"gen9nationaldexubers","rating":0,"private":0,"password":""}