{"id":"gen9nationaldexubers-1987176363","p1":"KarmaNightraide","p2":"ExpungedHasYourIP","format":"[Gen 9] National Dex Ubers","log":"|j|\u2606KarmaNightraide\n|j|\u203dExpungedHasYourIP\n|t:|1699562511\n|gametype|singles\n|player|p1|KarmaNightraide|unknown|1256\n|player|p2|ExpungedHasYourIP|teamrocket|1415\n|teamsize|p1|6\n|teamsize|p2|6\n|gen|9\n|tier|[Gen 9] National Dex Ubers\n|rated|\n|rule|HP Percentage Mod: HP is shown in percentages\n|rule|Endless Battle Clause: Forcing endless battles is banned\n|rule|OHKO Clause: OHKO moves are banned\n|rule|Evasion Moves Clause: Evasion moves are banned\n|rule|Evasion Items Clause: Evasion items are banned\n|rule|Species Clause: Limit one of each Pok\u00e9mon\n|rule|Sleep Clause Mod: Limit one foe put to sleep\n|rule|Mega Rayquaza Clause: You cannot mega evolve Rayquaza\n|clearpoke\n|poke|p1|Drifblim, M|\n|poke|p1|Runerigus, M|\n|poke|p1|Chandelure, M|\n|poke|p1|Jellicent, M|\n|poke|p1|Mimikyu, M|\n|poke|p1|Froslass, F|\n|poke|p2|Groudon|\n|poke|p2|Arceus|\n|poke|p2|Lugia|\n|poke|p2|Giratina-Origin|\n|poke|p2|Kyurem-Black|\n|poke|p2|Xerneas-*|\n|teampreview\n|\n|t:|1699562519\n|start\n|switch|p1a: Icy Wifey|Froslass, F, shiny|100\/100\n|switch|p2a: Groudon|Groudon|100\/100\n|detailschange|p2a: Groudon|Groudon-Primal\n|-primal|p2a: Groudon|Red Orb\n|-weather|DesolateLand|[from] ability: Desolate Land|[of] p2a: Groudon\n|turn|1\n|inactive|Battle timer is ON: inactive players will automatically lose when time's up. (requested by ExpungedHasYourIP)\n|\n|t:|1699562544\n|switch|p1a: LittleLightOfMine|Chandelure, M|100\/100\n|move|p2a: Groudon|Stealth Rock|p1a: LittleLightOfMine\n|-sidestart|p1: KarmaNightraide|move: Stealth Rock\n|\n|-weather|DesolateLand|[upkeep]\n|upkeep\n|turn|2\n|\n|t:|1699562563\n|move|p1a: LittleLightOfMine|Shadow Ball|p2a: Groudon\n|-damage|p2a: Groudon|49\/100\n|-damage|p1a: LittleLightOfMine|91\/100|[from] item: Life Orb\n|move|p2a: Groudon|Bulk Up|p2a: Groudon\n|-boost|p2a: Groudon|atk|1\n|-boost|p2a: Groudon|def|1\n|\n|-weather|DesolateLand|[upkeep]\n|upkeep\n|turn|3\n|\n|t:|1699562572\n|move|p1a: LittleLightOfMine|Shadow Ball|p2a: Groudon\n|-damage|p2a: Groudon|0 fnt\n|faint|p2a: Groudon\n|-weather|none\n|-damage|p1a: LittleLightOfMine|81\/100|[from] item: Life Orb\n|\n|upkeep\n|inactive|ExpungedHasYourIP has 120 seconds left.\n|inactive|ExpungedHasYourIP has 90 seconds left.\n|inactive|ExpungedHasYourIP has 60 seconds left.\n|inactive|ExpungedHasYourIP has 30 seconds left.\n|inactive|ExpungedHasYourIP has 20 seconds left.\n|\n|t:|1699562705\n|switch|p2a: Arceus|Arceus|100\/100\n|turn|4\n|inactive|ExpungedHasYourIP has 30 seconds left this turn.\n|\n|t:|1699562719\n|move|p1a: LittleLightOfMine|Flamethrower|p2a: Arceus\n|-damage|p2a: Arceus|53\/100\n|-damage|p1a: LittleLightOfMine|71\/100|[from] item: Life Orb\n|move|p2a: Arceus|Swords Dance|p2a: Arceus\n|-boost|p2a: Arceus|atk|2\n|\n|upkeep\n|turn|5\n|\n|t:|1699562733\n|move|p1a: LittleLightOfMine|Flamethrower|p2a: Arceus\n|-damage|p2a: Arceus|11\/100\n|-damage|p1a: LittleLightOfMine|61\/100|[from] item: Life Orb\n|move|p2a: Arceus|Shadow Claw|p1a: LittleLightOfMine\n|-supereffective|p1a: LittleLightOfMine\n|-damage|p1a: LittleLightOfMine|0 fnt\n|faint|p1a: LittleLightOfMine\n|-damage|p2a: Arceus|1\/100|[from] item: Life Orb\n|\n|upkeep\n|\n|t:|1699562745\n|switch|p1a: 'Loon|Drifblim, M|100\/100\n|-damage|p1a: 'Loon|76\/100|[from] Stealth Rock\n|turn|6\n|\n|t:|1699562763\n|move|p1a: 'Loon|Air Slash|p2a: Arceus\n|-damage|p2a: Arceus|0 fnt\n|faint|p2a: Arceus\n|\n|-status|p1a: 'Loon|brn|[from] item: Flame Orb\n|upkeep\n|\n|t:|1699562773\n|switch|p2a: Giratina|Giratina-Origin|100\/100\n|turn|7\n|\n|t:|1699562783\n|move|p1a: 'Loon|Defog|p2a: Giratina\n|-unboost|p2a: Giratina|evasion|1\n|-sideend|p1: KarmaNightraide|Stealth Rock|[from] move: Defog|[of] p1a: 'Loon\n|move|p2a: Giratina|Hex|p1a: 'Loon\n|-supereffective|p1a: 'Loon\n|-damage|p1a: 'Loon|0 fnt\n|faint|p1a: 'Loon\n|\n|upkeep\n|\n|t:|1699562794\n|switch|p1a: Ragnar\u00f6k|Runerigus, M|100\/100\n|turn|8\n|\n|t:|1699562800\n|move|p2a: Giratina|Hex|p1a: Ragnar\u00f6k\n|-supereffective|p1a: Ragnar\u00f6k\n|-damage|p1a: Ragnar\u00f6k|49\/100\n|move|p1a: Ragnar\u00f6k|Poltergeist|p2a: Giratina\n|-activate|p2a: Giratina|move: Poltergeist|Griseous Core\n|-supereffective|p2a: Giratina\n|-crit|p2a: Giratina\n|-damage|p2a: Giratina|0 fnt\n|faint|p2a: Giratina\n|\n|upkeep\n|\n|t:|1699562809\n|switch|p2a: Kyurem|Kyurem-Black|100\/100\n|-ability|p2a: Kyurem|Teravolt\n|turn|9\n|inactive|KarmaNightraide has 120 seconds left.\n|\n|t:|1699562841\n|-terastallize|p1a: Ragnar\u00f6k|Fighting\n|move|p2a: Kyurem|Dragon Dance|p2a: Kyurem\n|-boost|p2a: Kyurem|atk|1\n|-boost|p2a: Kyurem|spe|1\n|move|p1a: Ragnar\u00f6k|Body Press|p2a: Kyurem\n|-supereffective|p2a: Kyurem\n|-damage|p2a: Kyurem|31\/100\n|\n|-heal|p2a: Kyurem|37\/100|[from] item: Leftovers\n|upkeep\n|turn|10\n|inactive|KarmaNightraide has 120 seconds left.\n|\n|t:|1699562853\n|-terastallize|p2a: Kyurem|Dragon\n|move|p2a: Kyurem|Dragon Claw|p1a: Ragnar\u00f6k\n|-damage|p1a: Ragnar\u00f6k|0 fnt\n|-activate|p1a: Ragnar\u00f6k|ability: Wandering Spirit|Teravolt|Wandering Spirit|[of] p2a: Kyurem\n|faint|p1a: Ragnar\u00f6k\n|\n|-heal|p2a: Kyurem|43\/100|[from] item: Leftovers\n|upkeep\n|inactive|KarmaNightraide has 120 seconds left.\n|\n|t:|1699562864\n|switch|p1a: 'Lil guy my man|Mimikyu, M|100\/100\n|turn|11\n|\n|t:|1699562869\n|move|p2a: Kyurem|Icicle Spear|p1a: 'Lil guy my man\n|-activate|p1a: 'Lil guy my man|ability: Disguise\n|-damage|p1a: 'Lil guy my man|100\/100\n|detailschange|p1a: 'Lil guy my man|Mimikyu-Busted, M\n|-damage|p1a: 'Lil guy my man|88\/100|[from] pokemon: Mimikyu-Busted\n|-damage|p1a: 'Lil guy my man|47\/100\n|-damage|p1a: 'Lil guy my man|6\/100\n|-hitcount|p1a: 'Lil guy my man|3\n|move|p1a: 'Lil guy my man|Play Rough|p2a: Kyurem\n|-supereffective|p2a: Kyurem\n|-damage|p2a: Kyurem|0 fnt\n|faint|p2a: Kyurem\n|\n|upkeep\n|\n|t:|1699562881\n|switch|p2a: Xerneas|Xerneas|100\/100\n|-ability|p2a: Xerneas|Fairy Aura\n|turn|12\n|\n|t:|1699562899\n|-zpower|p1a: 'Lil guy my man\n|move|p1a: 'Lil guy my man|Let's Snuggle Forever|p2a: Xerneas|[zeffect]\n|-damage|p2a: Xerneas|25\/100\n|move|p2a: Xerneas|Geomancy||[still]\n|-prepare|p2a: Xerneas|Geomancy\n|-enditem|p2a: Xerneas|Power Herb\n|-anim|p2a: Xerneas|Geomancy|p2a: Xerneas\n|-boost|p2a: Xerneas|spa|2\n|-boost|p2a: Xerneas|spd|2\n|-boost|p2a: Xerneas|spe|2\n|\n|upkeep\n|turn|13\n|\n|t:|1699562912\n|move|p1a: 'Lil guy my man|Shadow Sneak|p2a: Xerneas\n|-damage|p2a: Xerneas|12\/100\n|move|p2a: Xerneas|Moonblast|p1a: 'Lil guy my man\n|-damage|p1a: 'Lil guy my man|0 fnt\n|faint|p1a: 'Lil guy my man\n|\n|upkeep\n|inactive|KarmaNightraide has 120 seconds left.\n|\n|t:|1699562925\n|switch|p1a: Icy Wifey|Froslass, F, shiny|100\/100\n|turn|14\n|\n|t:|1699562930\n|move|p1a: Icy Wifey|Sucker Punch|p2a: Xerneas\n|-resisted|p2a: Xerneas\n|-damage|p2a: Xerneas|4\/100\n|move|p2a: Xerneas|Flash Cannon|p1a: Icy Wifey\n|-supereffective|p1a: Icy Wifey\n|-damage|p1a: Icy Wifey|0 fnt\n|faint|p1a: Icy Wifey\n|\n|upkeep\n|\n|t:|1699562938\n|switch|p1a: Nice 'Stache|Jellicent, M|100\/100\n|turn|15\n|\n|t:|1699562948\n|move|p2a: Xerneas|Thunderbolt|p1a: Nice 'Stache\n|-supereffective|p1a: Nice 'Stache\n|-damage|p1a: Nice 'Stache|0 fnt\n|faint|p1a: Nice 'Stache\n|\n|win|ExpungedHasYourIP\n|raw|KarmaNightraide's rating: 1256 &rarr; <strong>1242<\/strong><br \/>(-14 for losing)\n|raw|ExpungedHasYourIP's rating: 1415 &rarr; <strong>1426<\/strong><br \/>(+11 for winning)\n","uploadtime":1699562965,"views":18,"p1id":"karmanightraide","p2id":"expungedhasyourip","formatid":"gen9nationaldexubers","rating":1242,"private":0,"password":""}