{"id":"gen9nationaldexubers-1987613117","p1":"Jincn27","p2":"JustMonika_CARR","format":"[Gen 9] National Dex Ubers","log":"|j|\u2606Jincn27\n|j|\u2606JustMonika_CARR\n|t:|1699619617\n|gametype|singles\n|player|p1|Jincn27|102|1350\n|player|p2|JustMonika_CARR|rosa|1528\n|teamsize|p1|6\n|teamsize|p2|6\n|gen|9\n|tier|[Gen 9] National Dex Ubers\n|rated|\n|rule|HP Percentage Mod: HP is shown in percentages\n|rule|Endless Battle Clause: Forcing endless battles is banned\n|rule|OHKO Clause: OHKO moves are banned\n|rule|Evasion Moves Clause: Evasion moves are banned\n|rule|Evasion Items Clause: Evasion items are banned\n|rule|Species Clause: Limit one of each Pok\u00e9mon\n|rule|Sleep Clause Mod: Limit one foe put to sleep\n|rule|Mega Rayquaza Clause: You cannot mega evolve Rayquaza\n|clearpoke\n|poke|p1|Dragapult, F|\n|poke|p1|Groudon|\n|poke|p1|Zacian-*|\n|poke|p1|Yveltal|\n|poke|p1|Smeargle, F|\n|poke|p1|Kangaskhan, F|\n|poke|p2|Marshadow|\n|poke|p2|Aerodactyl, M|\n|poke|p2|Samurott-Hisui, M|\n|poke|p2|Forretress, F|\n|poke|p2|Pheromosa|\n|poke|p2|Necrozma-Dawn-Wings|\n|teampreview\n|c|\u2606JustMonika_CARR|Glhf\n|\n|t:|1699619627\n|start\n|switch|p1a: Kangaskhan|Kangaskhan, F|100\/100\n|switch|p2a: Aerodactyl|Aerodactyl, M, shiny|100\/100\n|turn|1\n|\n|t:|1699619635\n|switch|p2a: Marshadow|Marshadow|100\/100\n|detailschange|p1a: Kangaskhan|Kangaskhan-Mega, F\n|-mega|p1a: Kangaskhan|Kangaskhan|Kangaskhanite\n|move|p1a: Kangaskhan|Fake Out|p2a: Marshadow\n|-immune|p2a: Marshadow\n|\n|upkeep\n|turn|2\n|\n|t:|1699619645\n|move|p2a: Marshadow|Force Palm|p1a: Kangaskhan\n|-supereffective|p1a: Kangaskhan\n|-damage|p1a: Kangaskhan|9\/100\n|move|p1a: Kangaskhan|Earthquake|p2a: Marshadow\n|-damage|p2a: Marshadow|54\/100\n|-damage|p2a: Marshadow|42\/100\n|-hitcount|p2a: Marshadow|2\n|\n|upkeep\n|turn|3\n|j| iio3345\n|\n|t:|1699619654\n|move|p1a: Kangaskhan|Sucker Punch|p2a: Marshadow\n|-damage|p2a: Marshadow|10\/100\n|-damage|p2a: Marshadow|3\/100\n|-hitcount|p2a: Marshadow|2\n|move|p2a: Marshadow|Force Palm|p1a: Kangaskhan\n|-supereffective|p1a: Kangaskhan\n|-damage|p1a: Kangaskhan|0 fnt\n|faint|p1a: Kangaskhan\n|\n|upkeep\n|c|\u2606Jincn27|!dt force palm\n|raw|<ul class=\"utilichart\"><li class=\"result\"><span class=\"col movenamecol\"><a href=\"https:\/\/dex.pokemonshowdown.com\/moves\/forcepalm\">Force Palm<\/a><\/span> <span class=\"col typecol\"><img src=\"\/\/play.pokemonshowdown.com\/sprites\/types\/Fighting.png\" alt=\"Fighting\" width=\"32\" height=\"14\"><img src=\"\/\/play.pokemonshowdown.com\/sprites\/categories\/Physical.png\" alt=\"Physical\" width=\"32\" height=\"14\"><\/span> <span class=\"col labelcol\"><em>Power<\/em><br>60<\/span> <span class=\"col widelabelcol\"><em>Accuracy<\/em><br>100%<\/span> <span class=\"col pplabelcol\"><em>PP<\/em><br>16<\/span> <span class=\"col movedesccol\">30% chance to paralyze the target.<\/span> <\/li><li style=\"clear:both\"><\/li><\/ul>\n|raw|<font size=\"1\"><font color=\"#686868\">Priority:<\/font> 0&nbsp;|&ThickSpace;<font color=\"#686868\">Gen:<\/font> 4&nbsp;|&ThickSpace;&#10003; Boosted by Sheer Force&nbsp;|&ThickSpace;&#10003; Contact&nbsp;|&ThickSpace;<font color=\"#686868\">Z-Power:<\/font> 120&nbsp;|&ThickSpace;<font color=\"#686868\">Dynamax Power:<\/font> 80&nbsp;|&ThickSpace;<font color=\"#686868\">Target:<\/font> One Adjacent Pok\u00e9mon<\/font>\n\n|\n|t:|1699619675\n|switch|p1a: Zacian|Zacian-Crowned|100\/100\n|-ability|p1a: Zacian|Intrepid Sword|boost\n|-boost|p1a: Zacian|atk|1\n|turn|4\n|\n|t:|1699619684\n|move|p1a: Zacian|Swords Dance|p1a: Zacian\n|-boost|p1a: Zacian|atk|2\n|move|p2a: Marshadow|Spectral Thief||[still]\n|-clearpositiveboost|p1a: Zacian|p2a: Marshadow|move: Spectral Thief\n|-boost|p2a: Marshadow|atk|3\n|-anim|p2a: Marshadow|Spectral Thief|p1a: Zacian\n|-damage|p1a: Zacian|2\/100\n|\n|upkeep\n|turn|5\n|\n|t:|1699619696\n|move|p2a: Marshadow|Shadow Sneak|p1a: Zacian\n|-damage|p1a: Zacian|0 fnt\n|faint|p1a: Zacian\n|\n|upkeep\n|\n|t:|1699619701\n|switch|p1a: Yveltal|Yveltal|100\/100\n|-ability|p1a: Yveltal|Dark Aura\n|turn|6\n|\n|t:|1699619709\n|move|p2a: Marshadow|Shadow Sneak|p1a: Yveltal\n|-resisted|p1a: Yveltal\n|-damage|p1a: Yveltal|63\/100\n|move|p1a: Yveltal|Foul Play|p2a: Marshadow\n|-damage|p2a: Marshadow|0 fnt\n|faint|p2a: Marshadow\n|\n|upkeep\n|\n|t:|1699619721\n|switch|p2a: Forretress|Forretress, F, shiny|100\/100\n|turn|7\n|\n|t:|1699619727\n|-zpower|p1a: Yveltal\n|move|p1a: Yveltal|Black Hole Eclipse|p2a: Forretress|[zeffect]\n|-ability|p2a: Forretress|Sturdy\n|-damage|p2a: Forretress|1\/100\n|-enditem|p2a: Forretress|Red Card|[of] p1a: Yveltal\n|drag|p1a: Dragapult|Dragapult, F|100\/100\n|move|p2a: Forretress|Toxic Spikes|p1a: Dragapult\n|-sidestart|p1: Jincn27|move: Toxic Spikes\n|\n|upkeep\n|turn|8\n|\n|t:|1699619743\n|move|p1a: Dragapult|Thunder Wave|p2a: Forretress|[miss]\n|-miss|p1a: Dragapult|p2a: Forretress\n|move|p2a: Forretress|Toxic Spikes|p1a: Dragapult\n|-sidestart|p1: Jincn27|move: Toxic Spikes\n|\n|upkeep\n|turn|9\n|\n|t:|1699619749\n|switch|p1a: Yveltal|Yveltal|63\/100\n|-ability|p1a: Yveltal|Dark Aura\n|move|p2a: Forretress|Stealth Rock|p1a: Yveltal\n|-sidestart|p1: Jincn27|move: Stealth Rock\n|\n|upkeep\n|turn|10\n|\n|t:|1699619756\n|move|p1a: Yveltal|Defog|p2a: Forretress\n|-unboost|p2a: Forretress|evasion|1\n|-sideend|p1: Jincn27|Toxic Spikes|[from] move: Defog|[of] p1a: Yveltal\n|-sideend|p1: Jincn27|Stealth Rock|[from] move: Defog|[of] p1a: Yveltal\n|move|p2a: Forretress|Toxic Spikes|p1a: Yveltal\n|-sidestart|p1: Jincn27|move: Toxic Spikes\n|\n|upkeep\n|turn|11\n|\n|t:|1699619762\n|move|p1a: Yveltal|Foul Play|p2a: Forretress\n|-damage|p2a: Forretress|0 fnt\n|faint|p2a: Forretress\n|\n|upkeep\n|\n|t:|1699619781\n|switch|p2a: Pheromosa|Pheromosa, shiny|100\/100\n|turn|12\n|\n|t:|1699619787\n|move|p2a: Pheromosa|Ice Beam|p1a: Yveltal\n|-supereffective|p1a: Yveltal\n|-damage|p1a: Yveltal|0 fnt\n|faint|p1a: Yveltal\n|-ability|p2a: Pheromosa|Beast Boost|boost\n|-boost|p2a: Pheromosa|spa|1\n|\n|upkeep\n|\n|t:|1699619799\n|switch|p1a: Smeargle|Smeargle, F|100\/100\n|-status|p1a: Smeargle|psn\n|turn|13\n|\n|t:|1699619806\n|move|p2a: Pheromosa|Close Combat|p1a: Smeargle\n|-supereffective|p1a: Smeargle\n|-enditem|p1a: Smeargle|Focus Sash\n|-damage|p1a: Smeargle|1\/100 psn\n|-unboost|p2a: Pheromosa|def|1\n|-unboost|p2a: Pheromosa|spd|1\n|move|p1a: Smeargle|Revival Blessing|p1a: Smeargle\n|\n|t:|1699619821\n|-heal|p1: Zacian|50\/100|[from] move: Revival Blessing\n|\n|-damage|p1a: Smeargle|0 fnt|[from] psn\n|faint|p1a: Smeargle\n|upkeep\n|\n|t:|1699619829\n|switch|p1a: Groudon|Groudon|100\/100\n|-status|p1a: Groudon|psn\n|detailschange|p1a: Groudon|Groudon-Primal\n|-primal|p1a: Groudon|Red Orb\n|-weather|DesolateLand|[from] ability: Desolate Land|[of] p1a: Groudon\n|turn|14\n|\n|t:|1699619842\n|move|p2a: Pheromosa|Ice Beam|p1a: Groudon\n|-damage|p1a: Groudon|41\/100 psn\n|move|p1a: Groudon|Heat Crash|p2a: Pheromosa\n|-supereffective|p2a: Pheromosa\n|-enditem|p2a: Pheromosa|Focus Sash\n|-damage|p2a: Pheromosa|1\/100\n|\n|-weather|DesolateLand|[upkeep]\n|-damage|p1a: Groudon|29\/100 psn|[from] psn\n|upkeep\n|turn|15\n|\n|t:|1699619852\n|move|p2a: Pheromosa|Ice Beam|p1a: Groudon\n|-damage|p1a: Groudon|0 fnt\n|faint|p1a: Groudon\n|-weather|none\n|-ability|p2a: Pheromosa|Beast Boost|boost\n|-boost|p2a: Pheromosa|spa|1\n|\n|upkeep\n|\n|t:|1699619863\n|switch|p1a: Dragapult|Dragapult, F|100\/100\n|-status|p1a: Dragapult|psn\n|turn|16\n|\n|t:|1699619873\n|-terastallize|p1a: Dragapult|Steel\n|move|p1a: Dragapult|Phantom Force||[still]\n|-prepare|p1a: Dragapult|Phantom Force\n|move|p2a: Pheromosa|Bug Buzz|p1a: Dragapult|[miss]\n|-miss|p2a: Pheromosa|p1a: Dragapult\n|\n|-damage|p1a: Dragapult|88\/100 psn|[from] psn\n|upkeep\n|turn|17\n|\n|t:|1699619885\n|switch|p2a: Samurott|Samurott-Hisui, M|100\/100\n|move|p1a: Dragapult|Phantom Force|p2a: Samurott|[from]lockedmove\n|-resisted|p2a: Samurott\n|-damage|p2a: Samurott|76\/100\n|\n|-heal|p1a: Dragapult|94\/100 psn|[from] item: Leftovers\n|-damage|p1a: Dragapult|82\/100 psn|[from] psn\n|upkeep\n|turn|18\n|\n|t:|1699619901\n|move|p2a: Samurott|Drill Run|p1a: Dragapult\n|-supereffective|p1a: Dragapult\n|-damage|p1a: Dragapult|22\/100 psn\n|move|p1a: Dragapult|Thunder Wave|p2a: Samurott|[miss]\n|-miss|p1a: Dragapult|p2a: Samurott\n|\n|-heal|p1a: Dragapult|28\/100 psn|[from] item: Leftovers\n|-damage|p1a: Dragapult|16\/100 psn|[from] psn\n|upkeep\n|turn|19\n|\n|t:|1699619912\n|move|p2a: Samurott|Drill Run|p1a: Dragapult\n|-supereffective|p1a: Dragapult\n|-damage|p1a: Dragapult|0 fnt\n|faint|p1a: Dragapult\n|\n|upkeep\n|\n|t:|1699619916\n|switch|p1a: Zacian|Zacian-Crowned|50\/100\n|turn|20\n|\n|t:|1699619922\n|move|p2a: Samurott|Drill Run|p1a: Zacian\n|-supereffective|p1a: Zacian\n|-damage|p1a: Zacian|3\/100\n|move|p1a: Zacian|Play Rough|p2a: Samurott\n|-supereffective|p2a: Samurott\n|-damage|p2a: Samurott|0 fnt\n|faint|p2a: Samurott\n|\n|upkeep\n|-message|Jincn27 forfeited.\n|\n|win|JustMonika_CARR\n|raw|Jincn27's rating: 1350 &rarr; <strong>1339<\/strong><br \/>(-11 for losing)\n|raw|JustMonika_CARR's rating: 1528 &rarr; <strong>1539<\/strong><br \/>(+11 for winning)\n|l|\u2606Jincn27\n","uploadtime":1699619961,"views":5,"p1id":"jincn27","p2id":"justmonikacarr","formatid":"gen9nationaldexubers","rating":1339,"private":0,"password":""}