{"id":"gen9nationaldexubers-1991523182","p1":"Mui_eu","p2":"Mem2137","format":"[Gen 9] National Dex Ubers","log":"|j|\u2606Mui_eu\n|j|\u2606Mem2137\n|t:|1700084766\n|gametype|singles\n|player|p1|Mui_eu|266|1053\n|player|p2|Mem2137|teamrocket|1103\n|teamsize|p1|6\n|teamsize|p2|6\n|gen|9\n|tier|[Gen 9] National Dex Ubers\n|rated|\n|rule|HP Percentage Mod: HP is shown in percentages\n|rule|Endless Battle Clause: Forcing endless battles is banned\n|rule|OHKO Clause: OHKO moves are banned\n|rule|Evasion Moves Clause: Evasion moves are banned\n|rule|Evasion Items Clause: Evasion items are banned\n|rule|Species Clause: Limit one of each Pok\u00e9mon\n|rule|Sleep Clause Mod: Limit one foe put to sleep\n|rule|Mega Rayquaza Clause: You cannot mega evolve Rayquaza\n|clearpoke\n|poke|p1|Togedemaru, F|\n|poke|p1|Forretress, M|\n|poke|p1|Greedent, M|\n|poke|p1|Amoonguss, F|\n|poke|p1|Morpeko, F|\n|poke|p1|Clodsire, F|\n|poke|p2|Ampharos, M|\n|poke|p2|Aggron, F|\n|poke|p2|Infernape, M|\n|poke|p2|Garchomp, F|\n|poke|p2|Rayquaza|\n|poke|p2|Iron Valiant|\n|teampreview\n|\n|t:|1700084788\n|start\n|switch|p1a: Clodsire|Clodsire, F|100\/100\n|switch|p2a: Infernape|Infernape, M|100\/100\n|turn|1\n|\n|t:|1700084797\n|move|p2a: Infernape|Fake Out|p1a: Clodsire\n|-damage|p1a: Clodsire|90\/100\n|cant|p1a: Clodsire|flinch\n|\n|upkeep\n|turn|2\n|\n|t:|1700084803\n|switch|p2a: Rayquaza|Rayquaza, shiny|100\/100\n|-ability|p2a: Rayquaza|Air Lock\n|move|p1a: Clodsire|Stealth Rock|p2a: Rayquaza\n|-sidestart|p2: Mem2137|move: Stealth Rock\n|\n|upkeep\n|turn|3\n|\n|t:|1700084812\n|move|p2a: Rayquaza|Dragon Ascent|p1a: Clodsire\n|-damage|p1a: Clodsire|21\/100\n|-unboost|p2a: Rayquaza|def|1\n|-unboost|p2a: Rayquaza|spd|1\n|-enditem|p1a: Clodsire|Sitrus Berry|[eat]\n|-heal|p1a: Clodsire|46\/100|[from] item: Sitrus Berry\n|move|p1a: Clodsire|Spikes|p2a: Rayquaza\n|-sidestart|p2: Mem2137|Spikes\n|\n|upkeep\n|turn|4\n|inactive|Battle timer is ON: inactive players will automatically lose when time's up. (requested by Mem2137)\n|\n|t:|1700084823\n|move|p2a: Rayquaza|Dragon Ascent|p1a: Clodsire\n|-damage|p1a: Clodsire|0 fnt\n|-unboost|p2a: Rayquaza|def|1\n|-unboost|p2a: Rayquaza|spd|1\n|faint|p1a: Clodsire\n|\n|upkeep\n|inactive|Mui_eu has 120 seconds left.\n|\n|t:|1700084858\n|switch|p1a: Togedemaru|Togedemaru, F|100\/100\n|turn|5\n|\n|t:|1700084870\n|switch|p2a: Garchomp|Garchomp, F, shiny|100\/100\n|-damage|p2a: Garchomp|94\/100|[from] Stealth Rock\n|-damage|p2a: Garchomp|82\/100|[from] Spikes\n|move|p1a: Togedemaru|Spiky Shield||[still]\n|-fail|p1a: Togedemaru\n|\n|-heal|p2a: Garchomp|88\/100|[from] item: Leftovers\n|upkeep\n|turn|6\n|inactive|Mui_eu has 120 seconds left.\n|\n|t:|1700084888\n|-terastallize|p1a: Togedemaru|Flying\n|move|p1a: Togedemaru|Iron Head|p2a: Garchomp\n|-damage|p2a: Garchomp|63\/100\n|-damage|p1a: Togedemaru|88\/100|[from] ability: Rough Skin|[of] p2a: Garchomp\n|cant|p2a: Garchomp|flinch\n|\n|-heal|p2a: Garchomp|69\/100|[from] item: Leftovers\n|upkeep\n|turn|7\n|inactive|Mui_eu has 120 seconds left.\n|\n|t:|1700084904\n|switch|p2a: Ampharos|Ampharos, M|100\/100\n|-damage|p2a: Ampharos|88\/100|[from] Stealth Rock\n|-damage|p2a: Ampharos|76\/100|[from] Spikes\n|move|p1a: Togedemaru|Encore||[still]\n|-fail|p1a: Togedemaru\n|\n|-heal|p2a: Ampharos|82\/100|[from] item: Leftovers\n|upkeep\n|turn|8\n|inactive|Mui_eu has 120 seconds left.\n|\n|t:|1700084922\n|switch|p1a: Morpeko|Morpeko, F|100\/100\n|move|p2a: Ampharos|Thunderbolt|p1a: Morpeko\n|-resisted|p1a: Morpeko\n|-damage|p1a: Morpeko|55\/100\n|\n|-heal|p2a: Ampharos|88\/100|[from] item: Leftovers\n|-formechange|p1a: Morpeko|Morpeko-Hangry||[from] ability: Hunger Switch\n|upkeep\n|turn|9\n|\n|t:|1700084934\n|move|p1a: Morpeko|Fake Out|p2a: Ampharos\n|-damage|p2a: Ampharos|77\/100\n|cant|p2a: Ampharos|flinch\n|\n|-heal|p2a: Ampharos|83\/100|[from] item: Leftovers\n|-formechange|p1a: Morpeko|Morpeko||[from] ability: Hunger Switch\n|upkeep\n|turn|10\n|\n|t:|1700084946\n|move|p1a: Morpeko|Foul Play|p2a: Ampharos\n|-damage|p2a: Ampharos|63\/100\n|move|p2a: Ampharos|Dragon Pulse|p1a: Morpeko\n|-damage|p1a: Morpeko|0 fnt\n|faint|p1a: Morpeko\n|\n|-heal|p2a: Ampharos|69\/100|[from] item: Leftovers\n|upkeep\n|\n|t:|1700084958\n|switch|p1a: Amoonguss|Amoonguss, F|100\/100\n|turn|11\n|\n|t:|1700084963\n|move|p2a: Ampharos|Volt Switch|p1a: Amoonguss\n|-resisted|p1a: Amoonguss\n|-damage|p1a: Amoonguss|87\/100\n|\n|t:|1700084971\n|switch|p2a: Infernape|Infernape, M|100\/100|[from] Volt Switch\n|-damage|p2a: Infernape|88\/100|[from] Stealth Rock\n|-damage|p2a: Infernape|76\/100|[from] Spikes\n|move|p1a: Amoonguss|Spore|p2a: Infernape\n|-status|p2a: Infernape|slp|[from] move: Spore\n|\n|upkeep\n|turn|12\n|inactive|Mui_eu has 120 seconds left.\n|\n|t:|1700084992\n|switch|p1a: Togedemaru|Togedemaru, F, tera:Flying|88\/100\n|cant|p2a: Infernape|slp\n|\n|upkeep\n|turn|13\n|\n|t:|1700085000\n|cant|p2a: Infernape|slp\n|move|p1a: Togedemaru|Zing Zap|p2a: Infernape\n|-damage|p2a: Infernape|32\/100 slp\n|\n|upkeep\n|turn|14\n|inactive|Mui_eu has 120 seconds left.\n|\n|t:|1700085008\n|switch|p2a: Aggron|Aggron, F, shiny|100\/100\n|-damage|p2a: Aggron|94\/100|[from] Stealth Rock\n|-damage|p2a: Aggron|82\/100|[from] Spikes\n|move|p1a: Togedemaru|Spiky Shield||[still]\n|-fail|p1a: Togedemaru\n|\n|upkeep\n|turn|15\n|inactive|Mui_eu has 120 seconds left.\n|\n|t:|1700085022\n|move|p1a: Togedemaru|Iron Head|p2a: Aggron\n|-damage|p2a: Aggron|64\/100\n|-damage|p1a: Togedemaru|71\/100|[from] item: Rocky Helmet|[of] p2a: Aggron\n|move|p2a: Aggron|Roar|p1a: Togedemaru\n|drag|p1a: Greedent|Greedent, M|100\/100\n|\n|upkeep\n|turn|16\n|inactive|Mui_eu has 120 seconds left.\n|\n|t:|1700085036\n|switch|p1a: Amoonguss|Amoonguss, F|87\/100\n|move|p2a: Aggron|Power-Up Punch|p1a: Amoonguss\n|-resisted|p1a: Amoonguss\n|-damage|p1a: Amoonguss|82\/100\n|-boost|p2a: Aggron|atk|1\n|\n|upkeep\n|turn|17\n|\n|t:|1700085046\n|move|p1a: Amoonguss|Spore|p2a: Aggron\n|-message|Sleep Clause Mod activated.\n|-hint|Sleep Clause Mod prevents players from putting more than one of their opponent's Pok\u00e9mon to sleep at a time\n|move|p2a: Aggron|Roar|p1a: Amoonguss\n|drag|p1a: Togedemaru|Togedemaru, F, tera:Flying|71\/100\n|\n|upkeep\n|turn|18\n|\n|t:|1700085053\n|move|p1a: Togedemaru|Iron Head|p2a: Aggron\n|-damage|p2a: Aggron|48\/100\n|-damage|p1a: Togedemaru|55\/100|[from] item: Rocky Helmet|[of] p2a: Aggron\n|move|p2a: Aggron|Roar|p1a: Togedemaru\n|drag|p1a: Amoonguss|Amoonguss, F|82\/100\n|\n|upkeep\n|turn|19\n|\n|t:|1700085066\n|move|p2a: Aggron|Body Press|p1a: Amoonguss\n|-resisted|p1a: Amoonguss\n|-damage|p1a: Amoonguss|65\/100\n|-status|p2a: Aggron|par|[from] ability: Effect Spore|[of] p1a: Amoonguss\n|move|p1a: Amoonguss|Giga Drain|p2a: Aggron\n|-damage|p2a: Aggron|10\/100 par\n|-heal|p1a: Amoonguss|79\/100|[from] drain|[of] p2a: Aggron\n|\n|upkeep\n|turn|20\n|\n|t:|1700085079\n|move|p1a: Amoonguss|Giga Drain|p2a: Aggron\n|-damage|p2a: Aggron|0 fnt\n|-heal|p1a: Amoonguss|83\/100|[from] drain|[of] p2a: Aggron\n|faint|p2a: Aggron\n|\n|upkeep\n|\n|t:|1700085082\n|switch|p2a: Infernape|Infernape, M|32\/100 slp\n|-damage|p2a: Infernape|20\/100 slp|[from] Stealth Rock\n|-damage|p2a: Infernape|7\/100 slp|[from] Spikes\n|turn|21\n|\n|t:|1700085090\n|-curestatus|p2a: Infernape|slp|[msg]\n|move|p2a: Infernape|Fire Punch|p1a: Amoonguss\n|-supereffective|p1a: Amoonguss\n|-damage|p1a: Amoonguss|18\/100\n|-status|p2a: Infernape|psn|[from] ability: Effect Spore|[of] p1a: Amoonguss\n|-enditem|p1a: Amoonguss|Sitrus Berry|[eat]\n|-heal|p1a: Amoonguss|43\/100|[from] item: Sitrus Berry\n|move|p1a: Amoonguss|Clear Smog|p2a: Infernape\n|-damage|p2a: Infernape|0 fnt\n|-clearboost|p2a: Infernape\n|faint|p2a: Infernape\n|\n|upkeep\n|\n|t:|1700085101\n|switch|p2a: Iron Valiant|Iron Valiant, shiny|100\/100\n|-damage|p2a: Iron Valiant|94\/100|[from] Stealth Rock\n|-damage|p2a: Iron Valiant|82\/100|[from] Spikes\n|-enditem|p2a: Iron Valiant|Booster Energy\n|-activate|p2a: Iron Valiant|ability: Quark Drive|[fromitem]\n|-start|p2a: Iron Valiant|quarkdriveatk\n|turn|22\n|\n|t:|1700085113\n|-terastallize|p2a: Iron Valiant|Fairy\n|move|p2a: Iron Valiant|Spirit Break|p1a: Amoonguss\n|-resisted|p1a: Amoonguss\n|-damage|p1a: Amoonguss|12\/100\n|-unboost|p1a: Amoonguss|spa|1\n|move|p1a: Amoonguss|Spore|p2a: Iron Valiant\n|-status|p2a: Iron Valiant|slp|[from] move: Spore\n|\n|upkeep\n|turn|23\n|\n|t:|1700085125\n|-end|p2a: Iron Valiant|Quark Drive|[silent]\n|switch|p2a: Rayquaza|Rayquaza, shiny|100\/100\n|-damage|p2a: Rayquaza|75\/100|[from] Stealth Rock\n|-ability|p2a: Rayquaza|Air Lock\n|move|p1a: Amoonguss|Giga Drain|p2a: Rayquaza\n|-resisted|p2a: Rayquaza\n|-damage|p2a: Rayquaza|71\/100\n|-heal|p1a: Amoonguss|14\/100|[from] drain|[of] p2a: Rayquaza\n|\n|upkeep\n|turn|24\n|\n|t:|1700085148\n|move|p2a: Rayquaza|Extreme Speed|p1a: Amoonguss\n|-damage|p1a: Amoonguss|0 fnt\n|-status|p2a: Rayquaza|par|[from] ability: Effect Spore|[of] p1a: Amoonguss\n|faint|p1a: Amoonguss\n|\n|upkeep\n|\n|t:|1700085161\n|switch|p1a: Greedent|Greedent, M|100\/100\n|turn|25\n|\n|t:|1700085173\n|move|p2a: Rayquaza|Dragon Ascent|p1a: Greedent\n|-damage|p1a: Greedent|50\/100\n|-unboost|p2a: Rayquaza|def|1\n|-unboost|p2a: Rayquaza|spd|1\n|-enditem|p1a: Greedent|Sitrus Berry|[eat]\n|-heal|p1a: Greedent|75\/100|[from] item: Sitrus Berry\n|-heal|p1a: Greedent|100\/100|[from] ability: Cheek Pouch\n|move|p1a: Greedent|Ice Fang|p2a: Rayquaza\n|-supereffective|p2a: Rayquaza\n|-damage|p2a: Rayquaza|0 fnt\n|faint|p2a: Rayquaza\n|\n|upkeep\n|\n|t:|1700085183\n|switch|p2a: Iron Valiant|Iron Valiant, shiny, tera:Fairy|82\/100 slp\n|-damage|p2a: Iron Valiant|70\/100 slp|[from] Stealth Rock\n|-damage|p2a: Iron Valiant|57\/100 slp|[from] Spikes\n|turn|26\n|\n|t:|1700085197\n|cant|p2a: Iron Valiant|slp\n|move|p1a: Greedent|Body Slam|p2a: Iron Valiant\n|-damage|p2a: Iron Valiant|4\/100 slp\n|\n|upkeep\n|turn|27\n|\n|t:|1700085204\n|cant|p2a: Iron Valiant|slp\n|move|p1a: Greedent|Body Slam|p2a: Iron Valiant\n|-damage|p2a: Iron Valiant|0 fnt\n|faint|p2a: Iron Valiant\n|-end|p2a: Iron Valiant|Quark Drive|[silent]\n|\n|upkeep\n|\n|t:|1700085209\n|switch|p2a: Ampharos|Ampharos, M|69\/100\n|-damage|p2a: Ampharos|56\/100|[from] Stealth Rock\n|-damage|p2a: Ampharos|44\/100|[from] Spikes\n|turn|28\n|\n|t:|1700085218\n|move|p2a: Ampharos|Dragon Pulse|p1a: Greedent\n|-damage|p1a: Greedent|69\/100\n|move|p1a: Greedent|Body Slam|p2a: Ampharos\n|-damage|p2a: Ampharos|6\/100\n|\n|-heal|p2a: Ampharos|12\/100|[from] item: Leftovers\n|upkeep\n|turn|29\n|\n|t:|1700085227\n|move|p2a: Ampharos|Zap Cannon|p1a: Greedent|[miss]\n|-miss|p2a: Ampharos|p1a: Greedent\n|move|p1a: Greedent|Body Slam|p2a: Ampharos\n|-damage|p2a: Ampharos|0 fnt\n|faint|p2a: Ampharos\n|\n|upkeep\n|\n|t:|1700085230\n|switch|p2a: Garchomp|Garchomp, F, shiny|69\/100\n|-damage|p2a: Garchomp|63\/100|[from] Stealth Rock\n|-damage|p2a: Garchomp|51\/100|[from] Spikes\n|turn|30\n|\n|t:|1700085241\n|move|p2a: Garchomp|Earthquake|p1a: Greedent\n|-damage|p1a: Greedent|34\/100\n|move|p1a: Greedent|Ice Fang|p2a: Garchomp\n|-supereffective|p2a: Garchomp\n|-damage|p2a: Garchomp|0 fnt\n|-damage|p1a: Greedent|22\/100|[from] ability: Rough Skin|[of] p2a: Garchomp\n|faint|p2a: Garchomp\n|\n|win|Mui_eu\n|raw|Mui_eu's rating: 1053 &rarr; <strong>1090<\/strong><br \/>(+37 for winning)\n|raw|Mem2137's rating: 1103 &rarr; <strong>1074<\/strong><br \/>(-29 for losing)\n|l|\u2606Mem2137\n|l|\u2606Mui_eu\n|j|\u2606Mui_eu\n|player|p1|Mui_eu|266\n","uploadtime":1700085690,"views":17,"p1id":"muieu","p2id":"mem2137","formatid":"gen9nationaldexubers","rating":1074,"private":0,"password":""}