{"id":"gen9nationaldexubers-1998701563","p1":"ImGoodATM","p2":"5star.red","format":"[Gen 9] National Dex Ubers","log":"|j|\u2606ImGoodATM\n|j|\u26065star.red\n|t:|1700974645\n|gametype|singles\n|player|p1|ImGoodATM|will|1258\n|player|p2|5star.red|169|1222\n|teamsize|p1|6\n|teamsize|p2|6\n|gen|9\n|tier|[Gen 9] National Dex Ubers\n|rated|\n|rule|HP Percentage Mod: HP is shown in percentages\n|rule|Endless Battle Clause: Forcing endless battles is banned\n|rule|OHKO Clause: OHKO moves are banned\n|rule|Evasion Moves Clause: Evasion moves are banned\n|rule|Evasion Items Clause: Evasion items are banned\n|rule|Species Clause: Limit one of each Pok\u00e9mon\n|rule|Sleep Clause Mod: Limit one foe put to sleep\n|rule|Mega Rayquaza Clause: You cannot mega evolve Rayquaza\n|clearpoke\n|poke|p1|Calyrex-Ice|\n|poke|p1|Stakataka|\n|poke|p1|Hatterene, F|\n|poke|p1|Kingambit, F|\n|poke|p1|Dondozo, F|\n|poke|p1|Reuniclus, F|\n|poke|p2|Kleavor, F|\n|poke|p2|Ribombee, M|\n|poke|p2|Beedrill, M|\n|poke|p2|Scizor, M|\n|poke|p2|Lokix, F|\n|poke|p2|Venomoth, F|\n|teampreview\n|inactive|Battle timer is ON: inactive players will automatically lose when time's up. (requested by ImGoodATM)\n|\n|t:|1700974656\n|start\n|switch|p1a: Hatterene|Hatterene, F|100\/100\n|switch|p2a: Kleavor|Kleavor, F|100\/100\n|turn|1\n|\n|t:|1700974659\n|move|p2a: Kleavor|Stone Axe|p1a: Hatterene\n|-damage|p1a: Hatterene|42\/100\n|-sidestart|p1: ImGoodATM|move: Stealth Rock\n|move|p1a: Hatterene|Trick Room|p1a: Hatterene\n|-fieldstart|move: Trick Room|[of] p1a: Hatterene\n|\n|upkeep\n|turn|2\n|\n|t:|1700974664\n|move|p1a: Hatterene|Misty Explosion|p2a: Kleavor\n|-damage|p2a: Kleavor|30\/100\n|faint|p1a: Hatterene\n|move|p2a: Kleavor|Stone Axe|p1: Hatterene|[notarget]\n|-fail|p2a: Kleavor\n|\n|upkeep\n|\n|t:|1700974666\n|switch|p1a: Stakataka|Stakataka|100\/100\n|-damage|p1a: Stakataka|94\/100|[from] Stealth Rock\n|turn|3\n|\n|t:|1700974669\n|move|p1a: Stakataka|Gyro Ball|p2a: Kleavor\n|-supereffective|p2a: Kleavor\n|-crit|p2a: Kleavor\n|-damage|p2a: Kleavor|0 fnt\n|faint|p2a: Kleavor\n|-ability|p1a: Stakataka|Beast Boost|boost\n|-boost|p1a: Stakataka|def|1\n|\n|upkeep\n|\n|t:|1700974682\n|switch|p2a: Ribombee|Ribombee, M|100\/100\n|turn|4\n|\n|t:|1700974692\n|move|p1a: Stakataka|Gyro Ball|p2a: Ribombee\n|-supereffective|p2a: Ribombee\n|-enditem|p2a: Ribombee|Focus Sash\n|-damage|p2a: Ribombee|1\/100\n|move|p2a: Ribombee|Stun Spore|p1a: Stakataka\n|-status|p1a: Stakataka|par\n|\n|upkeep\n|turn|5\n|\n|t:|1700974700\n|move|p1a: Stakataka|Gyro Ball|p2a: Ribombee\n|-supereffective|p2a: Ribombee\n|-damage|p2a: Ribombee|0 fnt\n|faint|p2a: Ribombee\n|-ability|p1a: Stakataka|Beast Boost|boost\n|-boost|p1a: Stakataka|def|1\n|\n|-fieldend|move: Trick Room\n|upkeep\n|\n|t:|1700974703\n|switch|p2a: Beedrill|Beedrill, M|100\/100\n|turn|6\n|\n|t:|1700974706\n|detailschange|p2a: Beedrill|Beedrill-Mega, M\n|-mega|p2a: Beedrill|Beedrill|Beedrillite\n|move|p2a: Beedrill|Drill Run|p1a: Stakataka\n|-supereffective|p1a: Stakataka\n|-damage|p1a: Stakataka|62\/100 par\n|-enditem|p1a: Stakataka|Weakness Policy\n|-boost|p1a: Stakataka|atk|2|[from] item: Weakness Policy\n|-boost|p1a: Stakataka|spa|2|[from] item: Weakness Policy\n|move|p1a: Stakataka|Trick Room|p1a: Stakataka\n|-fieldstart|move: Trick Room|[of] p1a: Stakataka\n|\n|upkeep\n|turn|7\n|\n|t:|1700974715\n|move|p1a: Stakataka|Gyro Ball|p2a: Beedrill\n|-damage|p2a: Beedrill|0 fnt\n|faint|p2a: Beedrill\n|-ability|p1a: Stakataka|Beast Boost|boost\n|-boost|p1a: Stakataka|def|1\n|\n|upkeep\n|\n|t:|1700974717\n|switch|p2a: Scizor|Scizor, M|100\/100\n|turn|8\n|\n|t:|1700974721\n|move|p1a: Stakataka|Gyro Ball|p2a: Scizor\n|-resisted|p2a: Scizor\n|-damage|p2a: Scizor|14\/100\n|move|p2a: Scizor|Swords Dance|p2a: Scizor\n|-boost|p2a: Scizor|atk|2\n|\n|upkeep\n|turn|9\n|\n|t:|1700974724\n|move|p2a: Scizor|Bullet Punch|p1a: Stakataka\n|-damage|p1a: Stakataka|49\/100 par\n|move|p1a: Stakataka|Gyro Ball|p2a: Scizor\n|-resisted|p2a: Scizor\n|-damage|p2a: Scizor|0 fnt\n|faint|p2a: Scizor\n|-ability|p1a: Stakataka|Beast Boost|boost\n|-boost|p1a: Stakataka|def|1\n|\n|upkeep\n|\n|t:|1700974729\n|switch|p2a: Lokix|Lokix, F|100\/100\n|turn|10\n|l|\u2606ImGoodATM\n|inactive|ImGoodATM disconnected and has a minute to reconnect!\n|player|p1|\n|j|\u2606ImGoodATM\n|inactive|ImGoodATM reconnected and has 135 seconds left.\n|player|p1|ImGoodATM|will\n|n|\u2606ImGoodATM|imgoodatm\n|\n|t:|1700974750\n|move|p1a: Stakataka|Gyro Ball|p2a: Lokix\n|-damage|p2a: Lokix|0 fnt\n|faint|p2a: Lokix\n|-ability|p1a: Stakataka|Beast Boost|boost\n|-boost|p1a: Stakataka|def|1\n|\n|-fieldend|move: Trick Room\n|upkeep\n|inactive|5star.red has 120 seconds left.\n|\n|t:|1700974797\n|switch|p2a: Venomoth|Venomoth, F|100\/100\n|turn|11\n|\n|t:|1700974802\n|move|p2a: Venomoth|Giga Drain|p1a: Stakataka\n|-damage|p1a: Stakataka|29\/100 par\n|cant|p1a: Stakataka|par\n|\n|upkeep\n|turn|12\n|inactive|5star.red has 120 seconds left.\n|\n|t:|1700974807\n|-terastallize|p2a: Venomoth|Grass\n|move|p2a: Venomoth|Giga Drain|p1a: Stakataka\n|-damage|p1a: Stakataka|0 fnt\n|faint|p1a: Stakataka\n|\n|upkeep\n|\n|t:|1700974813\n|switch|p1a: Calyrex|Calyrex-Ice|100\/100\n|-ability|p1a: Calyrex|As One\n|-ability|p1a: Calyrex|Unnerve\n|-damage|p1a: Calyrex|75\/100|[from] Stealth Rock\n|turn|13\n|\n|t:|1700974817\n|move|p2a: Venomoth|Bug Buzz|p1a: Calyrex\n|-supereffective|p1a: Calyrex\n|-damage|p1a: Calyrex|24\/100\n|-unboost|p1a: Calyrex|spd|1\n|move|p1a: Calyrex|Glacial Lance|p2a: Venomoth\n|-supereffective|p2a: Venomoth\n|-damage|p2a: Venomoth|0 fnt\n|faint|p2a: Venomoth\n|\n|win|ImGoodATM\n|raw|ImGoodATM's rating: 1258 &rarr; <strong>1280<\/strong><br \/>(+22 for winning)\n|raw|5star.red's rating: 1222 &rarr; <strong>1200<\/strong><br \/>(-22 for losing)\n|l|\u26065star.red\n","uploadtime":1700974825,"views":13,"p1id":"imgoodatm","p2id":"5starred","formatid":"gen9nationaldexubers","rating":1200,"private":0,"password":""}