{"id":"gen9nationaldexubers-1985543793","p1":"MintyRevnant","p2":"Y8247","format":"[Gen 9] National Dex Ubers","log":"|j|\u2606MintyRevnant\n|j|\u2606Y8247\n|t:|1699383311\n|gametype|singles\n|player|p1|MintyRevnant|beauty-gen4dp|\n|player|p2|Y8247|steven|\n|teamsize|p1|6\n|teamsize|p2|6\n|gen|9\n|tier|[Gen 9] National Dex Ubers\n|rule|HP Percentage Mod: HP is shown in percentages\n|rule|Endless Battle Clause: Forcing endless battles is banned\n|rule|OHKO Clause: OHKO moves are banned\n|rule|Evasion Moves Clause: Evasion moves are banned\n|rule|Evasion Items Clause: Evasion items are banned\n|rule|Species Clause: Limit one of each Pok\u00e9mon\n|rule|Sleep Clause Mod: Limit one foe put to sleep\n|rule|Mega Rayquaza Clause: You cannot mega evolve Rayquaza\n|clearpoke\n|poke|p1|Grimmsnarl, M|\n|poke|p1|Iron Valiant|\n|poke|p1|Gardevoir, M|\n|poke|p1|Whimsicott, M|\n|poke|p1|Hatterene, F|\n|poke|p1|Dachsbun, F|\n|poke|p2|Rabsca, F|\n|poke|p2|Forretress, F|\n|poke|p2|Vikavolt, F|\n|poke|p2|Frosmoth, M|\n|poke|p2|Spidops, F|\n|poke|p2|Venomoth, M|\n|teampreview\n|\n|t:|1699383320\n|start\n|switch|p1a: Hatterene|Hatterene, F, shiny|100\/100\n|switch|p2a: Spidops|Spidops, F|100\/100\n|turn|1\n|\n|t:|1699383327\n|move|p2a: Spidops|First Impression|p1a: Hatterene\n|-damage|p1a: Hatterene|48\/100\n|move|p1a: Hatterene|Mystical Fire|p2a: Spidops\n|-supereffective|p2a: Spidops\n|-damage|p2a: Spidops|35\/100\n|-unboost|p2a: Spidops|spa|1\n|\n|-heal|p1a: Hatterene|54\/100|[from] item: Leftovers\n|upkeep\n|turn|2\n|\n|t:|1699383338\n|move|p1a: Hatterene|Mystical Fire|p2a: Spidops\n|-supereffective|p2a: Spidops\n|-damage|p2a: Spidops|0 fnt\n|faint|p2a: Spidops\n|\n|-heal|p1a: Hatterene|60\/100|[from] item: Leftovers\n|upkeep\n|\n|t:|1699383354\n|switch|p2a: Frosmoth|Frosmoth, M|100\/100\n|turn|3\n|\n|t:|1699383359\n|move|p2a: Frosmoth|Bug Buzz|p1a: Hatterene\n|-damage|p1a: Hatterene|4\/100\n|move|p1a: Hatterene|Mystical Fire|p2a: Frosmoth\n|-supereffective|p2a: Frosmoth\n|-damage|p2a: Frosmoth|27\/100\n|-unboost|p2a: Frosmoth|spa|1\n|\n|-heal|p1a: Hatterene|10\/100|[from] item: Leftovers\n|upkeep\n|turn|4\n|\n|t:|1699383370\n|move|p2a: Frosmoth|Bug Buzz|p1a: Hatterene\n|-damage|p1a: Hatterene|0 fnt\n|faint|p1a: Hatterene\n|\n|upkeep\n|\n|t:|1699383381\n|switch|p1a: Grimmsnarl|Grimmsnarl, M, shiny|100\/100\n|-item|p2a: Frosmoth|Focus Sash|[from] ability: Frisk|[of] p1a: Grimmsnarl|[identify]\n|turn|5\n|\n|t:|1699383399\n|move|p2a: Frosmoth|Bug Buzz|p1a: Grimmsnarl\n|-damage|p1a: Grimmsnarl|67\/100\n|move|p1a: Grimmsnarl|Play Rough|p2a: Frosmoth\n|-damage|p2a: Frosmoth|0 fnt\n|faint|p2a: Frosmoth\n|\n|upkeep\n|\n|t:|1699383412\n|switch|p2a: ATV|Venomoth, M|100\/100\n|turn|6\n|\n|t:|1699383420\n|move|p2a: ATV|Quiver Dance|p2a: ATV\n|-boost|p2a: ATV|spa|1\n|-boost|p2a: ATV|spd|1\n|-boost|p2a: ATV|spe|1\n|move|p1a: Grimmsnarl|Draining Kiss|p2a: ATV\n|-resisted|p2a: ATV\n|-crit|p2a: ATV\n|-damage|p2a: ATV|83\/100\n|-heal|p1a: Grimmsnarl|76\/100|[from] drain|[of] p2a: ATV\n|\n|-heal|p2a: ATV|89\/100|[from] item: Leftovers\n|upkeep\n|turn|7\n|\n|t:|1699383432\n|move|p2a: ATV|Quiver Dance|p2a: ATV\n|-boost|p2a: ATV|spa|1\n|-boost|p2a: ATV|spd|1\n|-boost|p2a: ATV|spe|1\n|move|p1a: Grimmsnarl|Draining Kiss|p2a: ATV\n|-resisted|p2a: ATV\n|-damage|p2a: ATV|83\/100\n|-heal|p1a: Grimmsnarl|79\/100|[from] drain|[of] p2a: ATV\n|\n|-heal|p2a: ATV|89\/100|[from] item: Leftovers\n|upkeep\n|turn|8\n|\n|t:|1699383445\n|switch|p1a: Dachsbun|Dachsbun, F, shiny|100\/100\n|move|p2a: ATV|Quiver Dance|p2a: ATV\n|-boost|p2a: ATV|spa|1\n|-boost|p2a: ATV|spd|1\n|-boost|p2a: ATV|spe|1\n|\n|-heal|p2a: ATV|95\/100|[from] item: Leftovers\n|upkeep\n|turn|9\n|\n|t:|1699383456\n|-terastallize|p1a: Dachsbun|Steel\n|move|p2a: ATV|Sludge Bomb|p1a: Dachsbun\n|-immune|p1a: Dachsbun\n|move|p1a: Dachsbun|Psychic Fangs|p2a: ATV\n|-supereffective|p2a: ATV\n|-damage|p2a: ATV|21\/100\n|\n|-heal|p2a: ATV|27\/100|[from] item: Leftovers\n|upkeep\n|turn|10\n|\n|t:|1699383474\n|-terastallize|p2a: ATV|Fairy\n|move|p2a: ATV|Tera Blast|p1a: Dachsbun|[anim] Tera Blast Fairy\n|-resisted|p1a: Dachsbun\n|-damage|p1a: Dachsbun|31\/100\n|move|p1a: Dachsbun|Psychic Fangs|p2a: ATV\n|-damage|p2a: ATV|0 fnt\n|faint|p2a: ATV\n|\n|upkeep\n|\n|t:|1699383491\n|switch|p2a: Forretress|Forretress, F|100\/100\n|turn|11\n|\n|t:|1699383495\n|move|p1a: Dachsbun|Psychic Fangs|p2a: Forretress\n|-resisted|p2a: Forretress\n|-damage|p2a: Forretress|95\/100\n|move|p2a: Forretress|Stealth Rock|p1a: Dachsbun\n|-sidestart|p1: MintyRevnant|move: Stealth Rock\n|\n|-heal|p2a: Forretress|100\/100|[from] item: Leftovers\n|upkeep\n|turn|12\n|\n|t:|1699383504\n|move|p1a: Dachsbun|Psychic Fangs|p2a: Forretress\n|-resisted|p2a: Forretress\n|-damage|p2a: Forretress|95\/100\n|move|p2a: Forretress|Reflect|p2a: Forretress\n|-sidestart|p2: Y8247|Reflect\n|\n|-heal|p2a: Forretress|100\/100|[from] item: Leftovers\n|upkeep\n|turn|13\n|\n|t:|1699383513\n|move|p1a: Dachsbun|Psychic Fangs|p2a: Forretress\n|-sideend|p2: Y8247|Reflect\n|-resisted|p2a: Forretress\n|-damage|p2a: Forretress|95\/100\n|move|p2a: Forretress|Light Screen|p2a: Forretress\n|-sidestart|p2: Y8247|move: Light Screen\n|\n|-heal|p2a: Forretress|100\/100|[from] item: Leftovers\n|upkeep\n|turn|14\n|\n|t:|1699383522\n|move|p1a: Dachsbun|Psychic Fangs|p2a: Forretress\n|-sideend|p2: Y8247|move: Light Screen\n|-resisted|p2a: Forretress\n|-damage|p2a: Forretress|94\/100\n|move|p2a: Forretress|Explosion|p1a: Dachsbun\n|-resisted|p1a: Dachsbun\n|-crit|p1a: Dachsbun\n|-damage|p1a: Dachsbun|0 fnt\n|faint|p2a: Forretress\n|faint|p1a: Dachsbun\n|\n|upkeep\n|\n|t:|1699383534\n|switch|p1a: Grimmsnarl|Grimmsnarl, M, shiny|79\/100\n|switch|p2a: Valt|Vikavolt, F|100\/100\n|-damage|p1a: Grimmsnarl|67\/100|[from] Stealth Rock\n|-item|p2a: Valt|Zoom Lens|[from] ability: Frisk|[of] p1a: Grimmsnarl|[identify]\n|turn|15\n|\n|t:|1699383545\n|move|p1a: Grimmsnarl|Protect|p1a: Grimmsnarl\n|-singleturn|p1a: Grimmsnarl|Protect\n|move|p2a: Valt|Zap Cannon|p1a: Grimmsnarl\n|-activate|p1a: Grimmsnarl|move: Protect\n|\n|upkeep\n|turn|16\n|\n|t:|1699383553\n|move|p1a: Grimmsnarl|Draining Kiss|p2a: Valt\n|-damage|p2a: Valt|84\/100\n|-heal|p1a: Grimmsnarl|78\/100|[from] drain|[of] p2a: Valt\n|move|p2a: Valt|Zap Cannon|p1a: Grimmsnarl\n|-damage|p1a: Grimmsnarl|0 fnt\n|faint|p1a: Grimmsnarl\n|\n|upkeep\n|\n|t:|1699383562\n|switch|p1a: Nerd|Iron Valiant, shiny|100\/100\n|-damage|p1a: Nerd|94\/100|[from] Stealth Rock\n|-enditem|p1a: Nerd|Booster Energy\n|-activate|p1a: Nerd|ability: Quark Drive|[fromitem]\n|-start|p1a: Nerd|quarkdrivespe\n|turn|17\n|\n|t:|1699383572\n|move|p1a: Nerd|Close Combat|p2a: Valt\n|-resisted|p2a: Valt\n|-damage|p2a: Valt|54\/100\n|-unboost|p1a: Nerd|def|1\n|-unboost|p1a: Nerd|spd|1\n|move|p2a: Valt|Zap Cannon|p1a: Nerd\n|-damage|p1a: Nerd|0 fnt\n|faint|p1a: Nerd\n|-end|p1a: Nerd|Quark Drive|[silent]\n|\n|upkeep\n|\n|t:|1699383582\n|switch|p1a: Whimsicott|Whimsicott, M, shiny|100\/100\n|-damage|p1a: Whimsicott|88\/100|[from] Stealth Rock\n|turn|18\n|\n|t:|1699383591\n|move|p1a: Whimsicott|Giga Drain|p2a: Valt\n|-resisted|p2a: Valt\n|-damage|p2a: Valt|36\/100\n|-heal|p1a: Whimsicott|100\/100|[from] drain|[of] p2a: Valt\n|move|p2a: Valt|Bug Buzz|p1a: Whimsicott\n|-damage|p1a: Whimsicott|11\/100\n|\n|upkeep\n|turn|19\n|\n|t:|1699383601\n|move|p1a: Whimsicott|Giga Drain|p2a: Valt\n|-resisted|p2a: Valt\n|-crit|p2a: Valt\n|-damage|p2a: Valt|9\/100\n|-heal|p1a: Whimsicott|29\/100|[from] drain|[of] p2a: Valt\n|move|p2a: Valt|Thunderbolt|p1a: Whimsicott\n|-resisted|p1a: Whimsicott\n|-damage|p1a: Whimsicott|0 fnt\n|faint|p1a: Whimsicott\n|\n|upkeep\n|\n|t:|1699383611\n|switch|p1a: Gardevoir|Gardevoir, M, shiny|100\/100\n|-damage|p1a: Gardevoir|88\/100|[from] Stealth Rock\n|turn|20\n|\n|t:|1699383617\n|detailschange|p1a: Gardevoir|Gardevoir-Mega, M, shiny\n|-mega|p1a: Gardevoir|Gardevoir|Gardevoirite\n|move|p1a: Gardevoir|Hyper Voice|p2a: Valt\n|-damage|p2a: Valt|0 fnt\n|faint|p2a: Valt\n|\n|upkeep\n|\n|t:|1699383623\n|switch|p2a: What is this|Rabsca, F|100\/100\n|turn|21\n|\n|t:|1699383628\n|move|p1a: Gardevoir|Hyper Voice|p2a: What is this\n|-damage|p2a: What is this|32\/100\n|move|p2a: What is this|Calm Mind|p2a: What is this\n|-boost|p2a: What is this|spa|1\n|-boost|p2a: What is this|spd|1\n|\n|-heal|p2a: What is this|39\/100|[from] item: Leftovers\n|upkeep\n|turn|22\n|\n|t:|1699383637\n|move|p1a: Gardevoir|Hyper Voice|p2a: What is this\n|-damage|p2a: What is this|0 fnt\n|faint|p2a: What is this\n|\n|win|MintyRevnant\n","uploadtime":1699383646,"views":12,"p1id":"mintyrevnant","p2id":"y8247","formatid":"gen9nationaldexubers","rating":0,"private":0,"password":""}