{"id":"gen9nationaldexubers-1987969229","p1":"ambatusmurf","p2":"TheRam77","format":"[Gen 9] National Dex Ubers","log":"|j|\u2606ambatusmurf\n|j|\u2606TheRam77\n|t:|1699654308\n|gametype|singles\n|player|p1|ambatusmurf|marnie-masters2|1086\n|player|p2|TheRam77|elesa|1236\n|teamsize|p1|6\n|teamsize|p2|6\n|gen|9\n|tier|[Gen 9] National Dex Ubers\n|rated|\n|rule|HP Percentage Mod: HP is shown in percentages\n|rule|Endless Battle Clause: Forcing endless battles is banned\n|rule|OHKO Clause: OHKO moves are banned\n|rule|Evasion Moves Clause: Evasion moves are banned\n|rule|Evasion Items Clause: Evasion items are banned\n|rule|Species Clause: Limit one of each Pok\u00e9mon\n|rule|Sleep Clause Mod: Limit one foe put to sleep\n|rule|Mega Rayquaza Clause: You cannot mega evolve Rayquaza\n|clearpoke\n|poke|p1|Ledyba, F|\n|poke|p1|Diggersby, M|\n|poke|p1|Bisharp, F|\n|poke|p1|Giratina-Origin|\n|poke|p1|Druddigon, M|\n|poke|p1|Salamence, F|\n|poke|p2|Gholdengo|\n|poke|p2|Orthworm, M|\n|poke|p2|Great Tusk|\n|poke|p2|Meowscarada, F|\n|poke|p2|Iron Bundle|\n|poke|p2|Fezandipiti, M|\n|teampreview\n|inactive|Battle timer is ON: inactive players will automatically lose when time's up. (requested by ambatusmurf)\n|\n|t:|1699654329\n|start\n|switch|p1a: halloweenie|Druddigon, M, shiny|100\/100\n|switch|p2a: Iron Bundle|Iron Bundle|100\/100\n|turn|1\n|\n|t:|1699654340\n|switch|p1a: super hornio bros|Bisharp, F, shiny|100\/100\n|-ability|p1a: super hornio bros|Pressure\n|move|p2a: Iron Bundle|Ice Beam|p1a: super hornio bros\n|-resisted|p1a: super hornio bros\n|-damage|p1a: super hornio bros|85\/100\n|\n|upkeep\n|turn|2\n|\n|t:|1699654354\n|-end|p2a: Iron Bundle|Quark Drive|[silent]\n|switch|p2a: Orthworm|Orthworm, M|100\/100\n|move|p1a: super hornio bros|Mean Look|p2a: Orthworm\n|-activate|p2a: Orthworm|trapped\n|\n|upkeep\n|turn|3\n|\n|t:|1699654366\n|move|p1a: super hornio bros|Iron Defense|p1a: super hornio bros\n|-boost|p1a: super hornio bros|def|2\n|move|p2a: Orthworm|Stealth Rock|p1a: super hornio bros\n|-sidestart|p1: ambatusmurf|move: Stealth Rock\n|\n|upkeep\n|turn|4\n|\n|t:|1699654373\n|move|p1a: super hornio bros|Spite|p2a: Orthworm\n|-activate|p2a: Orthworm|move: Spite|Stealth Rock|4\n|move|p2a: Orthworm|Body Press|p1a: super hornio bros\n|-supereffective|p1a: super hornio bros\n|-damage|p1a: super hornio bros|49\/100\n|\n|upkeep\n|turn|5\n|\n|t:|1699654383\n|move|p1a: super hornio bros|Iron Defense|p1a: super hornio bros\n|-boost|p1a: super hornio bros|def|2\n|move|p2a: Orthworm|Body Press|p1a: super hornio bros\n|-supereffective|p1a: super hornio bros\n|-damage|p1a: super hornio bros|22\/100\n|\n|upkeep\n|turn|6\n|\n|t:|1699654390\n|move|p1a: super hornio bros|Rest|p1a: super hornio bros\n|-status|p1a: super hornio bros|slp|[from] move: Rest\n|-heal|p1a: super hornio bros|100\/100 slp|[silent]\n|move|p2a: Orthworm|Body Press|p1a: super hornio bros\n|-supereffective|p1a: super hornio bros\n|-damage|p1a: super hornio bros|75\/100 slp\n|\n|upkeep\n|turn|7\n|\n|t:|1699654398\n|-terastallize|p1a: super hornio bros|Water\n|cant|p1a: super hornio bros|slp\n|move|p2a: Orthworm|Iron Defense|p2a: Orthworm\n|-boost|p2a: Orthworm|def|2\n|\n|upkeep\n|turn|8\n|\n|t:|1699654407\n|cant|p1a: super hornio bros|slp\n|move|p2a: Orthworm|Iron Defense|p2a: Orthworm\n|-boost|p2a: Orthworm|def|2\n|\n|upkeep\n|turn|9\n|\n|t:|1699654411\n|-curestatus|p1a: super hornio bros|slp|[msg]\n|move|p1a: super hornio bros|Iron Defense|p1a: super hornio bros\n|-boost|p1a: super hornio bros|def|2\n|move|p2a: Orthworm|Iron Defense|p2a: Orthworm\n|-boost|p2a: Orthworm|def|2\n|\n|upkeep\n|turn|10\n|\n|t:|1699654417\n|move|p1a: super hornio bros|Spite|p2a: Orthworm\n|-activate|p2a: Orthworm|move: Spite|Iron Defense|4\n|move|p2a: Orthworm|Body Press|p1a: super hornio bros\n|-damage|p1a: super hornio bros|56\/100\n|\n|upkeep\n|turn|11\n|\n|t:|1699654423\n|move|p1a: super hornio bros|Spite|p2a: Orthworm\n|-activate|p2a: Orthworm|move: Spite|Body Press|4\n|move|p2a: Orthworm|Body Press|p1a: super hornio bros\n|-damage|p1a: super hornio bros|39\/100\n|\n|upkeep\n|turn|12\n|\n|t:|1699654442\n|move|p1a: super hornio bros|Spite|p2a: Orthworm\n|-activate|p2a: Orthworm|move: Spite|Body Press|2\n|cant|p2a: Orthworm|nopp|Body Press\n|\n|upkeep\n|turn|13\n|\n|t:|1699654454\n|switch|p1a: Giratina|Giratina-Origin|100\/100\n|-damage|p1a: Giratina|88\/100|[from] Stealth Rock\n|move|p2a: Orthworm|Iron Head|p1a: Giratina\n|-damage|p1a: Giratina|72\/100\n|\n|upkeep\n|turn|14\n|\n|t:|1699654463\n|move|p1a: Giratina|Will-O-Wisp|p2a: Orthworm\n|-status|p2a: Orthworm|brn\n|move|p2a: Orthworm|Iron Head|p1a: Giratina\n|-damage|p1a: Giratina|63\/100\n|\n|-damage|p2a: Orthworm|94\/100 brn|[from] brn\n|upkeep\n|turn|15\n|\n|t:|1699654473\n|switch|p2a: Fezandipiti|Fezandipiti, M|100\/100\n|move|p1a: Giratina|Defog|p2a: Fezandipiti\n|-unboost|p2a: Fezandipiti|evasion|1\n|-sideend|p1: ambatusmurf|Stealth Rock|[from] move: Defog|[of] p1a: Giratina\n|\n|upkeep\n|turn|16\n|\n|t:|1699654493\n|switch|p1a: super hornio bros|Bisharp, F, shiny, tera:Water|39\/100\n|-ability|p1a: super hornio bros|Pressure\n|move|p2a: Fezandipiti|Calm Mind|p2a: Fezandipiti\n|-boost|p2a: Fezandipiti|spa|1\n|-boost|p2a: Fezandipiti|spd|1\n|\n|upkeep\n|turn|17\n|\n|t:|1699654505\n|switch|p1a: Diggersby|Diggersby, M, shiny|100\/100\n|move|p2a: Fezandipiti|Heat Wave|p1a: Diggersby\n|-damage|p1a: Diggersby|64\/100\n|-status|p1a: Diggersby|tox|[from] ability: Toxic Chain|[of] p2a: Fezandipiti\n|\n|-damage|p1a: Diggersby|58\/100 tox|[from] psn\n|upkeep\n|turn|18\n|\n|t:|1699654517\n|move|p1a: Diggersby|U-turn|p2a: Fezandipiti\n|-resisted|p2a: Fezandipiti\n|-damage|p2a: Fezandipiti|93\/100\n|\n|t:|1699654531\n|switch|p1a: super hornio bros|Bisharp, F, shiny, tera:Water|39\/100|[from] U-turn\n|-ability|p1a: super hornio bros|Pressure\n|move|p2a: Fezandipiti|Calm Mind|p2a: Fezandipiti\n|-boost|p2a: Fezandipiti|spa|1\n|-boost|p2a: Fezandipiti|spd|1\n|\n|-heal|p2a: Fezandipiti|99\/100|[from] item: Leftovers\n|upkeep\n|turn|19\n|\n|t:|1699654549\n|move|p2a: Fezandipiti|Moonblast|p1a: super hornio bros\n|-damage|p1a: super hornio bros|11\/100\n|move|p1a: super hornio bros|Rest|p1a: super hornio bros\n|-status|p1a: super hornio bros|slp|[from] move: Rest\n|-heal|p1a: super hornio bros|100\/100 slp|[silent]\n|\n|-heal|p2a: Fezandipiti|100\/100|[from] item: Leftovers\n|upkeep\n|turn|20\n|\n|t:|1699654562\n|switch|p1a: Diggersby|Diggersby, M, shiny|58\/100 tox\n|move|p2a: Fezandipiti|Calm Mind|p2a: Fezandipiti\n|-boost|p2a: Fezandipiti|spa|1\n|-boost|p2a: Fezandipiti|spd|1\n|\n|-damage|p1a: Diggersby|52\/100 tox|[from] psn\n|upkeep\n|turn|21\n|\n|t:|1699654568\n|move|p1a: Diggersby|Earthquake|p2a: Fezandipiti\n|-supereffective|p2a: Fezandipiti\n|-damage|p2a: Fezandipiti|0 fnt\n|faint|p2a: Fezandipiti\n|\n|-damage|p1a: Diggersby|40\/100 tox|[from] psn\n|upkeep\n|\n|t:|1699654594\n|switch|p2a: Iron Bundle|Iron Bundle|100\/100\n|turn|22\n|\n|t:|1699654603\n|switch|p1a: super hornio bros|Bisharp, F, shiny, tera:Water|100\/100 slp\n|-ability|p1a: super hornio bros|Pressure\n|move|p2a: Iron Bundle|Flip Turn|p1a: super hornio bros\n|-resisted|p1a: super hornio bros\n|-damage|p1a: super hornio bros|95\/100 slp\n|\n|t:|1699654609\n|-end|p2a: Iron Bundle|Quark Drive|[silent]\n|switch|p2a: Meowscarada|Meowscarada, F|100\/100|[from] Flip Turn\n|\n|upkeep\n|turn|23\n|\n|t:|1699654619\n|switch|p1a: Salamence|Salamence, F, shiny|100\/100\n|-ability|p1a: Salamence|Intimidate|boost\n|-unboost|p2a: Meowscarada|atk|1\n|move|p2a: Meowscarada|Flower Trick|p1a: Salamence\n|-start|p2a: Meowscarada|typechange|Grass|[from] ability: Protean\n|-resisted|p1a: Salamence\n|-crit|p1a: Salamence\n|-damage|p1a: Salamence|85\/100\n|\n|upkeep\n|turn|24\n|\n|t:|1699654635\n|detailschange|p1a: Salamence|Salamence-Mega, F, shiny\n|-mega|p1a: Salamence|Salamence|Salamencite\n|move|p2a: Meowscarada|U-turn|p1a: Salamence\n|-resisted|p1a: Salamence\n|-damage|p1a: Salamence|79\/100\n|\n|t:|1699654643\n|switch|p2a: Orthworm|Orthworm, M|94\/100 brn|[from] U-turn\n|move|p1a: Salamence|Dragon Dance|p1a: Salamence\n|-boost|p1a: Salamence|atk|1\n|-boost|p1a: Salamence|spe|1\n|\n|-heal|p2a: Orthworm|100\/100 brn|[from] item: Leftovers\n|-damage|p2a: Orthworm|94\/100 brn|[from] brn\n|upkeep\n|turn|25\n|\n|t:|1699654654\n|switch|p2a: Iron Bundle|Iron Bundle|100\/100\n|move|p1a: Salamence|Dragon Dance|p1a: Salamence\n|-boost|p1a: Salamence|atk|1\n|-boost|p1a: Salamence|spe|1\n|\n|upkeep\n|turn|26\n|\n|t:|1699654661\n|move|p1a: Salamence|Facade|p2a: Iron Bundle\n|-damage|p2a: Iron Bundle|0 fnt\n|faint|p2a: Iron Bundle\n|-end|p2a: Iron Bundle|Quark Drive|[silent]\n|\n|upkeep\n|\n|t:|1699654671\n|switch|p2a: Gholdengo|Gholdengo|100\/100\n|turn|27\n|\n|t:|1699654685\n|move|p1a: Salamence|Earthquake|p2a: Gholdengo\n|-supereffective|p2a: Gholdengo\n|-damage|p2a: Gholdengo|0 fnt\n|faint|p2a: Gholdengo\n|\n|upkeep\n|-message|TheRam77 forfeited.\n|\n|win|ambatusmurf\n|raw|ambatusmurf's rating: 1086 &rarr; <strong>1124<\/strong><br \/>(+38 for winning)\n|raw|TheRam77's rating: 1236 &rarr; <strong>1201<\/strong><br \/>(-35 for losing)\n|l|\u2606TheRam77\n","uploadtime":1699654698,"views":5,"p1id":"ambatusmurf","p2id":"theram77","formatid":"gen9nationaldexubers","rating":1124,"private":0,"password":""}