{"id":"gen9nationaldexubers-1982993082","p1":"DaBlueDude","p2":"xhsowkff","format":"[Gen 9] National Dex Ubers","log":"|j|\u2606DaBlueDude\n|j|\u2606xhsowkff\n|t:|1699067375\n|gametype|singles\n|player|p1|DaBlueDude|blue-gen3two|1048\n|player|p2|xhsowkff|hilda-wonderlauncher|1000\n|teamsize|p1|6\n|teamsize|p2|4\n|gen|9\n|tier|[Gen 9] National Dex Ubers\n|rated|\n|rule|HP Percentage Mod: HP is shown in percentages\n|rule|Endless Battle Clause: Forcing endless battles is banned\n|rule|OHKO Clause: OHKO moves are banned\n|rule|Evasion Moves Clause: Evasion moves are banned\n|rule|Evasion Items Clause: Evasion items are banned\n|rule|Species Clause: Limit one of each Pok\u00e9mon\n|rule|Sleep Clause Mod: Limit one foe put to sleep\n|rule|Mega Rayquaza Clause: You cannot mega evolve Rayquaza\n|clearpoke\n|poke|p1|Heracross, F|\n|poke|p1|Alakazam, F|\n|poke|p1|Tyranitar, M|\n|poke|p1|Exeggutor, M|\n|poke|p1|Gyarados, F|\n|poke|p1|Charizard, F|\n|poke|p2|Glimmet, L1, M|\n|poke|p2|Hippopotas, L1, M|\n|poke|p2|Aron, L1, M|\n|poke|p2|Sableye, L1, M|\n|teampreview\n|inactive|Battle timer is ON: inactive players will automatically lose when time's up. (requested by xhsowkff)\n|c|\u2606DaBlueDude|uh oh\n|\n|t:|1699067394\n|start\n|switch|p1a: Heracross|Heracross, F|100\/100\n|switch|p2a: Glimmet|Glimmet, L1, M|100\/100\n|turn|1\n|\n|t:|1699067399\n|move|p1a: Heracross|Throat Chop|p2a: Glimmet\n|-enditem|p2a: Glimmet|Focus Sash\n|-damage|p2a: Glimmet|9\/100\n|-start|p2a: Glimmet|Throat Chop|[silent]\n|-activate|p2a: Glimmet|ability: Toxic Debris\n|-sidestart|p1: DaBlueDude|move: Toxic Spikes\n|move|p2a: Glimmet|Toxic Spikes|p1a: Heracross\n|-sidestart|p1: DaBlueDude|move: Toxic Spikes\n|\n|-status|p1a: Heracross|brn|[from] item: Flame Orb\n|upkeep\n|turn|2\n|\n|t:|1699067405\n|move|p1a: Heracross|Throat Chop|p2a: Glimmet\n|-damage|p2a: Glimmet|0 fnt\n|faint|p2a: Glimmet\n|\n|-damage|p1a: Heracross|95\/100 brn|[from] brn\n|upkeep\n|\n|t:|1699067413\n|switch|p2a: Aron|Aron, L1, M|100\/100\n|turn|3\n|\n|t:|1699067421\n|move|p1a: Heracross|Close Combat|p2a: Aron\n|-supereffective|p2a: Aron\n|-ability|p2a: Aron|Sturdy\n|-damage|p2a: Aron|9\/100\n|-unboost|p1a: Heracross|def|1\n|-unboost|p1a: Heracross|spd|1\n|move|p2a: Aron|Endeavor|p1a: Heracross\n|-damage|p1a: Heracross|1\/100 brn\n|-heal|p2a: Aron|100\/100|[from] item: Shell Bell|[of] p1a: Heracross\n|\n|-damage|p1a: Heracross|0 fnt|[from] brn\n|faint|p1a: Heracross\n|upkeep\n|\n|t:|1699067434\n|switch|p1a: Gyarados|Gyarados, F|100\/100\n|turn|4\n|\n|t:|1699067450\n|switch|p2a: Hippopotas|Hippopotas, L1, M|100\/100\n|-weather|Sandstorm|[from] ability: Sand Stream|[of] p2a: Hippopotas\n|move|p1a: Gyarados|Waterfall|p2a: Hippopotas\n|-supereffective|p2a: Hippopotas\n|-damage|p2a: Hippopotas|0 fnt\n|faint|p2a: Hippopotas\n|-ability|p1a: Gyarados|Moxie|boost\n|-boost|p1a: Gyarados|atk|1\n|\n|-weather|Sandstorm|[upkeep]\n|-damage|p1a: Gyarados|94\/100|[from] Sandstorm\n|-heal|p1a: Gyarados|100\/100|[from] item: Leftovers\n|upkeep\n|\n|t:|1699067456\n|switch|p2a: Aron|Aron, L1, M|100\/100\n|turn|5\n|\n|t:|1699067462\n|move|p1a: Gyarados|Earthquake|p2a: Aron\n|-supereffective|p2a: Aron\n|-ability|p2a: Aron|Sturdy\n|-damage|p2a: Aron|9\/100\n|move|p2a: Aron|Endeavor|p1a: Gyarados\n|-damage|p1a: Gyarados|1\/100\n|-heal|p2a: Aron|100\/100|[from] item: Shell Bell|[of] p1a: Gyarados\n|\n|-weather|Sandstorm|[upkeep]\n|-damage|p1a: Gyarados|0 fnt|[from] Sandstorm\n|faint|p1a: Gyarados\n|upkeep\n|\n|t:|1699067475\n|switch|p1a: Alakazam|Alakazam, F|100\/100\n|-status|p1a: Alakazam|tox\n|turn|6\n|\n|t:|1699067480\n|move|p1a: Alakazam|Psychic|p2a: Aron\n|-resisted|p2a: Aron\n|-ability|p2a: Aron|Sturdy\n|-damage|p2a: Aron|9\/100\n|move|p2a: Aron|Endeavor|p1a: Alakazam\n|-damage|p1a: Alakazam|1\/100 tox\n|-heal|p2a: Aron|100\/100|[from] item: Shell Bell|[of] p1a: Alakazam\n|\n|-weather|Sandstorm|[upkeep]\n|upkeep\n|turn|7\n|\n|t:|1699067488\n|switch|p2a: Sableye|Sableye, L1, M|100\/100\n|move|p1a: Alakazam|Psychic|p2a: Sableye\n|-immune|p2a: Sableye\n|\n|-weather|Sandstorm|[upkeep]\n|-damage|p2a: Sableye|92\/100|[from] Sandstorm\n|upkeep\n|turn|8\n|\n|t:|1699067495\n|move|p2a: Sableye|Will-O-Wisp||[still]\n|-fail|p2a: Sableye\n|move|p1a: Alakazam|Shadow Ball|p2a: Sableye\n|-damage|p2a: Sableye|0 fnt\n|faint|p2a: Sableye\n|\n|-weather|Sandstorm|[upkeep]\n|upkeep\n|\n|t:|1699067497\n|switch|p2a: Aron|Aron, L1, M|100\/100\n|turn|9\n|\n|t:|1699067501\n|move|p1a: Alakazam|Nasty Plot|p1a: Alakazam\n|-boost|p1a: Alakazam|spa|2\n|move|p2a: Aron|Superpower|p1a: Alakazam\n|-resisted|p1a: Alakazam\n|-damage|p1a: Alakazam|0 fnt\n|-unboost|p2a: Aron|atk|1\n|-unboost|p2a: Aron|def|1\n|faint|p1a: Alakazam\n|\n|-weather|Sandstorm|[upkeep]\n|upkeep\n|\n|t:|1699067505\n|switch|p1a: Tyranitar|Tyranitar, M|100\/100\n|-status|p1a: Tyranitar|tox\n|turn|10\n|\n|t:|1699067513\n|move|p1a: Tyranitar|Pursuit|p2a: Aron\n|-ability|p2a: Aron|Sturdy\n|-damage|p2a: Aron|9\/100\n|move|p2a: Aron|Endeavor|p1a: Tyranitar\n|-damage|p1a: Tyranitar|1\/100 tox\n|-heal|p2a: Aron|100\/100|[from] item: Shell Bell|[of] p1a: Tyranitar\n|\n|-weather|Sandstorm|[upkeep]\n|-damage|p1a: Tyranitar|0 fnt|[from] psn\n|faint|p1a: Tyranitar\n|upkeep\n|\n|t:|1699067516\n|switch|p1a: Exeggutor|Exeggutor, M|100\/100\n|-status|p1a: Exeggutor|tox\n|turn|11\n|\n|t:|1699067522\n|move|p1a: Exeggutor|Giga Drain|p2a: Aron\n|-ability|p2a: Aron|Sturdy\n|-damage|p2a: Aron|9\/100\n|move|p2a: Aron|Endeavor|p1a: Exeggutor\n|-damage|p1a: Exeggutor|1\/100 tox\n|-heal|p2a: Aron|100\/100|[from] item: Shell Bell|[of] p1a: Exeggutor\n|\n|-weather|none\n|-damage|p1a: Exeggutor|0 fnt|[from] psn\n|faint|p1a: Exeggutor\n|upkeep\n|\n|t:|1699067525\n|switch|p1a: Charizard|Charizard, F|100\/100\n|turn|12\n|c|\u2606DaBlueDude|aw man\n|c|\u2606DaBlueDude|gg\n|\n|t:|1699067534\n|detailschange|p1a: Charizard|Charizard-Mega-Y, F\n|-mega|p1a: Charizard|Charizard|Charizardite Y\n|-weather|SunnyDay|[from] ability: Drought|[of] p1a: Charizard\n|move|p1a: Charizard|Scorching Sands|p2a: Aron\n|-supereffective|p2a: Aron\n|-ability|p2a: Aron|Sturdy\n|-damage|p2a: Aron|9\/100\n|move|p2a: Aron|Endeavor|p1a: Charizard\n|-damage|p1a: Charizard|1\/100\n|-heal|p2a: Aron|100\/100|[from] item: Shell Bell|[of] p1a: Charizard\n|\n|-weather|SunnyDay|[upkeep]\n|upkeep\n|turn|13\n|\n|t:|1699067543\n|move|p1a: Charizard|Scorching Sands|p2a: Aron\n|-supereffective|p2a: Aron\n|-crit|p2a: Aron\n|-ability|p2a: Aron|Sturdy\n|-damage|p2a: Aron|9\/100\n|move|p2a: Aron|Superpower|p1a: Charizard\n|-resisted|p1a: Charizard\n|-damage|p1a: Charizard|0 fnt\n|-unboost|p2a: Aron|atk|1\n|-unboost|p2a: Aron|def|1\n|faint|p1a: Charizard\n|-heal|p2a: Aron|17\/100|[from] item: Shell Bell|[of] p1: Charizard\n|\n|win|xhsowkff\n|raw|DaBlueDude's rating: 1048 &rarr; <strong>1028<\/strong><br \/>(-20 for losing)\n|raw|xhsowkff's rating: 1000 &rarr; <strong>1045<\/strong><br \/>(+45 for winning)\n|l|\u2606DaBlueDude\n","uploadtime":1699067563,"views":7,"p1id":"dabluedude","p2id":"xhsowkff","formatid":"gen9nationaldexubers","rating":1028,"private":0,"password":""}