{"id":"gen9nationaldexubers-1982882355","p1":"Morb of Ius","p2":"thisispika","format":"[Gen 9] National Dex Ubers","log":"|j|\u2606Morb of Ius\n|j|\u2606thisispika\n|t:|1699054526\n|gametype|singles\n|player|p1|Morb of Ius|ingo|\n|player|p2|thisispika|brycenman|\n|teamsize|p1|6\n|teamsize|p2|6\n|gen|9\n|tier|[Gen 9] National Dex Ubers\n|rule|HP Percentage Mod: HP is shown in percentages\n|rule|Endless Battle Clause: Forcing endless battles is banned\n|rule|OHKO Clause: OHKO moves are banned\n|rule|Evasion Moves Clause: Evasion moves are banned\n|rule|Evasion Items Clause: Evasion items are banned\n|rule|Species Clause: Limit one of each Pok\u00e9mon\n|rule|Sleep Clause Mod: Limit one foe put to sleep\n|rule|Mega Rayquaza Clause: You cannot mega evolve Rayquaza\n|clearpoke\n|poke|p1|Kleavor, F|\n|poke|p1|Bisharp, M|\n|poke|p1|Thundurus-Therian, M|\n|poke|p1|Dondozo, F|\n|poke|p1|Ting-Lu|\n|poke|p1|Brute Bonnet|\n|poke|p2|Ferrothorn, M|\n|poke|p2|Magneton|\n|poke|p2|Regirock|\n|poke|p2|Keldeo-Resolute|\n|poke|p2|Dachsbun, M|\n|poke|p2|Landorus-Therian, M|\n|teampreview\n|c|\u2606Morb of Ius|hold on\n|c|\u2606Morb of Ius|need to send link to yeetus\n|j| balltoucher30\n|c|\u2606Morb of Ius|ok\n|\n|t:|1699054551\n|start\n|switch|p1a: Axe Body Spray|Kleavor, F, shiny|100\/100\n|switch|p2a: lol horny|Ferrothorn, M|100\/100\n|turn|1\n|\n|t:|1699054567\n|move|p1a: Axe Body Spray|Stone Axe|p2a: lol horny\n|-resisted|p2a: lol horny\n|-crit|p2a: lol horny\n|-damage|p2a: lol horny|77\/100\n|-damage|p1a: Axe Body Spray|88\/100|[from] ability: Iron Barbs|[of] p2a: lol horny\n|-sidestart|p2: thisispika|move: Stealth Rock\n|move|p2a: lol horny|Leech Seed|p1a: Axe Body Spray\n|-start|p1a: Axe Body Spray|move: Leech Seed\n|\n|-heal|p2a: lol horny|83\/100|[from] item: Leftovers\n|-damage|p1a: Axe Body Spray|76\/100|[from] Leech Seed|[of] p2a: lol horny\n|-heal|p2a: lol horny|93\/100|[silent]\n|upkeep\n|turn|2\n|\n|t:|1699054576\n|move|p1a: Axe Body Spray|U-turn|p2a: lol horny\n|-damage|p2a: lol horny|73\/100\n|-damage|p1a: Axe Body Spray|63\/100|[from] ability: Iron Barbs|[of] p2a: lol horny\n|\n|t:|1699054581\n|switch|p1a: Mint Ice CreamPeak|Brute Bonnet, shiny|100\/100|[from] U-turn\n|move|p2a: lol horny|Stealth Rock|p1a: Mint Ice CreamPeak\n|-sidestart|p1: Morb of Ius|move: Stealth Rock\n|\n|-heal|p2a: lol horny|79\/100|[from] item: Leftovers\n|upkeep\n|turn|3\n|c|\u2606thisispika|SO TRUEEE\n|c|\u2606Morb of Ius|glad you understand\n|c|\u2606Morb of Ius|unlike\n|c| balltoucher30|so fake\n|c|\u2606Morb of Ius|a certain enby\n|c| balltoucher30|not true\n|c| balltoucher30|mid\n|c|\u2606Morb of Ius|kill self\n|c| balltoucher30|mid ice cream\n|c|\u2606Morb of Ius|in clash royale\n|\n|t:|1699054629\n|switch|p2a: fucker|Landorus-Therian, M|100\/100\n|-damage|p2a: fucker|88\/100|[from] Stealth Rock\n|-ability|p2a: fucker|Intimidate|boost\n|-unboost|p1a: Mint Ice CreamPeak|atk|1\n|move|p1a: Mint Ice CreamPeak|Close Combat|p2a: fucker\n|-resisted|p2a: fucker\n|-damage|p2a: fucker|70\/100\n|-unboost|p1a: Mint Ice CreamPeak|def|1\n|-unboost|p1a: Mint Ice CreamPeak|spd|1\n|\n|upkeep\n|turn|4\n|\n|t:|1699054643\n|move|p2a: fucker|U-turn|p1a: Mint Ice CreamPeak\n|-supereffective|p1a: Mint Ice CreamPeak\n|-damage|p1a: Mint Ice CreamPeak|0 fnt\n|faint|p1a: Mint Ice CreamPeak\n|-end|p1a: Mint Ice CreamPeak|Protosynthesis|[silent]\n|\n|t:|1699054652\n|switch|p2a: Brony|Keldeo-Resolute|100\/100|[from] U-turn\n|-damage|p2a: Brony|94\/100|[from] Stealth Rock\n|\n|upkeep\n|\n|t:|1699054665\n|switch|p1a: Sniped #2|Thundurus-Therian, M, shiny|100\/100\n|turn|5\n|c| balltoucher30|mid ice cream is gone\n|\n|t:|1699054672\n|move|p2a: Brony|Icy Wind|p1a: Sniped #2\n|-supereffective|p1a: Sniped #2\n|-damage|p1a: Sniped #2|22\/100\n|-unboost|p1a: Sniped #2|spe|1\n|move|p1a: Sniped #2|Discharge|p2a: Brony\n|-supereffective|p2a: Brony\n|-crit|p2a: Brony\n|-damage|p2a: Brony|0 fnt\n|faint|p2a: Brony\n|\n|upkeep\n|\n|t:|1699054675\n|switch|p2a: PISSROCK|Regirock|100\/100\n|-damage|p2a: PISSROCK|88\/100|[from] Stealth Rock\n|turn|6\n|\n|t:|1699054694\n|-terastallize|p2a: PISSROCK|Electric\n|move|p1a: Sniped #2|Grass Knot|p2a: PISSROCK\n|-damage|p2a: PISSROCK|47\/100\n|move|p2a: PISSROCK|Curse|p2a: PISSROCK\n|-unboost|p2a: PISSROCK|spe|1\n|-boost|p2a: PISSROCK|atk|1\n|-boost|p2a: PISSROCK|def|1\n|\n|-heal|p2a: PISSROCK|53\/100|[from] item: Leftovers\n|upkeep\n|turn|7\n|l| balltoucher30\n|j| balltoucher30\n|\n|t:|1699054708\n|move|p1a: Sniped #2|Grass Knot|p2a: PISSROCK\n|-damage|p2a: PISSROCK|13\/100\n|move|p2a: PISSROCK|Stone Edge|p1a: Sniped #2\n|-supereffective|p1a: Sniped #2\n|-damage|p1a: Sniped #2|0 fnt\n|faint|p1a: Sniped #2\n|\n|-heal|p2a: PISSROCK|19\/100|[from] item: Leftovers\n|upkeep\n|\n|t:|1699054717\n|switch|p1a: Lordvessel|Ting-Lu|100\/100\n|-damage|p1a: Lordvessel|94\/100|[from] Stealth Rock\n|-ability|p1a: Lordvessel|Vessel of Ruin\n|turn|8\n|\n|t:|1699054727\n|move|p1a: Lordvessel|Earthquake|p2a: PISSROCK\n|-supereffective|p2a: PISSROCK\n|-damage|p2a: PISSROCK|0 fnt\n|faint|p2a: PISSROCK\n|\n|-heal|p1a: Lordvessel|100\/100|[from] item: Leftovers\n|upkeep\n|\n|t:|1699054737\n|switch|p2a: lol horny|Ferrothorn, M|79\/100\n|-damage|p2a: lol horny|73\/100|[from] Stealth Rock\n|turn|9\n|\n|t:|1699054745\n|-terastallize|p1a: Lordvessel|Ghost\n|move|p1a: Lordvessel|Tera Blast|p2a: lol horny|[anim] Tera Blast Ghost\n|-damage|p2a: lol horny|56\/100\n|move|p2a: lol horny|Power Whip|p1a: Lordvessel\n|-damage|p1a: Lordvessel|79\/100\n|\n|-heal|p1a: Lordvessel|85\/100|[from] item: Leftovers\n|-heal|p2a: lol horny|62\/100|[from] item: Leftovers\n|upkeep\n|turn|10\n|\n|t:|1699054756\n|move|p1a: Lordvessel|Earthquake|p2a: lol horny\n|-damage|p2a: lol horny|41\/100\n|move|p2a: lol horny|Leech Seed|p1a: Lordvessel\n|-start|p1a: Lordvessel|move: Leech Seed\n|\n|-heal|p1a: Lordvessel|91\/100|[from] item: Leftovers\n|-heal|p2a: lol horny|47\/100|[from] item: Leftovers\n|-damage|p1a: Lordvessel|79\/100|[from] Leech Seed|[of] p2a: lol horny\n|-heal|p2a: lol horny|65\/100|[silent]\n|upkeep\n|turn|11\n|\n|t:|1699054765\n|move|p1a: Lordvessel|Earthquake|p2a: lol horny\n|-damage|p2a: lol horny|42\/100\n|move|p2a: lol horny|Spikes|p1a: Lordvessel\n|-sidestart|p1: Morb of Ius|Spikes\n|\n|-heal|p1a: Lordvessel|85\/100|[from] item: Leftovers\n|-heal|p2a: lol horny|48\/100|[from] item: Leftovers\n|-damage|p1a: Lordvessel|73\/100|[from] Leech Seed|[of] p2a: lol horny\n|-heal|p2a: lol horny|66\/100|[silent]\n|upkeep\n|turn|12\n|\n|t:|1699054774\n|move|p1a: Lordvessel|Earthquake|p2a: lol horny\n|-damage|p2a: lol horny|45\/100\n|move|p2a: lol horny|Spikes|p1a: Lordvessel\n|-sidestart|p1: Morb of Ius|Spikes\n|\n|-heal|p1a: Lordvessel|79\/100|[from] item: Leftovers\n|-heal|p2a: lol horny|51\/100|[from] item: Leftovers\n|-damage|p1a: Lordvessel|66\/100|[from] Leech Seed|[of] p2a: lol horny\n|-heal|p2a: lol horny|69\/100|[silent]\n|upkeep\n|turn|13\n|\n|t:|1699054783\n|move|p2a: lol horny|Spikes|p1a: Lordvessel\n|-sidestart|p1: Morb of Ius|Spikes\n|move|p1a: Lordvessel|Whirlwind|p2a: lol horny\n|drag|p2a: fucker|Landorus-Therian, M|70\/100\n|-damage|p2a: fucker|58\/100|[from] Stealth Rock\n|-ability|p2a: fucker|Intimidate|boost\n|-unboost|p1a: Lordvessel|atk|1\n|\n|-heal|p1a: Lordvessel|73\/100|[from] item: Leftovers\n|-damage|p1a: Lordvessel|60\/100|[from] Leech Seed|[of] p2a: fucker\n|-heal|p2a: fucker|78\/100|[silent]\n|upkeep\n|turn|14\n|c| balltoucher30|whoever wins this has to rematch sentret btw\n|\n|t:|1699054794\n|move|p2a: fucker|Outrage|p1a: Lordvessel\n|-damage|p1a: Lordvessel|21\/100\n|move|p1a: Lordvessel|Tera Blast|p2a: fucker|[anim] Tera Blast Ghost\n|-damage|p2a: fucker|56\/100\n|\n|-heal|p1a: Lordvessel|27\/100|[from] item: Leftovers\n|-damage|p1a: Lordvessel|15\/100|[from] Leech Seed|[of] p2a: fucker\n|-heal|p2a: fucker|76\/100|[silent]\n|upkeep\n|turn|15\n|\n|t:|1699054805\n|move|p2a: fucker|Outrage|p1a: Lordvessel|[from]lockedmove\n|-damage|p1a: Lordvessel|0 fnt\n|faint|p1a: Lordvessel\n|\n|upkeep\n|\n|t:|1699054812\n|switch|p1a: Edgelord|Bisharp, M, shiny|100\/100\n|-damage|p1a: Edgelord|95\/100|[from] Stealth Rock\n|-damage|p1a: Edgelord|70\/100|[from] Spikes\n|turn|16\n|c|\u2606thisispika|oh fuck\n|\n|t:|1699054826\n|move|p1a: Edgelord|Sucker Punch|p2a: fucker\n|-damage|p2a: fucker|35\/100\n|move|p2a: fucker|Outrage|p1a: Edgelord|[from]lockedmove\n|-resisted|p1a: Edgelord\n|-damage|p1a: Edgelord|41\/100\n|-start|p2a: fucker|confusion|[fatigue]\n|\n|upkeep\n|turn|17\n|c|\u2606thisispika|well either way the both of us are cooked\n|\n|t:|1699054837\n|switch|p2a: got that DOG in me|Dachsbun, M|100\/100\n|-damage|p2a: got that DOG in me|88\/100|[from] Stealth Rock\n|move|p1a: Edgelord|Iron Head|p2a: got that DOG in me\n|-supereffective|p2a: got that DOG in me\n|-damage|p2a: got that DOG in me|29\/100\n|\n|-heal|p2a: got that DOG in me|35\/100|[from] item: Leftovers\n|upkeep\n|turn|18\n|\n|t:|1699054847\n|move|p1a: Edgelord|Iron Head|p2a: got that DOG in me\n|-supereffective|p2a: got that DOG in me\n|-damage|p2a: got that DOG in me|0 fnt\n|faint|p2a: got that DOG in me\n|\n|upkeep\n|c|\u2606Morb of Ius|true\n|\n|t:|1699054854\n|switch|p2a: BALLS|Magneton|100\/100\n|-damage|p2a: BALLS|95\/100|[from] Stealth Rock\n|turn|19\n|c|\u2606Morb of Ius|we both would fold\n|c| balltoucher30|wtf was that\n|c| balltoucher30|crazy predict\n|\n|t:|1699054868\n|move|p1a: Edgelord|Sucker Punch|p2a: BALLS\n|-damage|p2a: BALLS|64\/100\n|move|p2a: BALLS|Hidden Power|p1a: Edgelord\n|-supereffective|p1a: Edgelord\n|-damage|p1a: Edgelord|0 fnt\n|faint|p1a: Edgelord\n|\n|upkeep\n|c|\u2606Morb of Ius|what predict\n|c|\u2606thisispika|absolutely nuts\n|\n|t:|1699054889\n|switch|p1a: Axe Body Spray|Kleavor, F, shiny|63\/100\n|-damage|p1a: Axe Body Spray|38\/100|[from] Stealth Rock\n|-damage|p1a: Axe Body Spray|13\/100|[from] Spikes\n|turn|20\n|\n|t:|1699054896\n|move|p1a: Axe Body Spray|Close Combat|p2a: BALLS\n|-supereffective|p2a: BALLS\n|-damage|p2a: BALLS|0 fnt\n|-unboost|p1a: Axe Body Spray|def|1\n|-unboost|p1a: Axe Body Spray|spd|1\n|faint|p2a: BALLS\n|\n|upkeep\n|\n|t:|1699054901\n|switch|p2a: fucker|Landorus-Therian, M|35\/100\n|-damage|p2a: fucker|22\/100|[from] Stealth Rock\n|-ability|p2a: fucker|Intimidate|boost\n|-unboost|p1a: Axe Body Spray|atk|1\n|turn|21\n|\n|t:|1699054906\n|move|p2a: fucker|U-turn|p1a: Axe Body Spray\n|-damage|p1a: Axe Body Spray|0 fnt\n|faint|p1a: Axe Body Spray\n|\n|t:|1699054908\n|switch|p2a: lol horny|Ferrothorn, M|69\/100|[from] U-turn\n|-damage|p2a: lol horny|63\/100|[from] Stealth Rock\n|\n|-heal|p2a: lol horny|69\/100|[from] item: Leftovers\n|upkeep\n|\n|t:|1699054914\n|switch|p1a: heeheeheehaw|Dondozo, F|100\/100\n|-damage|p1a: heeheeheehaw|88\/100|[from] Stealth Rock\n|-damage|p1a: heeheeheehaw|63\/100|[from] Spikes\n|turn|22\n|\n|t:|1699054923\n|move|p1a: heeheeheehaw|Rest|p1a: heeheeheehaw\n|-status|p1a: heeheeheehaw|slp|[from] move: Rest\n|-heal|p1a: heeheeheehaw|100\/100 slp|[silent]\n|move|p2a: lol horny|Leech Seed|p1a: heeheeheehaw\n|-start|p1a: heeheeheehaw|move: Leech Seed\n|\n|-heal|p2a: lol horny|75\/100|[from] item: Leftovers\n|-damage|p1a: heeheeheehaw|88\/100 slp|[from] Leech Seed|[of] p2a: lol horny\n|-heal|p2a: lol horny|93\/100|[silent]\n|upkeep\n|turn|23\n|\n|t:|1699054932\n|cant|p1a: heeheeheehaw|slp\n|move|p1a: heeheeheehaw|Sleep Talk|p1a: heeheeheehaw\n|move|p1a: heeheeheehaw|Curse|p1a: heeheeheehaw|[from]move: Sleep Talk\n|-unboost|p1a: heeheeheehaw|spe|1\n|-boost|p1a: heeheeheehaw|atk|1\n|-boost|p1a: heeheeheehaw|def|1\n|move|p2a: lol horny|Power Whip|p1a: heeheeheehaw\n|-supereffective|p1a: heeheeheehaw\n|-damage|p1a: heeheeheehaw|57\/100 slp\n|-damage|p2a: lol horny|77\/100|[from] item: Rocky Helmet|[of] p1a: heeheeheehaw\n|\n|-heal|p2a: lol horny|83\/100|[from] item: Leftovers\n|-damage|p1a: heeheeheehaw|45\/100 slp|[from] Leech Seed|[of] p2a: lol horny\n|-heal|p2a: lol horny|100\/100|[silent]\n|upkeep\n|turn|24\n|\n|t:|1699054945\n|move|p2a: lol horny|Power Whip|p1a: heeheeheehaw\n|-supereffective|p1a: heeheeheehaw\n|-damage|p1a: heeheeheehaw|12\/100 slp\n|-damage|p2a: lol horny|84\/100|[from] item: Rocky Helmet|[of] p1a: heeheeheehaw\n|cant|p1a: heeheeheehaw|slp\n|move|p1a: heeheeheehaw|Sleep Talk|p1a: heeheeheehaw\n|move|p1a: heeheeheehaw|Rest||[from]move: Sleep Talk|[still]\n|-fail|p1a: heeheeheehaw\n|\n|-heal|p2a: lol horny|90\/100|[from] item: Leftovers\n|-damage|p1a: heeheeheehaw|0 fnt|[from] Leech Seed|[of] p2a: lol horny\n|-heal|p2a: lol horny|100\/100|[silent]\n|faint|p1a: heeheeheehaw\n|\n|win|thisispika\n|upkeep\n|c|\u2606thisispika|ggs\n|c|\u2606Morb of Ius|damn\n|l|\u2606thisispika\n|l|\u2606Morb of Ius\n|c| balltoucher30|round 2\n","uploadtime":1699054969,"views":10,"p1id":"morbofius","p2id":"thisispika","formatid":"gen9nationaldexubers","rating":0,"private":0,"password":""}