{"id":"gen9nationaldexubers-1982190688","p1":"BoyzArbokInTown03","p2":"Waikiki Woopers","format":"[Gen 9] National Dex Ubers","log":"|j|\u2606BoyzArbokInTown03\n|j|\u2606Waikiki Woopers\n|t:|1698977376\n|gametype|singles\n|player|p1|BoyzArbokInTown03|265|\n|player|p2|Waikiki Woopers|swimmer|\n|teamsize|p1|6\n|teamsize|p2|6\n|gen|9\n|tier|[Gen 9] National Dex Ubers\n|rule|HP Percentage Mod: HP is shown in percentages\n|rule|Endless Battle Clause: Forcing endless battles is banned\n|rule|OHKO Clause: OHKO moves are banned\n|rule|Evasion Moves Clause: Evasion moves are banned\n|rule|Evasion Items Clause: Evasion items are banned\n|rule|Species Clause: Limit one of each Pok\u00e9mon\n|rule|Sleep Clause Mod: Limit one foe put to sleep\n|rule|Mega Rayquaza Clause: You cannot mega evolve Rayquaza\n|clearpoke\n|poke|p1|Zygarde|\n|poke|p1|Samurott-Hisui, M|\n|poke|p1|Volcarona, F|\n|poke|p1|Venusaur, M|\n|poke|p1|Zoroark-Hisui, M|\n|poke|p1|Blissey, F|\n|poke|p2|Necrozma-Dusk-Mane|\n|poke|p2|Iron Valiant|\n|poke|p2|Tapu Koko|\n|poke|p2|Gyarados, M|\n|poke|p2|Iron Treads|\n|poke|p2|Nihilego|\n|teampreview\n|c|\u2606Waikiki Woopers|sorry, I was grabbing replays\n|c|\u2606Waikiki Woopers|g2, glhf!\n|\n|t:|1698977402\n|start\n|switch|p1a: Volcarona|Volcarona, F|100\/100\n|switch|p2a: Tapu Koko|Tapu Koko|100\/100\n|-fieldstart|move: Electric Terrain|[from] ability: Electric Surge|[of] p2a: Tapu Koko\n|turn|1\n|\n|t:|1698977414\n|move|p2a: Tapu Koko|Taunt|p1a: Volcarona\n|-start|p1a: Volcarona|move: Taunt\n|cant|p1a: Volcarona|move: Taunt|Tailwind\n|\n|upkeep\n|turn|2\n|\n|t:|1698977435\n|move|p2a: Tapu Koko|Volt Switch|p1a: Volcarona\n|-damage|p1a: Volcarona|74\/100\n|\n|t:|1698977438\n|switch|p2a: Nihilego|Nihilego|100\/100|[from] Volt Switch\n|move|p1a: Volcarona|U-turn|p2a: Nihilego\n|-resisted|p2a: Nihilego\n|-damage|p2a: Nihilego|89\/100\n|j| PokeHaint\n|c|\u2606Waikiki Woopers|wild hahaha\n|\n|t:|1698977459\n|switch|p1a: Zygarde|Zygarde|100\/100|[from] U-turn\n|\n|upkeep\n|turn|3\n|\n|t:|1698977486\n|move|p1a: Zygarde|Hyper Voice|p2a: Nihilego\n|-resisted|p2a: Nihilego\n|-damage|p2a: Nihilego|77\/100\n|move|p2a: Nihilego|Knock Off|p1a: Zygarde\n|-supereffective|p1a: Zygarde\n|-damage|p1a: Zygarde|64\/100\n|replace|p1a: Zoroark|Zoroark-Hisui, M\n|-end|p1a: Zoroark|Illusion\n|\n|upkeep\n|turn|4\n|c|\u2606Waikiki Woopers|hey wait a miniute\n|c|\u2606Waikiki Woopers|that's a weird looking Zygarde!\n|c|\u2606BoyzArbokInTown03|Hey\n|c|\u2606BoyzArbokInTown03|You're supposed to switch\n|c|\u2606Waikiki Woopers|xD\n|c|\u2606Waikiki Woopers|I never switch\n|\n|t:|1698977526\n|switch|p1a: Zygarde|Zygarde|100\/100\n|move|p2a: Nihilego|Power Gem|p1a: Zygarde\n|-resisted|p1a: Zygarde\n|-damage|p1a: Zygarde|84\/100\n|\n|upkeep\n|turn|5\n|\n|t:|1698977532\n|move|p2a: Nihilego|Knock Off|p1a: Zygarde\n|-damage|p1a: Zygarde|76\/100\n|-enditem|p1a: Zygarde|Sitrus Berry|[from] move: Knock Off|[of] p2a: Nihilego\n|move|p1a: Zygarde|Thousand Arrows|p2a: Nihilego\n|-supereffective|p2a: Nihilego\n|-damage|p2a: Nihilego|0 fnt\n|faint|p2a: Nihilego\n|\n|-fieldend|move: Electric Terrain\n|upkeep\n|c|\u2606BoyzArbokInTown03|Lolol\n|\n|t:|1698977551\n|switch|p2a: Tapu Koko|Tapu Koko|100\/100\n|-fieldstart|move: Electric Terrain|[from] ability: Electric Surge|[of] p2a: Tapu Koko\n|turn|6\n|\n|t:|1698977576\n|switch|p2a: Gyarados|Gyarados, M|100\/100\n|-ability|p2a: Gyarados|Intimidate|boost\n|-unboost|p1a: Zygarde|atk|1\n|switch|p1a: Venusaur|Venusaur, M|100\/100\n|\n|upkeep\n|turn|7\n|\n|t:|1698977601\n|detailschange|p1a: Venusaur|Venusaur-Mega, M\n|-mega|p1a: Venusaur|Venusaur|Venusaurite\n|move|p2a: Gyarados|Taunt|p1a: Venusaur\n|-start|p1a: Venusaur|move: Taunt\n|cant|p1a: Venusaur|move: Taunt|Grassy Terrain\n|\n|upkeep\n|turn|8\n|\n|t:|1698977616\n|switch|p2a: Iron Valiant|Iron Valiant|100\/100\n|-activate|p2a: Iron Valiant|ability: Quark Drive\n|-start|p2a: Iron Valiant|quarkdrivespe\n|switch|p1a: Blissey|Blissey, F|100\/100\n|\n|upkeep\n|turn|9\n|\n|t:|1698977644\n|move|p2a: Iron Valiant|Moonblast|p1a: Blissey\n|-damage|p1a: Blissey|80\/100\n|move|p1a: Blissey|Thunder Wave|p2a: Iron Valiant\n|-status|p2a: Iron Valiant|par\n|\n|-heal|p1a: Blissey|86\/100|[from] item: Leftovers\n|upkeep\n|turn|10\n|c|\u2606Waikiki Woopers|:O\n|j| lelza\n|c|\u2606Waikiki Woopers|I was SOOO close to clicking CC\n|c| PokeHaint|RAW\n|c|\u2606Waikiki Woopers|that's wild\n|\n|t:|1698977664\n|-end|p2a: Iron Valiant|Quark Drive|[silent]\n|switch|p2a: Tapu Koko|Tapu Koko|100\/100\n|move|p1a: Blissey|Wish|p1a: Blissey\n|\n|-heal|p1a: Blissey|92\/100|[from] item: Leftovers\n|-fieldend|move: Electric Terrain\n|upkeep\n|turn|11\n|\n|t:|1698977678\n|switch|p1a: Zygarde|Zygarde|76\/100\n|move|p2a: Tapu Koko|Taunt|p1a: Zygarde\n|-start|p1a: Zygarde|move: Taunt\n|\n|-heal|p1a: Zygarde|100\/100|[from] move: Wish|[wisher] Blissey\n|upkeep\n|turn|12\n|\n|t:|1698977683\n|-zpower|p2a: Tapu Koko\n|move|p2a: Tapu Koko|Twinkle Tackle|p1a: Zygarde|[zeffect]\n|-supereffective|p1a: Zygarde\n|-damage|p1a: Zygarde|0 fnt\n|faint|p1a: Zygarde\n|\n|upkeep\n|c|\u2606BoyzArbokInTown03|:0\n|c|\u2606Waikiki Woopers|:P\n|c|\u2606BoyzArbokInTown03|Oops\n|\n|t:|1698977712\n|switch|p1a: Volcarona|Volcarona, F|74\/100\n|turn|13\n|\n|t:|1698977720\n|move|p2a: Tapu Koko|Taunt|p1a: Volcarona\n|-start|p1a: Volcarona|move: Taunt\n|move|p1a: Volcarona|U-turn|p2a: Tapu Koko\n|-resisted|p2a: Tapu Koko\n|-damage|p2a: Tapu Koko|90\/100\n|\n|t:|1698977727\n|switch|p1a: Venusaur|Venusaur-Mega, M|100\/100|[from] U-turn\n|\n|upkeep\n|turn|14\n|\n|t:|1698977737\n|switch|p2a: Iron Valiant|Iron Valiant|100\/100 par\n|move|p1a: Venusaur|Bulldoze|p2a: Iron Valiant\n|-damage|p2a: Iron Valiant|84\/100 par\n|-unboost|p2a: Iron Valiant|spe|1\n|\n|upkeep\n|turn|15\n|\n|t:|1698977768\n|switch|p1a: Blissey|Blissey, F|92\/100\n|cant|p2a: Iron Valiant|par\n|\n|-heal|p1a: Blissey|98\/100|[from] item: Leftovers\n|upkeep\n|turn|16\n|\n|t:|1698977773\n|move|p1a: Blissey|Wish|p1a: Blissey\n|move|p2a: Iron Valiant|Close Combat|p1a: Blissey\n|-supereffective|p1a: Blissey\n|-damage|p1a: Blissey|0 fnt\n|-unboost|p2a: Iron Valiant|def|1\n|-unboost|p2a: Iron Valiant|spd|1\n|faint|p1a: Blissey\n|\n|upkeep\n|\n|t:|1698977786\n|switch|p1a: Volcarona|Volcarona, F|64\/100\n|turn|17\n|\n|t:|1698977811\n|-end|p2a: Iron Valiant|Quark Drive|[silent]\n|switch|p2a: Gyarados|Gyarados, M|100\/100\n|-ability|p2a: Gyarados|Intimidate|boost\n|-unboost|p1a: Volcarona|atk|1\n|move|p1a: Volcarona|Bitter Malice|p2a: Gyarados\n|-damage|p2a: Gyarados|76\/100\n|-unboost|p2a: Gyarados|atk|1\n|\n|-heal|p1a: Volcarona|100\/100|[from] move: Wish|[wisher] Blissey\n|-heal|p2a: Gyarados|82\/100|[from] item: Leftovers\n|upkeep\n|turn|18\n|\n|t:|1698977833\n|move|p1a: Volcarona|Will-O-Wisp|p2a: Gyarados\n|-status|p2a: Gyarados|brn\n|move|p2a: Gyarados|Waterfall|p1a: Volcarona\n|-damage|p1a: Volcarona|79\/100\n|replace|p1a: Zoroark|Zoroark-Hisui, M\n|-end|p1a: Zoroark|Illusion\n|\n|-heal|p2a: Gyarados|88\/100 brn|[from] item: Leftovers\n|-damage|p2a: Gyarados|82\/100 brn|[from] brn\n|upkeep\n|turn|19\n|c|\u2606Waikiki Woopers|SO MUCH STATUS\n|\n|t:|1698977853\n|switch|p2a: Tapu Koko|Tapu Koko|90\/100\n|-fieldstart|move: Electric Terrain|[from] ability: Electric Surge|[of] p2a: Tapu Koko\n|move|p1a: Zoroark|Bitter Malice|p2a: Tapu Koko\n|-damage|p2a: Tapu Koko|39\/100\n|-unboost|p2a: Tapu Koko|atk|1\n|\n|upkeep\n|turn|20\n|\n|t:|1698977863\n|move|p2a: Tapu Koko|Volt Switch|p1a: Zoroark\n|-damage|p1a: Zoroark|1\/100\n|\n|t:|1698977866\n|switch|p2a: Gyarados|Gyarados, M|82\/100 brn|[from] Volt Switch\n|-ability|p2a: Gyarados|Intimidate|boost\n|-unboost|p1a: Zoroark|atk|1\n|move|p1a: Zoroark|Bitter Malice|p2a: Gyarados\n|-damage|p2a: Gyarados|57\/100 brn\n|-unboost|p2a: Gyarados|atk|1\n|\n|-heal|p2a: Gyarados|63\/100 brn|[from] item: Leftovers\n|-damage|p2a: Gyarados|57\/100 brn|[from] brn\n|upkeep\n|turn|21\n|\n|t:|1698977872\n|-zpower|p1a: Zoroark\n|move|p1a: Zoroark|Breakneck Blitz|p2a: Gyarados|[zeffect]\n|-damage|p2a: Gyarados|4\/100 brn\n|move|p2a: Gyarados|Waterfall|p1a: Zoroark\n|-damage|p1a: Zoroark|0 fnt\n|faint|p1a: Zoroark\n|\n|-heal|p2a: Gyarados|10\/100 brn|[from] item: Leftovers\n|-damage|p2a: Gyarados|4\/100 brn|[from] brn\n|upkeep\n|c|\u2606Waikiki Woopers|:O\n|c|\u2606BoyzArbokInTown03|Really thought that would kill\n|\n|t:|1698977886\n|switch|p1a: Samurott|Samurott-Hisui, M|100\/100\n|turn|22\n|\n|t:|1698977898\n|move|p1a: Samurott|Ceaseless Edge|p2a: Gyarados|[miss]\n|-miss|p1a: Samurott|p2a: Gyarados\n|move|p2a: Gyarados|Facade|p1a: Samurott\n|-damage|p1a: Samurott|67\/100\n|\n|-heal|p2a: Gyarados|10\/100 brn|[from] item: Leftovers\n|-damage|p2a: Gyarados|4\/100 brn|[from] brn\n|upkeep\n|turn|23\n|c|\u2606Waikiki Woopers|aaaah rip\n|c|\u2606Waikiki Woopers|that sucks bro\n|c|\u2606BoyzArbokInTown03|All g\n|\n|t:|1698977912\n|switch|p2a: Iron Valiant|Iron Valiant|84\/100 par\n|-activate|p2a: Iron Valiant|ability: Quark Drive\n|-start|p2a: Iron Valiant|quarkdrivespe\n|move|p1a: Samurott|Ceaseless Edge|p2a: Iron Valiant\n|-resisted|p2a: Iron Valiant\n|-damage|p2a: Iron Valiant|70\/100 par\n|-sidestart|p2: Waikiki Woopers|Spikes\n|\n|-fieldend|move: Electric Terrain\n|-end|p2a: Iron Valiant|Quark Drive\n|upkeep\n|turn|24\n|\n|t:|1698977924\n|switch|p1a: Volcarona|Volcarona, F|74\/100\n|-end|p2a: Iron Valiant|Quark Drive|[silent]\n|switch|p2a: Gyarados|Gyarados, M|4\/100 brn\n|-ability|p2a: Gyarados|Intimidate|boost\n|-unboost|p1a: Volcarona|atk|1\n|\n|-heal|p2a: Gyarados|10\/100 brn|[from] item: Leftovers\n|-damage|p2a: Gyarados|4\/100 brn|[from] brn\n|upkeep\n|turn|25\n|\n|t:|1698977940\n|move|p1a: Volcarona|U-turn|p2a: Gyarados\n|-resisted|p2a: Gyarados\n|-damage|p2a: Gyarados|0 fnt\n|faint|p2a: Gyarados\n|\n|t:|1698977947\n|switch|p1a: Venusaur|Venusaur-Mega, M|100\/100|[from] U-turn\n|\n|upkeep\n|\n|t:|1698977959\n|switch|p2a: Necrozma|Necrozma-Dusk-Mane|100\/100\n|-damage|p2a: Necrozma|88\/100|[from] Spikes\n|turn|26\n|\n|t:|1698977979\n|switch|p2a: Tapu Koko|Tapu Koko|39\/100\n|-damage|p2a: Tapu Koko|27\/100|[from] Spikes\n|-fieldstart|move: Electric Terrain|[from] ability: Electric Surge|[of] p2a: Tapu Koko\n|move|p1a: Venusaur|Sleep Powder|p2a: Tapu Koko|[miss]\n|-miss|p1a: Venusaur|p2a: Tapu Koko\n|\n|upkeep\n|turn|27\n|\n|t:|1698977983\n|move|p2a: Tapu Koko|Roost|p2a: Tapu Koko\n|-heal|p2a: Tapu Koko|77\/100\n|-singleturn|p2a: Tapu Koko|move: Roost\n|move|p1a: Venusaur|Grassy Terrain|p1a: Venusaur\n|-fieldstart|move: Grassy Terrain\n|\n|-heal|p2a: Tapu Koko|83\/100|[from] Grassy Terrain\n|upkeep\n|turn|28\n|\n|t:|1698977994\n|move|p2a: Tapu Koko|Taunt|p1a: Venusaur\n|-start|p1a: Venusaur|move: Taunt\n|move|p1a: Venusaur|Bulldoze|p2a: Tapu Koko\n|-supereffective|p2a: Tapu Koko\n|-damage|p2a: Tapu Koko|64\/100\n|-unboost|p2a: Tapu Koko|spe|1\n|\n|-heal|p2a: Tapu Koko|70\/100|[from] Grassy Terrain\n|upkeep\n|turn|29\n|\n|t:|1698978002\n|move|p2a: Tapu Koko|Roost|p2a: Tapu Koko\n|-heal|p2a: Tapu Koko|100\/100\n|-singleturn|p2a: Tapu Koko|move: Roost\n|move|p1a: Venusaur|Bulldoze|p2a: Tapu Koko\n|-supereffective|p2a: Tapu Koko\n|-damage|p2a: Tapu Koko|83\/100\n|-unboost|p2a: Tapu Koko|spe|1\n|\n|-heal|p2a: Tapu Koko|89\/100|[from] Grassy Terrain\n|upkeep\n|turn|30\n|\n|t:|1698978013\n|move|p2a: Tapu Koko|Volt Switch|p1a: Venusaur\n|-resisted|p1a: Venusaur\n|-damage|p1a: Venusaur|88\/100\n|\n|t:|1698978019\n|switch|p2a: Necrozma|Necrozma-Dusk-Mane|88\/100|[from] Volt Switch\n|-damage|p2a: Necrozma|76\/100|[from] Spikes\n|move|p1a: Venusaur|Giga Drain|p2a: Necrozma\n|-resisted|p2a: Necrozma\n|-damage|p2a: Necrozma|57\/100\n|-heal|p1a: Venusaur|97\/100|[from] drain|[of] p2a: Necrozma\n|\n|-heal|p2a: Necrozma|63\/100|[from] Grassy Terrain\n|-heal|p1a: Venusaur|100\/100|[from] Grassy Terrain\n|-end|p1a: Venusaur|move: Taunt\n|upkeep\n|turn|31\n|\n|t:|1698978071\n|detailschange|p2a: Necrozma|Necrozma-Ultra\n|-burst|p2a: Necrozma|Necrozma|Ultranecrozium Z\n|move|p2a: Necrozma|Dragon Dance|p2a: Necrozma\n|-boost|p2a: Necrozma|atk|1\n|-boost|p2a: Necrozma|spe|1\n|move|p1a: Venusaur|Sleep Powder|p2a: Necrozma\n|-status|p2a: Necrozma|slp|[from] move: Sleep Powder\n|\n|-heal|p2a: Necrozma|69\/100 slp|[from] Grassy Terrain\n|-fieldend|move: Grassy Terrain\n|upkeep\n|turn|32\n|c|\u2606BoyzArbokInTown03|Forgot this thing can set up\n|\n|t:|1698978105\n|switch|p1a: Samurott|Samurott-Hisui, M|67\/100\n|cant|p2a: Necrozma|slp\n|\n|upkeep\n|turn|33\n|\n|t:|1698978112\n|switch|p2a: Tapu Koko|Tapu Koko|89\/100\n|-damage|p2a: Tapu Koko|77\/100|[from] Spikes\n|-fieldstart|move: Electric Terrain|[from] ability: Electric Surge|[of] p2a: Tapu Koko\n|move|p1a: Samurott|Ceaseless Edge|p2a: Tapu Koko\n|-resisted|p2a: Tapu Koko\n|-damage|p2a: Tapu Koko|47\/100\n|-sidestart|p2: Waikiki Woopers|Spikes\n|\n|upkeep\n|turn|34\n|\n|t:|1698978122\n|-terastallize|p1a: Samurott|Water\n|move|p1a: Samurott|Aqua Jet|p2a: Tapu Koko\n|-crit|p2a: Tapu Koko\n|-damage|p2a: Tapu Koko|2\/100\n|move|p2a: Tapu Koko|Roost|p2a: Tapu Koko\n|-heal|p2a: Tapu Koko|52\/100\n|-singleturn|p2a: Tapu Koko|move: Roost\n|\n|upkeep\n|turn|35\n|c|\u2606Waikiki Woopers|:O\n|c|\u2606BoyzArbokInTown03|Welp\n|c|\u2606Waikiki Woopers|that was WAY too close for comfort\n|c|\u2606BoyzArbokInTown03|That didn't kill\n|\n|t:|1698978140\n|switch|p1a: Venusaur|Venusaur-Mega, M|100\/100\n|move|p2a: Tapu Koko|Volt Switch|p1a: Venusaur\n|-resisted|p1a: Venusaur\n|-damage|p1a: Venusaur|86\/100\n|\n|t:|1698978144\n|switch|p2a: Necrozma|Necrozma-Ultra|69\/100 slp|[from] Volt Switch\n|-damage|p2a: Necrozma|53\/100 slp|[from] Spikes\n|\n|upkeep\n|turn|36\n|\n|t:|1698978149\n|-curestatus|p2a: Necrozma|slp|[msg]\n|move|p2a: Necrozma|Photon Geyser|p1a: Venusaur\n|-supereffective|p1a: Venusaur\n|-damage|p1a: Venusaur|0 fnt\n|faint|p1a: Venusaur\n|\n|upkeep\n|\n|t:|1698978152\n|switch|p1a: Volcarona|Volcarona, F|74\/100\n|turn|37\n|\n|t:|1698978159\n|move|p2a: Necrozma|Stone Edge|p1a: Volcarona|[miss]\n|-miss|p2a: Necrozma|p1a: Volcarona\n|move|p1a: Volcarona|Tailwind|p1a: Volcarona\n|-sidestart|p1: BoyzArbokInTown03|move: Tailwind\n|\n|-fieldend|move: Electric Terrain\n|upkeep\n|turn|38\n|c|\u2606Waikiki Woopers|sadge\n|\n|t:|1698978172\n|switch|p2a: Iron Valiant|Iron Valiant|70\/100 par\n|-damage|p2a: Iron Valiant|54\/100 par|[from] Spikes\n|move|p1a: Volcarona|U-turn|p2a: Iron Valiant\n|-resisted|p2a: Iron Valiant\n|-damage|p2a: Iron Valiant|48\/100 par\n|\n|t:|1698978176\n|switch|p1a: Samurott|Samurott-Hisui, M, tera:Water|67\/100|[from] U-turn\n|\n|upkeep\n|turn|39\n|\n|t:|1698978194\n|move|p1a: Samurott|Aqua Jet|p2a: Iron Valiant\n|-damage|p2a: Iron Valiant|15\/100 par\n|move|p2a: Iron Valiant|Moonblast|p1a: Samurott\n|-damage|p1a: Samurott|0 fnt\n|faint|p1a: Samurott\n|\n|upkeep\n|\n|t:|1698978199\n|switch|p1a: Volcarona|Volcarona, F|74\/100\n|turn|40\n|\n|t:|1698978202\n|move|p1a: Volcarona|Roost|p1a: Volcarona\n|-heal|p1a: Volcarona|100\/100\n|-singleturn|p1a: Volcarona|move: Roost\n|cant|p2a: Iron Valiant|par\n|\n|-sideend|p1: BoyzArbokInTown03|move: Tailwind\n|upkeep\n|turn|41\n|\n|t:|1698978207\n|move|p1a: Volcarona|Tailwind|p1a: Volcarona\n|-sidestart|p1: BoyzArbokInTown03|move: Tailwind\n|move|p2a: Iron Valiant|Moonblast|p1a: Volcarona\n|-resisted|p1a: Volcarona\n|-damage|p1a: Volcarona|78\/100\n|\n|upkeep\n|turn|42\n|\n|t:|1698978212\n|move|p1a: Volcarona|U-turn|p2a: Iron Valiant\n|-resisted|p2a: Iron Valiant\n|-damage|p2a: Iron Valiant|10\/100 par\n|move|p2a: Iron Valiant|Moonblast|p1a: Volcarona\n|-resisted|p1a: Volcarona\n|-damage|p1a: Volcarona|54\/100\n|\n|upkeep\n|turn|43\n|c|\u2606Waikiki Woopers|what's your last move???\n|\n|t:|1698978225\n|move|p1a: Volcarona|U-turn|p2a: Iron Valiant\n|-resisted|p2a: Iron Valiant\n|-damage|p2a: Iron Valiant|4\/100 par\n|cant|p2a: Iron Valiant|par\n|\n|upkeep\n|turn|44\n|c|\u2606BoyzArbokInTown03|I believe!\n|\n|t:|1698978231\n|move|p1a: Volcarona|U-turn|p2a: Iron Valiant\n|-resisted|p2a: Iron Valiant\n|-damage|p2a: Iron Valiant|0 fnt\n|faint|p2a: Iron Valiant\n|-end|p2a: Iron Valiant|Quark Drive|[silent]\n|\n|-sideend|p1: BoyzArbokInTown03|move: Tailwind\n|upkeep\n|\n|t:|1698978235\n|switch|p2a: Tapu Koko|Tapu Koko|52\/100\n|-damage|p2a: Tapu Koko|35\/100|[from] Spikes\n|-fieldstart|move: Electric Terrain|[from] ability: Electric Surge|[of] p2a: Tapu Koko\n|turn|45\n|\n|t:|1698978239\n|move|p2a: Tapu Koko|Volt Switch|p1a: Volcarona\n|-damage|p1a: Volcarona|32\/100\n|\n|t:|1698978242\n|switch|p2a: Iron Treads|Iron Treads|100\/100|[from] Volt Switch\n|-damage|p2a: Iron Treads|84\/100|[from] Spikes\n|-activate|p2a: Iron Treads|ability: Quark Drive\n|-start|p2a: Iron Treads|quarkdrivespe\n|-enditem|p2a: Iron Treads|Electric Seed\n|-boost|p2a: Iron Treads|def|1|[from] item: Electric Seed\n|move|p1a: Volcarona|Tailwind|p1a: Volcarona\n|-sidestart|p1: BoyzArbokInTown03|move: Tailwind\n|\n|upkeep\n|turn|46\n|\n|t:|1698978250\n|move|p2a: Iron Treads|Earthquake|p1a: Volcarona\n|-damage|p1a: Volcarona|0 fnt\n|faint|p1a: Volcarona\n|\n|win|Waikiki Woopers\n|c|\u2606Waikiki Woopers|gg man!\n|c|\u2606BoyzArbokInTown03|Lol GG\n|c|\u2606Waikiki Woopers|those games were intense!\n|c|\u2606BoyzArbokInTown03|Great team dude\n|l|\u2606BoyzArbokInTown03\n|c|\u2606Waikiki Woopers|same to you bro\n|l| lelza\n","uploadtime":1698978265,"views":25,"p1id":"boyzarbokintown03","p2id":"waikikiwoopers","formatid":"gen9nationaldexubers","rating":0,"private":0,"password":""}