{"id":"gen9nationaldexubers-1997903480","p1":"THUNDER-M0DE\u303d\ufe0f","p2":"riverside8","format":"[Gen 9] National Dex Ubers","log":"|j|\u2606THUNDER-M0DE\u303d\ufe0f\n|j|\u2606riverside8\n|t:|1700865638\n|gametype|singles\n|player|p1|THUNDER-M0DE\u303d\ufe0f|elesa-masters|1059\n|player|p2|riverside8|102|1040\n|teamsize|p1|6\n|teamsize|p2|6\n|gen|9\n|tier|[Gen 9] National Dex Ubers\n|rated|\n|rule|HP Percentage Mod: HP is shown in percentages\n|rule|Endless Battle Clause: Forcing endless battles is banned\n|rule|OHKO Clause: OHKO moves are banned\n|rule|Evasion Moves Clause: Evasion moves are banned\n|rule|Evasion Items Clause: Evasion items are banned\n|rule|Species Clause: Limit one of each Pok\u00e9mon\n|rule|Sleep Clause Mod: Limit one foe put to sleep\n|rule|Mega Rayquaza Clause: You cannot mega evolve Rayquaza\n|clearpoke\n|poke|p1|Lanturn, M|\n|poke|p1|Pincurchin, M|\n|poke|p1|Raichu, M|\n|poke|p1|Raikou|\n|poke|p1|Vikavolt, F|\n|poke|p1|Ampharos, F|\n|poke|p2|Incineroar, M|\n|poke|p2|Feraligatr, M|\n|poke|p2|Darkrai|\n|poke|p2|Alakazam, M|\n|poke|p2|Tapu Lele|\n|poke|p2|Annihilape, F|\n|teampreview\n|inactive|Battle timer is ON: inactive players will automatically lose when time's up. (requested by riverside8)\n|\n|t:|1700865704\n|start\n|switch|p1a: \u26a1\ufe0f\u26a1\ufe0fVIKAVOLT\u2757\ufe0f\u26a1\ufe0f\u26a1\ufe0f|Vikavolt, F, shiny|100\/100\n|switch|p2a: Tapu Lele|Tapu Lele|100\/100\n|-fieldstart|move: Psychic Terrain|[from] ability: Psychic Surge|[of] p2a: Tapu Lele\n|turn|1\n|\n|t:|1700865715\n|move|p2a: Tapu Lele|Reflect|p2a: Tapu Lele\n|-sidestart|p2: riverside8|Reflect\n|move|p1a: \u26a1\ufe0f\u26a1\ufe0fVIKAVOLT\u2757\ufe0f\u26a1\ufe0f\u26a1\ufe0f|Sticky Web|p2a: Tapu Lele\n|-sidestart|p2: riverside8|move: Sticky Web\n|\n|upkeep\n|turn|2\n|\n|t:|1700865722\n|move|p2a: Tapu Lele|Light Screen|p2a: Tapu Lele\n|-sidestart|p2: riverside8|move: Light Screen\n|-zpower|p1a: \u26a1\ufe0f\u26a1\ufe0fVIKAVOLT\u2757\ufe0f\u26a1\ufe0f\u26a1\ufe0f\n|move|p1a: \u26a1\ufe0f\u26a1\ufe0fVIKAVOLT\u2757\ufe0f\u26a1\ufe0f\u26a1\ufe0f|Gigavolt Havoc|p2a: Tapu Lele|[zeffect]\n|-damage|p2a: Tapu Lele|50\/100\n|\n|upkeep\n|turn|3\n|\n|t:|1700865730\n|move|p2a: Tapu Lele|Moonblast|p1a: \u26a1\ufe0f\u26a1\ufe0fVIKAVOLT\u2757\ufe0f\u26a1\ufe0f\u26a1\ufe0f\n|-damage|p1a: \u26a1\ufe0f\u26a1\ufe0fVIKAVOLT\u2757\ufe0f\u26a1\ufe0f\u26a1\ufe0f|39\/100\n|-unboost|p1a: \u26a1\ufe0f\u26a1\ufe0fVIKAVOLT\u2757\ufe0f\u26a1\ufe0f\u26a1\ufe0f|spa|1\n|move|p1a: \u26a1\ufe0f\u26a1\ufe0fVIKAVOLT\u2757\ufe0f\u26a1\ufe0f\u26a1\ufe0f|Zap Cannon|p2a: Tapu Lele|[miss]\n|-miss|p1a: \u26a1\ufe0f\u26a1\ufe0fVIKAVOLT\u2757\ufe0f\u26a1\ufe0f\u26a1\ufe0f|p2a: Tapu Lele\n|\n|upkeep\n|turn|4\n|\n|t:|1700865738\n|move|p2a: Tapu Lele|Moonblast|p1a: \u26a1\ufe0f\u26a1\ufe0fVIKAVOLT\u2757\ufe0f\u26a1\ufe0f\u26a1\ufe0f\n|-damage|p1a: \u26a1\ufe0f\u26a1\ufe0fVIKAVOLT\u2757\ufe0f\u26a1\ufe0f\u26a1\ufe0f|0 fnt\n|faint|p1a: \u26a1\ufe0f\u26a1\ufe0fVIKAVOLT\u2757\ufe0f\u26a1\ufe0f\u26a1\ufe0f\n|\n|upkeep\n|\n|t:|1700865747\n|switch|p1a: \u26a1\ufe0f\u26a1\ufe0fPINCURCHIN\u26a1\ufe0f\u26a1\ufe0f|Pincurchin, M, shiny|100\/100\n|-fieldstart|move: Electric Terrain|[from] ability: Electric Surge|[of] p1a: \u26a1\ufe0f\u26a1\ufe0fPINCURCHIN\u26a1\ufe0f\u26a1\ufe0f\n|turn|5\n|\n|t:|1700865754\n|switch|p2a: Annihilape|Annihilape, F|100\/100\n|-activate|p2a: Annihilape|move: Sticky Web\n|-unboost|p2a: Annihilape|spe|1\n|-ability|p2a: Annihilape|Defiant|boost\n|-boost|p2a: Annihilape|atk|2\n|move|p1a: \u26a1\ufe0f\u26a1\ufe0fPINCURCHIN\u26a1\ufe0f\u26a1\ufe0f|Discharge|p2a: Annihilape\n|-damage|p2a: Annihilape|79\/100\n|-enditem|p2a: Annihilape|Eject Button\n|\n|t:|1700865763\n|switch|p2a: Alakazam|Alakazam, M|100\/100\n|-activate|p2a: Alakazam|move: Sticky Web\n|-unboost|p2a: Alakazam|spe|1\n|\n|-sideend|p2: riverside8|Reflect\n|upkeep\n|turn|6\n|\n|t:|1700865770\n|detailschange|p2a: Alakazam|Alakazam-Mega, M\n|-mega|p2a: Alakazam|Alakazam|Alakazite\n|-ability|p2a: Alakazam|Electric Surge|[from] ability: Trace|[of] p1a: \u26a1\ufe0f\u26a1\ufe0fPINCURCHIN\u26a1\ufe0f\u26a1\ufe0f\n|move|p2a: Alakazam|Expanding Force|p1a: \u26a1\ufe0f\u26a1\ufe0fPINCURCHIN\u26a1\ufe0f\u26a1\ufe0f\n|-damage|p1a: \u26a1\ufe0f\u26a1\ufe0fPINCURCHIN\u26a1\ufe0f\u26a1\ufe0f|25\/100\n|move|p1a: \u26a1\ufe0f\u26a1\ufe0fPINCURCHIN\u26a1\ufe0f\u26a1\ufe0f|Discharge|p2a: Alakazam\n|-damage|p2a: Alakazam|69\/100\n|\n|-sideend|p2: riverside8|move: Light Screen\n|upkeep\n|turn|7\n|\n|t:|1700865782\n|move|p2a: Alakazam|Dazzling Gleam|p1a: \u26a1\ufe0f\u26a1\ufe0fPINCURCHIN\u26a1\ufe0f\u26a1\ufe0f\n|-damage|p1a: \u26a1\ufe0f\u26a1\ufe0fPINCURCHIN\u26a1\ufe0f\u26a1\ufe0f|0 fnt\n|faint|p1a: \u26a1\ufe0f\u26a1\ufe0fPINCURCHIN\u26a1\ufe0f\u26a1\ufe0f\n|\n|upkeep\n|\n|t:|1700865790\n|switch|p1a: \u26a1\ufe0f\u26a1\ufe0fRAIKOU\u26a1\ufe0f\u26a1\ufe0f|Raikou, shiny|100\/100\n|turn|8\n|\n|t:|1700865795\n|switch|p2a: Tapu Lele|Tapu Lele|50\/100\n|-activate|p2a: Tapu Lele|move: Sticky Web\n|-unboost|p2a: Tapu Lele|spe|1\n|-fieldstart|move: Psychic Terrain|[from] ability: Psychic Surge|[of] p2a: Tapu Lele\n|-terastallize|p1a: \u26a1\ufe0f\u26a1\ufe0fRAIKOU\u26a1\ufe0f\u26a1\ufe0f|Electric\n|move|p1a: \u26a1\ufe0f\u26a1\ufe0fRAIKOU\u26a1\ufe0f\u26a1\ufe0f|Rising Voltage|p2a: Tapu Lele\n|-crit|p2a: Tapu Lele\n|-damage|p2a: Tapu Lele|0 fnt\n|faint|p2a: Tapu Lele\n|\n|upkeep\n|\n|t:|1700865805\n|switch|p2a: Alakazam|Alakazam-Mega, M|69\/100\n|-activate|p2a: Alakazam|move: Sticky Web\n|-unboost|p2a: Alakazam|spe|1\n|-ability|p2a: Alakazam|Inner Focus|[from] ability: Trace|[of] p1a: \u26a1\ufe0f\u26a1\ufe0fRAIKOU\u26a1\ufe0f\u26a1\ufe0f\n|turn|9\n|\n|t:|1700865824\n|move|p1a: \u26a1\ufe0f\u26a1\ufe0fRAIKOU\u26a1\ufe0f\u26a1\ufe0f|Thunderbolt|p2a: Alakazam\n|-damage|p2a: Alakazam|0 fnt\n|faint|p2a: Alakazam\n|\n|upkeep\n|\n|t:|1700865829\n|switch|p2a: Annihilape|Annihilape, F|79\/100\n|-activate|p2a: Annihilape|move: Sticky Web\n|-unboost|p2a: Annihilape|spe|1\n|-ability|p2a: Annihilape|Defiant|boost\n|-boost|p2a: Annihilape|atk|2\n|turn|10\n|\n|t:|1700865836\n|switch|p1a: \u26a1\ufe0f\ud83d\udca7LANTUTN\ud83d\udca7\u26a1\ufe0f|Lanturn, M, shiny|100\/100\n|move|p2a: Annihilape|Bulk Up|p2a: Annihilape\n|-boost|p2a: Annihilape|atk|1\n|-boost|p2a: Annihilape|def|1\n|\n|upkeep\n|turn|11\n|\n|t:|1700865845\n|move|p1a: \u26a1\ufe0f\ud83d\udca7LANTUTN\ud83d\udca7\u26a1\ufe0f|Rain Dance|p1a: \u26a1\ufe0f\ud83d\udca7LANTUTN\ud83d\udca7\u26a1\ufe0f\n|-weather|RainDance\n|move|p2a: Annihilape|Drain Punch|p1a: \u26a1\ufe0f\ud83d\udca7LANTUTN\ud83d\udca7\u26a1\ufe0f\n|-crit|p1a: \u26a1\ufe0f\ud83d\udca7LANTUTN\ud83d\udca7\u26a1\ufe0f\n|-damage|p1a: \u26a1\ufe0f\ud83d\udca7LANTUTN\ud83d\udca7\u26a1\ufe0f|0 fnt\n|-heal|p2a: Annihilape|100\/100|[from] drain|[of] p1a: \u26a1\ufe0f\ud83d\udca7LANTUTN\ud83d\udca7\u26a1\ufe0f\n|faint|p1a: \u26a1\ufe0f\ud83d\udca7LANTUTN\ud83d\udca7\u26a1\ufe0f\n|\n|-weather|RainDance|[upkeep]\n|upkeep\n|\n|t:|1700865857\n|switch|p1a: \u26a1\ufe0fRAICHU\u26a1\ufe0f\ud83e\udd17|Raichu, M, shiny|100\/100\n|turn|12\n|\n|t:|1700865862\n|move|p1a: \u26a1\ufe0fRAICHU\u26a1\ufe0f\ud83e\udd17|Electric Terrain|p1a: \u26a1\ufe0fRAICHU\u26a1\ufe0f\ud83e\udd17\n|-fieldstart|move: Electric Terrain\n|move|p2a: Annihilape|Taunt|p1a: \u26a1\ufe0fRAICHU\u26a1\ufe0f\ud83e\udd17\n|-start|p1a: \u26a1\ufe0fRAICHU\u26a1\ufe0f\ud83e\udd17|move: Taunt\n|\n|-weather|RainDance|[upkeep]\n|upkeep\n|turn|13\n|\n|t:|1700865870\n|move|p1a: \u26a1\ufe0fRAICHU\u26a1\ufe0f\ud83e\udd17|Nuzzle|p2a: Annihilape\n|-damage|p2a: Annihilape|96\/100\n|-status|p2a: Annihilape|par\n|cant|p2a: Annihilape|par\n|\n|-weather|RainDance|[upkeep]\n|upkeep\n|turn|14\n|\n|t:|1700865878\n|move|p1a: \u26a1\ufe0fRAICHU\u26a1\ufe0f\ud83e\udd17|Thunder|p2a: Annihilape\n|-damage|p2a: Annihilape|46\/100 par\n|move|p2a: Annihilape|Rage Fist|p1a: \u26a1\ufe0fRAICHU\u26a1\ufe0f\ud83e\udd17\n|-damage|p1a: \u26a1\ufe0fRAICHU\u26a1\ufe0f\ud83e\udd17|0 fnt\n|faint|p1a: \u26a1\ufe0fRAICHU\u26a1\ufe0f\ud83e\udd17\n|\n|-weather|RainDance|[upkeep]\n|upkeep\n|\n|t:|1700865888\n|switch|p1a: \u26a1\ufe0f\u26a1\ufe0fRAIKOU\u26a1\ufe0f\u26a1\ufe0f|Raikou, shiny, tera:Electric|100\/100\n|turn|15\n|\n|t:|1700865893\n|move|p1a: \u26a1\ufe0f\u26a1\ufe0fRAIKOU\u26a1\ufe0f\u26a1\ufe0f|Rising Voltage|p2a: Annihilape\n|-hint|Rising Voltage's BP doubled on grounded target.\n|-damage|p2a: Annihilape|0 fnt\n|faint|p2a: Annihilape\n|\n|-weather|RainDance|[upkeep]\n|upkeep\n|\n|t:|1700865898\n|switch|p2a: Darkrai|Darkrai|100\/100\n|-activate|p2a: Darkrai|move: Sticky Web\n|-unboost|p2a: Darkrai|spe|1\n|turn|16\n|\n|t:|1700865904\n|move|p1a: \u26a1\ufe0f\u26a1\ufe0fRAIKOU\u26a1\ufe0f\u26a1\ufe0f|Rising Voltage|p2a: Darkrai\n|-hint|Rising Voltage's BP doubled on grounded target.\n|-damage|p2a: Darkrai|0 fnt\n|faint|p2a: Darkrai\n|\n|-weather|RainDance|[upkeep]\n|upkeep\n|\n|t:|1700865909\n|switch|p2a: Feraligatr|Feraligatr, M|100\/100\n|-activate|p2a: Feraligatr|move: Sticky Web\n|-unboost|p2a: Feraligatr|spe|1\n|turn|17\n|\n|t:|1700865915\n|move|p1a: \u26a1\ufe0f\u26a1\ufe0fRAIKOU\u26a1\ufe0f\u26a1\ufe0f|Thunder|p2a: Feraligatr\n|-supereffective|p2a: Feraligatr\n|-enditem|p2a: Feraligatr|Focus Sash\n|-damage|p2a: Feraligatr|1\/100\n|-status|p2a: Feraligatr|par\n|cant|p2a: Feraligatr|par\n|\n|-weather|RainDance|[upkeep]\n|upkeep\n|turn|18\n|\n|t:|1700865926\n|move|p1a: \u26a1\ufe0f\u26a1\ufe0fRAIKOU\u26a1\ufe0f\u26a1\ufe0f|Thunderbolt|p2a: Feraligatr\n|-supereffective|p2a: Feraligatr\n|-damage|p2a: Feraligatr|0 fnt\n|faint|p2a: Feraligatr\n|\n|-weather|none\n|upkeep\n|\n|t:|1700865931\n|switch|p2a: Incineroar|Incineroar, M|100\/100\n|-activate|p2a: Incineroar|move: Sticky Web\n|-unboost|p2a: Incineroar|spe|1\n|turn|19\n|\n|t:|1700865938\n|move|p2a: Incineroar|Protect|p2a: Incineroar\n|-singleturn|p2a: Incineroar|Protect\n|move|p1a: \u26a1\ufe0f\u26a1\ufe0fRAIKOU\u26a1\ufe0f\u26a1\ufe0f|Zap Cannon|p2a: Incineroar\n|-activate|p2a: Incineroar|move: Protect\n|\n|-fieldend|move: Electric Terrain\n|upkeep\n|turn|20\n|\n|t:|1700865950\n|move|p1a: \u26a1\ufe0f\u26a1\ufe0fRAIKOU\u26a1\ufe0f\u26a1\ufe0f|Zap Cannon|p2a: Incineroar|[miss]\n|-miss|p1a: \u26a1\ufe0f\u26a1\ufe0fRAIKOU\u26a1\ufe0f\u26a1\ufe0f|p2a: Incineroar\n|move|p2a: Incineroar|Torment|p1a: \u26a1\ufe0f\u26a1\ufe0fRAIKOU\u26a1\ufe0f\u26a1\ufe0f\n|-start|p1a: \u26a1\ufe0f\u26a1\ufe0fRAIKOU\u26a1\ufe0f\u26a1\ufe0f|Torment\n|\n|upkeep\n|turn|21\n|\n|t:|1700865959\n|move|p1a: \u26a1\ufe0f\u26a1\ufe0fRAIKOU\u26a1\ufe0f\u26a1\ufe0f|Thunder|p2a: Incineroar\n|-damage|p2a: Incineroar|35\/100\n|move|p2a: Incineroar|Darkest Lariat|p1a: \u26a1\ufe0f\u26a1\ufe0fRAIKOU\u26a1\ufe0f\u26a1\ufe0f\n|-damage|p1a: \u26a1\ufe0f\u26a1\ufe0fRAIKOU\u26a1\ufe0f\u26a1\ufe0f|53\/100\n|\n|upkeep\n|turn|22\n|\n|t:|1700865967\n|move|p1a: \u26a1\ufe0f\u26a1\ufe0fRAIKOU\u26a1\ufe0f\u26a1\ufe0f|Thunderbolt|p2a: Incineroar\n|-damage|p2a: Incineroar|0 fnt\n|faint|p2a: Incineroar\n|\n|win|THUNDER-M0DE\u303d\ufe0f\n|raw|THUNDER-M0DE\u303d\ufe0f's rating: 1059 &rarr; <strong>1088<\/strong><br \/>(+29 for winning)\n|raw|riverside8's rating: 1040 &rarr; <strong>1025<\/strong><br \/>(-15 for losing)\n|l|\u2606riverside8\n","uploadtime":1700866826,"views":2,"p1id":"thunderm0de","p2id":"riverside8","formatid":"gen9nationaldexubers","rating":1025,"private":0,"password":""}