{"id":"gen9nationaldexubers-1978366508","p1":"Angel Karma","p2":"Yendks","format":"[Gen 9] National Dex Ubers","log":"|j|\u2606Angel Karma\n|j|\u2606Yendks\n|t:|1698529999\n|gametype|singles\n|player|p1|Angel Karma|unknown|1407\n|player|p2|Yendks|red|1314\n|teamsize|p1|6\n|teamsize|p2|6\n|gen|9\n|tier|[Gen 9] National Dex Ubers\n|rated|\n|rule|HP Percentage Mod: HP is shown in percentages\n|rule|Endless Battle Clause: Forcing endless battles is banned\n|rule|OHKO Clause: OHKO moves are banned\n|rule|Evasion Moves Clause: Evasion moves are banned\n|rule|Evasion Items Clause: Evasion items are banned\n|rule|Species Clause: Limit one of each Pok\u00e9mon\n|rule|Sleep Clause Mod: Limit one foe put to sleep\n|rule|Mega Rayquaza Clause: You cannot mega evolve Rayquaza\n|clearpoke\n|poke|p1|Haxorus, F|\n|poke|p1|Groudon|\n|poke|p1|Skarmory, M|\n|poke|p1|Yveltal|\n|poke|p1|Flutter Mane|\n|poke|p1|Lucario, M|\n|poke|p2|Roaring Moon|\n|poke|p2|Zacian-*|\n|poke|p2|Ho-Oh|\n|poke|p2|Palafin, M|\n|poke|p2|Necrozma-Dusk-Mane|\n|poke|p2|Blastoise, M|\n|teampreview\n|inactive|Battle timer is ON: inactive players will automatically lose when time's up. (requested by Yendks)\n|\n|t:|1698530006\n|start\n|switch|p1a: Yveltal|Yveltal|100\/100\n|switch|p2a: Roaring Moon|Roaring Moon, shiny|100\/100\n|-ability|p1a: Yveltal|Dark Aura\n|-enditem|p2a: Roaring Moon|Booster Energy\n|-activate|p2a: Roaring Moon|ability: Protosynthesis|[fromitem]\n|-start|p2a: Roaring Moon|protosynthesisatk\n|turn|1\n|\n|t:|1698530021\n|move|p1a: Yveltal|Oblivion Wing|p2a: Roaring Moon\n|-damage|p2a: Roaring Moon|55\/100\n|move|p2a: Roaring Moon|Dragon Dance|p2a: Roaring Moon\n|-boost|p2a: Roaring Moon|atk|1\n|-boost|p2a: Roaring Moon|spe|1\n|\n|upkeep\n|turn|2\n|\n|t:|1698530029\n|-terastallize|p2a: Roaring Moon|Flying\n|move|p2a: Roaring Moon|Acrobatics|p1a: Yveltal\n|-damage|p1a: Yveltal|0 fnt\n|faint|p1a: Yveltal\n|\n|upkeep\n|\n|t:|1698530037\n|switch|p1a: Flutter Mane|Flutter Mane|100\/100\n|turn|3\n|\n|t:|1698530041\n|move|p2a: Roaring Moon|Acrobatics|p1a: Flutter Mane\n|-enditem|p1a: Flutter Mane|Focus Sash\n|-damage|p1a: Flutter Mane|1\/100\n|move|p1a: Flutter Mane|Thunder Wave|p2a: Roaring Moon\n|-status|p2a: Roaring Moon|par\n|\n|upkeep\n|turn|4\n|\n|t:|1698530050\n|move|p1a: Flutter Mane|Hex|p2a: Roaring Moon\n|-damage|p2a: Roaring Moon|0 fnt\n|faint|p2a: Roaring Moon\n|-end|p2a: Roaring Moon|Protosynthesis|[silent]\n|\n|upkeep\n|\n|t:|1698530053\n|switch|p2a: Palafin|Palafin, M, shiny|100\/100\n|turn|5\n|\n|t:|1698530058\n|move|p1a: Flutter Mane|Thunder Wave|p2a: Palafin\n|-status|p2a: Palafin|par\n|move|p2a: Palafin|Flip Turn|p1a: Flutter Mane\n|-damage|p1a: Flutter Mane|0 fnt\n|faint|p1a: Flutter Mane\n|-end|p1a: Flutter Mane|Protosynthesis|[silent]\n|\n|t:|1698530063\n|detailschange|p2a: Palafin|Palafin-Hero, M, shiny\n|switch|p2a: Blastoise|Blastoise, M, shiny|100\/100|[from] Flip Turn\n|\n|upkeep\n|\n|t:|1698530069\n|switch|p1a: Groudon|Groudon, shiny|100\/100\n|detailschange|p1a: Groudon|Groudon-Primal, shiny\n|-primal|p1a: Groudon|Red Orb\n|-weather|DesolateLand|[from] ability: Desolate Land|[of] p1a: Groudon\n|turn|6\n|\n|t:|1698530077\n|detailschange|p2a: Blastoise|Blastoise-Mega, M, shiny\n|-mega|p2a: Blastoise|Blastoise|Blastoisinite\n|move|p1a: Groudon|Rock Polish|p1a: Groudon\n|-boost|p1a: Groudon|spe|2\n|move|p2a: Blastoise|Shell Smash|p2a: Blastoise\n|-unboost|p2a: Blastoise|def|1\n|-unboost|p2a: Blastoise|spd|1\n|-boost|p2a: Blastoise|atk|2\n|-boost|p2a: Blastoise|spa|2\n|-boost|p2a: Blastoise|spe|2\n|\n|-weather|DesolateLand|[upkeep]\n|upkeep\n|turn|7\n|\n|t:|1698530088\n|move|p1a: Groudon|Precipice Blades|p2a: Blastoise\n|-damage|p2a: Blastoise|0 fnt\n|faint|p2a: Blastoise\n|\n|-weather|DesolateLand|[upkeep]\n|upkeep\n|\n|t:|1698530093\n|switch|p2a: Ho-Oh|Ho-Oh, shiny|100\/100\n|turn|8\n|\n|t:|1698530100\n|-weather|none\n|switch|p1a: Lucario|Lucario, M, shiny|100\/100\n|move|p2a: Ho-Oh|Earthquake|p1a: Lucario\n|-supereffective|p1a: Lucario\n|-crit|p1a: Lucario\n|-damage|p1a: Lucario|0 fnt\n|faint|p1a: Lucario\n|\n|upkeep\n|\n|t:|1698530110\n|switch|p1a: Haxorus|Haxorus, F|100\/100\n|-ability|p1a: Haxorus|Mold Breaker\n|turn|9\n|\n|t:|1698530120\n|switch|p2a: Zacian|Zacian-Crowned, shiny|100\/100\n|-ability|p2a: Zacian|Intrepid Sword|boost\n|-boost|p2a: Zacian|atk|1\n|-enditem|p1a: Haxorus|Mirror Herb\n|-boost|p1a: Haxorus|atk|1|[from] item: Mirror Herb\n|move|p1a: Haxorus|Dragon Dance|p1a: Haxorus\n|-boost|p1a: Haxorus|atk|1\n|-boost|p1a: Haxorus|spe|1\n|\n|upkeep\n|turn|10\n|\n|t:|1698530131\n|move|p1a: Haxorus|Earthquake|p2a: Zacian\n|-supereffective|p2a: Zacian\n|-damage|p2a: Zacian|0 fnt\n|faint|p2a: Zacian\n|\n|upkeep\n|\n|t:|1698530137\n|switch|p2a: Palafin|Palafin-Hero, M, shiny|100\/100 par\n|-activate|p2a: Palafin|ability: Zero to Hero\n|turn|11\n|\n|t:|1698530152\n|move|p1a: Haxorus|Earthquake|p2a: Palafin\n|-damage|p2a: Palafin|19\/100 par\n|cant|p2a: Palafin|par\n|\n|upkeep\n|turn|12\n|\n|t:|1698530158\n|move|p1a: Haxorus|Earthquake|p2a: Palafin\n|-damage|p2a: Palafin|0 fnt\n|faint|p2a: Palafin\n|\n|upkeep\n|\n|t:|1698530162\n|switch|p2a: Necrozma|Necrozma-Dusk-Mane, shiny|100\/100\n|turn|13\n|\n|t:|1698530168\n|detailschange|p2a: Necrozma|Necrozma-Ultra, shiny\n|-burst|p2a: Necrozma|Necrozma|Ultranecrozium Z\n|-terastallize|p1a: Haxorus|Steel\n|move|p1a: Haxorus|Earthquake|p2a: Necrozma\n|-damage|p2a: Necrozma|37\/100\n|move|p2a: Necrozma|Dragon Pulse|p1a: Haxorus\n|-resisted|p1a: Haxorus\n|-damage|p1a: Haxorus|58\/100\n|\n|upkeep\n|turn|14\n|\n|t:|1698530180\n|move|p1a: Haxorus|Outrage|p2a: Necrozma\n|-supereffective|p2a: Necrozma\n|-damage|p2a: Necrozma|0 fnt\n|faint|p2a: Necrozma\n|\n|upkeep\n|\n|t:|1698530185\n|switch|p2a: Ho-Oh|Ho-Oh, shiny|100\/100\n|turn|15\n|\n|t:|1698530189\n|move|p1a: Haxorus|Outrage|p2a: Ho-Oh|[from]lockedmove\n|-damage|p2a: Ho-Oh|0 fnt\n|faint|p2a: Ho-Oh\n|\n|win|Angel Karma\n|raw|Angel Karma's rating: 1407 &rarr; <strong>1422<\/strong><br \/>(+15 for winning)\n|raw|Yendks's rating: 1314 &rarr; <strong>1299<\/strong><br \/>(-15 for losing)\n|l|\u2606Yendks\n","uploadtime":1698530197,"views":16,"p1id":"angelkarma","p2id":"yendks","formatid":"gen9nationaldexubers","rating":1299,"private":0,"password":""}