{"id":"gen9nationaldexubers-1989256813","p1":"aquiles meo","p2":"ORDINARY-MODE\ufe0f\u25fd\ufe0f\u25fb\ufe0f","format":"[Gen 9] National Dex Ubers","log":"|j|\u2606aquiles meo\n|j|\u2606ORDINARY-MODE\ufe0f\u25fd\ufe0f\u25fb\ufe0f\n|t:|1699828726\n|gametype|singles\n|player|p1|aquiles meo|ethan|1094\n|player|p2|ORDINARY-MODE\ufe0f\u25fd\ufe0f\u25fb\ufe0f|wicke|1054\n|teamsize|p1|6\n|teamsize|p2|6\n|gen|9\n|tier|[Gen 9] National Dex Ubers\n|rated|\n|rule|HP Percentage Mod: HP is shown in percentages\n|rule|Endless Battle Clause: Forcing endless battles is banned\n|rule|OHKO Clause: OHKO moves are banned\n|rule|Evasion Moves Clause: Evasion moves are banned\n|rule|Evasion Items Clause: Evasion items are banned\n|rule|Species Clause: Limit one of each Pok\u00e9mon\n|rule|Sleep Clause Mod: Limit one foe put to sleep\n|rule|Mega Rayquaza Clause: You cannot mega evolve Rayquaza\n|clearpoke\n|poke|p1|Jirachi|\n|poke|p1|Ho-Oh|\n|poke|p1|Rayquaza|\n|poke|p1|Pidgeot, M|\n|poke|p1|Lucario, M|\n|poke|p1|Luxray, M|\n|poke|p2|Spinda, F|\n|poke|p2|Greedent, F|\n|poke|p2|Gumshoos, M|\n|poke|p2|Komala, M|\n|poke|p2|Oinkologne, M|\n|poke|p2|Regigigas|\n|teampreview\n|\n|t:|1699828735\n|start\n|switch|p1a: Jirachi|Jirachi|100\/100\n|switch|p2a: \u26aa\ufe0fREGIGIGAS\u26aa\ufe0f\ud83c\udf1f|Regigigas, shiny|100\/100\n|-start|p2a: \u26aa\ufe0fREGIGIGAS\u26aa\ufe0f\ud83c\udf1f|ability: Slow Start\n|turn|1\n|c|\u2606aquiles meo|so good to see wicke\n|\n|t:|1699828755\n|move|p1a: Jirachi|Iron Head|p2a: \u26aa\ufe0fREGIGIGAS\u26aa\ufe0f\ud83c\udf1f\n|-damage|p2a: \u26aa\ufe0fREGIGIGAS\u26aa\ufe0f\ud83c\udf1f|73\/100\n|move|p2a: \u26aa\ufe0fREGIGIGAS\u26aa\ufe0f\ud83c\udf1f|Thunder Wave|p1a: Jirachi\n|-status|p1a: Jirachi|par\n|\n|upkeep\n|turn|2\n|\n|t:|1699828772\n|move|p1a: Jirachi|Iron Head|p2a: \u26aa\ufe0fREGIGIGAS\u26aa\ufe0f\ud83c\udf1f\n|-damage|p2a: \u26aa\ufe0fREGIGIGAS\u26aa\ufe0f\ud83c\udf1f|42\/100\n|cant|p2a: \u26aa\ufe0fREGIGIGAS\u26aa\ufe0f\ud83c\udf1f|flinch\n|\n|upkeep\n|turn|3\n|\n|t:|1699828792\n|move|p1a: Jirachi|Iron Head|p2a: \u26aa\ufe0fREGIGIGAS\u26aa\ufe0f\ud83c\udf1f\n|-damage|p2a: \u26aa\ufe0fREGIGIGAS\u26aa\ufe0f\ud83c\udf1f|5\/100\n|cant|p2a: \u26aa\ufe0fREGIGIGAS\u26aa\ufe0f\ud83c\udf1f|flinch\n|\n|upkeep\n|turn|4\n|\n|t:|1699828807\n|move|p1a: Jirachi|Iron Head|p2a: \u26aa\ufe0fREGIGIGAS\u26aa\ufe0f\ud83c\udf1f\n|-damage|p2a: \u26aa\ufe0fREGIGIGAS\u26aa\ufe0f\ud83c\udf1f|0 fnt\n|faint|p2a: \u26aa\ufe0fREGIGIGAS\u26aa\ufe0f\ud83c\udf1f\n|-end|p2a: \u26aa\ufe0fREGIGIGAS\u26aa\ufe0f\ud83c\udf1f|Slow Start|[silent]\n|\n|upkeep\n|\n|t:|1699828826\n|switch|p2a: \u26aa\ufe0fROUND WE GO\ud83d\udc39|Spinda, F|100\/100\n|turn|5\n|\n|t:|1699828847\n|cant|p1a: Jirachi|par\n|move|p2a: \u26aa\ufe0fROUND WE GO\ud83d\udc39|Superpower|p1a: Jirachi\n|-damage|p1a: Jirachi|83\/100 par\n|-boost|p2a: \u26aa\ufe0fROUND WE GO\ud83d\udc39|atk|1\n|-boost|p2a: \u26aa\ufe0fROUND WE GO\ud83d\udc39|def|1\n|\n|upkeep\n|turn|6\n|\n|t:|1699828870\n|move|p1a: Jirachi|Iron Head|p2a: \u26aa\ufe0fROUND WE GO\ud83d\udc39\n|-damage|p2a: \u26aa\ufe0fROUND WE GO\ud83d\udc39|68\/100\n|move|p2a: \u26aa\ufe0fROUND WE GO\ud83d\udc39|Superpower|p1a: Jirachi\n|-damage|p1a: Jirachi|58\/100 par\n|-boost|p2a: \u26aa\ufe0fROUND WE GO\ud83d\udc39|atk|1\n|-boost|p2a: \u26aa\ufe0fROUND WE GO\ud83d\udc39|def|1\n|\n|upkeep\n|turn|7\n|\n|t:|1699828885\n|move|p1a: Jirachi|Wish|p1a: Jirachi\n|move|p2a: \u26aa\ufe0fROUND WE GO\ud83d\udc39|Superpower|p1a: Jirachi\n|-damage|p1a: Jirachi|18\/100 par\n|-boost|p2a: \u26aa\ufe0fROUND WE GO\ud83d\udc39|atk|1\n|-boost|p2a: \u26aa\ufe0fROUND WE GO\ud83d\udc39|def|1\n|\n|upkeep\n|turn|8\n|\n|t:|1699828894\n|switch|p1a: Rayquaza|Rayquaza|100\/100\n|-ability|p1a: Rayquaza|Air Lock\n|move|p2a: \u26aa\ufe0fROUND WE GO\ud83d\udc39|Superpower|p1a: Rayquaza\n|-resisted|p1a: Rayquaza\n|-crit|p1a: Rayquaza\n|-damage|p1a: Rayquaza|68\/100\n|-boost|p2a: \u26aa\ufe0fROUND WE GO\ud83d\udc39|atk|1\n|-boost|p2a: \u26aa\ufe0fROUND WE GO\ud83d\udc39|def|1\n|\n|-heal|p1a: Rayquaza|100\/100|[from] move: Wish|[wisher] Jirachi\n|upkeep\n|turn|9\n|\n|t:|1699828910\n|move|p1a: Rayquaza|Dragon Pulse|p2a: \u26aa\ufe0fROUND WE GO\ud83d\udc39\n|-damage|p2a: \u26aa\ufe0fROUND WE GO\ud83d\udc39|32\/100\n|move|p2a: \u26aa\ufe0fROUND WE GO\ud83d\udc39|Secret Power|p1a: Rayquaza\n|-damage|p1a: Rayquaza|54\/100\n|\n|upkeep\n|turn|10\n|\n|t:|1699828922\n|move|p1a: Rayquaza|Dragon Pulse|p2a: \u26aa\ufe0fROUND WE GO\ud83d\udc39\n|-crit|p2a: \u26aa\ufe0fROUND WE GO\ud83d\udc39\n|-damage|p2a: \u26aa\ufe0fROUND WE GO\ud83d\udc39|0 fnt\n|faint|p2a: \u26aa\ufe0fROUND WE GO\ud83d\udc39\n|\n|upkeep\n|\n|t:|1699828932\n|switch|p2a: \u26aa\ufe0fDONALD TRUMP\u2728\ufe0f|Gumshoos, M|100\/100\n|turn|11\n|c|\u2606aquiles meo|based\n|\n|t:|1699828953\n|switch|p1a: Ho-Oh|Ho-Oh|100\/100\n|move|p2a: \u26aa\ufe0fDONALD TRUMP\u2728\ufe0f|Body Slam|p1a: Ho-Oh\n|-damage|p1a: Ho-Oh|32\/100\n|-status|p1a: Ho-Oh|par\n|\n|upkeep\n|turn|12\n|\n|t:|1699828968\n|switch|p1a: Pidgeot|Pidgeot, M|100\/100\n|move|p2a: \u26aa\ufe0fDONALD TRUMP\u2728\ufe0f|Body Slam|p1a: Pidgeot\n|-damage|p1a: Pidgeot|11\/100\n|-status|p1a: Pidgeot|par\n|\n|upkeep\n|turn|13\n|\n|t:|1699828978\n|-terastallize|p2a: \u26aa\ufe0fDONALD TRUMP\u2728\ufe0f|Normal\n|cant|p1a: Pidgeot|par\n|move|p2a: \u26aa\ufe0fDONALD TRUMP\u2728\ufe0f|Body Slam|p1a: Pidgeot\n|-damage|p1a: Pidgeot|0 fnt\n|faint|p1a: Pidgeot\n|\n|upkeep\n|\n|t:|1699828997\n|switch|p1a: Luxray|Luxray, M, shiny|100\/100\n|turn|14\n|\n|t:|1699829007\n|move|p1a: Luxray|Charge|p1a: Luxray\n|-boost|p1a: Luxray|spd|1\n|-start|p1a: Luxray|Charge\n|move|p2a: \u26aa\ufe0fDONALD TRUMP\u2728\ufe0f|Thrash|p1a: Luxray\n|-damage|p1a: Luxray|0 fnt\n|faint|p1a: Luxray\n|\n|upkeep\n|\n|t:|1699829070\n|switch|p1a: Lucario|Lucario, M, shiny|100\/100\n|turn|15\n|\n|t:|1699829077\n|detailschange|p1a: Lucario|Lucario-Mega, M, shiny\n|-mega|p1a: Lucario|Lucario|Lucarionite\n|move|p1a: Lucario|Aura Sphere|p2a: \u26aa\ufe0fDONALD TRUMP\u2728\ufe0f\n|-supereffective|p2a: \u26aa\ufe0fDONALD TRUMP\u2728\ufe0f\n|-damage|p2a: \u26aa\ufe0fDONALD TRUMP\u2728\ufe0f|0 fnt\n|faint|p2a: \u26aa\ufe0fDONALD TRUMP\u2728\ufe0f\n|\n|upkeep\n|\n|t:|1699829090\n|switch|p2a: \u26aa\ufe0f\u00c9CURUEIL!!\ud83d\udc3f\u26aa\ufe0f|Greedent, F, shiny|100\/100\n|turn|16\n|c|\u2606aquiles meo|tu parles francais\n|\n|t:|1699829108\n|move|p1a: Lucario|Bullet Punch|p2a: \u26aa\ufe0f\u00c9CURUEIL!!\ud83d\udc3f\u26aa\ufe0f\n|-damage|p2a: \u26aa\ufe0f\u00c9CURUEIL!!\ud83d\udc3f\u26aa\ufe0f|77\/100\n|move|p2a: \u26aa\ufe0f\u00c9CURUEIL!!\ud83d\udc3f\u26aa\ufe0f|Body Slam|p1a: Lucario\n|-resisted|p1a: Lucario\n|-damage|p1a: Lucario|76\/100\n|-status|p1a: Lucario|par\n|\n|upkeep\n|turn|17\n|c|\u2606ORDINARY-MODE\ufe0f\u25fd\ufe0f\u25fb\ufe0f|Oui\n|\n|t:|1699829157\n|cant|p1a: Lucario|par\n|move|p2a: \u26aa\ufe0f\u00c9CURUEIL!!\ud83d\udc3f\u26aa\ufe0f|Stuff Cheeks|p2a: \u26aa\ufe0f\u00c9CURUEIL!!\ud83d\udc3f\u26aa\ufe0f\n|-boost|p2a: \u26aa\ufe0f\u00c9CURUEIL!!\ud83d\udc3f\u26aa\ufe0f|def|2\n|-enditem|p2a: \u26aa\ufe0f\u00c9CURUEIL!!\ud83d\udc3f\u26aa\ufe0f|Liechi Berry|[eat]\n|-boost|p2a: \u26aa\ufe0f\u00c9CURUEIL!!\ud83d\udc3f\u26aa\ufe0f|atk|1|[from] item: Liechi Berry\n|-heal|p2a: \u26aa\ufe0f\u00c9CURUEIL!!\ud83d\udc3f\u26aa\ufe0f|100\/100|[from] ability: Cheek Pouch\n|\n|upkeep\n|turn|18\n|\n|t:|1699829172\n|cant|p1a: Lucario|par\n|move|p2a: \u26aa\ufe0f\u00c9CURUEIL!!\ud83d\udc3f\u26aa\ufe0f|Super Fang|p1a: Lucario\n|-damage|p1a: Lucario|38\/100 par\n|\n|upkeep\n|turn|19\n|c|\u2606aquiles meo|moi aussi\n|c|\u2606aquiles meo|l'anglais non?\n|\n|t:|1699829203\n|move|p1a: Lucario|Aura Sphere|p2a: \u26aa\ufe0f\u00c9CURUEIL!!\ud83d\udc3f\u26aa\ufe0f\n|-supereffective|p2a: \u26aa\ufe0f\u00c9CURUEIL!!\ud83d\udc3f\u26aa\ufe0f\n|-damage|p2a: \u26aa\ufe0f\u00c9CURUEIL!!\ud83d\udc3f\u26aa\ufe0f|0 fnt\n|faint|p2a: \u26aa\ufe0f\u00c9CURUEIL!!\ud83d\udc3f\u26aa\ufe0f\n|\n|upkeep\n|c|\u2606ORDINARY-MODE\ufe0f\u25fd\ufe0f\u25fb\ufe0f|Les deux a\n|c|\u2606ORDINARY-MODE\ufe0f\u25fd\ufe0f\u25fb\ufe0f|Arf mon foutu eureil\n|\n|t:|1699829247\n|switch|p2a: \u26aa\ufe0fSQUEAL LIKE A \ud83d\udc37|Oinkologne, M|100\/100\n|turn|20\n|\n|t:|1699829272\n|move|p2a: \u26aa\ufe0fSQUEAL LIKE A \ud83d\udc37|Double-Edge|p1a: Lucario\n|-resisted|p1a: Lucario\n|-damage|p1a: Lucario|0 fnt\n|faint|p1a: Lucario\n|-damage|p2a: \u26aa\ufe0fSQUEAL LIKE A \ud83d\udc37|91\/100|[from] Recoil\n|\n|upkeep\n|\n|t:|1699829283\n|switch|p1a: Jirachi|Jirachi|18\/100 par\n|turn|21\n|\n|t:|1699829292\n|move|p2a: \u26aa\ufe0fSQUEAL LIKE A \ud83d\udc37|Double-Edge|p1a: Jirachi\n|-resisted|p1a: Jirachi\n|-damage|p1a: Jirachi|0 fnt\n|faint|p1a: Jirachi\n|-damage|p2a: \u26aa\ufe0fSQUEAL LIKE A \ud83d\udc37|85\/100|[from] Recoil\n|\n|upkeep\n|\n|t:|1699829301\n|switch|p1a: Rayquaza|Rayquaza|54\/100\n|-ability|p1a: Rayquaza|Air Lock\n|turn|22\n|\n|t:|1699829309\n|move|p1a: Rayquaza|Dragon Dance|p1a: Rayquaza\n|-boost|p1a: Rayquaza|atk|1\n|-boost|p1a: Rayquaza|spe|1\n|move|p2a: \u26aa\ufe0fSQUEAL LIKE A \ud83d\udc37|Double-Edge|p1a: Rayquaza\n|-damage|p1a: Rayquaza|0 fnt\n|faint|p1a: Rayquaza\n|-damage|p2a: \u26aa\ufe0fSQUEAL LIKE A \ud83d\udc37|66\/100|[from] Recoil\n|\n|upkeep\n|c|\u2606aquiles meo|ok non ca c pas possible\n|c|\u2606ORDINARY-MODE\ufe0f\u25fd\ufe0f\u25fb\ufe0f|Lol\n|c|\u2606aquiles meo|!dt oinkologne\n|raw|<div class=\"message\"><ul class=\"utilichart\"><li class=\"result\"><span class=\"col numcol\">RU<\/span> <span class=\"col iconcol\"><psicon pokemon=\"oinkologne\"\/><\/span> <span class=\"col pokemonnamecol\" style=\"white-space:nowrap\"><a href=\"https:\/\/dex.pokemonshowdown.com\/pokemon\/oinkologne\" target=\"_blank\">Oinkologne<\/a><\/span> <span class=\"col typecol\"><img src=\"https:\/\/play.pokemonshowdown.com\/sprites\/types\/Normal.png\" alt=\"Normal\" height=\"14\" width=\"32\"><\/span> <span style=\"float:left;min-height:26px\"><span class=\"col twoabilitycol\">Lingering Aroma<br \/>Gluttony<\/span><span class=\"col abilitycol\"><em>Thick Fat<\/em><\/span><\/span><span style=\"float:left;min-height:26px\"><span class=\"col statcol\"><em>HP<\/em><br \/>110<\/span> <span class=\"col statcol\"><em>Atk<\/em><br \/>100<\/span> <span class=\"col statcol\"><em>Def<\/em><br \/>75<\/span> <span class=\"col statcol\"><em>SpA<\/em><br \/>59<\/span> <span class=\"col statcol\"><em>SpD<\/em><br \/>80<\/span> <span class=\"col statcol\"><em>Spe<\/em><br \/>65<\/span> <span class=\"col bstcol\"><em>BST<br \/>489<\/em><\/span> <\/span><\/li><li style=\"clear:both\"><\/li><\/ul><\/div>\n|raw|<font size=\"1\"><font color=\"#686868\">Dex#:<\/font> 916&nbsp;|&ThickSpace;<font color=\"#686868\">Gen:<\/font> 9&nbsp;|&ThickSpace;<font color=\"#686868\">Height:<\/font> 1 m&nbsp;|&ThickSpace;<font color=\"#686868\">Weight:<\/font> 120 kg <em>(100 BP)<\/em>&nbsp;|&ThickSpace;<font color=\"#686868\">Dex Colour:<\/font> Gray&nbsp;|&ThickSpace;<font color=\"#686868\">Egg Group(s):<\/font> Field&nbsp;|&ThickSpace;<font color=\"#686868\">Pre-Evolution:<\/font> Lechonk&nbsp;|&ThickSpace;<font color=\"#686868\">Does Not Evolve<\/font><\/font>\n\n|c|\u2606aquiles meo|!dt double edge\n|raw|<ul class=\"utilichart\"><li class=\"result\"><span class=\"col movenamecol\"><a href=\"https:\/\/dex.pokemonshowdown.com\/moves\/doubleedge\">Double-Edge<\/a><\/span> <span class=\"col typecol\"><img src=\"\/\/play.pokemonshowdown.com\/sprites\/types\/Normal.png\" alt=\"Normal\" width=\"32\" height=\"14\"><img src=\"\/\/play.pokemonshowdown.com\/sprites\/categories\/Physical.png\" alt=\"Physical\" width=\"32\" height=\"14\"><\/span> <span class=\"col labelcol\"><em>Power<\/em><br>120<\/span> <span class=\"col widelabelcol\"><em>Accuracy<\/em><br>100%<\/span> <span class=\"col pplabelcol\"><em>PP<\/em><br>24<\/span> <span class=\"col movedesccol\">Has 33% recoil.<\/span> <\/li><li style=\"clear:both\"><\/li><\/ul>\n|raw|<font size=\"1\"><font color=\"#686868\">Priority:<\/font> 0&nbsp;|&ThickSpace;<font color=\"#686868\">Gen:<\/font> 1&nbsp;|&ThickSpace;&#10003; Contact&nbsp;|&ThickSpace;<font color=\"#686868\">Z-Power:<\/font> 190&nbsp;|&ThickSpace;<font color=\"#686868\">Dynamax Power:<\/font> 140&nbsp;|&ThickSpace;<font color=\"#686868\">Target:<\/font> One Adjacent Pok\u00e9mon<\/font>\n\n|c|\u2606aquiles meo|33% hein\n|c|\u2606ORDINARY-MODE\ufe0f\u25fd\ufe0f\u25fb\ufe0f|Je suis en mode de type normal\n|c|\u2606aquiles meo|ok jvois le HP est fort\n|\n|t:|1699829359\n|switch|p1a: Ho-Oh|Ho-Oh|66\/100 par\n|turn|23\n|c|\u2606aquiles meo|bon gg\n|c|\u2606aquiles meo|bonne partie\n|\n|t:|1699829373\n|move|p2a: \u26aa\ufe0fSQUEAL LIKE A \ud83d\udc37|Giga Impact|p1a: Ho-Oh\n|-damage|p1a: Ho-Oh|4\/100 par\n|-mustrecharge|p2a: \u26aa\ufe0fSQUEAL LIKE A \ud83d\udc37\n|move|p1a: Ho-Oh|Burn Up|p2a: \u26aa\ufe0fSQUEAL LIKE A \ud83d\udc37\n|-damage|p2a: \u26aa\ufe0fSQUEAL LIKE A \ud83d\udc37|8\/100\n|-start|p1a: Ho-Oh|typechange|???\/Flying|[from] move: Burn Up\n|-enditem|p2a: \u26aa\ufe0fSQUEAL LIKE A \ud83d\udc37|Starf Berry|[eat]\n|-boost|p2a: \u26aa\ufe0fSQUEAL LIKE A \ud83d\udc37|spa|2|[from] item: Starf Berry\n|\n|upkeep\n|turn|24\n|\n|t:|1699829388\n|cant|p2a: \u26aa\ufe0fSQUEAL LIKE A \ud83d\udc37|recharge\n|cant|p1a: Ho-Oh|par\n|\n|upkeep\n|turn|25\n|c|\u2606aquiles meo|ah non\n|\n|t:|1699829402\n|move|p2a: \u26aa\ufe0fSQUEAL LIKE A \ud83d\udc37|Double-Edge|p1a: Ho-Oh\n|-damage|p1a: Ho-Oh|0 fnt\n|faint|p1a: Ho-Oh\n|-damage|p2a: \u26aa\ufe0fSQUEAL LIKE A \ud83d\udc37|7\/100|[from] Recoil\n|\n|win|ORDINARY-MODE\ufe0f\u25fd\ufe0f\u25fb\ufe0f\n|raw|aquiles meo's rating: 1094 &rarr; <strong>1067<\/strong><br \/>(-27 for losing)\n|raw|ORDINARY-MODE\ufe0f\u25fd\ufe0f\u25fb\ufe0f's rating: 1054 &rarr; <strong>1090<\/strong><br \/>(+36 for winning)\n|c|\u2606ORDINARY-MODE\ufe0f\u25fd\ufe0f\u25fb\ufe0f|Gg\n","uploadtime":1699829452,"views":5,"p1id":"aquilesmeo","p2id":"ordinarymode","formatid":"gen9nationaldexubers","rating":1067,"private":0,"password":""}