{"id":"gen9nationaldexubers-1978702956","p1":"crab game","p2":"AshKetchupForever","format":"[Gen 9] National Dex Ubers","log":"|j|\u2606crab game\n|j|\u2606AshKetchupForever\n|t:|1698584106\n|gametype|singles\n|player|p1|crab game|red|1189\n|player|p2|AshKetchupForever|265|1183\n|teamsize|p1|6\n|teamsize|p2|6\n|gen|9\n|tier|[Gen 9] National Dex Ubers\n|rated|\n|rule|HP Percentage Mod: HP is shown in percentages\n|rule|Endless Battle Clause: Forcing endless battles is banned\n|rule|OHKO Clause: OHKO moves are banned\n|rule|Evasion Moves Clause: Evasion moves are banned\n|rule|Evasion Items Clause: Evasion items are banned\n|rule|Species Clause: Limit one of each Pok\u00e9mon\n|rule|Sleep Clause Mod: Limit one foe put to sleep\n|rule|Mega Rayquaza Clause: You cannot mega evolve Rayquaza\n|clearpoke\n|poke|p1|Chien-Pao|\n|poke|p1|Zacian-*|\n|poke|p1|Zygarde|\n|poke|p1|Volcarona, F|\n|poke|p1|Alakazam, M|\n|poke|p1|Dragapult, M|\n|poke|p2|Komala, M|\n|poke|p2|Galvantula, F|\n|poke|p2|Hatterene, F|\n|poke|p2|Poltchageist|\n|poke|p2|Flamigo, F|\n|poke|p2|Ditto|\n|teampreview\n|\n|t:|1698584131\n|start\n|switch|p1a: Zygarde|Zygarde, shiny|100\/100\n|switch|p2a: Poltchageist|Poltchageist|100\/100\n|turn|1\n|inactive|Battle timer is ON: inactive players will automatically lose when time's up. (requested by AshKetchupForever)\n|\n|t:|1698584149\n|move|p1a: Zygarde|Dragon Tail|p2a: Poltchageist\n|-damage|p2a: Poltchageist|66\/100\n|drag|p2a: Hatterene|Hatterene, F|100\/100\n|\n|upkeep\n|turn|2\n|\n|t:|1698584156\n|move|p1a: Zygarde|Thousand Arrows|p2a: Hatterene\n|-damage|p2a: Hatterene|63\/100\n|move|p2a: Hatterene|Draining Kiss|p1a: Zygarde\n|-supereffective|p1a: Zygarde\n|-damage|p1a: Zygarde|46\/100\n|-heal|p2a: Hatterene|100\/100|[from] drain|[of] p1a: Zygarde\n|\n|-heal|p1a: Zygarde|52\/100|[from] item: Leftovers\n|upkeep\n|turn|3\n|\n|t:|1698584165\n|move|p1a: Zygarde|Thousand Arrows|p2a: Hatterene\n|-damage|p2a: Hatterene|61\/100\n|move|p2a: Hatterene|Draining Kiss|p1a: Zygarde\n|-supereffective|p1a: Zygarde\n|-damage|p1a: Zygarde|3\/100\n|-heal|p2a: Hatterene|100\/100|[from] drain|[of] p1a: Zygarde\n|\n|-heal|p1a: Zygarde|10\/100|[from] item: Leftovers\n|-activate|p1a: Zygarde|ability: Power Construct\n|detailschange|p1a: Zygarde|Zygarde-Complete, shiny\n|-heal|p1a: Zygarde|40\/100|[silent]\n|upkeep\n|turn|4\n|\n|t:|1698584177\n|move|p1a: Zygarde|Thousand Arrows|p2a: Hatterene\n|-damage|p2a: Hatterene|62\/100\n|move|p2a: Hatterene|Draining Kiss|p1a: Zygarde\n|-supereffective|p1a: Zygarde\n|-damage|p1a: Zygarde|5\/100\n|-heal|p2a: Hatterene|100\/100|[from] drain|[of] p1a: Zygarde\n|\n|-heal|p1a: Zygarde|11\/100|[from] item: Leftovers\n|upkeep\n|turn|5\n|\n|t:|1698584187\n|move|p2a: Hatterene|Draining Kiss|p1a: Zygarde\n|-supereffective|p1a: Zygarde\n|-damage|p1a: Zygarde|0 fnt\n|faint|p1a: Zygarde\n|\n|upkeep\n|\n|t:|1698584192\n|switch|p1a: Chien-Pao|Chien-Pao|100\/100\n|-ability|p1a: Chien-Pao|Sword of Ruin\n|turn|6\n|\n|t:|1698584198\n|move|p1a: Chien-Pao|Icicle Crash|p2a: Hatterene\n|-damage|p2a: Hatterene|34\/100\n|move|p2a: Hatterene|Nuzzle|p1a: Chien-Pao\n|-damage|p1a: Chien-Pao|95\/100\n|-status|p1a: Chien-Pao|par\n|\n|upkeep\n|turn|7\n|\n|t:|1698584205\n|move|p1a: Chien-Pao|Icicle Crash|p2a: Hatterene\n|-damage|p2a: Hatterene|0 fnt\n|faint|p2a: Hatterene\n|\n|upkeep\n|\n|t:|1698584219\n|switch|p2a: Poltchageist|Poltchageist|66\/100\n|turn|8\n|\n|t:|1698584223\n|cant|p1a: Chien-Pao|par\n|move|p2a: Poltchageist|Giga Drain|p1a: Chien-Pao\n|-damage|p1a: Chien-Pao|49\/100 par\n|-heal|p2a: Poltchageist|90\/100|[from] drain|[of] p1a: Chien-Pao\n|\n|upkeep\n|turn|9\n|\n|t:|1698584230\n|move|p1a: Chien-Pao|Icicle Crash|p2a: Poltchageist|[miss]\n|-miss|p1a: Chien-Pao|p2a: Poltchageist\n|move|p2a: Poltchageist|Giga Drain|p1a: Chien-Pao\n|-damage|p1a: Chien-Pao|3\/100 par\n|-heal|p2a: Poltchageist|100\/100|[from] drain|[of] p1a: Chien-Pao\n|\n|upkeep\n|turn|10\n|\n|t:|1698584238\n|move|p1a: Chien-Pao|Icicle Crash|p2a: Poltchageist|[miss]\n|-miss|p1a: Chien-Pao|p2a: Poltchageist\n|move|p2a: Poltchageist|Trick Room|p2a: Poltchageist\n|-fieldstart|move: Trick Room|[of] p2a: Poltchageist\n|\n|upkeep\n|turn|11\n|c|\u2606crab game|Aaa\n|\n|t:|1698584244\n|move|p2a: Poltchageist|Giga Drain|p1a: Chien-Pao\n|-damage|p1a: Chien-Pao|0 fnt\n|faint|p1a: Chien-Pao\n|\n|upkeep\n|\n|t:|1698584255\n|switch|p1a: Zacian|Zacian-Crowned, shiny|100\/100\n|-ability|p1a: Zacian|Intrepid Sword|boost\n|-boost|p1a: Zacian|atk|1\n|turn|12\n|\n|t:|1698584261\n|move|p2a: Poltchageist|Shadow Ball|p1a: Zacian\n|-damage|p1a: Zacian|71\/100\n|move|p1a: Zacian|Fire Fang|p2a: Poltchageist\n|-supereffective|p2a: Poltchageist\n|-damage|p2a: Poltchageist|36\/100\n|\n|upkeep\n|turn|13\n|\n|t:|1698584269\n|move|p2a: Poltchageist|Shadow Ball|p1a: Zacian\n|-damage|p1a: Zacian|43\/100\n|move|p1a: Zacian|Fire Fang|p2a: Poltchageist\n|-supereffective|p2a: Poltchageist\n|-crit|p2a: Poltchageist\n|-damage|p2a: Poltchageist|0 fnt\n|faint|p2a: Poltchageist\n|\n|upkeep\n|\n|t:|1698584278\n|switch|p2a: Galvantula|Galvantula, F|100\/100\n|turn|14\n|\n|t:|1698584282\n|move|p2a: Galvantula|Discharge|p1a: Zacian\n|-damage|p1a: Zacian|11\/100\n|move|p1a: Zacian|Fire Fang|p2a: Galvantula\n|-supereffective|p2a: Galvantula\n|-enditem|p2a: Galvantula|Focus Sash\n|-damage|p2a: Galvantula|1\/100\n|\n|-fieldend|move: Trick Room\n|upkeep\n|turn|15\n|\n|t:|1698584290\n|move|p1a: Zacian|Quick Attack|p2a: Galvantula\n|-damage|p2a: Galvantula|0 fnt\n|faint|p2a: Galvantula\n|\n|upkeep\n|\n|t:|1698584293\n|switch|p2a: Ditto|Ditto|100\/100\n|-transform|p2a: Ditto|p1a: Zacian|[from] ability: Imposter\n|-ability|p2a: Ditto|Intrepid Sword|boost\n|-boost|p2a: Ditto|atk|1\n|turn|16\n|\n|t:|1698584301\n|move|p2a: Ditto|Quick Attack|p1a: Zacian\n|-resisted|p1a: Zacian\n|-damage|p1a: Zacian|0 fnt\n|faint|p1a: Zacian\n|\n|upkeep\n|\n|t:|1698584306\n|switch|p1a: Volcarona|Volcarona, F|100\/100\n|turn|17\n|c|\u2606AshKetchupForever|he he boi\n|\n|t:|1698584323\n|move|p2a: Ditto|Play Rough|p1a: Volcarona\n|-resisted|p1a: Volcarona\n|-damage|p1a: Volcarona|22\/100\n|move|p1a: Volcarona|Fiery Dance|p2a: Ditto\n|-supereffective|p2a: Ditto\n|-damage|p2a: Ditto|6\/100\n|-boost|p1a: Volcarona|spa|1\n|\n|upkeep\n|turn|18\n|\n|t:|1698584335\n|move|p2a: Ditto|Quick Attack|p1a: Volcarona\n|-damage|p1a: Volcarona|0 fnt\n|faint|p1a: Volcarona\n|\n|upkeep\n|\n|t:|1698584340\n|switch|p1a: Dragapult|Dragapult, M|100\/100\n|turn|19\n|\n|t:|1698584351\n|-terastallize|p1a: Dragapult|Dark\n|move|p1a: Dragapult|Phantom Force||[still]\n|-prepare|p1a: Dragapult|Phantom Force\n|move|p2a: Ditto|Fire Fang|p1a: Dragapult|[miss]\n|-miss|p2a: Ditto|p1a: Dragapult\n|\n|upkeep\n|turn|20\n|\n|t:|1698584361\n|move|p1a: Dragapult|Phantom Force|p2a: Ditto|[from]lockedmove\n|-damage|p2a: Ditto|0 fnt\n|faint|p2a: Ditto\n|\n|upkeep\n|\n|t:|1698584365\n|switch|p2a: Flamigo|Flamigo, F|100\/100\n|turn|21\n|\n|t:|1698584369\n|move|p1a: Dragapult|Dragon Darts|p2a: Flamigo\n|-damage|p2a: Flamigo|61\/100\n|-anim|p1a: Dragapult|Dragon Darts|p2a: Flamigo\n|-damage|p2a: Flamigo|24\/100\n|move|p2a: Flamigo|Bulk Up|p2a: Flamigo\n|-boost|p2a: Flamigo|atk|1\n|-boost|p2a: Flamigo|def|1\n|\n|upkeep\n|turn|22\n|\n|t:|1698584377\n|-terastallize|p2a: Flamigo|Fairy\n|move|p1a: Dragapult|Dragon Darts|p2a: Flamigo\n|-immune|p2a: Flamigo\n|move|p2a: Flamigo|Acrobatics|p1a: Dragapult\n|-damage|p1a: Dragapult|48\/100\n|\n|upkeep\n|turn|23\n|\n|t:|1698584385\n|move|p1a: Dragapult|Phantom Force||[still]\n|-prepare|p1a: Dragapult|Phantom Force\n|move|p2a: Flamigo|Dual Wingbeat|p1a: Dragapult|[miss]\n|-miss|p2a: Flamigo|p1a: Dragapult\n|\n|upkeep\n|turn|24\n|\n|t:|1698584391\n|switch|p2a: Komala|Komala, M|100\/100\n|-ability|p2a: Komala|Comatose\n|move|p1a: Dragapult|Phantom Force|p2a: Komala|[from]lockedmove\n|-immune|p2a: Komala\n|\n|upkeep\n|turn|25\n|\n|t:|1698584398\n|move|p1a: Dragapult|Dragon Darts|p2a: Komala\n|-damage|p2a: Komala|54\/100\n|-anim|p1a: Dragapult|Dragon Darts|p2a: Komala\n|-damage|p2a: Komala|6\/100\n|move|p2a: Komala|Sleep Talk|p2a: Komala\n|move|p2a: Komala|Last Resort|p1a: Dragapult|[from]move: Sleep Talk\n|-damage|p1a: Dragapult|0 fnt\n|faint|p1a: Dragapult\n|\n|upkeep\n|\n|t:|1698584407\n|switch|p1a: Alakazam|Alakazam, M|100\/100\n|turn|26\n|\n|t:|1698584411\n|detailschange|p1a: Alakazam|Alakazam-Mega, M\n|-mega|p1a: Alakazam|Alakazam|Alakazite\n|move|p1a: Alakazam|Psychic|p2a: Komala\n|-damage|p2a: Komala|0 fnt\n|faint|p2a: Komala\n|\n|upkeep\n|\n|t:|1698584416\n|switch|p2a: Flamigo|Flamigo, F, tera:Fairy|24\/100\n|-ability|p1a: Alakazam|Scrappy|[from] ability: Trace|[of] p2a: Flamigo\n|turn|27\n|c|\u2606crab game|Hehe\n|\n|t:|1698584422\n|move|p1a: Alakazam|Psychic|p2a: Flamigo\n|-damage|p2a: Flamigo|0 fnt\n|faint|p2a: Flamigo\n|\n|win|crab game\n|raw|crab game's rating: 1189 &rarr; <strong>1214<\/strong><br \/>(+25 for winning)\n|raw|AshKetchupForever's rating: 1183 &rarr; <strong>1158<\/strong><br \/>(-25 for losing)\n|c|\u2606crab game|GG\n","uploadtime":1698584432,"views":11,"p1id":"crabgame","p2id":"ashketchupforever","formatid":"gen9nationaldexubers","rating":1158,"private":0,"password":""}