{"id":"gen9nationaldexubers-1993672320","p1":"kamilud2","p2":"TTeTyLLloK","format":"[Gen 9] National Dex Ubers","log":"|j|\u2606kamilud2\n|j|\u2606TTeTyLLloK\n|t:|1700343964\n|gametype|singles\n|player|p1|kamilud2|benga|1481\n|player|p2|TTeTyLLloK|bruno|1374\n|teamsize|p1|6\n|teamsize|p2|6\n|gen|9\n|tier|[Gen 9] National Dex Ubers\n|rated|\n|rule|HP Percentage Mod: HP is shown in percentages\n|rule|Endless Battle Clause: Forcing endless battles is banned\n|rule|OHKO Clause: OHKO moves are banned\n|rule|Evasion Moves Clause: Evasion moves are banned\n|rule|Evasion Items Clause: Evasion items are banned\n|rule|Species Clause: Limit one of each Pok\u00e9mon\n|rule|Sleep Clause Mod: Limit one foe put to sleep\n|rule|Mega Rayquaza Clause: You cannot mega evolve Rayquaza\n|clearpoke\n|poke|p1|Chansey, F|\n|poke|p1|Garganacl, M|\n|poke|p1|Slowbro, M|\n|poke|p1|Ho-Oh|\n|poke|p1|Dondozo, F|\n|poke|p1|Maushold-Four|\n|poke|p2|Chesnaught, M|\n|poke|p2|Dugtrio, M|\n|poke|p2|Deoxys-Speed|\n|poke|p2|Slaking, M|\n|poke|p2|Mewtwo|\n|poke|p2|Ribombee, M|\n|teampreview\n|inactive|Battle timer is ON: inactive players will automatically lose when time's up. (requested by TTeTyLLloK)\n|\n|t:|1700343976\n|start\n|switch|p1a: Maushold|Maushold-Four|100\/100\n|switch|p2a: Deoxys|Deoxys-Speed|100\/100\n|-ability|p2a: Deoxys|Pressure\n|turn|1\n|\n|t:|1700343983\n|-terastallize|p1a: Maushold|Normal\n|move|p2a: Deoxys|Taunt|p1a: Maushold\n|-start|p1a: Maushold|move: Taunt\n|move|p1a: Maushold|Population Bomb|p2a: Deoxys\n|-damage|p2a: Deoxys|83\/100\n|-damage|p1a: Maushold|84\/100|[from] item: Rocky Helmet|[of] p2a: Deoxys\n|-damage|p2a: Deoxys|66\/100\n|-damage|p1a: Maushold|67\/100|[from] item: Rocky Helmet|[of] p2a: Deoxys\n|-damage|p2a: Deoxys|49\/100\n|-damage|p1a: Maushold|51\/100|[from] item: Rocky Helmet|[of] p2a: Deoxys\n|-damage|p2a: Deoxys|31\/100\n|-damage|p1a: Maushold|34\/100|[from] item: Rocky Helmet|[of] p2a: Deoxys\n|-damage|p2a: Deoxys|14\/100\n|-damage|p1a: Maushold|17\/100|[from] item: Rocky Helmet|[of] p2a: Deoxys\n|-damage|p2a: Deoxys|0 fnt\n|-damage|p1a: Maushold|1\/100|[from] item: Rocky Helmet|[of] p2a: Deoxys\n|faint|p2a: Deoxys\n|-hitcount|p2: Deoxys|6\n|\n|upkeep\n|\n|t:|1700343991\n|switch|p2a: Ribombee|Ribombee, M|100\/100\n|turn|2\n|\n|t:|1700344005\n|move|p2a: Ribombee|Moonblast|p1a: Maushold\n|-damage|p1a: Maushold|0 fnt\n|faint|p1a: Maushold\n|\n|upkeep\n|\n|t:|1700344011\n|switch|p1a: Garganacl|Garganacl, M|100\/100\n|turn|3\n|\n|t:|1700344015\n|move|p2a: Ribombee|Sticky Web|p1a: Garganacl\n|-sidestart|p1: kamilud2|move: Sticky Web\n|move|p1a: Garganacl|Salt Cure|p2a: Ribombee\n|-supereffective|p2a: Ribombee\n|-damage|p2a: Ribombee|40\/100\n|\n|upkeep\n|turn|4\n|\n|t:|1700344021\n|move|p2a: Ribombee|Moonblast|p1a: Garganacl\n|-damage|p1a: Garganacl|63\/100\n|move|p1a: Garganacl|Stealth Rock|p2a: Ribombee\n|-sidestart|p2: TTeTyLLloK|move: Stealth Rock\n|\n|-heal|p1a: Garganacl|69\/100|[from] item: Leftovers\n|upkeep\n|turn|5\n|\n|t:|1700344027\n|move|p1a: Garganacl|Protect|p1a: Garganacl\n|-singleturn|p1a: Garganacl|Protect\n|move|p2a: Ribombee|Moonblast|p1a: Garganacl\n|-activate|p1a: Garganacl|move: Protect\n|\n|-heal|p1a: Garganacl|75\/100|[from] item: Leftovers\n|upkeep\n|turn|6\n|\n|t:|1700344035\n|move|p2a: Ribombee|Moonblast|p1a: Garganacl\n|-damage|p1a: Garganacl|41\/100\n|move|p1a: Garganacl|Recover|p1a: Garganacl\n|-heal|p1a: Garganacl|91\/100\n|\n|-heal|p1a: Garganacl|98\/100|[from] item: Leftovers\n|upkeep\n|turn|7\n|\n|t:|1700344041\n|move|p2a: Ribombee|U-turn|p1a: Garganacl\n|-damage|p1a: Garganacl|90\/100\n|\n|t:|1700344045\n|switch|p2a: Dugtrio|Dugtrio, M|100\/100|[from] U-turn\n|-damage|p2a: Dugtrio|94\/100|[from] Stealth Rock\n|move|p1a: Garganacl|Salt Cure|p2a: Dugtrio\n|-resisted|p2a: Dugtrio\n|-damage|p2a: Dugtrio|76\/100\n|-start|p2a: Dugtrio|Salt Cure\n|\n|-heal|p1a: Garganacl|96\/100|[from] item: Leftovers\n|-damage|p2a: Dugtrio|64\/100|[from] Salt Cure\n|upkeep\n|turn|8\n|\n|t:|1700344055\n|move|p1a: Garganacl|Protect|p1a: Garganacl\n|-singleturn|p1a: Garganacl|Protect\n|move|p2a: Dugtrio|Earthquake|p1a: Garganacl\n|-activate|p1a: Garganacl|move: Protect\n|\n|-heal|p1a: Garganacl|100\/100|[from] item: Leftovers\n|-damage|p2a: Dugtrio|52\/100|[from] Salt Cure\n|upkeep\n|turn|9\n|\n|t:|1700344063\n|move|p2a: Dugtrio|Earthquake|p1a: Garganacl\n|-supereffective|p1a: Garganacl\n|-damage|p1a: Garganacl|51\/100\n|move|p1a: Garganacl|Recover|p1a: Garganacl\n|-heal|p1a: Garganacl|100\/100\n|\n|-damage|p2a: Dugtrio|39\/100|[from] Salt Cure\n|upkeep\n|turn|10\n|\n|t:|1700344073\n|-terastallize|p2a: Dugtrio|Ground\n|move|p2a: Dugtrio|Earthquake|p1a: Garganacl\n|-supereffective|p1a: Garganacl\n|-damage|p1a: Garganacl|40\/100\n|move|p1a: Garganacl|Salt Cure|p2a: Dugtrio\n|-resisted|p2a: Dugtrio\n|-damage|p2a: Dugtrio|19\/100\n|\n|-heal|p1a: Garganacl|46\/100|[from] item: Leftovers\n|-damage|p2a: Dugtrio|6\/100|[from] Salt Cure\n|upkeep\n|turn|11\n|\n|t:|1700344082\n|move|p1a: Garganacl|Protect|p1a: Garganacl\n|-singleturn|p1a: Garganacl|Protect\n|move|p2a: Dugtrio|Memento|p1a: Garganacl\n|-activate|p1a: Garganacl|move: Protect\n|\n|-heal|p1a: Garganacl|52\/100|[from] item: Leftovers\n|-damage|p2a: Dugtrio|0 fnt|[from] Salt Cure\n|faint|p2a: Dugtrio\n|upkeep\n|\n|t:|1700344086\n|switch|p2a: Chesnaught|Chesnaught, M|100\/100\n|-damage|p2a: Chesnaught|95\/100|[from] Stealth Rock\n|turn|12\n|\n|t:|1700344093\n|move|p2a: Chesnaught|Belly Drum|p2a: Chesnaught\n|-damage|p2a: Chesnaught|45\/100\n|-setboost|p2a: Chesnaught|atk|6|[from] move: Belly Drum\n|-enditem|p2a: Chesnaught|Sitrus Berry|[eat]\n|-heal|p2a: Chesnaught|69\/100|[from] item: Sitrus Berry\n|move|p1a: Garganacl|Salt Cure|p2a: Chesnaught\n|-resisted|p2a: Chesnaught\n|-damage|p2a: Chesnaught|63\/100\n|-start|p2a: Chesnaught|Salt Cure\n|\n|-heal|p1a: Garganacl|59\/100|[from] item: Leftovers\n|-damage|p2a: Chesnaught|51\/100|[from] Salt Cure\n|upkeep\n|turn|13\n|\n|t:|1700344104\n|move|p1a: Garganacl|Protect|p1a: Garganacl\n|-singleturn|p1a: Garganacl|Protect\n|move|p2a: Chesnaught|Trailblaze|p1a: Garganacl\n|-activate|p1a: Garganacl|move: Protect\n|\n|-heal|p1a: Garganacl|65\/100|[from] item: Leftovers\n|-damage|p2a: Chesnaught|39\/100|[from] Salt Cure\n|upkeep\n|turn|14\n|\n|t:|1700344112\n|switch|p1a: Ho-Oh|Ho-Oh|100\/100\n|move|p2a: Chesnaught|Drain Punch|p1a: Ho-Oh\n|-resisted|p1a: Ho-Oh\n|-damage|p1a: Ho-Oh|35\/100\n|-heal|p2a: Chesnaught|82\/100|[from] drain|[of] p1a: Ho-Oh\n|\n|-damage|p2a: Chesnaught|69\/100|[from] Salt Cure\n|upkeep\n|turn|15\n|\n|t:|1700344123\n|switch|p1a: Dondozo|Dondozo, F|100\/100\n|-activate|p1a: Dondozo|move: Sticky Web\n|-unboost|p1a: Dondozo|spe|1\n|move|p2a: Chesnaught|Drain Punch|p1a: Dondozo\n|-damage|p1a: Dondozo|85\/100\n|-heal|p2a: Chesnaught|82\/100|[from] drain|[of] p1a: Dondozo\n|\n|-heal|p1a: Dondozo|91\/100|[from] item: Leftovers\n|-damage|p2a: Chesnaught|69\/100|[from] Salt Cure\n|upkeep\n|turn|16\n|\n|t:|1700344134\n|move|p2a: Chesnaught|Trailblaze|p1a: Dondozo\n|-supereffective|p1a: Dondozo\n|-damage|p1a: Dondozo|71\/100\n|-boost|p2a: Chesnaught|spe|1\n|move|p1a: Dondozo|Curse|p1a: Dondozo\n|-unboost|p1a: Dondozo|spe|1\n|-boost|p1a: Dondozo|atk|1\n|-boost|p1a: Dondozo|def|1\n|\n|-heal|p1a: Dondozo|77\/100|[from] item: Leftovers\n|-damage|p2a: Chesnaught|57\/100|[from] Salt Cure\n|upkeep\n|turn|17\n|\n|t:|1700344146\n|switch|p2a: Mewtwo|Mewtwo|100\/100\n|-ability|p2a: Mewtwo|Unnerve\n|-damage|p2a: Mewtwo|88\/100|[from] Stealth Rock\n|move|p1a: Dondozo|Liquidation|p2a: Mewtwo\n|-damage|p2a: Mewtwo|41\/100\n|\n|-heal|p1a: Dondozo|83\/100|[from] item: Leftovers\n|upkeep\n|turn|18\n|\n|t:|1700344160\n|detailschange|p2a: Mewtwo|Mewtwo-Mega-Y\n|-mega|p2a: Mewtwo|Mewtwo|Mewtwonite Y\n|move|p2a: Mewtwo|Thunderbolt|p1a: Dondozo\n|-supereffective|p1a: Dondozo\n|-damage|p1a: Dondozo|0 fnt\n|faint|p1a: Dondozo\n|\n|upkeep\n|\n|t:|1700344177\n|switch|p1a: Ho-Oh|Ho-Oh|68\/100\n|turn|19\n|\n|t:|1700344182\n|move|p2a: Mewtwo|Thunderbolt|p1a: Ho-Oh\n|-supereffective|p1a: Ho-Oh\n|-damage|p1a: Ho-Oh|31\/100\n|move|p1a: Ho-Oh|Sacred Fire|p2a: Mewtwo|[miss]\n|-miss|p1a: Ho-Oh|p2a: Mewtwo\n|\n|upkeep\n|turn|20\n|\n|t:|1700344199\n|switch|p1a: Chansey|Chansey, F|100\/100\n|-activate|p1a: Chansey|move: Sticky Web\n|-unboost|p1a: Chansey|spe|1\n|move|p2a: Mewtwo|Psystrike|p1a: Chansey\n|-damage|p1a: Chansey|0 fnt\n|faint|p1a: Chansey\n|\n|upkeep\n|\n|t:|1700344208\n|switch|p1a: Ho-Oh|Ho-Oh|64\/100\n|turn|21\n|\n|t:|1700344211\n|move|p2a: Mewtwo|Psystrike|p1a: Ho-Oh\n|-damage|p1a: Ho-Oh|0 fnt\n|faint|p1a: Ho-Oh\n|\n|upkeep\n|\n|t:|1700344215\n|switch|p1a: Garganacl|Garganacl, M|65\/100\n|-activate|p1a: Garganacl|move: Sticky Web\n|-unboost|p1a: Garganacl|spe|1\n|turn|22\n|\n|t:|1700344219\n|move|p1a: Garganacl|Protect|p1a: Garganacl\n|-singleturn|p1a: Garganacl|Protect\n|move|p2a: Mewtwo|Nasty Plot|p2a: Mewtwo\n|-boost|p2a: Mewtwo|spa|2\n|\n|-heal|p1a: Garganacl|71\/100|[from] item: Leftovers\n|upkeep\n|turn|23\n|-message|kamilud2 forfeited.\n|\n|win|TTeTyLLloK\n|raw|kamilud2's rating: 1481 &rarr; <strong>1455<\/strong><br \/>(-26 for losing)\n|raw|TTeTyLLloK's rating: 1374 &rarr; <strong>1400<\/strong><br \/>(+26 for winning)\n|l|\u2606kamilud2\n","uploadtime":1700344226,"views":7,"p1id":"kamilud2","p2id":"ttetylllok","formatid":"gen9nationaldexubers","rating":1400,"private":0,"password":""}