{"id":"gen9nationaldexubers-1996316875","p1":"kom.moom","p2":"Brioche-DDD","format":"[Gen 9] National Dex Ubers","log":"|j|\u2606kom.moom\n|j|\u2606Brioche-DDD\n|t:|1700670521\n|gametype|singles\n|player|p1|kom.moom|1|1142\n|player|p2|Brioche-DDD|clown|1000\n|teamsize|p1|6\n|teamsize|p2|6\n|gen|9\n|tier|[Gen 9] National Dex Ubers\n|rated|\n|rule|HP Percentage Mod: HP is shown in percentages\n|rule|Endless Battle Clause: Forcing endless battles is banned\n|rule|OHKO Clause: OHKO moves are banned\n|rule|Evasion Moves Clause: Evasion moves are banned\n|rule|Evasion Items Clause: Evasion items are banned\n|rule|Species Clause: Limit one of each Pok\u00e9mon\n|rule|Sleep Clause Mod: Limit one foe put to sleep\n|rule|Mega Rayquaza Clause: You cannot mega evolve Rayquaza\n|clearpoke\n|poke|p1|Grimmsnarl, M|\n|poke|p1|Chatot, F|\n|poke|p1|Mew|\n|poke|p1|Lopunny, M|\n|poke|p1|Great Tusk|\n|poke|p1|Glimmora, F|\n|poke|p2|Kommo-o, M|\n|poke|p2|Ursaluna-Bloodmoon, M|\n|poke|p2|Dipplin, M|\n|poke|p2|Typhlosion-Hisui, F|\n|poke|p2|Great Tusk|\n|poke|p2|Ogerpon-Wellspring, F|\n|teampreview\n|inactive|Battle timer is ON: inactive players will automatically lose when time's up. (requested by kom.moom)\n|\n|t:|1700670543\n|start\n|switch|p1a: Chatot|Chatot, F|100\/100\n|switch|p2a: Ben & Jerry|Dipplin, M|100\/100\n|turn|1\n|\n|t:|1700670558\n|-terastallize|p2a: Ben & Jerry|Fairy\n|move|p1a: Chatot|Chatter|p2a: Ben & Jerry\n|-damage|p2a: Ben & Jerry|86\/100\n|-start|p2a: Ben & Jerry|confusion\n|-activate|p2a: Ben & Jerry|confusion\n|move|p2a: Ben & Jerry|Infestation|p1a: Chatot\n|-resisted|p1a: Chatot\n|-damage|p1a: Chatot|95\/100\n|-activate|p1a: Chatot|move: Infestation|[of] p2a: Ben & Jerry\n|\n|-damage|p1a: Chatot|83\/100|[from] move: Infestation|[partiallytrapped]\n|upkeep\n|turn|2\n|\n|t:|1700670576\n|move|p1a: Chatot|Chatter|p2a: Ben & Jerry\n|-damage|p2a: Ben & Jerry|71\/100\n|-activate|p2a: Ben & Jerry|confusion\n|move|p2a: Ben & Jerry|Giga Drain|p1a: Chatot\n|-resisted|p1a: Chatot\n|-damage|p1a: Chatot|55\/100\n|-heal|p2a: Ben & Jerry|82\/100|[from] drain|[of] p1a: Chatot\n|\n|-damage|p1a: Chatot|43\/100|[from] move: Infestation|[partiallytrapped]\n|upkeep\n|turn|3\n|\n|t:|1700670587\n|move|p1a: Chatot|Chatter|p2a: Ben & Jerry\n|-damage|p2a: Ben & Jerry|66\/100\n|-end|p2a: Ben & Jerry|confusion\n|move|p2a: Ben & Jerry|Giga Drain|p1a: Chatot\n|-resisted|p1a: Chatot\n|-damage|p1a: Chatot|16\/100\n|-heal|p2a: Ben & Jerry|77\/100|[from] drain|[of] p1a: Chatot\n|\n|-damage|p1a: Chatot|4\/100|[from] move: Infestation|[partiallytrapped]\n|upkeep\n|turn|4\n|\n|t:|1700670598\n|move|p1a: Chatot|Chatter|p2a: Ben & Jerry\n|-damage|p2a: Ben & Jerry|63\/100\n|-start|p2a: Ben & Jerry|confusion\n|-activate|p2a: Ben & Jerry|confusion\n|-damage|p2a: Ben & Jerry|58\/100|[from] confusion\n|\n|-damage|p1a: Chatot|0 fnt|[from] move: Infestation|[partiallytrapped]\n|faint|p1a: Chatot\n|upkeep\n|\n|t:|1700670602\n|switch|p1a: Lopunny|Lopunny, M|100\/100\n|turn|5\n|\n|t:|1700670612\n|move|p1a: Lopunny|Switcheroo|p2a: Ben & Jerry\n|-immune|p2a: Ben & Jerry\n|-activate|p2a: Ben & Jerry|confusion\n|-damage|p2a: Ben & Jerry|52\/100|[from] confusion\n|\n|upkeep\n|turn|6\n|\n|t:|1700670621\n|move|p1a: Lopunny|U-turn|p2a: Ben & Jerry\n|-resisted|p2a: Ben & Jerry\n|-damage|p2a: Ben & Jerry|47\/100\n|\n|t:|1700670628\n|switch|p1a: Glimmora|Glimmora, F|100\/100|[from] U-turn\n|-activate|p2a: Ben & Jerry|confusion\n|move|p2a: Ben & Jerry|Dragon Breath|p1a: Glimmora\n|-damage|p1a: Glimmora|72\/100\n|\n|upkeep\n|turn|7\n|\n|t:|1700670636\n|move|p1a: Glimmora|Toxic|p2a: Ben & Jerry\n|-status|p2a: Ben & Jerry|tox\n|-end|p2a: Ben & Jerry|confusion\n|move|p2a: Ben & Jerry|Dragon Breath|p1a: Glimmora\n|-damage|p1a: Glimmora|43\/100\n|-status|p1a: Glimmora|par\n|\n|-damage|p2a: Ben & Jerry|41\/100 tox|[from] psn\n|upkeep\n|turn|8\n|\n|t:|1700670647\n|move|p1a: Glimmora|Toxic Spikes|p2a: Ben & Jerry\n|-sidestart|p2: Brioche-DDD|move: Toxic Spikes\n|move|p2a: Ben & Jerry|Infestation|p1a: Glimmora\n|-resisted|p1a: Glimmora\n|-damage|p1a: Glimmora|40\/100 par\n|-activate|p1a: Glimmora|move: Infestation|[of] p2a: Ben & Jerry\n|\n|-damage|p2a: Ben & Jerry|29\/100 tox|[from] psn\n|-damage|p1a: Glimmora|28\/100 par|[from] move: Infestation|[partiallytrapped]\n|upkeep\n|turn|9\n|\n|t:|1700670657\n|move|p1a: Glimmora|Toxic Spikes|p2a: Ben & Jerry\n|-sidestart|p2: Brioche-DDD|move: Toxic Spikes\n|move|p2a: Ben & Jerry|Recover|p2a: Ben & Jerry\n|-heal|p2a: Ben & Jerry|79\/100 tox\n|\n|-damage|p2a: Ben & Jerry|61\/100 tox|[from] psn\n|-damage|p1a: Glimmora|15\/100 par|[from] move: Infestation|[partiallytrapped]\n|upkeep\n|turn|10\n|\n|t:|1700670668\n|move|p1a: Glimmora|Power Gem|p2a: Ben & Jerry\n|-damage|p2a: Ben & Jerry|39\/100 tox\n|move|p2a: Ben & Jerry|Recover|p2a: Ben & Jerry\n|-heal|p2a: Ben & Jerry|89\/100 tox\n|\n|-damage|p2a: Ben & Jerry|65\/100 tox|[from] psn\n|-damage|p1a: Glimmora|3\/100 par|[from] move: Infestation|[partiallytrapped]\n|upkeep\n|turn|11\n|\n|t:|1700670678\n|cant|p1a: Glimmora|par\n|move|p2a: Ben & Jerry|Recover|p2a: Ben & Jerry\n|-heal|p2a: Ben & Jerry|100\/100 tox\n|\n|-damage|p2a: Ben & Jerry|70\/100 tox|[from] psn\n|-damage|p1a: Glimmora|0 fnt|[from] move: Infestation|[partiallytrapped]\n|faint|p1a: Glimmora\n|upkeep\n|\n|t:|1700670691\n|switch|p1a: Mew|Mew|100\/100\n|turn|12\n|\n|t:|1700670698\n|move|p1a: Mew|Imprison|p1a: Mew\n|-start|p1a: Mew|move: Imprison\n|move|p2a: Ben & Jerry|Dragon Breath|p1a: Mew\n|-damage|p1a: Mew|88\/100\n|\n|-heal|p1a: Mew|94\/100|[from] item: Leftovers\n|-damage|p2a: Ben & Jerry|34\/100 tox|[from] psn\n|upkeep\n|turn|13\n|\n|t:|1700670713\n|move|p1a: Mew|Earthquake|p2a: Ben & Jerry\n|-damage|p2a: Ben & Jerry|21\/100 tox\n|move|p2a: Ben & Jerry|Dragon Breath|p1a: Mew\n|-damage|p1a: Mew|82\/100\n|\n|-heal|p1a: Mew|88\/100|[from] item: Leftovers\n|-damage|p2a: Ben & Jerry|0 fnt|[from] psn\n|faint|p2a: Ben & Jerry\n|upkeep\n|\n|t:|1700670724\n|switch|p2a: Gammoth|Great Tusk|100\/100\n|-status|p2a: Gammoth|tox\n|-enditem|p2a: Gammoth|Booster Energy\n|-activate|p2a: Gammoth|ability: Protosynthesis|[fromitem]\n|-start|p2a: Gammoth|protosynthesisatk\n|turn|14\n|\n|t:|1700670732\n|move|p2a: Gammoth|Rapid Spin|p1a: Mew\n|-damage|p1a: Mew|68\/100\n|-boost|p2a: Gammoth|spe|1\n|-sideend|p2: Brioche-DDD|Toxic Spikes|[from] move: Rapid Spin|[of] p2a: Gammoth\n|move|p1a: Mew|Transform|p2a: Gammoth\n|-transform|p1a: Mew|p2a: Gammoth\n|\n|-heal|p1a: Mew|74\/100|[from] item: Leftovers\n|-damage|p2a: Gammoth|94\/100 tox|[from] psn\n|upkeep\n|turn|15\n|\n|t:|1700670747\n|-activate|p2a: Gammoth|move: Struggle\n|move|p2a: Gammoth|Struggle|p1a: Mew\n|-damage|p1a: Mew|58\/100\n|-damage|p2a: Gammoth|69\/100 tox|[from] recoil\n|move|p1a: Mew|Knock Off|p2a: Gammoth\n|-resisted|p2a: Gammoth\n|-damage|p2a: Gammoth|60\/100 tox\n|\n|-heal|p1a: Mew|64\/100|[from] item: Leftovers\n|-damage|p2a: Gammoth|48\/100 tox|[from] psn\n|upkeep\n|turn|16\n|\n|t:|1700670766\n|-end|p2a: Gammoth|Protosynthesis|[silent]\n|switch|p2a: Maria|Ogerpon-Wellspring, F|100\/100\n|move|p1a: Mew|Rapid Spin|p2a: Maria\n|-damage|p2a: Maria|77\/100\n|-boost|p1a: Mew|spe|1\n|\n|-heal|p1a: Mew|71\/100|[from] item: Leftovers\n|upkeep\n|turn|17\n|\n|t:|1700670782\n|move|p1a: Mew|Close Combat|p2a: Maria\n|-damage|p2a: Maria|0 fnt\n|-unboost|p1a: Mew|def|1\n|-unboost|p1a: Mew|spd|1\n|faint|p2a: Maria\n|\n|-heal|p1a: Mew|77\/100|[from] item: Leftovers\n|upkeep\n|\n|t:|1700670794\n|switch|p2a: Avamir|Kommo-o, M|100\/100\n|turn|18\n|\n|t:|1700670805\n|-end|p1a: Mew|Protosynthesis|[silent]\n|switch|p1a: Grimmsnarl|Grimmsnarl, M|100\/100\n|move|p2a: Avamir|Scale Shot|p1a: Grimmsnarl\n|-immune|p1a: Grimmsnarl\n|\n|upkeep\n|turn|19\n|\n|t:|1700670814\n|switch|p2a: Eliza|Typhlosion-Hisui, F|100\/100\n|move|p1a: Grimmsnarl|Bulk Up|p1a: Grimmsnarl\n|-boost|p1a: Grimmsnarl|atk|1\n|-boost|p1a: Grimmsnarl|def|1\n|\n|upkeep\n|turn|20\n|\n|t:|1700670823\n|move|p2a: Eliza|Will-O-Wisp|p1a: Grimmsnarl\n|-status|p1a: Grimmsnarl|brn\n|move|p1a: Grimmsnarl|False Surrender|p2a: Eliza\n|-supereffective|p2a: Eliza\n|-damage|p2a: Eliza|11\/100\n|\n|-damage|p1a: Grimmsnarl|94\/100 brn|[from] brn\n|upkeep\n|turn|21\n|\n|t:|1700670833\n|move|p2a: Eliza|Infernal Parade|p1a: Grimmsnarl\n|-resisted|p1a: Grimmsnarl\n|-damage|p1a: Grimmsnarl|61\/100 brn\n|-heal|p2a: Eliza|17\/100|[from] item: Shell Bell|[of] p1a: Grimmsnarl\n|move|p1a: Grimmsnarl|False Surrender|p2a: Eliza\n|-supereffective|p2a: Eliza\n|-damage|p2a: Eliza|0 fnt\n|faint|p2a: Eliza\n|\n|-heal|p1a: Grimmsnarl|68\/100 brn|[from] item: Leftovers\n|-damage|p1a: Grimmsnarl|61\/100 brn|[from] brn\n|upkeep\n|\n|t:|1700670848\n|switch|p2a: Asgore|Ursaluna-Bloodmoon, M|100\/100\n|turn|22\n|\n|t:|1700670857\n|move|p1a: Grimmsnarl|Bulk Up|p1a: Grimmsnarl\n|-boost|p1a: Grimmsnarl|atk|1\n|-boost|p1a: Grimmsnarl|def|1\n|move|p2a: Asgore|Earth Power|p1a: Grimmsnarl\n|-damage|p1a: Grimmsnarl|15\/100 brn\n|\n|-heal|p1a: Grimmsnarl|21\/100 brn|[from] item: Leftovers\n|-damage|p1a: Grimmsnarl|15\/100 brn|[from] brn\n|upkeep\n|turn|23\n|\n|t:|1700670867\n|move|p1a: Grimmsnarl|Rest|p1a: Grimmsnarl\n|-status|p1a: Grimmsnarl|slp|[from] move: Rest\n|-heal|p1a: Grimmsnarl|100\/100 slp|[silent]\n|move|p2a: Asgore|Earth Power|p1a: Grimmsnarl\n|-damage|p1a: Grimmsnarl|47\/100 slp\n|\n|-heal|p1a: Grimmsnarl|53\/100 slp|[from] item: Leftovers\n|upkeep\n|turn|24\n|\n|t:|1700670878\n|cant|p1a: Grimmsnarl|slp\n|move|p1a: Grimmsnarl|Sleep Talk|p1a: Grimmsnarl\n|move|p1a: Grimmsnarl|Bulk Up|p1a: Grimmsnarl|[from]move: Sleep Talk\n|-boost|p1a: Grimmsnarl|atk|1\n|-boost|p1a: Grimmsnarl|def|1\n|move|p2a: Asgore|Blood Moon|p1a: Grimmsnarl\n|-damage|p1a: Grimmsnarl|0 fnt\n|faint|p1a: Grimmsnarl\n|\n|upkeep\n|\n|t:|1700670888\n|switch|p1a: Mew|Mew|77\/100\n|turn|25\n|\n|t:|1700670897\n|move|p1a: Mew|Imprison|p1a: Mew\n|-start|p1a: Mew|move: Imprison\n|move|p2a: Asgore|Earth Power|p1a: Mew\n|-damage|p1a: Mew|43\/100\n|\n|-heal|p1a: Mew|49\/100|[from] item: Leftovers\n|upkeep\n|turn|26\n|\n|t:|1700670907\n|move|p1a: Mew|Transform|p2a: Asgore\n|-transform|p1a: Mew|p2a: Asgore\n|cant|p2a: Asgore|move: Imprison|Blood Moon\n|\n|-heal|p1a: Mew|55\/100|[from] item: Leftovers\n|upkeep\n|turn|27\n|\n|t:|1700670916\n|switch|p2a: Gammoth|Great Tusk|48\/100 tox\n|move|p1a: Mew|Moonlight|p1a: Mew\n|-heal|p1a: Mew|100\/100\n|\n|-damage|p2a: Gammoth|41\/100 tox|[from] psn\n|upkeep\n|turn|28\n|\n|t:|1700670930\n|move|p2a: Gammoth|Close Combat|p1a: Mew\n|-supereffective|p1a: Mew\n|-damage|p1a: Mew|0 fnt\n|-unboost|p2a: Gammoth|def|1\n|-unboost|p2a: Gammoth|spd|1\n|faint|p1a: Mew\n|\n|-damage|p2a: Gammoth|29\/100 tox|[from] psn\n|upkeep\n|\n|t:|1700670935\n|switch|p1a: Great Tusk|Great Tusk|100\/100\n|turn|29\n|\n|t:|1700670951\n|move|p1a: Great Tusk|Rapid Spin|p2a: Gammoth\n|-damage|p2a: Gammoth|12\/100 tox\n|-boost|p1a: Great Tusk|spe|1\n|move|p2a: Gammoth|Knock Off|p1a: Great Tusk\n|-resisted|p1a: Great Tusk\n|-damage|p1a: Great Tusk|88\/100\n|-enditem|p1a: Great Tusk|Heavy-Duty Boots|[from] move: Knock Off|[of] p2a: Gammoth\n|\n|-damage|p2a: Gammoth|0 fnt|[from] psn\n|faint|p2a: Gammoth\n|-end|p2a: Gammoth|Protosynthesis|[silent]\n|upkeep\n|\n|t:|1700670966\n|switch|p2a: Avamir|Kommo-o, M|100\/100\n|turn|30\n|\n|t:|1700670975\n|move|p1a: Great Tusk|Headlong Rush|p2a: Avamir\n|-damage|p2a: Avamir|46\/100\n|-unboost|p1a: Great Tusk|def|1\n|-unboost|p1a: Great Tusk|spd|1\n|move|p2a: Avamir|Scale Shot|p1a: Great Tusk\n|-damage|p1a: Great Tusk|76\/100\n|-damage|p1a: Great Tusk|63\/100\n|-damage|p1a: Great Tusk|50\/100\n|-damage|p1a: Great Tusk|38\/100\n|-hitcount|p1a: Great Tusk|4\n|-unboost|p2a: Avamir|def|1\n|-boost|p2a: Avamir|spe|1\n|\n|upkeep\n|turn|31\n|\n|t:|1700670992\n|move|p1a: Great Tusk|Headlong Rush|p2a: Avamir\n|-damage|p2a: Avamir|0 fnt\n|-unboost|p1a: Great Tusk|def|1\n|-unboost|p1a: Great Tusk|spd|1\n|faint|p2a: Avamir\n|\n|upkeep\n|\n|t:|1700670999\n|switch|p2a: Asgore|Ursaluna-Bloodmoon, M|100\/100\n|turn|32\n|\n|t:|1700671005\n|-end|p1a: Great Tusk|Protosynthesis|[silent]\n|switch|p1a: Lopunny|Lopunny, M|100\/100\n|move|p2a: Asgore|Blood Moon|p1a: Lopunny\n|-damage|p1a: Lopunny|0 fnt\n|faint|p1a: Lopunny\n|\n|upkeep\n|\n|t:|1700671011\n|switch|p1a: Great Tusk|Great Tusk|38\/100\n|turn|33\n|\n|t:|1700671020\n|move|p1a: Great Tusk|Close Combat|p2a: Asgore\n|-supereffective|p2a: Asgore\n|-damage|p2a: Asgore|18\/100\n|-unboost|p1a: Great Tusk|def|1\n|-unboost|p1a: Great Tusk|spd|1\n|move|p2a: Asgore|Earth Power|p1a: Great Tusk\n|-crit|p1a: Great Tusk\n|-damage|p1a: Great Tusk|0 fnt\n|faint|p1a: Great Tusk\n|-end|p1a: Great Tusk|Protosynthesis|[silent]\n|\n|win|Brioche-DDD\n|raw|kom.moom's rating: 1142 &rarr; <strong>1107<\/strong><br \/>(-35 for losing)\n|raw|Brioche-DDD's rating: 1000 &rarr; <strong>1055<\/strong><br \/>(+55 for winning)\n|l|\u2606kom.moom\n|l|\u2606Brioche-DDD\n","uploadtime":1700671352,"views":10,"p1id":"kommoom","p2id":"briocheddd","formatid":"gen9nationaldexubers","rating":1055,"private":0,"password":""}