{"id":"gen9nationaldexubers-1993176199","p1":"saifu.mp4","p2":"evezinhu","format":"[Gen 9] National Dex Ubers","log":"|j|\u2606saifu.mp4\n|j|\u2606evezinhu\n|t:|1700274100\n|gametype|singles\n|player|p1|saifu.mp4|hugh|1260\n|player|p2|evezinhu|n|1314\n|teamsize|p1|6\n|teamsize|p2|6\n|gen|9\n|tier|[Gen 9] National Dex Ubers\n|rated|\n|rule|HP Percentage Mod: HP is shown in percentages\n|rule|Endless Battle Clause: Forcing endless battles is banned\n|rule|OHKO Clause: OHKO moves are banned\n|rule|Evasion Moves Clause: Evasion moves are banned\n|rule|Evasion Items Clause: Evasion items are banned\n|rule|Species Clause: Limit one of each Pok\u00e9mon\n|rule|Sleep Clause Mod: Limit one foe put to sleep\n|rule|Mega Rayquaza Clause: You cannot mega evolve Rayquaza\n|clearpoke\n|poke|p1|Bisharp, F|\n|poke|p1|Hatterene, F|\n|poke|p1|Galvantula, F|\n|poke|p1|Iron Valiant|\n|poke|p1|Excadrill, M|\n|poke|p1|Dondozo, M|\n|poke|p2|Marshadow|\n|poke|p2|Zacian-*|\n|poke|p2|Incineroar, M|\n|poke|p2|Urshifu-*, M|\n|poke|p2|Dragonite, F|\n|poke|p2|Chien-Pao|\n|teampreview\n|inactive|Battle timer is ON: inactive players will automatically lose when time's up. (requested by saifu.mp4)\n|\n|t:|1700274119\n|start\n|switch|p1a: 36 Chrome Tabs|Galvantula, F, shiny|100\/100\n|switch|p2a: Zacian|Zacian-Crowned|100\/100\n|-ability|p2a: Zacian|Intrepid Sword|boost\n|-boost|p2a: Zacian|atk|1\n|turn|1\n|\n|t:|1700274128\n|move|p2a: Zacian|Sacred Sword|p1a: 36 Chrome Tabs\n|-resisted|p1a: 36 Chrome Tabs\n|-damage|p1a: 36 Chrome Tabs|52\/100\n|move|p1a: 36 Chrome Tabs|Thunder Wave|p2a: Zacian\n|-status|p2a: Zacian|par\n|\n|upkeep\n|turn|2\n|\n|t:|1700274132\n|move|p1a: 36 Chrome Tabs|Sticky Web|p2a: Zacian\n|-sidestart|p2: evezinhu|move: Sticky Web\n|move|p2a: Zacian|Sacred Sword|p1a: 36 Chrome Tabs\n|-resisted|p1a: 36 Chrome Tabs\n|-damage|p1a: 36 Chrome Tabs|5\/100\n|\n|upkeep\n|turn|3\n|\n|t:|1700274137\n|switch|p1a: SanDiego|Dondozo, M, shiny|100\/100\n|cant|p2a: Zacian|par\n|\n|upkeep\n|turn|4\n|\n|t:|1700274166\n|move|p2a: Zacian|Wild Charge|p1a: SanDiego\n|-supereffective|p1a: SanDiego\n|-damage|p1a: SanDiego|68\/100\n|-damage|p2a: Zacian|88\/100 par|[from] Recoil\n|move|p1a: SanDiego|Wave Crash|p2a: Zacian\n|-damage|p2a: Zacian|51\/100 par\n|-damage|p1a: SanDiego|60\/100|[from] Recoil\n|\n|-heal|p1a: SanDiego|66\/100|[from] item: Leftovers\n|upkeep\n|turn|5\n|\n|t:|1700274175\n|move|p2a: Zacian|Wild Charge|p1a: SanDiego\n|-supereffective|p1a: SanDiego\n|-damage|p1a: SanDiego|33\/100\n|-damage|p2a: Zacian|39\/100 par|[from] Recoil\n|move|p1a: SanDiego|Wave Crash|p2a: Zacian\n|-damage|p2a: Zacian|0 fnt\n|faint|p2a: Zacian\n|-damage|p1a: SanDiego|25\/100|[from] Recoil\n|\n|-heal|p1a: SanDiego|31\/100|[from] item: Leftovers\n|upkeep\n|\n|t:|1700274186\n|switch|p2a: Marshadow|Marshadow|100\/100\n|-activate|p2a: Marshadow|move: Sticky Web\n|-unboost|p2a: Marshadow|spe|1\n|turn|6\n|\n|t:|1700274188\n|move|p2a: Marshadow|Spectral Thief|p1a: SanDiego\n|-damage|p1a: SanDiego|9\/100\n|move|p1a: SanDiego|Rest|p1a: SanDiego\n|-status|p1a: SanDiego|slp|[from] move: Rest\n|-heal|p1a: SanDiego|100\/100 slp|[silent]\n|\n|upkeep\n|turn|7\n|\n|t:|1700274197\n|move|p2a: Marshadow|Spectral Thief|p1a: SanDiego\n|-damage|p1a: SanDiego|82\/100 slp\n|cant|p1a: SanDiego|slp\n|\n|-heal|p1a: SanDiego|88\/100 slp|[from] item: Leftovers\n|upkeep\n|turn|8\n|\n|t:|1700274200\n|move|p2a: Marshadow|Shadow Sneak|p1a: SanDiego\n|-damage|p1a: SanDiego|74\/100 slp\n|cant|p1a: SanDiego|slp\n|\n|-heal|p1a: SanDiego|80\/100 slp|[from] item: Leftovers\n|upkeep\n|turn|9\n|\n|t:|1700274203\n|move|p2a: Marshadow|Sucker Punch|p1a: SanDiego\n|-damage|p1a: SanDiego|70\/100 slp\n|-curestatus|p1a: SanDiego|slp|[msg]\n|move|p1a: SanDiego|Wave Crash|p2a: Marshadow\n|-damage|p2a: Marshadow|48\/100\n|-damage|p1a: SanDiego|59\/100|[from] Recoil\n|\n|-heal|p1a: SanDiego|65\/100|[from] item: Leftovers\n|upkeep\n|turn|10\n|\n|t:|1700274209\n|move|p2a: Marshadow|Spectral Thief|p1a: SanDiego\n|-damage|p1a: SanDiego|46\/100\n|move|p1a: SanDiego|Wave Crash|p2a: Marshadow\n|-damage|p2a: Marshadow|0 fnt\n|faint|p2a: Marshadow\n|-damage|p1a: SanDiego|36\/100|[from] Recoil\n|\n|-heal|p1a: SanDiego|42\/100|[from] item: Leftovers\n|upkeep\n|\n|t:|1700274218\n|switch|p2a: Chien-Pao|Chien-Pao|100\/100\n|-activate|p2a: Chien-Pao|move: Sticky Web\n|-unboost|p2a: Chien-Pao|spe|1\n|-ability|p2a: Chien-Pao|Sword of Ruin\n|turn|11\n|\n|t:|1700274222\n|move|p2a: Chien-Pao|Icicle Crash|p1a: SanDiego\n|-resisted|p1a: SanDiego\n|-damage|p1a: SanDiego|29\/100\n|cant|p1a: SanDiego|flinch\n|\n|-heal|p1a: SanDiego|35\/100|[from] item: Leftovers\n|upkeep\n|turn|12\n|\n|t:|1700274229\n|move|p2a: Chien-Pao|Icicle Crash|p1a: SanDiego\n|-resisted|p1a: SanDiego\n|-damage|p1a: SanDiego|24\/100\n|cant|p1a: SanDiego|flinch\n|\n|-heal|p1a: SanDiego|30\/100|[from] item: Leftovers\n|upkeep\n|turn|13\n|\n|t:|1700274239\n|move|p2a: Chien-Pao|Sacred Sword|p1a: SanDiego\n|-damage|p1a: SanDiego|12\/100\n|move|p1a: SanDiego|Rest|p1a: SanDiego\n|-status|p1a: SanDiego|slp|[from] move: Rest\n|-heal|p1a: SanDiego|100\/100 slp|[silent]\n|\n|upkeep\n|turn|14\n|\n|t:|1700274247\n|move|p2a: Chien-Pao|Sacred Sword|p1a: SanDiego\n|-damage|p1a: SanDiego|82\/100 slp\n|cant|p1a: SanDiego|slp\n|\n|-heal|p1a: SanDiego|88\/100 slp|[from] item: Leftovers\n|upkeep\n|turn|15\n|\n|t:|1700274252\n|move|p2a: Chien-Pao|Icicle Crash|p1a: SanDiego\n|-resisted|p1a: SanDiego\n|-damage|p1a: SanDiego|77\/100 slp\n|cant|p1a: SanDiego|slp\n|\n|-heal|p1a: SanDiego|83\/100 slp|[from] item: Leftovers\n|upkeep\n|turn|16\n|\n|t:|1700274256\n|move|p2a: Chien-Pao|Sacred Sword|p1a: SanDiego\n|-damage|p1a: SanDiego|68\/100 slp\n|-curestatus|p1a: SanDiego|slp|[msg]\n|move|p1a: SanDiego|Curse|p1a: SanDiego\n|-unboost|p1a: SanDiego|spe|1\n|-boost|p1a: SanDiego|atk|1\n|-boost|p1a: SanDiego|def|1\n|\n|-heal|p1a: SanDiego|74\/100|[from] item: Leftovers\n|upkeep\n|turn|17\n|\n|t:|1700274262\n|move|p2a: Chien-Pao|Sacred Sword|p1a: SanDiego\n|-damage|p1a: SanDiego|56\/100\n|move|p1a: SanDiego|Curse|p1a: SanDiego\n|-unboost|p1a: SanDiego|spe|1\n|-boost|p1a: SanDiego|atk|1\n|-boost|p1a: SanDiego|def|1\n|\n|-heal|p1a: SanDiego|62\/100|[from] item: Leftovers\n|upkeep\n|turn|18\n|\n|t:|1700274264\n|move|p2a: Chien-Pao|Sacred Sword|p1a: SanDiego\n|-damage|p1a: SanDiego|44\/100\n|move|p1a: SanDiego|Curse|p1a: SanDiego\n|-unboost|p1a: SanDiego|spe|1\n|-boost|p1a: SanDiego|atk|1\n|-boost|p1a: SanDiego|def|1\n|\n|-heal|p1a: SanDiego|50\/100|[from] item: Leftovers\n|upkeep\n|turn|19\n|\n|t:|1700274266\n|move|p2a: Chien-Pao|Sacred Sword|p1a: SanDiego\n|-damage|p1a: SanDiego|35\/100\n|move|p1a: SanDiego|Curse|p1a: SanDiego\n|-unboost|p1a: SanDiego|spe|1\n|-boost|p1a: SanDiego|atk|1\n|-boost|p1a: SanDiego|def|1\n|\n|-heal|p1a: SanDiego|41\/100|[from] item: Leftovers\n|upkeep\n|turn|20\n|\n|t:|1700274268\n|move|p2a: Chien-Pao|Sacred Sword|p1a: SanDiego\n|-damage|p1a: SanDiego|22\/100\n|move|p1a: SanDiego|Curse|p1a: SanDiego\n|-unboost|p1a: SanDiego|spe|1\n|-boost|p1a: SanDiego|atk|1\n|-boost|p1a: SanDiego|def|1\n|\n|-heal|p1a: SanDiego|28\/100|[from] item: Leftovers\n|upkeep\n|turn|21\n|\n|t:|1700274271\n|move|p2a: Chien-Pao|Sacred Sword|p1a: SanDiego\n|-damage|p1a: SanDiego|12\/100\n|move|p1a: SanDiego|Rest|p1a: SanDiego\n|-status|p1a: SanDiego|slp|[from] move: Rest\n|-heal|p1a: SanDiego|100\/100 slp|[silent]\n|\n|upkeep\n|turn|22\n|\n|t:|1700274278\n|move|p2a: Chien-Pao|Sacred Sword|p1a: SanDiego\n|-damage|p1a: SanDiego|82\/100 slp\n|cant|p1a: SanDiego|slp\n|\n|-heal|p1a: SanDiego|88\/100 slp|[from] item: Leftovers\n|upkeep\n|turn|23\n|\n|t:|1700274281\n|move|p2a: Chien-Pao|Sacred Sword|p1a: SanDiego\n|-damage|p1a: SanDiego|72\/100 slp\n|cant|p1a: SanDiego|slp\n|\n|-heal|p1a: SanDiego|78\/100 slp|[from] item: Leftovers\n|upkeep\n|turn|24\n|\n|t:|1700274288\n|move|p2a: Chien-Pao|Sacred Sword|p1a: SanDiego\n|-damage|p1a: SanDiego|61\/100 slp\n|-curestatus|p1a: SanDiego|slp|[msg]\n|move|p1a: SanDiego|Body Press|p2a: Chien-Pao\n|-supereffective|p2a: Chien-Pao\n|-enditem|p2a: Chien-Pao|Focus Sash\n|-damage|p2a: Chien-Pao|1\/100\n|\n|-heal|p1a: SanDiego|67\/100|[from] item: Leftovers\n|upkeep\n|turn|25\n|\n|t:|1700274293\n|move|p2a: Chien-Pao|Sacred Sword|p1a: SanDiego\n|-damage|p1a: SanDiego|51\/100\n|move|p1a: SanDiego|Curse|p1a: SanDiego\n|-unboost|p1a: SanDiego|spe|1\n|-boost|p1a: SanDiego|atk|1\n|-boost|p1a: SanDiego|def|1\n|\n|-heal|p1a: SanDiego|57\/100|[from] item: Leftovers\n|upkeep\n|turn|26\n|\n|t:|1700274295\n|move|p2a: Chien-Pao|Sacred Sword|p1a: SanDiego\n|-damage|p1a: SanDiego|39\/100\n|move|p1a: SanDiego|Body Press|p2a: Chien-Pao\n|-supereffective|p2a: Chien-Pao\n|-damage|p2a: Chien-Pao|0 fnt\n|faint|p2a: Chien-Pao\n|\n|-heal|p1a: SanDiego|45\/100|[from] item: Leftovers\n|upkeep\n|\n|t:|1700274299\n|switch|p2a: Dragonite|Dragonite, F|100\/100\n|turn|27\n|\n|t:|1700274310\n|move|p2a: Dragonite|Outrage|p1a: SanDiego\n|-damage|p1a: SanDiego|33\/100\n|move|p1a: SanDiego|Rest|p1a: SanDiego\n|-status|p1a: SanDiego|slp|[from] move: Rest\n|-heal|p1a: SanDiego|100\/100 slp|[silent]\n|\n|upkeep\n|turn|28\n|\n|t:|1700274315\n|move|p2a: Dragonite|Outrage|p1a: SanDiego|[from]lockedmove\n|-damage|p1a: SanDiego|88\/100 slp\n|cant|p1a: SanDiego|slp\n|\n|-heal|p1a: SanDiego|94\/100 slp|[from] item: Leftovers\n|upkeep\n|turn|29\n|\n|t:|1700274320\n|move|p2a: Dragonite|Outrage|p1a: SanDiego|[from]lockedmove\n|-damage|p1a: SanDiego|83\/100 slp\n|-start|p2a: Dragonite|confusion|[fatigue]\n|cant|p1a: SanDiego|slp\n|\n|-heal|p1a: SanDiego|89\/100 slp|[from] item: Leftovers\n|upkeep\n|turn|30\n|\n|t:|1700274325\n|-activate|p2a: Dragonite|confusion\n|-damage|p2a: Dragonite|84\/100|[from] confusion\n|-curestatus|p1a: SanDiego|slp|[msg]\n|move|p1a: SanDiego|Wave Crash|p2a: Dragonite\n|-resisted|p2a: Dragonite\n|-damage|p2a: Dragonite|0 fnt\n|faint|p2a: Dragonite\n|-damage|p1a: SanDiego|72\/100|[from] Recoil\n|\n|-heal|p1a: SanDiego|78\/100|[from] item: Leftovers\n|upkeep\n|\n|t:|1700274329\n|switch|p2a: Urshifu|Urshifu-Rapid-Strike, M|100\/100\n|-activate|p2a: Urshifu|move: Sticky Web\n|-unboost|p2a: Urshifu|spe|1\n|turn|31\n|\n|t:|1700274331\n|move|p2a: Urshifu|Trailblaze|p1a: SanDiego\n|-supereffective|p1a: SanDiego\n|-damage|p1a: SanDiego|73\/100\n|-boost|p2a: Urshifu|spe|1\n|move|p1a: SanDiego|Body Press|p2a: Urshifu\n|-damage|p2a: Urshifu|0 fnt\n|faint|p2a: Urshifu\n|\n|-heal|p1a: SanDiego|79\/100|[from] item: Leftovers\n|upkeep\n|\n|t:|1700274333\n|switch|p2a: Incineroar|Incineroar, M|100\/100\n|-activate|p2a: Incineroar|move: Sticky Web\n|-unboost|p2a: Incineroar|spe|1\n|-ability|p2a: Incineroar|Intimidate|boost\n|-unboost|p1a: SanDiego|atk|1\n|turn|32\n|\n|t:|1700274343\n|-terastallize|p2a: Incineroar|Ground\n|move|p2a: Incineroar|Knock Off|p1a: SanDiego\n|-damage|p1a: SanDiego|73\/100\n|-enditem|p1a: SanDiego|Leftovers|[from] move: Knock Off|[of] p2a: Incineroar\n|move|p1a: SanDiego|Body Press|p2a: Incineroar\n|-damage|p2a: Incineroar|0 fnt\n|faint|p2a: Incineroar\n|\n|win|saifu.mp4\n|raw|saifu.mp4's rating: 1260 &rarr; <strong>1289<\/strong><br \/>(+29 for winning)\n|raw|evezinhu's rating: 1314 &rarr; <strong>1291<\/strong><br \/>(-23 for losing)\n|l|\u2606evezinhu\n","uploadtime":1700274358,"views":9,"p1id":"saifump4","p2id":"evezinhu","formatid":"gen9nationaldexubers","rating":1289,"private":0,"password":""}