{"id":"gen9nationaldexubers-1983593111","p1":"onaerybluer","p2":"letch","format":"[Gen 9] National Dex Ubers","log":"|j|\u2606onaerybluer\n|j|\u2606letch\n|t:|1699147140\n|gametype|singles\n|player|p1|onaerybluer|bellelba|1497\n|player|p2|letch|wallace|1484\n|teamsize|p1|6\n|teamsize|p2|6\n|gen|9\n|tier|[Gen 9] National Dex Ubers\n|rated|\n|rule|HP Percentage Mod: HP is shown in percentages\n|rule|Endless Battle Clause: Forcing endless battles is banned\n|rule|OHKO Clause: OHKO moves are banned\n|rule|Evasion Moves Clause: Evasion moves are banned\n|rule|Evasion Items Clause: Evasion items are banned\n|rule|Species Clause: Limit one of each Pok\u00e9mon\n|rule|Sleep Clause Mod: Limit one foe put to sleep\n|rule|Mega Rayquaza Clause: You cannot mega evolve Rayquaza\n|clearpoke\n|poke|p1|Kangaskhan, F|\n|poke|p1|Kingambit, F|\n|poke|p1|Groudon|\n|poke|p1|Kyogre|\n|poke|p1|Marshadow|\n|poke|p1|Darmanitan-Galar, M|\n|poke|p2|Zacian-*|\n|poke|p2|Tapu Lele|\n|poke|p2|Groudon|\n|poke|p2|Necrozma-Dusk-Mane|\n|poke|p2|Mewtwo|\n|poke|p2|Latios, M|\n|teampreview\n|inactive|Battle timer is ON: inactive players will automatically lose when time's up. (requested by onaerybluer)\n|\n|t:|1699147149\n|start\n|switch|p1a: Darmanitan|Darmanitan-Galar, M|100\/100\n|switch|p2a: Necrozma|Necrozma-Dusk-Mane|100\/100\n|turn|1\n|\n|t:|1699147153\n|move|p1a: Darmanitan|Flare Blitz|p2a: Necrozma\n|-supereffective|p2a: Necrozma\n|-damage|p2a: Necrozma|25\/100\n|-damage|p1a: Darmanitan|77\/100|[from] Recoil\n|move|p2a: Necrozma|Rock Tomb|p1a: Darmanitan\n|-supereffective|p1a: Darmanitan\n|-damage|p1a: Darmanitan|19\/100\n|-unboost|p1a: Darmanitan|spe|1\n|\n|upkeep\n|turn|2\n|\n|t:|1699147164\n|detailschange|p2a: Necrozma|Necrozma-Ultra\n|-burst|p2a: Necrozma|Necrozma|Ultranecrozium Z\n|move|p2a: Necrozma|Rock Tomb|p1a: Darmanitan\n|-supereffective|p1a: Darmanitan\n|-damage|p1a: Darmanitan|0 fnt\n|faint|p1a: Darmanitan\n|\n|upkeep\n|\n|t:|1699147170\n|switch|p1a: Kangaskhan|Kangaskhan, F|100\/100\n|turn|3\n|\n|t:|1699147176\n|switch|p2a: Tapu Lele|Tapu Lele|100\/100\n|-fieldstart|move: Psychic Terrain|[from] ability: Psychic Surge|[of] p2a: Tapu Lele\n|detailschange|p1a: Kangaskhan|Kangaskhan-Mega, F\n|-mega|p1a: Kangaskhan|Kangaskhan|Kangaskhanite\n|move|p1a: Kangaskhan|Fake Out|p2a: Tapu Lele\n|-activate|p2a: Tapu Lele|move: Psychic Terrain\n|\n|upkeep\n|turn|4\n|\n|t:|1699147198\n|switch|p2a: Mewtwo|Mewtwo|100\/100\n|-ability|p2a: Mewtwo|Pressure\n|move|p1a: Kangaskhan|Body Slam|p2a: Mewtwo\n|-damage|p2a: Mewtwo|60\/100\n|-damage|p2a: Mewtwo|48\/100\n|-hitcount|p2a: Mewtwo|2\n|\n|upkeep\n|turn|5\n|\n|t:|1699147206\n|detailschange|p2a: Mewtwo|Mewtwo-Mega-Y\n|-mega|p2a: Mewtwo|Mewtwo|Mewtwonite Y\n|move|p2a: Mewtwo|Psystrike|p1a: Kangaskhan\n|-damage|p1a: Kangaskhan|14\/100\n|move|p1a: Kangaskhan|Seismic Toss|p2a: Mewtwo\n|-damage|p2a: Mewtwo|19\/100\n|-damage|p2a: Mewtwo|0 fnt\n|faint|p2a: Mewtwo\n|-hitcount|p2: Mewtwo|2\n|\n|upkeep\n|\n|t:|1699147217\n|switch|p2a: Latios|Latios, M|100\/100\n|turn|6\n|\n|t:|1699147221\n|move|p2a: Latios|Dragon Pulse|p1a: Kangaskhan\n|-damage|p1a: Kangaskhan|0 fnt\n|faint|p1a: Kangaskhan\n|\n|upkeep\n|\n|t:|1699147228\n|switch|p1a: Marshadow|Marshadow|100\/100\n|turn|7\n|\n|t:|1699147231\n|-terastallize|p2a: Latios|Fairy\n|move|p1a: Marshadow|Spectral Thief|p2a: Latios\n|-damage|p2a: Latios|39\/100\n|move|p2a: Latios|Psyshock|p1a: Marshadow\n|-supereffective|p1a: Marshadow\n|-enditem|p1a: Marshadow|Focus Sash\n|-damage|p1a: Marshadow|1\/100\n|\n|upkeep\n|turn|8\n|\n|t:|1699147246\n|move|p1a: Marshadow|Spectral Thief|p2a: Latios\n|-damage|p2a: Latios|0 fnt\n|faint|p2a: Latios\n|\n|upkeep\n|\n|t:|1699147254\n|switch|p2a: Zacian|Zacian-Crowned|100\/100\n|-ability|p2a: Zacian|Intrepid Sword|boost\n|-boost|p2a: Zacian|atk|1\n|turn|9\n|\n|t:|1699147262\n|move|p2a: Zacian|Behemoth Blade|p1a: Marshadow\n|-damage|p1a: Marshadow|0 fnt\n|faint|p1a: Marshadow\n|\n|upkeep\n|\n|t:|1699147263\n|switch|p1a: Groudon|Groudon|100\/100\n|detailschange|p1a: Groudon|Groudon-Primal\n|-primal|p1a: Groudon|Red Orb\n|-weather|DesolateLand|[from] ability: Desolate Land|[of] p1a: Groudon\n|turn|10\n|\n|t:|1699147272\n|move|p2a: Zacian|Swords Dance|p2a: Zacian\n|-boost|p2a: Zacian|atk|2\n|move|p1a: Groudon|Rock Polish|p1a: Groudon\n|-boost|p1a: Groudon|spe|2\n|\n|-weather|DesolateLand|[upkeep]\n|-fieldend|move: Psychic Terrain\n|upkeep\n|turn|11\n|\n|t:|1699147276\n|move|p1a: Groudon|Heat Crash|p2a: Zacian\n|-supereffective|p2a: Zacian\n|-damage|p2a: Zacian|0 fnt\n|faint|p2a: Zacian\n|\n|-weather|DesolateLand|[upkeep]\n|upkeep\n|\n|t:|1699147282\n|switch|p2a: Tapu Lele|Tapu Lele|100\/100\n|-fieldstart|move: Psychic Terrain|[from] ability: Psychic Surge|[of] p2a: Tapu Lele\n|turn|12\n|\n|t:|1699147286\n|move|p1a: Groudon|Heat Crash|p2a: Tapu Lele\n|-damage|p2a: Tapu Lele|0 fnt\n|faint|p2a: Tapu Lele\n|\n|-weather|DesolateLand|[upkeep]\n|upkeep\n|\n|t:|1699147292\n|switch|p2a: Groudon|Groudon, shiny|100\/100\n|detailschange|p2a: Groudon|Groudon-Primal, shiny\n|-primal|p2a: Groudon|Red Orb\n|turn|13\n|\n|t:|1699147300\n|move|p1a: Groudon|Precipice Blades|p2a: Groudon\n|-supereffective|p2a: Groudon\n|-damage|p2a: Groudon|0 fnt\n|faint|p2a: Groudon\n|\n|-weather|DesolateLand|[upkeep]\n|upkeep\n|\n|t:|1699147304\n|switch|p2a: Necrozma|Necrozma-Ultra|25\/100\n|turn|14\n|\n|t:|1699147312\n|move|p1a: Groudon|Heat Crash|p2a: Necrozma\n|-resisted|p2a: Necrozma\n|-damage|p2a: Necrozma|0 fnt\n|faint|p2a: Necrozma\n|\n|win|onaerybluer\n|raw|onaerybluer's rating: 1497 &rarr; <strong>1516<\/strong><br \/>(+19 for winning)\n|raw|letch's rating: 1484 &rarr; <strong>1465<\/strong><br \/>(-19 for losing)\n|l|\u2606letch\n","uploadtime":1699147317,"views":8,"p1id":"onaerybluer","p2id":"letch","formatid":"gen9nationaldexubers","rating":1465,"private":0,"password":""}