{"id":"gen9nationaldexubers-1993830005","p1":"aquiles meo","p2":"alive!12","format":"[Gen 9] National Dex Ubers","log":"|j|\u2606aquiles meo\n|j|\u2606alive!12\n|t:|1700362523\n|gametype|singles\n|player|p1|aquiles meo|ethan|1154\n|player|p2|alive!12|cynthia-gen4|1241\n|teamsize|p1|6\n|teamsize|p2|6\n|gen|9\n|tier|[Gen 9] National Dex Ubers\n|rated|\n|rule|HP Percentage Mod: HP is shown in percentages\n|rule|Endless Battle Clause: Forcing endless battles is banned\n|rule|OHKO Clause: OHKO moves are banned\n|rule|Evasion Moves Clause: Evasion moves are banned\n|rule|Evasion Items Clause: Evasion items are banned\n|rule|Species Clause: Limit one of each Pok\u00e9mon\n|rule|Sleep Clause Mod: Limit one foe put to sleep\n|rule|Mega Rayquaza Clause: You cannot mega evolve Rayquaza\n|clearpoke\n|poke|p1|Jirachi|\n|poke|p1|Ho-Oh|\n|poke|p1|Rayquaza|\n|poke|p1|Pidgeot, M|\n|poke|p1|Lucario, M|\n|poke|p1|Luxray, M|\n|poke|p2|Spiritomb, F|\n|poke|p2|Roserade, M|\n|poke|p2|Togekiss, F|\n|poke|p2|Milotic, M|\n|poke|p2|Lucario, F|\n|poke|p2|Garchomp, M|\n|teampreview\n|inactive|Battle timer is ON: inactive players will automatically lose when time's up. (requested by alive!12)\n|c|\u2606aquiles meo|Cynthia?\n|\n|t:|1700362544\n|start\n|switch|p1a: Jirachi|Jirachi|100\/100\n|switch|p2a: Milotic|Milotic, M|100\/100\n|turn|1\n|\n|t:|1700362558\n|move|p1a: Jirachi|Iron Head|p2a: Milotic\n|-resisted|p2a: Milotic\n|-damage|p2a: Milotic|90\/100\n|move|p2a: Milotic|Scald|p1a: Jirachi\n|-damage|p1a: Jirachi|73\/100\n|-status|p1a: Jirachi|brn\n|\n|-damage|p1a: Jirachi|67\/100 brn|[from] brn\n|-status|p2a: Milotic|brn|[from] item: Flame Orb\n|upkeep\n|turn|2\n|\n|t:|1700362575\n|move|p1a: Jirachi|Wish|p1a: Jirachi\n|move|p2a: Milotic|Ice Beam|p1a: Jirachi\n|-resisted|p1a: Jirachi\n|-damage|p1a: Jirachi|58\/100 brn\n|\n|-damage|p1a: Jirachi|52\/100 brn|[from] brn\n|-damage|p2a: Milotic|84\/100 brn|[from] brn\n|upkeep\n|turn|3\n|\n|t:|1700362595\n|switch|p1a: Pidgeot|Pidgeot, M|100\/100\n|switch|p2a: Garchomp|Garchomp, M|100\/100\n|\n|upkeep\n|turn|4\n|\n|t:|1700362611\n|move|p2a: Garchomp|Swords Dance|p2a: Garchomp\n|-boost|p2a: Garchomp|atk|2\n|move|p1a: Pidgeot|Tailwind|p1a: Pidgeot\n|-sidestart|p1: aquiles meo|move: Tailwind\n|\n|upkeep\n|turn|5\n|\n|t:|1700362620\n|switch|p1a: Jirachi|Jirachi|52\/100 brn\n|move|p2a: Garchomp|Scale Shot|p1a: Jirachi\n|-resisted|p1a: Jirachi\n|-damage|p1a: Jirachi|42\/100 brn\n|-resisted|p1a: Jirachi\n|-damage|p1a: Jirachi|32\/100 brn\n|-hitcount|p1a: Jirachi|2\n|-unboost|p2a: Garchomp|def|1\n|-boost|p2a: Garchomp|spe|1\n|\n|-damage|p1a: Jirachi|26\/100 brn|[from] brn\n|upkeep\n|turn|6\n|\n|t:|1700362638\n|move|p1a: Jirachi|Iron Head|p2a: Garchomp\n|-damage|p2a: Garchomp|80\/100\n|-damage|p1a: Jirachi|14\/100 brn|[from] ability: Rough Skin|[of] p2a: Garchomp\n|-damage|p1a: Jirachi|0 fnt|[from] item: Rocky Helmet|[of] p2a: Garchomp\n|faint|p1a: Jirachi\n|move|p2a: Garchomp|Iron Head|p1: Jirachi|[notarget]\n|-fail|p2a: Garchomp\n|\n|upkeep\n|\n|t:|1700362650\n|switch|p1a: Rayquaza|Rayquaza|100\/100\n|-ability|p1a: Rayquaza|Air Lock\n|turn|7\n|\n|t:|1700362656\n|-terastallize|p1a: Rayquaza|Flying\n|-terastallize|p2a: Garchomp|Steel\n|move|p1a: Rayquaza|Dragon Ascent|p2a: Garchomp\n|-resisted|p2a: Garchomp\n|-damage|p2a: Garchomp|24\/100\n|-unboost|p1a: Rayquaza|def|1\n|-unboost|p1a: Rayquaza|spd|1\n|-damage|p1a: Rayquaza|88\/100|[from] ability: Rough Skin|[of] p2a: Garchomp\n|-damage|p1a: Rayquaza|71\/100|[from] item: Rocky Helmet|[of] p2a: Garchomp\n|move|p2a: Garchomp|Scale Shot|p1a: Rayquaza\n|-damage|p1a: Rayquaza|40\/100\n|-damage|p1a: Rayquaza|10\/100\n|-damage|p1a: Rayquaza|0 fnt\n|faint|p1a: Rayquaza\n|-hitcount|p1: Rayquaza|3\n|-unboost|p2a: Garchomp|def|1\n|-boost|p2a: Garchomp|spe|1\n|\n|-sideend|p1: aquiles meo|move: Tailwind\n|upkeep\n|\n|t:|1700362675\n|switch|p1a: Ho-Oh|Ho-Oh|100\/100\n|turn|8\n|\n|t:|1700362681\n|move|p2a: Garchomp|Scale Shot|p1a: Ho-Oh\n|-damage|p1a: Ho-Oh|79\/100\n|-damage|p1a: Ho-Oh|58\/100\n|-damage|p1a: Ho-Oh|35\/100\n|-hitcount|p1a: Ho-Oh|3\n|-unboost|p2a: Garchomp|def|1\n|-boost|p2a: Garchomp|spe|1\n|move|p1a: Ho-Oh|Sacred Fire|p2a: Garchomp\n|-supereffective|p2a: Garchomp\n|-damage|p2a: Garchomp|0 fnt\n|faint|p2a: Garchomp\n|\n|upkeep\n|\n|t:|1700362697\n|switch|p2a: Milotic|Milotic, M|84\/100 brn\n|turn|9\n|\n|t:|1700362702\n|switch|p1a: Luxray|Luxray, M, shiny|100\/100\n|move|p2a: Milotic|Scald|p1a: Luxray\n|-damage|p1a: Luxray|69\/100\n|\n|-damage|p2a: Milotic|78\/100 brn|[from] brn\n|upkeep\n|turn|10\n|\n|t:|1700362715\n|move|p1a: Luxray|Agility|p1a: Luxray\n|-boost|p1a: Luxray|spe|2\n|move|p2a: Milotic|Mirror Coat||[still]\n|-fail|p2a: Milotic\n|\n|-damage|p2a: Milotic|72\/100 brn|[from] brn\n|upkeep\n|turn|11\n|\n|t:|1700362745\n|move|p1a: Luxray|Psychic Fangs|p2a: Milotic\n|-damage|p2a: Milotic|58\/100 brn\n|move|p2a: Milotic|Recover|p2a: Milotic\n|-heal|p2a: Milotic|100\/100 brn\n|\n|-damage|p2a: Milotic|94\/100 brn|[from] brn\n|upkeep\n|turn|12\n|c|\u2606alive!12|Misclicked lol\n|\n|t:|1700362758\n|move|p1a: Luxray|Substitute|p1a: Luxray\n|-start|p1a: Luxray|Substitute\n|-damage|p1a: Luxray|44\/100\n|move|p2a: Milotic|Scald|p1a: Luxray\n|-end|p1a: Luxray|Substitute\n|\n|-damage|p2a: Milotic|88\/100 brn|[from] brn\n|upkeep\n|turn|13\n|\n|t:|1700362769\n|move|p1a: Luxray|Wild Charge|p2a: Milotic\n|-supereffective|p2a: Milotic\n|-crit|p2a: Milotic\n|-damage|p2a: Milotic|33\/100 brn\n|-damage|p1a: Luxray|28\/100|[from] Recoil\n|move|p2a: Milotic|Scald|p1a: Luxray\n|-damage|p1a: Luxray|0 fnt\n|faint|p1a: Luxray\n|\n|-damage|p2a: Milotic|27\/100 brn|[from] brn\n|upkeep\n|\n|t:|1700362779\n|switch|p1a: Lucario|Lucario, M, shiny|100\/100\n|turn|14\n|\n|t:|1700362786\n|switch|p2a: Spiritomb|Spiritomb, F|100\/100\n|detailschange|p1a: Lucario|Lucario-Mega, M, shiny\n|-mega|p1a: Lucario|Lucario|Lucarionite\n|move|p1a: Lucario|Bullet Punch|p2a: Spiritomb\n|-crit|p2a: Spiritomb\n|-damage|p2a: Spiritomb|55\/100\n|\n|upkeep\n|turn|15\n|inactive|aquiles meo has 120 seconds left.\n|\n|t:|1700362823\n|switch|p1a: Pidgeot|Pidgeot, M|100\/100\n|move|p2a: Spiritomb|Will-O-Wisp|p1a: Pidgeot\n|-status|p1a: Pidgeot|brn\n|\n|-damage|p1a: Pidgeot|94\/100 brn|[from] brn\n|upkeep\n|turn|16\n|inactive|aquiles meo has 120 seconds left.\n|\n|t:|1700362833\n|move|p1a: Pidgeot|Tailwind|p1a: Pidgeot\n|-sidestart|p1: aquiles meo|move: Tailwind\n|move|p2a: Spiritomb|Pain Split|p1a: Pidgeot\n|-sethp|p1a: Pidgeot|72\/100 brn|[from] move: Pain Split|[silent]\n|-sethp|p2a: Spiritomb|78\/100|[from] move: Pain Split\n|\n|-damage|p1a: Pidgeot|66\/100 brn|[from] brn\n|upkeep\n|turn|17\n|inactive|aquiles meo has 120 seconds left.\n|\n|t:|1700362846\n|switch|p1a: Ho-Oh|Ho-Oh|69\/100\n|switch|p2a: Milotic|Milotic, M|27\/100 brn\n|\n|-damage|p2a: Milotic|21\/100 brn|[from] brn\n|upkeep\n|turn|18\n|inactive|aquiles meo has 120 seconds left.\n|\n|t:|1700362859\n|move|p1a: Ho-Oh|Extrasensory|p2a: Milotic\n|-crit|p2a: Milotic\n|-damage|p2a: Milotic|0 fnt\n|faint|p2a: Milotic\n|\n|upkeep\n|\n|t:|1700362868\n|switch|p2a: Togekiss|Togekiss, F|100\/100\n|turn|19\n|inactive|aquiles meo has 120 seconds left.\n|\n|t:|1700362886\n|move|p1a: Ho-Oh|Burn Up|p2a: Togekiss\n|-damage|p2a: Togekiss|49\/100\n|-start|p1a: Ho-Oh|typechange|???\/Flying|[from] move: Burn Up\n|move|p2a: Togekiss|Thunder Wave|p1a: Ho-Oh|[miss]\n|-miss|p2a: Togekiss|p1a: Ho-Oh\n|\n|-sideend|p1: aquiles meo|move: Tailwind\n|upkeep\n|turn|20\n|\n|t:|1700362902\n|switch|p1a: Lucario|Lucario-Mega, M, shiny|100\/100\n|move|p2a: Togekiss|Thunder Wave|p1a: Lucario\n|-status|p1a: Lucario|par\n|\n|upkeep\n|turn|21\n|\n|t:|1700362913\n|move|p1a: Lucario|Bullet Punch|p2a: Togekiss\n|-supereffective|p2a: Togekiss\n|-damage|p2a: Togekiss|0 fnt\n|faint|p2a: Togekiss\n|\n|upkeep\n|\n|t:|1700362926\n|switch|p2a: Spiritomb|Spiritomb, F|78\/100\n|turn|22\n|\n|t:|1700362931\n|cant|p1a: Lucario|par\n|move|p2a: Spiritomb|Pain Split|p1a: Lucario\n|-sethp|p1a: Lucario|90\/100 par|[from] move: Pain Split|[silent]\n|-sethp|p2a: Spiritomb|88\/100|[from] move: Pain Split\n|\n|upkeep\n|turn|23\n|\n|t:|1700362950\n|switch|p1a: Pidgeot|Pidgeot, M|66\/100 brn\n|move|p2a: Spiritomb|Destiny Bond|p2a: Spiritomb\n|-singlemove|p2a: Spiritomb|Destiny Bond\n|\n|-damage|p1a: Pidgeot|60\/100 brn|[from] brn\n|upkeep\n|turn|24\n|\n|t:|1700362964\n|move|p1a: Pidgeot|Tailwind|p1a: Pidgeot\n|-sidestart|p1: aquiles meo|move: Tailwind\n|move|p2a: Spiritomb|Destiny Bond||[still]\n|-fail|p2a: Spiritomb\n|\n|-damage|p1a: Pidgeot|54\/100 brn|[from] brn\n|upkeep\n|turn|25\n|\n|t:|1700362981\n|switch|p1a: Ho-Oh|Ho-Oh|100\/100\n|move|p2a: Spiritomb|Will-O-Wisp|p1a: Ho-Oh\n|-immune|p1a: Ho-Oh\n|\n|upkeep\n|turn|26\n|inactive|aquiles meo has 120 seconds left.\n|\n|t:|1700363007\n|move|p1a: Ho-Oh|Burn Up|p2a: Spiritomb\n|-damage|p2a: Spiritomb|41\/100\n|-start|p1a: Ho-Oh|typechange|???\/Flying|[from] move: Burn Up\n|move|p2a: Spiritomb|Pain Split|p1a: Ho-Oh\n|-sethp|p1a: Ho-Oh|66\/100|[from] move: Pain Split|[silent]\n|-sethp|p2a: Spiritomb|84\/100|[from] move: Pain Split\n|\n|upkeep\n|turn|27\n|inactive|aquiles meo has 120 seconds left.\n|inactive|alive!12 has 120 seconds left.\n|\n|t:|1700363044\n|switch|p2a: Roserade|Roserade, M|100\/100\n|move|p1a: Ho-Oh|Earthquake|p2a: Roserade\n|-damage|p2a: Roserade|43\/100\n|\n|-sideend|p1: aquiles meo|move: Tailwind\n|upkeep\n|turn|28\n|inactive|aquiles meo has 120 seconds left.\n|inactive|alive!12 has 120 seconds left.\n|\n|t:|1700363055\n|move|p2a: Roserade|Shadow Ball|p1a: Ho-Oh\n|-damage|p1a: Ho-Oh|51\/100\n|move|p1a: Ho-Oh|Sacred Fire|p2a: Roserade\n|-supereffective|p2a: Roserade\n|-damage|p2a: Roserade|0 fnt\n|faint|p2a: Roserade\n|\n|upkeep\n|\n|t:|1700363064\n|switch|p2a: Lucario|Lucario, F|100\/100\n|turn|29\n|inactive|alive!12 has 120 seconds left.\n|\n|t:|1700363078\n|detailschange|p2a: Lucario|Lucario-Mega, F\n|-mega|p2a: Lucario|Lucario|Lucarionite\n|move|p2a: Lucario|Close Combat|p1a: Ho-Oh\n|-resisted|p1a: Ho-Oh\n|-crit|p1a: Ho-Oh\n|-damage|p1a: Ho-Oh|0 fnt\n|-unboost|p2a: Lucario|def|1\n|-unboost|p2a: Lucario|spd|1\n|faint|p1a: Ho-Oh\n|\n|upkeep\n|inactive|aquiles meo has 120 seconds left.\n|\n|t:|1700363102\n|switch|p1a: Pidgeot|Pidgeot, M|54\/100 brn\n|turn|30\n|inactive|aquiles meo has 120 seconds left.\n|inactive|alive!12 has 120 seconds left.\n|\n|t:|1700363117\n|move|p2a: Lucario|Close Combat|p1a: Pidgeot\n|-damage|p1a: Pidgeot|0 fnt\n|-unboost|p2a: Lucario|def|1\n|-unboost|p2a: Lucario|spd|1\n|faint|p1a: Pidgeot\n|\n|upkeep\n|\n|t:|1700363121\n|switch|p1a: Lucario|Lucario-Mega, M, shiny|90\/100 par\n|turn|31\n|\n|t:|1700363133\n|switch|p2a: Spiritomb|Spiritomb, F|84\/100\n|move|p1a: Lucario|Bullet Punch|p2a: Spiritomb\n|-damage|p2a: Spiritomb|52\/100\n|\n|upkeep\n|turn|32\n|inactive|aquiles meo has 120 seconds left.\n|\n|t:|1700363160\n|move|p1a: Lucario|Bone Rush|p2a: Spiritomb\n|-damage|p2a: Spiritomb|43\/100\n|-damage|p2a: Spiritomb|33\/100\n|-hitcount|p2a: Spiritomb|2\n|move|p2a: Spiritomb|Pain Split|p1a: Lucario\n|-sethp|p1a: Lucario|62\/100 par|[from] move: Pain Split|[silent]\n|-sethp|p2a: Spiritomb|60\/100|[from] move: Pain Split\n|\n|upkeep\n|turn|33\n|inactive|alive!12 has 120 seconds left.\n|c|\u2606alive!12|gg man well fought\n|c|\u2606aquiles meo|thanks this was a good one\n|\n|t:|1700363195\n|move|p1a: Lucario|Bone Rush|p2a: Spiritomb\n|-damage|p2a: Spiritomb|51\/100\n|-damage|p2a: Spiritomb|42\/100\n|-damage|p2a: Spiritomb|33\/100\n|-damage|p2a: Spiritomb|23\/100\n|-damage|p2a: Spiritomb|14\/100\n|-hitcount|p2a: Spiritomb|5\n|move|p2a: Spiritomb|Hex|p1a: Lucario\n|-damage|p1a: Lucario|4\/100 par\n|\n|upkeep\n|turn|34\n|c|\u2606aquiles meo|you did well too\n|-enditem|p2a: Spiritomb|Custap Berry|[eat]\n|-activate|p2a: Spiritomb|item: Custap Berry|[consumed]\n|\n|t:|1700363209\n|move|p1a: Lucario|Bullet Punch|p2a: Spiritomb\n|-damage|p2a: Spiritomb|0 fnt\n|faint|p2a: Spiritomb\n|\n|upkeep\n|\n|t:|1700363216\n|switch|p2a: Lucario|Lucario-Mega, F|100\/100\n|turn|35\n|\n|t:|1700363230\n|move|p2a: Lucario|Bullet Punch|p1a: Lucario\n|-resisted|p1a: Lucario\n|-damage|p1a: Lucario|0 fnt\n|faint|p1a: Lucario\n|\n|win|alive!12\n|raw|aquiles meo's rating: 1154 &rarr; <strong>1135<\/strong><br \/>(-19 for losing)\n|raw|alive!12's rating: 1241 &rarr; <strong>1260<\/strong><br \/>(+19 for winning)\n|c|\u2606aquiles meo|god game\n|c|\u2606aquiles meo|*good\n|c|\u2606alive!12|Mega lucario is so broken lol\n|c|\u2606aquiles meo|idk man\n|c|\u2606alive!12|youre a man of fine taste\n|c|\u2606aquiles meo|I get told that but\n|c|\u2606alive!12|it goes down easy tbf\n|c|\u2606aquiles meo|I insist they nerfed him on speed\n|c|\u2606aquiles meo|also thanks I do think I have a good team\n|c|\u2606alive!12|they did 100%\n|c|\u2606aquiles meo|I liked yours\n|c|\u2606aquiles meo|you also have taste\n|c|\u2606aquiles meo|Although yeah mega lucario slaps\n|c|\u2606alive!12|good luck out there bro\n|l|\u2606alive!12\n|c|\u2606aquiles meo|thanks thanks\n","uploadtime":1700363245,"views":6,"p1id":"aquilesmeo","p2id":"alive12","formatid":"gen9nationaldexubers","rating":1135,"private":0,"password":""}