{"id":"gen9nationaldexubers-1990999211","p1":"Czar_agon","p2":"Demolution545","format":"[Gen 9] National Dex Ubers","log":"|j|\u2606Czar_agon\n|j|\u2606Demolution545\n|t:|1700025618\n|gametype|singles\n|player|p1|Czar_agon|iris|\n|player|p2|Demolution545|flint|\n|teamsize|p1|6\n|teamsize|p2|6\n|gen|9\n|tier|[Gen 9] National Dex Ubers\n|rule|HP Percentage Mod: HP is shown in percentages\n|rule|Endless Battle Clause: Forcing endless battles is banned\n|rule|OHKO Clause: OHKO moves are banned\n|rule|Evasion Moves Clause: Evasion moves are banned\n|rule|Evasion Items Clause: Evasion items are banned\n|rule|Species Clause: Limit one of each Pok\u00e9mon\n|rule|Sleep Clause Mod: Limit one foe put to sleep\n|rule|Mega Rayquaza Clause: You cannot mega evolve Rayquaza\n|clearpoke\n|poke|p1|Swampert, F|\n|poke|p1|Fezandipiti, M|\n|poke|p1|Tornadus-Therian, M|\n|poke|p1|Baxcalibur, M|\n|poke|p1|Arctovish|\n|poke|p1|Slowking-Galar, F|\n|poke|p2|Torkoal, F|\n|poke|p2|Walking Wake|\n|poke|p2|Eelektross, F|\n|poke|p2|Lilligant-Hisui, F|\n|poke|p2|Enamorus, F|\n|poke|p2|Roaring Moon|\n|teampreview\n|j| VoIteon\n|c|\u2606Demolution545|wait for people to join?\n|j| ZBFusion\n|j| Lunar Sloth\n|c|\u2606Demolution545|ready?\n|c|\u2606Czar_agon|yep\n|j| Factor64\n|\n|t:|1700025838\n|start\n|switch|p1a: Slowking|Slowking-Galar, F|100\/100\n|switch|p2a: Roaring Moon|Roaring Moon|100\/100\n|turn|1\n|\n|t:|1700025847\n|switch|p1a: Fezandipiti|Fezandipiti, M|100\/100\n|move|p2a: Roaring Moon|Substitute|p2a: Roaring Moon\n|-start|p2a: Roaring Moon|Substitute\n|-damage|p2a: Roaring Moon|76\/100\n|\n|-heal|p2a: Roaring Moon|82\/100|[from] item: Leftovers\n|upkeep\n|turn|2\n|\n|t:|1700025864\n|move|p2a: Roaring Moon|Dragon Dance|p2a: Roaring Moon\n|-boost|p2a: Roaring Moon|atk|1\n|-boost|p2a: Roaring Moon|spe|1\n|move|p1a: Fezandipiti|Play Rough|p2a: Roaring Moon\n|-supereffective|p2a: Roaring Moon\n|-end|p2a: Roaring Moon|Substitute\n|\n|-heal|p2a: Roaring Moon|88\/100|[from] item: Leftovers\n|upkeep\n|turn|3\n|\n|t:|1700025927\n|move|p2a: Roaring Moon|Substitute|p2a: Roaring Moon\n|-start|p2a: Roaring Moon|Substitute\n|-damage|p2a: Roaring Moon|63\/100\n|move|p1a: Fezandipiti|Beat Up|p2a: Roaring Moon\n|-resisted|p2a: Roaring Moon\n|-activate|p2a: Roaring Moon|move: Substitute|[damage]\n|-resisted|p2a: Roaring Moon\n|-activate|p2a: Roaring Moon|move: Substitute|[damage]\n|-resisted|p2a: Roaring Moon\n|-activate|p2a: Roaring Moon|move: Substitute|[damage]\n|-resisted|p2a: Roaring Moon\n|-crit|p2a: Roaring Moon\n|-activate|p2a: Roaring Moon|move: Substitute|[damage]\n|-resisted|p2a: Roaring Moon\n|-activate|p2a: Roaring Moon|move: Substitute|[damage]\n|-resisted|p2a: Roaring Moon\n|-activate|p2a: Roaring Moon|move: Substitute|[damage]\n|-hitcount|p2a: Roaring Moon|6\n|\n|-heal|p2a: Roaring Moon|69\/100|[from] item: Leftovers\n|upkeep\n|turn|4\n|\n|t:|1700025945\n|move|p2a: Roaring Moon|Knock Off|p1a: Fezandipiti\n|-resisted|p1a: Fezandipiti\n|-damage|p1a: Fezandipiti|70\/100\n|-enditem|p1a: Fezandipiti|Leftovers|[from] move: Knock Off|[of] p2a: Roaring Moon\n|move|p1a: Fezandipiti|Play Rough|p2a: Roaring Moon\n|-supereffective|p2a: Roaring Moon\n|-end|p2a: Roaring Moon|Substitute\n|\n|-heal|p2a: Roaring Moon|75\/100|[from] item: Leftovers\n|upkeep\n|turn|5\n|\n|t:|1700025983\n|move|p2a: Roaring Moon|Substitute|p2a: Roaring Moon\n|-start|p2a: Roaring Moon|Substitute\n|-damage|p2a: Roaring Moon|50\/100\n|move|p1a: Fezandipiti|Play Rough|p2a: Roaring Moon\n|-supereffective|p2a: Roaring Moon\n|-end|p2a: Roaring Moon|Substitute\n|\n|-heal|p2a: Roaring Moon|56\/100|[from] item: Leftovers\n|upkeep\n|turn|6\n|c| Lunar Sloth|play rough connected 3 times i cant believe it\n|c| VoIteon|ikr\n|j| Gran gran\n|\n|t:|1700026022\n|-end|p2a: Roaring Moon|Protosynthesis|[silent]\n|switch|p2a: Quote Hate Squad|Torkoal, F|100\/100\n|-weather|SunnyDay|[from] ability: Drought|[of] p2a: Quote Hate Squad\n|move|p1a: Fezandipiti|Play Rough|p2a: Quote Hate Squad\n|-resisted|p2a: Quote Hate Squad\n|-damage|p2a: Quote Hate Squad|92\/100\n|-status|p2a: Quote Hate Squad|tox|[from] ability: Toxic Chain|[of] p1a: Fezandipiti\n|\n|-weather|SunnyDay|[upkeep]\n|-damage|p2a: Quote Hate Squad|86\/100 tox|[from] psn\n|upkeep\n|turn|7\n|\n|t:|1700026041\n|move|p1a: Fezandipiti|U-turn|p2a: Quote Hate Squad\n|-resisted|p2a: Quote Hate Squad\n|-damage|p2a: Quote Hate Squad|82\/100 tox\n|c| Lunar Sloth|toxic chain is a cool ability\n|\n|t:|1700026051\n|switch|p1a: Slowking|Slowking-Galar, F|100\/100|[from] U-turn\n|move|p2a: Quote Hate Squad|Stealth Rock|p1a: Slowking\n|-sidestart|p1: Czar_agon|move: Stealth Rock\n|\n|-weather|SunnyDay|[upkeep]\n|-damage|p2a: Quote Hate Squad|69\/100 tox|[from] psn\n|upkeep\n|turn|8\n|\n|t:|1700026076\n|switch|p2a: Enamorus|Enamorus, F|100\/100\n|move|p1a: Slowking|Chilly Reception|p1a: Slowking\n|-weather|Snow\n|\n|t:|1700026085\n|switch|p1a: Arctovish|Arctovish|100\/100|[from] Chilly Reception\n|-damage|p1a: Arctovish|76\/100|[from] Stealth Rock\n|\n|-weather|Snow|[upkeep]\n|upkeep\n|turn|9\n|c| Lunar Sloth|fish\n|j| Smackey_5\n|c| Smackey_5|first\n|c| Lunar Sloth|...\n|c| VoIteon|damn\n|\n|t:|1700026171\n|-terastallize|p2a: Enamorus|Electric\n|move|p1a: Arctovish|Fishious Rend|p2a: Enamorus\n|-damage|p2a: Enamorus|8\/100\n|move|p2a: Enamorus|Tera Blast|p1a: Arctovish|[anim] Tera Blast Electric\n|-supereffective|p1a: Arctovish\n|-damage|p1a: Arctovish|0 fnt\n|faint|p1a: Arctovish\n|\n|-weather|Snow|[upkeep]\n|upkeep\n|\n|t:|1700026185\n|switch|p1a: Slowking|Slowking-Galar, F|100\/100\n|-damage|p1a: Slowking|88\/100|[from] Stealth Rock\n|turn|10\n|\n|t:|1700026208\n|switch|p2a: Eelektross|Eelektross, F|100\/100\n|move|p1a: Slowking|Toxic Spikes|p2a: Eelektross\n|-sidestart|p2: Demolution545|move: Toxic Spikes\n|\n|-weather|Snow|[upkeep]\n|-heal|p1a: Slowking|94\/100|[from] item: Leftovers\n|upkeep\n|turn|11\n|c| Lunar Sloth|that gets toxic spikes neat\n|\n|t:|1700026251\n|move|p2a: Eelektross|Knock Off|p1a: Slowking\n|-supereffective|p1a: Slowking\n|-damage|p1a: Slowking|18\/100\n|-enditem|p1a: Slowking|Leftovers|[from] move: Knock Off|[of] p2a: Eelektross\n|move|p1a: Slowking|Future Sight|p2a: Eelektross\n|-start|p1a: Slowking|move: Future Sight\n|\n|-weather|Snow|[upkeep]\n|upkeep\n|turn|12\n|\n|t:|1700026274\n|switch|p1a: Baxcalibur|Baxcalibur, M|100\/100\n|move|p2a: Eelektross|U-turn|p1a: Baxcalibur\n|-damage|p1a: Baxcalibur|84\/100\n|\n|t:|1700026318\n|switch|p2a: Roaring Moon|Roaring Moon|56\/100|[from] U-turn\n|-status|p2a: Roaring Moon|psn\n|\n|-weather|none\n|-heal|p2a: Roaring Moon|62\/100 psn|[from] item: Leftovers\n|-damage|p2a: Roaring Moon|50\/100 psn|[from] psn\n|upkeep\n|turn|13\n|\n|t:|1700026339\n|switch|p1a: Fezandipiti|Fezandipiti, M|70\/100\n|-damage|p1a: Fezandipiti|58\/100|[from] Stealth Rock\n|move|p2a: Roaring Moon|Dragon Claw|p1a: Fezandipiti\n|-immune|p1a: Fezandipiti\n|\n|-end|p2a: Roaring Moon|move: Future Sight\n|-immune|p2a: Roaring Moon\n|-heal|p2a: Roaring Moon|56\/100 psn|[from] item: Leftovers\n|-damage|p2a: Roaring Moon|44\/100 psn|[from] psn\n|upkeep\n|turn|14\n|\n|t:|1700026357\n|-end|p2a: Roaring Moon|Protosynthesis|[silent]\n|switch|p2a: Quote Hate Squad|Torkoal, F|69\/100 tox\n|-weather|SunnyDay|[from] ability: Drought|[of] p2a: Quote Hate Squad\n|move|p1a: Fezandipiti|Roost|p1a: Fezandipiti\n|-heal|p1a: Fezandipiti|100\/100\n|-singleturn|p1a: Fezandipiti|move: Roost\n|\n|-weather|SunnyDay|[upkeep]\n|-damage|p2a: Quote Hate Squad|63\/100 tox|[from] psn\n|upkeep\n|turn|15\n|\n|t:|1700026368\n|move|p1a: Fezandipiti|U-turn|p2a: Quote Hate Squad\n|-resisted|p2a: Quote Hate Squad\n|-damage|p2a: Quote Hate Squad|59\/100 tox\n|\n|t:|1700026373\n|switch|p1a: Swampert|Swampert, F|100\/100|[from] U-turn\n|-damage|p1a: Swampert|94\/100|[from] Stealth Rock\n|move|p2a: Quote Hate Squad|Rapid Spin|p1a: Swampert\n|-damage|p1a: Swampert|87\/100\n|-boost|p2a: Quote Hate Squad|spe|1\n|-sideend|p2: Demolution545|Toxic Spikes|[from] move: Rapid Spin|[of] p2a: Quote Hate Squad\n|\n|-weather|SunnyDay|[upkeep]\n|-heal|p1a: Swampert|93\/100|[from] item: Leftovers\n|-damage|p2a: Quote Hate Squad|47\/100 tox|[from] psn\n|upkeep\n|turn|16\n|\n|t:|1700026406\n|switch|p2a: Walking Wake|Walking Wake|100\/100\n|-activate|p2a: Walking Wake|ability: Protosynthesis\n|-start|p2a: Walking Wake|protosynthesisspe\n|move|p1a: Swampert|Earthquake|p2a: Walking Wake\n|-damage|p2a: Walking Wake|62\/100\n|\n|-weather|SunnyDay|[upkeep]\n|-heal|p1a: Swampert|99\/100|[from] item: Leftovers\n|upkeep\n|turn|17\n|\n|t:|1700026427\n|move|p2a: Walking Wake|Draco Meteor|p1a: Swampert|[miss]\n|-miss|p2a: Walking Wake|p1a: Swampert\n|move|p1a: Swampert|Hail|p1a: Swampert\n|-weather|Hail\n|-end|p2a: Walking Wake|Protosynthesis\n|\n|-weather|Hail|[upkeep]\n|-damage|p2a: Walking Wake|55\/100|[from] Hail\n|-damage|p1a: Swampert|93\/100|[from] Hail\n|-heal|p1a: Swampert|99\/100|[from] item: Leftovers\n|upkeep\n|turn|18\n|c| Lunar Sloth|oof unfort miss\n|\n|t:|1700026442\n|move|p2a: Walking Wake|Draco Meteor|p1a: Swampert\n|-damage|p1a: Swampert|30\/100\n|-unboost|p2a: Walking Wake|spa|2\n|move|p1a: Swampert|Stealth Rock|p2a: Walking Wake\n|-sidestart|p2: Demolution545|move: Stealth Rock\n|\n|-weather|Hail|[upkeep]\n|-damage|p2a: Walking Wake|49\/100|[from] Hail\n|-damage|p1a: Swampert|24\/100|[from] Hail\n|-heal|p1a: Swampert|30\/100|[from] item: Leftovers\n|upkeep\n|turn|19\n|c| Lunar Sloth|wait hail\n|c| Lunar Sloth|HUH\n|\n|t:|1700026454\n|switch|p1a: Fezandipiti|Fezandipiti, M|100\/100\n|-damage|p1a: Fezandipiti|88\/100|[from] Stealth Rock\n|move|p2a: Walking Wake|Draco Meteor|p1a: Fezandipiti\n|-immune|p1a: Fezandipiti\n|\n|-weather|Hail|[upkeep]\n|-damage|p2a: Walking Wake|43\/100|[from] Hail\n|-damage|p1a: Fezandipiti|82\/100|[from] Hail\n|upkeep\n|turn|20\n|c| VoIteon|today is the not use 90% moves day\n|\n|t:|1700026481\n|-end|p2a: Walking Wake|Protosynthesis|[silent]\n|switch|p2a: Eelektross|Eelektross, F|100\/100\n|-damage|p2a: Eelektross|88\/100|[from] Stealth Rock\n|move|p1a: Fezandipiti|U-turn|p2a: Eelektross\n|-damage|p2a: Eelektross|71\/100\n|-status|p2a: Eelektross|tox|[from] ability: Toxic Chain|[of] p1a: Fezandipiti\n|c| Lunar Sloth|it feels weird that hail is there when they changed it to snow\n|\n|t:|1700026496\n|switch|p1a: Baxcalibur|Baxcalibur, M|84\/100|[from] U-turn\n|\n|-weather|Hail|[upkeep]\n|-damage|p2a: Eelektross|65\/100 tox|[from] Hail\n|-damage|p2a: Eelektross|59\/100 tox|[from] psn\n|upkeep\n|turn|21\n|c| VoIteon|wait\n|c| Smackey_5|oh you are right\n|c| VoIteon|HAIL\n|\n|t:|1700026508\n|move|p1a: Baxcalibur|Substitute|p1a: Baxcalibur\n|-start|p1a: Baxcalibur|Substitute\n|-damage|p1a: Baxcalibur|59\/100\n|move|p2a: Eelektross|Knock Off|p1a: Baxcalibur\n|-end|p1a: Baxcalibur|Substitute\n|\n|-weather|none\n|-damage|p2a: Eelektross|46\/100 tox|[from] psn\n|upkeep\n|turn|22\n|c| VoIteon|WAIT!\n|c| Lunar Sloth|yeah what\n|c| VoIteon|I didnt realize LOL\n|\n|t:|1700026518\n|move|p1a: Baxcalibur|Substitute|p1a: Baxcalibur\n|-start|p1a: Baxcalibur|Substitute\n|-damage|p1a: Baxcalibur|34\/100\n|move|p2a: Eelektross|Knock Off|p1a: Baxcalibur\n|-end|p1a: Baxcalibur|Substitute\n|\n|-damage|p2a: Eelektross|28\/100 tox|[from] psn\n|upkeep\n|turn|23\n|\n|t:|1700026536\n|move|p1a: Baxcalibur|Glaive Rush|p2a: Eelektross\n|-damage|p2a: Eelektross|0 fnt\n|-singlemove|p1a: Baxcalibur|Glaive Rush|[silent]\n|faint|p2a: Eelektross\n|\n|upkeep\n|\n|t:|1700026553\n|switch|p2a: Lilligant|Lilligant-Hisui, F|100\/100\n|turn|24\n|\n|t:|1700026588\n|switch|p1a: Tornadus|Tornadus-Therian, M|100\/100\n|-damage|p1a: Tornadus|76\/100|[from] Stealth Rock\n|move|p2a: Lilligant|Leaf Blade|p1a: Tornadus\n|-resisted|p1a: Tornadus\n|-damage|p1a: Tornadus|40\/100\n|\n|upkeep\n|turn|25\n|\n|t:|1700026620\n|switch|p2a: Enamorus|Enamorus, F, tera:Electric|8\/100\n|-zpower|p1a: Tornadus\n|move|p1a: Tornadus|Supersonic Skystrike|p2a: Enamorus|[zeffect]\n|-resisted|p2a: Enamorus\n|-damage|p2a: Enamorus|0 fnt\n|faint|p2a: Enamorus\n|\n|upkeep\n|\n|t:|1700026637\n|switch|p2a: Quote Hate Squad|Torkoal, F|47\/100 tox\n|-damage|p2a: Quote Hate Squad|22\/100 tox|[from] Stealth Rock\n|-weather|SunnyDay|[from] ability: Drought|[of] p2a: Quote Hate Squad\n|turn|26\n|\n|t:|1700026674\n|switch|p2a: Walking Wake|Walking Wake|43\/100\n|-damage|p2a: Walking Wake|31\/100|[from] Stealth Rock\n|-activate|p2a: Walking Wake|ability: Protosynthesis\n|-start|p2a: Walking Wake|protosynthesisspe\n|move|p1a: Tornadus|Knock Off|p2a: Walking Wake\n|-damage|p2a: Walking Wake|6\/100\n|-enditem|p2a: Walking Wake|Choice Specs|[from] move: Knock Off|[of] p1a: Tornadus\n|\n|-weather|SunnyDay|[upkeep]\n|upkeep\n|turn|27\n|\n|t:|1700026706\n|switch|p1a: Swampert|Swampert, F|30\/100\n|-damage|p1a: Swampert|24\/100|[from] Stealth Rock\n|move|p2a: Walking Wake|Hydro Steam|p1a: Swampert\n|-damage|p1a: Swampert|0 fnt\n|faint|p1a: Swampert\n|\n|-weather|SunnyDay|[upkeep]\n|upkeep\n|\n|t:|1700026724\n|switch|p1a: Fezandipiti|Fezandipiti, M|82\/100\n|-damage|p1a: Fezandipiti|70\/100|[from] Stealth Rock\n|turn|28\n|\n|t:|1700026734\n|move|p2a: Walking Wake|Hydro Steam|p1a: Fezandipiti\n|-damage|p1a: Fezandipiti|22\/100\n|move|p1a: Fezandipiti|Play Rough|p2a: Walking Wake\n|-supereffective|p2a: Walking Wake\n|-damage|p2a: Walking Wake|0 fnt\n|faint|p2a: Walking Wake\n|-end|p2a: Walking Wake|Protosynthesis|[silent]\n|\n|-weather|SunnyDay|[upkeep]\n|upkeep\n|\n|t:|1700026762\n|switch|p2a: Lilligant|Lilligant-Hisui, F|100\/100\n|turn|29\n|\n|t:|1700026780\n|move|p2a: Lilligant|Leaf Blade|p1a: Fezandipiti\n|-resisted|p1a: Fezandipiti\n|-crit|p1a: Fezandipiti\n|-damage|p1a: Fezandipiti|0 fnt\n|faint|p1a: Fezandipiti\n|\n|-weather|SunnyDay|[upkeep]\n|upkeep\n|c| Lunar Sloth|this is close]\n|\n|t:|1700026803\n|switch|p1a: Slowking|Slowking-Galar, F|51\/100\n|-damage|p1a: Slowking|39\/100|[from] Stealth Rock\n|turn|30\n|\n|t:|1700026836\n|move|p2a: Lilligant|Leaf Blade|p1a: Slowking\n|-resisted|p1a: Slowking\n|-damage|p1a: Slowking|16\/100\n|move|p1a: Slowking|Chilly Reception|p1a: Slowking\n|-weather|Snow\n|\n|t:|1700026845\n|switch|p1a: Tornadus|Tornadus-Therian, M|73\/100|[from] Chilly Reception\n|-damage|p1a: Tornadus|48\/100|[from] Stealth Rock\n|\n|-weather|Snow|[upkeep]\n|upkeep\n|turn|31\n|\n|t:|1700026864\n|switch|p2a: Quote Hate Squad|Torkoal, F|22\/100 tox\n|-damage|p2a: Quote Hate Squad|0 fnt|[from] Stealth Rock\n|faint|p2a: Quote Hate Squad\n|move|p1a: Tornadus|Defog|p2: Quote Hate Squad|[notarget]\n|-fail|p1a: Tornadus\n|\n|-weather|Snow|[upkeep]\n|upkeep\n|\n|t:|1700026878\n|switch|p2a: Roaring Moon|Roaring Moon|44\/100 psn\n|-damage|p2a: Roaring Moon|31\/100 psn|[from] Stealth Rock\n|turn|32\n|\n|t:|1700026890\n|move|p1a: Tornadus|Bleakwind Storm|p2a: Roaring Moon\n|-damage|p2a: Roaring Moon|0 fnt\n|faint|p2a: Roaring Moon\n|-end|p2a: Roaring Moon|Protosynthesis|[silent]\n|\n|-weather|Snow|[upkeep]\n|upkeep\n|c|\u2606Demolution545|ggd\n|c|\u2606Demolution545|ggs\n|\n|t:|1700026901\n|switch|p2a: Lilligant|Lilligant-Hisui, F|100\/100\n|turn|33\n|\n|t:|1700026908\n|move|p1a: Tornadus|Bleakwind Storm|p2a: Lilligant\n|-supereffective|p2a: Lilligant\n|-damage|p2a: Lilligant|0 fnt\n|faint|p2a: Lilligant\n|\n|win|Czar_agon\n|c|\u2606Czar_agon|ggs\n|c| VoIteon|80pecrnt\n|c| VoIteon|nvm\n|l| ZBFusion\n|l| Gran gran\n|l| VoIteon\n","uploadtime":1700026928,"views":14,"p1id":"czaragon","p2id":"demolution545","formatid":"gen9nationaldexubers","rating":0,"private":0,"password":""}