{"id":"gen9nationaldexubers-1985338313","p1":"Aeon Blue","p2":"pokegirl457","format":"[Gen 9] National Dex Ubers","log":"|j|\u2606Aeon Blue\n|j|\u2606pokegirl457\n|t:|1699365977\n|gametype|singles\n|player|p1|Aeon Blue|hilbert|1006\n|player|p2|pokegirl457|iris-gen5bw2|1159\n|teamsize|p1|6\n|teamsize|p2|6\n|gen|9\n|tier|[Gen 9] National Dex Ubers\n|rated|\n|rule|HP Percentage Mod: HP is shown in percentages\n|rule|Endless Battle Clause: Forcing endless battles is banned\n|rule|OHKO Clause: OHKO moves are banned\n|rule|Evasion Moves Clause: Evasion moves are banned\n|rule|Evasion Items Clause: Evasion items are banned\n|rule|Species Clause: Limit one of each Pok\u00e9mon\n|rule|Sleep Clause Mod: Limit one foe put to sleep\n|rule|Mega Rayquaza Clause: You cannot mega evolve Rayquaza\n|clearpoke\n|poke|p1|Beedrill, M|\n|poke|p1|Dhelmise|\n|poke|p1|Clawitzer, M|\n|poke|p1|Lucario, M|\n|poke|p1|Ogerpon-Hearthflame, F|\n|poke|p1|Lugia|\n|poke|p2|Necrozma-Dusk-Mane|\n|poke|p2|Dracovish|\n|poke|p2|Groudon|\n|poke|p2|Xerneas-*|\n|poke|p2|Zacian-*|\n|poke|p2|Kyurem-Black|\n|teampreview\n|inactive|Battle timer is ON: inactive players will automatically lose when time's up. (requested by Aeon Blue)\n|inactive|pokegirl457 also wants the timer to be on.\n|\n|t:|1699366002\n|start\n|switch|p1a: Cutlass|Beedrill, M, shiny|100\/100\n|switch|p2a: Necrozma|Necrozma-Dusk-Mane, shiny|100\/100\n|turn|1\n|\n|t:|1699366021\n|move|p1a: Cutlass|Drill Run|p2a: Necrozma\n|-supereffective|p2a: Necrozma\n|-damage|p2a: Necrozma|72\/100\n|move|p2a: Necrozma|Photon Geyser|p1a: Cutlass\n|-supereffective|p1a: Cutlass\n|-enditem|p1a: Cutlass|Focus Sash\n|-damage|p1a: Cutlass|1\/100\n|\n|upkeep\n|turn|2\n|inactive|pokegirl457 has 120 seconds left.\n|\n|t:|1699366066\n|move|p1a: Cutlass|Drill Run|p2a: Necrozma\n|-supereffective|p2a: Necrozma\n|-damage|p2a: Necrozma|47\/100\n|move|p2a: Necrozma|Morning Sun|p2a: Necrozma\n|-heal|p2a: Necrozma|97\/100\n|\n|upkeep\n|turn|3\n|\n|t:|1699366077\n|move|p1a: Cutlass|Drill Run|p2a: Necrozma\n|-supereffective|p2a: Necrozma\n|-damage|p2a: Necrozma|72\/100\n|move|p2a: Necrozma|Morning Sun|p2a: Necrozma\n|-heal|p2a: Necrozma|100\/100\n|\n|upkeep\n|turn|4\n|inactive|pokegirl457 has 120 seconds left.\n|\n|t:|1699366089\n|move|p1a: Cutlass|Drill Run|p2a: Necrozma\n|-supereffective|p2a: Necrozma\n|-damage|p2a: Necrozma|71\/100\n|move|p2a: Necrozma|Sunsteel Strike|p1a: Cutlass\n|-damage|p1a: Cutlass|0 fnt\n|faint|p1a: Cutlass\n|\n|upkeep\n|\n|t:|1699366101\n|switch|p1a: Cannon|Clawitzer, M, shiny|100\/100\n|turn|5\n|inactive|pokegirl457 has 120 seconds left.\n|\n|t:|1699366115\n|switch|p2a: XerneSWEEPER|Xerneas|100\/100\n|-ability|p2a: XerneSWEEPER|Fairy Aura\n|move|p1a: Cannon|Dark Pulse|p2a: XerneSWEEPER\n|-resisted|p2a: XerneSWEEPER\n|-damage|p2a: XerneSWEEPER|86\/100\n|\n|upkeep\n|turn|6\n|\n|t:|1699366125\n|move|p2a: XerneSWEEPER|Geomancy||[still]\n|-prepare|p2a: XerneSWEEPER|Geomancy\n|-enditem|p2a: XerneSWEEPER|Power Herb\n|-anim|p2a: XerneSWEEPER|Geomancy|p2a: XerneSWEEPER\n|-boost|p2a: XerneSWEEPER|spa|2\n|-boost|p2a: XerneSWEEPER|spd|2\n|-boost|p2a: XerneSWEEPER|spe|2\n|move|p1a: Cannon|Water Pulse|p2a: XerneSWEEPER\n|-crit|p2a: XerneSWEEPER\n|-damage|p2a: XerneSWEEPER|35\/100\n|\n|upkeep\n|turn|7\n|inactive|pokegirl457 has 120 seconds left.\n|inactive|pokegirl457 has 90 seconds left.\n|\n|t:|1699366189\n|-terastallize|p2a: XerneSWEEPER|Fairy\n|move|p2a: XerneSWEEPER|Thunder|p1a: Cannon\n|-supereffective|p1a: Cannon\n|-damage|p1a: Cannon|0 fnt\n|faint|p1a: Cannon\n|\n|upkeep\n|\n|t:|1699366197\n|switch|p1a: Hoist|Dhelmise|100\/100\n|turn|8\n|\n|t:|1699366206\n|move|p2a: XerneSWEEPER|Moonblast|p1a: Hoist\n|-damage|p1a: Hoist|0 fnt\n|faint|p1a: Hoist\n|\n|upkeep\n|\n|t:|1699366211\n|switch|p1a: Leviathan|Lugia|100\/100\n|-ability|p1a: Leviathan|Pressure\n|turn|9\n|\n|t:|1699366221\n|move|p2a: XerneSWEEPER|Thunder|p1a: Leviathan\n|-supereffective|p1a: Leviathan\n|-damage|p1a: Leviathan|0 fnt\n|faint|p1a: Leviathan\n|\n|upkeep\n|\n|t:|1699366226\n|switch|p1a: Santiana|Ogerpon-Hearthflame, F|100\/100\n|-ability|p1a: Santiana|Mold Breaker\n|turn|10\n|\n|t:|1699366232\n|-terastallize|p1a: Santiana|Fire\n|detailschange|p1a: Santiana|Ogerpon-Hearthflame-Tera, F, tera:Fire\n|-ability|p1a: Santiana|Embody Aspect (Hearthflame)|boost\n|-boost|p1a: Santiana|atk|1\n|move|p2a: XerneSWEEPER|Hidden Power|p1a: Santiana\n|-supereffective|p1a: Santiana\n|-damage|p1a: Santiana|0 fnt\n|faint|p1a: Santiana\n|\n|upkeep\n|\n|t:|1699366241\n|switch|p1a: Jack|Lucario, M|100\/100\n|turn|11\n|\n|t:|1699366246\n|move|p2a: XerneSWEEPER|Hidden Power|p1a: Jack\n|-supereffective|p1a: Jack\n|-damage|p1a: Jack|0 fnt\n|faint|p1a: Jack\n|\n|win|pokegirl457\n|raw|Aeon Blue's rating: 1006 &rarr; <strong>1000<\/strong><br \/>(-6 for losing)\n|raw|pokegirl457's rating: 1159 &rarr; <strong>1174<\/strong><br \/>(+15 for winning)\n|l|\u2606Aeon Blue\n|c|\u2606pokegirl457|Gg\n","uploadtime":1699366255,"views":5,"p1id":"aeonblue","p2id":"pokegirl457","formatid":"gen9nationaldexubers","rating":1000,"private":0,"password":""}