{"id":"gen9nationaldexubers-1993140314","p1":"vnappy","p2":"zMesa","format":"[Gen 9] National Dex Ubers","log":"|j|\u2606vnappy\n|j|\u2606zMesa\n|t:|1700269570\n|gametype|singles\n|player|p1|vnappy|acetrainer-gen4dp|1209\n|player|p2|zMesa|blue|1235\n|teamsize|p1|6\n|teamsize|p2|6\n|gen|9\n|tier|[Gen 9] National Dex Ubers\n|rated|\n|rule|HP Percentage Mod: HP is shown in percentages\n|rule|Endless Battle Clause: Forcing endless battles is banned\n|rule|OHKO Clause: OHKO moves are banned\n|rule|Evasion Moves Clause: Evasion moves are banned\n|rule|Evasion Items Clause: Evasion items are banned\n|rule|Species Clause: Limit one of each Pok\u00e9mon\n|rule|Sleep Clause Mod: Limit one foe put to sleep\n|rule|Mega Rayquaza Clause: You cannot mega evolve Rayquaza\n|clearpoke\n|poke|p1|Blastoise, M|\n|poke|p1|Tyranitar, F|\n|poke|p1|Rhydon, F|\n|poke|p1|Nidoking, M|\n|poke|p1|Dragonite, F|\n|poke|p1|Baxcalibur, F|\n|poke|p2|Ninjask, F|\n|poke|p2|Azumarill, F|\n|poke|p2|Vanilluxe, M|\n|poke|p2|Krookodile, F|\n|poke|p2|Aegislash, M|\n|poke|p2|Victini|\n|teampreview\n|inactive|Battle timer is ON: inactive players will automatically lose when time's up. (requested by vnappy)\n|\n|t:|1700269589\n|start\n|switch|p1a: Nidoking|Nidoking, M|100\/100\n|switch|p2a: Vanilluxe|Vanilluxe, M, shiny|100\/100\n|-weather|Snow|[from] ability: Snow Warning|[of] p2a: Vanilluxe\n|turn|1\n|\n|t:|1700269597\n|move|p1a: Nidoking|Sludge Wave|p2a: Vanilluxe\n|-damage|p2a: Vanilluxe|48\/100\n|move|p2a: Vanilluxe|Aurora Veil|p2a: Vanilluxe\n|-sidestart|p2: zMesa|move: Aurora Veil\n|\n|-weather|Snow|[upkeep]\n|upkeep\n|turn|2\n|\n|t:|1700269605\n|move|p1a: Nidoking|Toxic|p2a: Vanilluxe\n|-status|p2a: Vanilluxe|tox\n|move|p2a: Vanilluxe|Freeze-Dry|p1a: Nidoking\n|-supereffective|p1a: Nidoking\n|-enditem|p1a: Nidoking|Focus Sash\n|-damage|p1a: Nidoking|1\/100\n|\n|-weather|Snow|[upkeep]\n|-damage|p2a: Vanilluxe|42\/100 tox|[from] psn\n|upkeep\n|turn|3\n|\n|t:|1700269615\n|move|p1a: Nidoking|Sludge Wave|p2a: Vanilluxe\n|-damage|p2a: Vanilluxe|14\/100 tox\n|move|p2a: Vanilluxe|Freeze-Dry|p1a: Nidoking\n|-supereffective|p1a: Nidoking\n|-damage|p1a: Nidoking|0 fnt\n|faint|p1a: Nidoking\n|\n|-weather|Snow|[upkeep]\n|-damage|p2a: Vanilluxe|2\/100 tox|[from] psn\n|upkeep\n|\n|t:|1700269619\n|switch|p1a: Tyranitar|Tyranitar, F|100\/100\n|-weather|Sandstorm|[from] ability: Sand Stream|[of] p1a: Tyranitar\n|turn|4\n|\n|t:|1700269625\n|move|p2a: Vanilluxe|Flash Cannon|p1a: Tyranitar\n|-supereffective|p1a: Tyranitar\n|-damage|p1a: Tyranitar|76\/100\n|move|p1a: Tyranitar|Earthquake|p2a: Vanilluxe\n|-damage|p2a: Vanilluxe|0 fnt\n|faint|p2a: Vanilluxe\n|\n|-weather|Sandstorm|[upkeep]\n|upkeep\n|\n|t:|1700269640\n|switch|p2a: Krookodile|Krookodile, F|100\/100\n|turn|5\n|\n|t:|1700269657\n|move|p2a: Krookodile|Hone Claws|p2a: Krookodile\n|-boost|p2a: Krookodile|atk|1\n|-boost|p2a: Krookodile|accuracy|1\n|move|p1a: Tyranitar|Crunch|p2a: Krookodile\n|-resisted|p2a: Krookodile\n|-crit|p2a: Krookodile\n|-damage|p2a: Krookodile|60\/100\n|\n|-weather|Sandstorm|[upkeep]\n|upkeep\n|turn|6\n|\n|t:|1700269674\n|move|p2a: Krookodile|Hone Claws|p2a: Krookodile\n|-boost|p2a: Krookodile|atk|1\n|-boost|p2a: Krookodile|accuracy|1\n|move|p1a: Tyranitar|Crunch|p2a: Krookodile\n|-resisted|p2a: Krookodile\n|-damage|p2a: Krookodile|47\/100\n|\n|-weather|Sandstorm|[upkeep]\n|upkeep\n|turn|7\n|\n|t:|1700269685\n|move|p2a: Krookodile|Scale Shot|p1a: Tyranitar\n|-crit|p1a: Tyranitar\n|-damage|p1a: Tyranitar|58\/100\n|-crit|p1a: Tyranitar\n|-damage|p1a: Tyranitar|40\/100\n|-damage|p1a: Tyranitar|29\/100\n|-damage|p1a: Tyranitar|16\/100\n|-damage|p1a: Tyranitar|3\/100\n|-hitcount|p1a: Tyranitar|5\n|-unboost|p2a: Krookodile|def|1\n|-boost|p2a: Krookodile|spe|1\n|move|p1a: Tyranitar|Crunch|p2a: Krookodile\n|-resisted|p2a: Krookodile\n|-damage|p2a: Krookodile|26\/100\n|\n|-weather|Sandstorm|[upkeep]\n|upkeep\n|turn|8\n|\n|t:|1700269703\n|move|p2a: Krookodile|Earthquake|p1a: Tyranitar\n|-supereffective|p1a: Tyranitar\n|-damage|p1a: Tyranitar|0 fnt\n|faint|p1a: Tyranitar\n|-ability|p2a: Krookodile|Moxie|boost\n|-boost|p2a: Krookodile|atk|1\n|\n|-weather|none\n|-sideend|p2: zMesa|move: Aurora Veil\n|upkeep\n|\n|t:|1700269705\n|switch|p1a: Blastoise|Blastoise, M|100\/100\n|turn|9\n|\n|t:|1700269723\n|detailschange|p1a: Blastoise|Blastoise-Mega, M\n|-mega|p1a: Blastoise|Blastoise|Blastoisinite\n|move|p2a: Krookodile|Scale Shot|p1a: Blastoise\n|-damage|p1a: Blastoise|81\/100\n|-damage|p1a: Blastoise|63\/100\n|-damage|p1a: Blastoise|44\/100\n|-damage|p1a: Blastoise|23\/100\n|-hitcount|p1a: Blastoise|4\n|-unboost|p2a: Krookodile|def|1\n|-boost|p2a: Krookodile|spe|1\n|move|p1a: Blastoise|Water Pulse|p2a: Krookodile\n|-supereffective|p2a: Krookodile\n|-damage|p2a: Krookodile|0 fnt\n|faint|p2a: Krookodile\n|\n|upkeep\n|inactive|zMesa has 120 seconds left.\n|\n|t:|1700269742\n|switch|p2a: Ninjask|Ninjask, F|100\/100\n|turn|10\n|\n|t:|1700269749\n|move|p2a: Ninjask|Swords Dance|p2a: Ninjask\n|-boost|p2a: Ninjask|atk|2\n|move|p1a: Blastoise|Water Pulse|p2a: Ninjask\n|-enditem|p2a: Ninjask|Focus Sash\n|-damage|p2a: Ninjask|1\/100\n|\n|-ability|p2a: Ninjask|Speed Boost|boost\n|-boost|p2a: Ninjask|spe|1\n|upkeep\n|turn|11\n|\n|t:|1700269758\n|move|p2a: Ninjask|Leech Life|p1a: Blastoise\n|-damage|p1a: Blastoise|0 fnt\n|-heal|p2a: Ninjask|13\/100|[from] drain|[of] p1a: Blastoise\n|faint|p1a: Blastoise\n|\n|-ability|p2a: Ninjask|Speed Boost|boost\n|-boost|p2a: Ninjask|spe|1\n|upkeep\n|\n|t:|1700269763\n|switch|p1a: Baxcalibur|Baxcalibur, F|100\/100\n|turn|12\n|\n|t:|1700269779\n|move|p1a: Baxcalibur|Ice Shard|p2a: Ninjask\n|-supereffective|p2a: Ninjask\n|-damage|p2a: Ninjask|0 fnt\n|faint|p2a: Ninjask\n|\n|upkeep\n|\n|t:|1700269786\n|switch|p2a: Aegislash|Aegislash, M, shiny|100\/100\n|turn|13\n|\n|t:|1700269792\n|move|p1a: Baxcalibur|Icicle Spear|p2a: Aegislash\n|-resisted|p2a: Aegislash\n|-damage|p2a: Aegislash|94\/100\n|-resisted|p2a: Aegislash\n|-damage|p2a: Aegislash|87\/100\n|-resisted|p2a: Aegislash\n|-damage|p2a: Aegislash|80\/100\n|-resisted|p2a: Aegislash\n|-damage|p2a: Aegislash|74\/100\n|-resisted|p2a: Aegislash\n|-damage|p2a: Aegislash|68\/100\n|-hitcount|p2a: Aegislash|5\n|move|p2a: Aegislash|Swords Dance|p2a: Aegislash\n|-boost|p2a: Aegislash|atk|2\n|\n|-heal|p2a: Aegislash|74\/100|[from] item: Leftovers\n|upkeep\n|turn|14\n|\n|t:|1700269804\n|move|p2a: Aegislash|King's Shield|p2a: Aegislash\n|-singleturn|p2a: Aegislash|Protect\n|move|p1a: Baxcalibur|Icicle Spear|p2a: Aegislash\n|-activate|p2a: Aegislash|move: Protect\n|\n|-heal|p2a: Aegislash|81\/100|[from] item: Leftovers\n|upkeep\n|turn|15\n|\n|t:|1700269830\n|move|p1a: Baxcalibur|Dragon Dance|p1a: Baxcalibur\n|-boost|p1a: Baxcalibur|atk|1\n|-boost|p1a: Baxcalibur|spe|1\n|move|p2a: Aegislash|Swords Dance|p2a: Aegislash\n|-boost|p2a: Aegislash|atk|2\n|\n|-heal|p2a: Aegislash|87\/100|[from] item: Leftovers\n|upkeep\n|turn|16\n|\n|t:|1700269843\n|move|p2a: Aegislash|King's Shield|p2a: Aegislash\n|-singleturn|p2a: Aegislash|Protect\n|move|p1a: Baxcalibur|Glaive Rush|p2a: Aegislash\n|-activate|p2a: Aegislash|move: Protect\n|-unboost|p1a: Baxcalibur|atk|1\n|\n|-heal|p2a: Aegislash|93\/100|[from] item: Leftovers\n|upkeep\n|turn|17\n|inactive|zMesa has 120 seconds left.\n|\n|t:|1700269867\n|switch|p1a: Rhydon|Rhydon, F|100\/100\n|-formechange|p2a: Aegislash|Aegislash-Blade||[from] ability: Stance Change\n|move|p2a: Aegislash|Iron Head|p1a: Rhydon\n|-supereffective|p1a: Rhydon\n|-damage|p1a: Rhydon|0 fnt\n|faint|p1a: Rhydon\n|\n|-heal|p2a: Aegislash|99\/100|[from] item: Leftovers\n|upkeep\n|\n|t:|1700269870\n|switch|p1a: Dragonite|Dragonite, F|100\/100\n|turn|18\n|inactive|zMesa has 120 seconds left.\n|\n|t:|1700269884\n|-formechange|p2a: Aegislash|Aegislash||[from] ability: Stance Change\n|move|p2a: Aegislash|King's Shield|p2a: Aegislash\n|-singleturn|p2a: Aegislash|Protect\n|move|p1a: Dragonite|Dragon Dance|p1a: Dragonite\n|-boost|p1a: Dragonite|atk|1\n|-boost|p1a: Dragonite|spe|1\n|\n|-heal|p2a: Aegislash|100\/100|[from] item: Leftovers\n|upkeep\n|turn|19\n|\n|t:|1700269893\n|-terastallize|p1a: Dragonite|Fire\n|move|p1a: Dragonite|Fire Punch|p2a: Aegislash\n|-supereffective|p2a: Aegislash\n|-damage|p2a: Aegislash|0 fnt\n|faint|p2a: Aegislash\n|\n|upkeep\n|inactive|zMesa has 120 seconds left.\n|\n|t:|1700269908\n|switch|p2a: Azumarill|Azumarill, F|100\/100\n|turn|20\n|inactive|zMesa has 120 seconds left.\n|\n|t:|1700269918\n|move|p1a: Dragonite|Dual Wingbeat|p2a: Azumarill\n|-damage|p2a: Azumarill|68\/100\n|-crit|p2a: Azumarill\n|-damage|p2a: Azumarill|21\/100\n|-enditem|p2a: Azumarill|Sitrus Berry|[eat]\n|-heal|p2a: Azumarill|46\/100|[from] item: Sitrus Berry\n|-hitcount|p2a: Azumarill|2\n|move|p2a: Azumarill|Belly Drum||[still]\n|-fail|p2a: Azumarill\n|\n|upkeep\n|turn|21\n|\n|t:|1700269927\n|-terastallize|p2a: Azumarill|Water\n|move|p2a: Azumarill|Aqua Jet|p1a: Dragonite\n|-supereffective|p1a: Dragonite\n|-damage|p1a: Dragonite|65\/100\n|move|p1a: Dragonite|Dual Wingbeat|p2a: Azumarill\n|-damage|p2a: Azumarill|14\/100\n|-damage|p2a: Azumarill|0 fnt\n|faint|p2a: Azumarill\n|-hitcount|p2: Azumarill|2\n|\n|upkeep\n|\n|t:|1700269935\n|switch|p2a: Victini|Victini|100\/100\n|turn|22\n|\n|t:|1700269939\n|move|p1a: Dragonite|Outrage|p2a: Victini\n|-damage|p2a: Victini|5\/100\n|-zpower|p2a: Victini\n|move|p2a: Victini|Z-Celebrate|p2a: Victini|[anim]Celebrate\n|-boost|p2a: Victini|atk|1|[zeffect]\n|-boost|p2a: Victini|def|1|[zeffect]\n|-boost|p2a: Victini|spa|1|[zeffect]\n|-boost|p2a: Victini|spd|1|[zeffect]\n|-boost|p2a: Victini|spe|1|[zeffect]\n|-activate|p2a: Victini|move: Celebrate\n|\n|upkeep\n|turn|23\n|\n|t:|1700269950\n|move|p2a: Victini|Psychic|p1a: Dragonite\n|-damage|p1a: Dragonite|4\/100\n|move|p1a: Dragonite|Outrage|p2a: Victini|[from]lockedmove\n|-damage|p2a: Victini|0 fnt\n|faint|p2a: Victini\n|\n|win|vnappy\n|raw|vnappy's rating: 1209 &rarr; <strong>1236<\/strong><br \/>(+27 for winning)\n|raw|zMesa's rating: 1235 &rarr; <strong>1208<\/strong><br \/>(-27 for losing)\n|c|\u2606vnappy|gg\n|l|\u2606zMesa\n","uploadtime":1700269959,"views":7,"p1id":"vnappy","p2id":"zmesa","formatid":"gen9nationaldexubers","rating":1208,"private":0,"password":""}