{"id":"gen9nationaldexubers-1979685358","p1":"BelugaCat3","p2":"fancyostriches","format":"[Gen 9] National Dex Ubers","log":"|j|\u2606BelugaCat3\n|j|\u2606fancyostriches\n|t:|1698703142\n|gametype|singles\n|player|p1|BelugaCat3|waiter-gen4dp|1124\n|player|p2|fancyostriches|flannery|1188\n|teamsize|p1|6\n|teamsize|p2|6\n|gen|9\n|tier|[Gen 9] National Dex Ubers\n|rated|\n|rule|HP Percentage Mod: HP is shown in percentages\n|rule|Endless Battle Clause: Forcing endless battles is banned\n|rule|OHKO Clause: OHKO moves are banned\n|rule|Evasion Moves Clause: Evasion moves are banned\n|rule|Evasion Items Clause: Evasion items are banned\n|rule|Species Clause: Limit one of each Pok\u00e9mon\n|rule|Sleep Clause Mod: Limit one foe put to sleep\n|rule|Mega Rayquaza Clause: You cannot mega evolve Rayquaza\n|clearpoke\n|poke|p1|Arceus|\n|poke|p1|Groudon|\n|poke|p1|Xerneas-*|\n|poke|p1|Giratina-Origin|\n|poke|p1|Bidoof, F|\n|poke|p1|Mewtwo|\n|poke|p2|Heatran, F|\n|poke|p2|Alomomola, M|\n|poke|p2|Polteageist|\n|poke|p2|Articuno|\n|poke|p2|Chesnaught, M|\n|poke|p2|Aerodactyl, F|\n|teampreview\n|\n|t:|1698703148\n|start\n|switch|p1a: GOD|Bidoof, F, shiny|100\/100\n|switch|p2a: Aerodactyl|Aerodactyl, F|100\/100\n|turn|1\n|\n|t:|1698703161\n|detailschange|p2a: Aerodactyl|Aerodactyl-Mega, F\n|-mega|p2a: Aerodactyl|Aerodactyl|Aerodactylite\n|move|p2a: Aerodactyl|Dual Wingbeat|p1a: GOD\n|-damage|p1a: GOD|39\/100\n|-damage|p1a: GOD|0 fnt\n|faint|p1a: GOD\n|-hitcount|p1: GOD|2\n|\n|upkeep\n|\n|t:|1698703177\n|switch|p1a: Dinosaur|Groudon|100\/100\n|detailschange|p1a: Dinosaur|Groudon-Primal\n|-primal|p1a: Dinosaur|Red Orb\n|-weather|DesolateLand|[from] ability: Desolate Land|[of] p1a: Dinosaur\n|turn|2\n|\n|t:|1698703188\n|move|p2a: Aerodactyl|Earthquake|p1a: Dinosaur\n|-supereffective|p1a: Dinosaur\n|-damage|p1a: Dinosaur|53\/100\n|move|p1a: Dinosaur|Solar Beam||[still]\n|-prepare|p1a: Dinosaur|Solar Beam\n|-anim|p1a: Dinosaur|Solar Beam|p2a: Aerodactyl\n|-damage|p2a: Aerodactyl|57\/100\n|\n|-weather|DesolateLand|[upkeep]\n|upkeep\n|turn|3\n|\n|t:|1698703196\n|move|p2a: Aerodactyl|Earthquake|p1a: Dinosaur\n|-supereffective|p1a: Dinosaur\n|-damage|p1a: Dinosaur|7\/100\n|move|p1a: Dinosaur|Solar Beam||[still]\n|-prepare|p1a: Dinosaur|Solar Beam\n|-anim|p1a: Dinosaur|Solar Beam|p2a: Aerodactyl\n|-damage|p2a: Aerodactyl|18\/100\n|\n|-weather|DesolateLand|[upkeep]\n|upkeep\n|turn|4\n|\n|t:|1698703205\n|-weather|none\n|switch|p1a: Serpent|Giratina-Origin|100\/100\n|move|p2a: Aerodactyl|Earthquake|p1a: Serpent\n|-immune|p1a: Serpent|[from] ability: Levitate\n|\n|upkeep\n|turn|5\n|\n|t:|1698703215\n|-terastallize|p1a: Serpent|Electric\n|move|p2a: Aerodactyl|Dual Wingbeat|p1a: Serpent\n|-resisted|p1a: Serpent\n|-damage|p1a: Serpent|91\/100\n|-resisted|p1a: Serpent\n|-damage|p1a: Serpent|80\/100\n|-hitcount|p1a: Serpent|2\n|move|p1a: Serpent|Ancient Power|p2a: Aerodactyl\n|-supereffective|p2a: Aerodactyl\n|-damage|p2a: Aerodactyl|0 fnt\n|faint|p2a: Aerodactyl\n|\n|upkeep\n|\n|t:|1698703236\n|switch|p2a: Heatran|Heatran, F|100\/100\n|turn|6\n|c|\u2606BelugaCat3|my giratina can no longer take super effective damage\n|\n|t:|1698703251\n|move|p1a: Serpent|Shadow Force||[still]\n|-prepare|p1a: Serpent|Shadow Force\n|move|p2a: Heatran|Substitute|p2a: Heatran\n|-start|p2a: Heatran|Substitute\n|-damage|p2a: Heatran|76\/100\n|\n|upkeep\n|turn|7\n|l|\u2606fancyostriches\n|player|p2|\n|c|\u2606BelugaCat3|DID YOU KNOW? Shadow Force goes through Substitutes.\n|j|\u2606fancyostriches\n|player|p2|fancyostriches|flannery\n|\n|t:|1698703301\n|move|p1a: Serpent|Shadow Force|p2a: Heatran|[from]lockedmove\n|-end|p2a: Heatran|Substitute\n|move|p2a: Heatran|Magma Storm|p1a: Serpent\n|-damage|p1a: Serpent|50\/100\n|-activate|p1a: Serpent|move: Magma Storm|[of] p2a: Heatran\n|\n|-damage|p1a: Serpent|34\/100|[from] move: Magma Storm|[partiallytrapped]\n|upkeep\n|turn|8\n|\n|t:|1698703312\n|move|p2a: Heatran|Protect|p2a: Heatran\n|-singleturn|p2a: Heatran|Protect\n|move|p1a: Serpent|Shadow Force||[still]\n|-prepare|p1a: Serpent|Shadow Force\n|\n|-damage|p1a: Serpent|17\/100|[from] move: Magma Storm|[partiallytrapped]\n|upkeep\n|turn|9\n|\n|t:|1698703321\n|move|p1a: Serpent|Shadow Force|p2a: Heatran|[from]lockedmove\n|-crit|p2a: Heatran\n|-damage|p2a: Heatran|5\/100\n|move|p2a: Heatran|Substitute|p2a: Heatran\n|-fail|p2a: Heatran|move: Substitute|[weak]\n|\n|-damage|p1a: Serpent|1\/100|[from] move: Magma Storm|[partiallytrapped]\n|upkeep\n|turn|10\n|\n|t:|1698703331\n|move|p2a: Heatran|Protect|p2a: Heatran\n|-singleturn|p2a: Heatran|Protect\n|move|p1a: Serpent|Ancient Power|p2a: Heatran\n|-activate|p2a: Heatran|move: Protect\n|\n|-damage|p1a: Serpent|0 fnt|[from] move: Magma Storm|[partiallytrapped]\n|faint|p1a: Serpent\n|upkeep\n|\n|t:|1698703346\n|switch|p1a: PegaSUS|Xerneas|100\/100\n|-ability|p1a: PegaSUS|Fairy Aura\n|turn|11\n|\n|t:|1698703370\n|switch|p2a: Alomomola|Alomomola, M|100\/100\n|move|p1a: PegaSUS|Thunder|p2a: Alomomola\n|-supereffective|p2a: Alomomola\n|-damage|p2a: Alomomola|39\/100\n|-status|p2a: Alomomola|par\n|\n|-heal|p2a: Alomomola|45\/100 par|[from] item: Leftovers\n|upkeep\n|turn|12\n|\n|t:|1698703396\n|-zpower|p1a: PegaSUS\n|move|p1a: PegaSUS|Z-Geomancy||[anim]Geomancy|[still]\n|-boost|p1a: PegaSUS|atk|1|[zeffect]\n|-boost|p1a: PegaSUS|def|1|[zeffect]\n|-boost|p1a: PegaSUS|spa|1|[zeffect]\n|-boost|p1a: PegaSUS|spd|1|[zeffect]\n|-boost|p1a: PegaSUS|spe|1|[zeffect]\n|-prepare|p1a: PegaSUS|Geomancy\n|move|p2a: Alomomola|Wish|p2a: Alomomola\n|\n|-heal|p2a: Alomomola|51\/100 par|[from] item: Leftovers\n|upkeep\n|turn|13\n|c|\u2606BelugaCat3|thank you :3\n|\n|t:|1698703408\n|move|p1a: PegaSUS|Geomancy|p1a: PegaSUS|[from]lockedmove\n|-boost|p1a: PegaSUS|spa|2\n|-boost|p1a: PegaSUS|spd|2\n|-boost|p1a: PegaSUS|spe|2\n|move|p2a: Alomomola|Flip Turn|p1a: PegaSUS\n|-damage|p1a: PegaSUS|91\/100\n|\n|t:|1698703415\n|switch|p2a: Heatran|Heatran, F|5\/100|[from] Flip Turn\n|\n|-heal|p2a: Heatran|86\/100|[from] move: Wish|[wisher] Alomomola\n|upkeep\n|turn|14\n|\n|t:|1698703430\n|-terastallize|p2a: Heatran|Grass\n|move|p1a: PegaSUS|Focus Blast|p2a: Heatran\n|-damage|p2a: Heatran|0 fnt\n|faint|p2a: Heatran\n|\n|upkeep\n|\n|t:|1698703444\n|switch|p2a: Alomomola|Alomomola, M|84\/100 par\n|turn|15\n|\n|t:|1698703448\n|move|p1a: PegaSUS|Thunder|p2a: Alomomola\n|-supereffective|p2a: Alomomola\n|-damage|p2a: Alomomola|0 fnt\n|faint|p2a: Alomomola\n|\n|upkeep\n|\n|t:|1698703478\n|switch|p2a: Polteageist|Polteageist|100\/100\n|turn|16\n|\n|t:|1698703486\n|move|p1a: PegaSUS|Moonblast|p2a: Polteageist\n|-enditem|p2a: Polteageist|Focus Sash\n|-damage|p2a: Polteageist|1\/100\n|move|p2a: Polteageist|Shell Smash|p2a: Polteageist\n|-unboost|p2a: Polteageist|def|1\n|-unboost|p2a: Polteageist|spd|1\n|-boost|p2a: Polteageist|atk|2\n|-boost|p2a: Polteageist|spa|2\n|-boost|p2a: Polteageist|spe|2\n|\n|upkeep\n|turn|17\n|\n|t:|1698703497\n|move|p1a: PegaSUS|Thunder|p2a: Polteageist\n|-damage|p2a: Polteageist|0 fnt\n|faint|p2a: Polteageist\n|\n|upkeep\n|\n|t:|1698703503\n|switch|p2a: Chesnaught|Chesnaught, M|100\/100\n|turn|18\n|c|\u2606BelugaCat3|gg\n|\n|t:|1698703507\n|move|p2a: Chesnaught|Spiky Shield|p2a: Chesnaught\n|-singleturn|p2a: Chesnaught|move: Protect\n|move|p1a: PegaSUS|Geomancy||[still]\n|-prepare|p1a: PegaSUS|Geomancy\n|\n|upkeep\n|turn|19\n|c|\u2606BelugaCat3|OOPS\n|\n|t:|1698703518\n|move|p1a: PegaSUS|Geomancy|p1a: PegaSUS|[from]lockedmove\n|-boost|p1a: PegaSUS|spa|2\n|-boost|p1a: PegaSUS|spd|2\n|-boost|p1a: PegaSUS|spe|2\n|move|p2a: Chesnaught|Drain Punch|p1a: PegaSUS\n|-resisted|p1a: PegaSUS\n|-damage|p1a: PegaSUS|82\/100\n|\n|upkeep\n|turn|20\n|\n|t:|1698703528\n|move|p1a: PegaSUS|Geomancy||[still]\n|-prepare|p1a: PegaSUS|Geomancy\n|move|p2a: Chesnaught|Belly Drum|p2a: Chesnaught\n|-damage|p2a: Chesnaught|51\/100\n|-setboost|p2a: Chesnaught|atk|6|[from] move: Belly Drum\n|\n|-heal|p2a: Chesnaught|57\/100|[from] item: Leftovers\n|upkeep\n|turn|21\n|c|\u2606BelugaCat3|NOT AGAIN\n|\n|t:|1698703538\n|move|p2a: Chesnaught|Spiky Shield|p2a: Chesnaught\n|-singleturn|p2a: Chesnaught|move: Protect\n|move|p1a: PegaSUS|Geomancy|p1a: PegaSUS|[from]lockedmove\n|-boost|p1a: PegaSUS|spa|1\n|-boost|p1a: PegaSUS|spd|1\n|-boost|p1a: PegaSUS|spe|1\n|\n|-heal|p2a: Chesnaught|63\/100|[from] item: Leftovers\n|upkeep\n|turn|22\n|\n|t:|1698703548\n|move|p1a: PegaSUS|Moonblast|p2a: Chesnaught\n|-supereffective|p2a: Chesnaught\n|-damage|p2a: Chesnaught|0 fnt\n|faint|p2a: Chesnaught\n|\n|upkeep\n|c|\u2606BelugaCat3|good game\n|c|\u2606BelugaCat3|you can quit now\n|l|\u2606fancyostriches\n|player|p2|\n|c|\u2606BelugaCat3|there is no way you can beat me anymore\n|inactive|Battle timer is ON: inactive players will automatically lose when time's up. (requested by BelugaCat3)\n|c|\u2606BelugaCat3|hello?\n|c|\u2606BelugaCat3|hello?\n|c|\u2606BelugaCat3|hello?\n|inactive|fancyostriches has 30 seconds to reconnect!\n|inactive|fancyostriches has 20 seconds to reconnect!\n|inactive|fancyostriches has 15 seconds to reconnect!\n|inactive|fancyostriches has 10 seconds to reconnect!\n|inactive|fancyostriches has 5 seconds to reconnect!\n|-message|fancyostriches lost due to inactivity.\n|\n|win|BelugaCat3\n|raw|BelugaCat3's rating: 1124 &rarr; <strong>1154<\/strong><br \/>(+30 for winning)\n|raw|fancyostriches's rating: 1188 &rarr; <strong>1158<\/strong><br \/>(-30 for losing)\n","uploadtime":1698703684,"views":11,"p1id":"belugacat3","p2id":"fancyostriches","formatid":"gen9nationaldexubers","rating":1154,"private":0,"password":""}