{"id":"gen9nationaldexubers-1980614998","p1":"0-9p8p9p7","p2":"carteredwinwoods","format":"[Gen 9] National Dex Ubers","log":"|j|\u26060-9p8p9p7\n|j|\u2606carteredwinwoods\n|t:|1698803534\n|gametype|singles\n|player|p1|0-9p8p9p7|169|1052\n|player|p2|carteredwinwoods|caitlin|1000\n|teamsize|p1|6\n|teamsize|p2|6\n|gen|9\n|tier|[Gen 9] National Dex Ubers\n|rated|\n|rule|HP Percentage Mod: HP is shown in percentages\n|rule|Endless Battle Clause: Forcing endless battles is banned\n|rule|OHKO Clause: OHKO moves are banned\n|rule|Evasion Moves Clause: Evasion moves are banned\n|rule|Evasion Items Clause: Evasion items are banned\n|rule|Species Clause: Limit one of each Pok\u00e9mon\n|rule|Sleep Clause Mod: Limit one foe put to sleep\n|rule|Mega Rayquaza Clause: You cannot mega evolve Rayquaza\n|clearpoke\n|poke|p1|Haxorus, F|\n|poke|p1|Cobalion|\n|poke|p1|Aron, L1, F|\n|poke|p1|Magnemite, L1|\n|poke|p1|Brambleghast, M|\n|poke|p1|Taillow, L1, F|\n|poke|p2|Gallade, M|\n|poke|p2|Pawmot, M|\n|poke|p2|Infernape, M|\n|poke|p2|Lopunny, F|\n|poke|p2|Annihilape, F|\n|poke|p2|Sneasler, M|\n|teampreview\n|c|\u26060-9p8p9p7|definitely not a troll team part 1\n|c|\u2606carteredwinwoods|okay\n|\n|t:|1698803574\n|start\n|switch|p1a: Brambleghast|Brambleghast, M|100\/100\n|switch|p2a: Sneasler|Sneasler, M, shiny|100\/100\n|turn|1\n|\n|t:|1698803595\n|switch|p1a: Magnemite|Magnemite, L1|100\/100\n|move|p2a: Sneasler|Dire Claw|p1a: Magnemite\n|-immune|p1a: Magnemite\n|\n|upkeep\n|turn|2\n|\n|t:|1698803607\n|move|p2a: Sneasler|Shadow Ball|p1a: Magnemite\n|-crit|p1a: Magnemite\n|-ability|p1a: Magnemite|Sturdy\n|-damage|p1a: Magnemite|10\/100\n|-enditem|p1a: Magnemite|Oran Berry|[eat]\n|-heal|p1a: Magnemite|100\/100|[from] item: Oran Berry\n|move|p1a: Magnemite|Recycle|p1a: Magnemite\n|-item|p1a: Magnemite|Oran Berry|[from] move: Recycle\n|\n|upkeep\n|turn|3\n|\n|t:|1698803618\n|switch|p1a: Taillow|Taillow, L1, F, shiny|100\/100\n|move|p2a: Sneasler|Shadow Ball|p1a: Taillow\n|-immune|p1a: Taillow\n|\n|upkeep\n|turn|4\n|\n|t:|1698803634\n|move|p2a: Sneasler|Dire Claw|p1a: Taillow\n|-enditem|p1a: Taillow|Focus Sash\n|-damage|p1a: Taillow|9\/100\n|move|p1a: Taillow|Endeavor|p2a: Sneasler\n|-damage|p2a: Sneasler|1\/100\n|\n|upkeep\n|turn|5\n|\n|t:|1698803642\n|switch|p2a: Annihilape|Annihilape, F|100\/100\n|move|p1a: Taillow|Quick Attack|p2a: Annihilape\n|-damage|p2a: Annihilape|99\/100\n|\n|upkeep\n|turn|6\n|\n|t:|1698803652\n|move|p2a: Annihilape|Outrage|p1a: Taillow\n|-damage|p1a: Taillow|0 fnt\n|faint|p1a: Taillow\n|\n|upkeep\n|\n|t:|1698803660\n|switch|p1a: Magnemite|Magnemite, L1|100\/100\n|turn|7\n|\n|t:|1698803663\n|move|p2a: Annihilape|Outrage|p1a: Magnemite|[from]lockedmove\n|-resisted|p1a: Magnemite\n|-ability|p1a: Magnemite|Sturdy\n|-damage|p1a: Magnemite|10\/100\n|-enditem|p1a: Magnemite|Oran Berry|[eat]\n|-heal|p1a: Magnemite|100\/100|[from] item: Oran Berry\n|move|p1a: Magnemite|Toxic|p2a: Annihilape\n|-status|p2a: Annihilape|tox\n|\n|-damage|p2a: Annihilape|94\/100 tox|[from] psn\n|upkeep\n|turn|8\n|\n|t:|1698803674\n|move|p2a: Annihilape|Outrage|p1a: Magnemite|[from]lockedmove\n|-resisted|p1a: Magnemite\n|-ability|p1a: Magnemite|Sturdy\n|-damage|p1a: Magnemite|10\/100\n|-start|p2a: Annihilape|confusion|[fatigue]\n|move|p1a: Magnemite|Recycle|p1a: Magnemite\n|-item|p1a: Magnemite|Oran Berry|[from] move: Recycle\n|-enditem|p1a: Magnemite|Oran Berry|[eat]\n|-heal|p1a: Magnemite|100\/100|[from] item: Oran Berry\n|\n|-damage|p2a: Annihilape|82\/100 tox|[from] psn\n|upkeep\n|turn|9\n|c|\u26060-9p8p9p7|isnt troll fun?\n|\n|t:|1698803689\n|-activate|p2a: Annihilape|confusion\n|-damage|p2a: Annihilape|67\/100 tox|[from] confusion\n|move|p1a: Magnemite|Recycle|p1a: Magnemite\n|-item|p1a: Magnemite|Oran Berry|[from] move: Recycle\n|\n|-damage|p2a: Annihilape|49\/100 tox|[from] psn\n|upkeep\n|turn|10\n|\n|t:|1698803700\n|-activate|p2a: Annihilape|confusion\n|move|p2a: Annihilape|Shadow Ball|p1a: Magnemite\n|-ability|p1a: Magnemite|Sturdy\n|-damage|p1a: Magnemite|10\/100\n|-enditem|p1a: Magnemite|Oran Berry|[eat]\n|-heal|p1a: Magnemite|100\/100|[from] item: Oran Berry\n|move|p1a: Magnemite|Recycle|p1a: Magnemite\n|-item|p1a: Magnemite|Oran Berry|[from] move: Recycle\n|\n|-damage|p2a: Annihilape|24\/100 tox|[from] psn\n|upkeep\n|turn|11\n|j| TheRealDelliot\n|\n|t:|1698803709\n|move|p1a: Magnemite|Protect|p1a: Magnemite\n|-singleturn|p1a: Magnemite|Protect\n|-activate|p2a: Annihilape|confusion\n|-damage|p2a: Annihilape|10\/100 tox|[from] confusion\n|\n|-damage|p2a: Annihilape|0 fnt|[from] psn\n|faint|p2a: Annihilape\n|upkeep\n|\n|t:|1698803721\n|switch|p2a: Infernape|Infernape, M, shiny|100\/100\n|turn|12\n|\n|t:|1698803731\n|move|p2a: Infernape|Drain Punch|p1a: Magnemite\n|-supereffective|p1a: Magnemite\n|-ability|p1a: Magnemite|Sturdy\n|-damage|p1a: Magnemite|10\/100\n|-enditem|p1a: Magnemite|Oran Berry|[eat]\n|-heal|p1a: Magnemite|100\/100|[from] item: Oran Berry\n|move|p1a: Magnemite|Toxic|p2a: Infernape\n|-status|p2a: Infernape|tox\n|\n|-damage|p2a: Infernape|94\/100 tox|[from] psn\n|upkeep\n|turn|13\n|c| TheRealDelliot|Why did blud have shadow ball\n|c| TheRealDelliot|with 50 special attack\n|c|\u2606carteredwinwoods|erm\n|c| TheRealDelliot|now mach punch\n|\n|t:|1698803741\n|move|p2a: Infernape|Drain Punch|p1a: Magnemite\n|-supereffective|p1a: Magnemite\n|-ability|p1a: Magnemite|Sturdy\n|-damage|p1a: Magnemite|10\/100\n|-heal|p2a: Infernape|96\/100 tox|[from] drain|[of] p1a: Magnemite\n|move|p1a: Magnemite|Recycle|p1a: Magnemite\n|-item|p1a: Magnemite|Oran Berry|[from] move: Recycle\n|-enditem|p1a: Magnemite|Oran Berry|[eat]\n|-heal|p1a: Magnemite|100\/100|[from] item: Oran Berry\n|\n|-damage|p2a: Infernape|84\/100 tox|[from] psn\n|upkeep\n|turn|14\n|\n|t:|1698803757\n|move|p2a: Infernape|Drain Punch|p1a: Magnemite\n|-supereffective|p1a: Magnemite\n|-ability|p1a: Magnemite|Sturdy\n|-damage|p1a: Magnemite|10\/100\n|-heal|p2a: Infernape|85\/100 tox|[from] drain|[of] p1a: Magnemite\n|move|p1a: Magnemite|Recycle|p1a: Magnemite\n|-item|p1a: Magnemite|Oran Berry|[from] move: Recycle\n|-enditem|p1a: Magnemite|Oran Berry|[eat]\n|-heal|p1a: Magnemite|100\/100|[from] item: Oran Berry\n|\n|-damage|p2a: Infernape|67\/100 tox|[from] psn\n|upkeep\n|turn|15\n|c| TheRealDelliot|Run literally any support move carter\n|c| TheRealDelliot|Taunt?\n|\n|t:|1698803770\n|move|p2a: Infernape|Drain Punch|p1a: Magnemite\n|-supereffective|p1a: Magnemite\n|-ability|p1a: Magnemite|Sturdy\n|-damage|p1a: Magnemite|10\/100\n|-heal|p2a: Infernape|69\/100 tox|[from] drain|[of] p1a: Magnemite\n|move|p1a: Magnemite|Recycle|p1a: Magnemite\n|-item|p1a: Magnemite|Oran Berry|[from] move: Recycle\n|-enditem|p1a: Magnemite|Oran Berry|[eat]\n|-heal|p1a: Magnemite|100\/100|[from] item: Oran Berry\n|\n|-damage|p2a: Infernape|44\/100 tox|[from] psn\n|upkeep\n|turn|16\n|c| TheRealDelliot|double kick terrakion?\n|c|\u2606carteredwinwoods|erm\n|\n|t:|1698803783\n|move|p1a: Magnemite|Protect|p1a: Magnemite\n|-singleturn|p1a: Magnemite|Protect\n|move|p2a: Infernape|Drain Punch|p1a: Magnemite\n|-activate|p1a: Magnemite|move: Protect\n|\n|-damage|p2a: Infernape|13\/100 tox|[from] psn\n|upkeep\n|turn|17\n|\n|t:|1698803791\n|move|p2a: Infernape|Aura Sphere|p1a: Magnemite\n|-supereffective|p1a: Magnemite\n|-ability|p1a: Magnemite|Sturdy\n|-damage|p1a: Magnemite|10\/100\n|move|p1a: Magnemite|Recycle|p1a: Magnemite\n|-item|p1a: Magnemite|Oran Berry|[from] move: Recycle\n|-enditem|p1a: Magnemite|Oran Berry|[eat]\n|-heal|p1a: Magnemite|100\/100|[from] item: Oran Berry\n|\n|-damage|p2a: Infernape|0 fnt|[from] psn\n|faint|p2a: Infernape\n|upkeep\n|c| TheRealDelliot|Or maybe even run a single hazard\n|\n|t:|1698803804\n|switch|p2a: Sneasler|Sneasler, M, shiny|1\/100\n|turn|18\n|c| TheRealDelliot|one layer of spikes or stealth rocks\n|\n|t:|1698803810\n|move|p1a: Magnemite|Protect|p1a: Magnemite\n|-singleturn|p1a: Magnemite|Protect\n|move|p2a: Sneasler|Shadow Ball|p1a: Magnemite\n|-activate|p1a: Magnemite|move: Protect\n|\n|upkeep\n|turn|19\n|c| TheRealDelliot|Or a status move\n|\n|t:|1698803824\n|switch|p1a: Cobalion|Cobalion|100\/100\n|move|p2a: Sneasler|Shadow Ball|p1a: Cobalion\n|-damage|p1a: Cobalion|88\/100\n|\n|upkeep\n|turn|20\n|\n|t:|1698803832\n|move|p2a: Sneasler|Toxic Spikes|p1a: Cobalion\n|-sidestart|p1: 0-9p8p9p7|move: Toxic Spikes\n|move|p1a: Cobalion|Iron Head|p2a: Sneasler\n|-damage|p2a: Sneasler|0 fnt\n|faint|p2a: Sneasler\n|\n|upkeep\n|c| TheRealDelliot|NOT TOXIC DPIKES\n|\n|t:|1698803840\n|switch|p2a: Lopunny|Lopunny, F|100\/100\n|turn|21\n|c| TheRealDelliot|ANY STAYUS BUT THAT\n|c| TheRealDelliot|ALSO\n|c| TheRealDelliot|SNEASLER HAS 40 SPATTACK\n|\n|t:|1698803849\n|switch|p1a: Brambleghast|Brambleghast, M|100\/100\n|detailschange|p2a: Lopunny|Lopunny-Mega, F\n|-mega|p2a: Lopunny|Lopunny|Lopunnite\n|move|p2a: Lopunny|Close Combat|p1a: Brambleghast\n|-damage|p1a: Brambleghast|0 fnt\n|-unboost|p2a: Lopunny|def|1\n|-unboost|p2a: Lopunny|spd|1\n|faint|p1a: Brambleghast\n|\n|upkeep\n|c| TheRealDelliot|WHY DO YOU HAVE SHADOW BALL\n|c|\u2606carteredwinwoods|STOP\n|\n|t:|1698803863\n|switch|p1a: Aron|Aron, L1, F|100\/100\n|turn|22\n|\n|t:|1698803871\n|move|p2a: Lopunny|Play Rough|p1a: Aron\n|-resisted|p1a: Aron\n|-ability|p1a: Aron|Sturdy\n|-damage|p1a: Aron|9\/100\n|move|p1a: Aron|Endeavor|p2a: Lopunny\n|-damage|p2a: Lopunny|1\/100\n|-heal|p1a: Aron|100\/100|[from] item: Shell Bell|[of] p2a: Lopunny\n|\n|upkeep\n|turn|23\n|\n|t:|1698803881\n|move|p2a: Lopunny|Play Rough|p1a: Aron\n|-resisted|p1a: Aron\n|-ability|p1a: Aron|Sturdy\n|-damage|p1a: Aron|9\/100\n|move|p1a: Aron|Toxic|p2a: Lopunny\n|-status|p2a: Lopunny|tox\n|\n|-damage|p2a: Lopunny|0 fnt|[from] psn\n|faint|p2a: Lopunny\n|upkeep\n|c| TheRealDelliot|Literally drain punch\n|c| TheRealDelliot|NO\n|\n|t:|1698803896\n|switch|p2a: Pawmot|Pawmot, M|100\/100\n|turn|24\n|c| TheRealDelliot|Well aron dies now\n|c| TheRealDelliot|anyway\n|c|\u26060-9p8p9p7|bro gonna lose to lv one mons?\n|\n|t:|1698803905\n|move|p2a: Pawmot|Play Rough|p1a: Aron\n|-resisted|p1a: Aron\n|-damage|p1a: Aron|0 fnt\n|faint|p1a: Aron\n|\n|upkeep\n|c|\u2606carteredwinwoods|ERM\n|c|\u2606carteredwinwoods|NO\n|\n|t:|1698803911\n|switch|p1a: Magnemite|Magnemite, L1|100\/100\n|turn|25\n|\n|t:|1698803922\n|move|p2a: Pawmot|Revival Blessing|p2a: Pawmot\n|\n|t:|1698803926\n|-heal|p2: Infernape|50\/100|[from] move: Revival Blessing\n|move|p1a: Magnemite|Recycle|p1a: Magnemite\n|-item|p1a: Magnemite|Oran Berry|[from] move: Recycle\n|\n|upkeep\n|turn|26\n|\n|t:|1698803933\n|move|p2a: Pawmot|Play Rough|p1a: Magnemite|[miss]\n|-miss|p2a: Pawmot|p1a: Magnemite\n|move|p1a: Magnemite|Toxic|p2a: Pawmot\n|-status|p2a: Pawmot|tox\n|\n|-damage|p2a: Pawmot|94\/100 tox|[from] psn\n|upkeep\n|turn|27\n|c|\u26060-9p8p9p7|heh\n|\n|t:|1698803944\n|move|p1a: Magnemite|Protect|p1a: Magnemite\n|-singleturn|p1a: Magnemite|Protect\n|move|p2a: Pawmot|Nuzzle|p1a: Magnemite\n|-activate|p1a: Magnemite|move: Protect\n|\n|-damage|p2a: Pawmot|82\/100 tox|[from] psn\n|upkeep\n|turn|28\n|c| TheRealDelliot|Cmon carter ur better than this bro\n|\n|t:|1698803953\n|switch|p1a: Haxorus|Haxorus, F|100\/100\n|-status|p1a: Haxorus|psn\n|-ability|p1a: Haxorus|Mold Breaker\n|move|p2a: Pawmot|Nuzzle|p1a: Haxorus\n|-resisted|p1a: Haxorus\n|-damage|p1a: Haxorus|94\/100 psn\n|\n|-damage|p2a: Pawmot|64\/100 tox|[from] psn\n|-damage|p1a: Haxorus|82\/100 psn|[from] psn\n|upkeep\n|turn|29\n|c|\u2606carteredwinwoods|ik\n|\n|t:|1698803963\n|-terastallize|p2a: Pawmot|Electric\n|move|p2a: Pawmot|Double Shock|p1a: Haxorus\n|-resisted|p1a: Haxorus\n|-damage|p1a: Haxorus|29\/100 psn\n|-start|p2a: Pawmot|typechange|Electric|[from] move: Double Shock\n|move|p1a: Haxorus|Earthquake|p2a: Pawmot\n|-supereffective|p2a: Pawmot\n|-damage|p2a: Pawmot|0 fnt\n|faint|p2a: Pawmot\n|\n|-damage|p1a: Haxorus|17\/100 psn|[from] psn\n|upkeep\n|\n|t:|1698803974\n|switch|p2a: Infernape|Infernape, M, shiny|50\/100\n|turn|30\n|c|\u26060-9p8p9p7|AHEM\\\n|c| TheRealDelliot|Also question, other guy, what\u2019s the haxorus and cobalion for?\n|\n|t:|1698803980\n|move|p2a: Infernape|Earthquake|p1a: Haxorus\n|-damage|p1a: Haxorus|0 fnt\n|faint|p1a: Haxorus\n|\n|upkeep\n|\n|t:|1698803984\n|switch|p1a: Magnemite|Magnemite, L1|100\/100\n|turn|31\n|c|\u26060-9p8p9p7|to not lose\n|c| TheRealDelliot|like I get the rest, you watched one tempt6t video and wanna have fun\n|\n|t:|1698803995\n|move|p2a: Infernape|Drain Punch|p1a: Magnemite\n|-supereffective|p1a: Magnemite\n|-ability|p1a: Magnemite|Sturdy\n|-damage|p1a: Magnemite|10\/100\n|-heal|p2a: Infernape|52\/100|[from] drain|[of] p1a: Magnemite\n|-enditem|p1a: Magnemite|Oran Berry|[eat]\n|-heal|p1a: Magnemite|100\/100|[from] item: Oran Berry\n|move|p1a: Magnemite|Toxic|p2a: Infernape\n|-status|p2a: Infernape|tox\n|\n|-damage|p2a: Infernape|46\/100 tox|[from] psn\n|upkeep\n|turn|32\n|c| TheRealDelliot|Oh\n|c| TheRealDelliot|They\u2019re such oddly specific mons\n|\n|t:|1698804011\n|move|p2a: Infernape|Aura Sphere|p1a: Magnemite\n|-supereffective|p1a: Magnemite\n|-ability|p1a: Magnemite|Sturdy\n|-damage|p1a: Magnemite|10\/100\n|move|p1a: Magnemite|Recycle|p1a: Magnemite\n|-item|p1a: Magnemite|Oran Berry|[from] move: Recycle\n|-enditem|p1a: Magnemite|Oran Berry|[eat]\n|-heal|p1a: Magnemite|100\/100|[from] item: Oran Berry\n|\n|-damage|p2a: Infernape|34\/100 tox|[from] psn\n|upkeep\n|turn|33\n|c| TheRealDelliot|Is like one of them scarfed or something?\n|\n|t:|1698804022\n|move|p1a: Magnemite|Protect|p1a: Magnemite\n|-singleturn|p1a: Magnemite|Protect\n|move|p2a: Infernape|Aura Sphere|p1a: Magnemite\n|-activate|p1a: Magnemite|move: Protect\n|\n|-damage|p2a: Infernape|15\/100 tox|[from] psn\n|upkeep\n|turn|34\n|c| TheRealDelliot|any gimmick with em?\n|c|\u26060-9p8p9p7|no\n|c|\u26060-9p8p9p7|just to not lose\n|\n|t:|1698804036\n|move|p2a: Infernape|Aura Sphere|p1a: Magnemite\n|-supereffective|p1a: Magnemite\n|-ability|p1a: Magnemite|Sturdy\n|-damage|p1a: Magnemite|10\/100\n|move|p1a: Magnemite|Recycle|p1a: Magnemite\n|-item|p1a: Magnemite|Oran Berry|[from] move: Recycle\n|-enditem|p1a: Magnemite|Oran Berry|[eat]\n|-heal|p1a: Magnemite|100\/100|[from] item: Oran Berry\n|\n|-damage|p2a: Infernape|0 fnt|[from] psn\n|faint|p2a: Infernape\n|upkeep\n|c| TheRealDelliot|Damn\n|\n|t:|1698804046\n|switch|p2a: Gallade|Gallade, M|100\/100\n|turn|35\n|c|\u26060-9p8p9p7|mvp= magnemite\n|c| TheRealDelliot|Aron works a lot better if you set up sand first\n|c| TheRealDelliot|that way you can kill em in one turn\n|\n|t:|1698804063\n|move|p2a: Gallade|Future Sight|p1a: Magnemite\n|-start|p2a: Gallade|move: Future Sight\n|move|p1a: Magnemite|Recycle|p1a: Magnemite\n|-item|p1a: Magnemite|Oran Berry|[from] move: Recycle\n|\n|upkeep\n|turn|36\n|c| TheRealDelliot|and re use it\n|\n|t:|1698804070\n|move|p2a: Gallade|Sacred Sword|p1a: Magnemite\n|-supereffective|p1a: Magnemite\n|-ability|p1a: Magnemite|Sturdy\n|-damage|p1a: Magnemite|10\/100\n|-enditem|p1a: Magnemite|Oran Berry|[eat]\n|-heal|p1a: Magnemite|100\/100|[from] item: Oran Berry\n|move|p1a: Magnemite|Toxic|p2a: Gallade\n|-status|p2a: Gallade|tox\n|\n|-damage|p2a: Gallade|94\/100 tox|[from] psn\n|upkeep\n|turn|37\n|c|\u26060-9p8p9p7|why the fuck- ok\n|\n|t:|1698804086\n|move|p2a: Gallade|Sacred Sword|p1a: Magnemite\n|-supereffective|p1a: Magnemite\n|-ability|p1a: Magnemite|Sturdy\n|-damage|p1a: Magnemite|10\/100\n|move|p1a: Magnemite|Recycle|p1a: Magnemite\n|-item|p1a: Magnemite|Oran Berry|[from] move: Recycle\n|-enditem|p1a: Magnemite|Oran Berry|[eat]\n|-heal|p1a: Magnemite|100\/100|[from] item: Oran Berry\n|\n|-end|p1a: Magnemite|move: Future Sight\n|-resisted|p1a: Magnemite\n|-ability|p1a: Magnemite|Sturdy\n|-damage|p1a: Magnemite|10\/100\n|-heal|p2a: Gallade|100\/100 tox|[from] item: Leftovers\n|-damage|p2a: Gallade|88\/100 tox|[from] psn\n|upkeep\n|turn|38\n|c| TheRealDelliot|So endeavor brings em to 1\n|c| TheRealDelliot|shell bell heals\n|c| TheRealDelliot|and sand ko\u2019s\n|c| TheRealDelliot|and you can rinse and repeat\n|c| TheRealDelliot|with like no issues\n|\n|t:|1698804101\n|move|p1a: Magnemite|Endure|p1a: Magnemite\n|-singleturn|p1a: Magnemite|move: Endure\n|move|p2a: Gallade|Sacred Sword|p1a: Magnemite\n|-supereffective|p1a: Magnemite\n|-activate|p1a: Magnemite|move: Endure\n|-damage|p1a: Magnemite|10\/100\n|\n|-heal|p2a: Gallade|94\/100 tox|[from] item: Leftovers\n|-damage|p2a: Gallade|76\/100 tox|[from] psn\n|upkeep\n|turn|39\n|c|\u26060-9p8p9p7|i ahve endure and protect bro\n|\n|t:|1698804114\n|move|p1a: Magnemite|Protect||[still]\n|-fail|p1a: Magnemite\n|move|p2a: Gallade|Sacred Sword|p1a: Magnemite\n|-supereffective|p1a: Magnemite\n|-damage|p1a: Magnemite|0 fnt\n|faint|p1a: Magnemite\n|\n|-heal|p2a: Gallade|82\/100 tox|[from] item: Leftovers\n|-damage|p2a: Gallade|58\/100 tox|[from] psn\n|upkeep\n|\n|t:|1698804117\n|switch|p1a: Cobalion|Cobalion|88\/100\n|turn|40\n|c| TheRealDelliot|I said for the aron\n|\n|t:|1698804125\n|move|p1a: Cobalion|Megahorn|p2a: Gallade\n|-damage|p2a: Gallade|0 fnt\n|faint|p2a: Gallade\n|\n|win|0-9p8p9p7\n|raw|0-9p8p9p7's rating: 1052 &rarr; <strong>1079<\/strong><br \/>(+27 for winning)\n|raw|carteredwinwoods's rating: 1000 &rarr; <strong>1000<\/strong><br \/>(+0 for losing)\n|c|\u26060-9p8p9p7|oh\n|c| TheRealDelliot|also why do you need both endure and protect?\n|c|\u2606carteredwinwoods|gg\n|c|\u26060-9p8p9p7|anyway\n|c|\u26060-9p8p9p7|idk\n|c| TheRealDelliot|i\u2019d say run magic guard instead\n|c|\u26060-9p8p9p7|pp\n|c| TheRealDelliot|Lets you avoud statuses\n|c|\u26060-9p8p9p7|just more\n|c|\u26060-9p8p9p7|pp\n|c| TheRealDelliot|or whatever it\u2019s called\n|l|\u2606carteredwinwoods\n|c|\u26060-9p8p9p7|anyway\n|c|\u26060-9p8p9p7|ggs\n|c| TheRealDelliot|lets you avoud willo wisp\n|c| TheRealDelliot|or taunt\n|c|\u26060-9p8p9p7|thx\n|c| TheRealDelliot|\ud83d\udc4d\n|l| TheRealDelliot\n|j| TheRealDelliot\n|l| TheRealDelliot\n","uploadtime":1698805711,"views":11,"p1id":"09p8p9p7","p2id":"carteredwinwoods","formatid":"gen9nationaldexubers","rating":1000,"private":0,"password":""}