{"id":"gen9nationaldexubers-1987497437","p1":"RUMYMOME","p2":"Dregone","format":"[Gen 9] National Dex Ubers","log":"|j|\u2606RUMYMOME\n|j|\u2606Dregone\n|inactive|Battle timer is ON: inactive players will automatically lose when time's up.\n|t:|1699601746\n|gametype|singles\n|player|p1|RUMYMOME|marshal|\n|player|p2|Dregone|cynthia-masters|\n|teamsize|p1|6\n|teamsize|p2|6\n|gen|9\n|tier|[Gen 9] National Dex Ubers\n|rated|Tournament battle\n|rule|HP Percentage Mod: HP is shown in percentages\n|rule|Endless Battle Clause: Forcing endless battles is banned\n|rule|OHKO Clause: OHKO moves are banned\n|rule|Evasion Moves Clause: Evasion moves are banned\n|rule|Evasion Items Clause: Evasion items are banned\n|rule|Species Clause: Limit one of each Pok\u00e9mon\n|rule|Sleep Clause Mod: Limit one foe put to sleep\n|rule|Mega Rayquaza Clause: You cannot mega evolve Rayquaza\n|clearpoke\n|poke|p1|Kommo-o, F|\n|poke|p1|Kyogre-Primal|\n|poke|p1|Xerneas-*|\n|poke|p1|Aerodactyl-Mega, F|\n|poke|p1|Blaziken-Mega, M|\n|poke|p1|Zacian-Crowned|\n|poke|p2|Zacian-Crowned|\n|poke|p2|Kyogre-Primal|\n|poke|p2|Groudon-Primal|\n|poke|p2|Arceus|\n|poke|p2|Lugia|\n|poke|p2|Xerneas-*|\n|teampreview\n|j|*Lady Monita \u263d\n|inactive|Dregone also wants the timer to be on.\n|c|\u2606Dregone|glhf\n|\n|t:|1699601755\n|start\n|switch|p1a: Aerodactyl|Aerodactyl-Mega, F|100\/100\n|switch|p2a: Groudon|Groudon-Primal|100\/100\n|-weather|DesolateLand|[from] ability: Desolate Land|[of] p2a: Groudon\n|turn|1\n|\n|t:|1699601762\n|move|p1a: Aerodactyl|Earthquake|p2a: Groudon\n|-supereffective|p2a: Groudon\n|-damage|p2a: Groudon|70\/100\n|move|p2a: Groudon|Smack Down|p1a: Aerodactyl\n|-supereffective|p1a: Aerodactyl\n|-damage|p1a: Aerodactyl|53\/100\n|-start|p1a: Aerodactyl|Smack Down\n|\n|-weather|DesolateLand|[upkeep]\n|-heal|p2a: Groudon|76\/100|[from] item: Leftovers\n|upkeep\n|turn|2\n|\n|t:|1699601768\n|move|p1a: Aerodactyl|Earthquake|p2a: Groudon\n|-supereffective|p2a: Groudon\n|-damage|p2a: Groudon|47\/100\n|move|p2a: Groudon|Earthquake|p1a: Aerodactyl\n|-supereffective|p1a: Aerodactyl\n|-damage|p1a: Aerodactyl|0 fnt\n|faint|p1a: Aerodactyl\n|\n|-weather|DesolateLand|[upkeep]\n|-heal|p2a: Groudon|53\/100|[from] item: Leftovers\n|upkeep\n|\n|t:|1699601772\n|switch|p1a: Kyogre|Kyogre-Primal|100\/100\n|-weather|PrimordialSea|[from] ability: Primordial Sea|[of] p1a: Kyogre\n|turn|3\n|\n|t:|1699601779\n|switch|p2a: Kyogre|Kyogre-Primal|100\/100\n|move|p1a: Kyogre|Water Spout|p2a: Kyogre\n|-resisted|p2a: Kyogre\n|-damage|p2a: Kyogre|47\/100\n|\n|-weather|PrimordialSea|[upkeep]\n|upkeep\n|turn|4\n|\n|t:|1699601781\n|move|p1a: Kyogre|Water Spout|p2a: Kyogre\n|-resisted|p2a: Kyogre\n|-damage|p2a: Kyogre|0 fnt\n|faint|p2a: Kyogre\n|\n|-weather|PrimordialSea|[upkeep]\n|upkeep\n|\n|t:|1699601785\n|switch|p2a: Groudon|Groudon-Primal|53\/100\n|-weather|DesolateLand|[from] ability: Desolate Land|[of] p2a: Groudon\n|turn|5\n|\n|t:|1699601805\n|switch|p1a: Blaziken|Blaziken-Mega, M|100\/100\n|move|p2a: Groudon|Earthquake|p1a: Blaziken\n|-supereffective|p1a: Blaziken\n|-enditem|p1a: Blaziken|Focus Sash\n|-damage|p1a: Blaziken|1\/100\n|\n|-weather|DesolateLand|[upkeep]\n|-heal|p2a: Groudon|59\/100|[from] item: Leftovers\n|upkeep\n|turn|6\n|\n|t:|1699601814\n|move|p1a: Blaziken|High Jump Kick|p2a: Groudon|[miss]\n|-miss|p1a: Blaziken|p2a: Groudon\n|-damage|p1a: Blaziken|0 fnt|[from] highjumpkick\n|faint|p1a: Blaziken\n|move|p2a: Groudon|Stealth Rock|p1: Blaziken\n|-sidestart|p1: RUMYMOME|move: Stealth Rock\n|\n|-weather|DesolateLand|[upkeep]\n|-heal|p2a: Groudon|66\/100|[from] item: Leftovers\n|upkeep\n|\n|t:|1699601822\n|switch|p1a: Kommo-o|Kommo-o, F|100\/100\n|-damage|p1a: Kommo-o|94\/100|[from] Stealth Rock\n|turn|7\n|\n|t:|1699601838\n|-weather|none\n|switch|p2a: Zacian|Zacian-Crowned|100\/100\n|-ability|p2a: Zacian|Intrepid Sword|boost\n|-boost|p2a: Zacian|atk|1\n|-zpower|p1a: Kommo-o\n|move|p1a: Kommo-o|Clangorous Soulblaze|p2a: Zacian|[zeffect]\n|-immune|p2a: Zacian\n|\n|upkeep\n|turn|8\n|\n|t:|1699601848\n|move|p2a: Zacian|Play Rough|p1a: Kommo-o\n|-supereffective|p1a: Kommo-o\n|-damage|p1a: Kommo-o|0 fnt\n|faint|p1a: Kommo-o\n|\n|upkeep\n|\n|t:|1699601857\n|switch|p1a: Xerneas|Xerneas|100\/100\n|-damage|p1a: Xerneas|88\/100|[from] Stealth Rock\n|-ability|p1a: Xerneas|Fairy Aura\n|turn|9\n|\n|t:|1699601862\n|-terastallize|p1a: Xerneas|Steel\n|move|p2a: Zacian|Play Rough|p1a: Xerneas\n|-resisted|p1a: Xerneas\n|-damage|p1a: Xerneas|40\/100\n|move|p1a: Xerneas|Geomancy||[still]\n|-prepare|p1a: Xerneas|Geomancy\n|-enditem|p1a: Xerneas|Power Herb\n|-anim|p1a: Xerneas|Geomancy|p1a: Xerneas\n|-boost|p1a: Xerneas|spa|2\n|-boost|p1a: Xerneas|spd|2\n|-boost|p1a: Xerneas|spe|2\n|\n|upkeep\n|turn|10\n|\n|t:|1699601875\n|move|p2a: Zacian|Play Rough|p1a: Xerneas\n|-resisted|p1a: Xerneas\n|-damage|p1a: Xerneas|0 fnt\n|faint|p1a: Xerneas\n|\n|upkeep\n|\n|t:|1699601878\n|switch|p1a: Zacian|Zacian-Crowned|100\/100\n|-damage|p1a: Zacian|94\/100|[from] Stealth Rock\n|-ability|p1a: Zacian|Intrepid Sword|boost\n|-boost|p1a: Zacian|atk|1\n|turn|11\n|c|\u2606RUMYMOME|Fmfldffffss\n|\n|t:|1699601902\n|move|p2a: Zacian|Play Rough|p1a: Zacian\n|-resisted|p1a: Zacian\n|-damage|p1a: Zacian|60\/100\n|move|p1a: Zacian|Behemoth Blade|p2a: Zacian\n|-damage|p2a: Zacian|13\/100\n|\n|upkeep\n|turn|12\n|\n|t:|1699601915\n|move|p2a: Zacian|Play Rough|p1a: Zacian\n|-resisted|p1a: Zacian\n|-damage|p1a: Zacian|27\/100\n|-unboost|p1a: Zacian|atk|1\n|move|p1a: Zacian|Behemoth Blade|p2a: Zacian\n|-damage|p2a: Zacian|0 fnt\n|faint|p2a: Zacian\n|\n|upkeep\n|c|\u2606RUMYMOME|F\n|c|\u2606RUMYMOME|F\n|c|\u2606RUMYMOME|F\n|\n|t:|1699601925\n|switch|p2a: Groudon|Groudon-Primal|66\/100\n|-weather|DesolateLand|[from] ability: Desolate Land|[of] p2a: Groudon\n|turn|13\n|j| hounds of fate\n|\n|t:|1699601931\n|move|p1a: Zacian|Close Combat|p2a: Groudon\n|-damage|p2a: Groudon|43\/100\n|-unboost|p1a: Zacian|def|1\n|-unboost|p1a: Zacian|spd|1\n|move|p2a: Groudon|Earthquake|p1a: Zacian\n|-supereffective|p1a: Zacian\n|-damage|p1a: Zacian|0 fnt\n|faint|p1a: Zacian\n|\n|-weather|DesolateLand|[upkeep]\n|-heal|p2a: Groudon|50\/100|[from] item: Leftovers\n|upkeep\n|\n|t:|1699601934\n|switch|p1a: Kyogre|Kyogre-Primal|100\/100\n|-damage|p1a: Kyogre|88\/100|[from] Stealth Rock\n|-weather|PrimordialSea|[from] ability: Primordial Sea|[of] p1a: Kyogre\n|turn|14\n|\n|t:|1699601941\n|switch|p2a: Xerneas|Xerneas|100\/100\n|-ability|p2a: Xerneas|Fairy Aura\n|move|p1a: Kyogre|Water Spout|p2a: Xerneas\n|-damage|p2a: Xerneas|0 fnt\n|faint|p2a: Xerneas\n|\n|-weather|PrimordialSea|[upkeep]\n|upkeep\n|\n|t:|1699601944\n|switch|p2a: Groudon|Groudon-Primal|50\/100\n|-weather|DesolateLand|[from] ability: Desolate Land|[of] p2a: Groudon\n|turn|15\n|c|\u2606Dregone|gg\n|-message|RUMYMOME forfeited.\n|\n|win|Dregone\n|n|\u2606RUMYMOME|rumymome\n|n|\u2606Dregone|dregone\n|n|*Lady Monita \u263d|ladymonita\n|n| hounds of fate|houndsoffate\n|l|*Lady Monita \u263d\n|l|\u2606Dregone\n|l| hounds of fate\n|c|\u2606RUMYMOME|F\n|j|\u2606Dregone\n|player|p2|Dregone|cynthia-masters\n","uploadtime":1699602078,"views":35,"p1id":"rumymome","p2id":"dregone","formatid":"gen9nationaldexubers","rating":0,"private":0,"password":""}