{"id":"gen9nationaldexubers-1985618167","p1":"Finpom","p2":"tkdmason","format":"[Gen 9] National Dex Ubers","log":"|j|\u2606Finpom\n|j|\u2606tkdmason\n|t:|1699389509\n|gametype|singles\n|player|p1|Finpom|ingo|1194\n|player|p2|tkdmason|170|1242\n|teamsize|p1|6\n|teamsize|p2|6\n|gen|9\n|tier|[Gen 9] National Dex Ubers\n|rated|\n|rule|HP Percentage Mod: HP is shown in percentages\n|rule|Endless Battle Clause: Forcing endless battles is banned\n|rule|OHKO Clause: OHKO moves are banned\n|rule|Evasion Moves Clause: Evasion moves are banned\n|rule|Evasion Items Clause: Evasion items are banned\n|rule|Species Clause: Limit one of each Pok\u00e9mon\n|rule|Sleep Clause Mod: Limit one foe put to sleep\n|rule|Mega Rayquaza Clause: You cannot mega evolve Rayquaza\n|clearpoke\n|poke|p1|Mawile, F|\n|poke|p1|Galvantula, M|\n|poke|p1|Weavile, F|\n|poke|p1|Gliscor, M|\n|poke|p1|Blacephalon|\n|poke|p1|Cyclizar, F|\n|poke|p2|Mewtwo|\n|poke|p2|Zacian-*|\n|poke|p2|Groudon|\n|poke|p2|Necrozma-Dusk-Mane|\n|poke|p2|Rayquaza|\n|poke|p2|Marshadow|\n|teampreview\n|inactive|Battle timer is ON: inactive players will automatically lose when time's up. (requested by Finpom)\n|\n|t:|1699389514\n|start\n|switch|p1a: Galvantula|Galvantula, M|100\/100\n|switch|p2a: Casper The Ghost|Marshadow|100\/100\n|turn|1\n|\n|t:|1699389518\n|move|p2a: Casper The Ghost|Rock Slide|p1a: Galvantula\n|-supereffective|p1a: Galvantula\n|-enditem|p1a: Galvantula|Focus Sash\n|-damage|p1a: Galvantula|1\/100\n|move|p1a: Galvantula|Sticky Web|p2a: Casper The Ghost\n|-sidestart|p2: tkdmason|move: Sticky Web\n|\n|upkeep\n|turn|2\n|\n|t:|1699389525\n|move|p1a: Galvantula|Protect|p1a: Galvantula\n|-singleturn|p1a: Galvantula|Protect\n|move|p2a: Casper The Ghost|Shadow Sneak|p1a: Galvantula\n|-activate|p1a: Galvantula|move: Protect\n|\n|upkeep\n|turn|3\n|\n|t:|1699389529\n|move|p2a: Casper The Ghost|Shadow Sneak|p1a: Galvantula\n|-damage|p1a: Galvantula|0 fnt\n|faint|p1a: Galvantula\n|\n|upkeep\n|\n|t:|1699389533\n|switch|p1a: Weavile|Weavile, F|100\/100\n|-ability|p1a: Weavile|Pressure\n|turn|4\n|\n|t:|1699389537\n|move|p2a: Casper The Ghost|Close Combat|p1a: Weavile\n|-supereffective|p1a: Weavile\n|-enditem|p1a: Weavile|Focus Sash\n|-damage|p1a: Weavile|1\/100\n|-unboost|p2a: Casper The Ghost|def|1\n|-unboost|p2a: Casper The Ghost|spd|1\n|move|p1a: Weavile|Knock Off|p2a: Casper The Ghost\n|-damage|p2a: Casper The Ghost|13\/100\n|-enditem|p2a: Casper The Ghost|Expert Belt|[from] move: Knock Off|[of] p1a: Weavile\n|\n|upkeep\n|turn|5\n|\n|t:|1699389546\n|move|p2a: Casper The Ghost|Shadow Sneak|p1a: Weavile\n|-resisted|p1a: Weavile\n|-damage|p1a: Weavile|0 fnt\n|faint|p1a: Weavile\n|\n|upkeep\n|c|\u2606Finpom|ok tbf that was a speed tie\n|c|\u2606Finpom|and was worth a shot\n|\n|t:|1699389558\n|switch|p1a: Cyclizar|Cyclizar, F|100\/100\n|turn|6\n|c|\u2606tkdmason|lol\n|\n|t:|1699389567\n|move|p2a: Casper The Ghost|Close Combat|p1a: Cyclizar\n|-supereffective|p1a: Cyclizar\n|-enditem|p1a: Cyclizar|Chople Berry|[eat]\n|-enditem|p1a: Cyclizar|Chople Berry|[weaken]\n|-damage|p1a: Cyclizar|0 fnt\n|-unboost|p2a: Casper The Ghost|def|1\n|-unboost|p2a: Casper The Ghost|spd|1\n|faint|p1a: Cyclizar\n|\n|upkeep\n|c|\u2606Finpom|ok that set doesnt work in ubers good to know\n|c|\u2606tkdmason|no wayayayaya\n|\n|t:|1699389580\n|switch|p1a: Gliscor|Gliscor, M|100\/100\n|turn|7\n|\n|t:|1699389585\n|move|p2a: Casper The Ghost|Rock Slide|p1a: Gliscor\n|-damage|p1a: Gliscor|84\/100\n|move|p1a: Gliscor|Earthquake|p2a: Casper The Ghost\n|-damage|p2a: Casper The Ghost|0 fnt\n|faint|p2a: Casper The Ghost\n|\n|-status|p1a: Gliscor|tox|[from] item: Toxic Orb\n|upkeep\n|\n|t:|1699389610\n|switch|p2a: Cobra Kai|Rayquaza, shiny|100\/100\n|-ability|p2a: Cobra Kai|Air Lock\n|turn|8\n|\n|t:|1699389616\n|move|p1a: Gliscor|Protect|p1a: Gliscor\n|-singleturn|p1a: Gliscor|Protect\n|move|p2a: Cobra Kai|Ice Beam|p1a: Gliscor\n|-activate|p1a: Gliscor|move: Protect\n|\n|-heal|p1a: Gliscor|97\/100 tox|[from] ability: Poison Heal\n|upkeep\n|turn|9\n|\n|t:|1699389622\n|-terastallize|p1a: Gliscor|Steel\n|move|p2a: Cobra Kai|Ice Beam|p1a: Gliscor\n|-resisted|p1a: Gliscor\n|-damage|p1a: Gliscor|74\/100 tox\n|move|p1a: Gliscor|Toxic|p2a: Cobra Kai\n|-status|p2a: Cobra Kai|tox\n|\n|-damage|p2a: Cobra Kai|95\/100 tox|[from] psn\n|-heal|p1a: Gliscor|86\/100 tox|[from] ability: Poison Heal\n|upkeep\n|turn|10\n|\n|t:|1699389632\n|move|p2a: Cobra Kai|Flamethrower|p1a: Gliscor\n|-supereffective|p1a: Gliscor\n|-damage|p1a: Gliscor|0 fnt\n|faint|p1a: Gliscor\n|\n|-damage|p2a: Cobra Kai|83\/100 tox|[from] psn\n|upkeep\n|\n|t:|1699389635\n|switch|p1a: Mawile|Mawile, F|100\/100\n|turn|11\n|\n|t:|1699389652\n|detailschange|p1a: Mawile|Mawile-Mega, F\n|-mega|p1a: Mawile|Mawile|Mawilite\n|move|p1a: Mawile|Sucker Punch|p2a: Cobra Kai\n|-damage|p2a: Cobra Kai|33\/100 tox\n|move|p2a: Cobra Kai|Flamethrower|p1a: Mawile\n|-supereffective|p1a: Mawile\n|-damage|p1a: Mawile|3\/100\n|\n|-damage|p2a: Cobra Kai|15\/100 tox|[from] psn\n|upkeep\n|turn|12\n|j| urdadlangh\n|\n|t:|1699389675\n|move|p1a: Mawile|Sucker Punch|p2a: Cobra Kai\n|-damage|p2a: Cobra Kai|0 fnt\n|faint|p2a: Cobra Kai\n|\n|upkeep\n|\n|t:|1699389683\n|switch|p2a: Demi-God|Mewtwo, shiny|100\/100\n|-activate|p2a: Demi-God|move: Sticky Web\n|-unboost|p2a: Demi-God|spe|1\n|-ability|p2a: Demi-God|Pressure\n|turn|13\n|\n|t:|1699389690\n|detailschange|p2a: Demi-God|Mewtwo-Mega-X, shiny\n|-mega|p2a: Demi-God|Mewtwo|Mewtwonite X\n|move|p1a: Mawile|Sucker Punch|p2a: Demi-God\n|-damage|p2a: Demi-God|58\/100\n|move|p2a: Demi-God|Drain Punch|p1a: Mawile\n|-damage|p1a: Mawile|0 fnt\n|-heal|p2a: Demi-God|59\/100|[from] drain|[of] p1a: Mawile\n|faint|p1a: Mawile\n|\n|upkeep\n|\n|t:|1699389694\n|switch|p1a: Blacephalon|Blacephalon|100\/100\n|turn|14\n|\n|t:|1699389706\n|move|p1a: Blacephalon|Shadow Ball|p2a: Demi-God\n|-supereffective|p2a: Demi-God\n|-damage|p2a: Demi-God|0 fnt\n|faint|p2a: Demi-God\n|-ability|p1a: Blacephalon|Beast Boost|boost\n|-boost|p1a: Blacephalon|spa|1\n|\n|upkeep\n|\n|t:|1699389712\n|switch|p2a: The Lion King|Necrozma-Dusk-Mane, shiny|100\/100\n|-activate|p2a: The Lion King|move: Sticky Web\n|-unboost|p2a: The Lion King|spe|1\n|turn|15\n|\n|t:|1699389718\n|detailschange|p2a: The Lion King|Necrozma-Ultra, shiny\n|-burst|p2a: The Lion King|Necrozma|Ultranecrozium Z\n|move|p1a: Blacephalon|Shadow Ball|p2a: The Lion King\n|-supereffective|p2a: The Lion King\n|-damage|p2a: The Lion King|0 fnt\n|faint|p2a: The Lion King\n|-ability|p1a: Blacephalon|Beast Boost|boost\n|-boost|p1a: Blacephalon|spa|1\n|\n|upkeep\n|\n|t:|1699389727\n|switch|p2a: T-Rex|Groudon, shiny|100\/100\n|-activate|p2a: T-Rex|move: Sticky Web\n|-unboost|p2a: T-Rex|spe|1\n|detailschange|p2a: T-Rex|Groudon-Primal, shiny\n|-primal|p2a: T-Rex|Red Orb\n|-weather|DesolateLand|[from] ability: Desolate Land|[of] p2a: T-Rex\n|turn|16\n|\n|t:|1699389734\n|move|p1a: Blacephalon|Shadow Ball|p2a: T-Rex\n|-damage|p2a: T-Rex|0 fnt\n|faint|p2a: T-Rex\n|-weather|none\n|-ability|p1a: Blacephalon|Beast Boost|boost\n|-boost|p1a: Blacephalon|spa|1\n|\n|upkeep\n|c|\u2606Finpom|i die here rigfht\n|c|\u2606Finpom|OH\n|\n|t:|1699389740\n|switch|p2a: Snoop Dogg|Zacian-Crowned, shiny|100\/100\n|-activate|p2a: Snoop Dogg|move: Sticky Web\n|-unboost|p2a: Snoop Dogg|spe|1\n|-ability|p2a: Snoop Dogg|Intrepid Sword|boost\n|-boost|p2a: Snoop Dogg|atk|1\n|turn|17\n|c|\u2606tkdmason|bruhhhh\n|c|\u2606Finpom|scarf blaceph\n|\n|t:|1699389768\n|move|p1a: Blacephalon|Shadow Ball|p2a: Snoop Dogg\n|-damage|p2a: Snoop Dogg|0 fnt\n|faint|p2a: Snoop Dogg\n|\n|win|Finpom\n|raw|Finpom's rating: 1194 &rarr; <strong>1222<\/strong><br \/>(+28 for winning)\n|raw|tkdmason's rating: 1242 &rarr; <strong>1214<\/strong><br \/>(-28 for losing)\n|c|\u2606tkdmason|gg\n|c|\u2606Finpom|gg\n","uploadtime":1699389777,"views":4,"p1id":"finpom","p2id":"tkdmason","formatid":"gen9nationaldexubers","rating":1214,"private":0,"password":""}