{"id":"gen9nationaldexubers-1987183162","p1":"Guj Genera","p2":"Xoviet Yunion","format":"[Gen 9] National Dex Ubers","log":"|j|\u2606Guj Genera\n|j|\u2606Xoviet Yunion\n|t:|1699563111\n|gametype|singles\n|player|p1|Guj Genera|red|\n|player|p2|Xoviet Yunion|shauntal|\n|teamsize|p1|6\n|teamsize|p2|6\n|gen|9\n|tier|[Gen 9] National Dex Ubers\n|rule|HP Percentage Mod: HP is shown in percentages\n|rule|Endless Battle Clause: Forcing endless battles is banned\n|rule|OHKO Clause: OHKO moves are banned\n|rule|Evasion Moves Clause: Evasion moves are banned\n|rule|Evasion Items Clause: Evasion items are banned\n|rule|Species Clause: Limit one of each Pok\u00e9mon\n|rule|Sleep Clause Mod: Limit one foe put to sleep\n|rule|Mega Rayquaza Clause: You cannot mega evolve Rayquaza\n|clearpoke\n|poke|p1|Cinderace, F|\n|poke|p1|Landorus-Therian, M|\n|poke|p1|Zeraora|\n|poke|p1|Inteleon, M|\n|poke|p1|Kommo-o, F|\n|poke|p1|Kartana|\n|poke|p2|Escavalier, M|\n|poke|p2|Zamazenta-*|\n|poke|p2|Sneasler, M|\n|poke|p2|Iron Hands|\n|poke|p2|Lilligant-Hisui, F|\n|poke|p2|Zapdos-Galar|\n|teampreview\n|inactive|Battle timer is ON: inactive players will automatically lose when time's up. (requested by Guj Genera)\n|c|\u2606Guj Genera|Glhf\n|c|\u2606Xoviet Yunion|u2\n|\n|t:|1699563139\n|start\n|switch|p1a: Landorus|Landorus-Therian, M, shiny|100\/100\n|switch|p2a: Annihila\u200bpe|Zapdos-Galar|100\/100\n|-ability|p1a: Landorus|Intimidate|boost\n|-unboost|p2a: Annihila\u200bpe|atk|1\n|-ability|p2a: Annihila\u200bpe|Defiant|boost\n|-boost|p2a: Annihila\u200bpe|atk|2\n|turn|1\n|\n|t:|1699563147\n|move|p2a: Annihila\u200bpe|Brave Bird|p1a: Landorus\n|-damage|p1a: Landorus|33\/100\n|-damage|p2a: Annihila\u200bpe|84\/100|[from] item: Rocky Helmet|[of] p1a: Landorus\n|-damage|p2a: Annihila\u200bpe|58\/100|[from] Recoil\n|move|p1a: Landorus|Stealth Rock|p2a: Annihila\u200bpe\n|-sidestart|p2: Xoviet Yunion|move: Stealth Rock\n|\n|upkeep\n|turn|2\n|c|\u2606Guj Genera|Crap\n|\n|t:|1699563159\n|move|p2a: Annihila\u200bpe|Brave Bird|p1a: Landorus\n|-damage|p1a: Landorus|0 fnt\n|-damage|p2a: Annihila\u200bpe|41\/100|[from] item: Rocky Helmet|[of] p1a: Landorus\n|faint|p1a: Landorus\n|-damage|p2a: Annihila\u200bpe|28\/100|[from] Recoil\n|\n|upkeep\n|\n|t:|1699563171\n|switch|p1a: Kartana|Kartana, shiny|100\/100\n|turn|3\n|\n|t:|1699563175\n|switch|p2a: Annihil\u200bape|Escavalier, M|100\/100\n|-damage|p2a: Annihil\u200bape|88\/100|[from] Stealth Rock\n|move|p1a: Kartana|Psycho Cut|p2a: Annihil\u200bape\n|-resisted|p2a: Annihil\u200bape\n|-damage|p2a: Annihil\u200bape|74\/100\n|\n|upkeep\n|turn|4\n|\n|t:|1699563180\n|switch|p1a: Cinderace|Cinderace, F, shiny|100\/100\n|move|p2a: Annihil\u200bape|Knock Off|p1a: Cinderace\n|-damage|p1a: Cinderace|60\/100\n|-enditem|p1a: Cinderace|Choice Band|[from] move: Knock Off|[of] p2a: Annihil\u200bape\n|\n|upkeep\n|turn|5\n|\n|t:|1699563185\n|switch|p2a: Annihilap\u200b\u200b\u200b\u200be|Zamazenta, shiny|100\/100\n|-damage|p2a: Annihilap\u200b\u200b\u200b\u200be|94\/100|[from] Stealth Rock\n|-ability|p2a: Annihilap\u200b\u200b\u200b\u200be|Dauntless Shield|boost\n|-boost|p2a: Annihilap\u200b\u200b\u200b\u200be|def|1\n|move|p1a: Cinderace|Pyro Ball|p2a: Annihilap\u200b\u200b\u200b\u200be\n|-damage|p2a: Annihilap\u200b\u200b\u200b\u200be|66\/100\n|\n|upkeep\n|turn|6\n|j| Pex Hater\n|\n|t:|1699563198\n|switch|p1a: Kartana|Kartana, shiny|100\/100\n|move|p2a: Annihilap\u200b\u200b\u200b\u200be|Close Combat|p1a: Kartana\n|-supereffective|p1a: Kartana\n|-damage|p1a: Kartana|0 fnt\n|-unboost|p2a: Annihilap\u200b\u200b\u200b\u200be|def|1\n|-unboost|p2a: Annihilap\u200b\u200b\u200b\u200be|spd|1\n|faint|p1a: Kartana\n|\n|upkeep\n|\n|t:|1699563201\n|switch|p1a: Inteleon|Inteleon, M, shiny|100\/100\n|turn|7\n|\n|t:|1699563210\n|move|p2a: Annihilap\u200b\u200b\u200b\u200be|Light Screen|p2a: Annihilap\u200b\u200b\u200b\u200be\n|-sidestart|p2: Xoviet Yunion|move: Light Screen\n|move|p1a: Inteleon|Ice Beam|p2a: Annihilap\u200b\u200b\u200b\u200be\n|-damage|p2a: Annihilap\u200b\u200b\u200b\u200be|41\/100\n|-status|p2a: Annihilap\u200b\u200b\u200b\u200be|frz\n|\n|upkeep\n|turn|8\n|\n|t:|1699563220\n|switch|p2a: Annihilape\u200b|Sneasler, M|100\/100\n|-damage|p2a: Annihilape\u200b|95\/100|[from] Stealth Rock\n|move|p1a: Inteleon|Ice Beam|p2a: Annihilape\u200b\n|-damage|p2a: Annihilape\u200b|62\/100\n|\n|upkeep\n|turn|9\n|\n|t:|1699563227\n|move|p2a: Annihilape\u200b|Close Combat|p1a: Inteleon\n|-damage|p1a: Inteleon|0 fnt\n|-unboost|p2a: Annihilape\u200b|def|1\n|-unboost|p2a: Annihilape\u200b|spd|1\n|faint|p1a: Inteleon\n|\n|upkeep\n|\n|t:|1699563232\n|switch|p1a: Zeraora|Zeraora, shiny|100\/100\n|turn|10\n|\n|t:|1699563249\n|switch|p2a: Annihilap\u200b\u200b\u200b\u200be|Zamazenta, shiny|41\/100 frz\n|-damage|p2a: Annihilap\u200b\u200b\u200b\u200be|35\/100 frz|[from] Stealth Rock\n|move|p1a: Zeraora|Play Rough|p2a: Annihilap\u200b\u200b\u200b\u200be\n|-supereffective|p2a: Annihilap\u200b\u200b\u200b\u200be\n|-damage|p2a: Annihilap\u200b\u200b\u200b\u200be|0 fnt\n|faint|p2a: Annihilap\u200b\u200b\u200b\u200be\n|\n|upkeep\n|\n|t:|1699563254\n|switch|p2a: Annihilape\u200b\u200b\u200b|Iron Hands|100\/100\n|-damage|p2a: Annihilape\u200b\u200b\u200b|94\/100|[from] Stealth Rock\n|turn|11\n|\n|t:|1699563259\n|move|p1a: Zeraora|Play Rough|p2a: Annihilape\u200b\u200b\u200b\n|-supereffective|p2a: Annihilape\u200b\u200b\u200b\n|-damage|p2a: Annihilape\u200b\u200b\u200b|51\/100\n|move|p2a: Annihilape\u200b\u200b\u200b|Drain Punch|p1a: Zeraora\n|-damage|p1a: Zeraora|45\/100\n|-heal|p2a: Annihilape\u200b\u200b\u200b|69\/100|[from] drain|[of] p1a: Zeraora\n|\n|upkeep\n|turn|12\n|\n|t:|1699563267\n|move|p1a: Zeraora|Play Rough|p2a: Annihilape\u200b\u200b\u200b\n|-supereffective|p2a: Annihilape\u200b\u200b\u200b\n|-damage|p2a: Annihilape\u200b\u200b\u200b|28\/100\n|move|p2a: Annihilape\u200b\u200b\u200b|Drain Punch|p1a: Zeraora\n|-damage|p1a: Zeraora|0 fnt\n|-heal|p2a: Annihilape\u200b\u200b\u200b|42\/100|[from] drain|[of] p1a: Zeraora\n|faint|p1a: Zeraora\n|\n|upkeep\n|j| Astro The Man\n|\n|t:|1699563271\n|switch|p1a: Kommo-o|Kommo-o, F, shiny|100\/100\n|turn|13\n|\n|t:|1699563284\n|-zpower|p1a: Kommo-o\n|move|p1a: Kommo-o|Clangorous Soulblaze|p2a: Annihilape\u200b\u200b\u200b|[zeffect]\n|-damage|p2a: Annihilape\u200b\u200b\u200b|28\/100\n|-boost|p1a: Kommo-o|atk|1\n|-boost|p1a: Kommo-o|def|1\n|-boost|p1a: Kommo-o|spa|1\n|-boost|p1a: Kommo-o|spd|1\n|-boost|p1a: Kommo-o|spe|1\n|move|p2a: Annihilape\u200b\u200b\u200b|Drain Punch|p1a: Kommo-o\n|-damage|p1a: Kommo-o|76\/100\n|-heal|p2a: Annihilape\u200b\u200b\u200b|35\/100|[from] drain|[of] p1a: Kommo-o\n|\n|upkeep\n|turn|14\n|\n|t:|1699563290\n|move|p1a: Kommo-o|Earthquake|p2a: Annihilape\u200b\u200b\u200b\n|-supereffective|p2a: Annihilape\u200b\u200b\u200b\n|-damage|p2a: Annihilape\u200b\u200b\u200b|0 fnt\n|faint|p2a: Annihilape\u200b\u200b\u200b\n|-end|p2a: Annihilape\u200b\u200b\u200b|Quark Drive|[silent]\n|\n|-sideend|p2: Xoviet Yunion|move: Light Screen\n|upkeep\n|\n|t:|1699563293\n|switch|p2a: Annihila\u200bpe|Zapdos-Galar|28\/100\n|-damage|p2a: Annihila\u200bpe|16\/100|[from] Stealth Rock\n|turn|15\n|\n|t:|1699563298\n|move|p2a: Annihila\u200bpe|U-turn|p1a: Kommo-o\n|-resisted|p1a: Kommo-o\n|-crit|p1a: Kommo-o\n|-damage|p1a: Kommo-o|58\/100\n|\n|t:|1699563303\n|switch|p2a: Annihil\u200b\u200b\u200bape|Lilligant-Hisui, F, shiny|100\/100|[from] U-turn\n|-damage|p2a: Annihil\u200b\u200b\u200bape|94\/100|[from] Stealth Rock\n|move|p1a: Kommo-o|Dragon Claw|p2a: Annihil\u200b\u200b\u200bape\n|-damage|p2a: Annihil\u200b\u200b\u200bape|8\/100\n|\n|upkeep\n|turn|16\n|\n|t:|1699563306\n|move|p1a: Kommo-o|Dragon Claw|p2a: Annihil\u200b\u200b\u200bape\n|-damage|p2a: Annihil\u200b\u200b\u200bape|0 fnt\n|faint|p2a: Annihil\u200b\u200b\u200bape\n|\n|upkeep\n|\n|t:|1699563309\n|switch|p2a: Annihila\u200bpe|Zapdos-Galar|16\/100\n|-damage|p2a: Annihila\u200bpe|3\/100|[from] Stealth Rock\n|turn|17\n|\n|t:|1699563311\n|move|p2a: Annihila\u200bpe|Brave Bird|p1a: Kommo-o\n|-supereffective|p1a: Kommo-o\n|-damage|p1a: Kommo-o|0 fnt\n|faint|p1a: Kommo-o\n|-damage|p2a: Annihila\u200bpe|0 fnt|[from] Recoil\n|faint|p2a: Annihila\u200bpe\n|\n|upkeep\n|\n|t:|1699563314\n|switch|p2a: Annihilape\u200b|Sneasler, M|62\/100\n|switch|p1a: Cinderace|Cinderace, F, shiny|60\/100\n|-damage|p2a: Annihilape\u200b|56\/100|[from] Stealth Rock\n|turn|18\n|\n|t:|1699563315\n|move|p2a: Annihilape\u200b|Close Combat|p1a: Cinderace\n|-damage|p1a: Cinderace|0 fnt\n|-unboost|p2a: Annihilape\u200b|def|1\n|-unboost|p2a: Annihilape\u200b|spd|1\n|faint|p1a: Cinderace\n|\n|win|Xoviet Yunion\n|c|\u2606Xoviet Yunion|gg\n|c|\u2606Guj Genera|Noooo\n|c|\u2606Guj Genera|gg\n","uploadtime":1699563325,"views":7,"p1id":"gujgenera","p2id":"xovietyunion","formatid":"gen9nationaldexubers","rating":0,"private":0,"password":""}