{"id":"gen9nationaldexubers-1978272946","p1":"1 EAST","p2":"85792195wwww","format":"[Gen 9] National Dex Ubers","log":"|j|\u26061 EAST\n|j|\u260685792195wwww\n|t:|1698519545\n|gametype|singles\n|player|p1|1 EAST|lusamine-nihilego|1526\n|player|p2|85792195wwww|lady|1815\n|teamsize|p1|6\n|teamsize|p2|6\n|gen|9\n|tier|[Gen 9] National Dex Ubers\n|rated|\n|rule|HP Percentage Mod: HP is shown in percentages\n|rule|Endless Battle Clause: Forcing endless battles is banned\n|rule|OHKO Clause: OHKO moves are banned\n|rule|Evasion Moves Clause: Evasion moves are banned\n|rule|Evasion Items Clause: Evasion items are banned\n|rule|Species Clause: Limit one of each Pok\u00e9mon\n|rule|Sleep Clause Mod: Limit one foe put to sleep\n|rule|Mega Rayquaza Clause: You cannot mega evolve Rayquaza\n|clearpoke\n|poke|p1|Solgaleo|\n|poke|p1|Kyurem-Black|\n|poke|p1|Arceus-Ground|\n|poke|p1|Yveltal|\n|poke|p1|Xerneas-*|\n|poke|p1|Necrozma-Dusk-Mane|\n|poke|p2|Zacian-*|\n|poke|p2|Kyogre|\n|poke|p2|Xerneas-*|\n|poke|p2|Krookodile, M|\n|poke|p2|Groudon|\n|poke|p2|Arceus|\n|teampreview\n|\n|t:|1698519581\n|start\n|switch|p1a: Arceus|Arceus-Ground|100\/100\n|switch|p2a: Krookodile|Krookodile, M|100\/100\n|-ability|p2a: Krookodile|Intimidate|boost\n|-unboost|p1a: Arceus|atk|1\n|turn|1\n|\n|t:|1698519590\n|move|p2a: Krookodile|Bulldoze|p1a: Arceus\n|-damage|p1a: Arceus|80\/100\n|-unboost|p1a: Arceus|spe|1\n|move|p1a: Arceus|Ice Beam|p2a: Krookodile\n|-supereffective|p2a: Krookodile\n|-damage|p2a: Krookodile|43\/100\n|-status|p2a: Krookodile|frz\n|\n|upkeep\n|turn|2\n|\n|t:|1698519599\n|switch|p2a: Kyogre|Kyogre|100\/100\n|detailschange|p2a: Kyogre|Kyogre-Primal\n|-primal|p2a: Kyogre|Blue Orb\n|-weather|PrimordialSea|[from] ability: Primordial Sea|[of] p2a: Kyogre\n|move|p1a: Arceus|Recover|p1a: Arceus\n|-heal|p1a: Arceus|100\/100\n|\n|-weather|PrimordialSea|[upkeep]\n|upkeep\n|turn|3\n|\n|t:|1698519612\n|switch|p1a: Kyurem|Kyurem-Black|100\/100\n|-ability|p1a: Kyurem|Teravolt\n|move|p2a: Kyogre|Water Spout|p1a: Kyurem\n|-resisted|p1a: Kyurem\n|-damage|p1a: Kyurem|16\/100\n|\n|-weather|PrimordialSea|[upkeep]\n|upkeep\n|turn|4\n|\n|t:|1698519624\n|-weather|none\n|switch|p2a: Krookodile|Krookodile, M|43\/100 frz\n|-ability|p2a: Krookodile|Intimidate|boost\n|-unboost|p1a: Kyurem|atk|1\n|move|p1a: Kyurem|Fusion Bolt|p2a: Krookodile\n|-immune|p2a: Krookodile\n|\n|upkeep\n|turn|5\n|\n|t:|1698519634\n|switch|p2a: Zacian|Zacian-Crowned|100\/100\n|-ability|p2a: Zacian|Intrepid Sword|boost\n|-boost|p2a: Zacian|atk|1\n|move|p1a: Kyurem|Dragon Dance|p1a: Kyurem\n|-boost|p1a: Kyurem|atk|1\n|-boost|p1a: Kyurem|spe|1\n|\n|upkeep\n|turn|6\n|\n|t:|1698519642\n|switch|p1a: Necrozma|Necrozma-Dusk-Mane|100\/100\n|move|p2a: Zacian|Swords Dance|p2a: Zacian\n|-boost|p2a: Zacian|atk|2\n|\n|upkeep\n|turn|7\n|\n|t:|1698519650\n|move|p2a: Zacian|Close Combat|p1a: Necrozma\n|-damage|p1a: Necrozma|34\/100\n|-unboost|p2a: Zacian|def|1\n|-unboost|p2a: Zacian|spd|1\n|move|p1a: Necrozma|Earthquake|p2a: Zacian\n|-supereffective|p2a: Zacian\n|-damage|p2a: Zacian|4\/100\n|\n|-heal|p1a: Necrozma|40\/100|[from] item: Leftovers\n|upkeep\n|turn|8\n|\n|t:|1698519667\n|move|p2a: Zacian|Close Combat|p1a: Necrozma\n|-crit|p1a: Necrozma\n|-damage|p1a: Necrozma|0 fnt\n|-unboost|p2a: Zacian|def|1\n|-unboost|p2a: Zacian|spd|1\n|faint|p1a: Necrozma\n|\n|upkeep\n|\n|t:|1698519673\n|switch|p1a: Yveltal|Yveltal|100\/100\n|-ability|p1a: Yveltal|Dark Aura\n|turn|9\n|\n|t:|1698519687\n|move|p1a: Yveltal|Sucker Punch|p2a: Zacian\n|-resisted|p2a: Zacian\n|-damage|p2a: Zacian|0 fnt\n|faint|p2a: Zacian\n|\n|upkeep\n|\n|t:|1698519693\n|switch|p2a: Xerneas|Xerneas|100\/100\n|-ability|p2a: Xerneas|Fairy Aura\n|turn|10\n|\n|t:|1698519705\n|move|p2a: Xerneas|Moonblast|p1a: Yveltal\n|-supereffective|p1a: Yveltal\n|-damage|p1a: Yveltal|13\/100\n|move|p1a: Yveltal|Knock Off|p2a: Xerneas\n|-resisted|p2a: Xerneas\n|-damage|p2a: Xerneas|78\/100\n|-enditem|p2a: Xerneas|Power Herb|[from] move: Knock Off|[of] p1a: Yveltal\n|\n|upkeep\n|turn|11\n|\n|t:|1698519714\n|switch|p1a: Solgaleo|Solgaleo|100\/100\n|move|p2a: Xerneas|Moonblast|p1a: Solgaleo\n|-resisted|p1a: Solgaleo\n|-damage|p1a: Solgaleo|77\/100\n|\n|-heal|p1a: Solgaleo|83\/100|[from] item: Leftovers\n|upkeep\n|turn|12\n|\n|t:|1698519732\n|switch|p2a: Kyogre|Kyogre-Primal|100\/100\n|-weather|PrimordialSea|[from] ability: Primordial Sea|[of] p2a: Kyogre\n|move|p1a: Solgaleo|Teleport|p1a: Solgaleo\n|\n|t:|1698519735\n|switch|p1a: Kyurem|Kyurem-Black|16\/100|[from] Teleport\n|-ability|p1a: Kyurem|Teravolt\n|\n|-weather|PrimordialSea|[upkeep]\n|upkeep\n|turn|13\n|l|\u260685792195wwww\n|player|p2|\n|j|\u260685792195wwww\n|player|p2|85792195wwww|lady\n|\n|t:|1698519766\n|-weather|none\n|switch|p2a: Krookodile|Krookodile, M|43\/100 frz\n|-ability|p2a: Krookodile|Intimidate|boost\n|-unboost|p1a: Kyurem|atk|1\n|move|p1a: Kyurem|Fusion Bolt|p2a: Krookodile\n|-immune|p2a: Krookodile\n|\n|upkeep\n|turn|14\n|\n|t:|1698519777\n|switch|p2a: Arceus|Arceus|100\/100\n|move|p1a: Kyurem|Roost|p1a: Kyurem\n|-heal|p1a: Kyurem|66\/100\n|-singleturn|p1a: Kyurem|move: Roost\n|\n|upkeep\n|turn|15\n|\n|t:|1698519788\n|switch|p1a: Xerneas|Xerneas|100\/100\n|-ability|p1a: Xerneas|Fairy Aura\n|move|p2a: Arceus|Swords Dance|p2a: Arceus\n|-boost|p2a: Arceus|atk|2\n|\n|upkeep\n|turn|16\n|\n|t:|1698519798\n|-terastallize|p2a: Arceus|Normal\n|move|p2a: Arceus|Extreme Speed|p1a: Xerneas\n|-damage|p1a: Xerneas|0 fnt\n|faint|p1a: Xerneas\n|-damage|p2a: Arceus|91\/100|[from] item: Life Orb\n|\n|upkeep\n|\n|t:|1698519802\n|switch|p1a: Solgaleo|Solgaleo|83\/100\n|turn|17\n|\n|t:|1698519816\n|move|p2a: Arceus|Earthquake|p1a: Solgaleo\n|-supereffective|p1a: Solgaleo\n|-damage|p1a: Solgaleo|0 fnt\n|faint|p1a: Solgaleo\n|-damage|p2a: Arceus|81\/100|[from] item: Life Orb\n|\n|upkeep\n|-message|1 EAST forfeited.\n|\n|win|85792195wwww\n|raw|1 EAST's rating: 1539 &rarr; <strong>1532<\/strong><br \/>(-7 for losing)\n|raw|85792195wwww's rating: 1815 &rarr; <strong>1822<\/strong><br \/>(+7 for winning)\n|l|\u26061 EAST\n","uploadtime":1698519825,"views":11,"p1id":"1east","p2id":"85792195wwww","formatid":"gen9nationaldexubers","rating":1532,"private":0,"password":""}