{"id":"gen9nationaldexubers-1985917392","p1":"SystemSeven","p2":"Irfanayan","format":"[Gen 9] National Dex Ubers","log":"|j|\u2606SystemSeven\n|j|\u2606Irfanayan\n|t:|1699422385\n|gametype|singles\n|player|p1|SystemSeven|2|1695\n|player|p2|Irfanayan|1|1690\n|teamsize|p1|6\n|teamsize|p2|6\n|gen|9\n|tier|[Gen 9] National Dex Ubers\n|rated|\n|rule|HP Percentage Mod: HP is shown in percentages\n|rule|Endless Battle Clause: Forcing endless battles is banned\n|rule|OHKO Clause: OHKO moves are banned\n|rule|Evasion Moves Clause: Evasion moves are banned\n|rule|Evasion Items Clause: Evasion items are banned\n|rule|Species Clause: Limit one of each Pok\u00e9mon\n|rule|Sleep Clause Mod: Limit one foe put to sleep\n|rule|Mega Rayquaza Clause: You cannot mega evolve Rayquaza\n|clearpoke\n|poke|p1|Groudon|\n|poke|p1|Necrozma-Dusk-Mane|\n|poke|p1|Ho-Oh|\n|poke|p1|Arceus-Dark|\n|poke|p1|Kyogre|\n|poke|p1|Zacian-*|\n|poke|p2|Groudon|\n|poke|p2|Xerneas-*|\n|poke|p2|Arceus|\n|poke|p2|Necrozma-Dusk-Mane|\n|poke|p2|Zygarde|\n|poke|p2|Deoxys-Attack|\n|teampreview\n|inactive|Battle timer is ON: inactive players will automatically lose when time's up. (requested by Irfanayan)\n|\n|t:|1699422411\n|start\n|switch|p1a: Arceus|Arceus-Dark|100\/100\n|switch|p2a: Zygarde|Zygarde|100\/100\n|turn|1\n|\n|t:|1699422422\n|switch|p2a: Xerneas|Xerneas|100\/100\n|-ability|p2a: Xerneas|Fairy Aura\n|move|p1a: Arceus|Taunt|p2a: Xerneas\n|-start|p2a: Xerneas|move: Taunt\n|\n|upkeep\n|turn|2\n|\n|t:|1699422434\n|switch|p1a: Necrozma|Necrozma-Dusk-Mane|100\/100\n|switch|p2a: Deoxys|Deoxys-Attack|100\/100\n|-ability|p2a: Deoxys|Pressure\n|\n|upkeep\n|turn|3\n|\n|t:|1699422449\n|switch|p2a: Groudon|Groudon|100\/100\n|detailschange|p2a: Groudon|Groudon-Primal\n|-primal|p2a: Groudon|Red Orb\n|-weather|DesolateLand|[from] ability: Desolate Land|[of] p2a: Groudon\n|move|p1a: Necrozma|Knock Off|p2a: Groudon\n|-damage|p2a: Groudon|89\/100\n|\n|-weather|DesolateLand|[upkeep]\n|upkeep\n|turn|4\n|\n|t:|1699422459\n|move|p2a: Groudon|Precipice Blades|p1a: Necrozma\n|-supereffective|p1a: Necrozma\n|-damage|p1a: Necrozma|19\/100\n|move|p1a: Necrozma|Stealth Rock|p2a: Groudon\n|-sidestart|p2: Irfanayan|move: Stealth Rock\n|\n|-weather|DesolateLand|[upkeep]\n|upkeep\n|turn|5\n|\n|t:|1699422480\n|switch|p1a: Arceus|Arceus-Dark|100\/100\n|move|p2a: Groudon|Precipice Blades|p1a: Arceus\n|-damage|p1a: Arceus|52\/100\n|\n|-weather|DesolateLand|[upkeep]\n|upkeep\n|turn|6\n|\n|t:|1699422490\n|move|p1a: Arceus|Recover|p1a: Arceus\n|-heal|p1a: Arceus|100\/100\n|move|p2a: Groudon|Fire Punch|p1a: Arceus\n|-damage|p1a: Arceus|53\/100\n|-status|p1a: Arceus|brn\n|\n|-weather|DesolateLand|[upkeep]\n|-damage|p1a: Arceus|47\/100 brn|[from] brn\n|upkeep\n|turn|7\n|\n|t:|1699422513\n|move|p1a: Arceus|Toxic|p2a: Groudon\n|-status|p2a: Groudon|tox\n|move|p2a: Groudon|Precipice Blades|p1a: Arceus\n|-damage|p1a: Arceus|3\/100 brn\n|\n|-weather|DesolateLand|[upkeep]\n|-damage|p2a: Groudon|83\/100 tox|[from] psn\n|-damage|p1a: Arceus|0 fnt|[from] brn\n|faint|p1a: Arceus\n|upkeep\n|\n|t:|1699422515\n|switch|p1a: Kyogre|Kyogre|100\/100\n|detailschange|p1a: Kyogre|Kyogre-Primal\n|-primal|p1a: Kyogre|Blue Orb\n|-weather|PrimordialSea|[from] ability: Primordial Sea|[of] p1a: Kyogre\n|turn|8\n|\n|t:|1699422533\n|switch|p2a: Necrozma|Necrozma-Dusk-Mane|100\/100\n|-damage|p2a: Necrozma|94\/100|[from] Stealth Rock\n|move|p1a: Kyogre|Scald|p2a: Necrozma\n|-damage|p2a: Necrozma|28\/100\n|-status|p2a: Necrozma|brn\n|\n|-weather|PrimordialSea|[upkeep]\n|-damage|p2a: Necrozma|22\/100 brn|[from] brn\n|upkeep\n|turn|9\n|\n|t:|1699422544\n|detailschange|p2a: Necrozma|Necrozma-Ultra\n|-burst|p2a: Necrozma|Necrozma|Ultranecrozium Z\n|move|p2a: Necrozma|Photon Geyser|p1a: Kyogre\n|-damage|p1a: Kyogre|59\/100\n|move|p1a: Kyogre|Calm Mind|p1a: Kyogre\n|-boost|p1a: Kyogre|spa|1\n|-boost|p1a: Kyogre|spd|1\n|\n|-weather|PrimordialSea|[upkeep]\n|-damage|p2a: Necrozma|15\/100 brn|[from] brn\n|upkeep\n|turn|10\n|\n|t:|1699422558\n|-weather|none\n|switch|p1a: Necrozma|Necrozma-Dusk-Mane|19\/100\n|-zpower|p2a: Necrozma\n|move|p2a: Necrozma|Light That Burns the Sky|p1a: Necrozma|[zeffect]\n|-resisted|p1a: Necrozma\n|-damage|p1a: Necrozma|0 fnt\n|faint|p1a: Necrozma\n|\n|-damage|p2a: Necrozma|9\/100 brn|[from] brn\n|upkeep\n|\n|t:|1699422560\n|switch|p1a: Zacian|Zacian-Crowned|100\/100\n|-ability|p1a: Zacian|Intrepid Sword|boost\n|-boost|p1a: Zacian|atk|1\n|turn|11\n|\n|t:|1699422576\n|move|p1a: Zacian|Behemoth Blade|p2a: Necrozma\n|-damage|p2a: Necrozma|0 fnt\n|faint|p2a: Necrozma\n|\n|upkeep\n|\n|t:|1699422584\n|switch|p2a: Groudon|Groudon-Primal|83\/100 tox\n|-damage|p2a: Groudon|70\/100 tox|[from] Stealth Rock\n|-weather|DesolateLand|[from] ability: Desolate Land|[of] p2a: Groudon\n|turn|12\n|\n|t:|1699422596\n|-terastallize|p1a: Zacian|Ground\n|move|p1a: Zacian|Tera Blast|p2a: Groudon|[anim] Tera Blast Ground\n|-supereffective|p2a: Groudon\n|-damage|p2a: Groudon|0 fnt\n|faint|p2a: Groudon\n|-weather|none\n|\n|upkeep\n|\n|t:|1699422616\n|switch|p2a: Arceus|Arceus|100\/100\n|-damage|p2a: Arceus|88\/100|[from] Stealth Rock\n|turn|13\n|\n|t:|1699422630\n|-terastallize|p2a: Arceus|Ghost\n|move|p1a: Zacian|Behemoth Blade|p2a: Arceus\n|-damage|p2a: Arceus|34\/100\n|move|p2a: Arceus|Swords Dance|p2a: Arceus\n|-boost|p2a: Arceus|atk|2\n|\n|upkeep\n|turn|14\n|\n|t:|1699422640\n|move|p2a: Arceus|Extreme Speed|p1a: Zacian\n|-damage|p1a: Zacian|0 fnt\n|faint|p1a: Zacian\n|-damage|p2a: Arceus|24\/100|[from] item: Life Orb\n|\n|upkeep\n|\n|t:|1699422642\n|switch|p1a: Ho-Oh|Ho-Oh|100\/100\n|turn|15\n|\n|t:|1699422649\n|move|p2a: Arceus|Extreme Speed|p1a: Ho-Oh\n|-damage|p1a: Ho-Oh|35\/100\n|-damage|p2a: Arceus|14\/100|[from] item: Life Orb\n|move|p1a: Ho-Oh|Sacred Fire|p2a: Arceus\n|-damage|p2a: Arceus|0 fnt\n|faint|p2a: Arceus\n|\n|upkeep\n|\n|t:|1699422677\n|switch|p2a: Xerneas|Xerneas|100\/100\n|-damage|p2a: Xerneas|88\/100|[from] Stealth Rock\n|-ability|p2a: Xerneas|Fairy Aura\n|turn|16\n|\n|t:|1699422684\n|switch|p1a: Groudon|Groudon|100\/100\n|detailschange|p1a: Groudon|Groudon-Primal\n|-primal|p1a: Groudon|Red Orb\n|-weather|DesolateLand|[from] ability: Desolate Land|[of] p1a: Groudon\n|move|p2a: Xerneas|Hidden Power|p1a: Groudon\n|-damage|p1a: Groudon|78\/100\n|\n|-weather|DesolateLand|[upkeep]\n|upkeep\n|turn|17\n|\n|t:|1699422697\n|-weather|none\n|switch|p1a: Kyogre|Kyogre-Primal|59\/100\n|-weather|PrimordialSea|[from] ability: Primordial Sea|[of] p1a: Kyogre\n|move|p2a: Xerneas|Geomancy||[still]\n|-prepare|p2a: Xerneas|Geomancy\n|-enditem|p2a: Xerneas|Power Herb\n|-anim|p2a: Xerneas|Geomancy|p2a: Xerneas\n|-boost|p2a: Xerneas|spa|2\n|-boost|p2a: Xerneas|spd|2\n|-boost|p2a: Xerneas|spe|2\n|\n|-weather|PrimordialSea|[upkeep]\n|upkeep\n|turn|18\n|-message|SystemSeven forfeited.\n|\n|win|Irfanayan\n|raw|SystemSeven's rating: 1665 &rarr; <strong>1646<\/strong><br \/>(-19 for losing)\n|raw|Irfanayan's rating: 1690 &rarr; <strong>1709<\/strong><br \/>(+19 for winning)\n|l|\u2606SystemSeven\n|l|\u2606Irfanayan\n","uploadtime":1699422781,"views":4,"p1id":"systemseven","p2id":"irfanayan","formatid":"gen9nationaldexubers","rating":1646,"private":0,"password":""}