{"id":"gen9nationaldexubers-1980302087","p1":"Odj1022","p2":"onaerybluer","format":"[Gen 9] National Dex Ubers","log":"|j|\u2606Odj1022\n|j|\u2606onaerybluer\n|t:|1698773654\n|gametype|singles\n|player|p1|Odj1022|alder|1264\n|player|p2|onaerybluer|bellelba|1340\n|teamsize|p1|6\n|teamsize|p2|6\n|gen|9\n|tier|[Gen 9] National Dex Ubers\n|rated|\n|rule|HP Percentage Mod: HP is shown in percentages\n|rule|Endless Battle Clause: Forcing endless battles is banned\n|rule|OHKO Clause: OHKO moves are banned\n|rule|Evasion Moves Clause: Evasion moves are banned\n|rule|Evasion Items Clause: Evasion items are banned\n|rule|Species Clause: Limit one of each Pok\u00e9mon\n|rule|Sleep Clause Mod: Limit one foe put to sleep\n|rule|Mega Rayquaza Clause: You cannot mega evolve Rayquaza\n|clearpoke\n|poke|p1|Kommo-o, F|\n|poke|p1|Deoxys-Attack|\n|poke|p1|Groudon|\n|poke|p1|Charizard, F|\n|poke|p1|Regieleki|\n|poke|p1|Magearna|\n|poke|p2|Kangaskhan, F|\n|poke|p2|Blissey, F|\n|poke|p2|Gholdengo|\n|poke|p2|Chien-Pao|\n|poke|p2|Flutter Mane|\n|poke|p2|Kingambit, F|\n|teampreview\n|inactive|Battle timer is ON: inactive players will automatically lose when time's up. (requested by onaerybluer)\n|\n|t:|1698773669\n|start\n|switch|p1a: Magearna|Magearna|100\/100\n|switch|p2a: Gholdengo|Gholdengo|100\/100\n|turn|1\n|\n|t:|1698773680\n|-terastallize|p1a: Magearna|Water\n|move|p2a: Gholdengo|Make It Rain|p1a: Magearna\n|-resisted|p1a: Magearna\n|-damage|p1a: Magearna|75\/100\n|-unboost|p2a: Gholdengo|spa|1\n|move|p1a: Magearna|Calm Mind|p1a: Magearna\n|-boost|p1a: Magearna|spa|1\n|-boost|p1a: Magearna|spd|1\n|\n|-heal|p1a: Magearna|81\/100|[from] item: Leftovers\n|upkeep\n|turn|2\n|\n|t:|1698773690\n|switch|p2a: Blissey|Blissey, F|100\/100\n|move|p1a: Magearna|Calm Mind|p1a: Magearna\n|-boost|p1a: Magearna|spa|1\n|-boost|p1a: Magearna|spd|1\n|\n|-heal|p1a: Magearna|87\/100|[from] item: Leftovers\n|upkeep\n|turn|3\n|\n|t:|1698773696\n|move|p1a: Magearna|Draining Kiss|p2a: Blissey\n|-damage|p2a: Blissey|88\/100\n|-heal|p1a: Magearna|100\/100|[from] drain|[of] p2a: Blissey\n|move|p2a: Blissey|Thunder Wave|p1a: Magearna|[miss]\n|-miss|p2a: Blissey|p1a: Magearna\n|\n|upkeep\n|turn|4\n|\n|t:|1698773700\n|move|p1a: Magearna|Stored Power|p2a: Blissey\n|-damage|p2a: Blissey|71\/100\n|move|p2a: Blissey|Seismic Toss|p1a: Magearna\n|-damage|p1a: Magearna|73\/100\n|\n|-heal|p1a: Magearna|79\/100|[from] item: Leftovers\n|upkeep\n|turn|5\n|\n|t:|1698773703\n|move|p1a: Magearna|Calm Mind|p1a: Magearna\n|-boost|p1a: Magearna|spa|1\n|-boost|p1a: Magearna|spd|1\n|move|p2a: Blissey|Seismic Toss|p1a: Magearna\n|-damage|p1a: Magearna|51\/100\n|\n|-heal|p1a: Magearna|58\/100|[from] item: Leftovers\n|upkeep\n|turn|6\n|\n|t:|1698773705\n|move|p1a: Magearna|Draining Kiss|p2a: Blissey\n|-damage|p2a: Blissey|55\/100\n|-heal|p1a: Magearna|79\/100|[from] drain|[of] p2a: Blissey\n|move|p2a: Blissey|Thunder Wave|p1a: Magearna\n|-status|p1a: Magearna|par\n|\n|-heal|p1a: Magearna|85\/100 par|[from] item: Leftovers\n|upkeep\n|turn|7\n|\n|t:|1698773708\n|move|p2a: Blissey|Soft-Boiled|p2a: Blissey\n|-heal|p2a: Blissey|100\/100\n|move|p1a: Magearna|Draining Kiss|p2a: Blissey\n|-damage|p2a: Blissey|85\/100\n|-heal|p1a: Magearna|100\/100 par|[from] drain|[of] p2a: Blissey\n|\n|upkeep\n|turn|8\n|\n|t:|1698773713\n|move|p2a: Blissey|Seismic Toss|p1a: Magearna\n|-damage|p1a: Magearna|73\/100 par\n|move|p1a: Magearna|Calm Mind|p1a: Magearna\n|-boost|p1a: Magearna|spa|1\n|-boost|p1a: Magearna|spd|1\n|\n|-heal|p1a: Magearna|79\/100 par|[from] item: Leftovers\n|upkeep\n|turn|9\n|\n|t:|1698773720\n|move|p2a: Blissey|Seismic Toss|p1a: Magearna\n|-damage|p1a: Magearna|51\/100 par\n|move|p1a: Magearna|Calm Mind|p1a: Magearna\n|-boost|p1a: Magearna|spa|1\n|-boost|p1a: Magearna|spd|1\n|\n|-heal|p1a: Magearna|58\/100 par|[from] item: Leftovers\n|upkeep\n|turn|10\n|\n|t:|1698773727\n|switch|p2a: Gholdengo|Gholdengo|100\/100\n|move|p1a: Magearna|Draining Kiss|p2a: Gholdengo\n|-resisted|p2a: Gholdengo\n|-damage|p2a: Gholdengo|60\/100\n|-heal|p1a: Magearna|84\/100 par|[from] drain|[of] p2a: Gholdengo\n|\n|-heal|p1a: Magearna|90\/100 par|[from] item: Leftovers\n|upkeep\n|turn|11\n|\n|t:|1698773736\n|move|p2a: Gholdengo|Trick|p1a: Magearna\n|-activate|p2a: Gholdengo|move: Trick|[of] p1a: Magearna\n|-item|p1a: Magearna|Choice Scarf|[from] move: Trick\n|-item|p2a: Gholdengo|Leftovers|[from] move: Trick\n|move|p1a: Magearna|Stored Power|p2a: Gholdengo\n|-resisted|p2a: Gholdengo\n|-damage|p2a: Gholdengo|0 fnt\n|faint|p2a: Gholdengo\n|-ability|p1a: Magearna|Soul-Heart|boost\n|-boost|p1a: Magearna|spa|1\n|\n|upkeep\n|\n|t:|1698773742\n|switch|p2a: Chien-Pao|Chien-Pao|100\/100\n|-ability|p2a: Chien-Pao|Sword of Ruin\n|turn|12\n|\n|t:|1698773748\n|move|p2a: Chien-Pao|Icicle Crash|p1a: Magearna\n|-resisted|p1a: Magearna\n|-damage|p1a: Magearna|65\/100 par\n|cant|p1a: Magearna|flinch\n|\n|upkeep\n|turn|13\n|\n|t:|1698773753\n|move|p2a: Chien-Pao|Icicle Crash|p1a: Magearna\n|-resisted|p1a: Magearna\n|-damage|p1a: Magearna|42\/100 par\n|move|p1a: Magearna|Stored Power|p2a: Chien-Pao\n|-immune|p2a: Chien-Pao\n|\n|upkeep\n|turn|14\n|\n|t:|1698773770\n|switch|p1a: Groudon|Groudon|100\/100\n|detailschange|p1a: Groudon|Groudon-Primal\n|-primal|p1a: Groudon|Red Orb\n|-weather|DesolateLand|[from] ability: Desolate Land|[of] p1a: Groudon\n|move|p2a: Chien-Pao|Icicle Crash|p1a: Groudon\n|-damage|p1a: Groudon|57\/100\n|\n|-weather|DesolateLand|[upkeep]\n|upkeep\n|turn|15\n|\n|t:|1698773780\n|move|p2a: Chien-Pao|Icicle Crash|p1a: Groudon\n|-damage|p1a: Groudon|16\/100\n|move|p1a: Groudon|Precipice Blades|p2a: Chien-Pao|[miss]\n|-miss|p1a: Groudon|p2a: Chien-Pao\n|\n|-weather|DesolateLand|[upkeep]\n|upkeep\n|turn|16\n|\n|t:|1698773786\n|move|p2a: Chien-Pao|Icicle Crash|p1a: Groudon\n|-damage|p1a: Groudon|0 fnt\n|faint|p1a: Groudon\n|-weather|none\n|\n|upkeep\n|\n|t:|1698773792\n|switch|p1a: Charizard|Charizard, F|100\/100\n|turn|17\n|\n|t:|1698773796\n|switch|p2a: Blissey|Blissey, F|85\/100\n|detailschange|p1a: Charizard|Charizard-Mega-Y, F\n|-mega|p1a: Charizard|Charizard|Charizardite Y\n|-weather|SunnyDay|[from] ability: Drought|[of] p1a: Charizard\n|move|p1a: Charizard|Fire Blast|p2a: Blissey\n|-damage|p2a: Blissey|55\/100\n|\n|-weather|SunnyDay|[upkeep]\n|upkeep\n|turn|18\n|\n|t:|1698773810\n|switch|p1a: Kommo-o|Kommo-o, F, shiny|100\/100\n|move|p2a: Blissey|Soft-Boiled|p2a: Blissey\n|-heal|p2a: Blissey|100\/100\n|\n|-weather|SunnyDay|[upkeep]\n|upkeep\n|turn|19\n|\n|t:|1698773818\n|switch|p2a: Flutter Mane|Flutter Mane|100\/100\n|-activate|p2a: Flutter Mane|ability: Protosynthesis\n|-start|p2a: Flutter Mane|protosynthesisspe\n|-zpower|p1a: Kommo-o\n|move|p1a: Kommo-o|Clangorous Soulblaze|p2a: Flutter Mane|[zeffect]\n|-immune|p2a: Flutter Mane\n|\n|-weather|SunnyDay|[upkeep]\n|upkeep\n|turn|20\n|\n|t:|1698773831\n|move|p2a: Flutter Mane|Moonblast|p1a: Kommo-o\n|-supereffective|p1a: Kommo-o\n|-damage|p1a: Kommo-o|0 fnt\n|faint|p1a: Kommo-o\n|\n|-weather|SunnyDay|[upkeep]\n|upkeep\n|\n|t:|1698773835\n|switch|p1a: Magearna|Magearna, tera:Water|42\/100 par\n|turn|21\n|\n|t:|1698773841\n|-zpower|p2a: Flutter Mane\n|move|p2a: Flutter Mane|Twinkle Tackle|p1a: Magearna|[zeffect]\n|-damage|p1a: Magearna|0 fnt\n|faint|p1a: Magearna\n|\n|-weather|none\n|-end|p2a: Flutter Mane|Protosynthesis\n|upkeep\n|\n|t:|1698773851\n|switch|p1a: Deoxys|Deoxys-Attack, shiny|100\/100\n|-ability|p1a: Deoxys|Pressure\n|turn|22\n|\n|t:|1698773856\n|move|p1a: Deoxys|Shadow Ball|p2a: Flutter Mane\n|-supereffective|p2a: Flutter Mane\n|-crit|p2a: Flutter Mane\n|-damage|p2a: Flutter Mane|0 fnt\n|faint|p2a: Flutter Mane\n|-end|p2a: Flutter Mane|Protosynthesis|[silent]\n|-damage|p1a: Deoxys|91\/100|[from] item: Life Orb\n|\n|upkeep\n|\n|t:|1698773859\n|switch|p2a: Blissey|Blissey, F|100\/100\n|turn|23\n|\n|t:|1698773868\n|move|p1a: Deoxys|Psycho Boost|p2a: Blissey\n|-damage|p2a: Blissey|64\/100\n|-unboost|p1a: Deoxys|spa|2\n|-damage|p1a: Deoxys|81\/100|[from] item: Life Orb\n|move|p2a: Blissey|Seismic Toss|p1a: Deoxys\n|-damage|p1a: Deoxys|39\/100\n|\n|upkeep\n|turn|24\n|\n|t:|1698773872\n|move|p1a: Deoxys|Shadow Ball|p2a: Blissey\n|-immune|p2a: Blissey\n|move|p2a: Blissey|Soft-Boiled|p2a: Blissey\n|-heal|p2a: Blissey|100\/100\n|\n|upkeep\n|turn|25\n|\n|t:|1698773875\n|move|p1a: Deoxys|Rock Slide|p2a: Blissey\n|-damage|p2a: Blissey|61\/100\n|-damage|p1a: Deoxys|30\/100|[from] item: Life Orb\n|move|p2a: Blissey|Seismic Toss|p1a: Deoxys\n|-damage|p1a: Deoxys|0 fnt\n|faint|p1a: Deoxys\n|\n|upkeep\n|\n|t:|1698773881\n|switch|p1a: Charizard|Charizard-Mega-Y, F|100\/100\n|-weather|SunnyDay|[from] ability: Drought|[of] p1a: Charizard\n|turn|26\n|\n|t:|1698773887\n|move|p1a: Charizard|Fire Blast|p2a: Blissey\n|-damage|p2a: Blissey|29\/100\n|move|p2a: Blissey|Soft-Boiled|p2a: Blissey\n|-heal|p2a: Blissey|79\/100\n|\n|-weather|SunnyDay|[upkeep]\n|upkeep\n|turn|27\n|\n|t:|1698773891\n|move|p1a: Charizard|Fire Blast|p2a: Blissey|[miss]\n|-miss|p1a: Charizard|p2a: Blissey\n|move|p2a: Blissey|Soft-Boiled|p2a: Blissey\n|-heal|p2a: Blissey|100\/100\n|\n|-weather|SunnyDay|[upkeep]\n|upkeep\n|turn|28\n|\n|t:|1698773895\n|move|p1a: Charizard|Solar Beam||[still]\n|-prepare|p1a: Charizard|Solar Beam\n|-anim|p1a: Charizard|Solar Beam|p2a: Blissey\n|-damage|p2a: Blissey|85\/100\n|move|p2a: Blissey|Thunder Wave|p1a: Charizard\n|-status|p1a: Charizard|par\n|\n|-weather|SunnyDay|[upkeep]\n|upkeep\n|turn|29\n|\n|t:|1698773903\n|switch|p1a: Regieleki|Regieleki|100\/100\n|move|p2a: Blissey|Seismic Toss|p1a: Regieleki\n|-damage|p1a: Regieleki|67\/100\n|\n|-weather|SunnyDay|[upkeep]\n|upkeep\n|turn|30\n|\n|t:|1698773909\n|move|p1a: Regieleki|Thunderbolt|p2a: Blissey\n|-damage|p2a: Blissey|71\/100\n|move|p2a: Blissey|Seismic Toss|p1a: Regieleki\n|-damage|p1a: Regieleki|34\/100\n|\n|-weather|none\n|upkeep\n|turn|31\n|\n|t:|1698773912\n|move|p1a: Regieleki|Thunder Wave|p2a: Blissey\n|-status|p2a: Blissey|par\n|move|p2a: Blissey|Seismic Toss|p1a: Regieleki\n|-damage|p1a: Regieleki|1\/100\n|\n|upkeep\n|turn|32\n|\n|t:|1698773917\n|-curestatus|p2a: Blissey|par|[from] ability: Natural Cure\n|switch|p2a: Chien-Pao|Chien-Pao|100\/100\n|-ability|p2a: Chien-Pao|Sword of Ruin\n|move|p1a: Regieleki|Thunderbolt|p2a: Chien-Pao\n|-damage|p2a: Chien-Pao|19\/100\n|\n|upkeep\n|turn|33\n|\n|t:|1698773929\n|move|p2a: Chien-Pao|Ice Shard|p1a: Regieleki\n|-damage|p1a: Regieleki|0 fnt\n|faint|p1a: Regieleki\n|\n|upkeep\n|\n|t:|1698773930\n|switch|p1a: Charizard|Charizard-Mega-Y, F|100\/100 par\n|-weather|SunnyDay|[from] ability: Drought|[of] p1a: Charizard\n|turn|34\n|\n|t:|1698773933\n|move|p2a: Chien-Pao|Ice Shard|p1a: Charizard\n|-damage|p1a: Charizard|46\/100 par\n|cant|p1a: Charizard|par\n|\n|-weather|SunnyDay|[upkeep]\n|upkeep\n|turn|35\n|\n|t:|1698773937\n|move|p2a: Chien-Pao|Ice Shard|p1a: Charizard\n|-damage|p1a: Charizard|0 fnt\n|faint|p1a: Charizard\n|\n|win|onaerybluer\n|raw|Odj1022's rating: 1264 &rarr; <strong>1244<\/strong><br \/>(-20 for losing)\n|raw|onaerybluer's rating: 1340 &rarr; <strong>1356<\/strong><br \/>(+16 for winning)\n|l|\u2606Odj1022\n","uploadtime":1698773946,"views":9,"p1id":"odj1022","p2id":"onaerybluer","formatid":"gen9nationaldexubers","rating":1244,"private":0,"password":""}