{"id":"gen9nationaldexubers-1987572975","p1":"Shadow Mewtwo 1234","p2":"Chaitanya15","format":"[Gen 9] National Dex Ubers","log":"|j|\u2606Shadow Mewtwo 1234\n|j|\u2606Chaitanya15\n|t:|1699614037\n|gametype|singles\n|player|p1|Shadow Mewtwo 1234|cynthia-gen4|1366\n|player|p2|Chaitanya15|170|1429\n|teamsize|p1|6\n|teamsize|p2|6\n|gen|9\n|tier|[Gen 9] National Dex Ubers\n|rated|\n|rule|HP Percentage Mod: HP is shown in percentages\n|rule|Endless Battle Clause: Forcing endless battles is banned\n|rule|OHKO Clause: OHKO moves are banned\n|rule|Evasion Moves Clause: Evasion moves are banned\n|rule|Evasion Items Clause: Evasion items are banned\n|rule|Species Clause: Limit one of each Pok\u00e9mon\n|rule|Sleep Clause Mod: Limit one foe put to sleep\n|rule|Mega Rayquaza Clause: You cannot mega evolve Rayquaza\n|clearpoke\n|poke|p1|Arceus|\n|poke|p1|Zekrom|\n|poke|p1|Groudon|\n|poke|p1|Smeargle, F|\n|poke|p1|Yveltal|\n|poke|p1|Ditto|\n|poke|p2|Kingambit, F|\n|poke|p2|Basculegion, M|\n|poke|p2|Kyogre|\n|poke|p2|Flutter Mane|\n|poke|p2|Deoxys-Speed|\n|poke|p2|Groudon|\n|teampreview\n|\n|t:|1699614047\n|start\n|switch|p1a: Smeargle|Smeargle, F|100\/100\n|switch|p2a: Deoxys|Deoxys-Speed|100\/100\n|-ability|p2a: Deoxys|Pressure\n|turn|1\n|inactive|Battle timer is ON: inactive players will automatically lose when time's up. (requested by Chaitanya15)\n|\n|t:|1699614062\n|move|p2a: Deoxys|Stealth Rock|p1a: Smeargle\n|-sidestart|p1: Shadow Mewtwo 1234|move: Stealth Rock\n|move|p1a: Smeargle|Spore|p2a: Deoxys\n|-status|p2a: Deoxys|slp|[from] move: Spore\n|\n|-ability|p1a: Smeargle|Moody|boost\n|-boost|p1a: Smeargle|spe|2\n|-unboost|p1a: Smeargle|spa|1\n|upkeep\n|turn|2\n|\n|t:|1699614077\n|switch|p2a: Kingambit|Kingambit, F|100\/100\n|move|p1a: Smeargle|Stealth Rock|p2a: Kingambit\n|-sidestart|p2: Chaitanya15|move: Stealth Rock\n|\n|-ability|p1a: Smeargle|Moody|boost\n|-boost|p1a: Smeargle|spe|2\n|-unboost|p1a: Smeargle|spa|1\n|upkeep\n|turn|3\n|\n|t:|1699614089\n|move|p1a: Smeargle|Seismic Toss|p2a: Kingambit\n|-damage|p2a: Kingambit|76\/100\n|move|p2a: Kingambit|Kowtow Cleave|p1a: Smeargle\n|-enditem|p1a: Smeargle|Focus Sash\n|-damage|p1a: Smeargle|1\/100\n|-damage|p2a: Kingambit|66\/100|[from] item: Life Orb\n|\n|-ability|p1a: Smeargle|Moody|boost\n|-boost|p1a: Smeargle|spa|2\n|-unboost|p1a: Smeargle|atk|1\n|upkeep\n|turn|4\n|\n|t:|1699614101\n|move|p2a: Kingambit|Sucker Punch||[still]\n|-fail|p2a: Kingambit\n|move|p1a: Smeargle|Encore|p2a: Kingambit\n|-start|p2a: Kingambit|Encore\n|\n|-ability|p1a: Smeargle|Moody|boost\n|-boost|p1a: Smeargle|def|2\n|-unboost|p1a: Smeargle|spe|1\n|upkeep\n|turn|5\n|\n|t:|1699614123\n|switch|p1a: Zekrom|Zekrom|100\/100\n|-damage|p1a: Zekrom|88\/100|[from] Stealth Rock\n|-ability|p1a: Zekrom|Teravolt\n|-end|p2a: Kingambit|fallenundefined|[silent]\n|switch|p2a: Flutter Mane|Flutter Mane|100\/100\n|-damage|p2a: Flutter Mane|88\/100|[from] Stealth Rock\n|-enditem|p2a: Flutter Mane|Booster Energy\n|-activate|p2a: Flutter Mane|ability: Protosynthesis|[fromitem]\n|-start|p2a: Flutter Mane|protosynthesisspe\n|\n|upkeep\n|turn|6\n|\n|t:|1699614136\n|move|p2a: Flutter Mane|Moonblast|p1a: Zekrom\n|-supereffective|p1a: Zekrom\n|-damage|p1a: Zekrom|0 fnt\n|faint|p1a: Zekrom\n|\n|upkeep\n|\n|t:|1699614148\n|switch|p1a: Groudon|Groudon|100\/100\n|-damage|p1a: Groudon|94\/100|[from] Stealth Rock\n|detailschange|p1a: Groudon|Groudon-Primal\n|-primal|p1a: Groudon|Red Orb\n|-weather|DesolateLand|[from] ability: Desolate Land|[of] p1a: Groudon\n|turn|7\n|\n|t:|1699614158\n|move|p2a: Flutter Mane|Shadow Ball|p1a: Groudon\n|-crit|p1a: Groudon\n|-damage|p1a: Groudon|28\/100\n|-unboost|p1a: Groudon|spd|1\n|move|p1a: Groudon|Heat Crash|p2a: Flutter Mane\n|-damage|p2a: Flutter Mane|0 fnt\n|faint|p2a: Flutter Mane\n|-end|p2a: Flutter Mane|Protosynthesis|[silent]\n|\n|-weather|DesolateLand|[upkeep]\n|upkeep\n|\n|t:|1699614174\n|switch|p2a: Kyogre|Kyogre|100\/100\n|-damage|p2a: Kyogre|88\/100|[from] Stealth Rock\n|-ability|p2a: Kyogre|Drizzle|[from] desolateland|[fail]\n|turn|8\n|\n|t:|1699614181\n|move|p2a: Kyogre|Ancient Power|p1a: Groudon\n|-damage|p1a: Groudon|0 fnt\n|faint|p1a: Groudon\n|-weather|none\n|\n|upkeep\n|\n|t:|1699614187\n|switch|p1a: Yveltal|Yveltal|100\/100\n|-damage|p1a: Yveltal|76\/100|[from] Stealth Rock\n|-ability|p1a: Yveltal|Dark Aura\n|turn|9\n|\n|t:|1699614197\n|switch|p2a: Kingambit|Kingambit, F|66\/100\n|-damage|p2a: Kingambit|60\/100|[from] Stealth Rock\n|-activate|p2a: Kingambit|ability: Supreme Overlord\n|-start|p2a: Kingambit|fallen1|[silent]\n|move|p1a: Yveltal|Knock Off|p2a: Kingambit\n|-resisted|p2a: Kingambit\n|-damage|p2a: Kingambit|30\/100\n|-enditem|p2a: Kingambit|Life Orb|[from] move: Knock Off|[of] p1a: Yveltal\n|\n|upkeep\n|turn|10\n|\n|t:|1699614208\n|move|p1a: Yveltal|Sucker Punch|p2a: Kingambit\n|-resisted|p2a: Kingambit\n|-damage|p2a: Kingambit|7\/100\n|move|p2a: Kingambit|Iron Head|p1a: Yveltal\n|-damage|p1a: Yveltal|32\/100\n|\n|upkeep\n|turn|11\n|\n|t:|1699614221\n|-end|p2a: Kingambit|fallen1|[silent]\n|switch|p2a: Groudon|Groudon|100\/100\n|-damage|p2a: Groudon|94\/100|[from] Stealth Rock\n|detailschange|p2a: Groudon|Groudon-Primal\n|-primal|p2a: Groudon|Red Orb\n|-weather|DesolateLand|[from] ability: Desolate Land|[of] p2a: Groudon\n|move|p1a: Yveltal|Sucker Punch||[still]\n|-fail|p1a: Yveltal\n|\n|-weather|DesolateLand|[upkeep]\n|upkeep\n|turn|12\n|\n|t:|1699614231\n|move|p1a: Yveltal|Defog|p2a: Groudon\n|-unboost|p2a: Groudon|evasion|1\n|-sideend|p2: Chaitanya15|Stealth Rock|[from] move: Defog|[of] p1a: Yveltal\n|-sideend|p1: Shadow Mewtwo 1234|Stealth Rock|[from] move: Defog|[of] p1a: Yveltal\n|move|p2a: Groudon|Heat Crash|p1a: Yveltal\n|-damage|p1a: Yveltal|0 fnt\n|faint|p1a: Yveltal\n|\n|-weather|DesolateLand|[upkeep]\n|upkeep\n|\n|t:|1699614235\n|switch|p1a: Smeargle|Smeargle, F|1\/100\n|turn|13\n|\n|t:|1699614244\n|move|p2a: Groudon|Heat Crash|p1a: Smeargle\n|-damage|p1a: Smeargle|0 fnt\n|faint|p1a: Smeargle\n|\n|-weather|DesolateLand|[upkeep]\n|upkeep\n|\n|t:|1699614253\n|switch|p1a: Ditto|Ditto|100\/100\n|-transform|p1a: Ditto|p2a: Groudon|[from] ability: Imposter\n|turn|14\n|\n|t:|1699614262\n|switch|p2a: Deoxys|Deoxys-Speed|100\/100 slp\n|-ability|p2a: Deoxys|Pressure\n|move|p1a: Ditto|Precipice Blades|p2a: Deoxys\n|-enditem|p2a: Deoxys|Focus Sash\n|-damage|p2a: Deoxys|1\/100 slp\n|\n|-weather|DesolateLand|[upkeep]\n|upkeep\n|turn|15\n|\n|t:|1699614282\n|cant|p2a: Deoxys|slp\n|move|p1a: Ditto|Precipice Blades|p2a: Deoxys\n|-damage|p2a: Deoxys|0 fnt\n|faint|p2a: Deoxys\n|\n|-weather|DesolateLand|[upkeep]\n|upkeep\n|\n|t:|1699614290\n|switch|p2a: Kingambit|Kingambit, F|7\/100\n|-activate|p2a: Kingambit|ability: Supreme Overlord\n|-start|p2a: Kingambit|fallen2|[silent]\n|turn|16\n|\n|t:|1699614299\n|move|p2a: Kingambit|Sucker Punch|p1a: Ditto\n|-damage|p1a: Ditto|61\/100\n|move|p1a: Ditto|Precipice Blades|p2a: Kingambit\n|-supereffective|p2a: Kingambit\n|-crit|p2a: Kingambit\n|-damage|p2a: Kingambit|0 fnt\n|faint|p2a: Kingambit\n|-end|p2a: Kingambit|fallen2|[silent]\n|\n|-weather|DesolateLand|[upkeep]\n|upkeep\n|\n|t:|1699614308\n|switch|p2a: Groudon|Groudon-Primal|94\/100\n|turn|17\n|\n|t:|1699614312\n|switch|p1a: Arceus|Arceus|100\/100\n|move|p2a: Groudon|Precipice Blades|p1a: Arceus\n|-damage|p1a: Arceus|41\/100\n|\n|-weather|DesolateLand|[upkeep]\n|-heal|p1a: Arceus|47\/100|[from] item: Leftovers\n|upkeep\n|turn|18\n|\n|t:|1699614321\n|move|p1a: Arceus|Recover|p1a: Arceus\n|-heal|p1a: Arceus|97\/100\n|move|p2a: Groudon|Heat Crash|p1a: Arceus\n|-damage|p1a: Arceus|42\/100\n|\n|-weather|DesolateLand|[upkeep]\n|-heal|p1a: Arceus|48\/100|[from] item: Leftovers\n|upkeep\n|turn|19\n|\n|t:|1699614331\n|move|p1a: Arceus|Recover|p1a: Arceus\n|-heal|p1a: Arceus|98\/100\n|move|p2a: Groudon|Heat Crash|p1a: Arceus\n|-damage|p1a: Arceus|34\/100\n|\n|-weather|DesolateLand|[upkeep]\n|-heal|p1a: Arceus|40\/100|[from] item: Leftovers\n|upkeep\n|turn|20\n|\n|t:|1699614341\n|-weather|none\n|switch|p2a: Kyogre|Kyogre|88\/100\n|-weather|RainDance|[from] ability: Drizzle|[of] p2a: Kyogre\n|move|p1a: Arceus|Recover|p1a: Arceus\n|-heal|p1a: Arceus|90\/100\n|\n|-weather|RainDance|[upkeep]\n|-heal|p1a: Arceus|96\/100|[from] item: Leftovers\n|upkeep\n|turn|21\n|\n|t:|1699614353\n|-terastallize|p2a: Kyogre|Water\n|move|p2a: Kyogre|Water Spout|p1a: Arceus\n|-damage|p1a: Arceus|0 fnt\n|faint|p1a: Arceus\n|\n|-weather|RainDance|[upkeep]\n|upkeep\n|\n|t:|1699614358\n|switch|p1a: Ditto|Ditto|61\/100\n|-transform|p1a: Ditto|p2a: Kyogre|[from] ability: Imposter\n|turn|22\n|\n|t:|1699614366\n|move|p2a: Kyogre|Water Spout|p1a: Ditto\n|-resisted|p1a: Ditto\n|-damage|p1a: Ditto|0 fnt\n|faint|p1a: Ditto\n|\n|win|Chaitanya15\n|raw|Shadow Mewtwo 1234's rating: 1391 &rarr; <strong>1373<\/strong><br \/>(-18 for losing)\n|raw|Chaitanya15's rating: 1429 &rarr; <strong>1447<\/strong><br \/>(+18 for winning)\n|l|\u2606Shadow Mewtwo 1234\n|c|\u2606Chaitanya15|Gg\n","uploadtime":1699614377,"views":7,"p1id":"shadowmewtwo1234","p2id":"chaitanya15","formatid":"gen9nationaldexubers","rating":1373,"private":0,"password":""}