{"id":"gen9nationaldexubers-1991037329","p1":"fnldlmzzs","p2":"Blake-Mamba","format":"[Gen 9] National Dex Ubers","log":"|j|\u2606fnldlmzzs\n|j|\u2606Blake-Mamba\n|t:|1700032341\n|gametype|singles\n|player|p1|fnldlmzzs|1|1347\n|player|p2|Blake-Mamba|juan|1332\n|teamsize|p1|6\n|teamsize|p2|6\n|gen|9\n|tier|[Gen 9] National Dex Ubers\n|rated|\n|rule|HP Percentage Mod: HP is shown in percentages\n|rule|Endless Battle Clause: Forcing endless battles is banned\n|rule|OHKO Clause: OHKO moves are banned\n|rule|Evasion Moves Clause: Evasion moves are banned\n|rule|Evasion Items Clause: Evasion items are banned\n|rule|Species Clause: Limit one of each Pok\u00e9mon\n|rule|Sleep Clause Mod: Limit one foe put to sleep\n|rule|Mega Rayquaza Clause: You cannot mega evolve Rayquaza\n|clearpoke\n|poke|p1|Arceus|\n|poke|p1|Smeargle, F|\n|poke|p1|Necrozma-Dawn-Wings|\n|poke|p1|Zacian-*|\n|poke|p1|Groudon|\n|poke|p1|Yveltal|\n|poke|p2|Regieleki|\n|poke|p2|Regidrago|\n|poke|p2|Regigigas|\n|poke|p2|Regirock|\n|poke|p2|Regice|\n|poke|p2|Registeel|\n|teampreview\n|inactive|Battle timer is ON: inactive players will automatically lose when time's up. (requested by fnldlmzzs)\n|\n|t:|1700032362\n|start\n|switch|p1a: Smeargle|Smeargle, F|100\/100\n|switch|p2a: Regieleki|Regieleki|100\/100\n|turn|1\n|inactive|fnldlmzzs has 120 seconds left.\n|\n|t:|1700032403\n|move|p2a: Regieleki|Volt Switch|p1a: Smeargle\n|-enditem|p1a: Smeargle|Focus Sash\n|-damage|p1a: Smeargle|1\/100\n|\n|t:|1700032408\n|switch|p2a: Regigigas|Regigigas|100\/100|[from] Volt Switch\n|-start|p2a: Regigigas|ability: Slow Start\n|move|p1a: Smeargle|Sticky Web|p2a: Regigigas\n|-sidestart|p2: Blake-Mamba|move: Sticky Web\n|\n|upkeep\n|turn|2\n|\n|t:|1700032419\n|move|p1a: Smeargle|Nuzzle|p2a: Regigigas\n|-damage|p2a: Regigigas|99\/100\n|-status|p2a: Regigigas|par\n|move|p2a: Regigigas|Earthquake|p1a: Smeargle\n|-damage|p1a: Smeargle|0 fnt\n|faint|p1a: Smeargle\n|\n|-heal|p2a: Regigigas|100\/100 par|[from] item: Leftovers\n|upkeep\n|\n|t:|1700032426\n|switch|p1a: Yveltal|Yveltal|100\/100\n|-ability|p1a: Yveltal|Dark Aura\n|turn|3\n|\n|t:|1700032433\n|move|p1a: Yveltal|Taunt|p2a: Regigigas\n|-start|p2a: Regigigas|move: Taunt\n|cant|p2a: Regigigas|par\n|\n|upkeep\n|turn|4\n|\n|t:|1700032439\n|move|p1a: Yveltal|Dark Pulse|p2a: Regigigas\n|-damage|p2a: Regigigas|46\/100 par\n|-damage|p1a: Yveltal|91\/100|[from] item: Life Orb\n|cant|p2a: Regigigas|flinch\n|\n|-heal|p2a: Regigigas|52\/100 par|[from] item: Leftovers\n|upkeep\n|turn|5\n|c|\u2606Blake-Mamba|Well you won\u2019t see it now but I was trying to use facade\n|inactive|Blake-Mamba has 120 seconds left.\n|c|\u2606Blake-Mamba|i felt smart but it doesn\u2019t matter lol\n|\n|t:|1700032483\n|move|p1a: Yveltal|Dark Pulse|p2a: Regigigas\n|-damage|p2a: Regigigas|0 fnt\n|faint|p2a: Regigigas\n|-end|p2a: Regigigas|Slow Start|[silent]\n|-damage|p1a: Yveltal|81\/100|[from] item: Life Orb\n|\n|upkeep\n|c|\u2606fnldlmzzs|I think under slow start tho\n|\n|t:|1700032494\n|switch|p2a: Registeel|Registeel|100\/100\n|-activate|p2a: Registeel|move: Sticky Web\n|-fail|p2a: Registeel|unboost|[from] ability: Clear Body|[of] p2a: Registeel\n|turn|6\n|c|\u2606fnldlmzzs|It doesnt deal anywhere near enough dmg lol\n|inactive|Blake-Mamba has 90 seconds left.\n|c|\u2606Blake-Mamba|Not saying it woulda koed. I just think it would\u2019ve been cool and the chip would be nice lol\n|c|\u2606fnldlmzzs|True true\n|c|\u2606Blake-Mamba|Regigigas sucks no denying that XD\n|\n|t:|1700032549\n|move|p1a: Yveltal|Taunt|p2a: Registeel\n|-start|p2a: Registeel|move: Taunt\n|cant|p2a: Registeel|move: Taunt|Stealth Rock\n|\n|upkeep\n|turn|7\n|\n|t:|1700032554\n|move|p1a: Yveltal|Dark Pulse|p2a: Registeel\n|-damage|p2a: Registeel|54\/100\n|-damage|p1a: Yveltal|71\/100|[from] item: Life Orb\n|move|p2a: Registeel|Thunderbolt|p1a: Yveltal\n|-supereffective|p1a: Yveltal\n|-damage|p1a: Yveltal|14\/100\n|-damage|p2a: Registeel|44\/100|[from] item: Life Orb\n|\n|upkeep\n|turn|8\n|\n|t:|1700032564\n|switch|p2a: Regice|Regice|100\/100\n|-activate|p2a: Regice|move: Sticky Web\n|-fail|p2a: Regice|unboost|[from] ability: Clear Body|[of] p2a: Regice\n|move|p1a: Yveltal|Dark Pulse|p2a: Regice\n|-damage|p2a: Regice|78\/100\n|-damage|p1a: Yveltal|4\/100|[from] item: Life Orb\n|\n|upkeep\n|turn|9\n|\n|t:|1700032575\n|move|p1a: Yveltal|Sucker Punch|p2a: Regice\n|-damage|p2a: Regice|27\/100\n|-damage|p1a: Yveltal|0 fnt|[from] item: Life Orb\n|faint|p1a: Yveltal\n|move|p2a: Regice|Ancient Power|p1: Yveltal|[notarget]\n|-fail|p2a: Regice\n|\n|upkeep\n|c|\u2606fnldlmzzs|Man life orb SE hit\n|c|\u2606fnldlmzzs|Less than 57\n|c|\u2606fnldlmzzs|The regies need the buff the most imo lol\n|c|\u2606fnldlmzzs|Instead of adding more of them lmao\n|c|\u2606Blake-Mamba|Regis don\u2019t do much but they are tanks\n|inactive|fnldlmzzs has 120 seconds left.\n|\n|t:|1700032607\n|switch|p1a: Necrozma|Necrozma-Dawn-Wings|100\/100\n|turn|10\n|\n|t:|1700032611\n|move|p1a: Necrozma|Stealth Rock|p2a: Regice\n|-sidestart|p2: Blake-Mamba|move: Stealth Rock\n|move|p2a: Regice|Ice Beam|p1a: Necrozma\n|-damage|p1a: Necrozma|65\/100\n|\n|upkeep\n|turn|11\n|\n|t:|1700032616\n|move|p1a: Necrozma|Swords Dance|p1a: Necrozma\n|-boost|p1a: Necrozma|atk|2\n|move|p2a: Regice|Ice Beam|p1a: Necrozma\n|-damage|p1a: Necrozma|30\/100\n|\n|upkeep\n|turn|12\n|\n|t:|1700032623\n|detailschange|p1a: Necrozma|Necrozma-Ultra\n|-burst|p1a: Necrozma|Necrozma|Ultranecrozium Z\n|move|p1a: Necrozma|Photon Geyser|p2a: Regice\n|-crit|p2a: Regice\n|-damage|p2a: Regice|0 fnt\n|faint|p2a: Regice\n|\n|upkeep\n|\n|t:|1700032632\n|switch|p2a: Regirock|Regirock|100\/100\n|-activate|p2a: Regirock|move: Sticky Web\n|-fail|p2a: Regirock|unboost|[from] ability: Clear Body|[of] p2a: Regirock\n|-damage|p2a: Regirock|88\/100|[from] Stealth Rock\n|turn|13\n|\n|t:|1700032639\n|-zpower|p1a: Necrozma\n|move|p1a: Necrozma|Light That Burns the Sky|p2a: Regirock|[zeffect]\n|-damage|p2a: Regirock|0 fnt\n|faint|p2a: Regirock\n|\n|upkeep\n|c|\u2606fnldlmzzs|I guess not even 200 def\n|\n|t:|1700032649\n|switch|p2a: Regidrago|Regidrago|100\/100\n|-activate|p2a: Regidrago|move: Sticky Web\n|-unboost|p2a: Regidrago|spe|1\n|-damage|p2a: Regidrago|88\/100|[from] Stealth Rock\n|turn|14\n|c|\u2606fnldlmzzs|Can save rock from the 400 power base move\n|c|\u2606fnldlmzzs|Lol\n|\n|t:|1700032662\n|move|p1a: Necrozma|Photon Geyser|p2a: Regidrago\n|-damage|p2a: Regidrago|0 fnt\n|faint|p2a: Regidrago\n|\n|upkeep\n|inactive|Blake-Mamba has 90 seconds left.\n|c|\u2606Blake-Mamba|It has before I genuinely think stealth rock mattered believe it or not XD\n|c|\u2606fnldlmzzs|Ggwp!\n|c|\u2606Blake-Mamba|gg tho you too !\n|c|\u2606fnldlmzzs|Could be lol\n|\n|t:|1700032695\n|switch|p2a: Registeel|Registeel|44\/100\n|-activate|p2a: Registeel|move: Sticky Web\n|-fail|p2a: Registeel|unboost|[from] ability: Clear Body|[of] p2a: Registeel\n|-damage|p2a: Registeel|38\/100|[from] Stealth Rock\n|turn|15\n|c|\u2606fnldlmzzs|I wouldnt go as far as being sure it didnt matter\n|c|\u2606fnldlmzzs|200 def is a thing after all\n|c|\u2606fnldlmzzs|Lol\n|\n|t:|1700032718\n|move|p1a: Necrozma|Earthquake|p2a: Registeel\n|-supereffective|p2a: Registeel\n|-damage|p2a: Registeel|0 fnt\n|faint|p2a: Registeel\n|\n|upkeep\n|\n|t:|1700032727\n|switch|p2a: Regieleki|Regieleki|100\/100\n|-activate|p2a: Regieleki|move: Sticky Web\n|-unboost|p2a: Regieleki|spe|1\n|-damage|p2a: Regieleki|88\/100|[from] Stealth Rock\n|turn|16\n|c|\u2606fnldlmzzs|Especially if you're invested xD\n|inactive|Blake-Mamba has 90 seconds left.\n|\n|t:|1700032734\n|-terastallize|p2a: Regieleki|Ice\n|move|p1a: Necrozma|Photon Geyser|p2a: Regieleki\n|-damage|p2a: Regieleki|0 fnt\n|faint|p2a: Regieleki\n|\n|win|fnldlmzzs\n|raw|fnldlmzzs's rating: 1347 &rarr; <strong>1366<\/strong><br \/>(+19 for winning)\n|raw|Blake-Mamba's rating: 1332 &rarr; <strong>1313<\/strong><br \/>(-19 for losing)\n|c|\u2606fnldlmzzs|Gg!\n|c|\u2606Blake-Mamba|Gg !\n|l|\u2606fnldlmzzs\n","uploadtime":1700032746,"views":6,"p1id":"fnldlmzzs","p2id":"blakemamba","formatid":"gen9nationaldexubers","rating":1313,"private":0,"password":""}