{"id":"gen9nationaldexubers-1982489730","p1":"DavyCricket","p2":"Ghhjhghjgij","format":"[Gen 9] National Dex Ubers","log":"|j|\u2606DavyCricket\n|j|\u2606Ghhjhghjgij\n|t:|1699019694\n|gametype|singles\n|player|p1|DavyCricket|1|1062\n|player|p2|Ghhjhghjgij|eusine|1063\n|teamsize|p1|6\n|teamsize|p2|6\n|gen|9\n|tier|[Gen 9] National Dex Ubers\n|rated|\n|rule|HP Percentage Mod: HP is shown in percentages\n|rule|Endless Battle Clause: Forcing endless battles is banned\n|rule|OHKO Clause: OHKO moves are banned\n|rule|Evasion Moves Clause: Evasion moves are banned\n|rule|Evasion Items Clause: Evasion items are banned\n|rule|Species Clause: Limit one of each Pok\u00e9mon\n|rule|Sleep Clause Mod: Limit one foe put to sleep\n|rule|Mega Rayquaza Clause: You cannot mega evolve Rayquaza\n|clearpoke\n|poke|p1|Charizard, M|\n|poke|p1|Nidoking, M|\n|poke|p1|Pikachu, F|\n|poke|p1|Gengar, M|\n|poke|p1|Lapras, F|\n|poke|p1|Dragonite, M|\n|poke|p2|Necrozma-Dusk-Mane|\n|poke|p2|Melmetal|\n|poke|p2|Naganadel|\n|poke|p2|Zygarde|\n|poke|p2|Groudon|\n|poke|p2|Kyogre|\n|teampreview\n|\n|t:|1699019702\n|start\n|switch|p1a: Dorrie|Lapras, F|100\/100\n|switch|p2a: Melmetal|Melmetal, shiny|100\/100\n|turn|1\n|\n|t:|1699019708\n|switch|p1a: Charlie|Charizard, M|100\/100\n|move|p2a: Melmetal|Double Iron Bash|p1a: Charlie\n|-resisted|p1a: Charlie\n|-damage|p1a: Charlie|73\/100\n|-resisted|p1a: Charlie\n|-damage|p1a: Charlie|45\/100\n|-hitcount|p1a: Charlie|2\n|\n|upkeep\n|turn|2\n|inactive|Battle timer is ON: inactive players will automatically lose when time's up. (requested by DavyCricket)\n|c|\u2606DavyCricket|cmon full legend team\n|\n|t:|1699019770\n|detailschange|p1a: Charlie|Charizard-Mega-X, M\n|-mega|p1a: Charlie|Charizard|Charizardite X\n|move|p1a: Charlie|Flare Blitz|p2a: Melmetal\n|-supereffective|p2a: Melmetal\n|-damage|p2a: Melmetal|8\/100\n|-status|p2a: Melmetal|brn\n|-damage|p1a: Charlie|0 fnt|[from] Recoil\n|faint|p1a: Charlie\n|move|p2a: Melmetal|Earthquake|p1: Charlie|[notarget]\n|-fail|p2a: Melmetal\n|\n|-damage|p2a: Melmetal|2\/100 brn|[from] brn\n|upkeep\n|\n|t:|1699019779\n|switch|p1a: Pea|Pikachu, F|100\/100\n|turn|3\n|inactive|Ghhjhghjgij has 120 seconds left.\n|inactive|Ghhjhghjgij has 90 seconds left.\n|\n|t:|1699019844\n|move|p1a: Pea|Surf|p2a: Melmetal\n|-damage|p2a: Melmetal|0 fnt\n|faint|p2a: Melmetal\n|\n|upkeep\n|inactive|Ghhjhghjgij has 90 seconds left.\n|\n|t:|1699019849\n|switch|p2a: Naganadel|Naganadel|100\/100\n|turn|4\n|\n|t:|1699019858\n|switch|p1a: Dorrie|Lapras, F|100\/100\n|move|p2a: Naganadel|Fire Blast|p1a: Dorrie\n|-damage|p1a: Dorrie|78\/100\n|\n|-heal|p1a: Dorrie|84\/100|[from] item: Leftovers\n|upkeep\n|turn|5\n|\n|t:|1699019865\n|move|p2a: Naganadel|Poison Jab|p1a: Dorrie\n|-damage|p1a: Dorrie|61\/100\n|-status|p1a: Dorrie|psn\n|move|p1a: Dorrie|Ice Beam|p2a: Naganadel\n|-supereffective|p2a: Naganadel\n|-damage|p2a: Naganadel|20\/100\n|\n|-heal|p1a: Dorrie|67\/100 psn|[from] item: Leftovers\n|-damage|p1a: Dorrie|54\/100 psn|[from] psn\n|upkeep\n|turn|6\n|\n|t:|1699019875\n|move|p2a: Naganadel|Poison Jab|p1a: Dorrie\n|-damage|p1a: Dorrie|31\/100 psn\n|move|p1a: Dorrie|Freeze-Dry|p2a: Naganadel\n|-supereffective|p2a: Naganadel\n|-damage|p2a: Naganadel|0 fnt\n|faint|p2a: Naganadel\n|\n|-heal|p1a: Dorrie|37\/100 psn|[from] item: Leftovers\n|-damage|p1a: Dorrie|25\/100 psn|[from] psn\n|upkeep\n|\n|t:|1699019882\n|switch|p2a: Kyogre|Kyogre, shiny|100\/100\n|detailschange|p2a: Kyogre|Kyogre-Primal, shiny\n|-primal|p2a: Kyogre|Blue Orb\n|-weather|PrimordialSea|[from] ability: Primordial Sea|[of] p2a: Kyogre\n|turn|7\n|\n|t:|1699019889\n|switch|p1a: Brutus|Nidoking, M|100\/100\n|move|p2a: Kyogre|Origin Pulse|p1a: Brutus\n|-supereffective|p1a: Brutus\n|-damage|p1a: Brutus|0 fnt\n|faint|p1a: Brutus\n|\n|-weather|PrimordialSea|[upkeep]\n|upkeep\n|\n|t:|1699019894\n|switch|p1a: Dorrie|Lapras, F|25\/100 psn\n|turn|8\n|\n|t:|1699019898\n|move|p2a: Kyogre|Origin Pulse|p1a: Dorrie\n|-heal|p1a: Dorrie|50\/100 psn|[from] ability: Water Absorb|[of] p2a: Kyogre\n|move|p1a: Dorrie|Freeze-Dry|p2a: Kyogre\n|-supereffective|p2a: Kyogre\n|-damage|p2a: Kyogre|71\/100\n|\n|-weather|PrimordialSea|[upkeep]\n|-heal|p1a: Dorrie|56\/100 psn|[from] item: Leftovers\n|-damage|p1a: Dorrie|43\/100 psn|[from] psn\n|upkeep\n|turn|9\n|\n|t:|1699019910\n|move|p2a: Kyogre|Blizzard|p1a: Dorrie\n|-resisted|p1a: Dorrie\n|-damage|p1a: Dorrie|36\/100 psn\n|move|p1a: Dorrie|Freeze-Dry|p2a: Kyogre\n|-supereffective|p2a: Kyogre\n|-damage|p2a: Kyogre|43\/100\n|\n|-weather|PrimordialSea|[upkeep]\n|-heal|p1a: Dorrie|42\/100 psn|[from] item: Leftovers\n|-damage|p1a: Dorrie|30\/100 psn|[from] psn\n|upkeep\n|turn|10\n|\n|t:|1699019920\n|move|p2a: Kyogre|Earthquake|p1a: Dorrie\n|-damage|p1a: Dorrie|0 fnt\n|faint|p1a: Dorrie\n|\n|-weather|PrimordialSea|[upkeep]\n|upkeep\n|\n|t:|1699019925\n|switch|p1a: Pea|Pikachu, F|100\/100\n|turn|11\n|\n|t:|1699019933\n|move|p1a: Pea|Thunderbolt|p2a: Kyogre\n|-supereffective|p2a: Kyogre\n|-damage|p2a: Kyogre|0 fnt\n|faint|p2a: Kyogre\n|-weather|none\n|\n|upkeep\n|\n|t:|1699019939\n|switch|p2a: Groudon|Groudon, shiny|100\/100\n|detailschange|p2a: Groudon|Groudon-Primal, shiny\n|-primal|p2a: Groudon|Red Orb\n|-weather|DesolateLand|[from] ability: Desolate Land|[of] p2a: Groudon\n|turn|12\n|\n|t:|1699019946\n|switch|p1a: Roy|Gengar, M|100\/100\n|-item|p1a: Roy|Air Balloon\n|move|p2a: Groudon|Precipice Blades|p1a: Roy\n|-immune|p1a: Roy\n|\n|-weather|DesolateLand|[upkeep]\n|upkeep\n|turn|13\n|\n|t:|1699019955\n|-terastallize|p1a: Roy|Ghost\n|move|p1a: Roy|Shadow Ball|p2a: Groudon\n|-damage|p2a: Groudon|46\/100\n|move|p2a: Groudon|Hammer Arm|p1a: Roy\n|-immune|p1a: Roy\n|\n|-weather|DesolateLand|[upkeep]\n|upkeep\n|turn|14\n|\n|t:|1699019965\n|move|p1a: Roy|Shadow Ball|p2a: Groudon\n|-damage|p2a: Groudon|0 fnt\n|faint|p2a: Groudon\n|-weather|none\n|\n|upkeep\n|\n|t:|1699019971\n|switch|p2a: Zygarde|Zygarde, shiny|100\/100\n|turn|15\n|\n|t:|1699019976\n|move|p1a: Roy|Nasty Plot|p1a: Roy\n|-boost|p1a: Roy|spa|2\n|-zpower|p2a: Zygarde\n|move|p2a: Zygarde|Tectonic Rage|p1a: Roy|[zeffect]\n|-immune|p1a: Roy\n|\n|upkeep\n|turn|16\n|\n|t:|1699019986\n|move|p1a: Roy|Shadow Ball|p2a: Zygarde\n|-damage|p2a: Zygarde|9\/100\n|move|p2a: Zygarde|Thousand Arrows|p1a: Roy\n|-damage|p1a: Roy|25\/100\n|-start|p2a: Zygarde|Disable|Thousand Arrows|[from] ability: Cursed Body|[of] p1a: Roy\n|-enditem|p1a: Roy|Air Balloon\n|\n|-activate|p2a: Zygarde|ability: Power Construct\n|detailschange|p2a: Zygarde|Zygarde-Complete, shiny\n|-heal|p2a: Zygarde|40\/100|[silent]\n|upkeep\n|turn|17\n|\n|t:|1699019998\n|move|p2a: Zygarde|Protect|p2a: Zygarde\n|-singleturn|p2a: Zygarde|Protect\n|move|p1a: Roy|Shadow Ball|p2a: Zygarde\n|-activate|p2a: Zygarde|move: Protect\n|\n|upkeep\n|turn|18\n|c|\u2606DavyCricket|>:)\n|\n|t:|1699020008\n|move|p1a: Roy|Shadow Ball|p2a: Zygarde\n|-damage|p2a: Zygarde|0 fnt\n|faint|p2a: Zygarde\n|\n|upkeep\n|\n|t:|1699020012\n|switch|p2a: Necrozma|Necrozma-Dusk-Mane, shiny|100\/100\n|turn|19\n|\n|t:|1699020018\n|detailschange|p2a: Necrozma|Necrozma-Ultra, shiny\n|-burst|p2a: Necrozma|Necrozma|Ultranecrozium Z\n|move|p1a: Roy|Shadow Ball|p2a: Necrozma\n|-supereffective|p2a: Necrozma\n|-damage|p2a: Necrozma|0 fnt\n|faint|p2a: Necrozma\n|\n|win|DavyCricket\n|raw|DavyCricket's rating: 1062 &rarr; <strong>1095<\/strong><br \/>(+33 for winning)\n|raw|Ghhjhghjgij's rating: 1093 &rarr; <strong>1067<\/strong><br \/>(-26 for losing)\n","uploadtime":1699020026,"views":7,"p1id":"davycricket","p2id":"ghhjhghjgij","formatid":"gen9nationaldexubers","rating":1067,"private":0,"password":""}