{"id":"gen9nationaldexubers-1994012998","p1":"Jcixjshsjs","p2":"COMBAT-MODE\ufe0f\u26a0\ufe0f","format":"[Gen 9] National Dex Ubers","log":"|j|\u2606Jcixjshsjs\n|j|\u2606COMBAT-MODE\ufe0f\u26a0\ufe0f\n|t:|1700393485\n|gametype|singles\n|player|p1|Jcixjshsjs|elesa|1000\n|player|p2|COMBAT-MODE\ufe0f\u26a0\ufe0f|battlegirl-gen6|1019\n|teamsize|p1|6\n|teamsize|p2|6\n|gen|9\n|tier|[Gen 9] National Dex Ubers\n|rated|\n|rule|HP Percentage Mod: HP is shown in percentages\n|rule|Endless Battle Clause: Forcing endless battles is banned\n|rule|OHKO Clause: OHKO moves are banned\n|rule|Evasion Moves Clause: Evasion moves are banned\n|rule|Evasion Items Clause: Evasion items are banned\n|rule|Species Clause: Limit one of each Pok\u00e9mon\n|rule|Sleep Clause Mod: Limit one foe put to sleep\n|rule|Mega Rayquaza Clause: You cannot mega evolve Rayquaza\n|clearpoke\n|poke|p1|Garchomp, F|\n|poke|p1|Roserade, M|\n|poke|p1|Spiritomb, F|\n|poke|p1|Lucario, M|\n|poke|p1|Milotic, M|\n|poke|p1|Togekiss, M|\n|poke|p2|Infernape, M|\n|poke|p2|Hitmontop, M|\n|poke|p2|Gallade, M|\n|poke|p2|Flamigo, M|\n|poke|p2|Silvally-*|\n|poke|p2|Mienshao, F|\n|teampreview\n|inactive|Battle timer is ON: inactive players will automatically lose when time's up. (requested by Jcixjshsjs)\n|\n|t:|1700393494\n|start\n|switch|p1a: Spiritomb|Spiritomb, F|100\/100\n|switch|p2a: \ud83d\udca2SIMIAN PRIME\ud83d\udca2\ud83d\ude21|Infernape, M, shiny|100\/100\n|turn|1\n|\n|t:|1700393505\n|switch|p2a: \ud83d\udca2FLAMIGO\ud83d\udca2\ud83e\udda9=\ud83d\udc4a?|Flamigo, M, shiny|100\/100\n|move|p1a: Spiritomb|Trick|p2a: \ud83d\udca2FLAMIGO\ud83d\udca2\ud83e\udda9=\ud83d\udc4a?\n|-activate|p1a: Spiritomb|move: Trick|[of] p2a: \ud83d\udca2FLAMIGO\ud83d\udca2\ud83e\udda9=\ud83d\udc4a?\n|-item|p2a: \ud83d\udca2FLAMIGO\ud83d\udca2\ud83e\udda9=\ud83d\udc4a?|Choice Band|[from] move: Trick\n|-item|p1a: Spiritomb|Heavy-Duty Boots|[from] move: Trick\n|\n|upkeep\n|turn|2\n|\n|t:|1700393515\n|move|p2a: \ud83d\udca2FLAMIGO\ud83d\udca2\ud83e\udda9=\ud83d\udc4a?|Close Combat|p1a: Spiritomb\n|-supereffective|p1a: Spiritomb\n|-damage|p1a: Spiritomb|0 fnt\n|-unboost|p2a: \ud83d\udca2FLAMIGO\ud83d\udca2\ud83e\udda9=\ud83d\udc4a?|def|1\n|-unboost|p2a: \ud83d\udca2FLAMIGO\ud83d\udca2\ud83e\udda9=\ud83d\udc4a?|spd|1\n|faint|p1a: Spiritomb\n|\n|upkeep\n|\n|t:|1700393526\n|switch|p1a: Togekiss|Togekiss, M|100\/100\n|turn|3\n|inactive|Jcixjshsjs has 120 seconds left.\n|\n|t:|1700393559\n|move|p2a: \ud83d\udca2FLAMIGO\ud83d\udca2\ud83e\udda9=\ud83d\udc4a?|Close Combat|p1a: Togekiss\n|-resisted|p1a: Togekiss\n|-damage|p1a: Togekiss|76\/100\n|-unboost|p2a: \ud83d\udca2FLAMIGO\ud83d\udca2\ud83e\udda9=\ud83d\udc4a?|def|1\n|-unboost|p2a: \ud83d\udca2FLAMIGO\ud83d\udca2\ud83e\udda9=\ud83d\udc4a?|spd|1\n|move|p1a: Togekiss|Dazzling Gleam|p2a: \ud83d\udca2FLAMIGO\ud83d\udca2\ud83e\udda9=\ud83d\udc4a?\n|-supereffective|p2a: \ud83d\udca2FLAMIGO\ud83d\udca2\ud83e\udda9=\ud83d\udc4a?\n|-damage|p2a: \ud83d\udca2FLAMIGO\ud83d\udca2\ud83e\udda9=\ud83d\udc4a?|0 fnt\n|faint|p2a: \ud83d\udca2FLAMIGO\ud83d\udca2\ud83e\udda9=\ud83d\udc4a?\n|\n|upkeep\n|\n|t:|1700393574\n|switch|p2a: MyKUNG FU=TRUE\ud83e\udd1a\ud83d\ude0c|Mienshao, F, shiny|100\/100\n|turn|4\n|inactive|Jcixjshsjs has 120 seconds left.\n|\n|t:|1700393600\n|move|p2a: MyKUNG FU=TRUE\ud83e\udd1a\ud83d\ude0c|Fake Out|p1a: Togekiss\n|-damage|p1a: Togekiss|60\/100\n|cant|p1a: Togekiss|flinch\n|\n|upkeep\n|turn|5\n|\n|t:|1700393609\n|move|p2a: MyKUNG FU=TRUE\ud83e\udd1a\ud83d\ude0c|Detect|p2a: MyKUNG FU=TRUE\ud83e\udd1a\ud83d\ude0c\n|-singleturn|p2a: MyKUNG FU=TRUE\ud83e\udd1a\ud83d\ude0c|Protect\n|move|p1a: Togekiss|Dazzling Gleam|p2a: MyKUNG FU=TRUE\ud83e\udd1a\ud83d\ude0c\n|-activate|p2a: MyKUNG FU=TRUE\ud83e\udd1a\ud83d\ude0c|move: Protect\n|\n|upkeep\n|turn|6\n|inactive|Jcixjshsjs has 120 seconds left.\n|\n|t:|1700393620\n|-zpower|p2a: MyKUNG FU=TRUE\ud83e\udd1a\ud83d\ude0c\n|move|p2a: MyKUNG FU=TRUE\ud83e\udd1a\ud83d\ude0c|All-Out Pummeling|p1a: Togekiss|[zeffect]\n|-resisted|p1a: Togekiss\n|-damage|p1a: Togekiss|33\/100\n|move|p1a: Togekiss|Dazzling Gleam|p2a: MyKUNG FU=TRUE\ud83e\udd1a\ud83d\ude0c\n|-supereffective|p2a: MyKUNG FU=TRUE\ud83e\udd1a\ud83d\ude0c\n|-damage|p2a: MyKUNG FU=TRUE\ud83e\udd1a\ud83d\ude0c|0 fnt\n|faint|p2a: MyKUNG FU=TRUE\ud83e\udd1a\ud83d\ude0c\n|\n|upkeep\n|\n|t:|1700393633\n|switch|p2a: \ud83d\udca2SIMIAN PRIME\ud83d\udca2\ud83d\ude21|Infernape, M, shiny|100\/100\n|turn|7\n|\n|t:|1700393637\n|switch|p1a: Milotic|Milotic, M|100\/100\n|move|p2a: \ud83d\udca2SIMIAN PRIME\ud83d\udca2\ud83d\ude21|Focus Energy|p2a: \ud83d\udca2SIMIAN PRIME\ud83d\udca2\ud83d\ude21\n|-start|p2a: \ud83d\udca2SIMIAN PRIME\ud83d\udca2\ud83d\ude21|move: Focus Energy\n|\n|upkeep\n|turn|8\n|inactive|Jcixjshsjs has 120 seconds left.\n|\n|t:|1700393671\n|-terastallize|p2a: \ud83d\udca2SIMIAN PRIME\ud83d\udca2\ud83d\ude21|Fighting\n|move|p2a: \ud83d\udca2SIMIAN PRIME\ud83d\udca2\ud83d\ude21|Close Combat|p1a: Milotic\n|-crit|p1a: Milotic\n|-damage|p1a: Milotic|0 fnt\n|-unboost|p2a: \ud83d\udca2SIMIAN PRIME\ud83d\udca2\ud83d\ude21|def|1\n|-unboost|p2a: \ud83d\udca2SIMIAN PRIME\ud83d\udca2\ud83d\ude21|spd|1\n|faint|p1a: Milotic\n|\n|upkeep\n|\n|t:|1700393685\n|switch|p1a: Togekiss|Togekiss, M|33\/100\n|turn|9\n|\n|t:|1700393690\n|move|p2a: \ud83d\udca2SIMIAN PRIME\ud83d\udca2\ud83d\ude21|Close Combat|p1a: Togekiss\n|-resisted|p1a: Togekiss\n|-crit|p1a: Togekiss\n|-damage|p1a: Togekiss|5\/100\n|-unboost|p2a: \ud83d\udca2SIMIAN PRIME\ud83d\udca2\ud83d\ude21|def|1\n|-unboost|p2a: \ud83d\udca2SIMIAN PRIME\ud83d\udca2\ud83d\ude21|spd|1\n|move|p1a: Togekiss|Air Slash|p2a: \ud83d\udca2SIMIAN PRIME\ud83d\udca2\ud83d\ude21\n|-supereffective|p2a: \ud83d\udca2SIMIAN PRIME\ud83d\udca2\ud83d\ude21\n|-damage|p2a: \ud83d\udca2SIMIAN PRIME\ud83d\udca2\ud83d\ude21|0 fnt\n|faint|p2a: \ud83d\udca2SIMIAN PRIME\ud83d\udca2\ud83d\ude21\n|\n|upkeep\n|\n|t:|1700393703\n|switch|p2a: SILVALLY-COMBAT\ud83d\udc4a|Silvally-Fighting|100\/100\n|turn|10\n|\n|t:|1700393712\n|move|p2a: SILVALLY-COMBAT\ud83d\udc4a|Flame Charge|p1a: Togekiss\n|-damage|p1a: Togekiss|0 fnt\n|-boost|p2a: SILVALLY-COMBAT\ud83d\udc4a|spe|1\n|faint|p1a: Togekiss\n|\n|upkeep\n|\n|t:|1700393721\n|switch|p1a: Garchomp|Garchomp, F|100\/100\n|turn|11\n|\n|t:|1700393726\n|detailschange|p1a: Garchomp|Garchomp-Mega, F\n|-mega|p1a: Garchomp|Garchomp|Garchompite\n|move|p2a: SILVALLY-COMBAT\ud83d\udc4a|Swords Dance|p2a: SILVALLY-COMBAT\ud83d\udc4a\n|-boost|p2a: SILVALLY-COMBAT\ud83d\udc4a|atk|2\n|move|p1a: Garchomp|Dragon Claw|p2a: SILVALLY-COMBAT\ud83d\udc4a\n|-damage|p2a: SILVALLY-COMBAT\ud83d\udc4a|44\/100\n|\n|upkeep\n|turn|12\n|\n|t:|1700393747\n|move|p2a: SILVALLY-COMBAT\ud83d\udc4a|Multi-Attack|p1a: Garchomp\n|-damage|p1a: Garchomp|5\/100\n|move|p1a: Garchomp|Dragon Claw|p2a: SILVALLY-COMBAT\ud83d\udc4a\n|-damage|p2a: SILVALLY-COMBAT\ud83d\udc4a|0 fnt\n|faint|p2a: SILVALLY-COMBAT\ud83d\udc4a\n|\n|upkeep\n|\n|t:|1700393758\n|switch|p2a: \ud83d\udca2GALLADE\ud83d\udca2\ud83d\udc4a|Gallade, M, shiny|100\/100\n|turn|13\n|\n|t:|1700393767\n|detailschange|p2a: \ud83d\udca2GALLADE\ud83d\udca2\ud83d\udc4a|Gallade-Mega, M, shiny\n|-mega|p2a: \ud83d\udca2GALLADE\ud83d\udca2\ud83d\udc4a|Gallade|Galladite\n|move|p2a: \ud83d\udca2GALLADE\ud83d\udca2\ud83d\udc4a|Power-Up Punch|p1a: Garchomp\n|-damage|p1a: Garchomp|0 fnt\n|-boost|p2a: \ud83d\udca2GALLADE\ud83d\udca2\ud83d\udc4a|atk|1\n|faint|p1a: Garchomp\n|\n|upkeep\n|\n|t:|1700393785\n|switch|p1a: Lucario|Lucario, M|100\/100\n|turn|14\n|\n|t:|1700393789\n|move|p2a: \ud83d\udca2GALLADE\ud83d\udca2\ud83d\udc4a|Close Combat|p1a: Lucario\n|-supereffective|p1a: Lucario\n|-damage|p1a: Lucario|0 fnt\n|-unboost|p2a: \ud83d\udca2GALLADE\ud83d\udca2\ud83d\udc4a|def|1\n|-unboost|p2a: \ud83d\udca2GALLADE\ud83d\udca2\ud83d\udc4a|spd|1\n|faint|p1a: Lucario\n|\n|upkeep\n|inactive|Jcixjshsjs has 120 seconds left.\n|l|\u2606Jcixjshsjs\n|inactive|Jcixjshsjs disconnected and has a minute to reconnect!\n|player|p1|\n|inactive|Jcixjshsjs has 30 seconds to reconnect!\n|c|\u2606COMBAT-MODE\ufe0f\u26a0\ufe0f|Fuckin moron\n|inactive|Jcixjshsjs has 20 seconds to reconnect!\n|inactive|Jcixjshsjs has 15 seconds to reconnect!\n|inactive|Jcixjshsjs has 10 seconds to reconnect!\n|inactive|Jcixjshsjs has 5 seconds to reconnect!\n|-message|Jcixjshsjs lost due to inactivity.\n|\n|win|COMBAT-MODE\ufe0f\u26a0\ufe0f\n|raw|Jcixjshsjs's rating: 1000 &rarr; <strong>1000<\/strong><br \/>(+0 for losing)\n|raw|COMBAT-MODE\ufe0f\u26a0\ufe0f's rating: 1019 &rarr; <strong>1054<\/strong><br \/>(+35 for winning)\n","uploadtime":1700393860,"views":5,"p1id":"jcixjshsjs","p2id":"combatmode","formatid":"gen9nationaldexubers","rating":1000,"private":0,"password":""}