{"id":"gen9nationaldexubers-1981098793","p1":"DrArkane15","p2":"Neosouls","format":"[Gen 9] National Dex Ubers","log":"|j|\u2606DrArkane15\n|j|\u2606Neosouls\n|t:|1698863436\n|gametype|singles\n|player|p1|DrArkane15|cyrus|\n|player|p2|Neosouls|266|\n|teamsize|p1|6\n|teamsize|p2|3\n|gen|9\n|tier|[Gen 9] National Dex Ubers\n|rule|HP Percentage Mod: HP is shown in percentages\n|rule|Endless Battle Clause: Forcing endless battles is banned\n|rule|OHKO Clause: OHKO moves are banned\n|rule|Evasion Moves Clause: Evasion moves are banned\n|rule|Evasion Items Clause: Evasion items are banned\n|rule|Species Clause: Limit one of each Pok\u00e9mon\n|rule|Sleep Clause Mod: Limit one foe put to sleep\n|rule|Mega Rayquaza Clause: You cannot mega evolve Rayquaza\n|clearpoke\n|poke|p1|Monferno, L22, M|\n|poke|p1|Staravia, L22, F|\n|poke|p1|Taillow, L20, F|\n|poke|p1|Luxio, L19, M|\n|poke|p1|Bulbasaur, L13, M|\n|poke|p1|Pumpkaboo-*, L18, F|\n|poke|p2|Pinsir, L20, F|\n|poke|p2|Accelgor, L18, F|\n|poke|p2|Scyther, L16, F|\n|teampreview\n|\n|t:|1698863451\n|start\n|switch|p1a: Taillow|Taillow, L20, F|100\/100\n|switch|p2a: Accelgor|Accelgor, L18, F|100\/100\n|turn|1\n|j| Half_A_Ako\n|\n|t:|1698863472\n|move|p2a: Accelgor|Water Shuriken|p1a: Taillow\n|-damage|p1a: Taillow|89\/100\n|-damage|p1a: Taillow|75\/100\n|-damage|p1a: Taillow|62\/100\n|-damage|p1a: Taillow|47\/100\n|-hitcount|p1a: Taillow|4\n|move|p1a: Taillow|Aerial Ace|p2a: Accelgor\n|-supereffective|p2a: Accelgor\n|-damage|p2a: Accelgor|0 fnt\n|faint|p2a: Accelgor\n|\n|upkeep\n|\n|t:|1698863484\n|switch|p2a: Scyther|Scyther, L16, F|100\/100\n|turn|2\n|c|\u2606DrArkane15|VOILA NIRONDELLE\n|\n|t:|1698863496\n|move|p1a: Taillow|Aerial Ace|p2a: Scyther\n|-supereffective|p2a: Scyther\n|-damage|p2a: Scyther|21\/100\n|move|p2a: Scyther|Fury Cutter|p1a: Taillow\n|-resisted|p1a: Taillow\n|-damage|p1a: Taillow|18\/100\n|\n|upkeep\n|turn|3\n|\n|t:|1698863506\n|move|p1a: Taillow|Wing Attack|p2a: Scyther\n|-supereffective|p2a: Scyther\n|-damage|p2a: Scyther|0 fnt\n|faint|p2a: Scyther\n|\n|upkeep\n|\n|t:|1698863511\n|switch|p2a: Pinsir|Pinsir, L20, F|100\/100\n|-ability|p2a: Pinsir|Mold Breaker\n|turn|4\n|\n|t:|1698863519\n|move|p2a: Pinsir|Seismic Toss|p1a: Taillow\n|-damage|p1a: Taillow|0 fnt\n|faint|p1a: Taillow\n|\n|upkeep\n|\n|t:|1698863526\n|switch|p1a: Staravia|Staravia, L22, F|100\/100\n|-ability|p1a: Staravia|Intimidate|boost\n|-unboost|p2a: Pinsir|atk|1\n|turn|5\n|\n|t:|1698863535\n|move|p1a: Staravia|Wing Attack|p2a: Pinsir\n|-supereffective|p2a: Pinsir\n|-damage|p2a: Pinsir|39\/100\n|move|p2a: Pinsir|Storm Throw|p1a: Staravia\n|-crit|p1a: Staravia\n|-damage|p1a: Staravia|35\/100\n|\n|upkeep\n|turn|6\n|\n|t:|1698863543\n|move|p1a: Staravia|Wing Attack|p2a: Pinsir\n|-supereffective|p2a: Pinsir\n|-damage|p2a: Pinsir|0 fnt\n|faint|p2a: Pinsir\n|\n|win|DrArkane15\n","uploadtime":1698863550,"views":8,"p1id":"drarkane15","p2id":"neosouls","formatid":"gen9nationaldexubers","rating":0,"private":0,"password":""}