{"id":"gen9nationaldexubers-1982965239","p1":"medi34","p2":"Riverton Red Sawks","format":"[Gen 9] National Dex Ubers","log":"|j|\u2606medi34\n|j|\u2606Riverton Red Sawks\n|t:|1699064006\n|gametype|singles\n|player|p1|medi34|169|\n|player|p2|Riverton Red Sawks|misty|\n|teamsize|p1|6\n|teamsize|p2|6\n|gen|9\n|tier|[Gen 9] National Dex Ubers\n|rule|HP Percentage Mod: HP is shown in percentages\n|rule|Endless Battle Clause: Forcing endless battles is banned\n|rule|OHKO Clause: OHKO moves are banned\n|rule|Evasion Moves Clause: Evasion moves are banned\n|rule|Evasion Items Clause: Evasion items are banned\n|rule|Species Clause: Limit one of each Pok\u00e9mon\n|rule|Sleep Clause Mod: Limit one foe put to sleep\n|rule|Mega Rayquaza Clause: You cannot mega evolve Rayquaza\n|clearpoke\n|poke|p1|Groudon|\n|poke|p1|Corviknight, F|\n|poke|p1|Skeledirge, M|\n|poke|p1|Meowscarada, M|\n|poke|p1|Sandy Shocks|\n|poke|p1|Florges-White, F|\n|poke|p2|Walking Wake|\n|poke|p2|Garganacl, M|\n|poke|p2|Mawile, M|\n|poke|p2|Tyranitar, M|\n|poke|p2|Tapu Fini|\n|poke|p2|Crobat, M|\n|teampreview\n|c|\u2606Riverton Red Sawks|Lets do this\n|c|\u2606medi34|Heck yeah frenn\n|c|\u2606Riverton Red Sawks|You wana let the league know? Or I can :)\n|c|\u2606medi34|just did!\n|c|\u2606Riverton Red Sawks|King\n|j| Waikiki Woopers\n|\n|t:|1699064082\n|start\n|switch|p1a: meow in boots|Meowscarada, M|100\/100\n|switch|p2a: Crobat|Crobat, M|100\/100\n|turn|1\n|\n|t:|1699064095\n|switch|p1a: steel nuggie|Corviknight, F, shiny|100\/100\n|-ability|p1a: steel nuggie|Pressure\n|move|p2a: Crobat|U-turn|p1a: steel nuggie\n|-resisted|p1a: steel nuggie\n|-damage|p1a: steel nuggie|98\/100\n|-damage|p2a: Crobat|84\/100|[from] item: Rocky Helmet|[of] p1a: steel nuggie\n|\n|t:|1699064110\n|switch|p2a: Walking Wake|Walking Wake|100\/100|[from] U-turn\n|\n|upkeep\n|turn|2\n|\n|t:|1699064135\n|switch|p1a: my ex|Florges-White, F, shiny|100\/100\n|move|p2a: Walking Wake|Flamethrower|p1a: my ex\n|-damage|p1a: my ex|69\/100\n|-status|p1a: my ex|brn\n|\n|-heal|p1a: my ex|75\/100 brn|[from] item: Leftovers\n|-damage|p1a: my ex|69\/100 brn|[from] brn\n|upkeep\n|turn|3\n|c| Waikiki Woopers|that nickname xD\n|c|\u2606medi34|i panicked\n|c|\u2606medi34|lol\n|\n|t:|1699064168\n|-end|p2a: Walking Wake|Protosynthesis|[silent]\n|switch|p2a: Crobat|Crobat, M|84\/100\n|move|p1a: my ex|Chilling Water|p2a: Crobat\n|-damage|p2a: Crobat|67\/100\n|-unboost|p2a: Crobat|atk|1\n|\n|-heal|p1a: my ex|75\/100 brn|[from] item: Leftovers\n|-damage|p1a: my ex|69\/100 brn|[from] brn\n|upkeep\n|turn|4\n|\n|t:|1699064187\n|switch|p1a: dino nuggie|Groudon, shiny|100\/100\n|-weather|SunnyDay|[from] ability: Drought|[of] p1a: dino nuggie\n|move|p2a: Crobat|Roost|p2a: Crobat\n|-heal|p2a: Crobat|100\/100\n|-singleturn|p2a: Crobat|move: Roost\n|\n|-weather|SunnyDay|[upkeep]\n|upkeep\n|turn|5\n|c|\u2606Riverton Red Sawks|got the music going bro. I need the extra hye\n|c|\u2606Riverton Red Sawks|hype\n|c| Waikiki Woopers|this is the way\n|c|\u2606medi34|amen and amen\n|\n|t:|1699064218\n|move|p2a: Crobat|U-turn|p1a: dino nuggie\n|-damage|p1a: dino nuggie|94\/100\n|\n|t:|1699064224\n|switch|p2a: Walking Wake|Walking Wake|100\/100|[from] U-turn\n|-activate|p2a: Walking Wake|ability: Protosynthesis\n|-start|p2a: Walking Wake|protosynthesisspe\n|move|p1a: dino nuggie|Roar|p2a: Walking Wake\n|-end|p2a: Walking Wake|Protosynthesis|[silent]\n|drag|p2a: Mawile|Mawile, M|100\/100\n|-ability|p2a: Mawile|Intimidate|boost\n|-unboost|p1a: dino nuggie|atk|1\n|\n|-weather|SunnyDay|[upkeep]\n|upkeep\n|turn|6\n|\n|t:|1699064240\n|switch|p2a: Crobat|Crobat, M|100\/100\n|move|p1a: dino nuggie|Earthquake|p2a: Crobat\n|-immune|p2a: Crobat\n|\n|-weather|SunnyDay|[upkeep]\n|upkeep\n|turn|7\n|\n|t:|1699064262\n|switch|p1a: meow in boots|Meowscarada, M|100\/100\n|move|p2a: Crobat|U-turn|p1a: meow in boots\n|-supereffective|p1a: meow in boots\n|-damage|p1a: meow in boots|5\/100\n|\n|t:|1699064269\n|switch|p2a: Mawile|Mawile, M|100\/100|[from] U-turn\n|-ability|p2a: Mawile|Intimidate|boost\n|-unboost|p1a: meow in boots|atk|1\n|\n|-weather|SunnyDay|[upkeep]\n|upkeep\n|turn|8\n|\n|t:|1699064282\n|switch|p1a: dino nuggie|Groudon, shiny|94\/100\n|move|p2a: Mawile|Sucker Punch||[still]\n|-fail|p2a: Mawile\n|\n|-weather|none\n|upkeep\n|turn|9\n|\n|t:|1699064291\n|switch|p2a: Crobat|Crobat, M|100\/100\n|move|p1a: dino nuggie|Bulk Up|p1a: dino nuggie\n|-boost|p1a: dino nuggie|atk|1\n|-boost|p1a: dino nuggie|def|1\n|\n|upkeep\n|turn|10\n|\n|t:|1699064308\n|move|p2a: Crobat|U-turn|p1a: dino nuggie\n|-damage|p1a: dino nuggie|88\/100\n|\n|t:|1699064311\n|switch|p2a: Mawile|Mawile, M|100\/100|[from] U-turn\n|-ability|p2a: Mawile|Intimidate|boost\n|-unboost|p1a: dino nuggie|atk|1\n|move|p1a: dino nuggie|Earthquake|p2a: Mawile\n|-supereffective|p2a: Mawile\n|-damage|p2a: Mawile|0 fnt\n|faint|p2a: Mawile\n|\n|upkeep\n|\n|t:|1699064321\n|switch|p2a: Walking Wake|Walking Wake|100\/100\n|turn|11\n|\n|t:|1699064346\n|switch|p1a: steel nuggie|Corviknight, F, shiny|98\/100\n|-ability|p1a: steel nuggie|Pressure\n|move|p2a: Walking Wake|Hydro Steam|p1a: steel nuggie\n|-damage|p1a: steel nuggie|38\/100\n|\n|upkeep\n|turn|12\n|j| cincinnaticynda\n|\n|t:|1699064399\n|move|p2a: Walking Wake|Hydro Steam|p1a: steel nuggie\n|-damage|p1a: steel nuggie|0 fnt\n|faint|p1a: steel nuggie\n|\n|upkeep\n|\n|t:|1699064406\n|switch|p1a: my ex|Florges-White, F, shiny|69\/100 brn\n|turn|13\n|\n|t:|1699064422\n|-end|p2a: Walking Wake|Protosynthesis|[silent]\n|switch|p2a: Crobat|Crobat, M|100\/100\n|move|p1a: my ex|Synthesis|p1a: my ex\n|-heal|p1a: my ex|100\/100 brn\n|\n|-damage|p1a: my ex|94\/100 brn|[from] brn\n|upkeep\n|turn|14\n|\n|t:|1699064491\n|move|p2a: Crobat|Cross Poison|p1a: my ex\n|-supereffective|p1a: my ex\n|-damage|p1a: my ex|35\/100 brn\n|move|p1a: my ex|Calm Mind|p1a: my ex\n|-boost|p1a: my ex|spa|1\n|-boost|p1a: my ex|spd|1\n|\n|-heal|p1a: my ex|42\/100 brn|[from] item: Leftovers\n|-damage|p1a: my ex|35\/100 brn|[from] brn\n|upkeep\n|turn|15\n|\n|t:|1699064511\n|switch|p1a: spicy nuggie|Skeledirge, M|100\/100\n|move|p2a: Crobat|Cross Poison|p1a: spicy nuggie\n|-resisted|p1a: spicy nuggie\n|-damage|p1a: spicy nuggie|92\/100\n|\n|upkeep\n|turn|16\n|\n|t:|1699064523\n|move|p2a: Crobat|U-turn|p1a: spicy nuggie\n|-resisted|p1a: spicy nuggie\n|-damage|p1a: spicy nuggie|90\/100\n|\n|t:|1699064527\n|switch|p2a: Tyranitar|Tyranitar, M|100\/100|[from] U-turn\n|-weather|Sandstorm|[from] ability: Sand Stream|[of] p2a: Tyranitar\n|move|p1a: spicy nuggie|Substitute|p1a: spicy nuggie\n|-start|p1a: spicy nuggie|Substitute\n|-damage|p1a: spicy nuggie|65\/100\n|\n|-weather|Sandstorm|[upkeep]\n|-damage|p1a: spicy nuggie|59\/100|[from] Sandstorm\n|upkeep\n|turn|17\n|\n|t:|1699064543\n|switch|p1a: dino nuggie|Groudon, shiny|88\/100\n|-weather|SunnyDay|[from] ability: Drought|[of] p1a: dino nuggie\n|move|p2a: Tyranitar|Earthquake|p1a: dino nuggie\n|-damage|p1a: dino nuggie|68\/100\n|\n|-weather|SunnyDay|[upkeep]\n|upkeep\n|turn|18\n|\n|t:|1699064586\n|switch|p2a: Walking Wake|Walking Wake|100\/100\n|-activate|p2a: Walking Wake|ability: Protosynthesis\n|-start|p2a: Walking Wake|protosynthesisspe\n|move|p1a: dino nuggie|Fire Punch|p2a: Walking Wake\n|-resisted|p2a: Walking Wake\n|-damage|p2a: Walking Wake|88\/100\n|\n|-weather|SunnyDay|[upkeep]\n|upkeep\n|turn|19\n|j| PokeHaint\n|\n|t:|1699064694\n|switch|p1a: meow in boots|Meowscarada, M|5\/100\n|move|p2a: Walking Wake|Hydro Steam|p1a: meow in boots\n|-resisted|p1a: meow in boots\n|-damage|p1a: meow in boots|0 fnt\n|faint|p1a: meow in boots\n|\n|-weather|SunnyDay|[upkeep]\n|upkeep\n|\n|t:|1699064748\n|switch|p1a: bzzt|Sandy Shocks|100\/100\n|-activate|p1a: bzzt|ability: Protosynthesis\n|-start|p1a: bzzt|protosynthesisspe\n|turn|20\n|\n|t:|1699064810\n|-terastallize|p2a: Walking Wake|Fire\n|-terastallize|p1a: bzzt|Ice\n|move|p2a: Walking Wake|Hydro Steam|p1a: bzzt\n|-damage|p1a: bzzt|21\/100\n|move|p1a: bzzt|Thunderbolt|p2a: Walking Wake\n|-damage|p2a: Walking Wake|38\/100\n|\n|-weather|SunnyDay|[upkeep]\n|upkeep\n|turn|21\n|\n|t:|1699064837\n|move|p2a: Walking Wake|Hydro Steam|p1a: bzzt\n|-damage|p1a: bzzt|0 fnt\n|faint|p1a: bzzt\n|-end|p1a: bzzt|Protosynthesis|[silent]\n|\n|-weather|none\n|-end|p2a: Walking Wake|Protosynthesis\n|upkeep\n|c|\u2606Riverton Red Sawks|Double Tera Bro\n|c|\u2606Riverton Red Sawks|My Heart about stopped\n|c|\u2606medi34|i choked\n|\n|t:|1699064877\n|switch|p1a: my ex|Florges-White, F, shiny|35\/100 brn\n|turn|22\n|c|\u2606Riverton Red Sawks|lolz\n|\n|t:|1699064890\n|-end|p2a: Walking Wake|Protosynthesis|[silent]\n|switch|p2a: Crobat|Crobat, M|100\/100\n|move|p1a: my ex|Chilling Water|p2a: Crobat\n|-damage|p2a: Crobat|83\/100\n|-unboost|p2a: Crobat|atk|1\n|\n|-heal|p1a: my ex|42\/100 brn|[from] item: Leftovers\n|-damage|p1a: my ex|35\/100 brn|[from] brn\n|upkeep\n|turn|23\n|\n|t:|1699064901\n|switch|p1a: spicy nuggie|Skeledirge, M|59\/100\n|move|p2a: Crobat|U-turn|p1a: spicy nuggie\n|-resisted|p1a: spicy nuggie\n|-damage|p1a: spicy nuggie|56\/100\n|\n|t:|1699064906\n|switch|p2a: Walking Wake|Walking Wake, tera:Fire|38\/100|[from] U-turn\n|\n|upkeep\n|turn|24\n|\n|t:|1699064915\n|move|p2a: Walking Wake|Hydro Steam|p1a: spicy nuggie\n|-supereffective|p1a: spicy nuggie\n|-damage|p1a: spicy nuggie|0 fnt\n|faint|p1a: spicy nuggie\n|\n|upkeep\n|\n|t:|1699064918\n|switch|p1a: my ex|Florges-White, F, shiny|35\/100 brn\n|turn|25\n|\n|t:|1699064924\n|-end|p2a: Walking Wake|Protosynthesis|[silent]\n|switch|p2a: Crobat|Crobat, M|83\/100\n|move|p1a: my ex|Chilling Water|p2a: Crobat\n|-damage|p2a: Crobat|65\/100\n|-unboost|p2a: Crobat|atk|1\n|\n|-heal|p1a: my ex|42\/100 brn|[from] item: Leftovers\n|-damage|p1a: my ex|35\/100 brn|[from] brn\n|upkeep\n|turn|26\n|\n|t:|1699064934\n|move|p2a: Crobat|Cross Poison|p1a: my ex\n|-supereffective|p1a: my ex\n|-damage|p1a: my ex|0 fnt\n|faint|p1a: my ex\n|\n|upkeep\n|\n|t:|1699064936\n|switch|p1a: dino nuggie|Groudon, shiny|68\/100\n|-weather|SunnyDay|[from] ability: Drought|[of] p1a: dino nuggie\n|turn|27\n|\n|t:|1699064946\n|switch|p2a: Garganacl|Garganacl, M|100\/100\n|move|p1a: dino nuggie|Earthquake|p2a: Garganacl\n|-supereffective|p2a: Garganacl\n|-damage|p2a: Garganacl|15\/100\n|\n|-weather|SunnyDay|[upkeep]\n|-heal|p2a: Garganacl|22\/100|[from] item: Leftovers\n|upkeep\n|turn|28\n|\n|t:|1699064959\n|move|p2a: Garganacl|Body Press|p1a: dino nuggie\n|-damage|p1a: dino nuggie|53\/100\n|move|p1a: dino nuggie|Roar|p2a: Garganacl\n|drag|p2a: Tyranitar|Tyranitar, M|100\/100\n|-weather|Sandstorm|[from] ability: Sand Stream|[of] p2a: Tyranitar\n|\n|-weather|Sandstorm|[upkeep]\n|upkeep\n|turn|29\n|\n|t:|1699064969\n|move|p1a: dino nuggie|Bulk Up|p1a: dino nuggie\n|-boost|p1a: dino nuggie|atk|1\n|-boost|p1a: dino nuggie|def|1\n|move|p2a: Tyranitar|Crunch|p1a: dino nuggie\n|-damage|p1a: dino nuggie|38\/100\n|\n|-weather|Sandstorm|[upkeep]\n|upkeep\n|turn|30\n|\n|t:|1699064977\n|move|p1a: dino nuggie|Bulk Up|p1a: dino nuggie\n|-boost|p1a: dino nuggie|atk|1\n|-boost|p1a: dino nuggie|def|1\n|move|p2a: Tyranitar|Crunch|p1a: dino nuggie\n|-damage|p1a: dino nuggie|25\/100\n|\n|-weather|Sandstorm|[upkeep]\n|upkeep\n|turn|31\n|\n|t:|1699064984\n|move|p1a: dino nuggie|Earthquake|p2a: Tyranitar\n|-supereffective|p2a: Tyranitar\n|-damage|p2a: Tyranitar|0 fnt\n|faint|p2a: Tyranitar\n|\n|-weather|Sandstorm|[upkeep]\n|upkeep\n|\n|t:|1699064992\n|switch|p2a: Tapu Fini|Tapu Fini|100\/100\n|-fieldstart|move: Misty Terrain|[from] ability: Misty Surge|[of] p2a: Tapu Fini\n|turn|32\n|\n|t:|1699064999\n|move|p2a: Tapu Fini|Moonblast|p1a: dino nuggie\n|-damage|p1a: dino nuggie|0 fnt\n|faint|p1a: dino nuggie\n|\n|win|Riverton Red Sawks\n|c|\u2606medi34|gg\n|c| Waikiki Woopers|gg!\n|c|\u2606Riverton Red Sawks|gg\n|l|\u2606medi34\n|c| Waikiki Woopers|I got the replay\n","uploadtime":1699065008,"views":6,"p1id":"medi34","p2id":"rivertonredsawks","formatid":"gen9nationaldexubers","rating":0,"private":0,"password":""}