{"id":"gen9nationaldexubers-2000060397","p1":"phalap","p2":"VerduOsane","format":"[Gen 9] National Dex Ubers","log":"|j|\u2606phalap\n|j|\u2606VerduOsane\n|t:|1701147750\n|gametype|singles\n|player|p1|phalap|lucas|1354\n|player|p2|VerduOsane|169|1408\n|teamsize|p1|6\n|teamsize|p2|6\n|gen|9\n|tier|[Gen 9] National Dex Ubers\n|rated|\n|rule|HP Percentage Mod: HP is shown in percentages\n|rule|Endless Battle Clause: Forcing endless battles is banned\n|rule|OHKO Clause: OHKO moves are banned\n|rule|Evasion Moves Clause: Evasion moves are banned\n|rule|Evasion Items Clause: Evasion items are banned\n|rule|Species Clause: Limit one of each Pok\u00e9mon\n|rule|Sleep Clause Mod: Limit one foe put to sleep\n|rule|Mega Rayquaza Clause: You cannot mega evolve Rayquaza\n|clearpoke\n|poke|p1|Kyogre|\n|poke|p1|Zacian-*|\n|poke|p1|Yveltal|\n|poke|p1|Groudon|\n|poke|p1|Calyrex-Ice|\n|poke|p1|Rayquaza|\n|poke|p2|Weavile, F|\n|poke|p2|Sneasler, F|\n|poke|p2|Scizor, F|\n|poke|p2|Iron Thorns|\n|poke|p2|Gastrodon-East, M|\n|poke|p2|Iron Leaves|\n|teampreview\n|inactive|Battle timer is ON: inactive players will automatically lose when time's up. (requested by phalap)\n|\n|t:|1701147771\n|start\n|switch|p1a: Zacian|Zacian-Crowned|100\/100\n|switch|p2a: Gastrodon|Gastrodon-East, M, shiny|100\/100\n|-ability|p1a: Zacian|Intrepid Sword|boost\n|-boost|p1a: Zacian|atk|1\n|turn|1\n|\n|t:|1701147779\n|move|p1a: Zacian|Behemoth Blade|p2a: Gastrodon\n|-resisted|p2a: Gastrodon\n|-damage|p2a: Gastrodon|69\/100\n|move|p2a: Gastrodon|Earth Power|p1a: Zacian\n|-supereffective|p1a: Zacian\n|-damage|p1a: Zacian|43\/100\n|\n|-heal|p2a: Gastrodon|75\/100|[from] item: Leftovers\n|upkeep\n|turn|2\n|\n|t:|1701147791\n|switch|p1a: Yveltal|Yveltal|100\/100\n|-ability|p1a: Yveltal|Dark Aura\n|move|p2a: Gastrodon|Scald|p1a: Yveltal\n|-damage|p1a: Yveltal|75\/100\n|\n|-heal|p2a: Gastrodon|81\/100|[from] item: Leftovers\n|upkeep\n|turn|3\n|\n|t:|1701147805\n|move|p1a: Yveltal|Foul Play|p2a: Gastrodon\n|-damage|p2a: Gastrodon|53\/100\n|-damage|p1a: Yveltal|65\/100|[from] item: Life Orb\n|move|p2a: Gastrodon|Recover|p2a: Gastrodon\n|-heal|p2a: Gastrodon|100\/100\n|\n|upkeep\n|turn|4\n|\n|t:|1701147813\n|switch|p1a: Groudon|Groudon|100\/100\n|detailschange|p1a: Groudon|Groudon-Primal\n|-primal|p1a: Groudon|Red Orb\n|-weather|DesolateLand|[from] ability: Desolate Land|[of] p1a: Groudon\n|move|p2a: Gastrodon|Scald||[still]\n|-fail|p2a: Gastrodon|Scald|[from] Desolate Land\n|\n|-weather|DesolateLand|[upkeep]\n|upkeep\n|turn|5\n|\n|t:|1701147819\n|move|p1a: Groudon|Eruption|p2a: Gastrodon\n|-resisted|p2a: Gastrodon\n|-damage|p2a: Gastrodon|52\/100\n|move|p2a: Gastrodon|Earth Power|p1a: Groudon\n|-supereffective|p1a: Groudon\n|-damage|p1a: Groudon|28\/100\n|\n|-weather|DesolateLand|[upkeep]\n|-heal|p2a: Gastrodon|58\/100|[from] item: Leftovers\n|upkeep\n|turn|6\n|\n|t:|1701147830\n|-weather|none\n|switch|p1a: Kyogre|Kyogre|100\/100\n|detailschange|p1a: Kyogre|Kyogre-Primal\n|-primal|p1a: Kyogre|Blue Orb\n|-weather|PrimordialSea|[from] ability: Primordial Sea|[of] p1a: Kyogre\n|move|p2a: Gastrodon|Earth Power|p1a: Kyogre\n|-damage|p1a: Kyogre|79\/100\n|\n|-weather|PrimordialSea|[upkeep]\n|-heal|p2a: Gastrodon|64\/100|[from] item: Leftovers\n|upkeep\n|turn|7\n|\n|t:|1701147835\n|move|p1a: Kyogre|Origin Pulse|p2a: Gastrodon\n|-ability|p2a: Gastrodon|Storm Drain|boost\n|-boost|p2a: Gastrodon|spa|1\n|move|p2a: Gastrodon|Scald|p1a: Kyogre\n|-resisted|p1a: Kyogre\n|-damage|p1a: Kyogre|59\/100\n|\n|-weather|PrimordialSea|[upkeep]\n|-heal|p2a: Gastrodon|70\/100|[from] item: Leftovers\n|upkeep\n|turn|8\n|\n|t:|1701147847\n|move|p1a: Kyogre|Ice Beam|p2a: Gastrodon\n|-damage|p2a: Gastrodon|34\/100\n|move|p2a: Gastrodon|Scald|p1a: Kyogre\n|-resisted|p1a: Kyogre\n|-damage|p1a: Kyogre|40\/100\n|-status|p1a: Kyogre|brn\n|\n|-weather|PrimordialSea|[upkeep]\n|-heal|p2a: Gastrodon|40\/100|[from] item: Leftovers\n|-damage|p1a: Kyogre|34\/100 brn|[from] brn\n|upkeep\n|turn|9\n|\n|t:|1701147855\n|move|p1a: Kyogre|Ice Beam|p2a: Gastrodon\n|-damage|p2a: Gastrodon|1\/100\n|move|p2a: Gastrodon|Recover|p2a: Gastrodon\n|-heal|p2a: Gastrodon|51\/100\n|\n|-weather|PrimordialSea|[upkeep]\n|-heal|p2a: Gastrodon|58\/100|[from] item: Leftovers\n|-damage|p1a: Kyogre|28\/100 brn|[from] brn\n|upkeep\n|turn|10\n|\n|t:|1701147866\n|-weather|none\n|switch|p1a: Rayquaza|Rayquaza|100\/100\n|-ability|p1a: Rayquaza|Air Lock\n|move|p2a: Gastrodon|Recover|p2a: Gastrodon\n|-heal|p2a: Gastrodon|100\/100\n|\n|upkeep\n|turn|11\n|\n|t:|1701147875\n|move|p1a: Rayquaza|Draco Meteor|p2a: Gastrodon\n|-damage|p2a: Gastrodon|29\/100\n|-unboost|p1a: Rayquaza|spa|2\n|move|p2a: Gastrodon|Scald|p1a: Rayquaza\n|-resisted|p1a: Rayquaza\n|-damage|p1a: Rayquaza|82\/100\n|\n|-heal|p2a: Gastrodon|35\/100|[from] item: Leftovers\n|upkeep\n|turn|12\n|\n|t:|1701147903\n|move|p1a: Rayquaza|Draco Meteor|p2a: Gastrodon\n|-damage|p2a: Gastrodon|0 fnt\n|-unboost|p1a: Rayquaza|spa|2\n|faint|p2a: Gastrodon\n|\n|upkeep\n|inactive|VerduOsane has 120 seconds left.\n|\n|t:|1701147914\n|switch|p2a: Weavile|Weavile, F|100\/100\n|-ability|p2a: Weavile|Pressure\n|turn|13\n|\n|t:|1701147924\n|switch|p1a: Zacian|Zacian-Crowned|43\/100\n|move|p2a: Weavile|Ice Spinner|p1a: Zacian\n|-resisted|p1a: Zacian\n|-damage|p1a: Zacian|25\/100\n|\n|upkeep\n|turn|14\n|\n|t:|1701147937\n|move|p1a: Zacian|Play Rough|p2a: Weavile\n|-supereffective|p2a: Weavile\n|-enditem|p2a: Weavile|Focus Sash\n|-damage|p2a: Weavile|1\/100\n|move|p2a: Weavile|Ice Spinner|p1a: Zacian\n|-resisted|p1a: Zacian\n|-damage|p1a: Zacian|6\/100\n|\n|upkeep\n|turn|15\n|\n|t:|1701147943\n|move|p2a: Weavile|Ice Shard|p1a: Zacian\n|-resisted|p1a: Zacian\n|-damage|p1a: Zacian|0 fnt\n|faint|p1a: Zacian\n|\n|upkeep\n|\n|t:|1701147947\n|switch|p1a: Rayquaza|Rayquaza|82\/100\n|-ability|p1a: Rayquaza|Air Lock\n|turn|16\n|\n|t:|1701147949\n|move|p1a: Rayquaza|Extreme Speed|p2a: Weavile\n|-damage|p2a: Weavile|0 fnt\n|faint|p2a: Weavile\n|\n|upkeep\n|\n|t:|1701147952\n|switch|p2a: Scizor|Scizor, F|100\/100\n|turn|17\n|\n|t:|1701147966\n|switch|p2a: Iron Thorns|Iron Thorns|100\/100\n|move|p1a: Rayquaza|Overheat|p2a: Iron Thorns\n|-resisted|p2a: Iron Thorns\n|-damage|p2a: Iron Thorns|70\/100\n|-unboost|p1a: Rayquaza|spa|2\n|\n|upkeep\n|turn|18\n|\n|t:|1701147981\n|switch|p1a: Kyogre|Kyogre-Primal|28\/100 brn\n|-weather|PrimordialSea|[from] ability: Primordial Sea|[of] p1a: Kyogre\n|move|p2a: Iron Thorns|Dragon Dance|p2a: Iron Thorns\n|-boost|p2a: Iron Thorns|atk|1\n|-boost|p2a: Iron Thorns|spe|1\n|\n|-weather|PrimordialSea|[upkeep]\n|-damage|p1a: Kyogre|22\/100 brn|[from] brn\n|upkeep\n|turn|19\n|\n|t:|1701147996\n|move|p2a: Iron Thorns|Earthquake|p1a: Kyogre\n|-damage|p1a: Kyogre|0 fnt\n|faint|p1a: Kyogre\n|-weather|none\n|\n|upkeep\n|\n|t:|1701148012\n|switch|p1a: Calyrex|Calyrex-Ice|100\/100\n|-ability|p1a: Calyrex|As One\n|-ability|p1a: Calyrex|Unnerve\n|turn|20\n|\n|t:|1701148020\n|move|p2a: Iron Thorns|Rock Blast|p1a: Calyrex\n|-supereffective|p1a: Calyrex\n|-damage|p1a: Calyrex|77\/100\n|-supereffective|p1a: Calyrex\n|-damage|p1a: Calyrex|52\/100\n|-supereffective|p1a: Calyrex\n|-damage|p1a: Calyrex|27\/100\n|-supereffective|p1a: Calyrex\n|-crit|p1a: Calyrex\n|-damage|p1a: Calyrex|0 fnt\n|faint|p1a: Calyrex\n|-hitcount|p1: Calyrex|4\n|\n|upkeep\n|-message|phalap forfeited.\n|\n|win|VerduOsane\n|raw|phalap's rating: 1354 &rarr; <strong>1337<\/strong><br \/>(-17 for losing)\n|raw|VerduOsane's rating: 1408 &rarr; <strong>1425<\/strong><br \/>(+17 for winning)\n|l|\u2606phalap\n","uploadtime":1701148039,"views":29,"p1id":"phalap","p2id":"verduosane","formatid":"gen9nationaldexubers","rating":1337,"private":0,"password":""}