{"id":"gen9nationaldexubers-1980742653","p1":"09-10a","p2":"85792195wwww","format":"[Gen 9] National Dex Ubers","log":"|j|\u260609-10a\n|j|\u203d85792195wwww\n|t:|1698823902\n|gametype|singles\n|player|p1|09-10a|schoolkid-gen4dp|1754\n|player|p2|85792195wwww|lady|1820\n|teamsize|p1|6\n|teamsize|p2|6\n|gen|9\n|tier|[Gen 9] National Dex Ubers\n|rated|\n|rule|HP Percentage Mod: HP is shown in percentages\n|rule|Endless Battle Clause: Forcing endless battles is banned\n|rule|OHKO Clause: OHKO moves are banned\n|rule|Evasion Moves Clause: Evasion moves are banned\n|rule|Evasion Items Clause: Evasion items are banned\n|rule|Species Clause: Limit one of each Pok\u00e9mon\n|rule|Sleep Clause Mod: Limit one foe put to sleep\n|rule|Mega Rayquaza Clause: You cannot mega evolve Rayquaza\n|clearpoke\n|poke|p1|Eternatus|\n|poke|p1|Arceus-Fairy|\n|poke|p1|Necrozma-Dusk-Mane|\n|poke|p1|Groudon, L99|\n|poke|p1|Marshadow|\n|poke|p1|Zygarde|\n|poke|p2|Xerneas-*|\n|poke|p2|Rayquaza|\n|poke|p2|Zacian-*|\n|poke|p2|Deoxys-Speed|\n|poke|p2|Groudon|\n|poke|p2|Arceus|\n|teampreview\n|inactive|Battle timer is ON: inactive players will automatically lose when time's up. (requested by 09-10a)\n|inactive|09-10a has 120 seconds left.\n|\n|t:|1698823935\n|start\n|switch|p1a: Groudon|Groudon, L99, shiny|100\/100\n|switch|p2a: Deoxys|Deoxys-Speed|100\/100\n|-ability|p2a: Deoxys|Pressure\n|detailschange|p1a: Groudon|Groudon-Primal, L99, shiny\n|-primal|p1a: Groudon|Red Orb\n|-weather|DesolateLand|[from] ability: Desolate Land|[of] p1a: Groudon\n|turn|1\n|\n|t:|1698823945\n|move|p2a: Deoxys|Stealth Rock|p1a: Groudon\n|-sidestart|p1: 09-10a|move: Stealth Rock\n|move|p1a: Groudon|Stealth Rock|p2a: Deoxys\n|-sidestart|p2: 85792195wwww|move: Stealth Rock\n|\n|-weather|DesolateLand|[upkeep]\n|upkeep\n|turn|2\n|\n|t:|1698823951\n|move|p2a: Deoxys|Psycho Boost|p1a: Groudon\n|-damage|p1a: Groudon|70\/100\n|-unboost|p2a: Deoxys|spa|2\n|move|p1a: Groudon|Rock Tomb|p2a: Deoxys\n|-damage|p2a: Deoxys|80\/100\n|-unboost|p2a: Deoxys|spe|1\n|\n|-weather|DesolateLand|[upkeep]\n|upkeep\n|turn|3\n|\n|t:|1698823960\n|move|p2a: Deoxys|Psycho Boost|p1a: Groudon\n|-damage|p1a: Groudon|53\/100\n|-unboost|p2a: Deoxys|spa|2\n|move|p1a: Groudon|Rock Tomb|p2a: Deoxys\n|-damage|p2a: Deoxys|59\/100\n|-unboost|p2a: Deoxys|spe|1\n|\n|-weather|DesolateLand|[upkeep]\n|upkeep\n|turn|4\n|\n|t:|1698823973\n|switch|p2a: Rayquaza|Rayquaza|100\/100\n|-damage|p2a: Rayquaza|76\/100|[from] Stealth Rock\n|-ability|p2a: Rayquaza|Air Lock\n|move|p1a: Groudon|Rock Tomb|p2a: Rayquaza\n|-supereffective|p2a: Rayquaza\n|-damage|p2a: Rayquaza|32\/100\n|-unboost|p2a: Rayquaza|spe|1\n|\n|-weather|DesolateLand|[upkeep]\n|upkeep\n|turn|5\n|\n|t:|1698823986\n|-weather|none\n|switch|p1a: Arceus|Arceus-Fairy|100\/100\n|-damage|p1a: Arceus|88\/100|[from] Stealth Rock\n|move|p2a: Rayquaza|Dragon Ascent|p1a: Arceus\n|-damage|p1a: Arceus|30\/100\n|-unboost|p2a: Rayquaza|def|1\n|-unboost|p2a: Rayquaza|spd|1\n|\n|upkeep\n|turn|6\n|\n|t:|1698823997\n|move|p1a: Arceus|Judgment|p2a: Rayquaza\n|-supereffective|p2a: Rayquaza\n|-damage|p2a: Rayquaza|0 fnt\n|faint|p2a: Rayquaza\n|\n|upkeep\n|\n|t:|1698824006\n|switch|p2a: Groudon|Groudon|100\/100\n|-damage|p2a: Groudon|94\/100|[from] Stealth Rock\n|detailschange|p2a: Groudon|Groudon-Primal\n|-primal|p2a: Groudon|Red Orb\n|-weather|DesolateLand|[from] ability: Desolate Land|[of] p2a: Groudon\n|turn|7\n|\n|t:|1698824014\n|move|p1a: Arceus|Recover|p1a: Arceus\n|-heal|p1a: Arceus|80\/100\n|move|p2a: Groudon|Swords Dance|p2a: Groudon\n|-boost|p2a: Groudon|atk|2\n|\n|-weather|DesolateLand|[upkeep]\n|upkeep\n|turn|8\n|\n|t:|1698824020\n|switch|p1a: Eternatus|Eternatus|100\/100\n|-damage|p1a: Eternatus|88\/100|[from] Stealth Rock\n|-ability|p1a: Eternatus|Pressure\n|-item|p1a: Eternatus|Air Balloon\n|move|p2a: Groudon|Rock Polish|p2a: Groudon\n|-boost|p2a: Groudon|spe|2\n|\n|-weather|DesolateLand|[upkeep]\n|upkeep\n|turn|9\n|\n|t:|1698824031\n|move|p2a: Groudon|Heat Crash|p1a: Eternatus\n|-resisted|p1a: Eternatus\n|-damage|p1a: Eternatus|56\/100\n|-enditem|p1a: Eternatus|Air Balloon\n|move|p1a: Eternatus|Toxic Spikes|p2a: Groudon\n|-sidestart|p2: 85792195wwww|move: Toxic Spikes\n|\n|-weather|DesolateLand|[upkeep]\n|upkeep\n|turn|10\n|\n|t:|1698824038\n|move|p2a: Groudon|Precipice Blades|p1a: Eternatus\n|-supereffective|p1a: Eternatus\n|-damage|p1a: Eternatus|0 fnt\n|faint|p1a: Eternatus\n|\n|-weather|DesolateLand|[upkeep]\n|upkeep\n|\n|t:|1698824041\n|switch|p1a: Zygarde|Zygarde, shiny|100\/100\n|-damage|p1a: Zygarde|94\/100|[from] Stealth Rock\n|turn|11\n|\n|t:|1698824047\n|-terastallize|p1a: Zygarde|Bug\n|move|p2a: Groudon|Precipice Blades|p1a: Zygarde\n|-resisted|p1a: Zygarde\n|-damage|p1a: Zygarde|32\/100\n|move|p1a: Zygarde|Dragon Tail|p2a: Groudon|[miss]\n|-miss|p1a: Zygarde|p2a: Groudon\n|\n|-weather|DesolateLand|[upkeep]\n|-heal|p1a: Zygarde|38\/100|[from] item: Leftovers\n|-activate|p1a: Zygarde|ability: Power Construct\n|detailschange|p1a: Zygarde|Zygarde-Complete, shiny, tera:Bug\n|-heal|p1a: Zygarde|62\/100|[silent]\n|upkeep\n|turn|12\n|\n|t:|1698824062\n|move|p2a: Groudon|Precipice Blades|p1a: Zygarde\n|-resisted|p1a: Zygarde\n|-damage|p1a: Zygarde|25\/100\n|move|p1a: Zygarde|Dragon Tail|p2a: Groudon\n|-damage|p2a: Groudon|78\/100\n|-weather|none\n|drag|p2a: Xerneas|Xerneas|100\/100\n|-damage|p2a: Xerneas|88\/100|[from] Stealth Rock\n|-status|p2a: Xerneas|psn\n|-ability|p2a: Xerneas|Fairy Aura\n|\n|-heal|p1a: Zygarde|31\/100|[from] item: Leftovers\n|-damage|p2a: Xerneas|76\/100 psn|[from] psn\n|upkeep\n|turn|13\n|l|\u203d85792195wwww\n|inactive|85792195wwww disconnected and has a minute to reconnect!\n|player|p2|\n|j|\u203d85792195wwww\n|inactive|85792195wwww reconnected and has 120 seconds left.\n|player|p2|85792195wwww|lady\n|\n|t:|1698824093\n|move|p1a: Zygarde|Thousand Arrows|p2a: Xerneas\n|-damage|p2a: Xerneas|50\/100 psn\n|move|p2a: Xerneas|Geomancy||[still]\n|-prepare|p2a: Xerneas|Geomancy\n|-enditem|p2a: Xerneas|Power Herb\n|-anim|p2a: Xerneas|Geomancy|p2a: Xerneas\n|-boost|p2a: Xerneas|spa|2\n|-boost|p2a: Xerneas|spd|2\n|-boost|p2a: Xerneas|spe|2\n|\n|-heal|p1a: Zygarde|37\/100|[from] item: Leftovers\n|-damage|p2a: Xerneas|38\/100 psn|[from] psn\n|upkeep\n|turn|14\n|inactive|85792195wwww has 120 seconds left.\n|\n|t:|1698824105\n|move|p2a: Xerneas|Moonblast|p1a: Zygarde\n|-damage|p1a: Zygarde|0 fnt\n|faint|p1a: Zygarde\n|\n|-damage|p2a: Xerneas|25\/100 psn|[from] psn\n|upkeep\n|\n|t:|1698824109\n|switch|p1a: Marshadow|Marshadow|100\/100\n|-damage|p1a: Marshadow|94\/100|[from] Stealth Rock\n|turn|15\n|\n|t:|1698824116\n|move|p1a: Marshadow|Shadow Sneak|p2a: Xerneas\n|-damage|p2a: Xerneas|0 fnt\n|faint|p2a: Xerneas\n|\n|upkeep\n|inactive|85792195wwww has 120 seconds left.\n|\n|t:|1698824134\n|switch|p2a: Arceus|Arceus|100\/100\n|-damage|p2a: Arceus|88\/100|[from] Stealth Rock\n|-status|p2a: Arceus|psn\n|turn|16\n|inactive|85792195wwww has 120 seconds left.\n|\n|t:|1698824152\n|switch|p1a: Arceus|Arceus-Fairy|80\/100\n|-damage|p1a: Arceus|68\/100|[from] Stealth Rock\n|move|p2a: Arceus|Swords Dance|p2a: Arceus\n|-boost|p2a: Arceus|atk|2\n|\n|-damage|p2a: Arceus|76\/100 psn|[from] psn\n|upkeep\n|turn|17\n|\n|t:|1698824162\n|move|p2a: Arceus|Extreme Speed|p1a: Arceus\n|-damage|p1a: Arceus|10\/100\n|-damage|p2a: Arceus|66\/100 psn|[from] item: Life Orb\n|move|p1a: Arceus|Roar|p2a: Arceus\n|drag|p2a: Groudon|Groudon-Primal|78\/100\n|-damage|p2a: Groudon|66\/100|[from] Stealth Rock\n|-status|p2a: Groudon|psn\n|-weather|DesolateLand|[from] ability: Desolate Land|[of] p2a: Groudon\n|\n|-weather|DesolateLand|[upkeep]\n|-damage|p2a: Groudon|53\/100 psn|[from] psn\n|upkeep\n|turn|18\n|inactive|85792195wwww has 120 seconds left.\n|\n|t:|1698824177\n|move|p2a: Groudon|Swords Dance|p2a: Groudon\n|-boost|p2a: Groudon|atk|2\n|move|p1a: Arceus|Roar|p2a: Groudon\n|-weather|none\n|drag|p2a: Deoxys|Deoxys-Speed|59\/100\n|-damage|p2a: Deoxys|47\/100|[from] Stealth Rock\n|-status|p2a: Deoxys|psn\n|-ability|p2a: Deoxys|Pressure\n|\n|-damage|p2a: Deoxys|34\/100 psn|[from] psn\n|upkeep\n|turn|19\n|inactive|85792195wwww has 120 seconds left.\n|\n|t:|1698824191\n|move|p2a: Deoxys|Psycho Boost|p1a: Arceus\n|-damage|p1a: Arceus|0 fnt\n|-unboost|p2a: Deoxys|spa|2\n|faint|p1a: Arceus\n|\n|-damage|p2a: Deoxys|22\/100 psn|[from] psn\n|upkeep\n|inactive|09-10a has 120 seconds left.\n|inactive|09-10a has 90 seconds left.\n|\n|t:|1698824255\n|switch|p1a: Necrozma|Necrozma-Dusk-Mane, shiny|100\/100\n|-damage|p1a: Necrozma|94\/100|[from] Stealth Rock\n|turn|20\n|\n|t:|1698824265\n|move|p2a: Deoxys|Knock Off|p1a: Necrozma\n|-supereffective|p1a: Necrozma\n|-damage|p1a: Necrozma|79\/100\n|move|p1a: Necrozma|Sunsteel Strike|p2a: Deoxys\n|-damage|p2a: Deoxys|0 fnt\n|-damage|p1a: Necrozma|63\/100|[from] item: Rocky Helmet|[of] p2a: Deoxys\n|faint|p2a: Deoxys\n|\n|upkeep\n|\n|t:|1698824276\n|switch|p2a: Groudon|Groudon-Primal|53\/100 psn\n|-damage|p2a: Groudon|41\/100 psn|[from] Stealth Rock\n|-weather|DesolateLand|[from] ability: Desolate Land|[of] p2a: Groudon\n|turn|21\n|l|\u203d85792195wwww\n|inactive|85792195wwww disconnected and has a minute to reconnect!\n|player|p2|\n|j|\u203d85792195wwww\n|inactive|85792195wwww reconnected and has 120 seconds left.\n|player|p2|85792195wwww|lady\n|inactive|09-10a has 90 seconds left.\n|\n|t:|1698824307\n|switch|p1a: Groudon|Groudon-Primal, L99, shiny|53\/100\n|-damage|p1a: Groudon|41\/100|[from] Stealth Rock\n|move|p2a: Groudon|Precipice Blades|p1a: Groudon\n|-supereffective|p1a: Groudon\n|-damage|p1a: Groudon|0 fnt\n|faint|p1a: Groudon\n|\n|-weather|DesolateLand|[upkeep]\n|-damage|p2a: Groudon|28\/100 psn|[from] psn\n|upkeep\n|\n|t:|1698824309\n|switch|p1a: Marshadow|Marshadow|94\/100\n|-damage|p1a: Marshadow|88\/100|[from] Stealth Rock\n|turn|22\n|l|\u203d85792195wwww\n|inactive|85792195wwww disconnected and has a minute to reconnect!\n|player|p2|\n|j|\u203d85792195wwww\n|inactive|85792195wwww reconnected and has 115 seconds left.\n|player|p2|85792195wwww|lady\n|\n|t:|1698824332\n|move|p1a: Marshadow|Close Combat|p2a: Groudon\n|-damage|p2a: Groudon|0 fnt\n|-unboost|p1a: Marshadow|def|1\n|-unboost|p1a: Marshadow|spd|1\n|faint|p2a: Groudon\n|-weather|none\n|\n|upkeep\n|\n|t:|1698824342\n|switch|p2a: Zacian|Zacian-Crowned|100\/100\n|-damage|p2a: Zacian|94\/100|[from] Stealth Rock\n|-ability|p2a: Zacian|Intrepid Sword|boost\n|-boost|p2a: Zacian|atk|1\n|turn|23\n|\n|t:|1698824357\n|-terastallize|p2a: Zacian|Ground\n|move|p2a: Zacian|Tera Blast|p1a: Marshadow|[anim] Tera Blast Ground\n|-damage|p1a: Marshadow|0 fnt\n|faint|p1a: Marshadow\n|\n|upkeep\n|-message|09-10a forfeited.\n|\n|win|85792195wwww\n|raw|09-10a's rating: 1765 &rarr; <strong>1748<\/strong><br \/>(-17 for losing)\n|raw|85792195wwww's rating: 1820 &rarr; <strong>1837<\/strong><br \/>(+17 for winning)\n|l|\u260609-10a\n","uploadtime":1698824366,"views":17,"p1id":"0910a","p2id":"85792195wwww","formatid":"gen9nationaldexubers","rating":1748,"private":0,"password":""}