{"id":"gen9nationaldexubers-1990939363","p1":"85792195wwww","p2":"C0ld as Ice","format":"[Gen 9] National Dex Ubers","log":"|j|\u260685792195wwww\n|j|\u2606C0ld as Ice\n|t:|1700017444\n|gametype|singles\n|player|p1|85792195wwww|mira|1690\n|player|p2|C0ld as Ice|101|1853\n|teamsize|p1|6\n|teamsize|p2|6\n|gen|9\n|tier|[Gen 9] National Dex Ubers\n|rated|\n|rule|HP Percentage Mod: HP is shown in percentages\n|rule|Endless Battle Clause: Forcing endless battles is banned\n|rule|OHKO Clause: OHKO moves are banned\n|rule|Evasion Moves Clause: Evasion moves are banned\n|rule|Evasion Items Clause: Evasion items are banned\n|rule|Species Clause: Limit one of each Pok\u00e9mon\n|rule|Sleep Clause Mod: Limit one foe put to sleep\n|rule|Mega Rayquaza Clause: You cannot mega evolve Rayquaza\n|clearpoke\n|poke|p1|Xerneas-*|\n|poke|p1|Deoxys-Speed|\n|poke|p1|Zacian-*|\n|poke|p1|Arceus|\n|poke|p1|Groudon|\n|poke|p1|Zekrom|\n|poke|p2|Marshadow|\n|poke|p2|Necrozma-Dusk-Mane|\n|poke|p2|Ho-Oh|\n|poke|p2|Groudon, L99|\n|poke|p2|Arceus-Water|\n|poke|p2|Yveltal|\n|teampreview\n|inactive|Battle timer is ON: inactive players will automatically lose when time's up. (requested by C0ld as Ice)\n|\n|t:|1700017455\n|start\n|switch|p1a: Deoxys|Deoxys-Speed|100\/100\n|switch|p2a: Marshadow|Marshadow|100\/100\n|-ability|p1a: Deoxys|Pressure\n|turn|1\n|\n|t:|1700017466\n|move|p2a: Marshadow|Shadow Sneak|p1a: Deoxys\n|-supereffective|p1a: Deoxys\n|-damage|p1a: Deoxys|10\/100\n|-damage|p2a: Marshadow|84\/100|[from] item: Rocky Helmet|[of] p1a: Deoxys\n|move|p1a: Deoxys|Psycho Boost|p2a: Marshadow|[miss]\n|-miss|p1a: Deoxys|p2a: Marshadow\n|\n|upkeep\n|turn|2\n|\n|t:|1700017475\n|switch|p1a: Arceus|Arceus|100\/100\n|move|p2a: Marshadow|Shadow Sneak|p1a: Arceus\n|-immune|p1a: Arceus\n|\n|upkeep\n|turn|3\n|\n|t:|1700017485\n|switch|p1a: Xerneas|Xerneas|100\/100\n|-ability|p1a: Xerneas|Fairy Aura\n|move|p2a: Marshadow|Shadow Sneak|p1a: Xerneas\n|-damage|p1a: Xerneas|69\/100\n|\n|upkeep\n|turn|4\n|\n|t:|1700017493\n|switch|p2a: Necrozma|Necrozma-Dusk-Mane, shiny|100\/100\n|switch|p1a: Deoxys|Deoxys-Speed|10\/100\n|-ability|p1a: Deoxys|Pressure\n|\n|upkeep\n|turn|5\n|\n|t:|1700017502\n|move|p1a: Deoxys|Stealth Rock|p2a: Necrozma\n|-sidestart|p2: C0ld as Ice|move: Stealth Rock\n|move|p2a: Necrozma|Sunsteel Strike|p1a: Deoxys\n|-damage|p1a: Deoxys|0 fnt\n|-damage|p2a: Necrozma|84\/100|[from] item: Rocky Helmet|[of] p1a: Deoxys\n|faint|p1a: Deoxys\n|\n|upkeep\n|\n|t:|1700017513\n|switch|p1a: Zekrom|Zekrom|100\/100\n|-ability|p1a: Zekrom|Teravolt\n|turn|6\n|\n|t:|1700017520\n|switch|p2a: Groudon|Groudon, L99, shiny|100\/100\n|-damage|p2a: Groudon|94\/100|[from] Stealth Rock\n|detailschange|p2a: Groudon|Groudon-Primal, L99, shiny\n|-primal|p2a: Groudon|Red Orb\n|-weather|DesolateLand|[from] ability: Desolate Land|[of] p2a: Groudon\n|move|p1a: Zekrom|Dragon Dance|p1a: Zekrom\n|-boost|p1a: Zekrom|atk|1\n|-boost|p1a: Zekrom|spe|1\n|\n|-weather|DesolateLand|[upkeep]\n|upkeep\n|turn|7\n|\n|t:|1700017531\n|-zpower|p1a: Zekrom\n|move|p1a: Zekrom|Devastating Drake|p2a: Groudon|[zeffect]\n|-damage|p2a: Groudon|9\/100\n|move|p2a: Groudon|Precipice Blades|p1a: Zekrom|[miss]\n|-miss|p2a: Groudon|p1a: Zekrom\n|\n|-weather|DesolateLand|[upkeep]\n|upkeep\n|turn|8\n|\n|t:|1700017541\n|move|p1a: Zekrom|Outrage|p2a: Groudon\n|-damage|p2a: Groudon|0 fnt\n|faint|p2a: Groudon\n|-weather|none\n|\n|upkeep\n|\n|t:|1700017559\n|switch|p2a: Arceus|Arceus-Water|100\/100\n|-damage|p2a: Arceus|88\/100|[from] Stealth Rock\n|turn|9\n|\n|t:|1700017564\n|move|p1a: Zekrom|Outrage|p2a: Arceus|[from]lockedmove\n|-damage|p2a: Arceus|14\/100\n|move|p2a: Arceus|Ice Beam|p1a: Zekrom\n|-supereffective|p1a: Zekrom\n|-damage|p1a: Zekrom|48\/100\n|-status|p1a: Zekrom|frz\n|\n|upkeep\n|turn|10\n|\n|t:|1700017573\n|cant|p1a: Zekrom|frz\n|move|p2a: Arceus|Recover|p2a: Arceus\n|-heal|p2a: Arceus|64\/100\n|\n|-start|p1a: Zekrom|confusion|[fatigue]\n|upkeep\n|turn|11\n|\n|t:|1700017581\n|cant|p1a: Zekrom|frz\n|move|p2a: Arceus|Ice Beam|p1a: Zekrom\n|-supereffective|p1a: Zekrom\n|-damage|p1a: Zekrom|0 fnt\n|faint|p1a: Zekrom\n|\n|upkeep\n|\n|t:|1700017589\n|switch|p1a: Zacian|Zacian-Crowned|100\/100\n|-ability|p1a: Zacian|Intrepid Sword|boost\n|-boost|p1a: Zacian|atk|1\n|turn|12\n|\n|t:|1700017597\n|switch|p2a: Yveltal|Yveltal, shiny|100\/100\n|-ability|p2a: Yveltal|Dark Aura\n|move|p1a: Zacian|Swords Dance|p1a: Zacian\n|-boost|p1a: Zacian|atk|2\n|\n|upkeep\n|turn|13\n|\n|t:|1700017615\n|-terastallize|p1a: Zacian|Fighting\n|move|p1a: Zacian|Close Combat|p2a: Yveltal\n|-damage|p2a: Yveltal|0 fnt\n|-unboost|p1a: Zacian|def|1\n|-unboost|p1a: Zacian|spd|1\n|faint|p2a: Yveltal\n|\n|upkeep\n|\n|t:|1700017625\n|switch|p2a: Marshadow|Marshadow|84\/100\n|-damage|p2a: Marshadow|78\/100|[from] Stealth Rock\n|turn|14\n|\n|t:|1700017629\n|-terastallize|p2a: Marshadow|Ghost\n|move|p2a: Marshadow|Shadow Sneak|p1a: Zacian\n|-damage|p1a: Zacian|9\/100\n|move|p1a: Zacian|Behemoth Blade|p2a: Marshadow\n|-damage|p2a: Marshadow|0 fnt\n|faint|p2a: Marshadow\n|\n|upkeep\n|-message|C0ld as Ice forfeited.\n|\n|win|85792195wwww\n|raw|85792195wwww's rating: 1690 &rarr; <strong>1719<\/strong><br \/>(+29 for winning)\n|raw|C0ld as Ice's rating: 1853 &rarr; <strong>1824<\/strong><br \/>(-29 for losing)\n|l|\u2606C0ld as Ice\n","uploadtime":1700017642,"views":8,"p1id":"85792195wwww","p2id":"c0ldasice","formatid":"gen9nationaldexubers","rating":1719,"private":0,"password":""}