{"id":"gen9nationaldexubers-1978443728","p1":"AltariaGolden","p2":"85792195wwww","format":"[Gen 9] National Dex Ubers","log":"|j|\u2606AltariaGolden\n|j|\u260685792195wwww\n|t:|1698539690\n|gametype|singles\n|player|p1|AltariaGolden|lillie|1480\n|player|p2|85792195wwww|lady|1774\n|teamsize|p1|6\n|teamsize|p2|6\n|gen|9\n|tier|[Gen 9] National Dex Ubers\n|rated|\n|rule|HP Percentage Mod: HP is shown in percentages\n|rule|Endless Battle Clause: Forcing endless battles is banned\n|rule|OHKO Clause: OHKO moves are banned\n|rule|Evasion Moves Clause: Evasion moves are banned\n|rule|Evasion Items Clause: Evasion items are banned\n|rule|Species Clause: Limit one of each Pok\u00e9mon\n|rule|Sleep Clause Mod: Limit one foe put to sleep\n|rule|Mega Rayquaza Clause: You cannot mega evolve Rayquaza\n|clearpoke\n|poke|p1|Golem, M|\n|poke|p1|Stakataka|\n|poke|p1|Aerodactyl, M|\n|poke|p1|Nihilego|\n|poke|p1|Glimmora, F|\n|poke|p1|Omastar, M|\n|poke|p2|Zacian-*|\n|poke|p2|Kyogre|\n|poke|p2|Xerneas-*|\n|poke|p2|Krookodile, F|\n|poke|p2|Groudon|\n|poke|p2|Arceus|\n|teampreview\n|\n|t:|1698539695\n|start\n|switch|p1a: Glimmora|Glimmora, F|100\/100\n|switch|p2a: Xerneas|Xerneas|100\/100\n|-ability|p2a: Xerneas|Fairy Aura\n|turn|1\n|\n|t:|1698539703\n|move|p1a: Glimmora|Mortal Spin|p2a: Xerneas\n|-supereffective|p2a: Xerneas\n|-damage|p2a: Xerneas|90\/100\n|-status|p2a: Xerneas|psn\n|move|p2a: Xerneas|Geomancy||[still]\n|-prepare|p2a: Xerneas|Geomancy\n|-enditem|p2a: Xerneas|Power Herb\n|-anim|p2a: Xerneas|Geomancy|p2a: Xerneas\n|-boost|p2a: Xerneas|spa|2\n|-boost|p2a: Xerneas|spd|2\n|-boost|p2a: Xerneas|spe|2\n|\n|-damage|p2a: Xerneas|77\/100 psn|[from] psn\n|upkeep\n|turn|2\n|\n|t:|1698539716\n|move|p2a: Xerneas|Moonblast|p1a: Glimmora\n|-resisted|p1a: Glimmora\n|-enditem|p1a: Glimmora|Focus Sash\n|-damage|p1a: Glimmora|1\/100\n|move|p1a: Glimmora|Stealth Rock|p2a: Xerneas\n|-sidestart|p2: 85792195wwww|move: Stealth Rock\n|\n|-damage|p2a: Xerneas|65\/100 psn|[from] psn\n|upkeep\n|turn|3\n|\n|t:|1698539727\n|move|p2a: Xerneas|Moonblast|p1a: Glimmora\n|-resisted|p1a: Glimmora\n|-damage|p1a: Glimmora|0 fnt\n|faint|p1a: Glimmora\n|\n|-damage|p2a: Xerneas|52\/100 psn|[from] psn\n|upkeep\n|\n|t:|1698539733\n|switch|p1a: Golem|Golem, M|100\/100\n|turn|4\n|\n|t:|1698539737\n|move|p2a: Xerneas|Moonblast|p1a: Golem\n|-ability|p1a: Golem|Sturdy\n|-damage|p1a: Golem|1\/100\n|move|p1a: Golem|Earthquake|p2a: Xerneas\n|-damage|p2a: Xerneas|16\/100 psn\n|\n|-damage|p2a: Xerneas|3\/100 psn|[from] psn\n|upkeep\n|turn|5\n|\n|t:|1698539751\n|switch|p2a: Krookodile|Krookodile, F|100\/100\n|-damage|p2a: Krookodile|94\/100|[from] Stealth Rock\n|-ability|p2a: Krookodile|Intimidate|boost\n|-unboost|p1a: Golem|atk|1\n|switch|p1a: Stakataka|Stakataka|100\/100\n|\n|upkeep\n|turn|6\n|\n|t:|1698539763\n|switch|p2a: Xerneas|Xerneas|3\/100 psn\n|-damage|p2a: Xerneas|0 fnt|[from] Stealth Rock\n|faint|p2a: Xerneas\n|switch|p1a: Aerodactyl|Aerodactyl, M|100\/100\n|-ability|p1a: Aerodactyl|Pressure\n|\n|upkeep\n|\n|t:|1698539777\n|switch|p2a: Zacian|Zacian-Crowned|100\/100\n|-damage|p2a: Zacian|94\/100|[from] Stealth Rock\n|-ability|p2a: Zacian|Intrepid Sword|boost\n|-boost|p2a: Zacian|atk|1\n|turn|7\n|\n|t:|1698539795\n|detailschange|p1a: Aerodactyl|Aerodactyl-Mega, M\n|-mega|p1a: Aerodactyl|Aerodactyl|Aerodactylite\n|move|p1a: Aerodactyl|Earthquake|p2a: Zacian\n|-supereffective|p2a: Zacian\n|-damage|p2a: Zacian|25\/100\n|move|p2a: Zacian|Behemoth Blade|p1a: Aerodactyl\n|-supereffective|p1a: Aerodactyl\n|-damage|p1a: Aerodactyl|0 fnt\n|faint|p1a: Aerodactyl\n|\n|upkeep\n|\n|t:|1698539797\n|switch|p1a: Omastar|Omastar, M|100\/100\n|turn|8\n|\n|t:|1698539810\n|move|p2a: Zacian|Wild Charge|p1a: Omastar\n|-supereffective|p1a: Omastar\n|-enditem|p1a: Omastar|Focus Sash\n|-damage|p1a: Omastar|1\/100\n|-ability|p1a: Omastar|Weak Armor|boost\n|-unboost|p1a: Omastar|def|1\n|-boost|p1a: Omastar|spe|2\n|-damage|p2a: Zacian|4\/100|[from] Recoil\n|move|p1a: Omastar|Shell Smash|p1a: Omastar\n|-unboost|p1a: Omastar|def|1\n|-unboost|p1a: Omastar|spd|1\n|-boost|p1a: Omastar|atk|2\n|-boost|p1a: Omastar|spa|2\n|-boost|p1a: Omastar|spe|2\n|\n|upkeep\n|turn|9\n|\n|t:|1698539825\n|move|p1a: Omastar|Surf|p2a: Zacian\n|-damage|p2a: Zacian|0 fnt\n|faint|p2a: Zacian\n|\n|upkeep\n|\n|t:|1698539835\n|switch|p2a: Kyogre|Kyogre|100\/100\n|-damage|p2a: Kyogre|88\/100|[from] Stealth Rock\n|detailschange|p2a: Kyogre|Kyogre-Primal\n|-primal|p2a: Kyogre|Blue Orb\n|-weather|PrimordialSea|[from] ability: Primordial Sea|[of] p2a: Kyogre\n|turn|10\n|\n|t:|1698539857\n|move|p1a: Omastar|Earth Power|p2a: Kyogre\n|-damage|p2a: Kyogre|50\/100\n|move|p2a: Kyogre|Scald|p1a: Omastar\n|-damage|p1a: Omastar|0 fnt\n|faint|p1a: Omastar\n|\n|-weather|PrimordialSea|[upkeep]\n|upkeep\n|\n|t:|1698539889\n|switch|p1a: Golem|Golem, M|1\/100\n|turn|11\n|-enditem|p1a: Golem|Custap Berry|[eat]\n|-activate|p1a: Golem|item: Custap Berry|[consumed]\n|\n|t:|1698539894\n|-weather|none\n|switch|p2a: Krookodile|Krookodile, F|94\/100\n|-damage|p2a: Krookodile|88\/100|[from] Stealth Rock\n|-ability|p2a: Krookodile|Intimidate|boost\n|-unboost|p1a: Golem|atk|1\n|move|p1a: Golem|Explosion|p2a: Krookodile\n|-damage|p2a: Krookodile|14\/100\n|faint|p1a: Golem\n|\n|upkeep\n|\n|t:|1698539904\n|switch|p1a: Nihilego|Nihilego|100\/100\n|turn|12\n|\n|t:|1698539910\n|switch|p2a: Arceus|Arceus|100\/100\n|-damage|p2a: Arceus|88\/100|[from] Stealth Rock\n|move|p1a: Nihilego|Meteor Beam||[still]\n|-prepare|p1a: Nihilego|Meteor Beam\n|-boost|p1a: Nihilego|spa|1\n|-enditem|p1a: Nihilego|Power Herb\n|-anim|p1a: Nihilego|Meteor Beam|p2a: Arceus\n|-damage|p2a: Arceus|18\/100\n|\n|upkeep\n|turn|13\n|\n|t:|1698539929\n|-terastallize|p1a: Nihilego|Ground\n|move|p2a: Arceus|Extreme Speed|p1a: Nihilego\n|-damage|p1a: Nihilego|3\/100\n|-damage|p2a: Arceus|8\/100|[from] item: Life Orb\n|move|p1a: Nihilego|Sludge Wave|p2a: Arceus\n|-damage|p2a: Arceus|0 fnt\n|faint|p2a: Arceus\n|-ability|p1a: Nihilego|Beast Boost|boost\n|-boost|p1a: Nihilego|spe|1\n|\n|upkeep\n|\n|t:|1698539945\n|switch|p2a: Groudon|Groudon|100\/100\n|-damage|p2a: Groudon|94\/100|[from] Stealth Rock\n|detailschange|p2a: Groudon|Groudon-Primal\n|-primal|p2a: Groudon|Red Orb\n|-weather|DesolateLand|[from] ability: Desolate Land|[of] p2a: Groudon\n|turn|14\n|\n|t:|1698539953\n|move|p1a: Nihilego|Hidden Power|p2a: Groudon\n|-supereffective|p2a: Groudon\n|-damage|p2a: Groudon|8\/100\n|move|p2a: Groudon|Heat Crash|p1a: Nihilego\n|-damage|p1a: Nihilego|0 fnt\n|faint|p1a: Nihilego\n|\n|-weather|DesolateLand|[upkeep]\n|upkeep\n|\n|t:|1698539957\n|switch|p1a: Stakataka|Stakataka|100\/100\n|turn|15\n|\n|t:|1698539966\n|move|p2a: Groudon|Precipice Blades|p1a: Stakataka\n|-supereffective|p1a: Stakataka\n|-damage|p1a: Stakataka|0 fnt\n|faint|p1a: Stakataka\n|\n|win|85792195wwww\n|raw|AltariaGolden's rating: 1501 &rarr; <strong>1494<\/strong><br \/>(-7 for losing)\n|raw|85792195wwww's rating: 1774 &rarr; <strong>1781<\/strong><br \/>(+7 for winning)\n","uploadtime":1698539974,"views":9,"p1id":"altariagolden","p2id":"85792195wwww","formatid":"gen9nationaldexubers","rating":1494,"private":0,"password":""}