{"id":"gen9nationaldexubers-1980728763","p1":"mynameispaimon","p2":"Elscorchie","format":"[Gen 9] National Dex Ubers","log":"|j|\u2606mynameispaimon\n|j|\u2606Elscorchie\n|t:|1698820833\n|gametype|singles\n|player|p1|mynameispaimon|102|1184\n|player|p2|Elscorchie|lucas|1181\n|teamsize|p1|2\n|teamsize|p2|6\n|gen|9\n|tier|[Gen 9] National Dex Ubers\n|rated|\n|rule|HP Percentage Mod: HP is shown in percentages\n|rule|Endless Battle Clause: Forcing endless battles is banned\n|rule|OHKO Clause: OHKO moves are banned\n|rule|Evasion Moves Clause: Evasion moves are banned\n|rule|Evasion Items Clause: Evasion items are banned\n|rule|Species Clause: Limit one of each Pok\u00e9mon\n|rule|Sleep Clause Mod: Limit one foe put to sleep\n|rule|Mega Rayquaza Clause: You cannot mega evolve Rayquaza\n|clearpoke\n|poke|p1|Ribombee, F|\n|poke|p1|Zacian-*|\n|poke|p2|Pangoro, F|\n|poke|p2|Krookodile, F|\n|poke|p2|Greninja-*, M|\n|poke|p2|Sharpedo, F|\n|poke|p2|Hydreigon, M|\n|poke|p2|Kingambit, F|\n|teampreview\n|inactive|Battle timer is ON: inactive players will automatically lose when time's up. (requested by mynameispaimon)\n|\n|t:|1698820872\n|start\n|switch|p1a: Ribombee|Ribombee, F|100\/100\n|switch|p2a: Pangoro|Pangoro, F|100\/100\n|turn|1\n|\n|t:|1698820883\n|move|p1a: Ribombee|Sticky Web|p2a: Pangoro\n|-sidestart|p2: Elscorchie|move: Sticky Web\n|move|p2a: Pangoro|Beat Up|p1a: Ribombee\n|-resisted|p1a: Ribombee\n|-damage|p1a: Ribombee|90\/100\n|-resisted|p1a: Ribombee\n|-damage|p1a: Ribombee|81\/100\n|-resisted|p1a: Ribombee\n|-damage|p1a: Ribombee|73\/100\n|-resisted|p1a: Ribombee\n|-damage|p1a: Ribombee|64\/100\n|-resisted|p1a: Ribombee\n|-damage|p1a: Ribombee|55\/100\n|-resisted|p1a: Ribombee\n|-damage|p1a: Ribombee|45\/100\n|-hitcount|p1a: Ribombee|6\n|\n|upkeep\n|turn|2\n|inactive|Elscorchie has 120 seconds left.\n|\n|t:|1698820915\n|move|p1a: Ribombee|Moonblast|p2a: Pangoro\n|-supereffective|p2a: Pangoro\n|-damage|p2a: Pangoro|0 fnt\n|faint|p2a: Pangoro\n|\n|upkeep\n|inactive|Elscorchie has 120 seconds left.\n|\n|t:|1698820927\n|switch|p2a: Greninja|Greninja, M|100\/100\n|-activate|p2a: Greninja|move: Sticky Web\n|-unboost|p2a: Greninja|spe|1\n|turn|3\n|\n|t:|1698820935\n|move|p2a: Greninja|Water Shuriken|p1a: Ribombee\n|-damage|p1a: Ribombee|33\/100\n|-damage|p1a: Ribombee|19\/100\n|-hitcount|p1a: Ribombee|2\n|move|p1a: Ribombee|Moonblast|p2a: Greninja\n|-supereffective|p2a: Greninja\n|-damage|p2a: Greninja|0 fnt\n|faint|p2a: Greninja\n|\n|upkeep\n|inactive|Elscorchie has 120 seconds left.\n|\n|t:|1698820957\n|switch|p2a: Krookodile|Krookodile, F|100\/100\n|-activate|p2a: Krookodile|move: Sticky Web\n|-unboost|p2a: Krookodile|spe|1\n|turn|4\n|\n|t:|1698820963\n|move|p1a: Ribombee|Moonblast|p2a: Krookodile\n|-supereffective|p2a: Krookodile\n|-damage|p2a: Krookodile|0 fnt\n|faint|p2a: Krookodile\n|\n|upkeep\n|\n|t:|1698820970\n|switch|p2a: Kingambit|Kingambit, F|100\/100\n|-activate|p2a: Kingambit|move: Sticky Web\n|-unboost|p2a: Kingambit|spe|1\n|-activate|p2a: Kingambit|ability: Supreme Overlord\n|-start|p2a: Kingambit|fallen3|[silent]\n|turn|5\n|\n|t:|1698820985\n|move|p2a: Kingambit|Sucker Punch||[still]\n|-fail|p2a: Kingambit\n|move|p1a: Ribombee|Stun Spore|p2a: Kingambit\n|-status|p2a: Kingambit|par\n|\n|upkeep\n|turn|6\n|inactive|Elscorchie has 120 seconds left.\n|\n|t:|1698821015\n|cant|p2a: Kingambit|par\n|move|p1a: Ribombee|Moonblast|p2a: Kingambit\n|-damage|p2a: Kingambit|54\/100 par\n|\n|upkeep\n|turn|7\n|\n|t:|1698821025\n|move|p2a: Kingambit|Sucker Punch|p1a: Ribombee\n|-resisted|p1a: Ribombee\n|-damage|p1a: Ribombee|0 fnt\n|faint|p1a: Ribombee\n|\n|upkeep\n|\n|t:|1698821031\n|switch|p1a: Zacian|Zacian-Crowned|100\/100\n|-ability|p1a: Zacian|Intrepid Sword|boost\n|-boost|p1a: Zacian|atk|1\n|turn|8\n|inactive|Elscorchie has 120 seconds left.\n|\n|t:|1698821047\n|-terastallize|p1a: Zacian|Fire\n|move|p1a: Zacian|Substitute|p1a: Zacian\n|-start|p1a: Zacian|Substitute\n|-damage|p1a: Zacian|75\/100\n|move|p2a: Kingambit|Iron Head|p1a: Zacian\n|-resisted|p1a: Zacian\n|-activate|p1a: Zacian|move: Substitute|[damage]\n|\n|upkeep\n|turn|9\n|\n|t:|1698821061\n|move|p2a: Kingambit|Sucker Punch||[still]\n|-fail|p2a: Kingambit\n|move|p1a: Zacian|Swords Dance|p1a: Zacian\n|-boost|p1a: Zacian|atk|2\n|\n|upkeep\n|turn|10\n|\n|t:|1698821080\n|move|p1a: Zacian|Trailblaze|p2a: Kingambit\n|-resisted|p2a: Kingambit\n|-damage|p2a: Kingambit|41\/100 par\n|-boost|p1a: Zacian|spe|1\n|move|p2a: Kingambit|Kowtow Cleave|p1a: Zacian\n|-end|p1a: Zacian|Substitute\n|\n|upkeep\n|turn|11\n|\n|t:|1698821091\n|move|p1a: Zacian|Behemoth Blade|p2a: Kingambit\n|-resisted|p2a: Kingambit\n|-damage|p2a: Kingambit|0 fnt\n|faint|p2a: Kingambit\n|-end|p2a: Kingambit|fallen3|[silent]\n|\n|upkeep\n|\n|t:|1698821094\n|switch|p2a: Hydreigon|Hydreigon, M|100\/100\n|turn|12\n|\n|t:|1698821103\n|move|p1a: Zacian|Behemoth Blade|p2a: Hydreigon\n|-damage|p2a: Hydreigon|0 fnt\n|faint|p2a: Hydreigon\n|\n|upkeep\n|\n|t:|1698821108\n|switch|p2a: Sharpedo|Sharpedo, F|100\/100\n|-activate|p2a: Sharpedo|move: Sticky Web\n|-unboost|p2a: Sharpedo|spe|1\n|turn|13\n|\n|t:|1698821113\n|move|p2a: Sharpedo|Protect|p2a: Sharpedo\n|-singleturn|p2a: Sharpedo|Protect\n|move|p1a: Zacian|Behemoth Blade|p2a: Sharpedo\n|-activate|p2a: Sharpedo|move: Protect\n|\n|-ability|p2a: Sharpedo|Speed Boost|boost\n|-boost|p2a: Sharpedo|spe|1\n|upkeep\n|turn|14\n|\n|t:|1698821121\n|detailschange|p2a: Sharpedo|Sharpedo-Mega, F\n|-mega|p2a: Sharpedo|Sharpedo|Sharpedonite\n|move|p1a: Zacian|Behemoth Blade|p2a: Sharpedo\n|-resisted|p2a: Sharpedo\n|-damage|p2a: Sharpedo|0 fnt\n|faint|p2a: Sharpedo\n|\n|win|mynameispaimon\n|raw|mynameispaimon's rating: 1184 &rarr; <strong>1209<\/strong><br \/>(+25 for winning)\n|raw|Elscorchie's rating: 1181 &rarr; <strong>1156<\/strong><br \/>(-25 for losing)\n|l|\u2606Elscorchie\n","uploadtime":1698821132,"views":11,"p1id":"mynameispaimon","p2id":"elscorchie","formatid":"gen9nationaldexubers","rating":1156,"private":0,"password":""}