{"id":"gen9nationaldexubers-1996723898","p1":"hutoew","p2":"danish13","format":"[Gen 9] National Dex Ubers","log":"|j|\u2606hutoew\n|j|\u2606danish13\n|t:|1700714767\n|gametype|singles\n|player|p1|hutoew|hilda|1567\n|player|p2|danish13|lance|1598\n|teamsize|p1|6\n|teamsize|p2|6\n|gen|9\n|tier|[Gen 9] National Dex Ubers\n|rated|\n|rule|HP Percentage Mod: HP is shown in percentages\n|rule|Endless Battle Clause: Forcing endless battles is banned\n|rule|OHKO Clause: OHKO moves are banned\n|rule|Evasion Moves Clause: Evasion moves are banned\n|rule|Evasion Items Clause: Evasion items are banned\n|rule|Species Clause: Limit one of each Pok\u00e9mon\n|rule|Sleep Clause Mod: Limit one foe put to sleep\n|rule|Mega Rayquaza Clause: You cannot mega evolve Rayquaza\n|clearpoke\n|poke|p1|Xerneas-*|\n|poke|p1|Yveltal|\n|poke|p1|Marshadow|\n|poke|p1|Cinderace, M|\n|poke|p1|Kartana|\n|poke|p1|Kyurem-White|\n|poke|p2|Salamence, M|\n|poke|p2|Yveltal|\n|poke|p2|Arceus|\n|poke|p2|Rayquaza|\n|poke|p2|Roaring Moon|\n|poke|p2|Meowscarada, M|\n|teampreview\n|inactive|Battle timer is ON: inactive players will automatically lose when time's up. (requested by danish13)\n|\n|t:|1700714787\n|start\n|switch|p1a: Yveltal|Yveltal|100\/100\n|switch|p2a: Arceus|Arceus|100\/100\n|-ability|p1a: Yveltal|Dark Aura\n|turn|1\n|\n|t:|1700714794\n|move|p1a: Yveltal|U-turn|p2a: Arceus\n|-damage|p2a: Arceus|84\/100\n|\n|t:|1700714796\n|switch|p1a: Marshadow|Marshadow|100\/100|[from] U-turn\n|move|p2a: Arceus|Earthquake|p1a: Marshadow\n|-damage|p1a: Marshadow|47\/100\n|\n|upkeep\n|turn|2\n|\n|t:|1700714803\n|switch|p2a: Salamence|Salamence, M|100\/100\n|-ability|p2a: Salamence|Intimidate|boost\n|-unboost|p1a: Marshadow|atk|1\n|move|p1a: Marshadow|Close Combat|p2a: Salamence\n|-resisted|p2a: Salamence\n|-damage|p2a: Salamence|67\/100\n|-unboost|p1a: Marshadow|def|1\n|-unboost|p1a: Marshadow|spd|1\n|\n|upkeep\n|turn|3\n|\n|t:|1700714812\n|switch|p1a: Kartana|Kartana|100\/100\n|detailschange|p2a: Salamence|Salamence-Mega, M\n|-mega|p2a: Salamence|Salamence|Salamencite\n|move|p2a: Salamence|Dragon Dance|p2a: Salamence\n|-boost|p2a: Salamence|atk|1\n|-boost|p2a: Salamence|spe|1\n|\n|upkeep\n|turn|4\n|\n|t:|1700714822\n|move|p2a: Salamence|Body Slam|p1a: Kartana\n|-damage|p1a: Kartana|5\/100\n|-status|p1a: Kartana|par\n|move|p1a: Kartana|Smart Strike|p2a: Salamence\n|-damage|p2a: Salamence|14\/100\n|\n|upkeep\n|turn|5\n|\n|t:|1700714832\n|move|p2a: Salamence|Body Slam|p1a: Kartana\n|-damage|p1a: Kartana|0 fnt\n|faint|p1a: Kartana\n|\n|upkeep\n|\n|t:|1700714834\n|switch|p1a: Yveltal|Yveltal|100\/100\n|-ability|p1a: Yveltal|Dark Aura\n|turn|6\n|\n|t:|1700714839\n|move|p1a: Yveltal|Sucker Punch||[still]\n|-fail|p1a: Yveltal\n|move|p2a: Salamence|Roost|p2a: Salamence\n|-heal|p2a: Salamence|65\/100\n|-singleturn|p2a: Salamence|move: Roost\n|\n|upkeep\n|turn|7\n|\n|t:|1700714845\n|move|p1a: Yveltal|Sucker Punch|p2a: Salamence\n|-damage|p2a: Salamence|26\/100\n|move|p2a: Salamence|Body Slam|p1a: Yveltal\n|-damage|p1a: Yveltal|5\/100\n|-status|p1a: Yveltal|par\n|\n|upkeep\n|turn|8\n|\n|t:|1700714851\n|move|p2a: Salamence|Roost|p2a: Salamence\n|-heal|p2a: Salamence|76\/100\n|-singleturn|p2a: Salamence|move: Roost\n|move|p1a: Yveltal|Knock Off|p2a: Salamence\n|-damage|p2a: Salamence|44\/100\n|\n|upkeep\n|turn|9\n|\n|t:|1700714858\n|move|p2a: Salamence|Roost|p2a: Salamence\n|-heal|p2a: Salamence|94\/100\n|-singleturn|p2a: Salamence|move: Roost\n|move|p1a: Yveltal|Oblivion Wing|p2a: Salamence\n|-damage|p2a: Salamence|57\/100\n|-heal|p1a: Yveltal|30\/100 par|[from] drain|[of] p2a: Salamence\n|\n|upkeep\n|turn|10\n|\n|t:|1700714867\n|move|p1a: Yveltal|Sucker Punch|p2a: Salamence\n|-crit|p2a: Salamence\n|-damage|p2a: Salamence|3\/100\n|move|p2a: Salamence|Body Slam|p1a: Yveltal\n|-damage|p1a: Yveltal|0 fnt\n|faint|p1a: Yveltal\n|\n|upkeep\n|\n|t:|1700714871\n|switch|p1a: Marshadow|Marshadow|47\/100\n|turn|11\n|\n|t:|1700714875\n|switch|p2a: Meowscarada|Meowscarada, M|100\/100\n|move|p1a: Marshadow|Shadow Sneak|p2a: Meowscarada\n|-resisted|p2a: Meowscarada\n|-damage|p2a: Meowscarada|66\/100\n|\n|upkeep\n|turn|12\n|\n|t:|1700714881\n|switch|p1a: Cinderace|Cinderace, M|100\/100\n|move|p2a: Meowscarada|Sucker Punch||[still]\n|-fail|p2a: Meowscarada\n|\n|upkeep\n|turn|13\n|\n|t:|1700714894\n|switch|p2a: Arceus|Arceus|84\/100\n|move|p1a: Cinderace|Gunk Shot|p2a: Arceus\n|-start|p1a: Cinderace|typechange|Poison|[from] ability: Libero\n|-damage|p2a: Arceus|41\/100\n|\n|upkeep\n|turn|14\n|\n|t:|1700714901\n|move|p1a: Cinderace|High Jump Kick|p2a: Arceus|[miss]\n|-miss|p1a: Cinderace|p2a: Arceus\n|-damage|p1a: Cinderace|51\/100|[from] highjumpkick\n|move|p2a: Arceus|Earthquake|p1a: Cinderace\n|-supereffective|p1a: Cinderace\n|-damage|p1a: Cinderace|0 fnt\n|faint|p1a: Cinderace\n|\n|upkeep\n|\n|t:|1700714905\n|switch|p1a: Marshadow|Marshadow|47\/100\n|turn|15\n|\n|t:|1700714910\n|move|p1a: Marshadow|Close Combat|p2a: Arceus\n|-supereffective|p2a: Arceus\n|-damage|p2a: Arceus|0 fnt\n|-unboost|p1a: Marshadow|def|1\n|-unboost|p1a: Marshadow|spd|1\n|faint|p2a: Arceus\n|\n|upkeep\n|\n|t:|1700714920\n|switch|p2a: Yveltal|Yveltal|100\/100\n|-ability|p2a: Yveltal|Dark Aura\n|turn|16\n|\n|t:|1700714925\n|switch|p1a: Xerneas|Xerneas|100\/100\n|-ability|p1a: Xerneas|Fairy Aura\n|move|p2a: Yveltal|Oblivion Wing|p1a: Xerneas\n|-damage|p1a: Xerneas|72\/100\n|\n|upkeep\n|turn|17\n|\n|t:|1700714933\n|move|p1a: Xerneas|Play Rough|p2a: Yveltal\n|-supereffective|p2a: Yveltal\n|-damage|p2a: Yveltal|0 fnt\n|faint|p2a: Yveltal\n|\n|upkeep\n|\n|t:|1700714941\n|switch|p2a: Roaring Moon|Roaring Moon|100\/100\n|-enditem|p2a: Roaring Moon|Booster Energy\n|-activate|p2a: Roaring Moon|ability: Protosynthesis|[fromitem]\n|-start|p2a: Roaring Moon|protosynthesisatk\n|turn|18\n|\n|t:|1700714947\n|-terastallize|p2a: Roaring Moon|Fire\n|move|p2a: Roaring Moon|Dragon Dance|p2a: Roaring Moon\n|-boost|p2a: Roaring Moon|atk|1\n|-boost|p2a: Roaring Moon|spe|1\n|move|p1a: Xerneas|Play Rough|p2a: Roaring Moon\n|-resisted|p2a: Roaring Moon\n|-crit|p2a: Roaring Moon\n|-damage|p2a: Roaring Moon|14\/100\n|\n|upkeep\n|turn|19\n|\n|t:|1700714959\n|move|p2a: Roaring Moon|Iron Head|p1a: Xerneas\n|-supereffective|p1a: Xerneas\n|-damage|p1a: Xerneas|0 fnt\n|faint|p1a: Xerneas\n|\n|upkeep\n|\n|t:|1700714962\n|switch|p1a: Marshadow|Marshadow|47\/100\n|turn|20\n|\n|t:|1700714965\n|move|p1a: Marshadow|Shadow Sneak|p2a: Roaring Moon\n|-damage|p2a: Roaring Moon|0 fnt\n|faint|p2a: Roaring Moon\n|-end|p2a: Roaring Moon|Protosynthesis|[silent]\n|\n|upkeep\n|\n|t:|1700714973\n|switch|p2a: Meowscarada|Meowscarada, M|66\/100\n|turn|21\n|j| yqeO\n|\n|t:|1700714977\n|move|p1a: Marshadow|Shadow Sneak|p2a: Meowscarada\n|-resisted|p2a: Meowscarada\n|-damage|p2a: Meowscarada|33\/100\n|move|p2a: Meowscarada|Sucker Punch||[still]\n|-fail|p2a: Meowscarada\n|\n|upkeep\n|turn|22\n|\n|t:|1700714982\n|move|p1a: Marshadow|Shadow Sneak|p2a: Meowscarada\n|-resisted|p2a: Meowscarada\n|-damage|p2a: Meowscarada|0 fnt\n|faint|p2a: Meowscarada\n|\n|upkeep\n|\n|t:|1700714986\n|switch|p2a: Rayquaza|Rayquaza|100\/100\n|-ability|p2a: Rayquaza|Air Lock\n|turn|23\n|l| yqeO\n|\n|t:|1700714990\n|move|p1a: Marshadow|Shadow Sneak|p2a: Rayquaza\n|-damage|p2a: Rayquaza|47\/100\n|move|p2a: Rayquaza|Ice Beam|p1a: Marshadow\n|-damage|p1a: Marshadow|0 fnt\n|faint|p1a: Marshadow\n|-damage|p2a: Rayquaza|37\/100|[from] item: Life Orb\n|\n|upkeep\n|\n|t:|1700714992\n|switch|p1a: Kyurem|Kyurem-White|100\/100\n|-ability|p1a: Kyurem|Turboblaze\n|turn|24\n|\n|t:|1700715000\n|move|p2a: Rayquaza|Extreme Speed|p1a: Kyurem\n|-damage|p1a: Kyurem|66\/100\n|-damage|p2a: Rayquaza|27\/100|[from] item: Life Orb\n|move|p1a: Kyurem|Freeze-Dry|p2a: Rayquaza\n|-supereffective|p2a: Rayquaza\n|-damage|p2a: Rayquaza|0 fnt\n|faint|p2a: Rayquaza\n|\n|upkeep\n|\n|t:|1700715008\n|switch|p2a: Salamence|Salamence-Mega, M|3\/100\n|turn|25\n|\n|t:|1700715011\n|move|p1a: Kyurem|Freeze-Dry|p2a: Salamence\n|-supereffective|p2a: Salamence\n|-damage|p2a: Salamence|0 fnt\n|faint|p2a: Salamence\n|\n|win|hutoew\n|raw|hutoew's rating: 1567 &rarr; <strong>1589<\/strong><br \/>(+22 for winning)\n|raw|danish13's rating: 1598 &rarr; <strong>1576<\/strong><br \/>(-22 for losing)\n|l|\u2606danish13\n|c|\u2606hutoew|For Zacian\n|l|\u2606hutoew\n|j|\u2606hutoew\n|player|p1|hutoew|hilda\n","uploadtime":1700715155,"views":6,"p1id":"hutoew","p2id":"danish13","formatid":"gen9nationaldexubers","rating":1576,"private":0,"password":""}