{"id":"gen9nationaldexubers-1983440465","p1":"Arick03","p2":"Plush Candy","format":"[Gen 9] National Dex Ubers","log":"|j|\u2606Arick03\n|j|\u2606Plush Candy\n|t:|1699130405\n|gametype|singles\n|player|p1|Arick03|170|1191\n|player|p2|Plush Candy|blue-gen1two|1191\n|teamsize|p1|6\n|teamsize|p2|6\n|gen|9\n|tier|[Gen 9] National Dex Ubers\n|rated|\n|rule|HP Percentage Mod: HP is shown in percentages\n|rule|Endless Battle Clause: Forcing endless battles is banned\n|rule|OHKO Clause: OHKO moves are banned\n|rule|Evasion Moves Clause: Evasion moves are banned\n|rule|Evasion Items Clause: Evasion items are banned\n|rule|Species Clause: Limit one of each Pok\u00e9mon\n|rule|Sleep Clause Mod: Limit one foe put to sleep\n|rule|Mega Rayquaza Clause: You cannot mega evolve Rayquaza\n|clearpoke\n|poke|p1|Iron Valiant|\n|poke|p1|Ceruledge, F|\n|poke|p1|Haxorus, M|\n|poke|p1|Reuniclus, M|\n|poke|p1|Scizor, F|\n|poke|p1|Deoxys-Attack|\n|poke|p2|Lycanroc-Midnight, F|\n|poke|p2|Bronzong|\n|poke|p2|Necrozma-Dawn-Wings|\n|poke|p2|Aurorus, F|\n|poke|p2|Hatterene, F|\n|poke|p2|Baxcalibur, M|\n|teampreview\n|c|\u2606Plush Candy|Glhf\n|c|\u2606Arick03|same\n|c|\u2606Plush Candy|Scizor terrifying as usual\n|\n|t:|1699130428\n|start\n|switch|p1a: Deoxys|Deoxys-Attack|100\/100\n|switch|p2a: Hell Bell|Bronzong, shiny|100\/100\n|-ability|p1a: Deoxys|Pressure\n|turn|1\n|c|\u2606Arick03|Bisharp Sucker Punch wasnt cutting it for me.\n|c|\u2606Arick03|And I wasnt using my gimmick anyways, so it fit nice.\n|\n|t:|1699130480\n|move|p1a: Deoxys|Knock Off|p2a: Hell Bell\n|-supereffective|p2a: Hell Bell\n|-damage|p2a: Hell Bell|12\/100\n|-enditem|p2a: Hell Bell|Normal Gem|[from] move: Knock Off|[of] p1a: Deoxys\n|-damage|p1a: Deoxys|91\/100|[from] item: Life Orb\n|move|p2a: Hell Bell|Trick Room|p2a: Hell Bell\n|-fieldstart|move: Trick Room|[of] p2a: Hell Bell\n|\n|upkeep\n|turn|2\n|\n|t:|1699130498\n|move|p1a: Deoxys|Extreme Speed|p2a: Hell Bell\n|-resisted|p2a: Hell Bell\n|-damage|p2a: Hell Bell|0 fnt\n|faint|p2a: Hell Bell\n|-damage|p1a: Deoxys|81\/100|[from] item: Life Orb\n|\n|upkeep\n|\n|t:|1699130505\n|switch|p2a: Jewel|Lycanroc-Midnight, F, shiny|100\/100\n|turn|3\n|\n|t:|1699130517\n|switch|p1a: Ceruledge|Ceruledge, F|100\/100\n|move|p2a: Jewel|Shadow Claw|p1a: Ceruledge\n|-supereffective|p1a: Ceruledge\n|-damage|p1a: Ceruledge|16\/100\n|\n|upkeep\n|turn|4\n|\n|t:|1699130526\n|move|p1a: Ceruledge|Shadow Sneak|p2a: Jewel\n|-damage|p2a: Jewel|76\/100\n|move|p2a: Jewel|Shadow Claw|p1a: Ceruledge\n|-supereffective|p1a: Ceruledge\n|-damage|p1a: Ceruledge|0 fnt\n|faint|p1a: Ceruledge\n|\n|upkeep\n|\n|t:|1699130532\n|switch|p1a: Reuniclus|Reuniclus, M|100\/100\n|turn|5\n|\n|t:|1699130540\n|-terastallize|p2a: Jewel|Ghost\n|move|p1a: Reuniclus|Energy Ball|p2a: Jewel\n|-damage|p2a: Jewel|49\/100\n|move|p2a: Jewel|Shadow Claw|p1a: Reuniclus\n|-supereffective|p1a: Reuniclus\n|-damage|p1a: Reuniclus|38\/100\n|-damage|p2a: Jewel|32\/100|[from] item: Rocky Helmet|[of] p1a: Reuniclus\n|\n|-fieldend|move: Trick Room\n|upkeep\n|turn|6\n|\n|t:|1699130550\n|move|p2a: Jewel|Shadow Claw|p1a: Reuniclus\n|-supereffective|p1a: Reuniclus\n|-damage|p1a: Reuniclus|0 fnt\n|-damage|p2a: Jewel|15\/100|[from] item: Rocky Helmet|[of] p1a: Reuniclus\n|faint|p1a: Reuniclus\n|\n|upkeep\n|\n|t:|1699130558\n|switch|p1a: Scizor|Scizor, F|100\/100\n|turn|7\n|\n|t:|1699130566\n|detailschange|p1a: Scizor|Scizor-Mega, F\n|-mega|p1a: Scizor|Scizor|Scizorite\n|move|p1a: Scizor|Bullet Punch|p2a: Jewel\n|-damage|p2a: Jewel|0 fnt\n|faint|p2a: Jewel\n|\n|upkeep\n|\n|t:|1699130575\n|switch|p2a: Silver Blood|Necrozma-Dawn-Wings, shiny|100\/100\n|turn|8\n|\n|t:|1699130598\n|detailschange|p2a: Silver Blood|Necrozma-Ultra, shiny\n|-burst|p2a: Silver Blood|Necrozma|Ultranecrozium Z\n|move|p2a: Silver Blood|Heat Wave|p1a: Scizor\n|-supereffective|p1a: Scizor\n|-damage|p1a: Scizor|0 fnt\n|faint|p1a: Scizor\n|\n|upkeep\n|\n|t:|1699130606\n|switch|p1a: Deoxys|Deoxys-Attack|81\/100\n|-ability|p1a: Deoxys|Pressure\n|turn|9\n|c|\u2606Plush Candy|All hail the true god of Pok\u00e9mon, Necrozma, god of Light\n|\n|t:|1699130641\n|switch|p2a: Hatterene|Hatterene, F|100\/100\n|move|p1a: Deoxys|Knock Off|p2a: Hatterene\n|-damage|p2a: Hatterene|37\/100\n|-enditem|p2a: Hatterene|Life Orb|[from] move: Knock Off|[of] p1a: Deoxys\n|-damage|p1a: Deoxys|71\/100|[from] item: Life Orb\n|\n|upkeep\n|turn|10\n|\n|t:|1699130649\n|move|p1a: Deoxys|Poison Jab|p2a: Hatterene\n|-supereffective|p2a: Hatterene\n|-damage|p2a: Hatterene|0 fnt\n|faint|p2a: Hatterene\n|-damage|p1a: Deoxys|61\/100|[from] item: Life Orb\n|\n|upkeep\n|\n|t:|1699130654\n|switch|p2a: Lyk|Baxcalibur, M, shiny|100\/100\n|turn|11\n|\n|t:|1699130675\n|switch|p1a: Iron Valiant|Iron Valiant|100\/100\n|-enditem|p1a: Iron Valiant|Booster Energy\n|-activate|p1a: Iron Valiant|ability: Quark Drive|[fromitem]\n|-start|p1a: Iron Valiant|quarkdrivespe\n|move|p2a: Lyk|Iron Head|p1a: Iron Valiant\n|-supereffective|p1a: Iron Valiant\n|-damage|p1a: Iron Valiant|19\/100\n|\n|upkeep\n|turn|12\n|\n|t:|1699130696\n|move|p1a: Iron Valiant|Spirit Break|p2a: Lyk\n|-supereffective|p2a: Lyk\n|-damage|p2a: Lyk|25\/100\n|-unboost|p2a: Lyk|spa|1\n|move|p2a: Lyk|Iron Head|p1a: Iron Valiant\n|-supereffective|p1a: Iron Valiant\n|-damage|p1a: Iron Valiant|0 fnt\n|faint|p1a: Iron Valiant\n|-end|p1a: Iron Valiant|Quark Drive|[silent]\n|\n|upkeep\n|\n|t:|1699130722\n|switch|p1a: Deoxys|Deoxys-Attack|61\/100\n|-ability|p1a: Deoxys|Pressure\n|turn|13\n|\n|t:|1699130730\n|move|p1a: Deoxys|Extreme Speed|p2a: Lyk\n|-damage|p2a: Lyk|0 fnt\n|faint|p2a: Lyk\n|-damage|p1a: Deoxys|51\/100|[from] item: Life Orb\n|\n|upkeep\n|\n|t:|1699130734\n|switch|p2a: aurora borealis|Aurorus, F, shiny|100\/100\n|-weather|Snow|[from] ability: Snow Warning|[of] p2a: aurora borealis\n|turn|14\n|\n|t:|1699130753\n|move|p1a: Deoxys|Psycho Boost|p2a: aurora borealis\n|-damage|p2a: aurora borealis|8\/100\n|-unboost|p1a: Deoxys|spa|2\n|-damage|p1a: Deoxys|41\/100|[from] item: Life Orb\n|move|p2a: aurora borealis|Aurora Veil|p2a: aurora borealis\n|-sidestart|p2: Plush Candy|move: Aurora Veil\n|\n|-weather|Snow|[upkeep]\n|upkeep\n|turn|15\n|\n|t:|1699130764\n|move|p1a: Deoxys|Knock Off|p2a: aurora borealis\n|-damage|p2a: aurora borealis|0 fnt\n|-enditem|p2a: aurora borealis|Power Herb|[from] move: Knock Off|[of] p1a: Deoxys\n|faint|p2a: aurora borealis\n|-damage|p1a: Deoxys|31\/100|[from] item: Life Orb\n|\n|-weather|Snow|[upkeep]\n|upkeep\n|\n|t:|1699130767\n|switch|p2a: Silver Blood|Necrozma-Ultra, shiny|100\/100\n|turn|16\n|\n|t:|1699130775\n|move|p1a: Deoxys|Knock Off|p2a: Silver Blood\n|-supereffective|p2a: Silver Blood\n|-damage|p2a: Silver Blood|62\/100\n|-damage|p1a: Deoxys|21\/100|[from] item: Life Orb\n|move|p2a: Silver Blood|Moongeist Beam|p1a: Deoxys\n|-supereffective|p1a: Deoxys\n|-damage|p1a: Deoxys|0 fnt\n|faint|p1a: Deoxys\n|\n|-weather|Snow|[upkeep]\n|upkeep\n|c|\u2606Plush Candy|Gg, it comes down to this\n|\n|t:|1699130798\n|switch|p1a: Haxorus|Haxorus, M|100\/100\n|-ability|p1a: Haxorus|Mold Breaker\n|turn|17\n|c|\u2606Plush Candy|Either way it's a wp game\n|\n|t:|1699130806\n|-zpower|p2a: Silver Blood\n|move|p2a: Silver Blood|Light That Burns the Sky|p1a: Haxorus|[zeffect]\n|-damage|p1a: Haxorus|0 fnt\n|faint|p1a: Haxorus\n|\n|win|Plush Candy\n|raw|Arick03's rating: 1191 &rarr; <strong>1166<\/strong><br \/>(-25 for losing)\n|raw|Plush Candy's rating: 1191 &rarr; <strong>1216<\/strong><br \/>(+25 for winning)\n|c|\u2606Arick03|gg\n|l|\u2606Arick03\n|c|\u2606Plush Candy|Gg\n","uploadtime":1699130819,"views":14,"p1id":"arick03","p2id":"plushcandy","formatid":"gen9nationaldexubers","rating":1166,"private":0,"password":""}