{"id":"gen9nationaldexubers-1990159550","p1":"NeviLow","p2":"alcatel999","format":"[Gen 9] National Dex Ubers","log":"|j|\u2606NeviLow\n|j|\u2606alcatel999\n|t:|1699931134\n|gametype|singles\n|player|p1|NeviLow|veteran|\n|player|p2|alcatel999|rocketgrunt|\n|teamsize|p1|6\n|teamsize|p2|6\n|gen|9\n|tier|[Gen 9] National Dex Ubers\n|rule|HP Percentage Mod: HP is shown in percentages\n|rule|Endless Battle Clause: Forcing endless battles is banned\n|rule|OHKO Clause: OHKO moves are banned\n|rule|Evasion Moves Clause: Evasion moves are banned\n|rule|Evasion Items Clause: Evasion items are banned\n|rule|Species Clause: Limit one of each Pok\u00e9mon\n|rule|Sleep Clause Mod: Limit one foe put to sleep\n|rule|Mega Rayquaza Clause: You cannot mega evolve Rayquaza\n|clearpoke\n|poke|p1|Tyranitar, F|\n|poke|p1|Hippowdon, F|\n|poke|p1|Ferrothorn, M|\n|poke|p1|Excadrill, F|\n|poke|p1|Lycanroc-Dusk, F|\n|poke|p1|Houndstone, M|\n|poke|p2|Diancie|\n|poke|p2|Klefki, M|\n|poke|p2|Mimikyu, M|\n|poke|p2|Tapu Fini|\n|poke|p2|Tapu Bulu|\n|poke|p2|Tapu Lele|\n|teampreview\n|c|\u2606alcatel999|GL HF\n|\n|t:|1699931154\n|start\n|switch|p1a: Hippowdon|Hippowdon, F|100\/100\n|switch|p2a: FinoSe\u00f1ores|Tapu Fini|100\/100\n|-fieldstart|move: Misty Terrain|[from] ability: Misty Surge|[of] p2a: FinoSe\u00f1ores\n|-weather|Sandstorm|[from] ability: Sand Stream|[of] p1a: Hippowdon\n|turn|1\n|j| Dio_Brando275\n|\n|t:|1699931167\n|switch|p1a: Ferrothorn|Ferrothorn, M|100\/100\n|move|p2a: FinoSe\u00f1ores|Taunt|p1a: Ferrothorn\n|-start|p1a: Ferrothorn|move: Taunt\n|\n|-weather|Sandstorm|[upkeep]\n|-damage|p2a: FinoSe\u00f1ores|94\/100|[from] Sandstorm\n|-heal|p2a: FinoSe\u00f1ores|100\/100|[from] item: Leftovers\n|upkeep\n|turn|2\n|\n|t:|1699931180\n|switch|p2a: LaLlaveDeTuCorazon|Klefki, M|100\/100\n|move|p1a: Ferrothorn|Giga Drain|p2a: LaLlaveDeTuCorazon\n|-resisted|p2a: LaLlaveDeTuCorazon\n|-damage|p2a: LaLlaveDeTuCorazon|91\/100\n|\n|-weather|Sandstorm|[upkeep]\n|upkeep\n|turn|3\n|\n|t:|1699931191\n|switch|p1a: Excadrill|Excadrill, F|100\/100\n|move|p2a: LaLlaveDeTuCorazon|Spikes|p1a: Excadrill\n|-sidestart|p1: NeviLow|Spikes\n|\n|-weather|Sandstorm|[upkeep]\n|upkeep\n|turn|4\n|c| Dio_Brando275|Omg esto va a ser epico papus\n|\n|t:|1699931204\n|move|p2a: LaLlaveDeTuCorazon|Reflect|p2a: LaLlaveDeTuCorazon\n|-sidestart|p2: alcatel999|Reflect\n|move|p1a: Excadrill|Earthquake|p2a: LaLlaveDeTuCorazon\n|-supereffective|p2a: LaLlaveDeTuCorazon\n|-damage|p2a: LaLlaveDeTuCorazon|24\/100\n|\n|-weather|Sandstorm|[upkeep]\n|upkeep\n|turn|5\n|\n|t:|1699931215\n|move|p2a: LaLlaveDeTuCorazon|Spikes|p1a: Excadrill\n|-sidestart|p1: NeviLow|Spikes\n|move|p1a: Excadrill|Earthquake|p2a: LaLlaveDeTuCorazon\n|-supereffective|p2a: LaLlaveDeTuCorazon\n|-damage|p2a: LaLlaveDeTuCorazon|0 fnt\n|faint|p2a: LaLlaveDeTuCorazon\n|\n|-weather|none\n|-fieldend|Misty Terrain\n|upkeep\n|\n|t:|1699931219\n|switch|p2a: FinoSe\u00f1ores|Tapu Fini|100\/100\n|-fieldstart|move: Misty Terrain|[from] ability: Misty Surge|[of] p2a: FinoSe\u00f1ores\n|turn|6\n|\n|t:|1699931232\n|switch|p1a: Tyranitar|Tyranitar, F|100\/100\n|-damage|p1a: Tyranitar|84\/100|[from] Spikes\n|-weather|Sandstorm|[from] ability: Sand Stream|[of] p1a: Tyranitar\n|move|p2a: FinoSe\u00f1ores|Calm Mind|p2a: FinoSe\u00f1ores\n|-boost|p2a: FinoSe\u00f1ores|spa|1\n|-boost|p2a: FinoSe\u00f1ores|spd|1\n|\n|-weather|Sandstorm|[upkeep]\n|-damage|p2a: FinoSe\u00f1ores|94\/100|[from] Sandstorm\n|-heal|p2a: FinoSe\u00f1ores|100\/100|[from] item: Leftovers\n|upkeep\n|turn|7\n|\n|t:|1699931261\n|detailschange|p1a: Tyranitar|Tyranitar-Mega, F\n|-mega|p1a: Tyranitar|Tyranitar|Tyranitarite\n|-terastallize|p2a: FinoSe\u00f1ores|Ground\n|move|p2a: FinoSe\u00f1ores|Calm Mind|p2a: FinoSe\u00f1ores\n|-boost|p2a: FinoSe\u00f1ores|spa|1\n|-boost|p2a: FinoSe\u00f1ores|spd|1\n|move|p1a: Tyranitar|Thunder Punch|p2a: FinoSe\u00f1ores\n|-immune|p2a: FinoSe\u00f1ores\n|\n|-weather|Sandstorm|[upkeep]\n|upkeep\n|turn|8\n|\n|t:|1699931280\n|switch|p1a: Ferrothorn|Ferrothorn, M|100\/100\n|-damage|p1a: Ferrothorn|84\/100|[from] Spikes\n|move|p2a: FinoSe\u00f1ores|Calm Mind|p2a: FinoSe\u00f1ores\n|-boost|p2a: FinoSe\u00f1ores|spa|1\n|-boost|p2a: FinoSe\u00f1ores|spd|1\n|\n|-weather|Sandstorm|[upkeep]\n|upkeep\n|turn|9\n|\n|t:|1699931294\n|move|p2a: FinoSe\u00f1ores|Taunt|p1a: Ferrothorn\n|-start|p1a: Ferrothorn|move: Taunt\n|cant|p1a: Ferrothorn|move: Taunt|Leech Seed\n|\n|-weather|Sandstorm|[upkeep]\n|upkeep\n|turn|10\n|\n|t:|1699931302\n|move|p2a: FinoSe\u00f1ores|Scald|p1a: Ferrothorn\n|-resisted|p1a: Ferrothorn\n|-damage|p1a: Ferrothorn|57\/100\n|move|p1a: Ferrothorn|Giga Drain|p2a: FinoSe\u00f1ores\n|-supereffective|p2a: FinoSe\u00f1ores\n|-damage|p2a: FinoSe\u00f1ores|92\/100\n|-heal|p1a: Ferrothorn|62\/100|[from] drain|[of] p2a: FinoSe\u00f1ores\n|\n|-weather|none\n|-heal|p2a: FinoSe\u00f1ores|98\/100|[from] item: Leftovers\n|-fieldend|Misty Terrain\n|upkeep\n|turn|11\n|\n|t:|1699931321\n|move|p2a: FinoSe\u00f1ores|Calm Mind|p2a: FinoSe\u00f1ores\n|-boost|p2a: FinoSe\u00f1ores|spa|1\n|-boost|p2a: FinoSe\u00f1ores|spd|1\n|move|p1a: Ferrothorn|Giga Drain|p2a: FinoSe\u00f1ores\n|-supereffective|p2a: FinoSe\u00f1ores\n|-damage|p2a: FinoSe\u00f1ores|91\/100\n|-heal|p1a: Ferrothorn|65\/100|[from] drain|[of] p2a: FinoSe\u00f1ores\n|\n|-heal|p2a: FinoSe\u00f1ores|97\/100|[from] item: Leftovers\n|-end|p1a: Ferrothorn|move: Taunt\n|-sideend|p2: alcatel999|Reflect\n|upkeep\n|turn|12\n|l| Dio_Brando275\n|\n|t:|1699931339\n|switch|p1a: Hippowdon|Hippowdon, F|100\/100\n|-damage|p1a: Hippowdon|84\/100|[from] Spikes\n|-weather|Sandstorm|[from] ability: Sand Stream|[of] p1a: Hippowdon\n|move|p2a: FinoSe\u00f1ores|Taunt|p1a: Hippowdon\n|-start|p1a: Hippowdon|move: Taunt\n|\n|-weather|Sandstorm|[upkeep]\n|-heal|p2a: FinoSe\u00f1ores|100\/100|[from] item: Leftovers\n|-heal|p1a: Hippowdon|90\/100|[from] item: Leftovers\n|upkeep\n|turn|13\n|\n|t:|1699931356\n|move|p2a: FinoSe\u00f1ores|Scald|p1a: Hippowdon\n|-supereffective|p1a: Hippowdon\n|-damage|p1a: Hippowdon|0 fnt\n|faint|p1a: Hippowdon\n|\n|-weather|Sandstorm|[upkeep]\n|upkeep\n|\n|t:|1699931372\n|switch|p1a: Excadrill|Excadrill, F|100\/100\n|-damage|p1a: Excadrill|84\/100|[from] Spikes\n|turn|14\n|\n|t:|1699931380\n|move|p1a: Excadrill|Earthquake|p2a: FinoSe\u00f1ores\n|-damage|p2a: FinoSe\u00f1ores|25\/100\n|move|p2a: FinoSe\u00f1ores|Scald|p1a: Excadrill\n|-supereffective|p1a: Excadrill\n|-damage|p1a: Excadrill|0 fnt\n|faint|p1a: Excadrill\n|\n|-weather|Sandstorm|[upkeep]\n|-heal|p2a: FinoSe\u00f1ores|31\/100|[from] item: Leftovers\n|upkeep\n|\n|t:|1699931393\n|switch|p1a: Houndstone|Houndstone, M|100\/100\n|-damage|p1a: Houndstone|84\/100|[from] Spikes\n|turn|15\n|\n|t:|1699931399\n|move|p1a: Houndstone|Last Respects|p2a: FinoSe\u00f1ores\n|-damage|p2a: FinoSe\u00f1ores|0 fnt\n|faint|p2a: FinoSe\u00f1ores\n|\n|-weather|Sandstorm|[upkeep]\n|-heal|p1a: Houndstone|90\/100|[from] item: Leftovers\n|upkeep\n|c|\u2606alcatel999|!dt houndstone\n|raw|<div class=\"message\"><ul class=\"utilichart\"><li class=\"result\"><span class=\"col numcol\">RU<\/span> <span class=\"col iconcol\"><psicon pokemon=\"houndstone\"\/><\/span> <span class=\"col pokemonnamecol\" style=\"white-space:nowrap\"><a href=\"https:\/\/dex.pokemonshowdown.com\/pokemon\/houndstone\" target=\"_blank\">Houndstone<\/a><\/span> <span class=\"col typecol\"><img src=\"https:\/\/play.pokemonshowdown.com\/sprites\/types\/Ghost.png\" alt=\"Ghost\" height=\"14\" width=\"32\"><\/span> <span style=\"float:left;min-height:26px\"><span class=\"col abilitycol\">Sand Rush<\/span><span class=\"col abilitycol\"><em>Fluffy<\/em><\/span><\/span><span style=\"float:left;min-height:26px\"><span class=\"col statcol\"><em>HP<\/em><br \/>72<\/span> <span class=\"col statcol\"><em>Atk<\/em><br \/>101<\/span> <span class=\"col statcol\"><em>Def<\/em><br \/>100<\/span> <span class=\"col statcol\"><em>SpA<\/em><br \/>50<\/span> <span class=\"col statcol\"><em>SpD<\/em><br \/>97<\/span> <span class=\"col statcol\"><em>Spe<\/em><br \/>68<\/span> <span class=\"col bstcol\"><em>BST<br \/>488<\/em><\/span> <\/span><\/li><li style=\"clear:both\"><\/li><\/ul><\/div>\n|raw|<font size=\"1\"><font color=\"#686868\">Dex#:<\/font> 972&nbsp;|&ThickSpace;<font color=\"#686868\">Gen:<\/font> 9&nbsp;|&ThickSpace;<font color=\"#686868\">Height:<\/font> 2 m&nbsp;|&ThickSpace;<font color=\"#686868\">Weight:<\/font> 15 kg <em>(40 BP)<\/em>&nbsp;|&ThickSpace;<font color=\"#686868\">Dex Colour:<\/font> White&nbsp;|&ThickSpace;<font color=\"#686868\">Egg Group(s):<\/font> Field&nbsp;|&ThickSpace;<font color=\"#686868\">Pre-Evolution:<\/font> Greavard&nbsp;|&ThickSpace;<font color=\"#686868\">Does Not Evolve<\/font><\/font>\n\n|\n|t:|1699931422\n|switch|p2a: Mimigod|Mimikyu, M|100\/100\n|turn|16\n|\n|t:|1699931426\n|move|p1a: Houndstone|Last Respects|p2a: Mimigod\n|-activate|p2a: Mimigod|ability: Disguise\n|-damage|p2a: Mimigod|100\/100\n|detailschange|p2a: Mimigod|Mimikyu-Busted, M\n|-damage|p2a: Mimigod|88\/100|[from] pokemon: Mimikyu-Busted\n|move|p2a: Mimigod|Swords Dance|p2a: Mimigod\n|-boost|p2a: Mimigod|atk|2\n|\n|-weather|none\n|-heal|p1a: Houndstone|96\/100|[from] item: Leftovers\n|upkeep\n|turn|17\n|\n|t:|1699931452\n|switch|p1a: Tyranitar|Tyranitar-Mega, F|84\/100\n|-damage|p1a: Tyranitar|67\/100|[from] Spikes\n|-weather|Sandstorm|[from] ability: Sand Stream|[of] p1a: Tyranitar\n|move|p2a: Mimigod|Shadow Sneak|p1a: Tyranitar\n|-resisted|p1a: Tyranitar\n|-damage|p1a: Tyranitar|56\/100\n|-damage|p2a: Mimigod|78\/100|[from] item: Life Orb\n|\n|-weather|Sandstorm|[upkeep]\n|-damage|p2a: Mimigod|72\/100|[from] Sandstorm\n|upkeep\n|turn|18\n|\n|t:|1699931471\n|switch|p1a: Ferrothorn|Ferrothorn, M|65\/100\n|-damage|p1a: Ferrothorn|49\/100|[from] Spikes\n|move|p2a: Mimigod|Drain Punch|p1a: Ferrothorn\n|-supereffective|p1a: Ferrothorn\n|-damage|p1a: Ferrothorn|0 fnt\n|-heal|p2a: Mimigod|100\/100|[from] drain|[of] p1a: Ferrothorn\n|-damage|p2a: Mimigod|88\/100|[from] ability: Iron Barbs|[of] p1a: Ferrothorn\n|-damage|p2a: Mimigod|72\/100|[from] item: Rocky Helmet|[of] p1a: Ferrothorn\n|faint|p1a: Ferrothorn\n|-damage|p2a: Mimigod|62\/100|[from] item: Life Orb\n|\n|-weather|Sandstorm|[upkeep]\n|-damage|p2a: Mimigod|56\/100|[from] Sandstorm\n|upkeep\n|\n|t:|1699931490\n|switch|p1a: Houndstone|Houndstone, M|96\/100\n|-damage|p1a: Houndstone|79\/100|[from] Spikes\n|turn|19\n|\n|t:|1699931496\n|move|p2a: Mimigod|Shadow Sneak|p1a: Houndstone\n|-supereffective|p1a: Houndstone\n|-damage|p1a: Houndstone|0 fnt\n|faint|p1a: Houndstone\n|-damage|p2a: Mimigod|46\/100|[from] item: Life Orb\n|\n|-weather|Sandstorm|[upkeep]\n|-damage|p2a: Mimigod|40\/100|[from] Sandstorm\n|upkeep\n|\n|t:|1699931506\n|switch|p1a: Lycanroc|Lycanroc-Dusk, F|100\/100\n|-damage|p1a: Lycanroc|84\/100|[from] Spikes\n|turn|20\n|\n|t:|1699931519\n|-terastallize|p1a: Lycanroc|Fairy\n|move|p2a: Mimigod|Shadow Sneak|p1a: Lycanroc\n|-damage|p1a: Lycanroc|11\/100\n|-damage|p2a: Mimigod|30\/100|[from] item: Life Orb\n|move|p1a: Lycanroc|Play Rough|p2a: Mimigod|[miss]\n|-miss|p1a: Lycanroc|p2a: Mimigod\n|\n|-weather|Sandstorm|[upkeep]\n|-damage|p1a: Lycanroc|5\/100|[from] Sandstorm\n|-damage|p2a: Mimigod|24\/100|[from] Sandstorm\n|upkeep\n|turn|21\n|\n|t:|1699931535\n|move|p2a: Mimigod|Shadow Sneak|p1a: Lycanroc\n|-damage|p1a: Lycanroc|0 fnt\n|faint|p1a: Lycanroc\n|-damage|p2a: Mimigod|14\/100|[from] item: Life Orb\n|\n|-weather|none\n|upkeep\n|\n|t:|1699931543\n|switch|p1a: Tyranitar|Tyranitar-Mega, F|56\/100\n|-damage|p1a: Tyranitar|39\/100|[from] Spikes\n|-weather|Sandstorm|[from] ability: Sand Stream|[of] p1a: Tyranitar\n|turn|22\n|\n|t:|1699931551\n|move|p2a: Mimigod|Drain Punch|p1a: Tyranitar\n|-supereffective|p1a: Tyranitar\n|-damage|p1a: Tyranitar|0 fnt\n|-heal|p2a: Mimigod|45\/100|[from] drain|[of] p1a: Tyranitar\n|faint|p1a: Tyranitar\n|-damage|p2a: Mimigod|35\/100|[from] item: Life Orb\n|\n|win|alcatel999\n|c|\u2606alcatel999|Gg\n","uploadtime":1699931561,"views":7,"p1id":"nevilow","p2id":"alcatel999","formatid":"gen9nationaldexubers","rating":0,"private":0,"password":""}