{"id":"gen9nationaldexubers-1983620818","p1":"colostomy","p2":"MintyRevnant","format":"[Gen 9] National Dex Ubers","log":"|j|\u2606colostomy\n|j|\u2606MintyRevnant\n|t:|1699150377\n|gametype|singles\n|player|p1|colostomy|steven|\n|player|p2|MintyRevnant|169|\n|teamsize|p1|6\n|teamsize|p2|6\n|gen|9\n|tier|[Gen 9] National Dex Ubers\n|rule|HP Percentage Mod: HP is shown in percentages\n|rule|Endless Battle Clause: Forcing endless battles is banned\n|rule|OHKO Clause: OHKO moves are banned\n|rule|Evasion Moves Clause: Evasion moves are banned\n|rule|Evasion Items Clause: Evasion items are banned\n|rule|Species Clause: Limit one of each Pok\u00e9mon\n|rule|Sleep Clause Mod: Limit one foe put to sleep\n|rule|Mega Rayquaza Clause: You cannot mega evolve Rayquaza\n|clearpoke\n|poke|p1|Grimmsnarl, M|\n|poke|p1|Roaring Moon|\n|poke|p1|Weavile, F|\n|poke|p1|Absol, F|\n|poke|p1|Bisharp, F|\n|poke|p1|Tyranitar, M|\n|poke|p2|Ribombee, F|\n|poke|p2|Iron Valiant|\n|poke|p2|Gardevoir, M|\n|poke|p2|Whimsicott, M|\n|poke|p2|Hatterene, F|\n|poke|p2|Dachsbun, F|\n|teampreview\n|j| Cross12000\n|\n|t:|1699150405\n|start\n|switch|p1a: Yin|Grimmsnarl, M|100\/100\n|switch|p2a: Nerd|Iron Valiant, shiny|100\/100\n|-enditem|p2a: Nerd|Booster Energy\n|-activate|p2a: Nerd|ability: Quark Drive|[fromitem]\n|-start|p2a: Nerd|quarkdrivespe\n|turn|1\n|\n|t:|1699150423\n|move|p1a: Yin|Reflect|p1a: Yin\n|-sidestart|p1: colostomy|Reflect\n|move|p2a: Nerd|Spirit Break|p1a: Yin\n|-supereffective|p1a: Yin\n|-crit|p1a: Yin\n|-damage|p1a: Yin|0 fnt\n|faint|p1a: Yin\n|\n|upkeep\n|j| Maximal_Creature\n|\n|t:|1699150451\n|switch|p1a: Screaming Crescent|Roaring Moon|100\/100\n|-enditem|p1a: Screaming Crescent|Booster Energy\n|-activate|p1a: Screaming Crescent|ability: Protosynthesis|[fromitem]\n|-start|p1a: Screaming Crescent|protosynthesisatk\n|turn|2\n|\n|t:|1699150457\n|-terastallize|p1a: Screaming Crescent|Flying\n|move|p2a: Nerd|Spirit Break|p1a: Screaming Crescent\n|-damage|p1a: Screaming Crescent|79\/100\n|-unboost|p1a: Screaming Crescent|spa|1\n|move|p1a: Screaming Crescent|Acrobatics|p2a: Nerd\n|-supereffective|p2a: Nerd\n|-damage|p2a: Nerd|0 fnt\n|faint|p2a: Nerd\n|-end|p2a: Nerd|Quark Drive|[silent]\n|\n|upkeep\n|\n|t:|1699150472\n|switch|p2a: Gardevoir|Gardevoir, M, shiny|100\/100\n|turn|3\n|\n|t:|1699150478\n|detailschange|p2a: Gardevoir|Gardevoir-Mega, M, shiny\n|-mega|p2a: Gardevoir|Gardevoir|Gardevoirite\n|move|p2a: Gardevoir|Hyper Voice|p1a: Screaming Crescent\n|-damage|p1a: Screaming Crescent|27\/100\n|move|p1a: Screaming Crescent|Acrobatics|p2a: Gardevoir\n|-damage|p2a: Gardevoir|0 fnt\n|faint|p2a: Gardevoir\n|\n|upkeep\n|\n|t:|1699150489\n|switch|p2a: Fembee|Ribombee, F, shiny|100\/100\n|turn|4\n|\n|t:|1699150497\n|move|p2a: Fembee|Draining Kiss|p1a: Screaming Crescent\n|-damage|p1a: Screaming Crescent|7\/100\n|move|p1a: Screaming Crescent|Acrobatics|p2a: Fembee\n|-supereffective|p2a: Fembee\n|-enditem|p2a: Fembee|Focus Sash\n|-damage|p2a: Fembee|1\/100\n|\n|upkeep\n|turn|5\n|\n|t:|1699150506\n|move|p2a: Fembee|Draining Kiss|p1a: Screaming Crescent\n|-damage|p1a: Screaming Crescent|0 fnt\n|-heal|p2a: Fembee|9\/100|[from] drain|[of] p1a: Screaming Crescent\n|faint|p1a: Screaming Crescent\n|-end|p1a: Screaming Crescent|Protosynthesis|[silent]\n|\n|-sideend|p1: colostomy|Reflect\n|upkeep\n|\n|t:|1699150513\n|switch|p1a: Lotto Winner|Absol, F|100\/100\n|turn|6\n|\n|t:|1699150521\n|move|p2a: Fembee|Quiver Dance|p2a: Fembee\n|-boost|p2a: Fembee|spa|1\n|-boost|p2a: Fembee|spd|1\n|-boost|p2a: Fembee|spe|1\n|move|p1a: Lotto Winner|Night Slash|p2a: Fembee\n|-resisted|p2a: Fembee\n|-crit|p2a: Fembee\n|-damage|p2a: Fembee|0 fnt\n|faint|p2a: Fembee\n|\n|upkeep\n|\n|t:|1699150532\n|switch|p2a: Hatterene|Hatterene, F, shiny|100\/100\n|turn|7\n|\n|t:|1699150536\n|move|p1a: Lotto Winner|Knock Off|p2a: Hatterene\n|-damage|p2a: Hatterene|45\/100\n|-enditem|p2a: Hatterene|Leftovers|[from] move: Knock Off|[of] p1a: Lotto Winner\n|move|p2a: Hatterene|Dazzling Gleam|p1a: Lotto Winner\n|-supereffective|p1a: Lotto Winner\n|-damage|p1a: Lotto Winner|0 fnt\n|faint|p1a: Lotto Winner\n|\n|upkeep\n|\n|t:|1699150544\n|switch|p1a: Kaiju|Tyranitar, M|100\/100\n|-weather|Sandstorm|[from] ability: Sand Stream|[of] p1a: Kaiju\n|turn|8\n|\n|t:|1699150549\n|move|p1a: Kaiju|Heavy Slam|p2a: Hatterene\n|-supereffective|p2a: Hatterene\n|-damage|p2a: Hatterene|0 fnt\n|faint|p2a: Hatterene\n|\n|-weather|Sandstorm|[upkeep]\n|upkeep\n|\n|t:|1699150555\n|switch|p2a: Whimsicott|Whimsicott, M, shiny|100\/100\n|turn|9\n|\n|t:|1699150565\n|-terastallize|p2a: Whimsicott|Grass\n|move|p2a: Whimsicott|Moonblast|p1a: Kaiju\n|-supereffective|p1a: Kaiju\n|-damage|p1a: Kaiju|49\/100\n|-unboost|p1a: Kaiju|spa|1\n|move|p1a: Kaiju|Heavy Slam|p2a: Whimsicott\n|-damage|p2a: Whimsicott|36\/100\n|\n|-weather|Sandstorm|[upkeep]\n|-damage|p2a: Whimsicott|30\/100|[from] Sandstorm\n|upkeep\n|turn|10\n|j| Trainer Lore\n|\n|t:|1699150581\n|move|p2a: Whimsicott|Moonblast|p1a: Kaiju\n|-supereffective|p1a: Kaiju\n|-damage|p1a: Kaiju|0 fnt\n|faint|p1a: Kaiju\n|\n|-weather|Sandstorm|[upkeep]\n|-damage|p2a: Whimsicott|23\/100|[from] Sandstorm\n|upkeep\n|\n|t:|1699150583\n|switch|p1a: Hermes|Weavile, F|100\/100\n|-ability|p1a: Hermes|Pressure\n|turn|11\n|c| Trainer Lore|0-0\n|\n|t:|1699150593\n|move|p1a: Hermes|Ice Shard|p2a: Whimsicott\n|-supereffective|p2a: Whimsicott\n|-damage|p2a: Whimsicott|0 fnt\n|faint|p2a: Whimsicott\n|\n|-weather|Sandstorm|[upkeep]\n|-damage|p1a: Hermes|94\/100|[from] Sandstorm\n|upkeep\n|\n|t:|1699150600\n|switch|p2a: Dachsbun|Dachsbun, F, shiny|100\/100\n|turn|12\n|\n|t:|1699150608\n|move|p2a: Dachsbun|Play Rough|p1a: Hermes\n|-supereffective|p1a: Hermes\n|-damage|p1a: Hermes|0 fnt\n|faint|p1a: Hermes\n|\n|-weather|none\n|upkeep\n|\n|t:|1699150611\n|switch|p1a: A6|Bisharp, F|100\/100\n|turn|13\n|\n|t:|1699150621\n|move|p2a: Dachsbun|Play Rough|p1a: A6\n|-damage|p1a: A6|79\/100\n|move|p1a: A6|Iron Head|p2a: Dachsbun\n|-supereffective|p2a: Dachsbun\n|-damage|p2a: Dachsbun|0 fnt\n|faint|p2a: Dachsbun\n|\n|win|colostomy\n|c|\u2606colostomy|gg\n|l|\u2606MintyRevnant\n|l| Maximal_Creature\n|l|\u2606colostomy\n|j|\u2606colostomy\n|player|p1|colostomy|steven\n","uploadtime":1699150643,"views":7,"p1id":"colostomy","p2id":"mintyrevnant","formatid":"gen9nationaldexubers","rating":0,"private":0,"password":""}