{"id":"gen9nationaldexubers-1990095832","p1":"uoudush","p2":"C0ld as Ice","format":"[Gen 9] National Dex Ubers","log":"|j|\u2606uoudush\n|j|\u2606C0ld as Ice\n|t:|1699924070\n|gametype|singles\n|player|p1|uoudush|drayden|1533\n|player|p2|C0ld as Ice|170|1897\n|teamsize|p1|6\n|teamsize|p2|6\n|gen|9\n|tier|[Gen 9] National Dex Ubers\n|rated|\n|rule|HP Percentage Mod: HP is shown in percentages\n|rule|Endless Battle Clause: Forcing endless battles is banned\n|rule|OHKO Clause: OHKO moves are banned\n|rule|Evasion Moves Clause: Evasion moves are banned\n|rule|Evasion Items Clause: Evasion items are banned\n|rule|Species Clause: Limit one of each Pok\u00e9mon\n|rule|Sleep Clause Mod: Limit one foe put to sleep\n|rule|Mega Rayquaza Clause: You cannot mega evolve Rayquaza\n|clearpoke\n|poke|p1|Groudon|\n|poke|p1|Necrozma-Dusk-Mane|\n|poke|p1|Marshadow|\n|poke|p1|Deoxys-Speed|\n|poke|p1|Salamence, F|\n|poke|p1|Xerneas-*|\n|poke|p2|Chien-Pao|\n|poke|p2|Necrozma-Dusk-Mane|\n|poke|p2|Ho-Oh|\n|poke|p2|Lunala|\n|poke|p2|Groudon, L99|\n|poke|p2|Arceus-Water|\n|teampreview\n|\n|t:|1699924078\n|start\n|switch|p1a: Deoxys|Deoxys-Speed|100\/100\n|switch|p2a: Groudon|Groudon, L99, shiny|100\/100\n|-ability|p1a: Deoxys|Pressure\n|detailschange|p2a: Groudon|Groudon-Primal, L99, shiny\n|-primal|p2a: Groudon|Red Orb\n|-weather|DesolateLand|[from] ability: Desolate Land|[of] p2a: Groudon\n|turn|1\n|\n|t:|1699924140\n|move|p1a: Deoxys|Taunt|p2a: Groudon\n|-start|p2a: Groudon|move: Taunt\n|move|p2a: Groudon|Dragon Tail|p1a: Deoxys\n|-damage|p1a: Deoxys|74\/100\n|drag|p1a: Groudon|Groudon|100\/100\n|detailschange|p1a: Groudon|Groudon-Primal\n|-primal|p1a: Groudon|Red Orb\n|\n|-weather|DesolateLand|[upkeep]\n|upkeep\n|turn|2\n|\n|t:|1699924154\n|switch|p2a: Arceus|Arceus-Water|100\/100\n|move|p1a: Groudon|Earth Power|p2a: Arceus\n|-damage|p2a: Arceus|58\/100\n|\n|-weather|DesolateLand|[upkeep]\n|upkeep\n|turn|3\n|\n|t:|1699924174\n|-weather|none\n|switch|p1a: Deoxys|Deoxys-Speed|74\/100\n|-ability|p1a: Deoxys|Pressure\n|move|p2a: Arceus|Toxic|p1a: Deoxys\n|-status|p1a: Deoxys|tox\n|\n|-damage|p1a: Deoxys|68\/100 tox|[from] psn\n|upkeep\n|turn|4\n|\n|t:|1699924195\n|move|p1a: Deoxys|Stealth Rock|p2a: Arceus\n|-sidestart|p2: C0ld as Ice|move: Stealth Rock\n|move|p2a: Arceus|Recover|p2a: Arceus\n|-heal|p2a: Arceus|100\/100\n|\n|-damage|p1a: Deoxys|57\/100 tox|[from] psn\n|upkeep\n|turn|5\n|\n|t:|1699924216\n|switch|p2a: Groudon|Groudon-Primal, L99, shiny|100\/100\n|-damage|p2a: Groudon|88\/100|[from] Stealth Rock\n|-weather|DesolateLand|[from] ability: Desolate Land|[of] p2a: Groudon\n|move|p1a: Deoxys|Spikes|p2a: Groudon\n|-sidestart|p2: C0ld as Ice|Spikes\n|\n|-weather|DesolateLand|[upkeep]\n|-damage|p1a: Deoxys|39\/100 tox|[from] psn\n|upkeep\n|turn|6\n|\n|t:|1699924223\n|move|p1a: Deoxys|Taunt|p2a: Groudon\n|-start|p2a: Groudon|move: Taunt\n|cant|p2a: Groudon|move: Taunt|Spikes\n|\n|-weather|DesolateLand|[upkeep]\n|-damage|p1a: Deoxys|15\/100 tox|[from] psn\n|upkeep\n|turn|7\n|\n|t:|1699924227\n|move|p1a: Deoxys|Spikes|p2a: Groudon\n|-sidestart|p2: C0ld as Ice|Spikes\n|move|p2a: Groudon|Precipice Blades|p1a: Deoxys\n|-damage|p1a: Deoxys|0 fnt\n|faint|p1a: Deoxys\n|\n|-weather|DesolateLand|[upkeep]\n|upkeep\n|\n|t:|1699924229\n|switch|p1a: Xerneas|Xerneas|100\/100\n|-ability|p1a: Xerneas|Fairy Aura\n|turn|8\n|\n|t:|1699924233\n|move|p1a: Xerneas|Geomancy||[still]\n|-prepare|p1a: Xerneas|Geomancy\n|-enditem|p1a: Xerneas|Power Herb\n|-anim|p1a: Xerneas|Geomancy|p1a: Xerneas\n|-boost|p1a: Xerneas|spa|2\n|-boost|p1a: Xerneas|spd|2\n|-boost|p1a: Xerneas|spe|2\n|move|p2a: Groudon|Precipice Blades|p1a: Xerneas\n|-damage|p1a: Xerneas|50\/100\n|\n|-weather|DesolateLand|[upkeep]\n|-end|p2a: Groudon|move: Taunt\n|upkeep\n|turn|9\n|\n|t:|1699924240\n|move|p1a: Xerneas|Hidden Power|p2a: Groudon\n|-supereffective|p2a: Groudon\n|-damage|p2a: Groudon|4\/100\n|move|p2a: Groudon|Precipice Blades|p1a: Xerneas\n|-damage|p1a: Xerneas|0 fnt\n|faint|p1a: Xerneas\n|\n|-weather|DesolateLand|[upkeep]\n|upkeep\n|\n|t:|1699924248\n|switch|p1a: Groudon|Groudon-Primal|100\/100\n|turn|10\n|\n|t:|1699924252\n|move|p1a: Groudon|Dragon Pulse|p2a: Groudon\n|-damage|p2a: Groudon|0 fnt\n|faint|p2a: Groudon\n|\n|-weather|DesolateLand|[upkeep]\n|upkeep\n|\n|t:|1699924256\n|switch|p2a: Arceus|Arceus-Water|100\/100\n|-damage|p2a: Arceus|88\/100|[from] Stealth Rock\n|-damage|p2a: Arceus|72\/100|[from] Spikes\n|turn|11\n|\n|t:|1699924269\n|move|p2a: Arceus|Toxic|p1a: Groudon\n|-status|p1a: Groudon|tox\n|move|p1a: Groudon|Rock Polish|p1a: Groudon\n|-boost|p1a: Groudon|spe|2\n|\n|-weather|DesolateLand|[upkeep]\n|-damage|p1a: Groudon|94\/100 tox|[from] psn\n|upkeep\n|turn|12\n|\n|t:|1699924275\n|move|p1a: Groudon|Earth Power|p2a: Arceus\n|-damage|p2a: Arceus|32\/100\n|move|p2a: Arceus|Recover|p2a: Arceus\n|-heal|p2a: Arceus|82\/100\n|\n|-weather|DesolateLand|[upkeep]\n|-damage|p1a: Groudon|82\/100 tox|[from] psn\n|upkeep\n|turn|13\n|\n|t:|1699924289\n|-weather|none\n|switch|p1a: Salamence|Salamence, F|100\/100\n|-ability|p1a: Salamence|Intimidate|boost\n|-unboost|p2a: Arceus|atk|1\n|move|p2a: Arceus|Recover|p2a: Arceus\n|-heal|p2a: Arceus|100\/100\n|\n|upkeep\n|turn|14\n|\n|t:|1699924296\n|detailschange|p1a: Salamence|Salamence-Mega, F\n|-mega|p1a: Salamence|Salamence|Salamencite\n|move|p2a: Arceus|Taunt|p1a: Salamence\n|-start|p1a: Salamence|move: Taunt\n|cant|p1a: Salamence|move: Taunt|Dragon Dance\n|\n|upkeep\n|turn|15\n|\n|t:|1699924314\n|switch|p2a: Lunala|Lunala, shiny|100\/100\n|move|p1a: Salamence|Facade|p2a: Lunala\n|-damage|p2a: Lunala|82\/100\n|\n|upkeep\n|turn|16\n|\n|t:|1699924321\n|move|p1a: Salamence|Earthquake|p2a: Lunala\n|-damage|p2a: Lunala|51\/100\n|move|p2a: Lunala|Defog|p1a: Salamence\n|-unboost|p1a: Salamence|evasion|1\n|-sideend|p2: C0ld as Ice|Spikes|[from] move: Defog|[of] p2a: Lunala\n|-sideend|p2: C0ld as Ice|Stealth Rock|[from] move: Defog|[of] p2a: Lunala\n|\n|-end|p1a: Salamence|move: Taunt\n|upkeep\n|turn|17\n|\n|t:|1699924325\n|move|p1a: Salamence|Dragon Dance|p1a: Salamence\n|-boost|p1a: Salamence|atk|1\n|-boost|p1a: Salamence|spe|1\n|move|p2a: Lunala|Moonlight|p2a: Lunala\n|-heal|p2a: Lunala|100\/100\n|\n|upkeep\n|turn|18\n|\n|t:|1699924328\n|move|p1a: Salamence|Dragon Dance|p1a: Salamence\n|-boost|p1a: Salamence|atk|1\n|-boost|p1a: Salamence|spe|1\n|move|p2a: Lunala|Psychic|p1a: Salamence\n|-damage|p1a: Salamence|54\/100\n|\n|upkeep\n|turn|19\n|\n|t:|1699924331\n|move|p1a: Salamence|Facade|p2a: Lunala\n|-damage|p2a: Lunala|67\/100\n|move|p2a: Lunala|Psychic|p1a: Salamence\n|-damage|p1a: Salamence|11\/100\n|-unboost|p1a: Salamence|spd|1\n|\n|upkeep\n|turn|20\n|\n|t:|1699924339\n|switch|p2a: Ho-Oh|Ho-Oh, shiny|100\/100\n|move|p1a: Salamence|Facade|p2a: Ho-Oh\n|-damage|p2a: Ho-Oh|18\/100\n|\n|upkeep\n|turn|21\n|\n|t:|1699924349\n|move|p1a: Salamence|Roost|p1a: Salamence\n|-heal|p1a: Salamence|62\/100\n|-singleturn|p1a: Salamence|move: Roost\n|move|p2a: Ho-Oh|Brave Bird|p1a: Salamence\n|-damage|p1a: Salamence|0 fnt\n|faint|p1a: Salamence\n|-damage|p2a: Ho-Oh|2\/100|[from] Recoil\n|\n|upkeep\n|\n|t:|1699924356\n|switch|p1a: Necrozma|Necrozma-Dusk-Mane|100\/100\n|turn|22\n|\n|t:|1699924365\n|switch|p2a: Lunala|Lunala, shiny|67\/100\n|move|p1a: Necrozma|Dragon Dance|p1a: Necrozma\n|-boost|p1a: Necrozma|atk|1\n|-boost|p1a: Necrozma|spe|1\n|\n|upkeep\n|turn|23\n|\n|t:|1699924369\n|move|p1a: Necrozma|Sunsteel Strike|p2a: Lunala\n|-damage|p2a: Lunala|2\/100\n|move|p2a: Lunala|Moonlight|p2a: Lunala\n|-heal|p2a: Lunala|52\/100\n|\n|upkeep\n|turn|24\n|\n|t:|1699924383\n|switch|p2a: Arceus|Arceus-Water|100\/100\n|move|p1a: Necrozma|Sunsteel Strike|p2a: Arceus\n|-resisted|p2a: Arceus\n|-damage|p2a: Arceus|68\/100\n|\n|upkeep\n|turn|25\n|\n|t:|1699924390\n|move|p1a: Necrozma|Dragon Dance|p1a: Necrozma\n|-boost|p1a: Necrozma|atk|1\n|-boost|p1a: Necrozma|spe|1\n|move|p2a: Arceus|Recover|p2a: Arceus\n|-heal|p2a: Arceus|100\/100\n|\n|upkeep\n|turn|26\n|\n|t:|1699924393\n|move|p1a: Necrozma|Dragon Dance|p1a: Necrozma\n|-boost|p1a: Necrozma|atk|1\n|-boost|p1a: Necrozma|spe|1\n|move|p2a: Arceus|Judgment|p1a: Necrozma\n|-damage|p1a: Necrozma|46\/100\n|\n|upkeep\n|turn|27\n|\n|t:|1699924399\n|detailschange|p1a: Necrozma|Necrozma-Ultra\n|-burst|p1a: Necrozma|Necrozma|Ultranecrozium Z\n|move|p1a: Necrozma|Photon Geyser|p2a: Arceus\n|-damage|p2a: Arceus|0 fnt\n|faint|p2a: Arceus\n|\n|upkeep\n|\n|t:|1699924401\n|switch|p2a: Chien-Pao|Chien-Pao|100\/100\n|-ability|p2a: Chien-Pao|Sword of Ruin\n|turn|28\n|\n|t:|1699924404\n|move|p2a: Chien-Pao|Ice Shard|p1a: Necrozma\n|-supereffective|p1a: Necrozma\n|-damage|p1a: Necrozma|0 fnt\n|faint|p1a: Necrozma\n|\n|upkeep\n|\n|t:|1699924406\n|switch|p1a: Marshadow|Marshadow|100\/100\n|turn|29\n|\n|t:|1699924423\n|move|p2a: Chien-Pao|Ice Shard|p1a: Marshadow\n|-damage|p1a: Marshadow|49\/100\n|move|p1a: Marshadow|Close Combat|p2a: Chien-Pao\n|-supereffective|p2a: Chien-Pao\n|-damage|p2a: Chien-Pao|0 fnt\n|-unboost|p1a: Marshadow|def|1\n|-unboost|p1a: Marshadow|spd|1\n|faint|p2a: Chien-Pao\n|\n|upkeep\n|\n|t:|1699924430\n|switch|p2a: Necrozma|Necrozma-Dusk-Mane, shiny|100\/100\n|turn|30\n|inactive|Battle timer is ON: inactive players will automatically lose when time's up. (requested by C0ld as Ice)\n|inactive|uoudush has 120 seconds left.\n|inactive|uoudush has 90 seconds left.\n|inactive|uoudush has 60 seconds left.\n|inactive|uoudush has 30 seconds left.\n|inactive|uoudush has 20 seconds left.\n|inactive|uoudush has 15 seconds left.\n|inactive|uoudush has 10 seconds left.\n|inactive|uoudush has 5 seconds left.\n|-message|uoudush lost due to inactivity.\n|\n|win|C0ld as Ice\n|raw|uoudush's rating: 1506 &rarr; <strong>1502<\/strong><br \/>(-4 for losing)\n|raw|C0ld as Ice's rating: 1865 &rarr; <strong>1869<\/strong><br \/>(+4 for winning)\n","uploadtime":1699924821,"views":6,"p1id":"uoudush","p2id":"c0ldasice","formatid":"gen9nationaldexubers","rating":1502,"private":0,"password":""}