{"id":"gen9nationaldexubers-1995987895","p1":"vic_ketchum","p2":"Grantypoo","format":"[Gen 9] National Dex Ubers","log":"|j|\u2606vic_ketchum\n|j|\u2606Grantypoo\n|t:|1700625805\n|gametype|singles\n|player|p1|vic_ketchum|ash-kalos|1229\n|player|p2|Grantypoo|shauntal|1241\n|teamsize|p1|6\n|teamsize|p2|6\n|gen|9\n|tier|[Gen 9] National Dex Ubers\n|rated|\n|rule|HP Percentage Mod: HP is shown in percentages\n|rule|Endless Battle Clause: Forcing endless battles is banned\n|rule|OHKO Clause: OHKO moves are banned\n|rule|Evasion Moves Clause: Evasion moves are banned\n|rule|Evasion Items Clause: Evasion items are banned\n|rule|Species Clause: Limit one of each Pok\u00e9mon\n|rule|Sleep Clause Mod: Limit one foe put to sleep\n|rule|Mega Rayquaza Clause: You cannot mega evolve Rayquaza\n|clearpoke\n|poke|p1|Mewtwo|\n|poke|p1|Pheromosa|\n|poke|p1|Deoxys|\n|poke|p1|Hydreigon, M|\n|poke|p1|Zoroark, M|\n|poke|p1|Scizor, M|\n|poke|p2|Armarouge, F|\n|poke|p2|Nihilego|\n|poke|p2|Naganadel|\n|poke|p2|Genesect-Douse|\n|poke|p2|Corviknight, M|\n|poke|p2|Bronzong|\n|teampreview\n|c|\u2606Grantypoo|Greetings\n|inactive|Battle timer is ON: inactive players will automatically lose when time's up. (requested by vic_ketchum)\n|\n|t:|1700625822\n|start\n|switch|p1a: CELL|Pheromosa|100\/100\n|switch|p2a: Samus Aran|Armarouge, F|100\/100\n|turn|1\n|\n|t:|1700625832\n|move|p1a: CELL|Bug Buzz|p2a: Samus Aran\n|-damage|p2a: Samus Aran|46\/100\n|move|p2a: Samus Aran|Psychic|p1a: CELL\n|-supereffective|p1a: CELL\n|-enditem|p1a: CELL|Focus Sash\n|-damage|p1a: CELL|1\/100\n|\n|upkeep\n|turn|2\n|\n|t:|1700625841\n|switch|p2a: Metroid|Nihilego|100\/100\n|move|p1a: CELL|Bug Buzz|p2a: Metroid\n|-resisted|p2a: Metroid\n|-damage|p2a: Metroid|90\/100\n|\n|-heal|p2a: Metroid|96\/100|[from] item: Leftovers\n|upkeep\n|turn|3\n|\n|t:|1700625851\n|move|p1a: CELL|Ice Beam|p2a: Metroid\n|-damage|p2a: Metroid|81\/100\n|move|p2a: Metroid|Toxic Spikes|p1a: CELL\n|-sidestart|p1: vic_ketchum|move: Toxic Spikes\n|\n|-heal|p2a: Metroid|87\/100|[from] item: Leftovers\n|upkeep\n|turn|4\n|\n|t:|1700625857\n|move|p1a: CELL|Rapid Spin|p2a: Metroid\n|-resisted|p2a: Metroid\n|-damage|p2a: Metroid|74\/100\n|-boost|p1a: CELL|spe|1\n|-sideend|p1: vic_ketchum|Toxic Spikes|[from] move: Rapid Spin|[of] p1a: CELL\n|move|p2a: Metroid|Toxic Spikes|p1a: CELL\n|-sidestart|p1: vic_ketchum|move: Toxic Spikes\n|\n|-heal|p2a: Metroid|80\/100|[from] item: Leftovers\n|upkeep\n|turn|5\n|\n|t:|1700625868\n|move|p1a: CELL|Rapid Spin|p2a: Metroid\n|-resisted|p2a: Metroid\n|-damage|p2a: Metroid|68\/100\n|-boost|p1a: CELL|spe|1\n|-sideend|p1: vic_ketchum|Toxic Spikes|[from] move: Rapid Spin|[of] p1a: CELL\n|move|p2a: Metroid|Power Gem|p1a: CELL\n|-damage|p1a: CELL|0 fnt\n|faint|p1a: CELL\n|-ability|p2a: Metroid|Beast Boost|boost\n|-boost|p2a: Metroid|spd|1\n|\n|-heal|p2a: Metroid|74\/100|[from] item: Leftovers\n|upkeep\n|\n|t:|1700625878\n|switch|p1a: XICOR|Scizor, M, shiny|100\/100\n|turn|6\n|\n|t:|1700625883\n|move|p2a: Metroid|Toxic Spikes|p1a: XICOR\n|-sidestart|p1: vic_ketchum|move: Toxic Spikes\n|move|p1a: XICOR|Swords Dance|p1a: XICOR\n|-boost|p1a: XICOR|atk|2\n|\n|-heal|p2a: Metroid|80\/100|[from] item: Leftovers\n|upkeep\n|turn|7\n|\n|t:|1700625890\n|move|p2a: Metroid|Toxic Spikes|p1a: XICOR\n|-sidestart|p1: vic_ketchum|move: Toxic Spikes\n|move|p1a: XICOR|Swords Dance|p1a: XICOR\n|-boost|p1a: XICOR|atk|2\n|\n|-heal|p2a: Metroid|86\/100|[from] item: Leftovers\n|upkeep\n|turn|8\n|\n|t:|1700625918\n|switch|p2a: Nightmare|Bronzong|100\/100\n|move|p1a: XICOR|Swords Dance|p1a: XICOR\n|-boost|p1a: XICOR|atk|2\n|\n|upkeep\n|turn|9\n|\n|t:|1700625931\n|move|p1a: XICOR|Close Combat|p2a: Nightmare\n|-damage|p2a: Nightmare|0 fnt\n|-unboost|p1a: XICOR|def|1\n|-unboost|p1a: XICOR|spd|1\n|faint|p2a: Nightmare\n|\n|upkeep\n|\n|t:|1700625937\n|switch|p2a: Ridley|Naganadel|100\/100\n|-item|p2a: Ridley|Air Balloon\n|turn|10\n|\n|t:|1700625941\n|move|p1a: XICOR|Bullet Punch|p2a: Ridley\n|-damage|p2a: Ridley|0 fnt\n|-enditem|p2a: Ridley|Air Balloon\n|faint|p2a: Ridley\n|\n|upkeep\n|inactive|Grantypoo has 120 seconds left.\n|\n|t:|1700625979\n|switch|p2a: Raven Beak|Corviknight, M, shiny|100\/100\n|turn|11\n|\n|t:|1700625991\n|move|p1a: XICOR|Close Combat|p2a: Raven Beak\n|-damage|p2a: Raven Beak|0 fnt\n|-unboost|p1a: XICOR|def|1\n|-unboost|p1a: XICOR|spd|1\n|faint|p2a: Raven Beak\n|\n|upkeep\n|inactive|Grantypoo has 120 seconds left.\n|\n|t:|1700626003\n|switch|p2a: Samus Aran|Armarouge, F|46\/100\n|turn|12\n|inactive|Grantypoo has 120 seconds left.\n|\n|t:|1700626012\n|move|p1a: XICOR|Bullet Punch|p2a: Samus Aran\n|-resisted|p2a: Samus Aran\n|-damage|p2a: Samus Aran|0 fnt\n|faint|p2a: Samus Aran\n|\n|upkeep\n|inactive|Grantypoo has 120 seconds left.\n|\n|t:|1700626018\n|switch|p2a: Zebesian|Genesect-Douse, shiny|100\/100\n|-ability|p2a: Zebesian|Download|boost\n|-boost|p2a: Zebesian|spa|1\n|turn|13\n|\n|t:|1700626025\n|move|p2a: Zebesian|Techno Blast|p1a: XICOR\n|-enditem|p1a: XICOR|Focus Sash\n|-damage|p1a: XICOR|1\/100\n|move|p1a: XICOR|Close Combat|p2a: Zebesian\n|-damage|p2a: Zebesian|0 fnt\n|-unboost|p1a: XICOR|def|1\n|-unboost|p1a: XICOR|spd|1\n|faint|p2a: Zebesian\n|\n|upkeep\n|c|\u2606Grantypoo|gg\n|\n|t:|1700626035\n|switch|p2a: Metroid|Nihilego|86\/100\n|turn|14\n|\n|t:|1700626038\n|move|p1a: XICOR|Bullet Punch|p2a: Metroid\n|-supereffective|p2a: Metroid\n|-damage|p2a: Metroid|0 fnt\n|faint|p2a: Metroid\n|\n|win|vic_ketchum\n|raw|vic_ketchum's rating: 1229 &rarr; <strong>1255<\/strong><br \/>(+26 for winning)\n|raw|Grantypoo's rating: 1241 &rarr; <strong>1215<\/strong><br \/>(-26 for losing)\n","uploadtime":1700626044,"views":0,"p1id":"vicketchum","p2id":"grantypoo","formatid":"gen9nationaldexubers","rating":1215,"private":0,"password":""}