{"id":"gen9nationaldexubers-1989281907","p1":"Pks wayment","p2":"GS FewJags","format":"[Gen 9] National Dex Ubers","log":"|j|\u2606Pks wayment\n|j|\u2606GS FewJags\n|t:|1699831512\n|gametype|singles\n|player|p1|Pks wayment|lucas|\n|player|p2|GS FewJags|palmer|\n|teamsize|p1|6\n|teamsize|p2|6\n|gen|9\n|tier|[Gen 9] National Dex Ubers\n|rule|HP Percentage Mod: HP is shown in percentages\n|rule|Endless Battle Clause: Forcing endless battles is banned\n|rule|OHKO Clause: OHKO moves are banned\n|rule|Evasion Moves Clause: Evasion moves are banned\n|rule|Evasion Items Clause: Evasion items are banned\n|rule|Species Clause: Limit one of each Pok\u00e9mon\n|rule|Sleep Clause Mod: Limit one foe put to sleep\n|rule|Mega Rayquaza Clause: You cannot mega evolve Rayquaza\n|clearpoke\n|poke|p1|Iron Valiant|\n|poke|p1|Celesteela|\n|poke|p1|Iron Moth|\n|poke|p1|Sandaconda, F|\n|poke|p1|Hoopa|\n|poke|p1|Hydreigon, F|\n|poke|p2|Venusaur, M|\n|poke|p2|Torkoal, F|\n|poke|p2|Whimsicott, M|\n|poke|p2|Medicham, M|\n|poke|p2|Walking Wake|\n|poke|p2|Typhlosion, M|\n|teampreview\n|inactive|Battle timer is ON: inactive players will automatically lose when time's up. (requested by GS FewJags)\n|inactiveoff|Battle timer is now OFF.\n|l|\u2606Pks wayment\n|player|p1|\n|j| Pokemonster28\n|j|\u2606Pks wayment\n|player|p1|Pks wayment|lucas\n|c| Pokemonster28|Gang ware fare this\n|\n|t:|1699831568\n|start\n|switch|p1a: Iron Moth|Iron Moth|100\/100\n|switch|p2a: Torkoal|Torkoal, F, shiny|100\/100\n|-weather|SunnyDay|[from] ability: Drought|[of] p2a: Torkoal\n|turn|1\n|j| Pks BloodEagle\n|\n|t:|1699831604\n|switch|p2a: Walking Wake|Walking Wake|100\/100\n|-activate|p2a: Walking Wake|ability: Protosynthesis\n|-start|p2a: Walking Wake|protosynthesisspe\n|move|p1a: Iron Moth|Fiery Dance|p2a: Walking Wake\n|-resisted|p2a: Walking Wake\n|-damage|p2a: Walking Wake|79\/100\n|-boost|p1a: Iron Moth|spa|1\n|\n|-weather|SunnyDay|[upkeep]\n|upkeep\n|turn|2\n|j| Bidens crackpipe\n|\n|t:|1699831621\n|-end|p1a: Iron Moth|Quark Drive|[silent]\n|switch|p1a: Hydreigon|Hydreigon, F|100\/100\n|move|p2a: Walking Wake|Hydro Steam|p1a: Hydreigon\n|-resisted|p1a: Hydreigon\n|-crit|p1a: Hydreigon\n|-damage|p1a: Hydreigon|50\/100\n|\n|-weather|SunnyDay|[upkeep]\n|upkeep\n|turn|3\n|\n|t:|1699831652\n|move|p2a: Walking Wake|Draco Meteor|p1a: Hydreigon\n|-supereffective|p1a: Hydreigon\n|-damage|p1a: Hydreigon|0 fnt\n|-unboost|p2a: Walking Wake|spa|2\n|faint|p1a: Hydreigon\n|\n|-weather|SunnyDay|[upkeep]\n|upkeep\n|\n|t:|1699831688\n|switch|p1a: Hoopa|Hoopa|100\/100\n|turn|4\n|\n|t:|1699831700\n|-end|p2a: Walking Wake|Protosynthesis|[silent]\n|switch|p2a: Whimsicott|Whimsicott, M|100\/100\n|move|p1a: Hoopa|Psychic|p2a: Whimsicott\n|-damage|p2a: Whimsicott|19\/100\n|\n|-weather|SunnyDay|[upkeep]\n|-heal|p2a: Whimsicott|25\/100|[from] item: Leftovers\n|upkeep\n|turn|5\n|\n|t:|1699831720\n|switch|p1a: Celesteela|Celesteela, shiny|100\/100\n|move|p2a: Whimsicott|Leech Seed|p1a: Celesteela\n|-start|p1a: Celesteela|move: Leech Seed\n|\n|-weather|SunnyDay|[upkeep]\n|-heal|p2a: Whimsicott|31\/100|[from] item: Leftovers\n|-damage|p1a: Celesteela|88\/100|[from] Leech Seed|[of] p2a: Whimsicott\n|-heal|p2a: Whimsicott|44\/100|[silent]\n|upkeep\n|turn|6\n|\n|t:|1699831742\n|switch|p2a: Walking Wake|Walking Wake|79\/100\n|-activate|p2a: Walking Wake|ability: Protosynthesis\n|-start|p2a: Walking Wake|protosynthesisspe\n|move|p1a: Celesteela|Autotomize|p1a: Celesteela\n|-boost|p1a: Celesteela|spe|2\n|-start|p1a: Celesteela|Autotomize\n|\n|-weather|SunnyDay|[upkeep]\n|-damage|p1a: Celesteela|76\/100|[from] Leech Seed|[of] p2a: Walking Wake\n|-heal|p2a: Walking Wake|92\/100|[silent]\n|upkeep\n|turn|7\n|\n|t:|1699831773\n|switch|p1a: Hoopa|Hoopa|100\/100\n|move|p2a: Walking Wake|Flamethrower|p1a: Hoopa\n|-damage|p1a: Hoopa|78\/100\n|\n|-weather|SunnyDay|[upkeep]\n|upkeep\n|turn|8\n|\n|t:|1699831866\n|-end|p2a: Walking Wake|Protosynthesis|[silent]\n|switch|p2a: Whimsicott|Whimsicott, M|44\/100\n|move|p1a: Hoopa|Psychic|p2a: Whimsicott\n|-damage|p2a: Whimsicott|0 fnt\n|faint|p2a: Whimsicott\n|\n|-weather|none\n|upkeep\n|\n|t:|1699831868\n|switch|p2a: Torkoal|Torkoal, F, shiny|100\/100\n|-weather|SunnyDay|[from] ability: Drought|[of] p2a: Torkoal\n|turn|9\n|\n|t:|1699831872\n|move|p1a: Hoopa|Psychic|p2a: Torkoal\n|-damage|p2a: Torkoal|24\/100\n|move|p2a: Torkoal|Stealth Rock|p1a: Hoopa\n|-sidestart|p1: Pks wayment|move: Stealth Rock\n|\n|-weather|SunnyDay|[upkeep]\n|upkeep\n|turn|10\n|\n|t:|1699831892\n|move|p1a: Hoopa|Psychic|p2a: Torkoal\n|-damage|p2a: Torkoal|0 fnt\n|faint|p2a: Torkoal\n|\n|-weather|SunnyDay|[upkeep]\n|upkeep\n|\n|t:|1699831895\n|switch|p2a: Typhlosion|Typhlosion, M|100\/100\n|turn|11\n|\n|t:|1699831913\n|move|p2a: Typhlosion|Eruption|p1a: Hoopa\n|-damage|p1a: Hoopa|25\/100\n|move|p1a: Hoopa|Psychic|p2a: Typhlosion\n|-damage|p2a: Typhlosion|23\/100\n|\n|-weather|SunnyDay|[upkeep]\n|upkeep\n|turn|12\n|\n|t:|1699831931\n|move|p2a: Typhlosion|Eruption|p1a: Hoopa\n|-damage|p1a: Hoopa|7\/100\n|move|p1a: Hoopa|Psychic|p2a: Typhlosion\n|-damage|p2a: Typhlosion|0 fnt\n|faint|p2a: Typhlosion\n|\n|-weather|SunnyDay|[upkeep]\n|upkeep\n|\n|t:|1699831937\n|switch|p2a: Venusaur|Venusaur, M, shiny|100\/100\n|turn|13\n|\n|t:|1699831944\n|move|p2a: Venusaur|Earth Power|p1a: Hoopa\n|-damage|p1a: Hoopa|0 fnt\n|faint|p1a: Hoopa\n|-damage|p2a: Venusaur|91\/100|[from] item: Life Orb\n|\n|-weather|SunnyDay|[upkeep]\n|upkeep\n|\n|t:|1699831951\n|switch|p1a: Sandaconda|Sandaconda, F, shiny|100\/100\n|-damage|p1a: Sandaconda|94\/100|[from] Stealth Rock\n|turn|14\n|j| PLM2fgs\n|\n|t:|1699831962\n|move|p2a: Venusaur|Substitute|p2a: Venusaur\n|-start|p2a: Venusaur|Substitute\n|-damage|p2a: Venusaur|66\/100\n|move|p1a: Sandaconda|Fire Fang|p2a: Venusaur\n|-supereffective|p2a: Venusaur\n|-end|p2a: Venusaur|Substitute\n|\n|-weather|SunnyDay|[upkeep]\n|-heal|p1a: Sandaconda|100\/100|[from] item: Leftovers\n|upkeep\n|turn|15\n|c| PLM2fgs|oooo\n|\n|t:|1699831968\n|move|p2a: Venusaur|Giga Drain|p1a: Sandaconda\n|-supereffective|p1a: Sandaconda\n|-damage|p1a: Sandaconda|0 fnt\n|-heal|p2a: Venusaur|100\/100|[from] drain|[of] p1a: Sandaconda\n|faint|p1a: Sandaconda\n|-damage|p2a: Venusaur|91\/100|[from] item: Life Orb\n|\n|-weather|SunnyDay|[upkeep]\n|upkeep\n|\n|t:|1699831990\n|switch|p1a: Iron Moth|Iron Moth|100\/100\n|-damage|p1a: Iron Moth|76\/100|[from] Stealth Rock\n|turn|16\n|\n|t:|1699832004\n|-end|p1a: Iron Moth|Quark Drive|[silent]\n|switch|p1a: Celesteela|Celesteela, shiny|76\/100\n|-damage|p1a: Celesteela|63\/100|[from] Stealth Rock\n|move|p2a: Venusaur|Substitute|p2a: Venusaur\n|-start|p2a: Venusaur|Substitute\n|-damage|p2a: Venusaur|66\/100\n|\n|-weather|none\n|upkeep\n|turn|17\n|\n|t:|1699832021\n|move|p2a: Venusaur|Giga Drain|p1a: Celesteela\n|-resisted|p1a: Celesteela\n|-damage|p1a: Celesteela|52\/100\n|-heal|p2a: Venusaur|72\/100|[from] drain|[of] p1a: Celesteela\n|-damage|p2a: Venusaur|62\/100|[from] item: Life Orb\n|move|p1a: Celesteela|Air Slash|p2a: Venusaur\n|-supereffective|p2a: Venusaur\n|-end|p2a: Venusaur|Substitute\n|\n|upkeep\n|turn|18\n|l| PLM2fgs\n|j| PLM2fgs\n|\n|t:|1699832040\n|move|p2a: Venusaur|Giga Drain|p1a: Celesteela\n|-resisted|p1a: Celesteela\n|-damage|p1a: Celesteela|41\/100\n|-heal|p2a: Venusaur|68\/100|[from] drain|[of] p1a: Celesteela\n|-damage|p2a: Venusaur|58\/100|[from] item: Life Orb\n|move|p1a: Celesteela|Autotomize|p1a: Celesteela\n|-boost|p1a: Celesteela|spe|2\n|-start|p1a: Celesteela|Autotomize\n|\n|upkeep\n|turn|19\n|\n|t:|1699832049\n|move|p1a: Celesteela|Meteor Beam||[still]\n|-prepare|p1a: Celesteela|Meteor Beam\n|-boost|p1a: Celesteela|spa|1\n|-enditem|p1a: Celesteela|Power Herb\n|-anim|p1a: Celesteela|Meteor Beam|p2a: Venusaur\n|-damage|p2a: Venusaur|0 fnt\n|faint|p2a: Venusaur\n|-ability|p1a: Celesteela|Beast Boost|boost\n|-boost|p1a: Celesteela|spa|1\n|\n|upkeep\n|\n|t:|1699832052\n|switch|p2a: Walking Wake|Walking Wake|92\/100\n|turn|20\n|\n|t:|1699832059\n|move|p1a: Celesteela|Air Slash|p2a: Walking Wake\n|-damage|p2a: Walking Wake|43\/100\n|move|p2a: Walking Wake|Flamethrower|p1a: Celesteela\n|-supereffective|p1a: Celesteela\n|-damage|p1a: Celesteela|0 fnt\n|faint|p1a: Celesteela\n|\n|upkeep\n|\n|t:|1699832067\n|switch|p1a: Iron Valiant|Iron Valiant|100\/100\n|-damage|p1a: Iron Valiant|94\/100|[from] Stealth Rock\n|-enditem|p1a: Iron Valiant|Booster Energy\n|-activate|p1a: Iron Valiant|ability: Quark Drive|[fromitem]\n|-start|p1a: Iron Valiant|quarkdrivespe\n|turn|21\n|\n|t:|1699832080\n|move|p1a: Iron Valiant|Spirit Break|p2a: Walking Wake\n|-supereffective|p2a: Walking Wake\n|-damage|p2a: Walking Wake|0 fnt\n|faint|p2a: Walking Wake\n|-end|p2a: Walking Wake|Protosynthesis|[silent]\n|\n|upkeep\n|\n|t:|1699832082\n|switch|p2a: Medicham|Medicham, M, shiny|100\/100\n|turn|22\n|\n|t:|1699832087\n|detailschange|p2a: Medicham|Medicham-Mega, M, shiny\n|-mega|p2a: Medicham|Medicham|Medichamite\n|move|p2a: Medicham|Fake Out|p1a: Iron Valiant\n|-damage|p1a: Iron Valiant|63\/100\n|cant|p1a: Iron Valiant|flinch\n|\n|upkeep\n|turn|23\n|\n|t:|1699832128\n|move|p2a: Medicham|Bullet Punch|p1a: Iron Valiant\n|-supereffective|p1a: Iron Valiant\n|-damage|p1a: Iron Valiant|5\/100\n|move|p1a: Iron Valiant|Spirit Break|p2a: Medicham\n|-supereffective|p2a: Medicham\n|-damage|p2a: Medicham|0 fnt\n|faint|p2a: Medicham\n|\n|win|Pks wayment\n","uploadtime":1699832135,"views":50,"p1id":"pkswayment","p2id":"gsfewjags","formatid":"gen9nationaldexubers","rating":0,"private":0,"password":""}