{"id":"gen9nationaldexubers-1990442733","p1":"KingoftheTitans","p2":"RosAfnsa","format":"[Gen 9] National Dex Ubers","log":"|j|\u2606KingoftheTitans\n|j|\u2606RosAfnsa\n|t:|1699971421\n|gametype|singles\n|player|p1|KingoftheTitans|265|1246\n|player|p2|RosAfnsa|gambler|1194\n|teamsize|p1|6\n|teamsize|p2|4\n|gen|9\n|tier|[Gen 9] National Dex Ubers\n|rated|\n|rule|HP Percentage Mod: HP is shown in percentages\n|rule|Endless Battle Clause: Forcing endless battles is banned\n|rule|OHKO Clause: OHKO moves are banned\n|rule|Evasion Moves Clause: Evasion moves are banned\n|rule|Evasion Items Clause: Evasion items are banned\n|rule|Species Clause: Limit one of each Pok\u00e9mon\n|rule|Sleep Clause Mod: Limit one foe put to sleep\n|rule|Mega Rayquaza Clause: You cannot mega evolve Rayquaza\n|clearpoke\n|poke|p1|Diancie|\n|poke|p1|Volcarona, F|\n|poke|p1|Ursaluna-Bloodmoon, M|\n|poke|p1|Dragonite, M|\n|poke|p1|Ogerpon-Wellspring, F|\n|poke|p1|Lycanroc-Dusk, M|\n|poke|p2|Roaring Moon|\n|poke|p2|Gyarados, F|\n|poke|p2|Minior-Violet|\n|poke|p2|Annihilape, F|\n|teampreview\n|inactive|Battle timer is ON: inactive players will automatically lose when time's up. (requested by RosAfnsa)\n|\n|t:|1699971440\n|start\n|switch|p1a: Diancie|Diancie|100\/100\n|switch|p2a: Roaring Moon|Roaring Moon|100\/100\n|-enditem|p2a: Roaring Moon|Booster Energy\n|-activate|p2a: Roaring Moon|ability: Protosynthesis|[fromitem]\n|-start|p2a: Roaring Moon|protosynthesisatk\n|turn|1\n|\n|t:|1699971451\n|detailschange|p1a: Diancie|Diancie-Mega\n|-mega|p1a: Diancie|Diancie|Diancite\n|-terastallize|p2a: Roaring Moon|Steel\n|move|p1a: Diancie|Moonblast|p2a: Roaring Moon\n|-resisted|p2a: Roaring Moon\n|-damage|p2a: Roaring Moon|75\/100\n|move|p2a: Roaring Moon|Dragon Dance|p2a: Roaring Moon\n|-boost|p2a: Roaring Moon|atk|1\n|-boost|p2a: Roaring Moon|spe|1\n|\n|upkeep\n|turn|2\n|\n|t:|1699971461\n|move|p2a: Roaring Moon|Dragon Dance|p2a: Roaring Moon\n|-boost|p2a: Roaring Moon|atk|1\n|-boost|p2a: Roaring Moon|spe|1\n|move|p1a: Diancie|Earth Power|p2a: Roaring Moon\n|-supereffective|p2a: Roaring Moon\n|-damage|p2a: Roaring Moon|9\/100\n|-unboost|p2a: Roaring Moon|spd|1\n|\n|upkeep\n|turn|3\n|\n|t:|1699971479\n|switch|p1a: Ursaluna|Ursaluna-Bloodmoon, M|100\/100\n|move|p2a: Roaring Moon|Iron Head|p1a: Ursaluna\n|-damage|p1a: Ursaluna|0 fnt\n|faint|p1a: Ursaluna\n|\n|upkeep\n|\n|t:|1699971484\n|switch|p1a: Lycanroc|Lycanroc-Dusk, M|100\/100\n|turn|4\n|\n|t:|1699971494\n|move|p1a: Lycanroc|Accelerock|p2a: Roaring Moon\n|-resisted|p2a: Roaring Moon\n|-damage|p2a: Roaring Moon|0 fnt\n|faint|p2a: Roaring Moon\n|-end|p2a: Roaring Moon|Protosynthesis|[silent]\n|\n|upkeep\n|\n|t:|1699971505\n|switch|p2a: Annihilape|Annihilape, F|100\/100\n|turn|5\n|\n|t:|1699971509\n|move|p1a: Lycanroc|Taunt|p2a: Annihilape\n|-start|p2a: Annihilape|move: Taunt\n|cant|p2a: Annihilape|move: Taunt|Bulk Up\n|\n|upkeep\n|turn|6\n|\n|t:|1699971514\n|switch|p1a: Diancie|Diancie-Mega|100\/100\n|switch|p2a: Gyarados|Gyarados, F|100\/100\n|-ability|p2a: Gyarados|Intimidate|boost\n|-unboost|p1a: Diancie|atk|1\n|\n|upkeep\n|turn|7\n|\n|t:|1699971525\n|switch|p1a: Dragonite|Dragonite, M|100\/100\n|move|p2a: Gyarados|Dragon Dance|p2a: Gyarados\n|-boost|p2a: Gyarados|atk|1\n|-boost|p2a: Gyarados|spe|1\n|\n|upkeep\n|turn|8\n|\n|t:|1699971533\n|detailschange|p2a: Gyarados|Gyarados-Mega, F\n|-mega|p2a: Gyarados|Gyarados|Gyaradosite\n|-ability|p2a: Gyarados|Mold Breaker\n|move|p2a: Gyarados|Dragon Dance|p2a: Gyarados\n|-boost|p2a: Gyarados|atk|1\n|-boost|p2a: Gyarados|spe|1\n|move|p1a: Dragonite|Dragon Dance|p1a: Dragonite\n|-boost|p1a: Dragonite|atk|1\n|-boost|p1a: Dragonite|spe|1\n|\n|upkeep\n|turn|9\n|\n|t:|1699971545\n|move|p2a: Gyarados|Crunch|p1a: Dragonite\n|-damage|p1a: Dragonite|0 fnt\n|faint|p1a: Dragonite\n|\n|upkeep\n|\n|t:|1699971554\n|switch|p1a: Volcarona|Volcarona, F|100\/100\n|turn|10\n|\n|t:|1699971558\n|-terastallize|p1a: Volcarona|Grass\n|move|p2a: Gyarados|Waterfall|p1a: Volcarona\n|-resisted|p1a: Volcarona\n|-damage|p1a: Volcarona|27\/100\n|move|p1a: Volcarona|Giga Drain|p2a: Gyarados\n|-supereffective|p2a: Gyarados\n|-damage|p2a: Gyarados|28\/100\n|-heal|p1a: Volcarona|65\/100|[from] drain|[of] p2a: Gyarados\n|\n|upkeep\n|turn|11\n|\n|t:|1699971571\n|move|p2a: Gyarados|Crunch|p1a: Volcarona\n|-damage|p1a: Volcarona|0 fnt\n|faint|p1a: Volcarona\n|\n|upkeep\n|\n|t:|1699971575\n|switch|p1a: Lycanroc|Lycanroc-Dusk, M|100\/100\n|turn|12\n|\n|t:|1699971580\n|move|p1a: Lycanroc|Accelerock|p2a: Gyarados\n|-crit|p2a: Gyarados\n|-damage|p2a: Gyarados|0 fnt\n|faint|p2a: Gyarados\n|\n|upkeep\n|\n|t:|1699971586\n|switch|p2a: Annihilape|Annihilape, F|100\/100\n|turn|13\n|\n|t:|1699971592\n|switch|p1a: Diancie|Diancie-Mega|100\/100\n|move|p2a: Annihilape|Drain Punch|p1a: Diancie\n|-crit|p1a: Diancie\n|-damage|p1a: Diancie|13\/100\n|\n|upkeep\n|turn|14\n|\n|t:|1699971607\n|move|p1a: Diancie|Moonblast|p2a: Annihilape\n|-supereffective|p2a: Annihilape\n|-damage|p2a: Annihilape|0 fnt\n|faint|p2a: Annihilape\n|\n|upkeep\n|\n|t:|1699971613\n|switch|p2a: Minty|Minior-Violet|100\/100\n|-formechange|p2a: Minty|Minior-Meteor||[from] ability: Shields Down\n|turn|15\n|\n|t:|1699971634\n|move|p1a: Diancie|Moonblast|p2a: Minty\n|-damage|p2a: Minty|46\/100\n|-unboost|p2a: Minty|spa|1\n|-enditem|p2a: Minty|White Herb\n|-clearnegativeboost|p2a: Minty|[silent]\n|move|p2a: Minty|Shell Smash|p2a: Minty\n|-unboost|p2a: Minty|def|1\n|-unboost|p2a: Minty|spd|1\n|-boost|p2a: Minty|atk|2\n|-boost|p2a: Minty|spa|2\n|-boost|p2a: Minty|spe|2\n|\n|-formechange|p2a: Minty|Minior-Violet||[from] ability: Shields Down\n|upkeep\n|turn|16\n|\n|t:|1699971651\n|move|p2a: Minty|Earthquake|p1a: Diancie\n|-supereffective|p1a: Diancie\n|-damage|p1a: Diancie|0 fnt\n|faint|p1a: Diancie\n|\n|upkeep\n|\n|t:|1699971656\n|switch|p1a: Lycanroc|Lycanroc-Dusk, M|100\/100\n|turn|17\n|\n|t:|1699971660\n|move|p1a: Lycanroc|Accelerock|p2a: Minty\n|-supereffective|p2a: Minty\n|-damage|p2a: Minty|0 fnt\n|faint|p2a: Minty\n|\n|win|KingoftheTitans\n|raw|KingoftheTitans's rating: 1246 &rarr; <strong>1267<\/strong><br \/>(+21 for winning)\n|raw|RosAfnsa's rating: 1194 &rarr; <strong>1173<\/strong><br \/>(-21 for losing)\n|c|\u2606RosAfnsa|GG\n|c|\u2606KingoftheTitans|gg\n","uploadtime":1699971666,"views":6,"p1id":"kingofthetitans","p2id":"rosafnsa","formatid":"gen9nationaldexubers","rating":1173,"private":0,"password":""}