{"id":"gen9nationaldexubers-1984472061","p1":"Irfanayan","p2":"mega qy","format":"[Gen 9] National Dex Ubers","log":"|j|\u2606Irfanayan\n|j|\u2606mega qy\n|t:|1699269131\n|gametype|singles\n|player|p1|Irfanayan|1|1704\n|player|p2|mega qy|lusamine-nihilego|1787\n|teamsize|p1|6\n|teamsize|p2|6\n|gen|9\n|tier|[Gen 9] National Dex Ubers\n|rated|\n|rule|HP Percentage Mod: HP is shown in percentages\n|rule|Endless Battle Clause: Forcing endless battles is banned\n|rule|OHKO Clause: OHKO moves are banned\n|rule|Evasion Moves Clause: Evasion moves are banned\n|rule|Evasion Items Clause: Evasion items are banned\n|rule|Species Clause: Limit one of each Pok\u00e9mon\n|rule|Sleep Clause Mod: Limit one foe put to sleep\n|rule|Mega Rayquaza Clause: You cannot mega evolve Rayquaza\n|clearpoke\n|poke|p1|Groudon|\n|poke|p1|Xerneas-*|\n|poke|p1|Arceus|\n|poke|p1|Necrozma-Dusk-Mane|\n|poke|p1|Zygarde|\n|poke|p1|Lugia|\n|poke|p2|Hatterene, F|\n|poke|p2|Calyrex-Ice|\n|poke|p2|Arceus|\n|poke|p2|Cresselia, F|\n|poke|p2|Melmetal|\n|poke|p2|Groudon|\n|teampreview\n|inactive|Battle timer is ON: inactive players will automatically lose when time's up. (requested by mega qy)\n|\n|t:|1699269142\n|start\n|switch|p1a: Xerneas|Xerneas|100\/100\n|switch|p2a: \u9752\u6625\u97f3\u7bb1\u87c0\u4e0d\u4f1a\u68a6\u89c1\u9b54\u5973\u5b66\u59d0|Hatterene, F, shiny|100\/100\n|-ability|p1a: Xerneas|Fairy Aura\n|turn|1\n|\n|t:|1699269155\n|move|p1a: Xerneas|Geomancy||[still]\n|-prepare|p1a: Xerneas|Geomancy\n|-enditem|p1a: Xerneas|Power Herb\n|-anim|p1a: Xerneas|Geomancy|p1a: Xerneas\n|-boost|p1a: Xerneas|spa|2\n|-boost|p1a: Xerneas|spd|2\n|-boost|p1a: Xerneas|spe|2\n|move|p2a: \u9752\u6625\u97f3\u7bb1\u87c0\u4e0d\u4f1a\u68a6\u89c1\u9b54\u5973\u5b66\u59d0|Trick Room|p2a: \u9752\u6625\u97f3\u7bb1\u87c0\u4e0d\u4f1a\u68a6\u89c1\u9b54\u5973\u5b66\u59d0\n|-fieldstart|move: Trick Room|[of] p2a: \u9752\u6625\u97f3\u7bb1\u87c0\u4e0d\u4f1a\u68a6\u89c1\u9b54\u5973\u5b66\u59d0\n|\n|upkeep\n|turn|2\n|\n|t:|1699269164\n|move|p2a: \u9752\u6625\u97f3\u7bb1\u87c0\u4e0d\u4f1a\u68a6\u89c1\u9b54\u5973\u5b66\u59d0|Misty Explosion|p1a: Xerneas\n|-damage|p1a: Xerneas|68\/100\n|faint|p2a: \u9752\u6625\u97f3\u7bb1\u87c0\u4e0d\u4f1a\u68a6\u89c1\u9b54\u5973\u5b66\u59d0\n|move|p1a: Xerneas|Moonblast|p2: \u9752\u6625\u97f3\u7bb1\u87c0\u4e0d\u4f1a\u68a6\u89c1\u9b54\u5973\u5b66\u59d0|[notarget]\n|-fail|p1a: Xerneas\n|\n|upkeep\n|\n|t:|1699269172\n|switch|p2a: \u6211\u8981\u51b0\u5c01\u8fd9\u4e2a\u4e16\u754c|Calyrex-Ice|100\/100\n|-ability|p2a: \u6211\u8981\u51b0\u5c01\u8fd9\u4e2a\u4e16\u754c|As One\n|-ability|p2a: \u6211\u8981\u51b0\u5c01\u8fd9\u4e2a\u4e16\u754c|Unnerve\n|turn|3\n|\n|t:|1699269183\n|-terastallize|p2a: \u6211\u8981\u51b0\u5c01\u8fd9\u4e2a\u4e16\u754c|Ice\n|-terastallize|p1a: Xerneas|Steel\n|move|p2a: \u6211\u8981\u51b0\u5c01\u8fd9\u4e2a\u4e16\u754c|Glacial Lance|p1a: Xerneas\n|-resisted|p1a: Xerneas\n|-damage|p1a: Xerneas|5\/100\n|move|p1a: Xerneas|Moonblast|p2a: \u6211\u8981\u51b0\u5c01\u8fd9\u4e2a\u4e16\u754c\n|-damage|p2a: \u6211\u8981\u51b0\u5c01\u8fd9\u4e2a\u4e16\u754c|10\/100\n|\n|upkeep\n|turn|4\n|\n|t:|1699269195\n|move|p2a: \u6211\u8981\u51b0\u5c01\u8fd9\u4e2a\u4e16\u754c|Glacial Lance|p1a: Xerneas\n|-resisted|p1a: Xerneas\n|-damage|p1a: Xerneas|0 fnt\n|faint|p1a: Xerneas\n|-ability|p2a: \u6211\u8981\u51b0\u5c01\u8fd9\u4e2a\u4e16\u754c|Chilling Neigh|boost\n|-boost|p2a: \u6211\u8981\u51b0\u5c01\u8fd9\u4e2a\u4e16\u754c|atk|1\n|\n|upkeep\n|\n|t:|1699269203\n|switch|p1a: Arceus|Arceus|100\/100\n|turn|5\n|\n|t:|1699269211\n|switch|p2a: \u6700\u5f3a\u6218\u795e\u5b99\u65af|Arceus|100\/100\n|move|p1a: Arceus|Extreme Speed|p2a: \u6700\u5f3a\u6218\u795e\u5b99\u65af\n|-damage|p2a: \u6700\u5f3a\u6218\u795e\u5b99\u65af|71\/100\n|-damage|p1a: Arceus|91\/100|[from] item: Life Orb\n|\n|-fieldend|move: Trick Room\n|upkeep\n|turn|6\n|\n|t:|1699269220\n|move|p1a: Arceus|Taunt|p2a: \u6700\u5f3a\u6218\u795e\u5b99\u65af\n|-start|p2a: \u6700\u5f3a\u6218\u795e\u5b99\u65af|move: Taunt\n|cant|p2a: \u6700\u5f3a\u6218\u795e\u5b99\u65af|move: Taunt|Trick Room\n|\n|upkeep\n|turn|7\n|\n|t:|1699269230\n|switch|p2a: \u4eca\u665a\u505a\u4e2a\u597d\u68a6\u5427|Cresselia, F|100\/100\n|move|p1a: Arceus|Swords Dance|p1a: Arceus\n|-boost|p1a: Arceus|atk|2\n|\n|upkeep\n|turn|8\n|\n|t:|1699269237\n|move|p1a: Arceus|Taunt|p2a: \u4eca\u665a\u505a\u4e2a\u597d\u68a6\u5427\n|-start|p2a: \u4eca\u665a\u505a\u4e2a\u597d\u68a6\u5427|move: Taunt\n|-enditem|p2a: \u4eca\u665a\u505a\u4e2a\u597d\u68a6\u5427|Mental Herb\n|-end|p2a: \u4eca\u665a\u505a\u4e2a\u597d\u68a6\u5427|move: Taunt\n|move|p2a: \u4eca\u665a\u505a\u4e2a\u597d\u68a6\u5427|Trick Room|p2a: \u4eca\u665a\u505a\u4e2a\u597d\u68a6\u5427\n|-fieldstart|move: Trick Room|[of] p2a: \u4eca\u665a\u505a\u4e2a\u597d\u68a6\u5427\n|\n|upkeep\n|turn|9\n|\n|t:|1699269250\n|move|p2a: \u4eca\u665a\u505a\u4e2a\u597d\u68a6\u5427|Lunar Dance|p2a: \u4eca\u665a\u505a\u4e2a\u597d\u68a6\u5427\n|faint|p2a: \u4eca\u665a\u505a\u4e2a\u597d\u68a6\u5427\n|move|p1a: Arceus|Swords Dance|p1a: Arceus\n|-boost|p1a: Arceus|atk|2\n|\n|upkeep\n|\n|t:|1699269255\n|switch|p2a: \u6211\u8981\u51b0\u5c01\u8fd9\u4e2a\u4e16\u754c|Calyrex-Ice, tera:Ice|10\/100\n|-ability|p2a: \u6211\u8981\u51b0\u5c01\u8fd9\u4e2a\u4e16\u754c|As One\n|-ability|p2a: \u6211\u8981\u51b0\u5c01\u8fd9\u4e2a\u4e16\u754c|Unnerve\n|-heal|p2a: \u6211\u8981\u51b0\u5c01\u8fd9\u4e2a\u4e16\u754c|100\/100|[from] move: Lunar Dance\n|turn|10\n|\n|t:|1699269263\n|move|p1a: Arceus|Extreme Speed|p2a: \u6211\u8981\u51b0\u5c01\u8fd9\u4e2a\u4e16\u754c\n|-damage|p2a: \u6211\u8981\u51b0\u5c01\u8fd9\u4e2a\u4e16\u754c|3\/100\n|-damage|p1a: Arceus|81\/100|[from] item: Life Orb\n|move|p2a: \u6211\u8981\u51b0\u5c01\u8fd9\u4e2a\u4e16\u754c|Glacial Lance|p1a: Arceus\n|-damage|p1a: Arceus|0 fnt\n|faint|p1a: Arceus\n|-ability|p2a: \u6211\u8981\u51b0\u5c01\u8fd9\u4e2a\u4e16\u754c|Chilling Neigh|boost\n|-boost|p2a: \u6211\u8981\u51b0\u5c01\u8fd9\u4e2a\u4e16\u754c|atk|1\n|\n|upkeep\n|c|\u2606mega qy|omg\n|\n|t:|1699269286\n|switch|p1a: Necrozma|Necrozma-Dusk-Mane|100\/100\n|turn|11\n|\n|t:|1699269291\n|move|p2a: \u6211\u8981\u51b0\u5c01\u8fd9\u4e2a\u4e16\u754c|Glacial Lance|p1a: Necrozma\n|-resisted|p1a: Necrozma\n|-damage|p1a: Necrozma|7\/100\n|move|p1a: Necrozma|Power Gem|p2a: \u6211\u8981\u51b0\u5c01\u8fd9\u4e2a\u4e16\u754c\n|-supereffective|p2a: \u6211\u8981\u51b0\u5c01\u8fd9\u4e2a\u4e16\u754c\n|-damage|p2a: \u6211\u8981\u51b0\u5c01\u8fd9\u4e2a\u4e16\u754c|0 fnt\n|faint|p2a: \u6211\u8981\u51b0\u5c01\u8fd9\u4e2a\u4e16\u754c\n|\n|upkeep\n|\n|t:|1699269296\n|switch|p2a: \u8fd9\u4e2a\u4e16\u754c\u5371\u5728\u65e6\u5915|Groudon|100\/100\n|detailschange|p2a: \u8fd9\u4e2a\u4e16\u754c\u5371\u5728\u65e6\u5915|Groudon-Primal\n|-primal|p2a: \u8fd9\u4e2a\u4e16\u754c\u5371\u5728\u65e6\u5915|Red Orb\n|-weather|DesolateLand|[from] ability: Desolate Land|[of] p2a: \u8fd9\u4e2a\u4e16\u754c\u5371\u5728\u65e6\u5915\n|turn|12\n|\n|t:|1699269309\n|move|p2a: \u8fd9\u4e2a\u4e16\u754c\u5371\u5728\u65e6\u5915|Eruption|p1a: Necrozma\n|-supereffective|p1a: Necrozma\n|-damage|p1a: Necrozma|0 fnt\n|faint|p1a: Necrozma\n|\n|-weather|DesolateLand|[upkeep]\n|-fieldend|move: Trick Room\n|upkeep\n|\n|t:|1699269321\n|switch|p1a: Zygarde|Zygarde|100\/100\n|turn|13\n|\n|t:|1699269330\n|move|p1a: Zygarde|Coil|p1a: Zygarde\n|-boost|p1a: Zygarde|atk|1\n|-boost|p1a: Zygarde|def|1\n|-boost|p1a: Zygarde|accuracy|1\n|move|p2a: \u8fd9\u4e2a\u4e16\u754c\u5371\u5728\u65e6\u5915|Eruption|p1a: Zygarde\n|-resisted|p1a: Zygarde\n|-damage|p1a: Zygarde|43\/100\n|\n|-weather|DesolateLand|[upkeep]\n|-heal|p1a: Zygarde|50\/100|[from] item: Leftovers\n|-activate|p1a: Zygarde|ability: Power Construct\n|detailschange|p1a: Zygarde|Zygarde-Complete\n|-heal|p1a: Zygarde|67\/100|[silent]\n|upkeep\n|turn|14\n|\n|t:|1699269345\n|-weather|none\n|switch|p2a: \u6700\u5f3a\u6218\u795e\u5b99\u65af|Arceus|71\/100\n|move|p1a: Zygarde|Thousand Arrows|p2a: \u6700\u5f3a\u6218\u795e\u5b99\u65af\n|-damage|p2a: \u6700\u5f3a\u6218\u795e\u5b99\u65af|49\/100\n|\n|-heal|p1a: Zygarde|73\/100|[from] item: Leftovers\n|upkeep\n|turn|15\n|\n|t:|1699269356\n|move|p1a: Zygarde|Coil|p1a: Zygarde\n|-boost|p1a: Zygarde|atk|1\n|-boost|p1a: Zygarde|def|1\n|-boost|p1a: Zygarde|accuracy|1\n|move|p2a: \u6700\u5f3a\u6218\u795e\u5b99\u65af|Trick Room|p2a: \u6700\u5f3a\u6218\u795e\u5b99\u65af\n|-fieldstart|move: Trick Room|[of] p2a: \u6700\u5f3a\u6218\u795e\u5b99\u65af\n|\n|-heal|p1a: Zygarde|79\/100|[from] item: Leftovers\n|upkeep\n|turn|16\n|\n|t:|1699269374\n|move|p1a: Zygarde|Coil|p1a: Zygarde\n|-boost|p1a: Zygarde|atk|1\n|-boost|p1a: Zygarde|def|1\n|-boost|p1a: Zygarde|accuracy|1\n|move|p2a: \u6700\u5f3a\u6218\u795e\u5b99\u65af|Roar|p1a: Zygarde\n|drag|p1a: Groudon|Groudon|100\/100\n|detailschange|p1a: Groudon|Groudon-Primal\n|-primal|p1a: Groudon|Red Orb\n|-weather|DesolateLand|[from] ability: Desolate Land|[of] p1a: Groudon\n|\n|-weather|DesolateLand|[upkeep]\n|upkeep\n|turn|17\n|\n|t:|1699269389\n|move|p1a: Groudon|Precipice Blades|p2a: \u6700\u5f3a\u6218\u795e\u5b99\u65af\n|-damage|p2a: \u6700\u5f3a\u6218\u795e\u5b99\u65af|5\/100\n|move|p2a: \u6700\u5f3a\u6218\u795e\u5b99\u65af|Healing Wish|p2a: \u6700\u5f3a\u6218\u795e\u5b99\u65af\n|faint|p2a: \u6700\u5f3a\u6218\u795e\u5b99\u65af\n|\n|-weather|DesolateLand|[upkeep]\n|upkeep\n|\n|t:|1699269392\n|switch|p2a: \u8fd9\u4e2a\u4e16\u754c\u5371\u5728\u65e6\u5915|Groudon-Primal|100\/100\n|turn|18\n|\n|t:|1699269408\n|switch|p1a: Lugia|Lugia|100\/100\n|move|p2a: \u8fd9\u4e2a\u4e16\u754c\u5371\u5728\u65e6\u5915|Eruption|p1a: Lugia\n|-damage|p1a: Lugia|59\/100\n|\n|-weather|DesolateLand|[upkeep]\n|-heal|p1a: Lugia|66\/100|[from] item: Leftovers\n|upkeep\n|turn|19\n|\n|t:|1699269421\n|move|p2a: \u8fd9\u4e2a\u4e16\u754c\u5371\u5728\u65e6\u5915|Eruption|p1a: Lugia\n|-damage|p1a: Lugia|0 fnt\n|faint|p1a: Lugia\n|\n|-weather|DesolateLand|[upkeep]\n|-fieldend|move: Trick Room\n|upkeep\n|\n|t:|1699269443\n|switch|p1a: Zygarde|Zygarde-Complete|79\/100\n|turn|20\n|\n|t:|1699269454\n|move|p1a: Zygarde|Dragon Dance|p1a: Zygarde\n|-boost|p1a: Zygarde|atk|1\n|-boost|p1a: Zygarde|spe|1\n|move|p2a: \u8fd9\u4e2a\u4e16\u754c\u5371\u5728\u65e6\u5915|Precipice Blades|p1a: Zygarde\n|-damage|p1a: Zygarde|49\/100\n|\n|-weather|DesolateLand|[upkeep]\n|-heal|p1a: Zygarde|55\/100|[from] item: Leftovers\n|upkeep\n|turn|21\n|\n|t:|1699269466\n|move|p1a: Zygarde|Thousand Arrows|p2a: \u8fd9\u4e2a\u4e16\u754c\u5371\u5728\u65e6\u5915\n|-supereffective|p2a: \u8fd9\u4e2a\u4e16\u754c\u5371\u5728\u65e6\u5915\n|-damage|p2a: \u8fd9\u4e2a\u4e16\u754c\u5371\u5728\u65e6\u5915|37\/100\n|move|p2a: \u8fd9\u4e2a\u4e16\u754c\u5371\u5728\u65e6\u5915|Eruption|p1a: Zygarde\n|-resisted|p1a: Zygarde\n|-damage|p1a: Zygarde|40\/100\n|\n|-weather|DesolateLand|[upkeep]\n|-heal|p1a: Zygarde|46\/100|[from] item: Leftovers\n|upkeep\n|turn|22\n|-message|mega qy forfeited.\n|\n|win|Irfanayan\n|raw|Irfanayan's rating: 1704 &rarr; <strong>1729<\/strong><br \/>(+25 for winning)\n|raw|mega qy's rating: 1787 &rarr; <strong>1762<\/strong><br \/>(-25 for losing)\n|l|\u2606mega qy\n|l|\u2606Irfanayan\n","uploadtime":1699269507,"views":6,"p1id":"irfanayan","p2id":"megaqy","formatid":"gen9nationaldexubers","rating":1729,"private":0,"password":""}