{"id":"gen9nationaldexubers-1983950818","p1":"The Ganyu","p2":"Rigostar","format":"[Gen 9] National Dex Ubers","log":"|j|\u2606The Ganyu\n|j|\u2606Rigostar\n|t:|1699203349\n|gametype|singles\n|player|p1|The Ganyu|guitarist|1086\n|player|p2|Rigostar|265|1028\n|teamsize|p1|6\n|teamsize|p2|6\n|gen|9\n|tier|[Gen 9] National Dex Ubers\n|rated|\n|rule|HP Percentage Mod: HP is shown in percentages\n|rule|Endless Battle Clause: Forcing endless battles is banned\n|rule|OHKO Clause: OHKO moves are banned\n|rule|Evasion Moves Clause: Evasion moves are banned\n|rule|Evasion Items Clause: Evasion items are banned\n|rule|Species Clause: Limit one of each Pok\u00e9mon\n|rule|Sleep Clause Mod: Limit one foe put to sleep\n|rule|Mega Rayquaza Clause: You cannot mega evolve Rayquaza\n|clearpoke\n|poke|p1|Mimikyu, M|\n|poke|p1|Dragapult, F|\n|poke|p1|Gengar, M|\n|poke|p1|Marshadow|\n|poke|p1|Decidueye, F|\n|poke|p1|Flutter Mane|\n|poke|p2|Shuckle, F|\n|poke|p2|Drapion, M|\n|poke|p2|Copperajah, M|\n|poke|p2|Giratina|\n|poke|p2|Aerodactyl, M|\n|poke|p2|Glimmora, F|\n|teampreview\n|\n|t:|1699203368\n|start\n|switch|p1a: Collei|Decidueye, F, shiny|100\/100\n|switch|p2a: Shuckle|Shuckle, F|100\/100\n|turn|1\n|\n|t:|1699203373\n|move|p1a: Collei|Spirit Shackle|p2a: Shuckle\n|-damage|p2a: Shuckle|75\/100\n|-activate|p2a: Shuckle|trapped\n|-enditem|p2a: Shuckle|Red Card|[of] p1a: Collei\n|drag|p1a: Hu Tao's Spirit|Dragapult, F, shiny|100\/100\n|move|p2a: Shuckle|Sticky Web|p1a: Hu Tao's Spirit\n|-sidestart|p1: The Ganyu|move: Sticky Web\n|\n|upkeep\n|turn|2\n|\n|t:|1699203381\n|switch|p1a: Collei|Decidueye, F, shiny|100\/100\n|-activate|p1a: Collei|move: Sticky Web\n|-unboost|p1a: Collei|spe|1\n|move|p2a: Shuckle|Stealth Rock|p1a: Collei\n|-sidestart|p1: The Ganyu|move: Stealth Rock\n|\n|upkeep\n|turn|3\n|\n|t:|1699203388\n|move|p1a: Collei|Defog|p2a: Shuckle\n|-unboost|p2a: Shuckle|evasion|1\n|-sideend|p1: The Ganyu|Stealth Rock|[from] move: Defog|[of] p1a: Collei\n|-sideend|p1: The Ganyu|Sticky Web|[from] move: Defog|[of] p1a: Collei\n|move|p2a: Shuckle|Toxic|p1a: Collei\n|-status|p1a: Collei|tox\n|\n|-damage|p1a: Collei|94\/100 tox|[from] psn\n|upkeep\n|turn|4\n|\n|t:|1699203396\n|move|p1a: Collei|Spirit Shackle|p2a: Shuckle\n|-damage|p2a: Shuckle|52\/100\n|-activate|p2a: Shuckle|trapped\n|move|p2a: Shuckle|Infestation|p1a: Collei\n|-damage|p1a: Collei|93\/100 tox\n|-activate|p1a: Collei|move: Infestation|[of] p2a: Shuckle\n|\n|-heal|p1a: Collei|99\/100 tox|[from] item: Leftovers\n|-damage|p1a: Collei|87\/100 tox|[from] psn\n|-damage|p1a: Collei|75\/100 tox|[from] move: Infestation|[partiallytrapped]\n|upkeep\n|turn|5\n|\n|t:|1699203408\n|move|p1a: Collei|Spirit Shackle|p2a: Shuckle\n|-damage|p2a: Shuckle|28\/100\n|move|p2a: Shuckle|Sticky Web|p1a: Collei\n|-sidestart|p1: The Ganyu|move: Sticky Web\n|\n|-heal|p1a: Collei|81\/100 tox|[from] item: Leftovers\n|-damage|p1a: Collei|62\/100 tox|[from] psn\n|-damage|p1a: Collei|50\/100 tox|[from] move: Infestation|[partiallytrapped]\n|upkeep\n|turn|6\n|\n|t:|1699203417\n|move|p1a: Collei|Spirit Shackle|p2a: Shuckle\n|-damage|p2a: Shuckle|3\/100\n|move|p2a: Shuckle|Stealth Rock|p1a: Collei\n|-sidestart|p1: The Ganyu|move: Stealth Rock\n|\n|-heal|p1a: Collei|56\/100 tox|[from] item: Leftovers\n|-damage|p1a: Collei|32\/100 tox|[from] psn\n|-damage|p1a: Collei|19\/100 tox|[from] move: Infestation|[partiallytrapped]\n|upkeep\n|turn|7\n|\n|t:|1699203425\n|move|p1a: Collei|Defog|p2a: Shuckle\n|-unboost|p2a: Shuckle|evasion|1\n|-sideend|p1: The Ganyu|Stealth Rock|[from] move: Defog|[of] p1a: Collei\n|-sideend|p1: The Ganyu|Sticky Web|[from] move: Defog|[of] p1a: Collei\n|move|p2a: Shuckle|Infestation|p1a: Collei\n|-damage|p1a: Collei|18\/100 tox\n|\n|-heal|p1a: Collei|24\/100 tox|[from] item: Leftovers\n|-damage|p1a: Collei|0 fnt|[from] psn\n|faint|p1a: Collei\n|upkeep\n|\n|t:|1699203440\n|switch|p1a: Dusky Ming|Flutter Mane, shiny|100\/100\n|-enditem|p1a: Dusky Ming|Booster Energy\n|-activate|p1a: Dusky Ming|ability: Protosynthesis|[fromitem]\n|-start|p1a: Dusky Ming|protosynthesisspd\n|turn|8\n|\n|t:|1699203447\n|move|p1a: Dusky Ming|Moonblast|p2a: Shuckle\n|-damage|p2a: Shuckle|0 fnt\n|faint|p2a: Shuckle\n|\n|upkeep\n|\n|t:|1699203458\n|switch|p2a: Drapion|Drapion, M|100\/100\n|turn|9\n|\n|t:|1699203467\n|move|p2a: Drapion|Toxic Spikes|p1a: Dusky Ming\n|-sidestart|p1: The Ganyu|move: Toxic Spikes\n|move|p1a: Dusky Ming|Moonblast|p2a: Drapion\n|-damage|p2a: Drapion|37\/100\n|-unboost|p2a: Drapion|spa|1\n|-enditem|p2a: Drapion|Red Card|[of] p1a: Dusky Ming\n|-end|p1a: Dusky Ming|Protosynthesis|[silent]\n|drag|p1a: Real Stanley|Marshadow|100\/100\n|-status|p1a: Real Stanley|psn\n|\n|-damage|p1a: Real Stanley|88\/100 psn|[from] psn\n|upkeep\n|turn|10\n|\n|t:|1699203477\n|switch|p1a: Dusky Ming|Flutter Mane, shiny|100\/100\n|-status|p1a: Dusky Ming|psn\n|move|p2a: Drapion|Toxic Spikes|p1a: Dusky Ming\n|-sidestart|p1: The Ganyu|move: Toxic Spikes\n|\n|-damage|p1a: Dusky Ming|88\/100 psn|[from] psn\n|upkeep\n|turn|11\n|\n|t:|1699203484\n|move|p2a: Drapion|Protect|p2a: Drapion\n|-singleturn|p2a: Drapion|Protect\n|move|p1a: Dusky Ming|Moonblast|p2a: Drapion\n|-activate|p2a: Drapion|move: Protect\n|\n|-damage|p1a: Dusky Ming|76\/100 psn|[from] psn\n|upkeep\n|turn|12\n|\n|t:|1699203491\n|move|p1a: Dusky Ming|Moonblast|p2a: Drapion\n|-damage|p2a: Drapion|0 fnt\n|faint|p2a: Drapion\n|\n|-damage|p1a: Dusky Ming|63\/100 psn|[from] psn\n|upkeep\n|\n|t:|1699203497\n|switch|p2a: Glimmora|Glimmora, F|100\/100\n|turn|13\n|\n|t:|1699203503\n|move|p1a: Dusky Ming|Shadow Ball|p2a: Glimmora\n|-damage|p2a: Glimmora|40\/100\n|move|p2a: Glimmora|Stealth Rock|p1a: Dusky Ming\n|-sidestart|p1: The Ganyu|move: Stealth Rock\n|\n|-damage|p1a: Dusky Ming|51\/100 psn|[from] psn\n|upkeep\n|turn|14\n|\n|t:|1699203510\n|move|p2a: Glimmora|Protect|p2a: Glimmora\n|-singleturn|p2a: Glimmora|Protect\n|move|p1a: Dusky Ming|Shadow Ball|p2a: Glimmora\n|-activate|p2a: Glimmora|move: Protect\n|\n|-damage|p1a: Dusky Ming|39\/100 psn|[from] psn\n|upkeep\n|turn|15\n|\n|t:|1699203517\n|switch|p2a: Copperajah|Copperajah, M|100\/100\n|move|p1a: Dusky Ming|Shadow Ball|p2a: Copperajah\n|-damage|p2a: Copperajah|54\/100\n|-enditem|p2a: Copperajah|Red Card|[of] p1a: Dusky Ming\n|-end|p1a: Dusky Ming|Protosynthesis|[silent]\n|drag|p1a: Real Stanley|Marshadow|88\/100 psn\n|-damage|p1a: Real Stanley|82\/100 psn|[from] Stealth Rock\n|\n|-damage|p1a: Real Stanley|69\/100 psn|[from] psn\n|upkeep\n|turn|16\n|\n|t:|1699203528\n|move|p2a: Copperajah|Protect|p2a: Copperajah\n|-singleturn|p2a: Copperajah|Protect\n|move|p1a: Real Stanley|Drain Punch|p2a: Copperajah\n|-activate|p2a: Copperajah|move: Protect\n|\n|-damage|p1a: Real Stanley|57\/100 psn|[from] psn\n|upkeep\n|turn|17\n|\n|t:|1699203535\n|move|p1a: Real Stanley|Pursuit|p2a: Copperajah\n|-damage|p2a: Copperajah|30\/100\n|move|p2a: Copperajah|Whirlwind|p1a: Real Stanley\n|drag|p1a: Hu Tao's Spirit|Dragapult, F, shiny|100\/100\n|-status|p1a: Hu Tao's Spirit|tox\n|-damage|p1a: Hu Tao's Spirit|88\/100 tox|[from] Stealth Rock\n|\n|-damage|p1a: Hu Tao's Spirit|82\/100 tox|[from] psn\n|upkeep\n|turn|18\n|\n|t:|1699203547\n|move|p2a: Copperajah|Protect|p2a: Copperajah\n|-singleturn|p2a: Copperajah|Protect\n|move|p1a: Hu Tao's Spirit|Phantom Force||[still]\n|-prepare|p1a: Hu Tao's Spirit|Phantom Force\n|\n|-damage|p1a: Hu Tao's Spirit|70\/100 tox|[from] psn\n|upkeep\n|turn|19\n|\n|t:|1699203569\n|move|p1a: Hu Tao's Spirit|Phantom Force|p2a: Copperajah|[from]lockedmove\n|-damage|p2a: Copperajah|0 fnt\n|faint|p2a: Copperajah\n|\n|-damage|p1a: Hu Tao's Spirit|52\/100 tox|[from] psn\n|upkeep\n|\n|t:|1699203575\n|switch|p2a: Glimmora|Glimmora, F|40\/100\n|turn|20\n|\n|t:|1699203580\n|move|p1a: Hu Tao's Spirit|Dragon Dance|p1a: Hu Tao's Spirit\n|-boost|p1a: Hu Tao's Spirit|atk|1\n|-boost|p1a: Hu Tao's Spirit|spe|1\n|move|p2a: Glimmora|Spikes|p1a: Hu Tao's Spirit\n|-sidestart|p1: The Ganyu|Spikes\n|\n|-damage|p1a: Hu Tao's Spirit|28\/100 tox|[from] psn\n|upkeep\n|turn|21\n|\n|t:|1699203586\n|move|p2a: Glimmora|Protect|p2a: Glimmora\n|-singleturn|p2a: Glimmora|Protect\n|move|p1a: Hu Tao's Spirit|Dragon Claw|p2a: Glimmora\n|-activate|p2a: Glimmora|move: Protect\n|\n|-damage|p1a: Hu Tao's Spirit|0 fnt|[from] psn\n|faint|p1a: Hu Tao's Spirit\n|upkeep\n|\n|t:|1699203591\n|switch|p1a: Dusky Ming|Flutter Mane, shiny|39\/100 psn\n|-damage|p1a: Dusky Ming|26\/100 psn|[from] Stealth Rock\n|-damage|p1a: Dusky Ming|14\/100 psn|[from] Spikes\n|turn|22\n|\n|t:|1699203598\n|move|p2a: Glimmora|Protect|p2a: Glimmora\n|-singleturn|p2a: Glimmora|Protect\n|move|p1a: Dusky Ming|Shadow Ball|p2a: Glimmora\n|-activate|p2a: Glimmora|move: Protect\n|\n|-damage|p1a: Dusky Ming|2\/100 psn|[from] psn\n|upkeep\n|turn|23\n|\n|t:|1699203611\n|move|p1a: Dusky Ming|Shadow Ball|p2a: Glimmora\n|-damage|p2a: Glimmora|0 fnt\n|faint|p2a: Glimmora\n|\n|-damage|p1a: Dusky Ming|0 fnt|[from] psn\n|faint|p1a: Dusky Ming\n|-end|p1a: Dusky Ming|Protosynthesis|[silent]\n|upkeep\n|\n|t:|1699203628\n|switch|p1a: Real Stanley|Marshadow|57\/100 psn\n|switch|p2a: Giratina|Giratina|100\/100\n|-damage|p1a: Real Stanley|51\/100 psn|[from] Stealth Rock\n|-damage|p1a: Real Stanley|38\/100 psn|[from] Spikes\n|-ability|p2a: Giratina|Pressure\n|turn|24\n|\n|t:|1699203638\n|move|p1a: Real Stanley|Spectral Thief|p2a: Giratina\n|-supereffective|p2a: Giratina\n|-damage|p2a: Giratina|39\/100\n|-enditem|p2a: Giratina|Red Card|[of] p1a: Real Stanley\n|drag|p1a: Big G|Gengar, M, shiny|100\/100\n|-sideend|p1: The Ganyu|move: Toxic Spikes|[of] p1a: Big G\n|-damage|p1a: Big G|88\/100|[from] Stealth Rock\n|-damage|p1a: Big G|76\/100|[from] Spikes\n|move|p2a: Giratina|Dragon Tail|p1a: Big G\n|-crit|p1a: Big G\n|-damage|p1a: Big G|10\/100\n|drag|p1a: Real Stanley|Marshadow|38\/100 psn\n|-damage|p1a: Real Stanley|32\/100 psn|[from] Stealth Rock\n|-damage|p1a: Real Stanley|20\/100 psn|[from] Spikes\n|\n|-damage|p1a: Real Stanley|7\/100 psn|[from] psn\n|upkeep\n|turn|25\n|\n|t:|1699203654\n|move|p1a: Real Stanley|Shadow Sneak|p2a: Giratina\n|-supereffective|p2a: Giratina\n|-damage|p2a: Giratina|0 fnt\n|faint|p2a: Giratina\n|\n|-damage|p1a: Real Stanley|0 fnt|[from] psn\n|faint|p1a: Real Stanley\n|upkeep\n|\n|t:|1699203660\n|switch|p1a: Big G|Gengar, M, shiny|10\/100\n|switch|p2a: Aerodactyl|Aerodactyl, M|100\/100\n|-damage|p1a: Big G|0 fnt|[from] Stealth Rock\n|faint|p1a: Big G\n|\n|t:|1699203665\n|switch|p1a: Collei's Pet|Mimikyu, M, shiny|100\/100\n|-damage|p1a: Collei's Pet|88\/100|[from] Stealth Rock\n|-damage|p1a: Collei's Pet|76\/100|[from] Spikes\n|turn|26\n|\n|t:|1699203675\n|move|p2a: Aerodactyl|Fly||[still]\n|-prepare|p2a: Aerodactyl|Fly\n|-zpower|p1a: Collei's Pet\n|move|p1a: Collei's Pet|Let's Snuggle Forever|p2a: Aerodactyl|[zeffect]|[miss]\n|-miss|p1a: Collei's Pet|p2a: Aerodactyl\n|\n|upkeep\n|turn|27\n|\n|t:|1699203687\n|move|p2a: Aerodactyl|Fly|p1a: Collei's Pet|[from]lockedmove\n|-activate|p1a: Collei's Pet|ability: Disguise\n|-damage|p1a: Collei's Pet|76\/100\n|detailschange|p1a: Collei's Pet|Mimikyu-Busted, M, shiny\n|-damage|p1a: Collei's Pet|63\/100|[from] pokemon: Mimikyu-Busted\n|move|p1a: Collei's Pet|Substitute|p1a: Collei's Pet\n|-start|p1a: Collei's Pet|Substitute\n|-damage|p1a: Collei's Pet|39\/100\n|\n|upkeep\n|turn|28\n|\n|t:|1699203697\n|move|p2a: Aerodactyl|Protect|p2a: Aerodactyl\n|-singleturn|p2a: Aerodactyl|Protect\n|move|p1a: Collei's Pet|Swords Dance|p1a: Collei's Pet\n|-boost|p1a: Collei's Pet|atk|2\n|\n|upkeep\n|turn|29\n|\n|t:|1699203703\n|move|p2a: Aerodactyl|Fly||[still]\n|-prepare|p2a: Aerodactyl|Fly\n|move|p1a: Collei's Pet|Swords Dance|p1a: Collei's Pet\n|-boost|p1a: Collei's Pet|atk|2\n|\n|upkeep\n|turn|30\n|\n|t:|1699203709\n|move|p2a: Aerodactyl|Fly|p1a: Collei's Pet|[from]lockedmove\n|-crit|p1a: Collei's Pet\n|-end|p1a: Collei's Pet|Substitute\n|move|p1a: Collei's Pet|Drain Punch|p2a: Aerodactyl\n|-damage|p2a: Aerodactyl|5\/100\n|-heal|p1a: Collei's Pet|100\/100|[from] drain|[of] p2a: Aerodactyl\n|\n|upkeep\n|turn|31\n|\n|t:|1699203718\n|move|p2a: Aerodactyl|Fly||[still]\n|-prepare|p2a: Aerodactyl|Fly\n|move|p1a: Collei's Pet|Substitute|p1a: Collei's Pet\n|-start|p1a: Collei's Pet|Substitute\n|-damage|p1a: Collei's Pet|76\/100\n|\n|upkeep\n|turn|32\n|inactive|Battle timer is ON: inactive players will automatically lose when time's up. (requested by The Ganyu)\n|-message|Rigostar forfeited.\n|\n|win|The Ganyu\n|raw|The Ganyu's rating: 1086 &rarr; <strong>1109<\/strong><br \/>(+23 for winning)\n|raw|Rigostar's rating: 1028 &rarr; <strong>1016<\/strong><br \/>(-12 for losing)\n|l|\u2606Rigostar\n","uploadtime":1699203766,"views":5,"p1id":"theganyu","p2id":"rigostar","formatid":"gen9nationaldexubers","rating":1016,"private":0,"password":""}