{"id":"gen9nationaldexubers-1990660389","p1":"WRLD_Endu","p2":"85792195wwww","format":"[Gen 9] National Dex Ubers","log":"|j|\u2606WRLD_Endu\n|j|\u260685792195wwww\n|t:|1699989578\n|gametype|singles\n|player|p1|WRLD_Endu|ghetsis|1464\n|player|p2|85792195wwww|mira|1718\n|teamsize|p1|6\n|teamsize|p2|6\n|gen|9\n|tier|[Gen 9] National Dex Ubers\n|rated|\n|rule|HP Percentage Mod: HP is shown in percentages\n|rule|Endless Battle Clause: Forcing endless battles is banned\n|rule|OHKO Clause: OHKO moves are banned\n|rule|Evasion Moves Clause: Evasion moves are banned\n|rule|Evasion Items Clause: Evasion items are banned\n|rule|Species Clause: Limit one of each Pok\u00e9mon\n|rule|Sleep Clause Mod: Limit one foe put to sleep\n|rule|Mega Rayquaza Clause: You cannot mega evolve Rayquaza\n|clearpoke\n|poke|p1|Calyrex-Ice|\n|poke|p1|Hatterene, F|\n|poke|p1|Porygon2|\n|poke|p1|Kyogre|\n|poke|p1|Cresselia, F|\n|poke|p1|Necrozma-Dusk-Mane|\n|poke|p2|Arceus-Ground|\n|poke|p2|Deoxys-Speed|\n|poke|p2|Landorus, M|\n|poke|p2|Zacian-*|\n|poke|p2|Groudon|\n|poke|p2|Zekrom|\n|teampreview\n|inactive|Battle timer is ON: inactive players will automatically lose when time's up. (requested by WRLD_Endu)\n|\n|t:|1699989595\n|start\n|switch|p1a: NPC|Porygon2, shiny|100\/100\n|switch|p2a: Groudon|Groudon|100\/100\n|detailschange|p2a: Groudon|Groudon-Primal\n|-primal|p2a: Groudon|Red Orb\n|-weather|DesolateLand|[from] ability: Desolate Land|[of] p2a: Groudon\n|turn|1\n|\n|t:|1699989607\n|move|p2a: Groudon|Swords Dance|p2a: Groudon\n|-boost|p2a: Groudon|atk|2\n|move|p1a: NPC|Trick Room|p1a: NPC\n|-fieldstart|move: Trick Room|[of] p1a: NPC\n|\n|-weather|DesolateLand|[upkeep]\n|upkeep\n|turn|2\n|\n|t:|1699989613\n|move|p1a: NPC|Foul Play|p2a: Groudon\n|-damage|p2a: Groudon|49\/100\n|move|p2a: Groudon|Precipice Blades|p1a: NPC|[miss]\n|-miss|p2a: Groudon|p1a: NPC\n|\n|-weather|DesolateLand|[upkeep]\n|upkeep\n|turn|3\n|\n|t:|1699989622\n|-weather|none\n|switch|p2a: Deoxys|Deoxys-Speed|100\/100\n|-ability|p2a: Deoxys|Pressure\n|move|p1a: NPC|Foul Play|p2a: Deoxys\n|-supereffective|p2a: Deoxys\n|-damage|p2a: Deoxys|60\/100\n|-damage|p1a: NPC|84\/100|[from] item: Rocky Helmet|[of] p2a: Deoxys\n|\n|upkeep\n|turn|4\n|\n|t:|1699989633\n|switch|p1a: LUH chill|Calyrex-Ice|100\/100\n|-ability|p1a: LUH chill|As One\n|-ability|p1a: LUH chill|Unnerve\n|move|p2a: Deoxys|Stealth Rock|p1a: LUH chill\n|-sidestart|p1: WRLD_Endu|move: Stealth Rock\n|\n|upkeep\n|turn|5\n|\n|t:|1699989642\n|switch|p2a: Zacian|Zacian-Crowned|100\/100\n|-ability|p2a: Zacian|Intrepid Sword|boost\n|-boost|p2a: Zacian|atk|1\n|move|p1a: LUH chill|Glacial Lance|p2a: Zacian\n|-resisted|p2a: Zacian\n|-damage|p2a: Zacian|57\/100\n|\n|-fieldend|move: Trick Room\n|upkeep\n|turn|6\n|\n|t:|1699989653\n|switch|p1a: NPC|Porygon2, shiny|84\/100\n|-damage|p1a: NPC|72\/100|[from] Stealth Rock\n|move|p2a: Zacian|Swords Dance|p2a: Zacian\n|-boost|p2a: Zacian|atk|2\n|\n|upkeep\n|turn|7\n|\n|t:|1699989661\n|move|p2a: Zacian|Behemoth Blade|p1a: NPC\n|-damage|p1a: NPC|3\/100\n|move|p1a: NPC|Trick Room|p1a: NPC\n|-fieldstart|move: Trick Room|[of] p1a: NPC\n|\n|upkeep\n|turn|8\n|\n|t:|1699989671\n|switch|p1a: Sin of pride|Necrozma-Dusk-Mane, shiny|100\/100\n|-damage|p1a: Sin of pride|94\/100|[from] Stealth Rock\n|switch|p2a: Deoxys|Deoxys-Speed|60\/100\n|-ability|p2a: Deoxys|Pressure\n|\n|upkeep\n|turn|9\n|\n|t:|1699989681\n|move|p1a: Sin of pride|Sunsteel Strike|p2a: Deoxys\n|-damage|p2a: Deoxys|0 fnt\n|-damage|p1a: Sin of pride|78\/100|[from] item: Rocky Helmet|[of] p2a: Deoxys\n|faint|p2a: Deoxys\n|\n|upkeep\n|\n|t:|1699989695\n|switch|p2a: Landorus|Landorus, M|100\/100\n|turn|10\n|\n|t:|1699989710\n|move|p1a: Sin of pride|Sunsteel Strike|p2a: Landorus\n|-damage|p2a: Landorus|20\/100\n|move|p2a: Landorus|Earth Power|p1a: Sin of pride\n|-supereffective|p1a: Sin of pride\n|-damage|p1a: Sin of pride|0 fnt\n|faint|p1a: Sin of pride\n|\n|upkeep\n|\n|t:|1699989721\n|switch|p1a: groudon is better|Kyogre, shiny|100\/100\n|-damage|p1a: groudon is better|88\/100|[from] Stealth Rock\n|-weather|RainDance|[from] ability: Drizzle|[of] p1a: groudon is better\n|turn|11\n|\n|t:|1699989728\n|switch|p2a: Zacian|Zacian-Crowned|57\/100\n|move|p1a: groudon is better|Ice Beam|p2a: Zacian\n|-resisted|p2a: Zacian\n|-damage|p2a: Zacian|29\/100\n|\n|-weather|RainDance|[upkeep]\n|-fieldend|move: Trick Room\n|upkeep\n|turn|12\n|\n|t:|1699989743\n|switch|p1a: NPC|Porygon2, shiny|3\/100\n|-damage|p1a: NPC|0 fnt|[from] Stealth Rock\n|faint|p1a: NPC\n|move|p2a: Zacian|Swords Dance|p2a: Zacian\n|-boost|p2a: Zacian|atk|2\n|\n|-weather|RainDance|[upkeep]\n|upkeep\n|\n|t:|1699989752\n|switch|p1a: Lunari(lol ref)|Cresselia, F, shiny|100\/100\n|-damage|p1a: Lunari(lol ref)|88\/100|[from] Stealth Rock\n|turn|13\n|\n|t:|1699989758\n|move|p2a: Zacian|Behemoth Blade|p1a: Lunari(lol ref)\n|-crit|p1a: Lunari(lol ref)\n|-damage|p1a: Lunari(lol ref)|0 fnt\n|faint|p1a: Lunari(lol ref)\n|\n|-weather|RainDance|[upkeep]\n|upkeep\n|\n|t:|1699989766\n|switch|p1a: LUH chill|Calyrex-Ice|100\/100\n|-ability|p1a: LUH chill|As One\n|-ability|p1a: LUH chill|Unnerve\n|-damage|p1a: LUH chill|76\/100|[from] Stealth Rock\n|turn|14\n|\n|t:|1699989774\n|-terastallize|p2a: Zacian|Ground\n|-terastallize|p1a: LUH chill|Ground\n|move|p2a: Zacian|Tera Blast|p1a: LUH chill|[anim] Tera Blast Ground\n|-damage|p1a: LUH chill|19\/100\n|move|p1a: LUH chill|Trick Room|p1a: LUH chill\n|-fieldstart|move: Trick Room|[of] p1a: LUH chill\n|\n|-weather|RainDance|[upkeep]\n|upkeep\n|turn|15\n|\n|t:|1699989795\n|switch|p2a: Landorus|Landorus, M|20\/100\n|move|p1a: LUH chill|Glacial Lance|p2a: Landorus\n|-supereffective|p2a: Landorus\n|-damage|p2a: Landorus|0 fnt\n|faint|p2a: Landorus\n|-ability|p1a: LUH chill|Chilling Neigh|boost\n|-boost|p1a: LUH chill|atk|1\n|\n|-weather|none\n|upkeep\n|inactive|85792195wwww has 120 seconds left.\n|\n|t:|1699989812\n|switch|p2a: Zekrom|Zekrom|100\/100\n|-ability|p2a: Zekrom|Teravolt\n|turn|16\n|\n|t:|1699989817\n|switch|p2a: Zacian|Zacian-Crowned, tera:Ground|29\/100\n|move|p1a: LUH chill|Glacial Lance|p2a: Zacian\n|-supereffective|p2a: Zacian\n|-damage|p2a: Zacian|0 fnt\n|faint|p2a: Zacian\n|-ability|p1a: LUH chill|Chilling Neigh|boost\n|-boost|p1a: LUH chill|atk|1\n|\n|upkeep\n|inactive|85792195wwww has 120 seconds left.\n|\n|t:|1699989834\n|switch|p2a: Groudon|Groudon-Primal|49\/100\n|-weather|DesolateLand|[from] ability: Desolate Land|[of] p2a: Groudon\n|turn|17\n|inactive|85792195wwww has 120 seconds left.\n|\n|t:|1699989851\n|-weather|none\n|switch|p2a: Zekrom|Zekrom|100\/100\n|-ability|p2a: Zekrom|Teravolt\n|move|p1a: LUH chill|Glacial Lance|p2a: Zekrom\n|-supereffective|p2a: Zekrom\n|-damage|p2a: Zekrom|0 fnt\n|faint|p2a: Zekrom\n|-ability|p1a: LUH chill|Chilling Neigh|boost\n|-boost|p1a: LUH chill|atk|1\n|\n|upkeep\n|\n|t:|1699989868\n|switch|p2a: Arceus|Arceus-Ground|100\/100\n|turn|18\n|\n|t:|1699989884\n|move|p1a: LUH chill|Glacial Lance|p2a: Arceus\n|-supereffective|p2a: Arceus\n|-damage|p2a: Arceus|0 fnt\n|faint|p2a: Arceus\n|-ability|p1a: LUH chill|Chilling Neigh|boost\n|-boost|p1a: LUH chill|atk|1\n|\n|-fieldend|move: Trick Room\n|upkeep\n|\n|t:|1699989892\n|switch|p2a: Groudon|Groudon-Primal|49\/100\n|-weather|DesolateLand|[from] ability: Desolate Land|[of] p2a: Groudon\n|turn|19\n|\n|t:|1699989899\n|move|p2a: Groudon|Heat Crash|p1a: LUH chill\n|-damage|p1a: LUH chill|0 fnt\n|faint|p1a: LUH chill\n|\n|-weather|DesolateLand|[upkeep]\n|upkeep\n|\n|t:|1699989904\n|switch|p1a: Good hair day|Hatterene, F, shiny|100\/100\n|-damage|p1a: Good hair day|88\/100|[from] Stealth Rock\n|turn|20\n|\n|t:|1699989908\n|move|p2a: Groudon|Heat Crash|p1a: Good hair day\n|-damage|p1a: Good hair day|0 fnt\n|faint|p1a: Good hair day\n|\n|-weather|DesolateLand|[upkeep]\n|upkeep\n|\n|t:|1699989916\n|switch|p1a: groudon is better|Kyogre, shiny|88\/100\n|-damage|p1a: groudon is better|76\/100|[from] Stealth Rock\n|-ability|p1a: groudon is better|Drizzle|[from] desolateland|[fail]\n|turn|21\n|\n|t:|1699989922\n|move|p2a: Groudon|Precipice Blades|p1a: groudon is better\n|-damage|p1a: groudon is better|0 fnt\n|faint|p1a: groudon is better\n|\n|win|85792195wwww\n|raw|WRLD_Endu's rating: 1464 &rarr; <strong>1456<\/strong><br \/>(-8 for losing)\n|raw|85792195wwww's rating: 1718 &rarr; <strong>1726<\/strong><br \/>(+8 for winning)\n|l|\u2606WRLD_Endu\n","uploadtime":1699989934,"views":7,"p1id":"wrldendu","p2id":"85792195wwww","formatid":"gen9nationaldexubers","rating":1456,"private":0,"password":""}