{"id":"gen9nationaldexubers-1996700490","p1":"85792195wwww","p2":"danish13","format":"[Gen 9] National Dex Ubers","log":"|j|\u260685792195wwww\n|j|\u2606danish13\n|t:|1700711493\n|gametype|singles\n|player|p1|85792195wwww|mira|1745\n|player|p2|danish13|lance|1598\n|teamsize|p1|6\n|teamsize|p2|6\n|gen|9\n|tier|[Gen 9] National Dex Ubers\n|rated|\n|rule|HP Percentage Mod: HP is shown in percentages\n|rule|Endless Battle Clause: Forcing endless battles is banned\n|rule|OHKO Clause: OHKO moves are banned\n|rule|Evasion Moves Clause: Evasion moves are banned\n|rule|Evasion Items Clause: Evasion items are banned\n|rule|Species Clause: Limit one of each Pok\u00e9mon\n|rule|Sleep Clause Mod: Limit one foe put to sleep\n|rule|Mega Rayquaza Clause: You cannot mega evolve Rayquaza\n|clearpoke\n|poke|p1|Arceus|\n|poke|p1|Zacian-*|\n|poke|p1|Xerneas-*|\n|poke|p1|Kyurem-Black|\n|poke|p1|Groudon|\n|poke|p1|Deoxys-Speed|\n|poke|p2|Salamence, M|\n|poke|p2|Yveltal|\n|poke|p2|Arceus|\n|poke|p2|Rayquaza|\n|poke|p2|Zygarde|\n|poke|p2|Roaring Moon|\n|teampreview\n|inactive|Battle timer is ON: inactive players will automatically lose when time's up. (requested by danish13)\n|\n|t:|1700711514\n|start\n|switch|p1a: Deoxys|Deoxys-Speed|100\/100\n|switch|p2a: Rayquaza|Rayquaza|100\/100\n|-ability|p1a: Deoxys|Pressure\n|-ability|p2a: Rayquaza|Air Lock\n|turn|1\n|\n|t:|1700711525\n|move|p1a: Deoxys|Stealth Rock|p2a: Rayquaza\n|-sidestart|p2: danish13|move: Stealth Rock\n|move|p2a: Rayquaza|Flamethrower|p1a: Deoxys\n|-damage|p1a: Deoxys|43\/100\n|-damage|p2a: Rayquaza|91\/100|[from] item: Life Orb\n|\n|upkeep\n|turn|2\n|\n|t:|1700711532\n|move|p2a: Rayquaza|Extreme Speed|p1a: Deoxys\n|-damage|p1a: Deoxys|10\/100\n|-damage|p2a: Rayquaza|74\/100|[from] item: Rocky Helmet|[of] p1a: Deoxys\n|-damage|p2a: Rayquaza|64\/100|[from] item: Life Orb\n|move|p1a: Deoxys|Thunder Wave|p2a: Rayquaza\n|-status|p2a: Rayquaza|par\n|\n|upkeep\n|turn|3\n|\n|t:|1700711542\n|move|p1a: Deoxys|Taunt|p2a: Rayquaza\n|-start|p2a: Rayquaza|move: Taunt\n|move|p2a: Rayquaza|Flamethrower|p1a: Deoxys\n|-damage|p1a: Deoxys|0 fnt\n|faint|p1a: Deoxys\n|-damage|p2a: Rayquaza|54\/100 par|[from] item: Life Orb\n|\n|upkeep\n|\n|t:|1700711561\n|switch|p1a: Xerneas|Xerneas|100\/100\n|-ability|p1a: Xerneas|Fairy Aura\n|turn|4\n|\n|t:|1700711566\n|move|p1a: Xerneas|Moonblast|p2a: Rayquaza\n|-supereffective|p2a: Rayquaza\n|-damage|p2a: Rayquaza|0 fnt\n|faint|p2a: Rayquaza\n|\n|upkeep\n|\n|t:|1700711572\n|switch|p2a: Roaring Moon|Roaring Moon|100\/100\n|-damage|p2a: Roaring Moon|88\/100|[from] Stealth Rock\n|turn|5\n|\n|t:|1700711584\n|switch|p1a: Arceus|Arceus|100\/100\n|move|p2a: Roaring Moon|Iron Head|p1a: Arceus\n|-damage|p1a: Arceus|80\/100\n|\n|upkeep\n|turn|6\n|\n|t:|1700711591\n|move|p2a: Roaring Moon|Outrage|p1a: Arceus\n|-damage|p1a: Arceus|35\/100\n|move|p1a: Arceus|Will-O-Wisp|p2a: Roaring Moon\n|-status|p2a: Roaring Moon|brn\n|\n|-damage|p2a: Roaring Moon|82\/100 brn|[from] brn\n|upkeep\n|turn|7\n|\n|t:|1700711600\n|switch|p1a: Xerneas|Xerneas|100\/100\n|-ability|p1a: Xerneas|Fairy Aura\n|move|p2a: Roaring Moon|Outrage|p1a: Xerneas|[from]lockedmove\n|-immune|p1a: Xerneas\n|-start|p2a: Roaring Moon|confusion|[fatigue]\n|\n|-damage|p2a: Roaring Moon|76\/100 brn|[from] brn\n|upkeep\n|turn|8\n|\n|t:|1700711612\n|-activate|p2a: Roaring Moon|confusion\n|-damage|p2a: Roaring Moon|59\/100 brn|[from] confusion\n|move|p1a: Xerneas|Geomancy||[still]\n|-prepare|p1a: Xerneas|Geomancy\n|-enditem|p1a: Xerneas|Power Herb\n|-anim|p1a: Xerneas|Geomancy|p1a: Xerneas\n|-boost|p1a: Xerneas|spa|2\n|-boost|p1a: Xerneas|spd|2\n|-boost|p1a: Xerneas|spe|2\n|\n|-damage|p2a: Roaring Moon|53\/100 brn|[from] brn\n|upkeep\n|turn|9\n|\n|t:|1700711622\n|move|p1a: Xerneas|Moonblast|p2a: Roaring Moon\n|-supereffective|p2a: Roaring Moon\n|-damage|p2a: Roaring Moon|0 fnt\n|faint|p2a: Roaring Moon\n|-end|p2a: Roaring Moon|Protosynthesis|[silent]\n|\n|upkeep\n|inactive|danish13 has 120 seconds left.\n|\n|t:|1700711653\n|switch|p2a: Yveltal|Yveltal|100\/100\n|-damage|p2a: Yveltal|76\/100|[from] Stealth Rock\n|-ability|p2a: Yveltal|Dark Aura\n|turn|10\n|\n|t:|1700711659\n|-terastallize|p2a: Yveltal|Fire\n|move|p1a: Xerneas|Moonblast|p2a: Yveltal\n|-resisted|p2a: Yveltal\n|-damage|p2a: Yveltal|38\/100\n|move|p2a: Yveltal|Oblivion Wing|p1a: Xerneas\n|-damage|p1a: Xerneas|85\/100\n|-heal|p2a: Yveltal|48\/100|[from] drain|[of] p1a: Xerneas\n|\n|upkeep\n|turn|11\n|\n|t:|1700711670\n|move|p1a: Xerneas|Hidden Power|p2a: Yveltal\n|-supereffective|p2a: Yveltal\n|-damage|p2a: Yveltal|2\/100\n|move|p2a: Yveltal|Foul Play|p1a: Xerneas\n|-resisted|p1a: Xerneas\n|-damage|p1a: Xerneas|71\/100\n|\n|upkeep\n|turn|12\n|\n|t:|1700711677\n|move|p2a: Yveltal|Sucker Punch|p1a: Xerneas\n|-resisted|p1a: Xerneas\n|-damage|p1a: Xerneas|57\/100\n|move|p1a: Xerneas|Moonblast|p2a: Yveltal\n|-resisted|p2a: Yveltal\n|-damage|p2a: Yveltal|0 fnt\n|faint|p2a: Yveltal\n|\n|upkeep\n|\n|t:|1700711685\n|switch|p2a: Arceus|Arceus|100\/100\n|-damage|p2a: Arceus|88\/100|[from] Stealth Rock\n|turn|13\n|\n|t:|1700711689\n|move|p2a: Arceus|Extreme Speed|p1a: Xerneas\n|-damage|p1a: Xerneas|21\/100\n|move|p1a: Xerneas|Moonblast|p2a: Arceus\n|-damage|p2a: Arceus|0 fnt\n|faint|p2a: Arceus\n|\n|upkeep\n|\n|t:|1700711696\n|switch|p2a: Zygarde|Zygarde|100\/100\n|-damage|p2a: Zygarde|94\/100|[from] Stealth Rock\n|turn|14\n|\n|t:|1700711701\n|move|p2a: Zygarde|Extreme Speed|p1a: Xerneas\n|-damage|p1a: Xerneas|4\/100\n|move|p1a: Xerneas|Moonblast|p2a: Zygarde\n|-supereffective|p2a: Zygarde\n|-damage|p2a: Zygarde|0 fnt\n|faint|p2a: Zygarde\n|\n|upkeep\n|-message|danish13 forfeited.\n|\n|win|85792195wwww\n|raw|85792195wwww's rating: 1745 &rarr; <strong>1757<\/strong><br \/>(+12 for winning)\n|raw|danish13's rating: 1598 &rarr; <strong>1586<\/strong><br \/>(-12 for losing)\n|l|\u2606danish13\n|l|\u260685792195wwww\n","uploadtime":1700711715,"views":4,"p1id":"85792195wwww","p2id":"danish13","formatid":"gen9nationaldexubers","rating":1586,"private":0,"password":""}