{"id":"gen9nationaldexubers-1989639267","p1":"RoastedPie","p2":"vailorn","format":"[Gen 9] National Dex Ubers","log":"|j|\u2606RoastedPie\n|j|\u2606vailorn\n|t:|1699882003\n|gametype|singles\n|player|p1|RoastedPie|nate|1101\n|player|p2|vailorn|rood|1259\n|teamsize|p1|6\n|teamsize|p2|6\n|gen|9\n|tier|[Gen 9] National Dex Ubers\n|rated|\n|rule|HP Percentage Mod: HP is shown in percentages\n|rule|Endless Battle Clause: Forcing endless battles is banned\n|rule|OHKO Clause: OHKO moves are banned\n|rule|Evasion Moves Clause: Evasion moves are banned\n|rule|Evasion Items Clause: Evasion items are banned\n|rule|Species Clause: Limit one of each Pok\u00e9mon\n|rule|Sleep Clause Mod: Limit one foe put to sleep\n|rule|Mega Rayquaza Clause: You cannot mega evolve Rayquaza\n|clearpoke\n|poke|p1|Clefable, F|\n|poke|p1|Shuckle, M|\n|poke|p1|Vaporeon, M|\n|poke|p1|Blissey, F|\n|poke|p1|Skarmory, F|\n|poke|p1|Giratina|\n|poke|p2|Giratina|\n|poke|p2|Dondozo, M|\n|poke|p2|Chansey, F|\n|poke|p2|Tyranitar, F|\n|poke|p2|Ho-Oh|\n|poke|p2|Mewtwo|\n|teampreview\n|\n|t:|1699882014\n|start\n|switch|p1a: Shuckle|Shuckle, M|100\/100\n|switch|p2a: Tyranitar|Tyranitar, F, shiny|100\/100\n|-weather|Sandstorm|[from] ability: Sand Stream|[of] p2a: Tyranitar\n|turn|1\n|\n|t:|1699882029\n|detailschange|p2a: Tyranitar|Tyranitar-Mega, F, shiny\n|-mega|p2a: Tyranitar|Tyranitar|Tyranitarite\n|move|p2a: Tyranitar|Toxic|p1a: Shuckle|[miss]\n|-miss|p2a: Tyranitar|p1a: Shuckle\n|move|p1a: Shuckle|Sticky Web|p2a: Tyranitar\n|-sidestart|p2: vailorn|move: Sticky Web\n|\n|-weather|Sandstorm|[upkeep]\n|upkeep\n|turn|2\n|\n|t:|1699882044\n|move|p2a: Tyranitar|Toxic|p1a: Shuckle\n|-status|p1a: Shuckle|tox\n|move|p1a: Shuckle|Encore|p2a: Tyranitar\n|-start|p2a: Tyranitar|Encore\n|\n|-weather|Sandstorm|[upkeep]\n|-damage|p1a: Shuckle|94\/100 tox|[from] psn\n|upkeep\n|turn|3\n|\n|t:|1699882054\n|move|p2a: Tyranitar|Toxic|p1a: Shuckle\n|-fail|p1a: Shuckle|tox\n|move|p1a: Shuckle|Stealth Rock|p2a: Tyranitar\n|-sidestart|p2: vailorn|move: Stealth Rock\n|\n|-weather|Sandstorm|[upkeep]\n|-damage|p1a: Shuckle|82\/100 tox|[from] psn\n|upkeep\n|turn|4\n|\n|t:|1699882065\n|switch|p2a: Ho-Oh|Ho-Oh, shiny|100\/100\n|move|p1a: Shuckle|Sticky Web||[still]\n|-fail|p1a: Shuckle\n|\n|-weather|Sandstorm|[upkeep]\n|-damage|p2a: Ho-Oh|94\/100|[from] Sandstorm\n|-damage|p1a: Shuckle|64\/100 tox|[from] psn\n|upkeep\n|turn|5\n|\n|t:|1699882072\n|move|p2a: Ho-Oh|Defog|p1a: Shuckle\n|-unboost|p1a: Shuckle|evasion|1\n|-enditem|p1a: Shuckle|Eject Pack\n|-sideend|p2: vailorn|Stealth Rock|[from] move: Defog|[of] p2a: Ho-Oh\n|-sideend|p2: vailorn|Sticky Web|[from] move: Defog|[of] p2a: Ho-Oh\n|\n|t:|1699882078\n|switch|p1a: Vaporeon|Vaporeon, M|100\/100\n|\n|-weather|none\n|upkeep\n|turn|6\n|\n|t:|1699882082\n|move|p1a: Vaporeon|Ice Beam|p2a: Ho-Oh\n|-damage|p2a: Ho-Oh|78\/100\n|move|p2a: Ho-Oh|Toxic|p1a: Vaporeon\n|-status|p1a: Vaporeon|tox\n|\n|-damage|p1a: Vaporeon|94\/100 tox|[from] psn\n|upkeep\n|turn|7\n|\n|t:|1699882090\n|switch|p2a: Tyranitar|Tyranitar-Mega, F, shiny|100\/100\n|-weather|Sandstorm|[from] ability: Sand Stream|[of] p2a: Tyranitar\n|move|p1a: Vaporeon|Hydro Pump|p2a: Tyranitar\n|-supereffective|p2a: Tyranitar\n|-damage|p2a: Tyranitar|62\/100\n|\n|-weather|Sandstorm|[upkeep]\n|-damage|p1a: Vaporeon|88\/100 tox|[from] Sandstorm\n|-damage|p1a: Vaporeon|76\/100 tox|[from] psn\n|upkeep\n|turn|8\n|\n|t:|1699882099\n|switch|p2a: Chansey|Chansey, F, shiny|100\/100\n|move|p1a: Vaporeon|Hydro Pump|p2a: Chansey\n|-damage|p2a: Chansey|87\/100\n|\n|-weather|Sandstorm|[upkeep]\n|-damage|p1a: Vaporeon|69\/100 tox|[from] Sandstorm\n|-damage|p2a: Chansey|81\/100|[from] Sandstorm\n|-damage|p1a: Vaporeon|51\/100 tox|[from] psn\n|upkeep\n|turn|9\n|\n|t:|1699882108\n|move|p1a: Vaporeon|Hydro Pump|p2a: Chansey\n|-damage|p2a: Chansey|66\/100\n|move|p2a: Chansey|Confide|p1a: Vaporeon\n|-unboost|p1a: Vaporeon|spa|1\n|-enditem|p1a: Vaporeon|White Herb\n|-clearnegativeboost|p1a: Vaporeon|[silent]\n|\n|-weather|Sandstorm|[upkeep]\n|-damage|p1a: Vaporeon|44\/100 tox|[from] Sandstorm\n|-damage|p2a: Chansey|60\/100|[from] Sandstorm\n|-damage|p1a: Vaporeon|19\/100 tox|[from] psn\n|upkeep\n|turn|10\n|\n|t:|1699882116\n|move|p1a: Vaporeon|Hydro Pump|p2a: Chansey\n|-damage|p2a: Chansey|45\/100\n|move|p2a: Chansey|Soft-Boiled|p2a: Chansey\n|-heal|p2a: Chansey|95\/100\n|\n|-weather|Sandstorm|[upkeep]\n|-damage|p1a: Vaporeon|13\/100 tox|[from] Sandstorm\n|-damage|p2a: Chansey|88\/100|[from] Sandstorm\n|-damage|p1a: Vaporeon|0 fnt|[from] psn\n|faint|p1a: Vaporeon\n|upkeep\n|\n|t:|1699882125\n|switch|p1a: Shuckle|Shuckle, M|64\/100 tox\n|turn|11\n|\n|t:|1699882128\n|switch|p2a: Tyranitar|Tyranitar-Mega, F, shiny|62\/100\n|move|p1a: Shuckle|Stealth Rock|p2a: Tyranitar\n|-sidestart|p2: vailorn|move: Stealth Rock\n|\n|-weather|none\n|-damage|p1a: Shuckle|57\/100 tox|[from] psn\n|upkeep\n|turn|12\n|\n|t:|1699882134\n|move|p2a: Tyranitar|Stealth Rock|p1a: Shuckle\n|-sidestart|p1: RoastedPie|move: Stealth Rock\n|move|p1a: Shuckle|Sticky Web|p2a: Tyranitar\n|-sidestart|p2: vailorn|move: Sticky Web\n|\n|-damage|p1a: Shuckle|45\/100 tox|[from] psn\n|upkeep\n|turn|13\n|\n|t:|1699882141\n|switch|p2a: Ho-Oh|Ho-Oh, shiny|100\/100\n|move|p1a: Shuckle|Encore||[still]\n|-fail|p1a: Shuckle\n|\n|-damage|p1a: Shuckle|27\/100 tox|[from] psn\n|upkeep\n|turn|14\n|\n|t:|1699882148\n|switch|p2a: Tyranitar|Tyranitar-Mega, F, shiny|62\/100\n|-damage|p2a: Tyranitar|50\/100|[from] Stealth Rock\n|-activate|p2a: Tyranitar|move: Sticky Web\n|-unboost|p2a: Tyranitar|spe|1\n|-weather|Sandstorm|[from] ability: Sand Stream|[of] p2a: Tyranitar\n|switch|p1a: Skarmory|Skarmory, F|100\/100\n|-damage|p1a: Skarmory|88\/100|[from] Stealth Rock\n|\n|-weather|Sandstorm|[upkeep]\n|upkeep\n|turn|15\n|\n|t:|1699882158\n|move|p1a: Skarmory|Swords Dance|p1a: Skarmory\n|-boost|p1a: Skarmory|atk|2\n|move|p2a: Tyranitar|Rest|p2a: Tyranitar\n|-status|p2a: Tyranitar|slp|[from] move: Rest\n|-heal|p2a: Tyranitar|100\/100 slp|[silent]\n|\n|-weather|Sandstorm|[upkeep]\n|upkeep\n|turn|16\n|\n|t:|1699882163\n|switch|p2a: Ho-Oh|Ho-Oh, shiny|100\/100\n|move|p1a: Skarmory|Swords Dance|p1a: Skarmory\n|-boost|p1a: Skarmory|atk|2\n|\n|-weather|Sandstorm|[upkeep]\n|-damage|p2a: Ho-Oh|94\/100|[from] Sandstorm\n|upkeep\n|turn|17\n|\n|t:|1699882172\n|move|p1a: Skarmory|Drill Peck|p2a: Ho-Oh\n|-damage|p2a: Ho-Oh|36\/100\n|move|p2a: Ho-Oh|Sacred Fire|p1a: Skarmory\n|-supereffective|p1a: Skarmory\n|-damage|p1a: Skarmory|6\/100\n|-ability|p1a: Skarmory|Weak Armor|boost\n|-unboost|p1a: Skarmory|def|1\n|-boost|p1a: Skarmory|spe|2\n|-enditem|p1a: Skarmory|Weakness Policy\n|-boost|p1a: Skarmory|atk|2|[from] item: Weakness Policy\n|-boost|p1a: Skarmory|spa|2|[from] item: Weakness Policy\n|\n|-weather|Sandstorm|[upkeep]\n|-damage|p2a: Ho-Oh|30\/100|[from] Sandstorm\n|upkeep\n|turn|18\n|\n|t:|1699882180\n|switch|p2a: Dondozo|Dondozo, M, shiny|100\/100\n|-damage|p2a: Dondozo|88\/100|[from] Stealth Rock\n|-activate|p2a: Dondozo|move: Sticky Web\n|-unboost|p2a: Dondozo|spe|1\n|move|p1a: Skarmory|Drill Peck|p2a: Dondozo\n|-damage|p2a: Dondozo|74\/100\n|\n|-weather|none\n|-heal|p2a: Dondozo|80\/100|[from] item: Leftovers\n|upkeep\n|turn|19\n|\n|t:|1699882193\n|move|p1a: Skarmory|Iron Head|p2a: Dondozo\n|-resisted|p2a: Dondozo\n|-damage|p2a: Dondozo|73\/100\n|move|p2a: Dondozo|Liquidation|p1a: Skarmory\n|-damage|p1a: Skarmory|0 fnt\n|faint|p1a: Skarmory\n|\n|-heal|p2a: Dondozo|79\/100|[from] item: Leftovers\n|upkeep\n|\n|t:|1699882204\n|switch|p1a: Blissey|Blissey, F|100\/100\n|-damage|p1a: Blissey|88\/100|[from] Stealth Rock\n|turn|20\n|\n|t:|1699882209\n|move|p1a: Blissey|Thunder|p2a: Dondozo|[miss]\n|-miss|p1a: Blissey|p2a: Dondozo\n|move|p2a: Dondozo|Liquidation|p1a: Blissey\n|-damage|p1a: Blissey|28\/100\n|\n|-heal|p2a: Dondozo|86\/100|[from] item: Leftovers\n|upkeep\n|turn|21\n|\n|t:|1699882213\n|switch|p2a: Tyranitar|Tyranitar-Mega, F, shiny|100\/100 slp\n|-damage|p2a: Tyranitar|88\/100 slp|[from] Stealth Rock\n|-activate|p2a: Tyranitar|move: Sticky Web\n|-unboost|p2a: Tyranitar|spe|1\n|-weather|Sandstorm|[from] ability: Sand Stream|[of] p2a: Tyranitar\n|move|p1a: Blissey|Thunder|p2a: Tyranitar\n|-damage|p2a: Tyranitar|75\/100 slp\n|-damage|p1a: Blissey|18\/100|[from] item: Life Orb\n|\n|-weather|Sandstorm|[upkeep]\n|-damage|p1a: Blissey|12\/100|[from] Sandstorm\n|upkeep\n|turn|22\n|\n|t:|1699882220\n|move|p1a: Blissey|Ice Beam|p2a: Tyranitar\n|-damage|p2a: Tyranitar|64\/100 slp\n|-damage|p1a: Blissey|2\/100|[from] item: Life Orb\n|cant|p2a: Tyranitar|slp\n|\n|-weather|Sandstorm|[upkeep]\n|-damage|p1a: Blissey|0 fnt|[from] Sandstorm\n|faint|p1a: Blissey\n|upkeep\n|\n|t:|1699882224\n|switch|p1a: Clefable|Clefable, F|100\/100\n|turn|23\n|\n|t:|1699882237\n|switch|p2a: Chansey|Chansey, F, shiny|88\/100\n|-damage|p2a: Chansey|76\/100|[from] Stealth Rock\n|-activate|p2a: Chansey|move: Sticky Web\n|-unboost|p2a: Chansey|spe|1\n|-singleturn|p1a: Clefable|move: Focus Punch\n|move|p1a: Clefable|Focus Punch|p2a: Chansey\n|-supereffective|p2a: Chansey\n|-damage|p2a: Chansey|0 fnt\n|faint|p2a: Chansey\n|\n|-weather|Sandstorm|[upkeep]\n|upkeep\n|\n|t:|1699882247\n|switch|p2a: Mewtwo|Mewtwo, shiny|100\/100\n|-damage|p2a: Mewtwo|88\/100|[from] Stealth Rock\n|-activate|p2a: Mewtwo|move: Sticky Web\n|-unboost|p2a: Mewtwo|spe|1\n|-ability|p2a: Mewtwo|Pressure\n|turn|24\n|\n|t:|1699882253\n|switch|p1a: Shuckle|Shuckle, M|27\/100 tox\n|-damage|p1a: Shuckle|2\/100 tox|[from] Stealth Rock\n|move|p2a: Mewtwo|Psystrike|p1a: Shuckle\n|-damage|p1a: Shuckle|0 fnt\n|faint|p1a: Shuckle\n|\n|-weather|Sandstorm|[upkeep]\n|-damage|p2a: Mewtwo|82\/100|[from] Sandstorm\n|upkeep\n|\n|t:|1699882258\n|switch|p1a: Clefable|Clefable, F|100\/100\n|turn|25\n|\n|t:|1699882262\n|move|p2a: Mewtwo|Psystrike|p1a: Clefable\n|-damage|p1a: Clefable|32\/100\n|move|p1a: Clefable|Play Rough|p2a: Mewtwo\n|-damage|p2a: Mewtwo|37\/100\n|-unboost|p2a: Mewtwo|atk|1\n|\n|-weather|none\n|upkeep\n|turn|26\n|\n|t:|1699882271\n|move|p2a: Mewtwo|Psystrike|p1a: Clefable\n|-damage|p1a: Clefable|0 fnt\n|faint|p1a: Clefable\n|\n|upkeep\n|\n|t:|1699882277\n|switch|p1a: Giratina|Giratina|100\/100\n|-damage|p1a: Giratina|88\/100|[from] Stealth Rock\n|-ability|p1a: Giratina|Pressure\n|turn|27\n|\n|t:|1699882288\n|move|p1a: Giratina|Shadow Sneak|p2a: Mewtwo\n|-supereffective|p2a: Mewtwo\n|-crit|p2a: Mewtwo\n|-damage|p2a: Mewtwo|0 fnt\n|-damage|p1a: Giratina|71\/100|[from] item: Rocky Helmet|[of] p2a: Mewtwo\n|faint|p2a: Mewtwo\n|\n|upkeep\n|\n|t:|1699882291\n|switch|p2a: Dondozo|Dondozo, M, shiny|86\/100\n|-damage|p2a: Dondozo|73\/100|[from] Stealth Rock\n|-activate|p2a: Dondozo|move: Sticky Web\n|-unboost|p2a: Dondozo|spe|1\n|turn|28\n|\n|t:|1699882301\n|move|p1a: Giratina|Hone Claws|p1a: Giratina\n|-boost|p1a: Giratina|atk|1\n|-boost|p1a: Giratina|accuracy|1\n|move|p2a: Dondozo|Avalanche|p1a: Giratina\n|-supereffective|p1a: Giratina\n|-damage|p1a: Giratina|54\/100\n|-enditem|p1a: Giratina|Weakness Policy\n|-boost|p1a: Giratina|atk|2|[from] item: Weakness Policy\n|-boost|p1a: Giratina|spa|2|[from] item: Weakness Policy\n|\n|-heal|p2a: Dondozo|79\/100|[from] item: Leftovers\n|upkeep\n|turn|29\n|\n|t:|1699882310\n|move|p1a: Giratina|Poltergeist|p2a: Dondozo\n|-activate|p2a: Dondozo|move: Poltergeist|Leftovers\n|-damage|p2a: Dondozo|58\/100\n|move|p2a: Dondozo|Avalanche|p1a: Giratina\n|-supereffective|p1a: Giratina\n|-damage|p1a: Giratina|19\/100\n|\n|-heal|p2a: Dondozo|64\/100|[from] item: Leftovers\n|upkeep\n|turn|30\n|\n|t:|1699882315\n|move|p1a: Giratina|Outrage|p2a: Dondozo\n|-damage|p2a: Dondozo|38\/100\n|move|p2a: Dondozo|Avalanche|p1a: Giratina\n|-supereffective|p1a: Giratina\n|-damage|p1a: Giratina|0 fnt\n|faint|p1a: Giratina\n|\n|win|vailorn\n|raw|RoastedPie's rating: 1101 &rarr; <strong>1087<\/strong><br \/>(-14 for losing)\n|raw|vailorn's rating: 1259 &rarr; <strong>1273<\/strong><br \/>(+14 for winning)\n","uploadtime":1699882319,"views":5,"p1id":"roastedpie","p2id":"vailorn","formatid":"gen9nationaldexubers","rating":1087,"private":0,"password":""}