{"id":"gen9nationaldexubers-1984365838","p1":"ChaebolPrince","p2":"FLOWER-M0DE\ufe0f\ufe0f\ufe0f\ufe0f\u267b\ufe0f","format":"[Gen 9] National Dex Ubers","log":"|j|\u2606ChaebolPrince\n|j|\u2606FLOWER-M0DE\ufe0f\ufe0f\ufe0f\ufe0f\u267b\ufe0f\n|t:|1699250353\n|gametype|singles\n|player|p1|ChaebolPrince|byron|1055\n|player|p2|FLOWER-M0DE\ufe0f\ufe0f\ufe0f\ufe0f\u267b\ufe0f|erika-masters|1085\n|teamsize|p1|6\n|teamsize|p2|6\n|gen|9\n|tier|[Gen 9] National Dex Ubers\n|rated|\n|rule|HP Percentage Mod: HP is shown in percentages\n|rule|Endless Battle Clause: Forcing endless battles is banned\n|rule|OHKO Clause: OHKO moves are banned\n|rule|Evasion Moves Clause: Evasion moves are banned\n|rule|Evasion Items Clause: Evasion items are banned\n|rule|Species Clause: Limit one of each Pok\u00e9mon\n|rule|Sleep Clause Mod: Limit one foe put to sleep\n|rule|Mega Rayquaza Clause: You cannot mega evolve Rayquaza\n|clearpoke\n|poke|p1|Regieleki|\n|poke|p1|Iron Valiant|\n|poke|p1|Kingdra, F|\n|poke|p1|Flutter Mane|\n|poke|p1|Kyogre|\n|poke|p1|Chansey, F|\n|poke|p2|Shaymin-Sky|\n|poke|p2|Leafeon, M|\n|poke|p2|Ogerpon-Hearthflame, F|\n|poke|p2|Tapu Bulu|\n|poke|p2|Lilligant, F|\n|poke|p2|Sceptile, M|\n|teampreview\n|\n|t:|1699250381\n|start\n|switch|p1a: Flutter Mane|Flutter Mane|100\/100\n|switch|p2a: \ud83c\udf8d\ud83c\udf43TAPU BULU\ud83c\udf34|Tapu Bulu, shiny|100\/100\n|-fieldstart|move: Grassy Terrain|[from] ability: Grassy Surge|[of] p2a: \ud83c\udf8d\ud83c\udf43TAPU BULU\ud83c\udf34\n|turn|1\n|\n|t:|1699250394\n|-terastallize|p1a: Flutter Mane|Fairy\n|move|p1a: Flutter Mane|Calm Mind|p1a: Flutter Mane\n|-boost|p1a: Flutter Mane|spa|1\n|-boost|p1a: Flutter Mane|spd|1\n|move|p2a: \ud83c\udf8d\ud83c\udf43TAPU BULU\ud83c\udf34|Horn Leech|p1a: Flutter Mane\n|-damage|p1a: Flutter Mane|0 fnt\n|faint|p1a: Flutter Mane\n|-end|p1a: Flutter Mane|Protosynthesis|[silent]\n|\n|upkeep\n|\n|t:|1699250408\n|switch|p1a: Kyogre|Kyogre|100\/100\n|detailschange|p1a: Kyogre|Kyogre-Primal\n|-primal|p1a: Kyogre|Blue Orb\n|-weather|PrimordialSea|[from] ability: Primordial Sea|[of] p1a: Kyogre\n|turn|2\n|\n|t:|1699250414\n|move|p1a: Kyogre|Ice Beam|p2a: \ud83c\udf8d\ud83c\udf43TAPU BULU\ud83c\udf34\n|-supereffective|p2a: \ud83c\udf8d\ud83c\udf43TAPU BULU\ud83c\udf34\n|-damage|p2a: \ud83c\udf8d\ud83c\udf43TAPU BULU\ud83c\udf34|0 fnt\n|faint|p2a: \ud83c\udf8d\ud83c\udf43TAPU BULU\ud83c\udf34\n|\n|-weather|PrimordialSea|[upkeep]\n|upkeep\n|\n|t:|1699250420\n|switch|p2a: \ud83c\udf3f\ud83c\udf3fSCEPTILE\ud83c\udf32\ud83c\udf32|Sceptile, M, shiny|100\/100\n|turn|3\n|\n|t:|1699250427\n|-weather|none\n|switch|p1a: Kingdra|Kingdra, F|100\/100\n|detailschange|p2a: \ud83c\udf3f\ud83c\udf3fSCEPTILE\ud83c\udf32\ud83c\udf32|Sceptile-Mega, M, shiny\n|-mega|p2a: \ud83c\udf3f\ud83c\udf3fSCEPTILE\ud83c\udf32\ud83c\udf32|Sceptile|Sceptilite\n|move|p2a: \ud83c\udf3f\ud83c\udf3fSCEPTILE\ud83c\udf32\ud83c\udf32|Leaf Storm|p1a: Kingdra\n|-damage|p1a: Kingdra|13\/100\n|-unboost|p2a: \ud83c\udf3f\ud83c\udf3fSCEPTILE\ud83c\udf32\ud83c\udf32|spa|2\n|\n|-heal|p1a: Kingdra|19\/100|[from] Grassy Terrain\n|-heal|p1a: Kingdra|25\/100|[from] item: Leftovers\n|upkeep\n|turn|4\n|\n|t:|1699250442\n|move|p1a: Kingdra|Protect|p1a: Kingdra\n|-singleturn|p1a: Kingdra|Protect\n|move|p2a: \ud83c\udf3f\ud83c\udf3fSCEPTILE\ud83c\udf32\ud83c\udf32|Giga Drain|p1a: Kingdra\n|-activate|p1a: Kingdra|move: Protect\n|\n|-heal|p1a: Kingdra|31\/100|[from] Grassy Terrain\n|-heal|p1a: Kingdra|37\/100|[from] item: Leftovers\n|upkeep\n|turn|5\n|\n|t:|1699250453\n|switch|p1a: Chansey|Chansey, F|100\/100\n|move|p2a: \ud83c\udf3f\ud83c\udf3fSCEPTILE\ud83c\udf32\ud83c\udf32|Giga Drain|p1a: Chansey\n|-damage|p1a: Chansey|92\/100\n|\n|-heal|p1a: Chansey|98\/100|[from] Grassy Terrain\n|upkeep\n|turn|6\n|\n|t:|1699250464\n|switch|p2a: \ud83c\udff5\ud83c\udf40OPERGON\ud83c\udf40\ud83d\udc90|Ogerpon-Hearthflame, F|100\/100\n|-ability|p2a: \ud83c\udff5\ud83c\udf40OPERGON\ud83c\udf40\ud83d\udc90|Mold Breaker\n|move|p1a: Chansey|Stealth Rock|p2a: \ud83c\udff5\ud83c\udf40OPERGON\ud83c\udf40\ud83d\udc90\n|-sidestart|p2: FLOWER-M0DE\ufe0f\ufe0f\ufe0f\ufe0f\u267b\ufe0f|move: Stealth Rock\n|\n|-heal|p1a: Chansey|100\/100|[from] Grassy Terrain\n|upkeep\n|turn|7\n|\n|t:|1699250477\n|switch|p1a: Iron Valiant|Iron Valiant|100\/100\n|-enditem|p1a: Iron Valiant|Booster Energy\n|-activate|p1a: Iron Valiant|ability: Quark Drive|[fromitem]\n|-start|p1a: Iron Valiant|quarkdrivespe\n|-terastallize|p2a: \ud83c\udff5\ud83c\udf40OPERGON\ud83c\udf40\ud83d\udc90|Fire\n|detailschange|p2a: \ud83c\udff5\ud83c\udf40OPERGON\ud83c\udf40\ud83d\udc90|Ogerpon-Hearthflame-Tera, F, tera:Fire\n|-ability|p2a: \ud83c\udff5\ud83c\udf40OPERGON\ud83c\udf40\ud83d\udc90|Embody Aspect (Hearthflame)|boost\n|-boost|p2a: \ud83c\udff5\ud83c\udf40OPERGON\ud83c\udf40\ud83d\udc90|atk|1\n|move|p2a: \ud83c\udff5\ud83c\udf40OPERGON\ud83c\udf40\ud83d\udc90|Trailblaze|p1a: Iron Valiant\n|-damage|p1a: Iron Valiant|25\/100\n|-boost|p2a: \ud83c\udff5\ud83c\udf40OPERGON\ud83c\udf40\ud83d\udc90|spe|1\n|\n|-heal|p1a: Iron Valiant|32\/100|[from] Grassy Terrain\n|upkeep\n|turn|8\n|\n|t:|1699250498\n|move|p1a: Iron Valiant|Close Combat|p2a: \ud83c\udff5\ud83c\udf40OPERGON\ud83c\udf40\ud83d\udc90\n|-damage|p2a: \ud83c\udff5\ud83c\udf40OPERGON\ud83c\udf40\ud83d\udc90|13\/100\n|-unboost|p1a: Iron Valiant|def|1\n|-unboost|p1a: Iron Valiant|spd|1\n|move|p2a: \ud83c\udff5\ud83c\udf40OPERGON\ud83c\udf40\ud83d\udc90|Trailblaze|p1a: Iron Valiant\n|-damage|p1a: Iron Valiant|0 fnt\n|-boost|p2a: \ud83c\udff5\ud83c\udf40OPERGON\ud83c\udf40\ud83d\udc90|spe|1\n|faint|p1a: Iron Valiant\n|-end|p1a: Iron Valiant|Quark Drive|[silent]\n|\n|-heal|p2a: \ud83c\udff5\ud83c\udf40OPERGON\ud83c\udf40\ud83d\udc90|19\/100|[from] Grassy Terrain\n|-fieldend|move: Grassy Terrain\n|upkeep\n|\n|t:|1699250514\n|switch|p1a: Regieleki|Regieleki|100\/100\n|turn|9\n|\n|t:|1699250520\n|move|p2a: \ud83c\udff5\ud83c\udf40OPERGON\ud83c\udf40\ud83d\udc90|Ivy Cudgel|p1a: Regieleki\n|-damage|p1a: Regieleki|0 fnt\n|faint|p1a: Regieleki\n|\n|upkeep\n|\n|t:|1699250530\n|switch|p1a: Kingdra|Kingdra, F|37\/100\n|turn|10\n|\n|t:|1699250537\n|move|p2a: \ud83c\udff5\ud83c\udf40OPERGON\ud83c\udf40\ud83d\udc90|Trailblaze|p1a: Kingdra\n|-damage|p1a: Kingdra|0 fnt\n|-boost|p2a: \ud83c\udff5\ud83c\udf40OPERGON\ud83c\udf40\ud83d\udc90|spe|1\n|faint|p1a: Kingdra\n|\n|upkeep\n|\n|t:|1699250543\n|switch|p1a: Kyogre|Kyogre-Primal|100\/100\n|-weather|PrimordialSea|[from] ability: Primordial Sea|[of] p1a: Kyogre\n|turn|11\n|\n|t:|1699250548\n|move|p2a: \ud83c\udff5\ud83c\udf40OPERGON\ud83c\udf40\ud83d\udc90|Wood Hammer|p1a: Kyogre\n|-supereffective|p1a: Kyogre\n|-damage|p1a: Kyogre|0 fnt\n|faint|p1a: Kyogre\n|-weather|none\n|-damage|p2a: \ud83c\udff5\ud83c\udf40OPERGON\ud83c\udf40\ud83d\udc90|0 fnt|[from] Recoil\n|faint|p2a: \ud83c\udff5\ud83c\udf40OPERGON\ud83c\udf40\ud83d\udc90\n|\n|upkeep\n|\n|t:|1699250560\n|switch|p2a: \ud83d\udc90LEAFEON\u2618\ufe0f\ud83c\udf8b|Leafeon, M, shiny|100\/100\n|switch|p1a: Chansey|Chansey, F|100\/100\n|-damage|p2a: \ud83d\udc90LEAFEON\u2618\ufe0f\ud83c\udf8b|88\/100|[from] Stealth Rock\n|turn|12\n|\n|t:|1699250568\n|move|p2a: \ud83d\udc90LEAFEON\u2618\ufe0f\ud83c\udf8b|Sunny Day|p2a: \ud83d\udc90LEAFEON\u2618\ufe0f\ud83c\udf8b\n|-weather|SunnyDay\n|move|p1a: Chansey|Toxic|p2a: \ud83d\udc90LEAFEON\u2618\ufe0f\ud83c\udf8b\n|-status|p2a: \ud83d\udc90LEAFEON\u2618\ufe0f\ud83c\udf8b|tox\n|\n|-weather|SunnyDay|[upkeep]\n|-damage|p2a: \ud83d\udc90LEAFEON\u2618\ufe0f\ud83c\udf8b|82\/100 tox|[from] psn\n|upkeep\n|turn|13\n|\n|t:|1699250578\n|move|p2a: \ud83d\udc90LEAFEON\u2618\ufe0f\ud83c\udf8b|Swords Dance|p2a: \ud83d\udc90LEAFEON\u2618\ufe0f\ud83c\udf8b\n|-boost|p2a: \ud83d\udc90LEAFEON\u2618\ufe0f\ud83c\udf8b|atk|2\n|move|p1a: Chansey|Soft-Boiled||[still]\n|-fail|p1a: Chansey|heal\n|\n|-weather|SunnyDay|[upkeep]\n|-damage|p2a: \ud83d\udc90LEAFEON\u2618\ufe0f\ud83c\udf8b|71\/100 tox|[from] psn\n|upkeep\n|turn|14\n|\n|t:|1699250587\n|move|p2a: \ud83d\udc90LEAFEON\u2618\ufe0f\ud83c\udf8b|Solar Blade||[still]\n|-prepare|p2a: \ud83d\udc90LEAFEON\u2618\ufe0f\ud83c\udf8b|Solar Blade\n|-anim|p2a: \ud83d\udc90LEAFEON\u2618\ufe0f\ud83c\udf8b|Solar Blade|p1a: Chansey\n|-damage|p1a: Chansey|28\/100\n|move|p1a: Chansey|Soft-Boiled|p1a: Chansey\n|-heal|p1a: Chansey|78\/100\n|\n|-weather|SunnyDay|[upkeep]\n|-damage|p2a: \ud83d\udc90LEAFEON\u2618\ufe0f\ud83c\udf8b|53\/100 tox|[from] psn\n|upkeep\n|turn|15\n|\n|t:|1699250597\n|move|p2a: \ud83d\udc90LEAFEON\u2618\ufe0f\ud83c\udf8b|Swords Dance|p2a: \ud83d\udc90LEAFEON\u2618\ufe0f\ud83c\udf8b\n|-boost|p2a: \ud83d\udc90LEAFEON\u2618\ufe0f\ud83c\udf8b|atk|2\n|move|p1a: Chansey|Soft-Boiled|p1a: Chansey\n|-heal|p1a: Chansey|100\/100\n|\n|-weather|SunnyDay|[upkeep]\n|-damage|p2a: \ud83d\udc90LEAFEON\u2618\ufe0f\ud83c\udf8b|29\/100 tox|[from] psn\n|upkeep\n|turn|16\n|\n|t:|1699250607\n|move|p2a: \ud83d\udc90LEAFEON\u2618\ufe0f\ud83c\udf8b|Solar Blade||[still]\n|-prepare|p2a: \ud83d\udc90LEAFEON\u2618\ufe0f\ud83c\udf8b|Solar Blade\n|-anim|p2a: \ud83d\udc90LEAFEON\u2618\ufe0f\ud83c\udf8b|Solar Blade|p1a: Chansey\n|-damage|p1a: Chansey|0 fnt\n|faint|p1a: Chansey\n|\n|win|FLOWER-M0DE\ufe0f\ufe0f\ufe0f\ufe0f\u267b\ufe0f\n|raw|ChaebolPrince's rating: 1055 &rarr; <strong>1038<\/strong><br \/>(-17 for losing)\n|raw|FLOWER-M0DE\ufe0f\ufe0f\ufe0f\ufe0f\u267b\ufe0f's rating: 1085 &rarr; <strong>1110<\/strong><br \/>(+25 for winning)\n|l|\u2606ChaebolPrince\n","uploadtime":1699250819,"views":4,"p1id":"chaebolprince","p2id":"flowerm0de","formatid":"gen9nationaldexubers","rating":1038,"private":0,"password":""}