{"id":"gen9nationaldexubers-1998278034","p1":"dis emblemier","p2":"Coromeia","format":"[Gen 9] National Dex Ubers","log":"|j|\u2606dis emblemier\n|j|\u2606Coromeia\n|t:|1700923748\n|gametype|singles\n|player|p1|dis emblemier|102|\n|player|p2|Coromeia|lass|\n|teamsize|p1|6\n|teamsize|p2|6\n|gen|9\n|tier|[Gen 9] National Dex Ubers\n|rule|HP Percentage Mod: HP is shown in percentages\n|rule|Endless Battle Clause: Forcing endless battles is banned\n|rule|OHKO Clause: OHKO moves are banned\n|rule|Evasion Moves Clause: Evasion moves are banned\n|rule|Evasion Items Clause: Evasion items are banned\n|rule|Species Clause: Limit one of each Pok\u00e9mon\n|rule|Sleep Clause Mod: Limit one foe put to sleep\n|rule|Mega Rayquaza Clause: You cannot mega evolve Rayquaza\n|clearpoke\n|poke|p1|Mew|\n|poke|p1|Iron Valiant|\n|poke|p1|Slither Wing|\n|poke|p1|Mawile, F|\n|poke|p1|Greninja-*, M|\n|poke|p1|Rotom-Heat|\n|poke|p2|Quagsire, F|\n|poke|p2|Snorlax, F|\n|poke|p2|Tinkaton, F|\n|poke|p2|Dragonite, F|\n|poke|p2|Altaria, F|\n|poke|p2|Shuckle, F|\n|teampreview\n|j| Necriotic\n|l| Necriotic\n|\n|t:|1700924112\n|start\n|switch|p1a: Darrien|Slither Wing|100\/100\n|switch|p2a: Shuckle|Shuckle, F|100\/100\n|-enditem|p1a: Darrien|Booster Energy\n|-activate|p1a: Darrien|ability: Protosynthesis|[fromitem]\n|-start|p1a: Darrien|protosynthesisatk\n|turn|1\n|\n|t:|1700924127\n|-terastallize|p1a: Darrien|Steel\n|move|p1a: Darrien|Will-O-Wisp|p2a: Shuckle\n|-status|p2a: Shuckle|brn\n|move|p2a: Shuckle|Sticky Web|p1a: Darrien\n|-sidestart|p1: dis emblemier|move: Sticky Web\n|\n|-damage|p2a: Shuckle|94\/100 brn|[from] brn\n|upkeep\n|turn|2\n|j| Necriotic\n|\n|t:|1700924135\n|move|p1a: Darrien|Tera Blast|p2a: Shuckle|[anim] Tera Blast Steel\n|-supereffective|p2a: Shuckle\n|-damage|p2a: Shuckle|15\/100 brn\n|move|p2a: Shuckle|Stealth Rock|p1a: Darrien\n|-sidestart|p1: dis emblemier|move: Stealth Rock\n|\n|-damage|p2a: Shuckle|9\/100 brn|[from] brn\n|upkeep\n|turn|3\n|j| amitis\n|\n|t:|1700924207\n|switch|p2a: Snorlax|Snorlax, F|100\/100\n|move|p1a: Darrien|Trailblaze|p2a: Snorlax\n|-damage|p2a: Snorlax|87\/100\n|-boost|p1a: Darrien|spe|1\n|\n|upkeep\n|turn|4\n|\n|t:|1700924222\n|move|p1a: Darrien|Will-O-Wisp|p2a: Snorlax\n|-status|p2a: Snorlax|brn\n|move|p2a: Snorlax|Return|p1a: Darrien\n|-resisted|p1a: Darrien\n|-damage|p1a: Darrien|88\/100\n|\n|-damage|p2a: Snorlax|81\/100 brn|[from] brn\n|upkeep\n|turn|5\n|\n|t:|1700924262\n|move|p1a: Darrien|Trailblaze|p2a: Snorlax\n|-damage|p2a: Snorlax|67\/100 brn\n|-boost|p1a: Darrien|spe|1\n|move|p2a: Snorlax|Curse|p2a: Snorlax\n|-unboost|p2a: Snorlax|spe|1\n|-boost|p2a: Snorlax|atk|1\n|-boost|p2a: Snorlax|def|1\n|\n|-damage|p2a: Snorlax|60\/100 brn|[from] brn\n|upkeep\n|turn|6\n|\n|t:|1700924274\n|move|p1a: Darrien|Tera Blast|p2a: Snorlax|[anim] Tera Blast Steel\n|-damage|p2a: Snorlax|38\/100 brn\n|move|p2a: Snorlax|Earthquake|p1a: Darrien\n|-supereffective|p1a: Darrien\n|-damage|p1a: Darrien|36\/100\n|\n|-damage|p2a: Snorlax|32\/100 brn|[from] brn\n|upkeep\n|turn|7\n|\n|t:|1700924285\n|move|p1a: Darrien|Tera Blast|p2a: Snorlax|[anim] Tera Blast Steel\n|-crit|p2a: Snorlax\n|-damage|p2a: Snorlax|0 fnt\n|faint|p2a: Snorlax\n|\n|upkeep\n|\n|t:|1700924301\n|switch|p2a: Tinkaton|Tinkaton, F|100\/100\n|turn|8\n|\n|t:|1700924316\n|move|p1a: Darrien|Earthquake|p2a: Tinkaton\n|-supereffective|p2a: Tinkaton\n|-damage|p2a: Tinkaton|0 fnt\n|faint|p2a: Tinkaton\n|\n|upkeep\n|\n|t:|1700924333\n|switch|p2a: Quagsire|Quagsire, F|100\/100\n|turn|9\n|\n|t:|1700924336\n|move|p1a: Darrien|Trailblaze|p2a: Quagsire\n|-supereffective|p2a: Quagsire\n|-damage|p2a: Quagsire|38\/100\n|-boost|p1a: Darrien|spe|1\n|move|p2a: Quagsire|Earthquake|p1a: Darrien\n|-supereffective|p1a: Darrien\n|-damage|p1a: Darrien|0 fnt\n|faint|p1a: Darrien\n|-end|p1a: Darrien|Protosynthesis|[silent]\n|\n|-heal|p2a: Quagsire|44\/100|[from] item: Leftovers\n|upkeep\n|\n|t:|1700924353\n|switch|p1a: Heather|Rotom-Heat|100\/100\n|-damage|p1a: Heather|76\/100|[from] Stealth Rock\n|turn|10\n|\n|t:|1700924370\n|move|p1a: Heather|Defog|p2a: Quagsire\n|-unboost|p2a: Quagsire|evasion|1\n|-sideend|p1: dis emblemier|Stealth Rock|[from] move: Defog|[of] p1a: Heather\n|-sideend|p1: dis emblemier|Sticky Web|[from] move: Defog|[of] p1a: Heather\n|move|p2a: Quagsire|Scald|p1a: Heather\n|-supereffective|p1a: Heather\n|-damage|p1a: Heather|27\/100\n|\n|-heal|p2a: Quagsire|50\/100|[from] item: Leftovers\n|upkeep\n|turn|11\n|\n|t:|1700924384\n|switch|p1a: Mia|Mew|100\/100\n|move|p2a: Quagsire|Scald|p1a: Mia\n|-damage|p1a: Mia|87\/100\n|\n|-heal|p1a: Mia|93\/100|[from] item: Leftovers\n|-heal|p2a: Quagsire|56\/100|[from] item: Leftovers\n|upkeep\n|turn|12\n|\n|t:|1700924412\n|move|p1a: Mia|Knock Off|p2a: Quagsire\n|-damage|p2a: Quagsire|36\/100\n|-enditem|p2a: Quagsire|Leftovers|[from] move: Knock Off|[of] p1a: Mia\n|move|p2a: Quagsire|Recover|p2a: Quagsire\n|-heal|p2a: Quagsire|86\/100\n|\n|-heal|p1a: Mia|99\/100|[from] item: Leftovers\n|upkeep\n|turn|13\n|\n|t:|1700924420\n|move|p1a: Mia|Will-O-Wisp|p2a: Quagsire\n|-status|p2a: Quagsire|brn\n|move|p2a: Quagsire|Spikes|p1a: Mia\n|-sidestart|p1: dis emblemier|Spikes\n|\n|-heal|p1a: Mia|100\/100|[from] item: Leftovers\n|-damage|p2a: Quagsire|79\/100 brn|[from] brn\n|upkeep\n|turn|14\n|\n|t:|1700924449\n|switch|p1a: Megan|Mawile, F|100\/100\n|-damage|p1a: Megan|88\/100|[from] Spikes\n|-ability|p1a: Megan|Intimidate|boost\n|-unboost|p2a: Quagsire|atk|1\n|switch|p2a: Shuckle|Shuckle, F|9\/100 brn\n|\n|-damage|p2a: Shuckle|3\/100 brn|[from] brn\n|upkeep\n|turn|15\n|\n|t:|1700924459\n|move|p1a: Megan|Knock Off|p2a: Shuckle\n|-damage|p2a: Shuckle|0 fnt\n|-enditem|p2a: Shuckle|Mental Herb|[from] move: Knock Off|[of] p1a: Megan\n|faint|p2a: Shuckle\n|\n|upkeep\n|\n|t:|1700924475\n|switch|p2a: Quagsire|Quagsire, F|79\/100 brn\n|turn|16\n|\n|t:|1700924481\n|move|p1a: Megan|Stealth Rock|p2a: Quagsire\n|-sidestart|p2: Coromeia|move: Stealth Rock\n|move|p2a: Quagsire|Earthquake|p1a: Megan\n|-supereffective|p1a: Megan\n|-damage|p1a: Megan|46\/100\n|\n|-damage|p2a: Quagsire|73\/100 brn|[from] brn\n|upkeep\n|turn|17\n|\n|t:|1700924490\n|switch|p1a: Vegito|Iron Valiant|100\/100\n|-damage|p1a: Vegito|88\/100|[from] Spikes\n|-enditem|p1a: Vegito|Booster Energy\n|-activate|p1a: Vegito|ability: Quark Drive|[fromitem]\n|-start|p1a: Vegito|quarkdrivespe\n|move|p2a: Quagsire|Earthquake|p1a: Vegito\n|-damage|p1a: Vegito|70\/100\n|\n|-damage|p2a: Quagsire|67\/100 brn|[from] brn\n|upkeep\n|turn|18\n|\n|t:|1700924603\n|move|p1a: Vegito|Grass Knot|p2a: Quagsire\n|-supereffective|p2a: Quagsire\n|-damage|p2a: Quagsire|0 fnt\n|faint|p2a: Quagsire\n|\n|upkeep\n|\n|t:|1700924611\n|switch|p2a: Dragonite|Dragonite, F|100\/100\n|turn|19\n|\n|t:|1700924616\n|move|p1a: Vegito|Thunder Wave|p2a: Dragonite\n|-status|p2a: Dragonite|par\n|move|p2a: Dragonite|Dragon Dance|p2a: Dragonite\n|-boost|p2a: Dragonite|atk|1\n|-boost|p2a: Dragonite|spe|1\n|\n|upkeep\n|turn|20\n|\n|t:|1700924622\n|move|p1a: Vegito|Moonblast|p2a: Dragonite\n|-supereffective|p2a: Dragonite\n|-damage|p2a: Dragonite|54\/100 par\n|-unboost|p2a: Dragonite|spa|1\n|cant|p2a: Dragonite|par\n|\n|upkeep\n|turn|21\n|\n|t:|1700924660\n|move|p1a: Vegito|Moonblast|p2a: Dragonite\n|-supereffective|p2a: Dragonite\n|-damage|p2a: Dragonite|0 fnt\n|faint|p2a: Dragonite\n|\n|upkeep\n|\n|t:|1700924667\n|switch|p2a: Altaria|Altaria, F|100\/100\n|-damage|p2a: Altaria|76\/100|[from] Stealth Rock\n|turn|22\n|\n|t:|1700924697\n|move|p1a: Vegito|Moonblast|p2a: Altaria\n|-supereffective|p2a: Altaria\n|-damage|p2a: Altaria|0 fnt\n|faint|p2a: Altaria\n|\n|win|dis emblemier\n|l| amitis\n|c|\u2606dis emblemier|ggs\n","uploadtime":1700924726,"views":12,"p1id":"disemblemier","p2id":"coromeia","formatid":"gen9nationaldexubers","rating":0,"private":0,"password":""}