{"id":"gen9nationaldexubers-1989567651","p1":"daveleciel","p2":"conbomb","format":"[Gen 9] National Dex Ubers","log":"|j|\u2606daveleciel\n|j|\u2606conbomb\n|t:|1699872507\n|gametype|singles\n|player|p1|daveleciel|lady|1165\n|player|p2|conbomb|swimmer-gen4dp|1138\n|teamsize|p1|6\n|teamsize|p2|6\n|gen|9\n|tier|[Gen 9] National Dex Ubers\n|rated|\n|rule|HP Percentage Mod: HP is shown in percentages\n|rule|Endless Battle Clause: Forcing endless battles is banned\n|rule|OHKO Clause: OHKO moves are banned\n|rule|Evasion Moves Clause: Evasion moves are banned\n|rule|Evasion Items Clause: Evasion items are banned\n|rule|Species Clause: Limit one of each Pok\u00e9mon\n|rule|Sleep Clause Mod: Limit one foe put to sleep\n|rule|Mega Rayquaza Clause: You cannot mega evolve Rayquaza\n|clearpoke\n|poke|p1|Garchomp, M|\n|poke|p1|Latios, M|\n|poke|p1|Greninja-*, M|\n|poke|p1|Kartana|\n|poke|p1|Blaziken, F|\n|poke|p1|Zacian-*|\n|poke|p2|Porygon2|\n|poke|p2|Bewear, F|\n|poke|p2|Zoroark-Hisui, M|\n|poke|p2|Indeedee, M|\n|poke|p2|Diggersby, F|\n|poke|p2|Exploud, M|\n|teampreview\n|\n|t:|1699872604\n|start\n|switch|p1a: Latios|Latios, M|100\/100\n|switch|p2a: BlueToothSpeaker|Exploud, M, shiny|100\/100\n|turn|1\n|\n|t:|1699872617\n|move|p1a: Latios|Dragon Pulse|p2a: BlueToothSpeaker\n|-damage|p2a: BlueToothSpeaker|35\/100\n|move|p2a: BlueToothSpeaker|Boomburst|p1a: Latios\n|-damage|p1a: Latios|38\/100\n|\n|upkeep\n|turn|2\n|\n|t:|1699872624\n|move|p1a: Latios|Dragon Pulse|p2a: BlueToothSpeaker\n|-damage|p2a: BlueToothSpeaker|0 fnt\n|faint|p2a: BlueToothSpeaker\n|\n|upkeep\n|\n|t:|1699872626\n|switch|p2a: DOUBLEWIDESUPRISE|Diggersby, F|100\/100\n|turn|3\n|\n|t:|1699872633\n|move|p1a: Latios|Dragon Pulse|p2a: DOUBLEWIDESUPRISE\n|-damage|p2a: DOUBLEWIDESUPRISE|62\/100\n|move|p2a: DOUBLEWIDESUPRISE|Ice Punch|p1a: Latios\n|-supereffective|p1a: Latios\n|-damage|p1a: Latios|0 fnt\n|faint|p1a: Latios\n|\n|upkeep\n|\n|t:|1699872642\n|switch|p1a: Blaziken|Blaziken, F|100\/100\n|turn|4\n|\n|t:|1699872652\n|switch|p2a: Pogrygon\ud83c\udf46|Porygon2|100\/100\n|detailschange|p1a: Blaziken|Blaziken-Mega, F\n|-mega|p1a: Blaziken|Blaziken|Blazikenite\n|move|p1a: Blaziken|Close Combat|p2a: Pogrygon\ud83c\udf46\n|-immune|p2a: Pogrygon\ud83c\udf46\n|\n|-ability|p1a: Blaziken|Speed Boost|boost\n|-boost|p1a: Blaziken|spe|1\n|upkeep\n|turn|5\n|\n|t:|1699872662\n|move|p1a: Blaziken|Hone Claws|p1a: Blaziken\n|-boost|p1a: Blaziken|atk|1\n|-boost|p1a: Blaziken|accuracy|1\n|move|p2a: Pogrygon\ud83c\udf46|Psychic|p1a: Blaziken\n|-supereffective|p1a: Blaziken\n|-damage|p1a: Blaziken|0 fnt\n|faint|p1a: Blaziken\n|\n|upkeep\n|\n|t:|1699872670\n|switch|p1a: Zacian|Zacian-Crowned|100\/100\n|-ability|p1a: Zacian|Intrepid Sword|boost\n|-boost|p1a: Zacian|atk|1\n|turn|6\n|\n|t:|1699872673\n|move|p1a: Zacian|Behemoth Blade|p2a: Pogrygon\ud83c\udf46\n|-damage|p2a: Pogrygon\ud83c\udf46|0 fnt\n|replace|p2a: psyche|Zoroark-Hisui, M\n|-end|p2a: psyche|Illusion\n|faint|p2a: psyche\n|\n|upkeep\n|\n|t:|1699872676\n|switch|p2a: Beweary|Bewear, F|100\/100\n|turn|7\n|\n|t:|1699872692\n|move|p1a: Zacian|Play Rough|p2a: Beweary\n|-supereffective|p2a: Beweary\n|-damage|p2a: Beweary|37\/100\n|-enditem|p2a: Beweary|Weakness Policy\n|-boost|p2a: Beweary|atk|2|[from] item: Weakness Policy\n|-boost|p2a: Beweary|spa|2|[from] item: Weakness Policy\n|move|p2a: Beweary|Drain Punch|p1a: Zacian\n|-damage|p1a: Zacian|28\/100\n|-heal|p2a: Beweary|69\/100|[from] drain|[of] p1a: Zacian\n|\n|upkeep\n|turn|8\n|\n|t:|1699872703\n|-terastallize|p2a: Beweary|Normal\n|move|p1a: Zacian|Play Rough|p2a: Beweary|[miss]\n|-miss|p1a: Zacian|p2a: Beweary\n|move|p2a: Beweary|Drain Punch|p1a: Zacian\n|-damage|p1a: Zacian|0 fnt\n|-heal|p2a: Beweary|81\/100|[from] drain|[of] p1a: Zacian\n|faint|p1a: Zacian\n|\n|upkeep\n|\n|t:|1699872714\n|switch|p1a: Garchomp|Garchomp, M|100\/100\n|turn|9\n|\n|t:|1699872720\n|switch|p2a: DOUBLEWIDESUPRISE|Diggersby, F|62\/100\n|move|p1a: Garchomp|Earthquake|p2a: DOUBLEWIDESUPRISE\n|-damage|p2a: DOUBLEWIDESUPRISE|0 fnt\n|faint|p2a: DOUBLEWIDESUPRISE\n|\n|upkeep\n|\n|t:|1699872730\n|switch|p2a: Ingeegee|Indeedee, M|100\/100\n|-fieldstart|move: Psychic Terrain|[from] ability: Psychic Surge|[of] p2a: Ingeegee\n|turn|10\n|\n|t:|1699872739\n|move|p2a: Ingeegee|Dazzling Gleam|p1a: Garchomp\n|-supereffective|p1a: Garchomp\n|-damage|p1a: Garchomp|44\/100\n|move|p1a: Garchomp|Swords Dance|p1a: Garchomp\n|-boost|p1a: Garchomp|atk|2\n|\n|-heal|p1a: Garchomp|51\/100|[from] item: Leftovers\n|upkeep\n|turn|11\n|\n|t:|1699872748\n|move|p2a: Ingeegee|Dazzling Gleam|p1a: Garchomp\n|-supereffective|p1a: Garchomp\n|-damage|p1a: Garchomp|0 fnt\n|faint|p1a: Garchomp\n|\n|upkeep\n|\n|t:|1699872770\n|switch|p1a: Greninja|Greninja, M|100\/100\n|turn|12\n|\n|t:|1699872776\n|move|p2a: Ingeegee|Dazzling Gleam|p1a: Greninja\n|-supereffective|p1a: Greninja\n|-damage|p1a: Greninja|22\/100\n|move|p1a: Greninja|Dark Pulse|p2a: Ingeegee\n|-supereffective|p2a: Ingeegee\n|-damage|p2a: Ingeegee|0 fnt\n|faint|p2a: Ingeegee\n|-ability|p1a: Greninja|Battle Bond|boost\n|-boost|p1a: Greninja|atk|1\n|-boost|p1a: Greninja|spa|1\n|-boost|p1a: Greninja|spe|1\n|-activate|p1a: Greninja|ability: Battle Bond\n|\n|-heal|p1a: Greninja|28\/100|[from] item: Leftovers\n|upkeep\n|\n|t:|1699872782\n|switch|p2a: Pogrygon\ud83c\udf46|Porygon2|100\/100\n|turn|13\n|\n|t:|1699872790\n|-terastallize|p1a: Greninja|Electric\n|move|p1a: Greninja|Surf|p2a: Pogrygon\ud83c\udf46\n|-damage|p2a: Pogrygon\ud83c\udf46|73\/100\n|move|p2a: Pogrygon\ud83c\udf46|Curse|p2a: Pogrygon\ud83c\udf46\n|-unboost|p2a: Pogrygon\ud83c\udf46|spe|1\n|-boost|p2a: Pogrygon\ud83c\udf46|atk|1\n|-boost|p2a: Pogrygon\ud83c\udf46|def|1\n|\n|-heal|p1a: Greninja|34\/100|[from] item: Leftovers\n|upkeep\n|turn|14\n|\n|t:|1699872803\n|move|p1a: Greninja|Ice Beam|p2a: Pogrygon\ud83c\udf46\n|-damage|p2a: Pogrygon\ud83c\udf46|54\/100\n|-status|p2a: Pogrygon\ud83c\udf46|frz\n|cant|p2a: Pogrygon\ud83c\udf46|frz\n|\n|-heal|p1a: Greninja|40\/100|[from] item: Leftovers\n|-fieldend|move: Psychic Terrain\n|upkeep\n|turn|15\n|\n|t:|1699872810\n|move|p1a: Greninja|Dark Pulse|p2a: Pogrygon\ud83c\udf46\n|-damage|p2a: Pogrygon\ud83c\udf46|30\/100 frz\n|-curestatus|p2a: Pogrygon\ud83c\udf46|frz|[msg]\n|move|p2a: Pogrygon\ud83c\udf46|Substitute|p2a: Pogrygon\ud83c\udf46\n|-start|p2a: Pogrygon\ud83c\udf46|Substitute\n|-damage|p2a: Pogrygon\ud83c\udf46|6\/100\n|\n|-heal|p1a: Greninja|46\/100|[from] item: Leftovers\n|upkeep\n|turn|16\n|\n|t:|1699872818\n|move|p1a: Greninja|Ice Beam|p2a: Pogrygon\ud83c\udf46\n|-activate|p2a: Pogrygon\ud83c\udf46|move: Substitute|[damage]\n|move|p2a: Pogrygon\ud83c\udf46|Recover|p2a: Pogrygon\ud83c\udf46\n|-heal|p2a: Pogrygon\ud83c\udf46|56\/100\n|\n|-heal|p1a: Greninja|52\/100|[from] item: Leftovers\n|upkeep\n|turn|17\n|\n|t:|1699872823\n|move|p1a: Greninja|Ice Beam|p2a: Pogrygon\ud83c\udf46\n|-end|p2a: Pogrygon\ud83c\udf46|Substitute\n|move|p2a: Pogrygon\ud83c\udf46|Recover|p2a: Pogrygon\ud83c\udf46\n|-heal|p2a: Pogrygon\ud83c\udf46|100\/100\n|\n|-heal|p1a: Greninja|58\/100|[from] item: Leftovers\n|upkeep\n|turn|18\n|\n|t:|1699872828\n|move|p1a: Greninja|Ice Beam|p2a: Pogrygon\ud83c\udf46\n|-damage|p2a: Pogrygon\ud83c\udf46|82\/100\n|move|p2a: Pogrygon\ud83c\udf46|Last Resort|p1a: Greninja\n|-damage|p1a: Greninja|0 fnt\n|faint|p1a: Greninja\n|\n|upkeep\n|\n|t:|1699872833\n|switch|p1a: Kartana|Kartana|100\/100\n|turn|19\n|\n|t:|1699872839\n|move|p1a: Kartana|Smart Strike|p2a: Pogrygon\ud83c\udf46\n|-damage|p2a: Pogrygon\ud83c\udf46|62\/100\n|move|p2a: Pogrygon\ud83c\udf46|Last Resort|p1a: Kartana\n|-resisted|p1a: Kartana\n|-damage|p1a: Kartana|55\/100\n|\n|-heal|p1a: Kartana|62\/100|[from] item: Leftovers\n|upkeep\n|turn|20\n|\n|t:|1699872852\n|move|p1a: Kartana|Return|p2a: Pogrygon\ud83c\udf46\n|-damage|p2a: Pogrygon\ud83c\udf46|43\/100\n|move|p2a: Pogrygon\ud83c\udf46|Last Resort|p1a: Kartana\n|-resisted|p1a: Kartana\n|-damage|p1a: Kartana|16\/100\n|\n|-heal|p1a: Kartana|22\/100|[from] item: Leftovers\n|upkeep\n|turn|21\n|\n|t:|1699872858\n|move|p1a: Kartana|Leaf Blade|p2a: Pogrygon\ud83c\udf46\n|-damage|p2a: Pogrygon\ud83c\udf46|16\/100\n|move|p2a: Pogrygon\ud83c\udf46|Last Resort|p1a: Kartana\n|-resisted|p1a: Kartana\n|-damage|p1a: Kartana|0 fnt\n|faint|p1a: Kartana\n|\n|win|conbomb\n|raw|daveleciel's rating: 1165 &rarr; <strong>1138<\/strong><br \/>(-27 for losing)\n|raw|conbomb's rating: 1138 &rarr; <strong>1165<\/strong><br \/>(+27 for winning)\n|c|\u2606conbomb|gg\n|l|\u2606daveleciel\n","uploadtime":1699872933,"views":12,"p1id":"daveleciel","p2id":"conbomb","formatid":"gen9nationaldexubers","rating":1138,"private":0,"password":""}