{"id":"gen9nationaldexubers-1994592235","p1":"gtantoine2003","p2":"Wobbuffet xplus","format":"[Gen 9] National Dex Ubers","log":"|j|\u2606gtantoine2003\n|j|\u2606Wobbuffet xplus\n|t:|1700465762\n|gametype|singles\n|player|p1|gtantoine2003|2|1134\n|player|p2|Wobbuffet xplus|cynthia|1238\n|teamsize|p1|6\n|teamsize|p2|6\n|gen|9\n|tier|[Gen 9] National Dex Ubers\n|rated|\n|rule|HP Percentage Mod: HP is shown in percentages\n|rule|Endless Battle Clause: Forcing endless battles is banned\n|rule|OHKO Clause: OHKO moves are banned\n|rule|Evasion Moves Clause: Evasion moves are banned\n|rule|Evasion Items Clause: Evasion items are banned\n|rule|Species Clause: Limit one of each Pok\u00e9mon\n|rule|Sleep Clause Mod: Limit one foe put to sleep\n|rule|Mega Rayquaza Clause: You cannot mega evolve Rayquaza\n|clearpoke\n|poke|p1|Annihilape, F|\n|poke|p1|Shuckle, M|\n|poke|p1|Zoroark-Hisui, F|\n|poke|p1|Florges-Yellow, F|\n|poke|p1|Blissey, F|\n|poke|p1|Dondozo, F|\n|poke|p2|Zygarde|\n|poke|p2|Ho-Oh|\n|poke|p2|Zacian-*|\n|poke|p2|Eternatus|\n|poke|p2|Blaziken, F|\n|poke|p2|Yveltal|\n|teampreview\n|inactive|Battle timer is ON: inactive players will automatically lose when time's up. (requested by gtantoine2003)\n|\n|t:|1700465777\n|start\n|switch|p1a: 3attassi|Shuckle, M|100\/100\n|switch|p2a: Blaziken|Blaziken, F|100\/100\n|turn|1\n|\n|t:|1700465787\n|detailschange|p2a: Blaziken|Blaziken-Mega, F\n|-mega|p2a: Blaziken|Blaziken|Blazikenite\n|move|p2a: Blaziken|Swords Dance|p2a: Blaziken\n|-boost|p2a: Blaziken|atk|2\n|move|p1a: 3attassi|Sticky Web|p2a: Blaziken\n|-sidestart|p2: Wobbuffet xplus|move: Sticky Web\n|\n|-ability|p2a: Blaziken|Speed Boost|boost\n|-boost|p2a: Blaziken|spe|1\n|upkeep\n|turn|2\n|\n|t:|1700465794\n|move|p2a: Blaziken|Earthquake|p1a: 3attassi\n|-crit|p1a: 3attassi\n|-damage|p1a: 3attassi|9\/100\n|move|p1a: 3attassi|Stealth Rock|p2a: Blaziken\n|-sidestart|p2: Wobbuffet xplus|move: Stealth Rock\n|\n|-heal|p1a: 3attassi|15\/100|[from] item: Leftovers\n|-ability|p2a: Blaziken|Speed Boost|boost\n|-boost|p2a: Blaziken|spe|1\n|upkeep\n|turn|3\n|\n|t:|1700465804\n|move|p2a: Blaziken|Earthquake|p1a: 3attassi\n|-damage|p1a: 3attassi|0 fnt\n|faint|p1a: 3attassi\n|\n|-ability|p2a: Blaziken|Speed Boost|boost\n|-boost|p2a: Blaziken|spe|1\n|upkeep\n|\n|t:|1700465814\n|switch|p1a: wailmerde|Dondozo, F|100\/100\n|turn|4\n|\n|t:|1700465817\n|move|p2a: Blaziken|Earthquake|p1a: wailmerde\n|-damage|p1a: wailmerde|76\/100\n|move|p1a: wailmerde|Liquidation|p2a: Blaziken\n|-supereffective|p2a: Blaziken\n|-damage|p2a: Blaziken|0 fnt\n|faint|p2a: Blaziken\n|\n|-heal|p1a: wailmerde|82\/100|[from] item: Leftovers\n|upkeep\n|c|\u2606gtantoine2003|lol\n|\n|t:|1700465827\n|switch|p2a: Eternatus|Eternatus|100\/100\n|-activate|p2a: Eternatus|move: Sticky Web\n|-unboost|p2a: Eternatus|spe|1\n|-damage|p2a: Eternatus|88\/100|[from] Stealth Rock\n|-ability|p2a: Eternatus|Pressure\n|turn|5\n|\n|t:|1700465833\n|move|p2a: Eternatus|Dynamax Cannon|p1a: wailmerde\n|-damage|p1a: wailmerde|26\/100\n|move|p1a: wailmerde|Earthquake|p2a: Eternatus\n|-supereffective|p2a: Eternatus\n|-damage|p2a: Eternatus|43\/100\n|\n|-heal|p2a: Eternatus|49\/100|[from] item: Leftovers\n|-heal|p1a: wailmerde|33\/100|[from] item: Leftovers\n|upkeep\n|turn|6\n|\n|t:|1700465843\n|switch|p1a: pissenlit|Florges-Yellow, F|100\/100\n|move|p2a: Eternatus|Dynamax Cannon|p1a: pissenlit\n|-immune|p1a: pissenlit\n|\n|-heal|p2a: Eternatus|55\/100|[from] item: Leftovers\n|upkeep\n|turn|7\n|\n|t:|1700465849\n|-terastallize|p1a: pissenlit|Ground\n|move|p2a: Eternatus|Sludge Wave|p1a: pissenlit\n|-resisted|p1a: pissenlit\n|-crit|p1a: pissenlit\n|-damage|p1a: pissenlit|70\/100\n|move|p1a: pissenlit|Calm Mind|p1a: pissenlit\n|-boost|p1a: pissenlit|spa|1\n|-boost|p1a: pissenlit|spd|1\n|\n|-heal|p2a: Eternatus|62\/100|[from] item: Leftovers\n|-heal|p1a: pissenlit|77\/100|[from] item: Leftovers\n|upkeep\n|turn|8\n|\n|t:|1700465863\n|move|p2a: Eternatus|Dynamax Cannon|p1a: pissenlit\n|-damage|p1a: pissenlit|50\/100\n|move|p1a: pissenlit|Tera Blast|p2a: Eternatus|[anim] Tera Blast Ground\n|-supereffective|p2a: Eternatus\n|-damage|p2a: Eternatus|0 fnt\n|faint|p2a: Eternatus\n|\n|-heal|p1a: pissenlit|57\/100|[from] item: Leftovers\n|upkeep\n|\n|t:|1700465875\n|switch|p2a: Zacian|Zacian-Crowned|100\/100\n|-activate|p2a: Zacian|move: Sticky Web\n|-unboost|p2a: Zacian|spe|1\n|-damage|p2a: Zacian|94\/100|[from] Stealth Rock\n|-ability|p2a: Zacian|Intrepid Sword|boost\n|-boost|p2a: Zacian|atk|1\n|turn|9\n|\n|t:|1700465882\n|move|p2a: Zacian|Behemoth Blade|p1a: pissenlit\n|-damage|p1a: pissenlit|0 fnt\n|faint|p1a: pissenlit\n|\n|upkeep\n|\n|t:|1700465885\n|switch|p1a: wailmerde|Dondozo, F|33\/100\n|turn|10\n|\n|t:|1700465889\n|move|p2a: Zacian|Wild Charge|p1a: wailmerde\n|-supereffective|p1a: wailmerde\n|-damage|p1a: wailmerde|0 fnt\n|faint|p1a: wailmerde\n|-damage|p2a: Zacian|82\/100|[from] Recoil\n|\n|upkeep\n|c|\u2606Wobbuffet xplus|lol\n|\n|t:|1700465894\n|switch|p1a: bonsoir|Annihilape, F|100\/100\n|turn|11\n|\n|t:|1700465899\n|move|p2a: Zacian|Behemoth Blade|p1a: bonsoir\n|-crit|p1a: bonsoir\n|-damage|p1a: bonsoir|0 fnt\n|faint|p1a: bonsoir\n|\n|upkeep\n|c|\u2606Wobbuffet xplus|lmao\n|\n|t:|1700465903\n|switch|p1a: mega leveinard|Blissey, F|100\/100\n|turn|12\n|\n|t:|1700465907\n|move|p1a: mega leveinard|Nasty Plot|p1a: mega leveinard\n|-boost|p1a: mega leveinard|spa|2\n|move|p2a: Zacian|Behemoth Blade|p1a: mega leveinard\n|-enditem|p1a: mega leveinard|Focus Sash\n|-damage|p1a: mega leveinard|1\/100\n|replace|p1a: Zoroark|Zoroark-Hisui, F\n|-end|p1a: Zoroark|Illusion\n|\n|upkeep\n|turn|13\n|c|\u2606Wobbuffet xplus|lmao\n|c|\u2606Wobbuffet xplus|loser\n|\n|t:|1700465916\n|move|p1a: Zoroark|Shadow Ball|p2a: Zacian\n|-damage|p2a: Zacian|6\/100\n|-unboost|p2a: Zacian|spd|1\n|move|p2a: Zacian|Crunch|p1a: Zoroark\n|-supereffective|p1a: Zoroark\n|-damage|p1a: Zoroark|0 fnt\n|faint|p1a: Zoroark\n|\n|upkeep\n|\n|t:|1700465919\n|switch|p1a: mega leveinard|Blissey, F|100\/100\n|turn|14\n|c|\u2606Wobbuffet xplus|lol\n|c|\u2606Wobbuffet xplus|lol\n|c|\u2606Wobbuffet xplus|lo\n|c|\u2606Wobbuffet xplus|hahahaha\n|\n|t:|1700465925\n|move|p2a: Zacian|Wild Charge|p1a: mega leveinard\n|-damage|p1a: mega leveinard|52\/100\n|-damage|p2a: Zacian|0 fnt|[from] Recoil\n|faint|p2a: Zacian\n|move|p1a: mega leveinard|Seismic Toss|p2: Zacian|[notarget]\n|-fail|p1a: mega leveinard\n|\n|upkeep\n|c|\u2606gtantoine2003|bro using full legendary\n|\n|t:|1700465933\n|switch|p2a: Ho-Oh|Ho-Oh|100\/100\n|-damage|p2a: Ho-Oh|51\/100|[from] Stealth Rock\n|turn|15\n|c|\u2606Wobbuffet xplus|get lost sucker\n|c|\u2606Wobbuffet xplus|that will do it\n|c|\u2606Wobbuffet xplus|lol\n|c|\u2606Wobbuffet xplus|lmao\n|inactive|gtantoine2003 has 120 seconds left.\n|c|\u2606Wobbuffet xplus|loser thought  he can bby taht turtle\n|c|\u2606Wobbuffet xplus|lmao what a joker\n|c|\u2606Wobbuffet xplus|u are\n|c|\u2606Wobbuffet xplus|hahahha\n|c|\u2606Wobbuffet xplus|hahahha\n|c|\u2606Wobbuffet xplus|hahaha\n|\n|t:|1700465980\n|move|p2a: Ho-Oh|Toxic|p1a: mega leveinard\n|-status|p1a: mega leveinard|tox\n|move|p1a: mega leveinard|Thunder Wave|p2a: Ho-Oh|[miss]\n|-miss|p1a: mega leveinard|p2a: Ho-Oh\n|\n|-heal|p2a: Ho-Oh|57\/100|[from] item: Leftovers\n|-damage|p1a: mega leveinard|45\/100 tox|[from] psn\n|upkeep\n|turn|16\n|c|\u2606Wobbuffet xplus|loser\n|c|\u2606Wobbuffet xplus|lol\n|\n|t:|1700465990\n|move|p2a: Ho-Oh|Sacred Fire|p1a: mega leveinard\n|-damage|p1a: mega leveinard|3\/100 tox\n|move|p1a: mega leveinard|Soft-Boiled|p1a: mega leveinard\n|-heal|p1a: mega leveinard|53\/100 tox\n|\n|-heal|p2a: Ho-Oh|63\/100|[from] item: Leftovers\n|-damage|p1a: mega leveinard|41\/100 tox|[from] psn\n|upkeep\n|turn|17\n|inactive|gtantoine2003 has 120 seconds left.\n|\n|t:|1700465998\n|move|p2a: Ho-Oh|Sacred Fire|p1a: mega leveinard|[miss]\n|-miss|p2a: Ho-Oh|p1a: mega leveinard\n|move|p1a: mega leveinard|Soft-Boiled|p1a: mega leveinard\n|-heal|p1a: mega leveinard|91\/100 tox\n|\n|-heal|p2a: Ho-Oh|69\/100|[from] item: Leftovers\n|-damage|p1a: mega leveinard|73\/100 tox|[from] psn\n|upkeep\n|turn|18\n|\n|t:|1700466006\n|move|p2a: Ho-Oh|Sacred Fire|p1a: mega leveinard\n|-damage|p1a: mega leveinard|25\/100 tox\n|move|p1a: mega leveinard|Ice Beam|p2a: Ho-Oh\n|-damage|p2a: Ho-Oh|59\/100\n|\n|-heal|p2a: Ho-Oh|65\/100|[from] item: Leftovers\n|-damage|p1a: mega leveinard|0 fnt|[from] psn\n|faint|p1a: mega leveinard\n|\n|win|Wobbuffet xplus\n|upkeep\n|raw|gtantoine2003's rating: 1134 &rarr; <strong>1116<\/strong><br \/>(-18 for losing)\n|raw|Wobbuffet xplus's rating: 1238 &rarr; <strong>1256<\/strong><br \/>(+18 for winning)\n","uploadtime":1700465966,"views":5,"p1id":"gtantoine2003","p2id":"wobbuffetxplus","formatid":"gen9nationaldexubers","rating":1116,"private":0,"password":""}