{"id":"gen9nationaldexubers-1989520335","p1":"miketrash123","p2":"Garchomp8000","format":"[Gen 9] National Dex Ubers","log":"|j|\u2606miketrash123\n|j|\u2606Garchomp8000\n|t:|1699864792\n|gametype|singles\n|player|p1|miketrash123|volo-ginkgo|1304\n|player|p2|Garchomp8000|policeman-gen4|1377\n|teamsize|p1|6\n|teamsize|p2|6\n|gen|9\n|tier|[Gen 9] National Dex Ubers\n|rated|\n|rule|HP Percentage Mod: HP is shown in percentages\n|rule|Endless Battle Clause: Forcing endless battles is banned\n|rule|OHKO Clause: OHKO moves are banned\n|rule|Evasion Moves Clause: Evasion moves are banned\n|rule|Evasion Items Clause: Evasion items are banned\n|rule|Species Clause: Limit one of each Pok\u00e9mon\n|rule|Sleep Clause Mod: Limit one foe put to sleep\n|rule|Mega Rayquaza Clause: You cannot mega evolve Rayquaza\n|clearpoke\n|poke|p1|Lugia|\n|poke|p1|Darkrai|\n|poke|p1|Dracovish|\n|poke|p1|Hippowdon, M|\n|poke|p1|Baxcalibur, M|\n|poke|p1|Kangaskhan, F|\n|poke|p2|Yveltal|\n|poke|p2|Volcanion|\n|poke|p2|Zekrom|\n|poke|p2|Ditto|\n|poke|p2|Xatu, M|\n|poke|p2|Malamar, M|\n|teampreview\n|\n|t:|1699864805\n|start\n|switch|p1a: Kangaskhan|Kangaskhan, F|100\/100\n|switch|p2a: Ditto|Ditto|100\/100\n|-transform|p2a: Ditto|p1a: Kangaskhan|[from] ability: Imposter\n|turn|1\n|\n|t:|1699864822\n|switch|p2a: Xatu|Xatu, M, shiny|100\/100\n|move|p1a: Kangaskhan|Power-Up Punch|p2a: Xatu\n|-resisted|p2a: Xatu\n|-damage|p2a: Xatu|96\/100\n|-boost|p1a: Kangaskhan|atk|1\n|\n|-heal|p2a: Xatu|100\/100|[from] item: Leftovers\n|upkeep\n|turn|2\n|inactive|Battle timer is ON: inactive players will automatically lose when time's up. (requested by miketrash123)\n|\n|t:|1699864834\n|move|p1a: Kangaskhan|Sucker Punch||[still]\n|-fail|p1a: Kangaskhan\n|move|p2a: Xatu|Feather Dance|p1a: Kangaskhan\n|-unboost|p1a: Kangaskhan|atk|2\n|\n|upkeep\n|turn|3\n|\n|t:|1699864843\n|switch|p1a: Darkrai|Darkrai|100\/100\n|move|p2a: Xatu|Feather Dance|p1a: Darkrai\n|-unboost|p1a: Darkrai|atk|2\n|\n|upkeep\n|turn|4\n|\n|t:|1699864852\n|move|p2a: Xatu|Protect|p2a: Xatu\n|-singleturn|p2a: Xatu|Protect\n|-zpower|p1a: Darkrai\n|move|p1a: Darkrai|Z-Hypnosis|p2a: Xatu|[anim]Hypnosis\n|-boost|p1a: Darkrai|spe|1|[zeffect]\n|-activate|p2a: Xatu|move: Protect\n|\n|upkeep\n|turn|5\n|\n|t:|1699864862\n|move|p1a: Darkrai|Hypnosis|p2a: Xatu\n|move|p2a: Xatu|Hypnosis|p1a: Darkrai|[from]ability: Magic Bounce\n|-status|p1a: Darkrai|slp|[from] move: Hypnosis\n|move|p2a: Xatu|Dazzling Gleam|p1a: Darkrai\n|-supereffective|p1a: Darkrai\n|-damage|p1a: Darkrai|39\/100 slp\n|\n|upkeep\n|turn|6\n|c|\u2606miketrash123|fuck\n|\n|t:|1699864875\n|cant|p1a: Darkrai|slp\n|move|p2a: Xatu|Dazzling Gleam|p1a: Darkrai\n|-supereffective|p1a: Darkrai\n|-damage|p1a: Darkrai|0 fnt\n|faint|p1a: Darkrai\n|\n|upkeep\n|c|\u2606Garchomp8000|The element of surprise\n|c|\u2606miketrash123|lol\n|\n|t:|1699864897\n|switch|p1a: Hippowdon|Hippowdon, M, shiny|100\/100\n|-weather|Sandstorm|[from] ability: Sand Stream|[of] p1a: Hippowdon\n|turn|7\n|\n|t:|1699864902\n|move|p2a: Xatu|Feather Dance|p1a: Hippowdon\n|-unboost|p1a: Hippowdon|atk|2\n|move|p1a: Hippowdon|Yawn|p2a: Xatu\n|move|p2a: Xatu|Yawn|p1a: Hippowdon|[from]ability: Magic Bounce\n|-start|p1a: Hippowdon|move: Yawn|[of] p2a: Xatu\n|\n|-weather|Sandstorm|[upkeep]\n|-damage|p2a: Xatu|95\/100|[from] Sandstorm\n|-heal|p2a: Xatu|100\/100|[from] item: Leftovers\n|upkeep\n|turn|8\n|\n|t:|1699864908\n|switch|p1a: Dracovish|Dracovish, shiny|100\/100\n|move|p2a: Xatu|Feather Dance|p1a: Dracovish\n|-unboost|p1a: Dracovish|atk|2\n|\n|-weather|Sandstorm|[upkeep]\n|-damage|p2a: Xatu|95\/100|[from] Sandstorm\n|-heal|p2a: Xatu|100\/100|[from] item: Leftovers\n|upkeep\n|turn|9\n|\n|t:|1699864914\n|move|p2a: Xatu|Protect|p2a: Xatu\n|-singleturn|p2a: Xatu|Protect\n|move|p1a: Dracovish|Fishious Rend|p2a: Xatu\n|-activate|p2a: Xatu|move: Protect\n|\n|-weather|Sandstorm|[upkeep]\n|-damage|p2a: Xatu|95\/100|[from] Sandstorm\n|-heal|p2a: Xatu|100\/100|[from] item: Leftovers\n|upkeep\n|turn|10\n|\n|t:|1699864916\n|switch|p2a: Volcanion|Volcanion|100\/100\n|move|p1a: Dracovish|Fishious Rend|p2a: Volcanion\n|-immune|p2a: Volcanion|[from] ability: Water Absorb\n|\n|-weather|Sandstorm|[upkeep]\n|-damage|p2a: Volcanion|94\/100|[from] Sandstorm\n|upkeep\n|turn|11\n|\n|t:|1699864926\n|switch|p1a: Baxcalibur|Baxcalibur, M|100\/100\n|move|p2a: Volcanion|Steam Eruption|p1a: Baxcalibur\n|-resisted|p1a: Baxcalibur\n|-damage|p1a: Baxcalibur|71\/100\n|\n|-weather|Sandstorm|[upkeep]\n|-damage|p1a: Baxcalibur|64\/100|[from] Sandstorm\n|-damage|p2a: Volcanion|88\/100|[from] Sandstorm\n|upkeep\n|turn|12\n|\n|t:|1699864931\n|move|p1a: Baxcalibur|Dragon Dance|p1a: Baxcalibur\n|-boost|p1a: Baxcalibur|atk|1\n|-boost|p1a: Baxcalibur|spe|1\n|move|p2a: Volcanion|Focus Blast|p1a: Baxcalibur\n|-supereffective|p1a: Baxcalibur\n|-damage|p1a: Baxcalibur|0 fnt\n|faint|p1a: Baxcalibur\n|\n|-weather|Sandstorm|[upkeep]\n|-damage|p2a: Volcanion|82\/100|[from] Sandstorm\n|upkeep\n|l|\u2606miketrash123\n|inactive|miketrash123 disconnected and has a minute to reconnect!\n|player|p1|\n|j|\u2606miketrash123\n|inactive|miketrash123 reconnected and has 105 seconds left.\n|player|p1|miketrash123|volo-ginkgo\n|\n|t:|1699864984\n|switch|p1a: Lugia|Lugia|100\/100\n|turn|13\n|\n|t:|1699865008\n|switch|p2a: Xatu|Xatu, M, shiny|100\/100\n|move|p1a: Lugia|Aeroblast|p2a: Xatu\n|-damage|p2a: Xatu|50\/100\n|\n|-weather|Sandstorm|[upkeep]\n|-damage|p2a: Xatu|44\/100|[from] Sandstorm\n|-damage|p1a: Lugia|94\/100|[from] Sandstorm\n|-heal|p2a: Xatu|50\/100|[from] item: Leftovers\n|-heal|p1a: Lugia|100\/100|[from] item: Leftovers\n|upkeep\n|turn|14\n|\n|t:|1699865012\n|move|p2a: Xatu|Protect|p2a: Xatu\n|-singleturn|p2a: Xatu|Protect\n|move|p1a: Lugia|Aeroblast|p2a: Xatu\n|-activate|p2a: Xatu|move: Protect\n|\n|-weather|none\n|-heal|p2a: Xatu|56\/100|[from] item: Leftovers\n|upkeep\n|turn|15\n|c|\u2606miketrash123|bruh\n|\n|t:|1699865034\n|switch|p2a: Zekrom|Zekrom|100\/100\n|-ability|p2a: Zekrom|Teravolt\n|move|p1a: Lugia|Aeroblast|p2a: Zekrom\n|-resisted|p2a: Zekrom\n|-damage|p2a: Zekrom|84\/100\n|\n|upkeep\n|turn|16\n|\n|t:|1699865044\n|move|p2a: Zekrom|Bolt Strike|p1a: Lugia\n|-supereffective|p1a: Lugia\n|-damage|p1a: Lugia|21\/100\n|-status|p1a: Lugia|par\n|move|p1a: Lugia|Toxic|p2a: Zekrom\n|-status|p2a: Zekrom|tox\n|\n|-heal|p1a: Lugia|27\/100 par|[from] item: Leftovers\n|-damage|p2a: Zekrom|78\/100 tox|[from] psn\n|upkeep\n|turn|17\n|\n|t:|1699865050\n|switch|p1a: Hippowdon|Hippowdon, M, shiny|100\/100\n|-weather|Sandstorm|[from] ability: Sand Stream|[of] p1a: Hippowdon\n|move|p2a: Zekrom|Bolt Strike|p1a: Hippowdon\n|-immune|p1a: Hippowdon\n|\n|-weather|Sandstorm|[upkeep]\n|-damage|p2a: Zekrom|71\/100 tox|[from] Sandstorm\n|-damage|p2a: Zekrom|59\/100 tox|[from] psn\n|upkeep\n|turn|18\n|\n|t:|1699865055\n|switch|p2a: Xatu|Xatu, M, shiny|56\/100\n|move|p1a: Hippowdon|Earthquake|p2a: Xatu\n|-immune|p2a: Xatu\n|\n|-weather|Sandstorm|[upkeep]\n|-damage|p2a: Xatu|50\/100|[from] Sandstorm\n|-heal|p2a: Xatu|56\/100|[from] item: Leftovers\n|upkeep\n|turn|19\n|\n|t:|1699865067\n|switch|p1a: Dracovish|Dracovish, shiny|100\/100\n|move|p2a: Xatu|Feather Dance|p1a: Dracovish\n|-unboost|p1a: Dracovish|atk|2\n|\n|-weather|Sandstorm|[upkeep]\n|-damage|p2a: Xatu|50\/100|[from] Sandstorm\n|-heal|p2a: Xatu|56\/100|[from] item: Leftovers\n|upkeep\n|turn|20\n|c|\u2606miketrash123|!weak water\n|c| miketrash123|\/raw <div class=\"infobox\">Water:<br \/><span class=\"message-effect-weak\">Weaknesses<\/span>: Electric, Grass<br \/><span class=\"message-effect-resist\">Resistances<\/span>: Fire, Ice, Steel, Water<br \/><span class=\"message-effect-immune\">Immunities<\/span>: <font color=#999999>None<\/font><\/div>\n|\n|t:|1699865086\n|move|p2a: Xatu|Protect|p2a: Xatu\n|-singleturn|p2a: Xatu|Protect\n|move|p1a: Dracovish|Stone Edge|p2a: Xatu\n|-activate|p2a: Xatu|move: Protect\n|\n|-weather|Sandstorm|[upkeep]\n|-damage|p2a: Xatu|50\/100|[from] Sandstorm\n|-heal|p2a: Xatu|56\/100|[from] item: Leftovers\n|upkeep\n|turn|21\n|\n|t:|1699865110\n|switch|p2a: Ditto|Ditto|100\/100\n|-transform|p2a: Ditto|p1a: Dracovish|[from] ability: Imposter\n|move|p1a: Dracovish|Stone Edge|p2a: Ditto|[miss]\n|-miss|p1a: Dracovish|p2a: Ditto\n|\n|-weather|Sandstorm|[upkeep]\n|upkeep\n|turn|22\n|\n|t:|1699865122\n|move|p2a: Ditto|Leech Life|p1a: Dracovish\n|-damage|p1a: Dracovish|88\/100\n|move|p1a: Dracovish|Stone Edge|p2a: Ditto\n|-damage|p2a: Ditto|75\/100\n|\n|-weather|Sandstorm|[upkeep]\n|upkeep\n|turn|23\n|\n|t:|1699865130\n|switch|p1a: Kangaskhan|Kangaskhan, F|100\/100\n|move|p2a: Ditto|Stone Edge|p1a: Kangaskhan\n|-damage|p1a: Kangaskhan|84\/100\n|\n|-weather|Sandstorm|[upkeep]\n|-damage|p1a: Kangaskhan|78\/100|[from] Sandstorm\n|upkeep\n|turn|24\n|\n|t:|1699865137\n|switch|p2a: Xatu|Xatu, M, shiny|56\/100\n|detailschange|p1a: Kangaskhan|Kangaskhan-Mega, F\n|-mega|p1a: Kangaskhan|Kangaskhan|Kangaskhanite\n|move|p1a: Kangaskhan|Power-Up Punch|p2a: Xatu\n|-resisted|p2a: Xatu\n|-damage|p2a: Xatu|51\/100\n|-boost|p1a: Kangaskhan|atk|1\n|-resisted|p2a: Xatu\n|-damage|p2a: Xatu|48\/100\n|-boost|p1a: Kangaskhan|atk|1\n|-hitcount|p2a: Xatu|2\n|\n|-weather|none\n|-heal|p2a: Xatu|54\/100|[from] item: Leftovers\n|upkeep\n|turn|25\n|\n|t:|1699865146\n|move|p1a: Kangaskhan|Sucker Punch||[still]\n|-fail|p1a: Kangaskhan\n|move|p2a: Xatu|Feather Dance|p1a: Kangaskhan\n|-unboost|p1a: Kangaskhan|atk|2\n|\n|-heal|p2a: Xatu|60\/100|[from] item: Leftovers\n|upkeep\n|turn|26\n|\n|t:|1699865150\n|move|p2a: Xatu|Feather Dance|p1a: Kangaskhan\n|-unboost|p1a: Kangaskhan|atk|2\n|move|p1a: Kangaskhan|Power-Up Punch|p2a: Xatu\n|-resisted|p2a: Xatu\n|-damage|p2a: Xatu|57\/100\n|-boost|p1a: Kangaskhan|atk|1\n|-resisted|p2a: Xatu\n|-crit|p2a: Xatu\n|-damage|p2a: Xatu|55\/100\n|-boost|p1a: Kangaskhan|atk|1\n|-hitcount|p2a: Xatu|2\n|\n|-heal|p2a: Xatu|61\/100|[from] item: Leftovers\n|upkeep\n|turn|27\n|\n|t:|1699865153\n|move|p2a: Xatu|Feather Dance|p1a: Kangaskhan\n|-unboost|p1a: Kangaskhan|atk|2\n|move|p1a: Kangaskhan|Power-Up Punch|p2a: Xatu\n|-resisted|p2a: Xatu\n|-damage|p2a: Xatu|58\/100\n|-boost|p1a: Kangaskhan|atk|1\n|-resisted|p2a: Xatu\n|-damage|p2a: Xatu|58\/100\n|-boost|p1a: Kangaskhan|atk|1\n|-hitcount|p2a: Xatu|2\n|\n|-heal|p2a: Xatu|64\/100|[from] item: Leftovers\n|upkeep\n|turn|28\n|\n|t:|1699865155\n|move|p2a: Xatu|Feather Dance|p1a: Kangaskhan\n|-unboost|p1a: Kangaskhan|atk|2\n|move|p1a: Kangaskhan|Power-Up Punch|p2a: Xatu\n|-resisted|p2a: Xatu\n|-damage|p2a: Xatu|61\/100\n|-boost|p1a: Kangaskhan|atk|1\n|-resisted|p2a: Xatu\n|-damage|p2a: Xatu|60\/100\n|-boost|p1a: Kangaskhan|atk|1\n|-hitcount|p2a: Xatu|2\n|\n|-heal|p2a: Xatu|66\/100|[from] item: Leftovers\n|upkeep\n|turn|29\n|\n|t:|1699865159\n|move|p2a: Xatu|Feather Dance|p1a: Kangaskhan\n|-unboost|p1a: Kangaskhan|atk|2\n|move|p1a: Kangaskhan|Power-Up Punch|p2a: Xatu\n|-resisted|p2a: Xatu\n|-damage|p2a: Xatu|63\/100\n|-boost|p1a: Kangaskhan|atk|1\n|-resisted|p2a: Xatu\n|-damage|p2a: Xatu|62\/100\n|-boost|p1a: Kangaskhan|atk|1\n|-hitcount|p2a: Xatu|2\n|\n|-heal|p2a: Xatu|68\/100|[from] item: Leftovers\n|upkeep\n|turn|30\n|\n|t:|1699865164\n|switch|p1a: Lugia|Lugia|27\/100 par\n|move|p2a: Xatu|Feather Dance|p1a: Lugia\n|-unboost|p1a: Lugia|atk|2\n|\n|-heal|p2a: Xatu|74\/100|[from] item: Leftovers\n|-heal|p1a: Lugia|33\/100 par|[from] item: Leftovers\n|upkeep\n|turn|31\n|\n|t:|1699865168\n|move|p2a: Xatu|Dazzling Gleam|p1a: Lugia\n|-damage|p1a: Lugia|21\/100 par\n|cant|p1a: Lugia|par\n|\n|-heal|p2a: Xatu|80\/100|[from] item: Leftovers\n|-heal|p1a: Lugia|27\/100 par|[from] item: Leftovers\n|upkeep\n|turn|32\n|\n|t:|1699865171\n|move|p2a: Xatu|Dazzling Gleam|p1a: Lugia\n|-damage|p1a: Lugia|15\/100 par\n|move|p1a: Lugia|Recover|p1a: Lugia\n|-heal|p1a: Lugia|65\/100 par\n|\n|-heal|p2a: Xatu|86\/100|[from] item: Leftovers\n|-heal|p1a: Lugia|72\/100 par|[from] item: Leftovers\n|upkeep\n|turn|33\n|\n|t:|1699865176\n|switch|p2a: Malamar|Malamar, M|100\/100\n|move|p1a: Lugia|Recover|p1a: Lugia\n|-heal|p1a: Lugia|100\/100 par\n|\n|upkeep\n|turn|34\n|\n|t:|1699865181\n|move|p2a: Malamar|Acupressure|p2a: Malamar\n|-boost|p2a: Malamar|evasion|2\n|move|p1a: Lugia|Toxic|p2a: Malamar|[miss]\n|-miss|p1a: Lugia|p2a: Malamar\n|\n|upkeep\n|turn|35\n|\n|t:|1699865186\n|move|p2a: Malamar|Acupressure|p2a: Malamar\n|-boost|p2a: Malamar|accuracy|2\n|move|p1a: Lugia|Toxic|p2a: Malamar|[miss]\n|-miss|p1a: Lugia|p2a: Malamar\n|\n|upkeep\n|turn|36\n|\n|t:|1699865189\n|move|p2a: Malamar|Acupressure|p2a: Malamar\n|-boost|p2a: Malamar|atk|2\n|cant|p1a: Lugia|par\n|\n|upkeep\n|turn|37\n|c|\u2606miketrash123|lucky\n|\n|t:|1699865197\n|move|p2a: Malamar|Acupressure|p2a: Malamar\n|-boost|p2a: Malamar|spd|2\n|move|p1a: Lugia|Toxic|p2a: Malamar|[miss]\n|-miss|p1a: Lugia|p2a: Malamar\n|\n|upkeep\n|turn|38\n|c|\u2606miketrash123|wow\n|\n|t:|1699865204\n|move|p2a: Malamar|Acupressure|p2a: Malamar\n|-boost|p2a: Malamar|accuracy|2\n|cant|p1a: Lugia|par\n|\n|upkeep\n|turn|39\n|\n|t:|1699865209\n|move|p2a: Malamar|Acupressure|p2a: Malamar\n|-boost|p2a: Malamar|spe|2\n|move|p1a: Lugia|Toxic|p2a: Malamar|[miss]\n|-miss|p1a: Lugia|p2a: Malamar\n|\n|upkeep\n|turn|40\n|\n|t:|1699865213\n|move|p2a: Malamar|Acupressure|p2a: Malamar\n|-boost|p2a: Malamar|evasion|2\n|move|p1a: Lugia|Toxic|p2a: Malamar|[miss]\n|-miss|p1a: Lugia|p2a: Malamar\n|\n|upkeep\n|turn|41\n|\n|t:|1699865218\n|move|p2a: Malamar|Acupressure|p2a: Malamar\n|-boost|p2a: Malamar|spd|2\n|move|p1a: Lugia|Toxic|p2a: Malamar|[miss]\n|-miss|p1a: Lugia|p2a: Malamar\n|\n|upkeep\n|turn|42\n|c|\u2606miketrash123|seriously feels like hacking lol\n|\n|t:|1699865227\n|move|p2a: Malamar|Acupressure|p2a: Malamar\n|-boost|p2a: Malamar|evasion|2\n|move|p1a: Lugia|Toxic|p2a: Malamar|[miss]\n|-miss|p1a: Lugia|p2a: Malamar\n|\n|upkeep\n|turn|43\n|c|\u2606Garchomp8000|\"Hacking\"\n|\n|t:|1699865233\n|move|p2a: Malamar|Acupressure|p2a: Malamar\n|-boost|p2a: Malamar|spa|2\n|move|p1a: Lugia|Defog|p2a: Malamar\n|-unboost|p2a: Malamar|evasion|1\n|\n|upkeep\n|turn|44\n|\n|t:|1699865240\n|move|p2a: Malamar|Stored Power|p1a: Lugia\n|-resisted|p1a: Lugia\n|-damage|p1a: Lugia|76\/100 par\n|move|p1a: Lugia|Defog|p2a: Malamar\n|-unboost|p2a: Malamar|evasion|1\n|\n|-heal|p1a: Lugia|83\/100 par|[from] item: Leftovers\n|upkeep\n|turn|45\n|\n|t:|1699865243\n|-terastallize|p1a: Lugia|Dark\n|move|p2a: Malamar|Acupressure|p2a: Malamar\n|-boost|p2a: Malamar|evasion|2\n|move|p1a: Lugia|Defog|p2a: Malamar\n|-unboost|p2a: Malamar|evasion|1\n|\n|-heal|p1a: Lugia|89\/100 par|[from] item: Leftovers\n|upkeep\n|turn|46\n|\n|t:|1699865250\n|move|p2a: Malamar|Acupressure|p2a: Malamar\n|-boost|p2a: Malamar|evasion|1\n|cant|p1a: Lugia|par\n|\n|-heal|p1a: Lugia|95\/100 par|[from] item: Leftovers\n|upkeep\n|turn|47\n|\n|t:|1699865255\n|move|p2a: Malamar|Acupressure|p2a: Malamar\n|-boost|p2a: Malamar|atk|2\n|cant|p1a: Lugia|par\n|\n|-heal|p1a: Lugia|100\/100 par|[from] item: Leftovers\n|upkeep\n|turn|48\n|c|\u2606miketrash123|wow\n|\n|t:|1699865260\n|move|p2a: Malamar|Acupressure|p2a: Malamar\n|-boost|p2a: Malamar|def|2\n|move|p1a: Lugia|Defog|p2a: Malamar\n|-unboost|p2a: Malamar|evasion|1\n|\n|upkeep\n|turn|49\n|\n|t:|1699865265\n|move|p2a: Malamar|Acupressure|p2a: Malamar\n|-boost|p2a: Malamar|accuracy|2\n|move|p1a: Lugia|Defog|p2a: Malamar\n|-unboost|p2a: Malamar|evasion|1\n|\n|upkeep\n|turn|50\n|\n|t:|1699865269\n|move|p2a: Malamar|Acupressure|p2a: Malamar\n|-boost|p2a: Malamar|atk|2\n|cant|p1a: Lugia|par\n|\n|upkeep\n|turn|51\n|\n|t:|1699865273\n|move|p2a: Malamar|Acupressure|p2a: Malamar\n|-boost|p2a: Malamar|spa|2\n|move|p1a: Lugia|Defog|p2a: Malamar\n|-unboost|p2a: Malamar|evasion|1\n|\n|upkeep\n|turn|52\n|\n|t:|1699865277\n|move|p2a: Malamar|Acupressure|p2a: Malamar\n|-boost|p2a: Malamar|spd|2\n|move|p1a: Lugia|Defog|p2a: Malamar\n|-unboost|p2a: Malamar|evasion|1\n|\n|upkeep\n|turn|53\n|\n|t:|1699865281\n|move|p2a: Malamar|Acupressure|p2a: Malamar\n|-boost|p2a: Malamar|spe|2\n|move|p1a: Lugia|Defog|p2a: Malamar\n|-unboost|p2a: Malamar|evasion|1\n|\n|upkeep\n|turn|54\n|\n|t:|1699865290\n|move|p2a: Malamar|Acupressure|p2a: Malamar\n|-boost|p2a: Malamar|def|2\n|move|p1a: Lugia|Defog|p2a: Malamar\n|-unboost|p2a: Malamar|evasion|1\n|\n|upkeep\n|turn|55\n|\n|t:|1699865301\n|move|p2a: Malamar|Acupressure|p2a: Malamar\n|-boost|p2a: Malamar|def|2\n|cant|p1a: Lugia|par\n|\n|upkeep\n|turn|56\n|j| 1 em trach thu\n|\n|t:|1699865306\n|move|p2a: Malamar|Acupressure|p2a: Malamar\n|-boost|p2a: Malamar|evasion|2\n|move|p1a: Lugia|Toxic|p2a: Malamar\n|-status|p2a: Malamar|tox\n|\n|-damage|p2a: Malamar|94\/100 tox|[from] psn\n|upkeep\n|turn|57\n|\n|t:|1699865320\n|move|p2a: Malamar|Acupressure|p2a: Malamar\n|-boost|p2a: Malamar|spa|2\n|move|p1a: Lugia|Aeroblast|p2a: Malamar|[miss]\n|-miss|p1a: Lugia|p2a: Malamar\n|\n|-damage|p2a: Malamar|82\/100 tox|[from] psn\n|upkeep\n|turn|58\n|\n|t:|1699865327\n|move|p2a: Malamar|Acupressure|p2a: Malamar\n|-boost|p2a: Malamar|evasion|2\n|move|p1a: Lugia|Defog|p2a: Malamar\n|-unboost|p2a: Malamar|evasion|1\n|\n|-damage|p2a: Malamar|64\/100 tox|[from] psn\n|upkeep\n|turn|59\n|\n|t:|1699865336\n|move|p2a: Malamar|Rest|p2a: Malamar\n|-status|p2a: Malamar|slp|[from] move: Rest\n|-heal|p2a: Malamar|100\/100 slp|[silent]\n|move|p1a: Lugia|Defog|p2a: Malamar\n|-unboost|p2a: Malamar|evasion|1\n|\n|upkeep\n|turn|60\n|\n|t:|1699865344\n|cant|p2a: Malamar|slp\n|cant|p1a: Lugia|par\n|\n|upkeep\n|turn|61\n|c|\u2606miketrash123|jeses\n|\n|t:|1699865349\n|switch|p1a: Kangaskhan|Kangaskhan-Mega, F|78\/100\n|cant|p2a: Malamar|slp\n|\n|upkeep\n|turn|62\n|c|\u2606Garchomp8000|B\/\n|\n|t:|1699865355\n|-curestatus|p2a: Malamar|slp|[msg]\n|move|p2a: Malamar|Acupressure|p2a: Malamar\n|-boost|p2a: Malamar|evasion|2\n|move|p1a: Kangaskhan|Power-Up Punch|p2a: Malamar\n|-damage|p2a: Malamar|98\/100\n|-boost|p1a: Kangaskhan|atk|1\n|-damage|p2a: Malamar|97\/100\n|-boost|p1a: Kangaskhan|atk|1\n|-hitcount|p2a: Malamar|2\n|\n|upkeep\n|turn|63\n|\n|t:|1699865362\n|-terastallize|p2a: Malamar|Ghost\n|move|p1a: Kangaskhan|Sucker Punch||[still]\n|-fail|p1a: Kangaskhan\n|move|p2a: Malamar|Acupressure|p2a: Malamar\n|-boost|p2a: Malamar|spe|2\n|\n|upkeep\n|turn|64\n|\n|t:|1699865368\n|move|p2a: Malamar|Acupressure|p2a: Malamar\n|-boost|p2a: Malamar|evasion|2\n|move|p1a: Kangaskhan|Earthquake|p2a: Malamar|[miss]\n|-miss|p1a: Kangaskhan|p2a: Malamar\n|\n|upkeep\n|turn|65\n|\n|t:|1699865374\n|move|p2a: Malamar|Stored Power|p1a: Kangaskhan\n|-damage|p1a: Kangaskhan|0 fnt\n|faint|p1a: Kangaskhan\n|\n|upkeep\n|c|\u2606miketrash123|i quit\n|c|\u2606miketrash123|lol\n|c|\u2606Garchomp8000|LOL\n|-message|miketrash123 forfeited.\n|\n|win|Garchomp8000\n|raw|miketrash123's rating: 1304 &rarr; <strong>1288<\/strong><br \/>(-16 for losing)\n|raw|Garchomp8000's rating: 1377 &rarr; <strong>1393<\/strong><br \/>(+16 for winning)\n|l|\u2606miketrash123\n|c|\u2606Garchomp8000|GG\n","uploadtime":1699865391,"views":5,"p1id":"miketrash123","p2id":"garchomp8000","formatid":"gen9nationaldexubers","rating":1288,"private":0,"password":""}