{"id":"gen9nationaldexubers-1982182254","p1":"Steven Stone 007","p2":"Edras16","format":"[Gen 9] National Dex Ubers","log":"|j|\u2606Steven Stone 007\n|j|\u2606Edras16\n|t:|1698976457\n|gametype|singles\n|player|p1|Steven Stone 007|steven|\n|player|p2|Edras16|steven|\n|teamsize|p1|6\n|teamsize|p2|6\n|gen|9\n|tier|[Gen 9] National Dex Ubers\n|rule|HP Percentage Mod: HP is shown in percentages\n|rule|Endless Battle Clause: Forcing endless battles is banned\n|rule|OHKO Clause: OHKO moves are banned\n|rule|Evasion Moves Clause: Evasion moves are banned\n|rule|Evasion Items Clause: Evasion items are banned\n|rule|Species Clause: Limit one of each Pok\u00e9mon\n|rule|Sleep Clause Mod: Limit one foe put to sleep\n|rule|Mega Rayquaza Clause: You cannot mega evolve Rayquaza\n|clearpoke\n|poke|p1|Mamoswine, M|\n|poke|p1|Dragapult, F|\n|poke|p1|Cresselia, F|\n|poke|p1|Ferrothorn, M|\n|poke|p1|Milotic, M|\n|poke|p1|Lopunny, M|\n|poke|p2|Deoxys-Speed|\n|poke|p2|Tapu Lele|\n|poke|p2|Gallade, M|\n|poke|p2|Polteageist|\n|poke|p2|Victini|\n|poke|p2|Hoopa|\n|teampreview\n|inactive|Battle timer is ON: inactive players will automatically lose when time's up. (requested by Edras16)\n|\n|t:|1698976463\n|start\n|switch|p1a: Lopunny|Lopunny, M|100\/100\n|switch|p2a: Deoxys|Deoxys-Speed|100\/100\n|-ability|p2a: Deoxys|Pressure\n|turn|1\n|\n|t:|1698976477\n|switch|p2a: Tapu Lele|Tapu Lele|100\/100\n|-fieldstart|move: Psychic Terrain|[from] ability: Psychic Surge|[of] p2a: Tapu Lele\n|detailschange|p1a: Lopunny|Lopunny-Mega, M\n|-mega|p1a: Lopunny|Lopunny|Lopunnite\n|move|p1a: Lopunny|Fake Out|p2a: Tapu Lele\n|-activate|p2a: Tapu Lele|move: Psychic Terrain\n|\n|upkeep\n|turn|2\n|\n|t:|1698976482\n|move|p2a: Tapu Lele|Focus Blast|p1a: Lopunny\n|-supereffective|p1a: Lopunny\n|-damage|p1a: Lopunny|0 fnt\n|faint|p1a: Lopunny\n|\n|upkeep\n|\n|t:|1698976486\n|switch|p1a: Dragapult|Dragapult, F|100\/100\n|turn|3\n|inactive|Edras16 has 270 seconds left.\n|inactive|Edras16 has 240 seconds left.\n|\n|t:|1698976550\n|switch|p2a: Hoopa|Hoopa|100\/100\n|move|p1a: Dragapult|Substitute|p1a: Dragapult\n|-start|p1a: Dragapult|Substitute\n|-damage|p1a: Dragapult|76\/100\n|\n|-heal|p1a: Dragapult|82\/100|[from] item: Leftovers\n|upkeep\n|turn|4\n|\n|t:|1698976557\n|move|p2a: Hoopa|Psyshock|p1a: Dragapult\n|-end|p1a: Dragapult|Substitute\n|move|p1a: Dragapult|Dragon Darts|p2a: Hoopa\n|-damage|p2a: Hoopa|54\/100\n|-anim|p1a: Dragapult|Dragon Darts|p2a: Hoopa\n|-damage|p2a: Hoopa|10\/100\n|\n|-heal|p1a: Dragapult|88\/100|[from] item: Leftovers\n|upkeep\n|turn|5\n|\n|t:|1698976564\n|move|p2a: Hoopa|Psyshock|p1a: Dragapult\n|-damage|p1a: Dragapult|2\/100\n|move|p1a: Dragapult|Dragon Dance|p1a: Dragapult\n|-boost|p1a: Dragapult|atk|1\n|-boost|p1a: Dragapult|spe|1\n|\n|-heal|p1a: Dragapult|8\/100|[from] item: Leftovers\n|-fieldend|move: Psychic Terrain\n|upkeep\n|turn|6\n|\n|t:|1698976569\n|move|p1a: Dragapult|Dragon Darts|p2a: Hoopa\n|-damage|p2a: Hoopa|0 fnt\n|faint|p2a: Hoopa\n|\n|-heal|p1a: Dragapult|14\/100|[from] item: Leftovers\n|upkeep\n|\n|t:|1698976576\n|switch|p2a: Tapu Lele|Tapu Lele|100\/100\n|-fieldstart|move: Psychic Terrain|[from] ability: Psychic Surge|[of] p2a: Tapu Lele\n|turn|7\n|inactive|Edras16 has 270 seconds left.\n|\n|t:|1698976590\n|switch|p2a: Polteageist|Polteageist|100\/100\n|move|p1a: Dragapult|Tera Blast|p2a: Polteageist\n|-immune|p2a: Polteageist\n|\n|-heal|p1a: Dragapult|20\/100|[from] item: Leftovers\n|upkeep\n|turn|8\n|\n|t:|1698976597\n|move|p1a: Dragapult|Dragon Darts|p2a: Polteageist\n|-damage|p2a: Polteageist|29\/100\n|-ability|p2a: Polteageist|Weak Armor|boost\n|-unboost|p2a: Polteageist|def|1\n|-boost|p2a: Polteageist|spe|2\n|-anim|p1a: Dragapult|Dragon Darts|p2a: Polteageist\n|-damage|p2a: Polteageist|0 fnt\n|faint|p2a: Polteageist\n|\n|-heal|p1a: Dragapult|26\/100|[from] item: Leftovers\n|upkeep\n|inactive|Edras16 has 270 seconds left.\n|\n|t:|1698976609\n|switch|p2a: Victini|Victini|100\/100\n|turn|9\n|inactive|Edras16 has 270 seconds left.\n|\n|t:|1698976619\n|move|p1a: Dragapult|Dragon Darts|p2a: Victini\n|-damage|p2a: Victini|62\/100\n|-anim|p1a: Dragapult|Dragon Darts|p2a: Victini\n|-damage|p2a: Victini|18\/100\n|move|p2a: Victini|Stored Power|p1a: Dragapult\n|-damage|p1a: Dragapult|12\/100\n|\n|-heal|p1a: Dragapult|18\/100|[from] item: Leftovers\n|upkeep\n|turn|10\n|\n|t:|1698976638\n|move|p1a: Dragapult|Dragon Darts|p2a: Victini\n|-damage|p2a: Victini|0 fnt\n|faint|p2a: Victini\n|\n|-heal|p1a: Dragapult|24\/100|[from] item: Leftovers\n|upkeep\n|\n|t:|1698976642\n|switch|p2a: Gallade|Gallade, M|100\/100\n|turn|11\n|inactive|Steven Stone 007 has 270 seconds left.\n|\n|t:|1698976679\n|detailschange|p2a: Gallade|Gallade-Mega, M\n|-mega|p2a: Gallade|Gallade|Galladite\n|move|p1a: Dragapult|Dragon Darts|p2a: Gallade\n|-damage|p2a: Gallade|45\/100\n|-anim|p1a: Dragapult|Dragon Darts|p2a: Gallade\n|-damage|p2a: Gallade|0 fnt\n|faint|p2a: Gallade\n|\n|-heal|p1a: Dragapult|30\/100|[from] item: Leftovers\n|-fieldend|move: Psychic Terrain\n|upkeep\n|\n|t:|1698976693\n|switch|p2a: Deoxys|Deoxys-Speed|100\/100\n|-ability|p2a: Deoxys|Pressure\n|turn|12\n|j| AlolanSandslashOU\n|c|\u2606Edras16|Gg\n|inactive|Steven Stone 007 has 270 seconds left.\n|\n|t:|1698976704\n|move|p1a: Dragapult|Dragon Darts|p2a: Deoxys\n|-damage|p2a: Deoxys|53\/100\n|-anim|p1a: Dragapult|Dragon Darts|p2a: Deoxys\n|-damage|p2a: Deoxys|1\/100\n|move|p2a: Deoxys|Skill Swap|p1a: Dragapult\n|-activate|p2a: Deoxys|move: Skill Swap|Infiltrator|Pressure|[of] p1a: Dragapult\n|-ability|p1a: Dragapult|Pressure\n|\n|-heal|p1a: Dragapult|36\/100|[from] item: Leftovers\n|upkeep\n|turn|13\n|\n|t:|1698976716\n|move|p1a: Dragapult|Substitute|p1a: Dragapult\n|-start|p1a: Dragapult|Substitute\n|-damage|p1a: Dragapult|11\/100\n|move|p2a: Deoxys|Stealth Rock|p1a: Dragapult\n|-sidestart|p1: Steven Stone 007|move: Stealth Rock\n|\n|-heal|p1a: Dragapult|17\/100|[from] item: Leftovers\n|upkeep\n|turn|14\n|c|\u2606Edras16|I just realized how fucking stupid i am\n|inactive|Steven Stone 007 has 270 seconds left.\n|\n|t:|1698976738\n|move|p1a: Dragapult|Dragon Dance|p1a: Dragapult\n|-boost|p1a: Dragapult|atk|1\n|-boost|p1a: Dragapult|spe|1\n|move|p2a: Deoxys|Spikes|p1a: Dragapult\n|-sidestart|p1: Steven Stone 007|Spikes\n|\n|-heal|p1a: Dragapult|23\/100|[from] item: Leftovers\n|upkeep\n|turn|15\n|c|\u2606Edras16|I should quit pokemkn\n|l| AlolanSandslashOU\n|inactive|Edras16 has 270 seconds left.\n|c|\u2606Steven Stone 007|Sorry I read it all now\n|l|\u2606Edras16\n|inactive|Edras16 disconnected and has 300 seconds to reconnect!\n|player|p2|\n|j|\u2606Edras16\n|inactive|Edras16 reconnected and has 255 seconds left.\n|player|p2|Edras16|steven\n|\n|t:|1698976815\n|move|p1a: Dragapult|Dragon Darts|p2a: Deoxys\n|-damage|p2a: Deoxys|0 fnt\n|faint|p2a: Deoxys\n|\n|-heal|p1a: Dragapult|29\/100|[from] item: Leftovers\n|upkeep\n|inactive|Edras16 has 240 seconds left.\n|c|\u2606Edras16|Gg\n|\n|t:|1698976838\n|switch|p2a: Tapu Lele|Tapu Lele|100\/100\n|-fieldstart|move: Psychic Terrain|[from] ability: Psychic Surge|[of] p2a: Tapu Lele\n|turn|16\n|inactive|Edras16 has 240 seconds left.\n|\n|t:|1698976854\n|switch|p1a: Mamoswine|Mamoswine, M|100\/100\n|move|p2a: Tapu Lele|Psychic|p1a: Mamoswine\n|-damage|p1a: Mamoswine|15\/100\n|\n|upkeep\n|turn|17\n|\n|t:|1698976872\n|move|p2a: Tapu Lele|Psychic|p1a: Mamoswine\n|-damage|p1a: Mamoswine|0 fnt\n|faint|p1a: Mamoswine\n|\n|upkeep\n|j| AlolanSandslashOU\n|\n|t:|1698976875\n|switch|p1a: Milotic|Milotic, M|100\/100\n|turn|18\n|\n|t:|1698976878\n|move|p2a: Tapu Lele|Psychic|p1a: Milotic\n|-damage|p1a: Milotic|68\/100\n|move|p1a: Milotic|Mirror Coat|p2a: Tapu Lele\n|-damage|p2a: Tapu Lele|10\/100\n|\n|upkeep\n|turn|19\n|inactive|Edras16 has 270 seconds left.\n|\n|t:|1698976883\n|move|p2a: Tapu Lele|Psychic|p1a: Milotic\n|-damage|p1a: Milotic|30\/100\n|move|p1a: Milotic|Mirror Coat|p2a: Tapu Lele\n|-damage|p2a: Tapu Lele|0 fnt\n|faint|p2a: Tapu Lele\n|\n|win|Steven Stone 007\n","uploadtime":1698976895,"views":8,"p1id":"stevenstone007","p2id":"edras16","formatid":"gen9nationaldexubers","rating":0,"private":0,"password":""}