{"id":"gen9nationaldexubers-1991107823","p1":"ib71","p2":"Siyah31","format":"[Gen 9] National Dex Ubers","log":"|j|\u2606ib71\n|j|\u2606Siyah31\n|t:|1700044083\n|gametype|singles\n|player|p1|ib71|steven|1095\n|player|p2|Siyah31|bruno-gen3|1180\n|teamsize|p1|6\n|teamsize|p2|6\n|gen|9\n|tier|[Gen 9] National Dex Ubers\n|rated|\n|rule|HP Percentage Mod: HP is shown in percentages\n|rule|Endless Battle Clause: Forcing endless battles is banned\n|rule|OHKO Clause: OHKO moves are banned\n|rule|Evasion Moves Clause: Evasion moves are banned\n|rule|Evasion Items Clause: Evasion items are banned\n|rule|Species Clause: Limit one of each Pok\u00e9mon\n|rule|Sleep Clause Mod: Limit one foe put to sleep\n|rule|Mega Rayquaza Clause: You cannot mega evolve Rayquaza\n|clearpoke\n|poke|p1|Kommo-o, M|\n|poke|p1|Zygarde|\n|poke|p1|Victini|\n|poke|p1|Metagross|\n|poke|p1|Necrozma-Dawn-Wings|\n|poke|p1|Kyurem-White|\n|poke|p2|Bronzong|\n|poke|p2|Mandibuzz, F|\n|poke|p2|Lugia|\n|poke|p2|Clodsire, F|\n|poke|p2|Chansey, F|\n|poke|p2|Blastoise, M|\n|teampreview\n|\n|t:|1700044089\n|start\n|switch|p1a: Victini|Victini|100\/100\n|switch|p2a: Bronzong|Bronzong|100\/100\n|turn|1\n|\n|t:|1700044101\n|switch|p2a: Mandibuzz|Mandibuzz, F|100\/100\n|move|p1a: Victini|V-create|p2a: Mandibuzz\n|-damage|p2a: Mandibuzz|65\/100\n|-unboost|p1a: Victini|spe|1\n|-unboost|p1a: Victini|def|1\n|-unboost|p1a: Victini|spd|1\n|\n|upkeep\n|turn|2\n|\n|t:|1700044107\n|move|p2a: Mandibuzz|Foul Play|p1a: Victini\n|-supereffective|p1a: Victini\n|-damage|p1a: Victini|10\/100\n|move|p1a: Victini|Bolt Strike|p2a: Mandibuzz\n|-supereffective|p2a: Mandibuzz\n|-damage|p2a: Mandibuzz|25\/100\n|\n|-heal|p1a: Victini|16\/100|[from] item: Leftovers\n|upkeep\n|turn|3\n|\n|t:|1700044117\n|move|p2a: Mandibuzz|Foul Play|p1a: Victini\n|-supereffective|p1a: Victini\n|-damage|p1a: Victini|0 fnt\n|faint|p1a: Victini\n|\n|upkeep\n|\n|t:|1700044121\n|switch|p1a: Kyurem|Kyurem-White|100\/100\n|-ability|p1a: Kyurem|Turboblaze\n|turn|4\n|inactive|Battle timer is ON: inactive players will automatically lose when time's up. (requested by ib71)\n|c|\u2606ib71|playyyyyyyyyyyyyyyy fat\n|\n|t:|1700044157\n|switch|p2a: Chansey|Chansey, F|100\/100\n|move|p1a: Kyurem|Fusion Flare|p2a: Chansey\n|-crit|p2a: Chansey\n|-damage|p2a: Chansey|86\/100\n|\n|upkeep\n|turn|5\n|\n|t:|1700044164\n|switch|p1a: Metagross|Metagross|100\/100\n|move|p2a: Chansey|Protect||[still]\n|-fail|p2a: Chansey\n|\n|upkeep\n|turn|6\n|\n|t:|1700044187\n|switch|p2a: Clodsire|Clodsire, F|100\/100\n|detailschange|p1a: Metagross|Metagross-Mega\n|-mega|p1a: Metagross|Metagross|Metagrossite\n|move|p1a: Metagross|Zen Headbutt|p2a: Clodsire\n|-supereffective|p2a: Clodsire\n|-damage|p2a: Clodsire|0 fnt\n|faint|p2a: Clodsire\n|\n|upkeep\n|c|\u2606ib71|bdu\n|\n|t:|1700044194\n|switch|p2a: Blastoise|Blastoise, M|100\/100\n|turn|7\n|\n|t:|1700044201\n|detailschange|p2a: Blastoise|Blastoise-Mega, M\n|-mega|p2a: Blastoise|Blastoise|Blastoisinite\n|move|p1a: Metagross|Ice Punch|p2a: Blastoise\n|-resisted|p2a: Blastoise\n|-damage|p2a: Blastoise|85\/100\n|-status|p2a: Blastoise|frz\n|cant|p2a: Blastoise|frz\n|\n|upkeep\n|turn|8\n|\n|t:|1700044215\n|switch|p2a: Chansey|Chansey, F|86\/100\n|move|p1a: Metagross|Meteor Mash|p2a: Chansey|[miss]\n|-miss|p1a: Metagross|p2a: Chansey\n|\n|upkeep\n|turn|9\n|\n|t:|1700044226\n|move|p1a: Metagross|Zen Headbutt|p2a: Chansey\n|-damage|p2a: Chansey|49\/100\n|move|p2a: Chansey|Heal Bell|p2a: Chansey\n|-activate|p2a: Chansey|move: Heal Bell\n|-curestatus|p2: Blastoise|frz|[msg]\n|\n|upkeep\n|turn|10\n|\n|t:|1700044233\n|switch|p2a: Blastoise|Blastoise-Mega, M|85\/100\n|move|p1a: Metagross|Zen Headbutt|p2a: Blastoise\n|-damage|p2a: Blastoise|37\/100\n|\n|upkeep\n|turn|11\n|\n|t:|1700044240\n|move|p1a: Metagross|Zen Headbutt|p2a: Blastoise|[miss]\n|-miss|p1a: Metagross|p2a: Blastoise\n|move|p2a: Blastoise|Earthquake|p1a: Metagross\n|-supereffective|p1a: Metagross\n|-damage|p1a: Metagross|68\/100\n|\n|upkeep\n|turn|12\n|\n|t:|1700044246\n|move|p1a: Metagross|Zen Headbutt|p2a: Blastoise\n|-crit|p2a: Blastoise\n|-damage|p2a: Blastoise|0 fnt\n|faint|p2a: Blastoise\n|\n|upkeep\n|\n|t:|1700044251\n|switch|p2a: Mandibuzz|Mandibuzz, F|25\/100\n|turn|13\n|\n|t:|1700044253\n|move|p1a: Metagross|Zen Headbutt|p2a: Mandibuzz\n|-immune|p2a: Mandibuzz\n|move|p2a: Mandibuzz|Roost|p2a: Mandibuzz\n|-heal|p2a: Mandibuzz|75\/100\n|-singleturn|p2a: Mandibuzz|move: Roost\n|\n|upkeep\n|turn|14\n|\n|t:|1700044262\n|move|p1a: Metagross|Meteor Mash|p2a: Mandibuzz\n|-damage|p2a: Mandibuzz|44\/100\n|move|p2a: Mandibuzz|Foul Play|p1a: Metagross\n|-supereffective|p1a: Metagross\n|-crit|p1a: Metagross\n|-damage|p1a: Metagross|0 fnt\n|faint|p1a: Metagross\n|\n|upkeep\n|c|\u2606Siyah31|switch\n|\n|t:|1700044266\n|switch|p1a: Kommo-o|Kommo-o, M|100\/100\n|turn|15\n|c|\u2606Siyah31|aptal\n|\n|t:|1700044273\n|-zpower|p1a: Kommo-o\n|move|p1a: Kommo-o|Clangorous Soulblaze|p2a: Mandibuzz|[zeffect]\n|-damage|p2a: Mandibuzz|0 fnt\n|faint|p2a: Mandibuzz\n|-boost|p1a: Kommo-o|atk|1\n|-boost|p1a: Kommo-o|def|1\n|-boost|p1a: Kommo-o|spa|1\n|-boost|p1a: Kommo-o|spd|1\n|-boost|p1a: Kommo-o|spe|1\n|\n|upkeep\n|\n|t:|1700044286\n|switch|p2a: Lugia|Lugia|100\/100\n|-ability|p2a: Lugia|Pressure\n|turn|16\n|\n|t:|1700044301\n|move|p1a: Kommo-o|Draco Meteor|p2a: Lugia\n|-damage|p2a: Lugia|66\/100\n|-unboost|p1a: Kommo-o|spa|2\n|move|p2a: Lugia|Ice Beam|p1a: Kommo-o\n|-supereffective|p1a: Kommo-o\n|-damage|p1a: Kommo-o|74\/100\n|\n|-heal|p2a: Lugia|72\/100|[from] item: Leftovers\n|upkeep\n|turn|17\n|\n|t:|1700044308\n|move|p1a: Kommo-o|Dragon Dance|p1a: Kommo-o\n|-boost|p1a: Kommo-o|atk|1\n|-boost|p1a: Kommo-o|spe|1\n|move|p2a: Lugia|Toxic|p1a: Kommo-o\n|-status|p1a: Kommo-o|tox\n|\n|-heal|p2a: Lugia|78\/100|[from] item: Leftovers\n|-damage|p1a: Kommo-o|68\/100 tox|[from] psn\n|upkeep\n|turn|18\n|\n|t:|1700044315\n|move|p1a: Kommo-o|Clanging Scales|p2a: Lugia\n|-damage|p2a: Lugia|65\/100\n|-unboost|p1a: Kommo-o|def|1\n|move|p2a: Lugia|Ice Beam|p1a: Kommo-o\n|-supereffective|p1a: Kommo-o\n|-damage|p1a: Kommo-o|42\/100 tox\n|\n|-heal|p2a: Lugia|71\/100|[from] item: Leftovers\n|-damage|p1a: Kommo-o|30\/100 tox|[from] psn\n|upkeep\n|turn|19\n|\n|t:|1700044321\n|switch|p1a: Necrozma|Necrozma-Dawn-Wings|100\/100\n|move|p2a: Lugia|Roost|p2a: Lugia\n|-heal|p2a: Lugia|100\/100\n|-singleturn|p2a: Lugia|move: Roost\n|\n|upkeep\n|turn|20\n|inactive|Siyah31 has 120 seconds left.\n|c|\u2606ib71|play fast\n|\n|t:|1700044359\n|move|p2a: Lugia|Toxic|p1a: Necrozma\n|-status|p1a: Necrozma|tox\n|move|p1a: Necrozma|Photon Geyser|p2a: Lugia\n|-resisted|p2a: Lugia\n|-damage|p2a: Lugia|87\/100\n|\n|-heal|p2a: Lugia|93\/100|[from] item: Leftovers\n|-damage|p1a: Necrozma|94\/100 tox|[from] psn\n|upkeep\n|turn|21\n|c|\u2606ib71|lazy guy\n|\n|t:|1700044366\n|move|p2a: Lugia|Ice Beam|p1a: Necrozma\n|-damage|p1a: Necrozma|80\/100 tox\n|move|p1a: Necrozma|Outrage|p2a: Lugia\n|-damage|p2a: Lugia|73\/100\n|\n|-heal|p2a: Lugia|79\/100|[from] item: Leftovers\n|-damage|p1a: Necrozma|67\/100 tox|[from] psn\n|upkeep\n|turn|22\n|\n|t:|1700044375\n|move|p2a: Lugia|Roost|p2a: Lugia\n|-heal|p2a: Lugia|100\/100\n|-singleturn|p2a: Lugia|move: Roost\n|move|p1a: Necrozma|Outrage|p2a: Lugia|[from]lockedmove\n|-damage|p2a: Lugia|79\/100\n|-start|p1a: Necrozma|confusion|[fatigue]\n|\n|-heal|p2a: Lugia|85\/100|[from] item: Leftovers\n|-damage|p1a: Necrozma|49\/100 tox|[from] psn\n|upkeep\n|turn|23\n|\n|t:|1700044389\n|move|p2a: Lugia|Ice Beam|p1a: Necrozma\n|-crit|p1a: Necrozma\n|-damage|p1a: Necrozma|28\/100 tox\n|-activate|p1a: Necrozma|confusion\n|-damage|p1a: Necrozma|19\/100 tox|[from] confusion\n|\n|-heal|p2a: Lugia|91\/100|[from] item: Leftovers\n|-damage|p1a: Necrozma|0 fnt|[from] psn\n|faint|p1a: Necrozma\n|upkeep\n|\n|t:|1700044400\n|switch|p1a: Kyurem|Kyurem-White|100\/100\n|-ability|p1a: Kyurem|Turboblaze\n|turn|24\n|inactive|Siyah31 has 120 seconds left.\n|\n|t:|1700044435\n|-terastallize|p2a: Lugia|Psychic\n|move|p2a: Lugia|Toxic|p1a: Kyurem\n|-status|p1a: Kyurem|tox\n|move|p1a: Kyurem|Fusion Flare|p2a: Lugia\n|-damage|p2a: Lugia|73\/100\n|\n|-heal|p2a: Lugia|79\/100|[from] item: Leftovers\n|-damage|p1a: Kyurem|94\/100 tox|[from] psn\n|upkeep\n|turn|25\n|inactive|Siyah31 has 120 seconds left.\n|c|\u2606ib71|fusion strike guys\n|\n|t:|1700044457\n|switch|p1a: Zygarde|Zygarde|100\/100\n|move|p2a: Lugia|Ice Beam|p1a: Zygarde\n|-supereffective|p1a: Zygarde\n|-damage|p1a: Zygarde|25\/100\n|\n|-heal|p2a: Lugia|85\/100|[from] item: Leftovers\n|-activate|p1a: Zygarde|ability: Power Construct\n|detailschange|p1a: Zygarde|Zygarde-Complete\n|-heal|p1a: Zygarde|52\/100|[silent]\n|upkeep\n|turn|26\n|\n|t:|1700044464\n|move|p1a: Zygarde|Core Enforcer|p2a: Lugia\n|-damage|p2a: Lugia|67\/100\n|move|p2a: Lugia|Ice Beam|p1a: Zygarde\n|-supereffective|p1a: Zygarde\n|-damage|p1a: Zygarde|5\/100\n|\n|-heal|p2a: Lugia|74\/100|[from] item: Leftovers\n|upkeep\n|turn|27\n|\n|t:|1700044473\n|move|p1a: Zygarde|Core Enforcer|p2a: Lugia\n|-damage|p2a: Lugia|57\/100\n|move|p2a: Lugia|Ice Beam|p1a: Zygarde\n|-supereffective|p1a: Zygarde\n|-damage|p1a: Zygarde|0 fnt\n|faint|p1a: Zygarde\n|\n|-heal|p2a: Lugia|63\/100|[from] item: Leftovers\n|upkeep\n|\n|t:|1700044479\n|switch|p1a: Kommo-o|Kommo-o, M|30\/100 tox\n|turn|28\n|\n|t:|1700044484\n|move|p2a: Lugia|Roost|p2a: Lugia\n|-heal|p2a: Lugia|100\/100\n|move|p1a: Kommo-o|Clanging Scales|p2a: Lugia\n|-damage|p2a: Lugia|81\/100\n|-unboost|p1a: Kommo-o|def|1\n|\n|-heal|p2a: Lugia|87\/100|[from] item: Leftovers\n|-damage|p1a: Kommo-o|24\/100 tox|[from] psn\n|upkeep\n|turn|29\n|inactive|Siyah31 has 120 seconds left.\n|\n|t:|1700044511\n|switch|p1a: Kyurem|Kyurem-White|94\/100 tox\n|-ability|p1a: Kyurem|Turboblaze\n|move|p2a: Lugia|Ice Beam|p1a: Kyurem\n|-damage|p1a: Kyurem|79\/100 tox\n|\n|-heal|p2a: Lugia|93\/100|[from] item: Leftovers\n|-damage|p1a: Kyurem|72\/100 tox|[from] psn\n|upkeep\n|turn|30\n|inactive|Siyah31 has 120 seconds left.\n|\n|t:|1700044519\n|move|p1a: Kyurem|Blizzard|p2a: Lugia|[miss]\n|-miss|p1a: Kyurem|p2a: Lugia\n|move|p2a: Lugia|Defog|p1a: Kyurem\n|-unboost|p1a: Kyurem|evasion|1\n|\n|-heal|p2a: Lugia|99\/100|[from] item: Leftovers\n|-damage|p1a: Kyurem|60\/100 tox|[from] psn\n|upkeep\n|turn|31\n|\n|t:|1700044528\n|move|p2a: Lugia|Defog|p1a: Kyurem\n|-unboost|p1a: Kyurem|evasion|1\n|move|p1a: Kyurem|Blizzard|p2a: Lugia\n|-damage|p2a: Lugia|70\/100\n|\n|-heal|p2a: Lugia|76\/100|[from] item: Leftovers\n|-damage|p1a: Kyurem|41\/100 tox|[from] psn\n|upkeep\n|turn|32\n|\n|t:|1700044534\n|move|p1a: Kyurem|Flash Cannon|p2a: Lugia\n|-crit|p2a: Lugia\n|-damage|p2a: Lugia|52\/100\n|move|p2a: Lugia|Defog|p1a: Kyurem\n|-unboost|p1a: Kyurem|evasion|1\n|\n|-heal|p2a: Lugia|58\/100|[from] item: Leftovers\n|-damage|p1a: Kyurem|16\/100 tox|[from] psn\n|upkeep\n|turn|33\n|\n|t:|1700044537\n|move|p1a: Kyurem|Flash Cannon|p2a: Lugia\n|-damage|p2a: Lugia|44\/100\n|move|p2a: Lugia|Roost|p2a: Lugia\n|-heal|p2a: Lugia|94\/100\n|\n|-heal|p2a: Lugia|99\/100|[from] item: Leftovers\n|-damage|p1a: Kyurem|0 fnt|[from] psn\n|faint|p1a: Kyurem\n|upkeep\n|\n|t:|1700044541\n|switch|p1a: Kommo-o|Kommo-o, M|24\/100 tox\n|turn|34\n|\n|t:|1700044548\n|move|p2a: Lugia|Ice Beam|p1a: Kommo-o\n|-supereffective|p1a: Kommo-o\n|-damage|p1a: Kommo-o|0 fnt\n|faint|p1a: Kommo-o\n|\n|win|Siyah31\n|raw|ib71's rating: 1095 &rarr; <strong>1077<\/strong><br \/>(-18 for losing)\n|raw|Siyah31's rating: 1180 &rarr; <strong>1199<\/strong><br \/>(+19 for winning)\n|l|\u2606ib71\n|c|\u2606Siyah31|ez\n|c|\u2606Siyah31|goofy\n","uploadtime":1700044557,"views":12,"p1id":"ib71","p2id":"siyah31","formatid":"gen9nationaldexubers","rating":1077,"private":0,"password":""}