{"id":"gen9nationaldexubers-1999290043","p1":"SheldonShellington","p2":"Spoonycloud2462","format":"[Gen 9] National Dex Ubers","log":"|j|\u2606SheldonShellington\n|j|\u2606Spoonycloud2462\n|t:|1701055688\n|gametype|singles\n|player|p1|SheldonShellington|lucas|1114\n|player|p2|Spoonycloud2462|ethan|1014\n|teamsize|p1|6\n|teamsize|p2|6\n|gen|9\n|tier|[Gen 9] National Dex Ubers\n|rated|\n|rule|HP Percentage Mod: HP is shown in percentages\n|rule|Endless Battle Clause: Forcing endless battles is banned\n|rule|OHKO Clause: OHKO moves are banned\n|rule|Evasion Moves Clause: Evasion moves are banned\n|rule|Evasion Items Clause: Evasion items are banned\n|rule|Species Clause: Limit one of each Pok\u00e9mon\n|rule|Sleep Clause Mod: Limit one foe put to sleep\n|rule|Mega Rayquaza Clause: You cannot mega evolve Rayquaza\n|clearpoke\n|poke|p1|Zekrom|\n|poke|p1|Tapu Koko|\n|poke|p1|Zapdos|\n|poke|p1|Rotom-Wash|\n|poke|p1|Iron Hands|\n|poke|p1|Sandy Shocks|\n|poke|p2|Greninja-*, M|\n|poke|p2|Necrozma-Dusk-Mane|\n|poke|p2|Kingambit, M|\n|poke|p2|Zygarde|\n|poke|p2|Annihilape, M|\n|poke|p2|Groudon|\n|teampreview\n|inactive|Battle timer is ON: inactive players will automatically lose when time's up. (requested by SheldonShellington)\n|c|\u2606Spoonycloud2462|We meet again\n|c|\u2606SheldonShellington|ay\n|inactive|Spoonycloud2462 has 120 seconds left.\n|c|\u2606Spoonycloud2462|Well, you're gonna deal with my team AKA the Deadly 6\n|\n|t:|1701055734\n|start\n|switch|p1a: Tapu Koko|Tapu Koko|100\/100\n|switch|p2a: Necrozma|Necrozma-Dusk-Mane|100\/100\n|-fieldstart|move: Electric Terrain|[from] ability: Electric Surge|[of] p1a: Tapu Koko\n|turn|1\n|\n|t:|1701055744\n|detailschange|p2a: Necrozma|Necrozma-Ultra\n|-burst|p2a: Necrozma|Necrozma|Ultranecrozium Z\n|-zpower|p1a: Tapu Koko\n|move|p1a: Tapu Koko|Gigavolt Havoc|p2a: Necrozma|[zeffect]\n|-resisted|p2a: Necrozma\n|-damage|p2a: Necrozma|55\/100\n|move|p2a: Necrozma|Earthquake|p1a: Tapu Koko\n|-supereffective|p1a: Tapu Koko\n|-damage|p1a: Tapu Koko|0 fnt\n|faint|p1a: Tapu Koko\n|\n|upkeep\n|\n|t:|1701055762\n|switch|p1a: Rotom|Rotom-Wash|100\/100\n|turn|2\n|\n|t:|1701055768\n|move|p2a: Necrozma|Photon Geyser|p1a: Rotom\n|-damage|p1a: Rotom|32\/100\n|move|p1a: Rotom|Will-O-Wisp|p2a: Necrozma\n|-status|p2a: Necrozma|brn\n|\n|-heal|p1a: Rotom|38\/100|[from] item: Leftovers\n|-damage|p2a: Necrozma|49\/100 brn|[from] brn\n|upkeep\n|turn|3\n|\n|t:|1701055783\n|switch|p1a: Zapdos|Zapdos|100\/100\n|move|p2a: Necrozma|Photon Geyser|p1a: Zapdos\n|-damage|p1a: Zapdos|79\/100\n|\n|-damage|p2a: Necrozma|42\/100 brn|[from] brn\n|upkeep\n|turn|4\n|c|\u2606Spoonycloud2462|Yeah, you 100% have no chance against my team\n|\n|t:|1701055808\n|move|p2a: Necrozma|Flash Cannon|p1a: Zapdos\n|-resisted|p1a: Zapdos\n|-damage|p1a: Zapdos|65\/100\n|move|p1a: Zapdos|Hurricane|p2a: Necrozma|[miss]\n|-miss|p1a: Zapdos|p2a: Necrozma\n|\n|-damage|p2a: Necrozma|36\/100 brn|[from] brn\n|upkeep\n|turn|5\n|\n|t:|1701055820\n|move|p2a: Necrozma|Photon Geyser|p1a: Zapdos\n|-damage|p1a: Zapdos|43\/100\n|move|p1a: Zapdos|Roost|p1a: Zapdos\n|-heal|p1a: Zapdos|93\/100\n|-singleturn|p1a: Zapdos|move: Roost\n|\n|-damage|p2a: Necrozma|30\/100 brn|[from] brn\n|-fieldend|move: Electric Terrain\n|upkeep\n|turn|6\n|inactive|Spoonycloud2462 has 120 seconds left.\n|\n|t:|1701055837\n|switch|p2a: Hades|Groudon|100\/100\n|detailschange|p2a: Hades|Groudon-Primal\n|-primal|p2a: Hades|Red Orb\n|-weather|DesolateLand|[from] ability: Desolate Land|[of] p2a: Hades\n|move|p1a: Zapdos|Roost|p1a: Zapdos\n|-heal|p1a: Zapdos|100\/100\n|-singleturn|p1a: Zapdos|move: Roost\n|\n|-weather|DesolateLand|[upkeep]\n|upkeep\n|turn|7\n|inactive|Spoonycloud2462 has 120 seconds left.\n|\n|t:|1701055849\n|move|p2a: Hades|Eruption|p1a: Zapdos\n|-damage|p1a: Zapdos|0 fnt\n|faint|p1a: Zapdos\n|\n|-weather|DesolateLand|[upkeep]\n|upkeep\n|\n|t:|1701055856\n|switch|p1a: Sandy Shocks|Sandy Shocks|100\/100\n|turn|8\n|inactive|Spoonycloud2462 has 120 seconds left.\n|c|\u2606Spoonycloud2462|Told you my team is the Deadly 6\n|\n|t:|1701055883\n|-weather|none\n|switch|p2a: OP Frog|Greninja, M|100\/100\n|move|p1a: Sandy Shocks|Earth Power|p2a: OP Frog\n|-damage|p2a: OP Frog|29\/100\n|\n|upkeep\n|turn|9\n|\n|t:|1701055893\n|move|p2a: OP Frog|Water Shuriken|p1a: Sandy Shocks\n|-supereffective|p1a: Sandy Shocks\n|-damage|p1a: Sandy Shocks|83\/100\n|-supereffective|p1a: Sandy Shocks\n|-damage|p1a: Sandy Shocks|67\/100\n|-hitcount|p1a: Sandy Shocks|2\n|move|p1a: Sandy Shocks|Earth Power|p2a: OP Frog\n|-damage|p2a: OP Frog|0 fnt\n|faint|p2a: OP Frog\n|\n|upkeep\n|\n|t:|1701055904\n|switch|p2a: Goku|Annihilape, M|100\/100\n|turn|10\n|\n|t:|1701055910\n|-end|p1a: Sandy Shocks|Protosynthesis|[silent]\n|switch|p1a: Rotom|Rotom-Wash|38\/100\n|move|p2a: Goku|Endeavor|p1a: Rotom\n|-immune|p1a: Rotom\n|\n|-heal|p1a: Rotom|45\/100|[from] item: Leftovers\n|upkeep\n|turn|11\n|inactive|Spoonycloud2462 has 120 seconds left.\n|\n|t:|1701055920\n|move|p2a: Goku|Endeavor|p1a: Rotom\n|-immune|p1a: Rotom\n|move|p1a: Rotom|Pain Split|p2a: Goku\n|-sethp|p2a: Goku|69\/100|[from] move: Pain Split|[silent]\n|-sethp|p1a: Rotom|82\/100|[from] move: Pain Split\n|\n|-heal|p1a: Rotom|88\/100|[from] item: Leftovers\n|upkeep\n|turn|12\n|inactive|Spoonycloud2462 has 120 seconds left.\n|\n|t:|1701055933\n|move|p2a: Goku|Endeavor|p1a: Rotom\n|-damage|p1a: Rotom|82\/100\n|move|p1a: Rotom|Will-O-Wisp|p2a: Goku\n|-status|p2a: Goku|brn\n|\n|-heal|p1a: Rotom|88\/100|[from] item: Leftovers\n|-damage|p2a: Goku|63\/100 brn|[from] brn\n|upkeep\n|turn|13\n|inactive|Spoonycloud2462 has 120 seconds left.\n|\n|t:|1701055945\n|move|p2a: Goku|Rage Fist|p1a: Rotom\n|-damage|p1a: Rotom|77\/100\n|move|p1a: Rotom|Hydro Pump|p2a: Goku|[miss]\n|-miss|p1a: Rotom|p2a: Goku\n|\n|-heal|p1a: Rotom|83\/100|[from] item: Leftovers\n|-damage|p2a: Goku|57\/100 brn|[from] brn\n|upkeep\n|turn|14\n|inactive|Spoonycloud2462 has 120 seconds left.\n|\n|t:|1701055956\n|move|p2a: Goku|Close Combat|p1a: Rotom\n|-damage|p1a: Rotom|57\/100\n|-unboost|p2a: Goku|def|1\n|-unboost|p2a: Goku|spd|1\n|move|p1a: Rotom|Hydro Pump|p2a: Goku\n|-damage|p2a: Goku|0 fnt\n|faint|p2a: Goku\n|\n|-heal|p1a: Rotom|63\/100|[from] item: Leftovers\n|upkeep\n|inactive|Spoonycloud2462 has 120 seconds left.\n|\n|t:|1701055967\n|switch|p2a: U messing with me!|Zygarde|100\/100\n|turn|15\n|inactive|Spoonycloud2462 has 120 seconds left.\n|\n|t:|1701055975\n|-terastallize|p2a: U messing with me!|Dragon\n|move|p2a: U messing with me!|Core Enforcer|p1a: Rotom\n|-damage|p1a: Rotom|25\/100\n|move|p1a: Rotom|Will-O-Wisp|p2a: U messing with me!\n|-status|p2a: U messing with me!|brn\n|\n|-heal|p1a: Rotom|32\/100|[from] item: Leftovers\n|-damage|p2a: U messing with me!|94\/100 brn|[from] brn\n|upkeep\n|turn|16\n|inactive|Spoonycloud2462 has 120 seconds left.\n|\n|t:|1701055989\n|move|p2a: U messing with me!|Core Enforcer|p1a: Rotom\n|-damage|p1a: Rotom|0 fnt\n|faint|p1a: Rotom\n|\n|-damage|p2a: U messing with me!|88\/100 brn|[from] brn\n|upkeep\n|\n|t:|1701055995\n|switch|p1a: Iron Hands|Iron Hands|100\/100\n|turn|17\n|\n|t:|1701056004\n|move|p1a: Iron Hands|Fake Out|p2a: U messing with me!\n|-damage|p2a: U messing with me!|78\/100 brn\n|cant|p2a: U messing with me!|flinch\n|\n|-damage|p2a: U messing with me!|71\/100 brn|[from] brn\n|upkeep\n|turn|18\n|\n|t:|1701056015\n|-terastallize|p1a: Iron Hands|Flying\n|move|p2a: U messing with me!|Draco Meteor|p1a: Iron Hands|[miss]\n|-miss|p2a: U messing with me!|p1a: Iron Hands\n|move|p1a: Iron Hands|Ice Punch|p2a: U messing with me!\n|-supereffective|p2a: U messing with me!\n|-damage|p2a: U messing with me!|29\/100 brn\n|\n|-damage|p2a: U messing with me!|22\/100 brn|[from] brn\n|-activate|p2a: U messing with me!|ability: Power Construct\n|detailschange|p2a: U messing with me!|Zygarde-Complete, tera:Dragon\n|-heal|p2a: U messing with me!|49\/100 brn|[silent]\n|upkeep\n|turn|19\n|\n|t:|1701056030\n|move|p2a: U messing with me!|Core Enforcer|p1a: Iron Hands\n|-damage|p1a: Iron Hands|77\/100\n|move|p1a: Iron Hands|Ice Punch|p2a: U messing with me!\n|-supereffective|p2a: U messing with me!\n|-damage|p2a: U messing with me!|20\/100 brn\n|\n|-damage|p2a: U messing with me!|14\/100 brn|[from] brn\n|upkeep\n|turn|20\n|\n|t:|1701056042\n|switch|p2a: Hades|Groudon-Primal|100\/100\n|-weather|DesolateLand|[from] ability: Desolate Land|[of] p2a: Hades\n|move|p1a: Iron Hands|Ice Punch|p2a: Hades\n|-damage|p2a: Hades|82\/100\n|\n|-weather|DesolateLand|[upkeep]\n|upkeep\n|turn|21\n|\n|t:|1701056051\n|move|p2a: Hades|Ancient Power|p1a: Iron Hands\n|-supereffective|p1a: Iron Hands\n|-crit|p1a: Iron Hands\n|-damage|p1a: Iron Hands|43\/100\n|move|p1a: Iron Hands|Close Combat|p2a: Hades\n|-damage|p2a: Hades|34\/100\n|-unboost|p1a: Iron Hands|def|1\n|-unboost|p1a: Iron Hands|spd|1\n|\n|-weather|DesolateLand|[upkeep]\n|upkeep\n|turn|22\n|\n|t:|1701056060\n|move|p2a: Hades|Ancient Power|p1a: Iron Hands\n|-supereffective|p1a: Iron Hands\n|-damage|p1a: Iron Hands|9\/100\n|move|p1a: Iron Hands|Close Combat|p2a: Hades\n|-damage|p2a: Hades|0 fnt\n|-unboost|p1a: Iron Hands|def|1\n|-unboost|p1a: Iron Hands|spd|1\n|faint|p2a: Hades\n|-weather|none\n|\n|upkeep\n|\n|t:|1701056071\n|switch|p2a: Necrozma|Necrozma-Ultra|30\/100 brn\n|turn|23\n|\n|t:|1701056077\n|move|p2a: Necrozma|Earthquake|p1a: Iron Hands\n|-immune|p1a: Iron Hands\n|move|p1a: Iron Hands|Ice Punch|p2a: Necrozma\n|-supereffective|p2a: Necrozma\n|-damage|p2a: Necrozma|0 fnt\n|faint|p2a: Necrozma\n|\n|upkeep\n|\n|t:|1701056086\n|switch|p2a: U messing with me!|Zygarde-Complete, tera:Dragon|14\/100 brn\n|turn|24\n|\n|t:|1701056090\n|move|p2a: U messing with me!|Extreme Speed|p1a: Iron Hands\n|-crit|p1a: Iron Hands\n|-damage|p1a: Iron Hands|0 fnt\n|faint|p1a: Iron Hands\n|-end|p1a: Iron Hands|Quark Drive|[silent]\n|\n|-damage|p2a: U messing with me!|8\/100 brn|[from] brn\n|upkeep\n|\n|t:|1701056100\n|switch|p1a: Zekrom|Zekrom, shiny|100\/100\n|-ability|p1a: Zekrom|Teravolt\n|turn|25\n|\n|t:|1701056108\n|move|p1a: Zekrom|Dragon Claw|p2a: U messing with me!\n|-supereffective|p2a: U messing with me!\n|-damage|p2a: U messing with me!|0 fnt\n|faint|p2a: U messing with me!\n|-damage|p1a: Zekrom|91\/100|[from] item: Life Orb\n|\n|upkeep\n|\n|t:|1701056115\n|switch|p2a: Winning since 2023|Kingambit, M|100\/100\n|-activate|p2a: Winning since 2023|ability: Supreme Overlord\n|-start|p2a: Winning since 2023|fallen5|[silent]\n|turn|26\n|\n|t:|1701056120\n|move|p1a: Zekrom|Bolt Strike|p2a: Winning since 2023|[miss]\n|-miss|p1a: Zekrom|p2a: Winning since 2023\n|move|p2a: Winning since 2023|Kowtow Cleave|p1a: Zekrom\n|-damage|p1a: Zekrom|39\/100\n|\n|upkeep\n|turn|27\n|c|\u2606SheldonShellington|o man\n|\n|t:|1701056128\n|move|p1a: Zekrom|Bolt Strike|p2a: Winning since 2023\n|-damage|p2a: Winning since 2023|14\/100\n|-damage|p1a: Zekrom|29\/100|[from] item: Life Orb\n|move|p2a: Winning since 2023|Flash Cannon|p1a: Zekrom\n|-resisted|p1a: Zekrom\n|-damage|p1a: Zekrom|16\/100\n|\n|upkeep\n|turn|28\n|\n|t:|1701056142\n|move|p1a: Zekrom|Roost|p1a: Zekrom\n|-heal|p1a: Zekrom|66\/100\n|-singleturn|p1a: Zekrom|move: Roost\n|move|p2a: Winning since 2023|Kowtow Cleave|p1a: Zekrom\n|-damage|p1a: Zekrom|11\/100\n|\n|upkeep\n|turn|29\n|\n|t:|1701056149\n|move|p1a: Zekrom|Dragon Claw|p2a: Winning since 2023\n|-resisted|p2a: Winning since 2023\n|-damage|p2a: Winning since 2023|0 fnt\n|faint|p2a: Winning since 2023\n|-end|p2a: Winning since 2023|fallen5|[silent]\n|-damage|p1a: Zekrom|1\/100|[from] item: Life Orb\n|\n|win|SheldonShellington\n|raw|SheldonShellington's rating: 1114 &rarr; <strong>1132<\/strong><br \/>(+18 for winning)\n|raw|Spoonycloud2462's rating: 1014 &rarr; <strong>1005<\/strong><br \/>(-9 for losing)\n|c|\u2606Spoonycloud2462|Gg\n|c|\u2606SheldonShellington|gg\n|l|\u2606Spoonycloud2462\n","uploadtime":1701056166,"views":6,"p1id":"sheldonshellington","p2id":"spoonycloud2462","formatid":"gen9nationaldexubers","rating":1005,"private":0,"password":""}