{"id":"gen9nationaldexubers-1997666572","p1":"Hiusi guy %\u25d5\u203f\u203f\u25d5%","p2":"AlolanSandslashOU","format":"[Gen 9] National Dex Ubers","log":"|j|\u2606Hiusi guy %\u25d5\u203f\u203f\u25d5%\n|j|\u2606AlolanSandslashOU\n|t:|1700839479\n|gametype|singles\n|player|p1|Hiusi guy %\u25d5\u203f\u203f\u25d5%|alec-anime|\n|player|p2|AlolanSandslashOU|volkner|\n|teamsize|p1|6\n|teamsize|p2|6\n|gen|9\n|tier|[Gen 9] National Dex Ubers\n|rule|HP Percentage Mod: HP is shown in percentages\n|rule|Endless Battle Clause: Forcing endless battles is banned\n|rule|OHKO Clause: OHKO moves are banned\n|rule|Evasion Moves Clause: Evasion moves are banned\n|rule|Evasion Items Clause: Evasion items are banned\n|rule|Species Clause: Limit one of each Pok\u00e9mon\n|rule|Sleep Clause Mod: Limit one foe put to sleep\n|rule|Mega Rayquaza Clause: You cannot mega evolve Rayquaza\n|clearpoke\n|poke|p1|Iron Valiant|\n|poke|p1|Roaring Moon|\n|poke|p1|Grimmsnarl, M|\n|poke|p1|Blaziken, F|\n|poke|p1|Hatterene, F|\n|poke|p1|Altaria, F|\n|poke|p2|Ting-Lu|\n|poke|p2|Greninja-*, M|\n|poke|p2|Meowscarada, F|\n|poke|p2|Iron Treads|\n|poke|p2|Urshifu-*, M|\n|poke|p2|Darkrai|\n|teampreview\n|c|\u2606AlolanSandslashOU|darkrai wil eat your soul\n|c|\u2606AlolanSandslashOU|why is your team so damn strong against mine\n|c|\u2606Hiusi guy %\u25d5\u203f\u203f\u25d5%|Erm okay\n|c|\u2606Hiusi guy %\u25d5\u203f\u203f\u25d5%|Reasons\n|\n|t:|1700839550\n|start\n|switch|p1a: Altaria|Altaria, F|100\/100\n|switch|p2a: Meowscarada|Meowscarada, F|100\/100\n|turn|1\n|\n|t:|1700839562\n|move|p2a: Meowscarada|Play Rough|p1a: Altaria\n|-start|p2a: Meowscarada|typechange|Fairy|[from] ability: Protean\n|-supereffective|p1a: Altaria\n|-damage|p1a: Altaria|0 fnt\n|faint|p1a: Altaria\n|\n|upkeep\n|c|\u2606Hiusi guy %\u25d5\u203f\u203f\u25d5%|Oops\n|c|\u2606AlolanSandslashOU|Did you not mega\n|c|\u2606AlolanSandslashOU|Or is it just not meha\n|\n|t:|1700839592\n|switch|p1a: Grimmsnarl|Grimmsnarl, M|100\/100\n|turn|2\n|c|\u2606AlolanSandslashOU|mega\n|\n|t:|1700839595\n|move|p1a: Grimmsnarl|Reflect|p1a: Grimmsnarl\n|-sidestart|p1: Hiusi guy %\u25d5\u203f\u203f\u25d5%|Reflect\n|move|p2a: Meowscarada|Play Rough|p1a: Grimmsnarl\n|-supereffective|p1a: Grimmsnarl\n|-damage|p1a: Grimmsnarl|60\/100\n|\n|upkeep\n|turn|3\n|\n|t:|1700839601\n|move|p1a: Grimmsnarl|Parting Shot|p2a: Meowscarada\n|-unboost|p2a: Meowscarada|atk|1\n|-unboost|p2a: Meowscarada|spa|1\n|\n|t:|1700839605\n|switch|p1a: Hatterene|Hatterene, F|100\/100|[from] Parting Shot\n|move|p2a: Meowscarada|Knock Off|p1a: Hatterene\n|-damage|p1a: Hatterene|92\/100\n|-enditem|p1a: Hatterene|Leftovers|[from] move: Knock Off|[of] p2a: Meowscarada\n|\n|upkeep\n|turn|4\n|\n|t:|1700839612\n|move|p2a: Meowscarada|U-turn|p1a: Hatterene\n|-damage|p1a: Hatterene|86\/100\n|\n|t:|1700839615\n|switch|p2a: Iron Treads|Iron Treads|100\/100|[from] U-turn\n|-enditem|p2a: Iron Treads|Booster Energy\n|-activate|p2a: Iron Treads|ability: Quark Drive|[fromitem]\n|-start|p2a: Iron Treads|quarkdriveatk\n|move|p1a: Hatterene|Calm Mind|p1a: Hatterene\n|-boost|p1a: Hatterene|spa|1\n|-boost|p1a: Hatterene|spd|1\n|\n|upkeep\n|turn|5\n|c|\u2606Hiusi guy %\u25d5\u203f\u203f\u25d5%|It's mega\n|c|\u2606Hiusi guy %\u25d5\u203f\u203f\u25d5%|Just didn't click\n|c|\u2606AlolanSandslashOU|Rip\n|\n|t:|1700839636\n|-terastallize|p1a: Hatterene|Fighting\n|move|p2a: Iron Treads|Iron Head|p1a: Hatterene\n|-damage|p1a: Hatterene|65\/100\n|move|p1a: Hatterene|Mystical Fire|p2a: Iron Treads\n|-supereffective|p2a: Iron Treads\n|-damage|p2a: Iron Treads|12\/100\n|-unboost|p2a: Iron Treads|spa|1\n|\n|upkeep\n|turn|6\n|\n|t:|1700839647\n|move|p2a: Iron Treads|Earthquake|p1a: Hatterene\n|-damage|p1a: Hatterene|35\/100\n|move|p1a: Hatterene|Mystical Fire|p2a: Iron Treads\n|-supereffective|p2a: Iron Treads\n|-damage|p2a: Iron Treads|0 fnt\n|faint|p2a: Iron Treads\n|-end|p2a: Iron Treads|Quark Drive|[silent]\n|\n|-sideend|p1: Hiusi guy %\u25d5\u203f\u203f\u25d5%|Reflect\n|upkeep\n|c|\u2606AlolanSandslashOU|For some reason I forgot light clay was banned so I was so annoyed at your little reflect lol\n|\n|t:|1700839671\n|switch|p2a: Meowscarada|Meowscarada, F|100\/100\n|turn|7\n|c|\u2606Hiusi guy %\u25d5\u203f\u203f\u25d5%|:wow:\n|\n|t:|1700839680\n|move|p2a: Meowscarada|Play Rough|p1a: Hatterene\n|-start|p2a: Meowscarada|typechange|Fairy|[from] ability: Protean\n|-supereffective|p1a: Hatterene\n|-damage|p1a: Hatterene|0 fnt\n|faint|p1a: Hatterene\n|\n|upkeep\n|\n|t:|1700839684\n|switch|p1a: Grimmsnarl|Grimmsnarl, M|60\/100\n|turn|8\n|\n|t:|1700839688\n|move|p1a: Grimmsnarl|Reflect|p1a: Grimmsnarl\n|-sidestart|p1: Hiusi guy %\u25d5\u203f\u203f\u25d5%|Reflect\n|move|p2a: Meowscarada|Flower Trick|p1a: Grimmsnarl\n|-crit|p1a: Grimmsnarl\n|-damage|p1a: Grimmsnarl|32\/100\n|\n|upkeep\n|turn|9\n|\n|t:|1700839696\n|switch|p1a: Iron Valiant|Iron Valiant|100\/100\n|-enditem|p1a: Iron Valiant|Booster Energy\n|-activate|p1a: Iron Valiant|ability: Quark Drive|[fromitem]\n|-start|p1a: Iron Valiant|quarkdrivespe\n|move|p2a: Meowscarada|U-turn|p1a: Iron Valiant\n|-resisted|p1a: Iron Valiant\n|-damage|p1a: Iron Valiant|97\/100\n|\n|t:|1700839699\n|switch|p2a: Darkrai|Darkrai|100\/100|[from] U-turn\n|\n|upkeep\n|turn|10\n|\n|t:|1700839705\n|-terastallize|p2a: Darkrai|Fairy\n|move|p1a: Iron Valiant|Substitute|p1a: Iron Valiant\n|-start|p1a: Iron Valiant|Substitute\n|-damage|p1a: Iron Valiant|72\/100\n|move|p2a: Darkrai|Sludge Bomb|p1a: Iron Valiant\n|-supereffective|p1a: Iron Valiant\n|-end|p1a: Iron Valiant|Substitute\n|\n|upkeep\n|turn|11\n|\n|t:|1700839716\n|move|p1a: Iron Valiant|Moonblast|p2a: Darkrai\n|-damage|p2a: Darkrai|34\/100\n|-unboost|p2a: Darkrai|spa|1\n|move|p2a: Darkrai|Sludge Bomb|p1a: Iron Valiant\n|-supereffective|p1a: Iron Valiant\n|-damage|p1a: Iron Valiant|0 fnt\n|faint|p1a: Iron Valiant\n|-end|p1a: Iron Valiant|Quark Drive|[silent]\n|\n|upkeep\n|c|\u2606AlolanSandslashOU|no sir\n|\n|t:|1700839723\n|switch|p1a: Blaziken|Blaziken, F|100\/100\n|-item|p1a: Blaziken|Air Balloon\n|turn|12\n|\n|t:|1700839726\n|switch|p2a: Ting-Lu|Ting-Lu|100\/100\n|-ability|p2a: Ting-Lu|Vessel of Ruin\n|move|p1a: Blaziken|Swords Dance|p1a: Blaziken\n|-boost|p1a: Blaziken|atk|2\n|\n|-sideend|p1: Hiusi guy %\u25d5\u203f\u203f\u25d5%|Reflect\n|-ability|p1a: Blaziken|Speed Boost|boost\n|-boost|p1a: Blaziken|spe|1\n|upkeep\n|turn|13\n|\n|t:|1700839733\n|move|p1a: Blaziken|Close Combat|p2a: Ting-Lu\n|-supereffective|p2a: Ting-Lu\n|-damage|p2a: Ting-Lu|0 fnt\n|-unboost|p1a: Blaziken|def|1\n|-unboost|p1a: Blaziken|spd|1\n|faint|p2a: Ting-Lu\n|\n|-ability|p1a: Blaziken|Speed Boost|boost\n|-boost|p1a: Blaziken|spe|1\n|upkeep\n|\n|t:|1700839749\n|switch|p2a: Urshifu|Urshifu, M|100\/100\n|turn|14\n|\n|t:|1700839760\n|move|p2a: Urshifu|Sucker Punch|p1a: Blaziken\n|-resisted|p1a: Blaziken\n|-damage|p1a: Blaziken|57\/100\n|-enditem|p1a: Blaziken|Air Balloon\n|move|p1a: Blaziken|Close Combat|p2a: Urshifu\n|-supereffective|p2a: Urshifu\n|-damage|p2a: Urshifu|0 fnt\n|-unboost|p1a: Blaziken|def|1\n|-unboost|p1a: Blaziken|spd|1\n|faint|p2a: Urshifu\n|\n|-ability|p1a: Blaziken|Speed Boost|boost\n|-boost|p1a: Blaziken|spe|1\n|upkeep\n|\n|t:|1700839763\n|switch|p2a: Greninja|Greninja, M|100\/100\n|turn|15\n|\n|t:|1700839773\n|switch|p1a: Grimmsnarl|Grimmsnarl, M|32\/100\n|move|p2a: Greninja|Water Shuriken|p1a: Grimmsnarl\n|-start|p2a: Greninja|typechange|Water|[from] ability: Protean\n|-damage|p1a: Grimmsnarl|21\/100\n|-damage|p1a: Grimmsnarl|9\/100\n|-damage|p1a: Grimmsnarl|0 fnt\n|faint|p1a: Grimmsnarl\n|-hitcount|p1: Grimmsnarl|3\n|\n|upkeep\n|\n|t:|1700839777\n|switch|p1a: Roaring Moon|Roaring Moon|100\/100\n|-enditem|p1a: Roaring Moon|Booster Energy\n|-activate|p1a: Roaring Moon|ability: Protosynthesis|[fromitem]\n|-start|p1a: Roaring Moon|protosynthesisatk\n|turn|16\n|\n|t:|1700839780\n|switch|p2a: Meowscarada|Meowscarada, F|100\/100\n|move|p1a: Roaring Moon|Dragon Dance|p1a: Roaring Moon\n|-boost|p1a: Roaring Moon|atk|1\n|-boost|p1a: Roaring Moon|spe|1\n|\n|upkeep\n|turn|17\n|\n|t:|1700839785\n|move|p1a: Roaring Moon|Brick Break|p2a: Meowscarada\n|-supereffective|p2a: Meowscarada\n|-damage|p2a: Meowscarada|0 fnt\n|faint|p2a: Meowscarada\n|\n|upkeep\n|\n|t:|1700839788\n|switch|p2a: Greninja|Greninja, M|100\/100\n|turn|18\n|\n|t:|1700839790\n|move|p1a: Roaring Moon|Brick Break|p2a: Greninja\n|-supereffective|p2a: Greninja\n|-damage|p2a: Greninja|0 fnt\n|faint|p2a: Greninja\n|\n|upkeep\n|\n|t:|1700839792\n|switch|p2a: Darkrai|Darkrai, tera:Fairy|34\/100\n|turn|19\n|\n|t:|1700839802\n|move|p1a: Roaring Moon|Knock Off|p2a: Darkrai\n|-resisted|p2a: Darkrai\n|-damage|p2a: Darkrai|0 fnt\n|-enditem|p2a: Darkrai|Choice Specs|[from] move: Knock Off|[of] p1a: Roaring Moon\n|faint|p2a: Darkrai\n|\n|win|Hiusi guy %\u25d5\u203f\u203f\u25d5%\n|c|\u2606Hiusi guy %\u25d5\u203f\u203f\u25d5%|Gg\n|c|\u2606AlolanSandslashOU|Gg\n","uploadtime":1700839822,"views":4,"p1id":"hiusiguy","p2id":"alolansandslashou","formatid":"gen9nationaldexubers","rating":0,"private":0,"password":""}