{"id":"gen9nationaldexubers-1980109970","p1":"uzuhay","p2":"Faiz Kediri Butuh","format":"[Gen 9] National Dex Ubers","log":"|j|\u2606uzuhay\n|j|\u2606Faiz Kediri Butuh\n|t:|1698758156\n|gametype|singles\n|player|p1|uzuhay|cress|1167\n|player|p2|Faiz Kediri Butuh|preschoolerf-gen7|1123\n|teamsize|p1|6\n|teamsize|p2|6\n|gen|9\n|tier|[Gen 9] National Dex Ubers\n|rated|\n|rule|HP Percentage Mod: HP is shown in percentages\n|rule|Endless Battle Clause: Forcing endless battles is banned\n|rule|OHKO Clause: OHKO moves are banned\n|rule|Evasion Moves Clause: Evasion moves are banned\n|rule|Evasion Items Clause: Evasion items are banned\n|rule|Species Clause: Limit one of each Pok\u00e9mon\n|rule|Sleep Clause Mod: Limit one foe put to sleep\n|rule|Mega Rayquaza Clause: You cannot mega evolve Rayquaza\n|clearpoke\n|poke|p1|Kyogre|\n|poke|p1|Naganadel|\n|poke|p1|Xerneas-*|\n|poke|p1|Beedrill, F|\n|poke|p1|Banette, M|\n|poke|p1|Mienshao, F|\n|poke|p2|Malamar, F|\n|poke|p2|Quagsire, F|\n|poke|p2|Clefable, F|\n|poke|p2|Manectric, F|\n|poke|p2|Sandaconda, F|\n|poke|p2|Gyarados, F|\n|teampreview\n|\n|t:|1698758162\n|start\n|switch|p1a: Beedrill|Beedrill, F, shiny|100\/100\n|switch|p2a: Thicc Snake|Sandaconda, F|100\/100\n|turn|1\n|inactive|Battle timer is ON: inactive players will automatically lose when time's up. (requested by Faiz Kediri Butuh)\n|\n|t:|1698758169\n|switch|p1a: Banette|Banette, M|100\/100\n|move|p2a: Thicc Snake|Glare|p1a: Banette\n|-status|p1a: Banette|par\n|\n|upkeep\n|turn|2\n|\n|t:|1698758176\n|move|p2a: Thicc Snake|Stealth Rock|p1a: Banette\n|-sidestart|p1: uzuhay|move: Stealth Rock\n|move|p1a: Banette|Taunt|p2a: Thicc Snake\n|-start|p2a: Thicc Snake|move: Taunt\n|\n|upkeep\n|turn|3\n|\n|t:|1698758183\n|move|p2a: Thicc Snake|Iron Head|p1a: Banette\n|-damage|p1a: Banette|56\/100 par\n|cant|p1a: Banette|par\n|\n|upkeep\n|turn|4\n|\n|t:|1698758193\n|move|p2a: Thicc Snake|Earthquake|p1a: Banette\n|-damage|p1a: Banette|0 fnt\n|faint|p1a: Banette\n|\n|upkeep\n|\n|t:|1698758199\n|switch|p1a: Kyogre|Kyogre, shiny|100\/100\n|-damage|p1a: Kyogre|88\/100|[from] Stealth Rock\n|detailschange|p1a: Kyogre|Kyogre-Primal, shiny\n|-primal|p1a: Kyogre|Blue Orb\n|-weather|PrimordialSea|[from] ability: Primordial Sea|[of] p1a: Kyogre\n|turn|5\n|\n|t:|1698758207\n|move|p1a: Kyogre|Surf|p2a: Thicc Snake\n|-supereffective|p2a: Thicc Snake\n|-crit|p2a: Thicc Snake\n|-enditem|p2a: Thicc Snake|Focus Sash\n|-damage|p2a: Thicc Snake|1\/100\n|move|p2a: Thicc Snake|Earthquake|p1a: Kyogre\n|-damage|p1a: Kyogre|38\/100\n|\n|-weather|PrimordialSea|[upkeep]\n|-end|p2a: Thicc Snake|move: Taunt\n|upkeep\n|turn|6\n|\n|t:|1698758220\n|move|p1a: Kyogre|Ancient Power|p2a: Thicc Snake\n|-resisted|p2a: Thicc Snake\n|-damage|p2a: Thicc Snake|0 fnt\n|-boost|p1a: Kyogre|atk|1\n|-boost|p1a: Kyogre|def|1\n|-boost|p1a: Kyogre|spa|1\n|-boost|p1a: Kyogre|spd|1\n|-boost|p1a: Kyogre|spe|1\n|faint|p2a: Thicc Snake\n|\n|-weather|PrimordialSea|[upkeep]\n|upkeep\n|\n|t:|1698758228\n|switch|p2a: Cute Gengar|Clefable, F|100\/100\n|turn|7\n|\n|t:|1698758233\n|move|p1a: Kyogre|Surf|p2a: Cute Gengar\n|-enditem|p2a: Cute Gengar|Focus Sash\n|-damage|p2a: Cute Gengar|1\/100\n|move|p2a: Cute Gengar|Thunder Wave|p1a: Kyogre|[miss]\n|-miss|p2a: Cute Gengar|p1a: Kyogre\n|\n|-weather|PrimordialSea|[upkeep]\n|upkeep\n|turn|8\n|\n|t:|1698758242\n|move|p1a: Kyogre|Ancient Power|p2a: Cute Gengar\n|-damage|p2a: Cute Gengar|0 fnt\n|faint|p2a: Cute Gengar\n|\n|-weather|PrimordialSea|[upkeep]\n|upkeep\n|\n|t:|1698758250\n|switch|p2a: Paw Patrol|Manectric, F|100\/100\n|turn|9\n|\n|t:|1698758255\n|detailschange|p2a: Paw Patrol|Manectric-Mega, F\n|-mega|p2a: Paw Patrol|Manectric|Manectite\n|-ability|p2a: Paw Patrol|Intimidate|boost\n|-unboost|p1a: Kyogre|atk|1\n|move|p1a: Kyogre|Surf|p2a: Paw Patrol\n|-damage|p2a: Paw Patrol|0 fnt\n|faint|p2a: Paw Patrol\n|\n|-weather|PrimordialSea|[upkeep]\n|upkeep\n|\n|t:|1698758264\n|switch|p2a: Dark Squidward|Malamar, F|100\/100\n|turn|10\n|\n|t:|1698758268\n|move|p1a: Kyogre|Surf|p2a: Dark Squidward\n|-damage|p2a: Dark Squidward|0 fnt\n|faint|p2a: Dark Squidward\n|\n|-weather|PrimordialSea|[upkeep]\n|upkeep\n|\n|t:|1698758274\n|switch|p2a: Masbro|Quagsire, F|100\/100\n|turn|11\n|\n|t:|1698758281\n|move|p1a: Kyogre|Ice Beam|p2a: Masbro\n|-damage|p2a: Masbro|53\/100\n|move|p2a: Masbro|Toxic|p1a: Kyogre\n|-status|p1a: Kyogre|tox\n|\n|-weather|PrimordialSea|[upkeep]\n|-heal|p2a: Masbro|59\/100|[from] item: Leftovers\n|-damage|p1a: Kyogre|32\/100 tox|[from] psn\n|upkeep\n|turn|12\n|\n|t:|1698758291\n|move|p1a: Kyogre|Ice Beam|p2a: Masbro\n|-damage|p2a: Masbro|9\/100\n|move|p2a: Masbro|Recover|p2a: Masbro\n|-heal|p2a: Masbro|59\/100\n|\n|-weather|PrimordialSea|[upkeep]\n|-heal|p2a: Masbro|65\/100|[from] item: Leftovers\n|-damage|p1a: Kyogre|20\/100 tox|[from] psn\n|upkeep\n|turn|13\n|\n|t:|1698758301\n|move|p1a: Kyogre|Ice Beam|p2a: Masbro\n|-damage|p2a: Masbro|18\/100\n|move|p2a: Masbro|Recover|p2a: Masbro\n|-heal|p2a: Masbro|68\/100\n|\n|-weather|PrimordialSea|[upkeep]\n|-heal|p2a: Masbro|74\/100|[from] item: Leftovers\n|-damage|p1a: Kyogre|1\/100 tox|[from] psn\n|upkeep\n|turn|14\n|\n|t:|1698758311\n|move|p1a: Kyogre|Ice Beam|p2a: Masbro\n|-damage|p2a: Masbro|23\/100\n|-status|p2a: Masbro|frz\n|cant|p2a: Masbro|frz\n|\n|-weather|PrimordialSea|[upkeep]\n|-heal|p2a: Masbro|29\/100 frz|[from] item: Leftovers\n|-damage|p1a: Kyogre|0 fnt|[from] psn\n|faint|p1a: Kyogre\n|-weather|none\n|upkeep\n|\n|t:|1698758318\n|switch|p1a: Beedrill|Beedrill, F, shiny|100\/100\n|-damage|p1a: Beedrill|76\/100|[from] Stealth Rock\n|turn|15\n|\n|t:|1698758331\n|switch|p2a: Leviathan|Gyarados, F|100\/100\n|detailschange|p1a: Beedrill|Beedrill-Mega, F, shiny\n|-mega|p1a: Beedrill|Beedrill|Beedrillite\n|move|p1a: Beedrill|Poison Jab|p2a: Leviathan\n|-damage|p2a: Leviathan|18\/100\n|\n|upkeep\n|turn|16\n|-message|Faiz Kediri Butuh forfeited.\n|\n|win|uzuhay\n|raw|uzuhay's rating: 1167 &rarr; <strong>1189<\/strong><br \/>(+22 for winning)\n|raw|Faiz Kediri Butuh's rating: 1123 &rarr; <strong>1101<\/strong><br \/>(-22 for losing)\n|l|\u2606Faiz Kediri Butuh\n","uploadtime":1698758347,"views":8,"p1id":"uzuhay","p2id":"faizkediributuh","formatid":"gen9nationaldexubers","rating":1101,"private":0,"password":""}