{"id":"gen9nationaldexubers-1982931349","p1":"Coach Butter","p2":"Samdunker34","format":"[Gen 9] National Dex Ubers","log":"|j|\u2606Coach Butter\n|j|\u2606Samdunker34\n|t:|1699060039\n|gametype|singles\n|player|p1|Coach Butter|blaine|\n|player|p2|Samdunker34|buck|\n|teamsize|p1|6\n|teamsize|p2|6\n|gen|9\n|tier|[Gen 9] National Dex Ubers\n|rule|HP Percentage Mod: HP is shown in percentages\n|rule|Endless Battle Clause: Forcing endless battles is banned\n|rule|OHKO Clause: OHKO moves are banned\n|rule|Evasion Moves Clause: Evasion moves are banned\n|rule|Evasion Items Clause: Evasion items are banned\n|rule|Species Clause: Limit one of each Pok\u00e9mon\n|rule|Sleep Clause Mod: Limit one foe put to sleep\n|rule|Mega Rayquaza Clause: You cannot mega evolve Rayquaza\n|clearpoke\n|poke|p1|Empoleon, M|\n|poke|p1|Talonflame, M|\n|poke|p1|Arcanine-Hisui, M|\n|poke|p1|Grimmsnarl, M|\n|poke|p1|Vikavolt, M|\n|poke|p1|Gliscor, M|\n|poke|p2|Blaziken, M|\n|poke|p2|Zapdos|\n|poke|p2|Gallade, M|\n|poke|p2|Darmanitan-Galar, F|\n|poke|p2|Garchomp, F|\n|poke|p2|Sharpedo, F|\n|teampreview\n|j| PorygonTheBot\n|c| PorygonTheBot|You got this!\n|\n|t:|1699060130\n|start\n|switch|p1a: Daggers|Grimmsnarl, M|100\/100\n|switch|p2a: Garchomp|Garchomp, F|100\/100\n|turn|1\n|c|\u2606Samdunker34|Thanks porygon!\n|\n|t:|1699060163\n|move|p1a: Daggers|Parting Shot|p2a: Garchomp\n|-unboost|p2a: Garchomp|atk|1\n|-unboost|p2a: Garchomp|spa|1\n|\n|t:|1699060167\n|switch|p1a: Edward Forty-Hands|Gliscor, M|100\/100|[from] Parting Shot\n|move|p2a: Garchomp|Earthquake|p1a: Edward Forty-Hands\n|-immune|p1a: Edward Forty-Hands\n|\n|-status|p1a: Edward Forty-Hands|tox|[from] item: Toxic Orb\n|upkeep\n|turn|2\n|c|\u2606Coach Butter|you've activated my trap card\n|\n|t:|1699060187\n|move|p1a: Edward Forty-Hands|Spikes|p2a: Garchomp\n|-sidestart|p2: Samdunker34|Spikes\n|move|p2a: Garchomp|Dragon Tail|p1a: Edward Forty-Hands\n|-damage|p1a: Edward Forty-Hands|89\/100 tox\n|drag|p1a: Yobbin|Talonflame, M|100\/100\n|\n|upkeep\n|turn|3\n|\n|t:|1699060202\n|switch|p1a: Edward Forty-Hands|Gliscor, M|89\/100 tox\n|move|p2a: Garchomp|Spikes|p1a: Edward Forty-Hands\n|-sidestart|p1: Coach Butter|Spikes\n|\n|-heal|p1a: Edward Forty-Hands|100\/100 tox|[from] ability: Poison Heal\n|upkeep\n|turn|4\n|\n|t:|1699060229\n|move|p2a: Garchomp|Spikes|p1a: Edward Forty-Hands\n|-sidestart|p1: Coach Butter|Spikes\n|move|p1a: Edward Forty-Hands|Spikes|p2a: Garchomp\n|-sidestart|p2: Samdunker34|Spikes\n|\n|upkeep\n|turn|5\n|\n|t:|1699060237\n|move|p2a: Garchomp|Spikes|p1a: Edward Forty-Hands\n|-sidestart|p1: Coach Butter|Spikes\n|move|p1a: Edward Forty-Hands|Spikes|p2a: Garchomp\n|-sidestart|p2: Samdunker34|Spikes\n|\n|upkeep\n|turn|6\n|\n|t:|1699060251\n|move|p2a: Garchomp|Stealth Rock|p1a: Edward Forty-Hands\n|-sidestart|p1: Coach Butter|move: Stealth Rock\n|move|p1a: Edward Forty-Hands|Earthquake|p2a: Garchomp\n|-damage|p2a: Garchomp|73\/100\n|\n|upkeep\n|turn|7\n|\n|t:|1699060265\n|move|p1a: Edward Forty-Hands|Earthquake|p2a: Garchomp\n|-damage|p2a: Garchomp|47\/100\n|move|p2a: Garchomp|Dragon Tail|p1a: Edward Forty-Hands\n|-damage|p1a: Edward Forty-Hands|89\/100 tox\n|drag|p1a: Tugboat|Arcanine-Hisui, M|100\/100\n|-damage|p1a: Tugboat|76\/100|[from] Spikes\n|-damage|p1a: Tugboat|51\/100|[from] Stealth Rock\n|\n|upkeep\n|turn|8\n|\n|t:|1699060289\n|move|p2a: Garchomp|Earthquake|p1a: Tugboat\n|-supereffective|p1a: Tugboat\n|-damage|p1a: Tugboat|0 fnt\n|faint|p1a: Tugboat\n|\n|upkeep\n|\n|t:|1699060304\n|switch|p1a: Dr. X|Vikavolt, M|100\/100\n|-damage|p1a: Dr. X|76\/100|[from] Stealth Rock\n|turn|9\n|\n|t:|1699060323\n|-terastallize|p1a: Dr. X|Ice\n|move|p1a: Dr. X|Tera Blast|p2a: Garchomp|[anim] Tera Blast Ice\n|-supereffective|p2a: Garchomp\n|-damage|p2a: Garchomp|0 fnt\n|faint|p2a: Garchomp\n|\n|upkeep\n|\n|t:|1699060341\n|switch|p2a: Blaziken|Blaziken, M|100\/100\n|-damage|p2a: Blaziken|76\/100|[from] Spikes\n|turn|10\n|\n|t:|1699060351\n|move|p2a: Blaziken|Flare Blitz|p1a: Dr. X\n|-supereffective|p1a: Dr. X\n|-damage|p1a: Dr. X|0 fnt\n|faint|p1a: Dr. X\n|-damage|p2a: Blaziken|46\/100|[from] Recoil\n|-damage|p2a: Blaziken|36\/100|[from] item: Life Orb\n|\n|-ability|p2a: Blaziken|Speed Boost|boost\n|-boost|p2a: Blaziken|spe|1\n|upkeep\n|\n|t:|1699060359\n|switch|p1a: Yobbin|Talonflame, M|100\/100\n|turn|11\n|\n|t:|1699060372\n|move|p1a: Yobbin|Brave Bird|p2a: Blaziken\n|-supereffective|p2a: Blaziken\n|-damage|p2a: Blaziken|0 fnt\n|faint|p2a: Blaziken\n|-damage|p1a: Yobbin|89\/100|[from] Recoil\n|\n|upkeep\n|\n|t:|1699060388\n|switch|p2a: Zapdos|Zapdos|100\/100\n|turn|12\n|\n|t:|1699060420\n|move|p1a: Yobbin|Defog|p2a: Zapdos\n|-unboost|p2a: Zapdos|evasion|1\n|-sideend|p2: Samdunker34|Spikes|[from] move: Defog|[of] p1a: Yobbin\n|-sideend|p1: Coach Butter|Spikes|[from] move: Defog|[of] p1a: Yobbin\n|-sideend|p1: Coach Butter|Stealth Rock|[from] move: Defog|[of] p1a: Yobbin\n|move|p2a: Zapdos|Thunderbolt|p1a: Yobbin\n|-supereffective|p1a: Yobbin\n|-damage|p1a: Yobbin|0 fnt\n|faint|p1a: Yobbin\n|\n|upkeep\n|\n|t:|1699060429\n|switch|p1a: Daggers|Grimmsnarl, M|100\/100\n|turn|13\n|\n|t:|1699060453\n|move|p1a: Daggers|Light Screen|p1a: Daggers\n|-sidestart|p1: Coach Butter|move: Light Screen\n|move|p2a: Zapdos|Hurricane|p1a: Daggers\n|-damage|p1a: Daggers|70\/100\n|\n|upkeep\n|turn|14\n|\n|t:|1699060490\n|move|p1a: Daggers|Parting Shot|p2a: Zapdos\n|-unboost|p2a: Zapdos|atk|1\n|-unboost|p2a: Zapdos|spa|1\n|\n|t:|1699060494\n|switch|p1a: Swarly|Empoleon, M|100\/100|[from] Parting Shot\n|move|p2a: Zapdos|Thunderbolt|p1a: Swarly\n|-supereffective|p1a: Swarly\n|-damage|p1a: Swarly|73\/100\n|\n|upkeep\n|turn|15\n|\n|t:|1699060503\n|move|p2a: Zapdos|Volt Switch|p1a: Swarly\n|-supereffective|p1a: Swarly\n|-damage|p1a: Swarly|54\/100\n|\n|t:|1699060522\n|switch|p2a: Sharpedo|Sharpedo, F, shiny|100\/100|[from] Volt Switch\n|move|p1a: Swarly|Ice Beam|p2a: Sharpedo\n|-resisted|p2a: Sharpedo\n|-damage|p2a: Sharpedo|60\/100\n|\n|upkeep\n|turn|16\n|c|\u2606Coach Butter|a tast of my own medicine\n|\n|t:|1699060537\n|move|p1a: Swarly|Vacuum Wave|p2a: Sharpedo\n|-supereffective|p2a: Sharpedo\n|-damage|p2a: Sharpedo|0 fnt\n|faint|p2a: Sharpedo\n|\n|upkeep\n|c|\u2606Coach Butter|but alas\n|c|\u2606Coach Butter|earwax\n|\n|t:|1699060550\n|switch|p2a: Darmanitan|Darmanitan-Galar, F|100\/100\n|turn|17\n|\n|t:|1699060574\n|move|p1a: Swarly|Vacuum Wave|p2a: Darmanitan\n|-supereffective|p2a: Darmanitan\n|-damage|p2a: Darmanitan|51\/100\n|move|p2a: Darmanitan|Rock Slide|p1a: Swarly\n|-resisted|p1a: Swarly\n|-damage|p1a: Swarly|32\/100\n|\n|upkeep\n|turn|18\n|\n|t:|1699060583\n|move|p1a: Swarly|Vacuum Wave|p2a: Darmanitan\n|-supereffective|p2a: Darmanitan\n|-damage|p2a: Darmanitan|0 fnt\n|faint|p2a: Darmanitan\n|\n|upkeep\n|\n|t:|1699060588\n|switch|p2a: Gallade|Gallade, M, shiny|100\/100\n|turn|19\n|\n|t:|1699060603\n|detailschange|p2a: Gallade|Gallade-Mega, M, shiny\n|-mega|p2a: Gallade|Gallade|Galladite\n|move|p2a: Gallade|Close Combat|p1a: Swarly\n|-supereffective|p1a: Swarly\n|-damage|p1a: Swarly|0 fnt\n|-unboost|p2a: Gallade|def|1\n|-unboost|p2a: Gallade|spd|1\n|faint|p1a: Swarly\n|\n|upkeep\n|\n|t:|1699060624\n|switch|p1a: Daggers|Grimmsnarl, M|70\/100\n|turn|20\n|\n|t:|1699060649\n|move|p1a: Daggers|Thunder Wave|p2a: Gallade\n|-status|p2a: Gallade|par\n|move|p2a: Gallade|Close Combat|p1a: Daggers\n|-damage|p1a: Daggers|4\/100\n|-unboost|p2a: Gallade|def|1\n|-unboost|p2a: Gallade|spd|1\n|\n|-sideend|p1: Coach Butter|move: Light Screen\n|upkeep\n|turn|21\n|\n|t:|1699060674\n|move|p1a: Daggers|Parting Shot|p2a: Gallade\n|-unboost|p2a: Gallade|atk|1\n|-unboost|p2a: Gallade|spa|1\n|\n|t:|1699060677\n|switch|p1a: Edward Forty-Hands|Gliscor, M|89\/100 tox|[from] Parting Shot\n|cant|p2a: Gallade|par\n|\n|-heal|p1a: Edward Forty-Hands|100\/100 tox|[from] ability: Poison Heal\n|upkeep\n|turn|22\n|\n|t:|1699060702\n|move|p1a: Edward Forty-Hands|Earthquake|p2a: Gallade\n|-crit|p2a: Gallade\n|-damage|p2a: Gallade|0 fnt\n|faint|p2a: Gallade\n|\n|upkeep\n|\n|t:|1699060707\n|switch|p2a: Zapdos|Zapdos|100\/100\n|turn|23\n|\n|t:|1699060721\n|move|p2a: Zapdos|Hurricane|p1a: Edward Forty-Hands|[miss]\n|-miss|p2a: Zapdos|p1a: Edward Forty-Hands\n|move|p1a: Edward Forty-Hands|Earthquake|p2a: Zapdos\n|-immune|p2a: Zapdos\n|\n|upkeep\n|turn|24\n|c|\u2606Coach Butter|now see this is gonna take awhile\n|c|\u2606Coach Butter|I did that thing where I only bring ground attacks again\n|c|\u2606Samdunker34|hmm\n|c|\u2606Samdunker34|interesting\n|\n|t:|1699060741\n|move|p2a: Zapdos|Hurricane|p1a: Edward Forty-Hands\n|-damage|p1a: Edward Forty-Hands|42\/100 tox\n|move|p1a: Edward Forty-Hands|Toxic Spikes|p2a: Zapdos\n|-sidestart|p2: Samdunker34|move: Toxic Spikes\n|\n|-heal|p1a: Edward Forty-Hands|54\/100 tox|[from] ability: Poison Heal\n|upkeep\n|turn|25\n|c|\u2606Coach Butter|oh nm that's a lot of damage\n|c|\u2606Coach Butter|won't take that long lol\n|c|\u2606Samdunker34|phil swift\n|\n|t:|1699060757\n|move|p2a: Zapdos|Hurricane|p1a: Edward Forty-Hands\n|-damage|p1a: Edward Forty-Hands|0 fnt\n|faint|p1a: Edward Forty-Hands\n|\n|upkeep\n|\n|t:|1699060761\n|switch|p1a: Daggers|Grimmsnarl, M|4\/100\n|turn|26\n|\n|t:|1699060773\n|move|p2a: Zapdos|Hurricane|p1a: Daggers\n|-damage|p1a: Daggers|0 fnt\n|faint|p1a: Daggers\n|\n|win|Samdunker34\n|l| PorygonTheBot\n|c|\u2606Samdunker34|NO WAY\n|c|\u2606Samdunker34|I DID NOT JUST DO THAT\n|c|\u2606Samdunker34|gg\n|c|\u2606Coach Butter|let the record show that he never missed hurricane not even once\n|c|\u2606Coach Butter|gg\n|c|\u2606Coach Butter|Zapdos is not human\n|c|\u2606Samdunker34|I'm gonna tell my children about this\n|c|\u2606Coach Butter|I already told mine\n|c|\u2606Samdunker34|She is likely very disappointed\n|c|\u2606Samdunker34|Her father has a losing record\n|c|\u2606Coach Butter|She can't read, she thinks I won\n|c|\u2606Samdunker34|Valuable life lessons\n|c|\u2606Samdunker34|the illiterate always win\n|c|\u2606Coach Butter|sad but ture\n|c|\u2606Samdunker34|ok i gtg thx for the battle\n|c|\u2606Coach Butter|and I'm the one with talonflame, everyone else is just boned\n","uploadtime":1699060774,"views":20,"p1id":"coachbutter","p2id":"samdunker34","formatid":"gen9nationaldexubers","rating":0,"private":0,"password":""}