{"id":"gen9nationaldexubers-1982504626","p1":"zoragg","p2":"azurecoffin","format":"[Gen 9] National Dex Ubers","log":"|j|\u2606zoragg\n|j|\u2606azurecoffin\n|t:|1699021034\n|gametype|singles\n|player|p1|zoragg|dawn|1453\n|player|p2|azurecoffin|koga|1369\n|teamsize|p1|6\n|teamsize|p2|6\n|gen|9\n|tier|[Gen 9] National Dex Ubers\n|rated|\n|rule|HP Percentage Mod: HP is shown in percentages\n|rule|Endless Battle Clause: Forcing endless battles is banned\n|rule|OHKO Clause: OHKO moves are banned\n|rule|Evasion Moves Clause: Evasion moves are banned\n|rule|Evasion Items Clause: Evasion items are banned\n|rule|Species Clause: Limit one of each Pok\u00e9mon\n|rule|Sleep Clause Mod: Limit one foe put to sleep\n|rule|Mega Rayquaza Clause: You cannot mega evolve Rayquaza\n|clearpoke\n|poke|p1|Shuckle, M|\n|poke|p1|Yveltal|\n|poke|p1|Rayquaza|\n|poke|p1|Gholdengo|\n|poke|p1|Arceus-Ground|\n|poke|p1|Lucario, M|\n|poke|p2|Cloyster, M|\n|poke|p2|Eelektross, M|\n|poke|p2|Kingdra, M|\n|poke|p2|Nihilego|\n|poke|p2|Palafin, M|\n|poke|p2|Kyogre|\n|teampreview\n|inactive|Battle timer is ON: inactive players will automatically lose when time's up. (requested by zoragg)\n|\n|t:|1699021042\n|start\n|switch|p1a: Shuckle|Shuckle, M|100\/100\n|switch|p2a: Kyogre|Kyogre|100\/100\n|-weather|RainDance|[from] ability: Drizzle|[of] p2a: Kyogre\n|turn|1\n|\n|t:|1699021048\n|move|p2a: Kyogre|Water Spout|p1a: Shuckle\n|-supereffective|p1a: Shuckle\n|-ability|p1a: Shuckle|Sturdy\n|-damage|p1a: Shuckle|1\/100\n|move|p1a: Shuckle|Sticky Web|p2a: Kyogre\n|-sidestart|p2: azurecoffin|move: Sticky Web\n|\n|-weather|RainDance|[upkeep]\n|upkeep\n|turn|2\n|\n|t:|1699021055\n|move|p2a: Kyogre|Water Spout|p1a: Shuckle\n|-supereffective|p1a: Shuckle\n|-damage|p1a: Shuckle|0 fnt\n|faint|p1a: Shuckle\n|\n|-weather|RainDance|[upkeep]\n|upkeep\n|\n|t:|1699021059\n|switch|p1a: Rayquaza|Rayquaza|100\/100\n|-ability|p1a: Rayquaza|Air Lock\n|turn|3\n|\n|t:|1699021064\n|switch|p2a: Eelektross|Eelektross, M|100\/100\n|-terastallize|p1a: Rayquaza|Flying\n|move|p1a: Rayquaza|Dragon Ascent|p2a: Eelektross\n|-resisted|p2a: Eelektross\n|-damage|p2a: Eelektross|20\/100\n|-unboost|p1a: Rayquaza|def|1\n|-unboost|p1a: Rayquaza|spd|1\n|\n|-weather|RainDance|[upkeep]\n|-heal|p2a: Eelektross|26\/100|[from] item: Leftovers\n|upkeep\n|turn|4\n|\n|t:|1699021075\n|move|p1a: Rayquaza|Dragon Ascent|p2a: Eelektross\n|-resisted|p2a: Eelektross\n|-damage|p2a: Eelektross|0 fnt\n|-unboost|p1a: Rayquaza|def|1\n|-unboost|p1a: Rayquaza|spd|1\n|faint|p2a: Eelektross\n|\n|-weather|RainDance|[upkeep]\n|upkeep\n|\n|t:|1699021089\n|switch|p2a: Kingdra|Kingdra, M|100\/100\n|-activate|p2a: Kingdra|move: Sticky Web\n|-unboost|p2a: Kingdra|spe|1\n|turn|5\n|\n|t:|1699021096\n|switch|p1a: Yveltal|Yveltal|100\/100\n|-ability|p1a: Yveltal|Dark Aura\n|move|p2a: Kingdra|Ice Beam|p1a: Yveltal\n|-supereffective|p1a: Yveltal\n|-damage|p1a: Yveltal|52\/100\n|\n|-weather|none\n|upkeep\n|turn|6\n|\n|t:|1699021104\n|move|p1a: Yveltal|Oblivion Wing|p2a: Kingdra\n|-damage|p2a: Kingdra|33\/100\n|-heal|p1a: Yveltal|89\/100|[from] drain|[of] p2a: Kingdra\n|-damage|p1a: Yveltal|79\/100|[from] item: Life Orb\n|move|p2a: Kingdra|Ice Beam|p1a: Yveltal\n|-supereffective|p1a: Yveltal\n|-damage|p1a: Yveltal|30\/100\n|\n|upkeep\n|turn|7\n|\n|t:|1699021114\n|move|p1a: Yveltal|Oblivion Wing|p2a: Kingdra\n|-damage|p2a: Kingdra|0 fnt\n|-heal|p1a: Yveltal|48\/100|[from] drain|[of] p2a: Kingdra\n|faint|p2a: Kingdra\n|-damage|p1a: Yveltal|38\/100|[from] item: Life Orb\n|\n|upkeep\n|\n|t:|1699021121\n|switch|p2a: Palafin|Palafin, M|100\/100\n|-activate|p2a: Palafin|move: Sticky Web\n|-unboost|p2a: Palafin|spe|1\n|turn|8\n|\n|t:|1699021126\n|-terastallize|p2a: Palafin|Water\n|move|p2a: Palafin|Jet Punch|p1a: Yveltal\n|-damage|p1a: Yveltal|3\/100\n|move|p1a: Yveltal|Oblivion Wing|p2a: Palafin\n|-damage|p2a: Palafin|10\/100\n|-heal|p1a: Yveltal|62\/100|[from] drain|[of] p2a: Palafin\n|-damage|p1a: Yveltal|52\/100|[from] item: Life Orb\n|\n|upkeep\n|turn|9\n|\n|t:|1699021136\n|move|p2a: Palafin|Jet Punch|p1a: Yveltal\n|-damage|p1a: Yveltal|17\/100\n|move|p1a: Yveltal|Oblivion Wing|p2a: Palafin\n|-damage|p2a: Palafin|0 fnt\n|-heal|p1a: Yveltal|23\/100|[from] drain|[of] p2a: Palafin\n|faint|p2a: Palafin\n|-damage|p1a: Yveltal|13\/100|[from] item: Life Orb\n|\n|upkeep\n|\n|t:|1699021145\n|switch|p2a: Kyogre|Kyogre|100\/100\n|-activate|p2a: Kyogre|move: Sticky Web\n|-unboost|p2a: Kyogre|spe|1\n|-weather|RainDance|[from] ability: Drizzle|[of] p2a: Kyogre\n|turn|10\n|\n|t:|1699021155\n|move|p2a: Kyogre|Ice Beam|p1a: Yveltal\n|-supereffective|p1a: Yveltal\n|-damage|p1a: Yveltal|0 fnt\n|faint|p1a: Yveltal\n|\n|-weather|RainDance|[upkeep]\n|upkeep\n|\n|t:|1699021161\n|switch|p1a: Lucario|Lucario, M|100\/100\n|turn|11\n|inactive|azurecoffin has 120 seconds left.\n|\n|t:|1699021204\n|switch|p2a: Nihilego|Nihilego|100\/100\n|-activate|p2a: Nihilego|move: Sticky Web\n|-unboost|p2a: Nihilego|spe|1\n|detailschange|p1a: Lucario|Lucario-Mega, M\n|-mega|p1a: Lucario|Lucario|Lucarionite\n|move|p1a: Lucario|Swords Dance|p1a: Lucario\n|-boost|p1a: Lucario|atk|2\n|\n|-weather|RainDance|[upkeep]\n|upkeep\n|turn|12\n|\n|t:|1699021216\n|move|p1a: Lucario|Close Combat|p2a: Nihilego\n|-damage|p2a: Nihilego|0 fnt\n|-unboost|p1a: Lucario|def|1\n|-unboost|p1a: Lucario|spd|1\n|faint|p2a: Nihilego\n|\n|-weather|RainDance|[upkeep]\n|upkeep\n|\n|t:|1699021223\n|switch|p2a: Cloyster|Cloyster, M, shiny|100\/100\n|-activate|p2a: Cloyster|move: Sticky Web\n|-unboost|p2a: Cloyster|spe|1\n|-enditem|p2a: Cloyster|White Herb\n|-clearnegativeboost|p2a: Cloyster|[silent]\n|turn|13\n|inactive|azurecoffin has 120 seconds left.\n|\n|t:|1699021229\n|move|p1a: Lucario|Close Combat|p2a: Cloyster\n|-supereffective|p2a: Cloyster\n|-damage|p2a: Cloyster|0 fnt\n|-unboost|p1a: Lucario|def|1\n|-unboost|p1a: Lucario|spd|1\n|faint|p2a: Cloyster\n|\n|-weather|RainDance|[upkeep]\n|upkeep\n|inactive|azurecoffin has 120 seconds left.\n|\n|t:|1699021236\n|switch|p2a: Kyogre|Kyogre|100\/100\n|-activate|p2a: Kyogre|move: Sticky Web\n|-unboost|p2a: Kyogre|spe|1\n|turn|14\n|\n|t:|1699021241\n|move|p1a: Lucario|Close Combat|p2a: Kyogre\n|-damage|p2a: Kyogre|0 fnt\n|-unboost|p1a: Lucario|def|1\n|-unboost|p1a: Lucario|spd|1\n|faint|p2a: Kyogre\n|\n|win|zoragg\n|raw|zoragg's rating: 1453 &rarr; <strong>1468<\/strong><br \/>(+15 for winning)\n|raw|azurecoffin's rating: 1369 &rarr; <strong>1354<\/strong><br \/>(-15 for losing)\n","uploadtime":1699021303,"views":13,"p1id":"zoragg","p2id":"azurecoffin","formatid":"gen9nationaldexubers","rating":1354,"private":0,"password":""}