{"id":"gen9nationaldexubers-1984313243","p1":"wholesomegardepls","p2":"aguinaldo124","format":"[Gen 9] National Dex Ubers","log":"|j|\u2606wholesomegardepls\n|j|\u2606aguinaldo124\n|t:|1699242410\n|gametype|singles\n|player|p1|wholesomegardepls|ghetsis-gen5bw|1189\n|player|p2|aguinaldo124|bruno|1165\n|teamsize|p1|6\n|teamsize|p2|6\n|gen|9\n|tier|[Gen 9] National Dex Ubers\n|rated|\n|rule|HP Percentage Mod: HP is shown in percentages\n|rule|Endless Battle Clause: Forcing endless battles is banned\n|rule|OHKO Clause: OHKO moves are banned\n|rule|Evasion Moves Clause: Evasion moves are banned\n|rule|Evasion Items Clause: Evasion items are banned\n|rule|Species Clause: Limit one of each Pok\u00e9mon\n|rule|Sleep Clause Mod: Limit one foe put to sleep\n|rule|Mega Rayquaza Clause: You cannot mega evolve Rayquaza\n|clearpoke\n|poke|p1|Urshifu-*, M|\n|poke|p1|Necrozma-Dusk-Mane|\n|poke|p1|Eternatus|\n|poke|p1|Regieleki|\n|poke|p1|Darmanitan-Galar, M|\n|poke|p1|Chien-Pao|\n|poke|p2|Comfey, M|\n|poke|p2|Mimikyu, F|\n|poke|p2|Klefki, F|\n|poke|p2|Hatterene, F|\n|poke|p2|Iron Valiant|\n|poke|p2|Mawile, M|\n|teampreview\n|inactive|Battle timer is ON: inactive players will automatically lose when time's up. (requested by wholesomegardepls)\n|\n|t:|1699242417\n|start\n|switch|p1a: Necrozma|Necrozma-Dusk-Mane, shiny|100\/100\n|switch|p2a: Klefki|Klefki, F|100\/100\n|turn|1\n|\n|t:|1699242424\n|move|p2a: Klefki|Thunder Wave|p1a: Necrozma\n|-status|p1a: Necrozma|par\n|move|p1a: Necrozma|Stealth Rock|p2a: Klefki\n|-sidestart|p2: aguinaldo124|move: Stealth Rock\n|\n|upkeep\n|turn|2\n|\n|t:|1699242432\n|move|p2a: Klefki|Reflect|p2a: Klefki\n|-sidestart|p2: aguinaldo124|Reflect\n|move|p1a: Necrozma|Sunsteel Strike|p2a: Klefki\n|-damage|p2a: Klefki|78\/100\n|\n|upkeep\n|turn|3\n|\n|t:|1699242440\n|move|p2a: Klefki|Light Screen|p2a: Klefki\n|-sidestart|p2: aguinaldo124|move: Light Screen\n|move|p1a: Necrozma|Sunsteel Strike|p2a: Klefki\n|-damage|p2a: Klefki|59\/100\n|\n|upkeep\n|turn|4\n|\n|t:|1699242463\n|move|p2a: Klefki|Spikes|p1a: Necrozma\n|-sidestart|p1: wholesomegardepls|Spikes\n|move|p1a: Necrozma|Sunsteel Strike|p2a: Klefki\n|-damage|p2a: Klefki|37\/100\n|\n|upkeep\n|turn|5\n|\n|t:|1699242471\n|move|p2a: Klefki|Spikes|p1a: Necrozma\n|-sidestart|p1: wholesomegardepls|Spikes\n|cant|p1a: Necrozma|par\n|\n|upkeep\n|turn|6\n|\n|t:|1699242476\n|move|p2a: Klefki|Spikes|p1a: Necrozma\n|-sidestart|p1: wholesomegardepls|Spikes\n|move|p1a: Necrozma|Sunsteel Strike|p2a: Klefki\n|-damage|p2a: Klefki|17\/100\n|\n|upkeep\n|turn|7\n|\n|t:|1699242489\n|move|p2a: Klefki|Spikes||[still]\n|-fail|p2a: Klefki\n|cant|p1a: Necrozma|par\n|\n|upkeep\n|turn|8\n|\n|t:|1699242496\n|move|p2a: Klefki|Spikes||[still]\n|-fail|p2a: Klefki\n|move|p1a: Necrozma|Sunsteel Strike|p2a: Klefki\n|-crit|p2a: Klefki\n|-damage|p2a: Klefki|0 fnt\n|faint|p2a: Klefki\n|\n|upkeep\n|c|\u2606wholesomegardepls|ofc the last one had to be a crit\n|c|\u2606aguinaldo124|You did it!\n|c|\u2606aguinaldo124|Lol\n|c|\u2606aguinaldo124|Sorry about that\n|\n|t:|1699242520\n|switch|p2a: Mimikyu|Mimikyu, F|100\/100\n|-damage|p2a: Mimikyu|88\/100|[from] Stealth Rock\n|turn|9\n|c|\u2606wholesomegardepls|its fineee\n|\n|t:|1699242527\n|move|p2a: Mimikyu|Swords Dance|p2a: Mimikyu\n|-boost|p2a: Mimikyu|atk|2\n|move|p1a: Necrozma|Toxic|p2a: Mimikyu\n|-status|p2a: Mimikyu|tox\n|\n|-damage|p2a: Mimikyu|82\/100 tox|[from] psn\n|-sideend|p2: aguinaldo124|Reflect\n|upkeep\n|turn|10\n|c|\u2606aguinaldo124|Solid toxic ngl\n|\n|t:|1699242547\n|move|p2a: Mimikyu|Drain Punch|p1a: Necrozma\n|-damage|p1a: Necrozma|77\/100 par\n|-heal|p2a: Mimikyu|100\/100 tox|[from] drain|[of] p1a: Necrozma\n|cant|p1a: Necrozma|par\n|\n|-heal|p1a: Necrozma|83\/100 par|[from] item: Leftovers\n|-damage|p2a: Mimikyu|89\/100 tox|[from] psn\n|-sideend|p2: aguinaldo124|move: Light Screen\n|upkeep\n|turn|11\n|\n|t:|1699242558\n|move|p2a: Mimikyu|Swords Dance|p2a: Mimikyu\n|-boost|p2a: Mimikyu|atk|2\n|move|p1a: Necrozma|Sunsteel Strike|p2a: Mimikyu\n|-supereffective|p2a: Mimikyu\n|-damage|p2a: Mimikyu|0 fnt\n|faint|p2a: Mimikyu\n|\n|-heal|p1a: Necrozma|89\/100 par|[from] item: Leftovers\n|upkeep\n|c|\u2606aguinaldo124|Uh\n|c|\u2606aguinaldo124|I forgot about that detail\n|inactive|aguinaldo124 has 120 seconds left.\n|\n|t:|1699242581\n|switch|p2a: Mawile|Mawile, M|100\/100\n|-damage|p2a: Mawile|94\/100|[from] Stealth Rock\n|turn|12\n|\n|t:|1699242599\n|detailschange|p2a: Mawile|Mawile-Mega, M\n|-mega|p2a: Mawile|Mawile|Mawilite\n|move|p2a: Mawile|Swords Dance|p2a: Mawile\n|-boost|p2a: Mawile|atk|2\n|move|p1a: Necrozma|Sunsteel Strike|p2a: Mawile\n|-damage|p2a: Mawile|45\/100\n|\n|-heal|p1a: Necrozma|95\/100 par|[from] item: Leftovers\n|upkeep\n|turn|13\n|\n|t:|1699242611\n|move|p2a: Mawile|Sucker Punch|p1a: Necrozma\n|-supereffective|p1a: Necrozma\n|-damage|p1a: Necrozma|7\/100 par\n|cant|p1a: Necrozma|par\n|\n|-heal|p1a: Necrozma|13\/100 par|[from] item: Leftovers\n|upkeep\n|turn|14\n|c|\u2606aguinaldo124|Damn\n|\n|t:|1699242624\n|move|p2a: Mawile|Sucker Punch||[still]\n|-fail|p2a: Mawile\n|cant|p1a: Necrozma|par\n|\n|-heal|p1a: Necrozma|19\/100 par|[from] item: Leftovers\n|upkeep\n|turn|15\n|\n|t:|1699242632\n|move|p2a: Mawile|Sucker Punch||[still]\n|-fail|p2a: Mawile\n|move|p1a: Necrozma|Morning Sun|p1a: Necrozma\n|-heal|p1a: Necrozma|69\/100 par\n|\n|-heal|p1a: Necrozma|75\/100 par|[from] item: Leftovers\n|upkeep\n|turn|16\n|\n|t:|1699242642\n|move|p2a: Mawile|Sucker Punch|p1a: Necrozma\n|-supereffective|p1a: Necrozma\n|-damage|p1a: Necrozma|0 fnt\n|faint|p1a: Necrozma\n|\n|upkeep\n|\n|t:|1699242645\n|switch|p1a: Regieleki|Regieleki, shiny|100\/100\n|turn|17\n|\n|t:|1699242653\n|move|p2a: Mawile|Sucker Punch|p1a: Regieleki\n|-damage|p1a: Regieleki|0 fnt\n|faint|p1a: Regieleki\n|\n|upkeep\n|c|\u2606aguinaldo124|Did i saved my hazards?\n|\n|t:|1699242665\n|switch|p1a: Eternatus|Eternatus|100\/100\n|-damage|p1a: Eternatus|76\/100|[from] Spikes\n|-ability|p1a: Eternatus|Pressure\n|turn|18\n|\n|t:|1699242671\n|move|p2a: Mawile|Sucker Punch|p1a: Eternatus\n|-damage|p1a: Eternatus|0 fnt\n|faint|p1a: Eternatus\n|\n|upkeep\n|j| Pikapikaraipika\n|c|\u2606wholesomegardepls|bruhhhhhh\n|c|\u2606aguinaldo124|Holy\n|l| Pikapikaraipika\n|\n|t:|1699242688\n|switch|p1a: Chien-Pao|Chien-Pao|100\/100\n|-damage|p1a: Chien-Pao|76\/100|[from] Spikes\n|-ability|p1a: Chien-Pao|Sword of Ruin\n|turn|19\n|c|\u2606aguinaldo124|Someone joined lol\n|\n|t:|1699242694\n|move|p1a: Chien-Pao|Ice Spinner|p2a: Mawile\n|-resisted|p2a: Mawile\n|-damage|p2a: Mawile|11\/100\n|-damage|p1a: Chien-Pao|66\/100|[from] item: Life Orb\n|move|p2a: Mawile|Play Rough|p1a: Chien-Pao\n|-supereffective|p1a: Chien-Pao\n|-damage|p1a: Chien-Pao|0 fnt\n|faint|p1a: Chien-Pao\n|\n|upkeep\n|\n|t:|1699242698\n|switch|p1a: Darmanitan|Darmanitan-Galar, M, shiny|100\/100\n|-damage|p1a: Darmanitan|76\/100|[from] Spikes\n|turn|20\n|c|\u2606aguinaldo124|I tough you would use ice shadd\n|c|\u2606aguinaldo124|Shard\n|\n|t:|1699242719\n|move|p2a: Mawile|Sucker Punch|p1a: Darmanitan\n|-damage|p1a: Darmanitan|0 fnt\n|faint|p1a: Darmanitan\n|\n|upkeep\n|c|\u2606wholesomegardepls|welp\n|c|\u2606wholesomegardepls|i've officially lsot\n|\n|t:|1699242728\n|switch|p1a: Urshifu|Urshifu, M|100\/100\n|-damage|p1a: Urshifu|76\/100|[from] Spikes\n|turn|21\n|c|\u2606aguinaldo124|Rapid strike...???\n|c|\u2606aguinaldo124|Bruh\n|c|\u2606aguinaldo124|I still have triage draining kiss toigh\n|\n|t:|1699242750\n|-terastallize|p1a: Urshifu|Poison\n|move|p1a: Urshifu|Wicked Blow|p2a: Mawile\n|-resisted|p2a: Mawile\n|-crit|p2a: Mawile\n|-damage|p2a: Mawile|0 fnt\n|faint|p2a: Mawile\n|-damage|p1a: Urshifu|66\/100|[from] item: Life Orb\n|\n|upkeep\n|\n|t:|1699242759\n|switch|p2a: Iron Valiant|Iron Valiant|100\/100\n|-damage|p2a: Iron Valiant|94\/100|[from] Stealth Rock\n|-enditem|p2a: Iron Valiant|Booster Energy\n|-activate|p2a: Iron Valiant|ability: Quark Drive|[fromitem]\n|-start|p2a: Iron Valiant|quarkdrivespe\n|turn|22\n|c|\u2606wholesomegardepls|single strike\n|c|\u2606wholesomegardepls|welp\n|c|\u2606wholesomegardepls|gg\n|\n|t:|1699242768\n|move|p2a: Iron Valiant|Thunderbolt|p1a: Urshifu\n|-damage|p1a: Urshifu|17\/100\n|move|p1a: Urshifu|Poison Jab|p2a: Iron Valiant\n|-supereffective|p2a: Iron Valiant\n|-damage|p2a: Iron Valiant|0 fnt\n|faint|p2a: Iron Valiant\n|-end|p2a: Iron Valiant|Quark Drive|[silent]\n|-damage|p1a: Urshifu|7\/100|[from] item: Life Orb\n|\n|upkeep\n|c|\u2606wholesomegardepls|this is where i die\n|c|\u2606aguinaldo124|Its fiine\n|c|\u2606aguinaldo124|Gg\n|inactive|aguinaldo124 has 120 seconds left.\n|\n|t:|1699242785\n|switch|p2a: Comfey|Comfey, M|100\/100\n|-damage|p2a: Comfey|88\/100|[from] Stealth Rock\n|turn|23\n|c|\u2606wholesomegardepls|good team tho\n|inactive|aguinaldo124 has 120 seconds left.\n|\n|t:|1699242796\n|-terastallize|p2a: Comfey|Fairy\n|move|p2a: Comfey|Draining Kiss|p1a: Urshifu\n|-resisted|p1a: Urshifu\n|-damage|p1a: Urshifu|0 fnt\n|-heal|p2a: Comfey|97\/100|[from] drain|[of] p1a: Urshifu\n|faint|p1a: Urshifu\n|\n|win|aguinaldo124\n|raw|wholesomegardepls's rating: 1189 &rarr; <strong>1162<\/strong><br \/>(-27 for losing)\n|raw|aguinaldo124's rating: 1165 &rarr; <strong>1192<\/strong><br \/>(+27 for winning)\n|c|\u2606wholesomegardepls|gg wp\n|c|\u2606aguinaldo124|Ggwp\n|l|\u2606wholesomegardepls\n","uploadtime":1699242812,"views":3,"p1id":"wholesomegardepls","p2id":"aguinaldo124","formatid":"gen9nationaldexubers","rating":1162,"private":0,"password":""}