{"id":"gen9nationaldexubers-1984890721","p1":"Applesowo","p2":"Obito 2001","format":"[Gen 9] National Dex Ubers","log":"|j|\u2606Applesowo\n|j|\u2606Obito 2001\n|t:|1699308027\n|gametype|singles\n|player|p1|Applesowo|1|1511\n|player|p2|Obito 2001|blue-gen3two|1869\n|teamsize|p1|6\n|teamsize|p2|6\n|gen|9\n|tier|[Gen 9] National Dex Ubers\n|rated|\n|rule|HP Percentage Mod: HP is shown in percentages\n|rule|Endless Battle Clause: Forcing endless battles is banned\n|rule|OHKO Clause: OHKO moves are banned\n|rule|Evasion Moves Clause: Evasion moves are banned\n|rule|Evasion Items Clause: Evasion items are banned\n|rule|Species Clause: Limit one of each Pok\u00e9mon\n|rule|Sleep Clause Mod: Limit one foe put to sleep\n|rule|Mega Rayquaza Clause: You cannot mega evolve Rayquaza\n|clearpoke\n|poke|p1|Zygarde|\n|poke|p1|Mewtwo|\n|poke|p1|Arceus|\n|poke|p1|Ho-Oh|\n|poke|p1|Groudon|\n|poke|p1|Necrozma-Dusk-Mane|\n|poke|p2|Arceus-Water|\n|poke|p2|Ditto|\n|poke|p2|Kingambit, F|\n|poke|p2|Xerneas-*|\n|poke|p2|Giratina-Origin|\n|poke|p2|Necrozma-Dusk-Mane|\n|teampreview\n|inactive|Battle timer is ON: inactive players will automatically lose when time's up. (requested by Obito 2001)\n|c|\u2606Applesowo|looks like a stacked team\n|\n|t:|1699308052\n|start\n|switch|p1a: Mewtwo|Mewtwo|100\/100\n|switch|p2a: Necrozma|Necrozma-Dusk-Mane|100\/100\n|-ability|p1a: Mewtwo|Pressure\n|turn|1\n|\n|t:|1699308056\n|detailschange|p1a: Mewtwo|Mewtwo-Mega-Y\n|-mega|p1a: Mewtwo|Mewtwo|Mewtwonite Y\n|move|p1a: Mewtwo|Fire Blast|p2a: Necrozma\n|-supereffective|p2a: Necrozma\n|-damage|p2a: Necrozma|23\/100\n|-status|p2a: Necrozma|brn\n|move|p2a: Necrozma|Stealth Rock|p1a: Mewtwo\n|-sidestart|p1: Applesowo|move: Stealth Rock\n|\n|-damage|p2a: Necrozma|17\/100 brn|[from] brn\n|upkeep\n|turn|2\n|\n|t:|1699308076\n|switch|p2a: Giratina|Giratina-Origin|100\/100\n|move|p1a: Mewtwo|Ice Beam|p2a: Giratina\n|-supereffective|p2a: Giratina\n|-damage|p2a: Giratina|37\/100\n|\n|upkeep\n|turn|3\n|\n|t:|1699308084\n|move|p2a: Giratina|Shadow Sneak|p1a: Mewtwo\n|-supereffective|p1a: Mewtwo\n|-damage|p1a: Mewtwo|43\/100\n|move|p1a: Mewtwo|Ice Beam|p2a: Giratina\n|-supereffective|p2a: Giratina\n|-damage|p2a: Giratina|0 fnt\n|faint|p2a: Giratina\n|\n|upkeep\n|\n|t:|1699308097\n|switch|p2a: Ditto|Ditto, shiny|100\/100\n|-transform|p2a: Ditto|p1a: Mewtwo|[from] ability: Imposter\n|turn|4\n|\n|t:|1699308118\n|switch|p1a: Ho-Oh|Ho-Oh|100\/100\n|move|p2a: Ditto|Psystrike|p1a: Ho-Oh\n|-damage|p1a: Ho-Oh|55\/100\n|\n|upkeep\n|turn|5\n|\n|t:|1699308123\n|move|p2a: Ditto|Psystrike|p1a: Ho-Oh\n|-damage|p1a: Ho-Oh|5\/100\n|move|p1a: Ho-Oh|Sacred Fire|p2a: Ditto\n|-damage|p2a: Ditto|29\/100\n|\n|upkeep\n|turn|6\n|\n|t:|1699308132\n|switch|p1a: Necrozma|Necrozma-Dusk-Mane|100\/100\n|-damage|p1a: Necrozma|94\/100|[from] Stealth Rock\n|move|p2a: Ditto|Psystrike|p1a: Necrozma\n|-resisted|p1a: Necrozma\n|-damage|p1a: Necrozma|80\/100\n|\n|upkeep\n|turn|7\n|\n|t:|1699308141\n|switch|p2a: Arceus|Arceus-Water|100\/100\n|move|p1a: Necrozma|Earthquake|p2a: Arceus\n|-damage|p2a: Arceus|70\/100\n|\n|upkeep\n|turn|8\n|\n|t:|1699308150\n|switch|p1a: Ho-Oh|Ho-Oh|38\/100\n|move|p2a: Arceus|Taunt|p1a: Ho-Oh\n|-start|p1a: Ho-Oh|move: Taunt\n|\n|upkeep\n|turn|9\n|\n|t:|1699308154\n|move|p2a: Arceus|Toxic|p1a: Ho-Oh\n|-status|p1a: Ho-Oh|tox\n|move|p1a: Ho-Oh|Sacred Fire|p2a: Arceus\n|-resisted|p2a: Arceus\n|-damage|p2a: Arceus|54\/100\n|\n|-damage|p1a: Ho-Oh|32\/100 tox|[from] psn\n|upkeep\n|turn|10\n|\n|t:|1699308166\n|switch|p1a: Groudon|Groudon|100\/100\n|-damage|p1a: Groudon|94\/100|[from] Stealth Rock\n|detailschange|p1a: Groudon|Groudon-Primal\n|-primal|p1a: Groudon|Red Orb\n|-weather|DesolateLand|[from] ability: Desolate Land|[of] p1a: Groudon\n|move|p2a: Arceus|Recover|p2a: Arceus\n|-heal|p2a: Arceus|100\/100\n|\n|-weather|DesolateLand|[upkeep]\n|upkeep\n|turn|11\n|\n|t:|1699308174\n|move|p2a: Arceus|Taunt|p1a: Groudon\n|-start|p1a: Groudon|move: Taunt\n|cant|p1a: Groudon|move: Taunt|Toxic\n|\n|-weather|DesolateLand|[upkeep]\n|upkeep\n|turn|12\n|\n|t:|1699308181\n|-weather|none\n|switch|p1a: Necrozma|Necrozma-Dusk-Mane|80\/100\n|-damage|p1a: Necrozma|74\/100|[from] Stealth Rock\n|move|p2a: Arceus|Toxic|p1a: Necrozma\n|-immune|p1a: Necrozma\n|\n|upkeep\n|turn|13\n|\n|t:|1699308192\n|move|p2a: Arceus|Judgment|p1a: Necrozma\n|-damage|p1a: Necrozma|34\/100\n|move|p1a: Necrozma|Photon Geyser|p2a: Arceus\n|-damage|p2a: Arceus|60\/100\n|\n|upkeep\n|turn|14\n|\n|t:|1699308210\n|move|p2a: Arceus|Judgment|p1a: Necrozma\n|-damage|p1a: Necrozma|0 fnt\n|faint|p1a: Necrozma\n|\n|upkeep\n|\n|t:|1699308213\n|switch|p1a: Arceus|Arceus|100\/100\n|-damage|p1a: Arceus|88\/100|[from] Stealth Rock\n|turn|15\n|\n|t:|1699308216\n|move|p2a: Arceus|Taunt|p1a: Arceus\n|-start|p1a: Arceus|move: Taunt\n|cant|p1a: Arceus|move: Taunt|Swords Dance\n|\n|upkeep\n|turn|16\n|\n|t:|1699308224\n|move|p2a: Arceus|Recover|p2a: Arceus\n|-heal|p2a: Arceus|100\/100\n|move|p1a: Arceus|Shadow Claw|p2a: Arceus\n|-damage|p2a: Arceus|83\/100\n|\n|upkeep\n|turn|17\n|c|\u2606Applesowo|oh its not jolly pain\n|\n|t:|1699308243\n|switch|p1a: Ho-Oh|Ho-Oh|66\/100 tox\n|move|p2a: Arceus|Toxic|p1a: Ho-Oh\n|-fail|p1a: Ho-Oh|tox\n|\n|-damage|p1a: Ho-Oh|60\/100 tox|[from] psn\n|upkeep\n|turn|18\n|\n|t:|1699308247\n|move|p2a: Arceus|Taunt|p1a: Ho-Oh\n|-start|p1a: Ho-Oh|move: Taunt\n|move|p1a: Ho-Oh|Sacred Fire|p2a: Arceus\n|-resisted|p2a: Arceus\n|-damage|p2a: Arceus|69\/100\n|\n|-damage|p1a: Ho-Oh|47\/100 tox|[from] psn\n|upkeep\n|turn|19\n|\n|t:|1699308251\n|move|p2a: Arceus|Judgment|p1a: Ho-Oh\n|-supereffective|p1a: Ho-Oh\n|-damage|p1a: Ho-Oh|0 fnt\n|faint|p1a: Ho-Oh\n|\n|upkeep\n|\n|t:|1699308256\n|switch|p1a: Zygarde|Zygarde|100\/100\n|-damage|p1a: Zygarde|94\/100|[from] Stealth Rock\n|turn|20\n|\n|t:|1699308261\n|move|p2a: Arceus|Taunt|p1a: Zygarde\n|-start|p1a: Zygarde|move: Taunt\n|cant|p1a: Zygarde|move: Taunt|Dragon Dance\n|\n|-heal|p1a: Zygarde|100\/100|[from] item: Leftovers\n|upkeep\n|turn|21\n|\n|t:|1699308264\n|move|p2a: Arceus|Toxic|p1a: Zygarde\n|-status|p1a: Zygarde|tox\n|move|p1a: Zygarde|Thousand Waves|p2a: Arceus\n|-damage|p2a: Arceus|42\/100\n|-activate|p2a: Arceus|trapped\n|\n|-damage|p1a: Zygarde|94\/100 tox|[from] psn\n|upkeep\n|turn|22\n|\n|t:|1699308267\n|move|p2a: Arceus|Recover|p2a: Arceus\n|-heal|p2a: Arceus|92\/100\n|move|p1a: Zygarde|Thousand Arrows|p2a: Arceus\n|-crit|p2a: Arceus\n|-damage|p2a: Arceus|53\/100\n|\n|-heal|p1a: Zygarde|100\/100 tox|[from] item: Leftovers\n|-damage|p1a: Zygarde|88\/100 tox|[from] psn\n|-end|p1a: Zygarde|move: Taunt\n|upkeep\n|turn|23\n|\n|t:|1699308269\n|move|p2a: Arceus|Taunt|p1a: Zygarde\n|-start|p1a: Zygarde|move: Taunt\n|move|p1a: Zygarde|Thousand Arrows|p2a: Arceus\n|-damage|p2a: Arceus|26\/100\n|\n|-heal|p1a: Zygarde|94\/100 tox|[from] item: Leftovers\n|-damage|p1a: Zygarde|76\/100 tox|[from] psn\n|upkeep\n|turn|24\n|\n|t:|1699308272\n|move|p2a: Arceus|Recover|p2a: Arceus\n|-heal|p2a: Arceus|76\/100\n|move|p1a: Zygarde|Thousand Arrows|p2a: Arceus\n|-damage|p2a: Arceus|48\/100\n|\n|-heal|p1a: Zygarde|82\/100 tox|[from] item: Leftovers\n|-damage|p1a: Zygarde|58\/100 tox|[from] psn\n|upkeep\n|turn|25\n|\n|t:|1699308276\n|move|p2a: Arceus|Recover|p2a: Arceus\n|-heal|p2a: Arceus|98\/100\n|move|p1a: Zygarde|Thousand Arrows|p2a: Arceus\n|-damage|p2a: Arceus|69\/100\n|\n|-heal|p1a: Zygarde|64\/100 tox|[from] item: Leftovers\n|-damage|p1a: Zygarde|33\/100 tox|[from] psn\n|-end|p1a: Zygarde|move: Taunt\n|-activate|p1a: Zygarde|ability: Power Construct\n|detailschange|p1a: Zygarde|Zygarde-Complete\n|-heal|p1a: Zygarde|58\/100 tox|[silent]\n|upkeep\n|turn|26\n|\n|t:|1699308284\n|move|p2a: Arceus|Taunt|p1a: Zygarde\n|-start|p1a: Zygarde|move: Taunt\n|cant|p1a: Zygarde|move: Taunt|Rest\n|\n|-heal|p1a: Zygarde|64\/100 tox|[from] item: Leftovers\n|-damage|p1a: Zygarde|27\/100 tox|[from] psn\n|upkeep\n|turn|27\n|\n|t:|1699308291\n|move|p2a: Arceus|Judgment|p1a: Zygarde\n|-damage|p1a: Zygarde|0 fnt\n|faint|p1a: Zygarde\n|\n|upkeep\n|\n|t:|1699308294\n|switch|p1a: Mewtwo|Mewtwo-Mega-Y|43\/100\n|-damage|p1a: Mewtwo|30\/100|[from] Stealth Rock\n|turn|28\n|\n|t:|1699308299\n|switch|p2a: Kingambit|Kingambit, F|100\/100\n|-activate|p2a: Kingambit|ability: Supreme Overlord\n|-start|p2a: Kingambit|fallen1|[silent]\n|move|p1a: Mewtwo|Psystrike|p2a: Kingambit\n|-immune|p2a: Kingambit\n|\n|upkeep\n|turn|29\n|\n|t:|1699308305\n|move|p2a: Kingambit|Sucker Punch||[still]\n|-fail|p2a: Kingambit\n|move|p1a: Mewtwo|Nasty Plot|p1a: Mewtwo\n|-boost|p1a: Mewtwo|spa|2\n|\n|upkeep\n|turn|30\n|\n|t:|1699308308\n|move|p2a: Kingambit|Sucker Punch||[still]\n|-fail|p2a: Kingambit\n|move|p1a: Mewtwo|Nasty Plot|p1a: Mewtwo\n|-boost|p1a: Mewtwo|spa|2\n|\n|upkeep\n|turn|31\n|\n|t:|1699308310\n|move|p2a: Kingambit|Sucker Punch||[still]\n|-fail|p2a: Kingambit\n|move|p1a: Mewtwo|Nasty Plot|p1a: Mewtwo\n|-boost|p1a: Mewtwo|spa|2\n|\n|upkeep\n|turn|32\n|\n|t:|1699308312\n|move|p2a: Kingambit|Sucker Punch||[still]\n|-fail|p2a: Kingambit\n|move|p1a: Mewtwo|Nasty Plot|p1a: Mewtwo\n|-boost|p1a: Mewtwo|spa|0\n|\n|upkeep\n|turn|33\n|\n|t:|1699308320\n|move|p1a: Mewtwo|Nasty Plot|p1a: Mewtwo\n|-boost|p1a: Mewtwo|spa|0\n|move|p2a: Kingambit|Knock Off|p1a: Mewtwo\n|-supereffective|p1a: Mewtwo\n|-damage|p1a: Mewtwo|0 fnt\n|faint|p1a: Mewtwo\n|\n|upkeep\n|c|\u2606Applesowo|wp\n|\n|t:|1699308324\n|switch|p1a: Arceus|Arceus|88\/100\n|-damage|p1a: Arceus|76\/100|[from] Stealth Rock\n|turn|34\n|\n|t:|1699308327\n|move|p1a: Arceus|Swords Dance|p1a: Arceus\n|-boost|p1a: Arceus|atk|2\n|move|p2a: Kingambit|Knock Off|p1a: Arceus\n|-damage|p1a: Arceus|27\/100\n|-enditem|p1a: Arceus|Chople Berry|[from] move: Knock Off|[of] p2a: Kingambit\n|\n|upkeep\n|turn|35\n|\n|t:|1699308332\n|move|p2a: Kingambit|Sucker Punch||[still]\n|-fail|p2a: Kingambit\n|move|p1a: Arceus|Recover|p1a: Arceus\n|-heal|p1a: Arceus|77\/100\n|\n|upkeep\n|turn|36\n|\n|t:|1699308336\n|move|p1a: Arceus|Swords Dance|p1a: Arceus\n|-boost|p1a: Arceus|atk|2\n|move|p2a: Kingambit|Swords Dance|p2a: Kingambit\n|-boost|p2a: Kingambit|atk|2\n|\n|upkeep\n|turn|37\n|\n|t:|1699308341\n|move|p1a: Arceus|Extreme Speed|p2a: Kingambit\n|-resisted|p2a: Kingambit\n|-damage|p2a: Kingambit|56\/100\n|move|p2a: Kingambit|Iron Head|p1a: Arceus\n|-damage|p1a: Arceus|10\/100\n|\n|upkeep\n|turn|38\n|c|\u2606Applesowo|gg\n|-message|Applesowo forfeited.\n|\n|win|Obito 2001\n|raw|Applesowo's rating: 1511 &rarr; <strong>1506<\/strong><br \/>(-5 for losing)\n|raw|Obito 2001's rating: 1869 &rarr; <strong>1874<\/strong><br \/>(+5 for winning)\n|c|\u2606Obito 2001|Gg\n|l|\u2606Obito 2001\n","uploadtime":1699308392,"views":13,"p1id":"applesowo","p2id":"obito2001","formatid":"gen9nationaldexubers","rating":1506,"private":0,"password":""}