{"id":"gen9nationaldexubers-2000236768","p1":"BlackieJackie69","p2":"ShinyScarfy","format":"[Gen 9] National Dex Ubers","log":"|j|\u203dBlackieJackie69\n|j|\u2606ShinyScarfy\n|t:|1701175944\n|gametype|singles\n|player|p1|BlackieJackie69|marlon|1233\n|player|p2|ShinyScarfy|alec-anime|1306\n|teamsize|p1|6\n|teamsize|p2|6\n|gen|9\n|tier|[Gen 9] National Dex Ubers\n|rated|\n|rule|HP Percentage Mod: HP is shown in percentages\n|rule|Endless Battle Clause: Forcing endless battles is banned\n|rule|OHKO Clause: OHKO moves are banned\n|rule|Evasion Moves Clause: Evasion moves are banned\n|rule|Evasion Items Clause: Evasion items are banned\n|rule|Species Clause: Limit one of each Pok\u00e9mon\n|rule|Sleep Clause Mod: Limit one foe put to sleep\n|rule|Mega Rayquaza Clause: You cannot mega evolve Rayquaza\n|clearpoke\n|poke|p1|Garganacl, F|\n|poke|p1|Ribombee, M|\n|poke|p1|Ferrothorn, M|\n|poke|p1|Shaymin-Sky|\n|poke|p1|Dracovish|\n|poke|p1|Marshadow|\n|poke|p2|Lugia|\n|poke|p2|Lunala|\n|poke|p2|Lucario, M|\n|poke|p2|Pheromosa|\n|poke|p2|Arceus-Fire|\n|poke|p2|Darmanitan-Galar, M|\n|teampreview\n|inactive|Battle timer is ON: inactive players will automatically lose when time's up. (requested by ShinyScarfy)\n|inactive|BlackieJackie69 also wants the timer to be on.\n|\n|t:|1701175948\n|start\n|switch|p1a: Ribombee|Ribombee, M, shiny|100\/100\n|switch|p2a: Pheromosa|Pheromosa, shiny|100\/100\n|turn|1\n|\n|t:|1701175954\n|move|p2a: Pheromosa|Triple Axel|p1a: Ribombee\n|-damage|p1a: Ribombee|84\/100\n|-damage|p1a: Ribombee|54\/100\n|-damage|p1a: Ribombee|7\/100\n|-hitcount|p1a: Ribombee|3\n|move|p1a: Ribombee|Sticky Web|p2a: Pheromosa\n|-sidestart|p2: ShinyScarfy|move: Sticky Web\n|\n|upkeep\n|turn|2\n|\n|t:|1701175964\n|switch|p2a: Lugia|Lugia, shiny|100\/100\n|move|p1a: Ribombee|Bug Buzz|p2a: Lugia\n|-damage|p2a: Lugia|89\/100\n|\n|upkeep\n|turn|3\n|\n|t:|1701175971\n|move|p1a: Ribombee|Moonblast|p2a: Lugia\n|-damage|p2a: Lugia|61\/100\n|move|p2a: Lugia|Roost|p2a: Lugia\n|-heal|p2a: Lugia|100\/100\n|-singleturn|p2a: Lugia|move: Roost\n|\n|upkeep\n|turn|4\n|\n|t:|1701175983\n|switch|p1a: Dracovish|Dracovish, shiny|100\/100\n|move|p2a: Lugia|Earth Power|p1a: Dracovish\n|-damage|p1a: Dracovish|66\/100\n|\n|upkeep\n|turn|5\n|\n|t:|1701175989\n|move|p1a: Dracovish|Fishious Rend|p2a: Lugia\n|-damage|p2a: Lugia|67\/100\n|move|p2a: Lugia|Defog|p1a: Dracovish\n|-unboost|p1a: Dracovish|evasion|1\n|-sideend|p2: ShinyScarfy|Sticky Web|[from] move: Defog|[of] p2a: Lugia\n|\n|upkeep\n|turn|6\n|inactive|ShinyScarfy has 120 seconds left.\n|\n|t:|1701176027\n|switch|p1a: Ferrothorn|Ferrothorn, M|100\/100\n|switch|p2a: Lucario|Lucario, M|100\/100\n|\n|upkeep\n|turn|7\n|\n|t:|1701176047\n|detailschange|p2a: Lucario|Lucario-Mega, M\n|-mega|p2a: Lucario|Lucario|Lucarionite\n|move|p2a: Lucario|Power-Up Punch|p1a: Ferrothorn\n|-supereffective|p1a: Ferrothorn\n|-damage|p1a: Ferrothorn|63\/100\n|-boost|p2a: Lucario|atk|1\n|-damage|p2a: Lucario|88\/100|[from] ability: Iron Barbs|[of] p1a: Ferrothorn\n|-damage|p2a: Lucario|71\/100|[from] item: Rocky Helmet|[of] p1a: Ferrothorn\n|move|p1a: Ferrothorn|Knock Off|p2a: Lucario\n|-resisted|p2a: Lucario\n|-damage|p2a: Lucario|62\/100\n|\n|upkeep\n|turn|8\n|\n|t:|1701176067\n|switch|p1a: Marshadow|Marshadow|100\/100\n|move|p2a: Lucario|Power-Up Punch|p1a: Marshadow\n|-immune|p1a: Marshadow\n|\n|upkeep\n|turn|9\n|\n|t:|1701176074\n|switch|p2a: Lugia|Lugia, shiny|67\/100\n|move|p1a: Marshadow|Shadow Sneak|p2a: Lugia\n|-supereffective|p2a: Lugia\n|-damage|p2a: Lugia|19\/100\n|-damage|p1a: Marshadow|91\/100|[from] item: Life Orb\n|\n|upkeep\n|turn|10\n|\n|t:|1701176082\n|move|p1a: Marshadow|Shadow Sneak|p2a: Lugia\n|-supereffective|p2a: Lugia\n|-damage|p2a: Lugia|0 fnt\n|faint|p2a: Lugia\n|-damage|p1a: Marshadow|81\/100|[from] item: Life Orb\n|\n|upkeep\n|\n|t:|1701176096\n|switch|p2a: Arceus|Arceus-Fire|100\/100\n|turn|11\n|\n|t:|1701176103\n|move|p1a: Marshadow|Spectral Thief|p2a: Arceus\n|-damage|p2a: Arceus|66\/100\n|-damage|p1a: Marshadow|71\/100|[from] item: Life Orb\n|move|p2a: Arceus|Agility|p2a: Arceus\n|-boost|p2a: Arceus|spe|2\n|\n|upkeep\n|turn|12\n|\n|t:|1701176111\n|move|p2a: Arceus|Judgment|p1a: Marshadow\n|-damage|p1a: Marshadow|0 fnt\n|faint|p1a: Marshadow\n|\n|upkeep\n|\n|t:|1701176117\n|switch|p1a: Dracovish|Dracovish, shiny|66\/100\n|turn|13\n|\n|t:|1701176120\n|-terastallize|p2a: Arceus|Grass\n|move|p2a: Arceus|Giga Drain|p1a: Dracovish\n|-damage|p1a: Dracovish|15\/100\n|-heal|p2a: Arceus|87\/100|[from] drain|[of] p1a: Dracovish\n|move|p1a: Dracovish|Fishious Rend|p2a: Arceus\n|-resisted|p2a: Arceus\n|-damage|p2a: Arceus|71\/100\n|\n|upkeep\n|turn|14\n|\n|t:|1701176131\n|move|p2a: Arceus|Giga Drain|p1a: Dracovish\n|-damage|p1a: Dracovish|0 fnt\n|-heal|p2a: Arceus|77\/100|[from] drain|[of] p1a: Dracovish\n|faint|p1a: Dracovish\n|\n|upkeep\n|\n|t:|1701176136\n|switch|p1a: Ferrothorn|Ferrothorn, M|63\/100\n|turn|15\n|\n|t:|1701176140\n|move|p2a: Arceus|Judgment|p1a: Ferrothorn\n|-supereffective|p1a: Ferrothorn\n|-damage|p1a: Ferrothorn|0 fnt\n|faint|p1a: Ferrothorn\n|\n|upkeep\n|inactive|BlackieJackie69 has 120 seconds left.\n|inactive|BlackieJackie69 has 90 seconds left.\n|\n|t:|1701176206\n|switch|p1a: Ribombee|Ribombee, M, shiny|7\/100\n|turn|16\n|\n|t:|1701176212\n|move|p2a: Arceus|Judgment|p1a: Ribombee\n|-supereffective|p1a: Ribombee\n|-damage|p1a: Ribombee|0 fnt\n|faint|p1a: Ribombee\n|\n|upkeep\n|\n|t:|1701176217\n|switch|p1a: Shaymin|Shaymin-Sky, shiny|100\/100\n|turn|17\n|\n|t:|1701176223\n|-terastallize|p1a: Shaymin|Ground\n|move|p2a: Arceus|Judgment|p1a: Shaymin\n|-damage|p1a: Shaymin|18\/100\n|move|p1a: Shaymin|Tailwind|p1a: Shaymin\n|-sidestart|p1: BlackieJackie69|move: Tailwind\n|\n|upkeep\n|turn|18\n|\n|t:|1701176233\n|move|p1a: Shaymin|Air Slash|p2a: Arceus\n|-supereffective|p2a: Arceus\n|-damage|p2a: Arceus|22\/100\n|cant|p2a: Arceus|flinch\n|\n|upkeep\n|turn|19\n|\n|t:|1701176239\n|move|p1a: Shaymin|Air Slash|p2a: Arceus\n|-supereffective|p2a: Arceus\n|-damage|p2a: Arceus|0 fnt\n|faint|p2a: Arceus\n|\n|upkeep\n|\n|t:|1701176242\n|switch|p2a: Lucario|Lucario-Mega, M|62\/100\n|turn|20\n|\n|t:|1701176245\n|move|p2a: Lucario|Bullet Punch|p1a: Shaymin\n|-damage|p1a: Shaymin|0 fnt\n|faint|p1a: Shaymin\n|\n|-sideend|p1: BlackieJackie69|move: Tailwind\n|upkeep\n|\n|t:|1701176248\n|switch|p1a: Garganacl|Garganacl, F|100\/100\n|turn|21\n|\n|t:|1701176251\n|move|p2a: Lucario|Power-Up Punch|p1a: Garganacl\n|-supereffective|p1a: Garganacl\n|-damage|p1a: Garganacl|59\/100\n|-boost|p2a: Lucario|atk|1\n|move|p1a: Garganacl|Iron Defense|p1a: Garganacl\n|-boost|p1a: Garganacl|def|2\n|\n|-heal|p1a: Garganacl|65\/100|[from] item: Leftovers\n|upkeep\n|turn|22\n|\n|t:|1701176258\n|move|p2a: Lucario|Power-Up Punch|p1a: Garganacl\n|-supereffective|p1a: Garganacl\n|-crit|p1a: Garganacl\n|-damage|p1a: Garganacl|0 fnt\n|-boost|p2a: Lucario|atk|1\n|faint|p1a: Garganacl\n|\n|win|ShinyScarfy\n|raw|BlackieJackie69's rating: 1233 &rarr; <strong>1213<\/strong><br \/>(-20 for losing)\n|raw|ShinyScarfy's rating: 1306 &rarr; <strong>1322<\/strong><br \/>(+16 for winning)\n|l|\u203dBlackieJackie69\n","uploadtime":1701176278,"views":1,"p1id":"blackiejackie69","p2id":"shinyscarfy","formatid":"gen9nationaldexubers","rating":1213,"private":0,"password":""}