{"id":"gen9nationaldexubers-1992318620","p1":"W4LKERX2","p2":"GeorgiaEternatuss","format":"[Gen 9] National Dex Ubers","log":"|j|\u2606W4LKERX2\n|j|\u2606GeorgiaEternatuss\n|t:|1700174190\n|gametype|singles\n|player|p1|W4LKERX2|2|1166\n|player|p2|GeorgiaEternatuss|steven|1359\n|teamsize|p1|6\n|teamsize|p2|6\n|gen|9\n|tier|[Gen 9] National Dex Ubers\n|rated|\n|rule|HP Percentage Mod: HP is shown in percentages\n|rule|Endless Battle Clause: Forcing endless battles is banned\n|rule|OHKO Clause: OHKO moves are banned\n|rule|Evasion Moves Clause: Evasion moves are banned\n|rule|Evasion Items Clause: Evasion items are banned\n|rule|Species Clause: Limit one of each Pok\u00e9mon\n|rule|Sleep Clause Mod: Limit one foe put to sleep\n|rule|Mega Rayquaza Clause: You cannot mega evolve Rayquaza\n|clearpoke\n|poke|p1|Weavile, M|\n|poke|p1|Toxapex, M|\n|poke|p1|Great Tusk|\n|poke|p1|Pinsir, F|\n|poke|p1|Lokix, M|\n|poke|p1|Whimsicott, F|\n|poke|p2|Xerneas-*|\n|poke|p2|Zapdos|\n|poke|p2|Umbreon, M|\n|poke|p2|Marshadow|\n|poke|p2|Diancie|\n|poke|p2|Celesteela|\n|teampreview\n|\n|t:|1700174201\n|start\n|switch|p1a: Whimsicott|Whimsicott, F|100\/100\n|switch|p2a: Diancie|Diancie|100\/100\n|turn|1\n|\n|t:|1700174211\n|detailschange|p2a: Diancie|Diancie-Mega\n|-mega|p2a: Diancie|Diancie|Diancite\n|move|p1a: Whimsicott|Stun Spore|p2a: Diancie\n|move|p2a: Diancie|Stun Spore|p1a: Whimsicott|[from]ability: Magic Bounce\n|-immune|p1a: Whimsicott\n|move|p2a: Diancie|Diamond Storm|p1a: Whimsicott\n|-damage|p1a: Whimsicott|29\/100\n|-boost|p2a: Diancie|def|2\n|\n|upkeep\n|turn|2\n|\n|t:|1700174226\n|switch|p1a: Toxapex|Toxapex, M, shiny|100\/100\n|move|p2a: Diancie|Diamond Storm|p1a: Toxapex\n|-damage|p1a: Toxapex|63\/100\n|-boost|p2a: Diancie|def|2\n|\n|-heal|p1a: Toxapex|69\/100|[from] item: Black Sludge\n|upkeep\n|turn|3\n|\n|t:|1700174236\n|move|p2a: Diancie|Earth Power|p1a: Toxapex\n|-supereffective|p1a: Toxapex\n|-damage|p1a: Toxapex|12\/100\n|move|p1a: Toxapex|Infestation|p2a: Diancie\n|-resisted|p2a: Diancie\n|-damage|p2a: Diancie|98\/100\n|-activate|p2a: Diancie|move: Infestation|[of] p1a: Toxapex\n|\n|-heal|p1a: Toxapex|19\/100|[from] item: Black Sludge\n|-damage|p2a: Diancie|86\/100|[from] move: Infestation|[partiallytrapped]\n|upkeep\n|turn|4\n|\n|t:|1700174247\n|move|p1a: Toxapex|Baneful Bunker|p1a: Toxapex\n|-singleturn|p1a: Toxapex|move: Protect\n|move|p2a: Diancie|Diamond Storm|p1a: Toxapex\n|-activate|p1a: Toxapex|move: Protect\n|\n|-heal|p1a: Toxapex|25\/100|[from] item: Black Sludge\n|-damage|p2a: Diancie|73\/100|[from] move: Infestation|[partiallytrapped]\n|upkeep\n|turn|5\n|\n|t:|1700174264\n|switch|p1a: Lokix|Lokix, M|100\/100\n|move|p2a: Diancie|Moonblast|p1a: Lokix\n|-supereffective|p1a: Lokix\n|-damage|p1a: Lokix|0 fnt\n|faint|p1a: Lokix\n|\n|-end|p2a: Diancie|Infestation|[partiallytrapped]|[silent]\n|upkeep\n|-message|W4LKERX2 forfeited.\n|\n|win|GeorgiaEternatuss\n|raw|W4LKERX2's rating: 1166 &rarr; <strong>1154<\/strong><br \/>(-12 for losing)\n|raw|GeorgiaEternatuss's rating: 1359 &rarr; <strong>1369<\/strong><br \/>(+10 for winning)\n|l|\u2606W4LKERX2\n","uploadtime":1700174275,"views":21,"p1id":"w4lkerx2","p2id":"georgiaeternatuss","formatid":"gen9nationaldexubers","rating":1154,"private":0,"password":""}