{"id":"gen9nationaldexubers-1993796825","p1":"Hayakawa00aki","p2":"kitmash","format":"[Gen 9] National Dex Ubers","log":"|j|\u2606Hayakawa00aki\n|j|\u2606kitmash\n|t:|1700358379\n|gametype|singles\n|player|p1|Hayakawa00aki|1|1488\n|player|p2|kitmash|266|1594\n|teamsize|p1|6\n|teamsize|p2|6\n|gen|9\n|tier|[Gen 9] National Dex Ubers\n|rated|\n|rule|HP Percentage Mod: HP is shown in percentages\n|rule|Endless Battle Clause: Forcing endless battles is banned\n|rule|OHKO Clause: OHKO moves are banned\n|rule|Evasion Moves Clause: Evasion moves are banned\n|rule|Evasion Items Clause: Evasion items are banned\n|rule|Species Clause: Limit one of each Pok\u00e9mon\n|rule|Sleep Clause Mod: Limit one foe put to sleep\n|rule|Mega Rayquaza Clause: You cannot mega evolve Rayquaza\n|clearpoke\n|poke|p1|Ceruledge, M|\n|poke|p1|Chien-Pao|\n|poke|p1|Arceus|\n|poke|p1|Groudon|\n|poke|p1|Ninetales-Alola, M|\n|poke|p1|Lugia|\n|poke|p2|Lunala|\n|poke|p2|Arceus-Dark|\n|poke|p2|Appletun, M|\n|poke|p2|Groudon|\n|poke|p2|Bombirdier, M|\n|poke|p2|Flutter Mane|\n|teampreview\n|\n|t:|1700358398\n|start\n|switch|p1a: Groudon|Groudon, shiny|100\/100\n|switch|p2a: Arceus|Arceus-Dark|100\/100\n|detailschange|p1a: Groudon|Groudon-Primal, shiny\n|-primal|p1a: Groudon|Red Orb\n|-weather|DesolateLand|[from] ability: Desolate Land|[of] p1a: Groudon\n|turn|1\n|\n|t:|1700358414\n|move|p2a: Arceus|Toxic|p1a: Groudon\n|-status|p1a: Groudon|tox\n|move|p1a: Groudon|Rock Polish|p1a: Groudon\n|-boost|p1a: Groudon|spe|2\n|\n|-weather|DesolateLand|[upkeep]\n|-damage|p1a: Groudon|94\/100 tox|[from] psn\n|upkeep\n|turn|2\n|\n|t:|1700358422\n|move|p1a: Groudon|Swords Dance|p1a: Groudon\n|-boost|p1a: Groudon|atk|2\n|move|p2a: Arceus|Foul Play|p1a: Groudon\n|-damage|p1a: Groudon|0 fnt\n|faint|p1a: Groudon\n|-weather|none\n|\n|upkeep\n|\n|t:|1700358432\n|switch|p1a: Ceruledge|Ceruledge, M|100\/100\n|turn|3\n|\n|t:|1700358436\n|move|p1a: Ceruledge|Swords Dance|p1a: Ceruledge\n|-boost|p1a: Ceruledge|atk|2\n|move|p2a: Arceus|Toxic|p1a: Ceruledge\n|-status|p1a: Ceruledge|tox\n|\n|-damage|p1a: Ceruledge|94\/100 tox|[from] psn\n|upkeep\n|turn|4\n|\n|t:|1700358443\n|move|p1a: Ceruledge|Close Combat|p2a: Arceus\n|-supereffective|p2a: Arceus\n|-damage|p2a: Arceus|19\/100\n|-unboost|p1a: Ceruledge|def|1\n|-unboost|p1a: Ceruledge|spd|1\n|move|p2a: Arceus|Foul Play|p1a: Ceruledge\n|-supereffective|p1a: Ceruledge\n|-damage|p1a: Ceruledge|0 fnt\n|faint|p1a: Ceruledge\n|\n|upkeep\n|\n|t:|1700358447\n|switch|p1a: Chien-Pao|Chien-Pao|100\/100\n|-ability|p1a: Chien-Pao|Sword of Ruin\n|turn|5\n|\n|t:|1700358475\n|move|p1a: Chien-Pao|Sacred Sword|p2a: Arceus\n|-supereffective|p2a: Arceus\n|-damage|p2a: Arceus|0 fnt\n|faint|p2a: Arceus\n|\n|upkeep\n|\n|t:|1700358480\n|switch|p2a: Flutter Mane|Flutter Mane|100\/100\n|turn|6\n|\n|t:|1700358500\n|move|p1a: Chien-Pao|Crunch|p2a: Flutter Mane\n|-damage|p2a: Flutter Mane|0 fnt\n|faint|p2a: Flutter Mane\n|-end|p2a: Flutter Mane|Protosynthesis|[silent]\n|\n|upkeep\n|\n|t:|1700358512\n|switch|p2a: Groudon|Groudon|100\/100\n|detailschange|p2a: Groudon|Groudon-Primal\n|-primal|p2a: Groudon|Red Orb\n|-weather|DesolateLand|[from] ability: Desolate Land|[of] p2a: Groudon\n|turn|7\n|\n|t:|1700358518\n|move|p1a: Chien-Pao|Crunch|p2a: Groudon\n|-damage|p2a: Groudon|77\/100\n|move|p2a: Groudon|Overheat|p1a: Chien-Pao\n|-supereffective|p1a: Chien-Pao\n|-enditem|p1a: Chien-Pao|Focus Sash\n|-damage|p1a: Chien-Pao|1\/100\n|-unboost|p2a: Groudon|spa|2\n|\n|-weather|DesolateLand|[upkeep]\n|upkeep\n|turn|8\n|\n|t:|1700358529\n|move|p1a: Chien-Pao|Ice Shard|p2a: Groudon\n|-damage|p2a: Groudon|66\/100\n|move|p2a: Groudon|Body Press|p1a: Chien-Pao\n|-supereffective|p1a: Chien-Pao\n|-damage|p1a: Chien-Pao|0 fnt\n|faint|p1a: Chien-Pao\n|\n|-weather|DesolateLand|[upkeep]\n|upkeep\n|\n|t:|1700358532\n|switch|p1a: Arceus|Arceus, shiny|100\/100\n|turn|9\n|\n|t:|1700358543\n|move|p1a: Arceus|Swords Dance|p1a: Arceus\n|-boost|p1a: Arceus|atk|2\n|move|p2a: Groudon|Toxic|p1a: Arceus\n|-status|p1a: Arceus|tox\n|\n|-weather|DesolateLand|[upkeep]\n|-damage|p1a: Arceus|94\/100 tox|[from] psn\n|upkeep\n|turn|10\n|\n|t:|1700358555\n|-weather|none\n|switch|p2a: Bombirdier|Bombirdier, M|100\/100\n|move|p1a: Arceus|Swords Dance|p1a: Arceus\n|-boost|p1a: Arceus|atk|2\n|\n|-heal|p1a: Arceus|100\/100 tox|[from] item: Leftovers\n|-damage|p1a: Arceus|88\/100 tox|[from] psn\n|upkeep\n|turn|11\n|\n|t:|1700358563\n|switch|p2a: Lunala|Lunala|100\/100\n|move|p1a: Arceus|Extreme Speed|p2a: Lunala\n|-immune|p2a: Lunala\n|\n|-heal|p1a: Arceus|94\/100 tox|[from] item: Leftovers\n|-damage|p1a: Arceus|76\/100 tox|[from] psn\n|upkeep\n|turn|12\n|\n|t:|1700358576\n|switch|p2a: Bombirdier|Bombirdier, M|100\/100\n|move|p1a: Arceus|Flare Blitz|p2a: Bombirdier\n|-damage|p2a: Bombirdier|0 fnt\n|faint|p2a: Bombirdier\n|-damage|p1a: Arceus|55\/100 tox|[from] Recoil\n|\n|-heal|p1a: Arceus|61\/100 tox|[from] item: Leftovers\n|-damage|p1a: Arceus|37\/100 tox|[from] psn\n|upkeep\n|\n|t:|1700358592\n|switch|p2a: Appletun|Appletun, M|100\/100\n|turn|13\n|\n|t:|1700358606\n|move|p1a: Arceus|Flare Blitz|p2a: Appletun\n|-damage|p2a: Appletun|39\/100\n|-damage|p1a: Arceus|18\/100 tox|[from] Recoil\n|move|p2a: Appletun|Reflect|p2a: Appletun\n|-sidestart|p2: kitmash|Reflect\n|\n|-heal|p1a: Arceus|24\/100 tox|[from] item: Leftovers\n|-damage|p1a: Arceus|0 fnt|[from] psn\n|faint|p1a: Arceus\n|upkeep\n|\n|t:|1700358612\n|switch|p1a: Ninetales|Ninetales-Alola, M, shiny|100\/100\n|-weather|Snow|[from] ability: Snow Warning|[of] p1a: Ninetales\n|turn|14\n|\n|t:|1700358617\n|switch|p2a: Groudon|Groudon-Primal|66\/100\n|-weather|DesolateLand|[from] ability: Desolate Land|[of] p2a: Groudon\n|move|p1a: Ninetales|Moonblast|p2a: Groudon\n|-resisted|p2a: Groudon\n|-damage|p2a: Groudon|51\/100\n|\n|-weather|DesolateLand|[upkeep]\n|upkeep\n|turn|15\n|\n|t:|1700358627\n|move|p1a: Ninetales|Hypnosis|p2a: Groudon|[miss]\n|-miss|p1a: Ninetales|p2a: Groudon\n|move|p2a: Groudon|Toxic|p1a: Ninetales\n|-status|p1a: Ninetales|tox\n|\n|-weather|DesolateLand|[upkeep]\n|-damage|p1a: Ninetales|95\/100 tox|[from] psn\n|upkeep\n|turn|16\n|\n|t:|1700358638\n|-weather|none\n|switch|p2a: Appletun|Appletun, M|39\/100\n|move|p1a: Ninetales|Hypnosis|p2a: Appletun\n|-status|p2a: Appletun|slp|[from] move: Hypnosis\n|\n|-damage|p1a: Ninetales|83\/100 tox|[from] psn\n|upkeep\n|turn|17\n|\n|t:|1700358648\n|switch|p2a: Lunala|Lunala|100\/100\n|move|p1a: Ninetales|Moonblast|p2a: Lunala\n|-damage|p2a: Lunala|93\/100\n|\n|-damage|p1a: Ninetales|65\/100 tox|[from] psn\n|-sideend|p2: kitmash|Reflect\n|upkeep\n|turn|18\n|\n|t:|1700358657\n|move|p1a: Ninetales|Moonblast|p2a: Lunala\n|-crit|p2a: Lunala\n|-damage|p2a: Lunala|69\/100\n|move|p2a: Lunala|Roost|p2a: Lunala\n|-heal|p2a: Lunala|100\/100\n|-singleturn|p2a: Lunala|move: Roost\n|\n|-damage|p1a: Ninetales|41\/100 tox|[from] psn\n|upkeep\n|turn|19\n|\n|t:|1700358669\n|move|p1a: Ninetales|Moonblast|p2a: Lunala\n|-damage|p2a: Lunala|93\/100\n|move|p2a: Lunala|Moongeist Beam|p1a: Ninetales\n|-damage|p1a: Ninetales|0 fnt\n|faint|p1a: Ninetales\n|\n|upkeep\n|inactive|Battle timer is ON: inactive players will automatically lose when time's up. (requested by kitmash)\n|\n|t:|1700358723\n|switch|p1a: Lugia|Lugia, shiny|100\/100\n|turn|20\n|\n|t:|1700358727\n|move|p1a: Lugia|Toxic|p2a: Lunala\n|-status|p2a: Lunala|tox\n|-zpower|p2a: Lunala\n|move|p2a: Lunala|Menacing Moonraze Maelstrom|p1a: Lugia|[zeffect]\n|-supereffective|p1a: Lugia\n|-damage|p1a: Lugia|0 fnt\n|faint|p1a: Lugia\n|\n|win|kitmash\n|raw|Hayakawa00aki's rating: 1468 &rarr; <strong>1455<\/strong><br \/>(-13 for losing)\n|raw|kitmash's rating: 1594 &rarr; <strong>1607<\/strong><br \/>(+13 for winning)\n|l|\u2606Hayakawa00aki\n","uploadtime":1700358743,"views":8,"p1id":"hayakawa00aki","p2id":"kitmash","formatid":"gen9nationaldexubers","rating":1455,"private":0,"password":""}