{"id":"gen9nationaldexubers-1980430437","p1":"M N Vinela","p2":"SoulSilvre","format":"[Gen 9] National Dex Ubers","log":"|j|\u2606M N Vinela\n|j|\u2606SoulSilvre\n|t:|1698784258\n|gametype|singles\n|player|p1|M N Vinela|266|\n|player|p2|SoulSilvre|2|\n|teamsize|p1|6\n|teamsize|p2|6\n|gen|9\n|tier|[Gen 9] National Dex Ubers\n|rule|HP Percentage Mod: HP is shown in percentages\n|rule|Endless Battle Clause: Forcing endless battles is banned\n|rule|OHKO Clause: OHKO moves are banned\n|rule|Evasion Moves Clause: Evasion moves are banned\n|rule|Evasion Items Clause: Evasion items are banned\n|rule|Species Clause: Limit one of each Pok\u00e9mon\n|rule|Sleep Clause Mod: Limit one foe put to sleep\n|rule|Mega Rayquaza Clause: You cannot mega evolve Rayquaza\n|clearpoke\n|poke|p1|Machamp, M|\n|poke|p1|Mewtwo, L85|\n|poke|p1|Regieleki, L85|\n|poke|p1|Zacian-*, L85|\n|poke|p1|Iron Hands|\n|poke|p1|Noivern, M|\n|poke|p2|Walking Wake, L85|\n|poke|p2|Flutter Mane, L85|\n|poke|p2|Groudon, L85|\n|poke|p2|Great Tusk|\n|poke|p2|Charizard, F|\n|poke|p2|Lilligant-Hisui, F|\n|teampreview\n|\n|t:|1698784265\n|start\n|switch|p1a: Mike|Machamp, M|100\/100\n|switch|p2a: Charizard|Charizard, F|100\/100\n|turn|1\n|\n|t:|1698784272\n|detailschange|p2a: Charizard|Charizard-Mega-Y, F\n|-mega|p2a: Charizard|Charizard|Charizardite Y\n|-weather|SunnyDay|[from] ability: Drought|[of] p2a: Charizard\n|move|p2a: Charizard|Air Slash|p1a: Mike\n|-supereffective|p1a: Mike\n|-damage|p1a: Mike|42\/100\n|cant|p1a: Mike|flinch\n|\n|-weather|SunnyDay|[upkeep]\n|upkeep\n|turn|2\n|c|\u2606M N Vinela|Uhoh\n|\n|t:|1698784299\n|move|p2a: Charizard|Tailwind|p2a: Charizard\n|-sidestart|p2: SoulSilvre|move: Tailwind\n|move|p1a: Mike|Stone Edge|p2a: Charizard\n|-supereffective|p2a: Charizard\n|-damage|p2a: Charizard|0 fnt\n|faint|p2a: Charizard\n|\n|-weather|SunnyDay|[upkeep]\n|upkeep\n|\n|t:|1698784332\n|switch|p2a: Walking Wake|Walking Wake, L85|100\/100\n|-activate|p2a: Walking Wake|ability: Protosynthesis\n|-start|p2a: Walking Wake|protosynthesisspe\n|turn|3\n|\n|t:|1698784345\n|move|p2a: Walking Wake|Hydro Steam|p1a: Mike\n|-damage|p1a: Mike|5\/100\n|-damage|p2a: Walking Wake|91\/100|[from] item: Life Orb\n|move|p1a: Mike|Dynamic Punch|p2a: Walking Wake\n|-damage|p2a: Walking Wake|12\/100\n|-start|p2a: Walking Wake|confusion\n|\n|-weather|SunnyDay|[upkeep]\n|upkeep\n|turn|4\n|\n|t:|1698784356\n|move|p1a: Mike|Bullet Punch|p2a: Walking Wake\n|-resisted|p2a: Walking Wake\n|-damage|p2a: Walking Wake|1\/100\n|-activate|p2a: Walking Wake|confusion\n|move|p2a: Walking Wake|Flamethrower|p1a: Mike\n|-damage|p1a: Mike|0 fnt\n|faint|p1a: Mike\n|-damage|p2a: Walking Wake|0 fnt|[from] item: Life Orb\n|faint|p2a: Walking Wake\n|-end|p2a: Walking Wake|Protosynthesis|[silent]\n|\n|-weather|SunnyDay|[upkeep]\n|upkeep\n|c|\u2606M N Vinela|Chad machamp\n|\n|t:|1698784373\n|switch|p2a: Great Tusk|Great Tusk|100\/100\n|switch|p1a: Noivern|Noivern, M, shiny|100\/100\n|-activate|p2a: Great Tusk|ability: Protosynthesis\n|-start|p2a: Great Tusk|protosynthesisatk\n|turn|5\n|\n|t:|1698784380\n|move|p2a: Great Tusk|Ice Spinner|p1a: Noivern\n|-supereffective|p1a: Noivern\n|-damage|p1a: Noivern|0 fnt\n|faint|p1a: Noivern\n|\n|-weather|none\n|-end|p2a: Great Tusk|Protosynthesis\n|-sideend|p2: SoulSilvre|move: Tailwind\n|upkeep\n|c|\u2606M N Vinela|Didn\u2019t realize tailwind gave such a big boost\n|\n|t:|1698784401\n|switch|p1a: Mewtwo|Mewtwo, L85|100\/100\n|-ability|p1a: Mewtwo|Pressure\n|turn|6\n|c|\u2606SoulSilvre|Doubled speed\n|\n|t:|1698784408\n|move|p1a: Mewtwo|Ice Beam|p2a: Great Tusk\n|-supereffective|p2a: Great Tusk\n|-damage|p2a: Great Tusk|15\/100\n|move|p2a: Great Tusk|Knock Off|p1a: Mewtwo\n|-supereffective|p1a: Mewtwo\n|-damage|p1a: Mewtwo|7\/100\n|-enditem|p1a: Mewtwo|Choice Scarf|[from] move: Knock Off|[of] p2a: Great Tusk\n|\n|upkeep\n|turn|7\n|\n|t:|1698784421\n|move|p1a: Mewtwo|Ice Beam|p2a: Great Tusk\n|-supereffective|p2a: Great Tusk\n|-damage|p2a: Great Tusk|0 fnt\n|faint|p2a: Great Tusk\n|-end|p2a: Great Tusk|Protosynthesis|[silent]\n|\n|upkeep\n|\n|t:|1698784434\n|switch|p2a: Flutter Mane|Flutter Mane, L85|100\/100\n|-enditem|p2a: Flutter Mane|Booster Energy\n|-activate|p2a: Flutter Mane|ability: Protosynthesis|[fromitem]\n|-start|p2a: Flutter Mane|protosynthesisspe\n|turn|8\n|\n|t:|1698784450\n|move|p2a: Flutter Mane|Mystical Fire|p1a: Mewtwo\n|-crit|p1a: Mewtwo\n|-damage|p1a: Mewtwo|0 fnt\n|faint|p1a: Mewtwo\n|\n|upkeep\n|\n|t:|1698784458\n|switch|p1a: Zacian|Zacian-Crowned, L85|100\/100\n|-ability|p1a: Zacian|Intrepid Sword|boost\n|-boost|p1a: Zacian|atk|1\n|turn|9\n|\n|t:|1698784469\n|move|p2a: Flutter Mane|Mystical Fire|p1a: Zacian\n|-supereffective|p1a: Zacian\n|-damage|p1a: Zacian|49\/100\n|-unboost|p1a: Zacian|spa|1\n|move|p1a: Zacian|Behemoth Blade|p2a: Flutter Mane\n|-supereffective|p2a: Flutter Mane\n|-damage|p2a: Flutter Mane|0 fnt\n|faint|p2a: Flutter Mane\n|-end|p2a: Flutter Mane|Protosynthesis|[silent]\n|\n|upkeep\n|\n|t:|1698784478\n|switch|p2a: Groudon|Groudon, L85|100\/100\n|-weather|SunnyDay|[from] ability: Drought|[of] p2a: Groudon\n|turn|10\n|\n|t:|1698784486\n|move|p1a: Zacian|Play Rough|p2a: Groudon\n|-damage|p2a: Groudon|43\/100\n|-unboost|p2a: Groudon|atk|1\n|move|p2a: Groudon|Precipice Blades|p1a: Zacian\n|-supereffective|p1a: Zacian\n|-damage|p1a: Zacian|0 fnt\n|faint|p1a: Zacian\n|\n|-weather|SunnyDay|[upkeep]\n|upkeep\n|\n|t:|1698784488\n|switch|p1a: Leonidas|Iron Hands|100\/100\n|turn|11\n|\n|t:|1698784496\n|move|p1a: Leonidas|Fake Out|p2a: Groudon\n|-damage|p2a: Groudon|31\/100\n|cant|p2a: Groudon|flinch\n|\n|-weather|SunnyDay|[upkeep]\n|upkeep\n|turn|12\n|\n|t:|1698784501\n|move|p2a: Groudon|Precipice Blades|p1a: Leonidas\n|-supereffective|p1a: Leonidas\n|-damage|p1a: Leonidas|65\/100\n|move|p1a: Leonidas|Drain Punch|p2a: Groudon\n|-damage|p2a: Groudon|0 fnt\n|-heal|p1a: Leonidas|74\/100|[from] drain|[of] p2a: Groudon\n|faint|p2a: Groudon\n|\n|-weather|SunnyDay|[upkeep]\n|upkeep\n|c|\u2606M N Vinela|Oh wow\n|c|\u2606M N Vinela|he ate that\n|\n|t:|1698784509\n|switch|p2a: Lilligant|Lilligant-Hisui, F|100\/100\n|turn|13\n|\n|t:|1698784517\n|move|p2a: Lilligant|Victory Dance|p2a: Lilligant\n|-boost|p2a: Lilligant|atk|1\n|-boost|p2a: Lilligant|def|1\n|-boost|p2a: Lilligant|spe|1\n|move|p1a: Leonidas|Drain Punch|p2a: Lilligant\n|-damage|p2a: Lilligant|63\/100\n|-heal|p1a: Leonidas|84\/100|[from] drain|[of] p2a: Lilligant\n|\n|-weather|SunnyDay|[upkeep]\n|upkeep\n|turn|14\n|\n|t:|1698784536\n|move|p2a: Lilligant|Victory Dance|p2a: Lilligant\n|-boost|p2a: Lilligant|atk|1\n|-boost|p2a: Lilligant|def|1\n|-boost|p2a: Lilligant|spe|1\n|move|p1a: Leonidas|Volt Switch|p2a: Lilligant\n|-resisted|p2a: Lilligant\n|-damage|p2a: Lilligant|52\/100\n|\n|t:|1698784539\n|-end|p1a: Leonidas|Quark Drive|[silent]\n|switch|p1a: Regieleki|Regieleki, L85|100\/100|[from] Volt Switch\n|\n|-weather|none\n|upkeep\n|turn|15\n|\n|t:|1698784548\n|move|p2a: Lilligant|Close Combat|p1a: Regieleki\n|-damage|p1a: Regieleki|0 fnt\n|-unboost|p2a: Lilligant|def|1\n|-unboost|p2a: Lilligant|spd|1\n|faint|p1a: Regieleki\n|\n|upkeep\n|\n|t:|1698784551\n|switch|p1a: Leonidas|Iron Hands|84\/100\n|turn|16\n|\n|t:|1698784555\n|move|p1a: Leonidas|Fake Out|p2a: Lilligant\n|-damage|p2a: Lilligant|39\/100\n|cant|p2a: Lilligant|flinch\n|\n|upkeep\n|turn|17\n|\n|t:|1698784560\n|move|p2a: Lilligant|Close Combat|p1a: Leonidas\n|-damage|p1a: Leonidas|21\/100\n|-unboost|p2a: Lilligant|def|1\n|-unboost|p2a: Lilligant|spd|1\n|move|p1a: Leonidas|Drain Punch|p2a: Lilligant\n|-damage|p2a: Lilligant|0 fnt\n|-heal|p1a: Leonidas|32\/100|[from] drain|[of] p2a: Lilligant\n|faint|p2a: Lilligant\n|\n|win|M N Vinela\n|c|\u2606M N Vinela|Gg\n","uploadtime":1698784571,"views":8,"p1id":"mnvinela","p2id":"soulsilvre","formatid":"gen9nationaldexubers","rating":0,"private":0,"password":""}