{"id":"gen9nationaldexubers-1995238725","p1":"Faomenia","p2":"Tran minh quan","format":"[Gen 9] National Dex Ubers","log":"|j|\u2606Faomenia\n|j|\u2606Tran minh quan\n|t:|1700538549\n|gametype|singles\n|player|p1|Faomenia|bruno|1102\n|player|p2|Tran minh quan|lucas|1017\n|teamsize|p1|6\n|teamsize|p2|6\n|gen|9\n|tier|[Gen 9] National Dex Ubers\n|rated|\n|rule|HP Percentage Mod: HP is shown in percentages\n|rule|Endless Battle Clause: Forcing endless battles is banned\n|rule|OHKO Clause: OHKO moves are banned\n|rule|Evasion Moves Clause: Evasion moves are banned\n|rule|Evasion Items Clause: Evasion items are banned\n|rule|Species Clause: Limit one of each Pok\u00e9mon\n|rule|Sleep Clause Mod: Limit one foe put to sleep\n|rule|Mega Rayquaza Clause: You cannot mega evolve Rayquaza\n|clearpoke\n|poke|p1|Gliscor, M|\n|poke|p1|Garchomp, F|\n|poke|p1|Palossand, F|\n|poke|p1|Donphan, F|\n|poke|p1|Krookodile, M|\n|poke|p1|Rhyperior, F|\n|poke|p2|Corviknight, F|\n|poke|p2|Gardevoir, M|\n|poke|p2|Garchomp, F|\n|poke|p2|Tyranitar, M|\n|poke|p2|Urshifu-*, M|\n|poke|p2|Cinderace, M|\n|teampreview\n|\n|t:|1700538560\n|start\n|switch|p1a: Palossand|Palossand, F|100\/100\n|switch|p2a: Garchomp|Garchomp, F|100\/100\n|turn|1\n|\n|t:|1700538568\n|move|p2a: Garchomp|Scale Shot|p1a: Palossand\n|-damage|p1a: Palossand|85\/100\n|-damage|p1a: Palossand|71\/100\n|-hitcount|p1a: Palossand|2\n|-unboost|p2a: Garchomp|def|1\n|-boost|p2a: Garchomp|spe|1\n|-damage|p2a: Garchomp|91\/100|[from] item: Life Orb\n|move|p1a: Palossand|Toxic|p2a: Garchomp\n|-status|p2a: Garchomp|tox\n|\n|-damage|p2a: Garchomp|85\/100 tox|[from] psn\n|upkeep\n|turn|2\n|\n|t:|1700538581\n|move|p2a: Garchomp|Scale Shot|p1a: Palossand\n|-damage|p1a: Palossand|56\/100\n|-damage|p1a: Palossand|40\/100\n|-damage|p1a: Palossand|26\/100\n|-hitcount|p1a: Palossand|3\n|-unboost|p2a: Garchomp|def|1\n|-boost|p2a: Garchomp|spe|1\n|-damage|p2a: Garchomp|75\/100 tox|[from] item: Life Orb\n|move|p1a: Palossand|Shore Up|p1a: Palossand\n|-heal|p1a: Palossand|76\/100\n|\n|-damage|p2a: Garchomp|62\/100 tox|[from] psn\n|upkeep\n|turn|3\n|\n|t:|1700538594\n|move|p2a: Garchomp|Swords Dance|p2a: Garchomp\n|-boost|p2a: Garchomp|atk|2\n|move|p1a: Palossand|Pain Split|p2a: Garchomp\n|-sethp|p2a: Garchomp|64\/100 tox|[from] move: Pain Split|[silent]\n|-sethp|p1a: Palossand|74\/100|[from] move: Pain Split\n|\n|-damage|p2a: Garchomp|46\/100 tox|[from] psn\n|upkeep\n|turn|4\n|\n|t:|1700538606\n|move|p2a: Garchomp|Scale Shot|p1a: Palossand\n|-damage|p1a: Palossand|43\/100\n|-damage|p1a: Palossand|17\/100\n|-damage|p1a: Palossand|0 fnt\n|faint|p1a: Palossand\n|-hitcount|p1: Palossand|3\n|-unboost|p2a: Garchomp|def|1\n|-boost|p2a: Garchomp|spe|1\n|-damage|p2a: Garchomp|36\/100 tox|[from] item: Life Orb\n|\n|-damage|p2a: Garchomp|11\/100 tox|[from] psn\n|upkeep\n|\n|t:|1700538619\n|switch|p1a: Donphan|Donphan, F|100\/100\n|turn|5\n|\n|t:|1700538641\n|move|p1a: Donphan|Ice Shard|p2a: Garchomp\n|-supereffective|p2a: Garchomp\n|-crit|p2a: Garchomp\n|-damage|p2a: Garchomp|0 fnt\n|faint|p2a: Garchomp\n|\n|upkeep\n|\n|t:|1700538647\n|switch|p2a: Urshifu|Urshifu-Rapid-Strike, M|100\/100\n|turn|6\n|\n|t:|1700538655\n|-terastallize|p1a: Donphan|Normal\n|move|p2a: Urshifu|Surging Strikes|p1a: Donphan\n|-crit|p1a: Donphan\n|-damage|p1a: Donphan|77\/100\n|-crit|p1a: Donphan\n|-damage|p1a: Donphan|57\/100\n|-crit|p1a: Donphan\n|-damage|p1a: Donphan|35\/100\n|-hitcount|p1a: Donphan|3\n|move|p1a: Donphan|Counter|p2a: Urshifu\n|-damage|p2a: Urshifu|59\/100\n|\n|upkeep\n|turn|7\n|\n|t:|1700538668\n|move|p1a: Donphan|Ice Shard|p2a: Urshifu\n|-resisted|p2a: Urshifu\n|-damage|p2a: Urshifu|52\/100\n|move|p2a: Urshifu|Close Combat|p1a: Donphan\n|-supereffective|p1a: Donphan\n|-damage|p1a: Donphan|0 fnt\n|-unboost|p2a: Urshifu|def|1\n|-unboost|p2a: Urshifu|spd|1\n|faint|p1a: Donphan\n|\n|upkeep\n|\n|t:|1700538680\n|switch|p1a: Gliscor|Gliscor, M|100\/100\n|turn|8\n|\n|t:|1700538683\n|move|p2a: Urshifu|Ice Spinner|p1a: Gliscor\n|-supereffective|p1a: Gliscor\n|-damage|p1a: Gliscor|17\/100\n|move|p1a: Gliscor|Aerial Ace|p2a: Urshifu\n|-supereffective|p2a: Urshifu\n|-damage|p2a: Urshifu|0 fnt\n|faint|p2a: Urshifu\n|\n|-status|p1a: Gliscor|tox|[from] item: Toxic Orb\n|upkeep\n|\n|t:|1700538695\n|switch|p2a: Cinderace|Cinderace, M|100\/100\n|turn|9\n|\n|t:|1700538699\n|move|p2a: Cinderace|Pyro Ball|p1a: Gliscor\n|-damage|p1a: Gliscor|0 fnt\n|faint|p1a: Gliscor\n|\n|upkeep\n|\n|t:|1700538712\n|switch|p1a: Garchomp|Garchomp, F|100\/100\n|turn|10\n|\n|t:|1700538715\n|detailschange|p1a: Garchomp|Garchomp-Mega, F\n|-mega|p1a: Garchomp|Garchomp|Garchompite\n|move|p2a: Cinderace|U-turn|p1a: Garchomp\n|-start|p2a: Cinderace|typechange|Bug|[from] ability: Libero\n|-damage|p1a: Garchomp|72\/100\n|\n|t:|1700538723\n|switch|p2a: Corviknight|Corviknight, F|100\/100|[from] U-turn\n|-ability|p2a: Corviknight|Pressure\n|move|p1a: Garchomp|Earthquake|p2a: Corviknight\n|-immune|p2a: Corviknight\n|\n|upkeep\n|turn|11\n|\n|t:|1700538734\n|move|p1a: Garchomp|Swords Dance|p1a: Garchomp\n|-boost|p1a: Garchomp|atk|2\n|move|p2a: Corviknight|Brave Bird|p1a: Garchomp\n|-damage|p1a: Garchomp|41\/100\n|-damage|p2a: Corviknight|91\/100|[from] Recoil\n|\n|upkeep\n|turn|12\n|\n|t:|1700538746\n|move|p1a: Garchomp|Dragon Claw|p2a: Corviknight\n|-resisted|p2a: Corviknight\n|-damage|p2a: Corviknight|61\/100\n|move|p2a: Corviknight|Brave Bird|p1a: Garchomp\n|-damage|p1a: Garchomp|12\/100\n|-damage|p2a: Corviknight|53\/100|[from] Recoil\n|\n|upkeep\n|turn|13\n|\n|t:|1700538758\n|move|p1a: Garchomp|Dragon Claw|p2a: Corviknight\n|-resisted|p2a: Corviknight\n|-damage|p2a: Corviknight|23\/100\n|move|p2a: Corviknight|Roost|p2a: Corviknight\n|-heal|p2a: Corviknight|73\/100\n|-singleturn|p2a: Corviknight|move: Roost\n|\n|upkeep\n|turn|14\n|\n|t:|1700538766\n|move|p1a: Garchomp|Earthquake|p2a: Corviknight\n|-immune|p2a: Corviknight\n|move|p2a: Corviknight|Brave Bird|p1a: Garchomp\n|-damage|p1a: Garchomp|0 fnt\n|faint|p1a: Garchomp\n|-damage|p2a: Corviknight|69\/100|[from] Recoil\n|\n|upkeep\n|\n|t:|1700538781\n|switch|p1a: Rhyperior|Rhyperior, F|100\/100\n|turn|15\n|\n|t:|1700538795\n|move|p1a: Rhyperior|Protect|p1a: Rhyperior\n|-singleturn|p1a: Rhyperior|Protect\n|move|p2a: Corviknight|U-turn|p1a: Rhyperior\n|-activate|p1a: Rhyperior|move: Protect\n|\n|upkeep\n|turn|16\n|\n|t:|1700538804\n|move|p2a: Corviknight|U-turn|p1a: Rhyperior\n|-damage|p1a: Rhyperior|92\/100\n|\n|t:|1700538807\n|switch|p2a: Gardevoir|Gardevoir, M|100\/100|[from] U-turn\n|move|p1a: Rhyperior|Rock Blast|p2a: Gardevoir\n|-damage|p2a: Gardevoir|73\/100\n|-damage|p2a: Gardevoir|46\/100\n|-damage|p2a: Gardevoir|20\/100\n|-damage|p2a: Gardevoir|0 fnt\n|faint|p2a: Gardevoir\n|-hitcount|p2: Gardevoir|4\n|\n|upkeep\n|\n|t:|1700538819\n|switch|p2a: Tyranitar|Tyranitar, M|100\/100\n|-weather|Sandstorm|[from] ability: Sand Stream|[of] p2a: Tyranitar\n|turn|17\n|\n|t:|1700538825\n|move|p2a: Tyranitar|Knock Off|p1a: Rhyperior\n|-damage|p1a: Rhyperior|58\/100\n|-enditem|p1a: Rhyperior|Focus Sash|[from] move: Knock Off|[of] p2a: Tyranitar\n|move|p1a: Rhyperior|Metal Burst|p2a: Tyranitar\n|-damage|p2a: Tyranitar|48\/100\n|\n|-weather|Sandstorm|[upkeep]\n|upkeep\n|turn|18\n|\n|t:|1700538833\n|move|p2a: Tyranitar|Stone Edge|p1a: Rhyperior\n|-resisted|p1a: Rhyperior\n|-damage|p1a: Rhyperior|40\/100\n|move|p1a: Rhyperior|Metal Burst|p2a: Tyranitar\n|-damage|p2a: Tyranitar|21\/100\n|\n|-weather|Sandstorm|[upkeep]\n|upkeep\n|turn|19\n|\n|t:|1700538844\n|move|p2a: Tyranitar|Knock Off|p1a: Rhyperior\n|-damage|p1a: Rhyperior|17\/100\n|move|p1a: Rhyperior|Metal Burst|p2a: Tyranitar\n|-damage|p2a: Tyranitar|0 fnt\n|faint|p2a: Tyranitar\n|\n|-weather|Sandstorm|[upkeep]\n|upkeep\n|\n|t:|1700538853\n|switch|p2a: Corviknight|Corviknight, F|69\/100\n|-ability|p2a: Corviknight|Pressure\n|turn|20\n|\n|t:|1700538857\n|move|p2a: Corviknight|Brave Bird|p1a: Rhyperior\n|-resisted|p1a: Rhyperior\n|-damage|p1a: Rhyperior|7\/100\n|-damage|p2a: Corviknight|66\/100|[from] Recoil\n|move|p1a: Rhyperior|Heat Crash|p2a: Corviknight\n|-supereffective|p2a: Corviknight\n|-damage|p2a: Corviknight|25\/100\n|\n|-weather|Sandstorm|[upkeep]\n|upkeep\n|turn|21\n|\n|t:|1700538870\n|move|p2a: Corviknight|U-turn|p1a: Rhyperior\n|-damage|p1a: Rhyperior|0 fnt\n|faint|p1a: Rhyperior\n|\n|t:|1700538874\n|switch|p2a: Cinderace|Cinderace, M|100\/100|[from] U-turn\n|\n|-weather|none\n|upkeep\n|\n|t:|1700538878\n|switch|p1a: Krookodile|Krookodile, M|100\/100\n|turn|22\n|\n|t:|1700538883\n|move|p2a: Cinderace|Pyro Ball|p1a: Krookodile\n|-damage|p1a: Krookodile|32\/100\n|move|p1a: Krookodile|Close Combat|p2a: Cinderace\n|-damage|p2a: Cinderace|46\/100\n|-unboost|p1a: Krookodile|def|1\n|-unboost|p1a: Krookodile|spd|1\n|\n|upkeep\n|turn|23\n|-message|Faomenia forfeited.\n|\n|win|Tran minh quan\n|raw|Faomenia's rating: 1102 &rarr; <strong>1074<\/strong><br \/>(-28 for losing)\n|raw|Tran minh quan's rating: 1059 &rarr; <strong>1094<\/strong><br \/>(+35 for winning)\n|l|\u2606Faomenia\n","uploadtime":1700538895,"views":4,"p1id":"faomenia","p2id":"tranminhquan","formatid":"gen9nationaldexubers","rating":1074,"private":0,"password":""}