{"id":"gen9nationaldexubers-1982846318","p1":"Synchrodark","p2":"FunnyValentine2","format":"[Gen 9] National Dex Ubers","log":"|j|\u2606Synchrodark\n|j|\u2606FunnyValentine2\n|t:|1699050731\n|gametype|singles\n|player|p1|Synchrodark|giovanni|1575\n|player|p2|FunnyValentine2|skier|1674\n|teamsize|p1|6\n|teamsize|p2|6\n|gen|9\n|tier|[Gen 9] National Dex Ubers\n|rated|\n|rule|HP Percentage Mod: HP is shown in percentages\n|rule|Endless Battle Clause: Forcing endless battles is banned\n|rule|OHKO Clause: OHKO moves are banned\n|rule|Evasion Moves Clause: Evasion moves are banned\n|rule|Evasion Items Clause: Evasion items are banned\n|rule|Species Clause: Limit one of each Pok\u00e9mon\n|rule|Sleep Clause Mod: Limit one foe put to sleep\n|rule|Mega Rayquaza Clause: You cannot mega evolve Rayquaza\n|clearpoke\n|poke|p1|Rhydon, F|\n|poke|p1|Ho-Oh|\n|poke|p1|Dondozo, F|\n|poke|p1|Necrozma-Dawn-Wings|\n|poke|p1|Glimmora, M|\n|poke|p1|Kyurem-Black|\n|poke|p2|Glimmora, F|\n|poke|p2|Arceus|\n|poke|p2|Ho-Oh|\n|poke|p2|Groudon|\n|poke|p2|Kyogre|\n|poke|p2|Necrozma-Dusk-Mane|\n|teampreview\n|inactive|Battle timer is ON: inactive players will automatically lose when time's up. (requested by FunnyValentine2)\n|\n|t:|1699050738\n|start\n|switch|p1a: Necrozma|Necrozma-Dawn-Wings|100\/100\n|switch|p2a: savage spin out|Glimmora, F|100\/100\n|turn|1\n|\n|t:|1699050742\n|move|p2a: savage spin out|Mortal Spin|p1a: Necrozma\n|-resisted|p1a: Necrozma\n|-damage|p1a: Necrozma|98\/100\n|-status|p1a: Necrozma|psn\n|move|p1a: Necrozma|Photon Geyser|p2a: savage spin out\n|-supereffective|p2a: savage spin out\n|-enditem|p2a: savage spin out|Focus Sash\n|-damage|p2a: savage spin out|1\/100\n|\n|-damage|p1a: Necrozma|86\/100 psn|[from] psn\n|upkeep\n|turn|2\n|\n|t:|1699050749\n|switch|p1a: Glimmora|Glimmora, M|100\/100\n|-item|p1a: Glimmora|Air Balloon\n|move|p2a: savage spin out|Stealth Rock|p1a: Glimmora\n|-sidestart|p1: Synchrodark|move: Stealth Rock\n|\n|upkeep\n|turn|3\n|\n|t:|1699050759\n|switch|p2a: can't touch this|Necrozma-Dusk-Mane|100\/100\n|move|p1a: Glimmora|Mortal Spin|p2a: can't touch this\n|-immune|p2a: can't touch this\n|\n|upkeep\n|turn|4\n|\n|t:|1699050763\n|switch|p1a: Necrozma|Necrozma-Dawn-Wings|86\/100 psn\n|-damage|p1a: Necrozma|74\/100 psn|[from] Stealth Rock\n|move|p2a: can't touch this|Photon Geyser|p1a: Necrozma\n|-resisted|p1a: Necrozma\n|-damage|p1a: Necrozma|48\/100 psn\n|\n|-damage|p1a: Necrozma|35\/100 psn|[from] psn\n|upkeep\n|turn|5\n|\n|t:|1699050772\n|move|p2a: can't touch this|Earthquake|p1a: Necrozma\n|-damage|p1a: Necrozma|5\/100 psn\n|move|p1a: Necrozma|Moongeist Beam|p2a: can't touch this\n|-supereffective|p2a: can't touch this\n|-damage|p2a: can't touch this|0 fnt\n|faint|p2a: can't touch this\n|\n|-damage|p1a: Necrozma|0 fnt|[from] psn\n|faint|p1a: Necrozma\n|upkeep\n|\n|t:|1699050796\n|switch|p2a: BKC|Kyogre|100\/100\n|switch|p1a: Glimmora|Glimmora, M|100\/100\n|-damage|p1a: Glimmora|88\/100|[from] Stealth Rock\n|-item|p1a: Glimmora|Air Balloon\n|detailschange|p2a: BKC|Kyogre-Primal\n|-primal|p2a: BKC|Blue Orb\n|-weather|PrimordialSea|[from] ability: Primordial Sea|[of] p2a: BKC\n|turn|6\n|\n|t:|1699050799\n|move|p1a: Glimmora|Mortal Spin|p2a: BKC\n|-damage|p2a: BKC|95\/100\n|-status|p2a: BKC|psn\n|-sideend|p1: Synchrodark|Stealth Rock|[from] move: Mortal Spin|[of] p1a: Glimmora\n|move|p2a: BKC|Origin Pulse|p1a: Glimmora\n|-supereffective|p1a: Glimmora\n|-damage|p1a: Glimmora|0 fnt\n|-enditem|p1a: Glimmora|Air Balloon\n|faint|p1a: Glimmora\n|\n|-weather|PrimordialSea|[upkeep]\n|-damage|p2a: BKC|83\/100 psn|[from] psn\n|upkeep\n|\n|t:|1699050803\n|switch|p1a: Kyurem|Kyurem-Black|100\/100\n|-ability|p1a: Kyurem|Teravolt\n|turn|7\n|\n|t:|1699050812\n|-weather|none\n|switch|p2a: birdspam|Ho-Oh|100\/100\n|move|p1a: Kyurem|Dragon Dance|p1a: Kyurem\n|-boost|p1a: Kyurem|atk|1\n|-boost|p1a: Kyurem|spe|1\n|\n|upkeep\n|turn|8\n|\n|t:|1699050820\n|-terastallize|p2a: birdspam|Grass\n|move|p1a: Kyurem|Fusion Bolt|p2a: birdspam\n|-resisted|p2a: birdspam\n|-damage|p2a: birdspam|82\/100\n|move|p2a: birdspam|Whirlwind|p1a: Kyurem\n|drag|p1a: Rhydon|Rhydon, F|100\/100\n|\n|upkeep\n|turn|9\n|j| pkrokune\n|\n|t:|1699050827\n|switch|p2a: savage spin out|Glimmora, F|1\/100\n|switch|p1a: Ho-Oh|Ho-Oh|100\/100\n|\n|upkeep\n|turn|10\n|\n|t:|1699050838\n|move|p2a: savage spin out|Power Gem|p1a: Ho-Oh\n|-supereffective|p1a: Ho-Oh\n|-damage|p1a: Ho-Oh|31\/100\n|move|p1a: Ho-Oh|Earth Power|p2a: savage spin out\n|-supereffective|p2a: savage spin out\n|-damage|p2a: savage spin out|0 fnt\n|faint|p2a: savage spin out\n|\n|upkeep\n|\n|t:|1699050858\n|switch|p2a: kid named eruption|Groudon|100\/100\n|detailschange|p2a: kid named eruption|Groudon-Primal\n|-primal|p2a: kid named eruption|Red Orb\n|-weather|DesolateLand|[from] ability: Desolate Land|[of] p2a: kid named eruption\n|turn|11\n|\n|t:|1699050864\n|switch|p1a: Rhydon|Rhydon, F|100\/100\n|move|p2a: kid named eruption|Heat Crash|p1a: Rhydon\n|-resisted|p1a: Rhydon\n|-damage|p1a: Rhydon|69\/100\n|\n|-weather|DesolateLand|[upkeep]\n|upkeep\n|turn|12\n|\n|t:|1699050867\n|-terastallize|p1a: Rhydon|Water\n|move|p2a: kid named eruption|Precipice Blades|p1a: Rhydon|[miss]\n|-miss|p2a: kid named eruption|p1a: Rhydon\n|move|p1a: Rhydon|Curse|p1a: Rhydon\n|-unboost|p1a: Rhydon|spe|1\n|-boost|p1a: Rhydon|atk|1\n|-boost|p1a: Rhydon|def|1\n|\n|-weather|DesolateLand|[upkeep]\n|upkeep\n|turn|13\n|\n|t:|1699050871\n|move|p2a: kid named eruption|Precipice Blades|p1a: Rhydon\n|-damage|p1a: Rhydon|43\/100\n|move|p1a: Rhydon|Body Press|p2a: kid named eruption\n|-damage|p2a: kid named eruption|83\/100\n|\n|-weather|DesolateLand|[upkeep]\n|upkeep\n|turn|14\n|\n|t:|1699050878\n|-weather|none\n|switch|p2a: birdspam|Ho-Oh, tera:Grass|100\/100\n|move|p1a: Rhydon|Rest|p1a: Rhydon\n|-status|p1a: Rhydon|slp|[from] move: Rest\n|-heal|p1a: Rhydon|100\/100 slp|[silent]\n|\n|upkeep\n|turn|15\n|\n|t:|1699050881\n|cant|p1a: Rhydon|slp\n|move|p2a: birdspam|Whirlwind|p1a: Rhydon\n|drag|p1a: Kyurem|Kyurem-Black|100\/100\n|-ability|p1a: Kyurem|Teravolt\n|\n|upkeep\n|turn|16\n|\n|t:|1699050884\n|switch|p1a: Rhydon|Rhydon, F, tera:Water|100\/100 slp\n|move|p2a: birdspam|Sacred Fire|p1a: Rhydon\n|-resisted|p1a: Rhydon\n|-damage|p1a: Rhydon|91\/100 slp\n|\n|upkeep\n|turn|17\n|\n|t:|1699050887\n|cant|p1a: Rhydon|slp\n|move|p2a: birdspam|Whirlwind|p1a: Rhydon\n|drag|p1a: Ho-Oh|Ho-Oh|64\/100\n|\n|upkeep\n|turn|18\n|\n|t:|1699050889\n|switch|p2a: BKC|Kyogre-Primal|83\/100 psn\n|-weather|PrimordialSea|[from] ability: Primordial Sea|[of] p2a: BKC\n|switch|p1a: Rhydon|Rhydon, F, tera:Water|91\/100 slp\n|\n|-weather|PrimordialSea|[upkeep]\n|-damage|p2a: BKC|70\/100 psn|[from] psn\n|upkeep\n|turn|19\n|\n|t:|1699050893\n|move|p2a: BKC|Thunder|p1a: Rhydon\n|-ability|p1a: Rhydon|Lightning Rod|boost\n|-boost|p1a: Rhydon|spa|1\n|-curestatus|p1a: Rhydon|slp|[msg]\n|move|p1a: Rhydon|Body Press|p2a: BKC\n|-damage|p2a: BKC|53\/100 psn\n|\n|-weather|PrimordialSea|[upkeep]\n|-damage|p2a: BKC|41\/100 psn|[from] psn\n|upkeep\n|turn|20\n|\n|t:|1699050898\n|-weather|none\n|switch|p2a: birdspam|Ho-Oh, tera:Grass|100\/100\n|move|p1a: Rhydon|Body Press|p2a: birdspam\n|-damage|p2a: birdspam|87\/100\n|\n|upkeep\n|turn|21\n|\n|t:|1699050907\n|switch|p1a: Ho-Oh|Ho-Oh|98\/100\n|move|p2a: birdspam|Whirlwind|p1a: Ho-Oh\n|drag|p1a: Dondozo|Dondozo, F|100\/100\n|\n|upkeep\n|turn|22\n|\n|t:|1699050914\n|switch|p1a: Kyurem|Kyurem-Black|100\/100\n|-ability|p1a: Kyurem|Teravolt\n|move|p2a: birdspam|Whirlwind|p1a: Kyurem\n|drag|p1a: Rhydon|Rhydon, F, tera:Water|91\/100\n|\n|upkeep\n|turn|23\n|\n|t:|1699050917\n|switch|p1a: Ho-Oh|Ho-Oh|100\/100\n|move|p2a: birdspam|Sacred Fire|p1a: Ho-Oh|[miss]\n|-miss|p2a: birdspam|p1a: Ho-Oh\n|\n|upkeep\n|turn|24\n|\n|t:|1699050927\n|switch|p2a: jonker|Arceus|100\/100\n|move|p1a: Ho-Oh|Mystical Fire|p2a: jonker\n|-damage|p2a: jonker|83\/100\n|-unboost|p2a: jonker|spa|1\n|\n|upkeep\n|turn|25\n|\n|t:|1699050933\n|switch|p1a: Dondozo|Dondozo, F|100\/100\n|move|p2a: jonker|Swords Dance|p2a: jonker\n|-boost|p2a: jonker|atk|2\n|\n|upkeep\n|turn|26\n|\n|t:|1699050938\n|switch|p2a: kid named eruption|Groudon-Primal|83\/100\n|-weather|DesolateLand|[from] ability: Desolate Land|[of] p2a: kid named eruption\n|move|p1a: Dondozo|Curse|p1a: Dondozo\n|-unboost|p1a: Dondozo|spe|1\n|-boost|p1a: Dondozo|atk|1\n|-boost|p1a: Dondozo|def|1\n|\n|-weather|DesolateLand|[upkeep]\n|upkeep\n|turn|27\n|\n|t:|1699050941\n|-weather|none\n|switch|p2a: BKC|Kyogre-Primal|41\/100 psn\n|-weather|PrimordialSea|[from] ability: Primordial Sea|[of] p2a: BKC\n|move|p1a: Dondozo|Earthquake|p2a: BKC\n|-damage|p2a: BKC|13\/100 psn\n|\n|-weather|PrimordialSea|[upkeep]\n|-damage|p2a: BKC|0 fnt|[from] psn\n|faint|p2a: BKC\n|-weather|none\n|upkeep\n|\n|t:|1699050952\n|switch|p2a: birdspam|Ho-Oh, tera:Grass|100\/100\n|turn|28\n|\n|t:|1699050955\n|switch|p1a: Ho-Oh|Ho-Oh|100\/100\n|move|p2a: birdspam|Whirlwind|p1a: Ho-Oh\n|drag|p1a: Rhydon|Rhydon, F, tera:Water|91\/100\n|\n|upkeep\n|turn|29\n|\n|t:|1699050958\n|switch|p1a: Ho-Oh|Ho-Oh|100\/100\n|move|p2a: birdspam|Sacred Fire|p1a: Ho-Oh\n|-resisted|p1a: Ho-Oh\n|-damage|p1a: Ho-Oh|81\/100\n|\n|upkeep\n|turn|30\n|\n|t:|1699050960\n|move|p2a: birdspam|Sacred Fire|p1a: Ho-Oh\n|-resisted|p1a: Ho-Oh\n|-damage|p1a: Ho-Oh|63\/100\n|move|p1a: Ho-Oh|Mystical Fire|p2a: birdspam\n|-supereffective|p2a: birdspam\n|-damage|p2a: birdspam|70\/100\n|-unboost|p2a: birdspam|spa|1\n|\n|upkeep\n|turn|31\n|\n|t:|1699050966\n|move|p1a: Ho-Oh|Mystical Fire|p2a: birdspam\n|-supereffective|p2a: birdspam\n|-crit|p2a: birdspam\n|-damage|p2a: birdspam|22\/100\n|-unboost|p2a: birdspam|spa|1\n|move|p2a: birdspam|Whirlwind|p1a: Ho-Oh\n|drag|p1a: Dondozo|Dondozo, F|100\/100\n|\n|upkeep\n|turn|32\n|\n|t:|1699050971\n|move|p2a: birdspam|Sacred Fire|p1a: Dondozo\n|-resisted|p1a: Dondozo\n|-damage|p1a: Dondozo|92\/100\n|move|p1a: Dondozo|Earthquake|p2a: birdspam\n|-resisted|p2a: birdspam\n|-crit|p2a: birdspam\n|-damage|p2a: birdspam|11\/100\n|\n|-heal|p1a: Dondozo|98\/100|[from] item: Leftovers\n|upkeep\n|turn|33\n|\n|t:|1699050976\n|move|p2a: birdspam|Recover|p2a: birdspam\n|-heal|p2a: birdspam|61\/100\n|move|p1a: Dondozo|Earthquake|p2a: birdspam\n|-resisted|p2a: birdspam\n|-damage|p2a: birdspam|54\/100\n|\n|-heal|p1a: Dondozo|100\/100|[from] item: Leftovers\n|upkeep\n|turn|34\n|\n|t:|1699050980\n|switch|p1a: Ho-Oh|Ho-Oh|96\/100\n|move|p2a: birdspam|Sacred Fire|p1a: Ho-Oh\n|-resisted|p1a: Ho-Oh\n|-damage|p1a: Ho-Oh|76\/100\n|\n|upkeep\n|turn|35\n|\n|t:|1699050982\n|move|p2a: birdspam|Recover|p2a: birdspam\n|-heal|p2a: birdspam|100\/100\n|move|p1a: Ho-Oh|Mystical Fire|p2a: birdspam\n|-supereffective|p2a: birdspam\n|-damage|p2a: birdspam|67\/100\n|-unboost|p2a: birdspam|spa|1\n|\n|upkeep\n|turn|36\n|\n|t:|1699050987\n|move|p1a: Ho-Oh|Mystical Fire|p2a: birdspam\n|-supereffective|p2a: birdspam\n|-damage|p2a: birdspam|33\/100\n|-unboost|p2a: birdspam|spa|1\n|move|p2a: birdspam|Whirlwind|p1a: Ho-Oh\n|drag|p1a: Kyurem|Kyurem-Black|100\/100\n|-ability|p1a: Kyurem|Teravolt\n|\n|upkeep\n|turn|37\n|\n|t:|1699050991\n|move|p1a: Kyurem|Icicle Spear|p2a: birdspam\n|-supereffective|p2a: birdspam\n|-damage|p2a: birdspam|12\/100\n|-supereffective|p2a: birdspam\n|-crit|p2a: birdspam\n|-damage|p2a: birdspam|0 fnt\n|faint|p2a: birdspam\n|-hitcount|p2: birdspam|2\n|\n|upkeep\n|\n|t:|1699050995\n|switch|p2a: kid named eruption|Groudon-Primal|83\/100\n|-weather|DesolateLand|[from] ability: Desolate Land|[of] p2a: kid named eruption\n|turn|38\n|\n|t:|1699051000\n|move|p1a: Kyurem|Dragon Dance|p1a: Kyurem\n|-boost|p1a: Kyurem|atk|1\n|-boost|p1a: Kyurem|spe|1\n|move|p2a: kid named eruption|Precipice Blades|p1a: Kyurem\n|-damage|p1a: Kyurem|47\/100\n|\n|-weather|DesolateLand|[upkeep]\n|upkeep\n|turn|39\n|\n|t:|1699051004\n|move|p1a: Kyurem|Icicle Spear|p2a: kid named eruption\n|-damage|p2a: kid named eruption|70\/100\n|-damage|p2a: kid named eruption|59\/100\n|-damage|p2a: kid named eruption|46\/100\n|-damage|p2a: kid named eruption|34\/100\n|-damage|p2a: kid named eruption|22\/100\n|-hitcount|p2a: kid named eruption|5\n|move|p2a: kid named eruption|Heat Crash|p1a: Kyurem\n|-damage|p1a: Kyurem|0 fnt\n|faint|p1a: Kyurem\n|\n|-weather|DesolateLand|[upkeep]\n|upkeep\n|\n|t:|1699051012\n|switch|p1a: Ho-Oh|Ho-Oh|100\/100\n|turn|40\n|\n|t:|1699051014\n|move|p2a: kid named eruption|Stone Edge|p1a: Ho-Oh\n|-supereffective|p1a: Ho-Oh\n|-damage|p1a: Ho-Oh|0 fnt\n|faint|p1a: Ho-Oh\n|\n|-weather|DesolateLand|[upkeep]\n|upkeep\n|\n|t:|1699051017\n|switch|p1a: Rhydon|Rhydon, F, tera:Water|91\/100\n|turn|41\n|\n|t:|1699051019\n|move|p2a: kid named eruption|Precipice Blades|p1a: Rhydon\n|-damage|p1a: Rhydon|53\/100\n|move|p1a: Rhydon|Curse|p1a: Rhydon\n|-unboost|p1a: Rhydon|spe|1\n|-boost|p1a: Rhydon|atk|1\n|-boost|p1a: Rhydon|def|1\n|\n|-weather|DesolateLand|[upkeep]\n|upkeep\n|turn|42\n|\n|t:|1699051022\n|move|p2a: kid named eruption|Precipice Blades|p1a: Rhydon\n|-damage|p1a: Rhydon|24\/100\n|move|p1a: Rhydon|Curse|p1a: Rhydon\n|-unboost|p1a: Rhydon|spe|1\n|-boost|p1a: Rhydon|atk|1\n|-boost|p1a: Rhydon|def|1\n|\n|-weather|DesolateLand|[upkeep]\n|upkeep\n|turn|43\n|\n|t:|1699051025\n|move|p2a: kid named eruption|Precipice Blades|p1a: Rhydon|[miss]\n|-miss|p2a: kid named eruption|p1a: Rhydon\n|move|p1a: Rhydon|Rest|p1a: Rhydon\n|-status|p1a: Rhydon|slp|[from] move: Rest\n|-heal|p1a: Rhydon|100\/100 slp|[silent]\n|\n|-weather|DesolateLand|[upkeep]\n|upkeep\n|turn|44\n|\n|t:|1699051027\n|move|p2a: kid named eruption|Swords Dance|p2a: kid named eruption\n|-boost|p2a: kid named eruption|atk|2\n|cant|p1a: Rhydon|slp\n|\n|-weather|DesolateLand|[upkeep]\n|upkeep\n|turn|45\n|\n|t:|1699051030\n|move|p2a: kid named eruption|Precipice Blades|p1a: Rhydon\n|-damage|p1a: Rhydon|59\/100 slp\n|cant|p1a: Rhydon|slp\n|\n|-weather|DesolateLand|[upkeep]\n|upkeep\n|turn|46\n|\n|t:|1699051034\n|move|p2a: kid named eruption|Precipice Blades|p1a: Rhydon|[miss]\n|-miss|p2a: kid named eruption|p1a: Rhydon\n|-curestatus|p1a: Rhydon|slp|[msg]\n|move|p1a: Rhydon|Body Press|p2a: kid named eruption\n|-damage|p2a: kid named eruption|0 fnt\n|faint|p2a: kid named eruption\n|-weather|none\n|\n|upkeep\n|c|\u2606FunnyValentine2|I've gotten haxxed\n|c|\u2606FunnyValentine2|so fucking much\n|c|\u2606FunnyValentine2|today\n|c|\u2606FunnyValentine2|unbelievably so\n|c|\u2606FunnyValentine2|it's fucking terrible\n|c|\u2606FunnyValentine2|like your team\n|-message|FunnyValentine2 forfeited.\n|\n|win|Synchrodark\n|raw|Synchrodark's rating: 1575 &rarr; <strong>1601<\/strong><br \/>(+26 for winning)\n|raw|FunnyValentine2's rating: 1674 &rarr; <strong>1648<\/strong><br \/>(-26 for losing)\n|l|\u2606FunnyValentine2\n|c| pkrokune|packed that loser up\n","uploadtime":1699051067,"views":12,"p1id":"synchrodark","p2id":"funnyvalentine2","formatid":"gen9nationaldexubers","rating":1601,"private":0,"password":""}