{"id":"gen9nationaldexubers-1992715782","p1":"FazeTzy","p2":"JustMonika_CARR","format":"[Gen 9] National Dex Ubers","log":"|j|\u2606FazeTzy\n|j|\u2606JustMonika_CARR\n|t:|1700228472\n|gametype|singles\n|player|p1|FazeTzy|265|1339\n|player|p2|JustMonika_CARR|rosa|1391\n|teamsize|p1|6\n|teamsize|p2|6\n|gen|9\n|tier|[Gen 9] National Dex Ubers\n|rated|\n|rule|HP Percentage Mod: HP is shown in percentages\n|rule|Endless Battle Clause: Forcing endless battles is banned\n|rule|OHKO Clause: OHKO moves are banned\n|rule|Evasion Moves Clause: Evasion moves are banned\n|rule|Evasion Items Clause: Evasion items are banned\n|rule|Species Clause: Limit one of each Pok\u00e9mon\n|rule|Sleep Clause Mod: Limit one foe put to sleep\n|rule|Mega Rayquaza Clause: You cannot mega evolve Rayquaza\n|clearpoke\n|poke|p1|Yveltal|\n|poke|p1|Roaring Moon|\n|poke|p1|Arceus-Fairy|\n|poke|p1|Groudon|\n|poke|p1|Blastoise, M|\n|poke|p1|Zamazenta-*|\n|poke|p2|Marshadow|\n|poke|p2|Lopunny, F|\n|poke|p2|Eternatus|\n|poke|p2|Forretress, F|\n|poke|p2|Pheromosa|\n|poke|p2|Grimmsnarl, M|\n|teampreview\n|\n|t:|1700228485\n|start\n|switch|p1a: Groudon|Groudon|100\/100\n|switch|p2a: Forretress|Forretress, F, shiny|100\/100\n|detailschange|p1a: Groudon|Groudon-Primal\n|-primal|p1a: Groudon|Red Orb\n|-weather|DesolateLand|[from] ability: Desolate Land|[of] p1a: Groudon\n|turn|1\n|c|\u2606JustMonika_CARR|Glhf\n|\n|t:|1700228494\n|move|p1a: Groudon|Rock Slide|p2a: Forretress\n|-damage|p2a: Forretress|80\/100\n|-enditem|p2a: Forretress|Red Card|[of] p1a: Groudon\n|-weather|none\n|drag|p1a: Yveltal|Yveltal|100\/100\n|-ability|p1a: Yveltal|Dark Aura\n|move|p2a: Forretress|Stealth Rock|p1a: Yveltal\n|-sidestart|p1: FazeTzy|move: Stealth Rock\n|\n|upkeep\n|turn|2\n|\n|t:|1700228505\n|move|p1a: Yveltal|Dark Pulse|p2a: Forretress\n|-damage|p2a: Forretress|0 fnt\n|faint|p2a: Forretress\n|\n|upkeep\n|\n|t:|1700228511\n|switch|p2a: Grimmsnarl|Grimmsnarl, M, shiny|100\/100\n|turn|3\n|\n|t:|1700228514\n|switch|p1a: Arceus|Arceus-Fairy|100\/100\n|-damage|p1a: Arceus|88\/100|[from] Stealth Rock\n|move|p2a: Grimmsnarl|Spirit Break|p1a: Arceus\n|-damage|p1a: Arceus|66\/100\n|-unboost|p1a: Arceus|spa|1\n|\n|upkeep\n|turn|4\n|\n|t:|1700228523\n|-terastallize|p2a: Grimmsnarl|Dark\n|move|p2a: Grimmsnarl|Taunt|p1a: Arceus\n|-start|p1a: Arceus|move: Taunt\n|cant|p1a: Arceus|move: Taunt|Defog\n|\n|upkeep\n|turn|5\n|c|\u2606JustMonika_CARR|Tf\n|c|\u2606JustMonika_CARR|Wrong tera\n|\n|t:|1700228538\n|move|p1a: Arceus|Judgment|p2a: Grimmsnarl\n|-supereffective|p2a: Grimmsnarl\n|-damage|p2a: Grimmsnarl|8\/100\n|move|p2a: Grimmsnarl|Spirit Break|p1a: Arceus\n|-damage|p1a: Arceus|43\/100\n|-unboost|p1a: Arceus|spa|1\n|\n|-heal|p2a: Grimmsnarl|14\/100|[from] item: Leftovers\n|upkeep\n|turn|6\n|\n|t:|1700228549\n|move|p2a: Grimmsnarl|Light Screen|p2a: Grimmsnarl\n|-sidestart|p2: JustMonika_CARR|move: Light Screen\n|move|p1a: Arceus|Judgment|p2a: Grimmsnarl\n|-supereffective|p2a: Grimmsnarl\n|-damage|p2a: Grimmsnarl|0 fnt\n|faint|p2a: Grimmsnarl\n|\n|-end|p1a: Arceus|move: Taunt\n|upkeep\n|\n|t:|1700228573\n|switch|p2a: Eternatus|Eternatus|100\/100\n|-ability|p2a: Eternatus|Pressure\n|turn|7\n|\n|t:|1700228578\n|switch|p1a: Zamazenta|Zamazenta-Crowned|100\/100\n|-damage|p1a: Zamazenta|97\/100|[from] Stealth Rock\n|-ability|p1a: Zamazenta|Dauntless Shield|boost\n|-boost|p1a: Zamazenta|def|1\n|move|p2a: Eternatus|Sludge Wave|p1a: Zamazenta\n|-immune|p1a: Zamazenta\n|\n|upkeep\n|turn|8\n|\n|t:|1700228593\n|switch|p2a: Marshadow|Marshadow|100\/100\n|move|p1a: Zamazenta|Iron Defense|p1a: Zamazenta\n|-boost|p1a: Zamazenta|def|2\n|\n|upkeep\n|turn|9\n|\n|t:|1700228599\n|switch|p1a: Arceus|Arceus-Fairy|43\/100\n|-damage|p1a: Arceus|30\/100|[from] Stealth Rock\n|move|p2a: Marshadow|Spectral Thief|p1a: Arceus\n|-damage|p1a: Arceus|0 fnt\n|faint|p1a: Arceus\n|\n|upkeep\n|\n|t:|1700228605\n|switch|p1a: Yveltal|Yveltal|100\/100\n|-damage|p1a: Yveltal|76\/100|[from] Stealth Rock\n|-ability|p1a: Yveltal|Dark Aura\n|turn|10\n|\n|t:|1700228614\n|move|p2a: Marshadow|Rock Tomb|p1a: Yveltal\n|-supereffective|p1a: Yveltal\n|-damage|p1a: Yveltal|19\/100\n|-unboost|p1a: Yveltal|spe|1\n|move|p1a: Yveltal|Oblivion Wing|p2a: Marshadow\n|-supereffective|p2a: Marshadow\n|-damage|p2a: Marshadow|46\/100\n|-heal|p1a: Yveltal|49\/100|[from] drain|[of] p2a: Marshadow\n|\n|-sideend|p2: JustMonika_CARR|move: Light Screen\n|upkeep\n|turn|11\n|\n|t:|1700228630\n|-terastallize|p1a: Yveltal|Dark\n|move|p2a: Marshadow|Rock Tomb|p1a: Yveltal\n|-crit|p1a: Yveltal\n|-damage|p1a: Yveltal|11\/100\n|-unboost|p1a: Yveltal|spe|1\n|move|p1a: Yveltal|Foul Play|p2a: Marshadow\n|-damage|p2a: Marshadow|0 fnt\n|faint|p2a: Marshadow\n|\n|upkeep\n|\n|t:|1700228646\n|switch|p2a: Pheromosa|Pheromosa, shiny|100\/100\n|turn|12\n|\n|t:|1700228651\n|move|p1a: Yveltal|Sucker Punch|p2a: Pheromosa\n|-resisted|p2a: Pheromosa\n|-damage|p2a: Pheromosa|28\/100\n|move|p2a: Pheromosa|Rapid Spin|p1a: Yveltal\n|-damage|p1a: Yveltal|0 fnt\n|-boost|p2a: Pheromosa|spe|1\n|faint|p1a: Yveltal\n|-ability|p2a: Pheromosa|Beast Boost|boost\n|-boost|p2a: Pheromosa|spa|1\n|\n|upkeep\n|\n|t:|1700228658\n|switch|p1a: Zamazenta|Zamazenta-Crowned|97\/100\n|-damage|p1a: Zamazenta|94\/100|[from] Stealth Rock\n|turn|13\n|\n|t:|1700228670\n|move|p2a: Pheromosa|Close Combat|p1a: Zamazenta\n|-supereffective|p1a: Zamazenta\n|-damage|p1a: Zamazenta|29\/100\n|-unboost|p2a: Pheromosa|def|1\n|-unboost|p2a: Pheromosa|spd|1\n|move|p1a: Zamazenta|Iron Defense|p1a: Zamazenta\n|-boost|p1a: Zamazenta|def|2\n|\n|upkeep\n|turn|14\n|\n|t:|1700228678\n|move|p2a: Pheromosa|Close Combat|p1a: Zamazenta\n|-supereffective|p1a: Zamazenta\n|-damage|p1a: Zamazenta|0 fnt\n|-unboost|p2a: Pheromosa|def|1\n|-unboost|p2a: Pheromosa|spd|1\n|faint|p1a: Zamazenta\n|-ability|p2a: Pheromosa|Beast Boost|boost\n|-boost|p2a: Pheromosa|spa|1\n|\n|upkeep\n|\n|t:|1700228682\n|switch|p1a: Groudon|Groudon-Primal|100\/100\n|-damage|p1a: Groudon|88\/100|[from] Stealth Rock\n|-weather|DesolateLand|[from] ability: Desolate Land|[of] p1a: Groudon\n|turn|15\n|\n|t:|1700228692\n|move|p2a: Pheromosa|Ice Beam|p1a: Groudon\n|-damage|p1a: Groudon|11\/100\n|move|p1a: Groudon|Heat Crash|p2a: Pheromosa\n|-supereffective|p2a: Pheromosa\n|-damage|p2a: Pheromosa|0 fnt\n|faint|p2a: Pheromosa\n|\n|-weather|DesolateLand|[upkeep]\n|upkeep\n|\n|t:|1700228704\n|switch|p2a: Lopunny|Lopunny, F, shiny|100\/100\n|turn|16\n|\n|t:|1700228710\n|detailschange|p2a: Lopunny|Lopunny-Mega, F, shiny\n|-mega|p2a: Lopunny|Lopunny|Lopunnite\n|move|p2a: Lopunny|Power-Up Punch|p1a: Groudon\n|-damage|p1a: Groudon|0 fnt\n|-boost|p2a: Lopunny|atk|1\n|faint|p1a: Groudon\n|-weather|none\n|\n|upkeep\n|\n|t:|1700228721\n|switch|p1a: Roaring Moon|Roaring Moon|100\/100\n|-damage|p1a: Roaring Moon|88\/100|[from] Stealth Rock\n|-enditem|p1a: Roaring Moon|Booster Energy\n|-activate|p1a: Roaring Moon|ability: Protosynthesis|[fromitem]\n|-start|p1a: Roaring Moon|protosynthesisatk\n|turn|17\n|\n|t:|1700228729\n|move|p2a: Lopunny|Close Combat|p1a: Roaring Moon\n|-supereffective|p1a: Roaring Moon\n|-damage|p1a: Roaring Moon|0 fnt\n|-unboost|p2a: Lopunny|def|1\n|-unboost|p2a: Lopunny|spd|1\n|faint|p1a: Roaring Moon\n|-end|p1a: Roaring Moon|Protosynthesis|[silent]\n|\n|upkeep\n|-message|FazeTzy forfeited.\n|\n|win|JustMonika_CARR\n|raw|FazeTzy's rating: 1339 &rarr; <strong>1322<\/strong><br \/>(-17 for losing)\n|raw|JustMonika_CARR's rating: 1391 &rarr; <strong>1408<\/strong><br \/>(+17 for winning)\n|l|\u2606FazeTzy\n","uploadtime":1700228747,"views":8,"p1id":"fazetzy","p2id":"justmonikacarr","formatid":"gen9nationaldexubers","rating":1322,"private":0,"password":""}