{"id":"gen9nationaldexubers-1985053434","p1":"Tomorand","p2":"shinykyu","format":"[Gen 9] National Dex Ubers","log":"|j|\u2606Tomorand\n|j|\u2606shinykyu\n|t:|1699325114\n|gametype|singles\n|player|p1|Tomorand|iono|\n|player|p2|shinykyu|dawn|\n|teamsize|p1|6\n|teamsize|p2|6\n|gen|9\n|tier|[Gen 9] National Dex Ubers\n|rule|HP Percentage Mod: HP is shown in percentages\n|rule|Endless Battle Clause: Forcing endless battles is banned\n|rule|OHKO Clause: OHKO moves are banned\n|rule|Evasion Moves Clause: Evasion moves are banned\n|rule|Evasion Items Clause: Evasion items are banned\n|rule|Species Clause: Limit one of each Pok\u00e9mon\n|rule|Sleep Clause Mod: Limit one foe put to sleep\n|rule|Mega Rayquaza Clause: You cannot mega evolve Rayquaza\n|clearpoke\n|poke|p1|Azumarill, M|\n|poke|p1|Gholdengo|\n|poke|p1|Dragapult, M|\n|poke|p1|Lopunny, F|\n|poke|p1|Iron Moth|\n|poke|p1|Sandy Shocks|\n|poke|p2|Scizor, M|\n|poke|p2|Goodra, M|\n|poke|p2|Nidoking, M|\n|poke|p2|Slowbro, M|\n|poke|p2|Volcarona, F|\n|poke|p2|Corviknight, F|\n|teampreview\n|\n|t:|1699325222\n|start\n|switch|p1a: Let's Groove|Sandy Shocks|100\/100\n|switch|p2a: anti-tinkaton|Corviknight, F, shiny|100\/100\n|-ability|p2a: anti-tinkaton|Unnerve\n|-enditem|p1a: Let's Groove|Booster Energy\n|-activate|p1a: Let's Groove|ability: Protosynthesis|[fromitem]\n|-start|p1a: Let's Groove|protosynthesisspa\n|turn|1\n|\n|t:|1699325261\n|move|p1a: Let's Groove|Stealth Rock|p2a: anti-tinkaton\n|-sidestart|p2: shinykyu|move: Stealth Rock\n|move|p2a: anti-tinkaton|U-turn|p1a: Let's Groove\n|-damage|p1a: Let's Groove|84\/100\n|\n|t:|1699325266\n|switch|p2a: goodest boi|Goodra, M, shiny|100\/100|[from] U-turn\n|-damage|p2a: goodest boi|88\/100|[from] Stealth Rock\n|\n|upkeep\n|turn|2\n|\n|t:|1699325331\n|move|p1a: Let's Groove|Earth Power|p2a: goodest boi\n|-damage|p2a: goodest boi|64\/100\n|move|p2a: goodest boi|Ice Beam|p1a: Let's Groove\n|-supereffective|p1a: Let's Groove\n|-damage|p1a: Let's Groove|10\/100\n|\n|upkeep\n|turn|3\n|\n|t:|1699325350\n|move|p1a: Let's Groove|Earth Power|p2a: goodest boi\n|-damage|p2a: goodest boi|39\/100\n|-unboost|p2a: goodest boi|spd|1\n|move|p2a: goodest boi|Ice Beam|p1a: Let's Groove\n|-supereffective|p1a: Let's Groove\n|-damage|p1a: Let's Groove|0 fnt\n|faint|p1a: Let's Groove\n|-end|p1a: Let's Groove|Protosynthesis|[silent]\n|\n|upkeep\n|\n|t:|1699325366\n|switch|p1a: Canned Heat|Lopunny, F|100\/100\n|turn|4\n|\n|t:|1699325387\n|switch|p2a: anti-tinkaton|Corviknight, F, shiny|100\/100\n|-ability|p2a: anti-tinkaton|Unnerve\n|-damage|p2a: anti-tinkaton|88\/100|[from] Stealth Rock\n|detailschange|p1a: Canned Heat|Lopunny-Mega, F\n|-mega|p1a: Canned Heat|Lopunny|Lopunnite\n|move|p1a: Canned Heat|Fake Out|p2a: anti-tinkaton\n|-resisted|p2a: anti-tinkaton\n|-damage|p2a: anti-tinkaton|81\/100\n|-damage|p1a: Canned Heat|84\/100|[from] item: Rocky Helmet|[of] p2a: anti-tinkaton\n|\n|upkeep\n|turn|5\n|\n|t:|1699325402\n|move|p1a: Canned Heat|Fire Punch|p2a: anti-tinkaton\n|-supereffective|p2a: anti-tinkaton\n|-damage|p2a: anti-tinkaton|52\/100\n|-damage|p1a: Canned Heat|67\/100|[from] item: Rocky Helmet|[of] p2a: anti-tinkaton\n|move|p2a: anti-tinkaton|Roost|p2a: anti-tinkaton\n|-heal|p2a: anti-tinkaton|100\/100\n|-singleturn|p2a: anti-tinkaton|move: Roost\n|\n|upkeep\n|turn|6\n|\n|t:|1699325426\n|switch|p1a: The Ritz|Gholdengo|100\/100\n|move|p2a: anti-tinkaton|Defog|p1a: The Ritz\n|-immune|p1a: The Ritz|[from] ability: Good as Gold\n|\n|upkeep\n|turn|7\n|c|\u2606Tomorand|L\n|c|\u2606shinykyu|i thought defog cleared terrain regardless of whether opponent is immune???\n|c|\u2606Tomorand|nope\n|c|\u2606Tomorand|:-3\n|c|\u2606shinykyu|reasons why i hate gholdengo just went up\n|c|\u2606shinykyu|again\n|c|\u2606Tomorand|the issue is your tissue\n|\n|t:|1699325541\n|switch|p2a: sheer king|Nidoking, M, shiny|100\/100\n|-damage|p2a: sheer king|94\/100|[from] Stealth Rock\n|move|p1a: The Ritz|Shadow Ball|p2a: sheer king\n|-damage|p2a: sheer king|13\/100\n|-damage|p1a: The Ritz|91\/100|[from] item: Life Orb\n|\n|upkeep\n|turn|8\n|\n|t:|1699325552\n|move|p2a: sheer king|Earth Power|p1a: The Ritz\n|-supereffective|p1a: The Ritz\n|-damage|p1a: The Ritz|0 fnt\n|faint|p1a: The Ritz\n|\n|upkeep\n|c|\u2606shinykyu|good\n|\n|t:|1699325573\n|switch|p1a: Canned Heat|Lopunny-Mega, F|67\/100\n|turn|9\n|c|\u2606Tomorand|me when i misread the speed numbers\n|\n|t:|1699325584\n|move|p1a: Canned Heat|Fake Out|p2a: sheer king\n|-damage|p2a: sheer king|0 fnt\n|faint|p2a: sheer king\n|\n|upkeep\n|\n|t:|1699325597\n|switch|p2a: anti-tinkaton|Corviknight, F, shiny|100\/100\n|-ability|p2a: anti-tinkaton|Unnerve\n|-damage|p2a: anti-tinkaton|88\/100|[from] Stealth Rock\n|turn|10\n|\n|t:|1699325613\n|switch|p1a: Pop Muzik|Dragapult, M|100\/100\n|move|p2a: anti-tinkaton|Roost|p2a: anti-tinkaton\n|-heal|p2a: anti-tinkaton|100\/100\n|-singleturn|p2a: anti-tinkaton|move: Roost\n|\n|upkeep\n|turn|11\n|\n|t:|1699325625\n|move|p1a: Pop Muzik|Flamethrower|p2a: anti-tinkaton\n|-supereffective|p2a: anti-tinkaton\n|-crit|p2a: anti-tinkaton\n|-damage|p2a: anti-tinkaton|7\/100\n|move|p2a: anti-tinkaton|Defog|p1a: Pop Muzik\n|-fail|p1a: Pop Muzik|unboost|[from] ability: Clear Body|[of] p1a: Pop Muzik\n|-sideend|p2: shinykyu|Stealth Rock|[from] move: Defog|[of] p2a: anti-tinkaton\n|\n|upkeep\n|turn|12\n|\n|t:|1699325660\n|switch|p2a: not so quick bro|Slowbro, M|100\/100\n|move|p1a: Pop Muzik|Shadow Ball|p2a: not so quick bro\n|-supereffective|p2a: not so quick bro\n|-enditem|p2a: not so quick bro|Kasib Berry|[eat]\n|-enditem|p2a: not so quick bro|Kasib Berry|[weaken]\n|-damage|p2a: not so quick bro|56\/100\n|\n|upkeep\n|turn|13\n|\n|t:|1699325689\n|switch|p2a: anti-tinkaton|Corviknight, F, shiny|7\/100\n|-ability|p2a: anti-tinkaton|Unnerve\n|move|p1a: Pop Muzik|Shadow Ball|p2a: anti-tinkaton\n|-damage|p2a: anti-tinkaton|0 fnt\n|faint|p2a: anti-tinkaton\n|\n|upkeep\n|\n|t:|1699325703\n|switch|p2a: queen volc|Volcarona, F|100\/100\n|turn|14\n|c|\u2606Tomorand|mb trying to figure out what you're cooking\n|c|\u2606shinykyu|btw i specifically calced it so nidoking would outspeed a choice scarf'd gholdengo by exactly one\n|c|\u2606Tomorand|:ok:\n|\n|t:|1699325875\n|move|p1a: Pop Muzik|Shadow Ball|p2a: queen volc\n|-damage|p2a: queen volc|68\/100\n|-unboost|p2a: queen volc|spd|1\n|move|p2a: queen volc|Quiver Dance|p2a: queen volc\n|-boost|p2a: queen volc|spa|1\n|-boost|p2a: queen volc|spd|1\n|-boost|p2a: queen volc|spe|1\n|\n|-heal|p2a: queen volc|75\/100|[from] item: Leftovers\n|upkeep\n|turn|15\n|c|\u2606shinykyu|man the luck on that sp def drop\n|\n|t:|1699325919\n|move|p2a: queen volc|Quiver Dance|p2a: queen volc\n|-boost|p2a: queen volc|spa|1\n|-boost|p2a: queen volc|spd|1\n|-boost|p2a: queen volc|spe|1\n|move|p1a: Pop Muzik|U-turn|p2a: queen volc\n|-resisted|p2a: queen volc\n|-damage|p2a: queen volc|65\/100\n|-status|p1a: Pop Muzik|brn|[from] ability: Flame Body|[of] p2a: queen volc\n|\n|t:|1699325946\n|switch|p1a: Soft and Wet|Azumarill, M|100\/100|[from] U-turn\n|\n|-heal|p2a: queen volc|71\/100|[from] item: Leftovers\n|upkeep\n|turn|16\n|\n|t:|1699325969\n|move|p2a: queen volc|Giga Drain|p1a: Soft and Wet\n|-supereffective|p1a: Soft and Wet\n|-damage|p1a: Soft and Wet|3\/100\n|-heal|p2a: queen volc|100\/100|[from] drain|[of] p1a: Soft and Wet\n|move|p1a: Soft and Wet|Liquidation|p2a: queen volc\n|-supereffective|p2a: queen volc\n|-damage|p2a: queen volc|0 fnt\n|faint|p2a: queen volc\n|\n|-heal|p1a: Soft and Wet|9\/100|[from] item: Leftovers\n|upkeep\n|c|\u2606Tomorand|mald\n|c|\u2606shinykyu|oh wow\n|\n|t:|1699326018\n|switch|p2a: not so quick bro|Slowbro, M|89\/100\n|turn|17\n|\n|t:|1699326046\n|move|p1a: Soft and Wet|Knock Off|p2a: not so quick bro\n|-supereffective|p2a: not so quick bro\n|-damage|p2a: not so quick bro|58\/100\n|move|p2a: not so quick bro|Slack Off|p2a: not so quick bro\n|-heal|p2a: not so quick bro|100\/100\n|\n|-heal|p1a: Soft and Wet|15\/100|[from] item: Leftovers\n|upkeep\n|turn|18\n|c|\u2606shinykyu|not sure what you're trying to knock off\n|\n|t:|1699326071\n|move|p1a: Soft and Wet|Protect|p1a: Soft and Wet\n|-singleturn|p1a: Soft and Wet|Protect\n|move|p2a: not so quick bro|Psyshock|p1a: Soft and Wet\n|-activate|p1a: Soft and Wet|move: Protect\n|\n|-heal|p1a: Soft and Wet|22\/100|[from] item: Leftovers\n|upkeep\n|turn|19\n|\n|t:|1699326084\n|move|p1a: Soft and Wet|Knock Off|p2a: not so quick bro\n|-supereffective|p2a: not so quick bro\n|-damage|p2a: not so quick bro|66\/100\n|move|p2a: not so quick bro|Psyshock|p1a: Soft and Wet\n|-damage|p1a: Soft and Wet|0 fnt\n|faint|p1a: Soft and Wet\n|\n|upkeep\n|\n|t:|1699326143\n|switch|p1a: Pop Muzik|Dragapult, M|100\/100 brn\n|turn|20\n|c|\u2606Tomorand|go ahead, calc about it\n|c|\u2606shinykyu|i would actually calc but that would feel shitty\n|c|\u2606shinykyu|calc tab temptation is there\n|\n|t:|1699326275\n|move|p1a: Pop Muzik|Shadow Ball|p2a: not so quick bro\n|-supereffective|p2a: not so quick bro\n|-damage|p2a: not so quick bro|0 fnt\n|faint|p2a: not so quick bro\n|\n|-damage|p1a: Pop Muzik|95\/100 brn|[from] brn\n|upkeep\n|\n|t:|1699326283\n|switch|p2a: goodest boi|Goodra, M, shiny|39\/100\n|turn|21\n|\n|t:|1699326317\n|move|p1a: Pop Muzik|Draco Meteor|p2a: goodest boi\n|-supereffective|p2a: goodest boi\n|-damage|p2a: goodest boi|0 fnt\n|-unboost|p1a: Pop Muzik|spa|2\n|faint|p2a: goodest boi\n|\n|-damage|p1a: Pop Muzik|89\/100 brn|[from] brn\n|upkeep\n|c|\u2606shinykyu|instead i will later calc the odds azu had of living that +2 giga drain\n|\n|t:|1699326336\n|switch|p2a: ouchie|Scizor, M|100\/100\n|turn|22\n|c|\u2606Tomorand|do so i am curious\n|\n|t:|1699326347\n|detailschange|p2a: ouchie|Scizor-Mega, M\n|-mega|p2a: ouchie|Scizor|Scizorite\n|move|p1a: Pop Muzik|Flamethrower|p2a: ouchie\n|-supereffective|p2a: ouchie\n|-damage|p2a: ouchie|39\/100\n|move|p2a: ouchie|Knock Off|p1a: Pop Muzik\n|-supereffective|p1a: Pop Muzik\n|-damage|p1a: Pop Muzik|0 fnt\n|-enditem|p1a: Pop Muzik|Expert Belt|[from] move: Knock Off|[of] p2a: ouchie\n|faint|p1a: Pop Muzik\n|\n|upkeep\n|\n|t:|1699326367\n|switch|p1a: Cherry Bomb|Iron Moth|100\/100\n|-enditem|p1a: Cherry Bomb|Booster Energy\n|-activate|p1a: Cherry Bomb|ability: Quark Drive|[fromitem]\n|-start|p1a: Cherry Bomb|quarkdrivespa\n|turn|23\n|c|\u2606shinykyu|expert belt is not what i expected but what else i guess\n|\n|t:|1699326403\n|move|p2a: ouchie|Bullet Punch|p1a: Cherry Bomb\n|-resisted|p1a: Cherry Bomb\n|-damage|p1a: Cherry Bomb|69\/100\n|move|p1a: Cherry Bomb|Fiery Dance|p2a: ouchie\n|-supereffective|p2a: ouchie\n|-damage|p2a: ouchie|0 fnt\n|-boost|p1a: Cherry Bomb|spa|1\n|faint|p2a: ouchie\n|\n|win|Tomorand\n|c|\u2606shinykyu|aight gg\n|c|\u2606Tomorand|gg!\n|c|\u2606Tomorand|i legit panicked when i realized i didn't put aqua jet on azu\n","uploadtime":1699326423,"views":13,"p1id":"tomorand","p2id":"shinykyu","formatid":"gen9nationaldexubers","rating":0,"private":0,"password":""}