{"id":"gen9nationaldexubers-1980097044","p1":"Xanaxxvernichter22","p2":"aquiles meo","format":"[Gen 9] National Dex Ubers","log":"|j|\u2606Xanaxxvernichter22\n|j|\u2606aquiles meo\n|t:|1698756909\n|gametype|singles\n|player|p1|Xanaxxvernichter22|clown|1040\n|player|p2|aquiles meo|ethan|1108\n|teamsize|p1|6\n|teamsize|p2|6\n|gen|9\n|tier|[Gen 9] National Dex Ubers\n|rated|\n|rule|HP Percentage Mod: HP is shown in percentages\n|rule|Endless Battle Clause: Forcing endless battles is banned\n|rule|OHKO Clause: OHKO moves are banned\n|rule|Evasion Moves Clause: Evasion moves are banned\n|rule|Evasion Items Clause: Evasion items are banned\n|rule|Species Clause: Limit one of each Pok\u00e9mon\n|rule|Sleep Clause Mod: Limit one foe put to sleep\n|rule|Mega Rayquaza Clause: You cannot mega evolve Rayquaza\n|clearpoke\n|poke|p1|Zygarde-10%|\n|poke|p1|Xerneas-*|\n|poke|p1|Yveltal|\n|poke|p1|Marshadow|\n|poke|p1|Groudon|\n|poke|p1|Magearna|\n|poke|p2|Jirachi|\n|poke|p2|Ho-Oh|\n|poke|p2|Rayquaza|\n|poke|p2|Pidgeot, M|\n|poke|p2|Lucario, M|\n|poke|p2|Luxray, M|\n|teampreview\n|\n|t:|1698756924\n|start\n|switch|p1a: Zygarde|Zygarde-10%, shiny|100\/100\n|switch|p2a: Jirachi|Jirachi, shiny|100\/100\n|turn|1\n|\n|t:|1698756940\n|move|p1a: Zygarde|Dragon Dance|p1a: Zygarde\n|-boost|p1a: Zygarde|atk|1\n|-boost|p1a: Zygarde|spe|1\n|move|p2a: Jirachi|Iron Head|p1a: Zygarde\n|-damage|p1a: Zygarde|49\/100\n|\n|-activate|p1a: Zygarde|ability: Power Construct\n|detailschange|p1a: Zygarde|Zygarde-Complete, shiny\n|-heal|p1a: Zygarde|78\/100|[silent]\n|upkeep\n|turn|2\n|\n|t:|1698756955\n|move|p1a: Zygarde|Thousand Arrows|p2a: Jirachi\n|-supereffective|p2a: Jirachi\n|-damage|p2a: Jirachi|0 fnt\n|faint|p2a: Jirachi\n|\n|upkeep\n|\n|t:|1698756968\n|switch|p2a: Rayquaza|Rayquaza, shiny|100\/100\n|-ability|p2a: Rayquaza|Air Lock\n|turn|3\n|\n|t:|1698756975\n|move|p1a: Zygarde|Outrage|p2a: Rayquaza\n|-supereffective|p2a: Rayquaza\n|-damage|p2a: Rayquaza|0 fnt\n|faint|p2a: Rayquaza\n|\n|upkeep\n|\n|t:|1698756998\n|switch|p2a: Lucario|Lucario, M, shiny|100\/100\n|turn|4\n|\n|t:|1698757002\n|detailschange|p2a: Lucario|Lucario-Mega, M, shiny\n|-mega|p2a: Lucario|Lucario|Lucarionite\n|move|p1a: Zygarde|Outrage|p2a: Lucario|[from]lockedmove\n|-resisted|p2a: Lucario\n|-damage|p2a: Lucario|41\/100\n|-start|p1a: Zygarde|confusion|[fatigue]\n|move|p2a: Lucario|Drain Punch|p1a: Zygarde\n|-damage|p1a: Zygarde|45\/100\n|-heal|p2a: Lucario|75\/100|[from] drain|[of] p1a: Zygarde\n|\n|upkeep\n|turn|5\n|\n|t:|1698757018\n|switch|p2a: Pidgeot|Pidgeot, M, shiny|100\/100\n|-activate|p1a: Zygarde|confusion\n|move|p1a: Zygarde|Thousand Arrows|p2a: Pidgeot\n|-damage|p2a: Pidgeot|17\/100\n|-start|p2a: Pidgeot|Smack Down\n|\n|upkeep\n|turn|6\n|\n|t:|1698757049\n|-activate|p1a: Zygarde|confusion\n|move|p1a: Zygarde|Extreme Speed|p2a: Pidgeot\n|-damage|p2a: Pidgeot|0 fnt\n|faint|p2a: Pidgeot\n|\n|upkeep\n|\n|t:|1698757062\n|switch|p2a: Ho-Oh|Ho-Oh, shiny|100\/100\n|turn|7\n|\n|t:|1698757070\n|-terastallize|p2a: Ho-Oh|Poison\n|-end|p1a: Zygarde|confusion\n|move|p1a: Zygarde|Thousand Arrows|p2a: Ho-Oh\n|-supereffective|p2a: Ho-Oh\n|-damage|p2a: Ho-Oh|0 fnt\n|faint|p2a: Ho-Oh\n|\n|upkeep\n|\n|t:|1698757084\n|switch|p2a: Lucario|Lucario-Mega, M, shiny|75\/100\n|turn|8\n|\n|t:|1698757099\n|move|p1a: Zygarde|Thousand Arrows|p2a: Lucario\n|-supereffective|p2a: Lucario\n|-damage|p2a: Lucario|0 fnt\n|faint|p2a: Lucario\n|\n|upkeep\n|\n|t:|1698757103\n|switch|p2a: Luxray|Luxray, M, shiny|100\/100\n|turn|9\n|\n|t:|1698757109\n|move|p1a: Zygarde|Thousand Arrows|p2a: Luxray\n|-supereffective|p2a: Luxray\n|-damage|p2a: Luxray|0 fnt\n|faint|p2a: Luxray\n|\n|win|Xanaxxvernichter22\n|raw|Xanaxxvernichter22's rating: 1040 &rarr; <strong>1081<\/strong><br \/>(+41 for winning)\n|raw|aquiles meo's rating: 1108 &rarr; <strong>1078<\/strong><br \/>(-30 for losing)\n|l|\u2606Xanaxxvernichter22\n","uploadtime":1698757122,"views":4,"p1id":"xanaxxvernichter22","p2id":"aquilesmeo","formatid":"gen9nationaldexubers","rating":1078,"private":0,"password":""}