{"id":"gen9nationaldexubers-1992233453","p1":"DrArkane15","p2":"NaYso","format":"[Gen 9] National Dex Ubers","log":"|j|\u2606DrArkane15\n|j|\u2606NaYso\n|t:|1700166180\n|gametype|singles\n|player|p1|DrArkane15|dawn|\n|player|p2|NaYso|169|\n|teamsize|p1|3\n|teamsize|p2|3\n|gen|9\n|tier|[Gen 9] National Dex Ubers\n|rule|HP Percentage Mod: HP is shown in percentages\n|rule|Endless Battle Clause: Forcing endless battles is banned\n|rule|OHKO Clause: OHKO moves are banned\n|rule|Evasion Moves Clause: Evasion moves are banned\n|rule|Evasion Items Clause: Evasion items are banned\n|rule|Species Clause: Limit one of each Pok\u00e9mon\n|rule|Sleep Clause Mod: Limit one foe put to sleep\n|rule|Mega Rayquaza Clause: You cannot mega evolve Rayquaza\n|clearpoke\n|poke|p1|Rhyperior, L45, M|\n|poke|p1|Musharna, L45, M|\n|poke|p1|Venusaur, L45, M|\n|poke|p2|Slowbro, L45, F|\n|poke|p2|Gogoat, L45, M|\n|poke|p2|Tsareena, L45, F|\n|teampreview\n|\n|t:|1700166200\n|start\n|switch|p1a: Musharna|Musharna, L45, M|100\/100\n|switch|p2a: Slowbro|Slowbro, L45, F|100\/100\n|turn|1\n|\n|t:|1700166223\n|move|p2a: Slowbro|Psychic|p1a: Musharna\n|-resisted|p1a: Musharna\n|-damage|p1a: Musharna|85\/100\n|move|p1a: Musharna|Calm Mind|p1a: Musharna\n|-boost|p1a: Musharna|spa|1\n|-boost|p1a: Musharna|spd|1\n|\n|upkeep\n|turn|2\n|\n|t:|1700166238\n|move|p2a: Slowbro|Surf|p1a: Musharna\n|-damage|p1a: Musharna|65\/100\n|move|p1a: Musharna|Calm Mind|p1a: Musharna\n|-boost|p1a: Musharna|spa|1\n|-boost|p1a: Musharna|spd|1\n|\n|upkeep\n|turn|3\n|\n|t:|1700166245\n|move|p2a: Slowbro|Surf|p1a: Musharna\n|-damage|p1a: Musharna|50\/100\n|move|p1a: Musharna|Calm Mind|p1a: Musharna\n|-boost|p1a: Musharna|spa|1\n|-boost|p1a: Musharna|spd|1\n|\n|upkeep\n|turn|4\n|\n|t:|1700166252\n|move|p2a: Slowbro|Surf|p1a: Musharna\n|-damage|p1a: Musharna|39\/100\n|move|p1a: Musharna|Calm Mind|p1a: Musharna\n|-boost|p1a: Musharna|spa|1\n|-boost|p1a: Musharna|spd|1\n|\n|upkeep\n|turn|5\n|\n|t:|1700166263\n|move|p2a: Slowbro|Psychic|p1a: Musharna\n|-resisted|p1a: Musharna\n|-damage|p1a: Musharna|34\/100\n|-unboost|p1a: Musharna|spd|1\n|move|p1a: Musharna|Calm Mind|p1a: Musharna\n|-boost|p1a: Musharna|spa|1\n|-boost|p1a: Musharna|spd|1\n|\n|upkeep\n|turn|6\n|\n|t:|1700166271\n|move|p2a: Slowbro|Psychic|p1a: Musharna\n|-resisted|p1a: Musharna\n|-crit|p1a: Musharna\n|-damage|p1a: Musharna|12\/100\n|move|p1a: Musharna|Calm Mind|p1a: Musharna\n|-boost|p1a: Musharna|spa|1\n|-boost|p1a: Musharna|spd|1\n|\n|upkeep\n|turn|7\n|\n|t:|1700166277\n|move|p2a: Slowbro|Psychic|p1a: Musharna\n|-resisted|p1a: Musharna\n|-damage|p1a: Musharna|7\/100\n|move|p1a: Musharna|Moonlight|p1a: Musharna\n|-heal|p1a: Musharna|57\/100\n|\n|upkeep\n|turn|8\n|\n|t:|1700166284\n|move|p2a: Slowbro|Psychic|p1a: Musharna\n|-resisted|p1a: Musharna\n|-damage|p1a: Musharna|53\/100\n|-unboost|p1a: Musharna|spd|1\n|move|p1a: Musharna|Moonblast|p2a: Slowbro\n|-damage|p2a: Slowbro|0 fnt\n|faint|p2a: Slowbro\n|\n|upkeep\n|\n|t:|1700166293\n|switch|p2a: Gogoat|Gogoat, L45, M|100\/100\n|turn|9\n|\n|t:|1700166302\n|move|p2a: Gogoat|Leech Seed|p1a: Musharna\n|-start|p1a: Musharna|move: Leech Seed\n|move|p1a: Musharna|Psychic|p2a: Gogoat\n|-damage|p2a: Gogoat|0 fnt\n|faint|p2a: Gogoat\n|\n|upkeep\n|\n|t:|1700166308\n|switch|p2a: Tsareena|Tsareena, L45, F|100\/100\n|turn|10\n|\n|t:|1700166314\n|move|p2a: Tsareena|Acrobatics|p1a: Musharna\n|-damage|p1a: Musharna|30\/100\n|move|p1a: Musharna|Psychic|p2a: Tsareena\n|-damage|p2a: Tsareena|0 fnt\n|faint|p2a: Tsareena\n|\n|win|DrArkane15\n|l|\u2606NaYso\n","uploadtime":1700166348,"views":9,"p1id":"drarkane15","p2id":"nayso","formatid":"gen9nationaldexubers","rating":0,"private":0,"password":""}