{"id":"gen9nationaldexubers-1989722625","p1":"KarmaKazama0","p2":"SuperSonic26 AU","format":"[Gen 9] National Dex Ubers","log":"|j|\u2606KarmaKazama0\n|j|\u2606SuperSonic26 AU\n|t:|1699890135\n|gametype|singles\n|player|p1|KarmaKazama0|266|1411\n|player|p2|SuperSonic26 AU|red-masters|1384\n|teamsize|p1|6\n|teamsize|p2|6\n|gen|9\n|tier|[Gen 9] National Dex Ubers\n|rated|\n|rule|HP Percentage Mod: HP is shown in percentages\n|rule|Endless Battle Clause: Forcing endless battles is banned\n|rule|OHKO Clause: OHKO moves are banned\n|rule|Evasion Moves Clause: Evasion moves are banned\n|rule|Evasion Items Clause: Evasion items are banned\n|rule|Species Clause: Limit one of each Pok\u00e9mon\n|rule|Sleep Clause Mod: Limit one foe put to sleep\n|rule|Mega Rayquaza Clause: You cannot mega evolve Rayquaza\n|clearpoke\n|poke|p1|Groudon|\n|poke|p1|Yveltal|\n|poke|p1|Eternatus|\n|poke|p1|Zygarde|\n|poke|p1|Nidoking, M|\n|poke|p1|Zacian-*|\n|poke|p2|Zygarde|\n|poke|p2|Banette, F|\n|poke|p2|Kyogre|\n|poke|p2|Deoxys-Attack|\n|poke|p2|Yveltal|\n|poke|p2|Pheromosa|\n|teampreview\n|inactive|Battle timer is ON: inactive players will automatically lose when time's up. (requested by KarmaKazama0)\n|\n|t:|1699890157\n|start\n|switch|p1a: Yveltal|Yveltal|100\/100\n|switch|p2a: Cybertron|Zygarde|100\/100\n|-ability|p1a: Yveltal|Dark Aura\n|turn|1\n|\n|t:|1699890169\n|move|p2a: Cybertron|Dragon Dance|p2a: Cybertron\n|-boost|p2a: Cybertron|atk|1\n|-boost|p2a: Cybertron|spe|1\n|move|p1a: Yveltal|Dark Pulse|p2a: Cybertron\n|-damage|p2a: Cybertron|38\/100\n|\n|-heal|p2a: Cybertron|45\/100|[from] item: Leftovers\n|-activate|p2a: Cybertron|ability: Power Construct\n|detailschange|p2a: Cybertron|Zygarde-Complete\n|-heal|p2a: Cybertron|64\/100|[silent]\n|upkeep\n|turn|2\n|\n|t:|1699890184\n|move|p2a: Cybertron|Thousand Arrows|p1a: Yveltal\n|-damage|p1a: Yveltal|51\/100\n|-start|p1a: Yveltal|Smack Down\n|move|p1a: Yveltal|Oblivion Wing|p2a: Cybertron\n|-damage|p2a: Cybertron|35\/100\n|-heal|p1a: Yveltal|85\/100|[from] drain|[of] p2a: Cybertron\n|\n|-heal|p2a: Cybertron|41\/100|[from] item: Leftovers\n|upkeep\n|turn|3\n|\n|t:|1699890194\n|move|p2a: Cybertron|Thousand Arrows|p1a: Yveltal\n|-damage|p1a: Yveltal|37\/100\n|move|p1a: Yveltal|Oblivion Wing|p2a: Cybertron\n|-damage|p2a: Cybertron|15\/100\n|-heal|p1a: Yveltal|69\/100|[from] drain|[of] p2a: Cybertron\n|\n|-heal|p2a: Cybertron|21\/100|[from] item: Leftovers\n|upkeep\n|turn|4\n|\n|t:|1699890204\n|move|p1a: Yveltal|Sucker Punch|p2a: Cybertron\n|-damage|p2a: Cybertron|0 fnt\n|faint|p2a: Cybertron\n|\n|upkeep\n|\n|t:|1699890209\n|switch|p2a: Normal Pokemon 4|Pheromosa, shiny|100\/100\n|turn|5\n|\n|t:|1699890218\n|switch|p1a: Groudon|Groudon|100\/100\n|detailschange|p1a: Groudon|Groudon-Primal\n|-primal|p1a: Groudon|Red Orb\n|-weather|DesolateLand|[from] ability: Desolate Land|[of] p1a: Groudon\n|move|p2a: Normal Pokemon 4|Ice Beam|p1a: Groudon\n|-damage|p1a: Groudon|82\/100\n|\n|-weather|DesolateLand|[upkeep]\n|upkeep\n|turn|6\n|\n|t:|1699890223\n|move|p2a: Normal Pokemon 4|U-turn|p1a: Groudon\n|-resisted|p1a: Groudon\n|-damage|p1a: Groudon|72\/100\n|\n|t:|1699890224\n|switch|p2a: Rex|Kyogre|100\/100|[from] U-turn\n|detailschange|p2a: Rex|Kyogre-Primal\n|-primal|p2a: Rex|Blue Orb\n|-weather|PrimordialSea|[from] ability: Primordial Sea|[of] p2a: Rex\n|move|p1a: Groudon|Stealth Rock|p2a: Rex\n|-sidestart|p2: SuperSonic26 AU|move: Stealth Rock\n|\n|-weather|PrimordialSea|[upkeep]\n|upkeep\n|turn|7\n|\n|t:|1699890235\n|switch|p1a: Eternatus|Eternatus|100\/100\n|-ability|p1a: Eternatus|Pressure\n|move|p2a: Rex|Origin Pulse|p1a: Eternatus\n|-resisted|p1a: Eternatus\n|-damage|p1a: Eternatus|63\/100\n|\n|-weather|PrimordialSea|[upkeep]\n|upkeep\n|turn|8\n|\n|t:|1699890239\n|move|p1a: Eternatus|Dynamax Cannon|p2a: Rex\n|-damage|p2a: Rex|57\/100\n|move|p2a: Rex|Calm Mind|p2a: Rex\n|-boost|p2a: Rex|spa|1\n|-boost|p2a: Rex|spd|1\n|\n|-weather|PrimordialSea|[upkeep]\n|upkeep\n|turn|9\n|\n|t:|1699890246\n|switch|p1a: Groudon|Groudon-Primal|72\/100\n|-weather|DesolateLand|[from] ability: Desolate Land|[of] p1a: Groudon\n|move|p2a: Rex|Ice Beam|p1a: Groudon\n|-damage|p1a: Groudon|36\/100\n|\n|-weather|DesolateLand|[upkeep]\n|upkeep\n|turn|10\n|\n|t:|1699890254\n|move|p2a: Rex|Ice Beam|p1a: Groudon\n|-damage|p1a: Groudon|0 fnt\n|faint|p1a: Groudon\n|-weather|none\n|\n|upkeep\n|\n|t:|1699890261\n|switch|p1a: Zacian|Zacian-Crowned|100\/100\n|-ability|p1a: Zacian|Intrepid Sword|boost\n|-boost|p1a: Zacian|atk|1\n|turn|11\n|\n|t:|1699890264\n|move|p1a: Zacian|Wild Charge|p2a: Rex\n|-supereffective|p2a: Rex\n|-damage|p2a: Rex|0 fnt\n|faint|p2a: Rex\n|-damage|p1a: Zacian|85\/100|[from] Recoil\n|\n|upkeep\n|\n|t:|1699890269\n|switch|p2a: Normal Pokemon 4|Pheromosa, shiny|100\/100\n|turn|12\n|\n|t:|1699890282\n|switch|p1a: Nidoking|Nidoking, M|100\/100\n|move|p2a: Normal Pokemon 4|Rapid Spin|p1a: Nidoking\n|-damage|p1a: Nidoking|75\/100\n|-boost|p2a: Normal Pokemon 4|spe|1\n|-sideend|p2: SuperSonic26 AU|Stealth Rock|[from] move: Rapid Spin|[of] p2a: Normal Pokemon 4\n|\n|upkeep\n|turn|13\n|\n|t:|1699890287\n|move|p2a: Normal Pokemon 4|Ice Beam|p1a: Nidoking\n|-supereffective|p1a: Nidoking\n|-damage|p1a: Nidoking|0 fnt\n|faint|p1a: Nidoking\n|-ability|p2a: Normal Pokemon 4|Beast Boost|boost\n|-boost|p2a: Normal Pokemon 4|spe|1\n|\n|upkeep\n|\n|t:|1699890296\n|switch|p1a: Zygarde|Zygarde|100\/100\n|turn|14\n|\n|t:|1699890303\n|move|p2a: Normal Pokemon 4|Ice Beam|p1a: Zygarde\n|-supereffective|p1a: Zygarde\n|-enditem|p1a: Zygarde|Focus Sash\n|-damage|p1a: Zygarde|1\/100\n|move|p1a: Zygarde|Outrage|p2a: Normal Pokemon 4\n|-damage|p2a: Normal Pokemon 4|0 fnt\n|faint|p2a: Normal Pokemon 4\n|\n|-activate|p1a: Zygarde|ability: Power Construct\n|detailschange|p1a: Zygarde|Zygarde-Complete\n|-heal|p1a: Zygarde|38\/100|[silent]\n|upkeep\n|\n|t:|1699890319\n|switch|p2a: Blood Falcon|Yveltal, shiny|100\/100\n|-ability|p2a: Blood Falcon|Dark Aura\n|turn|15\n|\n|t:|1699890342\n|move|p2a: Blood Falcon|Sucker Punch|p1a: Zygarde\n|-damage|p1a: Zygarde|18\/100\n|move|p1a: Zygarde|Outrage|p2a: Blood Falcon|[from]lockedmove\n|-damage|p2a: Blood Falcon|45\/100\n|\n|upkeep\n|turn|16\n|\n|t:|1699890349\n|move|p2a: Blood Falcon|Sucker Punch|p1a: Zygarde\n|-damage|p1a: Zygarde|0 fnt\n|faint|p1a: Zygarde\n|\n|upkeep\n|\n|t:|1699890353\n|switch|p1a: Zacian|Zacian-Crowned|85\/100\n|turn|17\n|\n|t:|1699890358\n|move|p1a: Zacian|Play Rough|p2a: Blood Falcon|[miss]\n|-miss|p1a: Zacian|p2a: Blood Falcon\n|move|p2a: Blood Falcon|Heat Wave|p1a: Zacian\n|-supereffective|p1a: Zacian\n|-damage|p1a: Zacian|32\/100\n|\n|upkeep\n|turn|18\n|\n|t:|1699890362\n|move|p1a: Zacian|Play Rough|p2a: Blood Falcon\n|-supereffective|p2a: Blood Falcon\n|-damage|p2a: Blood Falcon|0 fnt\n|faint|p2a: Blood Falcon\n|\n|upkeep\n|\n|t:|1699890369\n|switch|p2a: G-Rave|Banette, F, shiny|100\/100\n|-item|p1a: Zacian|Rusted Sword|[from] ability: Frisk|[of] p2a: G-Rave|[identify]\n|turn|19\n|\n|t:|1699890373\n|switch|p1a: Eternatus|Eternatus|63\/100\n|-ability|p1a: Eternatus|Pressure\n|detailschange|p2a: G-Rave|Banette-Mega, F, shiny\n|-mega|p2a: G-Rave|Banette|Banettite\n|move|p2a: G-Rave|Destiny Bond|p2a: G-Rave\n|-singlemove|p2a: G-Rave|Destiny Bond\n|\n|upkeep\n|turn|20\n|\n|t:|1699890377\n|move|p2a: G-Rave|Will-O-Wisp|p1a: Eternatus|[miss]\n|-miss|p2a: G-Rave|p1a: Eternatus\n|move|p1a: Eternatus|Toxic|p2a: G-Rave\n|-status|p2a: G-Rave|tox\n|\n|-damage|p2a: G-Rave|95\/100 tox|[from] psn\n|upkeep\n|turn|21\n|\n|t:|1699890385\n|switch|p1a: Yveltal|Yveltal|69\/100\n|-ability|p1a: Yveltal|Dark Aura\n|move|p2a: G-Rave|Destiny Bond|p2a: G-Rave\n|-singlemove|p2a: G-Rave|Destiny Bond\n|\n|-damage|p2a: G-Rave|83\/100 tox|[from] psn\n|upkeep\n|turn|22\n|\n|t:|1699890392\n|move|p2a: G-Rave|Will-O-Wisp|p1a: Yveltal\n|-hint|Since gen 7, Dark is immune to Prankster moves.\n|-immune|p1a: Yveltal\n|move|p1a: Yveltal|Oblivion Wing|p2a: G-Rave\n|-damage|p2a: G-Rave|16\/100 tox\n|-heal|p1a: Yveltal|100\/100|[from] drain|[of] p2a: G-Rave\n|\n|-damage|p2a: G-Rave|0 fnt|[from] psn\n|faint|p2a: G-Rave\n|upkeep\n|\n|t:|1699890395\n|switch|p2a: Cooler|Deoxys-Attack|100\/100\n|-ability|p2a: Cooler|Pressure\n|turn|23\n|\n|t:|1699890400\n|-terastallize|p2a: Cooler|Normal\n|move|p2a: Cooler|Extreme Speed|p1a: Yveltal\n|-damage|p1a: Yveltal|51\/100\n|move|p1a: Yveltal|Dark Pulse|p2a: Cooler\n|-enditem|p2a: Cooler|Focus Sash\n|-damage|p2a: Cooler|1\/100\n|\n|upkeep\n|turn|24\n|\n|t:|1699890407\n|move|p1a: Yveltal|Sucker Punch|p2a: Cooler\n|-damage|p2a: Cooler|0 fnt\n|faint|p2a: Cooler\n|\n|win|KarmaKazama0\n|raw|KarmaKazama0's rating: 1411 &rarr; <strong>1429<\/strong><br \/>(+18 for winning)\n|raw|SuperSonic26 AU's rating: 1384 &rarr; <strong>1366<\/strong><br \/>(-18 for losing)\n","uploadtime":1699890411,"views":18,"p1id":"karmakazama0","p2id":"supersonic26au","formatid":"gen9nationaldexubers","rating":1366,"private":0,"password":""}