{"id":"gen9nationaldexubers-1990150884","p1":"Taelds","p2":"Riggs300","format":"[Gen 9] National Dex Ubers","log":"|j|\u2606Taelds\n|j|\u2606Riggs300\n|t:|1699930136\n|gametype|singles\n|player|p1|Taelds|2|1214\n|player|p2|Riggs300|leon-masters|1291\n|teamsize|p1|6\n|teamsize|p2|6\n|gen|9\n|tier|[Gen 9] National Dex Ubers\n|rated|\n|rule|HP Percentage Mod: HP is shown in percentages\n|rule|Endless Battle Clause: Forcing endless battles is banned\n|rule|OHKO Clause: OHKO moves are banned\n|rule|Evasion Moves Clause: Evasion moves are banned\n|rule|Evasion Items Clause: Evasion items are banned\n|rule|Species Clause: Limit one of each Pok\u00e9mon\n|rule|Sleep Clause Mod: Limit one foe put to sleep\n|rule|Mega Rayquaza Clause: You cannot mega evolve Rayquaza\n|clearpoke\n|poke|p1|Kingambit, M|\n|poke|p1|Durant, F|\n|poke|p1|Smeargle, F|\n|poke|p1|Murkrow, L1, F|\n|poke|p1|Dugtrio, F|\n|poke|p1|Gothitelle, M|\n|poke|p2|Salamence, F|\n|poke|p2|Galvantula, F|\n|poke|p2|Gastrodon-East, M|\n|poke|p2|Gengar, M|\n|poke|p2|Excadrill, F|\n|poke|p2|Emboar, M|\n|teampreview\n|inactive|Battle timer is ON: inactive players will automatically lose when time's up. (requested by Taelds)\n|\n|t:|1699930167\n|start\n|switch|p1a: Murkrow|Murkrow, L1, F|100\/100\n|switch|p2a: Emboar|Emboar, M|100\/100\n|turn|1\n|\n|t:|1699930182\n|move|p1a: Murkrow|Taunt|p2a: Emboar\n|-start|p2a: Emboar|move: Taunt\n|move|p2a: Emboar|Flame Charge|p1a: Murkrow\n|-enditem|p1a: Murkrow|Focus Sash\n|-damage|p1a: Murkrow|8\/100\n|-boost|p2a: Emboar|spe|1\n|\n|upkeep\n|turn|2\n|\n|t:|1699930194\n|move|p1a: Murkrow|Tailwind|p1a: Murkrow\n|-sidestart|p1: Taelds|move: Tailwind\n|move|p2a: Emboar|Flame Charge|p1a: Murkrow\n|-damage|p1a: Murkrow|0 fnt\n|-boost|p2a: Emboar|spe|1\n|faint|p1a: Murkrow\n|\n|upkeep\n|\n|t:|1699930202\n|switch|p1a: Smeargle|Smeargle, F|100\/100\n|turn|3\n|\n|t:|1699930208\n|move|p1a: Smeargle|Sticky Web|p2a: Emboar\n|-sidestart|p2: Riggs300|move: Sticky Web\n|move|p2a: Emboar|Flame Charge|p1a: Smeargle\n|-damage|p1a: Smeargle|41\/100\n|-boost|p2a: Emboar|spe|1\n|\n|-end|p2a: Emboar|move: Taunt\n|-ability|p1a: Smeargle|Moody|boost\n|-boost|p1a: Smeargle|atk|2\n|-unboost|p1a: Smeargle|spe|1\n|upkeep\n|turn|4\n|\n|t:|1699930229\n|move|p2a: Emboar|Flame Charge|p1a: Smeargle\n|-damage|p1a: Smeargle|0 fnt\n|-boost|p2a: Emboar|spe|1\n|faint|p1a: Smeargle\n|\n|upkeep\n|\n|t:|1699930236\n|switch|p1a: Durant|Durant, F|100\/100\n|turn|5\n|\n|t:|1699930241\n|move|p1a: Durant|Entrainment|p2a: Emboar\n|-endability|p2a: Emboar|Reckless|[from] move: Entrainment\n|-ability|p2a: Emboar|Truant|[from] move: Entrainment\n|move|p2a: Emboar|Flare Blitz|p1a: Durant\n|-supereffective|p1a: Durant\n|-damage|p1a: Durant|0 fnt\n|faint|p1a: Durant\n|-damage|p2a: Emboar|80\/100|[from] Recoil\n|\n|-heal|p2a: Emboar|86\/100|[from] item: Leftovers\n|-sideend|p1: Taelds|move: Tailwind\n|upkeep\n|\n|t:|1699930253\n|switch|p1a: Dugtrio|Dugtrio, F|100\/100\n|turn|6\n|\n|t:|1699930256\n|cant|p2a: Emboar|ability: Truant\n|move|p1a: Dugtrio|Hone Claws|p1a: Dugtrio\n|-boost|p1a: Dugtrio|atk|1\n|-boost|p1a: Dugtrio|accuracy|1\n|\n|-heal|p2a: Emboar|92\/100|[from] item: Leftovers\n|upkeep\n|turn|7\n|c|\u2606Taelds|YOUR FATE HAS BEEN SEALED BY DUGTRIO\n|\n|t:|1699930270\n|move|p1a: Dugtrio|Protect|p1a: Dugtrio\n|-singleturn|p1a: Dugtrio|Protect\n|move|p2a: Emboar|Flare Blitz|p1a: Dugtrio\n|-activate|p1a: Dugtrio|move: Protect\n|\n|-heal|p2a: Emboar|98\/100|[from] item: Leftovers\n|upkeep\n|turn|8\n|c|\u2606Riggs300|how fast was your durant?\n|\n|t:|1699930280\n|cant|p2a: Emboar|ability: Truant\n|move|p1a: Dugtrio|Hone Claws|p1a: Dugtrio\n|-boost|p1a: Dugtrio|atk|1\n|-boost|p1a: Dugtrio|accuracy|1\n|\n|-heal|p2a: Emboar|100\/100|[from] item: Leftovers\n|upkeep\n|turn|9\n|\n|t:|1699930289\n|move|p1a: Dugtrio|Protect|p1a: Dugtrio\n|-singleturn|p1a: Dugtrio|Protect\n|move|p2a: Emboar|Flare Blitz|p1a: Dugtrio\n|-activate|p1a: Dugtrio|move: Protect\n|\n|upkeep\n|turn|10\n|\n|t:|1699930297\n|cant|p2a: Emboar|ability: Truant\n|move|p1a: Dugtrio|Hone Claws|p1a: Dugtrio\n|-boost|p1a: Dugtrio|atk|1\n|-boost|p1a: Dugtrio|accuracy|1\n|\n|upkeep\n|turn|11\n|c|\u2606Taelds|1044\n|\n|t:|1699930308\n|move|p1a: Dugtrio|Protect|p1a: Dugtrio\n|-singleturn|p1a: Dugtrio|Protect\n|move|p2a: Emboar|Flare Blitz|p1a: Dugtrio\n|-activate|p1a: Dugtrio|move: Protect\n|\n|upkeep\n|turn|12\n|c|\u2606Riggs300|Ah makes sense\n|c|\u2606Riggs300|damn I was only at 743\n|\n|t:|1699930318\n|cant|p2a: Emboar|ability: Truant\n|move|p1a: Dugtrio|Hone Claws|p1a: Dugtrio\n|-boost|p1a: Dugtrio|atk|1\n|-boost|p1a: Dugtrio|accuracy|1\n|\n|upkeep\n|turn|13\n|\n|t:|1699930325\n|move|p1a: Dugtrio|Protect|p1a: Dugtrio\n|-singleturn|p1a: Dugtrio|Protect\n|move|p2a: Emboar|Flare Blitz|p1a: Dugtrio\n|-activate|p1a: Dugtrio|move: Protect\n|\n|upkeep\n|turn|14\n|\n|t:|1699930331\n|cant|p2a: Emboar|ability: Truant\n|move|p1a: Dugtrio|Hone Claws|p1a: Dugtrio\n|-boost|p1a: Dugtrio|atk|1\n|-boost|p1a: Dugtrio|accuracy|1\n|\n|upkeep\n|turn|15\n|\n|t:|1699930337\n|move|p1a: Dugtrio|Protect|p1a: Dugtrio\n|-singleturn|p1a: Dugtrio|Protect\n|move|p2a: Emboar|Flare Blitz|p1a: Dugtrio\n|-activate|p1a: Dugtrio|move: Protect\n|\n|upkeep\n|turn|16\n|\n|t:|1699930343\n|cant|p2a: Emboar|ability: Truant\n|move|p1a: Dugtrio|Hone Claws|p1a: Dugtrio\n|-boost|p1a: Dugtrio|atk|1\n|-boost|p1a: Dugtrio|accuracy|1\n|\n|upkeep\n|turn|17\n|\n|t:|1699930351\n|move|p1a: Dugtrio|Protect|p1a: Dugtrio\n|-singleturn|p1a: Dugtrio|Protect\n|move|p2a: Emboar|Flare Blitz|p1a: Dugtrio\n|-activate|p1a: Dugtrio|move: Protect\n|\n|upkeep\n|turn|18\n|\n|t:|1699930358\n|cant|p2a: Emboar|ability: Truant\n|move|p1a: Dugtrio|Earthquake|p2a: Emboar\n|-supereffective|p2a: Emboar\n|-damage|p2a: Emboar|0 fnt\n|faint|p2a: Emboar\n|\n|upkeep\n|\n|t:|1699930364\n|switch|p2a: Salamence|Salamence, F|100\/100\n|-ability|p2a: Salamence|Intimidate|boost\n|-unboost|p1a: Dugtrio|atk|1\n|turn|19\n|\n|t:|1699930370\n|switch|p2a: Gastrodon|Gastrodon-East, M|100\/100\n|-activate|p2a: Gastrodon|move: Sticky Web\n|-unboost|p2a: Gastrodon|spe|1\n|move|p1a: Dugtrio|Stone Edge|p2a: Gastrodon\n|-resisted|p2a: Gastrodon\n|-damage|p2a: Gastrodon|41\/100\n|\n|-heal|p2a: Gastrodon|47\/100|[from] item: Leftovers\n|upkeep\n|turn|20\n|\n|t:|1699930380\n|move|p1a: Dugtrio|Stone Edge|p2a: Gastrodon\n|-resisted|p2a: Gastrodon\n|-damage|p2a: Gastrodon|0 fnt\n|faint|p2a: Gastrodon\n|\n|upkeep\n|\n|t:|1699930382\n|switch|p2a: Gengar|Gengar, M, shiny|100\/100\n|-activate|p2a: Gengar|move: Sticky Web\n|-unboost|p2a: Gengar|spe|1\n|turn|21\n|\n|t:|1699930392\n|move|p1a: Dugtrio|Stone Edge|p2a: Gengar\n|-damage|p2a: Gengar|0 fnt\n|-start|p1a: Dugtrio|Disable|Stone Edge|[from] ability: Cursed Body|[of] p2a: Gengar\n|faint|p2a: Gengar\n|\n|upkeep\n|\n|t:|1699930396\n|switch|p2a: Salamence|Salamence, F|100\/100\n|-ability|p2a: Salamence|Intimidate|boost\n|-unboost|p1a: Dugtrio|atk|1\n|turn|22\n|\n|t:|1699930404\n|move|p1a: Dugtrio|Protect|p1a: Dugtrio\n|-singleturn|p1a: Dugtrio|Protect\n|move|p2a: Salamence|Dragon Dance|p2a: Salamence\n|-boost|p2a: Salamence|atk|1\n|-boost|p2a: Salamence|spe|1\n|\n|upkeep\n|turn|23\n|\n|t:|1699930412\n|move|p2a: Salamence|Dragon Dance|p2a: Salamence\n|-boost|p2a: Salamence|atk|1\n|-boost|p2a: Salamence|spe|1\n|move|p1a: Dugtrio|Hone Claws|p1a: Dugtrio\n|-boost|p1a: Dugtrio|atk|1\n|-boost|p1a: Dugtrio|accuracy|0\n|\n|upkeep\n|turn|24\n|\n|t:|1699930419\n|move|p1a: Dugtrio|Protect|p1a: Dugtrio\n|-singleturn|p1a: Dugtrio|Protect\n|move|p2a: Salamence|Dragon Dance|p2a: Salamence\n|-boost|p2a: Salamence|atk|1\n|-boost|p2a: Salamence|spe|1\n|\n|-end|p1a: Dugtrio|Disable\n|upkeep\n|turn|25\n|\n|t:|1699930427\n|detailschange|p2a: Salamence|Salamence-Mega, F\n|-mega|p2a: Salamence|Salamence|Salamencite\n|move|p2a: Salamence|Return|p1a: Dugtrio\n|-enditem|p1a: Dugtrio|Focus Sash\n|-damage|p1a: Dugtrio|1\/100\n|move|p1a: Dugtrio|Stone Edge|p2a: Salamence\n|-supereffective|p2a: Salamence\n|-damage|p2a: Salamence|0 fnt\n|faint|p2a: Salamence\n|\n|upkeep\n|c|\u2606Riggs300|oh my gosh the focus sash\n|\n|t:|1699930445\n|switch|p2a: Galvantula|Galvantula, F|100\/100\n|-activate|p2a: Galvantula|move: Sticky Web\n|-unboost|p2a: Galvantula|spe|1\n|turn|26\n|c|\u2606Taelds|Hahaha TOO AMBICIOUS\n|\n|t:|1699930452\n|move|p1a: Dugtrio|Stone Edge|p2a: Galvantula\n|-supereffective|p2a: Galvantula\n|-enditem|p2a: Galvantula|Focus Sash\n|-damage|p2a: Galvantula|1\/100\n|move|p2a: Galvantula|Energy Ball|p1a: Dugtrio\n|-supereffective|p1a: Dugtrio\n|-damage|p1a: Dugtrio|0 fnt\n|faint|p1a: Dugtrio\n|\n|upkeep\n|c|\u2606Riggs300|that was such as good play\n|\n|t:|1699930461\n|switch|p1a: Gothitelle|Gothitelle, M|100\/100\n|turn|27\n|\n|t:|1699930467\n|-terastallize|p2a: Galvantula|Bug\n|move|p1a: Gothitelle|Thunderbolt|p2a: Galvantula\n|-damage|p2a: Galvantula|0 fnt\n|faint|p2a: Galvantula\n|\n|upkeep\n|\n|t:|1699930470\n|switch|p2a: Excadrill|Excadrill, F|100\/100\n|-activate|p2a: Excadrill|move: Sticky Web\n|-unboost|p2a: Excadrill|spe|1\n|-ability|p2a: Excadrill|Mold Breaker\n|turn|28\n|\n|t:|1699930480\n|move|p1a: Gothitelle|Stored Power|p2a: Excadrill\n|-resisted|p2a: Excadrill\n|-damage|p2a: Excadrill|96\/100\n|move|p2a: Excadrill|Rapid Spin|p1a: Gothitelle\n|-damage|p1a: Gothitelle|81\/100\n|-boost|p2a: Excadrill|spe|1\n|-sideend|p2: Riggs300|Sticky Web|[from] move: Rapid Spin|[of] p2a: Excadrill\n|\n|upkeep\n|turn|29\n|\n|t:|1699930490\n|move|p2a: Excadrill|Rapid Spin|p1a: Gothitelle\n|-damage|p1a: Gothitelle|62\/100\n|-boost|p2a: Excadrill|spe|1\n|move|p1a: Gothitelle|Stored Power|p2a: Excadrill\n|-resisted|p2a: Excadrill\n|-damage|p2a: Excadrill|92\/100\n|\n|upkeep\n|turn|30\n|\n|t:|1699930497\n|move|p2a: Excadrill|Swords Dance|p2a: Excadrill\n|-boost|p2a: Excadrill|atk|2\n|move|p1a: Gothitelle|Stored Power|p2a: Excadrill\n|-resisted|p2a: Excadrill\n|-damage|p2a: Excadrill|87\/100\n|\n|upkeep\n|turn|31\n|c|\u2606Riggs300|I still have a chance\n|\n|t:|1699930506\n|switch|p1a: Kingambit|Kingambit, M|100\/100\n|-activate|p1a: Kingambit|ability: Supreme Overlord\n|-start|p1a: Kingambit|fallen4|[silent]\n|move|p2a: Excadrill|Iron Head|p1a: Kingambit\n|-resisted|p1a: Kingambit\n|-damage|p1a: Kingambit|68\/100\n|\n|upkeep\n|turn|32\n|\n|t:|1699930522\n|-terastallize|p1a: Kingambit|Ghost\n|move|p2a: Excadrill|Earthquake|p1a: Kingambit\n|-damage|p1a: Kingambit|0 fnt\n|faint|p1a: Kingambit\n|-end|p1a: Kingambit|fallen4|[silent]\n|\n|upkeep\n|\n|t:|1699930529\n|switch|p1a: Gothitelle|Gothitelle, M|62\/100\n|turn|33\n|c|\u2606Riggs300|gg wp\n|\n|t:|1699930535\n|-zpower|p2a: Excadrill\n|move|p2a: Excadrill|Tectonic Rage|p1a: Gothitelle|[zeffect]\n|-damage|p1a: Gothitelle|0 fnt\n|faint|p1a: Gothitelle\n|\n|win|Riggs300\n|raw|Taelds's rating: 1214 &rarr; <strong>1194<\/strong><br \/>(-20 for losing)\n|raw|Riggs300's rating: 1291 &rarr; <strong>1311<\/strong><br \/>(+20 for winning)\n|l|\u2606Taelds\n","uploadtime":1699930551,"views":6,"p1id":"taelds","p2id":"riggs300","formatid":"gen9nationaldexubers","rating":1194,"private":0,"password":""}