{"id":"gen9nationaldexubers-1980730849","p1":"Agusuga Glue","p2":"Cilantora","format":"[Gen 9] National Dex Ubers","log":"|j|\u2606Agusuga Glue\n|j|\u2606Cilantora\n|t:|1698821299\n|gametype|singles\n|player|p1|Agusuga Glue|hiker|1000\n|player|p2|Cilantora|veteran|1088\n|teamsize|p1|6\n|teamsize|p2|6\n|gen|9\n|tier|[Gen 9] National Dex Ubers\n|rated|\n|rule|HP Percentage Mod: HP is shown in percentages\n|rule|Endless Battle Clause: Forcing endless battles is banned\n|rule|OHKO Clause: OHKO moves are banned\n|rule|Evasion Moves Clause: Evasion moves are banned\n|rule|Evasion Items Clause: Evasion items are banned\n|rule|Species Clause: Limit one of each Pok\u00e9mon\n|rule|Sleep Clause Mod: Limit one foe put to sleep\n|rule|Mega Rayquaza Clause: You cannot mega evolve Rayquaza\n|clearpoke\n|poke|p1|Chesnaught, M|\n|poke|p1|Swanna, F|\n|poke|p1|Drampa, F|\n|poke|p1|Drapion, M|\n|poke|p1|Typhlosion-Hisui, M|\n|poke|p1|Stakataka|\n|poke|p2|Dragapult, M|\n|poke|p2|Breloom, M|\n|poke|p2|Cyclizar, F|\n|poke|p2|Annihilape, F|\n|poke|p2|Darmanitan-Galar, F|\n|poke|p2|Samurott-Hisui, M|\n|teampreview\n|\n|t:|1698821307\n|start\n|switch|p1a: File Cabinet #2|Drampa, F|100\/100\n|switch|p2a: Cyclizar|Cyclizar, F|100\/100\n|turn|1\n|\n|t:|1698821325\n|move|p2a: Cyclizar|Shed Tail|p2a: Cyclizar\n|-start|p2a: Cyclizar|Substitute|[from] move: Shed Tail\n|-damage|p2a: Cyclizar|50\/100\n|\n|t:|1698821329\n|switch|p2a: Darmanitan|Darmanitan-Galar, F|100\/100|[from] Shed Tail\n|move|p1a: File Cabinet #2|Dragon Pulse|p2a: Darmanitan\n|-end|p2a: Darmanitan|Substitute\n|\n|upkeep\n|turn|2\n|\n|t:|1698821342\n|switch|p1a: Nurarihyon|Typhlosion-Hisui, M|100\/100\n|move|p2a: Darmanitan|Icicle Crash|p1a: Nurarihyon\n|-resisted|p1a: Nurarihyon\n|-damage|p1a: Nurarihyon|51\/100\n|\n|upkeep\n|turn|3\n|\n|t:|1698821350\n|-terastallize|p2a: Darmanitan|Ice\n|move|p2a: Darmanitan|Icicle Crash|p1a: Nurarihyon\n|-resisted|p1a: Nurarihyon\n|-damage|p1a: Nurarihyon|0 fnt\n|faint|p1a: Nurarihyon\n|\n|upkeep\n|\n|t:|1698821359\n|switch|p1a: Shakalaka|Stakataka|100\/100\n|turn|4\n|\n|t:|1698821370\n|move|p2a: Darmanitan|Icicle Crash|p1a: Shakalaka\n|-resisted|p1a: Shakalaka\n|-damage|p1a: Shakalaka|76\/100\n|move|p1a: Shakalaka|Rock Slide|p2a: Darmanitan\n|-supereffective|p2a: Darmanitan\n|-damage|p2a: Darmanitan|0 fnt\n|faint|p2a: Darmanitan\n|-ability|p1a: Shakalaka|Beast Boost|boost\n|-boost|p1a: Shakalaka|def|1\n|\n|upkeep\n|\n|t:|1698821389\n|switch|p2a: Cyclizar|Cyclizar, F|84\/100\n|turn|5\n|\n|t:|1698821398\n|move|p2a: Cyclizar|Shed Tail|p2a: Cyclizar\n|-start|p2a: Cyclizar|Substitute|[from] move: Shed Tail\n|-damage|p2a: Cyclizar|34\/100\n|\n|t:|1698821405\n|switch|p2a: Annihilape|Annihilape, F|100\/100|[from] Shed Tail\n|move|p1a: Shakalaka|Rock Slide|p2a: Annihilape\n|-resisted|p2a: Annihilape\n|-activate|p2a: Annihilape|move: Substitute|[damage]\n|\n|upkeep\n|turn|6\n|\n|t:|1698821415\n|move|p2a: Annihilape|Taunt|p1a: Shakalaka\n|-start|p1a: Shakalaka|move: Taunt\n|move|p1a: Shakalaka|Iron Head|p2a: Annihilape\n|-crit|p2a: Annihilape\n|-end|p2a: Annihilape|Substitute\n|\n|upkeep\n|turn|7\n|\n|t:|1698821424\n|move|p2a: Annihilape|Bulk Up|p2a: Annihilape\n|-boost|p2a: Annihilape|atk|1\n|-boost|p2a: Annihilape|def|1\n|move|p1a: Shakalaka|Zen Headbutt|p2a: Annihilape\n|-supereffective|p2a: Annihilape\n|-damage|p2a: Annihilape|62\/100\n|\n|-heal|p2a: Annihilape|69\/100|[from] item: Leftovers\n|upkeep\n|turn|8\n|\n|t:|1698821433\n|move|p2a: Annihilape|Bulk Up|p2a: Annihilape\n|-boost|p2a: Annihilape|atk|1\n|-boost|p2a: Annihilape|def|1\n|move|p1a: Shakalaka|Zen Headbutt|p2a: Annihilape\n|-supereffective|p2a: Annihilape\n|-damage|p2a: Annihilape|39\/100\n|\n|-heal|p2a: Annihilape|45\/100|[from] item: Leftovers\n|-end|p1a: Shakalaka|move: Taunt\n|upkeep\n|turn|9\n|\n|t:|1698821442\n|move|p2a: Annihilape|Drain Punch|p1a: Shakalaka\n|-supereffective|p1a: Shakalaka\n|-damage|p1a: Shakalaka|0 fnt\n|-heal|p2a: Annihilape|75\/100|[from] drain|[of] p1a: Shakalaka\n|faint|p1a: Shakalaka\n|\n|-heal|p2a: Annihilape|81\/100|[from] item: Leftovers\n|upkeep\n|\n|t:|1698821456\n|switch|p1a: Led Zeppelin|Swanna, F|100\/100\n|turn|10\n|\n|t:|1698821464\n|move|p1a: Led Zeppelin|Air Slash|p2a: Annihilape\n|-supereffective|p2a: Annihilape\n|-damage|p2a: Annihilape|49\/100\n|move|p2a: Annihilape|Rage Fist|p1a: Led Zeppelin\n|-enditem|p1a: Led Zeppelin|Focus Sash\n|-damage|p1a: Led Zeppelin|1\/100\n|\n|-heal|p2a: Annihilape|55\/100|[from] item: Leftovers\n|upkeep\n|turn|11\n|\n|t:|1698821474\n|move|p1a: Led Zeppelin|Air Slash|p2a: Annihilape|[miss]\n|-miss|p1a: Led Zeppelin|p2a: Annihilape\n|move|p2a: Annihilape|Rage Fist|p1a: Led Zeppelin\n|-damage|p1a: Led Zeppelin|0 fnt\n|faint|p1a: Led Zeppelin\n|\n|-heal|p2a: Annihilape|61\/100|[from] item: Leftovers\n|upkeep\n|\n|t:|1698821483\n|switch|p1a: Chupacabra|Chesnaught, M|100\/100\n|turn|12\n|\n|t:|1698821490\n|move|p1a: Chupacabra|Spiky Shield|p1a: Chupacabra\n|-singleturn|p1a: Chupacabra|move: Protect\n|move|p2a: Annihilape|Rage Fist|p1a: Chupacabra\n|-activate|p1a: Chupacabra|move: Protect\n|-damage|p2a: Annihilape|49\/100|[from] Spiky Shield|[of] p1a: Chupacabra\n|\n|-heal|p2a: Annihilape|55\/100|[from] item: Leftovers\n|upkeep\n|turn|13\n|\n|t:|1698821502\n|move|p2a: Annihilape|Rage Fist|p1a: Chupacabra\n|-damage|p1a: Chupacabra|0 fnt\n|faint|p1a: Chupacabra\n|\n|-heal|p2a: Annihilape|61\/100|[from] item: Leftovers\n|upkeep\n|\n|t:|1698821510\n|switch|p1a: File Cabinet #2|Drampa, F|100\/100\n|turn|14\n|\n|t:|1698821513\n|move|p2a: Annihilape|Drain Punch|p1a: File Cabinet #2\n|-supereffective|p1a: File Cabinet #2\n|-damage|p1a: File Cabinet #2|0 fnt\n|-heal|p2a: Annihilape|100\/100|[from] drain|[of] p1a: File Cabinet #2\n|faint|p1a: File Cabinet #2\n|\n|upkeep\n|\n|t:|1698821518\n|switch|p1a: Hopeville|Drapion, M|100\/100\n|turn|15\n|\n|t:|1698821523\n|move|p1a: Hopeville|Poison Jab|p2a: Annihilape\n|-resisted|p2a: Annihilape\n|-damage|p2a: Annihilape|92\/100\n|move|p2a: Annihilape|Rage Fist|p1a: Hopeville\n|-resisted|p1a: Hopeville\n|-damage|p1a: Hopeville|0 fnt\n|-damage|p2a: Annihilape|76\/100|[from] item: Rocky Helmet|[of] p1a: Hopeville\n|faint|p1a: Hopeville\n|\n|win|Cilantora\n|raw|Agusuga Glue's rating: 1000 &rarr; <strong>1000<\/strong><br \/>(+0 for losing)\n|raw|Cilantora's rating: 1088 &rarr; <strong>1108<\/strong><br \/>(+20 for winning)\n|l|\u2606Agusuga Glue\n","uploadtime":1698821543,"views":19,"p1id":"agusugaglue","p2id":"cilantora","formatid":"gen9nationaldexubers","rating":1000,"private":0,"password":""}