{"id":"gen9nationaldexubers-1978945578","p1":"XJohnson","p2":"letmehavemynamel","format":"[Gen 9] National Dex Ubers","log":"|j|\u2606XJohnson\n|j|\u2606letmehavemynamel\n|t:|1698613189\n|gametype|singles\n|player|p1|XJohnson|mallow|1175\n|player|p2|letmehavemynamel|silver|1230\n|teamsize|p1|6\n|teamsize|p2|6\n|gen|9\n|tier|[Gen 9] National Dex Ubers\n|rated|\n|rule|HP Percentage Mod: HP is shown in percentages\n|rule|Endless Battle Clause: Forcing endless battles is banned\n|rule|OHKO Clause: OHKO moves are banned\n|rule|Evasion Moves Clause: Evasion moves are banned\n|rule|Evasion Items Clause: Evasion items are banned\n|rule|Species Clause: Limit one of each Pok\u00e9mon\n|rule|Sleep Clause Mod: Limit one foe put to sleep\n|rule|Mega Rayquaza Clause: You cannot mega evolve Rayquaza\n|clearpoke\n|poke|p1|Shaymin|\n|poke|p1|Tapu Lele|\n|poke|p1|Iron Leaves|\n|poke|p1|Whimsicott, F|\n|poke|p1|Mewtwo|\n|poke|p1|Garchomp, M|\n|poke|p2|Marowak-Alola, M|\n|poke|p2|Baxcalibur, M|\n|poke|p2|Torterra, M|\n|poke|p2|Metagross|\n|poke|p2|Scolipede, M|\n|poke|p2|Hitmontop, M|\n|teampreview\n|inactive|Battle timer is ON: inactive players will automatically lose when time's up. (requested by letmehavemynamel)\n|\n|t:|1698613199\n|start\n|switch|p1a: Uku Lele|Tapu Lele|100\/100\n|switch|p2a: Torterra|Torterra, M|100\/100\n|-fieldstart|move: Psychic Terrain|[from] ability: Psychic Surge|[of] p1a: Uku Lele\n|turn|1\n|\n|t:|1698613205\n|move|p1a: Uku Lele|Reflect|p1a: Uku Lele\n|-sidestart|p1: XJohnson|Reflect\n|move|p2a: Torterra|Toxic|p1a: Uku Lele\n|-status|p1a: Uku Lele|tox\n|\n|-damage|p1a: Uku Lele|94\/100 tox|[from] psn\n|upkeep\n|turn|2\n|\n|t:|1698613213\n|move|p1a: Uku Lele|Moonblast|p2a: Torterra\n|-damage|p2a: Torterra|68\/100\n|move|p2a: Torterra|Leech Seed|p1a: Uku Lele\n|-start|p1a: Uku Lele|move: Leech Seed\n|\n|-heal|p2a: Torterra|74\/100|[from] item: Leftovers\n|-damage|p1a: Uku Lele|82\/100 tox|[from] Leech Seed|[of] p2a: Torterra\n|-heal|p2a: Torterra|83\/100|[silent]\n|-damage|p1a: Uku Lele|70\/100 tox|[from] psn\n|upkeep\n|turn|3\n|\n|t:|1698613221\n|switch|p1a: Former Threat|Garchomp, M|100\/100\n|move|p2a: Torterra|Protect||[still]\n|-fail|p2a: Torterra\n|\n|-heal|p2a: Torterra|89\/100|[from] item: Leftovers\n|upkeep\n|turn|4\n|\n|t:|1698613227\n|move|p1a: Former Threat|Substitute|p1a: Former Threat\n|-start|p1a: Former Threat|Substitute\n|-damage|p1a: Former Threat|76\/100\n|move|p2a: Torterra|Toxic||[still]\n|-fail|p2a: Torterra\n|\n|-heal|p2a: Torterra|95\/100|[from] item: Leftovers\n|upkeep\n|turn|5\n|\n|t:|1698613238\n|switch|p2a: Scolipede|Scolipede, M|100\/100\n|move|p1a: Former Threat|Swords Dance|p1a: Former Threat\n|-boost|p1a: Former Threat|atk|2\n|\n|-sideend|p1: XJohnson|Reflect\n|upkeep\n|turn|6\n|\n|t:|1698613245\n|move|p1a: Former Threat|Scale Shot|p2a: Scolipede\n|-damage|p2a: Scolipede|64\/100\n|-damage|p2a: Scolipede|24\/100\n|-damage|p2a: Scolipede|0 fnt\n|faint|p2a: Scolipede\n|-hitcount|p2: Scolipede|3\n|-unboost|p1a: Former Threat|def|1\n|-boost|p1a: Former Threat|spe|1\n|\n|upkeep\n|\n|t:|1698613254\n|switch|p2a: Hitmontop|Hitmontop, M|100\/100\n|turn|7\n|\n|t:|1698613257\n|move|p2a: Hitmontop|Fake Out|p1a: Former Threat\n|-activate|p1a: Former Threat|move: Psychic Terrain\n|move|p1a: Former Threat|Earthquake|p2a: Hitmontop\n|-damage|p2a: Hitmontop|0 fnt\n|faint|p2a: Hitmontop\n|\n|upkeep\n|\n|t:|1698613267\n|switch|p2a: Metagross|Metagross|100\/100\n|turn|8\n|\n|t:|1698613270\n|move|p1a: Former Threat|Earthquake|p2a: Metagross\n|-supereffective|p2a: Metagross\n|-crit|p2a: Metagross\n|-damage|p2a: Metagross|0 fnt\n|faint|p2a: Metagross\n|\n|-fieldend|move: Psychic Terrain\n|upkeep\n|\n|t:|1698613277\n|switch|p2a: Marowak|Marowak-Alola, M|100\/100\n|turn|9\n|c|\u2606XJohnson|Gg\n|\n|t:|1698613282\n|-terastallize|p2a: Marowak|Dark\n|move|p1a: Former Threat|Scale Shot|p2a: Marowak\n|-damage|p2a: Marowak|71\/100\n|-damage|p2a: Marowak|38\/100\n|-damage|p2a: Marowak|4\/100\n|-damage|p2a: Marowak|0 fnt\n|faint|p2a: Marowak\n|-hitcount|p2: Marowak|4\n|-unboost|p1a: Former Threat|def|1\n|-boost|p1a: Former Threat|spe|1\n|\n|upkeep\n|-message|letmehavemynamel forfeited.\n|\n|win|XJohnson\n|raw|XJohnson's rating: 1175 &rarr; <strong>1204<\/strong><br \/>(+29 for winning)\n|raw|letmehavemynamel's rating: 1230 &rarr; <strong>1201<\/strong><br \/>(-29 for losing)\n|l|\u2606letmehavemynamel\n","uploadtime":1698613301,"views":18,"p1id":"xjohnson","p2id":"letmehavemynamel","formatid":"gen9nationaldexubers","rating":1201,"private":0,"password":""}