{"id":"gen9nationaldexubers-1998378258","p1":"St34lth_","p2":"Dontoutpizzathehut","format":"[Gen 9] National Dex Ubers","log":"|j|\u2606St34lth_\n|j|\u2606Dontoutpizzathehut\n|t:|1700935631\n|gametype|singles\n|player|p1|St34lth_|youngster|1424\n|player|p2|Dontoutpizzathehut|170|1360\n|teamsize|p1|6\n|teamsize|p2|6\n|gen|9\n|tier|[Gen 9] National Dex Ubers\n|rated|\n|rule|HP Percentage Mod: HP is shown in percentages\n|rule|Endless Battle Clause: Forcing endless battles is banned\n|rule|OHKO Clause: OHKO moves are banned\n|rule|Evasion Moves Clause: Evasion moves are banned\n|rule|Evasion Items Clause: Evasion items are banned\n|rule|Species Clause: Limit one of each Pok\u00e9mon\n|rule|Sleep Clause Mod: Limit one foe put to sleep\n|rule|Mega Rayquaza Clause: You cannot mega evolve Rayquaza\n|clearpoke\n|poke|p1|Aron, L1, F|\n|poke|p1|Gliscor, F|\n|poke|p1|Clodsire, M|\n|poke|p1|Zacian-*|\n|poke|p1|Regieleki|\n|poke|p1|Lunala|\n|poke|p2|Zygarde-10%|\n|poke|p2|Kyogre|\n|poke|p2|Murkrow, M|\n|poke|p2|Gothorita, F|\n|poke|p2|Salamence, M|\n|poke|p2|Regieleki|\n|teampreview\n|inactive|Battle timer is ON: inactive players will automatically lose when time's up. (requested by Dontoutpizzathehut)\n|inactive|St34lth_ has 120 seconds left.\n|inactive|St34lth_ has 90 seconds left.\n|\n|t:|1700935701\n|start\n|switch|p1a: Gliscor|Gliscor, F|100\/100\n|switch|p2a: Good Boi|Zygarde-10%, shiny|100\/100\n|turn|1\n|\n|t:|1700935709\n|-terastallize|p2a: Good Boi|Steel\n|move|p2a: Good Boi|Dragon Dance|p2a: Good Boi\n|-boost|p2a: Good Boi|atk|1\n|-boost|p2a: Good Boi|spe|1\n|move|p1a: Gliscor|Knock Off|p2a: Good Boi\n|-damage|p2a: Good Boi|62\/100\n|-enditem|p2a: Good Boi|Focus Sash|[from] move: Knock Off|[of] p1a: Gliscor\n|\n|-status|p1a: Gliscor|tox|[from] item: Toxic Orb\n|upkeep\n|turn|2\n|\n|t:|1700935737\n|switch|p1a: Lunala|Lunala|100\/100\n|move|p2a: Good Boi|Thousand Arrows|p1a: Lunala\n|-damage|p1a: Lunala|84\/100\n|\n|-heal|p1a: Lunala|91\/100|[from] item: Leftovers\n|upkeep\n|turn|3\n|\n|t:|1700935747\n|move|p2a: Good Boi|Outrage|p1a: Lunala\n|-damage|p1a: Lunala|42\/100\n|move|p1a: Lunala|Calm Mind|p1a: Lunala\n|-boost|p1a: Lunala|spa|1\n|-boost|p1a: Lunala|spd|1\n|\n|-heal|p1a: Lunala|48\/100|[from] item: Leftovers\n|upkeep\n|turn|4\n|inactive|St34lth_ has 120 seconds left.\n|\n|t:|1700935794\n|switch|p1a: Aron|Aron, L1, F, shiny|100\/100\n|move|p2a: Good Boi|Outrage|p1a: Aron|[from]lockedmove\n|-resisted|p1a: Aron\n|-ability|p1a: Aron|Sturdy\n|-damage|p1a: Aron|9\/100\n|-start|p2a: Good Boi|confusion|[fatigue]\n|\n|upkeep\n|turn|5\n|\n|t:|1700935801\n|-activate|p2a: Good Boi|confusion\n|move|p2a: Good Boi|Thousand Arrows|p1a: Aron\n|-supereffective|p1a: Aron\n|-damage|p1a: Aron|0 fnt\n|faint|p1a: Aron\n|\n|upkeep\n|\n|t:|1700935810\n|switch|p1a: Regieleki|Regieleki|100\/100\n|turn|6\n|inactive|St34lth_ has 90 seconds left.\n|\n|t:|1700935830\n|move|p1a: Regieleki|Thunderbolt|p2a: Good Boi\n|-crit|p2a: Good Boi\n|-damage|p2a: Good Boi|0 fnt\n|faint|p2a: Good Boi\n|\n|upkeep\n|\n|t:|1700935849\n|switch|p2a: Grim Reaper|Gothorita, F|100\/100\n|turn|7\n|inactive|St34lth_ has 90 seconds left.\n|\n|t:|1700935872\n|move|p2a: Grim Reaper|Fake Out|p1a: Regieleki\n|-damage|p1a: Regieleki|91\/100\n|cant|p1a: Regieleki|flinch\n|\n|upkeep\n|turn|8\n|inactive|St34lth_ has 90 seconds left.\n|\n|t:|1700935882\n|move|p1a: Regieleki|Thunderbolt|p2a: Grim Reaper\n|-damage|p2a: Grim Reaper|55\/100\n|move|p2a: Grim Reaper|Swagger|p1a: Regieleki\n|-boost|p1a: Regieleki|atk|2\n|-start|p1a: Regieleki|confusion\n|\n|upkeep\n|turn|9\n|\n|t:|1700935888\n|move|p2a: Grim Reaper|Protect|p2a: Grim Reaper\n|-singleturn|p2a: Grim Reaper|Protect\n|-activate|p1a: Regieleki|confusion\n|move|p1a: Regieleki|Volt Switch|p2a: Grim Reaper\n|-activate|p2a: Grim Reaper|move: Protect\n|\n|upkeep\n|turn|10\n|\n|t:|1700935897\n|-activate|p1a: Regieleki|confusion\n|move|p1a: Regieleki|Volt Switch|p2a: Grim Reaper\n|-damage|p2a: Grim Reaper|21\/100\n|inactive|St34lth_ has 90 seconds left.\n|\n|t:|1700935915\n|switch|p1a: Gliscor|Gliscor, F|100\/100 tox|[from] Volt Switch\n|move|p2a: Grim Reaper|Foul Play|p1a: Gliscor\n|-damage|p1a: Gliscor|86\/100 tox\n|\n|-heal|p1a: Gliscor|98\/100 tox|[from] ability: Poison Heal\n|upkeep\n|turn|11\n|\n|t:|1700935923\n|switch|p2a: Susan Boyle|Murkrow, M|100\/100\n|move|p1a: Gliscor|Knock Off|p2a: Susan Boyle\n|-resisted|p2a: Susan Boyle\n|-damage|p2a: Susan Boyle|88\/100\n|-enditem|p2a: Susan Boyle|Eviolite|[from] move: Knock Off|[of] p1a: Gliscor\n|\n|-heal|p1a: Gliscor|100\/100 tox|[from] ability: Poison Heal\n|upkeep\n|turn|12\n|\n|t:|1700935934\n|move|p2a: Susan Boyle|Perish Song|p2a: Susan Boyle\n|-start|p1a: Gliscor|perish3|[silent]\n|-start|p2a: Susan Boyle|perish3|[silent]\n|-fieldactivate|move: Perish Song\n|move|p1a: Gliscor|Toxic Spikes|p2a: Susan Boyle\n|-sidestart|p2: Dontoutpizzathehut|move: Toxic Spikes\n|\n|-start|p1a: Gliscor|perish3\n|-start|p2a: Susan Boyle|perish3\n|upkeep\n|turn|13\n|\n|t:|1700935940\n|switch|p1a: Regieleki|Regieleki|91\/100\n|move|p2a: Susan Boyle|U-turn|p1a: Regieleki\n|-damage|p1a: Regieleki|65\/100\n|\n|t:|1700935947\n|switch|p2a: Regieleki|Regieleki|100\/100|[from] U-turn\n|-status|p2a: Regieleki|psn\n|\n|-damage|p2a: Regieleki|88\/100 psn|[from] psn\n|upkeep\n|turn|14\n|inactive|St34lth_ has 90 seconds left.\n|\n|t:|1700935984\n|switch|p1a: Lunala|Lunala|48\/100\n|move|p2a: Regieleki|Thunder|p1a: Lunala\n|-damage|p1a: Lunala|0 fnt\n|faint|p1a: Lunala\n|\n|-damage|p2a: Regieleki|76\/100 psn|[from] psn\n|upkeep\n|\n|t:|1700935998\n|switch|p1a: Clodsire|Clodsire, M|100\/100\n|turn|15\n|\n|t:|1700936003\n|switch|p2a: Susan Boyle|Murkrow, M|88\/100\n|move|p1a: Clodsire|Earthquake|p2a: Susan Boyle\n|-immune|p2a: Susan Boyle\n|\n|upkeep\n|turn|16\n|inactive|St34lth_ has 90 seconds left.\n|\n|t:|1700936008\n|move|p2a: Susan Boyle|Defog|p1a: Clodsire\n|-unboost|p1a: Clodsire|evasion|1\n|-sideend|p2: Dontoutpizzathehut|Toxic Spikes|[from] move: Defog|[of] p2a: Susan Boyle\n|move|p1a: Clodsire|Stealth Rock|p2a: Susan Boyle\n|-sidestart|p2: Dontoutpizzathehut|move: Stealth Rock\n|\n|upkeep\n|turn|17\n|\n|t:|1700936015\n|move|p2a: Susan Boyle|Defog|p1a: Clodsire\n|-unboost|p1a: Clodsire|evasion|1\n|-sideend|p2: Dontoutpizzathehut|Stealth Rock|[from] move: Defog|[of] p2a: Susan Boyle\n|move|p1a: Clodsire|Gunk Shot|p2a: Susan Boyle\n|-damage|p2a: Susan Boyle|32\/100\n|-status|p2a: Susan Boyle|psn\n|\n|-damage|p2a: Susan Boyle|20\/100 psn|[from] psn\n|upkeep\n|turn|18\n|inactive|St34lth_ has 90 seconds left.\n|\n|t:|1700936037\n|move|p2a: Susan Boyle|Perish Song|p2a: Susan Boyle\n|-start|p1a: Clodsire|perish3|[silent]\n|-start|p2a: Susan Boyle|perish3|[silent]\n|-fieldactivate|move: Perish Song\n|move|p1a: Clodsire|Stealth Rock|p2a: Susan Boyle\n|-sidestart|p2: Dontoutpizzathehut|move: Stealth Rock\n|\n|-damage|p2a: Susan Boyle|7\/100 psn|[from] psn\n|-start|p2a: Susan Boyle|perish3\n|-start|p1a: Clodsire|perish3\n|upkeep\n|turn|19\n|inactive|St34lth_ has 90 seconds left.\n|\n|t:|1700936047\n|switch|p1a: Gliscor|Gliscor, F|100\/100 tox\n|move|p2a: Susan Boyle|Defog|p1a: Gliscor\n|-unboost|p1a: Gliscor|evasion|1\n|-sideend|p2: Dontoutpizzathehut|Stealth Rock|[from] move: Defog|[of] p2a: Susan Boyle\n|\n|-damage|p2a: Susan Boyle|0 fnt|[from] psn\n|faint|p2a: Susan Boyle\n|upkeep\n|\n|t:|1700936053\n|switch|p2a: CrowdControl|Kyogre|100\/100\n|-weather|RainDance|[from] ability: Drizzle|[of] p2a: CrowdControl\n|turn|20\n|\n|t:|1700936058\n|-terastallize|p1a: Gliscor|Water\n|move|p2a: CrowdControl|Water Spout|p1a: Gliscor\n|-resisted|p1a: Gliscor\n|-damage|p1a: Gliscor|30\/100 tox\n|move|p1a: Gliscor|Knock Off|p2a: CrowdControl\n|-damage|p2a: CrowdControl|79\/100\n|-enditem|p2a: CrowdControl|Choice Scarf|[from] move: Knock Off|[of] p1a: Gliscor\n|\n|-weather|RainDance|[upkeep]\n|-heal|p1a: Gliscor|42\/100 tox|[from] ability: Poison Heal\n|upkeep\n|turn|21\n|\n|t:|1700936067\n|move|p2a: CrowdControl|Water Spout|p1a: Gliscor\n|-resisted|p1a: Gliscor\n|-damage|p1a: Gliscor|0 fnt\n|faint|p1a: Gliscor\n|\n|-weather|RainDance|[upkeep]\n|upkeep\n|\n|t:|1700936073\n|switch|p1a: Regieleki|Regieleki|65\/100\n|turn|22\n|\n|t:|1700936078\n|switch|p2a: Regieleki|Regieleki|76\/100 psn\n|move|p1a: Regieleki|Volt Switch|p2a: Regieleki\n|-resisted|p2a: Regieleki\n|-damage|p2a: Regieleki|38\/100 psn\n|\n|t:|1700936083\n|switch|p1a: Clodsire|Clodsire, M|100\/100|[from] Volt Switch\n|\n|-weather|RainDance|[upkeep]\n|-damage|p2a: Regieleki|25\/100 psn|[from] psn\n|upkeep\n|turn|23\n|\n|t:|1700936087\n|move|p2a: Regieleki|Explosion|p1a: Clodsire\n|-damage|p1a: Clodsire|55\/100\n|faint|p2a: Regieleki\n|move|p1a: Clodsire|Stealth Rock|p2: Regieleki\n|-sidestart|p2: Dontoutpizzathehut|move: Stealth Rock\n|\n|-weather|RainDance|[upkeep]\n|-heal|p1a: Clodsire|61\/100|[from] item: Leftovers\n|upkeep\n|\n|t:|1700936094\n|switch|p2a: CrowdControl|Kyogre|79\/100\n|-damage|p2a: CrowdControl|67\/100|[from] Stealth Rock\n|turn|24\n|\n|t:|1700936105\n|move|p2a: CrowdControl|Water Spout|p1a: Clodsire\n|-supereffective|p1a: Clodsire\n|-damage|p1a: Clodsire|0 fnt\n|faint|p1a: Clodsire\n|\n|-weather|none\n|upkeep\n|inactive|St34lth_ has 120 seconds left.\n|\n|t:|1700936122\n|switch|p1a: Regieleki|Regieleki|65\/100\n|turn|25\n|c|\u2606Dontoutpizzathehut|Thank god you didn\u2019t have water absorb\n|\n|t:|1700936142\n|move|p1a: Regieleki|Thunderbolt|p2a: CrowdControl\n|-supereffective|p2a: CrowdControl\n|-damage|p2a: CrowdControl|0 fnt\n|faint|p2a: CrowdControl\n|\n|upkeep\n|\n|t:|1700936148\n|switch|p2a: Grim Reaper|Gothorita, F|21\/100\n|-damage|p2a: Grim Reaper|9\/100|[from] Stealth Rock\n|turn|26\n|\n|t:|1700936152\n|move|p2a: Grim Reaper|Fake Out|p1a: Regieleki\n|-damage|p1a: Regieleki|56\/100\n|cant|p1a: Regieleki|flinch\n|\n|upkeep\n|turn|27\n|\n|t:|1700936158\n|move|p1a: Regieleki|Volt Switch|p2a: Grim Reaper\n|-damage|p2a: Grim Reaper|0 fnt\n|faint|p2a: Grim Reaper\n|\n|t:|1700936161\n|switch|p1a: Zacian|Zacian-Crowned|100\/100|[from] Volt Switch\n|-ability|p1a: Zacian|Intrepid Sword|boost\n|-boost|p1a: Zacian|atk|1\n|\n|upkeep\n|\n|t:|1700936169\n|switch|p2a: Big Boi|Salamence, M|100\/100\n|-damage|p2a: Big Boi|76\/100|[from] Stealth Rock\n|-ability|p2a: Big Boi|Intimidate|boost\n|-unboost|p1a: Zacian|atk|1\n|turn|28\n|\n|t:|1700936175\n|detailschange|p2a: Big Boi|Salamence-Mega, M\n|-mega|p2a: Big Boi|Salamence|Salamencite\n|move|p1a: Zacian|Play Rough|p2a: Big Boi\n|-supereffective|p2a: Big Boi\n|-damage|p2a: Big Boi|0 fnt\n|faint|p2a: Big Boi\n|\n|win|St34lth_\n|raw|St34lth_'s rating: 1424 &rarr; <strong>1440<\/strong><br \/>(+16 for winning)\n|raw|Dontoutpizzathehut's rating: 1360 &rarr; <strong>1344<\/strong><br \/>(-16 for losing)\n|l|\u2606Dontoutpizzathehut\n","uploadtime":1700936198,"views":0,"p1id":"st34lth","p2id":"dontoutpizzathehut","formatid":"gen9nationaldexubers","rating":1344,"private":0,"password":""}