{"id":"gen9nationaldexubers-1983202896","p1":"Qishan","p2":"MommyMikuNakano","format":"[Gen 9] National Dex Ubers","log":"|j|\u2606Qishan\n|j|\u2606MommyMikuNakano\n|t:|1699104624\n|gametype|singles\n|player|p1|Qishan|bruno|1640\n|player|p2|MommyMikuNakano|erika-gen1|1820\n|teamsize|p1|6\n|teamsize|p2|6\n|gen|9\n|tier|[Gen 9] National Dex Ubers\n|rated|\n|rule|HP Percentage Mod: HP is shown in percentages\n|rule|Endless Battle Clause: Forcing endless battles is banned\n|rule|OHKO Clause: OHKO moves are banned\n|rule|Evasion Moves Clause: Evasion moves are banned\n|rule|Evasion Items Clause: Evasion items are banned\n|rule|Species Clause: Limit one of each Pok\u00e9mon\n|rule|Sleep Clause Mod: Limit one foe put to sleep\n|rule|Mega Rayquaza Clause: You cannot mega evolve Rayquaza\n|clearpoke\n|poke|p1|Deoxys-Attack|\n|poke|p1|Arceus|\n|poke|p1|Serperior, M|\n|poke|p1|Xerneas-*|\n|poke|p1|Necrozma-Dusk-Mane|\n|poke|p1|Zygarde|\n|poke|p2|Zekrom|\n|poke|p2|Kingambit, F|\n|poke|p2|Ditto|\n|poke|p2|Skeledirge, F|\n|poke|p2|Arceus-Dark|\n|poke|p2|Necrozma-Dusk-Mane|\n|teampreview\n|inactive|Battle timer is ON: inactive players will automatically lose when time's up. (requested by MommyMikuNakano)\n|\n|t:|1699104653\n|start\n|switch|p1a: Deoxys|Deoxys-Attack, shiny|100\/100\n|switch|p2a: Arceus|Arceus-Dark|100\/100\n|-ability|p1a: Deoxys|Pressure\n|turn|1\n|\n|t:|1699104659\n|move|p1a: Deoxys|Low Kick|p2a: Arceus\n|-supereffective|p2a: Arceus\n|-damage|p2a: Arceus|37\/100\n|move|p2a: Arceus|Foul Play|p1a: Deoxys\n|-supereffective|p1a: Deoxys\n|-enditem|p1a: Deoxys|Focus Sash\n|-damage|p1a: Deoxys|1\/100\n|\n|upkeep\n|turn|2\n|\n|t:|1699104667\n|switch|p2a: Skeledirge|Skeledirge, F|100\/100\n|move|p1a: Deoxys|Low Kick|p2a: Skeledirge\n|-immune|p2a: Skeledirge\n|\n|upkeep\n|turn|3\n|\n|t:|1699104681\n|switch|p2a: Necrozma|Necrozma-Dusk-Mane, shiny|100\/100\n|move|p1a: Deoxys|Psycho Boost|p2a: Necrozma\n|-resisted|p2a: Necrozma\n|-damage|p2a: Necrozma|78\/100\n|-unboost|p1a: Deoxys|spa|2\n|\n|upkeep\n|turn|4\n|\n|t:|1699104688\n|move|p1a: Deoxys|Stealth Rock|p2a: Necrozma\n|-sidestart|p2: MommyMikuNakano|move: Stealth Rock\n|move|p2a: Necrozma|Stealth Rock|p1a: Deoxys\n|-sidestart|p1: Qishan|move: Stealth Rock\n|\n|upkeep\n|turn|5\n|\n|t:|1699104693\n|move|p1a: Deoxys|Low Kick|p2a: Necrozma\n|-crit|p2a: Necrozma\n|-damage|p2a: Necrozma|16\/100\n|move|p2a: Necrozma|Photon Geyser|p1a: Deoxys\n|-resisted|p1a: Deoxys\n|-damage|p1a: Deoxys|0 fnt\n|faint|p1a: Deoxys\n|\n|upkeep\n|\n|t:|1699104705\n|switch|p1a: Serperior|Serperior, M, shiny|100\/100\n|-damage|p1a: Serperior|88\/100|[from] Stealth Rock\n|turn|6\n|\n|t:|1699104712\n|detailschange|p2a: Necrozma|Necrozma-Ultra, shiny\n|-burst|p2a: Necrozma|Necrozma|Ultranecrozium Z\n|move|p2a: Necrozma|Photon Geyser|p1a: Serperior\n|-crit|p1a: Serperior\n|-damage|p1a: Serperior|0 fnt\n|faint|p1a: Serperior\n|\n|upkeep\n|\n|t:|1699104726\n|switch|p1a: Arceus|Arceus, shiny|100\/100\n|-damage|p1a: Arceus|88\/100|[from] Stealth Rock\n|turn|7\n|\n|t:|1699104733\n|switch|p2a: Arceus|Arceus-Dark|37\/100\n|-damage|p2a: Arceus|25\/100|[from] Stealth Rock\n|move|p1a: Arceus|Thunder Wave|p2a: Arceus\n|-status|p2a: Arceus|par\n|\n|upkeep\n|turn|8\n|\n|t:|1699104742\n|move|p1a: Arceus|Reflect|p1a: Arceus\n|-sidestart|p1: Qishan|Reflect\n|move|p2a: Arceus|Taunt|p1a: Arceus\n|-start|p1a: Arceus|move: Taunt\n|\n|upkeep\n|turn|9\n|\n|t:|1699104747\n|switch|p1a: Necrozma|Necrozma-Dusk-Mane, shiny|100\/100\n|-damage|p1a: Necrozma|94\/100|[from] Stealth Rock\n|move|p2a: Arceus|Recover|p2a: Arceus\n|-heal|p2a: Arceus|75\/100 par\n|\n|upkeep\n|turn|10\n|\n|t:|1699104754\n|move|p1a: Necrozma|Dragon Dance|p1a: Necrozma\n|-boost|p1a: Necrozma|atk|1\n|-boost|p1a: Necrozma|spe|1\n|move|p2a: Arceus|Foul Play|p1a: Necrozma\n|-supereffective|p1a: Necrozma\n|-damage|p1a: Necrozma|32\/100\n|\n|upkeep\n|turn|11\n|\n|t:|1699104761\n|move|p1a: Necrozma|Sunsteel Strike|p2a: Arceus\n|-damage|p2a: Arceus|14\/100 par\n|move|p2a: Arceus|Foul Play|p1a: Necrozma\n|-supereffective|p1a: Necrozma\n|-damage|p1a: Necrozma|0 fnt\n|faint|p1a: Necrozma\n|\n|upkeep\n|\n|t:|1699104770\n|switch|p1a: Xerneas|Xerneas, shiny|100\/100\n|-damage|p1a: Xerneas|88\/100|[from] Stealth Rock\n|-ability|p1a: Xerneas|Fairy Aura\n|turn|12\n|\n|t:|1699104775\n|move|p1a: Xerneas|Geomancy||[still]\n|-prepare|p1a: Xerneas|Geomancy\n|-enditem|p1a: Xerneas|Power Herb\n|-anim|p1a: Xerneas|Geomancy|p1a: Xerneas\n|-boost|p1a: Xerneas|spa|2\n|-boost|p1a: Xerneas|spd|2\n|-boost|p1a: Xerneas|spe|2\n|move|p2a: Arceus|Toxic|p1a: Xerneas\n|-status|p1a: Xerneas|tox\n|\n|-damage|p1a: Xerneas|82\/100 tox|[from] psn\n|upkeep\n|turn|13\n|\n|t:|1699104784\n|move|p1a: Xerneas|Draining Kiss|p2a: Arceus\n|-supereffective|p2a: Arceus\n|-damage|p2a: Arceus|0 fnt\n|-heal|p1a: Xerneas|94\/100 tox|[from] drain|[of] p2a: Arceus\n|faint|p2a: Arceus\n|\n|-damage|p1a: Xerneas|81\/100 tox|[from] psn\n|upkeep\n|\n|t:|1699104789\n|switch|p2a: Ditto|Ditto, shiny|100\/100\n|-damage|p2a: Ditto|88\/100|[from] Stealth Rock\n|-transform|p2a: Ditto|p1a: Xerneas|[from] ability: Imposter\n|-ability|p2a: Ditto|Fairy Aura\n|turn|14\n|\n|t:|1699104796\n|switch|p2a: Skeledirge|Skeledirge, F|100\/100\n|move|p1a: Xerneas|Draining Kiss|p2a: Skeledirge\n|-resisted|p2a: Skeledirge\n|-damage|p2a: Skeledirge|87\/100\n|-heal|p1a: Xerneas|91\/100 tox|[from] drain|[of] p2a: Skeledirge\n|\n|-damage|p1a: Xerneas|73\/100 tox|[from] psn\n|upkeep\n|turn|15\n|\n|t:|1699104804\n|move|p1a: Xerneas|Hidden Power|p2a: Skeledirge\n|-supereffective|p2a: Skeledirge\n|-damage|p2a: Skeledirge|57\/100\n|move|p2a: Skeledirge|Torch Song|p1a: Xerneas\n|-damage|p1a: Xerneas|50\/100 tox\n|-boost|p2a: Skeledirge|spa|1\n|\n|-damage|p1a: Xerneas|26\/100 tox|[from] psn\n|-sideend|p1: Qishan|Reflect\n|upkeep\n|turn|16\n|\n|t:|1699104814\n|switch|p2a: Ditto|Ditto, shiny|88\/100\n|-damage|p2a: Ditto|76\/100|[from] Stealth Rock\n|-transform|p2a: Ditto|p1a: Xerneas|[from] ability: Imposter\n|-ability|p2a: Ditto|Fairy Aura\n|move|p1a: Xerneas|Hidden Power|p2a: Ditto\n|-damage|p2a: Ditto|51\/100\n|\n|-damage|p1a: Xerneas|0 fnt|[from] psn\n|faint|p1a: Xerneas\n|upkeep\n|\n|t:|1699104826\n|switch|p1a: Arceus|Arceus, shiny|88\/100\n|-damage|p1a: Arceus|76\/100|[from] Stealth Rock\n|turn|17\n|\n|t:|1699104834\n|move|p2a: Ditto|Draining Kiss|p1a: Arceus\n|-damage|p1a: Arceus|31\/100\n|-heal|p2a: Ditto|99\/100|[from] drain|[of] p1a: Arceus\n|move|p1a: Arceus|Thunder Wave|p2a: Ditto\n|-status|p2a: Ditto|par\n|\n|upkeep\n|turn|18\n|\n|t:|1699104846\n|move|p2a: Ditto|Draining Kiss|p1a: Arceus\n|-damage|p1a: Arceus|0 fnt\n|-heal|p2a: Ditto|100\/100 par|[from] drain|[of] p1a: Arceus\n|faint|p1a: Arceus\n|\n|upkeep\n|\n|t:|1699104851\n|switch|p1a: Zygarde|Zygarde, shiny|100\/100\n|-damage|p1a: Zygarde|94\/100|[from] Stealth Rock\n|turn|19\n|\n|t:|1699104857\n|-terastallize|p1a: Zygarde|Normal\n|move|p2a: Ditto|Draining Kiss|p1a: Zygarde\n|-damage|p1a: Zygarde|33\/100\n|move|p1a: Zygarde|Dragon Dance|p1a: Zygarde\n|-boost|p1a: Zygarde|atk|1\n|-boost|p1a: Zygarde|spe|1\n|\n|-heal|p1a: Zygarde|39\/100|[from] item: Leftovers\n|-activate|p1a: Zygarde|ability: Power Construct\n|detailschange|p1a: Zygarde|Zygarde-Complete, shiny, tera:Normal\n|-heal|p1a: Zygarde|60\/100|[silent]\n|upkeep\n|turn|20\n|\n|t:|1699104869\n|move|p2a: Ditto|Draining Kiss|p1a: Zygarde\n|-damage|p1a: Zygarde|20\/100\n|move|p1a: Zygarde|Substitute|p1a: Zygarde\n|-fail|p1a: Zygarde|move: Substitute|[weak]\n|\n|-heal|p1a: Zygarde|26\/100|[from] item: Leftovers\n|upkeep\n|turn|21\n|\n|t:|1699104878\n|move|p2a: Ditto|Draining Kiss|p1a: Zygarde\n|-damage|p1a: Zygarde|0 fnt\n|faint|p1a: Zygarde\n|\n|win|MommyMikuNakano\n|raw|Qishan's rating: 1640 &rarr; <strong>1630<\/strong><br \/>(-10 for losing)\n|raw|MommyMikuNakano's rating: 1820 &rarr; <strong>1830<\/strong><br \/>(+10 for winning)\n|l|\u2606MommyMikuNakano\n","uploadtime":1699104891,"views":5,"p1id":"qishan","p2id":"mommymikunakano","formatid":"gen9nationaldexubers","rating":1630,"private":0,"password":""}