{"id":"gen9nationaldexubers-1980506008","p1":"von1233","p2":"Lightbleed","format":"[Gen 9] National Dex Ubers","log":"|j|\u2606von1233\n|j|\u2606Lightbleed\n|t:|1698791531\n|gametype|singles\n|player|p1|von1233|169|1067\n|player|p2|Lightbleed|harlequin|1219\n|teamsize|p1|6\n|teamsize|p2|6\n|gen|9\n|tier|[Gen 9] National Dex Ubers\n|rated|\n|rule|HP Percentage Mod: HP is shown in percentages\n|rule|Endless Battle Clause: Forcing endless battles is banned\n|rule|OHKO Clause: OHKO moves are banned\n|rule|Evasion Moves Clause: Evasion moves are banned\n|rule|Evasion Items Clause: Evasion items are banned\n|rule|Species Clause: Limit one of each Pok\u00e9mon\n|rule|Sleep Clause Mod: Limit one foe put to sleep\n|rule|Mega Rayquaza Clause: You cannot mega evolve Rayquaza\n|clearpoke\n|poke|p1|Dragonite, F|\n|poke|p1|Weavile, F|\n|poke|p1|Florges-White, F|\n|poke|p1|Gastrodon-East, M|\n|poke|p1|Landorus, M|\n|poke|p1|Heatran, F|\n|poke|p2|Deoxys-Defense|\n|poke|p2|Combusken, M|\n|poke|p2|Hariyama, M|\n|poke|p2|Armarouge, M|\n|poke|p2|Mawile, M|\n|poke|p2|Smeargle, M|\n|teampreview\n|\n|t:|1698791537\n|start\n|switch|p1a: Gray Ranger|Weavile, F|100\/100\n|switch|p2a: Hariyama|Hariyama, M|100\/100\n|-ability|p1a: Gray Ranger|Pressure\n|turn|1\n|\n|t:|1698791548\n|-terastallize|p2a: Hariyama|Steel\n|move|p1a: Gray Ranger|Swords Dance|p1a: Gray Ranger\n|-boost|p1a: Gray Ranger|atk|2\n|move|p2a: Hariyama|Belly Drum|p2a: Hariyama\n|-damage|p2a: Hariyama|50\/100\n|-setboost|p2a: Hariyama|atk|6|[from] move: Belly Drum\n|\n|-status|p2a: Hariyama|brn|[from] item: Flame Orb\n|upkeep\n|turn|2\n|\n|t:|1698791560\n|move|p2a: Hariyama|Bullet Punch|p1a: Gray Ranger\n|-supereffective|p1a: Gray Ranger\n|-damage|p1a: Gray Ranger|0 fnt\n|faint|p1a: Gray Ranger\n|\n|-damage|p2a: Hariyama|44\/100 brn|[from] brn\n|upkeep\n|\n|t:|1698791570\n|switch|p1a: Green Ranger|Gastrodon-East, M|100\/100\n|turn|3\n|\n|t:|1698791574\n|move|p2a: Hariyama|Drain Punch|p1a: Green Ranger\n|-damage|p1a: Green Ranger|0 fnt\n|-heal|p2a: Hariyama|88\/100 brn|[from] drain|[of] p1a: Green Ranger\n|-damage|p2a: Hariyama|71\/100 brn|[from] item: Rocky Helmet|[of] p1a: Green Ranger\n|faint|p1a: Green Ranger\n|\n|-damage|p2a: Hariyama|65\/100 brn|[from] brn\n|upkeep\n|\n|t:|1698791583\n|switch|p1a: Red Ranger|Heatran, F|100\/100\n|-item|p1a: Red Ranger|Air Balloon\n|turn|4\n|\n|t:|1698791589\n|move|p2a: Hariyama|Bullet Punch|p1a: Red Ranger\n|-resisted|p1a: Red Ranger\n|-damage|p1a: Red Ranger|71\/100\n|-enditem|p1a: Red Ranger|Air Balloon\n|move|p1a: Red Ranger|Earth Power|p2a: Hariyama\n|-supereffective|p2a: Hariyama\n|-damage|p2a: Hariyama|12\/100 brn\n|-unboost|p2a: Hariyama|spd|1\n|\n|-damage|p2a: Hariyama|6\/100 brn|[from] brn\n|upkeep\n|turn|5\n|\n|t:|1698791601\n|move|p1a: Red Ranger|Protect|p1a: Red Ranger\n|-singleturn|p1a: Red Ranger|Protect\n|move|p2a: Hariyama|Bullet Punch|p1a: Red Ranger\n|-activate|p1a: Red Ranger|move: Protect\n|\n|-damage|p2a: Hariyama|0 fnt|[from] brn\n|faint|p2a: Hariyama\n|upkeep\n|\n|t:|1698791620\n|switch|p2a: Armarouge|Armarouge, M, shiny|100\/100\n|turn|6\n|\n|t:|1698791631\n|move|p2a: Armarouge|Endure|p2a: Armarouge\n|-singleturn|p2a: Armarouge|move: Endure\n|move|p1a: Red Ranger|Earth Power|p2a: Armarouge\n|-supereffective|p2a: Armarouge\n|-damage|p2a: Armarouge|37\/100\n|-enditem|p2a: Armarouge|Weakness Policy\n|-boost|p2a: Armarouge|atk|2|[from] item: Weakness Policy\n|-boost|p2a: Armarouge|spa|2|[from] item: Weakness Policy\n|\n|upkeep\n|turn|7\n|\n|t:|1698791642\n|move|p2a: Armarouge|Stored Power|p1a: Red Ranger\n|-resisted|p1a: Red Ranger\n|-damage|p1a: Red Ranger|40\/100\n|move|p1a: Red Ranger|Earth Power|p2a: Armarouge\n|-supereffective|p2a: Armarouge\n|-damage|p2a: Armarouge|0 fnt\n|faint|p2a: Armarouge\n|\n|upkeep\n|\n|t:|1698791654\n|switch|p2a: Combusken|Combusken, M|100\/100\n|turn|8\n|\n|t:|1698791659\n|move|p2a: Combusken|Swords Dance|p2a: Combusken\n|-boost|p2a: Combusken|atk|2\n|move|p1a: Red Ranger|Earth Power|p2a: Combusken\n|-supereffective|p2a: Combusken\n|-enditem|p2a: Combusken|Focus Sash\n|-damage|p2a: Combusken|1\/100\n|\n|-ability|p2a: Combusken|Speed Boost|boost\n|-boost|p2a: Combusken|spe|1\n|upkeep\n|turn|9\n|\n|t:|1698791671\n|move|p2a: Combusken|Endure|p2a: Combusken\n|-singleturn|p2a: Combusken|move: Endure\n|move|p1a: Red Ranger|Protect||[still]\n|-fail|p1a: Red Ranger\n|\n|-ability|p2a: Combusken|Speed Boost|boost\n|-boost|p2a: Combusken|spe|1\n|upkeep\n|turn|10\n|\n|t:|1698791679\n|move|p2a: Combusken|Reversal|p1a: Red Ranger\n|-supereffective|p1a: Red Ranger\n|-damage|p1a: Red Ranger|0 fnt\n|faint|p1a: Red Ranger\n|\n|-ability|p2a: Combusken|Speed Boost|boost\n|-boost|p2a: Combusken|spe|1\n|upkeep\n|\n|t:|1698791687\n|switch|p1a: Pink Ranger|Florges-White, F|100\/100\n|turn|11\n|\n|t:|1698791693\n|move|p2a: Combusken|Reversal|p1a: Pink Ranger\n|-resisted|p1a: Pink Ranger\n|-damage|p1a: Pink Ranger|0 fnt\n|faint|p1a: Pink Ranger\n|\n|-ability|p2a: Combusken|Speed Boost|boost\n|-boost|p2a: Combusken|spe|1\n|upkeep\n|\n|t:|1698791701\n|switch|p1a: Yellow Ranger|Dragonite, F|100\/100\n|turn|12\n|\n|t:|1698791708\n|move|p2a: Combusken|Endure|p2a: Combusken\n|-singleturn|p2a: Combusken|move: Endure\n|move|p1a: Yellow Ranger|Dragon Dance|p1a: Yellow Ranger\n|-boost|p1a: Yellow Ranger|atk|1\n|-boost|p1a: Yellow Ranger|spe|1\n|\n|-ability|p2a: Combusken|Speed Boost|boost\n|-boost|p2a: Combusken|spe|1\n|upkeep\n|turn|13\n|\n|t:|1698791717\n|move|p2a: Combusken|Reversal|p1a: Yellow Ranger\n|-resisted|p1a: Yellow Ranger\n|-damage|p1a: Yellow Ranger|52\/100\n|move|p1a: Yellow Ranger|Earthquake|p2a: Combusken\n|-supereffective|p2a: Combusken\n|-damage|p2a: Combusken|0 fnt\n|faint|p2a: Combusken\n|\n|upkeep\n|\n|t:|1698791730\n|switch|p2a: Smeargle|Smeargle, M, shiny|100\/100\n|turn|14\n|\n|t:|1698791739\n|move|p2a: Smeargle|Endure|p2a: Smeargle\n|-singleturn|p2a: Smeargle|move: Endure\n|move|p1a: Yellow Ranger|Earthquake|p2a: Smeargle\n|-activate|p2a: Smeargle|move: Endure\n|-damage|p2a: Smeargle|1\/100\n|\n|upkeep\n|turn|15\n|-enditem|p2a: Smeargle|Custap Berry|[eat]\n|-activate|p2a: Smeargle|item: Custap Berry|[consumed]\n|\n|t:|1698791747\n|move|p2a: Smeargle|Spore|p1a: Yellow Ranger\n|-status|p1a: Yellow Ranger|slp|[from] move: Spore\n|cant|p1a: Yellow Ranger|slp\n|\n|upkeep\n|turn|16\n|\n|t:|1698791757\n|-curestatus|p1a: Yellow Ranger|slp|[msg]\n|move|p1a: Yellow Ranger|Dragon Dance|p1a: Yellow Ranger\n|-boost|p1a: Yellow Ranger|atk|1\n|-boost|p1a: Yellow Ranger|spe|1\n|move|p2a: Smeargle|Transform|p1a: Yellow Ranger\n|-transform|p2a: Smeargle|p1a: Yellow Ranger\n|\n|upkeep\n|turn|17\n|\n|t:|1698791769\n|move|p1a: Yellow Ranger|Earthquake|p2a: Smeargle\n|-immune|p2a: Smeargle\n|move|p2a: Smeargle|Ice Punch|p1a: Yellow Ranger\n|-supereffective|p1a: Yellow Ranger\n|-damage|p1a: Yellow Ranger|0 fnt\n|faint|p1a: Yellow Ranger\n|\n|upkeep\n|\n|t:|1698791777\n|switch|p1a: Orange Ranger|Landorus, M|100\/100\n|turn|18\n|\n|t:|1698791783\n|move|p2a: Smeargle|Ice Punch|p1a: Orange Ranger\n|-supereffective|p1a: Orange Ranger\n|-damage|p1a: Orange Ranger|0 fnt\n|faint|p1a: Orange Ranger\n|\n|win|Lightbleed\n|raw|von1233's rating: 1067 &rarr; <strong>1055<\/strong><br \/>(-12 for losing)\n|raw|Lightbleed's rating: 1219 &rarr; <strong>1234<\/strong><br \/>(+15 for winning)\n|l|\u2606von1233\n","uploadtime":1698791794,"views":15,"p1id":"von1233","p2id":"lightbleed","formatid":"gen9nationaldexubers","rating":1055,"private":0,"password":""}