{"id":"gen9nationaldexubers-1987449582","p1":"Zanty-Chan","p2":"Davarv","format":"[Gen 9] National Dex Ubers","log":"|j|\u2606Zanty-Chan\n|j|\u2606Davarv\n|t:|1699593298\n|gametype|singles\n|player|p1|Zanty-Chan|red|\n|player|p2|Davarv|giovanni|\n|teamsize|p1|6\n|teamsize|p2|6\n|gen|9\n|tier|[Gen 9] National Dex Ubers\n|rule|HP Percentage Mod: HP is shown in percentages\n|rule|Endless Battle Clause: Forcing endless battles is banned\n|rule|OHKO Clause: OHKO moves are banned\n|rule|Evasion Moves Clause: Evasion moves are banned\n|rule|Evasion Items Clause: Evasion items are banned\n|rule|Species Clause: Limit one of each Pok\u00e9mon\n|rule|Sleep Clause Mod: Limit one foe put to sleep\n|rule|Mega Rayquaza Clause: You cannot mega evolve Rayquaza\n|clearpoke\n|poke|p1|Chansey, F|\n|poke|p1|Dondozo, F|\n|poke|p1|Porygon-Z|\n|poke|p1|Chandelure, F|\n|poke|p1|Blastoise, F|\n|poke|p1|Scizor, F|\n|poke|p2|Pinsir, F|\n|poke|p2|Kommo-o, M|\n|poke|p2|Heracross, M|\n|poke|p2|Forretress, M|\n|poke|p2|Volcarona, M|\n|poke|p2|Araquanid, M|\n|teampreview\n|inactive|Battle timer is ON: inactive players will automatically lose when time's up. (requested by Zanty-Chan)\n|inactive|Zanty-Chan has 270 seconds left.\n|c|\u2606Davarv|Quita el timer que capaz se te cae la net y vuelves a perder XD\n|\n|t:|1699593333\n|start\n|switch|p1a: Porygon-Z|Porygon-Z|100\/100\n|switch|p2a: Araquanid|Araquanid, M, shiny|100\/100\n|turn|1\n|\n|t:|1699593344\n|switch|p2a: Kommo-o|Kommo-o, M|100\/100\n|-zpower|p1a: Porygon-Z\n|move|p1a: Porygon-Z|Z-Conversion|p1a: Porygon-Z|[anim]Conversion\n|-boost|p1a: Porygon-Z|atk|1|[zeffect]\n|-boost|p1a: Porygon-Z|def|1|[zeffect]\n|-boost|p1a: Porygon-Z|spa|1|[zeffect]\n|-boost|p1a: Porygon-Z|spd|1|[zeffect]\n|-boost|p1a: Porygon-Z|spe|1|[zeffect]\n|-start|p1a: Porygon-Z|typechange|Ghost\n|\n|upkeep\n|turn|2\n|\n|t:|1699593351\n|-terastallize|p2a: Kommo-o|Bug\n|move|p1a: Porygon-Z|Ice Beam|p2a: Kommo-o\n|-damage|p2a: Kommo-o|48\/100\n|move|p2a: Kommo-o|Dragon Dance|p2a: Kommo-o\n|-boost|p2a: Kommo-o|atk|1\n|-boost|p2a: Kommo-o|spe|1\n|\n|-heal|p2a: Kommo-o|54\/100|[from] item: Leftovers\n|upkeep\n|turn|3\n|\n|t:|1699593367\n|move|p1a: Porygon-Z|Shadow Ball|p2a: Kommo-o\n|-immune|p2a: Kommo-o|[from] ability: Bulletproof\n|move|p2a: Kommo-o|Dragon Dance|p2a: Kommo-o\n|-boost|p2a: Kommo-o|atk|1\n|-boost|p2a: Kommo-o|spe|1\n|\n|-heal|p2a: Kommo-o|60\/100|[from] item: Leftovers\n|upkeep\n|turn|4\n|\n|t:|1699593375\n|move|p2a: Kommo-o|Rock Slide|p1a: Porygon-Z\n|-damage|p1a: Porygon-Z|51\/100\n|move|p1a: Porygon-Z|Ice Beam|p2a: Kommo-o\n|-damage|p2a: Kommo-o|4\/100\n|\n|-heal|p2a: Kommo-o|10\/100|[from] item: Leftovers\n|upkeep\n|turn|5\n|\n|t:|1699593386\n|move|p2a: Kommo-o|Earthquake|p1a: Porygon-Z\n|-damage|p1a: Porygon-Z|0 fnt\n|faint|p1a: Porygon-Z\n|\n|-heal|p2a: Kommo-o|16\/100|[from] item: Leftovers\n|upkeep\n|\n|t:|1699593395\n|switch|p1a: Dondozo|Dondozo, F|100\/100\n|turn|6\n|\n|t:|1699593400\n|move|p2a: Kommo-o|Drain Punch|p1a: Dondozo\n|-damage|p1a: Dondozo|83\/100\n|-heal|p2a: Kommo-o|31\/100|[from] drain|[of] p1a: Dondozo\n|move|p1a: Dondozo|Rock Slide|p2a: Kommo-o\n|-supereffective|p2a: Kommo-o\n|-damage|p2a: Kommo-o|0 fnt\n|faint|p2a: Kommo-o\n|\n|-heal|p1a: Dondozo|89\/100|[from] item: Leftovers\n|upkeep\n|\n|t:|1699593412\n|switch|p2a: Forretress|Forretress, M, shiny|100\/100\n|turn|7\n|\n|t:|1699593432\n|move|p2a: Forretress|Toxic|p1a: Dondozo\n|-status|p1a: Dondozo|tox\n|move|p1a: Dondozo|Liquidation|p2a: Forretress\n|-damage|p2a: Forretress|84\/100\n|\n|-heal|p2a: Forretress|90\/100|[from] item: Leftovers\n|-heal|p1a: Dondozo|96\/100 tox|[from] item: Leftovers\n|-damage|p1a: Dondozo|89\/100 tox|[from] psn\n|upkeep\n|turn|8\n|\n|t:|1699593441\n|switch|p1a: Chansey|Chansey, F|100\/100\n|move|p2a: Forretress|Stealth Rock|p1a: Chansey\n|-sidestart|p1: Zanty-Chan|move: Stealth Rock\n|\n|-heal|p2a: Forretress|97\/100|[from] item: Leftovers\n|upkeep\n|turn|9\n|\n|t:|1699593447\n|move|p1a: Chansey|Seismic Toss|p2a: Forretress\n|-damage|p2a: Forretress|68\/100\n|move|p2a: Forretress|Toxic|p1a: Chansey\n|-status|p1a: Chansey|tox\n|\n|-heal|p2a: Forretress|75\/100|[from] item: Leftovers\n|-damage|p1a: Chansey|94\/100 tox|[from] psn\n|upkeep\n|turn|10\n|\n|t:|1699593453\n|move|p1a: Chansey|Stealth Rock|p2a: Forretress\n|-sidestart|p2: Davarv|move: Stealth Rock\n|move|p2a: Forretress|Spikes|p1a: Chansey\n|-sidestart|p1: Zanty-Chan|Spikes\n|\n|-heal|p2a: Forretress|81\/100|[from] item: Leftovers\n|-damage|p1a: Chansey|82\/100 tox|[from] psn\n|upkeep\n|turn|11\n|\n|t:|1699593460\n|-curestatus|p1a: Chansey|tox|[from] ability: Natural Cure\n|switch|p1a: Scizor|Scizor, F|100\/100\n|-damage|p1a: Scizor|88\/100|[from] Stealth Rock\n|-damage|p1a: Scizor|76\/100|[from] Spikes\n|move|p2a: Forretress|Rapid Spin|p1a: Scizor\n|-resisted|p1a: Scizor\n|-damage|p1a: Scizor|70\/100\n|-boost|p2a: Forretress|spe|1\n|-sideend|p2: Davarv|Stealth Rock|[from] move: Rapid Spin|[of] p2a: Forretress\n|\n|-heal|p2a: Forretress|87\/100|[from] item: Leftovers\n|upkeep\n|turn|12\n|\n|t:|1699593470\n|switch|p2a: Volcarona|Volcarona, M, shiny|100\/100\n|move|p1a: Scizor|Dual Wingbeat|p2a: Volcarona\n|-supereffective|p2a: Volcarona\n|-damage|p2a: Volcarona|18\/100\n|-supereffective|p2a: Volcarona\n|-damage|p2a: Volcarona|0 fnt\n|-status|p1a: Scizor|brn|[from] ability: Flame Body|[of] p2a: Volcarona\n|faint|p2a: Volcarona\n|-hitcount|p2: Volcarona|2\n|-damage|p1a: Scizor|60\/100 brn|[from] item: Life Orb\n|\n|-damage|p1a: Scizor|54\/100 brn|[from] brn\n|upkeep\n|\n|t:|1699593480\n|switch|p2a: Araquanid|Araquanid, M, shiny|100\/100\n|turn|13\n|\n|t:|1699593486\n|move|p1a: Scizor|U-turn|p2a: Araquanid\n|-damage|p2a: Araquanid|74\/100\n|-damage|p1a: Scizor|44\/100 brn|[from] item: Life Orb\n|\n|t:|1699593488\n|switch|p1a: Dondozo|Dondozo, F|89\/100 tox|[from] U-turn\n|-damage|p1a: Dondozo|77\/100 tox|[from] Stealth Rock\n|-damage|p1a: Dondozo|64\/100 tox|[from] Spikes\n|move|p2a: Araquanid|Liquidation|p1a: Dondozo\n|-resisted|p1a: Dondozo\n|-damage|p1a: Dondozo|39\/100 tox\n|\n|-heal|p1a: Dondozo|45\/100 tox|[from] item: Leftovers\n|-damage|p1a: Dondozo|39\/100 tox|[from] psn\n|upkeep\n|turn|14\n|\n|t:|1699593494\n|move|p2a: Araquanid|Liquidation|p1a: Dondozo\n|-resisted|p1a: Dondozo\n|-damage|p1a: Dondozo|14\/100 tox\n|move|p1a: Dondozo|Rest|p1a: Dondozo\n|-status|p1a: Dondozo|slp|[from] move: Rest\n|-heal|p1a: Dondozo|100\/100 slp|[silent]\n|\n|upkeep\n|turn|15\n|\n|t:|1699593503\n|move|p2a: Araquanid|Liquidation|p1a: Dondozo\n|-resisted|p1a: Dondozo\n|-damage|p1a: Dondozo|77\/100 slp\n|cant|p1a: Dondozo|slp\n|\n|-heal|p1a: Dondozo|83\/100 slp|[from] item: Leftovers\n|upkeep\n|turn|16\n|\n|t:|1699593506\n|move|p2a: Araquanid|Liquidation|p1a: Dondozo\n|-resisted|p1a: Dondozo\n|-damage|p1a: Dondozo|61\/100 slp\n|cant|p1a: Dondozo|slp\n|\n|-heal|p1a: Dondozo|68\/100 slp|[from] item: Leftovers\n|upkeep\n|turn|17\n|\n|t:|1699593511\n|switch|p2a: Forretress|Forretress, M, shiny|87\/100\n|-curestatus|p1a: Dondozo|slp|[msg]\n|move|p1a: Dondozo|Curse|p1a: Dondozo\n|-unboost|p1a: Dondozo|spe|1\n|-boost|p1a: Dondozo|atk|1\n|-boost|p1a: Dondozo|def|1\n|\n|-heal|p2a: Forretress|93\/100|[from] item: Leftovers\n|-heal|p1a: Dondozo|74\/100|[from] item: Leftovers\n|upkeep\n|turn|18\n|\n|t:|1699593520\n|move|p2a: Forretress|Toxic|p1a: Dondozo\n|-status|p1a: Dondozo|tox\n|move|p1a: Dondozo|Liquidation|p2a: Forretress\n|-damage|p2a: Forretress|65\/100\n|-unboost|p2a: Forretress|def|1\n|\n|-heal|p2a: Forretress|71\/100|[from] item: Leftovers\n|-heal|p1a: Dondozo|80\/100 tox|[from] item: Leftovers\n|-damage|p1a: Dondozo|74\/100 tox|[from] psn\n|upkeep\n|turn|19\n|\n|t:|1699593525\n|move|p2a: Forretress|Spikes|p1a: Dondozo\n|-sidestart|p1: Zanty-Chan|Spikes\n|move|p1a: Dondozo|Liquidation|p2a: Forretress\n|-damage|p2a: Forretress|42\/100\n|\n|-heal|p2a: Forretress|49\/100|[from] item: Leftovers\n|-heal|p1a: Dondozo|80\/100 tox|[from] item: Leftovers\n|-damage|p1a: Dondozo|68\/100 tox|[from] psn\n|upkeep\n|turn|20\n|\n|t:|1699593534\n|move|p2a: Forretress|Rapid Spin|p1a: Dondozo\n|-damage|p1a: Dondozo|65\/100 tox\n|-boost|p2a: Forretress|spe|1\n|move|p1a: Dondozo|Rest|p1a: Dondozo\n|-status|p1a: Dondozo|slp|[from] move: Rest\n|-heal|p1a: Dondozo|100\/100 slp|[silent]\n|\n|-heal|p2a: Forretress|55\/100|[from] item: Leftovers\n|upkeep\n|turn|21\n|\n|t:|1699593542\n|move|p2a: Forretress|Rapid Spin|p1a: Dondozo\n|-damage|p1a: Dondozo|97\/100 slp\n|-boost|p2a: Forretress|spe|1\n|cant|p1a: Dondozo|slp\n|\n|-heal|p2a: Forretress|61\/100|[from] item: Leftovers\n|-heal|p1a: Dondozo|100\/100 slp|[from] item: Leftovers\n|upkeep\n|turn|22\n|\n|t:|1699593546\n|move|p2a: Forretress|Rapid Spin|p1a: Dondozo\n|-damage|p1a: Dondozo|97\/100 slp\n|-boost|p2a: Forretress|spe|1\n|cant|p1a: Dondozo|slp\n|\n|-heal|p2a: Forretress|67\/100|[from] item: Leftovers\n|-heal|p1a: Dondozo|100\/100 slp|[from] item: Leftovers\n|upkeep\n|turn|23\n|\n|t:|1699593549\n|move|p2a: Forretress|Rapid Spin|p1a: Dondozo\n|-damage|p1a: Dondozo|97\/100 slp\n|-boost|p2a: Forretress|spe|1\n|-curestatus|p1a: Dondozo|slp|[msg]\n|move|p1a: Dondozo|Liquidation|p2a: Forretress\n|-damage|p2a: Forretress|38\/100\n|-unboost|p2a: Forretress|def|1\n|\n|-heal|p2a: Forretress|44\/100|[from] item: Leftovers\n|-heal|p1a: Dondozo|100\/100|[from] item: Leftovers\n|upkeep\n|turn|24\n|\n|t:|1699593558\n|move|p2a: Forretress|Toxic|p1a: Dondozo\n|-status|p1a: Dondozo|tox\n|move|p1a: Dondozo|Liquidation|p2a: Forretress\n|-damage|p2a: Forretress|15\/100\n|\n|-heal|p2a: Forretress|22\/100|[from] item: Leftovers\n|-damage|p1a: Dondozo|94\/100 tox|[from] psn\n|upkeep\n|turn|25\n|\n|t:|1699593565\n|move|p2a: Forretress|Rapid Spin|p1a: Dondozo\n|-damage|p1a: Dondozo|91\/100 tox\n|-boost|p2a: Forretress|spe|1\n|move|p1a: Dondozo|Liquidation|p2a: Forretress\n|-damage|p2a: Forretress|0 fnt\n|faint|p2a: Forretress\n|\n|-heal|p1a: Dondozo|98\/100 tox|[from] item: Leftovers\n|-damage|p1a: Dondozo|85\/100 tox|[from] psn\n|upkeep\n|\n|t:|1699593594\n|switch|p2a: Araquanid|Araquanid, M, shiny|74\/100\n|turn|26\n|\n|t:|1699593604\n|move|p2a: Araquanid|Lunge|p1a: Dondozo\n|-damage|p1a: Dondozo|70\/100 tox\n|-unboost|p1a: Dondozo|atk|1\n|move|p1a: Dondozo|Rock Slide|p2a: Araquanid\n|-supereffective|p2a: Araquanid\n|-damage|p2a: Araquanid|29\/100\n|\n|-heal|p1a: Dondozo|76\/100 tox|[from] item: Leftovers\n|-damage|p1a: Dondozo|58\/100 tox|[from] psn\n|upkeep\n|turn|27\n|\n|t:|1699593617\n|move|p2a: Araquanid|Lunge|p1a: Dondozo\n|-damage|p1a: Dondozo|43\/100 tox\n|-unboost|p1a: Dondozo|atk|1\n|move|p1a: Dondozo|Rock Slide|p2a: Araquanid|[miss]\n|-miss|p1a: Dondozo|p2a: Araquanid\n|\n|-heal|p1a: Dondozo|49\/100 tox|[from] item: Leftovers\n|-damage|p1a: Dondozo|24\/100 tox|[from] psn\n|upkeep\n|turn|28\n|\n|t:|1699593622\n|move|p2a: Araquanid|Lunge|p1a: Dondozo\n|-damage|p1a: Dondozo|10\/100 tox\n|-unboost|p1a: Dondozo|atk|1\n|move|p1a: Dondozo|Rest|p1a: Dondozo\n|-status|p1a: Dondozo|slp|[from] move: Rest\n|-heal|p1a: Dondozo|100\/100 slp|[silent]\n|\n|upkeep\n|turn|29\n|\n|t:|1699593627\n|move|p2a: Araquanid|Lunge|p1a: Dondozo\n|-damage|p1a: Dondozo|87\/100 slp\n|-unboost|p1a: Dondozo|atk|1\n|cant|p1a: Dondozo|slp\n|\n|-heal|p1a: Dondozo|93\/100 slp|[from] item: Leftovers\n|upkeep\n|turn|30\n|\n|t:|1699593630\n|move|p2a: Araquanid|Lunge|p1a: Dondozo\n|-damage|p1a: Dondozo|78\/100 slp\n|-unboost|p1a: Dondozo|atk|1\n|cant|p1a: Dondozo|slp\n|\n|-heal|p1a: Dondozo|84\/100 slp|[from] item: Leftovers\n|upkeep\n|turn|31\n|\n|t:|1699593636\n|move|p2a: Araquanid|Lunge|p1a: Dondozo\n|-damage|p1a: Dondozo|69\/100 slp\n|-unboost|p1a: Dondozo|atk|1\n|-curestatus|p1a: Dondozo|slp|[msg]\n|move|p1a: Dondozo|Curse|p1a: Dondozo\n|-unboost|p1a: Dondozo|spe|1\n|-boost|p1a: Dondozo|atk|1\n|-boost|p1a: Dondozo|def|1\n|\n|-heal|p1a: Dondozo|75\/100|[from] item: Leftovers\n|upkeep\n|turn|32\n|\n|t:|1699593639\n|move|p2a: Araquanid|Lunge|p1a: Dondozo\n|-damage|p1a: Dondozo|63\/100\n|-unboost|p1a: Dondozo|atk|1\n|move|p1a: Dondozo|Curse|p1a: Dondozo\n|-unboost|p1a: Dondozo|spe|1\n|-boost|p1a: Dondozo|atk|1\n|-boost|p1a: Dondozo|def|1\n|\n|-heal|p1a: Dondozo|69\/100|[from] item: Leftovers\n|upkeep\n|turn|33\n|\n|t:|1699593644\n|switch|p2a: Heracross|Heracross, M|100\/100\n|move|p1a: Dondozo|Rock Slide|p2a: Heracross\n|-damage|p2a: Heracross|92\/100\n|\n|-heal|p1a: Dondozo|76\/100|[from] item: Leftovers\n|upkeep\n|turn|34\n|\n|t:|1699593653\n|switch|p2a: Araquanid|Araquanid, M, shiny|29\/100\n|move|p1a: Dondozo|Curse|p1a: Dondozo\n|-unboost|p1a: Dondozo|spe|1\n|-boost|p1a: Dondozo|atk|1\n|-boost|p1a: Dondozo|def|1\n|\n|-heal|p1a: Dondozo|82\/100|[from] item: Leftovers\n|upkeep\n|turn|35\n|\n|t:|1699593659\n|move|p2a: Araquanid|Poison Jab|p1a: Dondozo\n|-damage|p1a: Dondozo|76\/100\n|move|p1a: Dondozo|Rock Slide|p2a: Araquanid\n|-supereffective|p2a: Araquanid\n|-damage|p2a: Araquanid|11\/100\n|\n|-heal|p1a: Dondozo|83\/100|[from] item: Leftovers\n|upkeep\n|turn|36\n|\n|t:|1699593665\n|move|p2a: Araquanid|Poison Jab|p1a: Dondozo\n|-damage|p1a: Dondozo|77\/100\n|move|p1a: Dondozo|Liquidation|p2a: Araquanid\n|-resisted|p2a: Araquanid\n|-damage|p2a: Araquanid|5\/100\n|\n|-heal|p1a: Dondozo|84\/100|[from] item: Leftovers\n|upkeep\n|turn|37\n|\n|t:|1699593668\n|move|p2a: Araquanid|Poison Jab|p1a: Dondozo\n|-damage|p1a: Dondozo|79\/100\n|move|p1a: Dondozo|Rock Slide|p2a: Araquanid\n|-supereffective|p2a: Araquanid\n|-damage|p2a: Araquanid|0 fnt\n|faint|p2a: Araquanid\n|\n|-heal|p1a: Dondozo|85\/100|[from] item: Leftovers\n|upkeep\n|\n|t:|1699593679\n|switch|p2a: Heracross|Heracross, M|92\/100\n|turn|38\n|\n|t:|1699593693\n|move|p2a: Heracross|Throat Chop|p1a: Dondozo\n|-damage|p1a: Dondozo|80\/100\n|-start|p1a: Dondozo|Throat Chop|[silent]\n|move|p1a: Dondozo|Curse|p1a: Dondozo\n|-unboost|p1a: Dondozo|spe|1\n|-boost|p1a: Dondozo|atk|1\n|-boost|p1a: Dondozo|def|1\n|\n|-heal|p1a: Dondozo|86\/100|[from] item: Leftovers\n|upkeep\n|turn|39\n|\n|t:|1699593700\n|move|p2a: Heracross|Throat Chop|p1a: Dondozo\n|-damage|p1a: Dondozo|83\/100\n|move|p1a: Dondozo|Curse|p1a: Dondozo\n|-unboost|p1a: Dondozo|spe|1\n|-boost|p1a: Dondozo|atk|1\n|-boost|p1a: Dondozo|def|1\n|\n|-heal|p1a: Dondozo|89\/100|[from] item: Leftovers\n|-end|p1a: Dondozo|Throat Chop|[silent]\n|upkeep\n|turn|40\n|\n|t:|1699593705\n|move|p2a: Heracross|Throat Chop|p1a: Dondozo\n|-damage|p1a: Dondozo|86\/100\n|-start|p1a: Dondozo|Throat Chop|[silent]\n|move|p1a: Dondozo|Curse|p1a: Dondozo\n|-boost|p1a: Dondozo|atk|1\n|\n|-heal|p1a: Dondozo|92\/100|[from] item: Leftovers\n|upkeep\n|turn|41\n|\n|t:|1699593707\n|move|p2a: Heracross|Throat Chop|p1a: Dondozo\n|-damage|p1a: Dondozo|88\/100\n|move|p1a: Dondozo|Curse|p1a: Dondozo\n|-boost|p1a: Dondozo|atk|1\n|\n|-heal|p1a: Dondozo|94\/100|[from] item: Leftovers\n|-end|p1a: Dondozo|Throat Chop|[silent]\n|upkeep\n|turn|42\n|\n|t:|1699593710\n|move|p2a: Heracross|Throat Chop|p1a: Dondozo\n|-damage|p1a: Dondozo|91\/100\n|-start|p1a: Dondozo|Throat Chop|[silent]\n|move|p1a: Dondozo|Curse|p1a: Dondozo\n|-boost|p1a: Dondozo|atk|1\n|\n|-heal|p1a: Dondozo|97\/100|[from] item: Leftovers\n|upkeep\n|turn|43\n|\n|t:|1699593713\n|move|p2a: Heracross|Throat Chop|p1a: Dondozo\n|-damage|p1a: Dondozo|94\/100\n|move|p1a: Dondozo|Curse|p1a: Dondozo\n|-boost|p1a: Dondozo|atk|1\n|\n|-heal|p1a: Dondozo|99\/100|[from] item: Leftovers\n|-end|p1a: Dondozo|Throat Chop|[silent]\n|upkeep\n|turn|44\n|\n|t:|1699593715\n|move|p2a: Heracross|Throat Chop|p1a: Dondozo\n|-damage|p1a: Dondozo|96\/100\n|-start|p1a: Dondozo|Throat Chop|[silent]\n|move|p1a: Dondozo|Curse|p1a: Dondozo\n|-boost|p1a: Dondozo|atk|1\n|\n|-heal|p1a: Dondozo|100\/100|[from] item: Leftovers\n|upkeep\n|turn|45\n|\n|t:|1699593718\n|move|p2a: Heracross|Throat Chop|p1a: Dondozo\n|-damage|p1a: Dondozo|97\/100\n|move|p1a: Dondozo|Curse|p1a: Dondozo\n|-boost|p1a: Dondozo|atk|1\n|\n|-heal|p1a: Dondozo|100\/100|[from] item: Leftovers\n|-end|p1a: Dondozo|Throat Chop|[silent]\n|upkeep\n|turn|46\n|\n|t:|1699593720\n|move|p2a: Heracross|Throat Chop|p1a: Dondozo\n|-damage|p1a: Dondozo|97\/100\n|-start|p1a: Dondozo|Throat Chop|[silent]\n|move|p1a: Dondozo|Curse|p1a: Dondozo\n|-boost|p1a: Dondozo|atk|1\n|\n|-heal|p1a: Dondozo|100\/100|[from] item: Leftovers\n|upkeep\n|turn|47\n|\n|t:|1699593723\n|move|p2a: Heracross|Throat Chop|p1a: Dondozo\n|-damage|p1a: Dondozo|97\/100\n|move|p1a: Dondozo|Liquidation|p2a: Heracross\n|-damage|p2a: Heracross|0 fnt\n|faint|p2a: Heracross\n|\n|-heal|p1a: Dondozo|100\/100|[from] item: Leftovers\n|-end|p1a: Dondozo|Throat Chop|[silent]\n|upkeep\n|\n|t:|1699593725\n|switch|p2a: Pinsir|Pinsir, F, shiny|100\/100\n|turn|48\n|\n|t:|1699593731\n|detailschange|p2a: Pinsir|Pinsir-Mega, F, shiny\n|-mega|p2a: Pinsir|Pinsir|Pinsirite\n|move|p2a: Pinsir|Frustration|p1a: Dondozo\n|-damage|p1a: Dondozo|92\/100\n|move|p1a: Dondozo|Rock Slide|p2a: Pinsir\n|-supereffective|p2a: Pinsir\n|-damage|p2a: Pinsir|0 fnt\n|faint|p2a: Pinsir\n|\n|win|Zanty-Chan\n|c|\u2606Davarv|GG\n","uploadtime":1699593744,"views":7,"p1id":"zantychan","p2id":"davarv","formatid":"gen9nationaldexubers","rating":0,"private":0,"password":""}