{"id":"gen9nationaldexubers-1984160833","p1":"C0ld as Ice","p2":"BlackStar150520","format":"[Gen 9] National Dex Ubers","log":"|j|\u2606C0ld as Ice\n|j|\u2606BlackStar150520\n|t:|1699225059\n|gametype|singles\n|player|p1|C0ld as Ice|schoolkid-gen4dp|1537\n|player|p2|BlackStar150520|unknown|1815\n|teamsize|p1|6\n|teamsize|p2|6\n|gen|9\n|tier|[Gen 9] National Dex Ubers\n|rated|\n|rule|HP Percentage Mod: HP is shown in percentages\n|rule|Endless Battle Clause: Forcing endless battles is banned\n|rule|OHKO Clause: OHKO moves are banned\n|rule|Evasion Moves Clause: Evasion moves are banned\n|rule|Evasion Items Clause: Evasion items are banned\n|rule|Species Clause: Limit one of each Pok\u00e9mon\n|rule|Sleep Clause Mod: Limit one foe put to sleep\n|rule|Mega Rayquaza Clause: You cannot mega evolve Rayquaza\n|clearpoke\n|poke|p1|Arceus-Water|\n|poke|p1|Necrozma-Dusk-Mane|\n|poke|p1|Zygarde|\n|poke|p1|Groudon, L99|\n|poke|p1|Marshadow|\n|poke|p1|Yveltal|\n|poke|p2|Mewtwo|\n|poke|p2|Ditto|\n|poke|p2|Magearna|\n|poke|p2|Kingambit, M|\n|poke|p2|Arceus-Water|\n|poke|p2|Groudon|\n|teampreview\n|inactive|Battle timer is ON: inactive players will automatically lose when time's up. (requested by C0ld as Ice)\n|inactive|BlackStar150520 also wants the timer to be on.\n|inactive|C0ld as Ice has 120 seconds left.\n|inactive|C0ld as Ice has 90 seconds left.\n|inactive|C0ld as Ice has 60 seconds left.\n|inactive|C0ld as Ice has 30 seconds left.\n|inactive|C0ld as Ice has 20 seconds left.\n|inactive|C0ld as Ice has 15 seconds left.\n|\n|t:|1699225199\n|start\n|switch|p1a: Arceus|Arceus-Water, shiny|100\/100\n|switch|p2a: Arceus|Arceus-Water|100\/100\n|turn|1\n|\n|t:|1699225226\n|move|p2a: Arceus|Taunt|p1a: Arceus\n|-start|p1a: Arceus|move: Taunt\n|cant|p1a: Arceus|move: Taunt|Taunt\n|\n|upkeep\n|turn|2\n|\n|t:|1699225230\n|switch|p1a: Necrozma|Necrozma-Dusk-Mane, shiny|100\/100\n|move|p2a: Arceus|Toxic|p1a: Necrozma\n|-immune|p1a: Necrozma\n|\n|upkeep\n|turn|3\n|\n|t:|1699225241\n|switch|p1a: Marshadow|Marshadow|100\/100\n|move|p2a: Arceus|Taunt|p1a: Marshadow\n|-start|p1a: Marshadow|move: Taunt\n|\n|upkeep\n|turn|4\n|\n|t:|1699225253\n|move|p1a: Marshadow|Poltergeist|p2a: Arceus\n|-activate|p2a: Arceus|move: Poltergeist|Splash Plate\n|-damage|p2a: Arceus|50\/100\n|move|p2a: Arceus|Judgment|p1a: Marshadow\n|-damage|p1a: Marshadow|45\/100\n|\n|upkeep\n|turn|5\n|\n|t:|1699225263\n|switch|p2a: Kingambit|Kingambit, M|100\/100\n|-terastallize|p1a: Marshadow|Ghost\n|move|p1a: Marshadow|Poltergeist|p2a: Kingambit\n|-activate|p2a: Kingambit|move: Poltergeist|Black Glasses\n|-resisted|p2a: Kingambit\n|-damage|p2a: Kingambit|59\/100\n|\n|-end|p1a: Marshadow|move: Taunt\n|upkeep\n|turn|6\n|\n|t:|1699225269\n|switch|p1a: Arceus|Arceus-Water, shiny|100\/100\n|-end|p2a: Kingambit|fallenundefined|[silent]\n|switch|p2a: Groudon|Groudon|100\/100\n|detailschange|p2a: Groudon|Groudon-Primal\n|-primal|p2a: Groudon|Red Orb\n|-weather|DesolateLand|[from] ability: Desolate Land|[of] p2a: Groudon\n|\n|-weather|DesolateLand|[upkeep]\n|upkeep\n|turn|7\n|\n|t:|1699225274\n|move|p1a: Arceus|Taunt|p2a: Groudon\n|-start|p2a: Groudon|move: Taunt\n|cant|p2a: Groudon|move: Taunt|Stealth Rock\n|\n|-weather|DesolateLand|[upkeep]\n|upkeep\n|turn|8\n|\n|t:|1699225280\n|-weather|none\n|switch|p2a: Arceus|Arceus-Water|50\/100\n|move|p1a: Arceus|Toxic|p2a: Arceus\n|-status|p2a: Arceus|tox\n|\n|-damage|p2a: Arceus|44\/100 tox|[from] psn\n|upkeep\n|turn|9\n|\n|t:|1699225286\n|switch|p1a: Necrozma|Necrozma-Dusk-Mane, shiny|100\/100\n|move|p2a: Arceus|Recover|p2a: Arceus\n|-heal|p2a: Arceus|94\/100 tox\n|\n|-damage|p2a: Arceus|82\/100 tox|[from] psn\n|upkeep\n|turn|10\n|\n|t:|1699225289\n|move|p2a: Arceus|Taunt|p1a: Necrozma\n|-start|p1a: Necrozma|move: Taunt\n|cant|p1a: Necrozma|move: Taunt|Dragon Dance\n|\n|-damage|p2a: Arceus|63\/100 tox|[from] psn\n|upkeep\n|turn|11\n|\n|t:|1699225293\n|switch|p2a: Groudon|Groudon-Primal|100\/100\n|-weather|DesolateLand|[from] ability: Desolate Land|[of] p2a: Groudon\n|switch|p1a: Groudon|Groudon, L99, shiny|100\/100\n|detailschange|p1a: Groudon|Groudon-Primal, L99, shiny\n|-primal|p1a: Groudon|Red Orb\n|\n|-weather|DesolateLand|[upkeep]\n|upkeep\n|turn|12\n|\n|t:|1699225299\n|switch|p1a: Zygarde|Zygarde|100\/100\n|move|p2a: Groudon|Earthquake|p1a: Zygarde\n|-damage|p1a: Zygarde|67\/100\n|\n|-weather|DesolateLand|[upkeep]\n|-heal|p1a: Zygarde|74\/100|[from] item: Leftovers\n|upkeep\n|turn|13\n|\n|t:|1699225304\n|move|p2a: Groudon|Stealth Rock|p1a: Zygarde\n|-sidestart|p1: C0ld as Ice|move: Stealth Rock\n|move|p1a: Zygarde|Glare|p2a: Groudon\n|-status|p2a: Groudon|par\n|\n|-weather|DesolateLand|[upkeep]\n|-heal|p1a: Zygarde|80\/100|[from] item: Leftovers\n|upkeep\n|turn|14\n|\n|t:|1699225310\n|-weather|none\n|switch|p2a: Mewtwo|Mewtwo|100\/100\n|-ability|p2a: Mewtwo|Pressure\n|move|p1a: Zygarde|Thousand Arrows|p2a: Mewtwo\n|-damage|p2a: Mewtwo|66\/100\n|\n|-heal|p1a: Zygarde|86\/100|[from] item: Leftovers\n|upkeep\n|turn|15\n|\n|t:|1699225319\n|switch|p1a: Necrozma|Necrozma-Dusk-Mane, shiny|100\/100\n|-damage|p1a: Necrozma|94\/100|[from] Stealth Rock\n|move|p2a: Mewtwo|Ice Beam|p1a: Necrozma\n|-resisted|p1a: Necrozma\n|-damage|p1a: Necrozma|85\/100\n|\n|upkeep\n|turn|16\n|\n|t:|1699225338\n|detailschange|p2a: Mewtwo|Mewtwo-Mega-X\n|-mega|p2a: Mewtwo|Mewtwo|Mewtwonite X\n|move|p2a: Mewtwo|Low Kick|p1a: Necrozma\n|-damage|p1a: Necrozma|29\/100\n|move|p1a: Necrozma|Sunsteel Strike|p2a: Mewtwo\n|-damage|p2a: Mewtwo|17\/100\n|\n|upkeep\n|turn|17\n|\n|t:|1699225350\n|switch|p1a: Yveltal|Yveltal, shiny|100\/100\n|-ability|p1a: Yveltal|Dark Aura\n|move|p2a: Mewtwo|Knock Off|p1a: Yveltal\n|-resisted|p1a: Yveltal\n|-damage|p1a: Yveltal|81\/100\n|-enditem|p1a: Yveltal|Heavy-Duty Boots|[from] move: Knock Off|[of] p2a: Mewtwo\n|\n|upkeep\n|turn|18\n|\n|t:|1699225356\n|move|p2a: Mewtwo|Low Kick|p1a: Yveltal\n|-damage|p1a: Yveltal|28\/100\n|move|p1a: Yveltal|Foul Play|p2a: Mewtwo\n|-damage|p2a: Mewtwo|0 fnt\n|faint|p2a: Mewtwo\n|\n|upkeep\n|\n|t:|1699225370\n|switch|p2a: Arceus|Arceus-Water|63\/100 tox\n|turn|19\n|\n|t:|1699225379\n|move|p2a: Arceus|Judgment|p1a: Yveltal\n|-damage|p1a: Yveltal|0 fnt\n|faint|p1a: Yveltal\n|\n|-damage|p2a: Arceus|57\/100 tox|[from] psn\n|upkeep\n|\n|t:|1699225381\n|switch|p1a: Marshadow|Marshadow, tera:Ghost|45\/100\n|-damage|p1a: Marshadow|33\/100|[from] Stealth Rock\n|turn|20\n|\n|t:|1699225389\n|switch|p2a: Kingambit|Kingambit, M|59\/100\n|-activate|p2a: Kingambit|ability: Supreme Overlord\n|-start|p2a: Kingambit|fallen1|[silent]\n|move|p1a: Marshadow|Poltergeist|p2a: Kingambit|[miss]\n|-miss|p1a: Marshadow|p2a: Kingambit\n|\n|upkeep\n|turn|21\n|\n|t:|1699225400\n|switch|p1a: Arceus|Arceus-Water, shiny|100\/100\n|-damage|p1a: Arceus|88\/100|[from] Stealth Rock\n|move|p2a: Kingambit|Knock Off|p1a: Arceus\n|-damage|p1a: Arceus|55\/100\n|\n|upkeep\n|turn|22\n|\n|t:|1699225407\n|-end|p2a: Kingambit|fallen1|[silent]\n|switch|p2a: Magearna|Magearna|100\/100\n|move|p1a: Arceus|Recover|p1a: Arceus\n|-heal|p1a: Arceus|100\/100\n|\n|upkeep\n|turn|23\n|\n|t:|1699225410\n|move|p1a: Arceus|Taunt|p2a: Magearna\n|-start|p2a: Magearna|move: Taunt\n|move|p2a: Magearna|Fleur Cannon|p1a: Arceus\n|-damage|p1a: Arceus|59\/100\n|-unboost|p2a: Magearna|spa|2\n|\n|upkeep\n|turn|24\n|\n|t:|1699225414\n|switch|p2a: Groudon|Groudon-Primal|100\/100 par\n|-weather|DesolateLand|[from] ability: Desolate Land|[of] p2a: Groudon\n|move|p1a: Arceus|Recover|p1a: Arceus\n|-heal|p1a: Arceus|100\/100\n|\n|-weather|DesolateLand|[upkeep]\n|upkeep\n|turn|25\n|\n|t:|1699225417\n|switch|p1a: Zygarde|Zygarde|86\/100\n|-damage|p1a: Zygarde|80\/100|[from] Stealth Rock\n|-weather|none\n|switch|p2a: Magearna|Magearna|100\/100\n|\n|-heal|p1a: Zygarde|86\/100|[from] item: Leftovers\n|upkeep\n|turn|26\n|\n|t:|1699225421\n|switch|p1a: Necrozma|Necrozma-Dusk-Mane, shiny|29\/100\n|-damage|p1a: Necrozma|23\/100|[from] Stealth Rock\n|move|p2a: Magearna|Heal Bell|p2a: Magearna\n|-activate|p2a: Magearna|move: Heal Bell\n|-curestatus|p2: Groudon|par|[msg]\n|-curestatus|p2: Arceus|tox|[msg]\n|\n|upkeep\n|turn|27\n|\n|t:|1699225424\n|switch|p2a: Groudon|Groudon-Primal|100\/100\n|-weather|DesolateLand|[from] ability: Desolate Land|[of] p2a: Groudon\n|move|p1a: Necrozma|Moonlight|p1a: Necrozma\n|-heal|p1a: Necrozma|90\/100\n|\n|-weather|DesolateLand|[upkeep]\n|upkeep\n|turn|28\n|\n|t:|1699225427\n|switch|p1a: Zygarde|Zygarde|86\/100\n|-damage|p1a: Zygarde|80\/100|[from] Stealth Rock\n|move|p2a: Groudon|Eruption|p1a: Zygarde\n|-resisted|p1a: Zygarde\n|-damage|p1a: Zygarde|30\/100\n|\n|-weather|DesolateLand|[upkeep]\n|-heal|p1a: Zygarde|36\/100|[from] item: Leftovers\n|-activate|p1a: Zygarde|ability: Power Construct\n|detailschange|p1a: Zygarde|Zygarde-Complete\n|-heal|p1a: Zygarde|58\/100|[silent]\n|upkeep\n|turn|29\n|\n|t:|1699225433\n|-weather|none\n|switch|p2a: Magearna|Magearna|100\/100\n|move|p1a: Zygarde|Glare|p2a: Magearna\n|-status|p2a: Magearna|par\n|\n|-heal|p1a: Zygarde|65\/100|[from] item: Leftovers\n|upkeep\n|turn|30\n|\n|t:|1699225439\n|move|p1a: Zygarde|Glare|p2a: Magearna\n|-fail|p2a: Magearna|par\n|move|p2a: Magearna|Fleur Cannon|p1a: Zygarde\n|-supereffective|p1a: Zygarde\n|-damage|p1a: Zygarde|0 fnt\n|-unboost|p2a: Magearna|spa|2\n|faint|p1a: Zygarde\n|-ability|p2a: Magearna|Soul-Heart|boost\n|-boost|p2a: Magearna|spa|1\n|\n|upkeep\n|\n|t:|1699225441\n|switch|p1a: Groudon|Groudon-Primal, L99, shiny|100\/100\n|-damage|p1a: Groudon|88\/100|[from] Stealth Rock\n|-weather|DesolateLand|[from] ability: Desolate Land|[of] p1a: Groudon\n|turn|31\n|\n|t:|1699225454\n|move|p1a: Groudon|Precipice Blades|p2a: Magearna\n|-supereffective|p2a: Magearna\n|-damage|p2a: Magearna|0 fnt\n|faint|p2a: Magearna\n|\n|-weather|DesolateLand|[upkeep]\n|upkeep\n|\n|t:|1699225461\n|switch|p2a: Ditto|Ditto, shiny|100\/100\n|-transform|p2a: Ditto|p1a: Groudon|[from] ability: Imposter\n|turn|32\n|\n|t:|1699225466\n|move|p2a: Ditto|Precipice Blades|p1a: Groudon\n|-supereffective|p1a: Groudon\n|-damage|p1a: Groudon|22\/100\n|move|p1a: Groudon|Precipice Blades|p2a: Ditto\n|-supereffective|p2a: Ditto\n|-damage|p2a: Ditto|10\/100\n|\n|-weather|DesolateLand|[upkeep]\n|upkeep\n|turn|33\n|\n|t:|1699225471\n|move|p2a: Ditto|Precipice Blades|p1a: Groudon\n|-supereffective|p1a: Groudon\n|-damage|p1a: Groudon|0 fnt\n|faint|p1a: Groudon\n|\n|-weather|DesolateLand|[upkeep]\n|upkeep\n|\n|t:|1699225480\n|switch|p1a: Necrozma|Necrozma-Dusk-Mane, shiny|90\/100\n|-damage|p1a: Necrozma|84\/100|[from] Stealth Rock\n|turn|34\n|\n|t:|1699225486\n|move|p2a: Ditto|Precipice Blades|p1a: Necrozma\n|-supereffective|p1a: Necrozma\n|-damage|p1a: Necrozma|9\/100\n|move|p1a: Necrozma|Moonlight|p1a: Necrozma\n|-heal|p1a: Necrozma|76\/100\n|\n|-weather|DesolateLand|[upkeep]\n|upkeep\n|turn|35\n|-message|C0ld as Ice forfeited.\n|\n|win|BlackStar150520\n|raw|C0ld as Ice's rating: 1550 &rarr; <strong>1543<\/strong><br \/>(-7 for losing)\n|raw|BlackStar150520's rating: 1815 &rarr; <strong>1822<\/strong><br \/>(+7 for winning)\n|l|\u2606C0ld as Ice\n","uploadtime":1699225512,"views":6,"p1id":"c0ldasice","p2id":"blackstar150520","formatid":"gen9nationaldexubers","rating":1543,"private":0,"password":""}