{"id":"gen9nationaldexubers-1979053078","p1":"Hayakawa00aki","p2":"kingcyo","format":"[Gen 9] National Dex Ubers","log":"|j|\u2606Hayakawa00aki\n|j|\u2606kingcyo\n|t:|1698626183\n|gametype|singles\n|player|p1|Hayakawa00aki|169|1340\n|player|p2|kingcyo|266|1400\n|teamsize|p1|6\n|teamsize|p2|6\n|gen|9\n|tier|[Gen 9] National Dex Ubers\n|rated|\n|rule|HP Percentage Mod: HP is shown in percentages\n|rule|Endless Battle Clause: Forcing endless battles is banned\n|rule|OHKO Clause: OHKO moves are banned\n|rule|Evasion Moves Clause: Evasion moves are banned\n|rule|Evasion Items Clause: Evasion items are banned\n|rule|Species Clause: Limit one of each Pok\u00e9mon\n|rule|Sleep Clause Mod: Limit one foe put to sleep\n|rule|Mega Rayquaza Clause: You cannot mega evolve Rayquaza\n|clearpoke\n|poke|p1|Kyurem-Black|\n|poke|p1|Flutter Mane|\n|poke|p1|Necrozma-Dusk-Mane|\n|poke|p1|Groudon|\n|poke|p1|Yveltal|\n|poke|p1|Lucario, M|\n|poke|p2|Necrozma-Dusk-Mane|\n|poke|p2|Groudon|\n|poke|p2|Zamazenta-*|\n|poke|p2|Kyogre|\n|poke|p2|Yveltal|\n|poke|p2|Rayquaza|\n|teampreview\n|inactive|Battle timer is ON: inactive players will automatically lose when time's up. (requested by Hayakawa00aki)\n|\n|t:|1698626210\n|start\n|switch|p1a: Groudon|Groudon, shiny|100\/100\n|switch|p2a: Rayquaza|Rayquaza|100\/100\n|-ability|p2a: Rayquaza|Air Lock\n|detailschange|p1a: Groudon|Groudon-Primal, shiny\n|-primal|p1a: Groudon|Red Orb\n|-weather|DesolateLand|[from] ability: Desolate Land|[of] p1a: Groudon\n|turn|1\n|c|\u2606Hayakawa00aki|Glhf\n|\n|t:|1698626217\n|move|p2a: Rayquaza|Swords Dance|p2a: Rayquaza\n|-boost|p2a: Rayquaza|atk|2\n|move|p1a: Groudon|Dragon Tail|p2a: Rayquaza|[miss]\n|-miss|p1a: Groudon|p2a: Rayquaza\n|\n|-weather|DesolateLand|[upkeep]\n|upkeep\n|turn|2\n|\n|t:|1698626233\n|-weather|none\n|switch|p1a: Flutter Mane|Flutter Mane, shiny|100\/100\n|-enditem|p1a: Flutter Mane|Booster Energy\n|-activate|p1a: Flutter Mane|ability: Protosynthesis|[fromitem]\n|-start|p1a: Flutter Mane|protosynthesisspe\n|move|p2a: Rayquaza|Dragon Ascent|p1a: Flutter Mane\n|-damage|p1a: Flutter Mane|0 fnt\n|-unboost|p2a: Rayquaza|def|1\n|-unboost|p2a: Rayquaza|spd|1\n|faint|p1a: Flutter Mane\n|-end|p1a: Flutter Mane|Protosynthesis|[silent]\n|\n|upkeep\n|\n|t:|1698626242\n|switch|p1a: Kyurem|Kyurem-Black, shiny|100\/100\n|-ability|p1a: Kyurem|Teravolt\n|turn|3\n|\n|t:|1698626248\n|move|p2a: Rayquaza|Scale Shot|p1a: Kyurem\n|-supereffective|p1a: Kyurem\n|-damage|p1a: Kyurem|45\/100\n|-supereffective|p1a: Kyurem\n|-damage|p1a: Kyurem|0 fnt\n|faint|p1a: Kyurem\n|-hitcount|p1: Kyurem|2\n|-unboost|p2a: Rayquaza|def|1\n|-boost|p2a: Rayquaza|spe|1\n|\n|upkeep\n|\n|t:|1698626256\n|switch|p1a: Yveltal|Yveltal, shiny|100\/100\n|-ability|p1a: Yveltal|Dark Aura\n|turn|4\n|\n|t:|1698626261\n|move|p1a: Yveltal|Sucker Punch|p2a: Rayquaza\n|-enditem|p2a: Rayquaza|Focus Sash\n|-damage|p2a: Rayquaza|1\/100\n|-damage|p1a: Yveltal|91\/100|[from] item: Life Orb\n|move|p2a: Rayquaza|Scale Shot|p1a: Yveltal\n|-damage|p1a: Yveltal|63\/100\n|-damage|p1a: Yveltal|35\/100\n|-damage|p1a: Yveltal|5\/100\n|-hitcount|p1a: Yveltal|3\n|-unboost|p2a: Rayquaza|def|1\n|-boost|p2a: Rayquaza|spe|1\n|\n|upkeep\n|turn|5\n|\n|t:|1698626266\n|move|p1a: Yveltal|Sucker Punch||[still]\n|-fail|p1a: Yveltal\n|move|p2a: Rayquaza|Swords Dance|p2a: Rayquaza\n|-boost|p2a: Rayquaza|atk|2\n|\n|upkeep\n|turn|6\n|\n|t:|1698626269\n|move|p1a: Yveltal|Sucker Punch|p2a: Rayquaza\n|-damage|p2a: Rayquaza|0 fnt\n|faint|p2a: Rayquaza\n|-damage|p1a: Yveltal|0 fnt|[from] item: Life Orb\n|faint|p1a: Yveltal\n|\n|upkeep\n|\n|t:|1698626272\n|switch|p2a: Necrozma|Necrozma-Dusk-Mane|100\/100\n|switch|p1a: Lucario|Lucario, M, shiny|100\/100\n|turn|7\n|\n|t:|1698626279\n|detailschange|p1a: Lucario|Lucario-Mega, M, shiny\n|-mega|p1a: Lucario|Lucario|Lucarionite\n|detailschange|p2a: Necrozma|Necrozma-Ultra\n|-burst|p2a: Necrozma|Necrozma|Ultranecrozium Z\n|move|p2a: Necrozma|Dragon Dance|p2a: Necrozma\n|-boost|p2a: Necrozma|atk|1\n|-boost|p2a: Necrozma|spe|1\n|move|p1a: Lucario|Swords Dance|p1a: Lucario\n|-boost|p1a: Lucario|atk|2\n|\n|upkeep\n|turn|8\n|\n|t:|1698626284\n|-zpower|p2a: Necrozma\n|move|p2a: Necrozma|Light That Burns the Sky|p1a: Lucario|[zeffect]\n|-damage|p1a: Lucario|0 fnt\n|faint|p1a: Lucario\n|\n|upkeep\n|\n|t:|1698626288\n|switch|p1a: Groudon|Groudon-Primal, shiny|100\/100\n|-weather|DesolateLand|[from] ability: Desolate Land|[of] p1a: Groudon\n|turn|9\n|\n|t:|1698626292\n|move|p2a: Necrozma|Earthquake|p1a: Groudon\n|-supereffective|p1a: Groudon\n|-damage|p1a: Groudon|0 fnt\n|faint|p1a: Groudon\n|-weather|none\n|\n|upkeep\n|\n|t:|1698626295\n|switch|p1a: Necrozma|Necrozma-Dusk-Mane, shiny|100\/100\n|turn|10\n|\n|t:|1698626304\n|detailschange|p1a: Necrozma|Necrozma-Ultra, shiny\n|-burst|p1a: Necrozma|Necrozma|Ultranecrozium Z\n|move|p2a: Necrozma|Earthquake|p1a: Necrozma\n|-damage|p1a: Necrozma|33\/100\n|move|p1a: Necrozma|Earthquake|p2a: Necrozma\n|-damage|p2a: Necrozma|60\/100\n|\n|upkeep\n|turn|11\n|-message|Hayakawa00aki forfeited.\n|\n|win|kingcyo\n|raw|Hayakawa00aki's rating: 1340 &rarr; <strong>1323<\/strong><br \/>(-17 for losing)\n|raw|kingcyo's rating: 1400 &rarr; <strong>1417<\/strong><br \/>(+17 for winning)\n|l|\u2606Hayakawa00aki\n","uploadtime":1698626317,"views":14,"p1id":"hayakawa00aki","p2id":"kingcyo","formatid":"gen9nationaldexubers","rating":1323,"private":0,"password":""}