{"id":"gen9nationaldexubers-1999654932","p1":"Mryo64","p2":"hightopfade69","format":"[Gen 9] National Dex Ubers","log":"|j|\u203dMryo64\n|j|\u203dhightopfade69\n|t:|1701105000\n|gametype|singles\n|player|p1|Mryo64|101|1359\n|player|p2|hightopfade69|1|1250\n|teamsize|p1|6\n|teamsize|p2|6\n|gen|9\n|tier|[Gen 9] National Dex Ubers\n|rated|\n|rule|HP Percentage Mod: HP is shown in percentages\n|rule|Endless Battle Clause: Forcing endless battles is banned\n|rule|OHKO Clause: OHKO moves are banned\n|rule|Evasion Moves Clause: Evasion moves are banned\n|rule|Evasion Items Clause: Evasion items are banned\n|rule|Species Clause: Limit one of each Pok\u00e9mon\n|rule|Sleep Clause Mod: Limit one foe put to sleep\n|rule|Mega Rayquaza Clause: You cannot mega evolve Rayquaza\n|clearpoke\n|poke|p1|Melmetal|\n|poke|p1|Dracovish|\n|poke|p1|Hatterene, F|\n|poke|p1|Porygon2|\n|poke|p1|Cresselia, F|\n|poke|p1|Ursaluna-Bloodmoon, M|\n|poke|p2|Palafin, F|\n|poke|p2|Mewtwo|\n|poke|p2|Annihilape, F|\n|poke|p2|Gholdengo|\n|poke|p2|Ninetales-Alola, F|\n|poke|p2|Kyurem-Black|\n|teampreview\n|inactive|Battle timer is ON: inactive players will automatically lose when time's up. (requested by Mryo64)\n|\n|t:|1701105009\n|start\n|switch|p1a: Hatterene|Hatterene, F|100\/100\n|switch|p2a: Ninetales|Ninetales-Alola, F|100\/100\n|-weather|Snow|[from] ability: Snow Warning|[of] p2a: Ninetales\n|turn|1\n|\n|t:|1701105015\n|move|p2a: Ninetales|Aurora Veil|p2a: Ninetales\n|-sidestart|p2: hightopfade69|move: Aurora Veil\n|move|p1a: Hatterene|Trick Room|p1a: Hatterene\n|-fieldstart|move: Trick Room|[of] p1a: Hatterene\n|\n|-weather|Snow|[upkeep]\n|upkeep\n|turn|2\n|\n|t:|1701105021\n|move|p1a: Hatterene|Misty Explosion|p2a: Ninetales\n|-damage|p2a: Ninetales|67\/100\n|faint|p1a: Hatterene\n|move|p2a: Ninetales|Blizzard|p1: Hatterene|[notarget]\n|-fail|p2a: Ninetales\n|\n|-weather|Snow|[upkeep]\n|upkeep\n|\n|t:|1701105028\n|switch|p1a: Dracovish|Dracovish|100\/100\n|turn|3\n|\n|t:|1701105031\n|move|p1a: Dracovish|Fishious Rend|p2a: Ninetales\n|-damage|p2a: Ninetales|0 fnt\n|faint|p2a: Ninetales\n|\n|-weather|Snow|[upkeep]\n|upkeep\n|\n|t:|1701105038\n|switch|p2a: Palafin|Palafin, F|100\/100\n|turn|4\n|\n|t:|1701105041\n|-terastallize|p1a: Dracovish|Water\n|move|p1a: Dracovish|Fishious Rend|p2a: Palafin\n|-resisted|p2a: Palafin\n|-damage|p2a: Palafin|52\/100\n|-enditem|p2a: Palafin|Eject Button\n|\n|t:|1701105049\n|detailschange|p2a: Palafin|Palafin-Hero, F\n|switch|p2a: Kyurem|Kyurem-Black|100\/100\n|-ability|p2a: Kyurem|Teravolt\n|\n|-weather|Snow|[upkeep]\n|upkeep\n|turn|5\n|\n|t:|1701105058\n|move|p1a: Dracovish|Fishious Rend|p2a: Kyurem\n|-resisted|p2a: Kyurem\n|-damage|p2a: Kyurem|79\/100\n|move|p2a: Kyurem|Dragon Dance|p2a: Kyurem\n|-boost|p2a: Kyurem|atk|1\n|-boost|p2a: Kyurem|spe|1\n|\n|-weather|none\n|-fieldend|move: Trick Room\n|upkeep\n|turn|6\n|\n|t:|1701105068\n|switch|p1a: Porygon2|Porygon2|100\/100\n|-ability|p1a: Porygon2|Teravolt\n|-ability|p1a: Porygon2|Teravolt|[from] ability: Trace|[of] p2a: Kyurem\n|move|p2a: Kyurem|Dragon Dance|p2a: Kyurem\n|-boost|p2a: Kyurem|atk|1\n|-boost|p2a: Kyurem|spe|1\n|\n|upkeep\n|turn|7\n|\n|t:|1701105080\n|move|p2a: Kyurem|Icicle Spear|p1a: Porygon2\n|-damage|p1a: Porygon2|80\/100\n|-damage|p1a: Porygon2|60\/100\n|-damage|p1a: Porygon2|38\/100\n|-damage|p1a: Porygon2|17\/100\n|-hitcount|p1a: Porygon2|4\n|move|p1a: Porygon2|Trick Room|p1a: Porygon2\n|-fieldstart|move: Trick Room|[of] p1a: Porygon2\n|\n|upkeep\n|turn|8\n|\n|t:|1701105091\n|move|p1a: Porygon2|Toxic|p2a: Kyurem\n|-status|p2a: Kyurem|tox\n|move|p2a: Kyurem|Dragon Dance|p2a: Kyurem\n|-boost|p2a: Kyurem|atk|1\n|-boost|p2a: Kyurem|spe|1\n|\n|-damage|p2a: Kyurem|73\/100 tox|[from] psn\n|-sideend|p2: hightopfade69|move: Aurora Veil\n|upkeep\n|turn|9\n|\n|t:|1701105095\n|move|p2a: Kyurem|Icicle Spear|p1a: Porygon2\n|-damage|p1a: Porygon2|0 fnt\n|faint|p1a: Porygon2\n|-hitcount|p1: Porygon2|1\n|\n|-damage|p2a: Kyurem|61\/100 tox|[from] psn\n|upkeep\n|\n|t:|1701105109\n|switch|p1a: Ursaluna|Ursaluna-Bloodmoon, M|100\/100\n|turn|10\n|\n|t:|1701105113\n|move|p1a: Ursaluna|Blood Moon|p2a: Kyurem\n|-crit|p2a: Kyurem\n|-damage|p2a: Kyurem|0 fnt\n|faint|p2a: Kyurem\n|-damage|p1a: Ursaluna|90\/100|[from] item: Life Orb\n|\n|upkeep\n|\n|t:|1701105127\n|switch|p2a: Annihilape|Annihilape, F|100\/100\n|turn|11\n|\n|t:|1701105131\n|move|p1a: Ursaluna|Moonblast|p2a: Annihilape\n|-supereffective|p2a: Annihilape\n|-damage|p2a: Annihilape|24\/100\n|-unboost|p2a: Annihilape|spa|1\n|-ability|p2a: Annihilape|Defiant|boost\n|-boost|p2a: Annihilape|atk|2\n|-damage|p1a: Ursaluna|80\/100|[from] item: Life Orb\n|move|p2a: Annihilape|Bulk Up|p2a: Annihilape\n|-boost|p2a: Annihilape|atk|1\n|-boost|p2a: Annihilape|def|1\n|\n|-fieldend|move: Trick Room\n|upkeep\n|turn|12\n|\n|t:|1701105135\n|move|p2a: Annihilape|Drain Punch|p1a: Ursaluna\n|-supereffective|p1a: Ursaluna\n|-damage|p1a: Ursaluna|0 fnt\n|-heal|p2a: Annihilape|65\/100|[from] drain|[of] p1a: Ursaluna\n|faint|p1a: Ursaluna\n|\n|upkeep\n|\n|t:|1701105138\n|switch|p1a: Cresselia|Cresselia, F|100\/100\n|turn|13\n|\n|t:|1701105145\n|move|p2a: Annihilape|Rage Fist|p1a: Cresselia\n|-supereffective|p1a: Cresselia\n|-damage|p1a: Cresselia|0 fnt\n|faint|p1a: Cresselia\n|\n|upkeep\n|\n|t:|1701105149\n|switch|p1a: Dracovish|Dracovish, tera:Water|100\/100\n|turn|14\n|\n|t:|1701105155\n|move|p2a: Annihilape|Drain Punch|p1a: Dracovish\n|-damage|p1a: Dracovish|26\/100\n|-heal|p2a: Annihilape|99\/100|[from] drain|[of] p1a: Dracovish\n|move|p1a: Dracovish|Fishious Rend|p2a: Annihilape\n|-damage|p2a: Annihilape|53\/100\n|\n|upkeep\n|turn|15\n|-message|Mryo64 forfeited.\n|\n|win|hightopfade69\n|raw|Mryo64's rating: 1359 &rarr; <strong>1333<\/strong><br \/>(-26 for losing)\n|raw|hightopfade69's rating: 1250 &rarr; <strong>1283<\/strong><br \/>(+33 for winning)\n|l|\u203dMryo64\n","uploadtime":1701105168,"views":1,"p1id":"mryo64","p2id":"hightopfade69","formatid":"gen9nationaldexubers","rating":1283,"private":0,"password":""}