{"id":"gen9nationaldexubers-1990178918","p1":"Malice Incarnate","p2":"AhiruChan","format":"[Gen 9] National Dex Ubers","log":"|j|\u2606Malice Incarnate\n|j|\u2606AhiruChan\n|t:|1699933521\n|gametype|singles\n|player|p1|Malice Incarnate|palmer|\n|player|p2|AhiruChan|waitress|\n|teamsize|p1|6\n|teamsize|p2|6\n|gen|9\n|tier|[Gen 9] National Dex Ubers\n|rule|HP Percentage Mod: HP is shown in percentages\n|rule|Endless Battle Clause: Forcing endless battles is banned\n|rule|OHKO Clause: OHKO moves are banned\n|rule|Evasion Moves Clause: Evasion moves are banned\n|rule|Evasion Items Clause: Evasion items are banned\n|rule|Species Clause: Limit one of each Pok\u00e9mon\n|rule|Sleep Clause Mod: Limit one foe put to sleep\n|rule|Mega Rayquaza Clause: You cannot mega evolve Rayquaza\n|clearpoke\n|poke|p1|Scizor, F|\n|poke|p1|Landorus-Therian, M|\n|poke|p1|Greninja-*, M|\n|poke|p1|Corviknight, M|\n|poke|p1|Blissey, F|\n|poke|p1|Conkeldurr, M|\n|poke|p2|Urshifu-*, M|\n|poke|p2|Chi-Yu|\n|poke|p2|Sableye, F|\n|poke|p2|Meowscarada, F|\n|poke|p2|Grimmsnarl, M|\n|poke|p2|Greninja-*, M|\n|teampreview\n|inactive|Battle timer is ON: inactive players will automatically lose when time's up. (requested by Malice Incarnate)\n|inactive|AhiruChan also wants the timer to be on.\n|c|\u2606AhiruChan|glhf\n|c|\u2606Malice Incarnate|u2\n|\n|t:|1699933539\n|start\n|switch|p1a: Tinkatrouble|Corviknight, M|100\/100\n|switch|p2a: Grimmsnarl|Grimmsnarl, M|100\/100\n|-ability|p1a: Tinkatrouble|Pressure\n|turn|1\n|\n|t:|1699933544\n|move|p2a: Grimmsnarl|Reflect|p2a: Grimmsnarl\n|-sidestart|p2: AhiruChan|Reflect\n|move|p1a: Tinkatrouble|Body Press|p2a: Grimmsnarl\n|-damage|p2a: Grimmsnarl|85\/100\n|\n|upkeep\n|turn|2\n|\n|t:|1699933548\n|move|p2a: Grimmsnarl|Parting Shot|p1a: Tinkatrouble\n|-unboost|p1a: Tinkatrouble|atk|1\n|-unboost|p1a: Tinkatrouble|spa|1\n|\n|t:|1699933551\n|switch|p2a: Sableye|Sableye, F|100\/100|[from] Parting Shot\n|move|p1a: Tinkatrouble|Defog|p2a: Sableye\n|-unboost|p2a: Sableye|evasion|1\n|-sideend|p2: AhiruChan|Reflect\n|\n|upkeep\n|turn|3\n|\n|t:|1699933555\n|detailschange|p2a: Sableye|Sableye-Mega, F\n|-mega|p2a: Sableye|Sableye|Sablenite\n|move|p1a: Tinkatrouble|U-turn|p2a: Sableye\n|-damage|p2a: Sableye|93\/100\n|\n|t:|1699933559\n|switch|p1a: Fat Fuck Friday|Blissey, F|100\/100|[from] U-turn\n|move|p2a: Sableye|Knock Off|p1a: Fat Fuck Friday\n|-damage|p1a: Fat Fuck Friday|72\/100\n|-enditem|p1a: Fat Fuck Friday|Heavy-Duty Boots|[from] move: Knock Off|[of] p2a: Sableye\n|\n|upkeep\n|turn|4\n|\n|t:|1699933567\n|switch|p1a: Honkeldurr|Conkeldurr, M|100\/100\n|switch|p2a: Meowscarada|Meowscarada, F|100\/100\n|\n|upkeep\n|turn|5\n|\n|t:|1699933571\n|move|p2a: Meowscarada|U-turn|p1a: Honkeldurr\n|-start|p2a: Meowscarada|typechange|Bug|[from] ability: Protean\n|-resisted|p1a: Honkeldurr\n|-damage|p1a: Honkeldurr|90\/100\n|\n|t:|1699933577\n|switch|p2a: Sableye|Sableye-Mega, F|93\/100|[from] U-turn\n|move|p1a: Honkeldurr|Bulk Up|p1a: Honkeldurr\n|-boost|p1a: Honkeldurr|atk|1\n|-boost|p1a: Honkeldurr|def|1\n|\n|-heal|p1a: Honkeldurr|96\/100|[from] item: Leftovers\n|upkeep\n|turn|6\n|\n|t:|1699933581\n|move|p1a: Honkeldurr|Earthquake|p2a: Sableye\n|-damage|p2a: Sableye|54\/100\n|move|p2a: Sableye|Encore|p1a: Honkeldurr\n|-start|p1a: Honkeldurr|Encore\n|\n|-heal|p1a: Honkeldurr|100\/100|[from] item: Leftovers\n|upkeep\n|turn|7\n|\n|t:|1699933587\n|switch|p2a: Meowscarada|Meowscarada, F|100\/100\n|move|p1a: Honkeldurr|Earthquake|p2a: Meowscarada\n|-resisted|p2a: Meowscarada\n|-damage|p2a: Meowscarada|63\/100\n|\n|upkeep\n|turn|8\n|\n|t:|1699933595\n|switch|p1a: UUBL|Landorus-Therian, M|100\/100\n|-ability|p1a: UUBL|Intimidate|boost\n|-unboost|p2a: Meowscarada|atk|1\n|move|p2a: Meowscarada|Play Rough|p1a: UUBL\n|-start|p2a: Meowscarada|typechange|Fairy|[from] ability: Protean\n|-damage|p1a: UUBL|67\/100\n|\n|upkeep\n|turn|9\n|\n|t:|1699933601\n|switch|p2a: Grimmsnarl|Grimmsnarl, M|85\/100\n|move|p1a: UUBL|Earthquake|p2a: Grimmsnarl\n|-damage|p2a: Grimmsnarl|11\/100\n|\n|upkeep\n|turn|10\n|\n|t:|1699933606\n|move|p2a: Grimmsnarl|Reflect|p2a: Grimmsnarl\n|-sidestart|p2: AhiruChan|Reflect\n|move|p1a: UUBL|Stealth Rock|p2a: Grimmsnarl\n|-sidestart|p2: AhiruChan|move: Stealth Rock\n|\n|upkeep\n|turn|11\n|\n|t:|1699933609\n|move|p2a: Grimmsnarl|Light Screen|p2a: Grimmsnarl\n|-sidestart|p2: AhiruChan|move: Light Screen\n|move|p1a: UUBL|Earthquake|p2a: Grimmsnarl\n|-damage|p2a: Grimmsnarl|0 fnt\n|faint|p2a: Grimmsnarl\n|\n|upkeep\n|\n|t:|1699933616\n|switch|p2a: Greninja|Greninja, M|100\/100\n|-damage|p2a: Greninja|88\/100|[from] Stealth Rock\n|turn|12\n|\n|t:|1699933620\n|switch|p1a: Fat Fuck Friday|Blissey, F|72\/100\n|move|p2a: Greninja|Hydro Pump|p1a: Fat Fuck Friday|[miss]\n|-miss|p2a: Greninja|p1a: Fat Fuck Friday\n|\n|upkeep\n|turn|13\n|\n|t:|1699933625\n|move|p2a: Greninja|Gunk Shot|p1a: Fat Fuck Friday\n|-damage|p1a: Fat Fuck Friday|49\/100\n|move|p1a: Fat Fuck Friday|Soft-Boiled|p1a: Fat Fuck Friday\n|-heal|p1a: Fat Fuck Friday|99\/100\n|\n|upkeep\n|turn|14\n|\n|t:|1699933630\n|switch|p2a: Urshifu|Urshifu, M|100\/100\n|-damage|p2a: Urshifu|94\/100|[from] Stealth Rock\n|move|p1a: Fat Fuck Friday|Seismic Toss|p2a: Urshifu\n|-damage|p2a: Urshifu|65\/100\n|\n|upkeep\n|turn|15\n|\n|t:|1699933637\n|switch|p1a: Tinkatrouble|Corviknight, M|100\/100\n|-ability|p1a: Tinkatrouble|Pressure\n|move|p2a: Urshifu|Wicked Blow|p1a: Tinkatrouble\n|-crit|p1a: Tinkatrouble\n|-damage|p1a: Tinkatrouble|52\/100\n|-damage|p2a: Urshifu|49\/100|[from] item: Rocky Helmet|[of] p1a: Tinkatrouble\n|\n|upkeep\n|turn|16\n|c|\u2606Malice Incarnate|tera drag corv\n|c|\u2606Malice Incarnate|i forgor to mention\n|\n|t:|1699933645\n|move|p2a: Urshifu|Wicked Blow|p1a: Tinkatrouble\n|-crit|p1a: Tinkatrouble\n|-damage|p1a: Tinkatrouble|0 fnt\n|-damage|p2a: Urshifu|32\/100|[from] item: Rocky Helmet|[of] p1a: Tinkatrouble\n|faint|p1a: Tinkatrouble\n|\n|upkeep\n|\n|t:|1699933649\n|switch|p1a: Honkeldurr|Conkeldurr, M|100\/100\n|turn|17\n|c|\u2606AhiruChan|me remember so dw\n|\n|t:|1699933655\n|switch|p2a: Sableye|Sableye-Mega, F|54\/100\n|-damage|p2a: Sableye|42\/100|[from] Stealth Rock\n|move|p1a: Honkeldurr|Mach Punch|p2a: Sableye\n|-immune|p2a: Sableye\n|\n|-sideend|p2: AhiruChan|Reflect\n|upkeep\n|turn|18\n|\n|t:|1699933657\n|move|p1a: Honkeldurr|Earthquake|p2a: Sableye\n|-damage|p2a: Sableye|18\/100\n|move|p2a: Sableye|Recover|p2a: Sableye\n|-heal|p2a: Sableye|68\/100\n|\n|-sideend|p2: AhiruChan|move: Light Screen\n|upkeep\n|turn|19\n|\n|t:|1699933665\n|move|p1a: Honkeldurr|Bulk Up|p1a: Honkeldurr\n|-boost|p1a: Honkeldurr|atk|1\n|-boost|p1a: Honkeldurr|def|1\n|move|p2a: Sableye|Knock Off|p1a: Honkeldurr\n|-resisted|p1a: Honkeldurr\n|-damage|p1a: Honkeldurr|94\/100\n|-enditem|p1a: Honkeldurr|Leftovers|[from] move: Knock Off|[of] p2a: Sableye\n|\n|upkeep\n|turn|20\n|\n|t:|1699933671\n|move|p1a: Honkeldurr|Earthquake|p2a: Sableye\n|-damage|p2a: Sableye|29\/100\n|move|p2a: Sableye|Encore|p1a: Honkeldurr\n|-start|p1a: Honkeldurr|Encore\n|\n|upkeep\n|turn|21\n|\n|t:|1699933679\n|move|p1a: Honkeldurr|Earthquake|p2a: Sableye\n|-damage|p2a: Sableye|0 fnt\n|faint|p2a: Sableye\n|\n|upkeep\n|\n|t:|1699933682\n|switch|p2a: Greninja|Greninja, M|88\/100\n|-damage|p2a: Greninja|76\/100|[from] Stealth Rock\n|turn|22\n|\n|t:|1699933688\n|switch|p2a: Urshifu|Urshifu, M|32\/100\n|-damage|p2a: Urshifu|26\/100|[from] Stealth Rock\n|switch|p1a: Fat Fuck Friday|Blissey, F|99\/100\n|\n|upkeep\n|turn|23\n|\n|t:|1699933693\n|switch|p1a: UUBL|Landorus-Therian, M|67\/100\n|-ability|p1a: UUBL|Intimidate|boost\n|-unboost|p2a: Urshifu|atk|1\n|move|p2a: Urshifu|Wicked Blow|p1a: UUBL\n|-crit|p1a: UUBL\n|-damage|p1a: UUBL|0 fnt\n|faint|p1a: UUBL\n|\n|upkeep\n|\n|t:|1699933697\n|switch|p1a: Amphinobi|Greninja, M|100\/100\n|turn|24\n|\n|t:|1699933704\n|switch|p2a: Meowscarada|Meowscarada, F|63\/100\n|-damage|p2a: Meowscarada|51\/100|[from] Stealth Rock\n|move|p1a: Amphinobi|U-turn|p2a: Meowscarada\n|-start|p1a: Amphinobi|typechange|Bug|[from] ability: Protean\n|-supereffective|p2a: Meowscarada\n|-damage|p2a: Meowscarada|0 fnt\n|faint|p2a: Meowscarada\n|\n|t:|1699933708\n|switch|p1a: Faberge|Scizor, F|100\/100|[from] U-turn\n|\n|upkeep\n|\n|t:|1699933711\n|switch|p2a: Chi-Yu|Chi-Yu|100\/100\n|-ability|p2a: Chi-Yu|Beads of Ruin\n|turn|25\n|\n|t:|1699933716\n|switch|p1a: Fat Fuck Friday|Blissey, F|99\/100\n|move|p2a: Chi-Yu|Overheat|p1a: Fat Fuck Friday\n|-damage|p1a: Fat Fuck Friday|71\/100\n|-unboost|p2a: Chi-Yu|spa|2\n|\n|upkeep\n|turn|26\n|\n|t:|1699933720\n|move|p2a: Chi-Yu|Nasty Plot|p2a: Chi-Yu\n|-boost|p2a: Chi-Yu|spa|2\n|move|p1a: Fat Fuck Friday|Seismic Toss|p2a: Chi-Yu\n|-damage|p2a: Chi-Yu|61\/100\n|\n|upkeep\n|turn|27\n|\n|t:|1699933723\n|move|p2a: Chi-Yu|Nasty Plot|p2a: Chi-Yu\n|-boost|p2a: Chi-Yu|spa|2\n|move|p1a: Fat Fuck Friday|Seismic Toss|p2a: Chi-Yu\n|-damage|p2a: Chi-Yu|21\/100\n|\n|upkeep\n|turn|28\n|\n|t:|1699933730\n|-terastallize|p2a: Chi-Yu|Fire\n|move|p2a: Chi-Yu|Overheat|p1a: Fat Fuck Friday|[miss]\n|-miss|p2a: Chi-Yu|p1a: Fat Fuck Friday\n|move|p1a: Fat Fuck Friday|Seismic Toss|p2a: Chi-Yu\n|-damage|p2a: Chi-Yu|0 fnt\n|faint|p2a: Chi-Yu\n|\n|upkeep\n|c|\u2606Malice Incarnate|F\n|c|\u2606AhiruChan|243rwr\u01b0ewgyugwyguwefuhwe4r\n|c|\u2606AhiruChan|\u01b0io3ruiwriuor3\\\n|c|\u2606AhiruChan|\u01b023hyuw3qruhywr\n|c|\u2606AhiruChan|\u01b0'\u01a1\n|c|\u2606AhiruChan|\\\u01b0'khy\n|\n|t:|1699933741\n|switch|p2a: Urshifu|Urshifu, M|26\/100\n|-damage|p2a: Urshifu|20\/100|[from] Stealth Rock\n|turn|29\n|\n|t:|1699933757\n|switch|p1a: Faberge|Scizor, F|100\/100\n|move|p2a: Urshifu|Wicked Blow|p1a: Faberge\n|-crit|p1a: Faberge\n|-damage|p1a: Faberge|40\/100\n|\n|upkeep\n|turn|30\n|\n|t:|1699933761\n|detailschange|p1a: Faberge|Scizor-Mega, F\n|-mega|p1a: Faberge|Scizor|Scizorite\n|move|p1a: Faberge|Bullet Punch|p2a: Urshifu\n|-damage|p2a: Urshifu|0 fnt\n|faint|p2a: Urshifu\n|\n|upkeep\n|\n|t:|1699933765\n|switch|p2a: Greninja|Greninja, M|76\/100\n|-damage|p2a: Greninja|64\/100|[from] Stealth Rock\n|turn|31\n|\n|t:|1699933768\n|switch|p1a: Fat Fuck Friday|Blissey, F|71\/100\n|move|p2a: Greninja|Hydro Pump|p1a: Fat Fuck Friday\n|-damage|p1a: Fat Fuck Friday|54\/100\n|\n|upkeep\n|turn|32\n|\n|t:|1699933771\n|-zpower|p2a: Greninja\n|move|p2a: Greninja|Hydro Vortex|p1a: Fat Fuck Friday|[zeffect]\n|-damage|p1a: Fat Fuck Friday|28\/100\n|move|p1a: Fat Fuck Friday|Soft-Boiled|p1a: Fat Fuck Friday\n|-heal|p1a: Fat Fuck Friday|78\/100\n|\n|upkeep\n|turn|33\n|inactive|AhiruChan no longer wants the timer on, but the timer is staying on because maliceincarnate still does.\n|c|\u2606Malice Incarnate|gg\n|-message|AhiruChan forfeited.\n|\n|win|Malice Incarnate\n|c|\u2606AhiruChan|gg\n","uploadtime":1699933782,"views":14,"p1id":"maliceincarnate","p2id":"ahiruchan","formatid":"gen9nationaldexubers","rating":0,"private":0,"password":""}