{"id":"gen9nationaldexubers-1991725702","p1":"Quizzle_tip","p2":"bigbingle","format":"[Gen 9] National Dex Ubers","log":"|j|\u2606Quizzle_tip\n|j|\u2606bigbingle\n|t:|1700107426\n|gametype|singles\n|player|p1|Quizzle_tip|n|\n|player|p2|bigbingle|169|\n|teamsize|p1|6\n|teamsize|p2|6\n|gen|9\n|tier|[Gen 9] National Dex Ubers\n|rule|HP Percentage Mod: HP is shown in percentages\n|rule|Endless Battle Clause: Forcing endless battles is banned\n|rule|OHKO Clause: OHKO moves are banned\n|rule|Evasion Moves Clause: Evasion moves are banned\n|rule|Evasion Items Clause: Evasion items are banned\n|rule|Species Clause: Limit one of each Pok\u00e9mon\n|rule|Sleep Clause Mod: Limit one foe put to sleep\n|rule|Mega Rayquaza Clause: You cannot mega evolve Rayquaza\n|clearpoke\n|poke|p1|Dragapult, F|\n|poke|p1|Scolipede, F|\n|poke|p1|Arctozolt|\n|poke|p1|Raichu-Alola, M|\n|poke|p1|Garganacl, M|\n|poke|p1|Braviary, M|\n|poke|p2|Dragonite, F|\n|poke|p2|Necrozma-Dusk-Mane|\n|poke|p2|Absol, M|\n|poke|p2|Banette, M|\n|poke|p2|Naganadel|\n|poke|p2|Aegislash, M|\n|teampreview\n|\n|t:|1700107442\n|start\n|switch|p1a: Scolipede|Scolipede, F|100\/100\n|switch|p2a: Aegislash|Aegislash, M|100\/100\n|turn|1\n|\n|t:|1700107480\n|move|p1a: Scolipede|Toxic Spikes|p2a: Aegislash\n|-sidestart|p2: bigbingle|move: Toxic Spikes\n|move|p2a: Aegislash|Swords Dance|p2a: Aegislash\n|-boost|p2a: Aegislash|atk|2\n|\n|-ability|p1a: Scolipede|Speed Boost|boost\n|-boost|p1a: Scolipede|spe|1\n|upkeep\n|turn|2\n|\n|t:|1700107488\n|switch|p1a: Garganacl|Garganacl, M|100\/100\n|-formechange|p2a: Aegislash|Aegislash-Blade||[from] ability: Stance Change\n|move|p2a: Aegislash|Shadow Sneak|p1a: Garganacl\n|-damage|p1a: Garganacl|85\/100\n|\n|-heal|p1a: Garganacl|91\/100|[from] item: Leftovers\n|upkeep\n|turn|3\n|\n|t:|1700107500\n|move|p2a: Aegislash|Iron Head|p1a: Garganacl\n|-supereffective|p1a: Garganacl\n|-damage|p1a: Garganacl|0 fnt\n|faint|p1a: Garganacl\n|\n|upkeep\n|\n|t:|1700107509\n|switch|p1a: Raichu|Raichu-Alola, M|100\/100\n|turn|4\n|\n|t:|1700107532\n|move|p2a: Aegislash|Shadow Sneak|p1a: Raichu\n|-supereffective|p1a: Raichu\n|-damage|p1a: Raichu|0 fnt\n|faint|p1a: Raichu\n|\n|upkeep\n|\n|t:|1700107539\n|switch|p1a: Dragapult|Dragapult, F|100\/100\n|turn|5\n|\n|t:|1700107554\n|-formechange|p2a: Aegislash|Aegislash||[from] ability: Stance Change\n|move|p2a: Aegislash|King's Shield|p2a: Aegislash\n|-singleturn|p2a: Aegislash|Protect\n|move|p1a: Dragapult|Sucker Punch||[still]\n|-fail|p1a: Dragapult\n|\n|upkeep\n|turn|6\n|\n|t:|1700107561\n|move|p1a: Dragapult|Sucker Punch|p2a: Aegislash\n|-supereffective|p2a: Aegislash\n|-damage|p2a: Aegislash|53\/100\n|-damage|p1a: Dragapult|91\/100|[from] item: Life Orb\n|-formechange|p2a: Aegislash|Aegislash-Blade||[from] ability: Stance Change\n|move|p2a: Aegislash|Iron Head|p1a: Dragapult\n|-damage|p1a: Dragapult|0 fnt\n|faint|p1a: Dragapult\n|\n|-heal|p2a: Aegislash|59\/100|[from] item: Leftovers\n|upkeep\n|\n|t:|1700107576\n|switch|p1a: Arctozolt|Arctozolt|100\/100\n|turn|7\n|\n|t:|1700107585\n|move|p2a: Aegislash|Iron Head|p1a: Arctozolt\n|-damage|p1a: Arctozolt|8\/100\n|move|p1a: Arctozolt|Thunder Wave|p2a: Aegislash\n|-status|p2a: Aegislash|par\n|\n|-heal|p2a: Aegislash|66\/100 par|[from] item: Leftovers\n|upkeep\n|turn|8\n|\n|t:|1700107595\n|-formechange|p2a: Aegislash|Aegislash||[from] ability: Stance Change\n|move|p2a: Aegislash|King's Shield|p2a: Aegislash\n|-singleturn|p2a: Aegislash|Protect\n|move|p1a: Arctozolt|Bolt Beak|p2a: Aegislash\n|-activate|p2a: Aegislash|move: Protect\n|-unboost|p1a: Arctozolt|atk|1\n|\n|-heal|p2a: Aegislash|72\/100 par|[from] item: Leftovers\n|upkeep\n|turn|9\n|\n|t:|1700107604\n|-formechange|p2a: Aegislash|Aegislash-Blade||[from] ability: Stance Change\n|move|p2a: Aegislash|Shadow Sneak|p1a: Arctozolt\n|-damage|p1a: Arctozolt|0 fnt\n|faint|p1a: Arctozolt\n|\n|-heal|p2a: Aegislash|78\/100 par|[from] item: Leftovers\n|upkeep\n|\n|t:|1700107616\n|switch|p1a: Scolipede|Scolipede, F|100\/100\n|turn|10\n|\n|t:|1700107633\n|move|p1a: Scolipede|Toxic Spikes|p2a: Aegislash\n|-sidestart|p2: bigbingle|move: Toxic Spikes\n|move|p2a: Aegislash|Swords Dance|p2a: Aegislash\n|-boost|p2a: Aegislash|atk|2\n|\n|-heal|p2a: Aegislash|84\/100 par|[from] item: Leftovers\n|-ability|p1a: Scolipede|Speed Boost|boost\n|-boost|p1a: Scolipede|spe|1\n|upkeep\n|turn|11\n|\n|t:|1700107641\n|move|p1a: Scolipede|X-Scissor|p2a: Aegislash\n|-resisted|p2a: Aegislash\n|-damage|p2a: Aegislash|67\/100 par\n|move|p2a: Aegislash|Iron Head|p1a: Scolipede\n|-damage|p1a: Scolipede|0 fnt\n|faint|p1a: Scolipede\n|\n|-heal|p2a: Aegislash|73\/100 par|[from] item: Leftovers\n|upkeep\n|\n|t:|1700107647\n|switch|p1a: Braviary|Braviary, M|100\/100\n|turn|12\n|\n|t:|1700107656\n|-formechange|p2a: Aegislash|Aegislash||[from] ability: Stance Change\n|move|p2a: Aegislash|King's Shield|p2a: Aegislash\n|-singleturn|p2a: Aegislash|Protect\n|move|p1a: Braviary|Brave Bird|p2a: Aegislash\n|-activate|p2a: Aegislash|move: Protect\n|-unboost|p1a: Braviary|atk|1\n|\n|-heal|p2a: Aegislash|79\/100 par|[from] item: Leftovers\n|upkeep\n|turn|13\n|\n|t:|1700107666\n|-formechange|p2a: Aegislash|Aegislash-Blade||[from] ability: Stance Change\n|move|p2a: Aegislash|Shadow Sneak|p1a: Braviary\n|-immune|p1a: Braviary\n|move|p1a: Braviary|Brave Bird|p2a: Aegislash\n|-resisted|p2a: Aegislash\n|-damage|p2a: Aegislash|41\/100 par\n|-damage|p1a: Braviary|88\/100|[from] Recoil\n|\n|-heal|p2a: Aegislash|47\/100 par|[from] item: Leftovers\n|upkeep\n|turn|14\n|-message|Quizzle_tip forfeited.\n|\n|win|bigbingle\n|l|\u2606Quizzle_tip\n","uploadtime":1700107693,"views":48,"p1id":"quizzletip","p2id":"bigbingle","formatid":"gen9nationaldexubers","rating":0,"private":0,"password":""}