{"id":"gen9nationaldexubers-1978123837","p1":"heavylever","p2":"85792195wwww","format":"[Gen 9] National Dex Ubers","log":"|j|\u2606heavylever\n|j|\u260685792195wwww\n|t:|1698502327\n|gametype|singles\n|player|p1|heavylever|ash-unova|1590\n|player|p2|85792195wwww|lady|1771\n|teamsize|p1|6\n|teamsize|p2|6\n|gen|9\n|tier|[Gen 9] National Dex Ubers\n|rated|\n|rule|HP Percentage Mod: HP is shown in percentages\n|rule|Endless Battle Clause: Forcing endless battles is banned\n|rule|OHKO Clause: OHKO moves are banned\n|rule|Evasion Moves Clause: Evasion moves are banned\n|rule|Evasion Items Clause: Evasion items are banned\n|rule|Species Clause: Limit one of each Pok\u00e9mon\n|rule|Sleep Clause Mod: Limit one foe put to sleep\n|rule|Mega Rayquaza Clause: You cannot mega evolve Rayquaza\n|clearpoke\n|poke|p1|Groudon|\n|poke|p1|Giratina-Origin|\n|poke|p1|Dondozo, M|\n|poke|p1|Zekrom|\n|poke|p1|Shaymin-Sky|\n|poke|p1|Rayquaza|\n|poke|p2|Calyrex-Ice|\n|poke|p2|Groudon|\n|poke|p2|Krookodile, F|\n|poke|p2|Xerneas-*|\n|poke|p2|Zacian-*|\n|poke|p2|Arceus|\n|teampreview\n|inactive|Battle timer is ON: inactive players will automatically lose when time's up. (requested by heavylever)\n|\n|t:|1698502333\n|start\n|switch|p1a: Rayquaza|Rayquaza|100\/100\n|switch|p2a: Krookodile|Krookodile, F|100\/100\n|-ability|p1a: Rayquaza|Air Lock\n|-ability|p2a: Krookodile|Intimidate|boost\n|-unboost|p1a: Rayquaza|atk|1\n|turn|1\n|\n|t:|1698502342\n|move|p1a: Rayquaza|Dragon Ascent|p2a: Krookodile\n|-damage|p2a: Krookodile|13\/100\n|-unboost|p1a: Rayquaza|def|1\n|-unboost|p1a: Rayquaza|spd|1\n|move|p2a: Krookodile|Stealth Rock|p1a: Rayquaza\n|-sidestart|p1: heavylever|move: Stealth Rock\n|\n|upkeep\n|turn|2\n|\n|t:|1698502350\n|switch|p2a: Zacian|Zacian-Crowned|100\/100\n|-ability|p2a: Zacian|Intrepid Sword|boost\n|-boost|p2a: Zacian|atk|1\n|move|p1a: Rayquaza|Dragon Ascent|p2a: Zacian\n|-resisted|p2a: Zacian\n|-damage|p2a: Zacian|69\/100\n|-unboost|p1a: Rayquaza|def|1\n|-unboost|p1a: Rayquaza|spd|1\n|\n|upkeep\n|turn|3\n|\n|t:|1698502360\n|switch|p1a: Groudon|Groudon|100\/100\n|-damage|p1a: Groudon|94\/100|[from] Stealth Rock\n|detailschange|p1a: Groudon|Groudon-Primal\n|-primal|p1a: Groudon|Red Orb\n|-weather|DesolateLand|[from] ability: Desolate Land|[of] p1a: Groudon\n|move|p2a: Zacian|Behemoth Blade|p1a: Groudon\n|-resisted|p1a: Groudon\n|-damage|p1a: Groudon|71\/100\n|\n|-weather|DesolateLand|[upkeep]\n|upkeep\n|turn|4\n|\n|t:|1698502371\n|move|p2a: Zacian|Close Combat|p1a: Groudon\n|-damage|p1a: Groudon|33\/100\n|-unboost|p2a: Zacian|def|1\n|-unboost|p2a: Zacian|spd|1\n|move|p1a: Groudon|Earthquake|p2a: Zacian\n|-supereffective|p2a: Zacian\n|-damage|p2a: Zacian|0 fnt\n|faint|p2a: Zacian\n|\n|-weather|DesolateLand|[upkeep]\n|upkeep\n|\n|t:|1698502386\n|switch|p2a: Calyrex|Calyrex-Ice|100\/100\n|-ability|p2a: Calyrex|As One\n|-ability|p2a: Calyrex|Unnerve\n|turn|5\n|\n|t:|1698502392\n|move|p2a: Calyrex|High Horsepower|p1a: Groudon\n|-supereffective|p1a: Groudon\n|-damage|p1a: Groudon|0 fnt\n|faint|p1a: Groudon\n|-weather|none\n|-ability|p2a: Calyrex|Chilling Neigh|boost\n|-boost|p2a: Calyrex|atk|1\n|\n|upkeep\n|inactive|heavylever has 120 seconds left.\n|\n|t:|1698502424\n|switch|p1a: Giratina|Giratina-Origin, shiny|100\/100\n|-damage|p1a: Giratina|88\/100|[from] Stealth Rock\n|turn|6\n|\n|t:|1698502431\n|-terastallize|p1a: Giratina|Poison\n|move|p2a: Calyrex|Glacial Lance|p1a: Giratina\n|-damage|p1a: Giratina|12\/100\n|move|p1a: Giratina|Thunder Wave|p2a: Calyrex\n|-status|p2a: Calyrex|par\n|\n|upkeep\n|turn|7\n|\n|t:|1698502440\n|move|p1a: Giratina|Hex|p2a: Calyrex\n|-supereffective|p2a: Calyrex\n|-damage|p2a: Calyrex|0 fnt\n|faint|p2a: Calyrex\n|\n|upkeep\n|\n|t:|1698502452\n|switch|p2a: Arceus|Arceus|100\/100\n|turn|8\n|\n|t:|1698502465\n|move|p2a: Arceus|Extreme Speed|p1a: Giratina\n|-damage|p1a: Giratina|0 fnt\n|faint|p1a: Giratina\n|-damage|p2a: Arceus|91\/100|[from] item: Life Orb\n|\n|upkeep\n|\n|t:|1698502488\n|switch|p1a: Dondizzy|Dondozo, M|100\/100\n|-damage|p1a: Dondizzy|88\/100|[from] Stealth Rock\n|turn|9\n|\n|t:|1698502493\n|move|p2a: Arceus|Taunt|p1a: Dondizzy\n|-start|p1a: Dondizzy|move: Taunt\n|move|p1a: Dondizzy|Body Press|p2a: Arceus\n|-supereffective|p2a: Arceus\n|-damage|p2a: Arceus|53\/100\n|\n|-heal|p1a: Dondizzy|94\/100|[from] item: Leftovers\n|upkeep\n|turn|10\n|\n|t:|1698502502\n|switch|p2a: Krookodile|Krookodile, F|13\/100\n|-ability|p2a: Krookodile|Intimidate|boost\n|-unboost|p1a: Dondizzy|atk|1\n|switch|p1a: Rayquaza|Rayquaza|100\/100\n|-damage|p1a: Rayquaza|76\/100|[from] Stealth Rock\n|-ability|p1a: Rayquaza|Air Lock\n|\n|upkeep\n|turn|11\n|\n|t:|1698502516\n|move|p1a: Rayquaza|Dragon Ascent|p2a: Krookodile\n|-damage|p2a: Krookodile|0 fnt\n|-unboost|p1a: Rayquaza|def|1\n|-unboost|p1a: Rayquaza|spd|1\n|faint|p2a: Krookodile\n|\n|upkeep\n|\n|t:|1698502524\n|switch|p2a: Arceus|Arceus|53\/100\n|turn|12\n|\n|t:|1698502529\n|switch|p1a: Dondizzy|Dondozo, M|94\/100\n|-damage|p1a: Dondizzy|82\/100|[from] Stealth Rock\n|-terastallize|p2a: Arceus|Normal\n|move|p2a: Arceus|Extreme Speed|p1a: Dondizzy\n|-damage|p1a: Dondizzy|46\/100\n|-damage|p2a: Arceus|43\/100|[from] item: Life Orb\n|\n|-heal|p1a: Dondizzy|52\/100|[from] item: Leftovers\n|upkeep\n|turn|13\n|\n|t:|1698502542\n|switch|p2a: Groudon|Groudon|100\/100\n|detailschange|p2a: Groudon|Groudon-Primal\n|-primal|p2a: Groudon|Red Orb\n|-weather|DesolateLand|[from] ability: Desolate Land|[of] p2a: Groudon\n|move|p1a: Dondizzy|Body Press|p2a: Groudon\n|-damage|p2a: Groudon|84\/100\n|\n|-weather|DesolateLand|[upkeep]\n|-heal|p1a: Dondizzy|58\/100|[from] item: Leftovers\n|upkeep\n|turn|14\n|\n|t:|1698502553\n|move|p2a: Groudon|Rock Polish|p2a: Groudon\n|-boost|p2a: Groudon|spe|2\n|move|p1a: Dondizzy|Curse|p1a: Dondizzy\n|-unboost|p1a: Dondizzy|spe|1\n|-boost|p1a: Dondizzy|atk|1\n|-boost|p1a: Dondizzy|def|1\n|\n|-weather|DesolateLand|[upkeep]\n|-heal|p1a: Dondizzy|65\/100|[from] item: Leftovers\n|upkeep\n|turn|15\n|\n|t:|1698502563\n|move|p2a: Groudon|Precipice Blades|p1a: Dondizzy\n|-damage|p1a: Dondizzy|39\/100\n|move|p1a: Dondizzy|Curse|p1a: Dondizzy\n|-unboost|p1a: Dondizzy|spe|1\n|-boost|p1a: Dondizzy|atk|1\n|-boost|p1a: Dondizzy|def|1\n|\n|-weather|DesolateLand|[upkeep]\n|-heal|p1a: Dondizzy|45\/100|[from] item: Leftovers\n|upkeep\n|turn|16\n|\n|t:|1698502577\n|move|p2a: Groudon|Precipice Blades|p1a: Dondizzy|[miss]\n|-miss|p2a: Groudon|p1a: Dondizzy\n|move|p1a: Dondizzy|Rest|p1a: Dondizzy\n|-status|p1a: Dondizzy|slp|[from] move: Rest\n|-heal|p1a: Dondizzy|100\/100 slp|[silent]\n|\n|-weather|DesolateLand|[upkeep]\n|upkeep\n|turn|17\n|\n|t:|1698502585\n|-weather|none\n|switch|p2a: Xerneas|Xerneas|100\/100\n|-ability|p2a: Xerneas|Fairy Aura\n|cant|p1a: Dondizzy|slp\n|\n|upkeep\n|turn|18\n|\n|t:|1698502594\n|move|p2a: Xerneas|Geomancy||[still]\n|-prepare|p2a: Xerneas|Geomancy\n|-enditem|p2a: Xerneas|Power Herb\n|-anim|p2a: Xerneas|Geomancy|p2a: Xerneas\n|-boost|p2a: Xerneas|spa|2\n|-boost|p2a: Xerneas|spd|2\n|-boost|p2a: Xerneas|spe|2\n|cant|p1a: Dondizzy|slp\n|\n|upkeep\n|turn|19\n|\n|t:|1698502602\n|move|p2a: Xerneas|Moonblast|p1a: Dondizzy\n|-damage|p1a: Dondizzy|36\/100 slp\n|-curestatus|p1a: Dondizzy|slp|[msg]\n|move|p1a: Dondizzy|Liquidation|p2a: Xerneas\n|-damage|p2a: Xerneas|60\/100\n|-unboost|p2a: Xerneas|def|1\n|\n|-heal|p1a: Dondizzy|42\/100|[from] item: Leftovers\n|upkeep\n|turn|20\n|\n|t:|1698502613\n|move|p2a: Xerneas|Moonblast|p1a: Dondizzy\n|-damage|p1a: Dondizzy|0 fnt\n|faint|p1a: Dondizzy\n|\n|upkeep\n|\n|t:|1698502615\n|switch|p1a: Rayquaza|Rayquaza|76\/100\n|-damage|p1a: Rayquaza|51\/100|[from] Stealth Rock\n|-ability|p1a: Rayquaza|Air Lock\n|turn|21\n|\n|t:|1698502623\n|move|p1a: Rayquaza|Extreme Speed|p2a: Xerneas\n|-damage|p2a: Xerneas|11\/100\n|move|p2a: Xerneas|Moonblast|p1a: Rayquaza\n|-supereffective|p1a: Rayquaza\n|-damage|p1a: Rayquaza|0 fnt\n|faint|p1a: Rayquaza\n|\n|upkeep\n|\n|t:|1698502626\n|switch|p1a: Zekrom|Zekrom|100\/100\n|-damage|p1a: Zekrom|88\/100|[from] Stealth Rock\n|-ability|p1a: Zekrom|Teravolt\n|turn|22\n|\n|t:|1698502635\n|move|p2a: Xerneas|Moonblast|p1a: Zekrom\n|-supereffective|p1a: Zekrom\n|-damage|p1a: Zekrom|0 fnt\n|faint|p1a: Zekrom\n|\n|upkeep\n|-message|heavylever forfeited.\n|\n|win|85792195wwww\n|raw|heavylever's rating: 1590 &rarr; <strong>1580<\/strong><br \/>(-10 for losing)\n|raw|85792195wwww's rating: 1771 &rarr; <strong>1781<\/strong><br \/>(+10 for winning)\n|l|\u2606heavylever\n|l|\u260685792195wwww\n|j| Jia7\n","uploadtime":1698502647,"views":10,"p1id":"heavylever","p2id":"85792195wwww","formatid":"gen9nationaldexubers","rating":1580,"private":0,"password":""}