{"id":"gen9nationaldexubers-1982893660","p1":"alcatel999","p2":"DiosPanzer","format":"[Gen 9] National Dex Ubers","log":"|j|\u2606alcatel999\n|j|\u2606DiosPanzer\n|t:|1699055754\n|gametype|singles\n|player|p1|alcatel999|rocketgrunt|\n|player|p2|DiosPanzer|265|\n|teamsize|p1|6\n|teamsize|p2|6\n|gen|9\n|tier|[Gen 9] National Dex Ubers\n|rule|HP Percentage Mod: HP is shown in percentages\n|rule|Endless Battle Clause: Forcing endless battles is banned\n|rule|OHKO Clause: OHKO moves are banned\n|rule|Evasion Moves Clause: Evasion moves are banned\n|rule|Evasion Items Clause: Evasion items are banned\n|rule|Species Clause: Limit one of each Pok\u00e9mon\n|rule|Sleep Clause Mod: Limit one foe put to sleep\n|rule|Mega Rayquaza Clause: You cannot mega evolve Rayquaza\n|clearpoke\n|poke|p1|Dragonite, F|\n|poke|p1|Blaziken, M|\n|poke|p1|Tangrowth, M|\n|poke|p1|Blissey, F|\n|poke|p1|Zoroark-Hisui, M|\n|poke|p1|Manectric, F|\n|poke|p2|Metagross|\n|poke|p2|Bisharp, F|\n|poke|p2|Heatran, F|\n|poke|p2|Iron Treads|\n|poke|p2|Corviknight, F|\n|poke|p2|Ferrothorn, M|\n|teampreview\n|c|\u2606DiosPanzer|Me papean\n|c|\u2606DiosPanzer|XD\n|c|\u2606alcatel999|mmm no se\n|\n|t:|1699055784\n|start\n|switch|p1a: KFC|Blaziken, M|100\/100\n|switch|p2a: Iron Treads|Iron Treads|100\/100\n|-enditem|p2a: Iron Treads|Booster Energy\n|-activate|p2a: Iron Treads|ability: Quark Drive|[fromitem]\n|-start|p2a: Iron Treads|quarkdriveatk\n|turn|1\n|c|\u2606DiosPanzer|Waos\n|\n|t:|1699055802\n|switch|p1a: Mariposon|Dragonite, F|100\/100\n|-terastallize|p2a: Iron Treads|Dragon\n|move|p2a: Iron Treads|Rapid Spin|p1a: Mariposon\n|-damage|p1a: Mariposon|88\/100\n|-boost|p2a: Iron Treads|spe|1\n|\n|-heal|p1a: Mariposon|94\/100|[from] item: Leftovers\n|upkeep\n|turn|2\n|\n|t:|1699055817\n|move|p2a: Iron Treads|Knock Off|p1a: Mariposon\n|-damage|p1a: Mariposon|43\/100\n|-enditem|p1a: Mariposon|Leftovers|[from] move: Knock Off|[of] p2a: Iron Treads\n|move|p1a: Mariposon|Dragon Dance|p1a: Mariposon\n|-boost|p1a: Mariposon|atk|1\n|-boost|p1a: Mariposon|spe|1\n|\n|upkeep\n|turn|3\n|j| Elohim yt 08\u00b3\n|\n|t:|1699055825\n|move|p1a: Mariposon|Extreme Speed|p2a: Iron Treads\n|-damage|p2a: Iron Treads|55\/100\n|move|p2a: Iron Treads|Iron Head|p1a: Mariposon\n|-damage|p1a: Mariposon|0 fnt\n|faint|p1a: Mariposon\n|\n|upkeep\n|c|\u2606DiosPanzer|Waos\n|c|\u2606DiosPanzer|Deberia ser mas rapido que todo tu equipo\n|c|\u2606DiosPanzer|Igual no creo que me haga un 6 vs 1\n|\n|t:|1699055858\n|switch|p1a: HuevoPeludo|Tangrowth, M|100\/100\n|turn|4\n|\n|t:|1699055863\n|move|p2a: Iron Treads|Knock Off|p1a: HuevoPeludo\n|-damage|p1a: HuevoPeludo|78\/100\n|-damage|p2a: Iron Treads|39\/100|[from] item: Rocky Helmet|[of] p1a: HuevoPeludo\n|-enditem|p1a: HuevoPeludo|Rocky Helmet|[from] move: Knock Off|[of] p2a: Iron Treads\n|move|p1a: HuevoPeludo|Knock Off|p2a: Iron Treads\n|-damage|p2a: Iron Treads|24\/100\n|\n|upkeep\n|turn|5\n|c|\u2606DiosPanzer|Esa mierda me da miedo\n|\n|t:|1699055873\n|move|p2a: Iron Treads|Iron Head|p1a: HuevoPeludo\n|-damage|p1a: HuevoPeludo|48\/100\n|move|p1a: HuevoPeludo|Leech Seed|p2a: Iron Treads|[miss]\n|-miss|p1a: HuevoPeludo|p2a: Iron Treads\n|\n|upkeep\n|turn|6\n|\n|t:|1699055879\n|move|p2a: Iron Treads|Iron Head|p1a: HuevoPeludo\n|-damage|p1a: HuevoPeludo|20\/100\n|move|p1a: HuevoPeludo|Synthesis|p1a: HuevoPeludo\n|-heal|p1a: HuevoPeludo|70\/100\n|\n|upkeep\n|turn|7\n|\n|t:|1699055885\n|move|p2a: Iron Treads|Iron Head|p1a: HuevoPeludo\n|-damage|p1a: HuevoPeludo|43\/100\n|cant|p1a: HuevoPeludo|flinch\n|\n|upkeep\n|turn|8\n|\n|t:|1699055890\n|move|p2a: Iron Treads|Iron Head|p1a: HuevoPeludo\n|-damage|p1a: HuevoPeludo|16\/100\n|move|p1a: HuevoPeludo|Synthesis|p1a: HuevoPeludo\n|-heal|p1a: HuevoPeludo|66\/100\n|\n|upkeep\n|turn|9\n|\n|t:|1699055896\n|move|p2a: Iron Treads|Iron Head|p1a: HuevoPeludo\n|-damage|p1a: HuevoPeludo|39\/100\n|cant|p1a: HuevoPeludo|flinch\n|\n|upkeep\n|turn|10\n|c|\u2606alcatel999|ea\n|\n|t:|1699055902\n|move|p2a: Iron Treads|Iron Head|p1a: HuevoPeludo\n|-damage|p1a: HuevoPeludo|8\/100\n|move|p1a: HuevoPeludo|Synthesis|p1a: HuevoPeludo\n|-heal|p1a: HuevoPeludo|58\/100\n|\n|upkeep\n|turn|11\n|\n|t:|1699055909\n|-end|p2a: Iron Treads|Quark Drive|[silent]\n|switch|p2a: Heatran|Heatran, F, shiny|100\/100\n|move|p1a: HuevoPeludo|Leech Seed|p2a: Heatran|[miss]\n|-miss|p1a: HuevoPeludo|p2a: Heatran\n|\n|upkeep\n|turn|12\n|\n|t:|1699055915\n|move|p1a: HuevoPeludo|Protect|p1a: HuevoPeludo\n|-singleturn|p1a: HuevoPeludo|Protect\n|move|p2a: Heatran|Magma Storm|p1a: HuevoPeludo\n|-activate|p1a: HuevoPeludo|move: Protect\n|\n|upkeep\n|turn|13\n|c|\u2606DiosPanzer|Waos\n|\n|t:|1699055923\n|switch|p1a: MamaLuchona|Blissey, F|100\/100\n|move|p2a: Heatran|Magma Storm|p1a: MamaLuchona\n|-damage|p1a: MamaLuchona|83\/100\n|-activate|p1a: MamaLuchona|move: Magma Storm|[of] p2a: Heatran\n|\n|-damage|p1a: MamaLuchona|71\/100|[from] move: Magma Storm|[partiallytrapped]\n|upkeep\n|turn|14\n|c|\u2606alcatel999|hoy ando con mala suerte ea\n|\n|t:|1699055935\n|move|p2a: Heatran|Taunt|p1a: MamaLuchona\n|-start|p1a: MamaLuchona|move: Taunt\n|cant|p1a: MamaLuchona|move: Taunt|Soft-Boiled\n|\n|-damage|p1a: MamaLuchona|58\/100|[from] move: Magma Storm|[partiallytrapped]\n|upkeep\n|turn|15\n|\n|t:|1699055947\n|switch|p2a: Metagross|Metagross, shiny|100\/100\n|move|p1a: MamaLuchona|Seismic Toss|p2a: Metagross\n|-damage|p2a: Metagross|67\/100\n|\n|-end|p1a: MamaLuchona|Magma Storm|[partiallytrapped]|[silent]\n|upkeep\n|turn|16\n|\n|t:|1699055973\n|detailschange|p2a: Metagross|Metagross-Mega, shiny\n|-mega|p2a: Metagross|Metagross|Metagrossite\n|move|p2a: Metagross|Meteor Mash|p1a: MamaLuchona\n|-damage|p1a: MamaLuchona|0 fnt\n|faint|p1a: MamaLuchona\n|\n|upkeep\n|c|\u2606DiosPanzer|No +ataque\n|\n|t:|1699055982\n|switch|p1a: HuevoPeludo|Tangrowth, M|91\/100\n|turn|17\n|c|\u2606DiosPanzer|:(\n|\n|t:|1699055986\n|move|p2a: Metagross|Ice Punch|p1a: HuevoPeludo\n|-supereffective|p1a: HuevoPeludo\n|-damage|p1a: HuevoPeludo|56\/100\n|move|p1a: HuevoPeludo|Leech Seed|p2a: Metagross\n|-start|p2a: Metagross|move: Leech Seed\n|\n|-damage|p2a: Metagross|55\/100|[from] Leech Seed|[of] p1a: HuevoPeludo\n|-heal|p1a: HuevoPeludo|65\/100|[silent]\n|upkeep\n|turn|18\n|\n|t:|1699055995\n|switch|p2a: Heatran|Heatran, F, shiny|100\/100\n|move|p1a: HuevoPeludo|Protect||[still]\n|-fail|p1a: HuevoPeludo\n|\n|upkeep\n|turn|19\n|c|\u2606DiosPanzer|Te van a matar\n|\n|t:|1699056001\n|move|p2a: Heatran|Magma Storm|p1a: HuevoPeludo\n|-supereffective|p1a: HuevoPeludo\n|-damage|p1a: HuevoPeludo|0 fnt\n|faint|p1a: HuevoPeludo\n|\n|upkeep\n|l| Elohim yt 08\u00b3\n|\n|t:|1699056005\n|switch|p1a: KFC|Blaziken, M|100\/100\n|turn|20\n|\n|t:|1699056020\n|-terastallize|p1a: KFC|Ground\n|move|p1a: KFC|Tera Blast|p2a: Heatran|[anim] Tera Blast Ground\n|-supereffective|p2a: Heatran\n|-damage|p2a: Heatran|0 fnt\n|faint|p2a: Heatran\n|\n|upkeep\n|c|\u2606DiosPanzer|Waos\n|\n|t:|1699056033\n|switch|p2a: Corviknight|Corviknight, F, shiny|100\/100\n|turn|21\n|c|\u2606DiosPanzer|No speed boost?\n|\n|t:|1699056049\n|move|p1a: KFC|Nasty Plot|p1a: KFC\n|-boost|p1a: KFC|spa|2\n|move|p2a: Corviknight|Body Press|p1a: KFC\n|-damage|p1a: KFC|47\/100\n|replace|p1a: Amongus|Zoroark-Hisui, M\n|-end|p1a: Amongus|Illusion\n|\n|upkeep\n|turn|22\n|c|\u2606alcatel999|Xd\n|c|\u2606DiosPanzer|a\n|\n|t:|1699056058\n|move|p1a: Amongus|Flamethrower|p2a: Corviknight\n|-supereffective|p2a: Corviknight\n|-damage|p2a: Corviknight|0 fnt\n|faint|p2a: Corviknight\n|\n|upkeep\n|c|\u2606DiosPanzer|Me troliaron\n|\n|t:|1699056067\n|switch|p2a: Bisharp|Bisharp, F, shiny|100\/100\n|turn|23\n|\n|t:|1699056076\n|switch|p1a: KFC|Blaziken, M|100\/100\n|move|p2a: Bisharp|Sucker Punch||[still]\n|-fail|p2a: Bisharp\n|\n|upkeep\n|turn|24\n|c|\u2606DiosPanzer|A\n|\n|t:|1699056094\n|move|p1a: KFC|Swords Dance|p1a: KFC\n|-boost|p1a: KFC|atk|2\n|move|p2a: Bisharp|Iron Head|p1a: KFC\n|-resisted|p1a: KFC\n|-damage|p1a: KFC|71\/100\n|\n|-heal|p1a: KFC|77\/100|[from] item: Leftovers\n|-ability|p1a: KFC|Speed Boost|boost\n|-boost|p1a: KFC|spe|1\n|upkeep\n|turn|25\n|\n|t:|1699056103\n|move|p2a: Bisharp|Sucker Punch||[still]\n|-fail|p2a: Bisharp\n|move|p1a: KFC|Swords Dance|p1a: KFC\n|-boost|p1a: KFC|atk|2\n|\n|-heal|p1a: KFC|83\/100|[from] item: Leftovers\n|-ability|p1a: KFC|Speed Boost|boost\n|-boost|p1a: KFC|spe|1\n|upkeep\n|turn|26\n|c|\u2606DiosPanzer|Pinche thiago\n|c|\u2606DiosPanzer|No me humilles asi\n|\n|t:|1699056114\n|move|p2a: Bisharp|Sucker Punch|p1a: KFC\n|-resisted|p1a: KFC\n|-crit|p1a: KFC\n|-damage|p1a: KFC|46\/100\n|move|p1a: KFC|Close Combat|p2a: Bisharp\n|-supereffective|p2a: Bisharp\n|-damage|p2a: Bisharp|0 fnt\n|-unboost|p1a: KFC|def|1\n|-unboost|p1a: KFC|spd|1\n|faint|p2a: Bisharp\n|\n|-heal|p1a: KFC|52\/100|[from] item: Leftovers\n|-ability|p1a: KFC|Speed Boost|boost\n|-boost|p1a: KFC|spe|1\n|upkeep\n|\n|t:|1699056126\n|switch|p2a: Ferrothorn|Ferrothorn, M|100\/100\n|turn|27\n|c|\u2606alcatel999|Igual el paradoja capaz resiste\n|\n|t:|1699056136\n|move|p1a: KFC|Protect|p1a: KFC\n|-singleturn|p1a: KFC|Protect\n|move|p2a: Ferrothorn|Leech Seed|p1a: KFC\n|-activate|p1a: KFC|move: Protect\n|\n|-heal|p1a: KFC|58\/100|[from] item: Leftovers\n|-ability|p1a: KFC|Speed Boost|boost\n|-boost|p1a: KFC|spe|1\n|upkeep\n|turn|28\n|\n|t:|1699056149\n|move|p1a: KFC|Flare Blitz|p2a: Ferrothorn\n|-supereffective|p2a: Ferrothorn\n|-damage|p2a: Ferrothorn|0 fnt\n|-damage|p1a: KFC|45\/100|[from] ability: Iron Barbs|[of] p2a: Ferrothorn\n|faint|p2a: Ferrothorn\n|-damage|p1a: KFC|10\/100|[from] Recoil\n|\n|-heal|p1a: KFC|16\/100|[from] item: Leftovers\n|-ability|p1a: KFC|Speed Boost|boost\n|-boost|p1a: KFC|spe|1\n|upkeep\n|\n|t:|1699056158\n|switch|p2a: Metagross|Metagross-Mega, shiny|55\/100\n|turn|29\n|c|\u2606alcatel999|No recuerdo si esa madre tiene pu\u00f1o bala\n|\n|t:|1699056172\n|move|p1a: KFC|Protect|p1a: KFC\n|-singleturn|p1a: KFC|Protect\n|move|p2a: Metagross|Bullet Punch|p1a: KFC\n|-activate|p1a: KFC|move: Protect\n|\n|-heal|p1a: KFC|22\/100|[from] item: Leftovers\n|-ability|p1a: KFC|Speed Boost|boost\n|-boost|p1a: KFC|spe|1\n|upkeep\n|turn|30\n|c|\u2606DiosPanzer|No tiene\n|c|\u2606DiosPanzer|Era bait\n|\n|t:|1699056188\n|move|p1a: KFC|Close Combat|p2a: Metagross\n|-damage|p2a: Metagross|0 fnt\n|-unboost|p1a: KFC|def|1\n|-unboost|p1a: KFC|spd|1\n|faint|p2a: Metagross\n|\n|-heal|p1a: KFC|28\/100|[from] item: Leftovers\n|upkeep\n|c|\u2606alcatel999|waos\n|c|\u2606DiosPanzer|Que mierda?\n|c|\u2606DiosPanzer|Missclick?\n|\n|t:|1699056203\n|switch|p2a: Iron Treads|Iron Treads, tera:Dragon|24\/100\n|turn|31\n|c|\u2606alcatel999|no se\n|\n|t:|1699056207\n|move|p1a: KFC|Close Combat|p2a: Iron Treads\n|-damage|p2a: Iron Treads|0 fnt\n|-unboost|p1a: KFC|def|1\n|-unboost|p1a: KFC|spd|1\n|faint|p2a: Iron Treads\n|-end|p2a: Iron Treads|Quark Drive|[silent]\n|\n|win|alcatel999\n|l|\u2606DiosPanzer\n","uploadtime":1699056212,"views":8,"p1id":"alcatel999","p2id":"diospanzer","formatid":"gen9nationaldexubers","rating":0,"private":0,"password":""}