{"id":"gen9nationaldexubers-1988908733","p1":"yukiatu","p2":"dudusao","format":"[Gen 9] National Dex Ubers","log":"|j|\u2606yukiatu\n|j|\u2606dudusao\n|t:|1699785733\n|gametype|singles\n|player|p1|yukiatu|170|1086\n|player|p2|dudusao|101|1155\n|teamsize|p1|6\n|teamsize|p2|6\n|gen|9\n|tier|[Gen 9] National Dex Ubers\n|rated|\n|rule|HP Percentage Mod: HP is shown in percentages\n|rule|Endless Battle Clause: Forcing endless battles is banned\n|rule|OHKO Clause: OHKO moves are banned\n|rule|Evasion Moves Clause: Evasion moves are banned\n|rule|Evasion Items Clause: Evasion items are banned\n|rule|Species Clause: Limit one of each Pok\u00e9mon\n|rule|Sleep Clause Mod: Limit one foe put to sleep\n|rule|Mega Rayquaza Clause: You cannot mega evolve Rayquaza\n|clearpoke\n|poke|p1|Arceus-Steel|\n|poke|p1|Salamence, F|\n|poke|p1|Zekrom|\n|poke|p1|Xerneas-*|\n|poke|p1|Ho-Oh|\n|poke|p1|Marshadow|\n|poke|p2|Alomomola, F|\n|poke|p2|Serperior, M|\n|poke|p2|Absol, M|\n|poke|p2|Zacian-*|\n|poke|p2|Noivern, M|\n|poke|p2|Iron Treads|\n|teampreview\n|\n|t:|1699785747\n|start\n|switch|p1a: Zekrom|Zekrom|100\/100\n|switch|p2a: Absol|Absol, M|100\/100\n|-ability|p1a: Zekrom|Teravolt\n|-ability|p2a: Absol|Pressure\n|turn|1\n|\n|t:|1699785756\n|detailschange|p2a: Absol|Absol-Mega, M\n|-mega|p2a: Absol|Absol|Absolite\n|move|p1a: Zekrom|Dragon Claw|p2a: Absol\n|-damage|p2a: Absol|8\/100\n|move|p2a: Absol|Swords Dance|p2a: Absol\n|-boost|p2a: Absol|atk|2\n|\n|upkeep\n|turn|2\n|\n|t:|1699785765\n|move|p2a: Absol|Sucker Punch|p1a: Zekrom\n|-damage|p1a: Zekrom|32\/100\n|move|p1a: Zekrom|Dragon Claw|p2a: Absol\n|-damage|p2a: Absol|0 fnt\n|faint|p2a: Absol\n|\n|upkeep\n|\n|t:|1699785773\n|switch|p2a: Iron Treads|Iron Treads|100\/100\n|turn|3\n|\n|t:|1699785792\n|switch|p1a: Ho-Oh|Ho-Oh|100\/100\n|move|p2a: Iron Treads|Stealth Rock|p1a: Ho-Oh\n|-sidestart|p1: yukiatu|move: Stealth Rock\n|\n|upkeep\n|turn|4\n|\n|t:|1699785800\n|-end|p2a: Iron Treads|Quark Drive|[silent]\n|switch|p2a: Alomomola|Alomomola, F|100\/100\n|move|p1a: Ho-Oh|Sacred Fire|p2a: Alomomola\n|-resisted|p2a: Alomomola\n|-damage|p2a: Alomomola|90\/100\n|\n|upkeep\n|turn|5\n|\n|t:|1699785812\n|switch|p1a: Zekrom|Zekrom|32\/100\n|-damage|p1a: Zekrom|20\/100|[from] Stealth Rock\n|-ability|p1a: Zekrom|Teravolt\n|move|p2a: Alomomola|Wish|p2a: Alomomola\n|\n|upkeep\n|turn|6\n|\n|t:|1699785826\n|switch|p2a: Iron Treads|Iron Treads|100\/100\n|move|p1a: Zekrom|Fusion Bolt|p2a: Iron Treads\n|-immune|p2a: Iron Treads\n|\n|upkeep\n|turn|7\n|\n|t:|1699785835\n|switch|p1a: Arceus|Arceus-Steel|100\/100\n|-damage|p1a: Arceus|94\/100|[from] Stealth Rock\n|move|p2a: Iron Treads|Earthquake|p1a: Arceus\n|-supereffective|p1a: Arceus\n|-damage|p1a: Arceus|51\/100\n|\n|upkeep\n|turn|8\n|\n|t:|1699785848\n|-terastallize|p2a: Iron Treads|Ground\n|move|p2a: Iron Treads|Earthquake|p1a: Arceus\n|-supereffective|p1a: Arceus\n|-damage|p1a: Arceus|0 fnt\n|faint|p1a: Arceus\n|\n|upkeep\n|\n|t:|1699785855\n|switch|p1a: Salamence|Salamence, F|100\/100\n|-damage|p1a: Salamence|75\/100|[from] Stealth Rock\n|-ability|p1a: Salamence|Intimidate|boost\n|-unboost|p2a: Iron Treads|atk|1\n|turn|9\n|\n|t:|1699785864\n|-end|p2a: Iron Treads|Quark Drive|[silent]\n|switch|p2a: Alomomola|Alomomola, F|90\/100\n|detailschange|p1a: Salamence|Salamence-Mega, F\n|-mega|p1a: Salamence|Salamence|Salamencite\n|move|p1a: Salamence|Return|p2a: Alomomola\n|-damage|p2a: Alomomola|53\/100\n|-damage|p1a: Salamence|59\/100|[from] item: Rocky Helmet|[of] p2a: Alomomola\n|\n|upkeep\n|turn|10\n|\n|t:|1699785875\n|move|p1a: Salamence|Dragon Dance|p1a: Salamence\n|-boost|p1a: Salamence|atk|1\n|-boost|p1a: Salamence|spe|1\n|move|p2a: Alomomola|Wish|p2a: Alomomola\n|\n|upkeep\n|turn|11\n|\n|t:|1699785880\n|move|p1a: Salamence|Dragon Dance|p1a: Salamence\n|-boost|p1a: Salamence|atk|1\n|-boost|p1a: Salamence|spe|1\n|move|p2a: Alomomola|Toxic|p1a: Salamence\n|-status|p1a: Salamence|tox\n|\n|-heal|p2a: Alomomola|100\/100|[from] move: Wish|[wisher] Alomomola\n|-damage|p1a: Salamence|53\/100 tox|[from] psn\n|upkeep\n|turn|12\n|\n|t:|1699785890\n|move|p2a: Alomomola|Protect|p2a: Alomomola\n|-singleturn|p2a: Alomomola|Protect\n|move|p1a: Salamence|Return|p2a: Alomomola\n|-activate|p2a: Alomomola|move: Protect\n|\n|-damage|p1a: Salamence|41\/100 tox|[from] psn\n|upkeep\n|turn|13\n|\n|t:|1699785897\n|move|p1a: Salamence|Return|p2a: Alomomola\n|-damage|p2a: Alomomola|33\/100\n|-damage|p1a: Salamence|24\/100 tox|[from] item: Rocky Helmet|[of] p2a: Alomomola\n|move|p2a: Alomomola|Wish|p2a: Alomomola\n|\n|-damage|p1a: Salamence|6\/100 tox|[from] psn\n|upkeep\n|turn|14\n|-message|yukiatu forfeited.\n|\n|win|dudusao\n|raw|yukiatu's rating: 1086 &rarr; <strong>1068<\/strong><br \/>(-18 for losing)\n|raw|dudusao's rating: 1155 &rarr; <strong>1175<\/strong><br \/>(+20 for winning)\n|l|\u2606yukiatu\n","uploadtime":1699785920,"views":17,"p1id":"yukiatu","p2id":"dudusao","formatid":"gen9nationaldexubers","rating":1068,"private":0,"password":""}