{"id":"gen9nationaldexubers-1992944658","p1":"SuperC36","p2":"whaah","format":"[Gen 9] National Dex Ubers","log":"|j|\u2606SuperC36\n|j|\u2606whaah\n|t:|1700249081\n|gametype|singles\n|player|p1|SuperC36|ltsurge|1346\n|player|p2|whaah|plasmagrunt-gen5bw|1466\n|teamsize|p1|6\n|teamsize|p2|6\n|gen|9\n|tier|[Gen 9] National Dex Ubers\n|rated|\n|rule|HP Percentage Mod: HP is shown in percentages\n|rule|Endless Battle Clause: Forcing endless battles is banned\n|rule|OHKO Clause: OHKO moves are banned\n|rule|Evasion Moves Clause: Evasion moves are banned\n|rule|Evasion Items Clause: Evasion items are banned\n|rule|Species Clause: Limit one of each Pok\u00e9mon\n|rule|Sleep Clause Mod: Limit one foe put to sleep\n|rule|Mega Rayquaza Clause: You cannot mega evolve Rayquaza\n|clearpoke\n|poke|p1|Palkia-Origin|\n|poke|p1|Melmetal|\n|poke|p1|Tapu Lele|\n|poke|p1|Great Tusk|\n|poke|p1|Meowscarada, M|\n|poke|p1|Blacephalon|\n|poke|p2|Zygarde|\n|poke|p2|Dondozo, F|\n|poke|p2|Chansey, F|\n|poke|p2|Ho-Oh|\n|poke|p2|Eternatus|\n|poke|p2|Groudon|\n|teampreview\n|inactive|Battle timer is ON: inactive players will automatically lose when time's up. (requested by SuperC36)\n|\n|t:|1700249094\n|start\n|switch|p1a: Palkia|Palkia-Origin|100\/100\n|switch|p2a: Groudon|Groudon|100\/100\n|-ability|p1a: Palkia|Pressure\n|detailschange|p2a: Groudon|Groudon-Primal\n|-primal|p2a: Groudon|Red Orb\n|-weather|DesolateLand|[from] ability: Desolate Land|[of] p2a: Groudon\n|turn|1\n|\n|t:|1700249101\n|move|p1a: Palkia|Spacial Rend|p2a: Groudon\n|-crit|p2a: Groudon\n|-damage|p2a: Groudon|0 fnt\n|faint|p2a: Groudon\n|-weather|none\n|\n|upkeep\n|j| Pikapikaraipika\n|l| Pikapikaraipika\n|c|\u2606SuperC36|womp womp\n|inactive|whaah has 120 seconds left.\n|\n|t:|1700249137\n|switch|p2a: Chansey|Chansey, F|100\/100\n|turn|2\n|\n|t:|1700249142\n|move|p1a: Palkia|Spacial Rend|p2a: Chansey\n|-damage|p2a: Chansey|84\/100\n|move|p2a: Chansey|Confide|p1a: Palkia\n|-unboost|p1a: Palkia|spa|1\n|\n|upkeep\n|turn|3\n|\n|t:|1700249150\n|switch|p1a: Great Tusk|Great Tusk|100\/100\n|move|p2a: Chansey|Seismic Toss|p1a: Great Tusk\n|-damage|p1a: Great Tusk|74\/100\n|\n|upkeep\n|turn|4\n|\n|t:|1700249157\n|switch|p2a: Dondozo|Dondozo, F|100\/100\n|move|p1a: Great Tusk|Close Combat|p2a: Dondozo\n|-damage|p2a: Dondozo|71\/100\n|-unboost|p1a: Great Tusk|def|1\n|-unboost|p1a: Great Tusk|spd|1\n|\n|-heal|p2a: Dondozo|77\/100|[from] item: Leftovers\n|upkeep\n|turn|5\n|\n|t:|1700249173\n|-end|p1a: Great Tusk|Protosynthesis|[silent]\n|switch|p1a: Palkia|Palkia-Origin|100\/100\n|-ability|p1a: Palkia|Pressure\n|move|p2a: Dondozo|Curse|p2a: Dondozo\n|-unboost|p2a: Dondozo|spe|1\n|-boost|p2a: Dondozo|atk|1\n|-boost|p2a: Dondozo|def|1\n|\n|-heal|p2a: Dondozo|83\/100|[from] item: Leftovers\n|upkeep\n|turn|6\n|\n|t:|1700249180\n|switch|p2a: Chansey|Chansey, F|84\/100\n|move|p1a: Palkia|Thunderbolt|p2a: Chansey\n|-damage|p2a: Chansey|76\/100\n|\n|upkeep\n|turn|7\n|\n|t:|1700249187\n|switch|p1a: Great Tusk|Great Tusk|74\/100\n|move|p2a: Chansey|Seismic Toss|p1a: Great Tusk\n|-damage|p1a: Great Tusk|47\/100\n|\n|upkeep\n|turn|8\n|\n|t:|1700249193\n|switch|p2a: Dondozo|Dondozo, F|83\/100\n|move|p1a: Great Tusk|Close Combat|p2a: Dondozo\n|-damage|p2a: Dondozo|54\/100\n|-unboost|p1a: Great Tusk|def|1\n|-unboost|p1a: Great Tusk|spd|1\n|\n|-heal|p2a: Dondozo|60\/100|[from] item: Leftovers\n|upkeep\n|turn|9\n|\n|t:|1700249212\n|-end|p1a: Great Tusk|Protosynthesis|[silent]\n|switch|p1a: Meowscarada|Meowscarada, M|100\/100\n|move|p2a: Dondozo|Avalanche|p1a: Meowscarada\n|-supereffective|p1a: Meowscarada\n|-damage|p1a: Meowscarada|60\/100\n|\n|-heal|p2a: Dondozo|66\/100|[from] item: Leftovers\n|upkeep\n|turn|10\n|inactive|whaah has 120 seconds left.\n|\n|t:|1700249267\n|move|p1a: Meowscarada|Flower Trick|p2a: Dondozo\n|-start|p1a: Meowscarada|typechange|Grass|[from] ability: Protean\n|-supereffective|p2a: Dondozo\n|-crit|p2a: Dondozo\n|-damage|p2a: Dondozo|6\/100\n|-damage|p1a: Meowscarada|50\/100|[from] item: Life Orb\n|move|p2a: Dondozo|Curse|p2a: Dondozo\n|-unboost|p2a: Dondozo|spe|1\n|-boost|p2a: Dondozo|atk|1\n|-boost|p2a: Dondozo|def|1\n|\n|-heal|p2a: Dondozo|12\/100|[from] item: Leftovers\n|upkeep\n|turn|11\n|inactive|whaah has 90 seconds left.\n|\n|t:|1700249297\n|-terastallize|p2a: Dondozo|Fairy\n|move|p1a: Meowscarada|Flower Trick|p2a: Dondozo\n|-crit|p2a: Dondozo\n|-damage|p2a: Dondozo|0 fnt\n|faint|p2a: Dondozo\n|-damage|p1a: Meowscarada|40\/100|[from] item: Life Orb\n|\n|upkeep\n|\n|t:|1700249304\n|switch|p2a: Ho-Oh|Ho-Oh|100\/100\n|turn|12\n|\n|t:|1700249314\n|switch|p1a: Palkia|Palkia-Origin|100\/100\n|-ability|p1a: Palkia|Pressure\n|move|p2a: Ho-Oh|Sacred Fire|p1a: Palkia\n|-resisted|p1a: Palkia\n|-damage|p1a: Palkia|88\/100\n|-status|p1a: Palkia|brn\n|\n|-damage|p1a: Palkia|82\/100 brn|[from] brn\n|upkeep\n|turn|13\n|\n|t:|1700249322\n|switch|p2a: Chansey|Chansey, F|76\/100\n|move|p1a: Palkia|Surf|p2a: Chansey\n|-damage|p2a: Chansey|61\/100\n|\n|-damage|p1a: Palkia|76\/100 brn|[from] brn\n|upkeep\n|turn|14\n|\n|t:|1700249334\n|switch|p1a: Blacephalon|Blacephalon|100\/100\n|move|p2a: Chansey|Seismic Toss|p1a: Blacephalon\n|-immune|p1a: Blacephalon\n|\n|upkeep\n|turn|15\n|\n|t:|1700249345\n|move|p1a: Blacephalon|Flamethrower|p2a: Chansey\n|-damage|p2a: Chansey|47\/100\n|-status|p2a: Chansey|brn\n|move|p2a: Chansey|Soft-Boiled|p2a: Chansey\n|-heal|p2a: Chansey|97\/100 brn\n|\n|-damage|p2a: Chansey|90\/100 brn|[from] brn\n|upkeep\n|turn|16\n|\n|t:|1700249355\n|switch|p1a: Great Tusk|Great Tusk|47\/100\n|move|p2a: Chansey|Confide|p1a: Great Tusk\n|-unboost|p1a: Great Tusk|spa|1\n|\n|-damage|p2a: Chansey|84\/100 brn|[from] brn\n|upkeep\n|turn|17\n|\n|t:|1700249365\n|-curestatus|p2a: Chansey|brn|[from] ability: Natural Cure\n|switch|p2a: Zygarde|Zygarde|100\/100\n|move|p1a: Great Tusk|Ice Spinner|p2a: Zygarde\n|-supereffective|p2a: Zygarde\n|-damage|p2a: Zygarde|47\/100\n|\n|-heal|p2a: Zygarde|53\/100|[from] item: Leftovers\n|upkeep\n|turn|18\n|inactive|whaah has 120 seconds left.\n|\n|t:|1700249375\n|move|p1a: Great Tusk|Ice Spinner|p2a: Zygarde\n|-supereffective|p2a: Zygarde\n|-damage|p2a: Zygarde|0 fnt\n|faint|p2a: Zygarde\n|\n|upkeep\n|inactive|whaah has 120 seconds left.\n|\n|t:|1700249381\n|switch|p2a: Ho-Oh|Ho-Oh|100\/100\n|turn|19\n|\n|t:|1700249389\n|-end|p1a: Great Tusk|Protosynthesis|[silent]\n|switch|p1a: Palkia|Palkia-Origin|76\/100 brn\n|-ability|p1a: Palkia|Pressure\n|move|p2a: Ho-Oh|Toxic||[still]\n|-fail|p2a: Ho-Oh\n|\n|-damage|p1a: Palkia|69\/100 brn|[from] brn\n|upkeep\n|turn|20\n|\n|t:|1700249395\n|switch|p2a: Chansey|Chansey, F|84\/100\n|move|p1a: Palkia|Thunder Wave|p2a: Chansey\n|-status|p2a: Chansey|par\n|\n|-damage|p1a: Palkia|63\/100 brn|[from] brn\n|upkeep\n|turn|21\n|\n|t:|1700249402\n|-curestatus|p2a: Chansey|par|[from] ability: Natural Cure\n|switch|p2a: Eternatus|Eternatus|100\/100\n|-ability|p2a: Eternatus|Pressure\n|move|p1a: Palkia|Spacial Rend|p2a: Eternatus\n|-supereffective|p2a: Eternatus\n|-damage|p2a: Eternatus|9\/100\n|\n|-heal|p2a: Eternatus|15\/100|[from] item: Leftovers\n|-damage|p1a: Palkia|57\/100 brn|[from] brn\n|upkeep\n|turn|22\n|\n|t:|1700249414\n|switch|p1a: Melmetal|Melmetal|100\/100\n|move|p2a: Eternatus|Recover|p2a: Eternatus\n|-heal|p2a: Eternatus|65\/100\n|\n|-heal|p2a: Eternatus|71\/100|[from] item: Leftovers\n|upkeep\n|turn|23\n|\n|t:|1700249420\n|move|p2a: Eternatus|Flamethrower|p1a: Melmetal\n|-supereffective|p1a: Melmetal\n|-damage|p1a: Melmetal|58\/100\n|move|p1a: Melmetal|Earthquake|p2a: Eternatus\n|-supereffective|p2a: Eternatus\n|-damage|p2a: Eternatus|15\/100\n|\n|-heal|p2a: Eternatus|21\/100|[from] item: Leftovers\n|upkeep\n|turn|24\n|\n|t:|1700249427\n|move|p2a: Eternatus|Flamethrower|p1a: Melmetal\n|-supereffective|p1a: Melmetal\n|-damage|p1a: Melmetal|18\/100\n|move|p1a: Melmetal|Double Iron Bash|p2a: Eternatus\n|-damage|p2a: Eternatus|0 fnt\n|faint|p2a: Eternatus\n|-hitcount|p2: Eternatus|1\n|\n|upkeep\n|\n|t:|1700249433\n|switch|p2a: Ho-Oh|Ho-Oh|100\/100\n|turn|25\n|\n|t:|1700249459\n|move|p2a: Ho-Oh|Sacred Fire|p1a: Melmetal\n|-supereffective|p1a: Melmetal\n|-damage|p1a: Melmetal|0 fnt\n|faint|p1a: Melmetal\n|\n|upkeep\n|\n|t:|1700249469\n|switch|p1a: Tapu Lele|Tapu Lele|100\/100\n|-fieldstart|move: Psychic Terrain|[from] ability: Psychic Surge|[of] p1a: Tapu Lele\n|turn|26\n|\n|t:|1700249473\n|move|p1a: Tapu Lele|Psychic|p2a: Ho-Oh\n|-damage|p2a: Ho-Oh|50\/100\n|move|p2a: Ho-Oh|Toxic|p1a: Tapu Lele|[miss]\n|-miss|p2a: Ho-Oh|p1a: Tapu Lele\n|\n|upkeep\n|turn|27\n|\n|t:|1700249479\n|switch|p2a: Chansey|Chansey, F|84\/100\n|move|p1a: Tapu Lele|Psychic|p2a: Chansey\n|-damage|p2a: Chansey|63\/100\n|\n|upkeep\n|turn|28\n|\n|t:|1700249489\n|move|p1a: Tapu Lele|Psychic|p2a: Chansey\n|-damage|p2a: Chansey|41\/100\n|move|p2a: Chansey|Confide|p1a: Tapu Lele\n|-unboost|p1a: Tapu Lele|spa|1\n|\n|upkeep\n|turn|29\n|\n|t:|1700249499\n|switch|p1a: Blacephalon|Blacephalon|100\/100\n|move|p2a: Chansey|Soft-Boiled|p2a: Chansey\n|-heal|p2a: Chansey|91\/100\n|\n|upkeep\n|turn|30\n|\n|t:|1700249507\n|move|p1a: Blacephalon|Mind Blown|p2a: Chansey\n|-damage|p2a: Chansey|72\/100\n|-damage|p1a: Blacephalon|50\/100|[from] mindblown\n|move|p2a: Chansey|Confide|p1a: Blacephalon\n|-unboost|p1a: Blacephalon|spa|1\n|\n|-fieldend|move: Psychic Terrain\n|upkeep\n|turn|31\n|\n|t:|1700249512\n|switch|p1a: Meowscarada|Meowscarada, M|40\/100\n|switch|p2a: Ho-Oh|Ho-Oh|84\/100\n|\n|upkeep\n|turn|32\n|\n|t:|1700249526\n|move|p1a: Meowscarada|Sucker Punch||[still]\n|-fail|p1a: Meowscarada\n|move|p2a: Ho-Oh|Toxic|p1a: Meowscarada|[miss]\n|-miss|p2a: Ho-Oh|p1a: Meowscarada\n|\n|upkeep\n|turn|33\n|\n|t:|1700249533\n|move|p1a: Meowscarada|Hone Claws|p1a: Meowscarada\n|-start|p1a: Meowscarada|typechange|Dark|[from] ability: Protean\n|-boost|p1a: Meowscarada|atk|1\n|-boost|p1a: Meowscarada|accuracy|1\n|move|p2a: Ho-Oh|Toxic|p1a: Meowscarada\n|-status|p1a: Meowscarada|tox\n|\n|-damage|p1a: Meowscarada|34\/100 tox|[from] psn\n|upkeep\n|turn|34\n|\n|t:|1700249553\n|move|p1a: Meowscarada|Sucker Punch||[still]\n|-fail|p1a: Meowscarada\n|move|p2a: Ho-Oh|Whirlwind|p1a: Meowscarada\n|drag|p1a: Tapu Lele|Tapu Lele|100\/100\n|-fieldstart|move: Psychic Terrain|[from] ability: Psychic Surge|[of] p1a: Tapu Lele\n|\n|upkeep\n|turn|35\n|\n|t:|1700249564\n|move|p1a: Tapu Lele|Psychic|p2a: Ho-Oh\n|-damage|p2a: Ho-Oh|32\/100\n|-unboost|p2a: Ho-Oh|spd|1\n|move|p2a: Ho-Oh|Defog|p1a: Tapu Lele\n|-unboost|p1a: Tapu Lele|evasion|1\n|-fieldend|move: Psychic Terrain\n|\n|upkeep\n|turn|36\n|\n|t:|1700249569\n|switch|p2a: Chansey|Chansey, F|72\/100\n|move|p1a: Tapu Lele|Psychic|p2a: Chansey\n|-damage|p2a: Chansey|54\/100\n|\n|upkeep\n|turn|37\n|\n|t:|1700249579\n|switch|p1a: Blacephalon|Blacephalon|50\/100\n|move|p2a: Chansey|Soft-Boiled|p2a: Chansey\n|-heal|p2a: Chansey|100\/100\n|\n|upkeep\n|turn|38\n|\n|t:|1700249585\n|move|p1a: Blacephalon|Psychic|p2a: Chansey\n|-damage|p2a: Chansey|92\/100\n|move|p2a: Chansey|Confide|p1a: Blacephalon\n|-unboost|p1a: Blacephalon|spa|1\n|\n|upkeep\n|turn|39\n|\n|t:|1700249589\n|move|p1a: Blacephalon|Psychic|p2a: Chansey\n|-damage|p2a: Chansey|86\/100\n|move|p2a: Chansey|Seismic Toss|p1a: Blacephalon\n|-immune|p1a: Blacephalon\n|\n|upkeep\n|turn|40\n|\n|t:|1700249595\n|move|p1a: Blacephalon|Psychic|p2a: Chansey\n|-damage|p2a: Chansey|81\/100\n|move|p2a: Chansey|Confide|p1a: Blacephalon\n|-unboost|p1a: Blacephalon|spa|1\n|\n|upkeep\n|turn|41\n|\n|t:|1700249603\n|move|p1a: Blacephalon|Psychic|p2a: Chansey\n|-damage|p2a: Chansey|77\/100\n|move|p2a: Chansey|Confide|p1a: Blacephalon\n|-unboost|p1a: Blacephalon|spa|1\n|\n|upkeep\n|turn|42\n|\n|t:|1700249609\n|move|p1a: Blacephalon|Psychic|p2a: Chansey\n|-damage|p2a: Chansey|73\/100\n|move|p2a: Chansey|Confide|p1a: Blacephalon\n|-unboost|p1a: Blacephalon|spa|1\n|\n|upkeep\n|turn|43\n|c|\u2606SuperC36|jusk quit\n|c|\u2606SuperC36|just\n|\n|t:|1700249621\n|switch|p2a: Ho-Oh|Ho-Oh|66\/100\n|move|p1a: Blacephalon|Psychic|p2a: Ho-Oh\n|-damage|p2a: Ho-Oh|59\/100\n|\n|upkeep\n|turn|44\n|inactive|SuperC36 has 120 seconds left.\n|\n|t:|1700249661\n|switch|p1a: Palkia|Palkia-Origin|57\/100 brn\n|-ability|p1a: Palkia|Pressure\n|move|p2a: Ho-Oh|Toxic||[still]\n|-fail|p2a: Ho-Oh\n|\n|-damage|p1a: Palkia|51\/100 brn|[from] brn\n|upkeep\n|turn|45\n|\n|t:|1700249667\n|switch|p2a: Chansey|Chansey, F|73\/100\n|move|p1a: Palkia|Surf|p2a: Chansey\n|-damage|p2a: Chansey|58\/100\n|\n|-damage|p1a: Palkia|44\/100 brn|[from] brn\n|upkeep\n|turn|46\n|\n|t:|1700249674\n|-terastallize|p1a: Palkia|Water\n|move|p1a: Palkia|Surf|p2a: Chansey\n|-damage|p2a: Chansey|37\/100\n|move|p2a: Chansey|Seismic Toss|p1a: Palkia\n|-damage|p1a: Palkia|13\/100 brn\n|\n|-damage|p1a: Palkia|7\/100 brn|[from] brn\n|upkeep\n|turn|47\n|\n|t:|1700249682\n|move|p1a: Palkia|Surf|p2a: Chansey\n|-damage|p2a: Chansey|14\/100\n|move|p2a: Chansey|Soft-Boiled|p2a: Chansey\n|-heal|p2a: Chansey|64\/100\n|\n|-damage|p1a: Palkia|1\/100 brn|[from] brn\n|upkeep\n|turn|48\n|\n|t:|1700249687\n|move|p1a: Palkia|Surf|p2a: Chansey\n|-damage|p2a: Chansey|43\/100\n|move|p2a: Chansey|Soft-Boiled|p2a: Chansey\n|-heal|p2a: Chansey|93\/100\n|\n|-damage|p1a: Palkia|0 fnt|[from] brn\n|faint|p1a: Palkia\n|upkeep\n|\n|t:|1700249701\n|switch|p1a: Great Tusk|Great Tusk|47\/100\n|turn|49\n|\n|t:|1700249705\n|switch|p2a: Ho-Oh|Ho-Oh|93\/100\n|move|p1a: Great Tusk|Close Combat|p2a: Ho-Oh\n|-resisted|p2a: Ho-Oh\n|-damage|p2a: Ho-Oh|73\/100\n|-unboost|p1a: Great Tusk|def|1\n|-unboost|p1a: Great Tusk|spd|1\n|\n|upkeep\n|turn|50\n|\n|t:|1700249710\n|-end|p1a: Great Tusk|Protosynthesis|[silent]\n|switch|p1a: Tapu Lele|Tapu Lele|100\/100\n|-fieldstart|move: Psychic Terrain|[from] ability: Psychic Surge|[of] p1a: Tapu Lele\n|move|p2a: Ho-Oh|Toxic|p1a: Tapu Lele\n|-status|p1a: Tapu Lele|tox\n|\n|-damage|p1a: Tapu Lele|94\/100 tox|[from] psn\n|upkeep\n|turn|51\n|\n|t:|1700249722\n|switch|p2a: Chansey|Chansey, F|93\/100\n|move|p1a: Tapu Lele|Energy Ball|p2a: Chansey\n|-damage|p2a: Chansey|81\/100\n|-unboost|p2a: Chansey|spd|1\n|\n|-damage|p1a: Tapu Lele|82\/100 tox|[from] psn\n|upkeep\n|turn|52\n|\n|t:|1700249744\n|move|p1a: Tapu Lele|Energy Ball|p2a: Chansey\n|-damage|p2a: Chansey|64\/100\n|move|p2a: Chansey|Seismic Toss|p1a: Tapu Lele\n|-damage|p1a: Tapu Lele|47\/100 tox\n|\n|-damage|p1a: Tapu Lele|29\/100 tox|[from] psn\n|upkeep\n|turn|53\n|\n|t:|1700249750\n|move|p1a: Tapu Lele|Energy Ball|p2a: Chansey\n|-damage|p2a: Chansey|46\/100\n|-unboost|p2a: Chansey|spd|1\n|move|p2a: Chansey|Seismic Toss|p1a: Tapu Lele\n|-damage|p1a: Tapu Lele|0 fnt\n|faint|p1a: Tapu Lele\n|\n|upkeep\n|\n|t:|1700249758\n|switch|p1a: Blacephalon|Blacephalon|50\/100\n|turn|54\n|\n|t:|1700249762\n|switch|p2a: Ho-Oh|Ho-Oh|100\/100\n|move|p1a: Blacephalon|Psychic|p2a: Ho-Oh\n|-damage|p2a: Ho-Oh|77\/100\n|\n|-fieldend|move: Psychic Terrain\n|upkeep\n|turn|55\n|\n|t:|1700249770\n|switch|p1a: Meowscarada|Meowscarada, M|34\/100 tox\n|move|p2a: Ho-Oh|Toxic|p1a: Meowscarada\n|-fail|p1a: Meowscarada|tox\n|\n|-damage|p1a: Meowscarada|27\/100 tox|[from] psn\n|upkeep\n|turn|56\n|\n|t:|1700249777\n|move|p1a: Meowscarada|Sucker Punch|p2a: Ho-Oh\n|-start|p1a: Meowscarada|typechange|Dark|[from] ability: Protean\n|-damage|p2a: Ho-Oh|47\/100\n|-damage|p1a: Meowscarada|18\/100 tox|[from] item: Life Orb\n|move|p2a: Ho-Oh|Sacred Fire|p1a: Meowscarada\n|-damage|p1a: Meowscarada|0 fnt\n|faint|p1a: Meowscarada\n|\n|upkeep\n|\n|t:|1700249783\n|switch|p1a: Blacephalon|Blacephalon|50\/100\n|turn|57\n|\n|t:|1700249794\n|switch|p2a: Chansey|Chansey, F|46\/100\n|move|p1a: Blacephalon|Mind Blown|p2a: Chansey\n|-damage|p2a: Chansey|26\/100\n|-damage|p1a: Blacephalon|0 fnt|[from] mindblown\n|faint|p1a: Blacephalon\n|\n|upkeep\n|\n|t:|1700249799\n|switch|p1a: Great Tusk|Great Tusk|47\/100\n|turn|58\n|\n|t:|1700249804\n|switch|p2a: Ho-Oh|Ho-Oh|81\/100\n|move|p1a: Great Tusk|Ice Spinner|p2a: Ho-Oh\n|-damage|p2a: Ho-Oh|61\/100\n|\n|upkeep\n|turn|59\n|\n|t:|1700249810\n|move|p1a: Great Tusk|Ice Spinner|p2a: Ho-Oh\n|-damage|p2a: Ho-Oh|44\/100\n|move|p2a: Ho-Oh|Toxic|p1a: Great Tusk\n|-status|p1a: Great Tusk|tox\n|\n|-damage|p1a: Great Tusk|40\/100 tox|[from] psn\n|upkeep\n|turn|60\n|c|\u2606SuperC36|you are a pos\n|\n|t:|1700249818\n|move|p1a: Great Tusk|Ice Spinner|p2a: Ho-Oh\n|-damage|p2a: Ho-Oh|25\/100\n|move|p2a: Ho-Oh|Sacred Fire|p1a: Great Tusk\n|-damage|p1a: Great Tusk|8\/100 tox\n|\n|-damage|p1a: Great Tusk|0 fnt|[from] psn\n|faint|p1a: Great Tusk\n|-end|p1a: Great Tusk|Protosynthesis|[silent]\n|\n|win|whaah\n|upkeep\n|raw|SuperC36's rating: 1346 &rarr; <strong>1333<\/strong><br \/>(-13 for losing)\n|raw|whaah's rating: 1466 &rarr; <strong>1479<\/strong><br \/>(+13 for winning)\n|l|\u2606SuperC36\n|c|\u2606whaah|gg\n","uploadtime":1700249988,"views":21,"p1id":"superc36","p2id":"whaah","formatid":"gen9nationaldexubers","rating":1333,"private":0,"password":""}