{"id":"gen9nationaldexubers-1998915674","p1":"Valerieh\u2740","p2":"luizxv","format":"[Gen 9] National Dex Ubers","log":"|j|\u2606Valerieh\u2740\n|j|\u2606luizxv\n|t:|1701012631\n|gametype|singles\n|player|p1|Valerieh\u2740|valerie|1064\n|player|p2|luizxv|benga|1201\n|teamsize|p1|6\n|teamsize|p2|6\n|gen|9\n|tier|[Gen 9] National Dex Ubers\n|rated|\n|rule|HP Percentage Mod: HP is shown in percentages\n|rule|Endless Battle Clause: Forcing endless battles is banned\n|rule|OHKO Clause: OHKO moves are banned\n|rule|Evasion Moves Clause: Evasion moves are banned\n|rule|Evasion Items Clause: Evasion items are banned\n|rule|Species Clause: Limit one of each Pok\u00e9mon\n|rule|Sleep Clause Mod: Limit one foe put to sleep\n|rule|Mega Rayquaza Clause: You cannot mega evolve Rayquaza\n|clearpoke\n|poke|p1|Magearna|\n|poke|p1|Gardevoir, F|\n|poke|p1|Togekiss, M|\n|poke|p1|Mimikyu, M|\n|poke|p1|Milotic, M|\n|poke|p1|Landorus-Therian, M|\n|poke|p2|Marshadow|\n|poke|p2|Porygon-Z|\n|poke|p2|Garganacl, F|\n|poke|p2|Dusclops, F|\n|poke|p2|Ursaluna, F|\n|poke|p2|Tapu Koko|\n|teampreview\n|\n|t:|1701012647\n|start\n|switch|p1a: Mimikyu|Mimikyu, M|100\/100\n|switch|p2a: Dusclops|Dusclops, F|100\/100\n|-ability|p2a: Dusclops|Pressure\n|turn|1\n|\n|t:|1701012658\n|move|p1a: Mimikyu|Swords Dance|p1a: Mimikyu\n|-boost|p1a: Mimikyu|atk|2\n|move|p2a: Dusclops|Trick Room|p2a: Dusclops\n|-fieldstart|move: Trick Room|[of] p2a: Dusclops\n|\n|upkeep\n|turn|2\n|\n|t:|1701012664\n|move|p1a: Mimikyu|Shadow Sneak|p2a: Dusclops\n|-supereffective|p2a: Dusclops\n|-damage|p2a: Dusclops|69\/100\n|move|p2a: Dusclops|Will-O-Wisp|p1a: Mimikyu\n|-status|p1a: Mimikyu|brn\n|\n|-damage|p1a: Mimikyu|95\/100 brn|[from] brn\n|upkeep\n|turn|3\n|\n|t:|1701012671\n|move|p2a: Dusclops|Pain Split|p1a: Mimikyu\n|-sethp|p1a: Mimikyu|86\/100 brn|[from] move: Pain Split|[silent]\n|-sethp|p2a: Dusclops|76\/100|[from] move: Pain Split\n|move|p1a: Mimikyu|Substitute|p1a: Mimikyu\n|-start|p1a: Mimikyu|Substitute\n|-damage|p1a: Mimikyu|61\/100 brn\n|\n|-damage|p1a: Mimikyu|55\/100 brn|[from] brn\n|upkeep\n|turn|4\n|\n|t:|1701012677\n|move|p2a: Dusclops|Hex|p1a: Mimikyu\n|-supereffective|p1a: Mimikyu\n|-end|p1a: Mimikyu|Substitute\n|move|p1a: Mimikyu|Swords Dance|p1a: Mimikyu\n|-boost|p1a: Mimikyu|atk|2\n|\n|-damage|p1a: Mimikyu|50\/100 brn|[from] brn\n|upkeep\n|turn|5\n|\n|t:|1701012683\n|move|p2a: Dusclops|Hex|p1a: Mimikyu\n|-activate|p1a: Mimikyu|ability: Disguise\n|-damage|p1a: Mimikyu|50\/100 brn\n|detailschange|p1a: Mimikyu|Mimikyu-Busted, M\n|-damage|p1a: Mimikyu|37\/100 brn|[from] pokemon: Mimikyu-Busted\n|-zpower|p1a: Mimikyu\n|move|p1a: Mimikyu|Let's Snuggle Forever|p2a: Dusclops|[zeffect]\n|-damage|p2a: Dusclops|15\/100\n|\n|-damage|p1a: Mimikyu|31\/100 brn|[from] brn\n|-fieldend|move: Trick Room\n|upkeep\n|turn|6\n|\n|t:|1701012695\n|move|p1a: Mimikyu|Shadow Sneak|p2a: Dusclops\n|-supereffective|p2a: Dusclops\n|-damage|p2a: Dusclops|0 fnt\n|faint|p2a: Dusclops\n|\n|-damage|p1a: Mimikyu|25\/100 brn|[from] brn\n|upkeep\n|\n|t:|1701012705\n|switch|p2a: Ursaluna|Ursaluna, F|100\/100\n|turn|7\n|\n|t:|1701012713\n|move|p1a: Mimikyu|Play Rough|p2a: Ursaluna\n|-damage|p2a: Ursaluna|60\/100\n|move|p2a: Ursaluna|Crunch|p1a: Mimikyu\n|-damage|p1a: Mimikyu|0 fnt\n|faint|p1a: Mimikyu\n|\n|-status|p2a: Ursaluna|brn|[from] item: Flame Orb\n|upkeep\n|\n|t:|1701012718\n|switch|p1a: Landorus|Landorus-Therian, M|100\/100\n|-ability|p1a: Landorus|Intimidate|boost\n|-unboost|p2a: Ursaluna|atk|1\n|turn|8\n|\n|t:|1701012725\n|move|p1a: Landorus|U-turn|p2a: Ursaluna\n|-damage|p2a: Ursaluna|43\/100 brn\n|\n|t:|1701012727\n|switch|p1a: Milotic|Milotic, M|100\/100|[from] U-turn\n|move|p2a: Ursaluna|Facade|p1a: Milotic\n|-damage|p1a: Milotic|36\/100\n|\n|-damage|p2a: Ursaluna|37\/100 brn|[from] brn\n|-status|p1a: Milotic|brn|[from] item: Flame Orb\n|upkeep\n|turn|9\n|\n|t:|1701012743\n|move|p1a: Milotic|Recover|p1a: Milotic\n|-heal|p1a: Milotic|86\/100 brn\n|move|p2a: Ursaluna|Facade|p1a: Milotic\n|-damage|p1a: Milotic|43\/100 brn\n|\n|-damage|p1a: Milotic|37\/100 brn|[from] brn\n|-damage|p2a: Ursaluna|30\/100 brn|[from] brn\n|upkeep\n|turn|10\n|\n|t:|1701012750\n|move|p1a: Milotic|Scald|p2a: Ursaluna\n|-supereffective|p2a: Ursaluna\n|-damage|p2a: Ursaluna|0 fnt\n|faint|p2a: Ursaluna\n|\n|-damage|p1a: Milotic|31\/100 brn|[from] brn\n|upkeep\n|\n|t:|1701012762\n|switch|p2a: Garganacl|Garganacl, F|100\/100\n|turn|11\n|\n|t:|1701012770\n|-terastallize|p2a: Garganacl|Fairy\n|move|p1a: Milotic|Recover|p1a: Milotic\n|-heal|p1a: Milotic|81\/100 brn\n|move|p2a: Garganacl|Curse|p2a: Garganacl\n|-unboost|p2a: Garganacl|spe|1\n|-boost|p2a: Garganacl|atk|1\n|-boost|p2a: Garganacl|def|1\n|\n|-damage|p1a: Milotic|75\/100 brn|[from] brn\n|upkeep\n|turn|12\n|\n|t:|1701012777\n|move|p1a: Milotic|Scald|p2a: Garganacl\n|-damage|p2a: Garganacl|77\/100\n|move|p2a: Garganacl|Curse|p2a: Garganacl\n|-unboost|p2a: Garganacl|spe|1\n|-boost|p2a: Garganacl|atk|1\n|-boost|p2a: Garganacl|def|1\n|\n|-heal|p2a: Garganacl|83\/100|[from] item: Leftovers\n|-damage|p1a: Milotic|69\/100 brn|[from] brn\n|upkeep\n|turn|13\n|\n|t:|1701012782\n|move|p1a: Milotic|Toxic|p2a: Garganacl\n|-immune|p2a: Garganacl|[from] ability: Purifying Salt\n|move|p2a: Garganacl|Curse|p2a: Garganacl\n|-unboost|p2a: Garganacl|spe|1\n|-boost|p2a: Garganacl|atk|1\n|-boost|p2a: Garganacl|def|1\n|\n|-heal|p2a: Garganacl|90\/100|[from] item: Leftovers\n|-damage|p1a: Milotic|62\/100 brn|[from] brn\n|upkeep\n|turn|14\n|\n|t:|1701012786\n|move|p1a: Milotic|Scald|p2a: Garganacl\n|-damage|p2a: Garganacl|67\/100\n|move|p2a: Garganacl|Curse|p2a: Garganacl\n|-unboost|p2a: Garganacl|spe|1\n|-boost|p2a: Garganacl|atk|1\n|-boost|p2a: Garganacl|def|1\n|\n|-heal|p2a: Garganacl|74\/100|[from] item: Leftovers\n|-damage|p1a: Milotic|56\/100 brn|[from] brn\n|upkeep\n|turn|15\n|\n|t:|1701012790\n|move|p1a: Milotic|Haze|p1a: Milotic\n|-clearallboost\n|move|p2a: Garganacl|Curse|p2a: Garganacl\n|-unboost|p2a: Garganacl|spe|1\n|-boost|p2a: Garganacl|atk|1\n|-boost|p2a: Garganacl|def|1\n|\n|-heal|p2a: Garganacl|80\/100|[from] item: Leftovers\n|-damage|p1a: Milotic|50\/100 brn|[from] brn\n|upkeep\n|turn|16\n|\n|t:|1701012796\n|move|p1a: Milotic|Haze|p1a: Milotic\n|-clearallboost\n|move|p2a: Garganacl|Salt Cure|p1a: Milotic\n|-damage|p1a: Milotic|44\/100 brn\n|-start|p1a: Milotic|Salt Cure\n|\n|-heal|p2a: Garganacl|86\/100|[from] item: Leftovers\n|-damage|p1a: Milotic|38\/100 brn|[from] brn\n|-damage|p1a: Milotic|13\/100 brn|[from] Salt Cure\n|upkeep\n|turn|17\n|\n|t:|1701012803\n|move|p1a: Milotic|Recover|p1a: Milotic\n|-heal|p1a: Milotic|63\/100 brn\n|move|p2a: Garganacl|Curse|p2a: Garganacl\n|-unboost|p2a: Garganacl|spe|1\n|-boost|p2a: Garganacl|atk|1\n|-boost|p2a: Garganacl|def|1\n|\n|-heal|p2a: Garganacl|92\/100|[from] item: Leftovers\n|-damage|p1a: Milotic|57\/100 brn|[from] brn\n|-damage|p1a: Milotic|32\/100 brn|[from] Salt Cure\n|upkeep\n|turn|18\n|\n|t:|1701012812\n|move|p1a: Milotic|Haze|p1a: Milotic\n|-clearallboost\n|move|p2a: Garganacl|Curse|p2a: Garganacl\n|-unboost|p2a: Garganacl|spe|1\n|-boost|p2a: Garganacl|atk|1\n|-boost|p2a: Garganacl|def|1\n|\n|-heal|p2a: Garganacl|98\/100|[from] item: Leftovers\n|-damage|p1a: Milotic|26\/100 brn|[from] brn\n|-damage|p1a: Milotic|1\/100 brn|[from] Salt Cure\n|upkeep\n|turn|19\n|\n|t:|1701012821\n|move|p1a: Milotic|Haze|p1a: Milotic\n|-clearallboost\n|move|p2a: Garganacl|Curse|p2a: Garganacl\n|-unboost|p2a: Garganacl|spe|1\n|-boost|p2a: Garganacl|atk|1\n|-boost|p2a: Garganacl|def|1\n|\n|-heal|p2a: Garganacl|100\/100|[from] item: Leftovers\n|-damage|p1a: Milotic|0 fnt|[from] brn\n|faint|p1a: Milotic\n|upkeep\n|\n|t:|1701012834\n|switch|p1a: Magearna|Magearna|100\/100\n|turn|20\n|\n|t:|1701012839\n|move|p1a: Magearna|Iron Defense|p1a: Magearna\n|-boost|p1a: Magearna|def|2\n|move|p2a: Garganacl|Curse|p2a: Garganacl\n|-unboost|p2a: Garganacl|spe|1\n|-boost|p2a: Garganacl|atk|1\n|-boost|p2a: Garganacl|def|1\n|\n|upkeep\n|turn|21\n|\n|t:|1701012843\n|move|p1a: Magearna|Shift Gear|p1a: Magearna\n|-boost|p1a: Magearna|spe|2\n|-boost|p1a: Magearna|atk|1\n|move|p2a: Garganacl|Curse|p2a: Garganacl\n|-unboost|p2a: Garganacl|spe|1\n|-boost|p2a: Garganacl|atk|1\n|-boost|p2a: Garganacl|def|1\n|\n|upkeep\n|turn|22\n|\n|t:|1701012851\n|move|p1a: Magearna|Shift Gear|p1a: Magearna\n|-boost|p1a: Magearna|spe|2\n|-boost|p1a: Magearna|atk|1\n|move|p2a: Garganacl|Curse|p2a: Garganacl\n|-unboost|p2a: Garganacl|spe|1\n|-boost|p2a: Garganacl|atk|1\n|-boost|p2a: Garganacl|def|1\n|\n|upkeep\n|turn|23\n|\n|t:|1701012861\n|move|p1a: Magearna|Iron Defense|p1a: Magearna\n|-boost|p1a: Magearna|def|2\n|move|p2a: Garganacl|Curse|p2a: Garganacl\n|-unboost|p2a: Garganacl|spe|1\n|-boost|p2a: Garganacl|atk|1\n|-boost|p2a: Garganacl|def|1\n|\n|upkeep\n|turn|24\n|\n|t:|1701012870\n|move|p1a: Magearna|Stored Power|p2a: Garganacl\n|-damage|p2a: Garganacl|35\/100\n|move|p2a: Garganacl|Curse|p2a: Garganacl\n|-unboost|p2a: Garganacl|spe|1\n|-boost|p2a: Garganacl|atk|1\n|-boost|p2a: Garganacl|def|1\n|\n|-heal|p2a: Garganacl|41\/100|[from] item: Leftovers\n|upkeep\n|turn|25\n|\n|t:|1701012876\n|move|p1a: Magearna|Stored Power|p2a: Garganacl\n|-damage|p2a: Garganacl|0 fnt\n|faint|p2a: Garganacl\n|-ability|p1a: Magearna|Soul-Heart|boost\n|-boost|p1a: Magearna|spa|1\n|\n|upkeep\n|\n|t:|1701012879\n|switch|p2a: Marshadow|Marshadow|100\/100\n|turn|26\n|\n|t:|1701012884\n|move|p1a: Magearna|Draining Kiss|p2a: Marshadow\n|-supereffective|p2a: Marshadow\n|-damage|p2a: Marshadow|0 fnt\n|faint|p2a: Marshadow\n|-ability|p1a: Magearna|Soul-Heart|boost\n|-boost|p1a: Magearna|spa|1\n|\n|upkeep\n|\n|t:|1701012891\n|switch|p2a: Porygon-Z|Porygon-Z|100\/100\n|turn|27\n|\n|t:|1701012894\n|move|p1a: Magearna|Stored Power|p2a: Porygon-Z\n|-damage|p2a: Porygon-Z|0 fnt\n|faint|p2a: Porygon-Z\n|-ability|p1a: Magearna|Soul-Heart|boost\n|-boost|p1a: Magearna|spa|1\n|\n|upkeep\n|\n|t:|1701012897\n|switch|p2a: Tapu Koko|Tapu Koko|100\/100\n|-fieldstart|move: Electric Terrain|[from] ability: Electric Surge|[of] p2a: Tapu Koko\n|turn|28\n|\n|t:|1701012905\n|move|p1a: Magearna|Stored Power|p2a: Tapu Koko\n|-damage|p2a: Tapu Koko|0 fnt\n|faint|p2a: Tapu Koko\n|\n|win|Valerieh\u2740\n|raw|Valerieh\u2740's rating: 1064 &rarr; <strong>1106<\/strong><br \/>(+42 for winning)\n|raw|luizxv's rating: 1201 &rarr; <strong>1167<\/strong><br \/>(-34 for losing)\n|l|\u2606luizxv\n","uploadtime":1701012918,"views":5,"p1id":"valerieh","p2id":"luizxv","formatid":"gen9nationaldexubers","rating":1106,"private":0,"password":""}