{"id":"gen9nationaldexubers-1978450560","p1":"evezinhu","p2":"KingoftheTitans","format":"[Gen 9] National Dex Ubers","log":"|j|\u2606evezinhu\n|j|\u2606KingoftheTitans\n|t:|1698540589\n|gametype|singles\n|player|p1|evezinhu|n|1351\n|player|p2|KingoftheTitans|1|1358\n|teamsize|p1|6\n|teamsize|p2|6\n|gen|9\n|tier|[Gen 9] National Dex Ubers\n|rated|\n|rule|HP Percentage Mod: HP is shown in percentages\n|rule|Endless Battle Clause: Forcing endless battles is banned\n|rule|OHKO Clause: OHKO moves are banned\n|rule|Evasion Moves Clause: Evasion moves are banned\n|rule|Evasion Items Clause: Evasion items are banned\n|rule|Species Clause: Limit one of each Pok\u00e9mon\n|rule|Sleep Clause Mod: Limit one foe put to sleep\n|rule|Mega Rayquaza Clause: You cannot mega evolve Rayquaza\n|clearpoke\n|poke|p1|Flutter Mane|\n|poke|p1|Dragonite, F|\n|poke|p1|Chien-Pao|\n|poke|p1|Zacian-*|\n|poke|p1|Incineroar, M|\n|poke|p1|Urshifu-*, M|\n|poke|p2|Ogerpon-Hearthflame, F|\n|poke|p2|Deoxys-Attack|\n|poke|p2|Salamence, M|\n|poke|p2|Dragapult, M|\n|poke|p2|Darmanitan-Galar, F|\n|poke|p2|Flutter Mane|\n|teampreview\n|inactive|Battle timer is ON: inactive players will automatically lose when time's up. (requested by evezinhu)\n|\n|t:|1698540618\n|start\n|switch|p1a: Incineroar|Incineroar, M|100\/100\n|switch|p2a: Darmanitan|Darmanitan-Galar, F, shiny|100\/100\n|-ability|p1a: Incineroar|Intimidate|boost\n|-unboost|p2a: Darmanitan|atk|1\n|turn|1\n|\n|t:|1698540624\n|move|p2a: Darmanitan|U-turn|p1a: Incineroar\n|-damage|p1a: Incineroar|76\/100\n|\n|t:|1698540631\n|switch|p2a: Salamence|Salamence, M, shiny|100\/100|[from] U-turn\n|-ability|p2a: Salamence|Intimidate|boost\n|-unboost|p1a: Incineroar|atk|1\n|move|p1a: Incineroar|Flare Blitz|p2a: Salamence\n|-resisted|p2a: Salamence\n|-damage|p2a: Salamence|77\/100\n|-status|p2a: Salamence|brn\n|-damage|p1a: Incineroar|70\/100|[from] Recoil\n|\n|-damage|p2a: Salamence|71\/100 brn|[from] brn\n|upkeep\n|turn|2\n|\n|t:|1698540642\n|detailschange|p2a: Salamence|Salamence-Mega, M, shiny\n|-mega|p2a: Salamence|Salamence|Salamencite\n|move|p2a: Salamence|Dragon Dance|p2a: Salamence\n|-boost|p2a: Salamence|atk|1\n|-boost|p2a: Salamence|spe|1\n|move|p1a: Incineroar|U-turn|p2a: Salamence\n|-resisted|p2a: Salamence\n|-damage|p2a: Salamence|65\/100 brn\n|\n|t:|1698540651\n|switch|p1a: Chien-Pao|Chien-Pao|100\/100|[from] U-turn\n|-ability|p1a: Chien-Pao|Sword of Ruin\n|\n|-damage|p2a: Salamence|59\/100 brn|[from] brn\n|upkeep\n|turn|3\n|\n|t:|1698540657\n|move|p2a: Salamence|Body Slam|p1a: Chien-Pao\n|-damage|p1a: Chien-Pao|41\/100\n|move|p1a: Chien-Pao|Icicle Crash|p2a: Salamence\n|-supereffective|p2a: Salamence\n|-damage|p2a: Salamence|0 fnt\n|faint|p2a: Salamence\n|\n|upkeep\n|\n|t:|1698540664\n|switch|p2a: Darmanitan|Darmanitan-Galar, F, shiny|100\/100\n|turn|4\n|\n|t:|1698540673\n|move|p2a: Darmanitan|U-turn|p1a: Chien-Pao\n|-supereffective|p1a: Chien-Pao\n|-damage|p1a: Chien-Pao|0 fnt\n|faint|p1a: Chien-Pao\n|\n|t:|1698540687\n|switch|p2a: Deoxys|Deoxys-Attack, shiny|100\/100|[from] U-turn\n|-ability|p2a: Deoxys|Pressure\n|\n|upkeep\n|\n|t:|1698540691\n|switch|p1a: Incineroar|Incineroar, M|70\/100\n|-ability|p1a: Incineroar|Intimidate|boost\n|-unboost|p2a: Deoxys|atk|1\n|turn|5\n|\n|t:|1698540697\n|move|p2a: Deoxys|Brick Break|p1a: Incineroar\n|-supereffective|p1a: Incineroar\n|-damage|p1a: Incineroar|32\/100\n|move|p1a: Incineroar|Knock Off|p2a: Deoxys\n|-supereffective|p2a: Deoxys\n|-enditem|p2a: Deoxys|Focus Sash\n|-damage|p2a: Deoxys|1\/100\n|\n|upkeep\n|turn|6\n|\n|t:|1698540705\n|switch|p1a: Flutter Mane|Flutter Mane|100\/100\n|-enditem|p1a: Flutter Mane|Booster Energy\n|-activate|p1a: Flutter Mane|ability: Protosynthesis|[fromitem]\n|-start|p1a: Flutter Mane|protosynthesisspe\n|move|p2a: Deoxys|Brick Break|p1a: Flutter Mane\n|-immune|p1a: Flutter Mane\n|\n|upkeep\n|turn|7\n|\n|t:|1698540726\n|switch|p2a: Dragapult|Dragapult, M, shiny|100\/100\n|move|p1a: Flutter Mane|Shadow Ball|p2a: Dragapult\n|-supereffective|p2a: Dragapult\n|-damage|p2a: Dragapult|0 fnt\n|-start|p1a: Flutter Mane|Disable|Shadow Ball|[from] ability: Cursed Body|[of] p2a: Dragapult\n|faint|p2a: Dragapult\n|\n|upkeep\n|\n|t:|1698540733\n|switch|p2a: Flutter Mane|Flutter Mane, shiny|100\/100\n|-enditem|p2a: Flutter Mane|Booster Energy\n|-activate|p2a: Flutter Mane|ability: Protosynthesis|[fromitem]\n|-start|p2a: Flutter Mane|protosynthesisspe\n|turn|8\n|\n|t:|1698540739\n|-end|p1a: Flutter Mane|Protosynthesis|[silent]\n|switch|p1a: Incineroar|Incineroar, M|32\/100\n|-ability|p1a: Incineroar|Intimidate|boost\n|-unboost|p2a: Flutter Mane|atk|1\n|move|p2a: Flutter Mane|Shadow Ball|p1a: Incineroar\n|-resisted|p1a: Incineroar\n|-damage|p1a: Incineroar|11\/100\n|-enditem|p1a: Incineroar|Figy Berry|[eat]\n|-heal|p1a: Incineroar|44\/100|[from] item: Figy Berry\n|\n|upkeep\n|turn|9\n|\n|t:|1698540748\n|move|p2a: Flutter Mane|Moonblast|p1a: Incineroar\n|-damage|p1a: Incineroar|0 fnt\n|faint|p1a: Incineroar\n|\n|upkeep\n|\n|t:|1698540753\n|switch|p1a: Zacian|Zacian-Crowned|100\/100\n|-ability|p1a: Zacian|Intrepid Sword|boost\n|-boost|p1a: Zacian|atk|1\n|turn|10\n|\n|t:|1698540764\n|-end|p2a: Flutter Mane|Protosynthesis|[silent]\n|switch|p2a: Deoxys|Deoxys-Attack, shiny|1\/100\n|-ability|p2a: Deoxys|Pressure\n|move|p1a: Zacian|Behemoth Blade|p2a: Deoxys\n|-damage|p2a: Deoxys|0 fnt\n|faint|p2a: Deoxys\n|\n|upkeep\n|\n|t:|1698540771\n|switch|p2a: Ogerpon|Ogerpon-Hearthflame, F|100\/100\n|-ability|p2a: Ogerpon|Mold Breaker\n|turn|11\n|\n|t:|1698540783\n|-terastallize|p2a: Ogerpon|Fire\n|detailschange|p2a: Ogerpon|Ogerpon-Hearthflame-Tera, F, tera:Fire\n|-ability|p2a: Ogerpon|Embody Aspect (Hearthflame)|boost\n|-boost|p2a: Ogerpon|atk|1\n|move|p1a: Zacian|Sacred Sword|p2a: Ogerpon\n|-damage|p2a: Ogerpon|32\/100\n|move|p2a: Ogerpon|Ivy Cudgel|p1a: Zacian\n|-supereffective|p1a: Zacian\n|-damage|p1a: Zacian|0 fnt\n|faint|p1a: Zacian\n|\n|upkeep\n|\n|t:|1698540786\n|switch|p1a: Urshifu|Urshifu-Rapid-Strike, M|100\/100\n|turn|12\n|\n|t:|1698540794\n|move|p2a: Ogerpon|Horn Leech|p1a: Urshifu\n|-supereffective|p1a: Urshifu\n|-damage|p1a: Urshifu|0 fnt\n|-heal|p2a: Ogerpon|89\/100|[from] drain|[of] p1a: Urshifu\n|faint|p1a: Urshifu\n|\n|upkeep\n|\n|t:|1698540806\n|switch|p1a: Dragonite|Dragonite, F|100\/100\n|turn|13\n|\n|t:|1698540810\n|move|p2a: Ogerpon|Ivy Cudgel|p1a: Dragonite\n|-resisted|p1a: Dragonite\n|-damage|p1a: Dragonite|39\/100\n|move|p1a: Dragonite|Earthquake|p2a: Ogerpon\n|-supereffective|p2a: Ogerpon\n|-damage|p2a: Ogerpon|0 fnt\n|faint|p2a: Ogerpon\n|\n|upkeep\n|\n|t:|1698540816\n|switch|p2a: Flutter Mane|Flutter Mane, shiny|100\/100\n|turn|14\n|\n|t:|1698540820\n|-terastallize|p1a: Dragonite|Normal\n|move|p2a: Flutter Mane|Moonblast|p1a: Dragonite\n|-damage|p1a: Dragonite|0 fnt\n|faint|p1a: Dragonite\n|\n|upkeep\n|\n|t:|1698540825\n|switch|p1a: Flutter Mane|Flutter Mane|100\/100\n|turn|15\n|\n|t:|1698540829\n|move|p1a: Flutter Mane|Shadow Ball|p2a: Flutter Mane\n|-supereffective|p2a: Flutter Mane\n|-damage|p2a: Flutter Mane|19\/100\n|move|p2a: Flutter Mane|Shadow Ball|p1a: Flutter Mane\n|-supereffective|p1a: Flutter Mane\n|-damage|p1a: Flutter Mane|18\/100\n|\n|upkeep\n|turn|16\n|\n|t:|1698540836\n|move|p2a: Flutter Mane|Shadow Ball|p1a: Flutter Mane\n|-supereffective|p1a: Flutter Mane\n|-damage|p1a: Flutter Mane|0 fnt\n|faint|p1a: Flutter Mane\n|-end|p1a: Flutter Mane|Protosynthesis|[silent]\n|\n|win|KingoftheTitans\n|raw|evezinhu's rating: 1351 &rarr; <strong>1331<\/strong><br \/>(-20 for losing)\n|raw|KingoftheTitans's rating: 1358 &rarr; <strong>1378<\/strong><br \/>(+20 for winning)\n|c|\u2606KingoftheTitans|gg\n|l|\u2606evezinhu\n","uploadtime":1698540849,"views":16,"p1id":"evezinhu","p2id":"kingofthetitans","formatid":"gen9nationaldexubers","rating":1331,"private":0,"password":""}