{"id":"gen9nationaldexubers-1997543932","p1":"BlackStar150520","p2":"C0ld as Ic3","format":"[Gen 9] National Dex Ubers","log":"|j|\u2606BlackStar150520\n|j|\u2606C0ld as Ic3\n|t:|1700823065\n|gametype|singles\n|player|p1|BlackStar150520|unknown|1775\n|player|p2|C0ld as Ic3|schoolkid-gen4dp|1731\n|teamsize|p1|6\n|teamsize|p2|6\n|gen|9\n|tier|[Gen 9] National Dex Ubers\n|rated|\n|rule|HP Percentage Mod: HP is shown in percentages\n|rule|Endless Battle Clause: Forcing endless battles is banned\n|rule|OHKO Clause: OHKO moves are banned\n|rule|Evasion Moves Clause: Evasion moves are banned\n|rule|Evasion Items Clause: Evasion items are banned\n|rule|Species Clause: Limit one of each Pok\u00e9mon\n|rule|Sleep Clause Mod: Limit one foe put to sleep\n|rule|Mega Rayquaza Clause: You cannot mega evolve Rayquaza\n|clearpoke\n|poke|p1|Mewtwo|\n|poke|p1|Ditto|\n|poke|p1|Kingambit, M|\n|poke|p1|Garganacl, F|\n|poke|p1|Necrozma-Dusk-Mane|\n|poke|p1|Arceus-Ground|\n|poke|p2|Smeargle, F|\n|poke|p2|Yveltal|\n|poke|p2|Arceus|\n|poke|p2|Marshadow|\n|poke|p2|Lucario, M|\n|poke|p2|Eternatus|\n|teampreview\n|inactive|Battle timer is ON: inactive players will automatically lose when time's up. (requested by C0ld as Ic3)\n|inactive|BlackStar150520 also wants the timer to be on.\n|\n|t:|1700823091\n|start\n|switch|p1a: Arceus|Arceus-Ground|100\/100\n|switch|p2a: Smeargle|Smeargle, F|100\/100\n|turn|1\n|\n|t:|1700823098\n|move|p1a: Arceus|Taunt|p2a: Smeargle\n|-start|p2a: Smeargle|move: Taunt\n|move|p2a: Smeargle|Mortal Spin|p1a: Arceus\n|-resisted|p1a: Arceus\n|-damage|p1a: Arceus|99\/100\n|-status|p1a: Arceus|psn\n|\n|-damage|p1a: Arceus|87\/100 psn|[from] psn\n|upkeep\n|turn|2\n|j| cheese miestro\n|\n|t:|1700823112\n|switch|p2a: Yveltal|Yveltal, shiny|100\/100\n|-ability|p2a: Yveltal|Dark Aura\n|move|p1a: Arceus|Judgment|p2a: Yveltal\n|-immune|p2a: Yveltal\n|\n|-damage|p1a: Arceus|75\/100 psn|[from] psn\n|upkeep\n|turn|3\n|\n|t:|1700823117\n|switch|p2a: Eternatus|Eternatus|100\/100\n|-ability|p2a: Eternatus|Pressure\n|move|p1a: Arceus|Toxic|p2a: Eternatus|[miss]\n|-miss|p1a: Arceus|p2a: Eternatus\n|\n|-damage|p1a: Arceus|63\/100 psn|[from] psn\n|upkeep\n|turn|4\n|j| ImSilverLike\n|\n|t:|1700823135\n|switch|p2a: Yveltal|Yveltal, shiny|100\/100\n|-ability|p2a: Yveltal|Dark Aura\n|move|p1a: Arceus|Judgment|p2a: Yveltal\n|-immune|p2a: Yveltal\n|\n|-damage|p1a: Arceus|50\/100 psn|[from] psn\n|upkeep\n|turn|5\n|\n|t:|1700823139\n|move|p1a: Arceus|Recover|p1a: Arceus\n|-heal|p1a: Arceus|99\/100 psn\n|move|p2a: Yveltal|Dark Pulse|p1a: Arceus\n|-damage|p1a: Arceus|50\/100 psn\n|-damage|p2a: Yveltal|91\/100|[from] item: Life Orb\n|\n|-damage|p1a: Arceus|38\/100 psn|[from] psn\n|upkeep\n|turn|6\n|\n|t:|1700823142\n|move|p1a: Arceus|Recover|p1a: Arceus\n|-heal|p1a: Arceus|88\/100 psn\n|move|p2a: Yveltal|Dark Pulse|p1a: Arceus\n|-damage|p1a: Arceus|35\/100 psn\n|-damage|p2a: Yveltal|81\/100|[from] item: Life Orb\n|\n|-damage|p1a: Arceus|23\/100 psn|[from] psn\n|upkeep\n|turn|7\n|\n|t:|1700823149\n|switch|p2a: Eternatus|Eternatus|100\/100\n|-ability|p2a: Eternatus|Pressure\n|move|p1a: Arceus|Toxic|p2a: Eternatus\n|-immune|p2a: Eternatus\n|\n|-damage|p1a: Arceus|10\/100 psn|[from] psn\n|upkeep\n|turn|8\n|\n|t:|1700823154\n|move|p2a: Eternatus|Dynamax Cannon|p1a: Arceus\n|-damage|p1a: Arceus|0 fnt\n|faint|p1a: Arceus\n|\n|upkeep\n|\n|t:|1700823159\n|switch|p1a: Necrozma|Necrozma-Dusk-Mane|100\/100\n|turn|9\n|\n|t:|1700823175\n|move|p2a: Eternatus|Fire Blast|p1a: Necrozma\n|-supereffective|p1a: Necrozma\n|-damage|p1a: Necrozma|50\/100\n|-enditem|p1a: Necrozma|Weakness Policy\n|-boost|p1a: Necrozma|atk|2|[from] item: Weakness Policy\n|-boost|p1a: Necrozma|spa|2|[from] item: Weakness Policy\n|move|p1a: Necrozma|Trick Room|p1a: Necrozma\n|-fieldstart|move: Trick Room|[of] p1a: Necrozma\n|\n|upkeep\n|turn|10\n|inactive|C0ld as Ic3 has 120 seconds left.\n|\n|t:|1700823206\n|move|p1a: Necrozma|Sunsteel Strike|p2a: Eternatus\n|-damage|p2a: Eternatus|0 fnt\n|faint|p2a: Eternatus\n|\n|upkeep\n|\n|t:|1700823217\n|switch|p2a: Smeargle|Smeargle, F|100\/100\n|turn|11\n|\n|t:|1700823222\n|move|p1a: Necrozma|Sunsteel Strike|p2a: Smeargle\n|-enditem|p2a: Smeargle|Focus Sash\n|-damage|p2a: Smeargle|1\/100\n|move|p2a: Smeargle|Sticky Web|p1a: Necrozma\n|-sidestart|p1: BlackStar150520|move: Sticky Web\n|\n|upkeep\n|turn|12\n|\n|t:|1700823233\n|move|p1a: Necrozma|Sunsteel Strike|p2a: Smeargle\n|-damage|p2a: Smeargle|0 fnt\n|faint|p2a: Smeargle\n|\n|upkeep\n|\n|t:|1700823236\n|switch|p2a: Marshadow|Marshadow|100\/100\n|turn|13\n|\n|t:|1700823241\n|-terastallize|p2a: Marshadow|Ghost\n|move|p2a: Marshadow|Shadow Sneak|p1a: Necrozma\n|-supereffective|p1a: Necrozma\n|-damage|p1a: Necrozma|0 fnt\n|faint|p1a: Necrozma\n|-damage|p2a: Marshadow|91\/100|[from] item: Life Orb\n|\n|-fieldend|move: Trick Room\n|upkeep\n|\n|t:|1700823248\n|switch|p1a: Kingambit|Kingambit, M|100\/100\n|-activate|p1a: Kingambit|move: Sticky Web\n|-unboost|p1a: Kingambit|spe|1\n|-activate|p1a: Kingambit|ability: Supreme Overlord\n|-start|p1a: Kingambit|fallen2|[silent]\n|turn|14\n|\n|t:|1700823256\n|switch|p2a: Lucario|Lucario, M|100\/100\n|move|p1a: Kingambit|Sucker Punch||[still]\n|-fail|p1a: Kingambit\n|\n|upkeep\n|turn|15\n|\n|t:|1700823261\n|-end|p1a: Kingambit|fallen2|[silent]\n|switch|p1a: Mewtwo|Mewtwo|100\/100\n|-activate|p1a: Mewtwo|move: Sticky Web\n|-unboost|p1a: Mewtwo|spe|1\n|-ability|p1a: Mewtwo|Pressure\n|move|p2a: Lucario|Low Kick|p1a: Mewtwo\n|-resisted|p1a: Mewtwo\n|-damage|p1a: Mewtwo|77\/100\n|\n|upkeep\n|turn|16\n|\n|t:|1700823266\n|switch|p2a: Yveltal|Yveltal, shiny|81\/100\n|-ability|p2a: Yveltal|Dark Aura\n|move|p1a: Mewtwo|Thunderbolt|p2a: Yveltal\n|-supereffective|p2a: Yveltal\n|-damage|p2a: Yveltal|18\/100\n|\n|upkeep\n|turn|17\n|\n|t:|1700823272\n|switch|p1a: Ditto|Ditto, shiny|100\/100\n|-activate|p1a: Ditto|move: Sticky Web\n|-unboost|p1a: Ditto|spe|1\n|-transform|p1a: Ditto|p2a: Yveltal|[from] ability: Imposter\n|-ability|p1a: Ditto|Dark Aura\n|move|p2a: Yveltal|Oblivion Wing|p1a: Ditto\n|-damage|p1a: Ditto|27\/100\n|-heal|p2a: Yveltal|60\/100|[from] drain|[of] p1a: Ditto\n|-damage|p2a: Yveltal|50\/100|[from] item: Life Orb\n|\n|upkeep\n|turn|18\n|\n|t:|1700823276\n|move|p1a: Ditto|Oblivion Wing|p2a: Yveltal\n|-damage|p2a: Yveltal|10\/100\n|-heal|p1a: Ditto|66\/100|[from] drain|[of] p2a: Yveltal\n|move|p2a: Yveltal|Oblivion Wing|p1a: Ditto\n|-damage|p1a: Ditto|0 fnt\n|-heal|p2a: Yveltal|47\/100|[from] drain|[of] p1a: Ditto\n|faint|p1a: Ditto\n|-damage|p2a: Yveltal|37\/100|[from] item: Life Orb\n|\n|upkeep\n|\n|t:|1700823280\n|switch|p1a: Kingambit|Kingambit, M|100\/100\n|-activate|p1a: Kingambit|move: Sticky Web\n|-unboost|p1a: Kingambit|spe|1\n|-activate|p1a: Kingambit|ability: Supreme Overlord\n|-start|p1a: Kingambit|fallen3|[silent]\n|turn|19\n|\n|t:|1700823282\n|move|p2a: Yveltal|Focus Blast|p1a: Kingambit\n|-supereffective|p1a: Kingambit\n|-damage|p1a: Kingambit|0 fnt\n|faint|p1a: Kingambit\n|-end|p1a: Kingambit|fallen3|[silent]\n|-damage|p2a: Yveltal|27\/100|[from] item: Life Orb\n|\n|upkeep\n|\n|t:|1700823286\n|switch|p1a: Mewtwo|Mewtwo|77\/100\n|-activate|p1a: Mewtwo|move: Sticky Web\n|-unboost|p1a: Mewtwo|spe|1\n|-ability|p1a: Mewtwo|Pressure\n|turn|20\n|\n|t:|1700823288\n|move|p2a: Yveltal|Dark Pulse|p1a: Mewtwo\n|-supereffective|p1a: Mewtwo\n|-damage|p1a: Mewtwo|0 fnt\n|faint|p1a: Mewtwo\n|-damage|p2a: Yveltal|18\/100|[from] item: Life Orb\n|\n|upkeep\n|\n|t:|1700823290\n|switch|p1a: Garganacl|Garganacl, F|100\/100\n|-activate|p1a: Garganacl|move: Sticky Web\n|-unboost|p1a: Garganacl|spe|1\n|turn|21\n|\n|t:|1700823297\n|move|p2a: Yveltal|Dark Pulse|p1a: Garganacl\n|-damage|p1a: Garganacl|29\/100\n|-damage|p2a: Yveltal|8\/100|[from] item: Life Orb\n|move|p1a: Garganacl|Stealth Rock|p2a: Yveltal\n|-sidestart|p2: C0ld as Ic3|move: Stealth Rock\n|\n|-heal|p1a: Garganacl|35\/100|[from] item: Leftovers\n|upkeep\n|turn|22\n|\n|t:|1700823302\n|move|p2a: Yveltal|Taunt|p1a: Garganacl\n|-start|p1a: Garganacl|move: Taunt\n|cant|p1a: Garganacl|move: Taunt|Stealth Rock\n|\n|-heal|p1a: Garganacl|41\/100|[from] item: Leftovers\n|upkeep\n|turn|23\n|\n|t:|1700823305\n|move|p2a: Yveltal|Dark Pulse|p1a: Garganacl\n|-damage|p1a: Garganacl|0 fnt\n|faint|p1a: Garganacl\n|-damage|p2a: Yveltal|0 fnt|[from] item: Life Orb\n|faint|p2a: Yveltal\n|\n|win|C0ld as Ic3\n|raw|BlackStar150520's rating: 1775 &rarr; <strong>1753<\/strong><br \/>(-22 for losing)\n|raw|C0ld as Ic3's rating: 1746 &rarr; <strong>1768<\/strong><br \/>(+22 for winning)\n|l|\u2606BlackStar150520\n","uploadtime":1700823311,"views":26,"p1id":"blackstar150520","p2id":"c0ldasic3","formatid":"gen9nationaldexubers","rating":1753,"private":0,"password":""}