{"id":"gen9nationaldexubers-1989587208","p1":"Rhyfinn 05","p2":"EdgarOfAstora","format":"[Gen 9] National Dex Ubers","log":"|j|\u2606Rhyfinn 05\n|j|\u2606EdgarOfAstora\n|t:|1699875360\n|gametype|singles\n|player|p1|Rhyfinn 05|alder|1091\n|player|p2|EdgarOfAstora|101|1183\n|teamsize|p1|6\n|teamsize|p2|6\n|gen|9\n|tier|[Gen 9] National Dex Ubers\n|rated|\n|rule|HP Percentage Mod: HP is shown in percentages\n|rule|Endless Battle Clause: Forcing endless battles is banned\n|rule|OHKO Clause: OHKO moves are banned\n|rule|Evasion Moves Clause: Evasion moves are banned\n|rule|Evasion Items Clause: Evasion items are banned\n|rule|Species Clause: Limit one of each Pok\u00e9mon\n|rule|Sleep Clause Mod: Limit one foe put to sleep\n|rule|Mega Rayquaza Clause: You cannot mega evolve Rayquaza\n|clearpoke\n|poke|p1|Groudon|\n|poke|p1|Xerneas-*|\n|poke|p1|Marshadow|\n|poke|p1|Necrozma-Dusk-Mane|\n|poke|p1|Deoxys-Speed|\n|poke|p1|Pheromosa|\n|poke|p2|Zacian-*|\n|poke|p2|Palkia|\n|poke|p2|Volcanion|\n|poke|p2|Melmetal|\n|poke|p2|Xerneas-*|\n|poke|p2|Mew|\n|teampreview\n|inactive|Battle timer is ON: inactive players will automatically lose when time's up. (requested by Rhyfinn 05)\n|\n|t:|1699875367\n|start\n|switch|p1a: Deoxys|Deoxys-Speed, shiny|100\/100\n|switch|p2a: Mew|Mew|100\/100\n|-ability|p1a: Deoxys|Pressure\n|turn|1\n|\n|t:|1699875376\n|move|p1a: Deoxys|Taunt|p2a: Mew\n|-start|p2a: Mew|move: Taunt\n|cant|p2a: Mew|move: Taunt|Trick Room\n|\n|upkeep\n|turn|2\n|\n|t:|1699875383\n|switch|p2a: Zacian|Zacian-Crowned|100\/100\n|-ability|p2a: Zacian|Intrepid Sword|boost\n|-boost|p2a: Zacian|atk|1\n|move|p1a: Deoxys|Stealth Rock|p2a: Zacian\n|-sidestart|p2: EdgarOfAstora|move: Stealth Rock\n|\n|upkeep\n|turn|3\n|\n|t:|1699875389\n|move|p1a: Deoxys|Taunt|p2a: Zacian\n|-start|p2a: Zacian|move: Taunt\n|move|p2a: Zacian|Crunch|p1a: Deoxys\n|-supereffective|p1a: Deoxys\n|-enditem|p1a: Deoxys|Focus Sash\n|-damage|p1a: Deoxys|1\/100\n|\n|upkeep\n|turn|4\n|\n|t:|1699875396\n|switch|p2a: Mew|Mew|100\/100\n|-damage|p2a: Mew|88\/100|[from] Stealth Rock\n|move|p1a: Deoxys|Spikes|p2a: Mew\n|-sidestart|p2: EdgarOfAstora|Spikes\n|\n|upkeep\n|turn|5\n|\n|t:|1699875402\n|switch|p2a: Xerneas|Xerneas, shiny|100\/100\n|-ability|p2a: Xerneas|Fairy Aura\n|move|p1a: Deoxys|Taunt|p2a: Xerneas\n|-start|p2a: Xerneas|move: Taunt\n|\n|upkeep\n|turn|6\n|\n|t:|1699875410\n|move|p1a: Deoxys|Spikes|p2a: Xerneas\n|-sidestart|p2: EdgarOfAstora|Spikes\n|move|p2a: Xerneas|Moonblast|p1a: Deoxys\n|-damage|p1a: Deoxys|0 fnt\n|faint|p1a: Deoxys\n|\n|upkeep\n|\n|t:|1699875426\n|switch|p1a: Necrozma|Necrozma-Dusk-Mane, shiny|100\/100\n|turn|7\n|\n|t:|1699875433\n|switch|p2a: Zacian|Zacian-Crowned|100\/100\n|-damage|p2a: Zacian|94\/100|[from] Stealth Rock\n|-damage|p2a: Zacian|78\/100|[from] Spikes\n|move|p1a: Necrozma|Dragon Dance|p1a: Necrozma\n|-boost|p1a: Necrozma|atk|1\n|-boost|p1a: Necrozma|spe|1\n|\n|upkeep\n|turn|8\n|\n|t:|1699875440\n|detailschange|p1a: Necrozma|Necrozma-Ultra, shiny\n|-burst|p1a: Necrozma|Necrozma|Ultranecrozium Z\n|move|p1a: Necrozma|Earthquake|p2a: Zacian\n|-supereffective|p2a: Zacian\n|-damage|p2a: Zacian|0 fnt\n|faint|p2a: Zacian\n|\n|upkeep\n|\n|t:|1699875444\n|switch|p2a: Xerneas|Xerneas, shiny|100\/100\n|-ability|p2a: Xerneas|Fairy Aura\n|turn|9\n|\n|t:|1699875450\n|-terastallize|p2a: Xerneas|Fairy\n|move|p1a: Necrozma|Sunsteel Strike|p2a: Xerneas\n|-supereffective|p2a: Xerneas\n|-damage|p2a: Xerneas|0 fnt\n|faint|p2a: Xerneas\n|\n|upkeep\n|-message|EdgarOfAstora forfeited.\n|\n|win|Rhyfinn 05\n|raw|Rhyfinn 05's rating: 1091 &rarr; <strong>1124<\/strong><br \/>(+33 for winning)\n|raw|EdgarOfAstora's rating: 1183 &rarr; <strong>1152<\/strong><br \/>(-31 for losing)\n|l|\u2606EdgarOfAstora\n","uploadtime":1699875467,"views":8,"p1id":"rhyfinn05","p2id":"edgarofastora","formatid":"gen9nationaldexubers","rating":1124,"private":0,"password":""}