{"id":"gen9nationaldexubers-1988538254","p1":"letmehavemynamel","p2":"FuniPlagueMan","format":"[Gen 9] National Dex Ubers","log":"|j|\u2606letmehavemynamel\n|j|\u2606FuniPlagueMan\n|t:|1699733696\n|gametype|singles\n|player|p1|letmehavemynamel|silver|1157\n|player|p2|FuniPlagueMan|roxie|1051\n|teamsize|p1|6\n|teamsize|p2|6\n|gen|9\n|tier|[Gen 9] National Dex Ubers\n|rated|\n|rule|HP Percentage Mod: HP is shown in percentages\n|rule|Endless Battle Clause: Forcing endless battles is banned\n|rule|OHKO Clause: OHKO moves are banned\n|rule|Evasion Moves Clause: Evasion moves are banned\n|rule|Evasion Items Clause: Evasion items are banned\n|rule|Species Clause: Limit one of each Pok\u00e9mon\n|rule|Sleep Clause Mod: Limit one foe put to sleep\n|rule|Mega Rayquaza Clause: You cannot mega evolve Rayquaza\n|clearpoke\n|poke|p1|Lucario, M|\n|poke|p1|Annihilape, M|\n|poke|p1|Great Tusk|\n|poke|p1|Toxicroak, M|\n|poke|p1|Pangoro, M|\n|poke|p1|Hitmontop, M|\n|poke|p2|Alomomola, F|\n|poke|p2|Gholdengo|\n|poke|p2|Cyclizar, F|\n|poke|p2|Blaziken, M|\n|poke|p2|Espathra, M|\n|poke|p2|Clodsire, F|\n|teampreview\n|inactive|Battle timer is ON: inactive players will automatically lose when time's up. (requested by FuniPlagueMan)\n|inactive|letmehavemynamel has 120 seconds left.\n|c|\u2606FuniPlagueMan|Come here gay boy\n|inactive|letmehavemynamel has 90 seconds left.\n|c|\u2606letmehavemynamel|say\n|c|\u2606letmehavemynamel|less\n|c|\u2606letmehavemynamel|ho\n|c|\u2606letmehavemynamel|mo\n|c|\u2606letmehavemynamel|lmao\n|\n|t:|1699733781\n|start\n|switch|p1a: Annihilape|Annihilape, M|100\/100\n|switch|p2a: Espathra|Espathra, M|100\/100\n|turn|1\n|\n|t:|1699733788\n|move|p2a: Espathra|Calm Mind|p2a: Espathra\n|-boost|p2a: Espathra|spa|1\n|-boost|p2a: Espathra|spd|1\n|move|p1a: Annihilape|Rage Fist|p2a: Espathra\n|-supereffective|p2a: Espathra\n|-damage|p2a: Espathra|26\/100\n|\n|-ability|p2a: Espathra|Speed Boost|boost\n|-boost|p2a: Espathra|spe|1\n|upkeep\n|turn|2\n|\n|t:|1699733800\n|-terastallize|p2a: Espathra|Psychic\n|move|p2a: Espathra|Stored Power|p1a: Annihilape\n|-supereffective|p1a: Annihilape\n|-damage|p1a: Annihilape|0 fnt\n|faint|p1a: Annihilape\n|\n|-ability|p2a: Espathra|Speed Boost|boost\n|-boost|p2a: Espathra|spe|1\n|upkeep\n|\n|t:|1699733808\n|switch|p1a: Toxicroak|Toxicroak, M|100\/100\n|turn|3\n|\n|t:|1699733814\n|move|p2a: Espathra|Stored Power|p1a: Toxicroak\n|-supereffective|p1a: Toxicroak\n|-enditem|p1a: Toxicroak|Focus Sash\n|-damage|p1a: Toxicroak|1\/100\n|move|p1a: Toxicroak|Swords Dance|p1a: Toxicroak\n|-boost|p1a: Toxicroak|atk|2\n|\n|-ability|p2a: Espathra|Speed Boost|boost\n|-boost|p2a: Espathra|spe|1\n|upkeep\n|turn|4\n|\n|t:|1699733823\n|move|p1a: Toxicroak|Sucker Punch|p2a: Espathra\n|-supereffective|p2a: Espathra\n|-damage|p2a: Espathra|0 fnt\n|faint|p2a: Espathra\n|\n|upkeep\n|\n|t:|1699733830\n|switch|p2a: Cyclizar|Cyclizar, F|100\/100\n|turn|5\n|\n|t:|1699733834\n|move|p2a: Cyclizar|Rapid Spin|p1a: Toxicroak\n|-damage|p1a: Toxicroak|0 fnt\n|-boost|p2a: Cyclizar|spe|1\n|faint|p1a: Toxicroak\n|\n|upkeep\n|\n|t:|1699733838\n|switch|p1a: Pangoro|Pangoro, M|100\/100\n|-ability|p1a: Pangoro|Mold Breaker\n|turn|6\n|\n|t:|1699733859\n|move|p2a: Cyclizar|Shed Tail|p2a: Cyclizar\n|-start|p2a: Cyclizar|Substitute|[from] move: Shed Tail\n|-damage|p2a: Cyclizar|50\/100\n|\n|t:|1699733868\n|switch|p2a: Blaziken|Blaziken, M|100\/100|[from] Shed Tail\n|move|p1a: Pangoro|Knock Off|p2a: Blaziken\n|-resisted|p2a: Blaziken\n|-end|p2a: Blaziken|Substitute\n|\n|upkeep\n|turn|7\n|\n|t:|1699733879\n|detailschange|p2a: Blaziken|Blaziken-Mega, M\n|-mega|p2a: Blaziken|Blaziken|Blazikenite\n|move|p2a: Blaziken|High Jump Kick|p1a: Pangoro|[miss]\n|-miss|p2a: Blaziken|p1a: Pangoro\n|-damage|p2a: Blaziken|51\/100|[from] highjumpkick\n|move|p1a: Pangoro|Parting Shot|p2a: Blaziken\n|-unboost|p2a: Blaziken|atk|1\n|-unboost|p2a: Blaziken|spa|1\n|\n|t:|1699733886\n|switch|p1a: Great Tusk|Great Tusk|100\/100|[from] Parting Shot\n|\n|-ability|p2a: Blaziken|Speed Boost|boost\n|-boost|p2a: Blaziken|spe|1\n|upkeep\n|turn|8\n|\n|t:|1699733907\n|switch|p2a: Cyclizar|Cyclizar, F|83\/100\n|move|p1a: Great Tusk|Earthquake|p2a: Cyclizar\n|-crit|p2a: Cyclizar\n|-damage|p2a: Cyclizar|0 fnt\n|faint|p2a: Cyclizar\n|\n|upkeep\n|inactive|FuniPlagueMan has 120 seconds left.\n|\n|t:|1699733927\n|switch|p2a: Blaziken|Blaziken-Mega, M|51\/100\n|turn|9\n|inactive|FuniPlagueMan has 120 seconds left.\n|inactive|letmehavemynamel has 120 seconds left.\n|\n|t:|1699733973\n|move|p2a: Blaziken|High Jump Kick|p1a: Great Tusk|[miss]\n|-miss|p2a: Blaziken|p1a: Great Tusk\n|-damage|p2a: Blaziken|1\/100|[from] highjumpkick\n|move|p1a: Great Tusk|Earthquake|p2a: Blaziken\n|-supereffective|p2a: Blaziken\n|-damage|p2a: Blaziken|0 fnt\n|faint|p2a: Blaziken\n|\n|upkeep\n|c|\u2606letmehavemynamel|hate to c it\n|l|\u2606FuniPlagueMan\n|inactive|FuniPlagueMan disconnected and has a minute to reconnect!\n|player|p2|\n|inactive|FuniPlagueMan has 30 seconds to reconnect!\n|inactive|FuniPlagueMan has 20 seconds to reconnect!\n|inactive|FuniPlagueMan has 15 seconds to reconnect!\n|inactive|FuniPlagueMan has 10 seconds to reconnect!\n|j|\u2606FuniPlagueMan\n|inactive|FuniPlagueMan reconnected and has 55 seconds left.\n|player|p2|FuniPlagueMan|roxie\n|c|\u2606FuniPlagueMan|Man\n|\n|t:|1699734057\n|switch|p2a: Alomomola|Alomomola, F|100\/100\n|turn|10\n|inactive|letmehavemynamel has 90 seconds left.\n|\n|t:|1699734092\n|move|p1a: Great Tusk|Knock Off|p2a: Alomomola\n|-damage|p2a: Alomomola|80\/100\n|-enditem|p2a: Alomomola|Leftovers|[from] move: Knock Off|[of] p1a: Great Tusk\n|move|p2a: Alomomola|Toxic|p1a: Great Tusk\n|-status|p1a: Great Tusk|tox\n|\n|-damage|p1a: Great Tusk|94\/100 tox|[from] psn\n|upkeep\n|turn|11\n|inactive|letmehavemynamel has 90 seconds left.\n|\n|t:|1699734111\n|-end|p1a: Great Tusk|Protosynthesis|[silent]\n|switch|p1a: Lucario|Lucario, M|100\/100\n|move|p2a: Alomomola|Wish|p2a: Alomomola\n|\n|upkeep\n|turn|12\n|\n|t:|1699734125\n|move|p1a: Lucario|Swords Dance|p1a: Lucario\n|-boost|p1a: Lucario|atk|2\n|move|p2a: Alomomola|Flip Turn|p1a: Lucario\n|-damage|p1a: Lucario|76\/100\n|\n|t:|1699734127\n|switch|p2a: Gholdengo|Gholdengo|100\/100|[from] Flip Turn\n|\n|upkeep\n|turn|13\n|\n|t:|1699734134\n|detailschange|p1a: Lucario|Lucario-Mega, M\n|-mega|p1a: Lucario|Lucario|Lucarionite\n|move|p1a: Lucario|Blaze Kick|p2a: Gholdengo|[miss]\n|-miss|p1a: Lucario|p2a: Gholdengo\n|move|p2a: Gholdengo|Shadow Ball|p1a: Lucario\n|-damage|p1a: Lucario|5\/100\n|\n|upkeep\n|turn|14\n|\n|t:|1699734141\n|move|p1a: Lucario|Blaze Kick|p2a: Gholdengo\n|-supereffective|p2a: Gholdengo\n|-damage|p2a: Gholdengo|0 fnt\n|faint|p2a: Gholdengo\n|\n|upkeep\n|\n|t:|1699734147\n|switch|p2a: Clodsire|Clodsire, F, shiny|100\/100\n|turn|15\n|inactive|letmehavemynamel has 120 seconds left.\n|\n|t:|1699734155\n|move|p1a: Lucario|Blaze Kick|p2a: Clodsire\n|-damage|p2a: Clodsire|63\/100\n|-status|p2a: Clodsire|brn\n|move|p2a: Clodsire|Earthquake|p1a: Lucario\n|-supereffective|p1a: Lucario\n|-damage|p1a: Lucario|0 fnt\n|faint|p1a: Lucario\n|\n|-heal|p2a: Clodsire|69\/100 brn|[from] item: Leftovers\n|-damage|p2a: Clodsire|63\/100 brn|[from] brn\n|upkeep\n|inactive|letmehavemynamel has 120 seconds left.\n|\n|t:|1699734167\n|switch|p1a: Hitmontop|Hitmontop, M|100\/100\n|turn|16\n|\n|t:|1699734171\n|move|p1a: Hitmontop|Fake Out|p2a: Clodsire\n|-damage|p2a: Clodsire|48\/100 brn\n|cant|p2a: Clodsire|flinch\n|\n|-heal|p2a: Clodsire|54\/100 brn|[from] item: Leftovers\n|-damage|p2a: Clodsire|48\/100 brn|[from] brn\n|upkeep\n|turn|17\n|\n|t:|1699734178\n|move|p1a: Hitmontop|Triple Axel|p2a: Clodsire\n|-supereffective|p2a: Clodsire\n|-damage|p2a: Clodsire|34\/100 brn\n|-hitcount|p2a: Clodsire|1\n|move|p2a: Clodsire|Toxic|p1a: Hitmontop\n|-status|p1a: Hitmontop|tox\n|\n|-heal|p2a: Clodsire|40\/100 brn|[from] item: Leftovers\n|-damage|p1a: Hitmontop|94\/100 tox|[from] psn\n|-damage|p2a: Clodsire|34\/100 brn|[from] brn\n|upkeep\n|turn|18\n|inactive|FuniPlagueMan has 90 seconds left.\n|\n|t:|1699734190\n|move|p1a: Hitmontop|Triple Axel|p2a: Clodsire|[miss]\n|-miss|p1a: Hitmontop|p2a: Clodsire\n|move|p2a: Clodsire|Earthquake|p1a: Hitmontop\n|-damage|p1a: Hitmontop|79\/100 tox\n|\n|-heal|p2a: Clodsire|40\/100 brn|[from] item: Leftovers\n|-damage|p1a: Hitmontop|67\/100 tox|[from] psn\n|-damage|p2a: Clodsire|34\/100 brn|[from] brn\n|upkeep\n|turn|19\n|inactive|FuniPlagueMan has 90 seconds left.\n|\n|t:|1699734205\n|switch|p2a: Alomomola|Alomomola, F|100\/100\n|move|p1a: Hitmontop|Triple Axel|p2a: Alomomola\n|-resisted|p2a: Alomomola\n|-damage|p2a: Alomomola|99\/100\n|-resisted|p2a: Alomomola\n|-damage|p2a: Alomomola|95\/100\n|-resisted|p2a: Alomomola\n|-damage|p2a: Alomomola|89\/100\n|-hitcount|p2a: Alomomola|3\n|\n|-damage|p1a: Hitmontop|48\/100 tox|[from] psn\n|upkeep\n|turn|20\n|inactive|FuniPlagueMan has 90 seconds left.\n|\n|t:|1699734218\n|move|p1a: Hitmontop|Mach Punch|p2a: Alomomola\n|-damage|p2a: Alomomola|79\/100\n|move|p2a: Alomomola|Wish|p2a: Alomomola\n|\n|-damage|p1a: Hitmontop|23\/100 tox|[from] psn\n|upkeep\n|turn|21\n|\n|t:|1699734224\n|move|p1a: Hitmontop|Triple Axel|p2a: Alomomola\n|-resisted|p2a: Alomomola\n|-damage|p2a: Alomomola|77\/100\n|-resisted|p2a: Alomomola\n|-damage|p2a: Alomomola|73\/100\n|-resisted|p2a: Alomomola\n|-damage|p2a: Alomomola|68\/100\n|-hitcount|p2a: Alomomola|3\n|move|p2a: Alomomola|Flip Turn|p1a: Hitmontop\n|-damage|p1a: Hitmontop|2\/100 tox\n|\n|t:|1699734227\n|switch|p2a: Clodsire|Clodsire, F, shiny|34\/100 brn|[from] Flip Turn\n|\n|-heal|p2a: Clodsire|91\/100 brn|[from] move: Wish|[wisher] Alomomola\n|-heal|p2a: Clodsire|98\/100 brn|[from] item: Leftovers\n|-damage|p1a: Hitmontop|0 fnt|[from] psn\n|faint|p1a: Hitmontop\n|-damage|p2a: Clodsire|91\/100 brn|[from] brn\n|upkeep\n|c|\u2606letmehavemynamel|wp\n|\n|t:|1699734241\n|switch|p1a: Great Tusk|Great Tusk|94\/100 tox\n|turn|22\n|\n|t:|1699734252\n|move|p1a: Great Tusk|Earthquake|p2a: Clodsire\n|-supereffective|p2a: Clodsire\n|-damage|p2a: Clodsire|0 fnt\n|faint|p2a: Clodsire\n|\n|-heal|p1a: Great Tusk|100\/100 tox|[from] item: Leftovers\n|-damage|p1a: Great Tusk|94\/100 tox|[from] psn\n|upkeep\n|\n|t:|1699734254\n|switch|p2a: Alomomola|Alomomola, F|100\/100\n|turn|23\n|\n|t:|1699734260\n|move|p1a: Great Tusk|Earthquake|p2a: Alomomola\n|-crit|p2a: Alomomola\n|-damage|p2a: Alomomola|53\/100\n|move|p2a: Alomomola|Wish|p2a: Alomomola\n|\n|-heal|p1a: Great Tusk|100\/100 tox|[from] item: Leftovers\n|-damage|p1a: Great Tusk|88\/100 tox|[from] psn\n|upkeep\n|turn|24\n|\n|t:|1699734268\n|move|p2a: Alomomola|Protect|p2a: Alomomola\n|-singleturn|p2a: Alomomola|Protect\n|move|p1a: Great Tusk|Earthquake|p2a: Alomomola\n|-activate|p2a: Alomomola|move: Protect\n|\n|-heal|p2a: Alomomola|100\/100|[from] move: Wish|[wisher] Alomomola\n|-heal|p1a: Great Tusk|94\/100 tox|[from] item: Leftovers\n|-damage|p1a: Great Tusk|76\/100 tox|[from] psn\n|upkeep\n|turn|25\n|inactive|FuniPlagueMan has 120 seconds left.\n|\n|t:|1699734291\n|move|p1a: Great Tusk|Earthquake|p2a: Alomomola\n|-damage|p2a: Alomomola|69\/100\n|move|p2a: Alomomola|Flip Turn|p1a: Great Tusk\n|-supereffective|p1a: Great Tusk\n|-damage|p1a: Great Tusk|56\/100 tox\n|\n|-heal|p1a: Great Tusk|62\/100 tox|[from] item: Leftovers\n|-damage|p1a: Great Tusk|37\/100 tox|[from] psn\n|upkeep\n|turn|26\n|inactive|letmehavemynamel has 120 seconds left.\n|\n|t:|1699734336\n|move|p1a: Great Tusk|Earthquake|p2a: Alomomola\n|-damage|p2a: Alomomola|39\/100\n|move|p2a: Alomomola|Wish|p2a: Alomomola\n|\n|-heal|p1a: Great Tusk|44\/100 tox|[from] item: Leftovers\n|-damage|p1a: Great Tusk|13\/100 tox|[from] psn\n|upkeep\n|turn|27\n|inactive|FuniPlagueMan has 120 seconds left.\n|\n|t:|1699734357\n|move|p2a: Alomomola|Protect|p2a: Alomomola\n|-singleturn|p2a: Alomomola|Protect\n|move|p1a: Great Tusk|Earthquake|p2a: Alomomola\n|-activate|p2a: Alomomola|move: Protect\n|\n|-heal|p2a: Alomomola|89\/100|[from] move: Wish|[wisher] Alomomola\n|-heal|p1a: Great Tusk|19\/100 tox|[from] item: Leftovers\n|-damage|p1a: Great Tusk|0 fnt|[from] psn\n|faint|p1a: Great Tusk\n|-end|p1a: Great Tusk|Protosynthesis|[silent]\n|upkeep\n|c|\u2606letmehavemynamel|theres still a chance\n|c|\u2606letmehavemynamel|pretty slim\n|c|\u2606letmehavemynamel|but possible\n|\n|t:|1699734371\n|switch|p1a: Pangoro|Pangoro, M|100\/100\n|-ability|p1a: Pangoro|Mold Breaker\n|turn|28\n|\n|t:|1699734376\n|move|p2a: Alomomola|Toxic|p1a: Pangoro\n|-status|p1a: Pangoro|tox\n|move|p1a: Pangoro|Storm Throw|p2a: Alomomola\n|-crit|p2a: Alomomola\n|-damage|p2a: Alomomola|64\/100\n|\n|-damage|p1a: Pangoro|94\/100 tox|[from] psn\n|upkeep\n|turn|29\n|inactive|letmehavemynamel has 120 seconds left.\n|c|\u2606letmehavemynamel|nvm\n|\n|t:|1699734383\n|move|p2a: Alomomola|Wish|p2a: Alomomola\n|move|p1a: Pangoro|Storm Throw|p2a: Alomomola\n|-crit|p2a: Alomomola\n|-damage|p2a: Alomomola|39\/100\n|\n|-damage|p1a: Pangoro|82\/100 tox|[from] psn\n|upkeep\n|turn|30\n|c|\u2606letmehavemynamel|gg\n|c|\u2606letmehavemynamel|u sick man\n|\n|t:|1699734394\n|move|p2a: Alomomola|Protect|p2a: Alomomola\n|-singleturn|p2a: Alomomola|Protect\n|move|p1a: Pangoro|Storm Throw|p2a: Alomomola\n|-activate|p2a: Alomomola|move: Protect\n|\n|-heal|p2a: Alomomola|89\/100|[from] move: Wish|[wisher] Alomomola\n|-damage|p1a: Pangoro|64\/100 tox|[from] psn\n|upkeep\n|turn|31\n|c|\u2606letmehavemynamel|u sick sick man\n|\n|t:|1699734402\n|move|p2a: Alomomola|Wish|p2a: Alomomola\n|move|p1a: Pangoro|Storm Throw|p2a: Alomomola\n|-crit|p2a: Alomomola\n|-damage|p2a: Alomomola|62\/100\n|\n|-damage|p1a: Pangoro|40\/100 tox|[from] psn\n|upkeep\n|turn|32\n|c|\u2606letmehavemynamel|u like to watch the world burn\n|c|\u2606letmehavemynamel|dont u\n|c|\u2606FuniPlagueMan|Mwahahaha\n|c|\u2606FuniPlagueMan|the funny fish\n|inactive|FuniPlagueMan has 120 seconds left.\n|c|\u2606letmehavemynamel|lmao\n|c|\u2606FuniPlagueMan|they can take pex but they can\u2019t take me\n|\n|t:|1699734441\n|move|p2a: Alomomola|Wish||[still]\n|-fail|p2a: Alomomola\n|move|p1a: Pangoro|Storm Throw|p2a: Alomomola\n|-crit|p2a: Alomomola\n|-damage|p2a: Alomomola|33\/100\n|\n|-heal|p2a: Alomomola|83\/100|[from] move: Wish|[wisher] Alomomola\n|-damage|p1a: Pangoro|9\/100 tox|[from] psn\n|upkeep\n|turn|33\n|inactive|FuniPlagueMan has 120 seconds left.\n|-message|letmehavemynamel forfeited.\n|\n|win|FuniPlagueMan\n|raw|letmehavemynamel's rating: 1157 &rarr; <strong>1125<\/strong><br \/>(-32 for losing)\n|raw|FuniPlagueMan's rating: 1051 &rarr; <strong>1093<\/strong><br \/>(+42 for winning)\n|l|\u2606letmehavemynamel\n|c|\u2606FuniPlagueMan|GG\n","uploadtime":1699734465,"views":36,"p1id":"letmehavemynamel","p2id":"funiplagueman","formatid":"gen9nationaldexubers","rating":1093,"private":0,"password":""}