{"id":"gen9nationaldexubers-2000350363","p1":"Mistery Gold","p2":"RockyCockys","format":"[Gen 9] National Dex Ubers","log":"|j|\u2606Mistery Gold\n|j|\u2606RockyCockys\n|t:|1701187343\n|gametype|singles\n|player|p1|Mistery Gold|tate|1157\n|player|p2|RockyCockys|hiker-gen4|1082\n|teamsize|p1|6\n|teamsize|p2|6\n|gen|9\n|tier|[Gen 9] National Dex Ubers\n|rated|\n|rule|HP Percentage Mod: HP is shown in percentages\n|rule|Endless Battle Clause: Forcing endless battles is banned\n|rule|OHKO Clause: OHKO moves are banned\n|rule|Evasion Moves Clause: Evasion moves are banned\n|rule|Evasion Items Clause: Evasion items are banned\n|rule|Species Clause: Limit one of each Pok\u00e9mon\n|rule|Sleep Clause Mod: Limit one foe put to sleep\n|rule|Mega Rayquaza Clause: You cannot mega evolve Rayquaza\n|clearpoke\n|poke|p1|Flutter Mane|\n|poke|p1|Roaring Moon|\n|poke|p1|Glimmora, M|\n|poke|p1|Rabsca, M|\n|poke|p1|Wo-Chien|\n|poke|p1|Iron Valiant|\n|poke|p2|Pikachu, M|\n|poke|p2|Dracovish|\n|poke|p2|Dragonite, M|\n|poke|p2|Sirfetch\u2019d, M|\n|poke|p2|Gengar, M|\n|poke|p2|Lucario, F|\n|teampreview\n|inactive|Battle timer is ON: inactive players will automatically lose when time's up. (requested by RockyCockys)\n|\n|t:|1701187399\n|start\n|switch|p1a: Glimmora|Glimmora, M|100\/100\n|switch|p2a: Pikachu|Pikachu, M|100\/100\n|turn|1\n|\n|t:|1701187409\n|move|p2a: Pikachu|Fake Out|p1a: Glimmora\n|-resisted|p1a: Glimmora\n|-damage|p1a: Glimmora|90\/100\n|-activate|p1a: Glimmora|ability: Toxic Debris\n|-sidestart|p2: RockyCockys|move: Toxic Spikes\n|cant|p1a: Glimmora|flinch\n|\n|upkeep\n|turn|2\n|\n|t:|1701187419\n|move|p1a: Glimmora|Stealth Rock|p2a: Pikachu\n|-sidestart|p2: RockyCockys|move: Stealth Rock\n|move|p2a: Pikachu|Iron Tail|p1a: Glimmora\n|-supereffective|p1a: Glimmora\n|-damage|p1a: Glimmora|0 fnt\n|-activate|p1a: Glimmora|ability: Toxic Debris\n|-sidestart|p2: RockyCockys|move: Toxic Spikes\n|faint|p1a: Glimmora\n|\n|upkeep\n|\n|t:|1701187431\n|switch|p1a: Flutter Mane|Flutter Mane|100\/100\n|-enditem|p1a: Flutter Mane|Booster Energy\n|-activate|p1a: Flutter Mane|ability: Protosynthesis|[fromitem]\n|-start|p1a: Flutter Mane|protosynthesisspe\n|turn|3\n|\n|t:|1701187441\n|-terastallize|p1a: Flutter Mane|Steel\n|move|p1a: Flutter Mane|Calm Mind|p1a: Flutter Mane\n|-boost|p1a: Flutter Mane|spa|1\n|-boost|p1a: Flutter Mane|spd|1\n|move|p2a: Pikachu|Iron Tail|p1a: Flutter Mane|[miss]\n|-miss|p2a: Pikachu|p1a: Flutter Mane\n|\n|upkeep\n|turn|4\n|\n|t:|1701187449\n|move|p1a: Flutter Mane|Calm Mind|p1a: Flutter Mane\n|-boost|p1a: Flutter Mane|spa|1\n|-boost|p1a: Flutter Mane|spd|1\n|move|p2a: Pikachu|Body Slam|p1a: Flutter Mane\n|-resisted|p1a: Flutter Mane\n|-damage|p1a: Flutter Mane|58\/100\n|-status|p1a: Flutter Mane|par\n|\n|upkeep\n|turn|5\n|\n|t:|1701187458\n|move|p1a: Flutter Mane|Moonblast|p2a: Pikachu\n|-damage|p2a: Pikachu|0 fnt\n|faint|p2a: Pikachu\n|\n|upkeep\n|\n|t:|1701187463\n|switch|p2a: Dragonite|Dragonite, M|100\/100\n|turn|6\n|\n|t:|1701187468\n|cant|p1a: Flutter Mane|par\n|move|p2a: Dragonite|Fire Punch|p1a: Flutter Mane\n|-supereffective|p1a: Flutter Mane\n|-damage|p1a: Flutter Mane|0 fnt\n|faint|p1a: Flutter Mane\n|-end|p1a: Flutter Mane|Protosynthesis|[silent]\n|\n|upkeep\n|\n|t:|1701187472\n|switch|p1a: Roaring Moon|Roaring Moon|100\/100\n|turn|7\n|\n|t:|1701187481\n|move|p1a: Roaring Moon|Dragon Claw|p2a: Dragonite\n|-supereffective|p2a: Dragonite\n|-damage|p2a: Dragonite|48\/100\n|move|p2a: Dragonite|Dragon Claw|p1a: Roaring Moon\n|-supereffective|p1a: Roaring Moon\n|-enditem|p1a: Roaring Moon|Focus Sash\n|-damage|p1a: Roaring Moon|1\/100\n|\n|upkeep\n|turn|8\n|\n|t:|1701187491\n|move|p2a: Dragonite|Extreme Speed|p1a: Roaring Moon\n|-damage|p1a: Roaring Moon|0 fnt\n|faint|p1a: Roaring Moon\n|-end|p1a: Roaring Moon|Protosynthesis|[silent]\n|\n|upkeep\n|\n|t:|1701187497\n|switch|p1a: Rabsca|Rabsca, M|100\/100\n|turn|9\n|\n|t:|1701187506\n|move|p2a: Dragonite|Dual Wingbeat|p1a: Rabsca\n|-supereffective|p1a: Rabsca\n|-damage|p1a: Rabsca|59\/100\n|-supereffective|p1a: Rabsca\n|-crit|p1a: Rabsca\n|-damage|p1a: Rabsca|5\/100\n|-hitcount|p1a: Rabsca|2\n|move|p1a: Rabsca|Revival Blessing|p1a: Rabsca\n|\n|t:|1701187521\n|-heal|p1: Flutter Mane|50\/100|[from] move: Revival Blessing\n|\n|-heal|p1a: Rabsca|11\/100|[from] item: Leftovers\n|upkeep\n|turn|10\n|\n|t:|1701187528\n|move|p2a: Dragonite|Extreme Speed|p1a: Rabsca\n|-damage|p1a: Rabsca|0 fnt\n|faint|p1a: Rabsca\n|\n|upkeep\n|\n|t:|1701187532\n|switch|p1a: Iron Valiant|Iron Valiant|100\/100\n|-enditem|p1a: Iron Valiant|Booster Energy\n|-activate|p1a: Iron Valiant|ability: Quark Drive|[fromitem]\n|-start|p1a: Iron Valiant|quarkdrivespe\n|turn|11\n|\n|t:|1701187555\n|move|p2a: Dragonite|Extreme Speed|p1a: Iron Valiant\n|-damage|p1a: Iron Valiant|61\/100\n|move|p1a: Iron Valiant|Moonblast|p2a: Dragonite\n|-supereffective|p2a: Dragonite\n|-damage|p2a: Dragonite|0 fnt\n|faint|p2a: Dragonite\n|\n|upkeep\n|\n|t:|1701187558\n|switch|p2a: Lucario|Lucario, F|100\/100\n|-damage|p2a: Lucario|98\/100|[from] Stealth Rock\n|turn|12\n|\n|t:|1701187561\n|detailschange|p2a: Lucario|Lucario-Mega, F\n|-mega|p2a: Lucario|Lucario|Lucarionite\n|move|p2a: Lucario|Bullet Punch|p1a: Iron Valiant\n|-supereffective|p1a: Iron Valiant\n|-damage|p1a: Iron Valiant|0 fnt\n|faint|p1a: Iron Valiant\n|-end|p1a: Iron Valiant|Quark Drive|[silent]\n|\n|upkeep\n|\n|t:|1701187566\n|switch|p1a: Wo-Chien|Wo-Chien|100\/100\n|-ability|p1a: Wo-Chien|Tablets of Ruin\n|turn|13\n|\n|t:|1701187580\n|move|p2a: Lucario|Close Combat|p1a: Wo-Chien\n|-supereffective|p1a: Wo-Chien\n|-damage|p1a: Wo-Chien|9\/100\n|-unboost|p2a: Lucario|def|1\n|-unboost|p2a: Lucario|spd|1\n|move|p1a: Wo-Chien|Leech Seed|p2a: Lucario\n|-start|p2a: Lucario|move: Leech Seed\n|\n|-heal|p1a: Wo-Chien|15\/100|[from] item: Leftovers\n|-damage|p2a: Lucario|85\/100|[from] Leech Seed|[of] p1a: Wo-Chien\n|-heal|p1a: Wo-Chien|24\/100|[silent]\n|upkeep\n|turn|14\n|\n|t:|1701187589\n|move|p2a: Lucario|Close Combat|p1a: Wo-Chien\n|-supereffective|p1a: Wo-Chien\n|-damage|p1a: Wo-Chien|0 fnt\n|-unboost|p2a: Lucario|def|1\n|-unboost|p2a: Lucario|spd|1\n|faint|p1a: Wo-Chien\n|\n|upkeep\n|\n|t:|1701187592\n|switch|p1a: Flutter Mane|Flutter Mane|50\/100\n|turn|15\n|\n|t:|1701187606\n|move|p2a: Lucario|Bullet Punch|p1a: Flutter Mane\n|-supereffective|p1a: Flutter Mane\n|-damage|p1a: Flutter Mane|0 fnt\n|faint|p1a: Flutter Mane\n|-end|p1a: Flutter Mane|Protosynthesis|[silent]\n|\n|win|RockyCockys\n|raw|Mistery Gold's rating: 1157 &rarr; <strong>1127<\/strong><br \/>(-30 for losing)\n|raw|RockyCockys's rating: 1082 &rarr; <strong>1116<\/strong><br \/>(+34 for winning)\n|l|\u2606Mistery Gold\n","uploadtime":1701187615,"views":1,"p1id":"misterygold","p2id":"rockycockys","formatid":"gen9nationaldexubers","rating":1116,"private":0,"password":""}