{"id":"gen9nationaldexubers-1987644163","p1":"hanagakiUBD","p2":"Kazutoxo","format":"[Gen 9] National Dex Ubers","log":"|j|\u2606hanagakiUBD\n|j|\u2606Kazutoxo\n|t:|1699623322\n|gametype|singles\n|player|p1|hanagakiUBD|iris-gen5bw2|\n|player|p2|Kazutoxo|ingo|\n|teamsize|p1|6\n|teamsize|p2|6\n|gen|9\n|tier|[Gen 9] National Dex Ubers\n|rule|HP Percentage Mod: HP is shown in percentages\n|rule|Endless Battle Clause: Forcing endless battles is banned\n|rule|OHKO Clause: OHKO moves are banned\n|rule|Evasion Moves Clause: Evasion moves are banned\n|rule|Evasion Items Clause: Evasion items are banned\n|rule|Species Clause: Limit one of each Pok\u00e9mon\n|rule|Sleep Clause Mod: Limit one foe put to sleep\n|rule|Mega Rayquaza Clause: You cannot mega evolve Rayquaza\n|clearpoke\n|poke|p1|Kleavor, F|\n|poke|p1|Darmanitan-Galar, M|\n|poke|p1|Volcarona, F|\n|poke|p1|Dragapult, F|\n|poke|p1|Alakazam, F|\n|poke|p1|Kingambit, M|\n|poke|p2|Annihilape, F|\n|poke|p2|Beedrill, M|\n|poke|p2|Slowking-Galar, F|\n|poke|p2|Toxapex, F|\n|poke|p2|Muk-Alola, F|\n|poke|p2|Salazzle, F|\n|teampreview\n|inactive|Battle timer is ON: inactive players will automatically lose when time's up. (requested by hanagakiUBD)\n|inactive|hanagakiUBD has 270 seconds left.\n|\n|t:|1699623356\n|start\n|switch|p1a: Dragapult|Dragapult, F, shiny|100\/100\n|switch|p2a: Salazzle|Salazzle, F|100\/100\n|turn|1\n|\n|t:|1699623384\n|move|p1a: Dragapult|Substitute|p1a: Dragapult\n|-start|p1a: Dragapult|Substitute\n|-damage|p1a: Dragapult|76\/100\n|move|p2a: Salazzle|Venoshock|p1a: Dragapult\n|-resisted|p1a: Dragapult\n|-end|p1a: Dragapult|Substitute\n|\n|upkeep\n|turn|2\n|\n|t:|1699623392\n|move|p1a: Dragapult|Dragon Dance|p1a: Dragapult\n|-boost|p1a: Dragapult|atk|1\n|-boost|p1a: Dragapult|spe|1\n|move|p2a: Salazzle|Venoshock|p1a: Dragapult\n|-resisted|p1a: Dragapult\n|-crit|p1a: Dragapult\n|-damage|p1a: Dragapult|32\/100\n|\n|upkeep\n|turn|3\n|\n|t:|1699623402\n|-zpower|p1a: Dragapult\n|move|p1a: Dragapult|Devastating Drake|p2a: Salazzle|[zeffect]\n|-damage|p2a: Salazzle|0 fnt\n|faint|p2a: Salazzle\n|\n|upkeep\n|\n|t:|1699623411\n|switch|p2a: Beedrill|Beedrill, M|100\/100\n|turn|4\n|\n|t:|1699623417\n|detailschange|p2a: Beedrill|Beedrill-Mega, M\n|-mega|p2a: Beedrill|Beedrill|Beedrillite\n|move|p1a: Dragapult|Dragon Darts|p2a: Beedrill\n|-damage|p2a: Beedrill|12\/100\n|-anim|p1a: Dragapult|Dragon Darts|p2a: Beedrill\n|-damage|p2a: Beedrill|0 fnt\n|faint|p2a: Beedrill\n|\n|upkeep\n|\n|t:|1699623426\n|switch|p2a: Toxapex|Toxapex, F|100\/100\n|turn|5\n|\n|t:|1699623429\n|move|p1a: Dragapult|Phantom Force||[still]\n|-prepare|p1a: Dragapult|Phantom Force\n|move|p2a: Toxapex|Knock Off|p1a: Dragapult|[miss]\n|-miss|p2a: Toxapex|p1a: Dragapult\n|\n|upkeep\n|turn|6\n|\n|t:|1699623435\n|move|p2a: Toxapex|Baneful Bunker|p2a: Toxapex\n|-singleturn|p2a: Toxapex|move: Protect\n|move|p1a: Dragapult|Phantom Force|p2a: Toxapex|[from]lockedmove\n|-activate|p2a: Toxapex|move: Phantom Force|[broken]\n|-damage|p2a: Toxapex|48\/100\n|\n|-heal|p2a: Toxapex|54\/100|[from] item: Black Sludge\n|upkeep\n|turn|7\n|\n|t:|1699623459\n|move|p1a: Dragapult|Dragon Darts|p2a: Toxapex\n|-damage|p2a: Toxapex|27\/100\n|-anim|p1a: Dragapult|Dragon Darts|p2a: Toxapex\n|-damage|p2a: Toxapex|0 fnt\n|faint|p2a: Toxapex\n|\n|upkeep\n|\n|t:|1699623465\n|switch|p2a: Muk|Muk-Alola, F|100\/100\n|turn|8\n|\n|t:|1699623470\n|move|p2a: Muk|Shadow Sneak|p1a: Dragapult\n|-supereffective|p1a: Dragapult\n|-damage|p1a: Dragapult|3\/100\n|move|p1a: Dragapult|Dragon Darts|p2a: Muk\n|-crit|p2a: Muk\n|-damage|p2a: Muk|44\/100\n|-enditem|p2a: Muk|Mago Berry|[eat]\n|-heal|p2a: Muk|78\/100|[from] item: Mago Berry\n|-anim|p1a: Dragapult|Dragon Darts|p2a: Muk\n|-damage|p2a: Muk|39\/100\n|\n|upkeep\n|turn|9\n|\n|t:|1699623480\n|move|p2a: Muk|Shadow Sneak|p1a: Dragapult\n|-supereffective|p1a: Dragapult\n|-damage|p1a: Dragapult|0 fnt\n|faint|p1a: Dragapult\n|\n|upkeep\n|\n|t:|1699623486\n|switch|p1a: Darmanitan|Darmanitan-Galar, M|100\/100\n|turn|10\n|\n|t:|1699623498\n|move|p1a: Darmanitan|Earthquake|p2a: Muk\n|-supereffective|p2a: Muk\n|-damage|p2a: Muk|0 fnt\n|faint|p2a: Muk\n|\n|upkeep\n|\n|t:|1699623508\n|switch|p2a: Slowking|Slowking-Galar, F|100\/100\n|turn|11\n|\n|t:|1699623514\n|move|p1a: Darmanitan|Earthquake|p2a: Slowking\n|-supereffective|p2a: Slowking\n|-damage|p2a: Slowking|17\/100\n|move|p2a: Slowking|Calm Mind|p2a: Slowking\n|-boost|p2a: Slowking|spa|1\n|-boost|p2a: Slowking|spd|1\n|\n|-heal|p2a: Slowking|23\/100|[from] item: Black Sludge\n|upkeep\n|turn|12\n|\n|t:|1699623523\n|move|p1a: Darmanitan|Earthquake|p2a: Slowking\n|-supereffective|p2a: Slowking\n|-damage|p2a: Slowking|0 fnt\n|faint|p2a: Slowking\n|\n|upkeep\n|\n|t:|1699623528\n|switch|p2a: Annihilape|Annihilape, F|100\/100\n|turn|13\n|\n|t:|1699623538\n|-terastallize|p2a: Annihilape|Poison\n|move|p1a: Darmanitan|Earthquake|p2a: Annihilape\n|-supereffective|p2a: Annihilape\n|-damage|p2a: Annihilape|0 fnt\n|faint|p2a: Annihilape\n|\n|win|hanagakiUBD\n|l|\u2606Kazutoxo\n","uploadtime":1699623548,"views":5,"p1id":"hanagakiubd","p2id":"kazutoxo","formatid":"gen9nationaldexubers","rating":0,"private":0,"password":""}