{"id":"gen9nationaldexubers-1982875230","p1":"GuikiPT","p2":"Albertohgk","format":"[Gen 9] National Dex Ubers","log":"|j|\u2606GuikiPT\n|j|\u2606Albertohgk\n|t:|1699053777\n|gametype|singles\n|player|p1|GuikiPT|lusamine-nihilego|\n|player|p2|Albertohgk|red|\n|teamsize|p1|6\n|teamsize|p2|6\n|gen|9\n|tier|[Gen 9] National Dex Ubers\n|rule|HP Percentage Mod: HP is shown in percentages\n|rule|Endless Battle Clause: Forcing endless battles is banned\n|rule|OHKO Clause: OHKO moves are banned\n|rule|Evasion Moves Clause: Evasion moves are banned\n|rule|Evasion Items Clause: Evasion items are banned\n|rule|Species Clause: Limit one of each Pok\u00e9mon\n|rule|Sleep Clause Mod: Limit one foe put to sleep\n|rule|Mega Rayquaza Clause: You cannot mega evolve Rayquaza\n|clearpoke\n|poke|p1|Hippowdon, F|\n|poke|p1|Corviknight, F|\n|poke|p1|Blissey, F|\n|poke|p1|Ferrothorn, M|\n|poke|p1|Toxapex, F|\n|poke|p1|Clefable, F|\n|poke|p2|Hatterene, F|\n|poke|p2|Marowak-Alola, M|\n|poke|p2|Crawdaunt, F|\n|poke|p2|Cresselia, F|\n|poke|p2|Porygon2|\n|poke|p2|Melmetal|\n|teampreview\n|inactive|Battle timer is ON: inactive players will automatically lose when time's up. (requested by GuikiPT)\n|\n|t:|1699053798\n|start\n|switch|p1a: Hippowdon|Hippowdon, F|100\/100\n|switch|p2a: Marowak|Marowak-Alola, M|100\/100\n|-weather|Sandstorm|[from] ability: Sand Stream|[of] p1a: Hippowdon\n|turn|1\n|inactive|Albertohgk has 270 seconds left.\n|\n|t:|1699053835\n|switch|p2a: Porygon2|Porygon2|100\/100\n|move|p1a: Hippowdon|Stealth Rock|p2a: Porygon2\n|-sidestart|p2: Albertohgk|move: Stealth Rock\n|\n|-weather|Sandstorm|[upkeep]\n|-damage|p2a: Porygon2|94\/100|[from] Sandstorm\n|-heal|p2a: Porygon2|100\/100|[from] item: Leftovers\n|upkeep\n|turn|2\n|inactive|Albertohgk has 270 seconds left.\n|\n|t:|1699053843\n|move|p1a: Hippowdon|Toxic|p2a: Porygon2\n|-status|p2a: Porygon2|tox\n|move|p2a: Porygon2|Trick Room|p2a: Porygon2\n|-fieldstart|move: Trick Room|[of] p2a: Porygon2\n|\n|-weather|Sandstorm|[upkeep]\n|-damage|p2a: Porygon2|94\/100 tox|[from] Sandstorm\n|-heal|p2a: Porygon2|100\/100 tox|[from] item: Leftovers\n|-damage|p2a: Porygon2|94\/100 tox|[from] psn\n|upkeep\n|turn|3\n|\n|t:|1699053851\n|move|p1a: Hippowdon|Toxic|p2a: Porygon2\n|-fail|p2a: Porygon2|tox\n|move|p2a: Porygon2|Toxic|p1a: Hippowdon\n|-status|p1a: Hippowdon|tox\n|\n|-weather|Sandstorm|[upkeep]\n|-damage|p2a: Porygon2|88\/100 tox|[from] Sandstorm\n|-heal|p2a: Porygon2|94\/100 tox|[from] item: Leftovers\n|-damage|p1a: Hippowdon|94\/100 tox|[from] psn\n|-damage|p2a: Porygon2|82\/100 tox|[from] psn\n|upkeep\n|turn|4\n|\n|t:|1699053860\n|move|p1a: Hippowdon|Toxic|p2a: Porygon2\n|-fail|p2a: Porygon2|tox\n|move|p2a: Porygon2|Teleport|p2a: Porygon2\n|\n|t:|1699053867\n|switch|p2a: Crawdaunt|Crawdaunt, F|100\/100|[from] Teleport\n|-damage|p2a: Crawdaunt|88\/100|[from] Stealth Rock\n|\n|-weather|Sandstorm|[upkeep]\n|-damage|p2a: Crawdaunt|82\/100|[from] Sandstorm\n|-heal|p1a: Hippowdon|100\/100 tox|[from] item: Leftovers\n|-damage|p1a: Hippowdon|88\/100 tox|[from] psn\n|upkeep\n|turn|5\n|\n|t:|1699053877\n|switch|p1a: Ferrothorn|Ferrothorn, M|100\/100\n|-terastallize|p2a: Crawdaunt|Water\n|move|p2a: Crawdaunt|Crabhammer|p1a: Ferrothorn\n|-resisted|p1a: Ferrothorn\n|-damage|p1a: Ferrothorn|60\/100\n|-damage|p2a: Crawdaunt|70\/100|[from] ability: Iron Barbs|[of] p1a: Ferrothorn\n|\n|-weather|none\n|-heal|p1a: Ferrothorn|66\/100|[from] item: Leftovers\n|upkeep\n|turn|6\n|\n|t:|1699053889\n|switch|p2a: Hatterene|Hatterene, F|100\/100\n|-damage|p2a: Hatterene|88\/100|[from] Stealth Rock\n|move|p1a: Ferrothorn|Leech Seed|p2a: Hatterene\n|move|p2a: Hatterene|Leech Seed|p1a: Ferrothorn|[from]ability: Magic Bounce\n|-immune|p1a: Ferrothorn\n|\n|-heal|p1a: Ferrothorn|72\/100|[from] item: Leftovers\n|-fieldend|move: Trick Room\n|upkeep\n|turn|7\n|\n|t:|1699053902\n|switch|p1a: Hippowdon|Hippowdon, F|88\/100 tox\n|-weather|Sandstorm|[from] ability: Sand Stream|[of] p1a: Hippowdon\n|move|p2a: Hatterene|Mystical Fire|p1a: Hippowdon\n|-damage|p1a: Hippowdon|64\/100 tox\n|-unboost|p1a: Hippowdon|spa|1\n|\n|-weather|Sandstorm|[upkeep]\n|-damage|p2a: Hatterene|82\/100|[from] Sandstorm\n|-heal|p1a: Hippowdon|70\/100 tox|[from] item: Leftovers\n|-damage|p1a: Hippowdon|64\/100 tox|[from] psn\n|upkeep\n|turn|8\n|\n|t:|1699053914\n|move|p1a: Hippowdon|Slack Off|p1a: Hippowdon\n|-heal|p1a: Hippowdon|100\/100 tox\n|move|p2a: Hatterene|Trick Room|p2a: Hatterene\n|-fieldstart|move: Trick Room|[of] p2a: Hatterene\n|\n|-weather|Sandstorm|[upkeep]\n|-damage|p2a: Hatterene|76\/100|[from] Sandstorm\n|-damage|p1a: Hippowdon|88\/100 tox|[from] psn\n|upkeep\n|turn|9\n|\n|t:|1699053926\n|switch|p2a: Crawdaunt|Crawdaunt, F, tera:Water|70\/100\n|-damage|p2a: Crawdaunt|57\/100|[from] Stealth Rock\n|move|p1a: Hippowdon|Earthquake|p2a: Crawdaunt\n|-damage|p2a: Crawdaunt|11\/100\n|\n|-weather|Sandstorm|[upkeep]\n|-damage|p2a: Crawdaunt|5\/100|[from] Sandstorm\n|-heal|p1a: Hippowdon|94\/100 tox|[from] item: Leftovers\n|-damage|p1a: Hippowdon|76\/100 tox|[from] psn\n|upkeep\n|turn|10\n|\n|t:|1699053941\n|switch|p1a: Toxapex|Toxapex, F|100\/100\n|move|p2a: Crawdaunt|Brick Break|p1a: Toxapex\n|-resisted|p1a: Toxapex\n|-damage|p1a: Toxapex|89\/100\n|\n|-weather|Sandstorm|[upkeep]\n|-damage|p1a: Toxapex|83\/100|[from] Sandstorm\n|-damage|p2a: Crawdaunt|0 fnt|[from] Sandstorm\n|faint|p2a: Crawdaunt\n|-heal|p1a: Toxapex|89\/100|[from] item: Black Sludge\n|upkeep\n|\n|t:|1699053959\n|switch|p2a: Melmetal|Melmetal|100\/100\n|-damage|p2a: Melmetal|94\/100|[from] Stealth Rock\n|turn|11\n|inactive|Albertohgk has 270 seconds left.\n|\n|t:|1699053974\n|switch|p1a: Ferrothorn|Ferrothorn, M|72\/100\n|move|p2a: Melmetal|Thunder Punch|p1a: Ferrothorn\n|-resisted|p1a: Ferrothorn\n|-damage|p1a: Ferrothorn|53\/100\n|-damage|p2a: Melmetal|82\/100|[from] ability: Iron Barbs|[of] p1a: Ferrothorn\n|\n|-weather|none\n|-heal|p1a: Ferrothorn|60\/100|[from] item: Leftovers\n|upkeep\n|turn|12\n|inactive|Albertohgk has 270 seconds left.\n|\n|t:|1699053984\n|switch|p2a: Marowak|Marowak-Alola, M|100\/100\n|-damage|p2a: Marowak|76\/100|[from] Stealth Rock\n|move|p1a: Ferrothorn|Thunder Wave|p2a: Marowak\n|-status|p2a: Marowak|par\n|\n|-heal|p1a: Ferrothorn|66\/100|[from] item: Leftovers\n|-fieldend|move: Trick Room\n|upkeep\n|turn|13\n|\n|t:|1699053993\n|switch|p1a: Toxapex|Toxapex, F|100\/100\n|move|p2a: Marowak|Flare Blitz|p1a: Toxapex\n|-resisted|p1a: Toxapex\n|-damage|p1a: Toxapex|71\/100\n|\n|-heal|p1a: Toxapex|77\/100|[from] item: Black Sludge\n|upkeep\n|turn|14\n|\n|t:|1699054006\n|move|p1a: Toxapex|Scald|p2a: Marowak\n|-supereffective|p2a: Marowak\n|-damage|p2a: Marowak|32\/100 par\n|cant|p2a: Marowak|par\n|\n|-heal|p1a: Toxapex|83\/100|[from] item: Black Sludge\n|upkeep\n|turn|15\n|\n|t:|1699054013\n|move|p1a: Toxapex|Scald|p2a: Marowak\n|-supereffective|p2a: Marowak\n|-damage|p2a: Marowak|0 fnt\n|faint|p2a: Marowak\n|\n|-heal|p1a: Toxapex|90\/100|[from] item: Black Sludge\n|upkeep\n|\n|t:|1699054019\n|switch|p2a: Hatterene|Hatterene, F|76\/100\n|-damage|p2a: Hatterene|64\/100|[from] Stealth Rock\n|turn|16\n|\n|t:|1699054024\n|move|p1a: Toxapex|Toxic|p2a: Hatterene\n|move|p2a: Hatterene|Toxic|p1a: Toxapex|[from]ability: Magic Bounce\n|-immune|p1a: Toxapex\n|move|p2a: Hatterene|Trick Room|p2a: Hatterene\n|-fieldstart|move: Trick Room|[of] p2a: Hatterene\n|\n|-heal|p1a: Toxapex|96\/100|[from] item: Black Sludge\n|upkeep\n|turn|17\n|\n|t:|1699054040\n|switch|p1a: Ferrothorn|Ferrothorn, M|66\/100\n|move|p2a: Hatterene|Psychic|p1a: Ferrothorn\n|-resisted|p1a: Ferrothorn\n|-damage|p1a: Ferrothorn|47\/100\n|\n|-heal|p1a: Ferrothorn|54\/100|[from] item: Leftovers\n|upkeep\n|turn|18\n|inactive|GuikiPT has 270 seconds left.\n|\n|t:|1699054071\n|move|p1a: Ferrothorn|Knock Off|p2a: Hatterene\n|-damage|p2a: Hatterene|42\/100\n|-enditem|p2a: Hatterene|Focus Sash|[from] move: Knock Off|[of] p1a: Ferrothorn\n|move|p2a: Hatterene|Mystical Fire|p1a: Ferrothorn\n|-supereffective|p1a: Ferrothorn\n|-damage|p1a: Ferrothorn|0 fnt\n|faint|p1a: Ferrothorn\n|\n|upkeep\n|\n|t:|1699054074\n|switch|p1a: Corviknight|Corviknight, F|100\/100\n|-ability|p1a: Corviknight|Pressure\n|turn|19\n|\n|t:|1699054081\n|move|p2a: Hatterene|Mystical Fire|p1a: Corviknight\n|-supereffective|p1a: Corviknight\n|-damage|p1a: Corviknight|46\/100\n|-unboost|p1a: Corviknight|spa|1\n|move|p1a: Corviknight|U-turn|p2a: Hatterene\n|-damage|p2a: Hatterene|26\/100\n|\n|t:|1699054090\n|switch|p1a: Blissey|Blissey, F|100\/100|[from] U-turn\n|\n|upkeep\n|turn|20\n|\n|t:|1699054108\n|move|p2a: Hatterene|Mystical Fire|p1a: Blissey\n|-damage|p1a: Blissey|93\/100\n|-unboost|p1a: Blissey|spa|1\n|move|p1a: Blissey|Heal Bell|p1a: Blissey\n|-activate|p1a: Blissey|move: Heal Bell\n|-curestatus|p1: Hippowdon|tox|[msg]\n|\n|-heal|p1a: Blissey|99\/100|[from] item: Leftovers\n|-fieldend|move: Trick Room\n|upkeep\n|turn|21\n|\n|t:|1699054117\n|move|p1a: Blissey|Seismic Toss|p2a: Hatterene\n|-damage|p2a: Hatterene|0 fnt\n|faint|p2a: Hatterene\n|\n|-heal|p1a: Blissey|100\/100|[from] item: Leftovers\n|upkeep\n|\n|t:|1699054129\n|switch|p2a: Melmetal|Melmetal|82\/100\n|-damage|p2a: Melmetal|76\/100|[from] Stealth Rock\n|turn|22\n|\n|t:|1699054149\n|move|p1a: Blissey|Thunder Wave|p2a: Melmetal\n|-status|p2a: Melmetal|par\n|cant|p2a: Melmetal|par\n|\n|upkeep\n|turn|23\n|\n|t:|1699054159\n|move|p1a: Blissey|Seismic Toss|p2a: Melmetal\n|-damage|p2a: Melmetal|55\/100 par\n|cant|p2a: Melmetal|par\n|\n|upkeep\n|turn|24\n|\n|t:|1699054167\n|move|p1a: Blissey|Seismic Toss|p2a: Melmetal\n|-damage|p2a: Melmetal|34\/100 par\n|cant|p2a: Melmetal|par\n|\n|upkeep\n|turn|25\n|\n|t:|1699054179\n|move|p1a: Blissey|Seismic Toss|p2a: Melmetal\n|-damage|p2a: Melmetal|13\/100 par\n|move|p2a: Melmetal|Ice Punch|p1a: Blissey\n|-damage|p1a: Blissey|0 fnt\n|faint|p1a: Blissey\n|\n|upkeep\n|\n|t:|1699054185\n|switch|p1a: Corviknight|Corviknight, F|46\/100\n|-ability|p1a: Corviknight|Pressure\n|turn|26\n|\n|t:|1699054188\n|move|p1a: Corviknight|Brave Bird|p2a: Melmetal\n|-resisted|p2a: Melmetal\n|-damage|p2a: Melmetal|3\/100 par\n|-damage|p1a: Corviknight|42\/100|[from] Recoil\n|move|p2a: Melmetal|Ice Punch|p1a: Corviknight\n|-damage|p1a: Corviknight|11\/100\n|\n|-heal|p1a: Corviknight|18\/100|[from] item: Leftovers\n|upkeep\n|turn|27\n|\n|t:|1699054196\n|move|p1a: Corviknight|Brave Bird|p2a: Melmetal\n|-resisted|p2a: Melmetal\n|-damage|p2a: Melmetal|0 fnt\n|faint|p2a: Melmetal\n|-damage|p1a: Corviknight|16\/100|[from] Recoil\n|\n|-heal|p1a: Corviknight|23\/100|[from] item: Leftovers\n|upkeep\n|\n|t:|1699054208\n|switch|p2a: Porygon2|Porygon2|82\/100 tox\n|-damage|p2a: Porygon2|70\/100 tox|[from] Stealth Rock\n|turn|28\n|\n|t:|1699054215\n|move|p1a: Corviknight|Roost|p1a: Corviknight\n|-heal|p1a: Corviknight|73\/100\n|-singleturn|p1a: Corviknight|move: Roost\n|move|p2a: Porygon2|Trick Room|p2a: Porygon2\n|-fieldstart|move: Trick Room|[of] p2a: Porygon2\n|\n|-heal|p1a: Corviknight|79\/100|[from] item: Leftovers\n|-heal|p2a: Porygon2|76\/100 tox|[from] item: Leftovers\n|-damage|p2a: Porygon2|70\/100 tox|[from] psn\n|upkeep\n|turn|29\n|\n|t:|1699054225\n|move|p1a: Corviknight|Brave Bird|p2a: Porygon2\n|-damage|p2a: Porygon2|34\/100 tox\n|-damage|p1a: Corviknight|68\/100|[from] Recoil\n|move|p2a: Porygon2|Teleport|p2a: Porygon2\n|\n|t:|1699054230\n|switch|p2a: Cresselia|Cresselia, F|100\/100|[from] Teleport\n|-damage|p2a: Cresselia|88\/100|[from] Stealth Rock\n|\n|-heal|p1a: Corviknight|74\/100|[from] item: Leftovers\n|upkeep\n|turn|30\n|\n|t:|1699054238\n|move|p1a: Corviknight|Brave Bird|p2a: Cresselia\n|-damage|p2a: Cresselia|62\/100\n|-damage|p1a: Corviknight|57\/100|[from] item: Rocky Helmet|[of] p2a: Cresselia\n|-damage|p1a: Corviknight|48\/100|[from] Recoil\n|move|p2a: Cresselia|Thunder Wave|p1a: Corviknight|[miss]\n|-miss|p2a: Cresselia|p1a: Corviknight\n|\n|-heal|p1a: Corviknight|54\/100|[from] item: Leftovers\n|upkeep\n|turn|31\n|\n|t:|1699054248\n|move|p1a: Corviknight|Brave Bird|p2a: Cresselia\n|-damage|p2a: Cresselia|36\/100\n|-damage|p1a: Corviknight|37\/100|[from] item: Rocky Helmet|[of] p2a: Cresselia\n|-damage|p1a: Corviknight|28\/100|[from] Recoil\n|move|p2a: Cresselia|Thunder Wave|p1a: Corviknight\n|-status|p1a: Corviknight|par\n|\n|-heal|p1a: Corviknight|34\/100 par|[from] item: Leftovers\n|upkeep\n|turn|32\n|inactive|Albertohgk has 270 seconds left.\n|\n|t:|1699054279\n|move|p1a: Corviknight|Roost|p1a: Corviknight\n|-heal|p1a: Corviknight|84\/100 par\n|-singleturn|p1a: Corviknight|move: Roost\n|move|p2a: Cresselia|Moonblast|p1a: Corviknight\n|-resisted|p1a: Corviknight\n|-damage|p1a: Corviknight|72\/100 par\n|-unboost|p1a: Corviknight|spa|1\n|\n|-heal|p1a: Corviknight|79\/100 par|[from] item: Leftovers\n|-fieldend|move: Trick Room\n|upkeep\n|turn|33\n|\n|t:|1699054289\n|cant|p1a: Corviknight|par\n|move|p2a: Cresselia|Trick Room|p2a: Cresselia\n|-fieldstart|move: Trick Room|[of] p2a: Cresselia\n|\n|-heal|p1a: Corviknight|85\/100 par|[from] item: Leftovers\n|upkeep\n|turn|34\n|\n|t:|1699054295\n|move|p1a: Corviknight|U-turn|p2a: Cresselia\n|-supereffective|p2a: Cresselia\n|-damage|p2a: Cresselia|14\/100\n|-damage|p1a: Corviknight|68\/100 par|[from] item: Rocky Helmet|[of] p2a: Cresselia\n|\n|t:|1699054299\n|switch|p1a: Clefable|Clefable, F, shiny|100\/100|[from] U-turn\n|move|p2a: Cresselia|Moonblast|p1a: Clefable\n|-damage|p1a: Clefable|79\/100\n|\n|-heal|p1a: Clefable|85\/100|[from] item: Leftovers\n|upkeep\n|turn|35\n|\n|t:|1699054307\n|move|p1a: Clefable|Calm Mind|p1a: Clefable\n|-boost|p1a: Clefable|spa|1\n|-boost|p1a: Clefable|spd|1\n|move|p2a: Cresselia|Thunder Wave|p1a: Clefable\n|-status|p1a: Clefable|par\n|\n|-heal|p1a: Clefable|91\/100 par|[from] item: Leftovers\n|upkeep\n|turn|36\n|\n|t:|1699054315\n|move|p1a: Clefable|Calm Mind|p1a: Clefable\n|-boost|p1a: Clefable|spa|1\n|-boost|p1a: Clefable|spd|1\n|move|p2a: Cresselia|Lunar Dance|p2a: Cresselia\n|faint|p2a: Cresselia\n|\n|-heal|p1a: Clefable|97\/100 par|[from] item: Leftovers\n|upkeep\n|\n|t:|1699054321\n|switch|p2a: Porygon2|Porygon2|34\/100 tox\n|-heal|p2a: Porygon2|100\/100|[from] move: Lunar Dance\n|-damage|p2a: Porygon2|88\/100|[from] Stealth Rock\n|turn|37\n|\n|t:|1699054329\n|cant|p1a: Clefable|par\n|move|p2a: Porygon2|Toxic|p1a: Clefable|[miss]\n|-miss|p2a: Porygon2|p1a: Clefable\n|\n|-heal|p1a: Clefable|100\/100 par|[from] item: Leftovers\n|-heal|p2a: Porygon2|94\/100|[from] item: Leftovers\n|-fieldend|move: Trick Room\n|upkeep\n|turn|38\n|\n|t:|1699054338\n|move|p2a: Porygon2|Toxic||[still]\n|-fail|p2a: Porygon2\n|move|p1a: Clefable|Moonblast|p2a: Porygon2\n|-damage|p2a: Porygon2|35\/100\n|\n|-heal|p2a: Porygon2|41\/100|[from] item: Leftovers\n|upkeep\n|turn|39\n|\n|t:|1699054345\n|move|p2a: Porygon2|Toxic||[still]\n|-fail|p2a: Porygon2\n|move|p1a: Clefable|Moonblast|p2a: Porygon2\n|-damage|p2a: Porygon2|0 fnt\n|faint|p2a: Porygon2\n|\n|win|GuikiPT\n|l|\u2606Albertohgk\n","uploadtime":1699054372,"views":12,"p1id":"guikipt","p2id":"albertohgk","formatid":"gen9nationaldexubers","rating":0,"private":0,"password":""}