{"id":"gen9nationaldexubers-1984884489","p1":"Malice Incarnate","p2":"Obito 2001","format":"[Gen 9] National Dex Ubers","log":"|j|\u2606Malice Incarnate\n|j|\u2606Obito 2001\n|t:|1699307446\n|gametype|singles\n|player|p1|Malice Incarnate|palmer|1550\n|player|p2|Obito 2001|blue-gen3two|1863\n|teamsize|p1|6\n|teamsize|p2|6\n|gen|9\n|tier|[Gen 9] National Dex Ubers\n|rated|\n|rule|HP Percentage Mod: HP is shown in percentages\n|rule|Endless Battle Clause: Forcing endless battles is banned\n|rule|OHKO Clause: OHKO moves are banned\n|rule|Evasion Moves Clause: Evasion moves are banned\n|rule|Evasion Items Clause: Evasion items are banned\n|rule|Species Clause: Limit one of each Pok\u00e9mon\n|rule|Sleep Clause Mod: Limit one foe put to sleep\n|rule|Mega Rayquaza Clause: You cannot mega evolve Rayquaza\n|clearpoke\n|poke|p1|Groudon|\n|poke|p1|Arceus-Dark|\n|poke|p1|Ho-Oh|\n|poke|p1|Zygarde|\n|poke|p1|Necrozma-Dusk-Mane|\n|poke|p1|Ditto|\n|poke|p2|Arceus-Water|\n|poke|p2|Ditto|\n|poke|p2|Kingambit, F|\n|poke|p2|Xerneas-*|\n|poke|p2|Giratina-Origin|\n|poke|p2|Necrozma-Dusk-Mane|\n|teampreview\n|inactive|Battle timer is ON: inactive players will automatically lose when time's up. (requested by Malice Incarnate)\n|inactive|Obito 2001 also wants the timer to be on.\n|\n|t:|1699307473\n|start\n|switch|p1a: Arceus|Arceus-Dark|100\/100\n|switch|p2a: Arceus|Arceus-Water|100\/100\n|turn|1\n|\n|t:|1699307480\n|move|p2a: Arceus|Taunt|p1a: Arceus\n|-start|p1a: Arceus|move: Taunt\n|cant|p1a: Arceus|move: Taunt|Toxic\n|\n|upkeep\n|turn|2\n|\n|t:|1699307483\n|switch|p1a: Groudon|Groudon|100\/100\n|detailschange|p1a: Groudon|Groudon-Primal\n|-primal|p1a: Groudon|Red Orb\n|-weather|DesolateLand|[from] ability: Desolate Land|[of] p1a: Groudon\n|move|p2a: Arceus|Toxic|p1a: Groudon\n|-status|p1a: Groudon|tox\n|\n|-weather|DesolateLand|[upkeep]\n|-damage|p1a: Groudon|94\/100 tox|[from] psn\n|upkeep\n|turn|3\n|\n|t:|1699307490\n|move|p2a: Arceus|Taunt|p1a: Groudon\n|-start|p1a: Groudon|move: Taunt\n|move|p1a: Groudon|Earthquake|p2a: Arceus\n|-damage|p2a: Arceus|64\/100\n|\n|-weather|DesolateLand|[upkeep]\n|-damage|p1a: Groudon|82\/100 tox|[from] psn\n|upkeep\n|turn|4\n|\n|t:|1699307501\n|-weather|none\n|switch|p1a: Arceus|Arceus-Dark|100\/100\n|move|p2a: Arceus|Recover|p2a: Arceus\n|-heal|p2a: Arceus|100\/100\n|\n|upkeep\n|turn|5\n|\n|t:|1699307504\n|move|p2a: Arceus|Taunt|p1a: Arceus\n|-start|p1a: Arceus|move: Taunt\n|move|p1a: Arceus|Foul Play|p2a: Arceus\n|-crit|p2a: Arceus\n|-damage|p2a: Arceus|64\/100\n|\n|upkeep\n|turn|6\n|\n|t:|1699307508\n|switch|p1a: Groudon|Groudon-Primal|82\/100 tox\n|-weather|DesolateLand|[from] ability: Desolate Land|[of] p1a: Groudon\n|move|p2a: Arceus|Toxic|p1a: Groudon\n|-fail|p1a: Groudon|tox\n|\n|-weather|DesolateLand|[upkeep]\n|-damage|p1a: Groudon|76\/100 tox|[from] psn\n|upkeep\n|turn|7\n|\n|t:|1699307512\n|switch|p2a: Giratina|Giratina-Origin|100\/100\n|move|p1a: Groudon|Toxic|p2a: Giratina\n|-status|p2a: Giratina|tox\n|\n|-weather|DesolateLand|[upkeep]\n|-damage|p2a: Giratina|94\/100 tox|[from] psn\n|-damage|p1a: Groudon|63\/100 tox|[from] psn\n|upkeep\n|turn|8\n|\n|t:|1699307516\n|-weather|none\n|switch|p1a: Arceus|Arceus-Dark|100\/100\n|move|p2a: Giratina|Draco Meteor|p1a: Arceus\n|-damage|p1a: Arceus|58\/100\n|-unboost|p2a: Giratina|spa|2\n|\n|-damage|p2a: Giratina|82\/100 tox|[from] psn\n|upkeep\n|turn|9\n|\n|t:|1699307525\n|switch|p2a: Xerneas|Xerneas, shiny|100\/100\n|-ability|p2a: Xerneas|Fairy Aura\n|move|p1a: Arceus|Recover|p1a: Arceus\n|-heal|p1a: Arceus|100\/100\n|\n|upkeep\n|turn|10\n|\n|t:|1699307530\n|switch|p1a: Ho-Oh|Ho-Oh|100\/100\n|move|p2a: Xerneas|Aromatherapy|p2a: Xerneas\n|-activate|p2a: Xerneas|move: Aromatherapy\n|-curestatus|p2: Giratina|tox|[msg]\n|\n|upkeep\n|turn|11\n|\n|t:|1699307534\n|switch|p2a: Giratina|Giratina-Origin|82\/100\n|move|p1a: Ho-Oh|Sacred Fire|p2a: Giratina\n|-resisted|p2a: Giratina\n|-damage|p2a: Giratina|64\/100\n|-status|p2a: Giratina|brn\n|\n|-damage|p2a: Giratina|58\/100 brn|[from] brn\n|upkeep\n|turn|12\n|\n|t:|1699307541\n|switch|p1a: Necrozma|Necrozma-Dusk-Mane|100\/100\n|move|p2a: Giratina|Draco Meteor|p1a: Necrozma\n|-resisted|p1a: Necrozma\n|-damage|p1a: Necrozma|69\/100\n|-unboost|p2a: Giratina|spa|2\n|\n|-damage|p2a: Giratina|52\/100 brn|[from] brn\n|upkeep\n|turn|13\n|\n|t:|1699307548\n|switch|p2a: Necrozma|Necrozma-Dusk-Mane|100\/100\n|move|p1a: Necrozma|Sunsteel Strike|p2a: Necrozma\n|-resisted|p2a: Necrozma\n|-damage|p2a: Necrozma|77\/100\n|\n|upkeep\n|turn|14\n|\n|t:|1699307550\n|move|p2a: Necrozma|Stealth Rock|p1a: Necrozma\n|-sidestart|p1: Malice Incarnate|move: Stealth Rock\n|move|p1a: Necrozma|Earthquake|p2a: Necrozma\n|-supereffective|p2a: Necrozma\n|-damage|p2a: Necrozma|31\/100\n|\n|upkeep\n|turn|15\n|\n|t:|1699307555\n|detailschange|p2a: Necrozma|Necrozma-Ultra\n|-burst|p2a: Necrozma|Necrozma|Ultranecrozium Z\n|move|p2a: Necrozma|Earth Power|p1a: Necrozma\n|-supereffective|p1a: Necrozma\n|-damage|p1a: Necrozma|4\/100\n|move|p1a: Necrozma|Earthquake|p2a: Necrozma\n|-damage|p2a: Necrozma|0 fnt\n|faint|p2a: Necrozma\n|\n|upkeep\n|\n|t:|1699307559\n|switch|p2a: Arceus|Arceus-Water|64\/100\n|turn|16\n|\n|t:|1699307562\n|move|p2a: Arceus|Judgment|p1a: Necrozma\n|-damage|p1a: Necrozma|0 fnt\n|faint|p1a: Necrozma\n|\n|upkeep\n|\n|t:|1699307573\n|switch|p1a: Groudon|Groudon-Primal|63\/100 tox\n|-damage|p1a: Groudon|51\/100 tox|[from] Stealth Rock\n|-weather|DesolateLand|[from] ability: Desolate Land|[of] p1a: Groudon\n|turn|17\n|\n|t:|1699307576\n|move|p2a: Arceus|Taunt|p1a: Groudon\n|-start|p1a: Groudon|move: Taunt\n|move|p1a: Groudon|Earthquake|p2a: Arceus\n|-damage|p2a: Arceus|25\/100\n|\n|-weather|DesolateLand|[upkeep]\n|-damage|p1a: Groudon|45\/100 tox|[from] psn\n|upkeep\n|turn|18\n|\n|t:|1699307582\n|-weather|none\n|switch|p1a: Ho-Oh|Ho-Oh|100\/100\n|move|p2a: Arceus|Recover|p2a: Arceus\n|-heal|p2a: Arceus|75\/100\n|\n|upkeep\n|turn|19\n|\n|t:|1699307585\n|move|p2a: Arceus|Taunt|p1a: Ho-Oh\n|-start|p1a: Ho-Oh|move: Taunt\n|cant|p1a: Ho-Oh|move: Taunt|Toxic\n|\n|upkeep\n|turn|20\n|\n|t:|1699307591\n|switch|p1a: Groudon|Groudon-Primal|45\/100 tox\n|-damage|p1a: Groudon|32\/100 tox|[from] Stealth Rock\n|-weather|DesolateLand|[from] ability: Desolate Land|[of] p1a: Groudon\n|move|p2a: Arceus|Toxic|p1a: Groudon\n|-fail|p1a: Groudon|tox\n|\n|-weather|DesolateLand|[upkeep]\n|-damage|p1a: Groudon|26\/100 tox|[from] psn\n|upkeep\n|turn|21\n|\n|t:|1699307595\n|move|p2a: Arceus|Taunt|p1a: Groudon\n|-start|p1a: Groudon|move: Taunt\n|cant|p1a: Groudon|move: Taunt|Spikes\n|\n|-weather|DesolateLand|[upkeep]\n|-damage|p1a: Groudon|14\/100 tox|[from] psn\n|upkeep\n|turn|22\n|\n|t:|1699307600\n|move|p2a: Arceus|Toxic|p1a: Groudon\n|-fail|p1a: Groudon|tox\n|move|p1a: Groudon|Earthquake|p2a: Arceus\n|-crit|p2a: Arceus\n|-damage|p2a: Arceus|19\/100\n|\n|-weather|DesolateLand|[upkeep]\n|-damage|p1a: Groudon|0 fnt|[from] psn\n|faint|p1a: Groudon\n|-weather|none\n|upkeep\n|\n|t:|1699307607\n|switch|p1a: Ditto|Ditto|100\/100\n|-damage|p1a: Ditto|88\/100|[from] Stealth Rock\n|-transform|p1a: Ditto|p2a: Arceus|[from] ability: Imposter\n|turn|23\n|\n|t:|1699307615\n|switch|p2a: Kingambit|Kingambit, F|100\/100\n|-activate|p2a: Kingambit|ability: Supreme Overlord\n|-start|p2a: Kingambit|fallen1|[silent]\n|move|p1a: Ditto|Judgment|p2a: Kingambit\n|-resisted|p2a: Kingambit\n|-damage|p2a: Kingambit|89\/100\n|\n|upkeep\n|turn|24\n|\n|t:|1699307620\n|switch|p1a: Zygarde|Zygarde|100\/100\n|-damage|p1a: Zygarde|94\/100|[from] Stealth Rock\n|-end|p2a: Kingambit|fallen1|[silent]\n|switch|p2a: Arceus|Arceus-Water|19\/100\n|\n|-heal|p1a: Zygarde|100\/100|[from] item: Leftovers\n|upkeep\n|turn|25\n|\n|t:|1699307625\n|move|p2a: Arceus|Recover|p2a: Arceus\n|-heal|p2a: Arceus|69\/100\n|move|p1a: Zygarde|Thousand Arrows|p2a: Arceus\n|-damage|p2a: Arceus|48\/100\n|\n|upkeep\n|turn|26\n|\n|t:|1699307627\n|move|p2a: Arceus|Taunt|p1a: Zygarde\n|-start|p1a: Zygarde|move: Taunt\n|cant|p1a: Zygarde|move: Taunt|Glare\n|\n|upkeep\n|turn|27\n|\n|t:|1699307630\n|move|p2a: Arceus|Recover|p2a: Arceus\n|-heal|p2a: Arceus|98\/100\n|move|p1a: Zygarde|Thousand Arrows|p2a: Arceus\n|-damage|p2a: Arceus|78\/100\n|\n|upkeep\n|turn|28\n|\n|t:|1699307639\n|switch|p1a: Ho-Oh|Ho-Oh|100\/100\n|move|p2a: Arceus|Toxic|p1a: Ho-Oh\n|-status|p1a: Ho-Oh|tox\n|\n|-damage|p1a: Ho-Oh|94\/100 tox|[from] psn\n|upkeep\n|turn|29\n|\n|t:|1699307642\n|switch|p1a: Arceus|Arceus-Dark|100\/100\n|-damage|p1a: Arceus|88\/100|[from] Stealth Rock\n|move|p2a: Arceus|Taunt|p1a: Arceus\n|-start|p1a: Arceus|move: Taunt\n|\n|upkeep\n|turn|30\n|\n|t:|1699307645\n|-terastallize|p1a: Arceus|Poison\n|move|p2a: Arceus|Toxic|p1a: Arceus\n|-immune|p1a: Arceus\n|move|p1a: Arceus|Foul Play|p2a: Arceus\n|-damage|p2a: Arceus|54\/100\n|\n|upkeep\n|turn|31\n|\n|t:|1699307652\n|move|p2a: Arceus|Recover|p2a: Arceus\n|-heal|p2a: Arceus|100\/100\n|move|p1a: Arceus|Foul Play|p2a: Arceus\n|-damage|p2a: Arceus|76\/100\n|\n|-end|p1a: Arceus|move: Taunt\n|upkeep\n|turn|32\n|\n|t:|1699307655\n|move|p2a: Arceus|Taunt|p1a: Arceus\n|-start|p1a: Arceus|move: Taunt\n|cant|p1a: Arceus|move: Taunt|Taunt\n|\n|upkeep\n|turn|33\n|\n|t:|1699307659\n|move|p2a: Arceus|Judgment|p1a: Arceus\n|-damage|p1a: Arceus|56\/100\n|move|p1a: Arceus|Foul Play|p2a: Arceus\n|-damage|p2a: Arceus|52\/100\n|\n|upkeep\n|turn|34\n|\n|t:|1699307677\n|switch|p1a: Ho-Oh|Ho-Oh|100\/100 tox\n|move|p2a: Arceus|Recover|p2a: Arceus\n|-heal|p2a: Arceus|100\/100\n|\n|-damage|p1a: Ho-Oh|94\/100 tox|[from] psn\n|upkeep\n|turn|35\n|\n|t:|1699307691\n|switch|p1a: Ditto|Ditto|88\/100\n|-damage|p1a: Ditto|76\/100|[from] Stealth Rock\n|-transform|p1a: Ditto|p2a: Arceus|[from] ability: Imposter\n|move|p2a: Arceus|Taunt|p1a: Ditto\n|-start|p1a: Ditto|move: Taunt\n|\n|upkeep\n|turn|36\n|\n|t:|1699307695\n|switch|p1a: Zygarde|Zygarde|100\/100\n|-damage|p1a: Zygarde|94\/100|[from] Stealth Rock\n|move|p2a: Arceus|Judgment|p1a: Zygarde\n|-damage|p1a: Zygarde|57\/100\n|\n|-heal|p1a: Zygarde|63\/100|[from] item: Leftovers\n|upkeep\n|turn|37\n|\n|t:|1699307700\n|move|p2a: Arceus|Taunt|p1a: Zygarde\n|-start|p1a: Zygarde|move: Taunt\n|move|p1a: Zygarde|Thousand Arrows|p2a: Arceus\n|-damage|p2a: Arceus|82\/100\n|\n|-heal|p1a: Zygarde|69\/100|[from] item: Leftovers\n|upkeep\n|turn|38\n|\n|t:|1699307702\n|move|p2a: Arceus|Toxic|p1a: Zygarde\n|-status|p1a: Zygarde|tox\n|move|p1a: Zygarde|Thousand Arrows|p2a: Arceus\n|-damage|p2a: Arceus|60\/100\n|\n|-heal|p1a: Zygarde|75\/100 tox|[from] item: Leftovers\n|-damage|p1a: Zygarde|69\/100 tox|[from] psn\n|upkeep\n|turn|39\n|\n|t:|1699307707\n|move|p2a: Arceus|Recover|p2a: Arceus\n|-heal|p2a: Arceus|100\/100\n|move|p1a: Zygarde|Thousand Arrows|p2a: Arceus\n|-damage|p2a: Arceus|81\/100\n|\n|-heal|p1a: Zygarde|75\/100 tox|[from] item: Leftovers\n|-damage|p1a: Zygarde|63\/100 tox|[from] psn\n|-end|p1a: Zygarde|move: Taunt\n|upkeep\n|turn|40\n|\n|t:|1699307712\n|move|p2a: Arceus|Taunt|p1a: Zygarde\n|-start|p1a: Zygarde|move: Taunt\n|move|p1a: Zygarde|Thousand Arrows|p2a: Arceus\n|-damage|p2a: Arceus|62\/100\n|\n|-heal|p1a: Zygarde|69\/100 tox|[from] item: Leftovers\n|-damage|p1a: Zygarde|51\/100 tox|[from] psn\n|upkeep\n|turn|41\n|\n|t:|1699307716\n|move|p2a: Arceus|Judgment|p1a: Zygarde\n|-damage|p1a: Zygarde|12\/100 tox\n|move|p1a: Zygarde|Thousand Arrows|p2a: Arceus\n|-damage|p2a: Arceus|42\/100\n|\n|-heal|p1a: Zygarde|18\/100 tox|[from] item: Leftovers\n|-damage|p1a: Zygarde|0 fnt|[from] psn\n|faint|p1a: Zygarde\n|upkeep\n|-message|Malice Incarnate forfeited.\n|\n|win|Obito 2001\n|raw|Malice Incarnate's rating: 1550 &rarr; <strong>1544<\/strong><br \/>(-6 for losing)\n|raw|Obito 2001's rating: 1863 &rarr; <strong>1869<\/strong><br \/>(+6 for winning)\n|l|\u2606Malice Incarnate\n","uploadtime":1699307734,"views":6,"p1id":"maliceincarnate","p2id":"obito2001","formatid":"gen9nationaldexubers","rating":1544,"private":0,"password":""}