{"id":"gen9nationaldexubers-1987018022","p1":"ogifucltc","p2":"Yellowstarflower","format":"[Gen 9] National Dex Ubers","log":"|j|\u2606ogifucltc\n|j|\u2606Yellowstarflower\n|t:|1699549392\n|gametype|singles\n|player|p1|ogifucltc|roark|1165\n|player|p2|Yellowstarflower|yellow|1191\n|teamsize|p1|6\n|teamsize|p2|6\n|gen|9\n|tier|[Gen 9] National Dex Ubers\n|rated|\n|rule|HP Percentage Mod: HP is shown in percentages\n|rule|Endless Battle Clause: Forcing endless battles is banned\n|rule|OHKO Clause: OHKO moves are banned\n|rule|Evasion Moves Clause: Evasion moves are banned\n|rule|Evasion Items Clause: Evasion items are banned\n|rule|Species Clause: Limit one of each Pok\u00e9mon\n|rule|Sleep Clause Mod: Limit one foe put to sleep\n|rule|Mega Rayquaza Clause: You cannot mega evolve Rayquaza\n|clearpoke\n|poke|p1|Tyranitar, M|\n|poke|p1|Garganacl, M|\n|poke|p1|Aggron, F|\n|poke|p1|Cradily, F|\n|poke|p1|Glimmora, M|\n|poke|p1|Stakataka|\n|poke|p2|Arboliva, F|\n|poke|p2|Ursaluna, M|\n|poke|p2|Lilligant, F|\n|poke|p2|Pawmot, M|\n|poke|p2|Banette, F|\n|poke|p2|Dondozo, M|\n|teampreview\n|inactive|Battle timer is ON: inactive players will automatically lose when time's up. (requested by Yellowstarflower)\n|inactive|ogifucltc has 120 seconds left.\n|\n|t:|1699549429\n|start\n|switch|p1a: Aggron|Aggron, F|100\/100\n|switch|p2a: Banette|Banette, F|100\/100\n|turn|1\n|\n|t:|1699549435\n|switch|p1a: Glimmora|Glimmora, M|100\/100\n|detailschange|p2a: Banette|Banette-Mega, F\n|-mega|p2a: Banette|Banette|Banettite\n|move|p2a: Banette|Will-O-Wisp|p1a: Glimmora\n|-status|p1a: Glimmora|brn\n|\n|-damage|p1a: Glimmora|94\/100 brn|[from] brn\n|upkeep\n|turn|2\n|\n|t:|1699549438\n|move|p2a: Banette|Taunt|p1a: Glimmora\n|-start|p1a: Glimmora|move: Taunt\n|cant|p1a: Glimmora|move: Taunt|Spikes\n|\n|-damage|p1a: Glimmora|88\/100 brn|[from] brn\n|upkeep\n|turn|3\n|\n|t:|1699549455\n|switch|p1a: Garganacl|Garganacl, M|100\/100\n|switch|p2a: Dondozo|Dondozo, M|100\/100\n|\n|upkeep\n|turn|4\n|\n|t:|1699549464\n|-terastallize|p1a: Garganacl|Ghost\n|move|p2a: Dondozo|Curse|p2a: Dondozo\n|-unboost|p2a: Dondozo|spe|1\n|-boost|p2a: Dondozo|atk|1\n|-boost|p2a: Dondozo|def|1\n|move|p1a: Garganacl|Salt Cure|p2a: Dondozo\n|-damage|p2a: Dondozo|95\/100\n|-start|p2a: Dondozo|Salt Cure\n|\n|-heal|p2a: Dondozo|100\/100|[from] item: Leftovers\n|-damage|p2a: Dondozo|75\/100|[from] Salt Cure\n|upkeep\n|turn|5\n|\n|t:|1699549472\n|switch|p1a: Cradily|Cradily, F|100\/100\n|move|p2a: Dondozo|Curse|p2a: Dondozo\n|-unboost|p2a: Dondozo|spe|1\n|-boost|p2a: Dondozo|atk|1\n|-boost|p2a: Dondozo|def|1\n|\n|-heal|p2a: Dondozo|82\/100|[from] item: Leftovers\n|-damage|p2a: Dondozo|57\/100|[from] Salt Cure\n|upkeep\n|turn|6\n|\n|t:|1699549477\n|-terastallize|p2a: Dondozo|Grass\n|move|p1a: Cradily|Infestation|p2a: Dondozo\n|-supereffective|p2a: Dondozo\n|-damage|p2a: Dondozo|52\/100\n|-activate|p2a: Dondozo|move: Infestation|[of] p1a: Cradily\n|move|p2a: Dondozo|Rest|p2a: Dondozo\n|-status|p2a: Dondozo|slp|[from] move: Rest\n|-heal|p2a: Dondozo|100\/100 slp|[silent]\n|\n|-damage|p2a: Dondozo|84\/100 slp|[from] move: Infestation|[partiallytrapped]\n|-damage|p2a: Dondozo|71\/100 slp|[from] Salt Cure\n|upkeep\n|turn|7\n|\n|t:|1699549485\n|move|p1a: Cradily|Block|p2a: Dondozo\n|-activate|p2a: Dondozo|trapped\n|cant|p2a: Dondozo|slp\n|move|p2a: Dondozo|Sleep Talk|p2a: Dondozo\n|move|p2a: Dondozo|Rest||[from]move: Sleep Talk|[still]\n|-fail|p2a: Dondozo\n|\n|-heal|p2a: Dondozo|77\/100 slp|[from] item: Leftovers\n|-damage|p2a: Dondozo|61\/100 slp|[from] move: Infestation|[partiallytrapped]\n|-damage|p2a: Dondozo|48\/100 slp|[from] Salt Cure\n|upkeep\n|turn|8\n|\n|t:|1699549491\n|move|p1a: Cradily|Infestation|p2a: Dondozo\n|-supereffective|p2a: Dondozo\n|-damage|p2a: Dondozo|44\/100 slp\n|cant|p2a: Dondozo|slp\n|move|p2a: Dondozo|Sleep Talk|p2a: Dondozo\n|move|p2a: Dondozo|Liquidation|p1a: Cradily|[from]move: Sleep Talk\n|-ability|p1a: Cradily|Storm Drain|boost\n|-boost|p1a: Cradily|spa|1\n|\n|-heal|p2a: Dondozo|50\/100 slp|[from] item: Leftovers\n|-damage|p2a: Dondozo|37\/100 slp|[from] Salt Cure\n|-damage|p2a: Dondozo|21\/100 slp|[from] move: Infestation|[partiallytrapped]\n|upkeep\n|turn|9\n|\n|t:|1699549498\n|move|p1a: Cradily|Infestation|p2a: Dondozo\n|-supereffective|p2a: Dondozo\n|-damage|p2a: Dondozo|15\/100 slp\n|-curestatus|p2a: Dondozo|slp|[msg]\n|move|p2a: Dondozo|Rest|p2a: Dondozo\n|-status|p2a: Dondozo|slp|[from] move: Rest\n|-heal|p2a: Dondozo|100\/100 slp|[silent]\n|\n|-damage|p2a: Dondozo|84\/100 slp|[from] move: Infestation|[partiallytrapped]\n|-damage|p2a: Dondozo|71\/100 slp|[from] Salt Cure\n|upkeep\n|turn|10\n|\n|t:|1699549505\n|move|p1a: Cradily|Leech Seed|p2a: Dondozo\n|-immune|p2a: Dondozo\n|cant|p2a: Dondozo|slp\n|\n|-heal|p2a: Dondozo|77\/100 slp|[from] item: Leftovers\n|-damage|p2a: Dondozo|65\/100 slp|[from] Salt Cure\n|-end|p2a: Dondozo|Infestation|[partiallytrapped]\n|upkeep\n|turn|11\n|\n|t:|1699549510\n|move|p1a: Cradily|Infestation|p2a: Dondozo\n|-supereffective|p2a: Dondozo\n|-damage|p2a: Dondozo|61\/100 slp\n|-activate|p2a: Dondozo|move: Infestation|[of] p1a: Cradily\n|cant|p2a: Dondozo|slp\n|\n|-heal|p2a: Dondozo|67\/100 slp|[from] item: Leftovers\n|-damage|p2a: Dondozo|54\/100 slp|[from] Salt Cure\n|-damage|p2a: Dondozo|38\/100 slp|[from] move: Infestation|[partiallytrapped]\n|upkeep\n|turn|12\n|\n|t:|1699549512\n|move|p1a: Cradily|Leech Seed|p2a: Dondozo\n|-immune|p2a: Dondozo\n|-curestatus|p2a: Dondozo|slp|[msg]\n|move|p2a: Dondozo|Rest|p2a: Dondozo\n|-status|p2a: Dondozo|slp|[from] move: Rest\n|-heal|p2a: Dondozo|100\/100 slp|[silent]\n|\n|-damage|p2a: Dondozo|88\/100 slp|[from] Salt Cure\n|-damage|p2a: Dondozo|71\/100 slp|[from] move: Infestation|[partiallytrapped]\n|upkeep\n|turn|13\n|\n|t:|1699549518\n|move|p1a: Cradily|Leech Seed|p2a: Dondozo\n|-immune|p2a: Dondozo\n|cant|p2a: Dondozo|slp\n|\n|-heal|p2a: Dondozo|77\/100 slp|[from] item: Leftovers\n|-damage|p2a: Dondozo|65\/100 slp|[from] Salt Cure\n|-damage|p2a: Dondozo|48\/100 slp|[from] move: Infestation|[partiallytrapped]\n|upkeep\n|turn|14\n|\n|t:|1699549522\n|move|p1a: Cradily|Leech Seed|p2a: Dondozo\n|-immune|p2a: Dondozo\n|cant|p2a: Dondozo|slp\n|\n|-heal|p2a: Dondozo|54\/100 slp|[from] item: Leftovers\n|-damage|p2a: Dondozo|42\/100 slp|[from] Salt Cure\n|-damage|p2a: Dondozo|25\/100 slp|[from] move: Infestation|[partiallytrapped]\n|upkeep\n|turn|15\n|\n|t:|1699549526\n|move|p1a: Cradily|Leech Seed|p2a: Dondozo\n|-immune|p2a: Dondozo\n|-curestatus|p2a: Dondozo|slp|[msg]\n|move|p2a: Dondozo|Rest|p2a: Dondozo\n|-status|p2a: Dondozo|slp|[from] move: Rest\n|-heal|p2a: Dondozo|100\/100 slp|[silent]\n|\n|-damage|p2a: Dondozo|88\/100 slp|[from] Salt Cure\n|-end|p2a: Dondozo|Infestation|[partiallytrapped]\n|upkeep\n|turn|16\n|\n|t:|1699549530\n|move|p1a: Cradily|Infestation|p2a: Dondozo\n|-supereffective|p2a: Dondozo\n|-damage|p2a: Dondozo|84\/100 slp\n|-activate|p2a: Dondozo|move: Infestation|[of] p1a: Cradily\n|cant|p2a: Dondozo|slp\n|\n|-heal|p2a: Dondozo|90\/100 slp|[from] item: Leftovers\n|-damage|p2a: Dondozo|77\/100 slp|[from] Salt Cure\n|-damage|p2a: Dondozo|61\/100 slp|[from] move: Infestation|[partiallytrapped]\n|upkeep\n|turn|17\n|\n|t:|1699549532\n|move|p1a: Cradily|Leech Seed|p2a: Dondozo\n|-immune|p2a: Dondozo\n|cant|p2a: Dondozo|slp\n|\n|-heal|p2a: Dondozo|67\/100 slp|[from] item: Leftovers\n|-damage|p2a: Dondozo|50\/100 slp|[from] move: Infestation|[partiallytrapped]\n|-damage|p2a: Dondozo|38\/100 slp|[from] Salt Cure\n|upkeep\n|turn|18\n|\n|t:|1699549534\n|move|p1a: Cradily|Block||[still]\n|-fail|p1a: Cradily\n|-curestatus|p2a: Dondozo|slp|[msg]\n|move|p2a: Dondozo|Rest|p2a: Dondozo\n|-status|p2a: Dondozo|slp|[from] move: Rest\n|-heal|p2a: Dondozo|100\/100 slp|[silent]\n|\n|-damage|p2a: Dondozo|84\/100 slp|[from] move: Infestation|[partiallytrapped]\n|-damage|p2a: Dondozo|71\/100 slp|[from] Salt Cure\n|upkeep\n|turn|19\n|\n|t:|1699549537\n|move|p1a: Cradily|Block||[still]\n|-fail|p1a: Cradily\n|cant|p2a: Dondozo|slp\n|\n|-heal|p2a: Dondozo|77\/100 slp|[from] item: Leftovers\n|-damage|p2a: Dondozo|61\/100 slp|[from] move: Infestation|[partiallytrapped]\n|-damage|p2a: Dondozo|48\/100 slp|[from] Salt Cure\n|upkeep\n|turn|20\n|\n|t:|1699549539\n|move|p1a: Cradily|Infestation|p2a: Dondozo\n|-supereffective|p2a: Dondozo\n|-damage|p2a: Dondozo|44\/100 slp\n|cant|p2a: Dondozo|slp\n|\n|-heal|p2a: Dondozo|50\/100 slp|[from] item: Leftovers\n|-damage|p2a: Dondozo|38\/100 slp|[from] Salt Cure\n|-end|p2a: Dondozo|Infestation|[partiallytrapped]\n|upkeep\n|turn|21\n|\n|t:|1699549542\n|move|p1a: Cradily|Infestation|p2a: Dondozo\n|-supereffective|p2a: Dondozo\n|-damage|p2a: Dondozo|33\/100 slp\n|-activate|p2a: Dondozo|move: Infestation|[of] p1a: Cradily\n|-curestatus|p2a: Dondozo|slp|[msg]\n|move|p2a: Dondozo|Rest|p2a: Dondozo\n|-status|p2a: Dondozo|slp|[from] move: Rest\n|-heal|p2a: Dondozo|100\/100 slp|[silent]\n|\n|-damage|p2a: Dondozo|88\/100 slp|[from] Salt Cure\n|-damage|p2a: Dondozo|71\/100 slp|[from] move: Infestation|[partiallytrapped]\n|upkeep\n|turn|22\n|\n|t:|1699549545\n|move|p1a: Cradily|Infestation|p2a: Dondozo\n|-supereffective|p2a: Dondozo\n|-damage|p2a: Dondozo|67\/100 slp\n|cant|p2a: Dondozo|slp\n|\n|-heal|p2a: Dondozo|73\/100 slp|[from] item: Leftovers\n|-damage|p2a: Dondozo|61\/100 slp|[from] Salt Cure\n|-damage|p2a: Dondozo|44\/100 slp|[from] move: Infestation|[partiallytrapped]\n|upkeep\n|turn|23\n|\n|t:|1699549547\n|move|p1a: Cradily|Block||[still]\n|-fail|p1a: Cradily\n|cant|p2a: Dondozo|slp\n|\n|-heal|p2a: Dondozo|50\/100 slp|[from] item: Leftovers\n|-damage|p2a: Dondozo|33\/100 slp|[from] move: Infestation|[partiallytrapped]\n|-damage|p2a: Dondozo|21\/100 slp|[from] Salt Cure\n|upkeep\n|turn|24\n|\n|t:|1699549549\n|move|p1a: Cradily|Leech Seed|p2a: Dondozo\n|-immune|p2a: Dondozo\n|-curestatus|p2a: Dondozo|slp|[msg]\n|move|p2a: Dondozo|Rest|p2a: Dondozo\n|-status|p2a: Dondozo|slp|[from] move: Rest\n|-heal|p2a: Dondozo|100\/100 slp|[silent]\n|\n|-damage|p2a: Dondozo|88\/100 slp|[from] Salt Cure\n|-damage|p2a: Dondozo|71\/100 slp|[from] move: Infestation|[partiallytrapped]\n|upkeep\n|turn|25\n|\n|t:|1699549552\n|move|p1a: Cradily|Infestation|p2a: Dondozo\n|-supereffective|p2a: Dondozo\n|-damage|p2a: Dondozo|67\/100 slp\n|cant|p2a: Dondozo|slp\n|\n|-heal|p2a: Dondozo|73\/100 slp|[from] item: Leftovers\n|-end|p2a: Dondozo|Infestation|[partiallytrapped]\n|-damage|p2a: Dondozo|61\/100 slp|[from] Salt Cure\n|upkeep\n|turn|26\n|\n|t:|1699549554\n|move|p1a: Cradily|Infestation|p2a: Dondozo\n|-supereffective|p2a: Dondozo\n|-damage|p2a: Dondozo|56\/100 slp\n|-activate|p2a: Dondozo|move: Infestation|[of] p1a: Cradily\n|cant|p2a: Dondozo|slp\n|\n|-heal|p2a: Dondozo|62\/100 slp|[from] item: Leftovers\n|-damage|p2a: Dondozo|46\/100 slp|[from] move: Infestation|[partiallytrapped]\n|-damage|p2a: Dondozo|33\/100 slp|[from] Salt Cure\n|upkeep\n|turn|27\n|\n|t:|1699549557\n|move|p1a: Cradily|Leech Seed|p2a: Dondozo\n|-immune|p2a: Dondozo\n|-curestatus|p2a: Dondozo|slp|[msg]\n|move|p2a: Dondozo|Rest|p2a: Dondozo\n|-status|p2a: Dondozo|slp|[from] move: Rest\n|-heal|p2a: Dondozo|100\/100 slp|[silent]\n|\n|-damage|p2a: Dondozo|88\/100 slp|[from] Salt Cure\n|-damage|p2a: Dondozo|71\/100 slp|[from] move: Infestation|[partiallytrapped]\n|upkeep\n|turn|28\n|\n|t:|1699549559\n|move|p1a: Cradily|Block||[still]\n|-fail|p1a: Cradily\n|cant|p2a: Dondozo|slp\n|\n|-heal|p2a: Dondozo|77\/100 slp|[from] item: Leftovers\n|-damage|p2a: Dondozo|65\/100 slp|[from] Salt Cure\n|-damage|p2a: Dondozo|48\/100 slp|[from] move: Infestation|[partiallytrapped]\n|upkeep\n|turn|29\n|\n|t:|1699549561\n|move|p1a: Cradily|Infestation|p2a: Dondozo\n|-supereffective|p2a: Dondozo\n|-damage|p2a: Dondozo|44\/100 slp\n|cant|p2a: Dondozo|slp\n|\n|-heal|p2a: Dondozo|50\/100 slp|[from] item: Leftovers\n|-damage|p2a: Dondozo|33\/100 slp|[from] move: Infestation|[partiallytrapped]\n|-damage|p2a: Dondozo|21\/100 slp|[from] Salt Cure\n|upkeep\n|turn|30\n|\n|t:|1699549562\n|move|p1a: Cradily|Infestation|p2a: Dondozo\n|-supereffective|p2a: Dondozo\n|-damage|p2a: Dondozo|16\/100 slp\n|-curestatus|p2a: Dondozo|slp|[msg]\n|move|p2a: Dondozo|Curse|p2a: Dondozo\n|-unboost|p2a: Dondozo|spe|1\n|-boost|p2a: Dondozo|atk|1\n|-boost|p2a: Dondozo|def|1\n|\n|-heal|p2a: Dondozo|22\/100|[from] item: Leftovers\n|-damage|p2a: Dondozo|9\/100|[from] Salt Cure\n|-end|p2a: Dondozo|Infestation|[partiallytrapped]\n|upkeep\n|turn|31\n|\n|t:|1699549567\n|move|p1a: Cradily|Infestation|p2a: Dondozo\n|-supereffective|p2a: Dondozo\n|-damage|p2a: Dondozo|5\/100\n|-activate|p2a: Dondozo|move: Infestation|[of] p1a: Cradily\n|move|p2a: Dondozo|Liquidation|p1a: Cradily\n|-ability|p1a: Cradily|Storm Drain|boost\n|-boost|p1a: Cradily|spa|1\n|\n|-heal|p2a: Dondozo|11\/100|[from] item: Leftovers\n|-damage|p2a: Dondozo|0 fnt|[from] move: Infestation|[partiallytrapped]\n|faint|p2a: Dondozo\n|upkeep\n|\n|t:|1699549573\n|switch|p2a: Pawmot|Pawmot, M|100\/100\n|turn|32\n|\n|t:|1699549577\n|switch|p1a: Glimmora|Glimmora, M|88\/100 brn\n|move|p2a: Pawmot|Revival Blessing|p2a: Pawmot\n|-enditem|p2a: Pawmot|Leppa Berry|[eat]\n|-activate|p2a: Pawmot|item: Leppa Berry|Revival Blessing|[consumed]\n|\n|t:|1699549579\n|-heal|p2: Dondozo|50\/100|[from] move: Revival Blessing\n|\n|-damage|p1a: Glimmora|82\/100 brn|[from] brn\n|upkeep\n|turn|33\n|\n|t:|1699549592\n|switch|p2a: Arboliva|Arboliva, F|100\/100\n|move|p1a: Glimmora|Sludge Wave|p2a: Arboliva\n|-supereffective|p2a: Arboliva\n|-damage|p2a: Arboliva|23\/100\n|-fieldstart|move: Grassy Terrain|[from] ability: Seed Sower|[of] p2a: Arboliva\n|\n|-heal|p1a: Glimmora|88\/100 brn|[from] Grassy Terrain\n|-heal|p2a: Arboliva|29\/100|[from] Grassy Terrain\n|-damage|p1a: Glimmora|82\/100 brn|[from] brn\n|upkeep\n|turn|34\n|\n|t:|1699549595\n|move|p1a: Glimmora|Sludge Wave|p2a: Arboliva\n|-supereffective|p2a: Arboliva\n|-damage|p2a: Arboliva|0 fnt\n|faint|p2a: Arboliva\n|\n|-heal|p1a: Glimmora|88\/100 brn|[from] Grassy Terrain\n|-damage|p1a: Glimmora|82\/100 brn|[from] brn\n|upkeep\n|\n|t:|1699549598\n|switch|p2a: Pawmot|Pawmot, M|100\/100\n|turn|35\n|\n|t:|1699549601\n|move|p1a: Glimmora|Sludge Wave|p2a: Pawmot\n|-damage|p2a: Pawmot|40\/100\n|move|p2a: Pawmot|Revival Blessing|p2a: Pawmot\n|\n|t:|1699549602\n|-heal|p2: Arboliva|50\/100|[from] move: Revival Blessing\n|\n|-heal|p1a: Glimmora|88\/100 brn|[from] Grassy Terrain\n|-heal|p2a: Pawmot|46\/100|[from] Grassy Terrain\n|-damage|p1a: Glimmora|82\/100 brn|[from] brn\n|upkeep\n|turn|36\n|\n|t:|1699549606\n|move|p1a: Glimmora|Sludge Wave|p2a: Pawmot\n|-damage|p2a: Pawmot|0 fnt\n|faint|p2a: Pawmot\n|\n|-heal|p1a: Glimmora|88\/100 brn|[from] Grassy Terrain\n|-damage|p1a: Glimmora|82\/100 brn|[from] brn\n|upkeep\n|\n|t:|1699549619\n|switch|p2a: Ursaluna|Ursaluna, M|100\/100\n|turn|37\n|\n|t:|1699549622\n|move|p1a: Glimmora|Sludge Wave|p2a: Ursaluna\n|-resisted|p2a: Ursaluna\n|-damage|p2a: Ursaluna|77\/100\n|move|p2a: Ursaluna|Swords Dance|p2a: Ursaluna\n|-boost|p2a: Ursaluna|atk|2\n|\n|-heal|p1a: Glimmora|88\/100 brn|[from] Grassy Terrain\n|-heal|p2a: Ursaluna|83\/100|[from] Grassy Terrain\n|-damage|p1a: Glimmora|82\/100 brn|[from] brn\n|-fieldend|move: Grassy Terrain\n|-status|p2a: Ursaluna|brn|[from] item: Flame Orb\n|upkeep\n|turn|38\n|\n|t:|1699549625\n|move|p1a: Glimmora|Sludge Wave|p2a: Ursaluna\n|-resisted|p2a: Ursaluna\n|-damage|p2a: Ursaluna|60\/100 brn\n|move|p2a: Ursaluna|Earthquake|p1a: Glimmora\n|-supereffective|p1a: Glimmora\n|-damage|p1a: Glimmora|0 fnt\n|-activate|p1a: Glimmora|ability: Toxic Debris\n|-sidestart|p2: Yellowstarflower|move: Toxic Spikes\n|faint|p1a: Glimmora\n|\n|-damage|p2a: Ursaluna|54\/100 brn|[from] brn\n|upkeep\n|\n|t:|1699549632\n|switch|p1a: Stakataka|Stakataka|100\/100\n|turn|39\n|\n|t:|1699549637\n|move|p2a: Ursaluna|Drain Punch|p1a: Stakataka\n|-supereffective|p1a: Stakataka\n|-enditem|p1a: Stakataka|Focus Sash\n|-damage|p1a: Stakataka|1\/100\n|-heal|p2a: Ursaluna|89\/100 brn|[from] drain|[of] p1a: Stakataka\n|move|p1a: Stakataka|Gyro Ball|p2a: Ursaluna\n|-damage|p2a: Ursaluna|47\/100 brn\n|\n|-damage|p2a: Ursaluna|41\/100 brn|[from] brn\n|upkeep\n|turn|40\n|\n|t:|1699549646\n|move|p2a: Ursaluna|Drain Punch|p1a: Stakataka\n|-supereffective|p1a: Stakataka\n|-damage|p1a: Stakataka|0 fnt\n|-heal|p2a: Ursaluna|41\/100 brn|[from] drain|[of] p1a: Stakataka\n|faint|p1a: Stakataka\n|\n|-damage|p2a: Ursaluna|35\/100 brn|[from] brn\n|upkeep\n|\n|t:|1699549652\n|switch|p1a: Garganacl|Garganacl, M, tera:Ghost|100\/100\n|turn|41\n|inactive|ogifucltc has 120 seconds left.\n|\n|t:|1699549697\n|switch|p1a: Tyranitar|Tyranitar, M|100\/100\n|-weather|Sandstorm|[from] ability: Sand Stream|[of] p1a: Tyranitar\n|move|p2a: Ursaluna|Earthquake|p1a: Tyranitar\n|-supereffective|p1a: Tyranitar\n|-damage|p1a: Tyranitar|0 fnt\n|faint|p1a: Tyranitar\n|\n|-weather|Sandstorm|[upkeep]\n|-damage|p2a: Ursaluna|29\/100 brn|[from] brn\n|upkeep\n|\n|t:|1699549699\n|switch|p1a: Aggron|Aggron, F|100\/100\n|turn|42\n|\n|t:|1699549702\n|detailschange|p1a: Aggron|Aggron-Mega, F\n|-mega|p1a: Aggron|Aggron|Aggronite\n|move|p2a: Ursaluna|Drain Punch|p1a: Aggron\n|-supereffective|p1a: Aggron\n|-damage|p1a: Aggron|49\/100\n|-heal|p2a: Ursaluna|48\/100 brn|[from] drain|[of] p1a: Aggron\n|move|p1a: Aggron|Body Press|p2a: Ursaluna\n|-supereffective|p2a: Ursaluna\n|-damage|p2a: Ursaluna|0 fnt\n|faint|p2a: Ursaluna\n|\n|-weather|Sandstorm|[upkeep]\n|upkeep\n|\n|t:|1699549720\n|switch|p2a: Banette|Banette-Mega, F|100\/100\n|-status|p2a: Banette|psn\n|turn|43\n|\n|t:|1699549723\n|switch|p1a: Cradily|Cradily, F|100\/100\n|move|p2a: Banette|Will-O-Wisp|p1a: Cradily\n|-status|p1a: Cradily|brn\n|\n|-weather|Sandstorm|[upkeep]\n|-damage|p2a: Banette|95\/100 psn|[from] Sandstorm\n|-damage|p2a: Banette|82\/100 psn|[from] psn\n|-damage|p1a: Cradily|94\/100 brn|[from] brn\n|upkeep\n|turn|44\n|\n|t:|1699549726\n|move|p2a: Banette|Taunt|p1a: Cradily\n|-start|p1a: Cradily|move: Taunt\n|cant|p1a: Cradily|move: Taunt|Leech Seed\n|\n|-weather|Sandstorm|[upkeep]\n|-damage|p2a: Banette|76\/100 psn|[from] Sandstorm\n|-damage|p2a: Banette|64\/100 psn|[from] psn\n|-damage|p1a: Cradily|88\/100 brn|[from] brn\n|upkeep\n|turn|45\n|\n|t:|1699549731\n|move|p2a: Banette|Shadow Claw|p1a: Cradily\n|-damage|p1a: Cradily|54\/100 brn\n|move|p1a: Cradily|Infestation|p2a: Banette\n|-resisted|p2a: Banette\n|-damage|p2a: Banette|62\/100 psn\n|-activate|p2a: Banette|move: Infestation|[of] p1a: Cradily\n|\n|-weather|none\n|-damage|p2a: Banette|50\/100 psn|[from] psn\n|-damage|p1a: Cradily|48\/100 brn|[from] brn\n|-damage|p2a: Banette|33\/100 psn|[from] move: Infestation|[partiallytrapped]\n|upkeep\n|turn|46\n|\n|t:|1699549736\n|move|p2a: Banette|Shadow Claw|p1a: Cradily\n|-damage|p1a: Cradily|18\/100 brn\n|move|p1a: Cradily|Infestation|p2a: Banette\n|-resisted|p2a: Banette\n|-damage|p2a: Banette|32\/100 psn\n|\n|-damage|p2a: Banette|19\/100 psn|[from] psn\n|-damage|p1a: Cradily|12\/100 brn|[from] brn\n|-damage|p2a: Banette|3\/100 psn|[from] move: Infestation|[partiallytrapped]\n|-end|p1a: Cradily|move: Taunt\n|upkeep\n|turn|47\n|\n|t:|1699549743\n|switch|p1a: Garganacl|Garganacl, M, tera:Ghost|100\/100\n|move|p2a: Banette|Shadow Claw|p1a: Garganacl\n|-supereffective|p1a: Garganacl\n|-damage|p1a: Garganacl|68\/100\n|\n|-damage|p2a: Banette|0 fnt|[from] psn\n|faint|p2a: Banette\n|upkeep\n|\n|t:|1699549750\n|switch|p2a: Arboliva|Arboliva, F|50\/100\n|-status|p2a: Arboliva|psn\n|turn|48\n|\n|t:|1699549753\n|move|p2a: Arboliva|Reflect|p2a: Arboliva\n|-sidestart|p2: Yellowstarflower|Reflect\n|move|p1a: Garganacl|Salt Cure|p2a: Arboliva\n|-damage|p2a: Arboliva|45\/100 psn\n|-start|p2a: Arboliva|Salt Cure\n|-fieldstart|move: Grassy Terrain|[from] ability: Seed Sower|[of] p2a: Arboliva\n|\n|-heal|p2a: Arboliva|51\/100 psn|[from] Grassy Terrain\n|-heal|p1a: Garganacl|74\/100|[from] Grassy Terrain\n|-damage|p2a: Arboliva|38\/100 psn|[from] psn\n|-damage|p2a: Arboliva|26\/100 psn|[from] Salt Cure\n|upkeep\n|turn|49\n|\n|t:|1699549759\n|move|p2a: Arboliva|Giga Drain|p1a: Garganacl\n|-damage|p1a: Garganacl|48\/100\n|-heal|p2a: Arboliva|43\/100 psn|[from] drain|[of] p1a: Garganacl\n|-enditem|p1a: Garganacl|Maranga Berry|[eat]\n|-boost|p1a: Garganacl|spd|1|[from] item: Maranga Berry\n|move|p1a: Garganacl|Iron Defense|p1a: Garganacl\n|-boost|p1a: Garganacl|def|2\n|\n|-heal|p2a: Arboliva|49\/100 psn|[from] Grassy Terrain\n|-heal|p1a: Garganacl|54\/100|[from] Grassy Terrain\n|-damage|p2a: Arboliva|37\/100 psn|[from] psn\n|-damage|p2a: Arboliva|25\/100 psn|[from] Salt Cure\n|upkeep\n|turn|50\n|\n|t:|1699549762\n|move|p2a: Arboliva|Giga Drain|p1a: Garganacl\n|-damage|p1a: Garganacl|36\/100\n|-heal|p2a: Arboliva|36\/100 psn|[from] drain|[of] p1a: Garganacl\n|move|p1a: Garganacl|Recover|p1a: Garganacl\n|-heal|p1a: Garganacl|86\/100\n|\n|-heal|p2a: Arboliva|43\/100 psn|[from] Grassy Terrain\n|-heal|p1a: Garganacl|93\/100|[from] Grassy Terrain\n|-damage|p2a: Arboliva|30\/100 psn|[from] psn\n|-damage|p2a: Arboliva|18\/100 psn|[from] Salt Cure\n|upkeep\n|turn|51\n|\n|t:|1699549769\n|move|p2a: Arboliva|Giga Drain|p1a: Garganacl\n|-crit|p1a: Garganacl\n|-damage|p1a: Garganacl|51\/100\n|-heal|p2a: Arboliva|45\/100 psn|[from] drain|[of] p1a: Garganacl\n|move|p1a: Garganacl|Iron Defense|p1a: Garganacl\n|-boost|p1a: Garganacl|def|2\n|\n|-heal|p2a: Arboliva|51\/100 psn|[from] Grassy Terrain\n|-heal|p1a: Garganacl|57\/100|[from] Grassy Terrain\n|-damage|p2a: Arboliva|39\/100 psn|[from] psn\n|-damage|p2a: Arboliva|27\/100 psn|[from] Salt Cure\n|upkeep\n|turn|52\n|\n|t:|1699549772\n|move|p2a: Arboliva|Giga Drain|p1a: Garganacl\n|-damage|p1a: Garganacl|40\/100\n|-heal|p2a: Arboliva|38\/100 psn|[from] drain|[of] p1a: Garganacl\n|move|p1a: Garganacl|Recover|p1a: Garganacl\n|-heal|p1a: Garganacl|90\/100\n|\n|-heal|p2a: Arboliva|44\/100 psn|[from] Grassy Terrain\n|-heal|p1a: Garganacl|96\/100|[from] Grassy Terrain\n|-damage|p2a: Arboliva|32\/100 psn|[from] psn\n|-damage|p2a: Arboliva|20\/100 psn|[from] Salt Cure\n|-fieldend|move: Grassy Terrain\n|upkeep\n|turn|53\n|\n|t:|1699549775\n|move|p2a: Arboliva|Giga Drain|p1a: Garganacl\n|-damage|p1a: Garganacl|81\/100\n|-heal|p2a: Arboliva|29\/100 psn|[from] drain|[of] p1a: Garganacl\n|move|p1a: Garganacl|Body Press|p2a: Arboliva\n|-supereffective|p2a: Arboliva\n|-damage|p2a: Arboliva|0 fnt\n|-fieldstart|move: Grassy Terrain|[from] ability: Seed Sower|[of] p2a: Arboliva\n|faint|p2a: Arboliva\n|\n|-heal|p1a: Garganacl|88\/100|[from] Grassy Terrain\n|upkeep\n|\n|t:|1699549786\n|switch|p2a: Lilligant|Lilligant, F|100\/100\n|-status|p2a: Lilligant|psn\n|turn|54\n|\n|t:|1699549788\n|move|p2a: Lilligant|Quiver Dance|p2a: Lilligant\n|-boost|p2a: Lilligant|spa|1\n|-boost|p2a: Lilligant|spd|1\n|-boost|p2a: Lilligant|spe|1\n|move|p1a: Garganacl|Salt Cure|p2a: Lilligant\n|-damage|p2a: Lilligant|91\/100 psn\n|-start|p2a: Lilligant|Salt Cure\n|\n|-heal|p2a: Lilligant|98\/100 psn|[from] Grassy Terrain\n|-heal|p2a: Lilligant|100\/100 psn|[from] item: Leftovers\n|-heal|p1a: Garganacl|94\/100|[from] Grassy Terrain\n|-damage|p2a: Lilligant|88\/100 psn|[from] psn\n|-damage|p2a: Lilligant|75\/100 psn|[from] Salt Cure\n|upkeep\n|turn|55\n|\n|t:|1699549795\n|move|p2a: Lilligant|Quiver Dance|p2a: Lilligant\n|-boost|p2a: Lilligant|spa|1\n|-boost|p2a: Lilligant|spd|1\n|-boost|p2a: Lilligant|spe|1\n|move|p1a: Garganacl|Body Press|p2a: Lilligant\n|-damage|p2a: Lilligant|32\/100 psn\n|\n|-heal|p2a: Lilligant|38\/100 psn|[from] Grassy Terrain\n|-heal|p2a: Lilligant|44\/100 psn|[from] item: Leftovers\n|-heal|p1a: Garganacl|99\/100|[from] Grassy Terrain\n|-damage|p2a: Lilligant|32\/100 psn|[from] psn\n|-damage|p2a: Lilligant|19\/100 psn|[from] Salt Cure\n|-sideend|p2: Yellowstarflower|Reflect\n|upkeep\n|turn|56\n|\n|t:|1699549799\n|move|p2a: Lilligant|Giga Drain|p1a: Garganacl\n|-damage|p1a: Garganacl|54\/100\n|-heal|p2a: Lilligant|46\/100 psn|[from] drain|[of] p1a: Garganacl\n|move|p1a: Garganacl|Body Press|p2a: Lilligant\n|-damage|p2a: Lilligant|0 fnt\n|faint|p2a: Lilligant\n|\n|-heal|p1a: Garganacl|61\/100|[from] Grassy Terrain\n|upkeep\n|\n|t:|1699549801\n|switch|p2a: Dondozo|Dondozo, M|50\/100\n|-status|p2a: Dondozo|psn\n|turn|57\n|\n|t:|1699549804\n|move|p2a: Dondozo|Liquidation|p1a: Garganacl\n|-damage|p1a: Garganacl|42\/100\n|-unboost|p1a: Garganacl|def|1\n|move|p1a: Garganacl|Salt Cure|p2a: Dondozo\n|-damage|p2a: Dondozo|41\/100 psn\n|-start|p2a: Dondozo|Salt Cure\n|\n|-heal|p1a: Garganacl|48\/100|[from] Grassy Terrain\n|-heal|p2a: Dondozo|48\/100 psn|[from] Grassy Terrain\n|-heal|p2a: Dondozo|54\/100 psn|[from] item: Leftovers\n|-damage|p2a: Dondozo|41\/100 psn|[from] psn\n|-damage|p2a: Dondozo|16\/100 psn|[from] Salt Cure\n|-fieldend|move: Grassy Terrain\n|upkeep\n|turn|58\n|\n|t:|1699549806\n|switch|p1a: Cradily|Cradily, F|12\/100 brn\n|move|p2a: Dondozo|Liquidation|p1a: Cradily\n|-ability|p1a: Cradily|Storm Drain|boost\n|-boost|p1a: Cradily|spa|1\n|\n|-heal|p2a: Dondozo|22\/100 psn|[from] item: Leftovers\n|-damage|p2a: Dondozo|10\/100 psn|[from] psn\n|-damage|p1a: Cradily|6\/100 brn|[from] brn\n|-damage|p2a: Dondozo|0 fnt|[from] Salt Cure\n|faint|p2a: Dondozo\n|\n|win|ogifucltc\n|upkeep\n|raw|ogifucltc's rating: 1165 &rarr; <strong>1192<\/strong><br \/>(+27 for winning)\n|raw|Yellowstarflower's rating: 1191 &rarr; <strong>1164<\/strong><br \/>(-27 for losing)\n","uploadtime":1699549812,"views":4,"p1id":"ogifucltc","p2id":"yellowstarflower","formatid":"gen9nationaldexubers","rating":1164,"private":0,"password":""}