{"id":"gen9nationaldexubers-1987793388","p1":"Drixzard","p2":"hanagakiUBD","format":"[Gen 9] National Dex Ubers","log":"|j|\u2606Drixzard\n|j|\u2606hanagakiUBD\n|t:|1699637408\n|gametype|singles\n|player|p1|Drixzard|ingo|\n|player|p2|hanagakiUBD|iris-gen5bw2|\n|teamsize|p1|6\n|teamsize|p2|6\n|gen|9\n|tier|[Gen 9] National Dex Ubers\n|rule|HP Percentage Mod: HP is shown in percentages\n|rule|Endless Battle Clause: Forcing endless battles is banned\n|rule|OHKO Clause: OHKO moves are banned\n|rule|Evasion Moves Clause: Evasion moves are banned\n|rule|Evasion Items Clause: Evasion items are banned\n|rule|Species Clause: Limit one of each Pok\u00e9mon\n|rule|Sleep Clause Mod: Limit one foe put to sleep\n|rule|Mega Rayquaza Clause: You cannot mega evolve Rayquaza\n|clearpoke\n|poke|p1|Sableye, M|\n|poke|p1|Dragapult, M|\n|poke|p1|Skeledirge, F|\n|poke|p1|Zoroark-Hisui, F|\n|poke|p1|Annihilape, M|\n|poke|p1|Kingambit, M|\n|poke|p2|Darmanitan-Galar, M|\n|poke|p2|Volcarona, F|\n|poke|p2|Dragapult, F|\n|poke|p2|Alakazam, F|\n|poke|p2|Kingambit, M|\n|poke|p2|Kleavor, F|\n|teampreview\n|inactive|Battle timer is ON: inactive players will automatically lose when time's up. (requested by hanagakiUBD)\n|inactive|Drixzard has 270 seconds left.\n|inactiveoff|Battle timer is now OFF.\n|\n|t:|1699637459\n|start\n|switch|p1a: Sableye|Sableye, M|100\/100\n|switch|p2a: Alakazam|Alakazam, F|100\/100\n|turn|1\n|\n|t:|1699637472\n|detailschange|p2a: Alakazam|Alakazam-Mega, F\n|-mega|p2a: Alakazam|Alakazam|Alakazite\n|-ability|p2a: Alakazam|Prankster|[from] ability: Trace|[of] p1a: Sableye\n|detailschange|p1a: Sableye|Sableye-Mega, M\n|-mega|p1a: Sableye|Sableye|Sablenite\n|move|p2a: Alakazam|Dazzling Gleam|p1a: Sableye\n|-supereffective|p1a: Sableye\n|-damage|p1a: Sableye|38\/100\n|move|p1a: Sableye|Dark Pulse|p2a: Alakazam\n|-supereffective|p2a: Alakazam\n|-damage|p2a: Alakazam|35\/100\n|\n|upkeep\n|turn|2\n|\n|t:|1699637485\n|move|p2a: Alakazam|Dazzling Gleam|p1a: Sableye\n|-supereffective|p1a: Sableye\n|-damage|p1a: Sableye|0 fnt\n|faint|p1a: Sableye\n|\n|upkeep\n|\n|t:|1699637491\n|switch|p1a: Annihilape|Annihilape, M|100\/100\n|turn|3\n|\n|t:|1699637502\n|move|p1a: Annihilape|Flamethrower|p2a: Alakazam\n|-damage|p2a: Alakazam|0 fnt\n|faint|p2a: Alakazam\n|\n|upkeep\n|\n|t:|1699637510\n|switch|p2a: Volcarona|Volcarona, F, shiny|100\/100\n|turn|4\n|\n|t:|1699637515\n|switch|p1a: Skeledirge|Skeledirge, F|100\/100\n|-terastallize|p2a: Volcarona|Dragon\n|move|p2a: Volcarona|Quiver Dance|p2a: Volcarona\n|-boost|p2a: Volcarona|spa|1\n|-boost|p2a: Volcarona|spd|1\n|-boost|p2a: Volcarona|spe|1\n|\n|upkeep\n|turn|5\n|\n|t:|1699637524\n|move|p2a: Volcarona|Tera Blast|p1a: Skeledirge|[anim] Tera Blast Dragon\n|-damage|p1a: Skeledirge|53\/100\n|move|p1a: Skeledirge|Torch Song|p2a: Volcarona\n|-resisted|p2a: Volcarona\n|-damage|p2a: Volcarona|82\/100\n|-boost|p1a: Skeledirge|spa|1\n|\n|-heal|p2a: Volcarona|88\/100|[from] item: Leftovers\n|upkeep\n|turn|6\n|\n|t:|1699637531\n|move|p2a: Volcarona|Tera Blast|p1a: Skeledirge|[anim] Tera Blast Dragon\n|-damage|p1a: Skeledirge|0 fnt\n|faint|p1a: Skeledirge\n|\n|-heal|p2a: Volcarona|94\/100|[from] item: Leftovers\n|upkeep\n|c|\u2606Drixzard|Ahora paso alrevez nmms\n|c|\u2606Drixzard|Jajaja\n|c|\u2606hanagakiUBD|Ap\u00farate\n|\n|t:|1699637558\n|switch|p1a: Annihilape|Annihilape, M|100\/100\n|turn|7\n|\n|t:|1699637570\n|move|p2a: Volcarona|Psychic|p1a: Annihilape\n|-damage|p1a: Annihilape|1\/100\n|replace|p1a: Zoroark|Zoroark-Hisui, F\n|-end|p1a: Zoroark|Illusion\n|move|p1a: Zoroark|Shadow Ball|p2a: Volcarona\n|-damage|p2a: Volcarona|62\/100\n|\n|-heal|p2a: Volcarona|68\/100|[from] item: Leftovers\n|upkeep\n|turn|8\n|\n|t:|1699637579\n|move|p2a: Volcarona|Fiery Dance|p1a: Zoroark\n|-damage|p1a: Zoroark|0 fnt\n|-boost|p2a: Volcarona|spa|1\n|faint|p1a: Zoroark\n|\n|-heal|p2a: Volcarona|74\/100|[from] item: Leftovers\n|upkeep\n|\n|t:|1699637587\n|switch|p1a: Annihilape|Annihilape, M|100\/100\n|turn|9\n|\n|t:|1699637594\n|switch|p1a: Kingambit|Kingambit, M|100\/100\n|-activate|p1a: Kingambit|ability: Supreme Overlord\n|-start|p1a: Kingambit|fallen3|[silent]\n|move|p2a: Volcarona|Psychic|p1a: Kingambit\n|-immune|p1a: Kingambit\n|\n|-heal|p2a: Volcarona|80\/100|[from] item: Leftovers\n|upkeep\n|turn|10\n|\n|t:|1699637610\n|-terastallize|p1a: Kingambit|Ghost\n|move|p2a: Volcarona|Fiery Dance|p1a: Kingambit\n|-damage|p1a: Kingambit|19\/100\n|move|p1a: Kingambit|Tera Blast|p2a: Volcarona|[anim] Tera Blast Ghost\n|-damage|p2a: Volcarona|0 fnt\n|faint|p2a: Volcarona\n|\n|-heal|p1a: Kingambit|26\/100|[from] item: Leftovers\n|upkeep\n|\n|t:|1699637626\n|switch|p2a: Kingambit|Kingambit, M|100\/100\n|-activate|p2a: Kingambit|ability: Supreme Overlord\n|-start|p2a: Kingambit|fallen2|[silent]\n|turn|11\n|\n|t:|1699637633\n|move|p2a: Kingambit|Pursuit|p1a: Kingambit\n|-supereffective|p1a: Kingambit\n|-damage|p1a: Kingambit|0 fnt\n|faint|p1a: Kingambit\n|-end|p1a: Kingambit|fallen3|[silent]\n|\n|upkeep\n|\n|t:|1699637638\n|switch|p1a: Annihilape|Annihilape, M|100\/100\n|turn|12\n|c|\u2606hanagakiUBD|Listo\n|c|\u2606hanagakiUBD|Solo era eso xd\n|\n|t:|1699637645\n|-end|p2a: Kingambit|fallen2|[silent]\n|switch|p2a: Kleavor|Kleavor, F|100\/100\n|move|p1a: Annihilape|Bulk Up|p1a: Annihilape\n|-boost|p1a: Annihilape|atk|1\n|-boost|p1a: Annihilape|def|1\n|\n|upkeep\n|turn|13\n|\n|t:|1699637653\n|move|p2a: Kleavor|Knock Off|p1a: Annihilape\n|-damage|p1a: Annihilape|71\/100\n|-enditem|p1a: Annihilape|Punching Glove|[from] move: Knock Off|[of] p2a: Kleavor\n|move|p1a: Annihilape|Drain Punch|p2a: Kleavor\n|-damage|p2a: Kleavor|31\/100\n|-heal|p1a: Annihilape|98\/100|[from] drain|[of] p2a: Kleavor\n|\n|upkeep\n|turn|14\n|\n|t:|1699637659\n|move|p2a: Kleavor|Knock Off|p1a: Annihilape\n|-damage|p1a: Annihilape|77\/100\n|move|p1a: Annihilape|Bulk Up|p1a: Annihilape\n|-boost|p1a: Annihilape|atk|1\n|-boost|p1a: Annihilape|def|1\n|\n|upkeep\n|turn|15\n|\n|t:|1699637664\n|move|p2a: Kleavor|Knock Off|p1a: Annihilape\n|-damage|p1a: Annihilape|64\/100\n|move|p1a: Annihilape|Bulk Up|p1a: Annihilape\n|-boost|p1a: Annihilape|atk|1\n|-boost|p1a: Annihilape|def|1\n|\n|upkeep\n|turn|16\n|\n|t:|1699637666\n|move|p2a: Kleavor|Knock Off|p1a: Annihilape\n|-damage|p1a: Annihilape|53\/100\n|move|p1a: Annihilape|Drain Punch|p2a: Kleavor\n|-damage|p2a: Kleavor|0 fnt\n|-heal|p1a: Annihilape|65\/100|[from] drain|[of] p2a: Kleavor\n|faint|p2a: Kleavor\n|\n|upkeep\n|\n|t:|1699637669\n|switch|p2a: Dragapult|Dragapult, F, shiny|100\/100\n|turn|17\n|\n|t:|1699637674\n|-zpower|p2a: Dragapult\n|move|p2a: Dragapult|Never-Ending Nightmare|p1a: Annihilape|[zeffect]\n|-supereffective|p1a: Annihilape\n|-damage|p1a: Annihilape|0 fnt\n|faint|p1a: Annihilape\n|\n|upkeep\n|\n|t:|1699637677\n|switch|p1a: Dragapult|Dragapult, M|100\/100\n|turn|18\n|\n|t:|1699637688\n|move|p2a: Dragapult|Dragon Darts|p1a: Dragapult\n|-supereffective|p1a: Dragapult\n|-damage|p1a: Dragapult|30\/100\n|-anim|p2a: Dragapult|Dragon Darts|p1a: Dragapult\n|-supereffective|p1a: Dragapult\n|-damage|p1a: Dragapult|0 fnt\n|faint|p1a: Dragapult\n|\n|win|hanagakiUBD\n","uploadtime":1699637695,"views":7,"p1id":"drixzard","p2id":"hanagakiubd","formatid":"gen9nationaldexubers","rating":0,"private":0,"password":""}