{"id":"gen9nationaldexubers-1981030738","p1":"DraconyxRising","p2":"Yannix BP","format":"[Gen 9] National Dex Ubers","log":"|j|\u2606DraconyxRising\n|j|\u2606Yannix BP\n|t:|1698858121\n|gametype|singles\n|player|p1|DraconyxRising|guitarist|\n|player|p2|Yannix BP|hilbert|\n|teamsize|p1|3\n|teamsize|p2|3\n|gen|9\n|tier|[Gen 9] National Dex Ubers\n|rule|HP Percentage Mod: HP is shown in percentages\n|rule|Endless Battle Clause: Forcing endless battles is banned\n|rule|OHKO Clause: OHKO moves are banned\n|rule|Evasion Moves Clause: Evasion moves are banned\n|rule|Evasion Items Clause: Evasion items are banned\n|rule|Species Clause: Limit one of each Pok\u00e9mon\n|rule|Sleep Clause Mod: Limit one foe put to sleep\n|rule|Mega Rayquaza Clause: You cannot mega evolve Rayquaza\n|clearpoke\n|poke|p1|Silicobra, L20, F|\n|poke|p1|Gligar, L20, F|\n|poke|p1|Clodsire, L20, F|\n|poke|p2|Carvanha, L20, M|\n|poke|p2|Servine, L20, F|\n|poke|p2|Gligar, L20, M|\n|teampreview\n|inactive|Battle timer is ON: inactive players will automatically lose when time's up. (requested by DraconyxRising)\n|\n|t:|1698858131\n|start\n|switch|p1a: Silicobra|Silicobra, L20, F, shiny|100\/100\n|switch|p2a: Servine|Servine, L20, F|100\/100\n|turn|1\n|\n|t:|1698858140\n|move|p2a: Servine|Leaf Tornado|p1a: Silicobra\n|-supereffective|p1a: Silicobra\n|-damage|p1a: Silicobra|45\/100\n|-unboost|p1a: Silicobra|accuracy|1\n|move|p1a: Silicobra|Poison Tail|p2a: Servine|[miss]\n|-miss|p1a: Silicobra|p2a: Servine\n|\n|upkeep\n|turn|2\n|\n|t:|1698858147\n|move|p2a: Servine|Leaf Tornado|p1a: Silicobra\n|-supereffective|p1a: Silicobra\n|-damage|p1a: Silicobra|0 fnt\n|faint|p1a: Silicobra\n|\n|upkeep\n|\n|t:|1698858151\n|switch|p1a: Gligar|Gligar, L20, F, shiny|100\/100\n|turn|3\n|\n|t:|1698858157\n|move|p1a: Gligar|Dual Wingbeat|p2a: Servine\n|-supereffective|p2a: Servine\n|-damage|p2a: Servine|67\/100\n|-supereffective|p2a: Servine\n|-damage|p2a: Servine|34\/100\n|-hitcount|p2a: Servine|2\n|move|p2a: Servine|Glare|p1a: Gligar\n|-status|p1a: Gligar|par\n|\n|upkeep\n|turn|4\n|\n|t:|1698858173\n|move|p2a: Servine|Synthesis|p2a: Servine\n|-heal|p2a: Servine|84\/100\n|move|p1a: Gligar|Dual Wingbeat|p2a: Servine|[miss]\n|-miss|p1a: Gligar|p2a: Servine\n|\n|upkeep\n|turn|5\n|\n|t:|1698858180\n|move|p2a: Servine|Leaf Tornado|p1a: Gligar\n|-damage|p1a: Gligar|71\/100 par\n|cant|p1a: Gligar|par\n|\n|upkeep\n|turn|6\n|\n|t:|1698858185\n|move|p2a: Servine|Leaf Tornado|p1a: Gligar|[miss]\n|-miss|p2a: Servine|p1a: Gligar\n|move|p1a: Gligar|Dual Wingbeat|p2a: Servine|[miss]\n|-miss|p1a: Gligar|p2a: Servine\n|\n|upkeep\n|turn|7\n|\n|t:|1698858196\n|move|p2a: Servine|Leaf Tornado|p1a: Gligar\n|-damage|p1a: Gligar|46\/100 par\n|-unboost|p1a: Gligar|accuracy|1\n|move|p1a: Gligar|Dual Wingbeat|p2a: Servine\n|-supereffective|p2a: Servine\n|-damage|p2a: Servine|50\/100\n|-supereffective|p2a: Servine\n|-damage|p2a: Servine|17\/100\n|-hitcount|p2a: Servine|2\n|\n|upkeep\n|turn|8\n|\n|t:|1698858211\n|switch|p1a: Clodsire|Clodsire, L20, F, shiny|100\/100\n|move|p2a: Servine|Leech Seed|p1a: Clodsire\n|-start|p1a: Clodsire|move: Leech Seed\n|\n|-damage|p1a: Clodsire|88\/100|[from] Leech Seed|[of] p2a: Servine\n|-heal|p2a: Servine|37\/100|[silent]\n|upkeep\n|turn|9\n|\n|t:|1698858220\n|move|p2a: Servine|Glare|p1a: Clodsire\n|-status|p1a: Clodsire|par\n|cant|p1a: Clodsire|par\n|\n|-heal|p1a: Clodsire|94\/100 par|[from] item: Black Sludge\n|-damage|p1a: Clodsire|82\/100 par|[from] Leech Seed|[of] p2a: Servine\n|-heal|p2a: Servine|57\/100|[silent]\n|upkeep\n|turn|10\n|inactive|Yannix BP has 270 seconds left.\n|\n|t:|1698858250\n|move|p2a: Servine|Leaf Tornado|p1a: Clodsire\n|-damage|p1a: Clodsire|70\/100 par\n|-unboost|p1a: Clodsire|accuracy|1\n|move|p1a: Clodsire|Poison Tail|p2a: Servine\n|-supereffective|p2a: Servine\n|-damage|p2a: Servine|27\/100\n|\n|-heal|p1a: Clodsire|76\/100 par|[from] item: Black Sludge\n|-damage|p1a: Clodsire|64\/100 par|[from] Leech Seed|[of] p2a: Servine\n|-heal|p2a: Servine|47\/100|[silent]\n|upkeep\n|turn|11\n|inactive|Yannix BP has 270 seconds left.\n|\n|t:|1698858262\n|move|p2a: Servine|Leaf Tornado|p1a: Clodsire\n|-damage|p1a: Clodsire|51\/100 par\n|move|p1a: Clodsire|Poison Tail|p2a: Servine\n|-supereffective|p2a: Servine\n|-crit|p2a: Servine\n|-damage|p2a: Servine|0 fnt\n|faint|p2a: Servine\n|\n|-heal|p1a: Clodsire|57\/100 par|[from] item: Black Sludge\n|upkeep\n|inactive|Yannix BP has 270 seconds left.\n|\n|t:|1698858278\n|switch|p2a: Gligar|Gligar, L20, M|100\/100\n|turn|12\n|\n|t:|1698858287\n|move|p2a: Gligar|Bulldoze|p1a: Clodsire\n|-supereffective|p1a: Clodsire\n|-damage|p1a: Clodsire|3\/100 par\n|-unboost|p1a: Clodsire|spe|1\n|move|p1a: Clodsire|Toxic|p2a: Gligar\n|-status|p2a: Gligar|tox\n|\n|-heal|p1a: Clodsire|9\/100 par|[from] item: Black Sludge\n|-damage|p1a: Clodsire|0 fnt|[from] Leech Seed|[of] p2a: Gligar\n|faint|p1a: Clodsire\n|-damage|p2a: Gligar|96\/100 tox|[from] psn\n|upkeep\n|\n|t:|1698858297\n|switch|p1a: Gligar|Gligar, L20, F, shiny|46\/100 par\n|turn|13\n|\n|t:|1698858304\n|move|p2a: Gligar|Tailwind|p2a: Gligar\n|-sidestart|p2: Yannix BP|move: Tailwind\n|move|p1a: Gligar|Dual Wingbeat|p2a: Gligar\n|-crit|p2a: Gligar\n|-damage|p2a: Gligar|75\/100 tox\n|-damage|p2a: Gligar|60\/100 tox\n|-hitcount|p2a: Gligar|2\n|\n|-damage|p2a: Gligar|50\/100 tox|[from] psn\n|upkeep\n|turn|14\n|inactive|Yannix BP has 270 seconds left.\n|\n|t:|1698858323\n|move|p2a: Gligar|Aerial Ace|p1a: Gligar\n|-damage|p1a: Gligar|26\/100 par\n|move|p1a: Gligar|Swords Dance|p1a: Gligar\n|-boost|p1a: Gligar|atk|2\n|\n|-damage|p2a: Gligar|36\/100 tox|[from] psn\n|upkeep\n|turn|15\n|\n|t:|1698858332\n|move|p2a: Gligar|Aerial Ace|p1a: Gligar\n|-damage|p1a: Gligar|5\/100 par\n|move|p1a: Gligar|Dual Wingbeat|p2a: Gligar\n|-damage|p2a: Gligar|10\/100 tox\n|-damage|p2a: Gligar|0 fnt\n|faint|p2a: Gligar\n|-hitcount|p2: Gligar|2\n|\n|upkeep\n|inactive|Yannix BP has 270 seconds left.\n|\n|t:|1698858343\n|switch|p2a: Carvanha|Carvanha, L20, M|100\/100\n|turn|16\n|\n|t:|1698858349\n|move|p2a: Carvanha|Flip Turn|p1a: Gligar\n|-supereffective|p1a: Gligar\n|-damage|p1a: Gligar|0 fnt\n|faint|p1a: Gligar\n|\n|win|Yannix BP\n","uploadtime":1698858365,"views":8,"p1id":"draconyxrising","p2id":"yannixbp","formatid":"gen9nationaldexubers","rating":0,"private":0,"password":""}