{"id":"gen9nationaldexubers-1984974067","p1":"TRIPLE RILABOOM","p2":"shadow king the","format":"[Gen 9] National Dex Ubers","log":"|j|\u2606TRIPLE RILABOOM\n|j|\u2606shadow king the\n|t:|1699316484\n|gametype|singles\n|player|p1|TRIPLE RILABOOM|1|1050\n|player|p2|shadow king the|cynthia|1114\n|teamsize|p1|3\n|teamsize|p2|6\n|gen|9\n|tier|[Gen 9] National Dex Ubers\n|rated|\n|rule|HP Percentage Mod: HP is shown in percentages\n|rule|Endless Battle Clause: Forcing endless battles is banned\n|rule|OHKO Clause: OHKO moves are banned\n|rule|Evasion Moves Clause: Evasion moves are banned\n|rule|Evasion Items Clause: Evasion items are banned\n|rule|Species Clause: Limit one of each Pok\u00e9mon\n|rule|Sleep Clause Mod: Limit one foe put to sleep\n|rule|Mega Rayquaza Clause: You cannot mega evolve Rayquaza\n|clearpoke\n|poke|p1|Azumarill, F|\n|poke|p1|Lucario, M|\n|poke|p1|Ninetales-Alola, M|\n|poke|p2|Garchomp, F|\n|poke|p2|Lucario, M|\n|poke|p2|Roserade, M|\n|poke|p2|Gastrodon, F|\n|poke|p2|Togekiss, F|\n|poke|p2|Milotic, M|\n|teampreview\n|\n|t:|1699316493\n|start\n|switch|p1a: Ninetales|Ninetales-Alola, M, shiny|100\/100\n|switch|p2a: Roserade|Roserade, M|100\/100\n|-weather|Snow|[from] ability: Snow Warning|[of] p1a: Ninetales\n|turn|1\n|\n|t:|1699316502\n|move|p1a: Ninetales|Aurora Veil|p1a: Ninetales\n|-sidestart|p1: TRIPLE RILABOOM|move: Aurora Veil\n|move|p2a: Roserade|Sleep Powder|p1a: Ninetales\n|-status|p1a: Ninetales|slp|[from] move: Sleep Powder\n|\n|-weather|Snow|[upkeep]\n|upkeep\n|turn|2\n|\n|t:|1699316509\n|switch|p1a: Azumarill|Azumarill, F, shiny|100\/100\n|move|p2a: Roserade|Toxic Spikes|p1a: Azumarill\n|-sidestart|p1: TRIPLE RILABOOM|move: Toxic Spikes\n|\n|-weather|Snow|[upkeep]\n|upkeep\n|turn|3\n|\n|t:|1699316528\n|move|p2a: Roserade|Leaf Storm|p1a: Azumarill\n|-ability|p1a: Azumarill|Sap Sipper|boost\n|-boost|p1a: Azumarill|atk|1\n|move|p1a: Azumarill|Perish Song|p1a: Azumarill\n|-start|p1a: Azumarill|perish3|[silent]\n|-start|p2a: Roserade|perish3|[silent]\n|-fieldactivate|move: Perish Song\n|\n|-weather|Snow|[upkeep]\n|-start|p2a: Roserade|perish3\n|-start|p1a: Azumarill|perish3\n|upkeep\n|turn|4\n|\n|t:|1699316549\n|switch|p2a: Lucario|Lucario, M|100\/100\n|move|p1a: Azumarill|Surf|p2a: Lucario\n|-crit|p2a: Lucario\n|-damage|p2a: Lucario|50\/100\n|\n|-weather|Snow|[upkeep]\n|-start|p1a: Azumarill|perish2\n|upkeep\n|turn|5\n|\n|t:|1699316560\n|detailschange|p2a: Lucario|Lucario-Mega, M\n|-mega|p2a: Lucario|Lucario|Lucarionite\n|move|p2a: Lucario|Flash Cannon|p1a: Azumarill\n|-damage|p1a: Azumarill|78\/100\n|-unboost|p1a: Azumarill|spd|1\n|move|p1a: Azumarill|Surf|p2a: Lucario\n|-damage|p2a: Lucario|19\/100\n|\n|-weather|none\n|-heal|p1a: Azumarill|84\/100|[from] item: Leftovers\n|-start|p1a: Azumarill|perish1\n|upkeep\n|turn|6\n|\n|t:|1699316573\n|move|p2a: Lucario|Focus Blast|p1a: Azumarill\n|-resisted|p1a: Azumarill\n|-damage|p1a: Azumarill|56\/100\n|move|p1a: Azumarill|Belly Drum|p1a: Azumarill\n|-damage|p1a: Azumarill|6\/100\n|-setboost|p1a: Azumarill|atk|6|[from] move: Belly Drum\n|\n|-heal|p1a: Azumarill|12\/100|[from] item: Leftovers\n|-start|p1a: Azumarill|perish0\n|faint|p1a: Azumarill\n|upkeep\n|\n|t:|1699316583\n|switch|p1a: Lucario|Lucario, M|100\/100\n|turn|7\n|\n|t:|1699316597\n|switch|p2a: Togekiss|Togekiss, F|100\/100\n|detailschange|p1a: Lucario|Lucario-Mega, M\n|-mega|p1a: Lucario|Lucario|Lucarionite\n|move|p1a: Lucario|Copycat|p1a: Lucario\n|move|p1a: Lucario|Belly Drum|p1a: Lucario|[from]move: Copycat\n|-damage|p1a: Lucario|50\/100\n|-setboost|p1a: Lucario|atk|6|[from] move: Belly Drum\n|\n|upkeep\n|turn|8\n|\n|t:|1699316613\n|-terastallize|p2a: Togekiss|Flying\n|move|p1a: Lucario|Bullet Punch|p2a: Togekiss\n|-damage|p2a: Togekiss|0 fnt\n|faint|p2a: Togekiss\n|\n|-sideend|p1: TRIPLE RILABOOM|move: Aurora Veil\n|upkeep\n|\n|t:|1699316624\n|switch|p2a: Roserade|Roserade, M|100\/100\n|turn|9\n|\n|t:|1699316631\n|move|p1a: Lucario|Drain Punch|p2a: Roserade\n|-resisted|p2a: Roserade\n|-enditem|p2a: Roserade|Focus Sash\n|-damage|p2a: Roserade|1\/100\n|-heal|p1a: Lucario|89\/100|[from] drain|[of] p2a: Roserade\n|move|p2a: Roserade|Sleep Powder|p1a: Lucario|[miss]\n|-miss|p2a: Roserade|p1a: Lucario\n|\n|upkeep\n|turn|10\n|\n|t:|1699316641\n|move|p1a: Lucario|Extreme Speed|p2a: Roserade\n|-damage|p2a: Roserade|0 fnt\n|faint|p2a: Roserade\n|\n|upkeep\n|\n|t:|1699316651\n|switch|p2a: Milotic|Milotic, M|100\/100\n|turn|11\n|\n|t:|1699316683\n|move|p1a: Lucario|Drain Punch|p2a: Milotic\n|-damage|p2a: Milotic|0 fnt\n|-heal|p1a: Lucario|100\/100|[from] drain|[of] p2a: Milotic\n|faint|p2a: Milotic\n|\n|upkeep\n|\n|t:|1699316694\n|switch|p2a: Lucario|Lucario-Mega, M|19\/100\n|turn|12\n|\n|t:|1699316699\n|move|p1a: Lucario|Extreme Speed|p2a: Lucario\n|-resisted|p2a: Lucario\n|-damage|p2a: Lucario|0 fnt\n|faint|p2a: Lucario\n|\n|upkeep\n|\n|t:|1699316705\n|switch|p2a: Gastrodon|Gastrodon, F|100\/100\n|turn|13\n|\n|t:|1699316709\n|move|p1a: Lucario|Drain Punch|p2a: Gastrodon\n|-crit|p2a: Gastrodon\n|-damage|p2a: Gastrodon|0 fnt\n|faint|p2a: Gastrodon\n|\n|upkeep\n|\n|t:|1699316715\n|switch|p2a: Garchomp|Garchomp, F|100\/100\n|turn|14\n|\n|t:|1699316720\n|move|p1a: Lucario|Extreme Speed|p2a: Garchomp\n|-damage|p2a: Garchomp|0 fnt\n|-damage|p1a: Lucario|88\/100|[from] ability: Rough Skin|[of] p2a: Garchomp\n|faint|p2a: Garchomp\n|\n|win|TRIPLE RILABOOM\n|raw|TRIPLE RILABOOM's rating: 1050 &rarr; <strong>1088<\/strong><br \/>(+38 for winning)\n|raw|shadow king the's rating: 1114 &rarr; <strong>1084<\/strong><br \/>(-30 for losing)\n","uploadtime":1699316727,"views":21,"p1id":"triplerilaboom","p2id":"shadowkingthe","formatid":"gen9nationaldexubers","rating":1084,"private":0,"password":""}