{"id":"gen9nationaldexubers-1998562339","p1":"Duskito","p2":"Dollynho3856","format":"[Gen 9] National Dex Ubers","log":"|j|\u2606Duskito\n|j|\u2606Dollynho3856\n|t:|1700956667\n|gametype|singles\n|player|p1|Duskito|alec-anime|\n|player|p2|Dollynho3856|burglar|\n|teamsize|p1|5\n|teamsize|p2|5\n|gen|9\n|tier|[Gen 9] National Dex Ubers\n|rule|HP Percentage Mod: HP is shown in percentages\n|rule|Endless Battle Clause: Forcing endless battles is banned\n|rule|OHKO Clause: OHKO moves are banned\n|rule|Evasion Moves Clause: Evasion moves are banned\n|rule|Evasion Items Clause: Evasion items are banned\n|rule|Species Clause: Limit one of each Pok\u00e9mon\n|rule|Sleep Clause Mod: Limit one foe put to sleep\n|rule|Mega Rayquaza Clause: You cannot mega evolve Rayquaza\n|clearpoke\n|poke|p1|Pignite, L20, M|\n|poke|p1|Buizel, L20, M|\n|poke|p1|Mime Jr., L20, M|\n|poke|p1|Wattrel, L20, F|\n|poke|p1|Mareanie, L20, F|\n|poke|p2|Carnivine, L20, M|\n|poke|p2|Monferno, L20, M|\n|poke|p2|Munchlax, L20, M|\n|poke|p2|Frillish, L20, M|\n|poke|p2|Nymble, L20, M|\n|teampreview\n|c|\u2606Duskito|S\u00f3 pq \u00e9 final\n|j| NerdsJV\n|c|\u2606Duskito|Sen\u00e3o eu n\u00e3o ligava\n|c|\u2606Dollynho3856|Dboa\n|j| artchu133\n|c|\u2606Dollynho3856|Vlw\n|j| Rentereh\n|c| NerdsJV|Esse wattrel \u00e9 gigante\n|j| The Kitten Boy\n|\n|t:|1700956718\n|start\n|switch|p1a: Armando|Buizel, L20, M|100\/100\n|switch|p2a: Kabeyama|Munchlax, L20, M, shiny|100\/100\n|turn|1\n|c| NerdsJV|Ele est\u00e1 pondo enormes press\u00f5es no time do Dolly\n|\n|t:|1700956727\n|switch|p2a: Jeff|Carnivine, L20, M|100\/100\n|move|p1a: Armando|Wave Crash|p2a: Jeff\n|-resisted|p2a: Jeff\n|-damage|p2a: Jeff|57\/100\n|-damage|p1a: Armando|82\/100|[from] Recoil\n|\n|upkeep\n|turn|2\n|c| The Kitten Boy|kabeyama ia levar menos dano q o jeff\n|c|\u2606Dollynho3856|Band?\n|\n|t:|1700956758\n|switch|p1a: Ronaldo|Pignite, L20, M|100\/100\n|move|p2a: Jeff|Sleep Powder|p1a: Ronaldo|[miss]\n|-miss|p2a: Jeff|p1a: Ronaldo\n|\n|upkeep\n|turn|3\n|j| KojiOishi\n|c|\u2606Dollynho3856|HIHIHA\n|\n|t:|1700956765\n|switch|p2a: Kaori|Frillish, L20, M|100\/100\n|move|p1a: Ronaldo|Curse|p1a: Ronaldo\n|-unboost|p1a: Ronaldo|spe|1\n|-boost|p1a: Ronaldo|atk|1\n|-boost|p1a: Ronaldo|def|1\n|\n|upkeep\n|turn|4\n|c| KojiOishi|Consegui\n|\n|t:|1700956770\n|move|p1a: Ronaldo|Sucker Punch|p2a: Kaori\n|-supereffective|p2a: Kaori\n|-damage|p2a: Kaori|38\/100\n|move|p2a: Kaori|Scald|p1a: Ronaldo\n|-supereffective|p1a: Ronaldo\n|-damage|p1a: Ronaldo|50\/100\n|\n|upkeep\n|turn|5\n|j| SonguiooSong2\n|\n|t:|1700956779\n|move|p2a: Kaori|Recover|p2a: Kaori\n|-heal|p2a: Kaori|88\/100\n|move|p1a: Ronaldo|Flare Blitz|p2a: Kaori\n|-resisted|p2a: Kaori\n|-damage|p2a: Kaori|49\/100\n|-damage|p1a: Ronaldo|40\/100|[from] Recoil\n|\n|upkeep\n|turn|6\n|\n|t:|1700956790\n|move|p1a: Ronaldo|Sucker Punch||[still]\n|-fail|p1a: Ronaldo\n|move|p2a: Kaori|Recover|p2a: Kaori\n|-heal|p2a: Kaori|99\/100\n|\n|upkeep\n|turn|7\n|c| KojiOishi|Ronaldo vai botar a champions no bolso?\n|\n|t:|1700956795\n|switch|p1a: Robervala|Mareanie, L20, F, shiny|100\/100\n|move|p2a: Kaori|Scald|p1a: Robervala\n|-resisted|p1a: Robervala\n|-damage|p1a: Robervala|86\/100\n|-status|p1a: Robervala|brn\n|\n|-damage|p1a: Robervala|80\/100 brn|[from] brn\n|upkeep\n|turn|8\n|\n|t:|1700956803\n|move|p1a: Robervala|Knock Off|p2a: Kaori\n|-supereffective|p2a: Kaori\n|-damage|p2a: Kaori|76\/100\n|-start|p1a: Robervala|Disable|Knock Off|[from] ability: Cursed Body|[of] p2a: Kaori\n|-enditem|p2a: Kaori|Eviolite|[from] move: Knock Off|[of] p1a: Robervala\n|move|p2a: Kaori|Hex|p1a: Robervala\n|-damage|p1a: Robervala|30\/100 brn\n|\n|-damage|p1a: Robervala|24\/100 brn|[from] brn\n|upkeep\n|turn|9\n|\n|t:|1700956815\n|move|p1a: Robervala|Recover|p1a: Robervala\n|-heal|p1a: Robervala|74\/100 brn\n|move|p2a: Kaori|Hex|p1a: Robervala\n|-damage|p1a: Robervala|25\/100 brn\n|\n|-damage|p1a: Robervala|20\/100 brn|[from] brn\n|upkeep\n|turn|10\n|\n|t:|1700956820\n|move|p1a: Robervala|Gunk Shot|p2a: Kaori\n|-resisted|p2a: Kaori\n|-damage|p2a: Kaori|60\/100\n|-status|p2a: Kaori|psn\n|move|p2a: Kaori|Hex|p1a: Robervala\n|-damage|p1a: Robervala|0 fnt\n|faint|p1a: Robervala\n|\n|-damage|p2a: Kaori|49\/100 psn|[from] psn\n|upkeep\n|\n|t:|1700956827\n|switch|p1a: Ana Carolina|Wattrel, L20, F|100\/100\n|turn|11\n|c|\u2606Dollynho3856|Esse bixo \u00e9 um problema\n|\n|t:|1700956841\n|move|p1a: Ana Carolina|U-turn|p2a: Kaori\n|-resisted|p2a: Kaori\n|-damage|p2a: Kaori|42\/100 psn\n|-damage|p1a: Ana Carolina|91\/100|[from] item: Life Orb\n|c|\u2606Dollynho3856|Rabia\n|c|\u2606Dollynho3856|Sabia\n|\n|t:|1700956847\n|switch|p1a: Armando|Buizel, L20, M|82\/100|[from] U-turn\n|move|p2a: Kaori|Scald|p1a: Armando\n|-resisted|p1a: Armando\n|-damage|p1a: Armando|47\/100\n|\n|-damage|p2a: Kaori|30\/100 psn|[from] psn\n|upkeep\n|turn|12\n|c| NerdsJV|Bruh\n|\n|t:|1700956875\n|switch|p2a: Jeff|Carnivine, L20, M|57\/100\n|move|p1a: Armando|Wave Crash|p2a: Jeff\n|-resisted|p2a: Jeff\n|-damage|p2a: Jeff|19\/100\n|-damage|p1a: Armando|32\/100|[from] Recoil\n|\n|upkeep\n|turn|13\n|\n|t:|1700956884\n|move|p1a: Armando|Wave Crash|p2a: Jeff\n|-resisted|p2a: Jeff\n|-damage|p2a: Jeff|0 fnt\n|faint|p2a: Jeff\n|-damage|p1a: Armando|23\/100|[from] Recoil\n|\n|upkeep\n|\n|t:|1700956894\n|switch|p2a: Tanaka|Monferno, L20, M|100\/100\n|turn|14\n|\n|t:|1700956904\n|switch|p1a: Carlos|Mime Jr., L20, M|100\/100\n|move|p2a: Tanaka|Fake Out|p1a: Carlos\n|-damage|p1a: Carlos|83\/100\n|\n|upkeep\n|turn|15\n|c| NerdsJV|BORA CARLOS\n|\n|t:|1700956920\n|switch|p2a: Kaori|Frillish, L20, M|30\/100 psn\n|move|p1a: Carlos|Psyshock|p2a: Kaori\n|-damage|p2a: Kaori|0 fnt\n|-start|p1a: Carlos|Disable|Psyshock|[from] ability: Cursed Body|[of] p2a: Kaori\n|faint|p2a: Kaori\n|\n|upkeep\n|\n|t:|1700956927\n|switch|p2a: Kabeyama|Munchlax, L20, M, shiny|100\/100\n|turn|16\n|c|\u2606Dollynho3856|Se foda\n|\n|t:|1700956935\n|switch|p1a: Armando|Buizel, L20, M|23\/100\n|move|p2a: Kabeyama|Curse|p2a: Kabeyama\n|-unboost|p2a: Kabeyama|spe|1\n|-boost|p2a: Kabeyama|atk|1\n|-boost|p2a: Kabeyama|def|1\n|\n|upkeep\n|turn|17\n|c|\u2606Dollynho3856|Bora\n|\n|t:|1700956939\n|move|p1a: Armando|Wave Crash|p2a: Kabeyama\n|-damage|p2a: Kabeyama|63\/100\n|-damage|p1a: Armando|4\/100|[from] Recoil\n|move|p2a: Kabeyama|Return|p1a: Armando\n|-damage|p1a: Armando|0 fnt\n|faint|p1a: Armando\n|\n|upkeep\n|\n|t:|1700956945\n|switch|p1a: Carlos|Mime Jr., L20, M|83\/100\n|turn|18\n|\n|t:|1700956950\n|move|p1a: Carlos|Psyshock|p2a: Kabeyama\n|-damage|p2a: Kabeyama|43\/100\n|move|p2a: Kabeyama|Return|p1a: Carlos\n|-damage|p1a: Carlos|0 fnt\n|faint|p1a: Carlos\n|\n|upkeep\n|\n|t:|1700956953\n|switch|p1a: Ana Carolina|Wattrel, L20, F|91\/100\n|turn|19\n|\n|t:|1700956956\n|move|p1a: Ana Carolina|Hurricane|p2a: Kabeyama\n|-damage|p2a: Kabeyama|19\/100\n|-damage|p1a: Ana Carolina|81\/100|[from] item: Life Orb\n|move|p2a: Kabeyama|Return|p1a: Ana Carolina\n|-damage|p1a: Ana Carolina|0 fnt\n|faint|p1a: Ana Carolina\n|\n|upkeep\n|\n|t:|1700956958\n|switch|p1a: Ronaldo|Pignite, L20, M|40\/100\n|turn|20\n|\n|t:|1700956968\n|move|p1a: Ronaldo|Flare Blitz|p2a: Kabeyama\n|-damage|p2a: Kabeyama|2\/100\n|-damage|p1a: Ronaldo|34\/100|[from] Recoil\n|move|p2a: Kabeyama|Return|p1a: Ronaldo\n|-damage|p1a: Ronaldo|0 fnt\n|faint|p1a: Ronaldo\n|\n|win|Dollynho3856\n|c|\u2606Dollynho3856|MANI\n|c|\u2606Dollynho3856|MANO\n|l|\u2606Duskito\n|c| Rentereh|UM MONSTRO\n|l| artchu133\n|c| Rentereh|NA FORMA DE GORDINHO\n|l| Rentereh\n","uploadtime":1700957005,"views":22,"p1id":"duskito","p2id":"dollynho3856","formatid":"gen9nationaldexubers","rating":0,"private":0,"password":""}