{"id":"gen9nationaldexubers-1984593765","p1":"jkkkzoz","p2":"Gtg g u2","format":"[Gen 9] National Dex Ubers","log":"|j|\u2606jkkkzoz\n|j|\u2606Gtg g u2\n|t:|1699282924\n|gametype|singles\n|player|p1|jkkkzoz|170|1040\n|player|p2|Gtg g u2|red-masters|1136\n|teamsize|p1|6\n|teamsize|p2|6\n|gen|9\n|tier|[Gen 9] National Dex Ubers\n|rated|\n|rule|HP Percentage Mod: HP is shown in percentages\n|rule|Endless Battle Clause: Forcing endless battles is banned\n|rule|OHKO Clause: OHKO moves are banned\n|rule|Evasion Moves Clause: Evasion moves are banned\n|rule|Evasion Items Clause: Evasion items are banned\n|rule|Species Clause: Limit one of each Pok\u00e9mon\n|rule|Sleep Clause Mod: Limit one foe put to sleep\n|rule|Mega Rayquaza Clause: You cannot mega evolve Rayquaza\n|clearpoke\n|poke|p1|Dracovish|\n|poke|p1|Kyogre|\n|poke|p1|Manaphy|\n|poke|p1|Barraskewda, M|\n|poke|p1|Rotom-Wash|\n|poke|p1|Pelipper, M|\n|poke|p2|Pikachu, M|\n|poke|p2|Rillaboom, M|\n|poke|p2|Cramorant, M|\n|poke|p2|Grapploct, M|\n|poke|p2|Centiskorch, M|\n|poke|p2|Runerigus, F|\n|teampreview\n|\n|t:|1699282926\n|start\n|switch|p1a: Pelipper|Pelipper, M|100\/100\n|switch|p2a: Rillaboom|Rillaboom, M|100\/100\n|-fieldstart|move: Grassy Terrain|[from] ability: Grassy Surge|[of] p2a: Rillaboom\n|-weather|RainDance|[from] ability: Drizzle|[of] p1a: Pelipper\n|turn|1\n|inactive|Battle timer is ON: inactive players will automatically lose when time's up. (requested by Gtg g u2)\n|inactive|jkkkzoz also wants the timer to be on.\n|\n|t:|1699282930\n|move|p2a: Rillaboom|Grassy Glide|p1a: Pelipper\n|-damage|p1a: Pelipper|57\/100\n|-damage|p2a: Rillaboom|91\/100|[from] item: Life Orb\n|move|p1a: Pelipper|U-turn|p2a: Rillaboom\n|-supereffective|p2a: Rillaboom\n|-damage|p2a: Rillaboom|71\/100\n|\n|t:|1699282934\n|switch|p1a: Barraskewda|Barraskewda, M|100\/100|[from] U-turn\n|\n|-weather|RainDance|[upkeep]\n|-heal|p2a: Rillaboom|77\/100|[from] Grassy Terrain\n|upkeep\n|turn|2\n|\n|t:|1699282944\n|switch|p2a: Cramorant|Cramorant, M|100\/100\n|move|p1a: Barraskewda|Close Combat|p2a: Cramorant\n|-resisted|p2a: Cramorant\n|-damage|p2a: Cramorant|23\/100\n|-unboost|p1a: Barraskewda|def|1\n|-unboost|p1a: Barraskewda|spd|1\n|\n|-weather|RainDance|[upkeep]\n|upkeep\n|turn|3\n|\n|t:|1699282949\n|move|p1a: Barraskewda|Close Combat|p2a: Cramorant\n|-resisted|p2a: Cramorant\n|-damage|p2a: Cramorant|0 fnt\n|-unboost|p1a: Barraskewda|def|1\n|-unboost|p1a: Barraskewda|spd|1\n|faint|p2a: Cramorant\n|\n|-weather|RainDance|[upkeep]\n|upkeep\n|\n|t:|1699282951\n|switch|p2a: Centiskorch|Centiskorch, M|100\/100\n|turn|4\n|\n|t:|1699282953\n|move|p1a: Barraskewda|Close Combat|p2a: Centiskorch\n|-resisted|p2a: Centiskorch\n|-damage|p2a: Centiskorch|59\/100\n|-unboost|p1a: Barraskewda|def|1\n|-unboost|p1a: Barraskewda|spd|1\n|move|p2a: Centiskorch|Power Whip|p1a: Barraskewda\n|-supereffective|p1a: Barraskewda\n|-damage|p1a: Barraskewda|0 fnt\n|faint|p1a: Barraskewda\n|\n|-weather|RainDance|[upkeep]\n|-heal|p2a: Centiskorch|65\/100|[from] Grassy Terrain\n|upkeep\n|\n|t:|1699282960\n|switch|p1a: Dracovish|Dracovish|100\/100\n|turn|5\n|\n|t:|1699282968\n|-terastallize|p1a: Dracovish|Water\n|-terastallize|p2a: Centiskorch|Grass\n|move|p1a: Dracovish|Crunch|p2a: Centiskorch\n|-damage|p2a: Centiskorch|6\/100\n|move|p2a: Centiskorch|Power Whip|p1a: Dracovish\n|-supereffective|p1a: Dracovish\n|-damage|p1a: Dracovish|0 fnt\n|faint|p1a: Dracovish\n|\n|-weather|RainDance|[upkeep]\n|-heal|p2a: Centiskorch|12\/100|[from] Grassy Terrain\n|-fieldend|move: Grassy Terrain\n|upkeep\n|\n|t:|1699282979\n|switch|p1a: Kyogre|Kyogre|100\/100\n|detailschange|p1a: Kyogre|Kyogre-Primal\n|-primal|p1a: Kyogre|Blue Orb\n|-weather|PrimordialSea|[from] ability: Primordial Sea|[of] p1a: Kyogre\n|turn|6\n|\n|t:|1699282982\n|move|p1a: Kyogre|Ice Beam|p2a: Centiskorch\n|-supereffective|p2a: Centiskorch\n|-damage|p2a: Centiskorch|0 fnt\n|faint|p2a: Centiskorch\n|\n|-weather|PrimordialSea|[upkeep]\n|upkeep\n|\n|t:|1699282984\n|switch|p2a: Pikachu|Pikachu, M|100\/100\n|turn|7\n|\n|t:|1699282989\n|move|p2a: Pikachu|Thunderbolt|p1a: Kyogre\n|-supereffective|p1a: Kyogre\n|-crit|p1a: Kyogre\n|-damage|p1a: Kyogre|30\/100\n|-status|p1a: Kyogre|par\n|cant|p1a: Kyogre|par\n|\n|-weather|PrimordialSea|[upkeep]\n|upkeep\n|turn|8\n|\n|t:|1699282992\n|move|p2a: Pikachu|Thunderbolt|p1a: Kyogre\n|-supereffective|p1a: Kyogre\n|-damage|p1a: Kyogre|0 fnt\n|faint|p1a: Kyogre\n|-weather|none\n|\n|upkeep\n|\n|t:|1699282997\n|switch|p1a: Rotom|Rotom-Wash|100\/100\n|turn|9\n|\n|t:|1699283000\n|switch|p2a: Runerigus|Runerigus, F, shiny|100\/100\n|move|p1a: Rotom|Pain Split|p2a: Runerigus\n|-sethp|p2a: Runerigus|98\/100|[from] move: Pain Split|[silent]\n|-sethp|p1a: Rotom|100\/100|[from] move: Pain Split\n|\n|-heal|p2a: Runerigus|100\/100|[from] item: Leftovers\n|upkeep\n|turn|10\n|\n|t:|1699283006\n|move|p1a: Rotom|Volt Switch|p2a: Runerigus\n|-immune|p2a: Runerigus\n|move|p2a: Runerigus|Poltergeist|p1a: Rotom\n|-activate|p1a: Rotom|move: Poltergeist|Leftovers\n|-damage|p1a: Rotom|60\/100\n|\n|-heal|p1a: Rotom|66\/100|[from] item: Leftovers\n|upkeep\n|turn|11\n|\n|t:|1699283011\n|switch|p1a: Manaphy|Manaphy|100\/100\n|move|p2a: Runerigus|Poltergeist|p1a: Manaphy\n|-activate|p1a: Manaphy|move: Poltergeist|Waterium Z\n|-damage|p1a: Manaphy|56\/100\n|\n|upkeep\n|turn|12\n|\n|t:|1699283016\n|-zpower|p1a: Manaphy\n|move|p1a: Manaphy|Hydro Vortex|p2a: Runerigus|[zeffect]\n|-supereffective|p2a: Runerigus\n|-damage|p2a: Runerigus|0 fnt\n|faint|p2a: Runerigus\n|\n|upkeep\n|\n|t:|1699283019\n|switch|p2a: Rillaboom|Rillaboom, M|77\/100\n|-fieldstart|move: Grassy Terrain|[from] ability: Grassy Surge|[of] p2a: Rillaboom\n|turn|13\n|\n|t:|1699283021\n|move|p2a: Rillaboom|Grassy Glide|p1a: Manaphy\n|-supereffective|p1a: Manaphy\n|-damage|p1a: Manaphy|0 fnt\n|faint|p1a: Manaphy\n|-damage|p2a: Rillaboom|67\/100|[from] item: Life Orb\n|\n|-heal|p2a: Rillaboom|73\/100|[from] Grassy Terrain\n|upkeep\n|\n|t:|1699283026\n|switch|p1a: Pelipper|Pelipper, M|57\/100\n|-weather|RainDance|[from] ability: Drizzle|[of] p1a: Pelipper\n|turn|14\n|\n|t:|1699283032\n|move|p2a: Rillaboom|Grassy Glide|p1a: Pelipper\n|-damage|p1a: Pelipper|8\/100\n|-damage|p2a: Rillaboom|63\/100|[from] item: Life Orb\n|move|p1a: Pelipper|Scald|p2a: Rillaboom\n|-resisted|p2a: Rillaboom\n|-damage|p2a: Rillaboom|35\/100\n|\n|-weather|RainDance|[upkeep]\n|-heal|p2a: Rillaboom|42\/100|[from] Grassy Terrain\n|upkeep\n|turn|15\n|\n|t:|1699283036\n|move|p2a: Rillaboom|Grassy Glide|p1a: Pelipper\n|-damage|p1a: Pelipper|0 fnt\n|faint|p1a: Pelipper\n|-damage|p2a: Rillaboom|32\/100|[from] item: Life Orb\n|\n|-weather|RainDance|[upkeep]\n|-heal|p2a: Rillaboom|38\/100|[from] Grassy Terrain\n|upkeep\n|\n|t:|1699283038\n|switch|p1a: Rotom|Rotom-Wash|66\/100\n|turn|16\n|\n|t:|1699283041\n|move|p2a: Rillaboom|Grassy Glide|p1a: Rotom\n|-supereffective|p1a: Rotom\n|-damage|p1a: Rotom|0 fnt\n|faint|p1a: Rotom\n|-damage|p2a: Rillaboom|28\/100|[from] item: Life Orb\n|\n|win|Gtg g u2\n|raw|jkkkzoz's rating: 1040 &rarr; <strong>1028<\/strong><br \/>(-12 for losing)\n|raw|Gtg g u2's rating: 1136 &rarr; <strong>1154<\/strong><br \/>(+18 for winning)\n","uploadtime":1699283044,"views":4,"p1id":"jkkkzoz","p2id":"gtggu2","formatid":"gen9nationaldexubers","rating":1028,"private":0,"password":""}