{"id":"gen9nationaldexubers-1994132631","p1":"If You Will Win","p2":"zoxin55","format":"[Gen 9] National Dex Ubers","log":"|j|\u203dIf You Will Win\n|j|\u2606zoxin55\n|t:|1700410736\n|gametype|singles\n|player|p1|If You Will Win|102|1040\n|player|p2|zoxin55|170|1143\n|teamsize|p1|6\n|teamsize|p2|6\n|gen|9\n|tier|[Gen 9] National Dex Ubers\n|rated|\n|rule|HP Percentage Mod: HP is shown in percentages\n|rule|Endless Battle Clause: Forcing endless battles is banned\n|rule|OHKO Clause: OHKO moves are banned\n|rule|Evasion Moves Clause: Evasion moves are banned\n|rule|Evasion Items Clause: Evasion items are banned\n|rule|Species Clause: Limit one of each Pok\u00e9mon\n|rule|Sleep Clause Mod: Limit one foe put to sleep\n|rule|Mega Rayquaza Clause: You cannot mega evolve Rayquaza\n|clearpoke\n|poke|p1|Ho-Oh|\n|poke|p1|Xatu, M|\n|poke|p1|Giratina-Origin|\n|poke|p1|Toxapex, M|\n|poke|p1|Rillaboom, M|\n|poke|p1|Raichu, F|\n|poke|p2|Zygarde|\n|poke|p2|Chien-Pao|\n|poke|p2|Iron Bundle|\n|poke|p2|Baxcalibur, F|\n|poke|p2|Alakazam, F|\n|poke|p2|Kangaskhan, F|\n|teampreview\n|\n|t:|1700410764\n|start\n|switch|p1a: Rillaboom|Rillaboom, M|100\/100\n|switch|p2a: Zygarde|Zygarde, shiny|100\/100\n|-fieldstart|move: Grassy Terrain|[from] ability: Grassy Surge|[of] p1a: Rillaboom\n|turn|1\n|\n|t:|1700410776\n|-terastallize|p2a: Zygarde|Fairy\n|move|p2a: Zygarde|Dragon Dance|p2a: Zygarde\n|-boost|p2a: Zygarde|atk|1\n|-boost|p2a: Zygarde|spe|1\n|move|p1a: Rillaboom|Wood Hammer|p2a: Zygarde\n|-damage|p2a: Zygarde|3\/100\n|-damage|p1a: Rillaboom|67\/100|[from] Recoil\n|\n|-heal|p2a: Zygarde|9\/100|[from] Grassy Terrain\n|-heal|p2a: Zygarde|15\/100|[from] item: Leftovers\n|-heal|p1a: Rillaboom|73\/100|[from] Grassy Terrain\n|-activate|p2a: Zygarde|ability: Power Construct\n|detailschange|p2a: Zygarde|Zygarde-Complete, shiny, tera:Fairy\n|-heal|p2a: Zygarde|47\/100|[silent]\n|upkeep\n|turn|2\n|\n|t:|1700410796\n|move|p2a: Zygarde|Thousand Waves|p1a: Rillaboom\n|-resisted|p1a: Rillaboom\n|-damage|p1a: Rillaboom|36\/100\n|-activate|p1a: Rillaboom|trapped\n|move|p1a: Rillaboom|Wood Hammer|p2a: Zygarde\n|-damage|p2a: Zygarde|0 fnt\n|faint|p2a: Zygarde\n|-damage|p1a: Rillaboom|10\/100|[from] Recoil\n|\n|-heal|p1a: Rillaboom|17\/100|[from] Grassy Terrain\n|upkeep\n|\n|t:|1700410809\n|switch|p2a: Iron Bundle|Iron Bundle|100\/100\n|turn|3\n|\n|t:|1700410826\n|switch|p1a: Toxapex|Toxapex, M|100\/100\n|move|p2a: Iron Bundle|Freeze-Dry|p1a: Toxapex\n|-supereffective|p1a: Toxapex\n|-damage|p1a: Toxapex|41\/100\n|\n|-heal|p1a: Toxapex|47\/100|[from] Grassy Terrain\n|upkeep\n|turn|4\n|\n|t:|1700410843\n|move|p2a: Iron Bundle|Taunt|p1a: Toxapex\n|-start|p1a: Toxapex|move: Taunt\n|cant|p1a: Toxapex|move: Taunt|Recover\n|\n|-heal|p1a: Toxapex|53\/100|[from] Grassy Terrain\n|upkeep\n|turn|5\n|\n|t:|1700410851\n|switch|p1a: Rillaboom|Rillaboom, M|17\/100\n|move|p2a: Iron Bundle|Freeze-Dry|p1a: Rillaboom\n|-supereffective|p1a: Rillaboom\n|-damage|p1a: Rillaboom|0 fnt\n|faint|p1a: Rillaboom\n|\n|-fieldend|move: Grassy Terrain\n|upkeep\n|\n|t:|1700410858\n|switch|p1a: Raichu|Raichu, F|100\/100\n|turn|6\n|\n|t:|1700410866\n|move|p2a: Iron Bundle|Freeze-Dry|p1a: Raichu\n|-damage|p1a: Raichu|43\/100\n|move|p1a: Raichu|Thunderbolt|p2a: Iron Bundle\n|-supereffective|p2a: Iron Bundle\n|-damage|p2a: Iron Bundle|0 fnt\n|faint|p2a: Iron Bundle\n|-end|p2a: Iron Bundle|Quark Drive|[silent]\n|-damage|p1a: Raichu|33\/100|[from] item: Life Orb\n|\n|upkeep\n|\n|t:|1700410875\n|switch|p2a: Chien-Pao|Chien-Pao|100\/100\n|-ability|p2a: Chien-Pao|Sword of Ruin\n|turn|7\n|\n|t:|1700410884\n|switch|p1a: Toxapex|Toxapex, M|86\/100\n|move|p2a: Chien-Pao|Crunch|p1a: Toxapex\n|-damage|p1a: Toxapex|57\/100\n|-unboost|p1a: Toxapex|def|1\n|-damage|p2a: Chien-Pao|84\/100|[from] item: Rocky Helmet|[of] p1a: Toxapex\n|\n|upkeep\n|turn|8\n|\n|t:|1700410893\n|move|p2a: Chien-Pao|Icicle Crash|p1a: Toxapex\n|-resisted|p1a: Toxapex\n|-damage|p1a: Toxapex|31\/100\n|cant|p1a: Toxapex|flinch\n|\n|upkeep\n|turn|9\n|\n|t:|1700410905\n|switch|p1a: Raichu|Raichu, F|33\/100\n|move|p2a: Chien-Pao|Icicle Crash|p1a: Raichu\n|-damage|p1a: Raichu|0 fnt\n|faint|p1a: Raichu\n|\n|upkeep\n|\n|t:|1700410908\n|switch|p1a: Toxapex|Toxapex, M|64\/100\n|turn|10\n|\n|t:|1700410916\n|move|p2a: Chien-Pao|Icicle Crash|p1a: Toxapex\n|-resisted|p1a: Toxapex\n|-damage|p1a: Toxapex|46\/100\n|move|p1a: Toxapex|Toxic Spikes|p2a: Chien-Pao\n|-sidestart|p2: zoxin55|move: Toxic Spikes\n|\n|upkeep\n|turn|11\n|\n|t:|1700410923\n|move|p2a: Chien-Pao|Icicle Crash|p1a: Toxapex\n|-resisted|p1a: Toxapex\n|-damage|p1a: Toxapex|29\/100\n|move|p1a: Toxapex|Recover|p1a: Toxapex\n|-heal|p1a: Toxapex|79\/100\n|\n|upkeep\n|turn|12\n|\n|t:|1700410930\n|move|p2a: Chien-Pao|Crunch|p1a: Toxapex\n|-damage|p1a: Toxapex|48\/100\n|-damage|p2a: Chien-Pao|67\/100|[from] item: Rocky Helmet|[of] p1a: Toxapex\n|move|p1a: Toxapex|Toxic Spikes|p2a: Chien-Pao\n|-sidestart|p2: zoxin55|move: Toxic Spikes\n|\n|upkeep\n|turn|13\n|\n|t:|1700410937\n|move|p2a: Chien-Pao|Crunch|p1a: Toxapex\n|-damage|p1a: Toxapex|16\/100\n|-damage|p2a: Chien-Pao|51\/100|[from] item: Rocky Helmet|[of] p1a: Toxapex\n|move|p1a: Toxapex|Recover|p1a: Toxapex\n|-heal|p1a: Toxapex|66\/100\n|\n|upkeep\n|turn|14\n|\n|t:|1700410944\n|move|p2a: Chien-Pao|Crunch|p1a: Toxapex\n|-crit|p1a: Toxapex\n|-damage|p1a: Toxapex|19\/100\n|-damage|p2a: Chien-Pao|34\/100|[from] item: Rocky Helmet|[of] p1a: Toxapex\n|move|p1a: Toxapex|Recover|p1a: Toxapex\n|-heal|p1a: Toxapex|69\/100\n|\n|upkeep\n|turn|15\n|\n|t:|1700410955\n|move|p2a: Chien-Pao|Crunch|p1a: Toxapex\n|-damage|p1a: Toxapex|39\/100\n|-damage|p2a: Chien-Pao|17\/100|[from] item: Rocky Helmet|[of] p1a: Toxapex\n|move|p1a: Toxapex|Toxic|p2a: Chien-Pao\n|-status|p2a: Chien-Pao|tox\n|\n|-damage|p2a: Chien-Pao|11\/100 tox|[from] psn\n|upkeep\n|turn|16\n|n|!zoxin55|zoxin55\n|\n|t:|1700410980\n|move|p2a: Chien-Pao|Sacred Sword|p1a: Toxapex\n|-resisted|p1a: Toxapex\n|-damage|p1a: Toxapex|28\/100\n|-damage|p2a: Chien-Pao|0 fnt|[from] item: Rocky Helmet|[of] p1a: Toxapex\n|faint|p2a: Chien-Pao\n|move|p1a: Toxapex|Recover|p1a: Toxapex\n|-heal|p1a: Toxapex|78\/100\n|\n|upkeep\n|-message|zoxin55 forfeited.\n|\n|win|If You Will Win\n|raw|If You Will Win's rating: 1040 &rarr; <strong>1084<\/strong><br \/>(+44 for winning)\n|raw|zoxin55's rating: 1143 &rarr; <strong>1111<\/strong><br \/>(-32 for losing)\n|l|!zoxin55\n","uploadtime":1700410968,"views":4,"p1id":"ifyouwillwin","p2id":"zoxin55","formatid":"gen9nationaldexubers","rating":1084,"private":0,"password":""}