{"id":"gen9nationaldexubers-1987966611","p1":"tuuma","p2":"99% lose rate","format":"[Gen 9] National Dex Ubers","log":"|j|\u2606tuuma\n|j|\u260699% lose rate\n|t:|1699654038\n|gametype|singles\n|player|p1|tuuma|2|1323\n|player|p2|99% lose rate|giovanni|1287\n|teamsize|p1|6\n|teamsize|p2|6\n|gen|9\n|tier|[Gen 9] National Dex Ubers\n|rated|\n|rule|HP Percentage Mod: HP is shown in percentages\n|rule|Endless Battle Clause: Forcing endless battles is banned\n|rule|OHKO Clause: OHKO moves are banned\n|rule|Evasion Moves Clause: Evasion moves are banned\n|rule|Evasion Items Clause: Evasion items are banned\n|rule|Species Clause: Limit one of each Pok\u00e9mon\n|rule|Sleep Clause Mod: Limit one foe put to sleep\n|rule|Mega Rayquaza Clause: You cannot mega evolve Rayquaza\n|clearpoke\n|poke|p1|Marshadow|\n|poke|p1|Shaymin-Sky|\n|poke|p1|Regieleki|\n|poke|p1|Tapu Koko|\n|poke|p1|Sandy Shocks|\n|poke|p1|Banette, M|\n|poke|p2|Slowbro, F|\n|poke|p2|Exeggutor-Alola, F|\n|poke|p2|Tapu Lele|\n|poke|p2|Scizor, F|\n|poke|p2|Lugia|\n|poke|p2|Delphox, M|\n|teampreview\n|inactive|Battle timer is ON: inactive players will automatically lose when time's up. (requested by tuuma)\n|\n|t:|1699654049\n|start\n|switch|p1a: Shaymin|Shaymin-Sky|100\/100\n|switch|p2a: Grass Psychic|Exeggutor-Alola, F|100\/100\n|turn|1\n|\n|t:|1699654054\n|move|p1a: Shaymin|Substitute|p1a: Shaymin\n|-start|p1a: Shaymin|Substitute\n|-damage|p1a: Shaymin|76\/100\n|move|p2a: Grass Psychic|Trick Room|p2a: Grass Psychic\n|-fieldstart|move: Trick Room|[of] p2a: Grass Psychic\n|\n|-heal|p1a: Shaymin|82\/100|[from] item: Leftovers\n|upkeep\n|turn|2\n|\n|t:|1699654060\n|move|p2a: Grass Psychic|Draco Meteor|p1a: Shaymin\n|-end|p1a: Shaymin|Substitute\n|-unboost|p2a: Grass Psychic|spa|2\n|move|p1a: Shaymin|Air Slash|p2a: Grass Psychic\n|-supereffective|p2a: Grass Psychic\n|-damage|p2a: Grass Psychic|33\/100\n|-enditem|p2a: Grass Psychic|Sitrus Berry|[eat]\n|-heal|p2a: Grass Psychic|58\/100|[from] item: Sitrus Berry\n|\n|-heal|p1a: Shaymin|88\/100|[from] item: Leftovers\n|upkeep\n|turn|3\n|\n|t:|1699654068\n|move|p1a: Shaymin|Protect|p1a: Shaymin\n|-singleturn|p1a: Shaymin|Protect\n|move|p2a: Grass Psychic|Teleport|p2a: Grass Psychic\n|\n|t:|1699654082\n|switch|p2a: ScarfFox|Delphox, M|100\/100|[from] Teleport\n|\n|-heal|p1a: Shaymin|94\/100|[from] item: Leftovers\n|upkeep\n|turn|4\n|\n|t:|1699654087\n|-terastallize|p1a: Shaymin|Water\n|move|p2a: ScarfFox|Heat Wave|p1a: Shaymin\n|-resisted|p1a: Shaymin\n|-damage|p1a: Shaymin|55\/100\n|move|p1a: Shaymin|Leech Seed|p2a: ScarfFox\n|-start|p2a: ScarfFox|move: Leech Seed\n|\n|-heal|p1a: Shaymin|61\/100|[from] item: Leftovers\n|-damage|p2a: ScarfFox|88\/100|[from] Leech Seed|[of] p1a: Shaymin\n|-heal|p1a: Shaymin|70\/100|[silent]\n|upkeep\n|turn|5\n|\n|t:|1699654095\n|switch|p2a: Grass Psychic|Exeggutor-Alola, F|58\/100\n|move|p1a: Shaymin|Protect||[still]\n|-fail|p1a: Shaymin\n|\n|-heal|p1a: Shaymin|76\/100|[from] item: Leftovers\n|-fieldend|move: Trick Room\n|-item|p2a: Grass Psychic|Sitrus Berry|[from] ability: Harvest\n|upkeep\n|turn|6\n|\n|t:|1699654100\n|move|p1a: Shaymin|Air Slash|p2a: Grass Psychic\n|-supereffective|p2a: Grass Psychic\n|-damage|p2a: Grass Psychic|0 fnt\n|faint|p2a: Grass Psychic\n|\n|-heal|p1a: Shaymin|82\/100|[from] item: Leftovers\n|upkeep\n|\n|t:|1699654105\n|switch|p2a: Specs Lele|Tapu Lele|100\/100\n|-fieldstart|move: Psychic Terrain|[from] ability: Psychic Surge|[of] p2a: Specs Lele\n|turn|7\n|\n|t:|1699654109\n|move|p2a: Specs Lele|Thunderbolt|p1a: Shaymin\n|-supereffective|p1a: Shaymin\n|-damage|p1a: Shaymin|15\/100\n|move|p1a: Shaymin|Air Slash|p2a: Specs Lele\n|-damage|p2a: Specs Lele|70\/100\n|\n|-heal|p1a: Shaymin|21\/100|[from] item: Leftovers\n|upkeep\n|turn|8\n|\n|t:|1699654113\n|move|p1a: Shaymin|Protect|p1a: Shaymin\n|-singleturn|p1a: Shaymin|Protect\n|move|p2a: Specs Lele|Thunderbolt|p1a: Shaymin\n|-activate|p1a: Shaymin|move: Protect\n|\n|-heal|p1a: Shaymin|27\/100|[from] item: Leftovers\n|upkeep\n|turn|9\n|\n|t:|1699654116\n|switch|p1a: Sandy Shocks|Sandy Shocks|100\/100\n|-enditem|p1a: Sandy Shocks|Booster Energy\n|-activate|p1a: Sandy Shocks|ability: Protosynthesis|[fromitem]\n|-start|p1a: Sandy Shocks|protosynthesisspa\n|move|p2a: Specs Lele|Thunderbolt|p1a: Sandy Shocks\n|-immune|p1a: Sandy Shocks\n|\n|upkeep\n|turn|10\n|\n|t:|1699654125\n|switch|p2a: Not weak to Fire|Scizor, F|100\/100\n|move|p1a: Sandy Shocks|Thunder|p2a: Not weak to Fire|[miss]\n|-miss|p1a: Sandy Shocks|p2a: Not weak to Fire\n|\n|upkeep\n|turn|11\n|\n|t:|1699654136\n|detailschange|p2a: Not weak to Fire|Scizor-Mega, F\n|-mega|p2a: Not weak to Fire|Scizor|Scizorite\n|move|p1a: Sandy Shocks|Stealth Rock|p2a: Not weak to Fire\n|-sidestart|p2: 99% lose rate|move: Stealth Rock\n|move|p2a: Not weak to Fire|U-turn|p1a: Sandy Shocks\n|-damage|p1a: Sandy Shocks|54\/100\n|\n|t:|1699654147\n|switch|p2a: Specs Lele|Tapu Lele|70\/100|[from] U-turn\n|-damage|p2a: Specs Lele|57\/100|[from] Stealth Rock\n|\n|-fieldend|move: Psychic Terrain\n|upkeep\n|turn|12\n|\n|t:|1699654157\n|-end|p1a: Sandy Shocks|Protosynthesis|[silent]\n|switch|p1a: Shaymin|Shaymin-Sky, tera:Water|27\/100\n|move|p2a: Specs Lele|Psyshock|p1a: Shaymin\n|-damage|p1a: Shaymin|0 fnt\n|faint|p1a: Shaymin\n|\n|upkeep\n|\n|t:|1699654164\n|switch|p1a: Regieleki|Regieleki, shiny|100\/100\n|turn|13\n|\n|t:|1699654174\n|move|p1a: Regieleki|Thunder Cage|p2a: Specs Lele\n|-damage|p2a: Specs Lele|5\/100\n|-activate|p2a: Specs Lele|move: Thunder Cage|[of] p1a: Regieleki\n|move|p2a: Specs Lele|Psyshock|p1a: Regieleki\n|-damage|p1a: Regieleki|20\/100\n|\n|-damage|p2a: Specs Lele|0 fnt|[from] move: Thunder Cage|[partiallytrapped]\n|faint|p2a: Specs Lele\n|upkeep\n|\n|t:|1699654178\n|switch|p2a: Not weak to Fire|Scizor-Mega, F|100\/100\n|-damage|p2a: Not weak to Fire|88\/100|[from] Stealth Rock\n|turn|14\n|\n|t:|1699654183\n|switch|p1a: Sandy Shocks|Sandy Shocks|54\/100\n|move|p2a: Not weak to Fire|Bullet Punch|p1a: Sandy Shocks\n|-resisted|p1a: Sandy Shocks\n|-damage|p1a: Sandy Shocks|33\/100\n|\n|upkeep\n|turn|15\n|\n|t:|1699654190\n|move|p1a: Sandy Shocks|Thunder|p2a: Not weak to Fire|[miss]\n|-miss|p1a: Sandy Shocks|p2a: Not weak to Fire\n|move|p2a: Not weak to Fire|U-turn|p1a: Sandy Shocks\n|-damage|p1a: Sandy Shocks|0 fnt\n|faint|p1a: Sandy Shocks\n|-end|p1a: Sandy Shocks|Protosynthesis|[silent]\n|\n|t:|1699654202\n|switch|p2a: Fungia|Lugia|100\/100|[from] U-turn\n|-damage|p2a: Fungia|75\/100|[from] Stealth Rock\n|\n|-heal|p2a: Fungia|82\/100|[from] item: Leftovers\n|upkeep\n|\n|t:|1699654207\n|switch|p1a: Tapu Koko|Tapu Koko|100\/100\n|-fieldstart|move: Electric Terrain|[from] ability: Electric Surge|[of] p1a: Tapu Koko\n|turn|16\n|\n|t:|1699654214\n|move|p1a: Tapu Koko|Thunder|p2a: Fungia\n|-supereffective|p2a: Fungia\n|-damage|p2a: Fungia|15\/100\n|move|p2a: Fungia|Defog|p1a: Tapu Koko\n|-unboost|p1a: Tapu Koko|evasion|1\n|-sideend|p2: 99% lose rate|Stealth Rock|[from] move: Defog|[of] p2a: Fungia\n|-fieldend|move: Electric Terrain\n|\n|-heal|p2a: Fungia|22\/100|[from] item: Leftovers\n|upkeep\n|turn|17\n|\n|t:|1699654228\n|move|p1a: Tapu Koko|Volt Switch|p2a: Fungia\n|-supereffective|p2a: Fungia\n|-damage|p2a: Fungia|0 fnt\n|faint|p2a: Fungia\n|\n|t:|1699654231\n|switch|p1a: Banette|Banette, M|100\/100|[from] Volt Switch\n|\n|upkeep\n|\n|t:|1699654251\n|switch|p2a: Funbro|Slowbro, F|100\/100\n|turn|18\n|\n|t:|1699654254\n|detailschange|p1a: Banette|Banette-Mega, M\n|-mega|p1a: Banette|Banette|Banettite\n|move|p1a: Banette|Taunt|p2a: Funbro\n|-start|p2a: Funbro|move: Taunt\n|move|p2a: Funbro|Scald|p1a: Banette\n|-damage|p1a: Banette|60\/100\n|\n|upkeep\n|turn|19\n|\n|t:|1699654262\n|move|p1a: Banette|Poltergeist|p2a: Funbro\n|-activate|p2a: Funbro|move: Poltergeist|Leftovers\n|-supereffective|p2a: Funbro\n|-damage|p2a: Funbro|15\/100\n|move|p2a: Funbro|Psyshock|p1a: Banette\n|-damage|p1a: Banette|19\/100\n|\n|-heal|p2a: Funbro|21\/100|[from] item: Leftovers\n|upkeep\n|turn|20\n|\n|t:|1699654271\n|switch|p2a: ScarfFox|Delphox, M|88\/100\n|move|p1a: Banette|Poltergeist|p2a: ScarfFox\n|-activate|p2a: ScarfFox|move: Poltergeist|Choice Specs\n|-supereffective|p2a: ScarfFox\n|-damage|p2a: ScarfFox|0 fnt\n|faint|p2a: ScarfFox\n|\n|upkeep\n|\n|t:|1699654274\n|switch|p2a: Not weak to Fire|Scizor-Mega, F|88\/100\n|turn|21\n|\n|t:|1699654276\n|move|p1a: Banette|Destiny Bond|p1a: Banette\n|-singlemove|p1a: Banette|Destiny Bond\n|move|p2a: Not weak to Fire|Swords Dance|p2a: Not weak to Fire\n|-boost|p2a: Not weak to Fire|atk|2\n|\n|upkeep\n|turn|22\n|\n|t:|1699654281\n|move|p1a: Banette|Encore|p2a: Not weak to Fire\n|-start|p2a: Not weak to Fire|Encore\n|move|p2a: Not weak to Fire|Swords Dance|p2a: Not weak to Fire\n|-boost|p2a: Not weak to Fire|atk|2\n|\n|upkeep\n|turn|23\n|\n|t:|1699654284\n|switch|p2a: Funbro|Slowbro, F|54\/100\n|move|p1a: Banette|Poltergeist|p2a: Funbro|[miss]\n|-miss|p1a: Banette|p2a: Funbro\n|\n|-heal|p2a: Funbro|60\/100|[from] item: Leftovers\n|upkeep\n|turn|24\n|\n|t:|1699654289\n|-terastallize|p2a: Funbro|Grass\n|move|p1a: Banette|Poltergeist|p2a: Funbro\n|-activate|p2a: Funbro|move: Poltergeist|Leftovers\n|-damage|p2a: Funbro|18\/100\n|move|p2a: Funbro|Slack Off|p2a: Funbro\n|-heal|p2a: Funbro|68\/100\n|\n|-heal|p2a: Funbro|74\/100|[from] item: Leftovers\n|upkeep\n|turn|25\n|\n|t:|1699654298\n|move|p1a: Banette|Taunt|p2a: Funbro\n|-start|p2a: Funbro|move: Taunt\n|cant|p2a: Funbro|move: Taunt|Calm Mind\n|\n|-heal|p2a: Funbro|80\/100|[from] item: Leftovers\n|upkeep\n|turn|26\n|\n|t:|1699654305\n|move|p1a: Banette|Poltergeist|p2a: Funbro|[miss]\n|-miss|p1a: Banette|p2a: Funbro\n|move|p2a: Funbro|Scald|p1a: Banette\n|-damage|p1a: Banette|0 fnt\n|faint|p1a: Banette\n|\n|-heal|p2a: Funbro|87\/100|[from] item: Leftovers\n|upkeep\n|\n|t:|1699654313\n|switch|p1a: Tapu Koko|Tapu Koko|100\/100\n|-fieldstart|move: Electric Terrain|[from] ability: Electric Surge|[of] p1a: Tapu Koko\n|turn|27\n|\n|t:|1699654319\n|move|p1a: Tapu Koko|Nature's Madness|p2a: Funbro\n|-damage|p2a: Funbro|44\/100\n|move|p2a: Funbro|Psyshock|p1a: Tapu Koko\n|-damage|p1a: Tapu Koko|63\/100\n|\n|-heal|p2a: Funbro|50\/100|[from] item: Leftovers\n|-end|p2a: Funbro|move: Taunt\n|upkeep\n|turn|28\n|\n|t:|1699654324\n|move|p1a: Tapu Koko|Thunder|p2a: Funbro\n|-resisted|p2a: Funbro\n|-damage|p2a: Funbro|18\/100\n|-status|p2a: Funbro|par\n|move|p2a: Funbro|Calm Mind|p2a: Funbro\n|-boost|p2a: Funbro|spa|1\n|-boost|p2a: Funbro|spd|1\n|\n|-heal|p2a: Funbro|24\/100 par|[from] item: Leftovers\n|upkeep\n|turn|29\n|\n|t:|1699654332\n|move|p1a: Tapu Koko|Thunder|p2a: Funbro\n|-resisted|p2a: Funbro\n|-damage|p2a: Funbro|4\/100 par\n|move|p2a: Funbro|Slack Off|p2a: Funbro\n|-heal|p2a: Funbro|54\/100 par\n|\n|-heal|p2a: Funbro|60\/100 par|[from] item: Leftovers\n|upkeep\n|turn|30\n|\n|t:|1699654338\n|move|p1a: Tapu Koko|Nature's Madness|p2a: Funbro\n|-damage|p2a: Funbro|30\/100 par\n|move|p2a: Funbro|Slack Off|p2a: Funbro\n|-heal|p2a: Funbro|80\/100 par\n|\n|-heal|p2a: Funbro|86\/100 par|[from] item: Leftovers\n|upkeep\n|turn|31\n|\n|t:|1699654343\n|move|p1a: Tapu Koko|Nature's Madness|p2a: Funbro|[miss]\n|-miss|p1a: Tapu Koko|p2a: Funbro\n|move|p2a: Funbro|Psyshock|p1a: Tapu Koko\n|-damage|p1a: Tapu Koko|9\/100\n|\n|-heal|p2a: Funbro|92\/100 par|[from] item: Leftovers\n|upkeep\n|turn|32\n|\n|t:|1699654348\n|move|p1a: Tapu Koko|Thunder|p2a: Funbro\n|-resisted|p2a: Funbro\n|-damage|p2a: Funbro|71\/100 par\n|move|p2a: Funbro|Calm Mind|p2a: Funbro\n|-boost|p2a: Funbro|spa|1\n|-boost|p2a: Funbro|spd|1\n|\n|-heal|p2a: Funbro|77\/100 par|[from] item: Leftovers\n|upkeep\n|turn|33\n|\n|t:|1699654352\n|move|p1a: Tapu Koko|Nature's Madness|p2a: Funbro\n|-damage|p2a: Funbro|39\/100 par\n|cant|p2a: Funbro|par\n|\n|-heal|p2a: Funbro|45\/100 par|[from] item: Leftovers\n|upkeep\n|turn|34\n|\n|t:|1699654357\n|move|p1a: Tapu Koko|Nature's Madness|p2a: Funbro\n|-damage|p2a: Funbro|23\/100 par\n|move|p2a: Funbro|Slack Off|p2a: Funbro\n|-heal|p2a: Funbro|73\/100 par\n|\n|-heal|p2a: Funbro|79\/100 par|[from] item: Leftovers\n|-fieldend|move: Electric Terrain\n|upkeep\n|turn|35\n|\n|t:|1699654361\n|move|p1a: Tapu Koko|Nature's Madness|p2a: Funbro\n|-damage|p2a: Funbro|40\/100 par\n|move|p2a: Funbro|Psyshock|p1a: Tapu Koko\n|-damage|p1a: Tapu Koko|0 fnt\n|faint|p1a: Tapu Koko\n|\n|-heal|p2a: Funbro|46\/100 par|[from] item: Leftovers\n|upkeep\n|\n|t:|1699654365\n|switch|p1a: Marshadow|Marshadow|100\/100\n|turn|36\n|\n|t:|1699654367\n|switch|p2a: Not weak to Fire|Scizor-Mega, F|88\/100\n|move|p1a: Marshadow|Ice Punch|p2a: Not weak to Fire\n|-resisted|p2a: Not weak to Fire\n|-damage|p2a: Not weak to Fire|78\/100\n|\n|upkeep\n|turn|37\n|\n|t:|1699654374\n|move|p1a: Marshadow|Close Combat|p2a: Not weak to Fire\n|-damage|p2a: Not weak to Fire|31\/100\n|-unboost|p1a: Marshadow|def|1\n|-unboost|p1a: Marshadow|spd|1\n|move|p2a: Not weak to Fire|Dual Wingbeat|p1a: Marshadow\n|-supereffective|p1a: Marshadow\n|-damage|p1a: Marshadow|1\/100\n|-supereffective|p1a: Marshadow\n|-damage|p1a: Marshadow|0 fnt\n|faint|p1a: Marshadow\n|-hitcount|p1: Marshadow|2\n|\n|upkeep\n|\n|t:|1699654379\n|switch|p1a: Regieleki|Regieleki, shiny|20\/100\n|turn|38\n|\n|t:|1699654381\n|move|p2a: Not weak to Fire|Bullet Punch|p1a: Regieleki\n|-resisted|p1a: Regieleki\n|-damage|p1a: Regieleki|0 fnt\n|faint|p1a: Regieleki\n|\n|win|99% lose rate\n|raw|tuuma's rating: 1323 &rarr; <strong>1301<\/strong><br \/>(-22 for losing)\n|raw|99% lose rate's rating: 1287 &rarr; <strong>1315<\/strong><br \/>(+28 for winning)\n|l|\u2606tuuma\n","uploadtime":1699654395,"views":4,"p1id":"tuuma","p2id":"99loserate","formatid":"gen9nationaldexubers","rating":1301,"private":0,"password":""}