{"id":"gen9nationaldexubers-1990822841","p1":"Bruh338927","p2":"Paikan","format":"[Gen 9] National Dex Ubers","log":"|j|\u2606Bruh338927\n|j|\u2606Paikan\n|t:|1700004446\n|gametype|singles\n|player|p1|Bruh338927|chuck|1258\n|player|p2|Paikan|benga|1190\n|teamsize|p1|6\n|teamsize|p2|6\n|gen|9\n|tier|[Gen 9] National Dex Ubers\n|rated|\n|rule|HP Percentage Mod: HP is shown in percentages\n|rule|Endless Battle Clause: Forcing endless battles is banned\n|rule|OHKO Clause: OHKO moves are banned\n|rule|Evasion Moves Clause: Evasion moves are banned\n|rule|Evasion Items Clause: Evasion items are banned\n|rule|Species Clause: Limit one of each Pok\u00e9mon\n|rule|Sleep Clause Mod: Limit one foe put to sleep\n|rule|Mega Rayquaza Clause: You cannot mega evolve Rayquaza\n|clearpoke\n|poke|p1|Shaymin-Sky|\n|poke|p1|Groudon|\n|poke|p1|Kyogre|\n|poke|p1|Grimmsnarl, M|\n|poke|p1|Zapdos|\n|poke|p1|Jirachi|\n|poke|p2|Haxorus, F|\n|poke|p2|Ninetales-Alola, F|\n|poke|p2|Zeraora|\n|poke|p2|Volcarona, M|\n|poke|p2|Landorus-Therian, M|\n|poke|p2|Annihilape, M|\n|teampreview\n|inactive|Battle timer is ON: inactive players will automatically lose when time's up. (requested by Bruh338927)\n|\n|t:|1700004461\n|start\n|switch|p1a: Grimmsnarl|Grimmsnarl, M|100\/100\n|switch|p2a: Landorus|Landorus-Therian, M|100\/100\n|-ability|p2a: Landorus|Intimidate|boost\n|-unboost|p1a: Grimmsnarl|atk|1\n|turn|1\n|\n|t:|1700004471\n|move|p1a: Grimmsnarl|Parting Shot|p2a: Landorus\n|-unboost|p2a: Landorus|atk|1\n|-unboost|p2a: Landorus|spa|1\n|\n|t:|1700004480\n|switch|p1a: Kyogre|Kyogre|100\/100|[from] Parting Shot\n|detailschange|p1a: Kyogre|Kyogre-Primal\n|-primal|p1a: Kyogre|Blue Orb\n|-weather|PrimordialSea|[from] ability: Primordial Sea|[of] p1a: Kyogre\n|move|p2a: Landorus|Knock Off|p1a: Kyogre\n|-damage|p1a: Kyogre|82\/100\n|\n|-weather|PrimordialSea|[upkeep]\n|upkeep\n|turn|2\n|\n|t:|1700004496\n|switch|p2a: Zeraora|Zeraora|100\/100\n|move|p1a: Kyogre|Origin Pulse|p2a: Zeraora\n|-damage|p2a: Zeraora|0 fnt\n|faint|p2a: Zeraora\n|\n|-weather|PrimordialSea|[upkeep]\n|upkeep\n|\n|t:|1700004509\n|switch|p2a: Annihilape|Annihilape, M|100\/100\n|turn|3\n|\n|t:|1700004513\n|move|p1a: Kyogre|Thunder Wave|p2a: Annihilape\n|-status|p2a: Annihilape|par\n|move|p2a: Annihilape|Bulk Up|p2a: Annihilape\n|-boost|p2a: Annihilape|atk|1\n|-boost|p2a: Annihilape|def|1\n|\n|-weather|PrimordialSea|[upkeep]\n|upkeep\n|turn|4\n|\n|t:|1700004524\n|-weather|none\n|switch|p1a: Grimmsnarl|Grimmsnarl, M|100\/100\n|move|p2a: Annihilape|Rage Fist|p1a: Grimmsnarl\n|-resisted|p1a: Grimmsnarl\n|-damage|p1a: Grimmsnarl|82\/100\n|\n|-heal|p1a: Grimmsnarl|88\/100|[from] item: Leftovers\n|upkeep\n|turn|5\n|\n|t:|1700004539\n|move|p1a: Grimmsnarl|Taunt|p2a: Annihilape\n|-start|p2a: Annihilape|move: Taunt\n|cant|p2a: Annihilape|move: Taunt|Bulk Up\n|\n|-heal|p1a: Grimmsnarl|94\/100|[from] item: Leftovers\n|upkeep\n|turn|6\n|\n|t:|1700004544\n|move|p1a: Grimmsnarl|Parting Shot|p2a: Annihilape\n|-unboost|p2a: Annihilape|atk|1\n|-ability|p2a: Annihilape|Defiant|boost\n|-boost|p2a: Annihilape|atk|2\n|-unboost|p2a: Annihilape|spa|1\n|-ability|p2a: Annihilape|Defiant|boost\n|-boost|p2a: Annihilape|atk|2\n|\n|t:|1700004551\n|switch|p1a: Shaymin|Shaymin-Sky|100\/100|[from] Parting Shot\n|move|p2a: Annihilape|Drain Punch|p1a: Shaymin\n|-resisted|p1a: Shaymin\n|-damage|p1a: Shaymin|36\/100\n|\n|upkeep\n|turn|7\n|\n|t:|1700004568\n|move|p1a: Shaymin|Air Slash|p2a: Annihilape\n|-supereffective|p2a: Annihilape\n|-damage|p2a: Annihilape|50\/100 par\n|move|p2a: Annihilape|Rage Fist|p1a: Shaymin\n|-damage|p1a: Shaymin|0 fnt\n|faint|p1a: Shaymin\n|\n|-end|p2a: Annihilape|move: Taunt\n|upkeep\n|\n|t:|1700004573\n|switch|p1a: Jirachi|Jirachi|100\/100\n|turn|8\n|\n|t:|1700004581\n|move|p1a: Jirachi|Zen Headbutt|p2a: Annihilape\n|-supereffective|p2a: Annihilape\n|-damage|p2a: Annihilape|2\/100 par\n|move|p2a: Annihilape|Rest|p2a: Annihilape\n|-status|p2a: Annihilape|slp|[from] move: Rest\n|-heal|p2a: Annihilape|100\/100 slp|[silent]\n|-enditem|p2a: Annihilape|Chesto Berry|[eat]\n|-curestatus|p2a: Annihilape|slp|[msg]\n|\n|upkeep\n|turn|9\n|\n|t:|1700004594\n|switch|p1a: Zapdos|Zapdos|100\/100\n|move|p2a: Annihilape|Rage Fist|p1a: Zapdos\n|-damage|p1a: Zapdos|0 fnt\n|-status|p2a: Annihilape|par|[from] ability: Static|[of] p1a: Zapdos\n|faint|p1a: Zapdos\n|\n|upkeep\n|\n|t:|1700004600\n|switch|p1a: Jirachi|Jirachi|100\/100\n|turn|10\n|\n|t:|1700004606\n|move|p1a: Jirachi|Zen Headbutt|p2a: Annihilape\n|-supereffective|p2a: Annihilape\n|-crit|p2a: Annihilape\n|-damage|p2a: Annihilape|0 fnt\n|faint|p2a: Annihilape\n|\n|upkeep\n|\n|t:|1700004619\n|switch|p2a: Landorus|Landorus-Therian, M|100\/100\n|-ability|p2a: Landorus|Intimidate|boost\n|-unboost|p1a: Jirachi|atk|1\n|turn|11\n|\n|t:|1700004625\n|switch|p1a: Grimmsnarl|Grimmsnarl, M|94\/100\n|move|p2a: Landorus|Stealth Rock|p1a: Grimmsnarl\n|-sidestart|p1: Bruh338927|move: Stealth Rock\n|\n|-heal|p1a: Grimmsnarl|99\/100|[from] item: Leftovers\n|upkeep\n|turn|12\n|inactive|Paikan has 120 seconds left.\n|inactive|Paikan has 90 seconds left.\n|\n|t:|1700004688\n|move|p1a: Grimmsnarl|Parting Shot|p2a: Landorus\n|-unboost|p2a: Landorus|atk|1\n|-unboost|p2a: Landorus|spa|1\n|\n|t:|1700004699\n|switch|p1a: Kyogre|Kyogre-Primal|82\/100|[from] Parting Shot\n|-damage|p1a: Kyogre|70\/100|[from] Stealth Rock\n|-weather|PrimordialSea|[from] ability: Primordial Sea|[of] p1a: Kyogre\n|move|p2a: Landorus|Knock Off|p1a: Kyogre\n|-damage|p1a: Kyogre|52\/100\n|\n|-weather|PrimordialSea|[upkeep]\n|upkeep\n|turn|13\n|inactive|Paikan has 90 seconds left.\n|inactive|Paikan has 60 seconds left.\n|inactive|Bruh338927 has 120 seconds left.\n|l|\u2606Bruh338927\n|inactive|Bruh338927 disconnected and has a minute to reconnect!\n|player|p1|\n|inactive|Paikan has 30 seconds left.\n|inactive|Paikan has 20 seconds left.\n|inactive|Paikan has 15 seconds left.\n|inactive|Bruh338927 has 30 seconds to reconnect!\n|inactive|Paikan has 10 seconds left.\n|inactive|Paikan has 5 seconds left.\n|inactive|Bruh338927 has 20 seconds to reconnect!\n|j|\u2606Bruh338927\n|inactive|Bruh338927 reconnected and has 75 seconds left.\n|player|p1|Bruh338927|chuck\n|inactive|Bruh338927 has 60 seconds left.\n|l|\u2606Bruh338927\n|inactive|Bruh338927 disconnected and has a minute to reconnect!\n|player|p1|\n|j|\u2606Bruh338927\n|inactive|Bruh338927 reconnected and has 50 seconds left.\n|player|p1|Bruh338927|chuck\n|inactive|Bruh338927 has 30 seconds left.\n|\n|t:|1700004857\n|switch|p2a: Ninetales|Ninetales-Alola, F|100\/100\n|-ability|p2a: Ninetales|Snow Warning|[from] primordialsea|[fail]\n|move|p1a: Kyogre|Ice Beam|p2a: Ninetales\n|-resisted|p2a: Ninetales\n|-damage|p2a: Ninetales|79\/100\n|\n|-weather|PrimordialSea|[upkeep]\n|upkeep\n|turn|14\n|inactive|Paikan has 15 seconds left this turn.\n|inactive|Bruh338927 has 30 seconds left.\n|inactive|Paikan has 10 seconds left.\n|inactive|Paikan has 5 seconds left.\n|\n|t:|1700004872\n|-weather|none\n|switch|p1a: Grimmsnarl|Grimmsnarl, M|99\/100\n|-damage|p1a: Grimmsnarl|88\/100|[from] Stealth Rock\n|move|p2a: Ninetales|Moonblast|p1a: Grimmsnarl\n|-supereffective|p1a: Grimmsnarl\n|-damage|p1a: Grimmsnarl|40\/100\n|\n|-heal|p1a: Grimmsnarl|46\/100|[from] item: Leftovers\n|upkeep\n|turn|15\n|inactive|Paikan has 15 seconds left this turn.\n|inactive|Bruh338927 has 30 seconds left.\n|inactive|Paikan has 10 seconds left.\n|\n|t:|1700004881\n|switch|p2a: Volcarona|Volcarona, M|100\/100\n|move|p1a: Grimmsnarl|Parting Shot|p2a: Volcarona\n|-unboost|p2a: Volcarona|atk|1\n|-unboost|p2a: Volcarona|spa|1\n|inactive|Paikan has 15 seconds left this turn.\n|inactive|Bruh338927 has 30 seconds left.\n|\n|t:|1700004889\n|switch|p1a: Groudon|Groudon|100\/100|[from] Parting Shot\n|-damage|p1a: Groudon|94\/100|[from] Stealth Rock\n|detailschange|p1a: Groudon|Groudon-Primal\n|-primal|p1a: Groudon|Red Orb\n|-weather|DesolateLand|[from] ability: Desolate Land|[of] p1a: Groudon\n|\n|-weather|DesolateLand|[upkeep]\n|upkeep\n|turn|16\n|inactive|Paikan has 25 seconds left this turn.\n|inactive|Paikan has 20 seconds left.\n|\n|t:|1700004899\n|move|p2a: Volcarona|Flamethrower|p1a: Groudon\n|-resisted|p1a: Groudon\n|-damage|p1a: Groudon|69\/100\n|move|p1a: Groudon|Fire Punch|p2a: Volcarona\n|-damage|p2a: Volcarona|0 fnt\n|faint|p2a: Volcarona\n|\n|-weather|DesolateLand|[upkeep]\n|upkeep\n|inactive|Paikan has 25 seconds left this turn.\n|inactive|Paikan has 20 seconds left.\n|\n|t:|1700004904\n|switch|p2a: Landorus|Landorus-Therian, M|100\/100\n|-ability|p2a: Landorus|Intimidate|boost\n|-unboost|p1a: Groudon|atk|1\n|turn|17\n|inactive|Paikan has 30 seconds left this turn.\n|\n|t:|1700004912\n|move|p2a: Landorus|Earthquake|p1a: Groudon\n|-supereffective|p1a: Groudon\n|-damage|p1a: Groudon|5\/100\n|move|p1a: Groudon|Will-O-Wisp|p2a: Landorus\n|-status|p2a: Landorus|brn\n|\n|-weather|DesolateLand|[upkeep]\n|-damage|p2a: Landorus|95\/100 brn|[from] brn\n|upkeep\n|turn|18\n|\n|t:|1700004922\n|move|p2a: Landorus|Earthquake|p1a: Groudon\n|-supereffective|p1a: Groudon\n|-damage|p1a: Groudon|0 fnt\n|faint|p1a: Groudon\n|-weather|none\n|\n|-damage|p2a: Landorus|89\/100 brn|[from] brn\n|upkeep\n|\n|t:|1700004930\n|switch|p1a: Kyogre|Kyogre-Primal|52\/100\n|-damage|p1a: Kyogre|40\/100|[from] Stealth Rock\n|-weather|PrimordialSea|[from] ability: Primordial Sea|[of] p1a: Kyogre\n|turn|19\n|inactive|Bruh338927 has 60 seconds left.\n|inactive|Paikan has 30 seconds left.\n|l|\u2606Bruh338927\n|inactive|Bruh338927 disconnected and has a minute to reconnect!\n|player|p1|\n|j|\u2606Bruh338927\n|inactive|Bruh338927 reconnected.\n|player|p1|Bruh338927|chuck\n|\n|t:|1700004960\n|switch|p2a: Ninetales|Ninetales-Alola, F|79\/100\n|-ability|p2a: Ninetales|Snow Warning|[from] primordialsea|[fail]\n|move|p1a: Kyogre|Origin Pulse|p2a: Ninetales\n|-damage|p2a: Ninetales|0 fnt\n|faint|p2a: Ninetales\n|\n|-weather|PrimordialSea|[upkeep]\n|upkeep\n|inactive|Paikan has 30 seconds left this turn.\n|inactive|Paikan has 20 seconds left.\n|\n|t:|1700004971\n|switch|p2a: Haxorus|Haxorus, F|100\/100\n|-ability|p2a: Haxorus|Mold Breaker\n|turn|20\n|inactive|Paikan has 30 seconds left this turn.\n|\n|t:|1700004974\n|-terastallize|p2a: Haxorus|Steel\n|move|p2a: Haxorus|Dragon Dance|p2a: Haxorus\n|-boost|p2a: Haxorus|atk|1\n|-boost|p2a: Haxorus|spe|1\n|move|p1a: Kyogre|Ice Beam|p2a: Haxorus\n|-resisted|p2a: Haxorus\n|-crit|p2a: Haxorus\n|-damage|p2a: Haxorus|55\/100\n|\n|-weather|PrimordialSea|[upkeep]\n|upkeep\n|turn|21\n|inactive|Paikan has 30 seconds left.\n|\n|t:|1700004988\n|move|p2a: Haxorus|Dual Chop|p1a: Kyogre\n|-damage|p1a: Kyogre|0 fnt\n|faint|p1a: Kyogre\n|-weather|none\n|-hitcount|p1: Kyogre|1\n|\n|upkeep\n|\n|t:|1700004991\n|switch|p1a: Grimmsnarl|Grimmsnarl, M|46\/100\n|-damage|p1a: Grimmsnarl|33\/100|[from] Stealth Rock\n|turn|22\n|\n|t:|1700004997\n|move|p1a: Grimmsnarl|Thunder Wave|p2a: Haxorus\n|-status|p2a: Haxorus|par\n|cant|p2a: Haxorus|par\n|\n|-heal|p1a: Grimmsnarl|40\/100|[from] item: Leftovers\n|upkeep\n|turn|23\n|\n|t:|1700005004\n|move|p1a: Grimmsnarl|Parting Shot|p2a: Haxorus\n|-unboost|p2a: Haxorus|atk|1\n|-unboost|p2a: Haxorus|spa|1\n|\n|t:|1700005007\n|switch|p1a: Jirachi|Jirachi|100\/100|[from] Parting Shot\n|-damage|p1a: Jirachi|94\/100|[from] Stealth Rock\n|cant|p2a: Haxorus|par\n|\n|-heal|p1a: Jirachi|100\/100|[from] item: Leftovers\n|upkeep\n|turn|24\n|\n|t:|1700005014\n|switch|p2a: Landorus|Landorus-Therian, M|89\/100 brn\n|-ability|p2a: Landorus|Intimidate|boost\n|-unboost|p1a: Jirachi|atk|1\n|-terastallize|p1a: Jirachi|Steel\n|move|p1a: Jirachi|Iron Head|p2a: Landorus\n|-damage|p2a: Landorus|54\/100 brn\n|\n|-damage|p2a: Landorus|48\/100 brn|[from] brn\n|upkeep\n|turn|25\n|inactive|Paikan has 60 seconds left.\n|\n|t:|1700005029\n|move|p1a: Jirachi|Iron Head|p2a: Landorus\n|-damage|p2a: Landorus|9\/100 brn\n|-enditem|p2a: Landorus|Aguav Berry|[eat]\n|-heal|p2a: Landorus|43\/100 brn|[from] item: Aguav Berry\n|move|p2a: Landorus|Earthquake|p1a: Jirachi\n|-supereffective|p1a: Jirachi\n|-damage|p1a: Jirachi|44\/100\n|\n|-heal|p1a: Jirachi|50\/100|[from] item: Leftovers\n|-damage|p2a: Landorus|37\/100 brn|[from] brn\n|upkeep\n|turn|26\n|inactive|Paikan has 60 seconds left.\n|\n|t:|1700005037\n|move|p1a: Jirachi|Iron Head|p2a: Landorus\n|-damage|p2a: Landorus|0 fnt\n|faint|p2a: Landorus\n|\n|-heal|p1a: Jirachi|57\/100|[from] item: Leftovers\n|upkeep\n|\n|t:|1700005040\n|switch|p2a: Haxorus|Haxorus, F, tera:Steel|55\/100 par\n|-ability|p2a: Haxorus|Mold Breaker\n|turn|27\n|\n|t:|1700005051\n|move|p1a: Jirachi|Iron Head|p2a: Haxorus\n|-resisted|p2a: Haxorus\n|-damage|p2a: Haxorus|36\/100 par\n|move|p2a: Haxorus|Dragon Dance|p2a: Haxorus\n|-boost|p2a: Haxorus|atk|1\n|-boost|p2a: Haxorus|spe|1\n|\n|-heal|p1a: Jirachi|63\/100|[from] item: Leftovers\n|upkeep\n|turn|28\n|\n|t:|1700005057\n|move|p1a: Jirachi|U-turn|p2a: Haxorus\n|-resisted|p2a: Haxorus\n|-crit|p2a: Haxorus\n|-damage|p2a: Haxorus|17\/100 par\n|-enditem|p2a: Haxorus|Aguav Berry|[eat]\n|-heal|p2a: Haxorus|50\/100 par|[from] item: Aguav Berry\n|\n|t:|1700005059\n|switch|p1a: Grimmsnarl|Grimmsnarl, M|40\/100|[from] U-turn\n|-damage|p1a: Grimmsnarl|27\/100|[from] Stealth Rock\n|move|p2a: Haxorus|Dragon Dance|p2a: Haxorus\n|-boost|p2a: Haxorus|atk|1\n|-boost|p2a: Haxorus|spe|1\n|\n|-heal|p1a: Grimmsnarl|33\/100|[from] item: Leftovers\n|upkeep\n|turn|29\n|\n|t:|1700005073\n|move|p1a: Grimmsnarl|Parting Shot|p2a: Haxorus\n|-unboost|p2a: Haxorus|atk|1\n|-unboost|p2a: Haxorus|spa|1\n|\n|t:|1700005077\n|switch|p1a: Jirachi|Jirachi, tera:Steel|63\/100|[from] Parting Shot\n|-damage|p1a: Jirachi|57\/100|[from] Stealth Rock\n|move|p2a: Haxorus|Iron Head|p1a: Jirachi\n|-resisted|p1a: Jirachi\n|-damage|p1a: Jirachi|21\/100\n|\n|-heal|p1a: Jirachi|27\/100|[from] item: Leftovers\n|upkeep\n|turn|30\n|inactive|Paikan has 90 seconds left.\n|\n|t:|1700005090\n|move|p1a: Jirachi|Iron Head|p2a: Haxorus\n|-resisted|p2a: Haxorus\n|-damage|p2a: Haxorus|19\/100 par\n|move|p2a: Haxorus|Iron Head|p1a: Jirachi\n|-resisted|p1a: Jirachi\n|-damage|p1a: Jirachi|0 fnt\n|faint|p1a: Jirachi\n|\n|upkeep\n|\n|t:|1700005096\n|switch|p1a: Grimmsnarl|Grimmsnarl, M|33\/100\n|-damage|p1a: Grimmsnarl|21\/100|[from] Stealth Rock\n|turn|31\n|\n|t:|1700005103\n|cant|p2a: Haxorus|par\n|move|p1a: Grimmsnarl|Draining Kiss|p2a: Haxorus\n|-resisted|p2a: Haxorus\n|-damage|p2a: Haxorus|6\/100 par\n|-heal|p1a: Grimmsnarl|28\/100|[from] drain|[of] p2a: Haxorus\n|\n|-heal|p1a: Grimmsnarl|34\/100|[from] item: Leftovers\n|upkeep\n|turn|32\n|\n|t:|1700005111\n|move|p2a: Haxorus|Iron Head|p1a: Grimmsnarl\n|-supereffective|p1a: Grimmsnarl\n|-damage|p1a: Grimmsnarl|0 fnt\n|faint|p1a: Grimmsnarl\n|\n|win|Paikan\n|raw|Bruh338927's rating: 1258 &rarr; <strong>1228<\/strong><br \/>(-30 for losing)\n|raw|Paikan's rating: 1190 &rarr; <strong>1220<\/strong><br \/>(+30 for winning)\n|c|\u2606Bruh338927|Gg\n|c|\u2606Paikan|Gg\n|c|\u2606Paikan|My heart bro\n|l|\u2606Bruh338927\n|c|\u2606Paikan|Shit was close\n","uploadtime":1700005139,"views":6,"p1id":"bruh338927","p2id":"paikan","formatid":"gen9nationaldexubers","rating":1220,"private":0,"password":""}