{"id":"gen9nationaldexubers-1996510697","p1":"panza mileurista","p2":"dreepy airlines","format":"[Gen 9] National Dex Ubers","log":"|j|\u2606panza mileurista\n|j|\u2606dreepy airlines\n|t:|1700689123\n|gametype|singles\n|player|p1|panza mileurista|grimsley|1414\n|player|p2|dreepy airlines|waitress-gen6|1483\n|teamsize|p1|6\n|teamsize|p2|6\n|gen|9\n|tier|[Gen 9] National Dex Ubers\n|rated|\n|rule|HP Percentage Mod: HP is shown in percentages\n|rule|Endless Battle Clause: Forcing endless battles is banned\n|rule|OHKO Clause: OHKO moves are banned\n|rule|Evasion Moves Clause: Evasion moves are banned\n|rule|Evasion Items Clause: Evasion items are banned\n|rule|Species Clause: Limit one of each Pok\u00e9mon\n|rule|Sleep Clause Mod: Limit one foe put to sleep\n|rule|Mega Rayquaza Clause: You cannot mega evolve Rayquaza\n|clearpoke\n|poke|p1|Kyogre|\n|poke|p1|Groudon|\n|poke|p1|Necrozma-Dusk-Mane|\n|poke|p1|Ho-Oh|\n|poke|p1|Arceus-Dark|\n|poke|p1|Xerneas-*|\n|poke|p2|Deoxys-Speed|\n|poke|p2|Groudon|\n|poke|p2|Yveltal|\n|poke|p2|Arceus|\n|poke|p2|Zacian-*|\n|poke|p2|Salamence, F|\n|teampreview\n|inactive|Battle timer is ON: inactive players will automatically lose when time's up. (requested by dreepy airlines)\n|\n|t:|1700689132\n|start\n|switch|p1a: Ho-Oh|Ho-Oh, shiny|100\/100\n|switch|p2a: Deoxys|Deoxys-Speed|100\/100\n|-ability|p2a: Deoxys|Pressure\n|turn|1\n|\n|t:|1700689137\n|move|p2a: Deoxys|Taunt|p1a: Ho-Oh\n|-start|p1a: Ho-Oh|move: Taunt\n|move|p1a: Ho-Oh|Sacred Fire|p2a: Deoxys\n|-damage|p2a: Deoxys|45\/100\n|\n|upkeep\n|turn|2\n|\n|t:|1700689143\n|move|p2a: Deoxys|Spikes|p1a: Ho-Oh\n|-sidestart|p1: panza mileurista|Spikes\n|move|p1a: Ho-Oh|Brave Bird|p2a: Deoxys\n|-damage|p2a: Deoxys|0 fnt\n|faint|p2a: Deoxys\n|-damage|p1a: Ho-Oh|90\/100|[from] Recoil\n|\n|upkeep\n|\n|t:|1700689151\n|switch|p2a: Groudon|Groudon|100\/100\n|detailschange|p2a: Groudon|Groudon-Primal\n|-primal|p2a: Groudon|Red Orb\n|-weather|DesolateLand|[from] ability: Desolate Land|[of] p2a: Groudon\n|turn|3\n|\n|t:|1700689166\n|switch|p1a: Arceus|Arceus-Dark|100\/100\n|-damage|p1a: Arceus|88\/100|[from] Spikes\n|move|p2a: Groudon|Rock Polish|p2a: Groudon\n|-boost|p2a: Groudon|spe|2\n|\n|-weather|DesolateLand|[upkeep]\n|upkeep\n|turn|4\n|\n|t:|1700689187\n|move|p2a: Groudon|Precipice Blades|p1a: Arceus\n|-damage|p1a: Arceus|45\/100\n|move|p1a: Arceus|Toxic|p2a: Groudon\n|-status|p2a: Groudon|tox\n|\n|-weather|DesolateLand|[upkeep]\n|-damage|p2a: Groudon|94\/100 tox|[from] psn\n|upkeep\n|turn|5\n|\n|t:|1700689195\n|move|p2a: Groudon|Swords Dance|p2a: Groudon\n|-boost|p2a: Groudon|atk|2\n|move|p1a: Arceus|Recover|p1a: Arceus\n|-heal|p1a: Arceus|95\/100\n|\n|-weather|DesolateLand|[upkeep]\n|-damage|p2a: Groudon|82\/100 tox|[from] psn\n|upkeep\n|turn|6\n|\n|t:|1700689200\n|move|p2a: Groudon|Precipice Blades|p1a: Arceus\n|-damage|p1a: Arceus|4\/100\n|move|p1a: Arceus|Foul Play|p2a: Groudon\n|-damage|p2a: Groudon|0 fnt\n|faint|p2a: Groudon\n|-weather|none\n|\n|upkeep\n|\n|t:|1700689216\n|switch|p2a: Salamence|Salamence, F|100\/100\n|-ability|p2a: Salamence|Intimidate|boost\n|-unboost|p1a: Arceus|atk|1\n|turn|7\n|\n|t:|1700689221\n|detailschange|p2a: Salamence|Salamence-Mega, F\n|-mega|p2a: Salamence|Salamence|Salamencite\n|move|p2a: Salamence|Dragon Claw|p1a: Arceus\n|-damage|p1a: Arceus|0 fnt\n|faint|p1a: Arceus\n|\n|upkeep\n|\n|t:|1700689226\n|switch|p1a: Xerneas|Xerneas|100\/100\n|-damage|p1a: Xerneas|88\/100|[from] Spikes\n|-ability|p1a: Xerneas|Fairy Aura\n|turn|8\n|\n|t:|1700689240\n|move|p2a: Salamence|Double-Edge|p1a: Xerneas\n|-damage|p1a: Xerneas|39\/100\n|-damage|p2a: Salamence|78\/100|[from] Recoil\n|move|p1a: Xerneas|Moonblast|p2a: Salamence\n|-supereffective|p2a: Salamence\n|-crit|p2a: Salamence\n|-damage|p2a: Salamence|0 fnt\n|faint|p2a: Salamence\n|\n|-heal|p1a: Xerneas|45\/100|[from] item: Leftovers\n|upkeep\n|\n|t:|1700689246\n|switch|p2a: Zacian|Zacian-Crowned|100\/100\n|-ability|p2a: Zacian|Intrepid Sword|boost\n|-boost|p2a: Zacian|atk|1\n|turn|9\n|\n|t:|1700689252\n|switch|p1a: Groudon|Groudon|100\/100\n|-damage|p1a: Groudon|88\/100|[from] Spikes\n|detailschange|p1a: Groudon|Groudon-Primal\n|-primal|p1a: Groudon|Red Orb\n|-weather|DesolateLand|[from] ability: Desolate Land|[of] p1a: Groudon\n|move|p2a: Zacian|Swords Dance|p2a: Zacian\n|-boost|p2a: Zacian|atk|2\n|\n|-weather|DesolateLand|[upkeep]\n|upkeep\n|turn|10\n|\n|t:|1700689257\n|-terastallize|p2a: Zacian|Fighting\n|move|p2a: Zacian|Close Combat|p1a: Groudon\n|-damage|p1a: Groudon|0 fnt\n|-unboost|p2a: Zacian|def|1\n|-unboost|p2a: Zacian|spd|1\n|faint|p1a: Groudon\n|-weather|none\n|\n|upkeep\n|\n|t:|1700689261\n|switch|p1a: Ho-Oh|Ho-Oh, shiny|100\/100\n|turn|11\n|\n|t:|1700689264\n|move|p2a: Zacian|Wild Charge|p1a: Ho-Oh\n|-supereffective|p1a: Ho-Oh\n|-damage|p1a: Ho-Oh|0 fnt\n|faint|p1a: Ho-Oh\n|-damage|p2a: Zacian|68\/100|[from] Recoil\n|\n|upkeep\n|\n|t:|1700689268\n|switch|p1a: Necrozma|Necrozma-Dusk-Mane|100\/100\n|-damage|p1a: Necrozma|88\/100|[from] Spikes\n|turn|12\n|\n|t:|1700689273\n|move|p2a: Zacian|Close Combat|p1a: Necrozma\n|-damage|p1a: Necrozma|0 fnt\n|-unboost|p2a: Zacian|def|1\n|-unboost|p2a: Zacian|spd|1\n|faint|p1a: Necrozma\n|\n|upkeep\n|\n|t:|1700689289\n|switch|p1a: Kyogre|Kyogre|100\/100\n|-damage|p1a: Kyogre|88\/100|[from] Spikes\n|detailschange|p1a: Kyogre|Kyogre-Primal\n|-primal|p1a: Kyogre|Blue Orb\n|-weather|PrimordialSea|[from] ability: Primordial Sea|[of] p1a: Kyogre\n|turn|13\n|\n|t:|1700689317\n|move|p2a: Zacian|Close Combat|p1a: Kyogre\n|-damage|p1a: Kyogre|0 fnt\n|-unboost|p2a: Zacian|def|1\n|-unboost|p2a: Zacian|spd|1\n|faint|p1a: Kyogre\n|-weather|none\n|\n|upkeep\n|-message|panza mileurista forfeited.\n|\n|win|dreepy airlines\n|raw|panza mileurista's rating: 1414 &rarr; <strong>1398<\/strong><br \/>(-16 for losing)\n|raw|dreepy airlines's rating: 1483 &rarr; <strong>1499<\/strong><br \/>(+16 for winning)\n","uploadtime":1700689330,"views":1,"p1id":"panzamileurista","p2id":"dreepyairlines","formatid":"gen9nationaldexubers","rating":1398,"private":0,"password":""}