{"id":"gen9nationaldexubers-1996896606","p1":"KarmaKazama0","p2":"Soyeon is a cutie","format":"[Gen 9] National Dex Ubers","log":"|j|\u2606KarmaKazama0\n|j|\u2606Soyeon is a cutie\n|t:|1700741815\n|gametype|singles\n|player|p1|KarmaKazama0|169|1558\n|player|p2|Soyeon is a cutie|idol|1800\n|teamsize|p1|6\n|teamsize|p2|6\n|gen|9\n|tier|[Gen 9] National Dex Ubers\n|rated|\n|rule|HP Percentage Mod: HP is shown in percentages\n|rule|Endless Battle Clause: Forcing endless battles is banned\n|rule|OHKO Clause: OHKO moves are banned\n|rule|Evasion Moves Clause: Evasion moves are banned\n|rule|Evasion Items Clause: Evasion items are banned\n|rule|Species Clause: Limit one of each Pok\u00e9mon\n|rule|Sleep Clause Mod: Limit one foe put to sleep\n|rule|Mega Rayquaza Clause: You cannot mega evolve Rayquaza\n|clearpoke\n|poke|p1|Groudon|\n|poke|p1|Ho-Oh|\n|poke|p1|Arceus-Dark|\n|poke|p1|Zygarde|\n|poke|p1|Necrozma-Dusk-Mane|\n|poke|p1|Kyogre|\n|poke|p2|Ditto|\n|poke|p2|Kyogre|\n|poke|p2|Giratina-Origin|\n|poke|p2|Arceus-Dark|\n|poke|p2|Necrozma-Dusk-Mane|\n|poke|p2|Kyurem-Black|\n|teampreview\n|inactive|Battle timer is ON: inactive players will automatically lose when time's up. (requested by Soyeon is a cutie)\n|\n|t:|1700741837\n|start\n|switch|p1a: Zygarde|Zygarde|100\/100\n|switch|p2a: Necrozma|Necrozma-Dusk-Mane|100\/100\n|turn|1\n|\n|t:|1700741841\n|detailschange|p2a: Necrozma|Necrozma-Ultra\n|-burst|p2a: Necrozma|Necrozma|Ultranecrozium Z\n|move|p2a: Necrozma|Dragon Pulse|p1a: Zygarde\n|-supereffective|p1a: Zygarde\n|-damage|p1a: Zygarde|0 fnt\n|faint|p1a: Zygarde\n|\n|upkeep\n|\n|t:|1700741849\n|switch|p1a: Arceus|Arceus-Dark|100\/100\n|turn|2\n|\n|t:|1700741853\n|switch|p2a: Arceus|Arceus-Dark|100\/100\n|move|p1a: Arceus|Judgment|p2a: Arceus\n|-resisted|p2a: Arceus\n|-damage|p2a: Arceus|84\/100\n|\n|upkeep\n|turn|3\n|\n|t:|1700741860\n|move|p2a: Arceus|Taunt|p1a: Arceus\n|-start|p1a: Arceus|move: Taunt\n|cant|p1a: Arceus|move: Taunt|Toxic\n|\n|upkeep\n|turn|4\n|\n|t:|1700741865\n|switch|p1a: Necrozma|Necrozma-Dusk-Mane|100\/100\n|move|p2a: Arceus|Toxic|p1a: Necrozma\n|-immune|p1a: Necrozma\n|\n|upkeep\n|turn|5\n|\n|t:|1700741870\n|move|p2a: Arceus|Taunt|p1a: Necrozma\n|-start|p1a: Necrozma|move: Taunt\n|move|p1a: Necrozma|Sunsteel Strike|p2a: Arceus\n|-damage|p2a: Arceus|47\/100\n|\n|upkeep\n|turn|6\n|\n|t:|1700741878\n|switch|p1a: Kyogre|Kyogre|100\/100\n|detailschange|p1a: Kyogre|Kyogre-Primal\n|-primal|p1a: Kyogre|Blue Orb\n|-weather|PrimordialSea|[from] ability: Primordial Sea|[of] p1a: Kyogre\n|move|p2a: Arceus|Recover|p2a: Arceus\n|-heal|p2a: Arceus|97\/100\n|\n|-weather|PrimordialSea|[upkeep]\n|upkeep\n|turn|7\n|\n|t:|1700741883\n|move|p2a: Arceus|Foul Play|p1a: Kyogre\n|-damage|p1a: Kyogre|73\/100\n|move|p1a: Kyogre|Scald|p2a: Arceus\n|-damage|p2a: Arceus|49\/100\n|-status|p2a: Arceus|brn\n|\n|-weather|PrimordialSea|[upkeep]\n|-damage|p2a: Arceus|43\/100 brn|[from] brn\n|upkeep\n|turn|8\n|\n|t:|1700741890\n|move|p2a: Arceus|Toxic|p1a: Kyogre\n|-status|p1a: Kyogre|tox\n|move|p1a: Kyogre|Scald|p2a: Arceus\n|-damage|p2a: Arceus|0 fnt\n|faint|p2a: Arceus\n|\n|-weather|PrimordialSea|[upkeep]\n|-damage|p1a: Kyogre|67\/100 tox|[from] psn\n|upkeep\n|\n|t:|1700741899\n|switch|p2a: Kyurem|Kyurem-Black|100\/100\n|-ability|p2a: Kyurem|Teravolt\n|turn|9\n|\n|t:|1700741906\n|move|p2a: Kyurem|Dragon Dance|p2a: Kyurem\n|-boost|p2a: Kyurem|atk|1\n|-boost|p2a: Kyurem|spe|1\n|move|p1a: Kyogre|Scald|p2a: Kyurem\n|-resisted|p2a: Kyurem\n|-damage|p2a: Kyurem|66\/100\n|\n|-weather|PrimordialSea|[upkeep]\n|-damage|p1a: Kyogre|54\/100 tox|[from] psn\n|upkeep\n|turn|10\n|\n|t:|1700741913\n|move|p2a: Kyurem|Fusion Bolt|p1a: Kyogre\n|-supereffective|p1a: Kyogre\n|-damage|p1a: Kyogre|0 fnt\n|faint|p1a: Kyogre\n|-weather|none\n|\n|upkeep\n|\n|t:|1700741917\n|switch|p1a: Groudon|Groudon|100\/100\n|detailschange|p1a: Groudon|Groudon-Primal\n|-primal|p1a: Groudon|Red Orb\n|-weather|DesolateLand|[from] ability: Desolate Land|[of] p1a: Groudon\n|turn|11\n|\n|t:|1700741920\n|move|p2a: Kyurem|Icicle Spear|p1a: Groudon\n|-damage|p1a: Groudon|87\/100\n|-damage|p1a: Groudon|75\/100\n|-damage|p1a: Groudon|62\/100\n|-damage|p1a: Groudon|50\/100\n|-damage|p1a: Groudon|38\/100\n|-hitcount|p1a: Groudon|5\n|move|p1a: Groudon|Dragon Tail|p2a: Kyurem\n|-supereffective|p2a: Kyurem\n|-damage|p2a: Kyurem|24\/100\n|drag|p2a: Giratina|Giratina-Origin|100\/100\n|\n|-weather|DesolateLand|[upkeep]\n|upkeep\n|turn|12\n|\n|t:|1700741935\n|move|p1a: Groudon|Toxic|p2a: Giratina\n|-status|p2a: Giratina|tox\n|move|p2a: Giratina|Draco Meteor|p1a: Groudon\n|-damage|p1a: Groudon|0 fnt\n|-unboost|p2a: Giratina|spa|2\n|faint|p1a: Groudon\n|-weather|none\n|\n|-damage|p2a: Giratina|94\/100 tox|[from] psn\n|upkeep\n|\n|t:|1700741943\n|switch|p1a: Arceus|Arceus-Dark|100\/100\n|turn|13\n|\n|t:|1700741946\n|move|p1a: Arceus|Judgment|p2a: Giratina\n|-supereffective|p2a: Giratina\n|-damage|p2a: Giratina|44\/100 tox\n|move|p2a: Giratina|Will-O-Wisp|p1a: Arceus|[miss]\n|-miss|p2a: Giratina|p1a: Arceus\n|\n|-damage|p2a: Giratina|32\/100 tox|[from] psn\n|upkeep\n|turn|14\n|\n|t:|1700741959\n|switch|p2a: Ditto|Ditto, shiny|100\/100\n|-transform|p2a: Ditto|p1a: Arceus|[from] ability: Imposter\n|move|p1a: Arceus|Judgment|p2a: Ditto\n|-resisted|p2a: Ditto\n|-damage|p2a: Ditto|76\/100\n|\n|upkeep\n|turn|15\n|\n|t:|1700741967\n|switch|p2a: Giratina|Giratina-Origin|32\/100 tox\n|switch|p1a: Necrozma|Necrozma-Dusk-Mane|100\/100\n|\n|-damage|p2a: Giratina|26\/100 tox|[from] psn\n|upkeep\n|turn|16\n|\n|t:|1700741971\n|move|p2a: Giratina|Shadow Sneak|p1a: Necrozma\n|-supereffective|p1a: Necrozma\n|-damage|p1a: Necrozma|82\/100\n|move|p1a: Necrozma|Sunsteel Strike|p2a: Giratina\n|-damage|p2a: Giratina|0 fnt\n|faint|p2a: Giratina\n|\n|-heal|p1a: Necrozma|88\/100|[from] item: Leftovers\n|upkeep\n|\n|t:|1700741975\n|switch|p2a: Kyogre|Kyogre|100\/100\n|-weather|RainDance|[from] ability: Drizzle|[of] p2a: Kyogre\n|turn|17\n|\n|t:|1700741986\n|-terastallize|p1a: Necrozma|Grass\n|move|p2a: Kyogre|Water Spout|p1a: Necrozma\n|-resisted|p1a: Necrozma\n|-damage|p1a: Necrozma|46\/100\n|move|p1a: Necrozma|Sunsteel Strike|p2a: Kyogre\n|-resisted|p2a: Kyogre\n|-damage|p2a: Kyogre|73\/100\n|\n|-weather|RainDance|[upkeep]\n|-heal|p1a: Necrozma|53\/100|[from] item: Leftovers\n|upkeep\n|turn|18\n|\n|t:|1700741995\n|switch|p2a: Ditto|Ditto, shiny|76\/100\n|-transform|p2a: Ditto|p1a: Necrozma|[from] ability: Imposter\n|move|p1a: Necrozma|Sunsteel Strike|p2a: Ditto\n|-resisted|p2a: Ditto\n|-damage|p2a: Ditto|55\/100\n|\n|-weather|RainDance|[upkeep]\n|-heal|p1a: Necrozma|59\/100|[from] item: Leftovers\n|upkeep\n|-start|p2a: Ditto|typechange|Psychic\/Steel|[silent]\n|turn|19\n|\n|t:|1700741999\n|move|p2a: Ditto|Toxic|p1a: Necrozma|[miss]\n|-miss|p2a: Ditto|p1a: Necrozma\n|move|p1a: Necrozma|Stealth Rock|p2a: Ditto\n|-sidestart|p2: Soyeon is a cutie|move: Stealth Rock\n|\n|-weather|RainDance|[upkeep]\n|-heal|p1a: Necrozma|65\/100|[from] item: Leftovers\n|upkeep\n|turn|20\n|\n|t:|1700742011\n|switch|p1a: Ho-Oh|Ho-Oh|100\/100\n|move|p2a: Ditto|Toxic|p1a: Ho-Oh\n|-status|p1a: Ho-Oh|tox\n|\n|-weather|RainDance|[upkeep]\n|-damage|p1a: Ho-Oh|94\/100 tox|[from] psn\n|upkeep\n|turn|21\n|\n|t:|1700742016\n|switch|p2a: Necrozma|Necrozma-Ultra|100\/100\n|-damage|p2a: Necrozma|88\/100|[from] Stealth Rock\n|move|p1a: Ho-Oh|Sacred Fire|p2a: Necrozma\n|-resisted|p2a: Necrozma\n|-damage|p2a: Necrozma|77\/100\n|\n|-weather|none\n|-damage|p1a: Ho-Oh|82\/100 tox|[from] psn\n|upkeep\n|turn|22\n|\n|t:|1700742024\n|move|p2a: Necrozma|Stealth Rock|p1a: Ho-Oh\n|-sidestart|p1: KarmaKazama0|move: Stealth Rock\n|move|p1a: Ho-Oh|Toxic|p2a: Necrozma\n|-status|p2a: Necrozma|tox\n|\n|-damage|p2a: Necrozma|70\/100 tox|[from] psn\n|-damage|p1a: Ho-Oh|64\/100 tox|[from] psn\n|upkeep\n|turn|23\n|\n|t:|1700742029\n|switch|p2a: Ditto|Ditto, shiny|55\/100\n|-damage|p2a: Ditto|42\/100|[from] Stealth Rock\n|-transform|p2a: Ditto|p1a: Ho-Oh|[from] ability: Imposter\n|move|p1a: Ho-Oh|Defog|p2a: Ditto\n|-unboost|p2a: Ditto|evasion|1\n|-sideend|p2: Soyeon is a cutie|Stealth Rock|[from] move: Defog|[of] p1a: Ho-Oh\n|-sideend|p1: KarmaKazama0|Stealth Rock|[from] move: Defog|[of] p1a: Ho-Oh\n|\n|-damage|p1a: Ho-Oh|40\/100 tox|[from] psn\n|upkeep\n|turn|24\n|\n|t:|1700742033\n|switch|p2a: Necrozma|Necrozma-Ultra|70\/100 tox\n|move|p1a: Ho-Oh|Toxic|p2a: Necrozma\n|-fail|p2a: Necrozma|tox\n|\n|-damage|p2a: Necrozma|64\/100 tox|[from] psn\n|-damage|p1a: Ho-Oh|10\/100 tox|[from] psn\n|upkeep\n|turn|25\n|\n|t:|1700742037\n|move|p2a: Necrozma|Photon Geyser|p1a: Ho-Oh\n|-damage|p1a: Ho-Oh|0 fnt\n|faint|p1a: Ho-Oh\n|\n|-damage|p2a: Necrozma|52\/100 tox|[from] psn\n|upkeep\n|\n|t:|1700742039\n|switch|p1a: Arceus|Arceus-Dark|100\/100\n|turn|26\n|\n|t:|1700742044\n|switch|p2a: Ditto|Ditto, shiny|76\/100\n|-transform|p2a: Ditto|p1a: Arceus|[from] ability: Imposter\n|move|p1a: Arceus|Judgment|p2a: Ditto\n|-resisted|p2a: Ditto\n|-damage|p2a: Ditto|53\/100\n|\n|upkeep\n|turn|27\n|\n|t:|1700742052\n|switch|p1a: Necrozma|Necrozma-Dusk-Mane, tera:Grass|65\/100\n|move|p2a: Ditto|Toxic|p1a: Necrozma\n|-status|p1a: Necrozma|tox\n|\n|-heal|p1a: Necrozma|71\/100 tox|[from] item: Leftovers\n|-damage|p1a: Necrozma|65\/100 tox|[from] psn\n|upkeep\n|turn|28\n|\n|t:|1700742057\n|switch|p2a: Necrozma|Necrozma-Ultra|52\/100 tox\n|move|p1a: Necrozma|Sunsteel Strike|p2a: Necrozma\n|-damage|p2a: Necrozma|0 fnt\n|faint|p2a: Necrozma\n|\n|-heal|p1a: Necrozma|71\/100 tox|[from] item: Leftovers\n|-damage|p1a: Necrozma|59\/100 tox|[from] psn\n|upkeep\n|\n|t:|1700742061\n|switch|p2a: Kyurem|Kyurem-Black|24\/100\n|-ability|p2a: Kyurem|Teravolt\n|turn|29\n|\n|t:|1700742066\n|-terastallize|p2a: Kyurem|Steel\n|move|p2a: Kyurem|Roost|p2a: Kyurem\n|-heal|p2a: Kyurem|74\/100\n|move|p1a: Necrozma|Sunsteel Strike|p2a: Kyurem\n|-resisted|p2a: Kyurem\n|-damage|p2a: Kyurem|51\/100\n|\n|-heal|p1a: Necrozma|65\/100 tox|[from] item: Leftovers\n|-damage|p1a: Necrozma|46\/100 tox|[from] psn\n|upkeep\n|turn|30\n|\n|t:|1700742071\n|move|p2a: Kyurem|Dragon Dance|p2a: Kyurem\n|-boost|p2a: Kyurem|atk|1\n|-boost|p2a: Kyurem|spe|1\n|move|p1a: Necrozma|Sunsteel Strike|p2a: Kyurem\n|-resisted|p2a: Kyurem\n|-damage|p2a: Kyurem|29\/100\n|\n|-heal|p1a: Necrozma|53\/100 tox|[from] item: Leftovers\n|-damage|p1a: Necrozma|28\/100 tox|[from] psn\n|upkeep\n|turn|31\n|\n|t:|1700742077\n|move|p2a: Kyurem|Roost|p2a: Kyurem\n|-heal|p2a: Kyurem|79\/100\n|move|p1a: Necrozma|Sunsteel Strike|p2a: Kyurem\n|-resisted|p2a: Kyurem\n|-damage|p2a: Kyurem|56\/100\n|\n|-heal|p1a: Necrozma|34\/100 tox|[from] item: Leftovers\n|-damage|p1a: Necrozma|4\/100 tox|[from] psn\n|upkeep\n|turn|32\n|\n|t:|1700742084\n|move|p2a: Kyurem|Dragon Dance|p2a: Kyurem\n|-boost|p2a: Kyurem|atk|1\n|-boost|p2a: Kyurem|spe|1\n|move|p1a: Necrozma|Stealth Rock|p2a: Kyurem\n|-sidestart|p2: Soyeon is a cutie|move: Stealth Rock\n|\n|-heal|p1a: Necrozma|10\/100 tox|[from] item: Leftovers\n|-damage|p1a: Necrozma|0 fnt|[from] psn\n|faint|p1a: Necrozma\n|upkeep\n|\n|t:|1700742085\n|switch|p1a: Arceus|Arceus-Dark|100\/100\n|turn|33\n|\n|t:|1700742088\n|move|p2a: Kyurem|Icicle Spear|p1a: Arceus\n|-damage|p1a: Arceus|82\/100\n|-damage|p1a: Arceus|64\/100\n|-damage|p1a: Arceus|46\/100\n|-damage|p1a: Arceus|28\/100\n|-damage|p1a: Arceus|12\/100\n|-hitcount|p1a: Arceus|5\n|move|p1a: Arceus|Judgment|p2a: Kyurem\n|-damage|p2a: Kyurem|13\/100\n|\n|upkeep\n|turn|34\n|\n|t:|1700742092\n|move|p2a: Kyurem|Icicle Spear|p1a: Arceus\n|-damage|p1a: Arceus|0 fnt\n|faint|p1a: Arceus\n|-hitcount|p1: Arceus|1\n|\n|win|Soyeon is a cutie\n|raw|KarmaKazama0's rating: 1558 &rarr; <strong>1550<\/strong><br \/>(-8 for losing)\n|raw|Soyeon is a cutie's rating: 1800 &rarr; <strong>1808<\/strong><br \/>(+8 for winning)\n","uploadtime":1700742100,"views":5,"p1id":"karmakazama0","p2id":"soyeonisacutie","formatid":"gen9nationaldexubers","rating":1550,"private":0,"password":""}