{"id":"gen9nationaldexubers-1994084575","p1":"MP555","p2":"Gatubraz","format":"[Gen 9] National Dex Ubers","log":"|j|\u2606MP555\n|j|\u2606Gatubraz\n|t:|1700404858\n|gametype|singles\n|player|p1|MP555|waiter-gen4dp|\n|player|p2|Gatubraz|sailor|\n|teamsize|p1|6\n|teamsize|p2|6\n|gen|9\n|tier|[Gen 9] National Dex Ubers\n|rule|HP Percentage Mod: HP is shown in percentages\n|rule|Endless Battle Clause: Forcing endless battles is banned\n|rule|OHKO Clause: OHKO moves are banned\n|rule|Evasion Moves Clause: Evasion moves are banned\n|rule|Evasion Items Clause: Evasion items are banned\n|rule|Species Clause: Limit one of each Pok\u00e9mon\n|rule|Sleep Clause Mod: Limit one foe put to sleep\n|rule|Mega Rayquaza Clause: You cannot mega evolve Rayquaza\n|clearpoke\n|poke|p1|Calyrex-Ice|\n|poke|p1|Magearna|\n|poke|p1|Necrozma-Dusk-Mane|\n|poke|p1|Yveltal|\n|poke|p1|Kyogre|\n|poke|p1|Ditto|\n|poke|p2|Shaymin-Sky|\n|poke|p2|Necrozma-Dusk-Mane|\n|poke|p2|Groudon|\n|poke|p2|Yveltal|\n|poke|p2|Rayquaza|\n|poke|p2|Marshadow|\n|teampreview\n|j| Kai_Kitt\n|j| Yoddle Yoddle\n|j| Smoukingrad\n|\n|t:|1700404893\n|start\n|switch|p1a: Soulever en Y|Yveltal|100\/100\n|switch|p2a: LE SUPER SOLEIL|Groudon|100\/100\n|-ability|p1a: Soulever en Y|Dark Aura\n|detailschange|p2a: LE SUPER SOLEIL|Groudon-Primal\n|-primal|p2a: LE SUPER SOLEIL|Red Orb\n|-weather|DesolateLand|[from] ability: Desolate Land|[of] p2a: LE SUPER SOLEIL\n|turn|1\n|\n|t:|1700404904\n|move|p2a: LE SUPER SOLEIL|Stone Edge|p1a: Soulever en Y\n|-supereffective|p1a: Soulever en Y\n|-damage|p1a: Soulever en Y|36\/100\n|move|p1a: Soulever en Y|Oblivion Wing|p2a: LE SUPER SOLEIL\n|-damage|p2a: LE SUPER SOLEIL|58\/100\n|-heal|p1a: Soulever en Y|59\/100|[from] drain|[of] p2a: LE SUPER SOLEIL\n|\n|-weather|DesolateLand|[upkeep]\n|upkeep\n|turn|2\n|\n|t:|1700404914\n|move|p2a: LE SUPER SOLEIL|Stone Edge|p1a: Soulever en Y\n|-supereffective|p1a: Soulever en Y\n|-damage|p1a: Soulever en Y|0 fnt\n|faint|p1a: Soulever en Y\n|\n|-weather|DesolateLand|[upkeep]\n|upkeep\n|\n|t:|1700404920\n|switch|p1a: Its Sweeping time|Kyogre|100\/100\n|detailschange|p1a: Its Sweeping time|Kyogre-Primal\n|-primal|p1a: Its Sweeping time|Blue Orb\n|-weather|PrimordialSea|[from] ability: Primordial Sea|[of] p1a: Its Sweeping time\n|turn|3\n|\n|t:|1700404947\n|switch|p2a: Rayquazahef|Rayquaza|100\/100\n|-ability|p2a: Rayquazahef|Air Lock\n|move|p1a: Its Sweeping time|Water Spout|p2a: Rayquazahef\n|-resisted|p2a: Rayquazahef\n|-damage|p2a: Rayquazahef|46\/100\n|\n|-weather|PrimordialSea|[upkeep]\n|upkeep\n|turn|4\n|\n|t:|1700404955\n|-weather|none\n|switch|p1a: Privil\u00e8ge Blanc|Magearna|100\/100\n|move|p2a: Rayquazahef|U-turn|p1a: Privil\u00e8ge Blanc\n|-resisted|p1a: Privil\u00e8ge Blanc\n|-damage|p1a: Privil\u00e8ge Blanc|92\/100\n|\n|t:|1700404959\n|switch|p2a: LE SUPER SOLEIL|Groudon-Primal|58\/100|[from] U-turn\n|-weather|DesolateLand|[from] ability: Desolate Land|[of] p2a: LE SUPER SOLEIL\n|\n|-weather|DesolateLand|[upkeep]\n|-heal|p1a: Privil\u00e8ge Blanc|98\/100|[from] item: Leftovers\n|upkeep\n|turn|5\n|\n|t:|1700404973\n|move|p2a: LE SUPER SOLEIL|Precipice Blades|p1a: Privil\u00e8ge Blanc\n|-supereffective|p1a: Privil\u00e8ge Blanc\n|-damage|p1a: Privil\u00e8ge Blanc|0 fnt\n|faint|p1a: Privil\u00e8ge Blanc\n|\n|-weather|DesolateLand|[upkeep]\n|upkeep\n|\n|t:|1700404978\n|switch|p1a: Its Sweeping time|Kyogre-Primal|100\/100\n|-weather|PrimordialSea|[from] ability: Primordial Sea|[of] p1a: Its Sweeping time\n|turn|6\n|\n|t:|1700405005\n|move|p2a: LE SUPER SOLEIL|Precipice Blades|p1a: Its Sweeping time\n|-damage|p1a: Its Sweeping time|28\/100\n|move|p1a: Its Sweeping time|Water Spout|p2a: LE SUPER SOLEIL\n|-supereffective|p2a: LE SUPER SOLEIL\n|-damage|p2a: LE SUPER SOLEIL|0 fnt\n|faint|p2a: LE SUPER SOLEIL\n|\n|-weather|PrimordialSea|[upkeep]\n|upkeep\n|\n|t:|1700405010\n|switch|p2a: Rayquazahef|Rayquaza|46\/100\n|-ability|p2a: Rayquazahef|Air Lock\n|turn|7\n|\n|t:|1700405014\n|-weather|none\n|switch|p1a: N For Ni***|Necrozma-Dusk-Mane|100\/100\n|move|p2a: Rayquazahef|U-turn|p1a: N For Ni***\n|-damage|p1a: N For Ni***|68\/100\n|\n|t:|1700405021\n|switch|p2a: OkamariNoSozoki|Marshadow|100\/100|[from] U-turn\n|\n|upkeep\n|turn|8\n|\n|t:|1700405029\n|switch|p1a: Its Sweeping time|Kyogre-Primal|28\/100\n|-weather|PrimordialSea|[from] ability: Primordial Sea|[of] p1a: Its Sweeping time\n|move|p2a: OkamariNoSozoki|Spectral Thief|p1a: Its Sweeping time\n|-damage|p1a: Its Sweeping time|0 fnt\n|faint|p1a: Its Sweeping time\n|-weather|none\n|\n|upkeep\n|\n|t:|1700405034\n|switch|p1a: Ouga Bounga Taper|Calyrex-Ice|100\/100\n|-ability|p1a: Ouga Bounga Taper|As One\n|-ability|p1a: Ouga Bounga Taper|Unnerve\n|turn|9\n|\n|t:|1700405042\n|move|p2a: OkamariNoSozoki|Spectral Thief|p1a: Ouga Bounga Taper\n|-supereffective|p1a: Ouga Bounga Taper\n|-damage|p1a: Ouga Bounga Taper|37\/100\n|move|p1a: Ouga Bounga Taper|Trick Room|p1a: Ouga Bounga Taper\n|-fieldstart|move: Trick Room|[of] p1a: Ouga Bounga Taper\n|\n|-heal|p1a: Ouga Bounga Taper|43\/100|[from] item: Leftovers\n|upkeep\n|turn|10\n|\n|t:|1700405052\n|switch|p2a: Soleil Noir|Necrozma-Dusk-Mane|100\/100\n|move|p1a: Ouga Bounga Taper|Glacial Lance|p2a: Soleil Noir\n|-resisted|p2a: Soleil Noir\n|-damage|p2a: Soleil Noir|75\/100\n|\n|-heal|p1a: Ouga Bounga Taper|50\/100|[from] item: Leftovers\n|-heal|p2a: Soleil Noir|81\/100|[from] item: Leftovers\n|upkeep\n|turn|11\n|\n|t:|1700405057\n|switch|p2a: Le G le S en Y|Yveltal|100\/100\n|-ability|p2a: Le G le S en Y|Dark Aura\n|move|p1a: Ouga Bounga Taper|High Horsepower|p2a: Le G le S en Y\n|-immune|p2a: Le G le S en Y\n|\n|-heal|p1a: Ouga Bounga Taper|56\/100|[from] item: Leftovers\n|upkeep\n|turn|12\n|\n|t:|1700405067\n|switch|p2a: Soleil Noir|Necrozma-Dusk-Mane|81\/100\n|move|p1a: Ouga Bounga Taper|Glacial Lance|p2a: Soleil Noir\n|-resisted|p2a: Soleil Noir\n|-damage|p2a: Soleil Noir|54\/100\n|\n|-heal|p1a: Ouga Bounga Taper|62\/100|[from] item: Leftovers\n|-heal|p2a: Soleil Noir|60\/100|[from] item: Leftovers\n|upkeep\n|turn|13\n|\n|t:|1700405072\n|switch|p2a: Le G le S en Y|Yveltal|100\/100\n|-ability|p2a: Le G le S en Y|Dark Aura\n|move|p1a: Ouga Bounga Taper|Glacial Lance|p2a: Le G le S en Y\n|-supereffective|p2a: Le G le S en Y\n|-damage|p2a: Le G le S en Y|0 fnt\n|faint|p2a: Le G le S en Y\n|-ability|p1a: Ouga Bounga Taper|Chilling Neigh|boost\n|-boost|p1a: Ouga Bounga Taper|atk|1\n|\n|-heal|p1a: Ouga Bounga Taper|68\/100|[from] item: Leftovers\n|-fieldend|move: Trick Room\n|upkeep\n|\n|t:|1700405075\n|switch|p2a: OkamariNoSozoki|Marshadow|100\/100\n|turn|14\n|\n|t:|1700405083\n|switch|p1a: N For Ni***|Necrozma-Dusk-Mane|68\/100\n|move|p2a: OkamariNoSozoki|Spectral Thief|p1a: N For Ni***\n|-supereffective|p1a: N For Ni***\n|-damage|p1a: N For Ni***|6\/100\n|-enditem|p1a: N For Ni***|Weakness Policy\n|-boost|p1a: N For Ni***|atk|2|[from] item: Weakness Policy\n|-boost|p1a: N For Ni***|spa|2|[from] item: Weakness Policy\n|\n|upkeep\n|turn|15\n|\n|t:|1700405092\n|move|p2a: OkamariNoSozoki|Spectral Thief||[still]\n|-clearpositiveboost|p1a: N For Ni***|p2a: OkamariNoSozoki|move: Spectral Thief\n|-boost|p2a: OkamariNoSozoki|atk|2\n|-boost|p2a: OkamariNoSozoki|spa|2\n|-anim|p2a: OkamariNoSozoki|Spectral Thief|p1a: N For Ni***\n|-supereffective|p1a: N For Ni***\n|-damage|p1a: N For Ni***|0 fnt\n|faint|p1a: N For Ni***\n|\n|upkeep\n|\n|t:|1700405096\n|switch|p1a: Counter Sweep|Ditto|100\/100\n|-transform|p1a: Counter Sweep|p2a: OkamariNoSozoki|[from] ability: Imposter\n|turn|16\n|\n|t:|1700405111\n|-terastallize|p1a: Counter Sweep|Normal\n|move|p1a: Counter Sweep|Spectral Thief||[still]\n|-clearpositiveboost|p2a: OkamariNoSozoki|p1a: Counter Sweep|move: Spectral Thief\n|-boost|p1a: Counter Sweep|atk|2\n|-boost|p1a: Counter Sweep|spa|2\n|-anim|p1a: Counter Sweep|Spectral Thief|p2a: OkamariNoSozoki\n|-supereffective|p2a: OkamariNoSozoki\n|-enditem|p2a: OkamariNoSozoki|Focus Sash\n|-damage|p2a: OkamariNoSozoki|1\/100\n|move|p2a: OkamariNoSozoki|Spectral Thief|p1a: Counter Sweep\n|-immune|p1a: Counter Sweep\n|\n|upkeep\n|turn|17\n|c|\u2606MP555|Gg\n|\n|t:|1700405128\n|move|p1a: Counter Sweep|Spectral Thief|p2a: OkamariNoSozoki\n|-supereffective|p2a: OkamariNoSozoki\n|-damage|p2a: OkamariNoSozoki|0 fnt\n|faint|p2a: OkamariNoSozoki\n|\n|upkeep\n|\n|t:|1700405130\n|switch|p2a: 60%|Shaymin-Sky|100\/100\n|turn|18\n|\n|t:|1700405134\n|move|p2a: 60%|Air Slash|p1a: Counter Sweep\n|-damage|p1a: Counter Sweep|52\/100\n|move|p1a: Counter Sweep|Spectral Thief|p2a: 60%\n|-damage|p2a: 60%|0 fnt\n|faint|p2a: 60%\n|\n|upkeep\n|\n|t:|1700405141\n|switch|p2a: Rayquazahef|Rayquaza|46\/100\n|-ability|p2a: Rayquazahef|Air Lock\n|turn|19\n|\n|t:|1700405146\n|move|p2a: Rayquazahef|Extreme Speed|p1a: Counter Sweep\n|-damage|p1a: Counter Sweep|0 fnt\n|faint|p1a: Counter Sweep\n|\n|upkeep\n|\n|t:|1700405148\n|switch|p1a: Ouga Bounga Taper|Calyrex-Ice|68\/100\n|-ability|p1a: Ouga Bounga Taper|As One\n|-ability|p1a: Ouga Bounga Taper|Unnerve\n|turn|20\n|\n|t:|1700405152\n|move|p2a: Rayquazahef|Extreme Speed|p1a: Ouga Bounga Taper\n|-damage|p1a: Ouga Bounga Taper|33\/100\n|move|p1a: Ouga Bounga Taper|Trick Room|p1a: Ouga Bounga Taper\n|-fieldstart|move: Trick Room|[of] p1a: Ouga Bounga Taper\n|\n|-heal|p1a: Ouga Bounga Taper|39\/100|[from] item: Leftovers\n|upkeep\n|turn|21\n|\n|t:|1700405162\n|switch|p2a: Soleil Noir|Necrozma-Dusk-Mane|60\/100\n|move|p1a: Ouga Bounga Taper|High Horsepower|p2a: Soleil Noir\n|-supereffective|p2a: Soleil Noir\n|-damage|p2a: Soleil Noir|24\/100\n|\n|-heal|p1a: Ouga Bounga Taper|46\/100|[from] item: Leftovers\n|-heal|p2a: Soleil Noir|30\/100|[from] item: Leftovers\n|upkeep\n|turn|22\n|\n|t:|1700405170\n|move|p1a: Ouga Bounga Taper|High Horsepower|p2a: Soleil Noir\n|-supereffective|p2a: Soleil Noir\n|-damage|p2a: Soleil Noir|0 fnt\n|faint|p2a: Soleil Noir\n|-ability|p1a: Ouga Bounga Taper|Chilling Neigh|boost\n|-boost|p1a: Ouga Bounga Taper|atk|1\n|\n|-heal|p1a: Ouga Bounga Taper|52\/100|[from] item: Leftovers\n|upkeep\n|\n|t:|1700405172\n|switch|p2a: Rayquazahef|Rayquaza|46\/100\n|-ability|p2a: Rayquazahef|Air Lock\n|turn|23\n|\n|t:|1700405175\n|move|p2a: Rayquazahef|Extreme Speed|p1a: Ouga Bounga Taper\n|-damage|p1a: Ouga Bounga Taper|21\/100\n|move|p1a: Ouga Bounga Taper|Glacial Lance|p2a: Rayquazahef\n|-supereffective|p2a: Rayquazahef\n|-damage|p2a: Rayquazahef|0 fnt\n|faint|p2a: Rayquazahef\n|\n|win|MP555\n|l|\u2606MP555\n|l| Smoukingrad\n|l| Kai_Kitt\n","uploadtime":1700405265,"views":5,"p1id":"mp555","p2id":"gatubraz","formatid":"gen9nationaldexubers","rating":0,"private":0,"password":""}