{"id":"gen9nationaldexubers-1984987778","p1":"jaynay121","p2":"KIRIN01","format":"[Gen 9] National Dex Ubers","log":"|j|\u2606jaynay121\n|j|\u2606KIRIN01\n|t:|1699317949\n|gametype|singles\n|player|p1|jaynay121|266|\n|player|p2|KIRIN01|hoopster|\n|teamsize|p1|6\n|teamsize|p2|6\n|gen|9\n|tier|[Gen 9] National Dex Ubers\n|rule|HP Percentage Mod: HP is shown in percentages\n|rule|Endless Battle Clause: Forcing endless battles is banned\n|rule|OHKO Clause: OHKO moves are banned\n|rule|Evasion Moves Clause: Evasion moves are banned\n|rule|Evasion Items Clause: Evasion items are banned\n|rule|Species Clause: Limit one of each Pok\u00e9mon\n|rule|Sleep Clause Mod: Limit one foe put to sleep\n|rule|Mega Rayquaza Clause: You cannot mega evolve Rayquaza\n|clearpoke\n|poke|p1|Landorus-Therian, M|\n|poke|p1|Heatran, M|\n|poke|p1|Sneasler, M|\n|poke|p1|Keldeo-Resolute|\n|poke|p1|Mimikyu, F|\n|poke|p1|Froslass, F|\n|poke|p2|Scizor, F|\n|poke|p2|Tornadus-Therian, M|\n|poke|p2|Baxcalibur, M|\n|poke|p2|Iron Moth|\n|poke|p2|Slowbro, M|\n|poke|p2|Chansey, F|\n|teampreview\n|c|\u2606KIRIN01|hf\n|c|\u2606jaynay121|You too\n|j| Victor WembanYANMA\n|j| Klutchin\n|\n|t:|1699317994\n|start\n|switch|p1a: Froslass|Froslass, F|100\/100\n|switch|p2a: Tornadus|Tornadus-Therian, M|100\/100\n|turn|1\n|c|\u2606KIRIN01|no way real victor wembanyanma\n|c| Victor WembanYANMA|buzz buzz it's me victor wembanyanma\n|j| ChrisFinchinator2\n|\n|t:|1699318013\n|move|p2a: Tornadus|Taunt|p1a: Froslass\n|-start|p1a: Froslass|move: Taunt\n|move|p1a: Froslass|Ice Beam|p2a: Tornadus\n|-supereffective|p2a: Tornadus\n|-damage|p2a: Tornadus|51\/100\n|-status|p2a: Tornadus|frz\n|\n|upkeep\n|turn|2\n|c| Victor WembanYANMA|oof\n|c|\u2606jaynay121|I finally won a 10%!\n|\n|t:|1699318041\n|switch|p2a: Scizor|Scizor, F|100\/100\n|move|p1a: Froslass|Ice Beam|p2a: Scizor\n|-resisted|p2a: Scizor\n|-damage|p2a: Scizor|84\/100\n|\n|upkeep\n|turn|3\n|\n|t:|1699318053\n|switch|p1a: Landorus|Landorus-Therian, M|100\/100\n|-ability|p1a: Landorus|Intimidate|boost\n|-unboost|p2a: Scizor|atk|1\n|detailschange|p2a: Scizor|Scizor-Mega, F\n|-mega|p2a: Scizor|Scizor|Scizorite\n|move|p2a: Scizor|U-turn|p1a: Landorus\n|-resisted|p1a: Landorus\n|-damage|p1a: Landorus|93\/100\n|-damage|p2a: Scizor|67\/100|[from] item: Rocky Helmet|[of] p1a: Landorus\n|j| ChrisFinchinator2\n|\n|t:|1699318138\n|switch|p2a: Iron Moth|Iron Moth|100\/100|[from] U-turn\n|\n|upkeep\n|turn|4\n|\n|t:|1699318176\n|-end|p2a: Iron Moth|Quark Drive|[silent]\n|switch|p2a: Slowbro|Slowbro, M|100\/100\n|move|p1a: Landorus|Earthquake|p2a: Slowbro\n|-damage|p2a: Slowbro|73\/100\n|\n|upkeep\n|turn|5\n|\n|t:|1699318190\n|move|p1a: Landorus|Toxic|p2a: Slowbro\n|-status|p2a: Slowbro|tox\n|move|p2a: Slowbro|Future Sight|p1a: Landorus\n|-start|p2a: Slowbro|move: Future Sight\n|\n|-damage|p2a: Slowbro|67\/100 tox|[from] psn\n|upkeep\n|turn|6\n|\n|t:|1699318200\n|move|p1a: Landorus|Stealth Rock|p2a: Slowbro\n|-sidestart|p2: KIRIN01|move: Stealth Rock\n|move|p2a: Slowbro|Teleport|p2a: Slowbro\n|\n|t:|1699318280\n|switch|p2a: Baxcalibur|Baxcalibur, M|100\/100|[from] Teleport\n|-damage|p2a: Baxcalibur|76\/100|[from] Stealth Rock\n|\n|upkeep\n|turn|7\n|\n|t:|1699318292\n|switch|p1a: Keldeo|Keldeo-Resolute|100\/100\n|move|p2a: Baxcalibur|Dragon Dance|p2a: Baxcalibur\n|-boost|p2a: Baxcalibur|atk|1\n|-boost|p2a: Baxcalibur|spe|1\n|\n|-end|p1a: Keldeo|move: Future Sight\n|-supereffective|p1a: Keldeo\n|-damage|p1a: Keldeo|11\/100\n|upkeep\n|turn|8\n|c|\u2606jaynay121|Oh shoot totally forgot that\n|\n|t:|1699318344\n|switch|p2a: Tornadus|Tornadus-Therian, M|84\/100 frz\n|-damage|p2a: Tornadus|59\/100 frz|[from] Stealth Rock\n|move|p1a: Keldeo|Secret Sword|p2a: Tornadus\n|-resisted|p2a: Tornadus\n|-damage|p2a: Tornadus|33\/100 frz\n|\n|upkeep\n|turn|9\n|\n|t:|1699318370\n|switch|p1a: Mimikyu|Mimikyu, F|100\/100\n|cant|p2a: Tornadus|frz\n|\n|upkeep\n|turn|10\n|\n|t:|1699318393\n|switch|p2a: Slowbro|Slowbro, M|99\/100 tox\n|move|p1a: Mimikyu|Swords Dance|p1a: Mimikyu\n|-boost|p1a: Mimikyu|atk|2\n|\n|-damage|p2a: Slowbro|94\/100 tox|[from] psn\n|upkeep\n|turn|11\n|\n|t:|1699318401\n|move|p1a: Mimikyu|Swords Dance|p1a: Mimikyu\n|-boost|p1a: Mimikyu|atk|2\n|move|p2a: Slowbro|Scald|p1a: Mimikyu\n|-activate|p1a: Mimikyu|ability: Disguise\n|-damage|p1a: Mimikyu|100\/100\n|detailschange|p1a: Mimikyu|Mimikyu-Busted, F\n|-damage|p1a: Mimikyu|88\/100|[from] pokemon: Mimikyu-Busted\n|\n|-damage|p2a: Slowbro|82\/100 tox|[from] psn\n|upkeep\n|turn|12\n|\n|t:|1699318438\n|switch|p2a: Chansey|Chansey, F|100\/100\n|-damage|p2a: Chansey|88\/100|[from] Stealth Rock\n|move|p1a: Mimikyu|Shadow Claw|p2a: Chansey\n|-immune|p2a: Chansey\n|\n|upkeep\n|turn|13\n|\n|t:|1699318453\n|move|p1a: Mimikyu|Play Rough|p2a: Chansey\n|-damage|p2a: Chansey|2\/100\n|-damage|p1a: Mimikyu|78\/100|[from] item: Life Orb\n|move|p2a: Chansey|Teleport|p2a: Chansey\n|\n|t:|1699318466\n|switch|p2a: Scizor|Scizor-Mega, F|67\/100|[from] Teleport\n|-damage|p2a: Scizor|55\/100|[from] Stealth Rock\n|\n|upkeep\n|turn|14\n|\n|t:|1699318544\n|move|p1a: Mimikyu|Shadow Sneak|p2a: Scizor\n|-damage|p2a: Scizor|22\/100\n|-damage|p1a: Mimikyu|68\/100|[from] item: Life Orb\n|move|p2a: Scizor|Bullet Punch|p1a: Mimikyu\n|-supereffective|p1a: Mimikyu\n|-damage|p1a: Mimikyu|0 fnt\n|faint|p1a: Mimikyu\n|\n|upkeep\n|\n|t:|1699318558\n|switch|p1a: Landorus|Landorus-Therian, M|93\/100\n|-ability|p1a: Landorus|Intimidate|boost\n|-unboost|p2a: Scizor|atk|1\n|turn|15\n|\n|t:|1699318569\n|move|p1a: Landorus|Toxic|p2a: Scizor\n|-immune|p2a: Scizor\n|move|p2a: Scizor|Roost|p2a: Scizor\n|-heal|p2a: Scizor|72\/100\n|-singleturn|p2a: Scizor|move: Roost\n|\n|upkeep\n|turn|16\n|\n|t:|1699318619\n|move|p1a: Landorus|Toxic|p2a: Scizor\n|-immune|p2a: Scizor\n|move|p2a: Scizor|U-turn|p1a: Landorus\n|-resisted|p1a: Landorus\n|-damage|p1a: Landorus|84\/100\n|-damage|p2a: Scizor|55\/100|[from] item: Rocky Helmet|[of] p1a: Landorus\n|c| Victor WembanYANMA|double tox into the sciz is crazy\n|\n|t:|1699318704\n|switch|p2a: Slowbro|Slowbro, M|100\/100 tox|[from] U-turn\n|\n|-damage|p2a: Slowbro|94\/100 tox|[from] psn\n|upkeep\n|turn|17\n|c|\u2606jaynay121|The EQ seemed so obvious that surely he was going to go to Torn, right?\n|\n|t:|1699318718\n|move|p1a: Landorus|U-turn|p2a: Slowbro\n|-supereffective|p2a: Slowbro\n|-damage|p2a: Slowbro|66\/100 tox\n|\n|t:|1699318735\n|switch|p1a: Sneasler|Sneasler, M|100\/100|[from] U-turn\n|move|p2a: Slowbro|Future Sight|p1a: Sneasler\n|-start|p2a: Slowbro|move: Future Sight\n|\n|-damage|p2a: Slowbro|54\/100 tox|[from] psn\n|upkeep\n|turn|18\n|c| Victor WembanYANMA|but Torn is frozen\n|c| Victor WembanYANMA|so what does Toxic do\n|c|\u2606KIRIN01|this\n|c|\u2606jaynay121|Yeah I'll be honest I forgot that.\n|c| Victor WembanYANMA|LOL\n|c|\u2606jaynay121|I'm not exactly playing at 100% capacity today lol\n|c| Klutchin|the vaccine...\n|c| Klutchin|the 5G has fried jay sadly\n|\n|t:|1699318828\n|switch|p2a: Chansey|Chansey, F|2\/100\n|-damage|p2a: Chansey|0 fnt|[from] Stealth Rock\n|faint|p2a: Chansey\n|move|p1a: Sneasler|Swords Dance|p1a: Sneasler\n|-boost|p1a: Sneasler|atk|2\n|\n|upkeep\n|c| Victor WembanYANMA|they've taken control of his chip fr\n|\n|t:|1699318865\n|switch|p2a: Scizor|Scizor-Mega, F|55\/100\n|-damage|p2a: Scizor|43\/100|[from] Stealth Rock\n|turn|19\n|\n|t:|1699318927\n|switch|p1a: Landorus|Landorus-Therian, M|84\/100\n|-ability|p1a: Landorus|Intimidate|boost\n|-unboost|p2a: Scizor|atk|1\n|move|p2a: Scizor|Bullet Punch|p1a: Landorus\n|-damage|p1a: Landorus|68\/100\n|-damage|p2a: Scizor|26\/100|[from] item: Rocky Helmet|[of] p1a: Landorus\n|\n|-end|p1a: Landorus|move: Future Sight\n|-damage|p1a: Landorus|24\/100\n|upkeep\n|turn|20\n|\n|t:|1699318955\n|move|p1a: Landorus|U-turn|p2a: Scizor\n|-resisted|p2a: Scizor\n|-damage|p2a: Scizor|20\/100\n|\n|t:|1699318961\n|switch|p1a: Heatran|Heatran, M|100\/100|[from] U-turn\n|move|p2a: Scizor|Roost|p2a: Scizor\n|-heal|p2a: Scizor|70\/100\n|-singleturn|p2a: Scizor|move: Roost\n|\n|upkeep\n|turn|21\n|\n|t:|1699318985\n|switch|p2a: Tornadus|Tornadus-Therian, M|66\/100 frz\n|-damage|p2a: Tornadus|41\/100 frz|[from] Stealth Rock\n|move|p1a: Heatran|Magma Storm|p2a: Tornadus\n|-damage|p2a: Tornadus|0 fnt\n|faint|p2a: Tornadus\n|\n|upkeep\n|\n|t:|1699319010\n|switch|p2a: Baxcalibur|Baxcalibur, M|76\/100\n|-damage|p2a: Baxcalibur|51\/100|[from] Stealth Rock\n|turn|22\n|\n|t:|1699319038\n|switch|p1a: Landorus|Landorus-Therian, M|24\/100\n|-ability|p1a: Landorus|Intimidate|boost\n|-unboost|p2a: Baxcalibur|atk|1\n|move|p2a: Baxcalibur|Dragon Dance|p2a: Baxcalibur\n|-boost|p2a: Baxcalibur|atk|1\n|-boost|p2a: Baxcalibur|spe|1\n|\n|upkeep\n|turn|23\n|\n|t:|1699319071\n|move|p2a: Baxcalibur|Icicle Spear|p1a: Landorus\n|-supereffective|p1a: Landorus\n|-damage|p1a: Landorus|0 fnt\n|faint|p1a: Landorus\n|-hitcount|p1: Landorus|1\n|\n|upkeep\n|\n|t:|1699319076\n|switch|p1a: Keldeo|Keldeo-Resolute|11\/100\n|turn|24\n|\n|t:|1699319177\n|switch|p2a: Slowbro|Slowbro, M|88\/100 tox\n|move|p1a: Keldeo|Secret Sword|p2a: Slowbro\n|-resisted|p2a: Slowbro\n|-damage|p2a: Slowbro|72\/100 tox\n|\n|-damage|p2a: Slowbro|66\/100 tox|[from] psn\n|upkeep\n|turn|25\n|\n|t:|1699319198\n|switch|p1a: Heatran|Heatran, M|100\/100\n|move|p2a: Slowbro|Future Sight|p1a: Heatran\n|-start|p2a: Slowbro|move: Future Sight\n|\n|-damage|p2a: Slowbro|54\/100 tox|[from] psn\n|upkeep\n|turn|26\n|\n|t:|1699319213\n|move|p1a: Heatran|Magma Storm|p2a: Slowbro|[miss]\n|-miss|p1a: Heatran|p2a: Slowbro\n|move|p2a: Slowbro|Teleport|p2a: Slowbro\n|\n|t:|1699319230\n|switch|p2a: Baxcalibur|Baxcalibur, M|51\/100|[from] Teleport\n|-damage|p2a: Baxcalibur|26\/100|[from] Stealth Rock\n|\n|upkeep\n|turn|27\n|\n|t:|1699319275\n|move|p2a: Baxcalibur|Earthquake|p1a: Heatran\n|-supereffective|p1a: Heatran\n|-damage|p1a: Heatran|0 fnt\n|faint|p1a: Heatran\n|\n|-hint|Future Sight did not hit because the target is fainted.\n|upkeep\n|\n|t:|1699319285\n|switch|p1a: Keldeo|Keldeo-Resolute|11\/100\n|turn|28\n|\n|t:|1699319301\n|move|p1a: Keldeo|Secret Sword|p2a: Baxcalibur\n|-supereffective|p2a: Baxcalibur\n|-damage|p2a: Baxcalibur|0 fnt\n|faint|p2a: Baxcalibur\n|\n|upkeep\n|\n|t:|1699319330\n|switch|p2a: Scizor|Scizor-Mega, F|70\/100\n|-damage|p2a: Scizor|58\/100|[from] Stealth Rock\n|turn|29\n|\n|t:|1699319355\n|move|p1a: Keldeo|Secret Sword|p2a: Scizor\n|-damage|p2a: Scizor|31\/100\n|move|p2a: Scizor|Roost|p2a: Scizor\n|-heal|p2a: Scizor|81\/100\n|-singleturn|p2a: Scizor|move: Roost\n|\n|upkeep\n|turn|30\n|\n|t:|1699319396\n|move|p2a: Scizor|Bullet Punch|p1a: Keldeo\n|-resisted|p1a: Keldeo\n|-damage|p1a: Keldeo|0 fnt\n|faint|p1a: Keldeo\n|\n|upkeep\n|\n|t:|1699319417\n|switch|p1a: Sneasler|Sneasler, M|100\/100\n|turn|31\n|\n|t:|1699319424\n|move|p2a: Scizor|Bullet Punch|p1a: Sneasler\n|-damage|p1a: Sneasler|52\/100\n|move|p1a: Sneasler|Swords Dance|p1a: Sneasler\n|-boost|p1a: Sneasler|atk|2\n|\n|upkeep\n|turn|32\n|\n|t:|1699319433\n|move|p2a: Scizor|Bullet Punch|p1a: Sneasler\n|-damage|p1a: Sneasler|0 fnt\n|faint|p1a: Sneasler\n|\n|upkeep\n|c|\u2606jaynay121|Oof that roll\n|\n|t:|1699319439\n|switch|p1a: Froslass|Froslass, F|100\/100\n|turn|33\n|c|\u2606jaynay121|gg\n|\n|t:|1699319444\n|move|p2a: Scizor|Bullet Punch|p1a: Froslass\n|-supereffective|p1a: Froslass\n|-damage|p1a: Froslass|18\/100\n|-start|p2a: Scizor|Disable|Bullet Punch|[from] ability: Cursed Body|[of] p1a: Froslass\n|move|p1a: Froslass|Will-O-Wisp|p2a: Scizor\n|-status|p2a: Scizor|brn\n|\n|-damage|p2a: Scizor|75\/100 brn|[from] brn\n|upkeep\n|turn|34\n|c|\u2606KIRIN01|gg\n|\n|t:|1699319455\n|move|p1a: Froslass|Ice Beam|p2a: Scizor\n|-resisted|p2a: Scizor\n|-damage|p2a: Scizor|61\/100 brn\n|move|p2a: Scizor|Roost|p2a: Scizor\n|-heal|p2a: Scizor|100\/100 brn\n|-singleturn|p2a: Scizor|move: Roost\n|\n|-damage|p2a: Scizor|94\/100 brn|[from] brn\n|upkeep\n|turn|35\n|\n|t:|1699319481\n|move|p1a: Froslass|Ice Beam|p2a: Scizor\n|-resisted|p2a: Scizor\n|-damage|p2a: Scizor|82\/100 brn\n|move|p2a: Scizor|Close Combat|p1a: Froslass\n|-immune|p1a: Froslass\n|\n|-damage|p2a: Scizor|76\/100 brn|[from] brn\n|upkeep\n|turn|36\n|c|\u2606jaynay121|Oh lol oops\n|\n|t:|1699319492\n|move|p1a: Froslass|Ice Beam|p2a: Scizor\n|-resisted|p2a: Scizor\n|-damage|p2a: Scizor|63\/100 brn\n|move|p2a: Scizor|Close Combat|p1a: Froslass\n|-immune|p1a: Froslass\n|\n|-damage|p2a: Scizor|57\/100 brn|[from] brn\n|-end|p2a: Scizor|Disable\n|upkeep\n|turn|37\n|\n|t:|1699319501\n|move|p2a: Scizor|Bullet Punch|p1a: Froslass\n|-supereffective|p1a: Froslass\n|-damage|p1a: Froslass|0 fnt\n|faint|p1a: Froslass\n|\n|win|KIRIN01\n","uploadtime":1699319506,"views":18,"p1id":"jaynay121","p2id":"kirin01","formatid":"gen9nationaldexubers","rating":0,"private":0,"password":""}