{"id":"gen9nationaldexubers-1988749920","p1":"Rhyfinn 04","p2":"Big round man","format":"[Gen 9] National Dex Ubers","log":"|j|\u2606Rhyfinn 04\n|j|\u2606Big round man\n|t:|1699758300\n|gametype|singles\n|player|p1|Rhyfinn 04|alder|1296\n|player|p2|Big round man|crasherwake|1381\n|teamsize|p1|6\n|teamsize|p2|6\n|gen|9\n|tier|[Gen 9] National Dex Ubers\n|rated|\n|rule|HP Percentage Mod: HP is shown in percentages\n|rule|Endless Battle Clause: Forcing endless battles is banned\n|rule|OHKO Clause: OHKO moves are banned\n|rule|Evasion Moves Clause: Evasion moves are banned\n|rule|Evasion Items Clause: Evasion items are banned\n|rule|Species Clause: Limit one of each Pok\u00e9mon\n|rule|Sleep Clause Mod: Limit one foe put to sleep\n|rule|Mega Rayquaza Clause: You cannot mega evolve Rayquaza\n|clearpoke\n|poke|p1|Groudon|\n|poke|p1|Xerneas-*|\n|poke|p1|Marshadow|\n|poke|p1|Necrozma-Dusk-Mane|\n|poke|p1|Deoxys-Speed|\n|poke|p1|Pheromosa|\n|poke|p2|Marshadow|\n|poke|p2|Chandelure, F|\n|poke|p2|Sinistcha-Masterpiece|\n|poke|p2|Misdreavus, F|\n|poke|p2|Mimikyu, M|\n|poke|p2|Banette, M|\n|teampreview\n|inactive|Battle timer is ON: inactive players will automatically lose when time's up. (requested by Rhyfinn 04)\n|c|\u2606Big round man|glhf\n|\n|t:|1699758313\n|start\n|switch|p1a: Deoxys|Deoxys-Speed, shiny|100\/100\n|switch|p2a: Sinistcha|Sinistcha-Masterpiece|100\/100\n|-ability|p1a: Deoxys|Pressure\n|turn|1\n|\n|t:|1699758320\n|move|p1a: Deoxys|Taunt|p2a: Sinistcha\n|-start|p2a: Sinistcha|move: Taunt\n|move|p2a: Sinistcha|Shadow Ball|p1a: Deoxys\n|-supereffective|p1a: Deoxys\n|-enditem|p1a: Deoxys|Focus Sash\n|-damage|p1a: Deoxys|1\/100\n|\n|upkeep\n|turn|2\n|\n|t:|1699758329\n|move|p1a: Deoxys|Stealth Rock|p2a: Sinistcha\n|-sidestart|p2: Big round man|move: Stealth Rock\n|move|p2a: Sinistcha|Matcha Gotcha|p1a: Deoxys\n|-damage|p1a: Deoxys|0 fnt\n|faint|p1a: Deoxys\n|\n|upkeep\n|\n|t:|1699758335\n|switch|p1a: Groudon|Groudon, shiny|100\/100\n|detailschange|p1a: Groudon|Groudon-Primal, shiny\n|-primal|p1a: Groudon|Red Orb\n|-weather|DesolateLand|[from] ability: Desolate Land|[of] p1a: Groudon\n|turn|3\n|\n|t:|1699758348\n|move|p1a: Groudon|Rock Polish|p1a: Groudon\n|-boost|p1a: Groudon|spe|2\n|move|p2a: Sinistcha|Shadow Ball|p1a: Groudon\n|-damage|p1a: Groudon|51\/100\n|-unboost|p1a: Groudon|spd|1\n|\n|-weather|DesolateLand|[upkeep]\n|-end|p2a: Sinistcha|move: Taunt\n|upkeep\n|turn|4\n|\n|t:|1699758354\n|move|p1a: Groudon|Flamethrower|p2a: Sinistcha\n|-supereffective|p2a: Sinistcha\n|-enditem|p2a: Sinistcha|Focus Sash\n|-damage|p2a: Sinistcha|1\/100\n|move|p2a: Sinistcha|Strength Sap|p1a: Groudon\n|-unboost|p1a: Groudon|atk|1\n|-heal|p2a: Sinistcha|96\/100\n|\n|-weather|DesolateLand|[upkeep]\n|upkeep\n|turn|5\n|\n|t:|1699758360\n|move|p1a: Groudon|Flamethrower|p2a: Sinistcha\n|-supereffective|p2a: Sinistcha\n|-damage|p2a: Sinistcha|0 fnt\n|faint|p2a: Sinistcha\n|\n|-weather|DesolateLand|[upkeep]\n|upkeep\n|inactive|Big round man has 120 seconds left.\n|\n|t:|1699758392\n|switch|p2a: Misdreavus|Misdreavus, F|100\/100\n|-damage|p2a: Misdreavus|88\/100|[from] Stealth Rock\n|turn|6\n|\n|t:|1699758398\n|move|p1a: Groudon|Flamethrower|p2a: Misdreavus\n|-damage|p2a: Misdreavus|28\/100\n|move|p2a: Misdreavus|Foul Play|p1a: Groudon\n|-damage|p1a: Groudon|37\/100\n|\n|-weather|DesolateLand|[upkeep]\n|upkeep\n|turn|7\n|\n|t:|1699758404\n|move|p1a: Groudon|Flamethrower|p2a: Misdreavus\n|-damage|p2a: Misdreavus|0 fnt\n|faint|p2a: Misdreavus\n|\n|-weather|DesolateLand|[upkeep]\n|upkeep\n|\n|t:|1699758408\n|switch|p2a: Marshadow|Marshadow|100\/100\n|-damage|p2a: Marshadow|94\/100|[from] Stealth Rock\n|turn|8\n|\n|t:|1699758415\n|move|p2a: Marshadow|Shadow Sneak|p1a: Groudon\n|-damage|p1a: Groudon|13\/100\n|move|p1a: Groudon|Flamethrower|p2a: Marshadow\n|-damage|p2a: Marshadow|1\/100\n|\n|-weather|DesolateLand|[upkeep]\n|upkeep\n|turn|9\n|\n|t:|1699758420\n|move|p2a: Marshadow|Shadow Sneak|p1a: Groudon\n|-damage|p1a: Groudon|0 fnt\n|faint|p1a: Groudon\n|-weather|none\n|\n|upkeep\n|\n|t:|1699758426\n|switch|p1a: Marshadow|Marshadow|100\/100\n|turn|10\n|\n|t:|1699758442\n|move|p1a: Marshadow|Shadow Sneak|p2a: Marshadow\n|-supereffective|p2a: Marshadow\n|-damage|p2a: Marshadow|0 fnt\n|faint|p2a: Marshadow\n|\n|upkeep\n|\n|t:|1699758445\n|switch|p2a: Mimikyu|Mimikyu, M|100\/100\n|-damage|p2a: Mimikyu|88\/100|[from] Stealth Rock\n|turn|11\n|\n|t:|1699758452\n|move|p1a: Marshadow|Spectral Thief|p2a: Mimikyu\n|-activate|p2a: Mimikyu|ability: Disguise\n|-damage|p2a: Mimikyu|88\/100\n|detailschange|p2a: Mimikyu|Mimikyu-Busted, M\n|-damage|p2a: Mimikyu|76\/100|[from] pokemon: Mimikyu-Busted\n|move|p2a: Mimikyu|Play Rough|p1a: Marshadow\n|-supereffective|p1a: Marshadow\n|-enditem|p1a: Marshadow|Focus Sash\n|-damage|p1a: Marshadow|1\/100\n|-damage|p2a: Mimikyu|66\/100|[from] item: Life Orb\n|\n|upkeep\n|turn|12\n|\n|t:|1699758462\n|-terastallize|p1a: Marshadow|Normal\n|move|p1a: Marshadow|Spectral Thief|p2a: Mimikyu\n|-supereffective|p2a: Mimikyu\n|-damage|p2a: Mimikyu|0 fnt\n|faint|p2a: Mimikyu\n|\n|upkeep\n|\n|t:|1699758470\n|switch|p2a: Banette|Banette, M|100\/100\n|-damage|p2a: Banette|88\/100|[from] Stealth Rock\n|turn|13\n|\n|t:|1699758477\n|move|p1a: Marshadow|Spectral Thief|p2a: Banette\n|-supereffective|p2a: Banette\n|-damage|p2a: Banette|0 fnt\n|faint|p2a: Banette\n|\n|upkeep\n|\n|t:|1699758481\n|switch|p2a: Chandelure|Chandelure, F|100\/100\n|-damage|p2a: Chandelure|76\/100|[from] Stealth Rock\n|turn|14\n|\n|t:|1699758486\n|move|p1a: Marshadow|Spectral Thief|p2a: Chandelure\n|-supereffective|p2a: Chandelure\n|-damage|p2a: Chandelure|0 fnt\n|faint|p2a: Chandelure\n|\n|win|Rhyfinn 04\n|raw|Rhyfinn 04's rating: 1296 &rarr; <strong>1327<\/strong><br \/>(+31 for winning)\n|raw|Big round man's rating: 1381 &rarr; <strong>1356<\/strong><br \/>(-25 for losing)\n|c|\u2606Big round man|gg\n","uploadtime":1699758490,"views":5,"p1id":"rhyfinn04","p2id":"bigroundman","formatid":"gen9nationaldexubers","rating":1327,"private":0,"password":""}