{"id":"gen9nationaldexubers-1999252678","p1":"Maybebetterthanu","p2":"Snorkle Porkle","format":"[Gen 9] National Dex Ubers","log":"|j|\u2606Maybebetterthanu\n|j|\u2606Snorkle Porkle\n|t:|1701051016\n|gametype|singles\n|player|p1|Maybebetterthanu|fantina|\n|player|p2|Snorkle Porkle|266|\n|teamsize|p1|6\n|teamsize|p2|6\n|gen|9\n|tier|[Gen 9] National Dex Ubers\n|rule|HP Percentage Mod: HP is shown in percentages\n|rule|Endless Battle Clause: Forcing endless battles is banned\n|rule|OHKO Clause: OHKO moves are banned\n|rule|Evasion Moves Clause: Evasion moves are banned\n|rule|Evasion Items Clause: Evasion items are banned\n|rule|Species Clause: Limit one of each Pok\u00e9mon\n|rule|Sleep Clause Mod: Limit one foe put to sleep\n|rule|Mega Rayquaza Clause: You cannot mega evolve Rayquaza\n|clearpoke\n|poke|p1|Ribombee, F|\n|poke|p1|Porygon2|\n|poke|p1|Murkrow, M|\n|poke|p1|Darmanitan, F|\n|poke|p1|Walking Wake|\n|poke|p1|Gliscor, M|\n|poke|p2|Talonflame, F|\n|poke|p2|Dondozo, M|\n|poke|p2|Metagross|\n|poke|p2|Weezing-Galar, F|\n|poke|p2|Garchomp, M|\n|poke|p2|Dragapult, F|\n|teampreview\n|j| landlord79\n|\n|t:|1701051076\n|start\n|switch|p1a: Tiptoe thru Tulips|Ribombee, F, shiny|100\/100\n|switch|p2a: Mobile Factory|Weezing-Galar, F|100\/100\n|turn|1\n|\n|t:|1701051090\n|move|p1a: Tiptoe thru Tulips|Sticky Web|p2a: Mobile Factory\n|-sidestart|p2: Snorkle Porkle|move: Sticky Web\n|move|p2a: Mobile Factory|Toxic|p1a: Tiptoe thru Tulips\n|-status|p1a: Tiptoe thru Tulips|tox\n|\n|-damage|p1a: Tiptoe thru Tulips|94\/100 tox|[from] psn\n|upkeep\n|turn|2\n|\n|t:|1701051127\n|move|p1a: Tiptoe thru Tulips|Infestation|p2a: Mobile Factory\n|-resisted|p2a: Mobile Factory\n|-damage|p2a: Mobile Factory|98\/100\n|-activate|p2a: Mobile Factory|move: Infestation|[of] p1a: Tiptoe thru Tulips\n|move|p2a: Mobile Factory|Defog|p1a: Tiptoe thru Tulips\n|-unboost|p1a: Tiptoe thru Tulips|evasion|1\n|-sideend|p2: Snorkle Porkle|Sticky Web|[from] move: Defog|[of] p2a: Mobile Factory\n|\n|-heal|p2a: Mobile Factory|100\/100|[from] item: Black Sludge\n|-damage|p1a: Tiptoe thru Tulips|82\/100 tox|[from] psn\n|-damage|p2a: Mobile Factory|88\/100|[from] move: Infestation|[partiallytrapped]\n|upkeep\n|turn|3\n|\n|t:|1701051139\n|switch|p1a: Pimp Jr.|Murkrow, M, shiny|100\/100\n|move|p2a: Mobile Factory|Gunk Shot|p1a: Pimp Jr.|[miss]\n|-miss|p2a: Mobile Factory|p1a: Pimp Jr.\n|\n|-heal|p2a: Mobile Factory|94\/100|[from] item: Black Sludge\n|-end|p2a: Mobile Factory|Infestation|[partiallytrapped]|[silent]\n|upkeep\n|turn|4\n|\n|t:|1701051186\n|move|p1a: Pimp Jr.|Perish Song|p1a: Pimp Jr.\n|-start|p1a: Pimp Jr.|perish3|[silent]\n|-start|p2a: Mobile Factory|perish3|[silent]\n|-fieldactivate|move: Perish Song\n|move|p2a: Mobile Factory|Gunk Shot|p1a: Pimp Jr.\n|-damage|p1a: Pimp Jr.|61\/100\n|\n|-heal|p2a: Mobile Factory|99\/100|[from] item: Black Sludge\n|-start|p1a: Pimp Jr.|perish3\n|-start|p2a: Mobile Factory|perish3\n|upkeep\n|turn|5\n|\n|t:|1701051220\n|move|p1a: Pimp Jr.|Roost|p1a: Pimp Jr.\n|-heal|p1a: Pimp Jr.|100\/100\n|-singleturn|p1a: Pimp Jr.|move: Roost\n|move|p2a: Mobile Factory|Toxic|p1a: Pimp Jr.\n|-status|p1a: Pimp Jr.|tox\n|\n|-heal|p2a: Mobile Factory|100\/100|[from] item: Black Sludge\n|-damage|p1a: Pimp Jr.|94\/100 tox|[from] psn\n|-start|p1a: Pimp Jr.|perish2\n|-start|p2a: Mobile Factory|perish2\n|upkeep\n|turn|6\n|\n|t:|1701051293\n|switch|p2a: Danny Phantom|Dragapult, F|100\/100\n|move|p1a: Pimp Jr.|Sunny Day|p1a: Pimp Jr.\n|-weather|SunnyDay\n|\n|-weather|SunnyDay|[upkeep]\n|-damage|p1a: Pimp Jr.|82\/100 tox|[from] psn\n|-start|p1a: Pimp Jr.|perish1\n|upkeep\n|turn|7\n|\n|t:|1701051330\n|switch|p1a: Tiptoe thru Tulips|Ribombee, F, shiny|82\/100 tox\n|move|p2a: Danny Phantom|Draco Meteor|p1a: Tiptoe thru Tulips\n|-immune|p1a: Tiptoe thru Tulips\n|\n|-weather|SunnyDay|[upkeep]\n|-damage|p1a: Tiptoe thru Tulips|76\/100 tox|[from] psn\n|upkeep\n|turn|8\n|\n|t:|1701051370\n|move|p1a: Tiptoe thru Tulips|Moonblast|p2a: Danny Phantom\n|-supereffective|p2a: Danny Phantom\n|-damage|p2a: Danny Phantom|6\/100\n|-unboost|p2a: Danny Phantom|spa|1\n|move|p2a: Danny Phantom|Draco Meteor|p1a: Tiptoe thru Tulips\n|-immune|p1a: Tiptoe thru Tulips\n|\n|-weather|SunnyDay|[upkeep]\n|-damage|p1a: Tiptoe thru Tulips|64\/100 tox|[from] psn\n|upkeep\n|turn|9\n|\n|t:|1701051388\n|switch|p2a: Mobile Factory|Weezing-Galar, F|100\/100\n|move|p1a: Tiptoe thru Tulips|Moonblast|p2a: Mobile Factory\n|-resisted|p2a: Mobile Factory\n|-damage|p2a: Mobile Factory|73\/100\n|\n|-weather|SunnyDay|[upkeep]\n|-heal|p2a: Mobile Factory|79\/100|[from] item: Black Sludge\n|-damage|p1a: Tiptoe thru Tulips|46\/100 tox|[from] psn\n|upkeep\n|turn|10\n|\n|t:|1701051432\n|switch|p1a: Pimp Jr.|Murkrow, M, shiny|82\/100 tox\n|move|p2a: Mobile Factory|Toxic|p1a: Pimp Jr.\n|-fail|p1a: Pimp Jr.|tox\n|\n|-weather|none\n|-heal|p2a: Mobile Factory|85\/100|[from] item: Black Sludge\n|-damage|p1a: Pimp Jr.|76\/100 tox|[from] psn\n|upkeep\n|turn|11\n|\n|t:|1701051469\n|switch|p1a: Bone Healing Juice|Gliscor, M, shiny|100\/100\n|move|p2a: Mobile Factory|Gunk Shot|p1a: Bone Healing Juice\n|-resisted|p1a: Bone Healing Juice\n|-damage|p1a: Bone Healing Juice|91\/100\n|\n|-heal|p2a: Mobile Factory|91\/100|[from] item: Black Sludge\n|-status|p1a: Bone Healing Juice|tox|[from] item: Toxic Orb\n|upkeep\n|turn|12\n|\n|t:|1701051483\n|switch|p2a: Your Mom|Dondozo, M|100\/100\n|move|p1a: Bone Healing Juice|Knock Off|p2a: Your Mom\n|-damage|p2a: Your Mom|91\/100\n|-enditem|p2a: Your Mom|Leftovers|[from] move: Knock Off|[of] p1a: Bone Healing Juice\n|\n|-heal|p1a: Bone Healing Juice|100\/100 tox|[from] ability: Poison Heal\n|upkeep\n|turn|13\n|\n|t:|1701051494\n|move|p1a: Bone Healing Juice|Toxic|p2a: Your Mom\n|-status|p2a: Your Mom|tox\n|move|p2a: Your Mom|Avalanche|p1a: Bone Healing Juice\n|-supereffective|p1a: Bone Healing Juice\n|-damage|p1a: Bone Healing Juice|68\/100 tox\n|\n|-heal|p1a: Bone Healing Juice|80\/100 tox|[from] ability: Poison Heal\n|-damage|p2a: Your Mom|84\/100 tox|[from] psn\n|upkeep\n|turn|14\n|\n|t:|1701051518\n|move|p1a: Bone Healing Juice|Knock Off|p2a: Your Mom\n|-damage|p2a: Your Mom|78\/100 tox\n|move|p2a: Your Mom|Avalanche|p1a: Bone Healing Juice\n|-supereffective|p1a: Bone Healing Juice\n|-damage|p1a: Bone Healing Juice|15\/100 tox\n|\n|-heal|p1a: Bone Healing Juice|27\/100 tox|[from] ability: Poison Heal\n|-damage|p2a: Your Mom|66\/100 tox|[from] psn\n|upkeep\n|turn|15\n|\n|t:|1701051543\n|move|p1a: Bone Healing Juice|Protect|p1a: Bone Healing Juice\n|-singleturn|p1a: Bone Healing Juice|Protect\n|move|p2a: Your Mom|Liquidation|p1a: Bone Healing Juice\n|-activate|p1a: Bone Healing Juice|move: Protect\n|\n|-heal|p1a: Bone Healing Juice|39\/100 tox|[from] ability: Poison Heal\n|-damage|p2a: Your Mom|48\/100 tox|[from] psn\n|upkeep\n|turn|16\n|\n|t:|1701051603\n|switch|p1a: Cataquack|Porygon2|100\/100\n|-ability|p1a: Cataquack|Unaware|[from] ability: Trace|[of] p2a: Your Mom\n|move|p2a: Your Mom|Rest|p2a: Your Mom\n|-status|p2a: Your Mom|slp|[from] move: Rest\n|-heal|p2a: Your Mom|100\/100 slp|[silent]\n|\n|upkeep\n|turn|17\n|\n|t:|1701051676\n|switch|p2a: Mobile Factory|Weezing-Galar, F|91\/100\n|move|p1a: Cataquack|Thunderbolt|p2a: Mobile Factory\n|-damage|p2a: Mobile Factory|61\/100\n|\n|-heal|p2a: Mobile Factory|67\/100|[from] item: Black Sludge\n|upkeep\n|turn|18\n|\n|t:|1701051689\n|switch|p1a: Bone Healing Juice|Gliscor, M, shiny|39\/100 tox\n|move|p2a: Mobile Factory|Gunk Shot|p1a: Bone Healing Juice\n|-resisted|p1a: Bone Healing Juice\n|-damage|p1a: Bone Healing Juice|29\/100 tox\n|\n|-heal|p2a: Mobile Factory|73\/100|[from] item: Black Sludge\n|-heal|p1a: Bone Healing Juice|41\/100 tox|[from] ability: Poison Heal\n|upkeep\n|turn|19\n|\n|t:|1701051702\n|switch|p2a: Your Mom|Dondozo, M|100\/100 slp\n|move|p1a: Bone Healing Juice|Knock Off|p2a: Your Mom\n|-damage|p2a: Your Mom|94\/100 slp\n|\n|-heal|p1a: Bone Healing Juice|54\/100 tox|[from] ability: Poison Heal\n|upkeep\n|turn|20\n|\n|t:|1701051711\n|move|p1a: Bone Healing Juice|Protect|p1a: Bone Healing Juice\n|-singleturn|p1a: Bone Healing Juice|Protect\n|cant|p2a: Your Mom|slp\n|move|p2a: Your Mom|Sleep Talk|p2a: Your Mom\n|move|p2a: Your Mom|Avalanche|p1a: Bone Healing Juice|[from]move: Sleep Talk\n|-activate|p1a: Bone Healing Juice|move: Protect\n|\n|-heal|p1a: Bone Healing Juice|66\/100 tox|[from] ability: Poison Heal\n|upkeep\n|turn|21\n|\n|t:|1701051743\n|switch|p1a: Cataquack|Porygon2|100\/100\n|-ability|p1a: Cataquack|Unaware|[from] ability: Trace|[of] p2a: Your Mom\n|cant|p2a: Your Mom|slp\n|move|p2a: Your Mom|Sleep Talk|p2a: Your Mom\n|move|p2a: Your Mom|Rest||[from]move: Sleep Talk|[still]\n|-fail|p2a: Your Mom\n|\n|upkeep\n|turn|22\n|\n|t:|1701051752\n|move|p1a: Cataquack|Thunderbolt|p2a: Your Mom\n|-supereffective|p2a: Your Mom\n|-damage|p2a: Your Mom|50\/100 slp\n|-curestatus|p2a: Your Mom|slp|[msg]\n|move|p2a: Your Mom|Sleep Talk||[still]\n|-fail|p2a: Your Mom\n|\n|upkeep\n|turn|23\n|\n|t:|1701051762\n|switch|p2a: Mobile Factory|Weezing-Galar, F|73\/100\n|move|p1a: Cataquack|Thunderbolt|p2a: Mobile Factory\n|-damage|p2a: Mobile Factory|42\/100\n|-status|p2a: Mobile Factory|par\n|\n|-heal|p2a: Mobile Factory|48\/100 par|[from] item: Black Sludge\n|upkeep\n|turn|24\n|\n|t:|1701051771\n|move|p1a: Cataquack|Thunderbolt|p2a: Mobile Factory\n|-damage|p2a: Mobile Factory|19\/100 par\n|move|p2a: Mobile Factory|Pain Split|p1a: Cataquack\n|-sethp|p1a: Cataquack|59\/100|[from] move: Pain Split|[silent]\n|-sethp|p2a: Mobile Factory|65\/100 par|[from] move: Pain Split\n|\n|-heal|p2a: Mobile Factory|71\/100 par|[from] item: Black Sludge\n|upkeep\n|turn|25\n|\n|t:|1701051798\n|switch|p1a: Bone Healing Juice|Gliscor, M, shiny|66\/100 tox\n|switch|p2a: Just a Dolphin|Garchomp, M, shiny|100\/100\n|\n|-heal|p1a: Bone Healing Juice|78\/100 tox|[from] ability: Poison Heal\n|upkeep\n|turn|26\n|\n|t:|1701051832\n|detailschange|p2a: Just a Dolphin|Garchomp-Mega, M, shiny\n|-mega|p2a: Just a Dolphin|Garchomp|Garchompite\n|move|p1a: Bone Healing Juice|Toxic|p2a: Just a Dolphin\n|-status|p2a: Just a Dolphin|tox\n|move|p2a: Just a Dolphin|Whirlpool|p1a: Bone Healing Juice\n|-supereffective|p1a: Bone Healing Juice\n|-damage|p1a: Bone Healing Juice|57\/100 tox\n|-activate|p1a: Bone Healing Juice|move: Whirlpool|[of] p2a: Just a Dolphin\n|\n|-heal|p1a: Bone Healing Juice|69\/100 tox|[from] ability: Poison Heal\n|-damage|p2a: Just a Dolphin|94\/100 tox|[from] psn\n|-damage|p1a: Bone Healing Juice|57\/100 tox|[from] move: Whirlpool|[partiallytrapped]\n|upkeep\n|turn|27\n|\n|t:|1701051859\n|move|p1a: Bone Healing Juice|Protect|p1a: Bone Healing Juice\n|-singleturn|p1a: Bone Healing Juice|Protect\n|move|p2a: Just a Dolphin|Liquidation|p1a: Bone Healing Juice\n|-activate|p1a: Bone Healing Juice|move: Protect\n|\n|-heal|p1a: Bone Healing Juice|69\/100 tox|[from] ability: Poison Heal\n|-damage|p2a: Just a Dolphin|82\/100 tox|[from] psn\n|-damage|p1a: Bone Healing Juice|57\/100 tox|[from] move: Whirlpool|[partiallytrapped]\n|upkeep\n|turn|28\n|\n|t:|1701051944\n|move|p1a: Bone Healing Juice|Earthquake|p2a: Just a Dolphin\n|-damage|p2a: Just a Dolphin|57\/100 tox\n|move|p2a: Just a Dolphin|Liquidation|p1a: Bone Healing Juice\n|-supereffective|p1a: Bone Healing Juice\n|-damage|p1a: Bone Healing Juice|8\/100 tox\n|-unboost|p1a: Bone Healing Juice|def|1\n|\n|-heal|p1a: Bone Healing Juice|21\/100 tox|[from] ability: Poison Heal\n|-damage|p2a: Just a Dolphin|38\/100 tox|[from] psn\n|-damage|p1a: Bone Healing Juice|8\/100 tox|[from] move: Whirlpool|[partiallytrapped]\n|upkeep\n|turn|29\n|\n|t:|1701051957\n|switch|p2a: Your Mom|Dondozo, M|50\/100\n|move|p1a: Bone Healing Juice|Protect||[still]\n|-fail|p1a: Bone Healing Juice\n|\n|-heal|p1a: Bone Healing Juice|21\/100 tox|[from] ability: Poison Heal\n|-end|p1a: Bone Healing Juice|Whirlpool|[partiallytrapped]|[silent]\n|upkeep\n|turn|30\n|\n|t:|1701051976\n|switch|p1a: Cataquack|Porygon2|59\/100\n|-ability|p1a: Cataquack|Unaware|[from] ability: Trace|[of] p2a: Your Mom\n|move|p2a: Your Mom|Rest|p2a: Your Mom\n|-status|p2a: Your Mom|slp|[from] move: Rest\n|-heal|p2a: Your Mom|100\/100 slp|[silent]\n|\n|upkeep\n|turn|31\n|\n|t:|1701052007\n|switch|p2a: Just a Dolphin|Garchomp-Mega, M, shiny|38\/100 tox\n|move|p1a: Cataquack|Recover|p1a: Cataquack\n|-heal|p1a: Cataquack|100\/100\n|\n|-damage|p2a: Just a Dolphin|32\/100 tox|[from] psn\n|upkeep\n|turn|32\n|\n|t:|1701052021\n|move|p2a: Just a Dolphin|Dragon Claw|p1a: Cataquack\n|-damage|p1a: Cataquack|68\/100\n|move|p1a: Cataquack|Ice Beam|p2a: Just a Dolphin\n|-supereffective|p2a: Just a Dolphin\n|-damage|p2a: Just a Dolphin|0 fnt\n|faint|p2a: Just a Dolphin\n|\n|upkeep\n|\n|t:|1701052055\n|switch|p2a: Danny Phantom|Dragapult, F|6\/100\n|turn|33\n|\n|t:|1701052071\n|move|p2a: Danny Phantom|Draco Meteor|p1a: Cataquack|[miss]\n|-miss|p2a: Danny Phantom|p1a: Cataquack\n|move|p1a: Cataquack|Recover|p1a: Cataquack\n|-heal|p1a: Cataquack|100\/100\n|\n|upkeep\n|turn|34\n|\n|t:|1701052098\n|move|p2a: Danny Phantom|U-turn|p1a: Cataquack\n|-damage|p1a: Cataquack|90\/100\n|\n|t:|1701052106\n|switch|p2a: Mobile Factory|Weezing-Galar, F|71\/100 par|[from] U-turn\n|move|p1a: Cataquack|Thunderbolt|p2a: Mobile Factory\n|-damage|p2a: Mobile Factory|41\/100 par\n|\n|-heal|p2a: Mobile Factory|47\/100 par|[from] item: Black Sludge\n|upkeep\n|turn|35\n|\n|t:|1701052157\n|-terastallize|p1a: Cataquack|Poison\n|move|p1a: Cataquack|Thunderbolt|p2a: Mobile Factory\n|-damage|p2a: Mobile Factory|17\/100 par\n|move|p2a: Mobile Factory|Pain Split|p1a: Cataquack\n|-sethp|p1a: Cataquack|53\/100|[from] move: Pain Split|[silent]\n|-sethp|p2a: Mobile Factory|59\/100 par|[from] move: Pain Split\n|\n|-heal|p2a: Mobile Factory|65\/100 par|[from] item: Black Sludge\n|upkeep\n|turn|36\n|\n|t:|1701052231\n|switch|p2a: Buried Treasure|Metagross, shiny|100\/100\n|move|p1a: Cataquack|Recover|p1a: Cataquack\n|-heal|p1a: Cataquack|100\/100\n|\n|upkeep\n|turn|37\n|\n|t:|1701052239\n|switch|p1a: Bone Healing Juice|Gliscor, M, shiny|21\/100 tox\n|move|p2a: Buried Treasure|Psycho Cut|p1a: Bone Healing Juice\n|-damage|p1a: Bone Healing Juice|2\/100 tox\n|\n|-heal|p1a: Bone Healing Juice|14\/100 tox|[from] ability: Poison Heal\n|upkeep\n|turn|38\n|\n|t:|1701052270\n|switch|p2a: Your Mom|Dondozo, M|100\/100 slp\n|move|p1a: Bone Healing Juice|Protect||[still]\n|-fail|p1a: Bone Healing Juice\n|\n|-heal|p1a: Bone Healing Juice|27\/100 tox|[from] ability: Poison Heal\n|upkeep\n|turn|39\n|\n|t:|1701052281\n|switch|p1a: Cataquack|Porygon2, tera:Poison|100\/100\n|-ability|p1a: Cataquack|Unaware|[from] ability: Trace|[of] p2a: Your Mom\n|cant|p2a: Your Mom|slp\n|move|p2a: Your Mom|Sleep Talk|p2a: Your Mom\n|move|p2a: Your Mom|Rest||[from]move: Sleep Talk|[still]\n|-fail|p2a: Your Mom\n|\n|upkeep\n|turn|40\n|\n|t:|1701052293\n|switch|p2a: Buried Treasure|Metagross, shiny|100\/100\n|move|p1a: Cataquack|Thunderbolt|p2a: Buried Treasure\n|-damage|p2a: Buried Treasure|77\/100\n|\n|upkeep\n|turn|41\n|\n|t:|1701052313\n|switch|p1a: Pimp Jr.|Murkrow, M, shiny|76\/100 tox\n|move|p2a: Buried Treasure|Psycho Cut|p1a: Pimp Jr.\n|-immune|p1a: Pimp Jr.\n|\n|-damage|p1a: Pimp Jr.|70\/100 tox|[from] psn\n|upkeep\n|turn|42\n|\n|t:|1701052421\n|move|p1a: Pimp Jr.|Foul Play|p2a: Buried Treasure\n|-supereffective|p2a: Buried Treasure\n|-damage|p2a: Buried Treasure|29\/100\n|-damage|p1a: Pimp Jr.|53\/100 tox|[from] item: Rocky Helmet|[of] p2a: Buried Treasure\n|move|p2a: Buried Treasure|Meteor Mash|p1a: Pimp Jr.|[miss]\n|-miss|p2a: Buried Treasure|p1a: Pimp Jr.\n|\n|-damage|p1a: Pimp Jr.|41\/100 tox|[from] psn\n|upkeep\n|turn|43\n|\n|t:|1701052467\n|move|p1a: Pimp Jr.|Sunny Day|p1a: Pimp Jr.\n|-weather|SunnyDay\n|move|p2a: Buried Treasure|Bullet Punch|p1a: Pimp Jr.\n|-damage|p1a: Pimp Jr.|22\/100 tox\n|\n|-weather|SunnyDay|[upkeep]\n|-damage|p1a: Pimp Jr.|4\/100 tox|[from] psn\n|upkeep\n|turn|44\n|\n|t:|1701052508\n|switch|p1a: Cataquack|Porygon2, tera:Poison|100\/100\n|-ability|p1a: Cataquack|Clear Body|[from] ability: Trace|[of] p2a: Buried Treasure\n|move|p2a: Buried Treasure|Bullet Punch|p1a: Cataquack\n|-damage|p1a: Cataquack|91\/100\n|\n|-weather|SunnyDay|[upkeep]\n|upkeep\n|turn|45\n|\n|t:|1701052554\n|switch|p2a: Mobile Factory|Weezing-Galar, F|65\/100 par\n|move|p1a: Cataquack|Thunderbolt|p2a: Mobile Factory\n|-damage|p2a: Mobile Factory|37\/100 par\n|\n|-weather|SunnyDay|[upkeep]\n|-heal|p2a: Mobile Factory|43\/100 par|[from] item: Black Sludge\n|upkeep\n|turn|46\n|\n|t:|1701052567\n|switch|p1a: Bone Healing Juice|Gliscor, M, shiny|27\/100 tox\n|move|p2a: Mobile Factory|Pain Split|p1a: Bone Healing Juice\n|-sethp|p1a: Bone Healing Juice|34\/100 tox|[from] move: Pain Split|[silent]\n|-sethp|p2a: Mobile Factory|36\/100 par|[from] move: Pain Split\n|\n|-weather|SunnyDay|[upkeep]\n|-heal|p2a: Mobile Factory|42\/100 par|[from] item: Black Sludge\n|-heal|p1a: Bone Healing Juice|46\/100 tox|[from] ability: Poison Heal\n|upkeep\n|turn|47\n|\n|t:|1701052624\n|move|p1a: Bone Healing Juice|Knock Off|p2a: Mobile Factory\n|-resisted|p2a: Mobile Factory\n|-damage|p2a: Mobile Factory|35\/100 par\n|-enditem|p2a: Mobile Factory|Black Sludge|[from] move: Knock Off|[of] p1a: Bone Healing Juice\n|move|p2a: Mobile Factory|Gunk Shot|p1a: Bone Healing Juice\n|-resisted|p1a: Bone Healing Juice\n|-damage|p1a: Bone Healing Juice|36\/100 tox\n|\n|-weather|none\n|-heal|p1a: Bone Healing Juice|48\/100 tox|[from] ability: Poison Heal\n|upkeep\n|turn|48\n|\n|t:|1701052659\n|move|p1a: Bone Healing Juice|Knock Off|p2a: Mobile Factory\n|-resisted|p2a: Mobile Factory\n|-damage|p2a: Mobile Factory|30\/100 par\n|move|p2a: Mobile Factory|Gunk Shot|p1a: Bone Healing Juice\n|-resisted|p1a: Bone Healing Juice\n|-damage|p1a: Bone Healing Juice|38\/100 tox\n|\n|-heal|p1a: Bone Healing Juice|50\/100 tox|[from] ability: Poison Heal\n|upkeep\n|turn|49\n|\n|t:|1701052673\n|move|p1a: Bone Healing Juice|Knock Off|p2a: Mobile Factory\n|-resisted|p2a: Mobile Factory\n|-damage|p2a: Mobile Factory|26\/100 par\n|move|p2a: Mobile Factory|Gunk Shot|p1a: Bone Healing Juice\n|-resisted|p1a: Bone Healing Juice\n|-damage|p1a: Bone Healing Juice|41\/100 tox\n|\n|-heal|p1a: Bone Healing Juice|53\/100 tox|[from] ability: Poison Heal\n|upkeep\n|turn|50\n|\n|t:|1701052681\n|move|p1a: Bone Healing Juice|Knock Off|p2a: Mobile Factory\n|-resisted|p2a: Mobile Factory\n|-damage|p2a: Mobile Factory|21\/100 par\n|move|p2a: Mobile Factory|Pain Split|p1a: Bone Healing Juice\n|-sethp|p1a: Bone Healing Juice|36\/100 tox|[from] move: Pain Split|[silent]\n|-sethp|p2a: Mobile Factory|39\/100 par|[from] move: Pain Split\n|\n|-heal|p1a: Bone Healing Juice|49\/100 tox|[from] ability: Poison Heal\n|upkeep\n|turn|51\n|\n|t:|1701052709\n|switch|p1a: Cataquack|Porygon2, tera:Poison|91\/100\n|-ability|p1a: Cataquack|Levitate|[from] ability: Trace|[of] p2a: Mobile Factory\n|switch|p2a: Your Mom|Dondozo, M|100\/100 slp\n|\n|upkeep\n|turn|52\n|\n|t:|1701052750\n|switch|p2a: Buried Treasure|Metagross, shiny|29\/100\n|move|p1a: Cataquack|Thunderbolt|p2a: Buried Treasure\n|-damage|p2a: Buried Treasure|8\/100\n|\n|upkeep\n|turn|53\n|\n|t:|1701052760\n|move|p2a: Buried Treasure|Meteor Mash|p1a: Cataquack\n|-damage|p1a: Cataquack|67\/100\n|move|p1a: Cataquack|Thunderbolt|p2a: Buried Treasure\n|-damage|p2a: Buried Treasure|0 fnt\n|faint|p2a: Buried Treasure\n|\n|upkeep\n|\n|t:|1701052820\n|switch|p2a: Danny Phantom|Dragapult, F|6\/100\n|turn|54\n|\n|t:|1701052831\n|move|p2a: Danny Phantom|U-turn|p1a: Cataquack\n|-resisted|p1a: Cataquack\n|-damage|p1a: Cataquack|62\/100\n|\n|t:|1701052834\n|switch|p2a: Mobile Factory|Weezing-Galar, F|39\/100 par|[from] U-turn\n|move|p1a: Cataquack|Recover|p1a: Cataquack\n|-heal|p1a: Cataquack|100\/100\n|\n|upkeep\n|turn|55\n|\n|t:|1701052864\n|switch|p1a: Bone Healing Juice|Gliscor, M, shiny|49\/100 tox\n|cant|p2a: Mobile Factory|par\n|\n|-heal|p1a: Bone Healing Juice|61\/100 tox|[from] ability: Poison Heal\n|upkeep\n|turn|56\n|\n|t:|1701052920\n|switch|p2a: Danny Phantom|Dragapult, F|6\/100\n|move|p1a: Bone Healing Juice|Protect||[still]\n|-fail|p1a: Bone Healing Juice\n|\n|-heal|p1a: Bone Healing Juice|74\/100 tox|[from] ability: Poison Heal\n|upkeep\n|turn|57\n|\n|t:|1701052936\n|switch|p1a: Cataquack|Porygon2, tera:Poison|100\/100\n|-ability|p1a: Cataquack|Infiltrator|[from] ability: Trace|[of] p2a: Danny Phantom\n|move|p2a: Danny Phantom|Draco Meteor|p1a: Cataquack\n|-damage|p1a: Cataquack|71\/100\n|-unboost|p2a: Danny Phantom|spa|2\n|\n|upkeep\n|turn|58\n|\n|t:|1701052946\n|move|p2a: Danny Phantom|U-turn|p1a: Cataquack\n|-resisted|p1a: Cataquack\n|-damage|p1a: Cataquack|67\/100\n|\n|t:|1701052965\n|switch|p2a: Mobile Factory|Weezing-Galar, F|39\/100 par|[from] U-turn\n|move|p1a: Cataquack|Thunderbolt|p2a: Mobile Factory\n|-damage|p2a: Mobile Factory|6\/100 par\n|\n|upkeep\n|turn|59\n|\n|t:|1701052980\n|move|p1a: Cataquack|Thunderbolt|p2a: Mobile Factory\n|-damage|p2a: Mobile Factory|0 fnt\n|faint|p2a: Mobile Factory\n|\n|upkeep\n|\n|t:|1701052994\n|switch|p2a: The Brave Bird|Talonflame, F|100\/100\n|turn|60\n|\n|t:|1701053008\n|move|p2a: The Brave Bird|Air Slash|p1a: Cataquack\n|-damage|p1a: Cataquack|57\/100\n|cant|p1a: Cataquack|flinch\n|\n|upkeep\n|turn|61\n|\n|t:|1701053029\n|move|p2a: The Brave Bird|Air Slash|p1a: Cataquack\n|-damage|p1a: Cataquack|47\/100\n|move|p1a: Cataquack|Recover|p1a: Cataquack\n|-heal|p1a: Cataquack|97\/100\n|\n|upkeep\n|turn|62\n|\n|t:|1701053038\n|move|p2a: The Brave Bird|Air Slash|p1a: Cataquack\n|-damage|p1a: Cataquack|87\/100\n|move|p1a: Cataquack|Toxic|p2a: The Brave Bird\n|-status|p2a: The Brave Bird|tox\n|\n|-damage|p2a: The Brave Bird|94\/100 tox|[from] psn\n|upkeep\n|turn|63\n|\n|t:|1701053045\n|move|p2a: The Brave Bird|Air Slash|p1a: Cataquack\n|-damage|p1a: Cataquack|77\/100\n|move|p1a: Cataquack|Thunderbolt|p2a: The Brave Bird\n|-supereffective|p2a: The Brave Bird\n|-damage|p2a: The Brave Bird|39\/100 tox\n|\n|-damage|p2a: The Brave Bird|27\/100 tox|[from] psn\n|upkeep\n|turn|64\n|\n|t:|1701053053\n|move|p2a: The Brave Bird|Flamethrower|p1a: Cataquack\n|-damage|p1a: Cataquack|65\/100\n|move|p1a: Cataquack|Ice Beam|p2a: The Brave Bird\n|-damage|p2a: The Brave Bird|0 fnt\n|faint|p2a: The Brave Bird\n|\n|upkeep\n|\n|t:|1701053064\n|switch|p2a: Danny Phantom|Dragapult, F|6\/100\n|turn|65\n|\n|t:|1701053103\n|move|p2a: Danny Phantom|Draco Meteor|p1a: Cataquack|[miss]\n|-miss|p2a: Danny Phantom|p1a: Cataquack\n|move|p1a: Cataquack|Recover|p1a: Cataquack\n|-heal|p1a: Cataquack|100\/100\n|\n|upkeep\n|turn|66\n|\n|t:|1701053113\n|move|p2a: Danny Phantom|Draco Meteor|p1a: Cataquack\n|-damage|p1a: Cataquack|67\/100\n|-unboost|p2a: Danny Phantom|spa|2\n|move|p1a: Cataquack|Ice Beam|p2a: Danny Phantom\n|-supereffective|p2a: Danny Phantom\n|-damage|p2a: Danny Phantom|0 fnt\n|faint|p2a: Danny Phantom\n|\n|upkeep\n|\n|t:|1701053122\n|switch|p2a: Your Mom|Dondozo, M|100\/100 slp\n|turn|67\n|\n|t:|1701053127\n|move|p1a: Cataquack|Thunderbolt|p2a: Your Mom\n|-supereffective|p2a: Your Mom\n|-damage|p2a: Your Mom|57\/100 slp\n|cant|p2a: Your Mom|slp\n|move|p2a: Your Mom|Sleep Talk|p2a: Your Mom\n|move|p2a: Your Mom|Liquidation|p1a: Cataquack|[from]move: Sleep Talk\n|-damage|p1a: Cataquack|50\/100\n|\n|upkeep\n|turn|68\n|\n|t:|1701053139\n|move|p1a: Cataquack|Thunderbolt|p2a: Your Mom\n|-supereffective|p2a: Your Mom\n|-damage|p2a: Your Mom|16\/100 slp\n|-curestatus|p2a: Your Mom|slp|[msg]\n|move|p2a: Your Mom|Sleep Talk||[still]\n|-fail|p2a: Your Mom\n|\n|upkeep\n|turn|69\n|\n|t:|1701053148\n|move|p1a: Cataquack|Thunderbolt|p2a: Your Mom\n|-supereffective|p2a: Your Mom\n|-damage|p2a: Your Mom|0 fnt\n|faint|p2a: Your Mom\n|\n|win|Maybebetterthanu\n","uploadtime":1701053154,"views":26,"p1id":"maybebetterthanu","p2id":"snorkleporkle","formatid":"gen9nationaldexubers","rating":0,"private":0,"password":""}