{"id":"gen9nationaldexubers-1987940198","p1":"God in A Tomato","p2":"Magnetonmagby","format":"[Gen 9] National Dex Ubers","log":"|j|\u2606God in A Tomato\n|j|\u2606Magnetonmagby\n|t:|1699651275\n|gametype|singles\n|player|p1|God in A Tomato|ingo|1605\n|player|p2|Magnetonmagby|170|1625\n|teamsize|p1|6\n|teamsize|p2|6\n|gen|9\n|tier|[Gen 9] National Dex Ubers\n|rated|\n|rule|HP Percentage Mod: HP is shown in percentages\n|rule|Endless Battle Clause: Forcing endless battles is banned\n|rule|OHKO Clause: OHKO moves are banned\n|rule|Evasion Moves Clause: Evasion moves are banned\n|rule|Evasion Items Clause: Evasion items are banned\n|rule|Species Clause: Limit one of each Pok\u00e9mon\n|rule|Sleep Clause Mod: Limit one foe put to sleep\n|rule|Mega Rayquaza Clause: You cannot mega evolve Rayquaza\n|clearpoke\n|poke|p1|Deoxys-Speed|\n|poke|p1|Necrozma-Dusk-Mane|\n|poke|p1|Xerneas-*|\n|poke|p1|Arceus|\n|poke|p1|Kyogre|\n|poke|p1|Groudon|\n|poke|p2|Shuckle, M|\n|poke|p2|Solgaleo|\n|poke|p2|Groudon|\n|poke|p2|Yveltal|\n|poke|p2|Arceus|\n|poke|p2|Xerneas-*|\n|teampreview\n|\n|t:|1699651285\n|start\n|switch|p1a: Deoxys|Deoxys-Speed|100\/100\n|switch|p2a: Shuckle|Shuckle, M|100\/100\n|-ability|p1a: Deoxys|Pressure\n|turn|1\n|\n|t:|1699651289\n|move|p1a: Deoxys|Taunt|p2a: Shuckle\n|-start|p2a: Shuckle|move: Taunt\n|-enditem|p2a: Shuckle|Mental Herb\n|-end|p2a: Shuckle|move: Taunt\n|move|p2a: Shuckle|Sticky Web|p1a: Deoxys\n|-sidestart|p1: God in A Tomato|move: Sticky Web\n|\n|upkeep\n|turn|2\n|\n|t:|1699651296\n|move|p1a: Deoxys|Stealth Rock|p2a: Shuckle\n|-sidestart|p2: Magnetonmagby|move: Stealth Rock\n|move|p2a: Shuckle|Final Gambit|p1a: Deoxys\n|-damage|p1a: Deoxys|21\/100\n|faint|p2a: Shuckle\n|\n|upkeep\n|\n|t:|1699651303\n|switch|p2a: Arceus|Arceus|100\/100\n|-damage|p2a: Arceus|88\/100|[from] Stealth Rock\n|turn|3\n|\n|t:|1699651309\n|move|p2a: Arceus|Extreme Speed|p1a: Deoxys\n|-damage|p1a: Deoxys|0 fnt\n|faint|p1a: Deoxys\n|\n|upkeep\n|\n|t:|1699651313\n|switch|p1a: Necrozma|Necrozma-Dusk-Mane|100\/100\n|-activate|p1a: Necrozma|move: Sticky Web\n|-unboost|p1a: Necrozma|spe|1\n|turn|4\n|\n|t:|1699651316\n|move|p2a: Arceus|Swords Dance|p2a: Arceus\n|-boost|p2a: Arceus|atk|2\n|move|p1a: Necrozma|Dragon Dance|p1a: Necrozma\n|-boost|p1a: Necrozma|atk|1\n|-boost|p1a: Necrozma|spe|1\n|\n|upkeep\n|turn|5\n|\n|t:|1699651322\n|move|p1a: Necrozma|Dragon Dance|p1a: Necrozma\n|-boost|p1a: Necrozma|atk|1\n|-boost|p1a: Necrozma|spe|1\n|move|p2a: Arceus|Shadow Claw|p1a: Necrozma\n|-supereffective|p1a: Necrozma\n|-damage|p1a: Necrozma|41\/100\n|-enditem|p1a: Necrozma|Weakness Policy\n|-boost|p1a: Necrozma|atk|2|[from] item: Weakness Policy\n|-boost|p1a: Necrozma|spa|2|[from] item: Weakness Policy\n|\n|upkeep\n|turn|6\n|\n|t:|1699651336\n|move|p2a: Arceus|Extreme Speed|p1a: Necrozma\n|-resisted|p1a: Necrozma\n|-damage|p1a: Necrozma|0 fnt\n|faint|p1a: Necrozma\n|\n|upkeep\n|\n|t:|1699651347\n|switch|p1a: Arceus|Arceus|100\/100\n|-activate|p1a: Arceus|move: Sticky Web\n|-unboost|p1a: Arceus|spe|1\n|turn|7\n|\n|t:|1699651355\n|-terastallize|p2a: Arceus|Normal\n|move|p2a: Arceus|Extreme Speed|p1a: Arceus\n|-damage|p1a: Arceus|0 fnt\n|faint|p1a: Arceus\n|\n|upkeep\n|-message|God in A Tomato forfeited.\n|\n|win|Magnetonmagby\n|raw|God in A Tomato's rating: 1605 &rarr; <strong>1586<\/strong><br \/>(-19 for losing)\n|raw|Magnetonmagby's rating: 1625 &rarr; <strong>1644<\/strong><br \/>(+19 for winning)\n|l|\u2606God in A Tomato\n","uploadtime":1699651378,"views":6,"p1id":"godinatomato","p2id":"magnetonmagby","formatid":"gen9nationaldexubers","rating":1586,"private":0,"password":""}