{"id":"gen9nationaldexubers-1998317708","p1":"KyranDev","p2":"John wilkes bidoof","format":"[Gen 9] National Dex Ubers","log":"|j|\u2606KyranDev\n|j|\u2606John wilkes bidoof\n|t:|1700928746\n|gametype|singles\n|player|p1|KyranDev|101|1148\n|player|p2|John wilkes bidoof|giovanni|1259\n|teamsize|p1|6\n|teamsize|p2|6\n|gen|9\n|tier|[Gen 9] National Dex Ubers\n|rated|\n|rule|HP Percentage Mod: HP is shown in percentages\n|rule|Endless Battle Clause: Forcing endless battles is banned\n|rule|OHKO Clause: OHKO moves are banned\n|rule|Evasion Moves Clause: Evasion moves are banned\n|rule|Evasion Items Clause: Evasion items are banned\n|rule|Species Clause: Limit one of each Pok\u00e9mon\n|rule|Sleep Clause Mod: Limit one foe put to sleep\n|rule|Mega Rayquaza Clause: You cannot mega evolve Rayquaza\n|clearpoke\n|poke|p1|Houndoom, M|\n|poke|p1|Marshadow|\n|poke|p1|Xerneas-*|\n|poke|p1|Lugia|\n|poke|p1|Landorus-Therian, M|\n|poke|p1|Toxapex, F|\n|poke|p2|Victini|\n|poke|p2|Landorus-Therian, M|\n|poke|p2|Walking Wake|\n|poke|p2|Sableye, M|\n|poke|p2|Magearna|\n|poke|p2|Charizard, F|\n|teampreview\n|\n|t:|1700928753\n|start\n|switch|p1a: Marshadow|Marshadow|100\/100\n|switch|p2a: Walking Wake|Walking Wake|100\/100\n|turn|1\n|\n|t:|1700928758\n|move|p1a: Marshadow|Ice Punch|p2a: Walking Wake\n|-damage|p2a: Walking Wake|75\/100\n|move|p2a: Walking Wake|Hurricane|p1a: Marshadow|[miss]\n|-miss|p2a: Walking Wake|p1a: Marshadow\n|\n|upkeep\n|turn|2\n|inactive|Battle timer is ON: inactive players will automatically lose when time's up. (requested by John wilkes bidoof)\n|\n|t:|1700928767\n|switch|p1a: Xerneas|Xerneas|100\/100\n|-ability|p1a: Xerneas|Fairy Aura\n|-end|p2a: Walking Wake|Protosynthesis|[silent]\n|switch|p2a: Landorus|Landorus-Therian, M|100\/100\n|-ability|p2a: Landorus|Intimidate|boost\n|-unboost|p1a: Xerneas|atk|1\n|\n|upkeep\n|turn|3\n|\n|t:|1700928774\n|switch|p1a: Marshadow|Marshadow|100\/100\n|move|p2a: Landorus|U-turn|p1a: Marshadow\n|-resisted|p1a: Marshadow\n|-damage|p1a: Marshadow|93\/100\n|\n|t:|1700928779\n|switch|p2a: Charizard|Charizard, F|100\/100|[from] U-turn\n|\n|upkeep\n|turn|4\n|\n|t:|1700928788\n|switch|p1a: Houndoom|Houndoom, M|100\/100\n|detailschange|p2a: Charizard|Charizard-Mega-Y, F\n|-mega|p2a: Charizard|Charizard|Charizardite Y\n|-weather|SunnyDay|[from] ability: Drought|[of] p2a: Charizard\n|move|p2a: Charizard|Air Slash|p1a: Houndoom\n|-damage|p1a: Houndoom|31\/100\n|\n|-weather|SunnyDay|[upkeep]\n|upkeep\n|turn|5\n|\n|t:|1700928797\n|detailschange|p1a: Houndoom|Houndoom-Mega, M\n|-mega|p1a: Houndoom|Houndoom|Houndoominite\n|move|p1a: Houndoom|Hidden Power|p2a: Charizard\n|-supereffective|p2a: Charizard\n|-damage|p2a: Charizard|0 fnt\n|faint|p2a: Charizard\n|\n|-weather|SunnyDay|[upkeep]\n|-damage|p1a: Houndoom|19\/100|[from] ability: Solar Power|[of] p1a: Houndoom\n|upkeep\n|\n|t:|1700928809\n|switch|p2a: Landorus|Landorus-Therian, M|100\/100\n|-ability|p2a: Landorus|Intimidate|boost\n|-unboost|p1a: Houndoom|atk|1\n|turn|6\n|\n|t:|1700928814\n|move|p1a: Houndoom|Dark Pulse|p2a: Landorus\n|-damage|p2a: Landorus|38\/100\n|move|p2a: Landorus|Earthquake|p1a: Houndoom\n|-supereffective|p1a: Houndoom\n|-damage|p1a: Houndoom|0 fnt\n|faint|p1a: Houndoom\n|\n|-weather|SunnyDay|[upkeep]\n|upkeep\n|\n|t:|1700928820\n|switch|p1a: Marshadow|Marshadow|93\/100\n|turn|7\n|\n|t:|1700928825\n|move|p1a: Marshadow|Ice Punch|p2a: Landorus\n|-supereffective|p2a: Landorus\n|-damage|p2a: Landorus|0 fnt\n|faint|p2a: Landorus\n|\n|-weather|SunnyDay|[upkeep]\n|upkeep\n|\n|t:|1700928827\n|switch|p2a: Magearna|Magearna|100\/100\n|turn|8\n|\n|t:|1700928836\n|switch|p1a: Landorus|Landorus-Therian, M|100\/100\n|-ability|p1a: Landorus|Intimidate|boost\n|-unboost|p2a: Magearna|atk|1\n|move|p2a: Magearna|Agility|p2a: Magearna\n|-boost|p2a: Magearna|spe|2\n|\n|-weather|none\n|upkeep\n|turn|9\n|\n|t:|1700928846\n|move|p1a: Landorus|Earthquake|p2a: Magearna\n|-supereffective|p2a: Magearna\n|-damage|p2a: Magearna|12\/100\n|-enditem|p2a: Magearna|Weakness Policy\n|-boost|p2a: Magearna|atk|2|[from] item: Weakness Policy\n|-boost|p2a: Magearna|spa|2|[from] item: Weakness Policy\n|move|p2a: Magearna|Dazzling Gleam|p1a: Landorus\n|-damage|p1a: Landorus|0 fnt\n|faint|p1a: Landorus\n|-ability|p2a: Magearna|Soul-Heart|boost\n|-boost|p2a: Magearna|spa|1\n|\n|upkeep\n|\n|t:|1700928851\n|switch|p1a: Marshadow|Marshadow|93\/100\n|turn|10\n|\n|t:|1700928864\n|switch|p2a: Sableye|Sableye, M|100\/100\n|move|p1a: Marshadow|Shadow Sneak|p2a: Sableye\n|-damage|p2a: Sableye|58\/100\n|\n|-heal|p2a: Sableye|64\/100|[from] item: Leftovers\n|upkeep\n|turn|11\n|\n|t:|1700928872\n|move|p2a: Sableye|Will-O-Wisp|p1a: Marshadow\n|-status|p1a: Marshadow|brn\n|move|p1a: Marshadow|Spectral Thief|p2a: Sableye\n|-damage|p2a: Sableye|30\/100\n|\n|-heal|p2a: Sableye|37\/100|[from] item: Leftovers\n|-damage|p1a: Marshadow|87\/100 brn|[from] brn\n|upkeep\n|turn|12\n|\n|t:|1700928882\n|switch|p1a: Xerneas|Xerneas|100\/100\n|-ability|p1a: Xerneas|Fairy Aura\n|move|p2a: Sableye|Recover|p2a: Sableye\n|-heal|p2a: Sableye|87\/100\n|\n|-heal|p2a: Sableye|93\/100|[from] item: Leftovers\n|upkeep\n|turn|13\n|\n|t:|1700928886\n|move|p2a: Sableye|Thunder Wave|p1a: Xerneas\n|-status|p1a: Xerneas|par\n|cant|p1a: Xerneas|par\n|\n|-heal|p2a: Sableye|99\/100|[from] item: Leftovers\n|upkeep\n|turn|14\n|\n|t:|1700928894\n|move|p2a: Sableye|Knock Off|p1a: Xerneas\n|-resisted|p1a: Xerneas\n|-damage|p1a: Xerneas|96\/100 par\n|cant|p1a: Xerneas|par\n|\n|-heal|p2a: Sableye|100\/100|[from] item: Leftovers\n|upkeep\n|turn|15\n|c|\u2606KyranDev|This is gonna be fun\n|\n|t:|1700928911\n|switch|p2a: Victini|Victini|100\/100\n|-zpower|p1a: Xerneas\n|move|p1a: Xerneas|Z-Geomancy||[anim]Geomancy|[still]\n|-boost|p1a: Xerneas|atk|1|[zeffect]\n|-boost|p1a: Xerneas|def|1|[zeffect]\n|-boost|p1a: Xerneas|spa|1|[zeffect]\n|-boost|p1a: Xerneas|spd|1|[zeffect]\n|-boost|p1a: Xerneas|spe|1|[zeffect]\n|-prepare|p1a: Xerneas|Geomancy\n|\n|upkeep\n|turn|16\n|\n|t:|1700928920\n|move|p2a: Victini|V-create|p1a: Xerneas\n|-damage|p1a: Xerneas|52\/100 par\n|-unboost|p2a: Victini|spe|1\n|-unboost|p2a: Victini|def|1\n|-unboost|p2a: Victini|spd|1\n|move|p1a: Xerneas|Geomancy|p1a: Xerneas|[from]lockedmove\n|-boost|p1a: Xerneas|spa|2\n|-boost|p1a: Xerneas|spd|2\n|-boost|p1a: Xerneas|spe|2\n|\n|upkeep\n|turn|17\n|l|\u2606KyranDev\n|inactive|KyranDev disconnected and has a minute to reconnect!\n|player|p1|\n|j|\u2606KyranDev\n|inactive|KyranDev reconnected and has 140 seconds left.\n|player|p1|KyranDev|101\n|\n|t:|1700928938\n|move|p1a: Xerneas|Ingrain|p1a: Xerneas\n|-start|p1a: Xerneas|move: Ingrain\n|move|p2a: Victini|V-create|p1a: Xerneas\n|-damage|p1a: Xerneas|8\/100 par\n|-unboost|p2a: Victini|spe|1\n|-unboost|p2a: Victini|def|1\n|-unboost|p2a: Victini|spd|1\n|\n|-heal|p1a: Xerneas|14\/100 par|[from] Ingrain\n|upkeep\n|turn|18\n|\n|t:|1700928948\n|move|p1a: Xerneas|Rest|p1a: Xerneas\n|-status|p1a: Xerneas|slp|[from] move: Rest\n|-heal|p1a: Xerneas|100\/100 slp|[silent]\n|move|p2a: Victini|V-create|p1a: Xerneas\n|-damage|p1a: Xerneas|56\/100 slp\n|-unboost|p2a: Victini|spe|1\n|-unboost|p2a: Victini|def|1\n|-unboost|p2a: Victini|spd|1\n|\n|-heal|p1a: Xerneas|62\/100 slp|[from] Ingrain\n|upkeep\n|turn|19\n|\n|t:|1700928951\n|switch|p2a: Magearna|Magearna|12\/100\n|cant|p1a: Xerneas|slp\n|\n|-heal|p1a: Xerneas|68\/100 slp|[from] Ingrain\n|upkeep\n|turn|20\n|\n|t:|1700928956\n|cant|p1a: Xerneas|slp\n|move|p2a: Magearna|Flash Cannon|p1a: Xerneas\n|-supereffective|p1a: Xerneas\n|-damage|p1a: Xerneas|42\/100 slp\n|\n|-heal|p1a: Xerneas|48\/100 slp|[from] Ingrain\n|upkeep\n|turn|21\n|\n|t:|1700928964\n|-curestatus|p1a: Xerneas|slp|[msg]\n|move|p1a: Xerneas|Moonblast|p2a: Magearna\n|-resisted|p2a: Magearna\n|-damage|p2a: Magearna|0 fnt\n|faint|p2a: Magearna\n|\n|-heal|p1a: Xerneas|54\/100|[from] Ingrain\n|upkeep\n|\n|t:|1700928972\n|switch|p2a: Sableye|Sableye, M|100\/100\n|turn|22\n|\n|t:|1700928977\n|move|p2a: Sableye|Thunder Wave|p1a: Xerneas\n|-status|p1a: Xerneas|par\n|cant|p1a: Xerneas|par\n|\n|-heal|p1a: Xerneas|60\/100 par|[from] Ingrain\n|upkeep\n|turn|23\n|\n|t:|1700928985\n|switch|p2a: Victini|Victini|100\/100\n|move|p1a: Xerneas|Rest|p1a: Xerneas\n|-status|p1a: Xerneas|slp|[from] move: Rest\n|-heal|p1a: Xerneas|100\/100 slp|[silent]\n|\n|upkeep\n|turn|24\n|\n|t:|1700928996\n|-terastallize|p2a: Victini|Electric\n|cant|p1a: Xerneas|slp\n|move|p2a: Victini|Fusion Bolt|p1a: Xerneas\n|-damage|p1a: Xerneas|74\/100 slp\n|\n|-heal|p1a: Xerneas|80\/100 slp|[from] Ingrain\n|upkeep\n|turn|25\n|\n|t:|1700929004\n|cant|p1a: Xerneas|slp\n|move|p2a: Victini|Fusion Bolt|p1a: Xerneas\n|-damage|p1a: Xerneas|57\/100 slp\n|\n|-heal|p1a: Xerneas|63\/100 slp|[from] Ingrain\n|upkeep\n|turn|26\n|\n|t:|1700929009\n|-curestatus|p1a: Xerneas|slp|[msg]\n|move|p1a: Xerneas|Moonblast|p2a: Victini\n|-crit|p2a: Victini\n|-damage|p2a: Victini|0 fnt\n|faint|p2a: Victini\n|\n|-heal|p1a: Xerneas|69\/100|[from] Ingrain\n|upkeep\n|\n|t:|1700929014\n|switch|p2a: Walking Wake|Walking Wake|75\/100\n|turn|27\n|-message|John wilkes bidoof forfeited.\n|\n|win|KyranDev\n|raw|KyranDev's rating: 1148 &rarr; <strong>1181<\/strong><br \/>(+33 for winning)\n|raw|John wilkes bidoof's rating: 1259 &rarr; <strong>1226<\/strong><br \/>(-33 for losing)\n|l|\u2606John wilkes bidoof\n","uploadtime":1700929030,"views":7,"p1id":"kyrandev","p2id":"johnwilkesbidoof","formatid":"gen9nationaldexubers","rating":1181,"private":0,"password":""}