{"id":"gen9nationaldexubers-1995842435","p1":"ryan_farhan","p2":"QUITE FIGHTER","format":"[Gen 9] National Dex Ubers","log":"|j|\u2606ryan_farhan\n|j|\u2606QUITE FIGHTER\n|t:|1700608663\n|gametype|singles\n|player|p1|ryan_farhan|266|1148\n|player|p2|QUITE FIGHTER|unknown|1111\n|teamsize|p1|6\n|teamsize|p2|6\n|gen|9\n|tier|[Gen 9] National Dex Ubers\n|rated|\n|rule|HP Percentage Mod: HP is shown in percentages\n|rule|Endless Battle Clause: Forcing endless battles is banned\n|rule|OHKO Clause: OHKO moves are banned\n|rule|Evasion Moves Clause: Evasion moves are banned\n|rule|Evasion Items Clause: Evasion items are banned\n|rule|Species Clause: Limit one of each Pok\u00e9mon\n|rule|Sleep Clause Mod: Limit one foe put to sleep\n|rule|Mega Rayquaza Clause: You cannot mega evolve Rayquaza\n|clearpoke\n|poke|p1|Pikachu, M|\n|poke|p1|Lucario, M|\n|poke|p1|Dragonite, F|\n|poke|p1|Gengar, M|\n|poke|p1|Sirfetch\u2019d, M|\n|poke|p1|Dracovish|\n|poke|p2|Garchomp, F|\n|poke|p2|Flutter Mane|\n|poke|p2|Palafin, F|\n|poke|p2|Dracovish|\n|poke|p2|Shuckle, F|\n|poke|p2|Melmetal|\n|teampreview\n|inactive|Battle timer is ON: inactive players will automatically lose when time's up. (requested by ryan_farhan)\n|\n|t:|1700608668\n|start\n|switch|p1a: Gengar|Gengar, M|100\/100\n|switch|p2a: Shuckle|Shuckle, F, shiny|100\/100\n|turn|1\n|\n|t:|1700608677\n|move|p1a: Gengar|Sludge Bomb|p2a: Shuckle\n|-resisted|p2a: Shuckle\n|-damage|p2a: Shuckle|81\/100\n|-status|p2a: Shuckle|psn\n|move|p2a: Shuckle|Shell Smash|p2a: Shuckle\n|-boost|p2a: Shuckle|def|1\n|-boost|p2a: Shuckle|spd|1\n|-unboost|p2a: Shuckle|atk|2\n|-unboost|p2a: Shuckle|spa|2\n|-unboost|p2a: Shuckle|spe|2\n|\n|-damage|p2a: Shuckle|68\/100 psn|[from] psn\n|upkeep\n|turn|2\n|\n|t:|1700608689\n|move|p1a: Gengar|Shadow Ball|p2a: Shuckle\n|-damage|p2a: Shuckle|42\/100 psn\n|-boost|p2a: Shuckle|spd|1\n|move|p2a: Shuckle|Shell Smash|p2a: Shuckle\n|-boost|p2a: Shuckle|def|1\n|-boost|p2a: Shuckle|spd|1\n|-unboost|p2a: Shuckle|atk|2\n|-unboost|p2a: Shuckle|spa|2\n|-unboost|p2a: Shuckle|spe|2\n|\n|-damage|p2a: Shuckle|30\/100 psn|[from] psn\n|upkeep\n|turn|3\n|\n|t:|1700608703\n|move|p1a: Gengar|Shadow Ball|p2a: Shuckle\n|-damage|p2a: Shuckle|13\/100 psn\n|move|p2a: Shuckle|Earthquake|p1a: Gengar\n|-supereffective|p1a: Gengar\n|-crit|p1a: Gengar\n|-damage|p1a: Gengar|70\/100\n|\n|-damage|p2a: Shuckle|1\/100 psn|[from] psn\n|upkeep\n|turn|4\n|\n|t:|1700608714\n|move|p1a: Gengar|Thunderbolt|p2a: Shuckle\n|-damage|p2a: Shuckle|0 fnt\n|faint|p2a: Shuckle\n|\n|upkeep\n|\n|t:|1700608721\n|switch|p2a: Garchomp|Garchomp, F|100\/100\n|turn|5\n|\n|t:|1700608726\n|move|p2a: Garchomp|Earthquake|p1a: Gengar\n|-supereffective|p1a: Gengar\n|-damage|p1a: Gengar|0 fnt\n|faint|p1a: Gengar\n|\n|upkeep\n|\n|t:|1700608732\n|switch|p1a: Sirfetch\u2019d|Sirfetch\u2019d, M|100\/100\n|turn|6\n|\n|t:|1700608739\n|move|p2a: Garchomp|Swords Dance|p2a: Garchomp\n|-boost|p2a: Garchomp|atk|2\n|move|p1a: Sirfetch\u2019d|Close Combat|p2a: Garchomp\n|-damage|p2a: Garchomp|28\/100\n|-unboost|p1a: Sirfetch\u2019d|def|1\n|-unboost|p1a: Sirfetch\u2019d|spd|1\n|-damage|p1a: Sirfetch\u2019d|88\/100|[from] ability: Rough Skin|[of] p2a: Garchomp\n|-damage|p1a: Sirfetch\u2019d|72\/100|[from] item: Rocky Helmet|[of] p2a: Garchomp\n|\n|upkeep\n|turn|7\n|\n|t:|1700608755\n|move|p2a: Garchomp|Dragon Claw|p1a: Sirfetch\u2019d\n|-damage|p1a: Sirfetch\u2019d|0 fnt\n|faint|p1a: Sirfetch\u2019d\n|\n|upkeep\n|\n|t:|1700608760\n|switch|p1a: Pikachu|Pikachu, M|100\/100\n|turn|8\n|c|\u2606QUITE FIGHTER|Ash big fan\n|\n|t:|1700608774\n|-terastallize|p1a: Pikachu|Flying\n|move|p2a: Garchomp|Earthquake|p1a: Pikachu\n|-immune|p1a: Pikachu\n|move|p1a: Pikachu|Surf|p2a: Garchomp\n|-damage|p2a: Garchomp|0 fnt\n|faint|p2a: Garchomp\n|\n|upkeep\n|\n|t:|1700608783\n|switch|p2a: Melmetal|Melmetal, shiny|100\/100\n|turn|9\n|\n|t:|1700608786\n|move|p1a: Pikachu|Nuzzle|p2a: Melmetal\n|-damage|p2a: Melmetal|96\/100\n|-status|p2a: Melmetal|par\n|move|p2a: Melmetal|Earthquake|p1a: Pikachu\n|-immune|p1a: Pikachu\n|\n|upkeep\n|turn|10\n|\n|t:|1700608794\n|move|p1a: Pikachu|Thunderbolt|p2a: Melmetal\n|-damage|p2a: Melmetal|60\/100 par\n|move|p2a: Melmetal|Thunder Punch|p1a: Pikachu\n|-ability|p1a: Pikachu|Lightning Rod|boost\n|-boost|p1a: Pikachu|spa|1\n|\n|upkeep\n|turn|11\n|\n|t:|1700608805\n|move|p1a: Pikachu|Thunderbolt|p2a: Melmetal\n|-damage|p2a: Melmetal|3\/100 par\n|move|p2a: Melmetal|Ice Punch|p1a: Pikachu\n|-supereffective|p1a: Pikachu\n|-damage|p1a: Pikachu|0 fnt\n|faint|p1a: Pikachu\n|\n|upkeep\n|\n|t:|1700608822\n|switch|p1a: Lucario|Lucario, M|100\/100\n|turn|12\n|\n|t:|1700608827\n|move|p1a: Lucario|Vacuum Wave|p2a: Melmetal\n|-supereffective|p2a: Melmetal\n|-damage|p2a: Melmetal|0 fnt\n|faint|p2a: Melmetal\n|\n|upkeep\n|\n|t:|1700608840\n|switch|p2a: Palafin|Palafin, F|100\/100\n|turn|13\n|\n|t:|1700608846\n|detailschange|p1a: Lucario|Lucario-Mega, M\n|-mega|p1a: Lucario|Lucario|Lucarionite\n|move|p1a: Lucario|Aura Sphere|p2a: Palafin\n|-damage|p2a: Palafin|10\/100\n|move|p2a: Palafin|Drain Punch|p1a: Lucario\n|-supereffective|p1a: Lucario\n|-damage|p1a: Lucario|39\/100\n|-heal|p2a: Palafin|36\/100|[from] drain|[of] p1a: Lucario\n|-damage|p2a: Palafin|26\/100|[from] item: Life Orb\n|\n|upkeep\n|turn|14\n|\n|t:|1700608859\n|move|p1a: Lucario|Vacuum Wave|p2a: Palafin\n|-damage|p2a: Palafin|0 fnt\n|faint|p2a: Palafin\n|\n|upkeep\n|\n|t:|1700608867\n|switch|p2a: Dracovish|Dracovish, shiny|100\/100\n|turn|15\n|\n|t:|1700608876\n|move|p1a: Lucario|Vacuum Wave|p2a: Dracovish\n|-damage|p2a: Dracovish|62\/100\n|-zpower|p2a: Dracovish\n|move|p2a: Dracovish|Hydro Vortex|p1a: Lucario|[zeffect]\n|-damage|p1a: Lucario|0 fnt\n|faint|p1a: Lucario\n|\n|upkeep\n|\n|t:|1700608885\n|switch|p1a: Dracovish|Dracovish|100\/100\n|turn|16\n|\n|t:|1700608893\n|switch|p2a: Flutter Mane|Flutter Mane|100\/100\n|-enditem|p2a: Flutter Mane|Booster Energy\n|-activate|p2a: Flutter Mane|ability: Protosynthesis|[fromitem]\n|-start|p2a: Flutter Mane|protosynthesisspe\n|-zpower|p1a: Dracovish\n|move|p1a: Dracovish|Z-Rain Dance|p1a: Dracovish|[anim]Rain Dance\n|-boost|p1a: Dracovish|spe|1|[zeffect]\n|-weather|RainDance\n|\n|-weather|RainDance|[upkeep]\n|upkeep\n|turn|17\n|\n|t:|1700608912\n|-terastallize|p2a: Flutter Mane|Ghost\n|move|p2a: Flutter Mane|Moonblast|p1a: Dracovish\n|-supereffective|p1a: Dracovish\n|-damage|p1a: Dracovish|0 fnt\n|faint|p1a: Dracovish\n|\n|-weather|RainDance|[upkeep]\n|upkeep\n|\n|t:|1700608920\n|switch|p1a: Dragonite|Dragonite, F|100\/100\n|turn|18\n|\n|t:|1700608925\n|move|p2a: Flutter Mane|Moonblast|p1a: Dragonite\n|-supereffective|p1a: Dragonite\n|-damage|p1a: Dragonite|48\/100\n|-unboost|p1a: Dragonite|spa|1\n|-enditem|p1a: Dragonite|Weakness Policy\n|-boost|p1a: Dragonite|atk|2|[from] item: Weakness Policy\n|-boost|p1a: Dragonite|spa|2|[from] item: Weakness Policy\n|move|p1a: Dragonite|Dragon Claw|p2a: Flutter Mane\n|-damage|p2a: Flutter Mane|0 fnt\n|faint|p2a: Flutter Mane\n|-end|p2a: Flutter Mane|Protosynthesis|[silent]\n|\n|-weather|RainDance|[upkeep]\n|upkeep\n|\n|t:|1700608937\n|switch|p2a: Dracovish|Dracovish, shiny|62\/100\n|turn|19\n|\n|t:|1700608943\n|move|p1a: Dragonite|Dragon Claw|p2a: Dracovish\n|-supereffective|p2a: Dracovish\n|-damage|p2a: Dracovish|0 fnt\n|faint|p2a: Dracovish\n|\n|win|ryan_farhan\n|raw|ryan_farhan's rating: 1148 &rarr; <strong>1170<\/strong><br \/>(+22 for winning)\n|raw|QUITE FIGHTER's rating: 1111 &rarr; <strong>1089<\/strong><br \/>(-22 for losing)\n|l|\u2606QUITE FIGHTER\n","uploadtime":1700608957,"views":3,"p1id":"ryanfarhan","p2id":"quitefighter","formatid":"gen9nationaldexubers","rating":1089,"private":0,"password":""}