{"id":"gen9nationaldexubers-1987075775","p1":"Primal Groudon Sr","p2":"Miss.Queen.Jess","format":"[Gen 9] National Dex Ubers","log":"|j|\u2606Primal Groudon Sr\n|j|\u2606Miss.Queen.Jess\n|t:|1699554088\n|gametype|singles\n|player|p1|Primal Groudon Sr|benga|\n|player|p2|Miss.Queen.Jess|lady|\n|teamsize|p1|6\n|teamsize|p2|6\n|gen|9\n|tier|[Gen 9] National Dex Ubers\n|rule|HP Percentage Mod: HP is shown in percentages\n|rule|Endless Battle Clause: Forcing endless battles is banned\n|rule|OHKO Clause: OHKO moves are banned\n|rule|Evasion Moves Clause: Evasion moves are banned\n|rule|Evasion Items Clause: Evasion items are banned\n|rule|Species Clause: Limit one of each Pok\u00e9mon\n|rule|Sleep Clause Mod: Limit one foe put to sleep\n|rule|Mega Rayquaza Clause: You cannot mega evolve Rayquaza\n|clearpoke\n|poke|p1|Groudon|\n|poke|p1|Diancie|\n|poke|p1|Chansey, F|\n|poke|p1|Hydreigon, M|\n|poke|p1|Slowking, F|\n|poke|p1|Landorus-Therian, M|\n|poke|p2|Aggron, F|\n|poke|p2|Starmie|\n|poke|p2|Whimsicott, M|\n|poke|p2|Gyarados, F|\n|poke|p2|Kyogre|\n|poke|p2|Metagross|\n|teampreview\n|j| primal groudon jr\n|c| primal groudon jr|yeahhhh\n|c| primal groudon jr|oh uh\n|c| primal groudon jr|kyogre is an uber\n|\n|t:|1699554243\n|start\n|switch|p1a: Landorus|Landorus-Therian, M|100\/100\n|switch|p2a: Twinkle Twinkle|Starmie, shiny|100\/100\n|-ability|p1a: Landorus|Intimidate|boost\n|-unboost|p2a: Twinkle Twinkle|atk|1\n|turn|1\n|\n|t:|1699554264\n|switch|p1a: Chansey|Chansey, F|100\/100\n|move|p2a: Twinkle Twinkle|Scald|p1a: Chansey\n|-damage|p1a: Chansey|90\/100\n|-damage|p2a: Twinkle Twinkle|91\/100|[from] item: Life Orb\n|\n|upkeep\n|turn|2\n|\n|t:|1699554283\n|move|p2a: Twinkle Twinkle|Thunderbolt|p1a: Chansey\n|-damage|p1a: Chansey|82\/100\n|-damage|p2a: Twinkle Twinkle|81\/100|[from] item: Life Orb\n|move|p1a: Chansey|Stealth Rock|p2a: Twinkle Twinkle\n|-sidestart|p2: Miss.Queen.Jess|move: Stealth Rock\n|\n|upkeep\n|turn|3\n|\n|t:|1699554293\n|move|p2a: Twinkle Twinkle|Ice Beam|p1a: Chansey\n|-damage|p1a: Chansey|75\/100\n|-damage|p2a: Twinkle Twinkle|71\/100|[from] item: Life Orb\n|move|p1a: Chansey|Seismic Toss|p2a: Twinkle Twinkle\n|-damage|p2a: Twinkle Twinkle|32\/100\n|\n|upkeep\n|turn|4\n|\n|t:|1699554306\n|move|p2a: Twinkle Twinkle|Scald|p1a: Chansey\n|-damage|p1a: Chansey|64\/100\n|-status|p1a: Chansey|brn\n|-damage|p2a: Twinkle Twinkle|22\/100|[from] item: Life Orb\n|move|p1a: Chansey|Soft-Boiled|p1a: Chansey\n|-heal|p1a: Chansey|100\/100 brn\n|\n|-damage|p1a: Chansey|94\/100 brn|[from] brn\n|upkeep\n|turn|5\n|\n|t:|1699554311\n|move|p2a: Twinkle Twinkle|Scald|p1a: Chansey\n|-damage|p1a: Chansey|83\/100 brn\n|-damage|p2a: Twinkle Twinkle|12\/100|[from] item: Life Orb\n|move|p1a: Chansey|Seismic Toss|p2a: Twinkle Twinkle\n|-damage|p2a: Twinkle Twinkle|0 fnt\n|faint|p2a: Twinkle Twinkle\n|\n|-damage|p1a: Chansey|77\/100 brn|[from] brn\n|upkeep\n|\n|t:|1699554320\n|switch|p2a: Wonderland|Whimsicott, M, shiny|100\/100\n|-damage|p2a: Wonderland|88\/100|[from] Stealth Rock\n|turn|6\n|\n|t:|1699554338\n|move|p2a: Wonderland|Moonblast|p1a: Chansey\n|-damage|p1a: Chansey|71\/100 brn\n|-unboost|p1a: Chansey|spa|1\n|move|p1a: Chansey|Seismic Toss|p2a: Wonderland\n|-damage|p2a: Wonderland|57\/100\n|\n|-heal|p2a: Wonderland|63\/100|[from] item: Leftovers\n|-damage|p1a: Chansey|65\/100 brn|[from] brn\n|upkeep\n|turn|7\n|\n|t:|1699554343\n|move|p2a: Wonderland|Moonblast|p1a: Chansey\n|-damage|p1a: Chansey|59\/100 brn\n|move|p1a: Chansey|Seismic Toss|p2a: Wonderland\n|-damage|p2a: Wonderland|32\/100\n|\n|-heal|p2a: Wonderland|39\/100|[from] item: Leftovers\n|-damage|p1a: Chansey|53\/100 brn|[from] brn\n|upkeep\n|turn|8\n|\n|t:|1699554346\n|move|p2a: Wonderland|U-turn|p1a: Chansey\n|-damage|p1a: Chansey|37\/100 brn\n|\n|t:|1699554352\n|switch|p2a: Metagross|Metagross, shiny|100\/100|[from] U-turn\n|-damage|p2a: Metagross|95\/100|[from] Stealth Rock\n|move|p1a: Chansey|Soft-Boiled|p1a: Chansey\n|-heal|p1a: Chansey|87\/100 brn\n|\n|-damage|p1a: Chansey|80\/100 brn|[from] brn\n|upkeep\n|turn|9\n|\n|t:|1699554362\n|-curestatus|p1a: Chansey|brn|[from] ability: Natural Cure\n|switch|p1a: Landorus|Landorus-Therian, M|100\/100\n|-ability|p1a: Landorus|Intimidate|boost\n|-fail|p2a: Metagross|unboost|[from] ability: Clear Body|[of] p2a: Metagross\n|move|p2a: Metagross|Earthquake|p1a: Landorus\n|-immune|p1a: Landorus\n|\n|upkeep\n|turn|10\n|\n|t:|1699554385\n|switch|p2a: Wonderland|Whimsicott, M, shiny|39\/100\n|-damage|p2a: Wonderland|26\/100|[from] Stealth Rock\n|move|p1a: Landorus|U-turn|p2a: Wonderland\n|-damage|p2a: Wonderland|4\/100\n|\n|t:|1699554397\n|switch|p1a: Chansey|Chansey, F|80\/100|[from] U-turn\n|\n|-heal|p2a: Wonderland|10\/100|[from] item: Leftovers\n|upkeep\n|turn|11\n|\n|t:|1699554413\n|move|p2a: Wonderland|Leech Seed|p1a: Chansey\n|-start|p1a: Chansey|move: Leech Seed\n|move|p1a: Chansey|Thunder Wave|p2a: Wonderland\n|-status|p2a: Wonderland|par\n|\n|-heal|p2a: Wonderland|17\/100 par|[from] item: Leftovers\n|-damage|p1a: Chansey|68\/100|[from] Leech Seed|[of] p2a: Wonderland\n|-heal|p2a: Wonderland|44\/100 par|[silent]\n|upkeep\n|turn|12\n|\n|t:|1699554426\n|move|p2a: Wonderland|Leech Seed||[still]\n|-fail|p2a: Wonderland\n|move|p1a: Chansey|Soft-Boiled|p1a: Chansey\n|-heal|p1a: Chansey|100\/100\n|\n|-heal|p2a: Wonderland|50\/100 par|[from] item: Leftovers\n|-damage|p1a: Chansey|88\/100|[from] Leech Seed|[of] p2a: Wonderland\n|-heal|p2a: Wonderland|77\/100 par|[silent]\n|upkeep\n|turn|13\n|\n|t:|1699554433\n|move|p1a: Chansey|Seismic Toss|p2a: Wonderland\n|-damage|p2a: Wonderland|46\/100 par\n|move|p2a: Wonderland|Moonblast|p1a: Chansey\n|-damage|p1a: Chansey|82\/100\n|\n|-heal|p2a: Wonderland|53\/100 par|[from] item: Leftovers\n|-damage|p1a: Chansey|69\/100|[from] Leech Seed|[of] p2a: Wonderland\n|-heal|p2a: Wonderland|80\/100 par|[silent]\n|upkeep\n|turn|14\n|\n|t:|1699554442\n|switch|p1a: Groudon|Groudon|100\/100\n|detailschange|p1a: Groudon|Groudon-Primal\n|-primal|p1a: Groudon|Red Orb\n|-weather|DesolateLand|[from] ability: Desolate Land|[of] p1a: Groudon\n|move|p2a: Wonderland|Moonblast|p1a: Groudon\n|-resisted|p1a: Groudon\n|-damage|p1a: Groudon|85\/100\n|\n|-weather|DesolateLand|[upkeep]\n|-heal|p2a: Wonderland|86\/100 par|[from] item: Leftovers\n|upkeep\n|turn|15\n|\n|t:|1699554460\n|move|p2a: Wonderland|Leech Seed|p1a: Groudon\n|-start|p1a: Groudon|move: Leech Seed\n|move|p1a: Groudon|Precipice Blades|p2a: Wonderland\n|-resisted|p2a: Wonderland\n|-damage|p2a: Wonderland|52\/100 par\n|\n|-weather|DesolateLand|[upkeep]\n|-heal|p2a: Wonderland|58\/100 par|[from] item: Leftovers\n|-damage|p1a: Groudon|73\/100|[from] Leech Seed|[of] p2a: Wonderland\n|-heal|p2a: Wonderland|71\/100 par|[silent]\n|upkeep\n|turn|16\n|\n|t:|1699554472\n|cant|p2a: Wonderland|par\n|move|p1a: Groudon|Fire Punch|p2a: Wonderland\n|-supereffective|p2a: Wonderland\n|-damage|p2a: Wonderland|0 fnt\n|faint|p2a: Wonderland\n|\n|-weather|DesolateLand|[upkeep]\n|upkeep\n|\n|t:|1699554476\n|switch|p2a: Aggron|Aggron, F, shiny|100\/100\n|-damage|p2a: Aggron|94\/100|[from] Stealth Rock\n|turn|17\n|\n|t:|1699554481\n|move|p1a: Groudon|Precipice Blades|p2a: Aggron\n|-supereffective|p2a: Aggron\n|-damage|p2a: Aggron|0 fnt\n|faint|p2a: Aggron\n|\n|-weather|DesolateLand|[upkeep]\n|upkeep\n|\n|t:|1699554514\n|switch|p2a: Metagross|Metagross, shiny|95\/100\n|-damage|p2a: Metagross|89\/100|[from] Stealth Rock\n|turn|18\n|\n|t:|1699554532\n|move|p2a: Metagross|Ice Punch|p1a: Groudon\n|-damage|p1a: Groudon|55\/100\n|move|p1a: Groudon|Fire Punch|p2a: Metagross\n|-supereffective|p2a: Metagross\n|-damage|p2a: Metagross|0 fnt\n|faint|p2a: Metagross\n|\n|-weather|DesolateLand|[upkeep]\n|upkeep\n|\n|t:|1699554534\n|switch|p2a: Kyogre|Kyogre, shiny|100\/100\n|-damage|p2a: Kyogre|88\/100|[from] Stealth Rock\n|detailschange|p2a: Kyogre|Kyogre-Primal, shiny\n|-primal|p2a: Kyogre|Blue Orb\n|-weather|PrimordialSea|[from] ability: Primordial Sea|[of] p2a: Kyogre\n|turn|19\n|\n|t:|1699554549\n|move|p1a: Groudon|Precipice Blades|p2a: Kyogre\n|-damage|p2a: Kyogre|0 fnt\n|faint|p2a: Kyogre\n|-weather|none\n|\n|upkeep\n|\n|t:|1699554551\n|switch|p2a: Gyarados|Gyarados, F, shiny|100\/100\n|-damage|p2a: Gyarados|76\/100|[from] Stealth Rock\n|-ability|p2a: Gyarados|Intimidate|boost\n|-unboost|p1a: Groudon|atk|1\n|turn|20\n|\n|t:|1699554559\n|detailschange|p2a: Gyarados|Gyarados-Mega, F, shiny\n|-mega|p2a: Gyarados|Gyarados|Gyaradosite\n|-ability|p2a: Gyarados|Mold Breaker\n|move|p1a: Groudon|Fire Punch|p2a: Gyarados\n|-resisted|p2a: Gyarados\n|-damage|p2a: Gyarados|59\/100\n|move|p2a: Gyarados|Hydro Pump|p1a: Groudon\n|-supereffective|p1a: Groudon\n|-damage|p1a: Groudon|0 fnt\n|faint|p1a: Groudon\n|\n|upkeep\n|\n|t:|1699554576\n|switch|p1a: Slowking|Slowking, F|100\/100\n|turn|21\n|\n|t:|1699554586\n|move|p2a: Gyarados|Crunch|p1a: Slowking\n|-supereffective|p1a: Slowking\n|-damage|p1a: Slowking|7\/100\n|move|p1a: Slowking|Scald|p2a: Gyarados\n|-resisted|p2a: Gyarados\n|-damage|p2a: Gyarados|48\/100\n|\n|-heal|p1a: Slowking|13\/100|[from] item: Leftovers\n|upkeep\n|turn|22\n|\n|t:|1699554592\n|move|p2a: Gyarados|Crunch|p1a: Slowking\n|-supereffective|p1a: Slowking\n|-damage|p1a: Slowking|0 fnt\n|faint|p1a: Slowking\n|\n|upkeep\n|\n|t:|1699554601\n|switch|p1a: Chansey|Chansey, F|69\/100\n|turn|23\n|\n|t:|1699554621\n|move|p2a: Gyarados|Hydro Pump|p1a: Chansey\n|-damage|p1a: Chansey|64\/100\n|move|p1a: Chansey|Seismic Toss|p2a: Gyarados\n|-damage|p2a: Gyarados|18\/100\n|\n|upkeep\n|turn|24\n|\n|t:|1699554628\n|move|p2a: Gyarados|Hydro Pump|p1a: Chansey\n|-damage|p1a: Chansey|58\/100\n|move|p1a: Chansey|Seismic Toss|p2a: Gyarados\n|-damage|p2a: Gyarados|0 fnt\n|faint|p2a: Gyarados\n|\n|win|Primal Groudon Sr\n|l|\u2606Primal Groudon Sr\n","uploadtime":1699554650,"views":5,"p1id":"primalgroudonsr","p2id":"missqueenjess","formatid":"gen9nationaldexubers","rating":0,"private":0,"password":""}