{"id":"gen9nationaldexubers-1996719479","p1":"evilhanaklaus","p2":"confusedkfin","format":"[Gen 9] National Dex Ubers","log":"|j|\u2606evilhanaklaus\n|j|\u2606confusedkfin\n|t:|1700714135\n|gametype|singles\n|player|p1|evilhanaklaus|265|\n|player|p2|confusedkfin|101|\n|teamsize|p1|6\n|teamsize|p2|6\n|gen|9\n|tier|[Gen 9] National Dex Ubers\n|rule|HP Percentage Mod: HP is shown in percentages\n|rule|Endless Battle Clause: Forcing endless battles is banned\n|rule|OHKO Clause: OHKO moves are banned\n|rule|Evasion Moves Clause: Evasion moves are banned\n|rule|Evasion Items Clause: Evasion items are banned\n|rule|Species Clause: Limit one of each Pok\u00e9mon\n|rule|Sleep Clause Mod: Limit one foe put to sleep\n|rule|Mega Rayquaza Clause: You cannot mega evolve Rayquaza\n|clearpoke\n|poke|p1|Ogerpon-Wellspring, F|\n|poke|p1|Ursaluna-Bloodmoon, M|\n|poke|p1|Corviknight, F|\n|poke|p1|Urshifu-*, M|\n|poke|p1|Politoed, F|\n|poke|p1|Skeledirge, M|\n|poke|p2|Torterra, M|\n|poke|p2|Empoleon, M|\n|poke|p2|Tapu Koko|\n|poke|p2|Gyarados, M|\n|poke|p2|Sneasler, F|\n|poke|p2|Zoroark-Hisui, F|\n|teampreview\n|\n|t:|1700714157\n|start\n|switch|p1a: Ursaluna|Ursaluna-Bloodmoon, M|100\/100\n|switch|p2a: Torterra|Torterra, M|100\/100\n|turn|1\n|\n|t:|1700714165\n|switch|p1a: Corviknight|Corviknight, F|100\/100\n|-ability|p1a: Corviknight|Pressure\n|move|p2a: Torterra|Shell Smash|p2a: Torterra\n|-unboost|p2a: Torterra|def|1\n|-unboost|p2a: Torterra|spd|1\n|-boost|p2a: Torterra|atk|2\n|-boost|p2a: Torterra|spa|2\n|-boost|p2a: Torterra|spe|2\n|\n|upkeep\n|turn|2\n|\n|t:|1700714180\n|move|p2a: Torterra|Rock Blast|p1a: Corviknight\n|-damage|p1a: Corviknight|90\/100\n|-damage|p1a: Corviknight|80\/100\n|-damage|p1a: Corviknight|70\/100\n|-damage|p1a: Corviknight|59\/100\n|-damage|p1a: Corviknight|48\/100\n|-hitcount|p1a: Corviknight|5\n|move|p1a: Corviknight|Body Press|p2a: Torterra\n|-damage|p2a: Torterra|68\/100\n|\n|upkeep\n|turn|3\n|\n|t:|1700714191\n|move|p2a: Torterra|Rock Blast|p1a: Corviknight\n|-damage|p1a: Corviknight|38\/100\n|-damage|p1a: Corviknight|27\/100\n|-damage|p1a: Corviknight|17\/100\n|-damage|p1a: Corviknight|8\/100\n|-hitcount|p1a: Corviknight|4\n|move|p1a: Corviknight|Roost|p1a: Corviknight\n|-heal|p1a: Corviknight|58\/100\n|-singleturn|p1a: Corviknight|move: Roost\n|\n|upkeep\n|turn|4\n|\n|t:|1700714202\n|move|p2a: Torterra|Rock Blast|p1a: Corviknight\n|-damage|p1a: Corviknight|47\/100\n|-damage|p1a: Corviknight|37\/100\n|-damage|p1a: Corviknight|27\/100\n|-damage|p1a: Corviknight|16\/100\n|-hitcount|p1a: Corviknight|4\n|move|p1a: Corviknight|U-turn|p2a: Torterra\n|-supereffective|p2a: Torterra\n|-damage|p2a: Torterra|26\/100\n|\n|t:|1700714208\n|switch|p1a: Urshifu|Urshifu-Rapid-Strike, M|100\/100|[from] U-turn\n|\n|upkeep\n|turn|5\n|\n|t:|1700714213\n|move|p1a: Urshifu|Aqua Jet|p2a: Torterra\n|-damage|p2a: Torterra|0 fnt\n|faint|p2a: Torterra\n|\n|upkeep\n|\n|t:|1700714218\n|switch|p2a: Tapu Koko|Tapu Koko|100\/100\n|-fieldstart|move: Electric Terrain|[from] ability: Electric Surge|[of] p2a: Tapu Koko\n|turn|6\n|\n|t:|1700714222\n|switch|p1a: Ursaluna|Ursaluna-Bloodmoon, M|100\/100\n|move|p2a: Tapu Koko|Thunderbolt|p1a: Ursaluna\n|-immune|p1a: Ursaluna\n|\n|upkeep\n|turn|7\n|\n|t:|1700714229\n|move|p2a: Tapu Koko|U-turn|p1a: Ursaluna\n|-damage|p1a: Ursaluna|89\/100\n|\n|t:|1700714231\n|switch|p2a: Gyarados|Gyarados, M|100\/100|[from] U-turn\n|-ability|p2a: Gyarados|Intimidate|boost\n|-unboost|p1a: Ursaluna|atk|1\n|move|p1a: Ursaluna|Blood Moon|p2a: Gyarados\n|-damage|p2a: Gyarados|19\/100\n|\n|-heal|p1a: Ursaluna|95\/100|[from] item: Leftovers\n|upkeep\n|turn|8\n|\n|t:|1700714247\n|switch|p1a: Corviknight|Corviknight, F|16\/100\n|-ability|p1a: Corviknight|Pressure\n|detailschange|p2a: Gyarados|Gyarados-Mega, M\n|-mega|p2a: Gyarados|Gyarados|Gyaradosite\n|-ability|p2a: Gyarados|Mold Breaker\n|move|p2a: Gyarados|Crunch|p1a: Corviknight\n|-damage|p1a: Corviknight|0 fnt\n|-damage|p2a: Gyarados|2\/100|[from] item: Rocky Helmet|[of] p1a: Corviknight\n|faint|p1a: Corviknight\n|\n|upkeep\n|\n|t:|1700714256\n|switch|p1a: Urshifu|Urshifu-Rapid-Strike, M|100\/100\n|turn|9\n|\n|t:|1700714262\n|switch|p2a: Empoleon|Empoleon, M|100\/100\n|move|p1a: Urshifu|Surging Strikes|p2a: Empoleon\n|-resisted|p2a: Empoleon\n|-crit|p2a: Empoleon\n|-damage|p2a: Empoleon|92\/100\n|-resisted|p2a: Empoleon\n|-crit|p2a: Empoleon\n|-damage|p2a: Empoleon|82\/100\n|-resisted|p2a: Empoleon\n|-crit|p2a: Empoleon\n|-damage|p2a: Empoleon|73\/100\n|-hitcount|p2a: Empoleon|3\n|\n|upkeep\n|turn|10\n|\n|t:|1700714273\n|move|p1a: Urshifu|Swords Dance|p1a: Urshifu\n|-boost|p1a: Urshifu|atk|2\n|move|p2a: Empoleon|Toxic|p1a: Urshifu\n|-status|p1a: Urshifu|tox\n|\n|-damage|p1a: Urshifu|94\/100 tox|[from] psn\n|-fieldend|move: Electric Terrain\n|upkeep\n|turn|11\n|\n|t:|1700714285\n|switch|p2a: Tapu Koko|Tapu Koko|100\/100\n|move|p1a: Urshifu|Drain Punch|p2a: Tapu Koko\n|-immune|p2a: Tapu Koko\n|\n|-damage|p1a: Urshifu|82\/100 tox|[from] psn\n|upkeep\n|turn|12\n|\n|t:|1700714296\n|switch|p2a: Empoleon|Empoleon, M|73\/100\n|move|p1a: Urshifu|Aqua Jet|p2a: Empoleon\n|-resisted|p2a: Empoleon\n|-damage|p2a: Empoleon|53\/100\n|\n|-damage|p1a: Urshifu|64\/100 tox|[from] psn\n|upkeep\n|turn|13\n|\n|t:|1700714304\n|move|p1a: Urshifu|Surging Strikes|p2a: Empoleon\n|-resisted|p2a: Empoleon\n|-crit|p2a: Empoleon\n|-damage|p2a: Empoleon|34\/100\n|-resisted|p2a: Empoleon\n|-crit|p2a: Empoleon\n|-damage|p2a: Empoleon|14\/100\n|-resisted|p2a: Empoleon\n|-crit|p2a: Empoleon\n|-damage|p2a: Empoleon|0 fnt\n|faint|p2a: Empoleon\n|-hitcount|p2: Empoleon|3\n|\n|-damage|p1a: Urshifu|39\/100 tox|[from] psn\n|upkeep\n|\n|t:|1700714329\n|switch|p2a: Tapu Koko|Tapu Koko|100\/100\n|-fieldstart|move: Electric Terrain|[from] ability: Electric Surge|[of] p2a: Tapu Koko\n|turn|14\n|\n|t:|1700714337\n|move|p1a: Urshifu|Aqua Jet|p2a: Tapu Koko\n|-crit|p2a: Tapu Koko\n|-damage|p2a: Tapu Koko|19\/100\n|move|p2a: Tapu Koko|Dazzling Gleam|p1a: Urshifu\n|-supereffective|p1a: Urshifu\n|-crit|p1a: Urshifu\n|-damage|p1a: Urshifu|0 fnt\n|faint|p1a: Urshifu\n|\n|-heal|p2a: Tapu Koko|25\/100|[from] item: Leftovers\n|upkeep\n|\n|t:|1700714346\n|switch|p1a: Skeledirge|Skeledirge, M|100\/100\n|turn|15\n|\n|t:|1700714350\n|move|p2a: Tapu Koko|Thunderbolt|p1a: Skeledirge\n|-damage|p1a: Skeledirge|58\/100\n|move|p1a: Skeledirge|Torch Song|p2a: Tapu Koko\n|-damage|p2a: Tapu Koko|0 fnt\n|-boost|p1a: Skeledirge|spa|1\n|faint|p2a: Tapu Koko\n|\n|upkeep\n|\n|t:|1700714357\n|switch|p2a: Gyarados|Gyarados-Mega, M|2\/100\n|-ability|p2a: Gyarados|Mold Breaker\n|turn|16\n|\n|t:|1700714366\n|switch|p1a: Ogerpon|Ogerpon-Wellspring, F|100\/100\n|move|p2a: Gyarados|Crunch|p1a: Ogerpon\n|-damage|p1a: Ogerpon|37\/100\n|\n|upkeep\n|turn|17\n|\n|t:|1700714375\n|move|p1a: Ogerpon|Trailblaze|p2a: Gyarados\n|-supereffective|p2a: Gyarados\n|-damage|p2a: Gyarados|0 fnt\n|-boost|p1a: Ogerpon|spe|1\n|faint|p2a: Gyarados\n|\n|upkeep\n|\n|t:|1700714382\n|switch|p2a: Sneasler|Sneasler, F|100\/100\n|-enditem|p2a: Sneasler|Electric Seed\n|-boost|p2a: Sneasler|def|1|[from] item: Electric Seed\n|turn|18\n|\n|t:|1700714388\n|move|p2a: Sneasler|Dire Claw|p1a: Ogerpon\n|-supereffective|p1a: Ogerpon\n|-damage|p1a: Ogerpon|0 fnt\n|faint|p1a: Ogerpon\n|\n|-fieldend|move: Electric Terrain\n|upkeep\n|\n|t:|1700714396\n|switch|p1a: Ursaluna|Ursaluna-Bloodmoon, M|95\/100\n|turn|19\n|\n|t:|1700714414\n|-terastallize|p2a: Sneasler|Flying\n|-terastallize|p1a: Ursaluna|Poison\n|move|p2a: Sneasler|Close Combat|p1a: Ursaluna\n|-resisted|p1a: Ursaluna\n|-damage|p1a: Ursaluna|73\/100\n|-unboost|p2a: Sneasler|def|1\n|-unboost|p2a: Sneasler|spd|1\n|move|p1a: Ursaluna|Blood Moon|p2a: Sneasler\n|-damage|p2a: Sneasler|0 fnt\n|faint|p2a: Sneasler\n|\n|-heal|p1a: Ursaluna|79\/100|[from] item: Leftovers\n|upkeep\n|\n|t:|1700714427\n|switch|p2a: Zoroark|Zoroark-Hisui, F|100\/100\n|turn|20\n|\n|t:|1700714439\n|-zpower|p2a: Zoroark\n|move|p2a: Zoroark|Z-Happy Hour|p2a: Zoroark|[anim]Happy Hour\n|-boost|p2a: Zoroark|atk|1|[zeffect]\n|-boost|p2a: Zoroark|def|1|[zeffect]\n|-boost|p2a: Zoroark|spa|1|[zeffect]\n|-boost|p2a: Zoroark|spd|1|[zeffect]\n|-boost|p2a: Zoroark|spe|1|[zeffect]\n|move|p1a: Ursaluna|Tera Blast|p2a: Zoroark|[anim] Tera Blast Poison\n|-resisted|p2a: Zoroark\n|-damage|p2a: Zoroark|70\/100\n|\n|-heal|p1a: Ursaluna|85\/100|[from] item: Leftovers\n|upkeep\n|turn|21\n|\n|t:|1700714452\n|move|p2a: Zoroark|Grass Knot|p1a: Ursaluna\n|-resisted|p1a: Ursaluna\n|-damage|p1a: Ursaluna|51\/100\n|move|p1a: Ursaluna|Blood Moon|p2a: Zoroark\n|-damage|p2a: Zoroark|0 fnt\n|faint|p2a: Zoroark\n|\n|win|evilhanaklaus\n|c|\u2606evilhanaklaus|ggs\n|l|\u2606evilhanaklaus\n|c|\u2606confusedkfin|gg\n|l|\u2606confusedkfin\n|j|\u2606evilhanaklaus\n|player|p1|evilhanaklaus|265\n","uploadtime":1700714484,"views":8,"p1id":"evilhanaklaus","p2id":"confusedkfin","formatid":"gen9nationaldexubers","rating":0,"private":0,"password":""}