{"id":"gen9nationaldexubers-1987267582","p1":"Graterol882008","p2":"hanagakiUBD","format":"[Gen 9] National Dex Ubers","log":"|j|\u2606Graterol882008\n|j|\u2606hanagakiUBD\n|t:|1699571266\n|gametype|singles\n|player|p1|Graterol882008|petrel|\n|player|p2|hanagakiUBD|iris-gen5bw2|\n|teamsize|p1|6\n|teamsize|p2|6\n|gen|9\n|tier|[Gen 9] National Dex Ubers\n|rule|HP Percentage Mod: HP is shown in percentages\n|rule|Endless Battle Clause: Forcing endless battles is banned\n|rule|OHKO Clause: OHKO moves are banned\n|rule|Evasion Moves Clause: Evasion moves are banned\n|rule|Evasion Items Clause: Evasion items are banned\n|rule|Species Clause: Limit one of each Pok\u00e9mon\n|rule|Sleep Clause Mod: Limit one foe put to sleep\n|rule|Mega Rayquaza Clause: You cannot mega evolve Rayquaza\n|clearpoke\n|poke|p1|Metagross|\n|poke|p1|Infernape, M|\n|poke|p1|Dragapult, M|\n|poke|p1|Dragonite, M|\n|poke|p1|Volcarona, F|\n|poke|p1|Primarina, F|\n|poke|p2|Sneasler, M|\n|poke|p2|Annihilape, M|\n|poke|p2|Lucario, M|\n|poke|p2|Blaziken, F|\n|poke|p2|Kommo-o, M|\n|poke|p2|Palafin, F|\n|teampreview\n|inactive|Battle timer is ON: inactive players will automatically lose when time's up. (requested by hanagakiUBD)\n|\n|t:|1699571286\n|start\n|switch|p1a: Primarina|Primarina, F|100\/100\n|switch|p2a: Folla hadas|Kommo-o, M|100\/100\n|turn|1\n|\n|t:|1699571293\n|switch|p2a: Putario|Lucario, M|100\/100\n|move|p1a: Primarina|Psychic|p2a: Putario\n|-damage|p2a: Putario|49\/100\n|\n|upkeep\n|turn|2\n|\n|t:|1699571301\n|move|p2a: Putario|Final Gambit|p1a: Primarina\n|-damage|p1a: Primarina|59\/100\n|faint|p2a: Putario\n|move|p1a: Primarina|Psychic|p2: Putario|[notarget]\n|-fail|p1a: Primarina\n|\n|upkeep\n|\n|t:|1699571320\n|switch|p2a: KFC|Blaziken, F, shiny|100\/100\n|turn|3\n|\n|t:|1699571327\n|move|p2a: KFC|Swords Dance|p2a: KFC\n|-boost|p2a: KFC|atk|2\n|-zpower|p1a: Primarina\n|move|p1a: Primarina|Oceanic Operetta|p2a: KFC|[zeffect]\n|-supereffective|p2a: KFC\n|-enditem|p2a: KFC|Focus Sash\n|-damage|p2a: KFC|1\/100\n|\n|-ability|p2a: KFC|Speed Boost|boost\n|-boost|p2a: KFC|spe|1\n|upkeep\n|turn|4\n|\n|t:|1699571346\n|move|p2a: KFC|Earthquake|p1a: Primarina\n|-damage|p1a: Primarina|0 fnt\n|faint|p1a: Primarina\n|\n|-ability|p2a: KFC|Speed Boost|boost\n|-boost|p2a: KFC|spe|1\n|upkeep\n|\n|t:|1699571360\n|switch|p1a: Volcadroga|Volcarona, F|100\/100\n|turn|5\n|c|\u2606hanagakiUBD|Laik si te chaqueteaste\n|\n|t:|1699571369\n|move|p2a: KFC|Rock Slide|p1a: Volcadroga\n|-supereffective|p1a: Volcadroga\n|-damage|p1a: Volcadroga|0 fnt\n|faint|p1a: Volcadroga\n|\n|-ability|p2a: KFC|Speed Boost|boost\n|-boost|p2a: KFC|spe|1\n|upkeep\n|\n|t:|1699571384\n|switch|p1a: Dragapult|Dragapult, M|100\/100\n|turn|6\n|\n|t:|1699571398\n|move|p2a: KFC|Fire Punch|p1a: Dragapult\n|-resisted|p1a: Dragapult\n|-damage|p1a: Dragapult|52\/100\n|move|p1a: Dragapult|Surf|p2a: KFC\n|-supereffective|p2a: KFC\n|-damage|p2a: KFC|0 fnt\n|faint|p2a: KFC\n|\n|upkeep\n|\n|t:|1699571406\n|switch|p2a: Folla hadas|Kommo-o, M|100\/100\n|turn|7\n|\n|t:|1699571416\n|-terastallize|p1a: Dragapult|Fairy\n|move|p1a: Dragapult|Agility|p1a: Dragapult\n|-boost|p1a: Dragapult|spe|2\n|-zpower|p2a: Folla hadas\n|move|p2a: Folla hadas|Clangorous Soulblaze|p1a: Dragapult|[zeffect]\n|-immune|p1a: Dragapult\n|\n|upkeep\n|turn|8\n|\n|t:|1699571426\n|move|p1a: Dragapult|Flamethrower|p2a: Folla hadas\n|-resisted|p2a: Folla hadas\n|-damage|p2a: Folla hadas|85\/100\n|move|p2a: Folla hadas|Iron Head|p1a: Dragapult\n|-supereffective|p1a: Dragapult\n|-damage|p1a: Dragapult|0 fnt\n|faint|p1a: Dragapult\n|\n|upkeep\n|c|\u2606hanagakiUBD|Ehhhh\n|\n|t:|1699571434\n|switch|p1a: Dragonite|Dragonite, M|100\/100\n|turn|9\n|c|\u2606hanagakiUBD|Desde ahora digo q ya perdiste bro xd\n|\n|t:|1699571441\n|move|p2a: Folla hadas|Clanging Scales|p1a: Dragonite\n|-supereffective|p1a: Dragonite\n|-damage|p1a: Dragonite|62\/100\n|-enditem|p1a: Dragonite|Weakness Policy\n|-boost|p1a: Dragonite|atk|2|[from] item: Weakness Policy\n|-boost|p1a: Dragonite|spa|2|[from] item: Weakness Policy\n|-unboost|p2a: Folla hadas|def|1\n|move|p1a: Dragonite|Dragon Dance|p1a: Dragonite\n|-boost|p1a: Dragonite|atk|1\n|-boost|p1a: Dragonite|spe|1\n|\n|upkeep\n|turn|10\n|\n|t:|1699571447\n|move|p1a: Dragonite|Dragon Claw|p2a: Folla hadas\n|-supereffective|p2a: Folla hadas\n|-damage|p2a: Folla hadas|0 fnt\n|faint|p2a: Folla hadas\n|\n|upkeep\n|\n|t:|1699571451\n|switch|p2a: All might|Palafin, F|100\/100\n|turn|11\n|\n|t:|1699571460\n|-terastallize|p2a: All might|Fighting\n|move|p1a: Dragonite|Roost|p1a: Dragonite\n|-heal|p1a: Dragonite|100\/100\n|-singleturn|p1a: Dragonite|move: Roost\n|move|p2a: All might|Ice Punch|p1a: Dragonite\n|-supereffective|p1a: Dragonite\n|-crit|p1a: Dragonite\n|-damage|p1a: Dragonite|56\/100\n|\n|upkeep\n|turn|12\n|\n|t:|1699571465\n|move|p1a: Dragonite|Dragon Claw|p2a: All might\n|-damage|p2a: All might|0 fnt\n|faint|p2a: All might\n|\n|upkeep\n|\n|t:|1699571473\n|switch|p2a: La t\u00f3xica|Sneasler, M|100\/100\n|turn|13\n|\n|t:|1699571477\n|move|p2a: La t\u00f3xica|Fake Out|p1a: Dragonite\n|-enditem|p2a: La t\u00f3xica|Normal Gem|[from] gem\n|-damage|p1a: Dragonite|32\/100\n|cant|p1a: Dragonite|flinch\n|\n|upkeep\n|turn|14\n|\n|t:|1699571486\n|move|p2a: La t\u00f3xica|Acrobatics|p1a: Dragonite\n|-damage|p1a: Dragonite|0 fnt\n|faint|p1a: Dragonite\n|\n|upkeep\n|\n|t:|1699571495\n|switch|p1a: Metagross|Metagross|100\/100\n|turn|15\n|\n|t:|1699571504\n|detailschange|p1a: Metagross|Metagross-Mega\n|-mega|p1a: Metagross|Metagross|Metagrossite\n|move|p2a: La t\u00f3xica|Night Slash|p1a: Metagross\n|-supereffective|p1a: Metagross\n|-damage|p1a: Metagross|65\/100\n|move|p1a: Metagross|Zen Headbutt|p2a: La t\u00f3xica\n|-supereffective|p2a: La t\u00f3xica\n|-damage|p2a: La t\u00f3xica|0 fnt\n|faint|p2a: La t\u00f3xica\n|\n|upkeep\n|\n|t:|1699571511\n|switch|p2a: Frozono|Annihilape, M|100\/100\n|turn|16\n|\n|t:|1699571521\n|move|p2a: Frozono|Rage Fist|p1a: Metagross\n|-supereffective|p1a: Metagross\n|-damage|p1a: Metagross|37\/100\n|move|p1a: Metagross|Iron Defense|p1a: Metagross\n|-boost|p1a: Metagross|def|2\n|\n|upkeep\n|turn|17\n|\n|t:|1699571531\n|move|p2a: Frozono|Rage Fist|p1a: Metagross\n|-supereffective|p1a: Metagross\n|-damage|p1a: Metagross|22\/100\n|move|p1a: Metagross|Iron Head|p2a: Frozono\n|-damage|p2a: Frozono|28\/100\n|\n|-heal|p2a: Frozono|34\/100|[from] item: Leftovers\n|upkeep\n|turn|18\n|\n|t:|1699571542\n|move|p2a: Frozono|Earthquake|p1a: Metagross\n|-supereffective|p1a: Metagross\n|-damage|p1a: Metagross|4\/100\n|move|p1a: Metagross|Iron Head|p2a: Frozono\n|-damage|p2a: Frozono|0 fnt\n|faint|p2a: Frozono\n|\n|win|Graterol882008\n|c|\u2606hanagakiUBD|Gg\n","uploadtime":1699571554,"views":11,"p1id":"graterol882008","p2id":"hanagakiubd","formatid":"gen9nationaldexubers","rating":0,"private":0,"password":""}