{"id":"gen9nationaldexubers-1997791081","p1":"Gocdd10","p2":"Joker1989g","format":"[Gen 9] National Dex Ubers","log":"|j|\u2606Gocdd10\n|j|\u2606Joker1989g\n|t:|1700853061\n|gametype|singles\n|player|p1|Gocdd10|102|1161\n|player|p2|Joker1989g|skyla|1028\n|teamsize|p1|6\n|teamsize|p2|6\n|gen|9\n|tier|[Gen 9] National Dex Ubers\n|rated|\n|rule|HP Percentage Mod: HP is shown in percentages\n|rule|Endless Battle Clause: Forcing endless battles is banned\n|rule|OHKO Clause: OHKO moves are banned\n|rule|Evasion Moves Clause: Evasion moves are banned\n|rule|Evasion Items Clause: Evasion items are banned\n|rule|Species Clause: Limit one of each Pok\u00e9mon\n|rule|Sleep Clause Mod: Limit one foe put to sleep\n|rule|Mega Rayquaza Clause: You cannot mega evolve Rayquaza\n|clearpoke\n|poke|p1|Durant, F|\n|poke|p1|Appletun, M|\n|poke|p1|Basculin, M|\n|poke|p1|Cloyster, F|\n|poke|p1|Eiscue, M|\n|poke|p1|Galvantula, F|\n|poke|p2|Infernape, F|\n|poke|p2|Leafeon, F|\n|poke|p2|Dusclops, M|\n|poke|p2|Gardevoir, F|\n|poke|p2|Drifblim, M|\n|poke|p2|Ampharos, M|\n|teampreview\n|\n|t:|1700853081\n|start\n|switch|p1a: Galvantula|Galvantula, F|100\/100\n|switch|p2a: Gardevoir|Gardevoir, F, shiny|100\/100\n|-ability|p2a: Gardevoir|Compound Eyes|[from] ability: Trace|[of] p1a: Galvantula\n|turn|1\n|\n|t:|1700853092\n|move|p2a: Gardevoir|Mystical Fire|p1a: Galvantula\n|-supereffective|p1a: Galvantula\n|-damage|p1a: Galvantula|8\/100\n|-unboost|p1a: Galvantula|spa|1\n|move|p1a: Galvantula|Thunder Wave|p2a: Gardevoir\n|-status|p2a: Gardevoir|par\n|\n|upkeep\n|turn|2\n|\n|t:|1700853100\n|move|p1a: Galvantula|Sticky Web|p2a: Gardevoir\n|-sidestart|p2: Joker1989g|move: Sticky Web\n|move|p2a: Gardevoir|Mystical Fire|p1a: Galvantula\n|-supereffective|p1a: Galvantula\n|-damage|p1a: Galvantula|0 fnt\n|faint|p1a: Galvantula\n|\n|upkeep\n|\n|t:|1700853104\n|switch|p1a: Basculin|Basculin, M|100\/100\n|turn|3\n|\n|t:|1700853119\n|switch|p2a: Drifblim|Drifblim, M|100\/100\n|move|p1a: Basculin|Wave Crash|p2a: Drifblim\n|-damage|p2a: Drifblim|0 fnt\n|-damage|p1a: Basculin|76\/100|[from] ability: Aftermath|[of] p2a: Drifblim\n|-damage|p1a: Basculin|59\/100|[from] item: Rocky Helmet|[of] p2a: Drifblim\n|faint|p2a: Drifblim\n|-damage|p1a: Basculin|7\/100|[from] Recoil\n|\n|upkeep\n|\n|t:|1700853128\n|switch|p2a: Leafeon|Leafeon, F, shiny|100\/100\n|turn|4\n|\n|t:|1700853144\n|move|p1a: Basculin|Wave Crash|p2a: Leafeon\n|-resisted|p2a: Leafeon\n|-damage|p2a: Leafeon|64\/100\n|-damage|p1a: Basculin|0 fnt|[from] Recoil\n|faint|p1a: Basculin\n|move|p2a: Leafeon|Leaf Blade|p1: Basculin|[notarget]\n|-fail|p2a: Leafeon\n|\n|upkeep\n|l|\u2606Joker1989g\n|player|p2|\n|\n|t:|1700853157\n|switch|p1a: Eiscue|Eiscue, M|100\/100\n|turn|5\n|j|\u2606Joker1989g\n|player|p2|Joker1989g|skyla\n|\n|t:|1700853176\n|move|p2a: Leafeon|Wish|p2a: Leafeon\n|move|p1a: Eiscue|Belly Drum|p1a: Eiscue\n|-damage|p1a: Eiscue|51\/100\n|-setboost|p1a: Eiscue|atk|6|[from] move: Belly Drum\n|\n|upkeep\n|turn|6\n|\n|t:|1700853204\n|move|p2a: Leafeon|Yawn|p1a: Eiscue\n|-start|p1a: Eiscue|move: Yawn|[of] p2a: Leafeon\n|move|p1a: Eiscue|Icicle Crash|p2a: Leafeon\n|-supereffective|p2a: Leafeon\n|-damage|p2a: Leafeon|0 fnt\n|faint|p2a: Leafeon\n|\n|upkeep\n|\n|t:|1700853219\n|switch|p2a: Dusclops|Dusclops, M, shiny|100\/100\n|-activate|p2a: Dusclops|move: Sticky Web\n|-unboost|p2a: Dusclops|spe|1\n|-ability|p2a: Dusclops|Pressure\n|turn|7\n|inactive|Battle timer is ON: inactive players will automatically lose when time's up. (requested by Joker1989g)\n|inactive|Gocdd10 has 120 seconds left.\n|\n|t:|1700853292\n|move|p2a: Dusclops|Shadow Sneak|p1a: Eiscue\n|-activate|p1a: Eiscue|ability: Ice Face\n|-damage|p1a: Eiscue|51\/100\n|detailschange|p1a: Eiscue|Eiscue-Noice, M\n|move|p1a: Eiscue|Icicle Crash|p2a: Dusclops\n|-damage|p2a: Dusclops|21\/100\n|\n|-end|p1a: Eiscue|move: Yawn|[silent]\n|-status|p1a: Eiscue|slp\n|upkeep\n|turn|8\n|\n|t:|1700853303\n|cant|p1a: Eiscue|slp\n|move|p2a: Dusclops|Poltergeist|p1a: Eiscue\n|-activate|p1a: Eiscue|move: Poltergeist|Sitrus Berry\n|-damage|p1a: Eiscue|0 fnt\n|faint|p1a: Eiscue\n|\n|upkeep\n|\n|t:|1700853325\n|switch|p1a: Appletun|Appletun, M|100\/100\n|turn|9\n|\n|t:|1700853332\n|move|p1a: Appletun|Apple Acid|p2a: Dusclops\n|-damage|p2a: Dusclops|0 fnt\n|faint|p2a: Dusclops\n|\n|upkeep\n|\n|t:|1700853339\n|switch|p2a: Gardevoir|Gardevoir, F, shiny|100\/100 par\n|-activate|p2a: Gardevoir|move: Sticky Web\n|-unboost|p2a: Gardevoir|spe|1\n|-ability|p2a: Gardevoir|Thick Fat|[from] ability: Trace|[of] p1a: Appletun\n|turn|10\n|\n|t:|1700853365\n|move|p2a: Gardevoir|Moonblast|p1a: Appletun\n|-supereffective|p1a: Appletun\n|-damage|p1a: Appletun|21\/100\n|move|p1a: Appletun|Leech Seed|p2a: Gardevoir|[miss]\n|-miss|p1a: Appletun|p2a: Gardevoir\n|\n|-heal|p1a: Appletun|27\/100|[from] item: Leftovers\n|upkeep\n|turn|11\n|\n|t:|1700853372\n|move|p2a: Gardevoir|Moonblast|p1a: Appletun\n|-supereffective|p1a: Appletun\n|-damage|p1a: Appletun|0 fnt\n|faint|p1a: Appletun\n|\n|upkeep\n|\n|t:|1700853374\n|switch|p1a: Durant|Durant, F|100\/100\n|turn|12\n|\n|t:|1700853379\n|switch|p2a: Ampharos|Ampharos, M|100\/100\n|-activate|p2a: Ampharos|move: Sticky Web\n|-unboost|p2a: Ampharos|spe|1\n|move|p1a: Durant|Hone Claws|p1a: Durant\n|-boost|p1a: Durant|atk|1\n|-boost|p1a: Durant|accuracy|1\n|\n|upkeep\n|turn|13\n|\n|t:|1700853394\n|-terastallize|p2a: Ampharos|Electric\n|move|p1a: Durant|Stone Edge|p2a: Ampharos|[miss]\n|-miss|p1a: Durant|p2a: Ampharos\n|move|p2a: Ampharos|Discharge|p1a: Durant\n|-enditem|p1a: Durant|Focus Sash\n|-damage|p1a: Durant|1\/100\n|\n|upkeep\n|turn|14\n|\n|t:|1700853405\n|move|p1a: Durant|Stone Edge|p2a: Ampharos\n|-damage|p2a: Ampharos|32\/100\n|move|p2a: Ampharos|Discharge|p1a: Durant\n|-damage|p1a: Durant|0 fnt\n|faint|p1a: Durant\n|\n|upkeep\n|\n|t:|1700853411\n|switch|p1a: Cloyster|Cloyster, F|100\/100\n|turn|15\n|\n|t:|1700853416\n|move|p1a: Cloyster|Icicle Spear|p2a: Ampharos\n|-damage|p2a: Ampharos|21\/100\n|-damage|p2a: Ampharos|9\/100\n|-damage|p2a: Ampharos|0 fnt\n|faint|p2a: Ampharos\n|-hitcount|p2: Ampharos|3\n|\n|upkeep\n|\n|t:|1700853421\n|switch|p2a: Gardevoir|Gardevoir, F, shiny|100\/100 par\n|-activate|p2a: Gardevoir|move: Sticky Web\n|-unboost|p2a: Gardevoir|spe|1\n|-ability|p2a: Gardevoir|Skill Link|[from] ability: Trace|[of] p1a: Cloyster\n|turn|16\n|\n|t:|1700853427\n|move|p1a: Cloyster|Shell Smash|p1a: Cloyster\n|-unboost|p1a: Cloyster|def|1\n|-unboost|p1a: Cloyster|spd|1\n|-boost|p1a: Cloyster|atk|2\n|-boost|p1a: Cloyster|spa|2\n|-boost|p1a: Cloyster|spe|2\n|move|p2a: Gardevoir|Moonblast|p1a: Cloyster\n|-enditem|p1a: Cloyster|Focus Sash\n|-damage|p1a: Cloyster|1\/100\n|-unboost|p1a: Cloyster|spa|1\n|\n|upkeep\n|turn|17\n|\n|t:|1700853435\n|move|p1a: Cloyster|Icicle Spear|p2a: Gardevoir\n|-damage|p2a: Gardevoir|62\/100 par\n|-damage|p2a: Gardevoir|21\/100 par\n|-damage|p2a: Gardevoir|0 fnt\n|faint|p2a: Gardevoir\n|-hitcount|p2: Gardevoir|3\n|\n|upkeep\n|\n|t:|1700853439\n|switch|p2a: .|Infernape, F|100\/100\n|-activate|p2a: .|move: Sticky Web\n|-unboost|p2a: .|spe|1\n|turn|18\n|\n|t:|1700853443\n|move|p2a: .|Mach Punch|p1a: Cloyster\n|-supereffective|p1a: Cloyster\n|-damage|p1a: Cloyster|0 fnt\n|faint|p1a: Cloyster\n|\n|win|Joker1989g\n|raw|Gocdd10's rating: 1130 &rarr; <strong>1098<\/strong><br \/>(-32 for losing)\n|raw|Joker1989g's rating: 1028 &rarr; <strong>1074<\/strong><br \/>(+46 for winning)\n|l|\u2606Gocdd10\n|l|\u2606Joker1989g\n|j|\u2606Joker1989g\n|player|p2|Joker1989g|skyla\n","uploadtime":1700853698,"views":13,"p1id":"gocdd10","p2id":"joker1989g","formatid":"gen9nationaldexubers","rating":1074,"private":0,"password":""}