{"id":"gen9nationaldexubers-1983432502","p1":"TheRealDiabeto","p2":"Xoviet Yunion","format":"[Gen 9] National Dex Ubers","log":"|j|\u2606TheRealDiabeto\n|j|\u2606Xoviet Yunion\n|t:|1699129555\n|gametype|singles\n|player|p1|TheRealDiabeto|youngster-gen4dp|\n|player|p2|Xoviet Yunion|shauntal|\n|teamsize|p1|6\n|teamsize|p2|6\n|gen|9\n|tier|[Gen 9] National Dex Ubers\n|rule|HP Percentage Mod: HP is shown in percentages\n|rule|Endless Battle Clause: Forcing endless battles is banned\n|rule|OHKO Clause: OHKO moves are banned\n|rule|Evasion Moves Clause: Evasion moves are banned\n|rule|Evasion Items Clause: Evasion items are banned\n|rule|Species Clause: Limit one of each Pok\u00e9mon\n|rule|Sleep Clause Mod: Limit one foe put to sleep\n|rule|Mega Rayquaza Clause: You cannot mega evolve Rayquaza\n|clearpoke\n|poke|p1|Sneasler, F|\n|poke|p1|Rillaboom, M|\n|poke|p1|Glimmora, F|\n|poke|p1|Ogerpon-Wellspring, F|\n|poke|p1|Zapdos|\n|poke|p1|Diancie|\n|poke|p2|Iron Hands|\n|poke|p2|Buzzwole|\n|poke|p2|Medicham, M|\n|poke|p2|Pawmot, M|\n|poke|p2|Sneasler, F|\n|poke|p2|Zamazenta-*|\n|teampreview\n|c|\u2606Xoviet Yunion|glhf\n|\n|t:|1699129603\n|start\n|switch|p1a: Glimmora|Glimmora, F|100\/100\n|switch|p2a: Annihilap\u200b\u200b\u200be|Medicham, M|100\/100\n|turn|1\n|\n|t:|1699129609\n|detailschange|p2a: Annihilap\u200b\u200b\u200be|Medicham-Mega, M\n|-mega|p2a: Annihilap\u200b\u200b\u200be|Medicham|Medichamite\n|move|p2a: Annihilap\u200b\u200b\u200be|Fake Out|p1a: Glimmora\n|-resisted|p1a: Glimmora\n|-damage|p1a: Glimmora|86\/100\n|-activate|p1a: Glimmora|ability: Toxic Debris\n|-sidestart|p2: Xoviet Yunion|move: Toxic Spikes\n|cant|p1a: Glimmora|flinch\n|\n|upkeep\n|turn|2\n|\n|t:|1699129626\n|switch|p1a: Zapdos|Zapdos, shiny|100\/100\n|move|p2a: Annihilap\u200b\u200b\u200be|Psycho Cut|p1a: Zapdos\n|-damage|p1a: Zapdos|55\/100\n|\n|upkeep\n|turn|3\n|\n|t:|1699129648\n|move|p2a: Annihilap\u200b\u200b\u200be|Psycho Cut|p1a: Zapdos\n|-damage|p1a: Zapdos|10\/100\n|move|p1a: Zapdos|Hurricane|p2a: Annihilap\u200b\u200b\u200be\n|-supereffective|p2a: Annihilap\u200b\u200b\u200be\n|-damage|p2a: Annihilap\u200b\u200b\u200be|0 fnt\n|faint|p2a: Annihilap\u200b\u200b\u200be\n|\n|upkeep\n|\n|t:|1699129653\n|switch|p2a: Annihilape\u200b|Sneasler, F|100\/100\n|-sideend|p2: Xoviet Yunion|move: Toxic Spikes|[of] p2a: Annihilape\u200b\n|turn|4\n|\n|t:|1699129668\n|switch|p1a: Glimmora|Glimmora, F|86\/100\n|move|p2a: Annihilape\u200b|Close Combat|p1a: Glimmora\n|-damage|p1a: Glimmora|0 fnt\n|-unboost|p2a: Annihilape\u200b|def|1\n|-unboost|p2a: Annihilape\u200b|spd|1\n|-activate|p1a: Glimmora|ability: Toxic Debris\n|-sidestart|p2: Xoviet Yunion|move: Toxic Spikes\n|faint|p1a: Glimmora\n|\n|upkeep\n|\n|t:|1699129700\n|switch|p1a: Diancie|Diancie|100\/100\n|turn|5\n|j| k7eenex\n|\n|t:|1699129724\n|detailschange|p1a: Diancie|Diancie-Mega\n|-mega|p1a: Diancie|Diancie|Diancite\n|move|p2a: Annihilape\u200b|Close Combat|p1a: Diancie\n|-crit|p1a: Diancie\n|-damage|p1a: Diancie|0 fnt\n|-unboost|p2a: Annihilape\u200b|def|1\n|-unboost|p2a: Annihilape\u200b|spd|1\n|faint|p1a: Diancie\n|\n|upkeep\n|\n|t:|1699129733\n|switch|p1a: Rillaboom|Rillaboom, M|100\/100\n|-fieldstart|move: Grassy Terrain|[from] ability: Grassy Surge|[of] p1a: Rillaboom\n|turn|6\n|\n|t:|1699129746\n|switch|p2a: Annihilap\u200be|Buzzwole|100\/100\n|-status|p2a: Annihilap\u200be|psn\n|move|p1a: Rillaboom|Grassy Glide|p2a: Annihilap\u200be\n|-resisted|p2a: Annihilap\u200be\n|-damage|p2a: Annihilap\u200be|91\/100 psn\n|-damage|p1a: Rillaboom|84\/100|[from] item: Rocky Helmet|[of] p2a: Annihilap\u200be\n|\n|-heal|p1a: Rillaboom|90\/100|[from] Grassy Terrain\n|-heal|p2a: Annihilap\u200be|97\/100 psn|[from] Grassy Terrain\n|-damage|p2a: Annihilap\u200be|85\/100 psn|[from] psn\n|upkeep\n|turn|7\n|\n|t:|1699129768\n|switch|p1a: Sneasler|Sneasler, F|100\/100\n|-enditem|p1a: Sneasler|Grassy Seed\n|-boost|p1a: Sneasler|def|1|[from] item: Grassy Seed\n|switch|p2a: Annihilape\u200b|Sneasler, F|100\/100\n|-sideend|p2: Xoviet Yunion|move: Toxic Spikes|[of] p2a: Annihilape\u200b\n|\n|upkeep\n|turn|8\n|\n|t:|1699129802\n|switch|p2a: Annihilape\u200b\u200b\u200b|Iron Hands|100\/100\n|move|p1a: Sneasler|Acrobatics|p2a: Annihilape\u200b\u200b\u200b\n|-damage|p2a: Annihilape\u200b\u200b\u200b|79\/100\n|\n|-heal|p2a: Annihilape\u200b\u200b\u200b|86\/100|[from] Grassy Terrain\n|upkeep\n|turn|9\n|\n|t:|1699129817\n|switch|p1a: Rillaboom|Rillaboom, M|90\/100\n|move|p2a: Annihilape\u200b\u200b\u200b|Swords Dance|p2a: Annihilape\u200b\u200b\u200b\n|-boost|p2a: Annihilape\u200b\u200b\u200b|atk|2\n|\n|-heal|p1a: Rillaboom|96\/100|[from] Grassy Terrain\n|-heal|p2a: Annihilape\u200b\u200b\u200b|92\/100|[from] Grassy Terrain\n|upkeep\n|turn|10\n|\n|t:|1699129825\n|move|p1a: Rillaboom|Knock Off|p2a: Annihilape\u200b\u200b\u200b\n|-resisted|p2a: Annihilape\u200b\u200b\u200b\n|-damage|p2a: Annihilape\u200b\u200b\u200b|82\/100\n|-enditem|p2a: Annihilape\u200b\u200b\u200b|Covert Cloak|[from] move: Knock Off|[of] p1a: Rillaboom\n|move|p2a: Annihilape\u200b\u200b\u200b|Drain Punch|p1a: Rillaboom\n|-damage|p1a: Rillaboom|24\/100\n|-heal|p2a: Annihilape\u200b\u200b\u200b|100\/100|[from] drain|[of] p1a: Rillaboom\n|\n|-heal|p1a: Rillaboom|30\/100|[from] Grassy Terrain\n|upkeep\n|turn|11\n|\n|t:|1699129842\n|move|p1a: Rillaboom|Wood Hammer|p2a: Annihilape\u200b\u200b\u200b\n|-damage|p2a: Annihilape\u200b\u200b\u200b|52\/100\n|-damage|p1a: Rillaboom|10\/100|[from] Recoil\n|move|p2a: Annihilape\u200b\u200b\u200b|Drain Punch|p1a: Rillaboom\n|-damage|p1a: Rillaboom|0 fnt\n|-heal|p2a: Annihilape\u200b\u200b\u200b|56\/100|[from] drain|[of] p1a: Rillaboom\n|faint|p1a: Rillaboom\n|\n|-heal|p2a: Annihilape\u200b\u200b\u200b|62\/100|[from] Grassy Terrain\n|upkeep\n|j| vespyyy\n|\n|t:|1699129852\n|switch|p1a: Zapdos|Zapdos, shiny|10\/100\n|turn|12\n|\n|t:|1699129858\n|move|p1a: Zapdos|Hurricane|p2a: Annihilape\u200b\u200b\u200b\n|-damage|p2a: Annihilape\u200b\u200b\u200b|23\/100\n|-start|p2a: Annihilape\u200b\u200b\u200b|confusion\n|-activate|p2a: Annihilape\u200b\u200b\u200b|confusion\n|-damage|p2a: Annihilape\u200b\u200b\u200b|9\/100|[from] confusion\n|\n|-heal|p2a: Annihilape\u200b\u200b\u200b|15\/100|[from] Grassy Terrain\n|upkeep\n|turn|13\n|\n|t:|1699129868\n|move|p1a: Zapdos|Volt Switch|p2a: Annihilape\u200b\u200b\u200b\n|-resisted|p2a: Annihilape\u200b\u200b\u200b\n|-damage|p2a: Annihilape\u200b\u200b\u200b|0 fnt\n|faint|p2a: Annihilape\u200b\u200b\u200b\n|-end|p2a: Annihilape\u200b\u200b\u200b|Quark Drive|[silent]\n|c| vespyyy|Lol\n|\n|t:|1699129873\n|switch|p1a: Sneasler|Sneasler, F|100\/100|[from] Volt Switch\n|\n|-fieldend|move: Grassy Terrain\n|upkeep\n|\n|t:|1699129886\n|switch|p2a: Annihilap\u200b\u200b\u200b\u200be|Zamazenta, shiny|100\/100\n|-ability|p2a: Annihilap\u200b\u200b\u200b\u200be|Dauntless Shield|boost\n|-boost|p2a: Annihilap\u200b\u200b\u200b\u200be|def|1\n|turn|14\n|\n|t:|1699129895\n|move|p2a: Annihilap\u200b\u200b\u200b\u200be|Psychic Fangs|p1a: Sneasler\n|-supereffective|p1a: Sneasler\n|-damage|p1a: Sneasler|0 fnt\n|faint|p1a: Sneasler\n|\n|upkeep\n|c|\u2606TheRealDiabeto|gg\n|c| vespyyy|Goober\n|\n|t:|1699129902\n|switch|p1a: Ogerpon|Ogerpon-Wellspring, F|100\/100\n|turn|15\n|c|\u2606Xoviet Yunion|gg\n|c| vespyyy|Goober\n|c| vespyyy|Goobed\n|\n|t:|1699129908\n|move|p2a: Annihilap\u200b\u200b\u200b\u200be|Psychic Fangs|p1a: Ogerpon\n|-damage|p1a: Ogerpon|47\/100\n|move|p1a: Ogerpon|Ivy Cudgel|p2a: Annihilap\u200b\u200b\u200b\u200be\n|-damage|p2a: Annihilap\u200b\u200b\u200b\u200be|64\/100\n|\n|upkeep\n|turn|16\n|c| vespyyy|Finally\n|c| vespyyy|I didntnmake a typi\n|\n|t:|1699129916\n|move|p2a: Annihilap\u200b\u200b\u200b\u200be|Psychic Fangs|p1a: Ogerpon\n|-damage|p1a: Ogerpon|0 fnt\n|faint|p1a: Ogerpon\n|\n|upkeep\n|c| vespyyy|Yypi\n|c| vespyyy|Typo\n|\n|t:|1699129921\n|switch|p1a: Zapdos|Zapdos, shiny|10\/100\n|turn|17\n|c| vespyyy|Fuck me\n|\n|t:|1699129924\n|move|p2a: Annihilap\u200b\u200b\u200b\u200be|Psychic Fangs|p1a: Zapdos\n|-damage|p1a: Zapdos|0 fnt\n|faint|p1a: Zapdos\n|\n|win|Xoviet Yunion\n","uploadtime":1699129930,"views":10,"p1id":"therealdiabeto","p2id":"xovietyunion","formatid":"gen9nationaldexubers","rating":0,"private":0,"password":""}