{"id":"gen9nationaldexubers-1981140857","p1":"NicoTheGodTrainer","p2":"DrArkane15","format":"[Gen 9] National Dex Ubers","log":"|j|\u2606NicoTheGodTrainer\n|j|\u2606DrArkane15\n|t:|1698866856\n|gametype|singles\n|player|p1|NicoTheGodTrainer|n|\n|player|p2|DrArkane15|cyrus|\n|teamsize|p1|5\n|teamsize|p2|3\n|gen|9\n|tier|[Gen 9] National Dex Ubers\n|rule|HP Percentage Mod: HP is shown in percentages\n|rule|Endless Battle Clause: Forcing endless battles is banned\n|rule|OHKO Clause: OHKO moves are banned\n|rule|Evasion Moves Clause: Evasion moves are banned\n|rule|Evasion Items Clause: Evasion items are banned\n|rule|Species Clause: Limit one of each Pok\u00e9mon\n|rule|Sleep Clause Mod: Limit one foe put to sleep\n|rule|Mega Rayquaza Clause: You cannot mega evolve Rayquaza\n|clearpoke\n|poke|p1|Snivy, L14, M|\n|poke|p1|Magikarp, L8, M|\n|poke|p1|Shinx, L7, M|\n|poke|p1|Pidgey, L14, F|\n|poke|p1|Fletchling, L6, M|\n|poke|p2|Pinsir, L20, F|\n|poke|p2|Charjabug, L16, F|\n|poke|p2|Escavalier, L18, M|\n|teampreview\n|inactive|Battle timer is ON: inactive players will automatically lose when time's up. (requested by NicoTheGodTrainer)\n|\n|t:|1698866866\n|start\n|switch|p1a: Shinx|Shinx, L7, M|100\/100\n|switch|p2a: Escavalier|Escavalier, L18, M|100\/100\n|-ability|p1a: Shinx|Intimidate|boost\n|-unboost|p2a: Escavalier|atk|1\n|turn|1\n|j| Half_A_Ako\n|c| Half_A_Ako|MDR SON EKIP\n|inactive|NicoTheGodTrainer has 270 seconds left.\n|inactive|DrArkane15 has 270 seconds left.\n|c| Half_A_Ako|C'st quoi ca nico\n|c|\u2606NicoTheGodTrainer|Go perdre mdrrr\n|c| Half_A_Ako|ton ekip elle pue\n|c|\u2606NicoTheGodTrainer|Bah je sais pas\n|inactive|DrArkane15 has 240 seconds left.\n|c|\u2606NicoTheGodTrainer|Je mets plus de temps \u00e0 xp que les autres\n|\n|t:|1698866935\n|switch|p1a: Pidgey|Pidgey, L14, F|100\/100\n|move|p2a: Escavalier|Fell Stinger|p1a: Pidgey\n|-resisted|p1a: Pidgey\n|-damage|p1a: Pidgey|63\/100\n|\n|upkeep\n|turn|2\n|inactiveoff|Battle timer is now OFF.\n|c| Half_A_Ako|force\n|\n|t:|1698866943\n|move|p1a: Pidgey|Sand Attack|p2a: Escavalier\n|-unboost|p2a: Escavalier|accuracy|1\n|move|p2a: Escavalier|Acid Spray|p1a: Pidgey\n|-damage|p1a: Pidgey|35\/100\n|-unboost|p1a: Pidgey|spd|2\n|\n|upkeep\n|turn|3\n|\n|t:|1698866960\n|switch|p1a: Shinx|Shinx, L7, M|100\/100\n|-ability|p1a: Shinx|Intimidate|boost\n|-unboost|p2a: Escavalier|atk|1\n|move|p2a: Escavalier|Fell Stinger|p1a: Shinx\n|-damage|p1a: Shinx|0 fnt\n|faint|p1a: Shinx\n|-boost|p2a: Escavalier|atk|3\n|\n|upkeep\n|\n|t:|1698866977\n|switch|p1a: Pidgey|Pidgey, L14, F|35\/100\n|turn|4\n|\n|t:|1698866982\n|move|p1a: Pidgey|Sand Attack|p2a: Escavalier\n|-unboost|p2a: Escavalier|accuracy|1\n|move|p2a: Escavalier|Fell Stinger|p1a: Pidgey\n|-resisted|p1a: Pidgey\n|-damage|p1a: Pidgey|0 fnt\n|faint|p1a: Pidgey\n|-boost|p2a: Escavalier|atk|3\n|\n|upkeep\n|c|\u2606NicoTheGodTrainer|Mtn faut prier dieu\n|c| Half_A_Ako|+3\n|\n|t:|1698866997\n|switch|p1a: Snivy|Snivy, L14, M|100\/100\n|turn|5\n|c| Half_A_Ako|MDR\n|\n|t:|1698867000\n|move|p1a: Snivy|Growth|p1a: Snivy\n|-boost|p1a: Snivy|atk|1\n|-boost|p1a: Snivy|spa|1\n|move|p2a: Escavalier|Acid Spray|p1a: Snivy\n|-supereffective|p1a: Snivy\n|-damage|p1a: Snivy|58\/100\n|-unboost|p1a: Snivy|spd|2\n|\n|upkeep\n|turn|6\n|c| Half_A_Ako|HAHAHAH\n|\n|t:|1698867008\n|move|p1a: Snivy|Growth|p1a: Snivy\n|-boost|p1a: Snivy|atk|1\n|-boost|p1a: Snivy|spa|1\n|move|p2a: Escavalier|Acid Spray|p1a: Snivy|[miss]\n|-miss|p2a: Escavalier|p1a: Snivy\n|\n|upkeep\n|turn|7\n|\n|t:|1698867015\n|move|p1a: Snivy|Wrap|p2a: Escavalier\n|-resisted|p2a: Escavalier\n|-damage|p2a: Escavalier|99\/100\n|-activate|p2a: Escavalier|move: Wrap|[of] p1a: Snivy\n|move|p2a: Escavalier|Double-Edge|p1a: Snivy|[miss]\n|-miss|p2a: Escavalier|p1a: Snivy\n|\n|-damage|p2a: Escavalier|87\/100|[from] move: Wrap|[partiallytrapped]\n|upkeep\n|turn|8\n|c| Half_A_Ako|HAHAHAHAHAHAHAH\n|\n|t:|1698867025\n|move|p1a: Snivy|Growth|p1a: Snivy\n|-boost|p1a: Snivy|atk|1\n|-boost|p1a: Snivy|spa|1\n|move|p2a: Escavalier|Acid Spray|p1a: Snivy|[miss]\n|-miss|p2a: Escavalier|p1a: Snivy\n|\n|-damage|p2a: Escavalier|75\/100|[from] move: Wrap|[partiallytrapped]\n|upkeep\n|turn|9\n|\n|t:|1698867048\n|move|p1a: Snivy|Tackle|p2a: Escavalier\n|-resisted|p2a: Escavalier\n|-damage|p2a: Escavalier|68\/100\n|move|p2a: Escavalier|Double-Edge|p1a: Snivy\n|-damage|p1a: Snivy|0 fnt\n|faint|p1a: Snivy\n|-damage|p2a: Escavalier|54\/100|[from] Recoil\n|\n|-end|p2a: Escavalier|Wrap|[partiallytrapped]|[silent]\n|upkeep\n|\n|t:|1698867055\n|switch|p1a: Fletchling|Fletchling, L6, M|100\/100\n|turn|10\n|\n|t:|1698867060\n|move|p2a: Escavalier|Acid Spray|p1a: Fletchling|[miss]\n|-miss|p2a: Escavalier|p1a: Fletchling\n|move|p1a: Fletchling|Peck|p2a: Escavalier\n|-damage|p2a: Escavalier|52\/100\n|\n|upkeep\n|turn|11\n|\n|t:|1698867067\n|move|p2a: Escavalier|Fell Stinger|p1a: Fletchling\n|-resisted|p1a: Fletchling\n|-damage|p1a: Fletchling|0 fnt\n|faint|p1a: Fletchling\n|-boost|p2a: Escavalier|atk|2\n|\n|upkeep\n|c|\u2606NicoTheGodTrainer|Bon, au moins j'ai essay\u00e9\n|\n|t:|1698867077\n|switch|p1a: Magikarp|Magikarp, L8, M|100\/100\n|turn|12\n|\n|t:|1698867080\n|move|p2a: Escavalier|Fell Stinger|p1a: Magikarp|[miss]\n|-miss|p2a: Escavalier|p1a: Magikarp\n|move|p1a: Magikarp|Splash|p1a: Magikarp\n|-nothing\n|\n|upkeep\n|turn|13\n|\n|t:|1698867085\n|move|p2a: Escavalier|Fell Stinger|p1a: Magikarp\n|-damage|p1a: Magikarp|0 fnt\n|faint|p1a: Magikarp\n|\n|win|DrArkane15\n|l|\u2606NicoTheGodTrainer\n","uploadtime":1698867092,"views":14,"p1id":"nicothegodtrainer","p2id":"drarkane15","formatid":"gen9nationaldexubers","rating":0,"private":0,"password":""}