{"id":"gen9nationaldexubers-1983631415","p1":"deleter191","p2":"DrLipschitz420","format":"[Gen 9] National Dex Ubers","log":"|j|\u2606deleter191\n|j|\u2606DrLipschitz420\n|t:|1699151643\n|gametype|singles\n|player|p1|deleter191|giovanni|\n|player|p2|DrLipschitz420|swimmer-gen4dp|\n|teamsize|p1|6\n|teamsize|p2|6\n|gen|9\n|tier|[Gen 9] National Dex Ubers\n|rule|HP Percentage Mod: HP is shown in percentages\n|rule|Endless Battle Clause: Forcing endless battles is banned\n|rule|OHKO Clause: OHKO moves are banned\n|rule|Evasion Moves Clause: Evasion moves are banned\n|rule|Evasion Items Clause: Evasion items are banned\n|rule|Species Clause: Limit one of each Pok\u00e9mon\n|rule|Sleep Clause Mod: Limit one foe put to sleep\n|rule|Mega Rayquaza Clause: You cannot mega evolve Rayquaza\n|clearpoke\n|poke|p1|Serperior, M|\n|poke|p1|Haxorus, F|\n|poke|p1|Gigalith, F|\n|poke|p1|Victini|\n|poke|p1|Genesect-Douse|\n|poke|p1|Zoroark-Hisui, M|\n|poke|p2|Hypno, M|\n|poke|p2|Ninetales, M|\n|poke|p2|Dragonite, F|\n|poke|p2|Charizard, F|\n|poke|p2|Venusaur, F|\n|poke|p2|Cloyster, M|\n|teampreview\n|\n|t:|1699151651\n|start\n|switch|p1a: Dr. couitler|Genesect-Douse, shiny|100\/100\n|switch|p2a: Matthew Perry|Charizard, F|100\/100\n|turn|1\n|\n|t:|1699151673\n|detailschange|p2a: Matthew Perry|Charizard-Mega-Y, F\n|-mega|p2a: Matthew Perry|Charizard|Charizardite Y\n|-weather|SunnyDay|[from] ability: Drought|[of] p2a: Matthew Perry\n|move|p1a: Dr. couitler|Shadow Ball|p2a: Matthew Perry\n|-damage|p2a: Matthew Perry|48\/100\n|move|p2a: Matthew Perry|Dragon Dance|p2a: Matthew Perry\n|-boost|p2a: Matthew Perry|atk|1\n|-boost|p2a: Matthew Perry|spe|1\n|\n|-weather|SunnyDay|[upkeep]\n|upkeep\n|turn|2\n|\n|t:|1699151697\n|switch|p2a: Orange Hoe|Dragonite, F|100\/100\n|move|p1a: Dr. couitler|Shadow Ball|p2a: Orange Hoe\n|-damage|p2a: Orange Hoe|73\/100\n|\n|-weather|SunnyDay|[upkeep]\n|upkeep\n|turn|3\n|\n|t:|1699151712\n|move|p1a: Dr. couitler|Shadow Ball|p2a: Orange Hoe\n|-damage|p2a: Orange Hoe|17\/100\n|move|p2a: Orange Hoe|Hydro Pump|p1a: Dr. couitler\n|-damage|p1a: Dr. couitler|57\/100\n|replace|p1a: Not Zoroark|Zoroark-Hisui, M\n|-end|p1a: Not Zoroark|Illusion\n|-damage|p2a: Orange Hoe|7\/100|[from] item: Life Orb\n|\n|-weather|SunnyDay|[upkeep]\n|upkeep\n|turn|4\n|j| mvjr1113\n|j| Jayrox41\n|\n|t:|1699151730\n|move|p1a: Not Zoroark|Shadow Ball|p2a: Orange Hoe\n|-damage|p2a: Orange Hoe|0 fnt\n|faint|p2a: Orange Hoe\n|\n|-weather|SunnyDay|[upkeep]\n|upkeep\n|\n|t:|1699151737\n|switch|p2a: Agenda|Hypno, M|100\/100\n|-activate|p2a: Agenda|ability: Forewarn|Flamethrower|[of] p1a: Not Zoroark\n|turn|5\n|\n|t:|1699151744\n|move|p1a: Not Zoroark|Shadow Ball|p2a: Agenda\n|-supereffective|p2a: Agenda\n|-damage|p2a: Agenda|0 fnt\n|faint|p2a: Agenda\n|\n|-weather|none\n|upkeep\n|\n|t:|1699151753\n|switch|p2a: Matthew Perry|Charizard-Mega-Y, F|48\/100\n|-weather|SunnyDay|[from] ability: Drought|[of] p2a: Matthew Perry\n|turn|6\n|\n|t:|1699151758\n|move|p1a: Not Zoroark|Shadow Ball|p2a: Matthew Perry\n|-damage|p2a: Matthew Perry|0 fnt\n|faint|p2a: Matthew Perry\n|\n|-weather|SunnyDay|[upkeep]\n|upkeep\n|\n|t:|1699151765\n|switch|p2a: Naruto|Ninetales, M|100\/100\n|turn|7\n|\n|t:|1699151772\n|move|p1a: Not Zoroark|Shadow Ball|p2a: Naruto\n|-damage|p2a: Naruto|33\/100\n|-unboost|p2a: Naruto|spd|1\n|move|p2a: Naruto|Solar Beam||[still]\n|-prepare|p2a: Naruto|Solar Beam\n|-anim|p2a: Naruto|Solar Beam|p1a: Not Zoroark\n|-damage|p1a: Not Zoroark|0 fnt\n|faint|p1a: Not Zoroark\n|\n|-weather|SunnyDay|[upkeep]\n|-heal|p2a: Naruto|38\/100|[from] item: Leftovers\n|upkeep\n|\n|t:|1699151788\n|switch|p1a: Giga-balls|Gigalith, F|100\/100\n|-weather|Sandstorm|[from] ability: Sand Stream|[of] p1a: Giga-balls\n|turn|8\n|\n|t:|1699151798\n|move|p2a: Naruto|Energy Ball|p1a: Giga-balls\n|-supereffective|p1a: Giga-balls\n|-damage|p1a: Giga-balls|75\/100\n|move|p1a: Giga-balls|Earthquake|p2a: Naruto\n|-supereffective|p2a: Naruto\n|-damage|p2a: Naruto|0 fnt\n|faint|p2a: Naruto\n|\n|-weather|Sandstorm|[upkeep]\n|-heal|p1a: Giga-balls|82\/100|[from] item: Leftovers\n|upkeep\n|\n|t:|1699151807\n|switch|p2a: That Herb|Venusaur, F|100\/100\n|turn|9\n|\n|t:|1699151824\n|move|p2a: That Herb|Giga Drain|p1a: Giga-balls\n|-supereffective|p1a: Giga-balls\n|-damage|p1a: Giga-balls|48\/100\n|move|p1a: Giga-balls|Rock Blast|p2a: That Herb\n|-damage|p2a: That Herb|86\/100\n|-damage|p2a: That Herb|70\/100\n|-damage|p2a: That Herb|54\/100\n|-damage|p2a: That Herb|40\/100\n|-hitcount|p2a: That Herb|4\n|\n|-weather|Sandstorm|[upkeep]\n|-damage|p2a: That Herb|34\/100|[from] Sandstorm\n|-heal|p1a: Giga-balls|54\/100|[from] item: Leftovers\n|upkeep\n|turn|10\n|\n|t:|1699151838\n|move|p2a: That Herb|Giga Drain|p1a: Giga-balls\n|-supereffective|p1a: Giga-balls\n|-damage|p1a: Giga-balls|19\/100\n|-heal|p2a: That Herb|56\/100|[from] drain|[of] p1a: Giga-balls\n|move|p1a: Giga-balls|Earthquake|p2a: That Herb\n|-damage|p2a: That Herb|14\/100\n|\n|-weather|Sandstorm|[upkeep]\n|-damage|p2a: That Herb|8\/100|[from] Sandstorm\n|-heal|p1a: Giga-balls|25\/100|[from] item: Leftovers\n|upkeep\n|turn|11\n|\n|t:|1699151849\n|move|p1a: Giga-balls|Protect|p1a: Giga-balls\n|-singleturn|p1a: Giga-balls|Protect\n|move|p2a: That Herb|Giga Drain|p1a: Giga-balls\n|-activate|p1a: Giga-balls|move: Protect\n|\n|-weather|Sandstorm|[upkeep]\n|-damage|p2a: That Herb|2\/100|[from] Sandstorm\n|-heal|p1a: Giga-balls|31\/100|[from] item: Leftovers\n|upkeep\n|turn|12\n|\n|t:|1699151858\n|move|p1a: Giga-balls|Protect||[still]\n|-fail|p1a: Giga-balls\n|move|p2a: That Herb|Giga Drain|p1a: Giga-balls\n|-supereffective|p1a: Giga-balls\n|-damage|p1a: Giga-balls|0 fnt\n|-heal|p2a: That Herb|21\/100|[from] drain|[of] p1a: Giga-balls\n|faint|p1a: Giga-balls\n|\n|-weather|none\n|upkeep\n|\n|t:|1699151869\n|switch|p1a: Vic-Tiny|Victini|100\/100\n|turn|13\n|\n|t:|1699151903\n|move|p1a: Vic-Tiny|V-create|p2a: That Herb\n|-supereffective|p2a: That Herb\n|-damage|p2a: That Herb|0 fnt\n|-unboost|p1a: Vic-Tiny|spe|1\n|-unboost|p1a: Vic-Tiny|def|1\n|-unboost|p1a: Vic-Tiny|spd|1\n|-damage|p1a: Vic-Tiny|84\/100|[from] item: Rocky Helmet|[of] p2a: That Herb\n|faint|p2a: That Herb\n|\n|upkeep\n|\n|t:|1699151911\n|switch|p2a: Pounded Clam|Cloyster, M|100\/100\n|turn|14\n|\n|t:|1699151918\n|-terastallize|p2a: Pounded Clam|Water\n|move|p1a: Vic-Tiny|Bolt Strike|p2a: Pounded Clam\n|-supereffective|p2a: Pounded Clam\n|-damage|p2a: Pounded Clam|54\/100\n|move|p2a: Pounded Clam|Hydro Pump|p1a: Vic-Tiny\n|-supereffective|p1a: Vic-Tiny\n|-damage|p1a: Vic-Tiny|0 fnt\n|faint|p1a: Vic-Tiny\n|\n|upkeep\n|\n|t:|1699151930\n|switch|p1a: Sweeper|Serperior, M|100\/100\n|turn|15\n|\n|t:|1699151935\n|move|p1a: Sweeper|Leaf Storm|p2a: Pounded Clam\n|-supereffective|p2a: Pounded Clam\n|-damage|p2a: Pounded Clam|0 fnt\n|-boost|p1a: Sweeper|spa|2\n|faint|p2a: Pounded Clam\n|\n|win|deleter191\n","uploadtime":1699151942,"views":12,"p1id":"deleter191","p2id":"drlipschitz420","formatid":"gen9nationaldexubers","rating":0,"private":0,"password":""}