{"id":"gen9nationaldexubers-1978161168","p1":"giffysweg","p2":"phoenix3691","format":"[Gen 9] National Dex Ubers","log":"|j|\u2606giffysweg\n|j|\u2606phoenix3691\n|t:|1698506685\n|gametype|singles\n|player|p1|giffysweg|101|\n|player|p2|phoenix3691|265|\n|teamsize|p1|6\n|teamsize|p2|6\n|gen|9\n|tier|[Gen 9] National Dex Ubers\n|rule|HP Percentage Mod: HP is shown in percentages\n|rule|Endless Battle Clause: Forcing endless battles is banned\n|rule|OHKO Clause: OHKO moves are banned\n|rule|Evasion Moves Clause: Evasion moves are banned\n|rule|Evasion Items Clause: Evasion items are banned\n|rule|Species Clause: Limit one of each Pok\u00e9mon\n|rule|Sleep Clause Mod: Limit one foe put to sleep\n|rule|Mega Rayquaza Clause: You cannot mega evolve Rayquaza\n|clearpoke\n|poke|p1|Dragapult, F|\n|poke|p1|Urshifu-*, F|\n|poke|p1|Jirachi|\n|poke|p1|Tyranitar, F|\n|poke|p1|Ferrothorn, F|\n|poke|p1|Latias, F|\n|poke|p2|Tapu Koko|\n|poke|p2|Landorus-Therian, M|\n|poke|p2|Latios, M|\n|poke|p2|Incineroar, M|\n|poke|p2|Amoonguss, F|\n|poke|p2|Slowking, M|\n|teampreview\n|\n|t:|1698506709\n|start\n|switch|p1a: Ferrothorn|Ferrothorn, F|100\/100\n|switch|p2a: Landorus|Landorus-Therian, M|100\/100\n|-ability|p2a: Landorus|Intimidate|boost\n|-unboost|p1a: Ferrothorn|atk|1\n|turn|1\n|\n|t:|1698506721\n|switch|p2a: Incineroar|Incineroar, M|100\/100\n|-ability|p2a: Incineroar|Intimidate|boost\n|-unboost|p1a: Ferrothorn|atk|1\n|move|p1a: Ferrothorn|Leech Seed|p2a: Incineroar\n|-start|p2a: Incineroar|move: Leech Seed\n|\n|-damage|p2a: Incineroar|88\/100|[from] Leech Seed|[of] p1a: Ferrothorn\n|upkeep\n|turn|2\n|\n|t:|1698506743\n|switch|p1a: Tyranitar|Tyranitar, F|100\/100\n|-weather|Sandstorm|[from] ability: Sand Stream|[of] p1a: Tyranitar\n|move|p2a: Incineroar|Parting Shot|p1a: Tyranitar\n|-unboost|p1a: Tyranitar|atk|1\n|-unboost|p1a: Tyranitar|spa|1\n|\n|t:|1698506752\n|switch|p2a: Slowking|Slowking, M|100\/100|[from] Parting Shot\n|\n|-weather|Sandstorm|[upkeep]\n|-damage|p2a: Slowking|94\/100|[from] Sandstorm\n|upkeep\n|turn|3\n|\n|t:|1698506806\n|switch|p1a: Ferrothorn|Ferrothorn, F|100\/100\n|move|p2a: Slowking|Chilling Water|p1a: Ferrothorn\n|-resisted|p1a: Ferrothorn\n|-damage|p1a: Ferrothorn|95\/100\n|-unboost|p1a: Ferrothorn|atk|1\n|\n|-weather|Sandstorm|[upkeep]\n|-damage|p2a: Slowking|88\/100|[from] Sandstorm\n|-heal|p1a: Ferrothorn|100\/100|[from] item: Leftovers\n|upkeep\n|turn|4\n|\n|t:|1698506820\n|switch|p2a: Incineroar|Incineroar, M|88\/100\n|-ability|p2a: Incineroar|Intimidate|boost\n|-unboost|p1a: Ferrothorn|atk|1\n|move|p1a: Ferrothorn|Stealth Rock|p2a: Incineroar\n|-sidestart|p2: phoenix3691|move: Stealth Rock\n|\n|-weather|Sandstorm|[upkeep]\n|-damage|p2a: Incineroar|82\/100|[from] Sandstorm\n|upkeep\n|turn|5\n|\n|t:|1698506831\n|switch|p1a: Tyranitar|Tyranitar, F|100\/100\n|move|p2a: Incineroar|Toxic|p1a: Tyranitar\n|-status|p1a: Tyranitar|tox\n|\n|-weather|Sandstorm|[upkeep]\n|-damage|p2a: Incineroar|76\/100|[from] Sandstorm\n|-damage|p1a: Tyranitar|94\/100 tox|[from] psn\n|upkeep\n|turn|6\n|\n|t:|1698506848\n|switch|p2a: Landorus|Landorus-Therian, M|100\/100\n|-damage|p2a: Landorus|88\/100|[from] Stealth Rock\n|-ability|p2a: Landorus|Intimidate|boost\n|-unboost|p1a: Tyranitar|atk|1\n|detailschange|p1a: Tyranitar|Tyranitar-Mega, F\n|-mega|p1a: Tyranitar|Tyranitar|Tyranitarite\n|move|p1a: Tyranitar|Stone Edge|p2a: Landorus|[miss]\n|-miss|p1a: Tyranitar|p2a: Landorus\n|\n|-weather|none\n|-damage|p1a: Tyranitar|82\/100 tox|[from] psn\n|upkeep\n|turn|7\n|\n|t:|1698506869\n|switch|p1a: Latias|Latias, F|100\/100\n|move|p2a: Landorus|Knock Off|p1a: Latias\n|-supereffective|p1a: Latias\n|-damage|p1a: Latias|2\/100\n|-enditem|p1a: Latias|Choice Scarf|[from] move: Knock Off|[of] p2a: Landorus\n|\n|upkeep\n|turn|8\n|\n|t:|1698506879\n|move|p2a: Landorus|Knock Off|p1a: Latias\n|-supereffective|p1a: Latias\n|-damage|p1a: Latias|0 fnt\n|faint|p1a: Latias\n|\n|upkeep\n|\n|t:|1698506889\n|switch|p1a: Tyranitar|Tyranitar-Mega, F|82\/100 tox\n|-weather|Sandstorm|[from] ability: Sand Stream|[of] p1a: Tyranitar\n|turn|9\n|\n|t:|1698506900\n|switch|p2a: Slowking|Slowking, M|100\/100\n|move|p1a: Tyranitar|Dragon Dance|p1a: Tyranitar\n|-boost|p1a: Tyranitar|atk|1\n|-boost|p1a: Tyranitar|spe|1\n|\n|-weather|Sandstorm|[upkeep]\n|-damage|p2a: Slowking|94\/100|[from] Sandstorm\n|-damage|p1a: Tyranitar|76\/100 tox|[from] psn\n|upkeep\n|turn|10\n|\n|t:|1698506913\n|move|p1a: Tyranitar|Stone Edge|p2a: Slowking|[miss]\n|-miss|p1a: Tyranitar|p2a: Slowking\n|move|p2a: Slowking|Chilling Water|p1a: Tyranitar\n|-supereffective|p1a: Tyranitar\n|-damage|p1a: Tyranitar|56\/100 tox\n|-unboost|p1a: Tyranitar|atk|1\n|\n|-weather|Sandstorm|[upkeep]\n|-damage|p2a: Slowking|88\/100|[from] Sandstorm\n|-damage|p1a: Tyranitar|44\/100 tox|[from] psn\n|upkeep\n|turn|11\n|\n|t:|1698506935\n|switch|p1a: Ferrothorn|Ferrothorn, F|100\/100\n|move|p2a: Slowking|Teleport|p2a: Slowking\n|\n|t:|1698506942\n|switch|p2a: Incineroar|Incineroar, M|76\/100|[from] Teleport\n|-ability|p2a: Incineroar|Intimidate|boost\n|-unboost|p1a: Ferrothorn|atk|1\n|\n|-weather|Sandstorm|[upkeep]\n|-damage|p2a: Incineroar|70\/100|[from] Sandstorm\n|upkeep\n|turn|12\n|\n|t:|1698506957\n|switch|p1a: Tyranitar|Tyranitar-Mega, F|44\/100 tox\n|move|p2a: Incineroar|Parting Shot|p1a: Tyranitar\n|-unboost|p1a: Tyranitar|atk|1\n|-unboost|p1a: Tyranitar|spa|1\n|\n|t:|1698506967\n|switch|p2a: Slowking|Slowking, M|100\/100|[from] Parting Shot\n|\n|-weather|Sandstorm|[upkeep]\n|-damage|p2a: Slowking|94\/100|[from] Sandstorm\n|-damage|p1a: Tyranitar|37\/100 tox|[from] psn\n|upkeep\n|turn|13\n|\n|t:|1698506976\n|switch|p1a: Jirachi|Jirachi|100\/100\n|move|p2a: Slowking|Future Sight|p1a: Jirachi\n|-start|p2a: Slowking|move: Future Sight\n|\n|-weather|none\n|upkeep\n|turn|14\n|\n|t:|1698506989\n|move|p1a: Jirachi|Body Slam|p2a: Slowking\n|-damage|p2a: Slowking|72\/100\n|-status|p2a: Slowking|par\n|move|p2a: Slowking|Teleport|p2a: Slowking\n|inactive|Battle timer is ON: inactive players will automatically lose when time's up. (requested by phoenix3691)\n|inactive|phoenix3691 has 270 seconds left.\n|\n|t:|1698507063\n|switch|p2a: Landorus|Landorus-Therian, M|88\/100|[from] Teleport\n|-damage|p2a: Landorus|76\/100|[from] Stealth Rock\n|-ability|p2a: Landorus|Intimidate|boost\n|-unboost|p1a: Jirachi|atk|1\n|\n|upkeep\n|turn|15\n|\n|t:|1698507082\n|move|p2a: Landorus|Earthquake|p1a: Jirachi\n|-supereffective|p1a: Jirachi\n|-damage|p1a: Jirachi|1\/100\n|move|p1a: Jirachi|Body Slam|p2a: Landorus\n|-damage|p2a: Landorus|61\/100\n|-status|p2a: Landorus|par\n|\n|-end|p1a: Jirachi|move: Future Sight\n|-resisted|p1a: Jirachi\n|-damage|p1a: Jirachi|0 fnt\n|faint|p1a: Jirachi\n|upkeep\n|\n|t:|1698507100\n|switch|p1a: Dragapult|Dragapult, F|100\/100\n|turn|16\n|\n|t:|1698507113\n|switch|p2a: Slowking|Slowking, M|100\/100 par\n|move|p1a: Dragapult|Shadow Ball|p2a: Slowking\n|-supereffective|p2a: Slowking\n|-damage|p2a: Slowking|45\/100 par\n|-damage|p1a: Dragapult|91\/100|[from] item: Life Orb\n|\n|upkeep\n|turn|17\n|\n|t:|1698507121\n|switch|p2a: Amoonguss|Amoonguss, F|100\/100\n|-damage|p2a: Amoonguss|88\/100|[from] Stealth Rock\n|move|p1a: Dragapult|Shadow Ball|p2a: Amoonguss\n|-damage|p2a: Amoonguss|42\/100\n|-unboost|p2a: Amoonguss|spd|1\n|-damage|p1a: Dragapult|81\/100|[from] item: Life Orb\n|\n|upkeep\n|turn|18\n|\n|t:|1698507132\n|switch|p2a: Incineroar|Incineroar, M|70\/100\n|-ability|p2a: Incineroar|Intimidate|boost\n|-unboost|p1a: Dragapult|atk|1\n|move|p1a: Dragapult|Shadow Ball|p2a: Incineroar\n|-resisted|p2a: Incineroar\n|-damage|p2a: Incineroar|53\/100\n|-damage|p1a: Dragapult|71\/100|[from] item: Life Orb\n|\n|upkeep\n|turn|19\n|\n|t:|1698507144\n|move|p1a: Dragapult|Draco Meteor|p2a: Incineroar\n|-damage|p2a: Incineroar|0 fnt\n|-unboost|p1a: Dragapult|spa|2\n|faint|p2a: Incineroar\n|-damage|p1a: Dragapult|61\/100|[from] item: Life Orb\n|\n|upkeep\n|\n|t:|1698507153\n|switch|p2a: Latios|Latios, M|100\/100\n|-damage|p2a: Latios|88\/100|[from] Stealth Rock\n|turn|20\n|inactive|giffysweg has 270 seconds left.\n|inactive|giffysweg has 240 seconds left.\n|inactive|giffysweg has 210 seconds left.\n|\n|t:|1698507271\n|move|p2a: Latios|Draco Meteor|p1a: Dragapult\n|-supereffective|p1a: Dragapult\n|-damage|p1a: Dragapult|0 fnt\n|-unboost|p2a: Latios|spa|2\n|faint|p1a: Dragapult\n|\n|upkeep\n|inactive|giffysweg has 180 seconds left.\n|\n|t:|1698507303\n|switch|p1a: Tyranitar|Tyranitar-Mega, F|37\/100 tox\n|-weather|Sandstorm|[from] ability: Sand Stream|[of] p1a: Tyranitar\n|turn|21\n|\n|t:|1698507311\n|switch|p2a: Amoonguss|Amoonguss, F|75\/100\n|-damage|p2a: Amoonguss|63\/100|[from] Stealth Rock\n|move|p1a: Tyranitar|Dragon Dance|p1a: Tyranitar\n|-boost|p1a: Tyranitar|atk|1\n|-boost|p1a: Tyranitar|spe|1\n|\n|-weather|Sandstorm|[upkeep]\n|-damage|p2a: Amoonguss|57\/100|[from] Sandstorm\n|-damage|p1a: Tyranitar|31\/100 tox|[from] psn\n|upkeep\n|turn|22\n|\n|t:|1698507323\n|switch|p2a: Landorus|Landorus-Therian, M|61\/100 par\n|-damage|p2a: Landorus|49\/100 par|[from] Stealth Rock\n|-ability|p2a: Landorus|Intimidate|boost\n|-unboost|p1a: Tyranitar|atk|1\n|move|p1a: Tyranitar|Ice Punch|p2a: Landorus\n|-supereffective|p2a: Landorus\n|-damage|p2a: Landorus|0 fnt\n|faint|p2a: Landorus\n|\n|-weather|Sandstorm|[upkeep]\n|-damage|p1a: Tyranitar|19\/100 tox|[from] psn\n|upkeep\n|\n|t:|1698507333\n|switch|p2a: Slowking|Slowking, M|78\/100 par\n|turn|23\n|\n|t:|1698507340\n|move|p1a: Tyranitar|Stone Edge|p2a: Slowking|[miss]\n|-miss|p1a: Tyranitar|p2a: Slowking\n|move|p2a: Slowking|Slack Off|p2a: Slowking\n|-heal|p2a: Slowking|100\/100 par\n|\n|-weather|Sandstorm|[upkeep]\n|-damage|p2a: Slowking|94\/100 par|[from] Sandstorm\n|-damage|p1a: Tyranitar|0 fnt|[from] psn\n|faint|p1a: Tyranitar\n|upkeep\n|\n|t:|1698507354\n|switch|p1a: Ferrothorn|Ferrothorn, F|100\/100\n|turn|24\n|\n|t:|1698507373\n|move|p1a: Ferrothorn|Leech Seed|p2a: Slowking\n|-start|p2a: Slowking|move: Leech Seed\n|cant|p2a: Slowking|par\n|\n|-weather|Sandstorm|[upkeep]\n|-damage|p2a: Slowking|88\/100 par|[from] Sandstorm\n|-damage|p2a: Slowking|76\/100 par|[from] Leech Seed|[of] p1a: Ferrothorn\n|upkeep\n|turn|25\n|inactive|giffysweg has 180 seconds left.\n|\n|t:|1698507382\n|switch|p2a: Amoonguss|Amoonguss, F|90\/100\n|-damage|p2a: Amoonguss|77\/100|[from] Stealth Rock\n|move|p1a: Ferrothorn|Gyro Ball|p2a: Amoonguss\n|-damage|p2a: Amoonguss|63\/100\n|-damage|p1a: Ferrothorn|84\/100|[from] item: Rocky Helmet|[of] p2a: Amoonguss\n|\n|-weather|none\n|-heal|p1a: Ferrothorn|90\/100|[from] item: Leftovers\n|upkeep\n|turn|26\n|inactive|giffysweg has 180 seconds left.\n|\n|t:|1698507397\n|switch|p2a: Slowking|Slowking, M|100\/100 par\n|move|p1a: Ferrothorn|Gyro Ball|p2a: Slowking\n|-resisted|p2a: Slowking\n|-damage|p2a: Slowking|95\/100 par\n|\n|-heal|p1a: Ferrothorn|97\/100|[from] item: Leftovers\n|upkeep\n|turn|27\n|\n|t:|1698507404\n|move|p1a: Ferrothorn|Leech Seed|p2a: Slowking\n|-start|p2a: Slowking|move: Leech Seed\n|move|p2a: Slowking|Teleport|p2a: Slowking\n|\n|t:|1698507407\n|switch|p2a: Tapu Koko|Tapu Koko|100\/100|[from] Teleport\n|-damage|p2a: Tapu Koko|88\/100|[from] Stealth Rock\n|-fieldstart|move: Electric Terrain|[from] ability: Electric Surge|[of] p2a: Tapu Koko\n|\n|-heal|p1a: Ferrothorn|100\/100|[from] item: Leftovers\n|upkeep\n|turn|28\n|\n|t:|1698507415\n|move|p2a: Tapu Koko|Taunt|p1a: Ferrothorn\n|-start|p1a: Ferrothorn|move: Taunt\n|cant|p1a: Ferrothorn|move: Taunt|Leech Seed\n|\n|upkeep\n|turn|29\n|\n|t:|1698507420\n|switch|p2a: Latios|Latios, M|88\/100\n|-damage|p2a: Latios|76\/100|[from] Stealth Rock\n|move|p1a: Ferrothorn|Gyro Ball|p2a: Latios\n|-damage|p2a: Latios|6\/100\n|\n|upkeep\n|turn|30\n|inactive|giffysweg has 210 seconds left.\n|\n|t:|1698507431\n|move|p2a: Latios|Mystical Fire|p1a: Ferrothorn\n|-supereffective|p1a: Ferrothorn\n|-damage|p1a: Ferrothorn|27\/100\n|-unboost|p1a: Ferrothorn|spa|1\n|move|p1a: Ferrothorn|Gyro Ball|p2a: Latios\n|-damage|p2a: Latios|0 fnt\n|faint|p2a: Latios\n|\n|-heal|p1a: Ferrothorn|33\/100|[from] item: Leftovers\n|-end|p1a: Ferrothorn|move: Taunt\n|upkeep\n|\n|t:|1698507454\n|switch|p2a: Tapu Koko|Tapu Koko|88\/100\n|-damage|p2a: Tapu Koko|76\/100|[from] Stealth Rock\n|turn|31\n|inactive|giffysweg has 210 seconds left.\n|\n|t:|1698507464\n|move|p2a: Tapu Koko|Volt Switch|p1a: Ferrothorn\n|-resisted|p1a: Ferrothorn\n|-damage|p1a: Ferrothorn|13\/100\n|\n|t:|1698507467\n|switch|p2a: Amoonguss|Amoonguss, F|96\/100|[from] Volt Switch\n|-damage|p2a: Amoonguss|83\/100|[from] Stealth Rock\n|move|p1a: Ferrothorn|Leech Seed|p2a: Amoonguss\n|-immune|p2a: Amoonguss\n|\n|-heal|p1a: Ferrothorn|19\/100|[from] item: Leftovers\n|-fieldend|move: Electric Terrain\n|upkeep\n|turn|32\n|inactive|giffysweg has 210 seconds left.\n|\n|t:|1698507484\n|switch|p2a: Slowking|Slowking, M|100\/100 par\n|move|p1a: Ferrothorn|Stealth Rock||[still]\n|-fail|p1a: Ferrothorn\n|\n|-heal|p1a: Ferrothorn|25\/100|[from] item: Leftovers\n|upkeep\n|turn|33\n|inactive|giffysweg has 210 seconds left.\n|\n|t:|1698507497\n|move|p2a: Slowking|Future Sight|p1a: Ferrothorn\n|-start|p2a: Slowking|move: Future Sight\n|move|p1a: Ferrothorn|Leech Seed|p2a: Slowking\n|-start|p2a: Slowking|move: Leech Seed\n|\n|-heal|p1a: Ferrothorn|32\/100|[from] item: Leftovers\n|-damage|p2a: Slowking|88\/100 par|[from] Leech Seed|[of] p1a: Ferrothorn\n|-heal|p1a: Ferrothorn|46\/100|[silent]\n|upkeep\n|turn|34\n|inactive|giffysweg has 210 seconds left.\n|\n|t:|1698507516\n|move|p1a: Ferrothorn|Power Whip|p2a: Slowking\n|-supereffective|p2a: Slowking\n|-damage|p2a: Slowking|8\/100 par\n|move|p2a: Slowking|Teleport|p2a: Slowking\n|\n|t:|1698507522\n|switch|p2a: Tapu Koko|Tapu Koko|76\/100|[from] Teleport\n|-damage|p2a: Tapu Koko|63\/100|[from] Stealth Rock\n|-fieldstart|move: Electric Terrain|[from] ability: Electric Surge|[of] p2a: Tapu Koko\n|\n|-heal|p1a: Ferrothorn|52\/100|[from] item: Leftovers\n|upkeep\n|turn|35\n|inactive|giffysweg has 210 seconds left.\n|inactive|giffysweg has 180 seconds left.\n|inactive|giffysweg has 150 seconds left.\n|\n|t:|1698507592\n|move|p2a: Tapu Koko|Thunderbolt|p1a: Ferrothorn\n|-resisted|p1a: Ferrothorn\n|-damage|p1a: Ferrothorn|29\/100\n|-status|p1a: Ferrothorn|par\n|move|p1a: Ferrothorn|Gyro Ball|p2a: Tapu Koko\n|-damage|p2a: Tapu Koko|0 fnt\n|faint|p2a: Tapu Koko\n|\n|-end|p1a: Ferrothorn|move: Future Sight\n|-resisted|p1a: Ferrothorn\n|-damage|p1a: Ferrothorn|14\/100 par\n|-heal|p1a: Ferrothorn|20\/100 par|[from] item: Leftovers\n|upkeep\n|\n|t:|1698507603\n|switch|p2a: Slowking|Slowking, M|42\/100 par\n|turn|36\n|\n|t:|1698507611\n|switch|p2a: Amoonguss|Amoonguss, F|100\/100\n|-damage|p2a: Amoonguss|88\/100|[from] Stealth Rock\n|cant|p1a: Ferrothorn|par\n|\n|-heal|p1a: Ferrothorn|27\/100 par|[from] item: Leftovers\n|upkeep\n|turn|37\n|\n|t:|1698507624\n|move|p2a: Amoonguss|Giga Drain|p1a: Ferrothorn\n|-resisted|p1a: Ferrothorn\n|-damage|p1a: Ferrothorn|23\/100 par\n|-heal|p2a: Amoonguss|90\/100|[from] drain|[of] p1a: Ferrothorn\n|cant|p1a: Ferrothorn|par\n|\n|-heal|p1a: Ferrothorn|29\/100 par|[from] item: Leftovers\n|upkeep\n|turn|38\n|\n|t:|1698507641\n|move|p2a: Amoonguss|Giga Drain|p1a: Ferrothorn\n|-resisted|p1a: Ferrothorn\n|-damage|p1a: Ferrothorn|25\/100 par\n|-heal|p2a: Amoonguss|91\/100|[from] drain|[of] p1a: Ferrothorn\n|move|p1a: Ferrothorn|Stealth Rock||[still]\n|-fail|p1a: Ferrothorn\n|\n|-heal|p1a: Ferrothorn|31\/100 par|[from] item: Leftovers\n|-fieldend|move: Electric Terrain\n|upkeep\n|turn|39\n|\n|t:|1698507657\n|switch|p2a: Slowking|Slowking, M|75\/100 par\n|move|p1a: Ferrothorn|Stealth Rock||[still]\n|-fail|p1a: Ferrothorn\n|\n|-heal|p1a: Ferrothorn|38\/100 par|[from] item: Leftovers\n|upkeep\n|turn|40\n|\n|t:|1698507663\n|switch|p2a: Amoonguss|Amoonguss, F|100\/100\n|-damage|p2a: Amoonguss|88\/100|[from] Stealth Rock\n|move|p1a: Ferrothorn|Stealth Rock||[still]\n|-fail|p1a: Ferrothorn\n|\n|-heal|p1a: Ferrothorn|44\/100 par|[from] item: Leftovers\n|upkeep\n|turn|41\n|inactive|giffysweg has 180 seconds left.\n|\n|t:|1698507679\n|move|p2a: Amoonguss|Giga Drain|p1a: Ferrothorn\n|-resisted|p1a: Ferrothorn\n|-damage|p1a: Ferrothorn|41\/100 par\n|-heal|p2a: Amoonguss|89\/100|[from] drain|[of] p1a: Ferrothorn\n|move|p1a: Ferrothorn|Stealth Rock||[still]\n|-fail|p1a: Ferrothorn\n|\n|-heal|p1a: Ferrothorn|47\/100 par|[from] item: Leftovers\n|upkeep\n|turn|42\n|\n|t:|1698507686\n|switch|p2a: Slowking|Slowking, M|100\/100 par\n|move|p1a: Ferrothorn|Power Whip|p2a: Slowking|[miss]\n|-miss|p1a: Ferrothorn|p2a: Slowking\n|\n|-heal|p1a: Ferrothorn|53\/100 par|[from] item: Leftovers\n|upkeep\n|turn|43\n|inactive|giffysweg has 180 seconds left.\n|\n|t:|1698507694\n|move|p2a: Slowking|Chilling Water|p1a: Ferrothorn\n|-resisted|p1a: Ferrothorn\n|-damage|p1a: Ferrothorn|47\/100 par\n|-unboost|p1a: Ferrothorn|atk|1\n|cant|p1a: Ferrothorn|par\n|\n|-heal|p1a: Ferrothorn|54\/100 par|[from] item: Leftovers\n|upkeep\n|turn|44\n|\n|t:|1698507701\n|move|p2a: Slowking|Chilling Water|p1a: Ferrothorn\n|-resisted|p1a: Ferrothorn\n|-damage|p1a: Ferrothorn|48\/100 par\n|-unboost|p1a: Ferrothorn|atk|1\n|move|p1a: Ferrothorn|Stealth Rock||[still]\n|-fail|p1a: Ferrothorn\n|\n|-heal|p1a: Ferrothorn|54\/100 par|[from] item: Leftovers\n|upkeep\n|turn|45\n|\n|t:|1698507709\n|switch|p1a: Urshifu|Urshifu-Rapid-Strike, F|100\/100\n|move|p2a: Slowking|Chilling Water|p1a: Urshifu\n|-resisted|p1a: Urshifu\n|-damage|p1a: Urshifu|88\/100\n|-unboost|p1a: Urshifu|atk|1\n|\n|upkeep\n|turn|46\n|\n|t:|1698507724\n|switch|p1a: Ferrothorn|Ferrothorn, F|54\/100 par\n|switch|p2a: Amoonguss|Amoonguss, F|100\/100\n|-damage|p2a: Amoonguss|88\/100|[from] Stealth Rock\n|\n|-heal|p1a: Ferrothorn|60\/100 par|[from] item: Leftovers\n|upkeep\n|turn|47\n|\n|t:|1698507736\n|move|p2a: Amoonguss|Foul Play|p1a: Ferrothorn\n|-damage|p1a: Ferrothorn|45\/100 par\n|-damage|p2a: Amoonguss|75\/100|[from] ability: Iron Barbs|[of] p1a: Ferrothorn\n|move|p1a: Ferrothorn|Power Whip|p2a: Amoonguss\n|-resisted|p2a: Amoonguss\n|-damage|p2a: Amoonguss|69\/100\n|-damage|p1a: Ferrothorn|29\/100 par|[from] item: Rocky Helmet|[of] p2a: Amoonguss\n|\n|-heal|p1a: Ferrothorn|35\/100 par|[from] item: Leftovers\n|upkeep\n|turn|48\n|\n|t:|1698507756\n|switch|p2a: Slowking|Slowking, M|100\/100 par\n|move|p1a: Ferrothorn|Stealth Rock||[still]\n|-fail|p1a: Ferrothorn\n|\n|-heal|p1a: Ferrothorn|41\/100 par|[from] item: Leftovers\n|upkeep\n|turn|49\n|\n|t:|1698507771\n|move|p2a: Slowking|Chilling Water|p1a: Ferrothorn\n|-resisted|p1a: Ferrothorn\n|-damage|p1a: Ferrothorn|35\/100 par\n|-unboost|p1a: Ferrothorn|atk|1\n|move|p1a: Ferrothorn|Power Whip|p2a: Slowking\n|-supereffective|p2a: Slowking\n|-damage|p2a: Slowking|41\/100 par\n|\n|-heal|p1a: Ferrothorn|42\/100 par|[from] item: Leftovers\n|upkeep\n|turn|50\n|inactiveoff|Battle timer is now OFF.\n|\n|t:|1698507847\n|switch|p2a: Amoonguss|Amoonguss, F|100\/100\n|-damage|p2a: Amoonguss|88\/100|[from] Stealth Rock\n|cant|p1a: Ferrothorn|par\n|\n|-heal|p1a: Ferrothorn|48\/100 par|[from] item: Leftovers\n|upkeep\n|turn|51\n|\n|t:|1698507872\n|switch|p1a: Urshifu|Urshifu-Rapid-Strike, F|88\/100\n|move|p2a: Amoonguss|Foul Play|p1a: Urshifu\n|-resisted|p1a: Urshifu\n|-damage|p1a: Urshifu|71\/100\n|\n|upkeep\n|turn|52\n|\n|t:|1698507890\n|switch|p1a: Ferrothorn|Ferrothorn, F|48\/100 par\n|switch|p2a: Slowking|Slowking, M|74\/100 par\n|\n|-heal|p1a: Ferrothorn|54\/100 par|[from] item: Leftovers\n|upkeep\n|turn|53\n|\n|t:|1698507896\n|switch|p2a: Amoonguss|Amoonguss, F|100\/100\n|-damage|p2a: Amoonguss|88\/100|[from] Stealth Rock\n|cant|p1a: Ferrothorn|par\n|\n|-heal|p1a: Ferrothorn|60\/100 par|[from] item: Leftovers\n|upkeep\n|turn|54\n|\n|t:|1698507905\n|move|p2a: Amoonguss|Foul Play|p1a: Ferrothorn\n|-damage|p1a: Ferrothorn|46\/100 par\n|-damage|p2a: Amoonguss|75\/100|[from] ability: Iron Barbs|[of] p1a: Ferrothorn\n|move|p1a: Ferrothorn|Stealth Rock||[still]\n|-fail|p1a: Ferrothorn\n|\n|-heal|p1a: Ferrothorn|52\/100 par|[from] item: Leftovers\n|upkeep\n|turn|55\n|\n|t:|1698507913\n|move|p2a: Amoonguss|Giga Drain|p1a: Ferrothorn\n|-resisted|p1a: Ferrothorn\n|-damage|p1a: Ferrothorn|49\/100 par\n|-heal|p2a: Amoonguss|77\/100|[from] drain|[of] p1a: Ferrothorn\n|move|p1a: Ferrothorn|Stealth Rock||[still]\n|-fail|p1a: Ferrothorn\n|\n|-heal|p1a: Ferrothorn|55\/100 par|[from] item: Leftovers\n|upkeep\n|turn|56\n|\n|t:|1698507924\n|switch|p2a: Slowking|Slowking, M|100\/100 par\n|move|p1a: Ferrothorn|Stealth Rock||[still]\n|-fail|p1a: Ferrothorn\n|\n|-heal|p1a: Ferrothorn|61\/100 par|[from] item: Leftovers\n|upkeep\n|turn|57\n|\n|t:|1698507930\n|move|p2a: Slowking|Chilling Water|p1a: Ferrothorn\n|-resisted|p1a: Ferrothorn\n|-damage|p1a: Ferrothorn|55\/100 par\n|-unboost|p1a: Ferrothorn|atk|1\n|cant|p1a: Ferrothorn|par\n|\n|-heal|p1a: Ferrothorn|61\/100 par|[from] item: Leftovers\n|upkeep\n|turn|58\n|\n|t:|1698507937\n|move|p2a: Slowking|Chilling Water|p1a: Ferrothorn\n|-resisted|p1a: Ferrothorn\n|-damage|p1a: Ferrothorn|56\/100 par\n|-unboost|p1a: Ferrothorn|atk|1\n|move|p1a: Ferrothorn|Power Whip|p2a: Slowking\n|-supereffective|p2a: Slowking\n|-damage|p2a: Slowking|59\/100 par\n|\n|-heal|p1a: Ferrothorn|62\/100 par|[from] item: Leftovers\n|upkeep\n|turn|59\n|\n|t:|1698507957\n|switch|p2a: Amoonguss|Amoonguss, F|100\/100\n|-damage|p2a: Amoonguss|88\/100|[from] Stealth Rock\n|cant|p1a: Ferrothorn|par\n|\n|-heal|p1a: Ferrothorn|68\/100 par|[from] item: Leftovers\n|upkeep\n|turn|60\n|\n|t:|1698507967\n|move|p2a: Amoonguss|Foul Play|p1a: Ferrothorn\n|-damage|p1a: Ferrothorn|61\/100 par\n|-damage|p2a: Amoonguss|75\/100|[from] ability: Iron Barbs|[of] p1a: Ferrothorn\n|move|p1a: Ferrothorn|Stealth Rock||[still]\n|-fail|p1a: Ferrothorn\n|\n|-heal|p1a: Ferrothorn|67\/100 par|[from] item: Leftovers\n|upkeep\n|turn|61\n|\n|t:|1698507993\n|move|p2a: Amoonguss|Spore|p1a: Ferrothorn\n|-immune|p1a: Ferrothorn\n|move|p1a: Ferrothorn|Stealth Rock||[still]\n|-fail|p1a: Ferrothorn\n|\n|-heal|p1a: Ferrothorn|74\/100 par|[from] item: Leftovers\n|upkeep\n|turn|62\n|\n|t:|1698508007\n|move|p2a: Amoonguss|Sludge Bomb|p1a: Ferrothorn\n|-immune|p1a: Ferrothorn\n|cant|p1a: Ferrothorn|par\n|\n|-heal|p1a: Ferrothorn|80\/100 par|[from] item: Leftovers\n|upkeep\n|turn|63\n|\n|t:|1698508014\n|switch|p2a: Slowking|Slowking, M|93\/100 par\n|move|p1a: Ferrothorn|Stealth Rock||[still]\n|-fail|p1a: Ferrothorn\n|\n|-heal|p1a: Ferrothorn|86\/100 par|[from] item: Leftovers\n|upkeep\n|turn|64\n|\n|t:|1698508024\n|switch|p2a: Amoonguss|Amoonguss, F|100\/100\n|-damage|p2a: Amoonguss|88\/100|[from] Stealth Rock\n|move|p1a: Ferrothorn|Power Whip|p2a: Amoonguss|[miss]\n|-miss|p1a: Ferrothorn|p2a: Amoonguss\n|\n|-heal|p1a: Ferrothorn|92\/100 par|[from] item: Leftovers\n|upkeep\n|turn|65\n|\n|t:|1698508042\n|switch|p2a: Slowking|Slowking, M|100\/100 par\n|move|p1a: Ferrothorn|Gyro Ball|p2a: Slowking\n|-resisted|p2a: Slowking\n|-damage|p2a: Slowking|95\/100 par\n|\n|-heal|p1a: Ferrothorn|99\/100 par|[from] item: Leftovers\n|upkeep\n|turn|66\n|\n|t:|1698508050\n|move|p2a: Slowking|Future Sight|p1a: Ferrothorn\n|-start|p2a: Slowking|move: Future Sight\n|cant|p1a: Ferrothorn|par\n|\n|-heal|p1a: Ferrothorn|100\/100 par|[from] item: Leftovers\n|upkeep\n|turn|67\n|\n|t:|1698508060\n|move|p2a: Slowking|Chilling Water|p1a: Ferrothorn\n|-resisted|p1a: Ferrothorn\n|-damage|p1a: Ferrothorn|95\/100 par\n|-unboost|p1a: Ferrothorn|atk|1\n|move|p1a: Ferrothorn|Stealth Rock||[still]\n|-fail|p1a: Ferrothorn\n|\n|-heal|p1a: Ferrothorn|100\/100 par|[from] item: Leftovers\n|upkeep\n|turn|68\n|\n|t:|1698508067\n|switch|p2a: Amoonguss|Amoonguss, F|100\/100\n|-damage|p2a: Amoonguss|88\/100|[from] Stealth Rock\n|switch|p1a: Urshifu|Urshifu-Rapid-Strike, F|71\/100\n|\n|-end|p1a: Urshifu|move: Future Sight\n|-supereffective|p1a: Urshifu\n|-damage|p1a: Urshifu|0 fnt\n|faint|p1a: Urshifu\n|upkeep\n|\n|t:|1698508076\n|switch|p1a: Ferrothorn|Ferrothorn, F|100\/100 par\n|turn|69\n|\n|t:|1698508082\n|move|p2a: Amoonguss|Foul Play|p1a: Ferrothorn\n|-damage|p1a: Ferrothorn|85\/100 par\n|-damage|p2a: Amoonguss|75\/100|[from] ability: Iron Barbs|[of] p1a: Ferrothorn\n|move|p1a: Ferrothorn|Power Whip|p2a: Amoonguss\n|-resisted|p2a: Amoonguss\n|-damage|p2a: Amoonguss|69\/100\n|-damage|p1a: Ferrothorn|69\/100 par|[from] item: Rocky Helmet|[of] p2a: Amoonguss\n|\n|-heal|p1a: Ferrothorn|75\/100 par|[from] item: Leftovers\n|upkeep\n|turn|70\n|\n|t:|1698508100\n|move|p2a: Amoonguss|Spore|p1a: Ferrothorn\n|-immune|p1a: Ferrothorn\n|move|p1a: Ferrothorn|Power Whip|p2a: Amoonguss|[miss]\n|-miss|p1a: Ferrothorn|p2a: Amoonguss\n|\n|-heal|p1a: Ferrothorn|81\/100 par|[from] item: Leftovers\n|upkeep\n|turn|71\n|\n|t:|1698508107\n|switch|p2a: Slowking|Slowking, M|100\/100 par\n|move|p1a: Ferrothorn|Power Whip|p2a: Slowking|[miss]\n|-miss|p1a: Ferrothorn|p2a: Slowking\n|\n|-heal|p1a: Ferrothorn|87\/100 par|[from] item: Leftovers\n|upkeep\n|turn|72\n|\n|t:|1698508114\n|move|p2a: Slowking|Chilling Water|p1a: Ferrothorn\n|-resisted|p1a: Ferrothorn\n|-damage|p1a: Ferrothorn|81\/100 par\n|-unboost|p1a: Ferrothorn|atk|1\n|move|p1a: Ferrothorn|Power Whip|p2a: Slowking\n|-supereffective|p2a: Slowking\n|-damage|p2a: Slowking|41\/100 par\n|\n|-heal|p1a: Ferrothorn|88\/100 par|[from] item: Leftovers\n|upkeep\n|turn|73\n|-message|giffysweg forfeited.\n|\n|win|phoenix3691\n|l|\u2606giffysweg\n","uploadtime":1698508130,"views":14,"p1id":"giffysweg","p2id":"phoenix3691","formatid":"gen9nationaldexubers","rating":0,"private":0,"password":""}