{"id":"gen9nationaldexubers-1980109714","p1":"Helpnoname","p2":"Stallsun9U","format":"[Gen 9] National Dex Ubers","log":"|j|\u2606Helpnoname\n|j|\u2606Stallsun9U\n|t:|1698758132\n|gametype|singles\n|player|p1|Helpnoname|169|1707\n|player|p2|Stallsun9U|veteran|1652\n|teamsize|p1|6\n|teamsize|p2|6\n|gen|9\n|tier|[Gen 9] National Dex Ubers\n|rated|\n|rule|HP Percentage Mod: HP is shown in percentages\n|rule|Endless Battle Clause: Forcing endless battles is banned\n|rule|OHKO Clause: OHKO moves are banned\n|rule|Evasion Moves Clause: Evasion moves are banned\n|rule|Evasion Items Clause: Evasion items are banned\n|rule|Species Clause: Limit one of each Pok\u00e9mon\n|rule|Sleep Clause Mod: Limit one foe put to sleep\n|rule|Mega Rayquaza Clause: You cannot mega evolve Rayquaza\n|clearpoke\n|poke|p1|Ferrothorn, F|\n|poke|p1|Eternatus|\n|poke|p1|Giratina|\n|poke|p1|Yveltal|\n|poke|p1|Toxapex, M|\n|poke|p1|Ho-Oh|\n|poke|p2|Deoxys-Speed|\n|poke|p2|Arceus|\n|poke|p2|Xerneas-*|\n|poke|p2|Kyurem-Black|\n|poke|p2|Groudon|\n|poke|p2|Necrozma-Dusk-Mane|\n|teampreview\n|inactive|Battle timer is ON: inactive players will automatically lose when time's up. (requested by Stallsun9U)\n|\n|t:|1698758141\n|start\n|switch|p1a: Yveltal|Yveltal|100\/100\n|switch|p2a: Deoxys|Deoxys-Speed|100\/100\n|-ability|p2a: Deoxys|Pressure\n|-ability|p1a: Yveltal|Dark Aura\n|turn|1\n|\n|t:|1698758150\n|move|p2a: Deoxys|Stealth Rock|p1a: Yveltal\n|-sidestart|p1: Helpnoname|move: Stealth Rock\n|move|p1a: Yveltal|Dark Pulse|p2a: Deoxys\n|-supereffective|p2a: Deoxys\n|-enditem|p2a: Deoxys|Focus Sash\n|-damage|p2a: Deoxys|1\/100\n|\n|upkeep\n|turn|2\n|\n|t:|1698758156\n|move|p2a: Deoxys|Taunt|p1a: Yveltal\n|-start|p1a: Yveltal|move: Taunt\n|move|p1a: Yveltal|Dark Pulse|p2a: Deoxys\n|-supereffective|p2a: Deoxys\n|-damage|p2a: Deoxys|0 fnt\n|faint|p2a: Deoxys\n|\n|upkeep\n|\n|t:|1698758165\n|switch|p2a: Kyurem|Kyurem-Black|100\/100\n|-ability|p2a: Kyurem|Teravolt\n|turn|3\n|\n|t:|1698758169\n|-terastallize|p1a: Yveltal|Dark\n|move|p1a: Yveltal|Dark Pulse|p2a: Kyurem\n|-damage|p2a: Kyurem|35\/100\n|move|p2a: Kyurem|Dragon Dance|p2a: Kyurem\n|-boost|p2a: Kyurem|atk|1\n|-boost|p2a: Kyurem|spe|1\n|\n|upkeep\n|turn|4\n|\n|t:|1698758176\n|move|p1a: Yveltal|Dark Pulse|p2a: Kyurem\n|-damage|p2a: Kyurem|0 fnt\n|faint|p2a: Kyurem\n|\n|-end|p1a: Yveltal|move: Taunt\n|upkeep\n|\n|t:|1698758183\n|switch|p2a: Xerneas|Xerneas|100\/100\n|-ability|p2a: Xerneas|Fairy Aura\n|turn|5\n|\n|t:|1698758188\n|switch|p1a: Ho-Oh|Ho-Oh|100\/100\n|move|p2a: Xerneas|Substitute|p2a: Xerneas\n|-start|p2a: Xerneas|Substitute\n|-damage|p2a: Xerneas|76\/100\n|\n|upkeep\n|turn|6\n|\n|t:|1698758193\n|move|p2a: Xerneas|Thunder|p1a: Ho-Oh|[miss]\n|-miss|p2a: Xerneas|p1a: Ho-Oh\n|move|p1a: Ho-Oh|Whirlwind|p2a: Xerneas\n|drag|p2a: Groudon|Groudon|100\/100\n|detailschange|p2a: Groudon|Groudon-Primal\n|-primal|p2a: Groudon|Red Orb\n|-weather|DesolateLand|[from] ability: Desolate Land|[of] p2a: Groudon\n|\n|-weather|DesolateLand|[upkeep]\n|upkeep\n|turn|7\n|\n|t:|1698758203\n|move|p2a: Groudon|Heat Crash|p1a: Ho-Oh\n|-resisted|p1a: Ho-Oh\n|-damage|p1a: Ho-Oh|41\/100\n|move|p1a: Ho-Oh|Toxic|p2a: Groudon\n|-status|p2a: Groudon|tox\n|\n|-weather|DesolateLand|[upkeep]\n|-damage|p2a: Groudon|94\/100 tox|[from] psn\n|upkeep\n|turn|8\n|\n|t:|1698758210\n|switch|p1a: Giratina|Giratina|100\/100\n|-damage|p1a: Giratina|88\/100|[from] Stealth Rock\n|-ability|p1a: Giratina|Pressure\n|move|p2a: Groudon|Heat Crash|p1a: Giratina\n|-resisted|p1a: Giratina\n|-damage|p1a: Giratina|79\/100\n|\n|-weather|DesolateLand|[upkeep]\n|-heal|p1a: Giratina|85\/100|[from] item: Leftovers\n|-damage|p2a: Groudon|82\/100 tox|[from] psn\n|upkeep\n|turn|9\n|\n|t:|1698758221\n|move|p2a: Groudon|Swords Dance|p2a: Groudon\n|-boost|p2a: Groudon|atk|2\n|move|p1a: Giratina|Defog|p2a: Groudon\n|-unboost|p2a: Groudon|evasion|1\n|-sideend|p1: Helpnoname|Stealth Rock|[from] move: Defog|[of] p1a: Giratina\n|\n|-weather|DesolateLand|[upkeep]\n|-heal|p1a: Giratina|91\/100|[from] item: Leftovers\n|-damage|p2a: Groudon|64\/100 tox|[from] psn\n|upkeep\n|turn|10\n|\n|t:|1698758230\n|switch|p1a: Ho-Oh|Ho-Oh|75\/100\n|move|p2a: Groudon|Precipice Blades|p1a: Ho-Oh\n|-immune|p1a: Ho-Oh\n|\n|-weather|DesolateLand|[upkeep]\n|-damage|p2a: Groudon|39\/100 tox|[from] psn\n|upkeep\n|turn|11\n|\n|t:|1698758236\n|switch|p1a: Giratina|Giratina|91\/100\n|-ability|p1a: Giratina|Pressure\n|move|p2a: Groudon|Heat Crash|p1a: Giratina\n|-resisted|p1a: Giratina\n|-damage|p1a: Giratina|72\/100\n|\n|-weather|DesolateLand|[upkeep]\n|-heal|p1a: Giratina|78\/100|[from] item: Leftovers\n|-damage|p2a: Groudon|8\/100 tox|[from] psn\n|upkeep\n|turn|12\n|\n|t:|1698758253\n|switch|p1a: Ho-Oh|Ho-Oh|100\/100\n|move|p2a: Groudon|Heat Crash|p1a: Ho-Oh\n|-resisted|p1a: Ho-Oh\n|-damage|p1a: Ho-Oh|0 fnt\n|faint|p1a: Ho-Oh\n|\n|-weather|DesolateLand|[upkeep]\n|-damage|p2a: Groudon|0 fnt|[from] psn\n|faint|p2a: Groudon\n|-weather|none\n|upkeep\n|\n|t:|1698758266\n|switch|p2a: Xerneas|Xerneas|76\/100\n|switch|p1a: Yveltal|Yveltal, tera:Dark|100\/100\n|-ability|p1a: Yveltal|Dark Aura\n|-ability|p2a: Xerneas|Fairy Aura\n|turn|13\n|\n|t:|1698758273\n|move|p1a: Yveltal|Dark Pulse|p2a: Xerneas\n|-resisted|p2a: Xerneas\n|-damage|p2a: Xerneas|44\/100\n|move|p2a: Xerneas|Geomancy||[still]\n|-prepare|p2a: Xerneas|Geomancy\n|-enditem|p2a: Xerneas|Power Herb\n|-anim|p2a: Xerneas|Geomancy|p2a: Xerneas\n|-boost|p2a: Xerneas|spa|2\n|-boost|p2a: Xerneas|spd|2\n|-boost|p2a: Xerneas|spe|2\n|\n|upkeep\n|turn|14\n|\n|t:|1698758283\n|move|p2a: Xerneas|Moonblast|p1a: Yveltal\n|-supereffective|p1a: Yveltal\n|-damage|p1a: Yveltal|0 fnt\n|faint|p1a: Yveltal\n|\n|upkeep\n|\n|t:|1698758289\n|switch|p1a: Ferrothorn|Ferrothorn, F|100\/100\n|turn|15\n|\n|t:|1698758294\n|-terastallize|p2a: Xerneas|Electric\n|move|p2a: Xerneas|Substitute|p2a: Xerneas\n|-start|p2a: Xerneas|Substitute\n|-damage|p2a: Xerneas|20\/100\n|move|p1a: Ferrothorn|Leech Seed||[still]\n|-fail|p1a: Ferrothorn\n|\n|upkeep\n|turn|16\n|\n|t:|1698758302\n|move|p2a: Xerneas|Moonblast|p1a: Ferrothorn\n|-resisted|p1a: Ferrothorn\n|-damage|p1a: Ferrothorn|54\/100\n|-unboost|p1a: Ferrothorn|spa|1\n|move|p1a: Ferrothorn|Substitute|p1a: Ferrothorn\n|-start|p1a: Ferrothorn|Substitute\n|-damage|p1a: Ferrothorn|29\/100\n|\n|-heal|p1a: Ferrothorn|35\/100|[from] item: Leftovers\n|upkeep\n|turn|17\n|\n|t:|1698758311\n|move|p1a: Ferrothorn|Protect|p1a: Ferrothorn\n|-singleturn|p1a: Ferrothorn|Protect\n|move|p2a: Xerneas|Moonblast|p1a: Ferrothorn\n|-activate|p1a: Ferrothorn|move: Protect\n|\n|-heal|p1a: Ferrothorn|42\/100|[from] item: Leftovers\n|upkeep\n|turn|18\n|-message|Helpnoname forfeited.\n|\n|win|Stallsun9U\n|raw|Helpnoname's rating: 1707 &rarr; <strong>1684<\/strong><br \/>(-23 for losing)\n|raw|Stallsun9U's rating: 1652 &rarr; <strong>1675<\/strong><br \/>(+23 for winning)\n|l|\u2606Helpnoname\n|l|\u2606Stallsun9U\n","uploadtime":1698758391,"views":8,"p1id":"helpnoname","p2id":"stallsun9u","formatid":"gen9nationaldexubers","rating":1675,"private":0,"password":""}