{"id":"gen9nationaldexubers-1987202739","p1":"AdrianGarcia1604","p2":"Black_Man9905","format":"[Gen 9] National Dex Ubers","log":"|j|\u2606AdrianGarcia1604\n|j|\u2606Black_Man9905\n|t:|1699564871\n|gametype|singles\n|player|p1|AdrianGarcia1604|ethan|\n|player|p2|Black_Man9905|veteran|\n|teamsize|p1|6\n|teamsize|p2|6\n|gen|9\n|tier|[Gen 9] National Dex Ubers\n|rule|HP Percentage Mod: HP is shown in percentages\n|rule|Endless Battle Clause: Forcing endless battles is banned\n|rule|OHKO Clause: OHKO moves are banned\n|rule|Evasion Moves Clause: Evasion moves are banned\n|rule|Evasion Items Clause: Evasion items are banned\n|rule|Species Clause: Limit one of each Pok\u00e9mon\n|rule|Sleep Clause Mod: Limit one foe put to sleep\n|rule|Mega Rayquaza Clause: You cannot mega evolve Rayquaza\n|clearpoke\n|poke|p1|Marshadow|\n|poke|p1|Zoroark-Hisui, M|\n|poke|p1|Gholdengo|\n|poke|p1|Annihilape, M|\n|poke|p1|Basculegion, M|\n|poke|p1|Dragapult, M|\n|poke|p2|Grimmsnarl, M|\n|poke|p2|Incineroar, F|\n|poke|p2|Tyranitar, F|\n|poke|p2|Meowscarada, F|\n|poke|p2|Roaring Moon|\n|poke|p2|Kingambit, F|\n|teampreview\n|\n|t:|1699564884\n|start\n|switch|p1a: Basculegion|Basculegion, M, shiny|100\/100\n|switch|p2a: El \u00f1omo|Grimmsnarl, M, shiny|100\/100\n|-ability|p1a: Basculegion|Mold Breaker\n|turn|1\n|\n|t:|1699564908\n|move|p1a: Basculegion|Wave Crash|p2a: El \u00f1omo\n|-crit|p2a: El \u00f1omo\n|-damage|p2a: El \u00f1omo|0 fnt\n|faint|p2a: El \u00f1omo\n|-damage|p1a: Basculegion|66\/100|[from] Recoil\n|\n|upkeep\n|\n|t:|1699564932\n|switch|p2a: La mama riko|Meowscarada, F, shiny|100\/100\n|turn|2\n|\n|t:|1699564946\n|move|p2a: La mama riko|Sucker Punch|p1a: Basculegion\n|-start|p2a: La mama riko|typechange|Dark|[from] ability: Protean\n|-supereffective|p1a: Basculegion\n|-damage|p1a: Basculegion|0 fnt\n|faint|p1a: Basculegion\n|\n|upkeep\n|\n|t:|1699564953\n|switch|p1a: Marshadow|Marshadow|100\/100\n|turn|3\n|\n|t:|1699564965\n|move|p1a: Marshadow|Drain Punch|p2a: La mama riko\n|-supereffective|p2a: La mama riko\n|-damage|p2a: La mama riko|0 fnt\n|faint|p2a: La mama riko\n|-damage|p1a: Marshadow|91\/100|[from] item: Life Orb\n|\n|upkeep\n|\n|t:|1699564980\n|switch|p2a: Godzilla|Tyranitar, F, shiny|100\/100\n|-weather|Sandstorm|[from] ability: Sand Stream|[of] p2a: Godzilla\n|turn|4\n|\n|t:|1699565002\n|detailschange|p2a: Godzilla|Tyranitar-Mega, F, shiny\n|-mega|p2a: Godzilla|Tyranitar|Tyranitarite\n|move|p1a: Marshadow|Drain Punch|p2a: Godzilla\n|-supereffective|p2a: Godzilla\n|-damage|p2a: Godzilla|0 fnt\n|-heal|p1a: Marshadow|100\/100|[from] drain|[of] p2a: Godzilla\n|faint|p2a: Godzilla\n|-damage|p1a: Marshadow|91\/100|[from] item: Life Orb\n|\n|-weather|Sandstorm|[upkeep]\n|-damage|p1a: Marshadow|84\/100|[from] Sandstorm\n|upkeep\n|\n|t:|1699565018\n|switch|p2a: La gatita|Incineroar, F, shiny|100\/100\n|-ability|p2a: La gatita|Intimidate|boost\n|-unboost|p1a: Marshadow|atk|1\n|turn|5\n|\n|t:|1699565034\n|-terastallize|p2a: La gatita|Fairy\n|move|p1a: Marshadow|Drain Punch|p2a: La gatita\n|-resisted|p2a: La gatita\n|-damage|p2a: La gatita|83\/100\n|-heal|p1a: Marshadow|93\/100|[from] drain|[of] p2a: La gatita\n|-damage|p1a: Marshadow|83\/100|[from] item: Life Orb\n|move|p2a: La gatita|Blaze Kick|p1a: Marshadow\n|-damage|p1a: Marshadow|7\/100\n|-damage|p2a: La gatita|73\/100|[from] item: Life Orb\n|\n|-weather|Sandstorm|[upkeep]\n|-damage|p1a: Marshadow|1\/100|[from] Sandstorm\n|-damage|p2a: La gatita|67\/100|[from] Sandstorm\n|upkeep\n|turn|6\n|\n|t:|1699565055\n|move|p1a: Marshadow|Spectral Thief|p2a: La gatita\n|-damage|p2a: La gatita|31\/100\n|-damage|p1a: Marshadow|0 fnt|[from] item: Life Orb\n|faint|p1a: Marshadow\n|move|p2a: La gatita|Blaze Kick|p1: Marshadow|[notarget]\n|-fail|p2a: La gatita\n|\n|-weather|Sandstorm|[upkeep]\n|-damage|p2a: La gatita|25\/100|[from] Sandstorm\n|upkeep\n|\n|t:|1699565076\n|switch|p1a: Dragapult|Dragapult, M, shiny|100\/100\n|turn|7\n|\n|t:|1699565093\n|move|p1a: Dragapult|Shadow Ball|p2a: La gatita\n|-crit|p2a: La gatita\n|-damage|p2a: La gatita|0 fnt\n|faint|p2a: La gatita\n|-damage|p1a: Dragapult|91\/100|[from] item: Life Orb\n|\n|-weather|Sandstorm|[upkeep]\n|-damage|p1a: Dragapult|85\/100|[from] Sandstorm\n|upkeep\n|\n|t:|1699565103\n|switch|p2a: Salamance|Roaring Moon, shiny|100\/100\n|turn|8\n|\n|t:|1699565122\n|move|p2a: Salamance|Outrage|p1a: Dragapult\n|-damage|p1a: Dragapult|0 fnt\n|replace|p1a: Zoroark|Zoroark-Hisui, M, shiny\n|-end|p1a: Zoroark|Illusion\n|faint|p1a: Zoroark\n|-damage|p2a: Salamance|91\/100|[from] item: Life Orb\n|\n|-weather|none\n|upkeep\n|\n|t:|1699565126\n|switch|p1a: Dragapult|Dragapult, M, shiny|100\/100\n|turn|9\n|\n|t:|1699565137\n|-terastallize|p1a: Dragapult|Fairy\n|move|p1a: Dragapult|Dragon Darts|p2a: Salamance\n|-supereffective|p2a: Salamance\n|-damage|p2a: Salamance|12\/100\n|-anim|p1a: Dragapult|Dragon Darts|p2a: Salamance\n|-supereffective|p2a: Salamance\n|-damage|p2a: Salamance|0 fnt\n|faint|p2a: Salamance\n|-end|p2a: Salamance|Protosynthesis|[silent]\n|-damage|p1a: Dragapult|91\/100|[from] item: Life Orb\n|\n|upkeep\n|\n|t:|1699565148\n|switch|p2a: 20cm|Kingambit, F, shiny|100\/100\n|-activate|p2a: 20cm|ability: Supreme Overlord\n|-start|p2a: 20cm|fallen5|[silent]\n|turn|10\n|\n|t:|1699565158\n|move|p1a: Dragapult|Dragon Darts|p2a: 20cm\n|-resisted|p2a: 20cm\n|-damage|p2a: 20cm|87\/100\n|-anim|p1a: Dragapult|Dragon Darts|p2a: 20cm\n|-resisted|p2a: 20cm\n|-damage|p2a: 20cm|73\/100\n|-damage|p1a: Dragapult|81\/100|[from] item: Life Orb\n|move|p2a: 20cm|Iron Head|p1a: Dragapult\n|-supereffective|p1a: Dragapult\n|-crit|p1a: Dragapult\n|-damage|p1a: Dragapult|0 fnt\n|faint|p1a: Dragapult\n|\n|upkeep\n|\n|t:|1699565176\n|switch|p1a: Gholdengo|Gholdengo, shiny|100\/100\n|turn|11\n|\n|t:|1699565189\n|move|p2a: 20cm|Sucker Punch|p1a: Gholdengo\n|-supereffective|p1a: Gholdengo\n|-damage|p1a: Gholdengo|0 fnt\n|faint|p1a: Gholdengo\n|\n|upkeep\n|\n|t:|1699565196\n|switch|p1a: Annihilape|Annihilape, M, shiny|100\/100\n|turn|12\n|\n|t:|1699565208\n|move|p2a: 20cm|Sucker Punch|p1a: Annihilape\n|-damage|p1a: Annihilape|29\/100\n|move|p1a: Annihilape|Drain Punch|p2a: 20cm\n|-supereffective|p2a: 20cm\n|-damage|p2a: 20cm|0 fnt\n|-heal|p1a: Annihilape|63\/100|[from] drain|[of] p2a: 20cm\n|faint|p2a: 20cm\n|-end|p2a: 20cm|fallen5|[silent]\n|\n|win|AdrianGarcia1604\n|l|\u2606Black_Man9905\n","uploadtime":1699565391,"views":6,"p1id":"adriangarcia1604","p2id":"blackman9905","formatid":"gen9nationaldexubers","rating":0,"private":0,"password":""}