{"id":"gen9nationaldexubers-1996569450","p1":"Soyeon is a cutie","p2":"Szymszym134","format":"[Gen 9] National Dex Ubers","log":"|j|\u2606Soyeon is a cutie\n|j|\u2606Szymszym134\n|t:|1700695413\n|gametype|singles\n|player|p1|Soyeon is a cutie|idol|1840\n|player|p2|Szymszym134|elesa|1718\n|teamsize|p1|6\n|teamsize|p2|6\n|gen|9\n|tier|[Gen 9] National Dex Ubers\n|rated|\n|rule|HP Percentage Mod: HP is shown in percentages\n|rule|Endless Battle Clause: Forcing endless battles is banned\n|rule|OHKO Clause: OHKO moves are banned\n|rule|Evasion Moves Clause: Evasion moves are banned\n|rule|Evasion Items Clause: Evasion items are banned\n|rule|Species Clause: Limit one of each Pok\u00e9mon\n|rule|Sleep Clause Mod: Limit one foe put to sleep\n|rule|Mega Rayquaza Clause: You cannot mega evolve Rayquaza\n|clearpoke\n|poke|p1|Groudon|\n|poke|p1|Arceus-Water|\n|poke|p1|Ditto|\n|poke|p1|Necrozma-Dusk-Mane|\n|poke|p1|Magearna|\n|poke|p1|Yveltal|\n|poke|p2|Mewtwo|\n|poke|p2|Kingambit, F|\n|poke|p2|Garganacl, F|\n|poke|p2|Arceus-Ground|\n|poke|p2|Ditto|\n|poke|p2|Kyurem-Black|\n|teampreview\n|inactive|Battle timer is ON: inactive players will automatically lose when time's up. (requested by Szymszym134)\n|inactive|Soyeon is a cutie also wants the timer to be on.\n|j| Olie4\n|l| Olie4\n|\n|t:|1700695427\n|start\n|switch|p1a: Arceus|Arceus-Water|100\/100\n|switch|p2a: Arceus|Arceus-Ground|100\/100\n|turn|1\n|\n|t:|1700695437\n|switch|p2a: Kyurem|Kyurem-Black|100\/100\n|-ability|p2a: Kyurem|Teravolt\n|move|p1a: Arceus|Toxic|p2a: Kyurem\n|-status|p2a: Kyurem|tox\n|\n|-damage|p2a: Kyurem|94\/100 tox|[from] psn\n|upkeep\n|turn|2\n|\n|t:|1700695444\n|move|p1a: Arceus|Taunt|p2a: Kyurem\n|-start|p2a: Kyurem|move: Taunt\n|cant|p2a: Kyurem|move: Taunt|Dragon Dance\n|\n|-damage|p2a: Kyurem|82\/100 tox|[from] psn\n|upkeep\n|turn|3\n|\n|t:|1700695452\n|switch|p1a: Groudon|Groudon|100\/100\n|detailschange|p1a: Groudon|Groudon-Primal\n|-primal|p1a: Groudon|Red Orb\n|-weather|DesolateLand|[from] ability: Desolate Land|[of] p1a: Groudon\n|switch|p2a: Kingambit|Kingambit, F|100\/100\n|\n|-weather|DesolateLand|[upkeep]\n|upkeep\n|turn|4\n|\n|t:|1700695457\n|-end|p2a: Kingambit|fallenundefined|[silent]\n|switch|p2a: Arceus|Arceus-Ground|100\/100\n|move|p1a: Groudon|Heat Crash|p2a: Arceus\n|-damage|p2a: Arceus|50\/100\n|\n|-weather|DesolateLand|[upkeep]\n|upkeep\n|turn|5\n|\n|t:|1700695463\n|-weather|none\n|switch|p1a: Arceus|Arceus-Water|100\/100\n|move|p2a: Arceus|Recover|p2a: Arceus\n|-heal|p2a: Arceus|99\/100\n|\n|upkeep\n|turn|6\n|\n|t:|1700695469\n|move|p1a: Arceus|Taunt|p2a: Arceus\n|-start|p2a: Arceus|move: Taunt\n|cant|p2a: Arceus|move: Taunt|Toxic\n|\n|upkeep\n|turn|7\n|\n|t:|1700695473\n|switch|p2a: Mewtwo|Mewtwo|100\/100\n|-ability|p2a: Mewtwo|Unnerve\n|move|p1a: Arceus|Judgment|p2a: Mewtwo\n|-damage|p2a: Mewtwo|48\/100\n|\n|upkeep\n|turn|8\n|\n|t:|1700695482\n|detailschange|p2a: Mewtwo|Mewtwo-Mega-Y\n|-mega|p2a: Mewtwo|Mewtwo|Mewtwonite Y\n|move|p2a: Mewtwo|Psystrike|p1a: Arceus\n|-damage|p1a: Arceus|51\/100\n|move|p1a: Arceus|Judgment|p2a: Mewtwo\n|-damage|p2a: Mewtwo|9\/100\n|\n|upkeep\n|turn|9\n|\n|t:|1700695491\n|switch|p1a: Necrozma|Necrozma-Dusk-Mane|100\/100\n|move|p2a: Mewtwo|Psystrike|p1a: Necrozma\n|-resisted|p1a: Necrozma\n|-damage|p1a: Necrozma|85\/100\n|\n|upkeep\n|turn|10\n|\n|t:|1700695497\n|switch|p2a: Kingambit|Kingambit, F|100\/100\n|detailschange|p1a: Necrozma|Necrozma-Ultra\n|-burst|p1a: Necrozma|Necrozma|Ultranecrozium Z\n|move|p1a: Necrozma|Earth Power|p2a: Kingambit\n|-supereffective|p2a: Kingambit\n|-damage|p2a: Kingambit|10\/100\n|\n|upkeep\n|turn|11\n|\n|t:|1700695506\n|switch|p1a: Yveltal|Yveltal, shiny|100\/100\n|-ability|p1a: Yveltal|Dark Aura\n|move|p2a: Kingambit|Knock Off|p1a: Yveltal\n|-resisted|p1a: Yveltal\n|-damage|p1a: Yveltal|73\/100\n|-enditem|p1a: Yveltal|Heavy-Duty Boots|[from] move: Knock Off|[of] p2a: Kingambit\n|\n|upkeep\n|turn|12\n|\n|t:|1700695510\n|-end|p2a: Kingambit|fallenundefined|[silent]\n|switch|p2a: Arceus|Arceus-Ground|99\/100\n|move|p1a: Yveltal|U-turn|p2a: Arceus\n|-damage|p2a: Arceus|89\/100\n|\n|t:|1700695513\n|switch|p1a: Arceus|Arceus-Water|51\/100|[from] U-turn\n|\n|upkeep\n|turn|13\n|\n|t:|1700695517\n|switch|p2a: Garganacl|Garganacl, F|100\/100\n|move|p1a: Arceus|Toxic|p2a: Garganacl\n|-immune|p2a: Garganacl|[from] ability: Purifying Salt\n|\n|upkeep\n|turn|14\n|\n|t:|1700695522\n|move|p1a: Arceus|Judgment|p2a: Garganacl\n|-supereffective|p2a: Garganacl\n|-damage|p2a: Garganacl|19\/100\n|move|p2a: Garganacl|Salt Cure|p1a: Arceus\n|-damage|p1a: Arceus|42\/100\n|-start|p1a: Arceus|Salt Cure\n|\n|-heal|p2a: Garganacl|25\/100|[from] item: Leftovers\n|-damage|p1a: Arceus|17\/100|[from] Salt Cure\n|upkeep\n|turn|15\n|\n|t:|1700695530\n|move|p1a: Arceus|Recover|p1a: Arceus\n|-heal|p1a: Arceus|67\/100\n|move|p2a: Garganacl|Recover|p2a: Garganacl\n|-heal|p2a: Garganacl|75\/100\n|\n|-heal|p2a: Garganacl|81\/100|[from] item: Leftovers\n|-damage|p1a: Arceus|42\/100|[from] Salt Cure\n|upkeep\n|turn|16\n|\n|t:|1700695536\n|move|p2a: Garganacl|Protect|p2a: Garganacl\n|-singleturn|p2a: Garganacl|Protect\n|move|p1a: Arceus|Taunt|p2a: Garganacl\n|-activate|p2a: Garganacl|move: Protect\n|\n|-heal|p2a: Garganacl|87\/100|[from] item: Leftovers\n|-damage|p1a: Arceus|17\/100|[from] Salt Cure\n|upkeep\n|turn|17\n|\n|t:|1700695550\n|move|p1a: Arceus|Recover|p1a: Arceus\n|-heal|p1a: Arceus|67\/100\n|move|p2a: Garganacl|Stealth Rock|p1a: Arceus\n|-sidestart|p1: Soyeon is a cutie|move: Stealth Rock\n|\n|-heal|p2a: Garganacl|94\/100|[from] item: Leftovers\n|-damage|p1a: Arceus|42\/100|[from] Salt Cure\n|upkeep\n|turn|18\n|\n|t:|1700695556\n|move|p2a: Garganacl|Protect|p2a: Garganacl\n|-singleturn|p2a: Garganacl|Protect\n|move|p1a: Arceus|Recover|p1a: Arceus\n|-heal|p1a: Arceus|92\/100\n|\n|-heal|p2a: Garganacl|99\/100|[from] item: Leftovers\n|-damage|p1a: Arceus|67\/100|[from] Salt Cure\n|upkeep\n|turn|19\n|\n|t:|1700695562\n|switch|p1a: Necrozma|Necrozma-Ultra|85\/100\n|-damage|p1a: Necrozma|73\/100|[from] Stealth Rock\n|move|p2a: Garganacl|Salt Cure|p1a: Necrozma\n|-damage|p1a: Necrozma|58\/100\n|-start|p1a: Necrozma|Salt Cure\n|\n|-heal|p2a: Garganacl|100\/100|[from] item: Leftovers\n|-damage|p1a: Necrozma|45\/100|[from] Salt Cure\n|upkeep\n|turn|20\n|\n|t:|1700695577\n|-terastallize|p2a: Garganacl|Flying\n|move|p1a: Necrozma|Stealth Rock|p2a: Garganacl\n|-sidestart|p2: Szymszym134|move: Stealth Rock\n|move|p2a: Garganacl|Salt Cure|p1a: Necrozma\n|-damage|p1a: Necrozma|30\/100\n|\n|-damage|p1a: Necrozma|17\/100|[from] Salt Cure\n|upkeep\n|turn|21\n|\n|t:|1700695584\n|move|p2a: Garganacl|Protect|p2a: Garganacl\n|-singleturn|p2a: Garganacl|Protect\n|-zpower|p1a: Necrozma\n|move|p1a: Necrozma|Light That Burns the Sky|p2a: Garganacl|[zeffect]\n|-zbroken|p2a: Garganacl\n|-damage|p2a: Garganacl|73\/100\n|\n|-heal|p2a: Garganacl|79\/100|[from] item: Leftovers\n|-damage|p1a: Necrozma|5\/100|[from] Salt Cure\n|upkeep\n|turn|22\n|\n|t:|1700695596\n|move|p1a: Necrozma|Photon Geyser|p2a: Garganacl\n|-damage|p2a: Garganacl|24\/100\n|move|p2a: Garganacl|Recover|p2a: Garganacl\n|-heal|p2a: Garganacl|74\/100\n|\n|-heal|p2a: Garganacl|80\/100|[from] item: Leftovers\n|-damage|p1a: Necrozma|0 fnt|[from] Salt Cure\n|faint|p1a: Necrozma\n|upkeep\n|\n|t:|1700695607\n|switch|p1a: Ditto|Ditto, shiny|100\/100\n|-damage|p1a: Ditto|88\/100|[from] Stealth Rock\n|-transform|p1a: Ditto|p2a: Garganacl|[from] ability: Imposter\n|-start|p1a: Ditto|typechange|Rock|[silent]\n|turn|23\n|\n|t:|1700695612\n|move|p2a: Garganacl|Protect|p2a: Garganacl\n|-singleturn|p2a: Garganacl|Protect\n|move|p1a: Ditto|Salt Cure|p2a: Garganacl\n|-activate|p2a: Garganacl|move: Protect\n|\n|-heal|p2a: Garganacl|86\/100|[from] item: Leftovers\n|upkeep\n|turn|24\n|\n|t:|1700695622\n|switch|p2a: Arceus|Arceus-Ground|89\/100\n|-damage|p2a: Arceus|83\/100|[from] Stealth Rock\n|move|p1a: Ditto|Salt Cure|p2a: Arceus\n|-resisted|p2a: Arceus\n|-damage|p2a: Arceus|80\/100\n|-start|p2a: Arceus|Salt Cure\n|\n|-damage|p2a: Arceus|68\/100|[from] Salt Cure\n|upkeep\n|turn|25\n|\n|t:|1700695628\n|switch|p1a: Yveltal|Yveltal, shiny|73\/100\n|-damage|p1a: Yveltal|48\/100|[from] Stealth Rock\n|-ability|p1a: Yveltal|Dark Aura\n|move|p2a: Arceus|Toxic|p1a: Yveltal|[miss]\n|-miss|p2a: Arceus|p1a: Yveltal\n|\n|-damage|p2a: Arceus|55\/100|[from] Salt Cure\n|upkeep\n|turn|26\n|\n|t:|1700695636\n|move|p2a: Arceus|Toxic|p1a: Yveltal\n|-status|p1a: Yveltal|tox\n|move|p1a: Yveltal|Toxic|p2a: Arceus\n|-status|p2a: Arceus|tox\n|\n|-damage|p2a: Arceus|49\/100 tox|[from] psn\n|-damage|p1a: Yveltal|42\/100 tox|[from] psn\n|-damage|p2a: Arceus|37\/100 tox|[from] Salt Cure\n|upkeep\n|turn|27\n|\n|t:|1700695639\n|move|p2a: Arceus|Recover|p2a: Arceus\n|-heal|p2a: Arceus|87\/100 tox\n|move|p1a: Yveltal|Roost|p1a: Yveltal\n|-heal|p1a: Yveltal|92\/100 tox\n|-singleturn|p1a: Yveltal|move: Roost\n|\n|-damage|p2a: Arceus|75\/100 tox|[from] psn\n|-damage|p1a: Yveltal|79\/100 tox|[from] psn\n|-damage|p2a: Arceus|62\/100 tox|[from] Salt Cure\n|upkeep\n|turn|28\n|\n|t:|1700695645\n|switch|p2a: Garganacl|Garganacl, F, tera:Flying|86\/100\n|-damage|p2a: Garganacl|61\/100|[from] Stealth Rock\n|move|p1a: Yveltal|U-turn|p2a: Garganacl\n|-resisted|p2a: Garganacl\n|-damage|p2a: Garganacl|56\/100\n|\n|t:|1700695651\n|switch|p1a: Ditto|Ditto, shiny|88\/100|[from] U-turn\n|-damage|p1a: Ditto|76\/100|[from] Stealth Rock\n|-transform|p1a: Ditto|p2a: Garganacl|[from] ability: Imposter\n|\n|-heal|p2a: Garganacl|62\/100|[from] item: Leftovers\n|upkeep\n|turn|29\n|\n|t:|1700695662\n|move|p1a: Ditto|Salt Cure|p2a: Garganacl\n|-supereffective|p2a: Garganacl\n|-damage|p2a: Garganacl|45\/100\n|-start|p2a: Garganacl|Salt Cure\n|move|p2a: Garganacl|Salt Cure|p1a: Ditto\n|-damage|p1a: Ditto|65\/100\n|-start|p1a: Ditto|Salt Cure\n|\n|-heal|p2a: Garganacl|51\/100|[from] item: Leftovers\n|-damage|p1a: Ditto|53\/100|[from] Salt Cure\n|-damage|p2a: Garganacl|39\/100|[from] Salt Cure\n|upkeep\n|turn|30\n|\n|t:|1700695668\n|switch|p1a: Magearna|Magearna|100\/100\n|-damage|p1a: Magearna|94\/100|[from] Stealth Rock\n|move|p2a: Garganacl|Recover|p2a: Garganacl\n|-heal|p2a: Garganacl|89\/100\n|\n|-heal|p2a: Garganacl|95\/100|[from] item: Leftovers\n|-damage|p2a: Garganacl|83\/100|[from] Salt Cure\n|upkeep\n|turn|31\n|\n|t:|1700695671\n|move|p1a: Magearna|Heal Bell|p1a: Magearna\n|-activate|p1a: Magearna|move: Heal Bell\n|-curestatus|p1: Yveltal|tox|[msg]\n|move|p2a: Garganacl|Salt Cure|p1a: Magearna\n|-resisted|p1a: Magearna\n|-damage|p1a: Magearna|88\/100\n|-start|p1a: Magearna|Salt Cure\n|\n|-heal|p2a: Garganacl|89\/100|[from] item: Leftovers\n|-damage|p1a: Magearna|63\/100|[from] Salt Cure\n|-damage|p2a: Garganacl|76\/100|[from] Salt Cure\n|upkeep\n|turn|32\n|\n|t:|1700695674\n|switch|p1a: Ditto|Ditto, shiny|53\/100\n|-damage|p1a: Ditto|41\/100|[from] Stealth Rock\n|-transform|p1a: Ditto|p2a: Garganacl|[from] ability: Imposter\n|move|p2a: Garganacl|Protect||[still]\n|-fail|p2a: Garganacl\n|\n|-heal|p2a: Garganacl|83\/100|[from] item: Leftovers\n|-damage|p2a: Garganacl|70\/100|[from] Salt Cure\n|upkeep\n|turn|33\n|\n|t:|1700695682\n|switch|p2a: Arceus|Arceus-Ground|62\/100 tox\n|-damage|p2a: Arceus|56\/100 tox|[from] Stealth Rock\n|move|p1a: Ditto|Recover|p1a: Ditto\n|-heal|p1a: Ditto|91\/100\n|\n|-damage|p2a: Arceus|50\/100 tox|[from] psn\n|upkeep\n|turn|34\n|\n|t:|1700695686\n|switch|p1a: Arceus|Arceus-Water|67\/100\n|-damage|p1a: Arceus|55\/100|[from] Stealth Rock\n|move|p2a: Arceus|Recover|p2a: Arceus\n|-heal|p2a: Arceus|99\/100 tox\n|\n|-damage|p2a: Arceus|88\/100 tox|[from] psn\n|upkeep\n|turn|35\n|\n|t:|1700695691\n|switch|p2a: Kyurem|Kyurem-Black|82\/100 tox\n|-damage|p2a: Kyurem|57\/100 tox|[from] Stealth Rock\n|-ability|p2a: Kyurem|Teravolt\n|move|p1a: Arceus|Taunt|p2a: Kyurem\n|-start|p2a: Kyurem|move: Taunt\n|\n|-damage|p2a: Kyurem|51\/100 tox|[from] psn\n|upkeep\n|turn|36\n|\n|t:|1700695696\n|switch|p1a: Groudon|Groudon-Primal|100\/100\n|-damage|p1a: Groudon|88\/100|[from] Stealth Rock\n|-weather|DesolateLand|[from] ability: Desolate Land|[of] p1a: Groudon\n|move|p2a: Kyurem|Fusion Bolt|p1a: Groudon\n|-immune|p1a: Groudon\n|\n|-weather|DesolateLand|[upkeep]\n|-damage|p2a: Kyurem|39\/100 tox|[from] psn\n|upkeep\n|turn|37\n|\n|t:|1700695701\n|switch|p2a: Arceus|Arceus-Ground|88\/100 tox\n|-damage|p2a: Arceus|82\/100 tox|[from] Stealth Rock\n|move|p1a: Groudon|Heat Crash|p2a: Arceus\n|-damage|p2a: Arceus|30\/100 tox\n|\n|-weather|DesolateLand|[upkeep]\n|-damage|p2a: Arceus|24\/100 tox|[from] psn\n|upkeep\n|turn|38\n|\n|t:|1700695705\n|move|p2a: Arceus|Judgment|p1a: Groudon\n|-supereffective|p1a: Groudon\n|-damage|p1a: Groudon|0 fnt\n|faint|p1a: Groudon\n|-weather|none\n|\n|-damage|p2a: Arceus|12\/100 tox|[from] psn\n|upkeep\n|\n|t:|1700695707\n|switch|p1a: Arceus|Arceus-Water|55\/100\n|-damage|p1a: Arceus|42\/100|[from] Stealth Rock\n|turn|39\n|\n|t:|1700695710\n|move|p1a: Arceus|Judgment|p2a: Arceus\n|-supereffective|p2a: Arceus\n|-damage|p2a: Arceus|0 fnt\n|faint|p2a: Arceus\n|\n|upkeep\n|\n|t:|1700695713\n|switch|p2a: Garganacl|Garganacl, F, tera:Flying|70\/100\n|-damage|p2a: Garganacl|45\/100|[from] Stealth Rock\n|turn|40\n|\n|t:|1700695718\n|-terastallize|p1a: Arceus|Ground\n|move|p1a: Arceus|Judgment|p2a: Garganacl\n|-damage|p2a: Garganacl|7\/100\n|move|p2a: Garganacl|Salt Cure|p1a: Arceus\n|-resisted|p1a: Arceus\n|-damage|p1a: Arceus|38\/100\n|-start|p1a: Arceus|Salt Cure\n|\n|-heal|p2a: Garganacl|14\/100|[from] item: Leftovers\n|-damage|p1a: Arceus|25\/100|[from] Salt Cure\n|upkeep\n|turn|41\n|\n|t:|1700695726\n|move|p1a: Arceus|Judgment|p2a: Garganacl\n|-damage|p2a: Garganacl|0 fnt\n|faint|p2a: Garganacl\n|\n|-damage|p1a: Arceus|13\/100|[from] Salt Cure\n|upkeep\n|\n|t:|1700695735\n|switch|p2a: Ditto|Ditto|100\/100\n|-damage|p2a: Ditto|88\/100|[from] Stealth Rock\n|-transform|p2a: Ditto|p1a: Arceus|[from] ability: Imposter\n|-start|p2a: Ditto|typechange|Water|[silent]\n|turn|42\n|\n|t:|1700695739\n|switch|p1a: Magearna|Magearna|63\/100\n|-damage|p1a: Magearna|57\/100|[from] Stealth Rock\n|move|p2a: Ditto|Judgment|p1a: Magearna\n|-resisted|p1a: Magearna\n|-damage|p1a: Magearna|49\/100\n|\n|upkeep\n|turn|43\n|\n|t:|1700695748\n|switch|p2a: Mewtwo|Mewtwo-Mega-Y|9\/100\n|-damage|p2a: Mewtwo|0 fnt|[from] Stealth Rock\n|faint|p2a: Mewtwo\n|-ability|p1a: Magearna|Soul-Heart|boost\n|-boost|p1a: Magearna|spa|1\n|move|p1a: Magearna|Fleur Cannon|p2: Mewtwo|[notarget]\n|-fail|p1a: Magearna\n|\n|upkeep\n|\n|t:|1700695751\n|switch|p2a: Ditto|Ditto|88\/100\n|-damage|p2a: Ditto|76\/100|[from] Stealth Rock\n|-transform|p2a: Ditto|p1a: Magearna|[from] ability: Imposter\n|turn|44\n|\n|t:|1700695756\n|move|p2a: Ditto|Heal Bell|p2a: Ditto\n|-activate|p2a: Ditto|move: Heal Bell\n|-curestatus|p2: Kyurem|tox|[msg]\n|move|p1a: Magearna|Fleur Cannon|p2a: Ditto\n|-resisted|p2a: Ditto\n|-damage|p2a: Ditto|43\/100\n|-unboost|p1a: Magearna|spa|2\n|\n|upkeep\n|turn|45\n|\n|t:|1700695763\n|move|p2a: Ditto|Heal Bell||[still]\n|-activate|p2a: Ditto|move: Heal Bell\n|-fail|p2a: Ditto\n|move|p1a: Magearna|Fleur Cannon|p2a: Ditto\n|-resisted|p2a: Ditto\n|-damage|p2a: Ditto|29\/100\n|-unboost|p1a: Magearna|spa|2\n|\n|upkeep\n|turn|46\n|\n|t:|1700695766\n|move|p2a: Ditto|Heal Bell||[still]\n|-activate|p2a: Ditto|move: Heal Bell\n|-fail|p2a: Ditto\n|move|p1a: Magearna|Heart Swap|p2a: Ditto\n|-swapboost|p1a: Magearna|p2a: Ditto|[from] move: Heart Swap\n|\n|upkeep\n|turn|47\n|\n|t:|1700695770\n|switch|p1a: Arceus|Arceus-Water, tera:Ground|13\/100\n|-damage|p1a: Arceus|7\/100|[from] Stealth Rock\n|move|p2a: Ditto|Heal Bell||[still]\n|-activate|p2a: Ditto|move: Heal Bell\n|-fail|p2a: Ditto\n|\n|upkeep\n|turn|48\n|\n|t:|1700695775\n|switch|p2a: Kyurem|Kyurem-Black|39\/100\n|-damage|p2a: Kyurem|14\/100|[from] Stealth Rock\n|-ability|p2a: Kyurem|Teravolt\n|move|p1a: Arceus|Recover|p1a: Arceus\n|-heal|p1a: Arceus|57\/100\n|\n|upkeep\n|turn|49\n|\n|t:|1700695777\n|move|p1a: Arceus|Judgment|p2a: Kyurem\n|-resisted|p2a: Kyurem\n|-damage|p2a: Kyurem|0 fnt\n|faint|p2a: Kyurem\n|\n|upkeep\n|-message|Szymszym134 forfeited.\n|\n|win|Soyeon is a cutie\n|raw|Soyeon is a cutie's rating: 1840 &rarr; <strong>1853<\/strong><br \/>(+13 for winning)\n|raw|Szymszym134's rating: 1718 &rarr; <strong>1705<\/strong><br \/>(-13 for losing)\n|l|\u2606Szymszym134\n","uploadtime":1700695787,"views":1,"p1id":"soyeonisacutie","p2id":"szymszym134","formatid":"gen9nationaldexubers","rating":1705,"private":0,"password":""}