{"id":"gen9nationaldexubers-1986005366","p1":"yung mart","p2":"Unown2007","format":"[Gen 9] National Dex Ubers","log":"|j|\u2606yung mart\n|j|\u2606Unown2007\n|t:|1699437391\n|gametype|singles\n|player|p1|yung mart|koga-lgpe|1075\n|player|p2|Unown2007|266|1155\n|teamsize|p1|6\n|teamsize|p2|6\n|gen|9\n|tier|[Gen 9] National Dex Ubers\n|rated|\n|rule|HP Percentage Mod: HP is shown in percentages\n|rule|Endless Battle Clause: Forcing endless battles is banned\n|rule|OHKO Clause: OHKO moves are banned\n|rule|Evasion Moves Clause: Evasion moves are banned\n|rule|Evasion Items Clause: Evasion items are banned\n|rule|Species Clause: Limit one of each Pok\u00e9mon\n|rule|Sleep Clause Mod: Limit one foe put to sleep\n|rule|Mega Rayquaza Clause: You cannot mega evolve Rayquaza\n|clearpoke\n|poke|p1|Lopunny, F|\n|poke|p1|Typhlosion-Hisui, F|\n|poke|p1|Torkoal, M|\n|poke|p1|Zacian-*|\n|poke|p1|Rotom-Wash|\n|poke|p1|Venusaur, F|\n|poke|p2|Necrozma-Dusk-Mane|\n|poke|p2|Yveltal|\n|poke|p2|Zacian-*|\n|poke|p2|Kyogre|\n|poke|p2|Eternatus|\n|poke|p2|Porygon2|\n|teampreview\n|inactive|Battle timer is ON: inactive players will automatically lose when time's up. (requested by Unown2007)\n|\n|t:|1699437415\n|start\n|switch|p1a: Torkoal|Torkoal, M|100\/100\n|switch|p2a: \u30e0\u30b2\u30f3\u30c0\u30a4\u30ca|Eternatus|100\/100\n|-ability|p2a: \u30e0\u30b2\u30f3\u30c0\u30a4\u30ca|Pressure\n|-weather|SunnyDay|[from] ability: Drought|[of] p1a: Torkoal\n|turn|1\n|\n|t:|1699437423\n|switch|p1a: Venusaur|Venusaur, F|100\/100\n|move|p2a: \u30e0\u30b2\u30f3\u30c0\u30a4\u30ca|Cosmic Power|p2a: \u30e0\u30b2\u30f3\u30c0\u30a4\u30ca\n|-boost|p2a: \u30e0\u30b2\u30f3\u30c0\u30a4\u30ca|def|1\n|-boost|p2a: \u30e0\u30b2\u30f3\u30c0\u30a4\u30ca|spd|1\n|\n|-weather|SunnyDay|[upkeep]\n|upkeep\n|turn|2\n|\n|t:|1699437435\n|detailschange|p1a: Venusaur|Venusaur-Mega, F\n|-mega|p1a: Venusaur|Venusaur|Venusaurite\n|move|p2a: \u30e0\u30b2\u30f3\u30c0\u30a4\u30ca|Cosmic Power|p2a: \u30e0\u30b2\u30f3\u30c0\u30a4\u30ca\n|-boost|p2a: \u30e0\u30b2\u30f3\u30c0\u30a4\u30ca|def|1\n|-boost|p2a: \u30e0\u30b2\u30f3\u30c0\u30a4\u30ca|spd|1\n|move|p1a: Venusaur|Substitute|p1a: Venusaur\n|-start|p1a: Venusaur|Substitute\n|-damage|p1a: Venusaur|76\/100\n|\n|-weather|SunnyDay|[upkeep]\n|upkeep\n|turn|3\n|\n|t:|1699437444\n|move|p2a: \u30e0\u30b2\u30f3\u30c0\u30a4\u30ca|Flamethrower|p1a: Venusaur\n|-supereffective|p1a: Venusaur\n|-end|p1a: Venusaur|Substitute\n|move|p1a: Venusaur|Sleep Powder|p2a: \u30e0\u30b2\u30f3\u30c0\u30a4\u30ca\n|-status|p2a: \u30e0\u30b2\u30f3\u30c0\u30a4\u30ca|slp|[from] move: Sleep Powder\n|\n|-weather|SunnyDay|[upkeep]\n|upkeep\n|turn|4\n|\n|t:|1699437453\n|cant|p2a: \u30e0\u30b2\u30f3\u30c0\u30a4\u30ca|slp\n|move|p1a: Venusaur|Leech Seed|p2a: \u30e0\u30b2\u30f3\u30c0\u30a4\u30ca\n|-start|p2a: \u30e0\u30b2\u30f3\u30c0\u30a4\u30ca|move: Leech Seed\n|\n|-weather|SunnyDay|[upkeep]\n|-damage|p2a: \u30e0\u30b2\u30f3\u30c0\u30a4\u30ca|88\/100 slp|[from] Leech Seed|[of] p1a: Venusaur\n|-heal|p1a: Venusaur|92\/100|[silent]\n|upkeep\n|turn|5\n|\n|t:|1699437460\n|cant|p2a: \u30e0\u30b2\u30f3\u30c0\u30a4\u30ca|slp\n|move|p1a: Venusaur|Substitute|p1a: Venusaur\n|-start|p1a: Venusaur|Substitute\n|-damage|p1a: Venusaur|67\/100\n|\n|-weather|none\n|-heal|p2a: \u30e0\u30b2\u30f3\u30c0\u30a4\u30ca|94\/100 slp|[from] item: Black Sludge\n|-damage|p2a: \u30e0\u30b2\u30f3\u30c0\u30a4\u30ca|82\/100 slp|[from] Leech Seed|[of] p1a: Venusaur\n|-heal|p1a: Venusaur|83\/100|[silent]\n|upkeep\n|turn|6\n|\n|t:|1699437473\n|cant|p2a: \u30e0\u30b2\u30f3\u30c0\u30a4\u30ca|slp\n|move|p1a: Venusaur|Substitute|p1a: Venusaur\n|-fail|p1a: Venusaur|move: Substitute\n|\n|-heal|p2a: \u30e0\u30b2\u30f3\u30c0\u30a4\u30ca|88\/100 slp|[from] item: Black Sludge\n|-damage|p2a: \u30e0\u30b2\u30f3\u30c0\u30a4\u30ca|75\/100 slp|[from] Leech Seed|[of] p1a: Venusaur\n|-heal|p1a: Venusaur|99\/100|[silent]\n|upkeep\n|turn|7\n|\n|t:|1699437480\n|-curestatus|p2a: \u30e0\u30b2\u30f3\u30c0\u30a4\u30ca|slp|[msg]\n|move|p2a: \u30e0\u30b2\u30f3\u30c0\u30a4\u30ca|Flamethrower|p1a: Venusaur\n|-supereffective|p1a: Venusaur\n|-activate|p1a: Venusaur|move: Substitute|[damage]\n|move|p1a: Venusaur|Leaf Storm|p2a: \u30e0\u30b2\u30f3\u30c0\u30a4\u30ca\n|-resisted|p2a: \u30e0\u30b2\u30f3\u30c0\u30a4\u30ca\n|-damage|p2a: \u30e0\u30b2\u30f3\u30c0\u30a4\u30ca|71\/100\n|-unboost|p1a: Venusaur|spa|2\n|\n|-heal|p2a: \u30e0\u30b2\u30f3\u30c0\u30a4\u30ca|77\/100|[from] item: Black Sludge\n|-damage|p2a: \u30e0\u30b2\u30f3\u30c0\u30a4\u30ca|65\/100|[from] Leech Seed|[of] p1a: Venusaur\n|-heal|p1a: Venusaur|100\/100|[silent]\n|upkeep\n|turn|8\n|\n|t:|1699437494\n|move|p2a: \u30e0\u30b2\u30f3\u30c0\u30a4\u30ca|Flamethrower|p1a: Venusaur\n|-supereffective|p1a: Venusaur\n|-end|p1a: Venusaur|Substitute\n|move|p1a: Venusaur|Substitute|p1a: Venusaur\n|-start|p1a: Venusaur|Substitute\n|-damage|p1a: Venusaur|76\/100\n|\n|-heal|p2a: \u30e0\u30b2\u30f3\u30c0\u30a4\u30ca|71\/100|[from] item: Black Sludge\n|-damage|p2a: \u30e0\u30b2\u30f3\u30c0\u30a4\u30ca|59\/100|[from] Leech Seed|[of] p1a: Venusaur\n|-heal|p1a: Venusaur|92\/100|[silent]\n|upkeep\n|turn|9\n|\n|t:|1699437505\n|move|p2a: \u30e0\u30b2\u30f3\u30c0\u30a4\u30ca|Flamethrower|p1a: Venusaur\n|-supereffective|p1a: Venusaur\n|-activate|p1a: Venusaur|move: Substitute|[damage]\n|move|p1a: Venusaur|Sleep Powder|p2a: \u30e0\u30b2\u30f3\u30c0\u30a4\u30ca\n|-status|p2a: \u30e0\u30b2\u30f3\u30c0\u30a4\u30ca|slp|[from] move: Sleep Powder\n|\n|-heal|p2a: \u30e0\u30b2\u30f3\u30c0\u30a4\u30ca|65\/100 slp|[from] item: Black Sludge\n|-damage|p2a: \u30e0\u30b2\u30f3\u30c0\u30a4\u30ca|52\/100 slp|[from] Leech Seed|[of] p1a: Venusaur\n|-heal|p1a: Venusaur|100\/100|[silent]\n|upkeep\n|turn|10\n|\n|t:|1699437519\n|cant|p2a: \u30e0\u30b2\u30f3\u30c0\u30a4\u30ca|slp\n|move|p1a: Venusaur|Leech Seed||[still]\n|-fail|p1a: Venusaur\n|\n|-heal|p2a: \u30e0\u30b2\u30f3\u30c0\u30a4\u30ca|58\/100 slp|[from] item: Black Sludge\n|-damage|p2a: \u30e0\u30b2\u30f3\u30c0\u30a4\u30ca|46\/100 slp|[from] Leech Seed|[of] p1a: Venusaur\n|upkeep\n|turn|11\n|\n|t:|1699437526\n|cant|p2a: \u30e0\u30b2\u30f3\u30c0\u30a4\u30ca|slp\n|move|p1a: Venusaur|Leech Seed||[still]\n|-fail|p1a: Venusaur\n|\n|-heal|p2a: \u30e0\u30b2\u30f3\u30c0\u30a4\u30ca|52\/100 slp|[from] item: Black Sludge\n|-damage|p2a: \u30e0\u30b2\u30f3\u30c0\u30a4\u30ca|40\/100 slp|[from] Leech Seed|[of] p1a: Venusaur\n|upkeep\n|turn|12\n|\n|t:|1699437535\n|-curestatus|p2a: \u30e0\u30b2\u30f3\u30c0\u30a4\u30ca|slp|[msg]\n|move|p2a: \u30e0\u30b2\u30f3\u30c0\u30a4\u30ca|Recover|p2a: \u30e0\u30b2\u30f3\u30c0\u30a4\u30ca\n|-heal|p2a: \u30e0\u30b2\u30f3\u30c0\u30a4\u30ca|90\/100\n|move|p1a: Venusaur|Substitute|p1a: Venusaur\n|-fail|p1a: Venusaur|move: Substitute\n|\n|-heal|p2a: \u30e0\u30b2\u30f3\u30c0\u30a4\u30ca|96\/100|[from] item: Black Sludge\n|-damage|p2a: \u30e0\u30b2\u30f3\u30c0\u30a4\u30ca|83\/100|[from] Leech Seed|[of] p1a: Venusaur\n|upkeep\n|turn|13\n|\n|t:|1699437546\n|switch|p1a: Torkoal|Torkoal, M|100\/100\n|-weather|SunnyDay|[from] ability: Drought|[of] p1a: Torkoal\n|move|p2a: \u30e0\u30b2\u30f3\u30c0\u30a4\u30ca|Flamethrower|p1a: Torkoal\n|-resisted|p1a: Torkoal\n|-damage|p1a: Torkoal|80\/100\n|\n|-weather|SunnyDay|[upkeep]\n|-heal|p2a: \u30e0\u30b2\u30f3\u30c0\u30a4\u30ca|90\/100|[from] item: Black Sludge\n|-damage|p2a: \u30e0\u30b2\u30f3\u30c0\u30a4\u30ca|77\/100|[from] Leech Seed|[of] p1a: Torkoal\n|-heal|p1a: Torkoal|97\/100|[silent]\n|upkeep\n|turn|14\n|\n|t:|1699437559\n|move|p2a: \u30e0\u30b2\u30f3\u30c0\u30a4\u30ca|Dynamax Cannon|p1a: Torkoal\n|-damage|p1a: Torkoal|56\/100\n|move|p1a: Torkoal|Will-O-Wisp|p2a: \u30e0\u30b2\u30f3\u30c0\u30a4\u30ca\n|-status|p2a: \u30e0\u30b2\u30f3\u30c0\u30a4\u30ca|brn\n|\n|-weather|SunnyDay|[upkeep]\n|-heal|p2a: \u30e0\u30b2\u30f3\u30c0\u30a4\u30ca|83\/100 brn|[from] item: Black Sludge\n|-damage|p2a: \u30e0\u30b2\u30f3\u30c0\u30a4\u30ca|71\/100 brn|[from] Leech Seed|[of] p1a: Torkoal\n|-heal|p1a: Torkoal|74\/100|[silent]\n|-damage|p2a: \u30e0\u30b2\u30f3\u30c0\u30a4\u30ca|65\/100 brn|[from] brn\n|upkeep\n|turn|15\n|\n|t:|1699437578\n|switch|p1a: Zacian|Zacian-Crowned|100\/100\n|-ability|p1a: Zacian|Intrepid Sword|boost\n|-boost|p1a: Zacian|atk|1\n|move|p2a: \u30e0\u30b2\u30f3\u30c0\u30a4\u30ca|Cosmic Power|p2a: \u30e0\u30b2\u30f3\u30c0\u30a4\u30ca\n|-boost|p2a: \u30e0\u30b2\u30f3\u30c0\u30a4\u30ca|def|1\n|-boost|p2a: \u30e0\u30b2\u30f3\u30c0\u30a4\u30ca|spd|1\n|\n|-weather|SunnyDay|[upkeep]\n|-heal|p2a: \u30e0\u30b2\u30f3\u30c0\u30a4\u30ca|71\/100 brn|[from] item: Black Sludge\n|-damage|p2a: \u30e0\u30b2\u30f3\u30c0\u30a4\u30ca|58\/100 brn|[from] Leech Seed|[of] p1a: Zacian\n|-damage|p2a: \u30e0\u30b2\u30f3\u30c0\u30a4\u30ca|52\/100 brn|[from] brn\n|upkeep\n|turn|16\n|\n|t:|1699437590\n|move|p1a: Zacian|Psycho Cut|p2a: \u30e0\u30b2\u30f3\u30c0\u30a4\u30ca\n|-supereffective|p2a: \u30e0\u30b2\u30f3\u30c0\u30a4\u30ca\n|-damage|p2a: \u30e0\u30b2\u30f3\u30c0\u30a4\u30ca|28\/100 brn\n|move|p2a: \u30e0\u30b2\u30f3\u30c0\u30a4\u30ca|Recover|p2a: \u30e0\u30b2\u30f3\u30c0\u30a4\u30ca\n|-heal|p2a: \u30e0\u30b2\u30f3\u30c0\u30a4\u30ca|78\/100 brn\n|\n|-weather|SunnyDay|[upkeep]\n|-heal|p2a: \u30e0\u30b2\u30f3\u30c0\u30a4\u30ca|84\/100 brn|[from] item: Black Sludge\n|-damage|p2a: \u30e0\u30b2\u30f3\u30c0\u30a4\u30ca|72\/100 brn|[from] Leech Seed|[of] p1a: Zacian\n|-damage|p2a: \u30e0\u30b2\u30f3\u30c0\u30a4\u30ca|66\/100 brn|[from] brn\n|upkeep\n|turn|17\n|\n|t:|1699437608\n|-terastallize|p1a: Zacian|Fairy\n|move|p1a: Zacian|Swords Dance|p1a: Zacian\n|-boost|p1a: Zacian|atk|2\n|move|p2a: \u30e0\u30b2\u30f3\u30c0\u30a4\u30ca|Flamethrower|p1a: Zacian\n|-damage|p1a: Zacian|60\/100\n|\n|-weather|none\n|-heal|p2a: \u30e0\u30b2\u30f3\u30c0\u30a4\u30ca|72\/100 brn|[from] item: Black Sludge\n|-damage|p2a: \u30e0\u30b2\u30f3\u30c0\u30a4\u30ca|59\/100 brn|[from] Leech Seed|[of] p1a: Zacian\n|-heal|p1a: Zacian|78\/100|[silent]\n|-damage|p2a: \u30e0\u30b2\u30f3\u30c0\u30a4\u30ca|53\/100 brn|[from] brn\n|upkeep\n|turn|18\n|\n|t:|1699437624\n|move|p1a: Zacian|Play Rough|p2a: \u30e0\u30b2\u30f3\u30c0\u30a4\u30ca\n|-damage|p2a: \u30e0\u30b2\u30f3\u30c0\u30a4\u30ca|6\/100 brn\n|move|p2a: \u30e0\u30b2\u30f3\u30c0\u30a4\u30ca|Recover|p2a: \u30e0\u30b2\u30f3\u30c0\u30a4\u30ca\n|-heal|p2a: \u30e0\u30b2\u30f3\u30c0\u30a4\u30ca|56\/100 brn\n|\n|-heal|p2a: \u30e0\u30b2\u30f3\u30c0\u30a4\u30ca|62\/100 brn|[from] item: Black Sludge\n|-damage|p2a: \u30e0\u30b2\u30f3\u30c0\u30a4\u30ca|50\/100 brn|[from] Leech Seed|[of] p1a: Zacian\n|-heal|p1a: Zacian|96\/100|[silent]\n|-damage|p2a: \u30e0\u30b2\u30f3\u30c0\u30a4\u30ca|44\/100 brn|[from] brn\n|upkeep\n|turn|19\n|\n|t:|1699437635\n|move|p1a: Zacian|Swords Dance|p1a: Zacian\n|-boost|p1a: Zacian|atk|2\n|move|p2a: \u30e0\u30b2\u30f3\u30c0\u30a4\u30ca|Flamethrower|p1a: Zacian\n|-damage|p1a: Zacian|69\/100\n|\n|-heal|p2a: \u30e0\u30b2\u30f3\u30c0\u30a4\u30ca|50\/100 brn|[from] item: Black Sludge\n|-damage|p2a: \u30e0\u30b2\u30f3\u30c0\u30a4\u30ca|37\/100 brn|[from] Leech Seed|[of] p1a: Zacian\n|-heal|p1a: Zacian|87\/100|[silent]\n|-damage|p2a: \u30e0\u30b2\u30f3\u30c0\u30a4\u30ca|31\/100 brn|[from] brn\n|upkeep\n|turn|20\n|\n|t:|1699437654\n|switch|p2a: \u30b6\u30b7\u30a2\u30f3|Zacian-Crowned|100\/100\n|-ability|p2a: \u30b6\u30b7\u30a2\u30f3|Intrepid Sword|boost\n|-boost|p2a: \u30b6\u30b7\u30a2\u30f3|atk|1\n|move|p1a: Zacian|Psycho Cut|p2a: \u30b6\u30b7\u30a2\u30f3\n|-resisted|p2a: \u30b6\u30b7\u30a2\u30f3\n|-crit|p2a: \u30b6\u30b7\u30a2\u30f3\n|-damage|p2a: \u30b6\u30b7\u30a2\u30f3|40\/100\n|\n|upkeep\n|turn|21\n|\n|t:|1699437663\n|move|p1a: Zacian|Behemoth Blade|p2a: \u30b6\u30b7\u30a2\u30f3\n|-damage|p2a: \u30b6\u30b7\u30a2\u30f3|0 fnt\n|faint|p2a: \u30b6\u30b7\u30a2\u30f3\n|\n|upkeep\n|\n|t:|1699437672\n|switch|p2a: \u30a4\u30d9\u30eb\u30bf\u30eb|Yveltal|100\/100\n|-ability|p2a: \u30a4\u30d9\u30eb\u30bf\u30eb|Dark Aura\n|turn|22\n|\n|t:|1699437680\n|-terastallize|p2a: \u30a4\u30d9\u30eb\u30bf\u30eb|Dark\n|move|p2a: \u30a4\u30d9\u30eb\u30bf\u30eb|Sucker Punch|p1a: Zacian\n|-resisted|p1a: Zacian\n|-damage|p1a: Zacian|58\/100\n|-damage|p2a: \u30a4\u30d9\u30eb\u30bf\u30eb|91\/100|[from] item: Life Orb\n|move|p1a: Zacian|Play Rough|p2a: \u30a4\u30d9\u30eb\u30bf\u30eb\n|-supereffective|p2a: \u30a4\u30d9\u30eb\u30bf\u30eb\n|-damage|p2a: \u30a4\u30d9\u30eb\u30bf\u30eb|0 fnt\n|faint|p2a: \u30a4\u30d9\u30eb\u30bf\u30eb\n|\n|upkeep\n|\n|t:|1699437692\n|switch|p2a: \u30cd\u30af\u30ed\u30ba\u30de|Necrozma-Dusk-Mane, shiny|100\/100\n|turn|23\n|\n|t:|1699437698\n|detailschange|p2a: \u30cd\u30af\u30ed\u30ba\u30de|Necrozma-Ultra, shiny\n|-burst|p2a: \u30cd\u30af\u30ed\u30ba\u30de|Necrozma|Ultranecrozium Z\n|move|p1a: Zacian|Behemoth Blade|p2a: \u30cd\u30af\u30ed\u30ba\u30de\n|-damage|p2a: \u30cd\u30af\u30ed\u30ba\u30de|0 fnt\n|faint|p2a: \u30cd\u30af\u30ed\u30ba\u30de\n|\n|upkeep\n|\n|t:|1699437705\n|switch|p2a: \u30ab\u30a4\u30aa\u30fc\u30ac|Kyogre|100\/100\n|detailschange|p2a: \u30ab\u30a4\u30aa\u30fc\u30ac|Kyogre-Primal\n|-primal|p2a: \u30ab\u30a4\u30aa\u30fc\u30ac|Blue Orb\n|-weather|PrimordialSea|[from] ability: Primordial Sea|[of] p2a: \u30ab\u30a4\u30aa\u30fc\u30ac\n|turn|24\n|\n|t:|1699437714\n|move|p1a: Zacian|Play Rough|p2a: \u30ab\u30a4\u30aa\u30fc\u30ac\n|-damage|p2a: \u30ab\u30a4\u30aa\u30fc\u30ac|0 fnt\n|faint|p2a: \u30ab\u30a4\u30aa\u30fc\u30ac\n|-weather|none\n|\n|upkeep\n|\n|t:|1699437720\n|switch|p2a: \u30e0\u30b2\u30f3\u30c0\u30a4\u30ca|Eternatus|31\/100 brn\n|-ability|p2a: \u30e0\u30b2\u30f3\u30c0\u30a4\u30ca|Pressure\n|turn|25\n|\n|t:|1699437725\n|move|p1a: Zacian|Play Rough|p2a: \u30e0\u30b2\u30f3\u30c0\u30a4\u30ca\n|-damage|p2a: \u30e0\u30b2\u30f3\u30c0\u30a4\u30ca|0 fnt\n|faint|p2a: \u30e0\u30b2\u30f3\u30c0\u30a4\u30ca\n|\n|upkeep\n|\n|t:|1699437730\n|switch|p2a: \u3079\u3093\u3056\u30ab\u30d0\u30fc|Porygon2|100\/100\n|-ability|p2a: \u3079\u3093\u3056\u30ab\u30d0\u30fc|Intrepid Sword|boost\n|-boost|p2a: \u3079\u3093\u3056\u30ab\u30d0\u30fc|atk|1\n|-ability|p2a: \u3079\u3093\u3056\u30ab\u30d0\u30fc|Intrepid Sword|[from] ability: Trace|[of] p1a: Zacian\n|turn|26\n|c|\u2606yung mart|gg\n|\n|t:|1699437736\n|move|p1a: Zacian|Play Rough|p2a: \u3079\u3093\u3056\u30ab\u30d0\u30fc\n|-damage|p2a: \u3079\u3093\u3056\u30ab\u30d0\u30fc|0 fnt\n|faint|p2a: \u3079\u3093\u3056\u30ab\u30d0\u30fc\n|\n|win|yung mart\n|raw|yung mart's rating: 1075 &rarr; <strong>1110<\/strong><br \/>(+35 for winning)\n|raw|Unown2007's rating: 1155 &rarr; <strong>1124<\/strong><br \/>(-31 for losing)\n|l|\u2606Unown2007\n","uploadtime":1699437748,"views":17,"p1id":"yungmart","p2id":"unown2007","formatid":"gen9nationaldexubers","rating":1110,"private":0,"password":""}