{"id":"gen9nationaldexubers-1996451289","p1":"Fetch'd Jr.","p2":"srvoltmike","format":"[Gen 9] National Dex Ubers","log":"|j|\u2606Fetch'd Jr.\n|j|\u2606srvoltmike\n|t:|1700683276\n|gametype|singles\n|player|p1|Fetch'd Jr.|janine|\n|player|p2|srvoltmike|irida|\n|teamsize|p1|6\n|teamsize|p2|6\n|gen|9\n|tier|[Gen 9] National Dex Ubers\n|rule|HP Percentage Mod: HP is shown in percentages\n|rule|Endless Battle Clause: Forcing endless battles is banned\n|rule|OHKO Clause: OHKO moves are banned\n|rule|Evasion Moves Clause: Evasion moves are banned\n|rule|Evasion Items Clause: Evasion items are banned\n|rule|Species Clause: Limit one of each Pok\u00e9mon\n|rule|Sleep Clause Mod: Limit one foe put to sleep\n|rule|Mega Rayquaza Clause: You cannot mega evolve Rayquaza\n|clearpoke\n|poke|p1|Kingambit, M|\n|poke|p1|Arcanine, M|\n|poke|p1|Salamence, M|\n|poke|p1|Clodsire, F|\n|poke|p1|Annihilape, F|\n|poke|p1|Mesprit|\n|poke|p2|Urshifu-*, M|\n|poke|p2|Toxapex, F|\n|poke|p2|Ting-Lu|\n|poke|p2|Forretress, F|\n|poke|p2|Chandelure, F|\n|poke|p2|Aggron, M|\n|teampreview\n|c|\u2606srvoltmike|gl hf\n|c|\u2606Fetch'd Jr.|glhf\n|j| Karzon\n|j| WestchesterWoobats\n|c|\u2606Fetch'd Jr.|the same defensive shit as last time hmm\n|j| BoyDLH\n|c| WestchesterWoobats|listening to Manute Bol just for you mike\n|c|\u2606srvoltmike|they never expecc specc peccs\n|j| WhiteAurorus\n|c| WhiteAurorus|You got this man!\n|l| BoyDLH\n|c| Karzon|Yeah jokes on you Fetch'd thats a full choice locked team\n|c| Karzon|All offense\n|c|\u2606Fetch'd Jr.|i hope\n|c| WhiteAurorus|Unless you want me to leave for Superstition xD\n|j| BoyDLH\n|c|\u2606Fetch'd Jr.|the american fan base is bigger here tho\n|c|\u2606Fetch'd Jr.|no you can stay\n|c|\u2606Fetch'd Jr.|xD\n|c| Karzon|USA USA USA\n|c| WestchesterWoobats|\ud83c\uddfa\ud83c\uddf8\n|c| WestchesterWoobats|\ud83c\uddfa\ud83c\uddf8\ud83c\uddfa\ud83c\uddf8\ud83c\uddfa\ud83c\uddf8\n|c| BoyDLH|USA USA\n|c| WhiteAurorus|I mean, i gotta go shower anyway\n|c| BoyDLH|WE DONT SHOWER\n|\n|t:|1700683482\n|start\n|switch|p1a: Puerto Rico|Annihilape, F, shiny|100\/100\n|switch|p2a: Aggron|Aggron, M|100\/100\n|turn|1\n|c| WhiteAurorus|Unlike the US people, here we care about not stinking\n|c| BoyDLH|USA USA\n|c|\u2606srvoltmike|oh?\n|c| WestchesterWoobats|the difference is we are FREE to stink\n|c| WestchesterWoobats|\ud83c\uddfa\ud83c\uddf8\ud83c\uddfa\ud83c\uddf8\ud83c\uddfa\ud83c\uddf8\ud83c\uddfa\ud83c\uddf8\n|c| WhiteAurorus|Says Mr. Westchesterschire Sause\n|c| BoyDLH|are the fetchd names guesses on where mike is from\n|c|\u2606srvoltmike|LOL\n|c|\u2606Fetch'd Jr.|no now I have my core theme as naming theme lol\n|\n|t:|1700683576\n|detailschange|p2a: Aggron|Aggron-Mega, M\n|-mega|p2a: Aggron|Aggron|Aggronite\n|move|p1a: Puerto Rico|Low Kick|p2a: Aggron\n|-supereffective|p2a: Aggron\n|-damage|p2a: Aggron|66\/100\n|move|p2a: Aggron|Toxic|p1a: Puerto Rico\n|-status|p1a: Puerto Rico|tox\n|\n|-damage|p1a: Puerto Rico|94\/100 tox|[from] psn\n|upkeep\n|turn|2\n|c| WestchesterWoobats|he's close, mike listens to bad bunny who is from puerto rico\n|c| WhiteAurorus|Cant believe id end up cheering for West Gastrodon...\n|c|\u2606srvoltmike|its never too late\n|c| BoyDLH|USA USA WE LOVE TOXIC\n|c| WhiteAurorus|Stupid US Stall\n|c|\u2606srvoltmike|this toxic represents the united states leaving the paris climate accords\n|c| WestchesterWoobats|\ud83c\uddfa\ud83c\uddf8\n|j| FairyGym Mina\n|c| WhiteAurorus|I'll go shower now. Good luck Fetch! I believe in ya!\n|l| WhiteAurorus\n|c| Karzon|We're so good at Stall, the Cold War was great practice\n|\n|t:|1700683698\n|switch|p1a: Port Macquarie|Clodsire, F, shiny|100\/100\n|switch|p2a: Toxapex|Toxapex, F|100\/100\n|\n|upkeep\n|turn|3\n|\n|t:|1700683707\n|move|p2a: Toxapex|Scald|p1a: Port Macquarie\n|-immune|p1a: Port Macquarie|[from] ability: Water Absorb\n|move|p1a: Port Macquarie|Stealth Rock|p2a: Toxapex\n|-sidestart|p2: srvoltmike|move: Stealth Rock\n|\n|upkeep\n|turn|4\n|\n|t:|1700683726\n|switch|p2a: Forretress|Forretress, F|100\/100\n|-damage|p2a: Forretress|88\/100|[from] Stealth Rock\n|move|p1a: Port Macquarie|Earthquake|p2a: Forretress\n|-damage|p2a: Forretress|71\/100\n|\n|-heal|p2a: Forretress|77\/100|[from] item: Leftovers\n|upkeep\n|turn|5\n|\n|t:|1700683735\n|switch|p1a: Puerto Rico|Annihilape, F, shiny|94\/100 tox\n|move|p2a: Forretress|Stealth Rock|p1a: Puerto Rico\n|-sidestart|p1: Fetch'd Jr.|move: Stealth Rock\n|\n|-heal|p2a: Forretress|84\/100|[from] item: Leftovers\n|-damage|p1a: Puerto Rico|88\/100 tox|[from] psn\n|upkeep\n|turn|6\n|\n|t:|1700683787\n|switch|p2a: Toxapex|Toxapex, F|100\/100\n|-damage|p2a: Toxapex|88\/100|[from] Stealth Rock\n|move|p1a: Puerto Rico|Low Kick|p2a: Toxapex\n|-resisted|p2a: Toxapex\n|-crit|p2a: Toxapex\n|-damage|p2a: Toxapex|81\/100\n|-damage|p1a: Puerto Rico|72\/100 tox|[from] item: Rocky Helmet|[of] p2a: Toxapex\n|\n|-damage|p1a: Puerto Rico|59\/100 tox|[from] psn\n|upkeep\n|turn|7\n|c| BoyDLH|USA USA MUTUALLY ASSURED ROCKS\n|\n|t:|1700683805\n|move|p1a: Puerto Rico|Rest|p1a: Puerto Rico\n|-status|p1a: Puerto Rico|slp|[from] move: Rest\n|-heal|p1a: Puerto Rico|100\/100 slp|[silent]\n|move|p2a: Toxapex|Haze|p2a: Toxapex\n|-clearallboost\n|\n|upkeep\n|turn|8\n|\n|t:|1700683817\n|switch|p2a: Urshifu|Urshifu-Rapid-Strike, M|100\/100\n|-damage|p2a: Urshifu|94\/100|[from] Stealth Rock\n|cant|p1a: Puerto Rico|slp\n|\n|upkeep\n|turn|9\n|\n|t:|1700683839\n|switch|p1a: Port Macquarie|Clodsire, F, shiny|100\/100\n|-damage|p1a: Port Macquarie|94\/100|[from] Stealth Rock\n|move|p2a: Urshifu|Swords Dance|p2a: Urshifu\n|-boost|p2a: Urshifu|atk|2\n|\n|upkeep\n|turn|10\n|\n|t:|1700683867\n|move|p2a: Urshifu|Ice Spinner|p1a: Port Macquarie\n|-supereffective|p1a: Port Macquarie\n|-damage|p1a: Port Macquarie|20\/100\n|-damage|p2a: Urshifu|78\/100|[from] item: Rocky Helmet|[of] p1a: Port Macquarie\n|move|p1a: Port Macquarie|Gunk Shot|p2a: Urshifu\n|-crit|p2a: Urshifu\n|-damage|p2a: Urshifu|31\/100\n|\n|upkeep\n|turn|11\n|j| KEV - Phine\n|\n|t:|1700683926\n|move|p2a: Urshifu|Ice Spinner|p1a: Port Macquarie\n|-supereffective|p1a: Port Macquarie\n|-damage|p1a: Port Macquarie|0 fnt\n|-damage|p2a: Urshifu|15\/100|[from] item: Rocky Helmet|[of] p1a: Port Macquarie\n|faint|p1a: Port Macquarie\n|\n|upkeep\n|l| FairyGym Mina\n|j| lazzibat\n|\n|t:|1700684072\n|switch|p1a: Port-au-Prince|Mesprit, shiny|100\/100\n|-damage|p1a: Port-au-Prince|88\/100|[from] Stealth Rock\n|turn|12\n|\n|t:|1700684121\n|switch|p2a: Ting-Lu|Ting-Lu|100\/100\n|-damage|p2a: Ting-Lu|94\/100|[from] Stealth Rock\n|-ability|p2a: Ting-Lu|Vessel of Ruin\n|move|p1a: Port-au-Prince|Psychic|p2a: Ting-Lu\n|-immune|p2a: Ting-Lu\n|\n|-heal|p2a: Ting-Lu|100\/100|[from] item: Leftovers\n|upkeep\n|turn|13\n|\n|t:|1700684166\n|switch|p1a: Puerto Sigilyphio|Salamence, M, shiny|100\/100\n|-ability|p1a: Puerto Sigilyphio|Intimidate|boost\n|-unboost|p2a: Ting-Lu|atk|1\n|move|p2a: Ting-Lu|Whirlwind|p1a: Puerto Sigilyphio\n|drag|p1a: Puerto Rico|Annihilape, F, shiny|100\/100 slp\n|-damage|p1a: Puerto Rico|94\/100 slp|[from] Stealth Rock\n|\n|upkeep\n|turn|14\n|\n|t:|1700684176\n|cant|p1a: Puerto Rico|slp\n|move|p2a: Ting-Lu|Spikes|p1a: Puerto Rico\n|-sidestart|p1: Fetch'd Jr.|Spikes\n|\n|upkeep\n|turn|15\n|j| Shanipika\n|\n|t:|1700684192\n|switch|p1a: Porto Cesareo|Kingambit, M, shiny|100\/100\n|-damage|p1a: Porto Cesareo|94\/100|[from] Stealth Rock\n|-damage|p1a: Porto Cesareo|82\/100|[from] Spikes\n|switch|p2a: Toxapex|Toxapex, F|100\/100\n|-damage|p2a: Toxapex|88\/100|[from] Stealth Rock\n|\n|upkeep\n|turn|16\n|\n|t:|1700684204\n|switch|p2a: Aggron|Aggron-Mega, M|66\/100\n|-damage|p2a: Aggron|60\/100|[from] Stealth Rock\n|move|p1a: Porto Cesareo|Knock Off|p2a: Aggron\n|-damage|p2a: Aggron|45\/100\n|\n|upkeep\n|turn|17\n|\n|t:|1700684236\n|switch|p1a: Puerto Rico|Annihilape, F, shiny|94\/100 slp\n|-damage|p1a: Puerto Rico|88\/100 slp|[from] Stealth Rock\n|-damage|p1a: Puerto Rico|76\/100 slp|[from] Spikes\n|move|p2a: Aggron|Iron Defense|p2a: Aggron\n|-boost|p2a: Aggron|def|2\n|\n|upkeep\n|turn|18\n|\n|t:|1700684250\n|-curestatus|p1a: Puerto Rico|slp|[msg]\n|move|p1a: Puerto Rico|Taunt|p2a: Aggron\n|-start|p2a: Aggron|move: Taunt\n|cant|p2a: Aggron|move: Taunt|Iron Defense\n|\n|upkeep\n|turn|19\n|\n|t:|1700684259\n|move|p1a: Puerto Rico|Low Kick|p2a: Aggron\n|-supereffective|p2a: Aggron\n|-damage|p2a: Aggron|28\/100\n|move|p2a: Aggron|Heavy Slam|p1a: Puerto Rico\n|-damage|p1a: Puerto Rico|29\/100\n|-damage|p2a: Aggron|11\/100|[from] item: Rocky Helmet|[of] p1a: Puerto Rico\n|\n|upkeep\n|turn|20\n|\n|t:|1700684273\n|switch|p2a: Urshifu|Urshifu-Rapid-Strike, M|15\/100\n|-damage|p2a: Urshifu|8\/100|[from] Stealth Rock\n|move|p1a: Puerto Rico|Rest|p1a: Puerto Rico\n|-status|p1a: Puerto Rico|slp|[from] move: Rest\n|-heal|p1a: Puerto Rico|100\/100 slp|[silent]\n|\n|upkeep\n|turn|21\n|\n|t:|1700684346\n|move|p2a: Urshifu|Swords Dance|p2a: Urshifu\n|-boost|p2a: Urshifu|atk|2\n|cant|p1a: Puerto Rico|slp\n|\n|upkeep\n|turn|22\n|\n|t:|1700684406\n|switch|p1a: Puerto Sigilyphio|Salamence, M, shiny|100\/100\n|-ability|p1a: Puerto Sigilyphio|Intimidate|boost\n|-unboost|p2a: Urshifu|atk|1\n|move|p2a: Urshifu|Ice Spinner|p1a: Puerto Sigilyphio\n|-supereffective|p1a: Puerto Sigilyphio\n|-damage|p1a: Puerto Sigilyphio|0 fnt\n|faint|p1a: Puerto Sigilyphio\n|\n|upkeep\n|\n|t:|1700684419\n|switch|p1a: Port-au-Prince|Mesprit, shiny|88\/100\n|-damage|p1a: Port-au-Prince|76\/100|[from] Stealth Rock\n|turn|23\n|\n|t:|1700684443\n|move|p1a: Port-au-Prince|Ice Beam|p2a: Urshifu\n|-resisted|p2a: Urshifu\n|-damage|p2a: Urshifu|0 fnt\n|faint|p2a: Urshifu\n|\n|upkeep\n|c|\u2606srvoltmike|i misclicked\n|c|\u2606srvoltmike|fuck\n|l| lazzibat\n|\n|t:|1700684484\n|switch|p2a: Chandelure|Chandelure, F|100\/100\n|-damage|p2a: Chandelure|76\/100|[from] Stealth Rock\n|turn|24\n|j| MHkaserz\n|\n|t:|1700684501\n|switch|p1a: Portus Romae|Arcanine, M, shiny|100\/100\n|-ability|p1a: Portus Romae|Intimidate|boost\n|-unboost|p2a: Chandelure|atk|1\n|move|p2a: Chandelure|Overheat|p1a: Portus Romae\n|-resisted|p1a: Portus Romae\n|-damage|p1a: Portus Romae|70\/100\n|-unboost|p2a: Chandelure|spa|2\n|\n|upkeep\n|turn|25\n|c| BoyDLH|USA USA\n|c| WestchesterWoobats|\ud83c\uddfa\ud83c\uddf8 OUR FINGERS ARE TOO FAT TO CLICK PROPERLY \ud83c\uddfa\ud83c\uddf8\n|l| MHkaserz\n|j| MHkaserz\n|\n|t:|1700684612\n|switch|p2a: Toxapex|Toxapex, F|100\/100\n|-damage|p2a: Toxapex|88\/100|[from] Stealth Rock\n|move|p1a: Portus Romae|Scorching Sands|p2a: Toxapex\n|-supereffective|p2a: Toxapex\n|-damage|p2a: Toxapex|60\/100\n|-status|p2a: Toxapex|brn\n|\n|-damage|p2a: Toxapex|53\/100 brn|[from] brn\n|upkeep\n|turn|26\n|\n|t:|1700684640\n|switch|p1a: Porto Cesareo|Kingambit, M, shiny|82\/100\n|-damage|p1a: Porto Cesareo|75\/100|[from] Stealth Rock\n|-damage|p1a: Porto Cesareo|63\/100|[from] Spikes\n|switch|p2a: Ting-Lu|Ting-Lu|100\/100\n|-damage|p2a: Ting-Lu|94\/100|[from] Stealth Rock\n|-ability|p2a: Ting-Lu|Vessel of Ruin\n|\n|-heal|p2a: Ting-Lu|100\/100|[from] item: Leftovers\n|upkeep\n|turn|27\n|\n|t:|1700684674\n|move|p1a: Porto Cesareo|Low Kick|p2a: Ting-Lu\n|-supereffective|p2a: Ting-Lu\n|-damage|p2a: Ting-Lu|55\/100\n|move|p2a: Ting-Lu|Spikes|p1a: Porto Cesareo\n|-sidestart|p1: Fetch'd Jr.|Spikes\n|\n|-heal|p2a: Ting-Lu|62\/100|[from] item: Leftovers\n|upkeep\n|turn|28\n|\n|t:|1700684681\n|move|p2a: Ting-Lu|Protect|p2a: Ting-Lu\n|-singleturn|p2a: Ting-Lu|Protect\n|move|p1a: Porto Cesareo|Low Kick|p2a: Ting-Lu\n|-activate|p2a: Ting-Lu|move: Protect\n|\n|-heal|p2a: Ting-Lu|68\/100|[from] item: Leftovers\n|upkeep\n|turn|29\n|l| BoyDLH\n|j| BoyDLH\n|l| BoyDLH\n|j| BoyDLH\n|\n|t:|1700684714\n|move|p1a: Porto Cesareo|Knock Off|p2a: Ting-Lu\n|-resisted|p2a: Ting-Lu\n|-damage|p2a: Ting-Lu|54\/100\n|-enditem|p2a: Ting-Lu|Leftovers|[from] move: Knock Off|[of] p1a: Porto Cesareo\n|move|p2a: Ting-Lu|Earthquake|p1a: Porto Cesareo\n|-supereffective|p1a: Porto Cesareo\n|-damage|p1a: Porto Cesareo|13\/100\n|\n|upkeep\n|turn|30\n|\n|t:|1700684730\n|move|p1a: Porto Cesareo|Rest|p1a: Porto Cesareo\n|-status|p1a: Porto Cesareo|slp|[from] move: Rest\n|-heal|p1a: Porto Cesareo|100\/100 slp|[silent]\n|move|p2a: Ting-Lu|Whirlwind|p1a: Porto Cesareo\n|drag|p1a: Portus Romae|Arcanine, M, shiny|70\/100\n|-ability|p1a: Portus Romae|Intimidate|boost\n|-unboost|p2a: Ting-Lu|atk|1\n|\n|upkeep\n|turn|31\n|\n|t:|1700684737\n|move|p1a: Portus Romae|Will-O-Wisp|p2a: Ting-Lu\n|-status|p2a: Ting-Lu|brn\n|move|p2a: Ting-Lu|Spikes|p1a: Portus Romae\n|-sidestart|p1: Fetch'd Jr.|Spikes\n|\n|-damage|p2a: Ting-Lu|48\/100 brn|[from] brn\n|upkeep\n|turn|32\n|\n|t:|1700684749\n|switch|p2a: Toxapex|Toxapex, F|87\/100 brn\n|-damage|p2a: Toxapex|74\/100 brn|[from] Stealth Rock\n|move|p1a: Portus Romae|Burn Up|p2a: Toxapex\n|-resisted|p2a: Toxapex\n|-damage|p2a: Toxapex|57\/100 brn\n|-start|p1a: Portus Romae|typechange|???|[from] move: Burn Up\n|\n|-damage|p2a: Toxapex|50\/100 brn|[from] brn\n|upkeep\n|turn|33\n|l| BoyDLH\n|j| BoyDLH\n|\n|t:|1700684784\n|switch|p1a: Porto Cesareo|Kingambit, M, shiny|100\/100 slp\n|-damage|p1a: Porto Cesareo|94\/100 slp|[from] Stealth Rock\n|-damage|p1a: Porto Cesareo|69\/100 slp|[from] Spikes\n|switch|p2a: Forretress|Forretress, F|84\/100\n|-damage|p2a: Forretress|71\/100|[from] Stealth Rock\n|\n|-heal|p2a: Forretress|77\/100|[from] item: Leftovers\n|upkeep\n|turn|34\n|l| BoyDLH\n|j| BoyDLH\n|\n|t:|1700684806\n|switch|p1a: Puerto Rico|Annihilape, F, shiny|100\/100 slp\n|-damage|p1a: Puerto Rico|94\/100 slp|[from] Stealth Rock\n|-damage|p1a: Puerto Rico|69\/100 slp|[from] Spikes\n|switch|p2a: Chandelure|Chandelure, F|76\/100\n|-damage|p2a: Chandelure|51\/100|[from] Stealth Rock\n|\n|upkeep\n|turn|35\n|l| BoyDLH\n|j| BoyDLH\n|l| MHkaserz\n|l| BoyDLH\n|j| BoyDLH\n|l| BoyDLH\n|j| BoyDLH\n|l| BoyDLH\n|j| BoyDLH\n|l| BoyDLH\n|j| BoyDLH\n|l| BoyDLH\n|\n|t:|1700684982\n|switch|p1a: Portus Romae|Arcanine, M, shiny|70\/100\n|-ability|p1a: Portus Romae|Intimidate|boost\n|-unboost|p2a: Chandelure|atk|1\n|move|p2a: Chandelure|Shadow Ball|p1a: Portus Romae\n|-damage|p1a: Portus Romae|31\/100\n|-unboost|p1a: Portus Romae|spd|1\n|\n|upkeep\n|turn|36\n|j| BoyDLH\n|l| BoyDLH\n|j| BoyDLH\n|l| BoyDLH\n|\n|t:|1700685020\n|move|p2a: Chandelure|Shadow Ball|p1a: Portus Romae\n|-damage|p1a: Portus Romae|0 fnt\n|faint|p1a: Portus Romae\n|\n|upkeep\n|j| BoyDLH\n|l| BoyDLH\n|j| BoyDLH\n|l| BoyDLH\n|j| BoyDLH\n|l| BoyDLH\n|j| BoyDLH\n|\n|t:|1700685118\n|switch|p1a: Porto Cesareo|Kingambit, M, shiny|69\/100 slp\n|-damage|p1a: Porto Cesareo|63\/100 slp|[from] Stealth Rock\n|-damage|p1a: Porto Cesareo|38\/100 slp|[from] Spikes\n|turn|37\n|l| BoyDLH\n|\n|t:|1700685131\n|switch|p2a: Ting-Lu|Ting-Lu|48\/100 brn\n|-damage|p2a: Ting-Lu|42\/100 brn|[from] Stealth Rock\n|-ability|p2a: Ting-Lu|Vessel of Ruin\n|cant|p1a: Porto Cesareo|slp\n|\n|-damage|p2a: Ting-Lu|35\/100 brn|[from] brn\n|upkeep\n|turn|38\n|j| BoyDLH\n|\n|t:|1700685151\n|cant|p1a: Porto Cesareo|slp\n|move|p2a: Ting-Lu|Whirlwind|p1a: Porto Cesareo\n|drag|p1a: Puerto Rico|Annihilape, F, shiny|69\/100 slp\n|-damage|p1a: Puerto Rico|63\/100 slp|[from] Stealth Rock\n|-damage|p1a: Puerto Rico|38\/100 slp|[from] Spikes\n|\n|-damage|p2a: Ting-Lu|29\/100 brn|[from] brn\n|upkeep\n|turn|39\n|\n|t:|1700685162\n|cant|p1a: Puerto Rico|slp\n|move|p2a: Ting-Lu|Whirlwind|p1a: Puerto Rico\n|drag|p1a: Port-au-Prince|Mesprit, shiny|76\/100\n|-damage|p1a: Port-au-Prince|63\/100|[from] Stealth Rock\n|\n|-damage|p2a: Ting-Lu|23\/100 brn|[from] brn\n|upkeep\n|turn|40\n|\n|t:|1700685192\n|move|p2a: Ting-Lu|Protect|p2a: Ting-Lu\n|-singleturn|p2a: Ting-Lu|Protect\n|move|p1a: Port-au-Prince|Healing Wish|p1a: Port-au-Prince\n|faint|p1a: Port-au-Prince\n|\n|-damage|p2a: Ting-Lu|17\/100 brn|[from] brn\n|upkeep\n|\n|t:|1700685198\n|switch|p1a: Puerto Rico|Annihilape, F, shiny|38\/100 slp\n|-heal|p1a: Puerto Rico|100\/100|[from] move: Healing Wish\n|-damage|p1a: Puerto Rico|94\/100|[from] Stealth Rock\n|-damage|p1a: Puerto Rico|69\/100|[from] Spikes\n|turn|41\n|l| BoyDLH\n|j| BoyDLH\n|l| BoyDLH\n|j| BoyDLH\n|l| BoyDLH\n|j| BoyDLH\n|l| BoyDLH\n|\n|t:|1700685310\n|move|p1a: Puerto Rico|Taunt|p2a: Ting-Lu\n|-start|p2a: Ting-Lu|move: Taunt\n|cant|p2a: Ting-Lu|move: Taunt|Whirlwind\n|\n|-damage|p2a: Ting-Lu|10\/100 brn|[from] brn\n|upkeep\n|turn|42\n|j| BoyDLH\n|\n|t:|1700685324\n|switch|p2a: Toxapex|Toxapex, F|84\/100 brn\n|-damage|p2a: Toxapex|71\/100 brn|[from] Stealth Rock\n|move|p1a: Puerto Rico|Rage Fist|p2a: Toxapex\n|-damage|p2a: Toxapex|47\/100 brn\n|-damage|p1a: Puerto Rico|53\/100|[from] item: Rocky Helmet|[of] p2a: Toxapex\n|\n|-damage|p2a: Toxapex|40\/100 brn|[from] brn\n|upkeep\n|turn|43\n|\n|t:|1700685338\n|switch|p2a: Ting-Lu|Ting-Lu|10\/100 brn\n|-damage|p2a: Ting-Lu|4\/100 brn|[from] Stealth Rock\n|-ability|p2a: Ting-Lu|Vessel of Ruin\n|move|p1a: Puerto Rico|Taunt|p2a: Ting-Lu\n|-start|p2a: Ting-Lu|move: Taunt\n|\n|-damage|p2a: Ting-Lu|0 fnt|[from] brn\n|faint|p2a: Ting-Lu\n|upkeep\n|\n|t:|1700685346\n|switch|p2a: Chandelure|Chandelure, F|51\/100\n|-damage|p2a: Chandelure|26\/100|[from] Stealth Rock\n|turn|44\n|l| BoyDLH\n|c|\u2606Fetch'd Jr.|gg grats\n|j| BoyDLH\n|l| BoyDLH\n|c| WestchesterWoobats|\ud83c\uddfa\ud83c\uddf8 HOLD BOYS\n|\n|t:|1700685382\n|move|p2a: Chandelure|Shadow Ball|p1a: Puerto Rico\n|-supereffective|p1a: Puerto Rico\n|-damage|p1a: Puerto Rico|0 fnt\n|faint|p1a: Puerto Rico\n|\n|upkeep\n|\n|t:|1700685387\n|switch|p1a: Porto Cesareo|Kingambit, M, shiny|38\/100 slp\n|-damage|p1a: Porto Cesareo|32\/100 slp|[from] Stealth Rock\n|-damage|p1a: Porto Cesareo|7\/100 slp|[from] Spikes\n|turn|45\n|\n|t:|1700685393\n|switch|p2a: Toxapex|Toxapex, F|74\/100 brn\n|-damage|p2a: Toxapex|61\/100 brn|[from] Stealth Rock\n|-curestatus|p1a: Porto Cesareo|slp|[msg]\n|move|p1a: Porto Cesareo|Rest|p1a: Porto Cesareo\n|-status|p1a: Porto Cesareo|slp|[from] move: Rest\n|-heal|p1a: Porto Cesareo|100\/100 slp|[silent]\n|\n|-damage|p2a: Toxapex|55\/100 brn|[from] brn\n|upkeep\n|turn|46\n|j| BoyDLH\n|\n|t:|1700685405\n|switch|p2a: Chandelure|Chandelure, F|26\/100\n|-damage|p2a: Chandelure|1\/100|[from] Stealth Rock\n|cant|p1a: Porto Cesareo|slp\n|\n|upkeep\n|turn|47\n|l| BoyDLH\n|j| BoyDLH\n|\n|t:|1700685434\n|move|p2a: Chandelure|Overheat|p1a: Porto Cesareo\n|-supereffective|p1a: Porto Cesareo\n|-enditem|p1a: Porto Cesareo|Occa Berry|[eat]\n|-enditem|p1a: Porto Cesareo|Occa Berry|[weaken]\n|-damage|p1a: Porto Cesareo|46\/100 slp\n|-unboost|p2a: Chandelure|spa|2\n|cant|p1a: Porto Cesareo|slp\n|\n|upkeep\n|turn|48\n|l| BoyDLH\n|\n|t:|1700685453\n|switch|p2a: Forretress|Forretress, F|77\/100\n|-damage|p2a: Forretress|65\/100|[from] Stealth Rock\n|-curestatus|p1a: Porto Cesareo|slp|[msg]\n|move|p1a: Porto Cesareo|Knock Off|p2a: Forretress\n|-damage|p2a: Forretress|36\/100\n|-enditem|p2a: Forretress|Leftovers|[from] move: Knock Off|[of] p1a: Porto Cesareo\n|\n|upkeep\n|turn|49\n|j| BoyDLH\n|l| BoyDLH\n|j| BoyDLH\n|l| BoyDLH\n|j| BoyDLH\n|\n|t:|1700685510\n|move|p1a: Porto Cesareo|Knock Off|p2a: Forretress\n|-damage|p2a: Forretress|17\/100\n|move|p2a: Forretress|Rapid Spin|p1a: Porto Cesareo\n|-resisted|p1a: Porto Cesareo\n|-damage|p1a: Porto Cesareo|42\/100\n|-boost|p2a: Forretress|spe|1\n|-sideend|p2: srvoltmike|Stealth Rock|[from] move: Rapid Spin|[of] p2a: Forretress\n|\n|upkeep\n|turn|50\n|\n|t:|1700685540\n|move|p2a: Forretress|Volt Switch|p1a: Porto Cesareo\n|-damage|p1a: Porto Cesareo|35\/100\n|\n|t:|1700685543\n|switch|p2a: Toxapex|Toxapex, F|88\/100 brn|[from] Volt Switch\n|move|p1a: Porto Cesareo|Knock Off|p2a: Toxapex\n|-damage|p2a: Toxapex|58\/100 brn\n|-damage|p1a: Porto Cesareo|18\/100|[from] item: Rocky Helmet|[of] p2a: Toxapex\n|-enditem|p2a: Toxapex|Rocky Helmet|[from] move: Knock Off|[of] p1a: Porto Cesareo\n|\n|-damage|p2a: Toxapex|52\/100 brn|[from] brn\n|upkeep\n|turn|51\n|\n|t:|1700685561\n|move|p1a: Porto Cesareo|Mean Look|p2a: Toxapex\n|-activate|p2a: Toxapex|trapped\n|move|p2a: Toxapex|Scald|p1a: Porto Cesareo\n|-crit|p1a: Porto Cesareo\n|-damage|p1a: Porto Cesareo|0 fnt\n|faint|p1a: Porto Cesareo\n|\n|win|srvoltmike\n|c|\u2606srvoltmike|ggs!\n|c| WestchesterWoobats|\ud83c\uddfa\ud83c\uddf8\ud83c\uddfa\ud83c\uddf8\ud83c\uddfa\ud83c\uddf8\ud83c\uddfa\ud83c\uddf8\ud83c\uddfa\ud83c\uddf8\ud83c\uddfa\ud83c\uddf8\ud83c\uddfa\ud83c\uddf8\n|c| WestchesterWoobats|\ud83c\uddfa\ud83c\uddf8\ud83c\uddfa\ud83c\uddf8\ud83c\uddfa\ud83c\uddf8\ud83c\uddfa\ud83c\uddf8\ud83c\uddfa\ud83c\uddf8\ud83c\uddfa\ud83c\uddf8\ud83c\uddfa\ud83c\uddf8\ud83c\uddfa\ud83c\uddf8\ud83c\uddfa\ud83c\uddf8\ud83c\uddfa\ud83c\uddf8\ud83c\uddfa\ud83c\uddf8\ud83c\uddfa\ud83c\uddf8\ud83c\uddfa\ud83c\uddf8\ud83c\uddfa\ud83c\uddf8\ud83c\uddfa\ud83c\uddf8\ud83c\uddfa\ud83c\uddf8\ud83c\uddfa\ud83c\uddf8\ud83c\uddfa\ud83c\uddf8\n|c|\u2606Fetch'd Jr.|gg\n|c| BoyDLH|VAMOS\n|c| Karzon|USA \ud83c\uddfa\ud83c\uddf8\n|c| BoyDLH|USA USA USA\n|l| Karzon\n","uploadtime":1700685583,"views":46,"p1id":"fetchdjr","p2id":"srvoltmike","formatid":"gen9nationaldexubers","rating":0,"private":0,"password":""}