{"id":"gen9nationaldexubers-1988511652","p1":"popo4456","p2":"KennyMckor","format":"[Gen 9] National Dex Ubers","log":"|j|\u2606popo4456\n|j|\u2606KennyMckor\n|t:|1699730795\n|gametype|singles\n|player|p1|popo4456|galacticgrunt|\n|player|p2|KennyMckor|biker-gen4|\n|teamsize|p1|6\n|teamsize|p2|6\n|gen|9\n|tier|[Gen 9] National Dex Ubers\n|rule|HP Percentage Mod: HP is shown in percentages\n|rule|Endless Battle Clause: Forcing endless battles is banned\n|rule|OHKO Clause: OHKO moves are banned\n|rule|Evasion Moves Clause: Evasion moves are banned\n|rule|Evasion Items Clause: Evasion items are banned\n|rule|Species Clause: Limit one of each Pok\u00e9mon\n|rule|Sleep Clause Mod: Limit one foe put to sleep\n|rule|Mega Rayquaza Clause: You cannot mega evolve Rayquaza\n|clearpoke\n|poke|p1|Banette, M|\n|poke|p1|Ting-Lu|\n|poke|p1|Ribombee, F|\n|poke|p1|Celesteela|\n|poke|p1|Kommo-o, F|\n|poke|p1|Serperior, F|\n|poke|p2|Skeledirge, M|\n|poke|p2|Clodsire, F|\n|poke|p2|Rotom-Wash|\n|poke|p2|Sneasler, F|\n|poke|p2|Ceruledge, M|\n|poke|p2|Dondozo, F|\n|teampreview\n|c|\u2606KennyMckor|heyo !\n|c|\u2606KennyMckor|gl hf popo !\n|c|\u2606popo4456|o\/\n|c|\u2606popo4456|glhf\n|c|\u2606KennyMckor|Nice team\n|j| Thebestrug\n|c| Thebestrug|GLHF you may start!\n|\n|t:|1699730859\n|start\n|switch|p1a: Ting-Lu|Ting-Lu|100\/100\n|switch|p2a: My Son|Skeledirge, M|100\/100\n|-ability|p1a: Ting-Lu|Vessel of Ruin\n|turn|1\n|\n|t:|1699730869\n|switch|p2a: Motisma|Rotom-Wash|100\/100\n|move|p1a: Ting-Lu|Stealth Rock|p2a: Motisma\n|-sidestart|p2: KennyMckor|move: Stealth Rock\n|\n|upkeep\n|turn|2\n|\n|t:|1699730874\n|switch|p1a: Serperior|Serperior, F|100\/100\n|move|p2a: Motisma|Trick|p1a: Serperior\n|-activate|p2a: Motisma|move: Trick|[of] p1a: Serperior\n|-item|p1a: Serperior|Choice Scarf|[from] move: Trick\n|-item|p2a: Motisma|Leftovers|[from] move: Trick\n|\n|upkeep\n|turn|3\n|\n|t:|1699730887\n|switch|p1a: Banette|Banette, M|100\/100\n|move|p2a: Motisma|Volt Switch|p1a: Banette\n|-damage|p1a: Banette|57\/100\n|\n|t:|1699730914\n|switch|p2a: Oyacata|Dondozo, F, shiny|100\/100|[from] Volt Switch\n|-damage|p2a: Oyacata|88\/100|[from] Stealth Rock\n|\n|-heal|p2a: Oyacata|94\/100|[from] item: Leftovers\n|upkeep\n|turn|4\n|\n|t:|1699730920\n|switch|p1a: Serperior|Serperior, F|100\/100\n|move|p2a: Oyacata|Waterfall|p1a: Serperior\n|-resisted|p1a: Serperior\n|-damage|p1a: Serperior|85\/100\n|\n|-heal|p2a: Oyacata|100\/100|[from] item: Leftovers\n|upkeep\n|turn|5\n|\n|t:|1699730928\n|switch|p2a: Terraiste|Clodsire, F, shiny|100\/100\n|-damage|p2a: Terraiste|94\/100|[from] Stealth Rock\n|move|p1a: Serperior|Leaf Storm|p2a: Terraiste|[miss]\n|-miss|p1a: Serperior|p2a: Terraiste\n|\n|-heal|p2a: Terraiste|100\/100|[from] item: Leftovers\n|upkeep\n|turn|6\n|\n|t:|1699730942\n|switch|p1a: Celesteela|Celesteela|100\/100\n|switch|p2a: My Son|Skeledirge, M|100\/100\n|-damage|p2a: My Son|75\/100|[from] Stealth Rock\n|\n|-heal|p2a: My Son|82\/100|[from] item: Leftovers\n|upkeep\n|turn|7\n|\n|t:|1699730958\n|switch|p1a: Ting-Lu|Ting-Lu|100\/100\n|-ability|p1a: Ting-Lu|Vessel of Ruin\n|move|p2a: My Son|Torch Song|p1a: Ting-Lu\n|-damage|p1a: Ting-Lu|83\/100\n|-boost|p2a: My Son|spa|1\n|\n|-heal|p2a: My Son|88\/100|[from] item: Leftovers\n|-heal|p1a: Ting-Lu|90\/100|[from] item: Leftovers\n|upkeep\n|turn|8\n|\n|t:|1699730969\n|switch|p2a: Farfurex|Sneasler, F, shiny|100\/100\n|-damage|p2a: Farfurex|95\/100|[from] Stealth Rock\n|-item|p2a: Farfurex|Air Balloon\n|move|p1a: Ting-Lu|Whirlwind|p2a: Farfurex\n|drag|p2a: Motisma|Rotom-Wash|100\/100\n|-damage|p2a: Motisma|88\/100|[from] Stealth Rock\n|\n|-heal|p2a: Motisma|94\/100|[from] item: Leftovers\n|-heal|p1a: Ting-Lu|96\/100|[from] item: Leftovers\n|upkeep\n|turn|9\n|\n|t:|1699730980\n|switch|p1a: Serperior|Serperior, F|85\/100\n|move|p2a: Motisma|Toxic|p1a: Serperior\n|-status|p1a: Serperior|tox\n|\n|-heal|p2a: Motisma|100\/100|[from] item: Leftovers\n|-damage|p1a: Serperior|79\/100 tox|[from] psn\n|upkeep\n|turn|10\n|\n|t:|1699730987\n|move|p1a: Serperior|Leaf Storm|p2a: Motisma\n|-supereffective|p2a: Motisma\n|-damage|p2a: Motisma|0 fnt\n|-boost|p1a: Serperior|spa|2\n|faint|p2a: Motisma\n|\n|-damage|p1a: Serperior|67\/100 tox|[from] psn\n|upkeep\n|\n|t:|1699730994\n|switch|p2a: Terraiste|Clodsire, F, shiny|100\/100\n|-damage|p2a: Terraiste|94\/100|[from] Stealth Rock\n|turn|11\n|\n|t:|1699731000\n|switch|p1a: Celesteela|Celesteela|100\/100\n|move|p2a: Terraiste|Toxic|p1a: Celesteela\n|-immune|p1a: Celesteela\n|\n|-heal|p2a: Terraiste|100\/100|[from] item: Leftovers\n|upkeep\n|turn|12\n|\n|t:|1699731010\n|switch|p2a: My Son|Skeledirge, M|88\/100\n|-damage|p2a: My Son|63\/100|[from] Stealth Rock\n|move|p1a: Celesteela|Autotomize|p1a: Celesteela\n|-boost|p1a: Celesteela|spe|2\n|-start|p1a: Celesteela|Autotomize\n|\n|-heal|p2a: My Son|69\/100|[from] item: Leftovers\n|upkeep\n|turn|13\n|\n|t:|1699731019\n|move|p1a: Celesteela|Meteor Beam||[still]\n|-prepare|p1a: Celesteela|Meteor Beam\n|-boost|p1a: Celesteela|spa|1\n|-enditem|p1a: Celesteela|Power Herb\n|-anim|p1a: Celesteela|Meteor Beam|p2a: My Son\n|-supereffective|p2a: My Son\n|-damage|p2a: My Son|0 fnt\n|faint|p2a: My Son\n|-ability|p1a: Celesteela|Beast Boost|boost\n|-boost|p1a: Celesteela|spa|1\n|\n|upkeep\n|\n|t:|1699731028\n|switch|p2a: Malvalame|Ceruledge, M|100\/100\n|-damage|p2a: Malvalame|76\/100|[from] Stealth Rock\n|turn|14\n|\n|t:|1699731032\n|move|p1a: Celesteela|Air Slash|p2a: Malvalame\n|-damage|p2a: Malvalame|0 fnt\n|faint|p2a: Malvalame\n|-ability|p1a: Celesteela|Beast Boost|boost\n|-boost|p1a: Celesteela|spa|1\n|\n|upkeep\n|\n|t:|1699731037\n|switch|p2a: Oyacata|Dondozo, F, shiny|100\/100\n|-damage|p2a: Oyacata|88\/100|[from] Stealth Rock\n|turn|15\n|\n|t:|1699731041\n|move|p1a: Celesteela|Giga Drain|p2a: Oyacata\n|-supereffective|p2a: Oyacata\n|-damage|p2a: Oyacata|40\/100\n|move|p2a: Oyacata|Waterfall|p1a: Celesteela\n|-damage|p1a: Celesteela|75\/100\n|\n|-heal|p2a: Oyacata|47\/100|[from] item: Leftovers\n|upkeep\n|turn|16\n|\n|t:|1699731048\n|switch|p2a: Terraiste|Clodsire, F, shiny|100\/100\n|-damage|p2a: Terraiste|94\/100|[from] Stealth Rock\n|move|p1a: Celesteela|Giga Drain|p2a: Terraiste\n|-damage|p2a: Terraiste|81\/100\n|-heal|p1a: Celesteela|84\/100|[from] drain|[of] p2a: Terraiste\n|\n|-heal|p2a: Terraiste|87\/100|[from] item: Leftovers\n|upkeep\n|turn|17\n|\n|t:|1699731062\n|switch|p2a: Farfurex|Sneasler, F, shiny|95\/100\n|-damage|p2a: Farfurex|89\/100|[from] Stealth Rock\n|-item|p2a: Farfurex|Air Balloon\n|move|p1a: Celesteela|Air Slash|p2a: Farfurex|[miss]\n|-miss|p1a: Celesteela|p2a: Farfurex\n|\n|upkeep\n|turn|18\n|\n|t:|1699731072\n|move|p1a: Celesteela|Air Slash|p2a: Farfurex\n|-supereffective|p2a: Farfurex\n|-damage|p2a: Farfurex|0 fnt\n|-enditem|p2a: Farfurex|Air Balloon\n|faint|p2a: Farfurex\n|-ability|p1a: Celesteela|Beast Boost|boost\n|-boost|p1a: Celesteela|spa|1\n|\n|upkeep\n|-message|KennyMckor forfeited.\n|\n|win|popo4456\n|c|\u2606KennyMckor|gg\n|c|\u2606popo4456|gg\n","uploadtime":1699731089,"views":18,"p1id":"popo4456","p2id":"kennymckor","formatid":"gen9nationaldexubers","rating":0,"private":0,"password":""}