{"id":"gen9nationaldexubers-1996029873","p1":"Zeros0","p2":"bugasdnfojasdof","format":"[Gen 9] National Dex Ubers","log":"|j|\u2606Zeros0\n|j|\u2606bugasdnfojasdof\n|t:|1700631999\n|gametype|singles\n|player|p1|Zeros0|hugh|1075\n|player|p2|bugasdnfojasdof|169|1000\n|teamsize|p1|6\n|teamsize|p2|6\n|gen|9\n|tier|[Gen 9] National Dex Ubers\n|rated|\n|rule|HP Percentage Mod: HP is shown in percentages\n|rule|Endless Battle Clause: Forcing endless battles is banned\n|rule|OHKO Clause: OHKO moves are banned\n|rule|Evasion Moves Clause: Evasion moves are banned\n|rule|Evasion Items Clause: Evasion items are banned\n|rule|Species Clause: Limit one of each Pok\u00e9mon\n|rule|Sleep Clause Mod: Limit one foe put to sleep\n|rule|Mega Rayquaza Clause: You cannot mega evolve Rayquaza\n|clearpoke\n|poke|p1|Hawlucha, M|\n|poke|p1|Flygon, M|\n|poke|p1|Skarmory, F|\n|poke|p1|Kabutops, F|\n|poke|p1|Accelgor, F|\n|poke|p1|Latios, M|\n|poke|p2|Necrozma-Dawn-Wings|\n|poke|p2|Aerodactyl, M|\n|poke|p2|Giratina-Origin|\n|poke|p2|Kyurem-Black|\n|poke|p2|Charizard, M|\n|poke|p2|Kyogre|\n|teampreview\n|\n|t:|1700632004\n|start\n|switch|p1a: Skarmory|Skarmory, F|100\/100\n|switch|p2a: Necrozma|Necrozma-Dawn-Wings|100\/100\n|turn|1\n|\n|t:|1700632011\n|detailschange|p2a: Necrozma|Necrozma-Ultra\n|-burst|p2a: Necrozma|Necrozma|Ultranecrozium Z\n|move|p2a: Necrozma|Moongeist Beam|p1a: Skarmory\n|-damage|p1a: Skarmory|59\/100\n|move|p1a: Skarmory|Stealth Rock|p2a: Necrozma\n|-sidestart|p2: bugasdnfojasdof|move: Stealth Rock\n|\n|upkeep\n|turn|2\n|\n|t:|1700632024\n|move|p2a: Necrozma|Photon Geyser|p1a: Skarmory\n|-resisted|p1a: Skarmory\n|-damage|p1a: Skarmory|39\/100\n|move|p1a: Skarmory|Spikes|p2a: Necrozma\n|-sidestart|p2: bugasdnfojasdof|Spikes\n|\n|upkeep\n|turn|3\n|\n|t:|1700632043\n|move|p2a: Necrozma|Dragon Dance|p2a: Necrozma\n|-boost|p2a: Necrozma|atk|1\n|-boost|p2a: Necrozma|spe|1\n|move|p1a: Skarmory|Spikes|p2a: Necrozma\n|-sidestart|p2: bugasdnfojasdof|Spikes\n|\n|upkeep\n|turn|4\n|\n|t:|1700632049\n|move|p2a: Necrozma|Dragon Dance|p2a: Necrozma\n|-boost|p2a: Necrozma|atk|1\n|-boost|p2a: Necrozma|spe|1\n|move|p1a: Skarmory|Drill Peck|p2a: Necrozma\n|-damage|p2a: Necrozma|78\/100\n|\n|upkeep\n|turn|5\n|\n|t:|1700632056\n|move|p2a: Necrozma|Moongeist Beam|p1a: Skarmory\n|-damage|p1a: Skarmory|0 fnt\n|faint|p1a: Skarmory\n|\n|upkeep\n|\n|t:|1700632073\n|switch|p1a: Accelgor|Accelgor, F|100\/100\n|turn|6\n|\n|t:|1700632080\n|move|p2a: Necrozma|Moongeist Beam|p1a: Accelgor\n|-damage|p1a: Accelgor|28\/100\n|move|p1a: Accelgor|Toxic|p2a: Necrozma|[miss]\n|-miss|p1a: Accelgor|p2a: Necrozma\n|\n|upkeep\n|turn|7\n|\n|t:|1700632090\n|move|p2a: Necrozma|Photon Geyser|p1a: Accelgor\n|-damage|p1a: Accelgor|0 fnt\n|faint|p1a: Accelgor\n|\n|upkeep\n|\n|t:|1700632099\n|switch|p1a: Latios|Latios, M, shiny|100\/100\n|turn|8\n|\n|t:|1700632104\n|move|p2a: Necrozma|Moongeist Beam|p1a: Latios\n|-supereffective|p1a: Latios\n|-damage|p1a: Latios|14\/100\n|move|p1a: Latios|Dragon Pulse|p2a: Necrozma\n|-supereffective|p2a: Necrozma\n|-damage|p2a: Necrozma|0 fnt\n|faint|p2a: Necrozma\n|\n|upkeep\n|\n|t:|1700632124\n|switch|p2a: Giratina|Giratina-Origin|100\/100\n|-damage|p2a: Giratina|88\/100|[from] Stealth Rock\n|turn|9\n|\n|t:|1700632132\n|move|p1a: Latios|Dragon Pulse|p2a: Giratina\n|-supereffective|p2a: Giratina\n|-damage|p2a: Giratina|10\/100\n|move|p2a: Giratina|Destiny Bond|p2a: Giratina\n|-singlemove|p2a: Giratina|Destiny Bond\n|\n|upkeep\n|turn|10\n|\n|t:|1700632140\n|move|p1a: Latios|Dragon Pulse|p2a: Giratina\n|-supereffective|p2a: Giratina\n|-damage|p2a: Giratina|0 fnt\n|faint|p2a: Giratina\n|-activate|p2a: Giratina|move: Destiny Bond\n|faint|p1a: Latios\n|\n|upkeep\n|\n|t:|1700632149\n|switch|p1a: Hawlucha|Hawlucha, M, shiny|100\/100\n|switch|p2a: Kyurem|Kyurem-Black|100\/100\n|-damage|p2a: Kyurem|76\/100|[from] Stealth Rock\n|-damage|p2a: Kyurem|59\/100|[from] Spikes\n|-ability|p2a: Kyurem|Teravolt\n|turn|11\n|\n|t:|1700632158\n|move|p1a: Hawlucha|Swords Dance|p1a: Hawlucha\n|-boost|p1a: Hawlucha|atk|2\n|move|p2a: Kyurem|Fusion Bolt|p1a: Hawlucha\n|-supereffective|p1a: Hawlucha\n|-enditem|p1a: Hawlucha|Focus Sash\n|-damage|p1a: Hawlucha|1\/100\n|\n|upkeep\n|turn|12\n|\n|t:|1700632169\n|move|p1a: Hawlucha|Close Combat|p2a: Kyurem\n|-supereffective|p2a: Kyurem\n|-damage|p2a: Kyurem|0 fnt\n|-unboost|p1a: Hawlucha|def|1\n|-unboost|p1a: Hawlucha|spd|1\n|faint|p2a: Kyurem\n|\n|upkeep\n|\n|t:|1700632180\n|switch|p2a: Aerodactyl|Aerodactyl, M|100\/100\n|-damage|p2a: Aerodactyl|76\/100|[from] Stealth Rock\n|turn|13\n|\n|t:|1700632191\n|move|p1a: Hawlucha|Close Combat|p2a: Aerodactyl\n|-damage|p2a: Aerodactyl|0 fnt\n|-unboost|p1a: Hawlucha|def|1\n|-unboost|p1a: Hawlucha|spd|1\n|faint|p2a: Aerodactyl\n|\n|upkeep\n|\n|t:|1700632204\n|switch|p2a: Charizard|Charizard, M|100\/100\n|-damage|p2a: Charizard|51\/100|[from] Stealth Rock\n|turn|14\n|\n|t:|1700632214\n|detailschange|p2a: Charizard|Charizard-Mega-X, M\n|-mega|p2a: Charizard|Charizard|Charizardite X\n|move|p2a: Charizard|Bide|p2a: Charizard\n|-start|p2a: Charizard|move: Bide\n|move|p1a: Hawlucha|Acrobatics|p2a: Charizard\n|-damage|p2a: Charizard|0 fnt\n|faint|p2a: Charizard\n|\n|upkeep\n|\n|t:|1700632221\n|switch|p2a: Kyogre|Kyogre|100\/100\n|-damage|p2a: Kyogre|88\/100|[from] Stealth Rock\n|-damage|p2a: Kyogre|72\/100|[from] Spikes\n|detailschange|p2a: Kyogre|Kyogre-Primal\n|-primal|p2a: Kyogre|Blue Orb\n|-weather|PrimordialSea|[from] ability: Primordial Sea|[of] p2a: Kyogre\n|turn|15\n|\n|t:|1700632231\n|-terastallize|p1a: Hawlucha|Fighting\n|move|p2a: Kyogre|Protect|p2a: Kyogre\n|-singleturn|p2a: Kyogre|Protect\n|move|p1a: Hawlucha|Close Combat|p2a: Kyogre\n|-activate|p2a: Kyogre|move: Protect\n|\n|-weather|PrimordialSea|[upkeep]\n|upkeep\n|turn|16\n|\n|t:|1700632242\n|move|p1a: Hawlucha|Close Combat|p2a: Kyogre\n|-damage|p2a: Kyogre|0 fnt\n|-unboost|p1a: Hawlucha|def|1\n|-unboost|p1a: Hawlucha|spd|1\n|faint|p2a: Kyogre\n|-weather|none\n|\n|win|Zeros0\n|raw|Zeros0's rating: 1075 &rarr; <strong>1098<\/strong><br \/>(+23 for winning)\n|raw|bugasdnfojasdof's rating: 1000 &rarr; <strong>1000<\/strong><br \/>(+0 for losing)\n|l|\u2606bugasdnfojasdof\n|c|\u2606Zeros0|Gg\n","uploadtime":1700632267,"views":5,"p1id":"zeros0","p2id":"bugasdnfojasdof","formatid":"gen9nationaldexubers","rating":1000,"private":0,"password":""}