{"id":"gen9nationaldexubers-1983650172","p1":"CrisWWE","p2":"Perucho blue","format":"[Gen 9] National Dex Ubers","log":"|j|\u2606CrisWWE\n|j|\u2606Perucho blue\n|t:|1699153948\n|gametype|singles\n|player|p1|CrisWWE|shadowtriad|\n|player|p2|Perucho blue|170|\n|teamsize|p1|6\n|teamsize|p2|6\n|gen|9\n|tier|[Gen 9] National Dex Ubers\n|rule|HP Percentage Mod: HP is shown in percentages\n|rule|Endless Battle Clause: Forcing endless battles is banned\n|rule|OHKO Clause: OHKO moves are banned\n|rule|Evasion Moves Clause: Evasion moves are banned\n|rule|Evasion Items Clause: Evasion items are banned\n|rule|Species Clause: Limit one of each Pok\u00e9mon\n|rule|Sleep Clause Mod: Limit one foe put to sleep\n|rule|Mega Rayquaza Clause: You cannot mega evolve Rayquaza\n|clearpoke\n|poke|p1|Kangaskhan, F|\n|poke|p1|Cyclizar, F|\n|poke|p1|Lugia|\n|poke|p1|Volcarona, F|\n|poke|p1|Calyrex-Ice|\n|poke|p1|Tapu Lele|\n|poke|p2|Urshifu-*, M|\n|poke|p2|Baxcalibur, M|\n|poke|p2|Toxapex, M|\n|poke|p2|Kingambit, F|\n|poke|p2|Garganacl, M|\n|poke|p2|Tapu Koko|\n|teampreview\n|\n|t:|1699153961\n|start\n|switch|p1a: Bulky f\u00edsico\ud83d\ude02\ud83c\udff9|Kangaskhan, F|100\/100\n|switch|p2a: Urshifu|Urshifu-Rapid-Strike, M|100\/100\n|turn|1\n|\n|t:|1699153974\n|detailschange|p1a: Bulky f\u00edsico\ud83d\ude02\ud83c\udff9|Kangaskhan-Mega, F\n|-mega|p1a: Bulky f\u00edsico\ud83d\ude02\ud83c\udff9|Kangaskhan|Kangaskhanite\n|move|p1a: Bulky f\u00edsico\ud83d\ude02\ud83c\udff9|Fake Out|p2a: Urshifu\n|-damage|p2a: Urshifu|79\/100\n|-damage|p2a: Urshifu|74\/100\n|-hitcount|p2a: Urshifu|2\n|cant|p2a: Urshifu|flinch\n|\n|upkeep\n|turn|2\n|\n|t:|1699153987\n|move|p1a: Bulky f\u00edsico\ud83d\ude02\ud83c\udff9|Power-Up Punch|p2a: Urshifu\n|-damage|p2a: Urshifu|60\/100\n|-boost|p1a: Bulky f\u00edsico\ud83d\ude02\ud83c\udff9|atk|1\n|-damage|p2a: Urshifu|56\/100\n|-boost|p1a: Bulky f\u00edsico\ud83d\ude02\ud83c\udff9|atk|1\n|-hitcount|p2a: Urshifu|2\n|move|p2a: Urshifu|Surging Strikes|p1a: Bulky f\u00edsico\ud83d\ude02\ud83c\udff9\n|-crit|p1a: Bulky f\u00edsico\ud83d\ude02\ud83c\udff9\n|-damage|p1a: Bulky f\u00edsico\ud83d\ude02\ud83c\udff9|79\/100\n|-crit|p1a: Bulky f\u00edsico\ud83d\ude02\ud83c\udff9\n|-damage|p1a: Bulky f\u00edsico\ud83d\ude02\ud83c\udff9|57\/100\n|-crit|p1a: Bulky f\u00edsico\ud83d\ude02\ud83c\udff9\n|-damage|p1a: Bulky f\u00edsico\ud83d\ude02\ud83c\udff9|36\/100\n|-hitcount|p1a: Bulky f\u00edsico\ud83d\ude02\ud83c\udff9|3\n|\n|upkeep\n|turn|3\n|\n|t:|1699154007\n|switch|p2a: Garganacl|Garganacl, M|100\/100\n|move|p1a: Bulky f\u00edsico\ud83d\ude02\ud83c\udff9|Drain Punch|p2a: Garganacl\n|-supereffective|p2a: Garganacl\n|-damage|p2a: Garganacl|33\/100\n|-heal|p1a: Bulky f\u00edsico\ud83d\ude02\ud83c\udff9|71\/100|[from] drain|[of] p2a: Garganacl\n|-supereffective|p2a: Garganacl\n|-damage|p2a: Garganacl|16\/100\n|-heal|p1a: Bulky f\u00edsico\ud83d\ude02\ud83c\udff9|80\/100|[from] drain|[of] p2a: Garganacl\n|-hitcount|p2a: Garganacl|2\n|\n|-heal|p2a: Garganacl|22\/100|[from] item: Leftovers\n|upkeep\n|turn|4\n|\n|t:|1699154021\n|move|p1a: Bulky f\u00edsico\ud83d\ude02\ud83c\udff9|Power-Up Punch|p2a: Garganacl\n|-supereffective|p2a: Garganacl\n|-damage|p2a: Garganacl|0 fnt\n|-boost|p1a: Bulky f\u00edsico\ud83d\ude02\ud83c\udff9|atk|1\n|faint|p2a: Garganacl\n|-hitcount|p2: Garganacl|1\n|\n|upkeep\n|\n|t:|1699154029\n|switch|p2a: Toxapex|Toxapex, M|100\/100\n|turn|5\n|\n|t:|1699154034\n|move|p1a: Bulky f\u00edsico\ud83d\ude02\ud83c\udff9|Double-Edge|p2a: Toxapex\n|-damage|p2a: Toxapex|0 fnt\n|faint|p2a: Toxapex\n|-hitcount|p2: Toxapex|1\n|-damage|p1a: Bulky f\u00edsico\ud83d\ude02\ud83c\udff9|51\/100|[from] Recoil\n|\n|upkeep\n|\n|t:|1699154044\n|switch|p2a: Urshifu|Urshifu-Rapid-Strike, M|56\/100\n|turn|6\n|\n|t:|1699154047\n|move|p1a: Bulky f\u00edsico\ud83d\ude02\ud83c\udff9|Drain Punch|p2a: Urshifu\n|-damage|p2a: Urshifu|0 fnt\n|-heal|p1a: Bulky f\u00edsico\ud83d\ude02\ud83c\udff9|78\/100|[from] drain|[of] p2a: Urshifu\n|faint|p2a: Urshifu\n|-hitcount|p2: Urshifu|1\n|\n|upkeep\n|\n|t:|1699154055\n|switch|p2a: Baxcalibur|Baxcalibur, M|100\/100\n|turn|7\n|\n|t:|1699154060\n|-terastallize|p2a: Baxcalibur|Steel\n|move|p1a: Bulky f\u00edsico\ud83d\ude02\ud83c\udff9|Power-Up Punch|p2a: Baxcalibur\n|-supereffective|p2a: Baxcalibur\n|-damage|p2a: Baxcalibur|31\/100\n|-boost|p1a: Bulky f\u00edsico\ud83d\ude02\ud83c\udff9|atk|1\n|-supereffective|p2a: Baxcalibur\n|-crit|p2a: Baxcalibur\n|-damage|p2a: Baxcalibur|0 fnt\n|-boost|p1a: Bulky f\u00edsico\ud83d\ude02\ud83c\udff9|atk|1\n|faint|p2a: Baxcalibur\n|-hitcount|p2: Baxcalibur|2\n|\n|upkeep\n|\n|t:|1699154071\n|switch|p2a: Kingambit|Kingambit, F|100\/100\n|-activate|p2a: Kingambit|ability: Supreme Overlord\n|-start|p2a: Kingambit|fallen4|[silent]\n|turn|8\n|\n|t:|1699154077\n|move|p1a: Bulky f\u00edsico\ud83d\ude02\ud83c\udff9|Drain Punch|p2a: Kingambit\n|-supereffective|p2a: Kingambit\n|-damage|p2a: Kingambit|0 fnt\n|-heal|p1a: Bulky f\u00edsico\ud83d\ude02\ud83c\udff9|100\/100|[from] drain|[of] p2a: Kingambit\n|faint|p2a: Kingambit\n|-end|p2a: Kingambit|fallen4|[silent]\n|-hitcount|p2: Kingambit|1\n|\n|upkeep\n|\n|t:|1699154085\n|switch|p2a: Tapu Koko|Tapu Koko|100\/100\n|-fieldstart|move: Electric Terrain|[from] ability: Electric Surge|[of] p2a: Tapu Koko\n|turn|9\n|\n|t:|1699154091\n|-zpower|p2a: Tapu Koko\n|move|p2a: Tapu Koko|Guardian of Alola|p1a: Bulky f\u00edsico\ud83d\ude02\ud83c\udff9|[zeffect]\n|-damage|p1a: Bulky f\u00edsico\ud83d\ude02\ud83c\udff9|26\/100\n|move|p1a: Bulky f\u00edsico\ud83d\ude02\ud83c\udff9|Double-Edge|p2a: Tapu Koko\n|-damage|p2a: Tapu Koko|0 fnt\n|faint|p2a: Tapu Koko\n|-hitcount|p2: Tapu Koko|1\n|-damage|p1a: Bulky f\u00edsico\ud83d\ude02\ud83c\udff9|0 fnt|[from] Recoil\n|faint|p1a: Bulky f\u00edsico\ud83d\ude02\ud83c\udff9\n|\n|win|CrisWWE\n","uploadtime":1699154110,"views":9,"p1id":"criswwe","p2id":"peruchoblue","formatid":"gen9nationaldexubers","rating":0,"private":0,"password":""}