{"id":"gen9nationaldexubers-1995789116","p1":"noob2top100","p2":"Weirdful","format":"[Gen 9] National Dex Ubers","log":"|j|\u2606noob2top100\n|j|\u203dWeirdful\n|t:|1700603306\n|gametype|singles\n|player|p1|noob2top100|pokekid|\n|player|p2|Weirdful|1|\n|teamsize|p1|6\n|teamsize|p2|6\n|gen|9\n|tier|[Gen 9] National Dex Ubers\n|rule|HP Percentage Mod: HP is shown in percentages\n|rule|Endless Battle Clause: Forcing endless battles is banned\n|rule|OHKO Clause: OHKO moves are banned\n|rule|Evasion Moves Clause: Evasion moves are banned\n|rule|Evasion Items Clause: Evasion items are banned\n|rule|Species Clause: Limit one of each Pok\u00e9mon\n|rule|Sleep Clause Mod: Limit one foe put to sleep\n|rule|Mega Rayquaza Clause: You cannot mega evolve Rayquaza\n|clearpoke\n|poke|p1|Sableye, F|\n|poke|p1|Arceus-Ghost|\n|poke|p1|Chansey, F|\n|poke|p1|Dondozo, M|\n|poke|p1|Marshadow|\n|poke|p1|Xerneas-*|\n|poke|p2|Giratina-Origin|\n|poke|p2|Arceus-Water|\n|poke|p2|Groudon|\n|poke|p2|Yveltal|\n|poke|p2|Magearna|\n|poke|p2|Xerneas-*|\n|teampreview\n|j| WatIzDatFing\n|j| cave islander\n|c|\u2606noob2top100|SHOOT WRONG TEAM LOL\n|c|\u2606noob2top100|this the wrong team welp\\\n|\n|t:|1700603346\n|start\n|switch|p1a: Sableye|Sableye, F|100\/100\n|switch|p2a: Xerneas|Xerneas|100\/100\n|-ability|p2a: Xerneas|Fairy Aura\n|turn|1\n|c| WatIzDatFing|Aww shrimp...\n|j| Mattattac\n|c|\u2606noob2top100|i lost with this team\n|j| Rainer367\n|\n|t:|1700603365\n|switch|p1a: Dondozo|Dondozo, M|100\/100\n|move|p2a: Xerneas|Geomancy||[still]\n|-prepare|p2a: Xerneas|Geomancy\n|-enditem|p2a: Xerneas|Power Herb\n|-anim|p2a: Xerneas|Geomancy|p2a: Xerneas\n|-boost|p2a: Xerneas|spa|2\n|-boost|p2a: Xerneas|spd|2\n|-boost|p2a: Xerneas|spe|2\n|\n|upkeep\n|turn|2\n|\n|t:|1700603377\n|move|p2a: Xerneas|Moonblast|p1a: Dondozo\n|-damage|p1a: Dondozo|47\/100\n|move|p1a: Dondozo|Wave Crash|p2a: Xerneas\n|-damage|p2a: Xerneas|61\/100\n|-damage|p1a: Dondozo|36\/100|[from] Recoil\n|\n|upkeep\n|turn|3\n|c| Rainer367|Helllo\n|c|\u2606noob2top100|hi\n|c| cave islander|Hi\n|c| Rainer367|That team is interesting\n|\n|t:|1700603398\n|move|p2a: Xerneas|Moonblast|p1a: Dondozo\n|-damage|p1a: Dondozo|0 fnt\n|faint|p1a: Dondozo\n|\n|upkeep\n|c|\u2606noob2top100|mine?\n|c| Rainer367|Yea\n|c|\u2606noob2top100|welp\n|c|\u2606noob2top100|its my bad team\n|c|\u2606noob2top100|that i use for ladder\n|c| Rainer367|Damn\n|\n|t:|1700603423\n|switch|p1a: Marshadow|Marshadow|100\/100\n|turn|4\n|c| Rainer367|Why would you use a bad team for ladder?\n|c|\u2606noob2top100|dont mind me just picking up some boosts rq\n|c|\u2606noob2top100|fun\n|c|\u2606noob2top100|so that\n|c|\u2606noob2top100|when i rematch people\n|c| Rainer367|Fair enough\n|c|\u2606noob2top100|and they're overconfident\n|c| Rainer367|Ah\n|c|\u2606noob2top100|they get wrecked\n|c| cave islander|It's not that bad\n|c|\u2606noob2top100|ye its decent\n|\n|t:|1700603465\n|switch|p2a: Yveltal|Yveltal|100\/100\n|-ability|p2a: Yveltal|Dark Aura\n|move|p1a: Marshadow|Spectral Thief|p2a: Yveltal\n|-resisted|p2a: Yveltal\n|-damage|p2a: Yveltal|77\/100\n|\n|upkeep\n|turn|5\n|c|\u2606noob2top100|my xerneas if given like 1 or 2 turns\n|c|\u2606noob2top100|it just mauls\n|l| WatIzDatFing\n|c|\u2606noob2top100|no way i scared him out\n|c|\u2606noob2top100|if have been at 1 hp but\n|\n|t:|1700603498\n|switch|p1a: Chansey|Chansey, F|100\/100\n|move|p2a: Yveltal|Oblivion Wing|p1a: Chansey\n|-damage|p1a: Chansey|82\/100\n|-heal|p2a: Yveltal|100\/100|[from] drain|[of] p1a: Chansey\n|-damage|p2a: Yveltal|91\/100|[from] item: Life Orb\n|\n|upkeep\n|turn|6\n|\n|t:|1700603503\n|move|p2a: Yveltal|Taunt|p1a: Chansey\n|-start|p1a: Chansey|move: Taunt\n|move|p1a: Chansey|Tri Attack|p2a: Yveltal\n|-damage|p2a: Yveltal|79\/100\n|\n|upkeep\n|turn|7\n|\n|t:|1700603509\n|move|p2a: Yveltal|Dark Pulse|p1a: Chansey\n|-damage|p1a: Chansey|57\/100\n|-damage|p2a: Yveltal|69\/100|[from] item: Life Orb\n|cant|p1a: Chansey|flinch\n|\n|upkeep\n|turn|8\n|c| Rainer367|You should join a discord server I admin, it has a full on gym challenge\n|c|\u2606noob2top100|serene blissey is a scam\n|\n|t:|1700603517\n|move|p2a: Yveltal|Dark Pulse|p1a: Chansey\n|-damage|p1a: Chansey|32\/100\n|-damage|p2a: Yveltal|59\/100|[from] item: Life Orb\n|move|p1a: Chansey|Tri Attack|p2a: Yveltal\n|-damage|p2a: Yveltal|48\/100\n|\n|-end|p1a: Chansey|move: Taunt\n|upkeep\n|turn|9\n|c|\u2606noob2top100|serene blissey is a scam\n|\n|t:|1700603538\n|move|p2a: Yveltal|Taunt|p1a: Chansey\n|-start|p1a: Chansey|move: Taunt\n|move|p1a: Chansey|Tri Attack|p2a: Yveltal\n|-damage|p2a: Yveltal|37\/100\n|\n|upkeep\n|turn|10\n|c| Rainer367|u wanna join noob2top100?\n|c|\u2606noob2top100|uh sure i guess\n|c|\u2606noob2top100|OML\n|\n|t:|1700603561\n|move|p2a: Yveltal|Oblivion Wing|p1a: Chansey\n|-damage|p1a: Chansey|14\/100\n|-heal|p2a: Yveltal|62\/100|[from] drain|[of] p1a: Chansey\n|-damage|p2a: Yveltal|52\/100|[from] item: Life Orb\n|move|p1a: Chansey|Tri Attack|p2a: Yveltal\n|-damage|p2a: Yveltal|40\/100\n|\n|upkeep\n|turn|11\n|\n|t:|1700603568\n|move|p2a: Yveltal|Sucker Punch|p1a: Chansey\n|-damage|p1a: Chansey|0 fnt\n|faint|p1a: Chansey\n|-damage|p2a: Yveltal|30\/100|[from] item: Life Orb\n|\n|upkeep\n|c| Rainer367|gg\/DC66hVHwJ7\n|c|\u2606noob2top100|serene blissey is a fkin scam\n|\n|t:|1700603575\n|switch|p1a: Xerneas|Xerneas|100\/100\n|-ability|p1a: Xerneas|Fairy Aura\n|turn|12\n|c| Rainer367|lol\n|\n|t:|1700603585\n|switch|p2a: Magearna|Magearna|100\/100\n|move|p1a: Xerneas|Substitute|p1a: Xerneas\n|-start|p1a: Xerneas|Substitute\n|-damage|p1a: Xerneas|76\/100\n|\n|upkeep\n|turn|13\n|\n|t:|1700603604\n|move|p1a: Xerneas|Moonblast|p2a: Magearna\n|-resisted|p2a: Magearna\n|-damage|p2a: Magearna|80\/100\n|-unboost|p2a: Magearna|spa|1\n|move|p2a: Magearna|Fleur Cannon|p1a: Xerneas\n|-end|p1a: Xerneas|Substitute\n|-unboost|p2a: Magearna|spa|2\n|\n|upkeep\n|turn|14\n|c| cave islander|I have my pet cat Tiffany watch with this with me.\n|\n|t:|1700603633\n|move|p1a: Xerneas|Moonblast|p2a: Magearna\n|-resisted|p2a: Magearna\n|-damage|p2a: Magearna|61\/100\n|move|p2a: Magearna|Heart Swap|p1a: Xerneas\n|-swapboost|p2a: Magearna|p1a: Xerneas|[from] move: Heart Swap\n|\n|upkeep\n|turn|15\n|c| cave islander|She said meow\n|\n|t:|1700603643\n|switch|p1a: Sableye|Sableye, F|100\/100\n|move|p2a: Magearna|Fleur Cannon|p1a: Sableye\n|-supereffective|p1a: Sableye\n|-damage|p1a: Sableye|0 fnt\n|-unboost|p2a: Magearna|spa|2\n|faint|p1a: Sableye\n|-ability|p2a: Magearna|Soul-Heart|boost\n|-boost|p2a: Magearna|spa|1\n|\n|upkeep\n|c| Rainer367|Nice\n|\n|t:|1700603650\n|switch|p1a: Marshadow|Marshadow|100\/100\n|turn|16\n|\n|t:|1700603663\n|-terastallize|p1a: Marshadow|Ghost\n|move|p1a: Marshadow|Spectral Thief|p2a: Magearna\n|-damage|p2a: Magearna|13\/100\n|-zpower|p2a: Magearna\n|move|p2a: Magearna|Z-Heal Bell||[anim]Heal Bell|[still]\n|-heal|p2a: Magearna|100\/100|[zeffect]\n|-activate|p2a: Magearna|move: Heal Bell\n|-fail|p2a: Magearna\n|\n|upkeep\n|turn|17\n|c|\u2606noob2top100|again\n|c| Rainer367|Cave islander you should join to, basically everybody in the server loves cats\n|c|\u2606noob2top100|i accidentally used this bad team\n|\n|t:|1700603675\n|move|p1a: Marshadow|Spectral Thief|p2a: Magearna\n|-damage|p2a: Magearna|53\/100\n|move|p2a: Magearna|Fleur Cannon|p1a: Marshadow\n|-damage|p1a: Marshadow|57\/100\n|-unboost|p2a: Magearna|spa|2\n|\n|upkeep\n|turn|18\n|\n|t:|1700603685\n|move|p1a: Marshadow|Spectral Thief|p2a: Magearna\n|-damage|p2a: Magearna|2\/100\n|move|p2a: Magearna|Volt Switch|p1a: Marshadow\n|-damage|p1a: Marshadow|48\/100\n|c| cave islander|Ok\n|\n|t:|1700603690\n|switch|p2a: Yveltal|Yveltal|30\/100|[from] Volt Switch\n|-ability|p2a: Yveltal|Dark Aura\n|\n|upkeep\n|turn|19\n|c| Rainer367|:D\n|\n|t:|1700603700\n|switch|p1a: Xerneas|Xerneas|76\/100\n|-ability|p1a: Xerneas|Fairy Aura\n|move|p2a: Yveltal|Sucker Punch||[still]\n|-fail|p2a: Yveltal\n|\n|upkeep\n|turn|20\n|\n|t:|1700603709\n|move|p2a: Yveltal|Oblivion Wing|p1a: Xerneas\n|-damage|p1a: Xerneas|38\/100\n|-heal|p2a: Yveltal|58\/100|[from] drain|[of] p1a: Xerneas\n|-damage|p2a: Yveltal|48\/100|[from] item: Life Orb\n|move|p1a: Xerneas|Substitute|p1a: Xerneas\n|-start|p1a: Xerneas|Substitute\n|-damage|p1a: Xerneas|13\/100\n|\n|upkeep\n|turn|21\n|\n|t:|1700603724\n|move|p2a: Yveltal|Taunt|p1a: Xerneas\n|-start|p1a: Xerneas|move: Taunt\n|move|p1a: Xerneas|Moonblast|p2a: Yveltal\n|-supereffective|p2a: Yveltal\n|-damage|p2a: Yveltal|0 fnt\n|faint|p2a: Yveltal\n|\n|upkeep\n|\n|t:|1700603745\n|switch|p2a: Giratina|Giratina-Origin|100\/100\n|turn|22\n|\n|t:|1700603754\n|-terastallize|p2a: Giratina|Ghost\n|move|p2a: Giratina|Shadow Sneak|p1a: Xerneas\n|-activate|p1a: Xerneas|move: Substitute|[damage]\n|move|p1a: Xerneas|Moonblast|p2a: Giratina\n|-damage|p2a: Giratina|51\/100\n|\n|upkeep\n|turn|23\n|\n|t:|1700603771\n|move|p2a: Giratina|Shadow Sneak|p1a: Xerneas\n|-end|p1a: Xerneas|Substitute\n|-zpower|p1a: Xerneas\n|move|p1a: Xerneas|Twinkle Tackle|p2a: Giratina|[zeffect]\n|-crit|p2a: Giratina\n|-damage|p2a: Giratina|0 fnt\n|faint|p2a: Giratina\n|\n|-end|p1a: Xerneas|move: Taunt\n|upkeep\n|c|\u2606noob2top100|crit\n|c|\u2606noob2top100|ok\n|\n|t:|1700603780\n|switch|p2a: Arceus|Arceus-Water|100\/100\n|turn|24\n|c| cave islander|Origin Arceus?\n|c|\u2606noob2top100|why crit then\n|\n|t:|1700603797\n|move|p2a: Arceus|Judgment|p1a: Xerneas\n|-damage|p1a: Xerneas|0 fnt\n|faint|p1a: Xerneas\n|\n|upkeep\n|c|\u2606noob2top100|origin?\n|c|\u2606noob2top100|tf u on\n|\n|t:|1700603810\n|switch|p1a: Arceus|Arceus-Ghost|100\/100\n|turn|25\n|c| cave islander|O\n|c| Rainer367|Origin Arceus????\n|\n|t:|1700603815\n|move|p1a: Arceus|Cosmic Power|p1a: Arceus\n|-boost|p1a: Arceus|def|1\n|-boost|p1a: Arceus|spd|1\n|move|p2a: Arceus|Toxic|p1a: Arceus\n|-status|p1a: Arceus|tox\n|\n|-damage|p1a: Arceus|94\/100 tox|[from] psn\n|upkeep\n|turn|26\n|\n|t:|1700603821\n|move|p1a: Arceus|Cosmic Power|p1a: Arceus\n|-boost|p1a: Arceus|def|1\n|-boost|p1a: Arceus|spd|1\n|move|p2a: Arceus|Judgment|p1a: Arceus\n|-damage|p1a: Arceus|78\/100 tox\n|\n|-damage|p1a: Arceus|65\/100 tox|[from] psn\n|upkeep\n|turn|27\n|\n|t:|1700603826\n|move|p1a: Arceus|Body Press|p2a: Arceus\n|-damage|p2a: Arceus|71\/100\n|move|p2a: Arceus|Ice Beam|p1a: Arceus\n|-damage|p1a: Arceus|57\/100 tox\n|\n|-damage|p1a: Arceus|39\/100 tox|[from] psn\n|upkeep\n|turn|28\n|\n|t:|1700603832\n|move|p1a: Arceus|Body Press|p2a: Arceus\n|-damage|p2a: Arceus|45\/100\n|move|p2a: Arceus|Judgment|p1a: Arceus\n|-damage|p1a: Arceus|21\/100 tox\n|\n|-damage|p1a: Arceus|0 fnt|[from] psn\n|faint|p1a: Arceus\n|upkeep\n|\n|t:|1700603836\n|switch|p1a: Marshadow|Marshadow, tera:Ghost|48\/100\n|turn|29\n|\n|t:|1700603849\n|move|p1a: Marshadow|Spectral Thief|p2a: Arceus\n|-damage|p2a: Arceus|4\/100\n|move|p2a: Arceus|Judgment|p1a: Marshadow\n|-damage|p1a: Marshadow|0 fnt\n|faint|p1a: Marshadow\n|\n|win|Weirdful\n|c|\u2606noob2top100|i had no chance with this team but eh\n|c|\u2606noob2top100|gg\n|l|\u2606noob2top100\n","uploadtime":1700603860,"views":2,"p1id":"noob2top100","p2id":"weirdful","formatid":"gen9nationaldexubers","rating":0,"private":0,"password":""}