{"id":"gen9nationaldexubers-1997752344","p1":"amweird","p2":"JustMonika_CARR","format":"[Gen 9] National Dex Ubers","log":"|j|\u2606amweird\n|j|\u2606JustMonika_CARR\n|t:|1700848909\n|gametype|singles\n|player|p1|amweird|youngn|1342\n|player|p2|JustMonika_CARR|rosa|1410\n|teamsize|p1|6\n|teamsize|p2|6\n|gen|9\n|tier|[Gen 9] National Dex Ubers\n|rated|\n|rule|HP Percentage Mod: HP is shown in percentages\n|rule|Endless Battle Clause: Forcing endless battles is banned\n|rule|OHKO Clause: OHKO moves are banned\n|rule|Evasion Moves Clause: Evasion moves are banned\n|rule|Evasion Items Clause: Evasion items are banned\n|rule|Species Clause: Limit one of each Pok\u00e9mon\n|rule|Sleep Clause Mod: Limit one foe put to sleep\n|rule|Mega Rayquaza Clause: You cannot mega evolve Rayquaza\n|clearpoke\n|poke|p1|Calyrex-Ice|\n|poke|p1|Melmetal|\n|poke|p1|Hatterene, F|\n|poke|p1|Magearna|\n|poke|p1|Necrozma-Dusk-Mane|\n|poke|p1|Kyogre|\n|poke|p2|Shuckle, F|\n|poke|p2|Deoxys-Speed|\n|poke|p2|Arceus|\n|poke|p2|Forretress, F|\n|poke|p2|Magearna|\n|poke|p2|Pyukumuku, F|\n|teampreview\n|inactive|Battle timer is ON: inactive players will automatically lose when time's up. (requested by amweird)\n|c|\u2606JustMonika_CARR|Oh, another trick room tram\n|\n|t:|1700848924\n|start\n|switch|p1a: Hatterene|Hatterene, F|100\/100\n|switch|p2a: Deoxys|Deoxys-Speed, shiny|100\/100\n|-ability|p2a: Deoxys|Pressure\n|turn|1\n|c|\u2606amweird|yes\n|c|\u2606amweird|i have a trick room tram\n|c|\u2606amweird|tram\n|\n|t:|1700848939\n|move|p2a: Deoxys|Light Screen|p2a: Deoxys\n|-sidestart|p2: JustMonika_CARR|move: Light Screen\n|move|p1a: Hatterene|Trick Room|p1a: Hatterene\n|-fieldstart|move: Trick Room|[of] p1a: Hatterene\n|\n|upkeep\n|turn|2\n|\n|t:|1700848950\n|switch|p1a: Melmetal|Melmetal|100\/100\n|move|p2a: Deoxys|Reflect|p2a: Deoxys\n|-sidestart|p2: JustMonika_CARR|Reflect\n|\n|upkeep\n|turn|3\n|\n|t:|1700848953\n|move|p1a: Melmetal|Double Iron Bash|p2a: Deoxys\n|-damage|p2a: Deoxys|64\/100\n|-damage|p2a: Deoxys|28\/100\n|-hitcount|p2a: Deoxys|2\n|-damage|p1a: Melmetal|91\/100|[from] item: Life Orb\n|cant|p2a: Deoxys|flinch\n|\n|upkeep\n|turn|4\n|\n|t:|1700848960\n|move|p1a: Melmetal|Double Iron Bash|p2a: Deoxys\n|-damage|p2a: Deoxys|0 fnt\n|faint|p2a: Deoxys\n|-hitcount|p2: Deoxys|1\n|-damage|p1a: Melmetal|81\/100|[from] item: Life Orb\n|\n|upkeep\n|\n|t:|1700848973\n|switch|p2a: Forretress|Forretress, F, shiny|100\/100\n|turn|5\n|\n|t:|1700848978\n|switch|p1a: Hatterene|Hatterene, F|100\/100\n|move|p2a: Forretress|Toxic Spikes|p1a: Hatterene\n|move|p1a: Hatterene|Toxic Spikes|p2a: Forretress|[from]ability: Magic Bounce\n|-sidestart|p2: JustMonika_CARR|move: Toxic Spikes\n|\n|-fieldend|move: Trick Room\n|upkeep\n|turn|6\n|\n|t:|1700848983\n|move|p2a: Forretress|Rapid Spin|p1a: Hatterene\n|-damage|p1a: Hatterene|90\/100\n|-boost|p2a: Forretress|spe|1\n|-sideend|p2: JustMonika_CARR|Toxic Spikes|[from] move: Rapid Spin|[of] p2a: Forretress\n|move|p1a: Hatterene|Trick Room|p1a: Hatterene\n|-fieldstart|move: Trick Room|[of] p1a: Hatterene\n|\n|upkeep\n|turn|7\n|\n|t:|1700848997\n|switch|p1a: Calyrex|Calyrex-Ice|100\/100\n|-ability|p1a: Calyrex|As One\n|-ability|p1a: Calyrex|Unnerve\n|move|p2a: Forretress|Rapid Spin|p1a: Calyrex\n|-crit|p1a: Calyrex\n|-damage|p1a: Calyrex|92\/100\n|-boost|p2a: Forretress|spe|1\n|\n|upkeep\n|turn|8\n|\n|t:|1700849002\n|move|p1a: Calyrex|Close Combat|p2a: Forretress\n|-damage|p2a: Forretress|79\/100\n|-unboost|p1a: Calyrex|def|1\n|-unboost|p1a: Calyrex|spd|1\n|-enditem|p2a: Forretress|Red Card|[of] p1a: Calyrex\n|drag|p1a: Kyogre|Kyogre|100\/100\n|detailschange|p1a: Kyogre|Kyogre-Primal\n|-primal|p1a: Kyogre|Blue Orb\n|-weather|PrimordialSea|[from] ability: Primordial Sea|[of] p1a: Kyogre\n|move|p2a: Forretress|Toxic Spikes|p1a: Kyogre\n|-sidestart|p1: amweird|move: Toxic Spikes\n|\n|-weather|PrimordialSea|[upkeep]\n|-sideend|p2: JustMonika_CARR|move: Light Screen\n|upkeep\n|turn|9\n|\n|t:|1700849012\n|move|p1a: Kyogre|Water Spout|p2a: Forretress\n|-damage|p2a: Forretress|0 fnt\n|faint|p2a: Forretress\n|\n|-weather|PrimordialSea|[upkeep]\n|-sideend|p2: JustMonika_CARR|Reflect\n|upkeep\n|\n|t:|1700849019\n|switch|p2a: Magearna|Magearna|100\/100\n|turn|10\n|\n|t:|1700849027\n|move|p1a: Kyogre|Water Spout|p2a: Magearna\n|-enditem|p2a: Magearna|Focus Sash\n|-damage|p2a: Magearna|1\/100\n|move|p2a: Magearna|Shadow Ball|p1a: Kyogre\n|-damage|p1a: Kyogre|85\/100\n|\n|-weather|PrimordialSea|[upkeep]\n|-fieldend|move: Trick Room\n|upkeep\n|turn|11\n|\n|t:|1700849035\n|move|p2a: Magearna|Shadow Ball|p1a: Kyogre\n|-damage|p1a: Kyogre|67\/100\n|move|p1a: Kyogre|Thunder|p2a: Magearna\n|-damage|p2a: Magearna|0 fnt\n|faint|p2a: Magearna\n|\n|-weather|PrimordialSea|[upkeep]\n|upkeep\n|\n|t:|1700849042\n|switch|p2a: Arceus|Arceus|100\/100\n|turn|12\n|\n|t:|1700849046\n|move|p2a: Arceus|Cosmic Power|p2a: Arceus\n|-boost|p2a: Arceus|def|1\n|-boost|p2a: Arceus|spd|1\n|move|p1a: Kyogre|Origin Pulse|p2a: Arceus\n|-damage|p2a: Arceus|52\/100\n|\n|-weather|PrimordialSea|[upkeep]\n|upkeep\n|turn|13\n|\n|t:|1700849054\n|move|p2a: Arceus|Cosmic Power|p2a: Arceus\n|-boost|p2a: Arceus|def|1\n|-boost|p2a: Arceus|spd|1\n|move|p1a: Kyogre|Origin Pulse|p2a: Arceus\n|-damage|p2a: Arceus|16\/100\n|\n|-weather|PrimordialSea|[upkeep]\n|upkeep\n|turn|14\n|\n|t:|1700849056\n|move|p2a: Arceus|Rest|p2a: Arceus\n|-status|p2a: Arceus|slp|[from] move: Rest\n|-heal|p2a: Arceus|100\/100 slp|[silent]\n|-enditem|p2a: Arceus|Chesto Berry|[eat]\n|-curestatus|p2a: Arceus|slp|[msg]\n|move|p1a: Kyogre|Origin Pulse|p2a: Arceus\n|-damage|p2a: Arceus|67\/100\n|\n|-weather|PrimordialSea|[upkeep]\n|upkeep\n|turn|15\n|\n|t:|1700849063\n|move|p2a: Arceus|Cosmic Power|p2a: Arceus\n|-boost|p2a: Arceus|def|1\n|-boost|p2a: Arceus|spd|1\n|move|p1a: Kyogre|Origin Pulse|p2a: Arceus\n|-damage|p2a: Arceus|39\/100\n|\n|-weather|PrimordialSea|[upkeep]\n|upkeep\n|turn|16\n|\n|t:|1700849071\n|move|p2a: Arceus|Cosmic Power|p2a: Arceus\n|-boost|p2a: Arceus|def|1\n|-boost|p2a: Arceus|spd|1\n|move|p1a: Kyogre|Origin Pulse|p2a: Arceus\n|-damage|p2a: Arceus|14\/100\n|\n|-weather|PrimordialSea|[upkeep]\n|upkeep\n|turn|17\n|\n|t:|1700849075\n|move|p2a: Arceus|Rest|p2a: Arceus\n|-status|p2a: Arceus|slp|[from] move: Rest\n|-heal|p2a: Arceus|100\/100 slp|[silent]\n|move|p1a: Kyogre|Origin Pulse|p2a: Arceus\n|-damage|p2a: Arceus|79\/100 slp\n|\n|-weather|PrimordialSea|[upkeep]\n|upkeep\n|turn|18\n|\n|t:|1700849081\n|-weather|none\n|switch|p1a: Calyrex|Calyrex-Ice|92\/100\n|-ability|p1a: Calyrex|As One\n|-ability|p1a: Calyrex|Unnerve\n|-status|p1a: Calyrex|psn\n|cant|p2a: Arceus|slp\n|\n|-damage|p1a: Calyrex|79\/100 psn|[from] psn\n|upkeep\n|turn|19\n|\n|t:|1700849084\n|cant|p2a: Arceus|slp\n|move|p1a: Calyrex|Trick Room|p1a: Calyrex\n|-fieldstart|move: Trick Room|[of] p1a: Calyrex\n|\n|-damage|p1a: Calyrex|67\/100 psn|[from] psn\n|upkeep\n|turn|20\n|\n|t:|1700849087\n|move|p1a: Calyrex|Close Combat|p2a: Arceus\n|-supereffective|p2a: Arceus\n|-damage|p2a: Arceus|60\/100 slp\n|-unboost|p1a: Calyrex|def|1\n|-unboost|p1a: Calyrex|spd|1\n|-curestatus|p2a: Arceus|slp|[msg]\n|move|p2a: Arceus|Cosmic Power|p2a: Arceus\n|-boost|p2a: Arceus|def|1\n|-boost|p2a: Arceus|spd|1\n|\n|-damage|p1a: Calyrex|54\/100 psn|[from] psn\n|upkeep\n|turn|21\n|\n|t:|1700849091\n|move|p1a: Calyrex|Close Combat|p2a: Arceus\n|-supereffective|p2a: Arceus\n|-damage|p2a: Arceus|41\/100\n|-unboost|p1a: Calyrex|def|1\n|-unboost|p1a: Calyrex|spd|1\n|move|p2a: Arceus|Cosmic Power|p2a: Arceus\n|-boost|p2a: Arceus|def|1\n|-boost|p2a: Arceus|spd|1\n|\n|-damage|p1a: Calyrex|42\/100 psn|[from] psn\n|upkeep\n|turn|22\n|c|\u2606amweird|body press i assume?\n|\n|t:|1700849105\n|move|p1a: Calyrex|Close Combat|p2a: Arceus\n|-supereffective|p2a: Arceus\n|-damage|p2a: Arceus|25\/100\n|-unboost|p1a: Calyrex|def|1\n|-unboost|p1a: Calyrex|spd|1\n|move|p2a: Arceus|Charge Beam|p1a: Calyrex\n|-damage|p1a: Calyrex|18\/100 psn\n|-boost|p2a: Arceus|spa|1\n|\n|-damage|p1a: Calyrex|6\/100 psn|[from] psn\n|upkeep\n|turn|23\n|\n|t:|1700849110\n|move|p1a: Calyrex|Close Combat|p2a: Arceus\n|-supereffective|p2a: Arceus\n|-damage|p2a: Arceus|9\/100\n|-unboost|p1a: Calyrex|def|1\n|-unboost|p1a: Calyrex|spd|1\n|move|p2a: Arceus|Rest|p2a: Arceus\n|-status|p2a: Arceus|slp|[from] move: Rest\n|-heal|p2a: Arceus|100\/100 slp|[silent]\n|\n|-damage|p1a: Calyrex|0 fnt|[from] psn\n|faint|p1a: Calyrex\n|-fieldend|move: Trick Room\n|upkeep\n|\n|t:|1700849126\n|switch|p1a: Melmetal|Melmetal|81\/100\n|turn|24\n|\n|t:|1700849135\n|cant|p2a: Arceus|slp\n|move|p1a: Melmetal|Double Iron Bash|p2a: Arceus\n|-damage|p2a: Arceus|93\/100 slp\n|-damage|p2a: Arceus|85\/100 slp\n|-hitcount|p2a: Arceus|2\n|-damage|p1a: Melmetal|71\/100|[from] item: Life Orb\n|\n|upkeep\n|turn|25\n|\n|t:|1700849143\n|cant|p2a: Arceus|slp\n|move|p1a: Melmetal|Double Iron Bash|p2a: Arceus\n|-damage|p2a: Arceus|78\/100 slp\n|-damage|p2a: Arceus|70\/100 slp\n|-hitcount|p2a: Arceus|2\n|-damage|p1a: Melmetal|61\/100|[from] item: Life Orb\n|\n|upkeep\n|turn|26\n|\n|t:|1700849155\n|-curestatus|p2a: Arceus|slp|[msg]\n|move|p2a: Arceus|Charge Beam|p1a: Melmetal\n|-damage|p1a: Melmetal|41\/100\n|-boost|p2a: Arceus|spa|1\n|move|p1a: Melmetal|Body Press|p2a: Arceus\n|-supereffective|p2a: Arceus\n|-damage|p2a: Arceus|60\/100\n|-damage|p1a: Melmetal|31\/100|[from] item: Life Orb\n|\n|upkeep\n|turn|27\n|c|\u2606amweird|gg\n|-message|amweird forfeited.\n|\n|win|JustMonika_CARR\n|raw|amweird's rating: 1342 &rarr; <strong>1326<\/strong><br \/>(-16 for losing)\n|raw|JustMonika_CARR's rating: 1410 &rarr; <strong>1426<\/strong><br \/>(+16 for winning)\n|l|\u2606amweird\n","uploadtime":1700849176,"views":1,"p1id":"amweird","p2id":"justmonikacarr","formatid":"gen9nationaldexubers","rating":1326,"private":0,"password":""}