{"id":"gen9nationaldexubers-1985321236","p1":"keisannoia","p2":"Neo Destruction","format":"[Gen 9] National Dex Ubers","log":"|j|\u2606keisannoia\n|j|\u2606Neo Destruction\n|t:|1699364248\n|gametype|singles\n|player|p1|keisannoia|2|1000\n|player|p2|Neo Destruction|lance-lgpe|1117\n|teamsize|p1|6\n|teamsize|p2|6\n|gen|9\n|tier|[Gen 9] National Dex Ubers\n|rated|\n|rule|HP Percentage Mod: HP is shown in percentages\n|rule|Endless Battle Clause: Forcing endless battles is banned\n|rule|OHKO Clause: OHKO moves are banned\n|rule|Evasion Moves Clause: Evasion moves are banned\n|rule|Evasion Items Clause: Evasion items are banned\n|rule|Species Clause: Limit one of each Pok\u00e9mon\n|rule|Sleep Clause Mod: Limit one foe put to sleep\n|rule|Mega Rayquaza Clause: You cannot mega evolve Rayquaza\n|clearpoke\n|poke|p1|Charizard, M|\n|poke|p1|Lucario, M|\n|poke|p1|Grapploct, M|\n|poke|p1|Toxtricity-Low-Key, M|\n|poke|p1|Dracovish|\n|poke|p1|Dragapult, M|\n|poke|p2|Decidueye, M|\n|poke|p2|Blaziken, M|\n|poke|p2|Swampert, F|\n|poke|p2|Corviknight, F|\n|poke|p2|Garchomp, M|\n|poke|p2|Mewtwo|\n|teampreview\n|\n|t:|1699364255\n|start\n|switch|p1a: Grapploct|Grapploct, M|100\/100\n|switch|p2a: Decidueye|Decidueye, M|100\/100\n|turn|1\n|\n|t:|1699364264\n|move|p2a: Decidueye|Spirit Shackle|p1a: Grapploct\n|-damage|p1a: Grapploct|71\/100\n|-activate|p1a: Grapploct|trapped\n|move|p1a: Grapploct|Bulk Up|p1a: Grapploct\n|-boost|p1a: Grapploct|atk|1\n|-boost|p1a: Grapploct|def|1\n|\n|-heal|p1a: Grapploct|77\/100|[from] item: Leftovers\n|upkeep\n|turn|2\n|\n|t:|1699364271\n|move|p2a: Decidueye|Defog|p1a: Grapploct\n|-unboost|p1a: Grapploct|evasion|1\n|move|p1a: Grapploct|Bulk Up|p1a: Grapploct\n|-boost|p1a: Grapploct|atk|1\n|-boost|p1a: Grapploct|def|1\n|\n|-heal|p1a: Grapploct|83\/100|[from] item: Leftovers\n|upkeep\n|turn|3\n|\n|t:|1699364279\n|move|p1a: Grapploct|Sucker Punch|p2a: Decidueye\n|-supereffective|p2a: Decidueye\n|-crit|p2a: Decidueye\n|-damage|p2a: Decidueye|0 fnt\n|faint|p2a: Decidueye\n|\n|-heal|p1a: Grapploct|89\/100|[from] item: Leftovers\n|upkeep\n|\n|t:|1699364286\n|switch|p2a: Blaziken|Blaziken, M|100\/100\n|turn|4\n|\n|t:|1699364295\n|move|p2a: Blaziken|Brave Bird|p1a: Grapploct\n|-supereffective|p1a: Grapploct\n|-damage|p1a: Grapploct|51\/100\n|-damage|p2a: Blaziken|85\/100|[from] Recoil\n|move|p1a: Grapploct|Liquidation|p2a: Blaziken\n|-supereffective|p2a: Blaziken\n|-damage|p2a: Blaziken|0 fnt\n|faint|p2a: Blaziken\n|\n|-heal|p1a: Grapploct|57\/100|[from] item: Leftovers\n|upkeep\n|\n|t:|1699364298\n|switch|p2a: Swampert|Swampert, F|100\/100\n|turn|5\n|\n|t:|1699364314\n|move|p2a: Swampert|Liquidation|p1a: Grapploct\n|-damage|p1a: Grapploct|33\/100\n|move|p1a: Grapploct|Drain Punch|p2a: Swampert\n|-damage|p2a: Swampert|44\/100\n|-heal|p1a: Grapploct|64\/100|[from] drain|[of] p2a: Swampert\n|\n|-heal|p1a: Grapploct|70\/100|[from] item: Leftovers\n|upkeep\n|turn|6\n|\n|t:|1699364323\n|move|p2a: Swampert|Liquidation|p1a: Grapploct\n|-damage|p1a: Grapploct|48\/100\n|move|p1a: Grapploct|Drain Punch|p2a: Swampert\n|-damage|p2a: Swampert|0 fnt\n|-heal|p1a: Grapploct|72\/100|[from] drain|[of] p2a: Swampert\n|faint|p2a: Swampert\n|\n|-heal|p1a: Grapploct|78\/100|[from] item: Leftovers\n|upkeep\n|\n|t:|1699364326\n|switch|p2a: Corviknight|Corviknight, F|100\/100\n|turn|7\n|\n|t:|1699364343\n|move|p1a: Grapploct|Sucker Punch||[still]\n|-fail|p1a: Grapploct\n|move|p2a: Corviknight|Bulk Up|p2a: Corviknight\n|-boost|p2a: Corviknight|atk|1\n|-boost|p2a: Corviknight|def|1\n|\n|-heal|p1a: Grapploct|84\/100|[from] item: Leftovers\n|upkeep\n|turn|8\n|\n|t:|1699364350\n|move|p2a: Corviknight|Bulk Up|p2a: Corviknight\n|-boost|p2a: Corviknight|atk|1\n|-boost|p2a: Corviknight|def|1\n|move|p1a: Grapploct|Drain Punch|p2a: Corviknight\n|-crit|p2a: Corviknight\n|-damage|p2a: Corviknight|23\/100\n|-heal|p1a: Grapploct|100\/100|[from] drain|[of] p2a: Corviknight\n|\n|-heal|p2a: Corviknight|29\/100|[from] item: Leftovers\n|upkeep\n|turn|9\n|\n|t:|1699364360\n|move|p1a: Grapploct|Sucker Punch|p2a: Corviknight\n|-damage|p2a: Corviknight|15\/100\n|move|p2a: Corviknight|Power Trip|p1a: Grapploct\n|-resisted|p1a: Grapploct\n|-damage|p1a: Grapploct|86\/100\n|\n|-heal|p2a: Corviknight|21\/100|[from] item: Leftovers\n|-heal|p1a: Grapploct|92\/100|[from] item: Leftovers\n|upkeep\n|turn|10\n|\n|t:|1699364368\n|move|p2a: Corviknight|Body Press|p1a: Grapploct\n|-damage|p1a: Grapploct|73\/100\n|move|p1a: Grapploct|Drain Punch|p2a: Corviknight\n|-damage|p2a: Corviknight|0 fnt\n|-heal|p1a: Grapploct|84\/100|[from] drain|[of] p2a: Corviknight\n|faint|p2a: Corviknight\n|\n|-heal|p1a: Grapploct|90\/100|[from] item: Leftovers\n|upkeep\n|\n|t:|1699364369\n|switch|p2a: Garchomp|Garchomp, M|100\/100\n|turn|11\n|\n|t:|1699364381\n|-terastallize|p2a: Garchomp|Steel\n|move|p2a: Garchomp|Hone Claws|p2a: Garchomp\n|-boost|p2a: Garchomp|atk|1\n|-boost|p2a: Garchomp|accuracy|1\n|move|p1a: Grapploct|Liquidation|p2a: Garchomp\n|-damage|p2a: Garchomp|53\/100\n|-damage|p1a: Grapploct|78\/100|[from] ability: Rough Skin|[of] p2a: Garchomp\n|\n|-heal|p1a: Grapploct|84\/100|[from] item: Leftovers\n|upkeep\n|turn|12\n|\n|t:|1699364391\n|move|p2a: Garchomp|Dragon Rush|p1a: Grapploct\n|-damage|p1a: Grapploct|43\/100\n|move|p1a: Grapploct|Drain Punch|p2a: Garchomp\n|-supereffective|p2a: Garchomp\n|-damage|p2a: Garchomp|0 fnt\n|-heal|p1a: Grapploct|69\/100|[from] drain|[of] p2a: Garchomp\n|-damage|p1a: Grapploct|57\/100|[from] ability: Rough Skin|[of] p2a: Garchomp\n|faint|p2a: Garchomp\n|\n|-heal|p1a: Grapploct|63\/100|[from] item: Leftovers\n|upkeep\n|\n|t:|1699364395\n|switch|p2a: Mewtwo|Mewtwo|100\/100\n|-ability|p2a: Mewtwo|Pressure\n|turn|13\n|\n|t:|1699364403\n|detailschange|p2a: Mewtwo|Mewtwo-Mega-Y\n|-mega|p2a: Mewtwo|Mewtwo|Mewtwonite Y\n|move|p1a: Grapploct|Sucker Punch||[still]\n|-fail|p1a: Grapploct\n|move|p2a: Mewtwo|Agility|p2a: Mewtwo\n|-boost|p2a: Mewtwo|spe|2\n|\n|-heal|p1a: Grapploct|69\/100|[from] item: Leftovers\n|upkeep\n|turn|14\n|\n|t:|1699364411\n|move|p1a: Grapploct|Sucker Punch|p2a: Mewtwo\n|-supereffective|p2a: Mewtwo\n|-damage|p2a: Mewtwo|0 fnt\n|faint|p2a: Mewtwo\n|\n|win|keisannoia\n|raw|keisannoia's rating: 1000 &rarr; <strong>1053<\/strong><br \/>(+53 for winning)\n|raw|Neo Destruction's rating: 1117 &rarr; <strong>1084<\/strong><br \/>(-33 for losing)\n|l|\u2606Neo Destruction\n","uploadtime":1699364433,"views":5,"p1id":"keisannoia","p2id":"neodestruction","formatid":"gen9nationaldexubers","rating":1053,"private":0,"password":""}