{"id":"gen9nationaldexubers-1978290584","p1":"ManuelvgDios","p2":"85792195wwww","format":"[Gen 9] National Dex Ubers","log":"|j|\u2606ManuelvgDios\n|j|\u260685792195wwww\n|t:|1698521482\n|gametype|singles\n|player|p1|ManuelvgDios|1|1599\n|player|p2|85792195wwww|lady|1840\n|teamsize|p1|6\n|teamsize|p2|6\n|gen|9\n|tier|[Gen 9] National Dex Ubers\n|rated|\n|rule|HP Percentage Mod: HP is shown in percentages\n|rule|Endless Battle Clause: Forcing endless battles is banned\n|rule|OHKO Clause: OHKO moves are banned\n|rule|Evasion Moves Clause: Evasion moves are banned\n|rule|Evasion Items Clause: Evasion items are banned\n|rule|Species Clause: Limit one of each Pok\u00e9mon\n|rule|Sleep Clause Mod: Limit one foe put to sleep\n|rule|Mega Rayquaza Clause: You cannot mega evolve Rayquaza\n|clearpoke\n|poke|p1|Ho-Oh|\n|poke|p1|Ferrothorn, M|\n|poke|p1|Gastrodon, F|\n|poke|p1|Palkia-Origin|\n|poke|p1|Chansey, F|\n|poke|p1|Xerneas-*|\n|poke|p2|Zacian-*|\n|poke|p2|Kyogre|\n|poke|p2|Xerneas-*|\n|poke|p2|Krookodile, F|\n|poke|p2|Groudon|\n|poke|p2|Arceus|\n|teampreview\n|\n|t:|1698521488\n|start\n|switch|p1a: Xerneas|Xerneas|100\/100\n|switch|p2a: Krookodile|Krookodile, F|100\/100\n|-ability|p2a: Krookodile|Intimidate|boost\n|-unboost|p1a: Xerneas|atk|1\n|-ability|p1a: Xerneas|Fairy Aura\n|turn|1\n|\n|t:|1698521499\n|move|p2a: Krookodile|Knock Off|p1a: Xerneas\n|-resisted|p1a: Xerneas\n|-damage|p1a: Xerneas|87\/100\n|-enditem|p1a: Xerneas|Leftovers|[from] move: Knock Off|[of] p2a: Krookodile\n|move|p1a: Xerneas|Moonblast|p2a: Krookodile\n|-supereffective|p2a: Krookodile\n|-enditem|p2a: Krookodile|Focus Sash\n|-damage|p2a: Krookodile|1\/100\n|\n|upkeep\n|turn|2\n|\n|t:|1698521508\n|switch|p2a: Zacian|Zacian-Crowned|100\/100\n|-ability|p2a: Zacian|Intrepid Sword|boost\n|-boost|p2a: Zacian|atk|1\n|move|p1a: Xerneas|Moonblast|p2a: Zacian\n|-resisted|p2a: Zacian\n|-damage|p2a: Zacian|76\/100\n|-unboost|p2a: Zacian|spa|1\n|\n|upkeep\n|turn|3\n|\n|t:|1698521522\n|switch|p1a: Ferrothorn|Ferrothorn, M|100\/100\n|move|p2a: Zacian|Swords Dance|p2a: Zacian\n|-boost|p2a: Zacian|atk|2\n|\n|upkeep\n|turn|4\n|l|\u260685792195wwww\n|player|p2|\n|j|\u260685792195wwww\n|player|p2|85792195wwww|lady\n|\n|t:|1698521559\n|switch|p1a: Gastrodon|Gastrodon, F, shiny|100\/100\n|-terastallize|p2a: Zacian|Ground\n|move|p2a: Zacian|Tera Blast|p1a: Gastrodon|[anim] Tera Blast Ground\n|-damage|p1a: Gastrodon|0 fnt\n|faint|p1a: Gastrodon\n|\n|upkeep\n|j| Toon_13\n|\n|t:|1698521572\n|switch|p1a: Ho-Oh|Ho-Oh, shiny|100\/100\n|turn|5\n|\n|t:|1698521576\n|move|p2a: Zacian|Wild Charge|p1a: Ho-Oh\n|-supereffective|p1a: Ho-Oh\n|-damage|p1a: Ho-Oh|0 fnt\n|faint|p1a: Ho-Oh\n|-damage|p2a: Zacian|44\/100|[from] Recoil\n|\n|upkeep\n|\n|t:|1698521587\n|switch|p1a: Ferrothorn|Ferrothorn, M|100\/100\n|turn|6\n|\n|t:|1698521593\n|move|p2a: Zacian|Tera Blast|p1a: Ferrothorn|[anim] Tera Blast Ground\n|-damage|p1a: Ferrothorn|31\/100\n|move|p1a: Ferrothorn|Gyro Ball|p2a: Zacian\n|-damage|p2a: Zacian|1\/100\n|\n|-heal|p1a: Ferrothorn|37\/100|[from] item: Leftovers\n|upkeep\n|turn|7\n|\n|t:|1698521601\n|move|p1a: Ferrothorn|Protect|p1a: Ferrothorn\n|-singleturn|p1a: Ferrothorn|Protect\n|move|p2a: Zacian|Tera Blast|p1a: Ferrothorn|[anim] Tera Blast Ground\n|-activate|p1a: Ferrothorn|move: Protect\n|\n|-heal|p1a: Ferrothorn|43\/100|[from] item: Leftovers\n|upkeep\n|turn|8\n|\n|t:|1698521618\n|switch|p1a: Chansey|Chansey, F|100\/100\n|move|p2a: Zacian|Tera Blast|p1a: Chansey|[anim] Tera Blast Ground\n|-damage|p1a: Chansey|20\/100\n|\n|upkeep\n|turn|9\n|\n|t:|1698521625\n|switch|p1a: Ferrothorn|Ferrothorn, M|43\/100\n|move|p2a: Zacian|Tera Blast|p1a: Ferrothorn|[anim] Tera Blast Ground\n|-damage|p1a: Ferrothorn|0 fnt\n|faint|p1a: Ferrothorn\n|\n|upkeep\n|-message|ManuelvgDios forfeited.\n|\n|win|85792195wwww\n|raw|ManuelvgDios's rating: 1599 &rarr; <strong>1591<\/strong><br \/>(-8 for losing)\n|raw|85792195wwww's rating: 1840 &rarr; <strong>1848<\/strong><br \/>(+8 for winning)\n|l|\u2606ManuelvgDios\n","uploadtime":1698521635,"views":6,"p1id":"manuelvgdios","p2id":"85792195wwww","formatid":"gen9nationaldexubers","rating":1591,"private":0,"password":""}