{"id":"gen9nationaldexubers-1987618921","p1":"777Clearnu","p2":"arafatr871","format":"[Gen 9] National Dex Ubers","log":"|j|\u2606777Clearnu\n|j|\u2606arafatr871\n|t:|1699620351\n|gametype|singles\n|player|p1|777Clearnu|skier|1728\n|player|p2|arafatr871|ingo|1632\n|teamsize|p1|6\n|teamsize|p2|6\n|gen|9\n|tier|[Gen 9] National Dex Ubers\n|rated|\n|rule|HP Percentage Mod: HP is shown in percentages\n|rule|Endless Battle Clause: Forcing endless battles is banned\n|rule|OHKO Clause: OHKO moves are banned\n|rule|Evasion Moves Clause: Evasion moves are banned\n|rule|Evasion Items Clause: Evasion items are banned\n|rule|Species Clause: Limit one of each Pok\u00e9mon\n|rule|Sleep Clause Mod: Limit one foe put to sleep\n|rule|Mega Rayquaza Clause: You cannot mega evolve Rayquaza\n|clearpoke\n|poke|p1|Ho-Oh|\n|poke|p1|Arceus|\n|poke|p1|Groudon|\n|poke|p1|Yveltal|\n|poke|p1|Lunala|\n|poke|p1|Glimmora, M|\n|poke|p2|Groudon|\n|poke|p2|Dondozo, M|\n|poke|p2|Yveltal|\n|poke|p2|Zacian-*|\n|poke|p2|Kyogre|\n|poke|p2|Samurott-Hisui, M|\n|teampreview\n|inactive|Battle timer is ON: inactive players will automatically lose when time's up. (requested by 777Clearnu)\n|inactive|arafatr871 also wants the timer to be on.\n|\n|t:|1699620360\n|start\n|switch|p1a: savage spin out|Glimmora, M|100\/100\n|switch|p2a: Kyogre|Kyogre|100\/100\n|detailschange|p2a: Kyogre|Kyogre-Primal\n|-primal|p2a: Kyogre|Blue Orb\n|-weather|PrimordialSea|[from] ability: Primordial Sea|[of] p2a: Kyogre\n|turn|1\n|\n|t:|1699620367\n|move|p1a: savage spin out|Stealth Rock|p2a: Kyogre\n|-sidestart|p2: arafatr871|move: Stealth Rock\n|move|p2a: Kyogre|Ice Beam|p1a: savage spin out\n|-damage|p1a: savage spin out|43\/100\n|\n|-weather|PrimordialSea|[upkeep]\n|upkeep\n|turn|2\n|\n|t:|1699620380\n|move|p1a: savage spin out|Mortal Spin|p2a: Kyogre\n|-damage|p2a: Kyogre|95\/100\n|-status|p2a: Kyogre|psn\n|move|p2a: Kyogre|Ice Beam|p1a: savage spin out\n|-damage|p1a: savage spin out|0 fnt\n|faint|p1a: savage spin out\n|\n|-weather|PrimordialSea|[upkeep]\n|-damage|p2a: Kyogre|83\/100 psn|[from] psn\n|upkeep\n|\n|t:|1699620396\n|switch|p1a: Lemon Demon|Yveltal|100\/100\n|-ability|p1a: Lemon Demon|Dark Aura\n|turn|3\n|\n|t:|1699620406\n|-zpower|p1a: Lemon Demon\n|move|p1a: Lemon Demon|Black Hole Eclipse|p2a: Kyogre|[zeffect]\n|-damage|p2a: Kyogre|2\/100 psn\n|move|p2a: Kyogre|Thunder|p1a: Lemon Demon\n|-supereffective|p1a: Lemon Demon\n|-damage|p1a: Lemon Demon|0 fnt\n|faint|p1a: Lemon Demon\n|\n|-weather|PrimordialSea|[upkeep]\n|-damage|p2a: Kyogre|0 fnt|[from] psn\n|faint|p2a: Kyogre\n|-weather|none\n|upkeep\n|inactive|777Clearnu has 120 seconds left.\n|\n|t:|1699620431\n|switch|p1a: dance^2|Groudon|100\/100\n|switch|p2a: Samurott|Samurott-Hisui, M, shiny|100\/100\n|-damage|p2a: Samurott|88\/100|[from] Stealth Rock\n|detailschange|p1a: dance^2|Groudon-Primal\n|-primal|p1a: dance^2|Red Orb\n|-weather|DesolateLand|[from] ability: Desolate Land|[of] p1a: dance^2\n|turn|4\n|\n|t:|1699620438\n|move|p1a: dance^2|Solar Beam||[still]\n|-prepare|p1a: dance^2|Solar Beam\n|-anim|p1a: dance^2|Solar Beam|p2a: Samurott\n|-supereffective|p2a: Samurott\n|-damage|p2a: Samurott|0 fnt\n|faint|p2a: Samurott\n|\n|-weather|DesolateLand|[upkeep]\n|upkeep\n|\n|t:|1699620448\n|switch|p2a: Zacian|Zacian-Crowned|100\/100\n|-damage|p2a: Zacian|94\/100|[from] Stealth Rock\n|-ability|p2a: Zacian|Intrepid Sword|boost\n|-boost|p2a: Zacian|atk|1\n|turn|5\n|\n|t:|1699620451\n|-terastallize|p2a: Zacian|Ground\n|move|p2a: Zacian|Tera Blast|p1a: dance^2|[anim] Tera Blast Ground\n|-supereffective|p1a: dance^2\n|-damage|p1a: dance^2|3\/100\n|move|p1a: dance^2|Precipice Blades|p2a: Zacian\n|-damage|p2a: Zacian|16\/100\n|\n|-weather|DesolateLand|[upkeep]\n|upkeep\n|turn|6\n|\n|t:|1699620459\n|-weather|none\n|switch|p1a: birdspam|Ho-Oh|100\/100\n|move|p2a: Zacian|Behemoth Blade|p1a: birdspam\n|-resisted|p1a: birdspam\n|-damage|p1a: birdspam|71\/100\n|\n|upkeep\n|turn|7\n|\n|t:|1699620463\n|switch|p1a: dance^2|Groudon-Primal|3\/100\n|-weather|DesolateLand|[from] ability: Desolate Land|[of] p1a: dance^2\n|move|p2a: Zacian|Wild Charge|p1a: dance^2\n|-immune|p1a: dance^2\n|\n|-weather|DesolateLand|[upkeep]\n|upkeep\n|turn|8\n|\n|t:|1699620471\n|-weather|none\n|switch|p1a: BKC|Arceus|100\/100\n|move|p2a: Zacian|Behemoth Blade|p1a: BKC\n|-damage|p1a: BKC|39\/100\n|\n|upkeep\n|turn|9\n|\n|t:|1699620476\n|move|p1a: BKC|Extreme Speed|p2a: Zacian\n|-damage|p2a: Zacian|0 fnt\n|faint|p2a: Zacian\n|-damage|p1a: BKC|29\/100|[from] item: Life Orb\n|\n|upkeep\n|\n|t:|1699620486\n|switch|p2a: Dondozo|Dondozo, M, shiny|100\/100\n|-damage|p2a: Dondozo|88\/100|[from] Stealth Rock\n|turn|10\n|\n|t:|1699620489\n|switch|p1a: dance^2|Groudon-Primal|3\/100\n|-weather|DesolateLand|[from] ability: Desolate Land|[of] p1a: dance^2\n|move|p2a: Dondozo|Earthquake|p1a: dance^2\n|-supereffective|p1a: dance^2\n|-damage|p1a: dance^2|0 fnt\n|faint|p1a: dance^2\n|-weather|none\n|\n|-heal|p2a: Dondozo|94\/100|[from] item: Leftovers\n|upkeep\n|\n|t:|1699620502\n|switch|p1a: Car Seat Headrest|Lunala|100\/100\n|turn|11\n|\n|t:|1699620506\n|move|p1a: Car Seat Headrest|Agility|p1a: Car Seat Headrest\n|-boost|p1a: Car Seat Headrest|spe|2\n|move|p2a: Dondozo|Liquidation|p1a: Car Seat Headrest\n|-damage|p1a: Car Seat Headrest|84\/100\n|\n|-heal|p2a: Dondozo|99\/100|[from] item: Leftovers\n|upkeep\n|turn|12\n|\n|t:|1699620510\n|move|p1a: Car Seat Headrest|Moongeist Beam|p2a: Dondozo\n|-damage|p2a: Dondozo|42\/100\n|move|p2a: Dondozo|Earthquake|p1a: Car Seat Headrest\n|-damage|p1a: Car Seat Headrest|55\/100\n|\n|-heal|p2a: Dondozo|49\/100|[from] item: Leftovers\n|upkeep\n|turn|13\n|\n|t:|1699620514\n|move|p1a: Car Seat Headrest|Moongeist Beam|p2a: Dondozo\n|-damage|p2a: Dondozo|0 fnt\n|faint|p2a: Dondozo\n|\n|upkeep\n|\n|t:|1699620516\n|switch|p2a: Yveltal|Yveltal, shiny|100\/100\n|-damage|p2a: Yveltal|76\/100|[from] Stealth Rock\n|-ability|p2a: Yveltal|Dark Aura\n|turn|14\n|\n|t:|1699620519\n|-terastallize|p1a: Car Seat Headrest|Dark\n|move|p1a: Car Seat Headrest|Meteor Beam||[still]\n|-prepare|p1a: Car Seat Headrest|Meteor Beam\n|-boost|p1a: Car Seat Headrest|spa|1\n|-enditem|p1a: Car Seat Headrest|Power Herb\n|-anim|p1a: Car Seat Headrest|Meteor Beam|p2a: Yveltal\n|-supereffective|p2a: Yveltal\n|-damage|p2a: Yveltal|0 fnt\n|faint|p2a: Yveltal\n|\n|upkeep\n|\n|t:|1699620525\n|switch|p2a: Groudon|Groudon, shiny|100\/100\n|-damage|p2a: Groudon|94\/100|[from] Stealth Rock\n|detailschange|p2a: Groudon|Groudon-Primal, shiny\n|-primal|p2a: Groudon|Red Orb\n|-weather|DesolateLand|[from] ability: Desolate Land|[of] p2a: Groudon\n|turn|15\n|\n|t:|1699620529\n|move|p1a: Car Seat Headrest|Moongeist Beam|p2a: Groudon\n|-damage|p2a: Groudon|0 fnt\n|faint|p2a: Groudon\n|-weather|none\n|\n|win|777Clearnu\n|raw|777Clearnu's rating: 1728 &rarr; <strong>1743<\/strong><br \/>(+15 for winning)\n|raw|arafatr871's rating: 1632 &rarr; <strong>1617<\/strong><br \/>(-15 for losing)\n|l|\u2606777Clearnu\n","uploadtime":1699620608,"views":5,"p1id":"777clearnu","p2id":"arafatr871","formatid":"gen9nationaldexubers","rating":1617,"private":0,"password":""}