{"id":"gen9nationaldexubers-1990969941","p1":"Vicente_NMG","p2":"KENTHARO 777","format":"[Gen 9] National Dex Ubers","log":"|j|\u2606Vicente_NMG\n|j|\u2606KENTHARO 777\n|t:|1700021338\n|gametype|singles\n|player|p1|Vicente_NMG|red|\n|player|p2|KENTHARO 777|nate|\n|teamsize|p1|6\n|teamsize|p2|6\n|gen|9\n|tier|[Gen 9] National Dex Ubers\n|rule|HP Percentage Mod: HP is shown in percentages\n|rule|Endless Battle Clause: Forcing endless battles is banned\n|rule|OHKO Clause: OHKO moves are banned\n|rule|Evasion Moves Clause: Evasion moves are banned\n|rule|Evasion Items Clause: Evasion items are banned\n|rule|Species Clause: Limit one of each Pok\u00e9mon\n|rule|Sleep Clause Mod: Limit one foe put to sleep\n|rule|Mega Rayquaza Clause: You cannot mega evolve Rayquaza\n|clearpoke\n|poke|p1|Krookodile, F|\n|poke|p1|Blastoise, F|\n|poke|p1|Urshifu-*, F|\n|poke|p1|Ampharos, F|\n|poke|p1|Pidgeot, F|\n|poke|p1|Venusaur, M|\n|poke|p2|Diancie|\n|poke|p2|Venusaur, M|\n|poke|p2|Rayquaza|\n|poke|p2|Greninja-*, M|\n|poke|p2|Kingambit, M|\n|poke|p2|Annihilape, F|\n|teampreview\n|l|\u2606Vicente_NMG\n|player|p1|\n|c|\u2606KENTHARO 777|Saca tu venasaur\n|c|\u2606KENTHARO 777|Y pones leche seed\n|c|\u2606KENTHARO 777|Y giga ser\u00e1n\n|c|\u2606KENTHARO 777|Y ser\u00e1 infinita el PvP\n|c|\u2606KENTHARO 777|Dale?\n|j|\u2606Vicente_NMG\n|player|p1|Vicente_NMG|red\n|c|\u2606KENTHARO 777|Dale?\n|\n|t:|1700021423\n|start\n|switch|p1a: Ampharos|Ampharos, F|100\/100\n|switch|p2a: Diablos|Venusaur, M|100\/100\n|turn|1\n|\n|t:|1700021438\n|detailschange|p2a: Diablos|Venusaur-Mega, M\n|-mega|p2a: Diablos|Venusaur|Venusaurite\n|move|p2a: Diablos|Leech Seed|p1a: Ampharos\n|-start|p1a: Ampharos|move: Leech Seed\n|move|p1a: Ampharos|Thunder Wave|p2a: Diablos\n|-status|p2a: Diablos|par\n|\n|-damage|p1a: Ampharos|88\/100|[from] Leech Seed|[of] p2a: Diablos\n|upkeep\n|turn|2\n|c|\u2606Vicente_NMG|Leech seed no afecta a planta\n|c|\u2606KENTHARO 777|Fok\n|c|\u2606KENTHARO 777|Cierto\n|c|\u2606KENTHARO 777|F\n|\n|t:|1700021480\n|switch|p1a: Blastoise|Blastoise, F|100\/100\n|move|p2a: Diablos|Toxic|p1a: Blastoise\n|-status|p1a: Blastoise|tox\n|\n|-damage|p1a: Blastoise|94\/100 tox|[from] psn\n|upkeep\n|turn|3\n|\n|t:|1700021488\n|move|p1a: Blastoise|Shell Smash|p1a: Blastoise\n|-unboost|p1a: Blastoise|def|1\n|-unboost|p1a: Blastoise|spd|1\n|-boost|p1a: Blastoise|atk|2\n|-boost|p1a: Blastoise|spa|2\n|-boost|p1a: Blastoise|spe|2\n|cant|p2a: Diablos|par\n|\n|-damage|p1a: Blastoise|82\/100 tox|[from] psn\n|upkeep\n|turn|4\n|\n|t:|1700021498\n|detailschange|p1a: Blastoise|Blastoise-Mega, F\n|-mega|p1a: Blastoise|Blastoise|Blastoisinite\n|move|p1a: Blastoise|Ice Beam|p2a: Diablos\n|-supereffective|p2a: Diablos\n|-damage|p2a: Diablos|43\/100 par\n|move|p2a: Diablos|Knock Off|p1a: Blastoise\n|-damage|p1a: Blastoise|59\/100 tox\n|\n|-damage|p1a: Blastoise|41\/100 tox|[from] psn\n|upkeep\n|turn|5\n|\n|t:|1700021511\n|move|p1a: Blastoise|Ice Beam|p2a: Diablos\n|-supereffective|p2a: Diablos\n|-damage|p2a: Diablos|0 fnt\n|faint|p2a: Diablos\n|\n|-damage|p1a: Blastoise|17\/100 tox|[from] psn\n|upkeep\n|\n|t:|1700021519\n|switch|p2a: Greninja|Greninja, M|100\/100\n|turn|6\n|\n|t:|1700021526\n|move|p1a: Blastoise|Aqua Jet|p2a: Greninja\n|-resisted|p2a: Greninja\n|-crit|p2a: Greninja\n|-damage|p2a: Greninja|64\/100\n|move|p2a: Greninja|Shadow Sneak|p1a: Blastoise\n|-damage|p1a: Blastoise|3\/100 tox\n|\n|-heal|p2a: Greninja|70\/100|[from] item: Leftovers\n|-damage|p1a: Blastoise|0 fnt|[from] psn\n|faint|p1a: Blastoise\n|upkeep\n|\n|t:|1700021542\n|switch|p1a: Urshifu|Urshifu, F|100\/100\n|turn|7\n|\n|t:|1700021556\n|-terastallize|p2a: Greninja|Ground\n|move|p2a: Greninja|Shadow Sneak|p1a: Urshifu\n|-resisted|p1a: Urshifu\n|-damage|p1a: Urshifu|96\/100\n|-damage|p2a: Greninja|54\/100|[from] item: Rocky Helmet|[of] p1a: Urshifu\n|move|p1a: Urshifu|Bulk Up|p1a: Urshifu\n|-boost|p1a: Urshifu|atk|1\n|-boost|p1a: Urshifu|def|1\n|\n|-heal|p2a: Greninja|60\/100|[from] item: Leftovers\n|upkeep\n|turn|8\n|\n|t:|1700021566\n|move|p2a: Greninja|Blizzard|p1a: Urshifu\n|-damage|p1a: Urshifu|52\/100\n|move|p1a: Urshifu|Bulk Up|p1a: Urshifu\n|-boost|p1a: Urshifu|atk|1\n|-boost|p1a: Urshifu|def|1\n|\n|-heal|p2a: Greninja|66\/100|[from] item: Leftovers\n|upkeep\n|turn|9\n|\n|t:|1700021574\n|move|p2a: Greninja|Gunk Shot|p1a: Urshifu\n|-damage|p1a: Urshifu|39\/100\n|-status|p1a: Urshifu|psn\n|move|p1a: Urshifu|Drain Punch|p2a: Greninja\n|-damage|p2a: Greninja|0 fnt\n|-heal|p1a: Urshifu|67\/100 psn|[from] drain|[of] p2a: Greninja\n|faint|p2a: Greninja\n|\n|-damage|p1a: Urshifu|54\/100 psn|[from] psn\n|upkeep\n|\n|t:|1700021589\n|switch|p2a: Helo n1gg@|Rayquaza, shiny|100\/100\n|-ability|p2a: Helo n1gg@|Air Lock\n|turn|10\n|\n|t:|1700021603\n|move|p1a: Urshifu|Wicked Blow|p2a: Helo n1gg@\n|-crit|p2a: Helo n1gg@\n|-damage|p2a: Helo n1gg@|0 fnt\n|faint|p2a: Helo n1gg@\n|\n|-damage|p1a: Urshifu|42\/100 psn|[from] psn\n|upkeep\n|\n|t:|1700021607\n|switch|p2a: Nena|Diancie|100\/100\n|turn|11\n|\n|t:|1700021611\n|move|p1a: Urshifu|Iron Head|p2a: Nena\n|-supereffective|p2a: Nena\n|-damage|p2a: Nena|0 fnt\n|faint|p2a: Nena\n|\n|-damage|p1a: Urshifu|30\/100 psn|[from] psn\n|upkeep\n|\n|t:|1700021613\n|switch|p2a: Annihilape|Annihilape, F|100\/100\n|turn|12\n|\n|t:|1700021620\n|move|p1a: Urshifu|Wicked Blow|p2a: Annihilape\n|-crit|p2a: Annihilape\n|-damage|p2a: Annihilape|0 fnt\n|faint|p2a: Annihilape\n|\n|-damage|p1a: Urshifu|18\/100 psn|[from] psn\n|upkeep\n|\n|t:|1700021623\n|switch|p2a: Kingambit|Kingambit, M|100\/100\n|-activate|p2a: Kingambit|ability: Supreme Overlord\n|-start|p2a: Kingambit|fallen5|[silent]\n|turn|13\n|\n|t:|1700021631\n|move|p1a: Urshifu|Bulk Up|p1a: Urshifu\n|-boost|p1a: Urshifu|atk|1\n|-boost|p1a: Urshifu|def|1\n|move|p2a: Kingambit|Night Slash|p1a: Urshifu\n|-resisted|p1a: Urshifu\n|-damage|p1a: Urshifu|12\/100 psn\n|-damage|p2a: Kingambit|84\/100|[from] item: Rocky Helmet|[of] p1a: Urshifu\n|\n|-heal|p2a: Kingambit|90\/100|[from] item: Leftovers\n|-damage|p1a: Urshifu|0 fnt|[from] psn\n|faint|p1a: Urshifu\n|upkeep\n|\n|t:|1700021643\n|switch|p1a: Krookodile|Krookodile, F|100\/100\n|turn|14\n|\n|t:|1700021658\n|move|p1a: Krookodile|Hone Claws|p1a: Krookodile\n|-boost|p1a: Krookodile|atk|1\n|-boost|p1a: Krookodile|accuracy|1\n|move|p2a: Kingambit|Zen Headbutt|p1a: Krookodile\n|-immune|p1a: Krookodile\n|\n|-heal|p2a: Kingambit|96\/100|[from] item: Leftovers\n|upkeep\n|turn|15\n|\n|t:|1700021672\n|move|p1a: Krookodile|Earthquake|p2a: Kingambit\n|-supereffective|p2a: Kingambit\n|-damage|p2a: Kingambit|0 fnt\n|faint|p2a: Kingambit\n|-end|p2a: Kingambit|fallen5|[silent]\n|\n|win|Vicente_NMG\n|l|\u2606KENTHARO 777\n","uploadtime":1700021680,"views":8,"p1id":"vicentenmg","p2id":"kentharo777","formatid":"gen9nationaldexubers","rating":0,"private":0,"password":""}