{"id":"gen9nationaldexubers-2000161620","p1":"Sea balls haha","p2":"Th3Soci3ty","format":"[Gen 9] National Dex Ubers","log":"|j|\u2606Sea balls haha\n|j|\u2606Th3Soci3ty\n|t:|1701165358\n|gametype|singles\n|player|p1|Sea balls haha|265|1064\n|player|p2|Th3Soci3ty|veteranf|1186\n|teamsize|p1|3\n|teamsize|p2|6\n|gen|9\n|tier|[Gen 9] National Dex Ubers\n|rated|\n|rule|HP Percentage Mod: HP is shown in percentages\n|rule|Endless Battle Clause: Forcing endless battles is banned\n|rule|OHKO Clause: OHKO moves are banned\n|rule|Evasion Moves Clause: Evasion moves are banned\n|rule|Evasion Items Clause: Evasion items are banned\n|rule|Species Clause: Limit one of each Pok\u00e9mon\n|rule|Sleep Clause Mod: Limit one foe put to sleep\n|rule|Mega Rayquaza Clause: You cannot mega evolve Rayquaza\n|clearpoke\n|poke|p1|Urshifu-*, M|\n|poke|p1|Glimmora, F|\n|poke|p1|Ogerpon-Hearthflame, F|\n|poke|p2|Glimmora, M|\n|poke|p2|Sneasler, M|\n|poke|p2|Dusclops, F|\n|poke|p2|Garganacl, F|\n|poke|p2|Noivern, F|\n|poke|p2|Mamoswine, M|\n|teampreview\n|\n|t:|1701165381\n|start\n|switch|p1a: From Walmart|Glimmora, F|100\/100\n|switch|p2a: Glimmora|Glimmora, M|100\/100\n|turn|1\n|\n|t:|1701165387\n|move|p2a: Glimmora|Stealth Rock|p1a: From Walmart\n|-sidestart|p1: Sea balls haha|move: Stealth Rock\n|move|p1a: From Walmart|Mortal Spin|p2a: Glimmora\n|-resisted|p2a: Glimmora\n|-damage|p2a: Glimmora|99\/100\n|-activate|p2a: Glimmora|ability: Toxic Debris\n|-sidestart|p1: Sea balls haha|move: Toxic Spikes\n|-sideend|p1: Sea balls haha|Toxic Spikes|[from] move: Mortal Spin|[of] p1a: From Walmart\n|-sideend|p1: Sea balls haha|Stealth Rock|[from] move: Mortal Spin|[of] p1a: From Walmart\n|\n|upkeep\n|turn|2\n|\n|t:|1701165396\n|move|p2a: Glimmora|Stealth Rock|p1a: From Walmart\n|-sidestart|p1: Sea balls haha|move: Stealth Rock\n|move|p1a: From Walmart|Toxic Spikes|p2a: Glimmora\n|-sidestart|p2: Th3Soci3ty|move: Toxic Spikes\n|\n|upkeep\n|turn|3\n|\n|t:|1701165402\n|move|p2a: Glimmora|Earth Power|p1a: From Walmart\n|-supereffective|p1a: From Walmart\n|-damage|p1a: From Walmart|0 fnt\n|faint|p1a: From Walmart\n|\n|upkeep\n|\n|t:|1701165406\n|switch|p1a: From Target|Urshifu, M|100\/100\n|-damage|p1a: From Target|94\/100|[from] Stealth Rock\n|turn|4\n|\n|t:|1701165411\n|move|p1a: From Target|Swords Dance|p1a: From Target\n|-boost|p1a: From Target|atk|2\n|move|p2a: Glimmora|Energy Ball|p1a: From Target\n|-damage|p1a: From Target|51\/100\n|\n|upkeep\n|turn|5\n|\n|t:|1701165417\n|move|p1a: From Target|Wicked Blow|p2a: Glimmora\n|-crit|p2a: Glimmora\n|-damage|p2a: Glimmora|0 fnt\n|-activate|p2a: Glimmora|ability: Toxic Debris\n|-sidestart|p1: Sea balls haha|move: Toxic Spikes\n|faint|p2a: Glimmora\n|\n|upkeep\n|\n|t:|1701165421\n|switch|p2a: Sneasler|Sneasler, M|100\/100\n|-sideend|p2: Th3Soci3ty|move: Toxic Spikes|[of] p2a: Sneasler\n|turn|6\n|\n|t:|1701165438\n|-terastallize|p1a: From Target|Steel\n|move|p2a: Sneasler|Fake Out|p1a: From Target\n|-resisted|p1a: From Target\n|-damage|p1a: From Target|45\/100\n|cant|p1a: From Target|flinch\n|\n|upkeep\n|turn|7\n|\n|t:|1701165443\n|move|p1a: From Target|Sucker Punch|p2a: Sneasler\n|-resisted|p2a: Sneasler\n|-damage|p2a: Sneasler|38\/100\n|move|p2a: Sneasler|Close Combat|p1a: From Target\n|-supereffective|p1a: From Target\n|-damage|p1a: From Target|0 fnt\n|-unboost|p2a: Sneasler|def|1\n|-unboost|p2a: Sneasler|spd|1\n|faint|p1a: From Target\n|\n|upkeep\n|\n|t:|1701165451\n|switch|p1a: Ogerpon|Ogerpon-Hearthflame, F|100\/100\n|-damage|p1a: Ogerpon|76\/100|[from] Stealth Rock\n|-status|p1a: Ogerpon|psn\n|-ability|p1a: Ogerpon|Mold Breaker\n|turn|8\n|\n|t:|1701165456\n|switch|p2a: Dusclops|Dusclops, F|100\/100\n|-ability|p2a: Dusclops|Pressure\n|move|p1a: Ogerpon|Ivy Cudgel|p2a: Dusclops|[anim] Ivy Cudgel Fire\n|-damage|p2a: Dusclops|60\/100\n|\n|-damage|p1a: Ogerpon|63\/100 psn|[from] psn\n|upkeep\n|turn|9\n|-message|Sea balls haha forfeited.\n|\n|win|Th3Soci3ty\n|raw|Sea balls haha's rating: 1064 &rarr; <strong>1051<\/strong><br \/>(-13 for losing)\n|raw|Th3Soci3ty's rating: 1186 &rarr; <strong>1203<\/strong><br \/>(+17 for winning)\n|l|\u2606Sea balls haha\n","uploadtime":1701165472,"views":2,"p1id":"seaballshaha","p2id":"th3soci3ty","formatid":"gen9nationaldexubers","rating":1051,"private":0,"password":""}