{"id":"gen9nationaldexubers-1996481813","p1":"aquiles meo","p2":"OlgerV24","format":"[Gen 9] National Dex Ubers","log":"|j|\u2606aquiles meo\n|j|\u2606OlgerV24\n|t:|1700686253\n|gametype|singles\n|player|p1|aquiles meo|ethan|1064\n|player|p2|OlgerV24|101|1127\n|teamsize|p1|6\n|teamsize|p2|6\n|gen|9\n|tier|[Gen 9] National Dex Ubers\n|rated|\n|rule|HP Percentage Mod: HP is shown in percentages\n|rule|Endless Battle Clause: Forcing endless battles is banned\n|rule|OHKO Clause: OHKO moves are banned\n|rule|Evasion Moves Clause: Evasion moves are banned\n|rule|Evasion Items Clause: Evasion items are banned\n|rule|Species Clause: Limit one of each Pok\u00e9mon\n|rule|Sleep Clause Mod: Limit one foe put to sleep\n|rule|Mega Rayquaza Clause: You cannot mega evolve Rayquaza\n|clearpoke\n|poke|p1|Jirachi|\n|poke|p1|Ho-Oh|\n|poke|p1|Rayquaza|\n|poke|p1|Pidgeot, M|\n|poke|p1|Lucario, M|\n|poke|p1|Luxray, M|\n|poke|p2|Blaziken, F|\n|poke|p2|Gallade, M|\n|poke|p2|Lucario, M|\n|poke|p2|Kommo-o, M|\n|poke|p2|Urshifu-*, F|\n|poke|p2|Iron Hands|\n|teampreview\n|c|\u2606OlgerV24|monotype time\n|\n|t:|1700686264\n|start\n|switch|p1a: Jirachi|Jirachi|100\/100\n|switch|p2a: Blaziken|Blaziken, F|100\/100\n|turn|1\n|\n|t:|1700686278\n|move|p2a: Blaziken|Protect|p2a: Blaziken\n|-singleturn|p2a: Blaziken|Protect\n|move|p1a: Jirachi|Wish|p1a: Jirachi\n|\n|-ability|p2a: Blaziken|Speed Boost|boost\n|-boost|p2a: Blaziken|spe|1\n|upkeep\n|turn|2\n|\n|t:|1700686289\n|move|p2a: Blaziken|Swords Dance|p2a: Blaziken\n|-boost|p2a: Blaziken|atk|2\n|move|p1a: Jirachi|Iron Head|p2a: Blaziken\n|-resisted|p2a: Blaziken\n|-damage|p2a: Blaziken|78\/100\n|\n|-ability|p2a: Blaziken|Speed Boost|boost\n|-boost|p2a: Blaziken|spe|1\n|upkeep\n|turn|3\n|\n|t:|1700686309\n|switch|p1a: Ho-Oh|Ho-Oh|100\/100\n|move|p2a: Blaziken|Protect||[still]\n|-fail|p2a: Blaziken\n|\n|-ability|p2a: Blaziken|Speed Boost|boost\n|-boost|p2a: Blaziken|spe|1\n|upkeep\n|turn|4\n|\n|t:|1700686323\n|switch|p2a: Iron Hands|Iron Hands|100\/100\n|move|p1a: Ho-Oh|Extrasensory|p2a: Iron Hands\n|-supereffective|p2a: Iron Hands\n|-damage|p2a: Iron Hands|59\/100\n|\n|-heal|p2a: Iron Hands|65\/100|[from] item: Leftovers\n|upkeep\n|turn|5\n|\n|t:|1700686338\n|move|p1a: Ho-Oh|Earthquake|p2a: Iron Hands\n|-supereffective|p2a: Iron Hands\n|-damage|p2a: Iron Hands|30\/100\n|move|p2a: Iron Hands|Thunder Punch|p1a: Ho-Oh\n|-supereffective|p1a: Ho-Oh\n|-damage|p1a: Ho-Oh|23\/100\n|\n|-heal|p2a: Iron Hands|36\/100|[from] item: Leftovers\n|upkeep\n|turn|6\n|\n|t:|1700686359\n|move|p1a: Ho-Oh|Extrasensory|p2a: Iron Hands\n|-supereffective|p2a: Iron Hands\n|-damage|p2a: Iron Hands|0 fnt\n|faint|p2a: Iron Hands\n|-end|p2a: Iron Hands|Quark Drive|[silent]\n|\n|upkeep\n|\n|t:|1700686367\n|switch|p2a: Gallade|Gallade, M|100\/100\n|turn|7\n|\n|t:|1700686374\n|switch|p1a: Jirachi|Jirachi|100\/100\n|move|p2a: Gallade|Swords Dance|p2a: Gallade\n|-boost|p2a: Gallade|atk|2\n|\n|upkeep\n|turn|8\n|\n|t:|1700686397\n|move|p1a: Jirachi|Iron Head|p2a: Gallade\n|-damage|p2a: Gallade|53\/100\n|move|p2a: Gallade|Night Slash|p1a: Jirachi\n|-supereffective|p1a: Jirachi\n|-damage|p1a: Jirachi|0 fnt\n|faint|p1a: Jirachi\n|\n|upkeep\n|\n|t:|1700686426\n|switch|p1a: Pidgeot|Pidgeot, M|100\/100\n|turn|9\n|inactive|Battle timer is ON: inactive players will automatically lose when time's up. (requested by OlgerV24)\n|\n|t:|1700686431\n|detailschange|p1a: Pidgeot|Pidgeot-Mega, M\n|-mega|p1a: Pidgeot|Pidgeot|Pidgeotite\n|move|p1a: Pidgeot|Ominous Wind|p2a: Gallade\n|-supereffective|p2a: Gallade\n|-damage|p2a: Gallade|9\/100\n|move|p2a: Gallade|Sacred Sword|p1a: Pidgeot\n|-crit|p1a: Pidgeot\n|-damage|p1a: Pidgeot|0 fnt\n|faint|p1a: Pidgeot\n|\n|upkeep\n|c|\u2606aquiles meo|Me and Pidgeot have to train more\n|\n|t:|1700686452\n|switch|p1a: Lucario|Lucario, M, shiny|100\/100\n|turn|10\n|\n|t:|1700686456\n|move|p1a: Lucario|Bullet Punch|p2a: Gallade\n|-damage|p2a: Gallade|0 fnt\n|faint|p2a: Gallade\n|\n|upkeep\n|\n|t:|1700686463\n|switch|p2a: Blaziken|Blaziken, F|78\/100\n|turn|11\n|\n|t:|1700686474\n|move|p2a: Blaziken|Protect|p2a: Blaziken\n|-singleturn|p2a: Blaziken|Protect\n|move|p1a: Lucario|Bone Rush|p2a: Blaziken\n|-activate|p2a: Blaziken|move: Protect\n|\n|-ability|p2a: Blaziken|Speed Boost|boost\n|-boost|p2a: Blaziken|spe|1\n|upkeep\n|turn|12\n|inactive|aquiles meo has 120 seconds left.\n|\n|t:|1700686504\n|move|p2a: Blaziken|Blaze Kick|p1a: Lucario|[miss]\n|-miss|p2a: Blaziken|p1a: Lucario\n|move|p1a: Lucario|Bone Rush|p2a: Blaziken\n|-supereffective|p2a: Blaziken\n|-damage|p2a: Blaziken|56\/100\n|-supereffective|p2a: Blaziken\n|-damage|p2a: Blaziken|32\/100\n|-hitcount|p2a: Blaziken|2\n|\n|-ability|p2a: Blaziken|Speed Boost|boost\n|-boost|p2a: Blaziken|spe|1\n|upkeep\n|turn|13\n|inactive|aquiles meo has 120 seconds left.\n|c|\u2606OlgerV24|no way\n|\n|t:|1700686520\n|move|p1a: Lucario|Bullet Punch|p2a: Blaziken\n|-resisted|p2a: Blaziken\n|-damage|p2a: Blaziken|19\/100\n|move|p2a: Blaziken|Blaze Kick|p1a: Lucario\n|-supereffective|p1a: Lucario\n|-damage|p1a: Lucario|0 fnt\n|faint|p1a: Lucario\n|\n|-ability|p2a: Blaziken|Speed Boost|boost\n|-boost|p2a: Blaziken|spe|1\n|upkeep\n|c|\u2606OlgerV24|its only 5% chance to miss\n|\n|t:|1700686531\n|switch|p1a: Ho-Oh|Ho-Oh|56\/100\n|turn|14\n|inactive|OlgerV24 has 120 seconds left.\n|c|\u2606aquiles meo|yeah\n|\n|t:|1700686564\n|switch|p1a: Rayquaza|Rayquaza|100\/100\n|-ability|p1a: Rayquaza|Air Lock\n|move|p2a: Blaziken|Blaze Kick|p1a: Rayquaza\n|-resisted|p1a: Rayquaza\n|-damage|p1a: Rayquaza|81\/100\n|\n|-heal|p1a: Rayquaza|87\/100|[from] item: Leftovers\n|-ability|p2a: Blaziken|Speed Boost|boost\n|-boost|p2a: Blaziken|spe|1\n|upkeep\n|turn|15\n|c|\u2606aquiles meo|sorry to break it\n|c|\u2606aquiles meo|that does happen\n|inactive|aquiles meo has 120 seconds left.\n|\n|t:|1700686580\n|move|p2a: Blaziken|Low Kick|p1a: Rayquaza\n|-resisted|p1a: Rayquaza\n|-damage|p1a: Rayquaza|58\/100\n|move|p1a: Rayquaza|Dragon Dance|p1a: Rayquaza\n|-boost|p1a: Rayquaza|atk|1\n|-boost|p1a: Rayquaza|spe|1\n|\n|-heal|p1a: Rayquaza|64\/100|[from] item: Leftovers\n|-ability|p2a: Blaziken|Speed Boost|boost\n|-boost|p2a: Blaziken|spe|1\n|upkeep\n|turn|16\n|\n|t:|1700686589\n|move|p2a: Blaziken|Low Kick|p1a: Rayquaza\n|-resisted|p1a: Rayquaza\n|-damage|p1a: Rayquaza|34\/100\n|move|p1a: Rayquaza|Dragon Dance|p1a: Rayquaza\n|-boost|p1a: Rayquaza|atk|1\n|-boost|p1a: Rayquaza|spe|1\n|\n|-heal|p1a: Rayquaza|40\/100|[from] item: Leftovers\n|-ability|p2a: Blaziken|Speed Boost|boost\n|-boost|p2a: Blaziken|spe|1\n|upkeep\n|turn|17\n|inactive|aquiles meo has 120 seconds left.\n|\n|t:|1700686597\n|move|p1a: Rayquaza|Extreme Speed|p2a: Blaziken\n|-damage|p2a: Blaziken|0 fnt\n|faint|p2a: Blaziken\n|\n|-heal|p1a: Rayquaza|46\/100|[from] item: Leftovers\n|upkeep\n|\n|t:|1700686605\n|switch|p2a: Lucario|Lucario, M|100\/100\n|turn|18\n|inactive|aquiles meo has 120 seconds left.\n|\n|t:|1700686625\n|-terastallize|p1a: Rayquaza|Flying\n|move|p2a: Lucario|Extreme Speed|p1a: Rayquaza\n|-damage|p1a: Rayquaza|25\/100\n|move|p1a: Rayquaza|Dragon Ascent|p2a: Lucario\n|-enditem|p2a: Lucario|Focus Sash\n|-damage|p2a: Lucario|1\/100\n|-unboost|p1a: Rayquaza|def|1\n|-unboost|p1a: Rayquaza|spd|1\n|\n|-heal|p1a: Rayquaza|31\/100|[from] item: Leftovers\n|upkeep\n|turn|19\n|inactive|aquiles meo has 120 seconds left.\n|\n|t:|1700686642\n|move|p1a: Rayquaza|Extreme Speed|p2a: Lucario\n|-resisted|p2a: Lucario\n|-damage|p2a: Lucario|0 fnt\n|faint|p2a: Lucario\n|\n|-heal|p1a: Rayquaza|37\/100|[from] item: Leftovers\n|upkeep\n|\n|t:|1700686648\n|switch|p2a: Kommo-o|Kommo-o, M|100\/100\n|turn|20\n|inactive|aquiles meo has 120 seconds left.\n|\n|t:|1700686666\n|move|p1a: Rayquaza|Dragon Ascent|p2a: Kommo-o\n|-supereffective|p2a: Kommo-o\n|-damage|p2a: Kommo-o|0 fnt\n|-unboost|p1a: Rayquaza|def|1\n|-unboost|p1a: Rayquaza|spd|1\n|faint|p2a: Kommo-o\n|\n|-heal|p1a: Rayquaza|43\/100|[from] item: Leftovers\n|upkeep\n|\n|t:|1700686673\n|switch|p2a: Urshifu|Urshifu, F|100\/100\n|turn|21\n|inactive|aquiles meo has 120 seconds left.\n|\n|t:|1700686696\n|move|p1a: Rayquaza|Dragon Ascent|p2a: Urshifu\n|-supereffective|p2a: Urshifu\n|-crit|p2a: Urshifu\n|-damage|p2a: Urshifu|0 fnt\n|-unboost|p1a: Rayquaza|def|1\n|-unboost|p1a: Rayquaza|spd|1\n|faint|p2a: Urshifu\n|\n|win|aquiles meo\n|raw|aquiles meo's rating: 1064 &rarr; <strong>1100<\/strong><br \/>(+36 for winning)\n|raw|OlgerV24's rating: 1127 &rarr; <strong>1098<\/strong><br \/>(-29 for losing)\n|c|\u2606aquiles meo|gg\n|l|\u2606OlgerV24\n","uploadtime":1700686715,"views":1,"p1id":"aquilesmeo","p2id":"olgerv24","formatid":"gen9nationaldexubers","rating":1098,"private":0,"password":""}