{"id":"gen9nationaldexubers-1978064679","p1":"BigMommaBadger","p2":"illiness","format":"[Gen 9] National Dex Ubers","log":"|j|\u2606BigMommaBadger\n|j|\u2606illiness\n|t:|1698493893\n|gametype|singles\n|player|p1|BigMommaBadger|cynthia-gen4|1131\n|player|p2|illiness|cynthia|1000\n|teamsize|p1|6\n|teamsize|p2|6\n|gen|9\n|tier|[Gen 9] National Dex Ubers\n|rated|\n|rule|HP Percentage Mod: HP is shown in percentages\n|rule|Endless Battle Clause: Forcing endless battles is banned\n|rule|OHKO Clause: OHKO moves are banned\n|rule|Evasion Moves Clause: Evasion moves are banned\n|rule|Evasion Items Clause: Evasion items are banned\n|rule|Species Clause: Limit one of each Pok\u00e9mon\n|rule|Sleep Clause Mod: Limit one foe put to sleep\n|rule|Mega Rayquaza Clause: You cannot mega evolve Rayquaza\n|clearpoke\n|poke|p1|Reshiram|\n|poke|p1|Silvally-*|\n|poke|p1|Ogerpon-Cornerstone, F|\n|poke|p1|Lugia|\n|poke|p1|Marshadow|\n|poke|p1|Zacian-*|\n|poke|p2|Gholdengo|\n|poke|p2|Iron Hands|\n|poke|p2|Urshifu-*, M|\n|poke|p2|Tornadus, M|\n|poke|p2|Arcanine-Hisui, M|\n|poke|p2|Ogerpon-Wellspring, F|\n|teampreview\n|inactive|Battle timer is ON: inactive players will automatically lose when time's up. (requested by BigMommaBadger)\n|\n|t:|1698493904\n|start\n|switch|p1a: Erebus|Marshadow|100\/100\n|switch|p2a: Iron Hands|Iron Hands|100\/100\n|turn|1\n|\n|t:|1698493915\n|move|p1a: Erebus|Swagger|p2a: Iron Hands\n|-boost|p2a: Iron Hands|atk|2\n|-start|p2a: Iron Hands|confusion\n|-activate|p2a: Iron Hands|confusion\n|move|p2a: Iron Hands|Wild Charge|p1a: Erebus\n|-enditem|p1a: Erebus|Focus Sash\n|-damage|p1a: Erebus|1\/100\n|-damage|p2a: Iron Hands|85\/100|[from] Recoil\n|\n|upkeep\n|turn|2\n|\n|t:|1698493932\n|move|p1a: Erebus|Spectral Thief||[still]\n|-clearpositiveboost|p2a: Iron Hands|p1a: Erebus|move: Spectral Thief\n|-boost|p1a: Erebus|atk|2\n|-anim|p1a: Erebus|Spectral Thief|p2a: Iron Hands\n|-damage|p2a: Iron Hands|32\/100\n|-activate|p2a: Iron Hands|confusion\n|-damage|p2a: Iron Hands|24\/100|[from] confusion\n|\n|upkeep\n|turn|3\n|\n|t:|1698493943\n|move|p1a: Erebus|Drain Punch|p2a: Iron Hands\n|-damage|p2a: Iron Hands|0 fnt\n|-heal|p1a: Erebus|20\/100|[from] drain|[of] p2a: Iron Hands\n|faint|p2a: Iron Hands\n|-end|p2a: Iron Hands|Quark Drive|[silent]\n|\n|upkeep\n|\n|t:|1698493954\n|switch|p2a: Ogerpon|Ogerpon-Wellspring, F|100\/100\n|turn|4\n|\n|t:|1698493962\n|-terastallize|p2a: Ogerpon|Water\n|detailschange|p2a: Ogerpon|Ogerpon-Wellspring-Tera, F, tera:Water\n|-ability|p2a: Ogerpon|Embody Aspect (Wellspring)|boost\n|-boost|p2a: Ogerpon|spd|1\n|move|p1a: Erebus|Poison Jab|p2a: Ogerpon\n|-damage|p2a: Ogerpon|36\/100\n|move|p2a: Ogerpon|Ivy Cudgel|p1a: Erebus\n|-damage|p1a: Erebus|0 fnt\n|faint|p1a: Erebus\n|\n|upkeep\n|\n|t:|1698493971\n|switch|p1a: Typhon|Silvally-Water, shiny|100\/100\n|turn|5\n|\n|t:|1698493976\n|-terastallize|p1a: Typhon|Water\n|move|p1a: Typhon|X-Scissor|p2a: Ogerpon\n|-damage|p2a: Ogerpon|11\/100\n|move|p2a: Ogerpon|Horn Leech|p1a: Typhon\n|-supereffective|p1a: Typhon\n|-crit|p1a: Typhon\n|-damage|p1a: Typhon|0 fnt\n|-heal|p2a: Ogerpon|60\/100|[from] drain|[of] p1a: Typhon\n|faint|p1a: Typhon\n|\n|upkeep\n|\n|t:|1698493982\n|switch|p1a: Aphrodite|Ogerpon-Cornerstone, F|100\/100\n|turn|6\n|\n|t:|1698493992\n|move|p1a: Aphrodite|Horn Leech|p2a: Ogerpon\n|-supereffective|p2a: Ogerpon\n|-damage|p2a: Ogerpon|0 fnt\n|faint|p2a: Ogerpon\n|\n|upkeep\n|\n|t:|1698494003\n|switch|p2a: Gholdengo|Gholdengo|100\/100\n|turn|7\n|\n|t:|1698494008\n|move|p1a: Aphrodite|Stomping Tantrum|p2a: Gholdengo\n|-supereffective|p2a: Gholdengo\n|-damage|p2a: Gholdengo|30\/100\n|move|p2a: Gholdengo|Make It Rain|p1a: Aphrodite\n|-supereffective|p1a: Aphrodite\n|-ability|p1a: Aphrodite|Sturdy\n|-damage|p1a: Aphrodite|1\/100\n|-unboost|p2a: Gholdengo|spa|1\n|\n|upkeep\n|turn|8\n|\n|t:|1698494023\n|move|p1a: Aphrodite|Ivy Cudgel|p2a: Gholdengo\n|-resisted|p2a: Gholdengo\n|-crit|p2a: Gholdengo\n|-damage|p2a: Gholdengo|0 fnt\n|faint|p2a: Gholdengo\n|\n|upkeep\n|\n|t:|1698494031\n|switch|p2a: Urshifu|Urshifu-Rapid-Strike, M|100\/100\n|turn|9\n|\n|t:|1698494037\n|move|p2a: Urshifu|Drain Punch|p1a: Aphrodite\n|-supereffective|p1a: Aphrodite\n|-damage|p1a: Aphrodite|0 fnt\n|faint|p1a: Aphrodite\n|\n|upkeep\n|\n|t:|1698494039\n|switch|p1a: Psyche|Lugia, shiny|100\/100\n|turn|10\n|\n|t:|1698494050\n|switch|p2a: Tornadus|Tornadus, M|100\/100\n|move|p1a: Psyche|Calm Mind|p1a: Psyche\n|-boost|p1a: Psyche|spa|1\n|-boost|p1a: Psyche|spd|1\n|\n|upkeep\n|turn|11\n|\n|t:|1698494058\n|move|p2a: Tornadus|Tailwind|p2a: Tornadus\n|-sidestart|p2: illiness|move: Tailwind\n|move|p1a: Psyche|Psychic|p2a: Tornadus\n|-damage|p2a: Tornadus|52\/100\n|\n|upkeep\n|turn|12\n|\n|t:|1698494066\n|move|p2a: Tornadus|Bleakwind Storm|p1a: Psyche\n|-damage|p1a: Psyche|91\/100\n|move|p1a: Psyche|Psychic|p2a: Tornadus\n|-damage|p2a: Tornadus|0 fnt\n|faint|p2a: Tornadus\n|\n|-heal|p1a: Psyche|97\/100|[from] item: Leftovers\n|upkeep\n|\n|t:|1698494077\n|switch|p2a: Urshifu|Urshifu-Rapid-Strike, M|100\/100\n|turn|13\n|\n|t:|1698494082\n|move|p2a: Urshifu|Ice Spinner|p1a: Psyche\n|-supereffective|p1a: Psyche\n|-damage|p1a: Psyche|62\/100\n|move|p1a: Psyche|Giga Drain|p2a: Urshifu\n|-supereffective|p2a: Urshifu\n|-damage|p2a: Urshifu|24\/100\n|-heal|p1a: Psyche|94\/100|[from] drain|[of] p2a: Urshifu\n|\n|-heal|p1a: Psyche|99\/100|[from] item: Leftovers\n|upkeep\n|turn|14\n|\n|t:|1698494093\n|move|p2a: Urshifu|Ice Spinner|p1a: Psyche\n|-supereffective|p1a: Psyche\n|-damage|p1a: Psyche|65\/100\n|move|p1a: Psyche|Giga Drain|p2a: Urshifu\n|-supereffective|p2a: Urshifu\n|-damage|p2a: Urshifu|0 fnt\n|-heal|p1a: Psyche|75\/100|[from] drain|[of] p2a: Urshifu\n|faint|p2a: Urshifu\n|\n|-heal|p1a: Psyche|81\/100|[from] item: Leftovers\n|-sideend|p2: illiness|move: Tailwind\n|upkeep\n|\n|t:|1698494106\n|switch|p2a: Arcanine|Arcanine-Hisui, M|100\/100\n|-ability|p2a: Arcanine|Intimidate|boost\n|-unboost|p1a: Psyche|atk|1\n|turn|15\n|\n|t:|1698494112\n|move|p1a: Psyche|Giga Drain|p2a: Arcanine\n|-damage|p2a: Arcanine|70\/100\n|-heal|p1a: Psyche|94\/100|[from] drain|[of] p2a: Arcanine\n|move|p2a: Arcanine|Double-Edge|p1a: Psyche\n|-crit|p1a: Psyche\n|-damage|p1a: Psyche|37\/100\n|-damage|p2a: Arcanine|48\/100|[from] Recoil\n|\n|-heal|p1a: Psyche|43\/100|[from] item: Leftovers\n|upkeep\n|turn|16\n|-message|illiness forfeited.\n|\n|win|BigMommaBadger\n|raw|BigMommaBadger's rating: 1131 &rarr; <strong>1147<\/strong><br \/>(+16 for winning)\n|raw|illiness's rating: 1000 &rarr; <strong>1000<\/strong><br \/>(+0 for losing)\n|l|\u2606illiness\n","uploadtime":1698494127,"views":7,"p1id":"bigmommabadger","p2id":"illiness","formatid":"gen9nationaldexubers","rating":1000,"private":0,"password":""}