{"id":"gen9nationaldexubers-1994289811","p1":"700club","p2":"HUNGRYRAPTORS","format":"[Gen 9] National Dex Ubers","log":"|j|\u2606700club\n|j|\u2606HUNGRYRAPTORS\n|t:|1700427526\n|gametype|singles\n|player|p1|700club|shadowtriad|1316\n|player|p2|HUNGRYRAPTORS|lucas|1228\n|teamsize|p1|6\n|teamsize|p2|6\n|gen|9\n|tier|[Gen 9] National Dex Ubers\n|rated|\n|rule|HP Percentage Mod: HP is shown in percentages\n|rule|Endless Battle Clause: Forcing endless battles is banned\n|rule|OHKO Clause: OHKO moves are banned\n|rule|Evasion Moves Clause: Evasion moves are banned\n|rule|Evasion Items Clause: Evasion items are banned\n|rule|Species Clause: Limit one of each Pok\u00e9mon\n|rule|Sleep Clause Mod: Limit one foe put to sleep\n|rule|Mega Rayquaza Clause: You cannot mega evolve Rayquaza\n|clearpoke\n|poke|p1|Ogerpon-Hearthflame, F|\n|poke|p1|Ditto|\n|poke|p1|Deoxys-Speed|\n|poke|p1|Mewtwo|\n|poke|p1|Necrozma-Dusk-Mane|\n|poke|p1|Genesect|\n|poke|p2|Volcarona, F|\n|poke|p2|Dracovish|\n|poke|p2|Baxcalibur, F|\n|poke|p2|Greninja-*, M|\n|poke|p2|Brambleghast, F|\n|poke|p2|Tyranitar, M|\n|teampreview\n|c|\u2606700club|hi!\n|\n|t:|1700427540\n|start\n|switch|p1a: Deoxys|Deoxys-Speed|100\/100\n|switch|p2a: Brambleghast|Brambleghast, F, shiny|100\/100\n|-ability|p1a: Deoxys|Pressure\n|turn|1\n|\n|t:|1700427555\n|move|p1a: Deoxys|Taunt|p2a: Brambleghast\n|-start|p2a: Brambleghast|move: Taunt\n|cant|p2a: Brambleghast|move: Taunt|Leech Seed\n|\n|upkeep\n|turn|2\n|\n|t:|1700427563\n|move|p2a: Brambleghast|Shadow Sneak|p1a: Deoxys\n|-supereffective|p1a: Deoxys\n|-damage|p1a: Deoxys|59\/100\n|move|p1a: Deoxys|Stealth Rock|p2a: Brambleghast\n|-sidestart|p2: HUNGRYRAPTORS|move: Stealth Rock\n|\n|upkeep\n|turn|3\n|\n|t:|1700427570\n|move|p2a: Brambleghast|Shadow Sneak|p1a: Deoxys\n|-supereffective|p1a: Deoxys\n|-damage|p1a: Deoxys|17\/100\n|move|p1a: Deoxys|Reflect|p1a: Deoxys\n|-sidestart|p1: 700club|Reflect\n|\n|-end|p2a: Brambleghast|move: Taunt\n|upkeep\n|turn|4\n|\n|t:|1700427578\n|move|p2a: Brambleghast|Shadow Sneak|p1a: Deoxys\n|-supereffective|p1a: Deoxys\n|-damage|p1a: Deoxys|0 fnt\n|faint|p1a: Deoxys\n|\n|upkeep\n|\n|t:|1700427605\n|switch|p1a: Ogerpon|Ogerpon-Hearthflame, F|100\/100\n|-ability|p1a: Ogerpon|Mold Breaker\n|turn|5\n|\n|t:|1700427627\n|move|p2a: Brambleghast|Shadow Sneak|p1a: Ogerpon\n|-damage|p1a: Ogerpon|93\/100\n|move|p1a: Ogerpon|Substitute|p1a: Ogerpon\n|-start|p1a: Ogerpon|Substitute\n|-damage|p1a: Ogerpon|68\/100\n|\n|upkeep\n|turn|6\n|\n|t:|1700427635\n|-terastallize|p1a: Ogerpon|Fire\n|detailschange|p1a: Ogerpon|Ogerpon-Hearthflame-Tera, F, tera:Fire\n|-ability|p1a: Ogerpon|Embody Aspect (Hearthflame)|boost\n|-boost|p1a: Ogerpon|atk|1\n|move|p1a: Ogerpon|Ivy Cudgel|p2a: Brambleghast|[anim] Ivy Cudgel Fire\n|-supereffective|p2a: Brambleghast\n|-damage|p2a: Brambleghast|0 fnt\n|faint|p2a: Brambleghast\n|\n|upkeep\n|\n|t:|1700427655\n|switch|p2a: Greninja|Greninja, M|100\/100\n|-damage|p2a: Greninja|88\/100|[from] Stealth Rock\n|turn|7\n|\n|t:|1700427664\n|-terastallize|p2a: Greninja|Water\n|move|p2a: Greninja|Water Shuriken|p1a: Ogerpon\n|-supereffective|p1a: Ogerpon\n|-activate|p1a: Ogerpon|move: Substitute|[damage]\n|-supereffective|p1a: Ogerpon\n|-end|p1a: Ogerpon|Substitute\n|-supereffective|p1a: Ogerpon\n|-damage|p1a: Ogerpon|49\/100\n|-supereffective|p1a: Ogerpon\n|-damage|p1a: Ogerpon|30\/100\n|-supereffective|p1a: Ogerpon\n|-damage|p1a: Ogerpon|14\/100\n|-hitcount|p1a: Ogerpon|5\n|move|p1a: Ogerpon|Horn Leech|p2a: Greninja\n|-supereffective|p2a: Greninja\n|-damage|p2a: Greninja|0 fnt\n|-heal|p1a: Ogerpon|48\/100|[from] drain|[of] p2a: Greninja\n|-damage|p1a: Ogerpon|32\/100|[from] item: Rocky Helmet|[of] p2a: Greninja\n|faint|p2a: Greninja\n|\n|-sideend|p1: 700club|Reflect\n|upkeep\n|\n|t:|1700427684\n|switch|p2a: Dracovish|Dracovish, shiny|100\/100\n|-damage|p2a: Dracovish|88\/100|[from] Stealth Rock\n|turn|8\n|\n|t:|1700427699\n|move|p2a: Dracovish|Fishious Rend|p1a: Ogerpon\n|-supereffective|p1a: Ogerpon\n|-damage|p1a: Ogerpon|0 fnt\n|faint|p1a: Ogerpon\n|\n|upkeep\n|\n|t:|1700427722\n|switch|p1a: Necrozma|Necrozma-Dusk-Mane|100\/100\n|turn|9\n|\n|t:|1700427729\n|move|p2a: Dracovish|Fishious Rend|p1a: Necrozma\n|-damage|p1a: Necrozma|18\/100\n|move|p1a: Necrozma|Dragon Dance|p1a: Necrozma\n|-boost|p1a: Necrozma|atk|1\n|-boost|p1a: Necrozma|spe|1\n|\n|upkeep\n|turn|10\n|\n|t:|1700427740\n|detailschange|p1a: Necrozma|Necrozma-Ultra\n|-burst|p1a: Necrozma|Necrozma|Ultranecrozium Z\n|move|p1a: Necrozma|Photon Geyser|p2a: Dracovish\n|-damage|p2a: Dracovish|0 fnt\n|faint|p2a: Dracovish\n|\n|upkeep\n|\n|t:|1700427762\n|switch|p2a: Tyranitar|Tyranitar, M, shiny|100\/100\n|-damage|p2a: Tyranitar|88\/100|[from] Stealth Rock\n|-weather|Sandstorm|[from] ability: Sand Stream|[of] p2a: Tyranitar\n|turn|11\n|\n|t:|1700427773\n|move|p1a: Necrozma|Earthquake|p2a: Tyranitar\n|-supereffective|p2a: Tyranitar\n|-damage|p2a: Tyranitar|0 fnt\n|faint|p2a: Tyranitar\n|\n|-weather|Sandstorm|[upkeep]\n|-damage|p1a: Necrozma|12\/100|[from] Sandstorm\n|upkeep\n|\n|t:|1700427795\n|switch|p2a: Volcarona|Volcarona, F, shiny|100\/100\n|-damage|p2a: Volcarona|51\/100|[from] Stealth Rock\n|turn|12\n|\n|t:|1700427811\n|move|p1a: Necrozma|Stone Edge|p2a: Volcarona\n|-supereffective|p2a: Volcarona\n|-damage|p2a: Volcarona|0 fnt\n|faint|p2a: Volcarona\n|\n|-weather|Sandstorm|[upkeep]\n|-damage|p1a: Necrozma|6\/100|[from] Sandstorm\n|upkeep\n|\n|t:|1700427819\n|switch|p2a: Baxcalibur|Baxcalibur, F, shiny|100\/100\n|-damage|p2a: Baxcalibur|76\/100|[from] Stealth Rock\n|turn|13\n|\n|t:|1700427830\n|-zpower|p1a: Necrozma\n|move|p1a: Necrozma|Light That Burns the Sky|p2a: Baxcalibur|[zeffect]\n|-damage|p2a: Baxcalibur|0 fnt\n|faint|p2a: Baxcalibur\n|\n|win|700club\n|raw|700club's rating: 1316 &rarr; <strong>1331<\/strong><br \/>(+15 for winning)\n|raw|HUNGRYRAPTORS's rating: 1228 &rarr; <strong>1209<\/strong><br \/>(-19 for losing)\n|c|\u2606700club|gg\n","uploadtime":1700427840,"views":19,"p1id":"700club","p2id":"hungryraptors","formatid":"gen9nationaldexubers","rating":1209,"private":0,"password":""}