{"id":"gen9nationaldexubers-1999765014","p1":"Michaussette","p2":"SuperSonic26 AU","format":"[Gen 9] National Dex Ubers","log":"|j|\u2606Michaussette\n|j|\u2606SuperSonic26 AU\n|t:|1701114649\n|gametype|singles\n|player|p1|Michaussette|sonia|1297\n|player|p2|SuperSonic26 AU|red-masters|1358\n|teamsize|p1|6\n|teamsize|p2|6\n|gen|9\n|tier|[Gen 9] National Dex Ubers\n|rated|\n|rule|HP Percentage Mod: HP is shown in percentages\n|rule|Endless Battle Clause: Forcing endless battles is banned\n|rule|OHKO Clause: OHKO moves are banned\n|rule|Evasion Moves Clause: Evasion moves are banned\n|rule|Evasion Items Clause: Evasion items are banned\n|rule|Species Clause: Limit one of each Pok\u00e9mon\n|rule|Sleep Clause Mod: Limit one foe put to sleep\n|rule|Mega Rayquaza Clause: You cannot mega evolve Rayquaza\n|clearpoke\n|poke|p1|Pheromosa|\n|poke|p1|Espeon, F|\n|poke|p1|Great Tusk|\n|poke|p1|Ho-Oh|\n|poke|p1|Banette, F|\n|poke|p1|Galvantula, M|\n|poke|p2|Kyurem-Black|\n|poke|p2|Metagross|\n|poke|p2|Calyrex-Ice|\n|poke|p2|Zacian-*|\n|poke|p2|Dragapult, F|\n|poke|p2|Ho-Oh|\n|teampreview\n|inactive|Battle timer is ON: inactive players will automatically lose when time's up. (requested by Michaussette)\n|\n|t:|1701114667\n|start\n|switch|p1a: Aaaaaaaaaaaaaaah|Galvantula, M|100\/100\n|switch|p2a: Overdrive|Kyurem-Black|100\/100\n|-ability|p2a: Overdrive|Teravolt\n|turn|1\n|\n|t:|1701114671\n|move|p1a: Aaaaaaaaaaaaaaah|Thunder Wave|p2a: Overdrive\n|-status|p2a: Overdrive|par\n|move|p2a: Overdrive|Dragon Dance|p2a: Overdrive\n|-boost|p2a: Overdrive|atk|1\n|-boost|p2a: Overdrive|spe|1\n|\n|upkeep\n|turn|2\n|\n|t:|1701114678\n|move|p1a: Aaaaaaaaaaaaaaah|Sticky Web|p2a: Overdrive\n|-sidestart|p2: SuperSonic26 AU|move: Sticky Web\n|move|p2a: Overdrive|Dragon Dance|p2a: Overdrive\n|-boost|p2a: Overdrive|atk|1\n|-boost|p2a: Overdrive|spe|1\n|\n|upkeep\n|turn|3\n|\n|t:|1701114682\n|move|p1a: Aaaaaaaaaaaaaaah|Thunder|p2a: Overdrive\n|-resisted|p2a: Overdrive\n|-damage|p2a: Overdrive|81\/100 par\n|cant|p2a: Overdrive|par\n|\n|upkeep\n|turn|4\n|\n|t:|1701114688\n|move|p1a: Aaaaaaaaaaaaaaah|Bug Buzz|p2a: Overdrive\n|-damage|p2a: Overdrive|51\/100 par\n|move|p2a: Overdrive|Icicle Spear|p1a: Aaaaaaaaaaaaaaah\n|-damage|p1a: Aaaaaaaaaaaaaaah|41\/100\n|-damage|p1a: Aaaaaaaaaaaaaaah|0 fnt\n|faint|p1a: Aaaaaaaaaaaaaaah\n|-hitcount|p1: Aaaaaaaaaaaaaaah|2\n|\n|upkeep\n|\n|t:|1701114697\n|switch|p1a: Doesnt eat|Pheromosa, shiny|100\/100\n|turn|5\n|\n|t:|1701114703\n|move|p1a: Doesnt eat|Triple Axel|p2a: Overdrive|[miss]\n|-miss|p1a: Doesnt eat|p2a: Overdrive\n|move|p2a: Overdrive|Icicle Spear|p1a: Doesnt eat\n|-damage|p1a: Doesnt eat|23\/100\n|-damage|p1a: Doesnt eat|0 fnt\n|faint|p1a: Doesnt eat\n|-hitcount|p1: Doesnt eat|2\n|\n|upkeep\n|\n|t:|1701114708\n|switch|p1a: Za ROLLARONADA|Great Tusk|100\/100\n|turn|6\n|\n|t:|1701114712\n|move|p2a: Overdrive|Icicle Spear|p1a: Za ROLLARONADA\n|-supereffective|p1a: Za ROLLARONADA\n|-crit|p1a: Za ROLLARONADA\n|-damage|p1a: Za ROLLARONADA|56\/100\n|-supereffective|p1a: Za ROLLARONADA\n|-damage|p1a: Za ROLLARONADA|24\/100\n|-supereffective|p1a: Za ROLLARONADA\n|-damage|p1a: Za ROLLARONADA|0 fnt\n|faint|p1a: Za ROLLARONADA\n|-end|p1a: Za ROLLARONADA|Protosynthesis|[silent]\n|-hitcount|p1: Za ROLLARONADA|3\n|\n|upkeep\n|\n|t:|1701114716\n|switch|p1a: Nuggets|Espeon, F|100\/100\n|turn|7\n|\n|t:|1701114719\n|move|p1a: Nuggets|Draining Kiss|p2a: Overdrive\n|-supereffective|p2a: Overdrive\n|-damage|p2a: Overdrive|19\/100 par\n|move|p2a: Overdrive|Icicle Spear|p1a: Nuggets\n|-crit|p1a: Nuggets\n|-damage|p1a: Nuggets|11\/100\n|-damage|p1a: Nuggets|0 fnt\n|faint|p1a: Nuggets\n|-hitcount|p1: Nuggets|2\n|\n|upkeep\n|\n|t:|1701114722\n|switch|p1a: Bucciaratti|Banette, F, shiny|100\/100\n|-item|p2a: Overdrive|Loaded Dice|[from] ability: Frisk|[of] p1a: Bucciaratti|[identify]\n|turn|8\n|\n|t:|1701114725\n|detailschange|p1a: Bucciaratti|Banette-Mega, F, shiny\n|-mega|p1a: Bucciaratti|Banette|Banettite\n|move|p1a: Bucciaratti|Sucker Punch||[still]\n|-fail|p1a: Bucciaratti\n|move|p2a: Overdrive|Dragon Dance|p2a: Overdrive\n|-boost|p2a: Overdrive|atk|1\n|-boost|p2a: Overdrive|spe|1\n|\n|upkeep\n|turn|9\n|\n|t:|1701114732\n|switch|p2a: Spicy McChicken|Ho-Oh, shiny|100\/100\n|-ability|p2a: Spicy McChicken|Pressure\n|move|p1a: Bucciaratti|Sucker Punch||[still]\n|-fail|p1a: Bucciaratti\n|\n|upkeep\n|turn|10\n|\n|t:|1701114735\n|move|p1a: Bucciaratti|Thunder Wave|p2a: Spicy McChicken\n|-status|p2a: Spicy McChicken|par\n|move|p2a: Spicy McChicken|Defog|p1a: Bucciaratti\n|-unboost|p1a: Bucciaratti|evasion|1\n|-sideend|p2: SuperSonic26 AU|Sticky Web|[from] move: Defog|[of] p2a: Spicy McChicken\n|\n|upkeep\n|turn|11\n|\n|t:|1701114739\n|move|p1a: Bucciaratti|Knock Off|p2a: Spicy McChicken\n|-damage|p2a: Spicy McChicken|67\/100 par\n|-enditem|p2a: Spicy McChicken|Heavy-Duty Boots|[from] move: Knock Off|[of] p1a: Bucciaratti\n|cant|p2a: Spicy McChicken|par\n|\n|upkeep\n|turn|12\n|\n|t:|1701114744\n|move|p1a: Bucciaratti|Sucker Punch|p2a: Spicy McChicken\n|-damage|p2a: Spicy McChicken|42\/100 par\n|move|p2a: Spicy McChicken|Sacred Fire|p1a: Bucciaratti\n|-crit|p1a: Bucciaratti\n|-damage|p1a: Bucciaratti|20\/100\n|\n|upkeep\n|turn|13\n|\n|t:|1701114751\n|move|p1a: Bucciaratti|Destiny Bond|p1a: Bucciaratti\n|-singlemove|p1a: Bucciaratti|Destiny Bond\n|cant|p2a: Spicy McChicken|par\n|\n|upkeep\n|turn|14\n|\n|t:|1701114759\n|move|p1a: Bucciaratti|Knock Off|p2a: Spicy McChicken\n|-damage|p2a: Spicy McChicken|19\/100 par\n|move|p2a: Spicy McChicken|Roost|p2a: Spicy McChicken\n|-heal|p2a: Spicy McChicken|69\/100 par\n|-singleturn|p2a: Spicy McChicken|move: Roost\n|\n|upkeep\n|turn|15\n|-message|Michaussette forfeited.\n|\n|win|SuperSonic26 AU\n|raw|Michaussette's rating: 1297 &rarr; <strong>1276<\/strong><br \/>(-21 for losing)\n|raw|SuperSonic26 AU's rating: 1358 &rarr; <strong>1375<\/strong><br \/>(+17 for winning)\n|l|\u2606Michaussette\n","uploadtime":1701114775,"views":1,"p1id":"michaussette","p2id":"supersonic26au","formatid":"gen9nationaldexubers","rating":1276,"private":0,"password":""}