{"id":"gen9nationaldexubers-1991602577","p1":"easdf","p2":"lilbookcase","format":"[Gen 9] National Dex Ubers","log":"|j|\u2606easdf\n|j|\u2606lilbookcase\n|t:|1700093051\n|gametype|singles\n|player|p1|easdf|falkner|\n|player|p2|lilbookcase|rocketgruntf|\n|teamsize|p1|6\n|teamsize|p2|6\n|gen|9\n|tier|[Gen 9] National Dex Ubers\n|rule|HP Percentage Mod: HP is shown in percentages\n|rule|Endless Battle Clause: Forcing endless battles is banned\n|rule|OHKO Clause: OHKO moves are banned\n|rule|Evasion Moves Clause: Evasion moves are banned\n|rule|Evasion Items Clause: Evasion items are banned\n|rule|Species Clause: Limit one of each Pok\u00e9mon\n|rule|Sleep Clause Mod: Limit one foe put to sleep\n|rule|Mega Rayquaza Clause: You cannot mega evolve Rayquaza\n|clearpoke\n|poke|p1|Simipour, M|\n|poke|p1|Zarude|\n|poke|p1|Munkidori, M|\n|poke|p1|Electivire, M|\n|poke|p1|Darmanitan-Galar, M|\n|poke|p1|Infernape, M|\n|poke|p2|Annihilape, M|\n|poke|p2|Infernape, F|\n|poke|p2|Grafaiai, F|\n|poke|p2|Rillaboom, F|\n|poke|p2|Darmanitan-Galar, F|\n|poke|p2|Slaking, M|\n|teampreview\n|\n|t:|1700093077\n|start\n|switch|p1a: Darmanitan|Darmanitan-Galar, M|100\/100\n|switch|p2a: Ape|Annihilape, M|100\/100\n|turn|1\n|\n|t:|1700093095\n|move|p1a: Darmanitan|U-turn|p2a: Ape\n|-resisted|p2a: Ape\n|-damage|p2a: Ape|91\/100\n|\n|t:|1700093098\n|switch|p1a: Electivire|Electivire, M, shiny|100\/100|[from] U-turn\n|move|p2a: Ape|Drain Punch|p1a: Electivire\n|-damage|p1a: Electivire|58\/100\n|-heal|p2a: Ape|100\/100|[from] drain|[of] p1a: Electivire\n|\n|upkeep\n|turn|2\n|\n|t:|1700093107\n|move|p1a: Electivire|Curse|p1a: Electivire\n|-unboost|p1a: Electivire|spe|1\n|-boost|p1a: Electivire|atk|1\n|-boost|p1a: Electivire|def|1\n|move|p2a: Ape|Bulk Up|p2a: Ape\n|-boost|p2a: Ape|atk|1\n|-boost|p2a: Ape|def|1\n|\n|upkeep\n|turn|3\n|\n|t:|1700093114\n|move|p2a: Ape|Bulk Up|p2a: Ape\n|-boost|p2a: Ape|atk|1\n|-boost|p2a: Ape|def|1\n|move|p1a: Electivire|Curse|p1a: Electivire\n|-unboost|p1a: Electivire|spe|1\n|-boost|p1a: Electivire|atk|1\n|-boost|p1a: Electivire|def|1\n|\n|upkeep\n|turn|4\n|\n|t:|1700093121\n|move|p2a: Ape|Shadow Claw|p1a: Electivire\n|-damage|p1a: Electivire|19\/100\n|move|p1a: Electivire|Thunder Punch|p2a: Ape\n|-damage|p2a: Ape|63\/100\n|\n|upkeep\n|turn|5\n|\n|t:|1700093127\n|move|p2a: Ape|Drain Punch|p1a: Electivire\n|-damage|p1a: Electivire|0 fnt\n|-heal|p2a: Ape|71\/100|[from] drain|[of] p1a: Electivire\n|faint|p1a: Electivire\n|\n|upkeep\n|\n|t:|1700093137\n|switch|p1a: Infernape|Infernape, M, shiny|100\/100\n|turn|6\n|\n|t:|1700093143\n|move|p1a: Infernape|Overheat|p2a: Ape\n|-damage|p2a: Ape|17\/100\n|-unboost|p1a: Infernape|spa|2\n|move|p2a: Ape|Drain Punch|p1a: Infernape\n|-crit|p1a: Infernape\n|-damage|p1a: Infernape|0 fnt\n|-heal|p2a: Ape|52\/100|[from] drain|[of] p1a: Infernape\n|faint|p1a: Infernape\n|\n|upkeep\n|\n|t:|1700093160\n|switch|p1a: Munkidori|Munkidori, M|100\/100\n|turn|7\n|\n|t:|1700093178\n|move|p1a: Munkidori|Psyshock|p2a: Ape\n|-supereffective|p2a: Ape\n|-damage|p2a: Ape|0 fnt\n|faint|p2a: Ape\n|-damage|p1a: Munkidori|91\/100|[from] item: Life Orb\n|\n|upkeep\n|\n|t:|1700093185\n|switch|p2a: Ap've|Darmanitan-Galar, F|100\/100\n|turn|8\n|\n|t:|1700093191\n|move|p2a: Ap've|Icicle Crash|p1a: Munkidori\n|-damage|p1a: Munkidori|0 fnt\n|faint|p1a: Munkidori\n|\n|upkeep\n|\n|t:|1700093194\n|switch|p1a: Darmanitan|Darmanitan-Galar, M|100\/100\n|turn|9\n|\n|t:|1700093201\n|move|p1a: Darmanitan|Flare Blitz|p2a: Ap've\n|-supereffective|p2a: Ap've\n|-damage|p2a: Ap've|0 fnt\n|faint|p2a: Ap've\n|-damage|p1a: Darmanitan|67\/100|[from] Recoil\n|\n|upkeep\n|\n|t:|1700093210\n|switch|p2a: Aped|Infernape, F|100\/100\n|turn|10\n|\n|t:|1700093218\n|move|p1a: Darmanitan|Flare Blitz|p2a: Aped\n|-resisted|p2a: Aped\n|-crit|p2a: Aped\n|-damage|p2a: Aped|26\/100\n|-damage|p1a: Darmanitan|46\/100|[from] Recoil\n|move|p2a: Aped|Swords Dance|p2a: Aped\n|-boost|p2a: Aped|atk|2\n|\n|upkeep\n|turn|11\n|\n|t:|1700093222\n|move|p2a: Aped|Mach Punch|p1a: Darmanitan\n|-supereffective|p1a: Darmanitan\n|-crit|p1a: Darmanitan\n|-damage|p1a: Darmanitan|0 fnt\n|faint|p1a: Darmanitan\n|\n|upkeep\n|\n|t:|1700093225\n|switch|p1a: Simipour|Simipour, M|100\/100\n|turn|12\n|\n|t:|1700093231\n|move|p2a: Aped|Mach Punch|p1a: Simipour\n|-damage|p1a: Simipour|27\/100\n|move|p1a: Simipour|Surf|p2a: Aped\n|-supereffective|p2a: Aped\n|-damage|p2a: Aped|0 fnt\n|faint|p2a: Aped\n|\n|upkeep\n|\n|t:|1700093240\n|switch|p2a: Ape's|Rillaboom, F|100\/100\n|-fieldstart|move: Grassy Terrain|[from] ability: Grassy Surge|[of] p2a: Ape's\n|turn|13\n|\n|t:|1700093246\n|switch|p1a: Zarude|Zarude|100\/100\n|move|p2a: Ape's|Grassy Glide|p1a: Zarude\n|-resisted|p1a: Zarude\n|-damage|p1a: Zarude|77\/100\n|\n|-heal|p1a: Zarude|83\/100|[from] Grassy Terrain\n|upkeep\n|turn|14\n|\n|t:|1700093256\n|-terastallize|p1a: Zarude|Dark\n|move|p1a: Zarude|Darkest Lariat|p2a: Ape's\n|-damage|p2a: Ape's|20\/100\n|move|p2a: Ape's|Swords Dance|p2a: Ape's\n|-boost|p2a: Ape's|atk|2\n|\n|-heal|p1a: Zarude|89\/100|[from] Grassy Terrain\n|-heal|p2a: Ape's|26\/100|[from] Grassy Terrain\n|upkeep\n|turn|15\n|\n|t:|1700093261\n|move|p2a: Ape's|Grassy Glide|p1a: Zarude\n|-damage|p1a: Zarude|6\/100\n|move|p1a: Zarude|Darkest Lariat|p2a: Ape's\n|-damage|p2a: Ape's|0 fnt\n|faint|p2a: Ape's\n|\n|-heal|p1a: Zarude|12\/100|[from] Grassy Terrain\n|upkeep\n|\n|t:|1700093268\n|switch|p2a: Aping|Grafaiai, F|100\/100\n|turn|16\n|\n|t:|1700093282\n|switch|p2a: Ape'd|Slaking, M|100\/100\n|move|p1a: Zarude|Darkest Lariat|p2a: Ape'd\n|-damage|p2a: Ape'd|32\/100\n|\n|-heal|p1a: Zarude|18\/100|[from] Grassy Terrain\n|-heal|p2a: Ape'd|38\/100|[from] Grassy Terrain\n|upkeep\n|turn|17\n|\n|t:|1700093291\n|move|p2a: Ape'd|Sucker Punch|p1a: Zarude\n|-resisted|p1a: Zarude\n|-damage|p1a: Zarude|0 fnt\n|faint|p1a: Zarude\n|\n|-heal|p2a: Ape'd|44\/100|[from] Grassy Terrain\n|-fieldend|move: Grassy Terrain\n|upkeep\n|\n|t:|1700093294\n|switch|p1a: Simipour|Simipour, M|27\/100\n|turn|18\n|\n|t:|1700093300\n|cant|p2a: Ape'd|ability: Truant\n|move|p1a: Simipour|Substitute|p1a: Simipour\n|-start|p1a: Simipour|Substitute\n|-damage|p1a: Simipour|2\/100\n|-enditem|p1a: Simipour|Salac Berry|[eat]\n|-boost|p1a: Simipour|spe|1|[from] item: Salac Berry\n|\n|upkeep\n|turn|19\n|\n|t:|1700093307\n|move|p2a: Ape'd|Sucker Punch||[still]\n|-fail|p2a: Ape'd\n|move|p1a: Simipour|Nasty Plot|p1a: Simipour\n|-boost|p1a: Simipour|spa|2\n|\n|upkeep\n|turn|20\n|\n|t:|1700093312\n|cant|p2a: Ape'd|ability: Truant\n|move|p1a: Simipour|Surf|p2a: Ape'd\n|-damage|p2a: Ape'd|0 fnt\n|faint|p2a: Ape'd\n|\n|upkeep\n|\n|t:|1700093315\n|switch|p2a: Aping|Grafaiai, F|100\/100\n|turn|21\n|\n|t:|1700093321\n|move|p1a: Simipour|Surf|p2a: Aping\n|-damage|p2a: Aping|0 fnt\n|faint|p2a: Aping\n|\n|win|easdf\n|l|\u2606easdf\n","uploadtime":1700093330,"views":12,"p1id":"easdf","p2id":"lilbookcase","formatid":"gen9nationaldexubers","rating":0,"private":0,"password":""}