{"id":"gen9nationaldexubers-1978971983","p1":"ChooserOfPoop","p2":"Bakitaladelbarrio","format":"[Gen 9] National Dex Ubers","log":"|j|\u2606ChooserOfPoop\n|j|\u2606Bakitaladelbarrio\n|t:|1698616199\n|gametype|singles\n|player|p1|ChooserOfPoop|101|1389\n|player|p2|Bakitaladelbarrio|blue|1383\n|teamsize|p1|6\n|teamsize|p2|6\n|gen|9\n|tier|[Gen 9] National Dex Ubers\n|rated|\n|rule|HP Percentage Mod: HP is shown in percentages\n|rule|Endless Battle Clause: Forcing endless battles is banned\n|rule|OHKO Clause: OHKO moves are banned\n|rule|Evasion Moves Clause: Evasion moves are banned\n|rule|Evasion Items Clause: Evasion items are banned\n|rule|Species Clause: Limit one of each Pok\u00e9mon\n|rule|Sleep Clause Mod: Limit one foe put to sleep\n|rule|Mega Rayquaza Clause: You cannot mega evolve Rayquaza\n|clearpoke\n|poke|p1|Zacian-*|\n|poke|p1|Groudon|\n|poke|p1|Pheromosa|\n|poke|p1|Marshadow|\n|poke|p1|Cinderace, F|\n|poke|p1|Regieleki|\n|poke|p2|Hatterene, F|\n|poke|p2|Melmetal|\n|poke|p2|Necrozma-Dawn-Wings|\n|poke|p2|Iron Hands|\n|poke|p2|Magearna|\n|poke|p2|Calyrex-Ice|\n|teampreview\n|inactive|Battle timer is ON: inactive players will automatically lose when time's up. (requested by ChooserOfPoop)\n|\n|t:|1698616238\n|start\n|switch|p1a: Marshadow|Marshadow|100\/100\n|switch|p2a: Hatterene|Hatterene, F|100\/100\n|turn|1\n|\n|t:|1698616250\n|move|p1a: Marshadow|Spectral Thief|p2a: Hatterene\n|-supereffective|p2a: Hatterene\n|-damage|p2a: Hatterene|6\/100\n|move|p2a: Hatterene|Trick Room|p2a: Hatterene\n|-fieldstart|move: Trick Room|[of] p2a: Hatterene\n|\n|upkeep\n|turn|2\n|\n|t:|1698616258\n|move|p1a: Marshadow|Sucker Punch||[still]\n|-fail|p1a: Marshadow\n|move|p2a: Hatterene|Healing Wish|p2a: Hatterene\n|faint|p2a: Hatterene\n|\n|upkeep\n|\n|t:|1698616263\n|switch|p2a: Melmetal|Melmetal|100\/100\n|turn|3\n|\n|t:|1698616279\n|switch|p1a: Groudon|Groudon|100\/100\n|detailschange|p1a: Groudon|Groudon-Primal\n|-primal|p1a: Groudon|Red Orb\n|-weather|DesolateLand|[from] ability: Desolate Land|[of] p1a: Groudon\n|-terastallize|p2a: Melmetal|Steel\n|move|p2a: Melmetal|Double Iron Bash|p1a: Groudon\n|-resisted|p1a: Groudon\n|-damage|p1a: Groudon|73\/100\n|-resisted|p1a: Groudon\n|-damage|p1a: Groudon|42\/100\n|-hitcount|p1a: Groudon|2\n|\n|-weather|DesolateLand|[upkeep]\n|upkeep\n|turn|4\n|\n|t:|1698616291\n|move|p2a: Melmetal|Double Iron Bash|p1a: Groudon\n|-resisted|p1a: Groudon\n|-damage|p1a: Groudon|15\/100\n|-resisted|p1a: Groudon\n|-damage|p1a: Groudon|0 fnt\n|faint|p1a: Groudon\n|-weather|none\n|-hitcount|p1: Groudon|2\n|\n|upkeep\n|inactive|ChooserOfPoop has 120 seconds left.\n|\n|t:|1698616318\n|switch|p1a: Marshadow|Marshadow|100\/100\n|turn|5\n|\n|t:|1698616321\n|move|p2a: Melmetal|Double Iron Bash|p1a: Marshadow\n|-enditem|p1a: Marshadow|Focus Sash\n|-damage|p1a: Marshadow|1\/100\n|-damage|p1a: Marshadow|0 fnt\n|faint|p1a: Marshadow\n|-hitcount|p1: Marshadow|2\n|\n|-fieldend|move: Trick Room\n|upkeep\n|\n|t:|1698616326\n|switch|p1a: Cinderace|Cinderace, F|100\/100\n|turn|6\n|\n|t:|1698616331\n|move|p1a: Cinderace|Pyro Ball|p2a: Melmetal\n|-supereffective|p2a: Melmetal\n|-damage|p2a: Melmetal|41\/100\n|move|p2a: Melmetal|Double Iron Bash|p1a: Cinderace\n|-resisted|p1a: Cinderace\n|-damage|p1a: Cinderace|40\/100\n|-resisted|p1a: Cinderace\n|-damage|p1a: Cinderace|0 fnt\n|faint|p1a: Cinderace\n|-hitcount|p1: Cinderace|2\n|\n|upkeep\n|\n|t:|1698616341\n|switch|p1a: Pheromosa|Pheromosa|100\/100\n|turn|7\n|c|\u2606ChooserOfPoop|that melmetal is crazy\n|c|\u2606ChooserOfPoop|is that tera steel band melmetal\n|\n|t:|1698616359\n|switch|p2a: Magearna|Magearna|100\/100\n|move|p1a: Pheromosa|High Jump Kick|p2a: Magearna\n|-damage|p2a: Magearna|21\/100\n|-damage|p1a: Pheromosa|91\/100|[from] item: Life Orb\n|\n|upkeep\n|turn|8\n|\n|t:|1698616372\n|switch|p2a: Necrozma|Necrozma-Dawn-Wings|100\/100\n|move|p1a: Pheromosa|Triple Axel|p2a: Necrozma\n|-damage|p2a: Necrozma|92\/100\n|-crit|p2a: Necrozma\n|-damage|p2a: Necrozma|68\/100\n|-damage|p2a: Necrozma|45\/100\n|-hitcount|p2a: Necrozma|3\n|-damage|p1a: Pheromosa|81\/100|[from] item: Life Orb\n|\n|upkeep\n|turn|9\n|\n|t:|1698616395\n|move|p1a: Pheromosa|Lunge|p2a: Necrozma\n|-damage|p2a: Necrozma|0 fnt\n|faint|p2a: Necrozma\n|-ability|p1a: Pheromosa|Beast Boost|boost\n|-boost|p1a: Pheromosa|spe|1\n|-damage|p1a: Pheromosa|71\/100|[from] item: Life Orb\n|\n|upkeep\n|\n|t:|1698616402\n|switch|p2a: Calyrex|Calyrex-Ice|100\/100\n|-ability|p2a: Calyrex|As One\n|-ability|p2a: Calyrex|Unnerve\n|turn|10\n|\n|t:|1698616416\n|move|p1a: Pheromosa|Lunge|p2a: Calyrex\n|-supereffective|p2a: Calyrex\n|-damage|p2a: Calyrex|35\/100\n|-unboost|p2a: Calyrex|atk|1\n|-damage|p1a: Pheromosa|61\/100|[from] item: Life Orb\n|move|p2a: Calyrex|Trick Room|p2a: Calyrex\n|-fieldstart|move: Trick Room|[of] p2a: Calyrex\n|\n|upkeep\n|turn|11\n|\n|t:|1698616425\n|move|p2a: Calyrex|Glacial Lance|p1a: Pheromosa\n|-damage|p1a: Pheromosa|0 fnt\n|faint|p1a: Pheromosa\n|-ability|p2a: Calyrex|Chilling Neigh|boost\n|-boost|p2a: Calyrex|atk|1\n|\n|upkeep\n|\n|t:|1698616434\n|switch|p1a: Zacian|Zacian-Crowned|100\/100\n|-ability|p1a: Zacian|Intrepid Sword|boost\n|-boost|p1a: Zacian|atk|1\n|turn|12\n|\n|t:|1698616444\n|move|p2a: Calyrex|Stomping Tantrum|p1a: Zacian\n|-supereffective|p1a: Zacian\n|-damage|p1a: Zacian|39\/100\n|move|p1a: Zacian|Behemoth Blade|p2a: Calyrex\n|-supereffective|p2a: Calyrex\n|-damage|p2a: Calyrex|0 fnt\n|faint|p2a: Calyrex\n|\n|upkeep\n|\n|t:|1698616453\n|switch|p2a: Melmetal|Melmetal, tera:Steel|41\/100\n|-heal|p2a: Melmetal|100\/100|[from] move: Healing Wish\n|turn|13\n|inactive|ChooserOfPoop has 120 seconds left.\n|\n|t:|1698616494\n|move|p2a: Melmetal|Double Iron Bash|p1a: Zacian\n|-damage|p1a: Zacian|0 fnt\n|faint|p1a: Zacian\n|-hitcount|p1: Zacian|1\n|\n|upkeep\n|\n|t:|1698616497\n|switch|p1a: Regieleki|Regieleki|100\/100\n|turn|14\n|\n|t:|1698616501\n|move|p2a: Melmetal|Double Iron Bash|p1a: Regieleki\n|-resisted|p1a: Regieleki\n|-damage|p1a: Regieleki|17\/100\n|-resisted|p1a: Regieleki\n|-damage|p1a: Regieleki|0 fnt\n|faint|p1a: Regieleki\n|-hitcount|p1: Regieleki|2\n|\n|win|Bakitaladelbarrio\n|raw|ChooserOfPoop's rating: 1389 &rarr; <strong>1369<\/strong><br \/>(-20 for losing)\n|raw|Bakitaladelbarrio's rating: 1383 &rarr; <strong>1403<\/strong><br \/>(+20 for winning)\n|l|\u2606ChooserOfPoop\n","uploadtime":1698616526,"views":9,"p1id":"chooserofpoop","p2id":"bakitaladelbarrio","formatid":"gen9nationaldexubers","rating":1369,"private":0,"password":""}