{"id":"gen9nationaldexubers-1990601440","p1":"85792195wwww","p2":"Irfanayan","format":"[Gen 9] National Dex Ubers","log":"|j|\u260685792195wwww\n|j|\u2606Irfanayan\n|t:|1699984809\n|gametype|singles\n|player|p1|85792195wwww|mira|1679\n|player|p2|Irfanayan|1|1704\n|teamsize|p1|6\n|teamsize|p2|6\n|gen|9\n|tier|[Gen 9] National Dex Ubers\n|rated|\n|rule|HP Percentage Mod: HP is shown in percentages\n|rule|Endless Battle Clause: Forcing endless battles is banned\n|rule|OHKO Clause: OHKO moves are banned\n|rule|Evasion Moves Clause: Evasion moves are banned\n|rule|Evasion Items Clause: Evasion items are banned\n|rule|Species Clause: Limit one of each Pok\u00e9mon\n|rule|Sleep Clause Mod: Limit one foe put to sleep\n|rule|Mega Rayquaza Clause: You cannot mega evolve Rayquaza\n|clearpoke\n|poke|p1|Arceus-Ground|\n|poke|p1|Deoxys-Speed|\n|poke|p1|Landorus, M|\n|poke|p1|Zacian-*|\n|poke|p1|Groudon|\n|poke|p1|Kyurem-Black|\n|poke|p2|Groudon|\n|poke|p2|Xerneas-*|\n|poke|p2|Arceus|\n|poke|p2|Necrozma-Dusk-Mane|\n|poke|p2|Zygarde|\n|poke|p2|Lugia|\n|teampreview\n|inactive|Battle timer is ON: inactive players will automatically lose when time's up. (requested by Irfanayan)\n|\n|t:|1699984822\n|start\n|switch|p1a: Deoxys|Deoxys-Speed|100\/100\n|switch|p2a: Arceus|Arceus|100\/100\n|-ability|p1a: Deoxys|Pressure\n|turn|1\n|\n|t:|1699984832\n|move|p2a: Arceus|Extreme Speed|p1a: Deoxys\n|-damage|p1a: Deoxys|11\/100\n|-damage|p2a: Arceus|91\/100|[from] item: Life Orb\n|move|p1a: Deoxys|Spikes|p2a: Arceus\n|-sidestart|p2: Irfanayan|Spikes\n|\n|upkeep\n|turn|2\n|\n|t:|1699984840\n|move|p2a: Arceus|Extreme Speed|p1a: Deoxys\n|-damage|p1a: Deoxys|0 fnt\n|faint|p1a: Deoxys\n|-damage|p2a: Arceus|81\/100|[from] item: Life Orb\n|\n|upkeep\n|\n|t:|1699984858\n|switch|p1a: Arceus|Arceus-Ground|100\/100\n|turn|3\n|\n|t:|1699984862\n|move|p1a: Arceus|Dragon Dance|p1a: Arceus\n|-boost|p1a: Arceus|atk|1\n|-boost|p1a: Arceus|spe|1\n|move|p2a: Arceus|Swords Dance|p2a: Arceus\n|-boost|p2a: Arceus|atk|2\n|\n|upkeep\n|turn|4\n|\n|t:|1699984871\n|move|p2a: Arceus|Extreme Speed|p1a: Arceus\n|-crit|p1a: Arceus\n|-damage|p1a: Arceus|0 fnt\n|faint|p1a: Arceus\n|-damage|p2a: Arceus|71\/100|[from] item: Life Orb\n|\n|upkeep\n|\n|t:|1699984878\n|switch|p1a: Zacian|Zacian-Crowned|100\/100\n|-ability|p1a: Zacian|Intrepid Sword|boost\n|-boost|p1a: Zacian|atk|1\n|turn|5\n|\n|t:|1699984884\n|move|p2a: Arceus|Extreme Speed|p1a: Zacian\n|-resisted|p1a: Zacian\n|-damage|p1a: Zacian|47\/100\n|-damage|p2a: Arceus|61\/100|[from] item: Life Orb\n|move|p1a: Zacian|Close Combat|p2a: Arceus\n|-supereffective|p2a: Arceus\n|-damage|p2a: Arceus|0 fnt\n|-unboost|p1a: Zacian|def|1\n|-unboost|p1a: Zacian|spd|1\n|faint|p2a: Arceus\n|\n|upkeep\n|\n|t:|1699984896\n|switch|p2a: Lugia|Lugia|100\/100\n|turn|6\n|\n|t:|1699984903\n|move|p1a: Zacian|Wild Charge|p2a: Lugia\n|-supereffective|p2a: Lugia\n|-damage|p2a: Lugia|74\/100\n|-damage|p1a: Zacian|39\/100|[from] Recoil\n|move|p2a: Lugia|Whirlpool|p1a: Zacian\n|-damage|p1a: Zacian|29\/100\n|-activate|p1a: Zacian|move: Whirlpool|[of] p2a: Lugia\n|\n|-heal|p2a: Lugia|80\/100|[from] item: Leftovers\n|-damage|p1a: Zacian|16\/100|[from] move: Whirlpool|[partiallytrapped]\n|upkeep\n|turn|7\n|\n|t:|1699984915\n|move|p1a: Zacian|Swords Dance|p1a: Zacian\n|-boost|p1a: Zacian|atk|2\n|move|p2a: Lugia|Roost|p2a: Lugia\n|-heal|p2a: Lugia|100\/100\n|-singleturn|p2a: Lugia|move: Roost\n|\n|-damage|p1a: Zacian|4\/100|[from] move: Whirlpool|[partiallytrapped]\n|upkeep\n|turn|8\n|\n|t:|1699984925\n|move|p1a: Zacian|Wild Charge|p2a: Lugia\n|-supereffective|p2a: Lugia\n|-damage|p2a: Lugia|53\/100\n|-damage|p1a: Zacian|0 fnt|[from] Recoil\n|faint|p1a: Zacian\n|move|p2a: Lugia|Roost|p2a: Lugia\n|-heal|p2a: Lugia|100\/100\n|-singleturn|p2a: Lugia|move: Roost\n|\n|upkeep\n|\n|t:|1699984936\n|switch|p1a: Kyurem|Kyurem-Black|100\/100\n|-ability|p1a: Kyurem|Teravolt\n|turn|9\n|\n|t:|1699984941\n|move|p1a: Kyurem|Dragon Dance|p1a: Kyurem\n|-boost|p1a: Kyurem|atk|1\n|-boost|p1a: Kyurem|spe|1\n|move|p2a: Lugia|Thunder Wave|p1a: Kyurem\n|-status|p1a: Kyurem|par\n|\n|upkeep\n|turn|10\n|\n|t:|1699984948\n|move|p2a: Lugia|Whirlpool|p1a: Kyurem\n|-resisted|p1a: Kyurem\n|-damage|p1a: Kyurem|97\/100 par\n|-activate|p1a: Kyurem|move: Whirlpool|[of] p2a: Lugia\n|move|p1a: Kyurem|Icicle Spear|p2a: Lugia\n|-supereffective|p2a: Lugia\n|-damage|p2a: Lugia|71\/100\n|-supereffective|p2a: Lugia\n|-damage|p2a: Lugia|46\/100\n|-supereffective|p2a: Lugia\n|-damage|p2a: Lugia|18\/100\n|-supereffective|p2a: Lugia\n|-damage|p2a: Lugia|0 fnt\n|faint|p2a: Lugia\n|-hitcount|p2: Lugia|4\n|\n|-end|p1a: Kyurem|Whirlpool|[partiallytrapped]|[silent]\n|upkeep\n|\n|t:|1699984968\n|switch|p2a: Necrozma|Necrozma-Dusk-Mane|100\/100\n|-damage|p2a: Necrozma|88\/100|[from] Spikes\n|turn|11\n|\n|t:|1699984980\n|detailschange|p2a: Necrozma|Necrozma-Ultra\n|-burst|p2a: Necrozma|Necrozma|Ultranecrozium Z\n|move|p2a: Necrozma|Dragon Pulse|p1a: Kyurem\n|-supereffective|p1a: Kyurem\n|-damage|p1a: Kyurem|0 fnt\n|faint|p1a: Kyurem\n|\n|upkeep\n|\n|t:|1699984995\n|switch|p1a: Groudon|Groudon|100\/100\n|detailschange|p1a: Groudon|Groudon-Primal\n|-primal|p1a: Groudon|Red Orb\n|-weather|DesolateLand|[from] ability: Desolate Land|[of] p1a: Groudon\n|turn|12\n|\n|t:|1699985004\n|-zpower|p2a: Necrozma\n|move|p2a: Necrozma|Light That Burns the Sky|p1a: Groudon|[zeffect]\n|-damage|p1a: Groudon|0 fnt\n|faint|p1a: Groudon\n|-weather|none\n|\n|upkeep\n|j| zooz da denn\n|\n|t:|1699985013\n|switch|p1a: Landorus|Landorus, M|100\/100\n|turn|13\n|\n|t:|1699985022\n|move|p2a: Necrozma|Photon Geyser|p1a: Landorus\n|-damage|p1a: Landorus|22\/100\n|move|p1a: Landorus|Rock Polish|p1a: Landorus\n|-boost|p1a: Landorus|spe|2\n|\n|upkeep\n|turn|14\n|\n|t:|1699985034\n|-terastallize|p1a: Landorus|Ground\n|move|p1a: Landorus|Earth Power|p2a: Necrozma\n|-damage|p2a: Necrozma|0 fnt\n|faint|p2a: Necrozma\n|\n|upkeep\n|\n|t:|1699985054\n|switch|p2a: Xerneas|Xerneas|100\/100\n|-damage|p2a: Xerneas|88\/100|[from] Spikes\n|-ability|p2a: Xerneas|Fairy Aura\n|turn|15\n|\n|t:|1699985061\n|move|p1a: Landorus|Sludge Wave|p2a: Xerneas\n|-supereffective|p2a: Xerneas\n|-damage|p2a: Xerneas|0 fnt\n|faint|p2a: Xerneas\n|\n|upkeep\n|\n|t:|1699985070\n|switch|p2a: Zygarde|Zygarde|100\/100\n|-damage|p2a: Zygarde|88\/100|[from] Spikes\n|turn|16\n|\n|t:|1699985078\n|move|p1a: Landorus|Earth Power|p2a: Zygarde\n|-damage|p2a: Zygarde|0 fnt\n|faint|p2a: Zygarde\n|\n|upkeep\n|\n|t:|1699985086\n|switch|p2a: Groudon|Groudon|100\/100\n|-damage|p2a: Groudon|88\/100|[from] Spikes\n|detailschange|p2a: Groudon|Groudon-Primal\n|-primal|p2a: Groudon|Red Orb\n|-weather|DesolateLand|[from] ability: Desolate Land|[of] p2a: Groudon\n|turn|17\n|\n|t:|1699985100\n|move|p1a: Landorus|Earth Power|p2a: Groudon\n|-supereffective|p2a: Groudon\n|-damage|p2a: Groudon|0 fnt\n|faint|p2a: Groudon\n|-weather|none\n|\n|win|85792195wwww\n|raw|85792195wwww's rating: 1679 &rarr; <strong>1700<\/strong><br \/>(+21 for winning)\n|raw|Irfanayan's rating: 1704 &rarr; <strong>1683<\/strong><br \/>(-21 for losing)\n","uploadtime":1699985108,"views":6,"p1id":"85792195wwww","p2id":"irfanayan","formatid":"gen9nationaldexubers","rating":1683,"private":0,"password":""}