{"id":"gen9nationaldexubers-1979151861","p1":"Ricomam","p2":"Elin Baecil","format":"[Gen 9] National Dex Ubers","log":"|j|\u2606Ricomam\n|j|\u2606Elin Baecil\n|t:|1698639701\n|gametype|singles\n|player|p1|Ricomam|hugh|\n|player|p2|Elin Baecil|leon-masters|\n|teamsize|p1|6\n|teamsize|p2|6\n|gen|9\n|tier|[Gen 9] National Dex Ubers\n|rule|HP Percentage Mod: HP is shown in percentages\n|rule|Endless Battle Clause: Forcing endless battles is banned\n|rule|OHKO Clause: OHKO moves are banned\n|rule|Evasion Moves Clause: Evasion moves are banned\n|rule|Evasion Items Clause: Evasion items are banned\n|rule|Species Clause: Limit one of each Pok\u00e9mon\n|rule|Sleep Clause Mod: Limit one foe put to sleep\n|rule|Mega Rayquaza Clause: You cannot mega evolve Rayquaza\n|clearpoke\n|poke|p1|Staraptor, F|\n|poke|p1|Cyclizar, F|\n|poke|p1|Porygon-Z|\n|poke|p1|Chansey, F|\n|poke|p1|Ursaluna-Bloodmoon, M|\n|poke|p1|Lopunny, M|\n|poke|p2|Alakazam, F|\n|poke|p2|Deoxys-Speed|\n|poke|p2|Latios, M|\n|poke|p2|Slowking-Galar, M|\n|poke|p2|Tapu Lele|\n|poke|p2|Cresselia, F|\n|teampreview\n|j| Arnaenaed\n|j| buenocomoeloro\n|c| Arnaenaed|UN SALUDO A MI COMPA EL [redacted] CHAN\n|c| buenocomoeloro|go perrikis\n|\n|t:|1698639818\n|start\n|switch|p1a: La moto hace rum|Cyclizar, F|100\/100\n|switch|p2a: Deoxys|Deoxys-Speed|100\/100\n|-ability|p2a: Deoxys|Pressure\n|turn|1\n|\n|t:|1698639829\n|move|p2a: Deoxys|Taunt|p1a: La moto hace rum\n|-start|p1a: La moto hace rum|move: Taunt\n|move|p1a: La moto hace rum|Knock Off|p2a: Deoxys\n|-supereffective|p2a: Deoxys\n|-damage|p2a: Deoxys|48\/100\n|-enditem|p2a: Deoxys|Light Clay|[from] move: Knock Off|[of] p1a: La moto hace rum\n|\n|upkeep\n|turn|2\n|\n|t:|1698639838\n|move|p2a: Deoxys|Reflect|p2a: Deoxys\n|-sidestart|p2: Elin Baecil|Reflect\n|move|p1a: La moto hace rum|Draco Meteor|p2a: Deoxys|[miss]\n|-miss|p1a: La moto hace rum|p2a: Deoxys\n|\n|upkeep\n|turn|3\n|\n|t:|1698639844\n|move|p2a: Deoxys|Light Screen|p2a: Deoxys\n|-sidestart|p2: Elin Baecil|move: Light Screen\n|move|p1a: La moto hace rum|Draco Meteor|p2a: Deoxys\n|-damage|p2a: Deoxys|22\/100\n|-unboost|p1a: La moto hace rum|spa|2\n|\n|-end|p1a: La moto hace rum|move: Taunt\n|upkeep\n|turn|4\n|\n|t:|1698639851\n|switch|p2a: Latios|Latios, M|100\/100\n|move|p1a: La moto hace rum|Knock Off|p2a: Latios\n|-supereffective|p2a: Latios\n|-damage|p2a: Latios|79\/100\n|-enditem|p2a: Latios|Weakness Policy\n|-boost|p2a: Latios|atk|2|[from] item: Weakness Policy\n|-boost|p2a: Latios|spa|2|[from] item: Weakness Policy\n|\n|upkeep\n|turn|5\n|\n|t:|1698639875\n|move|p1a: La moto hace rum|Taunt|p2a: Latios\n|-start|p2a: Latios|move: Taunt\n|move|p2a: Latios|Psyshock|p1a: La moto hace rum\n|-crit|p1a: La moto hace rum\n|-enditem|p1a: La moto hace rum|Focus Sash\n|-damage|p1a: La moto hace rum|1\/100\n|\n|upkeep\n|turn|6\n|\n|t:|1698639890\n|move|p1a: La moto hace rum|Knock Off|p2a: Latios\n|-supereffective|p2a: Latios\n|-damage|p2a: Latios|64\/100\n|move|p2a: Latios|Stored Power|p1a: La moto hace rum\n|-damage|p1a: La moto hace rum|0 fnt\n|faint|p1a: La moto hace rum\n|\n|-sideend|p2: Elin Baecil|Reflect\n|upkeep\n|\n|t:|1698639902\n|switch|p1a: Mega-Furra|Lopunny, M|100\/100\n|turn|7\n|\n|t:|1698639914\n|switch|p2a: Tapu Lele|Tapu Lele|100\/100\n|-fieldstart|move: Psychic Terrain|[from] ability: Psychic Surge|[of] p2a: Tapu Lele\n|detailschange|p1a: Mega-Furra|Lopunny-Mega, M\n|-mega|p1a: Mega-Furra|Lopunny|Lopunnite\n|move|p1a: Mega-Furra|U-turn|p2a: Tapu Lele\n|-damage|p2a: Tapu Lele|62\/100\n|\n|t:|1698639927\n|switch|p1a: La gorda|Chansey, F|100\/100|[from] U-turn\n|\n|-sideend|p2: Elin Baecil|move: Light Screen\n|upkeep\n|turn|8\n|\n|t:|1698639934\n|move|p2a: Tapu Lele|Psyshock|p1a: La gorda\n|-damage|p1a: La gorda|64\/100\n|move|p1a: La gorda|Seismic Toss|p2a: Tapu Lele\n|-damage|p2a: Tapu Lele|26\/100\n|\n|upkeep\n|turn|9\n|\n|t:|1698639941\n|switch|p2a: Deoxys|Deoxys-Speed|22\/100\n|-ability|p2a: Deoxys|Pressure\n|move|p1a: La gorda|Seismic Toss|p2a: Deoxys\n|-damage|p2a: Deoxys|0 fnt\n|faint|p2a: Deoxys\n|\n|upkeep\n|\n|t:|1698639950\n|switch|p2a: Latios|Latios, M|64\/100\n|turn|10\n|\n|t:|1698639954\n|move|p2a: Latios|Substitute|p2a: Latios\n|-start|p2a: Latios|Substitute\n|-damage|p2a: Latios|39\/100\n|move|p1a: La gorda|Seismic Toss|p2a: Latios\n|-end|p2a: Latios|Substitute\n|\n|upkeep\n|turn|11\n|\n|t:|1698639959\n|move|p2a: Latios|Psyshock|p1a: La gorda\n|-damage|p1a: La gorda|42\/100\n|move|p1a: La gorda|Seismic Toss|p2a: Latios\n|-damage|p2a: Latios|8\/100\n|\n|-fieldend|move: Psychic Terrain\n|upkeep\n|turn|12\n|\n|t:|1698639965\n|move|p2a: Latios|Psyshock|p1a: La gorda\n|-damage|p1a: La gorda|18\/100\n|move|p1a: La gorda|Seismic Toss|p2a: Latios\n|-damage|p2a: Latios|0 fnt\n|faint|p2a: Latios\n|\n|upkeep\n|\n|t:|1698639972\n|switch|p2a: Tapu Lele|Tapu Lele|26\/100\n|-fieldstart|move: Psychic Terrain|[from] ability: Psychic Surge|[of] p2a: Tapu Lele\n|turn|13\n|\n|t:|1698639981\n|move|p2a: Tapu Lele|Psyshock|p1a: La gorda\n|-damage|p1a: La gorda|0 fnt\n|faint|p1a: La gorda\n|\n|upkeep\n|\n|t:|1698639986\n|switch|p1a: Rompe klos|Staraptor, F|100\/100\n|turn|14\n|\n|t:|1698639992\n|move|p1a: Rompe klos|U-turn|p2a: Tapu Lele\n|-damage|p2a: Tapu Lele|0 fnt\n|faint|p2a: Tapu Lele\n|\n|t:|1698639997\n|switch|p1a: Freddy Fazbear's|Ursaluna-Bloodmoon, M|100\/100|[from] U-turn\n|\n|upkeep\n|\n|t:|1698640002\n|switch|p2a: Alakazam|Alakazam, F|100\/100\n|turn|15\n|\n|t:|1698640007\n|detailschange|p2a: Alakazam|Alakazam-Mega, F\n|-mega|p2a: Alakazam|Alakazam|Alakazite\n|-ability|p2a: Alakazam|Mind's Eye|[from] ability: Trace|[of] p1a: Freddy Fazbear's\n|move|p2a: Alakazam|Focus Blast|p1a: Freddy Fazbear's\n|-supereffective|p1a: Freddy Fazbear's\n|-damage|p1a: Freddy Fazbear's|26\/100\n|move|p1a: Freddy Fazbear's|Blood Moon|p2a: Alakazam\n|-damage|p2a: Alakazam|0 fnt\n|faint|p2a: Alakazam\n|\n|upkeep\n|\n|t:|1698640017\n|switch|p2a: Cresselia|Cresselia, F|100\/100\n|turn|16\n|\n|t:|1698640023\n|move|p2a: Cresselia|Calm Mind|p2a: Cresselia\n|-boost|p2a: Cresselia|spa|1\n|-boost|p2a: Cresselia|spd|1\n|move|p1a: Freddy Fazbear's|Moonblast|p2a: Cresselia\n|-damage|p2a: Cresselia|83\/100\n|-unboost|p2a: Cresselia|spa|1\n|\n|upkeep\n|turn|17\n|\n|t:|1698640034\n|switch|p1a: Mega-Furra|Lopunny-Mega, M|100\/100\n|move|p2a: Cresselia|Calm Mind|p2a: Cresselia\n|-boost|p2a: Cresselia|spa|1\n|-boost|p2a: Cresselia|spd|1\n|\n|-fieldend|move: Psychic Terrain\n|upkeep\n|turn|18\n|\n|t:|1698640040\n|move|p1a: Mega-Furra|U-turn|p2a: Cresselia\n|-supereffective|p2a: Cresselia\n|-damage|p2a: Cresselia|57\/100\n|-enditem|p2a: Cresselia|Kee Berry|[eat]\n|-boost|p2a: Cresselia|def|1|[from] item: Kee Berry\n|\n|t:|1698640042\n|switch|p1a: Freddy Fazbear's|Ursaluna-Bloodmoon, M|26\/100|[from] U-turn\n|move|p2a: Cresselia|Moonlight|p2a: Cresselia\n|-heal|p2a: Cresselia|100\/100\n|\n|upkeep\n|turn|19\n|\n|t:|1698640050\n|move|p2a: Cresselia|Calm Mind|p2a: Cresselia\n|-boost|p2a: Cresselia|spa|1\n|-boost|p2a: Cresselia|spd|1\n|move|p1a: Freddy Fazbear's|Blood Moon|p2a: Cresselia\n|-damage|p2a: Cresselia|77\/100\n|\n|upkeep\n|turn|20\n|\n|t:|1698640069\n|move|p2a: Cresselia|Stored Power|p1a: Freddy Fazbear's\n|-damage|p1a: Freddy Fazbear's|0 fnt\n|faint|p1a: Freddy Fazbear's\n|\n|upkeep\n|\n|t:|1698640081\n|switch|p1a: Rompe klos|Staraptor, F|100\/100\n|turn|21\n|\n|t:|1698640087\n|move|p1a: Rompe klos|Double-Edge|p2a: Cresselia\n|-damage|p2a: Cresselia|49\/100\n|-damage|p1a: Rompe klos|87\/100|[from] Recoil\n|move|p2a: Cresselia|Moonlight|p2a: Cresselia\n|-heal|p2a: Cresselia|99\/100\n|\n|upkeep\n|turn|22\n|\n|t:|1698640098\n|move|p1a: Rompe klos|Double-Edge|p2a: Cresselia\n|-damage|p2a: Cresselia|70\/100\n|-damage|p1a: Rompe klos|73\/100|[from] Recoil\n|move|p2a: Cresselia|Stored Power|p1a: Rompe klos\n|-damage|p1a: Rompe klos|0 fnt\n|faint|p1a: Rompe klos\n|\n|upkeep\n|\n|t:|1698640104\n|switch|p1a: Mega-Furra|Lopunny-Mega, M|100\/100\n|turn|23\n|\n|t:|1698640115\n|move|p1a: Mega-Furra|Return|p2a: Cresselia\n|-damage|p2a: Cresselia|51\/100\n|move|p2a: Cresselia|Moonlight|p2a: Cresselia\n|-heal|p2a: Cresselia|100\/100\n|\n|upkeep\n|turn|24\n|\n|t:|1698640120\n|move|p1a: Mega-Furra|Endeavor|p2a: Cresselia\n|-damage|p2a: Cresselia|62\/100\n|move|p2a: Cresselia|Stored Power|p1a: Mega-Furra\n|-supereffective|p1a: Mega-Furra\n|-damage|p1a: Mega-Furra|0 fnt\n|faint|p1a: Mega-Furra\n|\n|upkeep\n|\n|t:|1698640125\n|switch|p1a: Antivirus inutil|Porygon-Z, shiny|100\/100\n|turn|25\n|\n|t:|1698640135\n|-zpower|p1a: Antivirus inutil\n|move|p1a: Antivirus inutil|Z-Conversion|p1a: Antivirus inutil|[anim]Conversion\n|-boost|p1a: Antivirus inutil|atk|1|[zeffect]\n|-boost|p1a: Antivirus inutil|def|1|[zeffect]\n|-boost|p1a: Antivirus inutil|spa|1|[zeffect]\n|-boost|p1a: Antivirus inutil|spd|1|[zeffect]\n|-boost|p1a: Antivirus inutil|spe|1|[zeffect]\n|-start|p1a: Antivirus inutil|typechange|Ghost\n|move|p2a: Cresselia|Stored Power|p1a: Antivirus inutil\n|-crit|p1a: Antivirus inutil\n|-damage|p1a: Antivirus inutil|0 fnt\n|faint|p1a: Antivirus inutil\n|\n|win|Elin Baecil\n|l|\u2606Ricomam\n","uploadtime":1698640148,"views":12,"p1id":"ricomam","p2id":"elinbaecil","formatid":"gen9nationaldexubers","rating":0,"private":0,"password":""}