{"id":"gen9nationaldexubers-1979929987","p1":"SoftSandBee","p2":"GarpBlarp","format":"[Gen 9] National Dex Ubers","log":"|j|\u2606SoftSandBee\n|j|\u2606GarpBlarp\n|t:|1698731368\n|gametype|singles\n|player|p1|SoftSandBee|serena-masters3|1283\n|player|p2|GarpBlarp|blue|1210\n|teamsize|p1|6\n|teamsize|p2|6\n|gen|9\n|tier|[Gen 9] National Dex Ubers\n|rated|\n|rule|HP Percentage Mod: HP is shown in percentages\n|rule|Endless Battle Clause: Forcing endless battles is banned\n|rule|OHKO Clause: OHKO moves are banned\n|rule|Evasion Moves Clause: Evasion moves are banned\n|rule|Evasion Items Clause: Evasion items are banned\n|rule|Species Clause: Limit one of each Pok\u00e9mon\n|rule|Sleep Clause Mod: Limit one foe put to sleep\n|rule|Mega Rayquaza Clause: You cannot mega evolve Rayquaza\n|clearpoke\n|poke|p1|Chansey, F|\n|poke|p1|Arceus-Dark|\n|poke|p1|Necrozma-Dawn-Wings|\n|poke|p1|Groudon|\n|poke|p1|Zacian-*|\n|poke|p1|Ho-Oh|\n|poke|p2|Marshadow|\n|poke|p2|Zacian-*|\n|poke|p2|Gyarados, F|\n|poke|p2|Charizard, M|\n|poke|p2|Zekrom|\n|poke|p2|Meowscarada, F|\n|teampreview\n|\n|t:|1698731390\n|start\n|switch|p1a: \u6697\u85cf\u7384\u9e21|Ho-Oh|100\/100\n|switch|p2a: Marshadow|Marshadow|100\/100\n|turn|1\n|\n|t:|1698731399\n|-zpower|p2a: Marshadow\n|move|p2a: Marshadow|Soul-Stealing 7-Star Strike|p1a: \u6697\u85cf\u7384\u9e21|[zeffect]\n|-damage|p1a: \u6697\u85cf\u7384\u9e21|33\/100\n|move|p1a: \u6697\u85cf\u7384\u9e21|Sacred Fire|p2a: Marshadow\n|-damage|p2a: Marshadow|45\/100\n|\n|upkeep\n|turn|2\n|\n|t:|1698731423\n|switch|p1a: \u795e \u91cc \u7075 \u6d3b \u7684 \u72d7|Zacian-Crowned|100\/100\n|-ability|p1a: \u795e \u91cc \u7075 \u6d3b \u7684 \u72d7|Intrepid Sword|boost\n|-boost|p1a: \u795e \u91cc \u7075 \u6d3b \u7684 \u72d7|atk|1\n|move|p2a: Marshadow|Shadow Sneak|p1a: \u795e \u91cc \u7075 \u6d3b \u7684 \u72d7\n|-damage|p1a: \u795e \u91cc \u7075 \u6d3b \u7684 \u72d7|67\/100\n|\n|upkeep\n|turn|3\n|\n|t:|1698731429\n|move|p1a: \u795e \u91cc \u7075 \u6d3b \u7684 \u72d7|Play Rough|p2a: Marshadow\n|-supereffective|p2a: Marshadow\n|-damage|p2a: Marshadow|0 fnt\n|faint|p2a: Marshadow\n|\n|upkeep\n|\n|t:|1698731435\n|switch|p2a: Zacian|Zacian-Crowned, shiny|100\/100\n|-ability|p2a: Zacian|Intrepid Sword|boost\n|-boost|p2a: Zacian|atk|1\n|turn|4\n|\n|t:|1698731445\n|switch|p2a: Gyarados|Gyarados, F|100\/100\n|-ability|p2a: Gyarados|Intimidate|boost\n|-unboost|p1a: \u795e \u91cc \u7075 \u6d3b \u7684 \u72d7|atk|1\n|-terastallize|p1a: \u795e \u91cc \u7075 \u6d3b \u7684 \u72d7|Ground\n|move|p1a: \u795e \u91cc \u7075 \u6d3b \u7684 \u72d7|Tera Blast|p2a: Gyarados|[anim] Tera Blast Ground\n|-immune|p2a: Gyarados\n|\n|upkeep\n|turn|5\n|\n|t:|1698731460\n|move|p1a: \u795e \u91cc \u7075 \u6d3b \u7684 \u72d7|Wild Charge|p2a: Gyarados\n|-supereffective|p2a: Gyarados\n|-damage|p2a: Gyarados|0 fnt\n|faint|p2a: Gyarados\n|-damage|p1a: \u795e \u91cc \u7075 \u6d3b \u7684 \u72d7|41\/100|[from] Recoil\n|\n|upkeep\n|\n|t:|1698731469\n|switch|p2a: Meowscarada|Meowscarada, F|100\/100\n|turn|6\n|\n|t:|1698731473\n|move|p2a: Meowscarada|Sucker Punch|p1a: \u795e \u91cc \u7075 \u6d3b \u7684 \u72d7\n|-start|p2a: Meowscarada|typechange|Dark|[from] ability: Protean\n|-crit|p1a: \u795e \u91cc \u7075 \u6d3b \u7684 \u72d7\n|-damage|p1a: \u795e \u91cc \u7075 \u6d3b \u7684 \u72d7|0 fnt\n|faint|p1a: \u795e \u91cc \u7075 \u6d3b \u7684 \u72d7\n|\n|upkeep\n|\n|t:|1698731477\n|switch|p1a: \u6697\u85cf\u7384\u9e21|Ho-Oh|66\/100\n|turn|7\n|\n|t:|1698731482\n|move|p2a: Meowscarada|Thunder Punch|p1a: \u6697\u85cf\u7384\u9e21\n|-supereffective|p1a: \u6697\u85cf\u7384\u9e21\n|-damage|p1a: \u6697\u85cf\u7384\u9e21|34\/100\n|move|p1a: \u6697\u85cf\u7384\u9e21|Sacred Fire|p2a: Meowscarada\n|-damage|p2a: Meowscarada|35\/100\n|-status|p2a: Meowscarada|brn\n|\n|-damage|p2a: Meowscarada|29\/100 brn|[from] brn\n|upkeep\n|turn|8\n|\n|t:|1698731498\n|switch|p1a: \u795etm\u7684\u961f\u4f0d|Arceus-Dark|100\/100\n|move|p2a: Meowscarada|Sucker Punch||[still]\n|-fail|p2a: Meowscarada\n|\n|-damage|p2a: Meowscarada|23\/100 brn|[from] brn\n|upkeep\n|turn|9\n|\n|t:|1698731504\n|move|p2a: Meowscarada|Play Rough|p1a: \u795etm\u7684\u961f\u4f0d\n|-supereffective|p1a: \u795etm\u7684\u961f\u4f0d\n|-damage|p1a: \u795etm\u7684\u961f\u4f0d|83\/100\n|move|p1a: \u795etm\u7684\u961f\u4f0d|Foul Play|p2a: Meowscarada\n|-resisted|p2a: Meowscarada\n|-damage|p2a: Meowscarada|0 fnt\n|faint|p2a: Meowscarada\n|\n|upkeep\n|\n|t:|1698731513\n|switch|p2a: Zacian|Zacian-Crowned, shiny|100\/100\n|turn|10\n|\n|t:|1698731519\n|-terastallize|p2a: Zacian|Flying\n|move|p2a: Zacian|Play Rough|p1a: \u795etm\u7684\u961f\u4f0d\n|-supereffective|p1a: \u795etm\u7684\u961f\u4f0d\n|-damage|p1a: \u795etm\u7684\u961f\u4f0d|24\/100\n|move|p1a: \u795etm\u7684\u961f\u4f0d|Will-O-Wisp|p2a: Zacian\n|-status|p2a: Zacian|brn\n|\n|-damage|p2a: Zacian|94\/100 brn|[from] brn\n|upkeep\n|turn|11\n|\n|t:|1698731528\n|switch|p1a: \u6697\u85cf\u7384\u9e21|Ho-Oh|67\/100\n|move|p2a: Zacian|Sacred Sword|p1a: \u6697\u85cf\u7384\u9e21\n|-resisted|p1a: \u6697\u85cf\u7384\u9e21\n|-damage|p1a: \u6697\u85cf\u7384\u9e21|62\/100\n|\n|-damage|p2a: Zacian|88\/100 brn|[from] brn\n|upkeep\n|turn|12\n|\n|t:|1698731538\n|switch|p2a: Charizard|Charizard, M|100\/100\n|move|p1a: \u6697\u85cf\u7384\u9e21|Defog|p2a: Charizard\n|-unboost|p2a: Charizard|evasion|1\n|\n|upkeep\n|turn|13\n|\n|t:|1698731547\n|move|p2a: Charizard|Air Slash|p1a: \u6697\u85cf\u7384\u9e21\n|-damage|p1a: \u6697\u85cf\u7384\u9e21|41\/100\n|cant|p1a: \u6697\u85cf\u7384\u9e21|flinch\n|\n|upkeep\n|turn|14\n|\n|t:|1698731551\n|switch|p1a: \u6253\u4e0d\u6b7b\u554a\u6de6\u6de6\u6de6|Chansey, F|100\/100\n|move|p2a: Charizard|Air Slash|p1a: \u6253\u4e0d\u6b7b\u554a\u6de6\u6de6\u6de6\n|-damage|p1a: \u6253\u4e0d\u6b7b\u554a\u6de6\u6de6\u6de6|90\/100\n|\n|upkeep\n|turn|15\n|\n|t:|1698731557\n|move|p2a: Charizard|Flamethrower|p1a: \u6253\u4e0d\u6b7b\u554a\u6de6\u6de6\u6de6\n|-damage|p1a: \u6253\u4e0d\u6b7b\u554a\u6de6\u6de6\u6de6|77\/100\n|move|p1a: \u6253\u4e0d\u6b7b\u554a\u6de6\u6de6\u6de6|Wish|p1a: \u6253\u4e0d\u6b7b\u554a\u6de6\u6de6\u6de6\n|\n|upkeep\n|turn|16\n|\n|t:|1698731562\n|switch|p1a: \u795etm\u7684\u961f\u4f0d|Arceus-Dark|24\/100\n|move|p2a: Charizard|Air Slash|p1a: \u795etm\u7684\u961f\u4f0d\n|-damage|p1a: \u795etm\u7684\u961f\u4f0d|1\/100\n|\n|-heal|p1a: \u795etm\u7684\u961f\u4f0d|80\/100|[from] move: Wish|[wisher] \u6253\u4e0d\u6b7b\u554a\u6de6\u6de6\u6de6\n|upkeep\n|turn|17\n|\n|t:|1698731571\n|move|p1a: \u795etm\u7684\u961f\u4f0d|Foul Play|p2a: Charizard\n|-damage|p2a: Charizard|69\/100\n|move|p2a: Charizard|Air Slash|p1a: \u795etm\u7684\u961f\u4f0d\n|-damage|p1a: \u795etm\u7684\u961f\u4f0d|55\/100\n|\n|upkeep\n|turn|18\n|\n|t:|1698731580\n|move|p1a: \u795etm\u7684\u961f\u4f0d|Recover|p1a: \u795etm\u7684\u961f\u4f0d\n|-heal|p1a: \u795etm\u7684\u961f\u4f0d|100\/100\n|move|p2a: Charizard|Flamethrower|p1a: \u795etm\u7684\u961f\u4f0d\n|-damage|p1a: \u795etm\u7684\u961f\u4f0d|70\/100\n|-status|p1a: \u795etm\u7684\u961f\u4f0d|brn\n|\n|-damage|p1a: \u795etm\u7684\u961f\u4f0d|64\/100 brn|[from] brn\n|upkeep\n|turn|19\n|\n|t:|1698731591\n|switch|p1a: \u6253\u4e0d\u6b7b\u554a\u6de6\u6de6\u6de6|Chansey, F|77\/100\n|move|p2a: Charizard|Flamethrower|p1a: \u6253\u4e0d\u6b7b\u554a\u6de6\u6de6\u6de6\n|-damage|p1a: \u6253\u4e0d\u6b7b\u554a\u6de6\u6de6\u6de6|61\/100\n|\n|upkeep\n|turn|20\n|\n|t:|1698731597\n|move|p2a: Charizard|Air Slash|p1a: \u6253\u4e0d\u6b7b\u554a\u6de6\u6de6\u6de6\n|-damage|p1a: \u6253\u4e0d\u6b7b\u554a\u6de6\u6de6\u6de6|49\/100\n|cant|p1a: \u6253\u4e0d\u6b7b\u554a\u6de6\u6de6\u6de6|flinch\n|\n|upkeep\n|turn|21\n|\n|t:|1698731602\n|move|p2a: Charizard|Air Slash|p1a: \u6253\u4e0d\u6b7b\u554a\u6de6\u6de6\u6de6\n|-damage|p1a: \u6253\u4e0d\u6b7b\u554a\u6de6\u6de6\u6de6|37\/100\n|move|p1a: \u6253\u4e0d\u6b7b\u554a\u6de6\u6de6\u6de6|Wish|p1a: \u6253\u4e0d\u6b7b\u554a\u6de6\u6de6\u6de6\n|\n|upkeep\n|turn|22\n|\n|t:|1698731606\n|move|p1a: \u6253\u4e0d\u6b7b\u554a\u6de6\u6de6\u6de6|Protect|p1a: \u6253\u4e0d\u6b7b\u554a\u6de6\u6de6\u6de6\n|-singleturn|p1a: \u6253\u4e0d\u6b7b\u554a\u6de6\u6de6\u6de6|Protect\n|move|p2a: Charizard|Flamethrower|p1a: \u6253\u4e0d\u6b7b\u554a\u6de6\u6de6\u6de6\n|-activate|p1a: \u6253\u4e0d\u6b7b\u554a\u6de6\u6de6\u6de6|move: Protect\n|\n|-heal|p1a: \u6253\u4e0d\u6b7b\u554a\u6de6\u6de6\u6de6|87\/100|[from] move: Wish|[wisher] \u6253\u4e0d\u6b7b\u554a\u6de6\u6de6\u6de6\n|upkeep\n|turn|23\n|c|\u2606GarpBlarp|stupid stall\n|\n|t:|1698731618\n|move|p2a: Charizard|Air Slash|p1a: \u6253\u4e0d\u6b7b\u554a\u6de6\u6de6\u6de6\n|-damage|p1a: \u6253\u4e0d\u6b7b\u554a\u6de6\u6de6\u6de6|75\/100\n|move|p1a: \u6253\u4e0d\u6b7b\u554a\u6de6\u6de6\u6de6|Wish|p1a: \u6253\u4e0d\u6b7b\u554a\u6de6\u6de6\u6de6\n|\n|upkeep\n|turn|24\n|\n|t:|1698731622\n|switch|p1a: \u795etm\u7684\u961f\u4f0d|Arceus-Dark|64\/100 brn\n|move|p2a: Charizard|Flamethrower|p1a: \u795etm\u7684\u961f\u4f0d\n|-damage|p1a: \u795etm\u7684\u961f\u4f0d|35\/100 brn\n|\n|-heal|p1a: \u795etm\u7684\u961f\u4f0d|100\/100 brn|[from] move: Wish|[wisher] \u6253\u4e0d\u6b7b\u554a\u6de6\u6de6\u6de6\n|-damage|p1a: \u795etm\u7684\u961f\u4f0d|94\/100 brn|[from] brn\n|upkeep\n|turn|25\n|\n|t:|1698731639\n|switch|p1a: \u4e0d\u4f1a\u98de\u7684\u8bf7\u4e3e\u624b|Groudon|100\/100\n|detailschange|p1a: \u4e0d\u4f1a\u98de\u7684\u8bf7\u4e3e\u624b|Groudon-Primal\n|-primal|p1a: \u4e0d\u4f1a\u98de\u7684\u8bf7\u4e3e\u624b|Red Orb\n|-weather|DesolateLand|[from] ability: Desolate Land|[of] p1a: \u4e0d\u4f1a\u98de\u7684\u8bf7\u4e3e\u624b\n|move|p2a: Charizard|Flamethrower|p1a: \u4e0d\u4f1a\u98de\u7684\u8bf7\u4e3e\u624b\n|-resisted|p1a: \u4e0d\u4f1a\u98de\u7684\u8bf7\u4e3e\u624b\n|-damage|p1a: \u4e0d\u4f1a\u98de\u7684\u8bf7\u4e3e\u624b|63\/100\n|\n|-weather|DesolateLand|[upkeep]\n|-damage|p2a: Charizard|57\/100|[from] ability: Solar Power|[of] p2a: Charizard\n|upkeep\n|turn|26\n|\n|t:|1698731649\n|move|p2a: Charizard|Scorching Sands|p1a: \u4e0d\u4f1a\u98de\u7684\u8bf7\u4e3e\u624b\n|-supereffective|p1a: \u4e0d\u4f1a\u98de\u7684\u8bf7\u4e3e\u624b\n|-damage|p1a: \u4e0d\u4f1a\u98de\u7684\u8bf7\u4e3e\u624b|7\/100\n|move|p1a: \u4e0d\u4f1a\u98de\u7684\u8bf7\u4e3e\u624b|Stone Edge|p2a: Charizard\n|-supereffective|p2a: Charizard\n|-damage|p2a: Charizard|0 fnt\n|faint|p2a: Charizard\n|\n|-weather|DesolateLand|[upkeep]\n|upkeep\n|\n|t:|1698731656\n|switch|p2a: Zekrom|Zekrom|100\/100\n|-ability|p2a: Zekrom|Teravolt\n|turn|27\n|\n|t:|1698731661\n|move|p1a: \u4e0d\u4f1a\u98de\u7684\u8bf7\u4e3e\u624b|Precipice Blades|p2a: Zekrom\n|-supereffective|p2a: Zekrom\n|-damage|p2a: Zekrom|0 fnt\n|faint|p2a: Zekrom\n|\n|-weather|DesolateLand|[upkeep]\n|upkeep\n|\n|t:|1698731665\n|switch|p2a: Zacian|Zacian-Crowned, shiny, tera:Flying|88\/100 brn\n|turn|28\n|\n|t:|1698731669\n|move|p2a: Zacian|Sacred Sword|p1a: \u4e0d\u4f1a\u98de\u7684\u8bf7\u4e3e\u624b\n|-damage|p1a: \u4e0d\u4f1a\u98de\u7684\u8bf7\u4e3e\u624b|0 fnt\n|faint|p1a: \u4e0d\u4f1a\u98de\u7684\u8bf7\u4e3e\u624b\n|-weather|none\n|\n|-damage|p2a: Zacian|82\/100 brn|[from] brn\n|upkeep\n|\n|t:|1698731673\n|switch|p1a: \u661f\u306e\u5361\u903c|Necrozma-Dawn-Wings|100\/100\n|turn|29\n|\n|t:|1698731682\n|detailschange|p1a: \u661f\u306e\u5361\u903c|Necrozma-Ultra\n|-burst|p1a: \u661f\u306e\u5361\u903c|Necrozma|Ultranecrozium Z\n|move|p1a: \u661f\u306e\u5361\u903c|Power Gem|p2a: Zacian\n|-supereffective|p2a: Zacian\n|-crit|p2a: Zacian\n|-damage|p2a: Zacian|0 fnt\n|faint|p2a: Zacian\n|\n|win|SoftSandBee\n|raw|SoftSandBee's rating: 1283 &rarr; <strong>1303<\/strong><br \/>(+20 for winning)\n|raw|GarpBlarp's rating: 1210 &rarr; <strong>1190<\/strong><br \/>(-20 for losing)\n|l|\u2606GarpBlarp\n","uploadtime":1698731705,"views":29,"p1id":"softsandbee","p2id":"garpblarp","formatid":"gen9nationaldexubers","rating":1190,"private":0,"password":""}