{"id":"gen9nationaldexubers-1989815665","p1":"KarmaKazama0","p2":"MaestroPokemonGoku","format":"[Gen 9] National Dex Ubers","log":"|j|\u2606KarmaKazama0\n|j|\u2606MaestroPokemonGoku\n|t:|1699898082\n|gametype|singles\n|player|p1|KarmaKazama0|266|1442\n|player|p2|MaestroPokemonGoku|bruno|1535\n|teamsize|p1|6\n|teamsize|p2|6\n|gen|9\n|tier|[Gen 9] National Dex Ubers\n|rated|\n|rule|HP Percentage Mod: HP is shown in percentages\n|rule|Endless Battle Clause: Forcing endless battles is banned\n|rule|OHKO Clause: OHKO moves are banned\n|rule|Evasion Moves Clause: Evasion moves are banned\n|rule|Evasion Items Clause: Evasion items are banned\n|rule|Species Clause: Limit one of each Pok\u00e9mon\n|rule|Sleep Clause Mod: Limit one foe put to sleep\n|rule|Mega Rayquaza Clause: You cannot mega evolve Rayquaza\n|clearpoke\n|poke|p1|Zygarde|\n|poke|p1|Yveltal|\n|poke|p1|Groudon|\n|poke|p1|Xerneas-*|\n|poke|p1|Buzzwole|\n|poke|p1|Magearna|\n|poke|p2|Calyrex-Ice|\n|poke|p2|Groudon|\n|poke|p2|Kyogre|\n|poke|p2|Marshadow|\n|poke|p2|Xurkitree|\n|poke|p2|Shuckle, F|\n|teampreview\n|inactive|Battle timer is ON: inactive players will automatically lose when time's up. (requested by MaestroPokemonGoku)\n|\n|t:|1699898106\n|start\n|switch|p1a: Groudon|Groudon|100\/100\n|switch|p2a: Xurkitree|Xurkitree|100\/100\n|detailschange|p1a: Groudon|Groudon-Primal\n|-primal|p1a: Groudon|Red Orb\n|-weather|DesolateLand|[from] ability: Desolate Land|[of] p1a: Groudon\n|turn|1\n|\n|t:|1699898114\n|-zpower|p2a: Xurkitree\n|move|p2a: Xurkitree|Z-Hypnosis|p1a: Groudon|[anim]Hypnosis|[miss]\n|-boost|p2a: Xurkitree|spe|1|[zeffect]\n|-miss|p2a: Xurkitree|p1a: Groudon\n|move|p1a: Groudon|Rock Polish|p1a: Groudon\n|-boost|p1a: Groudon|spe|2\n|\n|-weather|DesolateLand|[upkeep]\n|upkeep\n|turn|2\n|\n|t:|1699898126\n|move|p1a: Groudon|Precipice Blades|p2a: Xurkitree\n|-supereffective|p2a: Xurkitree\n|-damage|p2a: Xurkitree|0 fnt\n|faint|p2a: Xurkitree\n|\n|-weather|DesolateLand|[upkeep]\n|upkeep\n|\n|t:|1699898130\n|switch|p2a: Shuckle|Shuckle, F|100\/100\n|turn|3\n|\n|t:|1699898134\n|move|p1a: Groudon|Stone Edge|p2a: Shuckle|[miss]\n|-miss|p1a: Groudon|p2a: Shuckle\n|move|p2a: Shuckle|Sticky Web|p1a: Groudon\n|-sidestart|p1: KarmaKazama0|move: Sticky Web\n|\n|-weather|DesolateLand|[upkeep]\n|upkeep\n|turn|4\n|\n|t:|1699898138\n|move|p1a: Groudon|Stone Edge|p2a: Shuckle\n|-supereffective|p2a: Shuckle\n|-damage|p2a: Shuckle|31\/100\n|move|p2a: Shuckle|Stealth Rock|p1a: Groudon\n|-sidestart|p1: KarmaKazama0|move: Stealth Rock\n|\n|-weather|DesolateLand|[upkeep]\n|upkeep\n|turn|5\n|\n|t:|1699898144\n|move|p1a: Groudon|Precipice Blades|p2a: Shuckle\n|-damage|p2a: Shuckle|0 fnt\n|faint|p2a: Shuckle\n|\n|-weather|DesolateLand|[upkeep]\n|upkeep\n|\n|t:|1699898154\n|switch|p2a: Marshadow|Marshadow|100\/100\n|turn|6\n|\n|t:|1699898157\n|-weather|none\n|switch|p1a: Yveltal|Yveltal|100\/100\n|-ability|p1a: Yveltal|Dark Aura\n|move|p2a: Marshadow|Spectral Thief|p1a: Yveltal\n|-resisted|p1a: Yveltal\n|-damage|p1a: Yveltal|84\/100\n|\n|upkeep\n|turn|7\n|\n|t:|1699898171\n|switch|p2a: Calyrex|Calyrex-Ice|100\/100\n|-ability|p2a: Calyrex|As One\n|-ability|p2a: Calyrex|Unnerve\n|move|p1a: Yveltal|Defog|p2a: Calyrex\n|-unboost|p2a: Calyrex|evasion|1\n|-sideend|p1: KarmaKazama0|Stealth Rock|[from] move: Defog|[of] p1a: Yveltal\n|-sideend|p1: KarmaKazama0|Sticky Web|[from] move: Defog|[of] p1a: Yveltal\n|\n|upkeep\n|turn|8\n|\n|t:|1699898180\n|-terastallize|p1a: Yveltal|Ghost\n|move|p1a: Yveltal|Foul Play|p2a: Calyrex\n|-supereffective|p2a: Calyrex\n|-damage|p2a: Calyrex|0 fnt\n|faint|p2a: Calyrex\n|\n|upkeep\n|\n|t:|1699898191\n|switch|p2a: Marshadow|Marshadow|100\/100\n|turn|9\n|\n|t:|1699898195\n|switch|p1a: Buzzwole|Buzzwole|100\/100\n|move|p2a: Marshadow|Spectral Thief|p1a: Buzzwole\n|-damage|p1a: Buzzwole|80\/100\n|\n|upkeep\n|turn|10\n|\n|t:|1699898204\n|switch|p2a: Groudon|Groudon|100\/100\n|detailschange|p2a: Groudon|Groudon-Primal\n|-primal|p2a: Groudon|Red Orb\n|-weather|DesolateLand|[from] ability: Desolate Land|[of] p2a: Groudon\n|move|p1a: Buzzwole|Ice Punch|p2a: Groudon\n|-damage|p2a: Groudon|86\/100\n|\n|-weather|DesolateLand|[upkeep]\n|upkeep\n|turn|11\n|\n|t:|1699898213\n|switch|p1a: Zygarde|Zygarde|100\/100\n|move|p2a: Groudon|Rock Polish|p2a: Groudon\n|-boost|p2a: Groudon|spe|2\n|\n|-weather|DesolateLand|[upkeep]\n|upkeep\n|turn|12\n|\n|t:|1699898218\n|move|p2a: Groudon|Bulk Up|p2a: Groudon\n|-boost|p2a: Groudon|atk|1\n|-boost|p2a: Groudon|def|1\n|move|p1a: Zygarde|Thousand Arrows|p2a: Groudon\n|-supereffective|p2a: Groudon\n|-damage|p2a: Groudon|55\/100\n|\n|-weather|DesolateLand|[upkeep]\n|upkeep\n|turn|13\n|\n|t:|1699898225\n|move|p2a: Groudon|Precipice Blades|p1a: Zygarde\n|-enditem|p1a: Zygarde|Focus Sash\n|-damage|p1a: Zygarde|1\/100\n|move|p1a: Zygarde|Dragon Dance|p1a: Zygarde\n|-boost|p1a: Zygarde|atk|1\n|-boost|p1a: Zygarde|spe|1\n|\n|-weather|DesolateLand|[upkeep]\n|-activate|p1a: Zygarde|ability: Power Construct\n|detailschange|p1a: Zygarde|Zygarde-Complete\n|-heal|p1a: Zygarde|38\/100|[silent]\n|upkeep\n|turn|14\n|\n|t:|1699898235\n|move|p2a: Groudon|Precipice Blades|p1a: Zygarde|[miss]\n|-miss|p2a: Groudon|p1a: Zygarde\n|move|p1a: Zygarde|Thousand Arrows|p2a: Groudon\n|-supereffective|p2a: Groudon\n|-damage|p2a: Groudon|7\/100\n|\n|-weather|DesolateLand|[upkeep]\n|upkeep\n|turn|15\n|\n|t:|1699898241\n|move|p1a: Zygarde|Extreme Speed|p2a: Groudon\n|-damage|p2a: Groudon|0 fnt\n|faint|p2a: Groudon\n|-weather|none\n|\n|upkeep\n|-message|MaestroPokemonGoku forfeited.\n|\n|win|KarmaKazama0\n|raw|KarmaKazama0's rating: 1442 &rarr; <strong>1467<\/strong><br \/>(+25 for winning)\n|raw|MaestroPokemonGoku's rating: 1535 &rarr; <strong>1510<\/strong><br \/>(-25 for losing)\n|l|\u2606MaestroPokemonGoku\n","uploadtime":1699898256,"views":15,"p1id":"karmakazama0","p2id":"maestropokemongoku","formatid":"gen9nationaldexubers","rating":1467,"private":0,"password":""}