{"id":"gen9nationaldexubers-1990532691","p1":"jiglypuf","p2":"Gloxk Party","format":"[Gen 9] National Dex Ubers","log":"|j|\u2606jiglypuf\n|j|\u2606Gloxk Party\n|t:|1699979236\n|gametype|singles\n|player|p1|jiglypuf|gentleman|1000\n|player|p2|Gloxk Party|koga|1000\n|teamsize|p1|6\n|teamsize|p2|6\n|gen|9\n|tier|[Gen 9] National Dex Ubers\n|rated|\n|rule|HP Percentage Mod: HP is shown in percentages\n|rule|Endless Battle Clause: Forcing endless battles is banned\n|rule|OHKO Clause: OHKO moves are banned\n|rule|Evasion Moves Clause: Evasion moves are banned\n|rule|Evasion Items Clause: Evasion items are banned\n|rule|Species Clause: Limit one of each Pok\u00e9mon\n|rule|Sleep Clause Mod: Limit one foe put to sleep\n|rule|Mega Rayquaza Clause: You cannot mega evolve Rayquaza\n|clearpoke\n|poke|p1|Necrozma-Dawn-Wings|\n|poke|p1|Emboar, M|\n|poke|p1|Basculegion, M|\n|poke|p1|Snorlax, F|\n|poke|p1|Calyrex-Ice|\n|poke|p1|Zygarde|\n|poke|p2|Keldeo-Resolute|\n|poke|p2|Minior-Yellow|\n|poke|p2|Diancie|\n|poke|p2|Darmanitan-Galar, M|\n|poke|p2|Suicune|\n|poke|p2|Celesteela|\n|teampreview\n|\n|t:|1699979243\n|start\n|switch|p1a: Necrozma|Necrozma-Dawn-Wings, shiny|100\/100\n|switch|p2a: Darmanitan|Darmanitan-Galar, M|100\/100\n|turn|1\n|\n|t:|1699979253\n|move|p2a: Darmanitan|U-turn|p1a: Necrozma\n|-damage|p1a: Necrozma|63\/100\n|\n|t:|1699979258\n|switch|p2a: Celesteela|Celesteela|100\/100|[from] U-turn\n|move|p1a: Necrozma|Moongeist Beam|p2a: Celesteela\n|-damage|p2a: Celesteela|61\/100\n|\n|upkeep\n|turn|2\n|\n|t:|1699979270\n|move|p1a: Necrozma|Future Sight|p2a: Celesteela\n|-start|p1a: Necrozma|move: Future Sight\n|move|p2a: Celesteela|Autotomize|p2a: Celesteela\n|-boost|p2a: Celesteela|spe|2\n|-start|p2a: Celesteela|Autotomize\n|\n|upkeep\n|turn|3\n|\n|t:|1699979277\n|move|p2a: Celesteela|Air Slash|p1a: Necrozma\n|-damage|p1a: Necrozma|33\/100\n|move|p1a: Necrozma|Future Sight||[still]\n|-fail|p1a: Necrozma\n|\n|upkeep\n|turn|4\n|\n|t:|1699979282\n|move|p2a: Celesteela|Air Slash|p1a: Necrozma\n|-damage|p1a: Necrozma|1\/100\n|move|p1a: Necrozma|Shadow Claw|p2a: Celesteela\n|-damage|p2a: Celesteela|38\/100\n|\n|-end|p2a: Celesteela|move: Future Sight\n|-resisted|p2a: Celesteela\n|-damage|p2a: Celesteela|14\/100\n|upkeep\n|turn|5\n|\n|t:|1699979290\n|move|p2a: Celesteela|Air Slash|p1a: Necrozma\n|-damage|p1a: Necrozma|0 fnt\n|faint|p1a: Necrozma\n|-ability|p2a: Celesteela|Beast Boost|boost\n|-boost|p2a: Celesteela|spa|1\n|\n|upkeep\n|\n|t:|1699979299\n|switch|p1a: Emboar|Emboar, M, shiny|100\/100\n|turn|6\n|\n|t:|1699979306\n|move|p2a: Celesteela|Air Slash|p1a: Emboar\n|-supereffective|p1a: Emboar\n|-damage|p1a: Emboar|0 fnt\n|faint|p1a: Emboar\n|-ability|p2a: Celesteela|Beast Boost|boost\n|-boost|p2a: Celesteela|spa|1\n|\n|upkeep\n|\n|t:|1699979312\n|switch|p1a: Basculegion|Basculegion, M, shiny|100\/100\n|turn|7\n|\n|t:|1699979321\n|move|p2a: Celesteela|Energy Ball|p1a: Basculegion\n|-supereffective|p1a: Basculegion\n|-damage|p1a: Basculegion|0 fnt\n|faint|p1a: Basculegion\n|-ability|p2a: Celesteela|Beast Boost|boost\n|-boost|p2a: Celesteela|spa|1\n|\n|upkeep\n|\n|t:|1699979327\n|switch|p1a: Calyrex|Calyrex-Ice|100\/100\n|-ability|p1a: Calyrex|As One\n|-ability|p1a: Calyrex|Unnerve\n|turn|8\n|\n|t:|1699979333\n|move|p2a: Celesteela|Flamethrower|p1a: Calyrex\n|-supereffective|p1a: Calyrex\n|-damage|p1a: Calyrex|0 fnt\n|faint|p1a: Calyrex\n|-ability|p2a: Celesteela|Beast Boost|boost\n|-boost|p2a: Celesteela|spa|1\n|\n|upkeep\n|\n|t:|1699979340\n|switch|p1a: Zygarde|Zygarde|100\/100\n|-ability|p1a: Zygarde|Aura Break\n|turn|9\n|\n|t:|1699979349\n|move|p2a: Celesteela|Air Slash|p1a: Zygarde\n|-damage|p1a: Zygarde|0 fnt\n|faint|p1a: Zygarde\n|-ability|p2a: Celesteela|Beast Boost|boost\n|-boost|p2a: Celesteela|spa|1\n|\n|upkeep\n|\n|t:|1699979354\n|switch|p1a: Snorlax|Snorlax, F, shiny|100\/100\n|turn|10\n|\n|t:|1699979358\n|move|p2a: Celesteela|Air Slash|p1a: Snorlax\n|-damage|p1a: Snorlax|43\/100\n|move|p1a: Snorlax|Double-Edge|p2a: Celesteela\n|-resisted|p2a: Celesteela\n|-damage|p2a: Celesteela|0 fnt\n|faint|p2a: Celesteela\n|-damage|p1a: Snorlax|39\/100|[from] Recoil\n|\n|upkeep\n|\n|t:|1699979364\n|switch|p2a: Keldeo|Keldeo-Resolute|100\/100\n|turn|11\n|\n|t:|1699979367\n|move|p2a: Keldeo|Secret Sword|p1a: Snorlax\n|-supereffective|p1a: Snorlax\n|-damage|p1a: Snorlax|0 fnt\n|faint|p1a: Snorlax\n|\n|win|Gloxk Party\n|raw|jiglypuf's rating: 1000 &rarr; <strong>1000<\/strong><br \/>(+0 for losing)\n|raw|Gloxk Party's rating: 1000 &rarr; <strong>1040<\/strong><br \/>(+40 for winning)\n|l|\u2606jiglypuf\n","uploadtime":1699979377,"views":7,"p1id":"jiglypuf","p2id":"gloxkparty","formatid":"gen9nationaldexubers","rating":1000,"private":0,"password":""}