{"id":"gen9nationaldexubers-1988754194","p1":"PyroGaleZX","p2":"FoxasBat","format":"[Gen 9] National Dex Ubers","log":"|j|\u2606PyroGaleZX\n|j|\u2606FoxasBat\n|t:|1699758835\n|gametype|singles\n|player|p1|PyroGaleZX|grusha|\n|player|p2|FoxasBat|169|\n|teamsize|p1|6\n|teamsize|p2|6\n|gen|9\n|tier|[Gen 9] National Dex Ubers\n|rule|HP Percentage Mod: HP is shown in percentages\n|rule|Endless Battle Clause: Forcing endless battles is banned\n|rule|OHKO Clause: OHKO moves are banned\n|rule|Evasion Moves Clause: Evasion moves are banned\n|rule|Evasion Items Clause: Evasion items are banned\n|rule|Species Clause: Limit one of each Pok\u00e9mon\n|rule|Sleep Clause Mod: Limit one foe put to sleep\n|rule|Mega Rayquaza Clause: You cannot mega evolve Rayquaza\n|clearpoke\n|poke|p1|Samurott-Hisui, F|\n|poke|p1|Enamorus-Therian, F|\n|poke|p1|Arcanine, M|\n|poke|p1|Umbreon, F|\n|poke|p1|Spiritomb, M|\n|poke|p1|Pawmo, M|\n|poke|p2|Clodsire, F|\n|poke|p2|Roaring Moon|\n|poke|p2|Armarouge, F|\n|poke|p2|Decidueye, M|\n|poke|p2|Klawf, M|\n|poke|p2|Dunsparce, M|\n|teampreview\n|\n|t:|1699758860\n|start\n|switch|p1a: Enamorus|Enamorus-Therian, F|100\/100\n|switch|p2a: Klawf|Klawf, M, shiny|100\/100\n|turn|1\n|\n|t:|1699758866\n|move|p2a: Klawf|Swords Dance|p2a: Klawf\n|-boost|p2a: Klawf|atk|2\n|move|p1a: Enamorus|Iron Defense|p1a: Enamorus\n|-boost|p1a: Enamorus|def|2\n|\n|upkeep\n|turn|2\n|\n|t:|1699758872\n|move|p2a: Klawf|Swords Dance|p2a: Klawf\n|-boost|p2a: Klawf|atk|2\n|move|p1a: Enamorus|Calm Mind|p1a: Enamorus\n|-boost|p1a: Enamorus|spa|1\n|-boost|p1a: Enamorus|spd|1\n|\n|upkeep\n|turn|3\n|\n|t:|1699758878\n|move|p2a: Klawf|Swords Dance|p2a: Klawf\n|-boost|p2a: Klawf|atk|2\n|move|p1a: Enamorus|Earth Power|p2a: Klawf\n|-supereffective|p2a: Klawf\n|-enditem|p2a: Klawf|Focus Sash\n|-damage|p2a: Klawf|1\/100\n|-ability|p2a: Klawf|Anger Shell|boost\n|-boost|p2a: Klawf|spa|1\n|-boost|p2a: Klawf|spe|1\n|-unboost|p2a: Klawf|def|1\n|-unboost|p2a: Klawf|spd|1\n|\n|upkeep\n|turn|4\n|\n|t:|1699758891\n|switch|p1a: Pawmo|Pawmo, M|100\/100\n|move|p2a: Klawf|Stone Edge|p1a: Pawmo\n|-resisted|p1a: Pawmo\n|-damage|p1a: Pawmo|0 fnt\n|faint|p1a: Pawmo\n|\n|upkeep\n|\n|t:|1699758896\n|switch|p1a: Samurott|Samurott-Hisui, F|100\/100\n|turn|5\n|\n|t:|1699758900\n|-terastallize|p2a: Klawf|Grass\n|move|p1a: Samurott|Aqua Jet|p2a: Klawf\n|-resisted|p2a: Klawf\n|-damage|p2a: Klawf|0 fnt\n|faint|p2a: Klawf\n|\n|upkeep\n|\n|t:|1699758908\n|switch|p2a: Armarouge|Armarouge, F|100\/100\n|turn|6\n|\n|t:|1699758914\n|move|p2a: Armarouge|Endure|p2a: Armarouge\n|-singleturn|p2a: Armarouge|move: Endure\n|move|p1a: Samurott|Aqua Jet|p2a: Armarouge\n|-supereffective|p2a: Armarouge\n|-damage|p2a: Armarouge|37\/100\n|-ability|p2a: Armarouge|Weak Armor|boost\n|-unboost|p2a: Armarouge|def|1\n|-boost|p2a: Armarouge|spe|2\n|-enditem|p2a: Armarouge|Weakness Policy\n|-boost|p2a: Armarouge|atk|2|[from] item: Weakness Policy\n|-boost|p2a: Armarouge|spa|2|[from] item: Weakness Policy\n|\n|upkeep\n|turn|7\n|\n|t:|1699758928\n|move|p1a: Samurott|Aqua Jet|p2a: Armarouge\n|-supereffective|p2a: Armarouge\n|-damage|p2a: Armarouge|0 fnt\n|faint|p2a: Armarouge\n|\n|upkeep\n|j| HeirEhm\n|\n|t:|1699758937\n|switch|p2a: Decidueye|Decidueye, M|100\/100\n|turn|8\n|\n|t:|1699758949\n|switch|p1a: Enamorus|Enamorus-Therian, F|100\/100\n|move|p2a: Decidueye|Defog|p1a: Enamorus\n|-unboost|p1a: Enamorus|evasion|1\n|\n|upkeep\n|turn|9\n|\n|t:|1699758961\n|move|p2a: Decidueye|U-turn|p1a: Enamorus\n|-resisted|p1a: Enamorus\n|-damage|p1a: Enamorus|97\/100\n|\n|t:|1699758965\n|switch|p2a: Clodsire|Clodsire, F|100\/100|[from] U-turn\n|move|p1a: Enamorus|Iron Defense|p1a: Enamorus\n|-boost|p1a: Enamorus|def|2\n|\n|upkeep\n|turn|10\n|\n|t:|1699758971\n|move|p1a: Enamorus|Calm Mind|p1a: Enamorus\n|-boost|p1a: Enamorus|spa|1\n|-boost|p1a: Enamorus|spd|1\n|move|p2a: Clodsire|Toxic|p1a: Enamorus\n|-status|p1a: Enamorus|tox\n|\n|-damage|p1a: Enamorus|91\/100 tox|[from] psn\n|upkeep\n|turn|11\n|\n|t:|1699758979\n|move|p1a: Enamorus|Earth Power|p2a: Clodsire\n|-supereffective|p2a: Clodsire\n|-damage|p2a: Clodsire|58\/100\n|move|p2a: Clodsire|Stealth Rock|p1a: Enamorus\n|-sidestart|p1: PyroGaleZX|move: Stealth Rock\n|\n|-heal|p2a: Clodsire|64\/100|[from] item: Leftovers\n|-damage|p1a: Enamorus|79\/100 tox|[from] psn\n|upkeep\n|turn|12\n|\n|t:|1699758992\n|move|p1a: Enamorus|Calm Mind|p1a: Enamorus\n|-boost|p1a: Enamorus|spa|1\n|-boost|p1a: Enamorus|spd|1\n|move|p2a: Clodsire|Recover|p2a: Clodsire\n|-heal|p2a: Clodsire|100\/100\n|\n|-damage|p1a: Enamorus|61\/100 tox|[from] psn\n|upkeep\n|turn|13\n|\n|t:|1699759000\n|move|p1a: Enamorus|Earth Power|p2a: Clodsire\n|-supereffective|p2a: Clodsire\n|-damage|p2a: Clodsire|61\/100\n|move|p2a: Clodsire|Recover|p2a: Clodsire\n|-heal|p2a: Clodsire|100\/100\n|\n|-damage|p1a: Enamorus|37\/100 tox|[from] psn\n|upkeep\n|turn|14\n|\n|t:|1699759008\n|move|p1a: Enamorus|Earth Power|p2a: Clodsire\n|-supereffective|p2a: Clodsire\n|-damage|p2a: Clodsire|56\/100\n|move|p2a: Clodsire|Recover|p2a: Clodsire\n|-heal|p2a: Clodsire|100\/100\n|\n|-damage|p1a: Enamorus|7\/100 tox|[from] psn\n|upkeep\n|turn|15\n|\n|t:|1699759019\n|move|p1a: Enamorus|Earth Power|p2a: Clodsire\n|-supereffective|p2a: Clodsire\n|-damage|p2a: Clodsire|57\/100\n|move|p2a: Clodsire|Recover|p2a: Clodsire\n|-heal|p2a: Clodsire|100\/100\n|\n|-damage|p1a: Enamorus|0 fnt|[from] psn\n|faint|p1a: Enamorus\n|upkeep\n|\n|t:|1699759028\n|switch|p1a: Spiritomb|Spiritomb, M, shiny|100\/100\n|-damage|p1a: Spiritomb|88\/100|[from] Stealth Rock\n|-ability|p1a: Spiritomb|Pressure\n|turn|16\n|\n|t:|1699759045\n|switch|p2a: Decidueye|Decidueye, M|100\/100\n|move|p1a: Spiritomb|Trick|p2a: Decidueye\n|-activate|p1a: Spiritomb|move: Trick|[of] p2a: Decidueye\n|-item|p2a: Decidueye|Choice Specs|[from] move: Trick\n|-item|p1a: Spiritomb|Heavy-Duty Boots|[from] move: Trick\n|\n|upkeep\n|turn|17\n|\n|t:|1699759061\n|move|p2a: Decidueye|Spirit Shackle|p1a: Spiritomb\n|-crit|p1a: Spiritomb\n|-damage|p1a: Spiritomb|39\/100\n|move|p1a: Spiritomb|Trick Room|p1a: Spiritomb\n|-fieldstart|move: Trick Room|[of] p1a: Spiritomb\n|\n|upkeep\n|turn|18\n|\n|t:|1699759067\n|move|p1a: Spiritomb|Destiny Bond|p1a: Spiritomb\n|-singlemove|p1a: Spiritomb|Destiny Bond\n|move|p2a: Decidueye|Spirit Shackle|p1a: Spiritomb\n|-damage|p1a: Spiritomb|6\/100\n|\n|upkeep\n|turn|19\n|\n|t:|1699759074\n|move|p1a: Spiritomb|Foul Play|p2a: Decidueye\n|-supereffective|p2a: Decidueye\n|-damage|p2a: Decidueye|45\/100\n|move|p2a: Decidueye|Spirit Shackle|p1a: Spiritomb\n|-damage|p1a: Spiritomb|0 fnt\n|faint|p1a: Spiritomb\n|\n|upkeep\n|\n|t:|1699759082\n|switch|p1a: Samurott|Samurott-Hisui, F|100\/100\n|-damage|p1a: Samurott|88\/100|[from] Stealth Rock\n|turn|20\n|\n|t:|1699759092\n|move|p2a: Decidueye|Spirit Shackle|p1a: Samurott\n|-resisted|p1a: Samurott\n|-damage|p1a: Samurott|69\/100\n|-activate|p1a: Samurott|trapped\n|move|p1a: Samurott|Ceaseless Edge|p2a: Decidueye\n|-supereffective|p2a: Decidueye\n|-damage|p2a: Decidueye|0 fnt\n|-sidestart|p2: FoxasBat|Spikes\n|faint|p2a: Decidueye\n|\n|upkeep\n|\n|t:|1699759100\n|switch|p2a: Dunsparce|Dunsparce, M|100\/100\n|-damage|p2a: Dunsparce|88\/100|[from] Spikes\n|turn|21\n|\n|t:|1699759106\n|move|p2a: Dunsparce|Body Slam|p1a: Samurott\n|-damage|p1a: Samurott|42\/100\n|-status|p1a: Samurott|par\n|move|p1a: Samurott|Ceaseless Edge|p2a: Dunsparce\n|-damage|p2a: Dunsparce|11\/100\n|-sidestart|p2: FoxasBat|Spikes\n|\n|-heal|p2a: Dunsparce|17\/100|[from] item: Leftovers\n|-fieldend|move: Trick Room\n|upkeep\n|turn|22\n|\n|t:|1699759115\n|move|p1a: Samurott|Ceaseless Edge|p2a: Dunsparce\n|-damage|p2a: Dunsparce|0 fnt\n|-sidestart|p2: FoxasBat|Spikes\n|faint|p2a: Dunsparce\n|\n|upkeep\n|\n|t:|1699759120\n|switch|p2a: Roaring Moon|Roaring Moon|100\/100\n|-damage|p2a: Roaring Moon|76\/100|[from] Spikes\n|-enditem|p2a: Roaring Moon|Booster Energy\n|-activate|p2a: Roaring Moon|ability: Protosynthesis|[fromitem]\n|-start|p2a: Roaring Moon|protosynthesisatk\n|turn|23\n|\n|t:|1699759127\n|move|p2a: Roaring Moon|Acrobatics|p1a: Samurott\n|-damage|p1a: Samurott|0 fnt\n|faint|p1a: Samurott\n|\n|upkeep\n|\n|t:|1699759130\n|switch|p1a: Arcanine|Arcanine, M|100\/100\n|-ability|p1a: Arcanine|Intimidate|boost\n|-unboost|p2a: Roaring Moon|atk|1\n|turn|24\n|\n|t:|1699759135\n|-terastallize|p1a: Arcanine|Fairy\n|move|p2a: Roaring Moon|Earthquake|p1a: Arcanine\n|-damage|p1a: Arcanine|50\/100\n|move|p1a: Arcanine|Tera Blast|p2a: Roaring Moon|[anim] Tera Blast Fairy\n|-supereffective|p2a: Roaring Moon\n|-damage|p2a: Roaring Moon|0 fnt\n|faint|p2a: Roaring Moon\n|-end|p2a: Roaring Moon|Protosynthesis|[silent]\n|\n|upkeep\n|\n|t:|1699759142\n|switch|p2a: Clodsire|Clodsire, F|100\/100\n|-damage|p2a: Clodsire|75\/100|[from] Spikes\n|turn|25\n|\n|t:|1699759154\n|move|p1a: Arcanine|Morning Sun|p1a: Arcanine\n|-heal|p1a: Arcanine|99\/100\n|move|p2a: Clodsire|Earthquake|p1a: Arcanine\n|-damage|p1a: Arcanine|62\/100\n|\n|-heal|p2a: Clodsire|82\/100|[from] item: Leftovers\n|upkeep\n|turn|26\n|\n|t:|1699759162\n|move|p1a: Arcanine|Morning Sun|p1a: Arcanine\n|-heal|p1a: Arcanine|100\/100\n|move|p2a: Clodsire|Toxic|p1a: Arcanine\n|-status|p1a: Arcanine|tox\n|\n|-heal|p2a: Clodsire|88\/100|[from] item: Leftovers\n|-damage|p1a: Arcanine|94\/100 tox|[from] psn\n|upkeep\n|turn|27\n|\n|t:|1699759171\n|move|p1a: Arcanine|Flare Blitz|p2a: Clodsire\n|-damage|p2a: Clodsire|30\/100\n|-damage|p1a: Arcanine|67\/100 tox|[from] Recoil\n|move|p2a: Clodsire|Earthquake|p1a: Arcanine\n|-damage|p1a: Arcanine|30\/100 tox\n|\n|-heal|p2a: Clodsire|37\/100|[from] item: Leftovers\n|-damage|p1a: Arcanine|18\/100 tox|[from] psn\n|upkeep\n|turn|28\n|\n|t:|1699759181\n|move|p1a: Arcanine|Flare Blitz|p2a: Clodsire\n|-damage|p2a: Clodsire|0 fnt\n|faint|p2a: Clodsire\n|-damage|p1a: Arcanine|1\/100 tox|[from] Recoil\n|\n|win|PyroGaleZX\n","uploadtime":1699759185,"views":5,"p1id":"pyrogalezx","p2id":"foxasbat","formatid":"gen9nationaldexubers","rating":0,"private":0,"password":""}