{"id":"gen9nationaldexubers-1992220521","p1":"dang3rdunk","p2":"TOPlagueKnight","format":"[Gen 9] National Dex Ubers","log":"|j|\u203ddang3rdunk\n|j|\u2606TOPlagueKnight\n|t:|1700165040\n|gametype|singles\n|player|p1|dang3rdunk|hugh|1126\n|player|p2|TOPlagueKnight|emmet|1136\n|teamsize|p1|6\n|teamsize|p2|6\n|gen|9\n|tier|[Gen 9] National Dex Ubers\n|rated|\n|rule|HP Percentage Mod: HP is shown in percentages\n|rule|Endless Battle Clause: Forcing endless battles is banned\n|rule|OHKO Clause: OHKO moves are banned\n|rule|Evasion Moves Clause: Evasion moves are banned\n|rule|Evasion Items Clause: Evasion items are banned\n|rule|Species Clause: Limit one of each Pok\u00e9mon\n|rule|Sleep Clause Mod: Limit one foe put to sleep\n|rule|Mega Rayquaza Clause: You cannot mega evolve Rayquaza\n|clearpoke\n|poke|p1|Regieleki|\n|poke|p1|Deoxys-Speed|\n|poke|p1|Rayquaza|\n|poke|p1|Mewtwo|\n|poke|p1|Zygarde|\n|poke|p1|Lunala|\n|poke|p2|Runerigus, M|\n|poke|p2|Gholdengo|\n|poke|p2|Skeledirge, M|\n|poke|p2|Sinistcha-Masterpiece|\n|poke|p2|Basculegion, M|\n|poke|p2|Sableye, M|\n|teampreview\n|\n|t:|1700165053\n|start\n|switch|p1a: Regieleki|Regieleki|100\/100\n|switch|p2a: Runerigus|Runerigus, M|100\/100\n|turn|1\n|\n|t:|1700165062\n|move|p1a: Regieleki|Electric Terrain|p1a: Regieleki\n|-fieldstart|move: Electric Terrain\n|move|p2a: Runerigus|Stealth Rock|p1a: Regieleki\n|-sidestart|p1: dang3rdunk|move: Stealth Rock\n|\n|upkeep\n|turn|2\n|\n|t:|1700165072\n|switch|p1a: Lunala|Lunala, shiny|100\/100\n|-damage|p1a: Lunala|88\/100|[from] Stealth Rock\n|move|p2a: Runerigus|Earthquake|p1a: Lunala\n|-damage|p1a: Lunala|62\/100\n|\n|upkeep\n|turn|3\n|\n|t:|1700165099\n|move|p1a: Lunala|Blizzard|p2a: Runerigus\n|-supereffective|p2a: Runerigus\n|-crit|p2a: Runerigus\n|-damage|p2a: Runerigus|3\/100\n|move|p2a: Runerigus|Poltergeist|p1a: Lunala\n|-activate|p1a: Lunala|move: Poltergeist|Lunalium Z\n|-supereffective|p1a: Lunala\n|-damage|p1a: Lunala|0 fnt\n|faint|p1a: Lunala\n|\n|upkeep\n|\n|t:|1700165113\n|switch|p1a: Rayquaza|Rayquaza, shiny|100\/100\n|-damage|p1a: Rayquaza|76\/100|[from] Stealth Rock\n|-ability|p1a: Rayquaza|Air Lock\n|turn|4\n|\n|t:|1700165134\n|move|p1a: Rayquaza|Earthquake|p2a: Runerigus\n|-damage|p2a: Runerigus|0 fnt\n|faint|p2a: Runerigus\n|-damage|p1a: Rayquaza|66\/100|[from] item: Life Orb\n|\n|upkeep\n|inactive|Battle timer is ON: inactive players will automatically lose when time's up. (requested by dang3rdunk)\n|\n|t:|1700165159\n|switch|p2a: Sinistcha|Sinistcha-Masterpiece|100\/100\n|turn|5\n|\n|t:|1700165167\n|move|p1a: Rayquaza|Dragon Ascent|p2a: Sinistcha\n|-supereffective|p2a: Sinistcha\n|-enditem|p2a: Sinistcha|Focus Sash\n|-damage|p2a: Sinistcha|1\/100\n|-unboost|p1a: Rayquaza|def|1\n|-unboost|p1a: Rayquaza|spd|1\n|-damage|p1a: Rayquaza|56\/100|[from] item: Life Orb\n|move|p2a: Sinistcha|Strength Sap|p1a: Rayquaza\n|-unboost|p1a: Rayquaza|atk|1\n|-heal|p2a: Sinistcha|100\/100\n|\n|-fieldend|move: Electric Terrain\n|upkeep\n|turn|6\n|\n|t:|1700165181\n|switch|p2a: Gholdengo|Gholdengo|100\/100\n|move|p1a: Rayquaza|Dragon Ascent|p2a: Gholdengo\n|-resisted|p2a: Gholdengo\n|-damage|p2a: Gholdengo|71\/100\n|-unboost|p1a: Rayquaza|def|1\n|-unboost|p1a: Rayquaza|spd|1\n|-damage|p1a: Rayquaza|46\/100|[from] item: Life Orb\n|\n|-heal|p2a: Gholdengo|77\/100|[from] item: Leftovers\n|upkeep\n|turn|7\n|inactive|dang3rdunk has 120 seconds left.\n|\n|t:|1700165211\n|switch|p1a: Zygarde|Zygarde|100\/100\n|-damage|p1a: Zygarde|94\/100|[from] Stealth Rock\n|move|p2a: Gholdengo|Shadow Ball|p1a: Zygarde\n|-damage|p1a: Zygarde|58\/100\n|\n|-heal|p1a: Zygarde|64\/100|[from] item: Leftovers\n|-heal|p2a: Gholdengo|83\/100|[from] item: Leftovers\n|upkeep\n|turn|8\n|inactive|dang3rdunk has 120 seconds left.\n|\n|t:|1700165236\n|switch|p2a: Sinistcha|Sinistcha-Masterpiece|100\/100\n|move|p1a: Zygarde|Crunch|p2a: Sinistcha\n|-supereffective|p2a: Sinistcha\n|-damage|p2a: Sinistcha|58\/100\n|\n|-heal|p1a: Zygarde|70\/100|[from] item: Leftovers\n|upkeep\n|turn|9\n|\n|t:|1700165246\n|move|p1a: Zygarde|Crunch|p2a: Sinistcha\n|-supereffective|p2a: Sinistcha\n|-damage|p2a: Sinistcha|17\/100\n|-unboost|p2a: Sinistcha|def|1\n|move|p2a: Sinistcha|Strength Sap|p1a: Zygarde\n|-unboost|p1a: Zygarde|atk|1\n|-heal|p2a: Sinistcha|100\/100\n|\n|-heal|p1a: Zygarde|76\/100|[from] item: Leftovers\n|upkeep\n|turn|10\n|inactive|dang3rdunk has 120 seconds left.\n|inactive|TOPlagueKnight has 120 seconds left.\n|\n|t:|1700165292\n|switch|p2a: Gholdengo|Gholdengo|83\/100\n|move|p1a: Zygarde|Crunch|p2a: Gholdengo\n|-supereffective|p2a: Gholdengo\n|-damage|p2a: Gholdengo|56\/100\n|\n|-heal|p1a: Zygarde|82\/100|[from] item: Leftovers\n|-heal|p2a: Gholdengo|62\/100|[from] item: Leftovers\n|upkeep\n|turn|11\n|inactive|dang3rdunk has 120 seconds left.\n|\n|t:|1700165318\n|move|p1a: Zygarde|Crunch|p2a: Gholdengo\n|-supereffective|p2a: Gholdengo\n|-damage|p2a: Gholdengo|31\/100\n|move|p2a: Gholdengo|Nasty Plot|p2a: Gholdengo\n|-boost|p2a: Gholdengo|spa|2\n|\n|-heal|p1a: Zygarde|88\/100|[from] item: Leftovers\n|-heal|p2a: Gholdengo|37\/100|[from] item: Leftovers\n|upkeep\n|turn|12\n|\n|t:|1700165325\n|move|p1a: Zygarde|Crunch|p2a: Gholdengo\n|-supereffective|p2a: Gholdengo\n|-damage|p2a: Gholdengo|10\/100\n|move|p2a: Gholdengo|Recover|p2a: Gholdengo\n|-heal|p2a: Gholdengo|60\/100\n|\n|-heal|p1a: Zygarde|94\/100|[from] item: Leftovers\n|-heal|p2a: Gholdengo|66\/100|[from] item: Leftovers\n|upkeep\n|turn|13\n|\n|t:|1700165333\n|move|p1a: Zygarde|Crunch|p2a: Gholdengo\n|-supereffective|p2a: Gholdengo\n|-damage|p2a: Gholdengo|38\/100\n|move|p2a: Gholdengo|Recover|p2a: Gholdengo\n|-heal|p2a: Gholdengo|88\/100\n|\n|-heal|p1a: Zygarde|100\/100|[from] item: Leftovers\n|-heal|p2a: Gholdengo|94\/100|[from] item: Leftovers\n|upkeep\n|turn|14\n|\n|t:|1700165339\n|move|p1a: Zygarde|Crunch|p2a: Gholdengo\n|-supereffective|p2a: Gholdengo\n|-damage|p2a: Gholdengo|65\/100\n|move|p2a: Gholdengo|Nasty Plot|p2a: Gholdengo\n|-boost|p2a: Gholdengo|spa|2\n|\n|-heal|p2a: Gholdengo|71\/100|[from] item: Leftovers\n|upkeep\n|turn|15\n|\n|t:|1700165346\n|-terastallize|p2a: Gholdengo|Steel\n|move|p1a: Zygarde|Crunch|p2a: Gholdengo\n|-damage|p2a: Gholdengo|55\/100\n|move|p2a: Gholdengo|Nasty Plot|p2a: Gholdengo\n|-boost|p2a: Gholdengo|spa|2\n|\n|-heal|p2a: Gholdengo|61\/100|[from] item: Leftovers\n|upkeep\n|turn|16\n|inactive|dang3rdunk has 120 seconds left.\n|\n|t:|1700165363\n|move|p1a: Zygarde|Brick Break|p2a: Gholdengo\n|-supereffective|p2a: Gholdengo\n|-damage|p2a: Gholdengo|33\/100\n|move|p2a: Gholdengo|Make It Rain|p1a: Zygarde\n|-damage|p1a: Zygarde|0 fnt\n|-unboost|p2a: Gholdengo|spa|1\n|faint|p1a: Zygarde\n|\n|-heal|p2a: Gholdengo|39\/100|[from] item: Leftovers\n|upkeep\n|inactive|dang3rdunk has 120 seconds left.\n|\n|t:|1700165384\n|switch|p1a: Rayquaza|Rayquaza, shiny|46\/100\n|-damage|p1a: Rayquaza|21\/100|[from] Stealth Rock\n|-ability|p1a: Rayquaza|Air Lock\n|turn|17\n|\n|t:|1700165392\n|switch|p2a: Sinistcha|Sinistcha-Masterpiece|100\/100\n|move|p1a: Rayquaza|Earthquake|p2a: Sinistcha\n|-resisted|p2a: Sinistcha\n|-damage|p2a: Sinistcha|76\/100\n|-damage|p1a: Rayquaza|11\/100|[from] item: Life Orb\n|\n|upkeep\n|turn|18\n|\n|t:|1700165403\n|switch|p2a: Gholdengo|Gholdengo, tera:Steel|39\/100\n|-terastallize|p1a: Rayquaza|Dragon\n|move|p1a: Rayquaza|Dragon Ascent|p2a: Gholdengo\n|-resisted|p2a: Gholdengo\n|-damage|p2a: Gholdengo|0 fnt\n|-unboost|p1a: Rayquaza|def|1\n|-unboost|p1a: Rayquaza|spd|1\n|faint|p2a: Gholdengo\n|-damage|p1a: Rayquaza|1\/100|[from] item: Life Orb\n|\n|upkeep\n|\n|t:|1700165412\n|switch|p2a: Basculegion|Basculegion, M|100\/100\n|turn|19\n|inactive|dang3rdunk has 120 seconds left.\n|\n|t:|1700165427\n|move|p2a: Basculegion|Flip Turn|p1a: Rayquaza\n|-resisted|p1a: Rayquaza\n|-damage|p1a: Rayquaza|0 fnt\n|faint|p1a: Rayquaza\n|\n|t:|1700165453\n|switch|p2a: Skeledirge|Skeledirge, M|100\/100|[from] Flip Turn\n|\n|upkeep\n|inactive|dang3rdunk has 120 seconds left.\n|\n|t:|1700165473\n|switch|p1a: Regieleki|Regieleki|100\/100\n|-damage|p1a: Regieleki|88\/100|[from] Stealth Rock\n|turn|20\n|\n|t:|1700165484\n|move|p1a: Regieleki|Electric Terrain|p1a: Regieleki\n|-fieldstart|move: Electric Terrain\n|move|p2a: Skeledirge|Flame Charge|p1a: Regieleki\n|-damage|p1a: Regieleki|64\/100\n|-boost|p2a: Skeledirge|spe|1\n|\n|upkeep\n|turn|21\n|inactive|dang3rdunk has 120 seconds left.\n|\n|t:|1700165494\n|move|p1a: Regieleki|Rising Voltage|p2a: Skeledirge\n|-hint|Rising Voltage's BP doubled on grounded target.\n|-damage|p2a: Skeledirge|0 fnt\n|faint|p2a: Skeledirge\n|\n|upkeep\n|\n|t:|1700165504\n|switch|p2a: Sinistcha|Sinistcha-Masterpiece|76\/100\n|turn|22\n|\n|t:|1700165510\n|move|p1a: Regieleki|Rising Voltage|p2a: Sinistcha\n|-hint|Rising Voltage's BP doubled on grounded target.\n|-resisted|p2a: Sinistcha\n|-damage|p2a: Sinistcha|3\/100\n|move|p2a: Sinistcha|Matcha Gotcha|p1a: Regieleki\n|-damage|p1a: Regieleki|0 fnt\n|-heal|p2a: Sinistcha|31\/100|[from] drain|[of] p1a: Regieleki\n|faint|p1a: Regieleki\n|\n|upkeep\n|\n|t:|1700165521\n|switch|p1a: Deoxys|Deoxys-Speed|100\/100\n|-damage|p1a: Deoxys|88\/100|[from] Stealth Rock\n|-ability|p1a: Deoxys|Pressure\n|turn|23\n|inactive|dang3rdunk has 120 seconds left.\n|\n|t:|1700165551\n|move|p1a: Deoxys|Stealth Rock|p2a: Sinistcha\n|-sidestart|p2: TOPlagueKnight|move: Stealth Rock\n|move|p2a: Sinistcha|Strength Sap|p1a: Deoxys\n|-unboost|p1a: Deoxys|atk|1\n|-heal|p2a: Sinistcha|81\/100\n|\n|upkeep\n|turn|24\n|\n|t:|1700165558\n|move|p1a: Deoxys|Spikes|p2a: Sinistcha\n|-sidestart|p2: TOPlagueKnight|Spikes\n|move|p2a: Sinistcha|Shadow Ball|p1a: Deoxys\n|-supereffective|p1a: Deoxys\n|-damage|p1a: Deoxys|0 fnt\n|faint|p1a: Deoxys\n|\n|-fieldend|move: Electric Terrain\n|upkeep\n|\n|t:|1700165565\n|switch|p1a: Mewtwo|Mewtwo, shiny|100\/100\n|-damage|p1a: Mewtwo|88\/100|[from] Stealth Rock\n|-ability|p1a: Mewtwo|Pressure\n|turn|25\n|inactive|dang3rdunk has 120 seconds left.\n|\n|t:|1700165586\n|detailschange|p1a: Mewtwo|Mewtwo-Mega-Y, shiny\n|-mega|p1a: Mewtwo|Mewtwo|Mewtwonite Y\n|move|p1a: Mewtwo|Dark Pulse|p2a: Sinistcha\n|-supereffective|p2a: Sinistcha\n|-damage|p2a: Sinistcha|0 fnt\n|faint|p2a: Sinistcha\n|\n|upkeep\n|\n|t:|1700165591\n|switch|p2a: Sableye|Sableye, M|100\/100\n|-damage|p2a: Sableye|88\/100|[from] Stealth Rock\n|-damage|p2a: Sableye|76\/100|[from] Spikes\n|turn|26\n|\n|t:|1700165596\n|detailschange|p2a: Sableye|Sableye-Mega, M\n|-mega|p2a: Sableye|Sableye|Sablenite\n|move|p1a: Mewtwo|Psystrike|p2a: Sableye\n|-immune|p2a: Sableye\n|move|p2a: Sableye|Shadow Ball|p1a: Mewtwo\n|-supereffective|p1a: Mewtwo\n|-damage|p1a: Mewtwo|46\/100\n|-unboost|p1a: Mewtwo|spd|1\n|\n|upkeep\n|turn|27\n|\n|t:|1700165605\n|move|p1a: Mewtwo|Dark Pulse|p2a: Sableye\n|-damage|p2a: Sableye|37\/100\n|move|p2a: Sableye|Shadow Ball|p1a: Mewtwo\n|-supereffective|p1a: Mewtwo\n|-damage|p1a: Mewtwo|0 fnt\n|faint|p1a: Mewtwo\n|\n|win|TOPlagueKnight\n|raw|dang3rdunk's rating: 1126 &rarr; <strong>1102<\/strong><br \/>(-24 for losing)\n|raw|TOPlagueKnight's rating: 1136 &rarr; <strong>1160<\/strong><br \/>(+24 for winning)\n|l|\u203ddang3rdunk\n","uploadtime":1700165632,"views":17,"p1id":"dang3rdunk","p2id":"toplagueknight","formatid":"gen9nationaldexubers","rating":1102,"private":0,"password":""}