{"id":"gen9nationaldexubers-1978528473","p1":"Jonix_br","p2":"Snowy Summer","format":"[Gen 9] National Dex Ubers","log":"|j|\u2606Jonix_br\n|j|\u2606Snowy Summer\n|t:|1698551011\n|gametype|singles\n|player|p1|Jonix_br|riley|1066\n|player|p2|Snowy Summer|265|1108\n|teamsize|p1|6\n|teamsize|p2|6\n|gen|9\n|tier|[Gen 9] National Dex Ubers\n|rated|\n|rule|HP Percentage Mod: HP is shown in percentages\n|rule|Endless Battle Clause: Forcing endless battles is banned\n|rule|OHKO Clause: OHKO moves are banned\n|rule|Evasion Moves Clause: Evasion moves are banned\n|rule|Evasion Items Clause: Evasion items are banned\n|rule|Species Clause: Limit one of each Pok\u00e9mon\n|rule|Sleep Clause Mod: Limit one foe put to sleep\n|rule|Mega Rayquaza Clause: You cannot mega evolve Rayquaza\n|clearpoke\n|poke|p1|Lucario, M|\n|poke|p1|Tsareena, F|\n|poke|p1|Volcarona, M|\n|poke|p1|Gyarados, M|\n|poke|p1|Hydreigon, F|\n|poke|p1|Electivire, M|\n|poke|p2|Zacian-*|\n|poke|p2|Annihilape, M|\n|poke|p2|Cyclizar, M|\n|poke|p2|Regieleki|\n|poke|p2|Murkrow, F|\n|poke|p2|Blaziken, M|\n|teampreview\n|\n|t:|1698551024\n|start\n|switch|p1a: Gyarados|Gyarados, M|100\/100\n|switch|p2a: Murkrow|Murkrow, F|100\/100\n|-ability|p1a: Gyarados|Intimidate|boost\n|-unboost|p2a: Murkrow|atk|1\n|turn|1\n|inactive|Battle timer is ON: inactive players will automatically lose when time's up. (requested by Snowy Summer)\n|\n|t:|1698551032\n|move|p2a: Murkrow|Toxic|p1a: Gyarados\n|-status|p1a: Gyarados|tox\n|move|p1a: Gyarados|Dragon Dance|p1a: Gyarados\n|-boost|p1a: Gyarados|atk|1\n|-boost|p1a: Gyarados|spe|1\n|\n|-damage|p1a: Gyarados|94\/100 tox|[from] psn\n|upkeep\n|turn|2\n|\n|t:|1698551040\n|move|p2a: Murkrow|Tailwind|p2a: Murkrow\n|-sidestart|p2: Snowy Summer|move: Tailwind\n|move|p1a: Gyarados|Waterfall|p2a: Murkrow\n|-damage|p2a: Murkrow|18\/100\n|\n|-damage|p1a: Gyarados|82\/100 tox|[from] psn\n|upkeep\n|turn|3\n|\n|t:|1698551048\n|move|p2a: Murkrow|Taunt|p1a: Gyarados\n|-start|p1a: Gyarados|move: Taunt\n|cant|p1a: Gyarados|move: Taunt|Dragon Dance\n|\n|-damage|p1a: Gyarados|64\/100 tox|[from] psn\n|upkeep\n|turn|4\n|\n|t:|1698551056\n|move|p2a: Murkrow|Sunny Day|p2a: Murkrow\n|-weather|SunnyDay\n|move|p1a: Gyarados|Waterfall|p2a: Murkrow\n|-damage|p2a: Murkrow|0 fnt\n|faint|p2a: Murkrow\n|\n|-weather|SunnyDay|[upkeep]\n|-damage|p1a: Gyarados|39\/100 tox|[from] psn\n|upkeep\n|\n|t:|1698551069\n|switch|p2a: Annihilape|Annihilape, M|100\/100\n|turn|5\n|\n|t:|1698551076\n|move|p2a: Annihilape|Bulk Up|p2a: Annihilape\n|-boost|p2a: Annihilape|atk|1\n|-boost|p2a: Annihilape|def|1\n|move|p1a: Gyarados|Crunch|p2a: Annihilape\n|-damage|p2a: Annihilape|76\/100\n|\n|-weather|SunnyDay|[upkeep]\n|-heal|p2a: Annihilape|82\/100|[from] item: Leftovers\n|-damage|p1a: Gyarados|8\/100 tox|[from] psn\n|-end|p1a: Gyarados|move: Taunt\n|-sideend|p2: Snowy Summer|move: Tailwind\n|upkeep\n|turn|6\n|\n|t:|1698551086\n|move|p1a: Gyarados|Crunch|p2a: Annihilape\n|-damage|p2a: Annihilape|57\/100\n|move|p2a: Annihilape|Rage Fist|p1a: Gyarados\n|-damage|p1a: Gyarados|0 fnt\n|faint|p1a: Gyarados\n|\n|-weather|SunnyDay|[upkeep]\n|-heal|p2a: Annihilape|63\/100|[from] item: Leftovers\n|upkeep\n|\n|t:|1698551105\n|switch|p1a: Hydreigon|Hydreigon, F|100\/100\n|turn|7\n|\n|t:|1698551112\n|move|p2a: Annihilape|Drain Punch|p1a: Hydreigon\n|-supereffective|p1a: Hydreigon\n|-damage|p1a: Hydreigon|14\/100\n|-heal|p2a: Annihilape|99\/100|[from] drain|[of] p1a: Hydreigon\n|-damage|p2a: Annihilape|84\/100|[from] item: Rocky Helmet|[of] p1a: Hydreigon\n|move|p1a: Hydreigon|Nasty Plot|p1a: Hydreigon\n|-boost|p1a: Hydreigon|spa|2\n|\n|-weather|SunnyDay|[upkeep]\n|-heal|p2a: Annihilape|90\/100|[from] item: Leftovers\n|upkeep\n|turn|8\n|\n|t:|1698551123\n|move|p2a: Annihilape|Drain Punch|p1a: Hydreigon\n|-supereffective|p1a: Hydreigon\n|-crit|p1a: Hydreigon\n|-damage|p1a: Hydreigon|0 fnt\n|-heal|p2a: Annihilape|95\/100|[from] drain|[of] p1a: Hydreigon\n|-damage|p2a: Annihilape|79\/100|[from] item: Rocky Helmet|[of] p1a: Hydreigon\n|faint|p1a: Hydreigon\n|\n|-weather|none\n|-heal|p2a: Annihilape|85\/100|[from] item: Leftovers\n|upkeep\n|\n|t:|1698551137\n|switch|p1a: Electivire|Electivire, M|100\/100\n|turn|9\n|\n|t:|1698551148\n|-terastallize|p2a: Annihilape|Ghost\n|move|p2a: Annihilape|Rage Fist|p1a: Electivire\n|-damage|p1a: Electivire|0 fnt\n|faint|p1a: Electivire\n|\n|-heal|p2a: Annihilape|91\/100|[from] item: Leftovers\n|upkeep\n|\n|t:|1698551157\n|switch|p1a: Lucario|Lucario, M|100\/100\n|turn|10\n|\n|t:|1698551174\n|detailschange|p1a: Lucario|Lucario-Mega, M\n|-mega|p1a: Lucario|Lucario|Lucarionite\n|move|p2a: Annihilape|Rage Fist|p1a: Lucario\n|-damage|p1a: Lucario|0 fnt\n|faint|p1a: Lucario\n|\n|-heal|p2a: Annihilape|97\/100|[from] item: Leftovers\n|upkeep\n|\n|t:|1698551181\n|switch|p1a: Volcarona|Volcarona, M|100\/100\n|turn|11\n|\n|t:|1698551185\n|move|p2a: Annihilape|Rage Fist|p1a: Volcarona\n|-damage|p1a: Volcarona|0 fnt\n|-status|p2a: Annihilape|brn|[from] ability: Flame Body|[of] p1a: Volcarona\n|faint|p1a: Volcarona\n|\n|-heal|p2a: Annihilape|100\/100 brn|[from] item: Leftovers\n|-damage|p2a: Annihilape|94\/100 brn|[from] brn\n|upkeep\n|\n|t:|1698551193\n|switch|p1a: Tsareena|Tsareena, F|100\/100\n|turn|12\n|\n|t:|1698551197\n|move|p2a: Annihilape|Rage Fist|p1a: Tsareena\n|-damage|p1a: Tsareena|45\/100\n|move|p1a: Tsareena|Trop Kick|p2a: Annihilape\n|-damage|p2a: Annihilape|74\/100 brn\n|-unboost|p2a: Annihilape|atk|1\n|-ability|p2a: Annihilape|Defiant|boost\n|-boost|p2a: Annihilape|atk|2\n|\n|-heal|p2a: Annihilape|80\/100 brn|[from] item: Leftovers\n|-damage|p2a: Annihilape|74\/100 brn|[from] brn\n|upkeep\n|turn|13\n|\n|t:|1698551208\n|move|p2a: Annihilape|Rage Fist|p1a: Tsareena\n|-damage|p1a: Tsareena|0 fnt\n|faint|p1a: Tsareena\n|\n|win|Snowy Summer\n|raw|Jonix_br's rating: 1066 &rarr; <strong>1048<\/strong><br \/>(-18 for losing)\n|raw|Snowy Summer's rating: 1108 &rarr; <strong>1130<\/strong><br \/>(+22 for winning)\n|l|\u2606Jonix_br\n","uploadtime":1698551222,"views":76,"p1id":"jonixbr","p2id":"snowysummer","formatid":"gen9nationaldexubers","rating":1048,"private":0,"password":""}