{"id":"gen9nationaldexubers-1989583483","p1":"IrineuJ32323","p2":"Rhyfinn 05","format":"[Gen 9] National Dex Ubers","log":"|j|\u2606IrineuJ32323\n|j|\u2606Rhyfinn 05\n|t:|1699874819\n|gametype|singles\n|player|p1|IrineuJ32323|lucas-gen4pt|1112\n|player|p2|Rhyfinn 05|alder|1084\n|teamsize|p1|6\n|teamsize|p2|6\n|gen|9\n|tier|[Gen 9] National Dex Ubers\n|rated|\n|rule|HP Percentage Mod: HP is shown in percentages\n|rule|Endless Battle Clause: Forcing endless battles is banned\n|rule|OHKO Clause: OHKO moves are banned\n|rule|Evasion Moves Clause: Evasion moves are banned\n|rule|Evasion Items Clause: Evasion items are banned\n|rule|Species Clause: Limit one of each Pok\u00e9mon\n|rule|Sleep Clause Mod: Limit one foe put to sleep\n|rule|Mega Rayquaza Clause: You cannot mega evolve Rayquaza\n|clearpoke\n|poke|p1|Metagross|\n|poke|p1|Iron Bundle|\n|poke|p1|Grimmsnarl, M|\n|poke|p1|Eelektross, F|\n|poke|p1|Necrozma-Dawn-Wings|\n|poke|p1|Zygarde|\n|poke|p2|Groudon|\n|poke|p2|Xerneas-*|\n|poke|p2|Marshadow|\n|poke|p2|Necrozma-Dusk-Mane|\n|poke|p2|Deoxys-Speed|\n|poke|p2|Pheromosa|\n|teampreview\n|inactive|Battle timer is ON: inactive players will automatically lose when time's up. (requested by Rhyfinn 05)\n|\n|t:|1699874828\n|start\n|switch|p1a: Eelektross|Eelektross, F|100\/100\n|switch|p2a: Deoxys|Deoxys-Speed, shiny|100\/100\n|-ability|p2a: Deoxys|Pressure\n|turn|1\n|\n|t:|1699874836\n|move|p2a: Deoxys|Taunt|p1a: Eelektross\n|-start|p1a: Eelektross|move: Taunt\n|move|p1a: Eelektross|Thunderbolt|p2a: Deoxys\n|-crit|p2a: Deoxys\n|-damage|p2a: Deoxys|20\/100\n|\n|upkeep\n|turn|2\n|\n|t:|1699874841\n|move|p2a: Deoxys|Stealth Rock|p1a: Eelektross\n|-sidestart|p1: IrineuJ32323|move: Stealth Rock\n|move|p1a: Eelektross|Thunderbolt|p2a: Deoxys\n|-damage|p2a: Deoxys|0 fnt\n|faint|p2a: Deoxys\n|\n|upkeep\n|\n|t:|1699874846\n|switch|p2a: Groudon|Groudon, shiny|100\/100\n|detailschange|p2a: Groudon|Groudon-Primal, shiny\n|-primal|p2a: Groudon|Red Orb\n|-weather|DesolateLand|[from] ability: Desolate Land|[of] p2a: Groudon\n|turn|3\n|\n|t:|1699874851\n|move|p2a: Groudon|Rock Polish|p2a: Groudon\n|-boost|p2a: Groudon|spe|2\n|move|p1a: Eelektross|Giga Drain|p2a: Groudon\n|-damage|p2a: Groudon|74\/100\n|\n|-weather|DesolateLand|[upkeep]\n|-end|p1a: Eelektross|move: Taunt\n|upkeep\n|turn|4\n|\n|t:|1699874857\n|move|p2a: Groudon|Flamethrower|p1a: Eelektross\n|-damage|p1a: Eelektross|40\/100\n|move|p1a: Eelektross|Giga Drain|p2a: Groudon\n|-damage|p2a: Groudon|45\/100\n|-heal|p1a: Eelektross|53\/100|[from] drain|[of] p2a: Groudon\n|\n|-weather|DesolateLand|[upkeep]\n|upkeep\n|turn|5\n|\n|t:|1699874863\n|move|p2a: Groudon|Flamethrower|p1a: Eelektross\n|-damage|p1a: Eelektross|0 fnt\n|faint|p1a: Eelektross\n|\n|-weather|DesolateLand|[upkeep]\n|upkeep\n|\n|t:|1699874870\n|switch|p1a: Grimmsnarl|Grimmsnarl, M|100\/100\n|-damage|p1a: Grimmsnarl|88\/100|[from] Stealth Rock\n|turn|6\n|\n|t:|1699874874\n|move|p1a: Grimmsnarl|Fake Out|p2a: Groudon\n|-damage|p2a: Groudon|37\/100\n|cant|p2a: Groudon|flinch\n|\n|-weather|DesolateLand|[upkeep]\n|upkeep\n|turn|7\n|\n|t:|1699874878\n|move|p1a: Grimmsnarl|Reflect|p1a: Grimmsnarl\n|-sidestart|p1: IrineuJ32323|Reflect\n|move|p2a: Groudon|Flamethrower|p1a: Grimmsnarl\n|-damage|p1a: Grimmsnarl|24\/100\n|\n|-weather|DesolateLand|[upkeep]\n|upkeep\n|turn|8\n|\n|t:|1699874883\n|move|p1a: Grimmsnarl|Light Screen|p1a: Grimmsnarl\n|-sidestart|p1: IrineuJ32323|move: Light Screen\n|move|p2a: Groudon|Flamethrower|p1a: Grimmsnarl\n|-damage|p1a: Grimmsnarl|0 fnt\n|faint|p1a: Grimmsnarl\n|\n|-weather|DesolateLand|[upkeep]\n|upkeep\n|\n|t:|1699874891\n|switch|p1a: Metagross|Metagross|100\/100\n|-damage|p1a: Metagross|95\/100|[from] Stealth Rock\n|turn|9\n|\n|t:|1699874895\n|detailschange|p1a: Metagross|Metagross-Mega\n|-mega|p1a: Metagross|Metagross|Metagrossite\n|move|p2a: Groudon|Flamethrower|p1a: Metagross\n|-supereffective|p1a: Metagross\n|-damage|p1a: Metagross|3\/100\n|move|p1a: Metagross|Earthquake|p2a: Groudon\n|-supereffective|p2a: Groudon\n|-damage|p2a: Groudon|0 fnt\n|faint|p2a: Groudon\n|-weather|none\n|\n|upkeep\n|\n|t:|1699874909\n|switch|p2a: Pheromosa|Pheromosa|100\/100\n|turn|10\n|\n|t:|1699874915\n|move|p1a: Metagross|Bullet Punch|p2a: Pheromosa\n|-damage|p2a: Pheromosa|19\/100\n|move|p2a: Pheromosa|Lunge|p1a: Metagross\n|-damage|p1a: Metagross|0 fnt\n|faint|p1a: Metagross\n|-ability|p2a: Pheromosa|Beast Boost|boost\n|-boost|p2a: Pheromosa|spe|1\n|-damage|p2a: Pheromosa|9\/100|[from] item: Life Orb\n|\n|upkeep\n|\n|t:|1699874918\n|switch|p1a: Iron Bundle|Iron Bundle|100\/100\n|-damage|p1a: Iron Bundle|76\/100|[from] Stealth Rock\n|-enditem|p1a: Iron Bundle|Booster Energy\n|-activate|p1a: Iron Bundle|ability: Quark Drive|[fromitem]\n|-start|p1a: Iron Bundle|quarkdrivespe\n|turn|11\n|\n|t:|1699874923\n|move|p2a: Pheromosa|Close Combat|p1a: Iron Bundle\n|-supereffective|p1a: Iron Bundle\n|-damage|p1a: Iron Bundle|0 fnt\n|-unboost|p2a: Pheromosa|def|1\n|-unboost|p2a: Pheromosa|spd|1\n|faint|p1a: Iron Bundle\n|-end|p1a: Iron Bundle|Quark Drive|[silent]\n|-ability|p2a: Pheromosa|Beast Boost|boost\n|-boost|p2a: Pheromosa|spe|1\n|-damage|p2a: Pheromosa|0 fnt|[from] item: Life Orb\n|faint|p2a: Pheromosa\n|\n|upkeep\n|\n|t:|1699874930\n|switch|p2a: Xerneas|Xerneas|100\/100\n|switch|p1a: Zygarde|Zygarde|100\/100\n|-damage|p1a: Zygarde|94\/100|[from] Stealth Rock\n|-ability|p2a: Xerneas|Fairy Aura\n|turn|12\n|\n|t:|1699874935\n|move|p1a: Zygarde|Dragon Dance|p1a: Zygarde\n|-boost|p1a: Zygarde|atk|1\n|-boost|p1a: Zygarde|spe|1\n|move|p2a: Xerneas|Geomancy||[still]\n|-prepare|p2a: Xerneas|Geomancy\n|-enditem|p2a: Xerneas|Power Herb\n|-anim|p2a: Xerneas|Geomancy|p2a: Xerneas\n|-boost|p2a: Xerneas|spa|2\n|-boost|p2a: Xerneas|spd|2\n|-boost|p2a: Xerneas|spe|2\n|\n|upkeep\n|turn|13\n|\n|t:|1699874950\n|move|p2a: Xerneas|Moonblast|p1a: Zygarde\n|-supereffective|p1a: Zygarde\n|-damage|p1a: Zygarde|0 fnt\n|faint|p1a: Zygarde\n|\n|upkeep\n|\n|t:|1699874953\n|switch|p1a: Necrozma|Necrozma-Dawn-Wings|100\/100\n|-damage|p1a: Necrozma|88\/100|[from] Stealth Rock\n|turn|14\n|\n|t:|1699874962\n|move|p2a: Xerneas|Moonblast|p1a: Necrozma\n|-damage|p1a: Necrozma|34\/100\n|-unboost|p1a: Necrozma|spa|1\n|move|p1a: Necrozma|Photon Geyser|p2a: Xerneas\n|-damage|p2a: Xerneas|81\/100\n|\n|-sideend|p1: IrineuJ32323|Reflect\n|upkeep\n|turn|15\n|\n|t:|1699874972\n|detailschange|p1a: Necrozma|Necrozma-Ultra\n|-burst|p1a: Necrozma|Necrozma|Ultranecrozium Z\n|move|p2a: Xerneas|Moonblast|p1a: Necrozma\n|-supereffective|p1a: Necrozma\n|-damage|p1a: Necrozma|0 fnt\n|faint|p1a: Necrozma\n|\n|win|Rhyfinn 05\n|raw|IrineuJ32323's rating: 1112 &rarr; <strong>1085<\/strong><br \/>(-27 for losing)\n|raw|Rhyfinn 05's rating: 1084 &rarr; <strong>1114<\/strong><br \/>(+30 for winning)\n|l|\u2606IrineuJ32323\n","uploadtime":1699874978,"views":8,"p1id":"irineuj32323","p2id":"rhyfinn05","formatid":"gen9nationaldexubers","rating":1085,"private":0,"password":""}