{"id":"gen9nationaldexubers-1992067490","p1":"GeorgiaEternatuss","p2":"KingDoip","format":"[Gen 9] National Dex Ubers","log":"|j|\u2606GeorgiaEternatuss\n|j|\u203dKingDoip\n|t:|1700152347\n|gametype|singles\n|player|p1|GeorgiaEternatuss|steven|1336\n|player|p2|KingDoip|hilbert-masters|1372\n|teamsize|p1|6\n|teamsize|p2|6\n|gen|9\n|tier|[Gen 9] National Dex Ubers\n|rated|\n|rule|HP Percentage Mod: HP is shown in percentages\n|rule|Endless Battle Clause: Forcing endless battles is banned\n|rule|OHKO Clause: OHKO moves are banned\n|rule|Evasion Moves Clause: Evasion moves are banned\n|rule|Evasion Items Clause: Evasion items are banned\n|rule|Species Clause: Limit one of each Pok\u00e9mon\n|rule|Sleep Clause Mod: Limit one foe put to sleep\n|rule|Mega Rayquaza Clause: You cannot mega evolve Rayquaza\n|clearpoke\n|poke|p1|Xerneas-*|\n|poke|p1|Zapdos|\n|poke|p1|Umbreon, M|\n|poke|p1|Marshadow|\n|poke|p1|Diancie|\n|poke|p1|Celesteela|\n|poke|p2|Diancie|\n|poke|p2|Marshadow|\n|poke|p2|Landorus-Therian, M|\n|poke|p2|Naganadel|\n|poke|p2|Arceus|\n|poke|p2|Quagsire, M|\n|teampreview\n|inactive|Battle timer is ON: inactive players will automatically lose when time's up. (requested by KingDoip)\n|\n|t:|1700152372\n|start\n|switch|p1a: Celesteela|Celesteela|100\/100\n|switch|p2a: Diancie|Diancie, shiny|100\/100\n|turn|1\n|\n|t:|1700152382\n|move|p1a: Celesteela|Flash Cannon|p2a: Diancie\n|-supereffective|p2a: Diancie\n|-damage|p2a: Diancie|0 fnt\n|faint|p2a: Diancie\n|-ability|p1a: Celesteela|Beast Boost|boost\n|-boost|p1a: Celesteela|spa|1\n|\n|upkeep\n|\n|t:|1700152387\n|switch|p2a: Naganadel|Naganadel, shiny|100\/100\n|turn|2\n|\n|t:|1700152396\n|switch|p1a: Umbreon|Umbreon, M|100\/100\n|move|p2a: Naganadel|Fire Blast|p1a: Umbreon\n|-damage|p1a: Umbreon|77\/100\n|-damage|p2a: Naganadel|91\/100|[from] item: Life Orb\n|\n|-heal|p1a: Umbreon|83\/100|[from] item: Leftovers\n|upkeep\n|turn|3\n|\n|t:|1700152414\n|switch|p2a: Landorus|Landorus-Therian, M|100\/100\n|-ability|p2a: Landorus|Intimidate|boost\n|-unboost|p1a: Umbreon|atk|1\n|move|p1a: Umbreon|Wish|p1a: Umbreon\n|\n|-heal|p1a: Umbreon|89\/100|[from] item: Leftovers\n|upkeep\n|turn|4\n|\n|t:|1700152424\n|switch|p1a: Celesteela|Celesteela|100\/100\n|move|p2a: Landorus|U-turn|p1a: Celesteela\n|-resisted|p1a: Celesteela\n|-crit|p1a: Celesteela\n|-damage|p1a: Celesteela|93\/100\n|inactive|KingDoip has 120 seconds left.\n|\n|t:|1700152467\n|switch|p2a: Naganadel|Naganadel, shiny|91\/100|[from] U-turn\n|\n|-heal|p1a: Celesteela|100\/100|[from] move: Wish|[wisher] Umbreon\n|upkeep\n|turn|5\n|\n|t:|1700152476\n|switch|p1a: Umbreon|Umbreon, M|89\/100\n|move|p2a: Naganadel|Fire Blast|p1a: Umbreon\n|-damage|p1a: Umbreon|64\/100\n|-damage|p2a: Naganadel|81\/100|[from] item: Life Orb\n|\n|-heal|p1a: Umbreon|70\/100|[from] item: Leftovers\n|upkeep\n|turn|6\n|\n|t:|1700152489\n|move|p2a: Naganadel|Nasty Plot|p2a: Naganadel\n|-boost|p2a: Naganadel|spa|2\n|move|p1a: Umbreon|Moonlight|p1a: Umbreon\n|-heal|p1a: Umbreon|100\/100\n|\n|upkeep\n|turn|7\n|\n|t:|1700152499\n|move|p1a: Umbreon|Protect|p1a: Umbreon\n|-singleturn|p1a: Umbreon|Protect\n|move|p2a: Naganadel|Sludge Wave|p1a: Umbreon\n|-activate|p1a: Umbreon|move: Protect\n|\n|upkeep\n|turn|8\n|\n|t:|1700152505\n|move|p2a: Naganadel|Fire Blast|p1a: Umbreon\n|-damage|p1a: Umbreon|52\/100\n|-damage|p2a: Naganadel|71\/100|[from] item: Life Orb\n|move|p1a: Umbreon|Wish|p1a: Umbreon\n|\n|-heal|p1a: Umbreon|58\/100|[from] item: Leftovers\n|upkeep\n|turn|9\n|\n|t:|1700152516\n|move|p2a: Naganadel|Fire Blast|p1a: Umbreon\n|-damage|p1a: Umbreon|8\/100\n|-damage|p2a: Naganadel|61\/100|[from] item: Life Orb\n|move|p1a: Umbreon|Moonlight|p1a: Umbreon\n|-heal|p1a: Umbreon|58\/100\n|\n|-heal|p1a: Umbreon|100\/100|[from] move: Wish|[wisher] Umbreon\n|upkeep\n|turn|10\n|\n|t:|1700152527\n|move|p2a: Naganadel|Nasty Plot|p2a: Naganadel\n|-boost|p2a: Naganadel|spa|2\n|move|p1a: Umbreon|Wish|p1a: Umbreon\n|\n|upkeep\n|turn|11\n|\n|t:|1700152540\n|move|p2a: Naganadel|Draco Meteor|p1a: Umbreon\n|-damage|p1a: Umbreon|0 fnt\n|-unboost|p2a: Naganadel|spa|2\n|faint|p1a: Umbreon\n|-ability|p2a: Naganadel|Beast Boost|boost\n|-boost|p2a: Naganadel|spe|1\n|-damage|p2a: Naganadel|52\/100|[from] item: Life Orb\n|\n|upkeep\n|\n|t:|1700152550\n|switch|p1a: Marshadow|Marshadow|100\/100\n|turn|12\n|\n|t:|1700152576\n|switch|p2a: Landorus|Landorus-Therian, M|100\/100\n|-ability|p2a: Landorus|Intimidate|boost\n|-unboost|p1a: Marshadow|atk|1\n|move|p1a: Marshadow|Spectral Thief|p2a: Landorus\n|-damage|p2a: Landorus|77\/100\n|-damage|p1a: Marshadow|84\/100|[from] item: Rocky Helmet|[of] p2a: Landorus\n|\n|upkeep\n|turn|13\n|inactive|KingDoip has 120 seconds left.\n|\n|t:|1700152594\n|switch|p1a: Zapdos|Zapdos|100\/100\n|move|p2a: Landorus|Earthquake|p1a: Zapdos\n|-immune|p1a: Zapdos\n|\n|upkeep\n|turn|14\n|\n|t:|1700152602\n|move|p2a: Landorus|Toxic|p1a: Zapdos|[miss]\n|-miss|p2a: Landorus|p1a: Zapdos\n|move|p1a: Zapdos|Whirlwind|p2a: Landorus\n|drag|p2a: Naganadel|Naganadel, shiny|52\/100\n|\n|upkeep\n|turn|15\n|\n|t:|1700152612\n|move|p2a: Naganadel|Sludge Wave|p1a: Zapdos\n|-crit|p1a: Zapdos\n|-damage|p1a: Zapdos|9\/100\n|-damage|p2a: Naganadel|42\/100|[from] item: Life Orb\n|move|p1a: Zapdos|Volt Switch|p2a: Naganadel\n|-resisted|p2a: Naganadel\n|-damage|p2a: Naganadel|18\/100\n|\n|t:|1700152626\n|switch|p1a: Marshadow|Marshadow|84\/100|[from] Volt Switch\n|\n|upkeep\n|turn|16\n|\n|t:|1700152640\n|switch|p2a: Landorus|Landorus-Therian, M|77\/100\n|-ability|p2a: Landorus|Intimidate|boost\n|-unboost|p1a: Marshadow|atk|1\n|move|p1a: Marshadow|Shadow Sneak|p2a: Landorus\n|-damage|p2a: Landorus|63\/100\n|-damage|p1a: Marshadow|67\/100|[from] item: Rocky Helmet|[of] p2a: Landorus\n|\n|upkeep\n|turn|17\n|\n|t:|1700152655\n|switch|p1a: Celesteela|Celesteela|100\/100\n|move|p2a: Landorus|U-turn|p1a: Celesteela\n|-resisted|p1a: Celesteela\n|-damage|p1a: Celesteela|95\/100\n|\n|t:|1700152661\n|switch|p2a: Marshadow|Marshadow|100\/100|[from] U-turn\n|\n|-heal|p1a: Celesteela|100\/100|[from] item: Leftovers\n|upkeep\n|turn|18\n|\n|t:|1700152678\n|move|p2a: Marshadow|Knock Off|p1a: Celesteela\n|-damage|p1a: Celesteela|59\/100\n|-enditem|p1a: Celesteela|Leftovers|[from] move: Knock Off|[of] p2a: Marshadow\n|-damage|p2a: Marshadow|91\/100|[from] item: Life Orb\n|move|p1a: Celesteela|Air Slash|p2a: Marshadow\n|-supereffective|p2a: Marshadow\n|-damage|p2a: Marshadow|0 fnt\n|faint|p2a: Marshadow\n|-ability|p1a: Celesteela|Beast Boost|boost\n|-boost|p1a: Celesteela|spa|1\n|\n|upkeep\n|\n|t:|1700152688\n|switch|p2a: Naganadel|Naganadel, shiny|18\/100\n|turn|19\n|\n|t:|1700152695\n|move|p2a: Naganadel|Fire Blast|p1a: Celesteela|[miss]\n|-miss|p2a: Naganadel|p1a: Celesteela\n|move|p1a: Celesteela|Flash Cannon|p2a: Naganadel\n|-damage|p2a: Naganadel|0 fnt\n|faint|p2a: Naganadel\n|-ability|p1a: Celesteela|Beast Boost|boost\n|-boost|p1a: Celesteela|spa|1\n|\n|upkeep\n|\n|t:|1700152698\n|switch|p2a: Arceus|Arceus, shiny|100\/100\n|turn|20\n|\n|t:|1700152709\n|move|p2a: Arceus|Shadow Claw|p1a: Celesteela\n|-damage|p1a: Celesteela|32\/100\n|move|p1a: Celesteela|Autotomize|p1a: Celesteela\n|-boost|p1a: Celesteela|spe|2\n|-start|p1a: Celesteela|Autotomize\n|\n|upkeep\n|turn|21\n|-message|KingDoip forfeited.\n|\n|win|GeorgiaEternatuss\n|raw|GeorgiaEternatuss's rating: 1336 &rarr; <strong>1358<\/strong><br \/>(+22 for winning)\n|raw|KingDoip's rating: 1372 &rarr; <strong>1350<\/strong><br \/>(-22 for losing)\n|l|\u203dKingDoip\n","uploadtime":1700152721,"views":16,"p1id":"georgiaeternatuss","p2id":"kingdoip","formatid":"gen9nationaldexubers","rating":1350,"private":0,"password":""}