{"id":"gen9nationaldexubers-1986067161","p1":"69Risbo","p2":"Rhyfinn jr.","format":"[Gen 9] National Dex Ubers","log":"|j|\u260669Risbo\n|j|\u2606Rhyfinn jr.\n|t:|1699446243\n|gametype|singles\n|player|p1|69Risbo|steven|1281\n|player|p2|Rhyfinn jr.|benga|1309\n|teamsize|p1|6\n|teamsize|p2|6\n|gen|9\n|tier|[Gen 9] National Dex Ubers\n|rated|\n|rule|HP Percentage Mod: HP is shown in percentages\n|rule|Endless Battle Clause: Forcing endless battles is banned\n|rule|OHKO Clause: OHKO moves are banned\n|rule|Evasion Moves Clause: Evasion moves are banned\n|rule|Evasion Items Clause: Evasion items are banned\n|rule|Species Clause: Limit one of each Pok\u00e9mon\n|rule|Sleep Clause Mod: Limit one foe put to sleep\n|rule|Mega Rayquaza Clause: You cannot mega evolve Rayquaza\n|clearpoke\n|poke|p1|Darkrai|\n|poke|p1|Blastoise, F|\n|poke|p1|Ribombee, F|\n|poke|p1|Lunala|\n|poke|p1|Xerneas-*|\n|poke|p1|Groudon|\n|poke|p2|Groudon|\n|poke|p2|Ho-Oh|\n|poke|p2|Xerneas-*|\n|poke|p2|Marshadow|\n|poke|p2|Urshifu-*, F|\n|poke|p2|Necrozma-Dusk-Mane|\n|teampreview\n|inactive|Battle timer is ON: inactive players will automatically lose when time's up. (requested by Rhyfinn jr.)\n|\n|t:|1699446256\n|start\n|switch|p1a: Ribombee|Ribombee, F|100\/100\n|switch|p2a: Groudon|Groudon|100\/100\n|detailschange|p2a: Groudon|Groudon-Primal\n|-primal|p2a: Groudon|Red Orb\n|-weather|DesolateLand|[from] ability: Desolate Land|[of] p2a: Groudon\n|turn|1\n|\n|t:|1699446264\n|move|p1a: Ribombee|Sticky Web|p2a: Groudon\n|-sidestart|p2: Rhyfinn jr.|move: Sticky Web\n|move|p2a: Groudon|Rock Polish|p2a: Groudon\n|-boost|p2a: Groudon|spe|2\n|\n|-weather|DesolateLand|[upkeep]\n|upkeep\n|turn|2\n|\n|t:|1699446277\n|switch|p1a: Lunala|Lunala|100\/100\n|move|p2a: Groudon|Flamethrower|p1a: Lunala\n|-crit|p1a: Lunala\n|-damage|p1a: Lunala|59\/100\n|\n|-weather|DesolateLand|[upkeep]\n|upkeep\n|turn|3\n|\n|t:|1699446283\n|move|p2a: Groudon|Flamethrower|p1a: Lunala\n|-damage|p1a: Lunala|6\/100\n|move|p1a: Lunala|Moongeist Beam|p2a: Groudon\n|-damage|p2a: Groudon|35\/100\n|\n|-weather|DesolateLand|[upkeep]\n|upkeep\n|turn|4\n|\n|t:|1699446289\n|move|p2a: Groudon|Flamethrower|p1a: Lunala\n|-damage|p1a: Lunala|0 fnt\n|faint|p1a: Lunala\n|\n|-weather|DesolateLand|[upkeep]\n|upkeep\n|\n|t:|1699446299\n|switch|p1a: Blastoise|Blastoise, F|100\/100\n|turn|5\n|\n|t:|1699446314\n|detailschange|p1a: Blastoise|Blastoise-Mega, F\n|-mega|p1a: Blastoise|Blastoise|Blastoisinite\n|move|p2a: Groudon|Solar Beam||[still]\n|-prepare|p2a: Groudon|Solar Beam\n|-anim|p2a: Groudon|Solar Beam|p1a: Blastoise\n|-supereffective|p1a: Blastoise\n|-damage|p1a: Blastoise|14\/100\n|move|p1a: Blastoise|Dark Pulse|p2a: Groudon\n|-damage|p2a: Groudon|0 fnt\n|faint|p2a: Groudon\n|-weather|none\n|\n|upkeep\n|\n|t:|1699446334\n|switch|p2a: Marshadow|Marshadow|100\/100\n|-activate|p2a: Marshadow|move: Sticky Web\n|-unboost|p2a: Marshadow|spe|1\n|turn|6\n|\n|t:|1699446347\n|move|p2a: Marshadow|Shadow Sneak|p1a: Blastoise\n|-damage|p1a: Blastoise|0 fnt\n|faint|p1a: Blastoise\n|\n|upkeep\n|\n|t:|1699446353\n|switch|p1a: Xerneas|Xerneas|100\/100\n|-ability|p1a: Xerneas|Fairy Aura\n|turn|7\n|\n|t:|1699446372\n|switch|p2a: Ho-Oh|Ho-Oh|100\/100\n|move|p1a: Xerneas|Geomancy||[still]\n|-prepare|p1a: Xerneas|Geomancy\n|-enditem|p1a: Xerneas|Power Herb\n|-anim|p1a: Xerneas|Geomancy|p1a: Xerneas\n|-boost|p1a: Xerneas|spa|2\n|-boost|p1a: Xerneas|spd|2\n|-boost|p1a: Xerneas|spe|2\n|\n|upkeep\n|turn|8\n|\n|t:|1699446380\n|move|p1a: Xerneas|Thunderbolt|p2a: Ho-Oh\n|-supereffective|p2a: Ho-Oh\n|-crit|p2a: Ho-Oh\n|-damage|p2a: Ho-Oh|15\/100\n|move|p2a: Ho-Oh|Whirlwind|p1a: Xerneas\n|drag|p1a: Groudon|Groudon|100\/100\n|detailschange|p1a: Groudon|Groudon-Primal\n|-primal|p1a: Groudon|Red Orb\n|-weather|DesolateLand|[from] ability: Desolate Land|[of] p1a: Groudon\n|\n|-weather|DesolateLand|[upkeep]\n|upkeep\n|turn|9\n|\n|t:|1699446386\n|move|p2a: Ho-Oh|Defog|p1a: Groudon\n|-unboost|p1a: Groudon|evasion|1\n|-sideend|p2: Rhyfinn jr.|Sticky Web|[from] move: Defog|[of] p2a: Ho-Oh\n|move|p1a: Groudon|Stone Edge|p2a: Ho-Oh|[miss]\n|-miss|p1a: Groudon|p2a: Ho-Oh\n|\n|-weather|DesolateLand|[upkeep]\n|upkeep\n|turn|10\n|\n|t:|1699446394\n|move|p2a: Ho-Oh|Sacred Fire|p1a: Groudon\n|-resisted|p1a: Groudon\n|-damage|p1a: Groudon|81\/100\n|move|p1a: Groudon|Heat Crash|p2a: Ho-Oh\n|-resisted|p2a: Ho-Oh\n|-damage|p2a: Ho-Oh|0 fnt\n|faint|p2a: Ho-Oh\n|\n|-weather|DesolateLand|[upkeep]\n|upkeep\n|\n|t:|1699446412\n|switch|p2a: Necrozma|Necrozma-Dusk-Mane|100\/100\n|turn|11\n|\n|t:|1699446419\n|detailschange|p2a: Necrozma|Necrozma-Ultra\n|-burst|p2a: Necrozma|Necrozma|Ultranecrozium Z\n|move|p2a: Necrozma|Dragon Dance|p2a: Necrozma\n|-boost|p2a: Necrozma|atk|1\n|-boost|p2a: Necrozma|spe|1\n|move|p1a: Groudon|Will-O-Wisp|p2a: Necrozma|[miss]\n|-miss|p1a: Groudon|p2a: Necrozma\n|\n|-weather|DesolateLand|[upkeep]\n|upkeep\n|turn|12\n|\n|t:|1699446435\n|-zpower|p2a: Necrozma\n|move|p2a: Necrozma|Light That Burns the Sky|p1a: Groudon|[zeffect]\n|-damage|p1a: Groudon|0 fnt\n|faint|p1a: Groudon\n|-weather|none\n|\n|upkeep\n|\n|t:|1699446442\n|switch|p1a: Darkrai|Darkrai|100\/100\n|turn|13\n|l|\u260669Risbo\n|inactive|69Risbo disconnected and has a minute to reconnect!\n|player|p1|\n|inactive|69Risbo has 30 seconds to reconnect!\n|inactive|69Risbo has 20 seconds to reconnect!\n|inactive|69Risbo has 15 seconds to reconnect!\n|inactive|69Risbo has 10 seconds to reconnect!\n|inactive|69Risbo has 5 seconds to reconnect!\n|-message|69Risbo lost due to inactivity.\n|\n|win|Rhyfinn jr.\n|raw|69Risbo's rating: 1281 &rarr; <strong>1258<\/strong><br \/>(-23 for losing)\n|raw|Rhyfinn jr.'s rating: 1309 &rarr; <strong>1327<\/strong><br \/>(+18 for winning)\n","uploadtime":1699446530,"views":4,"p1id":"69risbo","p2id":"rhyfinnjr","formatid":"gen9nationaldexubers","rating":1258,"private":0,"password":""}