{"id":"gen9nationaldexubers-1987741650","p1":"99% lose rate","p2":"pepsicangobrrr","format":"[Gen 9] National Dex Ubers","log":"|j|\u260699% lose rate\n|j|\u2606pepsicangobrrr\n|t:|1699632752\n|gametype|singles\n|player|p1|99% lose rate|giovanni|1296\n|player|p2|pepsicangobrrr|jupiter|1188\n|teamsize|p1|6\n|teamsize|p2|6\n|gen|9\n|tier|[Gen 9] National Dex Ubers\n|rated|\n|rule|HP Percentage Mod: HP is shown in percentages\n|rule|Endless Battle Clause: Forcing endless battles is banned\n|rule|OHKO Clause: OHKO moves are banned\n|rule|Evasion Moves Clause: Evasion moves are banned\n|rule|Evasion Items Clause: Evasion items are banned\n|rule|Species Clause: Limit one of each Pok\u00e9mon\n|rule|Sleep Clause Mod: Limit one foe put to sleep\n|rule|Mega Rayquaza Clause: You cannot mega evolve Rayquaza\n|clearpoke\n|poke|p1|Slowbro, F|\n|poke|p1|Slowking-Galar, M|\n|poke|p1|Indeedee-F, F|\n|poke|p1|Exeggutor-Alola, M|\n|poke|p1|Diancie|\n|poke|p1|Stakataka|\n|poke|p2|Dragapult, F|\n|poke|p2|Celesteela|\n|poke|p2|Empoleon, F|\n|poke|p2|Tinkaton, F|\n|poke|p2|Metagross|\n|poke|p2|Heatran, M|\n|teampreview\n|\n|t:|1699632764\n|start\n|switch|p1a: Exeggutor|Exeggutor-Alola, M|100\/100\n|switch|p2a: Let's Go Golfing!|Tinkaton, F|100\/100\n|-ability|p2a: Let's Go Golfing!|Mold Breaker\n|turn|1\n|\n|t:|1699632771\n|move|p2a: Let's Go Golfing!|Fake Out|p1a: Exeggutor\n|-damage|p1a: Exeggutor|93\/100\n|cant|p1a: Exeggutor|flinch\n|\n|upkeep\n|turn|2\n|\n|t:|1699632776\n|move|p2a: Let's Go Golfing!|Play Rough|p1a: Exeggutor\n|-supereffective|p1a: Exeggutor\n|-damage|p1a: Exeggutor|52\/100\n|move|p1a: Exeggutor|Sleep Powder|p2a: Let's Go Golfing!\n|-status|p2a: Let's Go Golfing!|slp|[from] move: Sleep Powder\n|\n|upkeep\n|turn|3\n|\n|t:|1699632786\n|cant|p2a: Let's Go Golfing!|slp\n|move|p1a: Exeggutor|Trick Room|p1a: Exeggutor\n|-fieldstart|move: Trick Room|[of] p1a: Exeggutor\n|\n|upkeep\n|turn|4\n|\n|t:|1699632796\n|switch|p2a: Hellflame|Heatran, M|100\/100\n|move|p1a: Exeggutor|Teleport|p1a: Exeggutor\n|\n|t:|1699632804\n|switch|p1a: Slowbro|Slowbro, F|100\/100|[from] Teleport\n|\n|upkeep\n|turn|5\n|\n|t:|1699632819\n|switch|p2a: Space-X|Celesteela, shiny|100\/100\n|move|p1a: Slowbro|Calm Mind|p1a: Slowbro\n|-boost|p1a: Slowbro|spa|1\n|-boost|p1a: Slowbro|spd|1\n|\n|upkeep\n|turn|6\n|\n|t:|1699632825\n|move|p1a: Slowbro|Calm Mind|p1a: Slowbro\n|-boost|p1a: Slowbro|spa|1\n|-boost|p1a: Slowbro|spd|1\n|move|p2a: Space-X|Leech Seed|p1a: Slowbro\n|-start|p1a: Slowbro|move: Leech Seed\n|\n|-damage|p1a: Slowbro|88\/100|[from] Leech Seed|[of] p2a: Space-X\n|upkeep\n|turn|7\n|\n|t:|1699632836\n|move|p1a: Slowbro|Scald|p2a: Space-X\n|-damage|p2a: Space-X|52\/100\n|move|p2a: Space-X|Giga Drain|p1a: Slowbro\n|-supereffective|p1a: Slowbro\n|-damage|p1a: Slowbro|70\/100\n|-heal|p2a: Space-X|60\/100|[from] drain|[of] p1a: Slowbro\n|\n|-heal|p1a: Slowbro|76\/100|[from] item: Leftovers\n|-heal|p2a: Space-X|66\/100|[from] item: Leftovers\n|-damage|p1a: Slowbro|64\/100|[from] Leech Seed|[of] p2a: Space-X\n|-heal|p2a: Space-X|79\/100|[silent]\n|-fieldend|move: Trick Room\n|upkeep\n|turn|8\n|\n|t:|1699632851\n|switch|p1a: Exeggutor|Exeggutor-Alola, M|52\/100\n|move|p2a: Space-X|Air Slash|p1a: Exeggutor\n|-supereffective|p1a: Exeggutor\n|-damage|p1a: Exeggutor|0 fnt\n|faint|p1a: Exeggutor\n|-ability|p2a: Space-X|Beast Boost|boost\n|-boost|p2a: Space-X|def|1\n|\n|-heal|p2a: Space-X|85\/100|[from] item: Leftovers\n|upkeep\n|\n|t:|1699632868\n|switch|p1a: Slowking|Slowking-Galar, M|100\/100\n|turn|9\n|\n|t:|1699632871\n|move|p2a: Space-X|Earthquake|p1a: Slowking\n|-supereffective|p1a: Slowking\n|-damage|p1a: Slowking|50\/100\n|move|p1a: Slowking|Trick Room|p1a: Slowking\n|-fieldstart|move: Trick Room|[of] p1a: Slowking\n|\n|-heal|p2a: Space-X|91\/100|[from] item: Leftovers\n|upkeep\n|turn|10\n|\n|t:|1699632878\n|move|p2a: Space-X|Leech Seed|p1a: Slowking\n|-start|p1a: Slowking|move: Leech Seed\n|move|p1a: Slowking|Chilly Reception|p1a: Slowking\n|-weather|Snow\n|\n|t:|1699632881\n|switch|p1a: Stakataka|Stakataka|100\/100|[from] Chilly Reception\n|-item|p1a: Stakataka|Air Balloon\n|\n|-weather|Snow|[upkeep]\n|-heal|p2a: Space-X|97\/100|[from] item: Leftovers\n|upkeep\n|turn|11\n|\n|t:|1699632887\n|move|p1a: Stakataka|Iron Defense|p1a: Stakataka\n|-boost|p1a: Stakataka|def|2\n|move|p2a: Space-X|Air Slash|p1a: Stakataka\n|-resisted|p1a: Stakataka\n|-damage|p1a: Stakataka|95\/100\n|-enditem|p1a: Stakataka|Air Balloon\n|\n|-weather|Snow|[upkeep]\n|-heal|p2a: Space-X|100\/100|[from] item: Leftovers\n|upkeep\n|turn|12\n|\n|t:|1699632902\n|-terastallize|p1a: Stakataka|Water\n|move|p1a: Stakataka|Body Press|p2a: Space-X\n|-damage|p2a: Space-X|74\/100\n|move|p2a: Space-X|Leech Seed|p1a: Stakataka\n|-start|p1a: Stakataka|move: Leech Seed\n|\n|-weather|Snow|[upkeep]\n|-heal|p2a: Space-X|80\/100|[from] item: Leftovers\n|-damage|p1a: Stakataka|83\/100|[from] Leech Seed|[of] p2a: Space-X\n|-heal|p2a: Space-X|90\/100|[silent]\n|upkeep\n|turn|13\n|\n|t:|1699632915\n|move|p1a: Stakataka|Iron Defense|p1a: Stakataka\n|-boost|p1a: Stakataka|def|2\n|move|p2a: Space-X|Giga Drain|p1a: Stakataka\n|-supereffective|p1a: Stakataka\n|-damage|p1a: Stakataka|53\/100\n|-heal|p2a: Space-X|100\/100|[from] drain|[of] p1a: Stakataka\n|\n|-weather|Snow|[upkeep]\n|-damage|p1a: Stakataka|40\/100|[from] Leech Seed|[of] p2a: Space-X\n|-fieldend|move: Trick Room\n|upkeep\n|turn|14\n|\n|t:|1699632923\n|move|p2a: Space-X|Giga Drain|p1a: Stakataka\n|-supereffective|p1a: Stakataka\n|-damage|p1a: Stakataka|11\/100\n|move|p1a: Stakataka|Body Press|p2a: Space-X\n|-damage|p2a: Space-X|60\/100\n|\n|-weather|none\n|-heal|p2a: Space-X|66\/100|[from] item: Leftovers\n|-damage|p1a: Stakataka|0 fnt|[from] Leech Seed|[of] p2a: Space-X\n|-heal|p2a: Space-X|74\/100|[silent]\n|faint|p1a: Stakataka\n|upkeep\n|\n|t:|1699632930\n|switch|p1a: Diancie|Diancie|100\/100\n|turn|15\n|\n|t:|1699632938\n|detailschange|p1a: Diancie|Diancie-Mega\n|-mega|p1a: Diancie|Diancie|Diancite\n|move|p1a: Diancie|Diamond Storm|p2a: Space-X\n|-damage|p2a: Space-X|50\/100\n|move|p2a: Space-X|Earthquake|p1a: Diancie\n|-supereffective|p1a: Diancie\n|-damage|p1a: Diancie|38\/100\n|\n|-heal|p2a: Space-X|56\/100|[from] item: Leftovers\n|upkeep\n|turn|16\n|\n|t:|1699632947\n|move|p1a: Diancie|Diamond Storm|p2a: Space-X\n|-damage|p2a: Space-X|29\/100\n|-boost|p1a: Diancie|def|2\n|move|p2a: Space-X|Giga Drain|p1a: Diancie\n|-supereffective|p1a: Diancie\n|-damage|p1a: Diancie|0 fnt\n|-heal|p2a: Space-X|41\/100|[from] drain|[of] p1a: Diancie\n|faint|p1a: Diancie\n|-ability|p2a: Space-X|Beast Boost|boost\n|-boost|p2a: Space-X|def|1\n|\n|-heal|p2a: Space-X|47\/100|[from] item: Leftovers\n|upkeep\n|\n|t:|1699632960\n|switch|p1a: Indeedee|Indeedee-F, F|100\/100\n|-fieldstart|move: Psychic Terrain|[from] ability: Psychic Surge|[of] p1a: Indeedee\n|turn|17\n|\n|t:|1699632967\n|move|p1a: Indeedee|Light Screen|p1a: Indeedee\n|-sidestart|p1: 99% lose rate|move: Light Screen\n|move|p2a: Space-X|Leech Seed|p1a: Indeedee\n|-start|p1a: Indeedee|move: Leech Seed\n|\n|-heal|p2a: Space-X|53\/100|[from] item: Leftovers\n|-damage|p1a: Indeedee|88\/100|[from] Leech Seed|[of] p2a: Space-X\n|-heal|p2a: Space-X|64\/100|[silent]\n|upkeep\n|turn|18\n|\n|t:|1699632981\n|switch|p1a: Slowbro|Slowbro, F|97\/100\n|move|p2a: Space-X|Earthquake|p1a: Slowbro\n|-damage|p1a: Slowbro|84\/100\n|\n|-heal|p2a: Space-X|70\/100|[from] item: Leftovers\n|-heal|p1a: Slowbro|90\/100|[from] item: Leftovers\n|upkeep\n|turn|19\n|\n|t:|1699632988\n|move|p2a: Space-X|Leech Seed|p1a: Slowbro\n|-start|p1a: Slowbro|move: Leech Seed\n|move|p1a: Slowbro|Scald|p2a: Space-X\n|-damage|p2a: Space-X|48\/100\n|\n|-heal|p2a: Space-X|54\/100|[from] item: Leftovers\n|-heal|p1a: Slowbro|96\/100|[from] item: Leftovers\n|-damage|p1a: Slowbro|84\/100|[from] Leech Seed|[of] p2a: Space-X\n|-heal|p2a: Space-X|66\/100|[silent]\n|upkeep\n|turn|20\n|l|\u260699% lose rate\n|player|p1|\n|inactive|Battle timer is ON: inactive players will automatically lose when time's up. (requested by pepsicangobrrr)\n|inactive|99% lose rate has 30 seconds to reconnect!\n|inactive|99% lose rate has 20 seconds to reconnect!\n|c|\u2606pepsicangobrrr|times ticking\n|inactive|99% lose rate has 15 seconds to reconnect!\n|c|\u2606pepsicangobrrr|hurry tf up\n|inactive|99% lose rate has 10 seconds to reconnect!\n|inactive|99% lose rate has 5 seconds to reconnect!\n|-message|99% lose rate lost due to inactivity.\n|\n|win|pepsicangobrrr\n|raw|99% lose rate's rating: 1296 &rarr; <strong>1263<\/strong><br \/>(-33 for losing)\n|raw|pepsicangobrrr's rating: 1188 &rarr; <strong>1221<\/strong><br \/>(+33 for winning)\n","uploadtime":1699633089,"views":23,"p1id":"99loserate","p2id":"pepsicangobrrr","formatid":"gen9nationaldexubers","rating":1221,"private":0,"password":""}