{"id":"gen9nationaldexubers-1979962094","p1":"that guy2196843","p2":"Jasmaaan12","format":"[Gen 9] National Dex Ubers","log":"|j|\u2606that guy2196843\n|j|\u2606Jasmaaan12\n|t:|1698737756\n|gametype|singles\n|player|p1|that guy2196843|266|1276\n|player|p2|Jasmaaan12|volkner|1314\n|teamsize|p1|6\n|teamsize|p2|6\n|gen|9\n|tier|[Gen 9] National Dex Ubers\n|rated|\n|rule|HP Percentage Mod: HP is shown in percentages\n|rule|Endless Battle Clause: Forcing endless battles is banned\n|rule|OHKO Clause: OHKO moves are banned\n|rule|Evasion Moves Clause: Evasion moves are banned\n|rule|Evasion Items Clause: Evasion items are banned\n|rule|Species Clause: Limit one of each Pok\u00e9mon\n|rule|Sleep Clause Mod: Limit one foe put to sleep\n|rule|Mega Rayquaza Clause: You cannot mega evolve Rayquaza\n|clearpoke\n|poke|p1|Cloyster, F|\n|poke|p1|Basculegion, M|\n|poke|p1|Ambipom, F|\n|poke|p1|Flutter Mane|\n|poke|p1|Marshadow|\n|poke|p1|Salamence, F|\n|poke|p2|Eternatus|\n|poke|p2|Groudon|\n|poke|p2|Mewtwo|\n|poke|p2|Calyrex-Ice|\n|poke|p2|Zacian-*|\n|poke|p2|Arceus|\n|teampreview\n|inactive|Battle timer is ON: inactive players will automatically lose when time's up. (requested by that guy2196843)\n|\n|t:|1698737760\n|start\n|switch|p1a: sally|Salamence, F|100\/100\n|switch|p2a: Eternatus|Eternatus|100\/100\n|-ability|p2a: Eternatus|Pressure\n|turn|1\n|\n|t:|1698737770\n|move|p2a: Eternatus|Dynamax Cannon|p1a: sally\n|-supereffective|p1a: sally\n|-damage|p1a: sally|0 fnt\n|faint|p1a: sally\n|\n|upkeep\n|\n|t:|1698737775\n|switch|p1a: fleshlight|Cloyster, F|100\/100\n|turn|2\n|\n|t:|1698737785\n|switch|p2a: Groudon|Groudon|100\/100\n|detailschange|p2a: Groudon|Groudon-Primal\n|-primal|p2a: Groudon|Red Orb\n|-weather|DesolateLand|[from] ability: Desolate Land|[of] p2a: Groudon\n|move|p1a: fleshlight|Shell Smash|p1a: fleshlight\n|-unboost|p1a: fleshlight|def|1\n|-unboost|p1a: fleshlight|spd|1\n|-boost|p1a: fleshlight|atk|2\n|-boost|p1a: fleshlight|spa|2\n|-boost|p1a: fleshlight|spe|2\n|\n|-weather|DesolateLand|[upkeep]\n|upkeep\n|turn|3\n|\n|t:|1698737794\n|move|p1a: fleshlight|Icicle Spear|p2a: Groudon\n|-damage|p2a: Groudon|85\/100\n|-crit|p2a: Groudon\n|-damage|p2a: Groudon|63\/100\n|-damage|p2a: Groudon|48\/100\n|-damage|p2a: Groudon|33\/100\n|-damage|p2a: Groudon|18\/100\n|-hitcount|p2a: Groudon|5\n|move|p2a: Groudon|Heat Crash|p1a: fleshlight\n|-enditem|p1a: fleshlight|Focus Sash\n|-damage|p1a: fleshlight|1\/100\n|\n|-weather|DesolateLand|[upkeep]\n|upkeep\n|turn|4\n|\n|t:|1698737801\n|move|p1a: fleshlight|Icicle Spear|p2a: Groudon\n|-damage|p2a: Groudon|4\/100\n|-damage|p2a: Groudon|0 fnt\n|faint|p2a: Groudon\n|-weather|none\n|-hitcount|p2: Groudon|2\n|\n|upkeep\n|\n|t:|1698737803\n|switch|p2a: Arceus|Arceus|100\/100\n|turn|5\n|\n|t:|1698737806\n|move|p2a: Arceus|Extreme Speed|p1a: fleshlight\n|-damage|p1a: fleshlight|0 fnt\n|faint|p1a: fleshlight\n|\n|upkeep\n|\n|t:|1698737810\n|switch|p1a: Marshadow|Marshadow|100\/100\n|turn|6\n|\n|t:|1698737820\n|switch|p2a: Eternatus|Eternatus|100\/100\n|-ability|p2a: Eternatus|Pressure\n|move|p1a: Marshadow|Low Kick|p2a: Eternatus\n|-resisted|p2a: Eternatus\n|-damage|p2a: Eternatus|75\/100\n|\n|upkeep\n|turn|7\n|c|\u2606that guy2196843|!weakness zacian-crowned\n|c| that guy2196843|\/raw <div class=\"infobox\">Zacian-Crowned (ignoring abilities):<br \/><span class=\"message-effect-weak\">Weaknesses<\/span>: Fire, Ground<br \/><span class=\"message-effect-resist\">Resistances<\/span>: <b>Bug<\/b>, Dark, Fairy, Flying, Grass, Ice, Normal, Psychic, Rock<br \/><span class=\"message-effect-immune\">Immunities<\/span>: Dragon, Poison, Sandstorm damage, Toxic<\/div>\n|\n|t:|1698737837\n|move|p1a: Marshadow|Rock Tomb|p2a: Eternatus\n|-crit|p2a: Eternatus\n|-damage|p2a: Eternatus|39\/100\n|-unboost|p2a: Eternatus|spe|1\n|move|p2a: Eternatus|Dragon Dance|p2a: Eternatus\n|-boost|p2a: Eternatus|atk|1\n|-boost|p2a: Eternatus|spe|1\n|\n|upkeep\n|turn|8\n|\n|t:|1698737854\n|switch|p2a: Arceus|Arceus|100\/100\n|move|p1a: Marshadow|Spectral Thief|p2a: Arceus\n|-immune|p2a: Arceus\n|\n|upkeep\n|turn|9\n|\n|t:|1698737865\n|switch|p2a: Eternatus|Eternatus|39\/100\n|-ability|p2a: Eternatus|Pressure\n|move|p1a: Marshadow|Low Kick|p2a: Eternatus\n|-resisted|p2a: Eternatus\n|-damage|p2a: Eternatus|15\/100\n|\n|upkeep\n|turn|10\n|\n|t:|1698737883\n|move|p1a: Marshadow|Low Kick|p2a: Eternatus\n|-resisted|p2a: Eternatus\n|-damage|p2a: Eternatus|0 fnt\n|faint|p2a: Eternatus\n|\n|upkeep\n|\n|t:|1698737888\n|switch|p2a: Mewtwo|Mewtwo|100\/100\n|-ability|p2a: Mewtwo|Pressure\n|turn|11\n|\n|t:|1698737892\n|detailschange|p2a: Mewtwo|Mewtwo-Mega-Y\n|-mega|p2a: Mewtwo|Mewtwo|Mewtwonite Y\n|move|p1a: Marshadow|Shadow Sneak|p2a: Mewtwo\n|-supereffective|p2a: Mewtwo\n|-damage|p2a: Mewtwo|21\/100\n|move|p2a: Mewtwo|Psystrike|p1a: Marshadow\n|-supereffective|p1a: Marshadow\n|-enditem|p1a: Marshadow|Focus Sash\n|-damage|p1a: Marshadow|1\/100\n|\n|upkeep\n|turn|12\n|\n|t:|1698737901\n|switch|p2a: Arceus|Arceus|100\/100\n|move|p1a: Marshadow|Shadow Sneak|p2a: Arceus\n|-immune|p2a: Arceus\n|\n|upkeep\n|turn|13\n|\n|t:|1698737910\n|move|p1a: Marshadow|Low Kick|p2a: Arceus\n|-supereffective|p2a: Arceus\n|-damage|p2a: Arceus|9\/100\n|move|p2a: Arceus|Flare Blitz|p1a: Marshadow\n|-damage|p1a: Marshadow|0 fnt\n|faint|p1a: Marshadow\n|-damage|p2a: Arceus|8\/100|[from] Recoil\n|\n|-heal|p2a: Arceus|14\/100|[from] item: Leftovers\n|upkeep\n|\n|t:|1698737917\n|switch|p1a: Ambipom|Ambipom, F|100\/100\n|turn|14\n|\n|t:|1698737926\n|switch|p2a: Mewtwo|Mewtwo-Mega-Y|21\/100\n|move|p1a: Ambipom|Fake Out|p2a: Mewtwo\n|-damage|p2a: Mewtwo|0 fnt\n|faint|p2a: Mewtwo\n|\n|upkeep\n|\n|t:|1698737935\n|switch|p2a: Zacian|Zacian-Crowned|100\/100\n|-ability|p2a: Zacian|Intrepid Sword|boost\n|-boost|p2a: Zacian|atk|1\n|turn|15\n|\n|t:|1698737962\n|-terastallize|p2a: Zacian|Fairy\n|move|p2a: Zacian|Behemoth Blade|p1a: Ambipom\n|-damage|p1a: Ambipom|0 fnt\n|faint|p1a: Ambipom\n|\n|upkeep\n|\n|t:|1698737966\n|switch|p1a: caw caw|Flutter Mane|100\/100\n|-enditem|p1a: caw caw|Booster Energy\n|-activate|p1a: caw caw|ability: Protosynthesis|[fromitem]\n|-start|p1a: caw caw|protosynthesisspa\n|turn|16\n|\n|t:|1698737972\n|move|p2a: Zacian|Behemoth Blade|p1a: caw caw\n|-supereffective|p1a: caw caw\n|-damage|p1a: caw caw|0 fnt\n|faint|p1a: caw caw\n|-end|p1a: caw caw|Protosynthesis|[silent]\n|\n|upkeep\n|\n|t:|1698737975\n|switch|p1a: ghastly|Basculegion, M|100\/100\n|turn|17\n|\n|t:|1698737979\n|-terastallize|p1a: ghastly|Ghost\n|move|p1a: ghastly|Last Respects|p2a: Zacian\n|-damage|p2a: Zacian|0 fnt\n|faint|p2a: Zacian\n|\n|upkeep\n|\n|t:|1698738003\n|switch|p2a: Calyrex|Calyrex-Ice|100\/100\n|-ability|p2a: Calyrex|As One\n|-ability|p2a: Calyrex|Unnerve\n|turn|18\n|\n|t:|1698738021\n|move|p1a: ghastly|Last Respects|p2a: Calyrex\n|-supereffective|p2a: Calyrex\n|-damage|p2a: Calyrex|0 fnt\n|faint|p2a: Calyrex\n|\n|upkeep\n|\n|t:|1698738024\n|switch|p2a: Arceus|Arceus|14\/100\n|turn|19\n|\n|t:|1698738030\n|move|p1a: ghastly|Last Respects|p2a: Arceus\n|-immune|p2a: Arceus\n|move|p2a: Arceus|Flare Blitz|p1a: ghastly\n|-damage|p1a: ghastly|48\/100\n|-status|p1a: ghastly|brn\n|-damage|p2a: Arceus|0 fnt|[from] Recoil\n|faint|p2a: Arceus\n|\n|win|that guy2196843\n|raw|that guy2196843's rating: 1276 &rarr; <strong>1304<\/strong><br \/>(+28 for winning)\n|raw|Jasmaaan12's rating: 1314 &rarr; <strong>1292<\/strong><br \/>(-22 for losing)\n|c|\u2606that guy2196843|GG\n|l|\u2606Jasmaaan12\n","uploadtime":1698738048,"views":9,"p1id":"thatguy2196843","p2id":"jasmaaan12","formatid":"gen9nationaldexubers","rating":1292,"private":0,"password":""}