{"id":"gen9nationaldexubers-1989559104","p1":"hexagonereal","p2":"C0ld as Ice","format":"[Gen 9] National Dex Ubers","log":"|j|\u2606hexagonereal\n|j|\u2606C0ld as Ice\n|t:|1699871182\n|gametype|singles\n|player|p1|hexagonereal|cyrus|1641\n|player|p2|C0ld as Ice|schoolkid-gen4dp|1637\n|teamsize|p1|6\n|teamsize|p2|6\n|gen|9\n|tier|[Gen 9] National Dex Ubers\n|rated|\n|rule|HP Percentage Mod: HP is shown in percentages\n|rule|Endless Battle Clause: Forcing endless battles is banned\n|rule|OHKO Clause: OHKO moves are banned\n|rule|Evasion Moves Clause: Evasion moves are banned\n|rule|Evasion Items Clause: Evasion items are banned\n|rule|Species Clause: Limit one of each Pok\u00e9mon\n|rule|Sleep Clause Mod: Limit one foe put to sleep\n|rule|Mega Rayquaza Clause: You cannot mega evolve Rayquaza\n|clearpoke\n|poke|p1|Salamence, F|\n|poke|p1|Groudon|\n|poke|p1|Arceus-Dark|\n|poke|p1|Xerneas-*|\n|poke|p1|Ho-Oh|\n|poke|p1|Zacian-*|\n|poke|p2|Zygarde|\n|poke|p2|Necrozma-Dusk-Mane|\n|poke|p2|Arceus|\n|poke|p2|Samurott-Hisui, M|\n|poke|p2|Flutter Mane|\n|poke|p2|Marshadow|\n|teampreview\n|inactive|Battle timer is ON: inactive players will automatically lose when time's up. (requested by C0ld as Ice)\n|\n|t:|1699871197\n|start\n|switch|p1a: Notorious D.O.N|Groudon|100\/100\n|switch|p2a: Samurott|Samurott-Hisui, M, shiny|100\/100\n|detailschange|p1a: Notorious D.O.N|Groudon-Primal\n|-primal|p1a: Notorious D.O.N|Red Orb\n|-weather|DesolateLand|[from] ability: Desolate Land|[of] p1a: Notorious D.O.N\n|turn|1\n|inactive|C0ld as Ice has 120 seconds left.\n|inactive|C0ld as Ice has 90 seconds left.\n|inactive|C0ld as Ice has 60 seconds left.\n|\n|t:|1699871307\n|move|p2a: Samurott|Ceaseless Edge|p1a: Notorious D.O.N\n|-damage|p1a: Notorious D.O.N|71\/100\n|-sidestart|p1: hexagonereal|Spikes\n|move|p1a: Notorious D.O.N|Spikes|p2a: Samurott\n|-sidestart|p2: C0ld as Ice|Spikes\n|\n|-weather|DesolateLand|[upkeep]\n|upkeep\n|turn|2\n|\n|t:|1699871316\n|move|p2a: Samurott|Ceaseless Edge|p1a: Notorious D.O.N\n|-damage|p1a: Notorious D.O.N|41\/100\n|-sidestart|p1: hexagonereal|Spikes\n|move|p1a: Notorious D.O.N|Precipice Blades|p2a: Samurott\n|-enditem|p2a: Samurott|Focus Sash\n|-damage|p2a: Samurott|1\/100\n|\n|-weather|DesolateLand|[upkeep]\n|upkeep\n|turn|3\n|\n|t:|1699871325\n|move|p2a: Samurott|Ceaseless Edge|p1a: Notorious D.O.N\n|-damage|p1a: Notorious D.O.N|15\/100\n|-sidestart|p1: hexagonereal|Spikes\n|move|p1a: Notorious D.O.N|Precipice Blades|p2a: Samurott\n|-damage|p2a: Samurott|0 fnt\n|faint|p2a: Samurott\n|\n|-weather|DesolateLand|[upkeep]\n|upkeep\n|\n|t:|1699871328\n|switch|p2a: Zygarde|Zygarde|100\/100\n|-damage|p2a: Zygarde|88\/100|[from] Spikes\n|turn|4\n|\n|t:|1699871333\n|move|p2a: Zygarde|Dragon Dance|p2a: Zygarde\n|-boost|p2a: Zygarde|atk|1\n|-boost|p2a: Zygarde|spe|1\n|move|p1a: Notorious D.O.N|Will-O-Wisp|p2a: Zygarde\n|-status|p2a: Zygarde|brn\n|\n|-weather|DesolateLand|[upkeep]\n|-heal|p2a: Zygarde|94\/100 brn|[from] item: Leftovers\n|-damage|p2a: Zygarde|88\/100 brn|[from] brn\n|upkeep\n|turn|5\n|\n|t:|1699871345\n|-weather|none\n|switch|p1a: Cardi B(ird)|Ho-Oh|100\/100\n|move|p2a: Zygarde|Substitute|p2a: Zygarde\n|-start|p2a: Zygarde|Substitute\n|-damage|p2a: Zygarde|63\/100 brn\n|\n|-heal|p2a: Zygarde|69\/100 brn|[from] item: Leftovers\n|-damage|p2a: Zygarde|63\/100 brn|[from] brn\n|upkeep\n|turn|6\n|\n|t:|1699871350\n|move|p2a: Zygarde|Dragon Tail|p1a: Cardi B(ird)\n|-damage|p1a: Cardi B(ird)|83\/100\n|drag|p1a: Snoop Dog|Zacian-Crowned|100\/100\n|-damage|p1a: Snoop Dog|76\/100|[from] Spikes\n|-ability|p1a: Snoop Dog|Intrepid Sword|boost\n|-boost|p1a: Snoop Dog|atk|1\n|\n|-heal|p2a: Zygarde|69\/100 brn|[from] item: Leftovers\n|-damage|p2a: Zygarde|63\/100 brn|[from] brn\n|upkeep\n|turn|7\n|\n|t:|1699871355\n|move|p1a: Snoop Dog|Behemoth Blade|p2a: Zygarde\n|-end|p2a: Zygarde|Substitute\n|move|p2a: Zygarde|Dragon Dance|p2a: Zygarde\n|-boost|p2a: Zygarde|atk|1\n|-boost|p2a: Zygarde|spe|1\n|\n|-heal|p2a: Zygarde|69\/100 brn|[from] item: Leftovers\n|-damage|p2a: Zygarde|63\/100 brn|[from] brn\n|upkeep\n|turn|8\n|\n|t:|1699871369\n|switch|p1a: Notorious D.O.N|Groudon-Primal|15\/100\n|-damage|p1a: Notorious D.O.N|0 fnt|[from] Spikes\n|faint|p1a: Notorious D.O.N\n|move|p2a: Zygarde|Thousand Arrows|p1: Notorious D.O.N|[notarget]\n|-fail|p2a: Zygarde\n|\n|-heal|p2a: Zygarde|69\/100 brn|[from] item: Leftovers\n|-damage|p2a: Zygarde|63\/100 brn|[from] brn\n|upkeep\n|\n|t:|1699871374\n|switch|p1a: Cardi B(ird)|Ho-Oh|100\/100\n|turn|9\n|\n|t:|1699871388\n|move|p1a: Cardi B(ird)|Defog|p2a: Zygarde\n|-unboost|p2a: Zygarde|evasion|1\n|-sideend|p2: C0ld as Ice|Spikes|[from] move: Defog|[of] p1a: Cardi B(ird)\n|-sideend|p1: hexagonereal|Spikes|[from] move: Defog|[of] p1a: Cardi B(ird)\n|move|p2a: Zygarde|Dragon Tail|p1a: Cardi B(ird)\n|-damage|p1a: Cardi B(ird)|76\/100\n|drag|p1a: Drake|Salamence, F|100\/100\n|-ability|p1a: Drake|Intimidate|boost\n|-unboost|p2a: Zygarde|atk|1\n|\n|-heal|p2a: Zygarde|69\/100 brn|[from] item: Leftovers\n|-damage|p2a: Zygarde|63\/100 brn|[from] brn\n|upkeep\n|turn|10\n|\n|t:|1699871401\n|detailschange|p1a: Drake|Salamence-Mega, F\n|-mega|p1a: Drake|Salamence|Salamencite\n|move|p1a: Drake|Frustration|p2a: Zygarde\n|-damage|p2a: Zygarde|9\/100 brn\n|move|p2a: Zygarde|Dragon Tail|p1a: Drake|[miss]\n|-miss|p2a: Zygarde|p1a: Drake\n|\n|-heal|p2a: Zygarde|15\/100 brn|[from] item: Leftovers\n|-damage|p2a: Zygarde|9\/100 brn|[from] brn\n|-activate|p2a: Zygarde|ability: Power Construct\n|detailschange|p2a: Zygarde|Zygarde-Complete\n|-heal|p2a: Zygarde|43\/100 brn|[silent]\n|upkeep\n|turn|11\n|\n|t:|1699871415\n|move|p1a: Drake|Frustration|p2a: Zygarde\n|-damage|p2a: Zygarde|9\/100 brn\n|move|p2a: Zygarde|Dragon Tail|p1a: Drake\n|-supereffective|p1a: Drake\n|-damage|p1a: Drake|68\/100\n|drag|p1a: Ludarcis|Arceus-Dark|100\/100\n|\n|-heal|p2a: Zygarde|15\/100 brn|[from] item: Leftovers\n|-damage|p2a: Zygarde|9\/100 brn|[from] brn\n|upkeep\n|turn|12\n|\n|t:|1699871422\n|move|p2a: Zygarde|Thousand Arrows|p1a: Ludarcis\n|-damage|p1a: Ludarcis|86\/100\n|move|p1a: Ludarcis|Foul Play|p2a: Zygarde\n|-damage|p2a: Zygarde|0 fnt\n|faint|p2a: Zygarde\n|\n|upkeep\n|\n|t:|1699871428\n|switch|p2a: Flutter Mane|Flutter Mane, shiny|100\/100\n|-enditem|p2a: Flutter Mane|Booster Energy\n|-activate|p2a: Flutter Mane|ability: Protosynthesis|[fromitem]\n|-start|p2a: Flutter Mane|protosynthesisspe\n|turn|13\n|\n|t:|1699871435\n|move|p2a: Flutter Mane|Calm Mind|p2a: Flutter Mane\n|-boost|p2a: Flutter Mane|spa|1\n|-boost|p2a: Flutter Mane|spd|1\n|move|p1a: Ludarcis|Toxic|p2a: Flutter Mane\n|-status|p2a: Flutter Mane|tox\n|\n|-damage|p2a: Flutter Mane|94\/100 tox|[from] psn\n|upkeep\n|turn|14\n|\n|t:|1699871450\n|move|p2a: Flutter Mane|Moonblast|p1a: Ludarcis\n|-supereffective|p1a: Ludarcis\n|-damage|p1a: Ludarcis|0 fnt\n|faint|p1a: Ludarcis\n|\n|-damage|p2a: Flutter Mane|82\/100 tox|[from] psn\n|upkeep\n|\n|t:|1699871464\n|switch|p1a: Cardi B(ird)|Ho-Oh|100\/100\n|turn|15\n|\n|t:|1699871468\n|switch|p1a: Snoop Dog|Zacian-Crowned|76\/100\n|-terastallize|p2a: Flutter Mane|Electric\n|move|p2a: Flutter Mane|Thunder|p1a: Snoop Dog\n|-damage|p1a: Snoop Dog|0 fnt\n|faint|p1a: Snoop Dog\n|\n|-damage|p2a: Flutter Mane|64\/100 tox|[from] psn\n|upkeep\n|\n|t:|1699871473\n|switch|p1a: Cardi B(ird)|Ho-Oh|100\/100\n|turn|16\n|\n|t:|1699871488\n|-terastallize|p1a: Cardi B(ird)|Grass\n|move|p2a: Flutter Mane|Moonblast|p1a: Cardi B(ird)\n|-damage|p1a: Cardi B(ird)|69\/100\n|move|p1a: Cardi B(ird)|Sacred Fire|p2a: Flutter Mane\n|-damage|p2a: Flutter Mane|0 fnt\n|faint|p2a: Flutter Mane\n|-end|p2a: Flutter Mane|Protosynthesis|[silent]\n|\n|upkeep\n|\n|t:|1699871505\n|switch|p2a: Arceus|Arceus|100\/100\n|turn|17\n|\n|t:|1699871513\n|move|p2a: Arceus|Dragon Dance|p2a: Arceus\n|-boost|p2a: Arceus|atk|1\n|-boost|p2a: Arceus|spe|1\n|move|p1a: Cardi B(ird)|Sacred Fire|p2a: Arceus\n|-damage|p2a: Arceus|70\/100\n|-status|p2a: Arceus|brn\n|\n|-damage|p2a: Arceus|64\/100 brn|[from] brn\n|upkeep\n|turn|18\n|\n|t:|1699871522\n|move|p2a: Arceus|Extreme Speed|p1a: Cardi B(ird)\n|-damage|p1a: Cardi B(ird)|34\/100\n|-damage|p2a: Arceus|54\/100 brn|[from] item: Life Orb\n|move|p1a: Cardi B(ird)|Whirlwind|p2a: Arceus\n|drag|p2a: Marshadow|Marshadow|100\/100\n|\n|upkeep\n|turn|19\n|\n|t:|1699871535\n|switch|p1a: Drake|Salamence-Mega, F|68\/100\n|move|p2a: Marshadow|Poltergeist|p1a: Drake\n|-activate|p1a: Drake|move: Poltergeist|Salamencite\n|-damage|p1a: Drake|1\/100\n|-damage|p2a: Marshadow|91\/100|[from] item: Life Orb\n|\n|upkeep\n|turn|20\n|\n|t:|1699871545\n|move|p2a: Marshadow|Shadow Sneak|p1a: Drake\n|-damage|p1a: Drake|0 fnt\n|faint|p1a: Drake\n|-damage|p2a: Marshadow|81\/100|[from] item: Life Orb\n|\n|upkeep\n|\n|t:|1699871546\n|switch|p1a: Cardi B(ird)|Ho-Oh, tera:Grass|67\/100\n|turn|21\n|\n|t:|1699871559\n|switch|p2a: Arceus|Arceus|54\/100 brn\n|move|p1a: Cardi B(ird)|Sacred Fire|p2a: Arceus\n|-damage|p2a: Arceus|23\/100 brn\n|\n|-damage|p2a: Arceus|17\/100 brn|[from] brn\n|upkeep\n|turn|22\n|\n|t:|1699871564\n|move|p2a: Arceus|Extreme Speed|p1a: Cardi B(ird)\n|-damage|p1a: Cardi B(ird)|42\/100\n|-damage|p2a: Arceus|7\/100 brn|[from] item: Life Orb\n|move|p1a: Cardi B(ird)|Sacred Fire|p2a: Arceus\n|-damage|p2a: Arceus|0 fnt\n|faint|p2a: Arceus\n|\n|upkeep\n|\n|t:|1699871574\n|switch|p2a: Necrozma|Necrozma-Dusk-Mane, shiny|100\/100\n|turn|23\n|\n|t:|1699871580\n|move|p2a: Necrozma|Photon Geyser|p1a: Cardi B(ird)\n|-damage|p1a: Cardi B(ird)|0 fnt\n|faint|p1a: Cardi B(ird)\n|\n|upkeep\n|\n|t:|1699871583\n|switch|p1a: Lil Neas X|Xerneas|100\/100\n|-ability|p1a: Lil Neas X|Fairy Aura\n|turn|24\n|\n|t:|1699871590\n|move|p1a: Lil Neas X|Geomancy||[still]\n|-prepare|p1a: Lil Neas X|Geomancy\n|-enditem|p1a: Lil Neas X|Power Herb\n|-anim|p1a: Lil Neas X|Geomancy|p1a: Lil Neas X\n|-boost|p1a: Lil Neas X|spa|2\n|-boost|p1a: Lil Neas X|spd|2\n|-boost|p1a: Lil Neas X|spe|2\n|-zpower|p2a: Necrozma\n|move|p2a: Necrozma|Searing Sunraze Smash|p1a: Lil Neas X|[zeffect]\n|-supereffective|p1a: Lil Neas X\n|-damage|p1a: Lil Neas X|0 fnt\n|faint|p1a: Lil Neas X\n|\n|win|C0ld as Ice\n|raw|hexagonereal's rating: 1641 &rarr; <strong>1620<\/strong><br \/>(-21 for losing)\n|raw|C0ld as Ice's rating: 1621 &rarr; <strong>1642<\/strong><br \/>(+21 for winning)\n|l|\u2606hexagonereal\n","uploadtime":1699871673,"views":4,"p1id":"hexagonereal","p2id":"c0ldasice","formatid":"gen9nationaldexubers","rating":1620,"private":0,"password":""}