{"id":"gen9nationaldexubers-1997099308","p1":"Neosouls","p2":"Nosaka Dresseur","format":"[Gen 9] National Dex Ubers","log":"|j|\u2606Neosouls\n|j|\u2606Nosaka Dresseur\n|t:|1700764423\n|gametype|singles\n|player|p1|Neosouls|marlon|\n|player|p2|Nosaka Dresseur|lucas-gen4pt|\n|teamsize|p1|3\n|teamsize|p2|3\n|gen|9\n|tier|[Gen 9] National Dex Ubers\n|rule|HP Percentage Mod: HP is shown in percentages\n|rule|Endless Battle Clause: Forcing endless battles is banned\n|rule|OHKO Clause: OHKO moves are banned\n|rule|Evasion Moves Clause: Evasion moves are banned\n|rule|Evasion Items Clause: Evasion items are banned\n|rule|Species Clause: Limit one of each Pok\u00e9mon\n|rule|Sleep Clause Mod: Limit one foe put to sleep\n|rule|Mega Rayquaza Clause: You cannot mega evolve Rayquaza\n|clearpoke\n|poke|p1|Pinsir, L30, M|\n|poke|p1|Electrode-Hisui, L27|\n|poke|p1|Centiskorch, L29, M|\n|poke|p2|Frogadier, L30, M|\n|poke|p2|Darmanitan-Galar, L30, F|\n|poke|p2|Fletchinder, L30, M|\n|teampreview\n|\n|t:|1700764432\n|start\n|switch|p1a: Electrode|Electrode-Hisui, L27|100\/100\n|switch|p2a: Frogadier|Frogadier, L30, M|100\/100\n|turn|1\n|\n|t:|1700764441\n|switch|p2a: Darmanitan|Darmanitan-Galar, L30, F|100\/100\n|move|p1a: Electrode|Leech Seed|p2a: Darmanitan|[miss]\n|-miss|p1a: Electrode|p2a: Darmanitan\n|\n|upkeep\n|turn|2\n|\n|t:|1700764451\n|move|p1a: Electrode|Thunderbolt|p2a: Darmanitan\n|-damage|p2a: Darmanitan|57\/100\n|move|p2a: Darmanitan|Ice Punch|p1a: Electrode\n|-supereffective|p1a: Electrode\n|-damage|p1a: Electrode|0 fnt\n|faint|p1a: Electrode\n|\n|upkeep\n|\n|t:|1700764462\n|switch|p1a: Pinsir|Pinsir, L30, M|100\/100\n|turn|3\n|\n|t:|1700764466\n|move|p1a: Pinsir|Close Combat|p2a: Darmanitan\n|-supereffective|p2a: Darmanitan\n|-damage|p2a: Darmanitan|0 fnt\n|-unboost|p1a: Pinsir|def|1\n|-unboost|p1a: Pinsir|spd|1\n|faint|p2a: Darmanitan\n|-ability|p1a: Pinsir|Moxie|boost\n|-boost|p1a: Pinsir|atk|1\n|\n|upkeep\n|\n|t:|1700764476\n|switch|p2a: Fletchinder|Fletchinder, L30, M|100\/100\n|turn|4\n|\n|t:|1700764484\n|move|p1a: Pinsir|Quick Attack|p2a: Fletchinder\n|-damage|p2a: Fletchinder|56\/100\n|move|p2a: Fletchinder|Acrobatics|p1a: Pinsir\n|-supereffective|p1a: Pinsir\n|-damage|p1a: Pinsir|0 fnt\n|faint|p1a: Pinsir\n|\n|upkeep\n|\n|t:|1700764492\n|switch|p1a: Centiskorch|Centiskorch, L29, M|100\/100\n|turn|5\n|\n|t:|1700764503\n|move|p2a: Fletchinder|Acrobatics|p1a: Centiskorch\n|-supereffective|p1a: Centiskorch\n|-damage|p1a: Centiskorch|42\/100\n|move|p1a: Centiskorch|Bite|p2a: Fletchinder\n|-damage|p2a: Fletchinder|25\/100\n|\n|upkeep\n|turn|6\n|\n|t:|1700764517\n|move|p2a: Fletchinder|Acrobatics|p1a: Centiskorch\n|-supereffective|p1a: Centiskorch\n|-damage|p1a: Centiskorch|0 fnt\n|faint|p1a: Centiskorch\n|\n|win|Nosaka Dresseur\n|l|\u2606Neosouls\n","uploadtime":1700764528,"views":4,"p1id":"neosouls","p2id":"nosakadresseur","formatid":"gen9nationaldexubers","rating":0,"private":0,"password":""}