{"id":"gen9nationaldexubers-1979587532","p1":"VoIteon","p2":"pawket","format":"[Gen 9] National Dex Ubers","log":"|j|\u2606VoIteon\n|j|\u2606pawket\n|t:|1698694564\n|gametype|singles\n|player|p1|VoIteon|valerie|\n|player|p2|pawket|bugcatcher-gen4dp|\n|teamsize|p1|6\n|teamsize|p2|6\n|gen|9\n|tier|[Gen 9] National Dex Ubers\n|rule|HP Percentage Mod: HP is shown in percentages\n|rule|Endless Battle Clause: Forcing endless battles is banned\n|rule|OHKO Clause: OHKO moves are banned\n|rule|Evasion Moves Clause: Evasion moves are banned\n|rule|Evasion Items Clause: Evasion items are banned\n|rule|Species Clause: Limit one of each Pok\u00e9mon\n|rule|Sleep Clause Mod: Limit one foe put to sleep\n|rule|Mega Rayquaza Clause: You cannot mega evolve Rayquaza\n|clearpoke\n|poke|p1|Meowscarada, M|\n|poke|p1|Mawile, F|\n|poke|p1|Clodsire, F|\n|poke|p1|Vaporeon, M|\n|poke|p1|Zamazenta-*|\n|poke|p1|Lurantis, M|\n|poke|p2|Hatterene, F|\n|poke|p2|Ursaluna-Bloodmoon, M|\n|poke|p2|Glastrier|\n|poke|p2|Volcarona, F|\n|poke|p2|Grimmsnarl, M|\n|poke|p2|Snorlax, M|\n|teampreview\n|j| Smackey_5\n|j| Lunar Sloth\n|c|\u2606pawket|:)\n|j| DinsFire01\n|c|\u2606pawket|glhf\n|c| Smackey_5|:3\n|c| Lunar Sloth|:P\n|c|\u2606VoIteon|glhf\n|c| DinsFire01|Shaving my legs to some good ass pokemon\n|\n|t:|1698694624\n|start\n|switch|p1a: Mawile|Mawile, F|100\/100\n|switch|p2a: Grimmsnarl|Grimmsnarl, M|100\/100\n|-ability|p1a: Mawile|Intimidate|boost\n|-unboost|p2a: Grimmsnarl|atk|1\n|turn|1\n|\n|t:|1698694637\n|detailschange|p1a: Mawile|Mawile-Mega, F\n|-mega|p1a: Mawile|Mawile|Mawilite\n|move|p2a: Grimmsnarl|Reflect|p2a: Grimmsnarl\n|-sidestart|p2: pawket|Reflect\n|move|p1a: Mawile|Play Rough|p2a: Grimmsnarl\n|-supereffective|p2a: Grimmsnarl\n|-damage|p2a: Grimmsnarl|1\/100\n|\n|upkeep\n|turn|2\n|\n|t:|1698694645\n|move|p2a: Grimmsnarl|Parting Shot|p1a: Mawile\n|-unboost|p1a: Mawile|atk|1\n|-unboost|p1a: Mawile|spa|1\n|c| DinsFire01|Holy\n|\n|t:|1698694650\n|switch|p2a: Volcarona|Volcarona, F|100\/100|[from] Parting Shot\n|move|p1a: Mawile|Play Rough|p2a: Volcarona\n|-resisted|p2a: Volcarona\n|-damage|p2a: Volcarona|88\/100\n|\n|upkeep\n|turn|3\n|c|\u2606pawket|spec'd for that\n|c| Smackey_5|not a bad start for pawk honestly..\n|c|\u2606pawket|(I absolutely did not)\n|\n|t:|1698694685\n|switch|p1a: Clodsire|Clodsire, F|100\/100\n|move|p2a: Volcarona|Quiver Dance|p2a: Volcarona\n|-boost|p2a: Volcarona|spa|1\n|-boost|p2a: Volcarona|spd|1\n|-boost|p2a: Volcarona|spe|1\n|\n|upkeep\n|turn|4\n|c| Lunar Sloth|clod\n|\n|t:|1698694705\n|switch|p2a: Hatterene|Hatterene, F|100\/100\n|-terastallize|p1a: Clodsire|Flying\n|move|p1a: Clodsire|Toxic|p2a: Hatterene\n|move|p2a: Hatterene|Toxic|p1a: Clodsire|[from]ability: Magic Bounce\n|-status|p1a: Clodsire|tox\n|\n|-damage|p1a: Clodsire|94\/100 tox|[from] psn\n|upkeep\n|turn|5\n|c|\u2606VoIteon|welp\n|c| Lunar Sloth|LOL\n|c| Smackey_5|OH\n|c|\u2606pawket|:3\n|c| Smackey_5|the things you see in draft\n|\n|t:|1698694737\n|switch|p1a: Lurantis|Lurantis, M, shiny|100\/100\n|move|p2a: Hatterene|Trick Room|p2a: Hatterene\n|-fieldstart|move: Trick Room|[of] p2a: Hatterene\n|\n|upkeep\n|turn|6\n|\n|t:|1698694744\n|move|p1a: Lurantis|Leaf Storm|p2a: Hatterene\n|-damage|p2a: Hatterene|45\/100\n|-boost|p1a: Lurantis|spa|2\n|move|p2a: Hatterene|Misty Explosion|p1a: Lurantis\n|-damage|p1a: Lurantis|34\/100\n|faint|p2a: Hatterene\n|\n|upkeep\n|\n|t:|1698694752\n|switch|p2a: Glastrier|Glastrier|100\/100\n|turn|7\n|\n|t:|1698694759\n|move|p1a: Lurantis|Leaf Storm|p2a: Glastrier\n|-damage|p2a: Glastrier|14\/100\n|-boost|p1a: Lurantis|spa|2\n|move|p2a: Glastrier|Icicle Crash|p1a: Lurantis\n|-supereffective|p1a: Lurantis\n|-crit|p1a: Lurantis\n|-damage|p1a: Lurantis|0 fnt\n|faint|p1a: Lurantis\n|-ability|p2a: Glastrier|Chilling Neigh|boost\n|-boost|p2a: Glastrier|atk|1\n|\n|upkeep\n|c| Smackey_5|good chip\n|c|\u2606pawket|dang\n|\n|t:|1698694779\n|switch|p1a: Zamazenta|Zamazenta|100\/100\n|-ability|p1a: Zamazenta|Dauntless Shield|boost\n|-boost|p1a: Zamazenta|def|1\n|turn|8\n|c|\u2606pawket|\"chip\"\n|c|\u2606pawket|crying\n|\n|t:|1698694792\n|move|p2a: Glastrier|High Horsepower|p1a: Zamazenta\n|-damage|p1a: Zamazenta|75\/100\n|move|p1a: Zamazenta|Body Press|p2a: Glastrier\n|-supereffective|p2a: Glastrier\n|-damage|p2a: Glastrier|0 fnt\n|faint|p2a: Glastrier\n|\n|-heal|p1a: Zamazenta|81\/100|[from] item: Leftovers\n|-sideend|p2: pawket|Reflect\n|upkeep\n|\n|t:|1698694806\n|switch|p2a: Ursaluna|Ursaluna-Bloodmoon, M|100\/100\n|turn|9\n|\n|t:|1698694821\n|switch|p1a: Clodsire|Clodsire, F, tera:Flying|94\/100 tox\n|move|p2a: Ursaluna|Blood Moon|p1a: Clodsire\n|-damage|p1a: Clodsire|34\/100 tox\n|-damage|p2a: Ursaluna|91\/100|[from] item: Life Orb\n|\n|-heal|p1a: Clodsire|40\/100 tox|[from] item: Leftovers\n|-damage|p1a: Clodsire|34\/100 tox|[from] psn\n|-fieldend|move: Trick Room\n|upkeep\n|turn|10\n|\n|t:|1698694834\n|move|p2a: Ursaluna|Taunt|p1a: Clodsire\n|-start|p1a: Clodsire|move: Taunt\n|cant|p1a: Clodsire|move: Taunt|Recover\n|\n|-heal|p1a: Clodsire|40\/100 tox|[from] item: Leftovers\n|-damage|p1a: Clodsire|27\/100 tox|[from] psn\n|upkeep\n|turn|11\n|c|\u2606VoIteon|it gets taunt it is so over\n|c|\u2606pawket|who knew\n|c| Smackey_5|so much taunts this draft\n|\n|t:|1698694863\n|switch|p1a: Vaporeon|Vaporeon, M|100\/100\n|move|p2a: Ursaluna|Blood Moon|p1a: Vaporeon\n|-damage|p1a: Vaporeon|25\/100\n|-damage|p2a: Ursaluna|81\/100|[from] item: Life Orb\n|\n|-heal|p1a: Vaporeon|31\/100|[from] item: Leftovers\n|upkeep\n|turn|12\n|\n|t:|1698694878\n|switch|p2a: Snorlax|Snorlax, M|100\/100\n|move|p1a: Vaporeon|Scald|p2a: Snorlax\n|-damage|p2a: Snorlax|89\/100\n|\n|-heal|p1a: Vaporeon|37\/100|[from] item: Leftovers\n|upkeep\n|turn|13\n|c| Smackey_5|balanced\n|\n|t:|1698694897\n|switch|p1a: Zamazenta|Zamazenta|81\/100\n|move|p2a: Snorlax|Body Slam|p1a: Zamazenta\n|-damage|p1a: Zamazenta|58\/100\n|\n|-heal|p1a: Zamazenta|64\/100|[from] item: Leftovers\n|upkeep\n|turn|14\n|\n|t:|1698694913\n|move|p1a: Zamazenta|Iron Defense|p1a: Zamazenta\n|-boost|p1a: Zamazenta|def|2\n|move|p2a: Snorlax|Earthquake|p1a: Zamazenta\n|-damage|p1a: Zamazenta|55\/100\n|\n|-heal|p1a: Zamazenta|61\/100|[from] item: Leftovers\n|upkeep\n|turn|15\n|\n|t:|1698694923\n|move|p1a: Zamazenta|Body Press|p2a: Snorlax\n|-supereffective|p2a: Snorlax\n|-damage|p2a: Snorlax|0 fnt\n|faint|p2a: Snorlax\n|\n|-heal|p1a: Zamazenta|67\/100|[from] item: Leftovers\n|upkeep\n|\n|t:|1698694929\n|switch|p2a: Grimmsnarl|Grimmsnarl, M|1\/100\n|turn|16\n|\n|t:|1698694936\n|move|p2a: Grimmsnarl|Reflect|p2a: Grimmsnarl\n|-sidestart|p2: pawket|Reflect\n|move|p1a: Zamazenta|Body Press|p2a: Grimmsnarl\n|-damage|p2a: Grimmsnarl|0 fnt\n|faint|p2a: Grimmsnarl\n|\n|-heal|p1a: Zamazenta|73\/100|[from] item: Leftovers\n|upkeep\n|\n|t:|1698694943\n|switch|p2a: Volcarona|Volcarona, F|88\/100\n|turn|17\n|\n|t:|1698694957\n|switch|p1a: Clodsire|Clodsire, F, tera:Flying|27\/100 tox\n|switch|p2a: Ursaluna|Ursaluna-Bloodmoon, M|81\/100\n|\n|-heal|p1a: Clodsire|34\/100 tox|[from] item: Leftovers\n|-damage|p1a: Clodsire|27\/100 tox|[from] psn\n|upkeep\n|turn|18\n|\n|t:|1698694969\n|switch|p1a: Vaporeon|Vaporeon, M|37\/100\n|move|p2a: Ursaluna|Taunt|p1a: Vaporeon\n|-start|p1a: Vaporeon|move: Taunt\n|\n|-heal|p1a: Vaporeon|43\/100|[from] item: Leftovers\n|upkeep\n|turn|19\n|\n|t:|1698694988\n|-terastallize|p2a: Ursaluna|Ghost\n|move|p1a: Vaporeon|Scald|p2a: Ursaluna\n|-damage|p2a: Ursaluna|48\/100\n|-status|p2a: Ursaluna|brn\n|move|p2a: Ursaluna|Blood Moon|p1a: Vaporeon\n|-damage|p1a: Vaporeon|0 fnt\n|faint|p1a: Vaporeon\n|-damage|p2a: Ursaluna|38\/100 brn|[from] item: Life Orb\n|\n|-damage|p2a: Ursaluna|32\/100 brn|[from] brn\n|upkeep\n|c|\u2606pawket|oh lawd\n|c| DinsFire01|Let\u2019s go scald wooooo\n|\n|t:|1698695008\n|switch|p1a: Meowscarada|Meowscarada, M|100\/100\n|turn|20\n|\n|t:|1698695017\n|move|p1a: Meowscarada|Knock Off|p2a: Ursaluna\n|-start|p1a: Meowscarada|typechange|Dark|[from] ability: Protean\n|-supereffective|p2a: Ursaluna\n|-damage|p2a: Ursaluna|0 fnt\n|-enditem|p2a: Ursaluna|Life Orb|[from] move: Knock Off|[of] p1a: Meowscarada\n|faint|p2a: Ursaluna\n|-damage|p1a: Meowscarada|91\/100|[from] item: Life Orb\n|\n|upkeep\n|c| Lunar Sloth|hmmmm\n|\n|t:|1698695025\n|switch|p2a: Volcarona|Volcarona, F|88\/100\n|turn|21\n|\n|t:|1698695030\n|move|p1a: Meowscarada|Power Gem|p2a: Volcarona\n|-supereffective|p2a: Volcarona\n|-damage|p2a: Volcarona|16\/100\n|-damage|p1a: Meowscarada|81\/100|[from] item: Life Orb\n|move|p2a: Volcarona|Quiver Dance|p2a: Volcarona\n|-boost|p2a: Volcarona|spa|1\n|-boost|p2a: Volcarona|spd|1\n|-boost|p2a: Volcarona|spe|1\n|\n|upkeep\n|turn|22\n|c| Lunar Sloth|POWER GEM?????\n|\n|t:|1698695041\n|move|p2a: Volcarona|Fiery Dance|p1a: Meowscarada\n|-damage|p1a: Meowscarada|0 fnt\n|faint|p1a: Meowscarada\n|\n|upkeep\n|c| Lunar Sloth|WHY DOES THAT GET POWER GEM\n|c| Smackey_5|that cat gets everything..\n|c|\u2606pawket|lol wack\n|\n|t:|1698695056\n|switch|p1a: Clodsire|Clodsire, F, tera:Flying|27\/100 tox\n|turn|23\n|\n|t:|1698695064\n|move|p2a: Volcarona|Fiery Dance|p1a: Clodsire\n|-damage|p1a: Clodsire|10\/100 tox\n|-boost|p2a: Volcarona|spa|1\n|move|p1a: Clodsire|Toxic|p2a: Volcarona\n|-status|p2a: Volcarona|tox\n|\n|-heal|p1a: Clodsire|16\/100 tox|[from] item: Leftovers\n|-damage|p2a: Volcarona|10\/100 tox|[from] psn\n|-damage|p1a: Clodsire|10\/100 tox|[from] psn\n|-sideend|p2: pawket|Reflect\n|upkeep\n|turn|24\n|\n|t:|1698695074\n|move|p1a: Clodsire|Protect|p1a: Clodsire\n|-singleturn|p1a: Clodsire|Protect\n|move|p2a: Volcarona|Fiery Dance|p1a: Clodsire\n|-activate|p1a: Clodsire|move: Protect\n|\n|-heal|p1a: Clodsire|16\/100 tox|[from] item: Leftovers\n|-damage|p2a: Volcarona|0 fnt|[from] psn\n|faint|p2a: Volcarona\n|\n|win|VoIteon\n|upkeep\n|c|\u2606pawket|gg\n|j| ZBFusion\n|c|\u2606VoIteon|gg\n|c| Smackey_5|lamo cody\n|l| DinsFire01\n|c| Lunar Sloth|of course tron stalls again\n|c|\u2606VoIteon|the power gem is crazy tho\n|c|\u2606pawket|truly\n|c| Smackey_5|stall player\n|c|\u2606pawket|^\n","uploadtime":1698695102,"views":12,"p1id":"voiteon","p2id":"pawket","formatid":"gen9nationaldexubers","rating":0,"private":0,"password":""}