{"id":"gen9nationaldexubers-1996128735","p1":"XX_1nfinity_XX","p2":"AlolanSandslashOU","format":"[Gen 9] National Dex Ubers","log":"|j|\u2606XX_1nfinity_XX\n|j|\u2606AlolanSandslashOU\n|t:|1700648516\n|gametype|singles\n|player|p1|XX_1nfinity_XX|steven|\n|player|p2|AlolanSandslashOU|volkner|\n|teamsize|p1|6\n|teamsize|p2|6\n|gen|9\n|tier|[Gen 9] National Dex Ubers\n|rule|HP Percentage Mod: HP is shown in percentages\n|rule|Endless Battle Clause: Forcing endless battles is banned\n|rule|OHKO Clause: OHKO moves are banned\n|rule|Evasion Moves Clause: Evasion moves are banned\n|rule|Evasion Items Clause: Evasion items are banned\n|rule|Species Clause: Limit one of each Pok\u00e9mon\n|rule|Sleep Clause Mod: Limit one foe put to sleep\n|rule|Mega Rayquaza Clause: You cannot mega evolve Rayquaza\n|clearpoke\n|poke|p1|Swampert, M|\n|poke|p1|Blaziken, F|\n|poke|p1|Empoleon, M|\n|poke|p1|Meowscarada, F|\n|poke|p1|Cinderace, M|\n|poke|p1|Rillaboom, F|\n|poke|p2|Chien-Pao|\n|poke|p2|Ting-Lu|\n|poke|p2|Greninja-*, F|\n|poke|p2|Meowscarada, M|\n|poke|p2|Urshifu-*, M|\n|poke|p2|Annihilape, M|\n|teampreview\n|inactive|Battle timer is ON: inactive players will automatically lose when time's up. (requested by XX_1nfinity_XX)\n|c|\u2606AlolanSandslashOU|what happened to the LC team\n|c|\u2606AlolanSandslashOU|No success?\n|c|\u2606XX_1nfinity_XX|uhh changed\n|c|\u2606XX_1nfinity_XX|yep\n|inactive|XX_1nfinity_XX has 270 seconds left.\n|inactive|AlolanSandslashOU has 270 seconds left.\n|c|\u2606AlolanSandslashOU|I\u2019m sorry for your failure\n|\n|t:|1700648564\n|start\n|switch|p1a: Rillaboom|Rillaboom, F|100\/100\n|switch|p2a: Annihilape|Annihilape, M|100\/100\n|-fieldstart|move: Grassy Terrain|[from] ability: Grassy Surge|[of] p1a: Rillaboom\n|turn|1\n|\n|t:|1700648578\n|move|p1a: Rillaboom|U-turn|p2a: Annihilape\n|-resisted|p2a: Annihilape\n|-damage|p2a: Annihilape|95\/100\n|\n|t:|1700648580\n|switch|p1a: Swampert|Swampert, M|100\/100|[from] U-turn\n|move|p2a: Annihilape|Bulk Up|p2a: Annihilape\n|-boost|p2a: Annihilape|atk|1\n|-boost|p2a: Annihilape|def|1\n|\n|-heal|p2a: Annihilape|100\/100|[from] Grassy Terrain\n|upkeep\n|turn|2\n|\n|t:|1700648585\n|detailschange|p1a: Swampert|Swampert-Mega, M\n|-mega|p1a: Swampert|Swampert|Swampertite\n|move|p2a: Annihilape|Bulk Up|p2a: Annihilape\n|-boost|p2a: Annihilape|atk|1\n|-boost|p2a: Annihilape|def|1\n|move|p1a: Swampert|Toxic|p2a: Annihilape\n|-status|p2a: Annihilape|tox\n|\n|-damage|p2a: Annihilape|94\/100 tox|[from] psn\n|upkeep\n|turn|3\n|\n|t:|1700648591\n|move|p2a: Annihilape|Bulk Up|p2a: Annihilape\n|-boost|p2a: Annihilape|atk|1\n|-boost|p2a: Annihilape|def|1\n|move|p1a: Swampert|Roar|p2a: Annihilape\n|drag|p2a: Chien-Pao|Chien-Pao|100\/100\n|-ability|p2a: Chien-Pao|Sword of Ruin\n|\n|upkeep\n|turn|4\n|c|\u2606AlolanSandslashOU|Wtf\n|c|\u2606XX_1nfinity_XX|funny swampert\n|c|\u2606AlolanSandslashOU|roar megapert\n|\n|t:|1700648605\n|move|p2a: Chien-Pao|Ice Spinner|p1a: Swampert\n|-damage|p1a: Swampert|38\/100\n|-fieldend|move: Grassy Terrain\n|move|p1a: Swampert|Stealth Rock|p2a: Chien-Pao\n|-sidestart|p2: AlolanSandslashOU|move: Stealth Rock\n|\n|upkeep\n|turn|5\n|\n|t:|1700648609\n|move|p2a: Chien-Pao|Ice Spinner|p1a: Swampert\n|-damage|p1a: Swampert|0 fnt\n|faint|p1a: Swampert\n|\n|upkeep\n|c|\u2606XX_1nfinity_XX|what do you think i will use without rain\n|c|\u2606XX_1nfinity_XX|?\n|\n|t:|1700648622\n|switch|p1a: Empoleon|Empoleon, M|100\/100\n|turn|6\n|\n|t:|1700648625\n|switch|p2a: Annihilape|Annihilape, M|94\/100 tox\n|-damage|p2a: Annihilape|88\/100 tox|[from] Stealth Rock\n|move|p1a: Empoleon|Knock Off|p2a: Annihilape\n|-damage|p2a: Annihilape|72\/100 tox\n|-enditem|p2a: Annihilape|Leftovers|[from] move: Knock Off|[of] p1a: Empoleon\n|\n|-damage|p2a: Annihilape|66\/100 tox|[from] psn\n|upkeep\n|turn|7\n|\n|t:|1700648631\n|-terastallize|p1a: Empoleon|Flying\n|move|p2a: Annihilape|Bulk Up|p2a: Annihilape\n|-boost|p2a: Annihilape|atk|1\n|-boost|p2a: Annihilape|def|1\n|move|p1a: Empoleon|Scald|p2a: Annihilape\n|-damage|p2a: Annihilape|48\/100 tox\n|\n|-damage|p2a: Annihilape|36\/100 tox|[from] psn\n|upkeep\n|turn|8\n|\n|t:|1700648636\n|move|p2a: Annihilape|Rage Fist|p1a: Empoleon\n|-crit|p1a: Empoleon\n|-damage|p1a: Empoleon|0 fnt\n|faint|p1a: Empoleon\n|\n|-damage|p2a: Annihilape|17\/100 tox|[from] psn\n|upkeep\n|c|\u2606XX_1nfinity_XX|man\n|\n|t:|1700648642\n|switch|p1a: Blaziken|Blaziken, F|100\/100\n|turn|9\n|\n|t:|1700648645\n|move|p1a: Blaziken|Protect|p1a: Blaziken\n|-singleturn|p1a: Blaziken|Protect\n|move|p2a: Annihilape|Drain Punch|p1a: Blaziken\n|-activate|p1a: Blaziken|move: Protect\n|\n|-damage|p2a: Annihilape|0 fnt|[from] psn\n|faint|p2a: Annihilape\n|-ability|p1a: Blaziken|Speed Boost|boost\n|-boost|p1a: Blaziken|spe|1\n|upkeep\n|\n|t:|1700648651\n|switch|p2a: Ting-Lu|Ting-Lu|100\/100\n|-damage|p2a: Ting-Lu|94\/100|[from] Stealth Rock\n|-ability|p2a: Ting-Lu|Vessel of Ruin\n|turn|10\n|\n|t:|1700648655\n|move|p1a: Blaziken|Close Combat|p2a: Ting-Lu\n|-supereffective|p2a: Ting-Lu\n|-damage|p2a: Ting-Lu|23\/100\n|-unboost|p1a: Blaziken|def|1\n|-unboost|p1a: Blaziken|spd|1\n|move|p2a: Ting-Lu|Whirlwind|p1a: Blaziken\n|drag|p1a: Meowscarada|Meowscarada, F|100\/100\n|\n|-heal|p2a: Ting-Lu|29\/100|[from] item: Leftovers\n|upkeep\n|turn|11\n|\n|t:|1700648660\n|move|p1a: Meowscarada|Flower Trick|p2a: Ting-Lu\n|-start|p1a: Meowscarada|typechange|Grass|[from] ability: Protean\n|-supereffective|p2a: Ting-Lu\n|-crit|p2a: Ting-Lu\n|-damage|p2a: Ting-Lu|0 fnt\n|faint|p2a: Ting-Lu\n|\n|upkeep\n|\n|t:|1700648662\n|switch|p2a: Chien-Pao|Chien-Pao|100\/100\n|-damage|p2a: Chien-Pao|76\/100|[from] Stealth Rock\n|-ability|p2a: Chien-Pao|Sword of Ruin\n|turn|12\n|\n|t:|1700648669\n|switch|p1a: Cinderace|Cinderace, M|100\/100\n|move|p2a: Chien-Pao|Ice Spinner|p1a: Cinderace\n|-resisted|p1a: Cinderace\n|-damage|p1a: Cinderace|43\/100\n|\n|upkeep\n|turn|13\n|\n|t:|1700648674\n|move|p2a: Chien-Pao|Ice Spinner|p1a: Cinderace\n|-resisted|p1a: Cinderace\n|-damage|p1a: Cinderace|0 fnt\n|faint|p1a: Cinderace\n|\n|upkeep\n|\n|t:|1700648676\n|switch|p1a: Blaziken|Blaziken, F|100\/100\n|turn|14\n|\n|t:|1700648680\n|switch|p2a: Urshifu|Urshifu, M|100\/100\n|-damage|p2a: Urshifu|94\/100|[from] Stealth Rock\n|move|p1a: Blaziken|Swords Dance|p1a: Blaziken\n|-boost|p1a: Blaziken|atk|2\n|\n|-ability|p1a: Blaziken|Speed Boost|boost\n|-boost|p1a: Blaziken|spe|1\n|upkeep\n|turn|15\n|\n|t:|1700648687\n|move|p1a: Blaziken|Close Combat|p2a: Urshifu\n|-supereffective|p2a: Urshifu\n|-crit|p2a: Urshifu\n|-damage|p2a: Urshifu|0 fnt\n|-unboost|p1a: Blaziken|def|1\n|-unboost|p1a: Blaziken|spd|1\n|faint|p2a: Urshifu\n|\n|-ability|p1a: Blaziken|Speed Boost|boost\n|-boost|p1a: Blaziken|spe|1\n|upkeep\n|c|\u2606XX_1nfinity_XX|haha\n|\n|t:|1700648690\n|switch|p2a: Greninja|Greninja, F|100\/100\n|-damage|p2a: Greninja|88\/100|[from] Stealth Rock\n|turn|16\n|\n|t:|1700648693\n|switch|p1a: Rillaboom|Rillaboom, F|100\/100\n|-fieldstart|move: Grassy Terrain|[from] ability: Grassy Surge|[of] p1a: Rillaboom\n|move|p2a: Greninja|Water Shuriken|p1a: Rillaboom\n|-start|p2a: Greninja|typechange|Water|[from] ability: Protean\n|-resisted|p1a: Rillaboom\n|-damage|p1a: Rillaboom|94\/100\n|-resisted|p1a: Rillaboom\n|-damage|p1a: Rillaboom|87\/100\n|-resisted|p1a: Rillaboom\n|-damage|p1a: Rillaboom|80\/100\n|-resisted|p1a: Rillaboom\n|-damage|p1a: Rillaboom|73\/100\n|-hitcount|p1a: Rillaboom|4\n|\n|-heal|p2a: Greninja|94\/100|[from] Grassy Terrain\n|-heal|p1a: Rillaboom|79\/100|[from] Grassy Terrain\n|upkeep\n|turn|17\n|\n|t:|1700648698\n|switch|p2a: Meowscarada|Meowscarada, M|100\/100\n|-damage|p2a: Meowscarada|88\/100|[from] Stealth Rock\n|move|p1a: Rillaboom|Grassy Glide|p2a: Meowscarada\n|-resisted|p2a: Meowscarada\n|-damage|p2a: Meowscarada|59\/100\n|\n|-heal|p2a: Meowscarada|65\/100|[from] Grassy Terrain\n|-heal|p1a: Rillaboom|85\/100|[from] Grassy Terrain\n|upkeep\n|turn|18\n|\n|t:|1700648701\n|switch|p1a: Meowscarada|Meowscarada, F|100\/100\n|move|p2a: Meowscarada|U-turn|p1a: Meowscarada\n|-start|p2a: Meowscarada|typechange|Bug|[from] ability: Protean\n|-supereffective|p1a: Meowscarada\n|-damage|p1a: Meowscarada|0 fnt\n|faint|p1a: Meowscarada\n|\n|t:|1700648709\n|switch|p2a: Chien-Pao|Chien-Pao|76\/100|[from] U-turn\n|-damage|p2a: Chien-Pao|51\/100|[from] Stealth Rock\n|-ability|p2a: Chien-Pao|Sword of Ruin\n|\n|-heal|p2a: Chien-Pao|57\/100|[from] Grassy Terrain\n|upkeep\n|\n|t:|1700648718\n|switch|p1a: Rillaboom|Rillaboom, F|85\/100\n|turn|19\n|c|\u2606XX_1nfinity_XX|frick misclick\n|\n|t:|1700648738\n|switch|p1a: Blaziken|Blaziken, F|100\/100\n|move|p2a: Chien-Pao|Ice Spinner|p1a: Blaziken\n|-resisted|p1a: Blaziken\n|-damage|p1a: Blaziken|41\/100\n|-fieldend|move: Grassy Terrain\n|\n|upkeep\n|turn|20\n|\n|t:|1700648743\n|move|p1a: Blaziken|Protect|p1a: Blaziken\n|-singleturn|p1a: Blaziken|Protect\n|move|p2a: Chien-Pao|Ice Spinner|p1a: Blaziken\n|-activate|p1a: Blaziken|move: Protect\n|\n|-ability|p1a: Blaziken|Speed Boost|boost\n|-boost|p1a: Blaziken|spe|1\n|upkeep\n|turn|21\n|\n|t:|1700648749\n|switch|p2a: Meowscarada|Meowscarada, M|65\/100\n|-damage|p2a: Meowscarada|53\/100|[from] Stealth Rock\n|move|p1a: Blaziken|Flare Blitz|p2a: Meowscarada\n|-supereffective|p2a: Meowscarada\n|-damage|p2a: Meowscarada|0 fnt\n|faint|p2a: Meowscarada\n|-damage|p1a: Blaziken|24\/100|[from] Recoil\n|\n|-ability|p1a: Blaziken|Speed Boost|boost\n|-boost|p1a: Blaziken|spe|1\n|upkeep\n|\n|t:|1700648751\n|switch|p2a: Greninja|Greninja, F|94\/100\n|-damage|p2a: Greninja|82\/100|[from] Stealth Rock\n|turn|22\n|\n|t:|1700648757\n|move|p1a: Blaziken|Protect|p1a: Blaziken\n|-singleturn|p1a: Blaziken|Protect\n|move|p2a: Greninja|Water Shuriken|p1a: Blaziken\n|-start|p2a: Greninja|typechange|Water|[from] ability: Protean\n|-activate|p1a: Blaziken|move: Protect\n|\n|-ability|p1a: Blaziken|Speed Boost|boost\n|-boost|p1a: Blaziken|spe|1\n|upkeep\n|turn|23\n|\n|t:|1700648760\n|switch|p1a: Rillaboom|Rillaboom, F|85\/100\n|-fieldstart|move: Grassy Terrain|[from] ability: Grassy Surge|[of] p1a: Rillaboom\n|move|p2a: Greninja|Water Shuriken|p1a: Rillaboom\n|-resisted|p1a: Rillaboom\n|-damage|p1a: Rillaboom|79\/100\n|-resisted|p1a: Rillaboom\n|-damage|p1a: Rillaboom|72\/100\n|-hitcount|p1a: Rillaboom|2\n|\n|-heal|p2a: Greninja|88\/100|[from] Grassy Terrain\n|-heal|p1a: Rillaboom|78\/100|[from] Grassy Terrain\n|upkeep\n|turn|24\n|\n|t:|1700648762\n|switch|p2a: Chien-Pao|Chien-Pao|57\/100\n|-damage|p2a: Chien-Pao|32\/100|[from] Stealth Rock\n|-ability|p2a: Chien-Pao|Sword of Ruin\n|move|p1a: Rillaboom|Grassy Glide|p2a: Chien-Pao\n|-damage|p2a: Chien-Pao|0 fnt\n|faint|p2a: Chien-Pao\n|\n|-heal|p1a: Rillaboom|84\/100|[from] Grassy Terrain\n|upkeep\n|\n|t:|1700648764\n|switch|p2a: Greninja|Greninja, F|88\/100\n|-damage|p2a: Greninja|76\/100|[from] Stealth Rock\n|turn|25\n|\n|t:|1700648767\n|move|p1a: Rillaboom|Grassy Glide|p2a: Greninja\n|-supereffective|p2a: Greninja\n|-damage|p2a: Greninja|0 fnt\n|faint|p2a: Greninja\n|\n|win|XX_1nfinity_XX\n|c|\u2606XX_1nfinity_XX|ggs\n|c|\u2606AlolanSandslashOU|Ggs\n","uploadtime":1700648780,"views":6,"p1id":"xx1nfinityxx","p2id":"alolansandslashou","formatid":"gen9nationaldexubers","rating":0,"private":0,"password":""}