{"id":"gen9nationaldexubers-1988225057","p1":"ArgenPolmerica","p2":"Rhyfinn 04","format":"[Gen 9] National Dex Ubers","log":"|j|\u2606ArgenPolmerica\n|j|\u2606Rhyfinn 04\n|t:|1699688933\n|gametype|singles\n|player|p1|ArgenPolmerica|aaron|1162\n|player|p2|Rhyfinn 04|alder|1240\n|teamsize|p1|6\n|teamsize|p2|6\n|gen|9\n|tier|[Gen 9] National Dex Ubers\n|rated|\n|rule|HP Percentage Mod: HP is shown in percentages\n|rule|Endless Battle Clause: Forcing endless battles is banned\n|rule|OHKO Clause: OHKO moves are banned\n|rule|Evasion Moves Clause: Evasion moves are banned\n|rule|Evasion Items Clause: Evasion items are banned\n|rule|Species Clause: Limit one of each Pok\u00e9mon\n|rule|Sleep Clause Mod: Limit one foe put to sleep\n|rule|Mega Rayquaza Clause: You cannot mega evolve Rayquaza\n|clearpoke\n|poke|p1|Regigigas|\n|poke|p1|Regirock|\n|poke|p1|Regice|\n|poke|p1|Registeel|\n|poke|p1|Regidrago|\n|poke|p1|Regieleki|\n|poke|p2|Groudon|\n|poke|p2|Xerneas-*|\n|poke|p2|Marshadow|\n|poke|p2|Necrozma-Dusk-Mane|\n|poke|p2|Deoxys-Speed|\n|poke|p2|Rayquaza|\n|teampreview\n|inactive|Battle timer is ON: inactive players will automatically lose when time's up. (requested by Rhyfinn 04)\n|\n|t:|1699688941\n|start\n|switch|p1a: Regirock|Regirock|100\/100\n|switch|p2a: Deoxys|Deoxys-Speed, shiny|100\/100\n|-ability|p2a: Deoxys|Pressure\n|turn|1\n|\n|t:|1699688948\n|move|p2a: Deoxys|Taunt|p1a: Regirock\n|-start|p1a: Regirock|move: Taunt\n|cant|p1a: Regirock|move: Taunt|Curse\n|\n|upkeep\n|turn|2\n|\n|t:|1699688954\n|move|p2a: Deoxys|Stealth Rock|p1a: Regirock\n|-sidestart|p1: ArgenPolmerica|move: Stealth Rock\n|move|p1a: Regirock|Earthquake|p2a: Deoxys\n|-damage|p2a: Deoxys|64\/100\n|\n|upkeep\n|turn|3\n|\n|t:|1699688959\n|move|p2a: Deoxys|Spikes|p1a: Regirock\n|-sidestart|p1: ArgenPolmerica|Spikes\n|move|p1a: Regirock|Stone Edge|p2a: Deoxys\n|-crit|p2a: Deoxys\n|-damage|p2a: Deoxys|0 fnt\n|faint|p2a: Deoxys\n|\n|-end|p1a: Regirock|move: Taunt\n|upkeep\n|\n|t:|1699688967\n|switch|p2a: Groudon|Groudon, shiny|100\/100\n|detailschange|p2a: Groudon|Groudon-Primal, shiny\n|-primal|p2a: Groudon|Red Orb\n|-weather|DesolateLand|[from] ability: Desolate Land|[of] p2a: Groudon\n|turn|4\n|\n|t:|1699688972\n|move|p2a: Groudon|Rock Polish|p2a: Groudon\n|-boost|p2a: Groudon|spe|2\n|move|p1a: Regirock|Earthquake|p2a: Groudon\n|-supereffective|p2a: Groudon\n|-damage|p2a: Groudon|62\/100\n|\n|-weather|DesolateLand|[upkeep]\n|upkeep\n|turn|5\n|\n|t:|1699688978\n|move|p2a: Groudon|Earth Power|p1a: Regirock\n|-supereffective|p1a: Regirock\n|-ability|p1a: Regirock|Sturdy\n|-damage|p1a: Regirock|1\/100\n|move|p1a: Regirock|Earthquake|p2a: Groudon\n|-supereffective|p2a: Groudon\n|-damage|p2a: Groudon|25\/100\n|\n|-weather|DesolateLand|[upkeep]\n|upkeep\n|turn|6\n|\n|t:|1699688986\n|move|p2a: Groudon|Flamethrower|p1a: Regirock\n|-resisted|p1a: Regirock\n|-damage|p1a: Regirock|0 fnt\n|faint|p1a: Regirock\n|\n|-weather|DesolateLand|[upkeep]\n|upkeep\n|\n|t:|1699688997\n|switch|p1a: Regieleki|Regieleki|100\/100\n|-damage|p1a: Regieleki|88\/100|[from] Stealth Rock\n|-damage|p1a: Regieleki|76\/100|[from] Spikes\n|turn|7\n|\n|t:|1699689003\n|move|p2a: Groudon|Earth Power|p1a: Regieleki\n|-supereffective|p1a: Regieleki\n|-damage|p1a: Regieleki|0 fnt\n|faint|p1a: Regieleki\n|\n|-weather|DesolateLand|[upkeep]\n|upkeep\n|-message|ArgenPolmerica forfeited.\n|\n|win|Rhyfinn 04\n|raw|ArgenPolmerica's rating: 1162 &rarr; <strong>1143<\/strong><br \/>(-19 for losing)\n|raw|Rhyfinn 04's rating: 1240 &rarr; <strong>1259<\/strong><br \/>(+19 for winning)\n|l|\u2606ArgenPolmerica\n","uploadtime":1699689017,"views":5,"p1id":"argenpolmerica","p2id":"rhyfinn04","formatid":"gen9nationaldexubers","rating":1143,"private":0,"password":""}