{"id":"gen9nationaldexubers-1997493570","p1":"arcdoomer","p2":"Mikail66","format":"[Gen 9] National Dex Ubers","log":"|j|\u2606arcdoomer\n|j|\u2606Mikail66\n|t:|1700814983\n|gametype|singles\n|player|p1|arcdoomer|unknown|1113\n|player|p2|Mikail66|169|1024\n|teamsize|p1|6\n|teamsize|p2|6\n|gen|9\n|tier|[Gen 9] National Dex Ubers\n|rated|\n|rule|HP Percentage Mod: HP is shown in percentages\n|rule|Endless Battle Clause: Forcing endless battles is banned\n|rule|OHKO Clause: OHKO moves are banned\n|rule|Evasion Moves Clause: Evasion moves are banned\n|rule|Evasion Items Clause: Evasion items are banned\n|rule|Species Clause: Limit one of each Pok\u00e9mon\n|rule|Sleep Clause Mod: Limit one foe put to sleep\n|rule|Mega Rayquaza Clause: You cannot mega evolve Rayquaza\n|clearpoke\n|poke|p1|Arceus|\n|poke|p1|Groudon|\n|poke|p1|Kyogre|\n|poke|p1|Mewtwo|\n|poke|p1|Necrozma-Dusk-Mane|\n|poke|p1|Zacian-*|\n|poke|p2|Necrozma-Dusk-Mane|\n|poke|p2|Ditto|\n|poke|p2|Regidrago|\n|poke|p2|Groudon|\n|poke|p2|Rayquaza|\n|poke|p2|Mewtwo|\n|teampreview\n|inactive|Battle timer is ON: inactive players will automatically lose when time's up. (requested by Mikail66)\n|\n|t:|1700814997\n|start\n|switch|p1a: Zacian|Zacian-Crowned|100\/100\n|switch|p2a: Rayquaza|Rayquaza|100\/100\n|-ability|p1a: Zacian|Intrepid Sword|boost\n|-boost|p1a: Zacian|atk|1\n|-ability|p2a: Rayquaza|Air Lock\n|turn|1\n|\n|t:|1700815008\n|move|p1a: Zacian|Sacred Sword|p2a: Rayquaza\n|-resisted|p2a: Rayquaza\n|-damage|p2a: Rayquaza|71\/100\n|move|p2a: Rayquaza|V-create|p1a: Zacian\n|-supereffective|p1a: Zacian\n|-damage|p1a: Zacian|0 fnt\n|-unboost|p2a: Rayquaza|spe|1\n|-unboost|p2a: Rayquaza|def|1\n|-unboost|p2a: Rayquaza|spd|1\n|faint|p1a: Zacian\n|\n|upkeep\n|\n|t:|1700815026\n|switch|p1a: Necrozma|Necrozma-Dusk-Mane|100\/100\n|turn|2\n|\n|t:|1700815038\n|detailschange|p1a: Necrozma|Necrozma-Ultra\n|-burst|p1a: Necrozma|Necrozma|Ultranecrozium Z\n|move|p1a: Necrozma|Breaking Swipe|p2a: Rayquaza\n|-supereffective|p2a: Rayquaza\n|-damage|p2a: Rayquaza|0 fnt\n|faint|p2a: Rayquaza\n|\n|upkeep\n|\n|t:|1700815059\n|switch|p2a: Mewtwo|Mewtwo, shiny|100\/100\n|-ability|p2a: Mewtwo|Unnerve\n|turn|3\n|\n|t:|1700815076\n|detailschange|p2a: Mewtwo|Mewtwo-Mega-Y, shiny\n|-mega|p2a: Mewtwo|Mewtwo|Mewtwonite Y\n|move|p2a: Mewtwo|Ice Beam|p1a: Necrozma\n|-supereffective|p1a: Necrozma\n|-damage|p1a: Necrozma|9\/100\n|move|p1a: Necrozma|Sunsteel Strike|p2a: Mewtwo\n|-damage|p2a: Mewtwo|44\/100\n|\n|upkeep\n|turn|4\n|\n|t:|1700815094\n|move|p2a: Mewtwo|Ice Beam|p1a: Necrozma\n|-supereffective|p1a: Necrozma\n|-damage|p1a: Necrozma|0 fnt\n|faint|p1a: Necrozma\n|\n|upkeep\n|\n|t:|1700815099\n|switch|p1a: Mewtwo|Mewtwo|100\/100\n|-ability|p1a: Mewtwo|Unnerve\n|turn|5\n|\n|t:|1700815111\n|detailschange|p1a: Mewtwo|Mewtwo-Mega-Y\n|-mega|p1a: Mewtwo|Mewtwo|Mewtwonite Y\n|move|p1a: Mewtwo|Flamethrower|p2a: Mewtwo\n|-damage|p2a: Mewtwo|9\/100\n|move|p2a: Mewtwo|Ice Beam|p1a: Mewtwo\n|-damage|p1a: Mewtwo|65\/100\n|\n|upkeep\n|turn|6\n|\n|t:|1700815126\n|move|p1a: Mewtwo|Flamethrower|p2a: Mewtwo\n|-damage|p2a: Mewtwo|0 fnt\n|faint|p2a: Mewtwo\n|\n|upkeep\n|\n|t:|1700815133\n|switch|p2a: Ditto|Ditto, shiny|100\/100\n|-transform|p2a: Ditto|p1a: Mewtwo|[from] ability: Imposter\n|turn|7\n|\n|t:|1700815146\n|switch|p1a: Groudon|Groudon|100\/100\n|detailschange|p1a: Groudon|Groudon-Primal\n|-primal|p1a: Groudon|Red Orb\n|-weather|DesolateLand|[from] ability: Desolate Land|[of] p1a: Groudon\n|move|p2a: Ditto|Psystrike|p1a: Groudon\n|-damage|p1a: Groudon|51\/100\n|\n|-weather|DesolateLand|[upkeep]\n|upkeep\n|turn|8\n|\n|t:|1700815162\n|move|p2a: Ditto|Psychic|p1a: Groudon\n|-damage|p1a: Groudon|0 fnt\n|faint|p1a: Groudon\n|-weather|none\n|\n|upkeep\n|\n|t:|1700815169\n|switch|p1a: Kyogre|Kyogre|100\/100\n|detailschange|p1a: Kyogre|Kyogre-Primal\n|-primal|p1a: Kyogre|Blue Orb\n|-weather|PrimordialSea|[from] ability: Primordial Sea|[of] p1a: Kyogre\n|turn|9\n|\n|t:|1700815178\n|move|p2a: Ditto|Psystrike|p1a: Kyogre\n|-damage|p1a: Kyogre|18\/100\n|move|p1a: Kyogre|Scald|p2a: Ditto\n|-damage|p2a: Ditto|24\/100\n|\n|-weather|PrimordialSea|[upkeep]\n|upkeep\n|turn|10\n|\n|t:|1700815194\n|move|p2a: Ditto|Psystrike|p1a: Kyogre\n|-damage|p1a: Kyogre|0 fnt\n|faint|p1a: Kyogre\n|-weather|none\n|\n|upkeep\n|c|\u2606arcdoomer|lkjhgfdsaASDFGYUIOPOIUYTREWARTYUFGJRXTSCDASASZAZA\n|\n|t:|1700815207\n|switch|p1a: Arceus|Arceus|100\/100\n|turn|11\n|\n|t:|1700815212\n|move|p1a: Arceus|Extreme Speed|p2a: Ditto\n|-damage|p2a: Ditto|0 fnt\n|faint|p2a: Ditto\n|\n|upkeep\n|\n|t:|1700815221\n|switch|p2a: Groudon|Groudon, shiny|100\/100\n|detailschange|p2a: Groudon|Groudon-Primal, shiny\n|-primal|p2a: Groudon|Red Orb\n|-weather|DesolateLand|[from] ability: Desolate Land|[of] p2a: Groudon\n|turn|12\n|\n|t:|1700815237\n|-terastallize|p1a: Arceus|Ghost\n|move|p1a: Arceus|Extreme Speed|p2a: Groudon\n|-damage|p2a: Groudon|78\/100\n|move|p2a: Groudon|Precipice Blades|p1a: Arceus\n|-damage|p1a: Arceus|24\/100\n|\n|-weather|DesolateLand|[upkeep]\n|upkeep\n|turn|13\n|\n|t:|1700815247\n|move|p1a: Arceus|Extreme Speed|p2a: Groudon\n|-damage|p2a: Groudon|51\/100\n|move|p2a: Groudon|Heat Crash|p1a: Arceus\n|-damage|p1a: Arceus|0 fnt\n|faint|p1a: Arceus\n|\n|-weather|DesolateLand|[upkeep]\n|upkeep\n|\n|t:|1700815254\n|switch|p1a: Mewtwo|Mewtwo-Mega-Y|65\/100\n|turn|14\n|\n|t:|1700815270\n|move|p1a: Mewtwo|Psychic|p2a: Groudon\n|-damage|p2a: Groudon|0 fnt\n|faint|p2a: Groudon\n|-weather|none\n|\n|upkeep\n|\n|t:|1700815276\n|switch|p2a: Necrozma|Necrozma-Dusk-Mane, shiny|100\/100\n|turn|15\n|\n|t:|1700815286\n|detailschange|p2a: Necrozma|Necrozma-Ultra, shiny\n|-burst|p2a: Necrozma|Necrozma|Ultranecrozium Z\n|move|p1a: Mewtwo|Flamethrower|p2a: Necrozma\n|-resisted|p2a: Necrozma\n|-damage|p2a: Necrozma|82\/100\n|move|p2a: Necrozma|Sunsteel Strike|p1a: Mewtwo\n|-damage|p1a: Mewtwo|0 fnt\n|faint|p1a: Mewtwo\n|\n|win|Mikail66\n|raw|arcdoomer's rating: 1113 &rarr; <strong>1082<\/strong><br \/>(-31 for losing)\n|raw|Mikail66's rating: 1024 &rarr; <strong>1070<\/strong><br \/>(+46 for winning)\n","uploadtime":1700815302,"views":5,"p1id":"arcdoomer","p2id":"mikail66","formatid":"gen9nationaldexubers","rating":1070,"private":0,"password":""}