{"id":"gen9nationaldexubers-1979055955","p1":"dinosrrcool","p2":"BioniclePHD","format":"[Gen 9] National Dex Ubers","log":"|j|\u2606dinosrrcool\n|j|\u2606BioniclePHD\n|t:|1698626549\n|gametype|singles\n|player|p1|dinosrrcool|lady|\n|player|p2|BioniclePHD|acetrainerf|\n|teamsize|p1|6\n|teamsize|p2|6\n|gen|9\n|tier|[Gen 9] National Dex Ubers\n|rule|HP Percentage Mod: HP is shown in percentages\n|rule|Endless Battle Clause: Forcing endless battles is banned\n|rule|OHKO Clause: OHKO moves are banned\n|rule|Evasion Moves Clause: Evasion moves are banned\n|rule|Evasion Items Clause: Evasion items are banned\n|rule|Species Clause: Limit one of each Pok\u00e9mon\n|rule|Sleep Clause Mod: Limit one foe put to sleep\n|rule|Mega Rayquaza Clause: You cannot mega evolve Rayquaza\n|clearpoke\n|poke|p1|Ampharos, M|\n|poke|p1|Breloom, F|\n|poke|p1|Weezing-Galar, M|\n|poke|p1|Staraptor, F|\n|poke|p1|Samurott, M|\n|poke|p1|Jirachi|\n|poke|p2|Camerupt, M|\n|poke|p2|Krookodile, M|\n|poke|p2|Slowking-Galar, M|\n|poke|p2|Samurott-Hisui, M|\n|poke|p2|Roserade, M|\n|poke|p2|Dragapult, F|\n|teampreview\n|j| MLAbbott\n|j| vuvu42\n|c|\u2606BioniclePHD|glhf!\n|\n|t:|1698626604\n|start\n|switch|p1a: Pete Wentz|Staraptor, F|100\/100\n|switch|p2a: Roserade|Roserade, M|100\/100\n|turn|1\n|\n|t:|1698626614\n|move|p1a: Pete Wentz|Brave Bird|p2a: Roserade\n|-supereffective|p2a: Roserade\n|-enditem|p2a: Roserade|Focus Sash\n|-damage|p2a: Roserade|1\/100\n|-status|p1a: Pete Wentz|psn|[from] ability: Poison Point|[of] p2a: Roserade\n|-damage|p1a: Pete Wentz|73\/100 psn|[from] Recoil\n|move|p2a: Roserade|Toxic Spikes|p1a: Pete Wentz\n|-sidestart|p1: dinosrrcool|move: Toxic Spikes\n|\n|-damage|p1a: Pete Wentz|60\/100 psn|[from] psn\n|upkeep\n|turn|2\n|\n|t:|1698626641\n|move|p1a: Pete Wentz|Brave Bird|p2a: Roserade\n|-supereffective|p2a: Roserade\n|-damage|p2a: Roserade|0 fnt\n|faint|p2a: Roserade\n|-damage|p1a: Pete Wentz|60\/100 psn|[from] Recoil\n|\n|-damage|p1a: Pete Wentz|48\/100 psn|[from] psn\n|upkeep\n|\n|t:|1698626650\n|switch|p2a: Krookodile|Krookodile, M|100\/100\n|-ability|p2a: Krookodile|Intimidate|boost\n|-unboost|p1a: Pete Wentz|atk|1\n|turn|3\n|\n|t:|1698626671\n|move|p1a: Pete Wentz|Brave Bird|p2a: Krookodile\n|-damage|p2a: Krookodile|19\/100\n|-damage|p1a: Pete Wentz|19\/100 psn|[from] Recoil\n|move|p2a: Krookodile|Knock Off|p1a: Pete Wentz\n|-damage|p1a: Pete Wentz|0 fnt\n|-enditem|p1a: Pete Wentz|Choice Band|[from] move: Knock Off|[of] p2a: Krookodile\n|faint|p1a: Pete Wentz\n|\n|-heal|p2a: Krookodile|25\/100|[from] item: Leftovers\n|upkeep\n|c|\u2606BioniclePHD|ow dude\n|\n|t:|1698626705\n|switch|p1a: Charlie|Breloom, F, shiny|100\/100\n|-status|p1a: Charlie|psn\n|turn|4\n|j| dunsparcedingo\n|\n|t:|1698626718\n|move|p2a: Krookodile|Protect|p2a: Krookodile\n|-singleturn|p2a: Krookodile|Protect\n|move|p1a: Charlie|Mach Punch|p2a: Krookodile\n|-activate|p2a: Krookodile|move: Protect\n|\n|-heal|p2a: Krookodile|31\/100|[from] item: Leftovers\n|-damage|p1a: Charlie|88\/100 psn|[from] psn\n|upkeep\n|turn|5\n|\n|t:|1698626731\n|switch|p2a: Dragapult|Dragapult, F|100\/100\n|move|p1a: Charlie|Mach Punch|p2a: Dragapult\n|-immune|p2a: Dragapult\n|\n|-damage|p1a: Charlie|76\/100 psn|[from] psn\n|upkeep\n|turn|6\n|\n|t:|1698626755\n|switch|p1a: Roosevelt|Weezing-Galar, M|100\/100\n|move|p2a: Dragapult|U-turn|p1a: Roosevelt\n|-resisted|p1a: Roosevelt\n|-damage|p1a: Roosevelt|96\/100\n|\n|t:|1698626785\n|switch|p2a: Slowking|Slowking-Galar, M|100\/100|[from] U-turn\n|\n|-heal|p1a: Roosevelt|100\/100|[from] item: Black Sludge\n|upkeep\n|turn|7\n|\n|t:|1698626800\n|move|p1a: Roosevelt|Toxic Spikes|p2a: Slowking\n|-sidestart|p2: BioniclePHD|move: Toxic Spikes\n|move|p2a: Slowking|Calm Mind|p2a: Slowking\n|-boost|p2a: Slowking|spa|1\n|-boost|p2a: Slowking|spd|1\n|\n|upkeep\n|turn|8\n|\n|t:|1698626818\n|switch|p1a: Cool Whip|Jirachi|100\/100\n|move|p2a: Slowking|Calm Mind|p2a: Slowking\n|-boost|p2a: Slowking|spa|1\n|-boost|p2a: Slowking|spd|1\n|\n|upkeep\n|turn|9\n|\n|t:|1698626850\n|-terastallize|p1a: Cool Whip|Steel\n|move|p1a: Cool Whip|Iron Head|p2a: Slowking\n|-damage|p2a: Slowking|59\/100\n|move|p2a: Slowking|Flamethrower|p1a: Cool Whip\n|-supereffective|p1a: Cool Whip\n|-damage|p1a: Cool Whip|23\/100\n|-status|p1a: Cool Whip|brn\n|\n|-heal|p1a: Cool Whip|29\/100 brn|[from] item: Leftovers\n|-damage|p1a: Cool Whip|23\/100 brn|[from] brn\n|upkeep\n|turn|10\n|c| dunsparcedingo|clumps\n|c|\u2606dinosrrcool|sadge\n|\n|t:|1698626874\n|move|p1a: Cool Whip|Iron Head|p2a: Slowking\n|-damage|p2a: Slowking|40\/100\n|move|p2a: Slowking|Slack Off|p2a: Slowking\n|-heal|p2a: Slowking|90\/100\n|\n|-heal|p1a: Cool Whip|29\/100 brn|[from] item: Leftovers\n|-damage|p1a: Cool Whip|23\/100 brn|[from] brn\n|upkeep\n|turn|11\n|\n|t:|1698626891\n|move|p1a: Cool Whip|Iron Head|p2a: Slowking\n|-damage|p2a: Slowking|72\/100\n|move|p2a: Slowking|Flamethrower|p1a: Cool Whip\n|-supereffective|p1a: Cool Whip\n|-damage|p1a: Cool Whip|0 fnt\n|faint|p1a: Cool Whip\n|\n|upkeep\n|\n|t:|1698626959\n|switch|p1a: Bungums|Samurott, M|100\/100\n|-status|p1a: Bungums|psn\n|turn|12\n|\n|t:|1698626981\n|-terastallize|p2a: Slowking|Grass\n|move|p1a: Bungums|Knock Off|p2a: Slowking\n|-damage|p2a: Slowking|48\/100\n|-enditem|p2a: Slowking|Covert Cloak|[from] move: Knock Off|[of] p1a: Bungums\n|move|p2a: Slowking|Sludge Bomb|p1a: Bungums\n|-damage|p1a: Bungums|16\/100 psn\n|\n|-heal|p1a: Bungums|22\/100 psn|[from] item: Leftovers\n|-damage|p1a: Bungums|10\/100 psn|[from] psn\n|upkeep\n|turn|13\n|\n|t:|1698627019\n|switch|p1a: Roosevelt|Weezing-Galar, M|100\/100\n|move|p2a: Slowking|Slack Off|p2a: Slowking\n|-heal|p2a: Slowking|98\/100\n|\n|upkeep\n|turn|14\n|\n|t:|1698627028\n|move|p1a: Roosevelt|Sludge Bomb|p2a: Slowking\n|-supereffective|p2a: Slowking\n|-damage|p2a: Slowking|69\/100\n|move|p2a: Slowking|Sludge Bomb|p1a: Roosevelt\n|-damage|p1a: Roosevelt|0 fnt\n|faint|p1a: Roosevelt\n|\n|upkeep\n|\n|t:|1698627041\n|switch|p1a: Trixie|Ampharos, M, shiny|100\/100\n|-status|p1a: Trixie|psn\n|turn|15\n|\n|t:|1698627050\n|detailschange|p1a: Trixie|Ampharos-Mega, M, shiny\n|-mega|p1a: Trixie|Ampharos|Ampharosite\n|-ability|p1a: Trixie|Mold Breaker\n|move|p1a: Trixie|Signal Beam|p2a: Slowking\n|-supereffective|p2a: Slowking\n|-damage|p2a: Slowking|44\/100\n|move|p2a: Slowking|Sludge Bomb|p1a: Trixie\n|-damage|p1a: Trixie|39\/100 psn\n|\n|-damage|p1a: Trixie|27\/100 psn|[from] psn\n|upkeep\n|turn|16\n|\n|t:|1698627072\n|move|p1a: Trixie|Thunderbolt|p2a: Slowking\n|-resisted|p2a: Slowking\n|-damage|p2a: Slowking|31\/100\n|move|p2a: Slowking|Slack Off|p2a: Slowking\n|-heal|p2a: Slowking|81\/100\n|\n|-damage|p1a: Trixie|14\/100 psn|[from] psn\n|upkeep\n|turn|17\n|\n|t:|1698627080\n|move|p1a: Trixie|Signal Beam|p2a: Slowking\n|-supereffective|p2a: Slowking\n|-damage|p2a: Slowking|55\/100\n|move|p2a: Slowking|Sludge Bomb|p1a: Trixie\n|-damage|p1a: Trixie|0 fnt\n|faint|p1a: Trixie\n|\n|upkeep\n|\n|t:|1698627095\n|switch|p1a: Charlie|Breloom, F, shiny|76\/100 psn\n|turn|18\n|\n|t:|1698627108\n|move|p1a: Charlie|Spore|p2a: Slowking\n|-immune|p2a: Slowking\n|move|p2a: Slowking|Slack Off|p2a: Slowking\n|-heal|p2a: Slowking|100\/100\n|\n|-damage|p1a: Charlie|64\/100 psn|[from] psn\n|upkeep\n|turn|19\n|\n|t:|1698627119\n|move|p1a: Charlie|Mach Punch|p2a: Slowking\n|-damage|p2a: Slowking|76\/100\n|move|p2a: Slowking|Sludge Bomb|p1a: Charlie\n|-supereffective|p1a: Charlie\n|-damage|p1a: Charlie|0 fnt\n|faint|p1a: Charlie\n|\n|upkeep\n|\n|t:|1698627126\n|switch|p1a: Bungums|Samurott, M|10\/100 psn\n|turn|20\n|\n|t:|1698627139\n|move|p1a: Bungums|Superpower|p2a: Slowking\n|-damage|p2a: Slowking|48\/100\n|-unboost|p1a: Bungums|atk|1\n|-unboost|p1a: Bungums|def|1\n|move|p2a: Slowking|Sludge Bomb|p1a: Bungums\n|-damage|p1a: Bungums|0 fnt\n|faint|p1a: Bungums\n|\n|win|BioniclePHD\n|c|\u2606BioniclePHD|good game!\n","uploadtime":1698627150,"views":9,"p1id":"dinosrrcool","p2id":"bioniclephd","formatid":"gen9nationaldexubers","rating":0,"private":0,"password":""}