{"id":"gen9nationaldexubers-1990577460","p1":"Nosaka Dresseur","p2":"Neosouls","format":"[Gen 9] National Dex Ubers","log":"|j|\u2606Nosaka Dresseur\n|j|\u2606Neosouls\n|t:|1699982878\n|gametype|singles\n|player|p1|Nosaka Dresseur|lucas-gen4pt|\n|player|p2|Neosouls|marlon|\n|teamsize|p1|6\n|teamsize|p2|3\n|gen|9\n|tier|[Gen 9] National Dex Ubers\n|rule|HP Percentage Mod: HP is shown in percentages\n|rule|Endless Battle Clause: Forcing endless battles is banned\n|rule|OHKO Clause: OHKO moves are banned\n|rule|Evasion Moves Clause: Evasion moves are banned\n|rule|Evasion Items Clause: Evasion items are banned\n|rule|Species Clause: Limit one of each Pok\u00e9mon\n|rule|Sleep Clause Mod: Limit one foe put to sleep\n|rule|Mega Rayquaza Clause: You cannot mega evolve Rayquaza\n|clearpoke\n|poke|p1|Frogadier, L25, M|\n|poke|p1|Ivysaur, L23, F|\n|poke|p1|Fletchinder, L23, M|\n|poke|p1|Shinx, L10, F|\n|poke|p1|Grovyle, L25, M|\n|poke|p1|Pawniard, L10, F|\n|poke|p2|Solrock, L25|\n|poke|p2|Toedscool, L21, M|\n|poke|p2|Rhyhorn, L23, M|\n|teampreview\n|\n|t:|1699982895\n|start\n|switch|p1a: Frogadier|Frogadier, L25, M|100\/100\n|switch|p2a: Toedscool|Toedscool, L21, M|100\/100\n|turn|1\n|\n|t:|1699982905\n|switch|p1a: Ivysaur|Ivysaur, L23, F|100\/100\n|move|p2a: Toedscool|Mega Drain|p1a: Ivysaur\n|-resisted|p1a: Ivysaur\n|-damage|p1a: Ivysaur|96\/100\n|\n|upkeep\n|turn|2\n|\n|t:|1699982917\n|move|p2a: Toedscool|Mud Shot|p1a: Ivysaur|[miss]\n|-miss|p2a: Toedscool|p1a: Ivysaur\n|move|p1a: Ivysaur|Tackle|p2a: Toedscool\n|-damage|p2a: Toedscool|76\/100\n|\n|upkeep\n|turn|3\n|\n|t:|1699982926\n|switch|p2a: Solrock|Solrock, L25|100\/100\n|move|p1a: Ivysaur|Razor Leaf|p2a: Solrock\n|-supereffective|p2a: Solrock\n|-crit|p2a: Solrock\n|-damage|p2a: Solrock|60\/100\n|\n|upkeep\n|turn|4\n|\n|t:|1699982933\n|move|p2a: Solrock|Flare Blitz|p1a: Ivysaur\n|-supereffective|p1a: Ivysaur\n|-damage|p1a: Ivysaur|0 fnt\n|faint|p1a: Ivysaur\n|-damage|p2a: Solrock|39\/100|[from] Recoil\n|\n|upkeep\n|\n|t:|1699982940\n|switch|p1a: Frogadier|Frogadier, L25, M|100\/100\n|turn|5\n|\n|t:|1699982946\n|move|p1a: Frogadier|Water Pulse|p2a: Solrock\n|-supereffective|p2a: Solrock\n|-damage|p2a: Solrock|0 fnt\n|faint|p2a: Solrock\n|\n|upkeep\n|\n|t:|1699982951\n|switch|p2a: Toedscool|Toedscool, L21, M|76\/100\n|turn|6\n|\n|t:|1699982955\n|switch|p1a: Fletchinder|Fletchinder, L23, M|100\/100\n|move|p2a: Toedscool|Mega Drain|p1a: Fletchinder\n|-resisted|p1a: Fletchinder\n|-damage|p1a: Fletchinder|96\/100\n|-heal|p2a: Toedscool|80\/100|[from] drain|[of] p1a: Fletchinder\n|\n|upkeep\n|turn|7\n|\n|t:|1699982969\n|switch|p2a: Rhyhorn|Rhyhorn, L23, M|100\/100\n|move|p1a: Fletchinder|Acrobatics|p2a: Rhyhorn\n|-resisted|p2a: Rhyhorn\n|-damage|p2a: Rhyhorn|84\/100\n|\n|upkeep\n|turn|8\n|\n|t:|1699982982\n|switch|p1a: Grovyle|Grovyle, L25, M|100\/100\n|move|p2a: Rhyhorn|Rock Slide|p1a: Grovyle\n|-crit|p1a: Grovyle\n|-damage|p1a: Grovyle|2\/100\n|\n|upkeep\n|turn|9\n|\n|t:|1699982991\n|move|p1a: Grovyle|Giga Drain|p2a: Rhyhorn\n|-supereffective|p2a: Rhyhorn\n|-damage|p2a: Rhyhorn|0 fnt\n|-heal|p1a: Grovyle|58\/100|[from] drain|[of] p2a: Rhyhorn\n|faint|p2a: Rhyhorn\n|\n|upkeep\n|\n|t:|1699982996\n|switch|p2a: Toedscool|Toedscool, L21, M|80\/100\n|turn|10\n|\n|t:|1699983003\n|move|p1a: Grovyle|Giga Drain|p2a: Toedscool\n|-damage|p2a: Toedscool|13\/100\n|-heal|p1a: Grovyle|84\/100|[from] drain|[of] p2a: Toedscool\n|move|p2a: Toedscool|Mud Shot|p1a: Grovyle\n|-resisted|p1a: Grovyle\n|-damage|p1a: Grovyle|73\/100\n|-unboost|p1a: Grovyle|spe|1\n|\n|upkeep\n|turn|11\n|\n|t:|1699983013\n|move|p1a: Grovyle|Quick Attack|p2a: Toedscool\n|-damage|p2a: Toedscool|0 fnt\n|faint|p2a: Toedscool\n|\n|win|Nosaka Dresseur\n","uploadtime":1699983024,"views":24,"p1id":"nosakadresseur","p2id":"neosouls","formatid":"gen9nationaldexubers","rating":0,"private":0,"password":""}