{"id":"gen9nationaldexubers-1987865960","p1":"djjdfjjdjd","p2":"JustMonika_CARR","format":"[Gen 9] National Dex Ubers","log":"|j|\u2606djjdfjjdjd\n|j|\u2606JustMonika_CARR\n|t:|1699644043\n|gametype|singles\n|player|p1|djjdfjjdjd|1|1209\n|player|p2|JustMonika_CARR|rosa|1450\n|teamsize|p1|6\n|teamsize|p2|6\n|gen|9\n|tier|[Gen 9] National Dex Ubers\n|rated|\n|rule|HP Percentage Mod: HP is shown in percentages\n|rule|Endless Battle Clause: Forcing endless battles is banned\n|rule|OHKO Clause: OHKO moves are banned\n|rule|Evasion Moves Clause: Evasion moves are banned\n|rule|Evasion Items Clause: Evasion items are banned\n|rule|Species Clause: Limit one of each Pok\u00e9mon\n|rule|Sleep Clause Mod: Limit one foe put to sleep\n|rule|Mega Rayquaza Clause: You cannot mega evolve Rayquaza\n|clearpoke\n|poke|p1|Smeargle, M|\n|poke|p1|Necrozma-Dusk-Mane|\n|poke|p1|Deoxys-Attack|\n|poke|p1|Groudon|\n|poke|p1|Zacian-*|\n|poke|p1|Beedrill, F|\n|poke|p2|Marshadow|\n|poke|p2|Lopunny, F|\n|poke|p2|Dialga|\n|poke|p2|Forretress, F|\n|poke|p2|Pheromosa|\n|poke|p2|Grimmsnarl, M|\n|teampreview\n|c|\u2606JustMonika_CARR|Glhf\n|\n|t:|1699644053\n|start\n|switch|p1a: Smeargle|Smeargle, M|100\/100\n|switch|p2a: Grimmsnarl|Grimmsnarl, M, shiny|100\/100\n|turn|1\n|\n|t:|1699644060\n|move|p2a: Grimmsnarl|Taunt|p1a: Smeargle\n|-start|p1a: Smeargle|move: Taunt\n|cant|p1a: Smeargle|move: Taunt|Tailwind\n|\n|upkeep\n|turn|2\n|\n|t:|1699644068\n|switch|p1a: Necrozma|Necrozma-Dusk-Mane|100\/100\n|move|p2a: Grimmsnarl|Spirit Break|p1a: Necrozma\n|-resisted|p1a: Necrozma\n|-damage|p1a: Necrozma|88\/100\n|-unboost|p1a: Necrozma|spa|1\n|\n|upkeep\n|turn|3\n|\n|t:|1699644081\n|move|p2a: Grimmsnarl|Reflect|p2a: Grimmsnarl\n|-sidestart|p2: JustMonika_CARR|Reflect\n|move|p1a: Necrozma|Sunsteel Strike|p2a: Grimmsnarl\n|-supereffective|p2a: Grimmsnarl\n|-damage|p2a: Grimmsnarl|43\/100\n|\n|-heal|p2a: Grimmsnarl|49\/100|[from] item: Leftovers\n|upkeep\n|turn|4\n|\n|t:|1699644091\n|switch|p2a: Dialga|Dialga, shiny|100\/100\n|-ability|p2a: Dialga|Pressure\n|move|p1a: Necrozma|Dragon Dance|p1a: Necrozma\n|-boost|p1a: Necrozma|atk|1\n|-boost|p1a: Necrozma|spe|1\n|\n|upkeep\n|turn|5\n|\n|t:|1699644101\n|-terastallize|p2a: Dialga|Ground\n|move|p2a: Dialga|Earth Power|p1a: Necrozma\n|-supereffective|p1a: Necrozma\n|-damage|p1a: Necrozma|12\/100\n|move|p1a: Necrozma|Dragon Dance|p1a: Necrozma\n|-boost|p1a: Necrozma|atk|1\n|-boost|p1a: Necrozma|spe|1\n|\n|upkeep\n|turn|6\n|\n|t:|1699644111\n|detailschange|p1a: Necrozma|Necrozma-Ultra\n|-burst|p1a: Necrozma|Necrozma|Ultranecrozium Z\n|move|p1a: Necrozma|Photon Geyser|p2a: Dialga\n|-damage|p2a: Dialga|48\/100\n|move|p2a: Dialga|Earth Power|p1a: Necrozma\n|-damage|p1a: Necrozma|0 fnt\n|faint|p1a: Necrozma\n|\n|upkeep\n|\n|t:|1699644126\n|switch|p1a: Smeargle|Smeargle, M|100\/100\n|turn|7\n|\n|t:|1699644130\n|move|p2a: Dialga|Earth Power|p1a: Smeargle\n|-enditem|p1a: Smeargle|Focus Sash\n|-damage|p1a: Smeargle|1\/100\n|move|p1a: Smeargle|Spore|p2a: Dialga\n|-status|p2a: Dialga|slp|[from] move: Spore\n|\n|-sideend|p2: JustMonika_CARR|Reflect\n|upkeep\n|turn|8\n|\n|t:|1699644140\n|cant|p2a: Dialga|slp\n|move|p1a: Smeargle|Tailwind|p1a: Smeargle\n|-sidestart|p1: djjdfjjdjd|move: Tailwind\n|\n|upkeep\n|turn|9\n|\n|t:|1699644146\n|switch|p1a: Deoxys|Deoxys-Attack|100\/100\n|-ability|p1a: Deoxys|Pressure\n|-curestatus|p2a: Dialga|slp|[msg]\n|move|p2a: Dialga|Earth Power|p1a: Deoxys\n|-damage|p1a: Deoxys|0 fnt\n|faint|p1a: Deoxys\n|\n|upkeep\n|\n|t:|1699644155\n|switch|p1a: Beedrill|Beedrill, F|100\/100\n|turn|10\n|c|\u2606JustMonika_CARR|Huh, no sash?\n|\n|t:|1699644166\n|detailschange|p1a: Beedrill|Beedrill-Mega, F\n|-mega|p1a: Beedrill|Beedrill|Beedrillite\n|move|p1a: Beedrill|Fell Stinger|p2a: Dialga\n|-damage|p2a: Dialga|14\/100\n|move|p2a: Dialga|Earth Power|p1a: Beedrill\n|-damage|p1a: Beedrill|13\/100\n|\n|upkeep\n|turn|11\n|\n|t:|1699644177\n|move|p1a: Beedrill|Fell Stinger|p2a: Dialga\n|-damage|p2a: Dialga|0 fnt\n|faint|p2a: Dialga\n|-boost|p1a: Beedrill|atk|3\n|\n|-sideend|p1: djjdfjjdjd|move: Tailwind\n|upkeep\n|\n|t:|1699644186\n|switch|p2a: Forretress|Forretress, F, shiny|100\/100\n|turn|12\n|\n|t:|1699644192\n|move|p1a: Beedrill|Knock Off|p2a: Forretress\n|-damage|p2a: Forretress|50\/100\n|-enditem|p2a: Forretress|Red Card|[from] move: Knock Off|[of] p1a: Beedrill\n|move|p2a: Forretress|Stealth Rock|p1a: Beedrill\n|-sidestart|p1: djjdfjjdjd|move: Stealth Rock\n|\n|upkeep\n|turn|13\n|\n|t:|1699644200\n|move|p1a: Beedrill|Brick Break|p2a: Forretress\n|-damage|p2a: Forretress|10\/100\n|move|p2a: Forretress|Toxic Spikes|p1a: Beedrill\n|-sidestart|p1: djjdfjjdjd|move: Toxic Spikes\n|\n|upkeep\n|turn|14\n|\n|t:|1699644206\n|move|p1a: Beedrill|Fell Stinger|p2a: Forretress\n|-resisted|p2a: Forretress\n|-damage|p2a: Forretress|0 fnt\n|faint|p2a: Forretress\n|-boost|p1a: Beedrill|atk|3\n|\n|upkeep\n|\n|t:|1699644214\n|switch|p2a: Marshadow|Marshadow|100\/100\n|turn|15\n|\n|t:|1699644219\n|switch|p1a: Smeargle|Smeargle, M|1\/100\n|-damage|p1a: Smeargle|0 fnt|[from] Stealth Rock\n|faint|p1a: Smeargle\n|move|p2a: Marshadow|Spectral Thief|p1: Smeargle|[notarget]\n|-fail|p2a: Marshadow\n|\n|upkeep\n|\n|t:|1699644228\n|switch|p1a: Zacian|Zacian-Crowned|100\/100\n|-damage|p1a: Zacian|94\/100|[from] Stealth Rock\n|-ability|p1a: Zacian|Intrepid Sword|boost\n|-boost|p1a: Zacian|atk|1\n|turn|16\n|\n|t:|1699644237\n|move|p1a: Zacian|Play Rough|p2a: Marshadow\n|-supereffective|p2a: Marshadow\n|-enditem|p2a: Marshadow|Focus Sash\n|-damage|p2a: Marshadow|1\/100\n|move|p2a: Marshadow|Spectral Thief||[still]\n|-clearpositiveboost|p1a: Zacian|p2a: Marshadow|move: Spectral Thief\n|-boost|p2a: Marshadow|atk|1\n|-anim|p2a: Marshadow|Spectral Thief|p1a: Zacian\n|-damage|p1a: Zacian|36\/100\n|\n|upkeep\n|turn|17\n|\n|t:|1699644250\n|move|p2a: Marshadow|Shadow Sneak|p1a: Zacian\n|-damage|p1a: Zacian|0 fnt\n|faint|p1a: Zacian\n|\n|upkeep\n|\n|t:|1699644256\n|switch|p1a: Groudon|Groudon|100\/100\n|-damage|p1a: Groudon|94\/100|[from] Stealth Rock\n|-status|p1a: Groudon|psn\n|detailschange|p1a: Groudon|Groudon-Primal\n|-primal|p1a: Groudon|Red Orb\n|-weather|DesolateLand|[from] ability: Desolate Land|[of] p1a: Groudon\n|turn|18\n|\n|t:|1699644269\n|move|p2a: Marshadow|Rock Tomb|p1a: Groudon\n|-damage|p1a: Groudon|62\/100 psn\n|-unboost|p1a: Groudon|spe|1\n|move|p1a: Groudon|Heat Crash|p2a: Marshadow\n|-crit|p2a: Marshadow\n|-damage|p2a: Marshadow|0 fnt\n|faint|p2a: Marshadow\n|\n|-weather|DesolateLand|[upkeep]\n|-damage|p1a: Groudon|50\/100 psn|[from] psn\n|upkeep\n|\n|t:|1699644281\n|switch|p2a: Lopunny|Lopunny, F, shiny|100\/100\n|turn|19\n|\n|t:|1699644290\n|-weather|none\n|switch|p1a: Beedrill|Beedrill-Mega, F|13\/100\n|-damage|p1a: Beedrill|0 fnt|[from] Stealth Rock\n|-sideend|p1: djjdfjjdjd|move: Toxic Spikes|[of] p1a: Beedrill\n|faint|p1a: Beedrill\n|detailschange|p2a: Lopunny|Lopunny-Mega, F, shiny\n|-mega|p2a: Lopunny|Lopunny|Lopunnite\n|move|p2a: Lopunny|Fake Out|p1: Beedrill|[notarget]\n|-fail|p2a: Lopunny\n|\n|upkeep\n|\n|t:|1699644302\n|switch|p1a: Groudon|Groudon-Primal|50\/100 psn\n|-damage|p1a: Groudon|38\/100 psn|[from] Stealth Rock\n|-weather|DesolateLand|[from] ability: Desolate Land|[of] p1a: Groudon\n|turn|20\n|\n|t:|1699644309\n|move|p2a: Lopunny|Close Combat|p1a: Groudon\n|-damage|p1a: Groudon|0 fnt\n|-unboost|p2a: Lopunny|def|1\n|-unboost|p2a: Lopunny|spd|1\n|faint|p1a: Groudon\n|-weather|none\n|\n|win|JustMonika_CARR\n|raw|djjdfjjdjd's rating: 1209 &rarr; <strong>1199<\/strong><br \/>(-10 for losing)\n|raw|JustMonika_CARR's rating: 1450 &rarr; <strong>1458<\/strong><br \/>(+8 for winning)\n|c|\u2606JustMonika_CARR|Gg\n|l|\u2606djjdfjjdjd\n","uploadtime":1699644322,"views":4,"p1id":"djjdfjjdjd","p2id":"justmonikacarr","formatid":"gen9nationaldexubers","rating":1199,"private":0,"password":""}