{"id":"gen9nationaldexubers-1985369815","p1":"Szymszym134","p2":"topszy","format":"[Gen 9] National Dex Ubers","log":"|j|\u2606Szymszym134\n|j|\u2606topszy\n|t:|1699368891\n|gametype|singles\n|player|p1|Szymszym134|elesa|1572\n|player|p2|topszy|170|1500\n|teamsize|p1|6\n|teamsize|p2|6\n|gen|9\n|tier|[Gen 9] National Dex Ubers\n|rated|\n|rule|HP Percentage Mod: HP is shown in percentages\n|rule|Endless Battle Clause: Forcing endless battles is banned\n|rule|OHKO Clause: OHKO moves are banned\n|rule|Evasion Moves Clause: Evasion moves are banned\n|rule|Evasion Items Clause: Evasion items are banned\n|rule|Species Clause: Limit one of each Pok\u00e9mon\n|rule|Sleep Clause Mod: Limit one foe put to sleep\n|rule|Mega Rayquaza Clause: You cannot mega evolve Rayquaza\n|clearpoke\n|poke|p1|Mewtwo|\n|poke|p1|Kingambit, M|\n|poke|p1|Garganacl, F|\n|poke|p1|Arceus-Ground|\n|poke|p1|Ditto|\n|poke|p1|Kyurem-Black|\n|poke|p2|Yveltal|\n|poke|p2|Groudon|\n|poke|p2|Marshadow|\n|poke|p2|Ho-Oh|\n|poke|p2|Xerneas-*|\n|poke|p2|Zygarde|\n|teampreview\n|inactive|Battle timer is ON: inactive players will automatically lose when time's up. (requested by Szymszym134)\n|c|\u2606topszy|SIEMA\n|c|\u2606Szymszym134|SIEMA\n|\n|t:|1699368919\n|start\n|switch|p1a: Arceus|Arceus-Ground|100\/100\n|switch|p2a: Yveltal|Yveltal|100\/100\n|-ability|p2a: Yveltal|Dark Aura\n|turn|1\n|\n|t:|1699368928\n|-terastallize|p2a: Yveltal|Dark\n|move|p2a: Yveltal|Dark Pulse|p1a: Arceus\n|-damage|p1a: Arceus|28\/100\n|move|p1a: Arceus|Ice Beam|p2a: Yveltal\n|-damage|p2a: Yveltal|80\/100\n|\n|upkeep\n|turn|2\n|\n|t:|1699368938\n|switch|p1a: Kingambit|Kingambit, M|100\/100\n|move|p2a: Yveltal|Dark Pulse|p1a: Kingambit\n|-resisted|p1a: Kingambit\n|-damage|p1a: Kingambit|44\/100\n|\n|upkeep\n|turn|3\n|c|\u2606Szymszym134|Oj\n|c|\u2606Szymszym134|To gg\n|\n|t:|1699368951\n|move|p1a: Kingambit|Sucker Punch|p2a: Yveltal\n|-resisted|p2a: Yveltal\n|-damage|p2a: Yveltal|50\/100\n|move|p2a: Yveltal|Dark Pulse|p1a: Kingambit\n|-resisted|p1a: Kingambit\n|-crit|p1a: Kingambit\n|-damage|p1a: Kingambit|0 fnt\n|faint|p1a: Kingambit\n|-end|p1a: Kingambit|fallenundefined|[silent]\n|\n|upkeep\n|\n|t:|1699368954\n|switch|p1a: Kyurem|Kyurem-Black|100\/100\n|-ability|p1a: Kyurem|Teravolt\n|turn|4\n|\n|t:|1699368959\n|-terastallize|p1a: Kyurem|Fairy\n|move|p2a: Yveltal|Dark Pulse|p1a: Kyurem\n|-resisted|p1a: Kyurem\n|-damage|p1a: Kyurem|49\/100\n|move|p1a: Kyurem|Dragon Dance|p1a: Kyurem\n|-boost|p1a: Kyurem|atk|1\n|-boost|p1a: Kyurem|spe|1\n|\n|upkeep\n|turn|5\n|j| 1 em trach thu\n|\n|t:|1699368972\n|move|p1a: Kyurem|Substitute|p1a: Kyurem\n|-start|p1a: Kyurem|Substitute\n|-damage|p1a: Kyurem|25\/100\n|move|p2a: Yveltal|Dark Pulse|p1a: Kyurem\n|-resisted|p1a: Kyurem\n|-end|p1a: Kyurem|Substitute\n|\n|upkeep\n|turn|6\n|\n|t:|1699368978\n|move|p1a: Kyurem|Icicle Spear|p2a: Yveltal\n|-damage|p2a: Yveltal|19\/100\n|-damage|p2a: Yveltal|0 fnt\n|faint|p2a: Yveltal\n|-hitcount|p2: Yveltal|2\n|-damage|p1a: Kyurem|15\/100|[from] item: Life Orb\n|\n|upkeep\n|\n|t:|1699368986\n|switch|p2a: Marshadow|Marshadow|100\/100\n|turn|7\n|\n|t:|1699368990\n|switch|p1a: Garganacl|Garganacl, F|100\/100\n|move|p2a: Marshadow|Shadow Sneak|p1a: Garganacl\n|-damage|p1a: Garganacl|92\/100\n|\n|-heal|p1a: Garganacl|98\/100|[from] item: Leftovers\n|upkeep\n|turn|8\n|\n|t:|1699368999\n|move|p2a: Marshadow|Close Combat|p1a: Garganacl\n|-supereffective|p1a: Garganacl\n|-damage|p1a: Garganacl|25\/100\n|-unboost|p2a: Marshadow|def|1\n|-unboost|p2a: Marshadow|spd|1\n|move|p1a: Garganacl|Salt Cure|p2a: Marshadow\n|-resisted|p2a: Marshadow\n|-damage|p2a: Marshadow|88\/100\n|-start|p2a: Marshadow|Salt Cure\n|\n|-heal|p1a: Garganacl|32\/100|[from] item: Leftovers\n|-damage|p2a: Marshadow|75\/100|[from] Salt Cure\n|upkeep\n|turn|9\n|\n|t:|1699369007\n|move|p1a: Garganacl|Protect|p1a: Garganacl\n|-singleturn|p1a: Garganacl|Protect\n|move|p2a: Marshadow|Close Combat|p1a: Garganacl\n|-activate|p1a: Garganacl|move: Protect\n|\n|-heal|p1a: Garganacl|38\/100|[from] item: Leftovers\n|-damage|p2a: Marshadow|63\/100|[from] Salt Cure\n|upkeep\n|turn|10\n|\n|t:|1699369015\n|switch|p1a: Arceus|Arceus-Ground|28\/100\n|move|p2a: Marshadow|Close Combat|p1a: Arceus\n|-damage|p1a: Arceus|0 fnt\n|-unboost|p2a: Marshadow|def|1\n|-unboost|p2a: Marshadow|spd|1\n|faint|p1a: Arceus\n|\n|-damage|p2a: Marshadow|50\/100|[from] Salt Cure\n|upkeep\n|\n|t:|1699369022\n|switch|p1a: Ditto|Ditto|100\/100\n|-transform|p1a: Ditto|p2a: Marshadow|[from] ability: Imposter\n|turn|11\n|\n|t:|1699369027\n|switch|p2a: Ho-Oh|Ho-Oh|100\/100\n|move|p1a: Ditto|Shadow Sneak|p2a: Ho-Oh\n|-damage|p2a: Ho-Oh|70\/100\n|\n|upkeep\n|turn|12\n|\n|t:|1699369032\n|switch|p1a: Garganacl|Garganacl, F|38\/100\n|move|p2a: Ho-Oh|Sacred Fire|p1a: Garganacl\n|-resisted|p1a: Garganacl\n|-damage|p1a: Garganacl|26\/100\n|\n|-heal|p1a: Garganacl|33\/100|[from] item: Leftovers\n|upkeep\n|turn|13\n|\n|t:|1699369057\n|switch|p2a: Xerneas|Xerneas|100\/100\n|-ability|p2a: Xerneas|Fairy Aura\n|move|p1a: Garganacl|Recover|p1a: Garganacl\n|-heal|p1a: Garganacl|83\/100\n|\n|-heal|p1a: Garganacl|89\/100|[from] item: Leftovers\n|upkeep\n|turn|14\n|\n|t:|1699369068\n|switch|p1a: Kyurem|Kyurem-Black, tera:Fairy|15\/100\n|-ability|p1a: Kyurem|Teravolt\n|move|p2a: Xerneas|Moonblast|p1a: Kyurem\n|-damage|p1a: Kyurem|0 fnt\n|faint|p1a: Kyurem\n|\n|upkeep\n|\n|t:|1699369073\n|switch|p1a: Mewtwo|Mewtwo|100\/100\n|-ability|p1a: Mewtwo|Unnerve\n|turn|15\n|\n|t:|1699369081\n|detailschange|p1a: Mewtwo|Mewtwo-Mega-Y\n|-mega|p1a: Mewtwo|Mewtwo|Mewtwonite Y\n|move|p1a: Mewtwo|Psystrike|p2a: Xerneas\n|-damage|p2a: Xerneas|44\/100\n|move|p2a: Xerneas|Geomancy||[still]\n|-prepare|p2a: Xerneas|Geomancy\n|-enditem|p2a: Xerneas|Power Herb\n|-anim|p2a: Xerneas|Geomancy|p2a: Xerneas\n|-boost|p2a: Xerneas|spa|2\n|-boost|p2a: Xerneas|spd|2\n|-boost|p2a: Xerneas|spe|2\n|\n|upkeep\n|turn|16\n|\n|t:|1699369086\n|move|p2a: Xerneas|Moonblast|p1a: Mewtwo\n|-damage|p1a: Mewtwo|0 fnt\n|faint|p1a: Mewtwo\n|\n|upkeep\n|\n|t:|1699369089\n|switch|p1a: Ditto|Ditto|100\/100\n|-transform|p1a: Ditto|p2a: Xerneas|[from] ability: Imposter\n|-ability|p1a: Ditto|Fairy Aura\n|turn|17\n|c|\u2606Szymszym134|GG\n|\n|t:|1699369100\n|move|p1a: Ditto|Moonblast|p2a: Xerneas\n|-damage|p2a: Xerneas|0 fnt\n|faint|p2a: Xerneas\n|\n|upkeep\n|\n|t:|1699369103\n|switch|p2a: Ho-Oh|Ho-Oh|100\/100\n|turn|18\n|\n|t:|1699369105\n|switch|p1a: Garganacl|Garganacl, F|89\/100\n|move|p2a: Ho-Oh|Toxic|p1a: Garganacl\n|-immune|p1a: Garganacl|[from] ability: Purifying Salt\n|\n|-heal|p1a: Garganacl|95\/100|[from] item: Leftovers\n|upkeep\n|turn|19\n|\n|t:|1699369112\n|switch|p2a: Zygarde|Zygarde|100\/100\n|move|p1a: Garganacl|Salt Cure|p2a: Zygarde\n|-resisted|p2a: Zygarde\n|-damage|p2a: Zygarde|97\/100\n|-start|p2a: Zygarde|Salt Cure\n|\n|-heal|p2a: Zygarde|100\/100|[from] item: Leftovers\n|-heal|p1a: Garganacl|100\/100|[from] item: Leftovers\n|-damage|p2a: Zygarde|88\/100|[from] Salt Cure\n|upkeep\n|turn|20\n|\n|t:|1699369119\n|switch|p1a: Ditto|Ditto|100\/100\n|-transform|p1a: Ditto|p2a: Zygarde|[from] ability: Imposter\n|move|p2a: Zygarde|Thousand Arrows|p1a: Ditto\n|-damage|p1a: Ditto|77\/100\n|\n|-heal|p2a: Zygarde|94\/100|[from] item: Leftovers\n|-damage|p2a: Zygarde|82\/100|[from] Salt Cure\n|upkeep\n|turn|21\n|\n|t:|1699369125\n|move|p1a: Ditto|Glare|p2a: Zygarde\n|-status|p2a: Zygarde|par\n|cant|p2a: Zygarde|par\n|\n|-heal|p2a: Zygarde|88\/100 par|[from] item: Leftovers\n|-damage|p2a: Zygarde|76\/100 par|[from] Salt Cure\n|upkeep\n|turn|22\n|\n|t:|1699369130\n|switch|p1a: Garganacl|Garganacl, F|100\/100\n|cant|p2a: Zygarde|par\n|\n|-heal|p2a: Zygarde|82\/100 par|[from] item: Leftovers\n|-damage|p2a: Zygarde|69\/100 par|[from] Salt Cure\n|upkeep\n|turn|23\n|\n|t:|1699369134\n|cant|p2a: Zygarde|par\n|move|p1a: Garganacl|Salt Cure|p2a: Zygarde\n|-resisted|p2a: Zygarde\n|-damage|p2a: Zygarde|66\/100 par\n|\n|-heal|p2a: Zygarde|72\/100 par|[from] item: Leftovers\n|-damage|p2a: Zygarde|60\/100 par|[from] Salt Cure\n|upkeep\n|turn|24\n|\n|t:|1699369136\n|move|p2a: Zygarde|Thousand Arrows|p1a: Garganacl\n|-supereffective|p1a: Garganacl\n|-damage|p1a: Garganacl|70\/100\n|move|p1a: Garganacl|Stealth Rock|p2a: Zygarde\n|-sidestart|p2: topszy|move: Stealth Rock\n|\n|-heal|p2a: Zygarde|66\/100 par|[from] item: Leftovers\n|-heal|p1a: Garganacl|76\/100|[from] item: Leftovers\n|-damage|p2a: Zygarde|53\/100 par|[from] Salt Cure\n|upkeep\n|turn|25\n|\n|t:|1699369146\n|switch|p2a: Groudon|Groudon|100\/100\n|-damage|p2a: Groudon|94\/100|[from] Stealth Rock\n|detailschange|p2a: Groudon|Groudon-Primal\n|-primal|p2a: Groudon|Red Orb\n|-weather|DesolateLand|[from] ability: Desolate Land|[of] p2a: Groudon\n|move|p1a: Garganacl|Recover|p1a: Garganacl\n|-heal|p1a: Garganacl|100\/100\n|\n|-weather|DesolateLand|[upkeep]\n|upkeep\n|turn|26\n|\n|t:|1699369151\n|move|p2a: Groudon|Precipice Blades|p1a: Garganacl\n|-supereffective|p1a: Garganacl\n|-damage|p1a: Garganacl|2\/100\n|move|p1a: Garganacl|Salt Cure|p2a: Groudon\n|-crit|p2a: Groudon\n|-damage|p2a: Groudon|82\/100\n|-start|p2a: Groudon|Salt Cure\n|\n|-weather|DesolateLand|[upkeep]\n|-heal|p1a: Garganacl|9\/100|[from] item: Leftovers\n|-damage|p2a: Groudon|70\/100|[from] Salt Cure\n|upkeep\n|turn|27\n|\n|t:|1699369163\n|-weather|none\n|switch|p2a: Marshadow|Marshadow|50\/100\n|-damage|p2a: Marshadow|44\/100|[from] Stealth Rock\n|switch|p1a: Ditto|Ditto|77\/100\n|-transform|p1a: Ditto|p2a: Marshadow|[from] ability: Imposter\n|\n|upkeep\n|turn|28\n|\n|t:|1699369173\n|switch|p2a: Ho-Oh|Ho-Oh|100\/100\n|move|p1a: Ditto|Shadow Sneak|p2a: Ho-Oh\n|-damage|p2a: Ho-Oh|68\/100\n|\n|upkeep\n|turn|29\n|\n|t:|1699369175\n|switch|p1a: Garganacl|Garganacl, F|9\/100\n|move|p2a: Ho-Oh|Defog|p1a: Garganacl\n|-unboost|p1a: Garganacl|evasion|1\n|-sideend|p2: topszy|Stealth Rock|[from] move: Defog|[of] p2a: Ho-Oh\n|\n|-heal|p1a: Garganacl|15\/100|[from] item: Leftovers\n|upkeep\n|turn|30\n|\n|t:|1699369181\n|switch|p2a: Groudon|Groudon-Primal|70\/100\n|-weather|DesolateLand|[from] ability: Desolate Land|[of] p2a: Groudon\n|move|p1a: Garganacl|Salt Cure|p2a: Groudon\n|-damage|p2a: Groudon|60\/100\n|-start|p2a: Groudon|Salt Cure\n|\n|-weather|DesolateLand|[upkeep]\n|-heal|p1a: Garganacl|21\/100|[from] item: Leftovers\n|-damage|p2a: Groudon|48\/100|[from] Salt Cure\n|upkeep\n|turn|31\n|\n|t:|1699369190\n|move|p1a: Garganacl|Protect|p1a: Garganacl\n|-singleturn|p1a: Garganacl|Protect\n|move|p2a: Groudon|Precipice Blades|p1a: Garganacl\n|-activate|p1a: Garganacl|move: Protect\n|\n|-weather|DesolateLand|[upkeep]\n|-heal|p1a: Garganacl|27\/100|[from] item: Leftovers\n|-damage|p2a: Groudon|36\/100|[from] Salt Cure\n|upkeep\n|turn|32\n|\n|t:|1699369196\n|move|p2a: Groudon|Precipice Blades|p1a: Garganacl\n|-supereffective|p1a: Garganacl\n|-damage|p1a: Garganacl|0 fnt\n|faint|p1a: Garganacl\n|\n|-weather|DesolateLand|[upkeep]\n|-damage|p2a: Groudon|23\/100|[from] Salt Cure\n|upkeep\n|\n|t:|1699369198\n|switch|p1a: Ditto|Ditto|77\/100\n|-transform|p1a: Ditto|p2a: Groudon|[from] ability: Imposter\n|turn|33\n|\n|t:|1699369201\n|move|p1a: Ditto|Stone Edge|p2a: Groudon\n|-damage|p2a: Groudon|0 fnt\n|faint|p2a: Groudon\n|\n|-weather|DesolateLand|[upkeep]\n|upkeep\n|\n|t:|1699369207\n|switch|p2a: Zygarde|Zygarde|53\/100 par\n|turn|34\n|\n|t:|1699369210\n|move|p1a: Ditto|Stone Edge|p2a: Zygarde|[miss]\n|-miss|p1a: Ditto|p2a: Zygarde\n|move|p2a: Zygarde|Glare|p1a: Ditto\n|-status|p1a: Ditto|par\n|\n|-weather|DesolateLand|[upkeep]\n|-heal|p2a: Zygarde|60\/100 par|[from] item: Leftovers\n|upkeep\n|turn|35\n|\n|t:|1699369213\n|cant|p1a: Ditto|par\n|move|p2a: Zygarde|Coil|p2a: Zygarde\n|-boost|p2a: Zygarde|atk|1\n|-boost|p2a: Zygarde|def|1\n|-boost|p2a: Zygarde|accuracy|1\n|\n|-weather|DesolateLand|[upkeep]\n|-heal|p2a: Zygarde|66\/100 par|[from] item: Leftovers\n|upkeep\n|turn|36\n|\n|t:|1699369215\n|move|p1a: Ditto|Stone Edge|p2a: Zygarde\n|-resisted|p2a: Zygarde\n|-damage|p2a: Zygarde|58\/100 par\n|move|p2a: Zygarde|Thousand Arrows|p1a: Ditto\n|-supereffective|p1a: Ditto\n|-damage|p1a: Ditto|5\/100 par\n|\n|-weather|DesolateLand|[upkeep]\n|-heal|p2a: Zygarde|64\/100 par|[from] item: Leftovers\n|upkeep\n|turn|37\n|\n|t:|1699369218\n|move|p1a: Ditto|Stone Edge|p2a: Zygarde\n|-resisted|p2a: Zygarde\n|-damage|p2a: Zygarde|55\/100 par\n|cant|p2a: Zygarde|par\n|\n|-weather|DesolateLand|[upkeep]\n|-heal|p2a: Zygarde|62\/100 par|[from] item: Leftovers\n|upkeep\n|turn|38\n|c|\u2606topszy|GG\n|\n|t:|1699369223\n|cant|p1a: Ditto|par\n|move|p2a: Zygarde|Thousand Arrows|p1a: Ditto\n|-supereffective|p1a: Ditto\n|-damage|p1a: Ditto|0 fnt\n|faint|p1a: Ditto\n|-weather|none\n|\n|win|topszy\n|raw|Szymszym134's rating: 1572 &rarr; <strong>1548<\/strong><br \/>(-24 for losing)\n|raw|topszy's rating: 1500 &rarr; <strong>1524<\/strong><br \/>(+24 for winning)\n|l|\u2606Szymszym134\n|l|\u2606topszy\n","uploadtime":1699369233,"views":11,"p1id":"szymszym134","p2id":"topszy","formatid":"gen9nationaldexubers","rating":1524,"private":0,"password":""}