{"id":"gen9nationaldexubers-1978823779","p1":"DG230811","p2":"THUNDER-M0DE\u303d\ufe0f","format":"[Gen 9] National Dex Ubers","log":"|j|\u2606DG230811\n|j|\u2606THUNDER-M0DE\u303d\ufe0f\n|t:|1698599515\n|gametype|singles\n|player|p1|DG230811|n|1096\n|player|p2|THUNDER-M0DE\u303d\ufe0f|elesa|1052\n|teamsize|p1|6\n|teamsize|p2|6\n|gen|9\n|tier|[Gen 9] National Dex Ubers\n|rated|\n|rule|HP Percentage Mod: HP is shown in percentages\n|rule|Endless Battle Clause: Forcing endless battles is banned\n|rule|OHKO Clause: OHKO moves are banned\n|rule|Evasion Moves Clause: Evasion moves are banned\n|rule|Evasion Items Clause: Evasion items are banned\n|rule|Species Clause: Limit one of each Pok\u00e9mon\n|rule|Sleep Clause Mod: Limit one foe put to sleep\n|rule|Mega Rayquaza Clause: You cannot mega evolve Rayquaza\n|clearpoke\n|poke|p1|Greninja-*, M|\n|poke|p1|Kingambit, M|\n|poke|p1|Yveltal|\n|poke|p1|Obstagoon, M|\n|poke|p1|Roaring Moon|\n|poke|p1|Chien-Pao|\n|poke|p2|Zapdos|\n|poke|p2|Tapu Koko|\n|poke|p2|Raichu-Alola, M|\n|poke|p2|Regieleki|\n|poke|p2|Zeraora|\n|poke|p2|Zekrom|\n|teampreview\n|inactive|Battle timer is ON: inactive players will automatically lose when time's up. (requested by DG230811)\n|\n|t:|1698599561\n|start\n|switch|p1a: Roaring Moon|Roaring Moon|100\/100\n|switch|p2a: \u26a1\ufe0fRAICHU\u26a1\ufe0f\ud83e\udd17|Raichu-Alola, M|100\/100\n|-enditem|p1a: Roaring Moon|Booster Energy\n|-activate|p1a: Roaring Moon|ability: Protosynthesis|[fromitem]\n|-start|p1a: Roaring Moon|protosynthesisatk\n|turn|1\n|\n|t:|1698599575\n|-zpower|p2a: \u26a1\ufe0fRAICHU\u26a1\ufe0f\ud83e\udd17\n|move|p2a: \u26a1\ufe0fRAICHU\u26a1\ufe0f\ud83e\udd17|Stoked Sparksurfer|p1a: Roaring Moon|[zeffect]\n|-resisted|p1a: Roaring Moon\n|-damage|p1a: Roaring Moon|66\/100\n|-status|p1a: Roaring Moon|par\n|move|p1a: Roaring Moon|Earthquake|p2a: \u26a1\ufe0fRAICHU\u26a1\ufe0f\ud83e\udd17\n|-supereffective|p2a: \u26a1\ufe0fRAICHU\u26a1\ufe0f\ud83e\udd17\n|-damage|p2a: \u26a1\ufe0fRAICHU\u26a1\ufe0f\ud83e\udd17|0 fnt\n|faint|p2a: \u26a1\ufe0fRAICHU\u26a1\ufe0f\ud83e\udd17\n|\n|upkeep\n|\n|t:|1698599591\n|switch|p2a: \u26a1\ufe0fTAPU KOKO\u26a1\ufe0f|Tapu Koko|100\/100\n|-fieldstart|move: Electric Terrain|[from] ability: Electric Surge|[of] p2a: \u26a1\ufe0fTAPU KOKO\u26a1\ufe0f\n|turn|2\n|\n|t:|1698599598\n|move|p2a: \u26a1\ufe0fTAPU KOKO\u26a1\ufe0f|Thunderbolt|p1a: Roaring Moon\n|-resisted|p1a: Roaring Moon\n|-damage|p1a: Roaring Moon|45\/100 par\n|move|p1a: Roaring Moon|Earthquake|p2a: \u26a1\ufe0fTAPU KOKO\u26a1\ufe0f\n|-supereffective|p2a: \u26a1\ufe0fTAPU KOKO\u26a1\ufe0f\n|-damage|p2a: \u26a1\ufe0fTAPU KOKO\u26a1\ufe0f|0 fnt\n|faint|p2a: \u26a1\ufe0fTAPU KOKO\u26a1\ufe0f\n|\n|upkeep\n|\n|t:|1698599606\n|switch|p2a: \u26a1\ufe0f\u26a1\ufe0fREGIELEKI\u26a1\ufe0f\u26a1\ufe0f|Regieleki, shiny|100\/100\n|turn|3\n|\n|t:|1698599611\n|-terastallize|p2a: \u26a1\ufe0f\u26a1\ufe0fREGIELEKI\u26a1\ufe0f\u26a1\ufe0f|Electric\n|move|p2a: \u26a1\ufe0f\u26a1\ufe0fREGIELEKI\u26a1\ufe0f\u26a1\ufe0f|Rising Voltage|p1a: Roaring Moon\n|-hint|Rising Voltage's BP doubled on grounded target.\n|-resisted|p1a: Roaring Moon\n|-crit|p1a: Roaring Moon\n|-damage|p1a: Roaring Moon|0 fnt\n|faint|p1a: Roaring Moon\n|-end|p1a: Roaring Moon|Protosynthesis|[silent]\n|\n|upkeep\n|\n|t:|1698599629\n|switch|p1a: Kingambit|Kingambit, M|100\/100\n|-activate|p1a: Kingambit|ability: Supreme Overlord\n|-start|p1a: Kingambit|fallen1|[silent]\n|turn|4\n|\n|t:|1698599636\n|move|p2a: \u26a1\ufe0f\u26a1\ufe0fREGIELEKI\u26a1\ufe0f\u26a1\ufe0f|Rising Voltage|p1a: Kingambit\n|-hint|Rising Voltage's BP doubled on grounded target.\n|-damage|p1a: Kingambit|0 fnt\n|faint|p1a: Kingambit\n|-end|p1a: Kingambit|fallen1|[silent]\n|\n|upkeep\n|\n|t:|1698599642\n|switch|p1a: Obstagoon|Obstagoon, M|100\/100\n|turn|5\n|\n|t:|1698599647\n|move|p2a: \u26a1\ufe0f\u26a1\ufe0fREGIELEKI\u26a1\ufe0f\u26a1\ufe0f|Rising Voltage|p1a: Obstagoon\n|-hint|Rising Voltage's BP doubled on grounded target.\n|-damage|p1a: Obstagoon|0 fnt\n|faint|p1a: Obstagoon\n|\n|upkeep\n|\n|t:|1698599653\n|switch|p1a: Chien-Pao|Chien-Pao|100\/100\n|-ability|p1a: Chien-Pao|Sword of Ruin\n|turn|6\n|\n|t:|1698599676\n|move|p2a: \u26a1\ufe0f\u26a1\ufe0fREGIELEKI\u26a1\ufe0f\u26a1\ufe0f|Rising Voltage|p1a: Chien-Pao\n|-hint|Rising Voltage's BP doubled on grounded target.\n|-damage|p1a: Chien-Pao|0 fnt\n|faint|p1a: Chien-Pao\n|\n|upkeep\n|\n|t:|1698599682\n|switch|p1a: Greninja|Greninja, M|100\/100\n|-item|p1a: Greninja|Air Balloon\n|turn|7\n|c|\u2606THUNDER-M0DE\u303d\ufe0f|Electricity!!\u26a1\ufe0f\u26a1\ufe0f\n|\n|t:|1698599708\n|move|p2a: \u26a1\ufe0f\u26a1\ufe0fREGIELEKI\u26a1\ufe0f\u26a1\ufe0f|Thunderbolt|p1a: Greninja\n|-supereffective|p1a: Greninja\n|-damage|p1a: Greninja|0 fnt\n|-enditem|p1a: Greninja|Air Balloon\n|faint|p1a: Greninja\n|\n|upkeep\n|\n|t:|1698599714\n|switch|p1a: Yveltal|Yveltal|100\/100\n|-ability|p1a: Yveltal|Dark Aura\n|turn|8\n|\n|t:|1698599722\n|-terastallize|p1a: Yveltal|Fairy\n|move|p2a: \u26a1\ufe0f\u26a1\ufe0fREGIELEKI\u26a1\ufe0f\u26a1\ufe0f|Rising Voltage|p1a: Yveltal\n|-hint|Rising Voltage's BP doubled on grounded target.\n|-damage|p1a: Yveltal|0 fnt\n|faint|p1a: Yveltal\n|\n|win|THUNDER-M0DE\u303d\ufe0f\n|raw|DG230811's rating: 1096 &rarr; <strong>1069<\/strong><br \/>(-27 for losing)\n|raw|THUNDER-M0DE\u303d\ufe0f's rating: 1052 &rarr; <strong>1088<\/strong><br \/>(+36 for winning)\n|l|\u2606DG230811\n","uploadtime":1698599842,"views":27,"p1id":"dg230811","p2id":"thunderm0de","formatid":"gen9nationaldexubers","rating":1069,"private":0,"password":""}