{"id":"gen9nationaldexubers-1979663889","p1":"straightoutta14BC","p2":"BugCatcherRaidBoss","format":"[Gen 9] National Dex Ubers","log":"|j|\u2606straightoutta14BC\n|j|\u2606BugCatcherRaidBoss\n|inactive|Battle timer is ON: inactive players will automatically lose when time's up.\n|t:|1698701143\n|gametype|singles\n|player|p1|straightoutta14BC|2|\n|player|p2|BugCatcherRaidBoss|shelly|\n|teamsize|p1|6\n|teamsize|p2|6\n|gen|9\n|tier|[Gen 9] National Dex Ubers\n|rated|Tournament battle\n|rule|HP Percentage Mod: HP is shown in percentages\n|rule|Endless Battle Clause: Forcing endless battles is banned\n|rule|OHKO Clause: OHKO moves are banned\n|rule|Evasion Moves Clause: Evasion moves are banned\n|rule|Evasion Items Clause: Evasion items are banned\n|rule|Species Clause: Limit one of each Pok\u00e9mon\n|rule|Sleep Clause Mod: Limit one foe put to sleep\n|rule|Mega Rayquaza Clause: You cannot mega evolve Rayquaza\n|rule|Dynamax Clause: You cannot dynamax\n|rule|Terastal Clause: You cannot Terastallize\n|rule|Same Type Clause: Pok\u00e9mon in a team must share a type\n|clearpoke\n|poke|p1|Klinklang|\n|poke|p1|Melmetal|\n|poke|p1|Stakataka|\n|poke|p1|Corviknight, M|\n|poke|p1|Ferrothorn, F|\n|poke|p1|Heatran, F|\n|poke|p2|Pheromosa|\n|poke|p2|Genesect|\n|poke|p2|Pinsir, M|\n|poke|p2|Araquanid, F|\n|poke|p2|Galvantula, F|\n|poke|p2|Armaldo, M|\n|teampreview\n|inactive|straightoutta14BC has 120 seconds left.\n|inactive|straightoutta14BC has 90 seconds left.\n|inactive|straightoutta14BC has 60 seconds left.\n|\n|t:|1698701238\n|start\n|switch|p1a: InSight|Heatran, F|100\/100\n|switch|p2a: Urban Guerrilla|Genesect, shiny|100\/100\n|-ability|p2a: Urban Guerrilla|Download|boost\n|-boost|p2a: Urban Guerrilla|spa|1\n|turn|1\n|\n|t:|1698701247\n|move|p2a: Urban Guerrilla|U-turn|p1a: InSight\n|-resisted|p1a: InSight\n|-damage|p1a: InSight|93\/100\n|-damage|p2a: Urban Guerrilla|91\/100|[from] item: Life Orb\n|\n|t:|1698701251\n|switch|p2a: Levitation|Araquanid, F, shiny|100\/100|[from] U-turn\n|move|p1a: InSight|Stealth Rock|p2a: Levitation\n|-sidestart|p2: BugCatcherRaidBoss|move: Stealth Rock\n|\n|upkeep\n|turn|2\n|\n|t:|1698701260\n|switch|p1a: Venera|Ferrothorn, F|100\/100\n|switch|p2a: Lord Of Light|Armaldo, M, shiny|100\/100\n|\n|upkeep\n|turn|3\n|j| Pex hater\n|\n|t:|1698701269\n|move|p2a: Lord Of Light|Knock Off|p1a: Venera\n|-damage|p1a: Venera|75\/100\n|-damage|p2a: Lord Of Light|88\/100|[from] ability: Iron Barbs|[of] p1a: Venera\n|-enditem|p1a: Venera|Leftovers|[from] move: Knock Off|[of] p2a: Lord Of Light\n|move|p1a: Venera|Spikes|p2a: Lord Of Light\n|-sidestart|p2: BugCatcherRaidBoss|Spikes\n|\n|upkeep\n|turn|4\n|\n|t:|1698701279\n|move|p2a: Lord Of Light|Stealth Rock|p1a: Venera\n|-sidestart|p1: straightoutta14BC|move: Stealth Rock\n|move|p1a: Venera|Leech Seed|p2a: Lord Of Light|[miss]\n|-miss|p1a: Venera|p2a: Lord Of Light\n|\n|upkeep\n|turn|5\n|\n|t:|1698701290\n|move|p2a: Lord Of Light|Rapid Spin|p1a: Venera\n|-resisted|p1a: Venera\n|-damage|p1a: Venera|69\/100\n|-boost|p2a: Lord Of Light|spe|1\n|-damage|p2a: Lord Of Light|76\/100|[from] ability: Iron Barbs|[of] p1a: Venera\n|-sideend|p2: BugCatcherRaidBoss|Spikes|[from] move: Rapid Spin|[of] p2a: Lord Of Light\n|-sideend|p2: BugCatcherRaidBoss|Stealth Rock|[from] move: Rapid Spin|[of] p2a: Lord Of Light\n|move|p1a: Venera|Leech Seed|p2a: Lord Of Light\n|-start|p2a: Lord Of Light|move: Leech Seed\n|\n|-damage|p2a: Lord Of Light|63\/100|[from] Leech Seed|[of] p1a: Venera\n|-heal|p1a: Venera|81\/100|[silent]\n|upkeep\n|turn|6\n|\n|t:|1698701303\n|switch|p2a: Brainbox pollution|Pinsir, M, shiny|100\/100\n|move|p1a: Venera|Spikes|p2a: Brainbox pollution\n|-sidestart|p2: BugCatcherRaidBoss|Spikes\n|\n|upkeep\n|turn|7\n|\n|t:|1698701312\n|switch|p1a: Skylon|Corviknight, M|100\/100\n|-damage|p1a: Skylon|88\/100|[from] Stealth Rock\n|-ability|p1a: Skylon|Pressure\n|detailschange|p2a: Brainbox pollution|Pinsir-Mega, M, shiny\n|-mega|p2a: Brainbox pollution|Pinsir|Pinsirite\n|move|p2a: Brainbox pollution|Swords Dance|p2a: Brainbox pollution\n|-boost|p2a: Brainbox pollution|atk|2\n|\n|-heal|p1a: Skylon|94\/100|[from] item: Leftovers\n|upkeep\n|turn|8\n|\n|t:|1698701328\n|move|p2a: Brainbox pollution|Close Combat|p1a: Skylon\n|-damage|p1a: Skylon|37\/100\n|-unboost|p2a: Brainbox pollution|def|1\n|-unboost|p2a: Brainbox pollution|spd|1\n|move|p1a: Skylon|Brave Bird|p2a: Brainbox pollution\n|-supereffective|p2a: Brainbox pollution\n|-damage|p2a: Brainbox pollution|0 fnt\n|faint|p2a: Brainbox pollution\n|-damage|p1a: Skylon|15\/100|[from] Recoil\n|\n|-heal|p1a: Skylon|21\/100|[from] item: Leftovers\n|upkeep\n|\n|t:|1698701342\n|switch|p2a: Lord Of Light|Armaldo, M, shiny|63\/100\n|turn|9\n|\n|t:|1698701349\n|move|p1a: Skylon|Roost|p1a: Skylon\n|-heal|p1a: Skylon|71\/100\n|-singleturn|p1a: Skylon|move: Roost\n|move|p2a: Lord Of Light|Knock Off|p1a: Skylon\n|-damage|p1a: Skylon|50\/100\n|-enditem|p1a: Skylon|Leftovers|[from] move: Knock Off|[of] p2a: Lord Of Light\n|\n|upkeep\n|turn|10\n|\n|t:|1698701359\n|move|p1a: Skylon|Defog|p2a: Lord Of Light\n|-unboost|p2a: Lord Of Light|evasion|1\n|-sideend|p2: BugCatcherRaidBoss|Spikes|[from] move: Defog|[of] p1a: Skylon\n|-sideend|p1: straightoutta14BC|Stealth Rock|[from] move: Defog|[of] p1a: Skylon\n|move|p2a: Lord Of Light|Rapid Spin|p1a: Skylon\n|-resisted|p1a: Skylon\n|-damage|p1a: Skylon|43\/100\n|-boost|p2a: Lord Of Light|spe|1\n|\n|upkeep\n|turn|11\n|\n|t:|1698701370\n|move|p2a: Lord Of Light|Stone Edge|p1a: Skylon\n|-damage|p1a: Skylon|9\/100\n|move|p1a: Skylon|Roost|p1a: Skylon\n|-heal|p1a: Skylon|59\/100\n|-singleturn|p1a: Skylon|move: Roost\n|\n|upkeep\n|turn|12\n|\n|t:|1698701383\n|move|p2a: Lord Of Light|Stealth Rock|p1a: Skylon\n|-sidestart|p1: straightoutta14BC|move: Stealth Rock\n|move|p1a: Skylon|Roost|p1a: Skylon\n|-heal|p1a: Skylon|100\/100\n|-singleturn|p1a: Skylon|move: Roost\n|\n|upkeep\n|turn|13\n|\n|t:|1698701391\n|switch|p2a: Motorhead|Galvantula, F, shiny|100\/100\n|move|p1a: Skylon|Defog|p2a: Motorhead\n|-unboost|p2a: Motorhead|evasion|1\n|-sideend|p1: straightoutta14BC|Stealth Rock|[from] move: Defog|[of] p1a: Skylon\n|\n|upkeep\n|turn|14\n|\n|t:|1698701400\n|switch|p1a: Venera|Ferrothorn, F|81\/100\n|move|p2a: Motorhead|Volt Switch|p1a: Venera\n|-resisted|p1a: Venera\n|-damage|p1a: Venera|68\/100\n|\n|t:|1698701407\n|switch|p2a: Brainstorm|Pheromosa, shiny|100\/100|[from] Volt Switch\n|\n|upkeep\n|turn|15\n|\n|t:|1698701414\n|switch|p1a: Skylon|Corviknight, M|100\/100\n|-ability|p1a: Skylon|Pressure\n|move|p2a: Brainstorm|Focus Blast|p1a: Skylon\n|-damage|p1a: Skylon|40\/100\n|\n|upkeep\n|turn|16\n|\n|t:|1698701422\n|move|p2a: Brainstorm|Focus Blast|p1a: Skylon\n|-damage|p1a: Skylon|0 fnt\n|faint|p1a: Skylon\n|-ability|p2a: Brainstorm|Beast Boost|boost\n|-boost|p2a: Brainstorm|spa|1\n|\n|upkeep\n|\n|t:|1698701425\n|switch|p1a: Shenzhou|Klinklang|100\/100\n|turn|17\n|\n|t:|1698701436\n|move|p2a: Brainstorm|Bug Buzz|p1a: Shenzhou\n|-resisted|p1a: Shenzhou\n|-damage|p1a: Shenzhou|54\/100\n|move|p1a: Shenzhou|Trick Room|p1a: Shenzhou\n|-fieldstart|move: Trick Room|[of] p1a: Shenzhou\n|\n|upkeep\n|turn|18\n|\n|t:|1698701444\n|switch|p2a: Urban Guerrilla|Genesect, shiny|91\/100\n|-ability|p2a: Urban Guerrilla|Download|boost\n|-boost|p2a: Urban Guerrilla|spa|1\n|move|p1a: Shenzhou|Steel Beam|p2a: Urban Guerrilla\n|-resisted|p2a: Urban Guerrilla\n|-damage|p2a: Urban Guerrilla|56\/100\n|-damage|p1a: Shenzhou|4\/100|[from] steelbeam\n|\n|upkeep\n|turn|19\n|\n|t:|1698701460\n|move|p2a: Urban Guerrilla|Extreme Speed|p1a: Shenzhou\n|-resisted|p1a: Shenzhou\n|-damage|p1a: Shenzhou|0 fnt\n|faint|p1a: Shenzhou\n|-damage|p2a: Urban Guerrilla|46\/100|[from] item: Life Orb\n|\n|upkeep\n|\n|t:|1698701467\n|switch|p1a: ISS|Stakataka|100\/100\n|turn|20\n|\n|t:|1698701473\n|move|p1a: ISS|Heat Crash|p2a: Urban Guerrilla\n|-supereffective|p2a: Urban Guerrilla\n|-damage|p2a: Urban Guerrilla|0 fnt\n|faint|p2a: Urban Guerrilla\n|-ability|p1a: ISS|Beast Boost|boost\n|-boost|p1a: ISS|atk|1\n|\n|upkeep\n|\n|t:|1698701480\n|switch|p2a: Motorhead|Galvantula, F, shiny|100\/100\n|turn|21\n|\n|t:|1698701487\n|move|p1a: ISS|Gyro Ball|p2a: Motorhead\n|-resisted|p2a: Motorhead\n|-enditem|p2a: Motorhead|Focus Sash\n|-damage|p2a: Motorhead|1\/100\n|move|p2a: Motorhead|Thunder|p1a: ISS\n|-damage|p1a: ISS|52\/100\n|\n|-fieldend|move: Trick Room\n|upkeep\n|turn|22\n|\n|t:|1698701499\n|move|p2a: Motorhead|Thunder|p1a: ISS\n|-damage|p1a: ISS|5\/100\n|-status|p1a: ISS|par\n|move|p1a: ISS|Trick Room|p1a: ISS\n|-fieldstart|move: Trick Room|[of] p1a: ISS\n|\n|upkeep\n|turn|23\n|\n|t:|1698701511\n|move|p1a: ISS|Gyro Ball|p2a: Motorhead\n|-resisted|p2a: Motorhead\n|-damage|p2a: Motorhead|0 fnt\n|faint|p2a: Motorhead\n|-ability|p1a: ISS|Beast Boost|boost\n|-boost|p1a: ISS|atk|1\n|\n|upkeep\n|\n|t:|1698701517\n|switch|p2a: Lord Of Light|Armaldo, M, shiny|63\/100\n|turn|24\n|\n|t:|1698701522\n|move|p1a: ISS|Gyro Ball|p2a: Lord Of Light\n|-supereffective|p2a: Lord Of Light\n|-damage|p2a: Lord Of Light|0 fnt\n|faint|p2a: Lord Of Light\n|-ability|p1a: ISS|Beast Boost|boost\n|-boost|p1a: ISS|atk|1\n|\n|upkeep\n|\n|t:|1698701528\n|switch|p2a: Levitation|Araquanid, F, shiny|100\/100\n|turn|25\n|\n|t:|1698701533\n|-zpower|p1a: ISS\n|move|p1a: ISS|Continental Crush|p2a: Levitation|[zeffect]\n|-supereffective|p2a: Levitation\n|-damage|p2a: Levitation|0 fnt\n|faint|p2a: Levitation\n|-ability|p1a: ISS|Beast Boost|boost\n|-boost|p1a: ISS|atk|1\n|\n|upkeep\n|\n|t:|1698701544\n|switch|p2a: Brainstorm|Pheromosa, shiny|100\/100\n|turn|26\n|\n|t:|1698701547\n|move|p1a: ISS|Gyro Ball|p2a: Brainstorm\n|-enditem|p2a: Brainstorm|Focus Sash\n|-damage|p2a: Brainstorm|1\/100\n|move|p2a: Brainstorm|Quiver Dance|p2a: Brainstorm\n|-boost|p2a: Brainstorm|spa|1\n|-boost|p2a: Brainstorm|spd|1\n|-boost|p2a: Brainstorm|spe|1\n|\n|-fieldend|move: Trick Room\n|upkeep\n|turn|27\n|\n|t:|1698701558\n|move|p2a: Brainstorm|Bug Buzz|p1a: ISS\n|-resisted|p1a: ISS\n|-damage|p1a: ISS|0 fnt\n|faint|p1a: ISS\n|-ability|p2a: Brainstorm|Beast Boost|boost\n|-boost|p2a: Brainstorm|spa|1\n|\n|upkeep\n|-message|straightoutta14BC forfeited.\n|\n|win|BugCatcherRaidBoss\n|n|\u2606straightoutta14BC|straightoutta14bc\n|n|\u2606BugCatcherRaidBoss|bugcatcherraidboss\n|n| Pex hater|pexhater\n","uploadtime":1698701568,"views":8,"p1id":"straightoutta14bc","p2id":"bugcatcherraidboss","formatid":"gen9nationaldexubers","rating":0,"private":0,"password":""}