{"id":"gen9nationaldexubers-1979198434","p1":"sngm1103s","p2":"Jimmy9876543567878","format":"[Gen 9] National Dex Ubers","log":"|j|\u2606sngm1103s\n|j|\u2606Jimmy9876543567878\n|t:|1698649797\n|gametype|singles\n|player|p1|sngm1103s|dawn-gen4pt|1242\n|player|p2|Jimmy9876543567878|266|1273\n|teamsize|p1|6\n|teamsize|p2|6\n|gen|9\n|tier|[Gen 9] National Dex Ubers\n|rated|\n|rule|HP Percentage Mod: HP is shown in percentages\n|rule|Endless Battle Clause: Forcing endless battles is banned\n|rule|OHKO Clause: OHKO moves are banned\n|rule|Evasion Moves Clause: Evasion moves are banned\n|rule|Evasion Items Clause: Evasion items are banned\n|rule|Species Clause: Limit one of each Pok\u00e9mon\n|rule|Sleep Clause Mod: Limit one foe put to sleep\n|rule|Mega Rayquaza Clause: You cannot mega evolve Rayquaza\n|clearpoke\n|poke|p1|Naganadel|\n|poke|p1|Zacian-*|\n|poke|p1|Yveltal|\n|poke|p1|Groudon|\n|poke|p1|Urshifu-*, M|\n|poke|p1|Ho-Oh|\n|poke|p2|Heatran, M|\n|poke|p2|Necrozma-Dusk-Mane|\n|poke|p2|Kangaskhan, F|\n|poke|p2|Ogerpon-Wellspring, F|\n|poke|p2|Cresselia, F|\n|poke|p2|Glimmora, M|\n|teampreview\n|inactive|Battle timer is ON: inactive players will automatically lose when time's up. (requested by Jimmy9876543567878)\n|\n|t:|1698649812\n|start\n|switch|p1a: Ho-Oh|Ho-Oh|100\/100\n|switch|p2a: Guess my item|Glimmora, M|100\/100\n|turn|1\n|\n|t:|1698649819\n|move|p2a: Guess my item|Toxic Spikes|p1a: Ho-Oh\n|-sidestart|p1: sngm1103s|move: Toxic Spikes\n|move|p1a: Ho-Oh|Earthquake|p2a: Guess my item\n|-supereffective|p2a: Guess my item\n|-enditem|p2a: Guess my item|Focus Sash\n|-damage|p2a: Guess my item|1\/100\n|-activate|p2a: Guess my item|ability: Toxic Debris\n|-sidestart|p1: sngm1103s|move: Toxic Spikes\n|\n|upkeep\n|turn|2\n|\n|t:|1698649830\n|move|p2a: Guess my item|Stealth Rock|p1a: Ho-Oh\n|-sidestart|p1: sngm1103s|move: Stealth Rock\n|move|p1a: Ho-Oh|Defog|p2a: Guess my item\n|-unboost|p2a: Guess my item|evasion|1\n|-sideend|p1: sngm1103s|Toxic Spikes|[from] move: Defog|[of] p1a: Ho-Oh\n|-sideend|p1: sngm1103s|Stealth Rock|[from] move: Defog|[of] p1a: Ho-Oh\n|\n|upkeep\n|turn|3\n|\n|t:|1698649837\n|move|p2a: Guess my item|Stealth Rock|p1a: Ho-Oh\n|-sidestart|p1: sngm1103s|move: Stealth Rock\n|move|p1a: Ho-Oh|Earthquake|p2a: Guess my item\n|-supereffective|p2a: Guess my item\n|-damage|p2a: Guess my item|0 fnt\n|-activate|p2a: Guess my item|ability: Toxic Debris\n|-sidestart|p1: sngm1103s|move: Toxic Spikes\n|faint|p2a: Guess my item\n|\n|upkeep\n|\n|t:|1698649846\n|switch|p2a: Portable heater|Heatran, M|100\/100\n|turn|4\n|\n|t:|1698649851\n|-terastallize|p2a: Portable heater|Flying\n|move|p1a: Ho-Oh|Earthquake|p2a: Portable heater\n|-immune|p2a: Portable heater\n|move|p2a: Portable heater|Power Gem|p1a: Ho-Oh\n|-supereffective|p1a: Ho-Oh\n|-damage|p1a: Ho-Oh|33\/100\n|\n|upkeep\n|turn|5\n|\n|t:|1698649859\n|move|p1a: Ho-Oh|Defog|p2a: Portable heater\n|-unboost|p2a: Portable heater|evasion|1\n|-sideend|p1: sngm1103s|Toxic Spikes|[from] move: Defog|[of] p1a: Ho-Oh\n|-sideend|p1: sngm1103s|Stealth Rock|[from] move: Defog|[of] p1a: Ho-Oh\n|move|p2a: Portable heater|Power Gem|p1a: Ho-Oh\n|-supereffective|p1a: Ho-Oh\n|-damage|p1a: Ho-Oh|0 fnt\n|faint|p1a: Ho-Oh\n|\n|upkeep\n|\n|t:|1698649876\n|switch|p1a: Yveltal|Yveltal|100\/100\n|-ability|p1a: Yveltal|Dark Aura\n|turn|6\n|\n|t:|1698649884\n|-terastallize|p1a: Yveltal|Dark\n|move|p1a: Yveltal|Knock Off|p2a: Portable heater\n|-damage|p2a: Portable heater|0 fnt\n|-enditem|p2a: Portable heater|Leftovers|[from] move: Knock Off|[of] p1a: Yveltal\n|faint|p2a: Portable heater\n|\n|upkeep\n|\n|t:|1698649897\n|switch|p2a: Single mom|Kangaskhan, F|100\/100\n|turn|7\n|\n|t:|1698649906\n|switch|p1a: Zacian|Zacian-Crowned|100\/100\n|-ability|p1a: Zacian|Intrepid Sword|boost\n|-boost|p1a: Zacian|atk|1\n|detailschange|p2a: Single mom|Kangaskhan-Mega, F\n|-mega|p2a: Single mom|Kangaskhan|Kangaskhanite\n|move|p2a: Single mom|Fake Out|p1a: Zacian\n|-resisted|p1a: Zacian\n|-damage|p1a: Zacian|89\/100\n|-resisted|p1a: Zacian\n|-damage|p1a: Zacian|87\/100\n|-hitcount|p1a: Zacian|2\n|\n|upkeep\n|turn|8\n|\n|t:|1698649920\n|move|p1a: Zacian|Behemoth Blade|p2a: Single mom\n|-damage|p2a: Single mom|11\/100\n|move|p2a: Single mom|Drain Punch|p1a: Zacian\n|-damage|p1a: Zacian|62\/100\n|-heal|p2a: Single mom|22\/100|[from] drain|[of] p1a: Zacian\n|-damage|p1a: Zacian|55\/100\n|-heal|p2a: Single mom|25\/100|[from] drain|[of] p1a: Zacian\n|-hitcount|p1a: Zacian|2\n|\n|upkeep\n|turn|9\n|\n|t:|1698649933\n|move|p1a: Zacian|Behemoth Blade|p2a: Single mom\n|-damage|p2a: Single mom|0 fnt\n|faint|p2a: Single mom\n|\n|upkeep\n|\n|t:|1698649940\n|switch|p2a: I Like light|Necrozma-Dusk-Mane|100\/100\n|turn|10\n|\n|t:|1698649950\n|switch|p1a: Groudon|Groudon|100\/100\n|detailschange|p1a: Groudon|Groudon-Primal\n|-primal|p1a: Groudon|Red Orb\n|-weather|DesolateLand|[from] ability: Desolate Land|[of] p1a: Groudon\n|move|p2a: I Like light|Sunsteel Strike|p1a: Groudon\n|-resisted|p1a: Groudon\n|-damage|p1a: Groudon|84\/100\n|\n|-weather|DesolateLand|[upkeep]\n|upkeep\n|turn|11\n|\n|t:|1698649962\n|detailschange|p2a: I Like light|Necrozma-Ultra\n|-burst|p2a: I Like light|Necrozma|Ultranecrozium Z\n|move|p2a: I Like light|Dragon Dance|p2a: I Like light\n|-boost|p2a: I Like light|atk|1\n|-boost|p2a: I Like light|spe|1\n|move|p1a: Groudon|Stealth Rock|p2a: I Like light\n|-sidestart|p2: Jimmy9876543567878|move: Stealth Rock\n|\n|-weather|DesolateLand|[upkeep]\n|upkeep\n|turn|12\n|\n|t:|1698649974\n|-zpower|p2a: I Like light\n|move|p2a: I Like light|Light That Burns the Sky|p1a: Groudon|[zeffect]\n|-damage|p1a: Groudon|0 fnt\n|faint|p1a: Groudon\n|-weather|none\n|\n|upkeep\n|\n|t:|1698649981\n|switch|p1a: Yveltal|Yveltal, tera:Dark|100\/100\n|-ability|p1a: Yveltal|Dark Aura\n|turn|13\n|\n|t:|1698649988\n|move|p1a: Yveltal|Sucker Punch|p2a: I Like light\n|-supereffective|p2a: I Like light\n|-damage|p2a: I Like light|0 fnt\n|faint|p2a: I Like light\n|\n|upkeep\n|\n|t:|1698649995\n|switch|p2a: Tragedy|Ogerpon-Wellspring, F|100\/100\n|-damage|p2a: Tragedy|88\/100|[from] Stealth Rock\n|turn|14\n|\n|t:|1698649999\n|move|p2a: Tragedy|U-turn|p1a: Yveltal\n|-supereffective|p1a: Yveltal\n|-damage|p1a: Yveltal|58\/100\n|\n|t:|1698650002\n|switch|p2a: Not a Fairy?|Cresselia, F|100\/100|[from] U-turn\n|-damage|p2a: Not a Fairy?|88\/100|[from] Stealth Rock\n|move|p1a: Yveltal|Knock Off|p2a: Not a Fairy?\n|-supereffective|p2a: Not a Fairy?\n|-damage|p2a: Not a Fairy?|0 fnt\n|-enditem|p2a: Not a Fairy?|Leftovers|[from] move: Knock Off|[of] p1a: Yveltal\n|faint|p2a: Not a Fairy?\n|\n|upkeep\n|\n|t:|1698650013\n|switch|p2a: Tragedy|Ogerpon-Wellspring, F|88\/100\n|-damage|p2a: Tragedy|76\/100|[from] Stealth Rock\n|turn|15\n|\n|t:|1698650018\n|move|p1a: Yveltal|Sucker Punch|p2a: Tragedy\n|-damage|p2a: Tragedy|0 fnt\n|faint|p2a: Tragedy\n|\n|win|sngm1103s\n|raw|sngm1103s's rating: 1263 &rarr; <strong>1289<\/strong><br \/>(+26 for winning)\n|raw|Jimmy9876543567878's rating: 1273 &rarr; <strong>1247<\/strong><br \/>(-26 for losing)\n","uploadtime":1698650029,"views":20,"p1id":"sngm1103s","p2id":"jimmy9876543567878","formatid":"gen9nationaldexubers","rating":1247,"private":0,"password":""}