{"id":"gen9nationaldexubers-1996042386","p1":"XX_1nfinity_XX","p2":"Hussumon2","format":"[Gen 9] National Dex Ubers","log":"|j|\u2606XX_1nfinity_XX\n|j|\u2606Hussumon2\n|t:|1700634142\n|gametype|singles\n|player|p1|XX_1nfinity_XX|steven|\n|player|p2|Hussumon2|palmer|\n|teamsize|p1|6\n|teamsize|p2|6\n|gen|9\n|tier|[Gen 9] National Dex Ubers\n|rule|HP Percentage Mod: HP is shown in percentages\n|rule|Endless Battle Clause: Forcing endless battles is banned\n|rule|OHKO Clause: OHKO moves are banned\n|rule|Evasion Moves Clause: Evasion moves are banned\n|rule|Evasion Items Clause: Evasion items are banned\n|rule|Species Clause: Limit one of each Pok\u00e9mon\n|rule|Sleep Clause Mod: Limit one foe put to sleep\n|rule|Mega Rayquaza Clause: You cannot mega evolve Rayquaza\n|clearpoke\n|poke|p1|Lopunny, M|\n|poke|p1|Ursaluna-Bloodmoon, M|\n|poke|p1|Porygon-Z|\n|poke|p1|Shuckle, M|\n|poke|p1|Slaking, M|\n|poke|p1|Ambipom, F|\n|poke|p2|Annihilape, M|\n|poke|p2|Iron Bundle|\n|poke|p2|Gliscor, M|\n|poke|p2|Tapu Koko|\n|poke|p2|Ferrothorn, M|\n|poke|p2|Moltres|\n|teampreview\n|inactive|Battle timer is ON: inactive players will automatically lose when time's up. (requested by Hussumon2)\n|inactive|XX_1nfinity_XX also wants the timer to be on.\n|c|\u2606Hussumon2|YES THE SHUCKLE\n|c|\u2606XX_1nfinity_XX|trust me the shuckle is a web setter\n|\n|t:|1700634160\n|start\n|switch|p1a: Shuckle|Shuckle, M|100\/100\n|switch|p2a: Gliscor|Gliscor, M|100\/100\n|turn|1\n|c|\u2606XX_1nfinity_XX|:]\n|\n|t:|1700634165\n|move|p2a: Gliscor|Knock Off|p1a: Shuckle\n|-damage|p1a: Shuckle|86\/100\n|-enditem|p1a: Shuckle|Mental Herb|[from] move: Knock Off|[of] p2a: Gliscor\n|move|p1a: Shuckle|Sticky Web|p2a: Gliscor\n|-sidestart|p2: Hussumon2|move: Sticky Web\n|\n|-status|p2a: Gliscor|tox|[from] item: Toxic Orb\n|upkeep\n|turn|2\n|\n|t:|1700634174\n|move|p2a: Gliscor|Stealth Rock|p1a: Shuckle\n|-sidestart|p1: XX_1nfinity_XX|move: Stealth Rock\n|move|p1a: Shuckle|Final Gambit|p2a: Gliscor\n|-damage|p2a: Gliscor|42\/100 tox\n|faint|p1a: Shuckle\n|\n|-heal|p2a: Gliscor|54\/100 tox|[from] ability: Poison Heal\n|upkeep\n|\n|t:|1700634188\n|switch|p1a: Ambipom|Ambipom, F|100\/100\n|-damage|p1a: Ambipom|88\/100|[from] Stealth Rock\n|turn|3\n|c|\u2606Hussumon2|It was\n|\n|t:|1700634192\n|move|p2a: Gliscor|Protect|p2a: Gliscor\n|-singleturn|p2a: Gliscor|Protect\n|move|p1a: Ambipom|Trailblaze|p2a: Gliscor\n|-activate|p2a: Gliscor|move: Protect\n|\n|-heal|p2a: Gliscor|67\/100 tox|[from] ability: Poison Heal\n|upkeep\n|turn|4\n|c|\u2606XX_1nfinity_XX|told ya\n|\n|t:|1700634200\n|switch|p2a: Annihilape|Annihilape, M|100\/100\n|-activate|p2a: Annihilape|move: Sticky Web\n|-unboost|p2a: Annihilape|spe|1\n|-ability|p2a: Annihilape|Defiant|boost\n|-boost|p2a: Annihilape|atk|2\n|move|p1a: Ambipom|Power-Up Punch|p2a: Annihilape\n|-immune|p2a: Annihilape\n|\n|upkeep\n|turn|5\n|\n|t:|1700634213\n|-terastallize|p1a: Ambipom|Flying\n|move|p1a: Ambipom|Aerial Ace|p2a: Annihilape\n|-supereffective|p2a: Annihilape\n|-damage|p2a: Annihilape|0 fnt\n|faint|p2a: Annihilape\n|-damage|p1a: Ambipom|78\/100|[from] item: Life Orb\n|\n|upkeep\n|c|\u2606XX_1nfinity_XX|haha\n|\n|t:|1700634224\n|switch|p2a: Tapu Koko|Tapu Koko|100\/100\n|-fieldstart|move: Electric Terrain|[from] ability: Electric Surge|[of] p2a: Tapu Koko\n|turn|6\n|c|\u2606XX_1nfinity_XX|Ambipom jumpscare\n|\n|t:|1700634232\n|switch|p1a: Slaking|Slaking, M|100\/100\n|-damage|p1a: Slaking|88\/100|[from] Stealth Rock\n|move|p2a: Tapu Koko|Volt Switch|p1a: Slaking\n|-damage|p1a: Slaking|44\/100\n|\n|t:|1700634241\n|switch|p2a: Gliscor|Gliscor, M|67\/100 tox|[from] Volt Switch\n|\n|-heal|p2a: Gliscor|79\/100 tox|[from] ability: Poison Heal\n|upkeep\n|turn|7\n|\n|t:|1700634244\n|move|p1a: Slaking|Giga Impact|p2a: Gliscor\n|-damage|p2a: Gliscor|4\/100 tox\n|-mustrecharge|p1a: Slaking\n|move|p2a: Gliscor|Knock Off|p1a: Slaking\n|-damage|p1a: Slaking|29\/100\n|-enditem|p1a: Slaking|Choice Scarf|[from] move: Knock Off|[of] p2a: Gliscor\n|\n|-heal|p2a: Gliscor|17\/100 tox|[from] ability: Poison Heal\n|upkeep\n|turn|8\n|\n|t:|1700634251\n|cant|p1a: Slaking|recharge\n|move|p2a: Gliscor|Earthquake|p1a: Slaking\n|-damage|p1a: Slaking|3\/100\n|\n|-heal|p2a: Gliscor|29\/100 tox|[from] ability: Poison Heal\n|upkeep\n|turn|9\n|c|\u2606XX_1nfinity_XX|offf\n|j| Just B3A$T\n|\n|t:|1700634262\n|move|p2a: Gliscor|Protect|p2a: Gliscor\n|-singleturn|p2a: Gliscor|Protect\n|move|p1a: Slaking|Giga Impact|p2a: Gliscor\n|-activate|p2a: Gliscor|move: Protect\n|\n|-heal|p2a: Gliscor|42\/100 tox|[from] ability: Poison Heal\n|upkeep\n|turn|10\n|c| Just B3A$T|I'm next\n|\n|t:|1700634267\n|cant|p1a: Slaking|ability: Truant\n|move|p2a: Gliscor|Earthquake|p1a: Slaking\n|-damage|p1a: Slaking|0 fnt\n|faint|p1a: Slaking\n|\n|-heal|p2a: Gliscor|54\/100 tox|[from] ability: Poison Heal\n|-fieldend|move: Electric Terrain\n|upkeep\n|c|\u2606XX_1nfinity_XX|rude\n|\n|t:|1700634280\n|switch|p1a: Porygon-Z|Porygon-Z|100\/100\n|-damage|p1a: Porygon-Z|88\/100|[from] Stealth Rock\n|turn|11\n|c|\u2606XX_1nfinity_XX|ohh no\n|c|\u2606XX_1nfinity_XX|wrong z\n|\n|t:|1700634292\n|move|p2a: Gliscor|Protect|p2a: Gliscor\n|-singleturn|p2a: Gliscor|Protect\n|move|p1a: Porygon-Z|Ice Beam|p2a: Gliscor\n|-activate|p2a: Gliscor|move: Protect\n|\n|-heal|p2a: Gliscor|67\/100 tox|[from] ability: Poison Heal\n|upkeep\n|turn|12\n|\n|t:|1700634302\n|switch|p2a: Tapu Koko|Tapu Koko|100\/100\n|-fieldstart|move: Electric Terrain|[from] ability: Electric Surge|[of] p2a: Tapu Koko\n|move|p1a: Porygon-Z|Nasty Plot|p1a: Porygon-Z\n|-boost|p1a: Porygon-Z|spa|2\n|\n|upkeep\n|turn|13\n|\n|t:|1700634313\n|move|p2a: Tapu Koko|Volt Switch|p1a: Porygon-Z\n|-damage|p1a: Porygon-Z|31\/100\n|\n|t:|1700634317\n|switch|p2a: Ferrothorn|Ferrothorn, M|100\/100|[from] Volt Switch\n|-activate|p2a: Ferrothorn|move: Sticky Web\n|-unboost|p2a: Ferrothorn|spe|1\n|move|p1a: Porygon-Z|Conversion|p1a: Porygon-Z\n|-start|p1a: Porygon-Z|typechange|Electric\n|\n|upkeep\n|turn|14\n|c|\u2606XX_1nfinity_XX|lets see\n|\n|t:|1700634328\n|-zpower|p1a: Porygon-Z\n|move|p1a: Porygon-Z|Gigavolt Havoc|p2a: Ferrothorn|[zeffect]\n|-resisted|p2a: Ferrothorn\n|-damage|p2a: Ferrothorn|0 fnt\n|faint|p2a: Ferrothorn\n|\n|upkeep\n|c| Just B3A$T|what's your restriction\n|\n|t:|1700634334\n|switch|p2a: Iron Bundle|Iron Bundle|100\/100\n|-activate|p2a: Iron Bundle|ability: Quark Drive\n|-start|p2a: Iron Bundle|quarkdrivespe\n|turn|15\n|c|\u2606XX_1nfinity_XX|WTF\n|c|\u2606XX_1nfinity_XX|thats too muchdamage\n|\n|t:|1700634348\n|move|p2a: Iron Bundle|Ice Beam|p1a: Porygon-Z\n|-damage|p1a: Porygon-Z|0 fnt\n|faint|p1a: Porygon-Z\n|\n|upkeep\n|\n|t:|1700634355\n|switch|p1a: Lopunny|Lopunny, M|100\/100\n|-damage|p1a: Lopunny|88\/100|[from] Stealth Rock\n|turn|16\n|\n|t:|1700634361\n|-end|p2a: Iron Bundle|Quark Drive|[silent]\n|switch|p2a: Moltres|Moltres|100\/100\n|-ability|p2a: Moltres|Pressure\n|detailschange|p1a: Lopunny|Lopunny-Mega, M\n|-mega|p1a: Lopunny|Lopunny|Lopunnite\n|move|p1a: Lopunny|Fake Out|p2a: Moltres\n|-crit|p2a: Moltres\n|-damage|p2a: Moltres|67\/100\n|\n|-fieldend|move: Electric Terrain\n|upkeep\n|turn|17\n|\n|t:|1700634370\n|switch|p1a: Ursaluna|Ursaluna-Bloodmoon, M|100\/100\n|-damage|p1a: Ursaluna|94\/100|[from] Stealth Rock\n|move|p2a: Moltres|Hurricane|p1a: Ursaluna\n|-damage|p1a: Ursaluna|47\/100\n|\n|-heal|p1a: Ursaluna|53\/100|[from] item: Leftovers\n|upkeep\n|turn|18\n|\n|t:|1700634379\n|move|p2a: Moltres|U-turn|p1a: Ursaluna\n|-damage|p1a: Ursaluna|46\/100\n|\n|t:|1700634382\n|switch|p2a: Gliscor|Gliscor, M|67\/100 tox|[from] U-turn\n|move|p1a: Ursaluna|Blood Moon|p2a: Gliscor\n|-damage|p2a: Gliscor|8\/100 tox\n|\n|-heal|p1a: Ursaluna|52\/100|[from] item: Leftovers\n|-heal|p2a: Gliscor|21\/100 tox|[from] ability: Poison Heal\n|upkeep\n|turn|19\n|\n|t:|1700634388\n|move|p2a: Gliscor|Knock Off|p1a: Ursaluna\n|-damage|p1a: Ursaluna|40\/100\n|-enditem|p1a: Ursaluna|Leftovers|[from] move: Knock Off|[of] p2a: Gliscor\n|move|p1a: Ursaluna|Moonlight|p1a: Ursaluna\n|-heal|p1a: Ursaluna|90\/100\n|\n|-heal|p2a: Gliscor|33\/100 tox|[from] ability: Poison Heal\n|upkeep\n|turn|20\n|\n|t:|1700634394\n|move|p2a: Gliscor|Protect|p2a: Gliscor\n|-singleturn|p2a: Gliscor|Protect\n|move|p1a: Ursaluna|Calm Mind|p1a: Ursaluna\n|-boost|p1a: Ursaluna|spa|1\n|-boost|p1a: Ursaluna|spd|1\n|\n|-heal|p2a: Gliscor|45\/100 tox|[from] ability: Poison Heal\n|upkeep\n|turn|21\n|\n|t:|1700634402\n|move|p2a: Gliscor|Earthquake|p1a: Ursaluna\n|-damage|p1a: Ursaluna|72\/100\n|move|p1a: Ursaluna|Calm Mind|p1a: Ursaluna\n|-boost|p1a: Ursaluna|spa|1\n|-boost|p1a: Ursaluna|spd|1\n|\n|-heal|p2a: Gliscor|58\/100 tox|[from] ability: Poison Heal\n|upkeep\n|turn|22\n|\n|t:|1700634409\n|move|p2a: Gliscor|Earthquake|p1a: Ursaluna\n|-damage|p1a: Ursaluna|56\/100\n|move|p1a: Ursaluna|Calm Mind|p1a: Ursaluna\n|-boost|p1a: Ursaluna|spa|1\n|-boost|p1a: Ursaluna|spd|1\n|\n|-heal|p2a: Gliscor|70\/100 tox|[from] ability: Poison Heal\n|upkeep\n|turn|23\n|\n|t:|1700634414\n|move|p2a: Gliscor|Earthquake|p1a: Ursaluna\n|-damage|p1a: Ursaluna|39\/100\n|move|p1a: Ursaluna|Moonlight|p1a: Ursaluna\n|-heal|p1a: Ursaluna|89\/100\n|\n|-heal|p2a: Gliscor|83\/100 tox|[from] ability: Poison Heal\n|upkeep\n|turn|24\n|\n|t:|1700634419\n|move|p2a: Gliscor|Earthquake|p1a: Ursaluna\n|-damage|p1a: Ursaluna|72\/100\n|move|p1a: Ursaluna|Calm Mind|p1a: Ursaluna\n|-boost|p1a: Ursaluna|spa|1\n|-boost|p1a: Ursaluna|spd|1\n|\n|-heal|p2a: Gliscor|95\/100 tox|[from] ability: Poison Heal\n|upkeep\n|turn|25\n|\n|t:|1700634423\n|move|p2a: Gliscor|Earthquake|p1a: Ursaluna\n|-damage|p1a: Ursaluna|56\/100\n|move|p1a: Ursaluna|Calm Mind|p1a: Ursaluna\n|-boost|p1a: Ursaluna|spa|1\n|-boost|p1a: Ursaluna|spd|1\n|\n|-heal|p2a: Gliscor|100\/100 tox|[from] ability: Poison Heal\n|upkeep\n|turn|26\n|\n|t:|1700634427\n|move|p2a: Gliscor|Earthquake|p1a: Ursaluna\n|-damage|p1a: Ursaluna|40\/100\n|move|p1a: Ursaluna|Moonlight|p1a: Ursaluna\n|-heal|p1a: Ursaluna|90\/100\n|\n|upkeep\n|turn|27\n|c| Just B3A$T|rather greedy\n|c|\u2606XX_1nfinity_XX|this should tank bundles\n|c|\u2606Hussumon2|I went full cocaine\n|c|\u2606Hussumon2|Woops\n|\n|t:|1700634446\n|move|p2a: Gliscor|Earthquake|p1a: Ursaluna\n|-damage|p1a: Ursaluna|71\/100\n|move|p1a: Ursaluna|Calm Mind|p1a: Ursaluna\n|-boost|p1a: Ursaluna|spa|1\n|-boost|p1a: Ursaluna|spd|1\n|\n|upkeep\n|turn|28\n|c|\u2606Hussumon2|Ggs\n|c| Just B3A$T|pain\n|c|\u2606XX_1nfinity_XX|ggs\n|\n|t:|1700634453\n|move|p2a: Gliscor|Earthquake|p1a: Ursaluna\n|-crit|p1a: Ursaluna\n|-damage|p1a: Ursaluna|45\/100\n|move|p1a: Ursaluna|Moonlight|p1a: Ursaluna\n|-heal|p1a: Ursaluna|95\/100\n|\n|upkeep\n|turn|29\n|\n|t:|1700634457\n|move|p2a: Gliscor|Earthquake|p1a: Ursaluna\n|-damage|p1a: Ursaluna|78\/100\n|move|p1a: Ursaluna|Blood Moon|p2a: Gliscor\n|-damage|p2a: Gliscor|0 fnt\n|faint|p2a: Gliscor\n|\n|upkeep\n|\n|t:|1700634465\n|switch|p2a: Iron Bundle|Iron Bundle|100\/100\n|turn|30\n|\n|t:|1700634470\n|move|p2a: Iron Bundle|Hydro Pump|p1a: Ursaluna\n|-supereffective|p1a: Ursaluna\n|-damage|p1a: Ursaluna|48\/100\n|move|p1a: Ursaluna|Earth Power|p2a: Iron Bundle\n|-damage|p2a: Iron Bundle|0 fnt\n|faint|p2a: Iron Bundle\n|-end|p2a: Iron Bundle|Quark Drive|[silent]\n|\n|upkeep\n|\n|t:|1700634476\n|switch|p2a: Tapu Koko|Tapu Koko|100\/100\n|-fieldstart|move: Electric Terrain|[from] ability: Electric Surge|[of] p2a: Tapu Koko\n|turn|31\n|c|\u2606XX_1nfinity_XX|ambipom jumpscare was the best\n|\n|t:|1700634483\n|-terastallize|p2a: Tapu Koko|Fairy\n|move|p2a: Tapu Koko|Dazzling Gleam|p1a: Ursaluna\n|-crit|p1a: Ursaluna\n|-damage|p1a: Ursaluna|0 fnt\n|faint|p1a: Ursaluna\n|\n|upkeep\n|c|\u2606XX_1nfinity_XX|rip\n|c| Just B3A$T|LMAOOO\n|c|\u2606Hussumon2|Oh\n|\n|t:|1700634494\n|switch|p1a: Lopunny|Lopunny-Mega, M|88\/100\n|-damage|p1a: Lopunny|82\/100|[from] Stealth Rock\n|turn|32\n|\n|t:|1700634497\n|move|p1a: Lopunny|Fake Out|p2a: Tapu Koko\n|-damage|p2a: Tapu Koko|71\/100\n|cant|p2a: Tapu Koko|flinch\n|\n|upkeep\n|turn|33\n|\n|t:|1700634513\n|move|p1a: Lopunny|U-turn|p2a: Tapu Koko\n|-resisted|p2a: Tapu Koko\n|-damage|p2a: Tapu Koko|53\/100\n|\n|t:|1700634516\n|switch|p1a: Ambipom|Ambipom, F, tera:Flying|78\/100|[from] U-turn\n|-damage|p1a: Ambipom|53\/100|[from] Stealth Rock\n|move|p2a: Tapu Koko|Dazzling Gleam|p1a: Ambipom\n|-damage|p1a: Ambipom|0 fnt\n|faint|p1a: Ambipom\n|\n|upkeep\n|\n|t:|1700634520\n|switch|p1a: Lopunny|Lopunny-Mega, M|82\/100\n|-damage|p1a: Lopunny|77\/100|[from] Stealth Rock\n|turn|34\n|\n|t:|1700634528\n|move|p1a: Lopunny|Fake Out|p2a: Tapu Koko\n|-damage|p2a: Tapu Koko|21\/100\n|cant|p2a: Tapu Koko|flinch\n|\n|upkeep\n|turn|35\n|\n|t:|1700634532\n|move|p1a: Lopunny|Ice Punch|p2a: Tapu Koko\n|-damage|p2a: Tapu Koko|0 fnt\n|faint|p2a: Tapu Koko\n|\n|-fieldend|move: Electric Terrain\n|upkeep\n|\n|t:|1700634535\n|switch|p2a: Moltres|Moltres|67\/100\n|-ability|p2a: Moltres|Pressure\n|turn|36\n|c|\u2606XX_1nfinity_XX|uhh freeze please\n|\n|t:|1700634545\n|move|p1a: Lopunny|Ice Punch|p2a: Moltres\n|-crit|p2a: Moltres\n|-damage|p2a: Moltres|26\/100\n|move|p2a: Moltres|Hurricane|p1a: Lopunny\n|-supereffective|p1a: Lopunny\n|-damage|p1a: Lopunny|0 fnt\n|faint|p1a: Lopunny\n|\n|win|Hussumon2\n|c|\u2606Hussumon2|Gg\n|c|\u2606XX_1nfinity_XX|ggs\n","uploadtime":1700634556,"views":1,"p1id":"xx1nfinityxx","p2id":"hussumon2","formatid":"gen9nationaldexubers","rating":0,"private":0,"password":""}