{"id":"gen9nationaldexubers-1986538433","p1":"Siege Team","p2":"DARCnwn","format":"[Gen 9] National Dex Ubers","log":"|j|\u2606Siege Team\n|j|\u2606DARCnwn\n|t:|1699489590\n|gametype|singles\n|player|p1|Siege Team|veteran|1483\n|player|p2|DARCnwn|265|1426\n|teamsize|p1|6\n|teamsize|p2|6\n|gen|9\n|tier|[Gen 9] National Dex Ubers\n|rated|\n|rule|HP Percentage Mod: HP is shown in percentages\n|rule|Endless Battle Clause: Forcing endless battles is banned\n|rule|OHKO Clause: OHKO moves are banned\n|rule|Evasion Moves Clause: Evasion moves are banned\n|rule|Evasion Items Clause: Evasion items are banned\n|rule|Species Clause: Limit one of each Pok\u00e9mon\n|rule|Sleep Clause Mod: Limit one foe put to sleep\n|rule|Mega Rayquaza Clause: You cannot mega evolve Rayquaza\n|clearpoke\n|poke|p1|Necrozma-Dusk-Mane|\n|poke|p1|Annihilape, M|\n|poke|p1|Yveltal|\n|poke|p1|Rayquaza|\n|poke|p1|Groudon|\n|poke|p1|Arceus-Flying|\n|poke|p2|Necrozma-Dusk-Mane|\n|poke|p2|Groudon|\n|poke|p2|Salamence, M|\n|poke|p2|Marshadow|\n|poke|p2|Xerneas-*|\n|poke|p2|Yveltal|\n|teampreview\n|inactive|Battle timer is ON: inactive players will automatically lose when time's up. (requested by Siege Team)\n|j| mah boss stiff\n|\n|t:|1699489599\n|start\n|switch|p1a: Rayquaza|Rayquaza|100\/100\n|switch|p2a: Salamence|Salamence, M|100\/100\n|-ability|p1a: Rayquaza|Air Lock\n|-ability|p2a: Salamence|Intimidate|boost\n|-unboost|p1a: Rayquaza|atk|1\n|turn|1\n|j| girlboss for hire\n|l| girlboss for hire\n|\n|t:|1699489614\n|detailschange|p2a: Salamence|Salamence-Mega, M\n|-mega|p2a: Salamence|Salamence|Salamencite\n|move|p1a: Rayquaza|Dragon Ascent|p2a: Salamence\n|-damage|p2a: Salamence|75\/100\n|-unboost|p1a: Rayquaza|def|1\n|-unboost|p1a: Rayquaza|spd|1\n|move|p2a: Salamence|Frustration|p1a: Rayquaza\n|-damage|p1a: Rayquaza|17\/100\n|\n|upkeep\n|turn|2\n|j| girlboss for hire\n|\n|t:|1699489624\n|switch|p1a: Arceus|Arceus-Flying|100\/100\n|move|p2a: Salamence|Dragon Dance|p2a: Salamence\n|-boost|p2a: Salamence|atk|1\n|-boost|p2a: Salamence|spe|1\n|\n|upkeep\n|turn|3\n|\n|t:|1699489631\n|-terastallize|p1a: Arceus|Rock\n|move|p2a: Salamence|Frustration|p1a: Arceus\n|-resisted|p1a: Arceus\n|-damage|p1a: Arceus|70\/100\n|move|p1a: Arceus|Ice Beam|p2a: Salamence\n|-supereffective|p2a: Salamence\n|-damage|p2a: Salamence|0 fnt\n|faint|p2a: Salamence\n|\n|upkeep\n|j| pikakip379\n|\n|t:|1699489636\n|switch|p2a: Marshadow|Marshadow|100\/100\n|turn|4\n|\n|t:|1699489643\n|switch|p1a: Yveltal|Yveltal|100\/100\n|-ability|p1a: Yveltal|Dark Aura\n|move|p2a: Marshadow|Bulk Up|p2a: Marshadow\n|-boost|p2a: Marshadow|atk|1\n|-boost|p2a: Marshadow|def|1\n|\n|upkeep\n|turn|5\n|\n|t:|1699489654\n|switch|p1a: Annihilape|Annihilape, M|100\/100\n|move|p2a: Marshadow|Close Combat|p1a: Annihilape\n|-immune|p1a: Annihilape\n|\n|upkeep\n|turn|6\n|\n|t:|1699489660\n|move|p2a: Marshadow|Shadow Sneak|p1a: Annihilape\n|-supereffective|p1a: Annihilape\n|-damage|p1a: Annihilape|9\/100\n|move|p1a: Annihilape|U-turn|p2a: Marshadow\n|-resisted|p2a: Marshadow\n|-damage|p2a: Marshadow|97\/100\n|\n|t:|1699489666\n|switch|p1a: Rayquaza|Rayquaza|17\/100|[from] U-turn\n|-ability|p1a: Rayquaza|Air Lock\n|\n|upkeep\n|turn|7\n|\n|t:|1699489672\n|move|p2a: Marshadow|Shadow Sneak|p1a: Rayquaza\n|-damage|p1a: Rayquaza|0 fnt\n|faint|p1a: Rayquaza\n|\n|upkeep\n|\n|t:|1699489675\n|switch|p1a: Yveltal|Yveltal|100\/100\n|-ability|p1a: Yveltal|Dark Aura\n|turn|8\n|\n|t:|1699489679\n|move|p1a: Yveltal|Oblivion Wing|p2a: Marshadow\n|-supereffective|p2a: Marshadow\n|-damage|p2a: Marshadow|0 fnt\n|faint|p2a: Marshadow\n|\n|upkeep\n|c| pikakip379|hey DARCnvm what item was that Marshadow\n|\n|t:|1699489692\n|switch|p2a: Xerneas|Xerneas|100\/100\n|-ability|p2a: Xerneas|Fairy Aura\n|turn|9\n|\n|t:|1699489695\n|switch|p1a: Necrozma|Necrozma-Dusk-Mane|100\/100\n|move|p2a: Xerneas|Thunder Wave|p1a: Necrozma\n|-status|p1a: Necrozma|par\n|\n|upkeep\n|turn|10\n|\n|t:|1699489701\n|switch|p2a: Groudon|Groudon|100\/100\n|detailschange|p2a: Groudon|Groudon-Primal\n|-primal|p2a: Groudon|Red Orb\n|-weather|DesolateLand|[from] ability: Desolate Land|[of] p2a: Groudon\n|move|p1a: Necrozma|Trick Room|p1a: Necrozma\n|-fieldstart|move: Trick Room|[of] p1a: Necrozma\n|\n|-weather|DesolateLand|[upkeep]\n|upkeep\n|turn|11\n|\n|t:|1699489710\n|switch|p1a: Annihilape|Annihilape, M|9\/100\n|move|p2a: Groudon|Stealth Rock|p1a: Annihilape\n|-sidestart|p1: Siege Team|move: Stealth Rock\n|\n|-weather|DesolateLand|[upkeep]\n|upkeep\n|turn|12\n|\n|t:|1699489719\n|move|p1a: Annihilape|Night Shade|p2a: Groudon\n|-damage|p2a: Groudon|76\/100\n|move|p2a: Groudon|Dragon Tail|p1a: Annihilape\n|-damage|p1a: Annihilape|0 fnt\n|faint|p1a: Annihilape\n|\n|-weather|DesolateLand|[upkeep]\n|upkeep\n|c| pikakip379|lol???\n|\n|t:|1699489724\n|switch|p1a: Groudon|Groudon|100\/100\n|-damage|p1a: Groudon|94\/100|[from] Stealth Rock\n|detailschange|p1a: Groudon|Groudon-Primal\n|-primal|p1a: Groudon|Red Orb\n|turn|13\n|\n|t:|1699489735\n|switch|p2a: Yveltal|Yveltal|100\/100\n|-ability|p2a: Yveltal|Dark Aura\n|move|p1a: Groudon|Earthquake|p2a: Yveltal\n|-immune|p2a: Yveltal\n|\n|-weather|DesolateLand|[upkeep]\n|upkeep\n|turn|14\n|\n|t:|1699489741\n|move|p2a: Yveltal|Sucker Punch|p1a: Groudon\n|-damage|p1a: Groudon|66\/100\n|-damage|p2a: Yveltal|91\/100|[from] item: Life Orb\n|move|p1a: Groudon|Heat Crash|p2a: Yveltal\n|-damage|p2a: Yveltal|25\/100\n|\n|-weather|DesolateLand|[upkeep]\n|-fieldend|move: Trick Room\n|upkeep\n|turn|15\n|\n|t:|1699489748\n|move|p2a: Yveltal|Sucker Punch|p1a: Groudon\n|-damage|p1a: Groudon|39\/100\n|-damage|p2a: Yveltal|15\/100|[from] item: Life Orb\n|move|p1a: Groudon|Rock Tomb|p2a: Yveltal\n|-supereffective|p2a: Yveltal\n|-damage|p2a: Yveltal|0 fnt\n|faint|p2a: Yveltal\n|\n|-weather|DesolateLand|[upkeep]\n|upkeep\n|\n|t:|1699489758\n|switch|p2a: Xerneas|Xerneas|100\/100\n|-ability|p2a: Xerneas|Fairy Aura\n|turn|16\n|\n|t:|1699489763\n|move|p1a: Groudon|Heat Crash|p2a: Xerneas\n|-damage|p2a: Xerneas|25\/100\n|move|p2a: Xerneas|Geomancy||[still]\n|-prepare|p2a: Xerneas|Geomancy\n|-enditem|p2a: Xerneas|Power Herb\n|-anim|p2a: Xerneas|Geomancy|p2a: Xerneas\n|-boost|p2a: Xerneas|spa|2\n|-boost|p2a: Xerneas|spd|2\n|-boost|p2a: Xerneas|spe|2\n|\n|-weather|DesolateLand|[upkeep]\n|upkeep\n|turn|17\n|\n|t:|1699489771\n|move|p2a: Xerneas|Moonblast|p1a: Groudon\n|-resisted|p1a: Groudon\n|-damage|p1a: Groudon|0 fnt\n|faint|p1a: Groudon\n|-weather|none\n|\n|upkeep\n|\n|t:|1699489776\n|switch|p1a: Necrozma|Necrozma-Dusk-Mane|100\/100 par\n|-damage|p1a: Necrozma|94\/100 par|[from] Stealth Rock\n|turn|18\n|\n|t:|1699489787\n|move|p2a: Xerneas|Moonblast|p1a: Necrozma\n|-resisted|p1a: Necrozma\n|-crit|p1a: Necrozma\n|-damage|p1a: Necrozma|11\/100 par\n|move|p1a: Necrozma|Earthquake|p2a: Xerneas\n|-damage|p2a: Xerneas|0 fnt\n|faint|p2a: Xerneas\n|\n|upkeep\n|\n|t:|1699489793\n|switch|p2a: Necrozma|Necrozma-Dusk-Mane|100\/100\n|turn|19\n|\n|t:|1699489799\n|move|p2a: Necrozma|Dragon Dance|p2a: Necrozma\n|-boost|p2a: Necrozma|atk|1\n|-boost|p2a: Necrozma|spe|1\n|move|p1a: Necrozma|Trick Room|p1a: Necrozma\n|-fieldstart|move: Trick Room|[of] p1a: Necrozma\n|\n|upkeep\n|turn|20\n|\n|t:|1699489803\n|move|p1a: Necrozma|Earthquake|p2a: Necrozma\n|-supereffective|p2a: Necrozma\n|-damage|p2a: Necrozma|46\/100\n|move|p2a: Necrozma|Dragon Dance|p2a: Necrozma\n|-boost|p2a: Necrozma|atk|1\n|-boost|p2a: Necrozma|spe|1\n|\n|upkeep\n|turn|21\n|\n|t:|1699489809\n|detailschange|p2a: Necrozma|Necrozma-Ultra\n|-burst|p2a: Necrozma|Necrozma|Ultranecrozium Z\n|move|p1a: Necrozma|Earthquake|p2a: Necrozma\n|-damage|p2a: Necrozma|3\/100\n|move|p2a: Necrozma|Earthquake|p1a: Necrozma\n|-supereffective|p1a: Necrozma\n|-damage|p1a: Necrozma|0 fnt\n|faint|p1a: Necrozma\n|\n|upkeep\n|\n|t:|1699489817\n|switch|p1a: Arceus|Arceus-Flying, tera:Rock|70\/100\n|-damage|p1a: Arceus|58\/100|[from] Stealth Rock\n|turn|22\n|\n|t:|1699489826\n|move|p1a: Arceus|Tera Blast|p2a: Necrozma|[anim] Tera Blast Rock\n|-damage|p2a: Necrozma|0 fnt\n|faint|p2a: Necrozma\n|\n|upkeep\n|\n|t:|1699489830\n|switch|p2a: Groudon|Groudon-Primal|76\/100\n|-weather|DesolateLand|[from] ability: Desolate Land|[of] p2a: Groudon\n|turn|23\n|\n|t:|1699489834\n|move|p2a: Groudon|Fire Punch|p1a: Arceus\n|-resisted|p1a: Arceus\n|-damage|p1a: Arceus|32\/100\n|move|p1a: Arceus|Judgment|p2a: Groudon\n|-crit|p2a: Groudon\n|-damage|p2a: Groudon|12\/100\n|\n|-weather|DesolateLand|[upkeep]\n|-fieldend|move: Trick Room\n|upkeep\n|turn|24\n|\n|t:|1699489841\n|move|p1a: Arceus|Judgment|p2a: Groudon\n|-damage|p2a: Groudon|0 fnt\n|faint|p2a: Groudon\n|-weather|none\n|\n|win|Siege Team\n|raw|Siege Team's rating: 1483 &rarr; <strong>1500<\/strong><br \/>(+17 for winning)\n|raw|DARCnwn's rating: 1426 &rarr; <strong>1409<\/strong><br \/>(-17 for losing)\n|l|\u2606Siege Team\n","uploadtime":1699489846,"views":6,"p1id":"siegeteam","p2id":"darcnwn","formatid":"gen9nationaldexubers","rating":1409,"private":0,"password":""}