{"id":"gen9nationaldexubers-1981037708","p1":"Pollylopy","p2":"700club","format":"[Gen 9] National Dex Ubers","log":"|j|\u2606Pollylopy\n|j|\u2606700club\n|t:|1698858674\n|gametype|singles\n|player|p1|Pollylopy|waitress|1146\n|player|p2|700club|shadowtriad|1128\n|teamsize|p1|6\n|teamsize|p2|6\n|gen|9\n|tier|[Gen 9] National Dex Ubers\n|rated|\n|rule|HP Percentage Mod: HP is shown in percentages\n|rule|Endless Battle Clause: Forcing endless battles is banned\n|rule|OHKO Clause: OHKO moves are banned\n|rule|Evasion Moves Clause: Evasion moves are banned\n|rule|Evasion Items Clause: Evasion items are banned\n|rule|Species Clause: Limit one of each Pok\u00e9mon\n|rule|Sleep Clause Mod: Limit one foe put to sleep\n|rule|Mega Rayquaza Clause: You cannot mega evolve Rayquaza\n|clearpoke\n|poke|p1|Gengar, F|\n|poke|p1|Arcanine-Hisui, M|\n|poke|p1|Exeggutor, F|\n|poke|p1|Gallade, M|\n|poke|p1|Scizor, F|\n|poke|p1|Forretress, M|\n|poke|p2|Ogerpon-Hearthflame, F|\n|poke|p2|Arceus-Poison|\n|poke|p2|Deoxys-Speed|\n|poke|p2|Alakazam, F|\n|poke|p2|Necrozma-Dusk-Mane|\n|poke|p2|Yveltal|\n|teampreview\n|c|\u2606700club|hi\n|\n|t:|1698858687\n|start\n|switch|p1a: Gengar|Gengar, F, shiny|100\/100\n|switch|p2a: Deoxys|Deoxys-Speed|100\/100\n|-ability|p2a: Deoxys|Pressure\n|turn|1\n|inactive|Battle timer is ON: inactive players will automatically lose when time's up. (requested by Pollylopy)\n|inactive|Pollylopy has 120 seconds left.\n|\n|t:|1698858720\n|-terastallize|p1a: Gengar|Dark\n|move|p2a: Deoxys|Light Screen|p2a: Deoxys\n|-sidestart|p2: 700club|move: Light Screen\n|move|p1a: Gengar|Shadow Ball|p2a: Deoxys\n|-supereffective|p2a: Deoxys\n|-damage|p2a: Deoxys|42\/100\n|\n|upkeep\n|turn|2\n|\n|t:|1698858728\n|move|p2a: Deoxys|Taunt|p1a: Gengar\n|-start|p1a: Gengar|move: Taunt\n|move|p1a: Gengar|Shadow Ball|p2a: Deoxys\n|-supereffective|p2a: Deoxys\n|-damage|p2a: Deoxys|0 fnt\n|faint|p2a: Deoxys\n|\n|upkeep\n|inactive|700club has 120 seconds left.\n|\n|t:|1698858765\n|switch|p2a: Arceus|Arceus-Poison|100\/100\n|turn|3\n|c|\u2606Pollylopy|hi\n|c|\u2606Pollylopy|gl\n|inactive|700club has 120 seconds left.\n|c|\u2606700club|u too!\n|\n|t:|1698858789\n|switch|p1a: Forretress|Forretress, M|100\/100\n|move|p2a: Arceus|Iron Defense|p2a: Arceus\n|-boost|p2a: Arceus|def|2\n|\n|upkeep\n|turn|4\n|\n|t:|1698858808\n|move|p2a: Arceus|Iron Defense|p2a: Arceus\n|-boost|p2a: Arceus|def|2\n|move|p1a: Forretress|Body Press|p2a: Arceus\n|-resisted|p2a: Arceus\n|-damage|p2a: Arceus|97\/100\n|\n|upkeep\n|turn|5\n|\n|t:|1698858818\n|switch|p1a: Exeggutor|Exeggutor, F|100\/100\n|move|p2a: Arceus|Iron Defense|p2a: Arceus\n|-boost|p2a: Arceus|def|2\n|\n|-sideend|p2: 700club|move: Light Screen\n|upkeep\n|turn|6\n|inactive|700club has 120 seconds left.\n|\n|t:|1698858825\n|move|p2a: Arceus|Recover|p2a: Arceus\n|-heal|p2a: Arceus|100\/100\n|move|p1a: Exeggutor|Sleep Powder|p2a: Arceus\n|-status|p2a: Arceus|slp|[from] move: Sleep Powder\n|\n|upkeep\n|turn|7\n|inactive|700club has 120 seconds left.\n|\n|t:|1698858858\n|switch|p2a: Ogerpon|Ogerpon-Hearthflame, F|100\/100\n|-ability|p2a: Ogerpon|Mold Breaker\n|move|p1a: Exeggutor|Psychic|p2a: Ogerpon\n|-damage|p2a: Ogerpon|57\/100\n|-unboost|p2a: Ogerpon|spd|1\n|\n|upkeep\n|turn|8\n|inactive|Pollylopy has 120 seconds left.\n|\n|t:|1698858896\n|switch|p1a: Forretress|Forretress, M|100\/100\n|move|p2a: Ogerpon|Substitute|p2a: Ogerpon\n|-start|p2a: Ogerpon|Substitute\n|-damage|p2a: Ogerpon|32\/100\n|\n|upkeep\n|turn|9\n|inactive|Pollylopy has 120 seconds left.\n|\n|t:|1698858908\n|move|p2a: Ogerpon|Leech Seed|p1a: Forretress\n|-start|p1a: Forretress|move: Leech Seed\n|move|p1a: Forretress|Body Press|p2a: Ogerpon\n|-end|p2a: Ogerpon|Substitute\n|\n|-damage|p1a: Forretress|88\/100|[from] Leech Seed|[of] p2a: Ogerpon\n|-heal|p2a: Ogerpon|44\/100|[silent]\n|upkeep\n|turn|10\n|\n|t:|1698858919\n|move|p2a: Ogerpon|Ivy Cudgel|p1a: Forretress\n|-supereffective|p1a: Forretress\n|-damage|p1a: Forretress|0 fnt\n|faint|p1a: Forretress\n|\n|upkeep\n|\n|t:|1698858925\n|switch|p1a: Arcanine|Arcanine-Hisui, M|100\/100\n|-ability|p1a: Arcanine|Intimidate|boost\n|-unboost|p2a: Ogerpon|atk|1\n|turn|11\n|inactive|700club has 90 seconds left.\n|\n|t:|1698858946\n|switch|p2a: Necrozma|Necrozma-Dusk-Mane|100\/100\n|move|p1a: Arcanine|Flare Blitz|p2a: Necrozma\n|-supereffective|p2a: Necrozma\n|-damage|p2a: Necrozma|36\/100\n|-damage|p1a: Arcanine|79\/100|[from] Recoil\n|\n|upkeep\n|turn|12\n|inactive|700club has 90 seconds left.\n|\n|t:|1698858964\n|detailschange|p2a: Necrozma|Necrozma-Ultra\n|-burst|p2a: Necrozma|Necrozma|Ultranecrozium Z\n|move|p2a: Necrozma|Earthquake|p1a: Arcanine\n|-supereffective|p1a: Arcanine\n|-damage|p1a: Arcanine|0 fnt\n|faint|p1a: Arcanine\n|\n|upkeep\n|inactive|Pollylopy has 120 seconds left.\n|\n|t:|1698858991\n|switch|p1a: Scizor|Scizor, F|100\/100\n|turn|13\n|inactive|700club has 90 seconds left.\n|\n|t:|1698859019\n|move|p1a: Scizor|Bullet Punch|p2a: Necrozma\n|-damage|p2a: Necrozma|1\/100\n|-zpower|p2a: Necrozma\n|move|p2a: Necrozma|Light That Burns the Sky|p1a: Scizor|[zeffect]\n|-resisted|p1a: Scizor\n|-damage|p1a: Scizor|30\/100\n|\n|upkeep\n|turn|14\n|inactive|Pollylopy has 120 seconds left.\n|\n|t:|1698859033\n|move|p1a: Scizor|Bullet Punch|p2a: Necrozma\n|-damage|p2a: Necrozma|0 fnt\n|faint|p2a: Necrozma\n|\n|upkeep\n|\n|t:|1698859050\n|switch|p2a: Ogerpon|Ogerpon-Hearthflame, F|44\/100\n|-ability|p2a: Ogerpon|Mold Breaker\n|turn|15\n|\n|t:|1698859058\n|-terastallize|p2a: Ogerpon|Fire\n|detailschange|p2a: Ogerpon|Ogerpon-Hearthflame-Tera, F, tera:Fire\n|-ability|p2a: Ogerpon|Embody Aspect (Hearthflame)|boost\n|-boost|p2a: Ogerpon|atk|1\n|move|p2a: Ogerpon|Ivy Cudgel|p1a: Scizor\n|-supereffective|p1a: Scizor\n|-crit|p1a: Scizor\n|-damage|p1a: Scizor|0 fnt\n|faint|p1a: Scizor\n|\n|upkeep\n|inactive|Pollylopy has 120 seconds left.\n|\n|t:|1698859071\n|switch|p1a: Gengar|Gengar, F, shiny, tera:Dark|100\/100\n|turn|16\n|inactive|700club has 90 seconds left.\n|\n|t:|1698859084\n|move|p2a: Ogerpon|Ivy Cudgel|p1a: Gengar\n|-damage|p1a: Gengar|0 fnt\n|faint|p1a: Gengar\n|\n|upkeep\n|\n|t:|1698859091\n|switch|p1a: Exeggutor|Exeggutor, F|100\/100\n|turn|17\n|\n|t:|1698859098\n|move|p2a: Ogerpon|Ivy Cudgel|p1a: Exeggutor\n|-supereffective|p1a: Exeggutor\n|-damage|p1a: Exeggutor|0 fnt\n|faint|p1a: Exeggutor\n|\n|upkeep\n|\n|t:|1698859108\n|switch|p1a: Gallade|Gallade, M|100\/100\n|turn|18\n|\n|t:|1698859113\n|move|p2a: Ogerpon|Ivy Cudgel|p1a: Gallade\n|-crit|p1a: Gallade\n|-damage|p1a: Gallade|0 fnt\n|faint|p1a: Gallade\n|\n|win|700club\n|raw|Pollylopy's rating: 1146 &rarr; <strong>1120<\/strong><br \/>(-26 for losing)\n|raw|700club's rating: 1128 &rarr; <strong>1154<\/strong><br \/>(+26 for winning)\n|l|\u2606Pollylopy\n|c|\u2606700club|gg\n","uploadtime":1698859122,"views":10,"p1id":"pollylopy","p2id":"700club","formatid":"gen9nationaldexubers","rating":1120,"private":0,"password":""}