{"id":"gen9nationaldexubers-1992898192","p1":"JustMonika_CARR","p2":"Isaiah2406","format":"[Gen 9] National Dex Ubers","log":"|j|\u2606JustMonika_CARR\n|j|\u2606Isaiah2406\n|t:|1700244979\n|gametype|singles\n|player|p1|JustMonika_CARR|rosa|1381\n|player|p2|Isaiah2406|veteran|1354\n|teamsize|p1|6\n|teamsize|p2|6\n|gen|9\n|tier|[Gen 9] National Dex Ubers\n|rated|\n|rule|HP Percentage Mod: HP is shown in percentages\n|rule|Endless Battle Clause: Forcing endless battles is banned\n|rule|OHKO Clause: OHKO moves are banned\n|rule|Evasion Moves Clause: Evasion moves are banned\n|rule|Evasion Items Clause: Evasion items are banned\n|rule|Species Clause: Limit one of each Pok\u00e9mon\n|rule|Sleep Clause Mod: Limit one foe put to sleep\n|rule|Mega Rayquaza Clause: You cannot mega evolve Rayquaza\n|clearpoke\n|poke|p1|Blaziken, F|\n|poke|p1|Pheromosa|\n|poke|p1|Gothitelle, F|\n|poke|p1|Deoxys-Speed|\n|poke|p1|Shuckle, M|\n|poke|p1|Durant, F|\n|poke|p2|Groudon|\n|poke|p2|Xerneas-*|\n|poke|p2|Grimmsnarl, M|\n|poke|p2|Lucario, M|\n|poke|p2|Deoxys-Attack|\n|poke|p2|Chien-Pao|\n|teampreview\n|inactive|Battle timer is ON: inactive players will automatically lose when time's up. (requested by Isaiah2406)\n|\n|t:|1700244989\n|start\n|switch|p1a: Deoxys|Deoxys-Speed, shiny|100\/100\n|switch|p2a: Grimmsnarl|Grimmsnarl, M|100\/100\n|-ability|p1a: Deoxys|Pressure\n|turn|1\n|\n|t:|1700244998\n|switch|p1a: Pheromosa|Pheromosa, shiny|100\/100\n|move|p2a: Grimmsnarl|Taunt|p1a: Pheromosa\n|-start|p1a: Pheromosa|move: Taunt\n|\n|upkeep\n|turn|2\n|\n|t:|1700245007\n|move|p2a: Grimmsnarl|Reflect|p2a: Grimmsnarl\n|-sidestart|p2: Isaiah2406|Reflect\n|move|p1a: Pheromosa|Bug Buzz|p2a: Grimmsnarl\n|-damage|p2a: Grimmsnarl|59\/100\n|\n|upkeep\n|turn|3\n|\n|t:|1700245012\n|move|p2a: Grimmsnarl|Light Screen|p2a: Grimmsnarl\n|-sidestart|p2: Isaiah2406|move: Light Screen\n|move|p1a: Pheromosa|Bug Buzz|p2a: Grimmsnarl\n|-damage|p2a: Grimmsnarl|36\/100\n|\n|-end|p1a: Pheromosa|move: Taunt\n|upkeep\n|turn|4\n|\n|t:|1700245020\n|switch|p1a: Deoxys|Deoxys-Speed, shiny|100\/100\n|-ability|p1a: Deoxys|Pressure\n|move|p2a: Grimmsnarl|Parting Shot|p1a: Deoxys\n|-unboost|p1a: Deoxys|atk|1\n|-unboost|p1a: Deoxys|spa|1\n|\n|t:|1700245026\n|switch|p2a: Groudon|Groudon, shiny|100\/100|[from] Parting Shot\n|detailschange|p2a: Groudon|Groudon-Primal, shiny\n|-primal|p2a: Groudon|Red Orb\n|-weather|DesolateLand|[from] ability: Desolate Land|[of] p2a: Groudon\n|\n|-weather|DesolateLand|[upkeep]\n|upkeep\n|turn|5\n|\n|t:|1700245035\n|move|p1a: Deoxys|Reflect|p1a: Deoxys\n|-sidestart|p1: JustMonika_CARR|Reflect\n|move|p2a: Groudon|Rock Polish|p2a: Groudon\n|-boost|p2a: Groudon|spe|2\n|\n|-weather|DesolateLand|[upkeep]\n|upkeep\n|turn|6\n|\n|t:|1700245041\n|move|p1a: Deoxys|Stealth Rock|p2a: Groudon\n|-sidestart|p2: Isaiah2406|move: Stealth Rock\n|move|p2a: Groudon|Heat Crash|p1a: Deoxys\n|-damage|p1a: Deoxys|22\/100\n|\n|-weather|DesolateLand|[upkeep]\n|upkeep\n|turn|7\n|inactive|Isaiah2406 has 120 seconds left.\n|\n|t:|1700245085\n|move|p1a: Deoxys|Light Screen|p1a: Deoxys\n|-sidestart|p1: JustMonika_CARR|move: Light Screen\n|move|p2a: Groudon|Heat Crash|p1a: Deoxys\n|-damage|p1a: Deoxys|0 fnt\n|faint|p1a: Deoxys\n|\n|-weather|DesolateLand|[upkeep]\n|upkeep\n|\n|t:|1700245094\n|switch|p1a: Shuckle|Shuckle, M, shiny|100\/100\n|turn|8\n|\n|t:|1700245098\n|move|p2a: Groudon|Heat Crash|p1a: Shuckle\n|-damage|p1a: Shuckle|59\/100\n|move|p1a: Shuckle|Shell Smash|p1a: Shuckle\n|-boost|p1a: Shuckle|def|1\n|-boost|p1a: Shuckle|spd|1\n|-unboost|p1a: Shuckle|atk|2\n|-unboost|p1a: Shuckle|spa|2\n|-unboost|p1a: Shuckle|spe|2\n|\n|-weather|DesolateLand|[upkeep]\n|upkeep\n|turn|9\n|\n|t:|1700245108\n|move|p2a: Groudon|Heat Crash|p1a: Shuckle\n|-crit|p1a: Shuckle\n|-damage|p1a: Shuckle|0 fnt\n|faint|p1a: Shuckle\n|\n|-weather|DesolateLand|[upkeep]\n|-sideend|p2: Isaiah2406|Reflect\n|upkeep\n|c|\u2606JustMonika_CARR|Tf\n|\n|t:|1700245119\n|switch|p1a: Durant|Durant, F, shiny|100\/100\n|turn|10\n|\n|t:|1700245129\n|move|p1a: Durant|Entrainment|p2a: Groudon\n|-weather|none\n|-endability|p2a: Groudon|Desolate Land|[from] move: Entrainment\n|-ability|p2a: Groudon|Truant|[from] move: Entrainment\n|move|p2a: Groudon|Heat Crash|p1a: Durant\n|-supereffective|p1a: Durant\n|-damage|p1a: Durant|0 fnt\n|faint|p1a: Durant\n|\n|-sideend|p2: Isaiah2406|move: Light Screen\n|upkeep\n|\n|t:|1700245139\n|switch|p1a: Gothitelle|Gothitelle, F, shiny|100\/100\n|turn|11\n|\n|t:|1700245143\n|cant|p2a: Groudon|ability: Truant\n|move|p1a: Gothitelle|Substitute|p1a: Gothitelle\n|-start|p1a: Gothitelle|Substitute\n|-damage|p1a: Gothitelle|75\/100\n|\n|upkeep\n|turn|12\n|\n|t:|1700245149\n|move|p2a: Groudon|Precipice Blades|p1a: Gothitelle\n|-end|p1a: Gothitelle|Substitute\n|move|p1a: Gothitelle|Substitute|p1a: Gothitelle\n|-start|p1a: Gothitelle|Substitute\n|-damage|p1a: Gothitelle|50\/100\n|\n|-sideend|p1: JustMonika_CARR|Reflect\n|upkeep\n|turn|13\n|\n|t:|1700245158\n|cant|p2a: Groudon|ability: Truant\n|move|p1a: Gothitelle|Dark Pulse|p2a: Groudon\n|-damage|p2a: Groudon|80\/100\n|\n|upkeep\n|turn|14\n|\n|t:|1700245164\n|move|p2a: Groudon|Precipice Blades|p1a: Gothitelle\n|-end|p1a: Gothitelle|Substitute\n|move|p1a: Gothitelle|Substitute|p1a: Gothitelle\n|-start|p1a: Gothitelle|Substitute\n|-damage|p1a: Gothitelle|25\/100\n|-enditem|p1a: Gothitelle|Starf Berry|[eat]\n|-boost|p1a: Gothitelle|def|2|[from] item: Starf Berry\n|\n|-sideend|p1: JustMonika_CARR|move: Light Screen\n|upkeep\n|turn|15\n|\n|t:|1700245173\n|cant|p2a: Groudon|ability: Truant\n|move|p1a: Gothitelle|Recycle|p1a: Gothitelle\n|-item|p1a: Gothitelle|Starf Berry|[from] move: Recycle\n|-enditem|p1a: Gothitelle|Starf Berry|[eat]\n|-boost|p1a: Gothitelle|spe|2|[from] item: Starf Berry\n|\n|upkeep\n|turn|16\n|\n|t:|1700245192\n|move|p1a: Gothitelle|Protect|p1a: Gothitelle\n|-singleturn|p1a: Gothitelle|Protect\n|move|p2a: Groudon|Heat Crash|p1a: Gothitelle\n|-activate|p1a: Gothitelle|move: Protect\n|\n|upkeep\n|turn|17\n|\n|t:|1700245205\n|cant|p2a: Groudon|ability: Truant\n|move|p1a: Gothitelle|Recycle|p1a: Gothitelle\n|-item|p1a: Gothitelle|Starf Berry|[from] move: Recycle\n|-enditem|p1a: Gothitelle|Starf Berry|[eat]\n|-boost|p1a: Gothitelle|def|2|[from] item: Starf Berry\n|\n|upkeep\n|turn|18\n|\n|t:|1700245233\n|move|p1a: Gothitelle|Protect|p1a: Gothitelle\n|-singleturn|p1a: Gothitelle|Protect\n|move|p2a: Groudon|Heat Crash|p1a: Gothitelle\n|-activate|p1a: Gothitelle|move: Protect\n|\n|upkeep\n|turn|19\n|\n|t:|1700245238\n|cant|p2a: Groudon|ability: Truant\n|move|p1a: Gothitelle|Recycle|p1a: Gothitelle\n|-item|p1a: Gothitelle|Starf Berry|[from] move: Recycle\n|-enditem|p1a: Gothitelle|Starf Berry|[eat]\n|-boost|p1a: Gothitelle|def|2|[from] item: Starf Berry\n|\n|upkeep\n|turn|20\n|\n|t:|1700245241\n|move|p1a: Gothitelle|Protect|p1a: Gothitelle\n|-singleturn|p1a: Gothitelle|Protect\n|move|p2a: Groudon|Heat Crash|p1a: Gothitelle\n|-activate|p1a: Gothitelle|move: Protect\n|\n|upkeep\n|turn|21\n|\n|t:|1700245246\n|cant|p2a: Groudon|ability: Truant\n|move|p1a: Gothitelle|Recycle|p1a: Gothitelle\n|-item|p1a: Gothitelle|Starf Berry|[from] move: Recycle\n|-enditem|p1a: Gothitelle|Starf Berry|[eat]\n|-boost|p1a: Gothitelle|atk|2|[from] item: Starf Berry\n|\n|upkeep\n|turn|22\n|\n|t:|1700245251\n|move|p1a: Gothitelle|Protect|p1a: Gothitelle\n|-singleturn|p1a: Gothitelle|Protect\n|move|p2a: Groudon|Heat Crash|p1a: Gothitelle\n|-activate|p1a: Gothitelle|move: Protect\n|\n|upkeep\n|turn|23\n|\n|t:|1700245255\n|cant|p2a: Groudon|ability: Truant\n|move|p1a: Gothitelle|Recycle|p1a: Gothitelle\n|-item|p1a: Gothitelle|Starf Berry|[from] move: Recycle\n|-enditem|p1a: Gothitelle|Starf Berry|[eat]\n|-boost|p1a: Gothitelle|spe|2|[from] item: Starf Berry\n|\n|upkeep\n|turn|24\n|\n|t:|1700245261\n|move|p1a: Gothitelle|Protect|p1a: Gothitelle\n|-singleturn|p1a: Gothitelle|Protect\n|move|p2a: Groudon|Heat Crash|p1a: Gothitelle\n|-activate|p1a: Gothitelle|move: Protect\n|\n|upkeep\n|turn|25\n|\n|t:|1700245264\n|move|p1a: Gothitelle|Recycle|p1a: Gothitelle\n|-item|p1a: Gothitelle|Starf Berry|[from] move: Recycle\n|-enditem|p1a: Gothitelle|Starf Berry|[eat]\n|-boost|p1a: Gothitelle|spa|2|[from] item: Starf Berry\n|cant|p2a: Groudon|ability: Truant\n|\n|upkeep\n|turn|26\n|\n|t:|1700245267\n|move|p1a: Gothitelle|Protect|p1a: Gothitelle\n|-singleturn|p1a: Gothitelle|Protect\n|move|p2a: Groudon|Heat Crash|p1a: Gothitelle\n|-activate|p1a: Gothitelle|move: Protect\n|\n|upkeep\n|turn|27\n|\n|t:|1700245270\n|move|p1a: Gothitelle|Recycle|p1a: Gothitelle\n|-item|p1a: Gothitelle|Starf Berry|[from] move: Recycle\n|-enditem|p1a: Gothitelle|Starf Berry|[eat]\n|-boost|p1a: Gothitelle|spe|2|[from] item: Starf Berry\n|cant|p2a: Groudon|ability: Truant\n|\n|upkeep\n|turn|28\n|\n|t:|1700245275\n|move|p1a: Gothitelle|Protect|p1a: Gothitelle\n|-singleturn|p1a: Gothitelle|Protect\n|move|p2a: Groudon|Heat Crash|p1a: Gothitelle\n|-activate|p1a: Gothitelle|move: Protect\n|\n|upkeep\n|turn|29\n|\n|t:|1700245280\n|move|p1a: Gothitelle|Recycle|p1a: Gothitelle\n|-item|p1a: Gothitelle|Starf Berry|[from] move: Recycle\n|-enditem|p1a: Gothitelle|Starf Berry|[eat]\n|-boost|p1a: Gothitelle|spa|2|[from] item: Starf Berry\n|cant|p2a: Groudon|ability: Truant\n|\n|upkeep\n|turn|30\n|\n|t:|1700245305\n|move|p1a: Gothitelle|Protect|p1a: Gothitelle\n|-singleturn|p1a: Gothitelle|Protect\n|move|p2a: Groudon|Heat Crash|p1a: Gothitelle\n|-activate|p1a: Gothitelle|move: Protect\n|\n|upkeep\n|turn|31\n|\n|t:|1700245317\n|move|p1a: Gothitelle|Recycle|p1a: Gothitelle\n|-item|p1a: Gothitelle|Starf Berry|[from] move: Recycle\n|-enditem|p1a: Gothitelle|Starf Berry|[eat]\n|-boost|p1a: Gothitelle|spd|2|[from] item: Starf Berry\n|cant|p2a: Groudon|ability: Truant\n|\n|upkeep\n|turn|32\n|\n|t:|1700245323\n|move|p1a: Gothitelle|Protect|p1a: Gothitelle\n|-singleturn|p1a: Gothitelle|Protect\n|move|p2a: Groudon|Heat Crash|p1a: Gothitelle\n|-activate|p1a: Gothitelle|move: Protect\n|\n|upkeep\n|turn|33\n|\n|t:|1700245331\n|move|p1a: Gothitelle|Recycle|p1a: Gothitelle\n|-item|p1a: Gothitelle|Starf Berry|[from] move: Recycle\n|-enditem|p1a: Gothitelle|Starf Berry|[eat]\n|-boost|p1a: Gothitelle|spd|2|[from] item: Starf Berry\n|cant|p2a: Groudon|ability: Truant\n|\n|upkeep\n|turn|34\n|\n|t:|1700245337\n|move|p1a: Gothitelle|Protect|p1a: Gothitelle\n|-singleturn|p1a: Gothitelle|Protect\n|move|p2a: Groudon|Precipice Blades|p1a: Gothitelle\n|-activate|p1a: Gothitelle|move: Protect\n|\n|upkeep\n|turn|35\n|\n|t:|1700245342\n|move|p1a: Gothitelle|Recycle|p1a: Gothitelle\n|-item|p1a: Gothitelle|Starf Berry|[from] move: Recycle\n|-enditem|p1a: Gothitelle|Starf Berry|[eat]\n|-boost|p1a: Gothitelle|atk|2|[from] item: Starf Berry\n|cant|p2a: Groudon|ability: Truant\n|\n|upkeep\n|turn|36\n|\n|t:|1700245344\n|move|p1a: Gothitelle|Protect|p1a: Gothitelle\n|-singleturn|p1a: Gothitelle|Protect\n|move|p2a: Groudon|Precipice Blades|p1a: Gothitelle\n|-activate|p1a: Gothitelle|move: Protect\n|\n|upkeep\n|turn|37\n|\n|t:|1700245351\n|move|p1a: Gothitelle|Recycle|p1a: Gothitelle\n|-item|p1a: Gothitelle|Starf Berry|[from] move: Recycle\n|-enditem|p1a: Gothitelle|Starf Berry|[eat]\n|-boost|p1a: Gothitelle|spa|2|[from] item: Starf Berry\n|cant|p2a: Groudon|ability: Truant\n|\n|upkeep\n|turn|38\n|\n|t:|1700245357\n|move|p1a: Gothitelle|Protect|p1a: Gothitelle\n|-singleturn|p1a: Gothitelle|Protect\n|move|p2a: Groudon|Precipice Blades|p1a: Gothitelle\n|-activate|p1a: Gothitelle|move: Protect\n|\n|upkeep\n|turn|39\n|\n|t:|1700245365\n|move|p1a: Gothitelle|Recycle|p1a: Gothitelle\n|-item|p1a: Gothitelle|Starf Berry|[from] move: Recycle\n|-enditem|p1a: Gothitelle|Starf Berry|[eat]\n|-boost|p1a: Gothitelle|spd|2|[from] item: Starf Berry\n|cant|p2a: Groudon|ability: Truant\n|\n|upkeep\n|turn|40\n|\n|t:|1700245376\n|move|p1a: Gothitelle|Protect|p1a: Gothitelle\n|-singleturn|p1a: Gothitelle|Protect\n|move|p2a: Groudon|Precipice Blades|p1a: Gothitelle\n|-activate|p1a: Gothitelle|move: Protect\n|\n|upkeep\n|turn|41\n|\n|t:|1700245380\n|move|p1a: Gothitelle|Dark Pulse|p2a: Groudon\n|-damage|p2a: Groudon|0 fnt\n|faint|p2a: Groudon\n|\n|upkeep\n|\n|t:|1700245384\n|switch|p2a: Grimmsnarl|Grimmsnarl, M|36\/100\n|-damage|p2a: Grimmsnarl|24\/100|[from] Stealth Rock\n|turn|42\n|\n|t:|1700245389\n|move|p2a: Grimmsnarl|Light Screen|p2a: Grimmsnarl\n|-sidestart|p2: Isaiah2406|move: Light Screen\n|move|p1a: Gothitelle|Dark Pulse|p2a: Grimmsnarl\n|-resisted|p2a: Grimmsnarl\n|-damage|p2a: Grimmsnarl|14\/100\n|\n|upkeep\n|turn|43\n|\n|t:|1700245401\n|move|p2a: Grimmsnarl|Reflect|p2a: Grimmsnarl\n|-sidestart|p2: Isaiah2406|Reflect\n|move|p1a: Gothitelle|Dark Pulse|p2a: Grimmsnarl\n|-resisted|p2a: Grimmsnarl\n|-damage|p2a: Grimmsnarl|5\/100\n|\n|upkeep\n|turn|44\n|\n|t:|1700245408\n|move|p2a: Grimmsnarl|Parting Shot|p1a: Gothitelle\n|-unboost|p1a: Gothitelle|atk|1\n|-unboost|p1a: Gothitelle|spa|1\n|\n|t:|1700245423\n|switch|p2a: Xerneas|Xerneas, shiny|100\/100|[from] Parting Shot\n|-damage|p2a: Xerneas|88\/100|[from] Stealth Rock\n|-ability|p2a: Xerneas|Fairy Aura\n|move|p1a: Gothitelle|Dark Pulse|p2a: Xerneas\n|-resisted|p2a: Xerneas\n|-damage|p2a: Xerneas|73\/100\n|\n|upkeep\n|turn|45\n|\n|t:|1700245435\n|-terastallize|p2a: Xerneas|Fairy\n|move|p1a: Gothitelle|Dark Pulse|p2a: Xerneas\n|-resisted|p2a: Xerneas\n|-damage|p2a: Xerneas|59\/100\n|move|p2a: Xerneas|Moonblast|p1a: Gothitelle\n|-activate|p1a: Gothitelle|move: Substitute|[damage]\n|\n|upkeep\n|turn|46\n|\n|t:|1700245445\n|move|p1a: Gothitelle|Dark Pulse|p2a: Xerneas\n|-resisted|p2a: Xerneas\n|-damage|p2a: Xerneas|43\/100\n|move|p2a: Xerneas|Geomancy||[still]\n|-prepare|p2a: Xerneas|Geomancy\n|-enditem|p2a: Xerneas|Power Herb\n|-anim|p2a: Xerneas|Geomancy|p2a: Xerneas\n|-boost|p2a: Xerneas|spa|2\n|-boost|p2a: Xerneas|spd|2\n|-boost|p2a: Xerneas|spe|2\n|\n|upkeep\n|turn|47\n|\n|t:|1700245454\n|move|p1a: Gothitelle|Dark Pulse|p2a: Xerneas\n|-resisted|p2a: Xerneas\n|-damage|p2a: Xerneas|36\/100\n|cant|p2a: Xerneas|flinch\n|\n|upkeep\n|turn|48\n|\n|t:|1700245463\n|move|p1a: Gothitelle|Dark Pulse|p2a: Xerneas\n|-resisted|p2a: Xerneas\n|-damage|p2a: Xerneas|29\/100\n|cant|p2a: Xerneas|flinch\n|\n|upkeep\n|turn|49\n|\n|t:|1700245470\n|move|p1a: Gothitelle|Dark Pulse|p2a: Xerneas\n|-resisted|p2a: Xerneas\n|-damage|p2a: Xerneas|22\/100\n|cant|p2a: Xerneas|flinch\n|\n|-sideend|p2: Isaiah2406|move: Light Screen\n|upkeep\n|turn|50\n|\n|t:|1700245478\n|move|p1a: Gothitelle|Dark Pulse|p2a: Xerneas\n|-resisted|p2a: Xerneas\n|-damage|p2a: Xerneas|7\/100\n|move|p2a: Xerneas|Moonblast|p1a: Gothitelle\n|-end|p1a: Gothitelle|Substitute\n|\n|-sideend|p2: Isaiah2406|Reflect\n|upkeep\n|turn|51\n|\n|t:|1700245487\n|move|p1a: Gothitelle|Dark Pulse|p2a: Xerneas\n|-resisted|p2a: Xerneas\n|-damage|p2a: Xerneas|0 fnt\n|faint|p2a: Xerneas\n|\n|upkeep\n|\n|t:|1700245490\n|switch|p2a: Lucario|Lucario, M|100\/100\n|-damage|p2a: Lucario|98\/100|[from] Stealth Rock\n|turn|52\n|\n|t:|1700245497\n|detailschange|p2a: Lucario|Lucario-Mega, M\n|-mega|p2a: Lucario|Lucario|Lucarionite\n|-terastallize|p1a: Gothitelle|Dark\n|move|p2a: Lucario|Bullet Punch|p1a: Gothitelle\n|-damage|p1a: Gothitelle|19\/100\n|move|p1a: Gothitelle|Dark Pulse|p2a: Lucario\n|-resisted|p2a: Lucario\n|-damage|p2a: Lucario|8\/100\n|\n|upkeep\n|turn|53\n|\n|t:|1700245509\n|move|p2a: Lucario|Bullet Punch|p1a: Gothitelle\n|-damage|p1a: Gothitelle|12\/100\n|move|p1a: Gothitelle|Dark Pulse|p2a: Lucario\n|-resisted|p2a: Lucario\n|-damage|p2a: Lucario|0 fnt\n|faint|p2a: Lucario\n|\n|upkeep\n|\n|t:|1700245513\n|switch|p2a: Grimmsnarl|Grimmsnarl, M|5\/100\n|-damage|p2a: Grimmsnarl|0 fnt|[from] Stealth Rock\n|faint|p2a: Grimmsnarl\n|\n|t:|1700245516\n|switch|p2a: Chien-Pao|Chien-Pao|100\/100\n|-damage|p2a: Chien-Pao|76\/100|[from] Stealth Rock\n|-ability|p2a: Chien-Pao|Sword of Ruin\n|turn|54\n|\n|t:|1700245526\n|move|p2a: Chien-Pao|Sucker Punch|p1a: Gothitelle\n|-resisted|p1a: Gothitelle\n|-damage|p1a: Gothitelle|4\/100\n|move|p1a: Gothitelle|Dark Pulse|p2a: Chien-Pao\n|-resisted|p2a: Chien-Pao\n|-damage|p2a: Chien-Pao|0 fnt\n|faint|p2a: Chien-Pao\n|\n|upkeep\n|-message|Isaiah2406 forfeited.\n|\n|win|JustMonika_CARR\n|raw|JustMonika_CARR's rating: 1381 &rarr; <strong>1399<\/strong><br \/>(+18 for winning)\n|raw|Isaiah2406's rating: 1354 &rarr; <strong>1336<\/strong><br \/>(-18 for losing)\n|l|\u2606Isaiah2406\n","uploadtime":1700245538,"views":8,"p1id":"justmonikacarr","p2id":"isaiah2406","formatid":"gen9nationaldexubers","rating":1336,"private":0,"password":""}