{"id":"gen9nationaldexubers-1982179284","p1":"Waikiki Woopers","p2":"BoyzArbokInTown03","format":"[Gen 9] National Dex Ubers","log":"|j|\u2606Waikiki Woopers\n|j|\u2606BoyzArbokInTown03\n|t:|1698976133\n|gametype|singles\n|player|p1|Waikiki Woopers|swimmer|\n|player|p2|BoyzArbokInTown03|265|\n|teamsize|p1|6\n|teamsize|p2|6\n|gen|9\n|tier|[Gen 9] National Dex Ubers\n|rule|HP Percentage Mod: HP is shown in percentages\n|rule|Endless Battle Clause: Forcing endless battles is banned\n|rule|OHKO Clause: OHKO moves are banned\n|rule|Evasion Moves Clause: Evasion moves are banned\n|rule|Evasion Items Clause: Evasion items are banned\n|rule|Species Clause: Limit one of each Pok\u00e9mon\n|rule|Sleep Clause Mod: Limit one foe put to sleep\n|rule|Mega Rayquaza Clause: You cannot mega evolve Rayquaza\n|clearpoke\n|poke|p1|Necrozma-Dusk-Mane|\n|poke|p1|Iron Valiant|\n|poke|p1|Tapu Koko|\n|poke|p1|Gyarados, M|\n|poke|p1|Iron Treads|\n|poke|p1|Nihilego|\n|poke|p2|Zygarde|\n|poke|p2|Samurott-Hisui, F|\n|poke|p2|Volcarona, F|\n|poke|p2|Venusaur, M|\n|poke|p2|Zoroark-Hisui, F|\n|poke|p2|Blissey, F|\n|teampreview\n|c|\u2606Waikiki Woopers|let's see how this goes xD gl hf!\n|c|\u2606BoyzArbokInTown03|Glhf\n|j| lelza\n|c| lelza|gl hf to you both!!\n|\n|t:|1698976203\n|start\n|switch|p1a: Iron Valiant|Iron Valiant|100\/100\n|switch|p2a: Samurott|Samurott-Hisui, F|100\/100\n|turn|1\n|j| PokeHaint\n|\n|t:|1698976274\n|move|p1a: Iron Valiant|Moonblast|p2a: Samurott\n|-crit|p2a: Samurott\n|-damage|p2a: Samurott|0 fnt\n|replace|p2a: Zoroark|Zoroark-Hisui, F\n|-end|p2a: Zoroark|Illusion\n|faint|p2a: Zoroark\n|\n|upkeep\n|c|\u2606Waikiki Woopers|I KNEW IT\n|\n|t:|1698976283\n|switch|p2a: Blissey|Blissey, F|100\/100\n|turn|2\n|c|\u2606Waikiki Woopers|I was so scared you were scarf lol\n|c|\u2606BoyzArbokInTown03|Haha does that kill without the crit?\n|c|\u2606BoyzArbokInTown03|I'm not about to calc\n|c|\u2606Waikiki Woopers|I wouldn't be surprised but we can calc after lol\n|\n|t:|1698976349\n|-end|p1a: Iron Valiant|Quark Drive|[silent]\n|switch|p1a: Tapu Koko|Tapu Koko|100\/100\n|-fieldstart|move: Electric Terrain|[from] ability: Electric Surge|[of] p1a: Tapu Koko\n|switch|p2a: Venusaur|Venusaur, M|100\/100\n|\n|upkeep\n|turn|3\n|\n|t:|1698976359\n|detailschange|p2a: Venusaur|Venusaur-Mega, M\n|-mega|p2a: Venusaur|Venusaur|Venusaurite\n|move|p1a: Tapu Koko|Taunt|p2a: Venusaur\n|-start|p2a: Venusaur|move: Taunt\n|cant|p2a: Venusaur|move: Taunt|Grassy Terrain\n|\n|upkeep\n|turn|4\n|c|\u2606Waikiki Woopers|:O\n|c|\u2606BoyzArbokInTown03|:(\n|c| lelza|yoooo what\n|\n|t:|1698976372\n|switch|p1a: Iron Valiant|Iron Valiant|100\/100\n|-activate|p1a: Iron Valiant|ability: Quark Drive\n|-start|p1a: Iron Valiant|quarkdrivespe\n|move|p2a: Venusaur|Bulldoze|p1a: Iron Valiant\n|-damage|p1a: Iron Valiant|81\/100\n|-unboost|p1a: Iron Valiant|spe|1\n|\n|upkeep\n|turn|5\n|\n|t:|1698976380\n|switch|p2a: Blissey|Blissey, F|100\/100\n|move|p1a: Iron Valiant|Psychic|p2a: Blissey\n|-damage|p2a: Blissey|88\/100\n|\n|-heal|p2a: Blissey|95\/100|[from] item: Leftovers\n|upkeep\n|turn|6\n|c| lelza|OH WHAT\n|\n|t:|1698976387\n|-end|p1a: Iron Valiant|Quark Drive|[silent]\n|switch|p1a: Necrozma|Necrozma-Dusk-Mane|100\/100\n|switch|p2a: Volcarona|Volcarona, F|100\/100\n|\n|-fieldend|move: Electric Terrain\n|upkeep\n|turn|7\n|\n|t:|1698976396\n|detailschange|p1a: Necrozma|Necrozma-Ultra\n|-burst|p1a: Necrozma|Necrozma|Ultranecrozium Z\n|move|p1a: Necrozma|Stone Edge|p2a: Volcarona\n|-supereffective|p2a: Volcarona\n|-damage|p2a: Volcarona|0 fnt\n|faint|p2a: Volcarona\n|\n|upkeep\n|\n|t:|1698976427\n|switch|p2a: Zygarde|Zygarde|100\/100\n|turn|8\n|\n|t:|1698976438\n|-terastallize|p2a: Zygarde|Steel\n|-zpower|p1a: Necrozma\n|move|p1a: Necrozma|Light That Burns the Sky|p2a: Zygarde|[zeffect]\n|-resisted|p2a: Zygarde\n|-damage|p2a: Zygarde|54\/100\n|move|p2a: Zygarde|Glare|p1a: Necrozma\n|-status|p1a: Necrozma|par\n|\n|upkeep\n|turn|9\n|\n|t:|1698976478\n|switch|p1a: Gyarados|Gyarados, M|100\/100\n|-ability|p1a: Gyarados|Intimidate|boost\n|-unboost|p2a: Zygarde|atk|1\n|move|p2a: Zygarde|Coil|p2a: Zygarde\n|-boost|p2a: Zygarde|atk|1\n|-boost|p2a: Zygarde|def|1\n|-boost|p2a: Zygarde|accuracy|1\n|\n|upkeep\n|turn|10\n|\n|t:|1698976485\n|move|p2a: Zygarde|Glare|p1a: Gyarados\n|-status|p1a: Gyarados|par\n|move|p1a: Gyarados|Roar|p2a: Zygarde\n|drag|p2a: Blissey|Blissey, F|95\/100\n|\n|-heal|p2a: Blissey|100\/100|[from] item: Leftovers\n|upkeep\n|turn|11\n|\n|t:|1698976503\n|switch|p1a: Tapu Koko|Tapu Koko|100\/100\n|-fieldstart|move: Electric Terrain|[from] ability: Electric Surge|[of] p1a: Tapu Koko\n|move|p2a: Blissey|Wish|p2a: Blissey\n|\n|upkeep\n|turn|12\n|\n|t:|1698976514\n|switch|p1a: Iron Valiant|Iron Valiant|81\/100\n|-activate|p1a: Iron Valiant|ability: Quark Drive\n|-start|p1a: Iron Valiant|quarkdrivespe\n|switch|p2a: Zygarde|Zygarde, tera:Steel|54\/100\n|\n|-heal|p2a: Zygarde|100\/100|[from] move: Wish|[wisher] Blissey\n|upkeep\n|turn|13\n|\n|t:|1698976540\n|-end|p1a: Iron Valiant|Quark Drive|[silent]\n|switch|p1a: Gyarados|Gyarados, M|100\/100 par\n|-ability|p1a: Gyarados|Intimidate|boost\n|-unboost|p2a: Zygarde|atk|1\n|move|p2a: Zygarde|Glare|p1a: Gyarados\n|-fail|p1a: Gyarados|par\n|\n|upkeep\n|turn|14\n|\n|t:|1698976546\n|switch|p1a: Iron Treads|Iron Treads|100\/100\n|-activate|p1a: Iron Treads|ability: Quark Drive\n|-start|p1a: Iron Treads|quarkdrivespe\n|-enditem|p1a: Iron Treads|Electric Seed\n|-boost|p1a: Iron Treads|def|1|[from] item: Electric Seed\n|move|p2a: Zygarde|Thousand Arrows|p1a: Iron Treads\n|-supereffective|p1a: Iron Treads\n|-damage|p1a: Iron Treads|72\/100\n|\n|upkeep\n|turn|15\n|\n|t:|1698976565\n|switch|p2a: Venusaur|Venusaur-Mega, M|100\/100\n|move|p1a: Iron Treads|Earthquake|p2a: Venusaur\n|-damage|p2a: Venusaur|73\/100\n|\n|-fieldend|move: Electric Terrain\n|-end|p1a: Iron Treads|Quark Drive\n|upkeep\n|turn|16\n|c|\u2606Waikiki Woopers|dang that does NOTHING\n|c|\u2606BoyzArbokInTown03|Haha he's so thick\n|\n|t:|1698976587\n|-end|p1a: Iron Treads|Quark Drive|[silent]\n|switch|p1a: Necrozma|Necrozma-Ultra|100\/100 par\n|move|p2a: Venusaur|Grassy Terrain|p2a: Venusaur\n|-fieldstart|move: Grassy Terrain\n|\n|-heal|p2a: Venusaur|79\/100|[from] Grassy Terrain\n|upkeep\n|turn|17\n|\n|t:|1698976593\n|switch|p2a: Zygarde|Zygarde, tera:Steel|100\/100\n|move|p1a: Necrozma|Knock Off|p2a: Zygarde\n|-damage|p2a: Zygarde|72\/100\n|-enditem|p2a: Zygarde|Sitrus Berry|[from] move: Knock Off|[of] p1a: Necrozma\n|\n|-heal|p2a: Zygarde|78\/100|[from] Grassy Terrain\n|upkeep\n|turn|18\n|\n|t:|1698976635\n|switch|p1a: Gyarados|Gyarados, M|100\/100 par\n|-ability|p1a: Gyarados|Intimidate|boost\n|-unboost|p2a: Zygarde|atk|1\n|move|p2a: Zygarde|Coil|p2a: Zygarde\n|-boost|p2a: Zygarde|atk|1\n|-boost|p2a: Zygarde|def|1\n|-boost|p2a: Zygarde|accuracy|1\n|\n|-heal|p2a: Zygarde|85\/100|[from] Grassy Terrain\n|upkeep\n|turn|19\n|\n|t:|1698976641\n|move|p2a: Zygarde|Thousand Arrows|p1a: Gyarados\n|-damage|p1a: Gyarados|58\/100 par\n|-start|p1a: Gyarados|Smack Down\n|move|p1a: Gyarados|Roar|p2a: Zygarde\n|drag|p2a: Venusaur|Venusaur-Mega, M|79\/100\n|\n|-heal|p2a: Venusaur|85\/100|[from] Grassy Terrain\n|-heal|p1a: Gyarados|64\/100 par|[from] Grassy Terrain\n|-heal|p1a: Gyarados|71\/100 par|[from] item: Leftovers\n|upkeep\n|turn|20\n|\n|t:|1698976660\n|move|p2a: Venusaur|Giga Drain|p1a: Gyarados\n|-damage|p1a: Gyarados|46\/100 par\n|-heal|p2a: Venusaur|99\/100|[from] drain|[of] p1a: Gyarados\n|move|p1a: Gyarados|Taunt|p2a: Venusaur\n|-start|p2a: Venusaur|move: Taunt\n|\n|-heal|p2a: Venusaur|100\/100|[from] Grassy Terrain\n|-heal|p1a: Gyarados|52\/100 par|[from] Grassy Terrain\n|-heal|p1a: Gyarados|58\/100 par|[from] item: Leftovers\n|-fieldend|move: Grassy Terrain\n|upkeep\n|turn|21\n|\n|t:|1698976676\n|switch|p2a: Zygarde|Zygarde, tera:Steel|85\/100\n|switch|p1a: Iron Treads|Iron Treads|72\/100\n|\n|upkeep\n|turn|22\n|\n|t:|1698976681\n|switch|p2a: Venusaur|Venusaur-Mega, M|100\/100\n|-terastallize|p1a: Iron Treads|Ground\n|move|p1a: Iron Treads|Earthquake|p2a: Venusaur\n|-damage|p2a: Venusaur|62\/100\n|\n|upkeep\n|turn|23\n|c|\u2606Waikiki Woopers|shoot I was really hoping that would do more lol\n|\n|t:|1698976696\n|-end|p1a: Iron Treads|Quark Drive|[silent]\n|switch|p1a: Nihilego|Nihilego|100\/100\n|move|p2a: Venusaur|Grassy Terrain|p2a: Venusaur\n|-fieldstart|move: Grassy Terrain\n|\n|-heal|p2a: Venusaur|68\/100|[from] Grassy Terrain\n|upkeep\n|turn|24\n|\n|t:|1698976702\n|switch|p1a: Iron Treads|Iron Treads, tera:Ground|72\/100\n|switch|p2a: Blissey|Blissey, F|100\/100\n|\n|-heal|p1a: Iron Treads|78\/100|[from] Grassy Terrain\n|upkeep\n|turn|25\n|\n|t:|1698976712\n|switch|p2a: Venusaur|Venusaur-Mega, M|68\/100\n|move|p1a: Iron Treads|Stealth Rock|p2a: Venusaur\n|-sidestart|p2: BoyzArbokInTown03|move: Stealth Rock\n|\n|-heal|p1a: Iron Treads|84\/100|[from] Grassy Terrain\n|-heal|p2a: Venusaur|74\/100|[from] Grassy Terrain\n|upkeep\n|turn|26\n|\n|t:|1698976718\n|-end|p1a: Iron Treads|Quark Drive|[silent]\n|switch|p1a: Nihilego|Nihilego|100\/100\n|move|p2a: Venusaur|Sleep Powder|p1a: Nihilego\n|-status|p1a: Nihilego|slp|[from] move: Sleep Powder\n|\n|-heal|p2a: Venusaur|80\/100|[from] Grassy Terrain\n|upkeep\n|turn|27\n|\n|t:|1698976724\n|switch|p1a: Iron Valiant|Iron Valiant|81\/100\n|switch|p2a: Samurott|Samurott-Hisui, F|100\/100\n|-damage|p2a: Samurott|88\/100|[from] Stealth Rock\n|\n|-heal|p1a: Iron Valiant|87\/100|[from] Grassy Terrain\n|-heal|p2a: Samurott|94\/100|[from] Grassy Terrain\n|-fieldend|move: Grassy Terrain\n|upkeep\n|turn|28\n|\n|t:|1698976730\n|switch|p2a: Blissey|Blissey, F|100\/100\n|-damage|p2a: Blissey|88\/100|[from] Stealth Rock\n|move|p1a: Iron Valiant|Close Combat|p2a: Blissey\n|-supereffective|p2a: Blissey\n|-damage|p2a: Blissey|0 fnt\n|-unboost|p1a: Iron Valiant|def|1\n|-unboost|p1a: Iron Valiant|spd|1\n|faint|p2a: Blissey\n|\n|upkeep\n|\n|t:|1698976737\n|switch|p2a: Venusaur|Venusaur-Mega, M|80\/100\n|-damage|p2a: Venusaur|68\/100|[from] Stealth Rock\n|turn|29\n|\n|t:|1698976751\n|-end|p1a: Iron Valiant|Quark Drive|[silent]\n|switch|p1a: Necrozma|Necrozma-Ultra|100\/100 par\n|move|p2a: Venusaur|Grassy Terrain|p2a: Venusaur\n|-fieldstart|move: Grassy Terrain\n|\n|-heal|p2a: Venusaur|74\/100|[from] Grassy Terrain\n|upkeep\n|turn|30\n|\n|t:|1698976757\n|switch|p2a: Zygarde|Zygarde, tera:Steel|85\/100\n|-damage|p2a: Zygarde|78\/100|[from] Stealth Rock\n|cant|p1a: Necrozma|par\n|\n|-heal|p2a: Zygarde|85\/100|[from] Grassy Terrain\n|upkeep\n|turn|31\n|\n|t:|1698976764\n|switch|p1a: Iron Treads|Iron Treads, tera:Ground|84\/100\n|move|p2a: Zygarde|Coil|p2a: Zygarde\n|-boost|p2a: Zygarde|atk|1\n|-boost|p2a: Zygarde|def|1\n|-boost|p2a: Zygarde|accuracy|1\n|\n|-heal|p1a: Iron Treads|91\/100|[from] Grassy Terrain\n|-heal|p2a: Zygarde|91\/100|[from] Grassy Terrain\n|upkeep\n|turn|32\n|\n|t:|1698976772\n|-end|p1a: Iron Treads|Quark Drive|[silent]\n|switch|p1a: Gyarados|Gyarados, M|58\/100 par\n|-ability|p1a: Gyarados|Intimidate|boost\n|-unboost|p2a: Zygarde|atk|1\n|move|p2a: Zygarde|Coil|p2a: Zygarde\n|-boost|p2a: Zygarde|atk|1\n|-boost|p2a: Zygarde|def|1\n|-boost|p2a: Zygarde|accuracy|1\n|\n|-heal|p2a: Zygarde|97\/100|[from] Grassy Terrain\n|-heal|p1a: Gyarados|64\/100 par|[from] item: Leftovers\n|upkeep\n|turn|33\n|\n|t:|1698976775\n|move|p2a: Zygarde|Thousand Arrows|p1a: Gyarados\n|-damage|p1a: Gyarados|4\/100 par\n|-start|p1a: Gyarados|Smack Down\n|cant|p1a: Gyarados|par\n|\n|-heal|p2a: Zygarde|100\/100|[from] Grassy Terrain\n|-heal|p1a: Gyarados|10\/100 par|[from] Grassy Terrain\n|-heal|p1a: Gyarados|16\/100 par|[from] item: Leftovers\n|-fieldend|move: Grassy Terrain\n|upkeep\n|turn|34\n|\n|t:|1698976824\n|move|p2a: Zygarde|Thousand Arrows|p1a: Gyarados\n|-damage|p1a: Gyarados|0 fnt\n|faint|p1a: Gyarados\n|\n|upkeep\n|\n|t:|1698976826\n|switch|p1a: Iron Treads|Iron Treads, tera:Ground|91\/100\n|turn|35\n|\n|t:|1698976847\n|move|p1a: Iron Treads|Earthquake|p2a: Zygarde\n|-supereffective|p2a: Zygarde\n|-damage|p2a: Zygarde|62\/100\n|move|p2a: Zygarde|Rest|p2a: Zygarde\n|-status|p2a: Zygarde|slp|[from] move: Rest\n|-heal|p2a: Zygarde|100\/100 slp|[silent]\n|\n|upkeep\n|turn|36\n|\n|t:|1698976855\n|move|p1a: Iron Treads|Earthquake|p2a: Zygarde\n|-supereffective|p2a: Zygarde\n|-damage|p2a: Zygarde|60\/100 slp\n|cant|p2a: Zygarde|slp\n|\n|upkeep\n|turn|37\n|c|\u2606BoyzArbokInTown03|That did less than I thought\n|c|\u2606Waikiki Woopers|same\n|c|\u2606BoyzArbokInTown03|!Dt power construct\n|raw|<ul class=\"utilichart\"><li class=\"result\"><span class=\"col namecol\"><a href=\"https:\/\/dex.pokemonshowdown.com\/abilities\/powerconstruct\">Power Construct<\/a><\/span> <span class=\"col abilitydesccol\">If Zygarde 10%\/50%, changes to Complete if at 1\/2 max HP or less at end of turn.<\/span> <\/li><li style=\"clear:both\"><\/li><\/ul>\n|raw|<font size=\"1\"><font color=\"#686868\">Gen:<\/font> 7&nbsp;|&ThickSpace;&#10003; Not affected by Gastro Acid<\/font>\n\n|\n|t:|1698976930\n|move|p1a: Iron Treads|Earthquake|p2a: Zygarde\n|-supereffective|p2a: Zygarde\n|-damage|p2a: Zygarde|23\/100 slp\n|cant|p2a: Zygarde|slp\n|\n|-activate|p2a: Zygarde|ability: Power Construct\n|detailschange|p2a: Zygarde|Zygarde-Complete, tera:Steel\n|-heal|p2a: Zygarde|50\/100 slp|[silent]\n|upkeep\n|turn|38\n|\n|t:|1698976944\n|move|p1a: Iron Treads|Earthquake|p2a: Zygarde\n|-supereffective|p2a: Zygarde\n|-damage|p2a: Zygarde|22\/100 slp\n|-curestatus|p2a: Zygarde|slp|[msg]\n|move|p2a: Zygarde|Glare|p1a: Iron Treads\n|-status|p1a: Iron Treads|par\n|\n|upkeep\n|turn|39\n|\n|t:|1698976970\n|move|p2a: Zygarde|Rest|p2a: Zygarde\n|-status|p2a: Zygarde|slp|[from] move: Rest\n|-heal|p2a: Zygarde|100\/100 slp|[silent]\n|move|p1a: Iron Treads|Earthquake|p2a: Zygarde\n|-supereffective|p2a: Zygarde\n|-damage|p2a: Zygarde|76\/100 slp\n|\n|upkeep\n|turn|40\n|\n|t:|1698976977\n|-end|p1a: Iron Treads|Quark Drive|[silent]\n|switch|p1a: Iron Valiant|Iron Valiant|87\/100\n|cant|p2a: Zygarde|slp\n|\n|upkeep\n|turn|41\n|l| lelza\n|\n|t:|1698977001\n|move|p1a: Iron Valiant|Close Combat|p2a: Zygarde\n|-supereffective|p2a: Zygarde\n|-damage|p2a: Zygarde|52\/100 slp\n|-unboost|p1a: Iron Valiant|def|1\n|-unboost|p1a: Iron Valiant|spd|1\n|cant|p2a: Zygarde|slp\n|\n|upkeep\n|turn|42\n|\n|t:|1698977009\n|move|p1a: Iron Valiant|Close Combat|p2a: Zygarde\n|-supereffective|p2a: Zygarde\n|-damage|p2a: Zygarde|31\/100 slp\n|-unboost|p1a: Iron Valiant|def|1\n|-unboost|p1a: Iron Valiant|spd|1\n|-curestatus|p2a: Zygarde|slp|[msg]\n|move|p2a: Zygarde|Glare|p1a: Iron Valiant\n|-status|p1a: Iron Valiant|par\n|\n|upkeep\n|turn|43\n|\n|t:|1698977030\n|-end|p1a: Iron Valiant|Quark Drive|[silent]\n|switch|p1a: Tapu Koko|Tapu Koko|100\/100\n|-fieldstart|move: Electric Terrain|[from] ability: Electric Surge|[of] p1a: Tapu Koko\n|move|p2a: Zygarde|Coil|p2a: Zygarde\n|-boost|p2a: Zygarde|atk|1\n|-boost|p2a: Zygarde|def|1\n|-boost|p2a: Zygarde|accuracy|1\n|\n|upkeep\n|turn|44\n|\n|t:|1698977039\n|move|p1a: Tapu Koko|Volt Switch|p2a: Zygarde\n|-damage|p2a: Zygarde|10\/100\n|\n|t:|1698977060\n|switch|p1a: Nihilego|Nihilego|100\/100 slp|[from] Volt Switch\n|move|p2a: Zygarde|Rest||[still]\n|-activate|p2a: Zygarde|move: Electric Terrain\n|-fail|p2a: Zygarde\n|\n|upkeep\n|turn|45\n|c|\u2606BoyzArbokInTown03|Oooohhhhh I forgot about that\n|c|\u2606Waikiki Woopers|yeaaaah :P\n|\n|t:|1698977103\n|cant|p1a: Nihilego|slp\n|move|p2a: Zygarde|Coil|p2a: Zygarde\n|-boost|p2a: Zygarde|atk|1\n|-boost|p2a: Zygarde|def|1\n|-boost|p2a: Zygarde|accuracy|1\n|\n|upkeep\n|turn|46\n|\n|t:|1698977107\n|-curestatus|p1a: Nihilego|slp|[msg]\n|move|p1a: Nihilego|Power Gem|p2a: Zygarde\n|-resisted|p2a: Zygarde\n|-damage|p2a: Zygarde|0 fnt\n|faint|p2a: Zygarde\n|-ability|p1a: Nihilego|Beast Boost|boost\n|-boost|p1a: Nihilego|spe|1\n|\n|upkeep\n|\n|t:|1698977117\n|switch|p2a: Samurott|Samurott-Hisui, F|94\/100\n|-damage|p2a: Samurott|82\/100|[from] Stealth Rock\n|turn|47\n|\n|t:|1698977125\n|move|p1a: Nihilego|Knock Off|p2a: Samurott\n|-resisted|p2a: Samurott\n|-damage|p2a: Samurott|74\/100\n|-enditem|p2a: Samurott|Focus Sash|[from] move: Knock Off|[of] p1a: Nihilego\n|move|p2a: Samurott|Ceaseless Edge|p1a: Nihilego\n|-damage|p1a: Nihilego|39\/100\n|-sidestart|p1: Waikiki Woopers|Spikes\n|\n|-fieldend|move: Electric Terrain\n|upkeep\n|turn|48\n|\n|t:|1698977132\n|move|p2a: Samurott|Aqua Jet|p1a: Nihilego\n|-supereffective|p1a: Nihilego\n|-crit|p1a: Nihilego\n|-damage|p1a: Nihilego|0 fnt\n|faint|p1a: Nihilego\n|\n|upkeep\n|\n|t:|1698977139\n|switch|p1a: Tapu Koko|Tapu Koko|100\/100\n|-damage|p1a: Tapu Koko|88\/100|[from] Spikes\n|-fieldstart|move: Electric Terrain|[from] ability: Electric Surge|[of] p1a: Tapu Koko\n|turn|49\n|\n|t:|1698977146\n|switch|p2a: Venusaur|Venusaur-Mega, M|74\/100\n|-damage|p2a: Venusaur|61\/100|[from] Stealth Rock\n|move|p1a: Tapu Koko|Volt Switch|p2a: Venusaur\n|-resisted|p2a: Venusaur\n|-damage|p2a: Venusaur|46\/100\n|\n|t:|1698977156\n|switch|p1a: Iron Valiant|Iron Valiant|87\/100 par|[from] Volt Switch\n|-damage|p1a: Iron Valiant|75\/100 par|[from] Spikes\n|-activate|p1a: Iron Valiant|ability: Quark Drive\n|-start|p1a: Iron Valiant|quarkdrivespe\n|\n|upkeep\n|turn|50\n|\n|t:|1698977173\n|move|p1a: Iron Valiant|Moonblast|p2a: Venusaur\n|-resisted|p2a: Venusaur\n|-damage|p2a: Venusaur|17\/100\n|-unboost|p2a: Venusaur|spa|1\n|move|p2a: Venusaur|Grassy Terrain|p2a: Venusaur\n|-fieldstart|move: Grassy Terrain\n|-end|p1a: Iron Valiant|Quark Drive\n|\n|-heal|p2a: Venusaur|23\/100|[from] Grassy Terrain\n|-heal|p1a: Iron Valiant|81\/100 par|[from] Grassy Terrain\n|upkeep\n|turn|51\n|\n|t:|1698977181\n|move|p2a: Venusaur|Giga Drain|p1a: Iron Valiant\n|-damage|p1a: Iron Valiant|28\/100 par\n|-heal|p2a: Venusaur|44\/100|[from] drain|[of] p1a: Iron Valiant\n|move|p1a: Iron Valiant|Moonblast|p2a: Venusaur\n|-resisted|p2a: Venusaur\n|-damage|p2a: Venusaur|15\/100\n|\n|-heal|p2a: Venusaur|21\/100|[from] Grassy Terrain\n|-heal|p1a: Iron Valiant|34\/100 par|[from] Grassy Terrain\n|upkeep\n|turn|52\n|\n|t:|1698977188\n|-end|p1a: Iron Valiant|Quark Drive|[silent]\n|switch|p1a: Necrozma|Necrozma-Ultra|100\/100 par\n|-damage|p1a: Necrozma|88\/100 par|[from] Spikes\n|move|p2a: Venusaur|Giga Drain|p1a: Necrozma\n|-resisted|p1a: Necrozma\n|-damage|p1a: Necrozma|74\/100 par\n|-heal|p2a: Venusaur|28\/100|[from] drain|[of] p1a: Necrozma\n|\n|-heal|p2a: Venusaur|34\/100|[from] Grassy Terrain\n|-heal|p1a: Necrozma|81\/100 par|[from] Grassy Terrain\n|upkeep\n|turn|53\n|\n|t:|1698977200\n|switch|p2a: Samurott|Samurott-Hisui, F|74\/100\n|-damage|p2a: Samurott|62\/100|[from] Stealth Rock\n|cant|p1a: Necrozma|par\n|\n|-heal|p2a: Samurott|68\/100|[from] Grassy Terrain\n|-heal|p1a: Necrozma|87\/100 par|[from] Grassy Terrain\n|upkeep\n|turn|54\n|c|\u2606Waikiki Woopers|i hate paralysis\n|c|\u2606BoyzArbokInTown03|Same honestly\n|\n|t:|1698977264\n|switch|p1a: Iron Treads|Iron Treads, tera:Ground|91\/100 par\n|-damage|p1a: Iron Treads|78\/100 par|[from] Spikes\n|move|p2a: Samurott|Ceaseless Edge|p1a: Iron Treads\n|-damage|p1a: Iron Treads|41\/100 par\n|-sidestart|p1: Waikiki Woopers|Spikes\n|\n|-heal|p2a: Samurott|74\/100|[from] Grassy Terrain\n|-heal|p1a: Iron Treads|48\/100 par|[from] Grassy Terrain\n|-fieldend|move: Grassy Terrain\n|upkeep\n|turn|55\n|\n|t:|1698977290\n|move|p2a: Samurott|Ceaseless Edge|p1a: Iron Treads\n|-damage|p1a: Iron Treads|7\/100 par\n|-sidestart|p1: Waikiki Woopers|Spikes\n|move|p1a: Iron Treads|Rapid Spin|p2a: Samurott\n|-damage|p2a: Samurott|53\/100\n|-boost|p1a: Iron Treads|spe|1\n|-sideend|p1: Waikiki Woopers|Spikes|[from] move: Rapid Spin|[of] p1a: Iron Treads\n|\n|upkeep\n|turn|56\n|\n|t:|1698977299\n|move|p2a: Samurott|Ceaseless Edge|p1a: Iron Treads\n|-damage|p1a: Iron Treads|0 fnt\n|-sidestart|p1: Waikiki Woopers|Spikes\n|faint|p1a: Iron Treads\n|-end|p1a: Iron Treads|Quark Drive|[silent]\n|\n|upkeep\n|\n|t:|1698977302\n|switch|p1a: Tapu Koko|Tapu Koko|88\/100\n|-damage|p1a: Tapu Koko|76\/100|[from] Spikes\n|-fieldstart|move: Electric Terrain|[from] ability: Electric Surge|[of] p1a: Tapu Koko\n|turn|57\n|\n|t:|1698977308\n|switch|p2a: Venusaur|Venusaur-Mega, M|34\/100\n|-damage|p2a: Venusaur|21\/100|[from] Stealth Rock\n|move|p1a: Tapu Koko|Dazzling Gleam|p2a: Venusaur\n|-resisted|p2a: Venusaur\n|-damage|p2a: Venusaur|8\/100\n|\n|upkeep\n|turn|58\n|\n|t:|1698977313\n|move|p1a: Tapu Koko|Dazzling Gleam|p2a: Venusaur\n|-resisted|p2a: Venusaur\n|-damage|p2a: Venusaur|0 fnt\n|faint|p2a: Venusaur\n|\n|upkeep\n|\n|t:|1698977314\n|switch|p2a: Samurott|Samurott-Hisui, F|53\/100\n|-damage|p2a: Samurott|41\/100|[from] Stealth Rock\n|turn|59\n|c|\u2606BoyzArbokInTown03|GG\n|\n|t:|1698977322\n|move|p2a: Samurott|Aqua Jet|p1a: Tapu Koko\n|-damage|p1a: Tapu Koko|54\/100\n|move|p1a: Tapu Koko|Volt Switch|p2a: Samurott\n|-supereffective|p2a: Samurott\n|-damage|p2a: Samurott|0 fnt\n|faint|p2a: Samurott\n|\n|win|Waikiki Woopers\n|c|\u2606Waikiki Woopers|gg\n|l|\u2606BoyzArbokInTown03\n","uploadtime":1698977331,"views":33,"p1id":"waikikiwoopers","p2id":"boyzarbokintown03","formatid":"gen9nationaldexubers","rating":0,"private":0,"password":""}