{"id":"gen9nationaldexubers-1980141021","p1":"arafatr871","p2":"85792195wwww","format":"[Gen 9] National Dex Ubers","log":"|j|\u2606arafatr871\n|j|\u203d85792195wwww\n|t:|1698760934\n|gametype|singles\n|player|p1|arafatr871|steven|1646\n|player|p2|85792195wwww|lady|1805\n|teamsize|p1|6\n|teamsize|p2|6\n|gen|9\n|tier|[Gen 9] National Dex Ubers\n|rated|\n|rule|HP Percentage Mod: HP is shown in percentages\n|rule|Endless Battle Clause: Forcing endless battles is banned\n|rule|OHKO Clause: OHKO moves are banned\n|rule|Evasion Moves Clause: Evasion moves are banned\n|rule|Evasion Items Clause: Evasion items are banned\n|rule|Species Clause: Limit one of each Pok\u00e9mon\n|rule|Sleep Clause Mod: Limit one foe put to sleep\n|rule|Mega Rayquaza Clause: You cannot mega evolve Rayquaza\n|clearpoke\n|poke|p1|Groudon|\n|poke|p1|Kyogre|\n|poke|p1|Giratina|\n|poke|p1|Dondozo, F|\n|poke|p1|Yveltal|\n|poke|p1|Eternatus|\n|poke|p2|Xerneas-*|\n|poke|p2|Rayquaza|\n|poke|p2|Zacian-*|\n|poke|p2|Deoxys-Speed|\n|poke|p2|Groudon|\n|poke|p2|Arceus|\n|teampreview\n|inactive|Battle timer is ON: inactive players will automatically lose when time's up. (requested by arafatr871)\n|\n|t:|1698760947\n|start\n|switch|p1a: Yveltal|Yveltal, shiny|100\/100\n|switch|p2a: Xerneas|Xerneas|100\/100\n|-ability|p1a: Yveltal|Dark Aura\n|-ability|p2a: Xerneas|Fairy Aura\n|turn|1\n|\n|t:|1698760956\n|move|p1a: Yveltal|Knock Off|p2a: Xerneas\n|-resisted|p2a: Xerneas\n|-damage|p2a: Xerneas|68\/100\n|-enditem|p2a: Xerneas|Power Herb|[from] move: Knock Off|[of] p1a: Yveltal\n|-damage|p1a: Yveltal|91\/100|[from] item: Life Orb\n|move|p2a: Xerneas|Moonblast|p1a: Yveltal\n|-supereffective|p1a: Yveltal\n|-damage|p1a: Yveltal|0 fnt\n|faint|p1a: Yveltal\n|\n|upkeep\n|\n|t:|1698760964\n|switch|p1a: Eternatus|Eternatus|100\/100\n|-ability|p1a: Eternatus|Pressure\n|turn|2\n|\n|t:|1698760975\n|switch|p2a: Zacian|Zacian-Crowned|100\/100\n|-ability|p2a: Zacian|Intrepid Sword|boost\n|-boost|p2a: Zacian|atk|1\n|move|p1a: Eternatus|Sludge Bomb|p2a: Zacian\n|-immune|p2a: Zacian\n|\n|upkeep\n|turn|3\n|\n|t:|1698760986\n|move|p2a: Zacian|Behemoth Blade|p1a: Eternatus\n|-damage|p1a: Eternatus|31\/100\n|move|p1a: Eternatus|Toxic Spikes|p2a: Zacian\n|-sidestart|p2: 85792195wwww|move: Toxic Spikes\n|\n|-heal|p1a: Eternatus|38\/100|[from] item: Leftovers\n|upkeep\n|turn|4\n|\n|t:|1698760994\n|switch|p1a: Dondozo|Dondozo, F, shiny|100\/100\n|move|p2a: Zacian|Behemoth Blade|p1a: Dondozo\n|-resisted|p1a: Dondozo\n|-damage|p1a: Dondozo|84\/100\n|\n|-heal|p1a: Dondozo|91\/100|[from] item: Leftovers\n|upkeep\n|turn|5\n|\n|t:|1698761005\n|switch|p2a: Deoxys|Deoxys-Speed|100\/100\n|-status|p2a: Deoxys|psn\n|-ability|p2a: Deoxys|Pressure\n|move|p1a: Dondozo|Curse|p1a: Dondozo\n|-unboost|p1a: Dondozo|spe|1\n|-boost|p1a: Dondozo|atk|1\n|-boost|p1a: Dondozo|def|1\n|\n|-heal|p1a: Dondozo|97\/100|[from] item: Leftovers\n|-damage|p2a: Deoxys|88\/100 psn|[from] psn\n|upkeep\n|turn|6\n|\n|t:|1698761021\n|move|p2a: Deoxys|Knock Off|p1a: Dondozo\n|-damage|p1a: Dondozo|91\/100\n|-enditem|p1a: Dondozo|Leftovers|[from] move: Knock Off|[of] p2a: Deoxys\n|move|p1a: Dondozo|Earthquake|p2a: Deoxys\n|-damage|p2a: Deoxys|54\/100 psn\n|\n|-damage|p2a: Deoxys|42\/100 psn|[from] psn\n|upkeep\n|turn|7\n|\n|t:|1698761031\n|switch|p2a: Rayquaza|Rayquaza|100\/100\n|-ability|p2a: Rayquaza|Air Lock\n|move|p1a: Dondozo|Curse|p1a: Dondozo\n|-unboost|p1a: Dondozo|spe|1\n|-boost|p1a: Dondozo|atk|1\n|-boost|p1a: Dondozo|def|1\n|\n|upkeep\n|turn|8\n|\n|t:|1698761041\n|move|p2a: Rayquaza|Defog|p1a: Dondozo\n|-unboost|p1a: Dondozo|evasion|1\n|-sideend|p2: 85792195wwww|Toxic Spikes|[from] move: Defog|[of] p2a: Rayquaza\n|move|p1a: Dondozo|Liquidation|p2a: Rayquaza\n|-resisted|p2a: Rayquaza\n|-damage|p2a: Rayquaza|67\/100\n|\n|upkeep\n|turn|9\n|\n|t:|1698761051\n|switch|p2a: Deoxys|Deoxys-Speed|42\/100 psn\n|-ability|p2a: Deoxys|Pressure\n|move|p1a: Dondozo|Liquidation|p2a: Deoxys\n|-damage|p2a: Deoxys|0 fnt\n|-damage|p1a: Dondozo|74\/100|[from] item: Rocky Helmet|[of] p2a: Deoxys\n|faint|p2a: Deoxys\n|\n|upkeep\n|\n|t:|1698761059\n|switch|p2a: Xerneas|Xerneas|68\/100\n|-ability|p2a: Xerneas|Fairy Aura\n|turn|10\n|\n|t:|1698761064\n|move|p2a: Xerneas|Moonblast|p1a: Dondozo\n|-damage|p1a: Dondozo|0 fnt\n|faint|p1a: Dondozo\n|\n|upkeep\n|\n|t:|1698761068\n|switch|p1a: Eternatus|Eternatus|38\/100\n|-ability|p1a: Eternatus|Pressure\n|turn|11\n|\n|t:|1698761075\n|move|p1a: Eternatus|Sludge Bomb|p2a: Xerneas\n|-supereffective|p2a: Xerneas\n|-crit|p2a: Xerneas\n|-damage|p2a: Xerneas|0 fnt\n|faint|p2a: Xerneas\n|\n|-heal|p1a: Eternatus|44\/100|[from] item: Leftovers\n|upkeep\n|\n|t:|1698761084\n|switch|p2a: Zacian|Zacian-Crowned|100\/100\n|turn|12\n|\n|t:|1698761108\n|-terastallize|p1a: Eternatus|Steel\n|move|p2a: Zacian|Swords Dance|p2a: Zacian\n|-boost|p2a: Zacian|atk|2\n|move|p1a: Eternatus|Toxic Spikes|p2a: Zacian\n|-sidestart|p2: 85792195wwww|move: Toxic Spikes\n|\n|-heal|p1a: Eternatus|50\/100|[from] item: Leftovers\n|upkeep\n|turn|13\n|\n|t:|1698761119\n|move|p2a: Zacian|Swords Dance|p2a: Zacian\n|-boost|p2a: Zacian|atk|2\n|move|p1a: Eternatus|Flamethrower|p2a: Zacian\n|-supereffective|p2a: Zacian\n|-damage|p2a: Zacian|29\/100\n|\n|-heal|p1a: Eternatus|56\/100|[from] item: Leftovers\n|upkeep\n|turn|14\n|\n|t:|1698761131\n|-terastallize|p2a: Zacian|Ground\n|move|p2a: Zacian|Tera Blast|p1a: Eternatus|[anim] Tera Blast Ground\n|-supereffective|p1a: Eternatus\n|-damage|p1a: Eternatus|0 fnt\n|faint|p1a: Eternatus\n|\n|upkeep\n|\n|t:|1698761141\n|switch|p1a: Giratina|Giratina, shiny|100\/100\n|-ability|p1a: Giratina|Pressure\n|turn|15\n|\n|t:|1698761146\n|move|p1a: Giratina|Protect|p1a: Giratina\n|-singleturn|p1a: Giratina|Protect\n|move|p2a: Zacian|Behemoth Blade|p1a: Giratina\n|-activate|p1a: Giratina|move: Protect\n|\n|upkeep\n|turn|16\n|\n|t:|1698761159\n|move|p2a: Zacian|Behemoth Blade|p1a: Giratina\n|-damage|p1a: Giratina|2\/100\n|move|p1a: Giratina|Toxic|p2a: Zacian\n|-status|p2a: Zacian|tox\n|\n|-heal|p1a: Giratina|8\/100|[from] item: Leftovers\n|-damage|p2a: Zacian|22\/100 tox|[from] psn\n|upkeep\n|turn|17\n|\n|t:|1698761170\n|switch|p2a: Rayquaza|Rayquaza|67\/100\n|-ability|p2a: Rayquaza|Air Lock\n|move|p1a: Giratina|Protect||[still]\n|-fail|p1a: Giratina\n|\n|-heal|p1a: Giratina|15\/100|[from] item: Leftovers\n|upkeep\n|turn|18\n|\n|t:|1698761180\n|move|p2a: Rayquaza|Defog|p1a: Giratina\n|-unboost|p1a: Giratina|evasion|1\n|-sideend|p2: 85792195wwww|Toxic Spikes|[from] move: Defog|[of] p2a: Rayquaza\n|move|p1a: Giratina|Toxic|p2a: Rayquaza\n|-status|p2a: Rayquaza|tox\n|\n|-heal|p1a: Giratina|21\/100|[from] item: Leftovers\n|-damage|p2a: Rayquaza|61\/100 tox|[from] psn\n|upkeep\n|turn|19\n|\n|t:|1698761192\n|switch|p2a: Groudon|Groudon|100\/100\n|detailschange|p2a: Groudon|Groudon-Primal\n|-primal|p2a: Groudon|Red Orb\n|-weather|DesolateLand|[from] ability: Desolate Land|[of] p2a: Groudon\n|move|p1a: Giratina|Protect||[still]\n|-fail|p1a: Giratina\n|\n|-weather|DesolateLand|[upkeep]\n|-heal|p1a: Giratina|27\/100|[from] item: Leftovers\n|upkeep\n|turn|20\n|\n|t:|1698761204\n|move|p2a: Groudon|Precipice Blades|p1a: Giratina\n|-damage|p1a: Giratina|0 fnt\n|faint|p1a: Giratina\n|\n|-weather|DesolateLand|[upkeep]\n|upkeep\n|\n|t:|1698761209\n|switch|p1a: Kyogre|Kyogre, shiny|100\/100\n|detailschange|p1a: Kyogre|Kyogre-Primal, shiny\n|-primal|p1a: Kyogre|Blue Orb\n|-weather|PrimordialSea|[from] ability: Primordial Sea|[of] p1a: Kyogre\n|turn|21\n|\n|t:|1698761216\n|switch|p2a: Rayquaza|Rayquaza|61\/100 tox\n|-ability|p2a: Rayquaza|Air Lock\n|move|p1a: Kyogre|Water Spout|p2a: Rayquaza\n|-resisted|p2a: Rayquaza\n|-damage|p2a: Rayquaza|12\/100 tox\n|\n|-weather|PrimordialSea|[upkeep]\n|-damage|p2a: Rayquaza|6\/100 tox|[from] psn\n|upkeep\n|turn|22\n|\n|t:|1698761227\n|move|p1a: Kyogre|Ice Beam|p2a: Rayquaza\n|-supereffective|p2a: Rayquaza\n|-damage|p2a: Rayquaza|0 fnt\n|faint|p2a: Rayquaza\n|\n|-weather|PrimordialSea|[upkeep]\n|upkeep\n|\n|t:|1698761236\n|switch|p2a: Groudon|Groudon-Primal|100\/100\n|-weather|DesolateLand|[from] ability: Desolate Land|[of] p2a: Groudon\n|turn|23\n|\n|t:|1698761243\n|move|p1a: Kyogre|Ice Beam|p2a: Groudon\n|-damage|p2a: Groudon|61\/100\n|move|p2a: Groudon|Rock Polish|p2a: Groudon\n|-boost|p2a: Groudon|spe|2\n|\n|-weather|DesolateLand|[upkeep]\n|upkeep\n|turn|24\n|\n|t:|1698761251\n|move|p2a: Groudon|Precipice Blades|p1a: Kyogre|[miss]\n|-miss|p2a: Groudon|p1a: Kyogre\n|move|p1a: Kyogre|Ice Beam|p2a: Groudon\n|-damage|p2a: Groudon|19\/100\n|\n|-weather|DesolateLand|[upkeep]\n|upkeep\n|turn|25\n|\n|t:|1698761259\n|move|p2a: Groudon|Precipice Blades|p1a: Kyogre|[miss]\n|-miss|p2a: Groudon|p1a: Kyogre\n|move|p1a: Kyogre|Ice Beam|p2a: Groudon\n|-damage|p2a: Groudon|0 fnt\n|faint|p2a: Groudon\n|-weather|none\n|\n|upkeep\n|\n|t:|1698761272\n|switch|p2a: Arceus|Arceus|100\/100\n|turn|26\n|\n|t:|1698761277\n|move|p2a: Arceus|Swords Dance|p2a: Arceus\n|-boost|p2a: Arceus|atk|2\n|move|p1a: Kyogre|Scald|p2a: Arceus\n|-crit|p2a: Arceus\n|-damage|p2a: Arceus|43\/100\n|\n|upkeep\n|turn|27\n|\n|t:|1698761286\n|move|p2a: Arceus|Extreme Speed|p1a: Kyogre\n|-damage|p1a: Kyogre|0 fnt\n|faint|p1a: Kyogre\n|-damage|p2a: Arceus|33\/100|[from] item: Life Orb\n|\n|upkeep\n|\n|t:|1698761290\n|switch|p1a: Groudon|Groudon, shiny|100\/100\n|detailschange|p1a: Groudon|Groudon-Primal, shiny\n|-primal|p1a: Groudon|Red Orb\n|-weather|DesolateLand|[from] ability: Desolate Land|[of] p1a: Groudon\n|turn|28\n|\n|t:|1698761300\n|move|p2a: Arceus|Extreme Speed|p1a: Groudon\n|-damage|p1a: Groudon|30\/100\n|-damage|p2a: Arceus|23\/100|[from] item: Life Orb\n|move|p1a: Groudon|Earthquake|p2a: Arceus\n|-damage|p2a: Arceus|0 fnt\n|faint|p2a: Arceus\n|\n|-weather|DesolateLand|[upkeep]\n|upkeep\n|\n|t:|1698761311\n|switch|p2a: Zacian|Zacian-Crowned, tera:Ground|22\/100 tox\n|turn|29\n|\n|t:|1698761316\n|move|p2a: Zacian|Tera Blast|p1a: Groudon|[anim] Tera Blast Ground\n|-supereffective|p1a: Groudon\n|-damage|p1a: Groudon|0 fnt\n|faint|p1a: Groudon\n|-weather|none\n|\n|win|85792195wwww\n|raw|arafatr871's rating: 1646 &rarr; <strong>1635<\/strong><br \/>(-11 for losing)\n|raw|85792195wwww's rating: 1805 &rarr; <strong>1816<\/strong><br \/>(+11 for winning)\n|c|\u2606arafatr871|gg\n","uploadtime":1698761335,"views":6,"p1id":"arafatr871","p2id":"85792195wwww","formatid":"gen9nationaldexubers","rating":1635,"private":0,"password":""}