{"id":"gen9nationaldexubers-1995810651","p1":"AutumnCookie","p2":"kpoc12","format":"[Gen 9] National Dex Ubers","log":"|j|\u2606AutumnCookie\n|j|\u2606kpoc12\n|t:|1700605388\n|gametype|singles\n|player|p1|AutumnCookie|grusha|\n|player|p2|kpoc12|larry|\n|teamsize|p1|6\n|teamsize|p2|6\n|gen|9\n|tier|[Gen 9] National Dex Ubers\n|rule|HP Percentage Mod: HP is shown in percentages\n|rule|Endless Battle Clause: Forcing endless battles is banned\n|rule|OHKO Clause: OHKO moves are banned\n|rule|Evasion Moves Clause: Evasion moves are banned\n|rule|Evasion Items Clause: Evasion items are banned\n|rule|Species Clause: Limit one of each Pok\u00e9mon\n|rule|Sleep Clause Mod: Limit one foe put to sleep\n|rule|Mega Rayquaza Clause: You cannot mega evolve Rayquaza\n|clearpoke\n|poke|p1|Frosmoth, F|\n|poke|p1|Beartic, M|\n|poke|p1|Cetitan, M|\n|poke|p1|Abomasnow, M|\n|poke|p1|Sandslash-Alola, M|\n|poke|p1|Altaria, F|\n|poke|p2|Komala, M|\n|poke|p2|Dudunsparce-*, F|\n|poke|p2|Ambipom, M|\n|poke|p2|Maushold-Four|\n|poke|p2|Smeargle, M|\n|poke|p2|Staraptor, F|\n|teampreview\n|\n|t:|1700605400\n|start\n|switch|p1a: Abomasnow|Abomasnow, M|100\/100\n|switch|p2a: Smeargle|Smeargle, M|100\/100\n|-weather|Snow|[from] ability: Snow Warning|[of] p1a: Abomasnow\n|turn|1\n|c|\u2606AutumnCookie|Larry death .\n|\n|t:|1700605412\n|move|p2a: Smeargle|Spore|p1a: Abomasnow\n|-immune|p1a: Abomasnow\n|move|p1a: Abomasnow|Aurora Veil|p1a: Abomasnow\n|-sidestart|p1: AutumnCookie|move: Aurora Veil\n|\n|-weather|Snow|[upkeep]\n|upkeep\n|turn|2\n|c|\u2606kpoc12|its imminent\n|c|\u2606AutumnCookie|It is grass type .\n|c|\u2606kpoc12|imminent?\n|c|\u2606kpoc12|how do u spell that\n|c|\u2606AutumnCookie|Imminent is right\n|c|\u2606kpoc12|so cool\n|\n|t:|1700605449\n|switch|p1a: Beartic|Beartic, M|100\/100\n|move|p2a: Smeargle|Swords Dance|p2a: Smeargle\n|-boost|p2a: Smeargle|atk|2\n|\n|-weather|Snow|[upkeep]\n|upkeep\n|turn|3\n|\n|t:|1700605466\n|move|p1a: Beartic|Swords Dance|p1a: Beartic\n|-boost|p1a: Beartic|atk|2\n|move|p2a: Smeargle|Baton Pass|p2a: Smeargle\n|\n|t:|1700605475\n|switch|p2a: Ambipom|Ambipom, M|100\/100|[from] Baton Pass\n|\n|-weather|Snow|[upkeep]\n|upkeep\n|turn|4\n|c|\u2606AutumnCookie|Larry I am so sorry this thing has Close Combat .\n|\n|t:|1700605498\n|move|p2a: Ambipom|Fake Out|p1a: Beartic\n|-damage|p1a: Beartic|79\/100\n|cant|p1a: Beartic|flinch\n|\n|-weather|Snow|[upkeep]\n|upkeep\n|turn|5\n|\n|t:|1700605506\n|-terastallize|p2a: Ambipom|Fighting\n|move|p1a: Beartic|Close Combat|p2a: Ambipom\n|-damage|p2a: Ambipom|0 fnt\n|-unboost|p1a: Beartic|def|1\n|-unboost|p1a: Beartic|spd|1\n|faint|p2a: Ambipom\n|-damage|p1a: Beartic|69\/100|[from] item: Life Orb\n|\n|-weather|Snow|[upkeep]\n|-sideend|p1: AutumnCookie|move: Aurora Veil\n|upkeep\n|c|\u2606AutumnCookie|DAMN\n|\n|t:|1700605515\n|switch|p2a: Staraptor|Staraptor, F|100\/100\n|turn|6\n|\n|t:|1700605524\n|move|p1a: Beartic|Icicle Crash|p2a: Staraptor\n|-supereffective|p2a: Staraptor\n|-damage|p2a: Staraptor|0 fnt\n|faint|p2a: Staraptor\n|-damage|p1a: Beartic|59\/100|[from] item: Life Orb\n|\n|-weather|Snow|[upkeep]\n|upkeep\n|\n|t:|1700605535\n|switch|p2a: Smeargle|Smeargle, M|100\/100\n|turn|7\n|c|\u2606AutumnCookie|Larry DEATH\n|c|\u2606kpoc12|idk what u expected\n|\n|t:|1700605546\n|move|p1a: Beartic|Close Combat|p2a: Smeargle\n|-supereffective|p2a: Smeargle\n|-enditem|p2a: Smeargle|Focus Sash\n|-damage|p2a: Smeargle|1\/100\n|-unboost|p1a: Beartic|def|1\n|-unboost|p1a: Beartic|spd|1\n|-damage|p1a: Beartic|49\/100|[from] item: Life Orb\n|move|p2a: Smeargle|Spore|p1a: Beartic\n|-status|p1a: Beartic|slp|[from] move: Spore\n|\n|-weather|Snow|[upkeep]\n|upkeep\n|turn|8\n|c|\u2606kpoc12|his team is shit\n|\n|t:|1700605561\n|cant|p1a: Beartic|slp\n|move|p2a: Smeargle|Swords Dance|p2a: Smeargle\n|-boost|p2a: Smeargle|atk|2\n|\n|-weather|none\n|upkeep\n|turn|9\n|\n|t:|1700605575\n|move|p2a: Smeargle|Baton Pass|p2a: Smeargle\n|\n|t:|1700605577\n|switch|p2a: Maushold|Maushold-Four, shiny|100\/100|[from] Baton Pass\n|-curestatus|p1a: Beartic|slp|[msg]\n|move|p1a: Beartic|Icicle Crash|p2a: Maushold\n|-damage|p2a: Maushold|0 fnt\n|faint|p2a: Maushold\n|-damage|p1a: Beartic|39\/100|[from] item: Life Orb\n|\n|upkeep\n|\n|t:|1700605587\n|switch|p2a: Smeargle|Smeargle, M|1\/100\n|turn|10\n|c|\u2606AutumnCookie|This is so sad.\n|\n|t:|1700605594\n|move|p2a: Smeargle|Quiver Dance|p2a: Smeargle\n|-boost|p2a: Smeargle|spa|1\n|-boost|p2a: Smeargle|spd|1\n|-boost|p2a: Smeargle|spe|1\n|move|p1a: Beartic|Liquidation|p2a: Smeargle\n|-damage|p2a: Smeargle|0 fnt\n|faint|p2a: Smeargle\n|-damage|p1a: Beartic|30\/100|[from] item: Life Orb\n|\n|upkeep\n|c|\u2606kpoc12|grusha when he goes home\n|c|\u2606kpoc12|and kills himself\n|c|\u2606kpoc12|u will be to blame\n|c|\u2606kpoc12|u will be the first lettee\n|c|\u2606AutumnCookie|JGJCTJCJSKZS\n|\n|t:|1700605607\n|switch|p2a: Komala|Komala, M|100\/100\n|-ability|p2a: Komala|Comatose\n|turn|11\n|\n|t:|1700605628\n|move|p2a: Komala|Protect|p2a: Komala\n|-singleturn|p2a: Komala|Protect\n|move|p1a: Beartic|Close Combat|p2a: Komala\n|-activate|p2a: Komala|move: Protect\n|\n|upkeep\n|turn|12\n|\n|t:|1700605643\n|move|p1a: Beartic|Close Combat|p2a: Komala\n|-supereffective|p2a: Komala\n|-damage|p2a: Komala|0 fnt\n|-unboost|p1a: Beartic|def|1\n|-unboost|p1a: Beartic|spd|1\n|faint|p2a: Komala\n|-damage|p1a: Beartic|20\/100|[from] item: Life Orb\n|\n|upkeep\n|\n|t:|1700605650\n|switch|p2a: Dudunsparce|Dudunsparce, F|100\/100\n|turn|13\n|\n|t:|1700605664\n|move|p1a: Beartic|Icicle Crash|p2a: Dudunsparce\n|-damage|p2a: Dudunsparce|0 fnt\n|faint|p2a: Dudunsparce\n|-damage|p1a: Beartic|10\/100|[from] item: Life Orb\n|\n|win|AutumnCookie\n","uploadtime":1700605679,"views":1,"p1id":"autumncookie","p2id":"kpoc12","formatid":"gen9nationaldexubers","rating":0,"private":0,"password":""}