{"id":"gen9nationaldexubers-1987166481","p1":"Blake-Mamba","p2":"Parcival81","format":"[Gen 9] National Dex Ubers","log":"|j|\u2606Blake-Mamba\n|j|\u2606Parcival81\n|t:|1699561639\n|gametype|singles\n|player|p1|Blake-Mamba|juan|1234\n|player|p2|Parcival81|veteran|1191\n|teamsize|p1|6\n|teamsize|p2|6\n|gen|9\n|tier|[Gen 9] National Dex Ubers\n|rated|\n|rule|HP Percentage Mod: HP is shown in percentages\n|rule|Endless Battle Clause: Forcing endless battles is banned\n|rule|OHKO Clause: OHKO moves are banned\n|rule|Evasion Moves Clause: Evasion moves are banned\n|rule|Evasion Items Clause: Evasion items are banned\n|rule|Species Clause: Limit one of each Pok\u00e9mon\n|rule|Sleep Clause Mod: Limit one foe put to sleep\n|rule|Mega Rayquaza Clause: You cannot mega evolve Rayquaza\n|clearpoke\n|poke|p1|Regieleki|\n|poke|p1|Regidrago|\n|poke|p1|Regigigas|\n|poke|p1|Regirock|\n|poke|p1|Regice|\n|poke|p1|Registeel|\n|poke|p2|Giratina-Origin|\n|poke|p2|Urshifu-*, F|\n|poke|p2|Groudon|\n|poke|p2|Weavile, M|\n|poke|p2|Scizor, M|\n|poke|p2|Mewtwo|\n|teampreview\n|inactive|Battle timer is ON: inactive players will automatically lose when time's up. (requested by Parcival81)\n|\n|t:|1699561650\n|start\n|switch|p1a: Regieleki|Regieleki|100\/100\n|switch|p2a: Groudon|Groudon|100\/100\n|detailschange|p2a: Groudon|Groudon-Primal\n|-primal|p2a: Groudon|Red Orb\n|-weather|DesolateLand|[from] ability: Desolate Land|[of] p2a: Groudon\n|turn|1\n|\n|t:|1699561662\n|switch|p1a: Regidrago|Regidrago|100\/100\n|move|p2a: Groudon|Stealth Rock|p1a: Regidrago\n|-sidestart|p1: Blake-Mamba|move: Stealth Rock\n|\n|-weather|DesolateLand|[upkeep]\n|upkeep\n|turn|2\n|\n|t:|1699561673\n|-terastallize|p1a: Regidrago|Dragon\n|move|p1a: Regidrago|Dragon Energy|p2a: Groudon\n|-damage|p2a: Groudon|0 fnt\n|faint|p2a: Groudon\n|-weather|none\n|\n|upkeep\n|\n|t:|1699561689\n|switch|p2a: Scizor|Scizor, M|100\/100\n|turn|3\n|\n|t:|1699561697\n|detailschange|p2a: Scizor|Scizor-Mega, M\n|-mega|p2a: Scizor|Scizor|Scizorite\n|move|p2a: Scizor|Bullet Punch|p1a: Regidrago\n|-damage|p1a: Regidrago|62\/100\n|move|p1a: Regidrago|Dragon Energy|p2a: Scizor\n|-resisted|p2a: Scizor\n|-damage|p2a: Scizor|64\/100\n|\n|upkeep\n|turn|4\n|\n|t:|1699561705\n|switch|p1a: Regirock|Regirock|100\/100\n|-damage|p1a: Regirock|88\/100|[from] Stealth Rock\n|move|p2a: Scizor|Bullet Punch|p1a: Regirock\n|-supereffective|p1a: Regirock\n|-damage|p1a: Regirock|63\/100\n|-damage|p2a: Scizor|47\/100|[from] item: Rocky Helmet|[of] p1a: Regirock\n|\n|upkeep\n|turn|5\n|\n|t:|1699561714\n|move|p2a: Scizor|Roost|p2a: Scizor\n|-heal|p2a: Scizor|97\/100\n|-singleturn|p2a: Scizor|move: Roost\n|move|p1a: Regirock|Body Press|p2a: Scizor\n|-damage|p2a: Scizor|67\/100\n|\n|upkeep\n|turn|6\n|\n|t:|1699561722\n|move|p2a: Scizor|Knock Off|p1a: Regirock\n|-damage|p1a: Regirock|49\/100\n|-damage|p2a: Scizor|50\/100|[from] item: Rocky Helmet|[of] p1a: Regirock\n|-enditem|p1a: Regirock|Rocky Helmet|[from] move: Knock Off|[of] p2a: Scizor\n|move|p1a: Regirock|Iron Defense|p1a: Regirock\n|-boost|p1a: Regirock|def|2\n|\n|upkeep\n|turn|7\n|\n|t:|1699561732\n|move|p2a: Scizor|Roost|p2a: Scizor\n|-heal|p2a: Scizor|99\/100\n|-singleturn|p2a: Scizor|move: Roost\n|move|p1a: Regirock|Body Press|p2a: Scizor\n|-damage|p2a: Scizor|39\/100\n|\n|upkeep\n|turn|8\n|\n|t:|1699561743\n|switch|p2a: Urshifu|Urshifu-Rapid-Strike, F|100\/100\n|move|p1a: Regirock|Body Press|p2a: Urshifu\n|-damage|p2a: Urshifu|22\/100\n|\n|upkeep\n|turn|9\n|\n|t:|1699561757\n|switch|p1a: Regigigas|Regigigas|100\/100\n|-damage|p1a: Regigigas|88\/100|[from] Stealth Rock\n|-start|p1a: Regigigas|ability: Slow Start\n|move|p2a: Urshifu|Surging Strikes|p1a: Regigigas\n|-crit|p1a: Regigigas\n|-damage|p1a: Regigigas|71\/100\n|-crit|p1a: Regigigas\n|-damage|p1a: Regigigas|56\/100\n|-crit|p1a: Regigigas\n|-damage|p1a: Regigigas|38\/100\n|-hitcount|p1a: Regigigas|3\n|\n|-heal|p1a: Regigigas|45\/100|[from] item: Leftovers\n|upkeep\n|turn|10\n|\n|t:|1699561777\n|switch|p2a: Giratina|Giratina-Origin|100\/100\n|move|p1a: Regigigas|Return|p2a: Giratina\n|-immune|p2a: Giratina\n|\n|-heal|p1a: Regigigas|51\/100|[from] item: Leftovers\n|upkeep\n|turn|11\n|\n|t:|1699561786\n|move|p1a: Regigigas|Return|p2a: Giratina\n|-immune|p2a: Giratina\n|move|p2a: Giratina|Dragon Tail|p1a: Regigigas\n|-damage|p1a: Regigigas|22\/100\n|-end|p1a: Regigigas|Slow Start|[silent]\n|drag|p1a: Regirock|Regirock|49\/100\n|-damage|p1a: Regirock|37\/100|[from] Stealth Rock\n|\n|upkeep\n|turn|12\n|\n|t:|1699561799\n|move|p1a: Regirock|Toxic|p2a: Giratina|[miss]\n|-miss|p1a: Regirock|p2a: Giratina\n|move|p2a: Giratina|Dragon Tail|p1a: Regirock|[miss]\n|-miss|p2a: Giratina|p1a: Regirock\n|\n|upkeep\n|turn|13\n|\n|t:|1699561805\n|move|p1a: Regirock|Toxic|p2a: Giratina\n|-status|p2a: Giratina|tox\n|move|p2a: Giratina|Dragon Tail|p1a: Regirock|[miss]\n|-miss|p2a: Giratina|p1a: Regirock\n|\n|-damage|p2a: Giratina|94\/100 tox|[from] psn\n|upkeep\n|turn|14\n|\n|t:|1699561813\n|move|p1a: Regirock|Rest|p1a: Regirock\n|-status|p1a: Regirock|slp|[from] move: Rest\n|-heal|p1a: Regirock|100\/100 slp|[silent]\n|move|p2a: Giratina|Dragon Tail|p1a: Regirock\n|-damage|p1a: Regirock|85\/100 slp\n|drag|p1a: Registeel|Registeel|100\/100\n|-damage|p1a: Registeel|94\/100|[from] Stealth Rock\n|\n|-damage|p2a: Giratina|82\/100 tox|[from] psn\n|upkeep\n|turn|15\n|\n|t:|1699561825\n|move|p1a: Registeel|Stealth Rock|p2a: Giratina\n|-sidestart|p2: Parcival81|move: Stealth Rock\n|move|p2a: Giratina|Dragon Tail|p1a: Registeel\n|-resisted|p1a: Registeel\n|-damage|p1a: Registeel|82\/100\n|drag|p1a: Regigigas|Regigigas|22\/100\n|-damage|p1a: Regigigas|10\/100|[from] Stealth Rock\n|-start|p1a: Regigigas|ability: Slow Start\n|\n|-heal|p1a: Regigigas|16\/100|[from] item: Leftovers\n|-damage|p2a: Giratina|64\/100 tox|[from] psn\n|upkeep\n|turn|16\n|\n|t:|1699561837\n|move|p1a: Regigigas|Drain Punch|p2a: Giratina\n|-immune|p2a: Giratina\n|move|p2a: Giratina|Dragon Tail|p1a: Regigigas\n|-crit|p1a: Regigigas\n|-damage|p1a: Regigigas|0 fnt\n|faint|p1a: Regigigas\n|-end|p1a: Regigigas|Slow Start|[silent]\n|\n|-damage|p2a: Giratina|39\/100 tox|[from] psn\n|upkeep\n|\n|t:|1699561852\n|switch|p1a: Regice|Regice|100\/100\n|-damage|p1a: Regice|76\/100|[from] Stealth Rock\n|turn|17\n|\n|t:|1699561858\n|move|p2a: Giratina|Will-O-Wisp|p1a: Regice\n|-status|p1a: Regice|brn\n|move|p1a: Regice|Ice Beam|p2a: Giratina\n|-supereffective|p2a: Giratina\n|-damage|p2a: Giratina|0 fnt\n|faint|p2a: Giratina\n|\n|-damage|p1a: Regice|70\/100 brn|[from] brn\n|upkeep\n|\n|t:|1699561868\n|switch|p2a: Weavile|Weavile, M|100\/100\n|-ability|p2a: Weavile|Pressure\n|turn|18\n|\n|t:|1699561877\n|move|p2a: Weavile|Knock Off|p1a: Regice\n|-damage|p1a: Regice|22\/100 brn\n|-enditem|p1a: Regice|Assault Vest|[from] move: Knock Off|[of] p2a: Weavile\n|move|p1a: Regice|Focus Blast|p2a: Weavile\n|-supereffective|p2a: Weavile\n|-damage|p2a: Weavile|0 fnt\n|faint|p2a: Weavile\n|\n|-damage|p1a: Regice|16\/100 brn|[from] brn\n|upkeep\n|\n|t:|1699561890\n|switch|p2a: Scizor|Scizor-Mega, M|39\/100\n|-damage|p2a: Scizor|27\/100|[from] Stealth Rock\n|turn|19\n|\n|t:|1699561895\n|move|p2a: Scizor|Roost|p2a: Scizor\n|-heal|p2a: Scizor|77\/100\n|-singleturn|p2a: Scizor|move: Roost\n|move|p1a: Regice|Thunderbolt|p2a: Scizor\n|-damage|p2a: Scizor|51\/100\n|\n|-damage|p1a: Regice|10\/100 brn|[from] brn\n|upkeep\n|turn|20\n|\n|t:|1699561904\n|move|p2a: Scizor|Roost|p2a: Scizor\n|-heal|p2a: Scizor|100\/100\n|-singleturn|p2a: Scizor|move: Roost\n|move|p1a: Regice|Thunderbolt|p2a: Scizor\n|-damage|p2a: Scizor|75\/100\n|\n|-damage|p1a: Regice|4\/100 brn|[from] brn\n|upkeep\n|turn|21\n|\n|t:|1699561912\n|move|p2a: Scizor|Roost|p2a: Scizor\n|-heal|p2a: Scizor|100\/100\n|-singleturn|p2a: Scizor|move: Roost\n|move|p1a: Regice|Thunderbolt|p2a: Scizor\n|-damage|p2a: Scizor|77\/100\n|\n|-damage|p1a: Regice|0 fnt|[from] brn\n|faint|p1a: Regice\n|upkeep\n|\n|t:|1699561922\n|switch|p1a: Regieleki|Regieleki|100\/100\n|-damage|p1a: Regieleki|88\/100|[from] Stealth Rock\n|turn|22\n|\n|t:|1699561928\n|move|p2a: Scizor|Bullet Punch|p1a: Regieleki\n|-resisted|p1a: Regieleki\n|-damage|p1a: Regieleki|57\/100\n|move|p1a: Regieleki|Thunder|p2a: Scizor\n|-damage|p2a: Scizor|0 fnt\n|faint|p2a: Scizor\n|\n|upkeep\n|\n|t:|1699561947\n|switch|p2a: Mewtwo|Mewtwo|100\/100\n|-ability|p2a: Mewtwo|Unnerve\n|-damage|p2a: Mewtwo|88\/100|[from] Stealth Rock\n|turn|23\n|\n|t:|1699561956\n|move|p1a: Regieleki|Thunder|p2a: Mewtwo\n|-damage|p2a: Mewtwo|0 fnt\n|faint|p2a: Mewtwo\n|\n|upkeep\n|\n|t:|1699561961\n|switch|p2a: Urshifu|Urshifu-Rapid-Strike, F|22\/100\n|-damage|p2a: Urshifu|15\/100|[from] Stealth Rock\n|turn|24\n|\n|t:|1699561969\n|switch|p1a: Regirock|Regirock|85\/100 slp\n|-damage|p1a: Regirock|72\/100 slp|[from] Stealth Rock\n|move|p2a: Urshifu|Surging Strikes|p1a: Regirock\n|-supereffective|p1a: Regirock\n|-crit|p1a: Regirock\n|-damage|p1a: Regirock|54\/100 slp\n|-supereffective|p1a: Regirock\n|-crit|p1a: Regirock\n|-damage|p1a: Regirock|35\/100 slp\n|-supereffective|p1a: Regirock\n|-crit|p1a: Regirock\n|-damage|p1a: Regirock|17\/100 slp\n|-hitcount|p1a: Regirock|3\n|\n|upkeep\n|turn|25\n|\n|t:|1699561981\n|move|p2a: Urshifu|Surging Strikes|p1a: Regirock\n|-supereffective|p1a: Regirock\n|-crit|p1a: Regirock\n|-damage|p1a: Regirock|0 fnt\n|faint|p1a: Regirock\n|-hitcount|p1: Regirock|1\n|\n|upkeep\n|\n|t:|1699561987\n|switch|p1a: Regieleki|Regieleki|57\/100\n|-damage|p1a: Regieleki|45\/100|[from] Stealth Rock\n|turn|26\n|\n|t:|1699561992\n|move|p1a: Regieleki|Volt Switch|p2a: Urshifu\n|-supereffective|p2a: Urshifu\n|-damage|p2a: Urshifu|0 fnt\n|faint|p2a: Urshifu\n|\n|win|Blake-Mamba\n|raw|Blake-Mamba's rating: 1234 &rarr; <strong>1256<\/strong><br \/>(+22 for winning)\n|raw|Parcival81's rating: 1191 &rarr; <strong>1169<\/strong><br \/>(-22 for losing)\n|c|\u2606Blake-Mamba|Gg\n|c|\u2606Parcival81|gg\n|l|\u2606Parcival81\n","uploadtime":1699562015,"views":5,"p1id":"blakemamba","p2id":"parcival81","formatid":"gen9nationaldexubers","rating":1169,"private":0,"password":""}