{"id":"gen9nationaldexubers-1991638930","p1":"easdf","p2":"lilbookcase","format":"[Gen 9] National Dex Ubers","log":"|j|\u2606easdf\n|j|\u2606lilbookcase\n|t:|1700097164\n|gametype|singles\n|player|p1|easdf|falkner|\n|player|p2|lilbookcase|rocketgruntf|\n|teamsize|p1|6\n|teamsize|p2|6\n|gen|9\n|tier|[Gen 9] National Dex Ubers\n|rule|HP Percentage Mod: HP is shown in percentages\n|rule|Endless Battle Clause: Forcing endless battles is banned\n|rule|OHKO Clause: OHKO moves are banned\n|rule|Evasion Moves Clause: Evasion moves are banned\n|rule|Evasion Items Clause: Evasion items are banned\n|rule|Species Clause: Limit one of each Pok\u00e9mon\n|rule|Sleep Clause Mod: Limit one foe put to sleep\n|rule|Mega Rayquaza Clause: You cannot mega evolve Rayquaza\n|clearpoke\n|poke|p1|Simipour, M|\n|poke|p1|Zarude|\n|poke|p1|Munkidori, M|\n|poke|p1|Electivire, M|\n|poke|p1|Darmanitan-Galar, M|\n|poke|p1|Infernape, M|\n|poke|p2|Annihilape, M|\n|poke|p2|Infernape, F|\n|poke|p2|Grafaiai, F|\n|poke|p2|Rillaboom, F|\n|poke|p2|Darmanitan-Galar, M|\n|poke|p2|Slaking, F|\n|teampreview\n|j| fsupokemonsociety\n|\n|t:|1700097200\n|start\n|switch|p1a: Simipour|Simipour, M|100\/100\n|switch|p2a: Aping|Grafaiai, F|100\/100\n|turn|1\n|\n|t:|1700097208\n|move|p2a: Aping|Switcheroo|p1a: Simipour\n|-activate|p2a: Aping|move: Trick|[of] p1a: Simipour\n|-item|p1a: Simipour|Iron Ball|[from] move: Switcheroo\n|-item|p2a: Aping|Salac Berry|[from] move: Switcheroo\n|move|p1a: Simipour|Substitute|p1a: Simipour\n|-start|p1a: Simipour|Substitute\n|-damage|p1a: Simipour|75\/100\n|\n|upkeep\n|turn|2\n|\n|t:|1700097213\n|move|p2a: Aping|Sludge Bomb|p1a: Simipour\n|-end|p1a: Simipour|Substitute\n|move|p1a: Simipour|Nasty Plot|p1a: Simipour\n|-boost|p1a: Simipour|spa|2\n|\n|upkeep\n|turn|3\n|\n|t:|1700097224\n|move|p2a: Aping|Parting Shot|p1a: Simipour\n|-unboost|p1a: Simipour|atk|1\n|-unboost|p1a: Simipour|spa|1\n|\n|t:|1700097228\n|switch|p2a: Ape's|Rillaboom, F|100\/100|[from] Parting Shot\n|-fieldstart|move: Grassy Terrain|[from] ability: Grassy Surge|[of] p2a: Ape's\n|move|p1a: Simipour|Substitute|p1a: Simipour\n|-start|p1a: Simipour|Substitute\n|-damage|p1a: Simipour|50\/100\n|\n|-heal|p1a: Simipour|57\/100|[from] Grassy Terrain\n|upkeep\n|turn|4\n|\n|t:|1700097260\n|-terastallize|p2a: Ape's|Water\n|move|p2a: Ape's|Grassy Glide|p1a: Simipour\n|-supereffective|p1a: Simipour\n|-end|p1a: Simipour|Substitute\n|move|p1a: Simipour|Ice Beam|p2a: Ape's\n|-resisted|p2a: Ape's\n|-damage|p2a: Ape's|80\/100\n|\n|-heal|p2a: Ape's|86\/100|[from] Grassy Terrain\n|-heal|p1a: Simipour|63\/100|[from] Grassy Terrain\n|upkeep\n|turn|5\n|\n|t:|1700097274\n|switch|p1a: Zarude|Zarude|100\/100\n|move|p2a: Ape's|Swords Dance|p2a: Ape's\n|-boost|p2a: Ape's|atk|2\n|\n|-heal|p2a: Ape's|92\/100|[from] Grassy Terrain\n|upkeep\n|turn|6\n|\n|t:|1700097286\n|move|p2a: Ape's|Grassy Glide|p1a: Zarude\n|-resisted|p1a: Zarude\n|-damage|p1a: Zarude|56\/100\n|move|p1a: Zarude|Power Whip|p2a: Ape's\n|-supereffective|p2a: Ape's\n|-damage|p2a: Ape's|0 fnt\n|faint|p2a: Ape's\n|\n|-heal|p1a: Zarude|62\/100|[from] Grassy Terrain\n|upkeep\n|\n|t:|1700097292\n|switch|p2a: Aped|Infernape, F|100\/100\n|turn|7\n|\n|t:|1700097309\n|switch|p1a: Munkidori|Munkidori, M|100\/100\n|move|p2a: Aped|Mach Punch|p1a: Munkidori\n|-resisted|p1a: Munkidori\n|-damage|p1a: Munkidori|92\/100\n|\n|-heal|p1a: Munkidori|98\/100|[from] Grassy Terrain\n|-fieldend|move: Grassy Terrain\n|upkeep\n|turn|8\n|\n|t:|1700097316\n|move|p2a: Aped|Fire Punch|p1a: Munkidori\n|-damage|p1a: Munkidori|38\/100\n|move|p1a: Munkidori|Psyshock|p2a: Aped\n|-supereffective|p2a: Aped\n|-enditem|p2a: Aped|Focus Sash\n|-damage|p2a: Aped|1\/100\n|-status|p2a: Aped|tox|[from] ability: Toxic Chain|[of] p1a: Munkidori\n|-damage|p1a: Munkidori|28\/100|[from] item: Life Orb\n|\n|-damage|p2a: Aped|0 fnt|[from] psn\n|faint|p2a: Aped\n|upkeep\n|\n|t:|1700097339\n|switch|p2a: Ap've|Darmanitan-Galar, M|100\/100\n|turn|9\n|\n|t:|1700097363\n|move|p2a: Ap've|Icicle Crash|p1a: Munkidori\n|-damage|p1a: Munkidori|0 fnt\n|faint|p1a: Munkidori\n|\n|upkeep\n|\n|t:|1700097368\n|switch|p1a: Darmanitan|Darmanitan-Galar, M|100\/100\n|turn|10\n|\n|t:|1700097382\n|switch|p2a: Ape|Annihilape, M|100\/100\n|move|p1a: Darmanitan|Flare Blitz|p2a: Ape\n|-damage|p2a: Ape|36\/100\n|-damage|p1a: Darmanitan|75\/100|[from] Recoil\n|\n|upkeep\n|turn|11\n|\n|t:|1700097402\n|switch|p2a: Ape'd|Slaking, F|100\/100\n|move|p1a: Darmanitan|Flare Blitz|p2a: Ape'd\n|-damage|p2a: Ape'd|49\/100\n|-damage|p1a: Darmanitan|53\/100|[from] Recoil\n|\n|upkeep\n|turn|12\n|\n|t:|1700097409\n|move|p2a: Ape'd|Sucker Punch|p1a: Darmanitan\n|-damage|p1a: Darmanitan|0 fnt\n|faint|p1a: Darmanitan\n|\n|upkeep\n|\n|t:|1700097414\n|switch|p1a: Simipour|Simipour, M|63\/100\n|turn|13\n|\n|t:|1700097425\n|switch|p2a: Ap've|Darmanitan-Galar, M|100\/100\n|move|p1a: Simipour|Substitute|p1a: Simipour\n|-start|p1a: Simipour|Substitute\n|-damage|p1a: Simipour|38\/100\n|\n|upkeep\n|turn|14\n|\n|t:|1700097435\n|move|p2a: Ap've|Earthquake|p1a: Simipour\n|-end|p1a: Simipour|Substitute\n|move|p1a: Simipour|Substitute|p1a: Simipour\n|-start|p1a: Simipour|Substitute\n|-damage|p1a: Simipour|13\/100\n|\n|upkeep\n|turn|15\n|\n|t:|1700097439\n|move|p2a: Ap've|Earthquake|p1a: Simipour\n|-crit|p1a: Simipour\n|-end|p1a: Simipour|Substitute\n|move|p1a: Simipour|Surf|p2a: Ap've\n|-damage|p2a: Ap've|20\/100\n|\n|upkeep\n|turn|16\n|\n|t:|1700097442\n|move|p2a: Ap've|Earthquake|p1a: Simipour\n|-damage|p1a: Simipour|0 fnt\n|faint|p1a: Simipour\n|\n|upkeep\n|\n|t:|1700097449\n|switch|p1a: Zarude|Zarude|62\/100\n|turn|17\n|\n|t:|1700097458\n|switch|p2a: Aping|Grafaiai, F|100\/100\n|move|p1a: Zarude|U-turn|p2a: Aping\n|-resisted|p2a: Aping\n|-damage|p2a: Aping|71\/100\n|\n|t:|1700097465\n|switch|p1a: Electivire|Electivire, M, shiny|100\/100|[from] U-turn\n|\n|upkeep\n|turn|18\n|\n|t:|1700097489\n|move|p2a: Aping|Sludge Bomb|p1a: Electivire\n|-damage|p1a: Electivire|61\/100\n|move|p1a: Electivire|Curse|p1a: Electivire\n|-unboost|p1a: Electivire|spe|1\n|-boost|p1a: Electivire|atk|1\n|-boost|p1a: Electivire|def|1\n|\n|upkeep\n|turn|19\n|\n|t:|1700097495\n|move|p2a: Aping|Sludge Bomb|p1a: Electivire\n|-damage|p1a: Electivire|21\/100\n|move|p1a: Electivire|Earthquake|p2a: Aping\n|-supereffective|p2a: Aping\n|-damage|p2a: Aping|0 fnt\n|faint|p2a: Aping\n|\n|upkeep\n|\n|t:|1700097502\n|switch|p2a: Ape|Annihilape, M|36\/100\n|turn|20\n|\n|t:|1700097506\n|move|p2a: Ape|Drain Punch|p1a: Electivire\n|-damage|p1a: Electivire|0 fnt\n|-heal|p2a: Ape|45\/100|[from] drain|[of] p1a: Electivire\n|faint|p1a: Electivire\n|\n|upkeep\n|\n|t:|1700097509\n|switch|p1a: Infernape|Infernape, M, shiny|100\/100\n|turn|21\n|\n|t:|1700097524\n|switch|p2a: Ape'd|Slaking, F|49\/100\n|move|p1a: Infernape|Focus Energy|p1a: Infernape\n|-start|p1a: Infernape|move: Focus Energy\n|\n|upkeep\n|turn|22\n|\n|t:|1700097535\n|move|p1a: Infernape|Aura Sphere|p2a: Ape'd\n|-supereffective|p2a: Ape'd\n|-crit|p2a: Ape'd\n|-damage|p2a: Ape'd|0 fnt\n|faint|p2a: Ape'd\n|\n|upkeep\n|\n|t:|1700097539\n|switch|p2a: Ape|Annihilape, M|45\/100\n|turn|23\n|\n|t:|1700097543\n|move|p1a: Infernape|Overheat|p2a: Ape|[miss]\n|-miss|p1a: Infernape|p2a: Ape\n|move|p2a: Ape|Drain Punch|p1a: Infernape\n|-damage|p1a: Infernape|44\/100\n|-heal|p2a: Ape|65\/100|[from] drain|[of] p1a: Infernape\n|\n|upkeep\n|turn|24\n|\n|t:|1700097555\n|move|p1a: Infernape|Overheat|p2a: Ape\n|-crit|p2a: Ape\n|-damage|p2a: Ape|0 fnt\n|-unboost|p1a: Infernape|spa|2\n|faint|p2a: Ape\n|\n|upkeep\n|\n|t:|1700097560\n|switch|p2a: Ap've|Darmanitan-Galar, M|20\/100\n|turn|25\n|\n|t:|1700097574\n|-terastallize|p1a: Infernape|Bug\n|move|p2a: Ap've|Icicle Crash|p1a: Infernape\n|-damage|p1a: Infernape|0 fnt\n|faint|p1a: Infernape\n|\n|upkeep\n|\n|t:|1700097578\n|switch|p1a: Zarude|Zarude|62\/100\n|turn|26\n|\n|t:|1700097581\n|move|p2a: Ap've|Icicle Crash|p1a: Zarude\n|-supereffective|p1a: Zarude\n|-damage|p1a: Zarude|0 fnt\n|faint|p1a: Zarude\n|\n|win|lilbookcase\n|l|\u2606easdf\n|l| fsupokemonsociety\n","uploadtime":1700097590,"views":18,"p1id":"easdf","p2id":"lilbookcase","formatid":"gen9nationaldexubers","rating":0,"private":0,"password":""}