{"id":"gen9nationaldexubers-1996974467","p1":"Livitch","p2":"Loooooppp","format":"[Gen 9] National Dex Ubers","log":"|j|\u2606Livitch\n|j|\u2606Loooooppp\n|t:|1700751464\n|gametype|singles\n|player|p1|Livitch|grimsley-gen7|1253\n|player|p2|Loooooppp|102|1208\n|teamsize|p1|6\n|teamsize|p2|6\n|gen|9\n|tier|[Gen 9] National Dex Ubers\n|rated|\n|rule|HP Percentage Mod: HP is shown in percentages\n|rule|Endless Battle Clause: Forcing endless battles is banned\n|rule|OHKO Clause: OHKO moves are banned\n|rule|Evasion Moves Clause: Evasion moves are banned\n|rule|Evasion Items Clause: Evasion items are banned\n|rule|Species Clause: Limit one of each Pok\u00e9mon\n|rule|Sleep Clause Mod: Limit one foe put to sleep\n|rule|Mega Rayquaza Clause: You cannot mega evolve Rayquaza\n|clearpoke\n|poke|p1|Slowbro-Galar, F|\n|poke|p1|Wo-Chien|\n|poke|p1|Bombirdier, M|\n|poke|p1|Dudunsparce-*, M|\n|poke|p1|Pyukumuku, F|\n|poke|p1|Necrozma-Dawn-Wings|\n|poke|p2|Naganadel|\n|poke|p2|Espathra, M|\n|poke|p2|Palafin, F|\n|poke|p2|Melmetal|\n|poke|p2|Deoxys-Speed|\n|poke|p2|Zygarde|\n|teampreview\n|\n|t:|1700751470\n|start\n|switch|p1a: Slowbro|Slowbro-Galar, F, shiny|100\/100\n|switch|p2a: Deoxys|Deoxys-Speed|100\/100\n|-ability|p2a: Deoxys|Pressure\n|turn|1\n|\n|t:|1700751484\n|switch|p1a: Wo-Chien|Wo-Chien|100\/100\n|-ability|p1a: Wo-Chien|Tablets of Ruin\n|move|p2a: Deoxys|Taunt|p1a: Wo-Chien\n|-start|p1a: Wo-Chien|move: Taunt\n|\n|upkeep\n|turn|2\n|\n|t:|1700751494\n|move|p2a: Deoxys|Stealth Rock|p1a: Wo-Chien\n|-sidestart|p1: Livitch|move: Stealth Rock\n|move|p1a: Wo-Chien|Ruination|p2a: Deoxys\n|-damage|p2a: Deoxys|51\/100\n|\n|upkeep\n|turn|3\n|\n|t:|1700751501\n|move|p2a: Deoxys|Spikes|p1a: Wo-Chien\n|-sidestart|p1: Livitch|Spikes\n|move|p1a: Wo-Chien|Ruination|p2a: Deoxys\n|-damage|p2a: Deoxys|26\/100\n|\n|-end|p1a: Wo-Chien|move: Taunt\n|upkeep\n|turn|4\n|inactive|Battle timer is ON: inactive players will automatically lose when time's up. (requested by Livitch)\n|\n|t:|1700751508\n|move|p2a: Deoxys|Spikes|p1a: Wo-Chien\n|-sidestart|p1: Livitch|Spikes\n|move|p1a: Wo-Chien|Leech Seed|p2a: Deoxys\n|-start|p2a: Deoxys|move: Leech Seed\n|\n|-damage|p2a: Deoxys|13\/100|[from] Leech Seed|[of] p1a: Wo-Chien\n|upkeep\n|turn|5\n|\n|t:|1700751517\n|move|p2a: Deoxys|Taunt|p1a: Wo-Chien\n|-start|p1a: Wo-Chien|move: Taunt\n|move|p1a: Wo-Chien|Power Whip|p2a: Deoxys\n|-damage|p2a: Deoxys|0 fnt\n|faint|p2a: Deoxys\n|\n|upkeep\n|\n|t:|1700751532\n|switch|p2a: Naganadel|Naganadel|100\/100\n|turn|6\n|\n|t:|1700751536\n|move|p2a: Naganadel|Fire Blast|p1a: Wo-Chien|[miss]\n|-miss|p2a: Naganadel|p1a: Wo-Chien\n|move|p1a: Wo-Chien|Ruination|p2a: Naganadel\n|-damage|p2a: Naganadel|51\/100\n|\n|upkeep\n|turn|7\n|\n|t:|1700751545\n|move|p2a: Naganadel|Fire Blast|p1a: Wo-Chien\n|-supereffective|p1a: Wo-Chien\n|-damage|p1a: Wo-Chien|39\/100\n|-damage|p2a: Naganadel|41\/100|[from] item: Life Orb\n|move|p1a: Wo-Chien|Ruination|p2a: Naganadel\n|-damage|p2a: Naganadel|21\/100\n|\n|-heal|p1a: Wo-Chien|45\/100|[from] item: Leftovers\n|-end|p1a: Wo-Chien|move: Taunt\n|upkeep\n|turn|8\n|\n|t:|1700751555\n|move|p1a: Wo-Chien|Protect|p1a: Wo-Chien\n|-singleturn|p1a: Wo-Chien|Protect\n|move|p2a: Naganadel|Fire Blast|p1a: Wo-Chien\n|-activate|p1a: Wo-Chien|move: Protect\n|\n|-heal|p1a: Wo-Chien|51\/100|[from] item: Leftovers\n|upkeep\n|turn|9\n|\n|t:|1700751562\n|move|p1a: Wo-Chien|Protect|p1a: Wo-Chien\n|-singleturn|p1a: Wo-Chien|Protect\n|move|p2a: Naganadel|Draco Meteor|p1a: Wo-Chien\n|-activate|p1a: Wo-Chien|move: Protect\n|\n|-heal|p1a: Wo-Chien|57\/100|[from] item: Leftovers\n|upkeep\n|turn|10\n|\n|t:|1700751570\n|move|p2a: Naganadel|Draco Meteor|p1a: Wo-Chien|[miss]\n|-miss|p2a: Naganadel|p1a: Wo-Chien\n|move|p1a: Wo-Chien|Leech Seed|p2a: Naganadel\n|-start|p2a: Naganadel|move: Leech Seed\n|\n|-heal|p1a: Wo-Chien|63\/100|[from] item: Leftovers\n|-damage|p2a: Naganadel|9\/100|[from] Leech Seed|[of] p1a: Wo-Chien\n|-heal|p1a: Wo-Chien|73\/100|[silent]\n|upkeep\n|turn|11\n|\n|t:|1700751578\n|switch|p2a: Melmetal|Melmetal|100\/100\n|move|p1a: Wo-Chien|Protect||[still]\n|-fail|p1a: Wo-Chien\n|\n|-heal|p1a: Wo-Chien|79\/100|[from] item: Leftovers\n|upkeep\n|turn|12\n|\n|t:|1700751588\n|move|p1a: Wo-Chien|Leech Seed|p2a: Melmetal\n|-start|p2a: Melmetal|move: Leech Seed\n|move|p2a: Melmetal|Body Press|p1a: Wo-Chien\n|-supereffective|p1a: Wo-Chien\n|-damage|p1a: Wo-Chien|41\/100\n|\n|-heal|p1a: Wo-Chien|47\/100|[from] item: Leftovers\n|-damage|p2a: Melmetal|88\/100|[from] Leech Seed|[of] p1a: Wo-Chien\n|-heal|p1a: Wo-Chien|63\/100|[silent]\n|upkeep\n|turn|13\n|\n|t:|1700751598\n|move|p1a: Wo-Chien|Protect|p1a: Wo-Chien\n|-singleturn|p1a: Wo-Chien|Protect\n|move|p2a: Melmetal|Double Iron Bash|p1a: Wo-Chien\n|-activate|p1a: Wo-Chien|move: Protect\n|\n|-heal|p1a: Wo-Chien|69\/100|[from] item: Leftovers\n|-damage|p2a: Melmetal|76\/100|[from] Leech Seed|[of] p1a: Wo-Chien\n|-heal|p1a: Wo-Chien|85\/100|[silent]\n|upkeep\n|turn|14\n|\n|t:|1700751606\n|move|p1a: Wo-Chien|Ruination|p2a: Melmetal\n|-damage|p2a: Melmetal|38\/100\n|move|p2a: Melmetal|Double Iron Bash|p1a: Wo-Chien\n|-damage|p1a: Wo-Chien|56\/100\n|-damage|p1a: Wo-Chien|30\/100\n|-hitcount|p1a: Wo-Chien|2\n|\n|-heal|p1a: Wo-Chien|36\/100|[from] item: Leftovers\n|-damage|p2a: Melmetal|26\/100|[from] Leech Seed|[of] p1a: Wo-Chien\n|-heal|p1a: Wo-Chien|52\/100|[silent]\n|upkeep\n|turn|15\n|\n|t:|1700751617\n|move|p1a: Wo-Chien|Protect|p1a: Wo-Chien\n|-singleturn|p1a: Wo-Chien|Protect\n|move|p2a: Melmetal|Heavy Slam|p1a: Wo-Chien\n|-activate|p1a: Wo-Chien|move: Protect\n|\n|-heal|p1a: Wo-Chien|58\/100|[from] item: Leftovers\n|-damage|p2a: Melmetal|13\/100|[from] Leech Seed|[of] p1a: Wo-Chien\n|-heal|p1a: Wo-Chien|73\/100|[silent]\n|upkeep\n|turn|16\n|\n|t:|1700751625\n|move|p1a: Wo-Chien|Power Whip|p2a: Melmetal\n|-resisted|p2a: Melmetal\n|-damage|p2a: Melmetal|3\/100\n|move|p2a: Melmetal|Heavy Slam|p1a: Wo-Chien\n|-damage|p1a: Wo-Chien|26\/100\n|\n|-heal|p1a: Wo-Chien|32\/100|[from] item: Leftovers\n|-damage|p2a: Melmetal|0 fnt|[from] Leech Seed|[of] p1a: Wo-Chien\n|-heal|p1a: Wo-Chien|36\/100|[silent]\n|faint|p2a: Melmetal\n|upkeep\n|\n|t:|1700751635\n|switch|p2a: Palafin|Palafin, F|100\/100\n|turn|17\n|\n|t:|1700751642\n|move|p2a: Palafin|Flip Turn|p1a: Wo-Chien\n|-resisted|p1a: Wo-Chien\n|-damage|p1a: Wo-Chien|25\/100\n|\n|t:|1700751646\n|detailschange|p2a: Palafin|Palafin-Hero, F\n|switch|p2a: Zygarde|Zygarde|100\/100|[from] Flip Turn\n|move|p1a: Wo-Chien|Leech Seed|p2a: Zygarde\n|-start|p2a: Zygarde|move: Leech Seed\n|\n|-heal|p1a: Wo-Chien|31\/100|[from] item: Leftovers\n|-damage|p2a: Zygarde|88\/100|[from] Leech Seed|[of] p1a: Wo-Chien\n|-heal|p1a: Wo-Chien|44\/100|[silent]\n|upkeep\n|turn|18\n|\n|t:|1700751653\n|move|p1a: Wo-Chien|Protect|p1a: Wo-Chien\n|-singleturn|p1a: Wo-Chien|Protect\n|move|p2a: Zygarde|Substitute|p2a: Zygarde\n|-start|p2a: Zygarde|Substitute\n|-damage|p2a: Zygarde|63\/100\n|\n|-heal|p2a: Zygarde|69\/100|[from] item: Leftovers\n|-heal|p1a: Wo-Chien|50\/100|[from] item: Leftovers\n|-damage|p2a: Zygarde|57\/100|[from] Leech Seed|[of] p1a: Wo-Chien\n|-heal|p1a: Wo-Chien|63\/100|[silent]\n|upkeep\n|turn|19\n|\n|t:|1700751662\n|move|p2a: Zygarde|Dragon Dance|p2a: Zygarde\n|-boost|p2a: Zygarde|atk|1\n|-boost|p2a: Zygarde|spe|1\n|move|p1a: Wo-Chien|Ruination|p2a: Zygarde|[miss]\n|-miss|p1a: Wo-Chien|p2a: Zygarde\n|\n|-heal|p2a: Zygarde|63\/100|[from] item: Leftovers\n|-heal|p1a: Wo-Chien|69\/100|[from] item: Leftovers\n|-damage|p2a: Zygarde|51\/100|[from] Leech Seed|[of] p1a: Wo-Chien\n|-heal|p1a: Wo-Chien|82\/100|[silent]\n|upkeep\n|turn|20\n|\n|t:|1700751674\n|move|p2a: Zygarde|Dragon Dance|p2a: Zygarde\n|-boost|p2a: Zygarde|atk|1\n|-boost|p2a: Zygarde|spe|1\n|move|p1a: Wo-Chien|Ruination|p2a: Zygarde\n|-end|p2a: Zygarde|Substitute\n|\n|-heal|p2a: Zygarde|57\/100|[from] item: Leftovers\n|-heal|p1a: Wo-Chien|88\/100|[from] item: Leftovers\n|-damage|p2a: Zygarde|45\/100|[from] Leech Seed|[of] p1a: Wo-Chien\n|-heal|p1a: Wo-Chien|100\/100|[silent]\n|-activate|p2a: Zygarde|ability: Power Construct\n|detailschange|p2a: Zygarde|Zygarde-Complete\n|-heal|p2a: Zygarde|65\/100|[silent]\n|upkeep\n|turn|21\n|\n|t:|1700751688\n|move|p1a: Wo-Chien|Protect|p1a: Wo-Chien\n|-singleturn|p1a: Wo-Chien|Protect\n|move|p2a: Zygarde|Scale Shot|p1a: Wo-Chien\n|-activate|p1a: Wo-Chien|move: Protect\n|\n|-heal|p2a: Zygarde|71\/100|[from] item: Leftovers\n|-damage|p2a: Zygarde|58\/100|[from] Leech Seed|[of] p1a: Wo-Chien\n|upkeep\n|turn|22\n|\n|t:|1700751695\n|move|p2a: Zygarde|Scale Shot|p1a: Wo-Chien\n|-damage|p1a: Wo-Chien|86\/100\n|-damage|p1a: Wo-Chien|69\/100\n|-damage|p1a: Wo-Chien|54\/100\n|-hitcount|p1a: Wo-Chien|3\n|-unboost|p2a: Zygarde|def|1\n|-boost|p2a: Zygarde|spe|1\n|move|p1a: Wo-Chien|Power Whip|p2a: Zygarde\n|-damage|p2a: Zygarde|33\/100\n|\n|-heal|p2a: Zygarde|39\/100|[from] item: Leftovers\n|-heal|p1a: Wo-Chien|60\/100|[from] item: Leftovers\n|-damage|p2a: Zygarde|26\/100|[from] Leech Seed|[of] p1a: Wo-Chien\n|-heal|p1a: Wo-Chien|80\/100|[silent]\n|upkeep\n|turn|23\n|\n|t:|1700751709\n|move|p1a: Wo-Chien|Protect|p1a: Wo-Chien\n|-singleturn|p1a: Wo-Chien|Protect\n|move|p2a: Zygarde|Thousand Arrows|p1a: Wo-Chien\n|-activate|p1a: Wo-Chien|move: Protect\n|\n|-heal|p2a: Zygarde|33\/100|[from] item: Leftovers\n|-heal|p1a: Wo-Chien|86\/100|[from] item: Leftovers\n|-damage|p2a: Zygarde|20\/100|[from] Leech Seed|[of] p1a: Wo-Chien\n|-heal|p1a: Wo-Chien|100\/100|[silent]\n|upkeep\n|turn|24\n|\n|t:|1700751724\n|move|p2a: Zygarde|Thousand Arrows|p1a: Wo-Chien\n|-resisted|p1a: Wo-Chien\n|-damage|p1a: Wo-Chien|74\/100\n|move|p1a: Wo-Chien|Power Whip|p2a: Zygarde\n|-damage|p2a: Zygarde|0 fnt\n|faint|p2a: Zygarde\n|\n|-heal|p1a: Wo-Chien|80\/100|[from] item: Leftovers\n|upkeep\n|\n|t:|1700751729\n|switch|p2a: Espathra|Espathra, M|100\/100\n|turn|25\n|\n|t:|1700751734\n|move|p2a: Espathra|Calm Mind|p2a: Espathra\n|-boost|p2a: Espathra|spa|1\n|-boost|p2a: Espathra|spd|1\n|move|p1a: Wo-Chien|Leech Seed|p2a: Espathra\n|-start|p2a: Espathra|move: Leech Seed\n|\n|-heal|p1a: Wo-Chien|86\/100|[from] item: Leftovers\n|-damage|p2a: Espathra|88\/100|[from] Leech Seed|[of] p1a: Wo-Chien\n|-heal|p1a: Wo-Chien|98\/100|[silent]\n|-ability|p2a: Espathra|Speed Boost|boost\n|-boost|p2a: Espathra|spe|1\n|upkeep\n|turn|26\n|\n|t:|1700751743\n|move|p2a: Espathra|Calm Mind|p2a: Espathra\n|-boost|p2a: Espathra|spa|1\n|-boost|p2a: Espathra|spd|1\n|move|p1a: Wo-Chien|Ruination|p2a: Espathra\n|-damage|p2a: Espathra|45\/100\n|\n|-heal|p2a: Espathra|51\/100|[from] item: Leftovers\n|-heal|p1a: Wo-Chien|100\/100|[from] item: Leftovers\n|-damage|p2a: Espathra|38\/100|[from] Leech Seed|[of] p1a: Wo-Chien\n|-ability|p2a: Espathra|Speed Boost|boost\n|-boost|p2a: Espathra|spe|1\n|upkeep\n|turn|27\n|\n|t:|1700751753\n|-terastallize|p2a: Espathra|Fairy\n|move|p2a: Espathra|Dazzling Gleam|p1a: Wo-Chien\n|-supereffective|p1a: Wo-Chien\n|-damage|p1a: Wo-Chien|23\/100\n|move|p1a: Wo-Chien|Power Whip|p2a: Espathra\n|-damage|p2a: Espathra|0 fnt\n|faint|p2a: Espathra\n|\n|-heal|p1a: Wo-Chien|30\/100|[from] item: Leftovers\n|upkeep\n|\n|t:|1700751758\n|switch|p2a: Palafin|Palafin-Hero, F|100\/100\n|-activate|p2a: Palafin|ability: Zero to Hero\n|turn|28\n|c|\u2606Loooooppp|gg\n|\n|t:|1700751766\n|move|p2a: Palafin|Jet Punch|p1a: Wo-Chien\n|-resisted|p1a: Wo-Chien\n|-damage|p1a: Wo-Chien|9\/100\n|move|p1a: Wo-Chien|Leech Seed|p2a: Palafin\n|-start|p2a: Palafin|move: Leech Seed\n|\n|-heal|p1a: Wo-Chien|15\/100|[from] item: Leftovers\n|-damage|p2a: Palafin|88\/100|[from] Leech Seed|[of] p1a: Wo-Chien\n|-heal|p1a: Wo-Chien|27\/100|[silent]\n|upkeep\n|turn|29\n|\n|t:|1700751773\n|move|p1a: Wo-Chien|Protect|p1a: Wo-Chien\n|-singleturn|p1a: Wo-Chien|Protect\n|move|p2a: Palafin|Jet Punch|p1a: Wo-Chien\n|-activate|p1a: Wo-Chien|move: Protect\n|\n|-heal|p1a: Wo-Chien|33\/100|[from] item: Leftovers\n|-damage|p2a: Palafin|75\/100|[from] Leech Seed|[of] p1a: Wo-Chien\n|-heal|p1a: Wo-Chien|45\/100|[silent]\n|upkeep\n|turn|30\n|\n|t:|1700751781\n|switch|p2a: Naganadel|Naganadel|9\/100\n|move|p1a: Wo-Chien|Ruination|p2a: Naganadel\n|-damage|p2a: Naganadel|5\/100\n|\n|-heal|p1a: Wo-Chien|51\/100|[from] item: Leftovers\n|upkeep\n|turn|31\n|-message|Loooooppp forfeited.\n|\n|win|Livitch\n|raw|Livitch's rating: 1253 &rarr; <strong>1275<\/strong><br \/>(+22 for winning)\n|raw|Loooooppp's rating: 1208 &rarr; <strong>1186<\/strong><br \/>(-22 for losing)\n|l|\u2606Loooooppp\n","uploadtime":1700751799,"views":5,"p1id":"livitch","p2id":"loooooppp","formatid":"gen9nationaldexubers","rating":1186,"private":0,"password":""}