{"id":"gen9nationaldexubers-1995023952","p1":"Woozyo","p2":"Burrgurr","format":"[Gen 9] National Dex Ubers","log":"|j|\u2606Woozyo\n|j|\u2606Burrgurr\n|t:|1700514469\n|gametype|singles\n|player|p1|Woozyo|170|\n|player|p2|Burrgurr|170|\n|teamsize|p1|6\n|teamsize|p2|6\n|gen|9\n|tier|[Gen 9] National Dex Ubers\n|rule|HP Percentage Mod: HP is shown in percentages\n|rule|Endless Battle Clause: Forcing endless battles is banned\n|rule|OHKO Clause: OHKO moves are banned\n|rule|Evasion Moves Clause: Evasion moves are banned\n|rule|Evasion Items Clause: Evasion items are banned\n|rule|Species Clause: Limit one of each Pok\u00e9mon\n|rule|Sleep Clause Mod: Limit one foe put to sleep\n|rule|Mega Rayquaza Clause: You cannot mega evolve Rayquaza\n|clearpoke\n|poke|p1|Walking Wake|\n|poke|p1|Zapdos|\n|poke|p1|Silvally-*|\n|poke|p1|Weavile, M|\n|poke|p1|Great Tusk|\n|poke|p1|Gardevoir, F|\n|poke|p2|Landorus-Therian, M|\n|poke|p2|Dragapult, M|\n|poke|p2|Florges, F|\n|poke|p2|Quagsire, F|\n|poke|p2|Gallade, M|\n|poke|p2|Corviknight, F|\n|teampreview\n|c|\u2606Burrgurr|gl hf\n|c|\u2606Woozyo|gl hf\n|j| Egorego\n|j| daviasd\n|\n|t:|1700514580\n|start\n|switch|p1a: Zapdos|Zapdos|100\/100\n|switch|p2a: Quagsire|Quagsire, F|100\/100\n|turn|1\n|\n|t:|1700514676\n|move|p1a: Zapdos|Hurricane|p2a: Quagsire|[miss]\n|-miss|p1a: Zapdos|p2a: Quagsire\n|-enditem|p1a: Zapdos|Blunder Policy\n|-boost|p1a: Zapdos|spe|2\n|move|p2a: Quagsire|Toxic Spikes|p1a: Zapdos\n|-sidestart|p1: Woozyo|move: Toxic Spikes\n|\n|upkeep\n|turn|2\n|j| circleButton\n|c| circleButton|Ayo?\n|\n|t:|1700514779\n|switch|p2a: Corviknight|Corviknight, F|100\/100\n|move|p1a: Zapdos|Hurricane|p2a: Corviknight|[miss]\n|-miss|p1a: Zapdos|p2a: Corviknight\n|\n|upkeep\n|turn|3\n|\n|t:|1700514789\n|switch|p2a: Landorus|Landorus-Therian, M|100\/100\n|-ability|p2a: Landorus|Intimidate|boost\n|-unboost|p1a: Zapdos|atk|1\n|move|p1a: Zapdos|Thunderbolt|p2a: Landorus\n|-immune|p2a: Landorus\n|\n|upkeep\n|turn|4\n|\n|t:|1700514815\n|move|p1a: Zapdos|Hurricane|p2a: Landorus\n|-damage|p2a: Landorus|28\/100\n|-start|p2a: Landorus|confusion\n|-activate|p2a: Landorus|confusion\n|-damage|p2a: Landorus|8\/100|[from] confusion\n|\n|upkeep\n|turn|5\n|\n|t:|1700514856\n|switch|p2a: Florges|Florges, F|100\/100\n|move|p1a: Zapdos|Heat Wave|p2a: Florges|[miss]\n|-miss|p1a: Zapdos|p2a: Florges\n|\n|upkeep\n|turn|6\n|c|\u2606Woozyo|Dude \u2026\n|c| Egorego|This Zap needs to be benched\n|l| Egorego\n|j| Egorego\n|\n|t:|1700514943\n|move|p1a: Zapdos|U-turn|p2a: Florges\n|-resisted|p2a: Florges\n|-damage|p2a: Florges|93\/100\n|\n|t:|1700514946\n|switch|p1a: Silvally|Silvally-Flying|100\/100|[from] U-turn\n|move|p2a: Florges|Calm Mind|p2a: Florges\n|-boost|p2a: Florges|spa|1\n|-boost|p2a: Florges|spd|1\n|\n|-heal|p2a: Florges|99\/100|[from] item: Leftovers\n|upkeep\n|turn|7\n|\n|t:|1700515083\n|move|p1a: Silvally|Swords Dance|p1a: Silvally\n|-boost|p1a: Silvally|atk|2\n|move|p2a: Florges|Moonblast|p1a: Silvally\n|-damage|p1a: Silvally|35\/100\n|\n|-heal|p2a: Florges|100\/100|[from] item: Leftovers\n|upkeep\n|turn|8\n|\n|t:|1700515157\n|switch|p2a: Corviknight|Corviknight, F|100\/100\n|move|p1a: Silvally|Multi-Attack|p2a: Corviknight\n|-resisted|p2a: Corviknight\n|-damage|p2a: Corviknight|69\/100\n|-damage|p1a: Silvally|18\/100|[from] item: Rocky Helmet|[of] p2a: Corviknight\n|\n|upkeep\n|turn|9\n|\n|t:|1700515169\n|move|p1a: Silvally|Flame Charge|p2a: Corviknight\n|-supereffective|p2a: Corviknight\n|-damage|p2a: Corviknight|36\/100\n|-boost|p1a: Silvally|spe|1\n|-damage|p1a: Silvally|2\/100|[from] item: Rocky Helmet|[of] p2a: Corviknight\n|move|p2a: Corviknight|Roost|p2a: Corviknight\n|-heal|p2a: Corviknight|86\/100\n|-singleturn|p2a: Corviknight|move: Roost\n|\n|upkeep\n|turn|10\n|\n|t:|1700515184\n|move|p1a: Silvally|Flame Charge|p2a: Corviknight\n|-supereffective|p2a: Corviknight\n|-damage|p2a: Corviknight|53\/100\n|-boost|p1a: Silvally|spe|1\n|-damage|p1a: Silvally|0 fnt|[from] item: Rocky Helmet|[of] p2a: Corviknight\n|faint|p1a: Silvally\n|move|p2a: Corviknight|Roost|p2a: Corviknight\n|-heal|p2a: Corviknight|100\/100\n|-singleturn|p2a: Corviknight|move: Roost\n|\n|upkeep\n|\n|t:|1700515216\n|switch|p1a: Gardevoir|Gardevoir, F|100\/100\n|-status|p1a: Gardevoir|psn\n|turn|11\n|\n|t:|1700515254\n|detailschange|p1a: Gardevoir|Gardevoir-Mega, F\n|-mega|p1a: Gardevoir|Gardevoir|Gardevoirite\n|move|p1a: Gardevoir|Moonblast|p2a: Corviknight\n|-resisted|p2a: Corviknight\n|-damage|p2a: Corviknight|73\/100\n|-ability|p2a: Corviknight|Mirror Armor\n|-unboost|p1a: Gardevoir|spa|1\n|move|p2a: Corviknight|Iron Head|p1a: Gardevoir\n|-supereffective|p1a: Gardevoir\n|-damage|p1a: Gardevoir|11\/100 psn\n|\n|-damage|p1a: Gardevoir|0 fnt|[from] psn\n|faint|p1a: Gardevoir\n|upkeep\n|c|\u2606Burrgurr|F\n|c|\u2606Burrgurr|mirror armor was for mystical fire but that works lol\n|\n|t:|1700515282\n|switch|p1a: Zapdos|Zapdos|100\/100\n|turn|12\n|\n|t:|1700515312\n|switch|p2a: Landorus|Landorus-Therian, M|8\/100\n|-ability|p2a: Landorus|Intimidate|boost\n|-unboost|p1a: Zapdos|atk|1\n|move|p1a: Zapdos|U-turn|p2a: Landorus\n|-resisted|p2a: Landorus\n|-damage|p2a: Landorus|2\/100\n|\n|t:|1700515320\n|switch|p1a: Great Tusk|Great Tusk|100\/100|[from] U-turn\n|-status|p1a: Great Tusk|psn\n|\n|-damage|p1a: Great Tusk|88\/100 psn|[from] psn\n|upkeep\n|turn|13\n|j| geidigrimes\n|j| SandmaN42\n|n| Not Sandy|sandman42\n|\n|t:|1700515379\n|move|p1a: Great Tusk|Close Combat|p2a: Landorus\n|-resisted|p2a: Landorus\n|-damage|p2a: Landorus|0 fnt\n|-unboost|p1a: Great Tusk|def|1\n|-unboost|p1a: Great Tusk|spd|1\n|faint|p2a: Landorus\n|\n|-damage|p1a: Great Tusk|76\/100 psn|[from] psn\n|upkeep\n|c| Not Sandy|Zapdos took that blunder policy way too serious\n|\n|t:|1700515440\n|switch|p2a: Dragapult|Dragapult, M|100\/100\n|turn|14\n|\n|t:|1700515447\n|-end|p1a: Great Tusk|Protosynthesis|[silent]\n|switch|p1a: Zapdos|Zapdos|100\/100\n|move|p2a: Dragapult|Dragon Dance|p2a: Dragapult\n|-boost|p2a: Dragapult|atk|1\n|-boost|p2a: Dragapult|spe|1\n|\n|upkeep\n|turn|15\n|j| someone23\n|c| Not Sandy|This guy is a physical pult addict\n|c|\u2606Burrgurr|i had it specs once cmon\n|c| Not Sandy|I\u2019m\n|\n|t:|1700515510\n|move|p2a: Dragapult|Dragon Darts|p1a: Zapdos\n|-damage|p1a: Zapdos|52\/100\n|-anim|p2a: Dragapult|Dragon Darts|p1a: Zapdos\n|-damage|p1a: Zapdos|5\/100\n|move|p1a: Zapdos|Hurricane|p2a: Dragapult\n|-damage|p2a: Dragapult|10\/100\n|\n|upkeep\n|turn|16\n|l| Not Sandy\n|\n|t:|1700515529\n|move|p2a: Dragapult|Dragon Darts|p1a: Zapdos\n|-damage|p1a: Zapdos|0 fnt\n|faint|p1a: Zapdos\n|\n|upkeep\n|\n|t:|1700515538\n|switch|p1a: Weavile|Weavile, M|100\/100\n|-status|p1a: Weavile|psn\n|-ability|p1a: Weavile|Pressure\n|turn|17\n|\n|t:|1700515551\n|move|p1a: Weavile|Ice Shard|p2a: Dragapult\n|-supereffective|p2a: Dragapult\n|-damage|p2a: Dragapult|0 fnt\n|faint|p2a: Dragapult\n|\n|-damage|p1a: Weavile|88\/100 psn|[from] psn\n|upkeep\n|\n|t:|1700515571\n|switch|p2a: Florges|Florges, F|100\/100\n|turn|18\n|\n|t:|1700515591\n|move|p1a: Weavile|Poison Jab|p2a: Florges\n|-supereffective|p2a: Florges\n|-damage|p2a: Florges|29\/100\n|-status|p2a: Florges|psn\n|move|p2a: Florges|Trailblaze|p1a: Weavile\n|-damage|p1a: Weavile|76\/100 psn\n|-boost|p2a: Florges|spe|1\n|\n|-heal|p2a: Florges|35\/100 psn|[from] item: Leftovers\n|-damage|p2a: Florges|23\/100 psn|[from] psn\n|-damage|p1a: Weavile|63\/100 psn|[from] psn\n|upkeep\n|turn|19\n|c|\u2606Burrgurr|its happening\n|j| Not Sandy\n|n| SandmaN42|notsandy\n|\n|t:|1700515697\n|move|p2a: Florges|Moonblast|p1a: Weavile\n|-supereffective|p1a: Weavile\n|-damage|p1a: Weavile|0 fnt\n|faint|p1a: Weavile\n|\n|-heal|p2a: Florges|29\/100 psn|[from] item: Leftovers\n|-damage|p2a: Florges|17\/100 psn|[from] psn\n|upkeep\n|l| SandmaN42\n|c| geidigrimes|burger what in god\u2019s name\n|j| SandmaN42\n|n| SandmaN42|sandman42\n|j| Whoreganic\n|c| SandmaN42|He watched pokeaimmd last week\n|c|\u2606Burrgurr|if not for scarf tusk (and\/or wake this wins)\n|c| circleButton|He only knows how to cook with flowers\n|c| geidigrimes|did pokeaim do this? that makes sense lmao\n|c| SandmaN42|Sike\n|c|\u2606Burrgurr|tusk is scarf 100%\n|c| SandmaN42|mefesto the goat did it\n|c| geidigrimes|circle that\u2019s so true\n|\n|t:|1700515768\n|switch|p1a: Great Tusk|Great Tusk|76\/100 psn\n|turn|20\n|l| SandmaN42\n|\n|t:|1700515802\n|switch|p2a: Corviknight|Corviknight, F|73\/100\n|move|p1a: Great Tusk|Close Combat|p2a: Corviknight\n|-damage|p2a: Corviknight|30\/100\n|-unboost|p1a: Great Tusk|def|1\n|-unboost|p1a: Great Tusk|spd|1\n|-damage|p1a: Great Tusk|59\/100 psn|[from] item: Rocky Helmet|[of] p2a: Corviknight\n|\n|-damage|p1a: Great Tusk|47\/100 psn|[from] psn\n|upkeep\n|turn|21\n|\n|t:|1700515819\n|move|p1a: Great Tusk|Close Combat|p2a: Corviknight\n|-damage|p2a: Corviknight|0 fnt\n|-unboost|p1a: Great Tusk|def|1\n|-unboost|p1a: Great Tusk|spd|1\n|-damage|p1a: Great Tusk|30\/100 psn|[from] item: Rocky Helmet|[of] p2a: Corviknight\n|faint|p2a: Corviknight\n|\n|-damage|p1a: Great Tusk|18\/100 psn|[from] psn\n|upkeep\n|\n|t:|1700515837\n|switch|p2a: Gallade|Gallade, M|100\/100\n|turn|22\n|\n|t:|1700515843\n|detailschange|p2a: Gallade|Gallade-Mega, M\n|-mega|p2a: Gallade|Gallade|Galladite\n|move|p2a: Gallade|Shadow Sneak|p1a: Great Tusk\n|-damage|p1a: Great Tusk|0 fnt\n|faint|p1a: Great Tusk\n|-end|p1a: Great Tusk|Protosynthesis|[silent]\n|\n|upkeep\n|\n|t:|1700515852\n|switch|p1a: Walking Wake|Walking Wake|100\/100\n|-status|p1a: Walking Wake|psn\n|-enditem|p1a: Walking Wake|Booster Energy\n|-activate|p1a: Walking Wake|ability: Protosynthesis|[fromitem]\n|-start|p1a: Walking Wake|protosynthesisspe\n|turn|23\n|j| SandmaN42\n|n| SandmaN42|sandman42\n|c| SandmaN42|Mefesto used that trailblaze set on florges to beat iron moth\n|\n|t:|1700515887\n|switch|p2a: Florges|Florges, F|17\/100 psn\n|move|p1a: Walking Wake|Surf|p2a: Florges\n|-damage|p2a: Florges|0 fnt\n|faint|p2a: Florges\n|\n|-damage|p1a: Walking Wake|88\/100 psn|[from] psn\n|upkeep\n|\n|t:|1700515911\n|switch|p2a: Quagsire|Quagsire, F|100\/100\n|turn|24\n|\n|t:|1700515921\n|move|p1a: Walking Wake|Draco Meteor|p2a: Quagsire\n|-damage|p2a: Quagsire|20\/100\n|-unboost|p1a: Walking Wake|spa|2\n|move|p2a: Quagsire|Recover|p2a: Quagsire\n|-heal|p2a: Quagsire|70\/100\n|\n|-heal|p2a: Quagsire|76\/100|[from] item: Leftovers\n|-damage|p1a: Walking Wake|76\/100 psn|[from] psn\n|upkeep\n|turn|25\n|c|\u2606Woozyo|Ggs\n|\n|t:|1700515936\n|move|p1a: Walking Wake|Draco Meteor|p2a: Quagsire\n|-damage|p2a: Quagsire|0 fnt\n|-unboost|p1a: Walking Wake|spa|2\n|faint|p2a: Quagsire\n|\n|-damage|p1a: Walking Wake|63\/100 psn|[from] psn\n|upkeep\n|c| geidigrimes|you could still crit\n|c|\u2606Burrgurr|you can still crit\n|\n|t:|1700515948\n|switch|p2a: Gallade|Gallade-Mega, M|100\/100\n|turn|26\n|c| SandmaN42|God damn that ain\u2019t water absorb\n|c| someone23|Woozy manifest it\n|c| geidigrimes|that quag had no awareness\n|c|\u2606Burrgurr|oh wait im faster\n|c|\u2606Burrgurr|no\n|c|\u2606Burrgurr|lol\n|c| geidigrimes|no that was correct\n|\n|t:|1700515965\n|move|p1a: Walking Wake|Surf|p2a: Gallade\n|-damage|p2a: Gallade|85\/100\n|move|p2a: Gallade|Psycho Cut|p1a: Walking Wake\n|-damage|p1a: Walking Wake|13\/100 psn\n|\n|-damage|p1a: Walking Wake|0 fnt|[from] psn\n|faint|p1a: Walking Wake\n|-end|p1a: Walking Wake|Protosynthesis|[silent]\n|\n|win|Burrgurr\n|upkeep\n|c| geidigrimes|that secures it outside of a crit here\n|c|\u2606Burrgurr|ggs\n|l| daviasd\n|l| SandmaN42\n|c|\u2606Burrgurr|that zapdos set almost got me\n|c|\u2606Burrgurr|wp dude\n|l| someone23\n|l| circleButton\n|l|\u2606Woozyo\n","uploadtime":1700515994,"views":22,"p1id":"woozyo","p2id":"burrgurr","formatid":"gen9nationaldexubers","rating":0,"private":0,"password":""}