{"id":"gen9nationaldexubers-1993165398","p1":"Gym leader chops","p2":"Randal RYFU","format":"[Gen 9] National Dex Ubers","log":"|j|\u2606Gym leader chops\n|j|\u2606Randal RYFU\n|t:|1700272732\n|gametype|singles\n|player|p1|Gym leader chops|flint|\n|player|p2|Randal RYFU|darach-caitlin|\n|teamsize|p1|6\n|teamsize|p2|6\n|gen|9\n|tier|[Gen 9] National Dex Ubers\n|rule|HP Percentage Mod: HP is shown in percentages\n|rule|Endless Battle Clause: Forcing endless battles is banned\n|rule|OHKO Clause: OHKO moves are banned\n|rule|Evasion Moves Clause: Evasion moves are banned\n|rule|Evasion Items Clause: Evasion items are banned\n|rule|Species Clause: Limit one of each Pok\u00e9mon\n|rule|Sleep Clause Mod: Limit one foe put to sleep\n|rule|Mega Rayquaza Clause: You cannot mega evolve Rayquaza\n|clearpoke\n|poke|p1|Venusaur, M|\n|poke|p1|Torkoal, M|\n|poke|p1|Electivire, M|\n|poke|p1|Heatran, M|\n|poke|p1|Scovillain, M|\n|poke|p1|Volcanion|\n|poke|p2|Sylveon, F|\n|poke|p2|Onix, M|\n|poke|p2|Lopunny, F|\n|poke|p2|Slurpuff, F|\n|poke|p2|Charizard, M|\n|poke|p2|Mimikyu, F|\n|teampreview\n|\n|t:|1700272774\n|start\n|switch|p1a: Torkoal|Torkoal, M|100\/100\n|switch|p2a: Onix|Onix, M|100\/100\n|-weather|SunnyDay|[from] ability: Drought|[of] p1a: Torkoal\n|turn|1\n|\n|t:|1700272792\n|move|p2a: Onix|Head Smash|p1a: Torkoal\n|-supereffective|p1a: Torkoal\n|-damage|p1a: Torkoal|42\/100\n|move|p1a: Torkoal|Solar Beam||[still]\n|-prepare|p1a: Torkoal|Solar Beam\n|-anim|p1a: Torkoal|Solar Beam|p2a: Onix\n|-supereffective|p2a: Onix\n|-damage|p2a: Onix|0 fnt\n|faint|p2a: Onix\n|\n|-weather|SunnyDay|[upkeep]\n|-heal|p1a: Torkoal|49\/100|[from] item: Leftovers\n|upkeep\n|\n|t:|1700272802\n|switch|p2a: Charizard|Charizard, M|100\/100\n|turn|2\n|\n|t:|1700272812\n|switch|p1a: Volcanion|Volcanion|100\/100\n|move|p2a: Charizard|Scorching Sands|p1a: Volcanion\n|-supereffective|p1a: Volcanion\n|-damage|p1a: Volcanion|39\/100\n|\n|-weather|SunnyDay|[upkeep]\n|-damage|p2a: Charizard|88\/100|[from] ability: Solar Power|[of] p2a: Charizard\n|-heal|p1a: Volcanion|45\/100|[from] item: Leftovers\n|upkeep\n|turn|3\n|\n|t:|1700272823\n|move|p2a: Charizard|Scorching Sands|p1a: Volcanion\n|-supereffective|p1a: Volcanion\n|-damage|p1a: Volcanion|0 fnt\n|faint|p1a: Volcanion\n|\n|-weather|SunnyDay|[upkeep]\n|-damage|p2a: Charizard|76\/100|[from] ability: Solar Power|[of] p2a: Charizard\n|upkeep\n|\n|t:|1700272833\n|switch|p1a: Electivire|Electivire, M|100\/100\n|turn|4\n|\n|t:|1700272846\n|move|p2a: Charizard|Scorching Sands|p1a: Electivire\n|-supereffective|p1a: Electivire\n|-damage|p1a: Electivire|18\/100\n|move|p1a: Electivire|Wild Charge|p2a: Charizard\n|-supereffective|p2a: Charizard\n|-damage|p2a: Charizard|0 fnt\n|faint|p2a: Charizard\n|-damage|p1a: Electivire|0 fnt|[from] Recoil\n|faint|p1a: Electivire\n|\n|-weather|SunnyDay|[upkeep]\n|upkeep\n|\n|t:|1700272893\n|switch|p2a: Lopunny|Lopunny, F|100\/100\n|switch|p1a: Heatran|Heatran, M|100\/100\n|turn|5\n|\n|t:|1700272900\n|detailschange|p2a: Lopunny|Lopunny-Mega, F\n|-mega|p2a: Lopunny|Lopunny|Lopunnite\n|move|p2a: Lopunny|Fake Out|p1a: Heatran\n|-resisted|p1a: Heatran\n|-damage|p1a: Heatran|93\/100\n|cant|p1a: Heatran|flinch\n|\n|-weather|none\n|upkeep\n|turn|6\n|\n|t:|1700272918\n|move|p2a: Lopunny|Strength|p1a: Heatran\n|-resisted|p1a: Heatran\n|-damage|p1a: Heatran|78\/100\n|move|p1a: Heatran|Magma Storm|p2a: Lopunny|[miss]\n|-miss|p1a: Heatran|p2a: Lopunny\n|\n|upkeep\n|turn|7\n|\n|t:|1700272925\n|move|p2a: Lopunny|U-turn|p1a: Heatran\n|-resisted|p1a: Heatran\n|-damage|p1a: Heatran|75\/100\n|\n|t:|1700272931\n|switch|p2a: Slurpuff|Slurpuff, F|100\/100|[from] U-turn\n|move|p1a: Heatran|Flash Cannon|p2a: Slurpuff\n|-supereffective|p2a: Slurpuff\n|-enditem|p2a: Slurpuff|Focus Sash\n|-damage|p2a: Slurpuff|1\/100\n|\n|upkeep\n|turn|8\n|\n|t:|1700272946\n|move|p2a: Slurpuff|Surf|p1a: Heatran\n|-supereffective|p1a: Heatran\n|-damage|p1a: Heatran|27\/100\n|move|p1a: Heatran|Flash Cannon|p2a: Slurpuff\n|-supereffective|p2a: Slurpuff\n|-damage|p2a: Slurpuff|0 fnt\n|faint|p2a: Slurpuff\n|\n|upkeep\n|\n|t:|1700272958\n|switch|p2a: Lopunny|Lopunny-Mega, F|100\/100\n|turn|9\n|\n|t:|1700272962\n|move|p2a: Lopunny|Fake Out|p1a: Heatran\n|-resisted|p1a: Heatran\n|-damage|p1a: Heatran|20\/100\n|cant|p1a: Heatran|flinch\n|\n|upkeep\n|turn|10\n|\n|t:|1700272977\n|move|p2a: Lopunny|Strength|p1a: Heatran\n|-resisted|p1a: Heatran\n|-damage|p1a: Heatran|6\/100\n|move|p1a: Heatran|Rest|p1a: Heatran\n|-status|p1a: Heatran|slp|[from] move: Rest\n|-heal|p1a: Heatran|100\/100 slp|[silent]\n|\n|upkeep\n|turn|11\n|\n|t:|1700272988\n|switch|p2a: Mimikyu|Mimikyu, F|100\/100\n|cant|p1a: Heatran|slp\n|\n|upkeep\n|turn|12\n|\n|t:|1700272994\n|move|p2a: Mimikyu|Swords Dance|p2a: Mimikyu\n|-boost|p2a: Mimikyu|atk|2\n|cant|p1a: Heatran|slp\n|\n|upkeep\n|turn|13\n|\n|t:|1700273002\n|move|p2a: Mimikyu|Swords Dance|p2a: Mimikyu\n|-boost|p2a: Mimikyu|atk|2\n|-curestatus|p1a: Heatran|slp|[msg]\n|move|p1a: Heatran|Flash Cannon|p2a: Mimikyu\n|-activate|p2a: Mimikyu|ability: Disguise\n|-damage|p2a: Mimikyu|100\/100\n|detailschange|p2a: Mimikyu|Mimikyu-Busted, F\n|-damage|p2a: Mimikyu|88\/100|[from] pokemon: Mimikyu-Busted\n|-enditem|p2a: Mimikyu|Red Card|[of] p1a: Heatran\n|drag|p1a: Scovillain|Scovillain, M|100\/100\n|\n|upkeep\n|turn|14\n|c|\u2606Randal RYFU|!weakness scovillain\n|c| Randal RYFU|\/raw <div class=\"infobox\">Scovillain (ignoring abilities):<br \/><span class=\"message-effect-weak\">Weaknesses<\/span>: Flying, Poison, Rock<br \/><span class=\"message-effect-resist\">Resistances<\/span>: Electric, Fairy, <b>Grass<\/b>, Steel<br \/><span class=\"message-effect-immune\">Immunities<\/span>: Burn, Powder moves<\/div>\n|\n|t:|1700273033\n|move|p2a: Mimikyu|Phantom Force||[still]\n|-prepare|p2a: Mimikyu|Phantom Force\n|move|p1a: Scovillain|Burning Jealousy|p2a: Mimikyu|[miss]\n|-miss|p1a: Scovillain|p2a: Mimikyu\n|\n|upkeep\n|turn|15\n|\n|t:|1700273039\n|move|p2a: Mimikyu|Phantom Force|p1a: Scovillain|[from]lockedmove\n|-crit|p1a: Scovillain\n|-damage|p1a: Scovillain|0 fnt\n|faint|p1a: Scovillain\n|\n|upkeep\n|\n|t:|1700273048\n|switch|p1a: Heatran|Heatran, M|100\/100\n|turn|16\n|\n|t:|1700273058\n|move|p2a: Mimikyu|Phantom Force||[still]\n|-prepare|p2a: Mimikyu|Phantom Force\n|move|p1a: Heatran|Flash Cannon|p2a: Mimikyu|[miss]\n|-miss|p1a: Heatran|p2a: Mimikyu\n|\n|upkeep\n|turn|17\n|\n|t:|1700273064\n|move|p2a: Mimikyu|Phantom Force|p1a: Heatran|[from]lockedmove\n|-damage|p1a: Heatran|17\/100\n|move|p1a: Heatran|Sunny Day|p1a: Heatran\n|-weather|SunnyDay\n|\n|-weather|SunnyDay|[upkeep]\n|upkeep\n|turn|18\n|\n|t:|1700273073\n|move|p2a: Mimikyu|Phantom Force||[still]\n|-prepare|p2a: Mimikyu|Phantom Force\n|move|p1a: Heatran|Rest|p1a: Heatran\n|-status|p1a: Heatran|slp|[from] move: Rest\n|-heal|p1a: Heatran|100\/100 slp|[silent]\n|\n|-weather|SunnyDay|[upkeep]\n|upkeep\n|turn|19\n|\n|t:|1700273082\n|move|p2a: Mimikyu|Phantom Force|p1a: Heatran|[from]lockedmove\n|-damage|p1a: Heatran|6\/100 slp\n|cant|p1a: Heatran|slp\n|\n|-weather|SunnyDay|[upkeep]\n|upkeep\n|turn|20\n|\n|t:|1700273090\n|move|p2a: Mimikyu|Phantom Force||[still]\n|-prepare|p2a: Mimikyu|Phantom Force\n|cant|p1a: Heatran|slp\n|\n|-weather|SunnyDay|[upkeep]\n|upkeep\n|turn|21\n|\n|t:|1700273096\n|move|p2a: Mimikyu|Phantom Force|p1a: Heatran|[from]lockedmove\n|-damage|p1a: Heatran|0 fnt\n|-status|p2a: Mimikyu|brn|[from] ability: Flame Body|[of] p1a: Heatran\n|faint|p1a: Heatran\n|\n|-weather|SunnyDay|[upkeep]\n|-damage|p2a: Mimikyu|82\/100 brn|[from] brn\n|upkeep\n|\n|t:|1700273106\n|switch|p1a: Venusaur|Venusaur, M|100\/100\n|turn|22\n|c|\u2606Randal RYFU|!weakness venusaur\n|c| Randal RYFU|\/raw <div class=\"infobox\">Venusaur (ignoring abilities):<br \/><span class=\"message-effect-weak\">Weaknesses<\/span>: Fire, Flying, Ice, Psychic<br \/><span class=\"message-effect-resist\">Resistances<\/span>: Electric, Fairy, Fighting, <b>Grass<\/b>, Water<br \/><span class=\"message-effect-immune\">Immunities<\/span>: Powder moves, Toxic<\/div>\n|\n|t:|1700273125\n|move|p1a: Venusaur|Solar Beam||[still]\n|-prepare|p1a: Venusaur|Solar Beam\n|-anim|p1a: Venusaur|Solar Beam|p2a: Mimikyu\n|-damage|p2a: Mimikyu|17\/100 brn\n|move|p2a: Mimikyu|Phantom Force||[still]\n|-prepare|p2a: Mimikyu|Phantom Force\n|\n|-weather|SunnyDay|[upkeep]\n|-damage|p2a: Mimikyu|11\/100 brn|[from] brn\n|upkeep\n|turn|23\n|\n|t:|1700273139\n|move|p1a: Venusaur|Sleep Powder|p2a: Mimikyu|[miss]\n|-miss|p1a: Venusaur|p2a: Mimikyu\n|move|p2a: Mimikyu|Phantom Force|p1a: Venusaur|[from]lockedmove\n|-damage|p1a: Venusaur|42\/100\n|\n|-weather|SunnyDay|[upkeep]\n|-heal|p1a: Venusaur|48\/100|[from] item: Leftovers\n|-damage|p2a: Mimikyu|5\/100 brn|[from] brn\n|upkeep\n|turn|24\n|\n|t:|1700273150\n|move|p1a: Venusaur|Knock Off|p2a: Mimikyu\n|-damage|p2a: Mimikyu|0 fnt\n|faint|p2a: Mimikyu\n|\n|-weather|none\n|-heal|p1a: Venusaur|54\/100|[from] item: Leftovers\n|upkeep\n|\n|t:|1700273154\n|switch|p2a: Lopunny|Lopunny-Mega, F|100\/100\n|turn|25\n|\n|t:|1700273160\n|move|p2a: Lopunny|Fake Out|p1a: Venusaur\n|-damage|p1a: Venusaur|34\/100\n|cant|p1a: Venusaur|flinch\n|\n|-heal|p1a: Venusaur|40\/100|[from] item: Leftovers\n|upkeep\n|turn|26\n|\n|t:|1700273175\n|move|p2a: Lopunny|Strength|p1a: Venusaur\n|-damage|p1a: Venusaur|0 fnt\n|faint|p1a: Venusaur\n|\n|upkeep\n|\n|t:|1700273180\n|switch|p1a: Torkoal|Torkoal, M|49\/100\n|-weather|SunnyDay|[from] ability: Drought|[of] p1a: Torkoal\n|turn|27\n|\n|t:|1700273201\n|move|p2a: Lopunny|Strength|p1a: Torkoal\n|-damage|p1a: Torkoal|25\/100\n|move|p1a: Torkoal|Solar Beam||[still]\n|-prepare|p1a: Torkoal|Solar Beam\n|-anim|p1a: Torkoal|Solar Beam|p2a: Lopunny\n|-damage|p2a: Lopunny|68\/100\n|\n|-weather|SunnyDay|[upkeep]\n|-heal|p1a: Torkoal|31\/100|[from] item: Leftovers\n|upkeep\n|turn|28\n|\n|t:|1700273212\n|move|p1a: Torkoal|Protect|p1a: Torkoal\n|-singleturn|p1a: Torkoal|Protect\n|move|p2a: Lopunny|Strength|p1a: Torkoal\n|-activate|p1a: Torkoal|move: Protect\n|\n|-weather|SunnyDay|[upkeep]\n|-heal|p1a: Torkoal|37\/100|[from] item: Leftovers\n|upkeep\n|turn|29\n|c|\u2606Randal RYFU|!weakness torkoal\n|c| Randal RYFU|\/raw <div class=\"infobox\">Torkoal (ignoring abilities):<br \/><span class=\"message-effect-weak\">Weaknesses<\/span>: Ground, Rock, Water<br \/><span class=\"message-effect-resist\">Resistances<\/span>: Bug, Fairy, Fire, Grass, Ice, Steel<br \/><span class=\"message-effect-immune\">Immunities<\/span>: Burn<\/div>\n|\n|t:|1700273222\n|move|p2a: Lopunny|Strength|p1a: Torkoal\n|-damage|p1a: Torkoal|13\/100\n|move|p1a: Torkoal|Heat Wave|p2a: Lopunny\n|-damage|p2a: Lopunny|9\/100\n|-status|p2a: Lopunny|brn\n|\n|-weather|SunnyDay|[upkeep]\n|-heal|p1a: Torkoal|19\/100|[from] item: Leftovers\n|-damage|p2a: Lopunny|3\/100 brn|[from] brn\n|upkeep\n|turn|30\n|\n|t:|1700273233\n|move|p1a: Torkoal|Protect|p1a: Torkoal\n|-singleturn|p1a: Torkoal|Protect\n|move|p2a: Lopunny|Strength|p1a: Torkoal\n|-activate|p1a: Torkoal|move: Protect\n|\n|-weather|SunnyDay|[upkeep]\n|-heal|p1a: Torkoal|25\/100|[from] item: Leftovers\n|-damage|p2a: Lopunny|0 fnt|[from] brn\n|faint|p2a: Lopunny\n|upkeep\n|\n|t:|1700273235\n|switch|p2a: Sylveon|Sylveon, F|100\/100\n|turn|31\n|\n|t:|1700273247\n|-terastallize|p2a: Sylveon|Fairy\n|move|p2a: Sylveon|Hyper Voice|p1a: Torkoal\n|-resisted|p1a: Torkoal\n|-damage|p1a: Torkoal|0 fnt\n|faint|p1a: Torkoal\n|-enditem|p2a: Sylveon|Throat Spray\n|\n|win|Randal RYFU\n|c|\u2606Randal RYFU|GG\n|c|\u2606Gym leader chops|GG\n","uploadtime":1700273263,"views":42,"p1id":"gymleaderchops","p2id":"randalryfu","formatid":"gen9nationaldexubers","rating":0,"private":0,"password":""}