{"id":"gen9nationaldexubers-1995926762","p1":"OwO_22","p2":"LordHaterNumber1","format":"[Gen 9] National Dex Ubers","log":"|j|\u2606OwO_22\n|j|\u2606LordHaterNumber1\n|t:|1700618256\n|gametype|singles\n|player|p1|OwO_22|169|\n|player|p2|LordHaterNumber1|ghetsis-gen5bw|\n|teamsize|p1|6\n|teamsize|p2|6\n|gen|9\n|tier|[Gen 9] National Dex Ubers\n|rule|HP Percentage Mod: HP is shown in percentages\n|rule|Endless Battle Clause: Forcing endless battles is banned\n|rule|OHKO Clause: OHKO moves are banned\n|rule|Evasion Moves Clause: Evasion moves are banned\n|rule|Evasion Items Clause: Evasion items are banned\n|rule|Species Clause: Limit one of each Pok\u00e9mon\n|rule|Sleep Clause Mod: Limit one foe put to sleep\n|rule|Mega Rayquaza Clause: You cannot mega evolve Rayquaza\n|clearpoke\n|poke|p1|Maushold-Four|\n|poke|p1|Staraptor, F|\n|poke|p1|Cinccino, F|\n|poke|p1|Zoroark-Hisui, F|\n|poke|p1|Kommo-o, F|\n|poke|p1|Snorlax, F|\n|poke|p2|Rhyperior, M|\n|poke|p2|Ursaluna-Bloodmoon, M|\n|poke|p2|Gliscor, M|\n|poke|p2|Landorus, M|\n|poke|p2|Iron Bundle|\n|poke|p2|Clodsire, M|\n|teampreview\n|\n|t:|1700618284\n|start\n|switch|p1a: Cinccino|Cinccino, F|100\/100\n|switch|p2a: Gliscor|Gliscor, M|100\/100\n|turn|1\n|\n|t:|1700618294\n|move|p2a: Gliscor|Protect|p2a: Gliscor\n|-singleturn|p2a: Gliscor|Protect\n|move|p1a: Cinccino|Triple Axel|p2a: Gliscor\n|-activate|p2a: Gliscor|move: Protect\n|\n|-status|p2a: Gliscor|tox|[from] item: Toxic Orb\n|upkeep\n|turn|2\n|\n|t:|1700618307\n|move|p1a: Cinccino|Bullet Seed|p2a: Gliscor\n|-damage|p2a: Gliscor|95\/100 tox\n|-damage|p2a: Gliscor|88\/100 tox\n|-damage|p2a: Gliscor|81\/100 tox\n|-damage|p2a: Gliscor|75\/100 tox\n|-hitcount|p2a: Gliscor|4\n|move|p2a: Gliscor|Toxic|p1a: Cinccino\n|-status|p1a: Cinccino|tox\n|\n|-damage|p1a: Cinccino|94\/100 tox|[from] psn\n|-heal|p2a: Gliscor|88\/100 tox|[from] ability: Poison Heal\n|upkeep\n|turn|3\n|\n|t:|1700618318\n|move|p2a: Gliscor|Protect|p2a: Gliscor\n|-singleturn|p2a: Gliscor|Protect\n|move|p1a: Cinccino|Triple Axel|p2a: Gliscor\n|-activate|p2a: Gliscor|move: Protect\n|\n|-damage|p1a: Cinccino|82\/100 tox|[from] psn\n|-heal|p2a: Gliscor|99\/100 tox|[from] ability: Poison Heal\n|upkeep\n|turn|4\n|\n|t:|1700618330\n|switch|p1a: Snorlax|Snorlax, F|100\/100\n|move|p2a: Gliscor|Earthquake|p1a: Snorlax\n|-damage|p1a: Snorlax|68\/100\n|\n|-heal|p1a: Snorlax|75\/100|[from] item: Leftovers\n|-heal|p2a: Gliscor|100\/100 tox|[from] ability: Poison Heal\n|upkeep\n|turn|5\n|\n|t:|1700618339\n|move|p1a: Snorlax|Protect|p1a: Snorlax\n|-singleturn|p1a: Snorlax|Protect\n|move|p2a: Gliscor|Spikes|p1a: Snorlax\n|-sidestart|p1: OwO_22|Spikes\n|\n|-heal|p1a: Snorlax|81\/100|[from] item: Leftovers\n|upkeep\n|turn|6\n|\n|t:|1700618345\n|move|p2a: Gliscor|Spikes|p1a: Snorlax\n|-sidestart|p1: OwO_22|Spikes\n|move|p1a: Snorlax|Curse|p1a: Snorlax\n|-unboost|p1a: Snorlax|spe|1\n|-boost|p1a: Snorlax|atk|1\n|-boost|p1a: Snorlax|def|1\n|\n|-heal|p1a: Snorlax|87\/100|[from] item: Leftovers\n|upkeep\n|turn|7\n|\n|t:|1700618352\n|move|p2a: Gliscor|Spikes|p1a: Snorlax\n|-sidestart|p1: OwO_22|Spikes\n|move|p1a: Snorlax|Yawn||[still]\n|-fail|p1a: Snorlax\n|\n|-heal|p1a: Snorlax|93\/100|[from] item: Leftovers\n|upkeep\n|turn|8\n|\n|t:|1700618359\n|move|p2a: Gliscor|Earthquake|p1a: Snorlax\n|-crit|p1a: Snorlax\n|-damage|p1a: Snorlax|50\/100\n|move|p1a: Snorlax|Curse|p1a: Snorlax\n|-unboost|p1a: Snorlax|spe|1\n|-boost|p1a: Snorlax|atk|1\n|-boost|p1a: Snorlax|def|1\n|\n|-heal|p1a: Snorlax|56\/100|[from] item: Leftovers\n|upkeep\n|turn|9\n|\n|t:|1700618369\n|switch|p2a: Rhyperior|Rhyperior, M|100\/100\n|move|p1a: Snorlax|Protect||[still]\n|-fail|p1a: Snorlax\n|\n|-heal|p1a: Snorlax|63\/100|[from] item: Leftovers\n|upkeep\n|turn|10\n|\n|t:|1700618378\n|move|p2a: Rhyperior|Curse|p2a: Rhyperior\n|-unboost|p2a: Rhyperior|spe|1\n|-boost|p2a: Rhyperior|atk|1\n|-boost|p2a: Rhyperior|def|1\n|move|p1a: Snorlax|Last Resort|p2a: Rhyperior\n|-resisted|p2a: Rhyperior\n|-damage|p2a: Rhyperior|84\/100\n|\n|-heal|p2a: Rhyperior|90\/100|[from] item: Leftovers\n|-heal|p1a: Snorlax|69\/100|[from] item: Leftovers\n|upkeep\n|turn|11\n|\n|t:|1700618388\n|switch|p1a: Staraptor|Staraptor, F|100\/100\n|move|p2a: Rhyperior|Stone Edge|p1a: Staraptor\n|-supereffective|p1a: Staraptor\n|-damage|p1a: Staraptor|0 fnt\n|faint|p1a: Staraptor\n|\n|-heal|p2a: Rhyperior|96\/100|[from] item: Leftovers\n|upkeep\n|\n|t:|1700618399\n|switch|p1a: Kommo-o|Kommo-o, F|100\/100\n|-damage|p1a: Kommo-o|76\/100|[from] Spikes\n|turn|12\n|\n|t:|1700618405\n|switch|p2a: Clodsire|Clodsire, M|100\/100\n|-terastallize|p1a: Kommo-o|Normal\n|move|p1a: Kommo-o|Clangorous Soul|p1a: Kommo-o\n|-boost|p1a: Kommo-o|atk|1\n|-boost|p1a: Kommo-o|def|1\n|-boost|p1a: Kommo-o|spa|1\n|-boost|p1a: Kommo-o|spd|1\n|-boost|p1a: Kommo-o|spe|1\n|-damage|p1a: Kommo-o|43\/100\n|-enditem|p1a: Kommo-o|Throat Spray\n|-boost|p1a: Kommo-o|spa|1|[from] item: Throat Spray\n|\n|upkeep\n|turn|13\n|\n|t:|1700618417\n|move|p1a: Kommo-o|Boomburst|p2a: Clodsire\n|-damage|p2a: Clodsire|66\/100\n|move|p2a: Clodsire|Earthquake|p1a: Kommo-o\n|-damage|p1a: Kommo-o|17\/100\n|\n|-heal|p2a: Clodsire|72\/100|[from] item: Black Sludge\n|upkeep\n|turn|14\n|\n|t:|1700618428\n|move|p1a: Kommo-o|Boomburst|p2a: Clodsire\n|-damage|p2a: Clodsire|40\/100\n|move|p2a: Clodsire|Stealth Rock|p1a: Kommo-o\n|-sidestart|p1: OwO_22|move: Stealth Rock\n|\n|-heal|p2a: Clodsire|46\/100|[from] item: Black Sludge\n|upkeep\n|turn|15\n|\n|t:|1700618437\n|move|p1a: Kommo-o|Boomburst|p2a: Clodsire\n|-damage|p2a: Clodsire|12\/100\n|move|p2a: Clodsire|Recover|p2a: Clodsire\n|-heal|p2a: Clodsire|62\/100\n|\n|-heal|p2a: Clodsire|69\/100|[from] item: Black Sludge\n|upkeep\n|turn|16\n|\n|t:|1700618444\n|move|p1a: Kommo-o|Boomburst|p2a: Clodsire\n|-damage|p2a: Clodsire|39\/100\n|move|p2a: Clodsire|Recover|p2a: Clodsire\n|-heal|p2a: Clodsire|89\/100\n|\n|-heal|p2a: Clodsire|95\/100|[from] item: Black Sludge\n|upkeep\n|turn|17\n|\n|t:|1700618450\n|move|p1a: Kommo-o|Boomburst|p2a: Clodsire\n|-damage|p2a: Clodsire|62\/100\n|move|p2a: Clodsire|Earthquake|p1a: Kommo-o\n|-damage|p1a: Kommo-o|0 fnt\n|faint|p1a: Kommo-o\n|\n|-heal|p2a: Clodsire|68\/100|[from] item: Black Sludge\n|upkeep\n|\n|t:|1700618462\n|switch|p1a: Maushold|Maushold-Four|100\/100\n|-damage|p1a: Maushold|76\/100|[from] Spikes\n|-damage|p1a: Maushold|63\/100|[from] Stealth Rock\n|turn|18\n|\n|t:|1700618469\n|move|p1a: Maushold|Hyper Voice|p2a: Clodsire\n|-damage|p2a: Clodsire|37\/100\n|-damage|p1a: Maushold|53\/100|[from] item: Life Orb\n|move|p2a: Clodsire|Earthquake|p1a: Maushold\n|-damage|p1a: Maushold|0 fnt\n|replace|p1a: Zoroark|Zoroark-Hisui, F\n|-end|p1a: Zoroark|Illusion\n|faint|p1a: Zoroark\n|\n|-heal|p2a: Clodsire|44\/100|[from] item: Black Sludge\n|upkeep\n|\n|t:|1700618480\n|switch|p1a: Maushold|Maushold-Four|100\/100\n|-damage|p1a: Maushold|76\/100|[from] Spikes\n|-damage|p1a: Maushold|63\/100|[from] Stealth Rock\n|turn|19\n|\n|t:|1700618513\n|switch|p2a: Rhyperior|Rhyperior, M|96\/100\n|move|p1a: Maushold|Tidy Up|p1a: Maushold\n|-sideend|p1: OwO_22|Spikes\n|-sideend|p1: OwO_22|Stealth Rock\n|-activate|p1a: Maushold|move: Tidy Up\n|-boost|p1a: Maushold|atk|1\n|-boost|p1a: Maushold|spe|1\n|\n|-heal|p2a: Rhyperior|100\/100|[from] item: Leftovers\n|upkeep\n|turn|20\n|\n|t:|1700618524\n|switch|p1a: Snorlax|Snorlax, F|69\/100\n|move|p2a: Rhyperior|Curse|p2a: Rhyperior\n|-unboost|p2a: Rhyperior|spe|1\n|-boost|p2a: Rhyperior|atk|1\n|-boost|p2a: Rhyperior|def|1\n|\n|-heal|p1a: Snorlax|75\/100|[from] item: Leftovers\n|upkeep\n|turn|21\n|\n|t:|1700618532\n|move|p1a: Snorlax|Yawn|p2a: Rhyperior\n|-start|p2a: Rhyperior|move: Yawn|[of] p1a: Snorlax\n|move|p2a: Rhyperior|Curse|p2a: Rhyperior\n|-unboost|p2a: Rhyperior|spe|1\n|-boost|p2a: Rhyperior|atk|1\n|-boost|p2a: Rhyperior|def|1\n|\n|-heal|p1a: Snorlax|81\/100|[from] item: Leftovers\n|upkeep\n|turn|22\n|\n|t:|1700618540\n|move|p1a: Snorlax|Curse|p1a: Snorlax\n|-unboost|p1a: Snorlax|spe|1\n|-boost|p1a: Snorlax|atk|1\n|-boost|p1a: Snorlax|def|1\n|move|p2a: Rhyperior|Curse|p2a: Rhyperior\n|-unboost|p2a: Rhyperior|spe|1\n|-boost|p2a: Rhyperior|atk|1\n|-boost|p2a: Rhyperior|def|1\n|\n|-heal|p1a: Snorlax|87\/100|[from] item: Leftovers\n|-end|p2a: Rhyperior|move: Yawn|[silent]\n|-status|p2a: Rhyperior|slp\n|upkeep\n|turn|23\n|\n|t:|1700618550\n|move|p1a: Snorlax|Curse|p1a: Snorlax\n|-unboost|p1a: Snorlax|spe|1\n|-boost|p1a: Snorlax|atk|1\n|-boost|p1a: Snorlax|def|1\n|cant|p2a: Rhyperior|slp\n|\n|-heal|p1a: Snorlax|93\/100|[from] item: Leftovers\n|upkeep\n|turn|24\n|\n|t:|1700618557\n|move|p1a: Snorlax|Curse|p1a: Snorlax\n|-unboost|p1a: Snorlax|spe|1\n|-boost|p1a: Snorlax|atk|1\n|-boost|p1a: Snorlax|def|1\n|-curestatus|p2a: Rhyperior|slp|[msg]\n|move|p2a: Rhyperior|Earthquake|p1a: Snorlax\n|-damage|p1a: Snorlax|50\/100\n|\n|-heal|p1a: Snorlax|56\/100|[from] item: Leftovers\n|upkeep\n|turn|25\n|\n|t:|1700618566\n|move|p1a: Snorlax|Protect|p1a: Snorlax\n|-singleturn|p1a: Snorlax|Protect\n|move|p2a: Rhyperior|Earthquake|p1a: Snorlax\n|-activate|p1a: Snorlax|move: Protect\n|\n|-heal|p1a: Snorlax|62\/100|[from] item: Leftovers\n|upkeep\n|turn|26\n|\n|t:|1700618572\n|move|p2a: Rhyperior|Earthquake|p1a: Snorlax\n|-damage|p1a: Snorlax|22\/100\n|move|p1a: Snorlax|Curse|p1a: Snorlax\n|-unboost|p1a: Snorlax|spe|1\n|-boost|p1a: Snorlax|atk|1\n|-boost|p1a: Snorlax|def|1\n|\n|-heal|p1a: Snorlax|28\/100|[from] item: Leftovers\n|upkeep\n|turn|27\n|\n|t:|1700618580\n|move|p1a: Snorlax|Protect|p1a: Snorlax\n|-singleturn|p1a: Snorlax|Protect\n|move|p2a: Rhyperior|Earthquake|p1a: Snorlax\n|-activate|p1a: Snorlax|move: Protect\n|\n|-heal|p1a: Snorlax|34\/100|[from] item: Leftovers\n|upkeep\n|turn|28\n|\n|t:|1700618588\n|move|p2a: Rhyperior|Earthquake|p1a: Snorlax\n|-damage|p1a: Snorlax|0 fnt\n|faint|p1a: Snorlax\n|\n|upkeep\n|\n|t:|1700618594\n|switch|p1a: Cinccino|Cinccino, F|82\/100 tox\n|turn|29\n|\n|t:|1700618597\n|-terastallize|p2a: Rhyperior|Dragon\n|move|p1a: Cinccino|Triple Axel|p2a: Rhyperior\n|-supereffective|p2a: Rhyperior\n|-crit|p2a: Rhyperior\n|-damage|p2a: Rhyperior|92\/100\n|-supereffective|p2a: Rhyperior\n|-crit|p2a: Rhyperior\n|-damage|p2a: Rhyperior|73\/100\n|-supereffective|p2a: Rhyperior\n|-damage|p2a: Rhyperior|65\/100\n|-hitcount|p2a: Rhyperior|3\n|move|p2a: Rhyperior|Earthquake|p1a: Cinccino\n|-damage|p1a: Cinccino|0 fnt\n|faint|p1a: Cinccino\n|\n|-heal|p2a: Rhyperior|71\/100|[from] item: Leftovers\n|upkeep\n|\n|t:|1700618611\n|switch|p1a: Maushold|Maushold-Four|63\/100\n|turn|30\n|\n|t:|1700618615\n|move|p1a: Maushold|Population Bomb|p2a: Rhyperior\n|-damage|p2a: Rhyperior|69\/100\n|-damage|p2a: Rhyperior|67\/100\n|-damage|p2a: Rhyperior|65\/100\n|-damage|p2a: Rhyperior|62\/100\n|-damage|p2a: Rhyperior|59\/100\n|-hitcount|p2a: Rhyperior|5\n|move|p2a: Rhyperior|Outrage|p1a: Maushold\n|-crit|p1a: Maushold\n|-damage|p1a: Maushold|0 fnt\n|faint|p1a: Maushold\n|\n|win|LordHaterNumber1\n|l|\u2606OwO_22\n|l|\u2606LordHaterNumber1\n|j|\u2606LordHaterNumber1\n|player|p2|LordHaterNumber1|ghetsis-gen5bw\n","uploadtime":1700619058,"views":1,"p1id":"owo22","p2id":"lordhaternumber1","formatid":"gen9nationaldexubers","rating":0,"private":0,"password":""}