{"id":"gen9nationaldexubers-1990528956","p1":"catomic756","p2":"85792195wwww","format":"[Gen 9] National Dex Ubers","log":"|j|\u2606catomic756\n|j|\u260685792195wwww\n|t:|1699978931\n|gametype|singles\n|player|p1|catomic756|cynthia-gen4|1388\n|player|p2|85792195wwww|mira|1648\n|teamsize|p1|6\n|teamsize|p2|6\n|gen|9\n|tier|[Gen 9] National Dex Ubers\n|rated|\n|rule|HP Percentage Mod: HP is shown in percentages\n|rule|Endless Battle Clause: Forcing endless battles is banned\n|rule|OHKO Clause: OHKO moves are banned\n|rule|Evasion Moves Clause: Evasion moves are banned\n|rule|Evasion Items Clause: Evasion items are banned\n|rule|Species Clause: Limit one of each Pok\u00e9mon\n|rule|Sleep Clause Mod: Limit one foe put to sleep\n|rule|Mega Rayquaza Clause: You cannot mega evolve Rayquaza\n|clearpoke\n|poke|p1|Salamence, F|\n|poke|p1|Zamazenta-*|\n|poke|p1|Groudon|\n|poke|p1|Necrozma-Dusk-Mane|\n|poke|p1|Zacian-*|\n|poke|p1|Zygarde|\n|poke|p2|Zacian-*|\n|poke|p2|Arceus-Ground|\n|poke|p2|Deoxys-Speed|\n|poke|p2|Landorus, M|\n|poke|p2|Groudon|\n|poke|p2|Kyurem-Black|\n|teampreview\n|inactive|Battle timer is ON: inactive players will automatically lose when time's up. (requested by catomic756)\n|\n|t:|1699978935\n|start\n|switch|p1a: Groudon|Groudon|100\/100\n|switch|p2a: Deoxys|Deoxys-Speed|100\/100\n|-ability|p2a: Deoxys|Pressure\n|detailschange|p1a: Groudon|Groudon-Primal\n|-primal|p1a: Groudon|Red Orb\n|-weather|DesolateLand|[from] ability: Desolate Land|[of] p1a: Groudon\n|turn|1\n|\n|t:|1699978947\n|move|p2a: Deoxys|Spikes|p1a: Groudon\n|-sidestart|p1: catomic756|Spikes\n|move|p1a: Groudon|Earthquake|p2a: Deoxys\n|-enditem|p2a: Deoxys|Focus Sash\n|-damage|p2a: Deoxys|1\/100\n|\n|-weather|DesolateLand|[upkeep]\n|upkeep\n|turn|2\n|\n|t:|1699978954\n|move|p2a: Deoxys|Stealth Rock|p1a: Groudon\n|-sidestart|p1: catomic756|move: Stealth Rock\n|move|p1a: Groudon|Earthquake|p2a: Deoxys\n|-damage|p2a: Deoxys|0 fnt\n|faint|p2a: Deoxys\n|\n|-weather|DesolateLand|[upkeep]\n|upkeep\n|\n|t:|1699978966\n|switch|p2a: Landorus|Landorus, M|100\/100\n|turn|3\n|\n|t:|1699978971\n|move|p2a: Landorus|Earth Power|p1a: Groudon\n|-supereffective|p1a: Groudon\n|-damage|p1a: Groudon|0 fnt\n|faint|p1a: Groudon\n|-weather|none\n|\n|upkeep\n|\n|t:|1699978992\n|switch|p1a: Necrozma|Necrozma-Dusk-Mane|100\/100\n|-damage|p1a: Necrozma|88\/100|[from] Spikes\n|-damage|p1a: Necrozma|82\/100|[from] Stealth Rock\n|turn|4\n|\n|t:|1699979002\n|detailschange|p1a: Necrozma|Necrozma-Ultra\n|-burst|p1a: Necrozma|Necrozma|Ultranecrozium Z\n|move|p1a: Necrozma|Dragon Dance|p1a: Necrozma\n|-boost|p1a: Necrozma|atk|1\n|-boost|p1a: Necrozma|spe|1\n|move|p2a: Landorus|Rock Polish|p2a: Landorus\n|-boost|p2a: Landorus|spe|2\n|\n|upkeep\n|turn|5\n|\n|t:|1699979023\n|move|p2a: Landorus|Earth Power|p1a: Necrozma\n|-damage|p1a: Necrozma|9\/100\n|-zpower|p1a: Necrozma\n|move|p1a: Necrozma|Light That Burns the Sky|p2a: Landorus|[zeffect]\n|-damage|p2a: Landorus|0 fnt\n|faint|p2a: Landorus\n|\n|upkeep\n|\n|t:|1699979037\n|switch|p2a: Arceus|Arceus-Ground|100\/100\n|turn|6\n|\n|t:|1699979045\n|move|p1a: Necrozma|Photon Geyser|p2a: Arceus\n|-damage|p2a: Arceus|31\/100\n|move|p2a: Arceus|Earthquake|p1a: Necrozma\n|-damage|p1a: Necrozma|0 fnt\n|faint|p1a: Necrozma\n|\n|upkeep\n|\n|t:|1699979057\n|switch|p1a: Salamence|Salamence, F|100\/100\n|-damage|p1a: Salamence|75\/100|[from] Stealth Rock\n|-ability|p1a: Salamence|Intimidate|boost\n|-unboost|p2a: Arceus|atk|1\n|turn|7\n|\n|t:|1699979065\n|detailschange|p1a: Salamence|Salamence-Mega, F\n|-mega|p1a: Salamence|Salamence|Salamencite\n|move|p1a: Salamence|Return|p2a: Arceus\n|-damage|p2a: Arceus|0 fnt\n|faint|p2a: Arceus\n|\n|upkeep\n|\n|t:|1699979074\n|switch|p2a: Kyurem|Kyurem-Black|100\/100\n|-ability|p2a: Kyurem|Teravolt\n|turn|8\n|\n|t:|1699979080\n|move|p1a: Salamence|Dragon Claw|p2a: Kyurem\n|-supereffective|p2a: Kyurem\n|-damage|p2a: Kyurem|18\/100\n|move|p2a: Kyurem|Dragon Dance|p2a: Kyurem\n|-boost|p2a: Kyurem|atk|1\n|-boost|p2a: Kyurem|spe|1\n|\n|upkeep\n|turn|9\n|\n|t:|1699979088\n|move|p2a: Kyurem|Icicle Spear|p1a: Salamence\n|-supereffective|p1a: Salamence\n|-damage|p1a: Salamence|0 fnt\n|faint|p1a: Salamence\n|-hitcount|p1: Salamence|1\n|\n|upkeep\n|\n|t:|1699979094\n|switch|p1a: Zacian|Zacian-Crowned|100\/100\n|-damage|p1a: Zacian|88\/100|[from] Spikes\n|-damage|p1a: Zacian|82\/100|[from] Stealth Rock\n|-ability|p1a: Zacian|Intrepid Sword|boost\n|-boost|p1a: Zacian|atk|1\n|turn|10\n|\n|t:|1699979103\n|move|p2a: Kyurem|Fusion Bolt|p1a: Zacian\n|-damage|p1a: Zacian|17\/100\n|move|p1a: Zacian|Behemoth Blade|p2a: Kyurem\n|-supereffective|p2a: Kyurem\n|-damage|p2a: Kyurem|0 fnt\n|faint|p2a: Kyurem\n|\n|upkeep\n|\n|t:|1699979112\n|switch|p2a: Zacian|Zacian-Crowned|100\/100\n|-ability|p2a: Zacian|Intrepid Sword|boost\n|-boost|p2a: Zacian|atk|1\n|turn|11\n|\n|t:|1699979119\n|move|p2a: Zacian|Swords Dance|p2a: Zacian\n|-boost|p2a: Zacian|atk|2\n|move|p1a: Zacian|Behemoth Blade|p2a: Zacian\n|-damage|p2a: Zacian|11\/100\n|\n|upkeep\n|turn|12\n|\n|t:|1699979126\n|move|p2a: Zacian|Behemoth Blade|p1a: Zacian\n|-damage|p1a: Zacian|0 fnt\n|faint|p1a: Zacian\n|\n|upkeep\n|\n|t:|1699979136\n|switch|p1a: Zamazenta|Zamazenta-Crowned|100\/100\n|-damage|p1a: Zamazenta|88\/100|[from] Spikes\n|-damage|p1a: Zamazenta|85\/100|[from] Stealth Rock\n|-ability|p1a: Zamazenta|Dauntless Shield|boost\n|-boost|p1a: Zamazenta|def|1\n|turn|13\n|\n|t:|1699979144\n|-terastallize|p2a: Zacian|Fighting\n|move|p2a: Zacian|Close Combat|p1a: Zamazenta\n|-supereffective|p1a: Zamazenta\n|-damage|p1a: Zamazenta|0 fnt\n|-unboost|p2a: Zacian|def|1\n|-unboost|p2a: Zacian|spd|1\n|faint|p1a: Zamazenta\n|\n|upkeep\n|\n|t:|1699979153\n|switch|p1a: Zygarde|Zygarde|100\/100\n|-damage|p1a: Zygarde|88\/100|[from] Spikes\n|-damage|p1a: Zygarde|82\/100|[from] Stealth Rock\n|turn|14\n|\n|t:|1699979159\n|-terastallize|p1a: Zygarde|Steel\n|move|p2a: Zacian|Behemoth Blade|p1a: Zygarde\n|-resisted|p1a: Zygarde\n|-damage|p1a: Zygarde|41\/100\n|move|p1a: Zygarde|Thousand Arrows|p2a: Zacian\n|-damage|p2a: Zacian|0 fnt\n|faint|p2a: Zacian\n|\n|-heal|p1a: Zygarde|47\/100|[from] item: Leftovers\n|-activate|p1a: Zygarde|ability: Power Construct\n|detailschange|p1a: Zygarde|Zygarde-Complete, tera:Steel\n|-heal|p1a: Zygarde|65\/100|[silent]\n|upkeep\n|\n|t:|1699979175\n|switch|p2a: Groudon|Groudon|100\/100\n|detailschange|p2a: Groudon|Groudon-Primal\n|-primal|p2a: Groudon|Red Orb\n|-weather|DesolateLand|[from] ability: Desolate Land|[of] p2a: Groudon\n|turn|15\n|\n|t:|1699979185\n|move|p2a: Groudon|Swords Dance|p2a: Groudon\n|-boost|p2a: Groudon|atk|2\n|move|p1a: Zygarde|Rest|p1a: Zygarde\n|-status|p1a: Zygarde|slp|[from] move: Rest\n|-heal|p1a: Zygarde|100\/100 slp|[silent]\n|\n|-weather|DesolateLand|[upkeep]\n|upkeep\n|turn|16\n|\n|t:|1699979193\n|move|p2a: Groudon|Precipice Blades|p1a: Zygarde\n|-supereffective|p1a: Zygarde\n|-damage|p1a: Zygarde|0 fnt\n|faint|p1a: Zygarde\n|\n|win|85792195wwww\n|raw|catomic756's rating: 1388 &rarr; <strong>1381<\/strong><br \/>(-7 for losing)\n|raw|85792195wwww's rating: 1648 &rarr; <strong>1655<\/strong><br \/>(+7 for winning)\n|l|\u2606catomic756\n","uploadtime":1699979200,"views":6,"p1id":"catomic756","p2id":"85792195wwww","formatid":"gen9nationaldexubers","rating":1381,"private":0,"password":""}