{"id":"gen9nationaldexubers-1987128764","p1":"Soyeon is a cutie","p2":"777Clearnu","format":"[Gen 9] National Dex Ubers","log":"|j|\u2606Soyeon is a cutie\n|j|\u2606777Clearnu\n|t:|1699558433\n|gametype|singles\n|player|p1|Soyeon is a cutie|idol|1845\n|player|p2|777Clearnu|skier|1787\n|teamsize|p1|6\n|teamsize|p2|6\n|gen|9\n|tier|[Gen 9] National Dex Ubers\n|rated|\n|rule|HP Percentage Mod: HP is shown in percentages\n|rule|Endless Battle Clause: Forcing endless battles is banned\n|rule|OHKO Clause: OHKO moves are banned\n|rule|Evasion Moves Clause: Evasion moves are banned\n|rule|Evasion Items Clause: Evasion items are banned\n|rule|Species Clause: Limit one of each Pok\u00e9mon\n|rule|Sleep Clause Mod: Limit one foe put to sleep\n|rule|Mega Rayquaza Clause: You cannot mega evolve Rayquaza\n|clearpoke\n|poke|p1|Arceus-Fairy|\n|poke|p1|Kingambit, F|\n|poke|p1|Ditto|\n|poke|p1|Urshifu-*, M|\n|poke|p1|Lunala|\n|poke|p1|Necrozma-Dusk-Mane|\n|poke|p2|Glimmora, M|\n|poke|p2|Ho-Oh|\n|poke|p2|Eternatus|\n|poke|p2|Arceus|\n|poke|p2|Groudon|\n|poke|p2|Yveltal|\n|teampreview\n|inactive|Battle timer is ON: inactive players will automatically lose when time's up. (requested by 777Clearnu)\n|inactive|Soyeon is a cutie also wants the timer to be on.\n|\n|t:|1699558453\n|start\n|switch|p1a: Necrozma|Necrozma-Dusk-Mane, shiny|100\/100\n|switch|p2a: Lemon Demon|Yveltal|100\/100\n|-ability|p2a: Lemon Demon|Dark Aura\n|turn|1\n|\n|t:|1699558461\n|switch|p1a: Arceus|Arceus-Fairy|100\/100\n|move|p2a: Lemon Demon|Dark Pulse|p1a: Arceus\n|-resisted|p1a: Arceus\n|-crit|p1a: Arceus\n|-damage|p1a: Arceus|74\/100\n|\n|upkeep\n|turn|2\n|j| Slowlier AF\n|\n|t:|1699558468\n|switch|p2a: savage spin out|Glimmora, M|100\/100\n|move|p1a: Arceus|Judgment|p2a: savage spin out\n|-resisted|p2a: savage spin out\n|-damage|p2a: savage spin out|68\/100\n|\n|upkeep\n|turn|3\n|\n|t:|1699558476\n|switch|p1a: Necrozma|Necrozma-Dusk-Mane, shiny|100\/100\n|move|p2a: savage spin out|Mortal Spin|p1a: Necrozma\n|-immune|p1a: Necrozma\n|\n|upkeep\n|turn|4\n|\n|t:|1699558479\n|switch|p2a: Lemon Demon|Yveltal|100\/100\n|-ability|p2a: Lemon Demon|Dark Aura\n|move|p1a: Necrozma|Stealth Rock|p2a: Lemon Demon\n|-sidestart|p2: 777Clearnu|move: Stealth Rock\n|\n|upkeep\n|turn|5\n|\n|t:|1699558485\n|switch|p1a: Arceus|Arceus-Fairy|74\/100\n|move|p2a: Lemon Demon|Dark Pulse|p1a: Arceus\n|-resisted|p1a: Arceus\n|-damage|p1a: Arceus|57\/100\n|\n|upkeep\n|turn|6\n|\n|t:|1699558492\n|switch|p2a: birdspam|Ho-Oh|100\/100\n|move|p1a: Arceus|Judgment|p2a: birdspam\n|-resisted|p2a: birdspam\n|-damage|p2a: birdspam|87\/100\n|\n|upkeep\n|turn|7\n|\n|t:|1699558494\n|move|p1a: Arceus|Taunt|p2a: birdspam\n|-start|p2a: birdspam|move: Taunt\n|move|p2a: birdspam|Sacred Fire|p1a: Arceus\n|-damage|p1a: Arceus|30\/100\n|-status|p1a: Arceus|brn\n|\n|-damage|p1a: Arceus|24\/100 brn|[from] brn\n|upkeep\n|turn|8\n|\n|t:|1699558521\n|switch|p2a: savage spin out|Glimmora, M|68\/100\n|-damage|p2a: savage spin out|56\/100|[from] Stealth Rock\n|move|p1a: Arceus|Recover|p1a: Arceus\n|-heal|p1a: Arceus|74\/100 brn\n|\n|-damage|p1a: Arceus|68\/100 brn|[from] brn\n|upkeep\n|turn|9\n|\n|t:|1699558546\n|switch|p1a: Necrozma|Necrozma-Dusk-Mane, shiny|100\/100\n|move|p2a: savage spin out|Power Gem|p1a: Necrozma\n|-resisted|p1a: Necrozma\n|-damage|p1a: Necrozma|78\/100\n|\n|upkeep\n|turn|10\n|\n|t:|1699558553\n|move|p2a: savage spin out|Stealth Rock|p1a: Necrozma\n|-sidestart|p1: Soyeon is a cutie|move: Stealth Rock\n|move|p1a: Necrozma|Earth Power|p2a: savage spin out\n|-supereffective|p2a: savage spin out\n|-damage|p2a: savage spin out|0 fnt\n|faint|p2a: savage spin out\n|\n|upkeep\n|\n|t:|1699558569\n|switch|p2a: birdspam|Ho-Oh|100\/100\n|turn|11\n|\n|t:|1699558575\n|switch|p1a: Arceus|Arceus-Fairy|68\/100 brn\n|-damage|p1a: Arceus|55\/100 brn|[from] Stealth Rock\n|move|p2a: birdspam|Whirlwind|p1a: Arceus\n|drag|p1a: Urshifu|Urshifu, M|100\/100\n|-damage|p1a: Urshifu|94\/100|[from] Stealth Rock\n|\n|upkeep\n|turn|12\n|\n|t:|1699558582\n|move|p1a: Urshifu|Wicked Blow|p2a: birdspam\n|-crit|p2a: birdspam\n|-damage|p2a: birdspam|50\/100\n|-damage|p1a: Urshifu|84\/100|[from] item: Life Orb\n|move|p2a: birdspam|Sacred Fire|p1a: Urshifu\n|-damage|p1a: Urshifu|40\/100\n|-status|p1a: Urshifu|brn\n|\n|-damage|p1a: Urshifu|34\/100 brn|[from] brn\n|upkeep\n|turn|13\n|\n|t:|1699558589\n|move|p1a: Urshifu|Wicked Blow|p2a: birdspam\n|-crit|p2a: birdspam\n|-damage|p2a: birdspam|27\/100\n|-damage|p1a: Urshifu|24\/100 brn|[from] item: Life Orb\n|move|p2a: birdspam|Recover|p2a: birdspam\n|-heal|p2a: birdspam|77\/100\n|\n|-damage|p1a: Urshifu|18\/100 brn|[from] brn\n|upkeep\n|turn|14\n|\n|t:|1699558597\n|move|p1a: Urshifu|Wicked Blow|p2a: birdspam\n|-crit|p2a: birdspam\n|-damage|p2a: birdspam|52\/100\n|-damage|p1a: Urshifu|8\/100 brn|[from] item: Life Orb\n|move|p2a: birdspam|Recover|p2a: birdspam\n|-heal|p2a: birdspam|100\/100\n|\n|-damage|p1a: Urshifu|2\/100 brn|[from] brn\n|upkeep\n|turn|15\n|\n|t:|1699558603\n|move|p1a: Urshifu|Wicked Blow|p2a: birdspam\n|-crit|p2a: birdspam\n|-damage|p2a: birdspam|74\/100\n|-damage|p1a: Urshifu|0 fnt|[from] item: Life Orb\n|faint|p1a: Urshifu\n|move|p2a: birdspam|Whirlwind|p1: Urshifu|[notarget]\n|-fail|p2a: birdspam\n|\n|upkeep\n|\n|t:|1699558607\n|switch|p1a: Arceus|Arceus-Fairy|55\/100 brn\n|-damage|p1a: Arceus|43\/100 brn|[from] Stealth Rock\n|turn|16\n|\n|t:|1699558610\n|move|p1a: Arceus|Toxic|p2a: birdspam\n|-status|p2a: birdspam|tox\n|move|p2a: birdspam|Sacred Fire|p1a: Arceus\n|-damage|p1a: Arceus|12\/100 brn\n|\n|-damage|p2a: birdspam|67\/100 tox|[from] psn\n|-damage|p1a: Arceus|6\/100 brn|[from] brn\n|upkeep\n|turn|17\n|\n|t:|1699558620\n|move|p1a: Arceus|Recover|p1a: Arceus\n|-heal|p1a: Arceus|56\/100 brn\n|move|p2a: birdspam|Defog|p1a: Arceus\n|-unboost|p1a: Arceus|evasion|1\n|-sideend|p1: Soyeon is a cutie|Stealth Rock|[from] move: Defog|[of] p2a: birdspam\n|-sideend|p2: 777Clearnu|Stealth Rock|[from] move: Defog|[of] p2a: birdspam\n|\n|-damage|p2a: birdspam|55\/100 tox|[from] psn\n|-damage|p1a: Arceus|50\/100 brn|[from] brn\n|upkeep\n|turn|18\n|\n|t:|1699558627\n|switch|p2a: cosmic power|Eternatus|100\/100\n|-ability|p2a: cosmic power|Pressure\n|move|p1a: Arceus|Taunt|p2a: cosmic power\n|-start|p2a: cosmic power|move: Taunt\n|\n|-damage|p1a: Arceus|44\/100 brn|[from] brn\n|upkeep\n|turn|19\n|\n|t:|1699558646\n|switch|p1a: Necrozma|Necrozma-Dusk-Mane, shiny|78\/100\n|switch|p2a: Lemon Demon|Yveltal|100\/100\n|-ability|p2a: Lemon Demon|Dark Aura\n|\n|upkeep\n|turn|20\n|\n|t:|1699558656\n|switch|p1a: Arceus|Arceus-Fairy|44\/100 brn\n|move|p2a: Lemon Demon|Dark Pulse|p1a: Arceus\n|-resisted|p1a: Arceus\n|-damage|p1a: Arceus|25\/100 brn\n|\n|-damage|p1a: Arceus|19\/100 brn|[from] brn\n|upkeep\n|turn|21\n|\n|t:|1699558661\n|switch|p2a: birdspam|Ho-Oh|89\/100 tox\n|move|p1a: Arceus|Recover|p1a: Arceus\n|-heal|p1a: Arceus|69\/100 brn\n|\n|-damage|p2a: birdspam|83\/100 tox|[from] psn\n|-damage|p1a: Arceus|63\/100 brn|[from] brn\n|upkeep\n|turn|22\n|\n|t:|1699558664\n|move|p1a: Arceus|Taunt|p2a: birdspam\n|-start|p2a: birdspam|move: Taunt\n|move|p2a: birdspam|Sacred Fire|p1a: Arceus\n|-damage|p1a: Arceus|35\/100 brn\n|\n|-damage|p2a: birdspam|71\/100 tox|[from] psn\n|-damage|p1a: Arceus|29\/100 brn|[from] brn\n|upkeep\n|turn|23\n|\n|t:|1699558667\n|switch|p2a: BKC|Arceus|100\/100\n|move|p1a: Arceus|Recover|p1a: Arceus\n|-heal|p1a: Arceus|79\/100 brn\n|\n|-damage|p1a: Arceus|73\/100 brn|[from] brn\n|upkeep\n|turn|24\n|\n|t:|1699558671\n|switch|p2a: birdspam|Ho-Oh|100\/100 tox\n|move|p1a: Arceus|Toxic|p2a: birdspam\n|-fail|p2a: birdspam|tox\n|\n|-damage|p2a: birdspam|94\/100 tox|[from] psn\n|-damage|p1a: Arceus|66\/100 brn|[from] brn\n|upkeep\n|turn|25\n|\n|t:|1699558674\n|move|p1a: Arceus|Taunt|p2a: birdspam\n|-start|p2a: birdspam|move: Taunt\n|move|p2a: birdspam|Sacred Fire|p1a: Arceus\n|-damage|p1a: Arceus|37\/100 brn\n|\n|-damage|p2a: birdspam|82\/100 tox|[from] psn\n|-damage|p1a: Arceus|31\/100 brn|[from] brn\n|upkeep\n|turn|26\n|\n|t:|1699558676\n|switch|p2a: cosmic power|Eternatus|100\/100\n|-ability|p2a: cosmic power|Pressure\n|move|p1a: Arceus|Recover|p1a: Arceus\n|-heal|p1a: Arceus|81\/100 brn\n|\n|-damage|p1a: Arceus|75\/100 brn|[from] brn\n|upkeep\n|turn|27\n|\n|t:|1699558689\n|switch|p1a: Necrozma|Necrozma-Dusk-Mane, shiny|78\/100\n|switch|p2a: birdspam|Ho-Oh|100\/100 tox\n|\n|-damage|p2a: birdspam|94\/100 tox|[from] psn\n|upkeep\n|turn|28\n|\n|t:|1699558697\n|move|p1a: Necrozma|Stealth Rock|p2a: birdspam\n|-sidestart|p2: 777Clearnu|move: Stealth Rock\n|move|p2a: birdspam|Whirlwind|p1a: Necrozma\n|drag|p1a: Lunala|Lunala, shiny|100\/100\n|\n|-damage|p2a: birdspam|82\/100 tox|[from] psn\n|upkeep\n|turn|29\n|\n|t:|1699558704\n|move|p1a: Lunala|Calm Mind|p1a: Lunala\n|-boost|p1a: Lunala|spa|1\n|-boost|p1a: Lunala|spd|1\n|move|p2a: birdspam|Sacred Fire|p1a: Lunala\n|-damage|p1a: Lunala|80\/100\n|\n|-damage|p2a: birdspam|64\/100 tox|[from] psn\n|upkeep\n|turn|30\n|\n|t:|1699558706\n|move|p1a: Lunala|Psyshock|p2a: birdspam\n|-damage|p2a: birdspam|19\/100 tox\n|move|p2a: birdspam|Defog|p1a: Lunala\n|-unboost|p1a: Lunala|evasion|1\n|-sideend|p2: 777Clearnu|Stealth Rock|[from] move: Defog|[of] p2a: birdspam\n|\n|-damage|p2a: birdspam|0 fnt|[from] psn\n|faint|p2a: birdspam\n|upkeep\n|\n|t:|1699558719\n|switch|p2a: dance^2|Groudon|100\/100\n|detailschange|p2a: dance^2|Groudon-Primal\n|-primal|p2a: dance^2|Red Orb\n|-weather|DesolateLand|[from] ability: Desolate Land|[of] p2a: dance^2\n|turn|31\n|\n|t:|1699558729\n|move|p1a: Lunala|Moongeist Beam|p2a: dance^2\n|-damage|p2a: dance^2|7\/100\n|move|p2a: dance^2|Precipice Blades|p1a: Lunala\n|-damage|p1a: Lunala|20\/100\n|\n|-weather|DesolateLand|[upkeep]\n|upkeep\n|turn|32\n|\n|t:|1699558741\n|-weather|none\n|switch|p2a: Lemon Demon|Yveltal|100\/100\n|-ability|p2a: Lemon Demon|Dark Aura\n|move|p1a: Lunala|Moonblast|p2a: Lemon Demon\n|-supereffective|p2a: Lemon Demon\n|-damage|p2a: Lemon Demon|0 fnt\n|faint|p2a: Lemon Demon\n|\n|upkeep\n|\n|t:|1699558747\n|switch|p2a: BKC|Arceus|100\/100\n|turn|33\n|\n|t:|1699558752\n|move|p1a: Lunala|Psyshock|p2a: BKC\n|-damage|p2a: BKC|52\/100\n|move|p2a: BKC|Earthquake|p1a: Lunala\n|-damage|p1a: Lunala|0 fnt\n|faint|p1a: Lunala\n|-damage|p2a: BKC|42\/100|[from] item: Life Orb\n|\n|upkeep\n|\n|t:|1699558760\n|switch|p1a: Kingambit|Kingambit, F|100\/100\n|-activate|p1a: Kingambit|ability: Supreme Overlord\n|-start|p1a: Kingambit|fallen2|[silent]\n|turn|34\n|\n|t:|1699558764\n|move|p2a: BKC|Earthquake|p1a: Kingambit\n|-supereffective|p1a: Kingambit\n|-damage|p1a: Kingambit|33\/100\n|-damage|p2a: BKC|32\/100|[from] item: Life Orb\n|move|p1a: Kingambit|Knock Off|p2a: BKC\n|-damage|p2a: BKC|0 fnt\n|-enditem|p2a: BKC|Life Orb|[from] move: Knock Off|[of] p1a: Kingambit\n|faint|p2a: BKC\n|\n|upkeep\n|\n|t:|1699558773\n|switch|p2a: cosmic power|Eternatus|100\/100\n|-ability|p2a: cosmic power|Pressure\n|turn|35\n|\n|t:|1699558786\n|-terastallize|p2a: cosmic power|Ground\n|move|p1a: Kingambit|Sucker Punch|p2a: cosmic power\n|-damage|p2a: cosmic power|54\/100\n|move|p2a: cosmic power|Tera Blast|p1a: Kingambit|[anim] Tera Blast Ground\n|-supereffective|p1a: Kingambit\n|-damage|p1a: Kingambit|0 fnt\n|faint|p1a: Kingambit\n|-end|p1a: Kingambit|fallen2|[silent]\n|\n|upkeep\n|\n|t:|1699558798\n|switch|p1a: Necrozma|Necrozma-Dusk-Mane, shiny|78\/100\n|turn|36\n|\n|t:|1699558805\n|detailschange|p1a: Necrozma|Necrozma-Ultra, shiny\n|-burst|p1a: Necrozma|Necrozma|Ultranecrozium Z\n|move|p1a: Necrozma|Photon Geyser|p2a: cosmic power\n|-damage|p2a: cosmic power|4\/100\n|move|p2a: cosmic power|Agility|p2a: cosmic power\n|-boost|p2a: cosmic power|spe|2\n|\n|upkeep\n|turn|37\n|\n|t:|1699558814\n|move|p2a: cosmic power|Meteor Beam||[still]\n|-prepare|p2a: cosmic power|Meteor Beam\n|-boost|p2a: cosmic power|spa|1\n|-enditem|p2a: cosmic power|Power Herb\n|-anim|p2a: cosmic power|Meteor Beam|p1a: Necrozma\n|-damage|p1a: Necrozma|0 fnt\n|faint|p1a: Necrozma\n|\n|upkeep\n|\n|t:|1699558816\n|switch|p1a: Ditto|Ditto, shiny|100\/100\n|-transform|p1a: Ditto|p2a: cosmic power|[from] ability: Imposter\n|-ability|p1a: Ditto|Pressure\n|-start|p1a: Ditto|typechange|Poison\/Dragon|[silent]\n|turn|38\n|\n|t:|1699558820\n|move|p1a: Ditto|Tera Blast|p2a: cosmic power\n|-damage|p2a: cosmic power|0 fnt\n|faint|p2a: cosmic power\n|\n|upkeep\n|-message|777Clearnu forfeited.\n|\n|win|Soyeon is a cutie\n|raw|Soyeon is a cutie's rating: 1845 &rarr; <strong>1862<\/strong><br \/>(+17 for winning)\n|raw|777Clearnu's rating: 1787 &rarr; <strong>1770<\/strong><br \/>(-17 for losing)\n|l|\u2606777Clearnu\n","uploadtime":1699558831,"views":11,"p1id":"soyeonisacutie","p2id":"777clearnu","formatid":"gen9nationaldexubers","rating":1770,"private":0,"password":""}