{"id":"gen9nationaldexubers-1993541297","p1":"PIXIE-MODE\u2665\ufe0f","p2":"Azzzulli","format":"[Gen 9] National Dex Ubers","log":"|j|\u2606PIXIE-MODE\u2665\ufe0f\n|j|\u2606Azzzulli\n|t:|1700329740\n|gametype|singles\n|player|p1|PIXIE-MODE\u2665\ufe0f|valerie|1147\n|player|p2|Azzzulli|fisherman-gen4|1192\n|teamsize|p1|6\n|teamsize|p2|6\n|gen|9\n|tier|[Gen 9] National Dex Ubers\n|rated|\n|rule|HP Percentage Mod: HP is shown in percentages\n|rule|Endless Battle Clause: Forcing endless battles is banned\n|rule|OHKO Clause: OHKO moves are banned\n|rule|Evasion Moves Clause: Evasion moves are banned\n|rule|Evasion Items Clause: Evasion items are banned\n|rule|Species Clause: Limit one of each Pok\u00e9mon\n|rule|Sleep Clause Mod: Limit one foe put to sleep\n|rule|Mega Rayquaza Clause: You cannot mega evolve Rayquaza\n|clearpoke\n|poke|p1|Tapu Fini|\n|poke|p1|Sylveon, F|\n|poke|p1|Gardevoir, F|\n|poke|p1|Zacian-*|\n|poke|p1|Xerneas-*|\n|poke|p1|Diancie|\n|poke|p2|Rillaboom, M|\n|poke|p2|Obstagoon, M|\n|poke|p2|Toxtricity, M|\n|poke|p2|Excadrill, M|\n|poke|p2|Aegislash, M|\n|poke|p2|Kommo-o, M|\n|teampreview\n|\n|t:|1700329746\n|start\n|switch|p1a: \ud83e\udddc\u200d\u2640\ufe0fTAPU FINI\ud83d\udc97\ud83d\udc8b|Tapu Fini, shiny|100\/100\n|switch|p2a: Drew|Excadrill, M|100\/100\n|-fieldstart|move: Misty Terrain|[from] ability: Misty Surge|[of] p1a: \ud83e\udddc\u200d\u2640\ufe0fTAPU FINI\ud83d\udc97\ud83d\udc8b\n|turn|1\n|\n|t:|1700329757\n|move|p1a: \ud83e\udddc\u200d\u2640\ufe0fTAPU FINI\ud83d\udc97\ud83d\udc8b|Surf|p2a: Drew\n|-supereffective|p2a: Drew\n|-damage|p2a: Drew|16\/100\n|move|p2a: Drew|Rapid Spin|p1a: \ud83e\udddc\u200d\u2640\ufe0fTAPU FINI\ud83d\udc97\ud83d\udc8b\n|-damage|p1a: \ud83e\udddc\u200d\u2640\ufe0fTAPU FINI\ud83d\udc97\ud83d\udc8b|79\/100\n|-boost|p2a: Drew|spe|1\n|\n|upkeep\n|turn|2\n|\n|t:|1700329765\n|move|p2a: Drew|Iron Head|p1a: \ud83e\udddc\u200d\u2640\ufe0fTAPU FINI\ud83d\udc97\ud83d\udc8b\n|-damage|p1a: \ud83e\udddc\u200d\u2640\ufe0fTAPU FINI\ud83d\udc97\ud83d\udc8b|31\/100\n|move|p1a: \ud83e\udddc\u200d\u2640\ufe0fTAPU FINI\ud83d\udc97\ud83d\udc8b|Reflect|p1a: \ud83e\udddc\u200d\u2640\ufe0fTAPU FINI\ud83d\udc97\ud83d\udc8b\n|-sidestart|p1: PIXIE-MODE\u2665\ufe0f|Reflect\n|\n|upkeep\n|turn|3\n|\n|t:|1700329781\n|move|p2a: Drew|Iron Head|p1a: \ud83e\udddc\u200d\u2640\ufe0fTAPU FINI\ud83d\udc97\ud83d\udc8b\n|-damage|p1a: \ud83e\udddc\u200d\u2640\ufe0fTAPU FINI\ud83d\udc97\ud83d\udc8b|5\/100\n|move|p1a: \ud83e\udddc\u200d\u2640\ufe0fTAPU FINI\ud83d\udc97\ud83d\udc8b|Surf|p2a: Drew\n|-supereffective|p2a: Drew\n|-damage|p2a: Drew|0 fnt\n|faint|p2a: Drew\n|\n|upkeep\n|\n|t:|1700329790\n|switch|p2a: Baterilla|Rillaboom, M, shiny|100\/100\n|-fieldstart|move: Grassy Terrain|[from] ability: Grassy Surge|[of] p2a: Baterilla\n|-enditem|p2a: Baterilla|Grassy Seed\n|-boost|p2a: Baterilla|def|1|[from] item: Grassy Seed\n|turn|4\n|\n|t:|1700329834\n|switch|p1a: \ud83d\udc96SYVLEON\ud83d\udc97\ud83d\udc8b|Sylveon, F, shiny|100\/100\n|move|p2a: Baterilla|Swords Dance|p2a: Baterilla\n|-boost|p2a: Baterilla|atk|2\n|\n|upkeep\n|turn|5\n|\n|t:|1700329849\n|switch|p1a: \ud83e\udddc\u200d\u2640\ufe0fTAPU FINI\ud83d\udc97\ud83d\udc8b|Tapu Fini, shiny|5\/100\n|-fieldstart|move: Misty Terrain|[from] ability: Misty Surge|[of] p1a: \ud83e\udddc\u200d\u2640\ufe0fTAPU FINI\ud83d\udc97\ud83d\udc8b\n|move|p2a: Baterilla|Brick Break|p1a: \ud83e\udddc\u200d\u2640\ufe0fTAPU FINI\ud83d\udc97\ud83d\udc8b\n|-sideend|p1: PIXIE-MODE\u2665\ufe0f|Reflect\n|-resisted|p1a: \ud83e\udddc\u200d\u2640\ufe0fTAPU FINI\ud83d\udc97\ud83d\udc8b\n|-damage|p1a: \ud83e\udddc\u200d\u2640\ufe0fTAPU FINI\ud83d\udc97\ud83d\udc8b|0 fnt\n|faint|p1a: \ud83e\udddc\u200d\u2640\ufe0fTAPU FINI\ud83d\udc97\ud83d\udc8b\n|\n|upkeep\n|\n|t:|1700329862\n|switch|p1a: \ud83d\udc96SYVLEON\ud83d\udc97\ud83d\udc8b|Sylveon, F, shiny|100\/100\n|turn|6\n|\n|t:|1700329865\n|move|p2a: Baterilla|Acrobatics|p1a: \ud83d\udc96SYVLEON\ud83d\udc97\ud83d\udc8b\n|-damage|p1a: \ud83d\udc96SYVLEON\ud83d\udc97\ud83d\udc8b|0 fnt\n|faint|p1a: \ud83d\udc96SYVLEON\ud83d\udc97\ud83d\udc8b\n|\n|upkeep\n|\n|t:|1700329871\n|switch|p1a: \ud83c\udf19\ud83d\udc97SAILOR-MOON\ud83d\udc8b|Diancie, shiny|100\/100\n|turn|7\n|\n|t:|1700329875\n|detailschange|p1a: \ud83c\udf19\ud83d\udc97SAILOR-MOON\ud83d\udc8b|Diancie-Mega, shiny\n|-mega|p1a: \ud83c\udf19\ud83d\udc97SAILOR-MOON\ud83d\udc8b|Diancie|Diancite\n|move|p1a: \ud83c\udf19\ud83d\udc97SAILOR-MOON\ud83d\udc8b|Misty Explosion|p2a: Baterilla\n|-damage|p2a: Baterilla|0 fnt\n|faint|p1a: \ud83c\udf19\ud83d\udc97SAILOR-MOON\ud83d\udc8b\n|faint|p2a: Baterilla\n|\n|upkeep\n|\n|t:|1700329897\n|switch|p1a: \ud83d\udc96\ud83d\udc97XERNEAS\ud83d\udc97\ud83d\udc96\ud83d\udc8b|Xerneas, shiny|100\/100\n|switch|p2a: Tox|Toxtricity, M, shiny|100\/100\n|-ability|p1a: \ud83d\udc96\ud83d\udc97XERNEAS\ud83d\udc97\ud83d\udc96\ud83d\udc8b|Fairy Aura\n|turn|8\n|\n|t:|1700329912\n|move|p1a: \ud83d\udc96\ud83d\udc97XERNEAS\ud83d\udc97\ud83d\udc96\ud83d\udc8b|Geomancy||[still]\n|-prepare|p1a: \ud83d\udc96\ud83d\udc97XERNEAS\ud83d\udc97\ud83d\udc96\ud83d\udc8b|Geomancy\n|-enditem|p1a: \ud83d\udc96\ud83d\udc97XERNEAS\ud83d\udc97\ud83d\udc96\ud83d\udc8b|Power Herb\n|-anim|p1a: \ud83d\udc96\ud83d\udc97XERNEAS\ud83d\udc97\ud83d\udc96\ud83d\udc8b|Geomancy|p1a: \ud83d\udc96\ud83d\udc97XERNEAS\ud83d\udc97\ud83d\udc96\ud83d\udc8b\n|-boost|p1a: \ud83d\udc96\ud83d\udc97XERNEAS\ud83d\udc97\ud83d\udc96\ud83d\udc8b|spa|2\n|-boost|p1a: \ud83d\udc96\ud83d\udc97XERNEAS\ud83d\udc97\ud83d\udc96\ud83d\udc8b|spd|2\n|-boost|p1a: \ud83d\udc96\ud83d\udc97XERNEAS\ud83d\udc97\ud83d\udc96\ud83d\udc8b|spe|2\n|move|p2a: Tox|Overdrive|p1a: \ud83d\udc96\ud83d\udc97XERNEAS\ud83d\udc97\ud83d\udc96\ud83d\udc8b\n|-damage|p1a: \ud83d\udc96\ud83d\udc97XERNEAS\ud83d\udc97\ud83d\udc96\ud83d\udc8b|78\/100\n|-enditem|p2a: Tox|Throat Spray\n|-boost|p2a: Tox|spa|1|[from] item: Throat Spray\n|\n|upkeep\n|turn|9\n|\n|t:|1700329935\n|-terastallize|p1a: \ud83d\udc96\ud83d\udc97XERNEAS\ud83d\udc97\ud83d\udc96\ud83d\udc8b|Fairy\n|move|p1a: \ud83d\udc96\ud83d\udc97XERNEAS\ud83d\udc97\ud83d\udc96\ud83d\udc8b|Moonblast|p2a: Tox\n|-resisted|p2a: Tox\n|-damage|p2a: Tox|0 fnt\n|faint|p2a: Tox\n|\n|upkeep\n|\n|t:|1700329949\n|switch|p2a: Arthur|Aegislash, M|100\/100\n|turn|10\n|\n|t:|1700329954\n|move|p1a: \ud83d\udc96\ud83d\udc97XERNEAS\ud83d\udc97\ud83d\udc96\ud83d\udc8b|Moonblast|p2a: Arthur\n|-resisted|p2a: Arthur\n|-damage|p2a: Arthur|9\/100\n|move|p2a: Arthur|Swords Dance|p2a: Arthur\n|-boost|p2a: Arthur|atk|2\n|\n|upkeep\n|turn|11\n|\n|t:|1700329961\n|-formechange|p2a: Arthur|Aegislash-Blade||[from] ability: Stance Change\n|move|p2a: Arthur|Shadow Sneak|p1a: \ud83d\udc96\ud83d\udc97XERNEAS\ud83d\udc97\ud83d\udc96\ud83d\udc8b\n|-damage|p1a: \ud83d\udc96\ud83d\udc97XERNEAS\ud83d\udc97\ud83d\udc96\ud83d\udc8b|36\/100\n|move|p1a: \ud83d\udc96\ud83d\udc97XERNEAS\ud83d\udc97\ud83d\udc96\ud83d\udc8b|Draining Kiss|p2a: Arthur\n|-resisted|p2a: Arthur\n|-damage|p2a: Arthur|0 fnt\n|-heal|p1a: \ud83d\udc96\ud83d\udc97XERNEAS\ud83d\udc97\ud83d\udc96\ud83d\udc8b|40\/100|[from] drain|[of] p2a: Arthur\n|faint|p2a: Arthur\n|\n|upkeep\n|\n|t:|1700329972\n|switch|p2a: Clango'oul|Kommo-o, M|100\/100\n|turn|12\n|\n|t:|1700329979\n|-terastallize|p2a: Clango'oul|Normal\n|move|p1a: \ud83d\udc96\ud83d\udc97XERNEAS\ud83d\udc97\ud83d\udc96\ud83d\udc8b|Draining Kiss|p2a: Clango'oul\n|-damage|p2a: Clango'oul|0 fnt\n|-heal|p1a: \ud83d\udc96\ud83d\udc97XERNEAS\ud83d\udc97\ud83d\udc96\ud83d\udc8b|95\/100|[from] drain|[of] p2a: Clango'oul\n|faint|p2a: Clango'oul\n|\n|-fieldend|Misty Terrain\n|upkeep\n|\n|t:|1700329984\n|switch|p2a: Pedro|Obstagoon, M, shiny|100\/100\n|turn|13\n|\n|t:|1700329990\n|move|p1a: \ud83d\udc96\ud83d\udc97XERNEAS\ud83d\udc97\ud83d\udc96\ud83d\udc8b|Misty Terrain|p1a: \ud83d\udc96\ud83d\udc97XERNEAS\ud83d\udc97\ud83d\udc96\ud83d\udc8b\n|-fieldstart|move: Misty Terrain\n|move|p2a: Pedro|Facade|p1a: \ud83d\udc96\ud83d\udc97XERNEAS\ud83d\udc97\ud83d\udc96\ud83d\udc8b\n|-damage|p1a: \ud83d\udc96\ud83d\udc97XERNEAS\ud83d\udc97\ud83d\udc96\ud83d\udc8b|65\/100\n|\n|upkeep\n|turn|14\n|\n|t:|1700329998\n|move|p1a: \ud83d\udc96\ud83d\udc97XERNEAS\ud83d\udc97\ud83d\udc96\ud83d\udc8b|Moonblast|p2a: Pedro\n|-supereffective|p2a: Pedro\n|-damage|p2a: Pedro|0 fnt\n|faint|p2a: Pedro\n|\n|win|PIXIE-MODE\u2665\ufe0f\n|raw|PIXIE-MODE\u2665\ufe0f's rating: 1147 &rarr; <strong>1175<\/strong><br \/>(+28 for winning)\n|raw|Azzzulli's rating: 1192 &rarr; <strong>1164<\/strong><br \/>(-28 for losing)\n|l|\u2606Azzzulli\n","uploadtime":1700330052,"views":6,"p1id":"pixiemode","p2id":"azzzulli","formatid":"gen9nationaldexubers","rating":1164,"private":0,"password":""}