{"id":"gen9nationaldexubers-1991185852","p1":"Juliomv02","p2":"Kjfo","format":"[Gen 9] National Dex Ubers","log":"|j|\u2606Juliomv02\n|j|\u2606Kjfo\n|t:|1700054857\n|gametype|singles\n|player|p1|Juliomv02|cyrus|1130\n|player|p2|Kjfo|gambler|1226\n|teamsize|p1|6\n|teamsize|p2|6\n|gen|9\n|tier|[Gen 9] National Dex Ubers\n|rated|\n|rule|HP Percentage Mod: HP is shown in percentages\n|rule|Endless Battle Clause: Forcing endless battles is banned\n|rule|OHKO Clause: OHKO moves are banned\n|rule|Evasion Moves Clause: Evasion moves are banned\n|rule|Evasion Items Clause: Evasion items are banned\n|rule|Species Clause: Limit one of each Pok\u00e9mon\n|rule|Sleep Clause Mod: Limit one foe put to sleep\n|rule|Mega Rayquaza Clause: You cannot mega evolve Rayquaza\n|clearpoke\n|poke|p1|Blaziken, M|\n|poke|p1|Gliscor, M|\n|poke|p1|Magnezone|\n|poke|p1|Espathra, F|\n|poke|p1|Ninetales-Alola, F|\n|poke|p1|Alomomola, F|\n|poke|p2|Lopunny, M|\n|poke|p2|Rotom-Wash|\n|poke|p2|Glimmora, M|\n|poke|p2|Kyurem|\n|poke|p2|Skeledirge, M|\n|poke|p2|Gholdengo|\n|teampreview\n|inactive|Battle timer is ON: inactive players will automatically lose when time's up. (requested by Kjfo)\n|\n|t:|1700054862\n|start\n|switch|p1a: Ninetales|Ninetales-Alola, F|100\/100\n|switch|p2a: Lopunny|Lopunny, M|100\/100\n|-weather|Snow|[from] ability: Snow Warning|[of] p1a: Ninetales\n|turn|1\n|\n|t:|1700054867\n|detailschange|p2a: Lopunny|Lopunny-Mega, M\n|-mega|p2a: Lopunny|Lopunny|Lopunnite\n|move|p2a: Lopunny|Fake Out|p1a: Ninetales\n|-damage|p1a: Ninetales|82\/100\n|cant|p1a: Ninetales|flinch\n|\n|-weather|Snow|[upkeep]\n|upkeep\n|turn|2\n|\n|t:|1700054886\n|move|p2a: Lopunny|U-turn|p1a: Ninetales\n|-resisted|p1a: Ninetales\n|-damage|p1a: Ninetales|71\/100\n|\n|t:|1700054890\n|switch|p2a: Glimmora|Glimmora, M|100\/100|[from] U-turn\n|move|p1a: Ninetales|Aurora Veil|p1a: Ninetales\n|-sidestart|p1: Juliomv02|move: Aurora Veil\n|\n|-weather|Snow|[upkeep]\n|upkeep\n|turn|3\n|\n|t:|1700054897\n|switch|p1a: Magnezone|Magnezone, shiny|100\/100\n|move|p2a: Glimmora|Stealth Rock|p1a: Magnezone\n|-sidestart|p1: Juliomv02|move: Stealth Rock\n|\n|-weather|Snow|[upkeep]\n|upkeep\n|turn|4\n|\n|t:|1700054907\n|move|p1a: Magnezone|Flash Cannon|p2a: Glimmora\n|-supereffective|p2a: Glimmora\n|-enditem|p2a: Glimmora|Focus Sash\n|-damage|p2a: Glimmora|1\/100\n|move|p2a: Glimmora|Earth Power|p1a: Magnezone\n|-supereffective|p1a: Magnezone\n|-damage|p1a: Magnezone|13\/100\n|-unboost|p1a: Magnezone|spd|1\n|\n|-weather|Snow|[upkeep]\n|upkeep\n|turn|5\n|\n|t:|1700054924\n|switch|p2a: Gholdengo|Gholdengo|100\/100\n|move|p1a: Magnezone|Flash Cannon|p2a: Gholdengo\n|-resisted|p2a: Gholdengo\n|-damage|p2a: Gholdengo|75\/100\n|\n|-weather|none\n|upkeep\n|turn|6\n|\n|t:|1700054937\n|switch|p1a: Gliscor|Gliscor, M, shiny|100\/100\n|-damage|p1a: Gliscor|88\/100|[from] Stealth Rock\n|move|p2a: Gholdengo|Shadow Ball|p1a: Gliscor\n|-damage|p1a: Gliscor|68\/100\n|\n|-status|p1a: Gliscor|tox|[from] item: Toxic Orb\n|upkeep\n|turn|7\n|\n|t:|1700054946\n|switch|p2a: Kyurem|Kyurem|100\/100\n|-ability|p2a: Kyurem|Pressure\n|move|p1a: Gliscor|Knock Off|p2a: Kyurem\n|-crit|p2a: Kyurem\n|-damage|p2a: Kyurem|70\/100\n|-enditem|p2a: Kyurem|Never-Melt Ice|[from] move: Knock Off|[of] p1a: Gliscor\n|\n|-heal|p1a: Gliscor|80\/100 tox|[from] ability: Poison Heal\n|upkeep\n|turn|8\n|\n|t:|1700054955\n|switch|p1a: Alomomola|Alomomola, F|100\/100\n|-damage|p1a: Alomomola|88\/100|[from] Stealth Rock\n|move|p2a: Kyurem|Ice Beam|p1a: Alomomola\n|-resisted|p1a: Alomomola\n|-damage|p1a: Alomomola|73\/100\n|\n|-heal|p1a: Alomomola|79\/100|[from] item: Leftovers\n|upkeep\n|turn|9\n|\n|t:|1700054971\n|switch|p2a: Gholdengo|Gholdengo|75\/100\n|move|p1a: Alomomola|Wish|p1a: Alomomola\n|\n|-heal|p1a: Alomomola|85\/100|[from] item: Leftovers\n|-sideend|p1: Juliomv02|move: Aurora Veil\n|upkeep\n|turn|10\n|\n|t:|1700054980\n|move|p2a: Gholdengo|Focus Blast|p1a: Alomomola\n|-damage|p1a: Alomomola|30\/100\n|move|p1a: Alomomola|Flip Turn|p2a: Gholdengo\n|-damage|p2a: Gholdengo|55\/100\n|\n|t:|1700054982\n|switch|p1a: Ninetales|Ninetales-Alola, F|71\/100|[from] Flip Turn\n|-damage|p1a: Ninetales|46\/100|[from] Stealth Rock\n|-weather|Snow|[from] ability: Snow Warning|[of] p1a: Ninetales\n|\n|-weather|Snow|[upkeep]\n|-heal|p1a: Ninetales|100\/100|[from] move: Wish|[wisher] Alomomola\n|upkeep\n|turn|11\n|\n|t:|1700054992\n|move|p2a: Gholdengo|Focus Blast|p1a: Ninetales\n|-damage|p1a: Ninetales|70\/100\n|move|p1a: Ninetales|Aurora Veil|p1a: Ninetales\n|-sidestart|p1: Juliomv02|move: Aurora Veil\n|\n|-weather|Snow|[upkeep]\n|upkeep\n|turn|12\n|\n|t:|1700055008\n|switch|p2a: Lopunny|Lopunny-Mega, M|100\/100\n|switch|p1a: Gliscor|Gliscor, M, shiny|80\/100 tox\n|-damage|p1a: Gliscor|68\/100 tox|[from] Stealth Rock\n|\n|-weather|Snow|[upkeep]\n|-heal|p1a: Gliscor|80\/100 tox|[from] ability: Poison Heal\n|upkeep\n|turn|13\n|\n|t:|1700055012\n|switch|p1a: Alomomola|Alomomola, F|64\/100\n|-damage|p1a: Alomomola|51\/100|[from] Stealth Rock\n|move|p2a: Lopunny|Fake Out|p1a: Alomomola\n|-damage|p1a: Alomomola|46\/100\n|\n|-weather|Snow|[upkeep]\n|-heal|p1a: Alomomola|52\/100|[from] item: Leftovers\n|upkeep\n|turn|14\n|\n|t:|1700055022\n|move|p2a: Lopunny|U-turn|p1a: Alomomola\n|-damage|p1a: Alomomola|45\/100\n|\n|t:|1700055025\n|switch|p2a: Rotom|Rotom-Wash|100\/100|[from] U-turn\n|move|p1a: Alomomola|Wish|p1a: Alomomola\n|\n|-weather|none\n|-heal|p1a: Alomomola|51\/100|[from] item: Leftovers\n|upkeep\n|turn|15\n|\n|t:|1700055033\n|-zpower|p2a: Rotom\n|move|p2a: Rotom|Hydro Vortex|p1a: Alomomola|[zeffect]\n|-resisted|p1a: Alomomola\n|-damage|p1a: Alomomola|33\/100\n|move|p1a: Alomomola|Flip Turn|p2a: Rotom\n|-resisted|p2a: Rotom\n|-damage|p2a: Rotom|94\/100\n|\n|t:|1700055036\n|switch|p1a: Magnezone|Magnezone, shiny|13\/100|[from] Flip Turn\n|-damage|p1a: Magnezone|7\/100|[from] Stealth Rock\n|\n|-heal|p1a: Magnezone|100\/100|[from] move: Wish|[wisher] Alomomola\n|upkeep\n|turn|16\n|\n|t:|1700055040\n|move|p1a: Magnezone|Thunderbolt|p2a: Rotom\n|-damage|p2a: Rotom|42\/100\n|move|p2a: Rotom|Volt Switch|p1a: Magnezone\n|-resisted|p1a: Magnezone\n|-damage|p1a: Magnezone|92\/100\n|\n|t:|1700055048\n|switch|p2a: Skeledirge|Skeledirge, M|100\/100|[from] Volt Switch\n|\n|upkeep\n|turn|17\n|\n|t:|1700055052\n|move|p1a: Magnezone|Thunderbolt|p2a: Skeledirge\n|-damage|p2a: Skeledirge|52\/100\n|move|p2a: Skeledirge|Torch Song|p1a: Magnezone\n|-supereffective|p1a: Magnezone\n|-damage|p1a: Magnezone|55\/100\n|-boost|p2a: Skeledirge|spa|1\n|\n|upkeep\n|turn|18\n|\n|t:|1700055061\n|switch|p1a: Alomomola|Alomomola, F|66\/100\n|-damage|p1a: Alomomola|53\/100|[from] Stealth Rock\n|move|p2a: Skeledirge|Torch Song|p1a: Alomomola\n|-resisted|p1a: Alomomola\n|-damage|p1a: Alomomola|41\/100\n|-boost|p2a: Skeledirge|spa|1\n|\n|-heal|p1a: Alomomola|47\/100|[from] item: Leftovers\n|-sideend|p1: Juliomv02|move: Aurora Veil\n|upkeep\n|turn|19\n|\n|t:|1700055068\n|move|p2a: Skeledirge|Torch Song|p1a: Alomomola\n|-resisted|p1a: Alomomola\n|-damage|p1a: Alomomola|11\/100\n|-boost|p2a: Skeledirge|spa|1\n|move|p1a: Alomomola|Toxic|p2a: Skeledirge\n|-status|p2a: Skeledirge|tox\n|\n|-heal|p1a: Alomomola|17\/100|[from] item: Leftovers\n|-damage|p2a: Skeledirge|46\/100 tox|[from] psn\n|upkeep\n|turn|20\n|\n|t:|1700055078\n|move|p1a: Alomomola|Protect|p1a: Alomomola\n|-singleturn|p1a: Alomomola|Protect\n|move|p2a: Skeledirge|Hex|p1a: Alomomola\n|-activate|p1a: Alomomola|move: Protect\n|\n|-heal|p1a: Alomomola|24\/100|[from] item: Leftovers\n|-damage|p2a: Skeledirge|34\/100 tox|[from] psn\n|upkeep\n|turn|21\n|\n|t:|1700055081\n|switch|p1a: Gliscor|Gliscor, M, shiny|80\/100 tox\n|-damage|p1a: Gliscor|68\/100 tox|[from] Stealth Rock\n|move|p2a: Skeledirge|Hex|p1a: Gliscor\n|-damage|p1a: Gliscor|0 fnt\n|faint|p1a: Gliscor\n|\n|-damage|p2a: Skeledirge|16\/100 tox|[from] psn\n|upkeep\n|\n|t:|1700055084\n|switch|p1a: Alomomola|Alomomola, F|57\/100\n|-damage|p1a: Alomomola|45\/100|[from] Stealth Rock\n|turn|22\n|\n|t:|1700055089\n|move|p1a: Alomomola|Protect|p1a: Alomomola\n|-singleturn|p1a: Alomomola|Protect\n|move|p2a: Skeledirge|Hex|p1a: Alomomola\n|-activate|p1a: Alomomola|move: Protect\n|\n|-heal|p1a: Alomomola|51\/100|[from] item: Leftovers\n|-damage|p2a: Skeledirge|0 fnt|[from] psn\n|faint|p2a: Skeledirge\n|upkeep\n|\n|t:|1700055095\n|switch|p2a: Glimmora|Glimmora, M|1\/100\n|turn|23\n|\n|t:|1700055103\n|move|p2a: Glimmora|Energy Ball|p1a: Alomomola\n|-supereffective|p1a: Alomomola\n|-damage|p1a: Alomomola|0 fnt\n|faint|p1a: Alomomola\n|\n|upkeep\n|\n|t:|1700055108\n|switch|p1a: Magnezone|Magnezone, shiny|55\/100\n|-damage|p1a: Magnezone|49\/100|[from] Stealth Rock\n|turn|24\n|\n|t:|1700055122\n|move|p1a: Magnezone|Volt Switch|p2a: Glimmora\n|-damage|p2a: Glimmora|0 fnt\n|faint|p2a: Glimmora\n|\n|t:|1700055124\n|switch|p1a: Ninetales|Ninetales-Alola, F|70\/100|[from] Volt Switch\n|-damage|p1a: Ninetales|45\/100|[from] Stealth Rock\n|-weather|Snow|[from] ability: Snow Warning|[of] p1a: Ninetales\n|\n|-weather|Snow|[upkeep]\n|upkeep\n|\n|t:|1700055137\n|switch|p2a: Gholdengo|Gholdengo|55\/100\n|turn|25\n|\n|t:|1700055143\n|move|p2a: Gholdengo|Make It Rain|p1a: Ninetales\n|-supereffective|p1a: Ninetales\n|-damage|p1a: Ninetales|0 fnt\n|-unboost|p2a: Gholdengo|spa|1\n|faint|p1a: Ninetales\n|\n|-weather|Snow|[upkeep]\n|upkeep\n|\n|t:|1700055147\n|switch|p1a: Blaziken|Blaziken, M, shiny|100\/100\n|-damage|p1a: Blaziken|88\/100|[from] Stealth Rock\n|turn|26\n|\n|t:|1700055151\n|switch|p2a: Rotom|Rotom-Wash|42\/100\n|detailschange|p1a: Blaziken|Blaziken-Mega, M, shiny\n|-mega|p1a: Blaziken|Blaziken|Blazikenite\n|move|p1a: Blaziken|Swords Dance|p1a: Blaziken\n|-boost|p1a: Blaziken|atk|2\n|\n|-weather|Snow|[upkeep]\n|-ability|p1a: Blaziken|Speed Boost|boost\n|-boost|p1a: Blaziken|spe|1\n|upkeep\n|turn|27\n|\n|t:|1700055161\n|move|p1a: Blaziken|Close Combat|p2a: Rotom\n|-damage|p2a: Rotom|0 fnt\n|-unboost|p1a: Blaziken|def|1\n|-unboost|p1a: Blaziken|spd|1\n|faint|p2a: Rotom\n|\n|-weather|Snow|[upkeep]\n|-ability|p1a: Blaziken|Speed Boost|boost\n|-boost|p1a: Blaziken|spe|1\n|upkeep\n|\n|t:|1700055169\n|switch|p2a: Lopunny|Lopunny-Mega, M|100\/100\n|turn|28\n|\n|t:|1700055172\n|move|p2a: Lopunny|Fake Out|p1a: Blaziken\n|-damage|p1a: Blaziken|41\/100\n|cant|p1a: Blaziken|flinch\n|\n|-weather|none\n|-ability|p1a: Blaziken|Speed Boost|boost\n|-boost|p1a: Blaziken|spe|1\n|upkeep\n|turn|29\n|\n|t:|1700055176\n|switch|p2a: Gholdengo|Gholdengo|55\/100\n|move|p1a: Blaziken|Earthquake|p2a: Gholdengo\n|-supereffective|p2a: Gholdengo\n|-damage|p2a: Gholdengo|0 fnt\n|faint|p2a: Gholdengo\n|\n|-ability|p1a: Blaziken|Speed Boost|boost\n|-boost|p1a: Blaziken|spe|1\n|upkeep\n|\n|t:|1700055181\n|switch|p2a: Lopunny|Lopunny-Mega, M|100\/100\n|turn|30\n|\n|t:|1700055184\n|move|p2a: Lopunny|Fake Out|p1a: Blaziken\n|-damage|p1a: Blaziken|0 fnt\n|faint|p1a: Blaziken\n|\n|upkeep\n|\n|t:|1700055189\n|switch|p1a: Espathra|Espathra, F|100\/100\n|-damage|p1a: Espathra|88\/100|[from] Stealth Rock\n|turn|31\n|\n|t:|1700055201\n|move|p2a: Lopunny|Return|p1a: Espathra\n|-damage|p1a: Espathra|13\/100\n|move|p1a: Espathra|Substitute|p1a: Espathra\n|-fail|p1a: Espathra|move: Substitute|[weak]\n|\n|-heal|p1a: Espathra|19\/100|[from] item: Leftovers\n|-ability|p1a: Espathra|Speed Boost|boost\n|-boost|p1a: Espathra|spe|1\n|upkeep\n|turn|32\n|\n|t:|1700055209\n|switch|p2a: Kyurem|Kyurem|70\/100\n|-ability|p2a: Kyurem|Pressure\n|move|p1a: Espathra|Dazzling Gleam|p2a: Kyurem\n|-supereffective|p2a: Kyurem\n|-damage|p2a: Kyurem|29\/100\n|\n|-heal|p1a: Espathra|25\/100|[from] item: Leftovers\n|-ability|p1a: Espathra|Speed Boost|boost\n|-boost|p1a: Espathra|spe|1\n|upkeep\n|turn|33\n|\n|t:|1700055217\n|move|p1a: Espathra|Dazzling Gleam|p2a: Kyurem\n|-supereffective|p2a: Kyurem\n|-damage|p2a: Kyurem|0 fnt\n|faint|p2a: Kyurem\n|\n|-heal|p1a: Espathra|31\/100|[from] item: Leftovers\n|-ability|p1a: Espathra|Speed Boost|boost\n|-boost|p1a: Espathra|spe|1\n|upkeep\n|\n|t:|1700055219\n|switch|p2a: Lopunny|Lopunny-Mega, M|100\/100\n|turn|34\n|\n|t:|1700055221\n|move|p2a: Lopunny|Fake Out|p1a: Espathra\n|-damage|p1a: Espathra|3\/100\n|cant|p1a: Espathra|flinch\n|\n|-heal|p1a: Espathra|9\/100|[from] item: Leftovers\n|-ability|p1a: Espathra|Speed Boost|boost\n|-boost|p1a: Espathra|spe|1\n|upkeep\n|turn|35\n|\n|t:|1700055226\n|move|p1a: Espathra|Dazzling Gleam|p2a: Lopunny\n|-supereffective|p2a: Lopunny\n|-damage|p2a: Lopunny|41\/100\n|move|p2a: Lopunny|Close Combat|p1a: Espathra\n|-resisted|p1a: Espathra\n|-damage|p1a: Espathra|0 fnt\n|-unboost|p2a: Lopunny|def|1\n|-unboost|p2a: Lopunny|spd|1\n|faint|p1a: Espathra\n|\n|upkeep\n|\n|t:|1700055230\n|switch|p1a: Magnezone|Magnezone, shiny|49\/100\n|-damage|p1a: Magnezone|43\/100|[from] Stealth Rock\n|turn|36\n|\n|t:|1700055232\n|move|p2a: Lopunny|Close Combat|p1a: Magnezone\n|-supereffective|p1a: Magnezone\n|-damage|p1a: Magnezone|0 fnt\n|-unboost|p2a: Lopunny|def|1\n|-unboost|p2a: Lopunny|spd|1\n|faint|p1a: Magnezone\n|\n|win|Kjfo\n|raw|Juliomv02's rating: 1130 &rarr; <strong>1112<\/strong><br \/>(-18 for losing)\n|raw|Kjfo's rating: 1226 &rarr; <strong>1244<\/strong><br \/>(+18 for winning)\n|l|\u2606Juliomv02\n","uploadtime":1700055241,"views":8,"p1id":"juliomv02","p2id":"kjfo","formatid":"gen9nationaldexubers","rating":1112,"private":0,"password":""}