{"id":"gen9nationaldexubers-1978503369","p1":"J6f1","p2":"BankaiBleachGeek","format":"[Gen 9] National Dex Ubers","log":"|j|\u2606J6f1\n|j|\u2606BankaiBleachGeek\n|t:|1698547517\n|gametype|singles\n|player|p1|J6f1|hugh|1074\n|player|p2|BankaiBleachGeek|palmer|1075\n|teamsize|p1|6\n|teamsize|p2|6\n|gen|9\n|tier|[Gen 9] National Dex Ubers\n|rated|\n|rule|HP Percentage Mod: HP is shown in percentages\n|rule|Endless Battle Clause: Forcing endless battles is banned\n|rule|OHKO Clause: OHKO moves are banned\n|rule|Evasion Moves Clause: Evasion moves are banned\n|rule|Evasion Items Clause: Evasion items are banned\n|rule|Species Clause: Limit one of each Pok\u00e9mon\n|rule|Sleep Clause Mod: Limit one foe put to sleep\n|rule|Mega Rayquaza Clause: You cannot mega evolve Rayquaza\n|clearpoke\n|poke|p1|Genesect-Douse|\n|poke|p1|Hydreigon, M|\n|poke|p1|Ho-Oh|\n|poke|p1|Metagross|\n|poke|p1|Toxapex, M|\n|poke|p1|Rillaboom, F|\n|poke|p2|Sceptile, M|\n|poke|p2|Arboliva, F|\n|poke|p2|Electrode-Hisui|\n|poke|p2|Ferrothorn, M|\n|poke|p2|Ludicolo, M|\n|poke|p2|Torterra, M|\n|teampreview\n|\n|t:|1698547525\n|start\n|switch|p1a: Ho-Oh|Ho-Oh|100\/100\n|switch|p2a: Electrode|Electrode-Hisui|100\/100\n|turn|1\n|\n|t:|1698547534\n|-terastallize|p1a: Ho-Oh|Fire\n|move|p2a: Electrode|Rain Dance|p2a: Electrode\n|-weather|RainDance\n|move|p1a: Ho-Oh|Sacred Fire|p2a: Electrode\n|-supereffective|p2a: Electrode\n|-damage|p2a: Electrode|0 fnt\n|faint|p2a: Electrode\n|\n|-weather|RainDance|[upkeep]\n|upkeep\n|\n|t:|1698547542\n|switch|p2a: Ludicolo|Ludicolo, M|100\/100\n|turn|2\n|\n|t:|1698547550\n|switch|p1a: Rillaboom|Rillaboom, F|100\/100\n|-fieldstart|move: Grassy Terrain|[from] ability: Grassy Surge|[of] p1a: Rillaboom\n|move|p2a: Ludicolo|Weather Ball|p1a: Rillaboom\n|-resisted|p1a: Rillaboom\n|-damage|p1a: Rillaboom|38\/100\n|-damage|p2a: Ludicolo|91\/100|[from] item: Life Orb\n|\n|-weather|RainDance|[upkeep]\n|-heal|p2a: Ludicolo|97\/100|[from] Grassy Terrain\n|-heal|p1a: Rillaboom|44\/100|[from] Grassy Terrain\n|upkeep\n|turn|3\n|\n|t:|1698547564\n|move|p1a: Rillaboom|Grassy Glide|p2a: Ludicolo\n|-damage|p2a: Ludicolo|12\/100\n|move|p2a: Ludicolo|Ice Beam|p1a: Rillaboom\n|-supereffective|p1a: Rillaboom\n|-damage|p1a: Rillaboom|0 fnt\n|faint|p1a: Rillaboom\n|-damage|p2a: Ludicolo|2\/100|[from] item: Life Orb\n|\n|-weather|RainDance|[upkeep]\n|-heal|p2a: Ludicolo|8\/100|[from] Grassy Terrain\n|upkeep\n|\n|t:|1698547576\n|switch|p1a: Hydreigon|Hydreigon, M|100\/100\n|turn|4\n|\n|t:|1698547580\n|move|p2a: Ludicolo|Ice Beam|p1a: Hydreigon\n|-supereffective|p1a: Hydreigon\n|-damage|p1a: Hydreigon|19\/100\n|-damage|p2a: Ludicolo|0 fnt|[from] item: Life Orb\n|faint|p2a: Ludicolo\n|move|p1a: Hydreigon|Dark Pulse|p2: Ludicolo|[notarget]\n|-fail|p1a: Hydreigon\n|\n|-weather|RainDance|[upkeep]\n|upkeep\n|\n|t:|1698547588\n|switch|p2a: Ferrothorn|Ferrothorn, M|100\/100\n|turn|5\n|\n|t:|1698547593\n|switch|p1a: Genesect|Genesect-Douse|100\/100\n|-ability|p1a: Genesect|Download|boost\n|-boost|p1a: Genesect|spa|1\n|move|p2a: Ferrothorn|Gyro Ball|p1a: Genesect\n|-resisted|p1a: Genesect\n|-damage|p1a: Genesect|66\/100\n|\n|-weather|RainDance|[upkeep]\n|-heal|p1a: Genesect|72\/100|[from] Grassy Terrain\n|upkeep\n|turn|6\n|\n|t:|1698547603\n|switch|p2a: Arboliva|Arboliva, F|100\/100\n|move|p1a: Genesect|Flamethrower|p2a: Arboliva\n|-supereffective|p2a: Arboliva\n|-damage|p2a: Arboliva|70\/100\n|\n|-weather|RainDance|[upkeep]\n|-heal|p1a: Genesect|78\/100|[from] Grassy Terrain\n|-heal|p2a: Arboliva|76\/100|[from] Grassy Terrain\n|-heal|p2a: Arboliva|82\/100|[from] item: Leftovers\n|-fieldend|move: Grassy Terrain\n|upkeep\n|turn|7\n|\n|t:|1698547614\n|move|p1a: Genesect|U-turn|p2a: Arboliva\n|-supereffective|p2a: Arboliva\n|-damage|p2a: Arboliva|25\/100\n|-fieldstart|move: Grassy Terrain|[from] ability: Seed Sower|[of] p2a: Arboliva\n|\n|t:|1698547620\n|switch|p1a: Toxapex|Toxapex, M|100\/100|[from] U-turn\n|move|p2a: Arboliva|Earth Power|p1a: Toxapex\n|-supereffective|p1a: Toxapex\n|-damage|p1a: Toxapex|60\/100\n|\n|-weather|RainDance|[upkeep]\n|-heal|p2a: Arboliva|31\/100|[from] Grassy Terrain\n|-heal|p2a: Arboliva|37\/100|[from] item: Leftovers\n|-heal|p1a: Toxapex|66\/100|[from] Grassy Terrain\n|-heal|p1a: Toxapex|72\/100|[from] item: Black Sludge\n|upkeep\n|turn|8\n|\n|t:|1698547633\n|move|p2a: Arboliva|Giga Drain|p1a: Toxapex\n|-damage|p1a: Toxapex|37\/100\n|-heal|p2a: Arboliva|52\/100|[from] drain|[of] p1a: Toxapex\n|move|p1a: Toxapex|Knock Off|p2a: Arboliva\n|-damage|p2a: Arboliva|37\/100\n|-enditem|p2a: Arboliva|Leftovers|[from] move: Knock Off|[of] p1a: Toxapex\n|\n|-weather|none\n|-heal|p2a: Arboliva|43\/100|[from] Grassy Terrain\n|-heal|p1a: Toxapex|43\/100|[from] Grassy Terrain\n|-heal|p1a: Toxapex|49\/100|[from] item: Black Sludge\n|upkeep\n|turn|9\n|\n|t:|1698547647\n|move|p2a: Arboliva|Giga Drain|p1a: Toxapex\n|-damage|p1a: Toxapex|15\/100\n|-heal|p2a: Arboliva|57\/100|[from] drain|[of] p1a: Toxapex\n|move|p1a: Toxapex|Recover|p1a: Toxapex\n|-heal|p1a: Toxapex|65\/100\n|\n|-heal|p2a: Arboliva|64\/100|[from] Grassy Terrain\n|-heal|p1a: Toxapex|71\/100|[from] Grassy Terrain\n|-heal|p1a: Toxapex|77\/100|[from] item: Black Sludge\n|upkeep\n|turn|10\n|\n|t:|1698547659\n|move|p2a: Arboliva|Giga Drain|p1a: Toxapex\n|-damage|p1a: Toxapex|45\/100\n|-heal|p2a: Arboliva|77\/100|[from] drain|[of] p1a: Toxapex\n|move|p1a: Toxapex|Knock Off|p2a: Arboliva\n|-damage|p2a: Arboliva|66\/100\n|\n|-heal|p2a: Arboliva|72\/100|[from] Grassy Terrain\n|-heal|p1a: Toxapex|51\/100|[from] Grassy Terrain\n|-heal|p1a: Toxapex|57\/100|[from] item: Black Sludge\n|upkeep\n|turn|11\n|\n|t:|1698547673\n|switch|p1a: Metagross|Metagross|100\/100\n|move|p2a: Arboliva|Giga Drain|p1a: Metagross\n|-resisted|p1a: Metagross\n|-damage|p1a: Metagross|77\/100\n|-heal|p2a: Arboliva|82\/100|[from] drain|[of] p1a: Metagross\n|\n|-heal|p1a: Metagross|83\/100|[from] Grassy Terrain\n|-heal|p2a: Arboliva|88\/100|[from] Grassy Terrain\n|-fieldend|move: Grassy Terrain\n|upkeep\n|turn|12\n|\n|t:|1698547684\n|detailschange|p1a: Metagross|Metagross-Mega\n|-mega|p1a: Metagross|Metagross|Metagrossite\n|move|p1a: Metagross|Ice Punch|p2a: Arboliva\n|-supereffective|p2a: Arboliva\n|-damage|p2a: Arboliva|15\/100\n|-fieldstart|move: Grassy Terrain|[from] ability: Seed Sower|[of] p2a: Arboliva\n|move|p2a: Arboliva|Earth Power|p1a: Metagross\n|-supereffective|p1a: Metagross\n|-damage|p1a: Metagross|27\/100\n|\n|-heal|p1a: Metagross|33\/100|[from] Grassy Terrain\n|-heal|p2a: Arboliva|21\/100|[from] Grassy Terrain\n|upkeep\n|turn|13\n|\n|t:|1698547697\n|move|p1a: Metagross|Ice Punch|p2a: Arboliva\n|-supereffective|p2a: Arboliva\n|-crit|p2a: Arboliva\n|-damage|p2a: Arboliva|0 fnt\n|faint|p2a: Arboliva\n|\n|-heal|p1a: Metagross|39\/100|[from] Grassy Terrain\n|upkeep\n|\n|t:|1698547705\n|switch|p2a: Ferrothorn|Ferrothorn, M|100\/100\n|turn|14\n|\n|t:|1698547711\n|switch|p1a: Genesect|Genesect-Douse|78\/100\n|-ability|p1a: Genesect|Download|boost\n|-boost|p1a: Genesect|spa|1\n|move|p2a: Ferrothorn|Knock Off|p1a: Genesect\n|-damage|p1a: Genesect|56\/100\n|\n|-heal|p1a: Genesect|62\/100|[from] Grassy Terrain\n|upkeep\n|turn|15\n|\n|t:|1698547725\n|switch|p2a: Torterra|Torterra, M|100\/100\n|move|p1a: Genesect|Flamethrower|p2a: Torterra\n|-supereffective|p2a: Torterra\n|-damage|p2a: Torterra|8\/100\n|\n|-heal|p1a: Genesect|68\/100|[from] Grassy Terrain\n|-heal|p2a: Torterra|14\/100|[from] Grassy Terrain\n|-heal|p2a: Torterra|20\/100|[from] item: Leftovers\n|upkeep\n|turn|16\n|\n|t:|1698547738\n|move|p1a: Genesect|Flamethrower|p2a: Torterra\n|-supereffective|p2a: Torterra\n|-damage|p2a: Torterra|0 fnt\n|faint|p2a: Torterra\n|\n|-heal|p1a: Genesect|74\/100|[from] Grassy Terrain\n|-fieldend|move: Grassy Terrain\n|upkeep\n|\n|t:|1698547746\n|switch|p2a: Sceptile|Sceptile, M|100\/100\n|turn|17\n|\n|t:|1698547750\n|detailschange|p2a: Sceptile|Sceptile-Mega, M\n|-mega|p2a: Sceptile|Sceptile|Sceptilite\n|move|p2a: Sceptile|Earthquake|p1a: Genesect\n|-damage|p1a: Genesect|29\/100\n|move|p1a: Genesect|Flamethrower|p2a: Sceptile\n|-damage|p2a: Sceptile|44\/100\n|\n|upkeep\n|turn|18\n|\n|t:|1698547759\n|move|p2a: Sceptile|Earthquake|p1a: Genesect\n|-damage|p1a: Genesect|0 fnt\n|faint|p1a: Genesect\n|\n|upkeep\n|\n|t:|1698547776\n|switch|p1a: Metagross|Metagross-Mega|39\/100\n|turn|19\n|\n|t:|1698547780\n|switch|p1a: Ho-Oh|Ho-Oh, tera:Fire|100\/100\n|move|p2a: Sceptile|Earthquake|p1a: Ho-Oh\n|-supereffective|p1a: Ho-Oh\n|-damage|p1a: Ho-Oh|44\/100\n|\n|upkeep\n|turn|20\n|\n|t:|1698547790\n|move|p2a: Sceptile|Earthquake|p1a: Ho-Oh\n|-supereffective|p1a: Ho-Oh\n|-damage|p1a: Ho-Oh|0 fnt\n|faint|p1a: Ho-Oh\n|\n|upkeep\n|\n|t:|1698547797\n|switch|p1a: Toxapex|Toxapex, M|90\/100\n|turn|21\n|\n|t:|1698547803\n|move|p2a: Sceptile|Earthquake|p1a: Toxapex\n|-supereffective|p1a: Toxapex\n|-damage|p1a: Toxapex|53\/100\n|move|p1a: Toxapex|Knock Off|p2a: Sceptile\n|-damage|p2a: Sceptile|28\/100\n|\n|-heal|p1a: Toxapex|59\/100|[from] item: Black Sludge\n|upkeep\n|turn|22\n|\n|t:|1698547815\n|move|p2a: Sceptile|Earthquake|p1a: Toxapex\n|-supereffective|p1a: Toxapex\n|-damage|p1a: Toxapex|24\/100\n|move|p1a: Toxapex|Knock Off|p2a: Sceptile\n|-crit|p2a: Sceptile\n|-damage|p2a: Sceptile|5\/100\n|\n|-heal|p1a: Toxapex|30\/100|[from] item: Black Sludge\n|upkeep\n|turn|23\n|\n|t:|1698547823\n|move|p2a: Sceptile|Earthquake|p1a: Toxapex\n|-supereffective|p1a: Toxapex\n|-damage|p1a: Toxapex|0 fnt\n|faint|p1a: Toxapex\n|\n|upkeep\n|\n|t:|1698547829\n|switch|p1a: Metagross|Metagross-Mega|39\/100\n|turn|24\n|\n|t:|1698547832\n|move|p2a: Sceptile|Earthquake|p1a: Metagross\n|-supereffective|p1a: Metagross\n|-damage|p1a: Metagross|0 fnt\n|faint|p1a: Metagross\n|\n|upkeep\n|\n|t:|1698547837\n|switch|p1a: Hydreigon|Hydreigon, M|19\/100\n|turn|25\n|\n|t:|1698547841\n|move|p2a: Sceptile|Dragon Claw|p1a: Hydreigon\n|-supereffective|p1a: Hydreigon\n|-damage|p1a: Hydreigon|0 fnt\n|faint|p1a: Hydreigon\n|\n|win|BankaiBleachGeek\n|raw|J6f1's rating: 1074 &rarr; <strong>1053<\/strong><br \/>(-21 for losing)\n|raw|BankaiBleachGeek's rating: 1075 &rarr; <strong>1104<\/strong><br \/>(+29 for winning)\n|l|\u2606J6f1\n|c|\u2606BankaiBleachGeek|gg\n","uploadtime":1698547852,"views":7,"p1id":"j6f1","p2id":"bankaibleachgeek","formatid":"gen9nationaldexubers","rating":1053,"private":0,"password":""}