{"id":"gen9nationaldexubers-1982659560","p1":"aguinaldo124","p2":"priseonero240","format":"[Gen 9] National Dex Ubers","log":"|j|\u2606aguinaldo124\n|j|\u2606priseonero240\n|t:|1699033557\n|gametype|singles\n|player|p1|aguinaldo124|red|1151\n|player|p2|priseonero240|unknown|1058\n|teamsize|p1|6\n|teamsize|p2|6\n|gen|9\n|tier|[Gen 9] National Dex Ubers\n|rated|\n|rule|HP Percentage Mod: HP is shown in percentages\n|rule|Endless Battle Clause: Forcing endless battles is banned\n|rule|OHKO Clause: OHKO moves are banned\n|rule|Evasion Moves Clause: Evasion moves are banned\n|rule|Evasion Items Clause: Evasion items are banned\n|rule|Species Clause: Limit one of each Pok\u00e9mon\n|rule|Sleep Clause Mod: Limit one foe put to sleep\n|rule|Mega Rayquaza Clause: You cannot mega evolve Rayquaza\n|clearpoke\n|poke|p1|Kingdra, F|\n|poke|p1|Incineroar, M|\n|poke|p1|Grimmsnarl, M|\n|poke|p1|Ribombee, F|\n|poke|p1|Espathra, F|\n|poke|p1|Pyukumuku, F|\n|poke|p2|Pikachu, M|\n|poke|p2|Dragonite, F|\n|poke|p2|Gengar, M|\n|poke|p2|Lucario, M|\n|poke|p2|Sirfetch\u2019d, M|\n|poke|p2|Dracovish|\n|teampreview\n|j| rocresak\n|inactive|Battle timer is ON: inactive players will automatically lose when time's up. (requested by aguinaldo124)\n|\n|t:|1699033566\n|start\n|switch|p1a: Ribombee|Ribombee, F|100\/100\n|switch|p2a: Lucario|Lucario, M|100\/100\n|turn|1\n|\n|t:|1699033573\n|detailschange|p2a: Lucario|Lucario-Mega, M\n|-mega|p2a: Lucario|Lucario|Lucarionite\n|move|p2a: Lucario|Bullet Punch|p1a: Ribombee\n|-supereffective|p1a: Ribombee\n|-enditem|p1a: Ribombee|Focus Sash\n|-damage|p1a: Ribombee|1\/100\n|move|p1a: Ribombee|Stun Spore|p2a: Lucario\n|-status|p2a: Lucario|par\n|\n|upkeep\n|turn|2\n|\n|t:|1699033583\n|move|p2a: Lucario|Bullet Punch|p1a: Ribombee\n|-supereffective|p1a: Ribombee\n|-damage|p1a: Ribombee|0 fnt\n|faint|p1a: Ribombee\n|\n|upkeep\n|\n|t:|1699033589\n|switch|p1a: Grimmsnarl|Grimmsnarl, M|100\/100\n|turn|3\n|\n|t:|1699033598\n|move|p1a: Grimmsnarl|Reflect|p1a: Grimmsnarl\n|-sidestart|p1: aguinaldo124|Reflect\n|cant|p2a: Lucario|par\n|\n|upkeep\n|turn|4\n|\n|t:|1699033603\n|move|p1a: Grimmsnarl|Taunt|p2a: Lucario\n|-start|p2a: Lucario|move: Taunt\n|move|p2a: Lucario|Reversal|p1a: Grimmsnarl\n|-damage|p1a: Grimmsnarl|91\/100\n|\n|upkeep\n|turn|5\n|\n|t:|1699033610\n|move|p1a: Grimmsnarl|Light Screen|p1a: Grimmsnarl\n|-sidestart|p1: aguinaldo124|move: Light Screen\n|cant|p2a: Lucario|par\n|\n|upkeep\n|turn|6\n|\n|t:|1699033619\n|move|p1a: Grimmsnarl|Parting Shot|p2a: Lucario\n|-unboost|p2a: Lucario|atk|1\n|-unboost|p2a: Lucario|spa|1\n|\n|t:|1699033622\n|switch|p1a: Incineroar|Incineroar, M|100\/100|[from] Parting Shot\n|-ability|p1a: Incineroar|Intimidate|boost\n|-unboost|p2a: Lucario|atk|1\n|cant|p2a: Lucario|par\n|\n|-end|p2a: Lucario|move: Taunt\n|upkeep\n|turn|7\n|\n|t:|1699033633\n|switch|p2a: Dracovish|Dracovish|100\/100\n|move|p1a: Incineroar|Bulk Up|p1a: Incineroar\n|-boost|p1a: Incineroar|atk|1\n|-boost|p1a: Incineroar|def|1\n|\n|upkeep\n|turn|8\n|\n|t:|1699033642\n|move|p1a: Incineroar|Flame Charge|p2a: Dracovish\n|-resisted|p2a: Dracovish\n|-damage|p2a: Dracovish|92\/100\n|-boost|p1a: Incineroar|spe|1\n|move|p2a: Dracovish|Fishious Rend|p1a: Incineroar\n|-supereffective|p1a: Incineroar\n|-damage|p1a: Incineroar|36\/100\n|-enditem|p1a: Incineroar|Weakness Policy\n|-boost|p1a: Incineroar|atk|2|[from] item: Weakness Policy\n|-boost|p1a: Incineroar|spa|2|[from] item: Weakness Policy\n|\n|upkeep\n|turn|9\n|\n|t:|1699033653\n|move|p1a: Incineroar|Power Trip|p2a: Dracovish\n|-damage|p2a: Dracovish|0 fnt\n|faint|p2a: Dracovish\n|\n|upkeep\n|\n|t:|1699033658\n|switch|p2a: Dragonite|Dragonite, F|100\/100\n|turn|10\n|\n|t:|1699033663\n|move|p1a: Incineroar|Power Trip|p2a: Dragonite\n|-damage|p2a: Dragonite|0 fnt\n|faint|p2a: Dragonite\n|\n|-sideend|p1: aguinaldo124|Reflect\n|upkeep\n|\n|t:|1699033669\n|switch|p2a: Pikachu|Pikachu, M|100\/100\n|turn|11\n|\n|t:|1699033680\n|move|p1a: Incineroar|Power Trip|p2a: Pikachu\n|-damage|p2a: Pikachu|0 fnt\n|faint|p2a: Pikachu\n|\n|upkeep\n|-message|priseonero240 forfeited.\n|\n|win|aguinaldo124\n|raw|aguinaldo124's rating: 1151 &rarr; <strong>1169<\/strong><br \/>(+18 for winning)\n|raw|priseonero240's rating: 1058 &rarr; <strong>1044<\/strong><br \/>(-14 for losing)\n|l|\u2606priseonero240\n|c|\u2606aguinaldo124|Gg\n","uploadtime":1699033692,"views":8,"p1id":"aguinaldo124","p2id":"priseonero240","formatid":"gen9nationaldexubers","rating":1044,"private":0,"password":""}