{"id":"gen9nationaldexubers-1981567395","p1":"father_arnau","p2":"SrPorquet","format":"[Gen 9] National Dex Ubers","log":"|j|\u2606father_arnau\n|j|\u203dSrPorquet\n|t:|1698919541\n|gametype|singles\n|player|p1|father_arnau|acetrainer-gen4dp|\n|player|p2|SrPorquet|falkner|\n|teamsize|p1|6\n|teamsize|p2|6\n|gen|9\n|tier|[Gen 9] National Dex Ubers\n|rule|HP Percentage Mod: HP is shown in percentages\n|rule|Endless Battle Clause: Forcing endless battles is banned\n|rule|OHKO Clause: OHKO moves are banned\n|rule|Evasion Moves Clause: Evasion moves are banned\n|rule|Evasion Items Clause: Evasion items are banned\n|rule|Species Clause: Limit one of each Pok\u00e9mon\n|rule|Sleep Clause Mod: Limit one foe put to sleep\n|rule|Mega Rayquaza Clause: You cannot mega evolve Rayquaza\n|clearpoke\n|poke|p1|Cloyster, M|\n|poke|p1|Mimikyu, M|\n|poke|p1|Amoonguss, M|\n|poke|p1|Pelipper, M|\n|poke|p1|Arcanine, M|\n|poke|p1|Garchomp, F|\n|poke|p2|Altaria, M|\n|poke|p2|Shiftry, M|\n|poke|p2|Exploud, M|\n|poke|p2|Azumarill, M|\n|poke|p2|Flygon, M|\n|poke|p2|Gothitelle, F|\n|teampreview\n|\n|t:|1698919550\n|start\n|switch|p1a: Pelipper|Pelipper, M, shiny|100\/100\n|switch|p2a: Gothitelle|Gothitelle, F|100\/100\n|-weather|RainDance|[from] ability: Drizzle|[of] p1a: Pelipper\n|turn|1\n|\n|t:|1698919558\n|move|p2a: Gothitelle|Thunderbolt|p1a: Pelipper\n|-supereffective|p1a: Pelipper\n|-damage|p1a: Pelipper|0 fnt\n|faint|p1a: Pelipper\n|\n|-weather|RainDance|[upkeep]\n|upkeep\n|\n|t:|1698919572\n|switch|p1a: Amoonguss|Amoonguss, M, shiny|100\/100\n|turn|2\n|\n|t:|1698919578\n|-terastallize|p1a: Amoonguss|Fire\n|move|p2a: Gothitelle|Psychic|p1a: Amoonguss\n|-damage|p1a: Amoonguss|66\/100\n|move|p1a: Amoonguss|Pollen Puff|p2a: Gothitelle\n|-supereffective|p2a: Gothitelle\n|-damage|p2a: Gothitelle|72\/100\n|\n|-weather|RainDance|[upkeep]\n|upkeep\n|turn|3\n|\n|t:|1698919590\n|switch|p2a: Altaria|Altaria, M|100\/100\n|move|p1a: Amoonguss|Spore|p2a: Altaria\n|-status|p2a: Altaria|slp|[from] move: Spore\n|\n|-weather|RainDance|[upkeep]\n|upkeep\n|turn|4\n|\n|t:|1698919598\n|-curestatus|p2a: Altaria|slp|[from] ability: Natural Cure\n|switch|p2a: Azumarill|Azumarill, M|100\/100\n|move|p1a: Amoonguss|Spore|p2a: Azumarill\n|-status|p2a: Azumarill|slp|[from] move: Spore\n|\n|-weather|RainDance|[upkeep]\n|upkeep\n|turn|5\n|\n|t:|1698919607\n|switch|p2a: Altaria|Altaria, M|100\/100\n|move|p1a: Amoonguss|Giga Drain|p2a: Altaria\n|-resisted|p2a: Altaria\n|-damage|p2a: Altaria|94\/100\n|-heal|p1a: Amoonguss|69\/100|[from] drain|[of] p2a: Altaria\n|\n|-weather|none\n|upkeep\n|turn|6\n|\n|t:|1698919616\n|move|p2a: Altaria|Dragon Dance|p2a: Altaria\n|-boost|p2a: Altaria|atk|1\n|-boost|p2a: Altaria|spe|1\n|move|p1a: Amoonguss|Spore|p2a: Altaria\n|-message|Sleep Clause Mod activated.\n|-hint|Sleep Clause Mod prevents players from putting more than one of their opponent's Pok\u00e9mon to sleep at a time\n|\n|upkeep\n|turn|7\n|\n|t:|1698919626\n|move|p2a: Altaria|Earthquake|p1a: Amoonguss\n|-supereffective|p1a: Amoonguss\n|-damage|p1a: Amoonguss|10\/100\n|-enditem|p1a: Amoonguss|Sitrus Berry|[eat]\n|-heal|p1a: Amoonguss|35\/100|[from] item: Sitrus Berry\n|move|p1a: Amoonguss|Spore|p2a: Altaria\n|-message|Sleep Clause Mod activated.\n|-hint|Sleep Clause Mod prevents players from putting more than one of their opponent's Pok\u00e9mon to sleep at a time\n|\n|upkeep\n|turn|8\n|\n|t:|1698919636\n|switch|p1a: Cloyster|Cloyster, M, shiny|100\/100\n|move|p2a: Altaria|Dragon Dance|p2a: Altaria\n|-boost|p2a: Altaria|atk|1\n|-boost|p2a: Altaria|spe|1\n|\n|upkeep\n|turn|9\n|\n|t:|1698919650\n|detailschange|p2a: Altaria|Altaria-Mega, M\n|-mega|p2a: Altaria|Altaria|Altarianite\n|move|p1a: Cloyster|Ice Shard|p2a: Altaria\n|-supereffective|p2a: Altaria\n|-crit|p2a: Altaria\n|-damage|p2a: Altaria|42\/100\n|move|p2a: Altaria|Double-Edge|p1a: Cloyster\n|-enditem|p1a: Cloyster|Focus Sash\n|-damage|p1a: Cloyster|1\/100\n|-damage|p2a: Altaria|15\/100|[from] Recoil\n|\n|upkeep\n|turn|10\n|\n|t:|1698919663\n|switch|p2a: Azumarill|Azumarill, M|100\/100 slp\n|move|p1a: Cloyster|Ice Shard|p2a: Azumarill\n|-resisted|p2a: Azumarill\n|-damage|p2a: Azumarill|92\/100 slp\n|\n|upkeep\n|turn|11\n|\n|t:|1698919669\n|cant|p2a: Azumarill|slp\n|move|p1a: Cloyster|Icicle Spear|p2a: Azumarill\n|-resisted|p2a: Azumarill\n|-damage|p2a: Azumarill|87\/100 slp\n|-resisted|p2a: Azumarill\n|-damage|p2a: Azumarill|82\/100 slp\n|-resisted|p2a: Azumarill\n|-damage|p2a: Azumarill|77\/100 slp\n|-resisted|p2a: Azumarill\n|-damage|p2a: Azumarill|72\/100 slp\n|-resisted|p2a: Azumarill\n|-damage|p2a: Azumarill|67\/100 slp\n|-hitcount|p2a: Azumarill|5\n|\n|upkeep\n|turn|12\n|\n|t:|1698919681\n|cant|p2a: Azumarill|slp\n|move|p1a: Cloyster|Icicle Spear|p2a: Azumarill\n|-resisted|p2a: Azumarill\n|-damage|p2a: Azumarill|62\/100 slp\n|-resisted|p2a: Azumarill\n|-damage|p2a: Azumarill|57\/100 slp\n|-resisted|p2a: Azumarill\n|-damage|p2a: Azumarill|51\/100 slp\n|-resisted|p2a: Azumarill\n|-damage|p2a: Azumarill|46\/100 slp\n|-enditem|p2a: Azumarill|Sitrus Berry|[eat]\n|-heal|p2a: Azumarill|71\/100 slp|[from] item: Sitrus Berry\n|-resisted|p2a: Azumarill\n|-damage|p2a: Azumarill|65\/100 slp\n|-hitcount|p2a: Azumarill|5\n|\n|upkeep\n|turn|13\n|\n|t:|1698919694\n|cant|p2a: Azumarill|slp\n|move|p1a: Cloyster|Icicle Spear|p2a: Azumarill\n|-resisted|p2a: Azumarill\n|-damage|p2a: Azumarill|60\/100 slp\n|-resisted|p2a: Azumarill\n|-damage|p2a: Azumarill|54\/100 slp\n|-resisted|p2a: Azumarill\n|-crit|p2a: Azumarill\n|-damage|p2a: Azumarill|46\/100 slp\n|-resisted|p2a: Azumarill\n|-damage|p2a: Azumarill|41\/100 slp\n|-resisted|p2a: Azumarill\n|-damage|p2a: Azumarill|35\/100 slp\n|-hitcount|p2a: Azumarill|5\n|\n|upkeep\n|turn|14\n|\n|t:|1698919706\n|-curestatus|p2a: Azumarill|slp|[msg]\n|move|p2a: Azumarill|Aqua Jet|p1a: Cloyster\n|-resisted|p1a: Cloyster\n|-damage|p1a: Cloyster|0 fnt\n|faint|p1a: Cloyster\n|\n|upkeep\n|\n|t:|1698919716\n|switch|p1a: Amoonguss|Amoonguss, M, shiny, tera:Fire|68\/100\n|turn|15\n|\n|t:|1698919723\n|-terastallize|p2a: Azumarill|Water\n|move|p2a: Azumarill|Aqua Jet|p1a: Amoonguss\n|-supereffective|p1a: Amoonguss\n|-damage|p1a: Amoonguss|6\/100\n|move|p1a: Amoonguss|Sludge Bomb|p2a: Azumarill\n|-damage|p2a: Azumarill|6\/100\n|\n|upkeep\n|turn|16\n|\n|t:|1698919743\n|move|p2a: Azumarill|Aqua Jet|p1a: Amoonguss\n|-supereffective|p1a: Amoonguss\n|-damage|p1a: Amoonguss|0 fnt\n|faint|p1a: Amoonguss\n|\n|upkeep\n|\n|t:|1698919751\n|switch|p1a: Mimikyu|Mimikyu, M, shiny|100\/100\n|turn|17\n|\n|t:|1698919759\n|switch|p2a: Exploud|Exploud, M|100\/100\n|move|p1a: Mimikyu|Shadow Sneak|p2a: Exploud\n|-immune|p2a: Exploud\n|\n|upkeep\n|turn|18\n|\n|t:|1698919767\n|move|p1a: Mimikyu|Swords Dance|p1a: Mimikyu\n|-boost|p1a: Mimikyu|atk|2\n|move|p2a: Exploud|Boomburst|p1a: Mimikyu\n|-activate|p1a: Mimikyu|ability: Disguise\n|-damage|p1a: Mimikyu|100\/100\n|detailschange|p1a: Mimikyu|Mimikyu-Busted, M, shiny\n|-damage|p1a: Mimikyu|88\/100|[from] pokemon: Mimikyu-Busted\n|\n|upkeep\n|turn|19\n|\n|t:|1698919778\n|move|p1a: Mimikyu|Play Rough|p2a: Exploud\n|-damage|p2a: Exploud|20\/100\n|move|p2a: Exploud|Boomburst|p1a: Mimikyu\n|-damage|p1a: Mimikyu|31\/100\n|\n|upkeep\n|turn|20\n|\n|t:|1698919786\n|move|p1a: Mimikyu|Leech Life|p2a: Exploud\n|-damage|p2a: Exploud|0 fnt\n|-heal|p1a: Mimikyu|43\/100|[from] drain|[of] p2a: Exploud\n|faint|p2a: Exploud\n|\n|upkeep\n|\n|t:|1698919793\n|switch|p2a: Flygon|Flygon, M|100\/100\n|turn|21\n|\n|t:|1698919797\n|move|p2a: Flygon|Earthquake|p1a: Mimikyu\n|-damage|p1a: Mimikyu|0 fnt\n|faint|p1a: Mimikyu\n|\n|upkeep\n|\n|t:|1698919812\n|switch|p1a: Arcanine|Arcanine, M, shiny|100\/100\n|turn|22\n|\n|t:|1698919816\n|move|p2a: Flygon|Earthquake|p1a: Arcanine\n|-supereffective|p1a: Arcanine\n|-damage|p1a: Arcanine|23\/100\n|move|p1a: Arcanine|Dragon Pulse|p2a: Flygon\n|-supereffective|p2a: Flygon\n|-damage|p2a: Flygon|51\/100\n|\n|upkeep\n|turn|23\n|\n|t:|1698919825\n|move|p1a: Arcanine|Extreme Speed|p2a: Flygon\n|-damage|p2a: Flygon|26\/100\n|move|p2a: Flygon|Dragon Claw|p1a: Arcanine\n|-damage|p1a: Arcanine|0 fnt\n|faint|p1a: Arcanine\n|\n|upkeep\n|\n|t:|1698919833\n|switch|p1a: Garchomp|Garchomp, F, shiny|100\/100\n|turn|24\n|\n|t:|1698919838\n|move|p1a: Garchomp|Dragon Pulse|p2a: Flygon\n|-supereffective|p2a: Flygon\n|-damage|p2a: Flygon|0 fnt\n|faint|p2a: Flygon\n|\n|upkeep\n|\n|t:|1698919841\n|switch|p2a: Altaria|Altaria-Mega, M|15\/100\n|turn|25\n|\n|t:|1698919845\n|move|p1a: Garchomp|Dragon Pulse|p2a: Altaria\n|-immune|p2a: Altaria\n|move|p2a: Altaria|Double-Edge|p1a: Garchomp\n|-supereffective|p1a: Garchomp\n|-damage|p1a: Garchomp|0 fnt\n|-damage|p2a: Altaria|2\/100|[from] ability: Rough Skin|[of] p1a: Garchomp\n|faint|p1a: Garchomp\n|-damage|p2a: Altaria|0 fnt|[from] Recoil\n|faint|p2a: Altaria\n|\n|win|SrPorquet\n","uploadtime":1698919849,"views":7,"p1id":"fatherarnau","p2id":"srporquet","formatid":"gen9nationaldexubers","rating":0,"private":0,"password":""}