{"id":"gen9nationaldexubers-1983282706","p1":"BloodPlum","p2":"Moonz_e","format":"[Gen 9] National Dex Ubers","log":"|j|\u2606BloodPlum\n|j|\u2606Moonz_e\n|t:|1699113905\n|gametype|singles\n|player|p1|BloodPlum|parasollady|\n|player|p2|Moonz_e|courtney|\n|teamsize|p1|6\n|teamsize|p2|6\n|gen|9\n|tier|[Gen 9] National Dex Ubers\n|rule|HP Percentage Mod: HP is shown in percentages\n|rule|Endless Battle Clause: Forcing endless battles is banned\n|rule|OHKO Clause: OHKO moves are banned\n|rule|Evasion Moves Clause: Evasion moves are banned\n|rule|Evasion Items Clause: Evasion items are banned\n|rule|Species Clause: Limit one of each Pok\u00e9mon\n|rule|Sleep Clause Mod: Limit one foe put to sleep\n|rule|Mega Rayquaza Clause: You cannot mega evolve Rayquaza\n|clearpoke\n|poke|p1|Lopunny, F|\n|poke|p1|Glimmora, F|\n|poke|p1|Grimmsnarl, M|\n|poke|p1|Ninetales, F|\n|poke|p1|Great Tusk|\n|poke|p1|Sandy Shocks|\n|poke|p2|Ogerpon-Hearthflame, F|\n|poke|p2|Torkoal, M|\n|poke|p2|Charizard, F|\n|poke|p2|Volcanion|\n|poke|p2|Typhlosion-Hisui, F|\n|poke|p2|Moltres|\n|teampreview\n|c|\u2606Moonz_e|Glhf\n|j| ArcticIzagi\n|j| AegiSwaggy\n|j| AhiruChan\n|j| Destinum\n|c|\u2606Moonz_e|Tera cap?\n|c| AegiSwaggy|btw arctic\n|c| AegiSwaggy|this name is my normal showdown name\n|c| AhiruChan|go moonz!\n|c| AegiSwaggy|just made it bug maniac for funny\n|c| ArcticIzagi|ahh gotcha\n|j| IncandescentCandle\n|c|\u2606Moonz_e|Bloood\n|c|\u2606Moonz_e|What's your tera caaaaap\n|c|\u2606Moonz_e|?\n|c|\u2606BloodPlum|?\n|c|\u2606BloodPlum|Why do you need my Tera cap?\n|c|\u2606Moonz_e|Dest pull up the rulebook\n|c|\u2606BloodPlum|I only have one tera\n|c| IncandescentCandle|youre meant to declare it at the start of the match\n|c| IncandescentCandle|altho granted you should know your opponents teras by this point moonz\n|c| AhiruChan|dest is the rulebook\n|c|\u2606Moonz_e|Yes BloodPlum\n|c|\u2606Moonz_e|What is it?\n|c|\u2606Moonz_e|We are meant to say what our tera is\n|c|\u2606Moonz_e|Hence i said it's poison bear\n|c|\u2606Moonz_e|At the beggining of our first game\n|c|\u2606Moonz_e|XD\n|c|\u2606BloodPlum|Water Sandy Shocks.\n|c|\u2606Moonz_e|Ok\n|\n|t:|1699114140\n|start\n|switch|p1a: Grimmsnarl|Grimmsnarl, M|100\/100\n|switch|p2a: Revolt|Volcanion|100\/100\n|turn|1\n|\n|t:|1699114149\n|move|p1a: Grimmsnarl|Light Screen|p1a: Grimmsnarl\n|-sidestart|p1: BloodPlum|move: Light Screen\n|move|p2a: Revolt|Steam Eruption|p1a: Grimmsnarl\n|-damage|p1a: Grimmsnarl|81\/100\n|\n|upkeep\n|turn|2\n|\n|t:|1699114156\n|switch|p2a: Growing Older|Torkoal, M|100\/100\n|-weather|SunnyDay|[from] ability: Drought|[of] p2a: Growing Older\n|move|p1a: Grimmsnarl|Reflect|p1a: Grimmsnarl\n|-sidestart|p1: BloodPlum|Reflect\n|\n|-weather|SunnyDay|[upkeep]\n|upkeep\n|turn|3\n|\n|t:|1699114163\n|move|p1a: Grimmsnarl|Spirit Break|p2a: Growing Older\n|-resisted|p2a: Growing Older\n|-damage|p2a: Growing Older|91\/100\n|-unboost|p2a: Growing Older|spa|1\n|move|p2a: Growing Older|Stealth Rock|p1a: Grimmsnarl\n|-sidestart|p1: BloodPlum|move: Stealth Rock\n|\n|-weather|SunnyDay|[upkeep]\n|upkeep\n|turn|4\n|\n|t:|1699114174\n|move|p1a: Grimmsnarl|Parting Shot|p2a: Growing Older\n|-unboost|p2a: Growing Older|atk|1\n|-unboost|p2a: Growing Older|spa|1\n|\n|t:|1699114178\n|switch|p1a: Great Tusk|Great Tusk|100\/100|[from] Parting Shot\n|-activate|p1a: Great Tusk|ability: Protosynthesis\n|-start|p1a: Great Tusk|protosynthesisatk\n|move|p2a: Growing Older|Yawn|p1a: Great Tusk\n|-start|p1a: Great Tusk|move: Yawn|[of] p2a: Growing Older\n|\n|-weather|SunnyDay|[upkeep]\n|upkeep\n|turn|5\n|l| AegiSwaggy\n|\n|t:|1699114208\n|-end|p1a: Great Tusk|Protosynthesis|[silent]\n|switch|p1a: Grimmsnarl|Grimmsnarl, M|81\/100\n|-damage|p1a: Grimmsnarl|69\/100|[from] Stealth Rock\n|switch|p2a: Not An Option|Typhlosion-Hisui, F|100\/100\n|\n|-weather|SunnyDay|[upkeep]\n|upkeep\n|turn|6\n|j| Bug Maniac Swaggy\n|\n|t:|1699114221\n|move|p1a: Grimmsnarl|Parting Shot|p2a: Not An Option\n|-unboost|p2a: Not An Option|atk|1\n|-unboost|p2a: Not An Option|spa|1\n|c| Bug Maniac Swaggy|went back on computer\n|\n|t:|1699114225\n|switch|p1a: Great Tusk|Great Tusk|100\/100|[from] Parting Shot\n|-activate|p1a: Great Tusk|ability: Protosynthesis\n|-start|p1a: Great Tusk|protosynthesisatk\n|move|p2a: Not An Option|Eruption|p1a: Great Tusk\n|-damage|p1a: Great Tusk|42\/100\n|\n|-weather|SunnyDay|[upkeep]\n|upkeep\n|turn|7\n|\n|t:|1699114235\n|move|p2a: Not An Option|Eruption|p1a: Great Tusk\n|-damage|p1a: Great Tusk|0 fnt\n|faint|p1a: Great Tusk\n|-end|p1a: Great Tusk|Protosynthesis|[silent]\n|\n|-weather|SunnyDay|[upkeep]\n|upkeep\n|\n|t:|1699114238\n|switch|p1a: Sandy Shocks|Sandy Shocks|100\/100\n|-damage|p1a: Sandy Shocks|94\/100|[from] Stealth Rock\n|-activate|p1a: Sandy Shocks|ability: Protosynthesis\n|-start|p1a: Sandy Shocks|protosynthesisspa\n|turn|8\n|\n|t:|1699114253\n|switch|p2a: I Need A Surgeon|Moltres|100\/100\n|move|p1a: Sandy Shocks|Earth Power|p2a: I Need A Surgeon\n|-immune|p2a: I Need A Surgeon\n|\n|-weather|SunnyDay|[upkeep]\n|-sideend|p1: BloodPlum|move: Light Screen\n|upkeep\n|turn|9\n|\n|t:|1699114291\n|-end|p1a: Sandy Shocks|Protosynthesis|[silent]\n|switch|p1a: Grimmsnarl|Grimmsnarl, M|69\/100\n|-damage|p1a: Grimmsnarl|57\/100|[from] Stealth Rock\n|move|p2a: I Need A Surgeon|U-turn|p1a: Grimmsnarl\n|-damage|p1a: Grimmsnarl|48\/100\n|\n|t:|1699114307\n|switch|p2a: Not An Option|Typhlosion-Hisui, F|100\/100|[from] U-turn\n|\n|-weather|none\n|-sideend|p1: BloodPlum|Reflect\n|upkeep\n|turn|10\n|\n|t:|1699114320\n|switch|p2a: Growing Older|Torkoal, M|91\/100\n|-weather|SunnyDay|[from] ability: Drought|[of] p2a: Growing Older\n|move|p1a: Grimmsnarl|Light Screen|p1a: Grimmsnarl\n|-sidestart|p1: BloodPlum|move: Light Screen\n|\n|-weather|SunnyDay|[upkeep]\n|upkeep\n|turn|11\n|\n|t:|1699114330\n|move|p1a: Grimmsnarl|Parting Shot|p2a: Growing Older\n|-unboost|p2a: Growing Older|atk|1\n|-unboost|p2a: Growing Older|spa|1\n|\n|t:|1699114333\n|switch|p1a: Glimmora|Glimmora, F|100\/100|[from] Parting Shot\n|-damage|p1a: Glimmora|88\/100|[from] Stealth Rock\n|move|p2a: Growing Older|Yawn|p1a: Glimmora\n|-start|p1a: Glimmora|move: Yawn|[of] p2a: Growing Older\n|\n|-weather|SunnyDay|[upkeep]\n|upkeep\n|turn|12\n|\n|t:|1699114365\n|switch|p2a: Revolt|Volcanion|100\/100\n|move|p1a: Glimmora|Mortal Spin|p2a: Revolt\n|-damage|p2a: Revolt|94\/100\n|-status|p2a: Revolt|psn\n|-sideend|p1: BloodPlum|Stealth Rock|[from] move: Mortal Spin|[of] p1a: Glimmora\n|\n|-weather|SunnyDay|[upkeep]\n|-heal|p2a: Revolt|99\/100 psn|[from] item: Leftovers\n|-damage|p2a: Revolt|87\/100 psn|[from] psn\n|-end|p1a: Glimmora|move: Yawn|[silent]\n|-status|p1a: Glimmora|slp\n|upkeep\n|turn|13\n|\n|t:|1699114379\n|cant|p1a: Glimmora|slp\n|move|p2a: Revolt|Steam Eruption|p1a: Glimmora\n|-supereffective|p1a: Glimmora\n|-damage|p1a: Glimmora|55\/100 slp\n|\n|-weather|SunnyDay|[upkeep]\n|-heal|p2a: Revolt|93\/100 psn|[from] item: Leftovers\n|-damage|p2a: Revolt|81\/100 psn|[from] psn\n|upkeep\n|turn|14\n|\n|t:|1699114397\n|switch|p2a: Not An Option|Typhlosion-Hisui, F|100\/100\n|cant|p1a: Glimmora|slp\n|\n|-weather|SunnyDay|[upkeep]\n|upkeep\n|turn|15\n|\n|t:|1699114407\n|move|p2a: Not An Option|Eruption|p1a: Glimmora\n|-resisted|p1a: Glimmora\n|-damage|p1a: Glimmora|20\/100 slp\n|cant|p1a: Glimmora|slp\n|\n|-weather|SunnyDay|[upkeep]\n|upkeep\n|turn|16\n|c| AhiruChan|silly moonz ur under sun and light screen\n|\n|t:|1699114416\n|move|p2a: Not An Option|Eruption|p1a: Glimmora\n|-resisted|p1a: Glimmora\n|-damage|p1a: Glimmora|0 fnt\n|faint|p1a: Glimmora\n|\n|-weather|SunnyDay|[upkeep]\n|upkeep\n|\n|t:|1699114419\n|switch|p1a: Grimmsnarl|Grimmsnarl, M|48\/100\n|turn|17\n|\n|t:|1699114440\n|move|p1a: Grimmsnarl|Reflect|p1a: Grimmsnarl\n|-sidestart|p1: BloodPlum|Reflect\n|move|p2a: Not An Option|Eruption|p1a: Grimmsnarl\n|-damage|p1a: Grimmsnarl|4\/100\n|\n|-weather|none\n|-sideend|p1: BloodPlum|move: Light Screen\n|upkeep\n|turn|18\n|\n|t:|1699114457\n|move|p1a: Grimmsnarl|Light Screen|p1a: Grimmsnarl\n|-sidestart|p1: BloodPlum|move: Light Screen\n|move|p2a: Not An Option|Eruption|p1a: Grimmsnarl\n|-damage|p1a: Grimmsnarl|0 fnt\n|faint|p1a: Grimmsnarl\n|\n|upkeep\n|c| IncandescentCandle|3\/8 eruptions left\n|\n|t:|1699114462\n|switch|p1a: Sandy Shocks|Sandy Shocks|94\/100\n|turn|19\n|\n|t:|1699114474\n|switch|p2a: I Need A Surgeon|Moltres|100\/100\n|move|p1a: Sandy Shocks|Discharge|p2a: I Need A Surgeon\n|-supereffective|p2a: I Need A Surgeon\n|-damage|p2a: I Need A Surgeon|46\/100\n|\n|upkeep\n|turn|20\n|\n|t:|1699114484\n|switch|p2a: Everybody Knows|Ogerpon-Hearthflame, F|100\/100\n|-ability|p2a: Everybody Knows|Mold Breaker\n|move|p1a: Sandy Shocks|Discharge|p2a: Everybody Knows\n|-resisted|p2a: Everybody Knows\n|-damage|p2a: Everybody Knows|77\/100\n|\n|upkeep\n|turn|21\n|\n|t:|1699114508\n|-end|p1a: Sandy Shocks|Protosynthesis|[silent]\n|switch|p1a: Ninetales|Ninetales, F|100\/100\n|-weather|SunnyDay|[from] ability: Drought|[of] p1a: Ninetales\n|move|p2a: Everybody Knows|Swords Dance|p2a: Everybody Knows\n|-boost|p2a: Everybody Knows|atk|2\n|\n|-weather|SunnyDay|[upkeep]\n|upkeep\n|turn|22\n|c| AhiruChan|become zacian\n|\n|t:|1699114538\n|move|p1a: Ninetales|Scorching Sands|p2a: Everybody Knows\n|-damage|p2a: Everybody Knows|56\/100\n|move|p2a: Everybody Knows|Ivy Cudgel|p1a: Ninetales\n|-resisted|p1a: Ninetales\n|-damage|p1a: Ninetales|32\/100\n|\n|-weather|SunnyDay|[upkeep]\n|upkeep\n|turn|23\n|c| ArcticIzagi|bonk\n|c| IncandescentCandle|i am become hearthflame-tera, destroyer of ou\n|\n|t:|1699114546\n|switch|p1a: Sandy Shocks|Sandy Shocks|94\/100\n|-activate|p1a: Sandy Shocks|ability: Protosynthesis\n|-start|p1a: Sandy Shocks|protosynthesisspa\n|move|p2a: Everybody Knows|Ivy Cudgel|p1a: Sandy Shocks\n|-damage|p1a: Sandy Shocks|0 fnt\n|faint|p1a: Sandy Shocks\n|-end|p1a: Sandy Shocks|Protosynthesis|[silent]\n|\n|-weather|SunnyDay|[upkeep]\n|upkeep\n|\n|t:|1699114552\n|switch|p1a: Ninetales|Ninetales, F|32\/100\n|turn|24\n|\n|t:|1699114558\n|move|p1a: Ninetales|Flamethrower|p2a: Everybody Knows\n|-damage|p2a: Everybody Knows|0 fnt\n|faint|p2a: Everybody Knows\n|\n|-weather|SunnyDay|[upkeep]\n|-sideend|p1: BloodPlum|Reflect\n|upkeep\n|\n|t:|1699114572\n|switch|p2a: Villain|Charizard, F|100\/100\n|turn|25\n|c| AhiruChan|huh\n|c|\u2606Moonz_e|That's a gg probably\n|\n|t:|1699114583\n|detailschange|p2a: Villain|Charizard-Mega-X, F\n|-mega|p2a: Villain|Charizard|Charizardite X\n|move|p1a: Ninetales|Flamethrower|p2a: Villain\n|-resisted|p2a: Villain\n|-damage|p2a: Villain|85\/100\n|move|p2a: Villain|Dragon Dance|p2a: Villain\n|-boost|p2a: Villain|atk|1\n|-boost|p2a: Villain|spe|1\n|\n|-weather|none\n|-sideend|p1: BloodPlum|move: Light Screen\n|upkeep\n|turn|26\n|\n|t:|1699114596\n|switch|p1a: Lopunny|Lopunny, F|100\/100\n|move|p2a: Villain|Dragon Claw|p1a: Lopunny\n|-damage|p1a: Lopunny|0 fnt\n|faint|p1a: Lopunny\n|\n|upkeep\n|\n|t:|1699114598\n|switch|p1a: Ninetales|Ninetales, F|32\/100\n|-weather|SunnyDay|[from] ability: Drought|[of] p1a: Ninetales\n|turn|27\n|\n|t:|1699114607\n|move|p2a: Villain|Dragon Claw|p1a: Ninetales\n|-damage|p1a: Ninetales|0 fnt\n|faint|p1a: Ninetales\n|\n|win|Moonz_e\n|l|\u2606BloodPlum\n|c|\u2606Moonz_e|Gg\n|l| AhiruChan\n","uploadtime":1699114617,"views":19,"p1id":"bloodplum","p2id":"moonze","formatid":"gen9nationaldexubers","rating":0,"private":0,"password":""}