{"id":"gen9nationaldexubers-1978342635","p1":"mariaclaraivp2","p2":"Angel Karma","format":"[Gen 9] National Dex Ubers","log":"|j|\u2606mariaclaraivp2\n|j|\u2606Angel Karma\n|t:|1698527269\n|gametype|singles\n|player|p1|mariaclaraivp2|lance|1293\n|player|p2|Angel Karma|unknown|1379\n|teamsize|p1|6\n|teamsize|p2|6\n|gen|9\n|tier|[Gen 9] National Dex Ubers\n|rated|\n|rule|HP Percentage Mod: HP is shown in percentages\n|rule|Endless Battle Clause: Forcing endless battles is banned\n|rule|OHKO Clause: OHKO moves are banned\n|rule|Evasion Moves Clause: Evasion moves are banned\n|rule|Evasion Items Clause: Evasion items are banned\n|rule|Species Clause: Limit one of each Pok\u00e9mon\n|rule|Sleep Clause Mod: Limit one foe put to sleep\n|rule|Mega Rayquaza Clause: You cannot mega evolve Rayquaza\n|clearpoke\n|poke|p1|Venusaur, M|\n|poke|p1|Houndoom, F|\n|poke|p1|Groudon|\n|poke|p1|Slowbro, M|\n|poke|p1|Excadrill, F|\n|poke|p1|Heliolisk, M|\n|poke|p2|Haxorus, F|\n|poke|p2|Groudon|\n|poke|p2|Skarmory, F|\n|poke|p2|Yveltal|\n|poke|p2|Flutter Mane|\n|poke|p2|Lucario, M|\n|teampreview\n|j| larsoz\n|l| larsoz\n|\n|t:|1698527307\n|start\n|switch|p1a: Slowbro|Slowbro, M|100\/100\n|switch|p2a: Haxorus|Haxorus, F|100\/100\n|-ability|p2a: Haxorus|Mold Breaker\n|turn|1\n|inactive|Battle timer is ON: inactive players will automatically lose when time's up. (requested by mariaclaraivp2)\n|\n|t:|1698527316\n|switch|p2a: Groudon|Groudon, shiny|100\/100\n|detailschange|p2a: Groudon|Groudon-Primal, shiny\n|-primal|p2a: Groudon|Red Orb\n|-weather|DesolateLand|[from] ability: Desolate Land|[of] p2a: Groudon\n|move|p1a: Slowbro|Yawn|p2a: Groudon\n|-start|p2a: Groudon|move: Yawn|[of] p1a: Slowbro\n|\n|-weather|DesolateLand|[upkeep]\n|upkeep\n|turn|2\n|inactive|mariaclaraivp2 has 120 seconds left.\n|\n|t:|1698527348\n|-weather|none\n|switch|p2a: Skarmory|Skarmory, F|100\/100\n|switch|p1a: Groudon|Groudon|100\/100\n|-weather|SunnyDay|[from] ability: Drought|[of] p1a: Groudon\n|\n|-weather|SunnyDay|[upkeep]\n|upkeep\n|turn|3\n|\n|t:|1698527360\n|move|p2a: Skarmory|Swords Dance|p2a: Skarmory\n|-boost|p2a: Skarmory|atk|2\n|move|p1a: Groudon|Stealth Rock|p2a: Skarmory\n|-sidestart|p2: Angel Karma|move: Stealth Rock\n|\n|-weather|SunnyDay|[upkeep]\n|upkeep\n|turn|4\n|\n|t:|1698527370\n|switch|p1a: Houndoom|Houndoom, F|100\/100\n|move|p2a: Skarmory|Defog|p1a: Houndoom\n|-unboost|p1a: Houndoom|evasion|1\n|-sideend|p2: Angel Karma|Stealth Rock|[from] move: Defog|[of] p2a: Skarmory\n|\n|-weather|SunnyDay|[upkeep]\n|upkeep\n|turn|5\n|\n|t:|1698527383\n|switch|p2a: Groudon|Groudon-Primal, shiny|100\/100\n|-weather|DesolateLand|[from] ability: Desolate Land|[of] p2a: Groudon\n|detailschange|p1a: Houndoom|Houndoom-Mega, F\n|-mega|p1a: Houndoom|Houndoom|Houndoominite\n|move|p1a: Houndoom|Flamethrower|p2a: Groudon\n|-resisted|p2a: Groudon\n|-damage|p2a: Groudon|43\/100\n|\n|-weather|DesolateLand|[upkeep]\n|-damage|p1a: Houndoom|88\/100|[from] ability: Solar Power|[of] p1a: Houndoom\n|upkeep\n|turn|6\n|inactive|mariaclaraivp2 has 120 seconds left.\n|\n|t:|1698527419\n|-weather|none\n|switch|p2a: Flutter Mane|Flutter Mane|100\/100\n|move|p1a: Houndoom|Dark Pulse|p2a: Flutter Mane\n|-damage|p2a: Flutter Mane|57\/100\n|\n|upkeep\n|turn|7\n|\n|t:|1698527427\n|switch|p1a: Groudon|Groudon|100\/100\n|-weather|SunnyDay|[from] ability: Drought|[of] p1a: Groudon\n|-activate|p2a: Flutter Mane|ability: Protosynthesis\n|-start|p2a: Flutter Mane|protosynthesisspe\n|move|p2a: Flutter Mane|Thunder Wave|p1a: Groudon\n|-immune|p1a: Groudon\n|\n|-weather|SunnyDay|[upkeep]\n|upkeep\n|turn|8\n|\n|t:|1698527440\n|move|p2a: Flutter Mane|Moonblast|p1a: Groudon\n|-damage|p1a: Groudon|64\/100\n|move|p1a: Groudon|Thunder Wave|p2a: Flutter Mane\n|-status|p2a: Flutter Mane|par\n|\n|-weather|SunnyDay|[upkeep]\n|upkeep\n|turn|9\n|\n|t:|1698527449\n|switch|p1a: Houndoom|Houndoom-Mega, F|88\/100\n|move|p2a: Flutter Mane|Moonblast|p1a: Houndoom\n|-damage|p1a: Houndoom|20\/100\n|-unboost|p1a: Houndoom|spa|1\n|\n|-weather|SunnyDay|[upkeep]\n|-damage|p1a: Houndoom|8\/100|[from] ability: Solar Power|[of] p1a: Houndoom\n|upkeep\n|turn|10\n|\n|t:|1698527459\n|move|p1a: Houndoom|Flamethrower|p2a: Flutter Mane\n|-damage|p2a: Flutter Mane|0 fnt\n|faint|p2a: Flutter Mane\n|-end|p2a: Flutter Mane|Protosynthesis|[silent]\n|\n|-weather|SunnyDay|[upkeep]\n|-damage|p1a: Houndoom|0 fnt|[from] ability: Solar Power|[of] p1a: Houndoom\n|faint|p1a: Houndoom\n|upkeep\n|\n|t:|1698527469\n|switch|p2a: Yveltal|Yveltal|100\/100\n|switch|p1a: Venusaur|Venusaur, M|100\/100\n|-ability|p2a: Yveltal|Dark Aura\n|turn|11\n|inactive|mariaclaraivp2 has 120 seconds left.\n|inactive|mariaclaraivp2 has 90 seconds left.\n|-message|mariaclaraivp2 forfeited.\n|\n|win|Angel Karma\n|raw|mariaclaraivp2's rating: 1293 &rarr; <strong>1274<\/strong><br \/>(-19 for losing)\n|raw|Angel Karma's rating: 1379 &rarr; <strong>1394<\/strong><br \/>(+15 for winning)\n|l|\u2606mariaclaraivp2\n","uploadtime":1698527549,"views":4,"p1id":"mariaclaraivp2","p2id":"angelkarma","formatid":"gen9nationaldexubers","rating":1274,"private":0,"password":""}