{"id":"gen9nationaldexubers-1988948884","p1":"thyv5hvv","p2":"ajaowoap","format":"[Gen 9] National Dex Ubers","log":"|j|\u2606thyv5hvv\n|j|\u2606ajaowoap\n|t:|1699793040\n|gametype|singles\n|player|p1|thyv5hvv|cyclistf-gen4|1000\n|player|p2|ajaowoap|170|1055\n|teamsize|p1|6\n|teamsize|p2|6\n|gen|9\n|tier|[Gen 9] National Dex Ubers\n|rated|\n|rule|HP Percentage Mod: HP is shown in percentages\n|rule|Endless Battle Clause: Forcing endless battles is banned\n|rule|OHKO Clause: OHKO moves are banned\n|rule|Evasion Moves Clause: Evasion moves are banned\n|rule|Evasion Items Clause: Evasion items are banned\n|rule|Species Clause: Limit one of each Pok\u00e9mon\n|rule|Sleep Clause Mod: Limit one foe put to sleep\n|rule|Mega Rayquaza Clause: You cannot mega evolve Rayquaza\n|clearpoke\n|poke|p1|Giratina|\n|poke|p1|Dondozo, M|\n|poke|p1|Chansey, F|\n|poke|p1|Tyranitar, F|\n|poke|p1|Ho-Oh|\n|poke|p1|Mewtwo|\n|poke|p2|Groudon|\n|poke|p2|Calyrex-Ice|\n|poke|p2|Clodsire, M|\n|poke|p2|Chansey, F|\n|poke|p2|Xerneas-*|\n|poke|p2|Lucario, M|\n|teampreview\n|inactive|Battle timer is ON: inactive players will automatically lose when time's up. (requested by thyv5hvv)\n|\n|t:|1699793069\n|start\n|switch|p1a: Giratina|Giratina|100\/100\n|switch|p2a: Groudon|Groudon|100\/100\n|-ability|p1a: Giratina|Pressure\n|detailschange|p2a: Groudon|Groudon-Primal\n|-primal|p2a: Groudon|Red Orb\n|-weather|DesolateLand|[from] ability: Desolate Land|[of] p2a: Groudon\n|turn|1\n|\n|t:|1699793074\n|-weather|none\n|switch|p2a: Clodsire|Clodsire, M|100\/100\n|move|p1a: Giratina|Toxic|p2a: Clodsire\n|-immune|p2a: Clodsire\n|\n|upkeep\n|turn|2\n|\n|t:|1699793083\n|switch|p1a: Chansey|Chansey, F|100\/100\n|move|p2a: Clodsire|Toxic|p1a: Chansey\n|-status|p1a: Chansey|tox\n|\n|-damage|p1a: Chansey|94\/100 tox|[from] psn\n|upkeep\n|turn|3\n|\n|t:|1699793087\n|-curestatus|p1a: Chansey|tox|[from] ability: Natural Cure\n|switch|p1a: Giratina|Giratina|100\/100\n|-ability|p1a: Giratina|Pressure\n|switch|p2a: Calyrex|Calyrex-Ice|100\/100\n|-ability|p2a: Calyrex|As One\n|-ability|p2a: Calyrex|Unnerve\n|\n|upkeep\n|turn|4\n|\n|t:|1699793098\n|switch|p1a: Ho-Oh|Ho-Oh|100\/100\n|move|p2a: Calyrex|Glacial Lance|p1a: Ho-Oh\n|-damage|p1a: Ho-Oh|18\/100\n|\n|upkeep\n|turn|5\n|\n|t:|1699793105\n|switch|p1a: Dondozo|Dondozo, M|100\/100\n|move|p2a: Calyrex|Glacial Lance|p1a: Dondozo\n|-resisted|p1a: Dondozo\n|-damage|p1a: Dondozo|74\/100\n|\n|-heal|p1a: Dondozo|80\/100|[from] item: Leftovers\n|upkeep\n|turn|6\n|\n|t:|1699793109\n|switch|p2a: Xerneas|Xerneas|100\/100\n|-ability|p2a: Xerneas|Fairy Aura\n|switch|p1a: Ho-Oh|Ho-Oh|51\/100\n|\n|upkeep\n|turn|7\n|\n|t:|1699793115\n|move|p2a: Xerneas|Thunder|p1a: Ho-Oh\n|-supereffective|p1a: Ho-Oh\n|-damage|p1a: Ho-Oh|2\/100\n|move|p1a: Ho-Oh|Toxic|p2a: Xerneas|[miss]\n|-miss|p1a: Ho-Oh|p2a: Xerneas\n|\n|upkeep\n|turn|8\n|\n|t:|1699793123\n|switch|p2a: Lucario|Lucario, M|100\/100\n|switch|p1a: Chansey|Chansey, F|94\/100\n|\n|upkeep\n|turn|9\n|\n|t:|1699793130\n|switch|p1a: Mewtwo|Mewtwo|100\/100\n|-ability|p1a: Mewtwo|Pressure\n|detailschange|p2a: Lucario|Lucario-Mega, M\n|-mega|p2a: Lucario|Lucario|Lucarionite\n|move|p2a: Lucario|Meteor Mash|p1a: Mewtwo|[miss]\n|-miss|p2a: Lucario|p1a: Mewtwo\n|\n|upkeep\n|turn|10\n|\n|t:|1699793140\n|switch|p2a: Chansey|Chansey, F|100\/100\n|move|p1a: Mewtwo|Will-O-Wisp|p2a: Chansey\n|-status|p2a: Chansey|brn\n|\n|-damage|p2a: Chansey|94\/100 brn|[from] brn\n|upkeep\n|turn|11\n|\n|t:|1699793143\n|switch|p1a: Ho-Oh|Ho-Oh|35\/100\n|move|p2a: Chansey|Thunder Wave|p1a: Ho-Oh\n|-status|p1a: Ho-Oh|par\n|\n|-damage|p2a: Chansey|88\/100 brn|[from] brn\n|upkeep\n|turn|12\n|\n|t:|1699793150\n|-curestatus|p2a: Chansey|brn|[from] ability: Natural Cure\n|switch|p2a: Calyrex|Calyrex-Ice|100\/100\n|-ability|p2a: Calyrex|As One\n|-ability|p2a: Calyrex|Unnerve\n|switch|p1a: Dondozo|Dondozo, M|80\/100\n|\n|-heal|p1a: Dondozo|86\/100|[from] item: Leftovers\n|upkeep\n|turn|13\n|\n|t:|1699793156\n|move|p2a: Calyrex|Zen Headbutt|p1a: Dondozo\n|-damage|p1a: Dondozo|49\/100\n|move|p1a: Dondozo|Liquidation|p2a: Calyrex\n|-damage|p2a: Calyrex|82\/100\n|-unboost|p2a: Calyrex|def|1\n|\n|-heal|p1a: Dondozo|55\/100|[from] item: Leftovers\n|upkeep\n|turn|14\n|\n|t:|1699793173\n|move|p2a: Calyrex|Zen Headbutt|p1a: Dondozo\n|-damage|p1a: Dondozo|17\/100\n|cant|p1a: Dondozo|flinch\n|\n|-heal|p1a: Dondozo|23\/100|[from] item: Leftovers\n|upkeep\n|turn|15\n|\n|t:|1699793180\n|switch|p1a: Mewtwo|Mewtwo|100\/100\n|-ability|p1a: Mewtwo|Pressure\n|move|p2a: Calyrex|Zen Headbutt|p1a: Mewtwo\n|-resisted|p1a: Mewtwo\n|-crit|p1a: Mewtwo\n|-damage|p1a: Mewtwo|45\/100\n|-damage|p2a: Calyrex|65\/100|[from] item: Rocky Helmet|[of] p1a: Mewtwo\n|\n|upkeep\n|turn|16\n|\n|t:|1699793192\n|move|p1a: Mewtwo|Recover|p1a: Mewtwo\n|-heal|p1a: Mewtwo|95\/100\n|move|p2a: Calyrex|Zen Headbutt|p1a: Mewtwo|[miss]\n|-miss|p2a: Calyrex|p1a: Mewtwo\n|\n|upkeep\n|turn|17\n|\n|t:|1699793200\n|switch|p1a: Dondozo|Dondozo, M|23\/100\n|move|p2a: Calyrex|Zen Headbutt|p1a: Dondozo\n|-crit|p1a: Dondozo\n|-damage|p1a: Dondozo|0 fnt\n|faint|p1a: Dondozo\n|-ability|p2a: Calyrex|Chilling Neigh|boost\n|-boost|p2a: Calyrex|atk|1\n|\n|upkeep\n|\n|t:|1699793205\n|switch|p1a: Mewtwo|Mewtwo|95\/100\n|-ability|p1a: Mewtwo|Pressure\n|turn|18\n|\n|t:|1699793213\n|switch|p2a: Chansey|Chansey, F|88\/100\n|move|p1a: Mewtwo|Psystrike|p2a: Chansey\n|-damage|p2a: Chansey|56\/100\n|\n|upkeep\n|turn|19\n|\n|t:|1699793222\n|switch|p1a: Ho-Oh|Ho-Oh|68\/100 par\n|move|p2a: Chansey|Teleport|p2a: Chansey\n|\n|t:|1699793228\n|switch|p2a: Calyrex|Calyrex-Ice|65\/100|[from] Teleport\n|-ability|p2a: Calyrex|As One\n|-ability|p2a: Calyrex|Unnerve\n|\n|upkeep\n|turn|20\n|\n|t:|1699793238\n|move|p2a: Calyrex|Glacial Lance|p1a: Ho-Oh\n|-damage|p1a: Ho-Oh|0 fnt\n|faint|p1a: Ho-Oh\n|-ability|p2a: Calyrex|Chilling Neigh|boost\n|-boost|p2a: Calyrex|atk|1\n|\n|upkeep\n|-message|thyv5hvv forfeited.\n|\n|win|ajaowoap\n|raw|thyv5hvv's rating: 1000 &rarr; <strong>1000<\/strong><br \/>(+0 for losing)\n|raw|ajaowoap's rating: 1055 &rarr; <strong>1082<\/strong><br \/>(+27 for winning)\n|l|\u2606thyv5hvv\n","uploadtime":1699793266,"views":8,"p1id":"thyv5hvv","p2id":"ajaowoap","formatid":"gen9nationaldexubers","rating":1000,"private":0,"password":""}