{"id":"gen9nationaldexubers-1979241539","p1":"ironsp1dr","p2":"RucolaLuca","format":"[Gen 9] National Dex Ubers","log":"|j|\u2606ironsp1dr\n|j|\u2606RucolaLuca\n|t:|1698659141\n|gametype|singles\n|player|p1|ironsp1dr|li|1111\n|player|p2|RucolaLuca|swimmerf-gen4|1124\n|teamsize|p1|6\n|teamsize|p2|6\n|gen|9\n|tier|[Gen 9] National Dex Ubers\n|rated|\n|rule|HP Percentage Mod: HP is shown in percentages\n|rule|Endless Battle Clause: Forcing endless battles is banned\n|rule|OHKO Clause: OHKO moves are banned\n|rule|Evasion Moves Clause: Evasion moves are banned\n|rule|Evasion Items Clause: Evasion items are banned\n|rule|Species Clause: Limit one of each Pok\u00e9mon\n|rule|Sleep Clause Mod: Limit one foe put to sleep\n|rule|Mega Rayquaza Clause: You cannot mega evolve Rayquaza\n|clearpoke\n|poke|p1|Absol, F|\n|poke|p1|Samurott-Hisui, M|\n|poke|p1|Meowscarada, F|\n|poke|p1|Krookodile, M|\n|poke|p1|Zoroark, M|\n|poke|p1|Hydreigon, M|\n|poke|p2|Ferrothorn, M|\n|poke|p2|Infernape, M|\n|poke|p2|Houndstone, M|\n|poke|p2|Beautifly, M|\n|poke|p2|Serperior, M|\n|poke|p2|Weavile, M|\n|teampreview\n|\n|t:|1698659183\n|start\n|switch|p1a: Posiedon|Samurott-Hisui, M, shiny|100\/100\n|switch|p2a: Ferrothorn|Ferrothorn, M|100\/100\n|turn|1\n|\n|t:|1698659190\n|move|p1a: Posiedon|Ceaseless Edge|p2a: Ferrothorn\n|-damage|p2a: Ferrothorn|71\/100\n|-damage|p1a: Posiedon|88\/100|[from] ability: Iron Barbs|[of] p2a: Ferrothorn\n|-damage|p1a: Posiedon|72\/100|[from] item: Rocky Helmet|[of] p2a: Ferrothorn\n|-sidestart|p2: RucolaLuca|Spikes\n|move|p2a: Ferrothorn|Leech Seed|p1a: Posiedon\n|-start|p1a: Posiedon|move: Leech Seed\n|\n|-damage|p1a: Posiedon|59\/100|[from] Leech Seed|[of] p2a: Ferrothorn\n|-heal|p2a: Ferrothorn|83\/100|[silent]\n|upkeep\n|turn|2\n|\n|t:|1698659221\n|switch|p1a: Hydreigon|Hydreigon, M|100\/100\n|move|p2a: Ferrothorn|Toxic|p1a: Hydreigon\n|-status|p1a: Hydreigon|tox\n|\n|-damage|p1a: Hydreigon|94\/100 tox|[from] psn\n|upkeep\n|turn|3\n|\n|t:|1698659251\n|move|p1a: Hydreigon|Stealth Rock|p2a: Ferrothorn\n|-sidestart|p2: RucolaLuca|move: Stealth Rock\n|move|p2a: Ferrothorn|Leech Seed|p1a: Hydreigon\n|-start|p1a: Hydreigon|move: Leech Seed\n|\n|-damage|p1a: Hydreigon|82\/100 tox|[from] Leech Seed|[of] p2a: Ferrothorn\n|-heal|p2a: Ferrothorn|94\/100|[silent]\n|-damage|p1a: Hydreigon|70\/100 tox|[from] psn\n|upkeep\n|turn|4\n|\n|t:|1698659259\n|switch|p1a: Sobek|Krookodile, M|100\/100\n|move|p2a: Ferrothorn|Gyro Ball|p1a: Sobek\n|-damage|p1a: Sobek|42\/100\n|\n|upkeep\n|turn|5\n|\n|t:|1698659264\n|move|p1a: Sobek|Earthquake|p2a: Ferrothorn\n|-damage|p2a: Ferrothorn|66\/100\n|move|p2a: Ferrothorn|Gyro Ball|p1a: Sobek\n|-damage|p1a: Sobek|0 fnt\n|faint|p1a: Sobek\n|\n|upkeep\n|\n|t:|1698659272\n|switch|p1a: Posiedon|Samurott-Hisui, M, shiny|100\/100\n|turn|6\n|\n|t:|1698659275\n|move|p1a: Posiedon|Flamethrower|p2a: Ferrothorn\n|-supereffective|p2a: Ferrothorn\n|-damage|p2a: Ferrothorn|0 fnt\n|faint|p2a: Ferrothorn\n|\n|upkeep\n|\n|t:|1698659291\n|switch|p2a: Weavile|Weavile, M|100\/100\n|-damage|p2a: Weavile|88\/100|[from] Spikes\n|-damage|p2a: Weavile|63\/100|[from] Stealth Rock\n|-ability|p2a: Weavile|Pressure\n|turn|7\n|\n|t:|1698659303\n|move|p2a: Weavile|Fake Out|p1a: Posiedon\n|-damage|p1a: Posiedon|61\/100\n|replace|p1a: Zoroark|Zoroark, M, shiny\n|-end|p1a: Zoroark|Illusion\n|cant|p1a: Zoroark|flinch\n|\n|upkeep\n|turn|8\n|\n|t:|1698659322\n|switch|p2a: Infernape|Infernape, M|100\/100\n|-damage|p2a: Infernape|88\/100|[from] Spikes\n|-damage|p2a: Infernape|76\/100|[from] Stealth Rock\n|move|p1a: Zoroark|Flamethrower|p2a: Infernape\n|-resisted|p2a: Infernape\n|-damage|p2a: Infernape|52\/100\n|\n|upkeep\n|turn|9\n|\n|t:|1698659327\n|move|p2a: Infernape|Mach Punch|p1a: Zoroark\n|-supereffective|p1a: Zoroark\n|-damage|p1a: Zoroark|0 fnt\n|faint|p1a: Zoroark\n|\n|upkeep\n|\n|t:|1698659330\n|switch|p1a: Primrose|Meowscarada, F|100\/100\n|turn|10\n|\n|t:|1698659364\n|move|p2a: Infernape|Mach Punch|p1a: Primrose\n|-supereffective|p1a: Primrose\n|-damage|p1a: Primrose|15\/100\n|move|p1a: Primrose|Play Rough|p2a: Infernape\n|-start|p1a: Primrose|typechange|Fairy|[from] ability: Protean\n|-damage|p2a: Infernape|0 fnt\n|faint|p2a: Infernape\n|\n|upkeep\n|\n|t:|1698659381\n|switch|p2a: Weavile|Weavile, M|63\/100\n|-damage|p2a: Weavile|51\/100|[from] Spikes\n|-damage|p2a: Weavile|26\/100|[from] Stealth Rock\n|-ability|p2a: Weavile|Pressure\n|turn|11\n|\n|t:|1698659388\n|move|p2a: Weavile|Fake Out|p1a: Primrose\n|-damage|p1a: Primrose|0 fnt\n|faint|p1a: Primrose\n|\n|upkeep\n|\n|t:|1698659393\n|switch|p1a: Posiedon|Samurott-Hisui, M, shiny|59\/100\n|turn|12\n|\n|t:|1698659396\n|move|p2a: Weavile|Fake Out||[still]\n|-hint|Fake Out only works on your first turn out.\n|-fail|p2a: Weavile\n|move|p1a: Posiedon|Air Slash|p2a: Weavile\n|-damage|p2a: Weavile|0 fnt\n|faint|p2a: Weavile\n|\n|upkeep\n|\n|t:|1698659416\n|switch|p2a: Serperior|Serperior, M|100\/100\n|-damage|p2a: Serperior|88\/100|[from] Spikes\n|-damage|p2a: Serperior|76\/100|[from] Stealth Rock\n|turn|13\n|\n|t:|1698659421\n|move|p1a: Posiedon|Air Slash|p2a: Serperior\n|-supereffective|p2a: Serperior\n|-damage|p2a: Serperior|15\/100\n|move|p2a: Serperior|Leaf Storm|p1a: Posiedon\n|-supereffective|p1a: Posiedon\n|-damage|p1a: Posiedon|0 fnt\n|-boost|p2a: Serperior|spa|2\n|faint|p1a: Posiedon\n|\n|-heal|p2a: Serperior|21\/100|[from] item: Leftovers\n|upkeep\n|\n|t:|1698659425\n|switch|p1a: Nyx|Absol, F|100\/100\n|turn|14\n|\n|t:|1698659432\n|detailschange|p1a: Nyx|Absol-Mega, F\n|-mega|p1a: Nyx|Absol|Absolite\n|move|p1a: Nyx|Sucker Punch|p2a: Serperior\n|-damage|p2a: Serperior|0 fnt\n|faint|p2a: Serperior\n|\n|upkeep\n|\n|t:|1698659437\n|switch|p2a: Beautifly|Beautifly, M|100\/100\n|turn|15\n|\n|t:|1698659462\n|move|p1a: Nyx|Knock Off|p2a: Beautifly\n|-damage|p2a: Beautifly|35\/100\n|-enditem|p2a: Beautifly|Heavy-Duty Boots|[from] move: Knock Off|[of] p1a: Nyx\n|move|p2a: Beautifly|Bug Buzz|p1a: Nyx\n|-supereffective|p1a: Nyx\n|-damage|p1a: Nyx|5\/100\n|\n|upkeep\n|turn|16\n|\n|t:|1698659473\n|move|p1a: Nyx|Knock Off|p2a: Beautifly\n|-damage|p2a: Beautifly|0 fnt\n|faint|p2a: Beautifly\n|\n|upkeep\n|\n|t:|1698659477\n|switch|p2a: Houndstone|Houndstone, M|100\/100\n|-damage|p2a: Houndstone|88\/100|[from] Spikes\n|-damage|p2a: Houndstone|76\/100|[from] Stealth Rock\n|turn|17\n|\n|t:|1698659484\n|move|p2a: Houndstone|Last Respects|p1a: Nyx\n|-resisted|p1a: Nyx\n|-damage|p1a: Nyx|0 fnt\n|faint|p1a: Nyx\n|\n|upkeep\n|\n|t:|1698659491\n|switch|p1a: Hydreigon|Hydreigon, M|70\/100 tox\n|turn|18\n|\n|t:|1698659494\n|-terastallize|p2a: Houndstone|Ghost\n|move|p2a: Houndstone|Last Respects|p1a: Hydreigon\n|-resisted|p1a: Hydreigon\n|-damage|p1a: Hydreigon|0 fnt\n|faint|p1a: Hydreigon\n|\n|win|RucolaLuca\n|raw|ironsp1dr's rating: 1111 &rarr; <strong>1087<\/strong><br \/>(-24 for losing)\n|raw|RucolaLuca's rating: 1124 &rarr; <strong>1148<\/strong><br \/>(+24 for winning)\n|l|\u2606RucolaLuca\n","uploadtime":1698659501,"views":13,"p1id":"ironsp1dr","p2id":"rucolaluca","formatid":"gen9nationaldexubers","rating":1087,"private":0,"password":""}