{"id":"gen9nationaldexubers-1996562680","p1":"Szymszym134","p2":"Soyeon is a cutie","format":"[Gen 9] National Dex Ubers","log":"|j|\u2606Szymszym134\n|j|\u2606Soyeon is a cutie\n|t:|1700694633\n|gametype|singles\n|player|p1|Szymszym134|elesa|1724\n|player|p2|Soyeon is a cutie|idol|1863\n|teamsize|p1|6\n|teamsize|p2|6\n|gen|9\n|tier|[Gen 9] National Dex Ubers\n|rated|\n|rule|HP Percentage Mod: HP is shown in percentages\n|rule|Endless Battle Clause: Forcing endless battles is banned\n|rule|OHKO Clause: OHKO moves are banned\n|rule|Evasion Moves Clause: Evasion moves are banned\n|rule|Evasion Items Clause: Evasion items are banned\n|rule|Species Clause: Limit one of each Pok\u00e9mon\n|rule|Sleep Clause Mod: Limit one foe put to sleep\n|rule|Mega Rayquaza Clause: You cannot mega evolve Rayquaza\n|clearpoke\n|poke|p1|Magearna|\n|poke|p1|Arceus-Ground|\n|poke|p1|Yveltal|\n|poke|p1|Ditto|\n|poke|p1|Garganacl, F|\n|poke|p1|Zygarde|\n|poke|p2|Ditto|\n|poke|p2|Kyogre|\n|poke|p2|Giratina-Origin|\n|poke|p2|Arceus-Dark|\n|poke|p2|Necrozma-Dusk-Mane|\n|poke|p2|Kyurem-Black|\n|teampreview\n|inactive|Battle timer is ON: inactive players will automatically lose when time's up. (requested by Szymszym134)\n|inactive|Soyeon is a cutie also wants the timer to be on.\n|\n|t:|1700694651\n|start\n|switch|p1a: Arceus|Arceus-Ground|100\/100\n|switch|p2a: Kyogre|Kyogre|100\/100\n|-weather|RainDance|[from] ability: Drizzle|[of] p2a: Kyogre\n|turn|1\n|\n|t:|1700694655\n|-terastallize|p1a: Arceus|Water\n|move|p2a: Kyogre|Water Spout|p1a: Arceus\n|-resisted|p1a: Arceus\n|-damage|p1a: Arceus|56\/100\n|move|p1a: Arceus|Toxic|p2a: Kyogre\n|-status|p2a: Kyogre|tox\n|\n|-weather|RainDance|[upkeep]\n|-damage|p2a: Kyogre|94\/100 tox|[from] psn\n|upkeep\n|turn|2\n|j| 85792195wwww\n|\n|t:|1700694661\n|switch|p2a: Kyurem|Kyurem-Black|100\/100\n|-ability|p2a: Kyurem|Teravolt\n|move|p1a: Arceus|Recover|p1a: Arceus\n|-heal|p1a: Arceus|100\/100\n|\n|-weather|RainDance|[upkeep]\n|upkeep\n|turn|3\n|\n|t:|1700694670\n|switch|p1a: Garganacl|Garganacl, F|100\/100\n|move|p2a: Kyurem|Dragon Dance|p2a: Kyurem\n|-boost|p2a: Kyurem|atk|1\n|-boost|p2a: Kyurem|spe|1\n|\n|-weather|RainDance|[upkeep]\n|upkeep\n|turn|4\n|\n|t:|1700694673\n|move|p2a: Kyurem|Icicle Spear|p1a: Garganacl\n|-damage|p1a: Garganacl|87\/100\n|-damage|p1a: Garganacl|74\/100\n|-damage|p1a: Garganacl|61\/100\n|-damage|p1a: Garganacl|48\/100\n|-hitcount|p1a: Garganacl|4\n|move|p1a: Garganacl|Salt Cure|p2a: Kyurem\n|-supereffective|p2a: Kyurem\n|-damage|p2a: Kyurem|74\/100\n|-start|p2a: Kyurem|Salt Cure\n|\n|-weather|RainDance|[upkeep]\n|-heal|p1a: Garganacl|54\/100|[from] item: Leftovers\n|-damage|p2a: Kyurem|62\/100|[from] Salt Cure\n|upkeep\n|turn|5\n|\n|t:|1700694684\n|move|p2a: Kyurem|Icicle Spear|p1a: Garganacl\n|-crit|p1a: Garganacl\n|-damage|p1a: Garganacl|35\/100\n|-damage|p1a: Garganacl|23\/100\n|-damage|p1a: Garganacl|9\/100\n|-damage|p1a: Garganacl|0 fnt\n|faint|p1a: Garganacl\n|-hitcount|p1: Garganacl|4\n|\n|-weather|none\n|-damage|p2a: Kyurem|50\/100|[from] Salt Cure\n|upkeep\n|\n|t:|1700694691\n|switch|p1a: Ditto|Ditto|100\/100\n|-transform|p1a: Ditto|p2a: Kyurem|[from] ability: Imposter\n|-ability|p1a: Ditto|Teravolt\n|turn|6\n|\n|t:|1700694694\n|-terastallize|p2a: Kyurem|Steel\n|move|p1a: Ditto|Icicle Spear|p2a: Kyurem\n|-resisted|p2a: Kyurem\n|-damage|p2a: Kyurem|39\/100\n|-resisted|p2a: Kyurem\n|-damage|p2a: Kyurem|29\/100\n|-resisted|p2a: Kyurem\n|-damage|p2a: Kyurem|19\/100\n|-resisted|p2a: Kyurem\n|-damage|p2a: Kyurem|9\/100\n|-hitcount|p2a: Kyurem|4\n|move|p2a: Kyurem|Icicle Spear|p1a: Ditto\n|-damage|p1a: Ditto|70\/100\n|-damage|p1a: Ditto|40\/100\n|-damage|p1a: Ditto|15\/100\n|-damage|p1a: Ditto|0 fnt\n|faint|p1a: Ditto\n|-hitcount|p1: Ditto|4\n|\n|-damage|p2a: Kyurem|0 fnt|[from] Salt Cure\n|faint|p2a: Kyurem\n|upkeep\n|c|\u2606Szymszym134|Unlucky\n|\n|t:|1700694713\n|switch|p2a: Necrozma|Necrozma-Dusk-Mane|100\/100\n|switch|p1a: Arceus|Arceus-Ground, tera:Water|100\/100\n|turn|7\n|\n|t:|1700694716\n|move|p1a: Arceus|Judgment|p2a: Necrozma\n|-supereffective|p2a: Necrozma\n|-damage|p2a: Necrozma|30\/100\n|move|p2a: Necrozma|Stealth Rock|p1a: Arceus\n|-sidestart|p1: Szymszym134|move: Stealth Rock\n|\n|upkeep\n|turn|8\n|\n|t:|1700694720\n|switch|p2a: Giratina|Giratina-Origin|100\/100\n|move|p1a: Arceus|Judgment|p2a: Giratina\n|-immune|p2a: Giratina|[from] ability: Levitate\n|\n|upkeep\n|turn|9\n|\n|t:|1700694730\n|move|p1a: Arceus|Taunt|p2a: Giratina\n|-start|p2a: Giratina|move: Taunt\n|cant|p2a: Giratina|move: Taunt|Will-O-Wisp\n|\n|upkeep\n|turn|10\n|\n|t:|1700694734\n|switch|p2a: Necrozma|Necrozma-Dusk-Mane|30\/100\n|move|p1a: Arceus|Toxic|p2a: Necrozma\n|-immune|p2a: Necrozma\n|\n|upkeep\n|turn|11\n|\n|t:|1700694738\n|detailschange|p2a: Necrozma|Necrozma-Ultra\n|-burst|p2a: Necrozma|Necrozma|Ultranecrozium Z\n|move|p2a: Necrozma|Photon Geyser|p1a: Arceus\n|-damage|p1a: Arceus|58\/100\n|move|p1a: Arceus|Toxic|p2a: Necrozma\n|-status|p2a: Necrozma|tox\n|\n|-damage|p2a: Necrozma|23\/100 tox|[from] psn\n|upkeep\n|turn|12\n|\n|t:|1700694742\n|-zpower|p2a: Necrozma\n|move|p2a: Necrozma|Light That Burns the Sky|p1a: Arceus|[zeffect]\n|-damage|p1a: Arceus|0 fnt\n|faint|p1a: Arceus\n|\n|-damage|p2a: Necrozma|11\/100 tox|[from] psn\n|upkeep\n|\n|t:|1700694745\n|switch|p1a: Zygarde|Zygarde|100\/100\n|-damage|p1a: Zygarde|94\/100|[from] Stealth Rock\n|turn|13\n|-message|Szymszym134 forfeited.\n|\n|win|Soyeon is a cutie\n|raw|Szymszym134's rating: 1724 &rarr; <strong>1712<\/strong><br \/>(-12 for losing)\n|raw|Soyeon is a cutie's rating: 1863 &rarr; <strong>1875<\/strong><br \/>(+12 for winning)\n|l|\u2606Szymszym134\n","uploadtime":1700694759,"views":1,"p1id":"szymszym134","p2id":"soyeonisacutie","formatid":"gen9nationaldexubers","rating":1712,"private":0,"password":""}