{"id":"gen9nationaldexubers-1993076055","p1":"Zeno6969","p2":"its_notacewastaken","format":"[Gen 9] National Dex Ubers","log":"|j|\u2606Zeno6969\n|j|\u2606its_notacewastaken\n|t:|1700262007\n|gametype|singles\n|player|p1|Zeno6969|ltsurge|\n|player|p2|its_notacewastaken|hilda|\n|teamsize|p1|6\n|teamsize|p2|6\n|gen|9\n|tier|[Gen 9] National Dex Ubers\n|rule|HP Percentage Mod: HP is shown in percentages\n|rule|Endless Battle Clause: Forcing endless battles is banned\n|rule|OHKO Clause: OHKO moves are banned\n|rule|Evasion Moves Clause: Evasion moves are banned\n|rule|Evasion Items Clause: Evasion items are banned\n|rule|Species Clause: Limit one of each Pok\u00e9mon\n|rule|Sleep Clause Mod: Limit one foe put to sleep\n|rule|Mega Rayquaza Clause: You cannot mega evolve Rayquaza\n|clearpoke\n|poke|p1|Blastoise, F|\n|poke|p1|Shaymin-Sky|\n|poke|p1|Galvantula, F|\n|poke|p1|Garchomp, M|\n|poke|p1|Dragapult, M|\n|poke|p1|Pelipper, M|\n|poke|p2|Garganacl, F|\n|poke|p2|Kingambit, M|\n|poke|p2|Great Tusk|\n|poke|p2|Thundurus-Therian, M|\n|poke|p2|Ting-Lu|\n|poke|p2|Flutter Mane|\n|teampreview\n|c|\u2606its_notacewastaken|can i just piss rq\n|\n|t:|1700262013\n|start\n|switch|p1a: Galvantula|Galvantula, F|100\/100\n|switch|p2a: Da Ting goes MADDD|Ting-Lu|100\/100\n|-ability|p2a: Da Ting goes MADDD|Vessel of Ruin\n|turn|1\n|c|\u2606Zeno6969|ya\n|c|\u2606Zeno6969|tell me when ur back\n|c|\u2606its_notacewastaken|back\n|\n|t:|1700262092\n|-terastallize|p2a: Da Ting goes MADDD|Fairy\n|move|p1a: Galvantula|Sticky Web|p2a: Da Ting goes MADDD\n|-sidestart|p2: its_notacewastaken|move: Sticky Web\n|move|p2a: Da Ting goes MADDD|Stealth Rock|p1a: Galvantula\n|-sidestart|p1: Zeno6969|move: Stealth Rock\n|\n|upkeep\n|turn|2\n|\n|t:|1700262104\n|move|p1a: Galvantula|Thunder Wave|p2a: Da Ting goes MADDD\n|-status|p2a: Da Ting goes MADDD|par\n|move|p2a: Da Ting goes MADDD|Whirlwind|p1a: Galvantula\n|drag|p1a: Shaymin|Shaymin-Sky|100\/100\n|-damage|p1a: Shaymin|76\/100|[from] Stealth Rock\n|\n|-heal|p1a: Shaymin|82\/100|[from] item: Leftovers\n|upkeep\n|turn|3\n|\n|t:|1700262116\n|move|p1a: Shaymin|Leech Seed|p2a: Da Ting goes MADDD\n|-start|p2a: Da Ting goes MADDD|move: Leech Seed\n|move|p2a: Da Ting goes MADDD|Ruination|p1a: Shaymin\n|-damage|p1a: Shaymin|41\/100\n|\n|-heal|p1a: Shaymin|47\/100|[from] item: Leftovers\n|-damage|p2a: Da Ting goes MADDD|88\/100 par|[from] Leech Seed|[of] p1a: Shaymin\n|-heal|p1a: Shaymin|66\/100|[silent]\n|upkeep\n|turn|4\n|\n|t:|1700262146\n|switch|p1a: Pelipper|Pelipper, M|100\/100\n|-damage|p1a: Pelipper|76\/100|[from] Stealth Rock\n|-weather|RainDance|[from] ability: Drizzle|[of] p1a: Pelipper\n|move|p2a: Da Ting goes MADDD|Whirlwind|p1a: Pelipper\n|drag|p1a: Shaymin|Shaymin-Sky|66\/100\n|-damage|p1a: Shaymin|41\/100|[from] Stealth Rock\n|\n|-weather|RainDance|[upkeep]\n|-heal|p1a: Shaymin|47\/100|[from] item: Leftovers\n|-heal|p2a: Da Ting goes MADDD|94\/100 par|[from] item: Leftovers\n|-damage|p2a: Da Ting goes MADDD|82\/100 par|[from] Leech Seed|[of] p1a: Shaymin\n|-heal|p1a: Shaymin|66\/100|[silent]\n|upkeep\n|turn|5\n|\n|t:|1700262161\n|move|p1a: Shaymin|Substitute|p1a: Shaymin\n|-start|p1a: Shaymin|Substitute\n|-damage|p1a: Shaymin|41\/100\n|cant|p2a: Da Ting goes MADDD|par\n|\n|-weather|RainDance|[upkeep]\n|-heal|p1a: Shaymin|47\/100|[from] item: Leftovers\n|-heal|p2a: Da Ting goes MADDD|88\/100 par|[from] item: Leftovers\n|-damage|p2a: Da Ting goes MADDD|76\/100 par|[from] Leech Seed|[of] p1a: Shaymin\n|-heal|p1a: Shaymin|66\/100|[silent]\n|upkeep\n|turn|6\n|\n|t:|1700262174\n|move|p1a: Shaymin|Seed Flare|p2a: Da Ting goes MADDD\n|-damage|p2a: Da Ting goes MADDD|50\/100 par\n|move|p2a: Da Ting goes MADDD|Whirlwind|p1a: Shaymin\n|drag|p1a: Dragapult|Dragapult, M|100\/100\n|-damage|p1a: Dragapult|88\/100|[from] Stealth Rock\n|\n|-weather|RainDance|[upkeep]\n|-heal|p2a: Da Ting goes MADDD|56\/100 par|[from] item: Leftovers\n|-damage|p2a: Da Ting goes MADDD|44\/100 par|[from] Leech Seed|[of] p1a: Dragapult\n|-heal|p1a: Dragapult|100\/100|[silent]\n|upkeep\n|turn|7\n|\n|t:|1700262188\n|move|p1a: Dragapult|Phantom Force||[still]\n|-prepare|p1a: Dragapult|Phantom Force\n|cant|p2a: Da Ting goes MADDD|par\n|\n|-weather|RainDance|[upkeep]\n|-heal|p2a: Da Ting goes MADDD|50\/100 par|[from] item: Leftovers\n|-damage|p2a: Da Ting goes MADDD|37\/100 par|[from] Leech Seed|[of] p1a: Dragapult\n|upkeep\n|turn|8\n|\n|t:|1700262197\n|move|p1a: Dragapult|Phantom Force|p2a: Da Ting goes MADDD|[from]lockedmove\n|-damage|p2a: Da Ting goes MADDD|0 fnt\n|faint|p2a: Da Ting goes MADDD\n|\n|-weather|none\n|upkeep\n|\n|t:|1700262204\n|switch|p2a: Pumbaa|Great Tusk|100\/100\n|-activate|p2a: Pumbaa|move: Sticky Web\n|-unboost|p2a: Pumbaa|spe|1\n|-enditem|p2a: Pumbaa|Booster Energy\n|-activate|p2a: Pumbaa|ability: Protosynthesis|[fromitem]\n|-start|p2a: Pumbaa|protosynthesisatk\n|turn|9\n|\n|t:|1700262214\n|move|p1a: Dragapult|Phantom Force||[still]\n|-prepare|p1a: Dragapult|Phantom Force\n|move|p2a: Pumbaa|Rapid Spin|p1a: Dragapult|[miss]\n|-miss|p2a: Pumbaa|p1a: Dragapult\n|\n|upkeep\n|turn|10\n|\n|t:|1700262220\n|move|p1a: Dragapult|Phantom Force|p2a: Pumbaa|[from]lockedmove\n|-damage|p2a: Pumbaa|62\/100\n|move|p2a: Pumbaa|Rapid Spin|p1a: Dragapult\n|-immune|p1a: Dragapult\n|\n|upkeep\n|turn|11\n|c|\u2606its_notacewastaken|i forgot\n|c|\u2606its_notacewastaken|it has to hit\n|\n|t:|1700262230\n|-end|p2a: Pumbaa|Protosynthesis|[silent]\n|switch|p2a: Nebula|Flutter Mane|100\/100\n|-activate|p2a: Nebula|move: Sticky Web\n|-unboost|p2a: Nebula|spe|1\n|move|p1a: Dragapult|Phantom Force||[still]\n|-prepare|p1a: Dragapult|Phantom Force\n|\n|upkeep\n|turn|12\n|c|\u2606its_notacewastaken|LOL\n|c|\u2606Zeno6969|great\n|\n|t:|1700262243\n|move|p1a: Dragapult|Phantom Force|p2a: Nebula|[from]lockedmove\n|-supereffective|p2a: Nebula\n|-damage|p2a: Nebula|0 fnt\n|faint|p2a: Nebula\n|-end|p2a: Nebula|Protosynthesis|[silent]\n|\n|upkeep\n|c|\u2606its_notacewastaken|I FORGOR\n|c|\u2606Zeno6969|oopsies\n|\n|t:|1700262251\n|switch|p2a: Pumbaa|Great Tusk|62\/100\n|-activate|p2a: Pumbaa|move: Sticky Web\n|-unboost|p2a: Pumbaa|spe|1\n|turn|13\n|\n|t:|1700262256\n|move|p1a: Dragapult|Phantom Force||[still]\n|-prepare|p1a: Dragapult|Phantom Force\n|move|p2a: Pumbaa|Ice Spinner|p1a: Dragapult|[miss]\n|-miss|p2a: Pumbaa|p1a: Dragapult\n|\n|upkeep\n|turn|14\n|c|\u2606its_notacewastaken|BRO\n|c|\u2606its_notacewastaken|STOP SPAMMING THAT MOVE\n|\n|t:|1700262261\n|move|p1a: Dragapult|Phantom Force|p2a: Pumbaa|[from]lockedmove\n|-damage|p2a: Pumbaa|21\/100\n|move|p2a: Pumbaa|Ice Spinner|p1a: Dragapult\n|-supereffective|p1a: Dragapult\n|-damage|p1a: Dragapult|35\/100\n|\n|upkeep\n|turn|15\n|c|\u2606Zeno6969|HHHAAAAHA\n|c|\u2606Zeno6969|nvm\n|\n|t:|1700262269\n|move|p1a: Dragapult|Phantom Force||[still]\n|-prepare|p1a: Dragapult|Phantom Force\n|move|p2a: Pumbaa|Bulk Up|p2a: Pumbaa\n|-boost|p2a: Pumbaa|atk|1\n|-boost|p2a: Pumbaa|def|1\n|\n|upkeep\n|turn|16\n|c|\u2606its_notacewastaken|watch\n|c|\u2606its_notacewastaken|i warned you\n|c|\u2606Zeno6969|im scared\n|\n|t:|1700262281\n|move|p1a: Dragapult|Phantom Force|p2a: Pumbaa|[from]lockedmove\n|-damage|p2a: Pumbaa|0 fnt\n|faint|p2a: Pumbaa\n|-end|p2a: Pumbaa|Protosynthesis|[silent]\n|\n|upkeep\n|c|\u2606its_notacewastaken|you made me angy\n|c|\u2606its_notacewastaken|now you will suffer\n|\n|t:|1700262288\n|switch|p2a: Supreme Overlord|Kingambit, M|100\/100\n|-activate|p2a: Supreme Overlord|ability: Supreme Overlord\n|-start|p2a: Supreme Overlord|fallen3|[silent]\n|-item|p2a: Supreme Overlord|Air Balloon\n|turn|17\n|c|\u2606Zeno6969|SORI\n|c|\u2606Zeno6969|SORI\n|c|\u2606Zeno6969|SRI\n|c|\u2606Zeno6969|SDBSRHAS\n|c|\u2606Zeno6969|SORII\n|c|\u2606Zeno6969|SROI\n|c|\u2606Zeno6969|SRRYY\n|c|\u2606its_notacewastaken|no no\n|c|\u2606Zeno6969|:I\n|c|\u2606its_notacewastaken|too late babe\n|c|\u2606Zeno6969|:((\n|\n|t:|1700262303\n|move|p1a: Dragapult|Phantom Force||[still]\n|-prepare|p1a: Dragapult|Phantom Force\n|move|p2a: Supreme Overlord|Swords Dance|p2a: Supreme Overlord\n|-boost|p2a: Supreme Overlord|atk|2\n|\n|upkeep\n|turn|18\n|c|\u2606its_notacewastaken|meet the Supreme Overlord\n|c|\u2606its_notacewastaken|you'll understand why he is Supreme.\n|\n|t:|1700262312\n|move|p1a: Dragapult|Phantom Force|p2a: Supreme Overlord|[from]lockedmove\n|-resisted|p2a: Supreme Overlord\n|-damage|p2a: Supreme Overlord|75\/100\n|-enditem|p2a: Supreme Overlord|Air Balloon\n|move|p2a: Supreme Overlord|Kowtow Cleave|p1a: Dragapult\n|-supereffective|p1a: Dragapult\n|-damage|p1a: Dragapult|0 fnt\n|faint|p1a: Dragapult\n|\n|upkeep\n|\n|t:|1700262339\n|switch|p1a: Galvantula|Galvantula, F|100\/100\n|-damage|p1a: Galvantula|76\/100|[from] Stealth Rock\n|turn|19\n|c|\u2606its_notacewastaken|The supreme leader of North Korea.\n|\n|t:|1700262348\n|move|p1a: Galvantula|Thunder Wave|p2a: Supreme Overlord\n|-status|p2a: Supreme Overlord|par\n|move|p2a: Supreme Overlord|Iron Head|p1a: Galvantula\n|-resisted|p1a: Galvantula\n|-damage|p1a: Galvantula|0 fnt\n|faint|p1a: Galvantula\n|\n|upkeep\n|c|\u2606its_notacewastaken|You will suffer!\n|c|\u2606its_notacewastaken|thunder wave on kingambit\n|c|\u2606its_notacewastaken|ehhhhhh\n|\n|t:|1700262356\n|switch|p1a: Shaymin|Shaymin-Sky|66\/100\n|-damage|p1a: Shaymin|41\/100|[from] Stealth Rock\n|turn|20\n|\n|t:|1700262362\n|move|p2a: Supreme Overlord|Sucker Punch||[still]\n|-fail|p2a: Supreme Overlord\n|move|p1a: Shaymin|Substitute|p1a: Shaymin\n|-start|p1a: Shaymin|Substitute\n|-damage|p1a: Shaymin|16\/100\n|\n|-heal|p1a: Shaymin|22\/100|[from] item: Leftovers\n|upkeep\n|turn|21\n|c|\u2606its_notacewastaken|get that shit out of here\n|\n|t:|1700262371\n|move|p1a: Shaymin|Leech Seed|p2a: Supreme Overlord\n|-start|p2a: Supreme Overlord|move: Leech Seed\n|move|p2a: Supreme Overlord|Kowtow Cleave|p1a: Shaymin\n|-end|p1a: Shaymin|Substitute\n|\n|-heal|p1a: Shaymin|29\/100|[from] item: Leftovers\n|-damage|p2a: Supreme Overlord|62\/100 par|[from] Leech Seed|[of] p1a: Shaymin\n|-heal|p1a: Shaymin|43\/100|[silent]\n|upkeep\n|turn|22\n|c|\u2606its_notacewastaken|you had your chance\n|c|\u2606its_notacewastaken|to bust me\n|\n|t:|1700262380\n|cant|p2a: Supreme Overlord|par\n|move|p1a: Shaymin|Substitute|p1a: Shaymin\n|-start|p1a: Shaymin|Substitute\n|-damage|p1a: Shaymin|18\/100\n|\n|-heal|p1a: Shaymin|24\/100|[from] item: Leftovers\n|-damage|p2a: Supreme Overlord|50\/100 par|[from] Leech Seed|[of] p1a: Shaymin\n|-heal|p1a: Shaymin|39\/100|[silent]\n|upkeep\n|turn|23\n|c|\u2606its_notacewastaken|fuck this game\n|\n|t:|1700262388\n|move|p1a: Shaymin|Seed Flare|p2a: Supreme Overlord\n|-resisted|p2a: Supreme Overlord\n|-damage|p2a: Supreme Overlord|20\/100 par\n|-unboost|p2a: Supreme Overlord|spd|2\n|move|p2a: Supreme Overlord|Kowtow Cleave|p1a: Shaymin\n|-end|p1a: Shaymin|Substitute\n|\n|-heal|p1a: Shaymin|45\/100|[from] item: Leftovers\n|-damage|p2a: Supreme Overlord|8\/100 par|[from] Leech Seed|[of] p1a: Shaymin\n|-heal|p1a: Shaymin|60\/100|[silent]\n|upkeep\n|turn|24\n|c|\u2606its_notacewastaken|bs game\n|c|\u2606its_notacewastaken|so unfair\n|\n|t:|1700262398\n|move|p2a: Supreme Overlord|Sucker Punch||[still]\n|-fail|p2a: Supreme Overlord\n|move|p1a: Shaymin|Substitute|p1a: Shaymin\n|-start|p1a: Shaymin|Substitute\n|-damage|p1a: Shaymin|35\/100\n|\n|-heal|p1a: Shaymin|41\/100|[from] item: Leftovers\n|-damage|p2a: Supreme Overlord|0 fnt|[from] Leech Seed|[of] p1a: Shaymin\n|-heal|p1a: Shaymin|50\/100|[silent]\n|faint|p2a: Supreme Overlord\n|-end|p2a: Supreme Overlord|fallen3|[silent]\n|upkeep\n|c|\u2606its_notacewastaken|BRO\n|c|\u2606its_notacewastaken|FUCK THIS GAME\n|c|\u2606its_notacewastaken|IM GONNA FUCKING BREAK MY SCREEN\n|\n|t:|1700262408\n|switch|p2a: Thor|Thundurus-Therian, M|100\/100\n|turn|25\n|c|\u2606Zeno6969|sorry i am gonan forfeit ifw\n|\n|t:|1700262417\n|move|p1a: Shaymin|Leech Seed|p2a: Thor\n|-start|p2a: Thor|move: Leech Seed\n|move|p2a: Thor|Psychic|p1a: Shaymin\n|-end|p1a: Shaymin|Substitute\n|\n|-heal|p1a: Shaymin|56\/100|[from] item: Leftovers\n|-damage|p2a: Thor|88\/100|[from] Leech Seed|[of] p1a: Shaymin\n|-heal|p1a: Shaymin|67\/100|[silent]\n|upkeep\n|turn|26\n|c|\u2606its_notacewastaken|NO\n|\n|t:|1700262426\n|move|p1a: Shaymin|Substitute|p1a: Shaymin\n|-start|p1a: Shaymin|Substitute\n|-damage|p1a: Shaymin|42\/100\n|move|p2a: Thor|Psychic|p1a: Shaymin\n|-crit|p1a: Shaymin\n|-end|p1a: Shaymin|Substitute\n|\n|-heal|p1a: Shaymin|48\/100|[from] item: Leftovers\n|-damage|p2a: Thor|76\/100|[from] Leech Seed|[of] p1a: Shaymin\n|-heal|p1a: Shaymin|59\/100|[silent]\n|upkeep\n|turn|27\n|\n|t:|1700262436\n|move|p1a: Shaymin|Substitute|p1a: Shaymin\n|-start|p1a: Shaymin|Substitute\n|-damage|p1a: Shaymin|34\/100\n|move|p2a: Thor|Psychic|p1a: Shaymin\n|-end|p1a: Shaymin|Substitute\n|\n|-heal|p1a: Shaymin|40\/100|[from] item: Leftovers\n|-damage|p2a: Thor|63\/100|[from] Leech Seed|[of] p1a: Shaymin\n|-heal|p1a: Shaymin|51\/100|[silent]\n|upkeep\n|turn|28\n|c|\u2606its_notacewastaken|I AM NOT LOSING\n|c|\u2606its_notacewastaken|THIS\n|c|\u2606its_notacewastaken|RAAAAAAH\n|\n|t:|1700262445\n|move|p1a: Shaymin|Substitute|p1a: Shaymin\n|-start|p1a: Shaymin|Substitute\n|-damage|p1a: Shaymin|26\/100\n|move|p2a: Thor|Psychic|p1a: Shaymin\n|-end|p1a: Shaymin|Substitute\n|\n|-heal|p1a: Shaymin|32\/100|[from] item: Leftovers\n|-damage|p2a: Thor|51\/100|[from] Leech Seed|[of] p1a: Shaymin\n|-heal|p1a: Shaymin|43\/100|[silent]\n|upkeep\n|turn|29\n|c|\u2606Zeno6969|LOL\n|c|\u2606Zeno6969|FAIR CUZ U SPAMMED TOO!!!!!!!!!\n|\n|t:|1700262455\n|move|p1a: Shaymin|Substitute|p1a: Shaymin\n|-start|p1a: Shaymin|Substitute\n|-damage|p1a: Shaymin|18\/100\n|move|p2a: Thor|Psychic|p1a: Shaymin\n|-end|p1a: Shaymin|Substitute\n|\n|-heal|p1a: Shaymin|24\/100|[from] item: Leftovers\n|-damage|p2a: Thor|39\/100|[from] Leech Seed|[of] p1a: Shaymin\n|-heal|p1a: Shaymin|35\/100|[silent]\n|upkeep\n|turn|30\n|c|\u2606its_notacewastaken|YOU WILL SUFFER!\n|\n|t:|1700262464\n|move|p1a: Shaymin|Substitute|p1a: Shaymin\n|-start|p1a: Shaymin|Substitute\n|-damage|p1a: Shaymin|10\/100\n|move|p2a: Thor|Psychic|p1a: Shaymin\n|-end|p1a: Shaymin|Substitute\n|\n|-heal|p1a: Shaymin|16\/100|[from] item: Leftovers\n|-damage|p2a: Thor|26\/100|[from] Leech Seed|[of] p1a: Shaymin\n|-heal|p1a: Shaymin|27\/100|[silent]\n|upkeep\n|turn|31\n|c|\u2606Zeno6969|ik\n|\n|t:|1700262473\n|move|p1a: Shaymin|Seed Flare|p2a: Thor|[miss]\n|-miss|p1a: Shaymin|p2a: Thor\n|move|p2a: Thor|Psychic|p1a: Shaymin\n|-damage|p1a: Shaymin|0 fnt\n|faint|p1a: Shaymin\n|\n|upkeep\n|c|\u2606Zeno6969|fuck\n|c|\u2606its_notacewastaken|RAAAAAAAAAAAAAAAAAAAAAAAAAAAAAAAAAAAAAH!\n|c|\u2606its_notacewastaken|RAAAAAAAAAAAAAAAAAAAAAAAAAAAAAAAAAAAAAAAAAAAAAAAAAAAAAAAAAAAAAAAAAAAAAAAAAAAAAAAAAAAAAAAAAAAAAAAAAAAAAH!\n|\n|t:|1700262485\n|switch|p1a: Garchomp|Garchomp, M|100\/100\n|-damage|p1a: Garchomp|94\/100|[from] Stealth Rock\n|turn|32\n|c|\u2606its_notacewastaken|FEEL MY WRATH, BABE\n|\n|t:|1700262494\n|move|p2a: Thor|Grass Knot|p1a: Garchomp\n|-damage|p1a: Garchomp|67\/100\n|-damage|p2a: Thor|14\/100|[from] ability: Rough Skin|[of] p1a: Garchomp\n|-damage|p2a: Thor|0 fnt|[from] item: Rocky Helmet|[of] p1a: Garchomp\n|faint|p2a: Thor\n|move|p1a: Garchomp|Toxic|p2: Thor|[notarget]\n|-fail|p1a: Garchomp\n|\n|upkeep\n|c|\u2606its_notacewastaken|i'm fucking dead.\n|\n|t:|1700262501\n|switch|p2a: Basalt|Garganacl, F|100\/100\n|-activate|p2a: Basalt|move: Sticky Web\n|-unboost|p2a: Basalt|spe|1\n|turn|33\n|c|\u2606its_notacewastaken|fuck this shit.\n|\n|t:|1700262507\n|move|p1a: Garchomp|Toxic|p2a: Basalt\n|-immune|p2a: Basalt|[from] ability: Purifying Salt\n|move|p2a: Basalt|Salt Cure|p1a: Garchomp\n|-resisted|p1a: Garchomp\n|-damage|p1a: Garchomp|62\/100\n|-start|p1a: Garchomp|Salt Cure\n|\n|-damage|p1a: Garchomp|50\/100|[from] Salt Cure\n|upkeep\n|turn|34\n|\n|t:|1700262519\n|move|p1a: Garchomp|Rest|p1a: Garchomp\n|-status|p1a: Garchomp|slp|[from] move: Rest\n|-heal|p1a: Garchomp|100\/100 slp|[silent]\n|move|p2a: Basalt|Curse|p2a: Basalt\n|-unboost|p2a: Basalt|spe|1\n|-boost|p2a: Basalt|atk|1\n|-boost|p2a: Basalt|def|1\n|\n|-damage|p1a: Garchomp|88\/100 slp|[from] Salt Cure\n|upkeep\n|turn|35\n|c|\u2606its_notacewastaken|grr....\n|\n|t:|1700262532\n|cant|p1a: Garchomp|slp\n|move|p2a: Basalt|Earthquake|p1a: Garchomp\n|-damage|p1a: Garchomp|67\/100 slp\n|\n|-damage|p1a: Garchomp|55\/100 slp|[from] Salt Cure\n|upkeep\n|turn|36\n|\n|t:|1700262538\n|cant|p1a: Garchomp|slp\n|move|p2a: Basalt|Earthquake|p1a: Garchomp\n|-damage|p1a: Garchomp|32\/100 slp\n|\n|-damage|p1a: Garchomp|20\/100 slp|[from] Salt Cure\n|upkeep\n|turn|37\n|c|\u2606Zeno6969|mann im dead\n|\n|t:|1700262548\n|-curestatus|p1a: Garchomp|slp|[msg]\n|move|p1a: Garchomp|Dragon Claw|p2a: Basalt\n|-damage|p2a: Basalt|85\/100\n|move|p2a: Basalt|Earthquake|p1a: Garchomp\n|-crit|p1a: Garchomp\n|-damage|p1a: Garchomp|0 fnt\n|faint|p1a: Garchomp\n|\n|-heal|p2a: Basalt|91\/100|[from] item: Leftovers\n|upkeep\n|\n|t:|1700262558\n|switch|p1a: Pelipper|Pelipper, M|76\/100\n|-damage|p1a: Pelipper|51\/100|[from] Stealth Rock\n|-weather|RainDance|[from] ability: Drizzle|[of] p1a: Pelipper\n|turn|38\n|\n|t:|1700262568\n|move|p1a: Pelipper|Knock Off|p2a: Basalt\n|-damage|p2a: Basalt|86\/100\n|-enditem|p2a: Basalt|Leftovers|[from] move: Knock Off|[of] p1a: Pelipper\n|move|p2a: Basalt|Salt Cure|p1a: Pelipper\n|-supereffective|p1a: Pelipper\n|-crit|p1a: Pelipper\n|-damage|p1a: Pelipper|0 fnt\n|faint|p1a: Pelipper\n|\n|-weather|RainDance|[upkeep]\n|upkeep\n|c|\u2606its_notacewastaken|oh no!\n|\n|t:|1700262576\n|switch|p1a: Blastoise|Blastoise, F|100\/100\n|-damage|p1a: Blastoise|88\/100|[from] Stealth Rock\n|turn|39\n|c|\u2606its_notacewastaken|TIME FOR THE REAL BATTLE ZENO.\n|\n|t:|1700262583\n|detailschange|p1a: Blastoise|Blastoise-Mega, F\n|-mega|p1a: Blastoise|Blastoise|Blastoisinite\n|move|p1a: Blastoise|Hydro Pump|p2a: Basalt\n|-supereffective|p2a: Basalt\n|-damage|p2a: Basalt|0 fnt\n|faint|p2a: Basalt\n|\n|win|Zeno6969\n|c|\u2606its_notacewastaken|WHO WILL WIN.\n|c|\u2606its_notacewastaken|...\n|c|\u2606Zeno6969|.........\n|c|\u2606its_notacewastaken|im gonna cum to death\n|c|\u2606Zeno6969|let me drink\n|c|\u2606Zeno6969|it\n|c|\u2606its_notacewastaken|ok come here\n|l|\u2606its_notacewastaken\n|c|\u2606Zeno6969|coming over\n","uploadtime":1700262612,"views":12,"p1id":"zeno6969","p2id":"itsnotacewastaken","formatid":"gen9nationaldexubers","rating":0,"private":0,"password":""}