{"id":"gen9nationaldexubers-1986673742","p1":"Simbadd","p2":"princess zmx","format":"[Gen 9] National Dex Ubers","log":"|j|\u2606Simbadd\n|j|\u2606princess zmx\n|t:|1699505740\n|gametype|singles\n|player|p1|Simbadd|170|1399\n|player|p2|princess zmx|170|1283\n|teamsize|p1|6\n|teamsize|p2|6\n|gen|9\n|tier|[Gen 9] National Dex Ubers\n|rated|\n|rule|HP Percentage Mod: HP is shown in percentages\n|rule|Endless Battle Clause: Forcing endless battles is banned\n|rule|OHKO Clause: OHKO moves are banned\n|rule|Evasion Moves Clause: Evasion moves are banned\n|rule|Evasion Items Clause: Evasion items are banned\n|rule|Species Clause: Limit one of each Pok\u00e9mon\n|rule|Sleep Clause Mod: Limit one foe put to sleep\n|rule|Mega Rayquaza Clause: You cannot mega evolve Rayquaza\n|clearpoke\n|poke|p1|Ribombee, M|\n|poke|p1|Gholdengo|\n|poke|p1|Lucario, M|\n|poke|p1|Groudon|\n|poke|p1|Hatterene, F|\n|poke|p1|Yveltal|\n|poke|p2|Kyurem-Black|\n|poke|p2|Groudon|\n|poke|p2|Marshadow|\n|poke|p2|Zygarde|\n|poke|p2|Regieleki|\n|poke|p2|Dragapult, M|\n|teampreview\n|\n|t:|1699505750\n|start\n|switch|p1a: Ribombee|Ribombee, M|100\/100\n|switch|p2a: Groudon|Groudon, shiny|100\/100\n|detailschange|p2a: Groudon|Groudon-Primal, shiny\n|-primal|p2a: Groudon|Red Orb\n|-weather|DesolateLand|[from] ability: Desolate Land|[of] p2a: Groudon\n|turn|1\n|\n|t:|1699505759\n|move|p1a: Ribombee|Stun Spore|p2a: Groudon|[miss]\n|-miss|p1a: Ribombee|p2a: Groudon\n|move|p2a: Groudon|Spikes|p1a: Ribombee\n|-sidestart|p1: Simbadd|Spikes\n|\n|-weather|DesolateLand|[upkeep]\n|upkeep\n|turn|2\n|\n|t:|1699505765\n|move|p1a: Ribombee|Stun Spore|p2a: Groudon|[miss]\n|-miss|p1a: Ribombee|p2a: Groudon\n|move|p2a: Groudon|Spikes|p1a: Ribombee\n|-sidestart|p1: Simbadd|Spikes\n|\n|-weather|DesolateLand|[upkeep]\n|upkeep\n|turn|3\n|\n|t:|1699505771\n|move|p1a: Ribombee|Stun Spore|p2a: Groudon\n|-status|p2a: Groudon|par\n|cant|p2a: Groudon|par\n|\n|-weather|DesolateLand|[upkeep]\n|upkeep\n|turn|4\n|\n|t:|1699505778\n|move|p1a: Ribombee|Sticky Web|p2a: Groudon\n|-sidestart|p2: princess zmx|move: Sticky Web\n|move|p2a: Groudon|Earthquake|p1a: Ribombee\n|-resisted|p1a: Ribombee\n|-damage|p1a: Ribombee|43\/100\n|\n|-weather|DesolateLand|[upkeep]\n|upkeep\n|turn|5\n|\n|t:|1699505783\n|move|p1a: Ribombee|U-turn|p2a: Groudon\n|-resisted|p2a: Groudon\n|-damage|p2a: Groudon|97\/100 par\n|\n|t:|1699505786\n|switch|p1a: Yveltal|Yveltal|100\/100|[from] U-turn\n|-ability|p1a: Yveltal|Dark Aura\n|move|p2a: Groudon|Earthquake|p1a: Yveltal\n|-immune|p1a: Yveltal\n|\n|-weather|DesolateLand|[upkeep]\n|upkeep\n|turn|6\n|\n|t:|1699505795\n|move|p1a: Yveltal|Oblivion Wing|p2a: Groudon\n|-damage|p2a: Groudon|66\/100 par\n|cant|p2a: Groudon|par\n|\n|-weather|DesolateLand|[upkeep]\n|upkeep\n|turn|7\n|\n|t:|1699505808\n|move|p1a: Yveltal|Oblivion Wing|p2a: Groudon\n|-damage|p2a: Groudon|34\/100 par\n|move|p2a: Groudon|Thunder Punch|p1a: Yveltal\n|-supereffective|p1a: Yveltal\n|-damage|p1a: Yveltal|50\/100\n|\n|-weather|DesolateLand|[upkeep]\n|upkeep\n|turn|8\n|\n|t:|1699505818\n|switch|p1a: Groudon|Groudon|100\/100\n|-damage|p1a: Groudon|84\/100|[from] Spikes\n|detailschange|p1a: Groudon|Groudon-Primal\n|-primal|p1a: Groudon|Red Orb\n|move|p2a: Groudon|Thunder Punch|p1a: Groudon\n|-immune|p1a: Groudon\n|\n|-weather|DesolateLand|[upkeep]\n|upkeep\n|turn|9\n|\n|t:|1699505828\n|move|p1a: Groudon|Heat Crash|p2a: Groudon\n|-resisted|p2a: Groudon\n|-damage|p2a: Groudon|23\/100 par\n|move|p2a: Groudon|Earthquake|p1a: Groudon\n|-supereffective|p1a: Groudon\n|-damage|p1a: Groudon|20\/100\n|\n|-weather|DesolateLand|[upkeep]\n|upkeep\n|turn|10\n|\n|t:|1699505833\n|move|p1a: Groudon|Precipice Blades|p2a: Groudon\n|-supereffective|p2a: Groudon\n|-damage|p2a: Groudon|0 fnt\n|faint|p2a: Groudon\n|\n|-weather|DesolateLand|[upkeep]\n|upkeep\n|j| blueberry rinds\n|inactive|Battle timer is ON: inactive players will automatically lose when time's up. (requested by Simbadd)\n|l| blueberry rinds\n|j| blueberry rinds\n|\n|t:|1699505913\n|switch|p2a: Dragapult|Dragapult, M, shiny|100\/100\n|-activate|p2a: Dragapult|move: Sticky Web\n|-unboost|p2a: Dragapult|spe|1\n|turn|11\n|\n|t:|1699505924\n|-weather|none\n|switch|p1a: Ribombee|Ribombee, M|43\/100\n|-damage|p1a: Ribombee|26\/100|[from] Spikes\n|move|p2a: Dragapult|Dragon Dance|p2a: Dragapult\n|-boost|p2a: Dragapult|atk|1\n|-boost|p2a: Dragapult|spe|1\n|\n|upkeep\n|turn|12\n|inactive|princess zmx has 120 seconds left.\n|\n|t:|1699505981\n|move|p2a: Dragapult|Phantom Force||[still]\n|-prepare|p2a: Dragapult|Phantom Force\n|move|p1a: Ribombee|Moonblast|p2a: Dragapult|[miss]\n|-miss|p1a: Ribombee|p2a: Dragapult\n|\n|upkeep\n|turn|13\n|\n|t:|1699505997\n|move|p2a: Dragapult|Phantom Force|p1a: Ribombee|[from]lockedmove\n|-damage|p1a: Ribombee|0 fnt\n|faint|p1a: Ribombee\n|-damage|p2a: Dragapult|91\/100|[from] item: Life Orb\n|\n|upkeep\n|inactive|Simbadd has 120 seconds left.\n|\n|t:|1699506020\n|switch|p1a: Hatterene|Hatterene, F|100\/100\n|-damage|p1a: Hatterene|84\/100|[from] Spikes\n|turn|14\n|\n|t:|1699506028\n|move|p2a: Dragapult|Substitute|p2a: Dragapult\n|-start|p2a: Dragapult|Substitute\n|-damage|p2a: Dragapult|66\/100\n|move|p1a: Hatterene|Healing Wish|p1a: Hatterene\n|faint|p1a: Hatterene\n|\n|upkeep\n|\n|t:|1699506032\n|switch|p1a: Groudon|Groudon-Primal|20\/100\n|-heal|p1a: Groudon|100\/100|[from] move: Healing Wish\n|-damage|p1a: Groudon|84\/100|[from] Spikes\n|-weather|DesolateLand|[from] ability: Desolate Land|[of] p1a: Groudon\n|turn|15\n|\n|t:|1699506039\n|move|p2a: Dragapult|Dragon Dance|p2a: Dragapult\n|-boost|p2a: Dragapult|atk|1\n|-boost|p2a: Dragapult|spe|1\n|move|p1a: Groudon|Heat Crash|p2a: Dragapult\n|-resisted|p2a: Dragapult\n|-end|p2a: Dragapult|Substitute\n|\n|-weather|DesolateLand|[upkeep]\n|upkeep\n|turn|16\n|\n|t:|1699506048\n|-terastallize|p2a: Dragapult|Dragon\n|move|p2a: Dragapult|Dragon Darts|p1a: Groudon\n|-crit|p1a: Groudon\n|-damage|p1a: Groudon|11\/100\n|-anim|p2a: Dragapult|Dragon Darts|p1a: Groudon\n|-damage|p1a: Groudon|0 fnt\n|faint|p1a: Groudon\n|-weather|none\n|-damage|p2a: Dragapult|56\/100|[from] item: Life Orb\n|\n|upkeep\n|-message|Simbadd forfeited.\n|\n|win|princess zmx\n|raw|Simbadd's rating: 1399 &rarr; <strong>1373<\/strong><br \/>(-26 for losing)\n|raw|princess zmx's rating: 1283 &rarr; <strong>1316<\/strong><br \/>(+33 for winning)\n|l|\u2606Simbadd\n","uploadtime":1699506065,"views":9,"p1id":"simbadd","p2id":"princesszmx","formatid":"gen9nationaldexubers","rating":1316,"private":0,"password":""}