{"id":"gen9nationaldexubers-1994933940","p1":"Jkdodlfjfj","p2":"700club","format":"[Gen 9] National Dex Ubers","log":"|j|\u203dJkdodlfjfj\n|j|\u2606700club\n|t:|1700505968\n|gametype|singles\n|player|p1|Jkdodlfjfj|102|1389\n|player|p2|700club|shadowtriad|1371\n|teamsize|p1|6\n|teamsize|p2|6\n|gen|9\n|tier|[Gen 9] National Dex Ubers\n|rated|\n|rule|HP Percentage Mod: HP is shown in percentages\n|rule|Endless Battle Clause: Forcing endless battles is banned\n|rule|OHKO Clause: OHKO moves are banned\n|rule|Evasion Moves Clause: Evasion moves are banned\n|rule|Evasion Items Clause: Evasion items are banned\n|rule|Species Clause: Limit one of each Pok\u00e9mon\n|rule|Sleep Clause Mod: Limit one foe put to sleep\n|rule|Mega Rayquaza Clause: You cannot mega evolve Rayquaza\n|clearpoke\n|poke|p1|Chien-Pao|\n|poke|p1|Rayquaza|\n|poke|p1|Giratina|\n|poke|p1|Ho-Oh|\n|poke|p1|Salamence, F|\n|poke|p1|Genesect|\n|poke|p2|Ogerpon-Hearthflame, F|\n|poke|p2|Ditto|\n|poke|p2|Shuckle, F|\n|poke|p2|Mewtwo|\n|poke|p2|Necrozma-Dusk-Mane|\n|poke|p2|Zacian-*|\n|teampreview\n|c|\u2606700club|hi\n|\n|t:|1700505988\n|start\n|switch|p1a: Salamence|Salamence, F, shiny|100\/100\n|switch|p2a: Mewtwo|Mewtwo|100\/100\n|-ability|p2a: Mewtwo|Unnerve\n|-ability|p1a: Salamence|Intimidate|boost\n|-unboost|p2a: Mewtwo|atk|1\n|turn|1\n|\n|t:|1700505996\n|switch|p1a: Chien-Pao|Chien-Pao|100\/100\n|-ability|p1a: Chien-Pao|Sword of Ruin\n|detailschange|p2a: Mewtwo|Mewtwo-Mega-Y\n|-mega|p2a: Mewtwo|Mewtwo|Mewtwonite Y\n|move|p2a: Mewtwo|Ice Beam|p1a: Chien-Pao\n|-resisted|p1a: Chien-Pao\n|-damage|p1a: Chien-Pao|65\/100\n|\n|upkeep\n|turn|2\n|inactive|Battle timer is ON: inactive players will automatically lose when time's up. (requested by Jkdodlfjfj)\n|\n|t:|1700506006\n|move|p2a: Mewtwo|Fire Blast|p1a: Chien-Pao\n|-supereffective|p1a: Chien-Pao\n|-damage|p1a: Chien-Pao|0 fnt\n|faint|p1a: Chien-Pao\n|\n|upkeep\n|\n|t:|1700506014\n|switch|p1a: Genesect|Genesect, shiny|100\/100\n|-ability|p1a: Genesect|Download|boost\n|-boost|p1a: Genesect|atk|1\n|turn|3\n|\n|t:|1700506021\n|move|p1a: Genesect|U-turn|p2a: Mewtwo\n|-supereffective|p2a: Mewtwo\n|-damage|p2a: Mewtwo|0 fnt\n|faint|p2a: Mewtwo\n|\n|t:|1700506032\n|switch|p1a: Rayquaza|Rayquaza, shiny|100\/100|[from] U-turn\n|-ability|p1a: Rayquaza|Air Lock\n|\n|upkeep\n|\n|t:|1700506052\n|switch|p2a: Necrozma|Necrozma-Dusk-Mane|100\/100\n|turn|4\n|inactive|Jkdodlfjfj has 120 seconds left.\n|\n|t:|1700506095\n|detailschange|p2a: Necrozma|Necrozma-Ultra\n|-burst|p2a: Necrozma|Necrozma|Ultranecrozium Z\n|move|p2a: Necrozma|Stone Edge|p1a: Rayquaza\n|-supereffective|p1a: Rayquaza\n|-damage|p1a: Rayquaza|0 fnt\n|faint|p1a: Rayquaza\n|\n|upkeep\n|inactive|Jkdodlfjfj has 120 seconds left.\n|\n|t:|1700506105\n|switch|p1a: Genesect|Genesect, shiny|100\/100\n|-ability|p1a: Genesect|Download|boost\n|-boost|p1a: Genesect|spa|1\n|turn|5\n|inactive|700club has 120 seconds left.\n|\n|t:|1700506125\n|move|p1a: Genesect|U-turn|p2a: Necrozma\n|-supereffective|p2a: Necrozma\n|-damage|p2a: Necrozma|38\/100\n|\n|t:|1700506132\n|switch|p1a: Giratina|Giratina, shiny|100\/100|[from] U-turn\n|-ability|p1a: Giratina|Pressure\n|-zpower|p2a: Necrozma\n|move|p2a: Necrozma|Light That Burns the Sky|p1a: Giratina|[zeffect]\n|-crit|p1a: Giratina\n|-damage|p1a: Giratina|11\/100\n|\n|-heal|p1a: Giratina|17\/100|[from] item: Leftovers\n|upkeep\n|turn|6\n|\n|t:|1700506146\n|move|p2a: Necrozma|Photon Geyser|p1a: Giratina\n|-damage|p1a: Giratina|0 fnt\n|faint|p1a: Giratina\n|\n|upkeep\n|\n|t:|1700506152\n|switch|p1a: Genesect|Genesect, shiny|100\/100\n|-ability|p1a: Genesect|Download|boost\n|-boost|p1a: Genesect|spa|1\n|turn|7\n|\n|t:|1700506169\n|move|p1a: Genesect|U-turn|p2a: Necrozma\n|-supereffective|p2a: Necrozma\n|-damage|p2a: Necrozma|0 fnt\n|faint|p2a: Necrozma\n|\n|t:|1700506180\n|switch|p1a: Salamence|Salamence, F, shiny|100\/100|[from] U-turn\n|\n|upkeep\n|inactive|700club has 120 seconds left.\n|\n|t:|1700506208\n|switch|p2a: Zacian|Zacian|100\/100\n|-ability|p2a: Zacian|Intrepid Sword|boost\n|-boost|p2a: Zacian|atk|1\n|turn|8\n|inactive|Jkdodlfjfj has 120 seconds left.\n|\n|t:|1700506230\n|switch|p1a: Genesect|Genesect, shiny|100\/100\n|-ability|p1a: Genesect|Download|boost\n|-boost|p1a: Genesect|atk|1\n|move|p2a: Zacian|Play Rough|p1a: Genesect\n|-resisted|p1a: Genesect\n|-damage|p1a: Genesect|37\/100\n|\n|upkeep\n|turn|9\n|\n|t:|1700506240\n|move|p1a: Genesect|U-turn|p2a: Zacian\n|-resisted|p2a: Zacian\n|-damage|p2a: Zacian|82\/100\n|\n|t:|1700506242\n|switch|p1a: Ho-Oh|Ho-Oh, shiny|100\/100|[from] U-turn\n|move|p2a: Zacian|Play Rough|p1a: Ho-Oh\n|-resisted|p1a: Ho-Oh\n|-damage|p1a: Ho-Oh|58\/100\n|\n|upkeep\n|turn|10\n|inactive|700club has 120 seconds left.\n|\n|t:|1700506256\n|-terastallize|p2a: Zacian|Fairy\n|move|p2a: Zacian|Play Rough|p1a: Ho-Oh\n|-resisted|p1a: Ho-Oh\n|-damage|p1a: Ho-Oh|1\/100\n|move|p1a: Ho-Oh|Roost|p1a: Ho-Oh\n|-heal|p1a: Ho-Oh|52\/100\n|-singleturn|p1a: Ho-Oh|move: Roost\n|\n|upkeep\n|turn|11\n|inactive|700club has 120 seconds left.\n|c|\u2606700club|oh no\n|c|\u2606700club|i am stupid\n|\n|t:|1700506288\n|switch|p2a: Shuckle|Shuckle, F|100\/100\n|move|p1a: Ho-Oh|Sacred Fire|p2a: Shuckle\n|-damage|p2a: Shuckle|70\/100\n|\n|upkeep\n|turn|12\n|\n|t:|1700506298\n|-terastallize|p1a: Ho-Oh|Ground\n|move|p1a: Ho-Oh|Sacred Fire|p2a: Shuckle\n|-damage|p2a: Shuckle|41\/100\n|-status|p2a: Shuckle|brn\n|move|p2a: Shuckle|Sticky Web|p1a: Ho-Oh\n|-sidestart|p1: Jkdodlfjfj|move: Sticky Web\n|\n|-damage|p2a: Shuckle|35\/100 brn|[from] brn\n|upkeep\n|turn|13\n|\n|t:|1700506315\n|switch|p2a: Ogerpon|Ogerpon-Hearthflame, F|100\/100\n|-ability|p2a: Ogerpon|Mold Breaker\n|move|p1a: Ho-Oh|Defog|p2a: Ogerpon\n|-unboost|p2a: Ogerpon|evasion|1\n|-sideend|p1: Jkdodlfjfj|Sticky Web|[from] move: Defog|[of] p1a: Ho-Oh\n|\n|upkeep\n|turn|14\n|\n|t:|1700506326\n|switch|p1a: Salamence|Salamence, F, shiny|100\/100\n|-ability|p1a: Salamence|Intimidate|boost\n|-unboost|p2a: Ogerpon|atk|1\n|move|p2a: Ogerpon|Horn Leech|p1a: Salamence\n|-resisted|p1a: Salamence\n|-damage|p1a: Salamence|92\/100\n|\n|upkeep\n|turn|15\n|inactive|700club has 90 seconds left.\n|\n|t:|1700506346\n|switch|p2a: Zacian|Zacian, tera:Fairy|82\/100\n|detailschange|p1a: Salamence|Salamence-Mega, F, shiny\n|-mega|p1a: Salamence|Salamence|Salamencite\n|move|p1a: Salamence|Dragon Dance|p1a: Salamence\n|-boost|p1a: Salamence|atk|1\n|-boost|p1a: Salamence|spe|1\n|\n|upkeep\n|turn|16\n|inactive|700club has 90 seconds left.\n|\n|t:|1700506366\n|move|p1a: Salamence|Return|p2a: Zacian\n|-damage|p2a: Zacian|0 fnt\n|faint|p2a: Zacian\n|\n|upkeep\n|\n|t:|1700506376\n|switch|p2a: Ditto|Ditto|100\/100\n|-transform|p2a: Ditto|p1a: Salamence|[from] ability: Imposter\n|turn|17\n|inactive|700club has 60 seconds left.\n|c|\u2606700club|isn't frustration better?\n|inactive|700club has 30 seconds left.\n|inactive|700club has 20 seconds left.\n|\n|t:|1700506449\n|move|p2a: Ditto|Return|p1a: Salamence\n|-damage|p1a: Salamence|0 fnt\n|faint|p1a: Salamence\n|\n|upkeep\n|inactive|700club has 25 seconds left this turn.\n|inactive|Jkdodlfjfj has 120 seconds left.\n|\n|t:|1700506485\n|switch|p1a: Ho-Oh|Ho-Oh, shiny, tera:Ground|85\/100\n|turn|18\n|inactive|700club has 30 seconds left.\n|inactive|700club has 20 seconds left.\n|\n|t:|1700506504\n|move|p2a: Ditto|Return|p1a: Ho-Oh\n|-damage|p1a: Ho-Oh|0 fnt\n|faint|p1a: Ho-Oh\n|\n|upkeep\n|inactive|700club has 25 seconds left this turn.\n|l|\u203dJkdodlfjfj\n|inactive|Jkdodlfjfj disconnected and has a minute to reconnect!\n|player|p1|\n|j|\u203dJkdodlfjfj\n|inactive|Jkdodlfjfj reconnected and has 105 seconds left.\n|player|p1|Jkdodlfjfj|102\n|n|\u203dJkdodlfjfj|jkdodlfjfj\n|n|\u203dJkdodlfjfj|jkdodlfjfj\n|n|\u203dJkdodlfjfj|jkdodlfjfj\n|n|\u203dJkdodlfjfj|jkdodlfjfj\n|n|\u203dJkdodlfjfj|jkdodlfjfj\n|n|\u203dJkdodlfjfj|jkdodlfjfj\n|n|\u203dJkdodlfjfj|jkdodlfjfj\n|n|\u203dJkdodlfjfj|jkdodlfjfj\n|n|\u203dJkdodlfjfj|jkdodlfjfj\n|n|\u203dJkdodlfjfj|jkdodlfjfj\n|n|\u203dJkdodlfjfj|jkdodlfjfj\n|n|\u203dJkdodlfjfj|jkdodlfjfj\n|n|\u203dJkdodlfjfj|jkdodlfjfj\n|n|\u203dJkdodlfjfj|jkdodlfjfj\n|n|\u203dJkdodlfjfj|jkdodlfjfj\n|n|\u203dJkdodlfjfj|jkdodlfjfj\n|n|\u203dJkdodlfjfj|jkdodlfjfj\n|n|\u203dJkdodlfjfj|jkdodlfjfj\n|n|\u203dJkdodlfjfj|jkdodlfjfj\n|n|\u203dJkdodlfjfj|jkdodlfjfj\n|n|\u203dJkdodlfjfj|jkdodlfjfj\n|n|\u203dJkdodlfjfj|jkdodlfjfj\n|n|\u203dJkdodlfjfj|jkdodlfjfj\n|n|\u203dJkdodlfjfj|jkdodlfjfj\n|n|\u203dJkdodlfjfj|jkdodlfjfj\n|n|\u203dJkdodlfjfj|jkdodlfjfj\n|\n|t:|1700506520\n|switch|p1a: Genesect|Genesect, shiny|37\/100\n|-ability|p1a: Genesect|Download|boost\n|-boost|p1a: Genesect|spa|1\n|turn|19\n|\n|t:|1700506528\n|move|p2a: Ditto|Return|p1a: Genesect\n|-damage|p1a: Genesect|0 fnt\n|faint|p1a: Genesect\n|\n|win|700club\n|raw|Jkdodlfjfj's rating: 1389 &rarr; <strong>1368<\/strong><br \/>(-21 for losing)\n|raw|700club's rating: 1371 &rarr; <strong>1392<\/strong><br \/>(+21 for winning)\n|c|\u2606700club|gg\n","uploadtime":1700506535,"views":5,"p1id":"jkdodlfjfj","p2id":"700club","formatid":"gen9nationaldexubers","rating":1368,"private":0,"password":""}