{"id":"gen9nationaldexubers-1994472171","p1":"EABL XD","p2":"TEDOO","format":"[Gen 9] National Dex Ubers","log":"|j|\u2606EABL XD\n|j|\u2606TEDOO\n|t:|1700447863\n|gametype|singles\n|player|p1|EABL XD|gambler|1382\n|player|p2|TEDOO|blackbelt-gen4dp|1328\n|teamsize|p1|6\n|teamsize|p2|6\n|gen|9\n|tier|[Gen 9] National Dex Ubers\n|rated|\n|rule|HP Percentage Mod: HP is shown in percentages\n|rule|Endless Battle Clause: Forcing endless battles is banned\n|rule|OHKO Clause: OHKO moves are banned\n|rule|Evasion Moves Clause: Evasion moves are banned\n|rule|Evasion Items Clause: Evasion items are banned\n|rule|Species Clause: Limit one of each Pok\u00e9mon\n|rule|Sleep Clause Mod: Limit one foe put to sleep\n|rule|Mega Rayquaza Clause: You cannot mega evolve Rayquaza\n|clearpoke\n|poke|p1|Ho-Oh|\n|poke|p1|Arceus-Ghost|\n|poke|p1|Mawile, F|\n|poke|p1|Galvantula, F|\n|poke|p1|Iron Treads|\n|poke|p1|Groudon|\n|poke|p2|Fezandipiti, M|\n|poke|p2|Blissey, F|\n|poke|p2|Skarmory, M|\n|poke|p2|Palkia|\n|poke|p2|Marshadow|\n|poke|p2|Shaymin-Sky|\n|teampreview\n|\n|t:|1700447879\n|start\n|switch|p1a: Tula|Galvantula, F|100\/100\n|switch|p2a: Fezandipiti|Fezandipiti, M|100\/100\n|turn|1\n|\n|t:|1700447912\n|move|p2a: Fezandipiti|Gunk Shot|p1a: Tula\n|-damage|p1a: Tula|7\/100\n|move|p1a: Tula|Thunder Wave|p2a: Fezandipiti\n|-status|p2a: Fezandipiti|par\n|\n|upkeep\n|turn|2\n|inactive|Battle timer is ON: inactive players will automatically lose when time's up. (requested by EABL XD)\n|\n|t:|1700448071\n|move|p1a: Tula|Sticky Web|p2a: Fezandipiti\n|-sidestart|p2: TEDOO|move: Sticky Web\n|move|p2a: Fezandipiti|Gunk Shot|p1a: Tula|[miss]\n|-miss|p2a: Fezandipiti|p1a: Tula\n|\n|upkeep\n|turn|3\n|inactiveoff|Battle timer is now OFF.\n|\n|t:|1700448078\n|switch|p1a: Iron Treads|Iron Treads|100\/100\n|-enditem|p1a: Iron Treads|Booster Energy\n|-activate|p1a: Iron Treads|ability: Quark Drive|[fromitem]\n|-start|p1a: Iron Treads|quarkdriveatk\n|cant|p2a: Fezandipiti|par\n|\n|upkeep\n|turn|4\n|\n|t:|1700448081\n|switch|p2a: Skarmory|Skarmory, M|100\/100\n|move|p1a: Iron Treads|Stealth Rock|p2a: Skarmory\n|-sidestart|p2: TEDOO|move: Stealth Rock\n|\n|upkeep\n|turn|5\n|\n|t:|1700448086\n|-end|p1a: Iron Treads|Quark Drive|[silent]\n|switch|p1a: Tula|Galvantula, F|7\/100\n|move|p2a: Skarmory|Defog|p1a: Tula\n|-unboost|p1a: Tula|evasion|1\n|-sideend|p2: TEDOO|Stealth Rock|[from] move: Defog|[of] p2a: Skarmory\n|-sideend|p2: TEDOO|Sticky Web|[from] move: Defog|[of] p2a: Skarmory\n|\n|upkeep\n|turn|6\n|\n|t:|1700448107\n|move|p1a: Tula|Thunder Wave|p2a: Skarmory\n|-status|p2a: Skarmory|par\n|move|p2a: Skarmory|Toxic|p1a: Tula\n|-status|p1a: Tula|tox\n|\n|-damage|p1a: Tula|0 fnt|[from] psn\n|faint|p1a: Tula\n|upkeep\n|\n|t:|1700448115\n|switch|p1a: Don|Groudon, shiny|100\/100\n|detailschange|p1a: Don|Groudon-Primal, shiny\n|-primal|p1a: Don|Red Orb\n|-weather|DesolateLand|[from] ability: Desolate Land|[of] p1a: Don\n|turn|7\n|\n|t:|1700448154\n|move|p2a: Skarmory|Protect|p2a: Skarmory\n|-singleturn|p2a: Skarmory|Protect\n|move|p1a: Don|Heat Crash|p2a: Skarmory\n|-activate|p2a: Skarmory|move: Protect\n|\n|-weather|DesolateLand|[upkeep]\n|upkeep\n|turn|8\n|\n|t:|1700448159\n|switch|p2a: Fezandipiti|Fezandipiti, M|100\/100 par\n|move|p1a: Don|Heat Crash|p2a: Fezandipiti\n|-damage|p2a: Fezandipiti|0 fnt\n|faint|p2a: Fezandipiti\n|\n|-weather|DesolateLand|[upkeep]\n|upkeep\n|\n|t:|1700448162\n|switch|p2a: Palkia|Palkia|100\/100\n|-ability|p2a: Palkia|Pressure\n|turn|9\n|\n|t:|1700448166\n|-terastallize|p2a: Palkia|Dragon\n|move|p2a: Palkia|Draco Meteor|p1a: Don\n|-damage|p1a: Don|0 fnt\n|-unboost|p2a: Palkia|spa|2\n|faint|p1a: Don\n|-weather|none\n|\n|upkeep\n|\n|t:|1700448175\n|switch|p1a: Pap\u00e1 Diosito|Arceus-Ghost|100\/100\n|turn|10\n|\n|t:|1700448193\n|switch|p2a: Blissey|Blissey, F|100\/100\n|-terastallize|p1a: Pap\u00e1 Diosito|Ghost\n|move|p1a: Pap\u00e1 Diosito|Judgment|p2a: Blissey\n|-immune|p2a: Blissey\n|\n|upkeep\n|turn|11\n|inactive|Battle timer is ON: inactive players will automatically lose when time's up. (requested by EABL XD)\n|\n|t:|1700448276\n|move|p1a: Pap\u00e1 Diosito|Toxic|p2a: Blissey\n|-status|p2a: Blissey|tox\n|move|p2a: Blissey|Toxic|p1a: Pap\u00e1 Diosito\n|-status|p1a: Pap\u00e1 Diosito|tox\n|\n|-damage|p1a: Pap\u00e1 Diosito|94\/100 tox|[from] psn\n|-damage|p2a: Blissey|94\/100 tox|[from] psn\n|upkeep\n|turn|12\n|inactiveoff|Battle timer is now OFF.\n|\n|t:|1700448289\n|switch|p1a: Iron Treads|Iron Treads|100\/100\n|-curestatus|p2a: Blissey|tox|[from] ability: Natural Cure\n|switch|p2a: Shaymin|Shaymin-Sky|100\/100\n|\n|upkeep\n|turn|13\n|\n|t:|1700448293\n|move|p2a: Shaymin|Seed Flare|p1a: Iron Treads\n|-damage|p1a: Iron Treads|19\/100\n|-unboost|p1a: Iron Treads|spd|2\n|move|p1a: Iron Treads|Rapid Spin|p2a: Shaymin\n|-damage|p2a: Shaymin|80\/100\n|-boost|p1a: Iron Treads|spe|1\n|\n|-heal|p2a: Shaymin|86\/100|[from] item: Leftovers\n|upkeep\n|turn|14\n|\n|t:|1700448299\n|move|p1a: Iron Treads|Stealth Rock|p2a: Shaymin\n|-sidestart|p2: TEDOO|move: Stealth Rock\n|move|p2a: Shaymin|Air Slash|p1a: Iron Treads\n|-resisted|p1a: Iron Treads\n|-damage|p1a: Iron Treads|0 fnt\n|faint|p1a: Iron Treads\n|-end|p1a: Iron Treads|Quark Drive|[silent]\n|\n|-heal|p2a: Shaymin|92\/100|[from] item: Leftovers\n|upkeep\n|\n|t:|1700448307\n|switch|p1a: P\u00e1jaro Feo|Ho-Oh, shiny|100\/100\n|turn|15\n|\n|t:|1700448313\n|move|p2a: Shaymin|Substitute|p2a: Shaymin\n|-start|p2a: Shaymin|Substitute\n|-damage|p2a: Shaymin|67\/100\n|-zpower|p1a: P\u00e1jaro Feo\n|move|p1a: P\u00e1jaro Feo|Z-Celebrate|p1a: P\u00e1jaro Feo|[anim]Celebrate\n|-boost|p1a: P\u00e1jaro Feo|atk|1|[zeffect]\n|-boost|p1a: P\u00e1jaro Feo|def|1|[zeffect]\n|-boost|p1a: P\u00e1jaro Feo|spa|1|[zeffect]\n|-boost|p1a: P\u00e1jaro Feo|spd|1|[zeffect]\n|-boost|p1a: P\u00e1jaro Feo|spe|1|[zeffect]\n|-activate|p1a: P\u00e1jaro Feo|move: Celebrate\n|\n|-heal|p2a: Shaymin|73\/100|[from] item: Leftovers\n|upkeep\n|turn|16\n|\n|t:|1700448318\n|move|p1a: P\u00e1jaro Feo|Sacred Fire|p2a: Shaymin|[miss]\n|-miss|p1a: P\u00e1jaro Feo|p2a: Shaymin\n|move|p2a: Shaymin|Air Slash|p1a: P\u00e1jaro Feo\n|-damage|p1a: P\u00e1jaro Feo|85\/100\n|\n|-heal|p2a: Shaymin|79\/100|[from] item: Leftovers\n|upkeep\n|turn|17\n|\n|t:|1700448328\n|move|p1a: P\u00e1jaro Feo|Sacred Fire|p2a: Shaymin\n|-supereffective|p2a: Shaymin\n|-end|p2a: Shaymin|Substitute\n|move|p2a: Shaymin|Air Slash|p1a: P\u00e1jaro Feo\n|-damage|p1a: P\u00e1jaro Feo|69\/100\n|\n|-heal|p2a: Shaymin|86\/100|[from] item: Leftovers\n|upkeep\n|turn|18\n|\n|t:|1700448341\n|move|p1a: P\u00e1jaro Feo|Sacred Fire|p2a: Shaymin\n|-supereffective|p2a: Shaymin\n|-damage|p2a: Shaymin|0 fnt\n|faint|p2a: Shaymin\n|\n|upkeep\n|\n|t:|1700448369\n|switch|p2a: Skarmory|Skarmory, M|100\/100 par\n|-damage|p2a: Skarmory|88\/100 par|[from] Stealth Rock\n|turn|19\n|\n|t:|1700448382\n|move|p1a: P\u00e1jaro Feo|Sacred Fire|p2a: Skarmory\n|-supereffective|p2a: Skarmory\n|-damage|p2a: Skarmory|0 fnt\n|faint|p2a: Skarmory\n|\n|upkeep\n|\n|t:|1700448387\n|switch|p2a: Palkia|Palkia, tera:Dragon|100\/100\n|-damage|p2a: Palkia|88\/100|[from] Stealth Rock\n|-ability|p2a: Palkia|Pressure\n|turn|20\n|\n|t:|1700448392\n|move|p2a: Palkia|Hydro Pump|p1a: P\u00e1jaro Feo\n|-supereffective|p1a: P\u00e1jaro Feo\n|-damage|p1a: P\u00e1jaro Feo|10\/100\n|move|p1a: P\u00e1jaro Feo|Brave Bird|p2a: Palkia\n|-damage|p2a: Palkia|0 fnt\n|faint|p2a: Palkia\n|-damage|p1a: P\u00e1jaro Feo|0 fnt|[from] Recoil\n|faint|p1a: P\u00e1jaro Feo\n|\n|upkeep\n|\n|t:|1700448401\n|switch|p2a: Marshadow|Marshadow|100\/100\n|switch|p1a: Pap\u00e1 Diosito|Arceus-Ghost, tera:Ghost|94\/100 tox\n|-damage|p2a: Marshadow|94\/100|[from] Stealth Rock\n|turn|21\n|\n|t:|1700448403\n|switch|p2a: Blissey|Blissey, F|94\/100\n|-damage|p2a: Blissey|82\/100|[from] Stealth Rock\n|move|p1a: Pap\u00e1 Diosito|Judgment|p2a: Blissey\n|-immune|p2a: Blissey\n|\n|-heal|p2a: Blissey|88\/100|[from] item: Leftovers\n|-damage|p1a: Pap\u00e1 Diosito|88\/100 tox|[from] psn\n|upkeep\n|turn|22\n|\n|t:|1700448421\n|move|p2a: Blissey|Protect|p2a: Blissey\n|-singleturn|p2a: Blissey|Protect\n|move|p1a: Pap\u00e1 Diosito|Toxic|p2a: Blissey\n|-activate|p2a: Blissey|move: Protect\n|\n|-heal|p2a: Blissey|94\/100|[from] item: Leftovers\n|-damage|p1a: Pap\u00e1 Diosito|76\/100 tox|[from] psn\n|upkeep\n|turn|23\n|\n|t:|1700448447\n|switch|p1a: Maya|Mawile, F, shiny|100\/100\n|move|p2a: Blissey|Wish|p2a: Blissey\n|\n|-heal|p2a: Blissey|99\/100|[from] item: Leftovers\n|upkeep\n|turn|24\n|\n|t:|1700448458\n|detailschange|p1a: Maya|Mawile-Mega, F, shiny\n|-mega|p1a: Maya|Mawile|Mawilite\n|move|p2a: Blissey|Seismic Toss|p1a: Maya\n|-damage|p1a: Maya|59\/100\n|move|p1a: Maya|Swords Dance|p1a: Maya\n|-boost|p1a: Maya|atk|2\n|\n|-heal|p2a: Blissey|100\/100|[from] move: Wish|[wisher] Blissey\n|upkeep\n|turn|25\n|\n|t:|1700448467\n|move|p2a: Blissey|Seismic Toss|p1a: Maya\n|-damage|p1a: Maya|18\/100\n|move|p1a: Maya|Play Rough|p2a: Blissey\n|-damage|p2a: Blissey|0 fnt\n|faint|p2a: Blissey\n|\n|upkeep\n|\n|t:|1700448472\n|switch|p2a: Marshadow|Marshadow|94\/100\n|-damage|p2a: Marshadow|88\/100|[from] Stealth Rock\n|turn|26\n|\n|t:|1700448474\n|move|p2a: Marshadow|Shadow Sneak|p1a: Maya\n|-damage|p1a: Maya|0 fnt\n|faint|p1a: Maya\n|\n|upkeep\n|\n|t:|1700448478\n|switch|p1a: Pap\u00e1 Diosito|Arceus-Ghost, tera:Ghost|76\/100 tox\n|turn|27\n|\n|t:|1700448480\n|move|p2a: Marshadow|Spectral Thief|p1a: Pap\u00e1 Diosito\n|-supereffective|p1a: Pap\u00e1 Diosito\n|-damage|p1a: Pap\u00e1 Diosito|17\/100 tox\n|move|p1a: Pap\u00e1 Diosito|Judgment|p2a: Marshadow\n|-supereffective|p2a: Marshadow\n|-damage|p2a: Marshadow|0 fnt\n|faint|p2a: Marshadow\n|\n|win|EABL XD\n|raw|EABL XD's rating: 1382 &rarr; <strong>1399<\/strong><br \/>(+17 for winning)\n|raw|TEDOO's rating: 1328 &rarr; <strong>1311<\/strong><br \/>(-17 for losing)\n","uploadtime":1700448490,"views":10,"p1id":"eablxd","p2id":"tedoo","formatid":"gen9nationaldexubers","rating":1311,"private":0,"password":""}