{"id":"gen9nationaldexubers-1997378074","p1":"SCARCITY25","p2":"dreepy airlines","format":"[Gen 9] National Dex Ubers","log":"|j|\u2606SCARCITY25\n|j|\u2606dreepy airlines\n|t:|1700796322\n|gametype|singles\n|player|p1|SCARCITY25|cynthia-gen4|\n|player|p2|dreepy airlines|waitress-gen6|\n|teamsize|p1|6\n|teamsize|p2|6\n|gen|9\n|tier|[Gen 9] National Dex Ubers\n|rule|HP Percentage Mod: HP is shown in percentages\n|rule|Endless Battle Clause: Forcing endless battles is banned\n|rule|OHKO Clause: OHKO moves are banned\n|rule|Evasion Moves Clause: Evasion moves are banned\n|rule|Evasion Items Clause: Evasion items are banned\n|rule|Species Clause: Limit one of each Pok\u00e9mon\n|rule|Sleep Clause Mod: Limit one foe put to sleep\n|rule|Mega Rayquaza Clause: You cannot mega evolve Rayquaza\n|clearpoke\n|poke|p1|Giratina-Origin|\n|poke|p1|Marshadow|\n|poke|p1|Arceus-Fairy|\n|poke|p1|Yveltal|\n|poke|p1|Groudon|\n|poke|p1|Necrozma-Dusk-Mane|\n|poke|p2|Deoxys-Speed|\n|poke|p2|Groudon|\n|poke|p2|Yveltal|\n|poke|p2|Arceus|\n|poke|p2|Zacian-*|\n|poke|p2|Salamence, F|\n|teampreview\n|inactive|Battle timer is ON: inactive players will automatically lose when time's up. (requested by dreepy airlines)\n|c|\u2606SCARCITY25|glhf\n|j| Just B3A$T\n|c|\u2606dreepy airlines|hf\n|c| Just B3A$T|hi\n|inactive|SCARCITY25 has 270 seconds left.\n|\n|t:|1700796357\n|start\n|switch|p1a: Giratina|Giratina-Origin|100\/100\n|switch|p2a: Deoxys|Deoxys-Speed|100\/100\n|-ability|p2a: Deoxys|Pressure\n|turn|1\n|c| Just B3A$T|just woke up\n|\n|t:|1700796368\n|move|p2a: Deoxys|Spikes|p1a: Giratina\n|-sidestart|p1: SCARCITY25|Spikes\n|move|p1a: Giratina|Poltergeist|p2a: Deoxys\n|-activate|p2a: Deoxys|move: Poltergeist|Focus Sash\n|-supereffective|p2a: Deoxys\n|-enditem|p2a: Deoxys|Focus Sash\n|-damage|p2a: Deoxys|1\/100\n|\n|upkeep\n|turn|2\n|\n|t:|1700796377\n|switch|p2a: Yveltal|Yveltal|100\/100\n|-ability|p2a: Yveltal|Dark Aura\n|move|p1a: Giratina|Defog|p2a: Yveltal\n|-unboost|p2a: Yveltal|evasion|1\n|-sideend|p1: SCARCITY25|Spikes|[from] move: Defog|[of] p1a: Giratina\n|\n|upkeep\n|turn|3\n|\n|t:|1700796383\n|switch|p1a: Arceus|Arceus-Fairy|100\/100\n|move|p2a: Yveltal|Dark Pulse|p1a: Arceus\n|-resisted|p1a: Arceus\n|-damage|p1a: Arceus|75\/100\n|-damage|p2a: Yveltal|91\/100|[from] item: Life Orb\n|\n|upkeep\n|turn|4\n|\n|t:|1700796396\n|switch|p2a: Deoxys|Deoxys-Speed|1\/100\n|-ability|p2a: Deoxys|Pressure\n|move|p1a: Arceus|Recover|p1a: Arceus\n|-heal|p1a: Arceus|100\/100\n|\n|upkeep\n|turn|5\n|\n|t:|1700796401\n|move|p2a: Deoxys|Spikes|p1a: Arceus\n|-sidestart|p1: SCARCITY25|Spikes\n|move|p1a: Arceus|Judgment|p2a: Deoxys\n|-crit|p2a: Deoxys\n|-damage|p2a: Deoxys|0 fnt\n|faint|p2a: Deoxys\n|\n|upkeep\n|\n|t:|1700796409\n|switch|p2a: Groudon|Groudon|100\/100\n|detailschange|p2a: Groudon|Groudon-Primal\n|-primal|p2a: Groudon|Red Orb\n|-weather|DesolateLand|[from] ability: Desolate Land|[of] p2a: Groudon\n|turn|6\n|\n|t:|1700796411\n|switch|p1a: Giratina|Giratina-Origin|100\/100\n|move|p2a: Groudon|Rock Polish|p2a: Groudon\n|-boost|p2a: Groudon|spe|2\n|\n|-weather|DesolateLand|[upkeep]\n|upkeep\n|turn|7\n|\n|t:|1700796423\n|move|p2a: Groudon|Swords Dance|p2a: Groudon\n|-boost|p2a: Groudon|atk|2\n|move|p1a: Giratina|Toxic|p2a: Groudon\n|-status|p2a: Groudon|tox\n|\n|-weather|DesolateLand|[upkeep]\n|-damage|p2a: Groudon|94\/100 tox|[from] psn\n|upkeep\n|turn|8\n|\n|t:|1700796428\n|move|p2a: Groudon|Stone Edge|p1a: Giratina\n|-damage|p1a: Giratina|36\/100\n|move|p1a: Giratina|Dragon Tail|p2a: Groudon\n|-damage|p2a: Groudon|68\/100 tox\n|-weather|none\n|drag|p2a: Zacian|Zacian-Crowned|100\/100\n|-ability|p2a: Zacian|Intrepid Sword|boost\n|-boost|p2a: Zacian|atk|1\n|\n|upkeep\n|turn|9\n|inactive|SCARCITY25 has 270 seconds left.\n|\n|t:|1700796483\n|move|p2a: Zacian|Behemoth Blade|p1a: Giratina\n|-damage|p1a: Giratina|0 fnt\n|faint|p1a: Giratina\n|\n|upkeep\n|\n|t:|1700796486\n|switch|p1a: Groudon|Groudon|100\/100\n|-damage|p1a: Groudon|88\/100|[from] Spikes\n|detailschange|p1a: Groudon|Groudon-Primal\n|-primal|p1a: Groudon|Red Orb\n|-weather|DesolateLand|[from] ability: Desolate Land|[of] p1a: Groudon\n|turn|10\n|inactive|SCARCITY25 has 240 seconds left.\n|\n|t:|1700796512\n|switch|p2a: Salamence|Salamence, F|100\/100\n|-ability|p2a: Salamence|Intimidate|boost\n|-unboost|p1a: Groudon|atk|1\n|move|p1a: Groudon|Stone Edge|p2a: Salamence\n|-supereffective|p2a: Salamence\n|-crit|p2a: Salamence\n|-damage|p2a: Salamence|0 fnt\n|faint|p2a: Salamence\n|\n|-weather|DesolateLand|[upkeep]\n|upkeep\n|\n|t:|1700796521\n|switch|p2a: Yveltal|Yveltal|91\/100\n|-ability|p2a: Yveltal|Dark Aura\n|turn|11\n|\n|t:|1700796524\n|-weather|none\n|switch|p1a: Arceus|Arceus-Fairy|100\/100\n|-damage|p1a: Arceus|88\/100|[from] Spikes\n|move|p2a: Yveltal|Oblivion Wing|p1a: Arceus\n|-damage|p1a: Arceus|49\/100\n|-heal|p2a: Yveltal|100\/100|[from] drain|[of] p1a: Arceus\n|-damage|p2a: Yveltal|91\/100|[from] item: Life Orb\n|\n|upkeep\n|turn|12\n|\n|t:|1700796541\n|switch|p2a: Zacian|Zacian-Crowned|100\/100\n|move|p1a: Arceus|Recover|p1a: Arceus\n|-heal|p1a: Arceus|99\/100\n|\n|upkeep\n|turn|13\n|inactive|SCARCITY25 has 270 seconds left.\n|\n|t:|1700796561\n|-terastallize|p1a: Arceus|Water\n|move|p2a: Zacian|Swords Dance|p2a: Zacian\n|-boost|p2a: Zacian|atk|2\n|move|p1a: Arceus|Will-O-Wisp|p2a: Zacian\n|-status|p2a: Zacian|brn\n|\n|-damage|p2a: Zacian|94\/100 brn|[from] brn\n|upkeep\n|turn|14\n|\n|t:|1700796568\n|switch|p1a: Groudon|Groudon-Primal|88\/100\n|-damage|p1a: Groudon|76\/100|[from] Spikes\n|-weather|DesolateLand|[from] ability: Desolate Land|[of] p1a: Groudon\n|move|p2a: Zacian|Swords Dance|p2a: Zacian\n|-boost|p2a: Zacian|atk|2\n|\n|-weather|DesolateLand|[upkeep]\n|-damage|p2a: Zacian|88\/100 brn|[from] brn\n|upkeep\n|turn|15\n|inactive|SCARCITY25 has 270 seconds left.\n|\n|t:|1700796584\n|move|p2a: Zacian|Close Combat|p1a: Groudon\n|-damage|p1a: Groudon|44\/100\n|-unboost|p2a: Zacian|def|1\n|-unboost|p2a: Zacian|spd|1\n|move|p1a: Groudon|Precipice Blades|p2a: Zacian\n|-supereffective|p2a: Zacian\n|-damage|p2a: Zacian|0 fnt\n|faint|p2a: Zacian\n|\n|-weather|DesolateLand|[upkeep]\n|upkeep\n|c|\u2606dreepy airlines|wait\n|c|\u2606dreepy airlines|my stupid calc\n|c|\u2606dreepy airlines|it didnt do burn\n|inactive|dreepy airlines has 270 seconds left.\n|\n|t:|1700796605\n|switch|p2a: Yveltal|Yveltal|91\/100\n|-ability|p2a: Yveltal|Dark Aura\n|turn|16\n|\n|t:|1700796614\n|move|p2a: Yveltal|Dark Pulse|p1a: Groudon\n|-crit|p1a: Groudon\n|-damage|p1a: Groudon|0 fnt\n|faint|p1a: Groudon\n|-weather|none\n|-damage|p2a: Yveltal|81\/100|[from] item: Life Orb\n|\n|upkeep\n|\n|t:|1700796621\n|switch|p1a: Arceus|Arceus-Fairy, tera:Water|99\/100\n|-damage|p1a: Arceus|87\/100|[from] Spikes\n|turn|17\n|\n|t:|1700796628\n|switch|p2a: Groudon|Groudon-Primal|68\/100 tox\n|-weather|DesolateLand|[from] ability: Desolate Land|[of] p2a: Groudon\n|move|p1a: Arceus|Judgment|p2a: Groudon\n|-resisted|p2a: Groudon\n|-damage|p2a: Groudon|42\/100 tox\n|\n|-weather|DesolateLand|[upkeep]\n|-damage|p2a: Groudon|36\/100 tox|[from] psn\n|upkeep\n|turn|18\n|\n|t:|1700796645\n|switch|p1a: Yveltal|Yveltal|100\/100\n|-ability|p1a: Yveltal|Dark Aura\n|move|p2a: Groudon|Precipice Blades|p1a: Yveltal\n|-immune|p1a: Yveltal\n|\n|-weather|DesolateLand|[upkeep]\n|-damage|p2a: Groudon|24\/100 tox|[from] psn\n|upkeep\n|turn|19\n|\n|t:|1700796651\n|move|p1a: Yveltal|Sucker Punch|p2a: Groudon\n|-damage|p2a: Groudon|0 fnt\n|faint|p2a: Groudon\n|-weather|none\n|-damage|p1a: Yveltal|91\/100|[from] item: Life Orb\n|\n|upkeep\n|\n|t:|1700796657\n|switch|p2a: Arceus|Arceus|100\/100\n|turn|20\n|\n|t:|1700796661\n|move|p2a: Arceus|Swords Dance|p2a: Arceus\n|-boost|p2a: Arceus|atk|2\n|move|p1a: Yveltal|Dark Pulse|p2a: Arceus\n|-damage|p2a: Arceus|45\/100\n|-damage|p1a: Yveltal|81\/100|[from] item: Life Orb\n|\n|upkeep\n|turn|21\n|\n|t:|1700796676\n|move|p2a: Arceus|Earthquake|p1a: Yveltal\n|-immune|p1a: Yveltal\n|move|p1a: Yveltal|Dark Pulse|p2a: Arceus\n|-damage|p2a: Arceus|0 fnt\n|faint|p2a: Arceus\n|-damage|p1a: Yveltal|71\/100|[from] item: Life Orb\n|\n|upkeep\n|\n|t:|1700796680\n|switch|p2a: Yveltal|Yveltal|81\/100\n|-ability|p2a: Yveltal|Dark Aura\n|turn|22\n|\n|t:|1700796682\n|move|p2a: Yveltal|Oblivion Wing|p1a: Yveltal\n|-damage|p1a: Yveltal|20\/100\n|-heal|p2a: Yveltal|100\/100|[from] drain|[of] p1a: Yveltal\n|-damage|p2a: Yveltal|91\/100|[from] item: Life Orb\n|move|p1a: Yveltal|Oblivion Wing|p2a: Yveltal\n|-damage|p2a: Yveltal|42\/100\n|-heal|p1a: Yveltal|57\/100|[from] drain|[of] p2a: Yveltal\n|-damage|p1a: Yveltal|47\/100|[from] item: Life Orb\n|\n|upkeep\n|turn|23\n|\n|t:|1700796686\n|move|p2a: Yveltal|Oblivion Wing|p1a: Yveltal\n|-damage|p1a: Yveltal|0 fnt\n|-heal|p2a: Yveltal|77\/100|[from] drain|[of] p1a: Yveltal\n|faint|p1a: Yveltal\n|-damage|p2a: Yveltal|67\/100|[from] item: Life Orb\n|\n|upkeep\n|\n|t:|1700796689\n|switch|p1a: Arceus|Arceus-Fairy, tera:Water|87\/100\n|-damage|p1a: Arceus|74\/100|[from] Spikes\n|turn|24\n|\n|t:|1700796693\n|-terastallize|p2a: Yveltal|Dark\n|move|p2a: Yveltal|Dark Pulse|p1a: Arceus\n|-crit|p1a: Arceus\n|-damage|p1a: Arceus|0 fnt\n|faint|p1a: Arceus\n|-damage|p2a: Yveltal|57\/100|[from] item: Life Orb\n|\n|upkeep\n|\n|t:|1700796698\n|switch|p1a: Marshadow|Marshadow|100\/100\n|-damage|p1a: Marshadow|88\/100|[from] Spikes\n|turn|25\n|\n|t:|1700796703\n|move|p2a: Yveltal|Sucker Punch|p1a: Marshadow\n|-damage|p1a: Marshadow|0 fnt\n|faint|p1a: Marshadow\n|-damage|p2a: Yveltal|47\/100|[from] item: Life Orb\n|\n|upkeep\n|\n|t:|1700796707\n|switch|p1a: Necrozma|Necrozma-Dusk-Mane|100\/100\n|-damage|p1a: Necrozma|88\/100|[from] Spikes\n|turn|26\n|c|\u2606dreepy airlines|oh my god\n|inactive|SCARCITY25 has 270 seconds left.\n|c|\u2606SCARCITY25|that crit hurt a lot\n|c| Just B3A$T|truly tense\n|\n|t:|1700796751\n|move|p2a: Yveltal|Dark Pulse|p1a: Necrozma\n|-supereffective|p1a: Necrozma\n|-damage|p1a: Necrozma|0 fnt\n|faint|p1a: Necrozma\n|-damage|p2a: Yveltal|37\/100|[from] item: Life Orb\n|\n|win|dreepy airlines\n|c|\u2606SCARCITY25|ggs :\/\n|c|\u2606dreepy airlines|gg\n","uploadtime":1700796762,"views":5,"p1id":"scarcity25","p2id":"dreepyairlines","formatid":"gen9nationaldexubers","rating":0,"private":0,"password":""}