{"id":"gen9nationaldexubers-1978198348","p1":"JayJay4621","p2":"KingoftheTitans","format":"[Gen 9] National Dex Ubers","log":"|j|\u2606JayJay4621\n|j|\u2606KingoftheTitans\n|t:|1698511681\n|gametype|singles\n|player|p1|JayJay4621|richboy-gen4|1399\n|player|p2|KingoftheTitans|2|1323\n|teamsize|p1|6\n|teamsize|p2|6\n|gen|9\n|tier|[Gen 9] National Dex Ubers\n|rated|\n|rule|HP Percentage Mod: HP is shown in percentages\n|rule|Endless Battle Clause: Forcing endless battles is banned\n|rule|OHKO Clause: OHKO moves are banned\n|rule|Evasion Moves Clause: Evasion moves are banned\n|rule|Evasion Items Clause: Evasion items are banned\n|rule|Species Clause: Limit one of each Pok\u00e9mon\n|rule|Sleep Clause Mod: Limit one foe put to sleep\n|rule|Mega Rayquaza Clause: You cannot mega evolve Rayquaza\n|clearpoke\n|poke|p1|Zygarde|\n|poke|p1|Kyogre|\n|poke|p1|Marshadow|\n|poke|p1|Necrozma-Dusk-Mane|\n|poke|p1|Yveltal|\n|poke|p1|Dracovish|\n|poke|p2|Ogerpon-Hearthflame, F|\n|poke|p2|Mewtwo|\n|poke|p2|Salamence, M|\n|poke|p2|Dragapult, M|\n|poke|p2|Darmanitan-Galar, F|\n|poke|p2|Flutter Mane|\n|teampreview\n|inactive|Battle timer is ON: inactive players will automatically lose when time's up. (requested by JayJay4621)\n|\n|t:|1698511695\n|start\n|switch|p1a: Yveltal|Yveltal|100\/100\n|switch|p2a: Flutter Mane|Flutter Mane, shiny|100\/100\n|-ability|p1a: Yveltal|Dark Aura\n|-enditem|p2a: Flutter Mane|Booster Energy\n|-activate|p2a: Flutter Mane|ability: Protosynthesis|[fromitem]\n|-start|p2a: Flutter Mane|protosynthesisspe\n|turn|1\n|\n|t:|1698511710\n|switch|p1a: Necrozma|Necrozma-Dusk-Mane|100\/100\n|move|p2a: Flutter Mane|Moonblast|p1a: Necrozma\n|-resisted|p1a: Necrozma\n|-damage|p1a: Necrozma|79\/100\n|\n|upkeep\n|turn|2\n|\n|t:|1698511715\n|move|p2a: Flutter Mane|Mystical Fire|p1a: Necrozma\n|-supereffective|p1a: Necrozma\n|-damage|p1a: Necrozma|44\/100\n|-unboost|p1a: Necrozma|spa|1\n|move|p1a: Necrozma|Sunsteel Strike|p2a: Flutter Mane\n|-supereffective|p2a: Flutter Mane\n|-damage|p2a: Flutter Mane|0 fnt\n|faint|p2a: Flutter Mane\n|-end|p2a: Flutter Mane|Protosynthesis|[silent]\n|\n|upkeep\n|\n|t:|1698511727\n|switch|p2a: Dragapult|Dragapult, M, shiny|100\/100\n|turn|3\n|\n|t:|1698511742\n|detailschange|p1a: Necrozma|Necrozma-Ultra\n|-burst|p1a: Necrozma|Necrozma|Ultranecrozium Z\n|move|p2a: Dragapult|Fire Blast|p1a: Necrozma\n|-resisted|p1a: Necrozma\n|-damage|p1a: Necrozma|23\/100\n|move|p1a: Necrozma|Photon Geyser|p2a: Dragapult\n|-damage|p2a: Dragapult|14\/100\n|\n|upkeep\n|turn|4\n|\n|t:|1698511754\n|switch|p2a: Mewtwo|Mewtwo, shiny|100\/100\n|-ability|p2a: Mewtwo|Pressure\n|move|p1a: Necrozma|Photon Geyser|p2a: Mewtwo\n|-resisted|p2a: Mewtwo\n|-damage|p2a: Mewtwo|67\/100\n|\n|upkeep\n|turn|5\n|\n|t:|1698511763\n|move|p2a: Mewtwo|Ice Beam|p1a: Necrozma\n|-supereffective|p1a: Necrozma\n|-damage|p1a: Necrozma|0 fnt\n|faint|p1a: Necrozma\n|-damage|p2a: Mewtwo|57\/100|[from] item: Life Orb\n|\n|upkeep\n|\n|t:|1698511769\n|switch|p1a: Shiny|Marshadow|100\/100\n|turn|6\n|\n|t:|1698511779\n|move|p1a: Shiny|Shadow Sneak|p2a: Mewtwo\n|-supereffective|p2a: Mewtwo\n|-damage|p2a: Mewtwo|0 fnt\n|faint|p2a: Mewtwo\n|\n|upkeep\n|\n|t:|1698511785\n|switch|p2a: Salamence|Salamence, M, shiny|100\/100\n|-ability|p2a: Salamence|Intimidate|boost\n|-unboost|p1a: Shiny|atk|1\n|turn|7\n|c|\u2606KingoftheTitans|Wait\n|c|\u2606KingoftheTitans|Do you have Spectral Thief?\n|inactive|JayJay4621 has 120 seconds left.\n|\n|t:|1698511825\n|switch|p1a: 5|Zygarde, shiny|100\/100\n|detailschange|p2a: Salamence|Salamence-Mega, M, shiny\n|-mega|p2a: Salamence|Salamence|Salamencite\n|move|p2a: Salamence|Body Slam|p1a: 5\n|-damage|p1a: 5|58\/100\n|-status|p1a: 5|par\n|\n|upkeep\n|turn|8\n|inactive|JayJay4621 has 120 seconds left.\n|\n|t:|1698511846\n|move|p2a: Salamence|Dragon Claw|p1a: 5\n|-supereffective|p1a: 5\n|-damage|p1a: 5|0 fnt\n|faint|p1a: 5\n|\n|upkeep\n|\n|t:|1698511857\n|switch|p1a: Yveltal|Yveltal|100\/100\n|-ability|p1a: Yveltal|Dark Aura\n|turn|9\n|c|\u2606KingoftheTitans|Hello?\n|c|\u2606KingoftheTitans|Earth to human?\n|\n|t:|1698511867\n|move|p2a: Salamence|Body Slam|p1a: Yveltal\n|-damage|p1a: Yveltal|42\/100\n|-status|p1a: Yveltal|par\n|cant|p1a: Yveltal|par\n|\n|upkeep\n|turn|10\n|\n|t:|1698511873\n|move|p2a: Salamence|Body Slam|p1a: Yveltal\n|-damage|p1a: Yveltal|0 fnt\n|faint|p1a: Yveltal\n|\n|upkeep\n|\n|t:|1698511890\n|switch|p1a: 3|Dracovish, shiny|100\/100\n|turn|11\n|\n|t:|1698511899\n|move|p1a: 3|Fishious Rend|p2a: Salamence\n|-resisted|p2a: Salamence\n|-damage|p2a: Salamence|59\/100\n|move|p2a: Salamence|Dragon Claw|p1a: 3\n|-supereffective|p1a: 3\n|-damage|p1a: 3|4\/100\n|\n|upkeep\n|turn|12\n|\n|t:|1698511907\n|move|p1a: 3|Fishious Rend|p2a: Salamence\n|-resisted|p2a: Salamence\n|-damage|p2a: Salamence|16\/100\n|move|p2a: Salamence|Earthquake|p1a: 3\n|-damage|p1a: 3|0 fnt\n|faint|p1a: 3\n|\n|upkeep\n|\n|t:|1698511921\n|switch|p1a: Shiny|Marshadow|100\/100\n|turn|13\n|\n|t:|1698511927\n|move|p1a: Shiny|Shadow Sneak|p2a: Salamence\n|-damage|p2a: Salamence|0 fnt\n|faint|p2a: Salamence\n|\n|upkeep\n|\n|t:|1698511938\n|switch|p2a: Darmanitan|Darmanitan-Galar, F, shiny|100\/100\n|turn|14\n|\n|t:|1698511943\n|move|p2a: Darmanitan|Icicle Crash|p1a: Shiny\n|-damage|p1a: Shiny|14\/100\n|move|p1a: Shiny|Drain Punch|p2a: Darmanitan\n|-supereffective|p2a: Darmanitan\n|-damage|p2a: Darmanitan|0 fnt\n|-heal|p1a: Shiny|69\/100|[from] drain|[of] p2a: Darmanitan\n|faint|p2a: Darmanitan\n|\n|upkeep\n|\n|t:|1698511952\n|switch|p2a: Ogerpon|Ogerpon-Hearthflame, F|100\/100\n|-ability|p2a: Ogerpon|Mold Breaker\n|turn|15\n|\n|t:|1698511965\n|move|p2a: Ogerpon|Ivy Cudgel|p1a: Shiny\n|-damage|p1a: Shiny|0 fnt\n|faint|p1a: Shiny\n|\n|upkeep\n|\n|t:|1698511970\n|switch|p1a: Kyogre|Kyogre, shiny|100\/100\n|detailschange|p1a: Kyogre|Kyogre-Primal, shiny\n|-primal|p1a: Kyogre|Blue Orb\n|-weather|PrimordialSea|[from] ability: Primordial Sea|[of] p1a: Kyogre\n|turn|16\n|\n|t:|1698511977\n|-terastallize|p2a: Ogerpon|Fire\n|detailschange|p2a: Ogerpon|Ogerpon-Hearthflame-Tera, F, tera:Fire\n|-ability|p2a: Ogerpon|Embody Aspect (Hearthflame)|boost\n|-boost|p2a: Ogerpon|atk|1\n|move|p2a: Ogerpon|Horn Leech|p1a: Kyogre\n|-supereffective|p1a: Kyogre\n|-damage|p1a: Kyogre|0 fnt\n|faint|p1a: Kyogre\n|-weather|none\n|\n|win|KingoftheTitans\n|raw|JayJay4621's rating: 1399 &rarr; <strong>1375<\/strong><br \/>(-24 for losing)\n|raw|KingoftheTitans's rating: 1323 &rarr; <strong>1347<\/strong><br \/>(+24 for winning)\n|l|\u2606JayJay4621\n","uploadtime":1698511987,"views":20,"p1id":"jayjay4621","p2id":"kingofthetitans","formatid":"gen9nationaldexubers","rating":1347,"private":0,"password":""}