{"id":"gen9nationaldexubers-1978520317","p1":"Noonmaster9818","p2":"Killer beetles","format":"[Gen 9] National Dex Ubers","log":"|j|\u2606Noonmaster9818\n|j|\u2606Killer beetles\n|t:|1698549854\n|gametype|singles\n|player|p1|Noonmaster9818|policeman-gen4|1242\n|player|p2|Killer beetles|cynthia|1160\n|teamsize|p1|6\n|teamsize|p2|6\n|gen|9\n|tier|[Gen 9] National Dex Ubers\n|rated|\n|rule|HP Percentage Mod: HP is shown in percentages\n|rule|Endless Battle Clause: Forcing endless battles is banned\n|rule|OHKO Clause: OHKO moves are banned\n|rule|Evasion Moves Clause: Evasion moves are banned\n|rule|Evasion Items Clause: Evasion items are banned\n|rule|Species Clause: Limit one of each Pok\u00e9mon\n|rule|Sleep Clause Mod: Limit one foe put to sleep\n|rule|Mega Rayquaza Clause: You cannot mega evolve Rayquaza\n|clearpoke\n|poke|p1|Yveltal|\n|poke|p1|Ho-Oh|\n|poke|p1|Xerneas-*|\n|poke|p1|Marshadow|\n|poke|p1|Kyogre|\n|poke|p1|Eternatus|\n|poke|p2|Blaziken, M|\n|poke|p2|Groudon|\n|poke|p2|Kyogre|\n|poke|p2|Xerneas-*|\n|poke|p2|Necrozma-Dusk-Mane|\n|poke|p2|Marshadow|\n|teampreview\n|inactive|Battle timer is ON: inactive players will automatically lose when time's up. (requested by Noonmaster9818)\n|\n|t:|1698549873\n|start\n|switch|p1a: Beastie|Eternatus|100\/100\n|switch|p2a: Marshadow|Marshadow|100\/100\n|-ability|p1a: Beastie|Pressure\n|turn|1\n|\n|t:|1698549891\n|move|p1a: Beastie|Dynamax Cannon|p2a: Marshadow\n|-damage|p2a: Marshadow|35\/100\n|-zpower|p2a: Marshadow\n|move|p2a: Marshadow|Soul-Stealing 7-Star Strike|p1a: Beastie|[zeffect]\n|-damage|p1a: Beastie|13\/100\n|\n|upkeep\n|turn|2\n|\n|t:|1698549915\n|switch|p1a: Bloodbath|Yveltal, shiny|100\/100\n|-ability|p1a: Bloodbath|Dark Aura\n|switch|p2a: Xerneas|Xerneas|100\/100\n|-ability|p2a: Xerneas|Fairy Aura\n|\n|upkeep\n|turn|3\n|\n|t:|1698549924\n|move|p1a: Bloodbath|U-turn|p2a: Xerneas\n|-resisted|p2a: Xerneas\n|-damage|p2a: Xerneas|81\/100\n|\n|t:|1698549929\n|switch|p1a: Marshmallow|Marshadow|100\/100|[from] U-turn\n|move|p2a: Xerneas|Moonblast|p1a: Marshmallow\n|-supereffective|p1a: Marshmallow\n|-enditem|p1a: Marshmallow|Focus Sash\n|-damage|p1a: Marshmallow|1\/100\n|\n|upkeep\n|turn|4\n|inactive|Killer beetles has 120 seconds left.\n|\n|t:|1698549966\n|switch|p1a: Oh-No|Ho-Oh|100\/100\n|move|p2a: Xerneas|Moonblast|p1a: Oh-No\n|-resisted|p1a: Oh-No\n|-damage|p1a: Oh-No|84\/100\n|\n|upkeep\n|turn|5\n|\n|t:|1698549972\n|move|p2a: Xerneas|Psychic|p1a: Oh-No\n|-damage|p1a: Oh-No|68\/100\n|move|p1a: Oh-No|Toxic|p2a: Xerneas\n|-status|p2a: Xerneas|tox\n|\n|-damage|p2a: Xerneas|75\/100 tox|[from] psn\n|upkeep\n|turn|6\n|\n|t:|1698549978\n|move|p2a: Xerneas|Geomancy||[still]\n|-prepare|p2a: Xerneas|Geomancy\n|-enditem|p2a: Xerneas|Power Herb\n|-anim|p2a: Xerneas|Geomancy|p2a: Xerneas\n|-boost|p2a: Xerneas|spa|2\n|-boost|p2a: Xerneas|spd|2\n|-boost|p2a: Xerneas|spe|2\n|move|p1a: Oh-No|Sacred Fire|p2a: Xerneas\n|-damage|p2a: Xerneas|38\/100 tox\n|\n|-damage|p2a: Xerneas|26\/100 tox|[from] psn\n|upkeep\n|turn|7\n|\n|t:|1698549987\n|move|p2a: Xerneas|Psychic|p1a: Oh-No\n|-damage|p1a: Oh-No|37\/100\n|move|p1a: Oh-No|Roost|p1a: Oh-No\n|-heal|p1a: Oh-No|87\/100\n|-singleturn|p1a: Oh-No|move: Roost\n|\n|-damage|p2a: Xerneas|8\/100 tox|[from] psn\n|upkeep\n|turn|8\n|\n|t:|1698549994\n|move|p2a: Xerneas|Psychic|p1a: Oh-No\n|-damage|p1a: Oh-No|58\/100\n|move|p1a: Oh-No|Roost|p1a: Oh-No\n|-heal|p1a: Oh-No|100\/100\n|-singleturn|p1a: Oh-No|move: Roost\n|\n|-damage|p2a: Xerneas|0 fnt|[from] psn\n|faint|p2a: Xerneas\n|upkeep\n|\n|t:|1698550003\n|switch|p2a: Marshadow|Marshadow|35\/100\n|turn|9\n|\n|t:|1698550013\n|move|p2a: Marshadow|Spectral Thief|p1a: Oh-No\n|-crit|p1a: Oh-No\n|-damage|p1a: Oh-No|35\/100\n|move|p1a: Oh-No|Sacred Fire|p2a: Marshadow\n|-damage|p2a: Marshadow|0 fnt\n|faint|p2a: Marshadow\n|\n|upkeep\n|\n|t:|1698550022\n|switch|p2a: Blaziken|Blaziken, M, shiny|100\/100\n|turn|10\n|\n|t:|1698550028\n|detailschange|p2a: Blaziken|Blaziken-Mega, M, shiny\n|-mega|p2a: Blaziken|Blaziken|Blazikenite\n|move|p2a: Blaziken|Brave Bird|p1a: Oh-No\n|-damage|p1a: Oh-No|0 fnt\n|faint|p1a: Oh-No\n|-damage|p2a: Blaziken|85\/100|[from] Recoil\n|\n|-ability|p2a: Blaziken|Speed Boost|boost\n|-boost|p2a: Blaziken|spe|1\n|upkeep\n|\n|t:|1698550038\n|switch|p1a: Kai|Kyogre|100\/100\n|-weather|RainDance|[from] ability: Drizzle|[of] p1a: Kai\n|turn|11\n|\n|t:|1698550053\n|switch|p1a: Beastie|Eternatus|13\/100\n|-ability|p1a: Beastie|Pressure\n|move|p2a: Blaziken|Close Combat|p1a: Beastie\n|-resisted|p1a: Beastie\n|-damage|p1a: Beastie|0 fnt\n|-unboost|p2a: Blaziken|def|1\n|-unboost|p2a: Blaziken|spd|1\n|faint|p1a: Beastie\n|\n|-weather|RainDance|[upkeep]\n|-ability|p2a: Blaziken|Speed Boost|boost\n|-boost|p2a: Blaziken|spe|1\n|upkeep\n|\n|t:|1698550060\n|switch|p1a: Kai|Kyogre|100\/100\n|turn|12\n|\n|t:|1698550064\n|move|p2a: Blaziken|Close Combat|p1a: Kai\n|-damage|p1a: Kai|18\/100\n|-unboost|p2a: Blaziken|def|1\n|-unboost|p2a: Blaziken|spd|1\n|move|p1a: Kai|Water Spout|p2a: Blaziken\n|-supereffective|p2a: Blaziken\n|-damage|p2a: Blaziken|0 fnt\n|faint|p2a: Blaziken\n|\n|-weather|RainDance|[upkeep]\n|upkeep\n|\n|t:|1698550084\n|switch|p2a: Kyogre|Kyogre|100\/100\n|detailschange|p2a: Kyogre|Kyogre-Primal\n|-primal|p2a: Kyogre|Blue Orb\n|-weather|PrimordialSea|[from] ability: Primordial Sea|[of] p2a: Kyogre\n|turn|13\n|\n|t:|1698550090\n|move|p1a: Kai|Water Spout|p2a: Kyogre\n|-resisted|p2a: Kyogre\n|-damage|p2a: Kyogre|93\/100\n|move|p2a: Kyogre|Origin Pulse|p1a: Kai\n|-resisted|p1a: Kai\n|-damage|p1a: Kai|0 fnt\n|faint|p1a: Kai\n|\n|-weather|PrimordialSea|[upkeep]\n|upkeep\n|\n|t:|1698550105\n|switch|p1a: Zernie Sanders|Xerneas|100\/100\n|-ability|p1a: Zernie Sanders|Fairy Aura\n|turn|14\n|\n|t:|1698550111\n|move|p1a: Zernie Sanders|Geomancy||[still]\n|-prepare|p1a: Zernie Sanders|Geomancy\n|-enditem|p1a: Zernie Sanders|Power Herb\n|-anim|p1a: Zernie Sanders|Geomancy|p1a: Zernie Sanders\n|-boost|p1a: Zernie Sanders|spa|2\n|-boost|p1a: Zernie Sanders|spd|2\n|-boost|p1a: Zernie Sanders|spe|2\n|move|p2a: Kyogre|Origin Pulse|p1a: Zernie Sanders|[miss]\n|-miss|p2a: Kyogre|p1a: Zernie Sanders\n|\n|-weather|PrimordialSea|[upkeep]\n|upkeep\n|turn|15\n|\n|t:|1698550121\n|-terastallize|p1a: Zernie Sanders|Fairy\n|move|p1a: Zernie Sanders|Moonblast|p2a: Kyogre\n|-damage|p2a: Kyogre|0 fnt\n|faint|p2a: Kyogre\n|-weather|none\n|\n|upkeep\n|\n|t:|1698550130\n|switch|p2a: Necrozma|Necrozma-Dusk-Mane|100\/100\n|turn|16\n|\n|t:|1698550136\n|move|p1a: Zernie Sanders|Thunderbolt|p2a: Necrozma\n|-damage|p2a: Necrozma|26\/100\n|move|p2a: Necrozma|Dragon Dance|p2a: Necrozma\n|-boost|p2a: Necrozma|atk|1\n|-boost|p2a: Necrozma|spe|1\n|\n|upkeep\n|turn|17\n|\n|t:|1698550158\n|move|p1a: Zernie Sanders|Thunderbolt|p2a: Necrozma\n|-damage|p2a: Necrozma|0 fnt\n|faint|p2a: Necrozma\n|\n|upkeep\n|\n|t:|1698550166\n|switch|p2a: Groudon|Groudon, shiny|100\/100\n|detailschange|p2a: Groudon|Groudon-Primal, shiny\n|-primal|p2a: Groudon|Red Orb\n|-weather|DesolateLand|[from] ability: Desolate Land|[of] p2a: Groudon\n|turn|18\n|\n|t:|1698550172\n|move|p1a: Zernie Sanders|Psyshock|p2a: Groudon\n|-damage|p2a: Groudon|68\/100\n|move|p2a: Groudon|Heat Crash|p1a: Zernie Sanders\n|-damage|p1a: Zernie Sanders|25\/100\n|\n|-weather|DesolateLand|[upkeep]\n|upkeep\n|turn|19\n|\n|t:|1698550179\n|move|p1a: Zernie Sanders|Moonblast|p2a: Groudon\n|-resisted|p2a: Groudon\n|-damage|p2a: Groudon|0 fnt\n|faint|p2a: Groudon\n|-weather|none\n|\n|win|Noonmaster9818\n|raw|Noonmaster9818's rating: 1242 &rarr; <strong>1261<\/strong><br \/>(+19 for winning)\n|raw|Killer beetles's rating: 1160 &rarr; <strong>1141<\/strong><br \/>(-19 for losing)\n|l|\u2606Killer beetles\n","uploadtime":1698550197,"views":8,"p1id":"noonmaster9818","p2id":"killerbeetles","formatid":"gen9nationaldexubers","rating":1141,"private":0,"password":""}