{"id":"gen9nationaldexubers-1994193765","p1":"Fab la Larve","p2":"Ezael_Stormblood","format":"[Gen 9] National Dex Ubers","log":"|j|\u2606Fab la Larve\n|j|\u2606Ezael_Stormblood\n|t:|1700417481\n|gametype|singles\n|player|p1|Fab la Larve|169|1258\n|player|p2|Ezael_Stormblood|hiker-gen4|1187\n|teamsize|p1|6\n|teamsize|p2|6\n|gen|9\n|tier|[Gen 9] National Dex Ubers\n|rated|\n|rule|HP Percentage Mod: HP is shown in percentages\n|rule|Endless Battle Clause: Forcing endless battles is banned\n|rule|OHKO Clause: OHKO moves are banned\n|rule|Evasion Moves Clause: Evasion moves are banned\n|rule|Evasion Items Clause: Evasion items are banned\n|rule|Species Clause: Limit one of each Pok\u00e9mon\n|rule|Sleep Clause Mod: Limit one foe put to sleep\n|rule|Mega Rayquaza Clause: You cannot mega evolve Rayquaza\n|clearpoke\n|poke|p1|Alakazam, M|\n|poke|p1|Marshadow|\n|poke|p1|Regieleki|\n|poke|p1|Zacian-*|\n|poke|p1|Ho-Oh|\n|poke|p1|Iron Bundle|\n|poke|p2|Mewtwo|\n|poke|p2|Groudon|\n|poke|p2|Arceus-Dragon|\n|poke|p2|Reshiram|\n|poke|p2|Spectrier|\n|poke|p2|Necrozma-Dusk-Mane|\n|teampreview\n|inactive|Battle timer is ON: inactive players will automatically lose when time's up. (requested by Fab la Larve)\n|\n|t:|1700417493\n|start\n|switch|p1a: Iron Bundle|Iron Bundle|100\/100\n|switch|p2a: Mewtwo|Mewtwo|100\/100\n|-ability|p2a: Mewtwo|Pressure\n|turn|1\n|\n|t:|1700417501\n|detailschange|p2a: Mewtwo|Mewtwo-Mega-Y\n|-mega|p2a: Mewtwo|Mewtwo|Mewtwonite Y\n|move|p2a: Mewtwo|Future Sight|p1a: Iron Bundle\n|-start|p2a: Mewtwo|move: Future Sight\n|move|p1a: Iron Bundle|Flip Turn|p2a: Mewtwo\n|-damage|p2a: Mewtwo|77\/100\n|\n|t:|1700417509\n|-end|p1a: Iron Bundle|Quark Drive|[silent]\n|switch|p1a: Marshadow|Marshadow|100\/100|[from] Flip Turn\n|\n|upkeep\n|turn|2\n|\n|t:|1700417519\n|move|p2a: Mewtwo|Protect|p2a: Mewtwo\n|-singleturn|p2a: Mewtwo|Protect\n|move|p1a: Marshadow|Shadow Sneak|p2a: Mewtwo\n|-activate|p2a: Mewtwo|move: Protect\n|\n|upkeep\n|turn|3\n|\n|t:|1700417524\n|move|p2a: Mewtwo|Protect||[still]\n|-fail|p2a: Mewtwo\n|move|p1a: Marshadow|Shadow Sneak|p2a: Mewtwo\n|-supereffective|p2a: Mewtwo\n|-damage|p2a: Mewtwo|0 fnt\n|faint|p2a: Mewtwo\n|\n|-end|p1a: Marshadow|move: Future Sight\n|-supereffective|p1a: Marshadow\n|-damage|p1a: Marshadow|0 fnt\n|faint|p1a: Marshadow\n|upkeep\n|\n|t:|1700417541\n|switch|p2a: Arceus|Arceus-Dragon|100\/100\n|switch|p1a: Iron Bundle|Iron Bundle|100\/100\n|turn|4\n|\n|t:|1700417550\n|move|p1a: Iron Bundle|Blizzard|p2a: Arceus\n|-supereffective|p2a: Arceus\n|-damage|p2a: Arceus|0 fnt\n|faint|p2a: Arceus\n|\n|upkeep\n|\n|t:|1700417554\n|switch|p2a: Necrozma|Necrozma-Dusk-Mane|100\/100\n|turn|5\n|\n|t:|1700417561\n|-end|p1a: Iron Bundle|Quark Drive|[silent]\n|switch|p1a: Ho-Oh|Ho-Oh|100\/100\n|move|p2a: Necrozma|Earthquake|p1a: Ho-Oh\n|-immune|p1a: Ho-Oh\n|\n|upkeep\n|turn|6\n|\n|t:|1700417569\n|move|p2a: Necrozma|Cosmic Power|p2a: Necrozma\n|-boost|p2a: Necrozma|def|1\n|-boost|p2a: Necrozma|spd|1\n|move|p1a: Ho-Oh|Sacred Fire|p2a: Necrozma\n|-supereffective|p2a: Necrozma\n|-damage|p2a: Necrozma|68\/100\n|\n|upkeep\n|turn|7\n|\n|t:|1700417576\n|move|p2a: Necrozma|Photon Geyser|p1a: Ho-Oh\n|-damage|p1a: Ho-Oh|45\/100\n|move|p1a: Ho-Oh|Sacred Fire|p2a: Necrozma\n|-supereffective|p2a: Necrozma\n|-damage|p2a: Necrozma|35\/100\n|-status|p2a: Necrozma|brn\n|\n|-heal|p1a: Ho-Oh|51\/100|[from] item: Leftovers\n|-damage|p2a: Necrozma|29\/100 brn|[from] brn\n|upkeep\n|turn|8\n|\n|t:|1700417594\n|detailschange|p2a: Necrozma|Necrozma-Ultra\n|-burst|p2a: Necrozma|Necrozma|Ultranecrozium Z\n|move|p2a: Necrozma|Photon Geyser|p1a: Ho-Oh\n|-damage|p1a: Ho-Oh|24\/100\n|move|p1a: Ho-Oh|Roost|p1a: Ho-Oh\n|-heal|p1a: Ho-Oh|74\/100\n|-singleturn|p1a: Ho-Oh|move: Roost\n|\n|-heal|p1a: Ho-Oh|80\/100|[from] item: Leftovers\n|-damage|p2a: Necrozma|23\/100 brn|[from] brn\n|upkeep\n|turn|9\n|\n|t:|1700417615\n|-zpower|p2a: Necrozma\n|move|p2a: Necrozma|Light That Burns the Sky|p1a: Ho-Oh|[zeffect]\n|-damage|p1a: Ho-Oh|25\/100\n|move|p1a: Ho-Oh|Air Slash|p2a: Necrozma\n|-damage|p2a: Necrozma|0 fnt\n|faint|p2a: Necrozma\n|\n|-heal|p1a: Ho-Oh|31\/100|[from] item: Leftovers\n|upkeep\n|\n|t:|1700417626\n|switch|p2a: Spectrier|Spectrier|100\/100\n|turn|10\n|\n|t:|1700417631\n|switch|p1a: Alakazam|Alakazam, M|100\/100\n|move|p2a: Spectrier|Shadow Ball|p1a: Alakazam\n|-supereffective|p1a: Alakazam\n|-damage|p1a: Alakazam|0 fnt\n|faint|p1a: Alakazam\n|-ability|p2a: Spectrier|Grim Neigh|boost\n|-boost|p2a: Spectrier|spa|1\n|\n|upkeep\n|\n|t:|1700417643\n|switch|p1a: Zacian|Zacian-Crowned|100\/100\n|-ability|p1a: Zacian|Intrepid Sword|boost\n|-boost|p1a: Zacian|atk|1\n|turn|11\n|inactive|Ezael_Stormblood has 120 seconds left.\n|inactive|Ezael_Stormblood has 90 seconds left.\n|\n|t:|1700417705\n|move|p1a: Zacian|Behemoth Blade|p2a: Spectrier\n|-damage|p2a: Spectrier|0 fnt\n|faint|p2a: Spectrier\n|\n|upkeep\n|\n|t:|1700417709\n|switch|p2a: Groudon|Groudon|100\/100\n|detailschange|p2a: Groudon|Groudon-Primal\n|-primal|p2a: Groudon|Red Orb\n|-weather|DesolateLand|[from] ability: Desolate Land|[of] p2a: Groudon\n|turn|12\n|\n|t:|1700417716\n|-terastallize|p1a: Zacian|Flying\n|move|p1a: Zacian|Behemoth Blade|p2a: Groudon\n|-resisted|p2a: Groudon\n|-damage|p2a: Groudon|78\/100\n|move|p2a: Groudon|Heat Crash|p1a: Zacian\n|-crit|p1a: Zacian\n|-damage|p1a: Zacian|22\/100\n|\n|-weather|DesolateLand|[upkeep]\n|upkeep\n|turn|13\n|\n|t:|1700417725\n|move|p1a: Zacian|Play Rough|p2a: Groudon\n|-resisted|p2a: Groudon\n|-damage|p2a: Groudon|58\/100\n|-unboost|p2a: Groudon|atk|1\n|move|p2a: Groudon|Rock Slide|p1a: Zacian\n|-supereffective|p1a: Zacian\n|-damage|p1a: Zacian|0 fnt\n|faint|p1a: Zacian\n|\n|-weather|DesolateLand|[upkeep]\n|upkeep\n|\n|t:|1700417730\n|switch|p1a: Iron Bundle|Iron Bundle|100\/100\n|turn|14\n|inactive|Ezael_Stormblood has 120 seconds left.\n|\n|t:|1700417737\n|move|p1a: Iron Bundle|Blizzard|p2a: Groudon|[miss]\n|-miss|p1a: Iron Bundle|p2a: Groudon\n|move|p2a: Groudon|Heat Crash|p1a: Iron Bundle\n|-crit|p1a: Iron Bundle\n|-damage|p1a: Iron Bundle|0 fnt\n|faint|p1a: Iron Bundle\n|-end|p1a: Iron Bundle|Quark Drive|[silent]\n|\n|-weather|DesolateLand|[upkeep]\n|upkeep\n|\n|t:|1700417740\n|switch|p1a: Ho-Oh|Ho-Oh|64\/100\n|turn|15\n|\n|t:|1700417745\n|move|p1a: Ho-Oh|Air Slash|p2a: Groudon\n|-damage|p2a: Groudon|19\/100\n|move|p2a: Groudon|Rock Slide|p1a: Ho-Oh\n|-supereffective|p1a: Ho-Oh\n|-damage|p1a: Ho-Oh|0 fnt\n|faint|p1a: Ho-Oh\n|\n|-weather|DesolateLand|[upkeep]\n|upkeep\n|\n|t:|1700417748\n|switch|p1a: Regieleki|Regieleki|100\/100\n|turn|16\n|\n|t:|1700417753\n|move|p1a: Regieleki|Extreme Speed|p2a: Groudon\n|-damage|p2a: Groudon|8\/100\n|move|p2a: Groudon|Precipice Blades|p1a: Regieleki\n|-supereffective|p1a: Regieleki\n|-enditem|p1a: Regieleki|Focus Sash\n|-damage|p1a: Regieleki|1\/100\n|\n|-weather|DesolateLand|[upkeep]\n|upkeep\n|turn|17\n|\n|t:|1700417760\n|move|p1a: Regieleki|Extreme Speed|p2a: Groudon\n|-damage|p2a: Groudon|0 fnt\n|faint|p2a: Groudon\n|-weather|none\n|\n|upkeep\n|\n|t:|1700417763\n|switch|p2a: Reshiram|Reshiram|100\/100\n|-ability|p2a: Reshiram|Turboblaze\n|turn|18\n|\n|t:|1700417768\n|move|p1a: Regieleki|Thunderbolt|p2a: Reshiram\n|-resisted|p2a: Reshiram\n|-damage|p2a: Reshiram|80\/100\n|move|p2a: Reshiram|Earth Power|p1a: Regieleki\n|-supereffective|p1a: Regieleki\n|-damage|p1a: Regieleki|0 fnt\n|faint|p1a: Regieleki\n|\n|win|Ezael_Stormblood\n|raw|Fab la Larve's rating: 1258 &rarr; <strong>1228<\/strong><br \/>(-30 for losing)\n|raw|Ezael_Stormblood's rating: 1187 &rarr; <strong>1217<\/strong><br \/>(+30 for winning)\n|l|\u2606Fab la Larve\n|c|\u2606Ezael_Stormblood|ggs\n","uploadtime":1700417776,"views":5,"p1id":"fablalarve","p2id":"ezaelstormblood","formatid":"gen9nationaldexubers","rating":1217,"private":0,"password":""}