{"id":"gen9nationaldexubers-1996019458","p1":"K1nG_4","p2":"Quizzle_tip","format":"[Gen 9] National Dex Ubers","log":"|j|\u2606K1nG_4\n|j|\u2606Quizzle_tip\n|t:|1700630307\n|gametype|singles\n|player|p1|K1nG_4|bruno|1356\n|player|p2|Quizzle_tip|n|1334\n|teamsize|p1|6\n|teamsize|p2|6\n|gen|9\n|tier|[Gen 9] National Dex Ubers\n|rated|\n|rule|HP Percentage Mod: HP is shown in percentages\n|rule|Endless Battle Clause: Forcing endless battles is banned\n|rule|OHKO Clause: OHKO moves are banned\n|rule|Evasion Moves Clause: Evasion moves are banned\n|rule|Evasion Items Clause: Evasion items are banned\n|rule|Species Clause: Limit one of each Pok\u00e9mon\n|rule|Sleep Clause Mod: Limit one foe put to sleep\n|rule|Mega Rayquaza Clause: You cannot mega evolve Rayquaza\n|clearpoke\n|poke|p1|Ribombee, M|\n|poke|p1|Zacian-*|\n|poke|p1|Darkrai|\n|poke|p1|Dialga|\n|poke|p1|Rayquaza|\n|poke|p1|Mimikyu, M|\n|poke|p2|Hydreigon, M|\n|poke|p2|Raichu, F|\n|poke|p2|Mewtwo|\n|poke|p2|Aegislash, M|\n|poke|p2|Greninja-*, M|\n|poke|p2|Sylveon, F|\n|teampreview\n|inactive|Battle timer is ON: inactive players will automatically lose when time's up. (requested by K1nG_4)\n|\n|t:|1700630336\n|start\n|switch|p1a: Ribombee|Ribombee, M|100\/100\n|switch|p2a: Raichu|Raichu, F|100\/100\n|turn|1\n|\n|t:|1700630343\n|move|p2a: Raichu|Fake Out|p1a: Ribombee\n|-damage|p1a: Ribombee|78\/100\n|move|p1a: Ribombee|Stun Spore|p2a: Raichu\n|-immune|p2a: Raichu\n|\n|upkeep\n|turn|2\n|\n|t:|1700630349\n|move|p1a: Ribombee|Sticky Web|p2a: Raichu\n|-sidestart|p2: Quizzle_tip|move: Sticky Web\n|move|p2a: Raichu|Volt Tackle|p1a: Ribombee\n|-damage|p1a: Ribombee|0 fnt\n|faint|p1a: Ribombee\n|-damage|p2a: Raichu|75\/100|[from] Recoil\n|\n|upkeep\n|\n|t:|1700630355\n|switch|p1a: Darkrai|Darkrai|100\/100\n|turn|3\n|\n|t:|1700630359\n|-zpower|p1a: Darkrai\n|move|p1a: Darkrai|Z-Hypnosis|p2a: Raichu|[anim]Hypnosis|[miss]\n|-boost|p1a: Darkrai|spe|1|[zeffect]\n|-miss|p1a: Darkrai|p2a: Raichu\n|move|p2a: Raichu|Nuzzle|p1a: Darkrai\n|-damage|p1a: Darkrai|87\/100\n|-status|p1a: Darkrai|par\n|\n|upkeep\n|turn|4\n|\n|t:|1700630365\n|move|p2a: Raichu|Volt Tackle|p1a: Darkrai\n|-damage|p1a: Darkrai|14\/100 par\n|-damage|p2a: Raichu|49\/100|[from] Recoil\n|move|p1a: Darkrai|Hypnosis|p2a: Raichu\n|-status|p2a: Raichu|slp|[from] move: Hypnosis\n|\n|-damage|p2a: Raichu|37\/100 slp|[from] ability: Bad Dreams|[of] p1a: Darkrai\n|upkeep\n|turn|5\n|\n|t:|1700630377\n|cant|p2a: Raichu|slp\n|cant|p1a: Darkrai|par\n|\n|-damage|p2a: Raichu|24\/100 slp|[from] ability: Bad Dreams|[of] p1a: Darkrai\n|upkeep\n|turn|6\n|\n|t:|1700630381\n|cant|p2a: Raichu|slp\n|move|p1a: Darkrai|Dream Eater|p2a: Raichu\n|-damage|p2a: Raichu|0 fnt\n|-heal|p1a: Darkrai|25\/100 par|[from] drain|[of] p2a: Raichu\n|faint|p2a: Raichu\n|\n|upkeep\n|\n|t:|1700630390\n|switch|p2a: Greninja|Greninja, M|100\/100\n|-activate|p2a: Greninja|move: Sticky Web\n|-unboost|p2a: Greninja|spe|1\n|turn|7\n|\n|t:|1700630392\n|move|p2a: Greninja|Water Shuriken|p1a: Darkrai\n|-damage|p1a: Darkrai|17\/100 par\n|-damage|p1a: Darkrai|7\/100 par\n|-damage|p1a: Darkrai|0 fnt\n|faint|p1a: Darkrai\n|-ability|p2a: Greninja|Battle Bond|boost\n|-boost|p2a: Greninja|atk|1\n|-boost|p2a: Greninja|spa|1\n|-boost|p2a: Greninja|spe|1\n|-activate|p2a: Greninja|ability: Battle Bond\n|-hitcount|p1: Darkrai|3\n|\n|upkeep\n|\n|t:|1700630395\n|switch|p1a: Mimikyu|Mimikyu, M|100\/100\n|turn|8\n|\n|t:|1700630405\n|-terastallize|p2a: Greninja|Water\n|move|p2a: Greninja|Water Shuriken|p1a: Mimikyu\n|-activate|p1a: Mimikyu|ability: Disguise\n|-damage|p1a: Mimikyu|100\/100\n|detailschange|p1a: Mimikyu|Mimikyu-Busted, M\n|-damage|p1a: Mimikyu|88\/100|[from] pokemon: Mimikyu-Busted\n|-damage|p1a: Mimikyu|69\/100\n|-damage|p1a: Mimikyu|51\/100\n|-hitcount|p1a: Mimikyu|3\n|move|p1a: Mimikyu|Play Rough|p2a: Greninja\n|-damage|p2a: Greninja|28\/100\n|-damage|p1a: Mimikyu|42\/100|[from] item: Life Orb\n|\n|upkeep\n|turn|9\n|\n|t:|1700630416\n|move|p2a: Greninja|Water Shuriken|p1a: Mimikyu\n|-damage|p1a: Mimikyu|24\/100\n|-damage|p1a: Mimikyu|6\/100\n|-damage|p1a: Mimikyu|0 fnt\n|faint|p1a: Mimikyu\n|-hitcount|p1: Mimikyu|3\n|\n|upkeep\n|\n|t:|1700630437\n|switch|p1a: Zacian|Zacian-Crowned|100\/100\n|-ability|p1a: Zacian|Intrepid Sword|boost\n|-boost|p1a: Zacian|atk|1\n|turn|10\n|\n|t:|1700630447\n|move|p2a: Greninja|Water Shuriken|p1a: Zacian\n|-damage|p1a: Zacian|87\/100\n|-damage|p1a: Zacian|74\/100\n|-damage|p1a: Zacian|60\/100\n|-hitcount|p1a: Zacian|3\n|move|p1a: Zacian|Play Rough|p2a: Greninja|[miss]\n|-miss|p1a: Zacian|p2a: Greninja\n|\n|upkeep\n|turn|11\n|\n|t:|1700630454\n|move|p2a: Greninja|Water Shuriken|p1a: Zacian\n|-damage|p1a: Zacian|48\/100\n|-damage|p1a: Zacian|36\/100\n|-damage|p1a: Zacian|23\/100\n|-damage|p1a: Zacian|11\/100\n|-hitcount|p1a: Zacian|4\n|move|p1a: Zacian|Play Rough|p2a: Greninja|[miss]\n|-miss|p1a: Zacian|p2a: Greninja\n|\n|upkeep\n|turn|12\n|\n|t:|1700630464\n|move|p2a: Greninja|Water Shuriken|p1a: Zacian\n|-damage|p1a: Zacian|0 fnt\n|faint|p1a: Zacian\n|-hitcount|p1: Zacian|1\n|\n|upkeep\n|\n|t:|1700630468\n|switch|p1a: Rayquaza|Rayquaza|100\/100\n|-ability|p1a: Rayquaza|Air Lock\n|turn|13\n|\n|t:|1700630473\n|move|p2a: Greninja|Ice Beam|p1a: Rayquaza\n|-supereffective|p1a: Rayquaza\n|-damage|p1a: Rayquaza|0 fnt\n|faint|p1a: Rayquaza\n|\n|upkeep\n|-message|K1nG_4 forfeited.\n|\n|win|Quizzle_tip\n|raw|K1nG_4's rating: 1356 &rarr; <strong>1335<\/strong><br \/>(-21 for losing)\n|raw|Quizzle_tip's rating: 1334 &rarr; <strong>1355<\/strong><br \/>(+21 for winning)\n|l|\u2606K1nG_4\n","uploadtime":1700630487,"views":1,"p1id":"k1ng4","p2id":"quizzletip","formatid":"gen9nationaldexubers","rating":1335,"private":0,"password":""}