{"id":"gen9nationaldexubers-1997666508","p1":"Ash Ketchum344","p2":"Sheep.Professional","format":"[Gen 9] National Dex Ubers","log":"|j|\u2606Ash Ketchum344\n|j|\u2606Sheep.Professional\n|t:|1700839470\n|gametype|singles\n|player|p1|Ash Ketchum344|lucas-gen4pt|1161\n|player|p2|Sheep.Professional|cynthia-gen4|1117\n|teamsize|p1|6\n|teamsize|p2|6\n|gen|9\n|tier|[Gen 9] National Dex Ubers\n|rated|\n|rule|HP Percentage Mod: HP is shown in percentages\n|rule|Endless Battle Clause: Forcing endless battles is banned\n|rule|OHKO Clause: OHKO moves are banned\n|rule|Evasion Moves Clause: Evasion moves are banned\n|rule|Evasion Items Clause: Evasion items are banned\n|rule|Species Clause: Limit one of each Pok\u00e9mon\n|rule|Sleep Clause Mod: Limit one foe put to sleep\n|rule|Mega Rayquaza Clause: You cannot mega evolve Rayquaza\n|clearpoke\n|poke|p1|Lucario, M|\n|poke|p1|Dragonite, F|\n|poke|p1|Dracovish|\n|poke|p1|Gengar, M|\n|poke|p1|Sirfetch\u2019d, M|\n|poke|p1|Pikachu, F|\n|poke|p2|Marshadow|\n|poke|p2|Shaymin-Sky|\n|poke|p2|Groudon|\n|poke|p2|Walking Wake|\n|poke|p2|Sawsbuck-Summer, F|\n|poke|p2|Great Tusk|\n|teampreview\n|inactive|Battle timer is ON: inactive players will automatically lose when time's up. (requested by Ash Ketchum344)\n|c|\u2606Sheep.Professional|wait a damn minute\n|\n|t:|1700839485\n|start\n|switch|p1a: Pikachu|Pikachu, F|100\/100\n|switch|p2a: Groudon|Groudon|100\/100\n|-weather|SunnyDay|[from] ability: Drought|[of] p2a: Groudon\n|turn|1\n|\n|t:|1700839488\n|move|p1a: Pikachu|Fake Out|p2a: Groudon\n|-damage|p2a: Groudon|91\/100\n|cant|p2a: Groudon|flinch\n|\n|-weather|SunnyDay|[upkeep]\n|upkeep\n|turn|2\n|\n|t:|1700839495\n|move|p1a: Pikachu|Extreme Speed|p2a: Groudon\n|-damage|p2a: Groudon|69\/100\n|move|p2a: Groudon|Earthquake|p1a: Pikachu\n|-supereffective|p1a: Pikachu\n|-damage|p1a: Pikachu|0 fnt\n|faint|p1a: Pikachu\n|\n|-weather|SunnyDay|[upkeep]\n|upkeep\n|\n|t:|1700839512\n|switch|p1a: Dragonite|Dragonite, F|100\/100\n|turn|3\n|\n|t:|1700839518\n|move|p1a: Dragonite|Dragon Dance|p1a: Dragonite\n|-boost|p1a: Dragonite|atk|1\n|-boost|p1a: Dragonite|spe|1\n|move|p2a: Groudon|Stealth Rock|p1a: Dragonite\n|-sidestart|p1: Ash Ketchum344|move: Stealth Rock\n|\n|-weather|SunnyDay|[upkeep]\n|upkeep\n|turn|4\n|\n|t:|1700839527\n|switch|p2a: Marshadow|Marshadow|100\/100\n|move|p1a: Dragonite|Dragon Dance|p1a: Dragonite\n|-boost|p1a: Dragonite|atk|1\n|-boost|p1a: Dragonite|spe|1\n|\n|-weather|SunnyDay|[upkeep]\n|upkeep\n|turn|5\n|\n|t:|1700839535\n|-terastallize|p1a: Dragonite|Normal\n|move|p1a: Dragonite|Dragon Rush|p2a: Marshadow|[miss]\n|-miss|p1a: Dragonite|p2a: Marshadow\n|-zpower|p2a: Marshadow\n|move|p2a: Marshadow|Soul-Stealing 7-Star Strike|p1a: Dragonite|[zeffect]\n|-immune|p1a: Dragonite\n|\n|-weather|SunnyDay|[upkeep]\n|upkeep\n|turn|6\n|\n|t:|1700839545\n|move|p1a: Dragonite|Dragon Rush|p2a: Marshadow|[miss]\n|-miss|p1a: Dragonite|p2a: Marshadow\n|move|p2a: Marshadow|Close Combat|p1a: Dragonite\n|-supereffective|p1a: Dragonite\n|-damage|p1a: Dragonite|30\/100\n|-unboost|p2a: Marshadow|def|1\n|-unboost|p2a: Marshadow|spd|1\n|\n|-weather|SunnyDay|[upkeep]\n|upkeep\n|turn|7\n|\n|t:|1700839551\n|move|p1a: Dragonite|Dragon Rush|p2a: Marshadow\n|-damage|p2a: Marshadow|0 fnt\n|faint|p2a: Marshadow\n|\n|-weather|SunnyDay|[upkeep]\n|upkeep\n|\n|t:|1700839555\n|switch|p2a: Sawsbuck|Sawsbuck-Summer, F|100\/100\n|turn|8\n|\n|t:|1700839560\n|move|p2a: Sawsbuck|Horn Leech|p1a: Dragonite\n|-damage|p1a: Dragonite|0 fnt\n|faint|p1a: Dragonite\n|\n|-weather|none\n|upkeep\n|\n|t:|1700839573\n|switch|p1a: Sirfetch\u2019d|Sirfetch\u2019d, M|100\/100\n|-damage|p1a: Sirfetch\u2019d|94\/100|[from] Stealth Rock\n|turn|9\n|\n|t:|1700839584\n|move|p1a: Sirfetch\u2019d|First Impression|p2a: Sawsbuck\n|-supereffective|p2a: Sawsbuck\n|-damage|p2a: Sawsbuck|0 fnt\n|faint|p2a: Sawsbuck\n|\n|upkeep\n|\n|t:|1700839589\n|switch|p2a: Groudon|Groudon|69\/100\n|-weather|SunnyDay|[from] ability: Drought|[of] p2a: Groudon\n|turn|10\n|\n|t:|1700839606\n|switch|p1a: Gengar|Gengar, M|100\/100\n|-damage|p1a: Gengar|88\/100|[from] Stealth Rock\n|move|p2a: Groudon|Earthquake|p1a: Gengar\n|-supereffective|p1a: Gengar\n|-damage|p1a: Gengar|0 fnt\n|-start|p2a: Groudon|Disable|Earthquake|[from] ability: Cursed Body|[of] p1a: Gengar\n|faint|p1a: Gengar\n|\n|-weather|SunnyDay|[upkeep]\n|upkeep\n|\n|t:|1700839609\n|switch|p1a: Sirfetch\u2019d|Sirfetch\u2019d, M|94\/100\n|-damage|p1a: Sirfetch\u2019d|88\/100|[from] Stealth Rock\n|turn|11\n|\n|t:|1700839616\n|switch|p2a: Great Tusk|Great Tusk|100\/100\n|-activate|p2a: Great Tusk|ability: Protosynthesis\n|-start|p2a: Great Tusk|protosynthesisdef\n|move|p1a: Sirfetch\u2019d|Leaf Blade|p2a: Great Tusk\n|-supereffective|p2a: Great Tusk\n|-damage|p2a: Great Tusk|62\/100\n|\n|-weather|SunnyDay|[upkeep]\n|upkeep\n|turn|12\n|\n|t:|1700839624\n|-terastallize|p2a: Great Tusk|Fighting\n|move|p2a: Great Tusk|Body Press|p1a: Sirfetch\u2019d\n|-damage|p1a: Sirfetch\u2019d|23\/100\n|move|p1a: Sirfetch\u2019d|Leaf Blade|p2a: Great Tusk\n|-damage|p2a: Great Tusk|42\/100\n|\n|-weather|SunnyDay|[upkeep]\n|upkeep\n|turn|13\n|\n|t:|1700839628\n|move|p2a: Great Tusk|Body Press|p1a: Sirfetch\u2019d\n|-damage|p1a: Sirfetch\u2019d|0 fnt\n|faint|p1a: Sirfetch\u2019d\n|\n|-weather|SunnyDay|[upkeep]\n|upkeep\n|\n|t:|1700839636\n|switch|p1a: Lucario|Lucario, M|100\/100\n|-damage|p1a: Lucario|98\/100|[from] Stealth Rock\n|turn|14\n|\n|t:|1700839644\n|detailschange|p1a: Lucario|Lucario-Mega, M\n|-mega|p1a: Lucario|Lucario|Lucarionite\n|move|p1a: Lucario|Ice Punch|p2a: Great Tusk\n|-damage|p2a: Great Tusk|32\/100\n|move|p2a: Great Tusk|Body Press|p1a: Lucario\n|-supereffective|p1a: Lucario\n|-damage|p1a: Lucario|0 fnt\n|faint|p1a: Lucario\n|\n|-weather|SunnyDay|[upkeep]\n|upkeep\n|\n|t:|1700839648\n|switch|p1a: Dracovish|Dracovish|100\/100\n|-damage|p1a: Dracovish|88\/100|[from] Stealth Rock\n|turn|15\n|\n|t:|1700839655\n|move|p1a: Dracovish|Fishious Rend|p2a: Great Tusk\n|-damage|p2a: Great Tusk|15\/100\n|move|p2a: Great Tusk|Rest|p2a: Great Tusk\n|-status|p2a: Great Tusk|slp|[from] move: Rest\n|-heal|p2a: Great Tusk|100\/100 slp|[silent]\n|-enditem|p2a: Great Tusk|Chesto Berry|[eat]\n|-curestatus|p2a: Great Tusk|slp|[msg]\n|\n|-weather|SunnyDay|[upkeep]\n|upkeep\n|turn|16\n|\n|t:|1700839661\n|move|p1a: Dracovish|Fishious Rend|p2a: Great Tusk\n|-damage|p2a: Great Tusk|81\/100\n|move|p2a: Great Tusk|Body Press|p1a: Dracovish\n|-damage|p1a: Dracovish|19\/100\n|\n|-weather|SunnyDay|[upkeep]\n|upkeep\n|turn|17\n|\n|t:|1700839666\n|move|p1a: Dracovish|Fishious Rend|p2a: Great Tusk\n|-damage|p2a: Great Tusk|64\/100\n|move|p2a: Great Tusk|Body Press|p1a: Dracovish\n|-damage|p1a: Dracovish|0 fnt\n|faint|p1a: Dracovish\n|\n|win|Sheep.Professional\n|raw|Ash Ketchum344's rating: 1161 &rarr; <strong>1133<\/strong><br \/>(-28 for losing)\n|raw|Sheep.Professional's rating: 1117 &rarr; <strong>1145<\/strong><br \/>(+28 for winning)\n","uploadtime":1700839671,"views":1,"p1id":"ashketchum344","p2id":"sheepprofessional","formatid":"gen9nationaldexubers","rating":1133,"private":0,"password":""}