{"id":"gen9nationaldexubers-1999420645","p1":"plss master","p2":"Th3Soci3ty","format":"[Gen 9] National Dex Ubers","log":"|j|\u2606plss master\n|j|\u2606Th3Soci3ty\n|t:|1701077629\n|gametype|singles\n|player|p1|plss master|sailor|1054\n|player|p2|Th3Soci3ty|zinzolin|1095\n|teamsize|p1|6\n|teamsize|p2|6\n|gen|9\n|tier|[Gen 9] National Dex Ubers\n|rated|\n|rule|HP Percentage Mod: HP is shown in percentages\n|rule|Endless Battle Clause: Forcing endless battles is banned\n|rule|OHKO Clause: OHKO moves are banned\n|rule|Evasion Moves Clause: Evasion moves are banned\n|rule|Evasion Items Clause: Evasion items are banned\n|rule|Species Clause: Limit one of each Pok\u00e9mon\n|rule|Sleep Clause Mod: Limit one foe put to sleep\n|rule|Mega Rayquaza Clause: You cannot mega evolve Rayquaza\n|clearpoke\n|poke|p1|Shuckle, F|\n|poke|p1|Omastar, F|\n|poke|p1|Nihilego|\n|poke|p1|Terrakion|\n|poke|p1|Tyranitar, F|\n|poke|p1|Rhyperior, F|\n|poke|p2|Rhyperior, M|\n|poke|p2|Haxorus, F|\n|poke|p2|Chandelure, M|\n|poke|p2|Drampa, F|\n|poke|p2|Rabsca, M|\n|poke|p2|Heracross, M|\n|teampreview\n|\n|t:|1701077633\n|start\n|switch|p1a: Concrete|Shuckle, F|100\/100\n|switch|p2a: Rhyperior|Rhyperior, M|100\/100\n|turn|1\n|\n|t:|1701077643\n|move|p2a: Rhyperior|Toxic|p1a: Concrete\n|-status|p1a: Concrete|tox\n|move|p1a: Concrete|Sticky Web|p2a: Rhyperior\n|-sidestart|p2: Th3Soci3ty|move: Sticky Web\n|\n|-damage|p1a: Concrete|94\/100 tox|[from] psn\n|upkeep\n|turn|2\n|\n|t:|1701077649\n|move|p2a: Rhyperior|Stealth Rock|p1a: Concrete\n|-sidestart|p1: plss master|move: Stealth Rock\n|move|p1a: Concrete|Stealth Rock|p2a: Rhyperior\n|-sidestart|p2: Th3Soci3ty|move: Stealth Rock\n|\n|-damage|p1a: Concrete|82\/100 tox|[from] psn\n|upkeep\n|turn|3\n|\n|t:|1701077657\n|move|p2a: Rhyperior|Rock Blast|p1a: Concrete\n|-supereffective|p1a: Concrete\n|-damage|p1a: Concrete|64\/100 tox\n|-supereffective|p1a: Concrete\n|-damage|p1a: Concrete|44\/100 tox\n|-supereffective|p1a: Concrete\n|-damage|p1a: Concrete|26\/100 tox\n|-supereffective|p1a: Concrete\n|-damage|p1a: Concrete|6\/100 tox\n|-hitcount|p1a: Concrete|4\n|move|p1a: Concrete|Encore|p2a: Rhyperior\n|-start|p2a: Rhyperior|Encore\n|\n|-damage|p1a: Concrete|0 fnt|[from] psn\n|faint|p1a: Concrete\n|upkeep\n|\n|t:|1701077671\n|switch|p1a: Doretta|Rhyperior, F|100\/100\n|-damage|p1a: Doretta|94\/100|[from] Stealth Rock\n|turn|4\n|\n|t:|1701077682\n|move|p1a: Doretta|Earthquake|p2a: Rhyperior\n|-supereffective|p2a: Rhyperior\n|-damage|p2a: Rhyperior|49\/100\n|move|p2a: Rhyperior|Rock Blast|p1a: Doretta\n|-resisted|p1a: Doretta\n|-damage|p1a: Doretta|91\/100\n|-resisted|p1a: Doretta\n|-damage|p1a: Doretta|86\/100\n|-resisted|p1a: Doretta\n|-damage|p1a: Doretta|82\/100\n|-hitcount|p1a: Doretta|3\n|\n|-heal|p2a: Rhyperior|55\/100|[from] item: Leftovers\n|upkeep\n|turn|5\n|\n|t:|1701077695\n|move|p2a: Rhyperior|Rock Blast|p1a: Doretta\n|-resisted|p1a: Doretta\n|-damage|p1a: Doretta|78\/100\n|-resisted|p1a: Doretta\n|-damage|p1a: Doretta|74\/100\n|-resisted|p1a: Doretta\n|-damage|p1a: Doretta|70\/100\n|-hitcount|p1a: Doretta|3\n|move|p1a: Doretta|Earthquake|p2a: Rhyperior\n|-supereffective|p2a: Rhyperior\n|-damage|p2a: Rhyperior|8\/100\n|\n|-heal|p2a: Rhyperior|14\/100|[from] item: Leftovers\n|upkeep\n|turn|6\n|\n|t:|1701077706\n|move|p2a: Rhyperior|Rock Blast|p1a: Doretta\n|-resisted|p1a: Doretta\n|-damage|p1a: Doretta|66\/100\n|-resisted|p1a: Doretta\n|-damage|p1a: Doretta|62\/100\n|-resisted|p1a: Doretta\n|-damage|p1a: Doretta|58\/100\n|-hitcount|p1a: Doretta|3\n|move|p1a: Doretta|Earthquake|p2a: Rhyperior\n|-supereffective|p2a: Rhyperior\n|-damage|p2a: Rhyperior|0 fnt\n|faint|p2a: Rhyperior\n|\n|upkeep\n|\n|t:|1701077713\n|switch|p2a: Rabsca|Rabsca, M|100\/100\n|-activate|p2a: Rabsca|move: Sticky Web\n|-unboost|p2a: Rabsca|spe|1\n|-damage|p2a: Rabsca|76\/100|[from] Stealth Rock\n|turn|7\n|\n|t:|1701077726\n|move|p1a: Doretta|Fire Punch|p2a: Rabsca\n|-supereffective|p2a: Rabsca\n|-damage|p2a: Rabsca|19\/100\n|move|p2a: Rabsca|Revival Blessing|p2a: Rabsca\n|\n|t:|1701077729\n|-heal|p2: Rhyperior|50\/100|[from] move: Revival Blessing\n|\n|upkeep\n|turn|8\n|\n|t:|1701077735\n|move|p1a: Doretta|Ice Punch|p2a: Rabsca\n|-damage|p2a: Rabsca|0 fnt\n|faint|p2a: Rabsca\n|\n|upkeep\n|\n|t:|1701077745\n|switch|p2a: Haxorus|Haxorus, F|100\/100\n|-activate|p2a: Haxorus|move: Sticky Web\n|-unboost|p2a: Haxorus|spe|1\n|-damage|p2a: Haxorus|88\/100|[from] Stealth Rock\n|-ability|p2a: Haxorus|Mold Breaker\n|turn|9\n|\n|t:|1701077751\n|move|p2a: Haxorus|Earthquake|p1a: Doretta\n|-supereffective|p1a: Doretta\n|-damage|p1a: Doretta|8\/100\n|-enditem|p1a: Doretta|Weakness Policy\n|-boost|p1a: Doretta|atk|2|[from] item: Weakness Policy\n|-boost|p1a: Doretta|spa|2|[from] item: Weakness Policy\n|-damage|p2a: Haxorus|78\/100|[from] item: Life Orb\n|move|p1a: Doretta|Ice Punch|p2a: Haxorus\n|-supereffective|p2a: Haxorus\n|-damage|p2a: Haxorus|0 fnt\n|faint|p2a: Haxorus\n|\n|upkeep\n|\n|t:|1701077758\n|switch|p2a: Chandelure|Chandelure, M|100\/100\n|-activate|p2a: Chandelure|move: Sticky Web\n|-unboost|p2a: Chandelure|spe|1\n|-damage|p2a: Chandelure|76\/100|[from] Stealth Rock\n|turn|10\n|\n|t:|1701077766\n|move|p2a: Chandelure|Shadow Ball|p1a: Doretta\n|-damage|p1a: Doretta|0 fnt\n|faint|p1a: Doretta\n|\n|-heal|p2a: Chandelure|82\/100|[from] item: Leftovers\n|upkeep\n|\n|t:|1701077772\n|switch|p1a: Fleshlight|Omastar, F|100\/100\n|-damage|p1a: Fleshlight|88\/100|[from] Stealth Rock\n|-item|p1a: Fleshlight|Air Balloon\n|turn|11\n|\n|t:|1701077788\n|move|p1a: Fleshlight|Hydro Pump|p2a: Chandelure\n|-supereffective|p2a: Chandelure\n|-damage|p2a: Chandelure|0 fnt\n|faint|p2a: Chandelure\n|\n|upkeep\n|\n|t:|1701077792\n|switch|p2a: Drampa|Drampa, F|100\/100\n|-activate|p2a: Drampa|move: Sticky Web\n|-unboost|p2a: Drampa|spe|1\n|-damage|p2a: Drampa|88\/100|[from] Stealth Rock\n|turn|12\n|\n|t:|1701077797\n|move|p1a: Fleshlight|Shell Smash|p1a: Fleshlight\n|-unboost|p1a: Fleshlight|def|1\n|-unboost|p1a: Fleshlight|spd|1\n|-boost|p1a: Fleshlight|atk|2\n|-boost|p1a: Fleshlight|spa|2\n|-boost|p1a: Fleshlight|spe|2\n|move|p2a: Drampa|Dragon Pulse|p1a: Fleshlight\n|-damage|p1a: Fleshlight|0 fnt\n|-enditem|p1a: Fleshlight|Air Balloon\n|faint|p1a: Fleshlight\n|\n|upkeep\n|\n|t:|1701077810\n|switch|p1a: Guardian|Terrakion|100\/100\n|-damage|p1a: Guardian|94\/100|[from] Stealth Rock\n|turn|13\n|\n|t:|1701077818\n|move|p1a: Guardian|Close Combat|p2a: Drampa\n|-supereffective|p2a: Drampa\n|-damage|p2a: Drampa|0 fnt\n|-unboost|p1a: Guardian|def|1\n|-unboost|p1a: Guardian|spd|1\n|faint|p2a: Drampa\n|\n|upkeep\n|\n|t:|1701077820\n|switch|p2a: Rhyperior|Rhyperior, M|50\/100\n|-activate|p2a: Rhyperior|move: Sticky Web\n|-unboost|p2a: Rhyperior|spe|1\n|-damage|p2a: Rhyperior|44\/100|[from] Stealth Rock\n|turn|14\n|\n|t:|1701077828\n|move|p1a: Guardian|Close Combat|p2a: Rhyperior\n|-supereffective|p2a: Rhyperior\n|-damage|p2a: Rhyperior|0 fnt\n|-unboost|p1a: Guardian|def|1\n|-unboost|p1a: Guardian|spd|1\n|faint|p2a: Rhyperior\n|\n|upkeep\n|\n|t:|1701077831\n|switch|p2a: Heracross|Heracross, M|100\/100\n|-activate|p2a: Heracross|move: Sticky Web\n|-unboost|p2a: Heracross|spe|1\n|-damage|p2a: Heracross|88\/100|[from] Stealth Rock\n|turn|15\n|\n|t:|1701077838\n|detailschange|p2a: Heracross|Heracross-Mega, M\n|-mega|p2a: Heracross|Heracross|Heracronite\n|move|p1a: Guardian|Close Combat|p2a: Heracross\n|-resisted|p2a: Heracross\n|-damage|p2a: Heracross|59\/100\n|-unboost|p1a: Guardian|def|1\n|-unboost|p1a: Guardian|spd|1\n|move|p2a: Heracross|Arm Thrust|p1a: Guardian\n|-supereffective|p1a: Guardian\n|-damage|p1a: Guardian|31\/100\n|-supereffective|p1a: Guardian\n|-damage|p1a: Guardian|0 fnt\n|faint|p1a: Guardian\n|-hitcount|p1: Guardian|2\n|\n|upkeep\n|\n|t:|1701077853\n|switch|p1a: Lvl. 10 Head game|Nihilego|100\/100\n|-damage|p1a: Lvl. 10 Head game|88\/100|[from] Stealth Rock\n|turn|16\n|\n|t:|1701077862\n|-terastallize|p1a: Lvl. 10 Head game|Flying\n|move|p1a: Lvl. 10 Head game|Sludge Wave|p2a: Heracross\n|-damage|p2a: Heracross|0 fnt\n|faint|p2a: Heracross\n|-damage|p1a: Lvl. 10 Head game|78\/100|[from] item: Life Orb\n|\n|win|plss master\n|raw|plss master's rating: 1054 &rarr; <strong>1090<\/strong><br \/>(+36 for winning)\n|raw|Th3Soci3ty's rating: 1095 &rarr; <strong>1068<\/strong><br \/>(-27 for losing)\n|l|\u2606plss master\n","uploadtime":1701077870,"views":4,"p1id":"plssmaster","p2id":"th3soci3ty","formatid":"gen9nationaldexubers","rating":1068,"private":0,"password":""}