{"id":"gen9nationaldexubers-2000542698","p1":"amweird","p2":"IConsumeChairs","format":"[Gen 9] National Dex Ubers","log":"|j|\u2606amweird\n|j|\u2606IConsumeChairs\n|t:|1701203796\n|gametype|singles\n|player|p1|amweird|youngn|1597\n|player|p2|IConsumeChairs|lucas|1670\n|teamsize|p1|6\n|teamsize|p2|6\n|gen|9\n|tier|[Gen 9] National Dex Ubers\n|rated|\n|rule|HP Percentage Mod: HP is shown in percentages\n|rule|Endless Battle Clause: Forcing endless battles is banned\n|rule|OHKO Clause: OHKO moves are banned\n|rule|Evasion Moves Clause: Evasion moves are banned\n|rule|Evasion Items Clause: Evasion items are banned\n|rule|Species Clause: Limit one of each Pok\u00e9mon\n|rule|Sleep Clause Mod: Limit one foe put to sleep\n|rule|Mega Rayquaza Clause: You cannot mega evolve Rayquaza\n|clearpoke\n|poke|p1|Calyrex-Ice|\n|poke|p1|Melmetal|\n|poke|p1|Hatterene, F|\n|poke|p1|Necrozma-Dusk-Mane|\n|poke|p1|Kyogre|\n|poke|p1|Magearna|\n|poke|p2|Eternatus|\n|poke|p2|Palkia-Origin|\n|poke|p2|Arceus-Dark|\n|poke|p2|Necrozma-Dusk-Mane|\n|poke|p2|Groudon|\n|poke|p2|Ho-Oh|\n|teampreview\n|inactive|Battle timer is ON: inactive players will automatically lose when time's up. (requested by amweird)\n|\n|t:|1701203813\n|start\n|switch|p1a: Necrozma|Necrozma-Dusk-Mane|100\/100\n|switch|p2a: Necrozma|Necrozma-Dusk-Mane|100\/100\n|turn|1\n|\n|t:|1701203821\n|switch|p2a: Ho-Oh|Ho-Oh|100\/100\n|-ability|p2a: Ho-Oh|Pressure\n|move|p1a: Necrozma|Trick Room|p1a: Necrozma\n|-fieldstart|move: Trick Room|[of] p1a: Necrozma\n|\n|upkeep\n|turn|2\n|\n|t:|1701203826\n|switch|p1a: Kyogre|Kyogre|100\/100\n|detailschange|p1a: Kyogre|Kyogre-Primal\n|-primal|p1a: Kyogre|Blue Orb\n|-weather|PrimordialSea|[from] ability: Primordial Sea|[of] p1a: Kyogre\n|switch|p2a: Necrozma|Necrozma-Dusk-Mane|100\/100\n|\n|-weather|PrimordialSea|[upkeep]\n|upkeep\n|turn|3\n|\n|t:|1701203833\n|switch|p2a: Groudon|Groudon|100\/100\n|detailschange|p2a: Groudon|Groudon-Primal\n|-primal|p2a: Groudon|Red Orb\n|-weather|DesolateLand|[from] ability: Desolate Land|[of] p2a: Groudon\n|move|p1a: Kyogre|Water Spout||[still]\n|-fail|p1a: Kyogre|Water Spout|[from] Desolate Land\n|\n|-weather|DesolateLand|[upkeep]\n|upkeep\n|turn|4\n|\n|t:|1701203839\n|switch|p1a: Hatterene|Hatterene, F|100\/100\n|move|p2a: Groudon|Stealth Rock|p1a: Hatterene\n|move|p1a: Hatterene|Stealth Rock|p2a: Groudon|[from]ability: Magic Bounce\n|-sidestart|p2: IConsumeChairs|move: Stealth Rock\n|\n|-weather|DesolateLand|[upkeep]\n|upkeep\n|turn|5\n|\n|t:|1701203842\n|-weather|none\n|switch|p2a: Ho-Oh|Ho-Oh|100\/100\n|-ability|p2a: Ho-Oh|Pressure\n|move|p1a: Hatterene|Psyshock|p2a: Ho-Oh\n|-damage|p2a: Ho-Oh|67\/100\n|\n|-fieldend|move: Trick Room\n|upkeep\n|turn|6\n|\n|t:|1701203845\n|move|p2a: Ho-Oh|Defog|p1a: Hatterene\n|move|p1a: Hatterene|Defog|p2a: Ho-Oh|[from]ability: Magic Bounce\n|-unboost|p2a: Ho-Oh|evasion|1\n|-sideend|p2: IConsumeChairs|Stealth Rock|[from] move: Defog|[of] p1a: Hatterene\n|move|p1a: Hatterene|Trick Room|p1a: Hatterene\n|-fieldstart|move: Trick Room|[of] p1a: Hatterene\n|\n|upkeep\n|turn|7\n|\n|t:|1701203852\n|switch|p2a: Necrozma|Necrozma-Dusk-Mane|100\/100\n|move|p1a: Hatterene|Psyshock|p2a: Necrozma\n|-resisted|p2a: Necrozma\n|-damage|p2a: Necrozma|94\/100\n|\n|-heal|p2a: Necrozma|99\/100|[from] item: Leftovers\n|upkeep\n|turn|8\n|\n|t:|1701203860\n|move|p1a: Hatterene|Mystical Fire|p2a: Necrozma\n|-supereffective|p2a: Necrozma\n|-damage|p2a: Necrozma|67\/100\n|-unboost|p2a: Necrozma|spa|1\n|move|p2a: Necrozma|Knock Off|p1a: Hatterene\n|-damage|p1a: Hatterene|62\/100\n|-enditem|p1a: Hatterene|Focus Sash|[from] move: Knock Off|[of] p2a: Necrozma\n|\n|-heal|p2a: Necrozma|73\/100|[from] item: Leftovers\n|upkeep\n|turn|9\n|\n|t:|1701203864\n|move|p1a: Hatterene|Mystical Fire|p2a: Necrozma\n|-supereffective|p2a: Necrozma\n|-damage|p2a: Necrozma|43\/100\n|-unboost|p2a: Necrozma|spa|1\n|move|p2a: Necrozma|Morning Sun|p2a: Necrozma\n|-heal|p2a: Necrozma|93\/100\n|\n|-heal|p2a: Necrozma|99\/100|[from] item: Leftovers\n|upkeep\n|turn|10\n|\n|t:|1701203870\n|switch|p2a: Ho-Oh|Ho-Oh|67\/100\n|-ability|p2a: Ho-Oh|Pressure\n|move|p1a: Hatterene|Mystical Fire|p2a: Ho-Oh\n|-resisted|p2a: Ho-Oh\n|-crit|p2a: Ho-Oh\n|-damage|p2a: Ho-Oh|55\/100\n|-unboost|p2a: Ho-Oh|spa|1\n|\n|-fieldend|move: Trick Room\n|upkeep\n|turn|11\n|\n|t:|1701203876\n|move|p2a: Ho-Oh|Brave Bird|p1a: Hatterene\n|-damage|p1a: Hatterene|5\/100\n|-damage|p2a: Ho-Oh|40\/100|[from] Recoil\n|move|p1a: Hatterene|Trick Room|p1a: Hatterene\n|-fieldstart|move: Trick Room|[of] p1a: Hatterene\n|\n|upkeep\n|turn|12\n|\n|t:|1701203881\n|switch|p2a: Necrozma|Necrozma-Dusk-Mane|99\/100\n|move|p1a: Hatterene|Psyshock|p2a: Necrozma\n|-resisted|p2a: Necrozma\n|-damage|p2a: Necrozma|92\/100\n|\n|-heal|p2a: Necrozma|98\/100|[from] item: Leftovers\n|upkeep\n|turn|13\n|\n|t:|1701203892\n|switch|p1a: Calyrex|Calyrex-Ice|100\/100\n|-ability|p1a: Calyrex|As One\n|-ability|p1a: Calyrex|Unnerve\n|switch|p2a: Ho-Oh|Ho-Oh|40\/100\n|-ability|p2a: Ho-Oh|Pressure\n|\n|upkeep\n|turn|14\n|\n|t:|1701203896\n|switch|p2a: Necrozma|Necrozma-Dusk-Mane|98\/100\n|move|p1a: Calyrex|Glacial Lance|p2a: Necrozma\n|-resisted|p2a: Necrozma\n|-damage|p2a: Necrozma|73\/100\n|\n|-heal|p2a: Necrozma|79\/100|[from] item: Leftovers\n|upkeep\n|turn|15\n|\n|t:|1701203905\n|move|p1a: Calyrex|High Horsepower|p2a: Necrozma\n|-supereffective|p2a: Necrozma\n|-damage|p2a: Necrozma|38\/100\n|move|p2a: Necrozma|Knock Off|p1a: Calyrex\n|-supereffective|p1a: Calyrex\n|-damage|p1a: Calyrex|62\/100\n|-enditem|p1a: Calyrex|Weakness Policy\n|-boost|p1a: Calyrex|atk|2|[from] item: Weakness Policy\n|-boost|p1a: Calyrex|spa|2|[from] item: Weakness Policy\n|\n|-heal|p2a: Necrozma|44\/100|[from] item: Leftovers\n|-fieldend|move: Trick Room\n|upkeep\n|turn|16\n|\n|t:|1701203911\n|move|p2a: Necrozma|Sunsteel Strike|p1a: Calyrex\n|-supereffective|p1a: Calyrex\n|-damage|p1a: Calyrex|2\/100\n|move|p1a: Calyrex|Trick Room|p1a: Calyrex\n|-fieldstart|move: Trick Room|[of] p1a: Calyrex\n|\n|-heal|p2a: Necrozma|50\/100|[from] item: Leftovers\n|upkeep\n|turn|17\n|\n|t:|1701203917\n|-terastallize|p2a: Necrozma|Water\n|move|p1a: Calyrex|High Horsepower|p2a: Necrozma\n|-damage|p2a: Necrozma|0 fnt\n|faint|p2a: Necrozma\n|-ability|p1a: Calyrex|Chilling Neigh|boost\n|-boost|p1a: Calyrex|atk|1\n|\n|upkeep\n|\n|t:|1701203921\n|switch|p2a: Arceus|Arceus-Dark|100\/100\n|turn|18\n|\n|t:|1701203927\n|switch|p2a: Ho-Oh|Ho-Oh|40\/100\n|-ability|p2a: Ho-Oh|Pressure\n|move|p1a: Calyrex|Close Combat|p2a: Ho-Oh\n|-resisted|p2a: Ho-Oh\n|-damage|p2a: Ho-Oh|0 fnt\n|-unboost|p1a: Calyrex|def|1\n|-unboost|p1a: Calyrex|spd|1\n|faint|p2a: Ho-Oh\n|-ability|p1a: Calyrex|Chilling Neigh|boost\n|-boost|p1a: Calyrex|atk|1\n|\n|upkeep\n|\n|t:|1701203931\n|switch|p2a: Arceus|Arceus-Dark|100\/100\n|turn|19\n|\n|t:|1701203937\n|switch|p2a: Eternatus|Eternatus|100\/100\n|-ability|p2a: Eternatus|Pressure\n|move|p1a: Calyrex|Glacial Lance|p2a: Eternatus\n|-supereffective|p2a: Eternatus\n|-damage|p2a: Eternatus|0 fnt\n|faint|p2a: Eternatus\n|-ability|p1a: Calyrex|Chilling Neigh|boost\n|-boost|p1a: Calyrex|atk|1\n|\n|upkeep\n|\n|t:|1701203939\n|switch|p2a: Arceus|Arceus-Dark|100\/100\n|turn|20\n|\n|t:|1701203947\n|switch|p2a: Groudon|Groudon-Primal|100\/100\n|-weather|DesolateLand|[from] ability: Desolate Land|[of] p2a: Groudon\n|move|p1a: Calyrex|Glacial Lance|p2a: Groudon\n|-damage|p2a: Groudon|0 fnt\n|faint|p2a: Groudon\n|-weather|none\n|-ability|p1a: Calyrex|Chilling Neigh|boost\n|-boost|p1a: Calyrex|atk|1\n|\n|-fieldend|move: Trick Room\n|upkeep\n|\n|t:|1701203949\n|switch|p2a: Arceus|Arceus-Dark|100\/100\n|turn|21\n|\n|t:|1701203951\n|move|p2a: Arceus|Foul Play|p1a: Calyrex\n|-supereffective|p1a: Calyrex\n|-damage|p1a: Calyrex|0 fnt\n|faint|p1a: Calyrex\n|\n|upkeep\n|\n|t:|1701203955\n|switch|p1a: Hatterene|Hatterene, F|5\/100\n|turn|22\n|\n|t:|1701203958\n|move|p2a: Arceus|Foul Play|p1a: Hatterene\n|-damage|p1a: Hatterene|0 fnt\n|faint|p1a: Hatterene\n|\n|upkeep\n|\n|t:|1701203965\n|switch|p1a: Magearna|Magearna|100\/100\n|turn|23\n|\n|t:|1701203968\n|move|p2a: Arceus|Taunt|p1a: Magearna\n|-start|p1a: Magearna|move: Taunt\n|cant|p1a: Magearna|move: Taunt|Trick Room\n|\n|upkeep\n|turn|24\n|\n|t:|1701203973\n|switch|p2a: Palkia|Palkia-Origin|100\/100\n|-ability|p2a: Palkia|Pressure\n|move|p1a: Magearna|Focus Blast|p2a: Palkia\n|-damage|p2a: Palkia|60\/100\n|-unboost|p2a: Palkia|spd|1\n|\n|upkeep\n|turn|25\n|\n|t:|1701203978\n|switch|p2a: Arceus|Arceus-Dark|100\/100\n|move|p1a: Magearna|Focus Blast|p2a: Arceus\n|-supereffective|p2a: Arceus\n|-damage|p2a: Arceus|42\/100\n|\n|-end|p1a: Magearna|move: Taunt\n|upkeep\n|turn|26\n|\n|t:|1701203983\n|move|p2a: Arceus|Recover|p2a: Arceus\n|-heal|p2a: Arceus|92\/100\n|move|p1a: Magearna|Focus Blast|p2a: Arceus|[miss]\n|-miss|p1a: Magearna|p2a: Arceus\n|\n|upkeep\n|turn|27\n|\n|t:|1701203986\n|move|p2a: Arceus|Taunt|p1a: Magearna\n|-start|p1a: Magearna|move: Taunt\n|cant|p1a: Magearna|move: Taunt|Trick Room\n|\n|upkeep\n|turn|28\n|\n|t:|1701203991\n|move|p2a: Arceus|Recover|p2a: Arceus\n|-heal|p2a: Arceus|100\/100\n|move|p1a: Magearna|Focus Blast|p2a: Arceus|[miss]\n|-miss|p1a: Magearna|p2a: Arceus\n|\n|upkeep\n|turn|29\n|\n|t:|1701203999\n|move|p2a: Arceus|Foul Play|p1a: Magearna\n|-resisted|p1a: Magearna\n|-damage|p1a: Magearna|87\/100\n|move|p1a: Magearna|Flash Cannon|p2a: Arceus\n|-damage|p2a: Arceus|68\/100\n|\n|-end|p1a: Magearna|move: Taunt\n|upkeep\n|turn|30\n|\n|t:|1701204003\n|move|p2a: Arceus|Taunt|p1a: Magearna\n|-start|p1a: Magearna|move: Taunt\n|move|p1a: Magearna|Flash Cannon|p2a: Arceus\n|-damage|p2a: Arceus|36\/100\n|\n|upkeep\n|turn|31\n|\n|t:|1701204007\n|switch|p1a: Melmetal|Melmetal|100\/100\n|move|p2a: Arceus|Recover|p2a: Arceus\n|-heal|p2a: Arceus|86\/100\n|\n|upkeep\n|turn|32\n|\n|t:|1701204010\n|move|p2a: Arceus|Foul Play|p1a: Melmetal\n|-damage|p1a: Melmetal|63\/100\n|move|p1a: Melmetal|Double Iron Bash|p2a: Arceus\n|-damage|p2a: Arceus|46\/100\n|-damage|p2a: Arceus|8\/100\n|-hitcount|p2a: Arceus|2\n|-damage|p1a: Melmetal|53\/100|[from] item: Life Orb\n|\n|upkeep\n|turn|33\n|\n|t:|1701204013\n|move|p2a: Arceus|Foul Play|p1a: Melmetal\n|-damage|p1a: Melmetal|15\/100\n|move|p1a: Melmetal|Thunder Punch|p2a: Arceus\n|-damage|p2a: Arceus|0 fnt\n|faint|p2a: Arceus\n|-damage|p1a: Melmetal|5\/100|[from] item: Life Orb\n|\n|upkeep\n|\n|t:|1701204016\n|switch|p2a: Palkia|Palkia-Origin|60\/100\n|-ability|p2a: Palkia|Pressure\n|turn|34\n|\n|t:|1701204025\n|move|p2a: Palkia|Spacial Rend|p1a: Melmetal\n|-resisted|p1a: Melmetal\n|-damage|p1a: Melmetal|0 fnt\n|faint|p1a: Melmetal\n|\n|upkeep\n|\n|t:|1701204029\n|switch|p1a: Magearna|Magearna|87\/100\n|turn|35\n|\n|t:|1701204032\n|move|p2a: Palkia|Fire Blast|p1a: Magearna\n|-supereffective|p1a: Magearna\n|-damage|p1a: Magearna|14\/100\n|-enditem|p1a: Magearna|Weakness Policy\n|-boost|p1a: Magearna|atk|2|[from] item: Weakness Policy\n|-boost|p1a: Magearna|spa|2|[from] item: Weakness Policy\n|move|p1a: Magearna|Trick Room|p1a: Magearna\n|-fieldstart|move: Trick Room|[of] p1a: Magearna\n|\n|upkeep\n|turn|36\n|\n|t:|1701204039\n|move|p1a: Magearna|Psyshock|p2a: Palkia\n|-damage|p2a: Palkia|0 fnt\n|faint|p2a: Palkia\n|\n|win|amweird\n|raw|amweird's rating: 1597 &rarr; <strong>1621<\/strong><br \/>(+24 for winning)\n|raw|IConsumeChairs's rating: 1670 &rarr; <strong>1646<\/strong><br \/>(-24 for losing)\n|l|\u2606IConsumeChairs\n","uploadtime":1701204054,"views":0,"p1id":"amweird","p2id":"iconsumechairs","formatid":"gen9nationaldexubers","rating":1621,"private":0,"password":""}