{"id":"gen9nationaldexubers-1999952598","p1":"Rayqueerza32","p2":"GrundleGrimace","format":"[Gen 9] National Dex Ubers","log":"|j|\u2606Rayqueerza32\n|j|\u2606GrundleGrimace\n|t:|1701133929\n|gametype|singles\n|player|p1|Rayqueerza32|palmer|\n|player|p2|GrundleGrimace|zinzolin|\n|teamsize|p1|6\n|teamsize|p2|6\n|gen|9\n|tier|[Gen 9] National Dex Ubers\n|rule|HP Percentage Mod: HP is shown in percentages\n|rule|Endless Battle Clause: Forcing endless battles is banned\n|rule|OHKO Clause: OHKO moves are banned\n|rule|Evasion Moves Clause: Evasion moves are banned\n|rule|Evasion Items Clause: Evasion items are banned\n|rule|Species Clause: Limit one of each Pok\u00e9mon\n|rule|Sleep Clause Mod: Limit one foe put to sleep\n|rule|Mega Rayquaza Clause: You cannot mega evolve Rayquaza\n|clearpoke\n|poke|p1|Scizor, F|\n|poke|p1|Landorus-Therian, M|\n|poke|p1|Greninja-*, M|\n|poke|p1|Corviknight, M|\n|poke|p1|Blissey, F|\n|poke|p1|Conkeldurr, F|\n|poke|p2|Groudon|\n|poke|p2|Zygarde|\n|poke|p2|Clodsire, F|\n|poke|p2|Great Tusk|\n|poke|p2|Landorus, M|\n|poke|p2|Mamoswine, M|\n|teampreview\n|inactive|Battle timer is ON: inactive players will automatically lose when time's up. (requested by Rayqueerza32)\n|c|\u2606GrundleGrimace|glhf\n|c|\u2606Rayqueerza32|u2\n|inactive|GrundleGrimace has 270 seconds left.\n|\n|t:|1701133963\n|start\n|switch|p1a: Honkeldurr|Conkeldurr, F|100\/100\n|switch|p2a: Landorus|Landorus, M|100\/100\n|turn|1\n|\n|t:|1701133976\n|move|p2a: Landorus|Focus Blast|p1a: Honkeldurr\n|-damage|p1a: Honkeldurr|20\/100\n|move|p1a: Honkeldurr|Ice Punch|p2a: Landorus\n|-supereffective|p2a: Landorus\n|-damage|p2a: Landorus|0 fnt\n|faint|p2a: Landorus\n|\n|-status|p1a: Honkeldurr|brn|[from] item: Flame Orb\n|upkeep\n|\n|t:|1701133983\n|switch|p2a: Groudon|Groudon|100\/100\n|detailschange|p2a: Groudon|Groudon-Primal\n|-primal|p2a: Groudon|Red Orb\n|-weather|DesolateLand|[from] ability: Desolate Land|[of] p2a: Groudon\n|turn|2\n|\n|t:|1701133987\n|move|p2a: Groudon|Lava Plume|p1a: Honkeldurr\n|-damage|p1a: Honkeldurr|0 fnt\n|faint|p1a: Honkeldurr\n|\n|-weather|DesolateLand|[upkeep]\n|upkeep\n|\n|t:|1701133991\n|switch|p1a: UUBL|Landorus-Therian, M|100\/100\n|-ability|p1a: UUBL|Intimidate|boost\n|-unboost|p2a: Groudon|atk|1\n|turn|3\n|\n|t:|1701134002\n|-weather|none\n|switch|p2a: Great Tusk|Great Tusk|100\/100\n|move|p1a: UUBL|Swords Dance|p1a: UUBL\n|-boost|p1a: UUBL|atk|2\n|\n|upkeep\n|turn|4\n|\n|t:|1701134008\n|move|p1a: UUBL|Earthquake|p2a: Great Tusk\n|-damage|p2a: Great Tusk|47\/100\n|move|p2a: Great Tusk|Knock Off|p1a: UUBL\n|-damage|p1a: UUBL|85\/100\n|\n|-heal|p2a: Great Tusk|53\/100|[from] item: Leftovers\n|upkeep\n|turn|5\n|\n|t:|1701134016\n|-end|p2a: Great Tusk|Protosynthesis|[silent]\n|switch|p2a: Clodsire|Clodsire, F|100\/100\n|move|p1a: UUBL|Earthquake|p2a: Clodsire\n|-supereffective|p2a: Clodsire\n|-damage|p2a: Clodsire|0 fnt\n|faint|p2a: Clodsire\n|\n|upkeep\n|\n|t:|1701134020\n|switch|p2a: Mamoswine|Mamoswine, M|100\/100\n|turn|6\n|inactive|Rayqueerza32 has 270 seconds left.\n|\n|t:|1701134063\n|switch|p1a: Tinkatrouble|Corviknight, M, shiny|100\/100\n|-ability|p1a: Tinkatrouble|Pressure\n|move|p2a: Mamoswine|Ice Shard|p1a: Tinkatrouble\n|-damage|p1a: Tinkatrouble|78\/100\n|\n|-heal|p1a: Tinkatrouble|84\/100|[from] item: Leftovers\n|upkeep\n|turn|7\n|\n|t:|1701134070\n|switch|p2a: Zygarde|Zygarde|100\/100\n|move|p1a: Tinkatrouble|U-turn|p2a: Zygarde\n|-damage|p2a: Zygarde|90\/100\n|\n|t:|1701134073\n|switch|p1a: Amphinobi|Greninja, M|100\/100|[from] U-turn\n|\n|-heal|p2a: Zygarde|96\/100|[from] item: Leftovers\n|upkeep\n|turn|8\n|\n|t:|1701134079\n|switch|p2a: Groudon|Groudon-Primal|100\/100\n|-weather|DesolateLand|[from] ability: Desolate Land|[of] p2a: Groudon\n|move|p1a: Amphinobi|Ice Beam|p2a: Groudon\n|-start|p1a: Amphinobi|typechange|Ice|[from] ability: Protean\n|-damage|p2a: Groudon|60\/100\n|\n|-weather|DesolateLand|[upkeep]\n|upkeep\n|turn|9\n|\n|t:|1701134097\n|switch|p1a: UUBL|Landorus-Therian, M|85\/100\n|-ability|p1a: UUBL|Intimidate|boost\n|-unboost|p2a: Groudon|atk|1\n|move|p2a: Groudon|Swords Dance|p2a: Groudon\n|-boost|p2a: Groudon|atk|2\n|\n|-weather|DesolateLand|[upkeep]\n|upkeep\n|turn|10\n|\n|t:|1701134106\n|-weather|none\n|switch|p2a: Great Tusk|Great Tusk|53\/100\n|move|p1a: UUBL|Earthquake|p2a: Great Tusk\n|-damage|p2a: Great Tusk|24\/100\n|\n|-heal|p2a: Great Tusk|30\/100|[from] item: Leftovers\n|upkeep\n|turn|11\n|\n|t:|1701134114\n|move|p1a: UUBL|Stealth Rock|p2a: Great Tusk\n|-sidestart|p2: GrundleGrimace|move: Stealth Rock\n|move|p2a: Great Tusk|Stealth Rock|p1a: UUBL\n|-sidestart|p1: Rayqueerza32|move: Stealth Rock\n|\n|-heal|p2a: Great Tusk|36\/100|[from] item: Leftovers\n|upkeep\n|turn|12\n|\n|t:|1701134116\n|move|p1a: UUBL|Earthquake|p2a: Great Tusk\n|-damage|p2a: Great Tusk|5\/100\n|move|p2a: Great Tusk|Rapid Spin|p1a: UUBL\n|-damage|p1a: UUBL|72\/100\n|-boost|p2a: Great Tusk|spe|1\n|-sideend|p2: GrundleGrimace|Stealth Rock|[from] move: Rapid Spin|[of] p2a: Great Tusk\n|\n|-heal|p2a: Great Tusk|11\/100|[from] item: Leftovers\n|upkeep\n|turn|13\n|\n|t:|1701134123\n|move|p2a: Great Tusk|Knock Off|p1a: UUBL\n|-damage|p1a: UUBL|55\/100\n|move|p1a: UUBL|Earthquake|p2a: Great Tusk\n|-damage|p2a: Great Tusk|0 fnt\n|faint|p2a: Great Tusk\n|-end|p2a: Great Tusk|Protosynthesis|[silent]\n|\n|upkeep\n|\n|t:|1701134129\n|switch|p2a: Zygarde|Zygarde|96\/100\n|turn|14\n|\n|t:|1701134140\n|switch|p1a: Tinkatrouble|Corviknight, M, shiny|84\/100\n|-damage|p1a: Tinkatrouble|72\/100|[from] Stealth Rock\n|-ability|p1a: Tinkatrouble|Pressure\n|move|p2a: Zygarde|Dragon Dance|p2a: Zygarde\n|-boost|p2a: Zygarde|atk|1\n|-boost|p2a: Zygarde|spe|1\n|\n|-heal|p2a: Zygarde|100\/100|[from] item: Leftovers\n|-heal|p1a: Tinkatrouble|78\/100|[from] item: Leftovers\n|upkeep\n|turn|15\n|\n|t:|1701134150\n|move|p2a: Zygarde|Substitute|p2a: Zygarde\n|-start|p2a: Zygarde|Substitute\n|-damage|p2a: Zygarde|76\/100\n|move|p1a: Tinkatrouble|U-turn|p2a: Zygarde\n|-activate|p2a: Zygarde|move: Substitute|[damage]\n|\n|t:|1701134153\n|switch|p1a: Faberge|Scizor, F|100\/100|[from] U-turn\n|-damage|p1a: Faberge|88\/100|[from] Stealth Rock\n|\n|-heal|p2a: Zygarde|82\/100|[from] item: Leftovers\n|upkeep\n|turn|16\n|\n|t:|1701134158\n|detailschange|p1a: Faberge|Scizor-Mega, F\n|-mega|p1a: Faberge|Scizor|Scizorite\n|move|p1a: Faberge|Bullet Punch|p2a: Zygarde\n|-end|p2a: Zygarde|Substitute\n|move|p2a: Zygarde|Thousand Arrows|p1a: Faberge\n|-damage|p1a: Faberge|55\/100\n|\n|-heal|p2a: Zygarde|88\/100|[from] item: Leftovers\n|upkeep\n|turn|17\n|\n|t:|1701134165\n|move|p1a: Faberge|Bullet Punch|p2a: Zygarde\n|-damage|p2a: Zygarde|65\/100\n|move|p2a: Zygarde|Thousand Arrows|p1a: Faberge\n|-damage|p1a: Faberge|20\/100\n|\n|-heal|p2a: Zygarde|71\/100|[from] item: Leftovers\n|upkeep\n|turn|18\n|\n|t:|1701134170\n|move|p1a: Faberge|Bullet Punch|p2a: Zygarde\n|-damage|p2a: Zygarde|51\/100\n|move|p2a: Zygarde|Thousand Arrows|p1a: Faberge\n|-damage|p1a: Faberge|0 fnt\n|faint|p1a: Faberge\n|\n|-heal|p2a: Zygarde|57\/100|[from] item: Leftovers\n|upkeep\n|\n|t:|1701134174\n|switch|p1a: Amphinobi|Greninja, M|100\/100\n|-damage|p1a: Amphinobi|88\/100|[from] Stealth Rock\n|turn|19\n|\n|t:|1701134177\n|switch|p2a: Groudon|Groudon-Primal|60\/100\n|-weather|DesolateLand|[from] ability: Desolate Land|[of] p2a: Groudon\n|move|p1a: Amphinobi|Ice Beam|p2a: Groudon\n|-start|p1a: Amphinobi|typechange|Ice|[from] ability: Protean\n|-damage|p2a: Groudon|21\/100\n|\n|-weather|DesolateLand|[upkeep]\n|upkeep\n|turn|20\n|\n|t:|1701134180\n|-weather|none\n|switch|p2a: Mamoswine|Mamoswine, M|100\/100\n|move|p1a: Amphinobi|Ice Beam|p2a: Mamoswine\n|-damage|p2a: Mamoswine|77\/100\n|\n|upkeep\n|turn|21\n|\n|t:|1701134189\n|switch|p1a: Fat Fuck Friday|Blissey, F|100\/100\n|move|p2a: Mamoswine|Icicle Crash|p1a: Fat Fuck Friday\n|-damage|p1a: Fat Fuck Friday|39\/100\n|\n|upkeep\n|turn|22\n|\n|t:|1701134193\n|move|p2a: Mamoswine|Icicle Crash|p1a: Fat Fuck Friday\n|-damage|p1a: Fat Fuck Friday|0 fnt\n|faint|p1a: Fat Fuck Friday\n|\n|upkeep\n|\n|t:|1701134199\n|switch|p1a: Tinkatrouble|Corviknight, M, shiny|78\/100\n|-damage|p1a: Tinkatrouble|65\/100|[from] Stealth Rock\n|-ability|p1a: Tinkatrouble|Pressure\n|turn|23\n|\n|t:|1701134205\n|move|p2a: Mamoswine|Icicle Crash|p1a: Tinkatrouble\n|-damage|p1a: Tinkatrouble|21\/100\n|cant|p1a: Tinkatrouble|flinch\n|\n|-heal|p1a: Tinkatrouble|27\/100|[from] item: Leftovers\n|upkeep\n|turn|24\n|c|\u2606GrundleGrimace|calculated\n|\n|t:|1701134217\n|move|p2a: Mamoswine|Icicle Crash|p1a: Tinkatrouble\n|-damage|p1a: Tinkatrouble|0 fnt\n|faint|p1a: Tinkatrouble\n|\n|upkeep\n|\n|t:|1701134221\n|switch|p1a: UUBL|Landorus-Therian, M|55\/100\n|-damage|p1a: UUBL|42\/100|[from] Stealth Rock\n|-ability|p1a: UUBL|Intimidate|boost\n|-unboost|p2a: Mamoswine|atk|1\n|turn|25\n|\n|t:|1701134233\n|switch|p2a: Groudon|Groudon-Primal|21\/100\n|-weather|DesolateLand|[from] ability: Desolate Land|[of] p2a: Groudon\n|move|p1a: UUBL|Earthquake|p2a: Groudon\n|-supereffective|p2a: Groudon\n|-damage|p2a: Groudon|0 fnt\n|faint|p2a: Groudon\n|-weather|none\n|\n|upkeep\n|\n|t:|1701134248\n|switch|p2a: Mamoswine|Mamoswine, M|77\/100\n|turn|26\n|\n|t:|1701134263\n|move|p2a: Mamoswine|Ice Shard|p1a: UUBL\n|-supereffective|p1a: UUBL\n|-damage|p1a: UUBL|0 fnt\n|faint|p1a: UUBL\n|\n|upkeep\n|\n|t:|1701134265\n|switch|p1a: Amphinobi|Greninja, M|88\/100\n|-damage|p1a: Amphinobi|76\/100|[from] Stealth Rock\n|turn|27\n|inactive|GrundleGrimace has 270 seconds left.\n|\n|t:|1701134295\n|move|p2a: Mamoswine|Ice Shard|p1a: Amphinobi\n|-resisted|p1a: Amphinobi\n|-damage|p1a: Amphinobi|45\/100\n|move|p1a: Amphinobi|Scald|p2a: Mamoswine\n|-start|p1a: Amphinobi|typechange|Water|[from] ability: Protean\n|-supereffective|p2a: Mamoswine\n|-damage|p2a: Mamoswine|0 fnt\n|faint|p2a: Mamoswine\n|\n|upkeep\n|inactive|GrundleGrimace has 270 seconds left.\n|\n|t:|1701134310\n|switch|p2a: Zygarde|Zygarde|57\/100\n|turn|28\n|c|\u2606Rayqueerza32|gg\n|\n|t:|1701134316\n|move|p1a: Amphinobi|Scald|p2a: Zygarde\n|-damage|p2a: Zygarde|27\/100\n|move|p2a: Zygarde|Thousand Arrows|p1a: Amphinobi\n|-damage|p1a: Amphinobi|0 fnt\n|faint|p1a: Amphinobi\n|\n|win|GrundleGrimace\n|c|\u2606GrundleGrimace|gg\n|c|\u2606Rayqueerza32|no burn\n|c|\u2606Rayqueerza32|fuckinf hell\n","uploadtime":1701134338,"views":12,"p1id":"rayqueerza32","p2id":"grundlegrimace","formatid":"gen9nationaldexubers","rating":0,"private":0,"password":""}