{"id":"gen9nationaldexubers-1987745573","p1":"pepsicangobrrr","p2":"Hyper Soulless","format":"[Gen 9] National Dex Ubers","log":"|j|\u2606pepsicangobrrr\n|j|\u2606Hyper Soulless\n|t:|1699633110\n|gametype|singles\n|player|p1|pepsicangobrrr|jupiter|1221\n|player|p2|Hyper Soulless|waiter-gen4dp|1199\n|teamsize|p1|6\n|teamsize|p2|6\n|gen|9\n|tier|[Gen 9] National Dex Ubers\n|rated|\n|rule|HP Percentage Mod: HP is shown in percentages\n|rule|Endless Battle Clause: Forcing endless battles is banned\n|rule|OHKO Clause: OHKO moves are banned\n|rule|Evasion Moves Clause: Evasion moves are banned\n|rule|Evasion Items Clause: Evasion items are banned\n|rule|Species Clause: Limit one of each Pok\u00e9mon\n|rule|Sleep Clause Mod: Limit one foe put to sleep\n|rule|Mega Rayquaza Clause: You cannot mega evolve Rayquaza\n|clearpoke\n|poke|p1|Dragapult, F|\n|poke|p1|Celesteela|\n|poke|p1|Empoleon, M|\n|poke|p1|Tinkaton, F|\n|poke|p1|Metagross|\n|poke|p1|Heatran, F|\n|poke|p2|Zapdos|\n|poke|p2|Araquanid, F|\n|poke|p2|Porygon-Z|\n|poke|p2|Sirfetch\u2019d, M|\n|poke|p2|Calyrex-Ice|\n|poke|p2|Dragapult, F|\n|teampreview\n|inactive|Battle timer is ON: inactive players will automatically lose when time's up. (requested by Hyper Soulless)\n|\n|t:|1699633130\n|start\n|switch|p1a: Let's Go Golfing!|Tinkaton, F|100\/100\n|switch|p2a: Porygon-Z|Porygon-Z|100\/100\n|-ability|p1a: Let's Go Golfing!|Mold Breaker\n|turn|1\n|\n|t:|1699633139\n|move|p1a: Let's Go Golfing!|Fake Out|p2a: Porygon-Z\n|-damage|p2a: Porygon-Z|86\/100\n|cant|p2a: Porygon-Z|flinch\n|\n|upkeep\n|turn|2\n|\n|t:|1699633144\n|move|p1a: Let's Go Golfing!|Gigaton Hammer|p2a: Porygon-Z\n|-damage|p2a: Porygon-Z|5\/100\n|move|p2a: Porygon-Z|Discharge|p1a: Let's Go Golfing!\n|-damage|p1a: Let's Go Golfing!|62\/100\n|-status|p1a: Let's Go Golfing!|par\n|\n|upkeep\n|turn|3\n|\n|t:|1699633151\n|move|p2a: Porygon-Z|Discharge|p1a: Let's Go Golfing!\n|-damage|p1a: Let's Go Golfing!|24\/100 par\n|-enditem|p1a: Let's Go Golfing!|Figy Berry|[eat]\n|-heal|p1a: Let's Go Golfing!|57\/100 par|[from] item: Figy Berry\n|move|p1a: Let's Go Golfing!|Knock Off|p2a: Porygon-Z\n|-damage|p2a: Porygon-Z|0 fnt\n|-enditem|p2a: Porygon-Z|Choice Specs|[from] move: Knock Off|[of] p1a: Let's Go Golfing!\n|faint|p2a: Porygon-Z\n|\n|upkeep\n|\n|t:|1699633165\n|switch|p2a: Araquanid|Araquanid, F|100\/100\n|turn|4\n|\n|t:|1699633174\n|move|p1a: Let's Go Golfing!|Gigaton Hammer|p2a: Araquanid\n|-resisted|p2a: Araquanid\n|-damage|p2a: Araquanid|69\/100\n|move|p2a: Araquanid|Lunge|p1a: Let's Go Golfing!\n|-resisted|p1a: Let's Go Golfing!\n|-damage|p1a: Let's Go Golfing!|51\/100 par\n|-unboost|p1a: Let's Go Golfing!|atk|1\n|\n|upkeep\n|turn|5\n|\n|t:|1699633185\n|switch|p1a: Space-X|Celesteela, shiny|100\/100\n|move|p2a: Araquanid|Sticky Web|p1a: Space-X\n|-sidestart|p1: pepsicangobrrr|move: Sticky Web\n|\n|upkeep\n|turn|6\n|\n|t:|1699633193\n|switch|p2a: Zapdos|Zapdos|100\/100\n|move|p1a: Space-X|Air Slash|p2a: Zapdos\n|-resisted|p2a: Zapdos\n|-damage|p2a: Zapdos|86\/100\n|\n|-heal|p2a: Zapdos|92\/100|[from] item: Leftovers\n|upkeep\n|turn|7\n|\n|t:|1699633203\n|switch|p1a: Let's Go Golfing!|Tinkaton, F|51\/100 par\n|-activate|p1a: Let's Go Golfing!|move: Sticky Web\n|-unboost|p1a: Let's Go Golfing!|spe|1\n|-ability|p1a: Let's Go Golfing!|Mold Breaker\n|move|p2a: Zapdos|Thunder|p1a: Let's Go Golfing!\n|-damage|p1a: Let's Go Golfing!|0 fnt\n|faint|p1a: Let's Go Golfing!\n|\n|-heal|p2a: Zapdos|99\/100|[from] item: Leftovers\n|upkeep\n|\n|t:|1699633217\n|switch|p1a: Hellflame|Heatran, F|100\/100\n|-activate|p1a: Hellflame|move: Sticky Web\n|-unboost|p1a: Hellflame|spe|1\n|turn|8\n|\n|t:|1699633224\n|switch|p2a: Araquanid|Araquanid, F|69\/100\n|move|p1a: Hellflame|Power Gem|p2a: Araquanid\n|-supereffective|p2a: Araquanid\n|-damage|p2a: Araquanid|29\/100\n|\n|upkeep\n|turn|9\n|\n|t:|1699633231\n|move|p1a: Hellflame|Power Gem|p2a: Araquanid\n|-supereffective|p2a: Araquanid\n|-damage|p2a: Araquanid|0 fnt\n|faint|p2a: Araquanid\n|\n|upkeep\n|\n|t:|1699633239\n|switch|p2a: Calyrex|Calyrex-Ice|100\/100\n|-ability|p2a: Calyrex|As One\n|-ability|p2a: Calyrex|Unnerve\n|turn|10\n|\n|t:|1699633249\n|-terastallize|p2a: Calyrex|Psychic\n|move|p2a: Calyrex|Agility|p2a: Calyrex\n|-boost|p2a: Calyrex|spe|2\n|move|p1a: Hellflame|Magma Storm|p2a: Calyrex\n|-damage|p2a: Calyrex|53\/100\n|-activate|p2a: Calyrex|move: Magma Storm|[of] p1a: Hellflame\n|\n|-damage|p2a: Calyrex|40\/100|[from] move: Magma Storm|[partiallytrapped]\n|upkeep\n|turn|11\n|\n|t:|1699633261\n|move|p2a: Calyrex|High Horsepower|p1a: Hellflame\n|-supereffective|p1a: Hellflame\n|-damage|p1a: Hellflame|0 fnt\n|faint|p1a: Hellflame\n|-ability|p2a: Calyrex|Chilling Neigh|boost\n|-boost|p2a: Calyrex|atk|1\n|\n|-end|p2a: Calyrex|Magma Storm|[partiallytrapped]|[silent]\n|upkeep\n|inactive|pepsicangobrrr has 120 seconds left.\n|\n|t:|1699633288\n|switch|p1a: Aquawave|Empoleon, M|100\/100\n|-activate|p1a: Aquawave|move: Sticky Web\n|-unboost|p1a: Aquawave|spe|1\n|turn|12\n|c|\u2606Hyper Soulless|nice nicknames btw\n|c|\u2606pepsicangobrrr|ty\n|inactive|pepsicangobrrr has 120 seconds left.\n|\n|t:|1699633299\n|move|p2a: Calyrex|High Horsepower|p1a: Aquawave\n|-supereffective|p1a: Aquawave\n|-damage|p1a: Aquawave|0 fnt\n|-damage|p2a: Calyrex|24\/100|[from] item: Rocky Helmet|[of] p1a: Aquawave\n|faint|p1a: Aquawave\n|-ability|p2a: Calyrex|Chilling Neigh|boost\n|-boost|p2a: Calyrex|atk|1\n|\n|upkeep\n|inactive|pepsicangobrrr has 120 seconds left.\n|\n|t:|1699633309\n|switch|p1a: Space-X|Celesteela, shiny|100\/100\n|turn|13\n|\n|t:|1699633315\n|move|p2a: Calyrex|Glacial Lance|p1a: Space-X\n|-damage|p1a: Space-X|9\/100\n|move|p1a: Space-X|Earthquake|p2a: Calyrex\n|-damage|p2a: Calyrex|8\/100\n|\n|-heal|p1a: Space-X|15\/100|[from] item: Leftovers\n|upkeep\n|turn|14\n|c|\u2606pepsicangobrrr|GOD DAMNIT\n|inactive|pepsicangobrrr has 120 seconds left.\n|\n|t:|1699633341\n|switch|p1a: Titania|Metagross, shiny|100\/100\n|-activate|p1a: Titania|move: Sticky Web\n|-unboost|p1a: Titania|spe|1\n|move|p2a: Calyrex|Glacial Lance|p1a: Titania\n|-resisted|p1a: Titania\n|-damage|p1a: Titania|23\/100\n|\n|upkeep\n|turn|15\n|c|\u2606Hyper Soulless|Jesus\n|inactive|pepsicangobrrr has 120 seconds left.\n|c|\u2606Hyper Soulless|i legit\n|c|\u2606pepsicangobrrr|let him cook\n|c|\u2606pepsicangobrrr|aight?\n|c|\u2606Hyper Soulless|don't know how i'm alive\n|\n|t:|1699633358\n|detailschange|p1a: Titania|Metagross-Mega, shiny\n|-mega|p1a: Titania|Metagross|Metagrossite\n|move|p2a: Calyrex|Glacial Lance|p1a: Titania\n|-resisted|p1a: Titania\n|-damage|p1a: Titania|0 fnt\n|faint|p1a: Titania\n|-ability|p2a: Calyrex|Chilling Neigh|boost\n|-boost|p2a: Calyrex|atk|1\n|\n|upkeep\n|c|\u2606pepsicangobrrr|awh\n|c|\u2606Hyper Soulless|Lol\n|\n|t:|1699633367\n|switch|p1a: Phantom Phill|Dragapult, F|100\/100\n|-activate|p1a: Phantom Phill|move: Sticky Web\n|-fail|p1a: Phantom Phill|unboost|[from] ability: Clear Body|[of] p1a: Phantom Phill\n|turn|16\n|c|\u2606Hyper Soulless|uh oh\n|inactive|pepsicangobrrr has 120 seconds left.\n|\n|t:|1699633376\n|-terastallize|p1a: Phantom Phill|Steel\n|move|p1a: Phantom Phill|Phantom Force||[still]\n|-prepare|p1a: Phantom Phill|Phantom Force\n|move|p2a: Calyrex|Glacial Lance|p1a: Phantom Phill|[miss]\n|-miss|p2a: Calyrex|p1a: Phantom Phill\n|\n|upkeep\n|turn|17\n|\n|t:|1699633384\n|move|p1a: Phantom Phill|Phantom Force|p2a: Calyrex|[from]lockedmove\n|-supereffective|p2a: Calyrex\n|-damage|p2a: Calyrex|0 fnt\n|faint|p2a: Calyrex\n|-damage|p1a: Phantom Phill|91\/100|[from] item: Life Orb\n|\n|upkeep\n|\n|t:|1699633390\n|switch|p2a: Zapdos|Zapdos|99\/100\n|turn|18\n|c|\u2606pepsicangobrrr|this is the man for the job\n|\n|t:|1699633401\n|move|p1a: Phantom Phill|Dragon Dance|p1a: Phantom Phill\n|-boost|p1a: Phantom Phill|atk|1\n|-boost|p1a: Phantom Phill|spe|1\n|move|p2a: Zapdos|Thunder|p1a: Phantom Phill\n|-damage|p1a: Phantom Phill|14\/100\n|\n|-heal|p2a: Zapdos|100\/100|[from] item: Leftovers\n|upkeep\n|turn|19\n|c|\u2606Hyper Soulless|i swear i was going for hurricane\n|c|\u2606Hyper Soulless|i forgot about the tera\n|c|\u2606Hyper Soulless|:skull:\n|\n|t:|1699633423\n|move|p1a: Phantom Phill|Phantom Force||[still]\n|-prepare|p1a: Phantom Phill|Phantom Force\n|move|p2a: Zapdos|Thunder|p1a: Phantom Phill|[miss]\n|-miss|p2a: Zapdos|p1a: Phantom Phill\n|\n|upkeep\n|turn|20\n|c|\u2606pepsicangobrrr|that would've missed anyway\n|\n|t:|1699633428\n|move|p1a: Phantom Phill|Phantom Force|p2a: Zapdos|[from]lockedmove\n|-damage|p2a: Zapdos|14\/100\n|-status|p1a: Phantom Phill|par|[from] ability: Static|[of] p2a: Zapdos\n|-damage|p1a: Phantom Phill|4\/100 par|[from] item: Life Orb\n|move|p2a: Zapdos|Thunder|p1a: Phantom Phill\n|-damage|p1a: Phantom Phill|0 fnt\n|faint|p1a: Phantom Phill\n|\n|-heal|p2a: Zapdos|20\/100|[from] item: Leftovers\n|upkeep\n|c|\u2606Hyper Soulless|True\n|c|\u2606pepsicangobrrr|NOOO\n|c|\u2606Hyper Soulless|YESSSDDD\n|\n|t:|1699633439\n|switch|p1a: Space-X|Celesteela, shiny|15\/100\n|turn|21\n|c|\u2606Hyper Soulless|STATIC RNG\n|c|\u2606Hyper Soulless|jesus\n|\n|t:|1699633446\n|move|p2a: Zapdos|Thunder|p1a: Space-X\n|-supereffective|p1a: Space-X\n|-damage|p1a: Space-X|0 fnt\n|faint|p1a: Space-X\n|\n|win|Hyper Soulless\n|raw|pepsicangobrrr's rating: 1221 &rarr; <strong>1194<\/strong><br \/>(-27 for losing)\n|raw|Hyper Soulless's rating: 1199 &rarr; <strong>1226<\/strong><br \/>(+27 for winning)\n|c|\u2606Hyper Soulless|gg man\n|c|\u2606pepsicangobrrr|ggs man\n|c|\u2606Hyper Soulless|you played well\n","uploadtime":1699633455,"views":5,"p1id":"pepsicangobrrr","p2id":"hypersoulless","formatid":"gen9nationaldexubers","rating":1194,"private":0,"password":""}