{"id":"gen9nationaldexubers-1978090298","p1":"typh1os1on","p2":"Whatismyteam420","format":"[Gen 9] National Dex Ubers","log":"|j|\u2606typh1os1on\n|j|\u2606Whatismyteam420\n|t:|1698497877\n|gametype|singles\n|player|p1|typh1os1on|yellow|1000\n|player|p2|Whatismyteam420|cheren|1106\n|teamsize|p1|6\n|teamsize|p2|6\n|gen|9\n|tier|[Gen 9] National Dex Ubers\n|rated|\n|rule|HP Percentage Mod: HP is shown in percentages\n|rule|Endless Battle Clause: Forcing endless battles is banned\n|rule|OHKO Clause: OHKO moves are banned\n|rule|Evasion Moves Clause: Evasion moves are banned\n|rule|Evasion Items Clause: Evasion items are banned\n|rule|Species Clause: Limit one of each Pok\u00e9mon\n|rule|Sleep Clause Mod: Limit one foe put to sleep\n|rule|Mega Rayquaza Clause: You cannot mega evolve Rayquaza\n|clearpoke\n|poke|p1|Cloyster, F|\n|poke|p1|Blissey, F|\n|poke|p1|Dracovish|\n|poke|p1|Dragapult, F|\n|poke|p1|Cyclizar, F|\n|poke|p1|Rattata, F|\n|poke|p2|Melmetal|\n|poke|p2|Quagsire, F|\n|poke|p2|Diancie|\n|poke|p2|Pheromosa|\n|poke|p2|Wugtrio, M|\n|poke|p2|Slowking-Galar, F|\n|teampreview\n|c|\u2606Whatismyteam420|Now tuning to futurama\n|c|\u2606Whatismyteam420|(forget level 1?)\n|\n|t:|1698497927\n|start\n|switch|p1a: Cyclizar|Cyclizar, F|100\/100\n|switch|p2a: Amy|Diancie|100\/100\n|turn|1\n|\n|t:|1698497941\n|detailschange|p2a: Amy|Diancie-Mega\n|-mega|p2a: Amy|Diancie|Diancite\n|move|p1a: Cyclizar|Shed Tail|p1a: Cyclizar\n|-start|p1a: Cyclizar|Substitute|[from] move: Shed Tail\n|-damage|p1a: Cyclizar|50\/100\n|\n|t:|1698497950\n|switch|p1a: Dracovish|Dracovish|100\/100|[from] Shed Tail\n|move|p2a: Amy|Diamond Storm|p1a: Dracovish\n|-end|p1a: Dracovish|Substitute\n|\n|upkeep\n|turn|2\n|\n|t:|1698497957\n|move|p2a: Amy|Moonblast|p1a: Dracovish\n|-supereffective|p1a: Dracovish\n|-damage|p1a: Dracovish|3\/100\n|move|p1a: Dracovish|Fishious Rend|p2a: Amy\n|-supereffective|p2a: Amy\n|-damage|p2a: Amy|0 fnt\n|faint|p2a: Amy\n|\n|upkeep\n|c|\u2606Whatismyteam420|what is my luck\n|\n|t:|1698497964\n|switch|p2a: Hermes|Wugtrio, M|100\/100\n|turn|3\n|\n|t:|1698497969\n|move|p2a: Hermes|Sucker Punch|p1a: Dracovish\n|-damage|p1a: Dracovish|0 fnt\n|faint|p1a: Dracovish\n|\n|upkeep\n|c|\u2606Whatismyteam420|ok who cares\n|\n|t:|1698497985\n|switch|p1a: Rattata|Rattata, F|100\/100\n|turn|4\n|c|\u2606typh1os1on|Why did i make my rattata learn blizzard and why can it learn blizzard in the first place\n|c|\u2606Whatismyteam420|i think you must have mispressed as it is high on the list\n|c|\u2606typh1os1on|ok\n|c|\u2606Whatismyteam420|also because rattata and raticate are some of those\n|c|\u2606Whatismyteam420|pokemon (especially normal types) that learn so many moves for no reason\n|c|\u2606Whatismyteam420|eg exploud slaking absol dragonite ect\n|\n|t:|1698498095\n|move|p2a: Hermes|Sucker Punch|p1a: Rattata\n|-enditem|p1a: Rattata|Focus Sash\n|-damage|p1a: Rattata|1\/100\n|move|p1a: Rattata|Blizzard|p2a: Hermes\n|-resisted|p2a: Hermes\n|-damage|p2a: Hermes|90\/100\n|\n|upkeep\n|turn|5\n|\n|t:|1698498103\n|move|p2a: Hermes|Sucker Punch|p1a: Rattata\n|-damage|p1a: Rattata|0 fnt\n|faint|p1a: Rattata\n|\n|upkeep\n|\n|t:|1698498107\n|switch|p1a: Cloyster|Cloyster, F|100\/100\n|turn|6\n|\n|t:|1698498115\n|switch|p2a: Fry|Quagsire, F|100\/100\n|move|p1a: Cloyster|Shell Smash|p1a: Cloyster\n|-unboost|p1a: Cloyster|def|1\n|-unboost|p1a: Cloyster|spd|1\n|-boost|p1a: Cloyster|atk|2\n|-boost|p1a: Cloyster|spa|2\n|-boost|p1a: Cloyster|spe|2\n|\n|upkeep\n|turn|7\n|\n|t:|1698498127\n|move|p1a: Cloyster|Shell Smash|p1a: Cloyster\n|-unboost|p1a: Cloyster|def|1\n|-unboost|p1a: Cloyster|spd|1\n|-boost|p1a: Cloyster|atk|2\n|-boost|p1a: Cloyster|spa|2\n|-boost|p1a: Cloyster|spe|2\n|move|p2a: Fry|Earthquake|p1a: Cloyster\n|-damage|p1a: Cloyster|76\/100\n|\n|upkeep\n|turn|8\n|c|\u2606Whatismyteam420|bru\n|\n|t:|1698498135\n|move|p1a: Cloyster|Icicle Spear|p2a: Fry\n|-damage|p2a: Fry|92\/100\n|-damage|p2a: Fry|83\/100\n|-damage|p2a: Fry|75\/100\n|-damage|p2a: Fry|67\/100\n|-damage|p2a: Fry|59\/100\n|-hitcount|p2a: Fry|5\n|move|p2a: Fry|Toxic|p1a: Cloyster\n|-status|p1a: Cloyster|tox\n|\n|-heal|p2a: Fry|65\/100|[from] item: Leftovers\n|-damage|p1a: Cloyster|70\/100 tox|[from] psn\n|upkeep\n|turn|9\n|\n|t:|1698498147\n|move|p1a: Cloyster|Icicle Spear|p2a: Fry\n|-damage|p2a: Fry|57\/100\n|-damage|p2a: Fry|49\/100\n|-damage|p2a: Fry|40\/100\n|-damage|p2a: Fry|32\/100\n|-damage|p2a: Fry|23\/100\n|-hitcount|p2a: Fry|5\n|move|p2a: Fry|Recover|p2a: Fry\n|-heal|p2a: Fry|73\/100\n|\n|-heal|p2a: Fry|79\/100|[from] item: Leftovers\n|-damage|p1a: Cloyster|58\/100 tox|[from] psn\n|upkeep\n|turn|10\n|\n|t:|1698498164\n|move|p1a: Cloyster|Shell Smash|p1a: Cloyster\n|-unboost|p1a: Cloyster|def|1\n|-unboost|p1a: Cloyster|spd|1\n|-boost|p1a: Cloyster|atk|2\n|-boost|p1a: Cloyster|spa|2\n|-boost|p1a: Cloyster|spe|2\n|move|p2a: Fry|Recover|p2a: Fry\n|-heal|p2a: Fry|100\/100\n|\n|-damage|p1a: Cloyster|39\/100 tox|[from] psn\n|upkeep\n|turn|11\n|\n|t:|1698498177\n|move|p1a: Cloyster|Icicle Spear|p2a: Fry\n|-damage|p2a: Fry|93\/100\n|-damage|p2a: Fry|84\/100\n|-damage|p2a: Fry|77\/100\n|-damage|p2a: Fry|69\/100\n|-damage|p2a: Fry|61\/100\n|-hitcount|p2a: Fry|5\n|move|p2a: Fry|Earthquake|p1a: Cloyster\n|-damage|p1a: Cloyster|14\/100 tox\n|\n|-heal|p2a: Fry|68\/100|[from] item: Leftovers\n|-damage|p1a: Cloyster|0 fnt|[from] psn\n|faint|p1a: Cloyster\n|upkeep\n|c|\u2606Whatismyteam420|haha unaware\n|c|\u2606Whatismyteam420|go\n|c|\u2606Whatismyteam420|brrrr\n|\n|t:|1698498196\n|switch|p1a: Blissey|Blissey, F|100\/100\n|turn|12\n|\n|t:|1698498203\n|move|p1a: Blissey|Dazzling Gleam|p2a: Fry\n|-crit|p2a: Fry\n|-damage|p2a: Fry|21\/100\n|-damage|p1a: Blissey|91\/100|[from] item: Life Orb\n|move|p2a: Fry|Scald|p1a: Blissey\n|-damage|p1a: Blissey|83\/100\n|-status|p1a: Blissey|brn\n|\n|-heal|p2a: Fry|27\/100|[from] item: Leftovers\n|-damage|p1a: Blissey|77\/100 brn|[from] brn\n|upkeep\n|turn|13\n|\n|t:|1698498214\n|move|p1a: Blissey|Dazzling Gleam|p2a: Fry\n|-damage|p2a: Fry|0 fnt\n|faint|p2a: Fry\n|-damage|p1a: Blissey|67\/100 brn|[from] item: Life Orb\n|\n|-damage|p1a: Blissey|61\/100 brn|[from] brn\n|upkeep\n|\n|t:|1698498222\n|switch|p2a: Leela|Pheromosa|100\/100\n|turn|14\n|\n|t:|1698498229\n|move|p2a: Leela|High Jump Kick|p1a: Blissey\n|-supereffective|p1a: Blissey\n|-damage|p1a: Blissey|0 fnt\n|faint|p1a: Blissey\n|-ability|p2a: Leela|Beast Boost|boost\n|-boost|p2a: Leela|spe|1\n|\n|upkeep\n|\n|t:|1698498234\n|switch|p1a: Cyclizar|Cyclizar, F|50\/100\n|turn|15\n|c|\u2606Whatismyteam420|HiYaah\n|\n|t:|1698498240\n|move|p2a: Leela|U-turn|p1a: Cyclizar\n|-damage|p1a: Cyclizar|0 fnt\n|faint|p1a: Cyclizar\n|-ability|p2a: Leela|Beast Boost|boost\n|-boost|p2a: Leela|spe|1\n|\n|t:|1698498246\n|switch|p2a: Bender|Melmetal|100\/100|[from] U-turn\n|\n|upkeep\n|\n|t:|1698498249\n|switch|p1a: Dragapult|Dragapult, F|100\/100\n|turn|16\n|\n|t:|1698498256\n|move|p1a: Dragapult|Dragon Darts|p2a: Bender\n|-resisted|p2a: Bender\n|-crit|p2a: Bender\n|-damage|p2a: Bender|85\/100\n|-anim|p1a: Dragapult|Dragon Darts|p2a: Bender\n|-resisted|p2a: Bender\n|-damage|p2a: Bender|76\/100\n|move|p2a: Bender|Ice Punch|p1a: Dragapult\n|-supereffective|p1a: Dragapult\n|-damage|p1a: Dragapult|3\/100\n|\n|upkeep\n|turn|17\n|\n|t:|1698498265\n|move|p1a: Dragapult|Dragon Darts|p2a: Bender\n|-resisted|p2a: Bender\n|-crit|p2a: Bender\n|-damage|p2a: Bender|61\/100\n|-anim|p1a: Dragapult|Dragon Darts|p2a: Bender\n|-resisted|p2a: Bender\n|-damage|p2a: Bender|51\/100\n|move|p2a: Bender|Double Iron Bash|p1a: Dragapult\n|-damage|p1a: Dragapult|0 fnt\n|faint|p1a: Dragapult\n|-hitcount|p1: Dragapult|1\n|\n|win|Whatismyteam420\n|raw|typh1os1on's rating: 1000 &rarr; <strong>1000<\/strong><br \/>(+0 for losing)\n|raw|Whatismyteam420's rating: 1083 &rarr; <strong>1104<\/strong><br \/>(+21 for winning)\n|c|\u2606Whatismyteam420|bite my double iron ass\n|c|\u2606Whatismyteam420|gg\n|c|\u2606typh1os1on|gonna change rattatas blizzard to endevour now\n|c|\u2606Whatismyteam420|and make lvl 1\n|c|\u2606Whatismyteam420|and quick attack\n|c|\u2606Whatismyteam420|protect and pursuit\n","uploadtime":1698498307,"views":9,"p1id":"typh1os1on","p2id":"whatismyteam420","formatid":"gen9nationaldexubers","rating":1000,"private":0,"password":""}