{"id":"gen9nationaldexubers-1993695147","p1":"mathis2812","p2":"85792195wwww","format":"[Gen 9] National Dex Ubers","log":"|j|\u2606mathis2812\n|j|\u260685792195wwww\n|t:|1700346475\n|gametype|singles\n|player|p1|mathis2812|cynthia-gen4|1536\n|player|p2|85792195wwww|mira|1640\n|teamsize|p1|6\n|teamsize|p2|6\n|gen|9\n|tier|[Gen 9] National Dex Ubers\n|rated|\n|rule|HP Percentage Mod: HP is shown in percentages\n|rule|Endless Battle Clause: Forcing endless battles is banned\n|rule|OHKO Clause: OHKO moves are banned\n|rule|Evasion Moves Clause: Evasion moves are banned\n|rule|Evasion Items Clause: Evasion items are banned\n|rule|Species Clause: Limit one of each Pok\u00e9mon\n|rule|Sleep Clause Mod: Limit one foe put to sleep\n|rule|Mega Rayquaza Clause: You cannot mega evolve Rayquaza\n|clearpoke\n|poke|p1|Xerneas-*|\n|poke|p1|Kyogre|\n|poke|p1|Calyrex-Ice|\n|poke|p1|Ninetales-Alola, F|\n|poke|p1|Zamazenta-*|\n|poke|p1|Ho-Oh|\n|poke|p2|Xerneas-*|\n|poke|p2|Mewtwo|\n|poke|p2|Arceus|\n|poke|p2|Kyogre|\n|poke|p2|Krookodile, F|\n|poke|p2|Groudon|\n|teampreview\n|inactive|Battle timer is ON: inactive players will automatically lose when time's up. (requested by mathis2812)\n|\n|t:|1700346485\n|start\n|switch|p1a: Ninetales|Ninetales-Alola, F, shiny|100\/100\n|switch|p2a: Kyogre|Kyogre|100\/100\n|-weather|Snow|[from] ability: Snow Warning|[of] p1a: Ninetales\n|detailschange|p2a: Kyogre|Kyogre-Primal\n|-primal|p2a: Kyogre|Blue Orb\n|-weather|PrimordialSea|[from] ability: Primordial Sea|[of] p2a: Kyogre\n|turn|1\n|\n|t:|1700346500\n|switch|p1a: Kyogre|Kyogre, shiny|100\/100\n|detailschange|p1a: Kyogre|Kyogre-Primal, shiny\n|-primal|p1a: Kyogre|Blue Orb\n|move|p2a: Kyogre|Water Spout|p1a: Kyogre\n|-resisted|p1a: Kyogre\n|-damage|p1a: Kyogre|45\/100\n|\n|-weather|PrimordialSea|[upkeep]\n|upkeep\n|turn|2\n|\n|t:|1700346509\n|switch|p2a: Krookodile|Krookodile, F|100\/100\n|-ability|p2a: Krookodile|Intimidate|boost\n|-unboost|p1a: Kyogre|atk|1\n|move|p1a: Kyogre|Thunder|p2a: Krookodile\n|-immune|p2a: Krookodile\n|\n|-weather|PrimordialSea|[upkeep]\n|upkeep\n|turn|3\n|\n|t:|1700346518\n|move|p2a: Krookodile|Stealth Rock|p1a: Kyogre\n|-sidestart|p1: mathis2812|move: Stealth Rock\n|move|p1a: Kyogre|Origin Pulse|p2a: Krookodile|[miss]\n|-miss|p1a: Kyogre|p2a: Krookodile\n|\n|-weather|PrimordialSea|[upkeep]\n|upkeep\n|turn|4\n|\n|t:|1700346524\n|switch|p2a: Groudon|Groudon|100\/100\n|detailschange|p2a: Groudon|Groudon-Primal\n|-primal|p2a: Groudon|Red Orb\n|-weather|DesolateLand|[from] ability: Desolate Land|[of] p2a: Groudon\n|switch|p1a: Ho-Oh|Ho-Oh|100\/100\n|\n|-weather|DesolateLand|[upkeep]\n|upkeep\n|turn|5\n|\n|t:|1700346535\n|-weather|none\n|switch|p2a: Krookodile|Krookodile, F|100\/100\n|-ability|p2a: Krookodile|Intimidate|boost\n|-unboost|p1a: Ho-Oh|atk|1\n|move|p1a: Ho-Oh|Defog|p2a: Krookodile\n|-unboost|p2a: Krookodile|evasion|1\n|-sideend|p1: mathis2812|Stealth Rock|[from] move: Defog|[of] p1a: Ho-Oh\n|\n|upkeep\n|turn|6\n|\n|t:|1700346544\n|move|p2a: Krookodile|Stealth Rock|p1a: Ho-Oh\n|-sidestart|p1: mathis2812|move: Stealth Rock\n|move|p1a: Ho-Oh|Toxic|p2a: Krookodile\n|-status|p2a: Krookodile|tox\n|\n|-damage|p2a: Krookodile|94\/100 tox|[from] psn\n|upkeep\n|turn|7\n|\n|t:|1700346552\n|move|p2a: Krookodile|Taunt|p1a: Ho-Oh\n|-start|p1a: Ho-Oh|move: Taunt\n|cant|p1a: Ho-Oh|move: Taunt|Defog\n|\n|-damage|p2a: Krookodile|82\/100 tox|[from] psn\n|upkeep\n|turn|8\n|\n|t:|1700346560\n|switch|p2a: Kyogre|Kyogre-Primal|100\/100\n|-weather|PrimordialSea|[from] ability: Primordial Sea|[of] p2a: Kyogre\n|move|p1a: Ho-Oh|Sacred Fire||[still]\n|-fail|p1a: Ho-Oh|Sacred Fire|[from] Primordial Sea\n|\n|-weather|PrimordialSea|[upkeep]\n|upkeep\n|turn|9\n|\n|t:|1700346569\n|switch|p1a: Kyogre|Kyogre-Primal, shiny|45\/100\n|-damage|p1a: Kyogre|33\/100|[from] Stealth Rock\n|move|p2a: Kyogre|Water Spout|p1a: Kyogre\n|-resisted|p1a: Kyogre\n|-damage|p1a: Kyogre|0 fnt\n|faint|p1a: Kyogre\n|\n|-weather|PrimordialSea|[upkeep]\n|upkeep\n|\n|t:|1700346573\n|switch|p1a: Zamazenta|Zamazenta-Crowned|100\/100\n|-damage|p1a: Zamazenta|97\/100|[from] Stealth Rock\n|-ability|p1a: Zamazenta|Dauntless Shield|boost\n|-boost|p1a: Zamazenta|def|1\n|turn|10\n|\n|t:|1700346585\n|-weather|none\n|switch|p2a: Mewtwo|Mewtwo|100\/100\n|-ability|p2a: Mewtwo|Pressure\n|move|p1a: Zamazenta|Body Press|p2a: Mewtwo\n|-resisted|p2a: Mewtwo\n|-damage|p2a: Mewtwo|71\/100\n|\n|upkeep\n|turn|11\n|\n|t:|1700346595\n|move|p2a: Mewtwo|Nasty Plot|p2a: Mewtwo\n|-boost|p2a: Mewtwo|spa|2\n|move|p1a: Zamazenta|Iron Defense|p1a: Zamazenta\n|-boost|p1a: Zamazenta|def|2\n|\n|upkeep\n|turn|12\n|\n|t:|1700346602\n|move|p2a: Mewtwo|Nasty Plot|p2a: Mewtwo\n|-boost|p2a: Mewtwo|spa|2\n|move|p1a: Zamazenta|Body Press|p2a: Mewtwo\n|-resisted|p2a: Mewtwo\n|-damage|p2a: Mewtwo|17\/100\n|\n|upkeep\n|turn|13\n|\n|t:|1700346610\n|detailschange|p2a: Mewtwo|Mewtwo-Mega-Y\n|-mega|p2a: Mewtwo|Mewtwo|Mewtwonite Y\n|-terastallize|p1a: Zamazenta|Ghost\n|move|p2a: Mewtwo|Earth Power|p1a: Zamazenta\n|-damage|p1a: Zamazenta|2\/100\n|move|p1a: Zamazenta|Body Press|p2a: Mewtwo\n|-resisted|p2a: Mewtwo\n|-damage|p2a: Mewtwo|0 fnt\n|faint|p2a: Mewtwo\n|\n|upkeep\n|\n|t:|1700346626\n|switch|p2a: Xerneas|Xerneas|100\/100\n|-ability|p2a: Xerneas|Fairy Aura\n|turn|14\n|\n|t:|1700346631\n|move|p1a: Zamazenta|Behemoth Bash|p2a: Xerneas\n|-supereffective|p2a: Xerneas\n|-damage|p2a: Xerneas|33\/100\n|move|p2a: Xerneas|Geomancy||[still]\n|-prepare|p2a: Xerneas|Geomancy\n|-enditem|p2a: Xerneas|Power Herb\n|-anim|p2a: Xerneas|Geomancy|p2a: Xerneas\n|-boost|p2a: Xerneas|spa|2\n|-boost|p2a: Xerneas|spd|2\n|-boost|p2a: Xerneas|spe|2\n|\n|upkeep\n|turn|15\n|\n|t:|1700346642\n|move|p2a: Xerneas|Draining Kiss|p1a: Zamazenta\n|-damage|p1a: Zamazenta|0 fnt\n|-heal|p2a: Xerneas|34\/100|[from] drain|[of] p1a: Zamazenta\n|faint|p1a: Zamazenta\n|\n|upkeep\n|\n|t:|1700346644\n|switch|p1a: Ho-Oh|Ho-Oh|100\/100\n|turn|16\n|\n|t:|1700346650\n|move|p2a: Xerneas|Moonblast|p1a: Ho-Oh\n|-resisted|p1a: Ho-Oh\n|-damage|p1a: Ho-Oh|61\/100\n|move|p1a: Ho-Oh|Whirlwind|p2a: Xerneas\n|drag|p2a: Kyogre|Kyogre-Primal|100\/100\n|-weather|PrimordialSea|[from] ability: Primordial Sea|[of] p2a: Kyogre\n|\n|-weather|PrimordialSea|[upkeep]\n|upkeep\n|turn|17\n|\n|t:|1700346662\n|switch|p1a: Ninetales|Ninetales-Alola, F, shiny|100\/100\n|-damage|p1a: Ninetales|75\/100|[from] Stealth Rock\n|-ability|p1a: Ninetales|Snow Warning|[from] primordialsea|[fail]\n|move|p2a: Kyogre|Water Spout|p1a: Ninetales\n|-damage|p1a: Ninetales|0 fnt\n|faint|p1a: Ninetales\n|\n|-weather|PrimordialSea|[upkeep]\n|upkeep\n|\n|t:|1700346666\n|switch|p1a: Xerneas|Xerneas|100\/100\n|-damage|p1a: Xerneas|88\/100|[from] Stealth Rock\n|-ability|p1a: Xerneas|Fairy Aura\n|turn|18\n|\n|t:|1700346676\n|move|p1a: Xerneas|Geomancy||[still]\n|-prepare|p1a: Xerneas|Geomancy\n|-enditem|p1a: Xerneas|Power Herb\n|-anim|p1a: Xerneas|Geomancy|p1a: Xerneas\n|-boost|p1a: Xerneas|spa|2\n|-boost|p1a: Xerneas|spd|2\n|-boost|p1a: Xerneas|spe|2\n|move|p2a: Kyogre|Water Spout|p1a: Xerneas\n|-damage|p1a: Xerneas|14\/100\n|\n|-weather|PrimordialSea|[upkeep]\n|upkeep\n|turn|19\n|\n|t:|1700346686\n|-weather|none\n|switch|p2a: Xerneas|Xerneas|34\/100\n|-ability|p2a: Xerneas|Fairy Aura\n|move|p1a: Xerneas|Moonblast|p2a: Xerneas\n|-damage|p2a: Xerneas|0 fnt\n|faint|p2a: Xerneas\n|\n|upkeep\n|\n|t:|1700346698\n|switch|p2a: Groudon|Groudon-Primal|100\/100\n|-weather|DesolateLand|[from] ability: Desolate Land|[of] p2a: Groudon\n|turn|20\n|\n|t:|1700346703\n|move|p1a: Xerneas|Moonblast|p2a: Groudon\n|-resisted|p2a: Groudon\n|-damage|p2a: Groudon|26\/100\n|move|p2a: Groudon|Heat Crash|p1a: Xerneas\n|-damage|p1a: Xerneas|0 fnt\n|faint|p1a: Xerneas\n|\n|-weather|DesolateLand|[upkeep]\n|upkeep\n|\n|t:|1700346708\n|switch|p1a: Ho-Oh|Ho-Oh|94\/100\n|turn|21\n|\n|t:|1700346714\n|move|p2a: Groudon|Swords Dance|p2a: Groudon\n|-boost|p2a: Groudon|atk|2\n|move|p1a: Ho-Oh|Toxic|p2a: Groudon\n|-status|p2a: Groudon|tox\n|\n|-weather|DesolateLand|[upkeep]\n|-damage|p2a: Groudon|20\/100 tox|[from] psn\n|upkeep\n|turn|22\n|\n|t:|1700346722\n|move|p2a: Groudon|Heat Crash|p1a: Ho-Oh\n|-resisted|p1a: Ho-Oh\n|-damage|p1a: Ho-Oh|10\/100\n|move|p1a: Ho-Oh|Defog|p2a: Groudon\n|-unboost|p2a: Groudon|evasion|1\n|-sideend|p1: mathis2812|Stealth Rock|[from] move: Defog|[of] p1a: Ho-Oh\n|\n|-weather|DesolateLand|[upkeep]\n|-damage|p2a: Groudon|8\/100 tox|[from] psn\n|upkeep\n|turn|23\n|\n|t:|1700346733\n|move|p2a: Groudon|Heat Crash|p1a: Ho-Oh\n|-resisted|p1a: Ho-Oh\n|-damage|p1a: Ho-Oh|0 fnt\n|faint|p1a: Ho-Oh\n|\n|-weather|DesolateLand|[upkeep]\n|-damage|p2a: Groudon|0 fnt|[from] psn\n|faint|p2a: Groudon\n|-weather|none\n|upkeep\n|\n|t:|1700346742\n|switch|p2a: Kyogre|Kyogre-Primal|100\/100\n|switch|p1a: Calyrex|Calyrex-Ice|100\/100\n|-ability|p1a: Calyrex|As One\n|-ability|p1a: Calyrex|Unnerve\n|-weather|PrimordialSea|[from] ability: Primordial Sea|[of] p2a: Kyogre\n|turn|24\n|\n|t:|1700346751\n|move|p2a: Kyogre|Water Spout|p1a: Calyrex\n|-damage|p1a: Calyrex|0 fnt\n|faint|p1a: Calyrex\n|\n|win|85792195wwww\n|raw|mathis2812's rating: 1536 &rarr; <strong>1522<\/strong><br \/>(-14 for losing)\n|raw|85792195wwww's rating: 1640 &rarr; <strong>1654<\/strong><br \/>(+14 for winning)\n|l|\u2606mathis2812\n","uploadtime":1700346758,"views":6,"p1id":"mathis2812","p2id":"85792195wwww","formatid":"gen9nationaldexubers","rating":1522,"private":0,"password":""}