{"id":"gen9nationaldexubers-1989292088","p1":"noxeemajackson","p2":"GeorgiaEternatuss","format":"[Gen 9] National Dex Ubers","log":"|j|\u2606noxeemajackson\n|j|\u2606GeorgiaEternatuss\n|t:|1699832690\n|gametype|singles\n|player|p1|noxeemajackson|bellelba|1228\n|player|p2|GeorgiaEternatuss|steven|1222\n|teamsize|p1|6\n|teamsize|p2|6\n|gen|9\n|tier|[Gen 9] National Dex Ubers\n|rated|\n|rule|HP Percentage Mod: HP is shown in percentages\n|rule|Endless Battle Clause: Forcing endless battles is banned\n|rule|OHKO Clause: OHKO moves are banned\n|rule|Evasion Moves Clause: Evasion moves are banned\n|rule|Evasion Items Clause: Evasion items are banned\n|rule|Species Clause: Limit one of each Pok\u00e9mon\n|rule|Sleep Clause Mod: Limit one foe put to sleep\n|rule|Mega Rayquaza Clause: You cannot mega evolve Rayquaza\n|clearpoke\n|poke|p1|Arceus-Fairy|\n|poke|p1|Chien-Pao|\n|poke|p1|Gallade, M|\n|poke|p1|Dialga|\n|poke|p1|Kangaskhan, F|\n|poke|p1|Iron Bundle|\n|poke|p2|Xerneas-*|\n|poke|p2|Ninetales-Alola, M|\n|poke|p2|Grimmsnarl, M|\n|poke|p2|Porygon2|\n|poke|p2|Buzzwole|\n|poke|p2|Diancie|\n|teampreview\n|inactive|Battle timer is ON: inactive players will automatically lose when time's up. (requested by noxeemajackson)\n|\n|t:|1699832706\n|start\n|switch|p1a: Kangaskhan|Kangaskhan, F, shiny|100\/100\n|switch|p2a: Grimmsnarl|Grimmsnarl, M|100\/100\n|turn|1\n|\n|t:|1699832715\n|detailschange|p1a: Kangaskhan|Kangaskhan-Mega, F, shiny\n|-mega|p1a: Kangaskhan|Kangaskhan|Kangaskhanite\n|move|p1a: Kangaskhan|Fake Out|p2a: Grimmsnarl\n|-damage|p2a: Grimmsnarl|83\/100\n|-damage|p2a: Grimmsnarl|79\/100\n|-hitcount|p2a: Grimmsnarl|2\n|cant|p2a: Grimmsnarl|flinch\n|\n|upkeep\n|turn|2\n|\n|t:|1699832724\n|move|p2a: Grimmsnarl|Parting Shot|p1a: Kangaskhan\n|-unboost|p1a: Kangaskhan|atk|1\n|-unboost|p1a: Kangaskhan|spa|1\n|\n|t:|1699832733\n|switch|p2a: Buzzwole|Buzzwole|100\/100|[from] Parting Shot\n|move|p1a: Kangaskhan|Seismic Toss|p2a: Buzzwole\n|-damage|p2a: Buzzwole|77\/100\n|-damage|p1a: Kangaskhan|84\/100|[from] item: Rocky Helmet|[of] p2a: Buzzwole\n|-damage|p2a: Buzzwole|53\/100\n|-damage|p1a: Kangaskhan|67\/100|[from] item: Rocky Helmet|[of] p2a: Buzzwole\n|-hitcount|p2a: Buzzwole|2\n|\n|upkeep\n|turn|3\n|\n|t:|1699832751\n|switch|p1a: Gallade|Gallade, M, shiny|100\/100\n|move|p2a: Buzzwole|Roost|p2a: Buzzwole\n|-heal|p2a: Buzzwole|100\/100\n|-singleturn|p2a: Buzzwole|move: Roost\n|\n|upkeep\n|turn|4\n|\n|t:|1699832763\n|move|p1a: Gallade|Psycho Cut|p2a: Buzzwole\n|-supereffective|p2a: Buzzwole\n|-damage|p2a: Buzzwole|38\/100\n|-damage|p1a: Gallade|91\/100|[from] item: Life Orb\n|move|p2a: Buzzwole|Toxic|p1a: Gallade\n|-status|p1a: Gallade|tox\n|\n|-damage|p1a: Gallade|85\/100 tox|[from] psn\n|upkeep\n|turn|5\n|\n|t:|1699832778\n|switch|p2a: Porygon2|Porygon2|100\/100\n|-ability|p2a: Porygon2|Sharpness|[from] ability: Trace|[of] p1a: Gallade\n|move|p1a: Gallade|Leaf Blade|p2a: Porygon2\n|-damage|p2a: Porygon2|62\/100\n|-damage|p1a: Gallade|75\/100 tox|[from] item: Life Orb\n|\n|-damage|p1a: Gallade|63\/100 tox|[from] psn\n|upkeep\n|turn|6\n|\n|t:|1699832791\n|move|p1a: Gallade|Sacred Sword|p2a: Porygon2\n|-supereffective|p2a: Porygon2\n|-damage|p2a: Porygon2|0 fnt\n|faint|p2a: Porygon2\n|-damage|p1a: Gallade|53\/100 tox|[from] item: Life Orb\n|\n|-damage|p1a: Gallade|35\/100 tox|[from] psn\n|upkeep\n|\n|t:|1699832800\n|switch|p2a: Ninetales|Ninetales-Alola, M|100\/100\n|-weather|Snow|[from] ability: Snow Warning|[of] p2a: Ninetales\n|turn|7\n|\n|t:|1699832810\n|switch|p1a: Arceus|Arceus-Fairy, shiny|100\/100\n|move|p2a: Ninetales|Aurora Veil|p2a: Ninetales\n|-sidestart|p2: GeorgiaEternatuss|move: Aurora Veil\n|\n|-weather|Snow|[upkeep]\n|upkeep\n|turn|8\n|\n|t:|1699832818\n|move|p2a: Ninetales|Moonblast|p1a: Arceus\n|-damage|p1a: Arceus|88\/100\n|move|p1a: Arceus|Toxic|p2a: Ninetales\n|-status|p2a: Ninetales|tox\n|\n|-weather|Snow|[upkeep]\n|-damage|p2a: Ninetales|94\/100 tox|[from] psn\n|upkeep\n|turn|9\n|\n|t:|1699832835\n|move|p2a: Ninetales|Freeze-Dry|p1a: Arceus\n|-damage|p1a: Arceus|78\/100\n|move|p1a: Arceus|Calm Mind|p1a: Arceus\n|-boost|p1a: Arceus|spa|1\n|-boost|p1a: Arceus|spd|1\n|\n|-weather|Snow|[upkeep]\n|-damage|p2a: Ninetales|82\/100 tox|[from] psn\n|upkeep\n|turn|10\n|\n|t:|1699832844\n|move|p2a: Ninetales|Encore|p1a: Arceus\n|-start|p1a: Arceus|Encore\n|move|p1a: Arceus|Calm Mind|p1a: Arceus\n|-boost|p1a: Arceus|spa|1\n|-boost|p1a: Arceus|spd|1\n|\n|-weather|Snow|[upkeep]\n|-damage|p2a: Ninetales|64\/100 tox|[from] psn\n|upkeep\n|turn|11\n|\n|t:|1699832855\n|switch|p2a: Diancie|Diancie|100\/100\n|move|p1a: Arceus|Calm Mind|p1a: Arceus\n|-boost|p1a: Arceus|spa|1\n|-boost|p1a: Arceus|spd|1\n|\n|-weather|none\n|upkeep\n|turn|12\n|\n|t:|1699832864\n|switch|p1a: Dialga|Dialga, shiny|100\/100\n|-ability|p1a: Dialga|Pressure\n|detailschange|p2a: Diancie|Diancie-Mega\n|-mega|p2a: Diancie|Diancie|Diancite\n|move|p2a: Diancie|Diamond Storm|p1a: Dialga\n|-resisted|p1a: Dialga\n|-damage|p1a: Dialga|85\/100\n|\n|-heal|p1a: Dialga|91\/100|[from] item: Leftovers\n|upkeep\n|turn|13\n|\n|t:|1699832886\n|switch|p1a: Arceus|Arceus-Fairy, shiny|78\/100\n|move|p2a: Diancie|Mystical Fire|p1a: Arceus\n|-damage|p1a: Arceus|64\/100\n|-unboost|p1a: Arceus|spa|1\n|\n|upkeep\n|turn|14\n|\n|t:|1699832895\n|move|p2a: Diancie|Diamond Storm|p1a: Arceus\n|-damage|p1a: Arceus|32\/100\n|move|p1a: Arceus|Recover|p1a: Arceus\n|-heal|p1a: Arceus|82\/100\n|\n|-sideend|p2: GeorgiaEternatuss|move: Aurora Veil\n|upkeep\n|turn|15\n|\n|t:|1699832903\n|move|p2a: Diancie|Diamond Storm|p1a: Arceus\n|-damage|p1a: Arceus|44\/100\n|-boost|p2a: Diancie|def|2\n|move|p1a: Arceus|Judgment|p2a: Diancie\n|-damage|p2a: Diancie|60\/100\n|\n|upkeep\n|turn|16\n|\n|t:|1699832911\n|move|p2a: Diancie|Diamond Storm|p1a: Arceus\n|-crit|p1a: Arceus\n|-damage|p1a: Arceus|0 fnt\n|-boost|p2a: Diancie|def|2\n|faint|p1a: Arceus\n|\n|upkeep\n|\n|t:|1699832919\n|switch|p1a: Iron Bundle|Iron Bundle|100\/100\n|-enditem|p1a: Iron Bundle|Booster Energy\n|-activate|p1a: Iron Bundle|ability: Quark Drive|[fromitem]\n|-start|p1a: Iron Bundle|quarkdrivespe\n|turn|17\n|\n|t:|1699832926\n|move|p1a: Iron Bundle|Hydro Pump|p2a: Diancie|[miss]\n|-miss|p1a: Iron Bundle|p2a: Diancie\n|move|p2a: Diancie|Diamond Storm|p1a: Iron Bundle\n|-supereffective|p1a: Iron Bundle\n|-damage|p1a: Iron Bundle|0 fnt\n|-boost|p2a: Diancie|def|2\n|faint|p1a: Iron Bundle\n|-end|p1a: Iron Bundle|Quark Drive|[silent]\n|\n|upkeep\n|c|\u2606noxeemajackson|oh no\n|-message|noxeemajackson forfeited.\n|\n|win|GeorgiaEternatuss\n|raw|noxeemajackson's rating: 1228 &rarr; <strong>1203<\/strong><br \/>(-25 for losing)\n|raw|GeorgiaEternatuss's rating: 1222 &rarr; <strong>1247<\/strong><br \/>(+25 for winning)\n|l|\u2606noxeemajackson\n","uploadtime":1699832939,"views":8,"p1id":"noxeemajackson","p2id":"georgiaeternatuss","formatid":"gen9nationaldexubers","rating":1203,"private":0,"password":""}