{"id":"gen9nationaldexubers-1982097218","p1":"SpareRib24","p2":"schiroj11","format":"[Gen 9] National Dex Ubers","log":"|j|\u2606SpareRib24\n|j|\u2606schiroj11\n|t:|1698967544\n|gametype|singles\n|player|p1|SpareRib24|2|\n|player|p2|schiroj11|265|\n|teamsize|p1|6\n|teamsize|p2|6\n|gen|9\n|tier|[Gen 9] National Dex Ubers\n|rule|HP Percentage Mod: HP is shown in percentages\n|rule|Endless Battle Clause: Forcing endless battles is banned\n|rule|OHKO Clause: OHKO moves are banned\n|rule|Evasion Moves Clause: Evasion moves are banned\n|rule|Evasion Items Clause: Evasion items are banned\n|rule|Species Clause: Limit one of each Pok\u00e9mon\n|rule|Sleep Clause Mod: Limit one foe put to sleep\n|rule|Mega Rayquaza Clause: You cannot mega evolve Rayquaza\n|clearpoke\n|poke|p1|Gardevoir, M|\n|poke|p1|Rotom-Wash|\n|poke|p1|Nihilego|\n|poke|p1|Nidoking, M|\n|poke|p1|Gliscor, M|\n|poke|p1|Celesteela|\n|poke|p2|Dragapult, F|\n|poke|p2|Scizor, F|\n|poke|p2|Iron Hands|\n|poke|p2|Skeledirge, F|\n|poke|p2|Mew|\n|poke|p2|Togekiss, F|\n|teampreview\n|j| mattlap31\n|l|\u2606SpareRib24\n|player|p1|\n|j|\u2606SpareRib24\n|player|p1|SpareRib24|2\n|\n|t:|1698967583\n|start\n|switch|p1a: Nidoking|Nidoking, M|100\/100\n|switch|p2a: Skeledirge|Skeledirge, F|100\/100\n|turn|1\n|\n|t:|1698967632\n|switch|p2a: Mew|Mew|100\/100\n|move|p1a: Nidoking|Earth Power|p2a: Mew\n|-damage|p2a: Mew|69\/100\n|\n|-heal|p2a: Mew|76\/100|[from] item: Leftovers\n|upkeep\n|turn|2\n|j| Matts Mommy\n|\n|t:|1698967673\n|switch|p1a: Celesteela|Celesteela|100\/100\n|move|p2a: Mew|Roost|p2a: Mew\n|-heal|p2a: Mew|100\/100\n|-singleturn|p2a: Mew|move: Roost\n|\n|upkeep\n|turn|3\n|\n|t:|1698967690\n|move|p2a: Mew|Stealth Rock|p1a: Celesteela\n|-sidestart|p1: SpareRib24|move: Stealth Rock\n|move|p1a: Celesteela|Autotomize|p1a: Celesteela\n|-boost|p1a: Celesteela|spe|2\n|-start|p1a: Celesteela|Autotomize\n|\n|upkeep\n|turn|4\n|\n|t:|1698967698\n|switch|p2a: Skeledirge|Skeledirge, F|100\/100\n|move|p1a: Celesteela|Meteor Beam||[still]\n|-prepare|p1a: Celesteela|Meteor Beam\n|-boost|p1a: Celesteela|spa|1\n|-enditem|p1a: Celesteela|Power Herb\n|-anim|p1a: Celesteela|Meteor Beam|p2a: Skeledirge|[miss]\n|-miss|p1a: Celesteela|p2a: Skeledirge\n|\n|upkeep\n|turn|5\n|\n|t:|1698967801\n|switch|p1a: Rotom|Rotom-Wash|100\/100\n|-damage|p1a: Rotom|88\/100|[from] Stealth Rock\n|move|p2a: Skeledirge|Torch Song|p1a: Rotom\n|-resisted|p1a: Rotom\n|-damage|p1a: Rotom|73\/100\n|-boost|p2a: Skeledirge|spa|1\n|\n|upkeep\n|turn|6\n|\n|t:|1698967832\n|switch|p2a: Mew|Mew|100\/100\n|move|p1a: Rotom|Volt Switch|p2a: Mew\n|-damage|p2a: Mew|83\/100\n|\n|t:|1698967845\n|switch|p1a: Gardevoir|Gardevoir, M|100\/100|[from] Volt Switch\n|-damage|p1a: Gardevoir|88\/100|[from] Stealth Rock\n|\n|-heal|p2a: Mew|89\/100|[from] item: Leftovers\n|upkeep\n|turn|7\n|\n|t:|1698967858\n|switch|p2a: Scizor|Scizor, F|100\/100\n|detailschange|p1a: Gardevoir|Gardevoir-Mega, M\n|-mega|p1a: Gardevoir|Gardevoir|Gardevoirite\n|move|p1a: Gardevoir|Hyper Voice|p2a: Scizor\n|-resisted|p2a: Scizor\n|-damage|p2a: Scizor|48\/100\n|\n|upkeep\n|turn|8\n|l| Matts Mommy\n|j| quebecquagsires\n|\n|t:|1698967919\n|switch|p1a: Celesteela|Celesteela|100\/100\n|-damage|p1a: Celesteela|88\/100|[from] Stealth Rock\n|detailschange|p2a: Scizor|Scizor-Mega, F\n|-mega|p2a: Scizor|Scizor|Scizorite\n|move|p2a: Scizor|Bullet Punch|p1a: Celesteela\n|-resisted|p1a: Celesteela\n|-damage|p1a: Celesteela|70\/100\n|\n|upkeep\n|turn|9\n|c| quebecquagsires|celesteela debut\n|\n|t:|1698967935\n|move|p1a: Celesteela|Meteor Beam||[still]\n|-prepare|p1a: Celesteela|Meteor Beam\n|-boost|p1a: Celesteela|spa|1\n|move|p2a: Scizor|Roost|p2a: Scizor\n|-heal|p2a: Scizor|98\/100\n|-singleturn|p2a: Scizor|move: Roost\n|\n|upkeep\n|turn|10\n|\n|t:|1698967946\n|move|p1a: Celesteela|Meteor Beam|p2a: Scizor|[from]lockedmove\n|-damage|p2a: Scizor|27\/100\n|move|p2a: Scizor|Swords Dance|p2a: Scizor\n|-boost|p2a: Scizor|atk|2\n|\n|upkeep\n|turn|11\n|c| quebecquagsires|OFFENSIVE CELESTEELA!!\n|\n|t:|1698967967\n|switch|p2a: Skeledirge|Skeledirge, F|100\/100\n|move|p1a: Celesteela|Fire Blast|p2a: Skeledirge\n|-resisted|p2a: Skeledirge\n|-damage|p2a: Skeledirge|82\/100\n|\n|upkeep\n|turn|12\n|c| quebecquagsires|schiuma has deployed the kitchen sink\n|l| quebecquagsires\n|j| quebecquagsires\n|\n|t:|1698968002\n|switch|p1a: Rotom|Rotom-Wash|73\/100\n|-damage|p1a: Rotom|60\/100|[from] Stealth Rock\n|move|p2a: Skeledirge|Will-O-Wisp|p1a: Rotom\n|-status|p1a: Rotom|brn\n|\n|-damage|p1a: Rotom|54\/100 brn|[from] brn\n|upkeep\n|turn|13\n|l| quebecquagsires\n|j| quebecquagsires\n|\n|t:|1698968035\n|switch|p2a: Dragapult|Dragapult, F|100\/100\n|move|p1a: Rotom|Will-O-Wisp|p2a: Dragapult\n|-status|p2a: Dragapult|brn\n|\n|-damage|p2a: Dragapult|95\/100 brn|[from] brn\n|-damage|p1a: Rotom|48\/100 brn|[from] brn\n|upkeep\n|turn|14\n|\n|t:|1698968072\n|switch|p1a: Gliscor|Gliscor, M|100\/100\n|-damage|p1a: Gliscor|88\/100|[from] Stealth Rock\n|move|p2a: Dragapult|Shadow Ball|p1a: Gliscor\n|-damage|p1a: Gliscor|59\/100\n|\n|-damage|p2a: Dragapult|89\/100 brn|[from] brn\n|-status|p1a: Gliscor|tox|[from] item: Toxic Orb\n|upkeep\n|turn|15\n|\n|t:|1698968090\n|move|p2a: Dragapult|Shadow Ball|p1a: Gliscor\n|-damage|p1a: Gliscor|29\/100 tox\n|move|p1a: Gliscor|Roost|p1a: Gliscor\n|-heal|p1a: Gliscor|79\/100 tox\n|-singleturn|p1a: Gliscor|move: Roost\n|\n|-heal|p1a: Gliscor|91\/100 tox|[from] ability: Poison Heal\n|-damage|p2a: Dragapult|83\/100 brn|[from] brn\n|upkeep\n|turn|16\n|\n|t:|1698968107\n|switch|p2a: Togekiss|Togekiss, F|100\/100\n|move|p1a: Gliscor|Swords Dance|p1a: Gliscor\n|-boost|p1a: Gliscor|atk|2\n|\n|-heal|p1a: Gliscor|100\/100 tox|[from] ability: Poison Heal\n|upkeep\n|turn|17\n|\n|t:|1698968129\n|-terastallize|p1a: Gliscor|Fairy\n|move|p2a: Togekiss|Hidden Power|p1a: Gliscor\n|-damage|p1a: Gliscor|86\/100 tox\n|move|p1a: Gliscor|Swords Dance|p1a: Gliscor\n|-boost|p1a: Gliscor|atk|2\n|\n|-heal|p1a: Gliscor|99\/100 tox|[from] ability: Poison Heal\n|upkeep\n|turn|18\n|c| quebecquagsires|THIS IS WHY WE PLAY!!\n|\n|t:|1698968148\n|move|p2a: Togekiss|Air Slash|p1a: Gliscor\n|-damage|p1a: Gliscor|72\/100 tox\n|cant|p1a: Gliscor|flinch\n|\n|-heal|p1a: Gliscor|84\/100 tox|[from] ability: Poison Heal\n|upkeep\n|turn|19\n|\n|t:|1698968164\n|switch|p2a: Skeledirge|Skeledirge, F|82\/100\n|move|p1a: Gliscor|Earthquake|p2a: Skeledirge\n|-supereffective|p2a: Skeledirge\n|-damage|p2a: Skeledirge|45\/100\n|\n|-heal|p1a: Gliscor|97\/100 tox|[from] ability: Poison Heal\n|upkeep\n|turn|20\n|\n|t:|1698968173\n|move|p1a: Gliscor|Swords Dance|p1a: Gliscor\n|-boost|p1a: Gliscor|atk|2\n|move|p2a: Skeledirge|Slack Off|p2a: Skeledirge\n|-heal|p2a: Skeledirge|95\/100\n|\n|-heal|p1a: Gliscor|100\/100 tox|[from] ability: Poison Heal\n|upkeep\n|turn|21\n|\n|t:|1698968181\n|move|p1a: Gliscor|Earthquake|p2a: Skeledirge\n|-supereffective|p2a: Skeledirge\n|-damage|p2a: Skeledirge|56\/100\n|move|p2a: Skeledirge|Torch Song|p1a: Gliscor\n|-damage|p1a: Gliscor|73\/100 tox\n|-boost|p2a: Skeledirge|spa|1\n|\n|-heal|p1a: Gliscor|86\/100 tox|[from] ability: Poison Heal\n|upkeep\n|turn|22\n|\n|t:|1698968191\n|move|p1a: Gliscor|Earthquake|p2a: Skeledirge\n|-supereffective|p2a: Skeledirge\n|-damage|p2a: Skeledirge|19\/100\n|move|p2a: Skeledirge|Slack Off|p2a: Skeledirge\n|-heal|p2a: Skeledirge|69\/100\n|\n|-heal|p1a: Gliscor|98\/100 tox|[from] ability: Poison Heal\n|upkeep\n|turn|23\n|\n|t:|1698968201\n|move|p1a: Gliscor|Earthquake|p2a: Skeledirge\n|-supereffective|p2a: Skeledirge\n|-damage|p2a: Skeledirge|33\/100\n|move|p2a: Skeledirge|Torch Song|p1a: Gliscor\n|-damage|p1a: Gliscor|62\/100 tox\n|-boost|p2a: Skeledirge|spa|1\n|\n|-heal|p1a: Gliscor|74\/100 tox|[from] ability: Poison Heal\n|upkeep\n|turn|24\n|\n|t:|1698968211\n|switch|p2a: Togekiss|Togekiss, F|100\/100\n|move|p1a: Gliscor|Earthquake|p2a: Togekiss\n|-immune|p2a: Togekiss\n|\n|-heal|p1a: Gliscor|87\/100 tox|[from] ability: Poison Heal\n|upkeep\n|turn|25\n|\n|t:|1698968239\n|switch|p2a: Mew|Mew|89\/100\n|move|p1a: Gliscor|Facade|p2a: Mew\n|-damage|p2a: Mew|0 fnt\n|faint|p2a: Mew\n|\n|-heal|p1a: Gliscor|99\/100 tox|[from] ability: Poison Heal\n|upkeep\n|\n|t:|1698968248\n|switch|p2a: Scizor|Scizor-Mega, F|27\/100\n|turn|26\n|\n|t:|1698968291\n|move|p2a: Scizor|Bullet Punch|p1a: Gliscor\n|-supereffective|p1a: Gliscor\n|-damage|p1a: Gliscor|46\/100 tox\n|move|p1a: Gliscor|Earthquake|p2a: Scizor\n|-damage|p2a: Scizor|0 fnt\n|faint|p2a: Scizor\n|\n|-heal|p1a: Gliscor|58\/100 tox|[from] ability: Poison Heal\n|upkeep\n|\n|t:|1698968307\n|switch|p2a: Togekiss|Togekiss, F|100\/100\n|turn|27\n|\n|t:|1698968311\n|move|p2a: Togekiss|Air Slash|p1a: Gliscor\n|-damage|p1a: Gliscor|31\/100 tox\n|cant|p1a: Gliscor|flinch\n|\n|-heal|p1a: Gliscor|43\/100 tox|[from] ability: Poison Heal\n|upkeep\n|turn|28\n|\n|t:|1698968318\n|move|p2a: Togekiss|Air Slash|p1a: Gliscor\n|-damage|p1a: Gliscor|17\/100 tox\n|cant|p1a: Gliscor|flinch\n|\n|-heal|p1a: Gliscor|29\/100 tox|[from] ability: Poison Heal\n|upkeep\n|turn|29\n|\n|t:|1698968325\n|move|p2a: Togekiss|Air Slash|p1a: Gliscor|[miss]\n|-miss|p2a: Togekiss|p1a: Gliscor\n|move|p1a: Gliscor|Roost|p1a: Gliscor\n|-heal|p1a: Gliscor|79\/100 tox\n|\n|-heal|p1a: Gliscor|92\/100 tox|[from] ability: Poison Heal\n|upkeep\n|turn|30\n|c| quebecquagsires|so cruel\n|\n|t:|1698968333\n|move|p2a: Togekiss|Air Slash|p1a: Gliscor\n|-damage|p1a: Gliscor|64\/100 tox\n|move|p1a: Gliscor|Facade|p2a: Togekiss\n|-damage|p2a: Togekiss|0 fnt\n|faint|p2a: Togekiss\n|\n|-heal|p1a: Gliscor|77\/100 tox|[from] ability: Poison Heal\n|upkeep\n|\n|t:|1698968343\n|switch|p2a: Skeledirge|Skeledirge, F|33\/100\n|turn|31\n|\n|t:|1698968347\n|move|p1a: Gliscor|Earthquake|p2a: Skeledirge\n|-supereffective|p2a: Skeledirge\n|-damage|p2a: Skeledirge|0 fnt\n|faint|p2a: Skeledirge\n|\n|-heal|p1a: Gliscor|89\/100 tox|[from] ability: Poison Heal\n|upkeep\n|\n|t:|1698968357\n|switch|p2a: Iron Hands|Iron Hands|100\/100\n|turn|32\n|\n|t:|1698968363\n|move|p2a: Iron Hands|Fake Out|p1a: Gliscor\n|-damage|p1a: Gliscor|77\/100 tox\n|cant|p1a: Gliscor|flinch\n|\n|-heal|p1a: Gliscor|89\/100 tox|[from] ability: Poison Heal\n|upkeep\n|turn|33\n|\n|t:|1698968370\n|move|p1a: Gliscor|Earthquake|p2a: Iron Hands\n|-supereffective|p2a: Iron Hands\n|-damage|p2a: Iron Hands|0 fnt\n|faint|p2a: Iron Hands\n|-end|p2a: Iron Hands|Quark Drive|[silent]\n|\n|-heal|p1a: Gliscor|100\/100 tox|[from] ability: Poison Heal\n|upkeep\n|\n|t:|1698968372\n|switch|p2a: Dragapult|Dragapult, F|83\/100 brn\n|turn|34\n|\n|t:|1698968380\n|move|p2a: Dragapult|Draco Meteor|p1a: Gliscor\n|-immune|p1a: Gliscor\n|move|p1a: Gliscor|Earthquake|p2a: Dragapult\n|-damage|p2a: Dragapult|0 fnt\n|faint|p2a: Dragapult\n|\n|win|SpareRib24\n","uploadtime":1698968386,"views":12,"p1id":"sparerib24","p2id":"schiroj11","formatid":"gen9nationaldexubers","rating":0,"private":0,"password":""}