{"id":"gen9nationaldexubers-1986599857","p1":"FoxasBat","p2":"HeirEhm","format":"[Gen 9] National Dex Ubers","log":"|j|\u2606FoxasBat\n|j|\u2606HeirEhm\n|t:|1699496432\n|gametype|singles\n|player|p1|FoxasBat|169|\n|player|p2|HeirEhm|cynthia-gen7|\n|teamsize|p1|6\n|teamsize|p2|6\n|gen|9\n|tier|[Gen 9] National Dex Ubers\n|rule|HP Percentage Mod: HP is shown in percentages\n|rule|Endless Battle Clause: Forcing endless battles is banned\n|rule|OHKO Clause: OHKO moves are banned\n|rule|Evasion Moves Clause: Evasion moves are banned\n|rule|Evasion Items Clause: Evasion items are banned\n|rule|Species Clause: Limit one of each Pok\u00e9mon\n|rule|Sleep Clause Mod: Limit one foe put to sleep\n|rule|Mega Rayquaza Clause: You cannot mega evolve Rayquaza\n|clearpoke\n|poke|p1|Clodsire, M|\n|poke|p1|Roaring Moon|\n|poke|p1|Armarouge, M|\n|poke|p1|Decidueye, F|\n|poke|p1|Sliggoo-Hisui, F|\n|poke|p1|Dunsparce, F|\n|poke|p2|Garganacl, F|\n|poke|p2|Ceruledge, F|\n|poke|p2|Klefki, F|\n|poke|p2|Electrode-Hisui|\n|poke|p2|Zangoose, M|\n|poke|p2|Murkrow, F|\n|teampreview\n|\n|t:|1699496449\n|start\n|switch|p1a: Clodsire|Clodsire, M|100\/100\n|switch|p2a: Jingle Jingle|Klefki, F|100\/100\n|turn|1\n|\n|t:|1699496464\n|move|p2a: Jingle Jingle|Reflect|p2a: Jingle Jingle\n|-sidestart|p2: HeirEhm|Reflect\n|move|p1a: Clodsire|Stealth Rock|p2a: Jingle Jingle\n|-sidestart|p2: HeirEhm|move: Stealth Rock\n|\n|upkeep\n|turn|2\n|\n|t:|1699496468\n|move|p2a: Jingle Jingle|Light Screen|p2a: Jingle Jingle\n|-sidestart|p2: HeirEhm|move: Light Screen\n|move|p1a: Clodsire|Earthquake|p2a: Jingle Jingle\n|-supereffective|p2a: Jingle Jingle\n|-damage|p2a: Jingle Jingle|78\/100\n|\n|upkeep\n|turn|3\n|\n|t:|1699496489\n|switch|p2a: Zangoose|Zangoose, M|100\/100\n|-damage|p2a: Zangoose|88\/100|[from] Stealth Rock\n|move|p1a: Clodsire|Toxic|p2a: Zangoose\n|-status|p2a: Zangoose|tox\n|\n|-damage|p2a: Zangoose|82\/100 tox|[from] psn\n|upkeep\n|turn|4\n|\n|t:|1699496504\n|move|p2a: Zangoose|Swords Dance|p2a: Zangoose\n|-boost|p2a: Zangoose|atk|2\n|move|p1a: Clodsire|Earthquake|p2a: Zangoose\n|-damage|p2a: Zangoose|60\/100 tox\n|\n|-damage|p2a: Zangoose|48\/100 tox|[from] psn\n|upkeep\n|turn|5\n|\n|t:|1699496514\n|move|p2a: Zangoose|Knock Off|p1a: Clodsire\n|-damage|p1a: Clodsire|54\/100\n|-enditem|p1a: Clodsire|Leftovers|[from] move: Knock Off|[of] p2a: Zangoose\n|move|p1a: Clodsire|Earthquake|p2a: Zangoose\n|-damage|p2a: Zangoose|21\/100 tox\n|\n|-damage|p2a: Zangoose|4\/100 tox|[from] psn\n|upkeep\n|turn|6\n|\n|t:|1699496524\n|move|p2a: Zangoose|Facade|p1a: Clodsire\n|-damage|p1a: Clodsire|0 fnt\n|faint|p1a: Clodsire\n|\n|-damage|p2a: Zangoose|0 fnt|[from] psn\n|faint|p2a: Zangoose\n|upkeep\n|\n|t:|1699496541\n|switch|p2a: Murkrow|Murkrow, F|100\/100\n|switch|p1a: Sliggoo|Sliggoo-Hisui, F|100\/100\n|-damage|p2a: Murkrow|76\/100|[from] Stealth Rock\n|turn|7\n|\n|t:|1699496548\n|move|p2a: Murkrow|Defog|p1a: Sliggoo\n|-unboost|p1a: Sliggoo|evasion|1\n|-sideend|p2: HeirEhm|Stealth Rock|[from] move: Defog|[of] p2a: Murkrow\n|move|p1a: Sliggoo|Ice Beam|p2a: Murkrow\n|-supereffective|p2a: Murkrow\n|-crit|p2a: Murkrow\n|-damage|p2a: Murkrow|0 fnt\n|faint|p2a: Murkrow\n|\n|upkeep\n|\n|t:|1699496556\n|switch|p2a: SWORDSFORHANDS|Ceruledge, F|100\/100\n|turn|8\n|\n|t:|1699496567\n|-terastallize|p1a: Sliggoo|Water\n|move|p2a: SWORDSFORHANDS|Bulk Up|p2a: SWORDSFORHANDS\n|-boost|p2a: SWORDSFORHANDS|atk|1\n|-boost|p2a: SWORDSFORHANDS|def|1\n|move|p1a: Sliggoo|Dragon Pulse|p2a: SWORDSFORHANDS\n|-damage|p2a: SWORDSFORHANDS|81\/100\n|\n|-sideend|p2: HeirEhm|Reflect\n|upkeep\n|turn|9\n|\n|t:|1699496582\n|move|p2a: SWORDSFORHANDS|Bitter Blade|p1a: Sliggoo\n|-resisted|p1a: Sliggoo\n|-damage|p1a: Sliggoo|71\/100\n|-heal|p2a: SWORDSFORHANDS|97\/100|[from] drain|[of] p1a: Sliggoo\n|move|p1a: Sliggoo|Acid Spray|p2a: SWORDSFORHANDS\n|-resisted|p2a: SWORDSFORHANDS\n|-damage|p2a: SWORDSFORHANDS|94\/100\n|-unboost|p2a: SWORDSFORHANDS|spd|2\n|\n|-sideend|p2: HeirEhm|move: Light Screen\n|upkeep\n|turn|10\n|\n|t:|1699496596\n|move|p2a: SWORDSFORHANDS|Brick Break|p1a: Sliggoo\n|-damage|p1a: Sliggoo|41\/100\n|move|p1a: Sliggoo|Dragon Pulse|p2a: SWORDSFORHANDS\n|-damage|p2a: SWORDSFORHANDS|22\/100\n|\n|upkeep\n|turn|11\n|\n|t:|1699496606\n|switch|p2a: Jingle Jingle|Klefki, F|78\/100\n|move|p1a: Sliggoo|Dragon Pulse|p2a: Jingle Jingle\n|-immune|p2a: Jingle Jingle\n|\n|upkeep\n|turn|12\n|\n|t:|1699496614\n|move|p2a: Jingle Jingle|Light Screen|p2a: Jingle Jingle\n|-sidestart|p2: HeirEhm|move: Light Screen\n|move|p1a: Sliggoo|Ice Beam|p2a: Jingle Jingle\n|-resisted|p2a: Jingle Jingle\n|-damage|p2a: Jingle Jingle|71\/100\n|\n|upkeep\n|turn|13\n|\n|t:|1699496621\n|move|p2a: Jingle Jingle|Reflect|p2a: Jingle Jingle\n|-sidestart|p2: HeirEhm|Reflect\n|move|p1a: Sliggoo|Ice Beam|p2a: Jingle Jingle\n|-resisted|p2a: Jingle Jingle\n|-damage|p2a: Jingle Jingle|64\/100\n|-status|p2a: Jingle Jingle|frz\n|\n|upkeep\n|turn|14\n|\n|t:|1699496630\n|cant|p2a: Jingle Jingle|frz\n|move|p1a: Sliggoo|Flash Cannon|p2a: Jingle Jingle\n|-damage|p2a: Jingle Jingle|45\/100 frz\n|\n|upkeep\n|turn|15\n|\n|t:|1699496635\n|cant|p2a: Jingle Jingle|frz\n|move|p1a: Sliggoo|Flash Cannon|p2a: Jingle Jingle\n|-damage|p2a: Jingle Jingle|28\/100 frz\n|\n|upkeep\n|turn|16\n|\n|t:|1699496639\n|cant|p2a: Jingle Jingle|frz\n|move|p1a: Sliggoo|Flash Cannon|p2a: Jingle Jingle\n|-damage|p2a: Jingle Jingle|9\/100 frz\n|\n|upkeep\n|turn|17\n|\n|t:|1699496644\n|cant|p2a: Jingle Jingle|frz\n|move|p1a: Sliggoo|Flash Cannon|p2a: Jingle Jingle\n|-damage|p2a: Jingle Jingle|0 fnt\n|faint|p2a: Jingle Jingle\n|\n|upkeep\n|\n|t:|1699496649\n|switch|p2a: Electrode|Electrode-Hisui|100\/100\n|turn|18\n|\n|t:|1699496656\n|move|p2a: Electrode|Thunderbolt|p1a: Sliggoo\n|-supereffective|p1a: Sliggoo\n|-damage|p1a: Sliggoo|0 fnt\n|faint|p1a: Sliggoo\n|-damage|p2a: Electrode|91\/100|[from] item: Life Orb\n|\n|upkeep\n|\n|t:|1699496692\n|switch|p1a: Armarouge|Armarouge, M|100\/100\n|turn|19\n|\n|t:|1699496708\n|move|p2a: Electrode|Thunderbolt|p1a: Armarouge\n|-crit|p1a: Armarouge\n|-damage|p1a: Armarouge|11\/100\n|-damage|p2a: Electrode|81\/100|[from] item: Life Orb\n|move|p1a: Armarouge|Calm Mind|p1a: Armarouge\n|-boost|p1a: Armarouge|spa|1\n|-boost|p1a: Armarouge|spd|1\n|\n|-sideend|p2: HeirEhm|move: Light Screen\n|upkeep\n|turn|20\n|\n|t:|1699496729\n|move|p2a: Electrode|Thunderbolt|p1a: Armarouge\n|-damage|p1a: Armarouge|0 fnt\n|faint|p1a: Armarouge\n|-damage|p2a: Electrode|71\/100|[from] item: Life Orb\n|\n|-sideend|p2: HeirEhm|Reflect\n|upkeep\n|\n|t:|1699496742\n|switch|p1a: Decidueye|Decidueye, F|100\/100\n|turn|21\n|\n|t:|1699496748\n|-terastallize|p2a: Electrode|Ice\n|move|p2a: Electrode|Tera Blast|p1a: Decidueye|[anim] Tera Blast Ice\n|-supereffective|p1a: Decidueye\n|-damage|p1a: Decidueye|22\/100\n|-damage|p2a: Electrode|61\/100|[from] item: Life Orb\n|move|p1a: Decidueye|Spirit Shackle|p2a: Electrode\n|-damage|p2a: Electrode|13\/100\n|-activate|p2a: Electrode|trapped\n|\n|upkeep\n|turn|22\n|\n|t:|1699496762\n|move|p2a: Electrode|Tera Blast|p1a: Decidueye|[anim] Tera Blast Ice\n|-supereffective|p1a: Decidueye\n|-damage|p1a: Decidueye|0 fnt\n|faint|p1a: Decidueye\n|-damage|p2a: Electrode|3\/100|[from] item: Life Orb\n|\n|upkeep\n|\n|t:|1699496770\n|switch|p1a: Dunsparce|Dunsparce, F|100\/100\n|turn|23\n|\n|t:|1699496780\n|switch|p2a: RegiSalt|Garganacl, F, shiny|100\/100\n|move|p1a: Dunsparce|Coil|p1a: Dunsparce\n|-boost|p1a: Dunsparce|atk|1\n|-boost|p1a: Dunsparce|def|1\n|-boost|p1a: Dunsparce|accuracy|1\n|\n|upkeep\n|turn|24\n|\n|t:|1699496789\n|move|p1a: Dunsparce|Earth Power|p2a: RegiSalt\n|-supereffective|p2a: RegiSalt\n|-damage|p2a: RegiSalt|79\/100\n|-unboost|p2a: RegiSalt|spd|1\n|move|p2a: RegiSalt|Salt Cure|p1a: Dunsparce\n|-damage|p1a: Dunsparce|89\/100\n|-start|p1a: Dunsparce|Salt Cure\n|\n|-heal|p1a: Dunsparce|95\/100|[from] item: Leftovers\n|-heal|p2a: RegiSalt|85\/100|[from] item: Leftovers\n|-damage|p1a: Dunsparce|83\/100|[from] Salt Cure\n|upkeep\n|turn|25\n|\n|t:|1699496801\n|move|p1a: Dunsparce|Earth Power|p2a: RegiSalt\n|-supereffective|p2a: RegiSalt\n|-damage|p2a: RegiSalt|55\/100\n|move|p2a: RegiSalt|Iron Defense|p2a: RegiSalt\n|-boost|p2a: RegiSalt|def|2\n|\n|-heal|p1a: Dunsparce|89\/100|[from] item: Leftovers\n|-heal|p2a: RegiSalt|61\/100|[from] item: Leftovers\n|-damage|p1a: Dunsparce|77\/100|[from] Salt Cure\n|upkeep\n|turn|26\n|\n|t:|1699496822\n|move|p1a: Dunsparce|Body Slam|p2a: RegiSalt\n|-resisted|p2a: RegiSalt\n|-damage|p2a: RegiSalt|55\/100\n|move|p2a: RegiSalt|Recover|p2a: RegiSalt\n|-heal|p2a: RegiSalt|100\/100\n|\n|-heal|p1a: Dunsparce|83\/100|[from] item: Leftovers\n|-damage|p1a: Dunsparce|71\/100|[from] Salt Cure\n|upkeep\n|turn|27\n|\n|t:|1699496831\n|move|p1a: Dunsparce|Body Slam|p2a: RegiSalt\n|-resisted|p2a: RegiSalt\n|-damage|p2a: RegiSalt|95\/100\n|move|p2a: RegiSalt|Iron Defense|p2a: RegiSalt\n|-boost|p2a: RegiSalt|def|2\n|\n|-heal|p1a: Dunsparce|77\/100|[from] item: Leftovers\n|-heal|p2a: RegiSalt|100\/100|[from] item: Leftovers\n|-damage|p1a: Dunsparce|64\/100|[from] Salt Cure\n|upkeep\n|turn|28\n|\n|t:|1699496841\n|move|p1a: Dunsparce|Coil|p1a: Dunsparce\n|-boost|p1a: Dunsparce|atk|1\n|-boost|p1a: Dunsparce|def|1\n|-boost|p1a: Dunsparce|accuracy|1\n|move|p2a: RegiSalt|Body Press|p1a: Dunsparce\n|-supereffective|p1a: Dunsparce\n|-damage|p1a: Dunsparce|0 fnt\n|faint|p1a: Dunsparce\n|\n|upkeep\n|\n|t:|1699496849\n|switch|p1a: Roaring Moon|Roaring Moon|100\/100\n|-enditem|p1a: Roaring Moon|Booster Energy\n|-activate|p1a: Roaring Moon|ability: Protosynthesis|[fromitem]\n|-start|p1a: Roaring Moon|protosynthesisatk\n|turn|29\n|\n|t:|1699496858\n|move|p1a: Roaring Moon|Earthquake|p2a: RegiSalt\n|-supereffective|p2a: RegiSalt\n|-damage|p2a: RegiSalt|79\/100\n|move|p2a: RegiSalt|Salt Cure|p1a: Roaring Moon\n|-damage|p1a: Roaring Moon|83\/100\n|-start|p1a: Roaring Moon|Salt Cure\n|\n|-heal|p2a: RegiSalt|85\/100|[from] item: Leftovers\n|-damage|p1a: Roaring Moon|70\/100|[from] Salt Cure\n|upkeep\n|turn|30\n|\n|t:|1699496867\n|move|p1a: Roaring Moon|Earthquake|p2a: RegiSalt\n|-supereffective|p2a: RegiSalt\n|-damage|p2a: RegiSalt|63\/100\n|move|p2a: RegiSalt|Recover|p2a: RegiSalt\n|-heal|p2a: RegiSalt|100\/100\n|\n|-damage|p1a: Roaring Moon|58\/100|[from] Salt Cure\n|upkeep\n|turn|31\n|\n|t:|1699496878\n|move|p1a: Roaring Moon|Earthquake|p2a: RegiSalt\n|-supereffective|p2a: RegiSalt\n|-damage|p2a: RegiSalt|75\/100\n|move|p2a: RegiSalt|Body Press|p1a: Roaring Moon\n|-supereffective|p1a: Roaring Moon\n|-damage|p1a: Roaring Moon|0 fnt\n|faint|p1a: Roaring Moon\n|-end|p1a: Roaring Moon|Protosynthesis|[silent]\n|\n|win|HeirEhm\n","uploadtime":1699496897,"views":6,"p1id":"foxasbat","p2id":"heirehm","formatid":"gen9nationaldexubers","rating":0,"private":0,"password":""}