{"id":"gen9nationaldexubers-1995556658","p1":"ivocator","p2":"PHANTOM-MODE\ufe0f\u26a7\ufe0f","format":"[Gen 9] National Dex Ubers","log":"|j|\u2606ivocator\n|j|\u2606PHANTOM-MODE\ufe0f\u26a7\ufe0f\n|t:|1700582607\n|gametype|singles\n|player|p1|ivocator|266|1073\n|player|p2|PHANTOM-MODE\ufe0f\u26a7\ufe0f|hexmaniac-gen6|1127\n|teamsize|p1|6\n|teamsize|p2|6\n|gen|9\n|tier|[Gen 9] National Dex Ubers\n|rated|\n|rule|HP Percentage Mod: HP is shown in percentages\n|rule|Endless Battle Clause: Forcing endless battles is banned\n|rule|OHKO Clause: OHKO moves are banned\n|rule|Evasion Moves Clause: Evasion moves are banned\n|rule|Evasion Items Clause: Evasion items are banned\n|rule|Species Clause: Limit one of each Pok\u00e9mon\n|rule|Sleep Clause Mod: Limit one foe put to sleep\n|rule|Mega Rayquaza Clause: You cannot mega evolve Rayquaza\n|clearpoke\n|poke|p1|Mawile, F|\n|poke|p1|Medicham, F|\n|poke|p1|Blaziken, F|\n|poke|p1|Swampert, F|\n|poke|p1|Venusaur, M|\n|poke|p1|Darmanitan-Galar, F|\n|poke|p2|Ceruledge, M|\n|poke|p2|Polteageist-Antique|\n|poke|p2|Typhlosion-Hisui, M|\n|poke|p2|Dusknoir, M|\n|poke|p2|Chandelure, M|\n|poke|p2|Sableye, M|\n|teampreview\n|\n|t:|1700582637\n|start\n|switch|p1a: Medicham|Medicham, F|100\/100\n|switch|p2a: \ud83c\ude33\ufe0fCHANDELURE\ud83c\ude33\ufe0f\ud83d\udc80|Chandelure, M|100\/100\n|turn|1\n|\n|t:|1700582645\n|move|p1a: Medicham|Zen Headbutt|p2a: \ud83c\ude33\ufe0fCHANDELURE\ud83c\ude33\ufe0f\ud83d\udc80\n|-damage|p2a: \ud83c\ude33\ufe0fCHANDELURE\ud83c\ude33\ufe0f\ud83d\udc80|31\/100\n|move|p2a: \ud83c\ude33\ufe0fCHANDELURE\ud83c\ude33\ufe0f\ud83d\udc80|Flame Charge|p1a: Medicham\n|-damage|p1a: Medicham|86\/100\n|-boost|p2a: \ud83c\ude33\ufe0fCHANDELURE\ud83c\ude33\ufe0f\ud83d\udc80|spe|1\n|\n|upkeep\n|turn|2\n|\n|t:|1700582654\n|move|p2a: \ud83c\ude33\ufe0fCHANDELURE\ud83c\ude33\ufe0f\ud83d\udc80|Shadow Ball|p1a: Medicham\n|-supereffective|p1a: Medicham\n|-damage|p1a: Medicham|0 fnt\n|faint|p1a: Medicham\n|\n|upkeep\n|\n|t:|1700582662\n|switch|p1a: Swampert|Swampert, F|100\/100\n|turn|3\n|\n|t:|1700582667\n|move|p2a: \ud83c\ude33\ufe0fCHANDELURE\ud83c\ude33\ufe0f\ud83d\udc80|Inferno|p1a: Swampert\n|-resisted|p1a: Swampert\n|-crit|p1a: Swampert\n|-damage|p1a: Swampert|69\/100\n|-status|p1a: Swampert|brn\n|move|p1a: Swampert|Stone Edge|p2a: \ud83c\ude33\ufe0fCHANDELURE\ud83c\ude33\ufe0f\ud83d\udc80\n|-supereffective|p2a: \ud83c\ude33\ufe0fCHANDELURE\ud83c\ude33\ufe0f\ud83d\udc80\n|-damage|p2a: \ud83c\ude33\ufe0fCHANDELURE\ud83c\ude33\ufe0f\ud83d\udc80|0 fnt\n|faint|p2a: \ud83c\ude33\ufe0fCHANDELURE\ud83c\ude33\ufe0f\ud83d\udc80\n|\n|-damage|p1a: Swampert|63\/100 brn|[from] brn\n|upkeep\n|\n|t:|1700582679\n|switch|p2a: \ud83c\ude33\ufe0fTYPHOLSION\ud83c\ude33\ufe0f\ud83d\udc80|Typhlosion-Hisui, M, shiny|100\/100\n|-item|p1a: Swampert|Assault Vest|[from] ability: Frisk|[of] p2a: \ud83c\ude33\ufe0fTYPHOLSION\ud83c\ude33\ufe0f\ud83d\udc80|[identify]\n|turn|4\n|\n|t:|1700582686\n|move|p2a: \ud83c\ude33\ufe0fTYPHOLSION\ud83c\ude33\ufe0f\ud83d\udc80|Infernal Parade|p1a: Swampert\n|-damage|p1a: Swampert|16\/100 brn\n|move|p1a: Swampert|Waterfall|p2a: \ud83c\ude33\ufe0fTYPHOLSION\ud83c\ude33\ufe0f\ud83d\udc80\n|-supereffective|p2a: \ud83c\ude33\ufe0fTYPHOLSION\ud83c\ude33\ufe0f\ud83d\udc80\n|-damage|p2a: \ud83c\ude33\ufe0fTYPHOLSION\ud83c\ude33\ufe0f\ud83d\udc80|46\/100\n|\n|-damage|p1a: Swampert|10\/100 brn|[from] brn\n|upkeep\n|turn|5\n|\n|t:|1700582698\n|move|p2a: \ud83c\ude33\ufe0fTYPHOLSION\ud83c\ude33\ufe0f\ud83d\udc80|Infernal Parade|p1a: Swampert\n|-damage|p1a: Swampert|0 fnt\n|faint|p1a: Swampert\n|\n|upkeep\n|\n|t:|1700582702\n|switch|p1a: Darmanitan|Darmanitan-Galar, F|100\/100\n|turn|6\n|\n|t:|1700582712\n|move|p1a: Darmanitan|Stone Edge|p2a: \ud83c\ude33\ufe0fTYPHOLSION\ud83c\ude33\ufe0f\ud83d\udc80\n|-supereffective|p2a: \ud83c\ude33\ufe0fTYPHOLSION\ud83c\ude33\ufe0f\ud83d\udc80\n|-damage|p2a: \ud83c\ude33\ufe0fTYPHOLSION\ud83c\ude33\ufe0f\ud83d\udc80|0 fnt\n|faint|p2a: \ud83c\ude33\ufe0fTYPHOLSION\ud83c\ude33\ufe0f\ud83d\udc80\n|\n|upkeep\n|\n|t:|1700582718\n|switch|p2a: \ud83c\ude33\ufe0fSABLEYE\ud83c\ude33\ufe0f\ud83d\udc80|Sableye, M|100\/100\n|turn|7\n|\n|t:|1700582723\n|move|p2a: \ud83c\ude33\ufe0fSABLEYE\ud83c\ude33\ufe0f\ud83d\udc80|Will-O-Wisp|p1a: Darmanitan\n|-status|p1a: Darmanitan|brn\n|move|p1a: Darmanitan|Stone Edge|p2a: \ud83c\ude33\ufe0fSABLEYE\ud83c\ude33\ufe0f\ud83d\udc80\n|-damage|p2a: \ud83c\ude33\ufe0fSABLEYE\ud83c\ude33\ufe0f\ud83d\udc80|56\/100\n|\n|-damage|p1a: Darmanitan|95\/100 brn|[from] brn\n|upkeep\n|turn|8\n|\n|t:|1700582736\n|switch|p1a: Mawile|Mawile, F|100\/100\n|-ability|p1a: Mawile|Intimidate|boost\n|-unboost|p2a: \ud83c\ude33\ufe0fSABLEYE\ud83c\ude33\ufe0f\ud83d\udc80|atk|1\n|detailschange|p2a: \ud83c\ude33\ufe0fSABLEYE\ud83c\ude33\ufe0f\ud83d\udc80|Sableye-Mega, M\n|-mega|p2a: \ud83c\ude33\ufe0fSABLEYE\ud83c\ude33\ufe0f\ud83d\udc80|Sableye|Sablenite\n|move|p2a: \ud83c\ude33\ufe0fSABLEYE\ud83c\ude33\ufe0f\ud83d\udc80|Shadow Ball|p1a: Mawile\n|-damage|p1a: Mawile|37\/100\n|\n|upkeep\n|turn|9\n|\n|t:|1700582747\n|detailschange|p1a: Mawile|Mawile-Mega, F\n|-mega|p1a: Mawile|Mawile|Mawilite\n|move|p1a: Mawile|Sucker Punch||[still]\n|-fail|p1a: Mawile\n|move|p2a: \ud83c\ude33\ufe0fSABLEYE\ud83c\ude33\ufe0f\ud83d\udc80|Will-O-Wisp|p1a: Mawile\n|-status|p1a: Mawile|brn\n|\n|-damage|p1a: Mawile|31\/100 brn|[from] brn\n|upkeep\n|turn|10\n|\n|t:|1700582757\n|move|p1a: Mawile|Sucker Punch|p2a: \ud83c\ude33\ufe0fSABLEYE\ud83c\ude33\ufe0f\ud83d\udc80\n|-damage|p2a: \ud83c\ude33\ufe0fSABLEYE\ud83c\ude33\ufe0f\ud83d\udc80|32\/100\n|move|p2a: \ud83c\ude33\ufe0fSABLEYE\ud83c\ude33\ufe0f\ud83d\udc80|Shadow Sneak|p1a: Mawile\n|-damage|p1a: Mawile|24\/100 brn\n|\n|-damage|p1a: Mawile|18\/100 brn|[from] brn\n|upkeep\n|turn|11\n|\n|t:|1700582766\n|move|p1a: Mawile|Play Rough|p2a: \ud83c\ude33\ufe0fSABLEYE\ud83c\ude33\ufe0f\ud83d\udc80\n|-supereffective|p2a: \ud83c\ude33\ufe0fSABLEYE\ud83c\ude33\ufe0f\ud83d\udc80\n|-damage|p2a: \ud83c\ude33\ufe0fSABLEYE\ud83c\ude33\ufe0f\ud83d\udc80|0 fnt\n|faint|p2a: \ud83c\ude33\ufe0fSABLEYE\ud83c\ude33\ufe0f\ud83d\udc80\n|\n|-damage|p1a: Mawile|12\/100 brn|[from] brn\n|upkeep\n|\n|t:|1700582777\n|switch|p2a: \ud83c\ude33\ufe0f\ud83d\udc80DUSKNOIR\ud83d\udc80\ud83c\ude33\ufe0f|Dusknoir, M, shiny|100\/100\n|-ability|p2a: \ud83c\ude33\ufe0f\ud83d\udc80DUSKNOIR\ud83d\udc80\ud83c\ude33\ufe0f|Pressure\n|turn|12\n|\n|t:|1700582782\n|move|p1a: Mawile|Sucker Punch||[still]\n|-fail|p1a: Mawile\n|move|p2a: \ud83c\ude33\ufe0f\ud83d\udc80DUSKNOIR\ud83d\udc80\ud83c\ude33\ufe0f|Spite|p1a: Mawile\n|-activate|p1a: Mawile|move: Spite|Sucker Punch|4\n|\n|-damage|p1a: Mawile|6\/100 brn|[from] brn\n|upkeep\n|turn|13\n|\n|t:|1700582794\n|move|p2a: \ud83c\ude33\ufe0f\ud83d\udc80DUSKNOIR\ud83d\udc80\ud83c\ude33\ufe0f|Shadow Sneak|p1a: Mawile\n|-damage|p1a: Mawile|0 fnt\n|faint|p1a: Mawile\n|\n|upkeep\n|\n|t:|1700582802\n|switch|p1a: Darmanitan|Darmanitan-Galar, F|95\/100 brn\n|turn|14\n|\n|t:|1700582810\n|move|p1a: Darmanitan|Stone Edge|p2a: \ud83c\ude33\ufe0f\ud83d\udc80DUSKNOIR\ud83d\udc80\ud83c\ude33\ufe0f\n|-crit|p2a: \ud83c\ude33\ufe0f\ud83d\udc80DUSKNOIR\ud83d\udc80\ud83c\ude33\ufe0f\n|-damage|p2a: \ud83c\ude33\ufe0f\ud83d\udc80DUSKNOIR\ud83d\udc80\ud83c\ude33\ufe0f|61\/100\n|move|p2a: \ud83c\ude33\ufe0f\ud83d\udc80DUSKNOIR\ud83d\udc80\ud83c\ude33\ufe0f|Poltergeist|p1a: Darmanitan\n|-activate|p1a: Darmanitan|move: Poltergeist|Choice Scarf\n|-damage|p1a: Darmanitan|32\/100 brn\n|\n|-damage|p1a: Darmanitan|26\/100 brn|[from] brn\n|upkeep\n|turn|15\n|\n|t:|1700582821\n|move|p2a: \ud83c\ude33\ufe0f\ud83d\udc80DUSKNOIR\ud83d\udc80\ud83c\ude33\ufe0f|Shadow Sneak|p1a: Darmanitan\n|-damage|p1a: Darmanitan|3\/100 brn\n|move|p1a: Darmanitan|Stone Edge|p2a: \ud83c\ude33\ufe0f\ud83d\udc80DUSKNOIR\ud83d\udc80\ud83c\ude33\ufe0f\n|-damage|p2a: \ud83c\ude33\ufe0f\ud83d\udc80DUSKNOIR\ud83d\udc80\ud83c\ude33\ufe0f|34\/100\n|\n|-damage|p1a: Darmanitan|0 fnt|[from] brn\n|faint|p1a: Darmanitan\n|upkeep\n|\n|t:|1700582824\n|switch|p1a: Venusaur|Venusaur, M|100\/100\n|turn|16\n|\n|t:|1700582833\n|move|p1a: Venusaur|Leech Seed|p2a: \ud83c\ude33\ufe0f\ud83d\udc80DUSKNOIR\ud83d\udc80\ud83c\ude33\ufe0f\n|-start|p2a: \ud83c\ude33\ufe0f\ud83d\udc80DUSKNOIR\ud83d\udc80\ud83c\ude33\ufe0f|move: Leech Seed\n|move|p2a: \ud83c\ude33\ufe0f\ud83d\udc80DUSKNOIR\ud83d\udc80\ud83c\ude33\ufe0f|Will-O-Wisp|p1a: Venusaur\n|-status|p1a: Venusaur|brn\n|\n|-damage|p2a: \ud83c\ude33\ufe0f\ud83d\udc80DUSKNOIR\ud83d\udc80\ud83c\ude33\ufe0f|21\/100|[from] Leech Seed|[of] p1a: Venusaur\n|-damage|p1a: Venusaur|94\/100 brn|[from] brn\n|upkeep\n|turn|17\n|\n|t:|1700582860\n|switch|p2a: \ud83c\ude33\ufe0fPOLTEAGEIST\ud83c\ude33\ufe0f|Polteageist-Antique, shiny|100\/100\n|move|p1a: Venusaur|Substitute|p1a: Venusaur\n|-start|p1a: Venusaur|Substitute\n|-damage|p1a: Venusaur|70\/100 brn\n|\n|-heal|p1a: Venusaur|76\/100 brn|[from] item: Black Sludge\n|-damage|p1a: Venusaur|70\/100 brn|[from] brn\n|upkeep\n|turn|18\n|\n|t:|1700582875\n|move|p1a: Venusaur|Leech Seed|p2a: \ud83c\ude33\ufe0fPOLTEAGEIST\ud83c\ude33\ufe0f\n|-start|p2a: \ud83c\ude33\ufe0fPOLTEAGEIST\ud83c\ude33\ufe0f|move: Leech Seed\n|move|p2a: \ud83c\ude33\ufe0fPOLTEAGEIST\ud83c\ude33\ufe0f|Shell Smash|p2a: \ud83c\ude33\ufe0fPOLTEAGEIST\ud83c\ude33\ufe0f\n|-unboost|p2a: \ud83c\ude33\ufe0fPOLTEAGEIST\ud83c\ude33\ufe0f|def|1\n|-unboost|p2a: \ud83c\ude33\ufe0fPOLTEAGEIST\ud83c\ude33\ufe0f|spd|1\n|-boost|p2a: \ud83c\ude33\ufe0fPOLTEAGEIST\ud83c\ude33\ufe0f|atk|2\n|-boost|p2a: \ud83c\ude33\ufe0fPOLTEAGEIST\ud83c\ude33\ufe0f|spa|2\n|-boost|p2a: \ud83c\ude33\ufe0fPOLTEAGEIST\ud83c\ude33\ufe0f|spe|2\n|\n|-heal|p1a: Venusaur|76\/100 brn|[from] item: Black Sludge\n|-damage|p2a: \ud83c\ude33\ufe0fPOLTEAGEIST\ud83c\ude33\ufe0f|88\/100|[from] Leech Seed|[of] p1a: Venusaur\n|-heal|p1a: Venusaur|85\/100 brn|[silent]\n|-damage|p1a: Venusaur|78\/100 brn|[from] brn\n|upkeep\n|turn|19\n|\n|t:|1700582888\n|move|p2a: \ud83c\ude33\ufe0fPOLTEAGEIST\ud83c\ude33\ufe0f|Shadow Ball|p1a: Venusaur\n|-crit|p1a: Venusaur\n|-end|p1a: Venusaur|Substitute\n|move|p1a: Venusaur|Toxic|p2a: \ud83c\ude33\ufe0fPOLTEAGEIST\ud83c\ude33\ufe0f\n|-status|p2a: \ud83c\ude33\ufe0fPOLTEAGEIST\ud83c\ude33\ufe0f|tox\n|\n|-heal|p1a: Venusaur|85\/100 brn|[from] item: Black Sludge\n|-damage|p2a: \ud83c\ude33\ufe0fPOLTEAGEIST\ud83c\ude33\ufe0f|76\/100 tox|[from] Leech Seed|[of] p1a: Venusaur\n|-heal|p1a: Venusaur|93\/100 brn|[silent]\n|-damage|p2a: \ud83c\ude33\ufe0fPOLTEAGEIST\ud83c\ude33\ufe0f|70\/100 tox|[from] psn\n|-damage|p1a: Venusaur|87\/100 brn|[from] brn\n|upkeep\n|turn|20\n|\n|t:|1700582903\n|-terastallize|p2a: \ud83c\ude33\ufe0fPOLTEAGEIST\ud83c\ude33\ufe0f|Ghost\n|move|p2a: \ud83c\ude33\ufe0fPOLTEAGEIST\ud83c\ude33\ufe0f|Shadow Ball|p1a: Venusaur\n|-damage|p1a: Venusaur|0 fnt\n|faint|p1a: Venusaur\n|\n|-damage|p2a: \ud83c\ude33\ufe0fPOLTEAGEIST\ud83c\ude33\ufe0f|58\/100 tox|[from] psn\n|upkeep\n|\n|t:|1700582908\n|switch|p1a: Blaziken|Blaziken, F|100\/100\n|turn|21\n|\n|t:|1700582915\n|move|p1a: Blaziken|Protect|p1a: Blaziken\n|-singleturn|p1a: Blaziken|Protect\n|move|p2a: \ud83c\ude33\ufe0fPOLTEAGEIST\ud83c\ude33\ufe0f|Shadow Ball|p1a: Blaziken\n|-activate|p1a: Blaziken|move: Protect\n|\n|-damage|p2a: \ud83c\ude33\ufe0fPOLTEAGEIST\ud83c\ude33\ufe0f|45\/100 tox|[from] Leech Seed|[of] p1a: Blaziken\n|-damage|p2a: \ud83c\ude33\ufe0fPOLTEAGEIST\ud83c\ude33\ufe0f|27\/100 tox|[from] psn\n|-ability|p1a: Blaziken|Speed Boost|boost\n|-boost|p1a: Blaziken|spe|1\n|upkeep\n|turn|22\n|\n|t:|1700582928\n|-terastallize|p1a: Blaziken|Fire\n|move|p2a: \ud83c\ude33\ufe0fPOLTEAGEIST\ud83c\ude33\ufe0f|Shadow Ball|p1a: Blaziken\n|-damage|p1a: Blaziken|0 fnt\n|faint|p1a: Blaziken\n|\n|win|PHANTOM-MODE\ufe0f\u26a7\ufe0f\n|raw|ivocator's rating: 1073 &rarr; <strong>1055<\/strong><br \/>(-18 for losing)\n|raw|PHANTOM-MODE\ufe0f\u26a7\ufe0f's rating: 1127 &rarr; <strong>1148<\/strong><br \/>(+21 for winning)\n|l|\u2606ivocator\n","uploadtime":1700583183,"views":0,"p1id":"ivocator","p2id":"phantommode","formatid":"gen9nationaldexubers","rating":1055,"private":0,"password":""}