{"id":"gen9nationaldexubers-1984622817","p1":"C0ld as Ice","p2":"xinnobu","format":"[Gen 9] National Dex Ubers","log":"|j|\u2606C0ld as Ice\n|j|\u2606xinnobu\n|t:|1699285477\n|gametype|singles\n|player|p1|C0ld as Ice|schoolkid-gen4dp|1878\n|player|p2|xinnobu|elesa-gen5bw2|1699\n|teamsize|p1|6\n|teamsize|p2|6\n|gen|9\n|tier|[Gen 9] National Dex Ubers\n|rated|\n|rule|HP Percentage Mod: HP is shown in percentages\n|rule|Endless Battle Clause: Forcing endless battles is banned\n|rule|OHKO Clause: OHKO moves are banned\n|rule|Evasion Moves Clause: Evasion moves are banned\n|rule|Evasion Items Clause: Evasion items are banned\n|rule|Species Clause: Limit one of each Pok\u00e9mon\n|rule|Sleep Clause Mod: Limit one foe put to sleep\n|rule|Mega Rayquaza Clause: You cannot mega evolve Rayquaza\n|clearpoke\n|poke|p1|Aerodactyl, F|\n|poke|p1|Necrozma-Dusk-Mane|\n|poke|p1|Deoxys-Speed|\n|poke|p1|Salamence, F|\n|poke|p1|Kingambit, F|\n|poke|p1|Kyurem-Black|\n|poke|p2|Glimmora, F|\n|poke|p2|Xerneas-*|\n|poke|p2|Groudon|\n|poke|p2|Yveltal|\n|poke|p2|Kyogre|\n|poke|p2|Zacian-*|\n|teampreview\n|inactive|Battle timer is ON: inactive players will automatically lose when time's up. (requested by C0ld as Ice)\n|\n|t:|1699285495\n|start\n|switch|p1a: Kyurem|Kyurem-Black|100\/100\n|switch|p2a: Glimmora|Glimmora, F|100\/100\n|-ability|p1a: Kyurem|Teravolt\n|turn|1\n|\n|t:|1699285502\n|move|p2a: Glimmora|Power Gem|p1a: Kyurem\n|-supereffective|p1a: Kyurem\n|-damage|p1a: Kyurem|16\/100\n|move|p1a: Kyurem|Dragon Dance|p1a: Kyurem\n|-boost|p1a: Kyurem|atk|1\n|-boost|p1a: Kyurem|spe|1\n|\n|-heal|p1a: Kyurem|22\/100|[from] item: Leftovers\n|upkeep\n|turn|2\n|\n|t:|1699285510\n|move|p1a: Kyurem|Icicle Spear|p2a: Glimmora\n|-damage|p2a: Glimmora|69\/100\n|-activate|p2a: Glimmora|ability: Toxic Debris\n|-sidestart|p1: C0ld as Ice|move: Toxic Spikes\n|-damage|p2a: Glimmora|37\/100\n|-activate|p2a: Glimmora|ability: Toxic Debris\n|-sidestart|p1: C0ld as Ice|move: Toxic Spikes\n|-damage|p2a: Glimmora|2\/100\n|-damage|p2a: Glimmora|0 fnt\n|faint|p2a: Glimmora\n|-hitcount|p2: Glimmora|4\n|\n|-heal|p1a: Kyurem|28\/100|[from] item: Leftovers\n|upkeep\n|\n|t:|1699285523\n|switch|p2a: Yveltal|Yveltal|100\/100\n|-ability|p2a: Yveltal|Dark Aura\n|turn|3\n|\n|t:|1699285527\n|move|p2a: Yveltal|Sucker Punch||[still]\n|-fail|p2a: Yveltal\n|move|p1a: Kyurem|Substitute|p1a: Kyurem\n|-start|p1a: Kyurem|Substitute\n|-damage|p1a: Kyurem|3\/100\n|\n|-heal|p1a: Kyurem|9\/100|[from] item: Leftovers\n|upkeep\n|turn|4\n|\n|t:|1699285543\n|move|p2a: Yveltal|Sucker Punch|p1a: Kyurem\n|-end|p1a: Kyurem|Substitute\n|-damage|p2a: Yveltal|91\/100|[from] item: Life Orb\n|move|p1a: Kyurem|Icicle Spear|p2a: Yveltal\n|-supereffective|p2a: Yveltal\n|-damage|p2a: Yveltal|43\/100\n|-supereffective|p2a: Yveltal\n|-crit|p2a: Yveltal\n|-damage|p2a: Yveltal|0 fnt\n|faint|p2a: Yveltal\n|-hitcount|p2: Yveltal|2\n|\n|-heal|p1a: Kyurem|15\/100|[from] item: Leftovers\n|upkeep\n|\n|t:|1699285554\n|switch|p2a: Zacian|Zacian-Crowned|100\/100\n|-ability|p2a: Zacian|Intrepid Sword|boost\n|-boost|p2a: Zacian|atk|1\n|turn|5\n|\n|t:|1699285560\n|move|p2a: Zacian|Behemoth Blade|p1a: Kyurem\n|-supereffective|p1a: Kyurem\n|-crit|p1a: Kyurem\n|-damage|p1a: Kyurem|0 fnt\n|faint|p1a: Kyurem\n|\n|upkeep\n|\n|t:|1699285564\n|switch|p1a: Aerodactyl|Aerodactyl, F|100\/100\n|-ability|p1a: Aerodactyl|Pressure\n|turn|6\n|\n|t:|1699285572\n|move|p2a: Zacian|Behemoth Blade|p1a: Aerodactyl\n|-supereffective|p1a: Aerodactyl\n|-enditem|p1a: Aerodactyl|Focus Sash\n|-damage|p1a: Aerodactyl|1\/100\n|move|p1a: Aerodactyl|Rock Tomb|p2a: Zacian\n|-resisted|p2a: Zacian\n|-damage|p2a: Zacian|91\/100\n|-unboost|p2a: Zacian|spe|1\n|\n|upkeep\n|turn|7\n|\n|t:|1699285584\n|move|p1a: Aerodactyl|Stealth Rock|p2a: Zacian\n|-sidestart|p2: xinnobu|move: Stealth Rock\n|move|p2a: Zacian|Behemoth Blade|p1a: Aerodactyl\n|-supereffective|p1a: Aerodactyl\n|-crit|p1a: Aerodactyl\n|-damage|p1a: Aerodactyl|0 fnt\n|faint|p1a: Aerodactyl\n|\n|upkeep\n|\n|t:|1699285586\n|switch|p1a: Deoxys|Deoxys-Speed|100\/100\n|-status|p1a: Deoxys|tox\n|-ability|p1a: Deoxys|Pressure\n|turn|8\n|\n|t:|1699285597\n|move|p1a: Deoxys|Reflect|p1a: Deoxys\n|-sidestart|p1: C0ld as Ice|Reflect\n|move|p2a: Zacian|Behemoth Blade|p1a: Deoxys\n|-damage|p1a: Deoxys|47\/100 tox\n|\n|-damage|p1a: Deoxys|41\/100 tox|[from] psn\n|upkeep\n|turn|9\n|\n|t:|1699285614\n|switch|p2a: Kyogre|Kyogre|100\/100\n|-damage|p2a: Kyogre|88\/100|[from] Stealth Rock\n|detailschange|p2a: Kyogre|Kyogre-Primal\n|-primal|p2a: Kyogre|Blue Orb\n|-weather|PrimordialSea|[from] ability: Primordial Sea|[of] p2a: Kyogre\n|move|p1a: Deoxys|Light Screen|p1a: Deoxys\n|-sidestart|p1: C0ld as Ice|move: Light Screen\n|\n|-weather|PrimordialSea|[upkeep]\n|-damage|p1a: Deoxys|29\/100 tox|[from] psn\n|upkeep\n|turn|10\n|\n|t:|1699285626\n|move|p1a: Deoxys|Taunt|p2a: Kyogre\n|-start|p2a: Kyogre|move: Taunt\n|move|p2a: Kyogre|Origin Pulse|p1a: Deoxys\n|-damage|p1a: Deoxys|0 fnt\n|faint|p1a: Deoxys\n|\n|-weather|PrimordialSea|[upkeep]\n|upkeep\n|\n|t:|1699285633\n|switch|p1a: Salamence|Salamence, F|100\/100\n|-ability|p1a: Salamence|Intimidate|boost\n|-unboost|p2a: Kyogre|atk|1\n|turn|11\n|\n|t:|1699285638\n|detailschange|p1a: Salamence|Salamence-Mega, F\n|-mega|p1a: Salamence|Salamence|Salamencite\n|move|p1a: Salamence|Double-Edge|p2a: Kyogre\n|-damage|p2a: Kyogre|0 fnt\n|faint|p2a: Kyogre\n|-weather|none\n|-damage|p1a: Salamence|71\/100|[from] Recoil\n|\n|upkeep\n|\n|t:|1699285664\n|switch|p2a: Groudon|Groudon|100\/100\n|-damage|p2a: Groudon|94\/100|[from] Stealth Rock\n|detailschange|p2a: Groudon|Groudon-Primal\n|-primal|p2a: Groudon|Red Orb\n|-weather|DesolateLand|[from] ability: Desolate Land|[of] p2a: Groudon\n|turn|12\n|inactive|C0ld as Ice has 120 seconds left.\n|\n|t:|1699285703\n|move|p1a: Salamence|Dragon Dance|p1a: Salamence\n|-boost|p1a: Salamence|atk|1\n|-boost|p1a: Salamence|spe|1\n|move|p2a: Groudon|Stone Edge|p1a: Salamence\n|-supereffective|p1a: Salamence\n|-damage|p1a: Salamence|32\/100\n|\n|-weather|DesolateLand|[upkeep]\n|upkeep\n|turn|13\n|inactive|C0ld as Ice has 120 seconds left.\n|\n|t:|1699285721\n|move|p1a: Salamence|Double-Edge|p2a: Groudon\n|-damage|p2a: Groudon|22\/100\n|-damage|p1a: Salamence|3\/100|[from] Recoil\n|move|p2a: Groudon|Stone Edge|p1a: Salamence\n|-supereffective|p1a: Salamence\n|-damage|p1a: Salamence|0 fnt\n|faint|p1a: Salamence\n|\n|-weather|DesolateLand|[upkeep]\n|upkeep\n|inactive|C0ld as Ice has 90 seconds left.\n|\n|t:|1699285763\n|switch|p1a: Necrozma|Necrozma-Dusk-Mane|100\/100\n|turn|14\n|\n|t:|1699285768\n|move|p1a: Necrozma|Dragon Dance|p1a: Necrozma\n|-boost|p1a: Necrozma|atk|1\n|-boost|p1a: Necrozma|spe|1\n|move|p2a: Groudon|Precipice Blades|p1a: Necrozma\n|-supereffective|p1a: Necrozma\n|-damage|p1a: Necrozma|49\/100\n|\n|-weather|DesolateLand|[upkeep]\n|upkeep\n|turn|15\n|\n|t:|1699285775\n|move|p1a: Necrozma|Earthquake|p2a: Groudon\n|-supereffective|p2a: Groudon\n|-damage|p2a: Groudon|0 fnt\n|faint|p2a: Groudon\n|-weather|none\n|\n|-sideend|p1: C0ld as Ice|Reflect\n|upkeep\n|\n|t:|1699285784\n|switch|p2a: Zacian|Zacian-Crowned|91\/100\n|-damage|p2a: Zacian|85\/100|[from] Stealth Rock\n|turn|16\n|\n|t:|1699285808\n|-terastallize|p2a: Zacian|Fighting\n|move|p2a: Zacian|Behemoth Blade|p1a: Necrozma\n|-resisted|p1a: Necrozma\n|-damage|p1a: Necrozma|27\/100\n|move|p1a: Necrozma|Dragon Dance|p1a: Necrozma\n|-boost|p1a: Necrozma|atk|1\n|-boost|p1a: Necrozma|spe|1\n|\n|-sideend|p1: C0ld as Ice|move: Light Screen\n|upkeep\n|turn|17\n|\n|t:|1699285820\n|move|p1a: Necrozma|Sunsteel Strike|p2a: Zacian\n|-damage|p2a: Zacian|0 fnt\n|faint|p2a: Zacian\n|\n|upkeep\n|-message|xinnobu forfeited.\n|\n|win|C0ld as Ice\n|raw|C0ld as Ice's rating: 1878 &rarr; <strong>1889<\/strong><br \/>(+11 for winning)\n|raw|xinnobu's rating: 1699 &rarr; <strong>1688<\/strong><br \/>(-11 for losing)\n|l|\u2606xinnobu\n","uploadtime":1699285838,"views":7,"p1id":"c0ldasice","p2id":"xinnobu","formatid":"gen9nationaldexubers","rating":1688,"private":0,"password":""}