{"id":"gen9nationaldexubers-1994309200","p1":"MylesDUDE","p2":"Sing & Play","format":"[Gen 9] National Dex Ubers","log":"|j|\u2606MylesDUDE\n|j|\u2606Sing & Play\n|t:|1700429572\n|gametype|singles\n|player|p1|MylesDUDE|acetrainersnow|1039\n|player|p2|Sing & Play|veteranf|1068\n|teamsize|p1|6\n|teamsize|p2|6\n|gen|9\n|tier|[Gen 9] National Dex Ubers\n|rated|\n|rule|HP Percentage Mod: HP is shown in percentages\n|rule|Endless Battle Clause: Forcing endless battles is banned\n|rule|OHKO Clause: OHKO moves are banned\n|rule|Evasion Moves Clause: Evasion moves are banned\n|rule|Evasion Items Clause: Evasion items are banned\n|rule|Species Clause: Limit one of each Pok\u00e9mon\n|rule|Sleep Clause Mod: Limit one foe put to sleep\n|rule|Mega Rayquaza Clause: You cannot mega evolve Rayquaza\n|clearpoke\n|poke|p1|Cinderace, F|\n|poke|p1|Thievul, M|\n|poke|p1|Corviknight, F|\n|poke|p1|Drednaw, M|\n|poke|p1|Boltund, F|\n|poke|p1|Vanilluxe, F|\n|poke|p2|Hawlucha, M|\n|poke|p2|Clefable, F|\n|poke|p2|Amoonguss, F|\n|poke|p2|Chandelure, M|\n|poke|p2|Unfezant, F|\n|poke|p2|Seismitoad, F|\n|teampreview\n|\n|t:|1700429590\n|start\n|switch|p1a: Vanilluxe|Vanilluxe, F|100\/100\n|switch|p2a: Hawlucha|Hawlucha, M|100\/100\n|-weather|Snow|[from] ability: Snow Warning|[of] p1a: Vanilluxe\n|turn|1\n|\n|t:|1700429598\n|move|p2a: Hawlucha|Close Combat|p1a: Vanilluxe\n|-supereffective|p1a: Vanilluxe\n|-crit|p1a: Vanilluxe\n|-damage|p1a: Vanilluxe|3\/100\n|-unboost|p2a: Hawlucha|def|1\n|-unboost|p2a: Hawlucha|spd|1\n|move|p1a: Vanilluxe|Aurora Veil|p1a: Vanilluxe\n|-sidestart|p1: MylesDUDE|move: Aurora Veil\n|\n|-weather|Snow|[upkeep]\n|upkeep\n|turn|2\n|\n|t:|1700429612\n|move|p2a: Hawlucha|Close Combat|p1a: Vanilluxe\n|-supereffective|p1a: Vanilluxe\n|-damage|p1a: Vanilluxe|0 fnt\n|-unboost|p2a: Hawlucha|def|1\n|-unboost|p2a: Hawlucha|spd|1\n|faint|p1a: Vanilluxe\n|\n|-weather|Snow|[upkeep]\n|upkeep\n|\n|t:|1700429621\n|switch|p1a: Boltund|Boltund, F|100\/100\n|turn|3\n|\n|t:|1700429630\n|switch|p2a: Seismitoad|Seismitoad, F|100\/100\n|move|p1a: Boltund|Psychic Fangs|p2a: Seismitoad\n|-damage|p2a: Seismitoad|70\/100\n|\n|-weather|Snow|[upkeep]\n|upkeep\n|turn|4\n|\n|t:|1700429644\n|switch|p1a: Corviknight|Corviknight, F|100\/100\n|move|p2a: Seismitoad|Toxic|p1a: Corviknight\n|-immune|p1a: Corviknight\n|\n|-weather|Snow|[upkeep]\n|upkeep\n|turn|5\n|\n|t:|1700429652\n|move|p1a: Corviknight|Iron Defense|p1a: Corviknight\n|-boost|p1a: Corviknight|def|2\n|move|p2a: Seismitoad|Knock Off|p1a: Corviknight\n|-damage|p1a: Corviknight|94\/100\n|-damage|p2a: Seismitoad|53\/100|[from] item: Rocky Helmet|[of] p1a: Corviknight\n|-enditem|p1a: Corviknight|Rocky Helmet|[from] move: Knock Off|[of] p2a: Seismitoad\n|\n|-weather|none\n|upkeep\n|turn|6\n|\n|t:|1700429662\n|move|p1a: Corviknight|Iron Defense|p1a: Corviknight\n|-boost|p1a: Corviknight|def|2\n|move|p2a: Seismitoad|Liquidation|p1a: Corviknight\n|-damage|p1a: Corviknight|88\/100\n|\n|upkeep\n|turn|7\n|\n|t:|1700429692\n|switch|p2a: Amoonguss|Amoonguss, F|100\/100\n|move|p1a: Corviknight|Iron Defense|p1a: Corviknight\n|-boost|p1a: Corviknight|def|2\n|\n|upkeep\n|turn|8\n|\n|t:|1700429699\n|move|p1a: Corviknight|Fly||[still]\n|-prepare|p1a: Corviknight|Fly\n|move|p2a: Amoonguss|Spore|p1a: Corviknight|[miss]\n|-miss|p2a: Amoonguss|p1a: Corviknight\n|\n|-sideend|p1: MylesDUDE|move: Aurora Veil\n|upkeep\n|turn|9\n|\n|t:|1700429725\n|-terastallize|p2a: Amoonguss|Water\n|move|p1a: Corviknight|Fly|p2a: Amoonguss|[from]lockedmove\n|-damage|p2a: Amoonguss|79\/100\n|move|p2a: Amoonguss|Spore|p1a: Corviknight\n|-status|p1a: Corviknight|slp|[from] move: Spore\n|\n|upkeep\n|turn|10\n|\n|t:|1700429741\n|switch|p1a: Boltund|Boltund, F|100\/100\n|switch|p2a: Chandelure|Chandelure, M|100\/100\n|\n|upkeep\n|turn|11\n|\n|t:|1700429753\n|move|p1a: Boltund|Crunch|p2a: Chandelure\n|-supereffective|p2a: Chandelure\n|-damage|p2a: Chandelure|0 fnt\n|faint|p2a: Chandelure\n|\n|upkeep\n|\n|t:|1700429773\n|switch|p2a: Hawlucha|Hawlucha, M|100\/100\n|turn|12\n|\n|t:|1700429780\n|move|p2a: Hawlucha|Close Combat|p1a: Boltund\n|-damage|p1a: Boltund|0 fnt\n|-unboost|p2a: Hawlucha|def|1\n|-unboost|p2a: Hawlucha|spd|1\n|faint|p1a: Boltund\n|\n|upkeep\n|\n|t:|1700429801\n|switch|p1a: Thievul|Thievul, M|100\/100\n|turn|13\n|\n|t:|1700429805\n|-terastallize|p1a: Thievul|Poison\n|move|p2a: Hawlucha|Close Combat|p1a: Thievul\n|-resisted|p1a: Thievul\n|-damage|p1a: Thievul|67\/100\n|-unboost|p2a: Hawlucha|def|1\n|-unboost|p2a: Hawlucha|spd|1\n|move|p1a: Thievul|Snarl|p2a: Hawlucha\n|-resisted|p2a: Hawlucha\n|-damage|p2a: Hawlucha|73\/100\n|-unboost|p2a: Hawlucha|spa|1\n|-enditem|p1a: Thievul|Throat Spray\n|-boost|p1a: Thievul|spa|1|[from] item: Throat Spray\n|\n|upkeep\n|turn|14\n|\n|t:|1700429822\n|switch|p2a: Clefable|Clefable, F|100\/100\n|move|p1a: Thievul|Psychic|p2a: Clefable\n|-damage|p2a: Clefable|82\/100\n|\n|-heal|p2a: Clefable|89\/100|[from] item: Leftovers\n|upkeep\n|turn|15\n|\n|t:|1700429838\n|move|p1a: Thievul|Snarl|p2a: Clefable\n|-resisted|p2a: Clefable\n|-damage|p2a: Clefable|80\/100\n|-unboost|p2a: Clefable|spa|1\n|move|p2a: Clefable|Stealth Rock|p1a: Thievul\n|-sidestart|p1: MylesDUDE|move: Stealth Rock\n|\n|-heal|p2a: Clefable|86\/100|[from] item: Leftovers\n|upkeep\n|turn|16\n|\n|t:|1700429852\n|move|p1a: Thievul|Snarl|p2a: Clefable\n|-resisted|p2a: Clefable\n|-damage|p2a: Clefable|78\/100\n|-unboost|p2a: Clefable|spa|1\n|move|p2a: Clefable|Thunder Wave|p1a: Thievul\n|-status|p1a: Thievul|par\n|\n|-heal|p2a: Clefable|85\/100|[from] item: Leftovers\n|upkeep\n|turn|17\n|\n|t:|1700429872\n|switch|p1a: Corviknight|Corviknight, F|88\/100 slp\n|-damage|p1a: Corviknight|75\/100 slp|[from] Stealth Rock\n|move|p2a: Clefable|Wish|p2a: Clefable\n|\n|-heal|p2a: Clefable|91\/100|[from] item: Leftovers\n|upkeep\n|turn|18\n|inactive|Battle timer is ON: inactive players will automatically lose when time's up. (requested by MylesDUDE)\n|\n|t:|1700429918\n|switch|p2a: Seismitoad|Seismitoad, F|53\/100\n|cant|p1a: Corviknight|slp\n|\n|-heal|p2a: Seismitoad|100\/100|[from] move: Wish|[wisher] Clefable\n|upkeep\n|turn|19\n|\n|t:|1700429930\n|switch|p2a: Amoonguss|Amoonguss, F, tera:Water|79\/100\n|cant|p1a: Corviknight|slp\n|\n|upkeep\n|turn|20\n|\n|t:|1700429945\n|-curestatus|p1a: Corviknight|slp|[msg]\n|move|p1a: Corviknight|Fly||[still]\n|-prepare|p1a: Corviknight|Fly\n|move|p2a: Amoonguss|Spore|p1a: Corviknight|[miss]\n|-miss|p2a: Amoonguss|p1a: Corviknight\n|\n|upkeep\n|turn|21\n|\n|t:|1700429955\n|move|p1a: Corviknight|Fly|p2a: Amoonguss|[from]lockedmove\n|-damage|p2a: Amoonguss|56\/100\n|move|p2a: Amoonguss|Spore|p1a: Corviknight\n|-status|p1a: Corviknight|slp|[from] move: Spore\n|\n|upkeep\n|turn|22\n|\n|t:|1700429970\n|switch|p1a: Cinderace|Cinderace, F|100\/100\n|-damage|p1a: Cinderace|76\/100|[from] Stealth Rock\n|move|p2a: Amoonguss|Synthesis|p2a: Amoonguss\n|-heal|p2a: Amoonguss|100\/100\n|\n|upkeep\n|turn|23\n|\n|t:|1700429985\n|move|p1a: Cinderace|Trailblaze|p2a: Amoonguss\n|-supereffective|p2a: Amoonguss\n|-damage|p2a: Amoonguss|78\/100\n|-boost|p1a: Cinderace|spe|1\n|-status|p1a: Cinderace|par|[from] ability: Effect Spore|[of] p2a: Amoonguss\n|move|p2a: Amoonguss|Sludge Bomb|p1a: Cinderace\n|-damage|p1a: Cinderace|34\/100 par\n|\n|upkeep\n|turn|24\n|\n|t:|1700430001\n|move|p1a: Cinderace|Trailblaze|p2a: Amoonguss\n|-supereffective|p2a: Amoonguss\n|-damage|p2a: Amoonguss|58\/100\n|-boost|p1a: Cinderace|spe|1\n|move|p2a: Amoonguss|Sludge Bomb|p1a: Cinderace\n|-damage|p1a: Cinderace|0 fnt\n|faint|p1a: Cinderace\n|\n|upkeep\n|\n|t:|1700430008\n|switch|p1a: Drednaw|Drednaw, M|100\/100\n|-damage|p1a: Drednaw|88\/100|[from] Stealth Rock\n|turn|25\n|\n|t:|1700430017\n|move|p1a: Drednaw|Head Smash|p2a: Amoonguss|[miss]\n|-miss|p1a: Drednaw|p2a: Amoonguss\n|move|p2a: Amoonguss|Energy Ball|p1a: Drednaw\n|-supereffective|p1a: Drednaw\n|-damage|p1a: Drednaw|0 fnt\n|faint|p1a: Drednaw\n|\n|upkeep\n|\n|t:|1700430027\n|switch|p1a: Thievul|Thievul, M, tera:Poison|67\/100 par\n|-damage|p1a: Thievul|54\/100 par|[from] Stealth Rock\n|turn|26\n|\n|t:|1700430036\n|move|p1a: Thievul|Snarl|p2a: Amoonguss\n|-damage|p2a: Amoonguss|41\/100\n|-unboost|p2a: Amoonguss|spa|1\n|move|p2a: Amoonguss|Synthesis|p2a: Amoonguss\n|-heal|p2a: Amoonguss|91\/100\n|\n|upkeep\n|turn|27\n|\n|t:|1700430058\n|move|p1a: Thievul|Nasty Plot|p1a: Thievul\n|-boost|p1a: Thievul|spa|2\n|move|p2a: Amoonguss|Energy Ball|p1a: Thievul\n|-resisted|p1a: Thievul\n|-damage|p1a: Thievul|43\/100 par\n|\n|upkeep\n|turn|28\n|\n|t:|1700430075\n|switch|p2a: Clefable|Clefable, F|91\/100\n|move|p1a: Thievul|Nasty Plot|p1a: Thievul\n|-boost|p1a: Thievul|spa|2\n|\n|-heal|p2a: Clefable|97\/100|[from] item: Leftovers\n|upkeep\n|turn|29\n|\n|t:|1700430084\n|move|p2a: Clefable|Wish|p2a: Clefable\n|cant|p1a: Thievul|par\n|\n|-heal|p2a: Clefable|100\/100|[from] item: Leftovers\n|upkeep\n|turn|30\n|\n|t:|1700430091\n|move|p2a: Clefable|Moonblast|p1a: Thievul\n|-resisted|p1a: Thievul\n|-damage|p1a: Thievul|25\/100 par\n|move|p1a: Thievul|Psychic|p2a: Clefable\n|-damage|p2a: Clefable|66\/100\n|\n|-heal|p2a: Clefable|100\/100|[from] move: Wish|[wisher] Clefable\n|upkeep\n|turn|31\n|\n|t:|1700430099\n|move|p2a: Clefable|Moonblast|p1a: Thievul\n|-resisted|p1a: Thievul\n|-damage|p1a: Thievul|5\/100 par\n|-unboost|p1a: Thievul|spa|1\n|move|p1a: Thievul|Psychic|p2a: Clefable\n|-damage|p2a: Clefable|69\/100\n|\n|-heal|p2a: Clefable|75\/100|[from] item: Leftovers\n|upkeep\n|turn|32\n|\n|t:|1700430108\n|move|p2a: Clefable|Wish|p2a: Clefable\n|move|p1a: Thievul|Psychic|p2a: Clefable\n|-damage|p2a: Clefable|43\/100\n|-unboost|p2a: Clefable|spd|1\n|\n|-heal|p2a: Clefable|49\/100|[from] item: Leftovers\n|upkeep\n|turn|33\n|\n|t:|1700430114\n|move|p2a: Clefable|Moonblast|p1a: Thievul\n|-resisted|p1a: Thievul\n|-damage|p1a: Thievul|0 fnt\n|faint|p1a: Thievul\n|\n|-heal|p2a: Clefable|99\/100|[from] move: Wish|[wisher] Clefable\n|-heal|p2a: Clefable|100\/100|[from] item: Leftovers\n|upkeep\n|-message|MylesDUDE forfeited.\n|\n|win|Sing & Play\n|raw|MylesDUDE's rating: 1039 &rarr; <strong>1024<\/strong><br \/>(-15 for losing)\n|raw|Sing &amp; Play's rating: 1068 &rarr; <strong>1095<\/strong><br \/>(+27 for winning)\n|l|\u2606MylesDUDE\n","uploadtime":1700430125,"views":13,"p1id":"mylesdude","p2id":"singplay","formatid":"gen9nationaldexubers","rating":1024,"private":0,"password":""}