{"id":"gen9nationaldexubers-1992824314","p1":"Olie4","p2":"st.john52","format":"[Gen 9] National Dex Ubers","log":"|j|\u2606Olie4\n|j|\u2606st.john52\n|t:|1700238631\n|gametype|singles\n|player|p1|Olie4|lady|1173\n|player|p2|st.john52|clay|1075\n|teamsize|p1|6\n|teamsize|p2|6\n|gen|9\n|tier|[Gen 9] National Dex Ubers\n|rated|\n|rule|HP Percentage Mod: HP is shown in percentages\n|rule|Endless Battle Clause: Forcing endless battles is banned\n|rule|OHKO Clause: OHKO moves are banned\n|rule|Evasion Moves Clause: Evasion moves are banned\n|rule|Evasion Items Clause: Evasion items are banned\n|rule|Species Clause: Limit one of each Pok\u00e9mon\n|rule|Sleep Clause Mod: Limit one foe put to sleep\n|rule|Mega Rayquaza Clause: You cannot mega evolve Rayquaza\n|clearpoke\n|poke|p1|Regieleki|\n|poke|p1|Togekiss, M|\n|poke|p1|Greninja-*, M|\n|poke|p1|Ferrothorn, F|\n|poke|p1|Urshifu-*, F|\n|poke|p1|Pawmot, M|\n|poke|p2|Krookodile, M|\n|poke|p2|Dragapult, M|\n|poke|p2|Mimikyu, M|\n|poke|p2|Raichu-Alola, M|\n|poke|p2|Charizard, M|\n|poke|p2|Great Tusk|\n|teampreview\n|inactive|Battle timer is ON: inactive players will automatically lose when time's up. (requested by st.john52)\n|\n|t:|1700238641\n|start\n|switch|p1a: Ferrothorns|Ferrothorn, F|100\/100\n|switch|p2a: Dragapult|Dragapult, M, shiny|100\/100\n|turn|1\n|\n|t:|1700238653\n|move|p2a: Dragapult|U-turn|p1a: Ferrothorns\n|-damage|p1a: Ferrothorns|86\/100\n|-damage|p2a: Dragapult|88\/100|[from] ability: Iron Barbs|[of] p1a: Ferrothorns\n|\n|t:|1700238657\n|switch|p2a: Charizard|Charizard, M|100\/100|[from] U-turn\n|move|p1a: Ferrothorns|Knock Off|p2a: Charizard\n|-damage|p2a: Charizard|80\/100\n|\n|-heal|p1a: Ferrothorns|93\/100|[from] item: Leftovers\n|upkeep\n|turn|2\n|c|\u2606Olie4|now i feel bad for using legends\n|\n|t:|1700238673\n|switch|p1a: yourShifu|Urshifu-Rapid-Strike, F|100\/100\n|detailschange|p2a: Charizard|Charizard-Mega-Y, M\n|-mega|p2a: Charizard|Charizard|Charizardite Y\n|-weather|SunnyDay|[from] ability: Drought|[of] p2a: Charizard\n|move|p2a: Charizard|Weather Ball|p1a: yourShifu\n|-resisted|p1a: yourShifu\n|-damage|p1a: yourShifu|30\/100\n|\n|-weather|SunnyDay|[upkeep]\n|upkeep\n|turn|3\n|c|\u2606Olie4|OW\n|\n|t:|1700238682\n|move|p1a: yourShifu|Surging Strikes|p2a: Charizard\n|-supereffective|p2a: Charizard\n|-crit|p2a: Charizard\n|-damage|p2a: Charizard|55\/100\n|-supereffective|p2a: Charizard\n|-crit|p2a: Charizard\n|-damage|p2a: Charizard|29\/100\n|-supereffective|p2a: Charizard\n|-crit|p2a: Charizard\n|-damage|p2a: Charizard|1\/100\n|-hitcount|p2a: Charizard|3\n|move|p2a: Charizard|Solar Beam||[still]\n|-prepare|p2a: Charizard|Solar Beam\n|-anim|p2a: Charizard|Solar Beam|p1a: yourShifu\n|-supereffective|p1a: yourShifu\n|-damage|p1a: yourShifu|0 fnt\n|faint|p1a: yourShifu\n|\n|-weather|SunnyDay|[upkeep]\n|upkeep\n|c|\u2606Olie4|fun\n|\n|t:|1700238694\n|switch|p1a: Greeninja|Greninja, M|100\/100\n|turn|4\n|\n|t:|1700238704\n|switch|p2a: Dragapult|Dragapult, M, shiny|88\/100\n|move|p1a: Greeninja|U-turn|p2a: Dragapult\n|-start|p1a: Greeninja|typechange|Bug|[from] ability: Protean\n|-resisted|p2a: Dragapult\n|-damage|p2a: Dragapult|73\/100\n|-start|p1a: Greeninja|Disable|U-turn|[from] ability: Cursed Body|[of] p2a: Dragapult\n|\n|t:|1700238713\n|switch|p1a: Togekiss|Togekiss, M, shiny|100\/100|[from] U-turn\n|\n|-weather|SunnyDay|[upkeep]\n|-heal|p2a: Dragapult|79\/100|[from] item: Leftovers\n|upkeep\n|turn|5\n|\n|t:|1700238720\n|move|p2a: Dragapult|U-turn|p1a: Togekiss\n|-resisted|p1a: Togekiss\n|-damage|p1a: Togekiss|94\/100\n|\n|t:|1700238724\n|switch|p2a: Raichu|Raichu-Alola, M|100\/100|[from] U-turn\n|move|p1a: Togekiss|Thunder Wave|p2a: Raichu\n|-immune|p2a: Raichu\n|\n|-weather|SunnyDay|[upkeep]\n|-heal|p1a: Togekiss|99\/100|[from] item: Leftovers\n|upkeep\n|turn|6\n|\n|t:|1700238736\n|switch|p1a: Tall Pawmo|Pawmot, M|100\/100\n|move|p2a: Raichu|Nasty Plot|p2a: Raichu\n|-boost|p2a: Raichu|spa|2\n|\n|-weather|none\n|upkeep\n|turn|7\n|\n|t:|1700238757\n|move|p2a: Raichu|Focus Blast|p1a: Tall Pawmo\n|-damage|p1a: Tall Pawmo|0 fnt\n|faint|p1a: Tall Pawmo\n|\n|upkeep\n|-message|Olie4 forfeited.\n|\n|win|st.john52\n|raw|Olie4's rating: 1173 &rarr; <strong>1141<\/strong><br \/>(-32 for losing)\n|raw|st.john52's rating: 1075 &rarr; <strong>1112<\/strong><br \/>(+37 for winning)\n|l|\u2606Olie4\n","uploadtime":1700238765,"views":16,"p1id":"olie4","p2id":"stjohn52","formatid":"gen9nationaldexubers","rating":1112,"private":0,"password":""}