{"id":"gen9nationaldexubers-1999974015","p1":"Jeklabo","p2":"kabrador","format":"[Gen 9] National Dex Ubers","log":"|j|\u2606Jeklabo\n|j|\u2606kabrador\n|t:|1701136433\n|gametype|singles\n|player|p1|Jeklabo|169|\n|player|p2|kabrador|hilda|\n|teamsize|p1|6\n|teamsize|p2|6\n|gen|9\n|tier|[Gen 9] National Dex Ubers\n|rule|HP Percentage Mod: HP is shown in percentages\n|rule|Endless Battle Clause: Forcing endless battles is banned\n|rule|OHKO Clause: OHKO moves are banned\n|rule|Evasion Moves Clause: Evasion moves are banned\n|rule|Evasion Items Clause: Evasion items are banned\n|rule|Species Clause: Limit one of each Pok\u00e9mon\n|rule|Sleep Clause Mod: Limit one foe put to sleep\n|rule|Mega Rayquaza Clause: You cannot mega evolve Rayquaza\n|clearpoke\n|poke|p1|Darmanitan-Galar, F|\n|poke|p1|Ursaluna, F|\n|poke|p1|Slowking-Galar, F|\n|poke|p1|Cloyster, F|\n|poke|p1|Noivern, M|\n|poke|p1|Claydol|\n|poke|p2|Lugia|\n|poke|p2|Sinistcha|\n|poke|p2|Mawile, M|\n|poke|p2|Sneasler, M|\n|poke|p2|Haxorus, F|\n|poke|p2|Perrserker, M|\n|teampreview\n|j| alitar100\n|j| CrossingTheDelta\n|j| MoistestofMoose\n|\n|t:|1701136513\n|start\n|switch|p1a: Ursaluna|Ursaluna, F|100\/100\n|switch|p2a: Perrserker|Perrserker, M, shiny|100\/100\n|turn|1\n|\n|t:|1701136537\n|move|p2a: Perrserker|Stealth Rock|p1a: Ursaluna\n|-sidestart|p1: Jeklabo|move: Stealth Rock\n|move|p1a: Ursaluna|Headlong Rush|p2a: Perrserker\n|-supereffective|p2a: Perrserker\n|-enditem|p2a: Perrserker|Focus Sash\n|-damage|p2a: Perrserker|1\/100\n|-unboost|p1a: Ursaluna|def|1\n|-unboost|p1a: Ursaluna|spd|1\n|-enditem|p1a: Ursaluna|Eject Pack\n|\n|t:|1701136545\n|switch|p1a: Cloyster|Cloyster, F|100\/100\n|\n|upkeep\n|turn|2\n|\n|t:|1701136566\n|move|p1a: Cloyster|Rapid Spin|p2a: Perrserker\n|-resisted|p2a: Perrserker\n|-damage|p2a: Perrserker|0 fnt\n|-boost|p1a: Cloyster|spe|1\n|-sideend|p1: Jeklabo|Stealth Rock|[from] move: Rapid Spin|[of] p1a: Cloyster\n|faint|p2a: Perrserker\n|\n|upkeep\n|\n|t:|1701136613\n|switch|p2a: Sinistcha|Sinistcha, shiny|100\/100\n|turn|3\n|\n|t:|1701136631\n|-terastallize|p1a: Cloyster|Ghost\n|move|p1a: Cloyster|Shell Smash|p1a: Cloyster\n|-unboost|p1a: Cloyster|def|1\n|-unboost|p1a: Cloyster|spd|1\n|-boost|p1a: Cloyster|atk|2\n|-boost|p1a: Cloyster|spa|2\n|-boost|p1a: Cloyster|spe|2\n|move|p2a: Sinistcha|Matcha Gotcha|p1a: Cloyster\n|-damage|p1a: Cloyster|0 fnt\n|faint|p1a: Cloyster\n|\n|upkeep\n|\n|t:|1701136675\n|switch|p1a: The Manager|Darmanitan-Galar, F|100\/100\n|turn|4\n|\n|t:|1701136744\n|move|p1a: The Manager|U-turn|p2a: Sinistcha\n|-damage|p2a: Sinistcha|75\/100\n|\n|t:|1701136747\n|switch|p1a: Slowking|Slowking-Galar, F|100\/100|[from] U-turn\n|move|p2a: Sinistcha|Strength Sap|p1a: Slowking\n|-unboost|p1a: Slowking|atk|1\n|-heal|p2a: Sinistcha|100\/100\n|\n|upkeep\n|turn|5\n|\n|t:|1701136761\n|move|p2a: Sinistcha|Hex|p1a: Slowking\n|-supereffective|p1a: Slowking\n|-damage|p1a: Slowking|79\/100\n|move|p1a: Slowking|Future Sight|p2a: Sinistcha\n|-start|p1a: Slowking|move: Future Sight\n|\n|upkeep\n|turn|6\n|\n|t:|1701136795\n|move|p2a: Sinistcha|Calm Mind|p2a: Sinistcha\n|-boost|p2a: Sinistcha|spa|1\n|-boost|p2a: Sinistcha|spd|1\n|move|p1a: Slowking|Shadow Ball|p2a: Sinistcha\n|-supereffective|p2a: Sinistcha\n|-damage|p2a: Sinistcha|66\/100\n|\n|-heal|p2a: Sinistcha|72\/100|[from] item: Leftovers\n|upkeep\n|turn|7\n|\n|t:|1701136814\n|move|p2a: Sinistcha|Matcha Gotcha|p1a: Slowking\n|-resisted|p1a: Slowking\n|-damage|p1a: Slowking|68\/100\n|-heal|p2a: Sinistcha|79\/100|[from] drain|[of] p1a: Slowking\n|move|p1a: Slowking|Shadow Ball|p2a: Sinistcha\n|-supereffective|p2a: Sinistcha\n|-damage|p2a: Sinistcha|43\/100\n|\n|-end|p2a: Sinistcha|move: Future Sight\n|-damage|p2a: Sinistcha|2\/100\n|-heal|p2a: Sinistcha|8\/100|[from] item: Leftovers\n|upkeep\n|turn|8\n|\n|t:|1701136827\n|move|p2a: Sinistcha|Hex|p1a: Slowking\n|-supereffective|p1a: Slowking\n|-damage|p1a: Slowking|34\/100\n|move|p1a: Slowking|Future Sight|p2a: Sinistcha\n|-start|p1a: Slowking|move: Future Sight\n|\n|-heal|p2a: Sinistcha|14\/100|[from] item: Leftovers\n|upkeep\n|turn|9\n|\n|t:|1701136837\n|move|p2a: Sinistcha|Hex|p1a: Slowking\n|-supereffective|p1a: Slowking\n|-damage|p1a: Slowking|0 fnt\n|faint|p1a: Slowking\n|\n|-heal|p2a: Sinistcha|20\/100|[from] item: Leftovers\n|upkeep\n|\n|t:|1701136844\n|switch|p1a: Claydol|Claydol|100\/100\n|turn|10\n|\n|t:|1701136857\n|move|p1a: Claydol|Light Screen|p1a: Claydol\n|-sidestart|p1: Jeklabo|move: Light Screen\n|move|p2a: Sinistcha|Hex|p1a: Claydol\n|-supereffective|p1a: Claydol\n|-damage|p1a: Claydol|75\/100\n|\n|-end|p2a: Sinistcha|move: Future Sight\n|-crit|p2a: Sinistcha\n|-damage|p2a: Sinistcha|0 fnt\n|faint|p2a: Sinistcha\n|upkeep\n|\n|t:|1701136871\n|switch|p2a: Mawile|Mawile, M, shiny|100\/100\n|turn|11\n|\n|t:|1701136882\n|detailschange|p2a: Mawile|Mawile-Mega, M, shiny\n|-mega|p2a: Mawile|Mawile|Mawilite\n|move|p1a: Claydol|Reflect|p1a: Claydol\n|-sidestart|p1: Jeklabo|Reflect\n|move|p2a: Mawile|Knock Off|p1a: Claydol\n|-supereffective|p1a: Claydol\n|-damage|p1a: Claydol|13\/100\n|-enditem|p1a: Claydol|Light Clay|[from] move: Knock Off|[of] p2a: Mawile\n|\n|upkeep\n|turn|12\n|\n|t:|1701136892\n|move|p2a: Mawile|Sucker Punch||[still]\n|-fail|p2a: Mawile\n|move|p1a: Claydol|Teleport|p1a: Claydol\n|\n|t:|1701136895\n|switch|p1a: Ursaluna|Ursaluna, F|100\/100|[from] Teleport\n|\n|upkeep\n|turn|13\n|\n|t:|1701136913\n|move|p2a: Mawile|Knock Off|p1a: Ursaluna\n|-damage|p1a: Ursaluna|86\/100\n|move|p1a: Ursaluna|Headlong Rush|p2a: Mawile\n|-supereffective|p2a: Mawile\n|-damage|p2a: Mawile|0 fnt\n|-unboost|p1a: Ursaluna|def|1\n|-unboost|p1a: Ursaluna|spd|1\n|faint|p2a: Mawile\n|\n|upkeep\n|\n|t:|1701136932\n|switch|p2a: Haxorus|Haxorus, F, shiny|100\/100\n|-ability|p2a: Haxorus|Mold Breaker\n|turn|14\n|\n|t:|1701136953\n|switch|p1a: The Manager|Darmanitan-Galar, F|100\/100\n|move|p2a: Haxorus|Close Combat|p1a: The Manager\n|-supereffective|p1a: The Manager\n|-damage|p1a: The Manager|23\/100\n|-unboost|p2a: Haxorus|def|1\n|-unboost|p2a: Haxorus|spd|1\n|\n|upkeep\n|turn|15\n|\n|t:|1701136963\n|move|p1a: The Manager|Icicle Crash|p2a: Haxorus\n|-supereffective|p2a: Haxorus\n|-damage|p2a: Haxorus|0 fnt\n|faint|p2a: Haxorus\n|\n|upkeep\n|\n|t:|1701136968\n|switch|p2a: Lugia|Lugia, shiny|100\/100\n|turn|16\n|\n|t:|1701136973\n|-terastallize|p2a: Lugia|Water\n|move|p1a: The Manager|Icicle Crash|p2a: Lugia\n|-resisted|p2a: Lugia\n|-crit|p2a: Lugia\n|-damage|p2a: Lugia|87\/100\n|cant|p2a: Lugia|flinch\n|\n|upkeep\n|turn|17\n|\n|t:|1701136988\n|switch|p1a: Ursaluna|Ursaluna, F|86\/100\n|move|p2a: Lugia|Aeroblast|p1a: Ursaluna\n|-damage|p1a: Ursaluna|72\/100\n|\n|-sideend|p1: Jeklabo|move: Light Screen\n|upkeep\n|turn|18\n|\n|t:|1701136999\n|move|p2a: Lugia|Psychic|p1a: Ursaluna\n|-damage|p1a: Ursaluna|46\/100\n|move|p1a: Ursaluna|Body Slam|p2a: Lugia\n|-damage|p2a: Lugia|63\/100\n|\n|-sideend|p1: Jeklabo|Reflect\n|upkeep\n|turn|19\n|\n|t:|1701137017\n|move|p2a: Lugia|Psychic|p1a: Ursaluna\n|-damage|p1a: Ursaluna|22\/100\n|move|p1a: Ursaluna|Body Slam|p2a: Lugia\n|-damage|p2a: Lugia|35\/100\n|-status|p2a: Lugia|par\n|\n|upkeep\n|turn|20\n|\n|t:|1701137024\n|move|p1a: Ursaluna|Body Slam|p2a: Lugia\n|-damage|p2a: Lugia|9\/100 par\n|move|p2a: Lugia|Aeroblast|p1a: Ursaluna\n|-damage|p1a: Ursaluna|0 fnt\n|faint|p1a: Ursaluna\n|\n|upkeep\n|\n|t:|1701137030\n|switch|p1a: The Manager|Darmanitan-Galar, F|23\/100\n|turn|21\n|\n|t:|1701137036\n|move|p1a: The Manager|Earthquake|p2a: Lugia\n|-damage|p2a: Lugia|0 fnt\n|faint|p2a: Lugia\n|\n|upkeep\n|\n|t:|1701137040\n|switch|p2a: Sneasler|Sneasler, M, shiny|100\/100\n|turn|22\n|\n|t:|1701137074\n|move|p2a: Sneasler|Close Combat|p1a: The Manager\n|-supereffective|p1a: The Manager\n|-damage|p1a: The Manager|0 fnt\n|-unboost|p2a: Sneasler|def|1\n|-unboost|p2a: Sneasler|spd|1\n|faint|p1a: The Manager\n|\n|upkeep\n|\n|t:|1701137080\n|switch|p1a: Noivern|Noivern, M|100\/100\n|-item|p2a: Sneasler|Choice Scarf|[from] ability: Frisk|[of] p1a: Noivern|[identify]\n|turn|23\n|\n|t:|1701137086\n|move|p2a: Sneasler|Close Combat|p1a: Noivern\n|-resisted|p1a: Noivern\n|-damage|p1a: Noivern|58\/100\n|-unboost|p2a: Sneasler|def|1\n|-unboost|p2a: Sneasler|spd|1\n|move|p1a: Noivern|Boomburst|p2a: Sneasler\n|-damage|p2a: Sneasler|0 fnt\n|faint|p2a: Sneasler\n|-enditem|p1a: Noivern|Throat Spray\n|\n|win|Jeklabo\n|l|\u2606Jeklabo\n|l| MoistestofMoose\n|l|\u2606kabrador\n","uploadtime":1701137155,"views":3,"p1id":"jeklabo","p2id":"kabrador","formatid":"gen9nationaldexubers","rating":0,"private":0,"password":""}