{"id":"gen9nationaldexubers-1978195502","p1":"Lurfyywyd","p2":"RegiF","format":"[Gen 9] National Dex Ubers","log":"|j|\u2606Lurfyywyd\n|j|\u2606RegiF\n|t:|1698511368\n|gametype|singles\n|player|p1|Lurfyywyd|101|1180\n|player|p2|RegiF|bugcatcher-gen4dp|1144\n|teamsize|p1|6\n|teamsize|p2|6\n|gen|9\n|tier|[Gen 9] National Dex Ubers\n|rated|\n|rule|HP Percentage Mod: HP is shown in percentages\n|rule|Endless Battle Clause: Forcing endless battles is banned\n|rule|OHKO Clause: OHKO moves are banned\n|rule|Evasion Moves Clause: Evasion moves are banned\n|rule|Evasion Items Clause: Evasion items are banned\n|rule|Species Clause: Limit one of each Pok\u00e9mon\n|rule|Sleep Clause Mod: Limit one foe put to sleep\n|rule|Mega Rayquaza Clause: You cannot mega evolve Rayquaza\n|clearpoke\n|poke|p1|Pelipper, F|\n|poke|p1|Blastoise, M|\n|poke|p1|Landorus-Therian, M|\n|poke|p1|Palafin, M|\n|poke|p1|Zapdos|\n|poke|p1|Weavile, F|\n|poke|p2|Steelix, F|\n|poke|p2|Annihilape, M|\n|poke|p2|Kartana|\n|poke|p2|Volcarona, F|\n|poke|p2|Glimmora, F|\n|poke|p2|Aggron, M|\n|teampreview\n|inactive|Battle timer is ON: inactive players will automatically lose when time's up. (requested by RegiF)\n|c|\u2606Lurfyywyd|Finnaly\n|c|\u2606Lurfyywyd|a team where nobody spams legendarys\n|c|\u2606Lurfyywyd|cool onix\n|\n|t:|1698511385\n|start\n|switch|p1a: Blastoise|Blastoise, M|100\/100\n|switch|p2a: Glimmora|Glimmora, F|100\/100\n|turn|1\n|\n|t:|1698511392\n|detailschange|p1a: Blastoise|Blastoise-Mega, M\n|-mega|p1a: Blastoise|Blastoise|Blastoisinite\n|move|p2a: Glimmora|Stealth Rock|p1a: Blastoise\n|-sidestart|p1: Lurfyywyd|move: Stealth Rock\n|move|p1a: Blastoise|Shell Smash|p1a: Blastoise\n|-unboost|p1a: Blastoise|def|1\n|-unboost|p1a: Blastoise|spd|1\n|-boost|p1a: Blastoise|atk|2\n|-boost|p1a: Blastoise|spa|2\n|-boost|p1a: Blastoise|spe|2\n|\n|upkeep\n|turn|2\n|\n|t:|1698511402\n|move|p1a: Blastoise|Aura Sphere|p2a: Glimmora\n|-damage|p2a: Glimmora|24\/100\n|move|p2a: Glimmora|Spikes|p1a: Blastoise\n|-sidestart|p1: Lurfyywyd|Spikes\n|\n|upkeep\n|turn|3\n|\n|t:|1698511408\n|move|p1a: Blastoise|Aura Sphere|p2a: Glimmora\n|-damage|p2a: Glimmora|0 fnt\n|faint|p2a: Glimmora\n|\n|upkeep\n|\n|t:|1698511413\n|switch|p2a: Kartana|Kartana|100\/100\n|turn|4\n|\n|t:|1698511420\n|move|p1a: Blastoise|Aura Sphere|p2a: Kartana\n|-supereffective|p2a: Kartana\n|-damage|p2a: Kartana|0 fnt\n|faint|p2a: Kartana\n|\n|upkeep\n|\n|t:|1698511425\n|switch|p2a: Steelix|Steelix, F|100\/100\n|turn|5\n|\n|t:|1698511435\n|move|p1a: Blastoise|Aura Sphere|p2a: Steelix\n|-supereffective|p2a: Steelix\n|-ability|p2a: Steelix|Sturdy\n|-damage|p2a: Steelix|1\/100\n|move|p2a: Steelix|Body Press|p1a: Blastoise\n|-damage|p1a: Blastoise|57\/100\n|\n|upkeep\n|turn|6\n|\n|t:|1698511445\n|detailschange|p2a: Steelix|Steelix-Mega, F\n|-mega|p2a: Steelix|Steelix|Steelixite\n|move|p1a: Blastoise|Water Pulse|p2a: Steelix\n|-supereffective|p2a: Steelix\n|-damage|p2a: Steelix|0 fnt\n|faint|p2a: Steelix\n|\n|upkeep\n|\n|t:|1698511450\n|switch|p2a: Aggron|Aggron, M|100\/100\n|turn|7\n|\n|t:|1698511461\n|move|p1a: Blastoise|Aura Sphere|p2a: Aggron\n|-supereffective|p2a: Aggron\n|-damage|p2a: Aggron|0 fnt\n|faint|p2a: Aggron\n|\n|upkeep\n|\n|t:|1698511467\n|switch|p2a: Annihilape|Annihilape, M|100\/100\n|turn|8\n|\n|t:|1698511473\n|-terastallize|p2a: Annihilape|Fighting\n|move|p1a: Blastoise|Dragon Pulse|p2a: Annihilape\n|-damage|p2a: Annihilape|10\/100\n|move|p2a: Annihilape|Drain Punch|p1a: Blastoise\n|-damage|p1a: Blastoise|0 fnt\n|-heal|p2a: Annihilape|33\/100|[from] drain|[of] p1a: Blastoise\n|faint|p1a: Blastoise\n|\n|upkeep\n|\n|t:|1698511480\n|switch|p1a: Landorus|Landorus-Therian, M|100\/100\n|-damage|p1a: Landorus|88\/100|[from] Stealth Rock\n|-ability|p1a: Landorus|Intimidate|boost\n|-unboost|p2a: Annihilape|atk|1\n|-ability|p2a: Annihilape|Defiant|boost\n|-boost|p2a: Annihilape|atk|2\n|turn|9\n|\n|t:|1698511488\n|move|p1a: Landorus|Earthquake|p2a: Annihilape\n|-damage|p2a: Annihilape|0 fnt\n|faint|p2a: Annihilape\n|\n|upkeep\n|\n|t:|1698511492\n|switch|p2a: Volcarona|Volcarona, F|100\/100\n|turn|10\n|\n|t:|1698511498\n|move|p1a: Landorus|Earthquake|p2a: Volcarona\n|-damage|p2a: Volcarona|17\/100\n|move|p2a: Volcarona|Quiver Dance|p2a: Volcarona\n|-boost|p2a: Volcarona|spa|1\n|-boost|p2a: Volcarona|spd|1\n|-boost|p2a: Volcarona|spe|1\n|\n|upkeep\n|turn|11\n|\n|t:|1698511506\n|move|p1a: Landorus|Earthquake|p2a: Volcarona\n|-damage|p2a: Volcarona|0 fnt\n|faint|p2a: Volcarona\n|\n|win|Lurfyywyd\n|raw|Lurfyywyd's rating: 1180 &rarr; <strong>1202<\/strong><br \/>(+22 for winning)\n|raw|RegiF's rating: 1144 &rarr; <strong>1122<\/strong><br \/>(-22 for losing)\n","uploadtime":1698511512,"views":21,"p1id":"lurfyywyd","p2id":"regif","formatid":"gen9nationaldexubers","rating":1122,"private":0,"password":""}