{"id":"gen9nationaldexubers-1994098714","p1":"David uwu35","p2":"HarukaSlowpoke","format":"[Gen 9] National Dex Ubers","log":"|j|\u2606David uwu35\n|j|\u2606HarukaSlowpoke\n|t:|1700406641\n|gametype|singles\n|player|p1|David uwu35|shadowtriad|\n|player|p2|HarukaSlowpoke|veteran|\n|teamsize|p1|6\n|teamsize|p2|6\n|gen|9\n|tier|[Gen 9] National Dex Ubers\n|rule|HP Percentage Mod: HP is shown in percentages\n|rule|Endless Battle Clause: Forcing endless battles is banned\n|rule|OHKO Clause: OHKO moves are banned\n|rule|Evasion Moves Clause: Evasion moves are banned\n|rule|Evasion Items Clause: Evasion items are banned\n|rule|Species Clause: Limit one of each Pok\u00e9mon\n|rule|Sleep Clause Mod: Limit one foe put to sleep\n|rule|Mega Rayquaza Clause: You cannot mega evolve Rayquaza\n|clearpoke\n|poke|p1|Gholdengo|\n|poke|p1|Dondozo, F|\n|poke|p1|Chien-Pao|\n|poke|p1|Iron Valiant|\n|poke|p1|Sableye, M|\n|poke|p1|Rhyperior, F|\n|poke|p2|Slowbro, M|\n|poke|p2|Hatterene, F|\n|poke|p2|Grimmsnarl, M|\n|poke|p2|Skeledirge, F|\n|poke|p2|Meowscarada, F|\n|poke|p2|Excadrill, F|\n|teampreview\n|inactive|Battle timer is ON: inactive players will automatically lose when time's up. (requested by HarukaSlowpoke)\n|\n|t:|1700406663\n|start\n|switch|p1a: Rhyperior|Rhyperior, F|100\/100\n|switch|p2a: Grimmsnarl|Grimmsnarl, M|100\/100\n|turn|1\n|\n|t:|1700406675\n|move|p2a: Grimmsnarl|Parting Shot|p1a: Rhyperior\n|-unboost|p1a: Rhyperior|atk|1\n|-unboost|p1a: Rhyperior|spa|1\n|\n|t:|1700406692\n|switch|p2a: Meowscarada|Meowscarada, F|100\/100|[from] Parting Shot\n|move|p1a: Rhyperior|Iron Defense|p1a: Rhyperior\n|-boost|p1a: Rhyperior|def|2\n|\n|upkeep\n|turn|2\n|\n|t:|1700406713\n|-terastallize|p1a: Rhyperior|Grass\n|move|p2a: Meowscarada|Flower Trick|p1a: Rhyperior\n|-start|p2a: Meowscarada|typechange|Grass|[from] ability: Protean\n|-resisted|p1a: Rhyperior\n|-crit|p1a: Rhyperior\n|-damage|p1a: Rhyperior|84\/100\n|move|p1a: Rhyperior|Swords Dance|p1a: Rhyperior\n|-boost|p1a: Rhyperior|atk|2\n|\n|-heal|p1a: Rhyperior|90\/100|[from] item: Leftovers\n|upkeep\n|turn|3\n|inactive|HarukaSlowpoke has 270 seconds left.\n|inactive|HarukaSlowpoke has 240 seconds left.\n|\n|t:|1700406779\n|move|p2a: Meowscarada|Toxic Spikes|p1a: Rhyperior\n|-sidestart|p1: David uwu35|move: Toxic Spikes\n|move|p1a: Rhyperior|Earthquake|p2a: Meowscarada\n|-resisted|p2a: Meowscarada\n|-damage|p2a: Meowscarada|33\/100\n|-enditem|p2a: Meowscarada|Sitrus Berry|[eat]\n|-heal|p2a: Meowscarada|58\/100|[from] item: Sitrus Berry\n|\n|-heal|p1a: Rhyperior|96\/100|[from] item: Leftovers\n|upkeep\n|turn|4\n|\n|t:|1700406795\n|move|p2a: Meowscarada|Toxic Spikes|p1a: Rhyperior\n|-sidestart|p1: David uwu35|move: Toxic Spikes\n|move|p1a: Rhyperior|Swords Dance|p1a: Rhyperior\n|-boost|p1a: Rhyperior|atk|2\n|\n|-heal|p1a: Rhyperior|100\/100|[from] item: Leftovers\n|upkeep\n|turn|5\n|inactive|HarukaSlowpoke has 210 seconds left.\n|\n|t:|1700406846\n|move|p1a: Rhyperior|Earthquake|p2a: Meowscarada\n|-resisted|p2a: Meowscarada\n|-damage|p2a: Meowscarada|0 fnt\n|faint|p2a: Meowscarada\n|\n|upkeep\n|inactive|HarukaSlowpoke has 180 seconds left.\n|\n|t:|1700406874\n|switch|p2a: Skeledirge|Skeledirge, F|100\/100\n|turn|6\n|\n|t:|1700406882\n|-terastallize|p2a: Skeledirge|Flying\n|move|p2a: Skeledirge|Torch Song|p1a: Rhyperior\n|-supereffective|p1a: Rhyperior\n|-crit|p1a: Rhyperior\n|-damage|p1a: Rhyperior|0 fnt\n|-boost|p2a: Skeledirge|spa|1\n|faint|p1a: Rhyperior\n|\n|upkeep\n|inactive|David uwu35 has 270 seconds left.\n|\n|t:|1700406932\n|switch|p1a: Dondozo|Dondozo, F|100\/100\n|-status|p1a: Dondozo|tox\n|turn|7\n|inactive|HarukaSlowpoke has 180 seconds left.\n|\n|t:|1700406951\n|move|p2a: Skeledirge|Shadow Ball|p1a: Dondozo\n|-damage|p1a: Dondozo|67\/100 tox\n|-unboost|p1a: Dondozo|spd|1\n|move|p1a: Dondozo|Wave Crash|p2a: Skeledirge\n|-damage|p2a: Skeledirge|63\/100\n|-damage|p1a: Dondozo|57\/100 tox|[from] Recoil\n|\n|-damage|p1a: Dondozo|51\/100 tox|[from] psn\n|upkeep\n|turn|8\n|\n|t:|1700406972\n|switch|p1a: Sableye|Sableye, M|100\/100\n|-status|p1a: Sableye|tox\n|move|p2a: Skeledirge|Shadow Ball|p1a: Sableye\n|-crit|p1a: Sableye\n|-damage|p1a: Sableye|0 fnt\n|faint|p1a: Sableye\n|\n|upkeep\n|inactive|David uwu35 has 240 seconds left.\n|\n|t:|1700406984\n|switch|p1a: Iron Valiant|Iron Valiant|100\/100\n|-status|p1a: Iron Valiant|tox\n|-enditem|p1a: Iron Valiant|Booster Energy\n|-activate|p1a: Iron Valiant|ability: Quark Drive|[fromitem]\n|-start|p1a: Iron Valiant|quarkdrivespe\n|turn|9\n|inactive|David uwu35 has 240 seconds left.\n|\n|t:|1700407004\n|move|p1a: Iron Valiant|Hypnosis|p2a: Skeledirge|[miss]\n|-miss|p1a: Iron Valiant|p2a: Skeledirge\n|move|p2a: Skeledirge|Torch Song|p1a: Iron Valiant\n|-damage|p1a: Iron Valiant|13\/100 tox\n|-boost|p2a: Skeledirge|spa|1\n|\n|-damage|p1a: Iron Valiant|7\/100 tox|[from] psn\n|upkeep\n|turn|10\n|inactive|David uwu35 has 240 seconds left.\n|inactive|HarukaSlowpoke has 150 seconds left.\n|\n|t:|1700407033\n|move|p1a: Iron Valiant|Moonblast|p2a: Skeledirge\n|-damage|p2a: Skeledirge|31\/100\n|-unboost|p2a: Skeledirge|spa|1\n|move|p2a: Skeledirge|Torch Song|p1a: Iron Valiant\n|-damage|p1a: Iron Valiant|0 fnt\n|-boost|p2a: Skeledirge|spa|1\n|faint|p1a: Iron Valiant\n|-end|p1a: Iron Valiant|Quark Drive|[silent]\n|\n|upkeep\n|\n|t:|1700407044\n|switch|p1a: Dondozo|Dondozo, F|51\/100 tox\n|turn|11\n|\n|t:|1700407056\n|move|p2a: Skeledirge|Shadow Ball|p1a: Dondozo\n|-damage|p1a: Dondozo|19\/100 tox\n|-enditem|p1a: Dondozo|Sitrus Berry|[eat]\n|-heal|p1a: Dondozo|44\/100 tox|[from] item: Sitrus Berry\n|move|p1a: Dondozo|Wave Crash|p2a: Skeledirge\n|-damage|p2a: Skeledirge|0 fnt\n|faint|p2a: Skeledirge\n|-damage|p1a: Dondozo|36\/100 tox|[from] Recoil\n|\n|-damage|p1a: Dondozo|30\/100 tox|[from] psn\n|upkeep\n|inactive|HarukaSlowpoke has 150 seconds left.\n|\n|t:|1700407071\n|switch|p2a: Hatterene|Hatterene, F|100\/100\n|turn|12\n|inactive|David uwu35 has 240 seconds left.\n|inactive|HarukaSlowpoke has 150 seconds left.\n|\n|t:|1700407083\n|switch|p1a: Gholdengo|Gholdengo|100\/100\n|move|p2a: Hatterene|Trick Room|p2a: Hatterene\n|-fieldstart|move: Trick Room|[of] p2a: Hatterene\n|\n|upkeep\n|turn|13\n|inactive|HarukaSlowpoke has 150 seconds left.\n|\n|t:|1700407093\n|switch|p2a: Excadrill|Excadrill, F|100\/100\n|-ability|p2a: Excadrill|Mold Breaker\n|move|p1a: Gholdengo|Nasty Plot|p1a: Gholdengo\n|-boost|p1a: Gholdengo|spa|2\n|\n|upkeep\n|turn|14\n|inactive|HarukaSlowpoke has 150 seconds left.\n|\n|t:|1700407106\n|move|p1a: Gholdengo|Shadow Ball|p2a: Excadrill\n|-damage|p2a: Excadrill|12\/100\n|move|p2a: Excadrill|Drill Run|p1a: Gholdengo\n|-supereffective|p1a: Gholdengo\n|-damage|p1a: Gholdengo|17\/100\n|\n|-heal|p1a: Gholdengo|23\/100|[from] item: Leftovers\n|upkeep\n|turn|15\n|inactive|HarukaSlowpoke has 150 seconds left.\n|\n|t:|1700407128\n|switch|p2a: Grimmsnarl|Grimmsnarl, M|100\/100\n|move|p1a: Gholdengo|Shadow Ball|p2a: Grimmsnarl\n|-resisted|p2a: Grimmsnarl\n|-damage|p2a: Grimmsnarl|59\/100\n|\n|-heal|p1a: Gholdengo|29\/100|[from] item: Leftovers\n|upkeep\n|turn|16\n|\n|t:|1700407147\n|move|p2a: Grimmsnarl|Sucker Punch|p1a: Gholdengo\n|-supereffective|p1a: Gholdengo\n|-damage|p1a: Gholdengo|0 fnt\n|faint|p1a: Gholdengo\n|\n|-fieldend|move: Trick Room\n|upkeep\n|\n|t:|1700407158\n|switch|p1a: Dondozo|Dondozo, F|30\/100 tox\n|turn|17\n|\n|t:|1700407181\n|switch|p2a: Slowbro|Slowbro, M|100\/100\n|move|p1a: Dondozo|Curse|p1a: Dondozo\n|-unboost|p1a: Dondozo|spe|1\n|-boost|p1a: Dondozo|atk|1\n|-boost|p1a: Dondozo|def|1\n|\n|-damage|p1a: Dondozo|23\/100 tox|[from] psn\n|upkeep\n|turn|18\n|\n|t:|1700407195\n|detailschange|p2a: Slowbro|Slowbro-Mega, M\n|-mega|p2a: Slowbro|Slowbro|Slowbronite\n|move|p1a: Dondozo|Wave Crash|p2a: Slowbro\n|-resisted|p2a: Slowbro\n|-damage|p2a: Slowbro|83\/100\n|-damage|p1a: Dondozo|19\/100 tox|[from] Recoil\n|move|p2a: Slowbro|Trick Room|p2a: Slowbro\n|-fieldstart|move: Trick Room|[of] p2a: Slowbro\n|\n|-damage|p1a: Dondozo|6\/100 tox|[from] psn\n|upkeep\n|turn|19\n|\n|t:|1700407213\n|move|p1a: Dondozo|Wave Crash|p2a: Slowbro\n|-resisted|p2a: Slowbro\n|-damage|p2a: Slowbro|67\/100\n|-damage|p1a: Dondozo|2\/100 tox|[from] Recoil\n|move|p2a: Slowbro|Nasty Plot|p2a: Slowbro\n|-boost|p2a: Slowbro|spa|2\n|\n|-damage|p1a: Dondozo|0 fnt|[from] psn\n|faint|p1a: Dondozo\n|upkeep\n|\n|t:|1700407224\n|switch|p1a: Chien-Pao|Chien-Pao|100\/100\n|-status|p1a: Chien-Pao|tox\n|-ability|p1a: Chien-Pao|Sword of Ruin\n|turn|20\n|\n|t:|1700407237\n|move|p2a: Slowbro|Scald|p1a: Chien-Pao\n|-crit|p1a: Chien-Pao\n|-enditem|p1a: Chien-Pao|Focus Sash\n|-damage|p1a: Chien-Pao|1\/100 tox\n|move|p1a: Chien-Pao|Swords Dance|p1a: Chien-Pao\n|-boost|p1a: Chien-Pao|atk|2\n|\n|-damage|p1a: Chien-Pao|0 fnt|[from] psn\n|faint|p1a: Chien-Pao\n|\n|win|HarukaSlowpoke\n|upkeep\n|l|\u2606HarukaSlowpoke\n|l|\u2606David uwu35\n|j|\u2606David uwu35\n|player|p1|David uwu35|shadowtriad\n|j|\u2606HarukaSlowpoke\n|player|p2|HarukaSlowpoke|veteran\n","uploadtime":1700407405,"views":10,"p1id":"daviduwu35","p2id":"harukaslowpoke","formatid":"gen9nationaldexubers","rating":0,"private":0,"password":""}