{"id":"gen9nationaldexubers-1980775751","p1":"iafk141","p2":"0100100001101001t","format":"[Gen 9] National Dex Ubers","log":"|j|\u2606iafk141\n|j|\u26060100100001101001t\n|t:|1698830901\n|gametype|singles\n|player|p1|iafk141|265|1191\n|player|p2|0100100001101001t|ninjaboy|1049\n|teamsize|p1|6\n|teamsize|p2|6\n|gen|9\n|tier|[Gen 9] National Dex Ubers\n|rated|\n|rule|HP Percentage Mod: HP is shown in percentages\n|rule|Endless Battle Clause: Forcing endless battles is banned\n|rule|OHKO Clause: OHKO moves are banned\n|rule|Evasion Moves Clause: Evasion moves are banned\n|rule|Evasion Items Clause: Evasion items are banned\n|rule|Species Clause: Limit one of each Pok\u00e9mon\n|rule|Sleep Clause Mod: Limit one foe put to sleep\n|rule|Mega Rayquaza Clause: You cannot mega evolve Rayquaza\n|clearpoke\n|poke|p1|Mimikyu, F|\n|poke|p1|Dragapult, F|\n|poke|p1|Grimmsnarl, M|\n|poke|p1|Tapu Fini|\n|poke|p1|Ceruledge, F|\n|poke|p1|Skeledirge, F|\n|poke|p2|Salamence, F|\n|poke|p2|Xerneas-*|\n|poke|p2|Yveltal|\n|poke|p2|Ho-Oh|\n|poke|p2|Marshadow|\n|poke|p2|Groudon|\n|teampreview\n|inactive|Battle timer is ON: inactive players will automatically lose when time's up. (requested by 0100100001101001t)\n|\n|t:|1698830917\n|start\n|switch|p1a: Grimmsnarl|Grimmsnarl, M|100\/100\n|switch|p2a: Ho-Oh|Ho-Oh|100\/100\n|turn|1\n|\n|t:|1698830931\n|move|p1a: Grimmsnarl|Taunt|p2a: Ho-Oh\n|-start|p2a: Ho-Oh|move: Taunt\n|move|p2a: Ho-Oh|Sacred Fire|p1a: Grimmsnarl\n|-damage|p1a: Grimmsnarl|44\/100\n|-status|p1a: Grimmsnarl|brn\n|\n|-damage|p1a: Grimmsnarl|38\/100 brn|[from] brn\n|upkeep\n|turn|2\n|inactive|iafk141 has 120 seconds left.\n|\n|t:|1698830968\n|move|p1a: Grimmsnarl|Reflect|p1a: Grimmsnarl\n|-sidestart|p1: iafk141|Reflect\n|move|p2a: Ho-Oh|Sacred Fire|p1a: Grimmsnarl\n|-damage|p1a: Grimmsnarl|13\/100 brn\n|\n|-damage|p1a: Grimmsnarl|7\/100 brn|[from] brn\n|upkeep\n|turn|3\n|inactive|iafk141 has 120 seconds left.\n|\n|t:|1698830976\n|switch|p2a: Yveltal|Yveltal|100\/100\n|-ability|p2a: Yveltal|Dark Aura\n|move|p1a: Grimmsnarl|Light Screen|p1a: Grimmsnarl\n|-sidestart|p1: iafk141|move: Light Screen\n|\n|-damage|p1a: Grimmsnarl|0 fnt|[from] brn\n|faint|p1a: Grimmsnarl\n|upkeep\n|inactive|iafk141 has 120 seconds left.\n|\n|t:|1698831010\n|switch|p1a: Tapu Fini|Tapu Fini|100\/100\n|-fieldstart|move: Misty Terrain|[from] ability: Misty Surge|[of] p1a: Tapu Fini\n|turn|4\n|\n|t:|1698831021\n|move|p2a: Yveltal|Knock Off|p1a: Tapu Fini\n|-resisted|p1a: Tapu Fini\n|-damage|p1a: Tapu Fini|90\/100\n|-enditem|p1a: Tapu Fini|Leftovers|[from] move: Knock Off|[of] p2a: Yveltal\n|move|p1a: Tapu Fini|Moonblast|p2a: Yveltal\n|-supereffective|p2a: Yveltal\n|-damage|p2a: Yveltal|53\/100\n|\n|upkeep\n|turn|5\n|\n|t:|1698831027\n|move|p2a: Yveltal|Roost|p2a: Yveltal\n|-heal|p2a: Yveltal|100\/100\n|-singleturn|p2a: Yveltal|move: Roost\n|move|p1a: Tapu Fini|Scald|p2a: Yveltal\n|-damage|p2a: Yveltal|80\/100\n|\n|upkeep\n|turn|6\n|\n|t:|1698831037\n|switch|p2a: Groudon|Groudon|100\/100\n|detailschange|p2a: Groudon|Groudon-Primal\n|-primal|p2a: Groudon|Red Orb\n|-weather|DesolateLand|[from] ability: Desolate Land|[of] p2a: Groudon\n|move|p1a: Tapu Fini|Scald||[still]\n|-fail|p1a: Tapu Fini|Scald|[from] Desolate Land\n|\n|-weather|DesolateLand|[upkeep]\n|upkeep\n|turn|7\n|inactive|iafk141 has 120 seconds left.\n|\n|t:|1698831047\n|move|p2a: Groudon|Solar Beam||[still]\n|-prepare|p2a: Groudon|Solar Beam\n|-anim|p2a: Groudon|Solar Beam|p1a: Tapu Fini\n|-supereffective|p1a: Tapu Fini\n|-damage|p1a: Tapu Fini|47\/100\n|move|p1a: Tapu Fini|Moonblast|p2a: Groudon\n|-resisted|p2a: Groudon\n|-damage|p2a: Groudon|83\/100\n|\n|-weather|DesolateLand|[upkeep]\n|upkeep\n|turn|8\n|inactive|iafk141 has 120 seconds left.\n|\n|t:|1698831065\n|switch|p1a: Skeledirge|Skeledirge, F|100\/100\n|move|p2a: Groudon|Solar Beam||[still]\n|-prepare|p2a: Groudon|Solar Beam\n|-anim|p2a: Groudon|Solar Beam|p1a: Skeledirge\n|-resisted|p1a: Skeledirge\n|-damage|p1a: Skeledirge|91\/100\n|\n|-weather|DesolateLand|[upkeep]\n|-fieldend|Misty Terrain\n|upkeep\n|turn|9\n|inactive|iafk141 has 120 seconds left.\n|\n|t:|1698831076\n|-weather|none\n|switch|p2a: Ho-Oh|Ho-Oh|100\/100\n|move|p1a: Skeledirge|Torch Song|p2a: Ho-Oh\n|-resisted|p2a: Ho-Oh\n|-crit|p2a: Ho-Oh\n|-damage|p2a: Ho-Oh|91\/100\n|-boost|p1a: Skeledirge|spa|1\n|\n|-sideend|p1: iafk141|Reflect\n|upkeep\n|turn|10\n|\n|t:|1698831086\n|move|p1a: Skeledirge|Torch Song|p2a: Ho-Oh\n|-resisted|p2a: Ho-Oh\n|-damage|p2a: Ho-Oh|81\/100\n|-boost|p1a: Skeledirge|spa|1\n|move|p2a: Ho-Oh|Whirlwind|p1a: Skeledirge\n|drag|p1a: Mimikyu|Mimikyu, F|100\/100\n|\n|-sideend|p1: iafk141|move: Light Screen\n|upkeep\n|turn|11\n|\n|t:|1698831098\n|switch|p1a: Tapu Fini|Tapu Fini|47\/100\n|-fieldstart|move: Misty Terrain|[from] ability: Misty Surge|[of] p1a: Tapu Fini\n|move|p2a: Ho-Oh|Will-O-Wisp|p1a: Tapu Fini\n|-activate|p1a: Tapu Fini|move: Misty Terrain\n|\n|upkeep\n|turn|12\n|\n|t:|1698831109\n|switch|p2a: Groudon|Groudon-Primal|83\/100\n|-weather|DesolateLand|[from] ability: Desolate Land|[of] p2a: Groudon\n|move|p1a: Tapu Fini|Scald||[still]\n|-fail|p1a: Tapu Fini|Scald|[from] Desolate Land\n|\n|-weather|DesolateLand|[upkeep]\n|upkeep\n|turn|13\n|\n|t:|1698831115\n|switch|p1a: Skeledirge|Skeledirge, F|91\/100\n|move|p2a: Groudon|Rock Polish|p2a: Groudon\n|-boost|p2a: Groudon|spe|2\n|\n|-weather|DesolateLand|[upkeep]\n|upkeep\n|turn|14\n|\n|t:|1698831119\n|move|p2a: Groudon|Earth Power|p1a: Skeledirge\n|-supereffective|p1a: Skeledirge\n|-damage|p1a: Skeledirge|7\/100\n|-unboost|p1a: Skeledirge|spd|1\n|move|p1a: Skeledirge|Torch Song|p2a: Groudon\n|-resisted|p2a: Groudon\n|-damage|p2a: Groudon|59\/100\n|-boost|p1a: Skeledirge|spa|1\n|\n|-weather|DesolateLand|[upkeep]\n|upkeep\n|turn|15\n|\n|t:|1698831129\n|move|p2a: Groudon|Earth Power|p1a: Skeledirge\n|-supereffective|p1a: Skeledirge\n|-damage|p1a: Skeledirge|0 fnt\n|faint|p1a: Skeledirge\n|\n|-weather|DesolateLand|[upkeep]\n|-fieldend|Misty Terrain\n|upkeep\n|inactive|iafk141 has 120 seconds left.\n|\n|t:|1698831166\n|switch|p1a: Mimikyu|Mimikyu, F|100\/100\n|turn|16\n|inactive|iafk141 has 120 seconds left.\n|\n|t:|1698831172\n|move|p2a: Groudon|Flamethrower|p1a: Mimikyu\n|-activate|p1a: Mimikyu|ability: Disguise\n|-damage|p1a: Mimikyu|100\/100\n|detailschange|p1a: Mimikyu|Mimikyu-Busted, F\n|-damage|p1a: Mimikyu|88\/100|[from] pokemon: Mimikyu-Busted\n|move|p1a: Mimikyu|Swords Dance|p1a: Mimikyu\n|-boost|p1a: Mimikyu|atk|2\n|\n|-weather|DesolateLand|[upkeep]\n|upkeep\n|turn|17\n|\n|t:|1698831175\n|move|p1a: Mimikyu|Shadow Sneak|p2a: Groudon\n|-damage|p2a: Groudon|37\/100\n|move|p2a: Groudon|Flamethrower|p1a: Mimikyu\n|-damage|p1a: Mimikyu|0 fnt\n|faint|p1a: Mimikyu\n|\n|-weather|DesolateLand|[upkeep]\n|upkeep\n|-message|iafk141 forfeited.\n|\n|win|0100100001101001t\n|raw|iafk141's rating: 1191 &rarr; <strong>1156<\/strong><br \/>(-35 for losing)\n|raw|0100100001101001t's rating: 1049 &rarr; <strong>1094<\/strong><br \/>(+45 for winning)\n|l|\u2606iafk141\n","uploadtime":1698831185,"views":7,"p1id":"iafk141","p2id":"0100100001101001t","formatid":"gen9nationaldexubers","rating":1094,"private":0,"password":""}