{"id":"gen9nationaldexubers-1997317498","p1":"quaj","p2":"doubletrouble84","format":"[Gen 9] National Dex Ubers","log":"|j|\u2606quaj\n|j|\u2606doubletrouble84\n|t:|1700788661\n|gametype|singles\n|player|p1|quaj|koga|1242\n|player|p2|doubletrouble84|steven|1305\n|teamsize|p1|6\n|teamsize|p2|6\n|gen|9\n|tier|[Gen 9] National Dex Ubers\n|rated|\n|rule|HP Percentage Mod: HP is shown in percentages\n|rule|Endless Battle Clause: Forcing endless battles is banned\n|rule|OHKO Clause: OHKO moves are banned\n|rule|Evasion Moves Clause: Evasion moves are banned\n|rule|Evasion Items Clause: Evasion items are banned\n|rule|Species Clause: Limit one of each Pok\u00e9mon\n|rule|Sleep Clause Mod: Limit one foe put to sleep\n|rule|Mega Rayquaza Clause: You cannot mega evolve Rayquaza\n|clearpoke\n|poke|p1|Hippowdon, M|\n|poke|p1|Dracovish|\n|poke|p1|Metagross|\n|poke|p1|Lycanroc-Dusk, F|\n|poke|p1|Great Tusk|\n|poke|p1|Nihilego|\n|poke|p2|Marshadow|\n|poke|p2|Deoxys-Speed|\n|poke|p2|Zygarde|\n|poke|p2|Zacian-*|\n|poke|p2|Chien-Pao|\n|poke|p2|Kyogre|\n|teampreview\n|inactive|Battle timer is ON: inactive players will automatically lose when time's up. (requested by doubletrouble84)\n|inactive|quaj also wants the timer to be on.\n|c|\u2606quaj|hello frend\n|\n|t:|1700788677\n|start\n|switch|p1a: Hippowdon|Hippowdon, M|100\/100\n|switch|p2a: Deoxys|Deoxys-Speed|100\/100\n|-ability|p2a: Deoxys|Pressure\n|-weather|Sandstorm|[from] ability: Sand Stream|[of] p1a: Hippowdon\n|turn|1\n|c|\u2606doubletrouble84|Hi\n|c|\u2606quaj|wuzzup\n|\n|t:|1700788688\n|move|p2a: Deoxys|Taunt|p1a: Hippowdon\n|-start|p1a: Hippowdon|move: Taunt\n|move|p1a: Hippowdon|Crunch|p2a: Deoxys\n|-supereffective|p2a: Deoxys\n|-damage|p2a: Deoxys|45\/100\n|\n|-weather|Sandstorm|[upkeep]\n|-damage|p2a: Deoxys|39\/100|[from] Sandstorm\n|upkeep\n|turn|2\n|\n|t:|1700788696\n|switch|p1a: Dracovish|Dracovish|100\/100\n|move|p2a: Deoxys|Stealth Rock|p1a: Dracovish\n|-sidestart|p1: quaj|move: Stealth Rock\n|\n|-weather|Sandstorm|[upkeep]\n|-damage|p2a: Deoxys|32\/100|[from] Sandstorm\n|upkeep\n|turn|3\n|\n|t:|1700788703\n|-terastallize|p1a: Dracovish|Water\n|move|p1a: Dracovish|Fishious Rend|p2a: Deoxys\n|-damage|p2a: Deoxys|0 fnt\n|faint|p2a: Deoxys\n|\n|-weather|Sandstorm|[upkeep]\n|upkeep\n|\n|t:|1700788710\n|switch|p2a: Marshadow|Marshadow|100\/100\n|turn|4\n|c|\u2606quaj|you okay bud?\n|\n|t:|1700788716\n|move|p1a: Dracovish|Fishious Rend|p2a: Marshadow\n|-enditem|p2a: Marshadow|Focus Sash\n|-damage|p2a: Marshadow|1\/100\n|move|p2a: Marshadow|Poltergeist|p1a: Dracovish|[miss]\n|-miss|p2a: Marshadow|p1a: Dracovish\n|\n|-weather|Sandstorm|[upkeep]\n|-damage|p2a: Marshadow|0 fnt|[from] Sandstorm\n|faint|p2a: Marshadow\n|upkeep\n|\n|t:|1700788729\n|switch|p2a: Chien-Pao|Chien-Pao|100\/100\n|-ability|p2a: Chien-Pao|Sword of Ruin\n|turn|5\n|\n|t:|1700788734\n|-terastallize|p2a: Chien-Pao|Dark\n|move|p2a: Chien-Pao|Sucker Punch|p1a: Dracovish\n|-damage|p1a: Dracovish|39\/100\n|move|p1a: Dracovish|Fishious Rend|p2a: Chien-Pao\n|-damage|p2a: Chien-Pao|0 fnt\n|faint|p2a: Chien-Pao\n|\n|-weather|Sandstorm|[upkeep]\n|upkeep\n|\n|t:|1700788743\n|switch|p2a: Kyogre|Kyogre|100\/100\n|detailschange|p2a: Kyogre|Kyogre-Primal\n|-primal|p2a: Kyogre|Blue Orb\n|-weather|PrimordialSea|[from] ability: Primordial Sea|[of] p2a: Kyogre\n|turn|6\n|c|\u2606quaj|im faster\n|inactive|doubletrouble84 has 120 seconds left.\n|\n|t:|1700788781\n|move|p1a: Dracovish|Fishious Rend|p2a: Kyogre\n|-resisted|p2a: Kyogre\n|-crit|p2a: Kyogre\n|-damage|p2a: Kyogre|0 fnt\n|faint|p2a: Kyogre\n|-weather|none\n|\n|upkeep\n|\n|t:|1700788786\n|switch|p2a: Zacian|Zacian-Crowned|100\/100\n|-ability|p2a: Zacian|Intrepid Sword|boost\n|-boost|p2a: Zacian|atk|1\n|turn|7\n|c|\u2606quaj|:p\n|\n|t:|1700788805\n|move|p2a: Zacian|Wild Charge|p1a: Dracovish\n|-supereffective|p1a: Dracovish\n|-damage|p1a: Dracovish|0 fnt\n|faint|p1a: Dracovish\n|-damage|p2a: Zacian|91\/100|[from] Recoil\n|\n|upkeep\n|\n|t:|1700788809\n|switch|p1a: Lycanroc|Lycanroc-Dusk, F|100\/100\n|-damage|p1a: Lycanroc|88\/100|[from] Stealth Rock\n|turn|8\n|\n|t:|1700788817\n|move|p2a: Zacian|Behemoth Blade|p1a: Lycanroc\n|-supereffective|p1a: Lycanroc\n|-damage|p1a: Lycanroc|0 fnt\n|faint|p1a: Lycanroc\n|\n|upkeep\n|\n|t:|1700788823\n|switch|p1a: Great Tusk|Great Tusk|100\/100\n|-damage|p1a: Great Tusk|98\/100|[from] Stealth Rock\n|turn|9\n|\n|t:|1700788829\n|move|p2a: Zacian|Play Rough|p1a: Great Tusk|[miss]\n|-miss|p2a: Zacian|p1a: Great Tusk\n|-zpower|p1a: Great Tusk\n|move|p1a: Great Tusk|Tectonic Rage|p2a: Zacian|[zeffect]\n|-supereffective|p2a: Zacian\n|-damage|p2a: Zacian|0 fnt\n|faint|p2a: Zacian\n|\n|upkeep\n|inactive|doubletrouble84 has 120 seconds left.\n|\n|t:|1700788870\n|switch|p2a: Zygarde|Zygarde|100\/100\n|turn|10\n|\n|t:|1700788877\n|move|p1a: Great Tusk|Ice Spinner|p2a: Zygarde\n|-supereffective|p2a: Zygarde\n|-damage|p2a: Zygarde|15\/100\n|move|p2a: Zygarde|Thousand Arrows|p1a: Great Tusk\n|-damage|p1a: Great Tusk|71\/100\n|\n|-heal|p2a: Zygarde|21\/100|[from] item: Leftovers\n|-activate|p2a: Zygarde|ability: Power Construct\n|detailschange|p2a: Zygarde|Zygarde-Complete\n|-heal|p2a: Zygarde|51\/100|[silent]\n|upkeep\n|turn|11\n|inactive|doubletrouble84 has 120 seconds left.\n|inactive|doubletrouble84 has 90 seconds left.\n|inactive|doubletrouble84 has 60 seconds left.\n|inactive|doubletrouble84 has 30 seconds left.\n|inactive|doubletrouble84 has 20 seconds left.\n|inactive|doubletrouble84 has 15 seconds left.\n|inactive|doubletrouble84 has 10 seconds left.\n|inactive|doubletrouble84 has 5 seconds left.\n|-message|doubletrouble84 lost due to inactivity.\n|\n|win|quaj\n|raw|quaj's rating: 1242 &rarr; <strong>1271<\/strong><br \/>(+29 for winning)\n|raw|doubletrouble84's rating: 1305 &rarr; <strong>1281<\/strong><br \/>(-24 for losing)\n|l|\u2606quaj\n","uploadtime":1700789022,"views":4,"p1id":"quaj","p2id":"doubletrouble84","formatid":"gen9nationaldexubers","rating":1271,"private":0,"password":""}