{"id":"gen9nationaldexubers-1988113007","p1":"djkslaf","p2":"fdbsisixifidi","format":"[Gen 9] National Dex Ubers","log":"|j|\u2606djkslaf\n|j|\u2606fdbsisixifidi\n|t:|1699671123\n|gametype|singles\n|player|p1|djkslaf|lyra|1312\n|player|p2|fdbsisixifidi|bellelba|1249\n|teamsize|p1|6\n|teamsize|p2|6\n|gen|9\n|tier|[Gen 9] National Dex Ubers\n|rated|\n|rule|HP Percentage Mod: HP is shown in percentages\n|rule|Endless Battle Clause: Forcing endless battles is banned\n|rule|OHKO Clause: OHKO moves are banned\n|rule|Evasion Moves Clause: Evasion moves are banned\n|rule|Evasion Items Clause: Evasion items are banned\n|rule|Species Clause: Limit one of each Pok\u00e9mon\n|rule|Sleep Clause Mod: Limit one foe put to sleep\n|rule|Mega Rayquaza Clause: You cannot mega evolve Rayquaza\n|clearpoke\n|poke|p1|Cyclizar, F|\n|poke|p1|Magearna|\n|poke|p1|Dragapult, M|\n|poke|p1|Kingambit, F|\n|poke|p1|Great Tusk|\n|poke|p1|Landorus-Therian, M|\n|poke|p2|Lucario, F|\n|poke|p2|Greninja-*, M|\n|poke|p2|Staraptor, F|\n|poke|p2|Weavile, F|\n|poke|p2|Garchomp, M|\n|poke|p2|Polteageist|\n|teampreview\n|inactive|Battle timer is ON: inactive players will automatically lose when time's up. (requested by fdbsisixifidi)\n|\n|t:|1699671130\n|start\n|switch|p1a: Cyclizar|Cyclizar, F|100\/100\n|switch|p2a: Polteageist|Polteageist|100\/100\n|turn|1\n|\n|t:|1699671140\n|move|p1a: Cyclizar|Knock Off|p2a: Polteageist\n|-supereffective|p2a: Polteageist\n|-damage|p2a: Polteageist|17\/100\n|-ability|p2a: Polteageist|Weak Armor|boost\n|-unboost|p2a: Polteageist|def|1\n|-boost|p2a: Polteageist|spe|2\n|-enditem|p2a: Polteageist|Focus Sash|[from] move: Knock Off|[of] p1a: Cyclizar\n|move|p2a: Polteageist|Shell Smash|p2a: Polteageist\n|-unboost|p2a: Polteageist|def|1\n|-unboost|p2a: Polteageist|spd|1\n|-boost|p2a: Polteageist|atk|2\n|-boost|p2a: Polteageist|spa|2\n|-boost|p2a: Polteageist|spe|2\n|\n|upkeep\n|turn|2\n|\n|t:|1699671154\n|move|p2a: Polteageist|Stored Power|p1a: Cyclizar\n|-damage|p1a: Cyclizar|0 fnt\n|faint|p1a: Cyclizar\n|\n|upkeep\n|\n|t:|1699671162\n|switch|p1a: Kingambit|Kingambit, F|100\/100\n|-activate|p1a: Kingambit|ability: Supreme Overlord\n|-start|p1a: Kingambit|fallen1|[silent]\n|turn|3\n|\n|t:|1699671167\n|move|p1a: Kingambit|Sucker Punch|p2a: Polteageist\n|-supereffective|p2a: Polteageist\n|-damage|p2a: Polteageist|0 fnt\n|faint|p2a: Polteageist\n|\n|upkeep\n|\n|t:|1699671178\n|switch|p2a: Lucario|Lucario, F|100\/100\n|turn|4\n|\n|t:|1699671184\n|-end|p1a: Kingambit|fallen1|[silent]\n|switch|p1a: Dragapult|Dragapult, M|100\/100\n|detailschange|p2a: Lucario|Lucario-Mega, F\n|-mega|p2a: Lucario|Lucario|Lucarionite\n|move|p2a: Lucario|Close Combat|p1a: Dragapult\n|-immune|p1a: Dragapult\n|\n|upkeep\n|turn|5\n|\n|t:|1699671193\n|move|p1a: Dragapult|Substitute|p1a: Dragapult\n|-start|p1a: Dragapult|Substitute\n|-damage|p1a: Dragapult|76\/100\n|move|p2a: Lucario|Crunch|p1a: Dragapult\n|-supereffective|p1a: Dragapult\n|-end|p1a: Dragapult|Substitute\n|\n|upkeep\n|turn|6\n|\n|t:|1699671215\n|switch|p1a: Great Tusk|Great Tusk|100\/100\n|move|p2a: Lucario|Crunch|p1a: Great Tusk\n|-resisted|p1a: Great Tusk\n|-damage|p1a: Great Tusk|89\/100\n|\n|-heal|p1a: Great Tusk|95\/100|[from] item: Leftovers\n|upkeep\n|turn|7\n|inactive|fdbsisixifidi has 120 seconds left.\n|\n|t:|1699671246\n|move|p2a: Lucario|Close Combat|p1a: Great Tusk\n|-damage|p1a: Great Tusk|24\/100\n|-unboost|p2a: Lucario|def|1\n|-unboost|p2a: Lucario|spd|1\n|move|p1a: Great Tusk|Close Combat|p2a: Lucario\n|-supereffective|p2a: Lucario\n|-crit|p2a: Lucario\n|-damage|p2a: Lucario|0 fnt\n|-unboost|p1a: Great Tusk|def|1\n|-unboost|p1a: Great Tusk|spd|1\n|faint|p2a: Lucario\n|\n|-heal|p1a: Great Tusk|30\/100|[from] item: Leftovers\n|upkeep\n|\n|t:|1699671250\n|switch|p2a: Greninja|Greninja, M|100\/100\n|turn|8\n|\n|t:|1699671268\n|-end|p1a: Great Tusk|Protosynthesis|[silent]\n|switch|p1a: Magearna|Magearna|100\/100\n|move|p2a: Greninja|Ice Beam|p1a: Magearna\n|-resisted|p1a: Magearna\n|-damage|p1a: Magearna|85\/100\n|-damage|p2a: Greninja|91\/100|[from] item: Life Orb\n|\n|-heal|p1a: Magearna|91\/100|[from] item: Leftovers\n|upkeep\n|turn|9\n|\n|t:|1699671280\n|move|p2a: Greninja|Hydro Pump|p1a: Magearna\n|-damage|p1a: Magearna|43\/100\n|-damage|p2a: Greninja|81\/100|[from] item: Life Orb\n|move|p1a: Magearna|Calm Mind|p1a: Magearna\n|-boost|p1a: Magearna|spa|1\n|-boost|p1a: Magearna|spd|1\n|\n|-heal|p1a: Magearna|49\/100|[from] item: Leftovers\n|upkeep\n|turn|10\n|\n|t:|1699671289\n|move|p2a: Greninja|Hydro Pump|p1a: Magearna\n|-damage|p1a: Magearna|12\/100\n|-damage|p2a: Greninja|71\/100|[from] item: Life Orb\n|move|p1a: Magearna|Draining Kiss|p2a: Greninja\n|-supereffective|p2a: Greninja\n|-damage|p2a: Greninja|0 fnt\n|-heal|p1a: Magearna|54\/100|[from] drain|[of] p2a: Greninja\n|faint|p2a: Greninja\n|-ability|p1a: Magearna|Soul-Heart|boost\n|-boost|p1a: Magearna|spa|1\n|\n|-heal|p1a: Magearna|60\/100|[from] item: Leftovers\n|upkeep\n|\n|t:|1699671298\n|switch|p2a: Garchomp|Garchomp, M|100\/100\n|turn|11\n|\n|t:|1699671318\n|switch|p1a: Landorus|Landorus-Therian, M|100\/100\n|-ability|p1a: Landorus|Intimidate|boost\n|-unboost|p2a: Garchomp|atk|1\n|move|p2a: Garchomp|Earthquake|p1a: Landorus\n|-immune|p1a: Landorus\n|\n|upkeep\n|turn|12\n|\n|t:|1699671329\n|switch|p2a: Weavile|Weavile, F|100\/100\n|move|p1a: Landorus|Stealth Rock|p2a: Weavile\n|-sidestart|p2: fdbsisixifidi|move: Stealth Rock\n|\n|upkeep\n|turn|13\n|\n|t:|1699671338\n|switch|p1a: Magearna|Magearna|60\/100\n|move|p2a: Weavile|Triple Axel|p1a: Magearna\n|-resisted|p1a: Magearna\n|-damage|p1a: Magearna|57\/100\n|-resisted|p1a: Magearna\n|-damage|p1a: Magearna|50\/100\n|-resisted|p1a: Magearna\n|-damage|p1a: Magearna|39\/100\n|-hitcount|p1a: Magearna|3\n|\n|-heal|p1a: Magearna|45\/100|[from] item: Leftovers\n|upkeep\n|turn|14\n|inactive|fdbsisixifidi has 120 seconds left.\n|inactive|fdbsisixifidi has 90 seconds left.\n|inactive|fdbsisixifidi has 60 seconds left.\n|inactive|fdbsisixifidi has 30 seconds left.\n|inactive|fdbsisixifidi has 20 seconds left.\n|inactive|fdbsisixifidi has 15 seconds left.\n|inactive|fdbsisixifidi has 10 seconds left.\n|inactive|fdbsisixifidi has 5 seconds left.\n|-message|fdbsisixifidi lost due to inactivity.\n|\n|win|djkslaf\n|raw|djkslaf's rating: 1312 &rarr; <strong>1327<\/strong><br \/>(+15 for winning)\n|raw|fdbsisixifidi's rating: 1216 &rarr; <strong>1198<\/strong><br \/>(-18 for losing)\n|l|\u2606fdbsisixifidi\n","uploadtime":1699671494,"views":5,"p1id":"djkslaf","p2id":"fdbsisixifidi","formatid":"gen9nationaldexubers","rating":1198,"private":0,"password":""}