{"id":"gen9nationaldexubers-1994977093","p1":"average blancbrime","p2":"dieu offi","format":"[Gen 9] National Dex Ubers","log":"|j|\u2606average blancbrime\n|j|\u2606dieu offi\n|t:|1700509798\n|gametype|singles\n|player|p1|average blancbrime|sailor|\n|player|p2|dieu offi|101|\n|teamsize|p1|6\n|teamsize|p2|6\n|gen|9\n|tier|[Gen 9] National Dex Ubers\n|rule|HP Percentage Mod: HP is shown in percentages\n|rule|Endless Battle Clause: Forcing endless battles is banned\n|rule|OHKO Clause: OHKO moves are banned\n|rule|Evasion Moves Clause: Evasion moves are banned\n|rule|Evasion Items Clause: Evasion items are banned\n|rule|Species Clause: Limit one of each Pok\u00e9mon\n|rule|Sleep Clause Mod: Limit one foe put to sleep\n|rule|Mega Rayquaza Clause: You cannot mega evolve Rayquaza\n|clearpoke\n|poke|p1|Ogerpon-Cornerstone, F|\n|poke|p1|Zapdos-Galar|\n|poke|p1|Maushold-Four|\n|poke|p1|Iron Treads|\n|poke|p1|Tapu Koko|\n|poke|p1|Sinistcha-Masterpiece|\n|poke|p2|Kyurem|\n|poke|p2|Altaria, M|\n|poke|p2|Garchomp, F|\n|poke|p2|Dragalge, F|\n|poke|p2|Latias, F|\n|poke|p2|Roaring Moon|\n|teampreview\n|\n|t:|1700509814\n|start\n|switch|p1a: Ogerpon|Ogerpon-Cornerstone, F|100\/100\n|switch|p2a: Kyurem|Kyurem|100\/100\n|-ability|p2a: Kyurem|Pressure\n|turn|1\n|\n|t:|1700509828\n|move|p1a: Ogerpon|Ivy Cudgel|p2a: Kyurem|[anim] Ivy Cudgel Rock\n|-supereffective|p2a: Kyurem\n|-damage|p2a: Kyurem|0 fnt\n|faint|p2a: Kyurem\n|\n|upkeep\n|\n|t:|1700509844\n|switch|p2a: Dragalge|Dragalge, F|100\/100\n|turn|2\n|inactive|Battle timer is ON: inactive players will automatically lose when time's up. (requested by dieu offi)\n|c|\u2606average blancbrime|Je suis type roche et tu te dis chill ???\n|\n|t:|1700509864\n|switch|p2a: Garchomp|Garchomp, F|100\/100\n|move|p1a: Ogerpon|Spikes|p2a: Garchomp\n|-sidestart|p2: dieu offi|Spikes\n|\n|upkeep\n|turn|3\n|\n|t:|1700509873\n|move|p1a: Ogerpon|Spikes|p2a: Garchomp\n|-sidestart|p2: dieu offi|Spikes\n|move|p2a: Garchomp|Earthquake|p1a: Ogerpon\n|-damage|p1a: Ogerpon|49\/100\n|\n|upkeep\n|turn|4\n|\n|t:|1700509884\n|move|p1a: Ogerpon|Spikes|p2a: Garchomp\n|-sidestart|p2: dieu offi|Spikes\n|move|p2a: Garchomp|Earthquake|p1a: Ogerpon\n|-damage|p1a: Ogerpon|0 fnt\n|faint|p1a: Ogerpon\n|\n|upkeep\n|\n|t:|1700509897\n|switch|p1a: Tapu Koko|Tapu Koko|100\/100\n|-fieldstart|move: Electric Terrain|[from] ability: Electric Surge|[of] p1a: Tapu Koko\n|turn|5\n|\n|t:|1700509906\n|move|p1a: Tapu Koko|Dazzling Gleam|p2a: Garchomp\n|-supereffective|p2a: Garchomp\n|-damage|p2a: Garchomp|10\/100\n|move|p2a: Garchomp|Earthquake|p1a: Tapu Koko\n|-supereffective|p1a: Tapu Koko\n|-damage|p1a: Tapu Koko|0 fnt\n|faint|p1a: Tapu Koko\n|\n|upkeep\n|\n|t:|1700509930\n|switch|p1a: Iron Treads|Iron Treads|100\/100\n|-activate|p1a: Iron Treads|ability: Quark Drive\n|-start|p1a: Iron Treads|quarkdrivespe\n|turn|6\n|\n|t:|1700509941\n|move|p1a: Iron Treads|Earthquake|p2a: Garchomp\n|-damage|p2a: Garchomp|0 fnt\n|faint|p2a: Garchomp\n|\n|upkeep\n|\n|t:|1700509956\n|switch|p2a: Roaring Moon|Roaring Moon|100\/100\n|-damage|p2a: Roaring Moon|76\/100|[from] Spikes\n|-enditem|p2a: Roaring Moon|Booster Energy\n|-activate|p2a: Roaring Moon|ability: Protosynthesis|[fromitem]\n|-start|p2a: Roaring Moon|protosynthesisatk\n|turn|7\n|\n|t:|1700509970\n|move|p1a: Iron Treads|Ice Spinner|p2a: Roaring Moon\n|-supereffective|p2a: Roaring Moon\n|-damage|p2a: Roaring Moon|11\/100\n|-fieldend|move: Electric Terrain\n|-end|p1a: Iron Treads|Quark Drive\n|move|p2a: Roaring Moon|Dragon Dance|p2a: Roaring Moon\n|-boost|p2a: Roaring Moon|atk|1\n|-boost|p2a: Roaring Moon|spe|1\n|\n|upkeep\n|turn|8\n|\n|t:|1700509983\n|move|p2a: Roaring Moon|Earthquake|p1a: Iron Treads\n|-supereffective|p1a: Iron Treads\n|-damage|p1a: Iron Treads|0 fnt\n|faint|p1a: Iron Treads\n|-end|p1a: Iron Treads|Quark Drive|[silent]\n|\n|upkeep\n|\n|t:|1700509989\n|switch|p1a: Zapdos|Zapdos-Galar|100\/100\n|turn|9\n|\n|t:|1700509996\n|move|p2a: Roaring Moon|Acrobatics|p1a: Zapdos\n|-supereffective|p1a: Zapdos\n|-damage|p1a: Zapdos|0 fnt\n|faint|p1a: Zapdos\n|\n|upkeep\n|\n|t:|1700510003\n|switch|p1a: Sinistcha|Sinistcha-Masterpiece|100\/100\n|turn|10\n|\n|t:|1700510015\n|-terastallize|p1a: Sinistcha|Dark\n|move|p2a: Roaring Moon|Knock Off|p1a: Sinistcha\n|-resisted|p1a: Sinistcha\n|-damage|p1a: Sinistcha|65\/100\n|-enditem|p1a: Sinistcha|Leftovers|[from] move: Knock Off|[of] p2a: Roaring Moon\n|move|p1a: Sinistcha|Shadow Ball|p2a: Roaring Moon\n|-resisted|p2a: Roaring Moon\n|-damage|p2a: Roaring Moon|0 fnt\n|faint|p2a: Roaring Moon\n|-end|p2a: Roaring Moon|Protosynthesis|[silent]\n|\n|upkeep\n|\n|t:|1700510029\n|switch|p2a: Altaria|Altaria, M|100\/100\n|turn|11\n|c|\u2606average blancbrime|Extremement tanky\n|\n|t:|1700510047\n|detailschange|p2a: Altaria|Altaria-Mega, M\n|-mega|p2a: Altaria|Altaria|Altarianite\n|move|p2a: Altaria|Dragon Dance|p2a: Altaria\n|-boost|p2a: Altaria|atk|1\n|-boost|p2a: Altaria|spe|1\n|move|p1a: Sinistcha|Strength Sap|p2a: Altaria\n|-unboost|p2a: Altaria|atk|1\n|-heal|p1a: Sinistcha|100\/100\n|\n|upkeep\n|turn|12\n|\n|t:|1700510073\n|move|p2a: Altaria|Return|p1a: Sinistcha\n|-supereffective|p1a: Sinistcha\n|-damage|p1a: Sinistcha|29\/100\n|move|p1a: Sinistcha|Shadow Ball|p2a: Altaria\n|-damage|p2a: Altaria|64\/100\n|\n|upkeep\n|turn|13\n|\n|t:|1700510085\n|move|p2a: Altaria|Return|p1a: Sinistcha\n|-supereffective|p1a: Sinistcha\n|-damage|p1a: Sinistcha|0 fnt\n|faint|p1a: Sinistcha\n|\n|upkeep\n|\n|t:|1700510088\n|switch|p1a: Maushold|Maushold-Four|100\/100\n|turn|14\n|c|\u2606average blancbrime|J'ai loose mdr\n|\n|t:|1700510108\n|move|p2a: Altaria|Return|p1a: Maushold\n|-damage|p1a: Maushold|11\/100\n|move|p1a: Maushold|Population Bomb|p2a: Altaria\n|-damage|p2a: Altaria|52\/100\n|-damage|p2a: Altaria|40\/100\n|-damage|p2a: Altaria|29\/100\n|-damage|p2a: Altaria|17\/100\n|-damage|p2a: Altaria|6\/100\n|-damage|p2a: Altaria|0 fnt\n|faint|p2a: Altaria\n|-hitcount|p2: Altaria|6\n|\n|upkeep\n|\n|t:|1700510114\n|switch|p2a: Latias|Latias, F|100\/100\n|turn|15\n|\n|t:|1700510128\n|move|p2a: Latias|Psyshock|p1a: Maushold\n|-damage|p1a: Maushold|0 fnt\n|faint|p1a: Maushold\n|\n|win|dieu offi\n|l|\u2606average blancbrime\n|c|\u2606dieu offi|Gg\n","uploadtime":1700510143,"views":1,"p1id":"averageblancbrime","p2id":"dieuoffi","formatid":"gen9nationaldexubers","rating":0,"private":0,"password":""}