{"id":"gen9nationaldexubers-1993956602","p1":"its_notacewastaken","p2":"Nlbig","format":"[Gen 9] National Dex Ubers","log":"|j|\u2606its_notacewastaken\n|j|\u2606Nlbig\n|t:|1700382478\n|gametype|singles\n|player|p1|its_notacewastaken|hilda|1105\n|player|p2|Nlbig|102|1215\n|teamsize|p1|6\n|teamsize|p2|6\n|gen|9\n|tier|[Gen 9] National Dex Ubers\n|rated|\n|rule|HP Percentage Mod: HP is shown in percentages\n|rule|Endless Battle Clause: Forcing endless battles is banned\n|rule|OHKO Clause: OHKO moves are banned\n|rule|Evasion Moves Clause: Evasion moves are banned\n|rule|Evasion Items Clause: Evasion items are banned\n|rule|Species Clause: Limit one of each Pok\u00e9mon\n|rule|Sleep Clause Mod: Limit one foe put to sleep\n|rule|Mega Rayquaza Clause: You cannot mega evolve Rayquaza\n|clearpoke\n|poke|p1|Dracovish|\n|poke|p1|Great Tusk|\n|poke|p1|Deoxys-Defense|\n|poke|p1|Xerneas-*|\n|poke|p1|Greninja-*, M|\n|poke|p1|Rotom-Heat|\n|poke|p2|Magearna|\n|poke|p2|Pheromosa|\n|poke|p2|Zygarde|\n|poke|p2|Salamence, M|\n|poke|p2|Shuckle, M|\n|poke|p2|Marshadow|\n|teampreview\n|inactive|Battle timer is ON: inactive players will automatically lose when time's up. (requested by Nlbig)\n|inactiveoff|Battle timer is now OFF.\n|inactive|Battle timer is ON: inactive players will automatically lose when time's up. (requested by its_notacewastaken)\n|\n|t:|1700382489\n|start\n|switch|p1a: Autism|Deoxys-Defense, shiny|100\/100\n|switch|p2a: Shuckle|Shuckle, M|100\/100\n|-ability|p1a: Autism|Pressure\n|turn|1\n|\n|t:|1700382495\n|move|p1a: Autism|Taunt|p2a: Shuckle\n|-start|p2a: Shuckle|move: Taunt\n|-enditem|p2a: Shuckle|Mental Herb\n|-end|p2a: Shuckle|move: Taunt\n|move|p2a: Shuckle|Sticky Web|p1a: Autism\n|-sidestart|p1: its_notacewastaken|move: Sticky Web\n|\n|upkeep\n|turn|2\n|\n|t:|1700382502\n|move|p1a: Autism|Taunt|p2a: Shuckle\n|-start|p2a: Shuckle|move: Taunt\n|move|p2a: Shuckle|Knock Off|p1a: Autism\n|-supereffective|p1a: Autism\n|-damage|p1a: Autism|93\/100\n|-enditem|p1a: Autism|Leftovers|[from] move: Knock Off|[of] p2a: Shuckle\n|\n|upkeep\n|turn|3\n|\n|t:|1700382511\n|move|p1a: Autism|Stealth Rock|p2a: Shuckle\n|-sidestart|p2: Nlbig|move: Stealth Rock\n|move|p2a: Shuckle|Knock Off|p1a: Autism\n|-supereffective|p1a: Autism\n|-damage|p1a: Autism|88\/100\n|\n|upkeep\n|turn|4\n|\n|t:|1700382519\n|switch|p2a: Magearna|Magearna|100\/100\n|-damage|p2a: Magearna|94\/100|[from] Stealth Rock\n|move|p1a: Autism|Toxic|p2a: Magearna\n|-immune|p2a: Magearna\n|\n|-heal|p2a: Magearna|100\/100|[from] item: Leftovers\n|upkeep\n|turn|5\n|\n|t:|1700382539\n|switch|p1a: IAmAnnoying|Rotom-Heat, shiny|100\/100\n|move|p2a: Magearna|Shift Gear|p2a: Magearna\n|-boost|p2a: Magearna|spe|2\n|-boost|p2a: Magearna|atk|1\n|\n|upkeep\n|turn|6\n|\n|t:|1700382549\n|move|p2a: Magearna|Volt Switch|p1a: IAmAnnoying\n|-resisted|p1a: IAmAnnoying\n|-damage|p1a: IAmAnnoying|87\/100\n|\n|t:|1700382554\n|switch|p2a: Shuckle|Shuckle, M|100\/100|[from] Volt Switch\n|-damage|p2a: Shuckle|76\/100|[from] Stealth Rock\n|move|p1a: IAmAnnoying|Overheat|p2a: Shuckle\n|-damage|p2a: Shuckle|50\/100\n|-unboost|p1a: IAmAnnoying|spa|2\n|\n|-heal|p1a: IAmAnnoying|93\/100|[from] item: Leftovers\n|upkeep\n|turn|7\n|\n|t:|1700382565\n|move|p1a: IAmAnnoying|Will-O-Wisp|p2a: Shuckle|[miss]\n|-miss|p1a: IAmAnnoying|p2a: Shuckle\n|move|p2a: Shuckle|Stealth Rock|p1a: IAmAnnoying\n|-sidestart|p1: its_notacewastaken|move: Stealth Rock\n|\n|-heal|p1a: IAmAnnoying|99\/100|[from] item: Leftovers\n|upkeep\n|turn|8\n|\n|t:|1700382575\n|move|p1a: IAmAnnoying|Will-O-Wisp|p2a: Shuckle|[miss]\n|-miss|p1a: IAmAnnoying|p2a: Shuckle\n|move|p2a: Shuckle|Knock Off|p1a: IAmAnnoying\n|-damage|p1a: IAmAnnoying|93\/100\n|-enditem|p1a: IAmAnnoying|Leftovers|[from] move: Knock Off|[of] p2a: Shuckle\n|\n|upkeep\n|turn|9\n|c|\u2606its_notacewastaken|lucky ahh\n|\n|t:|1700382599\n|move|p1a: IAmAnnoying|Will-O-Wisp|p2a: Shuckle\n|-status|p2a: Shuckle|brn\n|move|p2a: Shuckle|Encore|p1a: IAmAnnoying\n|-start|p1a: IAmAnnoying|Encore\n|\n|-damage|p2a: Shuckle|44\/100 brn|[from] brn\n|upkeep\n|turn|10\n|\n|t:|1700382611\n|switch|p1a: Pumbaa|Great Tusk|100\/100\n|-activate|p1a: Pumbaa|move: Sticky Web\n|-unboost|p1a: Pumbaa|spe|1\n|-damage|p1a: Pumbaa|98\/100|[from] Stealth Rock\n|-enditem|p1a: Pumbaa|Booster Energy\n|-activate|p1a: Pumbaa|ability: Protosynthesis|[fromitem]\n|-start|p1a: Pumbaa|protosynthesisatk\n|switch|p2a: Pheromosa|Pheromosa, shiny|100\/100\n|-damage|p2a: Pheromosa|88\/100|[from] Stealth Rock\n|\n|upkeep\n|turn|11\n|\n|t:|1700382622\n|move|p2a: Pheromosa|Quiver Dance|p2a: Pheromosa\n|-boost|p2a: Pheromosa|spa|1\n|-boost|p2a: Pheromosa|spd|1\n|-boost|p2a: Pheromosa|spe|1\n|move|p1a: Pumbaa|Rapid Spin|p2a: Pheromosa\n|-damage|p2a: Pheromosa|35\/100\n|-boost|p1a: Pumbaa|spe|1\n|-sideend|p1: its_notacewastaken|Stealth Rock|[from] move: Rapid Spin|[of] p1a: Pumbaa\n|-sideend|p1: its_notacewastaken|Sticky Web|[from] move: Rapid Spin|[of] p1a: Pumbaa\n|\n|upkeep\n|turn|12\n|\n|t:|1700382634\n|move|p2a: Pheromosa|Blizzard|p1a: Pumbaa\n|-supereffective|p1a: Pumbaa\n|-damage|p1a: Pumbaa|0 fnt\n|faint|p1a: Pumbaa\n|-end|p1a: Pumbaa|Protosynthesis|[silent]\n|-ability|p2a: Pheromosa|Beast Boost|boost\n|-boost|p2a: Pheromosa|spa|1\n|-damage|p2a: Pheromosa|25\/100|[from] item: Life Orb\n|\n|upkeep\n|\n|t:|1700382648\n|switch|p1a: Rudolph|Xerneas|100\/100\n|-ability|p1a: Rudolph|Fairy Aura\n|turn|13\n|\n|t:|1700382654\n|move|p2a: Pheromosa|Bug Buzz|p1a: Rudolph\n|-resisted|p1a: Rudolph\n|-damage|p1a: Rudolph|35\/100\n|-damage|p2a: Pheromosa|15\/100|[from] item: Life Orb\n|move|p1a: Rudolph|Geomancy||[still]\n|-prepare|p1a: Rudolph|Geomancy\n|-enditem|p1a: Rudolph|Power Herb\n|-anim|p1a: Rudolph|Geomancy|p1a: Rudolph\n|-boost|p1a: Rudolph|spa|2\n|-boost|p1a: Rudolph|spd|2\n|-boost|p1a: Rudolph|spe|2\n|\n|upkeep\n|turn|14\n|\n|t:|1700382668\n|move|p1a: Rudolph|Focus Blast|p2a: Pheromosa\n|-resisted|p2a: Pheromosa\n|-damage|p2a: Pheromosa|0 fnt\n|faint|p2a: Pheromosa\n|\n|upkeep\n|\n|t:|1700382676\n|switch|p2a: Magearna|Magearna|100\/100\n|-damage|p2a: Magearna|94\/100|[from] Stealth Rock\n|turn|15\n|\n|t:|1700382703\n|move|p1a: Rudolph|Focus Blast|p2a: Magearna\n|-damage|p2a: Magearna|22\/100\n|move|p2a: Magearna|Flash Cannon|p1a: Rudolph\n|-supereffective|p1a: Rudolph\n|-damage|p1a: Rudolph|0 fnt\n|faint|p1a: Rudolph\n|-ability|p2a: Magearna|Soul-Heart|boost\n|-boost|p2a: Magearna|spa|1\n|\n|-heal|p2a: Magearna|28\/100|[from] item: Leftovers\n|upkeep\n|inactive|its_notacewastaken has 120 seconds left.\n|\n|t:|1700382722\n|switch|p1a: IAmAnnoying|Rotom-Heat, shiny|93\/100\n|turn|16\n|inactive|its_notacewastaken has 120 seconds left.\n|\n|t:|1700382730\n|move|p1a: IAmAnnoying|Overheat|p2a: Magearna\n|-supereffective|p2a: Magearna\n|-damage|p2a: Magearna|0 fnt\n|-unboost|p1a: IAmAnnoying|spa|2\n|faint|p2a: Magearna\n|\n|upkeep\n|\n|t:|1700382749\n|switch|p2a: Marshadow|Marshadow|100\/100\n|-damage|p2a: Marshadow|94\/100|[from] Stealth Rock\n|turn|17\n|-activate|p2a: Marshadow|item: Quick Claw\n|\n|t:|1700382762\n|move|p2a: Marshadow|Swagger|p1a: IAmAnnoying\n|-boost|p1a: IAmAnnoying|atk|2\n|-start|p1a: IAmAnnoying|confusion\n|-activate|p1a: IAmAnnoying|confusion\n|move|p1a: IAmAnnoying|Pain Split|p2a: Marshadow\n|-sethp|p2a: Marshadow|91\/100|[from] move: Pain Split|[silent]\n|-sethp|p1a: IAmAnnoying|96\/100|[from] move: Pain Split\n|\n|upkeep\n|turn|18\n|\n|t:|1700382773\n|move|p2a: Marshadow|Spectral Thief||[still]\n|-clearpositiveboost|p1a: IAmAnnoying|p2a: Marshadow|move: Spectral Thief\n|-boost|p2a: Marshadow|atk|2\n|-anim|p2a: Marshadow|Spectral Thief|p1a: IAmAnnoying\n|-damage|p1a: IAmAnnoying|5\/100\n|-activate|p1a: IAmAnnoying|confusion\n|-damage|p1a: IAmAnnoying|0 fnt|[from] confusion\n|faint|p1a: IAmAnnoying\n|\n|upkeep\n|inactive|its_notacewastaken has 120 seconds left.\n|\n|t:|1700382800\n|switch|p1a: DA GOAT!|Dracovish|100\/100\n|turn|19\n|\n|t:|1700382805\n|-terastallize|p1a: DA GOAT!|Water\n|move|p1a: DA GOAT!|Fishious Rend|p2a: Marshadow\n|-damage|p2a: Marshadow|0 fnt\n|faint|p2a: Marshadow\n|\n|upkeep\n|\n|t:|1700382817\n|switch|p2a: Salamence|Salamence, M|100\/100\n|-damage|p2a: Salamence|76\/100|[from] Stealth Rock\n|turn|20\n|\n|t:|1700382824\n|detailschange|p2a: Salamence|Salamence-Mega, M\n|-mega|p2a: Salamence|Salamence|Salamencite\n|move|p1a: DA GOAT!|Fishious Rend|p2a: Salamence\n|-resisted|p2a: Salamence\n|-damage|p2a: Salamence|20\/100\n|move|p2a: Salamence|Return|p1a: DA GOAT!\n|-damage|p1a: DA GOAT!|21\/100\n|\n|upkeep\n|turn|21\n|\n|t:|1700382832\n|move|p1a: DA GOAT!|Fishious Rend|p2a: Salamence\n|-resisted|p2a: Salamence\n|-damage|p2a: Salamence|0 fnt\n|faint|p2a: Salamence\n|\n|upkeep\n|\n|t:|1700382836\n|switch|p2a: Zygarde|Zygarde|100\/100\n|-damage|p2a: Zygarde|94\/100|[from] Stealth Rock\n|turn|22\n|\n|t:|1700382843\n|move|p2a: Zygarde|Extreme Speed|p1a: DA GOAT!\n|-crit|p1a: DA GOAT!\n|-damage|p1a: DA GOAT!|0 fnt\n|faint|p1a: DA GOAT!\n|\n|upkeep\n|\n|t:|1700382852\n|switch|p1a: Autism|Deoxys-Defense, shiny|88\/100\n|-ability|p1a: Autism|Pressure\n|turn|23\n|\n|t:|1700382859\n|move|p2a: Zygarde|Dragon Dance|p2a: Zygarde\n|-boost|p2a: Zygarde|atk|1\n|-boost|p2a: Zygarde|spe|1\n|move|p1a: Autism|Toxic|p2a: Zygarde\n|-status|p2a: Zygarde|tox\n|\n|-damage|p2a: Zygarde|88\/100 tox|[from] psn\n|upkeep\n|turn|24\n|\n|t:|1700382867\n|move|p2a: Zygarde|Dragon Dance|p2a: Zygarde\n|-boost|p2a: Zygarde|atk|1\n|-boost|p2a: Zygarde|spe|1\n|move|p1a: Autism|Taunt|p2a: Zygarde\n|-start|p2a: Zygarde|move: Taunt\n|\n|-damage|p2a: Zygarde|76\/100 tox|[from] psn\n|upkeep\n|turn|25\n|\n|t:|1700382883\n|move|p2a: Zygarde|Outrage|p1a: Autism\n|-damage|p1a: Autism|14\/100\n|move|p1a: Autism|Recover|p1a: Autism\n|-heal|p1a: Autism|64\/100\n|\n|-damage|p2a: Zygarde|57\/100 tox|[from] psn\n|upkeep\n|turn|26\n|\n|t:|1700382894\n|move|p2a: Zygarde|Outrage|p1a: Autism|[from]lockedmove\n|-damage|p1a: Autism|0 fnt\n|faint|p1a: Autism\n|-start|p2a: Zygarde|confusion|[fatigue]\n|\n|-damage|p2a: Zygarde|33\/100 tox|[from] psn\n|-activate|p2a: Zygarde|ability: Power Construct\n|detailschange|p2a: Zygarde|Zygarde-Complete\n|-heal|p2a: Zygarde|58\/100 tox|[silent]\n|upkeep\n|\n|t:|1700382903\n|switch|p1a: Ninja|Greninja, M|100\/100\n|turn|27\n|\n|t:|1700382915\n|-activate|p2a: Zygarde|confusion\n|move|p2a: Zygarde|Extreme Speed|p1a: Ninja\n|-damage|p1a: Ninja|22\/100\n|-zpower|p1a: Ninja\n|move|p1a: Ninja|Hydro Vortex|p2a: Zygarde|[zeffect]\n|-damage|p2a: Zygarde|11\/100 tox\n|\n|-damage|p2a: Zygarde|0 fnt|[from] psn\n|faint|p2a: Zygarde\n|upkeep\n|\n|t:|1700382927\n|switch|p2a: Shuckle|Shuckle, M|44\/100 brn\n|-damage|p2a: Shuckle|19\/100 brn|[from] Stealth Rock\n|turn|28\n|\n|t:|1700382938\n|move|p1a: Ninja|Ice Beam|p2a: Shuckle\n|-damage|p2a: Shuckle|4\/100 brn\n|move|p2a: Shuckle|Knock Off|p1a: Ninja\n|-resisted|p1a: Ninja\n|-damage|p1a: Ninja|20\/100\n|\n|-damage|p2a: Shuckle|0 fnt|[from] brn\n|faint|p2a: Shuckle\n|\n|win|its_notacewastaken\n|upkeep\n|raw|its_notacewastaken's rating: 1105 &rarr; <strong>1138<\/strong><br \/>(+33 for winning)\n|raw|Nlbig's rating: 1215 &rarr; <strong>1182<\/strong><br \/>(-33 for losing)\n","uploadtime":1700382949,"views":20,"p1id":"itsnotacewastaken","p2id":"nlbig","formatid":"gen9nationaldexubers","rating":1138,"private":0,"password":""}