{"id":"gen9nationaldexubers-1978164614","p1":"TheRealDiabeto","p2":"k7eenex","format":"[Gen 9] National Dex Ubers","log":"|j|\u2606TheRealDiabeto\n|j|\u2606k7eenex\n|t:|1698507061\n|gametype|singles\n|player|p1|TheRealDiabeto|steven|\n|player|p2|k7eenex|lance-gen2|\n|teamsize|p1|6\n|teamsize|p2|6\n|gen|9\n|tier|[Gen 9] National Dex Ubers\n|rule|HP Percentage Mod: HP is shown in percentages\n|rule|Endless Battle Clause: Forcing endless battles is banned\n|rule|OHKO Clause: OHKO moves are banned\n|rule|Evasion Moves Clause: Evasion moves are banned\n|rule|Evasion Items Clause: Evasion items are banned\n|rule|Species Clause: Limit one of each Pok\u00e9mon\n|rule|Sleep Clause Mod: Limit one foe put to sleep\n|rule|Mega Rayquaza Clause: You cannot mega evolve Rayquaza\n|clearpoke\n|poke|p1|Swampert, M|\n|poke|p1|Baxcalibur, M|\n|poke|p1|Ferrothorn, M|\n|poke|p1|Gholdengo|\n|poke|p1|Chansey, F|\n|poke|p1|Pelipper, M|\n|poke|p2|Tyranitar, F|\n|poke|p2|Ogerpon-Cornerstone, F|\n|poke|p2|Conkeldurr, F|\n|poke|p2|Diancie|\n|poke|p2|Glimmora, M|\n|poke|p2|Cradily, F|\n|teampreview\n|\n|t:|1698507120\n|start\n|switch|p1a: Rogal Dorn|Ferrothorn, M, shiny|100\/100\n|switch|p2a: NOTORIOUS|Tyranitar, F|100\/100\n|-weather|Sandstorm|[from] ability: Sand Stream|[of] p2a: NOTORIOUS\n|turn|1\n|\n|t:|1698507128\n|move|p2a: NOTORIOUS|Fire Punch|p1a: Rogal Dorn\n|-supereffective|p1a: Rogal Dorn\n|-crit|p1a: Rogal Dorn\n|-damage|p1a: Rogal Dorn|0 fnt\n|-damage|p2a: NOTORIOUS|88\/100|[from] ability: Iron Barbs|[of] p1a: Rogal Dorn\n|faint|p1a: Rogal Dorn\n|\n|-weather|Sandstorm|[upkeep]\n|upkeep\n|\n|t:|1698507136\n|switch|p1a: He'Stan|Pelipper, M, shiny|100\/100\n|-weather|RainDance|[from] ability: Drizzle|[of] p1a: He'Stan\n|turn|2\n|\n|t:|1698507141\n|switch|p2a: Chronic Guru|Cradily, F|100\/100\n|move|p1a: He'Stan|U-turn|p2a: Chronic Guru\n|-supereffective|p2a: Chronic Guru\n|-damage|p2a: Chronic Guru|89\/100\n|\n|t:|1698507149\n|switch|p1a: Marneus Calgar|Swampert, M|100\/100|[from] U-turn\n|\n|-weather|RainDance|[upkeep]\n|-heal|p2a: Chronic Guru|95\/100|[from] item: Leftovers\n|upkeep\n|turn|3\n|\n|t:|1698507155\n|detailschange|p1a: Marneus Calgar|Swampert-Mega, M\n|-mega|p1a: Marneus Calgar|Swampert|Swampertite\n|move|p1a: Marneus Calgar|Earthquake|p2a: Chronic Guru\n|-damage|p2a: Chronic Guru|54\/100\n|move|p2a: Chronic Guru|Giga Drain|p1a: Marneus Calgar\n|-supereffective|p1a: Marneus Calgar\n|-damage|p1a: Marneus Calgar|13\/100\n|-heal|p2a: Chronic Guru|94\/100|[from] drain|[of] p1a: Marneus Calgar\n|\n|-weather|RainDance|[upkeep]\n|-heal|p2a: Chronic Guru|100\/100|[from] item: Leftovers\n|upkeep\n|turn|4\n|\n|t:|1698507175\n|switch|p1a: Celestine|Chansey, F|100\/100\n|move|p2a: Chronic Guru|Stealth Rock|p1a: Celestine\n|-sidestart|p1: TheRealDiabeto|move: Stealth Rock\n|\n|-weather|RainDance|[upkeep]\n|upkeep\n|turn|5\n|\n|t:|1698507182\n|switch|p2a: Die Hard|Conkeldurr, F|100\/100\n|move|p1a: Celestine|Seismic Toss|p2a: Die Hard\n|-damage|p2a: Die Hard|76\/100\n|\n|-weather|RainDance|[upkeep]\n|-status|p2a: Die Hard|brn|[from] item: Flame Orb\n|upkeep\n|turn|6\n|\n|t:|1698507191\n|move|p1a: Celestine|Thunder Wave|p2a: Die Hard|[miss]\n|-miss|p1a: Celestine|p2a: Die Hard\n|move|p2a: Die Hard|Knock Off|p1a: Celestine\n|-damage|p1a: Celestine|66\/100\n|-enditem|p1a: Celestine|Eviolite|[from] move: Knock Off|[of] p2a: Die Hard\n|\n|-weather|RainDance|[upkeep]\n|-damage|p2a: Die Hard|70\/100 brn|[from] brn\n|upkeep\n|turn|7\n|\n|t:|1698507202\n|switch|p1a: Constantin Valdor|Gholdengo|100\/100\n|-damage|p1a: Constantin Valdor|94\/100|[from] Stealth Rock\n|move|p2a: Die Hard|Drain Punch|p1a: Constantin Valdor\n|-immune|p1a: Constantin Valdor\n|\n|-weather|RainDance|[upkeep]\n|-heal|p1a: Constantin Valdor|100\/100|[from] item: Leftovers\n|-damage|p2a: Die Hard|64\/100 brn|[from] brn\n|upkeep\n|turn|8\n|\n|t:|1698507255\n|switch|p2a: Eggplant|Glimmora, M|100\/100\n|move|p1a: Constantin Valdor|Nasty Plot|p1a: Constantin Valdor\n|-boost|p1a: Constantin Valdor|spa|2\n|\n|-weather|RainDance|[upkeep]\n|upkeep\n|turn|9\n|\n|t:|1698507264\n|move|p2a: Eggplant|Energy Ball|p1a: Constantin Valdor\n|-resisted|p1a: Constantin Valdor\n|-damage|p1a: Constantin Valdor|88\/100\n|-unboost|p1a: Constantin Valdor|spd|1\n|move|p1a: Constantin Valdor|Make It Rain|p2a: Eggplant\n|-supereffective|p2a: Eggplant\n|-enditem|p2a: Eggplant|Focus Sash\n|-damage|p2a: Eggplant|1\/100\n|-unboost|p1a: Constantin Valdor|spa|1\n|\n|-weather|none\n|-heal|p1a: Constantin Valdor|94\/100|[from] item: Leftovers\n|upkeep\n|turn|10\n|\n|t:|1698507281\n|switch|p1a: Leman Russ|Baxcalibur, M|100\/100\n|-damage|p1a: Leman Russ|76\/100|[from] Stealth Rock\n|move|p2a: Eggplant|Energy Ball|p1a: Leman Russ\n|-resisted|p1a: Leman Russ\n|-damage|p1a: Leman Russ|61\/100\n|\n|upkeep\n|turn|11\n|\n|t:|1698507295\n|move|p1a: Leman Russ|Icicle Spear|p2a: Eggplant\n|-damage|p2a: Eggplant|0 fnt\n|-activate|p2a: Eggplant|ability: Toxic Debris\n|-sidestart|p1: TheRealDiabeto|move: Toxic Spikes\n|faint|p2a: Eggplant\n|-hitcount|p2: Eggplant|1\n|\n|upkeep\n|\n|t:|1698507307\n|switch|p2a: Dopamine|Ogerpon-Cornerstone, F|100\/100\n|turn|12\n|\n|t:|1698507321\n|move|p2a: Dopamine|Ivy Cudgel|p1a: Leman Russ\n|-supereffective|p1a: Leman Russ\n|-damage|p1a: Leman Russ|0 fnt\n|faint|p1a: Leman Russ\n|\n|upkeep\n|\n|t:|1698507327\n|switch|p1a: Constantin Valdor|Gholdengo|94\/100\n|-damage|p1a: Constantin Valdor|88\/100|[from] Stealth Rock\n|turn|13\n|\n|t:|1698507392\n|switch|p2a: Die Hard|Conkeldurr, F|64\/100 brn\n|move|p1a: Constantin Valdor|Make It Rain|p2a: Die Hard\n|-damage|p2a: Die Hard|4\/100 brn\n|-unboost|p1a: Constantin Valdor|spa|1\n|\n|-heal|p1a: Constantin Valdor|94\/100|[from] item: Leftovers\n|-damage|p2a: Die Hard|0 fnt|[from] brn\n|faint|p2a: Die Hard\n|upkeep\n|\n|t:|1698507394\n|switch|p2a: NOTORIOUS|Tyranitar, F|88\/100\n|-weather|Sandstorm|[from] ability: Sand Stream|[of] p2a: NOTORIOUS\n|turn|14\n|\n|t:|1698507408\n|move|p2a: NOTORIOUS|Knock Off|p1a: Constantin Valdor\n|-supereffective|p1a: Constantin Valdor\n|-damage|p1a: Constantin Valdor|0 fnt\n|-enditem|p1a: Constantin Valdor|Leftovers|[from] move: Knock Off|[of] p2a: NOTORIOUS\n|faint|p1a: Constantin Valdor\n|\n|-weather|Sandstorm|[upkeep]\n|upkeep\n|\n|t:|1698507418\n|switch|p1a: He'Stan|Pelipper, M, shiny|100\/100\n|-damage|p1a: He'Stan|76\/100|[from] Stealth Rock\n|-weather|RainDance|[from] ability: Drizzle|[of] p1a: He'Stan\n|turn|15\n|\n|t:|1698507435\n|switch|p2a: Chronic Guru|Cradily, F|100\/100\n|move|p1a: He'Stan|Defog|p2a: Chronic Guru\n|-unboost|p2a: Chronic Guru|evasion|1\n|-sideend|p1: TheRealDiabeto|Toxic Spikes|[from] move: Defog|[of] p1a: He'Stan\n|-sideend|p1: TheRealDiabeto|Stealth Rock|[from] move: Defog|[of] p1a: He'Stan\n|\n|-weather|RainDance|[upkeep]\n|upkeep\n|turn|16\n|\n|t:|1698507445\n|move|p1a: He'Stan|Scald|p2a: Chronic Guru\n|-ability|p2a: Chronic Guru|Storm Drain|boost\n|-boost|p2a: Chronic Guru|spa|1\n|move|p2a: Chronic Guru|Toxic|p1a: He'Stan\n|-status|p1a: He'Stan|tox\n|\n|-weather|RainDance|[upkeep]\n|-damage|p1a: He'Stan|70\/100 tox|[from] psn\n|upkeep\n|turn|17\n|\n|t:|1698507454\n|move|p1a: He'Stan|Roost|p1a: He'Stan\n|-heal|p1a: He'Stan|100\/100 tox\n|-singleturn|p1a: He'Stan|move: Roost\n|move|p2a: Chronic Guru|Stealth Rock|p1a: He'Stan\n|-sidestart|p1: TheRealDiabeto|move: Stealth Rock\n|\n|-weather|RainDance|[upkeep]\n|-damage|p1a: He'Stan|88\/100 tox|[from] psn\n|upkeep\n|turn|18\n|\n|t:|1698507466\n|move|p1a: He'Stan|Defog|p2a: Chronic Guru\n|-unboost|p2a: Chronic Guru|evasion|1\n|-sideend|p1: TheRealDiabeto|Stealth Rock|[from] move: Defog|[of] p1a: He'Stan\n|move|p2a: Chronic Guru|Toxic|p1a: He'Stan\n|-fail|p1a: He'Stan|tox\n|\n|-weather|RainDance|[upkeep]\n|-damage|p1a: He'Stan|70\/100 tox|[from] psn\n|upkeep\n|turn|19\n|\n|t:|1698507474\n|move|p1a: He'Stan|U-turn|p2a: Chronic Guru\n|-supereffective|p2a: Chronic Guru\n|-damage|p2a: Chronic Guru|89\/100\n|\n|t:|1698507478\n|switch|p1a: Celestine|Chansey, F|66\/100|[from] U-turn\n|move|p2a: Chronic Guru|Giga Drain|p1a: Celestine\n|-damage|p1a: Celestine|50\/100\n|-heal|p2a: Chronic Guru|100\/100|[from] drain|[of] p1a: Celestine\n|\n|-weather|RainDance|[upkeep]\n|upkeep\n|turn|20\n|\n|t:|1698507495\n|switch|p2a: NOTORIOUS|Tyranitar, F|88\/100\n|-weather|Sandstorm|[from] ability: Sand Stream|[of] p2a: NOTORIOUS\n|move|p1a: Celestine|Aromatherapy|p1a: Celestine\n|-activate|p1a: Celestine|move: Aromatherapy\n|-curestatus|p1: He'Stan|tox|[msg]\n|\n|-weather|Sandstorm|[upkeep]\n|-damage|p1a: Celestine|43\/100|[from] Sandstorm\n|upkeep\n|turn|21\n|\n|t:|1698507507\n|switch|p1a: He'Stan|Pelipper, M, shiny|70\/100\n|-weather|RainDance|[from] ability: Drizzle|[of] p1a: He'Stan\n|move|p2a: NOTORIOUS|Knock Off|p1a: He'Stan\n|-damage|p1a: He'Stan|8\/100\n|-enditem|p1a: He'Stan|Damp Rock|[from] move: Knock Off|[of] p2a: NOTORIOUS\n|\n|-weather|RainDance|[upkeep]\n|upkeep\n|turn|22\n|\n|t:|1698507517\n|move|p2a: NOTORIOUS|Knock Off|p1a: He'Stan\n|-crit|p1a: He'Stan\n|-damage|p1a: He'Stan|0 fnt\n|faint|p1a: He'Stan\n|\n|-weather|RainDance|[upkeep]\n|upkeep\n|\n|t:|1698507522\n|switch|p1a: Marneus Calgar|Swampert-Mega, M|13\/100\n|turn|23\n|c|\u2606TheRealDiabeto|gg\n|c|\u2606k7eenex|gg\n|\n|t:|1698507564\n|switch|p2a: Revolution|Diancie|100\/100\n|move|p1a: Marneus Calgar|Waterfall|p2a: Revolution\n|-supereffective|p2a: Revolution\n|-damage|p2a: Revolution|0 fnt\n|faint|p2a: Revolution\n|\n|-weather|RainDance|[upkeep]\n|upkeep\n|\n|t:|1698507574\n|switch|p2a: NOTORIOUS|Tyranitar, F|88\/100\n|-weather|Sandstorm|[from] ability: Sand Stream|[of] p2a: NOTORIOUS\n|turn|24\n|\n|t:|1698507581\n|switch|p1a: Celestine|Chansey, F|43\/100\n|move|p2a: NOTORIOUS|Knock Off|p1a: Celestine\n|-damage|p1a: Celestine|0 fnt\n|faint|p1a: Celestine\n|\n|-weather|Sandstorm|[upkeep]\n|upkeep\n|\n|t:|1698507588\n|switch|p1a: Marneus Calgar|Swampert-Mega, M|13\/100\n|turn|25\n|\n|t:|1698507592\n|move|p1a: Marneus Calgar|Waterfall|p2a: NOTORIOUS\n|-supereffective|p2a: NOTORIOUS\n|-damage|p2a: NOTORIOUS|3\/100\n|move|p2a: NOTORIOUS|Knock Off|p1a: Marneus Calgar\n|-damage|p1a: Marneus Calgar|0 fnt\n|faint|p1a: Marneus Calgar\n|\n|win|k7eenex\n|l|\u2606TheRealDiabeto\n","uploadtime":1698507599,"views":11,"p1id":"therealdiabeto","p2id":"k7eenex","formatid":"gen9nationaldexubers","rating":0,"private":0,"password":""}