{"id":"gen9nationaldexubers-1986678009","p1":"vptwarrior","p2":"Golbur","format":"[Gen 9] National Dex Ubers","log":"|j|\u2606vptwarrior\n|j|\u2606Golbur\n|t:|1699506395\n|gametype|singles\n|player|p1|vptwarrior|swimmer|\n|player|p2|Golbur|roxie|\n|teamsize|p1|6\n|teamsize|p2|6\n|gen|9\n|tier|[Gen 9] National Dex Ubers\n|rule|HP Percentage Mod: HP is shown in percentages\n|rule|Endless Battle Clause: Forcing endless battles is banned\n|rule|OHKO Clause: OHKO moves are banned\n|rule|Evasion Moves Clause: Evasion moves are banned\n|rule|Evasion Items Clause: Evasion items are banned\n|rule|Species Clause: Limit one of each Pok\u00e9mon\n|rule|Sleep Clause Mod: Limit one foe put to sleep\n|rule|Mega Rayquaza Clause: You cannot mega evolve Rayquaza\n|clearpoke\n|poke|p1|Hippowdon, M|\n|poke|p1|Skarmory, M|\n|poke|p1|Blastoise, M|\n|poke|p1|Milotic, F|\n|poke|p1|Venusaur, M|\n|poke|p1|Bastiodon, M|\n|poke|p2|Scolipede, F|\n|poke|p2|Minior-Orange|\n|poke|p2|Bewear, M|\n|poke|p2|Skarmory, M|\n|poke|p2|Banette, F|\n|poke|p2|Electrode|\n|teampreview\n|inactive|Battle timer is ON: inactive players will automatically lose when time's up. (requested by Golbur)\n|\n|t:|1699506404\n|start\n|switch|p1a: Tank|Hippowdon, M|100\/100\n|switch|p2a: Ego orb|Electrode|100\/100\n|-weather|Sandstorm|[from] ability: Sand Stream|[of] p1a: Tank\n|turn|1\n|\n|t:|1699506407\n|move|p2a: Ego orb|Taunt|p1a: Tank\n|-start|p1a: Tank|move: Taunt\n|cant|p1a: Tank|move: Taunt|Stealth Rock\n|\n|-weather|Sandstorm|[upkeep]\n|-damage|p2a: Ego orb|94\/100|[from] Sandstorm\n|upkeep\n|turn|2\n|\n|t:|1699506409\n|move|p2a: Ego orb|Light Screen|p2a: Ego orb\n|-sidestart|p2: Golbur|move: Light Screen\n|move|p1a: Tank|Earthquake|p2a: Ego orb\n|-supereffective|p2a: Ego orb\n|-damage|p2a: Ego orb|0 fnt\n|faint|p2a: Ego orb\n|\n|-weather|Sandstorm|[upkeep]\n|upkeep\n|\n|t:|1699506413\n|switch|p2a: Vinny|Scolipede, F|100\/100\n|turn|3\n|\n|t:|1699506417\n|switch|p1a: Knight|Skarmory, M|100\/100\n|move|p2a: Vinny|Swords Dance|p2a: Vinny\n|-boost|p2a: Vinny|atk|2\n|\n|-weather|Sandstorm|[upkeep]\n|-damage|p2a: Vinny|94\/100|[from] Sandstorm\n|-ability|p2a: Vinny|Speed Boost|boost\n|-boost|p2a: Vinny|spe|1\n|upkeep\n|turn|4\n|\n|t:|1699506422\n|switch|p2a: Mr. Sploinky|Bewear, M|100\/100\n|move|p1a: Knight|Spikes|p2a: Mr. Sploinky\n|-sidestart|p2: Golbur|Spikes\n|\n|-weather|Sandstorm|[upkeep]\n|-damage|p2a: Mr. Sploinky|94\/100|[from] Sandstorm\n|upkeep\n|turn|5\n|\n|t:|1699506425\n|move|p2a: Mr. Sploinky|Swords Dance|p2a: Mr. Sploinky\n|-boost|p2a: Mr. Sploinky|atk|2\n|move|p1a: Knight|Roar|p2a: Mr. Sploinky\n|drag|p2a: Zip it!|Banette, F|100\/100\n|-damage|p2a: Zip it!|88\/100|[from] Spikes\n|\n|-weather|none\n|upkeep\n|turn|6\n|\n|t:|1699506435\n|switch|p1a: Bruce|Bastiodon, M|100\/100\n|detailschange|p2a: Zip it!|Banette-Mega, F\n|-mega|p2a: Zip it!|Banette|Banettite\n|move|p2a: Zip it!|Disable||[still]\n|-fail|p2a: Zip it!\n|\n|upkeep\n|turn|7\n|\n|t:|1699506438\n|switch|p2a: Mr. Sploinky|Bewear, M|94\/100\n|-damage|p2a: Mr. Sploinky|82\/100|[from] Spikes\n|move|p1a: Bruce|Taunt|p2a: Mr. Sploinky\n|-start|p2a: Mr. Sploinky|move: Taunt\n|\n|upkeep\n|turn|8\n|\n|t:|1699506445\n|switch|p1a: Knight|Skarmory, M|100\/100\n|move|p2a: Mr. Sploinky|Drain Punch|p1a: Knight\n|-damage|p1a: Knight|75\/100\n|-heal|p2a: Mr. Sploinky|93\/100|[from] drain|[of] p1a: Knight\n|\n|-heal|p1a: Knight|81\/100|[from] item: Leftovers\n|upkeep\n|turn|9\n|\n|t:|1699506448\n|move|p2a: Mr. Sploinky|Drain Punch|p1a: Knight\n|-damage|p1a: Knight|55\/100\n|-heal|p2a: Mr. Sploinky|100\/100|[from] drain|[of] p1a: Knight\n|move|p1a: Knight|Spikes|p2a: Mr. Sploinky\n|-sidestart|p2: Golbur|Spikes\n|\n|-heal|p1a: Knight|61\/100|[from] item: Leftovers\n|-end|p2a: Mr. Sploinky|move: Taunt\n|-sideend|p2: Golbur|move: Light Screen\n|upkeep\n|turn|10\n|\n|t:|1699506455\n|switch|p1a: Tank|Hippowdon, M|100\/100\n|-weather|Sandstorm|[from] ability: Sand Stream|[of] p1a: Tank\n|move|p2a: Mr. Sploinky|Drain Punch|p1a: Tank\n|-damage|p1a: Tank|80\/100\n|\n|-weather|Sandstorm|[upkeep]\n|-damage|p2a: Mr. Sploinky|94\/100|[from] Sandstorm\n|-heal|p1a: Tank|86\/100|[from] item: Leftovers\n|upkeep\n|turn|11\n|\n|t:|1699506457\n|move|p2a: Mr. Sploinky|Swords Dance|p2a: Mr. Sploinky\n|-boost|p2a: Mr. Sploinky|atk|2\n|move|p1a: Tank|Stealth Rock|p2a: Mr. Sploinky\n|-sidestart|p2: Golbur|move: Stealth Rock\n|\n|-weather|Sandstorm|[upkeep]\n|-damage|p2a: Mr. Sploinky|88\/100|[from] Sandstorm\n|-heal|p1a: Tank|93\/100|[from] item: Leftovers\n|upkeep\n|turn|12\n|\n|t:|1699506459\n|move|p2a: Mr. Sploinky|Swords Dance|p2a: Mr. Sploinky\n|-boost|p2a: Mr. Sploinky|atk|2\n|move|p1a: Tank|Whirlwind|p2a: Mr. Sploinky\n|drag|p2a: Zip it!|Banette-Mega, F|88\/100\n|-damage|p2a: Zip it!|72\/100|[from] Spikes\n|-damage|p2a: Zip it!|60\/100|[from] Stealth Rock\n|\n|-weather|Sandstorm|[upkeep]\n|-damage|p2a: Zip it!|54\/100|[from] Sandstorm\n|-heal|p1a: Tank|99\/100|[from] item: Leftovers\n|upkeep\n|turn|13\n|\n|t:|1699506462\n|move|p2a: Zip it!|Disable|p1a: Tank\n|-start|p1a: Tank|Disable|Whirlwind\n|move|p1a: Tank|Earthquake|p2a: Zip it!\n|-damage|p2a: Zip it!|0 fnt\n|faint|p2a: Zip it!\n|\n|-weather|Sandstorm|[upkeep]\n|-heal|p1a: Tank|100\/100|[from] item: Leftovers\n|upkeep\n|\n|t:|1699506468\n|switch|p2a: Vinny|Scolipede, F|94\/100\n|-damage|p2a: Vinny|78\/100|[from] Spikes\n|-damage|p2a: Vinny|53\/100|[from] Stealth Rock\n|turn|14\n|\n|t:|1699506478\n|switch|p1a: Bruce|Bastiodon, M|100\/100\n|move|p2a: Vinny|Swords Dance|p2a: Vinny\n|-boost|p2a: Vinny|atk|2\n|\n|-weather|none\n|-ability|p2a: Vinny|Speed Boost|boost\n|-boost|p2a: Vinny|spe|1\n|upkeep\n|turn|15\n|\n|t:|1699506483\n|move|p2a: Vinny|Earthquake|p1a: Bruce\n|-supereffective|p1a: Bruce\n|-ability|p1a: Bruce|Sturdy\n|-damage|p1a: Bruce|1\/100\n|move|p1a: Bruce|Rock Blast|p2a: Vinny\n|-supereffective|p2a: Vinny\n|-damage|p2a: Vinny|36\/100\n|-supereffective|p2a: Vinny\n|-damage|p2a: Vinny|20\/100\n|-hitcount|p2a: Vinny|2\n|\n|-heal|p1a: Bruce|7\/100|[from] item: Leftovers\n|-ability|p2a: Vinny|Speed Boost|boost\n|-boost|p2a: Vinny|spe|1\n|upkeep\n|turn|16\n|\n|t:|1699506495\n|move|p2a: Vinny|Aqua Tail|p1a: Bruce\n|-supereffective|p1a: Bruce\n|-crit|p1a: Bruce\n|-damage|p1a: Bruce|0 fnt\n|faint|p1a: Bruce\n|\n|-ability|p2a: Vinny|Speed Boost|boost\n|-boost|p2a: Vinny|spe|1\n|upkeep\n|\n|t:|1699506501\n|switch|p1a: Spinna|Blastoise, M|100\/100\n|turn|17\n|\n|t:|1699506503\n|move|p2a: Vinny|Megahorn|p1a: Spinna|[miss]\n|-miss|p2a: Vinny|p1a: Spinna\n|move|p1a: Spinna|Roar|p2a: Vinny\n|drag|p2a: Referee|Skarmory, M|100\/100\n|-damage|p2a: Referee|88\/100|[from] Stealth Rock\n|\n|upkeep\n|turn|18\n|\n|t:|1699506506\n|move|p2a: Referee|Toxic|p1a: Spinna|[miss]\n|-miss|p2a: Referee|p1a: Spinna\n|move|p1a: Spinna|Scald|p2a: Referee\n|-damage|p2a: Referee|60\/100\n|-enditem|p2a: Referee|Red Card|[of] p1a: Spinna\n|drag|p1a: Tank|Hippowdon, M|100\/100\n|-weather|Sandstorm|[from] ability: Sand Stream|[of] p1a: Tank\n|\n|-weather|Sandstorm|[upkeep]\n|upkeep\n|turn|19\n|\n|t:|1699506510\n|switch|p1a: Blaster|Venusaur, M|100\/100\n|move|p2a: Referee|Toxic|p1a: Blaster\n|-immune|p1a: Blaster\n|\n|-weather|Sandstorm|[upkeep]\n|-damage|p1a: Blaster|94\/100|[from] Sandstorm\n|upkeep\n|turn|20\n|\n|t:|1699506512\n|detailschange|p1a: Blaster|Venusaur-Mega, M\n|-mega|p1a: Blaster|Venusaur|Venusaurite\n|move|p1a: Blaster|Knock Off|p2a: Referee\n|-damage|p2a: Referee|49\/100\n|move|p2a: Referee|Stealth Rock|p1a: Blaster\n|-sidestart|p1: vptwarrior|move: Stealth Rock\n|\n|-weather|Sandstorm|[upkeep]\n|-damage|p1a: Blaster|88\/100|[from] Sandstorm\n|upkeep\n|turn|21\n|\n|t:|1699506519\n|move|p2a: Referee|Roost|p2a: Referee\n|-heal|p2a: Referee|99\/100\n|-singleturn|p2a: Referee|move: Roost\n|move|p1a: Blaster|Roar|p2a: Referee\n|drag|p2a: Dunks|Minior-Orange|100\/100\n|-damage|p2a: Dunks|76\/100|[from] Stealth Rock\n|-formechange|p2a: Dunks|Minior-Meteor||[from] ability: Shields Down\n|\n|-weather|Sandstorm|[upkeep]\n|-damage|p1a: Blaster|82\/100|[from] Sandstorm\n|upkeep\n|turn|22\n|c|\u2606Golbur|Man I wish i could hit my attacks\n|\n|t:|1699506533\n|move|p2a: Dunks|Acrobatics|p1a: Blaster\n|-supereffective|p1a: Blaster\n|-damage|p1a: Blaster|53\/100\n|move|p1a: Blaster|Roar|p2a: Dunks\n|drag|p2a: Mr. Sploinky|Bewear, M|88\/100\n|-damage|p2a: Mr. Sploinky|72\/100|[from] Spikes\n|-damage|p2a: Mr. Sploinky|66\/100|[from] Stealth Rock\n|\n|-weather|none\n|upkeep\n|turn|23\n|\n|t:|1699506540\n|move|p2a: Mr. Sploinky|Double-Edge|p1a: Blaster\n|-damage|p1a: Blaster|5\/100\n|-damage|p2a: Mr. Sploinky|51\/100|[from] Recoil\n|move|p1a: Blaster|Giga Drain|p2a: Mr. Sploinky\n|-damage|p2a: Mr. Sploinky|1\/100\n|-heal|p1a: Blaster|31\/100|[from] drain|[of] p2a: Mr. Sploinky\n|\n|upkeep\n|turn|24\n|\n|t:|1699506548\n|move|p2a: Mr. Sploinky|Double-Edge|p1a: Blaster\n|-damage|p1a: Blaster|0 fnt\n|faint|p1a: Blaster\n|-damage|p2a: Mr. Sploinky|0 fnt|[from] Recoil\n|faint|p2a: Mr. Sploinky\n|\n|upkeep\n|\n|t:|1699506554\n|switch|p2a: Vinny|Scolipede, F|20\/100\n|switch|p1a: Spinna|Blastoise, M|100\/100\n|-damage|p2a: Vinny|4\/100|[from] Spikes\n|-damage|p2a: Vinny|0 fnt|[from] Stealth Rock\n|faint|p2a: Vinny\n|-damage|p1a: Spinna|88\/100|[from] Stealth Rock\n|\n|t:|1699506557\n|switch|p2a: Dunks|Minior-Orange|76\/100\n|-damage|p2a: Dunks|51\/100|[from] Stealth Rock\n|-formechange|p2a: Dunks|Minior-Meteor||[from] ability: Shields Down\n|turn|25\n|\n|t:|1699506561\n|move|p2a: Dunks|Shell Smash|p2a: Dunks\n|-unboost|p2a: Dunks|def|1\n|-unboost|p2a: Dunks|spd|1\n|-boost|p2a: Dunks|atk|2\n|-boost|p2a: Dunks|spa|2\n|-boost|p2a: Dunks|spe|2\n|-enditem|p2a: Dunks|White Herb\n|-clearnegativeboost|p2a: Dunks|[silent]\n|move|p1a: Spinna|Roar|p2a: Dunks\n|drag|p2a: Referee|Skarmory, M|99\/100\n|-damage|p2a: Referee|87\/100|[from] Stealth Rock\n|\n|-heal|p1a: Spinna|94\/100|[from] item: Leftovers\n|upkeep\n|turn|26\n|\n|t:|1699506564\n|move|p2a: Referee|Stealth Rock||[still]\n|-fail|p2a: Referee\n|move|p1a: Spinna|Rapid Spin|p2a: Referee\n|-resisted|p2a: Referee\n|-damage|p2a: Referee|82\/100\n|-boost|p1a: Spinna|spe|1\n|-sideend|p1: vptwarrior|Stealth Rock|[from] move: Rapid Spin|[of] p1a: Spinna\n|\n|-heal|p1a: Spinna|99\/100|[from] item: Leftovers\n|upkeep\n|turn|27\n|-message|Golbur forfeited.\n|\n|win|vptwarrior\n|l|\u2606Golbur\n","uploadtime":1699506571,"views":4,"p1id":"vptwarrior","p2id":"golbur","formatid":"gen9nationaldexubers","rating":0,"private":0,"password":""}