{"id":"gen9nationaldexubers-1997220942","p1":"jar jar kinks","p2":"KingoftheTitans","format":"[Gen 9] National Dex Ubers","log":"|j|\u203djar jar kinks\n|j|\u2606KingoftheTitans\n|t:|1700777089\n|gametype|singles\n|player|p1|jar jar kinks|elesa|1342\n|player|p2|KingoftheTitans|169|1235\n|teamsize|p1|6\n|teamsize|p2|6\n|gen|9\n|tier|[Gen 9] National Dex Ubers\n|rated|\n|rule|HP Percentage Mod: HP is shown in percentages\n|rule|Endless Battle Clause: Forcing endless battles is banned\n|rule|OHKO Clause: OHKO moves are banned\n|rule|Evasion Moves Clause: Evasion moves are banned\n|rule|Evasion Items Clause: Evasion items are banned\n|rule|Species Clause: Limit one of each Pok\u00e9mon\n|rule|Sleep Clause Mod: Limit one foe put to sleep\n|rule|Mega Rayquaza Clause: You cannot mega evolve Rayquaza\n|clearpoke\n|poke|p1|Regieleki|\n|poke|p1|Basculegion, M|\n|poke|p1|Kleavor, M|\n|poke|p1|Zoroark-Hisui, F|\n|poke|p1|Ursaluna-Bloodmoon, M|\n|poke|p1|Great Tusk|\n|poke|p2|Tornadus, M|\n|poke|p2|Basculegion, M|\n|poke|p2|Druddigon, M|\n|poke|p2|Iron Thorns|\n|poke|p2|Torterra, M|\n|poke|p2|Aggron, M|\n|teampreview\n|inactive|Battle timer is ON: inactive players will automatically lose when time's up. (requested by jar jar kinks)\n|\n|t:|1700777119\n|start\n|switch|p1a: Kleavor|Kleavor, M, shiny|100\/100\n|switch|p2a: Basculegion|Basculegion, M|100\/100\n|turn|1\n|\n|t:|1700777126\n|move|p2a: Basculegion|Flip Turn|p1a: Kleavor\n|-supereffective|p1a: Kleavor\n|-damage|p1a: Kleavor|9\/100\n|\n|t:|1700777135\n|switch|p2a: Torterra|Torterra, M|100\/100|[from] Flip Turn\n|move|p1a: Kleavor|Stone Axe|p2a: Torterra\n|-resisted|p2a: Torterra\n|-damage|p2a: Torterra|65\/100\n|-sidestart|p2: KingoftheTitans|move: Stealth Rock\n|-damage|p1a: Kleavor|0 fnt|[from] item: Life Orb\n|faint|p1a: Kleavor\n|\n|upkeep\n|l|\u203djar jar kinks\n|inactive|jar jar kinks disconnected and has a minute to reconnect!\n|player|p1|\n|j|\u203djar jar kinks\n|inactive|jar jar kinks reconnected and has 135 seconds left.\n|player|p1|jar jar kinks|elesa\n|n|\u203djar jar kinks|jarjarkinks\n|n|\u203djar jar kinks|jarjarkinks\n|n|\u203djar jar kinks|jarjarkinks\n|inactive|jar jar kinks has 120 seconds left.\n|\n|t:|1700777194\n|switch|p1a: Great Tusk|Great Tusk, shiny|100\/100\n|-enditem|p1a: Great Tusk|Booster Energy\n|-activate|p1a: Great Tusk|ability: Protosynthesis|[fromitem]\n|-start|p1a: Great Tusk|protosynthesisatk\n|turn|2\n|\n|t:|1700777199\n|move|p2a: Torterra|Shell Smash|p2a: Torterra\n|-unboost|p2a: Torterra|def|1\n|-unboost|p2a: Torterra|spd|1\n|-boost|p2a: Torterra|atk|2\n|-boost|p2a: Torterra|spa|2\n|-boost|p2a: Torterra|spe|2\n|move|p1a: Great Tusk|Rapid Spin|p2a: Torterra\n|-damage|p2a: Torterra|30\/100\n|-boost|p1a: Great Tusk|spe|1\n|\n|upkeep\n|turn|3\n|\n|t:|1700777209\n|move|p2a: Torterra|Bullet Seed|p1a: Great Tusk\n|-supereffective|p1a: Great Tusk\n|-damage|p1a: Great Tusk|72\/100\n|-supereffective|p1a: Great Tusk\n|-damage|p1a: Great Tusk|44\/100\n|-supereffective|p1a: Great Tusk\n|-damage|p1a: Great Tusk|15\/100\n|-supereffective|p1a: Great Tusk\n|-damage|p1a: Great Tusk|0 fnt\n|faint|p1a: Great Tusk\n|-end|p1a: Great Tusk|Protosynthesis|[silent]\n|-hitcount|p1: Great Tusk|4\n|\n|upkeep\n|l|\u203djar jar kinks\n|inactive|jar jar kinks disconnected and has a minute to reconnect!\n|player|p1|\n|inactive|jar jar kinks has 30 seconds to reconnect!\n|j|\u203djar jar kinks\n|inactive|jar jar kinks reconnected and has 60 seconds left.\n|player|p1|jar jar kinks|elesa\n|n|\u203djar jar kinks|jarjarkinks\n|n|\u203djar jar kinks|jarjarkinks\n|n|\u203djar jar kinks|jarjarkinks\n|\n|t:|1700777274\n|switch|p1a: Regieleki|Regieleki, shiny|100\/100\n|turn|4\n|\n|t:|1700777281\n|move|p1a: Regieleki|Tera Blast|p2a: Torterra\n|-damage|p2a: Torterra|0 fnt\n|faint|p2a: Torterra\n|\n|upkeep\n|\n|t:|1700777287\n|switch|p2a: Tornadus|Tornadus, M|100\/100\n|turn|5\n|l|\u203djar jar kinks\n|inactive|jar jar kinks disconnected and has a minute to reconnect!\n|player|p1|\n|j|\u203djar jar kinks\n|inactive|jar jar kinks reconnected and has 60 seconds left.\n|player|p1|jar jar kinks|elesa\n|n|\u203djar jar kinks|jarjarkinks\n|n|\u203djar jar kinks|jarjarkinks\n|n|\u203djar jar kinks|jarjarkinks\n|\n|t:|1700777308\n|move|p2a: Tornadus|Defog|p1a: Regieleki\n|-unboost|p1a: Regieleki|evasion|1\n|-sideend|p2: KingoftheTitans|Stealth Rock|[from] move: Defog|[of] p2a: Tornadus\n|move|p1a: Regieleki|Thunderbolt|p2a: Tornadus\n|-supereffective|p2a: Tornadus\n|-damage|p2a: Tornadus|0 fnt\n|faint|p2a: Tornadus\n|\n|upkeep\n|\n|t:|1700777317\n|switch|p2a: Druddigon|Druddigon, M, shiny|100\/100\n|turn|6\n|\n|t:|1700777321\n|-terastallize|p1a: Regieleki|Ice\n|move|p1a: Regieleki|Tera Blast|p2a: Druddigon|[anim] Tera Blast Ice\n|-supereffective|p2a: Druddigon\n|-damage|p2a: Druddigon|25\/100\n|move|p2a: Druddigon|Glare|p1a: Regieleki\n|-status|p1a: Regieleki|par\n|\n|upkeep\n|turn|7\n|\n|t:|1700777328\n|move|p1a: Regieleki|Volt Switch|p2a: Druddigon\n|-resisted|p2a: Druddigon\n|-damage|p2a: Druddigon|1\/100\n|\n|t:|1700777339\n|switch|p1a: Ursaluna|Ursaluna-Bloodmoon, M|100\/100|[from] Volt Switch\n|move|p2a: Druddigon|Dragon Claw|p1a: Ursaluna\n|-damage|p1a: Ursaluna|18\/100\n|replace|p1a: Zoroark|Zoroark-Hisui, F, shiny\n|-end|p1a: Zoroark|Illusion\n|\n|upkeep\n|turn|8\n|\n|t:|1700777347\n|move|p1a: Zoroark|Bitter Malice|p2a: Druddigon\n|-damage|p2a: Druddigon|0 fnt\n|faint|p2a: Druddigon\n|\n|upkeep\n|\n|t:|1700777355\n|switch|p2a: Basculegion|Basculegion, M|100\/100\n|turn|9\n|\n|t:|1700777358\n|move|p1a: Zoroark|Bitter Malice|p2a: Basculegion\n|-supereffective|p2a: Basculegion\n|-crit|p2a: Basculegion\n|-damage|p2a: Basculegion|0 fnt\n|faint|p2a: Basculegion\n|\n|upkeep\n|\n|t:|1700777366\n|switch|p2a: Aggron|Aggron, M, shiny|100\/100\n|turn|10\n|c|\u2606KingoftheTitans|SCARF???\n|\n|t:|1700777379\n|detailschange|p2a: Aggron|Aggron-Mega, M, shiny\n|-mega|p2a: Aggron|Aggron|Aggronite\n|move|p1a: Zoroark|Bitter Malice|p2a: Aggron\n|-damage|p2a: Aggron|57\/100\n|-unboost|p2a: Aggron|atk|1\n|move|p2a: Aggron|Heavy Slam|p1a: Zoroark\n|-damage|p1a: Zoroark|0 fnt\n|faint|p1a: Zoroark\n|\n|upkeep\n|\n|t:|1700777384\n|switch|p1a: Regieleki|Regieleki, shiny, tera:Ice|100\/100 par\n|turn|11\n|\n|t:|1700777392\n|move|p1a: Regieleki|Thunderbolt|p2a: Aggron\n|-damage|p2a: Aggron|0 fnt\n|faint|p2a: Aggron\n|\n|upkeep\n|\n|t:|1700777395\n|switch|p2a: Iron Thorns|Iron Thorns|100\/100\n|-item|p2a: Iron Thorns|Air Balloon\n|turn|12\n|\n|t:|1700777402\n|move|p1a: Regieleki|Rapid Spin|p2a: Iron Thorns\n|-resisted|p2a: Iron Thorns\n|-damage|p2a: Iron Thorns|96\/100\n|-boost|p1a: Regieleki|spe|1\n|-enditem|p2a: Iron Thorns|Air Balloon\n|move|p2a: Iron Thorns|Dragon Dance|p2a: Iron Thorns\n|-boost|p2a: Iron Thorns|atk|1\n|-boost|p2a: Iron Thorns|spe|1\n|\n|upkeep\n|turn|13\n|\n|t:|1700777411\n|move|p1a: Regieleki|Thunderbolt|p2a: Iron Thorns\n|-resisted|p2a: Iron Thorns\n|-damage|p2a: Iron Thorns|58\/100\n|move|p2a: Iron Thorns|Stone Edge|p1a: Regieleki|[miss]\n|-miss|p2a: Iron Thorns|p1a: Regieleki\n|\n|upkeep\n|turn|14\n|\n|t:|1700777420\n|move|p1a: Regieleki|Thunderbolt|p2a: Iron Thorns\n|-resisted|p2a: Iron Thorns\n|-damage|p2a: Iron Thorns|25\/100\n|move|p2a: Iron Thorns|Stone Edge|p1a: Regieleki\n|-supereffective|p1a: Regieleki\n|-damage|p1a: Regieleki|0 fnt\n|faint|p1a: Regieleki\n|\n|upkeep\n|\n|t:|1700777423\n|switch|p1a: Basculegion|Basculegion, M, shiny|100\/100\n|turn|15\n|\n|t:|1700777429\n|-terastallize|p2a: Iron Thorns|Electric\n|move|p1a: Basculegion|Last Respects|p2a: Iron Thorns\n|-damage|p2a: Iron Thorns|0 fnt\n|faint|p2a: Iron Thorns\n|-end|p2a: Iron Thorns|Quark Drive|[silent]\n|\n|win|jar jar kinks\n|raw|jar jar kinks's rating: 1342 &rarr; <strong>1356<\/strong><br \/>(+14 for winning)\n|raw|KingoftheTitans's rating: 1235 &rarr; <strong>1217<\/strong><br \/>(-18 for losing)\n|l|\u203djar jar kinks\n|c|\u2606KingoftheTitans|This is BS\n","uploadtime":1700777440,"views":3,"p1id":"jarjarkinks","p2id":"kingofthetitans","formatid":"gen9nationaldexubers","rating":1217,"private":0,"password":""}