{"id":"gen9nationaldexubers-1983458609","p1":"VinnyTheRose","p2":"3o2o2o2o2o","format":"[Gen 9] National Dex Ubers","log":"|j|\u2606VinnyTheRose\n|j|\u26063o2o2o2o2o\n|t:|1699132306\n|gametype|singles\n|player|p1|VinnyTheRose|doubleteam|1188\n|player|p2|3o2o2o2o2o|guitarist-gen3|1408\n|teamsize|p1|6\n|teamsize|p2|6\n|gen|9\n|tier|[Gen 9] National Dex Ubers\n|rated|\n|rule|HP Percentage Mod: HP is shown in percentages\n|rule|Endless Battle Clause: Forcing endless battles is banned\n|rule|OHKO Clause: OHKO moves are banned\n|rule|Evasion Moves Clause: Evasion moves are banned\n|rule|Evasion Items Clause: Evasion items are banned\n|rule|Species Clause: Limit one of each Pok\u00e9mon\n|rule|Sleep Clause Mod: Limit one foe put to sleep\n|rule|Mega Rayquaza Clause: You cannot mega evolve Rayquaza\n|clearpoke\n|poke|p1|Lunala|\n|poke|p1|Magearna|\n|poke|p1|Marshadow|\n|poke|p1|Naganadel|\n|poke|p1|Pheromosa|\n|poke|p1|Necrozma-Dusk-Mane|\n|poke|p2|Necrozma-Dusk-Mane|\n|poke|p2|Groudon|\n|poke|p2|Deoxys-Attack|\n|poke|p2|Marshadow|\n|poke|p2|Zacian-*|\n|poke|p2|Bellsprout, M|\n|teampreview\n|inactive|Battle timer is ON: inactive players will automatically lose when time's up. (requested by 3o2o2o2o2o)\n|inactive|VinnyTheRose also wants the timer to be on.\n|\n|t:|1699132310\n|start\n|switch|p1a: Pheromosa|Pheromosa|100\/100\n|switch|p2a: kurgz\ud83e\udee1\ud83c\udf31|Bellsprout, M, shiny|100\/100\n|turn|1\n|\n|t:|1699132323\n|move|p1a: Pheromosa|U-turn|p2a: kurgz\ud83e\udee1\ud83c\udf31\n|-enditem|p2a: kurgz\ud83e\udee1\ud83c\udf31|Focus Sash\n|-damage|p2a: kurgz\ud83e\udee1\ud83c\udf31|1\/100\n|\n|t:|1699132329\n|switch|p1a: Marshadow|Marshadow|100\/100|[from] U-turn\n|move|p2a: kurgz\ud83e\udee1\ud83c\udf31|Toxic|p1a: Marshadow\n|-status|p1a: Marshadow|tox\n|\n|-damage|p1a: Marshadow|94\/100 tox|[from] psn\n|upkeep\n|turn|2\n|\n|t:|1699132346\n|switch|p2a: 45% messi\ud83d\ude12\ud83d\ude44|Groudon, shiny|100\/100\n|detailschange|p2a: 45% messi\ud83d\ude12\ud83d\ude44|Groudon-Primal, shiny\n|-primal|p2a: 45% messi\ud83d\ude12\ud83d\ude44|Red Orb\n|-weather|DesolateLand|[from] ability: Desolate Land|[of] p2a: 45% messi\ud83d\ude12\ud83d\ude44\n|move|p1a: Marshadow|Shadow Sneak|p2a: 45% messi\ud83d\ude12\ud83d\ude44\n|-damage|p2a: 45% messi\ud83d\ude12\ud83d\ude44|74\/100\n|-damage|p1a: Marshadow|84\/100 tox|[from] item: Life Orb\n|\n|-weather|DesolateLand|[upkeep]\n|-damage|p1a: Marshadow|72\/100 tox|[from] psn\n|upkeep\n|turn|3\n|\n|t:|1699132356\n|switch|p1a: Naganadel|Naganadel|100\/100\n|move|p2a: 45% messi\ud83d\ude12\ud83d\ude44|Heat Crash|p1a: Naganadel\n|-resisted|p1a: Naganadel\n|-damage|p1a: Naganadel|8\/100\n|\n|-weather|DesolateLand|[upkeep]\n|upkeep\n|turn|4\n|\n|t:|1699132372\n|move|p1a: Naganadel|Draco Meteor|p2a: 45% messi\ud83d\ude12\ud83d\ude44\n|-damage|p2a: 45% messi\ud83d\ude12\ud83d\ude44|0 fnt\n|-unboost|p1a: Naganadel|spa|2\n|faint|p2a: 45% messi\ud83d\ude12\ud83d\ude44\n|-weather|none\n|-ability|p1a: Naganadel|Beast Boost|boost\n|-boost|p1a: Naganadel|spe|1\n|-damage|p1a: Naganadel|0 fnt|[from] item: Life Orb\n|faint|p1a: Naganadel\n|\n|upkeep\n|\n|t:|1699132385\n|switch|p1a: Pheromosa|Pheromosa|100\/100\n|switch|p2a: 88% Ronaldo \ud83d\udc4d\u2705\ufe0f|Deoxys-Attack, shiny|100\/100\n|-ability|p2a: 88% Ronaldo \ud83d\udc4d\u2705\ufe0f|Pressure\n|turn|5\n|\n|t:|1699132393\n|switch|p2a: Lil bro|Marshadow|100\/100\n|move|p1a: Pheromosa|U-turn|p2a: Lil bro\n|-resisted|p2a: Lil bro\n|-damage|p2a: Lil bro|83\/100\n|inactive|VinnyTheRose has 120 seconds left.\n|\n|t:|1699132441\n|switch|p1a: Necrozma|Necrozma-Dusk-Mane|100\/100|[from] U-turn\n|\n|upkeep\n|turn|6\n|inactive|VinnyTheRose has 90 seconds left.\n|\n|t:|1699132470\n|detailschange|p1a: Necrozma|Necrozma-Ultra\n|-burst|p1a: Necrozma|Necrozma|Ultranecrozium Z\n|move|p1a: Necrozma|Photon Geyser|p2a: Lil bro\n|-supereffective|p2a: Lil bro\n|-damage|p2a: Lil bro|0 fnt\n|faint|p2a: Lil bro\n|\n|upkeep\n|\n|t:|1699132473\n|switch|p2a: kurgz\ud83e\udee1\ud83c\udf31|Bellsprout, M, shiny|1\/100\n|turn|7\n|inactive|VinnyTheRose has 90 seconds left.\n|\n|t:|1699132491\n|move|p1a: Necrozma|Photon Geyser|p2a: kurgz\ud83e\udee1\ud83c\udf31\n|-supereffective|p2a: kurgz\ud83e\udee1\ud83c\udf31\n|-damage|p2a: kurgz\ud83e\udee1\ud83c\udf31|0 fnt\n|faint|p2a: kurgz\ud83e\udee1\ud83c\udf31\n|\n|upkeep\n|inactive|3o2o2o2o2o has 120 seconds left.\n|\n|t:|1699132519\n|switch|p2a: Zacian my love\ud83d\ude0d\ud83e\udd70|Zacian-Crowned, shiny|100\/100\n|-ability|p2a: Zacian my love\ud83d\ude0d\ud83e\udd70|Intrepid Sword|boost\n|-boost|p2a: Zacian my love\ud83d\ude0d\ud83e\udd70|atk|1\n|turn|8\n|inactive|VinnyTheRose has 90 seconds left.\n|\n|t:|1699132548\n|switch|p1a: Lunala|Lunala|100\/100\n|move|p2a: Zacian my love\ud83d\ude0d\ud83e\udd70|Play Rough|p1a: Lunala\n|-damage|p1a: Lunala|64\/100\n|\n|upkeep\n|turn|9\n|inactive|3o2o2o2o2o has 120 seconds left.\n|inactive|VinnyTheRose has 60 seconds left.\n|\n|t:|1699132595\n|-terastallize|p1a: Lunala|Fairy\n|move|p2a: Zacian my love\ud83d\ude0d\ud83e\udd70|Play Rough|p1a: Lunala\n|-damage|p1a: Lunala|0 fnt\n|faint|p1a: Lunala\n|\n|upkeep\n|inactive|VinnyTheRose has 30 seconds left.\n|\n|t:|1699132620\n|switch|p1a: Magearna|Magearna|100\/100\n|turn|10\n|inactive|VinnyTheRose has 30 seconds left.\n|inactive|3o2o2o2o2o has 120 seconds left.\n|\n|t:|1699132644\n|-terastallize|p2a: Zacian my love\ud83d\ude0d\ud83e\udd70|Ground\n|move|p2a: Zacian my love\ud83d\ude0d\ud83e\udd70|Tera Blast|p1a: Magearna|[anim] Tera Blast Ground\n|-supereffective|p1a: Magearna\n|-damage|p1a: Magearna|9\/100\n|-enditem|p1a: Magearna|Weakness Policy\n|-boost|p1a: Magearna|atk|2|[from] item: Weakness Policy\n|-boost|p1a: Magearna|spa|2|[from] item: Weakness Policy\n|move|p1a: Magearna|Calm Mind|p1a: Magearna\n|-boost|p1a: Magearna|spa|1\n|-boost|p1a: Magearna|spd|1\n|\n|upkeep\n|turn|11\n|c|\u2606VinnyTheRose|gg wp\n|inactive|VinnyTheRose has 30 seconds left.\n|\n|t:|1699132658\n|move|p2a: Zacian my love\ud83d\ude0d\ud83e\udd70|Tera Blast|p1a: Magearna|[anim] Tera Blast Ground\n|-supereffective|p1a: Magearna\n|-damage|p1a: Magearna|0 fnt\n|faint|p1a: Magearna\n|\n|upkeep\n|inactive|VinnyTheRose has 30 seconds left.\n|\n|t:|1699132669\n|switch|p1a: Pheromosa|Pheromosa|100\/100\n|turn|12\n|c|\u26063o2o2o2o2o|U can still win\n|c|\u26063o2o2o2o2o|If i close my eyes\n|inactive|3o2o2o2o2o has 120 seconds left.\n|\n|t:|1699132690\n|move|p1a: Pheromosa|Triple Axel|p2a: Zacian my love\ud83d\ude0d\ud83e\udd70\n|-supereffective|p2a: Zacian my love\ud83d\ude0d\ud83e\udd70\n|-damage|p2a: Zacian my love\ud83d\ude0d\ud83e\udd70|78\/100\n|-supereffective|p2a: Zacian my love\ud83d\ude0d\ud83e\udd70\n|-damage|p2a: Zacian my love\ud83d\ude0d\ud83e\udd70|36\/100\n|-supereffective|p2a: Zacian my love\ud83d\ude0d\ud83e\udd70\n|-damage|p2a: Zacian my love\ud83d\ude0d\ud83e\udd70|0 fnt\n|faint|p2a: Zacian my love\ud83d\ude0d\ud83e\udd70\n|-ability|p1a: Pheromosa|Beast Boost|boost\n|-boost|p1a: Pheromosa|spe|1\n|-hitcount|p2: Zacian my love\ud83d\ude0d\ud83e\udd70|3\n|\n|upkeep\n|\n|t:|1699132694\n|switch|p2a: 23% Ronaldo \ud83d\udeab\ud83d\udc4e|Necrozma-Dusk-Mane, shiny|100\/100\n|turn|13\n|inactive|VinnyTheRose has 30 seconds left.\n|\n|t:|1699132714\n|move|p1a: Pheromosa|Triple Axel|p2a: 23% Ronaldo \ud83d\udeab\ud83d\udc4e\n|-resisted|p2a: 23% Ronaldo \ud83d\udeab\ud83d\udc4e\n|-damage|p2a: 23% Ronaldo \ud83d\udeab\ud83d\udc4e|96\/100\n|-resisted|p2a: 23% Ronaldo \ud83d\udeab\ud83d\udc4e\n|-damage|p2a: 23% Ronaldo \ud83d\udeab\ud83d\udc4e|87\/100\n|-resisted|p2a: 23% Ronaldo \ud83d\udeab\ud83d\udc4e\n|-damage|p2a: 23% Ronaldo \ud83d\udeab\ud83d\udc4e|73\/100\n|-hitcount|p2a: 23% Ronaldo \ud83d\udeab\ud83d\udc4e|3\n|move|p2a: 23% Ronaldo \ud83d\udeab\ud83d\udc4e|Photon Geyser|p1a: Pheromosa\n|-supereffective|p1a: Pheromosa\n|-damage|p1a: Pheromosa|0 fnt\n|faint|p1a: Pheromosa\n|\n|upkeep\n|inactive|VinnyTheRose has 30 seconds left.\n|inactive|VinnyTheRose has 20 seconds left.\n|\n|t:|1699132730\n|switch|p1a: Necrozma|Necrozma-Ultra|100\/100\n|turn|14\n|inactive|VinnyTheRose has 30 seconds left this turn.\n|\n|t:|1699132735\n|move|p1a: Necrozma|Heat Wave|p2a: 23% Ronaldo \ud83d\udeab\ud83d\udc4e\n|-supereffective|p2a: 23% Ronaldo \ud83d\udeab\ud83d\udc4e\n|-damage|p2a: 23% Ronaldo \ud83d\udeab\ud83d\udc4e|0 fnt\n|faint|p2a: 23% Ronaldo \ud83d\udeab\ud83d\udc4e\n|\n|upkeep\n|\n|t:|1699132740\n|switch|p2a: 88% Ronaldo \ud83d\udc4d\u2705\ufe0f|Deoxys-Attack, shiny|100\/100\n|-ability|p2a: 88% Ronaldo \ud83d\udc4d\u2705\ufe0f|Pressure\n|turn|15\n|\n|t:|1699132748\n|move|p2a: 88% Ronaldo \ud83d\udc4d\u2705\ufe0f|Dark Pulse|p1a: Necrozma\n|-supereffective|p1a: Necrozma\n|-damage|p1a: Necrozma|3\/100\n|-damage|p2a: 88% Ronaldo \ud83d\udc4d\u2705\ufe0f|91\/100|[from] item: Life Orb\n|-zpower|p1a: Necrozma\n|move|p1a: Necrozma|Light That Burns the Sky|p2a: 88% Ronaldo \ud83d\udc4d\u2705\ufe0f|[zeffect]\n|-resisted|p2a: 88% Ronaldo \ud83d\udc4d\u2705\ufe0f\n|-damage|p2a: 88% Ronaldo \ud83d\udc4d\u2705\ufe0f|0 fnt\n|faint|p2a: 88% Ronaldo \ud83d\udc4d\u2705\ufe0f\n|\n|win|VinnyTheRose\n|raw|VinnyTheRose's rating: 1188 &rarr; <strong>1227<\/strong><br \/>(+39 for winning)\n|raw|3o2o2o2o2o's rating: 1417 &rarr; <strong>1385<\/strong><br \/>(-32 for losing)\n|c|\u2606VinnyTheRose|gg wp\n|c|\u26063o2o2o2o2o|Forget i said that\n","uploadtime":1699132760,"views":9,"p1id":"vinnytherose","p2id":"3o2o2o2o2o","formatid":"gen9nationaldexubers","rating":1227,"private":0,"password":""}