{"id":"gen9nationaldexubers-1978189551","p1":"RegiF","p2":"GL Lukas","format":"[Gen 9] National Dex Ubers","log":"|j|\u2606RegiF\n|j|\u2606GL Lukas\n|t:|1698510641\n|gametype|singles\n|player|p1|RegiF|bugcatcher-gen4dp|1114\n|player|p2|GL Lukas|volkner|1280\n|teamsize|p1|6\n|teamsize|p2|6\n|gen|9\n|tier|[Gen 9] National Dex Ubers\n|rated|\n|rule|HP Percentage Mod: HP is shown in percentages\n|rule|Endless Battle Clause: Forcing endless battles is banned\n|rule|OHKO Clause: OHKO moves are banned\n|rule|Evasion Moves Clause: Evasion moves are banned\n|rule|Evasion Items Clause: Evasion items are banned\n|rule|Species Clause: Limit one of each Pok\u00e9mon\n|rule|Sleep Clause Mod: Limit one foe put to sleep\n|rule|Mega Rayquaza Clause: You cannot mega evolve Rayquaza\n|clearpoke\n|poke|p1|Steelix, F|\n|poke|p1|Annihilape, F|\n|poke|p1|Kartana|\n|poke|p1|Volcarona, F|\n|poke|p1|Glimmora, M|\n|poke|p1|Aggron, F|\n|poke|p2|Espathra, F|\n|poke|p2|Eiscue, M|\n|poke|p2|Sirfetch\u2019d, M|\n|poke|p2|Corviknight, M|\n|poke|p2|Decidueye, M|\n|poke|p2|Altaria, F|\n|teampreview\n|inactive|Battle timer is ON: inactive players will automatically lose when time's up. (requested by RegiF)\n|\n|t:|1698510653\n|start\n|switch|p1a: Glimmora|Glimmora, M|100\/100\n|switch|p2a: Eiscue|Eiscue, M|100\/100\n|turn|1\n|\n|t:|1698510659\n|move|p2a: Eiscue|Substitute|p2a: Eiscue\n|-start|p2a: Eiscue|Substitute\n|-damage|p2a: Eiscue|75\/100\n|move|p1a: Glimmora|Stealth Rock|p2a: Eiscue\n|-sidestart|p2: GL Lukas|move: Stealth Rock\n|\n|upkeep\n|turn|2\n|\n|t:|1698510666\n|move|p2a: Eiscue|Belly Drum|p2a: Eiscue\n|-damage|p2a: Eiscue|25\/100\n|-setboost|p2a: Eiscue|atk|6|[from] move: Belly Drum\n|-enditem|p2a: Eiscue|Salac Berry|[eat]\n|-boost|p2a: Eiscue|spe|1|[from] item: Salac Berry\n|move|p1a: Glimmora|Spikes|p2a: Eiscue\n|-sidestart|p2: GL Lukas|Spikes\n|\n|upkeep\n|turn|3\n|inactive|GL Lukas has 120 seconds left.\n|inactive|GL Lukas has 90 seconds left.\n|\n|t:|1698510738\n|move|p2a: Eiscue|Ice Spinner|p1a: Glimmora\n|-enditem|p1a: Glimmora|Focus Sash\n|-damage|p1a: Glimmora|1\/100\n|-activate|p1a: Glimmora|ability: Toxic Debris\n|-sidestart|p2: GL Lukas|move: Toxic Spikes\n|move|p1a: Glimmora|Spikes|p2a: Eiscue\n|-sidestart|p2: GL Lukas|Spikes\n|\n|upkeep\n|turn|4\n|\n|t:|1698510746\n|move|p2a: Eiscue|Ice Spinner|p1a: Glimmora\n|-damage|p1a: Glimmora|0 fnt\n|-activate|p1a: Glimmora|ability: Toxic Debris\n|-sidestart|p2: GL Lukas|move: Toxic Spikes\n|faint|p1a: Glimmora\n|\n|upkeep\n|\n|t:|1698510757\n|switch|p1a: Kartana|Kartana|100\/100\n|turn|5\n|\n|t:|1698510763\n|move|p2a: Eiscue|Ice Spinner|p1a: Kartana\n|-damage|p1a: Kartana|0 fnt\n|faint|p1a: Kartana\n|\n|upkeep\n|\n|t:|1698510776\n|switch|p1a: Volcarona|Volcarona, F|100\/100\n|turn|6\n|\n|t:|1698510779\n|move|p2a: Eiscue|Liquidation|p1a: Volcarona\n|-supereffective|p1a: Volcarona\n|-damage|p1a: Volcarona|0 fnt\n|faint|p1a: Volcarona\n|\n|upkeep\n|\n|t:|1698510784\n|switch|p1a: Steelix|Steelix, F|100\/100\n|turn|7\n|\n|t:|1698510792\n|detailschange|p1a: Steelix|Steelix-Mega, F\n|-mega|p1a: Steelix|Steelix|Steelixite\n|move|p2a: Eiscue|Liquidation|p1a: Steelix\n|-supereffective|p1a: Steelix\n|-damage|p1a: Steelix|33\/100\n|move|p1a: Steelix|Body Press|p2a: Eiscue\n|-supereffective|p2a: Eiscue\n|-end|p2a: Eiscue|Substitute\n|\n|upkeep\n|turn|8\n|\n|t:|1698510804\n|move|p2a: Eiscue|Belly Drum||[still]\n|-fail|p2a: Eiscue\n|move|p1a: Steelix|Body Press|p2a: Eiscue\n|-activate|p2a: Eiscue|ability: Ice Face\n|-damage|p2a: Eiscue|25\/100\n|detailschange|p2a: Eiscue|Eiscue-Noice, M\n|\n|upkeep\n|turn|9\n|\n|t:|1698510812\n|move|p2a: Eiscue|Liquidation|p1a: Steelix\n|-supereffective|p1a: Steelix\n|-damage|p1a: Steelix|0 fnt\n|faint|p1a: Steelix\n|\n|upkeep\n|\n|t:|1698510817\n|switch|p1a: Aggron|Aggron, F|100\/100\n|turn|10\n|\n|t:|1698510821\n|-terastallize|p1a: Aggron|Steel\n|move|p2a: Eiscue|Liquidation|p1a: Aggron\n|-damage|p1a: Aggron|52\/100\n|move|p1a: Aggron|Head Smash|p2a: Eiscue|[miss]\n|-miss|p1a: Aggron|p2a: Eiscue\n|\n|-heal|p1a: Aggron|58\/100|[from] item: Leftovers\n|upkeep\n|turn|11\n|\n|t:|1698510830\n|move|p2a: Eiscue|Liquidation|p1a: Aggron\n|-damage|p1a: Aggron|11\/100\n|move|p1a: Aggron|Head Smash|p2a: Eiscue|[miss]\n|-miss|p1a: Aggron|p2a: Eiscue\n|\n|-heal|p1a: Aggron|17\/100|[from] item: Leftovers\n|upkeep\n|turn|12\n|\n|t:|1698510838\n|move|p2a: Eiscue|Liquidation|p1a: Aggron\n|-damage|p1a: Aggron|0 fnt\n|faint|p1a: Aggron\n|\n|upkeep\n|\n|t:|1698510842\n|switch|p1a: Annihilape|Annihilape, F|100\/100\n|turn|13\n|\n|t:|1698510846\n|move|p2a: Eiscue|Ice Spinner|p1a: Annihilape\n|-crit|p1a: Annihilape\n|-damage|p1a: Annihilape|0 fnt\n|faint|p1a: Annihilape\n|\n|win|GL Lukas\n|raw|RegiF's rating: 1114 &rarr; <strong>1100<\/strong><br \/>(-14 for losing)\n|raw|GL Lukas's rating: 1280 &rarr; <strong>1294<\/strong><br \/>(+14 for winning)\n|l|\u2606RegiF\n","uploadtime":1698510853,"views":13,"p1id":"regif","p2id":"gllukas","formatid":"gen9nationaldexubers","rating":1100,"private":0,"password":""}