{"id":"gen9nationaldexubers-1993083048","p1":"ToastTheDragon777","p2":"straightoutta14BC","format":"[Gen 9] National Dex Ubers","log":"|j|\u2606ToastTheDragon777\n|j|\u2606straightoutta14BC\n|inactive|Battle timer is ON: inactive players will automatically lose when time's up.\n|t:|1700262778\n|gametype|singles\n|player|p1|ToastTheDragon777|benga|\n|player|p2|straightoutta14BC|101|\n|teamsize|p1|6\n|teamsize|p2|6\n|gen|9\n|tier|[Gen 9] National Dex Ubers\n|rated|Tournament battle\n|rule|HP Percentage Mod: HP is shown in percentages\n|rule|Endless Battle Clause: Forcing endless battles is banned\n|rule|OHKO Clause: OHKO moves are banned\n|rule|Evasion Moves Clause: Evasion moves are banned\n|rule|Evasion Items Clause: Evasion items are banned\n|rule|Species Clause: Limit one of each Pok\u00e9mon\n|rule|Sleep Clause Mod: Limit one foe put to sleep\n|rule|Mega Rayquaza Clause: You cannot mega evolve Rayquaza\n|rule|Dynamax Clause: You cannot dynamax\n|rule|Terastal Clause: You cannot Terastallize\n|rule|Same Type Clause: Pok\u00e9mon in a team must share a type\n|clearpoke\n|poke|p1|Sneasler, F|\n|poke|p1|Blaziken, F|\n|poke|p1|Great Tusk|\n|poke|p1|Iron Valiant|\n|poke|p1|Kommo-o, F|\n|poke|p1|Zamazenta-*|\n|poke|p2|Klefki, F|\n|poke|p2|Mawile, F|\n|poke|p2|Dialga|\n|poke|p2|Necrozma-Dusk-Mane|\n|poke|p2|Kartana|\n|poke|p2|Excadrill, M|\n|teampreview\n|inactive|ToastTheDragon777 also wants the timer to be on.\n|j| Franko159\n|j| xblazed\n|inactive|straightoutta14BC has 120 seconds left.\n|\n|t:|1700262821\n|start\n|switch|p1a: Blaziken|Blaziken, F|100\/100\n|switch|p2a: Ares|Kartana|100\/100\n|turn|1\n|\n|t:|1700262837\n|switch|p2a: Deep Impact|Excadrill, M|100\/100\n|-ability|p2a: Deep Impact|Mold Breaker\n|detailschange|p1a: Blaziken|Blaziken-Mega, F\n|-mega|p1a: Blaziken|Blaziken|Blazikenite\n|move|p1a: Blaziken|Protect||[still]\n|-fail|p1a: Blaziken\n|\n|-ability|p1a: Blaziken|Speed Boost|boost\n|-boost|p1a: Blaziken|spe|1\n|upkeep\n|turn|2\n|\n|t:|1700262847\n|switch|p1a: Great Tusk|Great Tusk|100\/100\n|move|p2a: Deep Impact|Earthquake|p1a: Great Tusk\n|-damage|p1a: Great Tusk|62\/100\n|\n|upkeep\n|turn|3\n|inactive|straightoutta14BC has 120 seconds left.\n|inactive|straightoutta14BC has 90 seconds left.\n|\n|t:|1700262924\n|move|p2a: Deep Impact|Earthquake|p1a: Great Tusk\n|-damage|p1a: Great Tusk|24\/100\n|move|p1a: Great Tusk|Close Combat|p2a: Deep Impact\n|-supereffective|p2a: Deep Impact\n|-enditem|p2a: Deep Impact|Focus Sash\n|-damage|p2a: Deep Impact|1\/100\n|-unboost|p1a: Great Tusk|def|1\n|-unboost|p1a: Great Tusk|spd|1\n|\n|upkeep\n|turn|4\n|\n|t:|1700262947\n|move|p2a: Deep Impact|Earthquake|p1a: Great Tusk\n|-damage|p1a: Great Tusk|0 fnt\n|faint|p1a: Great Tusk\n|-end|p1a: Great Tusk|Protosynthesis|[silent]\n|\n|upkeep\n|\n|t:|1700262954\n|switch|p1a: Blaziken|Blaziken-Mega, F|100\/100\n|turn|5\n|\n|t:|1700262959\n|move|p1a: Blaziken|Protect|p1a: Blaziken\n|-singleturn|p1a: Blaziken|Protect\n|move|p2a: Deep Impact|Earthquake|p1a: Blaziken\n|-activate|p1a: Blaziken|move: Protect\n|\n|-ability|p1a: Blaziken|Speed Boost|boost\n|-boost|p1a: Blaziken|spe|1\n|upkeep\n|turn|6\n|\n|t:|1700262971\n|move|p1a: Blaziken|Earthquake|p2a: Deep Impact\n|-supereffective|p2a: Deep Impact\n|-damage|p2a: Deep Impact|0 fnt\n|faint|p2a: Deep Impact\n|\n|-ability|p1a: Blaziken|Speed Boost|boost\n|-boost|p1a: Blaziken|spe|1\n|upkeep\n|inactive|straightoutta14BC has 90 seconds left.\n|\n|t:|1700262984\n|switch|p2a: Pioneer|Dialga|100\/100\n|-ability|p2a: Pioneer|Pressure\n|turn|7\n|\n|t:|1700262991\n|move|p1a: Blaziken|High Jump Kick|p2a: Pioneer\n|-supereffective|p2a: Pioneer\n|-enditem|p2a: Pioneer|Chople Berry|[eat]\n|-enditem|p2a: Pioneer|Chople Berry|[weaken]\n|-damage|p2a: Pioneer|47\/100\n|move|p2a: Pioneer|Draco Meteor|p1a: Blaziken\n|-damage|p1a: Blaziken|0 fnt\n|-unboost|p2a: Pioneer|spa|2\n|faint|p1a: Blaziken\n|\n|upkeep\n|inactive|ToastTheDragon777 has 120 seconds left.\n|\n|t:|1700263022\n|switch|p1a: Zamazenta|Zamazenta-Crowned|100\/100\n|-ability|p1a: Zamazenta|Dauntless Shield|boost\n|-boost|p1a: Zamazenta|def|1\n|turn|8\n|inactive|straightoutta14BC has 90 seconds left.\n|\n|t:|1700263054\n|switch|p2a: Mir|Klefki, F|100\/100\n|move|p1a: Zamazenta|Body Press|p2a: Mir\n|-damage|p2a: Mir|41\/100\n|\n|upkeep\n|turn|9\n|\n|t:|1700263074\n|move|p2a: Mir|Reflect|p2a: Mir\n|-sidestart|p2: straightoutta14BC|Reflect\n|move|p1a: Zamazenta|Body Press|p2a: Mir\n|-damage|p2a: Mir|12\/100\n|\n|upkeep\n|turn|10\n|inactive|straightoutta14BC has 90 seconds left.\n|\n|t:|1700263086\n|move|p1a: Zamazenta|Body Press|p2a: Mir\n|-damage|p2a: Mir|0 fnt\n|faint|p2a: Mir\n|\n|upkeep\n|\n|t:|1700263089\n|switch|p2a: Dyson|Necrozma-Dusk-Mane|100\/100\n|turn|11\n|\n|t:|1700263100\n|move|p1a: Zamazenta|Body Press|p2a: Dyson\n|-damage|p2a: Dyson|70\/100\n|move|p2a: Dyson|Rock Polish|p2a: Dyson\n|-boost|p2a: Dyson|spe|2\n|\n|upkeep\n|turn|12\n|\n|t:|1700263109\n|move|p2a: Dyson|Earth Power|p1a: Zamazenta\n|-supereffective|p1a: Zamazenta\n|-damage|p1a: Zamazenta|62\/100\n|move|p1a: Zamazenta|Body Press|p2a: Dyson\n|-damage|p2a: Dyson|42\/100\n|\n|upkeep\n|turn|13\n|\n|t:|1700263115\n|move|p2a: Dyson|Earth Power|p1a: Zamazenta\n|-supereffective|p1a: Zamazenta\n|-damage|p1a: Zamazenta|21\/100\n|move|p1a: Zamazenta|Body Press|p2a: Dyson\n|-damage|p2a: Dyson|12\/100\n|\n|-sideend|p2: straightoutta14BC|Reflect\n|upkeep\n|turn|14\n|inactive|straightoutta14BC has 120 seconds left.\n|\n|t:|1700263134\n|move|p2a: Dyson|Earth Power|p1a: Zamazenta\n|-supereffective|p1a: Zamazenta\n|-damage|p1a: Zamazenta|0 fnt\n|faint|p1a: Zamazenta\n|\n|upkeep\n|\n|t:|1700263136\n|switch|p1a: Sneasler|Sneasler, F|100\/100\n|turn|15\n|inactive|straightoutta14BC has 120 seconds left.\n|\n|t:|1700263157\n|move|p1a: Sneasler|Fake Out|p2a: Dyson\n|-enditem|p1a: Sneasler|Normal Gem|[from] gem\n|-resisted|p2a: Dyson\n|-damage|p2a: Dyson|3\/100\n|cant|p2a: Dyson|flinch\n|\n|upkeep\n|turn|16\n|\n|t:|1700263168\n|move|p1a: Sneasler|Night Slash|p2a: Dyson\n|-supereffective|p2a: Dyson\n|-damage|p2a: Dyson|0 fnt\n|faint|p2a: Dyson\n|\n|upkeep\n|\n|t:|1700263170\n|switch|p2a: Valentina|Mawile, F|100\/100\n|-ability|p2a: Valentina|Intimidate|boost\n|-unboost|p1a: Sneasler|atk|1\n|turn|17\n|\n|t:|1700263173\n|detailschange|p2a: Valentina|Mawile-Mega, F\n|-mega|p2a: Valentina|Mawile|Mawilite\n|move|p1a: Sneasler|Close Combat|p2a: Valentina\n|-damage|p2a: Valentina|58\/100\n|-unboost|p1a: Sneasler|def|1\n|-unboost|p1a: Sneasler|spd|1\n|move|p2a: Valentina|Play Rough|p1a: Sneasler\n|-damage|p1a: Sneasler|0 fnt\n|faint|p1a: Sneasler\n|\n|upkeep\n|\n|t:|1700263179\n|switch|p1a: Iron Valiant|Iron Valiant|100\/100\n|-enditem|p1a: Iron Valiant|Booster Energy\n|-activate|p1a: Iron Valiant|ability: Quark Drive|[fromitem]\n|-start|p1a: Iron Valiant|quarkdrivespe\n|turn|18\n|\n|t:|1700263193\n|switch|p2a: Pioneer|Dialga|47\/100\n|-ability|p2a: Pioneer|Pressure\n|move|p1a: Iron Valiant|Aura Sphere|p2a: Pioneer\n|-supereffective|p2a: Pioneer\n|-damage|p2a: Pioneer|0 fnt\n|faint|p2a: Pioneer\n|\n|upkeep\n|\n|t:|1700263200\n|switch|p2a: Valentina|Mawile-Mega, F|58\/100\n|turn|19\n|\n|t:|1700263204\n|move|p1a: Iron Valiant|Aura Sphere|p2a: Valentina\n|-damage|p2a: Valentina|7\/100\n|move|p2a: Valentina|Play Rough|p1a: Iron Valiant\n|-supereffective|p1a: Iron Valiant\n|-damage|p1a: Iron Valiant|0 fnt\n|faint|p1a: Iron Valiant\n|-end|p1a: Iron Valiant|Quark Drive|[silent]\n|\n|upkeep\n|\n|t:|1700263208\n|switch|p1a: Kommo-o|Kommo-o, F|100\/100\n|turn|20\n|\n|t:|1700263214\n|move|p1a: Kommo-o|Flamethrower|p2a: Valentina\n|-supereffective|p2a: Valentina\n|-damage|p2a: Valentina|0 fnt\n|faint|p2a: Valentina\n|\n|upkeep\n|\n|t:|1700263216\n|switch|p2a: Ares|Kartana|100\/100\n|turn|21\n|c|\u2606straightoutta14BC|Gg\n|\n|t:|1700263225\n|move|p2a: Ares|Psycho Cut|p1a: Kommo-o\n|-supereffective|p1a: Kommo-o\n|-damage|p1a: Kommo-o|52\/100\n|move|p1a: Kommo-o|Flamethrower|p2a: Ares\n|-supereffective|p2a: Ares\n|-damage|p2a: Ares|0 fnt\n|faint|p2a: Ares\n|\n|win|ToastTheDragon777\n|n|\u2606ToastTheDragon777|toastthedragon777\n|n|\u2606straightoutta14BC|straightoutta14bc\n|n| Franko159|franko159\n|n| xblazed|xblazed\n","uploadtime":1700263226,"views":7,"p1id":"toastthedragon777","p2id":"straightoutta14bc","formatid":"gen9nationaldexubers","rating":0,"private":0,"password":""}