{"id":"gen9nationaldexubers-1990775045","p1":"m444rf","p2":"pawket","format":"[Gen 9] National Dex Ubers","log":"|j|\u2606m444rf\n|j|\u2606pawket\n|t:|1699999625\n|gametype|singles\n|player|p1|m444rf|169|\n|player|p2|pawket|bugcatcher-gen4dp|\n|teamsize|p1|6\n|teamsize|p2|6\n|gen|9\n|tier|[Gen 9] National Dex Ubers\n|rule|HP Percentage Mod: HP is shown in percentages\n|rule|Endless Battle Clause: Forcing endless battles is banned\n|rule|OHKO Clause: OHKO moves are banned\n|rule|Evasion Moves Clause: Evasion moves are banned\n|rule|Evasion Items Clause: Evasion items are banned\n|rule|Species Clause: Limit one of each Pok\u00e9mon\n|rule|Sleep Clause Mod: Limit one foe put to sleep\n|rule|Mega Rayquaza Clause: You cannot mega evolve Rayquaza\n|clearpoke\n|poke|p1|Rotom-Mow|\n|poke|p1|Great Tusk|\n|poke|p1|Slowking, F|\n|poke|p1|Audino, M|\n|poke|p1|Bisharp, F|\n|poke|p1|Dragapult, F|\n|poke|p2|Ursaluna-Bloodmoon, M|\n|poke|p2|Glastrier|\n|poke|p2|Volcarona, F|\n|poke|p2|Grimmsnarl, M|\n|poke|p2|Mimikyu, M|\n|poke|p2|Slowbro, M|\n|teampreview\n|c|\u2606m444rf|how long u wanna wait\n|c|\u2606m444rf|or u jus wanna go\n|j| ColdSobaNoodle\n|c|\u2606pawket|We can just go.\n|c| ColdSobaNoodle|Hot set?\n|c|\u2606m444rf|ok\n|c|\u2606pawket|There's someone. See, we waited.\n|\n|t:|1699999703\n|start\n|switch|p1a: Dragapult|Dragapult, F|100\/100\n|switch|p2a: Grimmsnarl|Grimmsnarl, M|100\/100\n|turn|1\n|\n|t:|1699999719\n|move|p2a: Grimmsnarl|Reflect|p2a: Grimmsnarl\n|-sidestart|p2: pawket|Reflect\n|move|p1a: Dragapult|U-turn|p2a: Grimmsnarl\n|-damage|p2a: Grimmsnarl|76\/100\n|-damage|p1a: Dragapult|90\/100|[from] item: Life Orb\n|\n|t:|1699999728\n|switch|p1a: Bisharp|Bisharp, F|100\/100|[from] U-turn\n|\n|upkeep\n|turn|2\n|\n|t:|1699999739\n|switch|p2a: Volcarona|Volcarona, F|100\/100\n|move|p1a: Bisharp|Brick Break|p2a: Volcarona\n|-sideend|p2: pawket|Reflect\n|-resisted|p2a: Volcarona\n|-crit|p2a: Volcarona\n|-damage|p2a: Volcarona|66\/100\n|\n|upkeep\n|turn|3\n|j| Demolution545\n|\n|t:|1699999750\n|switch|p1a: Slowking|Slowking, F|100\/100\n|move|p2a: Volcarona|Quiver Dance|p2a: Volcarona\n|-boost|p2a: Volcarona|spa|1\n|-boost|p2a: Volcarona|spd|1\n|-boost|p2a: Volcarona|spe|1\n|\n|upkeep\n|turn|4\n|\n|t:|1699999763\n|-terastallize|p2a: Volcarona|Grass\n|move|p2a: Volcarona|Giga Drain|p1a: Slowking\n|-supereffective|p1a: Slowking\n|-damage|p1a: Slowking|52\/100\n|-heal|p2a: Volcarona|97\/100|[from] drain|[of] p1a: Slowking\n|move|p1a: Slowking|Dragon Tail|p2a: Volcarona\n|-damage|p2a: Volcarona|82\/100\n|drag|p2a: Slowbro|Slowbro, M|100\/100\n|\n|upkeep\n|turn|5\n|j| Lunar Sloth\n|c| ColdSobaNoodle|Nice dragon tail\n|\n|t:|1699999779\n|switch|p2a: Volcarona|Volcarona, F, tera:Grass|82\/100\n|switch|p1a: Audino|Audino, M|100\/100\n|\n|upkeep\n|turn|6\n|\n|t:|1699999788\n|detailschange|p1a: Audino|Audino-Mega, M\n|-mega|p1a: Audino|Audino|Audinite\n|move|p2a: Volcarona|Fiery Dance|p1a: Audino\n|-damage|p1a: Audino|77\/100\n|-boost|p2a: Volcarona|spa|1\n|move|p1a: Audino|Encore|p2a: Volcarona\n|-start|p2a: Volcarona|Encore\n|\n|upkeep\n|turn|7\n|\n|t:|1699999797\n|move|p2a: Volcarona|Fiery Dance|p1a: Audino\n|-damage|p1a: Audino|44\/100\n|-boost|p2a: Volcarona|spa|1\n|move|p1a: Audino|Toxic|p2a: Volcarona\n|-status|p2a: Volcarona|tox\n|\n|-damage|p2a: Volcarona|75\/100 tox|[from] psn\n|upkeep\n|turn|8\n|\n|t:|1699999807\n|switch|p1a: Slowking|Slowking, F|85\/100\n|move|p2a: Volcarona|Fiery Dance|p1a: Slowking\n|-resisted|p1a: Slowking\n|-damage|p1a: Slowking|69\/100\n|-boost|p2a: Volcarona|spa|1\n|\n|-damage|p2a: Volcarona|63\/100 tox|[from] psn\n|upkeep\n|turn|9\n|\n|t:|1699999821\n|move|p2a: Volcarona|Fiery Dance|p1a: Slowking\n|-resisted|p1a: Slowking\n|-damage|p1a: Slowking|46\/100\n|-boost|p2a: Volcarona|spa|1\n|move|p1a: Slowking|Scald|p2a: Volcarona\n|-resisted|p2a: Volcarona\n|-damage|p2a: Volcarona|47\/100 tox\n|\n|-damage|p2a: Volcarona|29\/100 tox|[from] psn\n|-end|p2a: Volcarona|Encore\n|upkeep\n|turn|10\n|c|\u2606m444rf|bro was 4 for 4\n|\n|t:|1699999837\n|move|p2a: Volcarona|Giga Drain|p1a: Slowking\n|-supereffective|p1a: Slowking\n|-damage|p1a: Slowking|0 fnt\n|-heal|p2a: Volcarona|58\/100 tox|[from] drain|[of] p1a: Slowking\n|faint|p1a: Slowking\n|\n|-damage|p2a: Volcarona|34\/100 tox|[from] psn\n|upkeep\n|\n|t:|1699999846\n|switch|p1a: Dragapult|Dragapult, F|90\/100\n|turn|11\n|\n|t:|1699999851\n|switch|p2a: Grimmsnarl|Grimmsnarl, M|76\/100\n|move|p1a: Dragapult|Shadow Ball|p2a: Grimmsnarl\n|-resisted|p2a: Grimmsnarl\n|-damage|p2a: Grimmsnarl|57\/100\n|-damage|p1a: Dragapult|80\/100|[from] item: Life Orb\n|\n|upkeep\n|turn|12\n|\n|t:|1699999862\n|move|p2a: Grimmsnarl|Reflect|p2a: Grimmsnarl\n|-sidestart|p2: pawket|Reflect\n|move|p1a: Dragapult|U-turn|p2a: Grimmsnarl\n|-damage|p2a: Grimmsnarl|34\/100\n|-damage|p1a: Dragapult|70\/100|[from] item: Life Orb\n|\n|t:|1699999864\n|switch|p1a: Bisharp|Bisharp, F|100\/100|[from] U-turn\n|\n|upkeep\n|turn|13\n|\n|t:|1699999879\n|switch|p2a: Ursaluna|Ursaluna-Bloodmoon, M|100\/100\n|move|p1a: Bisharp|Iron Head|p2a: Ursaluna\n|-damage|p2a: Ursaluna|84\/100\n|\n|upkeep\n|turn|14\n|\n|t:|1699999895\n|switch|p2a: Volcarona|Volcarona, F, tera:Grass|34\/100 tox\n|-terastallize|p1a: Bisharp|Flying\n|move|p1a: Bisharp|Brick Break|p2a: Volcarona\n|-sideend|p2: pawket|Reflect\n|-damage|p2a: Volcarona|0 fnt\n|faint|p2a: Volcarona\n|\n|upkeep\n|\n|t:|1699999919\n|switch|p2a: Mimikyu|Mimikyu, M, shiny|100\/100\n|turn|15\n|\n|t:|1699999929\n|move|p2a: Mimikyu|Swords Dance|p2a: Mimikyu\n|-boost|p2a: Mimikyu|atk|2\n|move|p1a: Bisharp|Knock Off|p2a: Mimikyu\n|-activate|p2a: Mimikyu|ability: Disguise\n|-damage|p2a: Mimikyu|100\/100\n|-enditem|p2a: Mimikyu|Lum Berry|[from] move: Knock Off|[of] p1a: Bisharp\n|detailschange|p2a: Mimikyu|Mimikyu-Busted, M, shiny\n|-damage|p2a: Mimikyu|88\/100|[from] pokemon: Mimikyu-Busted\n|\n|upkeep\n|turn|16\n|\n|t:|1699999941\n|switch|p1a: Audino|Audino-Mega, M|44\/100\n|move|p2a: Mimikyu|Shadow Claw|p1a: Audino\n|-immune|p1a: Audino\n|\n|upkeep\n|turn|17\n|\n|t:|1699999948\n|move|p1a: Audino|Protect|p1a: Audino\n|-singleturn|p1a: Audino|Protect\n|move|p2a: Mimikyu|Play Rough|p1a: Audino\n|-activate|p1a: Audino|move: Protect\n|\n|upkeep\n|turn|18\n|\n|t:|1699999957\n|move|p2a: Mimikyu|Play Rough|p1a: Audino\n|-damage|p1a: Audino|0 fnt\n|faint|p1a: Audino\n|\n|upkeep\n|\n|t:|1699999961\n|switch|p1a: Dragapult|Dragapult, F|70\/100\n|turn|19\n|\n|t:|1699999966\n|switch|p2a: Ursaluna|Ursaluna-Bloodmoon, M|84\/100\n|move|p1a: Dragapult|Shadow Ball|p2a: Ursaluna\n|-immune|p2a: Ursaluna\n|\n|upkeep\n|turn|20\n|\n|t:|1699999975\n|move|p1a: Dragapult|Curse|p2a: Ursaluna\n|-start|p2a: Ursaluna|Curse|[of] p1a: Dragapult\n|-damage|p1a: Dragapult|20\/100\n|move|p2a: Ursaluna|Blood Moon|p1a: Dragapult\n|-damage|p1a: Dragapult|0 fnt\n|faint|p1a: Dragapult\n|-damage|p2a: Ursaluna|74\/100|[from] item: Life Orb\n|\n|-damage|p2a: Ursaluna|49\/100|[from] Curse\n|upkeep\n|\n|t:|1699999981\n|switch|p1a: Rotom|Rotom-Mow|100\/100\n|turn|21\n|c| Lunar Sloth|oh blood moon has a special animation now\n|\n|t:|1700000006\n|switch|p2a: Slowbro|Slowbro, M|100\/100\n|move|p1a: Rotom|Volt Switch|p2a: Slowbro\n|-supereffective|p2a: Slowbro\n|-damage|p2a: Slowbro|29\/100\n|\n|t:|1700000016\n|switch|p1a: Great Tusk|Great Tusk|100\/100|[from] Volt Switch\n|-enditem|p1a: Great Tusk|Booster Energy\n|-activate|p1a: Great Tusk|ability: Protosynthesis|[fromitem]\n|-start|p1a: Great Tusk|protosynthesisatk\n|\n|upkeep\n|turn|22\n|\n|t:|1700000033\n|switch|p2a: Mimikyu|Mimikyu-Busted, M, shiny|88\/100\n|move|p1a: Great Tusk|Earthquake|p2a: Mimikyu\n|-damage|p2a: Mimikyu|0 fnt\n|faint|p2a: Mimikyu\n|\n|upkeep\n|\n|t:|1700000040\n|switch|p2a: Grimmsnarl|Grimmsnarl, M|34\/100\n|turn|23\n|\n|t:|1700000046\n|move|p2a: Grimmsnarl|Reflect|p2a: Grimmsnarl\n|-sidestart|p2: pawket|Reflect\n|move|p1a: Great Tusk|Bulk Up|p1a: Great Tusk\n|-boost|p1a: Great Tusk|atk|1\n|-boost|p1a: Great Tusk|def|1\n|\n|upkeep\n|turn|24\n|\n|t:|1700000053\n|move|p2a: Grimmsnarl|Taunt|p1a: Great Tusk\n|-start|p1a: Great Tusk|move: Taunt\n|move|p1a: Great Tusk|Earthquake|p2a: Grimmsnarl\n|-damage|p2a: Grimmsnarl|0 fnt\n|faint|p2a: Grimmsnarl\n|\n|upkeep\n|\n|t:|1700000063\n|switch|p2a: Slowbro|Slowbro, M|62\/100\n|turn|25\n|\n|t:|1700000070\n|detailschange|p2a: Slowbro|Slowbro-Mega, M\n|-mega|p2a: Slowbro|Slowbro|Slowbronite\n|move|p1a: Great Tusk|Earthquake|p2a: Slowbro\n|-damage|p2a: Slowbro|40\/100\n|move|p2a: Slowbro|Psyshock|p1a: Great Tusk\n|-supereffective|p1a: Great Tusk\n|-damage|p1a: Great Tusk|71\/100\n|\n|upkeep\n|turn|26\n|\n|t:|1700000083\n|-end|p1a: Great Tusk|Protosynthesis|[silent]\n|switch|p1a: Rotom|Rotom-Mow|100\/100\n|move|p2a: Slowbro|Scald|p1a: Rotom\n|-resisted|p1a: Rotom\n|-damage|p1a: Rotom|81\/100\n|\n|upkeep\n|turn|27\n|\n|t:|1700000092\n|move|p1a: Rotom|Leaf Storm|p2a: Slowbro|[miss]\n|-miss|p1a: Rotom|p2a: Slowbro\n|move|p2a: Slowbro|Psyshock|p1a: Rotom\n|-damage|p1a: Rotom|47\/100\n|\n|upkeep\n|turn|28\n|\n|t:|1700000101\n|move|p1a: Rotom|Leaf Storm|p2a: Slowbro\n|-supereffective|p2a: Slowbro\n|-damage|p2a: Slowbro|0 fnt\n|-unboost|p1a: Rotom|spa|2\n|faint|p2a: Slowbro\n|\n|upkeep\n|\n|t:|1700000110\n|switch|p2a: Glastrier|Glastrier|100\/100\n|turn|29\n|c| ColdSobaNoodle|Love sets like these\n|\n|t:|1700000127\n|move|p1a: Rotom|Leaf Storm|p2a: Glastrier\n|-damage|p2a: Glastrier|75\/100\n|-unboost|p1a: Rotom|spa|2\n|-zpower|p2a: Glastrier\n|move|p2a: Glastrier|Subzero Slammer|p1a: Rotom|[zeffect]\n|-supereffective|p1a: Rotom\n|-damage|p1a: Rotom|0 fnt\n|faint|p1a: Rotom\n|-ability|p2a: Glastrier|Chilling Neigh|boost\n|-boost|p2a: Glastrier|atk|1\n|\n|upkeep\n|\n|t:|1700000135\n|switch|p1a: Great Tusk|Great Tusk|71\/100\n|turn|30\n|\n|t:|1700000143\n|move|p1a: Great Tusk|Close Combat|p2a: Glastrier\n|-supereffective|p2a: Glastrier\n|-damage|p2a: Glastrier|27\/100\n|-unboost|p1a: Great Tusk|def|1\n|-unboost|p1a: Great Tusk|spd|1\n|move|p2a: Glastrier|Icicle Crash|p1a: Great Tusk|[miss]\n|-miss|p2a: Glastrier|p1a: Great Tusk\n|\n|-sideend|p2: pawket|Reflect\n|upkeep\n|turn|31\n|\n|t:|1700000153\n|move|p1a: Great Tusk|Close Combat|p2a: Glastrier\n|-supereffective|p2a: Glastrier\n|-damage|p2a: Glastrier|0 fnt\n|-unboost|p1a: Great Tusk|def|1\n|-unboost|p1a: Great Tusk|spd|1\n|faint|p2a: Glastrier\n|\n|upkeep\n|c| Lunar Sloth|unfortunate miss\n|c|\u2606pawket|Mmhm\n|\n|t:|1700000166\n|switch|p2a: Ursaluna|Ursaluna-Bloodmoon, M|49\/100\n|turn|32\n|\n|t:|1700000171\n|move|p1a: Great Tusk|Close Combat|p2a: Ursaluna\n|-supereffective|p2a: Ursaluna\n|-damage|p2a: Ursaluna|0 fnt\n|-unboost|p1a: Great Tusk|def|1\n|-unboost|p1a: Great Tusk|spd|1\n|faint|p2a: Ursaluna\n|\n|win|m444rf\n","uploadtime":1700000181,"views":34,"p1id":"m444rf","p2id":"pawket","formatid":"gen9nationaldexubers","rating":0,"private":0,"password":""}