{"id":"gen9nationaldexubers-1990119271","p1":"Siege Team","p2":"chillpanda21","format":"[Gen 9] National Dex Ubers","log":"|j|\u2606Siege Team\n|j|\u2606chillpanda21\n|t:|1699926601\n|gametype|singles\n|player|p1|Siege Team|veteran|1596\n|player|p2|chillpanda21|steven|1436\n|teamsize|p1|6\n|teamsize|p2|6\n|gen|9\n|tier|[Gen 9] National Dex Ubers\n|rated|\n|rule|HP Percentage Mod: HP is shown in percentages\n|rule|Endless Battle Clause: Forcing endless battles is banned\n|rule|OHKO Clause: OHKO moves are banned\n|rule|Evasion Moves Clause: Evasion moves are banned\n|rule|Evasion Items Clause: Evasion items are banned\n|rule|Species Clause: Limit one of each Pok\u00e9mon\n|rule|Sleep Clause Mod: Limit one foe put to sleep\n|rule|Mega Rayquaza Clause: You cannot mega evolve Rayquaza\n|clearpoke\n|poke|p1|Annihilape, M|\n|poke|p1|Arceus-Flying|\n|poke|p1|Groudon|\n|poke|p1|Rayquaza|\n|poke|p1|Necrozma-Dusk-Mane|\n|poke|p1|Yveltal|\n|poke|p2|Zygarde|\n|poke|p2|Yveltal|\n|poke|p2|Magearna|\n|poke|p2|Groudon|\n|poke|p2|Iron Bundle|\n|poke|p2|Marshadow|\n|teampreview\n|inactive|Battle timer is ON: inactive players will automatically lose when time's up. (requested by Siege Team)\n|\n|t:|1699926622\n|start\n|switch|p1a: Annihilape|Annihilape, M|100\/100\n|switch|p2a: Magearna|Magearna|100\/100\n|turn|1\n|\n|t:|1699926628\n|move|p1a: Annihilape|U-turn|p2a: Magearna\n|-resisted|p2a: Magearna\n|-damage|p2a: Magearna|96\/100\n|-enditem|p2a: Magearna|Kee Berry|[eat]\n|-boost|p2a: Magearna|def|1|[from] item: Kee Berry\n|c|\u2606chillpanda21|let me cook\n|\n|t:|1699926636\n|switch|p1a: Groudon|Groudon|100\/100|[from] U-turn\n|detailschange|p1a: Groudon|Groudon-Primal\n|-primal|p1a: Groudon|Red Orb\n|-weather|DesolateLand|[from] ability: Desolate Land|[of] p1a: Groudon\n|move|p2a: Magearna|Shift Gear|p2a: Magearna\n|-boost|p2a: Magearna|spe|2\n|-boost|p2a: Magearna|atk|1\n|\n|-weather|DesolateLand|[upkeep]\n|upkeep\n|turn|2\n|c|\u2606chillpanda21|watch this\n|\n|t:|1699926644\n|-terastallize|p2a: Magearna|Water\n|move|p2a: Magearna|Calm Mind|p2a: Magearna\n|-boost|p2a: Magearna|spa|1\n|-boost|p2a: Magearna|spd|1\n|move|p1a: Groudon|Bulk Up|p1a: Groudon\n|-boost|p1a: Groudon|atk|1\n|-boost|p1a: Groudon|def|1\n|\n|-weather|DesolateLand|[upkeep]\n|upkeep\n|turn|3\n|c|\u2606chillpanda21|miss\n|\n|t:|1699926650\n|move|p2a: Magearna|Calm Mind|p2a: Magearna\n|-boost|p2a: Magearna|spa|1\n|-boost|p2a: Magearna|spd|1\n|move|p1a: Groudon|Bulk Up|p1a: Groudon\n|-boost|p1a: Groudon|atk|1\n|-boost|p1a: Groudon|def|1\n|\n|-weather|DesolateLand|[upkeep]\n|upkeep\n|turn|4\n|c|\u2606chillpanda21|oh hsit\n|\n|t:|1699926656\n|move|p2a: Magearna|Stored Power|p1a: Groudon\n|-damage|p1a: Groudon|0 fnt\n|faint|p1a: Groudon\n|-ability|p2a: Magearna|Soul-Heart|boost\n|-boost|p2a: Magearna|spa|1\n|-weather|none\n|\n|upkeep\n|c|\u2606chillpanda21|chillin\n|c|\u2606chillpanda21|few\n|\n|t:|1699926670\n|switch|p1a: Annihilape|Annihilape, M|100\/100\n|turn|5\n|\n|t:|1699926674\n|move|p1a: Annihilape|Final Gambit|p2a: Magearna\n|-damage|p2a: Magearna|0 fnt\n|faint|p1a: Annihilape\n|faint|p2a: Magearna\n|\n|upkeep\n|c|\u2606chillpanda21|WOW\n|c|\u2606chillpanda21|fking scarf is wild\n|c|\u2606chillpanda21|XD\n|\n|t:|1699926686\n|switch|p1a: Rayquaza|Rayquaza|100\/100\n|switch|p2a: Yveltal|Yveltal|100\/100\n|-ability|p1a: Rayquaza|Air Lock\n|-ability|p2a: Yveltal|Dark Aura\n|turn|6\n|c|\u2606Siege Team|wrecked\n|c|\u2606chillpanda21|lol\n|\n|t:|1699926693\n|move|p1a: Rayquaza|Dragon Ascent|p2a: Yveltal\n|-damage|p2a: Yveltal|59\/100\n|-unboost|p1a: Rayquaza|def|1\n|-unboost|p1a: Rayquaza|spd|1\n|move|p2a: Yveltal|Dark Pulse|p1a: Rayquaza\n|-enditem|p1a: Rayquaza|Focus Sash\n|-damage|p1a: Rayquaza|1\/100\n|\n|upkeep\n|turn|7\n|c|\u2606chillpanda21|oof\n|\n|t:|1699926704\n|move|p1a: Rayquaza|Dragon Ascent|p2a: Yveltal\n|-damage|p2a: Yveltal|18\/100\n|-unboost|p1a: Rayquaza|def|1\n|-unboost|p1a: Rayquaza|spd|1\n|move|p2a: Yveltal|Oblivion Wing|p1a: Rayquaza\n|-damage|p1a: Rayquaza|0 fnt\n|-heal|p2a: Yveltal|18\/100|[from] drain|[of] p1a: Rayquaza\n|faint|p1a: Rayquaza\n|\n|upkeep\n|c|\u2606chillpanda21|ill take is ig\n|\n|t:|1699926713\n|switch|p1a: Arceus|Arceus-Flying|100\/100\n|turn|8\n|c|\u2606chillpanda21|XD\n|\n|t:|1699926717\n|move|p1a: Arceus|Judgment|p2a: Yveltal\n|-damage|p2a: Yveltal|0 fnt\n|faint|p2a: Yveltal\n|\n|upkeep\n|\n|t:|1699926722\n|switch|p2a: Groudon|Groudon|100\/100\n|detailschange|p2a: Groudon|Groudon-Primal\n|-primal|p2a: Groudon|Red Orb\n|-weather|DesolateLand|[from] ability: Desolate Land|[of] p2a: Groudon\n|turn|9\n|\n|t:|1699926727\n|move|p1a: Arceus|Judgment|p2a: Groudon\n|-damage|p2a: Groudon|40\/100\n|move|p2a: Groudon|Rock Polish|p2a: Groudon\n|-boost|p2a: Groudon|spe|2\n|\n|-weather|DesolateLand|[upkeep]\n|upkeep\n|turn|10\n|c|\u2606chillpanda21|oops\n|\n|t:|1699926733\n|-terastallize|p1a: Arceus|Rock\n|move|p2a: Groudon|Heat Crash|p1a: Arceus\n|-resisted|p1a: Arceus\n|-damage|p1a: Arceus|66\/100\n|move|p1a: Arceus|Judgment|p2a: Groudon\n|-crit|p2a: Groudon\n|-damage|p2a: Groudon|0 fnt\n|faint|p2a: Groudon\n|-weather|none\n|\n|upkeep\n|c|\u2606chillpanda21|OOPS\n|c|\u2606chillpanda21|lol\n|c|\u2606chillpanda21|crit mattered fr istg\n|\n|t:|1699926754\n|switch|p2a: Iron Bundle|Iron Bundle|100\/100\n|-enditem|p2a: Iron Bundle|Booster Energy\n|-activate|p2a: Iron Bundle|ability: Quark Drive|[fromitem]\n|-start|p2a: Iron Bundle|quarkdrivespe\n|turn|11\n|\n|t:|1699926759\n|move|p2a: Iron Bundle|Hydro Pump|p1a: Arceus\n|-supereffective|p1a: Arceus\n|-damage|p1a: Arceus|0 fnt\n|faint|p1a: Arceus\n|\n|upkeep\n|\n|t:|1699926763\n|switch|p1a: Necrozma|Necrozma-Dusk-Mane|100\/100\n|turn|12\n|\n|t:|1699926767\n|move|p2a: Iron Bundle|Hydro Pump|p1a: Necrozma\n|-damage|p1a: Necrozma|54\/100\n|move|p1a: Necrozma|Trick Room|p1a: Necrozma\n|-fieldstart|move: Trick Room|[of] p1a: Necrozma\n|\n|upkeep\n|turn|13\n|\n|t:|1699926772\n|move|p1a: Necrozma|Sunsteel Strike|p2a: Iron Bundle\n|-damage|p2a: Iron Bundle|16\/100\n|move|p2a: Iron Bundle|Encore|p1a: Necrozma\n|-start|p1a: Necrozma|Encore\n|\n|upkeep\n|turn|14\n|\n|t:|1699926778\n|move|p1a: Necrozma|Sunsteel Strike|p2a: Iron Bundle\n|-damage|p2a: Iron Bundle|0 fnt\n|faint|p2a: Iron Bundle\n|-end|p2a: Iron Bundle|Quark Drive|[silent]\n|\n|upkeep\n|\n|t:|1699926781\n|switch|p2a: Marshadow|Marshadow|100\/100\n|turn|15\n|\n|t:|1699926785\n|move|p1a: Necrozma|Sunsteel Strike|p2a: Marshadow\n|-damage|p2a: Marshadow|18\/100\n|move|p2a: Marshadow|Spectral Thief|p1a: Necrozma\n|-supereffective|p1a: Necrozma\n|-damage|p1a: Necrozma|8\/100\n|-enditem|p1a: Necrozma|Weakness Policy\n|-boost|p1a: Necrozma|atk|2|[from] item: Weakness Policy\n|-boost|p1a: Necrozma|spa|2|[from] item: Weakness Policy\n|\n|upkeep\n|turn|16\n|c|\u2606chillpanda21|:<\n|\n|t:|1699926798\n|move|p2a: Marshadow|Shadow Sneak|p1a: Necrozma\n|-supereffective|p1a: Necrozma\n|-damage|p1a: Necrozma|0 fnt\n|faint|p1a: Necrozma\n|\n|-fieldend|move: Trick Room\n|upkeep\n|\n|t:|1699926802\n|switch|p1a: Yveltal|Yveltal|100\/100\n|-ability|p1a: Yveltal|Dark Aura\n|turn|17\n|\n|t:|1699926808\n|move|p1a: Yveltal|Dark Pulse|p2a: Marshadow\n|-damage|p2a: Marshadow|0 fnt\n|faint|p2a: Marshadow\n|\n|upkeep\n|\n|t:|1699926812\n|switch|p2a: Zygarde|Zygarde|100\/100\n|turn|18\n|c|\u2606chillpanda21|SCARF YVELTAL\n|c|\u2606chillpanda21|XD\n|\n|t:|1699926823\n|move|p1a: Yveltal|Dark Pulse|p2a: Zygarde\n|-damage|p2a: Zygarde|53\/100\n|move|p2a: Zygarde|Glare|p1a: Yveltal\n|-status|p1a: Yveltal|par\n|\n|-heal|p2a: Zygarde|59\/100|[from] item: Leftovers\n|upkeep\n|turn|19\n|c|\u2606Siege Team|get crit\n|c|\u2606chillpanda21|nah\n|c|\u2606chillpanda21|get para\n|c|\u2606chillpanda21|watch\n|\n|t:|1699926838\n|cant|p1a: Yveltal|par\n|move|p2a: Zygarde|Thousand Arrows|p1a: Yveltal\n|-damage|p1a: Yveltal|67\/100 par\n|-start|p1a: Yveltal|Smack Down\n|\n|-heal|p2a: Zygarde|65\/100|[from] item: Leftovers\n|upkeep\n|turn|20\n|c|\u2606chillpanda21|ya\n|c|\u2606Siege Team|lol\n|c|\u2606chillpanda21|holy crap\n|\n|t:|1699926851\n|move|p1a: Yveltal|Dark Pulse|p2a: Zygarde\n|-damage|p2a: Zygarde|21\/100\n|move|p2a: Zygarde|Dragon Dance|p2a: Zygarde\n|-boost|p2a: Zygarde|atk|1\n|-boost|p2a: Zygarde|spe|1\n|\n|-heal|p2a: Zygarde|27\/100|[from] item: Leftovers\n|-activate|p2a: Zygarde|ability: Power Construct\n|detailschange|p2a: Zygarde|Zygarde-Complete\n|-heal|p2a: Zygarde|52\/100|[silent]\n|upkeep\n|turn|21\n|c|\u2606chillpanda21|gg\n|\n|t:|1699926861\n|move|p2a: Zygarde|Thousand Arrows|p1a: Yveltal\n|-damage|p1a: Yveltal|8\/100 par\n|move|p1a: Yveltal|Dark Pulse|p2a: Zygarde\n|-damage|p2a: Zygarde|23\/100\n|\n|-heal|p2a: Zygarde|29\/100|[from] item: Leftovers\n|upkeep\n|turn|22\n|c|\u2606chillpanda21|if no crit\n|c|\u2606chillpanda21|its over\n|\n|t:|1699926868\n|move|p2a: Zygarde|Thousand Arrows|p1a: Yveltal\n|-damage|p1a: Yveltal|0 fnt\n|faint|p1a: Yveltal\n|\n|win|chillpanda21\n|raw|Siege Team's rating: 1596 &rarr; <strong>1567<\/strong><br \/>(-29 for losing)\n|raw|chillpanda21's rating: 1436 &rarr; <strong>1465<\/strong><br \/>(+29 for winning)\n|c|\u2606chillpanda21|gg\n|l|\u2606Siege Team\n|l|\u2606chillpanda21\n","uploadtime":1699926874,"views":9,"p1id":"siegeteam","p2id":"chillpanda21","formatid":"gen9nationaldexubers","rating":1465,"private":0,"password":""}