{"id":"gen9nationaldexubers-1978352179","p1":"JustMonika_CARR","p2":"Bahamut13766","format":"[Gen 9] National Dex Ubers","log":"|j|\u2606JustMonika_CARR\n|j|\u2606Bahamut13766\n|t:|1698528343\n|gametype|singles\n|player|p1|JustMonika_CARR|dawn|1377\n|player|p2|Bahamut13766|169|1347\n|teamsize|p1|6\n|teamsize|p2|6\n|gen|9\n|tier|[Gen 9] National Dex Ubers\n|rated|\n|rule|HP Percentage Mod: HP is shown in percentages\n|rule|Endless Battle Clause: Forcing endless battles is banned\n|rule|OHKO Clause: OHKO moves are banned\n|rule|Evasion Moves Clause: Evasion moves are banned\n|rule|Evasion Items Clause: Evasion items are banned\n|rule|Species Clause: Limit one of each Pok\u00e9mon\n|rule|Sleep Clause Mod: Limit one foe put to sleep\n|rule|Mega Rayquaza Clause: You cannot mega evolve Rayquaza\n|clearpoke\n|poke|p1|Marshadow|\n|poke|p1|Lopunny, F|\n|poke|p1|Dialga|\n|poke|p1|Forretress, F|\n|poke|p1|Pheromosa|\n|poke|p1|Grimmsnarl, M|\n|poke|p2|Houndstone, F|\n|poke|p2|Ho-Oh|\n|poke|p2|Salamence, F|\n|poke|p2|Necrozma-Dusk-Mane|\n|poke|p2|Groudon|\n|poke|p2|Xerneas-*|\n|teampreview\n|c|\u2606JustMonika_CARR|glhf\n|\n|t:|1698528365\n|start\n|switch|p1a: Forretress|Forretress, F, shiny|100\/100\n|switch|p2a: Necrozma|Necrozma-Dusk-Mane|100\/100\n|turn|1\n|\n|t:|1698528373\n|move|p2a: Necrozma|Sunsteel Strike|p1a: Forretress\n|-resisted|p1a: Forretress\n|-damage|p1a: Forretress|84\/100\n|-enditem|p1a: Forretress|Red Card|[of] p2a: Necrozma\n|drag|p2a: Groudon|Groudon|100\/100\n|detailschange|p2a: Groudon|Groudon-Primal\n|-primal|p2a: Groudon|Red Orb\n|-weather|DesolateLand|[from] ability: Desolate Land|[of] p2a: Groudon\n|move|p1a: Forretress|Toxic Spikes|p2a: Groudon\n|-sidestart|p2: Bahamut13766|move: Toxic Spikes\n|\n|-weather|DesolateLand|[upkeep]\n|upkeep\n|turn|2\n|c|\u2606JustMonika_CARR|?\n|\n|t:|1698528386\n|-terastallize|p1a: Forretress|Fire\n|move|p2a: Groudon|Precipice Blades|p1a: Forretress\n|-supereffective|p1a: Forretress\n|-damage|p1a: Forretress|0 fnt\n|faint|p1a: Forretress\n|\n|-weather|DesolateLand|[upkeep]\n|upkeep\n|c|\u2606JustMonika_CARR|tf\n|\n|t:|1698528395\n|switch|p1a: Grimmsnarl|Grimmsnarl, M, shiny|100\/100\n|turn|3\n|\n|t:|1698528399\n|move|p1a: Grimmsnarl|Taunt|p2a: Groudon\n|-start|p2a: Groudon|move: Taunt\n|move|p2a: Groudon|Dragon Tail|p1a: Grimmsnarl\n|-immune|p1a: Grimmsnarl\n|\n|-weather|DesolateLand|[upkeep]\n|upkeep\n|turn|4\n|inactive|Battle timer is ON: inactive players will automatically lose when time's up. (requested by Bahamut13766)\n|c|\u2606JustMonika_CARR|?\n|\n|t:|1698528408\n|move|p1a: Grimmsnarl|Reflect|p1a: Grimmsnarl\n|-sidestart|p1: JustMonika_CARR|Reflect\n|move|p2a: Groudon|Precipice Blades|p1a: Grimmsnarl\n|-damage|p1a: Grimmsnarl|62\/100\n|\n|-weather|DesolateLand|[upkeep]\n|-heal|p1a: Grimmsnarl|68\/100|[from] item: Leftovers\n|upkeep\n|turn|5\n|\n|t:|1698528416\n|-weather|none\n|switch|p2a: Ho-Oh|Ho-Oh|100\/100\n|move|p1a: Grimmsnarl|Spirit Break|p2a: Ho-Oh\n|-resisted|p2a: Ho-Oh\n|-damage|p2a: Ho-Oh|84\/100\n|-unboost|p2a: Ho-Oh|spa|1\n|\n|-heal|p2a: Ho-Oh|91\/100|[from] item: Leftovers\n|-heal|p1a: Grimmsnarl|74\/100|[from] item: Leftovers\n|upkeep\n|turn|6\n|\n|t:|1698528429\n|move|p1a: Grimmsnarl|Taunt|p2a: Ho-Oh\n|-start|p2a: Ho-Oh|move: Taunt\n|cant|p2a: Ho-Oh|move: Taunt|Defog\n|\n|-heal|p2a: Ho-Oh|97\/100|[from] item: Leftovers\n|-heal|p1a: Grimmsnarl|80\/100|[from] item: Leftovers\n|upkeep\n|turn|7\n|\n|t:|1698528437\n|move|p2a: Ho-Oh|Sacred Fire|p1a: Grimmsnarl\n|-damage|p1a: Grimmsnarl|60\/100\n|move|p1a: Grimmsnarl|Spirit Break|p2a: Ho-Oh\n|-resisted|p2a: Ho-Oh\n|-damage|p2a: Ho-Oh|82\/100\n|-unboost|p2a: Ho-Oh|spa|1\n|\n|-heal|p2a: Ho-Oh|88\/100|[from] item: Leftovers\n|-heal|p1a: Grimmsnarl|66\/100|[from] item: Leftovers\n|upkeep\n|turn|8\n|\n|t:|1698528450\n|switch|p2a: Salamence|Salamence, F|100\/100\n|-ability|p2a: Salamence|Intimidate|boost\n|-unboost|p1a: Grimmsnarl|atk|1\n|move|p1a: Grimmsnarl|Spirit Break|p2a: Salamence\n|-supereffective|p2a: Salamence\n|-damage|p2a: Salamence|47\/100\n|-unboost|p2a: Salamence|spa|1\n|\n|-heal|p1a: Grimmsnarl|72\/100|[from] item: Leftovers\n|-sideend|p1: JustMonika_CARR|Reflect\n|upkeep\n|turn|9\n|\n|t:|1698528465\n|detailschange|p2a: Salamence|Salamence-Mega, F\n|-mega|p2a: Salamence|Salamence|Salamencite\n|move|p1a: Grimmsnarl|Taunt|p2a: Salamence\n|-start|p2a: Salamence|move: Taunt\n|move|p2a: Salamence|Double-Edge|p1a: Grimmsnarl\n|-damage|p1a: Grimmsnarl|0 fnt\n|faint|p1a: Grimmsnarl\n|-damage|p2a: Salamence|19\/100|[from] Recoil\n|\n|upkeep\n|\n|t:|1698528483\n|switch|p1a: Pheromosa|Pheromosa, shiny|100\/100\n|turn|10\n|\n|t:|1698528488\n|move|p1a: Pheromosa|Ice Beam|p2a: Salamence\n|-supereffective|p2a: Salamence\n|-damage|p2a: Salamence|0 fnt\n|faint|p2a: Salamence\n|-ability|p1a: Pheromosa|Beast Boost|boost\n|-boost|p1a: Pheromosa|spa|1\n|\n|upkeep\n|\n|t:|1698528495\n|switch|p2a: Necrozma|Necrozma-Dusk-Mane|100\/100\n|turn|11\n|\n|t:|1698528501\n|detailschange|p2a: Necrozma|Necrozma-Ultra\n|-burst|p2a: Necrozma|Necrozma|Ultranecrozium Z\n|move|p1a: Pheromosa|Bug Buzz|p2a: Necrozma\n|-supereffective|p2a: Necrozma\n|-damage|p2a: Necrozma|0 fnt\n|faint|p2a: Necrozma\n|-ability|p1a: Pheromosa|Beast Boost|boost\n|-boost|p1a: Pheromosa|spa|1\n|\n|upkeep\n|c|\u2606JustMonika_CARR|?\n|\n|t:|1698528511\n|switch|p2a: Groudon|Groudon-Primal|100\/100\n|-status|p2a: Groudon|psn\n|-weather|DesolateLand|[from] ability: Desolate Land|[of] p2a: Groudon\n|turn|12\n|\n|t:|1698528518\n|move|p1a: Pheromosa|Ice Beam|p2a: Groudon\n|-damage|p2a: Groudon|16\/100 psn\n|move|p2a: Groudon|Dragon Tail|p1a: Pheromosa\n|-damage|p1a: Pheromosa|23\/100\n|drag|p1a: Dialga|Dialga, shiny|100\/100\n|-ability|p1a: Dialga|Pressure\n|\n|-weather|DesolateLand|[upkeep]\n|-damage|p2a: Groudon|4\/100 psn|[from] psn\n|upkeep\n|turn|13\n|\n|t:|1698528530\n|move|p1a: Dialga|Earth Power|p2a: Groudon\n|-supereffective|p2a: Groudon\n|-damage|p2a: Groudon|0 fnt\n|faint|p2a: Groudon\n|-weather|none\n|\n|upkeep\n|\n|t:|1698528536\n|switch|p2a: Ho-Oh|Ho-Oh|100\/100\n|turn|14\n|\n|t:|1698528543\n|switch|p1a: Pheromosa|Pheromosa, shiny|23\/100\n|move|p2a: Ho-Oh|Sacred Fire|p1a: Pheromosa\n|-supereffective|p1a: Pheromosa\n|-damage|p1a: Pheromosa|0 fnt\n|faint|p1a: Pheromosa\n|\n|upkeep\n|\n|t:|1698528553\n|switch|p1a: Dialga|Dialga, shiny|100\/100\n|-ability|p1a: Dialga|Pressure\n|turn|15\n|\n|t:|1698528557\n|move|p1a: Dialga|Draco Meteor|p2a: Ho-Oh\n|-damage|p2a: Ho-Oh|67\/100\n|-unboost|p1a: Dialga|spa|2\n|move|p2a: Ho-Oh|Sacred Fire|p1a: Dialga\n|-damage|p1a: Dialga|61\/100\n|\n|-heal|p2a: Ho-Oh|74\/100|[from] item: Leftovers\n|upkeep\n|turn|16\n|\n|t:|1698528568\n|switch|p1a: Lopunny|Lopunny, F, shiny|100\/100\n|move|p2a: Ho-Oh|Recover|p2a: Ho-Oh\n|-heal|p2a: Ho-Oh|100\/100\n|\n|upkeep\n|turn|17\n|\n|t:|1698528575\n|detailschange|p1a: Lopunny|Lopunny-Mega, F, shiny\n|-mega|p1a: Lopunny|Lopunny|Lopunnite\n|move|p1a: Lopunny|Fake Out|p2a: Ho-Oh\n|-damage|p2a: Ho-Oh|81\/100\n|cant|p2a: Ho-Oh|flinch\n|\n|-heal|p2a: Ho-Oh|87\/100|[from] item: Leftovers\n|upkeep\n|turn|18\n|\n|t:|1698528584\n|switch|p1a: Dialga|Dialga, shiny|61\/100\n|-ability|p1a: Dialga|Pressure\n|move|p2a: Ho-Oh|Toxic|p1a: Dialga\n|-immune|p1a: Dialga\n|\n|-heal|p2a: Ho-Oh|93\/100|[from] item: Leftovers\n|upkeep\n|turn|19\n|\n|t:|1698528594\n|move|p1a: Dialga|Steel Beam|p2a: Ho-Oh\n|-resisted|p2a: Ho-Oh\n|-damage|p2a: Ho-Oh|75\/100\n|-damage|p1a: Dialga|10\/100|[from] steelbeam\n|move|p2a: Ho-Oh|Sacred Fire|p1a: Dialga\n|-damage|p1a: Dialga|0 fnt\n|faint|p1a: Dialga\n|\n|-heal|p2a: Ho-Oh|81\/100|[from] item: Leftovers\n|upkeep\n|\n|t:|1698528603\n|switch|p1a: Marshadow|Marshadow|100\/100\n|turn|20\n|\n|t:|1698528607\n|move|p1a: Marshadow|Rock Tomb|p2a: Ho-Oh\n|-supereffective|p2a: Ho-Oh\n|-damage|p2a: Ho-Oh|0 fnt\n|faint|p2a: Ho-Oh\n|\n|upkeep\n|\n|t:|1698528614\n|switch|p2a: Xerneas|Xerneas|100\/100\n|-status|p2a: Xerneas|psn\n|-ability|p2a: Xerneas|Fairy Aura\n|turn|21\n|\n|t:|1698528621\n|-terastallize|p2a: Xerneas|Normal\n|move|p1a: Marshadow|Spectral Thief|p2a: Xerneas\n|-immune|p2a: Xerneas\n|move|p2a: Xerneas|Moonblast|p1a: Marshadow\n|-supereffective|p1a: Marshadow\n|-enditem|p1a: Marshadow|Focus Sash\n|-damage|p1a: Marshadow|1\/100\n|\n|-damage|p2a: Xerneas|88\/100 psn|[from] psn\n|upkeep\n|turn|22\n|\n|t:|1698528637\n|move|p1a: Marshadow|Drain Punch|p2a: Xerneas\n|-supereffective|p2a: Xerneas\n|-damage|p2a: Xerneas|31\/100 psn\n|-heal|p1a: Marshadow|41\/100|[from] drain|[of] p2a: Xerneas\n|move|p2a: Xerneas|Moonblast|p1a: Marshadow\n|-supereffective|p1a: Marshadow\n|-damage|p1a: Marshadow|0 fnt\n|faint|p1a: Marshadow\n|\n|-damage|p2a: Xerneas|19\/100 psn|[from] psn\n|upkeep\n|\n|t:|1698528646\n|switch|p1a: Lopunny|Lopunny-Mega, F, shiny|100\/100\n|turn|23\n|\n|t:|1698528651\n|move|p1a: Lopunny|Power-Up Punch|p2a: Xerneas\n|-supereffective|p2a: Xerneas\n|-damage|p2a: Xerneas|0 fnt\n|-boost|p1a: Lopunny|atk|1\n|faint|p2a: Xerneas\n|\n|upkeep\n|\n|t:|1698528658\n|switch|p2a: Houndstone|Houndstone, F|100\/100\n|-status|p2a: Houndstone|psn\n|turn|24\n|\n|t:|1698528664\n|move|p1a: Lopunny|Return|p2a: Houndstone\n|-damage|p2a: Houndstone|2\/100 psn\n|move|p2a: Houndstone|Sandstorm|p2a: Houndstone\n|-weather|Sandstorm\n|\n|-weather|Sandstorm|[upkeep]\n|-damage|p1a: Lopunny|95\/100|[from] Sandstorm\n|-damage|p2a: Houndstone|0 fnt|[from] psn\n|faint|p2a: Houndstone\n|\n|win|JustMonika_CARR\n|upkeep\n|raw|JustMonika_CARR's rating: 1377 &rarr; <strong>1395<\/strong><br \/>(+18 for winning)\n|raw|Bahamut13766's rating: 1347 &rarr; <strong>1329<\/strong><br \/>(-18 for losing)\n|c|\u2606JustMonika_CARR|gg\n","uploadtime":1698528677,"views":10,"p1id":"justmonikacarr","p2id":"bahamut13766","formatid":"gen9nationaldexubers","rating":1329,"private":0,"password":""}