{"id":"gen9nationaldexubers-1987852067","p1":"johnsmith21","p2":"CloysterEnjoyer","format":"[Gen 9] National Dex Ubers","log":"|j|\u2606johnsmith21\n|j|\u2606CloysterEnjoyer\n|t:|1699642757\n|gametype|singles\n|player|p1|johnsmith21|2|1259\n|player|p2|CloysterEnjoyer|bruno|1197\n|teamsize|p1|6\n|teamsize|p2|6\n|gen|9\n|tier|[Gen 9] National Dex Ubers\n|rated|\n|rule|HP Percentage Mod: HP is shown in percentages\n|rule|Endless Battle Clause: Forcing endless battles is banned\n|rule|OHKO Clause: OHKO moves are banned\n|rule|Evasion Moves Clause: Evasion moves are banned\n|rule|Evasion Items Clause: Evasion items are banned\n|rule|Species Clause: Limit one of each Pok\u00e9mon\n|rule|Sleep Clause Mod: Limit one foe put to sleep\n|rule|Mega Rayquaza Clause: You cannot mega evolve Rayquaza\n|clearpoke\n|poke|p1|Espathra, F|\n|poke|p1|Marshadow|\n|poke|p1|Lucario, M|\n|poke|p1|Melmetal|\n|poke|p1|Palafin, F|\n|poke|p1|Ho-Oh|\n|poke|p2|Zoroark-Hisui, M|\n|poke|p2|Maushold|\n|poke|p2|Ursaluna-Bloodmoon, M|\n|poke|p2|Ditto|\n|poke|p2|Lopunny, M|\n|poke|p2|Dragonite, M|\n|teampreview\n|\n|t:|1699642776\n|start\n|switch|p1a: Melmetal|Melmetal|100\/100\n|switch|p2a: Maushold|Maushold|100\/100\n|turn|1\n|\n|t:|1699642787\n|replace|p2a: Zoroark|Zoroark-Hisui, M\n|-end|p2a: Zoroark|Illusion\n|-zpower|p2a: Zoroark\n|move|p2a: Zoroark|Z-Happy Hour|p2a: Zoroark|[anim]Happy Hour\n|-boost|p2a: Zoroark|atk|1|[zeffect]\n|-boost|p2a: Zoroark|def|1|[zeffect]\n|-boost|p2a: Zoroark|spa|1|[zeffect]\n|-boost|p2a: Zoroark|spd|1|[zeffect]\n|-boost|p2a: Zoroark|spe|1|[zeffect]\n|move|p1a: Melmetal|Double Iron Bash|p2a: Zoroark\n|-damage|p2a: Zoroark|51\/100\n|-damage|p2a: Zoroark|0 fnt\n|faint|p2a: Zoroark\n|-hitcount|p2: Zoroark|2\n|\n|upkeep\n|\n|t:|1699642794\n|switch|p2a: Ursaluna|Ursaluna-Bloodmoon, M|100\/100\n|turn|2\n|\n|t:|1699642802\n|move|p2a: Ursaluna|Calm Mind|p2a: Ursaluna\n|-boost|p2a: Ursaluna|spa|1\n|-boost|p2a: Ursaluna|spd|1\n|move|p1a: Melmetal|Ice Punch|p2a: Ursaluna\n|-supereffective|p2a: Ursaluna\n|-damage|p2a: Ursaluna|68\/100\n|\n|-heal|p2a: Ursaluna|74\/100|[from] item: Leftovers\n|upkeep\n|turn|3\n|\n|t:|1699642809\n|move|p2a: Ursaluna|Earth Power|p1a: Melmetal\n|-supereffective|p1a: Melmetal\n|-damage|p1a: Melmetal|41\/100\n|move|p1a: Melmetal|Double Iron Bash|p2a: Ursaluna\n|-damage|p2a: Ursaluna|54\/100\n|-damage|p2a: Ursaluna|35\/100\n|-hitcount|p2a: Ursaluna|2\n|\n|-heal|p2a: Ursaluna|41\/100|[from] item: Leftovers\n|upkeep\n|turn|4\n|\n|t:|1699642818\n|move|p2a: Ursaluna|Moonlight|p2a: Ursaluna\n|-heal|p2a: Ursaluna|91\/100\n|move|p1a: Melmetal|Double Iron Bash|p2a: Ursaluna\n|-damage|p2a: Ursaluna|70\/100\n|-damage|p2a: Ursaluna|50\/100\n|-hitcount|p2a: Ursaluna|2\n|\n|-heal|p2a: Ursaluna|56\/100|[from] item: Leftovers\n|upkeep\n|turn|5\n|\n|t:|1699642827\n|switch|p1a: Ho-Oh|Ho-Oh|100\/100\n|move|p2a: Ursaluna|Earth Power|p1a: Ho-Oh\n|-immune|p1a: Ho-Oh\n|\n|-heal|p2a: Ursaluna|62\/100|[from] item: Leftovers\n|upkeep\n|turn|6\n|\n|t:|1699642847\n|move|p1a: Ho-Oh|Brave Bird|p2a: Ursaluna\n|-damage|p2a: Ursaluna|29\/100\n|-damage|p1a: Ho-Oh|89\/100|[from] Recoil\n|move|p2a: Ursaluna|Blood Moon|p1a: Ho-Oh\n|-damage|p1a: Ho-Oh|36\/100\n|\n|-heal|p2a: Ursaluna|35\/100|[from] item: Leftovers\n|upkeep\n|turn|7\n|\n|t:|1699642856\n|move|p1a: Ho-Oh|Brave Bird|p2a: Ursaluna\n|-damage|p2a: Ursaluna|1\/100\n|-damage|p1a: Ho-Oh|25\/100|[from] Recoil\n|move|p2a: Ursaluna|Moonlight|p2a: Ursaluna\n|-heal|p2a: Ursaluna|51\/100\n|\n|-heal|p2a: Ursaluna|57\/100|[from] item: Leftovers\n|upkeep\n|turn|8\n|\n|t:|1699642866\n|switch|p1a: Melmetal|Melmetal|41\/100\n|move|p2a: Ursaluna|Blood Moon|p1a: Melmetal\n|-resisted|p1a: Melmetal\n|-crit|p1a: Melmetal\n|-damage|p1a: Melmetal|4\/100\n|\n|-heal|p2a: Ursaluna|63\/100|[from] item: Leftovers\n|upkeep\n|turn|9\n|\n|t:|1699642880\n|move|p2a: Ursaluna|Calm Mind|p2a: Ursaluna\n|-boost|p2a: Ursaluna|spa|1\n|-boost|p2a: Ursaluna|spd|1\n|move|p1a: Melmetal|Double Iron Bash|p2a: Ursaluna\n|-damage|p2a: Ursaluna|41\/100\n|-damage|p2a: Ursaluna|21\/100\n|-hitcount|p2a: Ursaluna|2\n|\n|-heal|p2a: Ursaluna|27\/100|[from] item: Leftovers\n|upkeep\n|turn|10\n|\n|t:|1699642889\n|move|p2a: Ursaluna|Moonlight|p2a: Ursaluna\n|-heal|p2a: Ursaluna|77\/100\n|move|p1a: Melmetal|Ice Punch|p2a: Ursaluna\n|-supereffective|p2a: Ursaluna\n|-damage|p2a: Ursaluna|47\/100\n|\n|-heal|p2a: Ursaluna|53\/100|[from] item: Leftovers\n|upkeep\n|turn|11\n|\n|t:|1699642900\n|move|p2a: Ursaluna|Earth Power|p1a: Melmetal\n|-supereffective|p1a: Melmetal\n|-damage|p1a: Melmetal|0 fnt\n|faint|p1a: Melmetal\n|\n|-heal|p2a: Ursaluna|59\/100|[from] item: Leftovers\n|upkeep\n|\n|t:|1699642902\n|switch|p1a: Palafin|Palafin, F|100\/100\n|turn|12\n|\n|t:|1699642907\n|detailschange|p1a: Palafin|Palafin-Hero, F\n|switch|p1a: Ho-Oh|Ho-Oh|58\/100\n|move|p2a: Ursaluna|Blood Moon|p1a: Ho-Oh\n|-damage|p1a: Ho-Oh|0 fnt\n|faint|p1a: Ho-Oh\n|\n|-heal|p2a: Ursaluna|65\/100|[from] item: Leftovers\n|upkeep\n|\n|t:|1699642911\n|switch|p1a: Palafin|Palafin-Hero, F|100\/100\n|-activate|p1a: Palafin|ability: Zero to Hero\n|turn|13\n|\n|t:|1699642918\n|-terastallize|p1a: Palafin|Water\n|move|p1a: Palafin|Jet Punch|p2a: Ursaluna\n|-supereffective|p2a: Ursaluna\n|-damage|p2a: Ursaluna|0 fnt\n|faint|p2a: Ursaluna\n|\n|upkeep\n|\n|t:|1699642924\n|switch|p2a: Ditto|Ditto|100\/100\n|-transform|p2a: Ditto|p1a: Palafin|[from] ability: Imposter\n|turn|14\n|\n|t:|1699642933\n|move|p1a: Palafin|Jet Punch|p2a: Ditto\n|-resisted|p2a: Ditto\n|-damage|p2a: Ditto|56\/100\n|move|p2a: Ditto|Outrage|p1a: Palafin\n|-damage|p1a: Palafin|48\/100\n|\n|upkeep\n|turn|15\n|\n|t:|1699642942\n|switch|p1a: Lucario|Lucario, M|100\/100\n|move|p2a: Ditto|Outrage|p1a: Lucario|[from]lockedmove\n|-resisted|p1a: Lucario\n|-damage|p1a: Lucario|58\/100\n|-start|p2a: Ditto|confusion|[fatigue]\n|\n|upkeep\n|turn|16\n|\n|t:|1699642951\n|switch|p2a: Maushold|Maushold|100\/100\n|detailschange|p1a: Lucario|Lucario-Mega, M\n|-mega|p1a: Lucario|Lucario|Lucarionite\n|move|p1a: Lucario|High Jump Kick|p2a: Maushold\n|-supereffective|p2a: Maushold\n|-damage|p2a: Maushold|0 fnt\n|faint|p2a: Maushold\n|\n|upkeep\n|\n|t:|1699642962\n|switch|p2a: Lopunny|Lopunny, M, shiny|100\/100\n|turn|17\n|\n|t:|1699642966\n|detailschange|p2a: Lopunny|Lopunny-Mega, M, shiny\n|-mega|p2a: Lopunny|Lopunny|Lopunnite\n|move|p2a: Lopunny|Fake Out|p1a: Lucario\n|-resisted|p1a: Lucario\n|-damage|p1a: Lucario|42\/100\n|cant|p1a: Lucario|flinch\n|\n|upkeep\n|turn|18\n|\n|t:|1699642976\n|move|p2a: Lopunny|Close Combat|p1a: Lucario\n|-supereffective|p1a: Lucario\n|-damage|p1a: Lucario|0 fnt\n|-unboost|p2a: Lopunny|def|1\n|-unboost|p2a: Lopunny|spd|1\n|faint|p1a: Lucario\n|\n|upkeep\n|\n|t:|1699642980\n|switch|p1a: Palafin|Palafin-Hero, F, tera:Water|48\/100\n|turn|19\n|\n|t:|1699642988\n|switch|p2a: Ditto|Ditto|56\/100\n|-transform|p2a: Ditto|p1a: Palafin|[from] ability: Imposter\n|move|p1a: Palafin|Jet Punch|p2a: Ditto\n|-resisted|p2a: Ditto\n|-damage|p2a: Ditto|15\/100\n|\n|upkeep\n|turn|20\n|\n|t:|1699642996\n|move|p2a: Ditto|Jet Punch|p1a: Palafin\n|-resisted|p1a: Palafin\n|-damage|p1a: Palafin|28\/100\n|move|p1a: Palafin|Jet Punch|p2a: Ditto\n|-resisted|p2a: Ditto\n|-damage|p2a: Ditto|0 fnt\n|faint|p2a: Ditto\n|\n|upkeep\n|\n|t:|1699643005\n|switch|p2a: Lopunny|Lopunny-Mega, M, shiny|100\/100\n|turn|21\n|\n|t:|1699643013\n|move|p2a: Lopunny|Fake Out|p1a: Palafin\n|-damage|p1a: Palafin|5\/100\n|cant|p1a: Palafin|flinch\n|\n|upkeep\n|turn|22\n|\n|t:|1699643019\n|move|p1a: Palafin|Jet Punch|p2a: Lopunny\n|-damage|p2a: Lopunny|2\/100\n|move|p2a: Lopunny|U-turn|p1a: Palafin\n|-damage|p1a: Palafin|0 fnt\n|faint|p1a: Palafin\n|\n|t:|1699643025\n|switch|p2a: Dragonite|Dragonite, M|100\/100|[from] U-turn\n|\n|upkeep\n|\n|t:|1699643027\n|switch|p1a: Espathra|Espathra, F|100\/100\n|turn|23\n|\n|t:|1699643035\n|move|p1a: Espathra|Substitute|p1a: Espathra\n|-start|p1a: Espathra|Substitute\n|-damage|p1a: Espathra|76\/100\n|move|p2a: Dragonite|Dragon Dance|p2a: Dragonite\n|-boost|p2a: Dragonite|atk|1\n|-boost|p2a: Dragonite|spe|1\n|\n|-ability|p1a: Espathra|Speed Boost|boost\n|-boost|p1a: Espathra|spe|1\n|upkeep\n|turn|24\n|\n|t:|1699643040\n|-terastallize|p2a: Dragonite|Normal\n|move|p1a: Espathra|Protect|p1a: Espathra\n|-singleturn|p1a: Espathra|Protect\n|move|p2a: Dragonite|Extreme Speed|p1a: Espathra\n|-activate|p1a: Espathra|move: Protect\n|\n|-ability|p1a: Espathra|Speed Boost|boost\n|-boost|p1a: Espathra|spe|1\n|upkeep\n|turn|25\n|\n|t:|1699643050\n|move|p1a: Espathra|Protect|p1a: Espathra\n|-singleturn|p1a: Espathra|Protect\n|move|p2a: Dragonite|Extreme Speed|p1a: Espathra\n|-activate|p1a: Espathra|move: Protect\n|\n|-ability|p1a: Espathra|Speed Boost|boost\n|-boost|p1a: Espathra|spe|1\n|upkeep\n|turn|26\n|\n|t:|1699643060\n|move|p2a: Dragonite|Extreme Speed|p1a: Espathra\n|-end|p1a: Espathra|Substitute\n|move|p1a: Espathra|Substitute|p1a: Espathra\n|-start|p1a: Espathra|Substitute\n|-damage|p1a: Espathra|51\/100\n|\n|-ability|p1a: Espathra|Speed Boost|boost\n|-boost|p1a: Espathra|spe|1\n|upkeep\n|turn|27\n|\n|t:|1699643087\n|move|p1a: Espathra|Protect|p1a: Espathra\n|-singleturn|p1a: Espathra|Protect\n|move|p2a: Dragonite|Encore|p1a: Espathra\n|-activate|p1a: Espathra|move: Protect\n|\n|-ability|p1a: Espathra|Speed Boost|boost\n|-boost|p1a: Espathra|spe|1\n|upkeep\n|turn|28\n|\n|t:|1699643103\n|move|p1a: Espathra|Stored Power|p2a: Dragonite\n|-damage|p2a: Dragonite|74\/100\n|move|p2a: Dragonite|Encore|p1a: Espathra\n|-start|p1a: Espathra|Encore\n|\n|-ability|p1a: Espathra|Speed Boost|boost\n|-boost|p1a: Espathra|spe|1\n|upkeep\n|turn|29\n|\n|t:|1699643109\n|move|p2a: Dragonite|Extreme Speed|p1a: Espathra\n|-crit|p1a: Espathra\n|-end|p1a: Espathra|Substitute\n|move|p1a: Espathra|Stored Power|p2a: Dragonite\n|-damage|p2a: Dragonite|6\/100\n|\n|upkeep\n|turn|30\n|\n|t:|1699643116\n|move|p2a: Dragonite|Extreme Speed|p1a: Espathra\n|-damage|p1a: Espathra|0 fnt\n|faint|p1a: Espathra\n|\n|upkeep\n|\n|t:|1699643120\n|switch|p1a: Marshadow|Marshadow|100\/100\n|turn|31\n|\n|t:|1699643133\n|move|p2a: Dragonite|Earthquake|p1a: Marshadow\n|-damage|p1a: Marshadow|29\/100\n|move|p1a: Marshadow|Close Combat|p2a: Dragonite\n|-supereffective|p2a: Dragonite\n|-damage|p2a: Dragonite|0 fnt\n|-unboost|p1a: Marshadow|def|1\n|-unboost|p1a: Marshadow|spd|1\n|faint|p2a: Dragonite\n|\n|upkeep\n|\n|t:|1699643137\n|switch|p2a: Lopunny|Lopunny-Mega, M, shiny|2\/100\n|turn|32\n|\n|t:|1699643144\n|move|p2a: Lopunny|Fake Out|p1a: Marshadow\n|-damage|p1a: Marshadow|0 fnt\n|faint|p1a: Marshadow\n|\n|win|CloysterEnjoyer\n|raw|johnsmith21's rating: 1259 &rarr; <strong>1230<\/strong><br \/>(-29 for losing)\n|raw|CloysterEnjoyer's rating: 1197 &rarr; <strong>1226<\/strong><br \/>(+29 for winning)\n|l|\u2606johnsmith21\n|c|\u2606CloysterEnjoyer|gg\n","uploadtime":1699643153,"views":11,"p1id":"johnsmith21","p2id":"cloysterenjoyer","formatid":"gen9nationaldexubers","rating":1226,"private":0,"password":""}