{"id":"gen9nationaldexubers-1981594826","p1":"C0ld as Ice","p2":"MommyMikuNakano","format":"[Gen 9] National Dex Ubers","log":"|j|\u2606C0ld as Ice\n|j|\u2606MommyMikuNakano\n|t:|1698923678\n|gametype|singles\n|player|p1|C0ld as Ice|schoolkid-gen4dp|1599\n|player|p2|MommyMikuNakano|erika-gen1|1699\n|teamsize|p1|6\n|teamsize|p2|6\n|gen|9\n|tier|[Gen 9] National Dex Ubers\n|rated|\n|rule|HP Percentage Mod: HP is shown in percentages\n|rule|Endless Battle Clause: Forcing endless battles is banned\n|rule|OHKO Clause: OHKO moves are banned\n|rule|Evasion Moves Clause: Evasion moves are banned\n|rule|Evasion Items Clause: Evasion items are banned\n|rule|Species Clause: Limit one of each Pok\u00e9mon\n|rule|Sleep Clause Mod: Limit one foe put to sleep\n|rule|Mega Rayquaza Clause: You cannot mega evolve Rayquaza\n|clearpoke\n|poke|p1|Hatterene, F|\n|poke|p1|Melmetal|\n|poke|p1|Magearna|\n|poke|p1|Arceus-Water|\n|poke|p1|Rayquaza|\n|poke|p1|Calyrex-Ice|\n|poke|p2|Salamence, F|\n|poke|p2|Kingambit, F|\n|poke|p2|Ditto|\n|poke|p2|Groudon|\n|poke|p2|Necrozma-Dusk-Mane|\n|poke|p2|Arceus-Fairy|\n|teampreview\n|inactive|Battle timer is ON: inactive players will automatically lose when time's up. (requested by MommyMikuNakano)\n|inactive|C0ld as Ice also wants the timer to be on.\n|\n|t:|1698923700\n|start\n|switch|p1a: Arceus|Arceus-Water|100\/100\n|switch|p2a: Kingambit|Kingambit, F|100\/100\n|turn|1\n|\n|t:|1698923706\n|-end|p2a: Kingambit|fallenundefined|[silent]\n|switch|p2a: Groudon|Groudon|100\/100\n|detailschange|p2a: Groudon|Groudon-Primal\n|-primal|p2a: Groudon|Red Orb\n|-weather|DesolateLand|[from] ability: Desolate Land|[of] p2a: Groudon\n|move|p1a: Arceus|Taunt|p2a: Groudon\n|-start|p2a: Groudon|move: Taunt\n|\n|-weather|DesolateLand|[upkeep]\n|upkeep\n|turn|2\n|\n|t:|1698923713\n|move|p2a: Groudon|Earthquake|p1a: Arceus\n|-damage|p1a: Arceus|61\/100\n|move|p1a: Arceus|Trick Room|p1a: Arceus\n|-fieldstart|move: Trick Room|[of] p1a: Arceus\n|\n|-weather|DesolateLand|[upkeep]\n|upkeep\n|turn|3\n|\n|t:|1698923719\n|switch|p1a: Rayquaza|Rayquaza|100\/100\n|-ability|p1a: Rayquaza|Air Lock\n|move|p2a: Groudon|Heat Crash|p1a: Rayquaza\n|-resisted|p1a: Rayquaza\n|-damage|p1a: Rayquaza|75\/100\n|\n|-weather|DesolateLand|[upkeep]\n|-end|p2a: Groudon|move: Taunt\n|upkeep\n|turn|4\n|\n|t:|1698923726\n|-weather|none\n|switch|p2a: Salamence|Salamence, F|100\/100\n|-ability|p2a: Salamence|Intimidate|boost\n|-unboost|p1a: Rayquaza|atk|1\n|move|p1a: Rayquaza|V-create|p2a: Salamence|[miss]\n|-miss|p1a: Rayquaza|p2a: Salamence\n|\n|upkeep\n|turn|5\n|\n|t:|1698923735\n|switch|p1a: Calyrex|Calyrex-Ice|100\/100\n|-ability|p1a: Calyrex|As One\n|-ability|p1a: Calyrex|Unnerve\n|switch|p2a: Groudon|Groudon-Primal|100\/100\n|-weather|DesolateLand|[from] ability: Desolate Land|[of] p2a: Groudon\n|\n|-weather|DesolateLand|[upkeep]\n|upkeep\n|turn|6\n|\n|t:|1698923742\n|-terastallize|p1a: Calyrex|Ice\n|move|p1a: Calyrex|Glacial Lance|p2a: Groudon\n|-damage|p2a: Groudon|25\/100\n|move|p2a: Groudon|Stealth Rock|p1a: Calyrex\n|-sidestart|p1: C0ld as Ice|move: Stealth Rock\n|\n|-weather|DesolateLand|[upkeep]\n|-fieldend|move: Trick Room\n|upkeep\n|turn|7\n|\n|t:|1698923761\n|move|p2a: Groudon|Heat Crash|p1a: Calyrex\n|-supereffective|p1a: Calyrex\n|-damage|p1a: Calyrex|58\/100\n|move|p1a: Calyrex|Glacial Lance|p2a: Groudon\n|-crit|p2a: Groudon\n|-damage|p2a: Groudon|0 fnt\n|faint|p2a: Groudon\n|-weather|none\n|-ability|p1a: Calyrex|Chilling Neigh|boost\n|-boost|p1a: Calyrex|atk|1\n|\n|upkeep\n|\n|t:|1698923773\n|switch|p2a: Ditto|Ditto, shiny|100\/100\n|-transform|p2a: Ditto|p1a: Calyrex|[from] ability: Imposter\n|-start|p2a: Ditto|typechange|Psychic\/Ice|[silent]\n|turn|8\n|\n|t:|1698923788\n|switch|p1a: Arceus|Arceus-Water|61\/100\n|-damage|p1a: Arceus|49\/100|[from] Stealth Rock\n|move|p2a: Ditto|Glacial Lance|p1a: Arceus\n|-resisted|p1a: Arceus\n|-damage|p1a: Arceus|11\/100\n|\n|upkeep\n|turn|9\n|\n|t:|1698923790\n|move|p2a: Ditto|Glacial Lance|p1a: Arceus\n|-resisted|p1a: Arceus\n|-damage|p1a: Arceus|0 fnt\n|faint|p1a: Arceus\n|-ability|p2a: Ditto|Chilling Neigh|boost\n|-boost|p2a: Ditto|atk|1\n|\n|upkeep\n|\n|t:|1698923796\n|switch|p1a: Melmetal|Melmetal|100\/100\n|-damage|p1a: Melmetal|94\/100|[from] Stealth Rock\n|turn|10\n|\n|t:|1698923814\n|switch|p1a: Rayquaza|Rayquaza|75\/100\n|-damage|p1a: Rayquaza|51\/100|[from] Stealth Rock\n|-ability|p1a: Rayquaza|Air Lock\n|move|p2a: Ditto|Glacial Lance|p1a: Rayquaza\n|-supereffective|p1a: Rayquaza\n|-damage|p1a: Rayquaza|0 fnt\n|faint|p1a: Rayquaza\n|-ability|p2a: Ditto|Chilling Neigh|boost\n|-boost|p2a: Ditto|atk|1\n|\n|upkeep\n|-message|C0ld as Ice forfeited.\n|\n|win|MommyMikuNakano\n|raw|C0ld as Ice's rating: 1599 &rarr; <strong>1585<\/strong><br \/>(-14 for losing)\n|raw|MommyMikuNakano's rating: 1699 &rarr; <strong>1713<\/strong><br \/>(+14 for winning)\n|l|\u2606C0ld as Ice\n|l|\u2606MommyMikuNakano\n","uploadtime":1698923828,"views":11,"p1id":"c0ldasice","p2id":"mommymikunakano","formatid":"gen9nationaldexubers","rating":1585,"private":0,"password":""}