{"id":"gen9nationaldexubers-1999476139","p1":"hexagonereal","p2":"09-10a","format":"[Gen 9] National Dex Ubers","log":"|j|\u2606hexagonereal\n|j|\u260609-10a\n|t:|1701086316\n|gametype|singles\n|player|p1|hexagonereal|cyrus|1559\n|player|p2|09-10a|265|1716\n|teamsize|p1|6\n|teamsize|p2|6\n|gen|9\n|tier|[Gen 9] National Dex Ubers\n|rated|\n|rule|HP Percentage Mod: HP is shown in percentages\n|rule|Endless Battle Clause: Forcing endless battles is banned\n|rule|OHKO Clause: OHKO moves are banned\n|rule|Evasion Moves Clause: Evasion moves are banned\n|rule|Evasion Items Clause: Evasion items are banned\n|rule|Species Clause: Limit one of each Pok\u00e9mon\n|rule|Sleep Clause Mod: Limit one foe put to sleep\n|rule|Mega Rayquaza Clause: You cannot mega evolve Rayquaza\n|clearpoke\n|poke|p1|Eternatus|\n|poke|p1|Arceus-Water|\n|poke|p1|Xerneas-*|\n|poke|p1|Zygarde|\n|poke|p1|Groudon|\n|poke|p1|Kyogre|\n|poke|p2|Marshadow|\n|poke|p2|Ho-Oh|\n|poke|p2|Necrozma-Dusk-Mane|\n|poke|p2|Groudon, L99|\n|poke|p2|Arceus-Ground|\n|poke|p2|Yveltal|\n|teampreview\n|inactive|Battle timer is ON: inactive players will automatically lose when time's up. (requested by 09-10a)\n|inactive|09-10a has 120 seconds left.\n|\n|t:|1701086358\n|start\n|switch|p1a: Groudon|Groudon|100\/100\n|switch|p2a: Ho-Oh|Ho-Oh, shiny|100\/100\n|detailschange|p1a: Groudon|Groudon-Primal\n|-primal|p1a: Groudon|Red Orb\n|-weather|DesolateLand|[from] ability: Desolate Land|[of] p1a: Groudon\n|turn|1\n|\n|t:|1701086368\n|switch|p2a: Arceus|Arceus-Ground, shiny|100\/100\n|move|p1a: Groudon|Spikes|p2a: Arceus\n|-sidestart|p2: 09-10a|Spikes\n|\n|-weather|DesolateLand|[upkeep]\n|upkeep\n|turn|2\n|\n|t:|1701086396\n|-weather|none\n|switch|p1a: Arceus|Arceus-Water|100\/100\n|move|p2a: Arceus|Judgment|p1a: Arceus\n|-damage|p1a: Arceus|67\/100\n|\n|upkeep\n|turn|3\n|inactive|09-10a has 120 seconds left.\n|\n|t:|1701086415\n|switch|p2a: Ho-Oh|Ho-Oh, shiny|100\/100\n|move|p1a: Arceus|Toxic|p2a: Ho-Oh|[miss]\n|-miss|p1a: Arceus|p2a: Ho-Oh\n|\n|upkeep\n|turn|4\n|\n|t:|1701086427\n|move|p1a: Arceus|Judgment|p2a: Ho-Oh\n|-supereffective|p2a: Ho-Oh\n|-damage|p2a: Ho-Oh|48\/100\n|move|p2a: Ho-Oh|Sacred Fire|p1a: Arceus\n|-resisted|p1a: Arceus\n|-damage|p1a: Arceus|43\/100\n|\n|upkeep\n|turn|5\n|\n|t:|1701086433\n|switch|p2a: Groudon|Groudon, L99, shiny|100\/100\n|-damage|p2a: Groudon|88\/100|[from] Spikes\n|detailschange|p2a: Groudon|Groudon-Primal, L99, shiny\n|-primal|p2a: Groudon|Red Orb\n|-weather|DesolateLand|[from] ability: Desolate Land|[of] p2a: Groudon\n|move|p1a: Arceus|Recover|p1a: Arceus\n|-heal|p1a: Arceus|93\/100\n|\n|-weather|DesolateLand|[upkeep]\n|upkeep\n|turn|6\n|\n|t:|1701086439\n|-weather|none\n|switch|p2a: Necrozma|Necrozma-Dusk-Mane, shiny|100\/100\n|-damage|p2a: Necrozma|88\/100|[from] Spikes\n|move|p1a: Arceus|Toxic|p2a: Necrozma\n|-immune|p2a: Necrozma\n|\n|upkeep\n|turn|7\n|\n|t:|1701086448\n|switch|p2a: Ho-Oh|Ho-Oh, shiny|81\/100\n|move|p1a: Arceus|Judgment|p2a: Ho-Oh\n|-supereffective|p2a: Ho-Oh\n|-crit|p2a: Ho-Oh\n|-damage|p2a: Ho-Oh|4\/100\n|\n|upkeep\n|turn|8\n|\n|t:|1701086460\n|switch|p2a: Yveltal|Yveltal, shiny|100\/100\n|-ability|p2a: Yveltal|Dark Aura\n|move|p1a: Arceus|Toxic|p2a: Yveltal|[miss]\n|-miss|p1a: Arceus|p2a: Yveltal\n|\n|upkeep\n|turn|9\n|\n|t:|1701086466\n|move|p1a: Arceus|Judgment|p2a: Yveltal\n|-damage|p2a: Yveltal|61\/100\n|move|p2a: Yveltal|U-turn|p1a: Arceus\n|-damage|p1a: Arceus|83\/100\n|\n|t:|1701086471\n|switch|p2a: Ho-Oh|Ho-Oh, shiny|37\/100|[from] U-turn\n|\n|upkeep\n|turn|10\n|\n|t:|1701086481\n|-terastallize|p2a: Ho-Oh|Grass\n|move|p1a: Arceus|Judgment|p2a: Ho-Oh\n|-resisted|p2a: Ho-Oh\n|-damage|p2a: Ho-Oh|24\/100\n|move|p2a: Ho-Oh|Sacred Fire|p1a: Arceus\n|-resisted|p1a: Arceus\n|-damage|p1a: Arceus|62\/100\n|-status|p1a: Arceus|brn\n|\n|-damage|p1a: Arceus|56\/100 brn|[from] brn\n|upkeep\n|turn|11\n|\n|t:|1701086490\n|switch|p2a: Yveltal|Yveltal, shiny|61\/100\n|-ability|p2a: Yveltal|Dark Aura\n|move|p1a: Arceus|Recover|p1a: Arceus\n|-heal|p1a: Arceus|100\/100 brn\n|\n|-damage|p1a: Arceus|94\/100 brn|[from] brn\n|upkeep\n|turn|12\n|\n|t:|1701086496\n|move|p1a: Arceus|Judgment|p2a: Yveltal\n|-damage|p2a: Yveltal|22\/100\n|move|p2a: Yveltal|Roost|p2a: Yveltal\n|-heal|p2a: Yveltal|72\/100\n|-singleturn|p2a: Yveltal|move: Roost\n|\n|-damage|p1a: Arceus|88\/100 brn|[from] brn\n|upkeep\n|turn|13\n|\n|t:|1701086502\n|switch|p2a: Ho-Oh|Ho-Oh, shiny, tera:Grass|57\/100\n|-damage|p2a: Ho-Oh|45\/100|[from] Spikes\n|move|p1a: Arceus|Judgment|p2a: Ho-Oh\n|-resisted|p2a: Ho-Oh\n|-damage|p2a: Ho-Oh|32\/100\n|\n|-damage|p1a: Arceus|82\/100 brn|[from] brn\n|upkeep\n|turn|14\n|\n|t:|1701086522\n|switch|p2a: Necrozma|Necrozma-Dusk-Mane, shiny|88\/100\n|-damage|p2a: Necrozma|76\/100|[from] Spikes\n|move|p1a: Arceus|Toxic|p2a: Necrozma\n|-immune|p2a: Necrozma\n|\n|-damage|p1a: Arceus|76\/100 brn|[from] brn\n|upkeep\n|turn|15\n|\n|t:|1701086530\n|switch|p2a: Ho-Oh|Ho-Oh, shiny, tera:Grass|65\/100\n|-damage|p2a: Ho-Oh|53\/100|[from] Spikes\n|move|p1a: Arceus|Judgment|p2a: Ho-Oh\n|-resisted|p2a: Ho-Oh\n|-damage|p2a: Ho-Oh|40\/100\n|\n|-damage|p1a: Arceus|69\/100 brn|[from] brn\n|upkeep\n|turn|16\n|\n|t:|1701086536\n|move|p1a: Arceus|Recover|p1a: Arceus\n|-heal|p1a: Arceus|100\/100 brn\n|move|p2a: Ho-Oh|Brave Bird|p1a: Arceus\n|-crit|p1a: Arceus\n|-damage|p1a: Arceus|25\/100 brn\n|-damage|p2a: Ho-Oh|16\/100|[from] Recoil\n|\n|-damage|p1a: Arceus|19\/100 brn|[from] brn\n|upkeep\n|turn|17\n|\n|t:|1701086545\n|switch|p2a: Marshadow|Marshadow|100\/100\n|-damage|p2a: Marshadow|88\/100|[from] Spikes\n|move|p1a: Arceus|Recover|p1a: Arceus\n|-heal|p1a: Arceus|69\/100 brn\n|\n|-damage|p1a: Arceus|63\/100 brn|[from] brn\n|upkeep\n|turn|18\n|\n|t:|1701086553\n|move|p2a: Marshadow|Poltergeist|p1a: Arceus\n|-activate|p1a: Arceus|move: Poltergeist|Splash Plate\n|-damage|p1a: Arceus|16\/100 brn\n|move|p1a: Arceus|Judgment|p2a: Marshadow\n|-damage|p2a: Marshadow|34\/100\n|\n|-damage|p1a: Arceus|10\/100 brn|[from] brn\n|upkeep\n|turn|19\n|\n|t:|1701086562\n|move|p2a: Marshadow|Poltergeist|p1a: Arceus\n|-activate|p1a: Arceus|move: Poltergeist|Splash Plate\n|-damage|p1a: Arceus|0 fnt\n|faint|p1a: Arceus\n|\n|upkeep\n|\n|t:|1701086571\n|switch|p1a: Eternatus|Eternatus|100\/100\n|-ability|p1a: Eternatus|Pressure\n|turn|20\n|inactive|09-10a has 120 seconds left.\n|\n|t:|1701086615\n|switch|p2a: Necrozma|Necrozma-Dusk-Mane, shiny|76\/100\n|-damage|p2a: Necrozma|63\/100|[from] Spikes\n|move|p1a: Eternatus|Meteor Beam||[still]\n|-prepare|p1a: Eternatus|Meteor Beam\n|-boost|p1a: Eternatus|spa|1\n|-enditem|p1a: Eternatus|Power Herb\n|-anim|p1a: Eternatus|Meteor Beam|p2a: Necrozma\n|-resisted|p2a: Necrozma\n|-damage|p2a: Necrozma|39\/100\n|\n|upkeep\n|turn|21\n|\n|t:|1701086625\n|-terastallize|p1a: Eternatus|Fire\n|move|p1a: Eternatus|Fire Blast|p2a: Necrozma\n|-supereffective|p2a: Necrozma\n|-damage|p2a: Necrozma|0 fnt\n|faint|p2a: Necrozma\n|\n|upkeep\n|\n|t:|1701086631\n|switch|p2a: Arceus|Arceus-Ground, shiny|100\/100\n|-damage|p2a: Arceus|88\/100|[from] Spikes\n|turn|22\n|\n|t:|1701086639\n|move|p1a: Eternatus|Fire Blast|p2a: Arceus\n|-damage|p2a: Arceus|29\/100\n|-status|p2a: Arceus|brn\n|move|p2a: Arceus|Judgment|p1a: Eternatus\n|-supereffective|p1a: Eternatus\n|-damage|p1a: Eternatus|21\/100\n|\n|-damage|p2a: Arceus|23\/100 brn|[from] brn\n|upkeep\n|turn|23\n|\n|t:|1701086647\n|switch|p2a: Yveltal|Yveltal, shiny|72\/100\n|-ability|p2a: Yveltal|Dark Aura\n|move|p1a: Eternatus|Dynamax Cannon|p2a: Yveltal\n|-damage|p2a: Yveltal|8\/100\n|\n|upkeep\n|turn|24\n|\n|t:|1701086652\n|move|p1a: Eternatus|Dynamax Cannon|p2a: Yveltal\n|-damage|p2a: Yveltal|0 fnt\n|faint|p2a: Yveltal\n|\n|upkeep\n|\n|t:|1701086655\n|switch|p2a: Marshadow|Marshadow|34\/100\n|-damage|p2a: Marshadow|22\/100|[from] Spikes\n|turn|25\n|\n|t:|1701086661\n|move|p2a: Marshadow|Shadow Sneak|p1a: Eternatus\n|-damage|p1a: Eternatus|0 fnt\n|faint|p1a: Eternatus\n|\n|upkeep\n|inactive|hexagonereal has 120 seconds left.\n|\n|t:|1701086692\n|switch|p1a: Groudon|Groudon-Primal|100\/100\n|-weather|DesolateLand|[from] ability: Desolate Land|[of] p1a: Groudon\n|turn|26\n|\n|t:|1701086702\n|move|p2a: Marshadow|Shadow Sneak|p1a: Groudon\n|-damage|p1a: Groudon|74\/100\n|move|p1a: Groudon|Precipice Blades|p2a: Marshadow\n|-damage|p2a: Marshadow|0 fnt\n|faint|p2a: Marshadow\n|\n|-weather|DesolateLand|[upkeep]\n|upkeep\n|\n|t:|1701086705\n|switch|p2a: Arceus|Arceus-Ground, shiny|23\/100 brn\n|-damage|p2a: Arceus|11\/100 brn|[from] Spikes\n|turn|27\n|\n|t:|1701086708\n|move|p2a: Arceus|Recover|p2a: Arceus\n|-heal|p2a: Arceus|61\/100 brn\n|move|p1a: Groudon|Precipice Blades|p2a: Arceus\n|-damage|p2a: Arceus|4\/100 brn\n|\n|-weather|DesolateLand|[upkeep]\n|-damage|p2a: Arceus|0 fnt|[from] brn\n|faint|p2a: Arceus\n|upkeep\n|-message|09-10a forfeited.\n|\n|win|hexagonereal\n|raw|hexagonereal's rating: 1559 &rarr; <strong>1588<\/strong><br \/>(+29 for winning)\n|raw|09-10a's rating: 1728 &rarr; <strong>1699<\/strong><br \/>(-29 for losing)\n|l|\u260609-10a\n","uploadtime":1701086718,"views":5,"p1id":"hexagonereal","p2id":"0910a","formatid":"gen9nationaldexubers","rating":1588,"private":0,"password":""}