{"id":"gen9nationaldexubers-1995155003","p1":"foofoo1","p2":"geeb69","format":"[Gen 9] National Dex Ubers","log":"|j|\u2606foofoo1\n|j|\u2606geeb69\n|t:|1700528713\n|gametype|singles\n|player|p1|foofoo1|170|\n|player|p2|geeb69|ethan|\n|teamsize|p1|6\n|teamsize|p2|6\n|gen|9\n|tier|[Gen 9] National Dex Ubers\n|rule|HP Percentage Mod: HP is shown in percentages\n|rule|Endless Battle Clause: Forcing endless battles is banned\n|rule|OHKO Clause: OHKO moves are banned\n|rule|Evasion Moves Clause: Evasion moves are banned\n|rule|Evasion Items Clause: Evasion items are banned\n|rule|Species Clause: Limit one of each Pok\u00e9mon\n|rule|Sleep Clause Mod: Limit one foe put to sleep\n|rule|Mega Rayquaza Clause: You cannot mega evolve Rayquaza\n|clearpoke\n|poke|p1|Blissey, F|\n|poke|p1|Dondozo, F|\n|poke|p1|Weavile, F|\n|poke|p1|Tapu Koko|\n|poke|p1|Ting-Lu|\n|poke|p1|Diancie|\n|poke|p2|Manectric, M|\n|poke|p2|Dragonite, M|\n|poke|p2|Stakataka|\n|poke|p2|Ursaluna, M|\n|poke|p2|Iron Moth|\n|poke|p2|Urshifu-*, M|\n|teampreview\n|j| Slumpyboocus\n|j| sandsword\n|j| Hotpepper22\n|\n|t:|1700528751\n|start\n|switch|p1a: Tapu Koko|Tapu Koko|100\/100\n|switch|p2a: ear hole|Manectric, M, shiny|100\/100\n|-fieldstart|move: Electric Terrain|[from] ability: Electric Surge|[of] p1a: Tapu Koko\n|turn|1\n|c| Hotpepper22|Ear hole lmao\n|\n|t:|1700528819\n|switch|p1a: Ting-Lu|Ting-Lu|100\/100\n|-ability|p1a: Ting-Lu|Vessel of Ruin\n|detailschange|p2a: ear hole|Manectric-Mega, M, shiny\n|-mega|p2a: ear hole|Manectric|Manectite\n|-ability|p2a: ear hole|Intimidate|boost\n|-unboost|p1a: Ting-Lu|atk|1\n|move|p2a: ear hole|Volt Switch|p1a: Ting-Lu\n|-immune|p1a: Ting-Lu\n|\n|upkeep\n|turn|2\n|\n|t:|1700528833\n|switch|p2a: OrganLover|Ursaluna, M, shiny|100\/100\n|move|p1a: Ting-Lu|Ruination|p2a: OrganLover\n|-damage|p2a: OrganLover|50\/100\n|\n|-status|p2a: OrganLover|brn|[from] item: Flame Orb\n|upkeep\n|turn|3\n|\n|t:|1700528843\n|switch|p1a: Dondozo|Dondozo, F|100\/100\n|move|p2a: OrganLover|Facade|p1a: Dondozo\n|-damage|p1a: Dondozo|46\/100\n|-damage|p2a: OrganLover|34\/100 brn|[from] item: Rocky Helmet|[of] p1a: Dondozo\n|\n|-damage|p2a: OrganLover|28\/100 brn|[from] brn\n|upkeep\n|turn|4\n|\n|t:|1700528865\n|move|p2a: OrganLover|Facade|p1a: Dondozo\n|-damage|p1a: Dondozo|0 fnt\n|-damage|p2a: OrganLover|11\/100 brn|[from] item: Rocky Helmet|[of] p1a: Dondozo\n|faint|p1a: Dondozo\n|\n|-damage|p2a: OrganLover|5\/100 brn|[from] brn\n|upkeep\n|c|\u2606geeb69|get it cuz his ability is guts\n|\n|t:|1700528876\n|switch|p1a: Blissey|Blissey, F|100\/100\n|turn|5\n|\n|t:|1700528886\n|move|p1a: Blissey|Protect|p1a: Blissey\n|-singleturn|p1a: Blissey|Protect\n|move|p2a: OrganLover|Facade|p1a: Blissey\n|-activate|p1a: Blissey|move: Protect\n|\n|-damage|p2a: OrganLover|0 fnt|[from] brn\n|faint|p2a: OrganLover\n|-fieldend|move: Electric Terrain\n|upkeep\n|\n|t:|1700528899\n|switch|p2a: Takastaka|Stakataka, shiny|100\/100\n|turn|6\n|\n|t:|1700528920\n|switch|p1a: Ting-Lu|Ting-Lu|100\/100\n|-ability|p1a: Ting-Lu|Vessel of Ruin\n|switch|p2a: Liver King|Urshifu-Rapid-Strike, M|100\/100\n|\n|upkeep\n|turn|7\n|j| king schmuck\n|\n|t:|1700528948\n|move|p2a: Liver King|Surging Strikes|p1a: Ting-Lu\n|-supereffective|p1a: Ting-Lu\n|-crit|p1a: Ting-Lu\n|-damage|p1a: Ting-Lu|85\/100\n|-supereffective|p1a: Ting-Lu\n|-crit|p1a: Ting-Lu\n|-damage|p1a: Ting-Lu|70\/100\n|-supereffective|p1a: Ting-Lu\n|-crit|p1a: Ting-Lu\n|-damage|p1a: Ting-Lu|52\/100\n|-hitcount|p1a: Ting-Lu|3\n|move|p1a: Ting-Lu|Ruination|p2a: Liver King\n|-damage|p2a: Liver King|51\/100\n|\n|upkeep\n|turn|8\n|\n|t:|1700528981\n|move|p2a: Liver King|Surging Strikes|p1a: Ting-Lu\n|-supereffective|p1a: Ting-Lu\n|-crit|p1a: Ting-Lu\n|-damage|p1a: Ting-Lu|34\/100\n|-supereffective|p1a: Ting-Lu\n|-crit|p1a: Ting-Lu\n|-damage|p1a: Ting-Lu|18\/100\n|-supereffective|p1a: Ting-Lu\n|-crit|p1a: Ting-Lu\n|-damage|p1a: Ting-Lu|1\/100\n|-hitcount|p1a: Ting-Lu|3\n|move|p1a: Ting-Lu|Earthquake|p2a: Liver King\n|-damage|p2a: Liver King|14\/100\n|\n|upkeep\n|turn|9\n|\n|t:|1700528995\n|move|p2a: Liver King|Surging Strikes|p1a: Ting-Lu\n|-supereffective|p1a: Ting-Lu\n|-crit|p1a: Ting-Lu\n|-damage|p1a: Ting-Lu|0 fnt\n|faint|p1a: Ting-Lu\n|-hitcount|p1: Ting-Lu|1\n|\n|upkeep\n|\n|t:|1700529006\n|switch|p1a: Weavile|Weavile, F|100\/100\n|-ability|p1a: Weavile|Pressure\n|turn|10\n|\n|t:|1700529058\n|switch|p2a: ear hole|Manectric-Mega, M, shiny|100\/100\n|-ability|p2a: ear hole|Intimidate|boost\n|-unboost|p1a: Weavile|atk|1\n|move|p1a: Weavile|Knock Off|p2a: ear hole\n|-damage|p2a: ear hole|66\/100\n|\n|upkeep\n|turn|11\n|\n|t:|1700529069\n|switch|p1a: Blissey|Blissey, F|100\/100\n|move|p2a: ear hole|Flamethrower|p1a: Blissey\n|-damage|p1a: Blissey|91\/100\n|\n|-heal|p1a: Blissey|97\/100|[from] item: Leftovers\n|upkeep\n|turn|12\n|\n|t:|1700529083\n|move|p2a: ear hole|Volt Switch|p1a: Blissey\n|-damage|p1a: Blissey|85\/100\n|\n|t:|1700529086\n|switch|p2a: Takastaka|Stakataka, shiny|100\/100|[from] Volt Switch\n|move|p1a: Blissey|Seismic Toss|p2a: Takastaka\n|-damage|p2a: Takastaka|70\/100\n|\n|-heal|p1a: Blissey|92\/100|[from] item: Leftovers\n|upkeep\n|turn|13\n|\n|t:|1700529104\n|move|p1a: Blissey|Protect|p1a: Blissey\n|-singleturn|p1a: Blissey|Protect\n|move|p2a: Takastaka|Gyro Ball|p1a: Blissey\n|-activate|p1a: Blissey|move: Protect\n|\n|-heal|p1a: Blissey|98\/100|[from] item: Leftovers\n|upkeep\n|turn|14\n|\n|t:|1700529116\n|switch|p1a: Weavile|Weavile, F|100\/100\n|-ability|p1a: Weavile|Pressure\n|move|p2a: Takastaka|Gyro Ball|p1a: Weavile\n|-supereffective|p1a: Weavile\n|-damage|p1a: Weavile|0 fnt\n|faint|p1a: Weavile\n|-ability|p2a: Takastaka|Beast Boost|boost\n|-boost|p2a: Takastaka|def|1\n|\n|upkeep\n|\n|t:|1700529153\n|switch|p1a: Tapu Koko|Tapu Koko|100\/100\n|-fieldstart|move: Electric Terrain|[from] ability: Electric Surge|[of] p1a: Tapu Koko\n|turn|15\n|\n|t:|1700529169\n|move|p1a: Tapu Koko|Volt Switch|p2a: Takastaka\n|-damage|p2a: Takastaka|24\/100\n|\n|t:|1700529172\n|switch|p1a: Diancie|Diancie|100\/100|[from] Volt Switch\n|move|p2a: Takastaka|Gyro Ball|p1a: Diancie\n|-supereffective|p1a: Diancie\n|-damage|p1a: Diancie|0 fnt\n|faint|p1a: Diancie\n|-ability|p2a: Takastaka|Beast Boost|boost\n|-boost|p2a: Takastaka|def|1\n|\n|upkeep\n|\n|t:|1700529179\n|switch|p1a: Tapu Koko|Tapu Koko|100\/100\n|turn|16\n|\n|t:|1700529219\n|move|p1a: Tapu Koko|Thunderbolt|p2a: Takastaka\n|-damage|p2a: Takastaka|0 fnt\n|faint|p2a: Takastaka\n|\n|upkeep\n|\n|t:|1700529230\n|switch|p2a: W.P.O.A.T|Dragonite, M|100\/100\n|turn|17\n|\n|t:|1700529235\n|move|p1a: Tapu Koko|Thunderbolt|p2a: W.P.O.A.T\n|-damage|p2a: W.P.O.A.T|65\/100\n|move|p2a: W.P.O.A.T|Earthquake|p1a: Tapu Koko\n|-supereffective|p1a: Tapu Koko\n|-damage|p1a: Tapu Koko|6\/100\n|\n|upkeep\n|turn|18\n|\n|t:|1700529243\n|move|p2a: W.P.O.A.T|Extreme Speed|p1a: Tapu Koko\n|-damage|p1a: Tapu Koko|0 fnt\n|faint|p1a: Tapu Koko\n|\n|upkeep\n|\n|t:|1700529247\n|switch|p1a: Blissey|Blissey, F|98\/100\n|turn|19\n|c|\u2606foofoo1|gg\n|\n|t:|1700529254\n|move|p2a: W.P.O.A.T|Earthquake|p1a: Blissey\n|-damage|p1a: Blissey|64\/100\n|move|p1a: Blissey|Seismic Toss|p2a: W.P.O.A.T\n|-damage|p2a: W.P.O.A.T|39\/100\n|\n|-heal|p1a: Blissey|70\/100|[from] item: Leftovers\n|-fieldend|move: Electric Terrain\n|upkeep\n|turn|20\n|\n|t:|1700529261\n|move|p2a: W.P.O.A.T|Earthquake|p1a: Blissey\n|-damage|p1a: Blissey|37\/100\n|move|p1a: Blissey|Seismic Toss|p2a: W.P.O.A.T\n|-damage|p2a: W.P.O.A.T|13\/100\n|\n|-heal|p1a: Blissey|43\/100|[from] item: Leftovers\n|upkeep\n|turn|21\n|\n|t:|1700529269\n|move|p2a: W.P.O.A.T|Earthquake|p1a: Blissey\n|-damage|p1a: Blissey|7\/100\n|move|p1a: Blissey|Soft-Boiled|p1a: Blissey\n|-heal|p1a: Blissey|57\/100\n|\n|-heal|p1a: Blissey|63\/100|[from] item: Leftovers\n|upkeep\n|turn|22\n|\n|t:|1700529277\n|move|p2a: W.P.O.A.T|Earthquake|p1a: Blissey\n|-damage|p1a: Blissey|31\/100\n|move|p1a: Blissey|Soft-Boiled|p1a: Blissey\n|-heal|p1a: Blissey|81\/100\n|\n|-heal|p1a: Blissey|88\/100|[from] item: Leftovers\n|upkeep\n|turn|23\n|\n|t:|1700529285\n|move|p2a: W.P.O.A.T|Earthquake|p1a: Blissey\n|-damage|p1a: Blissey|52\/100\n|move|p1a: Blissey|Seismic Toss|p2a: W.P.O.A.T\n|-damage|p2a: W.P.O.A.T|0 fnt\n|faint|p2a: W.P.O.A.T\n|\n|-heal|p1a: Blissey|58\/100|[from] item: Leftovers\n|upkeep\n|\n|t:|1700529294\n|switch|p2a: Liver King|Urshifu-Rapid-Strike, M|14\/100\n|turn|24\n|\n|t:|1700529298\n|move|p2a: Liver King|Close Combat|p1a: Blissey\n|-supereffective|p1a: Blissey\n|-damage|p1a: Blissey|0 fnt\n|-unboost|p2a: Liver King|def|1\n|-unboost|p2a: Liver King|spd|1\n|faint|p1a: Blissey\n|\n|win|geeb69\n|c|\u2606geeb69|gg\n|l| sandsword\n|l| Hotpepper22\n","uploadtime":1700529398,"views":9,"p1id":"foofoo1","p2id":"geeb69","formatid":"gen9nationaldexubers","rating":0,"private":0,"password":""}