{"id":"gen9nationaldexubers-1983237162","p1":"mastro uccello","p2":"LelouchZr","format":"[Gen 9] National Dex Ubers","log":"|j|\u2606mastro uccello\n|j|\u2606LelouchZr\n|t:|1699108926\n|gametype|singles\n|player|p1|mastro uccello|guitarist-gen4|1450\n|player|p2|LelouchZr|n|1569\n|teamsize|p1|6\n|teamsize|p2|6\n|gen|9\n|tier|[Gen 9] National Dex Ubers\n|rated|\n|rule|HP Percentage Mod: HP is shown in percentages\n|rule|Endless Battle Clause: Forcing endless battles is banned\n|rule|OHKO Clause: OHKO moves are banned\n|rule|Evasion Moves Clause: Evasion moves are banned\n|rule|Evasion Items Clause: Evasion items are banned\n|rule|Species Clause: Limit one of each Pok\u00e9mon\n|rule|Sleep Clause Mod: Limit one foe put to sleep\n|rule|Mega Rayquaza Clause: You cannot mega evolve Rayquaza\n|clearpoke\n|poke|p1|Annihilape, M|\n|poke|p1|Lucario, M|\n|poke|p1|Arceus-Ice|\n|poke|p1|Palafin, M|\n|poke|p1|Wooper, M|\n|poke|p1|Necrozma-Dusk-Mane|\n|poke|p2|Necrozma-Dusk-Mane|\n|poke|p2|Ho-Oh|\n|poke|p2|Marshadow|\n|poke|p2|Yveltal|\n|poke|p2|Zygarde|\n|poke|p2|Kyogre|\n|teampreview\n|inactive|Battle timer is ON: inactive players will automatically lose when time's up. (requested by LelouchZr)\n|\n|t:|1699108935\n|start\n|switch|p1a: Jiren|Palafin, M|100\/100\n|switch|p2a: Yveltal|Yveltal|100\/100\n|-ability|p2a: Yveltal|Dark Aura\n|turn|1\n|\n|t:|1699108947\n|detailschange|p1a: Jiren|Palafin-Hero, M\n|switch|p1a: Lord Beerus|Lucario, M|100\/100\n|-terastallize|p2a: Yveltal|Dark\n|move|p2a: Yveltal|Dark Pulse|p1a: Lord Beerus\n|-resisted|p1a: Lord Beerus\n|-damage|p1a: Lord Beerus|40\/100\n|\n|upkeep\n|turn|2\n|\n|t:|1699108957\n|detailschange|p1a: Lord Beerus|Lucario-Mega, M\n|-mega|p1a: Lord Beerus|Lucario|Lucarionite\n|move|p1a: Lord Beerus|Close Combat|p2a: Yveltal\n|-supereffective|p2a: Yveltal\n|-damage|p2a: Yveltal|0 fnt\n|-unboost|p1a: Lord Beerus|def|1\n|-unboost|p1a: Lord Beerus|spd|1\n|faint|p2a: Yveltal\n|\n|upkeep\n|\n|t:|1699108967\n|switch|p2a: Marshadow|Marshadow|100\/100\n|turn|3\n|\n|t:|1699108971\n|switch|p1a: Lord Zeno|Wooper, M|100\/100\n|move|p2a: Marshadow|Close Combat|p1a: Lord Zeno\n|-damage|p1a: Lord Zeno|46\/100\n|-unboost|p2a: Marshadow|def|1\n|-unboost|p2a: Marshadow|spd|1\n|\n|upkeep\n|turn|4\n|\n|t:|1699108979\n|move|p2a: Marshadow|Close Combat|p1a: Lord Zeno\n|-damage|p1a: Lord Zeno|0 fnt\n|-unboost|p2a: Marshadow|def|1\n|-unboost|p2a: Marshadow|spd|1\n|faint|p1a: Lord Zeno\n|\n|upkeep\n|\n|t:|1699108985\n|switch|p1a: Jiren|Palafin-Hero, M|100\/100\n|-activate|p1a: Jiren|ability: Zero to Hero\n|turn|5\n|\n|t:|1699108992\n|move|p1a: Jiren|Jet Punch|p2a: Marshadow\n|-enditem|p2a: Marshadow|Focus Sash\n|-damage|p2a: Marshadow|1\/100\n|move|p2a: Marshadow|Endeavor|p1a: Jiren\n|-damage|p1a: Jiren|1\/100\n|\n|-heal|p1a: Jiren|7\/100|[from] item: Leftovers\n|upkeep\n|turn|6\n|\n|t:|1699109002\n|move|p2a: Marshadow|Shadow Sneak|p1a: Jiren\n|-damage|p1a: Jiren|0 fnt\n|faint|p1a: Jiren\n|\n|upkeep\n|\n|t:|1699109005\n|switch|p1a: Lord Beerus|Lucario-Mega, M|40\/100\n|turn|7\n|\n|t:|1699109011\n|switch|p2a: Ho-Oh|Ho-Oh|100\/100\n|move|p1a: Lord Beerus|Bullet Punch|p2a: Ho-Oh\n|-resisted|p2a: Ho-Oh\n|-damage|p2a: Ho-Oh|87\/100\n|\n|upkeep\n|turn|8\n|\n|t:|1699109028\n|move|p1a: Lord Beerus|Close Combat|p2a: Ho-Oh\n|-resisted|p2a: Ho-Oh\n|-damage|p2a: Ho-Oh|50\/100\n|-unboost|p1a: Lord Beerus|def|1\n|-unboost|p1a: Lord Beerus|spd|1\n|move|p2a: Ho-Oh|Sacred Fire|p1a: Lord Beerus\n|-supereffective|p1a: Lord Beerus\n|-damage|p1a: Lord Beerus|0 fnt\n|faint|p1a: Lord Beerus\n|\n|upkeep\n|\n|t:|1699109043\n|switch|p1a: Super Shenron|Necrozma-Dusk-Mane|100\/100\n|turn|9\n|\n|t:|1699109048\n|detailschange|p1a: Super Shenron|Necrozma-Ultra\n|-burst|p1a: Super Shenron|Necrozma|Ultranecrozium Z\n|move|p1a: Super Shenron|Photon Geyser|p2a: Ho-Oh\n|-damage|p2a: Ho-Oh|0 fnt\n|faint|p2a: Ho-Oh\n|\n|upkeep\n|\n|t:|1699109061\n|switch|p2a: Kyogre|Kyogre|100\/100\n|detailschange|p2a: Kyogre|Kyogre-Primal\n|-primal|p2a: Kyogre|Blue Orb\n|-weather|PrimordialSea|[from] ability: Primordial Sea|[of] p2a: Kyogre\n|turn|10\n|\n|t:|1699109068\n|-zpower|p1a: Super Shenron\n|move|p1a: Super Shenron|Light That Burns the Sky|p2a: Kyogre|[zeffect]\n|-damage|p2a: Kyogre|0 fnt\n|faint|p2a: Kyogre\n|-weather|none\n|\n|upkeep\n|\n|t:|1699109076\n|switch|p2a: Marshadow|Marshadow|1\/100\n|turn|11\n|\n|t:|1699109085\n|move|p2a: Marshadow|Shadow Sneak|p1a: Super Shenron\n|-supereffective|p1a: Super Shenron\n|-damage|p1a: Super Shenron|34\/100\n|move|p1a: Super Shenron|Sunsteel Strike|p2a: Marshadow\n|-damage|p2a: Marshadow|0 fnt\n|faint|p2a: Marshadow\n|\n|upkeep\n|\n|t:|1699109097\n|switch|p2a: Zygarde|Zygarde|100\/100\n|turn|12\n|\n|t:|1699109100\n|move|p1a: Super Shenron|Photon Geyser|p2a: Zygarde\n|-damage|p2a: Zygarde|47\/100\n|move|p2a: Zygarde|Thousand Arrows|p1a: Super Shenron\n|-damage|p1a: Super Shenron|0 fnt\n|faint|p1a: Super Shenron\n|\n|-activate|p2a: Zygarde|ability: Power Construct\n|detailschange|p2a: Zygarde|Zygarde-Complete\n|-heal|p2a: Zygarde|67\/100|[silent]\n|upkeep\n|\n|t:|1699109107\n|switch|p1a: Goku Ultra Istinto|Annihilape, M|100\/100\n|turn|13\n|\n|t:|1699109118\n|move|p1a: Goku Ultra Istinto|Bulk Up|p1a: Goku Ultra Istinto\n|-boost|p1a: Goku Ultra Istinto|atk|1\n|-boost|p1a: Goku Ultra Istinto|def|1\n|move|p2a: Zygarde|Coil|p2a: Zygarde\n|-boost|p2a: Zygarde|atk|1\n|-boost|p2a: Zygarde|def|1\n|-boost|p2a: Zygarde|accuracy|1\n|\n|upkeep\n|turn|14\n|\n|t:|1699109137\n|move|p1a: Goku Ultra Istinto|Bulk Up|p1a: Goku Ultra Istinto\n|-boost|p1a: Goku Ultra Istinto|atk|1\n|-boost|p1a: Goku Ultra Istinto|def|1\n|move|p2a: Zygarde|Thousand Arrows|p1a: Goku Ultra Istinto\n|-damage|p1a: Goku Ultra Istinto|67\/100\n|\n|upkeep\n|turn|15\n|\n|t:|1699109149\n|move|p1a: Goku Ultra Istinto|Bulk Up|p1a: Goku Ultra Istinto\n|-boost|p1a: Goku Ultra Istinto|atk|1\n|-boost|p1a: Goku Ultra Istinto|def|1\n|move|p2a: Zygarde|Coil|p2a: Zygarde\n|-boost|p2a: Zygarde|atk|1\n|-boost|p2a: Zygarde|def|1\n|-boost|p2a: Zygarde|accuracy|1\n|\n|upkeep\n|turn|16\n|\n|t:|1699109157\n|move|p1a: Goku Ultra Istinto|Bulk Up|p1a: Goku Ultra Istinto\n|-boost|p1a: Goku Ultra Istinto|atk|1\n|-boost|p1a: Goku Ultra Istinto|def|1\n|move|p2a: Zygarde|Thousand Arrows|p1a: Goku Ultra Istinto\n|-damage|p1a: Goku Ultra Istinto|41\/100\n|\n|upkeep\n|turn|17\n|\n|t:|1699109165\n|move|p1a: Goku Ultra Istinto|Bulk Up|p1a: Goku Ultra Istinto\n|-boost|p1a: Goku Ultra Istinto|atk|1\n|-boost|p1a: Goku Ultra Istinto|def|1\n|move|p2a: Zygarde|Coil|p2a: Zygarde\n|-boost|p2a: Zygarde|atk|1\n|-boost|p2a: Zygarde|def|1\n|-boost|p2a: Zygarde|accuracy|1\n|\n|upkeep\n|turn|18\n|\n|t:|1699109172\n|move|p1a: Goku Ultra Istinto|Bulk Up|p1a: Goku Ultra Istinto\n|-boost|p1a: Goku Ultra Istinto|atk|1\n|-boost|p1a: Goku Ultra Istinto|def|1\n|move|p2a: Zygarde|Coil|p2a: Zygarde\n|-boost|p2a: Zygarde|atk|1\n|-boost|p2a: Zygarde|def|1\n|-boost|p2a: Zygarde|accuracy|1\n|\n|upkeep\n|turn|19\n|\n|t:|1699109181\n|move|p1a: Goku Ultra Istinto|Drain Punch|p2a: Zygarde\n|-damage|p2a: Zygarde|47\/100\n|-heal|p1a: Goku Ultra Istinto|55\/100|[from] drain|[of] p2a: Zygarde\n|move|p2a: Zygarde|Coil|p2a: Zygarde\n|-boost|p2a: Zygarde|atk|1\n|-boost|p2a: Zygarde|def|1\n|-boost|p2a: Zygarde|accuracy|1\n|\n|upkeep\n|turn|20\n|\n|t:|1699109190\n|move|p1a: Goku Ultra Istinto|Rage Fist|p2a: Zygarde\n|-damage|p2a: Zygarde|12\/100\n|move|p2a: Zygarde|Rest|p2a: Zygarde\n|-status|p2a: Zygarde|slp|[from] move: Rest\n|-heal|p2a: Zygarde|100\/100 slp|[silent]\n|-enditem|p2a: Zygarde|Chesto Berry|[eat]\n|-curestatus|p2a: Zygarde|slp|[msg]\n|\n|upkeep\n|turn|21\n|\n|t:|1699109199\n|move|p1a: Goku Ultra Istinto|Drain Punch|p2a: Zygarde\n|-damage|p2a: Zygarde|84\/100\n|-heal|p1a: Goku Ultra Istinto|66\/100|[from] drain|[of] p2a: Zygarde\n|move|p2a: Zygarde|Thousand Arrows|p1a: Goku Ultra Istinto\n|-damage|p1a: Goku Ultra Istinto|29\/100\n|\n|upkeep\n|turn|22\n|\n|t:|1699109208\n|move|p1a: Goku Ultra Istinto|Rest|p1a: Goku Ultra Istinto\n|-status|p1a: Goku Ultra Istinto|slp|[from] move: Rest\n|-heal|p1a: Goku Ultra Istinto|100\/100 slp|[silent]\n|-enditem|p1a: Goku Ultra Istinto|Chesto Berry|[eat]\n|-curestatus|p1a: Goku Ultra Istinto|slp|[msg]\n|move|p2a: Zygarde|Thousand Arrows|p1a: Goku Ultra Istinto\n|-damage|p1a: Goku Ultra Istinto|62\/100\n|\n|upkeep\n|turn|23\n|\n|t:|1699109218\n|move|p1a: Goku Ultra Istinto|Rage Fist|p2a: Zygarde\n|-damage|p2a: Zygarde|25\/100\n|move|p2a: Zygarde|Thousand Arrows|p1a: Goku Ultra Istinto\n|-damage|p1a: Goku Ultra Istinto|28\/100\n|\n|upkeep\n|turn|24\n|\n|t:|1699109226\n|move|p1a: Goku Ultra Istinto|Rage Fist|p2a: Zygarde\n|-damage|p2a: Zygarde|0 fnt\n|faint|p2a: Zygarde\n|\n|upkeep\n|\n|t:|1699109231\n|switch|p2a: Necrozma|Necrozma-Dusk-Mane|100\/100\n|turn|25\n|\n|t:|1699109242\n|detailschange|p2a: Necrozma|Necrozma-Ultra\n|-burst|p2a: Necrozma|Necrozma|Ultranecrozium Z\n|-terastallize|p1a: Goku Ultra Istinto|Water\n|move|p2a: Necrozma|Photon Geyser|p1a: Goku Ultra Istinto\n|-damage|p1a: Goku Ultra Istinto|10\/100\n|move|p1a: Goku Ultra Istinto|Rage Fist|p2a: Necrozma\n|-supereffective|p2a: Necrozma\n|-damage|p2a: Necrozma|0 fnt\n|faint|p2a: Necrozma\n|\n|win|mastro uccello\n|raw|mastro uccello's rating: 1450 &rarr; <strong>1477<\/strong><br \/>(+27 for winning)\n|raw|LelouchZr's rating: 1569 &rarr; <strong>1542<\/strong><br \/>(-27 for losing)\n|l|\u2606LelouchZr\n","uploadtime":1699109261,"views":16,"p1id":"mastrouccello","p2id":"lelouchzr","formatid":"gen9nationaldexubers","rating":1477,"private":0,"password":""}