{"id":"gen9nationaldexubers-1980780731","p1":"poipolok","p2":"Lololosh","format":"[Gen 9] National Dex Ubers","log":"|j|\u2606poipolok\n|j|\u2606Lololosh\n|t:|1698831858\n|gametype|singles\n|player|p1|poipolok|266|1257\n|player|p2|Lololosh|265|1323\n|teamsize|p1|6\n|teamsize|p2|6\n|gen|9\n|tier|[Gen 9] National Dex Ubers\n|rated|\n|rule|HP Percentage Mod: HP is shown in percentages\n|rule|Endless Battle Clause: Forcing endless battles is banned\n|rule|OHKO Clause: OHKO moves are banned\n|rule|Evasion Moves Clause: Evasion moves are banned\n|rule|Evasion Items Clause: Evasion items are banned\n|rule|Species Clause: Limit one of each Pok\u00e9mon\n|rule|Sleep Clause Mod: Limit one foe put to sleep\n|rule|Mega Rayquaza Clause: You cannot mega evolve Rayquaza\n|clearpoke\n|poke|p1|Chansey, F|\n|poke|p1|Ho-Oh|\n|poke|p1|Darkrai|\n|poke|p1|Necrozma-Dusk-Mane|\n|poke|p1|Milotic, F|\n|poke|p1|Zekrom|\n|poke|p2|Kangaskhan, F|\n|poke|p2|Jirachi|\n|poke|p2|Shaymin-Sky|\n|poke|p2|Blaziken, M|\n|poke|p2|Groudon|\n|poke|p2|Ditto|\n|teampreview\n|\n|t:|1698831882\n|start\n|switch|p1a: Darkrai|Darkrai|100\/100\n|switch|p2a: Groudon|Groudon|100\/100\n|detailschange|p2a: Groudon|Groudon-Primal\n|-primal|p2a: Groudon|Red Orb\n|-weather|DesolateLand|[from] ability: Desolate Land|[of] p2a: Groudon\n|turn|1\n|inactive|Battle timer is ON: inactive players will automatically lose when time's up. (requested by poipolok)\n|\n|t:|1698831885\n|-zpower|p1a: Darkrai\n|move|p1a: Darkrai|Z-Hypnosis|p2a: Groudon|[anim]Hypnosis|[miss]\n|-boost|p1a: Darkrai|spe|1|[zeffect]\n|-miss|p1a: Darkrai|p2a: Groudon\n|move|p2a: Groudon|Rock Polish|p2a: Groudon\n|-boost|p2a: Groudon|spe|2\n|\n|-weather|DesolateLand|[upkeep]\n|upkeep\n|turn|2\n|\n|t:|1698831890\n|move|p1a: Darkrai|Hypnosis|p2a: Groudon\n|-status|p2a: Groudon|slp|[from] move: Hypnosis\n|cant|p2a: Groudon|slp\n|\n|-weather|DesolateLand|[upkeep]\n|-damage|p2a: Groudon|88\/100 slp|[from] ability: Bad Dreams|[of] p1a: Darkrai\n|upkeep\n|turn|3\n|\n|t:|1698831897\n|move|p1a: Darkrai|Nasty Plot|p1a: Darkrai\n|-boost|p1a: Darkrai|spa|2\n|cant|p2a: Groudon|slp\n|\n|-weather|DesolateLand|[upkeep]\n|-damage|p2a: Groudon|76\/100 slp|[from] ability: Bad Dreams|[of] p1a: Darkrai\n|upkeep\n|turn|4\n|\n|t:|1698831899\n|move|p1a: Darkrai|Dark Pulse|p2a: Groudon\n|-damage|p2a: Groudon|0 fnt\n|faint|p2a: Groudon\n|-weather|none\n|\n|upkeep\n|\n|t:|1698831910\n|switch|p2a: Ditto|Ditto|100\/100\n|-transform|p2a: Ditto|p1a: Darkrai|[from] ability: Imposter\n|turn|5\n|\n|t:|1698831914\n|switch|p1a: Chansey|Chansey, F|100\/100\n|move|p2a: Ditto|Sludge Bomb|p1a: Chansey\n|-damage|p1a: Chansey|81\/100\n|\n|upkeep\n|turn|6\n|\n|t:|1698831919\n|switch|p2a: Jirachi|Jirachi, shiny|100\/100\n|move|p1a: Chansey|Wish|p1a: Chansey\n|\n|upkeep\n|turn|7\n|\n|t:|1698831923\n|switch|p1a: Darkrai|Darkrai|100\/100\n|-zpower|p2a: Jirachi\n|move|p2a: Jirachi|Z-Happy Hour|p2a: Jirachi|[anim]Happy Hour\n|-boost|p2a: Jirachi|atk|1|[zeffect]\n|-boost|p2a: Jirachi|def|1|[zeffect]\n|-boost|p2a: Jirachi|spa|1|[zeffect]\n|-boost|p2a: Jirachi|spd|1|[zeffect]\n|-boost|p2a: Jirachi|spe|1|[zeffect]\n|\n|upkeep\n|turn|8\n|\n|t:|1698831927\n|move|p2a: Jirachi|Iron Head|p1a: Darkrai\n|-damage|p1a: Darkrai|34\/100\n|cant|p1a: Darkrai|flinch\n|\n|upkeep\n|turn|9\n|\n|t:|1698831932\n|switch|p1a: Necrozma|Necrozma-Dusk-Mane|100\/100\n|move|p2a: Jirachi|Drain Punch|p1a: Necrozma\n|-damage|p1a: Necrozma|84\/100\n|-damage|p2a: Jirachi|84\/100|[from] item: Rocky Helmet|[of] p1a: Necrozma\n|\n|upkeep\n|turn|10\n|\n|t:|1698831958\n|switch|p2a: Kangaskhan|Kangaskhan, F|100\/100\n|move|p1a: Necrozma|Stealth Rock|p2a: Kangaskhan\n|-sidestart|p2: Lololosh|move: Stealth Rock\n|\n|upkeep\n|turn|11\n|\n|t:|1698831967\n|switch|p1a: Milotic|Milotic, F|100\/100\n|detailschange|p2a: Kangaskhan|Kangaskhan-Mega, F\n|-mega|p2a: Kangaskhan|Kangaskhan|Kangaskhanite\n|move|p2a: Kangaskhan|Earthquake|p1a: Milotic\n|-damage|p1a: Milotic|76\/100\n|-damage|p1a: Milotic|70\/100\n|-hitcount|p1a: Milotic|2\n|\n|-status|p1a: Milotic|brn|[from] item: Flame Orb\n|upkeep\n|turn|12\n|\n|t:|1698831970\n|move|p2a: Kangaskhan|Headbutt|p1a: Milotic\n|-crit|p1a: Milotic\n|-damage|p1a: Milotic|42\/100 brn\n|-damage|p1a: Milotic|37\/100 brn\n|-hitcount|p1a: Milotic|2\n|move|p1a: Milotic|Recover|p1a: Milotic\n|-heal|p1a: Milotic|87\/100 brn\n|\n|-damage|p1a: Milotic|81\/100 brn|[from] brn\n|upkeep\n|turn|13\n|\n|t:|1698831972\n|move|p2a: Kangaskhan|Headbutt|p1a: Milotic\n|-crit|p1a: Milotic\n|-damage|p1a: Milotic|54\/100 brn\n|-damage|p1a: Milotic|50\/100 brn\n|-hitcount|p1a: Milotic|2\n|cant|p1a: Milotic|flinch\n|\n|-damage|p1a: Milotic|44\/100 brn|[from] brn\n|upkeep\n|turn|14\n|\n|t:|1698831974\n|move|p2a: Kangaskhan|Headbutt|p1a: Milotic\n|-damage|p1a: Milotic|27\/100 brn\n|-damage|p1a: Milotic|23\/100 brn\n|-hitcount|p1a: Milotic|2\n|cant|p1a: Milotic|flinch\n|\n|-damage|p1a: Milotic|17\/100 brn|[from] brn\n|upkeep\n|turn|15\n|\n|t:|1698831978\n|switch|p1a: Necrozma|Necrozma-Dusk-Mane|84\/100\n|move|p2a: Kangaskhan|Headbutt|p1a: Necrozma\n|-resisted|p1a: Necrozma\n|-damage|p1a: Necrozma|75\/100\n|-damage|p2a: Kangaskhan|84\/100|[from] item: Rocky Helmet|[of] p1a: Necrozma\n|-resisted|p1a: Necrozma\n|-damage|p1a: Necrozma|73\/100\n|-damage|p2a: Kangaskhan|68\/100|[from] item: Rocky Helmet|[of] p1a: Necrozma\n|-hitcount|p1a: Necrozma|2\n|\n|upkeep\n|turn|16\n|\n|t:|1698832000\n|move|p2a: Kangaskhan|Earthquake|p1a: Necrozma\n|-supereffective|p1a: Necrozma\n|-damage|p1a: Necrozma|45\/100\n|-supereffective|p1a: Necrozma\n|-damage|p1a: Necrozma|39\/100\n|-hitcount|p1a: Necrozma|2\n|move|p1a: Necrozma|Toxic|p2a: Kangaskhan\n|-status|p2a: Kangaskhan|tox\n|\n|-damage|p2a: Kangaskhan|61\/100 tox|[from] psn\n|upkeep\n|turn|17\n|\n|t:|1698832005\n|move|p2a: Kangaskhan|Headbutt|p1a: Necrozma\n|-resisted|p1a: Necrozma\n|-damage|p1a: Necrozma|29\/100\n|-damage|p2a: Kangaskhan|45\/100 tox|[from] item: Rocky Helmet|[of] p1a: Necrozma\n|-resisted|p1a: Necrozma\n|-damage|p1a: Necrozma|27\/100\n|-damage|p2a: Kangaskhan|28\/100 tox|[from] item: Rocky Helmet|[of] p1a: Necrozma\n|-hitcount|p1a: Necrozma|2\n|cant|p1a: Necrozma|flinch\n|\n|-damage|p2a: Kangaskhan|16\/100 tox|[from] psn\n|upkeep\n|turn|18\n|\n|t:|1698832017\n|switch|p2a: Blaziken|Blaziken, M|100\/100\n|-damage|p2a: Blaziken|88\/100|[from] Stealth Rock\n|switch|p1a: Ho-Oh|Ho-Oh|100\/100\n|\n|upkeep\n|turn|19\n|\n|t:|1698832020\n|move|p2a: Blaziken|Protect|p2a: Blaziken\n|-singleturn|p2a: Blaziken|Protect\n|move|p1a: Ho-Oh|Roar|p2a: Blaziken\n|drag|p2a: Shaymin|Shaymin-Sky|100\/100\n|-damage|p2a: Shaymin|76\/100|[from] Stealth Rock\n|\n|-heal|p2a: Shaymin|82\/100|[from] item: Leftovers\n|upkeep\n|turn|20\n|\n|t:|1698832025\n|move|p2a: Shaymin|Air Slash|p1a: Ho-Oh\n|-damage|p1a: Ho-Oh|80\/100\n|cant|p1a: Ho-Oh|flinch\n|\n|-heal|p2a: Shaymin|88\/100|[from] item: Leftovers\n|upkeep\n|turn|21\n|\n|t:|1698832028\n|move|p2a: Shaymin|Air Slash|p1a: Ho-Oh\n|-damage|p1a: Ho-Oh|57\/100\n|cant|p1a: Ho-Oh|flinch\n|\n|-heal|p2a: Shaymin|94\/100|[from] item: Leftovers\n|upkeep\n|turn|22\n|\n|t:|1698832031\n|move|p2a: Shaymin|Air Slash|p1a: Ho-Oh\n|-damage|p1a: Ho-Oh|35\/100\n|cant|p1a: Ho-Oh|flinch\n|\n|-heal|p2a: Shaymin|99\/100|[from] item: Leftovers\n|upkeep\n|turn|23\n|\n|t:|1698832035\n|move|p2a: Shaymin|Air Slash|p1a: Ho-Oh\n|-damage|p1a: Ho-Oh|15\/100\n|cant|p1a: Ho-Oh|flinch\n|\n|-heal|p2a: Shaymin|100\/100|[from] item: Leftovers\n|upkeep\n|turn|24\n|\n|t:|1698832049\n|switch|p1a: Zekrom|Zekrom|100\/100\n|-ability|p1a: Zekrom|Teravolt\n|move|p2a: Shaymin|Air Slash|p1a: Zekrom\n|-resisted|p1a: Zekrom\n|-damage|p1a: Zekrom|82\/100\n|\n|-heal|p1a: Zekrom|88\/100|[from] item: Leftovers\n|upkeep\n|turn|25\n|\n|t:|1698832071\n|move|p2a: Shaymin|Substitute|p2a: Shaymin\n|-start|p2a: Shaymin|Substitute\n|-damage|p2a: Shaymin|76\/100\n|move|p1a: Zekrom|Scale Shot|p2a: Shaymin\n|-activate|p2a: Shaymin|move: Substitute|[damage]\n|-end|p2a: Shaymin|Substitute\n|-hitcount|p2a: Shaymin|2\n|-unboost|p1a: Zekrom|def|1\n|-boost|p1a: Zekrom|spe|1\n|\n|-heal|p1a: Zekrom|94\/100|[from] item: Leftovers\n|-heal|p2a: Shaymin|82\/100|[from] item: Leftovers\n|upkeep\n|turn|26\n|\n|t:|1698832076\n|move|p1a: Zekrom|Fusion Bolt|p2a: Shaymin\n|-crit|p2a: Shaymin\n|-damage|p2a: Shaymin|0 fnt\n|faint|p2a: Shaymin\n|\n|-heal|p1a: Zekrom|99\/100|[from] item: Leftovers\n|upkeep\n|\n|t:|1698832083\n|switch|p2a: Ditto|Ditto|100\/100\n|-damage|p2a: Ditto|88\/100|[from] Stealth Rock\n|-transform|p2a: Ditto|p1a: Zekrom|[from] ability: Imposter\n|-ability|p2a: Ditto|Teravolt\n|turn|27\n|\n|t:|1698832089\n|move|p2a: Ditto|Scale Shot|p1a: Zekrom\n|-supereffective|p1a: Zekrom\n|-damage|p1a: Zekrom|61\/100\n|-supereffective|p1a: Zekrom\n|-damage|p1a: Zekrom|22\/100\n|-supereffective|p1a: Zekrom\n|-damage|p1a: Zekrom|0 fnt\n|faint|p1a: Zekrom\n|-hitcount|p1: Zekrom|3\n|-unboost|p2a: Ditto|def|1\n|-boost|p2a: Ditto|spe|1\n|\n|upkeep\n|\n|t:|1698832097\n|switch|p1a: Necrozma|Necrozma-Dusk-Mane|27\/100\n|turn|28\n|\n|t:|1698832100\n|move|p2a: Ditto|Scale Shot|p1a: Necrozma\n|-resisted|p1a: Necrozma\n|-damage|p1a: Necrozma|23\/100\n|-resisted|p1a: Necrozma\n|-damage|p1a: Necrozma|19\/100\n|-hitcount|p1a: Necrozma|2\n|-unboost|p2a: Ditto|def|1\n|-boost|p2a: Ditto|spe|1\n|move|p1a: Necrozma|Moonlight|p1a: Necrozma\n|-heal|p1a: Necrozma|69\/100\n|\n|upkeep\n|turn|29\n|j| trTR102\n|\n|t:|1698832110\n|switch|p2a: Jirachi|Jirachi, shiny|84\/100\n|-damage|p2a: Jirachi|78\/100|[from] Stealth Rock\n|move|p1a: Necrozma|Sunsteel Strike|p2a: Jirachi\n|-resisted|p2a: Jirachi\n|-damage|p2a: Jirachi|51\/100\n|\n|upkeep\n|turn|30\n|\n|t:|1698832116\n|move|p2a: Jirachi|Iron Head|p1a: Necrozma\n|-resisted|p1a: Necrozma\n|-damage|p1a: Necrozma|60\/100\n|-damage|p2a: Jirachi|35\/100|[from] item: Rocky Helmet|[of] p1a: Necrozma\n|move|p1a: Necrozma|Sunsteel Strike|p2a: Jirachi\n|-resisted|p2a: Jirachi\n|-damage|p2a: Jirachi|10\/100\n|\n|upkeep\n|turn|31\n|\n|t:|1698832118\n|move|p2a: Jirachi|Iron Head|p1a: Necrozma\n|-resisted|p1a: Necrozma\n|-damage|p1a: Necrozma|51\/100\n|-damage|p2a: Jirachi|0 fnt|[from] item: Rocky Helmet|[of] p1a: Necrozma\n|faint|p2a: Jirachi\n|cant|p1a: Necrozma|flinch\n|\n|upkeep\n|\n|t:|1698832124\n|switch|p2a: Blaziken|Blaziken, M|88\/100\n|-damage|p2a: Blaziken|76\/100|[from] Stealth Rock\n|turn|32\n|\n|t:|1698832127\n|switch|p1a: Ho-Oh|Ho-Oh|48\/100\n|move|p2a: Blaziken|Swords Dance|p2a: Blaziken\n|-boost|p2a: Blaziken|atk|2\n|\n|-ability|p2a: Blaziken|Speed Boost|boost\n|-boost|p2a: Blaziken|spe|1\n|upkeep\n|turn|33\n|\n|t:|1698832131\n|move|p2a: Blaziken|Protect|p2a: Blaziken\n|-singleturn|p2a: Blaziken|Protect\n|move|p1a: Ho-Oh|Roar|p2a: Blaziken\n|drag|p2a: Ditto|Ditto|88\/100\n|-damage|p2a: Ditto|76\/100|[from] Stealth Rock\n|-transform|p2a: Ditto|p1a: Ho-Oh|[from] ability: Imposter\n|\n|upkeep\n|turn|34\n|\n|t:|1698832145\n|move|p2a: Ditto|Toxic|p1a: Ho-Oh\n|-status|p1a: Ho-Oh|tox\n|move|p1a: Ho-Oh|Sacred Fire|p2a: Ditto\n|-resisted|p2a: Ditto\n|-damage|p2a: Ditto|57\/100\n|\n|-damage|p1a: Ho-Oh|42\/100 tox|[from] psn\n|upkeep\n|turn|35\n|\n|t:|1698832150\n|switch|p2a: Blaziken|Blaziken, M|76\/100\n|-damage|p2a: Blaziken|64\/100|[from] Stealth Rock\n|switch|p1a: Milotic|Milotic, F|17\/100 brn\n|\n|-damage|p1a: Milotic|11\/100 brn|[from] brn\n|upkeep\n|turn|36\n|\n|t:|1698832154\n|move|p2a: Blaziken|Close Combat|p1a: Milotic\n|-damage|p1a: Milotic|0 fnt\n|-unboost|p2a: Blaziken|def|1\n|-unboost|p2a: Blaziken|spd|1\n|faint|p1a: Milotic\n|\n|-ability|p2a: Blaziken|Speed Boost|boost\n|-boost|p2a: Blaziken|spe|1\n|upkeep\n|\n|t:|1698832158\n|switch|p1a: Ho-Oh|Ho-Oh|75\/100 tox\n|turn|37\n|\n|t:|1698832163\n|move|p2a: Blaziken|Blaze Kick|p1a: Ho-Oh\n|-resisted|p1a: Ho-Oh\n|-damage|p1a: Ho-Oh|62\/100 tox\n|move|p1a: Ho-Oh|Sacred Fire|p2a: Blaziken\n|-resisted|p2a: Blaziken\n|-damage|p2a: Blaziken|12\/100\n|\n|-damage|p1a: Ho-Oh|56\/100 tox|[from] psn\n|-ability|p2a: Blaziken|Speed Boost|boost\n|-boost|p2a: Blaziken|spe|1\n|upkeep\n|turn|38\n|\n|t:|1698832168\n|move|p2a: Blaziken|Protect|p2a: Blaziken\n|-singleturn|p2a: Blaziken|Protect\n|move|p1a: Ho-Oh|Sacred Fire|p2a: Blaziken\n|-activate|p2a: Blaziken|move: Protect\n|\n|-damage|p1a: Ho-Oh|43\/100 tox|[from] psn\n|-ability|p2a: Blaziken|Speed Boost|boost\n|-boost|p2a: Blaziken|spe|1\n|upkeep\n|turn|39\n|\n|t:|1698832178\n|move|p2a: Blaziken|Protect|p2a: Blaziken\n|-singleturn|p2a: Blaziken|Protect\n|move|p1a: Ho-Oh|Sacred Fire|p2a: Blaziken\n|-activate|p2a: Blaziken|move: Protect\n|\n|-damage|p1a: Ho-Oh|24\/100 tox|[from] psn\n|-ability|p2a: Blaziken|Speed Boost|boost\n|-boost|p2a: Blaziken|spe|1\n|upkeep\n|turn|40\n|\n|t:|1698832181\n|move|p2a: Blaziken|Blaze Kick|p1a: Ho-Oh\n|-resisted|p1a: Ho-Oh\n|-damage|p1a: Ho-Oh|12\/100 tox\n|move|p1a: Ho-Oh|Sacred Fire|p2a: Blaziken\n|-resisted|p2a: Blaziken\n|-damage|p2a: Blaziken|0 fnt\n|faint|p2a: Blaziken\n|\n|-damage|p1a: Ho-Oh|0 fnt|[from] psn\n|faint|p1a: Ho-Oh\n|upkeep\n|\n|t:|1698832186\n|switch|p2a: Kangaskhan|Kangaskhan-Mega, F|16\/100 tox\n|switch|p1a: Darkrai|Darkrai|34\/100\n|-damage|p2a: Kangaskhan|3\/100 tox|[from] Stealth Rock\n|turn|41\n|\n|t:|1698832193\n|switch|p1a: Chansey|Chansey, F|81\/100\n|move|p2a: Kangaskhan|Fake Out|p1a: Chansey\n|-damage|p1a: Chansey|67\/100\n|-damage|p1a: Chansey|64\/100\n|-hitcount|p1a: Chansey|2\n|\n|-damage|p2a: Kangaskhan|0 fnt|[from] psn\n|faint|p2a: Kangaskhan\n|upkeep\n|\n|t:|1698832195\n|switch|p2a: Ditto|Ditto|90\/100\n|-damage|p2a: Ditto|78\/100|[from] Stealth Rock\n|-transform|p2a: Ditto|p1a: Chansey|[from] ability: Imposter\n|turn|42\n|\n|t:|1698832201\n|move|p2a: Ditto|Seismic Toss|p1a: Chansey\n|-damage|p1a: Chansey|49\/100\n|move|p1a: Chansey|Toxic|p2a: Ditto\n|-status|p2a: Ditto|tox\n|\n|-damage|p2a: Ditto|72\/100 tox|[from] psn\n|upkeep\n|turn|43\n|\n|t:|1698832204\n|-terastallize|p2a: Ditto|Normal\n|move|p2a: Ditto|Seismic Toss|p1a: Chansey\n|-damage|p1a: Chansey|35\/100\n|move|p1a: Chansey|Seismic Toss|p2a: Ditto\n|-damage|p2a: Ditto|38\/100 tox\n|\n|-damage|p2a: Ditto|26\/100 tox|[from] psn\n|upkeep\n|turn|44\n|\n|t:|1698832206\n|move|p2a: Ditto|Seismic Toss|p1a: Chansey\n|-damage|p1a: Chansey|21\/100\n|move|p1a: Chansey|Wish|p1a: Chansey\n|\n|-damage|p2a: Ditto|8\/100 tox|[from] psn\n|upkeep\n|turn|45\n|\n|t:|1698832209\n|move|p2a: Ditto|Seismic Toss|p1a: Chansey\n|-damage|p1a: Chansey|7\/100\n|move|p1a: Chansey|Seismic Toss|p2a: Ditto\n|-damage|p2a: Ditto|0 fnt\n|faint|p2a: Ditto\n|\n|win|poipolok\n|raw|poipolok's rating: 1257 &rarr; <strong>1287<\/strong><br \/>(+30 for winning)\n|raw|Lololosh's rating: 1323 &rarr; <strong>1299<\/strong><br \/>(-24 for losing)\n","uploadtime":1698832213,"views":13,"p1id":"poipolok","p2id":"lololosh","formatid":"gen9nationaldexubers","rating":1287,"private":0,"password":""}