{"id":"gen9nationaldexubers-1989675136","p1":"KarmaKazama0","p2":"pep014","format":"[Gen 9] National Dex Ubers","log":"|j|\u2606KarmaKazama0\n|j|\u2606pep014\n|t:|1699885746\n|gametype|singles\n|player|p1|KarmaKazama0|266|1423\n|player|p2|pep014|waiter-gen4dp|1448\n|teamsize|p1|6\n|teamsize|p2|6\n|gen|9\n|tier|[Gen 9] National Dex Ubers\n|rated|\n|rule|HP Percentage Mod: HP is shown in percentages\n|rule|Endless Battle Clause: Forcing endless battles is banned\n|rule|OHKO Clause: OHKO moves are banned\n|rule|Evasion Moves Clause: Evasion moves are banned\n|rule|Evasion Items Clause: Evasion items are banned\n|rule|Species Clause: Limit one of each Pok\u00e9mon\n|rule|Sleep Clause Mod: Limit one foe put to sleep\n|rule|Mega Rayquaza Clause: You cannot mega evolve Rayquaza\n|clearpoke\n|poke|p1|Groudon|\n|poke|p1|Zygarde|\n|poke|p1|Arceus-Water|\n|poke|p1|Magearna|\n|poke|p1|Yveltal|\n|poke|p1|Necrozma-Dusk-Mane|\n|poke|p2|Groudon|\n|poke|p2|Zygarde|\n|poke|p2|Mewtwo|\n|poke|p2|Kangaskhan, F|\n|poke|p2|Annihilape, F|\n|poke|p2|Regieleki|\n|teampreview\n|inactive|Battle timer is ON: inactive players will automatically lose when time's up. (requested by pep014)\n|\n|t:|1699885755\n|start\n|switch|p1a: Zygarde|Zygarde|100\/100\n|switch|p2a: Annihilape|Annihilape, F|100\/100\n|turn|1\n|\n|t:|1699885773\n|switch|p1a: Magearna|Magearna|100\/100\n|move|p2a: Annihilape|Taunt|p1a: Magearna\n|-start|p1a: Magearna|move: Taunt\n|\n|upkeep\n|turn|2\n|\n|t:|1699885779\n|move|p2a: Annihilape|Stealth Rock|p1a: Magearna\n|-sidestart|p1: KarmaKazama0|move: Stealth Rock\n|move|p1a: Magearna|Fleur Cannon|p2a: Annihilape\n|-supereffective|p2a: Annihilape\n|-enditem|p2a: Annihilape|Focus Sash\n|-damage|p2a: Annihilape|1\/100\n|-unboost|p1a: Magearna|spa|2\n|\n|upkeep\n|turn|3\n|\n|t:|1699885785\n|move|p2a: Annihilape|Close Combat|p1a: Magearna\n|-damage|p1a: Magearna|56\/100\n|-unboost|p2a: Annihilape|def|1\n|-unboost|p2a: Annihilape|spd|1\n|move|p1a: Magearna|Volt Switch|p2a: Annihilape\n|-damage|p2a: Annihilape|0 fnt\n|faint|p2a: Annihilape\n|-ability|p1a: Magearna|Soul-Heart|boost\n|-boost|p1a: Magearna|spa|1\n|\n|t:|1699885790\n|switch|p1a: Arceus|Arceus-Water|100\/100|[from] Volt Switch\n|-damage|p1a: Arceus|88\/100|[from] Stealth Rock\n|\n|upkeep\n|\n|t:|1699885799\n|switch|p2a: Groudon|Groudon|100\/100\n|detailschange|p2a: Groudon|Groudon-Primal\n|-primal|p2a: Groudon|Red Orb\n|-weather|DesolateLand|[from] ability: Desolate Land|[of] p2a: Groudon\n|turn|4\n|\n|t:|1699885805\n|move|p1a: Arceus|Defog|p2a: Groudon\n|-unboost|p2a: Groudon|evasion|1\n|-sideend|p1: KarmaKazama0|Stealth Rock|[from] move: Defog|[of] p1a: Arceus\n|move|p2a: Groudon|Rock Polish|p2a: Groudon\n|-boost|p2a: Groudon|spe|2\n|\n|-weather|DesolateLand|[upkeep]\n|upkeep\n|turn|5\n|\n|t:|1699885809\n|move|p2a: Groudon|Precipice Blades|p1a: Arceus\n|-damage|p1a: Arceus|40\/100\n|move|p1a: Arceus|Toxic|p2a: Groudon\n|-status|p2a: Groudon|tox\n|\n|-weather|DesolateLand|[upkeep]\n|-damage|p2a: Groudon|94\/100 tox|[from] psn\n|upkeep\n|turn|6\n|\n|t:|1699885825\n|switch|p1a: Yveltal|Yveltal|100\/100\n|-ability|p1a: Yveltal|Dark Aura\n|move|p2a: Groudon|Precipice Blades|p1a: Yveltal\n|-immune|p1a: Yveltal\n|\n|-weather|DesolateLand|[upkeep]\n|-damage|p2a: Groudon|82\/100 tox|[from] psn\n|upkeep\n|turn|7\n|\n|t:|1699885829\n|move|p2a: Groudon|Fire Punch|p1a: Yveltal\n|-damage|p1a: Yveltal|41\/100\n|move|p1a: Yveltal|Foul Play|p2a: Groudon\n|-damage|p2a: Groudon|23\/100 tox\n|\n|-weather|DesolateLand|[upkeep]\n|-damage|p2a: Groudon|5\/100 tox|[from] psn\n|upkeep\n|turn|8\n|\n|t:|1699885843\n|switch|p1a: Magearna|Magearna|56\/100\n|move|p2a: Groudon|Precipice Blades|p1a: Magearna|[miss]\n|-miss|p2a: Groudon|p1a: Magearna\n|\n|-weather|DesolateLand|[upkeep]\n|-damage|p2a: Groudon|0 fnt|[from] psn\n|faint|p2a: Groudon\n|-ability|p1a: Magearna|Soul-Heart|boost\n|-boost|p1a: Magearna|spa|1\n|-weather|none\n|upkeep\n|\n|t:|1699885852\n|switch|p2a: Kangaskhan|Kangaskhan, F|100\/100\n|turn|9\n|\n|t:|1699885859\n|detailschange|p2a: Kangaskhan|Kangaskhan-Mega, F\n|-mega|p2a: Kangaskhan|Kangaskhan|Kangaskhanite\n|move|p2a: Kangaskhan|Fake Out|p1a: Magearna\n|-resisted|p1a: Magearna\n|-damage|p1a: Magearna|47\/100\n|-resisted|p1a: Magearna\n|-damage|p1a: Magearna|45\/100\n|-hitcount|p1a: Magearna|2\n|cant|p1a: Magearna|flinch\n|\n|upkeep\n|turn|10\n|\n|t:|1699885864\n|move|p2a: Kangaskhan|Earthquake|p1a: Magearna\n|-supereffective|p1a: Magearna\n|-crit|p1a: Magearna\n|-damage|p1a: Magearna|0 fnt\n|faint|p1a: Magearna\n|-hitcount|p1: Magearna|1\n|\n|upkeep\n|\n|t:|1699885871\n|switch|p1a: Arceus|Arceus-Water|40\/100\n|turn|11\n|\n|t:|1699885875\n|move|p1a: Arceus|Recover|p1a: Arceus\n|-heal|p1a: Arceus|91\/100\n|move|p2a: Kangaskhan|Seismic Toss|p1a: Arceus\n|-damage|p1a: Arceus|68\/100\n|-damage|p1a: Arceus|45\/100\n|-hitcount|p1a: Arceus|2\n|\n|upkeep\n|turn|12\n|\n|t:|1699885880\n|move|p1a: Arceus|Toxic|p2a: Kangaskhan\n|-status|p2a: Kangaskhan|tox\n|move|p2a: Kangaskhan|Seismic Toss|p1a: Arceus\n|-damage|p1a: Arceus|23\/100\n|-damage|p1a: Arceus|0 fnt\n|faint|p1a: Arceus\n|-hitcount|p1: Arceus|2\n|\n|-damage|p2a: Kangaskhan|94\/100 tox|[from] psn\n|upkeep\n|\n|t:|1699885883\n|switch|p1a: Yveltal|Yveltal|41\/100\n|-ability|p1a: Yveltal|Dark Aura\n|turn|13\n|\n|t:|1699885885\n|move|p1a: Yveltal|Roost|p1a: Yveltal\n|-heal|p1a: Yveltal|91\/100\n|-singleturn|p1a: Yveltal|move: Roost\n|move|p2a: Kangaskhan|Seismic Toss|p1a: Yveltal\n|-damage|p1a: Yveltal|69\/100\n|-damage|p1a: Yveltal|47\/100\n|-hitcount|p1a: Yveltal|2\n|\n|-damage|p2a: Kangaskhan|82\/100 tox|[from] psn\n|upkeep\n|turn|14\n|\n|t:|1699885895\n|switch|p2a: Regieleki|Regieleki|100\/100\n|-terastallize|p1a: Yveltal|Ghost\n|move|p1a: Yveltal|Roost|p1a: Yveltal\n|-heal|p1a: Yveltal|97\/100\n|\n|upkeep\n|turn|15\n|\n|t:|1699885902\n|move|p2a: Regieleki|Thunderbolt|p1a: Yveltal\n|-damage|p1a: Yveltal|51\/100\n|move|p1a: Yveltal|Toxic|p2a: Regieleki\n|-status|p2a: Regieleki|tox\n|\n|-damage|p2a: Regieleki|95\/100 tox|[from] psn\n|upkeep\n|turn|16\n|\n|t:|1699885909\n|switch|p1a: Groudon|Groudon|100\/100\n|detailschange|p1a: Groudon|Groudon-Primal\n|-primal|p1a: Groudon|Red Orb\n|-weather|DesolateLand|[from] ability: Desolate Land|[of] p1a: Groudon\n|move|p2a: Regieleki|Volt Switch|p1a: Groudon\n|-immune|p1a: Groudon\n|\n|-weather|DesolateLand|[upkeep]\n|-damage|p2a: Regieleki|83\/100 tox|[from] psn\n|upkeep\n|turn|17\n|\n|t:|1699885913\n|switch|p2a: Kangaskhan|Kangaskhan-Mega, F|82\/100 tox\n|move|p1a: Groudon|Stealth Rock|p2a: Kangaskhan\n|-sidestart|p2: pep014|move: Stealth Rock\n|\n|-weather|DesolateLand|[upkeep]\n|-damage|p2a: Kangaskhan|76\/100 tox|[from] psn\n|upkeep\n|turn|18\n|\n|t:|1699885918\n|move|p2a: Kangaskhan|Fake Out|p1a: Groudon\n|-damage|p1a: Groudon|88\/100\n|-damage|p1a: Groudon|85\/100\n|-hitcount|p1a: Groudon|2\n|cant|p1a: Groudon|flinch\n|\n|-weather|DesolateLand|[upkeep]\n|-damage|p2a: Kangaskhan|64\/100 tox|[from] psn\n|upkeep\n|turn|19\n|\n|t:|1699885922\n|move|p2a: Kangaskhan|Earthquake|p1a: Groudon\n|-supereffective|p1a: Groudon\n|-damage|p1a: Groudon|43\/100\n|-supereffective|p1a: Groudon\n|-damage|p1a: Groudon|32\/100\n|-hitcount|p1a: Groudon|2\n|move|p1a: Groudon|Precipice Blades|p2a: Kangaskhan|[miss]\n|-miss|p1a: Groudon|p2a: Kangaskhan\n|\n|-weather|DesolateLand|[upkeep]\n|-damage|p2a: Kangaskhan|46\/100 tox|[from] psn\n|upkeep\n|turn|20\n|\n|t:|1699885930\n|-weather|none\n|switch|p1a: Yveltal|Yveltal, tera:Ghost|51\/100\n|-ability|p1a: Yveltal|Dark Aura\n|move|p2a: Kangaskhan|Seismic Toss|p1a: Yveltal\n|-immune|p1a: Yveltal\n|\n|-damage|p2a: Kangaskhan|22\/100 tox|[from] psn\n|upkeep\n|turn|21\n|\n|t:|1699885936\n|move|p1a: Yveltal|Roost|p1a: Yveltal\n|-heal|p1a: Yveltal|100\/100\n|move|p2a: Kangaskhan|Earthquake|p1a: Yveltal\n|-damage|p1a: Yveltal|72\/100\n|-damage|p1a: Yveltal|65\/100\n|-hitcount|p1a: Yveltal|2\n|\n|-damage|p2a: Kangaskhan|0 fnt|[from] psn\n|faint|p2a: Kangaskhan\n|upkeep\n|\n|t:|1699885942\n|switch|p2a: Zygarde|Zygarde|100\/100\n|-damage|p2a: Zygarde|94\/100|[from] Stealth Rock\n|turn|22\n|\n|t:|1699885947\n|-terastallize|p2a: Zygarde|Steel\n|move|p1a: Yveltal|Toxic|p2a: Zygarde\n|-immune|p2a: Zygarde\n|move|p2a: Zygarde|Coil|p2a: Zygarde\n|-boost|p2a: Zygarde|atk|1\n|-boost|p2a: Zygarde|def|1\n|-boost|p2a: Zygarde|accuracy|1\n|\n|upkeep\n|turn|23\n|\n|t:|1699885954\n|move|p1a: Yveltal|Taunt|p2a: Zygarde\n|-start|p2a: Zygarde|move: Taunt\n|move|p2a: Zygarde|Scale Shot|p1a: Yveltal\n|-damage|p1a: Yveltal|51\/100\n|-damage|p1a: Yveltal|37\/100\n|-hitcount|p1a: Yveltal|2\n|-unboost|p2a: Zygarde|def|1\n|-boost|p2a: Zygarde|spe|1\n|\n|upkeep\n|turn|24\n|\n|t:|1699885970\n|move|p2a: Zygarde|Scale Shot|p1a: Yveltal\n|-damage|p1a: Yveltal|24\/100\n|-damage|p1a: Yveltal|11\/100\n|-hitcount|p1a: Yveltal|2\n|-unboost|p2a: Zygarde|def|1\n|-boost|p2a: Zygarde|spe|1\n|move|p1a: Yveltal|Foul Play|p2a: Zygarde\n|-damage|p2a: Zygarde|0 fnt\n|faint|p2a: Zygarde\n|\n|upkeep\n|-message|pep014 forfeited.\n|\n|win|KarmaKazama0\n|raw|KarmaKazama0's rating: 1423 &rarr; <strong>1444<\/strong><br \/>(+21 for winning)\n|raw|pep014's rating: 1448 &rarr; <strong>1427<\/strong><br \/>(-21 for losing)\n|l|\u2606pep014\n","uploadtime":1699885986,"views":6,"p1id":"karmakazama0","p2id":"pep014","formatid":"gen9nationaldexubers","rating":1427,"private":0,"password":""}