{"id":"gen9nationaldexubers-1993408504","p1":"ryan_farhan","p2":"Parth531","format":"[Gen 9] National Dex Ubers","log":"|j|\u2606ryan_farhan\n|j|\u2606Parth531\n|t:|1700313859\n|gametype|singles\n|player|p1|ryan_farhan|102|1201\n|player|p2|Parth531|2|1140\n|teamsize|p1|6\n|teamsize|p2|6\n|gen|9\n|tier|[Gen 9] National Dex Ubers\n|rated|\n|rule|HP Percentage Mod: HP is shown in percentages\n|rule|Endless Battle Clause: Forcing endless battles is banned\n|rule|OHKO Clause: OHKO moves are banned\n|rule|Evasion Moves Clause: Evasion moves are banned\n|rule|Evasion Items Clause: Evasion items are banned\n|rule|Species Clause: Limit one of each Pok\u00e9mon\n|rule|Sleep Clause Mod: Limit one foe put to sleep\n|rule|Mega Rayquaza Clause: You cannot mega evolve Rayquaza\n|clearpoke\n|poke|p1|Pikachu, M|\n|poke|p1|Lucario, M|\n|poke|p1|Dragonite, F|\n|poke|p1|Gengar, M|\n|poke|p1|Sirfetch\u2019d, M|\n|poke|p1|Dracovish|\n|poke|p2|Glimmora, F|\n|poke|p2|Mew|\n|poke|p2|Marshadow|\n|poke|p2|Arceus|\n|poke|p2|Giratina|\n|poke|p2|Xerneas-*|\n|teampreview\n|inactive|Battle timer is ON: inactive players will automatically lose when time's up. (requested by Parth531)\n|\n|t:|1700313878\n|start\n|switch|p1a: Sirfetch\u2019d|Sirfetch\u2019d, M|100\/100\n|switch|p2a: Battle Setup|Glimmora, F|100\/100\n|turn|1\n|\n|t:|1700313899\n|move|p2a: Battle Setup|Stealth Rock|p1a: Sirfetch\u2019d\n|-sidestart|p1: ryan_farhan|move: Stealth Rock\n|move|p1a: Sirfetch\u2019d|Knock Off|p2a: Battle Setup\n|-crit|p2a: Battle Setup\n|-damage|p2a: Battle Setup|39\/100\n|-activate|p2a: Battle Setup|ability: Toxic Debris\n|-sidestart|p1: ryan_farhan|move: Toxic Spikes\n|-enditem|p2a: Battle Setup|Focus Sash|[from] move: Knock Off|[of] p1a: Sirfetch\u2019d\n|\n|upkeep\n|turn|2\n|inactive|Parth531 has 120 seconds left.\n|\n|t:|1700313922\n|-terastallize|p2a: Battle Setup|Flying\n|move|p2a: Battle Setup|Sludge Bomb|p1a: Sirfetch\u2019d\n|-damage|p1a: Sirfetch\u2019d|42\/100\n|-status|p1a: Sirfetch\u2019d|psn\n|move|p1a: Sirfetch\u2019d|Defog|p2a: Battle Setup\n|-unboost|p2a: Battle Setup|evasion|1\n|-sideend|p1: ryan_farhan|Toxic Spikes|[from] move: Defog|[of] p1a: Sirfetch\u2019d\n|-sideend|p1: ryan_farhan|Stealth Rock|[from] move: Defog|[of] p1a: Sirfetch\u2019d\n|\n|-damage|p1a: Sirfetch\u2019d|29\/100 psn|[from] psn\n|upkeep\n|turn|3\n|inactive|Parth531 has 120 seconds left.\n|\n|t:|1700313942\n|move|p2a: Battle Setup|Sludge Bomb|p1a: Sirfetch\u2019d\n|-damage|p1a: Sirfetch\u2019d|0 fnt\n|faint|p1a: Sirfetch\u2019d\n|\n|upkeep\n|\n|t:|1700313947\n|switch|p1a: Pikachu|Pikachu, M|100\/100\n|turn|4\n|\n|t:|1700313950\n|move|p1a: Pikachu|Thunderbolt|p2a: Battle Setup\n|-supereffective|p2a: Battle Setup\n|-damage|p2a: Battle Setup|0 fnt\n|faint|p2a: Battle Setup\n|\n|upkeep\n|inactive|Parth531 has 120 seconds left.\n|\n|t:|1700313982\n|switch|p2a: Tank\/Stall|Giratina|100\/100\n|-ability|p2a: Tank\/Stall|Pressure\n|turn|5\n|\n|t:|1700314008\n|move|p1a: Pikachu|Nuzzle|p2a: Tank\/Stall\n|-resisted|p2a: Tank\/Stall\n|-damage|p2a: Tank\/Stall|99\/100\n|-status|p2a: Tank\/Stall|par\n|cant|p2a: Tank\/Stall|par\n|\n|-heal|p2a: Tank\/Stall|100\/100 par|[from] item: Leftovers\n|upkeep\n|turn|6\n|c|\u2606ryan_farhan|Why would you nickname them tank\n|c|\u2606ryan_farhan|it makes them predictable\n|\n|t:|1700314029\n|switch|p1a: Dragonite|Dragonite, F|100\/100\n|move|p2a: Tank\/Stall|Shadow Sneak|p1a: Dragonite\n|-damage|p1a: Dragonite|95\/100\n|\n|upkeep\n|turn|7\n|c|\u2606Parth531|isk\n|\n|t:|1700314042\n|move|p1a: Dragonite|Dragon Dance|p1a: Dragonite\n|-boost|p1a: Dragonite|atk|1\n|-boost|p1a: Dragonite|spe|1\n|move|p2a: Tank\/Stall|Will-O-Wisp|p1a: Dragonite\n|-status|p1a: Dragonite|brn\n|\n|-damage|p1a: Dragonite|88\/100 brn|[from] brn\n|upkeep\n|turn|8\n|\n|t:|1700314050\n|move|p1a: Dragonite|Dragon Dance|p1a: Dragonite\n|-boost|p1a: Dragonite|atk|1\n|-boost|p1a: Dragonite|spe|1\n|move|p2a: Tank\/Stall|Roar|p1a: Dragonite\n|drag|p1a: Gengar|Gengar, M|100\/100\n|\n|upkeep\n|turn|9\n|\n|t:|1700314058\n|move|p1a: Gengar|Shadow Ball|p2a: Tank\/Stall\n|-supereffective|p2a: Tank\/Stall\n|-damage|p2a: Tank\/Stall|52\/100 par\n|move|p2a: Tank\/Stall|Will-O-Wisp|p1a: Gengar\n|-status|p1a: Gengar|brn\n|\n|-heal|p2a: Tank\/Stall|59\/100 par|[from] item: Leftovers\n|-damage|p1a: Gengar|94\/100 brn|[from] brn\n|upkeep\n|turn|10\n|inactive|Parth531 has 120 seconds left.\n|\n|t:|1700314068\n|move|p1a: Gengar|Shadow Ball|p2a: Tank\/Stall\n|-supereffective|p2a: Tank\/Stall\n|-damage|p2a: Tank\/Stall|7\/100 par\n|move|p2a: Tank\/Stall|Roar|p1a: Gengar\n|drag|p1a: Dracovish|Dracovish|100\/100\n|\n|-heal|p2a: Tank\/Stall|13\/100 par|[from] item: Leftovers\n|upkeep\n|turn|11\n|\n|t:|1700314077\n|move|p1a: Dracovish|Fishious Rend|p2a: Tank\/Stall\n|-resisted|p2a: Tank\/Stall\n|-damage|p2a: Tank\/Stall|0 fnt\n|faint|p2a: Tank\/Stall\n|\n|upkeep\n|inactive|Parth531 has 120 seconds left.\n|\n|t:|1700314089\n|switch|p2a: Sweeper 2|Xerneas|100\/100\n|-ability|p2a: Sweeper 2|Fairy Aura\n|turn|12\n|\n|t:|1700314096\n|move|p2a: Sweeper 2|Draining Kiss|p1a: Dracovish\n|-supereffective|p1a: Dracovish\n|-damage|p1a: Dracovish|0 fnt\n|faint|p1a: Dracovish\n|\n|upkeep\n|\n|t:|1700314101\n|switch|p1a: Lucario|Lucario, M|100\/100\n|turn|13\n|\n|t:|1700314105\n|detailschange|p1a: Lucario|Lucario-Mega, M\n|-mega|p1a: Lucario|Lucario|Lucarionite\n|move|p1a: Lucario|Steel Beam|p2a: Sweeper 2\n|-supereffective|p2a: Sweeper 2\n|-damage|p2a: Sweeper 2|0 fnt\n|-damage|p1a: Lucario|50\/100|[from] steelbeam\n|faint|p2a: Sweeper 2\n|\n|upkeep\n|\n|t:|1700314125\n|switch|p2a: Boost Stopper|Marshadow|100\/100\n|turn|14\n|\n|t:|1700314149\n|switch|p1a: Dragonite|Dragonite, F|88\/100 brn\n|move|p2a: Boost Stopper|Force Palm|p1a: Dragonite\n|-resisted|p1a: Dragonite\n|-damage|p1a: Dragonite|69\/100 brn\n|\n|-damage|p1a: Dragonite|63\/100 brn|[from] brn\n|upkeep\n|turn|15\n|\n|t:|1700314160\n|-zpower|p2a: Boost Stopper\n|move|p2a: Boost Stopper|Soul-Stealing 7-Star Strike|p1a: Dragonite|[zeffect]\n|-damage|p1a: Dragonite|0 fnt\n|faint|p1a: Dragonite\n|\n|upkeep\n|\n|t:|1700314171\n|switch|p1a: Gengar|Gengar, M|94\/100 brn\n|turn|16\n|\n|t:|1700314177\n|-terastallize|p1a: Gengar|Normal\n|move|p2a: Boost Stopper|Rock Tomb|p1a: Gengar\n|-damage|p1a: Gengar|34\/100 brn\n|-unboost|p1a: Gengar|spe|1\n|move|p1a: Gengar|Shadow Ball|p2a: Boost Stopper\n|-supereffective|p2a: Boost Stopper\n|-damage|p2a: Boost Stopper|0 fnt\n|faint|p2a: Boost Stopper\n|\n|-damage|p1a: Gengar|28\/100 brn|[from] brn\n|upkeep\n|\n|t:|1700314190\n|switch|p2a: Sweeper 1|Arceus|100\/100\n|turn|17\n|\n|t:|1700314195\n|move|p2a: Sweeper 1|Shadow Claw|p1a: Gengar\n|-immune|p1a: Gengar\n|move|p1a: Gengar|Sludge Bomb|p2a: Sweeper 1\n|-damage|p2a: Sweeper 1|64\/100\n|\n|-heal|p2a: Sweeper 1|70\/100|[from] item: Leftovers\n|-damage|p1a: Gengar|21\/100 brn|[from] brn\n|upkeep\n|turn|18\n|\n|t:|1700314213\n|move|p2a: Sweeper 1|Extreme Speed|p1a: Gengar\n|-damage|p1a: Gengar|0 fnt\n|faint|p1a: Gengar\n|\n|-heal|p2a: Sweeper 1|76\/100|[from] item: Leftovers\n|upkeep\n|\n|t:|1700314221\n|switch|p1a: Lucario|Lucario-Mega, M|50\/100\n|turn|19\n|\n|t:|1700314229\n|move|p2a: Sweeper 1|Shadow Claw|p1a: Lucario\n|-damage|p1a: Lucario|17\/100\n|move|p1a: Lucario|Aura Sphere|p2a: Sweeper 1\n|-supereffective|p2a: Sweeper 1\n|-damage|p2a: Sweeper 1|0 fnt\n|faint|p2a: Sweeper 1\n|\n|upkeep\n|\n|t:|1700314236\n|switch|p2a: Support|Mew|100\/100\n|turn|20\n|\n|t:|1700314263\n|move|p1a: Lucario|Steel Beam|p2a: Support\n|-crit|p2a: Support\n|-damage|p2a: Support|0 fnt\n|-damage|p1a: Lucario|0 fnt|[from] steelbeam\n|faint|p1a: Lucario\n|faint|p2a: Support\n|\n|win|ryan_farhan\n|raw|ryan_farhan's rating: 1201 &rarr; <strong>1222<\/strong><br \/>(+21 for winning)\n|raw|Parth531's rating: 1140 &rarr; <strong>1119<\/strong><br \/>(-21 for losing)\n|l|\u2606Parth531\n","uploadtime":1700314279,"views":6,"p1id":"ryanfarhan","p2id":"parth531","formatid":"gen9nationaldexubers","rating":1119,"private":0,"password":""}