{"id":"gen9nationaldexubers-1983798136","p1":"letch","p2":"Soyeon is a cutie","format":"[Gen 9] National Dex Ubers","log":"|j|\u2606letch\n|j|\u2606Soyeon is a cutie\n|t:|1699183108\n|gametype|singles\n|player|p1|letch|wallace|1531\n|player|p2|Soyeon is a cutie|idol|1726\n|teamsize|p1|6\n|teamsize|p2|6\n|gen|9\n|tier|[Gen 9] National Dex Ubers\n|rated|\n|rule|HP Percentage Mod: HP is shown in percentages\n|rule|Endless Battle Clause: Forcing endless battles is banned\n|rule|OHKO Clause: OHKO moves are banned\n|rule|Evasion Moves Clause: Evasion moves are banned\n|rule|Evasion Items Clause: Evasion items are banned\n|rule|Species Clause: Limit one of each Pok\u00e9mon\n|rule|Sleep Clause Mod: Limit one foe put to sleep\n|rule|Mega Rayquaza Clause: You cannot mega evolve Rayquaza\n|clearpoke\n|poke|p1|Yveltal|\n|poke|p1|Marshadow|\n|poke|p1|Mewtwo|\n|poke|p1|Groudon|\n|poke|p1|Necrozma-Dusk-Mane|\n|poke|p1|Xerneas-*|\n|poke|p2|Arceus-Fairy|\n|poke|p2|Kingambit, M|\n|poke|p2|Ditto|\n|poke|p2|Urshifu-*, M|\n|poke|p2|Lunala|\n|poke|p2|Necrozma-Dusk-Mane|\n|teampreview\n|inactive|Battle timer is ON: inactive players will automatically lose when time's up. (requested by Soyeon is a cutie)\n|\n|t:|1699183115\n|start\n|switch|p1a: Mewtwo|Mewtwo|100\/100\n|switch|p2a: Necrozma|Necrozma-Dusk-Mane, shiny|100\/100\n|-ability|p1a: Mewtwo|Pressure\n|turn|1\n|\n|t:|1699183119\n|move|p1a: Mewtwo|Nasty Plot|p1a: Mewtwo\n|-boost|p1a: Mewtwo|spa|2\n|move|p2a: Necrozma|Stealth Rock|p1a: Mewtwo\n|-sidestart|p1: letch|move: Stealth Rock\n|\n|upkeep\n|turn|2\n|\n|t:|1699183144\n|detailschange|p2a: Necrozma|Necrozma-Ultra, shiny\n|-burst|p2a: Necrozma|Necrozma|Ultranecrozium Z\n|move|p2a: Necrozma|Dragon Pulse|p1a: Mewtwo\n|-damage|p1a: Mewtwo|47\/100\n|move|p1a: Mewtwo|Fire Blast|p2a: Necrozma\n|-resisted|p2a: Necrozma\n|-damage|p2a: Necrozma|41\/100\n|\n|upkeep\n|turn|3\n|\n|t:|1699183171\n|switch|p1a: Xerneas|Xerneas|100\/100\n|-damage|p1a: Xerneas|88\/100|[from] Stealth Rock\n|-ability|p1a: Xerneas|Fairy Aura\n|move|p2a: Necrozma|Dragon Pulse|p1a: Xerneas\n|-immune|p1a: Xerneas\n|\n|upkeep\n|turn|4\n|\n|t:|1699183183\n|-zpower|p2a: Necrozma\n|move|p2a: Necrozma|Light That Burns the Sky|p1a: Xerneas|[zeffect]\n|-damage|p1a: Xerneas|0 fnt\n|faint|p1a: Xerneas\n|\n|upkeep\n|\n|t:|1699183187\n|switch|p1a: Yveltal|Yveltal, shiny|100\/100\n|-damage|p1a: Yveltal|76\/100|[from] Stealth Rock\n|-ability|p1a: Yveltal|Dark Aura\n|turn|5\n|\n|t:|1699183191\n|switch|p2a: Arceus|Arceus-Fairy|100\/100\n|move|p1a: Yveltal|Defog|p2a: Arceus\n|-unboost|p2a: Arceus|evasion|1\n|-sideend|p1: letch|Stealth Rock|[from] move: Defog|[of] p1a: Yveltal\n|\n|upkeep\n|turn|6\n|\n|t:|1699183197\n|switch|p1a: Necrozma|Necrozma-Dusk-Mane|100\/100\n|move|p2a: Arceus|Judgment|p1a: Necrozma\n|-resisted|p1a: Necrozma\n|-damage|p1a: Necrozma|82\/100\n|\n|upkeep\n|turn|7\n|\n|t:|1699183204\n|switch|p2a: Urshifu|Urshifu, M|100\/100\n|move|p1a: Necrozma|Trick Room|p1a: Necrozma\n|-fieldstart|move: Trick Room|[of] p1a: Necrozma\n|\n|upkeep\n|turn|8\n|\n|t:|1699183215\n|move|p1a: Necrozma|Sunsteel Strike|p2a: Urshifu\n|-damage|p2a: Urshifu|39\/100\n|move|p2a: Urshifu|Wicked Blow|p1a: Necrozma\n|-supereffective|p1a: Necrozma\n|-crit|p1a: Necrozma\n|-damage|p1a: Necrozma|8\/100\n|-enditem|p1a: Necrozma|Weakness Policy\n|-boost|p1a: Necrozma|atk|2|[from] item: Weakness Policy\n|-boost|p1a: Necrozma|spa|2|[from] item: Weakness Policy\n|-damage|p2a: Urshifu|29\/100|[from] item: Life Orb\n|\n|upkeep\n|turn|9\n|\n|t:|1699183221\n|move|p2a: Urshifu|Sucker Punch|p1a: Necrozma\n|-supereffective|p1a: Necrozma\n|-damage|p1a: Necrozma|0 fnt\n|faint|p1a: Necrozma\n|-damage|p2a: Urshifu|19\/100|[from] item: Life Orb\n|\n|upkeep\n|\n|t:|1699183231\n|switch|p1a: Marshadow|Marshadow|100\/100\n|turn|10\n|\n|t:|1699183235\n|-terastallize|p1a: Marshadow|Ghost\n|move|p1a: Marshadow|Shadow Sneak|p2a: Urshifu\n|-resisted|p2a: Urshifu\n|-damage|p2a: Urshifu|0 fnt\n|faint|p2a: Urshifu\n|-damage|p1a: Marshadow|91\/100|[from] item: Life Orb\n|\n|upkeep\n|\n|t:|1699183244\n|switch|p2a: Kingambit|Kingambit, M|100\/100\n|-activate|p2a: Kingambit|ability: Supreme Overlord\n|-start|p2a: Kingambit|fallen1|[silent]\n|turn|11\n|\n|t:|1699183250\n|move|p2a: Kingambit|Knock Off|p1a: Marshadow\n|-supereffective|p1a: Marshadow\n|-damage|p1a: Marshadow|0 fnt\n|-enditem|p1a: Marshadow|Life Orb|[from] move: Knock Off|[of] p2a: Kingambit\n|faint|p1a: Marshadow\n|\n|-fieldend|move: Trick Room\n|upkeep\n|\n|t:|1699183256\n|switch|p1a: Groudon|Groudon, shiny|100\/100\n|detailschange|p1a: Groudon|Groudon-Primal, shiny\n|-primal|p1a: Groudon|Red Orb\n|-weather|DesolateLand|[from] ability: Desolate Land|[of] p1a: Groudon\n|turn|12\n|\n|t:|1699183266\n|move|p1a: Groudon|Earthquake|p2a: Kingambit\n|-supereffective|p2a: Kingambit\n|-damage|p2a: Kingambit|0 fnt\n|faint|p2a: Kingambit\n|-end|p2a: Kingambit|fallen1|[silent]\n|\n|-weather|DesolateLand|[upkeep]\n|upkeep\n|\n|t:|1699183273\n|switch|p2a: Necrozma|Necrozma-Ultra, shiny|41\/100\n|turn|13\n|\n|t:|1699183277\n|-weather|none\n|switch|p1a: Yveltal|Yveltal, shiny|76\/100\n|-ability|p1a: Yveltal|Dark Aura\n|move|p2a: Necrozma|Earth Power|p1a: Yveltal\n|-immune|p1a: Yveltal\n|\n|upkeep\n|turn|14\n|\n|t:|1699183288\n|switch|p2a: Arceus|Arceus-Fairy|100\/100\n|move|p1a: Yveltal|Oblivion Wing|p2a: Arceus\n|-damage|p2a: Arceus|71\/100\n|-heal|p1a: Yveltal|100\/100|[from] drain|[of] p2a: Arceus\n|\n|upkeep\n|turn|15\n|\n|t:|1699183298\n|move|p1a: Yveltal|Oblivion Wing|p2a: Arceus\n|-damage|p2a: Arceus|38\/100\n|move|p2a: Arceus|Toxic|p1a: Yveltal|[miss]\n|-miss|p2a: Arceus|p1a: Yveltal\n|\n|upkeep\n|turn|16\n|\n|t:|1699183303\n|move|p1a: Yveltal|Oblivion Wing|p2a: Arceus\n|-damage|p2a: Arceus|7\/100\n|move|p2a: Arceus|Recover|p2a: Arceus\n|-heal|p2a: Arceus|57\/100\n|\n|upkeep\n|turn|17\n|\n|t:|1699183309\n|move|p1a: Yveltal|Oblivion Wing|p2a: Arceus\n|-damage|p2a: Arceus|25\/100\n|move|p2a: Arceus|Recover|p2a: Arceus\n|-heal|p2a: Arceus|75\/100\n|\n|upkeep\n|turn|18\n|\n|t:|1699183314\n|switch|p1a: Groudon|Groudon-Primal, shiny|100\/100\n|-weather|DesolateLand|[from] ability: Desolate Land|[of] p1a: Groudon\n|move|p2a: Arceus|Toxic|p1a: Groudon\n|-status|p1a: Groudon|tox\n|\n|-weather|DesolateLand|[upkeep]\n|-damage|p1a: Groudon|94\/100 tox|[from] psn\n|upkeep\n|turn|19\n|\n|t:|1699183324\n|switch|p2a: Lunala|Lunala, shiny|100\/100\n|move|p1a: Groudon|Heat Crash|p2a: Lunala\n|-damage|p2a: Lunala|41\/100\n|\n|-weather|DesolateLand|[upkeep]\n|-damage|p1a: Groudon|82\/100 tox|[from] psn\n|upkeep\n|turn|20\n|\n|t:|1699183329\n|move|p2a: Lunala|Moongeist Beam|p1a: Groudon\n|-damage|p1a: Groudon|21\/100 tox\n|move|p1a: Groudon|Earthquake|p2a: Lunala\n|-crit|p2a: Lunala\n|-damage|p2a: Lunala|0 fnt\n|faint|p2a: Lunala\n|\n|-weather|DesolateLand|[upkeep]\n|-damage|p1a: Groudon|3\/100 tox|[from] psn\n|upkeep\n|\n|t:|1699183338\n|switch|p2a: Arceus|Arceus-Fairy|75\/100\n|turn|21\n|\n|t:|1699183341\n|move|p2a: Arceus|Judgment|p1a: Groudon\n|-resisted|p1a: Groudon\n|-damage|p1a: Groudon|0 fnt\n|faint|p1a: Groudon\n|-weather|none\n|\n|upkeep\n|\n|t:|1699183346\n|switch|p1a: Mewtwo|Mewtwo|47\/100\n|-ability|p1a: Mewtwo|Pressure\n|turn|22\n|\n|t:|1699183354\n|switch|p2a: Ditto|Ditto, shiny|100\/100\n|-transform|p2a: Ditto|p1a: Mewtwo|[from] ability: Imposter\n|-ability|p2a: Ditto|Pressure\n|move|p1a: Mewtwo|Nasty Plot|p1a: Mewtwo\n|-boost|p1a: Mewtwo|spa|2\n|\n|upkeep\n|turn|23\n|\n|t:|1699183365\n|move|p2a: Ditto|Ice Beam|p1a: Mewtwo\n|-damage|p1a: Mewtwo|4\/100\n|move|p1a: Mewtwo|Psystrike|p2a: Ditto\n|-resisted|p2a: Ditto\n|-damage|p2a: Ditto|14\/100\n|\n|upkeep\n|turn|24\n|\n|t:|1699183373\n|switch|p1a: Yveltal|Yveltal, shiny|100\/100\n|-ability|p1a: Yveltal|Dark Aura\n|move|p2a: Ditto|Ice Beam|p1a: Yveltal\n|-supereffective|p1a: Yveltal\n|-damage|p1a: Yveltal|30\/100\n|\n|upkeep\n|turn|25\n|\n|t:|1699183381\n|move|p2a: Ditto|Ice Beam|p1a: Yveltal\n|-supereffective|p1a: Yveltal\n|-damage|p1a: Yveltal|0 fnt\n|faint|p1a: Yveltal\n|\n|upkeep\n|\n|t:|1699183387\n|switch|p1a: Mewtwo|Mewtwo|4\/100\n|-ability|p1a: Mewtwo|Pressure\n|turn|26\n|\n|t:|1699183394\n|move|p2a: Ditto|Ice Beam|p1a: Mewtwo\n|-damage|p1a: Mewtwo|0 fnt\n|faint|p1a: Mewtwo\n|\n|win|Soyeon is a cutie\n|raw|letch's rating: 1531 &rarr; <strong>1521<\/strong><br \/>(-10 for losing)\n|raw|Soyeon is a cutie's rating: 1726 &rarr; <strong>1736<\/strong><br \/>(+10 for winning)\n|l|\u2606letch\n|l|\u2606Soyeon is a cutie\n","uploadtime":1699183403,"views":3,"p1id":"letch","p2id":"soyeonisacutie","formatid":"gen9nationaldexubers","rating":1521,"private":0,"password":""}