{"id":"gen9nationaldexubers-1987059675","p1":"Plasmic Cosmos","p2":"3eveeJ","format":"[Gen 9] National Dex Ubers","log":"|j|\u2606Plasmic Cosmos\n|j|\u26063eveeJ\n|t:|1699552772\n|gametype|singles\n|player|p1|Plasmic Cosmos|ghetsis|1186\n|player|p2|3eveeJ|cheryl|1108\n|teamsize|p1|6\n|teamsize|p2|6\n|gen|9\n|tier|[Gen 9] National Dex Ubers\n|rated|\n|rule|HP Percentage Mod: HP is shown in percentages\n|rule|Endless Battle Clause: Forcing endless battles is banned\n|rule|OHKO Clause: OHKO moves are banned\n|rule|Evasion Moves Clause: Evasion moves are banned\n|rule|Evasion Items Clause: Evasion items are banned\n|rule|Species Clause: Limit one of each Pok\u00e9mon\n|rule|Sleep Clause Mod: Limit one foe put to sleep\n|rule|Mega Rayquaza Clause: You cannot mega evolve Rayquaza\n|clearpoke\n|poke|p1|Zygarde|\n|poke|p1|Groudon|\n|poke|p1|Ho-Oh|\n|poke|p1|Zacian-*|\n|poke|p1|Arceus-Dark|\n|poke|p1|Kyurem-Black|\n|poke|p2|Ceruledge, F|\n|poke|p2|Ferrothorn, F|\n|poke|p2|Gyarados, M|\n|poke|p2|Farigiraf, F|\n|poke|p2|Gliscor, M|\n|poke|p2|Kingambit, M|\n|teampreview\n|inactive|Battle timer is ON: inactive players will automatically lose when time's up. (requested by Plasmic Cosmos)\n|\n|t:|1699552777\n|start\n|switch|p1a: Groudon|Groudon|100\/100\n|switch|p2a: Ferrothorn|Ferrothorn, F|100\/100\n|detailschange|p1a: Groudon|Groudon-Primal\n|-primal|p1a: Groudon|Red Orb\n|-weather|DesolateLand|[from] ability: Desolate Land|[of] p1a: Groudon\n|turn|1\n|\n|t:|1699552789\n|move|p1a: Groudon|Precipice Blades|p2a: Ferrothorn\n|-damage|p2a: Ferrothorn|63\/100\n|move|p2a: Ferrothorn|Spikes|p1a: Groudon\n|-sidestart|p1: Plasmic Cosmos|Spikes\n|\n|-weather|DesolateLand|[upkeep]\n|upkeep\n|turn|2\n|\n|t:|1699552795\n|move|p1a: Groudon|Precipice Blades|p2a: Ferrothorn\n|-damage|p2a: Ferrothorn|24\/100\n|move|p2a: Ferrothorn|Iron Defense|p2a: Ferrothorn\n|-boost|p2a: Ferrothorn|def|2\n|\n|-weather|DesolateLand|[upkeep]\n|upkeep\n|turn|3\n|\n|t:|1699552800\n|move|p2a: Ferrothorn|Protect|p2a: Ferrothorn\n|-singleturn|p2a: Ferrothorn|Protect\n|move|p1a: Groudon|Precipice Blades|p2a: Ferrothorn\n|-activate|p2a: Ferrothorn|move: Protect\n|\n|-weather|DesolateLand|[upkeep]\n|upkeep\n|turn|4\n|\n|t:|1699552810\n|switch|p2a: Gyarados|Gyarados, M|100\/100\n|-ability|p2a: Gyarados|Intimidate|boost\n|-unboost|p1a: Groudon|atk|1\n|move|p1a: Groudon|Precipice Blades|p2a: Gyarados\n|-immune|p2a: Gyarados\n|\n|-weather|DesolateLand|[upkeep]\n|upkeep\n|turn|5\n|\n|t:|1699552824\n|move|p2a: Gyarados|Earthquake|p1a: Groudon\n|-supereffective|p1a: Groudon\n|-crit|p1a: Groudon\n|-damage|p1a: Groudon|48\/100\n|move|p1a: Groudon|Toxic|p2a: Gyarados\n|-status|p2a: Gyarados|tox\n|\n|-weather|DesolateLand|[upkeep]\n|-damage|p2a: Gyarados|94\/100 tox|[from] psn\n|upkeep\n|turn|6\n|\n|t:|1699552832\n|move|p2a: Gyarados|Earthquake|p1a: Groudon\n|-supereffective|p1a: Groudon\n|-damage|p1a: Groudon|10\/100\n|move|p1a: Groudon|Stealth Rock|p2a: Gyarados\n|-sidestart|p2: 3eveeJ|move: Stealth Rock\n|\n|-weather|DesolateLand|[upkeep]\n|-damage|p2a: Gyarados|82\/100 tox|[from] psn\n|upkeep\n|turn|7\n|\n|t:|1699552847\n|move|p2a: Gyarados|Earthquake|p1a: Groudon\n|-supereffective|p1a: Groudon\n|-damage|p1a: Groudon|0 fnt\n|faint|p1a: Groudon\n|-weather|none\n|\n|-damage|p2a: Gyarados|64\/100 tox|[from] psn\n|upkeep\n|\n|t:|1699552857\n|switch|p1a: Zacian|Zacian-Crowned|100\/100\n|-damage|p1a: Zacian|88\/100|[from] Spikes\n|-ability|p1a: Zacian|Intrepid Sword|boost\n|-boost|p1a: Zacian|atk|1\n|turn|8\n|\n|t:|1699552865\n|switch|p2a: Ferrothorn|Ferrothorn, F|24\/100\n|-damage|p2a: Ferrothorn|18\/100|[from] Stealth Rock\n|move|p1a: Zacian|Swords Dance|p1a: Zacian\n|-boost|p1a: Zacian|atk|2\n|\n|upkeep\n|turn|9\n|\n|t:|1699552881\n|move|p1a: Zacian|Behemoth Blade|p2a: Ferrothorn\n|-resisted|p2a: Ferrothorn\n|-damage|p2a: Ferrothorn|0 fnt\n|-damage|p1a: Zacian|76\/100|[from] ability: Iron Barbs|[of] p2a: Ferrothorn\n|-damage|p1a: Zacian|59\/100|[from] item: Rocky Helmet|[of] p2a: Ferrothorn\n|faint|p2a: Ferrothorn\n|\n|upkeep\n|\n|t:|1699552889\n|switch|p2a: Gliscor|Gliscor, M|100\/100\n|-damage|p2a: Gliscor|88\/100|[from] Stealth Rock\n|turn|10\n|\n|t:|1699552898\n|move|p1a: Zacian|Behemoth Blade|p2a: Gliscor\n|-damage|p2a: Gliscor|0 fnt\n|faint|p2a: Gliscor\n|\n|upkeep\n|\n|t:|1699552903\n|switch|p2a: Ceruledge|Ceruledge, F|100\/100\n|-damage|p2a: Ceruledge|76\/100|[from] Stealth Rock\n|turn|11\n|\n|t:|1699552908\n|move|p2a: Ceruledge|Endure|p2a: Ceruledge\n|-singleturn|p2a: Ceruledge|move: Endure\n|move|p1a: Zacian|Crunch|p2a: Ceruledge\n|-supereffective|p2a: Ceruledge\n|-activate|p2a: Ceruledge|move: Endure\n|-damage|p2a: Ceruledge|1\/100\n|-ability|p2a: Ceruledge|Weak Armor|boost\n|-unboost|p2a: Ceruledge|def|1\n|-boost|p2a: Ceruledge|spe|2\n|-enditem|p2a: Ceruledge|Figy Berry|[eat]\n|-heal|p2a: Ceruledge|34\/100|[from] item: Figy Berry\n|\n|upkeep\n|turn|12\n|\n|t:|1699552918\n|move|p2a: Ceruledge|Endure|p2a: Ceruledge\n|-singleturn|p2a: Ceruledge|move: Endure\n|move|p1a: Zacian|Crunch|p2a: Ceruledge\n|-supereffective|p2a: Ceruledge\n|-activate|p2a: Ceruledge|move: Endure\n|-damage|p2a: Ceruledge|1\/100\n|-ability|p2a: Ceruledge|Weak Armor|boost\n|-unboost|p2a: Ceruledge|def|1\n|-boost|p2a: Ceruledge|spe|2\n|\n|upkeep\n|turn|13\n|\n|t:|1699552927\n|move|p2a: Ceruledge|Bitter Blade|p1a: Zacian\n|-supereffective|p1a: Zacian\n|-damage|p1a: Zacian|0 fnt\n|-heal|p2a: Ceruledge|34\/100|[from] drain|[of] p1a: Zacian\n|faint|p1a: Zacian\n|\n|upkeep\n|c|\u2606Plasmic Cosmos|!dt Bitter Blade\n|raw|<ul class=\"utilichart\"><li class=\"result\"><span class=\"col movenamecol\"><a href=\"https:\/\/dex.pokemonshowdown.com\/moves\/bitterblade\">Bitter Blade<\/a><\/span> <span class=\"col typecol\"><img src=\"\/\/play.pokemonshowdown.com\/sprites\/types\/Fire.png\" alt=\"Fire\" width=\"32\" height=\"14\"><img src=\"\/\/play.pokemonshowdown.com\/sprites\/categories\/Physical.png\" alt=\"Physical\" width=\"32\" height=\"14\"><\/span> <span class=\"col labelcol\"><em>Power<\/em><br>90<\/span> <span class=\"col widelabelcol\"><em>Accuracy<\/em><br>100%<\/span> <span class=\"col pplabelcol\"><em>PP<\/em><br>16<\/span> <span class=\"col movedesccol\">User recovers 50% of the damage dealt.<\/span> <\/li><li style=\"clear:both\"><\/li><\/ul>\n|raw|<font size=\"1\"><font color=\"#686868\">Priority:<\/font> 0&nbsp;|&ThickSpace;<font color=\"#686868\">Gen:<\/font> 9&nbsp;|&ThickSpace;&#10003; Contact&nbsp;|&ThickSpace;&#10003; Slicing move&nbsp;|&ThickSpace;<font color=\"#686868\">Z-Power:<\/font> 175&nbsp;|&ThickSpace;<font color=\"#686868\">Dynamax Power:<\/font> 130&nbsp;|&ThickSpace;<font color=\"#686868\">Target:<\/font> One Adjacent Pok\u00e9mon<\/font>\n\n|\n|t:|1699552945\n|switch|p1a: Ho-Oh|Ho-Oh|100\/100\n|turn|14\n|\n|t:|1699552953\n|move|p2a: Ceruledge|Endure|p2a: Ceruledge\n|-singleturn|p2a: Ceruledge|move: Endure\n|move|p1a: Ho-Oh|Whirlwind|p2a: Ceruledge\n|drag|p2a: Farigiraf|Farigiraf, F|100\/100\n|-damage|p2a: Farigiraf|88\/100|[from] Stealth Rock\n|\n|upkeep\n|turn|15\n|\n|t:|1699552961\n|move|p1a: Ho-Oh|Toxic|p2a: Farigiraf|[miss]\n|-miss|p1a: Ho-Oh|p2a: Farigiraf\n|move|p2a: Farigiraf|Trick Room|p2a: Farigiraf\n|-fieldstart|move: Trick Room|[of] p2a: Farigiraf\n|\n|upkeep\n|turn|16\n|\n|t:|1699552966\n|move|p2a: Farigiraf|Psychic|p1a: Ho-Oh\n|-damage|p1a: Ho-Oh|68\/100\n|-damage|p2a: Farigiraf|78\/100|[from] item: Life Orb\n|move|p1a: Ho-Oh|Toxic|p2a: Farigiraf\n|-status|p2a: Farigiraf|tox\n|\n|-damage|p2a: Farigiraf|72\/100 tox|[from] psn\n|upkeep\n|turn|17\n|\n|t:|1699552976\n|move|p2a: Farigiraf|Psychic|p1a: Ho-Oh\n|-damage|p1a: Ho-Oh|37\/100\n|-damage|p2a: Farigiraf|62\/100 tox|[from] item: Life Orb\n|move|p1a: Ho-Oh|Sacred Fire|p2a: Farigiraf\n|-damage|p2a: Farigiraf|14\/100 tox\n|\n|-damage|p2a: Farigiraf|2\/100 tox|[from] psn\n|upkeep\n|turn|18\n|\n|t:|1699552987\n|switch|p2a: Gyarados|Gyarados, M|64\/100 tox\n|-damage|p2a: Gyarados|39\/100 tox|[from] Stealth Rock\n|-ability|p2a: Gyarados|Intimidate|boost\n|-unboost|p1a: Ho-Oh|atk|1\n|switch|p1a: Arceus|Arceus-Dark|100\/100\n|-damage|p1a: Arceus|88\/100|[from] Spikes\n|\n|-damage|p2a: Gyarados|33\/100 tox|[from] psn\n|upkeep\n|turn|19\n|\n|t:|1699553004\n|detailschange|p2a: Gyarados|Gyarados-Mega, M\n|-mega|p2a: Gyarados|Gyarados|Gyaradosite\n|-ability|p2a: Gyarados|Mold Breaker\n|move|p2a: Gyarados|Crunch|p1a: Arceus\n|-resisted|p1a: Arceus\n|-damage|p1a: Arceus|75\/100\n|move|p1a: Arceus|Recover|p1a: Arceus\n|-heal|p1a: Arceus|100\/100\n|\n|-damage|p2a: Gyarados|21\/100 tox|[from] psn\n|-fieldend|move: Trick Room\n|upkeep\n|turn|20\n|\n|t:|1699553015\n|move|p1a: Arceus|Taunt|p2a: Gyarados\n|-start|p2a: Gyarados|move: Taunt\n|cant|p2a: Gyarados|move: Taunt|Dragon Dance\n|\n|-damage|p2a: Gyarados|3\/100 tox|[from] psn\n|upkeep\n|turn|21\n|\n|t:|1699553023\n|move|p1a: Arceus|Judgment|p2a: Gyarados\n|-resisted|p2a: Gyarados\n|-damage|p2a: Gyarados|0 fnt\n|faint|p2a: Gyarados\n|\n|upkeep\n|\n|t:|1699553028\n|switch|p2a: Ceruledge|Ceruledge, F|34\/100\n|-damage|p2a: Ceruledge|9\/100|[from] Stealth Rock\n|turn|22\n|\n|t:|1699553033\n|move|p2a: Ceruledge|Endure|p2a: Ceruledge\n|-singleturn|p2a: Ceruledge|move: Endure\n|move|p1a: Arceus|Toxic|p2a: Ceruledge|[miss]\n|-miss|p1a: Arceus|p2a: Ceruledge\n|\n|upkeep\n|turn|23\n|\n|t:|1699553041\n|move|p2a: Ceruledge|Endure|p2a: Ceruledge\n|-singleturn|p2a: Ceruledge|move: Endure\n|move|p1a: Arceus|Toxic|p2a: Ceruledge|[miss]\n|-miss|p1a: Arceus|p2a: Ceruledge\n|\n|upkeep\n|turn|24\n|\n|t:|1699553050\n|move|p2a: Ceruledge|Endure||[still]\n|-fail|p2a: Ceruledge\n|move|p1a: Arceus|Judgment|p2a: Ceruledge\n|-supereffective|p2a: Ceruledge\n|-damage|p2a: Ceruledge|0 fnt\n|faint|p2a: Ceruledge\n|\n|upkeep\n|\n|t:|1699553058\n|switch|p2a: Farigiraf|Farigiraf, F|2\/100 tox\n|-damage|p2a: Farigiraf|0 fnt|[from] Stealth Rock\n|faint|p2a: Farigiraf\n|\n|t:|1699553062\n|switch|p2a: Kingambit|Kingambit, M|100\/100\n|-damage|p2a: Kingambit|94\/100|[from] Stealth Rock\n|-activate|p2a: Kingambit|ability: Supreme Overlord\n|-start|p2a: Kingambit|fallen5|[silent]\n|turn|25\n|\n|t:|1699553071\n|move|p1a: Arceus|Taunt|p2a: Kingambit\n|-start|p2a: Kingambit|move: Taunt\n|cant|p2a: Kingambit|move: Taunt|Swords Dance\n|\n|-heal|p2a: Kingambit|100\/100|[from] item: Leftovers\n|upkeep\n|turn|26\n|\n|t:|1699553078\n|-terastallize|p2a: Kingambit|Dark\n|move|p2a: Kingambit|Sucker Punch|p1a: Arceus\n|-resisted|p1a: Arceus\n|-damage|p1a: Arceus|79\/100\n|move|p1a: Arceus|Judgment|p2a: Kingambit\n|-resisted|p2a: Kingambit\n|-crit|p2a: Kingambit\n|-damage|p2a: Kingambit|64\/100\n|\n|-heal|p2a: Kingambit|71\/100|[from] item: Leftovers\n|upkeep\n|turn|27\n|\n|t:|1699553089\n|move|p1a: Arceus|Toxic|p2a: Kingambit\n|-status|p2a: Kingambit|tox\n|move|p2a: Kingambit|Kowtow Cleave|p1a: Arceus\n|-resisted|p1a: Arceus\n|-damage|p1a: Arceus|54\/100\n|\n|-heal|p2a: Kingambit|77\/100 tox|[from] item: Leftovers\n|-damage|p2a: Kingambit|71\/100 tox|[from] psn\n|-end|p2a: Kingambit|move: Taunt\n|upkeep\n|turn|28\n|\n|t:|1699553100\n|move|p1a: Arceus|Taunt|p2a: Kingambit\n|-start|p2a: Kingambit|move: Taunt\n|move|p2a: Kingambit|Iron Head|p1a: Arceus\n|-damage|p1a: Arceus|13\/100\n|\n|-heal|p2a: Kingambit|77\/100 tox|[from] item: Leftovers\n|-damage|p2a: Kingambit|64\/100 tox|[from] psn\n|upkeep\n|turn|29\n|\n|t:|1699553108\n|move|p1a: Arceus|Recover|p1a: Arceus\n|-heal|p1a: Arceus|64\/100\n|move|p2a: Kingambit|Iron Head|p1a: Arceus\n|-damage|p1a: Arceus|25\/100\n|\n|-heal|p2a: Kingambit|71\/100 tox|[from] item: Leftovers\n|-damage|p2a: Kingambit|52\/100 tox|[from] psn\n|upkeep\n|turn|30\n|\n|t:|1699553116\n|move|p1a: Arceus|Recover|p1a: Arceus\n|-heal|p1a: Arceus|76\/100\n|move|p2a: Kingambit|Iron Head|p1a: Arceus\n|-damage|p1a: Arceus|36\/100\n|\n|-heal|p2a: Kingambit|58\/100 tox|[from] item: Leftovers\n|-damage|p2a: Kingambit|33\/100 tox|[from] psn\n|-end|p2a: Kingambit|move: Taunt\n|upkeep\n|turn|31\n|\n|t:|1699553125\n|move|p1a: Arceus|Taunt|p2a: Kingambit\n|-start|p2a: Kingambit|move: Taunt\n|move|p2a: Kingambit|Iron Head|p1a: Arceus\n|-damage|p1a: Arceus|0 fnt\n|faint|p1a: Arceus\n|\n|-heal|p2a: Kingambit|40\/100 tox|[from] item: Leftovers\n|-damage|p2a: Kingambit|9\/100 tox|[from] psn\n|upkeep\n|\n|t:|1699553129\n|switch|p1a: Kyurem|Kyurem-Black|100\/100\n|-damage|p1a: Kyurem|88\/100|[from] Spikes\n|-ability|p1a: Kyurem|Teravolt\n|turn|32\n|\n|t:|1699553137\n|move|p1a: Kyurem|Icicle Spear|p2a: Kingambit\n|-damage|p2a: Kingambit|0 fnt\n|faint|p2a: Kingambit\n|-end|p2a: Kingambit|fallen5|[silent]\n|-hitcount|p2: Kingambit|1\n|\n|win|Plasmic Cosmos\n|raw|Plasmic Cosmos's rating: 1186 &rarr; <strong>1205<\/strong><br \/>(+19 for winning)\n|raw|3eveeJ's rating: 1108 &rarr; <strong>1089<\/strong><br \/>(-19 for losing)\n|c|\u26063eveeJ|gg\n|l|\u26063eveeJ\n|c|\u2606Plasmic Cosmos|Indeed\n","uploadtime":1699553147,"views":5,"p1id":"plasmiccosmos","p2id":"3eveej","formatid":"gen9nationaldexubers","rating":1089,"private":0,"password":""}