{"id":"gen9nationaldexubers-1989301597","p1":"georgefable1","p2":"ClickForVictory","format":"[Gen 9] National Dex Ubers","log":"|j|\u2606georgefable1\n|j|\u2606ClickForVictory\n|t:|1699833801\n|gametype|singles\n|player|p1|georgefable1|265|\n|player|p2|ClickForVictory|rika|\n|teamsize|p1|4\n|teamsize|p2|4\n|gen|9\n|tier|[Gen 9] National Dex Ubers\n|rule|HP Percentage Mod: HP is shown in percentages\n|rule|Endless Battle Clause: Forcing endless battles is banned\n|rule|OHKO Clause: OHKO moves are banned\n|rule|Evasion Moves Clause: Evasion moves are banned\n|rule|Evasion Items Clause: Evasion items are banned\n|rule|Species Clause: Limit one of each Pok\u00e9mon\n|rule|Sleep Clause Mod: Limit one foe put to sleep\n|rule|Mega Rayquaza Clause: You cannot mega evolve Rayquaza\n|clearpoke\n|poke|p1|Sceptile, F|\n|poke|p1|Urshifu-*, M|\n|poke|p1|Serperior, F|\n|poke|p1|Donphan, F|\n|poke|p2|Arceus|\n|poke|p2|Wo-Chien|\n|poke|p2|Landorus-Therian, M|\n|poke|p2|Sandslash-Alola, F|\n|teampreview\n|c|\u2606georgefable1|gg for the fisrt fame btw\n|c|\u2606ClickForVictory|have fun!\n|c|\u2606georgefable1|game\n|c|\u2606georgefable1|for sureee\n|c|\u2606georgefable1|good luck\n|c|\u2606ClickForVictory|ty you too!\n|\n|t:|1699833908\n|start\n|switch|p1a: weed lizard|Sceptile, F|100\/100\n|switch|p2a: one hit wonder|Arceus|100\/100\n|turn|1\n|\n|t:|1699833921\n|switch|p1a: MetaOppressor|Urshifu, M|100\/100\n|move|p2a: one hit wonder|Hyper Beam|p1a: MetaOppressor\n|-damage|p1a: MetaOppressor|2\/100\n|-mustrecharge|p2a: one hit wonder\n|\n|upkeep\n|turn|2\n|\n|t:|1699833931\n|move|p1a: MetaOppressor|Body Press|p2a: one hit wonder\n|-supereffective|p2a: one hit wonder\n|-damage|p2a: one hit wonder|62\/100\n|cant|p2a: one hit wonder|recharge\n|\n|upkeep\n|turn|3\n|\n|t:|1699833946\n|switch|p2a: Genie 2|Landorus-Therian, M|100\/100\n|-ability|p2a: Genie 2|Intimidate|boost\n|-unboost|p1a: MetaOppressor|atk|1\n|move|p1a: MetaOppressor|Rest|p1a: MetaOppressor\n|-status|p1a: MetaOppressor|slp|[from] move: Rest\n|-heal|p1a: MetaOppressor|100\/100 slp|[silent]\n|-enditem|p1a: MetaOppressor|Chesto Berry|[eat]\n|-curestatus|p1a: MetaOppressor|slp|[msg]\n|\n|upkeep\n|turn|4\n|\n|t:|1699833962\n|switch|p1a: weed lizard|Sceptile, F|100\/100\n|move|p2a: Genie 2|Earth Power|p1a: weed lizard\n|-resisted|p1a: weed lizard\n|-damage|p1a: weed lizard|71\/100\n|\n|upkeep\n|turn|5\n|\n|t:|1699833974\n|move|p1a: weed lizard|Focus Blast|p2a: Genie 2|[miss]\n|-miss|p1a: weed lizard|p2a: Genie 2\n|move|p2a: Genie 2|Sludge Wave|p1a: weed lizard\n|-supereffective|p1a: weed lizard\n|-damage|p1a: weed lizard|0 fnt\n|faint|p1a: weed lizard\n|\n|upkeep\n|c|\u2606georgefable1|i got read\n|\n|t:|1699833989\n|switch|p1a: Zaza|Serperior, F|100\/100\n|turn|6\n|\n|t:|1699833992\n|move|p1a: Zaza|Leaf Storm|p2a: Genie 2\n|-damage|p2a: Genie 2|22\/100\n|-boost|p1a: Zaza|spa|2\n|move|p2a: Genie 2|Sludge Wave|p1a: Zaza\n|-supereffective|p1a: Zaza\n|-damage|p1a: Zaza|24\/100\n|\n|-heal|p2a: Genie 2|28\/100|[from] item: Leftovers\n|upkeep\n|turn|7\n|\n|t:|1699834006\n|move|p1a: Zaza|Leaf Storm|p2a: Genie 2\n|-damage|p2a: Genie 2|0 fnt\n|-boost|p1a: Zaza|spa|2\n|faint|p2a: Genie 2\n|\n|upkeep\n|\n|t:|1699834013\n|switch|p2a: one hit wonder|Arceus|62\/100\n|turn|8\n|\n|t:|1699834024\n|move|p1a: Zaza|Leaf Storm|p2a: one hit wonder\n|-damage|p2a: one hit wonder|0 fnt\n|-boost|p1a: Zaza|spa|2\n|faint|p2a: one hit wonder\n|\n|upkeep\n|\n|t:|1699834028\n|switch|p2a: Live Reaction|Wo-Chien|100\/100\n|-ability|p2a: Live Reaction|Tablets of Ruin\n|turn|9\n|\n|t:|1699834036\n|move|p1a: Zaza|Leaf Storm|p2a: Live Reaction\n|-resisted|p2a: Live Reaction\n|-damage|p2a: Live Reaction|13\/100\n|move|p2a: Live Reaction|Knock Off|p1a: Zaza\n|-damage|p1a: Zaza|0 fnt\n|-enditem|p1a: Zaza|Miracle Seed|[from] move: Knock Off|[of] p2a: Live Reaction\n|faint|p1a: Zaza\n|\n|-heal|p2a: Live Reaction|19\/100|[from] item: Leftovers\n|upkeep\n|\n|t:|1699834060\n|switch|p1a: MetaOppressor|Urshifu, M|100\/100\n|turn|10\n|\n|t:|1699834067\n|move|p1a: MetaOppressor|Iron Defense|p1a: MetaOppressor\n|-boost|p1a: MetaOppressor|def|2\n|move|p2a: Live Reaction|Power Whip|p1a: MetaOppressor\n|-damage|p1a: MetaOppressor|82\/100\n|\n|-heal|p2a: Live Reaction|25\/100|[from] item: Leftovers\n|upkeep\n|turn|11\n|\n|t:|1699834074\n|move|p1a: MetaOppressor|Iron Defense|p1a: MetaOppressor\n|-boost|p1a: MetaOppressor|def|2\n|move|p2a: Live Reaction|Trailblaze|p1a: MetaOppressor\n|-damage|p1a: MetaOppressor|77\/100\n|-boost|p2a: Live Reaction|spe|1\n|\n|-heal|p2a: Live Reaction|32\/100|[from] item: Leftovers\n|upkeep\n|turn|12\n|\n|t:|1699834082\n|move|p2a: Live Reaction|Power Whip|p1a: MetaOppressor\n|-damage|p1a: MetaOppressor|65\/100\n|move|p1a: MetaOppressor|Body Press|p2a: Live Reaction\n|-supereffective|p2a: Live Reaction\n|-damage|p2a: Live Reaction|0 fnt\n|faint|p2a: Live Reaction\n|\n|upkeep\n|\n|t:|1699834089\n|switch|p2a: Here we go again|Sandslash-Alola, F|100\/100\n|turn|13\n|\n|t:|1699834093\n|move|p1a: MetaOppressor|Body Press|p2a: Here we go again\n|-supereffective|p2a: Here we go again\n|-damage|p2a: Here we go again|0 fnt\n|faint|p2a: Here we go again\n|\n|win|georgefable1\n|c|\u2606georgefable1|gg\n|c|\u2606ClickForVictory|gg\n|c|\u2606georgefable1|do i download replay or?\n","uploadtime":1699834103,"views":22,"p1id":"georgefable1","p2id":"clickforvictory","formatid":"gen9nationaldexubers","rating":0,"private":0,"password":""}