{"id":"gen9nationaldexubers-1996581081","p1":"Dollynho3856","p2":"NerdsJV","format":"[Gen 9] National Dex Ubers","log":"|j|\u2606Dollynho3856\n|j|\u2606NerdsJV\n|t:|1700696768\n|gametype|singles\n|player|p1|Dollynho3856|burglar|\n|player|p2|NerdsJV|marnie|\n|teamsize|p1|5\n|teamsize|p2|5\n|gen|9\n|tier|[Gen 9] National Dex Ubers\n|rule|HP Percentage Mod: HP is shown in percentages\n|rule|Endless Battle Clause: Forcing endless battles is banned\n|rule|OHKO Clause: OHKO moves are banned\n|rule|Evasion Moves Clause: Evasion moves are banned\n|rule|Evasion Items Clause: Evasion items are banned\n|rule|Species Clause: Limit one of each Pok\u00e9mon\n|rule|Sleep Clause Mod: Limit one foe put to sleep\n|rule|Mega Rayquaza Clause: You cannot mega evolve Rayquaza\n|clearpoke\n|poke|p1|Carnivine, L20, M|\n|poke|p1|Chimchar, L20, M|\n|poke|p1|Munchlax, L20, M|\n|poke|p1|Frillish, L20, M|\n|poke|p1|Nymble, L20, M|\n|poke|p2|Sobble, L20, F|\n|poke|p2|Surskit, L20, M|\n|poke|p2|Meowth, L20, M|\n|poke|p2|Geodude, L20, M|\n|poke|p2|Oddish, L20, F|\n|teampreview\n|j| Duskito\n|j| The Kitten Boy\n|l|\u2606Dollynho3856\n|player|p1|\n|j|\u2606Dollynho3856\n|player|p1|Dollynho3856|burglar\n|j| SonguiooSong2\n|c|\u2606NerdsJV|Rap\u00e1\n|\n|t:|1700696797\n|start\n|switch|p1a: Kuroo|Nymble, L20, M|100\/100\n|switch|p2a: Olberic|Meowth, L20, M|100\/100\n|turn|1\n|j| Rentereh\n|j| artchu133\n|c|\u2606Dollynho3856|Fiz burrice\n|\n|t:|1700696836\n|switch|p1a: Kaori|Frillish, L20, M|100\/100\n|move|p2a: Olberic|Fake Out|p1a: Kaori\n|-immune|p1a: Kaori\n|\n|upkeep\n|turn|2\n|\n|t:|1700696843\n|move|p2a: Olberic|Knock Off|p1a: Kaori\n|-supereffective|p1a: Kaori\n|-damage|p1a: Kaori|49\/100\n|-start|p2a: Olberic|Disable|Knock Off|[from] ability: Cursed Body|[of] p1a: Kaori\n|-enditem|p1a: Kaori|Eviolite|[from] move: Knock Off|[of] p2a: Olberic\n|-damage|p2a: Olberic|91\/100|[from] item: Life Orb\n|move|p1a: Kaori|Will-O-Wisp|p2a: Olberic\n|-status|p2a: Olberic|brn\n|\n|-damage|p2a: Olberic|85\/100 brn|[from] brn\n|upkeep\n|turn|3\n|\n|t:|1700696862\n|move|p2a: Olberic|U-turn|p1a: Kaori\n|-resisted|p1a: Kaori\n|-damage|p1a: Kaori|43\/100\n|-damage|p2a: Olberic|75\/100 brn|[from] item: Life Orb\n|\n|t:|1700696866\n|switch|p2a: Willow|Oddish, L20, F|100\/100|[from] U-turn\n|move|p1a: Kaori|Recover|p1a: Kaori\n|-heal|p1a: Kaori|93\/100\n|\n|upkeep\n|turn|4\n|\n|t:|1700696876\n|move|p1a: Kaori|Will-O-Wisp|p2a: Willow\n|-status|p2a: Willow|brn\n|move|p2a: Willow|Giga Drain|p1a: Kaori\n|-supereffective|p1a: Kaori\n|-damage|p1a: Kaori|30\/100\n|\n|-damage|p2a: Willow|96\/100 brn|[from] brn\n|upkeep\n|turn|5\n|j| KojiOishi\n|\n|t:|1700696889\n|switch|p1a: Jeff|Carnivine, L20, M|100\/100\n|move|p2a: Willow|Giga Drain|p1a: Jeff\n|-resisted|p1a: Jeff\n|-damage|p1a: Jeff|84\/100\n|-heal|p2a: Willow|100\/100 brn|[from] drain|[of] p1a: Jeff\n|\n|-damage|p2a: Willow|96\/100 brn|[from] brn\n|upkeep\n|turn|6\n|\n|t:|1700696901\n|move|p1a: Jeff|Knock Off|p2a: Willow\n|-damage|p2a: Willow|59\/100 brn\n|-enditem|p2a: Willow|Eviolite|[from] move: Knock Off|[of] p1a: Jeff\n|-damage|p1a: Jeff|75\/100|[from] item: Life Orb\n|move|p2a: Willow|Sludge Bomb|p1a: Jeff\n|-supereffective|p1a: Jeff\n|-damage|p1a: Jeff|0 fnt\n|faint|p1a: Jeff\n|\n|-damage|p2a: Willow|54\/100 brn|[from] brn\n|upkeep\n|\n|t:|1700696905\n|switch|p1a: Kuroo|Nymble, L20, M|100\/100\n|turn|7\n|\n|t:|1700696909\n|move|p1a: Kuroo|First Impression|p2a: Willow\n|-damage|p2a: Willow|0 fnt\n|faint|p2a: Willow\n|\n|upkeep\n|c| KojiOishi|Dolly, pensa\n|\n|t:|1700696920\n|switch|p2a: Sora|Surskit, L20, M|100\/100\n|turn|8\n|c| KojiOishi|T\u00e1 se afobando um pouco\n|c| KojiOishi|Se acalma\n|\n|t:|1700696933\n|switch|p1a: Kaori|Frillish, L20, M|30\/100\n|move|p2a: Sora|Bug Buzz|p1a: Kaori\n|-resisted|p1a: Kaori\n|-damage|p1a: Kaori|12\/100\n|\n|upkeep\n|turn|9\n|\n|t:|1700696938\n|move|p2a: Sora|Bug Buzz|p1a: Kaori\n|-resisted|p1a: Kaori\n|-damage|p1a: Kaori|0 fnt\n|-start|p2a: Sora|Disable|Bug Buzz|[from] ability: Cursed Body|[of] p1a: Kaori\n|faint|p1a: Kaori\n|\n|upkeep\n|\n|t:|1700696940\n|switch|p1a: Kabeyama|Munchlax, L20, M, shiny|100\/100\n|turn|10\n|\n|t:|1700696949\n|switch|p2a: Olberic|Meowth, L20, M|75\/100 brn\n|move|p1a: Kabeyama|Curse|p1a: Kabeyama\n|-unboost|p1a: Kabeyama|spe|1\n|-boost|p1a: Kabeyama|atk|1\n|-boost|p1a: Kabeyama|def|1\n|\n|-damage|p2a: Olberic|70\/100 brn|[from] brn\n|upkeep\n|turn|11\n|\n|t:|1700696955\n|move|p2a: Olberic|Fake Out|p1a: Kabeyama\n|-damage|p1a: Kabeyama|92\/100\n|-damage|p2a: Olberic|60\/100 brn|[from] item: Life Orb\n|cant|p1a: Kabeyama|flinch\n|\n|-damage|p2a: Olberic|54\/100 brn|[from] brn\n|upkeep\n|turn|12\n|\n|t:|1700696958\n|move|p2a: Olberic|Knock Off|p1a: Kabeyama\n|-damage|p1a: Kabeyama|83\/100\n|-enditem|p1a: Kabeyama|Eviolite|[from] move: Knock Off|[of] p2a: Olberic\n|-damage|p2a: Olberic|45\/100 brn|[from] item: Life Orb\n|move|p1a: Kabeyama|Return|p2a: Olberic\n|-damage|p2a: Olberic|0 fnt\n|faint|p2a: Olberic\n|\n|upkeep\n|\n|t:|1700696965\n|switch|p2a: Sora|Surskit, L20, M|100\/100\n|turn|13\n|\n|t:|1700696969\n|move|p2a: Sora|Hydro Pump|p1a: Kabeyama\n|-crit|p1a: Kabeyama\n|-damage|p1a: Kabeyama|39\/100\n|move|p1a: Kabeyama|Return|p2a: Sora\n|-enditem|p2a: Sora|Focus Sash\n|-damage|p2a: Sora|2\/100\n|\n|upkeep\n|turn|14\n|\n|t:|1700696976\n|move|p2a: Sora|Hydro Pump|p1a: Kabeyama\n|-damage|p1a: Kabeyama|9\/100\n|move|p1a: Kabeyama|Rest|p1a: Kabeyama\n|-status|p1a: Kabeyama|slp|[from] move: Rest\n|-heal|p1a: Kabeyama|100\/100 slp|[silent]\n|\n|upkeep\n|turn|15\n|\n|t:|1700696983\n|move|p2a: Sora|Sticky Web|p1a: Kabeyama\n|-sidestart|p1: Dollynho3856|move: Sticky Web\n|cant|p1a: Kabeyama|slp\n|move|p1a: Kabeyama|Sleep Talk|p1a: Kabeyama\n|move|p1a: Kabeyama|Return|p2a: Sora|[from]move: Sleep Talk\n|-damage|p2a: Sora|0 fnt\n|faint|p2a: Sora\n|\n|upkeep\n|\n|t:|1700696986\n|switch|p2a: Pietro|Geodude, L20, M|100\/100\n|turn|16\n|c| KojiOishi|Cagado desgra\u00e7ado\n|\n|t:|1700696996\n|move|p2a: Pietro|Stealth Rock|p1a: Kabeyama\n|-sidestart|p1: Dollynho3856|move: Stealth Rock\n|cant|p1a: Kabeyama|slp\n|move|p1a: Kabeyama|Sleep Talk|p1a: Kabeyama\n|move|p1a: Kabeyama|Curse|p1a: Kabeyama|[from]move: Sleep Talk\n|-unboost|p1a: Kabeyama|spe|1\n|-boost|p1a: Kabeyama|atk|1\n|-boost|p1a: Kabeyama|def|1\n|\n|upkeep\n|turn|17\n|\n|t:|1700697011\n|-curestatus|p1a: Kabeyama|slp|[msg]\n|move|p1a: Kabeyama|Return|p2a: Pietro\n|-resisted|p2a: Pietro\n|-damage|p2a: Pietro|49\/100\n|move|p2a: Pietro|Counter|p1a: Kabeyama\n|-damage|p1a: Kabeyama|27\/100\n|\n|upkeep\n|turn|18\n|c| The Kitten Boy|boom\n|c| The Kitten Boy|eq?\n|c|\u2606Dollynho3856|Pqp\n|\n|t:|1700697028\n|move|p2a: Pietro|Earthquake|p1a: Kabeyama\n|-damage|p1a: Kabeyama|0 fnt\n|faint|p1a: Kabeyama\n|\n|upkeep\n|c| The Kitten Boy|voa pietro\n|c|\u2606Dollynho3856|Perdi\n|c| KojiOishi|Fodeu\n|\n|t:|1700697043\n|switch|p1a: Kuroo|Nymble, L20, M|100\/100\n|-activate|p1a: Kuroo|move: Sticky Web\n|-unboost|p1a: Kuroo|spe|1\n|-damage|p1a: Kuroo|76\/100|[from] Stealth Rock\n|turn|19\n|\n|t:|1700697048\n|move|p1a: Kuroo|First Impression|p2a: Pietro\n|-damage|p2a: Pietro|0 fnt\n|faint|p2a: Pietro\n|\n|upkeep\n|\n|t:|1700697051\n|switch|p2a: Charlie|Sobble, L20, F|100\/100\n|turn|20\n|c| KojiOishi|ele socou forte\n|\n|t:|1700697058\n|switch|p1a: Tanaka|Chimchar, L20, M|100\/100\n|-activate|p1a: Tanaka|move: Sticky Web\n|-unboost|p1a: Tanaka|spe|1\n|-damage|p1a: Tanaka|76\/100|[from] Stealth Rock\n|move|p2a: Charlie|Hydro Pump|p1a: Tanaka\n|-supereffective|p1a: Tanaka\n|-damage|p1a: Tanaka|0 fnt\n|faint|p1a: Tanaka\n|\n|upkeep\n|\n|t:|1700697059\n|switch|p1a: Kuroo|Nymble, L20, M|76\/100\n|-activate|p1a: Kuroo|move: Sticky Web\n|-unboost|p1a: Kuroo|spe|1\n|-damage|p1a: Kuroo|52\/100|[from] Stealth Rock\n|turn|21\n|\n|t:|1700697061\n|move|p1a: Kuroo|First Impression|p2a: Charlie\n|-damage|p2a: Charlie|0 fnt\n|faint|p2a: Charlie\n|\n|win|Dollynho3856\n|c|\u2606Dollynho3856|ISSO\n|l| Rentereh\n|c| KojiOishi|KRL\n|l| The Kitten Boy\n|l|\u2606Dollynho3856\n|j|\u2606Dollynho3856\n|player|p1|Dollynho3856|burglar\n","uploadtime":1700697108,"views":11,"p1id":"dollynho3856","p2id":"nerdsjv","formatid":"gen9nationaldexubers","rating":0,"private":0,"password":""}