{"id":"gen9nationaldexubers-1980388360","p1":"willstacksgod","p2":"Yellow_Calico","format":"[Gen 9] National Dex Ubers","log":"|j|\u2606willstacksgod\n|j|\u2606Yellow_Calico\n|t:|1698780590\n|gametype|singles\n|player|p1|willstacksgod|idol|1144\n|player|p2|Yellow_Calico|scientistf|1149\n|teamsize|p1|6\n|teamsize|p2|6\n|gen|9\n|tier|[Gen 9] National Dex Ubers\n|rated|\n|rule|HP Percentage Mod: HP is shown in percentages\n|rule|Endless Battle Clause: Forcing endless battles is banned\n|rule|OHKO Clause: OHKO moves are banned\n|rule|Evasion Moves Clause: Evasion moves are banned\n|rule|Evasion Items Clause: Evasion items are banned\n|rule|Species Clause: Limit one of each Pok\u00e9mon\n|rule|Sleep Clause Mod: Limit one foe put to sleep\n|rule|Mega Rayquaza Clause: You cannot mega evolve Rayquaza\n|clearpoke\n|poke|p1|Greninja-*, M|\n|poke|p1|Palafin, F|\n|poke|p1|Chien-Pao|\n|poke|p1|Arceus-Ground|\n|poke|p1|Charizard, M|\n|poke|p1|Kangaskhan, F|\n|poke|p2|Liepard, F|\n|poke|p2|Gothitelle, M|\n|poke|p2|Reshiram|\n|poke|p2|Great Tusk|\n|poke|p2|Chi-Yu|\n|poke|p2|Clodsire, F|\n|teampreview\n|\n|t:|1698780608\n|start\n|switch|p1a: Greninja|Greninja, M|100\/100\n|switch|p2a: Liepard|Liepard, F|100\/100\n|turn|1\n|\n|t:|1698780624\n|move|p2a: Liepard|Fake Out|p1a: Greninja\n|-damage|p1a: Greninja|82\/100\n|cant|p1a: Greninja|flinch\n|\n|upkeep\n|turn|2\n|\n|t:|1698780630\n|move|p1a: Greninja|Spikes|p2a: Liepard\n|-start|p1a: Greninja|typechange|Ground|[from] ability: Protean\n|-sidestart|p2: Yellow_Calico|Spikes\n|move|p2a: Liepard|Knock Off|p1a: Greninja\n|-damage|p1a: Greninja|15\/100\n|-enditem|p1a: Greninja|Focus Sash|[from] move: Knock Off|[of] p2a: Liepard\n|\n|upkeep\n|turn|3\n|inactive|Battle timer is ON: inactive players will automatically lose when time's up. (requested by Yellow_Calico)\n|inactive|willstacksgod has 120 seconds left.\n|\n|t:|1698780709\n|move|p2a: Liepard|Encore|p1a: Greninja\n|-start|p1a: Greninja|Encore\n|move|p1a: Greninja|Spikes|p2a: Liepard\n|-sidestart|p2: Yellow_Calico|Spikes\n|\n|upkeep\n|turn|4\n|\n|t:|1698780714\n|move|p1a: Greninja|Spikes|p2a: Liepard\n|-sidestart|p2: Yellow_Calico|Spikes\n|move|p2a: Liepard|Knock Off|p1a: Greninja\n|-damage|p1a: Greninja|0 fnt\n|faint|p1a: Greninja\n|\n|upkeep\n|c|\u2606willstacksgod|i dont see this as a loss\n|c|\u2606willstacksgod|dumbasssssss\n|inactive|willstacksgod has 120 seconds left.\n|\n|t:|1698780748\n|switch|p1a: Arceus|Arceus-Ground|100\/100\n|turn|5\n|\n|t:|1698780764\n|move|p2a: Liepard|Knock Off|p1a: Arceus\n|-damage|p1a: Arceus|85\/100\n|move|p1a: Arceus|Stealth Rock|p2a: Liepard\n|-sidestart|p2: Yellow_Calico|move: Stealth Rock\n|\n|upkeep\n|turn|6\n|\n|t:|1698780769\n|move|p2a: Liepard|Encore|p1a: Arceus\n|-start|p1a: Arceus|Encore\n|move|p1a: Arceus|Stealth Rock||[still]\n|-fail|p1a: Arceus\n|\n|upkeep\n|turn|7\n|\n|t:|1698780775\n|switch|p1a: Kangaskhan|Kangaskhan, F|100\/100\n|move|p2a: Liepard|Knock Off|p1a: Kangaskhan\n|-damage|p1a: Kangaskhan|72\/100\n|\n|upkeep\n|turn|8\n|\n|t:|1698780786\n|detailschange|p1a: Kangaskhan|Kangaskhan-Mega, F\n|-mega|p1a: Kangaskhan|Kangaskhan|Kangaskhanite\n|move|p1a: Kangaskhan|Fake Out|p2a: Liepard\n|-damage|p2a: Liepard|53\/100\n|-damage|p2a: Liepard|42\/100\n|-hitcount|p2a: Liepard|2\n|cant|p2a: Liepard|flinch\n|\n|upkeep\n|turn|9\n|\n|t:|1698780795\n|move|p2a: Liepard|Encore|p1a: Kangaskhan\n|-start|p1a: Kangaskhan|Encore\n|move|p1a: Kangaskhan|Fake Out||[still]\n|-hint|Fake Out only works on your first turn out.\n|-fail|p1a: Kangaskhan\n|\n|upkeep\n|turn|10\n|\n|t:|1698780801\n|switch|p1a: Chien-Pao|Chien-Pao|100\/100\n|-ability|p1a: Chien-Pao|Sword of Ruin\n|move|p2a: Liepard|Knock Off|p1a: Chien-Pao\n|-resisted|p1a: Chien-Pao\n|-damage|p1a: Chien-Pao|75\/100\n|-enditem|p1a: Chien-Pao|Focus Sash|[from] move: Knock Off|[of] p2a: Liepard\n|\n|upkeep\n|turn|11\n|\n|t:|1698780810\n|move|p1a: Chien-Pao|Ice Shard|p2a: Liepard\n|-damage|p2a: Liepard|0 fnt\n|faint|p2a: Liepard\n|\n|upkeep\n|\n|t:|1698780815\n|switch|p2a: Great Tusk|Great Tusk|100\/100\n|-damage|p2a: Great Tusk|76\/100|[from] Spikes\n|-damage|p2a: Great Tusk|73\/100|[from] Stealth Rock\n|turn|12\n|\n|t:|1698780822\n|-terastallize|p2a: Great Tusk|Steel\n|move|p1a: Chien-Pao|Sacred Sword|p2a: Great Tusk\n|-supereffective|p2a: Great Tusk\n|-damage|p2a: Great Tusk|15\/100\n|move|p2a: Great Tusk|Rapid Spin|p1a: Chien-Pao\n|-damage|p1a: Chien-Pao|45\/100\n|-boost|p2a: Great Tusk|spe|1\n|-sideend|p2: Yellow_Calico|Spikes|[from] move: Rapid Spin|[of] p2a: Great Tusk\n|-sideend|p2: Yellow_Calico|Stealth Rock|[from] move: Rapid Spin|[of] p2a: Great Tusk\n|-damage|p2a: Great Tusk|5\/100|[from] item: Life Orb\n|\n|upkeep\n|turn|13\n|\n|t:|1698780836\n|move|p1a: Chien-Pao|Ice Shard|p2a: Great Tusk\n|-resisted|p2a: Great Tusk\n|-damage|p2a: Great Tusk|0 fnt\n|faint|p2a: Great Tusk\n|-end|p2a: Great Tusk|Protosynthesis|[silent]\n|\n|upkeep\n|\n|t:|1698780843\n|switch|p2a: Gothitelle|Gothitelle, M|100\/100\n|turn|14\n|\n|t:|1698780850\n|move|p1a: Chien-Pao|Sucker Punch|p2a: Gothitelle\n|-supereffective|p2a: Gothitelle\n|-damage|p2a: Gothitelle|30\/100\n|move|p2a: Gothitelle|Hidden Power|p1a: Chien-Pao\n|-supereffective|p1a: Chien-Pao\n|-damage|p1a: Chien-Pao|0 fnt\n|faint|p1a: Chien-Pao\n|\n|-heal|p2a: Gothitelle|36\/100|[from] item: Leftovers\n|upkeep\n|\n|t:|1698780858\n|switch|p1a: Palafin|Palafin, F, shiny|100\/100\n|turn|15\n|\n|t:|1698780879\n|switch|p2a: Clodsire|Clodsire, F|100\/100\n|move|p1a: Palafin|Counter||[still]\n|-fail|p1a: Palafin\n|\n|upkeep\n|turn|16\n|\n|t:|1698780886\n|detailschange|p1a: Palafin|Palafin-Hero, F, shiny\n|switch|p1a: Arceus|Arceus-Ground|85\/100\n|move|p2a: Clodsire|Toxic Spikes|p1a: Arceus\n|-sidestart|p1: willstacksgod|move: Toxic Spikes\n|\n|upkeep\n|turn|17\n|\n|t:|1698780893\n|move|p1a: Arceus|Defog|p2a: Clodsire\n|-unboost|p2a: Clodsire|evasion|1\n|-sideend|p1: willstacksgod|Toxic Spikes|[from] move: Defog|[of] p1a: Arceus\n|move|p2a: Clodsire|Toxic Spikes|p1a: Arceus\n|-sidestart|p1: willstacksgod|move: Toxic Spikes\n|\n|upkeep\n|turn|18\n|\n|t:|1698780899\n|move|p1a: Arceus|Dark Pulse|p2a: Clodsire\n|-damage|p2a: Clodsire|86\/100\n|move|p2a: Clodsire|Toxic|p1a: Arceus\n|-status|p1a: Arceus|tox\n|\n|-heal|p2a: Clodsire|92\/100|[from] item: Leftovers\n|-damage|p1a: Arceus|78\/100 tox|[from] psn\n|upkeep\n|turn|19\n|\n|t:|1698780908\n|move|p1a: Arceus|Defog|p2a: Clodsire\n|-unboost|p2a: Clodsire|evasion|1\n|-sideend|p1: willstacksgod|Toxic Spikes|[from] move: Defog|[of] p1a: Arceus\n|move|p2a: Clodsire|Toxic Spikes|p1a: Arceus\n|-sidestart|p1: willstacksgod|move: Toxic Spikes\n|\n|-heal|p2a: Clodsire|98\/100|[from] item: Leftovers\n|-damage|p1a: Arceus|66\/100 tox|[from] psn\n|upkeep\n|turn|20\n|\n|t:|1698780918\n|move|p1a: Arceus|Defog|p2a: Clodsire\n|-unboost|p2a: Clodsire|evasion|1\n|-sideend|p1: willstacksgod|Toxic Spikes|[from] move: Defog|[of] p1a: Arceus\n|move|p2a: Clodsire|Toxic Spikes|p1a: Arceus\n|-sidestart|p1: willstacksgod|move: Toxic Spikes\n|\n|-heal|p2a: Clodsire|100\/100|[from] item: Leftovers\n|-damage|p1a: Arceus|48\/100 tox|[from] psn\n|upkeep\n|turn|21\n|\n|t:|1698780928\n|move|p1a: Arceus|Stealth Rock|p2a: Clodsire\n|-sidestart|p2: Yellow_Calico|move: Stealth Rock\n|move|p2a: Clodsire|Toxic Spikes|p1a: Arceus\n|-sidestart|p1: willstacksgod|move: Toxic Spikes\n|\n|-damage|p1a: Arceus|23\/100 tox|[from] psn\n|upkeep\n|turn|22\n|\n|t:|1698780936\n|move|p1a: Arceus|Dark Pulse|p2a: Clodsire\n|-damage|p2a: Clodsire|87\/100\n|move|p2a: Clodsire|Stealth Rock|p1a: Arceus\n|-sidestart|p1: willstacksgod|move: Stealth Rock\n|\n|-heal|p2a: Clodsire|93\/100|[from] item: Leftovers\n|-damage|p1a: Arceus|0 fnt|[from] psn\n|faint|p1a: Arceus\n|upkeep\n|\n|t:|1698780940\n|switch|p1a: Palafin|Palafin-Hero, F, shiny|100\/100\n|-status|p1a: Palafin|tox\n|-damage|p1a: Palafin|88\/100 tox|[from] Stealth Rock\n|-activate|p1a: Palafin|ability: Zero to Hero\n|turn|23\n|\n|t:|1698780953\n|move|p1a: Palafin|Bulk Up|p1a: Palafin\n|-boost|p1a: Palafin|atk|1\n|-boost|p1a: Palafin|def|1\n|move|p2a: Clodsire|Earthquake|p1a: Palafin\n|-damage|p1a: Palafin|70\/100 tox\n|\n|-heal|p2a: Clodsire|99\/100|[from] item: Leftovers\n|-damage|p1a: Palafin|64\/100 tox|[from] psn\n|upkeep\n|turn|24\n|\n|t:|1698780969\n|move|p1a: Palafin|Jet Punch|p2a: Clodsire\n|-heal|p2a: Clodsire|100\/100|[from] ability: Water Absorb|[of] p1a: Palafin\n|move|p2a: Clodsire|Earthquake|p1a: Palafin\n|-damage|p1a: Palafin|44\/100 tox\n|\n|-damage|p1a: Palafin|32\/100 tox|[from] psn\n|upkeep\n|turn|25\n|\n|t:|1698780977\n|move|p2a: Clodsire|Earthquake|p1a: Palafin\n|-damage|p1a: Palafin|12\/100 tox\n|move|p1a: Palafin|Counter|p2a: Clodsire\n|-damage|p2a: Clodsire|72\/100\n|\n|-heal|p2a: Clodsire|78\/100|[from] item: Leftovers\n|-damage|p1a: Palafin|0 fnt|[from] psn\n|faint|p1a: Palafin\n|upkeep\n|\n|t:|1698780984\n|switch|p1a: Kangaskhan|Kangaskhan-Mega, F|72\/100\n|-status|p1a: Kangaskhan|tox\n|-damage|p1a: Kangaskhan|60\/100 tox|[from] Stealth Rock\n|turn|26\n|\n|t:|1698780993\n|switch|p2a: Gothitelle|Gothitelle, M|36\/100\n|-damage|p2a: Gothitelle|24\/100|[from] Stealth Rock\n|move|p1a: Kangaskhan|Fake Out|p2a: Gothitelle\n|-crit|p2a: Gothitelle\n|-damage|p2a: Gothitelle|0 fnt\n|faint|p2a: Gothitelle\n|-hitcount|p2: Gothitelle|1\n|\n|-damage|p1a: Kangaskhan|53\/100 tox|[from] psn\n|upkeep\n|\n|t:|1698781017\n|switch|p2a: Reshiram|Reshiram|100\/100\n|-damage|p2a: Reshiram|76\/100|[from] Stealth Rock\n|-ability|p2a: Reshiram|Turboblaze\n|turn|27\n|\n|t:|1698781024\n|move|p1a: Kangaskhan|Ice Punch|p2a: Reshiram\n|-damage|p2a: Reshiram|53\/100\n|-damage|p2a: Reshiram|48\/100\n|-hitcount|p2a: Reshiram|2\n|move|p2a: Reshiram|Fusion Flare|p1a: Kangaskhan\n|-damage|p1a: Kangaskhan|0 fnt\n|faint|p1a: Kangaskhan\n|\n|upkeep\n|\n|t:|1698781032\n|switch|p1a: Charizard|Charizard, M|100\/100\n|-damage|p1a: Charizard|51\/100|[from] Stealth Rock\n|turn|28\n|\n|t:|1698781038\n|move|p1a: Charizard|Air Slash|p2a: Reshiram\n|-damage|p2a: Reshiram|30\/100\n|cant|p2a: Reshiram|flinch\n|\n|upkeep\n|turn|29\n|\n|t:|1698781045\n|move|p1a: Charizard|Ancient Power|p2a: Reshiram\n|-supereffective|p2a: Reshiram\n|-damage|p2a: Reshiram|13\/100\n|move|p2a: Reshiram|Dragon Pulse|p1a: Charizard\n|-damage|p1a: Charizard|0 fnt\n|faint|p1a: Charizard\n|\n|win|Yellow_Calico\n|raw|willstacksgod's rating: 1144 &rarr; <strong>1119<\/strong><br \/>(-25 for losing)\n|raw|Yellow_Calico's rating: 1149 &rarr; <strong>1174<\/strong><br \/>(+25 for winning)\n|c|\u2606Yellow_Calico|Gg\n","uploadtime":1698781075,"views":10,"p1id":"willstacksgod","p2id":"yellowcalico","formatid":"gen9nationaldexubers","rating":1119,"private":0,"password":""}