{"id":"gen9nationaldexubers-1999529926","p1":"JustMonika_CARR","p2":"meinhartkaizer","format":"[Gen 9] National Dex Ubers","log":"|j|\u2606JustMonika_CARR\n|j|\u2606meinhartkaizer\n|t:|1701093009\n|gametype|singles\n|player|p1|JustMonika_CARR|rosa|1416\n|player|p2|meinhartkaizer|101|1442\n|teamsize|p1|6\n|teamsize|p2|6\n|gen|9\n|tier|[Gen 9] National Dex Ubers\n|rated|\n|rule|HP Percentage Mod: HP is shown in percentages\n|rule|Endless Battle Clause: Forcing endless battles is banned\n|rule|OHKO Clause: OHKO moves are banned\n|rule|Evasion Moves Clause: Evasion moves are banned\n|rule|Evasion Items Clause: Evasion items are banned\n|rule|Species Clause: Limit one of each Pok\u00e9mon\n|rule|Sleep Clause Mod: Limit one foe put to sleep\n|rule|Mega Rayquaza Clause: You cannot mega evolve Rayquaza\n|clearpoke\n|poke|p1|Marshadow|\n|poke|p1|Lopunny, F|\n|poke|p1|Eternatus|\n|poke|p1|Forretress, F|\n|poke|p1|Pheromosa|\n|poke|p1|Grimmsnarl, M|\n|poke|p2|Marshadow|\n|poke|p2|Zacian-*|\n|poke|p2|Ditto|\n|poke|p2|Kyogre|\n|poke|p2|Basculegion, M|\n|poke|p2|Cloyster, F|\n|teampreview\n|\n|t:|1701093019\n|start\n|switch|p1a: Forretress|Forretress, F, shiny|100\/100\n|switch|p2a: Cloyster|Cloyster, F|100\/100\n|turn|1\n|inactive|Battle timer is ON: inactive players will automatically lose when time's up. (requested by JustMonika_CARR)\n|c|\u2606JustMonika_CARR|Glhf\n|c|\u2606meinhartkaizer|u 2\n|\n|t:|1701093060\n|move|p2a: Cloyster|Shell Smash|p2a: Cloyster\n|-unboost|p2a: Cloyster|def|1\n|-unboost|p2a: Cloyster|spd|1\n|-boost|p2a: Cloyster|atk|2\n|-boost|p2a: Cloyster|spa|2\n|-boost|p2a: Cloyster|spe|2\n|-enditem|p2a: Cloyster|White Herb\n|-clearnegativeboost|p2a: Cloyster|[silent]\n|move|p1a: Forretress|Toxic Spikes|p2a: Cloyster\n|-sidestart|p2: meinhartkaizer|move: Toxic Spikes\n|\n|upkeep\n|turn|2\n|\n|t:|1701093064\n|move|p2a: Cloyster|Shell Smash|p2a: Cloyster\n|-unboost|p2a: Cloyster|def|1\n|-unboost|p2a: Cloyster|spd|1\n|-boost|p2a: Cloyster|atk|2\n|-boost|p2a: Cloyster|spa|2\n|-boost|p2a: Cloyster|spe|2\n|move|p1a: Forretress|Stealth Rock|p2a: Cloyster\n|-sidestart|p2: meinhartkaizer|move: Stealth Rock\n|\n|upkeep\n|turn|3\n|\n|t:|1701093070\n|-terastallize|p2a: Cloyster|Ground\n|move|p2a: Cloyster|Rapid Spin|p1a: Forretress\n|-resisted|p1a: Forretress\n|-damage|p1a: Forretress|90\/100\n|-boost|p2a: Cloyster|spe|1\n|-sideend|p2: meinhartkaizer|Toxic Spikes|[from] move: Rapid Spin|[of] p2a: Cloyster\n|-sideend|p2: meinhartkaizer|Stealth Rock|[from] move: Rapid Spin|[of] p2a: Cloyster\n|-enditem|p1a: Forretress|Red Card|[of] p2a: Cloyster\n|drag|p2a: Basculegion|Basculegion, M|100\/100\n|move|p1a: Forretress|Toxic Spikes|p2a: Basculegion\n|-sidestart|p2: meinhartkaizer|move: Toxic Spikes\n|\n|upkeep\n|turn|4\n|\n|t:|1701093080\n|switch|p2a: Zacian|Zacian-Crowned, shiny|100\/100\n|-ability|p2a: Zacian|Intrepid Sword|boost\n|-boost|p2a: Zacian|atk|1\n|move|p1a: Forretress|Toxic Spikes|p2a: Zacian\n|-sidestart|p2: meinhartkaizer|move: Toxic Spikes\n|\n|upkeep\n|turn|5\n|\n|t:|1701093083\n|move|p2a: Zacian|Swords Dance|p2a: Zacian\n|-boost|p2a: Zacian|atk|2\n|move|p1a: Forretress|Stealth Rock|p2a: Zacian\n|-sidestart|p2: meinhartkaizer|move: Stealth Rock\n|\n|upkeep\n|turn|6\n|\n|t:|1701093092\n|move|p2a: Zacian|Sacred Sword|p1a: Forretress\n|-damage|p1a: Forretress|44\/100\n|move|p1a: Forretress|Rapid Spin|p2a: Zacian\n|-resisted|p2a: Zacian\n|-damage|p2a: Zacian|96\/100\n|-boost|p1a: Forretress|spe|1\n|\n|upkeep\n|turn|7\n|\n|t:|1701093097\n|move|p2a: Zacian|Sacred Sword|p1a: Forretress\n|-damage|p1a: Forretress|0 fnt\n|faint|p1a: Forretress\n|\n|upkeep\n|\n|t:|1701093101\n|switch|p1a: Marshadow|Marshadow|100\/100\n|turn|8\n|\n|t:|1701093108\n|move|p2a: Zacian|Play Rough|p1a: Marshadow\n|-supereffective|p1a: Marshadow\n|-enditem|p1a: Marshadow|Focus Sash\n|-damage|p1a: Marshadow|1\/100\n|move|p1a: Marshadow|Spectral Thief||[still]\n|-clearpositiveboost|p2a: Zacian|p1a: Marshadow|move: Spectral Thief\n|-boost|p1a: Marshadow|atk|3\n|-anim|p1a: Marshadow|Spectral Thief|p2a: Zacian\n|-damage|p2a: Zacian|0 fnt\n|faint|p2a: Zacian\n|\n|upkeep\n|\n|t:|1701093112\n|switch|p2a: Marshadow|Marshadow|100\/100\n|-status|p2a: Marshadow|tox\n|-damage|p2a: Marshadow|94\/100 tox|[from] Stealth Rock\n|turn|9\n|\n|t:|1701093119\n|switch|p1a: Lopunny|Lopunny, F, shiny|100\/100\n|move|p2a: Marshadow|Shadow Sneak|p1a: Lopunny\n|-immune|p1a: Lopunny\n|\n|-damage|p2a: Marshadow|88\/100 tox|[from] psn\n|upkeep\n|turn|10\n|\n|t:|1701093131\n|detailschange|p1a: Lopunny|Lopunny-Mega, F, shiny\n|-mega|p1a: Lopunny|Lopunny|Lopunnite\n|move|p1a: Lopunny|Fake Out|p2a: Marshadow\n|-damage|p2a: Marshadow|61\/100 tox\n|cant|p2a: Marshadow|flinch\n|\n|-damage|p2a: Marshadow|49\/100 tox|[from] psn\n|upkeep\n|turn|11\n|\n|t:|1701093139\n|move|p1a: Lopunny|Return|p2a: Marshadow\n|-damage|p2a: Marshadow|0 fnt\n|faint|p2a: Marshadow\n|\n|upkeep\n|\n|t:|1701093167\n|switch|p2a: Cloyster|Cloyster, F, tera:Ground|100\/100\n|-status|p2a: Cloyster|tox\n|-damage|p2a: Cloyster|94\/100 tox|[from] Stealth Rock\n|turn|12\n|\n|t:|1701093174\n|switch|p1a: Marshadow|Marshadow|1\/100\n|move|p2a: Cloyster|Icicle Spear|p1a: Marshadow\n|-damage|p1a: Marshadow|0 fnt\n|faint|p1a: Marshadow\n|-hitcount|p1: Marshadow|1\n|\n|-damage|p2a: Cloyster|88\/100 tox|[from] psn\n|upkeep\n|\n|t:|1701093181\n|switch|p1a: Grimmsnarl|Grimmsnarl, M, shiny|100\/100\n|turn|13\n|\n|t:|1701093186\n|move|p1a: Grimmsnarl|Reflect|p1a: Grimmsnarl\n|-sidestart|p1: JustMonika_CARR|Reflect\n|move|p2a: Cloyster|Icicle Spear|p1a: Grimmsnarl\n|-damage|p1a: Grimmsnarl|95\/100\n|-damage|p1a: Grimmsnarl|91\/100\n|-damage|p1a: Grimmsnarl|85\/100\n|-damage|p1a: Grimmsnarl|80\/100\n|-damage|p1a: Grimmsnarl|75\/100\n|-hitcount|p1a: Grimmsnarl|5\n|\n|-heal|p1a: Grimmsnarl|81\/100|[from] item: Leftovers\n|-damage|p2a: Cloyster|76\/100 tox|[from] psn\n|upkeep\n|turn|14\n|\n|t:|1701093191\n|move|p2a: Cloyster|Shell Smash|p2a: Cloyster\n|-unboost|p2a: Cloyster|def|1\n|-unboost|p2a: Cloyster|spd|1\n|-boost|p2a: Cloyster|atk|2\n|-boost|p2a: Cloyster|spa|2\n|-boost|p2a: Cloyster|spe|2\n|move|p1a: Grimmsnarl|Spirit Break|p2a: Cloyster\n|-damage|p2a: Cloyster|32\/100 tox\n|-unboost|p2a: Cloyster|spa|1\n|\n|-heal|p1a: Grimmsnarl|87\/100|[from] item: Leftovers\n|-damage|p2a: Cloyster|13\/100 tox|[from] psn\n|upkeep\n|turn|15\n|\n|t:|1701093196\n|move|p2a: Cloyster|Rock Blast|p1a: Grimmsnarl\n|-damage|p1a: Grimmsnarl|80\/100\n|-damage|p1a: Grimmsnarl|72\/100\n|-damage|p1a: Grimmsnarl|65\/100\n|-damage|p1a: Grimmsnarl|58\/100\n|-damage|p1a: Grimmsnarl|50\/100\n|-hitcount|p1a: Grimmsnarl|5\n|move|p1a: Grimmsnarl|Spirit Break|p2a: Cloyster\n|-damage|p2a: Cloyster|0 fnt\n|faint|p2a: Cloyster\n|\n|-heal|p1a: Grimmsnarl|57\/100|[from] item: Leftovers\n|upkeep\n|\n|t:|1701093203\n|switch|p2a: Kyogre|Kyogre|100\/100\n|-status|p2a: Kyogre|tox\n|-damage|p2a: Kyogre|88\/100 tox|[from] Stealth Rock\n|-weather|RainDance|[from] ability: Drizzle|[of] p2a: Kyogre\n|turn|16\n|\n|t:|1701093207\n|move|p1a: Grimmsnarl|Light Screen|p1a: Grimmsnarl\n|-sidestart|p1: JustMonika_CARR|move: Light Screen\n|move|p2a: Kyogre|Water Spout|p1a: Grimmsnarl\n|-damage|p1a: Grimmsnarl|0 fnt\n|faint|p1a: Grimmsnarl\n|\n|-weather|RainDance|[upkeep]\n|-damage|p2a: Kyogre|82\/100 tox|[from] psn\n|upkeep\n|\n|t:|1701093211\n|switch|p1a: Pheromosa|Pheromosa, shiny|100\/100\n|turn|17\n|\n|t:|1701093213\n|move|p2a: Kyogre|Water Spout|p1a: Pheromosa\n|-enditem|p1a: Pheromosa|Focus Sash\n|-damage|p1a: Pheromosa|1\/100\n|move|p1a: Pheromosa|Rapid Spin|p2a: Kyogre\n|-damage|p2a: Kyogre|65\/100 tox\n|-boost|p1a: Pheromosa|spe|1\n|\n|-weather|RainDance|[upkeep]\n|-damage|p2a: Kyogre|53\/100 tox|[from] psn\n|-sideend|p1: JustMonika_CARR|Reflect\n|upkeep\n|turn|18\n|\n|t:|1701093217\n|move|p1a: Pheromosa|Close Combat|p2a: Kyogre\n|-damage|p2a: Kyogre|0 fnt\n|-unboost|p1a: Pheromosa|def|1\n|-unboost|p1a: Pheromosa|spd|1\n|faint|p2a: Kyogre\n|-ability|p1a: Pheromosa|Beast Boost|boost\n|-boost|p1a: Pheromosa|spa|1\n|\n|-weather|RainDance|[upkeep]\n|upkeep\n|\n|t:|1701093223\n|switch|p2a: Ditto|Ditto, shiny|100\/100\n|-status|p2a: Ditto|tox\n|-damage|p2a: Ditto|88\/100 tox|[from] Stealth Rock\n|-transform|p2a: Ditto|p1a: Pheromosa|[from] ability: Imposter\n|turn|19\n|\n|t:|1701093228\n|move|p2a: Ditto|Rapid Spin|p1a: Pheromosa\n|-crit|p1a: Pheromosa\n|-damage|p1a: Pheromosa|0 fnt\n|-boost|p2a: Ditto|spe|1\n|-sideend|p2: meinhartkaizer|Toxic Spikes|[from] move: Rapid Spin|[of] p2a: Ditto\n|-sideend|p2: meinhartkaizer|Stealth Rock|[from] move: Rapid Spin|[of] p2a: Ditto\n|faint|p1a: Pheromosa\n|-ability|p2a: Ditto|Beast Boost|boost\n|-boost|p2a: Ditto|spa|1\n|\n|-weather|RainDance|[upkeep]\n|-damage|p2a: Ditto|82\/100 tox|[from] psn\n|upkeep\n|\n|t:|1701093234\n|switch|p1a: Lopunny|Lopunny-Mega, F, shiny|100\/100\n|turn|20\n|\n|t:|1701093240\n|move|p1a: Lopunny|Fake Out|p2a: Ditto\n|-damage|p2a: Ditto|0 fnt\n|faint|p2a: Ditto\n|\n|-weather|none\n|-sideend|p1: JustMonika_CARR|move: Light Screen\n|upkeep\n|\n|t:|1701093242\n|switch|p2a: Basculegion|Basculegion, M|100\/100\n|turn|21\n|\n|t:|1701093248\n|move|p2a: Basculegion|Zen Headbutt|p1a: Lopunny|[miss]\n|-miss|p2a: Basculegion|p1a: Lopunny\n|move|p1a: Lopunny|Return|p2a: Basculegion\n|-damage|p2a: Basculegion|35\/100\n|\n|upkeep\n|turn|22\n|\n|t:|1701093251\n|move|p2a: Basculegion|Zen Headbutt|p1a: Lopunny\n|-supereffective|p1a: Lopunny\n|-damage|p1a: Lopunny|36\/100\n|move|p1a: Lopunny|Drain Punch|p2a: Basculegion\n|-damage|p2a: Basculegion|0 fnt\n|-heal|p1a: Lopunny|61\/100|[from] drain|[of] p2a: Basculegion\n|faint|p2a: Basculegion\n|\n|win|JustMonika_CARR\n|raw|JustMonika_CARR's rating: 1416 &rarr; <strong>1437<\/strong><br \/>(+21 for winning)\n|raw|meinhartkaizer's rating: 1430 &rarr; <strong>1409<\/strong><br \/>(-21 for losing)\n|c|\u2606meinhartkaizer|gg\n","uploadtime":1701093262,"views":1,"p1id":"justmonikacarr","p2id":"meinhartkaizer","formatid":"gen9nationaldexubers","rating":1409,"private":0,"password":""}