{"id":"gen9nationaldexubers-1978423770","p1":"Breeze88","p2":"85792195wwww","format":"[Gen 9] National Dex Ubers","log":"|j|\u2606Breeze88\n|j|\u260685792195wwww\n|t:|1698537089\n|gametype|singles\n|player|p1|Breeze88|steven|1759\n|player|p2|85792195wwww|lady|1722\n|teamsize|p1|6\n|teamsize|p2|6\n|gen|9\n|tier|[Gen 9] National Dex Ubers\n|rated|\n|rule|HP Percentage Mod: HP is shown in percentages\n|rule|Endless Battle Clause: Forcing endless battles is banned\n|rule|OHKO Clause: OHKO moves are banned\n|rule|Evasion Moves Clause: Evasion moves are banned\n|rule|Evasion Items Clause: Evasion items are banned\n|rule|Species Clause: Limit one of each Pok\u00e9mon\n|rule|Sleep Clause Mod: Limit one foe put to sleep\n|rule|Mega Rayquaza Clause: You cannot mega evolve Rayquaza\n|clearpoke\n|poke|p1|Shuckle, F|\n|poke|p1|Gholdengo|\n|poke|p1|Yveltal|\n|poke|p1|Groudon|\n|poke|p1|Arceus-Ground|\n|poke|p1|Xerneas-*|\n|poke|p2|Zacian-*|\n|poke|p2|Kyogre|\n|poke|p2|Xerneas-*|\n|poke|p2|Krookodile, M|\n|poke|p2|Groudon|\n|poke|p2|Arceus|\n|teampreview\n|inactive|Battle timer is ON: inactive players will automatically lose when time's up. (requested by Breeze88)\n|c|\u2606Breeze88|glhf\n|c|\u2606Breeze88|again\n|inactive|Breeze88 has 120 seconds left.\n|\n|t:|1698537127\n|start\n|switch|p1a: Shuckle|Shuckle, F, shiny|100\/100\n|switch|p2a: Zacian|Zacian-Crowned|100\/100\n|-ability|p2a: Zacian|Intrepid Sword|boost\n|-boost|p2a: Zacian|atk|1\n|turn|1\n|\n|t:|1698537139\n|move|p2a: Zacian|Behemoth Blade|p1a: Shuckle\n|-supereffective|p1a: Shuckle\n|-ability|p1a: Shuckle|Sturdy\n|-damage|p1a: Shuckle|1\/100\n|move|p1a: Shuckle|Sticky Web|p2a: Zacian\n|-sidestart|p2: 85792195wwww|move: Sticky Web\n|\n|upkeep\n|turn|2\n|\n|t:|1698537147\n|move|p2a: Zacian|Behemoth Blade|p1a: Shuckle\n|-supereffective|p1a: Shuckle\n|-damage|p1a: Shuckle|0 fnt\n|faint|p1a: Shuckle\n|\n|upkeep\n|\n|t:|1698537165\n|switch|p1a: Groudon|Groudon|100\/100\n|detailschange|p1a: Groudon|Groudon-Primal\n|-primal|p1a: Groudon|Red Orb\n|-weather|DesolateLand|[from] ability: Desolate Land|[of] p1a: Groudon\n|turn|3\n|\n|t:|1698537171\n|-terastallize|p2a: Zacian|Ground\n|move|p2a: Zacian|Tera Blast|p1a: Groudon|[anim] Tera Blast Ground\n|-supereffective|p1a: Groudon\n|-damage|p1a: Groudon|20\/100\n|move|p1a: Groudon|Precipice Blades|p2a: Zacian|[miss]\n|-miss|p1a: Groudon|p2a: Zacian\n|\n|-weather|DesolateLand|[upkeep]\n|upkeep\n|turn|4\n|\n|t:|1698537180\n|move|p2a: Zacian|Behemoth Blade|p1a: Groudon\n|-resisted|p1a: Groudon\n|-damage|p1a: Groudon|0 fnt\n|faint|p1a: Groudon\n|-weather|none\n|\n|upkeep\n|\n|t:|1698537204\n|switch|p1a: Arceus|Arceus-Ground|100\/100\n|turn|5\n|\n|t:|1698537212\n|move|p2a: Zacian|Behemoth Blade|p1a: Arceus\n|-damage|p1a: Arceus|36\/100\n|move|p1a: Arceus|Earthquake|p2a: Zacian\n|-damage|p2a: Zacian|52\/100\n|\n|upkeep\n|turn|6\n|\n|t:|1698537231\n|switch|p1a: Yveltal|Yveltal|100\/100\n|-ability|p1a: Yveltal|Dark Aura\n|move|p2a: Zacian|Behemoth Blade|p1a: Yveltal\n|-damage|p1a: Yveltal|28\/100\n|\n|upkeep\n|turn|7\n|\n|t:|1698537242\n|-terastallize|p1a: Yveltal|Dark\n|move|p1a: Yveltal|Sucker Punch|p2a: Zacian\n|-damage|p2a: Zacian|0 fnt\n|faint|p2a: Zacian\n|-damage|p1a: Yveltal|18\/100|[from] item: Life Orb\n|\n|upkeep\n|\n|t:|1698537251\n|switch|p2a: Arceus|Arceus|100\/100\n|-activate|p2a: Arceus|move: Sticky Web\n|-unboost|p2a: Arceus|spe|1\n|turn|8\n|\n|t:|1698537256\n|move|p2a: Arceus|Extreme Speed|p1a: Yveltal\n|-damage|p1a: Yveltal|0 fnt\n|faint|p1a: Yveltal\n|-damage|p2a: Arceus|91\/100|[from] item: Life Orb\n|\n|upkeep\n|\n|t:|1698537259\n|switch|p1a: Gholdengo|Gholdengo|100\/100\n|turn|9\n|\n|t:|1698537270\n|switch|p2a: Kyogre|Kyogre|100\/100\n|-activate|p2a: Kyogre|move: Sticky Web\n|-unboost|p2a: Kyogre|spe|1\n|detailschange|p2a: Kyogre|Kyogre-Primal\n|-primal|p2a: Kyogre|Blue Orb\n|-weather|PrimordialSea|[from] ability: Primordial Sea|[of] p2a: Kyogre\n|move|p1a: Gholdengo|Trick||[still]\n|-fail|p1a: Gholdengo\n|\n|-weather|PrimordialSea|[upkeep]\n|upkeep\n|turn|10\n|\n|t:|1698537282\n|switch|p1a: Xerneas|Xerneas|100\/100\n|-ability|p1a: Xerneas|Fairy Aura\n|move|p2a: Kyogre|Water Spout|p1a: Xerneas\n|-damage|p1a: Xerneas|0 fnt\n|faint|p1a: Xerneas\n|\n|-weather|PrimordialSea|[upkeep]\n|upkeep\n|\n|t:|1698537289\n|switch|p1a: Arceus|Arceus-Ground|36\/100\n|turn|11\n|\n|t:|1698537294\n|-weather|none\n|switch|p2a: Krookodile|Krookodile, M|100\/100\n|-activate|p2a: Krookodile|move: Sticky Web\n|-unboost|p2a: Krookodile|spe|1\n|-ability|p2a: Krookodile|Intimidate|boost\n|-unboost|p1a: Arceus|atk|1\n|-zpower|p1a: Arceus\n|move|p1a: Arceus|Tectonic Rage|p2a: Krookodile|[zeffect]\n|-damage|p2a: Krookodile|33\/100\n|\n|upkeep\n|turn|12\n|\n|t:|1698537308\n|move|p1a: Arceus|Recover|p1a: Arceus\n|-heal|p1a: Arceus|86\/100\n|move|p2a: Krookodile|Bulldoze|p1a: Arceus\n|-damage|p1a: Arceus|65\/100\n|-unboost|p1a: Arceus|spe|1\n|\n|upkeep\n|turn|13\n|\n|t:|1698537316\n|switch|p2a: Kyogre|Kyogre-Primal|100\/100\n|-activate|p2a: Kyogre|move: Sticky Web\n|-unboost|p2a: Kyogre|spe|1\n|-weather|PrimordialSea|[from] ability: Primordial Sea|[of] p2a: Kyogre\n|move|p1a: Arceus|Earthquake|p2a: Kyogre\n|-damage|p2a: Kyogre|71\/100\n|\n|-weather|PrimordialSea|[upkeep]\n|upkeep\n|turn|14\n|\n|t:|1698537328\n|switch|p1a: Gholdengo|Gholdengo|100\/100\n|move|p2a: Kyogre|Scald|p1a: Gholdengo\n|-damage|p1a: Gholdengo|0 fnt\n|faint|p1a: Gholdengo\n|\n|-weather|PrimordialSea|[upkeep]\n|upkeep\n|\n|t:|1698537330\n|switch|p1a: Arceus|Arceus-Ground|65\/100\n|turn|15\n|c|\u2606Breeze88|ggwp\n|\n|t:|1698537339\n|move|p1a: Arceus|Swords Dance|p1a: Arceus\n|-boost|p1a: Arceus|atk|2\n|move|p2a: Kyogre|Scald|p1a: Arceus\n|-supereffective|p1a: Arceus\n|-damage|p1a: Arceus|0 fnt\n|faint|p1a: Arceus\n|\n|win|85792195wwww\n|raw|Breeze88's rating: 1759 &rarr; <strong>1737<\/strong><br \/>(-22 for losing)\n|raw|85792195wwww's rating: 1722 &rarr; <strong>1744<\/strong><br \/>(+22 for winning)\n|l|\u2606Breeze88\n","uploadtime":1698537348,"views":11,"p1id":"breeze88","p2id":"85792195wwww","formatid":"gen9nationaldexubers","rating":1737,"private":0,"password":""}