{"id":"gen9nationaldexubers-1978047611","p1":"Kobe1919810\u7262\u5927","p2":"xikeso","format":"[Gen 9] National Dex Ubers","log":"|j|\u2606Kobe1919810\u7262\u5927\n|j|\u2606xikeso\n|t:|1698490911\n|gametype|singles\n|player|p1|Kobe1919810\u7262\u5927|rosa-masters2|1417\n|player|p2|xikeso|iono|1446\n|teamsize|p1|6\n|teamsize|p2|6\n|gen|9\n|tier|[Gen 9] National Dex Ubers\n|rated|\n|rule|HP Percentage Mod: HP is shown in percentages\n|rule|Endless Battle Clause: Forcing endless battles is banned\n|rule|OHKO Clause: OHKO moves are banned\n|rule|Evasion Moves Clause: Evasion moves are banned\n|rule|Evasion Items Clause: Evasion items are banned\n|rule|Species Clause: Limit one of each Pok\u00e9mon\n|rule|Sleep Clause Mod: Limit one foe put to sleep\n|rule|Mega Rayquaza Clause: You cannot mega evolve Rayquaza\n|clearpoke\n|poke|p1|Ribombee, M|\n|poke|p1|Pheromosa|\n|poke|p1|Marshadow|\n|poke|p1|Necrozma-Dusk-Mane|\n|poke|p1|Groudon|\n|poke|p1|Kyogre|\n|poke|p2|Ho-Oh|\n|poke|p2|Yveltal|\n|poke|p2|Necrozma-Dusk-Mane|\n|poke|p2|Groudon|\n|poke|p2|Lugia|\n|poke|p2|Arceus-Dark|\n|teampreview\n|inactive|Battle timer is ON: inactive players will automatically lose when time's up. (requested by Kobe1919810\u7262\u5927)\n|inactive|xikeso also wants the timer to be on.\n|\n|t:|1698490934\n|start\n|switch|p1a: Ribombee|Ribombee, M|100\/100\n|switch|p2a: Yveltal|Yveltal|100\/100\n|-ability|p2a: Yveltal|Dark Aura\n|turn|1\n|\n|t:|1698490946\n|move|p1a: Ribombee|Sticky Web|p2a: Yveltal\n|-sidestart|p2: xikeso|move: Sticky Web\n|move|p2a: Yveltal|Toxic|p1a: Ribombee\n|-status|p1a: Ribombee|tox\n|\n|-damage|p1a: Ribombee|94\/100 tox|[from] psn\n|upkeep\n|turn|2\n|\n|t:|1698490953\n|move|p1a: Ribombee|Stun Spore|p2a: Yveltal\n|-status|p2a: Yveltal|par\n|move|p2a: Yveltal|Oblivion Wing|p1a: Ribombee\n|-supereffective|p1a: Ribombee\n|-damage|p1a: Ribombee|0 fnt\n|faint|p1a: Ribombee\n|\n|upkeep\n|\n|t:|1698490959\n|switch|p1a: Kyogre|Kyogre|100\/100\n|-weather|RainDance|[from] ability: Drizzle|[of] p1a: Kyogre\n|turn|3\n|\n|t:|1698490969\n|move|p1a: Kyogre|Water Spout|p2a: Yveltal\n|-damage|p2a: Yveltal|0 fnt\n|faint|p2a: Yveltal\n|\n|-weather|RainDance|[upkeep]\n|upkeep\n|\n|t:|1698490977\n|switch|p2a: Groudon|Groudon, shiny|100\/100\n|-activate|p2a: Groudon|move: Sticky Web\n|-unboost|p2a: Groudon|spe|1\n|detailschange|p2a: Groudon|Groudon-Primal, shiny\n|-primal|p2a: Groudon|Red Orb\n|-weather|DesolateLand|[from] ability: Desolate Land|[of] p2a: Groudon\n|turn|4\n|\n|t:|1698490985\n|switch|p1a: Pheromosa|Pheromosa|100\/100\n|move|p2a: Groudon|Precipice Blades|p1a: Pheromosa\n|-resisted|p1a: Pheromosa\n|-enditem|p1a: Pheromosa|Focus Sash\n|-damage|p1a: Pheromosa|1\/100\n|\n|-weather|DesolateLand|[upkeep]\n|upkeep\n|turn|5\n|\n|t:|1698490993\n|move|p1a: Pheromosa|Close Combat|p2a: Groudon\n|-damage|p2a: Groudon|61\/100\n|-unboost|p1a: Pheromosa|def|1\n|-unboost|p1a: Pheromosa|spd|1\n|move|p2a: Groudon|Heat Crash|p1a: Pheromosa\n|-supereffective|p1a: Pheromosa\n|-damage|p1a: Pheromosa|0 fnt\n|faint|p1a: Pheromosa\n|\n|-weather|DesolateLand|[upkeep]\n|upkeep\n|\n|t:|1698490998\n|switch|p1a: Necrozma|Necrozma-Dusk-Mane|100\/100\n|turn|6\n|\n|t:|1698491006\n|detailschange|p1a: Necrozma|Necrozma-Ultra\n|-burst|p1a: Necrozma|Necrozma|Ultranecrozium Z\n|move|p1a: Necrozma|Swords Dance|p1a: Necrozma\n|-boost|p1a: Necrozma|atk|2\n|move|p2a: Groudon|Heat Crash|p1a: Necrozma\n|-resisted|p1a: Necrozma\n|-damage|p1a: Necrozma|50\/100\n|\n|-weather|DesolateLand|[upkeep]\n|upkeep\n|turn|7\n|\n|t:|1698491017\n|move|p1a: Necrozma|Earthquake|p2a: Groudon\n|-supereffective|p2a: Groudon\n|-damage|p2a: Groudon|0 fnt\n|faint|p2a: Groudon\n|-weather|none\n|\n|upkeep\n|\n|t:|1698491027\n|switch|p2a: Lugia|Lugia|100\/100\n|turn|8\n|\n|t:|1698491032\n|move|p1a: Necrozma|Photon Geyser|p2a: Lugia\n|-resisted|p2a: Lugia\n|-damage|p2a: Lugia|58\/100\n|move|p2a: Lugia|Roar|p1a: Necrozma\n|drag|p1a: Groudon|Groudon|100\/100\n|detailschange|p1a: Groudon|Groudon-Primal\n|-primal|p1a: Groudon|Red Orb\n|-weather|DesolateLand|[from] ability: Desolate Land|[of] p1a: Groudon\n|\n|-weather|DesolateLand|[upkeep]\n|upkeep\n|turn|9\n|\n|t:|1698491045\n|move|p1a: Groudon|Heat Crash|p2a: Lugia\n|-damage|p2a: Lugia|0 fnt\n|faint|p2a: Lugia\n|\n|-weather|DesolateLand|[upkeep]\n|upkeep\n|\n|t:|1698491053\n|switch|p2a: Ho-Oh|Ho-Oh|100\/100\n|turn|10\n|\n|t:|1698491062\n|-weather|none\n|switch|p1a: Necrozma|Necrozma-Ultra|50\/100\n|move|p2a: Ho-Oh|Toxic|p1a: Necrozma\n|-status|p1a: Necrozma|tox\n|\n|-damage|p1a: Necrozma|44\/100 tox|[from] psn\n|upkeep\n|turn|11\n|\n|t:|1698491076\n|-zpower|p1a: Necrozma\n|move|p1a: Necrozma|Light That Burns the Sky|p2a: Ho-Oh|[zeffect]\n|-damage|p2a: Ho-Oh|16\/100\n|move|p2a: Ho-Oh|Whirlwind|p1a: Necrozma\n|drag|p1a: Marshadow|Marshadow|100\/100\n|\n|upkeep\n|turn|12\n|\n|t:|1698491088\n|switch|p2a: Arceus|Arceus-Dark|100\/100\n|-activate|p2a: Arceus|move: Sticky Web\n|-unboost|p2a: Arceus|spe|1\n|move|p1a: Marshadow|Spectral Thief|p2a: Arceus\n|-resisted|p2a: Arceus\n|-damage|p2a: Arceus|85\/100\n|\n|upkeep\n|turn|13\n|j| Jia7\n|l| Jia7\n|\n|t:|1698491106\n|-terastallize|p2a: Arceus|Fairy\n|move|p1a: Marshadow|Close Combat|p2a: Arceus\n|-resisted|p2a: Arceus\n|-damage|p2a: Arceus|64\/100\n|-unboost|p1a: Marshadow|def|1\n|-unboost|p1a: Marshadow|spd|1\n|move|p2a: Arceus|Judgment|p1a: Marshadow\n|-damage|p1a: Marshadow|15\/100\n|\n|upkeep\n|turn|14\n|\n|t:|1698491128\n|move|p1a: Marshadow|Spectral Thief|p2a: Arceus\n|-damage|p2a: Arceus|34\/100\n|move|p2a: Arceus|Recover|p2a: Arceus\n|-heal|p2a: Arceus|84\/100\n|\n|upkeep\n|turn|15\n|\n|t:|1698491143\n|switch|p1a: Necrozma|Necrozma-Ultra|44\/100 tox\n|move|p2a: Arceus|Calm Mind|p2a: Arceus\n|-boost|p2a: Arceus|spa|1\n|-boost|p2a: Arceus|spd|1\n|\n|-damage|p1a: Necrozma|38\/100 tox|[from] psn\n|upkeep\n|turn|16\n|\n|t:|1698491153\n|move|p1a: Necrozma|Sunsteel Strike|p2a: Arceus\n|-supereffective|p2a: Arceus\n|-damage|p2a: Arceus|13\/100\n|move|p2a: Arceus|Judgment|p1a: Necrozma\n|-supereffective|p1a: Necrozma\n|-damage|p1a: Necrozma|0 fnt\n|faint|p1a: Necrozma\n|\n|upkeep\n|\n|t:|1698491160\n|switch|p1a: Groudon|Groudon-Primal|100\/100\n|-weather|DesolateLand|[from] ability: Desolate Land|[of] p1a: Groudon\n|turn|17\n|\n|t:|1698491166\n|move|p1a: Groudon|Heat Crash|p2a: Arceus\n|-damage|p2a: Arceus|0 fnt\n|faint|p2a: Arceus\n|\n|-weather|DesolateLand|[upkeep]\n|upkeep\n|\n|t:|1698491169\n|switch|p2a: Ho-Oh|Ho-Oh|49\/100\n|turn|18\n|\n|t:|1698491173\n|-weather|none\n|switch|p1a: Kyogre|Kyogre|100\/100\n|-weather|RainDance|[from] ability: Drizzle|[of] p1a: Kyogre\n|move|p2a: Ho-Oh|Roost|p2a: Ho-Oh\n|-heal|p2a: Ho-Oh|99\/100\n|-singleturn|p2a: Ho-Oh|move: Roost\n|\n|-weather|RainDance|[upkeep]\n|upkeep\n|turn|19\n|\n|t:|1698491183\n|move|p1a: Kyogre|Water Spout|p2a: Ho-Oh\n|-supereffective|p2a: Ho-Oh\n|-damage|p2a: Ho-Oh|0 fnt\n|faint|p2a: Ho-Oh\n|\n|-weather|RainDance|[upkeep]\n|upkeep\n|c|\u2606Kobe1919810\u7262\u5927|gg\n|\n|t:|1698491186\n|switch|p2a: Necrozma|Necrozma-Dusk-Mane, shiny|100\/100\n|-activate|p2a: Necrozma|move: Sticky Web\n|-unboost|p2a: Necrozma|spe|1\n|turn|20\n|\n|t:|1698491201\n|detailschange|p2a: Necrozma|Necrozma-Ultra, shiny\n|-burst|p2a: Necrozma|Necrozma|Ultranecrozium Z\n|-terastallize|p1a: Kyogre|Water\n|move|p1a: Kyogre|Water Spout|p2a: Necrozma\n|-resisted|p2a: Necrozma\n|-damage|p2a: Necrozma|0 fnt\n|faint|p2a: Necrozma\n|\n|win|Kobe1919810\u7262\u5927\n|raw|Kobe1919810\u7262\u5927's rating: 1417 &rarr; <strong>1439<\/strong><br \/>(+22 for winning)\n|raw|xikeso's rating: 1446 &rarr; <strong>1424<\/strong><br \/>(-22 for losing)\n","uploadtime":1698491209,"views":7,"p1id":"kobe1919810","p2id":"xikeso","formatid":"gen9nationaldexubers","rating":1424,"private":0,"password":""}