{"id":"gen9nationaldexubers-1980708814","p1":"Winryli","p2":"Cilantora","format":"[Gen 9] National Dex Ubers","log":"|j|\u2606Winryli\n|j|\u2606Cilantora\n|t:|1698816764\n|gametype|singles\n|player|p1|Winryli|101|1048\n|player|p2|Cilantora|2|1000\n|teamsize|p1|6\n|teamsize|p2|6\n|gen|9\n|tier|[Gen 9] National Dex Ubers\n|rated|\n|rule|HP Percentage Mod: HP is shown in percentages\n|rule|Endless Battle Clause: Forcing endless battles is banned\n|rule|OHKO Clause: OHKO moves are banned\n|rule|Evasion Moves Clause: Evasion moves are banned\n|rule|Evasion Items Clause: Evasion items are banned\n|rule|Species Clause: Limit one of each Pok\u00e9mon\n|rule|Sleep Clause Mod: Limit one foe put to sleep\n|rule|Mega Rayquaza Clause: You cannot mega evolve Rayquaza\n|clearpoke\n|poke|p1|Dragapult, F|\n|poke|p1|Ninetales-Alola, F|\n|poke|p1|Lucario, F|\n|poke|p1|Iron Bundle|\n|poke|p1|Arcanine, F|\n|poke|p1|Corviknight, F|\n|poke|p2|Dragapult, M|\n|poke|p2|Breloom, M|\n|poke|p2|Cyclizar, M|\n|poke|p2|Annihilape, F|\n|poke|p2|Darmanitan-Galar, M|\n|poke|p2|Samurott-Hisui, M|\n|teampreview\n|\n|t:|1698816773\n|start\n|switch|p1a: Ninetales|Ninetales-Alola, F|100\/100\n|switch|p2a: Cyclizar|Cyclizar, M|100\/100\n|-weather|Snow|[from] ability: Snow Warning|[of] p1a: Ninetales\n|turn|1\n|\n|t:|1698816784\n|move|p2a: Cyclizar|Shed Tail|p2a: Cyclizar\n|-start|p2a: Cyclizar|Substitute|[from] move: Shed Tail\n|-damage|p2a: Cyclizar|50\/100\n|\n|t:|1698816792\n|switch|p2a: Darmanitan|Darmanitan-Galar, M|100\/100|[from] Shed Tail\n|move|p1a: Ninetales|Aurora Veil|p1a: Ninetales\n|-sidestart|p1: Winryli|move: Aurora Veil\n|\n|-weather|Snow|[upkeep]\n|upkeep\n|turn|2\n|\n|t:|1698816819\n|switch|p1a: Lucario|Lucario, F|100\/100\n|move|p2a: Darmanitan|Flare Blitz|p1a: Lucario\n|-supereffective|p1a: Lucario\n|-damage|p1a: Lucario|0 fnt\n|faint|p1a: Lucario\n|-damage|p2a: Darmanitan|74\/100|[from] Recoil\n|\n|-weather|Snow|[upkeep]\n|upkeep\n|\n|t:|1698816834\n|switch|p1a: Arcanine|Arcanine, F|100\/100\n|-ability|p1a: Arcanine|Intimidate|boost\n|-immune|p2a: Darmanitan\n|turn|3\n|\n|t:|1698816849\n|move|p2a: Darmanitan|Flare Blitz|p1a: Arcanine\n|-resisted|p1a: Arcanine\n|-damage|p1a: Arcanine|81\/100\n|-damage|p2a: Darmanitan|68\/100|[from] Recoil\n|move|p1a: Arcanine|Flare Blitz|p2a: Darmanitan\n|-supereffective|p2a: Darmanitan\n|-end|p2a: Darmanitan|Substitute\n|-damage|p1a: Arcanine|73\/100|[from] Recoil|[of] p2a: Darmanitan\n|\n|-weather|Snow|[upkeep]\n|upkeep\n|turn|4\n|\n|t:|1698816864\n|move|p2a: Darmanitan|Flare Blitz|p1a: Arcanine\n|-resisted|p1a: Arcanine\n|-damage|p1a: Arcanine|52\/100\n|-damage|p2a: Darmanitan|62\/100|[from] Recoil\n|move|p1a: Arcanine|Flare Blitz|p2a: Darmanitan\n|-supereffective|p2a: Darmanitan\n|-damage|p2a: Darmanitan|0 fnt\n|faint|p2a: Darmanitan\n|-damage|p1a: Arcanine|30\/100|[from] Recoil\n|\n|-weather|Snow|[upkeep]\n|upkeep\n|\n|t:|1698816880\n|switch|p2a: Samurott|Samurott-Hisui, M|100\/100\n|turn|5\n|\n|t:|1698816897\n|switch|p1a: Ninetales|Ninetales-Alola, F|100\/100\n|move|p2a: Samurott|Knock Off|p1a: Ninetales\n|-resisted|p1a: Ninetales\n|-damage|p1a: Ninetales|89\/100\n|-enditem|p1a: Ninetales|Light Clay|[from] move: Knock Off|[of] p2a: Samurott\n|\n|-weather|none\n|upkeep\n|turn|6\n|\n|t:|1698816927\n|switch|p2a: Annihilape|Annihilape, F|100\/100\n|move|p1a: Ninetales|Moonblast|p2a: Annihilape\n|-supereffective|p2a: Annihilape\n|-damage|p2a: Annihilape|53\/100\n|-unboost|p2a: Annihilape|spa|1\n|-ability|p2a: Annihilape|Defiant|boost\n|-boost|p2a: Annihilape|atk|2\n|\n|-heal|p2a: Annihilape|60\/100|[from] item: Leftovers\n|upkeep\n|turn|7\n|\n|t:|1698816944\n|switch|p1a: Arcanine|Arcanine, F|30\/100\n|-ability|p1a: Arcanine|Intimidate|boost\n|-unboost|p2a: Annihilape|atk|1\n|-ability|p2a: Annihilape|Defiant|boost\n|-boost|p2a: Annihilape|atk|2\n|-terastallize|p2a: Annihilape|Water\n|move|p2a: Annihilape|Drain Punch|p1a: Arcanine\n|-damage|p1a: Arcanine|0 fnt\n|-heal|p2a: Annihilape|71\/100|[from] drain|[of] p1a: Arcanine\n|faint|p1a: Arcanine\n|\n|-heal|p2a: Annihilape|77\/100|[from] item: Leftovers\n|upkeep\n|\n|t:|1698816956\n|switch|p1a: Dragapult|Dragapult, F|100\/100\n|turn|8\n|\n|t:|1698816964\n|move|p1a: Dragapult|Will-O-Wisp|p2a: Annihilape\n|-status|p2a: Annihilape|brn\n|move|p2a: Annihilape|Rage Fist|p1a: Dragapult\n|-supereffective|p1a: Dragapult\n|-damage|p1a: Dragapult|49\/100\n|\n|-heal|p1a: Dragapult|56\/100|[from] item: Leftovers\n|-heal|p2a: Annihilape|83\/100 brn|[from] item: Leftovers\n|-damage|p2a: Annihilape|77\/100 brn|[from] brn\n|-sideend|p1: Winryli|move: Aurora Veil\n|upkeep\n|turn|9\n|\n|t:|1698816977\n|move|p1a: Dragapult|Hex|p2a: Annihilape\n|-damage|p2a: Annihilape|49\/100 brn\n|move|p2a: Annihilape|Rage Fist|p1a: Dragapult\n|-supereffective|p1a: Dragapult\n|-damage|p1a: Dragapult|0 fnt\n|faint|p1a: Dragapult\n|\n|-heal|p2a: Annihilape|55\/100 brn|[from] item: Leftovers\n|-damage|p2a: Annihilape|49\/100 brn|[from] brn\n|upkeep\n|\n|t:|1698816988\n|switch|p1a: Ninetales|Ninetales-Alola, F|89\/100\n|-weather|Snow|[from] ability: Snow Warning|[of] p1a: Ninetales\n|turn|10\n|\n|t:|1698816994\n|move|p1a: Ninetales|Aurora Veil|p1a: Ninetales\n|-sidestart|p1: Winryli|move: Aurora Veil\n|move|p2a: Annihilape|Drain Punch|p1a: Ninetales\n|-damage|p1a: Ninetales|73\/100\n|-heal|p2a: Annihilape|55\/100 brn|[from] drain|[of] p1a: Ninetales\n|\n|-weather|Snow|[upkeep]\n|-heal|p2a: Annihilape|61\/100 brn|[from] item: Leftovers\n|-damage|p2a: Annihilape|55\/100 brn|[from] brn\n|upkeep\n|turn|11\n|\n|t:|1698817007\n|move|p1a: Ninetales|Moonblast|p2a: Annihilape\n|-damage|p2a: Annihilape|31\/100 brn\n|move|p2a: Annihilape|Taunt|p1a: Ninetales\n|-start|p1a: Ninetales|move: Taunt\n|\n|-weather|Snow|[upkeep]\n|-heal|p2a: Annihilape|37\/100 brn|[from] item: Leftovers\n|-damage|p2a: Annihilape|31\/100 brn|[from] brn\n|upkeep\n|turn|12\n|\n|t:|1698817018\n|move|p1a: Ninetales|Moonblast|p2a: Annihilape\n|-damage|p2a: Annihilape|7\/100 brn\n|-unboost|p2a: Annihilape|spa|1\n|-ability|p2a: Annihilape|Defiant|boost\n|-boost|p2a: Annihilape|atk|2\n|move|p2a: Annihilape|Drain Punch|p1a: Ninetales\n|-damage|p1a: Ninetales|45\/100\n|-heal|p2a: Annihilape|17\/100 brn|[from] drain|[of] p1a: Ninetales\n|\n|-weather|Snow|[upkeep]\n|-heal|p2a: Annihilape|23\/100 brn|[from] item: Leftovers\n|-damage|p2a: Annihilape|17\/100 brn|[from] brn\n|upkeep\n|turn|13\n|\n|t:|1698817033\n|move|p1a: Ninetales|Moonblast|p2a: Annihilape\n|-damage|p2a: Annihilape|0 fnt\n|faint|p2a: Annihilape\n|\n|-weather|Snow|[upkeep]\n|upkeep\n|\n|t:|1698817044\n|switch|p2a: Breloom|Breloom, M|100\/100\n|turn|14\n|\n|t:|1698817060\n|move|p1a: Ninetales|Ice Shard|p2a: Breloom\n|-supereffective|p2a: Breloom\n|-damage|p2a: Breloom|73\/100\n|move|p2a: Breloom|Spore|p1a: Ninetales\n|-status|p1a: Ninetales|slp|[from] move: Spore\n|\n|-weather|none\n|-end|p1a: Ninetales|move: Taunt\n|-sideend|p1: Winryli|move: Aurora Veil\n|upkeep\n|turn|15\n|\n|t:|1698817070\n|cant|p1a: Ninetales|slp\n|move|p2a: Breloom|Swords Dance|p2a: Breloom\n|-boost|p2a: Breloom|atk|2\n|\n|upkeep\n|turn|16\n|\n|t:|1698817078\n|cant|p1a: Ninetales|slp\n|move|p2a: Breloom|Swords Dance|p2a: Breloom\n|-boost|p2a: Breloom|atk|2\n|\n|upkeep\n|turn|17\n|\n|t:|1698817085\n|cant|p1a: Ninetales|slp\n|move|p2a: Breloom|Mach Punch|p1a: Ninetales\n|-damage|p1a: Ninetales|0 fnt\n|faint|p1a: Ninetales\n|\n|upkeep\n|\n|t:|1698817091\n|switch|p1a: Iron Bundle|Iron Bundle|100\/100\n|-enditem|p1a: Iron Bundle|Booster Energy\n|-activate|p1a: Iron Bundle|ability: Quark Drive|[fromitem]\n|-start|p1a: Iron Bundle|quarkdrivespe\n|turn|18\n|\n|t:|1698817098\n|move|p2a: Breloom|Mach Punch|p1a: Iron Bundle\n|-supereffective|p1a: Iron Bundle\n|-damage|p1a: Iron Bundle|0 fnt\n|faint|p1a: Iron Bundle\n|-end|p1a: Iron Bundle|Quark Drive|[silent]\n|\n|upkeep\n|-message|Winryli forfeited.\n|\n|win|Cilantora\n|raw|Winryli's rating: 1048 &rarr; <strong>1028<\/strong><br \/>(-20 for losing)\n|raw|Cilantora's rating: 1000 &rarr; <strong>1045<\/strong><br \/>(+45 for winning)\n|l|\u2606Winryli\n","uploadtime":1698817109,"views":12,"p1id":"winryli","p2id":"cilantora","formatid":"gen9nationaldexubers","rating":1028,"private":0,"password":""}