{"id":"gen9nationaldexubers-1999733034","p1":"hightopfade69","p2":"Saber iron","format":"[Gen 9] National Dex Ubers","log":"|j|\u203dhightopfade69\n|j|\u2606Saber iron\n|t:|1701111873\n|gametype|singles\n|player|p1|hightopfade69|1|1218\n|player|p2|Saber iron|teamrocket|1340\n|teamsize|p1|6\n|teamsize|p2|6\n|gen|9\n|tier|[Gen 9] National Dex Ubers\n|rated|\n|rule|HP Percentage Mod: HP is shown in percentages\n|rule|Endless Battle Clause: Forcing endless battles is banned\n|rule|OHKO Clause: OHKO moves are banned\n|rule|Evasion Moves Clause: Evasion moves are banned\n|rule|Evasion Items Clause: Evasion items are banned\n|rule|Species Clause: Limit one of each Pok\u00e9mon\n|rule|Sleep Clause Mod: Limit one foe put to sleep\n|rule|Mega Rayquaza Clause: You cannot mega evolve Rayquaza\n|clearpoke\n|poke|p1|Palafin, F|\n|poke|p1|Mewtwo|\n|poke|p1|Annihilape, M|\n|poke|p1|Gholdengo|\n|poke|p1|Ninetales-Alola, M|\n|poke|p1|Kyurem-Black|\n|poke|p2|Victini|\n|poke|p2|Ursaluna-Bloodmoon, M|\n|poke|p2|Glimmora, M|\n|poke|p2|Quaquaval, F|\n|poke|p2|Sceptile, M|\n|poke|p2|Marshadow|\n|teampreview\n|\n|t:|1701111881\n|start\n|switch|p1a: Palafin|Palafin, F|100\/100\n|switch|p2a: Quaquaval|Quaquaval, F|100\/100\n|turn|1\n|\n|t:|1701111886\n|move|p2a: Quaquaval|Aqua Step|p1a: Palafin\n|-resisted|p1a: Palafin\n|-damage|p1a: Palafin|78\/100\n|-boost|p2a: Quaquaval|spe|1\n|-enditem|p1a: Palafin|Eject Button\n|\n|t:|1701111894\n|detailschange|p1a: Palafin|Palafin-Hero, F\n|switch|p1a: Ninetales|Ninetales-Alola, M|100\/100\n|-weather|Snow|[from] ability: Snow Warning|[of] p1a: Ninetales\n|\n|-weather|Snow|[upkeep]\n|upkeep\n|turn|2\n|\n|t:|1701111899\n|move|p2a: Quaquaval|Aqua Step|p1a: Ninetales\n|-damage|p1a: Ninetales|61\/100\n|-boost|p2a: Quaquaval|spe|1\n|move|p1a: Ninetales|Moonblast|p2a: Quaquaval\n|-supereffective|p2a: Quaquaval\n|-damage|p2a: Quaquaval|6\/100\n|-unboost|p2a: Quaquaval|spa|1\n|\n|-weather|Snow|[upkeep]\n|upkeep\n|turn|3\n|\n|t:|1701111907\n|move|p2a: Quaquaval|Close Combat|p1a: Ninetales\n|-damage|p1a: Ninetales|4\/100\n|-unboost|p2a: Quaquaval|def|1\n|-unboost|p2a: Quaquaval|spd|1\n|move|p1a: Ninetales|Aurora Veil|p1a: Ninetales\n|-sidestart|p1: hightopfade69|move: Aurora Veil\n|\n|-weather|Snow|[upkeep]\n|upkeep\n|turn|4\n|\n|t:|1701111916\n|move|p2a: Quaquaval|Aqua Step|p1a: Ninetales\n|-damage|p1a: Ninetales|0 fnt\n|-boost|p2a: Quaquaval|spe|1\n|faint|p1a: Ninetales\n|-ability|p2a: Quaquaval|Moxie|boost\n|-boost|p2a: Quaquaval|atk|1\n|\n|-weather|Snow|[upkeep]\n|upkeep\n|\n|t:|1701111919\n|switch|p1a: Palafin|Palafin-Hero, F|78\/100\n|-activate|p1a: Palafin|ability: Zero to Hero\n|turn|5\n|\n|t:|1701111924\n|move|p2a: Quaquaval|Close Combat|p1a: Palafin\n|-damage|p1a: Palafin|38\/100\n|-unboost|p2a: Quaquaval|def|1\n|-unboost|p2a: Quaquaval|spd|1\n|move|p1a: Palafin|Bulk Up|p1a: Palafin\n|-boost|p1a: Palafin|atk|1\n|-boost|p1a: Palafin|def|1\n|\n|-weather|none\n|upkeep\n|turn|6\n|\n|t:|1701111933\n|move|p1a: Palafin|Jet Punch|p2a: Quaquaval\n|-resisted|p2a: Quaquaval\n|-damage|p2a: Quaquaval|0 fnt\n|faint|p2a: Quaquaval\n|\n|upkeep\n|inactive|Battle timer is ON: inactive players will automatically lose when time's up. (requested by hightopfade69)\n|\n|t:|1701111965\n|switch|p2a: Marshadow|Marshadow|100\/100\n|turn|7\n|\n|t:|1701111967\n|move|p1a: Palafin|Jet Punch|p2a: Marshadow\n|-damage|p2a: Marshadow|29\/100\n|move|p2a: Marshadow|Spectral Thief||[still]\n|-clearpositiveboost|p1a: Palafin|p2a: Marshadow|move: Spectral Thief\n|-boost|p2a: Marshadow|atk|1\n|-boost|p2a: Marshadow|def|1\n|-anim|p2a: Marshadow|Spectral Thief|p1a: Palafin\n|-damage|p1a: Palafin|8\/100\n|\n|upkeep\n|turn|8\n|\n|t:|1701111977\n|move|p2a: Marshadow|Shadow Sneak|p1a: Palafin\n|-damage|p1a: Palafin|0 fnt\n|faint|p1a: Palafin\n|\n|upkeep\n|\n|t:|1701111984\n|switch|p1a: Mewtwo|Mewtwo|100\/100\n|-ability|p1a: Mewtwo|Pressure\n|turn|9\n|\n|t:|1701111991\n|detailschange|p1a: Mewtwo|Mewtwo-Mega-Y\n|-mega|p1a: Mewtwo|Mewtwo|Mewtwonite Y\n|move|p2a: Marshadow|Shadow Sneak|p1a: Mewtwo\n|-supereffective|p1a: Mewtwo\n|-damage|p1a: Mewtwo|46\/100\n|move|p1a: Mewtwo|Earth Power|p2a: Marshadow\n|-damage|p2a: Marshadow|0 fnt\n|faint|p2a: Marshadow\n|\n|upkeep\n|\n|t:|1701111996\n|switch|p2a: Glimmora|Glimmora, M|100\/100\n|turn|10\n|\n|t:|1701112001\n|move|p1a: Mewtwo|Calm Mind|p1a: Mewtwo\n|-boost|p1a: Mewtwo|spa|1\n|-boost|p1a: Mewtwo|spd|1\n|move|p2a: Glimmora|Power Gem|p1a: Mewtwo\n|-damage|p1a: Mewtwo|34\/100\n|\n|-sideend|p1: hightopfade69|move: Aurora Veil\n|upkeep\n|turn|11\n|\n|t:|1701112006\n|move|p1a: Mewtwo|Future Sight|p2a: Glimmora\n|-start|p1a: Mewtwo|move: Future Sight\n|move|p2a: Glimmora|Mortal Spin|p1a: Mewtwo\n|-damage|p1a: Mewtwo|27\/100\n|-status|p1a: Mewtwo|psn\n|\n|-damage|p1a: Mewtwo|14\/100 psn|[from] psn\n|upkeep\n|turn|12\n|\n|t:|1701112012\n|move|p1a: Mewtwo|Earth Power|p2a: Glimmora\n|-supereffective|p2a: Glimmora\n|-enditem|p2a: Glimmora|Focus Sash\n|-damage|p2a: Glimmora|1\/100\n|move|p2a: Glimmora|Power Gem|p1a: Mewtwo\n|-damage|p1a: Mewtwo|0 fnt\n|faint|p1a: Mewtwo\n|\n|upkeep\n|\n|t:|1701112020\n|switch|p1a: Gholdengo|Gholdengo|100\/100\n|turn|13\n|\n|t:|1701112024\n|move|p2a: Glimmora|Power Gem|p1a: Gholdengo\n|-resisted|p1a: Gholdengo\n|-damage|p1a: Gholdengo|80\/100\n|move|p1a: Gholdengo|Nasty Plot|p1a: Gholdengo\n|-boost|p1a: Gholdengo|spa|2\n|\n|-end|p2a: Glimmora|move: Future Sight\n|-supereffective|p2a: Glimmora\n|-damage|p2a: Glimmora|0 fnt\n|faint|p2a: Glimmora\n|-heal|p1a: Gholdengo|86\/100|[from] item: Leftovers\n|upkeep\n|\n|t:|1701112029\n|switch|p2a: Victini|Victini|100\/100\n|turn|14\n|\n|t:|1701112035\n|move|p2a: Victini|V-create|p1a: Gholdengo\n|-supereffective|p1a: Gholdengo\n|-damage|p1a: Gholdengo|0 fnt\n|-unboost|p2a: Victini|spe|1\n|-unboost|p2a: Victini|def|1\n|-unboost|p2a: Victini|spd|1\n|faint|p1a: Gholdengo\n|\n|upkeep\n|\n|t:|1701112038\n|switch|p1a: Annihilape|Annihilape, M|100\/100\n|turn|15\n|\n|t:|1701112045\n|switch|p2a: Ursaluna|Ursaluna-Bloodmoon, M|100\/100\n|-terastallize|p1a: Annihilape|Fire\n|move|p1a: Annihilape|Bulk Up|p1a: Annihilape\n|-boost|p1a: Annihilape|atk|1\n|-boost|p1a: Annihilape|def|1\n|\n|upkeep\n|turn|16\n|\n|t:|1701112053\n|-terastallize|p2a: Ursaluna|Fairy\n|move|p1a: Annihilape|Ice Punch|p2a: Ursaluna\n|-damage|p2a: Ursaluna|78\/100\n|move|p2a: Ursaluna|Earth Power|p1a: Annihilape\n|-supereffective|p1a: Annihilape\n|-damage|p1a: Annihilape|17\/100\n|\n|upkeep\n|turn|17\n|\n|t:|1701112062\n|move|p1a: Annihilape|Rage Fist|p2a: Ursaluna\n|-damage|p2a: Ursaluna|36\/100\n|move|p2a: Ursaluna|Earth Power|p1a: Annihilape\n|-supereffective|p1a: Annihilape\n|-damage|p1a: Annihilape|0 fnt\n|faint|p1a: Annihilape\n|\n|upkeep\n|\n|t:|1701112067\n|switch|p1a: Kyurem|Kyurem-Black|100\/100\n|-ability|p1a: Kyurem|Teravolt\n|turn|18\n|\n|t:|1701112071\n|move|p1a: Kyurem|Icicle Spear|p2a: Ursaluna\n|-damage|p2a: Ursaluna|26\/100\n|-damage|p2a: Ursaluna|15\/100\n|-damage|p2a: Ursaluna|5\/100\n|-damage|p2a: Ursaluna|0 fnt\n|faint|p2a: Ursaluna\n|-hitcount|p2: Ursaluna|4\n|\n|upkeep\n|\n|t:|1701112077\n|switch|p2a: Victini|Victini|100\/100\n|turn|19\n|\n|t:|1701112083\n|move|p2a: Victini|V-create|p1a: Kyurem\n|-damage|p1a: Kyurem|44\/100\n|-unboost|p2a: Victini|spe|1\n|-unboost|p2a: Victini|def|1\n|-unboost|p2a: Victini|spd|1\n|move|p1a: Kyurem|Dragon Dance|p1a: Kyurem\n|-boost|p1a: Kyurem|atk|1\n|-boost|p1a: Kyurem|spe|1\n|\n|upkeep\n|turn|20\n|\n|t:|1701112089\n|move|p1a: Kyurem|Roost|p1a: Kyurem\n|-heal|p1a: Kyurem|94\/100\n|-singleturn|p1a: Kyurem|move: Roost\n|move|p2a: Victini|V-create|p1a: Kyurem\n|-damage|p1a: Kyurem|32\/100\n|-unboost|p2a: Victini|spe|1\n|-unboost|p2a: Victini|def|1\n|-unboost|p2a: Victini|spd|1\n|\n|upkeep\n|turn|21\n|\n|t:|1701112095\n|move|p1a: Kyurem|Roost|p1a: Kyurem\n|-heal|p1a: Kyurem|82\/100\n|-singleturn|p1a: Kyurem|move: Roost\n|move|p2a: Victini|V-create|p1a: Kyurem\n|-damage|p1a: Kyurem|23\/100\n|-unboost|p2a: Victini|spe|1\n|-unboost|p2a: Victini|def|1\n|-unboost|p2a: Victini|spd|1\n|\n|upkeep\n|turn|22\n|\n|t:|1701112102\n|move|p1a: Kyurem|Outrage|p2a: Victini\n|-damage|p2a: Victini|0 fnt\n|faint|p2a: Victini\n|\n|upkeep\n|\n|t:|1701112107\n|switch|p2a: Sceptile|Sceptile, M|100\/100\n|turn|23\n|inactive|Saber iron has 120 seconds left.\n|\n|t:|1701112150\n|detailschange|p2a: Sceptile|Sceptile-Mega, M\n|-mega|p2a: Sceptile|Sceptile|Sceptilite\n|move|p1a: Kyurem|Outrage|p2a: Sceptile|[from]lockedmove\n|-supereffective|p2a: Sceptile\n|-damage|p2a: Sceptile|0 fnt\n|faint|p2a: Sceptile\n|-start|p1a: Kyurem|confusion|[fatigue]\n|\n|win|hightopfade69\n|raw|hightopfade69's rating: 1218 &rarr; <strong>1251<\/strong><br \/>(+33 for winning)\n|raw|Saber iron's rating: 1340 &rarr; <strong>1313<\/strong><br \/>(-27 for losing)\n","uploadtime":1701112157,"views":1,"p1id":"hightopfade69","p2id":"saberiron","formatid":"gen9nationaldexubers","rating":1251,"private":0,"password":""}