{"id":"gen9nationaldexubers-1983824651","p1":"AdvilPills","p2":"Vario 64\u2606\u5f61","format":"[Gen 9] National Dex Ubers","log":"|j|\u2606AdvilPills\n|j|\u2606Vario 64\u2606\u5f61\n|t:|1699187786\n|gametype|singles\n|player|p1|AdvilPills|170|\n|player|p2|Vario 64\u2606\u5f61|ghetsis|\n|teamsize|p1|6\n|teamsize|p2|6\n|gen|9\n|tier|[Gen 9] National Dex Ubers\n|rule|HP Percentage Mod: HP is shown in percentages\n|rule|Endless Battle Clause: Forcing endless battles is banned\n|rule|OHKO Clause: OHKO moves are banned\n|rule|Evasion Moves Clause: Evasion moves are banned\n|rule|Evasion Items Clause: Evasion items are banned\n|rule|Species Clause: Limit one of each Pok\u00e9mon\n|rule|Sleep Clause Mod: Limit one foe put to sleep\n|rule|Mega Rayquaza Clause: You cannot mega evolve Rayquaza\n|clearpoke\n|poke|p1|Giratina-Origin|\n|poke|p1|Gliscor, M|\n|poke|p1|Corviknight, F|\n|poke|p1|Kommo-o, F|\n|poke|p1|Lopunny, F|\n|poke|p1|Volcarona, F|\n|poke|p2|Ribombee, F|\n|poke|p2|Heatran, M|\n|poke|p2|Tapu Koko|\n|poke|p2|Iron Valiant|\n|poke|p2|Scizor, M|\n|poke|p2|Genesect|\n|teampreview\n|c|\u2606AdvilPills|glhf\n|\n|t:|1699187801\n|start\n|switch|p1a: Gliscor|Gliscor, M|100\/100\n|switch|p2a: Ribombee|Ribombee, F|100\/100\n|turn|1\n|c|\u2606Vario 64\u2606\u5f61|Gl hf\n|\n|t:|1699187807\n|move|p2a: Ribombee|Stun Spore|p1a: Gliscor\n|-status|p1a: Gliscor|par\n|move|p1a: Gliscor|Dual Wingbeat|p2a: Ribombee\n|-supereffective|p2a: Ribombee\n|-damage|p2a: Ribombee|29\/100\n|-supereffective|p2a: Ribombee\n|-damage|p2a: Ribombee|0 fnt\n|faint|p2a: Ribombee\n|-hitcount|p2: Ribombee|2\n|\n|upkeep\n|\n|t:|1699187837\n|switch|p2a: Genesect|Genesect, shiny|100\/100\n|-ability|p2a: Genesect|Download|boost\n|-boost|p2a: Genesect|spa|1\n|turn|2\n|\n|t:|1699187843\n|move|p2a: Genesect|Ice Beam|p1a: Gliscor\n|-supereffective|p1a: Gliscor\n|-damage|p1a: Gliscor|0 fnt\n|faint|p1a: Gliscor\n|\n|upkeep\n|\n|t:|1699187849\n|switch|p1a: Lopunny|Lopunny, F|100\/100\n|turn|3\n|\n|t:|1699187858\n|switch|p2a: Tapu Koko|Tapu Koko|100\/100\n|-fieldstart|move: Electric Terrain|[from] ability: Electric Surge|[of] p2a: Tapu Koko\n|detailschange|p1a: Lopunny|Lopunny-Mega, F\n|-mega|p1a: Lopunny|Lopunny|Lopunnite\n|move|p1a: Lopunny|Fake Out|p2a: Tapu Koko\n|-damage|p2a: Tapu Koko|70\/100\n|\n|upkeep\n|turn|4\n|\n|t:|1699187863\n|move|p1a: Lopunny|Return|p2a: Tapu Koko\n|-damage|p2a: Tapu Koko|0 fnt\n|faint|p2a: Tapu Koko\n|\n|upkeep\n|\n|t:|1699187871\n|switch|p2a: Iron Valiant|Iron Valiant|100\/100\n|-activate|p2a: Iron Valiant|ability: Quark Drive\n|-start|p2a: Iron Valiant|quarkdrivespe\n|turn|5\n|\n|t:|1699187883\n|switch|p1a: Corviknight|Corviknight, F|100\/100\n|move|p2a: Iron Valiant|Thunderbolt|p1a: Corviknight\n|-supereffective|p1a: Corviknight\n|-damage|p1a: Corviknight|0 fnt\n|faint|p1a: Corviknight\n|\n|upkeep\n|\n|t:|1699187885\n|switch|p1a: Giratina|Giratina-Origin|100\/100\n|turn|6\n|\n|t:|1699187904\n|-end|p2a: Iron Valiant|Quark Drive|[silent]\n|switch|p2a: Heatran|Heatran, M|100\/100\n|move|p1a: Giratina|Will-O-Wisp|p2a: Heatran\n|-start|p2a: Heatran|ability: Flash Fire\n|\n|upkeep\n|turn|7\n|\n|t:|1699187913\n|move|p2a: Heatran|Eruption|p1a: Giratina\n|-resisted|p1a: Giratina\n|-damage|p1a: Giratina|40\/100\n|move|p1a: Giratina|Aura Sphere|p2a: Heatran\n|-supereffective|p2a: Heatran\n|-damage|p2a: Heatran|39\/100\n|\n|upkeep\n|turn|8\n|\n|t:|1699187923\n|-end|p2a: Heatran|ability: Flash Fire|[silent]\n|switch|p2a: Iron Valiant|Iron Valiant|100\/100\n|-activate|p2a: Iron Valiant|ability: Quark Drive\n|-start|p2a: Iron Valiant|quarkdrivespe\n|move|p1a: Giratina|Aura Sphere|p2a: Iron Valiant\n|-resisted|p2a: Iron Valiant\n|-damage|p2a: Iron Valiant|74\/100\n|\n|upkeep\n|turn|9\n|\n|t:|1699187935\n|move|p2a: Iron Valiant|Moonblast|p1a: Giratina\n|-supereffective|p1a: Giratina\n|-damage|p1a: Giratina|0 fnt\n|faint|p1a: Giratina\n|\n|upkeep\n|\n|t:|1699187938\n|switch|p1a: Volcarona|Volcarona, F|100\/100\n|turn|10\n|\n|t:|1699187950\n|-end|p2a: Iron Valiant|Quark Drive|[silent]\n|switch|p2a: Heatran|Heatran, M|39\/100\n|move|p1a: Volcarona|Quiver Dance|p1a: Volcarona\n|-boost|p1a: Volcarona|spa|1\n|-boost|p1a: Volcarona|spd|1\n|-boost|p1a: Volcarona|spe|1\n|\n|-fieldend|move: Electric Terrain\n|upkeep\n|turn|11\n|\n|t:|1699187958\n|move|p1a: Volcarona|Bug Buzz|p2a: Heatran\n|-resisted|p2a: Heatran\n|-damage|p2a: Heatran|17\/100\n|-unboost|p2a: Heatran|spd|1\n|move|p2a: Heatran|Power Gem|p1a: Volcarona\n|-supereffective|p1a: Volcarona\n|-damage|p1a: Volcarona|0 fnt\n|faint|p1a: Volcarona\n|\n|upkeep\n|\n|t:|1699187963\n|switch|p1a: Lopunny|Lopunny-Mega, F|100\/100\n|turn|12\n|\n|t:|1699187974\n|switch|p2a: Scizor|Scizor, M|100\/100\n|move|p1a: Lopunny|Fake Out|p2a: Scizor\n|-resisted|p2a: Scizor\n|-damage|p2a: Scizor|88\/100\n|\n|upkeep\n|turn|13\n|\n|t:|1699187981\n|detailschange|p2a: Scizor|Scizor-Mega, M\n|-mega|p2a: Scizor|Scizor|Scizorite\n|move|p1a: Lopunny|Fire Punch|p2a: Scizor\n|-supereffective|p2a: Scizor\n|-damage|p2a: Scizor|0 fnt\n|faint|p2a: Scizor\n|\n|upkeep\n|\n|t:|1699187992\n|switch|p2a: Genesect|Genesect, shiny|100\/100\n|-ability|p2a: Genesect|Download|boost\n|-boost|p2a: Genesect|atk|1\n|turn|14\n|\n|t:|1699188000\n|move|p2a: Genesect|Extreme Speed|p1a: Lopunny\n|-damage|p1a: Lopunny|16\/100\n|move|p1a: Lopunny|Close Combat|p2a: Genesect\n|-damage|p2a: Genesect|12\/100\n|-unboost|p1a: Lopunny|def|1\n|-unboost|p1a: Lopunny|spd|1\n|\n|upkeep\n|turn|15\n|\n|t:|1699188008\n|switch|p1a: Kommo-o|Kommo-o, F|100\/100\n|move|p2a: Genesect|Extreme Speed|p1a: Kommo-o\n|-damage|p1a: Kommo-o|39\/100\n|\n|upkeep\n|turn|16\n|\n|t:|1699188023\n|move|p2a: Genesect|Extreme Speed|p1a: Kommo-o\n|-damage|p1a: Kommo-o|0 fnt\n|faint|p1a: Kommo-o\n|\n|upkeep\n|\n|t:|1699188024\n|switch|p1a: Lopunny|Lopunny-Mega, F|16\/100\n|turn|17\n|\n|t:|1699188033\n|switch|p2a: Heatran|Heatran, M|17\/100\n|move|p1a: Lopunny|Return|p2a: Heatran\n|-resisted|p2a: Heatran\n|-damage|p2a: Heatran|0 fnt\n|faint|p2a: Heatran\n|\n|upkeep\n|\n|t:|1699188037\n|switch|p2a: Genesect|Genesect, shiny|12\/100\n|-ability|p2a: Genesect|Download|boost\n|-boost|p2a: Genesect|atk|1\n|turn|18\n|\n|t:|1699188039\n|move|p1a: Lopunny|Fake Out||[still]\n|-hint|Fake Out only works on your first turn out.\n|-fail|p1a: Lopunny\n|move|p2a: Genesect|Extreme Speed|p1a: Lopunny\n|-damage|p1a: Lopunny|0 fnt\n|faint|p1a: Lopunny\n|\n|win|Vario 64\u2606\u5f61\n|c|\u2606AdvilPills|gg\n|c|\u2606Vario 64\u2606\u5f61|Gg\n|l|\u2606AdvilPills\n","uploadtime":1699188052,"views":7,"p1id":"advilpills","p2id":"vario64","formatid":"gen9nationaldexubers","rating":0,"private":0,"password":""}