{"id":"gen9nationaldexubers-1979051406","p1":"David uwu35","p2":"zMesa","format":"[Gen 9] National Dex Ubers","log":"|j|\u2606David uwu35\n|j|\u2606zMesa\n|t:|1698625974\n|gametype|singles\n|player|p1|David uwu35|blue|\n|player|p2|zMesa|gambler|\n|teamsize|p1|6\n|teamsize|p2|6\n|gen|9\n|tier|[Gen 9] National Dex Ubers\n|rule|HP Percentage Mod: HP is shown in percentages\n|rule|Endless Battle Clause: Forcing endless battles is banned\n|rule|OHKO Clause: OHKO moves are banned\n|rule|Evasion Moves Clause: Evasion moves are banned\n|rule|Evasion Items Clause: Evasion items are banned\n|rule|Species Clause: Limit one of each Pok\u00e9mon\n|rule|Sleep Clause Mod: Limit one foe put to sleep\n|rule|Mega Rayquaza Clause: You cannot mega evolve Rayquaza\n|clearpoke\n|poke|p1|Flutter Mane|\n|poke|p1|Iron Hands|\n|poke|p1|Roaring Moon|\n|poke|p1|Vivillon-Fancy, M|\n|poke|p1|Iron Moth|\n|poke|p1|Ursaluna-Bloodmoon, M|\n|poke|p2|Kingambit, M|\n|poke|p2|Shuckle, F|\n|poke|p2|Ceruledge, F|\n|poke|p2|Dracovish|\n|poke|p2|Sneasler, M|\n|poke|p2|Tapu Koko|\n|teampreview\n|\n|t:|1698625989\n|start\n|switch|p1a: Ursaluna|Ursaluna-Bloodmoon, M|100\/100\n|switch|p2a: Tapu Koko|Tapu Koko|100\/100\n|-fieldstart|move: Electric Terrain|[from] ability: Electric Surge|[of] p2a: Tapu Koko\n|turn|1\n|\n|t:|1698625998\n|move|p2a: Tapu Koko|Reflect|p2a: Tapu Koko\n|-sidestart|p2: zMesa|Reflect\n|move|p1a: Ursaluna|Calm Mind|p1a: Ursaluna\n|-boost|p1a: Ursaluna|spa|1\n|-boost|p1a: Ursaluna|spd|1\n|\n|upkeep\n|turn|2\n|\n|t:|1698626005\n|move|p2a: Tapu Koko|Light Screen|p2a: Tapu Koko\n|-sidestart|p2: zMesa|move: Light Screen\n|move|p1a: Ursaluna|Calm Mind|p1a: Ursaluna\n|-boost|p1a: Ursaluna|spa|1\n|-boost|p1a: Ursaluna|spd|1\n|\n|upkeep\n|turn|3\n|\n|t:|1698626017\n|switch|p2a: Sneasler|Sneasler, M|100\/100\n|-enditem|p2a: Sneasler|Electric Seed\n|-boost|p2a: Sneasler|def|1|[from] item: Electric Seed\n|move|p1a: Ursaluna|Blood Moon|p2a: Sneasler\n|-damage|p2a: Sneasler|6\/100\n|\n|upkeep\n|turn|4\n|\n|t:|1698626034\n|-terastallize|p2a: Sneasler|Flying\n|move|p2a: Sneasler|Acrobatics|p1a: Ursaluna\n|-damage|p1a: Ursaluna|64\/100\n|move|p1a: Ursaluna|Earth Power|p2a: Sneasler\n|-immune|p2a: Sneasler\n|\n|-heal|p1a: Ursaluna|70\/100|[from] item: Leftovers\n|upkeep\n|turn|5\n|\n|t:|1698626045\n|move|p2a: Sneasler|Close Combat|p1a: Ursaluna\n|-supereffective|p1a: Ursaluna\n|-damage|p1a: Ursaluna|0 fnt\n|-unboost|p2a: Sneasler|def|1\n|-unboost|p2a: Sneasler|spd|1\n|faint|p1a: Ursaluna\n|\n|-sideend|p2: zMesa|Reflect\n|-fieldend|move: Electric Terrain\n|upkeep\n|\n|t:|1698626063\n|switch|p1a: Vivillon|Vivillon-Fancy, M|100\/100\n|turn|6\n|\n|t:|1698626076\n|move|p2a: Sneasler|Acrobatics|p1a: Vivillon\n|-supereffective|p1a: Vivillon\n|-damage|p1a: Vivillon|0 fnt\n|faint|p1a: Vivillon\n|\n|-sideend|p2: zMesa|move: Light Screen\n|upkeep\n|\n|t:|1698626087\n|switch|p1a: Flutter Mane|Flutter Mane|100\/100\n|-enditem|p1a: Flutter Mane|Booster Energy\n|-activate|p1a: Flutter Mane|ability: Protosynthesis|[fromitem]\n|-start|p1a: Flutter Mane|protosynthesisspe\n|turn|7\n|\n|t:|1698626097\n|move|p2a: Sneasler|Dire Claw|p1a: Flutter Mane\n|-damage|p1a: Flutter Mane|13\/100\n|move|p1a: Flutter Mane|Mystical Fire|p2a: Sneasler\n|-damage|p2a: Sneasler|0 fnt\n|faint|p2a: Sneasler\n|\n|upkeep\n|\n|t:|1698626111\n|switch|p2a: Shuckle|Shuckle, F|100\/100\n|turn|8\n|\n|t:|1698626122\n|move|p1a: Flutter Mane|Shadow Ball|p2a: Shuckle\n|-damage|p2a: Shuckle|67\/100\n|move|p2a: Shuckle|Sticky Web|p1a: Flutter Mane\n|-sidestart|p1: David uwu35|move: Sticky Web\n|\n|-heal|p2a: Shuckle|73\/100|[from] item: Leftovers\n|upkeep\n|turn|9\n|\n|t:|1698626131\n|move|p1a: Flutter Mane|Calm Mind|p1a: Flutter Mane\n|-boost|p1a: Flutter Mane|spa|1\n|-boost|p1a: Flutter Mane|spd|1\n|move|p2a: Shuckle|Stealth Rock|p1a: Flutter Mane\n|-sidestart|p1: David uwu35|move: Stealth Rock\n|\n|-heal|p2a: Shuckle|79\/100|[from] item: Leftovers\n|upkeep\n|turn|10\n|\n|t:|1698626140\n|move|p1a: Flutter Mane|Moonblast|p2a: Shuckle\n|-damage|p2a: Shuckle|26\/100\n|move|p2a: Shuckle|Encore|p1a: Flutter Mane\n|-start|p1a: Flutter Mane|Encore\n|\n|-heal|p2a: Shuckle|32\/100|[from] item: Leftovers\n|upkeep\n|turn|11\n|\n|t:|1698626148\n|move|p1a: Flutter Mane|Moonblast|p2a: Shuckle\n|-damage|p2a: Shuckle|0 fnt\n|faint|p2a: Shuckle\n|\n|upkeep\n|\n|t:|1698626153\n|switch|p2a: Tapu Koko|Tapu Koko|100\/100\n|-fieldstart|move: Electric Terrain|[from] ability: Electric Surge|[of] p2a: Tapu Koko\n|turn|12\n|\n|t:|1698626164\n|move|p1a: Flutter Mane|Moonblast|p2a: Tapu Koko\n|-damage|p2a: Tapu Koko|0 fnt\n|faint|p2a: Tapu Koko\n|\n|upkeep\n|\n|t:|1698626172\n|switch|p2a: Ceruledge|Ceruledge, F|100\/100\n|turn|13\n|\n|t:|1698626176\n|move|p1a: Flutter Mane|Moonblast|p2a: Ceruledge\n|-resisted|p2a: Ceruledge\n|-damage|p2a: Ceruledge|58\/100\n|move|p2a: Ceruledge|Swords Dance|p2a: Ceruledge\n|-boost|p2a: Ceruledge|atk|2\n|\n|-end|p1a: Flutter Mane|Encore\n|upkeep\n|turn|14\n|\n|t:|1698626188\n|move|p1a: Flutter Mane|Shadow Ball|p2a: Ceruledge\n|-supereffective|p2a: Ceruledge\n|-damage|p2a: Ceruledge|0 fnt\n|faint|p2a: Ceruledge\n|\n|upkeep\n|\n|t:|1698626194\n|switch|p2a: Kingambit|Kingambit, M|100\/100\n|-activate|p2a: Kingambit|ability: Supreme Overlord\n|-start|p2a: Kingambit|fallen4|[silent]\n|turn|15\n|\n|t:|1698626204\n|move|p1a: Flutter Mane|Mystical Fire|p2a: Kingambit\n|-supereffective|p2a: Kingambit\n|-damage|p2a: Kingambit|15\/100\n|-unboost|p2a: Kingambit|spa|1\n|move|p2a: Kingambit|Swords Dance|p2a: Kingambit\n|-boost|p2a: Kingambit|atk|2\n|\n|upkeep\n|turn|16\n|\n|t:|1698626212\n|move|p2a: Kingambit|Sucker Punch|p1a: Flutter Mane\n|-damage|p1a: Flutter Mane|0 fnt\n|faint|p1a: Flutter Mane\n|-end|p1a: Flutter Mane|Protosynthesis|[silent]\n|\n|-fieldend|move: Electric Terrain\n|upkeep\n|\n|t:|1698626219\n|switch|p1a: Iron Hands|Iron Hands|100\/100\n|-activate|p1a: Iron Hands|move: Sticky Web\n|-unboost|p1a: Iron Hands|spe|1\n|-damage|p1a: Iron Hands|94\/100|[from] Stealth Rock\n|-enditem|p1a: Iron Hands|Booster Energy\n|-activate|p1a: Iron Hands|ability: Quark Drive|[fromitem]\n|-start|p1a: Iron Hands|quarkdrivedef\n|turn|17\n|\n|t:|1698626228\n|move|p2a: Kingambit|Iron Head|p1a: Iron Hands\n|-resisted|p1a: Iron Hands\n|-damage|p1a: Iron Hands|68\/100\n|move|p1a: Iron Hands|Thunder Punch|p2a: Kingambit\n|-damage|p2a: Kingambit|0 fnt\n|faint|p2a: Kingambit\n|-end|p2a: Kingambit|fallen4|[silent]\n|\n|upkeep\n|\n|t:|1698626232\n|switch|p2a: Dracovish|Dracovish|100\/100\n|turn|18\n|\n|t:|1698626243\n|move|p2a: Dracovish|Fishious Rend|p1a: Iron Hands\n|-damage|p1a: Iron Hands|25\/100\n|move|p1a: Iron Hands|Thunder Punch|p2a: Dracovish\n|-damage|p2a: Dracovish|59\/100\n|\n|upkeep\n|turn|19\n|\n|t:|1698626251\n|move|p2a: Dracovish|Fishious Rend|p1a: Iron Hands\n|-damage|p1a: Iron Hands|0 fnt\n|faint|p1a: Iron Hands\n|-end|p1a: Iron Hands|Quark Drive|[silent]\n|\n|upkeep\n|\n|t:|1698626256\n|switch|p1a: Roaring Moon|Roaring Moon|100\/100\n|-activate|p1a: Roaring Moon|move: Sticky Web\n|-unboost|p1a: Roaring Moon|spe|1\n|-damage|p1a: Roaring Moon|88\/100|[from] Stealth Rock\n|-enditem|p1a: Roaring Moon|Booster Energy\n|-activate|p1a: Roaring Moon|ability: Protosynthesis|[fromitem]\n|-start|p1a: Roaring Moon|protosynthesisatk\n|turn|20\n|\n|t:|1698626268\n|-terastallize|p1a: Roaring Moon|Flying\n|move|p2a: Dracovish|Fishious Rend|p1a: Roaring Moon\n|-damage|p1a: Roaring Moon|0 fnt\n|faint|p1a: Roaring Moon\n|-end|p1a: Roaring Moon|Protosynthesis|[silent]\n|\n|upkeep\n|\n|t:|1698626274\n|switch|p1a: Iron Moth|Iron Moth|100\/100\n|-activate|p1a: Iron Moth|move: Sticky Web\n|-unboost|p1a: Iron Moth|spe|1\n|-damage|p1a: Iron Moth|76\/100|[from] Stealth Rock\n|-enditem|p1a: Iron Moth|Booster Energy\n|-activate|p1a: Iron Moth|ability: Quark Drive|[fromitem]\n|-start|p1a: Iron Moth|quarkdrivespa\n|turn|21\n|\n|t:|1698626283\n|move|p2a: Dracovish|Fishious Rend|p1a: Iron Moth\n|-supereffective|p1a: Iron Moth\n|-damage|p1a: Iron Moth|0 fnt\n|faint|p1a: Iron Moth\n|-end|p1a: Iron Moth|Quark Drive|[silent]\n|\n|win|zMesa\n","uploadtime":1698626291,"views":8,"p1id":"daviduwu35","p2id":"zmesa","formatid":"gen9nationaldexubers","rating":0,"private":0,"password":""}