{"id":"gen9nationaldexubers-1983619818","p1":"JoanBonesss","p2":"JDTaurus","format":"[Gen 9] National Dex Ubers","log":"|j|\u2606JoanBonesss\n|j|\u2606JDTaurus\n|t:|1699150256\n|gametype|singles\n|player|p1|JoanBonesss|lady-gen4|\n|player|p2|JDTaurus|266|\n|teamsize|p1|6\n|teamsize|p2|6\n|gen|9\n|tier|[Gen 9] National Dex Ubers\n|rule|HP Percentage Mod: HP is shown in percentages\n|rule|Endless Battle Clause: Forcing endless battles is banned\n|rule|OHKO Clause: OHKO moves are banned\n|rule|Evasion Moves Clause: Evasion moves are banned\n|rule|Evasion Items Clause: Evasion items are banned\n|rule|Species Clause: Limit one of each Pok\u00e9mon\n|rule|Sleep Clause Mod: Limit one foe put to sleep\n|rule|Mega Rayquaza Clause: You cannot mega evolve Rayquaza\n|clearpoke\n|poke|p1|Scizor, F|\n|poke|p1|Landorus-Therian, M|\n|poke|p1|Clodsire, M|\n|poke|p1|Chandelure, F|\n|poke|p1|Buzzwole|\n|poke|p1|Breloom, M|\n|poke|p2|Breloom, M|\n|poke|p2|Rotom-Heat|\n|poke|p2|Blissey, F|\n|poke|p2|Gholdengo|\n|poke|p2|Clodsire, F|\n|poke|p2|Reuniclus, M|\n|teampreview\n|j| HarmTurtle\n|j| Completeanimefan\n|j| DarthBowser151\n|c| Completeanimefan|Round Two: FIGHT\n|l|\u2606JoanBonesss\n|player|p1|\n|j|\u2606JoanBonesss\n|player|p1|JoanBonesss|lady-gen4\n|c| HarmTurtle|wb\n|c| Completeanimefan|RE FIGHT\n|\n|t:|1699150434\n|start\n|switch|p1a: Bye|Scizor, F|100\/100\n|switch|p2a: Clodsire|Clodsire, F|100\/100\n|turn|1\n|\n|t:|1699150449\n|move|p1a: Bye|Bug Bite|p2a: Clodsire\n|-resisted|p2a: Clodsire\n|-damage|p2a: Clodsire|75\/100\n|move|p2a: Clodsire|Earthquake|p1a: Bye\n|-damage|p1a: Bye|71\/100\n|\n|upkeep\n|turn|2\n|\n|t:|1699150464\n|move|p1a: Bye|U-turn|p2a: Clodsire\n|-resisted|p2a: Clodsire\n|-damage|p2a: Clodsire|56\/100\n|\n|t:|1699150469\n|switch|p1a: WeirdF*knCat|Landorus-Therian, M|100\/100|[from] U-turn\n|-ability|p1a: WeirdF*knCat|Intimidate|boost\n|-unboost|p2a: Clodsire|atk|1\n|move|p2a: Clodsire|Spikes|p1a: WeirdF*knCat\n|-sidestart|p1: JoanBonesss|Spikes\n|\n|upkeep\n|turn|3\n|\n|t:|1699150499\n|move|p1a: WeirdF*knCat|Focus Blast|p2a: Clodsire|[miss]\n|-miss|p1a: WeirdF*knCat|p2a: Clodsire\n|move|p2a: Clodsire|Spikes|p1a: WeirdF*knCat\n|-sidestart|p1: JoanBonesss|Spikes\n|\n|upkeep\n|turn|4\n|\n|t:|1699150505\n|move|p1a: WeirdF*knCat|Explosion|p2a: Clodsire\n|-damage|p2a: Clodsire|0 fnt\n|faint|p1a: WeirdF*knCat\n|faint|p2a: Clodsire\n|\n|upkeep\n|\n|t:|1699150551\n|switch|p1a: Slowdown|Clodsire, M|100\/100\n|switch|p2a: Rotom|Rotom-Heat|100\/100\n|-damage|p1a: Slowdown|84\/100|[from] Spikes\n|turn|5\n|\n|t:|1699150562\n|move|p2a: Rotom|Trick|p1a: Slowdown\n|-activate|p2a: Rotom|move: Trick|[of] p1a: Slowdown\n|-item|p1a: Slowdown|Flame Orb|[from] move: Trick\n|-item|p2a: Rotom|Rocky Helmet|[from] move: Trick\n|move|p1a: Slowdown|Toxic|p2a: Rotom\n|-status|p2a: Rotom|tox\n|\n|-damage|p2a: Rotom|95\/100 tox|[from] psn\n|-status|p1a: Slowdown|brn|[from] item: Flame Orb\n|upkeep\n|turn|6\n|\n|t:|1699150572\n|move|p2a: Rotom|Hex|p1a: Slowdown\n|-damage|p1a: Slowdown|61\/100 brn\n|move|p1a: Slowdown|Toxic Spikes|p2a: Rotom\n|-sidestart|p2: JDTaurus|move: Toxic Spikes\n|\n|-damage|p2a: Rotom|83\/100 tox|[from] psn\n|-damage|p1a: Slowdown|55\/100 brn|[from] brn\n|upkeep\n|turn|7\n|\n|t:|1699150581\n|move|p2a: Rotom|Hex|p1a: Slowdown\n|-damage|p1a: Slowdown|34\/100 brn\n|move|p1a: Slowdown|Toxic Spikes|p2a: Rotom\n|-sidestart|p2: JDTaurus|move: Toxic Spikes\n|\n|-damage|p2a: Rotom|65\/100 tox|[from] psn\n|-damage|p1a: Slowdown|28\/100 brn|[from] brn\n|upkeep\n|turn|8\n|\n|t:|1699150589\n|move|p2a: Rotom|Night Shade|p1a: Slowdown\n|-damage|p1a: Slowdown|3\/100 brn\n|move|p1a: Slowdown|Toxic Spikes||[still]\n|-fail|p1a: Slowdown\n|\n|-damage|p2a: Rotom|41\/100 tox|[from] psn\n|-damage|p1a: Slowdown|0 fnt|[from] brn\n|faint|p1a: Slowdown\n|upkeep\n|\n|t:|1699150605\n|switch|p1a: DrainPunchOn3|Breloom, M|100\/100\n|-damage|p1a: DrainPunchOn3|84\/100|[from] Spikes\n|turn|9\n|\n|t:|1699150612\n|move|p1a: DrainPunchOn3|Mach Punch|p2a: Rotom\n|-damage|p2a: Rotom|0 fnt\n|-damage|p1a: DrainPunchOn3|68\/100|[from] item: Rocky Helmet|[of] p2a: Rotom\n|faint|p2a: Rotom\n|-damage|p1a: DrainPunchOn3|58\/100|[from] item: Life Orb\n|\n|upkeep\n|\n|t:|1699150623\n|switch|p2a: Reuniclus|Reuniclus, M|100\/100\n|-status|p2a: Reuniclus|tox\n|turn|10\n|\n|t:|1699150636\n|move|p1a: DrainPunchOn3|Thunder Punch|p2a: Reuniclus\n|-damage|p2a: Reuniclus|66\/100 tox\n|-damage|p1a: DrainPunchOn3|48\/100|[from] item: Life Orb\n|move|p2a: Reuniclus|Future Sight|p1a: DrainPunchOn3\n|-start|p2a: Reuniclus|move: Future Sight\n|\n|upkeep\n|turn|11\n|\n|t:|1699150645\n|move|p1a: DrainPunchOn3|Drain Punch|p2a: Reuniclus\n|-resisted|p2a: Reuniclus\n|-damage|p2a: Reuniclus|37\/100 tox\n|-heal|p1a: DrainPunchOn3|71\/100|[from] drain|[of] p2a: Reuniclus\n|-damage|p1a: DrainPunchOn3|61\/100|[from] item: Life Orb\n|move|p2a: Reuniclus|Signal Beam|p1a: DrainPunchOn3\n|-damage|p1a: DrainPunchOn3|0 fnt\n|faint|p1a: DrainPunchOn3\n|\n|upkeep\n|\n|t:|1699150651\n|switch|p1a: Bye|Scizor, F|71\/100\n|-damage|p1a: Bye|54\/100|[from] Spikes\n|turn|12\n|\n|t:|1699150666\n|move|p1a: Bye|U-turn|p2a: Reuniclus\n|-supereffective|p2a: Reuniclus\n|-damage|p2a: Reuniclus|0 fnt\n|faint|p2a: Reuniclus\n|\n|t:|1699150672\n|switch|p1a: HiroiKikuri|Chandelure, F|100\/100|[from] U-turn\n|-damage|p1a: HiroiKikuri|84\/100|[from] Spikes\n|\n|-end|p1a: HiroiKikuri|move: Future Sight\n|-damage|p1a: HiroiKikuri|3\/100\n|upkeep\n|\n|t:|1699150688\n|switch|p2a: Gholdengo|Gholdengo|100\/100\n|turn|13\n|\n|t:|1699150694\n|move|p2a: Gholdengo|Power Gem|p1a: HiroiKikuri\n|-supereffective|p1a: HiroiKikuri\n|-damage|p1a: HiroiKikuri|0 fnt\n|faint|p1a: HiroiKikuri\n|\n|upkeep\n|\n|t:|1699150697\n|switch|p1a: Boomhower|Buzzwole|100\/100\n|-damage|p1a: Boomhower|84\/100|[from] Spikes\n|turn|14\n|\n|t:|1699150705\n|-terastallize|p1a: Boomhower|Bug\n|move|p1a: Boomhower|Ice Punch|p2a: Gholdengo\n|-resisted|p2a: Gholdengo\n|-damage|p2a: Gholdengo|89\/100\n|move|p2a: Gholdengo|Thunder Wave|p1a: Boomhower\n|-status|p1a: Boomhower|par\n|\n|upkeep\n|turn|15\n|\n|t:|1699150714\n|move|p2a: Gholdengo|Power Gem|p1a: Boomhower\n|-supereffective|p1a: Boomhower\n|-damage|p1a: Boomhower|14\/100 par\n|move|p1a: Boomhower|Darkest Lariat|p2a: Gholdengo\n|-supereffective|p2a: Gholdengo\n|-damage|p2a: Gholdengo|29\/100\n|\n|upkeep\n|turn|16\n|\n|t:|1699150723\n|move|p2a: Gholdengo|Power Gem|p1a: Boomhower\n|-supereffective|p1a: Boomhower\n|-damage|p1a: Boomhower|0 fnt\n|faint|p1a: Boomhower\n|\n|upkeep\n|\n|t:|1699150728\n|switch|p1a: Bye|Scizor, F|54\/100\n|-damage|p1a: Bye|38\/100|[from] Spikes\n|turn|17\n|\n|t:|1699150750\n|move|p1a: Bye|Bug Bite|p2a: Gholdengo\n|-resisted|p2a: Gholdengo\n|-damage|p2a: Gholdengo|17\/100\n|move|p2a: Gholdengo|Power Gem|p1a: Bye\n|-damage|p1a: Bye|0 fnt\n|faint|p1a: Bye\n|\n|win|JDTaurus\n|l| Completeanimefan\n|l|\u2606JoanBonesss\n","uploadtime":1699150758,"views":5,"p1id":"joanbonesss","p2id":"jdtaurus","formatid":"gen9nationaldexubers","rating":0,"private":0,"password":""}