{"id":"gen9nationaldexubers-1988558876","p1":"pep014","p2":"Dekkerdoesstuff","format":"[Gen 9] National Dex Ubers","log":"|j|\u2606pep014\n|j|\u2606Dekkerdoesstuff\n|t:|1699736012\n|gametype|singles\n|player|p1|pep014|waiter-gen4dp|1396\n|player|p2|Dekkerdoesstuff|yellow|1509\n|teamsize|p1|6\n|teamsize|p2|6\n|gen|9\n|tier|[Gen 9] National Dex Ubers\n|rated|\n|rule|HP Percentage Mod: HP is shown in percentages\n|rule|Endless Battle Clause: Forcing endless battles is banned\n|rule|OHKO Clause: OHKO moves are banned\n|rule|Evasion Moves Clause: Evasion moves are banned\n|rule|Evasion Items Clause: Evasion items are banned\n|rule|Species Clause: Limit one of each Pok\u00e9mon\n|rule|Sleep Clause Mod: Limit one foe put to sleep\n|rule|Mega Rayquaza Clause: You cannot mega evolve Rayquaza\n|clearpoke\n|poke|p1|Groudon|\n|poke|p1|Zygarde|\n|poke|p1|Mewtwo|\n|poke|p1|Kangaskhan, F|\n|poke|p1|Annihilape, M|\n|poke|p1|Regieleki|\n|poke|p2|Necrozma-Dusk-Mane|\n|poke|p2|Ho-Oh|\n|poke|p2|Groudon|\n|poke|p2|Arceus-Dark|\n|poke|p2|Zacian-*|\n|poke|p2|Kyogre|\n|teampreview\n|inactive|Battle timer is ON: inactive players will automatically lose when time's up. (requested by pep014)\n|inactive|Dekkerdoesstuff also wants the timer to be on.\n|\n|t:|1699736029\n|start\n|switch|p1a: Annihilape|Annihilape, M|100\/100\n|switch|p2a: Groudon|Groudon, shiny|100\/100\n|detailschange|p2a: Groudon|Groudon-Primal, shiny\n|-primal|p2a: Groudon|Red Orb\n|-weather|DesolateLand|[from] ability: Desolate Land|[of] p2a: Groudon\n|turn|1\n|\n|t:|1699736033\n|move|p1a: Annihilape|Taunt|p2a: Groudon\n|-start|p2a: Groudon|move: Taunt\n|cant|p2a: Groudon|move: Taunt|Spikes\n|\n|-weather|DesolateLand|[upkeep]\n|upkeep\n|turn|2\n|\n|t:|1699736046\n|move|p1a: Annihilape|Stealth Rock|p2a: Groudon\n|-sidestart|p2: Dekkerdoesstuff|move: Stealth Rock\n|move|p2a: Groudon|Overheat|p1a: Annihilape\n|-enditem|p1a: Annihilape|Focus Sash\n|-damage|p1a: Annihilape|1\/100\n|-unboost|p2a: Groudon|spa|2\n|\n|-weather|DesolateLand|[upkeep]\n|upkeep\n|turn|3\n|\n|t:|1699736062\n|-weather|none\n|switch|p2a: Necrozma|Necrozma-Dusk-Mane, shiny|100\/100\n|-damage|p2a: Necrozma|94\/100|[from] Stealth Rock\n|move|p1a: Annihilape|Close Combat|p2a: Necrozma\n|-damage|p2a: Necrozma|57\/100\n|-unboost|p1a: Annihilape|def|1\n|-unboost|p1a: Annihilape|spd|1\n|-damage|p1a: Annihilape|0 fnt|[from] item: Rocky Helmet|[of] p2a: Necrozma\n|faint|p1a: Annihilape\n|\n|upkeep\n|\n|t:|1699736081\n|switch|p1a: Groudon|Groudon|100\/100\n|detailschange|p1a: Groudon|Groudon-Primal\n|-primal|p1a: Groudon|Red Orb\n|-weather|DesolateLand|[from] ability: Desolate Land|[of] p1a: Groudon\n|turn|4\n|\n|t:|1699736089\n|switch|p2a: Kyogre|Kyogre, shiny|100\/100\n|-damage|p2a: Kyogre|88\/100|[from] Stealth Rock\n|detailschange|p2a: Kyogre|Kyogre-Primal, shiny\n|-primal|p2a: Kyogre|Blue Orb\n|-weather|PrimordialSea|[from] ability: Primordial Sea|[of] p2a: Kyogre\n|move|p1a: Groudon|Rock Polish|p1a: Groudon\n|-boost|p1a: Groudon|spe|2\n|\n|-weather|PrimordialSea|[upkeep]\n|upkeep\n|turn|5\n|\n|t:|1699736093\n|move|p1a: Groudon|Precipice Blades|p2a: Kyogre|[miss]\n|-miss|p1a: Groudon|p2a: Kyogre\n|move|p2a: Kyogre|Origin Pulse|p1a: Groudon\n|-supereffective|p1a: Groudon\n|-damage|p1a: Groudon|0 fnt\n|faint|p1a: Groudon\n|\n|-weather|PrimordialSea|[upkeep]\n|upkeep\n|\n|t:|1699736097\n|switch|p1a: Regieleki|Regieleki|100\/100\n|turn|6\n|\n|t:|1699736103\n|switch|p1a: Zygarde|Zygarde|100\/100\n|-weather|none\n|switch|p2a: Groudon|Groudon-Primal, shiny|100\/100\n|-damage|p2a: Groudon|88\/100|[from] Stealth Rock\n|-weather|DesolateLand|[from] ability: Desolate Land|[of] p2a: Groudon\n|\n|-weather|DesolateLand|[upkeep]\n|upkeep\n|turn|7\n|\n|t:|1699736114\n|move|p1a: Zygarde|Coil|p1a: Zygarde\n|-boost|p1a: Zygarde|atk|1\n|-boost|p1a: Zygarde|def|1\n|-boost|p1a: Zygarde|accuracy|1\n|move|p2a: Groudon|Toxic|p1a: Zygarde\n|-status|p1a: Zygarde|tox\n|\n|-weather|DesolateLand|[upkeep]\n|-damage|p1a: Zygarde|94\/100 tox|[from] psn\n|upkeep\n|turn|8\n|\n|t:|1699736123\n|-weather|none\n|switch|p2a: Arceus|Arceus-Dark, shiny|100\/100\n|-damage|p2a: Arceus|88\/100|[from] Stealth Rock\n|move|p1a: Zygarde|Thousand Arrows|p2a: Arceus\n|-damage|p2a: Arceus|56\/100\n|\n|-damage|p1a: Zygarde|82\/100 tox|[from] psn\n|upkeep\n|turn|9\n|\n|t:|1699736131\n|move|p2a: Arceus|Recover|p2a: Arceus\n|-heal|p2a: Arceus|100\/100\n|move|p1a: Zygarde|Coil|p1a: Zygarde\n|-boost|p1a: Zygarde|atk|1\n|-boost|p1a: Zygarde|def|1\n|-boost|p1a: Zygarde|accuracy|1\n|\n|-damage|p1a: Zygarde|64\/100 tox|[from] psn\n|upkeep\n|turn|10\n|\n|t:|1699736137\n|switch|p1a: Mewtwo|Mewtwo|100\/100\n|-ability|p1a: Mewtwo|Pressure\n|move|p2a: Arceus|Foul Play|p1a: Mewtwo\n|-supereffective|p1a: Mewtwo\n|-damage|p1a: Mewtwo|33\/100\n|\n|upkeep\n|turn|11\n|\n|t:|1699736140\n|move|p1a: Mewtwo|Aura Sphere|p2a: Arceus\n|-supereffective|p2a: Arceus\n|-damage|p2a: Arceus|59\/100\n|move|p2a: Arceus|Foul Play|p1a: Mewtwo\n|-supereffective|p1a: Mewtwo\n|-damage|p1a: Mewtwo|0 fnt\n|faint|p1a: Mewtwo\n|\n|upkeep\n|\n|t:|1699736146\n|switch|p1a: Kangaskhan|Kangaskhan, F|100\/100\n|turn|12\n|\n|t:|1699736152\n|detailschange|p1a: Kangaskhan|Kangaskhan-Mega, F\n|-mega|p1a: Kangaskhan|Kangaskhan|Kangaskhanite\n|move|p2a: Arceus|Will-O-Wisp|p1a: Kangaskhan\n|-status|p1a: Kangaskhan|brn\n|move|p1a: Kangaskhan|Earthquake|p2a: Arceus\n|-damage|p2a: Arceus|50\/100\n|-damage|p2a: Arceus|48\/100\n|-hitcount|p2a: Arceus|2\n|\n|-damage|p1a: Kangaskhan|94\/100 brn|[from] brn\n|upkeep\n|turn|13\n|-message|pep014 forfeited.\n|\n|win|Dekkerdoesstuff\n|raw|pep014's rating: 1396 &rarr; <strong>1382<\/strong><br \/>(-14 for losing)\n|raw|Dekkerdoesstuff's rating: 1509 &rarr; <strong>1523<\/strong><br \/>(+14 for winning)\n|l|\u2606pep014\n","uploadtime":1699736165,"views":5,"p1id":"pep014","p2id":"dekkerdoesstuff","formatid":"gen9nationaldexubers","rating":1382,"private":0,"password":""}