{"id":"gen9nationaldexubers-1992179317","p1":"AJEZ","p2":"SilverstonSylveons","format":"[Gen 9] National Dex Ubers","log":"|j|\u2606AJEZ\n|j|\u2606SilverstonSylveons\n|t:|1700161573\n|gametype|singles\n|player|p1|AJEZ|102|1066\n|player|p2|SilverstonSylveons|265|1123\n|teamsize|p1|6\n|teamsize|p2|6\n|gen|9\n|tier|[Gen 9] National Dex Ubers\n|rated|\n|rule|HP Percentage Mod: HP is shown in percentages\n|rule|Endless Battle Clause: Forcing endless battles is banned\n|rule|OHKO Clause: OHKO moves are banned\n|rule|Evasion Moves Clause: Evasion moves are banned\n|rule|Evasion Items Clause: Evasion items are banned\n|rule|Species Clause: Limit one of each Pok\u00e9mon\n|rule|Sleep Clause Mod: Limit one foe put to sleep\n|rule|Mega Rayquaza Clause: You cannot mega evolve Rayquaza\n|clearpoke\n|poke|p1|Ogerpon-Hearthflame, F|\n|poke|p1|Blastoise, F|\n|poke|p1|Xurkitree|\n|poke|p1|Darmanitan-Galar, M|\n|poke|p1|Lugia|\n|poke|p1|Annihilape, F|\n|poke|p2|Zapdos|\n|poke|p2|Slowking-Galar, M|\n|poke|p2|Samurott-Hisui, F|\n|poke|p2|Baxcalibur, M|\n|poke|p2|Togekiss, F|\n|poke|p2|Rhyperior, M|\n|teampreview\n|\n|t:|1700161582\n|start\n|switch|p1a: Lugia|Lugia|100\/100\n|switch|p2a: Baxcalibur|Baxcalibur, M|100\/100\n|turn|1\n|\n|t:|1700161590\n|move|p2a: Baxcalibur|Dragon Dance|p2a: Baxcalibur\n|-boost|p2a: Baxcalibur|atk|1\n|-boost|p2a: Baxcalibur|spe|1\n|move|p1a: Lugia|Dragon Tail|p2a: Baxcalibur\n|-supereffective|p2a: Baxcalibur\n|-damage|p2a: Baxcalibur|76\/100\n|drag|p2a: Togekiss|Togekiss, F|100\/100\n|\n|upkeep\n|turn|2\n|\n|t:|1700161600\n|move|p2a: Togekiss|Shadow Ball|p1a: Lugia\n|-supereffective|p1a: Lugia\n|-damage|p1a: Lugia|86\/100\n|move|p1a: Lugia|Toxic|p2a: Togekiss\n|-status|p2a: Togekiss|tox\n|\n|-heal|p1a: Lugia|92\/100|[from] item: Leftovers\n|-damage|p2a: Togekiss|94\/100 tox|[from] psn\n|upkeep\n|turn|3\n|\n|t:|1700161610\n|switch|p2a: Zapdos|Zapdos|100\/100\n|move|p1a: Lugia|Psychic|p2a: Zapdos\n|-damage|p2a: Zapdos|74\/100\n|\n|-heal|p1a: Lugia|98\/100|[from] item: Leftovers\n|upkeep\n|turn|4\n|\n|t:|1700161619\n|move|p1a: Lugia|Psychic|p2a: Zapdos\n|-damage|p2a: Zapdos|46\/100\n|move|p2a: Zapdos|Discharge|p1a: Lugia\n|-supereffective|p1a: Lugia\n|-damage|p1a: Lugia|61\/100\n|-status|p1a: Lugia|par\n|\n|-heal|p1a: Lugia|67\/100 par|[from] item: Leftovers\n|upkeep\n|turn|5\n|\n|t:|1700161629\n|move|p2a: Zapdos|Discharge|p1a: Lugia\n|-supereffective|p1a: Lugia\n|-damage|p1a: Lugia|30\/100 par\n|move|p1a: Lugia|Psychic|p2a: Zapdos\n|-damage|p2a: Zapdos|18\/100\n|\n|-heal|p1a: Lugia|36\/100 par|[from] item: Leftovers\n|upkeep\n|turn|6\n|inactive|Battle timer is ON: inactive players will automatically lose when time's up. (requested by SilverstonSylveons)\n|\n|t:|1700161648\n|move|p2a: Zapdos|Roost|p2a: Zapdos\n|-heal|p2a: Zapdos|68\/100\n|-singleturn|p2a: Zapdos|move: Roost\n|move|p1a: Lugia|Roost|p1a: Lugia\n|-heal|p1a: Lugia|86\/100 par\n|-singleturn|p1a: Lugia|move: Roost\n|\n|-heal|p1a: Lugia|92\/100 par|[from] item: Leftovers\n|upkeep\n|turn|7\n|\n|t:|1700161660\n|move|p2a: Zapdos|Volt Switch|p1a: Lugia\n|-supereffective|p1a: Lugia\n|-crit|p1a: Lugia\n|-damage|p1a: Lugia|40\/100 par\n|\n|t:|1700161663\n|switch|p2a: Samurott|Samurott-Hisui, F|100\/100|[from] Volt Switch\n|move|p1a: Lugia|Dragon Tail|p2a: Samurott\n|-damage|p2a: Samurott|85\/100\n|drag|p2a: Baxcalibur|Baxcalibur, M|76\/100\n|\n|-heal|p1a: Lugia|46\/100 par|[from] item: Leftovers\n|upkeep\n|turn|8\n|\n|t:|1700161674\n|move|p2a: Baxcalibur|Icicle Spear|p1a: Lugia\n|-supereffective|p1a: Lugia\n|-damage|p1a: Lugia|23\/100 par\n|-supereffective|p1a: Lugia\n|-damage|p1a: Lugia|0 fnt\n|faint|p1a: Lugia\n|-hitcount|p1: Lugia|2\n|\n|upkeep\n|\n|t:|1700161687\n|switch|p1a: Ogerpon|Ogerpon-Hearthflame, F|100\/100\n|-ability|p1a: Ogerpon|Mold Breaker\n|turn|9\n|\n|t:|1700161694\n|-terastallize|p1a: Ogerpon|Fire\n|detailschange|p1a: Ogerpon|Ogerpon-Hearthflame-Tera, F, tera:Fire\n|-ability|p1a: Ogerpon|Embody Aspect (Hearthflame)|boost\n|-boost|p1a: Ogerpon|atk|1\n|move|p1a: Ogerpon|Ivy Cudgel|p2a: Baxcalibur|[anim] Ivy Cudgel Fire\n|-damage|p2a: Baxcalibur|0 fnt\n|faint|p2a: Baxcalibur\n|\n|upkeep\n|\n|t:|1700161702\n|switch|p2a: Slowking|Slowking-Galar, M|100\/100\n|turn|10\n|\n|t:|1700161729\n|move|p1a: Ogerpon|Swords Dance|p1a: Ogerpon\n|-boost|p1a: Ogerpon|atk|2\n|move|p2a: Slowking|Chilly Reception|p2a: Slowking\n|-weather|Snow\n|\n|t:|1700161734\n|switch|p2a: Samurott|Samurott-Hisui, F|85\/100|[from] Chilly Reception\n|\n|-weather|Snow|[upkeep]\n|-heal|p2a: Samurott|91\/100|[from] item: Leftovers\n|upkeep\n|turn|11\n|\n|t:|1700161749\n|-terastallize|p2a: Samurott|Water\n|move|p1a: Ogerpon|Trailblaze|p2a: Samurott\n|-supereffective|p2a: Samurott\n|-damage|p2a: Samurott|0 fnt\n|-boost|p1a: Ogerpon|spe|1\n|faint|p2a: Samurott\n|\n|-weather|Snow|[upkeep]\n|upkeep\n|\n|t:|1700161759\n|switch|p2a: Togekiss|Togekiss, F|94\/100 tox\n|turn|12\n|\n|t:|1700161765\n|move|p1a: Ogerpon|Swords Dance|p1a: Ogerpon\n|-boost|p1a: Ogerpon|atk|2\n|move|p2a: Togekiss|Air Slash|p1a: Ogerpon\n|-damage|p1a: Ogerpon|59\/100\n|\n|-weather|Snow|[upkeep]\n|-damage|p2a: Togekiss|88\/100 tox|[from] psn\n|upkeep\n|turn|13\n|\n|t:|1700161773\n|move|p1a: Ogerpon|Trailblaze|p2a: Togekiss\n|-resisted|p2a: Togekiss\n|-damage|p2a: Togekiss|34\/100 tox\n|-boost|p1a: Ogerpon|spe|1\n|move|p2a: Togekiss|Air Slash|p1a: Ogerpon\n|-damage|p1a: Ogerpon|16\/100\n|\n|-weather|Snow|[upkeep]\n|-damage|p2a: Togekiss|22\/100 tox|[from] psn\n|upkeep\n|turn|14\n|\n|t:|1700161783\n|move|p1a: Ogerpon|Horn Leech|p2a: Togekiss\n|-resisted|p2a: Togekiss\n|-damage|p2a: Togekiss|0 fnt\n|-heal|p1a: Ogerpon|27\/100|[from] drain|[of] p2a: Togekiss\n|faint|p2a: Togekiss\n|\n|-weather|none\n|upkeep\n|\n|t:|1700161790\n|switch|p2a: Rhyperior|Rhyperior, M|100\/100\n|turn|15\n|\n|t:|1700161795\n|move|p1a: Ogerpon|Horn Leech|p2a: Rhyperior\n|-supereffective|p2a: Rhyperior\n|-damage|p2a: Rhyperior|0 fnt\n|-heal|p1a: Ogerpon|95\/100|[from] drain|[of] p2a: Rhyperior\n|faint|p2a: Rhyperior\n|\n|upkeep\n|c|\u2606SilverstonSylveons|Gg this peice of shit man ahhaha\n|\n|t:|1700161812\n|switch|p2a: Slowking|Slowking-Galar, M|100\/100\n|turn|16\n|\n|t:|1700161828\n|move|p1a: Ogerpon|Ivy Cudgel|p2a: Slowking|[anim] Ivy Cudgel Fire\n|-damage|p2a: Slowking|0 fnt\n|faint|p2a: Slowking\n|\n|upkeep\n|\n|t:|1700161833\n|switch|p2a: Zapdos|Zapdos|68\/100\n|turn|17\n|\n|t:|1700161843\n|move|p1a: Ogerpon|Ivy Cudgel|p2a: Zapdos|[anim] Ivy Cudgel Fire\n|-damage|p2a: Zapdos|0 fnt\n|faint|p2a: Zapdos\n|\n|win|AJEZ\n|raw|AJEZ's rating: 1066 &rarr; <strong>1101<\/strong><br \/>(+35 for winning)\n|raw|SilverstonSylveons's rating: 1123 &rarr; <strong>1094<\/strong><br \/>(-29 for losing)\n","uploadtime":1700161813,"views":8,"p1id":"ajez","p2id":"silverstonsylveons","formatid":"gen9nationaldexubers","rating":1094,"private":0,"password":""}