{"id":"gen9nationaldexubers-1985984543","p1":"Deep Sea Monster","p2":"1 em trach thu","format":"[Gen 9] National Dex Ubers","log":"|j|\u2606Deep Sea Monster\n|j|\u26061 em trach thu\n|t:|1699434100\n|gametype|singles\n|player|p1|Deep Sea Monster|pokemonrangerf-gen4|1464\n|player|p2|1 em trach thu|102|1554\n|teamsize|p1|6\n|teamsize|p2|6\n|gen|9\n|tier|[Gen 9] National Dex Ubers\n|rated|\n|rule|HP Percentage Mod: HP is shown in percentages\n|rule|Endless Battle Clause: Forcing endless battles is banned\n|rule|OHKO Clause: OHKO moves are banned\n|rule|Evasion Moves Clause: Evasion moves are banned\n|rule|Evasion Items Clause: Evasion items are banned\n|rule|Species Clause: Limit one of each Pok\u00e9mon\n|rule|Sleep Clause Mod: Limit one foe put to sleep\n|rule|Mega Rayquaza Clause: You cannot mega evolve Rayquaza\n|clearpoke\n|poke|p1|Yveltal|\n|poke|p1|Zacian-*|\n|poke|p1|Groudon|\n|poke|p1|Giratina-Origin|\n|poke|p1|Necrozma-Dusk-Mane|\n|poke|p1|Ho-Oh|\n|poke|p2|Kyogre|\n|poke|p2|Groudon|\n|poke|p2|Zacian-*|\n|poke|p2|Arceus|\n|poke|p2|Rayquaza|\n|poke|p2|Banette, F|\n|teampreview\n|inactive|Battle timer is ON: inactive players will automatically lose when time's up. (requested by 1 em trach thu)\n|inactive|Deep Sea Monster has 120 seconds left.\n|j| Incredible Gassy\n|\n|t:|1699434166\n|start\n|switch|p1a: Yveltal|Yveltal|100\/100\n|switch|p2a: Arceus|Arceus|100\/100\n|-ability|p1a: Yveltal|Dark Aura\n|turn|1\n|\n|t:|1699434180\n|move|p1a: Yveltal|Foul Play|p2a: Arceus\n|-damage|p2a: Arceus|71\/100\n|move|p2a: Arceus|Toxic|p1a: Yveltal|[miss]\n|-miss|p2a: Arceus|p1a: Yveltal\n|\n|-heal|p2a: Arceus|77\/100|[from] item: Leftovers\n|upkeep\n|turn|2\n|\n|t:|1699434188\n|switch|p1a: Necrozma|Necrozma-Dusk-Mane, shiny|100\/100\n|move|p2a: Arceus|Toxic|p1a: Necrozma\n|-immune|p1a: Necrozma\n|\n|-heal|p2a: Arceus|83\/100|[from] item: Leftovers\n|upkeep\n|turn|3\n|\n|t:|1699434217\n|switch|p2a: Banette|Banette, F|100\/100\n|-item|p1a: Necrozma|Rocky Helmet|[from] ability: Frisk|[of] p2a: Banette|[identify]\n|move|p1a: Necrozma|Knock Off|p2a: Banette\n|-supereffective|p2a: Banette\n|-damage|p2a: Banette|26\/100\n|\n|upkeep\n|turn|4\n|\n|t:|1699434225\n|detailschange|p2a: Banette|Banette-Mega, F\n|-mega|p2a: Banette|Banette|Banettite\n|move|p2a: Banette|Destiny Bond|p2a: Banette\n|-singlemove|p2a: Banette|Destiny Bond\n|move|p1a: Necrozma|Stealth Rock|p2a: Banette\n|-sidestart|p2: 1 em trach thu|move: Stealth Rock\n|\n|upkeep\n|turn|5\n|\n|t:|1699434250\n|move|p2a: Banette|Encore|p1a: Necrozma\n|-start|p1a: Necrozma|Encore\n|move|p1a: Necrozma|Stealth Rock||[still]\n|-fail|p1a: Necrozma\n|\n|upkeep\n|turn|6\n|\n|t:|1699434255\n|switch|p1a: Yveltal|Yveltal|100\/100\n|-ability|p1a: Yveltal|Dark Aura\n|move|p2a: Banette|Knock Off|p1a: Yveltal\n|-resisted|p1a: Yveltal\n|-damage|p1a: Yveltal|79\/100\n|-enditem|p1a: Yveltal|Choice Scarf|[from] move: Knock Off|[of] p2a: Banette\n|\n|upkeep\n|turn|7\n|\n|t:|1699434280\n|move|p2a: Banette|Destiny Bond|p2a: Banette\n|-singlemove|p2a: Banette|Destiny Bond\n|move|p1a: Yveltal|Toxic|p2a: Banette\n|-status|p2a: Banette|tox\n|\n|-damage|p2a: Banette|20\/100 tox|[from] psn\n|upkeep\n|turn|8\n|\n|t:|1699434295\n|switch|p2a: Arceus|Arceus|83\/100\n|-damage|p2a: Arceus|71\/100|[from] Stealth Rock\n|move|p1a: Yveltal|U-turn|p2a: Arceus\n|-damage|p2a: Arceus|58\/100\n|inactive|Deep Sea Monster has 120 seconds left.\n|inactive|Deep Sea Monster has 90 seconds left.\n|l| Incredible Gassy\n|\n|t:|1699434369\n|switch|p1a: Giratina|Giratina-Origin, shiny|100\/100|[from] U-turn\n|\n|-heal|p2a: Arceus|64\/100|[from] item: Leftovers\n|upkeep\n|turn|9\n|\n|t:|1699434382\n|move|p2a: Arceus|Toxic|p1a: Giratina\n|-status|p1a: Giratina|tox\n|move|p1a: Giratina|Will-O-Wisp|p2a: Arceus\n|-status|p2a: Arceus|brn\n|\n|-heal|p2a: Arceus|70\/100 brn|[from] item: Leftovers\n|-damage|p1a: Giratina|94\/100 tox|[from] psn\n|-damage|p2a: Arceus|64\/100 brn|[from] brn\n|upkeep\n|turn|10\n|\n|t:|1699434395\n|switch|p1a: Necrozma|Necrozma-Dusk-Mane, shiny|100\/100\n|move|p2a: Arceus|Defog|p1a: Necrozma\n|-unboost|p1a: Necrozma|evasion|1\n|-sideend|p2: 1 em trach thu|Stealth Rock|[from] move: Defog|[of] p2a: Arceus\n|\n|-heal|p2a: Arceus|70\/100 brn|[from] item: Leftovers\n|-damage|p2a: Arceus|64\/100 brn|[from] brn\n|upkeep\n|turn|11\n|\n|t:|1699434406\n|move|p2a: Arceus|Stealth Rock|p1a: Necrozma\n|-sidestart|p1: Deep Sea Monster|move: Stealth Rock\n|move|p1a: Necrozma|Knock Off|p2a: Arceus\n|-damage|p2a: Arceus|44\/100 brn\n|-enditem|p2a: Arceus|Leftovers|[from] move: Knock Off|[of] p1a: Necrozma\n|\n|-damage|p2a: Arceus|38\/100 brn|[from] brn\n|upkeep\n|turn|12\n|inactive|Deep Sea Monster has 90 seconds left.\n|\n|t:|1699434420\n|switch|p2a: Rayquaza|Rayquaza|100\/100\n|-ability|p2a: Rayquaza|Air Lock\n|move|p1a: Necrozma|Sunsteel Strike|p2a: Rayquaza\n|-damage|p2a: Rayquaza|42\/100\n|\n|upkeep\n|turn|13\n|\n|t:|1699434429\n|move|p2a: Rayquaza|V-create|p1a: Necrozma\n|-supereffective|p1a: Necrozma\n|-damage|p1a: Necrozma|55\/100\n|-unboost|p2a: Rayquaza|spe|1\n|-unboost|p2a: Rayquaza|def|1\n|-unboost|p2a: Rayquaza|spd|1\n|-damage|p2a: Rayquaza|25\/100|[from] item: Rocky Helmet|[of] p1a: Necrozma\n|move|p1a: Necrozma|Sunsteel Strike|p2a: Rayquaza\n|-crit|p2a: Rayquaza\n|-damage|p2a: Rayquaza|0 fnt\n|faint|p2a: Rayquaza\n|\n|upkeep\n|\n|t:|1699434442\n|switch|p2a: Kyogre|Kyogre|100\/100\n|detailschange|p2a: Kyogre|Kyogre-Primal\n|-primal|p2a: Kyogre|Blue Orb\n|-weather|PrimordialSea|[from] ability: Primordial Sea|[of] p2a: Kyogre\n|turn|14\n|inactive|Deep Sea Monster has 90 seconds left.\n|\n|t:|1699434462\n|switch|p1a: Groudon|Groudon|100\/100\n|-damage|p1a: Groudon|94\/100|[from] Stealth Rock\n|detailschange|p1a: Groudon|Groudon-Primal\n|-primal|p1a: Groudon|Red Orb\n|-weather|DesolateLand|[from] ability: Desolate Land|[of] p1a: Groudon\n|move|p2a: Kyogre|Surf||[still]\n|-fail|p2a: Kyogre|Surf|[from] Desolate Land\n|\n|-weather|DesolateLand|[upkeep]\n|upkeep\n|turn|15\n|\n|t:|1699434473\n|move|p2a: Kyogre|Hidden Power|p1a: Groudon\n|-supereffective|p1a: Groudon\n|-damage|p1a: Groudon|37\/100\n|move|p1a: Groudon|Precipice Blades|p2a: Kyogre\n|-damage|p2a: Kyogre|4\/100\n|\n|-weather|DesolateLand|[upkeep]\n|upkeep\n|turn|16\n|inactive|Deep Sea Monster has 90 seconds left.\n|\n|t:|1699434511\n|-weather|none\n|switch|p1a: Yveltal|Yveltal|79\/100\n|-damage|p1a: Yveltal|55\/100|[from] Stealth Rock\n|-ability|p1a: Yveltal|Dark Aura\n|move|p2a: Kyogre|Hidden Power|p1a: Yveltal\n|-immune|p1a: Yveltal\n|\n|upkeep\n|turn|17\n|\n|t:|1699434522\n|switch|p2a: Arceus|Arceus|38\/100 brn\n|move|p1a: Yveltal|Oblivion Wing|p2a: Arceus\n|-damage|p2a: Arceus|10\/100 brn\n|-heal|p1a: Yveltal|74\/100|[from] drain|[of] p2a: Arceus\n|\n|-damage|p2a: Arceus|4\/100 brn|[from] brn\n|upkeep\n|turn|18\n|\n|t:|1699434546\n|move|p2a: Arceus|Toxic|p1a: Yveltal\n|-status|p1a: Yveltal|tox\n|move|p1a: Yveltal|Oblivion Wing|p2a: Arceus\n|-damage|p2a: Arceus|0 fnt\n|-heal|p1a: Yveltal|77\/100 tox|[from] drain|[of] p2a: Arceus\n|faint|p2a: Arceus\n|\n|-damage|p1a: Yveltal|71\/100 tox|[from] psn\n|upkeep\n|\n|t:|1699434564\n|switch|p2a: Zacian|Zacian-Crowned|100\/100\n|-ability|p2a: Zacian|Intrepid Sword|boost\n|-boost|p2a: Zacian|atk|1\n|turn|19\n|\n|t:|1699434571\n|switch|p1a: Groudon|Groudon-Primal|37\/100\n|-damage|p1a: Groudon|25\/100|[from] Stealth Rock\n|-weather|DesolateLand|[from] ability: Desolate Land|[of] p1a: Groudon\n|move|p2a: Zacian|Play Rough|p1a: Groudon\n|-resisted|p1a: Groudon\n|-damage|p1a: Groudon|0 fnt\n|faint|p1a: Groudon\n|-weather|none\n|\n|upkeep\n|\n|t:|1699434580\n|switch|p1a: Yveltal|Yveltal|71\/100 tox\n|-damage|p1a: Yveltal|46\/100 tox|[from] Stealth Rock\n|-ability|p1a: Yveltal|Dark Aura\n|turn|20\n|\n|t:|1699434586\n|move|p2a: Zacian|Play Rough|p1a: Yveltal\n|-supereffective|p1a: Yveltal\n|-damage|p1a: Yveltal|0 fnt\n|faint|p1a: Yveltal\n|\n|upkeep\n|\n|t:|1699434596\n|switch|p1a: Ho-Oh|Ho-Oh|100\/100\n|turn|21\n|inactive|Deep Sea Monster has 90 seconds left.\n|\n|t:|1699434607\n|switch|p2a: Kyogre|Kyogre-Primal|4\/100\n|-weather|PrimordialSea|[from] ability: Primordial Sea|[of] p2a: Kyogre\n|-terastallize|p1a: Ho-Oh|Ground\n|move|p1a: Ho-Oh|Sacred Fire||[still]\n|-fail|p1a: Ho-Oh|Sacred Fire|[from] Primordial Sea\n|\n|-weather|PrimordialSea|[upkeep]\n|upkeep\n|turn|22\n|inactive|Deep Sea Monster has 90 seconds left.\n|\n|t:|1699434616\n|switch|p1a: Necrozma|Necrozma-Dusk-Mane, shiny|55\/100\n|-damage|p1a: Necrozma|49\/100|[from] Stealth Rock\n|move|p2a: Kyogre|Surf|p1a: Necrozma\n|-damage|p1a: Necrozma|0 fnt\n|faint|p1a: Necrozma\n|\n|-weather|PrimordialSea|[upkeep]\n|upkeep\n|inactive|Deep Sea Monster has 90 seconds left.\n|\n|t:|1699434623\n|switch|p1a: Zacian|Zacian-Crowned|100\/100\n|-damage|p1a: Zacian|94\/100|[from] Stealth Rock\n|-ability|p1a: Zacian|Intrepid Sword|boost\n|-boost|p1a: Zacian|atk|1\n|turn|23\n|inactive|1 em trach thu has 120 seconds left.\n|\n|t:|1699434657\n|-weather|none\n|switch|p2a: Groudon|Groudon|100\/100\n|detailschange|p2a: Groudon|Groudon-Primal\n|-primal|p2a: Groudon|Red Orb\n|-weather|DesolateLand|[from] ability: Desolate Land|[of] p2a: Groudon\n|move|p1a: Zacian|Trailblaze|p2a: Groudon\n|-damage|p2a: Groudon|82\/100\n|-boost|p1a: Zacian|spe|1\n|\n|-weather|DesolateLand|[upkeep]\n|upkeep\n|turn|24\n|inactive|1 em trach thu has 120 seconds left.\n|inactive|Deep Sea Monster has 90 seconds left.\n|\n|t:|1699434681\n|switch|p1a: Giratina|Giratina-Origin, shiny|94\/100 tox\n|-damage|p1a: Giratina|82\/100 tox|[from] Stealth Rock\n|move|p2a: Groudon|Heat Crash|p1a: Giratina\n|-resisted|p1a: Giratina\n|-damage|p1a: Giratina|66\/100 tox\n|\n|-weather|DesolateLand|[upkeep]\n|-damage|p1a: Giratina|60\/100 tox|[from] psn\n|upkeep\n|turn|25\n|inactive|Deep Sea Monster has 90 seconds left.\n|inactive|1 em trach thu has 120 seconds left.\n|\n|t:|1699434694\n|move|p1a: Giratina|Poltergeist|p2a: Groudon\n|-activate|p2a: Groudon|move: Poltergeist|Red Orb\n|-damage|p2a: Groudon|44\/100\n|move|p2a: Groudon|Rock Tomb|p1a: Giratina\n|-damage|p1a: Giratina|41\/100 tox\n|-unboost|p1a: Giratina|spe|1\n|\n|-weather|DesolateLand|[upkeep]\n|-damage|p1a: Giratina|29\/100 tox|[from] psn\n|upkeep\n|turn|26\n|inactive|1 em trach thu has 120 seconds left.\n|\n|t:|1699434706\n|move|p2a: Groudon|Rock Tomb|p1a: Giratina\n|-damage|p1a: Giratina|9\/100 tox\n|-unboost|p1a: Giratina|spe|1\n|move|p1a: Giratina|Poltergeist|p2a: Groudon\n|-activate|p2a: Groudon|move: Poltergeist|Red Orb\n|-damage|p2a: Groudon|5\/100\n|\n|-weather|DesolateLand|[upkeep]\n|-damage|p1a: Giratina|0 fnt|[from] psn\n|faint|p1a: Giratina\n|upkeep\n|\n|t:|1699434710\n|switch|p1a: Zacian|Zacian-Crowned|94\/100\n|-damage|p1a: Zacian|88\/100|[from] Stealth Rock\n|turn|27\n|\n|t:|1699434721\n|move|p1a: Zacian|Trailblaze|p2a: Groudon\n|-damage|p2a: Groudon|0 fnt\n|-boost|p1a: Zacian|spe|1\n|faint|p2a: Groudon\n|-weather|none\n|\n|upkeep\n|inactive|1 em trach thu has 120 seconds left.\n|\n|t:|1699434761\n|switch|p2a: Banette|Banette-Mega, F|20\/100 tox\n|turn|28\n|inactive|Deep Sea Monster has 120 seconds left.\n|\n|t:|1699434781\n|switch|p1a: Ho-Oh|Ho-Oh, tera:Ground|100\/100\n|move|p2a: Banette|Destiny Bond|p2a: Banette\n|-singlemove|p2a: Banette|Destiny Bond\n|\n|-damage|p2a: Banette|14\/100 tox|[from] psn\n|upkeep\n|turn|29\n|\n|t:|1699434790\n|move|p2a: Banette|Knock Off|p1a: Ho-Oh\n|-damage|p1a: Ho-Oh|72\/100\n|-enditem|p1a: Ho-Oh|Heavy-Duty Boots|[from] move: Knock Off|[of] p2a: Banette\n|move|p1a: Ho-Oh|Defog|p2a: Banette\n|-unboost|p2a: Banette|evasion|1\n|-sideend|p1: Deep Sea Monster|Stealth Rock|[from] move: Defog|[of] p1a: Ho-Oh\n|\n|-damage|p2a: Banette|2\/100 tox|[from] psn\n|upkeep\n|turn|30\n|\n|t:|1699434811\n|switch|p1a: Zacian|Zacian-Crowned|88\/100\n|move|p2a: Banette|Knock Off|p1a: Zacian\n|-resisted|p1a: Zacian\n|-damage|p1a: Zacian|75\/100\n|\n|-damage|p2a: Banette|0 fnt|[from] psn\n|faint|p2a: Banette\n|upkeep\n|inactive|1 em trach thu has 90 seconds left.\n|\n|t:|1699434823\n|switch|p2a: Zacian|Zacian-Crowned|100\/100\n|turn|31\n|\n|t:|1699434828\n|-terastallize|p2a: Zacian|Ground\n|move|p2a: Zacian|Tera Blast|p1a: Zacian|[anim] Tera Blast Ground\n|-supereffective|p1a: Zacian\n|-damage|p1a: Zacian|0 fnt\n|faint|p1a: Zacian\n|\n|upkeep\n|\n|t:|1699434831\n|switch|p1a: Ho-Oh|Ho-Oh, tera:Ground|100\/100\n|turn|32\n|\n|t:|1699434839\n|move|p2a: Zacian|Tera Blast|p1a: Ho-Oh|[anim] Tera Blast Ground\n|-damage|p1a: Ho-Oh|69\/100\n|move|p1a: Ho-Oh|Sacred Fire|p2a: Zacian\n|-damage|p2a: Zacian|59\/100\n|\n|upkeep\n|turn|33\n|\n|t:|1699434845\n|move|p2a: Zacian|Tera Blast|p1a: Ho-Oh|[anim] Tera Blast Ground\n|-damage|p1a: Ho-Oh|40\/100\n|move|p1a: Ho-Oh|Sacred Fire|p2a: Zacian\n|-damage|p2a: Zacian|20\/100\n|\n|upkeep\n|turn|34\n|c|\u2606Deep Sea Monster|no burn :(\n|\n|t:|1699434853\n|move|p2a: Zacian|Play Rough|p1a: Ho-Oh|[miss]\n|-miss|p2a: Zacian|p1a: Ho-Oh\n|move|p1a: Ho-Oh|Whirlwind|p2a: Zacian\n|drag|p2a: Kyogre|Kyogre-Primal|4\/100\n|-weather|PrimordialSea|[from] ability: Primordial Sea|[of] p2a: Kyogre\n|\n|-weather|PrimordialSea|[upkeep]\n|upkeep\n|turn|35\n|inactive|1 em trach thu has 120 seconds left.\n|\n|t:|1699434862\n|move|p2a: Kyogre|Surf|p1a: Ho-Oh\n|-supereffective|p1a: Ho-Oh\n|-damage|p1a: Ho-Oh|0 fnt\n|faint|p1a: Ho-Oh\n|\n|win|1 em trach thu\n|raw|Deep Sea Monster's rating: 1464 &rarr; <strong>1449<\/strong><br \/>(-15 for losing)\n|raw|1 em trach thu's rating: 1554 &rarr; <strong>1569<\/strong><br \/>(+15 for winning)\n|l|\u2606Deep Sea Monster\n","uploadtime":1699434869,"views":5,"p1id":"deepseamonster","p2id":"1emtrachthu","formatid":"gen9nationaldexubers","rating":1449,"private":0,"password":""}