{"id":"gen9nationaldexubers-1986624475","p1":"Twin Cities T-tars","p2":"Ncgyarados","format":"[Gen 9] National Dex Ubers","log":"|j|\u2606Twin Cities T-tars\n|j|\u2606Ncgyarados\n|t:|1699499245\n|gametype|singles\n|player|p1|Twin Cities T-tars|pokemonbreeder|\n|player|p2|Ncgyarados|170|\n|teamsize|p1|6\n|teamsize|p2|6\n|gen|9\n|tier|[Gen 9] National Dex Ubers\n|rule|HP Percentage Mod: HP is shown in percentages\n|rule|Endless Battle Clause: Forcing endless battles is banned\n|rule|OHKO Clause: OHKO moves are banned\n|rule|Evasion Moves Clause: Evasion moves are banned\n|rule|Evasion Items Clause: Evasion items are banned\n|rule|Species Clause: Limit one of each Pok\u00e9mon\n|rule|Sleep Clause Mod: Limit one foe put to sleep\n|rule|Mega Rayquaza Clause: You cannot mega evolve Rayquaza\n|clearpoke\n|poke|p1|Iron Bundle|\n|poke|p1|Skeledirge, M|\n|poke|p1|Fezandipiti, M|\n|poke|p1|Venusaur, F|\n|poke|p1|Skarmory, M|\n|poke|p1|Dragonite, M|\n|poke|p2|Cloyster, F|\n|poke|p2|Iron Hands|\n|poke|p2|Magearna|\n|poke|p2|Togekiss, F|\n|poke|p2|Medicham, M|\n|poke|p2|Piloswine, M|\n|teampreview\n|l|\u2606Ncgyarados\n|player|p2|\n|j|\u2606Ncgyarados\n|player|p2|Ncgyarados|170\n|c|\u2606Twin Cities T-tars|glhf\n|\n|t:|1699499289\n|start\n|switch|p1a: Damascus|Skarmory, M, shiny|100\/100\n|switch|p2a: Piloswine|Piloswine, M|100\/100\n|turn|1\n|c|\u2606Ncgyarados|Glhf\n|\n|t:|1699499297\n|move|p1a: Damascus|Stealth Rock|p2a: Piloswine\n|-sidestart|p2: Ncgyarados|move: Stealth Rock\n|move|p2a: Piloswine|Stealth Rock|p1a: Damascus\n|-sidestart|p1: Twin Cities T-tars|move: Stealth Rock\n|\n|upkeep\n|turn|2\n|\n|t:|1699499307\n|move|p2a: Piloswine|Ice Shard|p1a: Damascus\n|-damage|p1a: Damascus|89\/100\n|move|p1a: Damascus|Spikes|p2a: Piloswine\n|-sidestart|p2: Ncgyarados|Spikes\n|\n|upkeep\n|turn|3\n|\n|t:|1699499315\n|switch|p2a: Iron Hands|Iron Hands|100\/100\n|-damage|p2a: Iron Hands|94\/100|[from] Stealth Rock\n|-damage|p2a: Iron Hands|82\/100|[from] Spikes\n|move|p1a: Damascus|Spikes|p2a: Iron Hands\n|-sidestart|p2: Ncgyarados|Spikes\n|\n|upkeep\n|turn|4\n|\n|t:|1699499324\n|move|p1a: Damascus|Air Slash|p2a: Iron Hands\n|-damage|p2a: Iron Hands|70\/100\n|move|p2a: Iron Hands|Thunder Punch|p1a: Damascus\n|-supereffective|p1a: Damascus\n|-damage|p1a: Damascus|32\/100\n|-damage|p2a: Iron Hands|53\/100|[from] item: Rocky Helmet|[of] p1a: Damascus\n|\n|upkeep\n|turn|5\n|\n|t:|1699499334\n|move|p1a: Damascus|Roost|p1a: Damascus\n|-heal|p1a: Damascus|82\/100\n|-singleturn|p1a: Damascus|move: Roost\n|move|p2a: Iron Hands|Thunder Punch|p1a: Damascus\n|-damage|p1a: Damascus|54\/100\n|-damage|p2a: Iron Hands|36\/100|[from] item: Rocky Helmet|[of] p1a: Damascus\n|\n|upkeep\n|turn|6\n|\n|t:|1699499343\n|move|p1a: Damascus|Roost|p1a: Damascus\n|-heal|p1a: Damascus|100\/100\n|-singleturn|p1a: Damascus|move: Roost\n|move|p2a: Iron Hands|Drain Punch|p1a: Damascus\n|-supereffective|p1a: Damascus\n|-damage|p1a: Damascus|50\/100\n|-heal|p2a: Iron Hands|53\/100|[from] drain|[of] p1a: Damascus\n|-damage|p2a: Iron Hands|36\/100|[from] item: Rocky Helmet|[of] p1a: Damascus\n|\n|upkeep\n|turn|7\n|\n|t:|1699499362\n|switch|p1a: Amaryllis|Venusaur, F, shiny|100\/100\n|-damage|p1a: Amaryllis|88\/100|[from] Stealth Rock\n|move|p2a: Iron Hands|Drain Punch|p1a: Amaryllis\n|-resisted|p1a: Amaryllis\n|-damage|p1a: Amaryllis|65\/100\n|-heal|p2a: Iron Hands|45\/100|[from] drain|[of] p1a: Amaryllis\n|\n|upkeep\n|turn|8\n|\n|t:|1699499373\n|detailschange|p1a: Amaryllis|Venusaur-Mega, F, shiny\n|-mega|p1a: Amaryllis|Venusaur|Venusaurite\n|move|p1a: Amaryllis|Leech Seed|p2a: Iron Hands\n|-start|p2a: Iron Hands|move: Leech Seed\n|move|p2a: Iron Hands|Earthquake|p1a: Amaryllis\n|-damage|p1a: Amaryllis|35\/100\n|\n|-damage|p2a: Iron Hands|32\/100|[from] Leech Seed|[of] p1a: Amaryllis\n|-heal|p1a: Amaryllis|52\/100|[silent]\n|upkeep\n|turn|9\n|\n|t:|1699499387\n|-end|p2a: Iron Hands|Quark Drive|[silent]\n|switch|p2a: Piloswine|Piloswine, M|100\/100\n|-damage|p2a: Piloswine|88\/100|[from] Stealth Rock\n|-damage|p2a: Piloswine|72\/100|[from] Spikes\n|move|p1a: Amaryllis|Giga Drain|p2a: Piloswine\n|-supereffective|p2a: Piloswine\n|-damage|p2a: Piloswine|5\/100\n|-heal|p1a: Amaryllis|89\/100|[from] drain|[of] p2a: Piloswine\n|\n|upkeep\n|turn|10\n|\n|t:|1699499398\n|move|p1a: Amaryllis|Giga Drain|p2a: Piloswine\n|-supereffective|p2a: Piloswine\n|-damage|p2a: Piloswine|0 fnt\n|-heal|p1a: Amaryllis|92\/100|[from] drain|[of] p2a: Piloswine\n|faint|p2a: Piloswine\n|\n|upkeep\n|\n|t:|1699499411\n|switch|p2a: Togekiss|Togekiss, F|100\/100\n|-damage|p2a: Togekiss|76\/100|[from] Stealth Rock\n|turn|11\n|\n|t:|1699499416\n|move|p2a: Togekiss|Air Slash|p1a: Amaryllis|[miss]\n|-miss|p2a: Togekiss|p1a: Amaryllis\n|move|p1a: Amaryllis|Knock Off|p2a: Togekiss\n|-resisted|p2a: Togekiss\n|-damage|p2a: Togekiss|64\/100\n|-enditem|p2a: Togekiss|Choice Scarf|[from] move: Knock Off|[of] p1a: Amaryllis\n|\n|upkeep\n|turn|12\n|\n|t:|1699499429\n|switch|p1a: Damascus|Skarmory, M, shiny|50\/100\n|-damage|p1a: Damascus|38\/100|[from] Stealth Rock\n|move|p2a: Togekiss|Air Slash|p1a: Damascus\n|-resisted|p1a: Damascus\n|-damage|p1a: Damascus|13\/100\n|\n|upkeep\n|turn|13\n|\n|t:|1699499437\n|move|p2a: Togekiss|Flamethrower|p1a: Damascus\n|-supereffective|p1a: Damascus\n|-damage|p1a: Damascus|0 fnt\n|faint|p1a: Damascus\n|\n|upkeep\n|\n|t:|1699499443\n|switch|p1a: Washimi|Fezandipiti, M|100\/100\n|-damage|p1a: Washimi|88\/100|[from] Stealth Rock\n|turn|14\n|\n|t:|1699499455\n|switch|p2a: Magearna|Magearna|100\/100\n|-damage|p2a: Magearna|94\/100|[from] Stealth Rock\n|-item|p2a: Magearna|Air Balloon\n|move|p1a: Washimi|Heat Wave|p2a: Magearna\n|-supereffective|p2a: Magearna\n|-damage|p2a: Magearna|68\/100\n|-enditem|p2a: Magearna|Air Balloon\n|\n|-heal|p1a: Washimi|94\/100|[from] item: Black Sludge\n|upkeep\n|turn|15\n|\n|t:|1699499467\n|move|p1a: Washimi|Heat Wave|p2a: Magearna\n|-supereffective|p2a: Magearna\n|-damage|p2a: Magearna|41\/100\n|move|p2a: Magearna|Shift Gear|p2a: Magearna\n|-boost|p2a: Magearna|spe|2\n|-boost|p2a: Magearna|atk|1\n|\n|-heal|p1a: Washimi|99\/100|[from] item: Black Sludge\n|upkeep\n|turn|16\n|\n|t:|1699499478\n|move|p2a: Magearna|Flash Cannon|p1a: Washimi\n|-supereffective|p1a: Washimi\n|-damage|p1a: Washimi|48\/100\n|move|p1a: Washimi|Heat Wave|p2a: Magearna\n|-supereffective|p2a: Magearna\n|-damage|p2a: Magearna|14\/100\n|\n|-heal|p1a: Washimi|54\/100|[from] item: Black Sludge\n|upkeep\n|turn|17\n|j| Pks slayer\n|\n|t:|1699499492\n|move|p2a: Magearna|Flash Cannon|p1a: Washimi\n|-supereffective|p1a: Washimi\n|-damage|p1a: Washimi|4\/100\n|move|p1a: Washimi|Heat Wave|p2a: Magearna\n|-supereffective|p2a: Magearna\n|-damage|p2a: Magearna|0 fnt\n|faint|p2a: Magearna\n|\n|-heal|p1a: Washimi|10\/100|[from] item: Black Sludge\n|upkeep\n|\n|t:|1699499502\n|switch|p2a: Medicham|Medicham, M|100\/100\n|-damage|p2a: Medicham|94\/100|[from] Stealth Rock\n|-damage|p2a: Medicham|78\/100|[from] Spikes\n|turn|18\n|\n|t:|1699499519\n|detailschange|p2a: Medicham|Medicham-Mega, M\n|-mega|p2a: Medicham|Medicham|Medichamite\n|move|p2a: Medicham|Bullet Punch|p1a: Washimi\n|-supereffective|p1a: Washimi\n|-damage|p1a: Washimi|0 fnt\n|faint|p1a: Washimi\n|\n|upkeep\n|\n|t:|1699499526\n|switch|p1a: Capsaicin|Skeledirge, M, shiny|100\/100\n|turn|19\n|\n|t:|1699499540\n|move|p2a: Medicham|Thunder Punch|p1a: Capsaicin\n|-damage|p1a: Capsaicin|76\/100\n|move|p1a: Capsaicin|Shadow Ball|p2a: Medicham\n|-supereffective|p2a: Medicham\n|-damage|p2a: Medicham|0 fnt\n|faint|p2a: Medicham\n|\n|upkeep\n|\n|t:|1699499549\n|switch|p2a: Cloyster|Cloyster, F|100\/100\n|-damage|p2a: Cloyster|76\/100|[from] Stealth Rock\n|-damage|p2a: Cloyster|59\/100|[from] Spikes\n|turn|20\n|j| Pks BloodEagle\n|\n|t:|1699499558\n|move|p2a: Cloyster|Shell Smash|p2a: Cloyster\n|-unboost|p2a: Cloyster|def|1\n|-unboost|p2a: Cloyster|spd|1\n|-boost|p2a: Cloyster|atk|2\n|-boost|p2a: Cloyster|spa|2\n|-boost|p2a: Cloyster|spe|2\n|-enditem|p2a: Cloyster|White Herb\n|-clearnegativeboost|p2a: Cloyster|[silent]\n|move|p1a: Capsaicin|Torch Song|p2a: Cloyster\n|-damage|p2a: Cloyster|0 fnt\n|-boost|p1a: Capsaicin|spa|1\n|faint|p2a: Cloyster\n|\n|upkeep\n|\n|t:|1699499570\n|switch|p2a: Iron Hands|Iron Hands|32\/100\n|-damage|p2a: Iron Hands|26\/100|[from] Stealth Rock\n|-damage|p2a: Iron Hands|10\/100|[from] Spikes\n|turn|21\n|\n|t:|1699499577\n|move|p1a: Capsaicin|Torch Song|p2a: Iron Hands\n|-damage|p2a: Iron Hands|0 fnt\n|-boost|p1a: Capsaicin|spa|1\n|faint|p2a: Iron Hands\n|-end|p2a: Iron Hands|Quark Drive|[silent]\n|\n|upkeep\n|\n|t:|1699499587\n|switch|p2a: Togekiss|Togekiss, F|64\/100\n|-damage|p2a: Togekiss|39\/100|[from] Stealth Rock\n|turn|22\n|l| Pks BloodEagle\n|\n|t:|1699499593\n|move|p2a: Togekiss|Air Slash|p1a: Capsaicin\n|-damage|p1a: Capsaicin|38\/100\n|move|p1a: Capsaicin|Torch Song|p2a: Togekiss\n|-damage|p2a: Togekiss|0 fnt\n|-boost|p1a: Capsaicin|spa|1\n|faint|p2a: Togekiss\n|\n|win|Twin Cities T-tars\n|c|\u2606Twin Cities T-tars|gg\n|l| Pks slayer\n|c|\u2606Ncgyarados|Gg\n","uploadtime":1699499604,"views":54,"p1id":"twincitiesttars","p2id":"ncgyarados","formatid":"gen9nationaldexubers","rating":0,"private":0,"password":""}