{"id":"gen9nationaldexubers-1991578368","p1":"Hyjinks","p2":"NoahTheGreat6.4","format":"[Gen 9] National Dex Ubers","log":"|j|\u2606Hyjinks\n|j|\u2606NoahTheGreat6.4\n|inactive|Battle timer is ON: inactive players will automatically lose when time's up.\n|t:|1700090362\n|gametype|singles\n|player|p1|Hyjinks|proton|\n|player|p2|NoahTheGreat6.4|giovanni|\n|teamsize|p1|6\n|teamsize|p2|6\n|gen|9\n|tier|[Gen 9] National Dex Ubers\n|rated|Tournament battle\n|rule|HP Percentage Mod: HP is shown in percentages\n|rule|Endless Battle Clause: Forcing endless battles is banned\n|rule|OHKO Clause: OHKO moves are banned\n|rule|Evasion Moves Clause: Evasion moves are banned\n|rule|Evasion Items Clause: Evasion items are banned\n|rule|Species Clause: Limit one of each Pok\u00e9mon\n|rule|Sleep Clause Mod: Limit one foe put to sleep\n|rule|Mega Rayquaza Clause: You cannot mega evolve Rayquaza\n|rule|Dynamax Clause: You cannot dynamax\n|rule|Terastal Clause: You cannot Terastallize\n|rule|Same Type Clause: Pok\u00e9mon in a team must share a type\n|clearpoke\n|poke|p1|Yveltal|\n|poke|p1|Shaymin-Sky|\n|poke|p1|Ho-Oh|\n|poke|p1|Salamence, M|\n|poke|p1|Lugia|\n|poke|p1|Landorus-Therian, M|\n|poke|p2|Lucario, M|\n|poke|p2|Arceus-Fighting|\n|poke|p2|Zamazenta-*|\n|poke|p2|Iron Valiant|\n|poke|p2|Pheromosa|\n|poke|p2|Urshifu-*, F|\n|teampreview\n|j| galaxystudios370\n|c|\u2606NoahTheGreat6.4|Wtf bro\n|c| galaxystudios370|hyjinks brought this last round lol\n|\n|t:|1700090386\n|start\n|switch|p1a: Landorus|Landorus-Therian, M|100\/100\n|switch|p2a: Iron Valiant|Iron Valiant|100\/100\n|-ability|p1a: Landorus|Intimidate|boost\n|-unboost|p2a: Iron Valiant|atk|1\n|turn|1\n|j| boomp11\n|j| Coronet077\n|c|\u2606Hyjinks|this is my contingency team for if they shot the deer\n|\n|t:|1700090408\n|switch|p1a: Lugia|Lugia|100\/100\n|move|p2a: Iron Valiant|Moonblast|p1a: Lugia\n|-damage|p1a: Lugia|84\/100\n|\n|upkeep\n|turn|2\n|\n|t:|1700090415\n|move|p2a: Iron Valiant|Moonblast|p1a: Lugia\n|-damage|p1a: Lugia|52\/100\n|move|p1a: Lugia|Aeroblast|p2a: Iron Valiant\n|-supereffective|p2a: Iron Valiant\n|-damage|p2a: Iron Valiant|0 fnt\n|faint|p2a: Iron Valiant\n|-end|p2a: Iron Valiant|Quark Drive|[silent]\n|\n|upkeep\n|c| galaxystudios370|and the deer\n|c| galaxystudios370|has been shot\n|\n|t:|1700090420\n|switch|p2a: Zamazenta|Zamazenta-Crowned|100\/100\n|-ability|p2a: Zamazenta|Dauntless Shield|boost\n|-boost|p2a: Zamazenta|def|1\n|turn|3\n|\n|t:|1700090422\n|move|p2a: Zamazenta|Agility|p2a: Zamazenta\n|-boost|p2a: Zamazenta|spe|2\n|move|p1a: Lugia|Aeroblast|p2a: Zamazenta\n|-crit|p2a: Zamazenta\n|-damage|p2a: Zamazenta|66\/100\n|\n|upkeep\n|turn|4\n|\n|t:|1700090425\n|move|p2a: Zamazenta|Behemoth Bash|p1a: Lugia\n|-damage|p1a: Lugia|17\/100\n|move|p1a: Lugia|Psychic|p2a: Zamazenta\n|-damage|p2a: Zamazenta|46\/100\n|\n|upkeep\n|turn|5\n|\n|t:|1700090431\n|move|p2a: Zamazenta|Iron Defense|p2a: Zamazenta\n|-boost|p2a: Zamazenta|def|2\n|move|p1a: Lugia|Psychic|p2a: Zamazenta\n|-damage|p2a: Zamazenta|22\/100\n|\n|upkeep\n|turn|6\n|\n|t:|1700090435\n|move|p2a: Zamazenta|Behemoth Bash|p1a: Lugia\n|-damage|p1a: Lugia|0 fnt\n|faint|p1a: Lugia\n|\n|upkeep\n|\n|t:|1700090444\n|switch|p1a: Yveltal|Yveltal|100\/100\n|-ability|p1a: Yveltal|Dark Aura\n|turn|7\n|\n|t:|1700090450\n|move|p2a: Zamazenta|Body Press|p1a: Yveltal\n|-damage|p1a: Yveltal|23\/100\n|move|p1a: Yveltal|Oblivion Wing|p2a: Zamazenta\n|-damage|p2a: Zamazenta|0 fnt\n|-heal|p1a: Yveltal|34\/100|[from] drain|[of] p2a: Zamazenta\n|faint|p2a: Zamazenta\n|\n|upkeep\n|\n|t:|1700090459\n|switch|p2a: Lucario|Lucario, M|100\/100\n|turn|8\n|\n|t:|1700090463\n|detailschange|p2a: Lucario|Lucario-Mega, M\n|-mega|p2a: Lucario|Lucario|Lucarionite\n|move|p2a: Lucario|Meteor Mash|p1a: Yveltal\n|-damage|p1a: Yveltal|0 fnt\n|faint|p1a: Yveltal\n|\n|upkeep\n|inactive|Hyjinks has 120 seconds left.\n|\n|t:|1700090494\n|switch|p1a: Salamence|Salamence, M|100\/100\n|-ability|p1a: Salamence|Intimidate|boost\n|-unboost|p2a: Lucario|atk|1\n|turn|9\n|\n|t:|1700090503\n|detailschange|p1a: Salamence|Salamence-Mega, M\n|-mega|p1a: Salamence|Salamence|Salamencite\n|move|p1a: Salamence|Frustration|p2a: Lucario\n|-damage|p2a: Lucario|4\/100\n|move|p2a: Lucario|Meteor Mash|p1a: Salamence\n|-damage|p1a: Salamence|63\/100\n|-boost|p2a: Lucario|atk|1\n|\n|upkeep\n|turn|10\n|\n|t:|1700090513\n|move|p1a: Salamence|Roost|p1a: Salamence\n|-heal|p1a: Salamence|100\/100\n|-singleturn|p1a: Salamence|move: Roost\n|move|p2a: Lucario|Meteor Mash|p1a: Salamence\n|-damage|p1a: Salamence|47\/100\n|\n|upkeep\n|turn|11\n|\n|t:|1700090517\n|move|p1a: Salamence|Frustration|p2a: Lucario\n|-damage|p2a: Lucario|0 fnt\n|faint|p2a: Lucario\n|\n|upkeep\n|\n|t:|1700090520\n|switch|p2a: Urshifu|Urshifu, F|100\/100\n|turn|12\n|\n|t:|1700090525\n|switch|p1a: Shaymin|Shaymin-Sky|100\/100\n|move|p2a: Urshifu|Wicked Blow|p1a: Shaymin\n|-crit|p1a: Shaymin\n|-damage|p1a: Shaymin|38\/100\n|\n|-heal|p1a: Shaymin|44\/100|[from] item: Leftovers\n|upkeep\n|turn|13\n|\n|t:|1700090530\n|move|p2a: Urshifu|Wicked Blow|p1a: Shaymin\n|-crit|p1a: Shaymin\n|-damage|p1a: Shaymin|0 fnt\n|faint|p1a: Shaymin\n|\n|upkeep\n|\n|t:|1700090531\n|switch|p1a: Ho-Oh|Ho-Oh|100\/100\n|turn|14\n|\n|t:|1700090534\n|move|p2a: Urshifu|Wicked Blow|p1a: Ho-Oh\n|-crit|p1a: Ho-Oh\n|-damage|p1a: Ho-Oh|62\/100\n|move|p1a: Ho-Oh|Brave Bird|p2a: Urshifu\n|-supereffective|p2a: Urshifu\n|-damage|p2a: Urshifu|0 fnt\n|faint|p2a: Urshifu\n|-damage|p1a: Ho-Oh|35\/100|[from] Recoil\n|\n|upkeep\n|\n|t:|1700090540\n|switch|p2a: Pheromosa|Pheromosa|100\/100\n|turn|15\n|\n|t:|1700090544\n|switch|p1a: Landorus|Landorus-Therian, M|100\/100\n|-ability|p1a: Landorus|Intimidate|boost\n|-unboost|p2a: Pheromosa|atk|1\n|move|p2a: Pheromosa|Quiver Dance|p2a: Pheromosa\n|-boost|p2a: Pheromosa|spa|1\n|-boost|p2a: Pheromosa|spd|1\n|-boost|p2a: Pheromosa|spe|1\n|\n|upkeep\n|turn|16\n|\n|t:|1700090551\n|move|p2a: Pheromosa|Ice Beam|p1a: Landorus\n|-supereffective|p1a: Landorus\n|-damage|p1a: Landorus|0 fnt\n|faint|p1a: Landorus\n|-ability|p2a: Pheromosa|Beast Boost|boost\n|-boost|p2a: Pheromosa|spa|1\n|\n|upkeep\n|\n|t:|1700090552\n|switch|p1a: Ho-Oh|Ho-Oh|68\/100\n|turn|17\n|\n|t:|1700090555\n|move|p2a: Pheromosa|Quiver Dance|p2a: Pheromosa\n|-boost|p2a: Pheromosa|spa|1\n|-boost|p2a: Pheromosa|spd|1\n|-boost|p2a: Pheromosa|spe|1\n|move|p1a: Ho-Oh|Sacred Fire|p2a: Pheromosa\n|-supereffective|p2a: Pheromosa\n|-enditem|p2a: Pheromosa|Focus Sash\n|-damage|p2a: Pheromosa|1\/100\n|\n|upkeep\n|turn|18\n|\n|t:|1700090564\n|move|p2a: Pheromosa|Ice Beam|p1a: Ho-Oh\n|-damage|p1a: Ho-Oh|18\/100\n|move|p1a: Ho-Oh|Sacred Fire|p2a: Pheromosa\n|-supereffective|p2a: Pheromosa\n|-damage|p2a: Pheromosa|0 fnt\n|faint|p2a: Pheromosa\n|\n|upkeep\n|\n|t:|1700090567\n|switch|p2a: Arceus|Arceus-Fighting|100\/100\n|turn|19\n|\n|t:|1700090570\n|move|p2a: Arceus|Calm Mind|p2a: Arceus\n|-boost|p2a: Arceus|spa|1\n|-boost|p2a: Arceus|spd|1\n|move|p1a: Ho-Oh|Brave Bird|p2a: Arceus\n|-supereffective|p2a: Arceus\n|-damage|p2a: Arceus|34\/100\n|-damage|p1a: Ho-Oh|0 fnt|[from] Recoil\n|faint|p1a: Ho-Oh\n|\n|upkeep\n|\n|t:|1700090571\n|switch|p1a: Salamence|Salamence-Mega, M|47\/100\n|turn|20\n|c|\u2606NoahTheGreat6.4|Mf\n|\n|t:|1700090585\n|move|p1a: Salamence|Frustration|p2a: Arceus\n|-supereffective|p2a: Arceus\n|-damage|p2a: Arceus|0 fnt\n|faint|p2a: Arceus\n|\n|win|Hyjinks\n|n|\u2606Hyjinks|hyjinks\n|n|\u2606NoahTheGreat6.4|noahthegreat64\n|n| galaxystudios370|galaxystudios370\n|n| boomp11|boomp11\n|n| Coronet077|coronet077\n","uploadtime":1700090586,"views":7,"p1id":"hyjinks","p2id":"noahthegreat64","formatid":"gen9nationaldexubers","rating":0,"private":0,"password":""}