{"id":"gen9nationaldexubers-1988293796","p1":"Sondtrai","p2":"bl5","format":"[Gen 9] National Dex Ubers","log":"|j|\u2606Sondtrai\n|j|\u2606bl5\n|t:|1699703315\n|gametype|singles\n|player|p1|Sondtrai|benga|1190\n|player|p2|bl5|2|1292\n|teamsize|p1|6\n|teamsize|p2|6\n|gen|9\n|tier|[Gen 9] National Dex Ubers\n|rated|\n|rule|HP Percentage Mod: HP is shown in percentages\n|rule|Endless Battle Clause: Forcing endless battles is banned\n|rule|OHKO Clause: OHKO moves are banned\n|rule|Evasion Moves Clause: Evasion moves are banned\n|rule|Evasion Items Clause: Evasion items are banned\n|rule|Species Clause: Limit one of each Pok\u00e9mon\n|rule|Sleep Clause Mod: Limit one foe put to sleep\n|rule|Mega Rayquaza Clause: You cannot mega evolve Rayquaza\n|clearpoke\n|poke|p1|Lopunny, M|\n|poke|p1|Smeargle, F|\n|poke|p1|Iron Treads|\n|poke|p1|Illumise, L1, F|\n|poke|p1|Krookodile, M|\n|poke|p1|Weavile, M|\n|poke|p2|Mewtwo|\n|poke|p2|Greninja-*, F|\n|poke|p2|Dragonite, M|\n|poke|p2|Tyranitar, F|\n|poke|p2|Aegislash, M|\n|poke|p2|Cinderace, F|\n|teampreview\n|inactive|Battle timer is ON: inactive players will automatically lose when time's up. (requested by Sondtrai)\n|\n|t:|1699703330\n|start\n|switch|p1a: Weavile|Weavile, M|100\/100\n|switch|p2a: Cinderace|Cinderace, F|100\/100\n|-ability|p1a: Weavile|Pressure\n|turn|1\n|\n|t:|1699703348\n|move|p1a: Weavile|Beat Up|p2a: Cinderace\n|-damage|p2a: Cinderace|88\/100\n|-damage|p2a: Cinderace|82\/100\n|-damage|p2a: Cinderace|71\/100\n|-damage|p2a: Cinderace|64\/100\n|-damage|p2a: Cinderace|52\/100\n|-damage|p2a: Cinderace|43\/100\n|-hitcount|p2a: Cinderace|6\n|cant|p2a: Cinderace|flinch\n|\n|upkeep\n|turn|2\n|inactive|bl5 has 120 seconds left.\n|\n|t:|1699703403\n|move|p2a: Cinderace|Sucker Punch|p1a: Weavile\n|-start|p2a: Cinderace|typechange|Dark|[from] ability: Libero\n|-resisted|p1a: Weavile\n|-damage|p1a: Weavile|70\/100\n|move|p1a: Weavile|Beat Up|p2a: Cinderace\n|-resisted|p2a: Cinderace\n|-damage|p2a: Cinderace|37\/100\n|-resisted|p2a: Cinderace\n|-damage|p2a: Cinderace|34\/100\n|-resisted|p2a: Cinderace\n|-damage|p2a: Cinderace|29\/100\n|-resisted|p2a: Cinderace\n|-damage|p2a: Cinderace|26\/100\n|-resisted|p2a: Cinderace\n|-damage|p2a: Cinderace|20\/100\n|-resisted|p2a: Cinderace\n|-damage|p2a: Cinderace|16\/100\n|-hitcount|p2a: Cinderace|6\n|\n|upkeep\n|turn|3\n|\n|t:|1699703420\n|move|p1a: Weavile|Triple Axel|p2a: Cinderace\n|-damage|p2a: Cinderace|1\/100\n|-damage|p2a: Cinderace|0 fnt\n|faint|p2a: Cinderace\n|-hitcount|p2: Cinderace|2\n|\n|upkeep\n|inactive|bl5 has 90 seconds left.\n|\n|t:|1699703453\n|switch|p2a: Aegislash|Aegislash, M|100\/100\n|turn|4\n|\n|t:|1699703457\n|move|p1a: Weavile|Beat Up|p2a: Aegislash\n|-supereffective|p2a: Aegislash\n|-damage|p2a: Aegislash|88\/100\n|-supereffective|p2a: Aegislash\n|-damage|p2a: Aegislash|81\/100\n|-supereffective|p2a: Aegislash\n|-damage|p2a: Aegislash|68\/100\n|-supereffective|p2a: Aegislash\n|-damage|p2a: Aegislash|60\/100\n|-supereffective|p2a: Aegislash\n|-damage|p2a: Aegislash|47\/100\n|-supereffective|p2a: Aegislash\n|-damage|p2a: Aegislash|38\/100\n|-hitcount|p2a: Aegislash|6\n|move|p2a: Aegislash|Swords Dance|p2a: Aegislash\n|-boost|p2a: Aegislash|atk|2\n|\n|-heal|p2a: Aegislash|44\/100|[from] item: Leftovers\n|upkeep\n|turn|5\n|\n|t:|1699703473\n|move|p2a: Aegislash|King's Shield|p2a: Aegislash\n|-singleturn|p2a: Aegislash|Protect\n|move|p1a: Weavile|Psycho Cut|p2a: Aegislash\n|-activate|p2a: Aegislash|move: Protect\n|\n|-heal|p2a: Aegislash|50\/100|[from] item: Leftovers\n|upkeep\n|turn|6\n|\n|t:|1699703481\n|-formechange|p2a: Aegislash|Aegislash-Blade||[from] ability: Stance Change\n|move|p2a: Aegislash|Shadow Sneak|p1a: Weavile\n|-resisted|p1a: Weavile\n|-damage|p1a: Weavile|28\/100\n|move|p1a: Weavile|Beat Up|p2a: Aegislash\n|-supereffective|p2a: Aegislash\n|-damage|p2a: Aegislash|21\/100\n|-supereffective|p2a: Aegislash\n|-damage|p2a: Aegislash|9\/100\n|-supereffective|p2a: Aegislash\n|-damage|p2a: Aegislash|0 fnt\n|faint|p2a: Aegislash\n|-hitcount|p2: Aegislash|3\n|\n|upkeep\n|\n|t:|1699703497\n|switch|p2a: Dragonite|Dragonite, M|100\/100\n|turn|7\n|\n|t:|1699703499\n|move|p2a: Dragonite|Extreme Speed|p1a: Weavile\n|-damage|p1a: Weavile|0 fnt\n|faint|p1a: Weavile\n|\n|upkeep\n|\n|t:|1699703503\n|switch|p1a: Krookodile|Krookodile, M|100\/100\n|turn|8\n|inactive|bl5 has 90 seconds left.\n|\n|t:|1699703523\n|-terastallize|p1a: Krookodile|Dragon\n|move|p1a: Krookodile|Scale Shot|p2a: Dragonite\n|-supereffective|p2a: Dragonite\n|-damage|p2a: Dragonite|88\/100\n|-supereffective|p2a: Dragonite\n|-damage|p2a: Dragonite|62\/100\n|-supereffective|p2a: Dragonite\n|-crit|p2a: Dragonite\n|-damage|p2a: Dragonite|22\/100\n|-supereffective|p2a: Dragonite\n|-damage|p2a: Dragonite|0 fnt\n|faint|p2a: Dragonite\n|-ability|p1a: Krookodile|Moxie|boost\n|-boost|p1a: Krookodile|atk|1\n|-hitcount|p2: Dragonite|4\n|-unboost|p1a: Krookodile|def|1\n|-boost|p1a: Krookodile|spe|1\n|\n|upkeep\n|\n|t:|1699703545\n|switch|p2a: Mewtwo|Mewtwo|100\/100\n|-ability|p2a: Mewtwo|Unnerve\n|turn|9\n|\n|t:|1699703558\n|detailschange|p2a: Mewtwo|Mewtwo-Mega-Y\n|-mega|p2a: Mewtwo|Mewtwo|Mewtwonite Y\n|move|p1a: Krookodile|Scale Shot|p2a: Mewtwo\n|-damage|p2a: Mewtwo|78\/100\n|-damage|p2a: Mewtwo|54\/100\n|-damage|p2a: Mewtwo|33\/100\n|-damage|p2a: Mewtwo|11\/100\n|-crit|p2a: Mewtwo\n|-damage|p2a: Mewtwo|0 fnt\n|faint|p2a: Mewtwo\n|-ability|p1a: Krookodile|Moxie|boost\n|-boost|p1a: Krookodile|atk|1\n|-hitcount|p2: Mewtwo|5\n|-unboost|p1a: Krookodile|def|1\n|-boost|p1a: Krookodile|spe|1\n|\n|upkeep\n|inactive|bl5 has 60 seconds left.\n|\n|t:|1699703578\n|switch|p2a: Greninja|Greninja, F|100\/100\n|turn|10\n|\n|t:|1699703582\n|move|p1a: Krookodile|Scale Shot|p2a: Greninja\n|-damage|p2a: Greninja|63\/100\n|-damage|p2a: Greninja|24\/100\n|-damage|p2a: Greninja|0 fnt\n|faint|p2a: Greninja\n|-ability|p1a: Krookodile|Moxie|boost\n|-boost|p1a: Krookodile|atk|1\n|-hitcount|p2: Greninja|3\n|-unboost|p1a: Krookodile|def|1\n|-boost|p1a: Krookodile|spe|1\n|\n|upkeep\n|inactive|bl5 has 60 seconds left.\n|n|!bl5|bl5\n|-message|bl5 forfeited.\n|\n|win|Sondtrai\n|raw|Sondtrai's rating: 1190 &rarr; <strong>1222<\/strong><br \/>(+32 for winning)\n|raw|bl5's rating: 1292 &rarr; <strong>1260<\/strong><br \/>(-32 for losing)\n","uploadtime":1699703597,"views":5,"p1id":"sondtrai","p2id":"bl5","formatid":"gen9nationaldexubers","rating":1222,"private":0,"password":""}