{"id":"gen9nationaldexubers-1980705308","p1":"Chaitanya15","p2":"LittleFr0ppy_","format":"[Gen 9] National Dex Ubers","log":"|j|\u2606Chaitanya15\n|j|\u2606LittleFr0ppy_\n|t:|1698816116\n|gametype|singles\n|player|p1|Chaitanya15|170|1327\n|player|p2|LittleFr0ppy_|pokemonbreederf-gen4|1177\n|teamsize|p1|6\n|teamsize|p2|6\n|gen|9\n|tier|[Gen 9] National Dex Ubers\n|rated|\n|rule|HP Percentage Mod: HP is shown in percentages\n|rule|Endless Battle Clause: Forcing endless battles is banned\n|rule|OHKO Clause: OHKO moves are banned\n|rule|Evasion Moves Clause: Evasion moves are banned\n|rule|Evasion Items Clause: Evasion items are banned\n|rule|Species Clause: Limit one of each Pok\u00e9mon\n|rule|Sleep Clause Mod: Limit one foe put to sleep\n|rule|Mega Rayquaza Clause: You cannot mega evolve Rayquaza\n|clearpoke\n|poke|p1|Pikachu, F|\n|poke|p1|Dragonite, F|\n|poke|p1|Gengar, M|\n|poke|p1|Sirfetch\u2019d, F|\n|poke|p1|Lucario, M|\n|poke|p1|Dracovish|\n|poke|p2|Cinderace, M|\n|poke|p2|Iron Moth|\n|poke|p2|Charizard, F|\n|poke|p2|Torkoal, F|\n|poke|p2|Ceruledge, F|\n|poke|p2|Volcarona, M|\n|teampreview\n|\n|t:|1698816124\n|start\n|switch|p1a: Pikachu|Pikachu, F|100\/100\n|switch|p2a: Torkoal|Torkoal, F, shiny|100\/100\n|-weather|SunnyDay|[from] ability: Drought|[of] p2a: Torkoal\n|turn|1\n|inactive|Battle timer is ON: inactive players will automatically lose when time's up. (requested by Chaitanya15)\n|\n|t:|1698816132\n|move|p1a: Pikachu|Fake Out|p2a: Torkoal\n|-damage|p2a: Torkoal|88\/100\n|cant|p2a: Torkoal|flinch\n|\n|-weather|SunnyDay|[upkeep]\n|upkeep\n|turn|2\n|\n|t:|1698816144\n|move|p1a: Pikachu|Volt Tackle|p2a: Torkoal\n|-damage|p2a: Torkoal|37\/100\n|-status|p2a: Torkoal|par\n|-damage|p1a: Pikachu|74\/100|[from] Recoil\n|move|p2a: Torkoal|Stealth Rock|p1a: Pikachu\n|-sidestart|p1: Chaitanya15|move: Stealth Rock\n|\n|-weather|SunnyDay|[upkeep]\n|upkeep\n|turn|3\n|\n|t:|1698816164\n|switch|p2a: Cinderace|Cinderace, M, shiny|100\/100\n|move|p1a: Pikachu|Volt Tackle|p2a: Cinderace\n|-damage|p2a: Cinderace|0 fnt\n|faint|p2a: Cinderace\n|-damage|p1a: Pikachu|27\/100|[from] Recoil\n|\n|-weather|SunnyDay|[upkeep]\n|upkeep\n|\n|t:|1698816176\n|switch|p2a: Iron Moth|Iron Moth|100\/100\n|turn|4\n|\n|t:|1698816181\n|move|p2a: Iron Moth|Sludge Wave|p1a: Pikachu\n|-damage|p1a: Pikachu|0 fnt\n|faint|p1a: Pikachu\n|\n|-weather|SunnyDay|[upkeep]\n|upkeep\n|\n|t:|1698816192\n|switch|p1a: Dragonite|Dragonite, F|100\/100\n|-damage|p1a: Dragonite|76\/100|[from] Stealth Rock\n|turn|5\n|\n|t:|1698816201\n|move|p2a: Iron Moth|Sludge Wave|p1a: Dragonite\n|-damage|p1a: Dragonite|23\/100\n|move|p1a: Dragonite|Dragon Claw|p2a: Iron Moth\n|-crit|p2a: Iron Moth\n|-damage|p2a: Iron Moth|0 fnt\n|faint|p2a: Iron Moth\n|-end|p2a: Iron Moth|Quark Drive|[silent]\n|\n|-weather|SunnyDay|[upkeep]\n|upkeep\n|\n|t:|1698816211\n|switch|p2a: Torkoal|Torkoal, F, shiny|37\/100 par\n|turn|6\n|\n|t:|1698816215\n|move|p1a: Dragonite|Dragon Claw|p2a: Torkoal\n|-damage|p2a: Torkoal|1\/100 par\n|move|p2a: Torkoal|Rest|p2a: Torkoal\n|-status|p2a: Torkoal|slp|[from] move: Rest\n|-heal|p2a: Torkoal|100\/100 slp|[silent]\n|\n|-weather|SunnyDay|[upkeep]\n|upkeep\n|turn|7\n|\n|t:|1698816229\n|switch|p2a: Charizard|Charizard, F|100\/100\n|move|p1a: Dragonite|Dragon Dance|p1a: Dragonite\n|-boost|p1a: Dragonite|atk|1\n|-boost|p1a: Dragonite|spe|1\n|\n|-weather|SunnyDay|[upkeep]\n|upkeep\n|turn|8\n|\n|t:|1698816236\n|move|p1a: Dragonite|Dragon Claw|p2a: Charizard\n|-damage|p2a: Charizard|0 fnt\n|faint|p2a: Charizard\n|\n|-weather|none\n|upkeep\n|\n|t:|1698816240\n|switch|p2a: Ceruledge|Ceruledge, F|100\/100\n|turn|9\n|\n|t:|1698816245\n|move|p1a: Dragonite|Dual Wingbeat|p2a: Ceruledge\n|-damage|p2a: Ceruledge|50\/100\n|-ability|p2a: Ceruledge|Weak Armor|boost\n|-unboost|p2a: Ceruledge|def|1\n|-boost|p2a: Ceruledge|spe|2\n|-damage|p2a: Ceruledge|0 fnt\n|faint|p2a: Ceruledge\n|-hitcount|p2: Ceruledge|2\n|\n|upkeep\n|\n|t:|1698816250\n|switch|p2a: Torkoal|Torkoal, F, shiny|100\/100 slp\n|-weather|SunnyDay|[from] ability: Drought|[of] p2a: Torkoal\n|turn|10\n|\n|t:|1698816258\n|move|p1a: Dragonite|Dragon Dance|p1a: Dragonite\n|-boost|p1a: Dragonite|atk|1\n|-boost|p1a: Dragonite|spe|1\n|cant|p2a: Torkoal|slp\n|\n|-weather|SunnyDay|[upkeep]\n|upkeep\n|turn|11\n|-message|LittleFr0ppy_ forfeited.\n|\n|win|Chaitanya15\n|raw|Chaitanya15's rating: 1327 &rarr; <strong>1339<\/strong><br \/>(+12 for winning)\n|raw|LittleFr0ppy_'s rating: 1177 &rarr; <strong>1162<\/strong><br \/>(-15 for losing)\n|l|\u2606LittleFr0ppy_\n","uploadtime":1698816271,"views":7,"p1id":"chaitanya15","p2id":"littlefr0ppy","formatid":"gen9nationaldexubers","rating":1162,"private":0,"password":""}