{"id":"gen9nationaldexubers-1978561633","p1":"Pitufo21","p2":"EABL XD","format":"[Gen 9] National Dex Ubers","log":"|j|\u2606Pitufo21\n|j|\u2606EABL XD\n|t:|1698556320\n|gametype|singles\n|player|p1|Pitufo21|2|1240\n|player|p2|EABL XD|gambler|1386\n|teamsize|p1|6\n|teamsize|p2|6\n|gen|9\n|tier|[Gen 9] National Dex Ubers\n|rated|\n|rule|HP Percentage Mod: HP is shown in percentages\n|rule|Endless Battle Clause: Forcing endless battles is banned\n|rule|OHKO Clause: OHKO moves are banned\n|rule|Evasion Moves Clause: Evasion moves are banned\n|rule|Evasion Items Clause: Evasion items are banned\n|rule|Species Clause: Limit one of each Pok\u00e9mon\n|rule|Sleep Clause Mod: Limit one foe put to sleep\n|rule|Mega Rayquaza Clause: You cannot mega evolve Rayquaza\n|clearpoke\n|poke|p1|Baxcalibur, F|\n|poke|p1|Maushold|\n|poke|p1|Kingambit, F|\n|poke|p1|Slowking-Galar, F|\n|poke|p1|Salamence, F|\n|poke|p1|Rotom-Wash|\n|poke|p2|Lunala|\n|poke|p2|Blaziken, M|\n|poke|p2|Shaymin-Sky|\n|poke|p2|Galvantula, F|\n|poke|p2|Houndstone, F|\n|poke|p2|Groudon|\n|teampreview\n|\n|t:|1698556339\n|start\n|switch|p1a: Maushold|Maushold|100\/100\n|switch|p2a: Tula|Galvantula, F|100\/100\n|turn|1\n|\n|t:|1698556343\n|move|p1a: Maushold|Tidy Up|p1a: Maushold\n|-boost|p1a: Maushold|atk|1\n|-boost|p1a: Maushold|spe|1\n|move|p2a: Tula|Thunder Wave|p1a: Maushold\n|-status|p1a: Maushold|par\n|\n|upkeep\n|turn|2\n|\n|t:|1698556347\n|move|p2a: Tula|Bug Buzz|p1a: Maushold\n|-damage|p1a: Maushold|38\/100 par\n|cant|p1a: Maushold|par\n|\n|upkeep\n|turn|3\n|\n|t:|1698556357\n|move|p2a: Tula|Bug Buzz|p1a: Maushold\n|-damage|p1a: Maushold|0 fnt\n|faint|p1a: Maushold\n|\n|upkeep\n|\n|t:|1698556363\n|switch|p1a: Slowking|Slowking-Galar, F|100\/100\n|turn|4\n|\n|t:|1698556367\n|move|p2a: Tula|Thunder Wave|p1a: Slowking\n|-status|p1a: Slowking|par\n|move|p1a: Slowking|Future Sight|p2a: Tula\n|-start|p1a: Slowking|move: Future Sight\n|\n|upkeep\n|turn|5\n|\n|t:|1698556375\n|move|p2a: Tula|Sticky Web|p1a: Slowking\n|-sidestart|p1: Pitufo21|move: Sticky Web\n|move|p1a: Slowking|Chilly Reception|p1a: Slowking\n|-weather|Snow\n|\n|t:|1698556379\n|switch|p1a: Baxcalibur|Baxcalibur, F|100\/100|[from] Chilly Reception\n|-activate|p1a: Baxcalibur|move: Sticky Web\n|-unboost|p1a: Baxcalibur|spe|1\n|\n|-weather|Snow|[upkeep]\n|upkeep\n|turn|6\n|\n|t:|1698556395\n|switch|p2a: Don|Groudon, shiny|100\/100\n|detailschange|p2a: Don|Groudon-Primal, shiny\n|-primal|p2a: Don|Red Orb\n|-weather|DesolateLand|[from] ability: Desolate Land|[of] p2a: Don\n|move|p1a: Baxcalibur|Icicle Crash|p2a: Don\n|-damage|p2a: Don|49\/100\n|\n|-weather|DesolateLand|[upkeep]\n|-end|p2a: Don|move: Future Sight\n|-damage|p2a: Don|0 fnt\n|faint|p2a: Don\n|-weather|none\n|upkeep\n|\n|t:|1698556407\n|switch|p2a: Shaymin|Shaymin-Sky|100\/100\n|turn|7\n|\n|t:|1698556410\n|move|p2a: Shaymin|Air Slash|p1a: Baxcalibur\n|-damage|p1a: Baxcalibur|58\/100\n|cant|p1a: Baxcalibur|flinch\n|\n|upkeep\n|turn|8\n|\n|t:|1698556415\n|move|p2a: Shaymin|Dazzling Gleam|p1a: Baxcalibur\n|-supereffective|p1a: Baxcalibur\n|-damage|p1a: Baxcalibur|0 fnt\n|faint|p1a: Baxcalibur\n|\n|upkeep\n|\n|t:|1698556429\n|switch|p1a: Slowking|Slowking-Galar, F|100\/100 par\n|turn|9\n|\n|t:|1698556434\n|move|p2a: Shaymin|Air Slash|p1a: Slowking\n|-damage|p1a: Slowking|75\/100 par\n|move|p1a: Slowking|Sludge Bomb|p2a: Shaymin\n|-supereffective|p2a: Shaymin\n|-damage|p2a: Shaymin|11\/100\n|-status|p2a: Shaymin|psn\n|\n|-damage|p2a: Shaymin|0 fnt|[from] psn\n|faint|p2a: Shaymin\n|upkeep\n|\n|t:|1698556444\n|switch|p2a: Mr. Pollo|Blaziken, M|100\/100\n|turn|10\n|\n|t:|1698556448\n|move|p2a: Mr. Pollo|Protect|p2a: Mr. Pollo\n|-singleturn|p2a: Mr. Pollo|Protect\n|cant|p1a: Slowking|par\n|\n|-ability|p2a: Mr. Pollo|Speed Boost|boost\n|-boost|p2a: Mr. Pollo|spe|1\n|upkeep\n|turn|11\n|\n|t:|1698556456\n|detailschange|p2a: Mr. Pollo|Blaziken-Mega, M\n|-mega|p2a: Mr. Pollo|Blaziken|Blazikenite\n|move|p2a: Mr. Pollo|Earthquake|p1a: Slowking\n|-supereffective|p1a: Slowking\n|-damage|p1a: Slowking|0 fnt\n|faint|p1a: Slowking\n|\n|-ability|p2a: Mr. Pollo|Speed Boost|boost\n|-boost|p2a: Mr. Pollo|spe|1\n|upkeep\n|\n|t:|1698556462\n|switch|p1a: Rotom|Rotom-Wash|100\/100\n|turn|12\n|\n|t:|1698556464\n|move|p2a: Mr. Pollo|Close Combat|p1a: Rotom\n|-damage|p1a: Rotom|35\/100\n|-unboost|p2a: Mr. Pollo|def|1\n|-unboost|p2a: Mr. Pollo|spd|1\n|move|p1a: Rotom|Hydro Pump|p2a: Mr. Pollo\n|-supereffective|p2a: Mr. Pollo\n|-damage|p2a: Mr. Pollo|0 fnt\n|faint|p2a: Mr. Pollo\n|\n|-heal|p1a: Rotom|41\/100|[from] item: Leftovers\n|upkeep\n|\n|t:|1698556473\n|switch|p2a: Tula|Galvantula, F|100\/100\n|turn|13\n|\n|t:|1698556476\n|move|p2a: Tula|Thunder|p1a: Rotom\n|-damage|p1a: Rotom|0 fnt\n|faint|p1a: Rotom\n|\n|upkeep\n|\n|t:|1698556487\n|switch|p1a: Salamence|Salamence, F|100\/100\n|-ability|p1a: Salamence|Intimidate|boost\n|-unboost|p2a: Tula|atk|1\n|turn|14\n|\n|t:|1698556495\n|detailschange|p1a: Salamence|Salamence-Mega, F\n|-mega|p1a: Salamence|Salamence|Salamencite\n|move|p1a: Salamence|Earthquake|p2a: Tula\n|-damage|p2a: Tula|29\/100\n|move|p2a: Tula|Thunder Wave|p1a: Salamence\n|-status|p1a: Salamence|par\n|\n|upkeep\n|turn|15\n|\n|t:|1698556502\n|move|p2a: Tula|Thunder|p1a: Salamence\n|-damage|p1a: Salamence|49\/100 par\n|move|p1a: Salamence|Earthquake|p2a: Tula\n|-damage|p2a: Tula|0 fnt\n|faint|p2a: Tula\n|\n|upkeep\n|\n|t:|1698556509\n|switch|p2a: Lunala|Lunala, shiny|100\/100\n|turn|16\n|\n|t:|1698556540\n|move|p2a: Lunala|Moonblast|p1a: Salamence\n|-supereffective|p1a: Salamence\n|-damage|p1a: Salamence|0 fnt\n|faint|p1a: Salamence\n|\n|upkeep\n|\n|t:|1698556542\n|switch|p1a: Kingambit|Kingambit, F|100\/100\n|-activate|p1a: Kingambit|move: Sticky Web\n|-unboost|p1a: Kingambit|spe|1\n|-activate|p1a: Kingambit|ability: Supreme Overlord\n|-start|p1a: Kingambit|fallen5|[silent]\n|turn|17\n|\n|t:|1698556552\n|-zpower|p2a: Lunala\n|move|p2a: Lunala|Menacing Moonraze Maelstrom|p1a: Kingambit|[zeffect]\n|-resisted|p1a: Kingambit\n|-damage|p1a: Kingambit|35\/100\n|move|p1a: Kingambit|Swords Dance|p1a: Kingambit\n|-boost|p1a: Kingambit|atk|2\n|\n|upkeep\n|turn|18\n|\n|t:|1698556563\n|move|p1a: Kingambit|Sucker Punch|p2a: Lunala\n|-supereffective|p2a: Lunala\n|-damage|p2a: Lunala|0 fnt\n|faint|p2a: Lunala\n|\n|upkeep\n|\n|t:|1698556565\n|switch|p2a: Mam\u00e1 Coco|Houndstone, F, shiny|100\/100\n|turn|19\n|\n|t:|1698556570\n|-terastallize|p2a: Mam\u00e1 Coco|Ghost\n|move|p1a: Kingambit|Sucker Punch|p2a: Mam\u00e1 Coco\n|-supereffective|p2a: Mam\u00e1 Coco\n|-enditem|p2a: Mam\u00e1 Coco|Focus Sash\n|-damage|p2a: Mam\u00e1 Coco|1\/100\n|move|p2a: Mam\u00e1 Coco|Last Respects|p1a: Kingambit\n|-resisted|p1a: Kingambit\n|-damage|p1a: Kingambit|0 fnt\n|faint|p1a: Kingambit\n|-end|p1a: Kingambit|fallen5|[silent]\n|\n|win|EABL XD\n|raw|Pitufo21's rating: 1240 &rarr; <strong>1225<\/strong><br \/>(-15 for losing)\n|raw|EABL XD's rating: 1386 &rarr; <strong>1398<\/strong><br \/>(+12 for winning)\n","uploadtime":1698556579,"views":14,"p1id":"pitufo21","p2id":"eablxd","formatid":"gen9nationaldexubers","rating":1225,"private":0,"password":""}