{"id":"gen9nationaldexubers-1990167100","p1":"NeviLow","p2":"alcatel999","format":"[Gen 9] National Dex Ubers","log":"|j|\u2606NeviLow\n|j|\u2606alcatel999\n|t:|1699932021\n|gametype|singles\n|player|p1|NeviLow|veteran|\n|player|p2|alcatel999|rocketgrunt|\n|teamsize|p1|6\n|teamsize|p2|6\n|gen|9\n|tier|[Gen 9] National Dex Ubers\n|rule|HP Percentage Mod: HP is shown in percentages\n|rule|Endless Battle Clause: Forcing endless battles is banned\n|rule|OHKO Clause: OHKO moves are banned\n|rule|Evasion Moves Clause: Evasion moves are banned\n|rule|Evasion Items Clause: Evasion items are banned\n|rule|Species Clause: Limit one of each Pok\u00e9mon\n|rule|Sleep Clause Mod: Limit one foe put to sleep\n|rule|Mega Rayquaza Clause: You cannot mega evolve Rayquaza\n|clearpoke\n|poke|p1|Tyranitar, M|\n|poke|p1|Hippowdon, F|\n|poke|p1|Ferrothorn, F|\n|poke|p1|Excadrill, F|\n|poke|p1|Lycanroc-Dusk, F|\n|poke|p1|Houndstone, M|\n|poke|p2|Hatterene, F|\n|poke|p2|Shiinotic, M|\n|poke|p2|Mawile, F|\n|poke|p2|Granbull, F|\n|poke|p2|Scream Tail|\n|poke|p2|Enamorus-Therian, F|\n|teampreview\n|c|\u2606alcatel999|GL HF\n|\n|t:|1699932034\n|start\n|switch|p1a: Hippowdon|Hippowdon, F|100\/100\n|switch|p2a: KirbyMetalero|Scream Tail|100\/100\n|-weather|Sandstorm|[from] ability: Sand Stream|[of] p1a: Hippowdon\n|turn|1\n|\n|t:|1699932047\n|-terastallize|p1a: Hippowdon|Steel\n|move|p2a: KirbyMetalero|Stealth Rock|p1a: Hippowdon\n|-sidestart|p1: NeviLow|move: Stealth Rock\n|move|p1a: Hippowdon|Iron Head|p2a: KirbyMetalero\n|-supereffective|p2a: KirbyMetalero\n|-damage|p2a: KirbyMetalero|36\/100\n|\n|-weather|Sandstorm|[upkeep]\n|-damage|p2a: KirbyMetalero|29\/100|[from] Sandstorm\n|-heal|p2a: KirbyMetalero|36\/100|[from] item: Leftovers\n|upkeep\n|turn|2\n|\n|t:|1699932058\n|move|p1a: Hippowdon|Iron Head|p2a: KirbyMetalero\n|-supereffective|p2a: KirbyMetalero\n|-damage|p2a: KirbyMetalero|0 fnt\n|faint|p2a: KirbyMetalero\n|-end|p2a: KirbyMetalero|Protosynthesis|[silent]\n|\n|-weather|Sandstorm|[upkeep]\n|upkeep\n|c|\u2606alcatel999|esa madre lleva scarf XD?\n|c|\u2606alcatel999|epico\n|\n|t:|1699932095\n|switch|p2a: LadyBesos|Enamorus-Therian, F|100\/100\n|turn|3\n|\n|t:|1699932110\n|-terastallize|p2a: LadyBesos|Fire\n|move|p1a: Hippowdon|Iron Head|p2a: LadyBesos\n|-resisted|p2a: LadyBesos\n|-damage|p2a: LadyBesos|83\/100\n|cant|p2a: LadyBesos|flinch\n|\n|-weather|Sandstorm|[upkeep]\n|upkeep\n|turn|4\n|\n|t:|1699932127\n|switch|p1a: Tyranitar|Tyranitar, M|100\/100\n|-damage|p1a: Tyranitar|88\/100|[from] Stealth Rock\n|move|p2a: LadyBesos|Mystical Fire|p1a: Tyranitar\n|-resisted|p1a: Tyranitar\n|-crit|p1a: Tyranitar\n|-damage|p1a: Tyranitar|72\/100\n|-unboost|p1a: Tyranitar|spa|1\n|\n|-weather|Sandstorm|[upkeep]\n|upkeep\n|turn|5\n|\n|t:|1699932139\n|switch|p2a: HongoMagico|Shiinotic, M|100\/100\n|detailschange|p1a: Tyranitar|Tyranitar-Mega, M\n|-mega|p1a: Tyranitar|Tyranitar|Tyranitarite\n|move|p1a: Tyranitar|Earthquake|p2a: HongoMagico\n|-resisted|p2a: HongoMagico\n|-damage|p2a: HongoMagico|80\/100\n|\n|-weather|none\n|upkeep\n|turn|6\n|\n|t:|1699932154\n|switch|p1a: Hippowdon|Hippowdon, F, tera:Steel|100\/100\n|-damage|p1a: Hippowdon|94\/100|[from] Stealth Rock\n|-weather|Sandstorm|[from] ability: Sand Stream|[of] p1a: Hippowdon\n|move|p2a: HongoMagico|Spore|p1a: Hippowdon\n|-status|p1a: Hippowdon|slp|[from] move: Spore\n|\n|-weather|Sandstorm|[upkeep]\n|-damage|p2a: HongoMagico|74\/100|[from] Sandstorm\n|-heal|p1a: Hippowdon|100\/100 slp|[from] item: Leftovers\n|upkeep\n|turn|7\n|\n|t:|1699932168\n|switch|p1a: Excadrill|Excadrill, F|100\/100\n|-damage|p1a: Excadrill|97\/100|[from] Stealth Rock\n|switch|p2a: Princesita|Granbull, F|100\/100\n|-ability|p2a: Princesita|Intimidate|boost\n|-unboost|p1a: Excadrill|atk|1\n|\n|-weather|Sandstorm|[upkeep]\n|-damage|p2a: Princesita|94\/100|[from] Sandstorm\n|upkeep\n|turn|8\n|\n|t:|1699932180\n|switch|p2a: LadyBesos|Enamorus-Therian, F, tera:Fire|83\/100\n|move|p1a: Excadrill|Poison Jab|p2a: LadyBesos\n|-damage|p2a: LadyBesos|55\/100\n|\n|-weather|Sandstorm|[upkeep]\n|upkeep\n|turn|9\n|\n|t:|1699932190\n|switch|p1a: Tyranitar|Tyranitar-Mega, M|72\/100\n|-damage|p1a: Tyranitar|59\/100|[from] Stealth Rock\n|move|p2a: LadyBesos|Earth Power|p1a: Tyranitar\n|-supereffective|p1a: Tyranitar\n|-damage|p1a: Tyranitar|16\/100\n|\n|-weather|Sandstorm|[upkeep]\n|upkeep\n|turn|10\n|\n|t:|1699932214\n|move|p1a: Tyranitar|Earthquake|p2a: LadyBesos\n|-supereffective|p2a: LadyBesos\n|-damage|p2a: LadyBesos|0 fnt\n|faint|p2a: LadyBesos\n|\n|-weather|none\n|upkeep\n|\n|t:|1699932222\n|switch|p2a: HongoMagico|Shiinotic, M|74\/100\n|turn|11\n|\n|t:|1699932226\n|switch|p1a: Hippowdon|Hippowdon, F, tera:Steel|100\/100 slp\n|-damage|p1a: Hippowdon|94\/100 slp|[from] Stealth Rock\n|-weather|Sandstorm|[from] ability: Sand Stream|[of] p1a: Hippowdon\n|move|p2a: HongoMagico|Strength Sap|p1a: Hippowdon\n|-unboost|p1a: Hippowdon|atk|1\n|-heal|p2a: HongoMagico|100\/100\n|\n|-weather|Sandstorm|[upkeep]\n|-damage|p2a: HongoMagico|94\/100|[from] Sandstorm\n|-heal|p1a: Hippowdon|100\/100 slp|[from] item: Leftovers\n|upkeep\n|turn|12\n|\n|t:|1699932240\n|switch|p1a: Excadrill|Excadrill, F|97\/100\n|-damage|p1a: Excadrill|94\/100|[from] Stealth Rock\n|move|p2a: HongoMagico|Moonblast|p1a: Excadrill\n|-resisted|p1a: Excadrill\n|-damage|p1a: Excadrill|75\/100\n|\n|-weather|Sandstorm|[upkeep]\n|-damage|p2a: HongoMagico|88\/100|[from] Sandstorm\n|upkeep\n|turn|13\n|\n|t:|1699932251\n|switch|p2a: HotWheel|Mawile, F|100\/100\n|-ability|p2a: HotWheel|Intimidate|boost\n|-unboost|p1a: Excadrill|atk|1\n|move|p1a: Excadrill|Poison Jab|p2a: HotWheel\n|-immune|p2a: HotWheel\n|\n|-weather|Sandstorm|[upkeep]\n|upkeep\n|turn|14\n|\n|t:|1699932266\n|switch|p1a: Ferrothorn|Ferrothorn, F|100\/100\n|-damage|p1a: Ferrothorn|95\/100|[from] Stealth Rock\n|detailschange|p2a: HotWheel|Mawile-Mega, F\n|-mega|p2a: HotWheel|Mawile|Mawilite\n|move|p2a: HotWheel|Swords Dance|p2a: HotWheel\n|-boost|p2a: HotWheel|atk|2\n|\n|-weather|Sandstorm|[upkeep]\n|upkeep\n|turn|15\n|\n|t:|1699932278\n|switch|p2a: BrujaDeLosSentones|Hatterene, F|100\/100\n|move|p1a: Ferrothorn|Thunder Wave|p2a: BrujaDeLosSentones\n|move|p2a: BrujaDeLosSentones|Thunder Wave|p1a: Ferrothorn|[from]ability: Magic Bounce\n|-status|p1a: Ferrothorn|par\n|\n|-weather|none\n|upkeep\n|turn|16\n|\n|t:|1699932290\n|switch|p1a: Tyranitar|Tyranitar-Mega, M|16\/100\n|-damage|p1a: Tyranitar|4\/100|[from] Stealth Rock\n|-weather|Sandstorm|[from] ability: Sand Stream|[of] p1a: Tyranitar\n|move|p2a: BrujaDeLosSentones|Trick Room|p2a: BrujaDeLosSentones\n|-fieldstart|move: Trick Room|[of] p2a: BrujaDeLosSentones\n|\n|-weather|Sandstorm|[upkeep]\n|-damage|p2a: BrujaDeLosSentones|95\/100|[from] Sandstorm\n|-heal|p2a: BrujaDeLosSentones|100\/100|[from] item: Leftovers\n|upkeep\n|turn|17\n|\n|t:|1699932303\n|move|p2a: BrujaDeLosSentones|Draining Kiss|p1a: Tyranitar\n|-supereffective|p1a: Tyranitar\n|-damage|p1a: Tyranitar|0 fnt\n|faint|p1a: Tyranitar\n|\n|-weather|Sandstorm|[upkeep]\n|-damage|p2a: BrujaDeLosSentones|95\/100|[from] Sandstorm\n|-heal|p2a: BrujaDeLosSentones|100\/100|[from] item: Leftovers\n|upkeep\n|c|\u2606alcatel999|esta si la tengo complicada\n|\n|t:|1699932319\n|switch|p1a: Excadrill|Excadrill, F|75\/100\n|-damage|p1a: Excadrill|72\/100|[from] Stealth Rock\n|turn|18\n|\n|t:|1699932326\n|move|p2a: BrujaDeLosSentones|Mystical Fire|p1a: Excadrill\n|-supereffective|p1a: Excadrill\n|-damage|p1a: Excadrill|7\/100\n|-unboost|p1a: Excadrill|spa|1\n|move|p1a: Excadrill|Earthquake|p2a: BrujaDeLosSentones\n|-damage|p2a: BrujaDeLosSentones|5\/100\n|\n|-weather|Sandstorm|[upkeep]\n|-damage|p2a: BrujaDeLosSentones|0 fnt|[from] Sandstorm\n|faint|p2a: BrujaDeLosSentones\n|upkeep\n|\n|t:|1699932345\n|switch|p2a: Princesita|Granbull, F|94\/100\n|-ability|p2a: Princesita|Intimidate|boost\n|-unboost|p1a: Excadrill|atk|1\n|turn|19\n|\n|t:|1699932351\n|move|p2a: Princesita|Close Combat|p1a: Excadrill\n|-supereffective|p1a: Excadrill\n|-damage|p1a: Excadrill|0 fnt\n|-unboost|p2a: Princesita|def|1\n|-unboost|p2a: Princesita|spd|1\n|faint|p1a: Excadrill\n|\n|-weather|Sandstorm|[upkeep]\n|-damage|p2a: Princesita|88\/100|[from] Sandstorm\n|upkeep\n|\n|t:|1699932364\n|switch|p1a: Ferrothorn|Ferrothorn, F|95\/100 par\n|-damage|p1a: Ferrothorn|89\/100 par|[from] Stealth Rock\n|turn|20\n|\n|t:|1699932372\n|cant|p1a: Ferrothorn|par\n|move|p2a: Princesita|Close Combat|p1a: Ferrothorn\n|-supereffective|p1a: Ferrothorn\n|-damage|p1a: Ferrothorn|12\/100 par\n|-unboost|p2a: Princesita|def|1\n|-unboost|p2a: Princesita|spd|1\n|-damage|p2a: Princesita|75\/100|[from] ability: Iron Barbs|[of] p1a: Ferrothorn\n|-damage|p2a: Princesita|59\/100|[from] item: Rocky Helmet|[of] p1a: Ferrothorn\n|\n|-weather|none\n|-fieldend|move: Trick Room\n|upkeep\n|turn|21\n|\n|t:|1699932384\n|move|p2a: Princesita|Close Combat|p1a: Ferrothorn\n|-supereffective|p1a: Ferrothorn\n|-damage|p1a: Ferrothorn|0 fnt\n|-unboost|p2a: Princesita|def|1\n|-unboost|p2a: Princesita|spd|1\n|-damage|p2a: Princesita|46\/100|[from] ability: Iron Barbs|[of] p1a: Ferrothorn\n|-damage|p2a: Princesita|30\/100|[from] item: Rocky Helmet|[of] p1a: Ferrothorn\n|faint|p1a: Ferrothorn\n|\n|upkeep\n|\n|t:|1699932396\n|switch|p1a: Hippowdon|Hippowdon, F, tera:Steel|100\/100 slp\n|-damage|p1a: Hippowdon|94\/100 slp|[from] Stealth Rock\n|-weather|Sandstorm|[from] ability: Sand Stream|[of] p1a: Hippowdon\n|turn|22\n|\n|t:|1699932403\n|switch|p1a: Houndstone|Houndstone, M|100\/100\n|-damage|p1a: Houndstone|88\/100|[from] Stealth Rock\n|move|p2a: Princesita|Close Combat|p1a: Houndstone\n|-immune|p1a: Houndstone\n|\n|-weather|Sandstorm|[upkeep]\n|-damage|p2a: Princesita|23\/100|[from] Sandstorm\n|-heal|p1a: Houndstone|94\/100|[from] item: Leftovers\n|upkeep\n|turn|23\n|\n|t:|1699932415\n|switch|p2a: HotWheel|Mawile-Mega, F|100\/100\n|move|p1a: Houndstone|Last Respects|p2a: HotWheel\n|-damage|p2a: HotWheel|19\/100\n|\n|-weather|Sandstorm|[upkeep]\n|-heal|p1a: Houndstone|99\/100|[from] item: Leftovers\n|upkeep\n|turn|24\n|\n|t:|1699932424\n|move|p2a: HotWheel|Sucker Punch|p1a: Houndstone\n|-supereffective|p1a: Houndstone\n|-damage|p1a: Houndstone|0 fnt\n|faint|p1a: Houndstone\n|\n|-weather|Sandstorm|[upkeep]\n|upkeep\n|\n|t:|1699932433\n|switch|p1a: Hippowdon|Hippowdon, F, tera:Steel|94\/100 slp\n|-damage|p1a: Hippowdon|88\/100 slp|[from] Stealth Rock\n|turn|25\n|\n|t:|1699932439\n|switch|p2a: Princesita|Granbull, F|23\/100\n|-ability|p2a: Princesita|Intimidate|boost\n|-unboost|p1a: Hippowdon|atk|1\n|cant|p1a: Hippowdon|slp\n|\n|-weather|Sandstorm|[upkeep]\n|-damage|p2a: Princesita|17\/100|[from] Sandstorm\n|-heal|p1a: Hippowdon|94\/100 slp|[from] item: Leftovers\n|upkeep\n|turn|26\n|\n|t:|1699932452\n|cant|p1a: Hippowdon|slp\n|move|p2a: Princesita|Close Combat|p1a: Hippowdon\n|-supereffective|p1a: Hippowdon\n|-damage|p1a: Hippowdon|0 fnt\n|-unboost|p2a: Princesita|def|1\n|-unboost|p2a: Princesita|spd|1\n|faint|p1a: Hippowdon\n|\n|-weather|none\n|upkeep\n|\n|t:|1699932462\n|switch|p1a: Lycanroc|Lycanroc-Dusk, F|100\/100\n|-damage|p1a: Lycanroc|88\/100|[from] Stealth Rock\n|turn|27\n|\n|t:|1699932470\n|move|p1a: Lycanroc|Psychic Fangs|p2a: Princesita\n|-damage|p2a: Princesita|0 fnt\n|faint|p2a: Princesita\n|-damage|p1a: Lycanroc|78\/100|[from] item: Life Orb\n|\n|upkeep\n|\n|t:|1699932475\n|switch|p2a: HongoMagico|Shiinotic, M|88\/100\n|turn|28\n|\n|t:|1699932482\n|move|p1a: Lycanroc|Fire Fang|p2a: HongoMagico\n|-supereffective|p2a: HongoMagico\n|-damage|p2a: HongoMagico|25\/100\n|-damage|p1a: Lycanroc|62\/100|[from] item: Rocky Helmet|[of] p2a: HongoMagico\n|-damage|p1a: Lycanroc|52\/100|[from] item: Life Orb\n|move|p2a: HongoMagico|Spore|p1a: Lycanroc\n|-status|p1a: Lycanroc|slp|[from] move: Spore\n|\n|upkeep\n|turn|29\n|\n|t:|1699932497\n|cant|p1a: Lycanroc|slp\n|move|p2a: HongoMagico|Strength Sap|p1a: Lycanroc\n|-unboost|p1a: Lycanroc|atk|1\n|-heal|p2a: HongoMagico|100\/100\n|\n|upkeep\n|turn|30\n|\n|t:|1699932505\n|-curestatus|p1a: Lycanroc|slp|[msg]\n|move|p1a: Lycanroc|Fire Fang|p2a: HongoMagico\n|-supereffective|p2a: HongoMagico\n|-damage|p2a: HongoMagico|61\/100\n|-status|p2a: HongoMagico|brn\n|-damage|p1a: Lycanroc|35\/100|[from] item: Rocky Helmet|[of] p2a: HongoMagico\n|-damage|p1a: Lycanroc|25\/100|[from] item: Life Orb\n|move|p2a: HongoMagico|Giga Drain|p1a: Lycanroc\n|-supereffective|p1a: Lycanroc\n|-damage|p1a: Lycanroc|0 fnt\n|-heal|p2a: HongoMagico|72\/100 brn|[from] drain|[of] p1a: Lycanroc\n|faint|p1a: Lycanroc\n|\n|win|alcatel999\n|c|\u2606alcatel999|Gg\n","uploadtime":1699932514,"views":10,"p1id":"nevilow","p2id":"alcatel999","formatid":"gen9nationaldexubers","rating":0,"private":0,"password":""}