{"id":"gen9nationaldexubers-1990812370","p1":"Wineberg","p2":"InsertSampleText","format":"[Gen 9] National Dex Ubers","log":"|j|\u2606Wineberg\n|j|\u2606InsertSampleText\n|t:|1700003355\n|gametype|singles\n|player|p1|Wineberg|crasherwake|1390\n|player|p2|InsertSampleText|unknown|1424\n|teamsize|p1|6\n|teamsize|p2|6\n|gen|9\n|tier|[Gen 9] National Dex Ubers\n|rated|\n|rule|HP Percentage Mod: HP is shown in percentages\n|rule|Endless Battle Clause: Forcing endless battles is banned\n|rule|OHKO Clause: OHKO moves are banned\n|rule|Evasion Moves Clause: Evasion moves are banned\n|rule|Evasion Items Clause: Evasion items are banned\n|rule|Species Clause: Limit one of each Pok\u00e9mon\n|rule|Sleep Clause Mod: Limit one foe put to sleep\n|rule|Mega Rayquaza Clause: You cannot mega evolve Rayquaza\n|clearpoke\n|poke|p1|Arceus|\n|poke|p1|Giratina|\n|poke|p1|Groudon|\n|poke|p1|Mewtwo|\n|poke|p1|Xerneas-*|\n|poke|p1|Kangaskhan, F|\n|poke|p2|Lopunny, F|\n|poke|p2|Latias, F|\n|poke|p2|Manaphy|\n|poke|p2|Corviknight, M|\n|poke|p2|Magearna|\n|poke|p2|Gliscor, F|\n|teampreview\n|inactive|Battle timer is ON: inactive players will automatically lose when time's up. (requested by Wineberg)\n|\n|t:|1700003372\n|start\n|switch|p1a: Kang The Conquerer|Kangaskhan, F|100\/100\n|switch|p2a: Fuchsia Fighter|Lopunny, F, shiny|100\/100\n|turn|1\n|\n|t:|1700003377\n|switch|p1a: Imdabes|Giratina|100\/100\n|-ability|p1a: Imdabes|Pressure\n|detailschange|p2a: Fuchsia Fighter|Lopunny-Mega, F, shiny\n|-mega|p2a: Fuchsia Fighter|Lopunny|Lopunnite\n|move|p2a: Fuchsia Fighter|Fake Out|p1a: Imdabes\n|-damage|p1a: Imdabes|90\/100\n|\n|-heal|p1a: Imdabes|96\/100|[from] item: Leftovers\n|upkeep\n|turn|2\n|inactive|InsertSampleText has 120 seconds left.\n|\n|t:|1700003408\n|switch|p2a: Big Blue|Manaphy|100\/100\n|move|p1a: Imdabes|Will-O-Wisp|p2a: Big Blue\n|-status|p2a: Big Blue|brn\n|\n|-heal|p1a: Imdabes|100\/100|[from] item: Leftovers\n|-damage|p2a: Big Blue|94\/100 brn|[from] brn\n|upkeep\n|turn|3\n|\n|t:|1700003416\n|switch|p1a: Kang The Conquerer|Kangaskhan, F|100\/100\n|-zpower|p2a: Big Blue\n|move|p2a: Big Blue|Z-Rain Dance|p2a: Big Blue|[anim]Rain Dance\n|-boost|p2a: Big Blue|spe|1|[zeffect]\n|-weather|RainDance\n|\n|-weather|RainDance|[upkeep]\n|-activate|p2a: Big Blue|ability: Hydration\n|-curestatus|p2a: Big Blue|brn|[msg]\n|upkeep\n|turn|4\n|\n|t:|1700003419\n|detailschange|p1a: Kang The Conquerer|Kangaskhan-Mega, F\n|-mega|p1a: Kang The Conquerer|Kangaskhan|Kangaskhanite\n|move|p1a: Kang The Conquerer|Fake Out|p2a: Big Blue\n|-damage|p2a: Big Blue|77\/100\n|-damage|p2a: Big Blue|72\/100\n|-hitcount|p2a: Big Blue|2\n|cant|p2a: Big Blue|flinch\n|\n|-weather|RainDance|[upkeep]\n|upkeep\n|turn|5\n|\n|t:|1700003421\n|move|p2a: Big Blue|Tail Glow|p2a: Big Blue\n|-boost|p2a: Big Blue|spa|3\n|move|p1a: Kang The Conquerer|Power-Up Punch|p2a: Big Blue\n|-damage|p2a: Big Blue|60\/100\n|-boost|p1a: Kang The Conquerer|atk|1\n|-crit|p2a: Big Blue\n|-damage|p2a: Big Blue|54\/100\n|-boost|p1a: Kang The Conquerer|atk|1\n|-hitcount|p2a: Big Blue|2\n|\n|-weather|RainDance|[upkeep]\n|upkeep\n|turn|6\n|\n|t:|1700003425\n|move|p2a: Big Blue|Surf|p1a: Kang The Conquerer\n|-damage|p1a: Kang The Conquerer|0 fnt\n|faint|p1a: Kang The Conquerer\n|\n|-weather|RainDance|[upkeep]\n|upkeep\n|\n|t:|1700003429\n|switch|p1a: Groupon|Groudon, shiny|100\/100\n|detailschange|p1a: Groupon|Groudon-Primal, shiny\n|-primal|p1a: Groupon|Red Orb\n|-weather|DesolateLand|[from] ability: Desolate Land|[of] p1a: Groupon\n|turn|7\n|\n|t:|1700003439\n|move|p2a: Big Blue|Psychic|p1a: Groupon\n|-damage|p1a: Groupon|56\/100\n|move|p1a: Groupon|Stealth Rock|p2a: Big Blue\n|-sidestart|p2: InsertSampleText|move: Stealth Rock\n|\n|-weather|DesolateLand|[upkeep]\n|upkeep\n|turn|8\n|\n|t:|1700003442\n|move|p2a: Big Blue|Psychic|p1a: Groupon\n|-damage|p1a: Groupon|16\/100\n|move|p1a: Groupon|Earthquake|p2a: Big Blue\n|-damage|p2a: Big Blue|0 fnt\n|faint|p2a: Big Blue\n|\n|-weather|DesolateLand|[upkeep]\n|upkeep\n|\n|t:|1700003455\n|switch|p2a: Fuchsia Fighter|Lopunny-Mega, F, shiny|100\/100\n|-damage|p2a: Fuchsia Fighter|95\/100|[from] Stealth Rock\n|turn|9\n|\n|t:|1700003464\n|move|p2a: Fuchsia Fighter|Return|p1a: Groupon\n|-damage|p1a: Groupon|0 fnt\n|faint|p1a: Groupon\n|-weather|none\n|\n|upkeep\n|\n|t:|1700003471\n|switch|p1a: Imdabes|Giratina|100\/100\n|-ability|p1a: Imdabes|Pressure\n|turn|10\n|\n|t:|1700003479\n|switch|p2a: VX Sagittarii|Latias, F|100\/100\n|-damage|p2a: VX Sagittarii|88\/100|[from] Stealth Rock\n|move|p1a: Imdabes|Will-O-Wisp|p2a: VX Sagittarii\n|-status|p2a: VX Sagittarii|brn\n|\n|-damage|p2a: VX Sagittarii|82\/100 brn|[from] brn\n|upkeep\n|turn|11\n|\n|t:|1700003490\n|switch|p2a: Gliscor|Gliscor, F|100\/100\n|-damage|p2a: Gliscor|88\/100|[from] Stealth Rock\n|switch|p1a: DMX|Xerneas|100\/100\n|-ability|p1a: DMX|Fairy Aura\n|\n|-status|p2a: Gliscor|tox|[from] item: Toxic Orb\n|upkeep\n|turn|12\n|\n|t:|1700003497\n|switch|p1a: Imdabes|Giratina|100\/100\n|-ability|p1a: Imdabes|Pressure\n|switch|p2a: Daisy Bell|Magearna|100\/100\n|-damage|p2a: Daisy Bell|94\/100|[from] Stealth Rock\n|\n|-heal|p2a: Daisy Bell|100\/100|[from] item: Leftovers\n|upkeep\n|turn|13\n|\n|t:|1700003506\n|move|p1a: Imdabes|Thunder Wave|p2a: Daisy Bell|[miss]\n|-miss|p1a: Imdabes|p2a: Daisy Bell\n|move|p2a: Daisy Bell|Fleur Cannon|p1a: Imdabes\n|-supereffective|p1a: Imdabes\n|-damage|p1a: Imdabes|47\/100\n|-unboost|p2a: Daisy Bell|spa|2\n|\n|-heal|p1a: Imdabes|53\/100|[from] item: Leftovers\n|upkeep\n|turn|14\n|\n|t:|1700003527\n|switch|p2a: Gliscor|Gliscor, F|88\/100 tox\n|-damage|p2a: Gliscor|76\/100 tox|[from] Stealth Rock\n|move|p1a: Imdabes|Confuse Ray|p2a: Gliscor\n|-start|p2a: Gliscor|confusion\n|\n|-heal|p1a: Imdabes|59\/100|[from] item: Leftovers\n|-heal|p2a: Gliscor|88\/100 tox|[from] ability: Poison Heal\n|upkeep\n|turn|15\n|\n|t:|1700003542\n|switch|p1a: DMX|Xerneas|100\/100\n|-ability|p1a: DMX|Fairy Aura\n|-activate|p2a: Gliscor|confusion\n|move|p2a: Gliscor|Toxic|p1a: DMX\n|-status|p1a: DMX|tox\n|\n|-damage|p1a: DMX|94\/100 tox|[from] psn\n|-heal|p2a: Gliscor|100\/100 tox|[from] ability: Poison Heal\n|upkeep\n|turn|16\n|c|\u2606InsertSampleText|a truly unholy giratina set\n|\n|t:|1700003550\n|switch|p2a: Daisy Bell|Magearna|100\/100\n|-damage|p2a: Daisy Bell|94\/100|[from] Stealth Rock\n|move|p1a: DMX|Geomancy||[still]\n|-prepare|p1a: DMX|Geomancy\n|-enditem|p1a: DMX|Power Herb\n|-anim|p1a: DMX|Geomancy|p1a: DMX\n|-boost|p1a: DMX|spa|2\n|-boost|p1a: DMX|spd|2\n|-boost|p1a: DMX|spe|2\n|\n|-heal|p2a: Daisy Bell|100\/100|[from] item: Leftovers\n|-damage|p1a: DMX|82\/100 tox|[from] psn\n|upkeep\n|turn|17\n|\n|t:|1700003559\n|move|p1a: DMX|Focus Blast|p2a: Daisy Bell|[miss]\n|-miss|p1a: DMX|p2a: Daisy Bell\n|move|p2a: Daisy Bell|Heart Swap|p1a: DMX\n|-swapboost|p2a: Daisy Bell|p1a: DMX|[from] move: Heart Swap\n|\n|-damage|p1a: DMX|64\/100 tox|[from] psn\n|upkeep\n|turn|18\n|\n|t:|1700003574\n|move|p2a: Daisy Bell|Flash Cannon|p1a: DMX\n|-supereffective|p1a: DMX\n|-damage|p1a: DMX|0 fnt\n|faint|p1a: DMX\n|-ability|p2a: Daisy Bell|Soul-Heart|boost\n|-boost|p2a: Daisy Bell|spa|1\n|\n|upkeep\n|\n|t:|1700003577\n|switch|p1a: Imdabes|Giratina|59\/100\n|-ability|p1a: Imdabes|Pressure\n|turn|19\n|\n|t:|1700003606\n|-terastallize|p1a: Imdabes|Steel\n|move|p2a: Daisy Bell|Fleur Cannon|p1a: Imdabes\n|-resisted|p1a: Imdabes\n|-damage|p1a: Imdabes|24\/100\n|-unboost|p2a: Daisy Bell|spa|2\n|move|p1a: Imdabes|Thunder Wave|p2a: Daisy Bell\n|-status|p2a: Daisy Bell|par\n|\n|-heal|p1a: Imdabes|30\/100|[from] item: Leftovers\n|upkeep\n|turn|20\n|\n|t:|1700003614\n|move|p1a: Imdabes|Mud-Slap|p2a: Daisy Bell\n|-supereffective|p2a: Daisy Bell\n|-damage|p2a: Daisy Bell|97\/100 par\n|-unboost|p2a: Daisy Bell|accuracy|1\n|move|p2a: Daisy Bell|Fleur Cannon|p1a: Imdabes\n|-resisted|p1a: Imdabes\n|-damage|p1a: Imdabes|9\/100\n|-unboost|p2a: Daisy Bell|spa|2\n|\n|-heal|p1a: Imdabes|15\/100|[from] item: Leftovers\n|-heal|p2a: Daisy Bell|100\/100 par|[from] item: Leftovers\n|upkeep\n|turn|21\n|\n|t:|1700003620\n|switch|p2a: Gliscor|Gliscor, F|100\/100 tox\n|-damage|p2a: Gliscor|88\/100 tox|[from] Stealth Rock\n|move|p1a: Imdabes|Confuse Ray|p2a: Gliscor\n|-start|p2a: Gliscor|confusion\n|\n|-heal|p1a: Imdabes|21\/100|[from] item: Leftovers\n|-heal|p2a: Gliscor|100\/100 tox|[from] ability: Poison Heal\n|upkeep\n|turn|22\n|c|\u2606InsertSampleText|genuinely demonic giratina set holy moly\n|\n|t:|1700003637\n|switch|p1a: Chocolate Rain|Mewtwo|100\/100\n|-ability|p1a: Chocolate Rain|Pressure\n|-activate|p2a: Gliscor|confusion\n|move|p2a: Gliscor|Earthquake|p1a: Chocolate Rain\n|-damage|p1a: Chocolate Rain|64\/100\n|\n|upkeep\n|turn|23\n|\n|t:|1700003646\n|switch|p2a: Daisy Bell|Magearna|100\/100 par\n|-damage|p2a: Daisy Bell|94\/100 par|[from] Stealth Rock\n|move|p1a: Chocolate Rain|Ice Beam|p2a: Daisy Bell\n|-resisted|p2a: Daisy Bell\n|-damage|p2a: Daisy Bell|79\/100 par\n|\n|-heal|p2a: Daisy Bell|85\/100 par|[from] item: Leftovers\n|upkeep\n|turn|24\n|\n|t:|1700003650\n|switch|p1a: Imdabes|Giratina, tera:Steel|21\/100\n|-ability|p1a: Imdabes|Pressure\n|move|p2a: Daisy Bell|Fleur Cannon|p1a: Imdabes\n|-resisted|p1a: Imdabes\n|-damage|p1a: Imdabes|7\/100\n|-unboost|p2a: Daisy Bell|spa|2\n|\n|-heal|p1a: Imdabes|14\/100|[from] item: Leftovers\n|-heal|p2a: Daisy Bell|91\/100 par|[from] item: Leftovers\n|upkeep\n|turn|25\n|\n|t:|1700003655\n|move|p1a: Imdabes|Confuse Ray|p2a: Daisy Bell\n|-start|p2a: Daisy Bell|confusion\n|-activate|p2a: Daisy Bell|confusion\n|move|p2a: Daisy Bell|Volt Switch|p1a: Imdabes\n|-damage|p1a: Imdabes|9\/100\n|\n|t:|1700003657\n|switch|p2a: Fuchsia Fighter|Lopunny-Mega, F, shiny|95\/100|[from] Volt Switch\n|-damage|p2a: Fuchsia Fighter|89\/100|[from] Stealth Rock\n|\n|-heal|p1a: Imdabes|15\/100|[from] item: Leftovers\n|upkeep\n|turn|26\n|\n|t:|1700003662\n|move|p2a: Fuchsia Fighter|Return|p1a: Imdabes\n|-resisted|p1a: Imdabes\n|-damage|p1a: Imdabes|2\/100\n|move|p1a: Imdabes|Thunder Wave|p2a: Fuchsia Fighter\n|-status|p2a: Fuchsia Fighter|par\n|\n|-heal|p1a: Imdabes|8\/100|[from] item: Leftovers\n|upkeep\n|turn|27\n|\n|t:|1700003667\n|move|p1a: Imdabes|Confuse Ray|p2a: Fuchsia Fighter\n|-start|p2a: Fuchsia Fighter|confusion\n|-activate|p2a: Fuchsia Fighter|confusion\n|-damage|p2a: Fuchsia Fighter|68\/100 par|[from] confusion\n|\n|-heal|p1a: Imdabes|14\/100|[from] item: Leftovers\n|upkeep\n|turn|28\n|\n|t:|1700003670\n|move|p1a: Imdabes|Mud-Slap|p2a: Fuchsia Fighter\n|-damage|p2a: Fuchsia Fighter|62\/100 par\n|-unboost|p2a: Fuchsia Fighter|accuracy|1\n|-activate|p2a: Fuchsia Fighter|confusion\n|-damage|p2a: Fuchsia Fighter|42\/100 par|[from] confusion\n|\n|-heal|p1a: Imdabes|20\/100|[from] item: Leftovers\n|upkeep\n|turn|29\n|\n|t:|1700003674\n|move|p1a: Imdabes|Mud-Slap|p2a: Fuchsia Fighter\n|-damage|p2a: Fuchsia Fighter|36\/100 par\n|-unboost|p2a: Fuchsia Fighter|accuracy|1\n|-activate|p2a: Fuchsia Fighter|confusion\n|-damage|p2a: Fuchsia Fighter|17\/100 par|[from] confusion\n|\n|-heal|p1a: Imdabes|27\/100|[from] item: Leftovers\n|upkeep\n|turn|30\n|\n|t:|1700003679\n|switch|p2a: VX Sagittarii|Latias, F|82\/100 brn\n|-damage|p2a: VX Sagittarii|70\/100 brn|[from] Stealth Rock\n|move|p1a: Imdabes|Mud-Slap|p2a: VX Sagittarii\n|-immune|p2a: VX Sagittarii|[from] ability: Levitate\n|\n|-heal|p1a: Imdabes|33\/100|[from] item: Leftovers\n|-damage|p2a: VX Sagittarii|64\/100 brn|[from] brn\n|upkeep\n|turn|31\n|\n|t:|1700003682\n|move|p2a: VX Sagittarii|Mystical Fire|p1a: Imdabes\n|-supereffective|p1a: Imdabes\n|-damage|p1a: Imdabes|10\/100\n|-unboost|p1a: Imdabes|spa|1\n|move|p1a: Imdabes|Confuse Ray|p2a: VX Sagittarii\n|-start|p2a: VX Sagittarii|confusion\n|\n|-heal|p1a: Imdabes|16\/100|[from] item: Leftovers\n|-damage|p2a: VX Sagittarii|58\/100 brn|[from] brn\n|upkeep\n|turn|32\n|\n|t:|1700003692\n|switch|p1a: Omos|Arceus|100\/100\n|-activate|p2a: VX Sagittarii|confusion\n|move|p2a: VX Sagittarii|Mystical Fire|p1a: Omos\n|-damage|p1a: Omos|84\/100\n|-unboost|p1a: Omos|spa|1\n|\n|-damage|p2a: VX Sagittarii|52\/100 brn|[from] brn\n|upkeep\n|turn|33\n|\n|t:|1700003697\n|switch|p2a: Soaring Steel|Corviknight, M|100\/100\n|-damage|p2a: Soaring Steel|88\/100|[from] Stealth Rock\n|-ability|p2a: Soaring Steel|Pressure\n|move|p1a: Omos|Swords Dance|p1a: Omos\n|-boost|p1a: Omos|atk|2\n|\n|upkeep\n|turn|34\n|\n|t:|1700003703\n|move|p1a: Omos|Shadow Claw|p2a: Soaring Steel\n|-damage|p2a: Soaring Steel|59\/100\n|-damage|p1a: Omos|68\/100|[from] item: Rocky Helmet|[of] p2a: Soaring Steel\n|move|p2a: Soaring Steel|Body Press|p1a: Omos\n|-supereffective|p1a: Omos\n|-damage|p1a: Omos|30\/100\n|\n|upkeep\n|turn|35\n|\n|t:|1700003707\n|move|p1a: Omos|Recover|p1a: Omos\n|-heal|p1a: Omos|81\/100\n|move|p2a: Soaring Steel|Roost|p2a: Soaring Steel\n|-heal|p2a: Soaring Steel|100\/100\n|-singleturn|p2a: Soaring Steel|move: Roost\n|\n|upkeep\n|turn|36\n|\n|t:|1700003710\n|move|p1a: Omos|Swords Dance|p1a: Omos\n|-boost|p1a: Omos|atk|2\n|move|p2a: Soaring Steel|Body Press|p1a: Omos\n|-supereffective|p1a: Omos\n|-damage|p1a: Omos|42\/100\n|\n|upkeep\n|turn|37\n|\n|t:|1700003712\n|move|p1a: Omos|Recover|p1a: Omos\n|-heal|p1a: Omos|92\/100\n|move|p2a: Soaring Steel|Body Press|p1a: Omos\n|-supereffective|p1a: Omos\n|-damage|p1a: Omos|53\/100\n|\n|upkeep\n|turn|38\n|\n|t:|1700003714\n|move|p1a: Omos|Swords Dance|p1a: Omos\n|-boost|p1a: Omos|atk|2\n|move|p2a: Soaring Steel|Body Press|p1a: Omos\n|-supereffective|p1a: Omos\n|-damage|p1a: Omos|19\/100\n|\n|upkeep\n|turn|39\n|\n|t:|1700003716\n|move|p1a: Omos|Recover|p1a: Omos\n|-heal|p1a: Omos|69\/100\n|move|p2a: Soaring Steel|Body Press|p1a: Omos\n|-supereffective|p1a: Omos\n|-damage|p1a: Omos|30\/100\n|\n|upkeep\n|turn|40\n|\n|t:|1700003718\n|move|p1a: Omos|Recover|p1a: Omos\n|-heal|p1a: Omos|80\/100\n|move|p2a: Soaring Steel|Body Press|p1a: Omos\n|-supereffective|p1a: Omos\n|-damage|p1a: Omos|40\/100\n|\n|upkeep\n|turn|41\n|\n|t:|1700003721\n|move|p1a: Omos|Recover|p1a: Omos\n|-heal|p1a: Omos|90\/100\n|move|p2a: Soaring Steel|Body Press|p1a: Omos\n|-supereffective|p1a: Omos\n|-damage|p1a: Omos|51\/100\n|\n|upkeep\n|turn|42\n|\n|t:|1700003729\n|move|p1a: Omos|Extreme Speed|p2a: Soaring Steel\n|-resisted|p2a: Soaring Steel\n|-damage|p2a: Soaring Steel|45\/100\n|-damage|p1a: Omos|35\/100|[from] item: Rocky Helmet|[of] p2a: Soaring Steel\n|move|p2a: Soaring Steel|Body Press|p1a: Omos\n|-supereffective|p1a: Omos\n|-damage|p1a: Omos|0 fnt\n|faint|p1a: Omos\n|\n|upkeep\n|\n|t:|1700003736\n|switch|p1a: Imdabes|Giratina, tera:Steel|16\/100\n|-ability|p1a: Imdabes|Pressure\n|turn|43\n|\n|t:|1700003741\n|move|p1a: Imdabes|Confuse Ray|p2a: Soaring Steel\n|-start|p2a: Soaring Steel|confusion\n|-activate|p2a: Soaring Steel|confusion\n|move|p2a: Soaring Steel|Body Press|p1a: Imdabes\n|-supereffective|p1a: Imdabes\n|-damage|p1a: Imdabes|0 fnt\n|faint|p1a: Imdabes\n|\n|upkeep\n|\n|t:|1700003744\n|switch|p1a: Chocolate Rain|Mewtwo|64\/100\n|-ability|p1a: Chocolate Rain|Pressure\n|turn|44\n|inactive|Wineberg has 120 seconds left.\n|\n|t:|1700003786\n|move|p1a: Chocolate Rain|Ice Beam|p2a: Soaring Steel\n|-damage|p2a: Soaring Steel|0 fnt\n|faint|p2a: Soaring Steel\n|\n|upkeep\n|\n|t:|1700003801\n|switch|p2a: Fuchsia Fighter|Lopunny-Mega, F, shiny|17\/100 par\n|-damage|p2a: Fuchsia Fighter|11\/100 par|[from] Stealth Rock\n|turn|45\n|\n|t:|1700003804\n|move|p2a: Fuchsia Fighter|Fake Out|p1a: Chocolate Rain\n|-damage|p1a: Chocolate Rain|39\/100\n|cant|p1a: Chocolate Rain|flinch\n|\n|upkeep\n|turn|46\n|\n|t:|1700003809\n|switch|p2a: VX Sagittarii|Latias, F|52\/100 brn\n|-damage|p2a: VX Sagittarii|40\/100 brn|[from] Stealth Rock\n|move|p1a: Chocolate Rain|Ice Beam|p2a: VX Sagittarii\n|-supereffective|p2a: VX Sagittarii\n|-damage|p2a: VX Sagittarii|0 fnt\n|faint|p2a: VX Sagittarii\n|\n|upkeep\n|\n|t:|1700003811\n|switch|p2a: Fuchsia Fighter|Lopunny-Mega, F, shiny|11\/100 par\n|-damage|p2a: Fuchsia Fighter|5\/100 par|[from] Stealth Rock\n|turn|47\n|\n|t:|1700003813\n|cant|p2a: Fuchsia Fighter|par\n|move|p1a: Chocolate Rain|Ice Beam|p2a: Fuchsia Fighter\n|-damage|p2a: Fuchsia Fighter|0 fnt\n|faint|p2a: Fuchsia Fighter\n|\n|upkeep\n|\n|t:|1700003815\n|switch|p2a: Daisy Bell|Magearna|91\/100 par\n|-damage|p2a: Daisy Bell|85\/100 par|[from] Stealth Rock\n|turn|48\n|\n|t:|1700003817\n|move|p1a: Chocolate Rain|Ice Beam|p2a: Daisy Bell\n|-resisted|p2a: Daisy Bell\n|-damage|p2a: Daisy Bell|70\/100 par\n|move|p2a: Daisy Bell|Flash Cannon|p1a: Chocolate Rain\n|-damage|p1a: Chocolate Rain|4\/100\n|\n|-heal|p2a: Daisy Bell|76\/100 par|[from] item: Leftovers\n|upkeep\n|turn|49\n|\n|t:|1700003820\n|move|p1a: Chocolate Rain|Ice Beam|p2a: Daisy Bell\n|-resisted|p2a: Daisy Bell\n|-damage|p2a: Daisy Bell|60\/100 par\n|move|p2a: Daisy Bell|Flash Cannon|p1a: Chocolate Rain\n|-damage|p1a: Chocolate Rain|0 fnt\n|faint|p1a: Chocolate Rain\n|\n|win|InsertSampleText\n|raw|Wineberg's rating: 1390 &rarr; <strong>1372<\/strong><br \/>(-18 for losing)\n|raw|InsertSampleText's rating: 1424 &rarr; <strong>1442<\/strong><br \/>(+18 for winning)\n|c|\u2606InsertSampleText|gg\n|l|\u2606Wineberg\n","uploadtime":1700003826,"views":7,"p1id":"wineberg","p2id":"insertsampletext","formatid":"gen9nationaldexubers","rating":1372,"private":0,"password":""}