{"id":"gen9nationaldexubers-1997339875","p1":"Trainitar7","p2":"alalalala147","format":"[Gen 9] National Dex Ubers","log":"|j|\u2606Trainitar7\n|j|\u2606alalalala147\n|t:|1700791457\n|gametype|singles\n|player|p1|Trainitar7|ninjaboy|1158\n|player|p2|alalalala147|102|1225\n|teamsize|p1|6\n|teamsize|p2|6\n|gen|9\n|tier|[Gen 9] National Dex Ubers\n|rated|\n|rule|HP Percentage Mod: HP is shown in percentages\n|rule|Endless Battle Clause: Forcing endless battles is banned\n|rule|OHKO Clause: OHKO moves are banned\n|rule|Evasion Moves Clause: Evasion moves are banned\n|rule|Evasion Items Clause: Evasion items are banned\n|rule|Species Clause: Limit one of each Pok\u00e9mon\n|rule|Sleep Clause Mod: Limit one foe put to sleep\n|rule|Mega Rayquaza Clause: You cannot mega evolve Rayquaza\n|clearpoke\n|poke|p1|Xerneas-*|\n|poke|p1|Marshadow|\n|poke|p1|Groudon|\n|poke|p1|Deoxys-Speed|\n|poke|p1|Necrozma-Dusk-Mane|\n|poke|p1|Pheromosa|\n|poke|p2|Lugia|\n|poke|p2|Pawmot, F|\n|poke|p2|Ho-Oh|\n|poke|p2|Rayquaza|\n|poke|p2|Xerneas-*|\n|poke|p2|Groudon|\n|teampreview\n|inactive|Battle timer is ON: inactive players will automatically lose when time's up. (requested by Trainitar7)\n|\n|t:|1700791482\n|start\n|switch|p1a: Deoxys|Deoxys-Speed, shiny|100\/100\n|switch|p2a: Ho-Oh|Ho-Oh|100\/100\n|-ability|p1a: Deoxys|Pressure\n|turn|1\n|\n|t:|1700791488\n|move|p1a: Deoxys|Stealth Rock|p2a: Ho-Oh\n|-sidestart|p2: alalalala147|move: Stealth Rock\n|move|p2a: Ho-Oh|Sacred Fire|p1a: Deoxys\n|-damage|p1a: Deoxys|44\/100\n|-status|p1a: Deoxys|brn\n|\n|-damage|p1a: Deoxys|38\/100 brn|[from] brn\n|upkeep\n|turn|2\n|\n|t:|1700791496\n|move|p1a: Deoxys|Taunt|p2a: Ho-Oh\n|-start|p2a: Ho-Oh|move: Taunt\n|cant|p2a: Ho-Oh|move: Taunt|Roar\n|\n|-damage|p1a: Deoxys|32\/100 brn|[from] brn\n|upkeep\n|turn|3\n|\n|t:|1700791502\n|move|p1a: Deoxys|Spikes|p2a: Ho-Oh\n|-sidestart|p2: alalalala147|Spikes\n|move|p2a: Ho-Oh|Sacred Fire|p1a: Deoxys\n|-damage|p1a: Deoxys|0 fnt\n|faint|p1a: Deoxys\n|\n|upkeep\n|\n|t:|1700791523\n|switch|p1a: Pheromosa|Pheromosa, shiny|100\/100\n|turn|4\n|\n|t:|1700791530\n|-terastallize|p1a: Pheromosa|Rock\n|move|p1a: Pheromosa|Hidden Power|p2a: Ho-Oh\n|-supereffective|p2a: Ho-Oh\n|-damage|p2a: Ho-Oh|22\/100\n|-damage|p1a: Pheromosa|91\/100|[from] item: Life Orb\n|move|p2a: Ho-Oh|Sacred Fire|p1a: Pheromosa\n|-resisted|p1a: Pheromosa\n|-damage|p1a: Pheromosa|29\/100\n|-status|p1a: Pheromosa|brn\n|\n|-heal|p2a: Ho-Oh|28\/100|[from] item: Leftovers\n|-damage|p1a: Pheromosa|23\/100 brn|[from] brn\n|-end|p2a: Ho-Oh|move: Taunt\n|upkeep\n|turn|5\n|\n|t:|1700791544\n|move|p2a: Ho-Oh|Protect|p2a: Ho-Oh\n|-singleturn|p2a: Ho-Oh|Protect\n|move|p1a: Pheromosa|Hidden Power|p2a: Ho-Oh\n|-activate|p2a: Ho-Oh|move: Protect\n|\n|-heal|p2a: Ho-Oh|34\/100|[from] item: Leftovers\n|-damage|p1a: Pheromosa|17\/100 brn|[from] brn\n|upkeep\n|turn|6\n|\n|t:|1700791552\n|move|p1a: Pheromosa|Hidden Power|p2a: Ho-Oh\n|-supereffective|p2a: Ho-Oh\n|-damage|p2a: Ho-Oh|0 fnt\n|faint|p2a: Ho-Oh\n|-ability|p1a: Pheromosa|Beast Boost|boost\n|-boost|p1a: Pheromosa|spe|1\n|-damage|p1a: Pheromosa|7\/100 brn|[from] item: Life Orb\n|\n|-damage|p1a: Pheromosa|1\/100 brn|[from] brn\n|upkeep\n|\n|t:|1700791561\n|switch|p2a: Lugia|Lugia|100\/100\n|-damage|p2a: Lugia|75\/100|[from] Stealth Rock\n|turn|7\n|\n|t:|1700791565\n|move|p1a: Pheromosa|Taunt|p2a: Lugia\n|-start|p2a: Lugia|move: Taunt\n|cant|p2a: Lugia|move: Taunt|Defog\n|\n|-heal|p2a: Lugia|82\/100|[from] item: Leftovers\n|-damage|p1a: Pheromosa|0 fnt|[from] brn\n|faint|p1a: Pheromosa\n|upkeep\n|\n|t:|1700791577\n|switch|p1a: Necrozma|Necrozma-Dusk-Mane, shiny|100\/100\n|turn|8\n|\n|t:|1700791585\n|move|p1a: Necrozma|Dragon Dance|p1a: Necrozma\n|-boost|p1a: Necrozma|atk|1\n|-boost|p1a: Necrozma|spe|1\n|-activate|p2a: Lugia|move: Struggle\n|move|p2a: Lugia|Struggle|p1a: Necrozma\n|-damage|p1a: Necrozma|93\/100\n|-damage|p2a: Lugia|57\/100|[from] recoil\n|\n|-heal|p2a: Lugia|63\/100|[from] item: Leftovers\n|upkeep\n|turn|9\n|\n|t:|1700791596\n|move|p1a: Necrozma|Dragon Dance|p1a: Necrozma\n|-boost|p1a: Necrozma|atk|1\n|-boost|p1a: Necrozma|spe|1\n|-activate|p2a: Lugia|move: Struggle\n|move|p2a: Lugia|Struggle|p1a: Necrozma\n|-damage|p1a: Necrozma|86\/100\n|-damage|p2a: Lugia|38\/100|[from] recoil\n|\n|-heal|p2a: Lugia|44\/100|[from] item: Leftovers\n|-end|p2a: Lugia|move: Taunt\n|upkeep\n|turn|10\n|\n|t:|1700791606\n|move|p1a: Necrozma|Sunsteel Strike|p2a: Lugia\n|-damage|p2a: Lugia|0 fnt\n|faint|p2a: Lugia\n|\n|upkeep\n|\n|t:|1700791613\n|switch|p2a: Groudon|Groudon|100\/100\n|-damage|p2a: Groudon|94\/100|[from] Stealth Rock\n|-damage|p2a: Groudon|82\/100|[from] Spikes\n|detailschange|p2a: Groudon|Groudon-Primal\n|-primal|p2a: Groudon|Red Orb\n|-weather|DesolateLand|[from] ability: Desolate Land|[of] p2a: Groudon\n|turn|11\n|\n|t:|1700791620\n|move|p1a: Necrozma|Earthquake|p2a: Groudon\n|-supereffective|p2a: Groudon\n|-damage|p2a: Groudon|0 fnt\n|faint|p2a: Groudon\n|-weather|none\n|\n|upkeep\n|\n|t:|1700791628\n|switch|p2a: Rayquaza|Rayquaza|100\/100\n|-damage|p2a: Rayquaza|75\/100|[from] Stealth Rock\n|-ability|p2a: Rayquaza|Air Lock\n|turn|12\n|\n|t:|1700791634\n|move|p1a: Necrozma|Photon Geyser|p2a: Rayquaza\n|-damage|p2a: Rayquaza|0 fnt\n|faint|p2a: Rayquaza\n|\n|upkeep\n|\n|t:|1700791641\n|switch|p2a: Xerneas|Xerneas|100\/100\n|-damage|p2a: Xerneas|88\/100|[from] Stealth Rock\n|-damage|p2a: Xerneas|76\/100|[from] Spikes\n|-ability|p2a: Xerneas|Fairy Aura\n|turn|13\n|\n|t:|1700791647\n|detailschange|p1a: Necrozma|Necrozma-Ultra, shiny\n|-burst|p1a: Necrozma|Necrozma|Ultranecrozium Z\n|move|p1a: Necrozma|Sunsteel Strike|p2a: Xerneas\n|-supereffective|p2a: Xerneas\n|-damage|p2a: Xerneas|0 fnt\n|faint|p2a: Xerneas\n|\n|upkeep\n|-message|alalalala147 forfeited.\n|\n|win|Trainitar7\n|raw|Trainitar7's rating: 1158 &rarr; <strong>1188<\/strong><br \/>(+30 for winning)\n|raw|alalalala147's rating: 1225 &rarr; <strong>1195<\/strong><br \/>(-30 for losing)\n|l|\u2606alalalala147\n","uploadtime":1700791661,"views":5,"p1id":"trainitar7","p2id":"alalalala147","formatid":"gen9nationaldexubers","rating":1188,"private":0,"password":""}