{"id":"gen9nationaldexubers-1999500974","p1":"IntermediateGamer","p2":"Szymszym134","format":"[Gen 9] National Dex Ubers","log":"|j|\u2606IntermediateGamer\n|j|\u2606Szymszym134\n|t:|1701089612\n|gametype|singles\n|player|p1|IntermediateGamer|red|1570\n|player|p2|Szymszym134|elesa|1624\n|teamsize|p1|6\n|teamsize|p2|6\n|gen|9\n|tier|[Gen 9] National Dex Ubers\n|rated|\n|rule|HP Percentage Mod: HP is shown in percentages\n|rule|Endless Battle Clause: Forcing endless battles is banned\n|rule|OHKO Clause: OHKO moves are banned\n|rule|Evasion Moves Clause: Evasion moves are banned\n|rule|Evasion Items Clause: Evasion items are banned\n|rule|Species Clause: Limit one of each Pok\u00e9mon\n|rule|Sleep Clause Mod: Limit one foe put to sleep\n|rule|Mega Rayquaza Clause: You cannot mega evolve Rayquaza\n|clearpoke\n|poke|p1|Groudon|\n|poke|p1|Kyogre|\n|poke|p1|Marshadow|\n|poke|p1|Arceus-Dragon|\n|poke|p1|Zacian-*|\n|poke|p1|Xerneas-*|\n|poke|p2|Mewtwo|\n|poke|p2|Kingambit, M|\n|poke|p2|Garganacl, F|\n|poke|p2|Arceus-Ground|\n|poke|p2|Ditto|\n|poke|p2|Kyurem-Black|\n|teampreview\n|inactive|Battle timer is ON: inactive players will automatically lose when time's up. (requested by Szymszym134)\n|inactive|IntermediateGamer also wants the timer to be on.\n|\n|t:|1701089622\n|start\n|switch|p1a: HeBlackAndHeSteal|Marshadow|100\/100\n|switch|p2a: Arceus|Arceus-Ground|100\/100\n|turn|1\n|\n|t:|1701089642\n|move|p1a: HeBlackAndHeSteal|Spectral Thief|p2a: Arceus\n|-damage|p2a: Arceus|75\/100\n|move|p2a: Arceus|Judgment|p1a: HeBlackAndHeSteal\n|-damage|p1a: HeBlackAndHeSteal|43\/100\n|\n|upkeep\n|turn|2\n|\n|t:|1701089650\n|move|p1a: HeBlackAndHeSteal|Drain Punch|p2a: Arceus\n|-damage|p2a: Arceus|53\/100\n|-heal|p1a: HeBlackAndHeSteal|59\/100|[from] drain|[of] p2a: Arceus\n|move|p2a: Arceus|Judgment|p1a: HeBlackAndHeSteal\n|-damage|p1a: HeBlackAndHeSteal|0 fnt\n|faint|p1a: HeBlackAndHeSteal\n|\n|upkeep\n|inactive|IntermediateGamer has 120 seconds left.\n|\n|t:|1701089675\n|switch|p1a: Your Mom|Kyogre, shiny|100\/100\n|detailschange|p1a: Your Mom|Kyogre-Primal, shiny\n|-primal|p1a: Your Mom|Blue Orb\n|-weather|PrimordialSea|[from] ability: Primordial Sea|[of] p1a: Your Mom\n|turn|3\n|\n|t:|1701089683\n|move|p2a: Arceus|Judgment|p1a: Your Mom\n|-damage|p1a: Your Mom|72\/100\n|move|p1a: Your Mom|Ice Beam|p2a: Arceus\n|-supereffective|p2a: Arceus\n|-damage|p2a: Arceus|0 fnt\n|faint|p2a: Arceus\n|\n|-weather|PrimordialSea|[upkeep]\n|upkeep\n|\n|t:|1701089686\n|switch|p2a: Mewtwo|Mewtwo|100\/100\n|-ability|p2a: Mewtwo|Unnerve\n|turn|4\n|\n|t:|1701089694\n|detailschange|p2a: Mewtwo|Mewtwo-Mega-Y\n|-mega|p2a: Mewtwo|Mewtwo|Mewtwonite Y\n|move|p2a: Mewtwo|Psystrike|p1a: Your Mom\n|-damage|p1a: Your Mom|7\/100\n|move|p1a: Your Mom|Origin Pulse|p2a: Mewtwo\n|-damage|p2a: Mewtwo|3\/100\n|\n|-weather|PrimordialSea|[upkeep]\n|upkeep\n|turn|5\n|\n|t:|1701089705\n|move|p2a: Mewtwo|Earth Power|p1a: Your Mom\n|-crit|p1a: Your Mom\n|-damage|p1a: Your Mom|0 fnt\n|faint|p1a: Your Mom\n|-weather|none\n|\n|upkeep\n|\n|t:|1701089711\n|switch|p1a: On Dog|Zacian-Crowned, shiny|100\/100\n|-ability|p1a: On Dog|Intrepid Sword|boost\n|-boost|p1a: On Dog|atk|1\n|turn|6\n|\n|t:|1701089718\n|move|p1a: On Dog|Behemoth Blade|p2a: Mewtwo\n|-damage|p2a: Mewtwo|0 fnt\n|faint|p2a: Mewtwo\n|\n|upkeep\n|\n|t:|1701089720\n|switch|p2a: Ditto|Ditto|100\/100\n|-transform|p2a: Ditto|p1a: On Dog|[from] ability: Imposter\n|-ability|p2a: Ditto|Intrepid Sword|boost\n|-boost|p2a: Ditto|atk|1\n|turn|7\n|\n|t:|1701089726\n|move|p2a: Ditto|Behemoth Blade|p1a: On Dog\n|-damage|p1a: On Dog|0 fnt\n|faint|p1a: On Dog\n|\n|upkeep\n|\n|t:|1701089731\n|switch|p1a: Big Black Guy|Groudon, shiny|100\/100\n|detailschange|p1a: Big Black Guy|Groudon-Primal, shiny\n|-primal|p1a: Big Black Guy|Red Orb\n|-weather|DesolateLand|[from] ability: Desolate Land|[of] p1a: Big Black Guy\n|turn|8\n|\n|t:|1701089737\n|switch|p2a: Kyurem|Kyurem-Black|100\/100\n|-ability|p2a: Kyurem|Teravolt\n|move|p1a: Big Black Guy|Precipice Blades|p2a: Kyurem\n|-damage|p2a: Kyurem|24\/100\n|\n|-weather|DesolateLand|[upkeep]\n|upkeep\n|turn|9\n|\n|t:|1701089743\n|move|p2a: Kyurem|Icicle Spear|p1a: Big Black Guy\n|-damage|p1a: Big Black Guy|88\/100\n|-damage|p1a: Big Black Guy|76\/100\n|-damage|p1a: Big Black Guy|64\/100\n|-hitcount|p1a: Big Black Guy|3\n|-damage|p2a: Kyurem|14\/100|[from] item: Life Orb\n|move|p1a: Big Black Guy|Heat Crash|p2a: Kyurem\n|-damage|p2a: Kyurem|0 fnt\n|faint|p2a: Kyurem\n|\n|-weather|DesolateLand|[upkeep]\n|upkeep\n|\n|t:|1701089750\n|switch|p2a: Ditto|Ditto|100\/100\n|-transform|p2a: Ditto|p1a: Big Black Guy|[from] ability: Imposter\n|turn|10\n|\n|t:|1701089755\n|move|p2a: Ditto|Precipice Blades|p1a: Big Black Guy|[miss]\n|-miss|p2a: Ditto|p1a: Big Black Guy\n|move|p1a: Big Black Guy|Precipice Blades|p2a: Ditto\n|-supereffective|p2a: Ditto\n|-damage|p2a: Ditto|0 fnt\n|faint|p2a: Ditto\n|\n|-weather|DesolateLand|[upkeep]\n|upkeep\n|\n|t:|1701089767\n|switch|p2a: Kingambit|Kingambit, M|100\/100\n|-activate|p2a: Kingambit|ability: Supreme Overlord\n|-start|p2a: Kingambit|fallen4|[silent]\n|turn|11\n|\n|t:|1701089771\n|-terastallize|p2a: Kingambit|Dark\n|move|p2a: Kingambit|Sucker Punch|p1a: Big Black Guy\n|-damage|p1a: Big Black Guy|13\/100\n|move|p1a: Big Black Guy|Precipice Blades|p2a: Kingambit\n|-damage|p2a: Kingambit|38\/100\n|\n|-weather|DesolateLand|[upkeep]\n|upkeep\n|turn|12\n|\n|t:|1701089778\n|move|p2a: Kingambit|Sucker Punch|p1a: Big Black Guy\n|-damage|p1a: Big Black Guy|0 fnt\n|faint|p1a: Big Black Guy\n|-weather|none\n|\n|upkeep\n|\n|t:|1701089786\n|switch|p1a: Ham Sandwich|Xerneas, shiny|100\/100\n|-ability|p1a: Ham Sandwich|Fairy Aura\n|turn|13\n|\n|t:|1701089794\n|move|p1a: Ham Sandwich|Geomancy||[still]\n|-prepare|p1a: Ham Sandwich|Geomancy\n|-enditem|p1a: Ham Sandwich|Power Herb\n|-anim|p1a: Ham Sandwich|Geomancy|p1a: Ham Sandwich\n|-boost|p1a: Ham Sandwich|spa|2\n|-boost|p1a: Ham Sandwich|spd|2\n|-boost|p1a: Ham Sandwich|spe|2\n|move|p2a: Kingambit|Iron Head|p1a: Ham Sandwich\n|-supereffective|p1a: Ham Sandwich\n|-damage|p1a: Ham Sandwich|4\/100\n|\n|upkeep\n|turn|14\n|\n|t:|1701089805\n|move|p2a: Kingambit|Sucker Punch|p1a: Ham Sandwich\n|-resisted|p1a: Ham Sandwich\n|-damage|p1a: Ham Sandwich|0 fnt\n|faint|p1a: Ham Sandwich\n|\n|upkeep\n|\n|t:|1701089808\n|switch|p1a: On God|Arceus-Dragon|100\/100\n|turn|15\n|\n|t:|1701089813\n|-terastallize|p1a: On God|Dragon\n|move|p1a: On God|Judgment|p2a: Kingambit\n|-damage|p2a: Kingambit|0 fnt\n|faint|p2a: Kingambit\n|-end|p2a: Kingambit|fallen4|[silent]\n|\n|upkeep\n|\n|t:|1701089817\n|switch|p2a: Garganacl|Garganacl, F|100\/100\n|turn|16\n|\n|t:|1701089823\n|move|p1a: On God|Judgment|p2a: Garganacl\n|-damage|p2a: Garganacl|23\/100\n|move|p2a: Garganacl|Salt Cure|p1a: On God\n|-damage|p1a: On God|90\/100\n|-start|p1a: On God|Salt Cure\n|\n|-heal|p2a: Garganacl|29\/100|[from] item: Leftovers\n|-damage|p1a: On God|78\/100|[from] Salt Cure\n|upkeep\n|turn|17\n|\n|t:|1701089829\n|move|p1a: On God|Judgment|p2a: Garganacl\n|-damage|p2a: Garganacl|0 fnt\n|faint|p2a: Garganacl\n|\n|win|IntermediateGamer\n|raw|IntermediateGamer's rating: 1570 &rarr; <strong>1593<\/strong><br \/>(+23 for winning)\n|raw|Szymszym134's rating: 1624 &rarr; <strong>1601<\/strong><br \/>(-23 for losing)\n|l|\u2606Szymszym134\n","uploadtime":1701089883,"views":1,"p1id":"intermediategamer","p2id":"szymszym134","formatid":"gen9nationaldexubers","rating":1593,"private":0,"password":""}