{"id":"gen9nationaldexubers-1989284538","p1":"straightoutta14BC","p2":"hoarahlouxwarriorr","format":"[Gen 9] National Dex Ubers","log":"|j|\u2606straightoutta14BC\n|j|\u2606hoarahlouxwarriorr\n|inactive|Battle timer is ON: inactive players will automatically lose when time's up.\n|t:|1699831811\n|gametype|singles\n|player|p1|straightoutta14BC|101|\n|player|p2|hoarahlouxwarriorr|brycen|\n|teamsize|p1|6\n|teamsize|p2|6\n|gen|9\n|tier|[Gen 9] National Dex Ubers\n|rated|Tournament battle\n|rule|HP Percentage Mod: HP is shown in percentages\n|rule|Endless Battle Clause: Forcing endless battles is banned\n|rule|OHKO Clause: OHKO moves are banned\n|rule|Evasion Moves Clause: Evasion moves are banned\n|rule|Evasion Items Clause: Evasion items are banned\n|rule|Species Clause: Limit one of each Pok\u00e9mon\n|rule|Sleep Clause Mod: Limit one foe put to sleep\n|rule|Mega Rayquaza Clause: You cannot mega evolve Rayquaza\n|rule|Dynamax Clause: You cannot dynamax\n|rule|Terastal Clause: You cannot Terastallize\n|rule|Same Type Clause: Pok\u00e9mon in a team must share a type\n|clearpoke\n|poke|p1|Klefki, F|\n|poke|p1|Mawile, F|\n|poke|p1|Dialga|\n|poke|p1|Necrozma-Dusk-Mane|\n|poke|p1|Kartana|\n|poke|p1|Excadrill, M|\n|poke|p2|Kyogre|\n|poke|p2|Palafin, F|\n|poke|p2|Iron Bundle|\n|poke|p2|Blastoise, F|\n|poke|p2|Gastrodon-East, F|\n|poke|p2|Toxapex, M|\n|teampreview\n|inactive|straightoutta14BC has 120 seconds left.\n|inactive|straightoutta14BC has 90 seconds left.\n|\n|t:|1699831890\n|start\n|switch|p1a: Deep Impact|Excadrill, M|100\/100\n|switch|p2a: Brute|Blastoise, F|100\/100\n|-ability|p1a: Deep Impact|Mold Breaker\n|turn|1\n|\n|t:|1699831909\n|detailschange|p2a: Brute|Blastoise-Mega, F\n|-mega|p2a: Brute|Blastoise|Blastoisinite\n|move|p1a: Deep Impact|Earthquake|p2a: Brute\n|-damage|p2a: Brute|47\/100\n|move|p2a: Brute|Aura Sphere|p1a: Deep Impact\n|-supereffective|p1a: Deep Impact\n|-enditem|p1a: Deep Impact|Focus Sash\n|-damage|p1a: Deep Impact|1\/100\n|\n|upkeep\n|turn|2\n|inactive|straightoutta14BC has 120 seconds left.\n|\n|t:|1699831956\n|switch|p2a: 7\/10 Sharpshooter|Iron Bundle|100\/100\n|move|p1a: Deep Impact|Earthquake|p2a: 7\/10 Sharpshooter\n|-damage|p2a: 7\/10 Sharpshooter|40\/100\n|\n|upkeep\n|turn|3\n|\n|t:|1699831963\n|move|p2a: 7\/10 Sharpshooter|Freeze-Dry|p1a: Deep Impact\n|-damage|p1a: Deep Impact|0 fnt\n|faint|p1a: Deep Impact\n|\n|upkeep\n|inactive|straightoutta14BC has 90 seconds left.\n|\n|t:|1699831991\n|switch|p1a: Mir|Klefki, F|100\/100\n|turn|4\n|inactive|straightoutta14BC has 90 seconds left.\n|inactive|hoarahlouxwarriorr has 120 seconds left.\n|\n|t:|1699832020\n|move|p1a: Mir|Light Screen|p1a: Mir\n|-sidestart|p1: straightoutta14BC|move: Light Screen\n|move|p2a: 7\/10 Sharpshooter|Encore|p1a: Mir\n|-start|p1a: Mir|Encore\n|\n|upkeep\n|turn|5\n|inactive|straightoutta14BC has 90 seconds left.\n|\n|t:|1699832048\n|-end|p2a: 7\/10 Sharpshooter|Quark Drive|[silent]\n|switch|p2a: Brute|Blastoise-Mega, F|47\/100\n|switch|p1a: Pioneer|Dialga|100\/100\n|-ability|p1a: Pioneer|Pressure\n|\n|upkeep\n|turn|6\n|inactive|hoarahlouxwarriorr has 120 seconds left.\n|\n|t:|1699832076\n|move|p2a: Brute|Shell Smash|p2a: Brute\n|-unboost|p2a: Brute|def|1\n|-unboost|p2a: Brute|spd|1\n|-boost|p2a: Brute|atk|2\n|-boost|p2a: Brute|spa|2\n|-boost|p2a: Brute|spe|2\n|move|p1a: Pioneer|Draco Meteor|p2a: Brute\n|-damage|p2a: Brute|0 fnt\n|-unboost|p1a: Pioneer|spa|2\n|faint|p2a: Brute\n|\n|upkeep\n|\n|t:|1699832081\n|switch|p2a: Hardie Boy|Palafin, F|100\/100\n|turn|7\n|inactive|straightoutta14BC has 90 seconds left.\n|\n|t:|1699832100\n|detailschange|p2a: Hardie Boy|Palafin-Hero, F\n|switch|p2a: 7\/10 Sharpshooter|Iron Bundle|40\/100\n|switch|p1a: Valentina|Mawile, F|100\/100\n|-ability|p1a: Valentina|Intimidate|boost\n|-unboost|p2a: 7\/10 Sharpshooter|atk|1\n|\n|upkeep\n|turn|8\n|\n|t:|1699832113\n|detailschange|p1a: Valentina|Mawile-Mega, F\n|-mega|p1a: Valentina|Mawile|Mawilite\n|move|p2a: 7\/10 Sharpshooter|Hydro Pump|p1a: Valentina\n|-damage|p1a: Valentina|68\/100\n|move|p1a: Valentina|Play Rough|p2a: 7\/10 Sharpshooter\n|-damage|p2a: 7\/10 Sharpshooter|0 fnt\n|faint|p2a: 7\/10 Sharpshooter\n|-end|p2a: 7\/10 Sharpshooter|Quark Drive|[silent]\n|\n|-sideend|p1: straightoutta14BC|move: Light Screen\n|upkeep\n|inactive|hoarahlouxwarriorr has 120 seconds left.\n|\n|t:|1699832130\n|switch|p2a: Sunrise Parabellum|Kyogre|100\/100\n|-weather|RainDance|[from] ability: Drizzle|[of] p2a: Sunrise Parabellum\n|turn|9\n|\n|t:|1699832139\n|switch|p1a: Mir|Klefki, F|100\/100\n|move|p2a: Sunrise Parabellum|Water Spout|p1a: Mir\n|-enditem|p1a: Mir|Focus Sash\n|-damage|p1a: Mir|1\/100\n|\n|-weather|RainDance|[upkeep]\n|upkeep\n|turn|10\n|\n|t:|1699832145\n|move|p1a: Mir|Light Screen|p1a: Mir\n|-sidestart|p1: straightoutta14BC|move: Light Screen\n|move|p2a: Sunrise Parabellum|Water Spout|p1a: Mir\n|-damage|p1a: Mir|0 fnt\n|faint|p1a: Mir\n|\n|-weather|RainDance|[upkeep]\n|upkeep\n|\n|t:|1699832152\n|switch|p1a: Ares|Kartana|100\/100\n|turn|11\n|j| galaxystudios370\n|\n|t:|1699832157\n|switch|p2a: Poet|Toxapex, M|100\/100\n|move|p1a: Ares|Swords Dance|p1a: Ares\n|-boost|p1a: Ares|atk|2\n|\n|-weather|RainDance|[upkeep]\n|upkeep\n|turn|12\n|inactive|straightoutta14BC has 120 seconds left.\n|\n|t:|1699832163\n|-zpower|p1a: Ares\n|move|p1a: Ares|Bloom Doom|p2a: Poet|[zeffect]\n|-damage|p2a: Poet|0 fnt\n|faint|p2a: Poet\n|-ability|p1a: Ares|Beast Boost|boost\n|-boost|p1a: Ares|spe|1\n|\n|-weather|RainDance|[upkeep]\n|upkeep\n|c| galaxystudios370|Ares FTW\n|c|\u2606hoarahlouxwarriorr|wallahi, I'm finished\n|c| galaxystudios370|so glad you're back to using Kartana\n|-message|hoarahlouxwarriorr forfeited.\n|\n|win|straightoutta14BC\n|n|\u2606straightoutta14BC|straightoutta14bc\n|n|\u2606hoarahlouxwarriorr|hoarahlouxwarriorr\n|n| galaxystudios370|galaxystudios370\n","uploadtime":1699832187,"views":4,"p1id":"straightoutta14bc","p2id":"hoarahlouxwarriorr","formatid":"gen9nationaldexubers","rating":0,"private":0,"password":""}