{"id":"gen9nationaldexubers-1978721313","p1":"DrArkane15","p2":"Juuz0o0","format":"[Gen 9] National Dex Ubers","log":"|j|\u2606DrArkane15\n|j|\u2606Juuz0o0\n|t:|1698586842\n|gametype|singles\n|player|p1|DrArkane15|cyrus|\n|player|p2|Juuz0o0|elesa|\n|teamsize|p1|2\n|teamsize|p2|6\n|gen|9\n|tier|[Gen 9] National Dex Ubers\n|rule|HP Percentage Mod: HP is shown in percentages\n|rule|Endless Battle Clause: Forcing endless battles is banned\n|rule|OHKO Clause: OHKO moves are banned\n|rule|Evasion Moves Clause: Evasion moves are banned\n|rule|Evasion Items Clause: Evasion items are banned\n|rule|Species Clause: Limit one of each Pok\u00e9mon\n|rule|Sleep Clause Mod: Limit one foe put to sleep\n|rule|Mega Rayquaza Clause: You cannot mega evolve Rayquaza\n|clearpoke\n|poke|p1|Riolu, L15, F|\n|poke|p1|Kubfu, L13, F|\n|poke|p2|Turtwig, L14, M|\n|poke|p2|Gible, L14, M|\n|poke|p2|Magikarp, L6, M|\n|poke|p2|Patrat, L8, F|\n|poke|p2|Lechonk, L7, F|\n|poke|p2|Fletchling, L4, M|\n|teampreview\n|\n|t:|1698586876\n|start\n|switch|p1a: Kubfu|Kubfu, L13, F|100\/100\n|switch|p2a: Lechonk|Lechonk, L7, F|100\/100\n|turn|1\n|inactive|Battle timer is ON: inactive players will automatically lose when time's up. (requested by Juuz0o0)\n|\n|t:|1698586885\n|move|p1a: Kubfu|Rock Smash|p2a: Lechonk\n|-supereffective|p2a: Lechonk\n|-damage|p2a: Lechonk|0 fnt\n|faint|p2a: Lechonk\n|\n|upkeep\n|\n|t:|1698586893\n|switch|p2a: Fletchling|Fletchling, L4, M|100\/100\n|turn|2\n|\n|t:|1698586897\n|move|p1a: Kubfu|Rock Smash|p2a: Fletchling\n|-damage|p2a: Fletchling|0 fnt\n|faint|p2a: Fletchling\n|\n|upkeep\n|\n|t:|1698586902\n|switch|p2a: Turtwig|Turtwig, L14, M|100\/100\n|turn|3\n|\n|t:|1698586910\n|move|p1a: Kubfu|Leer|p2a: Turtwig\n|-unboost|p2a: Turtwig|def|1\n|move|p2a: Turtwig|Toxic|p1a: Kubfu\n|-status|p1a: Kubfu|tox\n|\n|-damage|p1a: Kubfu|96\/100 tox|[from] psn\n|upkeep\n|turn|4\n|\n|t:|1698586918\n|move|p1a: Kubfu|Aerial Ace|p2a: Turtwig\n|-supereffective|p2a: Turtwig\n|-damage|p2a: Turtwig|35\/100\n|move|p2a: Turtwig|Leech Seed|p1a: Kubfu\n|-start|p1a: Kubfu|move: Leech Seed\n|\n|-damage|p1a: Kubfu|84\/100 tox|[from] Leech Seed|[of] p2a: Turtwig\n|-heal|p2a: Turtwig|47\/100|[silent]\n|-damage|p1a: Kubfu|74\/100 tox|[from] psn\n|upkeep\n|turn|5\n|\n|t:|1698586926\n|move|p1a: Kubfu|Aerial Ace|p2a: Turtwig\n|-supereffective|p2a: Turtwig\n|-damage|p2a: Turtwig|0 fnt\n|faint|p2a: Turtwig\n|\n|-damage|p1a: Kubfu|60\/100 tox|[from] psn\n|upkeep\n|\n|t:|1698586932\n|switch|p2a: Gible|Gible, L14, M|100\/100\n|turn|6\n|\n|t:|1698586941\n|move|p1a: Kubfu|Leer|p2a: Gible\n|-unboost|p2a: Gible|def|1\n|move|p2a: Gible|Dragon Breath|p1a: Kubfu\n|-damage|p1a: Kubfu|31\/100 tox\n|\n|-damage|p1a: Kubfu|20\/100 tox|[from] Leech Seed|[of] p2a: Gible\n|-damage|p1a: Kubfu|0 fnt|[from] psn\n|faint|p1a: Kubfu\n|upkeep\n|\n|t:|1698586948\n|switch|p1a: Riolu|Riolu, L15, F|100\/100\n|turn|7\n|\n|t:|1698586956\n|move|p2a: Gible|Dragon Breath|p1a: Riolu\n|-damage|p1a: Riolu|71\/100\n|move|p1a: Riolu|Counter||[still]\n|-fail|p1a: Riolu\n|\n|upkeep\n|turn|8\n|\n|t:|1698586961\n|move|p1a: Riolu|Metal Claw|p2a: Gible\n|-damage|p2a: Gible|50\/100\n|move|p2a: Gible|Dragon Breath|p1a: Riolu\n|-damage|p1a: Riolu|40\/100\n|\n|upkeep\n|turn|9\n|\n|t:|1698586967\n|move|p1a: Riolu|Metal Claw|p2a: Gible\n|-damage|p2a: Gible|3\/100\n|move|p2a: Gible|Dragon Breath|p1a: Riolu\n|-damage|p1a: Riolu|8\/100\n|\n|upkeep\n|turn|10\n|\n|t:|1698586978\n|move|p1a: Riolu|Quick Attack|p2a: Gible\n|-damage|p2a: Gible|0 fnt\n|faint|p2a: Gible\n|\n|upkeep\n|\n|t:|1698586982\n|switch|p2a: Patrat|Patrat, L8, F|100\/100\n|turn|11\n|\n|t:|1698586986\n|move|p2a: Patrat|Protect|p2a: Patrat\n|-singleturn|p2a: Patrat|Protect\n|move|p1a: Riolu|Metal Claw|p2a: Patrat\n|-activate|p2a: Patrat|move: Protect\n|\n|upkeep\n|turn|12\n|\n|t:|1698586993\n|move|p1a: Riolu|Metal Claw|p2a: Patrat\n|-damage|p2a: Patrat|23\/100\n|-boost|p1a: Riolu|atk|1\n|move|p2a: Patrat|Revenge|p1a: Riolu\n|-damage|p1a: Riolu|0 fnt\n|faint|p1a: Riolu\n|\n|win|Juuz0o0\n","uploadtime":1698587003,"views":27,"p1id":"drarkane15","p2id":"juuz0o0","formatid":"gen9nationaldexubers","rating":0,"private":0,"password":""}