{"id":"gen9nationaldexubers-1999925031","p1":"Rorelax","p2":"Kurupt714","format":"[Gen 9] National Dex Ubers","log":"|j|\u2606Rorelax\n|j|\u2606Kurupt714\n|t:|1701130740\n|gametype|singles\n|player|p1|Rorelax|170|\n|player|p2|Kurupt714|roughneck|\n|teamsize|p1|6\n|teamsize|p2|6\n|gen|9\n|tier|[Gen 9] National Dex Ubers\n|rule|HP Percentage Mod: HP is shown in percentages\n|rule|Endless Battle Clause: Forcing endless battles is banned\n|rule|OHKO Clause: OHKO moves are banned\n|rule|Evasion Moves Clause: Evasion moves are banned\n|rule|Evasion Items Clause: Evasion items are banned\n|rule|Species Clause: Limit one of each Pok\u00e9mon\n|rule|Sleep Clause Mod: Limit one foe put to sleep\n|rule|Mega Rayquaza Clause: You cannot mega evolve Rayquaza\n|clearpoke\n|poke|p1|Tapu Koko|\n|poke|p1|Iron Valiant|\n|poke|p1|Iron Moth|\n|poke|p1|Drapion, M|\n|poke|p1|Cloyster, M|\n|poke|p1|Ditto|\n|poke|p2|Rhydon, M|\n|poke|p2|Blissey, F|\n|poke|p2|Iron Bundle|\n|poke|p2|Hatterene, F|\n|poke|p2|Escavalier, F|\n|poke|p2|Thundurus, M|\n|teampreview\n|\n|t:|1701130822\n|start\n|switch|p1a: Drapion|Drapion, M|100\/100\n|switch|p2a: Picahielo|Iron Bundle, shiny|100\/100\n|turn|1\n|\n|t:|1701130841\n|move|p2a: Picahielo|Flip Turn|p1a: Drapion\n|-damage|p1a: Drapion|89\/100\n|\n|t:|1701130864\n|-end|p2a: Picahielo|Quark Drive|[silent]\n|switch|p2a: Gleyber|Rhydon, M, shiny|100\/100|[from] Flip Turn\n|move|p1a: Drapion|Toxic Spikes|p2a: Gleyber\n|-sidestart|p2: Kurupt714|move: Toxic Spikes\n|\n|-heal|p1a: Drapion|95\/100|[from] item: Leftovers\n|upkeep\n|turn|2\n|\n|t:|1701130905\n|move|p1a: Drapion|Knock Off|p2a: Gleyber\n|-damage|p2a: Gleyber|86\/100\n|-enditem|p2a: Gleyber|Eviolite|[from] move: Knock Off|[of] p1a: Drapion\n|move|p2a: Gleyber|Rock Blast|p1a: Drapion\n|-damage|p1a: Drapion|84\/100\n|-damage|p1a: Drapion|73\/100\n|-damage|p1a: Drapion|62\/100\n|-damage|p1a: Drapion|52\/100\n|-damage|p1a: Drapion|41\/100\n|-hitcount|p1a: Drapion|5\n|\n|-heal|p1a: Drapion|47\/100|[from] item: Leftovers\n|upkeep\n|turn|3\n|\n|t:|1701130929\n|move|p1a: Drapion|Toxic Spikes|p2a: Gleyber\n|-sidestart|p2: Kurupt714|move: Toxic Spikes\n|move|p2a: Gleyber|Earthquake|p1a: Drapion\n|-supereffective|p1a: Drapion\n|-damage|p1a: Drapion|0 fnt\n|faint|p1a: Drapion\n|\n|upkeep\n|\n|t:|1701130965\n|switch|p1a: Cloyster|Cloyster, M|100\/100\n|turn|4\n|\n|t:|1701131020\n|-terastallize|p2a: Gleyber|Poison\n|move|p1a: Cloyster|Icicle Spear|p2a: Gleyber\n|-damage|p2a: Gleyber|80\/100\n|-damage|p2a: Gleyber|75\/100\n|-damage|p2a: Gleyber|70\/100\n|-damage|p2a: Gleyber|63\/100\n|-damage|p2a: Gleyber|57\/100\n|-hitcount|p2a: Gleyber|5\n|move|p2a: Gleyber|Rock Blast|p1a: Cloyster\n|-supereffective|p1a: Cloyster\n|-crit|p1a: Cloyster\n|-damage|p1a: Cloyster|75\/100\n|-supereffective|p1a: Cloyster\n|-damage|p1a: Cloyster|58\/100\n|-supereffective|p1a: Cloyster\n|-damage|p1a: Cloyster|43\/100\n|-supereffective|p1a: Cloyster\n|-damage|p1a: Cloyster|25\/100\n|-supereffective|p1a: Cloyster\n|-damage|p1a: Cloyster|7\/100\n|-hitcount|p1a: Cloyster|5\n|\n|upkeep\n|turn|5\n|\n|t:|1701131052\n|move|p1a: Cloyster|Icicle Spear|p2a: Gleyber\n|-damage|p2a: Gleyber|52\/100\n|-crit|p2a: Gleyber\n|-damage|p2a: Gleyber|42\/100\n|-damage|p2a: Gleyber|37\/100\n|-damage|p2a: Gleyber|30\/100\n|-damage|p2a: Gleyber|24\/100\n|-hitcount|p2a: Gleyber|5\n|move|p2a: Gleyber|Earthquake|p1a: Cloyster\n|-damage|p1a: Cloyster|0 fnt\n|faint|p1a: Cloyster\n|\n|upkeep\n|\n|t:|1701131067\n|switch|p1a: Tapu Koko|Tapu Koko|100\/100\n|-fieldstart|move: Electric Terrain|[from] ability: Electric Surge|[of] p1a: Tapu Koko\n|turn|6\n|\n|t:|1701131086\n|switch|p2a: $LINK|Escavalier, F, shiny|100\/100\n|move|p1a: Tapu Koko|U-turn|p2a: $LINK\n|-resisted|p2a: $LINK\n|-damage|p2a: $LINK|95\/100\n|\n|t:|1701131103\n|switch|p1a: Iron Moth|Iron Moth|100\/100|[from] U-turn\n|-activate|p1a: Iron Moth|ability: Quark Drive\n|-start|p1a: Iron Moth|quarkdrivespa\n|\n|upkeep\n|turn|7\n|\n|t:|1701131160\n|switch|p2a: $MDT|Blissey, F, shiny|100\/100\n|-status|p2a: $MDT|tox\n|move|p1a: Iron Moth|Overheat|p2a: $MDT\n|-damage|p2a: $MDT|66\/100 tox\n|-unboost|p1a: Iron Moth|spa|2\n|\n|-heal|p2a: $MDT|72\/100 tox|[from] item: Leftovers\n|-damage|p2a: $MDT|66\/100 tox|[from] psn\n|upkeep\n|turn|8\n|\n|t:|1701131181\n|-end|p1a: Iron Moth|Quark Drive|[silent]\n|switch|p1a: Win Con|Ditto|100\/100\n|-transform|p1a: Win Con|p2a: $MDT|[from] ability: Imposter\n|move|p2a: $MDT|Healing Wish|p2a: $MDT\n|faint|p2a: $MDT\n|\n|upkeep\n|\n|t:|1701131189\n|switch|p2a: Gleyber|Rhydon, M, shiny, tera:Poison|24\/100\n|-heal|p2a: Gleyber|100\/100|[from] move: Healing Wish\n|-sideend|p2: Kurupt714|move: Toxic Spikes|[of] p2a: Gleyber\n|turn|9\n|\n|t:|1701131210\n|switch|p1a: Iron Valiant|Iron Valiant|100\/100\n|-activate|p1a: Iron Valiant|ability: Quark Drive\n|-start|p1a: Iron Valiant|quarkdrivespe\n|move|p2a: Gleyber|Earthquake|p1a: Iron Valiant\n|-damage|p1a: Iron Valiant|36\/100\n|\n|upkeep\n|turn|10\n|\n|t:|1701131220\n|move|p1a: Iron Valiant|Psyshock|p2a: Gleyber\n|-supereffective|p2a: Gleyber\n|-damage|p2a: Gleyber|60\/100\n|-damage|p1a: Iron Valiant|26\/100|[from] item: Life Orb\n|move|p2a: Gleyber|Earthquake|p1a: Iron Valiant\n|-damage|p1a: Iron Valiant|0 fnt\n|faint|p1a: Iron Valiant\n|-end|p1a: Iron Valiant|Quark Drive|[silent]\n|\n|-fieldend|move: Electric Terrain\n|upkeep\n|\n|t:|1701131236\n|switch|p1a: Iron Moth|Iron Moth|100\/100\n|turn|11\n|c|\u2606Rorelax|my boi\n|c|\u2606Rorelax|bulky af\n|c|\u2606Rorelax|ghagga\n|c|\u2606Rorelax|gg bro\n|\n|t:|1701131252\n|move|p1a: Iron Moth|Psychic|p2a: Gleyber\n|-supereffective|p2a: Gleyber\n|-damage|p2a: Gleyber|0 fnt\n|faint|p2a: Gleyber\n|\n|upkeep\n|\n|t:|1701131272\n|switch|p2a: ZaptheGreat1|Thundurus, M|100\/100\n|turn|12\n|\n|t:|1701131284\n|move|p2a: ZaptheGreat1|Psychic|p1a: Iron Moth\n|-supereffective|p1a: Iron Moth\n|-damage|p1a: Iron Moth|40\/100\n|move|p1a: Iron Moth|Psychic|p2a: ZaptheGreat1\n|-damage|p2a: ZaptheGreat1|55\/100\n|\n|upkeep\n|turn|13\n|\n|t:|1701131296\n|switch|p2a: $LINK|Escavalier, F, shiny|95\/100\n|-end|p1a: Iron Moth|Quark Drive|[silent]\n|switch|p1a: Tapu Koko|Tapu Koko|100\/100\n|-fieldstart|move: Electric Terrain|[from] ability: Electric Surge|[of] p1a: Tapu Koko\n|\n|upkeep\n|turn|14\n|\n|t:|1701131315\n|move|p1a: Tapu Koko|Volt Switch|p2a: $LINK\n|-damage|p2a: $LINK|63\/100\n|\n|t:|1701131322\n|switch|p1a: Win Con|Ditto|100\/100|[from] Volt Switch\n|-transform|p1a: Win Con|p2a: $LINK|[from] ability: Imposter\n|move|p2a: $LINK|Knock Off|p1a: Win Con\n|-damage|p1a: Win Con|76\/100\n|-enditem|p1a: Win Con|Booster Energy|[from] move: Knock Off|[of] p2a: $LINK\n|\n|upkeep\n|turn|15\n|\n|t:|1701131377\n|move|p2a: $LINK|Iron Head|p1a: Win Con\n|-resisted|p1a: Win Con\n|-damage|p1a: Win Con|62\/100\n|move|p1a: Win Con|Knock Off|p2a: $LINK\n|-damage|p2a: $LINK|44\/100\n|-enditem|p2a: $LINK|Covert Cloak|[from] move: Knock Off|[of] p1a: Win Con\n|\n|upkeep\n|turn|16\n|\n|t:|1701131398\n|move|p2a: $LINK|Iron Head|p1a: Win Con\n|-resisted|p1a: Win Con\n|-damage|p1a: Win Con|47\/100\n|cant|p1a: Win Con|flinch\n|\n|upkeep\n|turn|17\n|\n|t:|1701131406\n|move|p2a: $LINK|Iron Head|p1a: Win Con\n|-resisted|p1a: Win Con\n|-damage|p1a: Win Con|32\/100\n|cant|p1a: Win Con|flinch\n|\n|-fieldend|move: Electric Terrain\n|upkeep\n|turn|18\n|\n|t:|1701131415\n|move|p2a: $LINK|Counter||[still]\n|-fail|p2a: $LINK\n|move|p1a: Win Con|Counter||[still]\n|-fail|p1a: Win Con\n|\n|upkeep\n|turn|19\n|c|\u2606Kurupt714|lol\n|\n|t:|1701131433\n|switch|p1a: Tapu Koko|Tapu Koko|100\/100\n|-fieldstart|move: Electric Terrain|[from] ability: Electric Surge|[of] p1a: Tapu Koko\n|move|p2a: $LINK|Iron Head|p1a: Tapu Koko\n|-damage|p1a: Tapu Koko|57\/100\n|\n|upkeep\n|turn|20\n|\n|t:|1701131469\n|move|p1a: Tapu Koko|Roost|p1a: Tapu Koko\n|-heal|p1a: Tapu Koko|100\/100\n|-singleturn|p1a: Tapu Koko|move: Roost\n|move|p2a: $LINK|Iron Head|p1a: Tapu Koko\n|-crit|p1a: Tapu Koko\n|-damage|p1a: Tapu Koko|42\/100\n|\n|upkeep\n|turn|21\n|\n|t:|1701131475\n|move|p1a: Tapu Koko|Roost|p1a: Tapu Koko\n|-heal|p1a: Tapu Koko|92\/100\n|-singleturn|p1a: Tapu Koko|move: Roost\n|move|p2a: $LINK|Toxic|p1a: Tapu Koko\n|-status|p1a: Tapu Koko|tox\n|\n|-damage|p1a: Tapu Koko|86\/100 tox|[from] psn\n|upkeep\n|turn|22\n|\n|t:|1701131487\n|move|p1a: Tapu Koko|Volt Switch|p2a: $LINK\n|-damage|p2a: $LINK|10\/100\n|\n|t:|1701131490\n|switch|p1a: Iron Moth|Iron Moth|40\/100|[from] Volt Switch\n|-activate|p1a: Iron Moth|ability: Quark Drive\n|-start|p1a: Iron Moth|quarkdrivespa\n|move|p2a: $LINK|Iron Head|p1a: Iron Moth\n|-resisted|p1a: Iron Moth\n|-damage|p1a: Iron Moth|10\/100\n|\n|upkeep\n|turn|23\n|\n|t:|1701131545\n|move|p1a: Iron Moth|Overheat|p2a: $LINK\n|-supereffective|p2a: $LINK\n|-damage|p2a: $LINK|0 fnt\n|-unboost|p1a: Iron Moth|spa|2\n|faint|p2a: $LINK\n|\n|-fieldend|move: Electric Terrain\n|-end|p1a: Iron Moth|Quark Drive\n|upkeep\n|\n|t:|1701131601\n|switch|p2a: Picahielo|Iron Bundle, shiny|100\/100\n|turn|24\n|\n|t:|1701131651\n|-end|p1a: Iron Moth|Quark Drive|[silent]\n|switch|p1a: Tapu Koko|Tapu Koko|86\/100 tox\n|-fieldstart|move: Electric Terrain|[from] ability: Electric Surge|[of] p1a: Tapu Koko\n|-activate|p2a: Picahielo|ability: Quark Drive\n|-start|p2a: Picahielo|quarkdrivespe\n|move|p2a: Picahielo|Freeze-Dry|p1a: Tapu Koko\n|-damage|p1a: Tapu Koko|43\/100 tox\n|\n|-damage|p1a: Tapu Koko|37\/100 tox|[from] psn\n|upkeep\n|turn|25\n|\n|t:|1701131661\n|move|p2a: Picahielo|Freeze-Dry|p1a: Tapu Koko\n|-damage|p1a: Tapu Koko|0 fnt\n|faint|p1a: Tapu Koko\n|\n|upkeep\n|\n|t:|1701131665\n|switch|p1a: Win Con|Ditto|32\/100\n|-transform|p1a: Win Con|p2a: Picahielo|[from] ability: Imposter\n|turn|26\n|\n|t:|1701131675\n|move|p2a: Picahielo|Freeze-Dry|p1a: Win Con\n|-damage|p1a: Win Con|0 fnt\n|faint|p1a: Win Con\n|-end|p1a: Win Con|Quark Drive|[silent]\n|\n|upkeep\n|c|\u2606Rorelax|???\n|\n|t:|1701131684\n|switch|p1a: Iron Moth|Iron Moth|10\/100\n|-activate|p1a: Iron Moth|ability: Quark Drive\n|-start|p1a: Iron Moth|quarkdrivespa\n|turn|27\n|\n|t:|1701131689\n|move|p2a: Picahielo|Freeze-Dry|p1a: Iron Moth\n|-resisted|p1a: Iron Moth\n|-damage|p1a: Iron Moth|0 fnt\n|faint|p1a: Iron Moth\n|-end|p1a: Iron Moth|Quark Drive|[silent]\n|\n|win|Kurupt714\n|c|\u2606Kurupt714|scary\n|c|\u2606Rorelax|ditto didn't get boost lol\n|c|\u2606Kurupt714|u almost turned this back\n|c|\u2606Rorelax|no\n|c|\u2606Kurupt714|ngl\n|c|\u2606Kurupt714|ill tell u why in a moment\n|c|\u2606Rorelax|ditto didn't get boostl ol\n|c|\u2606Rorelax|if i knew that\n|c|\u2606Rorelax|i wouldn't take it\n|c|\u2606Rorelax|and i'd havee another actual pokemon lol\n|l|\u2606Rorelax\n","uploadtime":1701132049,"views":58,"p1id":"rorelax","p2id":"kurupt714","formatid":"gen9nationaldexubers","rating":0,"private":0,"password":""}