{"id":"gen9nationaldexubers-1982174572","p1":"TheShinyBisharp360","p2":"AceTheInadequate","format":"[Gen 9] National Dex Ubers","log":"|j|\u2606TheShinyBisharp360\n|j|\u2606AceTheInadequate\n|t:|1698975628\n|gametype|singles\n|player|p1|TheShinyBisharp360|dawn|\n|player|p2|AceTheInadequate|guitarist|\n|teamsize|p1|6\n|teamsize|p2|6\n|gen|9\n|tier|[Gen 9] National Dex Ubers\n|rule|HP Percentage Mod: HP is shown in percentages\n|rule|Endless Battle Clause: Forcing endless battles is banned\n|rule|OHKO Clause: OHKO moves are banned\n|rule|Evasion Moves Clause: Evasion moves are banned\n|rule|Evasion Items Clause: Evasion items are banned\n|rule|Species Clause: Limit one of each Pok\u00e9mon\n|rule|Sleep Clause Mod: Limit one foe put to sleep\n|rule|Mega Rayquaza Clause: You cannot mega evolve Rayquaza\n|clearpoke\n|poke|p1|Baxcalibur, F|\n|poke|p1|Arctozolt|\n|poke|p1|Ninetales-Alola, M|\n|poke|p1|Darmanitan-Galar, M|\n|poke|p1|Walrein, F|\n|poke|p1|Glalie, F|\n|poke|p2|Heracross, F|\n|poke|p2|Scizor, M|\n|poke|p2|Araquanid, F|\n|poke|p2|Volcarona, F|\n|poke|p2|Vikavolt, F|\n|poke|p2|Scolipede, F|\n|teampreview\n|\n|t:|1698975635\n|start\n|switch|p1a: Darmanitan|Darmanitan-Galar, M, shiny|100\/100\n|switch|p2a: Araquanid|Araquanid, F|100\/100\n|turn|1\n|\n|t:|1698975646\n|move|p2a: Araquanid|Magic Coat|p2a: Araquanid\n|-singleturn|p2a: Araquanid|move: Magic Coat\n|move|p1a: Darmanitan|U-turn|p2a: Araquanid\n|-damage|p2a: Araquanid|61\/100\n|\n|t:|1698975654\n|switch|p1a: Glalie|Glalie, F|100\/100|[from] U-turn\n|\n|-ability|p1a: Glalie|Moody|boost\n|-boost|p1a: Glalie|spe|2\n|-unboost|p1a: Glalie|spd|1\n|upkeep\n|turn|2\n|\n|t:|1698975662\n|move|p1a: Glalie|Protect|p1a: Glalie\n|-singleturn|p1a: Glalie|Protect\n|move|p2a: Araquanid|Sticky Web|p1a: Glalie\n|-sidestart|p1: TheShinyBisharp360|move: Sticky Web\n|\n|-ability|p1a: Glalie|Moody|boost\n|-boost|p1a: Glalie|spe|2\n|-unboost|p1a: Glalie|def|1\n|upkeep\n|turn|3\n|\n|t:|1698975674\n|move|p1a: Glalie|Spikes|p2a: Araquanid\n|-sidestart|p2: AceTheInadequate|Spikes\n|move|p2a: Araquanid|Toxic|p1a: Glalie\n|-status|p1a: Glalie|tox\n|\n|-damage|p1a: Glalie|95\/100 tox|[from] psn\n|-ability|p1a: Glalie|Moody|boost\n|-boost|p1a: Glalie|spa|2\n|-unboost|p1a: Glalie|atk|1\n|upkeep\n|turn|4\n|\n|t:|1698975685\n|move|p1a: Glalie|Spikes|p2a: Araquanid\n|-sidestart|p2: AceTheInadequate|Spikes\n|move|p2a: Araquanid|Liquidation|p1a: Glalie\n|-damage|p1a: Glalie|4\/100 tox\n|-unboost|p1a: Glalie|def|1\n|\n|-damage|p1a: Glalie|0 fnt|[from] psn\n|faint|p1a: Glalie\n|upkeep\n|\n|t:|1698975702\n|switch|p1a: Frost Burn|Ninetales-Alola, M, shiny|100\/100\n|-activate|p1a: Frost Burn|move: Sticky Web\n|-unboost|p1a: Frost Burn|spe|1\n|-weather|Snow|[from] ability: Snow Warning|[of] p1a: Frost Burn\n|turn|5\n|\n|t:|1698975712\n|move|p1a: Frost Burn|Hypnosis|p2a: Araquanid\n|-status|p2a: Araquanid|slp|[from] move: Hypnosis\n|cant|p2a: Araquanid|slp\n|\n|-weather|Snow|[upkeep]\n|upkeep\n|turn|6\n|\n|t:|1698975719\n|move|p1a: Frost Burn|Aurora Veil|p1a: Frost Burn\n|-sidestart|p1: TheShinyBisharp360|move: Aurora Veil\n|-curestatus|p2a: Araquanid|slp|[msg]\n|move|p2a: Araquanid|Toxic|p1a: Frost Burn\n|-status|p1a: Frost Burn|tox\n|\n|-weather|Snow|[upkeep]\n|-damage|p1a: Frost Burn|95\/100 tox|[from] psn\n|upkeep\n|turn|7\n|\n|t:|1698975729\n|move|p1a: Frost Burn|Blizzard|p2a: Araquanid\n|-resisted|p2a: Araquanid\n|-damage|p2a: Araquanid|49\/100\n|-enditem|p2a: Araquanid|Sitrus Berry|[eat]\n|-heal|p2a: Araquanid|74\/100|[from] item: Sitrus Berry\n|move|p2a: Araquanid|Liquidation|p1a: Frost Burn\n|-damage|p1a: Frost Burn|72\/100 tox\n|\n|-weather|Snow|[upkeep]\n|-damage|p1a: Frost Burn|60\/100 tox|[from] psn\n|upkeep\n|turn|8\n|\n|t:|1698975745\n|switch|p1a: Arctozolt|Arctozolt, shiny|100\/100\n|-activate|p1a: Arctozolt|move: Sticky Web\n|-unboost|p1a: Arctozolt|spe|1\n|move|p2a: Araquanid|Liquidation|p1a: Arctozolt\n|-damage|p1a: Arctozolt|85\/100\n|-unboost|p1a: Arctozolt|def|1\n|\n|-weather|Snow|[upkeep]\n|upkeep\n|turn|9\n|j| Cross12000\n|\n|t:|1698975762\n|move|p1a: Arctozolt|Bolt Beak|p2a: Araquanid\n|-supereffective|p2a: Araquanid\n|-damage|p2a: Araquanid|0 fnt\n|faint|p2a: Araquanid\n|\n|-weather|Snow|[upkeep]\n|upkeep\n|\n|t:|1698975772\n|switch|p2a: Scolipede|Scolipede, F|100\/100\n|-item|p2a: Scolipede|Air Balloon\n|turn|10\n|\n|t:|1698975781\n|switch|p1a: Darmanitan|Darmanitan-Galar, M, shiny|100\/100\n|-activate|p1a: Darmanitan|move: Sticky Web\n|-unboost|p1a: Darmanitan|spe|1\n|move|p2a: Scolipede|Protect||[still]\n|-fail|p2a: Scolipede\n|\n|-weather|Snow|[upkeep]\n|-sideend|p1: TheShinyBisharp360|move: Aurora Veil\n|-ability|p2a: Scolipede|Speed Boost|boost\n|-boost|p2a: Scolipede|spe|1\n|upkeep\n|turn|11\n|\n|t:|1698975796\n|move|p2a: Scolipede|Poison Jab|p1a: Darmanitan\n|-damage|p1a: Darmanitan|58\/100\n|move|p1a: Darmanitan|Flare Blitz|p2a: Scolipede\n|-supereffective|p2a: Scolipede\n|-damage|p2a: Scolipede|0 fnt\n|-enditem|p2a: Scolipede|Air Balloon\n|faint|p2a: Scolipede\n|-damage|p1a: Darmanitan|34\/100|[from] Recoil\n|\n|-weather|Snow|[upkeep]\n|upkeep\n|\n|t:|1698975799\n|switch|p2a: Scizor|Scizor, M|100\/100\n|-damage|p2a: Scizor|84\/100|[from] Spikes\n|turn|12\n|\n|t:|1698975814\n|detailschange|p2a: Scizor|Scizor-Mega, M\n|-mega|p2a: Scizor|Scizor|Scizorite\n|move|p2a: Scizor|Bullet Punch|p1a: Darmanitan\n|-supereffective|p1a: Darmanitan\n|-damage|p1a: Darmanitan|0 fnt\n|faint|p1a: Darmanitan\n|\n|-weather|none\n|upkeep\n|\n|t:|1698975829\n|switch|p1a: Frost Burn|Ninetales-Alola, M, shiny|60\/100 tox\n|-activate|p1a: Frost Burn|move: Sticky Web\n|-unboost|p1a: Frost Burn|spe|1\n|-weather|Snow|[from] ability: Snow Warning|[of] p1a: Frost Burn\n|turn|13\n|\n|t:|1698975842\n|-terastallize|p1a: Frost Burn|Fire\n|move|p2a: Scizor|Bullet Punch|p1a: Frost Burn\n|-resisted|p1a: Frost Burn\n|-damage|p1a: Frost Burn|33\/100 tox\n|move|p1a: Frost Burn|Aurora Veil|p1a: Frost Burn\n|-sidestart|p1: TheShinyBisharp360|move: Aurora Veil\n|\n|-weather|Snow|[upkeep]\n|-damage|p1a: Frost Burn|27\/100 tox|[from] psn\n|upkeep\n|turn|14\n|\n|t:|1698975855\n|switch|p2a: Volcarona|Volcarona, F|100\/100\n|move|p1a: Frost Burn|Hypnosis|p2a: Volcarona|[miss]\n|-miss|p1a: Frost Burn|p2a: Volcarona\n|\n|-weather|Snow|[upkeep]\n|-damage|p1a: Frost Burn|15\/100 tox|[from] psn\n|upkeep\n|turn|15\n|\n|t:|1698975863\n|move|p2a: Volcarona|Psychic|p1a: Frost Burn\n|-damage|p1a: Frost Burn|0 fnt\n|faint|p1a: Frost Burn\n|\n|-weather|Snow|[upkeep]\n|upkeep\n|\n|t:|1698975879\n|switch|p1a: Baxcalibur|Baxcalibur, F, shiny|100\/100\n|-activate|p1a: Baxcalibur|move: Sticky Web\n|-unboost|p1a: Baxcalibur|spe|1\n|turn|16\n|\n|t:|1698975895\n|move|p2a: Volcarona|Quiver Dance|p2a: Volcarona\n|-boost|p2a: Volcarona|spa|1\n|-boost|p2a: Volcarona|spd|1\n|-boost|p2a: Volcarona|spe|1\n|move|p1a: Baxcalibur|Dragon Dance|p1a: Baxcalibur\n|-boost|p1a: Baxcalibur|atk|1\n|-boost|p1a: Baxcalibur|spe|1\n|\n|-weather|Snow|[upkeep]\n|upkeep\n|turn|17\n|\n|t:|1698975904\n|move|p2a: Volcarona|Air Slash|p1a: Baxcalibur\n|-damage|p1a: Baxcalibur|76\/100\n|move|p1a: Baxcalibur|Earthquake|p2a: Volcarona\n|-damage|p2a: Volcarona|0 fnt\n|faint|p2a: Volcarona\n|\n|-weather|Snow|[upkeep]\n|-sideend|p1: TheShinyBisharp360|move: Aurora Veil\n|upkeep\n|\n|t:|1698975911\n|switch|p2a: Scizor|Scizor-Mega, M|84\/100\n|-damage|p2a: Scizor|67\/100|[from] Spikes\n|turn|18\n|\n|t:|1698975918\n|move|p2a: Scizor|Bullet Punch|p1a: Baxcalibur\n|-supereffective|p1a: Baxcalibur\n|-damage|p1a: Baxcalibur|22\/100\n|move|p1a: Baxcalibur|Earthquake|p2a: Scizor\n|-damage|p2a: Scizor|24\/100\n|\n|-weather|Snow|[upkeep]\n|upkeep\n|turn|19\n|\n|t:|1698975927\n|move|p2a: Scizor|Bullet Punch|p1a: Baxcalibur\n|-supereffective|p1a: Baxcalibur\n|-damage|p1a: Baxcalibur|0 fnt\n|faint|p1a: Baxcalibur\n|\n|-weather|Snow|[upkeep]\n|upkeep\n|\n|t:|1698975937\n|switch|p1a: Arctozolt|Arctozolt, shiny|85\/100\n|-activate|p1a: Arctozolt|move: Sticky Web\n|-unboost|p1a: Arctozolt|spe|1\n|turn|20\n|\n|t:|1698975944\n|move|p2a: Scizor|Bullet Punch|p1a: Arctozolt\n|-damage|p1a: Arctozolt|56\/100\n|move|p1a: Arctozolt|Bolt Beak|p2a: Scizor\n|-damage|p2a: Scizor|0 fnt\n|faint|p2a: Scizor\n|\n|-weather|none\n|upkeep\n|\n|t:|1698975946\n|switch|p2a: Heracross|Heracross, F|100\/100\n|-damage|p2a: Heracross|84\/100|[from] Spikes\n|turn|21\n|\n|t:|1698975956\n|-terastallize|p2a: Heracross|Steel\n|move|p2a: Heracross|Earthquake|p1a: Arctozolt\n|-supereffective|p1a: Arctozolt\n|-damage|p1a: Arctozolt|0 fnt\n|faint|p1a: Arctozolt\n|-ability|p2a: Heracross|Moxie|boost\n|-boost|p2a: Heracross|atk|1\n|\n|upkeep\n|\n|t:|1698975964\n|switch|p1a: Walrein|Walrein, F, shiny|100\/100\n|-activate|p1a: Walrein|move: Sticky Web\n|-unboost|p1a: Walrein|spe|1\n|turn|22\n|\n|t:|1698975971\n|switch|p2a: Vikavolt|Vikavolt, F|100\/100\n|move|p1a: Walrein|Hidden Power|p2a: Vikavolt\n|-supereffective|p2a: Vikavolt\n|-damage|p2a: Vikavolt|35\/100\n|\n|upkeep\n|turn|23\n|\n|t:|1698975978\n|move|p2a: Vikavolt|Thunderbolt|p1a: Walrein\n|-supereffective|p1a: Walrein\n|-damage|p1a: Walrein|31\/100\n|move|p1a: Walrein|Hidden Power|p2a: Vikavolt\n|-supereffective|p2a: Vikavolt\n|-damage|p2a: Vikavolt|0 fnt\n|faint|p2a: Vikavolt\n|\n|upkeep\n|\n|t:|1698975981\n|switch|p2a: Heracross|Heracross, F, tera:Steel|84\/100\n|-damage|p2a: Heracross|67\/100|[from] Spikes\n|turn|24\n|\n|t:|1698975993\n|move|p2a: Heracross|Close Combat|p1a: Walrein\n|-supereffective|p1a: Walrein\n|-crit|p1a: Walrein\n|-damage|p1a: Walrein|0 fnt\n|-unboost|p2a: Heracross|def|1\n|-unboost|p2a: Heracross|spd|1\n|faint|p1a: Walrein\n|\n|win|AceTheInadequate\n|l|\u2606AceTheInadequate\n|j|\u2606AceTheInadequate\n|player|p2|AceTheInadequate|guitarist\n","uploadtime":1698976410,"views":7,"p1id":"theshinybisharp360","p2id":"acetheinadequate","formatid":"gen9nationaldexubers","rating":0,"private":0,"password":""}