{"id":"gen9nationaldexubers-1999624280","p1":"AlolanSandslashOU","p2":"ThatOneZoro\/Zoa","format":"[Gen 9] National Dex Ubers","log":"|j|\u2606AlolanSandslashOU\n|j|\u2606ThatOneZoro\/Zoa\n|t:|1701102233\n|gametype|singles\n|player|p1|AlolanSandslashOU|volkner|\n|player|p2|ThatOneZoro\/Zoa|101|\n|teamsize|p1|6\n|teamsize|p2|6\n|gen|9\n|tier|[Gen 9] National Dex Ubers\n|rule|HP Percentage Mod: HP is shown in percentages\n|rule|Endless Battle Clause: Forcing endless battles is banned\n|rule|OHKO Clause: OHKO moves are banned\n|rule|Evasion Moves Clause: Evasion moves are banned\n|rule|Evasion Items Clause: Evasion items are banned\n|rule|Species Clause: Limit one of each Pok\u00e9mon\n|rule|Sleep Clause Mod: Limit one foe put to sleep\n|rule|Mega Rayquaza Clause: You cannot mega evolve Rayquaza\n|clearpoke\n|poke|p1|Ting-Lu|\n|poke|p1|Iron Valiant|\n|poke|p1|Greninja-*, F|\n|poke|p1|Weavile, F|\n|poke|p1|Urshifu-*, M|\n|poke|p1|Darkrai|\n|poke|p2|Bisharp, M|\n|poke|p2|Urshifu-*, M|\n|poke|p2|Trevenant, M|\n|poke|p2|Zoroark, F|\n|poke|p2|Cinderace, F|\n|poke|p2|Corsola-Galar, M|\n|teampreview\n|c|\u2606ThatOneZoro\/Zoa|glhf\n|\n|t:|1701102289\n|start\n|switch|p1a: Weavile|Weavile, F|100\/100\n|switch|p2a: Naruto|Cinderace, F|100\/100\n|-ability|p1a: Weavile|Pressure\n|turn|1\n|\n|t:|1701102297\n|move|p1a: Weavile|Knock Off|p2a: Naruto\n|-damage|p2a: Naruto|36\/100\n|-enditem|p2a: Naruto|Choice Band|[from] move: Knock Off|[of] p1a: Weavile\n|move|p2a: Naruto|Pyro Ball|p1a: Weavile\n|-supereffective|p1a: Weavile\n|-enditem|p1a: Weavile|Focus Sash\n|-damage|p1a: Weavile|1\/100\n|\n|upkeep\n|turn|2\n|\n|t:|1701102305\n|move|p2a: Naruto|Sucker Punch|p1a: Weavile\n|-resisted|p1a: Weavile\n|-damage|p1a: Weavile|0 fnt\n|faint|p1a: Weavile\n|\n|upkeep\n|\n|t:|1701102320\n|switch|p1a: Greninja|Greninja, F|100\/100\n|turn|3\n|\n|t:|1701102330\n|move|p1a: Greninja|Dark Pulse|p2a: Naruto\n|-start|p1a: Greninja|typechange|Dark|[from] ability: Protean\n|-damage|p2a: Naruto|0 fnt\n|faint|p2a: Naruto\n|\n|upkeep\n|c|\u2606ThatOneZoro\/Zoa|what's your restriction I forgor\n|c|\u2606AlolanSandslashOU|Z move\n|c|\u2606ThatOneZoro\/Zoa|I don't have any Zs anyway\n|c|\u2606AlolanSandslashOU|Good\n|\n|t:|1701102366\n|switch|p2a: Sasuke|Bisharp, M|100\/100\n|turn|4\n|\n|t:|1701102373\n|switch|p1a: Ting-Lu|Ting-Lu|100\/100\n|-ability|p1a: Ting-Lu|Vessel of Ruin\n|move|p2a: Sasuke|Dark Pulse|p1a: Ting-Lu\n|-resisted|p1a: Ting-Lu\n|-damage|p1a: Ting-Lu|93\/100\n|\n|-heal|p1a: Ting-Lu|99\/100|[from] item: Leftovers\n|upkeep\n|turn|5\n|c|\u2606ThatOneZoro\/Zoa|zamn\n|c|\u2606AlolanSandslashOU|That is not\n|c|\u2606AlolanSandslashOU|a bisharp\n|\n|t:|1701102393\n|switch|p2a: Kakashi|Urshifu-Rapid-Strike, M|100\/100\n|move|p1a: Ting-Lu|Earthquake|p2a: Kakashi\n|-damage|p2a: Kakashi|62\/100\n|\n|-heal|p1a: Ting-Lu|100\/100|[from] item: Leftovers\n|upkeep\n|turn|6\n|\n|t:|1701102399\n|move|p2a: Kakashi|Surging Strikes|p1a: Ting-Lu\n|-supereffective|p1a: Ting-Lu\n|-crit|p1a: Ting-Lu\n|-damage|p1a: Ting-Lu|78\/100\n|-supereffective|p1a: Ting-Lu\n|-crit|p1a: Ting-Lu\n|-damage|p1a: Ting-Lu|55\/100\n|-supereffective|p1a: Ting-Lu\n|-crit|p1a: Ting-Lu\n|-damage|p1a: Ting-Lu|31\/100\n|-hitcount|p1a: Ting-Lu|3\n|move|p1a: Ting-Lu|Spikes|p2a: Kakashi\n|-sidestart|p2: ThatOneZoro\/Zoa|Spikes\n|\n|-heal|p1a: Ting-Lu|37\/100|[from] item: Leftovers\n|upkeep\n|turn|7\n|\n|t:|1701102409\n|move|p2a: Kakashi|Surging Strikes|p1a: Ting-Lu\n|-supereffective|p1a: Ting-Lu\n|-crit|p1a: Ting-Lu\n|-damage|p1a: Ting-Lu|16\/100\n|-supereffective|p1a: Ting-Lu\n|-crit|p1a: Ting-Lu\n|-damage|p1a: Ting-Lu|0 fnt\n|faint|p1a: Ting-Lu\n|-hitcount|p1: Ting-Lu|2\n|\n|upkeep\n|\n|t:|1701102412\n|switch|p1a: Iron Valiant|Iron Valiant|100\/100\n|-enditem|p1a: Iron Valiant|Booster Energy\n|-activate|p1a: Iron Valiant|ability: Quark Drive|[fromitem]\n|-start|p1a: Iron Valiant|quarkdrivespe\n|turn|8\n|\n|t:|1701102419\n|move|p1a: Iron Valiant|Calm Mind|p1a: Iron Valiant\n|-boost|p1a: Iron Valiant|spa|1\n|-boost|p1a: Iron Valiant|spd|1\n|move|p2a: Kakashi|Surging Strikes|p1a: Iron Valiant\n|-crit|p1a: Iron Valiant\n|-damage|p1a: Iron Valiant|74\/100\n|-crit|p1a: Iron Valiant\n|-damage|p1a: Iron Valiant|45\/100\n|-crit|p1a: Iron Valiant\n|-damage|p1a: Iron Valiant|21\/100\n|-hitcount|p1a: Iron Valiant|3\n|\n|upkeep\n|turn|9\n|\n|t:|1701102427\n|move|p1a: Iron Valiant|Moonblast|p2a: Kakashi\n|-supereffective|p2a: Kakashi\n|-damage|p2a: Kakashi|0 fnt\n|faint|p2a: Kakashi\n|\n|upkeep\n|\n|t:|1701102437\n|switch|p2a: Pain|Corsola-Galar, M|100\/100\n|-damage|p2a: Pain|88\/100|[from] Spikes\n|turn|10\n|\n|t:|1701102443\n|move|p1a: Iron Valiant|Moonblast|p2a: Pain\n|-damage|p2a: Pain|55\/100\n|move|p2a: Pain|Night Shade|p1a: Iron Valiant\n|-damage|p1a: Iron Valiant|0 fnt\n|faint|p1a: Iron Valiant\n|-end|p1a: Iron Valiant|Quark Drive|[silent]\n|\n|upkeep\n|\n|t:|1701102449\n|switch|p1a: Urshifu|Urshifu, M|100\/100\n|turn|11\n|\n|t:|1701102455\n|move|p1a: Urshifu|Wicked Blow|p2a: Pain\n|-supereffective|p2a: Pain\n|-crit|p2a: Pain\n|-damage|p2a: Pain|0 fnt\n|faint|p2a: Pain\n|\n|upkeep\n|c|\u2606ThatOneZoro\/Zoa|gg\n|\n|t:|1701102466\n|switch|p2a: Sasuke|Bisharp, M|100\/100\n|-damage|p2a: Sasuke|88\/100|[from] Spikes\n|turn|12\n|\n|t:|1701102471\n|switch|p1a: Greninja|Greninja, F|100\/100\n|move|p2a: Sasuke|Flamethrower|p1a: Greninja\n|-resisted|p1a: Greninja\n|-damage|p1a: Greninja|76\/100\n|\n|upkeep\n|turn|13\n|\n|t:|1701102475\n|move|p2a: Sasuke|Flamethrower|p1a: Greninja\n|-resisted|p1a: Greninja\n|-damage|p1a: Greninja|53\/100\n|move|p1a: Greninja|Surf|p2a: Sasuke\n|-start|p1a: Greninja|typechange|Water|[from] ability: Protean\n|-damage|p2a: Sasuke|0 fnt\n|replace|p2a: Itachi|Zoroark, F\n|-end|p2a: Itachi|Illusion\n|faint|p2a: Itachi\n|\n|upkeep\n|\n|t:|1701102478\n|switch|p2a: Sasuke|Bisharp, M|100\/100\n|-damage|p2a: Sasuke|88\/100|[from] Spikes\n|turn|14\n|c|\u2606AlolanSandslashOU|I was so confused\n|c|\u2606AlolanSandslashOU|cause I skipped to end\n|\n|t:|1701102499\n|move|p1a: Greninja|Surf|p2a: Sasuke\n|-damage|p2a: Sasuke|12\/100\n|move|p2a: Sasuke|Low Kick|p1a: Greninja\n|-crit|p1a: Greninja\n|-damage|p1a: Greninja|0 fnt\n|faint|p1a: Greninja\n|\n|upkeep\n|c|\u2606ThatOneZoro\/Zoa|L\n|\n|t:|1701102502\n|switch|p1a: Darkrai|Darkrai|100\/100\n|turn|15\n|\n|t:|1701102507\n|move|p1a: Darkrai|Dark Pulse|p2a: Sasuke\n|-resisted|p2a: Sasuke\n|-damage|p2a: Sasuke|0 fnt\n|faint|p2a: Sasuke\n|\n|upkeep\n|\n|t:|1701102510\n|switch|p2a: Obito|Trevenant, M|100\/100\n|-damage|p2a: Obito|88\/100|[from] Spikes\n|turn|16\n|\n|t:|1701102518\n|-terastallize|p2a: Obito|Water\n|move|p1a: Darkrai|Dark Pulse|p2a: Obito\n|-damage|p2a: Obito|41\/100\n|-enditem|p2a: Obito|Sitrus Berry|[eat]\n|-heal|p2a: Obito|66\/100|[from] item: Sitrus Berry\n|move|p2a: Obito|Substitute|p2a: Obito\n|-start|p2a: Obito|Substitute\n|-damage|p2a: Obito|41\/100\n|\n|-item|p2a: Obito|Sitrus Berry|[from] ability: Harvest\n|upkeep\n|-enditem|p2a: Obito|Sitrus Berry|[eat]\n|-heal|p2a: Obito|66\/100|[from] item: Sitrus Berry\n|turn|17\n|\n|t:|1701102534\n|move|p1a: Darkrai|Dark Pulse|p2a: Obito\n|-end|p2a: Obito|Substitute\n|move|p2a: Obito|Horn Leech|p1a: Darkrai\n|-damage|p1a: Darkrai|63\/100\n|-heal|p2a: Obito|80\/100|[from] drain|[of] p1a: Darkrai\n|\n|-item|p2a: Obito|Sitrus Berry|[from] ability: Harvest\n|upkeep\n|turn|18\n|\n|t:|1701102543\n|move|p1a: Darkrai|Dark Pulse|p2a: Obito\n|-damage|p2a: Obito|36\/100\n|-enditem|p2a: Obito|Sitrus Berry|[eat]\n|-heal|p2a: Obito|61\/100|[from] item: Sitrus Berry\n|move|p2a: Obito|Horn Leech|p1a: Darkrai\n|-damage|p1a: Darkrai|22\/100\n|-heal|p2a: Obito|76\/100|[from] drain|[of] p1a: Darkrai\n|\n|upkeep\n|turn|19\n|\n|t:|1701102559\n|move|p1a: Darkrai|Dark Pulse|p2a: Obito\n|-damage|p2a: Obito|26\/100\n|move|p2a: Obito|Horn Leech|p1a: Darkrai\n|-damage|p1a: Darkrai|0 fnt\n|-heal|p2a: Obito|35\/100|[from] drain|[of] p1a: Darkrai\n|faint|p1a: Darkrai\n|\n|-item|p2a: Obito|Sitrus Berry|[from] ability: Harvest\n|upkeep\n|-enditem|p2a: Obito|Sitrus Berry|[eat]\n|-heal|p2a: Obito|60\/100|[from] item: Sitrus Berry\n|\n|t:|1701102561\n|switch|p1a: Urshifu|Urshifu, M|100\/100\n|turn|20\n|c|\u2606ThatOneZoro\/Zoa|imagine I win\n|\n|t:|1701102576\n|move|p1a: Urshifu|Wicked Blow|p2a: Obito\n|-crit|p2a: Obito\n|-damage|p2a: Obito|0 fnt\n|faint|p2a: Obito\n|\n|win|AlolanSandslashOU\n|c|\u2606AlolanSandslashOU|Nah I\u2019d win\n|c|\u2606ThatOneZoro\/Zoa|naurrrr\n|c|\u2606AlolanSandslashOU|I\u2019m sorry zoro\n","uploadtime":1701102593,"views":2,"p1id":"alolansandslashou","p2id":"thatonezorozoa","formatid":"gen9nationaldexubers","rating":0,"private":0,"password":""}