{"id":"gen9nationaldexubers-1985367298","p1":"IConsumeChairs","p2":"Szymszym134","format":"[Gen 9] National Dex Ubers","log":"|j|\u2606IConsumeChairs\n|j|\u2606Szymszym134\n|t:|1699368666\n|gametype|singles\n|player|p1|IConsumeChairs|lucas|1716\n|player|p2|Szymszym134|elesa|1543\n|teamsize|p1|6\n|teamsize|p2|6\n|gen|9\n|tier|[Gen 9] National Dex Ubers\n|rated|\n|rule|HP Percentage Mod: HP is shown in percentages\n|rule|Endless Battle Clause: Forcing endless battles is banned\n|rule|OHKO Clause: OHKO moves are banned\n|rule|Evasion Moves Clause: Evasion moves are banned\n|rule|Evasion Items Clause: Evasion items are banned\n|rule|Species Clause: Limit one of each Pok\u00e9mon\n|rule|Sleep Clause Mod: Limit one foe put to sleep\n|rule|Mega Rayquaza Clause: You cannot mega evolve Rayquaza\n|clearpoke\n|poke|p1|Arceus-Ground|\n|poke|p1|Groudon|\n|poke|p1|Ho-Oh|\n|poke|p1|Xerneas-*|\n|poke|p1|Ditto|\n|poke|p1|Eternatus|\n|poke|p2|Mewtwo|\n|poke|p2|Kingambit, M|\n|poke|p2|Garganacl, F|\n|poke|p2|Arceus-Ground|\n|poke|p2|Ditto|\n|poke|p2|Kyurem-Black|\n|teampreview\n|inactive|Battle timer is ON: inactive players will automatically lose when time's up. (requested by Szymszym134)\n|\n|t:|1699368678\n|start\n|switch|p1a: Arceus|Arceus-Ground|100\/100\n|switch|p2a: Arceus|Arceus-Ground|100\/100\n|turn|1\n|\n|t:|1699368682\n|switch|p1a: Ho-Oh|Ho-Oh|100\/100\n|move|p2a: Arceus|Ice Beam|p1a: Ho-Oh\n|-damage|p1a: Ho-Oh|87\/100\n|\n|upkeep\n|turn|2\n|\n|t:|1699368686\n|switch|p2a: Garganacl|Garganacl, F|100\/100\n|move|p1a: Ho-Oh|Toxic|p2a: Garganacl\n|-immune|p2a: Garganacl|[from] ability: Purifying Salt\n|\n|upkeep\n|turn|3\n|\n|t:|1699368691\n|switch|p1a: Arceus|Arceus-Ground|100\/100\n|move|p2a: Garganacl|Salt Cure|p1a: Arceus\n|-resisted|p1a: Arceus\n|-damage|p1a: Arceus|96\/100\n|-start|p1a: Arceus|Salt Cure\n|\n|-damage|p1a: Arceus|84\/100|[from] Salt Cure\n|upkeep\n|turn|4\n|\n|t:|1699368696\n|switch|p1a: Groudon|Groudon|100\/100\n|detailschange|p1a: Groudon|Groudon-Primal\n|-primal|p1a: Groudon|Red Orb\n|-weather|DesolateLand|[from] ability: Desolate Land|[of] p1a: Groudon\n|switch|p2a: Kyurem|Kyurem-Black|100\/100\n|-ability|p2a: Kyurem|Teravolt\n|\n|-weather|DesolateLand|[upkeep]\n|upkeep\n|turn|5\n|\n|t:|1699368701\n|move|p2a: Kyurem|Substitute|p2a: Kyurem\n|-start|p2a: Kyurem|Substitute\n|-damage|p2a: Kyurem|76\/100\n|move|p1a: Groudon|Stealth Rock|p2a: Kyurem\n|-sidestart|p2: Szymszym134|move: Stealth Rock\n|\n|-weather|DesolateLand|[upkeep]\n|upkeep\n|turn|6\n|\n|t:|1699368705\n|move|p2a: Kyurem|Dragon Dance|p2a: Kyurem\n|-boost|p2a: Kyurem|atk|1\n|-boost|p2a: Kyurem|spe|1\n|move|p1a: Groudon|Rock Tomb|p2a: Kyurem\n|-supereffective|p2a: Kyurem\n|-end|p2a: Kyurem|Substitute\n|\n|-weather|DesolateLand|[upkeep]\n|upkeep\n|turn|7\n|\n|t:|1699368713\n|move|p2a: Kyurem|Substitute|p2a: Kyurem\n|-start|p2a: Kyurem|Substitute\n|-damage|p2a: Kyurem|51\/100\n|move|p1a: Groudon|Precipice Blades|p2a: Kyurem\n|-end|p2a: Kyurem|Substitute\n|\n|-weather|DesolateLand|[upkeep]\n|upkeep\n|turn|8\n|\n|t:|1699368716\n|move|p2a: Kyurem|Icicle Spear|p1a: Groudon\n|-damage|p1a: Groudon|83\/100\n|-damage|p1a: Groudon|65\/100\n|-hitcount|p1a: Groudon|2\n|-damage|p2a: Kyurem|41\/100|[from] item: Life Orb\n|move|p1a: Groudon|Rock Tomb|p2a: Kyurem\n|-supereffective|p2a: Kyurem\n|-damage|p2a: Kyurem|0 fnt\n|faint|p2a: Kyurem\n|\n|-weather|DesolateLand|[upkeep]\n|upkeep\n|\n|t:|1699368726\n|switch|p2a: Arceus|Arceus-Ground|100\/100\n|-damage|p2a: Arceus|94\/100|[from] Stealth Rock\n|turn|9\n|\n|t:|1699368729\n|-weather|none\n|switch|p1a: Ho-Oh|Ho-Oh|100\/100\n|move|p2a: Arceus|Defog|p1a: Ho-Oh\n|-unboost|p1a: Ho-Oh|evasion|1\n|-sideend|p2: Szymszym134|Stealth Rock|[from] move: Defog|[of] p2a: Arceus\n|\n|upkeep\n|turn|10\n|\n|t:|1699368735\n|switch|p1a: Groudon|Groudon-Primal|65\/100\n|-weather|DesolateLand|[from] ability: Desolate Land|[of] p1a: Groudon\n|move|p2a: Arceus|Judgment|p1a: Groudon\n|-supereffective|p1a: Groudon\n|-damage|p1a: Groudon|0 fnt\n|faint|p1a: Groudon\n|-weather|none\n|\n|upkeep\n|\n|t:|1699368741\n|switch|p1a: Xerneas|Xerneas|100\/100\n|-ability|p1a: Xerneas|Fairy Aura\n|turn|11\n|\n|t:|1699368745\n|move|p2a: Arceus|Judgment|p1a: Xerneas\n|-damage|p1a: Xerneas|56\/100\n|move|p1a: Xerneas|Moonblast|p2a: Arceus\n|-damage|p2a: Arceus|44\/100\n|\n|upkeep\n|turn|12\n|\n|t:|1699368748\n|move|p2a: Arceus|Judgment|p1a: Xerneas\n|-damage|p1a: Xerneas|13\/100\n|move|p1a: Xerneas|Moonblast|p2a: Arceus\n|-damage|p2a: Arceus|0 fnt\n|faint|p2a: Arceus\n|\n|upkeep\n|\n|t:|1699368753\n|switch|p2a: Mewtwo|Mewtwo|100\/100\n|-ability|p2a: Mewtwo|Unnerve\n|turn|13\n|\n|t:|1699368758\n|detailschange|p2a: Mewtwo|Mewtwo-Mega-Y\n|-mega|p2a: Mewtwo|Mewtwo|Mewtwonite Y\n|move|p2a: Mewtwo|Psystrike|p1a: Xerneas\n|-crit|p1a: Xerneas\n|-damage|p1a: Xerneas|0 fnt\n|faint|p1a: Xerneas\n|\n|upkeep\n|c|\u2606IConsumeChairs|lucky crit\n|c|\u2606IConsumeChairs|(jk)\n|\n|t:|1699368770\n|switch|p1a: Ditto|Ditto|100\/100\n|-transform|p1a: Ditto|p2a: Mewtwo|[from] ability: Imposter\n|turn|14\n|\n|t:|1699368778\n|switch|p1a: Ho-Oh|Ho-Oh|100\/100\n|move|p2a: Mewtwo|Psystrike|p1a: Ho-Oh\n|-damage|p1a: Ho-Oh|53\/100\n|\n|upkeep\n|turn|15\n|j| shamatetuanzhang\n|\n|t:|1699368783\n|switch|p2a: Garganacl|Garganacl, F|100\/100\n|move|p1a: Ho-Oh|Sacred Fire|p2a: Garganacl\n|-resisted|p2a: Garganacl\n|-damage|p2a: Garganacl|89\/100\n|\n|-heal|p2a: Garganacl|95\/100|[from] item: Leftovers\n|upkeep\n|turn|16\n|\n|t:|1699368786\n|switch|p1a: Eternatus|Eternatus|100\/100\n|-ability|p1a: Eternatus|Pressure\n|move|p2a: Garganacl|Salt Cure|p1a: Eternatus\n|-damage|p1a: Eternatus|90\/100\n|-start|p1a: Eternatus|Salt Cure\n|\n|-heal|p1a: Eternatus|96\/100|[from] item: Leftovers\n|-heal|p2a: Garganacl|100\/100|[from] item: Leftovers\n|-damage|p1a: Eternatus|84\/100|[from] Salt Cure\n|upkeep\n|turn|17\n|\n|t:|1699368789\n|switch|p2a: Mewtwo|Mewtwo-Mega-Y|100\/100\n|move|p1a: Eternatus|Toxic Spikes|p2a: Mewtwo\n|-sidestart|p2: Szymszym134|move: Toxic Spikes\n|\n|-heal|p1a: Eternatus|90\/100|[from] item: Leftovers\n|-damage|p1a: Eternatus|78\/100|[from] Salt Cure\n|upkeep\n|turn|18\n|\n|t:|1699368799\n|switch|p1a: Ho-Oh|Ho-Oh|86\/100\n|move|p2a: Mewtwo|Psystrike|p1a: Ho-Oh\n|-damage|p1a: Ho-Oh|38\/100\n|\n|upkeep\n|turn|19\n|\n|t:|1699368802\n|switch|p1a: Ditto|Ditto|100\/100\n|-transform|p1a: Ditto|p2a: Mewtwo|[from] ability: Imposter\n|move|p2a: Mewtwo|Psystrike|p1a: Ditto\n|-resisted|p1a: Ditto\n|-damage|p1a: Ditto|51\/100\n|\n|upkeep\n|turn|20\n|\n|t:|1699368811\n|move|p1a: Ditto|Psystrike|p2a: Mewtwo\n|-resisted|p2a: Mewtwo\n|-damage|p2a: Mewtwo|59\/100\n|move|p2a: Mewtwo|Psystrike|p1a: Ditto\n|-resisted|p1a: Ditto\n|-damage|p1a: Ditto|2\/100\n|\n|upkeep\n|turn|21\n|\n|t:|1699368818\n|switch|p1a: Ho-Oh|Ho-Oh|71\/100\n|move|p2a: Mewtwo|Psystrike|p1a: Ho-Oh\n|-damage|p1a: Ho-Oh|29\/100\n|\n|upkeep\n|turn|22\n|\n|t:|1699368827\n|switch|p1a: Ditto|Ditto|2\/100\n|-transform|p1a: Ditto|p2a: Mewtwo|[from] ability: Imposter\n|move|p2a: Mewtwo|Psystrike|p1a: Ditto\n|-resisted|p1a: Ditto\n|-damage|p1a: Ditto|0 fnt\n|faint|p1a: Ditto\n|\n|upkeep\n|\n|t:|1699368829\n|switch|p1a: Arceus|Arceus-Ground|84\/100\n|turn|23\n|\n|t:|1699368832\n|move|p2a: Mewtwo|Ice Beam|p1a: Arceus\n|-supereffective|p1a: Arceus\n|-damage|p1a: Arceus|28\/100\n|move|p1a: Arceus|Judgment|p2a: Mewtwo\n|-damage|p2a: Mewtwo|17\/100\n|\n|upkeep\n|turn|24\n|\n|t:|1699368839\n|-terastallize|p1a: Arceus|Water\n|move|p2a: Mewtwo|Ice Beam|p1a: Arceus\n|-resisted|p1a: Arceus\n|-damage|p1a: Arceus|13\/100\n|move|p1a: Arceus|Recover|p1a: Arceus\n|-heal|p1a: Arceus|63\/100\n|\n|upkeep\n|turn|25\n|\n|t:|1699368843\n|move|p2a: Mewtwo|Psystrike|p1a: Arceus\n|-damage|p1a: Arceus|14\/100\n|move|p1a: Arceus|Judgment|p2a: Mewtwo\n|-damage|p2a: Mewtwo|0 fnt\n|faint|p2a: Mewtwo\n|\n|upkeep\n|\n|t:|1699368848\n|switch|p2a: Kingambit|Kingambit, M|100\/100\n|-activate|p2a: Kingambit|ability: Supreme Overlord\n|-start|p2a: Kingambit|fallen3|[silent]\n|turn|26\n|l| shamatetuanzhang\n|\n|t:|1699368857\n|-terastallize|p2a: Kingambit|Dark\n|move|p1a: Arceus|Recover|p1a: Arceus\n|-heal|p1a: Arceus|64\/100\n|move|p2a: Kingambit|Swords Dance|p2a: Kingambit\n|-boost|p2a: Kingambit|atk|2\n|\n|upkeep\n|turn|27\n|\n|t:|1699368863\n|move|p1a: Arceus|Judgment|p2a: Kingambit\n|-damage|p2a: Kingambit|51\/100\n|move|p2a: Kingambit|Knock Off|p1a: Arceus\n|-damage|p1a: Arceus|0 fnt\n|faint|p1a: Arceus\n|\n|upkeep\n|\n|t:|1699368868\n|switch|p1a: Eternatus|Eternatus|78\/100\n|-ability|p1a: Eternatus|Pressure\n|turn|28\n|\n|t:|1699368871\n|move|p2a: Kingambit|Sucker Punch|p1a: Eternatus\n|-damage|p1a: Eternatus|0 fnt\n|faint|p1a: Eternatus\n|\n|upkeep\n|\n|t:|1699368873\n|switch|p1a: Ho-Oh|Ho-Oh|62\/100\n|turn|29\n|\n|t:|1699368876\n|move|p2a: Kingambit|Sucker Punch||[still]\n|-fail|p2a: Kingambit\n|move|p1a: Ho-Oh|Whirlwind|p2a: Kingambit\n|-end|p2a: Kingambit|fallen3|[silent]\n|drag|p2a: Garganacl|Garganacl, F|100\/100\n|\n|upkeep\n|turn|30\n|\n|t:|1699368878\n|move|p1a: Ho-Oh|Sacred Fire|p2a: Garganacl\n|-resisted|p2a: Garganacl\n|-damage|p2a: Garganacl|90\/100\n|move|p2a: Garganacl|Salt Cure|p1a: Ho-Oh\n|-supereffective|p1a: Ho-Oh\n|-damage|p1a: Ho-Oh|27\/100\n|-start|p1a: Ho-Oh|Salt Cure\n|\n|-heal|p2a: Garganacl|96\/100|[from] item: Leftovers\n|-damage|p1a: Ho-Oh|15\/100|[from] Salt Cure\n|upkeep\n|turn|31\n|\n|t:|1699368882\n|move|p1a: Ho-Oh|Sacred Fire|p2a: Garganacl\n|-resisted|p2a: Garganacl\n|-damage|p2a: Garganacl|83\/100\n|move|p2a: Garganacl|Salt Cure|p1a: Ho-Oh\n|-supereffective|p1a: Ho-Oh\n|-damage|p1a: Ho-Oh|0 fnt\n|faint|p1a: Ho-Oh\n|\n|win|Szymszym134\n|raw|IConsumeChairs's rating: 1716 &rarr; <strong>1687<\/strong><br \/>(-29 for losing)\n|raw|Szymszym134's rating: 1543 &rarr; <strong>1572<\/strong><br \/>(+29 for winning)\n|l|\u2606IConsumeChairs\n|l|\u2606Szymszym134\n","uploadtime":1699368987,"views":13,"p1id":"iconsumechairs","p2id":"szymszym134","formatid":"gen9nationaldexubers","rating":1572,"private":0,"password":""}