{"id":"gen9nationaldexubers-1992334455","p1":"Joker1989g","p2":"larrybtheg","format":"[Gen 9] National Dex Ubers","log":"|j|\u2606Joker1989g\n|j|\u2606larrybtheg\n|t:|1700175820\n|gametype|singles\n|player|p1|Joker1989g|skyla|\n|player|p2|larrybtheg|dawn|\n|teamsize|p1|6\n|teamsize|p2|6\n|gen|9\n|tier|[Gen 9] National Dex Ubers\n|rule|HP Percentage Mod: HP is shown in percentages\n|rule|Endless Battle Clause: Forcing endless battles is banned\n|rule|OHKO Clause: OHKO moves are banned\n|rule|Evasion Moves Clause: Evasion moves are banned\n|rule|Evasion Items Clause: Evasion items are banned\n|rule|Species Clause: Limit one of each Pok\u00e9mon\n|rule|Sleep Clause Mod: Limit one foe put to sleep\n|rule|Mega Rayquaza Clause: You cannot mega evolve Rayquaza\n|clearpoke\n|poke|p1|Infernape, F|\n|poke|p1|Shuckle, F|\n|poke|p1|Leafeon, F|\n|poke|p1|Dusclops, F|\n|poke|p1|Gardevoir, M|\n|poke|p1|Drifblim, F|\n|poke|p2|Swampert, F|\n|poke|p2|Staraptor, F|\n|poke|p2|Machamp, M|\n|poke|p2|Clefable, F|\n|poke|p2|Bronzong|\n|poke|p2|Tyranitar, F|\n|teampreview\n|c|\u2606larrybtheg|glhf\n|c|\u2606Joker1989g|Glhf\n|\n|t:|1700175839\n|start\n|switch|p1a: Gardevoir|Gardevoir, M, shiny|100\/100\n|switch|p2a: Bronzong|Bronzong|100\/100\n|-ability|p1a: Gardevoir|Heatproof|[from] ability: Trace|[of] p2a: Bronzong\n|turn|1\n|\n|t:|1700175870\n|switch|p1a: Dusclops|Dusclops, F, shiny|100\/100\n|-ability|p1a: Dusclops|Pressure\n|move|p2a: Bronzong|Gyro Ball|p1a: Dusclops\n|-damage|p1a: Dusclops|93\/100\n|\n|upkeep\n|turn|2\n|\n|t:|1700175896\n|move|p1a: Dusclops|Power-Up Punch|p2a: Bronzong\n|-damage|p2a: Bronzong|95\/100\n|-boost|p1a: Dusclops|atk|1\n|move|p2a: Bronzong|Stealth Rock|p1a: Dusclops\n|-sidestart|p1: Joker1989g|move: Stealth Rock\n|\n|-heal|p2a: Bronzong|100\/100|[from] item: Leftovers\n|upkeep\n|turn|3\n|\n|t:|1700175908\n|move|p1a: Dusclops|Poltergeist|p2a: Bronzong|[miss]\n|-miss|p1a: Dusclops|p2a: Bronzong\n|move|p2a: Bronzong|Toxic|p1a: Dusclops\n|-status|p1a: Dusclops|tox\n|\n|-damage|p1a: Dusclops|87\/100 tox|[from] psn\n|upkeep\n|turn|4\n|\n|t:|1700175918\n|switch|p2a: Staraptor|Staraptor, F|100\/100\n|-ability|p2a: Staraptor|Intimidate|boost\n|-unboost|p1a: Dusclops|atk|1\n|move|p1a: Dusclops|Power-Up Punch|p2a: Staraptor\n|-crit|p2a: Staraptor\n|-damage|p2a: Staraptor|84\/100\n|-boost|p1a: Dusclops|atk|1\n|\n|-damage|p1a: Dusclops|74\/100 tox|[from] psn\n|upkeep\n|turn|5\n|\n|t:|1700175995\n|switch|p2a: Tyranitar|Tyranitar, F, shiny|100\/100\n|-weather|Sandstorm|[from] ability: Sand Stream|[of] p2a: Tyranitar\n|move|p1a: Dusclops|Will-O-Wisp|p2a: Tyranitar\n|-status|p2a: Tyranitar|brn\n|\n|-weather|Sandstorm|[upkeep]\n|-damage|p1a: Dusclops|68\/100 tox|[from] Sandstorm\n|-damage|p1a: Dusclops|49\/100 tox|[from] psn\n|-damage|p2a: Tyranitar|94\/100 brn|[from] brn\n|upkeep\n|turn|6\n|\n|t:|1700176017\n|-activate|p1a: Dusclops|move: Pursuit\n|move|p2a: Tyranitar|Pursuit|p1a: Dusclops|[from]Pursuit\n|-supereffective|p1a: Dusclops\n|-damage|p1a: Dusclops|17\/100 tox\n|switch|p1a: .|Infernape, F|100\/100\n|-damage|p1a: .|88\/100|[from] Stealth Rock\n|\n|-weather|Sandstorm|[upkeep]\n|-damage|p1a: .|82\/100|[from] Sandstorm\n|-damage|p2a: Tyranitar|88\/100 brn|[from] brn\n|upkeep\n|turn|7\n|\n|t:|1700176064\n|switch|p2a: Bronzong|Bronzong|100\/100\n|move|p1a: .|Fire Punch|p2a: Bronzong\n|-supereffective|p2a: Bronzong\n|-damage|p2a: Bronzong|64\/100\n|\n|-weather|Sandstorm|[upkeep]\n|-damage|p1a: .|76\/100|[from] Sandstorm\n|-heal|p2a: Bronzong|71\/100|[from] item: Leftovers\n|upkeep\n|turn|8\n|\n|t:|1700176089\n|switch|p1a: Dusclops|Dusclops, F, shiny|17\/100 tox\n|-damage|p1a: Dusclops|4\/100 tox|[from] Stealth Rock\n|-ability|p1a: Dusclops|Pressure\n|move|p2a: Bronzong|Protect||[still]\n|-fail|p2a: Bronzong\n|\n|-weather|Sandstorm|[upkeep]\n|-damage|p1a: Dusclops|0 fnt|[from] Sandstorm\n|faint|p1a: Dusclops\n|-heal|p2a: Bronzong|77\/100|[from] item: Leftovers\n|upkeep\n|\n|t:|1700176116\n|switch|p1a: Drifblim|Drifblim, F|100\/100\n|-damage|p1a: Drifblim|76\/100|[from] Stealth Rock\n|turn|9\n|\n|t:|1700176138\n|switch|p2a: Tyranitar|Tyranitar, F, shiny|88\/100 brn\n|move|p1a: Drifblim|Defog|p2a: Tyranitar\n|-unboost|p2a: Tyranitar|evasion|1\n|-sideend|p1: Joker1989g|Stealth Rock|[from] move: Defog|[of] p1a: Drifblim\n|\n|-weather|none\n|-damage|p2a: Tyranitar|82\/100 brn|[from] brn\n|upkeep\n|turn|10\n|\n|t:|1700176154\n|move|p1a: Drifblim|Destiny Bond|p1a: Drifblim\n|-singlemove|p1a: Drifblim|Destiny Bond\n|move|p2a: Tyranitar|Pursuit|p1a: Drifblim\n|-supereffective|p1a: Drifblim\n|-damage|p1a: Drifblim|40\/100\n|-damage|p2a: Tyranitar|65\/100 brn|[from] item: Rocky Helmet|[of] p1a: Drifblim\n|\n|-damage|p2a: Tyranitar|59\/100 brn|[from] brn\n|upkeep\n|turn|11\n|\n|t:|1700176181\n|switch|p1a: Gardevoir|Gardevoir, M, shiny|100\/100\n|-weather|Sandstorm|[from] ability: Sand Stream|[of] p1a: Gardevoir\n|-ability|p1a: Gardevoir|Sand Stream|[from] ability: Trace|[of] p2a: Tyranitar\n|switch|p2a: Clefable|Clefable, F|100\/100\n|\n|-weather|Sandstorm|[upkeep]\n|-damage|p1a: Gardevoir|94\/100|[from] Sandstorm\n|upkeep\n|turn|12\n|\n|t:|1700176196\n|move|p1a: Gardevoir|Psychic|p2a: Clefable\n|-damage|p2a: Clefable|68\/100\n|move|p2a: Clefable|Toxic|p1a: Gardevoir\n|-status|p1a: Gardevoir|tox\n|\n|-weather|Sandstorm|[upkeep]\n|-damage|p1a: Gardevoir|88\/100 tox|[from] Sandstorm\n|-heal|p2a: Clefable|74\/100|[from] item: Leftovers\n|-damage|p1a: Gardevoir|82\/100 tox|[from] psn\n|upkeep\n|turn|13\n|\n|t:|1700176211\n|move|p2a: Clefable|Protect|p2a: Clefable\n|-singleturn|p2a: Clefable|Protect\n|move|p1a: Gardevoir|Psychic|p2a: Clefable\n|-activate|p2a: Clefable|move: Protect\n|\n|-weather|Sandstorm|[upkeep]\n|-damage|p1a: Gardevoir|76\/100 tox|[from] Sandstorm\n|-heal|p2a: Clefable|80\/100|[from] item: Leftovers\n|-damage|p1a: Gardevoir|64\/100 tox|[from] psn\n|upkeep\n|turn|14\n|\n|t:|1700176224\n|switch|p1a: Shuckle|Shuckle, F, shiny|100\/100\n|switch|p2a: Bronzong|Bronzong|77\/100\n|\n|-weather|Sandstorm|[upkeep]\n|-heal|p2a: Bronzong|83\/100|[from] item: Leftovers\n|upkeep\n|turn|15\n|\n|t:|1700176237\n|move|p2a: Bronzong|Stealth Rock|p1a: Shuckle\n|-sidestart|p1: Joker1989g|move: Stealth Rock\n|move|p1a: Shuckle|Sticky Web|p2a: Bronzong\n|-sidestart|p2: larrybtheg|move: Sticky Web\n|\n|-weather|none\n|-heal|p2a: Bronzong|89\/100|[from] item: Leftovers\n|upkeep\n|turn|16\n|\n|t:|1700176251\n|move|p2a: Bronzong|Toxic|p1a: Shuckle\n|-status|p1a: Shuckle|tox\n|move|p1a: Shuckle|Encore|p2a: Bronzong\n|-start|p2a: Bronzong|Encore\n|\n|-heal|p2a: Bronzong|95\/100|[from] item: Leftovers\n|-damage|p1a: Shuckle|94\/100 tox|[from] psn\n|upkeep\n|turn|17\n|\n|t:|1700176271\n|switch|p2a: Machamp|Machamp, M|100\/100\n|-activate|p2a: Machamp|move: Sticky Web\n|-unboost|p2a: Machamp|spe|1\n|switch|p1a: Drifblim|Drifblim, F|40\/100\n|-damage|p1a: Drifblim|15\/100|[from] Stealth Rock\n|\n|upkeep\n|turn|18\n|\n|t:|1700176290\n|switch|p2a: Tyranitar|Tyranitar, F, shiny|59\/100 brn\n|-activate|p2a: Tyranitar|move: Sticky Web\n|-unboost|p2a: Tyranitar|spe|1\n|-weather|Sandstorm|[from] ability: Sand Stream|[of] p2a: Tyranitar\n|move|p1a: Drifblim|Explosion|p2a: Tyranitar\n|-resisted|p2a: Tyranitar\n|-damage|p2a: Tyranitar|34\/100 brn\n|faint|p1a: Drifblim\n|\n|-weather|Sandstorm|[upkeep]\n|-damage|p2a: Tyranitar|28\/100 brn|[from] brn\n|upkeep\n|\n|t:|1700176304\n|switch|p1a: .|Infernape, F|76\/100\n|-damage|p1a: .|64\/100|[from] Stealth Rock\n|turn|19\n|\n|t:|1700176336\n|move|p1a: .|Close Combat|p2a: Tyranitar\n|-supereffective|p2a: Tyranitar\n|-damage|p2a: Tyranitar|0 fnt\n|-unboost|p1a: .|def|1\n|-unboost|p1a: .|spd|1\n|faint|p2a: Tyranitar\n|\n|-weather|Sandstorm|[upkeep]\n|-damage|p1a: .|57\/100|[from] Sandstorm\n|upkeep\n|\n|t:|1700176357\n|switch|p2a: Swampert|Swampert, F|100\/100\n|-activate|p2a: Swampert|move: Sticky Web\n|-unboost|p2a: Swampert|spe|1\n|turn|20\n|\n|t:|1700176366\n|switch|p1a: Shuckle|Shuckle, F, shiny|94\/100 tox\n|-damage|p1a: Shuckle|69\/100 tox|[from] Stealth Rock\n|move|p2a: Swampert|Earthquake|p1a: Shuckle\n|-damage|p1a: Shuckle|48\/100 tox\n|-enditem|p1a: Shuckle|Red Card|[of] p2a: Swampert\n|drag|p2a: Staraptor|Staraptor, F|84\/100\n|-ability|p2a: Staraptor|Intimidate|boost\n|-unboost|p1a: Shuckle|atk|1\n|\n|-weather|Sandstorm|[upkeep]\n|-damage|p2a: Staraptor|78\/100|[from] Sandstorm\n|-damage|p1a: Shuckle|42\/100 tox|[from] psn\n|upkeep\n|turn|21\n|\n|t:|1700176384\n|move|p2a: Staraptor|Brave Bird|p1a: Shuckle\n|-damage|p1a: Shuckle|8\/100 tox\n|-damage|p2a: Staraptor|69\/100|[from] Recoil\n|move|p1a: Shuckle|Toxic|p2a: Staraptor\n|-status|p2a: Staraptor|tox\n|\n|-weather|Sandstorm|[upkeep]\n|-damage|p2a: Staraptor|63\/100 tox|[from] Sandstorm\n|-damage|p2a: Staraptor|57\/100 tox|[from] psn\n|-damage|p1a: Shuckle|0 fnt|[from] psn\n|faint|p1a: Shuckle\n|upkeep\n|\n|t:|1700176396\n|switch|p1a: Leafeon|Leafeon, F, shiny|100\/100\n|turn|22\n|\n|t:|1700176410\n|move|p1a: Leafeon|Protect|p1a: Leafeon\n|-singleturn|p1a: Leafeon|Protect\n|move|p2a: Staraptor|Brave Bird|p1a: Leafeon\n|-activate|p1a: Leafeon|move: Protect\n|\n|-weather|none\n|-damage|p2a: Staraptor|45\/100 tox|[from] psn\n|upkeep\n|turn|23\n|\n|t:|1700176419\n|move|p2a: Staraptor|Brave Bird|p1a: Leafeon\n|-supereffective|p1a: Leafeon\n|-damage|p1a: Leafeon|8\/100\n|-damage|p2a: Staraptor|18\/100 tox|[from] Recoil\n|move|p1a: Leafeon|Wish|p1a: Leafeon\n|\n|-damage|p2a: Staraptor|0 fnt|[from] psn\n|faint|p2a: Staraptor\n|upkeep\n|\n|t:|1700176436\n|switch|p2a: Machamp|Machamp, M|100\/100\n|-activate|p2a: Machamp|move: Sticky Web\n|-unboost|p2a: Machamp|spe|1\n|turn|24\n|\n|t:|1700176443\n|move|p1a: Leafeon|Protect|p1a: Leafeon\n|-singleturn|p1a: Leafeon|Protect\n|move|p2a: Machamp|Substitute|p2a: Machamp\n|-start|p2a: Machamp|Substitute\n|-damage|p2a: Machamp|76\/100\n|\n|-heal|p1a: Leafeon|58\/100|[from] move: Wish|[wisher] Leafeon\n|-heal|p2a: Machamp|82\/100|[from] item: Leftovers\n|upkeep\n|turn|25\n|\n|t:|1700176453\n|move|p1a: Leafeon|Leaf Blade|p2a: Machamp\n|-end|p2a: Machamp|Substitute\n|move|p2a: Machamp|Dynamic Punch|p1a: Leafeon\n|-damage|p1a: Leafeon|16\/100\n|-start|p1a: Leafeon|confusion\n|\n|-heal|p2a: Machamp|88\/100|[from] item: Leftovers\n|upkeep\n|turn|26\n|\n|t:|1700176463\n|-activate|p1a: Leafeon|confusion\n|move|p1a: Leafeon|Leaf Blade|p2a: Machamp\n|-crit|p2a: Machamp\n|-damage|p2a: Machamp|29\/100\n|move|p2a: Machamp|Dynamic Punch|p1a: Leafeon\n|-damage|p1a: Leafeon|0 fnt\n|faint|p1a: Leafeon\n|\n|-heal|p2a: Machamp|35\/100|[from] item: Leftovers\n|upkeep\n|\n|t:|1700176471\n|switch|p1a: Gardevoir|Gardevoir, M, shiny|64\/100 tox\n|-damage|p1a: Gardevoir|51\/100 tox|[from] Stealth Rock\n|-ability|p1a: Gardevoir|No Guard|[from] ability: Trace|[of] p2a: Machamp\n|turn|27\n|\n|t:|1700176519\n|move|p1a: Gardevoir|Moonblast|p2a: Machamp\n|-supereffective|p2a: Machamp\n|-damage|p2a: Machamp|0 fnt\n|faint|p2a: Machamp\n|\n|-damage|p1a: Gardevoir|45\/100 tox|[from] psn\n|upkeep\n|\n|t:|1700176527\n|switch|p2a: Bronzong|Bronzong|95\/100\n|-activate|p2a: Bronzong|move: Sticky Web\n|-unboost|p2a: Bronzong|spe|1\n|turn|28\n|\n|t:|1700176533\n|switch|p1a: .|Infernape, F|57\/100\n|-damage|p1a: .|45\/100|[from] Stealth Rock\n|move|p2a: Bronzong|Gyro Ball|p1a: .\n|-resisted|p1a: .\n|-damage|p1a: .|8\/100\n|\n|-heal|p2a: Bronzong|100\/100|[from] item: Leftovers\n|upkeep\n|turn|29\n|\n|t:|1700176547\n|move|p1a: .|Mach Punch|p2a: Bronzong\n|-damage|p2a: Bronzong|81\/100\n|move|p2a: Bronzong|Gyro Ball|p1a: .\n|-resisted|p1a: .\n|-damage|p1a: .|0 fnt\n|faint|p1a: .\n|\n|-heal|p2a: Bronzong|87\/100|[from] item: Leftovers\n|upkeep\n|\n|t:|1700176549\n|switch|p1a: Gardevoir|Gardevoir, M, shiny|45\/100 tox\n|-damage|p1a: Gardevoir|33\/100 tox|[from] Stealth Rock\n|-ability|p1a: Gardevoir|Heatproof|[from] ability: Trace|[of] p2a: Bronzong\n|turn|30\n|c|\u2606Joker1989g|gg\n|\n|t:|1700176559\n|move|p1a: Gardevoir|Healing Wish||[still]\n|-fail|p1a: Gardevoir\n|move|p2a: Bronzong|Gyro Ball|p1a: Gardevoir\n|-supereffective|p1a: Gardevoir\n|-damage|p1a: Gardevoir|0 fnt\n|faint|p1a: Gardevoir\n|\n|win|larrybtheg\n|c|\u2606larrybtheg|gg\n|l|\u2606Joker1989g\n","uploadtime":1700176569,"views":33,"p1id":"joker1989g","p2id":"larrybtheg","formatid":"gen9nationaldexubers","rating":0,"private":0,"password":""}