{"id":"gen9nationaldexubers-1991277423","p1":"700club","p2":"DrasticGray","format":"[Gen 9] National Dex Ubers","log":"|j|\u2606700club\n|j|\u2606DrasticGray\n|t:|1700063630\n|gametype|singles\n|player|p1|700club|shadowtriad|1263\n|player|p2|DrasticGray|swimmer|1242\n|teamsize|p1|6\n|teamsize|p2|6\n|gen|9\n|tier|[Gen 9] National Dex Ubers\n|rated|\n|rule|HP Percentage Mod: HP is shown in percentages\n|rule|Endless Battle Clause: Forcing endless battles is banned\n|rule|OHKO Clause: OHKO moves are banned\n|rule|Evasion Moves Clause: Evasion moves are banned\n|rule|Evasion Items Clause: Evasion items are banned\n|rule|Species Clause: Limit one of each Pok\u00e9mon\n|rule|Sleep Clause Mod: Limit one foe put to sleep\n|rule|Mega Rayquaza Clause: You cannot mega evolve Rayquaza\n|clearpoke\n|poke|p1|Ogerpon-Hearthflame, F|\n|poke|p1|Ditto|\n|poke|p1|Deoxys-Speed|\n|poke|p1|Mewtwo|\n|poke|p1|Necrozma-Dusk-Mane|\n|poke|p1|Quaquaval, M|\n|poke|p2|Sableye, F|\n|poke|p2|Shuckle, M|\n|poke|p2|Ferrothorn, F|\n|poke|p2|Toxapex, M|\n|poke|p2|Hippowdon, F|\n|poke|p2|Lugia|\n|teampreview\n|c|\u2606700club|hi\n|c|\u2606DrasticGray|hi\n|c|\u2606DrasticGray|:3\n|inactive|Battle timer is ON: inactive players will automatically lose when time's up. (requested by DrasticGray)\n|\n|t:|1700063691\n|start\n|switch|p1a: Ogerpon|Ogerpon-Hearthflame, F|100\/100\n|switch|p2a: Sableye|Sableye, F|100\/100\n|-ability|p1a: Ogerpon|Mold Breaker\n|turn|1\n|\n|t:|1700063707\n|detailschange|p2a: Sableye|Sableye-Mega, F\n|-mega|p2a: Sableye|Sableye|Sablenite\n|-terastallize|p1a: Ogerpon|Fire\n|detailschange|p1a: Ogerpon|Ogerpon-Hearthflame-Tera, F, tera:Fire\n|-ability|p1a: Ogerpon|Embody Aspect (Hearthflame)|boost\n|-boost|p1a: Ogerpon|atk|1\n|move|p2a: Sableye|Fake Out|p1a: Ogerpon\n|-damage|p1a: Ogerpon|91\/100\n|cant|p1a: Ogerpon|flinch\n|\n|upkeep\n|turn|2\n|\n|t:|1700063718\n|switch|p2a: Hippowdon|Hippowdon, F|100\/100\n|-weather|Sandstorm|[from] ability: Sand Stream|[of] p2a: Hippowdon\n|move|p1a: Ogerpon|Substitute|p1a: Ogerpon\n|-start|p1a: Ogerpon|Substitute\n|-damage|p1a: Ogerpon|66\/100\n|\n|-weather|Sandstorm|[upkeep]\n|-damage|p1a: Ogerpon|60\/100|[from] Sandstorm\n|upkeep\n|turn|3\n|\n|t:|1700063732\n|move|p1a: Ogerpon|Horn Leech|p2a: Hippowdon\n|-supereffective|p2a: Hippowdon\n|-damage|p2a: Hippowdon|43\/100\n|-heal|p1a: Ogerpon|94\/100|[from] drain|[of] p2a: Hippowdon\n|-damage|p1a: Ogerpon|77\/100|[from] item: Rocky Helmet|[of] p2a: Hippowdon\n|move|p2a: Hippowdon|Whirlwind|p1a: Ogerpon\n|drag|p1a: Mewtwo|Mewtwo|100\/100\n|-ability|p1a: Mewtwo|Unnerve\n|\n|-weather|Sandstorm|[upkeep]\n|-damage|p1a: Mewtwo|94\/100|[from] Sandstorm\n|upkeep\n|turn|4\n|\n|t:|1700063745\n|detailschange|p1a: Mewtwo|Mewtwo-Mega-Y\n|-mega|p1a: Mewtwo|Mewtwo|Mewtwonite Y\n|move|p1a: Mewtwo|Nasty Plot|p1a: Mewtwo\n|-boost|p1a: Mewtwo|spa|2\n|move|p2a: Hippowdon|Stealth Rock|p1a: Mewtwo\n|-sidestart|p1: 700club|move: Stealth Rock\n|\n|-weather|Sandstorm|[upkeep]\n|-damage|p1a: Mewtwo|88\/100|[from] Sandstorm\n|upkeep\n|turn|5\n|\n|t:|1700063768\n|move|p1a: Mewtwo|Ice Beam|p2a: Hippowdon\n|-supereffective|p2a: Hippowdon\n|-damage|p2a: Hippowdon|0 fnt\n|faint|p2a: Hippowdon\n|\n|-weather|Sandstorm|[upkeep]\n|-damage|p1a: Mewtwo|82\/100|[from] Sandstorm\n|upkeep\n|\n|t:|1700063773\n|switch|p2a: Lugia|Lugia|100\/100\n|turn|6\n|\n|t:|1700063782\n|move|p1a: Mewtwo|Ice Beam|p2a: Lugia\n|-supereffective|p2a: Lugia\n|-damage|p2a: Lugia|54\/100\n|-status|p2a: Lugia|frz\n|cant|p2a: Lugia|frz\n|\n|-weather|none\n|-heal|p2a: Lugia|60\/100 frz|[from] item: Leftovers\n|upkeep\n|turn|7\n|c|\u2606DrasticGray|ah gotem\n|c|\u2606DrasticGray|ggs\n|c|\u2606700club|gg\n|-message|DrasticGray forfeited.\n|\n|win|700club\n|raw|700club's rating: 1263 &rarr; <strong>1286<\/strong><br \/>(+23 for winning)\n|raw|DrasticGray's rating: 1242 &rarr; <strong>1219<\/strong><br \/>(-23 for losing)\n|l|\u2606DrasticGray\n","uploadtime":1700063804,"views":9,"p1id":"700club","p2id":"drasticgray","formatid":"gen9nationaldexubers","rating":1219,"private":0,"password":""}