{"id":"gen9nationaldexubers-1998536197","p1":"Pickedman","p2":"straightoutta14BC","format":"[Gen 9] National Dex Ubers","log":"|j|\u2606Pickedman\n|j|\u2606straightoutta14BC\n|inactive|Battle timer is ON: inactive players will automatically lose when time's up.\n|t:|1700953526\n|gametype|singles\n|player|p1|Pickedman|zinnia|\n|player|p2|straightoutta14BC|169|\n|teamsize|p1|6\n|teamsize|p2|6\n|gen|9\n|tier|[Gen 9] National Dex Ubers\n|rated|Tournament battle\n|rule|HP Percentage Mod: HP is shown in percentages\n|rule|Endless Battle Clause: Forcing endless battles is banned\n|rule|OHKO Clause: OHKO moves are banned\n|rule|Evasion Moves Clause: Evasion moves are banned\n|rule|Evasion Items Clause: Evasion items are banned\n|rule|Species Clause: Limit one of each Pok\u00e9mon\n|rule|Sleep Clause Mod: Limit one foe put to sleep\n|rule|Mega Rayquaza Clause: You cannot mega evolve Rayquaza\n|rule|Dynamax Clause: You cannot dynamax\n|rule|Terastal Clause: You cannot Terastallize\n|rule|Same Type Clause: Pok\u00e9mon in a team must share a type\n|clearpoke\n|poke|p1|Dialga-Origin|\n|poke|p1|Eternatus|\n|poke|p1|Zygarde|\n|poke|p1|Kyurem-White|\n|poke|p1|Rayquaza|\n|poke|p1|Naganadel|\n|poke|p2|Klinklang|\n|poke|p2|Bronzong|\n|poke|p2|Mawile, F|\n|poke|p2|Melmetal|\n|poke|p2|Stakataka|\n|poke|p2|Ferrothorn, F|\n|teampreview\n|inactive|straightoutta14BC has 120 seconds left.\n|inactive|straightoutta14BC has 90 seconds left.\n|inactive|straightoutta14BC has 60 seconds left.\n|\n|t:|1700953626\n|start\n|switch|p1a: Dialga|Dialga-Origin|100\/100\n|switch|p2a: Shenzhou|Klinklang|100\/100\n|-ability|p1a: Dialga|Pressure\n|turn|1\n|\n|t:|1700953633\n|move|p1a: Dialga|Thunder Wave|p2a: Shenzhou\n|-status|p2a: Shenzhou|par\n|move|p2a: Shenzhou|Trick Room|p2a: Shenzhou\n|-fieldstart|move: Trick Room|[of] p2a: Shenzhou\n|\n|upkeep\n|turn|2\n|\n|t:|1700953643\n|switch|p2a: Valentina|Mawile, F|100\/100\n|-ability|p2a: Valentina|Intimidate|boost\n|-unboost|p1a: Dialga|atk|1\n|move|p1a: Dialga|Stealth Rock|p2a: Valentina\n|-sidestart|p2: straightoutta14BC|move: Stealth Rock\n|\n|upkeep\n|turn|3\n|\n|t:|1700953651\n|detailschange|p2a: Valentina|Mawile-Mega, F\n|-mega|p2a: Valentina|Mawile|Mawilite\n|move|p2a: Valentina|Play Rough|p1a: Dialga\n|-damage|p1a: Dialga|37\/100\n|move|p1a: Dialga|Flash Cannon|p2a: Valentina\n|-damage|p2a: Valentina|24\/100\n|\n|upkeep\n|turn|4\n|\n|t:|1700953659\n|move|p2a: Valentina|Play Rough|p1a: Dialga\n|-damage|p1a: Dialga|0 fnt\n|faint|p1a: Dialga\n|\n|upkeep\n|\n|t:|1700953666\n|switch|p1a: Eternatus|Eternatus|100\/100\n|-ability|p1a: Eternatus|Pressure\n|turn|5\n|\n|t:|1700953673\n|switch|p2a: ISS|Stakataka|100\/100\n|-damage|p2a: ISS|94\/100|[from] Stealth Rock\n|move|p1a: Eternatus|Meteor Beam||[still]\n|-prepare|p1a: Eternatus|Meteor Beam\n|-boost|p1a: Eternatus|spa|1\n|-enditem|p1a: Eternatus|Power Herb\n|-anim|p1a: Eternatus|Meteor Beam|p2a: ISS\n|-resisted|p2a: ISS\n|-damage|p2a: ISS|58\/100\n|\n|-fieldend|move: Trick Room\n|upkeep\n|turn|6\n|\n|t:|1700953684\n|move|p1a: Eternatus|Flamethrower|p2a: ISS\n|-damage|p2a: ISS|7\/100\n|move|p2a: ISS|Trick Room|p2a: ISS\n|-fieldstart|move: Trick Room|[of] p2a: ISS\n|\n|upkeep\n|turn|7\n|\n|t:|1700953689\n|move|p2a: ISS|Gyro Ball|p1a: Eternatus\n|-damage|p1a: Eternatus|12\/100\n|-damage|p2a: ISS|0 fnt|[from] item: Life Orb\n|faint|p2a: ISS\n|move|p1a: Eternatus|Flamethrower|p2: ISS|[notarget]\n|-fail|p1a: Eternatus\n|\n|upkeep\n|\n|t:|1700953693\n|switch|p2a: Valentina|Mawile-Mega, F|24\/100\n|-damage|p2a: Valentina|17\/100|[from] Stealth Rock\n|turn|8\n|\n|t:|1700953696\n|move|p2a: Valentina|Play Rough|p1a: Eternatus\n|-damage|p1a: Eternatus|0 fnt\n|faint|p1a: Eternatus\n|\n|upkeep\n|\n|t:|1700953703\n|switch|p1a: Rayquaza|Rayquaza|100\/100\n|-ability|p1a: Rayquaza|Air Lock\n|turn|9\n|\n|t:|1700953707\n|move|p1a: Rayquaza|Extreme Speed|p2a: Valentina\n|-resisted|p2a: Valentina\n|-damage|p2a: Valentina|0 fnt\n|faint|p2a: Valentina\n|\n|upkeep\n|\n|t:|1700953710\n|switch|p2a: Nova|Melmetal|100\/100\n|-damage|p2a: Nova|94\/100|[from] Stealth Rock\n|turn|10\n|\n|t:|1700953715\n|switch|p1a: Zygarde|Zygarde|100\/100\n|move|p2a: Nova|Double Iron Bash|p1a: Zygarde\n|-damage|p1a: Zygarde|67\/100\n|-damage|p1a: Zygarde|30\/100\n|-hitcount|p1a: Zygarde|2\n|\n|-heal|p1a: Zygarde|36\/100|[from] item: Leftovers\n|-fieldend|move: Trick Room\n|-activate|p1a: Zygarde|ability: Power Construct\n|detailschange|p1a: Zygarde|Zygarde-Complete\n|-heal|p1a: Zygarde|58\/100|[silent]\n|upkeep\n|turn|11\n|\n|t:|1700953729\n|switch|p2a: Venera|Ferrothorn, F|100\/100\n|-damage|p2a: Venera|94\/100|[from] Stealth Rock\n|move|p1a: Zygarde|Coil|p1a: Zygarde\n|-boost|p1a: Zygarde|atk|1\n|-boost|p1a: Zygarde|def|1\n|-boost|p1a: Zygarde|accuracy|1\n|\n|-heal|p1a: Zygarde|65\/100|[from] item: Leftovers\n|-heal|p2a: Venera|100\/100|[from] item: Leftovers\n|upkeep\n|turn|12\n|\n|t:|1700953735\n|move|p1a: Zygarde|Coil|p1a: Zygarde\n|-boost|p1a: Zygarde|atk|1\n|-boost|p1a: Zygarde|def|1\n|-boost|p1a: Zygarde|accuracy|1\n|move|p2a: Venera|Leech Seed|p1a: Zygarde\n|-start|p1a: Zygarde|move: Leech Seed\n|\n|-heal|p1a: Zygarde|71\/100|[from] item: Leftovers\n|-damage|p1a: Zygarde|58\/100|[from] Leech Seed|[of] p2a: Venera\n|upkeep\n|turn|13\n|\n|t:|1700953741\n|move|p1a: Zygarde|Thousand Arrows|p2a: Venera\n|-damage|p2a: Venera|59\/100\n|move|p2a: Venera|Power Whip|p1a: Zygarde|[miss]\n|-miss|p2a: Venera|p1a: Zygarde\n|\n|-heal|p1a: Zygarde|65\/100|[from] item: Leftovers\n|-heal|p2a: Venera|66\/100|[from] item: Leftovers\n|-damage|p1a: Zygarde|52\/100|[from] Leech Seed|[of] p2a: Venera\n|-heal|p2a: Venera|88\/100|[silent]\n|upkeep\n|turn|14\n|\n|t:|1700953748\n|switch|p1a: Kyurem|Kyurem-White|100\/100\n|-ability|p1a: Kyurem|Turboblaze\n|move|p2a: Venera|Power Whip|p1a: Kyurem\n|-resisted|p1a: Kyurem\n|-damage|p1a: Kyurem|78\/100\n|\n|-heal|p2a: Venera|94\/100|[from] item: Leftovers\n|upkeep\n|turn|15\n|\n|t:|1700953758\n|switch|p2a: Shenzhou|Klinklang|100\/100 par\n|-damage|p2a: Shenzhou|94\/100 par|[from] Stealth Rock\n|move|p1a: Kyurem|Fusion Flare|p2a: Shenzhou\n|-supereffective|p2a: Shenzhou\n|-damage|p2a: Shenzhou|0 fnt\n|faint|p2a: Shenzhou\n|\n|upkeep\n|\n|t:|1700953765\n|switch|p2a: Echo|Bronzong|100\/100\n|-damage|p2a: Echo|94\/100|[from] Stealth Rock\n|turn|16\n|\n|t:|1700953770\n|move|p1a: Kyurem|Fusion Flare|p2a: Echo\n|-supereffective|p2a: Echo\n|-damage|p2a: Echo|36\/100\n|move|p2a: Echo|Trick Room|p2a: Echo\n|-fieldstart|move: Trick Room|[of] p2a: Echo\n|\n|upkeep\n|turn|17\n|\n|t:|1700953781\n|move|p2a: Echo|Gyro Ball|p1a: Kyurem\n|-supereffective|p1a: Kyurem\n|-damage|p1a: Kyurem|4\/100\n|move|p1a: Kyurem|Fusion Flare|p2a: Echo\n|-supereffective|p2a: Echo\n|-damage|p2a: Echo|0 fnt\n|faint|p2a: Echo\n|\n|upkeep\n|\n|t:|1700953785\n|switch|p2a: Nova|Melmetal|94\/100\n|-damage|p2a: Nova|88\/100|[from] Stealth Rock\n|turn|18\n|\n|t:|1700953789\n|switch|p1a: Zygarde|Zygarde-Complete|52\/100\n|move|p2a: Nova|Double Iron Bash|p1a: Zygarde\n|-damage|p1a: Zygarde|31\/100\n|-damage|p1a: Zygarde|9\/100\n|-hitcount|p1a: Zygarde|2\n|\n|-heal|p1a: Zygarde|16\/100|[from] item: Leftovers\n|upkeep\n|turn|19\n|j| Fixzation\n|\n|t:|1700953796\n|move|p2a: Nova|Double Iron Bash|p1a: Zygarde\n|-damage|p1a: Zygarde|0 fnt\n|faint|p1a: Zygarde\n|-hitcount|p1: Zygarde|1\n|\n|upkeep\n|\n|t:|1700953805\n|switch|p1a: Rayquaza|Rayquaza|100\/100\n|-ability|p1a: Rayquaza|Air Lock\n|turn|20\n|\n|t:|1700953807\n|move|p1a: Rayquaza|Extreme Speed|p2a: Nova\n|-resisted|p2a: Nova\n|-damage|p2a: Nova|77\/100\n|move|p2a: Nova|Double Iron Bash|p1a: Rayquaza\n|-damage|p1a: Rayquaza|26\/100\n|-crit|p1a: Rayquaza\n|-damage|p1a: Rayquaza|0 fnt\n|faint|p1a: Rayquaza\n|-hitcount|p1: Rayquaza|2\n|\n|-fieldend|move: Trick Room\n|upkeep\n|\n|t:|1700953812\n|switch|p1a: Kyurem|Kyurem-White|4\/100\n|-ability|p1a: Kyurem|Turboblaze\n|turn|21\n|\n|t:|1700953816\n|move|p1a: Kyurem|Fusion Flare|p2a: Nova\n|-supereffective|p2a: Nova\n|-damage|p2a: Nova|0 fnt\n|faint|p2a: Nova\n|\n|upkeep\n|-message|straightoutta14BC forfeited.\n|\n|win|Pickedman\n|n|\u2606Pickedman|pickedman\n|n|\u2606straightoutta14BC|straightoutta14bc\n|n| Fixzation|fixzation\n|l|\u2606Pickedman\n","uploadtime":1700953838,"views":4,"p1id":"pickedman","p2id":"straightoutta14bc","formatid":"gen9nationaldexubers","rating":0,"private":0,"password":""}