{"id":"gen9nationaldexubers-1998647339","p1":"WesFromOaksLab","p2":"WebbiestMage","format":"[Gen 9] National Dex Ubers","log":"|j|\u2606WesFromOaksLab\n|j|\u2606WebbiestMage\n|t:|1700967241\n|gametype|singles\n|player|p1|WesFromOaksLab|norman|\n|player|p2|WebbiestMage|lucas|\n|teamsize|p1|6\n|teamsize|p2|6\n|gen|9\n|tier|[Gen 9] National Dex Ubers\n|rule|HP Percentage Mod: HP is shown in percentages\n|rule|Endless Battle Clause: Forcing endless battles is banned\n|rule|OHKO Clause: OHKO moves are banned\n|rule|Evasion Moves Clause: Evasion moves are banned\n|rule|Evasion Items Clause: Evasion items are banned\n|rule|Species Clause: Limit one of each Pok\u00e9mon\n|rule|Sleep Clause Mod: Limit one foe put to sleep\n|rule|Mega Rayquaza Clause: You cannot mega evolve Rayquaza\n|clearpoke\n|poke|p1|Muk-Alola, M|\n|poke|p1|Pelipper, M|\n|poke|p1|Floatzel, F|\n|poke|p1|Zebstrika, F|\n|poke|p1|Tauros-Paldea-Blaze, M|\n|poke|p1|Pidgeot, M|\n|poke|p2|Annihilape, M|\n|poke|p2|Spectrier|\n|poke|p2|Sneasler, M|\n|poke|p2|Abomasnow, F|\n|poke|p2|Iron Leaves|\n|poke|p2|Fezandipiti, M|\n|teampreview\n|\n|t:|1700967263\n|start\n|switch|p1a: Tauros|Tauros-Paldea-Blaze, M|100\/100\n|switch|p2a: Iron Leaves|Iron Leaves|100\/100\n|-ability|p1a: Tauros|Intimidate|boost\n|-unboost|p2a: Iron Leaves|atk|1\n|-enditem|p2a: Iron Leaves|Booster Energy\n|-activate|p2a: Iron Leaves|ability: Quark Drive|[fromitem]\n|-start|p2a: Iron Leaves|quarkdrivespe\n|turn|1\n|\n|t:|1700967281\n|switch|p1a: Muk|Muk-Alola, M|100\/100\n|move|p2a: Iron Leaves|Trailblaze|p1a: Muk\n|-resisted|p1a: Muk\n|-damage|p1a: Muk|92\/100\n|-boost|p2a: Iron Leaves|spe|1\n|\n|-heal|p1a: Muk|98\/100|[from] item: Black Sludge\n|upkeep\n|turn|2\n|\n|t:|1700967295\n|move|p2a: Iron Leaves|Psyblade|p1a: Muk\n|-immune|p1a: Muk\n|move|p1a: Muk|Knock Off|p2a: Iron Leaves\n|-supereffective|p2a: Iron Leaves\n|-damage|p2a: Iron Leaves|46\/100\n|-status|p2a: Iron Leaves|psn|[from] ability: Poison Touch|[of] p1a: Muk\n|\n|-heal|p1a: Muk|100\/100|[from] item: Black Sludge\n|-damage|p2a: Iron Leaves|34\/100 psn|[from] psn\n|upkeep\n|turn|3\n|\n|t:|1700967309\n|move|p1a: Muk|Shadow Sneak|p2a: Iron Leaves\n|-supereffective|p2a: Iron Leaves\n|-damage|p2a: Iron Leaves|11\/100 psn\n|move|p2a: Iron Leaves|Trailblaze|p1a: Muk\n|-resisted|p1a: Muk\n|-damage|p1a: Muk|92\/100\n|-boost|p2a: Iron Leaves|spe|1\n|\n|-heal|p1a: Muk|98\/100|[from] item: Black Sludge\n|-damage|p2a: Iron Leaves|0 fnt|[from] psn\n|faint|p2a: Iron Leaves\n|-end|p2a: Iron Leaves|Quark Drive|[silent]\n|upkeep\n|\n|t:|1700967321\n|switch|p2a: Annihilape|Annihilape, M|100\/100\n|turn|4\n|\n|t:|1700967326\n|move|p2a: Annihilape|Bulk Up|p2a: Annihilape\n|-boost|p2a: Annihilape|atk|1\n|-boost|p2a: Annihilape|def|1\n|move|p1a: Muk|Toxic|p2a: Annihilape\n|-status|p2a: Annihilape|tox\n|\n|-heal|p1a: Muk|100\/100|[from] item: Black Sludge\n|-damage|p2a: Annihilape|94\/100 tox|[from] psn\n|upkeep\n|turn|5\n|\n|t:|1700967350\n|move|p2a: Annihilape|Taunt|p1a: Muk\n|-start|p1a: Muk|move: Taunt\n|move|p1a: Muk|Knock Off|p2a: Annihilape\n|-damage|p2a: Annihilape|70\/100 tox\n|-enditem|p2a: Annihilape|Leftovers|[from] move: Knock Off|[of] p1a: Muk\n|\n|-damage|p2a: Annihilape|58\/100 tox|[from] psn\n|upkeep\n|turn|6\n|\n|t:|1700967360\n|move|p1a: Muk|Shadow Sneak|p2a: Annihilape\n|-supereffective|p2a: Annihilape\n|-damage|p2a: Annihilape|45\/100 tox\n|move|p2a: Annihilape|Drain Punch|p1a: Muk\n|-damage|p1a: Muk|51\/100\n|-heal|p2a: Annihilape|69\/100 tox|[from] drain|[of] p1a: Muk\n|\n|-heal|p1a: Muk|57\/100|[from] item: Black Sludge\n|-damage|p2a: Annihilape|51\/100 tox|[from] psn\n|upkeep\n|turn|7\n|\n|t:|1700967377\n|switch|p1a: Pelipper|Pelipper, M|100\/100\n|-weather|RainDance|[from] ability: Drizzle|[of] p1a: Pelipper\n|move|p2a: Annihilape|Drain Punch|p1a: Pelipper\n|-resisted|p1a: Pelipper\n|-damage|p1a: Pelipper|83\/100\n|-heal|p2a: Annihilape|58\/100 tox|[from] drain|[of] p1a: Pelipper\n|\n|-weather|RainDance|[upkeep]\n|-damage|p2a: Annihilape|33\/100 tox|[from] psn\n|upkeep\n|turn|8\n|\n|t:|1700967396\n|move|p2a: Annihilape|Rage Fist|p1a: Pelipper\n|-damage|p1a: Pelipper|21\/100\n|move|p1a: Pelipper|Hurricane|p2a: Annihilape\n|-supereffective|p2a: Annihilape\n|-damage|p2a: Annihilape|0 fnt\n|faint|p2a: Annihilape\n|\n|-weather|RainDance|[upkeep]\n|upkeep\n|\n|t:|1700967405\n|switch|p2a: Fezandipiti|Fezandipiti, M|100\/100\n|turn|9\n|\n|t:|1700967413\n|switch|p1a: Muk|Muk-Alola, M|57\/100\n|move|p2a: Fezandipiti|Calm Mind|p2a: Fezandipiti\n|-boost|p2a: Fezandipiti|spa|1\n|-boost|p2a: Fezandipiti|spd|1\n|\n|-weather|RainDance|[upkeep]\n|-heal|p1a: Muk|63\/100|[from] item: Black Sludge\n|upkeep\n|turn|10\n|\n|t:|1700967426\n|move|p2a: Fezandipiti|Moonblast|p1a: Muk\n|-damage|p1a: Muk|40\/100\n|move|p1a: Muk|Pain Split|p2a: Fezandipiti\n|-sethp|p2a: Fezandipiti|72\/100|[from] move: Pain Split|[silent]\n|-sethp|p1a: Muk|66\/100|[from] move: Pain Split\n|\n|-weather|RainDance|[upkeep]\n|-heal|p2a: Fezandipiti|78\/100|[from] item: Leftovers\n|-heal|p1a: Muk|72\/100|[from] item: Black Sludge\n|upkeep\n|turn|11\n|\n|t:|1700967439\n|move|p2a: Fezandipiti|Calm Mind|p2a: Fezandipiti\n|-boost|p2a: Fezandipiti|spa|1\n|-boost|p2a: Fezandipiti|spd|1\n|move|p1a: Muk|Knock Off|p2a: Fezandipiti\n|-resisted|p2a: Fezandipiti\n|-damage|p2a: Fezandipiti|65\/100\n|-enditem|p2a: Fezandipiti|Leftovers|[from] move: Knock Off|[of] p1a: Muk\n|\n|-weather|RainDance|[upkeep]\n|-heal|p1a: Muk|78\/100|[from] item: Black Sludge\n|upkeep\n|turn|12\n|\n|t:|1700967462\n|switch|p1a: Floatzel|Floatzel, F|100\/100\n|move|p2a: Fezandipiti|Moonblast|p1a: Floatzel\n|-damage|p1a: Floatzel|9\/100\n|\n|-weather|RainDance|[upkeep]\n|upkeep\n|turn|13\n|\n|t:|1700967479\n|move|p1a: Floatzel|Wave Crash|p2a: Fezandipiti\n|-damage|p2a: Fezandipiti|0 fnt\n|faint|p2a: Fezandipiti\n|-damage|p1a: Floatzel|0 fnt|[from] Recoil\n|faint|p1a: Floatzel\n|\n|-weather|RainDance|[upkeep]\n|upkeep\n|\n|t:|1700967489\n|switch|p1a: Muk|Muk-Alola, M|78\/100\n|switch|p2a: Abomasnow|Abomasnow, F|100\/100\n|-weather|Snow|[from] ability: Snow Warning|[of] p2a: Abomasnow\n|turn|14\n|\n|t:|1700967502\n|detailschange|p2a: Abomasnow|Abomasnow-Mega, F\n|-mega|p2a: Abomasnow|Abomasnow|Abomasite\n|move|p1a: Muk|Toxic|p2a: Abomasnow\n|-status|p2a: Abomasnow|tox\n|move|p2a: Abomasnow|Blizzard|p1a: Muk\n|-damage|p1a: Muk|42\/100\n|\n|-weather|Snow|[upkeep]\n|-heal|p1a: Muk|48\/100|[from] item: Black Sludge\n|-damage|p2a: Abomasnow|94\/100 tox|[from] psn\n|upkeep\n|turn|15\n|\n|t:|1700967518\n|move|p1a: Muk|Pain Split|p2a: Abomasnow\n|-sethp|p2a: Abomasnow|74\/100 tox|[from] move: Pain Split|[silent]\n|-sethp|p1a: Muk|67\/100|[from] move: Pain Split\n|move|p2a: Abomasnow|Aurora Veil|p2a: Abomasnow\n|-sidestart|p2: WebbiestMage|move: Aurora Veil\n|\n|-weather|Snow|[upkeep]\n|-heal|p1a: Muk|73\/100|[from] item: Black Sludge\n|-damage|p2a: Abomasnow|61\/100 tox|[from] psn\n|upkeep\n|turn|16\n|\n|t:|1700967536\n|move|p1a: Muk|Shadow Sneak|p2a: Abomasnow\n|-damage|p2a: Abomasnow|58\/100 tox\n|move|p2a: Abomasnow|Blizzard|p1a: Muk\n|-damage|p1a: Muk|37\/100\n|\n|-weather|Snow|[upkeep]\n|-heal|p1a: Muk|43\/100|[from] item: Black Sludge\n|-damage|p2a: Abomasnow|40\/100 tox|[from] psn\n|upkeep\n|turn|17\n|\n|t:|1700967560\n|switch|p1a: Pelipper|Pelipper, M|21\/100\n|-weather|RainDance|[from] ability: Drizzle|[of] p1a: Pelipper\n|move|p2a: Abomasnow|Blizzard|p1a: Pelipper\n|-damage|p1a: Pelipper|0 fnt\n|faint|p1a: Pelipper\n|\n|-weather|RainDance|[upkeep]\n|-damage|p2a: Abomasnow|16\/100 tox|[from] psn\n|upkeep\n|\n|t:|1700967576\n|switch|p1a: Pidgeot|Pidgeot, M|100\/100\n|turn|18\n|\n|t:|1700967582\n|detailschange|p1a: Pidgeot|Pidgeot-Mega, M\n|-mega|p1a: Pidgeot|Pidgeot|Pidgeotite\n|move|p1a: Pidgeot|Hurricane|p2a: Abomasnow\n|-supereffective|p2a: Abomasnow\n|-damage|p2a: Abomasnow|0 fnt\n|faint|p2a: Abomasnow\n|\n|-weather|RainDance|[upkeep]\n|upkeep\n|\n|t:|1700967592\n|switch|p2a: Spectrier|Spectrier|100\/100\n|turn|19\n|\n|t:|1700967606\n|move|p2a: Spectrier|Substitute|p2a: Spectrier\n|-start|p2a: Spectrier|Substitute\n|-damage|p2a: Spectrier|76\/100\n|move|p1a: Pidgeot|Hurricane|p2a: Spectrier\n|-end|p2a: Spectrier|Substitute\n|\n|-weather|RainDance|[upkeep]\n|-heal|p2a: Spectrier|82\/100|[from] item: Leftovers\n|-sideend|p2: WebbiestMage|move: Aurora Veil\n|upkeep\n|turn|20\n|\n|t:|1700967619\n|move|p2a: Spectrier|Draining Kiss|p1a: Pidgeot\n|-damage|p1a: Pidgeot|74\/100\n|-heal|p2a: Spectrier|99\/100|[from] drain|[of] p1a: Pidgeot\n|move|p1a: Pidgeot|Hurricane|p2a: Spectrier\n|-damage|p2a: Spectrier|34\/100\n|-start|p2a: Spectrier|confusion\n|\n|-weather|RainDance|[upkeep]\n|-heal|p2a: Spectrier|40\/100|[from] item: Leftovers\n|upkeep\n|turn|21\n|\n|t:|1700967633\n|-activate|p2a: Spectrier|confusion\n|move|p2a: Spectrier|Shadow Ball|p1a: Pidgeot\n|-immune|p1a: Pidgeot\n|move|p1a: Pidgeot|Hurricane|p2a: Spectrier\n|-damage|p2a: Spectrier|0 fnt\n|faint|p2a: Spectrier\n|\n|-weather|RainDance|[upkeep]\n|upkeep\n|\n|t:|1700967642\n|switch|p2a: Sneasler|Sneasler, M|100\/100\n|-item|p2a: Sneasler|Air Balloon\n|turn|22\n|\n|t:|1700967651\n|move|p1a: Pidgeot|Hurricane|p2a: Sneasler\n|-supereffective|p2a: Sneasler\n|-damage|p2a: Sneasler|0 fnt\n|-enditem|p2a: Sneasler|Air Balloon\n|faint|p2a: Sneasler\n|\n|win|WesFromOaksLab\n","uploadtime":1700967660,"views":36,"p1id":"wesfromoakslab","p2id":"webbiestmage","formatid":"gen9nationaldexubers","rating":0,"private":0,"password":""}