{"id":"gen9nationaldexubers-1980622547","p1":"daoshiaipishi","p2":"longzaizi","format":"[Gen 9] National Dex Ubers","log":"|j|\u2606daoshiaipishi\n|j|\u2606longzaizi\n|t:|1698804393\n|gametype|singles\n|player|p1|daoshiaipishi|lady|1192\n|player|p2|longzaizi|clair|1249\n|teamsize|p1|6\n|teamsize|p2|6\n|gen|9\n|tier|[Gen 9] National Dex Ubers\n|rated|\n|rule|HP Percentage Mod: HP is shown in percentages\n|rule|Endless Battle Clause: Forcing endless battles is banned\n|rule|OHKO Clause: OHKO moves are banned\n|rule|Evasion Moves Clause: Evasion moves are banned\n|rule|Evasion Items Clause: Evasion items are banned\n|rule|Species Clause: Limit one of each Pok\u00e9mon\n|rule|Sleep Clause Mod: Limit one foe put to sleep\n|rule|Mega Rayquaza Clause: You cannot mega evolve Rayquaza\n|clearpoke\n|poke|p1|Melmetal|\n|poke|p1|Chansey, F|\n|poke|p1|Dachsbun, F|\n|poke|p1|Urshifu-*, F|\n|poke|p1|Regieleki|\n|poke|p1|Blastoise, M|\n|poke|p2|Baxcalibur, F|\n|poke|p2|Garganacl, M|\n|poke|p2|Iron Valiant|\n|poke|p2|Lokix, F|\n|poke|p2|Smeargle, M|\n|poke|p2|Tapu Koko|\n|teampreview\n|\n|t:|1698804399\n|start\n|switch|p1a: Melmetal|Melmetal|100\/100\n|switch|p2a: Lokix|Lokix, F|100\/100\n|turn|1\n|\n|t:|1698804411\n|move|p2a: Lokix|Axe Kick|p1a: Melmetal\n|-supereffective|p1a: Melmetal\n|-damage|p1a: Melmetal|61\/100\n|-damage|p2a: Lokix|84\/100|[from] item: Rocky Helmet|[of] p1a: Melmetal\n|-damage|p2a: Lokix|74\/100|[from] item: Life Orb\n|move|p1a: Melmetal|Double Iron Bash|p2a: Lokix\n|-damage|p2a: Lokix|23\/100\n|-damage|p2a: Lokix|0 fnt\n|faint|p2a: Lokix\n|-hitcount|p2: Lokix|2\n|\n|upkeep\n|\n|t:|1698804417\n|switch|p2a: \u4f60\u5e26\u5c01\u5370\u5e72\u2197\u561b\u2198\u554a|Smeargle, M|100\/100\n|turn|2\n|\n|t:|1698804423\n|move|p2a: \u4f60\u5e26\u5c01\u5370\u5e72\u2197\u561b\u2198\u554a|Spore|p1a: Melmetal\n|-status|p1a: Melmetal|slp|[from] move: Spore\n|cant|p1a: Melmetal|slp\n|\n|-ability|p2a: \u4f60\u5e26\u5c01\u5370\u5e72\u2197\u561b\u2198\u554a|Moody|boost\n|-boost|p2a: \u4f60\u5e26\u5c01\u5370\u5e72\u2197\u561b\u2198\u554a|spa|2\n|-unboost|p2a: \u4f60\u5e26\u5c01\u5370\u5e72\u2197\u561b\u2198\u554a|spe|1\n|upkeep\n|turn|3\n|\n|t:|1698804427\n|move|p2a: \u4f60\u5e26\u5c01\u5370\u5e72\u2197\u561b\u2198\u554a|Stealth Rock|p1a: Melmetal\n|-sidestart|p1: daoshiaipishi|move: Stealth Rock\n|-curestatus|p1a: Melmetal|slp|[msg]\n|move|p1a: Melmetal|Double Iron Bash|p2a: \u4f60\u5e26\u5c01\u5370\u5e72\u2197\u561b\u2198\u554a\n|-damage|p2a: \u4f60\u5e26\u5c01\u5370\u5e72\u2197\u561b\u2198\u554a|23\/100\n|-damage|p2a: \u4f60\u5e26\u5c01\u5370\u5e72\u2197\u561b\u2198\u554a|0 fnt\n|faint|p2a: \u4f60\u5e26\u5c01\u5370\u5e72\u2197\u561b\u2198\u554a\n|-hitcount|p2: \u4f60\u5e26\u5c01\u5370\u5e72\u2197\u561b\u2198\u554a|2\n|\n|upkeep\n|\n|t:|1698804432\n|switch|p2a: \u9ad8\u901f\u540c\u547d|Iron Valiant|100\/100\n|turn|4\n|\n|t:|1698804436\n|move|p2a: \u9ad8\u901f\u540c\u547d|Aura Sphere|p1a: Melmetal\n|-supereffective|p1a: Melmetal\n|-damage|p1a: Melmetal|0 fnt\n|faint|p1a: Melmetal\n|\n|upkeep\n|\n|t:|1698804439\n|switch|p1a: Regieleki|Regieleki|100\/100\n|turn|5\n|\n|t:|1698804445\n|-end|p2a: \u9ad8\u901f\u540c\u547d|Quark Drive|[silent]\n|switch|p2a: \u5ca9\u77f3\u7684\u91cd\u91cf\u8ba9\u6211\u5b89\u5fc3|Garganacl, M|100\/100\n|move|p1a: Regieleki|Rapid Spin|p2a: \u5ca9\u77f3\u7684\u91cd\u91cf\u8ba9\u6211\u5b89\u5fc3\n|-resisted|p2a: \u5ca9\u77f3\u7684\u91cd\u91cf\u8ba9\u6211\u5b89\u5fc3\n|-damage|p2a: \u5ca9\u77f3\u7684\u91cd\u91cf\u8ba9\u6211\u5b89\u5fc3|97\/100\n|-boost|p1a: Regieleki|spe|1\n|-sideend|p1: daoshiaipishi|Stealth Rock|[from] move: Rapid Spin|[of] p1a: Regieleki\n|\n|-heal|p2a: \u5ca9\u77f3\u7684\u91cd\u91cf\u8ba9\u6211\u5b89\u5fc3|100\/100|[from] item: Leftovers\n|upkeep\n|turn|6\n|\n|t:|1698804450\n|move|p1a: Regieleki|Thunderbolt|p2a: \u5ca9\u77f3\u7684\u91cd\u91cf\u8ba9\u6211\u5b89\u5fc3\n|-crit|p2a: \u5ca9\u77f3\u7684\u91cd\u91cf\u8ba9\u6211\u5b89\u5fc3\n|-damage|p2a: \u5ca9\u77f3\u7684\u91cd\u91cf\u8ba9\u6211\u5b89\u5fc3|44\/100\n|move|p2a: \u5ca9\u77f3\u7684\u91cd\u91cf\u8ba9\u6211\u5b89\u5fc3|Curse|p2a: \u5ca9\u77f3\u7684\u91cd\u91cf\u8ba9\u6211\u5b89\u5fc3\n|-unboost|p2a: \u5ca9\u77f3\u7684\u91cd\u91cf\u8ba9\u6211\u5b89\u5fc3|spe|1\n|-boost|p2a: \u5ca9\u77f3\u7684\u91cd\u91cf\u8ba9\u6211\u5b89\u5fc3|atk|1\n|-boost|p2a: \u5ca9\u77f3\u7684\u91cd\u91cf\u8ba9\u6211\u5b89\u5fc3|def|1\n|\n|-heal|p2a: \u5ca9\u77f3\u7684\u91cd\u91cf\u8ba9\u6211\u5b89\u5fc3|50\/100|[from] item: Leftovers\n|upkeep\n|turn|7\n|\n|t:|1698804456\n|move|p1a: Regieleki|Thunderbolt|p2a: \u5ca9\u77f3\u7684\u91cd\u91cf\u8ba9\u6211\u5b89\u5fc3\n|-damage|p2a: \u5ca9\u77f3\u7684\u91cd\u91cf\u8ba9\u6211\u5b89\u5fc3|14\/100\n|move|p2a: \u5ca9\u77f3\u7684\u91cd\u91cf\u8ba9\u6211\u5b89\u5fc3|Recover|p2a: \u5ca9\u77f3\u7684\u91cd\u91cf\u8ba9\u6211\u5b89\u5fc3\n|-heal|p2a: \u5ca9\u77f3\u7684\u91cd\u91cf\u8ba9\u6211\u5b89\u5fc3|64\/100\n|\n|-heal|p2a: \u5ca9\u77f3\u7684\u91cd\u91cf\u8ba9\u6211\u5b89\u5fc3|70\/100|[from] item: Leftovers\n|upkeep\n|turn|8\n|\n|t:|1698804460\n|move|p1a: Regieleki|Volt Switch|p2a: \u5ca9\u77f3\u7684\u91cd\u91cf\u8ba9\u6211\u5b89\u5fc3\n|-damage|p2a: \u5ca9\u77f3\u7684\u91cd\u91cf\u8ba9\u6211\u5b89\u5fc3|41\/100\n|\n|t:|1698804462\n|switch|p1a: Blastoise|Blastoise, M|100\/100|[from] Volt Switch\n|move|p2a: \u5ca9\u77f3\u7684\u91cd\u91cf\u8ba9\u6211\u5b89\u5fc3|Salt Cure|p1a: Blastoise\n|-damage|p1a: Blastoise|75\/100\n|-start|p1a: Blastoise|Salt Cure\n|\n|-heal|p2a: \u5ca9\u77f3\u7684\u91cd\u91cf\u8ba9\u6211\u5b89\u5fc3|48\/100|[from] item: Leftovers\n|-damage|p1a: Blastoise|51\/100|[from] Salt Cure\n|upkeep\n|turn|9\n|\n|t:|1698804469\n|switch|p2a: \u767d\u7ed9|Tapu Koko|100\/100\n|-fieldstart|move: Electric Terrain|[from] ability: Electric Surge|[of] p2a: \u767d\u7ed9\n|detailschange|p1a: Blastoise|Blastoise-Mega, M\n|-mega|p1a: Blastoise|Blastoise|Blastoisinite\n|move|p1a: Blastoise|Water Pulse|p2a: \u767d\u7ed9\n|-damage|p2a: \u767d\u7ed9|27\/100\n|\n|-heal|p2a: \u767d\u7ed9|33\/100|[from] item: Leftovers\n|-damage|p1a: Blastoise|26\/100|[from] Salt Cure\n|upkeep\n|turn|10\n|\n|t:|1698804473\n|switch|p1a: Chansey|Chansey, F|100\/100\n|move|p2a: \u767d\u7ed9|Volt Switch|p1a: Chansey\n|-damage|p1a: Chansey|88\/100\n|\n|t:|1698804478\n|switch|p2a: \u5ca9\u77f3\u7684\u91cd\u91cf\u8ba9\u6211\u5b89\u5fc3|Garganacl, M|48\/100|[from] Volt Switch\n|\n|-heal|p2a: \u5ca9\u77f3\u7684\u91cd\u91cf\u8ba9\u6211\u5b89\u5fc3|54\/100|[from] item: Leftovers\n|upkeep\n|turn|11\n|\n|t:|1698804484\n|move|p2a: \u5ca9\u77f3\u7684\u91cd\u91cf\u8ba9\u6211\u5b89\u5fc3|Salt Cure|p1a: Chansey\n|-damage|p1a: Chansey|79\/100\n|-start|p1a: Chansey|Salt Cure\n|move|p1a: Chansey|Teleport|p1a: Chansey\n|\n|t:|1698804486\n|switch|p1a: Blastoise|Blastoise-Mega, M|26\/100|[from] Teleport\n|\n|-heal|p2a: \u5ca9\u77f3\u7684\u91cd\u91cf\u8ba9\u6211\u5b89\u5fc3|60\/100|[from] item: Leftovers\n|upkeep\n|turn|12\n|\n|t:|1698804492\n|switch|p2a: \u9ad8\u901f\u540c\u547d|Iron Valiant|100\/100\n|-activate|p2a: \u9ad8\u901f\u540c\u547d|ability: Quark Drive\n|-start|p2a: \u9ad8\u901f\u540c\u547d|quarkdrivespe\n|move|p1a: Blastoise|Shell Smash|p1a: Blastoise\n|-unboost|p1a: Blastoise|def|1\n|-unboost|p1a: Blastoise|spd|1\n|-boost|p1a: Blastoise|atk|2\n|-boost|p1a: Blastoise|spa|2\n|-boost|p1a: Blastoise|spe|2\n|\n|upkeep\n|turn|13\n|\n|t:|1698804496\n|move|p1a: Blastoise|Water Pulse|p2a: \u9ad8\u901f\u540c\u547d\n|-damage|p2a: \u9ad8\u901f\u540c\u547d|0 fnt\n|faint|p2a: \u9ad8\u901f\u540c\u547d\n|-end|p2a: \u9ad8\u901f\u540c\u547d|Quark Drive|[silent]\n|\n|-fieldend|move: Electric Terrain\n|upkeep\n|\n|t:|1698804502\n|switch|p2a: \u7ffb\u8f66\u9f99|Baxcalibur, F|100\/100\n|turn|14\n|\n|t:|1698804509\n|move|p2a: \u7ffb\u8f66\u9f99|Ice Shard|p1a: Blastoise\n|-resisted|p1a: Blastoise\n|-damage|p1a: Blastoise|9\/100\n|move|p1a: Blastoise|Aura Sphere|p2a: \u7ffb\u8f66\u9f99\n|-supereffective|p2a: \u7ffb\u8f66\u9f99\n|-damage|p2a: \u7ffb\u8f66\u9f99|0 fnt\n|faint|p2a: \u7ffb\u8f66\u9f99\n|\n|upkeep\n|-message|longzaizi forfeited.\n|\n|win|daoshiaipishi\n|raw|daoshiaipishi's rating: 1192 &rarr; <strong>1221<\/strong><br \/>(+29 for winning)\n|raw|longzaizi's rating: 1249 &rarr; <strong>1220<\/strong><br \/>(-29 for losing)\n|l|\u2606longzaizi\n","uploadtime":1698804519,"views":18,"p1id":"daoshiaipishi","p2id":"longzaizi","formatid":"gen9nationaldexubers","rating":1220,"private":0,"password":""}