{"id":"gen9nationaldexubers-1984794368","p1":"NotMystery","p2":"aguinaldo124","format":"[Gen 9] National Dex Ubers","log":"|j|\u2606NotMystery\n|j|\u2606aguinaldo124\n|t:|1699299550\n|gametype|singles\n|player|p1|NotMystery|skyla-masters2|1368\n|player|p2|aguinaldo124|bruno|1325\n|teamsize|p1|6\n|teamsize|p2|6\n|gen|9\n|tier|[Gen 9] National Dex Ubers\n|rated|\n|rule|HP Percentage Mod: HP is shown in percentages\n|rule|Endless Battle Clause: Forcing endless battles is banned\n|rule|OHKO Clause: OHKO moves are banned\n|rule|Evasion Moves Clause: Evasion moves are banned\n|rule|Evasion Items Clause: Evasion items are banned\n|rule|Species Clause: Limit one of each Pok\u00e9mon\n|rule|Sleep Clause Mod: Limit one foe put to sleep\n|rule|Mega Rayquaza Clause: You cannot mega evolve Rayquaza\n|clearpoke\n|poke|p1|Smeargle, F|\n|poke|p1|Flutter Mane|\n|poke|p1|Necrozma-Dusk-Mane|\n|poke|p1|Landorus, M|\n|poke|p1|Urshifu-*, M|\n|poke|p1|Blastoise, M|\n|poke|p2|Xerneas-*|\n|poke|p2|Marshadow|\n|poke|p2|Necrozma-Dusk-Mane|\n|poke|p2|Arceus|\n|poke|p2|Kyogre|\n|poke|p2|Smeargle, M|\n|teampreview\n|inactive|Battle timer is ON: inactive players will automatically lose when time's up. (requested by NotMystery)\n|\n|t:|1699299559\n|start\n|switch|p1a: Smeargle|Smeargle, F|100\/100\n|switch|p2a: Smeargle|Smeargle, M|100\/100\n|turn|1\n|\n|t:|1699299566\n|move|p1a: Smeargle|Spore|p2a: Smeargle\n|-status|p2a: Smeargle|slp|[from] move: Spore\n|cant|p2a: Smeargle|slp\n|\n|-ability|p1a: Smeargle|Moody|boost\n|-boost|p1a: Smeargle|atk|2\n|-unboost|p1a: Smeargle|spe|1\n|upkeep\n|turn|2\n|\n|t:|1699299577\n|cant|p2a: Smeargle|slp\n|move|p1a: Smeargle|Spikes|p2a: Smeargle\n|-sidestart|p2: aguinaldo124|Spikes\n|\n|-ability|p1a: Smeargle|Moody|boost\n|-boost|p1a: Smeargle|atk|2\n|-unboost|p1a: Smeargle|spe|1\n|upkeep\n|turn|3\n|c|\u2606NotMystery|my speed\n|\n|t:|1699299590\n|cant|p2a: Smeargle|slp\n|move|p1a: Smeargle|Spikes|p2a: Smeargle\n|-sidestart|p2: aguinaldo124|Spikes\n|\n|-ability|p1a: Smeargle|Moody|boost\n|-boost|p1a: Smeargle|def|2\n|-unboost|p1a: Smeargle|atk|1\n|upkeep\n|turn|4\n|\n|t:|1699299599\n|-curestatus|p2a: Smeargle|slp|[msg]\n|move|p2a: Smeargle|Sticky Web|p1a: Smeargle\n|-sidestart|p1: NotMystery|move: Sticky Web\n|move|p1a: Smeargle|Spikes|p2a: Smeargle\n|-sidestart|p2: aguinaldo124|Spikes\n|\n|-ability|p1a: Smeargle|Moody|boost\n|-boost|p1a: Smeargle|spe|2\n|-unboost|p1a: Smeargle|atk|1\n|upkeep\n|turn|5\n|\n|t:|1699299609\n|-singleturn|p1a: Smeargle|move: Beak Blast\n|move|p2a: Smeargle|Stealth Rock|p1a: Smeargle\n|-sidestart|p1: NotMystery|move: Stealth Rock\n|move|p1a: Smeargle|Beak Blast|p2a: Smeargle\n|-damage|p2a: Smeargle|30\/100\n|\n|-ability|p1a: Smeargle|Moody|boost\n|-boost|p1a: Smeargle|def|2\n|-unboost|p1a: Smeargle|spa|1\n|upkeep\n|turn|6\n|\n|t:|1699299620\n|-singleturn|p1a: Smeargle|move: Beak Blast\n|move|p2a: Smeargle|Spore|p1a: Smeargle\n|-status|p1a: Smeargle|slp|[from] move: Spore\n|cant|p1a: Smeargle|slp\n|\n|-ability|p1a: Smeargle|Moody|boost\n|-boost|p1a: Smeargle|spa|2\n|-unboost|p1a: Smeargle|spe|1\n|upkeep\n|turn|7\n|\n|t:|1699299632\n|-singleturn|p1a: Smeargle|move: Beak Blast\n|move|p2a: Smeargle|Seismic Toss|p1a: Smeargle\n|-damage|p1a: Smeargle|61\/100 slp\n|-status|p2a: Smeargle|brn\n|cant|p1a: Smeargle|slp\n|\n|-damage|p2a: Smeargle|24\/100 brn|[from] brn\n|-ability|p1a: Smeargle|Moody|boost\n|-boost|p1a: Smeargle|spe|2\n|-unboost|p1a: Smeargle|spa|1\n|upkeep\n|turn|8\n|\n|t:|1699299645\n|-singleturn|p1a: Smeargle|move: Beak Blast\n|move|p2a: Smeargle|Seismic Toss|p1a: Smeargle\n|-damage|p1a: Smeargle|21\/100 slp\n|cant|p1a: Smeargle|slp\n|\n|-damage|p2a: Smeargle|18\/100 brn|[from] brn\n|-ability|p1a: Smeargle|Moody|boost\n|-boost|p1a: Smeargle|atk|2\n|-unboost|p1a: Smeargle|def|1\n|upkeep\n|turn|9\n|\n|t:|1699299657\n|-singleturn|p1a: Smeargle|move: Beak Blast\n|move|p2a: Smeargle|Seismic Toss|p1a: Smeargle\n|-damage|p1a: Smeargle|0 fnt\n|faint|p1a: Smeargle\n|\n|-damage|p2a: Smeargle|12\/100 brn|[from] brn\n|upkeep\n|\n|t:|1699299662\n|switch|p1a: Landorus|Landorus, M|100\/100\n|-damage|p1a: Landorus|88\/100|[from] Stealth Rock\n|turn|10\n|\n|t:|1699299673\n|move|p1a: Landorus|Earth Power|p2a: Smeargle\n|-damage|p2a: Smeargle|0 fnt\n|faint|p2a: Smeargle\n|\n|upkeep\n|\n|t:|1699299688\n|switch|p2a: Kyogre|Kyogre|100\/100\n|-damage|p2a: Kyogre|76\/100|[from] Spikes\n|-weather|RainDance|[from] ability: Drizzle|[of] p2a: Kyogre\n|turn|11\n|\n|t:|1699299696\n|move|p2a: Kyogre|Water Spout|p1a: Landorus\n|-supereffective|p1a: Landorus\n|-damage|p1a: Landorus|0 fnt\n|faint|p1a: Landorus\n|\n|-weather|RainDance|[upkeep]\n|upkeep\n|-message|NotMystery forfeited.\n|\n|win|aguinaldo124\n|raw|NotMystery's rating: 1368 &rarr; <strong>1346<\/strong><br \/>(-22 for losing)\n|raw|aguinaldo124's rating: 1325 &rarr; <strong>1347<\/strong><br \/>(+22 for winning)\n|l|\u2606NotMystery\n|c|\u2606aguinaldo124|Gg\n","uploadtime":1699299713,"views":10,"p1id":"notmystery","p2id":"aguinaldo124","formatid":"gen9nationaldexubers","rating":1346,"private":0,"password":""}