{"id":"gen9nationaldexubers-1994950143","p1":"Ervinha","p2":"krookodilemoxie","format":"[Gen 9] National Dex Ubers","log":"|j|\u2606Ervinha\n|j|\u2606krookodilemoxie\n|t:|1700507396\n|gametype|singles\n|player|p1|Ervinha|1|1111\n|player|p2|krookodilemoxie|byron|1109\n|teamsize|p1|6\n|teamsize|p2|6\n|gen|9\n|tier|[Gen 9] National Dex Ubers\n|rated|\n|rule|HP Percentage Mod: HP is shown in percentages\n|rule|Endless Battle Clause: Forcing endless battles is banned\n|rule|OHKO Clause: OHKO moves are banned\n|rule|Evasion Moves Clause: Evasion moves are banned\n|rule|Evasion Items Clause: Evasion items are banned\n|rule|Species Clause: Limit one of each Pok\u00e9mon\n|rule|Sleep Clause Mod: Limit one foe put to sleep\n|rule|Mega Rayquaza Clause: You cannot mega evolve Rayquaza\n|clearpoke\n|poke|p1|Gliscor, M|\n|poke|p1|Zacian-*|\n|poke|p1|Toxapex, M|\n|poke|p1|Iron Valiant|\n|poke|p1|Spectrier|\n|poke|p1|Moltres|\n|poke|p2|Tentacruel, F|\n|poke|p2|Nihilego|\n|poke|p2|Ferrothorn, F|\n|poke|p2|Grapploct, M|\n|poke|p2|Octillery, F|\n|poke|p2|Omastar, F|\n|teampreview\n|inactive|Battle timer is ON: inactive players will automatically lose when time's up. (requested by krookodilemoxie)\n|\n|t:|1700507407\n|start\n|switch|p1a: Moltres|Moltres|100\/100\n|switch|p2a: Tentacruel|Tentacruel, F|100\/100\n|turn|1\n|\n|t:|1700507417\n|switch|p1a: Toxapex|Toxapex, M|100\/100\n|move|p2a: Tentacruel|Toxic|p1a: Toxapex\n|-immune|p1a: Toxapex\n|\n|upkeep\n|turn|2\n|\n|t:|1700507431\n|switch|p2a: Nihilego|Nihilego|100\/100\n|move|p1a: Toxapex|Toxic|p2a: Nihilego\n|-immune|p2a: Nihilego\n|\n|upkeep\n|turn|3\n|\n|t:|1700507445\n|switch|p1a: Gliscor|Gliscor, M|100\/100\n|move|p2a: Nihilego|Head Smash|p1a: Gliscor\n|-damage|p1a: Gliscor|52\/100\n|-damage|p2a: Nihilego|80\/100|[from] Recoil\n|\n|-status|p1a: Gliscor|tox|[from] item: Toxic Orb\n|upkeep\n|turn|4\n|\n|t:|1700507457\n|move|p2a: Nihilego|Head Smash|p1a: Gliscor\n|-damage|p1a: Gliscor|3\/100 tox\n|-damage|p2a: Nihilego|60\/100|[from] Recoil\n|move|p1a: Gliscor|Roost|p1a: Gliscor\n|-heal|p1a: Gliscor|53\/100 tox\n|-singleturn|p1a: Gliscor|move: Roost\n|\n|-heal|p1a: Gliscor|65\/100 tox|[from] ability: Poison Heal\n|upkeep\n|turn|5\n|\n|t:|1700507473\n|switch|p2a: Ferrothorn|Ferrothorn, F, shiny|100\/100\n|move|p1a: Gliscor|Roost|p1a: Gliscor\n|-heal|p1a: Gliscor|100\/100 tox\n|-singleturn|p1a: Gliscor|move: Roost\n|\n|upkeep\n|turn|6\n|\n|t:|1700507484\n|move|p1a: Gliscor|Earthquake|p2a: Ferrothorn\n|-damage|p2a: Ferrothorn|73\/100\n|-zpower|p2a: Ferrothorn\n|move|p2a: Ferrothorn|Bloom Doom|p1a: Gliscor|[zeffect]\n|-damage|p1a: Gliscor|2\/100 tox\n|\n|-heal|p1a: Gliscor|15\/100 tox|[from] ability: Poison Heal\n|upkeep\n|turn|7\n|\n|t:|1700507496\n|move|p1a: Gliscor|Roost|p1a: Gliscor\n|-heal|p1a: Gliscor|65\/100 tox\n|-singleturn|p1a: Gliscor|move: Roost\n|move|p2a: Ferrothorn|Steel Beam|p1a: Gliscor\n|-damage|p1a: Gliscor|0 fnt\n|-damage|p2a: Ferrothorn|23\/100|[from] steelbeam\n|faint|p1a: Gliscor\n|\n|upkeep\n|\n|t:|1700507509\n|switch|p1a: Spectrier|Spectrier|100\/100\n|turn|8\n|\n|t:|1700507516\n|move|p1a: Spectrier|Shadow Ball|p2a: Ferrothorn\n|-damage|p2a: Ferrothorn|0 fnt\n|faint|p2a: Ferrothorn\n|-ability|p1a: Spectrier|Grim Neigh|boost\n|-boost|p1a: Spectrier|spa|1\n|\n|upkeep\n|\n|t:|1700507528\n|switch|p2a: Nihilego|Nihilego|60\/100\n|turn|9\n|\n|t:|1700507532\n|-terastallize|p2a: Nihilego|Dark\n|move|p1a: Spectrier|Shadow Ball|p2a: Nihilego\n|-resisted|p2a: Nihilego\n|-damage|p2a: Nihilego|23\/100\n|move|p2a: Nihilego|Knock Off|p1a: Spectrier\n|-supereffective|p1a: Spectrier\n|-damage|p1a: Spectrier|0 fnt\n|-enditem|p1a: Spectrier|Choice Specs|[from] move: Knock Off|[of] p2a: Nihilego\n|faint|p1a: Spectrier\n|-ability|p2a: Nihilego|Beast Boost|boost\n|-boost|p2a: Nihilego|spe|1\n|\n|upkeep\n|\n|t:|1700507550\n|switch|p1a: Iron Valiant|Iron Valiant|100\/100\n|turn|10\n|\n|t:|1700507556\n|move|p2a: Nihilego|Knock Off|p1a: Iron Valiant\n|-resisted|p1a: Iron Valiant\n|-damage|p1a: Iron Valiant|87\/100\n|-enditem|p1a: Iron Valiant|Choice Scarf|[from] move: Knock Off|[of] p2a: Nihilego\n|move|p1a: Iron Valiant|Thunderbolt|p2a: Nihilego\n|-damage|p2a: Nihilego|5\/100\n|\n|upkeep\n|turn|11\n|\n|t:|1700507570\n|move|p2a: Nihilego|Knock Off|p1a: Iron Valiant\n|-resisted|p1a: Iron Valiant\n|-damage|p1a: Iron Valiant|79\/100\n|move|p1a: Iron Valiant|Moonblast|p2a: Nihilego\n|-supereffective|p2a: Nihilego\n|-damage|p2a: Nihilego|0 fnt\n|faint|p2a: Nihilego\n|\n|upkeep\n|\n|t:|1700507588\n|switch|p2a: Octillery|Octillery, F|100\/100\n|turn|12\n|\n|t:|1700507601\n|move|p1a: Iron Valiant|Thunderbolt|p2a: Octillery\n|-supereffective|p2a: Octillery\n|-damage|p2a: Octillery|36\/100\n|move|p2a: Octillery|Dive||[still]\n|-prepare|p2a: Octillery|Dive\n|\n|-ability|p2a: Octillery|Moody|boost\n|-boost|p2a: Octillery|spe|2\n|-unboost|p2a: Octillery|spd|1\n|upkeep\n|turn|13\n|\n|t:|1700507610\n|-end|p1a: Iron Valiant|Quark Drive|[silent]\n|switch|p1a: Toxapex|Toxapex, M|100\/100\n|move|p2a: Octillery|Dive|p1a: Toxapex|[from]lockedmove\n|-resisted|p1a: Toxapex\n|-damage|p1a: Toxapex|85\/100\n|\n|-heal|p1a: Toxapex|91\/100|[from] item: Black Sludge\n|-ability|p2a: Octillery|Moody|boost\n|-boost|p2a: Octillery|def|2\n|-unboost|p2a: Octillery|spa|1\n|upkeep\n|turn|14\n|\n|t:|1700507622\n|move|p2a: Octillery|Rest|p2a: Octillery\n|-status|p2a: Octillery|slp|[from] move: Rest\n|-heal|p2a: Octillery|100\/100 slp|[silent]\n|-enditem|p2a: Octillery|Chesto Berry|[eat]\n|-curestatus|p2a: Octillery|slp|[msg]\n|move|p1a: Toxapex|Haze|p1a: Toxapex\n|-clearallboost\n|\n|-heal|p1a: Toxapex|97\/100|[from] item: Black Sludge\n|-ability|p2a: Octillery|Moody|boost\n|-boost|p2a: Octillery|spd|2\n|-unboost|p2a: Octillery|def|1\n|upkeep\n|turn|15\n|\n|t:|1700507637\n|move|p2a: Octillery|Bounce||[still]\n|-prepare|p2a: Octillery|Bounce\n|move|p1a: Toxapex|Toxic|p2a: Octillery\n|-status|p2a: Octillery|tox\n|\n|-heal|p1a: Toxapex|100\/100|[from] item: Black Sludge\n|-damage|p2a: Octillery|94\/100 tox|[from] psn\n|-ability|p2a: Octillery|Moody|boost\n|-boost|p2a: Octillery|spd|2\n|-unboost|p2a: Octillery|atk|1\n|upkeep\n|turn|16\n|\n|t:|1700507652\n|switch|p1a: Zacian|Zacian-Crowned|100\/100\n|-ability|p1a: Zacian|Intrepid Sword|boost\n|-boost|p1a: Zacian|atk|1\n|move|p2a: Octillery|Bounce|p1a: Zacian|[from]lockedmove\n|-resisted|p1a: Zacian\n|-damage|p1a: Zacian|93\/100\n|-status|p1a: Zacian|par\n|\n|-damage|p2a: Octillery|82\/100 tox|[from] psn\n|-ability|p2a: Octillery|Moody|boost\n|-boost|p2a: Octillery|spd|2\n|-unboost|p2a: Octillery|atk|1\n|upkeep\n|turn|17\n|c|\u2606Ervinha|REALLY\n|inactive|Ervinha has 120 seconds left.\n|c|\u2606Ervinha|PARALIZED\n|c|\u2606Ervinha|SUCK MT BIG BALLS\n|inactive|krookodilemoxie has 120 seconds left.\n|\n|t:|1700507710\n|switch|p2a: Omastar|Omastar, F|100\/100\n|move|p1a: Zacian|Swords Dance|p1a: Zacian\n|-boost|p1a: Zacian|atk|2\n|\n|upkeep\n|turn|18\n|\n|t:|1700507719\n|move|p2a: Omastar|Hydro Pump|p1a: Zacian\n|-damage|p1a: Zacian|36\/100 par\n|move|p1a: Zacian|Behemoth Blade|p2a: Omastar\n|-damage|p2a: Omastar|0 fnt\n|faint|p2a: Omastar\n|\n|upkeep\n|\n|t:|1700507729\n|switch|p2a: Tentacruel|Tentacruel, F|100\/100\n|turn|19\n|\n|t:|1700507735\n|move|p2a: Tentacruel|Scald|p1a: Zacian\n|-damage|p1a: Zacian|5\/100 par\n|cant|p1a: Zacian|par\n|\n|upkeep\n|turn|20\n|inactive|Ervinha has 120 seconds left.\n|\n|t:|1700507747\n|switch|p1a: Toxapex|Toxapex, M|100\/100\n|move|p2a: Tentacruel|Scald|p1a: Toxapex\n|-resisted|p1a: Toxapex\n|-damage|p1a: Toxapex|87\/100\n|\n|-heal|p1a: Toxapex|93\/100|[from] item: Black Sludge\n|upkeep\n|turn|21\n|inactive|Ervinha has 120 seconds left.\n|\n|t:|1700507757\n|switch|p2a: Octillery|Octillery, F|82\/100 tox\n|move|p1a: Toxapex|Poison Jab|p2a: Octillery\n|-damage|p2a: Octillery|59\/100 tox\n|\n|-heal|p1a: Toxapex|99\/100|[from] item: Black Sludge\n|-damage|p2a: Octillery|53\/100 tox|[from] psn\n|-ability|p2a: Octillery|Moody|boost\n|-boost|p2a: Octillery|spa|2\n|-unboost|p2a: Octillery|atk|1\n|upkeep\n|turn|22\n|inactive|Ervinha has 120 seconds left.\n|\n|t:|1700507770\n|move|p2a: Octillery|Rest|p2a: Octillery\n|-status|p2a: Octillery|slp|[from] move: Rest\n|-heal|p2a: Octillery|100\/100 slp|[silent]\n|move|p1a: Toxapex|Haze|p1a: Toxapex\n|-clearallboost\n|\n|-heal|p1a: Toxapex|100\/100|[from] item: Black Sludge\n|-ability|p2a: Octillery|Moody|boost\n|-boost|p2a: Octillery|spe|2\n|-unboost|p2a: Octillery|def|1\n|upkeep\n|turn|23\n|inactive|Ervinha has 120 seconds left.\n|\n|t:|1700507784\n|cant|p2a: Octillery|slp\n|move|p1a: Toxapex|Poison Jab|p2a: Octillery\n|-damage|p2a: Octillery|65\/100 slp\n|\n|-ability|p2a: Octillery|Moody|boost\n|-boost|p2a: Octillery|spe|2\n|-unboost|p2a: Octillery|spa|1\n|upkeep\n|turn|24\n|inactive|Ervinha has 120 seconds left.\n|\n|t:|1700507793\n|cant|p2a: Octillery|slp\n|move|p1a: Toxapex|Poison Jab|p2a: Octillery\n|-damage|p2a: Octillery|27\/100 slp\n|\n|-ability|p2a: Octillery|Moody|boost\n|-boost|p2a: Octillery|spd|2\n|-unboost|p2a: Octillery|def|1\n|upkeep\n|turn|25\n|\n|t:|1700507803\n|-curestatus|p2a: Octillery|slp|[msg]\n|move|p2a: Octillery|Rest|p2a: Octillery\n|-status|p2a: Octillery|slp|[from] move: Rest\n|-heal|p2a: Octillery|100\/100 slp|[silent]\n|move|p1a: Toxapex|Poison Jab|p2a: Octillery\n|-damage|p2a: Octillery|58\/100 slp\n|\n|-ability|p2a: Octillery|Moody|boost\n|-boost|p2a: Octillery|atk|2\n|-unboost|p2a: Octillery|spd|1\n|upkeep\n|turn|26\n|\n|t:|1700507816\n|cant|p2a: Octillery|slp\n|move|p1a: Toxapex|Haze|p1a: Toxapex\n|-clearallboost\n|\n|-ability|p2a: Octillery|Moody|boost\n|-boost|p2a: Octillery|spd|2\n|-unboost|p2a: Octillery|spa|1\n|upkeep\n|turn|27\n|\n|t:|1700507825\n|cant|p2a: Octillery|slp\n|move|p1a: Toxapex|Poison Jab|p2a: Octillery\n|-damage|p2a: Octillery|35\/100 slp\n|\n|-ability|p2a: Octillery|Moody|boost\n|-boost|p2a: Octillery|spe|2\n|-unboost|p2a: Octillery|spd|1\n|upkeep\n|turn|28\n|\n|t:|1700507836\n|-curestatus|p2a: Octillery|slp|[msg]\n|move|p2a: Octillery|Bounce||[still]\n|-prepare|p2a: Octillery|Bounce\n|move|p1a: Toxapex|Haze|p1a: Toxapex\n|-clearallboost\n|\n|-ability|p2a: Octillery|Moody|boost\n|-boost|p2a: Octillery|spe|2\n|-unboost|p2a: Octillery|spd|1\n|upkeep\n|turn|29\n|\n|t:|1700507847\n|move|p2a: Octillery|Bounce|p1a: Toxapex|[from]lockedmove\n|-damage|p1a: Toxapex|79\/100\n|-status|p1a: Toxapex|par\n|move|p1a: Toxapex|Haze|p1a: Toxapex\n|-clearallboost\n|\n|-heal|p1a: Toxapex|85\/100 par|[from] item: Black Sludge\n|-ability|p2a: Octillery|Moody|boost\n|-boost|p2a: Octillery|atk|2\n|-unboost|p2a: Octillery|spd|1\n|upkeep\n|turn|30\n|\n|t:|1700507860\n|switch|p1a: Zacian|Zacian-Crowned|5\/100 par\n|move|p2a: Octillery|Bounce||[still]\n|-prepare|p2a: Octillery|Bounce\n|\n|-ability|p2a: Octillery|Moody|boost\n|-boost|p2a: Octillery|spa|2\n|-unboost|p2a: Octillery|atk|1\n|upkeep\n|turn|31\n|\n|t:|1700507871\n|move|p1a: Zacian|Behemoth Blade|p2a: Octillery|[miss]\n|-miss|p1a: Zacian|p2a: Octillery\n|move|p2a: Octillery|Bounce|p1a: Zacian|[from]lockedmove\n|-resisted|p1a: Zacian\n|-damage|p1a: Zacian|0 fnt\n|faint|p1a: Zacian\n|\n|-ability|p2a: Octillery|Moody|boost\n|-boost|p2a: Octillery|atk|2\n|-unboost|p2a: Octillery|spd|1\n|upkeep\n|\n|t:|1700507883\n|switch|p1a: Iron Valiant|Iron Valiant|79\/100\n|turn|32\n|n|\u203dErvinha|ervinha\n|inactive|krookodilemoxie has 120 seconds left.\n|\n|t:|1700507939\n|switch|p2a: Grapploct|Grapploct, M, shiny|100\/100\n|move|p1a: Iron Valiant|Thunderbolt|p2a: Grapploct\n|-damage|p2a: Grapploct|79\/100\n|-status|p2a: Grapploct|par\n|\n|upkeep\n|turn|33\n|\n|t:|1700507950\n|move|p1a: Iron Valiant|Moonblast|p2a: Grapploct\n|-supereffective|p2a: Grapploct\n|-damage|p2a: Grapploct|14\/100 par\n|-unboost|p2a: Grapploct|spa|1\n|move|p2a: Grapploct|Rest|p2a: Grapploct\n|-status|p2a: Grapploct|slp|[from] move: Rest\n|-heal|p2a: Grapploct|100\/100 slp|[silent]\n|-enditem|p2a: Grapploct|Chesto Berry|[eat]\n|-curestatus|p2a: Grapploct|slp|[msg]\n|\n|upkeep\n|turn|34\n|\n|t:|1700507963\n|move|p1a: Iron Valiant|Moonblast|p2a: Grapploct\n|-supereffective|p2a: Grapploct\n|-damage|p2a: Grapploct|33\/100\n|-unboost|p2a: Grapploct|spa|1\n|move|p2a: Grapploct|Drain Punch|p1a: Iron Valiant\n|-resisted|p1a: Iron Valiant\n|-damage|p1a: Iron Valiant|60\/100\n|-heal|p2a: Grapploct|40\/100|[from] drain|[of] p1a: Iron Valiant\n|\n|upkeep\n|turn|35\n|\n|t:|1700507973\n|move|p1a: Iron Valiant|Moonblast|p2a: Grapploct\n|-supereffective|p2a: Grapploct\n|-damage|p2a: Grapploct|0 fnt\n|faint|p2a: Grapploct\n|\n|upkeep\n|\n|t:|1700507975\n|switch|p2a: Tentacruel|Tentacruel, F|100\/100\n|turn|36\n|\n|t:|1700507998\n|-end|p1a: Iron Valiant|Quark Drive|[silent]\n|switch|p1a: Toxapex|Toxapex, M|100\/100 par\n|move|p2a: Tentacruel|Rapid Spin|p1a: Toxapex\n|-damage|p1a: Toxapex|94\/100 par\n|-boost|p2a: Tentacruel|spe|1\n|\n|-heal|p1a: Toxapex|100\/100 par|[from] item: Black Sludge\n|upkeep\n|turn|37\n|\n|t:|1700508007\n|switch|p2a: Octillery|Octillery, F|35\/100\n|move|p1a: Toxapex|Haze|p1a: Toxapex\n|-clearallboost\n|\n|-ability|p2a: Octillery|Moody|boost\n|-boost|p2a: Octillery|def|2\n|-unboost|p2a: Octillery|spa|1\n|upkeep\n|turn|38\n|\n|t:|1700508019\n|switch|p1a: Moltres|Moltres|100\/100\n|move|p2a: Octillery|Rest|p2a: Octillery\n|-status|p2a: Octillery|slp|[from] move: Rest\n|-heal|p2a: Octillery|100\/100 slp|[silent]\n|\n|-ability|p2a: Octillery|Moody|boost\n|-boost|p2a: Octillery|def|2\n|-unboost|p2a: Octillery|atk|1\n|upkeep\n|turn|39\n|\n|t:|1700508033\n|move|p1a: Moltres|U-turn|p2a: Octillery\n|-damage|p2a: Octillery|95\/100 slp\n|\n|t:|1700508035\n|switch|p1a: Iron Valiant|Iron Valiant|60\/100|[from] U-turn\n|cant|p2a: Octillery|slp\n|\n|-ability|p2a: Octillery|Moody|boost\n|-boost|p2a: Octillery|atk|2\n|-unboost|p2a: Octillery|spa|1\n|upkeep\n|turn|40\n|-message|krookodilemoxie forfeited.\n|\n|win|Ervinha\n|raw|Ervinha's rating: 1111 &rarr; <strong>1136<\/strong><br \/>(+25 for winning)\n|raw|krookodilemoxie's rating: 1109 &rarr; <strong>1084<\/strong><br \/>(-25 for losing)\n","uploadtime":1700507682,"views":1,"p1id":"ervinha","p2id":"krookodilemoxie","formatid":"gen9nationaldexubers","rating":1084,"private":0,"password":""}