{"id":"gen9nationaldexubers-1984625777","p1":"Edras16","p2":"ThatOneZoro\/Zoa","format":"[Gen 9] National Dex Ubers","log":"|j|\u2606Edras16\n|j|\u2606ThatOneZoro\/Zoa\n|t:|1699285736\n|gametype|singles\n|player|p1|Edras16|steven|\n|player|p2|ThatOneZoro\/Zoa|grusha|\n|teamsize|p1|6\n|teamsize|p2|6\n|gen|9\n|tier|[Gen 9] National Dex Ubers\n|rule|HP Percentage Mod: HP is shown in percentages\n|rule|Endless Battle Clause: Forcing endless battles is banned\n|rule|OHKO Clause: OHKO moves are banned\n|rule|Evasion Moves Clause: Evasion moves are banned\n|rule|Evasion Items Clause: Evasion items are banned\n|rule|Species Clause: Limit one of each Pok\u00e9mon\n|rule|Sleep Clause Mod: Limit one foe put to sleep\n|rule|Mega Rayquaza Clause: You cannot mega evolve Rayquaza\n|clearpoke\n|poke|p1|Deoxys-Speed|\n|poke|p1|Tapu Lele|\n|poke|p1|Gallade, M|\n|poke|p1|Polteageist|\n|poke|p1|Victini|\n|poke|p1|Hoopa|\n|poke|p2|Ursaluna, M|\n|poke|p2|Azumarill, F|\n|poke|p2|Blaziken, F|\n|poke|p2|Zoroark, M|\n|poke|p2|Lopunny, M|\n|poke|p2|Hatterene, F|\n|teampreview\n|inactive|Battle timer is ON: inactive players will automatically lose when time's up. (requested by Edras16)\n|c|\u2606Edras16|Glhf\n|c|\u2606ThatOneZoro\/Zoa|glhf\n|\n|t:|1699285756\n|start\n|switch|p1a: Gallade|Gallade, M|100\/100\n|switch|p2a: Ursaluna|Ursaluna, M, shiny|100\/100\n|turn|1\n|c|\u2606ThatOneZoro\/Zoa|what's your restriction again\n|\n|t:|1699285781\n|detailschange|p1a: Gallade|Gallade-Mega, M\n|-mega|p1a: Gallade|Gallade|Galladite\n|move|p2a: Ursaluna|Protect|p2a: Ursaluna\n|-singleturn|p2a: Ursaluna|Protect\n|move|p1a: Gallade|Swords Dance|p1a: Gallade\n|-boost|p1a: Gallade|atk|2\n|\n|-status|p2a: Ursaluna|brn|[from] item: Flame Orb\n|upkeep\n|turn|2\n|c|\u2606Edras16|Tera\n|c|\u2606ThatOneZoro\/Zoa|good thing I didn't tera there....\n|\n|t:|1699285799\n|move|p1a: Gallade|Close Combat|p2a: Ursaluna\n|-supereffective|p2a: Ursaluna\n|-damage|p2a: Ursaluna|0 fnt\n|-unboost|p1a: Gallade|def|1\n|-unboost|p1a: Gallade|spd|1\n|faint|p2a: Ursaluna\n|\n|upkeep\n|c|\u2606Edras16|Eh even if you did i would had let you keep hoing\n|inactive|ThatOneZoro\/Zoa has 270 seconds left.\n|\n|t:|1699285814\n|switch|p2a: Azumarill|Azumarill, F, shiny|100\/100\n|turn|3\n|c|\u2606Edras16|Id feel bad to just end a battle that fast\n|\n|t:|1699285826\n|switch|p1a: Tapu Lele|Tapu Lele|100\/100\n|-fieldstart|move: Psychic Terrain|[from] ability: Psychic Surge|[of] p1a: Tapu Lele\n|move|p2a: Azumarill|Play Rough|p1a: Tapu Lele\n|-damage|p1a: Tapu Lele|15\/100\n|\n|upkeep\n|turn|4\n|\n|t:|1699285834\n|-terastallize|p1a: Tapu Lele|Psychic\n|move|p1a: Tapu Lele|Psychic|p2a: Azumarill\n|-damage|p2a: Azumarill|20\/100\n|-enditem|p2a: Azumarill|Sitrus Berry|[eat]\n|-heal|p2a: Azumarill|45\/100|[from] item: Sitrus Berry\n|move|p2a: Azumarill|Belly Drum||[still]\n|-fail|p2a: Azumarill\n|\n|upkeep\n|turn|5\n|c|\u2606ThatOneZoro\/Zoa|damn\n|\n|t:|1699285848\n|move|p1a: Tapu Lele|Psychic|p2a: Azumarill\n|-damage|p2a: Azumarill|0 fnt\n|faint|p2a: Azumarill\n|\n|upkeep\n|c|\u2606Edras16|The fuck were you thinking\n|\n|t:|1699285851\n|switch|p2a: Hatterene|Hatterene, F|100\/100\n|turn|6\n|c|\u2606Edras16|My bad that was toxic\n|\n|t:|1699285860\n|switch|p1a: Hoopa|Hoopa|100\/100\n|move|p2a: Hatterene|Calm Mind|p2a: Hatterene\n|-boost|p2a: Hatterene|spa|1\n|-boost|p2a: Hatterene|spd|1\n|\n|upkeep\n|turn|7\n|c|\u2606ThatOneZoro\/Zoa|\ud83d\ude2d\n|\n|t:|1699285870\n|move|p1a: Hoopa|Shadow Ball|p2a: Hatterene\n|-supereffective|p2a: Hatterene\n|-damage|p2a: Hatterene|40\/100\n|-unboost|p2a: Hatterene|spd|1\n|move|p2a: Hatterene|Calm Mind|p2a: Hatterene\n|-boost|p2a: Hatterene|spa|1\n|-boost|p2a: Hatterene|spd|1\n|\n|-heal|p2a: Hatterene|46\/100|[from] item: Leftovers\n|-fieldend|move: Psychic Terrain\n|upkeep\n|turn|8\n|c|\u2606ThatOneZoro\/Zoa|I'm never fighting you again tf\n|\n|t:|1699285886\n|move|p1a: Hoopa|Shadow Ball|p2a: Hatterene\n|-supereffective|p2a: Hatterene\n|-damage|p2a: Hatterene|0 fnt\n|faint|p2a: Hatterene\n|\n|upkeep\n|c|\u2606Edras16|Sorry\n|\n|t:|1699285896\n|switch|p2a: Lopunny|Lopunny, M|100\/100\n|turn|9\n|\n|t:|1699285902\n|switch|p1a: Tapu Lele|Tapu Lele, tera:Psychic|15\/100\n|-fieldstart|move: Psychic Terrain|[from] ability: Psychic Surge|[of] p1a: Tapu Lele\n|detailschange|p2a: Lopunny|Lopunny-Mega, M\n|-mega|p2a: Lopunny|Lopunny|Lopunnite\n|move|p2a: Lopunny|Fake Out|p1a: Tapu Lele\n|-activate|p1a: Tapu Lele|move: Psychic Terrain\n|\n|upkeep\n|turn|10\n|\n|t:|1699285907\n|move|p1a: Tapu Lele|Moonblast|p2a: Lopunny\n|-supereffective|p2a: Lopunny\n|-damage|p2a: Lopunny|0 fnt\n|faint|p2a: Lopunny\n|\n|upkeep\n|\n|t:|1699285912\n|switch|p2a: Blaziken|Blaziken, F, shiny|100\/100\n|turn|11\n|\n|t:|1699285914\n|move|p2a: Blaziken|Protect|p2a: Blaziken\n|-singleturn|p2a: Blaziken|Protect\n|move|p1a: Tapu Lele|Moonblast|p2a: Blaziken\n|-activate|p2a: Blaziken|move: Protect\n|\n|-ability|p2a: Blaziken|Speed Boost|boost\n|-boost|p2a: Blaziken|spe|1\n|upkeep\n|turn|12\n|\n|t:|1699285921\n|move|p1a: Tapu Lele|Moonblast|p2a: Blaziken\n|-damage|p2a: Blaziken|26\/100\n|move|p2a: Blaziken|Bulk Up|p2a: Blaziken\n|-boost|p2a: Blaziken|atk|1\n|-boost|p2a: Blaziken|def|1\n|\n|-heal|p2a: Blaziken|32\/100|[from] item: Leftovers\n|-ability|p2a: Blaziken|Speed Boost|boost\n|-boost|p2a: Blaziken|spe|1\n|upkeep\n|turn|13\n|\n|t:|1699285927\n|move|p2a: Blaziken|Protect|p2a: Blaziken\n|-singleturn|p2a: Blaziken|Protect\n|move|p1a: Tapu Lele|Moonblast|p2a: Blaziken\n|-activate|p2a: Blaziken|move: Protect\n|\n|-heal|p2a: Blaziken|38\/100|[from] item: Leftovers\n|-fieldend|move: Psychic Terrain\n|-ability|p2a: Blaziken|Speed Boost|boost\n|-boost|p2a: Blaziken|spe|1\n|upkeep\n|turn|14\n|\n|t:|1699285934\n|move|p2a: Blaziken|Blaze Kick|p1a: Tapu Lele\n|-damage|p1a: Tapu Lele|0 fnt\n|faint|p1a: Tapu Lele\n|\n|-heal|p2a: Blaziken|44\/100|[from] item: Leftovers\n|-ability|p2a: Blaziken|Speed Boost|boost\n|-boost|p2a: Blaziken|spe|1\n|upkeep\n|\n|t:|1699285937\n|switch|p1a: Victini|Victini|100\/100\n|turn|15\n|\n|t:|1699285944\n|move|p2a: Blaziken|High Jump Kick|p1a: Victini\n|-resisted|p1a: Victini\n|-damage|p1a: Victini|48\/100\n|-zpower|p1a: Victini\n|move|p1a: Victini|Z-Celebrate|p1a: Victini|[anim]Celebrate\n|-boost|p1a: Victini|atk|1|[zeffect]\n|-boost|p1a: Victini|def|1|[zeffect]\n|-boost|p1a: Victini|spa|1|[zeffect]\n|-boost|p1a: Victini|spd|1|[zeffect]\n|-boost|p1a: Victini|spe|1|[zeffect]\n|-activate|p1a: Victini|move: Celebrate\n|\n|-heal|p2a: Blaziken|50\/100|[from] item: Leftovers\n|-ability|p2a: Blaziken|Speed Boost|boost\n|-boost|p2a: Blaziken|spe|1\n|upkeep\n|turn|16\n|\n|t:|1699285950\n|move|p2a: Blaziken|High Jump Kick|p1a: Victini\n|-resisted|p1a: Victini\n|-damage|p1a: Victini|13\/100\n|move|p1a: Victini|Stored Power|p2a: Blaziken\n|-supereffective|p2a: Blaziken\n|-damage|p2a: Blaziken|0 fnt\n|faint|p2a: Blaziken\n|\n|upkeep\n|\n|t:|1699285952\n|switch|p2a: Zoroark|Zoroark, M|100\/100\n|turn|17\n|\n|t:|1699285957\n|move|p2a: Zoroark|Dark Pulse|p1a: Victini\n|-supereffective|p1a: Victini\n|-damage|p1a: Victini|0 fnt\n|faint|p1a: Victini\n|\n|upkeep\n|\n|t:|1699285960\n|switch|p1a: Gallade|Gallade-Mega, M|100\/100\n|turn|18\n|\n|t:|1699285962\n|move|p2a: Zoroark|Dark Pulse|p1a: Gallade\n|-damage|p1a: Gallade|57\/100\n|move|p1a: Gallade|Close Combat|p2a: Zoroark\n|-supereffective|p2a: Zoroark\n|-damage|p2a: Zoroark|0 fnt\n|-unboost|p1a: Gallade|def|1\n|-unboost|p1a: Gallade|spd|1\n|faint|p2a: Zoroark\n|\n|win|Edras16\n|l|\u2606ThatOneZoro\/Zoa\n|c|\u2606Edras16|Gg\n|l|\u2606Edras16\n|j|\u2606Edras16\n|player|p1|Edras16|steven\n","uploadtime":1699286179,"views":7,"p1id":"edras16","p2id":"thatonezorozoa","formatid":"gen9nationaldexubers","rating":0,"private":0,"password":""}