{"id":"gen9nationaldexubers-1991224965","p1":"marksilver","p2":"WinterWait","format":"[Gen 9] National Dex Ubers","log":"|j|\u2606marksilver\n|j|\u2606WinterWait\n|t:|1700058924\n|gametype|singles\n|player|p1|marksilver|buck|1000\n|player|p2|WinterWait|clerkf|1000\n|teamsize|p1|6\n|teamsize|p2|6\n|gen|9\n|tier|[Gen 9] National Dex Ubers\n|rated|\n|rule|HP Percentage Mod: HP is shown in percentages\n|rule|Endless Battle Clause: Forcing endless battles is banned\n|rule|OHKO Clause: OHKO moves are banned\n|rule|Evasion Moves Clause: Evasion moves are banned\n|rule|Evasion Items Clause: Evasion items are banned\n|rule|Species Clause: Limit one of each Pok\u00e9mon\n|rule|Sleep Clause Mod: Limit one foe put to sleep\n|rule|Mega Rayquaza Clause: You cannot mega evolve Rayquaza\n|clearpoke\n|poke|p1|Mawile, F|\n|poke|p1|Shuckle, M|\n|poke|p1|Jolteon, F|\n|poke|p1|Snorlax, F|\n|poke|p1|Maushold|\n|poke|p1|Talonflame, F|\n|poke|p2|Excadrill, F|\n|poke|p2|Sandslash, F|\n|poke|p2|Diggersby, M|\n|poke|p2|Torterra, M|\n|poke|p2|Stunfisk, F|\n|poke|p2|Malamar, M|\n|teampreview\n|\n|t:|1700058942\n|start\n|switch|p1a: Shuckle|Shuckle, M|100\/100\n|switch|p2a: Diggersby|Diggersby, M|100\/100\n|turn|1\n|\n|t:|1700058950\n|move|p2a: Diggersby|Substitute|p2a: Diggersby\n|-start|p2a: Diggersby|Substitute\n|-damage|p2a: Diggersby|75\/100\n|move|p1a: Shuckle|Stealth Rock|p2a: Diggersby\n|-sidestart|p2: WinterWait|move: Stealth Rock\n|\n|upkeep\n|turn|2\n|\n|t:|1700058958\n|move|p2a: Diggersby|Power-Up Punch|p1a: Shuckle\n|-damage|p1a: Shuckle|86\/100\n|-boost|p2a: Diggersby|atk|1\n|move|p1a: Shuckle|Rock Tomb|p2a: Diggersby\n|-resisted|p2a: Diggersby\n|-activate|p2a: Diggersby|move: Substitute|[damage]\n|\n|upkeep\n|turn|3\n|\n|t:|1700058969\n|move|p2a: Diggersby|Power-Up Punch|p1a: Shuckle\n|-damage|p1a: Shuckle|61\/100\n|-boost|p2a: Diggersby|atk|1\n|move|p1a: Shuckle|Toxic|p2a: Diggersby|[miss]\n|-miss|p1a: Shuckle|p2a: Diggersby\n|\n|upkeep\n|turn|4\n|\n|t:|1700058979\n|switch|p1a: Jolteon|Jolteon, F|100\/100\n|move|p2a: Diggersby|Power-Up Punch|p1a: Jolteon\n|-damage|p1a: Jolteon|57\/100\n|-boost|p2a: Diggersby|atk|1\n|\n|upkeep\n|turn|5\n|\n|t:|1700058991\n|move|p1a: Jolteon|Quick Attack|p2a: Diggersby\n|-activate|p2a: Diggersby|move: Substitute|[damage]\n|move|p2a: Diggersby|Power-Up Punch|p1a: Jolteon\n|-damage|p1a: Jolteon|7\/100\n|-boost|p2a: Diggersby|atk|1\n|\n|upkeep\n|turn|6\n|\n|t:|1700058999\n|move|p1a: Jolteon|Thunder|p2a: Diggersby\n|-immune|p2a: Diggersby\n|move|p2a: Diggersby|Substitute|p2a: Diggersby\n|-fail|p2a: Diggersby|move: Substitute\n|\n|upkeep\n|turn|7\n|\n|t:|1700059007\n|move|p1a: Jolteon|Thunder Wave|p2a: Diggersby\n|-immune|p2a: Diggersby\n|move|p2a: Diggersby|Substitute|p2a: Diggersby\n|-fail|p2a: Diggersby|move: Substitute\n|\n|upkeep\n|turn|8\n|\n|t:|1700059014\n|move|p1a: Jolteon|Volt Switch|p2a: Diggersby\n|-immune|p2a: Diggersby\n|move|p2a: Diggersby|Substitute|p2a: Diggersby\n|-fail|p2a: Diggersby|move: Substitute\n|\n|upkeep\n|turn|9\n|\n|t:|1700059021\n|switch|p1a: Snorlax|Snorlax, F|100\/100\n|move|p2a: Diggersby|Substitute|p2a: Diggersby\n|-fail|p2a: Diggersby|move: Substitute\n|\n|upkeep\n|turn|10\n|\n|t:|1700059030\n|move|p2a: Diggersby|Power-Up Punch|p1a: Snorlax\n|-supereffective|p1a: Snorlax\n|-damage|p1a: Snorlax|20\/100\n|-boost|p2a: Diggersby|atk|1\n|move|p1a: Snorlax|Take Down|p2a: Diggersby|[miss]\n|-miss|p1a: Snorlax|p2a: Diggersby\n|\n|upkeep\n|turn|11\n|\n|t:|1700059055\n|move|p2a: Diggersby|Power-Up Punch|p1a: Snorlax\n|-supereffective|p1a: Snorlax\n|-damage|p1a: Snorlax|0 fnt\n|-boost|p2a: Diggersby|atk|1\n|faint|p1a: Snorlax\n|\n|upkeep\n|\n|t:|1700059066\n|switch|p1a: Mawile|Mawile, F, shiny|100\/100\n|turn|12\n|\n|t:|1700059086\n|detailschange|p1a: Mawile|Mawile-Mega, F, shiny\n|-mega|p1a: Mawile|Mawile|Mawilite\n|move|p2a: Diggersby|Thunder Punch|p1a: Mawile\n|-damage|p1a: Mawile|0 fnt\n|faint|p1a: Mawile\n|\n|upkeep\n|\n|t:|1700059185\n|switch|p1a: Talonflame|Talonflame, F|100\/100\n|turn|13\n|\n|t:|1700059191\n|move|p1a: Talonflame|Quick Attack|p2a: Diggersby\n|-end|p2a: Diggersby|Substitute\n|move|p2a: Diggersby|Quick Attack|p1a: Talonflame\n|-damage|p1a: Talonflame|0 fnt\n|-status|p2a: Diggersby|brn|[from] ability: Flame Body|[of] p1a: Talonflame\n|faint|p1a: Talonflame\n|\n|-damage|p2a: Diggersby|69\/100 brn|[from] brn\n|upkeep\n|\n|t:|1700059202\n|switch|p1a: Maushold|Maushold|100\/100\n|turn|14\n|\n|t:|1700059212\n|move|p2a: Diggersby|Quick Attack|p1a: Maushold\n|-damage|p1a: Maushold|41\/100\n|move|p1a: Maushold|Population Bomb|p2a: Diggersby\n|-damage|p2a: Diggersby|61\/100 brn\n|-damage|p2a: Diggersby|53\/100 brn\n|-damage|p2a: Diggersby|45\/100 brn\n|-damage|p2a: Diggersby|36\/100 brn\n|-hitcount|p2a: Diggersby|4\n|\n|-damage|p2a: Diggersby|30\/100 brn|[from] brn\n|upkeep\n|turn|15\n|\n|t:|1700059227\n|switch|p1a: Shuckle|Shuckle, M|61\/100\n|move|p2a: Diggersby|Quick Attack|p1a: Shuckle\n|-resisted|p1a: Shuckle\n|-damage|p1a: Shuckle|38\/100\n|\n|-damage|p2a: Diggersby|24\/100 brn|[from] brn\n|upkeep\n|-enditem|p2a: Diggersby|Salac Berry|[eat]\n|-boost|p2a: Diggersby|spe|1|[from] item: Salac Berry\n|turn|16\n|\n|t:|1700059242\n|move|p2a: Diggersby|Thunder Punch|p1a: Shuckle\n|-damage|p1a: Shuckle|0 fnt\n|faint|p1a: Shuckle\n|\n|-damage|p2a: Diggersby|17\/100 brn|[from] brn\n|upkeep\n|\n|t:|1700059249\n|switch|p1a: Jolteon|Jolteon, F|7\/100\n|turn|17\n|\n|t:|1700059253\n|move|p2a: Diggersby|Quick Attack|p1a: Jolteon\n|-damage|p1a: Jolteon|0 fnt\n|faint|p1a: Jolteon\n|\n|-damage|p2a: Diggersby|11\/100 brn|[from] brn\n|upkeep\n|\n|t:|1700059262\n|switch|p1a: Maushold|Maushold|41\/100\n|turn|18\n|\n|t:|1700059265\n|move|p2a: Diggersby|Quick Attack|p1a: Maushold\n|-damage|p1a: Maushold|0 fnt\n|faint|p1a: Maushold\n|\n|win|WinterWait\n|raw|marksilver's rating: 1000 &rarr; <strong>1000<\/strong><br \/>(+0 for losing)\n|raw|WinterWait's rating: 1000 &rarr; <strong>1040<\/strong><br \/>(+40 for winning)\n|l|\u2606marksilver\n","uploadtime":1700059276,"views":7,"p1id":"marksilver","p2id":"winterwait","formatid":"gen9nationaldexubers","rating":1000,"private":0,"password":""}