{"id":"gen9nationaldexubers-1983991458","p1":"danbultheman","p2":"Ibitak","format":"[Gen 9] National Dex Ubers","log":"|j|\u2606danbultheman\n|j|\u2606Ibitak\n|t:|1699207571\n|gametype|singles\n|player|p1|danbultheman|hero2-conquest|\n|player|p2|Ibitak|2|\n|teamsize|p1|6\n|teamsize|p2|6\n|gen|9\n|tier|[Gen 9] National Dex Ubers\n|rule|HP Percentage Mod: HP is shown in percentages\n|rule|Endless Battle Clause: Forcing endless battles is banned\n|rule|OHKO Clause: OHKO moves are banned\n|rule|Evasion Moves Clause: Evasion moves are banned\n|rule|Evasion Items Clause: Evasion items are banned\n|rule|Species Clause: Limit one of each Pok\u00e9mon\n|rule|Sleep Clause Mod: Limit one foe put to sleep\n|rule|Mega Rayquaza Clause: You cannot mega evolve Rayquaza\n|clearpoke\n|poke|p1|Rotom-Wash|\n|poke|p1|Venusaur, F|\n|poke|p1|Gliscor, M|\n|poke|p1|Magearna|\n|poke|p1|Mandibuzz, F|\n|poke|p1|Heatran, M|\n|poke|p2|Lopunny, M|\n|poke|p2|Dragapult, M|\n|poke|p2|Kartana|\n|poke|p2|Donphan, M|\n|poke|p2|Skeledirge, F|\n|poke|p2|Slowking, M|\n|teampreview\n|j| The23rdPower\n|j| aplestick\n|j| mostgoodX\n|c| aplestick|Hitler vs Stalin\n|c| The23rdPower|Oh wow, these are the 6 you went with Salt?\n|c| The23rdPower|Interesting choice\n|j| superoinge22\n|c| superoinge22|LOL\n|c| superoinge22|23rd cooking\n|c| The23rdPower|Tbh\n|l| aplestick\n|j| aplestick\n|c|\u2606danbultheman|ok had to update doc for our teams\n|\n|t:|1699207654\n|start\n|switch|p1a: Venusaur|Venusaur, F|100\/100\n|switch|p2a: Lopunny|Lopunny, M|100\/100\n|turn|1\n|j| SKELETON-SKS\n|c| The23rdPower|Not gonna act like this ain't Ibitak's exact squad every time either\n|c| aplestick|This guy got a custom pfp\n|c|\u2606danbultheman|it isnt\n|\n|t:|1699207669\n|detailschange|p2a: Lopunny|Lopunny-Mega, M\n|-mega|p2a: Lopunny|Lopunny|Lopunnite\n|detailschange|p1a: Venusaur|Venusaur-Mega, F\n|-mega|p1a: Venusaur|Venusaur|Venusaurite\n|move|p2a: Lopunny|Fake Out|p1a: Venusaur\n|-damage|p1a: Venusaur|86\/100\n|cant|p1a: Venusaur|flinch\n|\n|upkeep\n|turn|2\n|\n|t:|1699207697\n|move|p2a: Lopunny|U-turn|p1a: Venusaur\n|-damage|p1a: Venusaur|71\/100\n|\n|t:|1699207706\n|switch|p2a: Kartana|Kartana|100\/100|[from] U-turn\n|move|p1a: Venusaur|Leech Seed|p2a: Kartana\n|-immune|p2a: Kartana\n|\n|upkeep\n|turn|3\n|c| The23rdPower|Kartana should get Fillet Away\n|c| The23rdPower|Thoughts?\n|c|\u2606danbultheman|no\n|c| superoinge22|True\n|c| aplestick|Fax\n|\n|t:|1699207752\n|move|p2a: Kartana|Knock Off|p1a: Venusaur\n|-damage|p1a: Venusaur|54\/100\n|move|p1a: Venusaur|Earth Power|p2a: Kartana\n|-damage|p2a: Kartana|35\/100\n|\n|upkeep\n|turn|4\n|c| superoinge22|Oh dear\n|j| Xdd-Rayleigh\n|\n|t:|1699207829\n|switch|p2a: Dragapult|Dragapult, M|100\/100\n|move|p1a: Venusaur|Leech Seed|p2a: Dragapult\n|-start|p2a: Dragapult|move: Leech Seed\n|\n|-damage|p2a: Dragapult|88\/100|[from] Leech Seed|[of] p1a: Venusaur\n|-heal|p1a: Venusaur|65\/100|[silent]\n|upkeep\n|turn|5\n|\n|t:|1699207855\n|switch|p1a: Mandibuzz|Mandibuzz, F|100\/100\n|move|p2a: Dragapult|Shadow Ball|p1a: Mandibuzz\n|-resisted|p1a: Mandibuzz\n|-damage|p1a: Mandibuzz|77\/100\n|-unboost|p1a: Mandibuzz|spd|1\n|\n|-damage|p2a: Dragapult|76\/100|[from] Leech Seed|[of] p1a: Mandibuzz\n|-heal|p1a: Mandibuzz|86\/100|[silent]\n|upkeep\n|turn|6\n|\n|t:|1699207911\n|switch|p2a: Slowking|Slowking, M|100\/100\n|move|p1a: Mandibuzz|U-turn|p2a: Slowking\n|-supereffective|p2a: Slowking\n|-crit|p2a: Slowking\n|-damage|p2a: Slowking|68\/100\n|c|\u2606Ibitak|crit mattered\n|\n|t:|1699207944\n|switch|p1a: Magearna|Magearna|100\/100|[from] U-turn\n|\n|-heal|p2a: Slowking|74\/100|[from] item: Leftovers\n|upkeep\n|turn|7\n|\n|t:|1699207958\n|move|p1a: Magearna|Spikes|p2a: Slowking\n|-sidestart|p2: Ibitak|Spikes\n|move|p2a: Slowking|Chilly Reception|p2a: Slowking\n|-weather|Snow\n|\n|t:|1699207975\n|switch|p2a: Skeledirge|Skeledirge, F|100\/100|[from] Chilly Reception\n|\n|-weather|Snow|[upkeep]\n|upkeep\n|turn|8\n|\n|t:|1699207990\n|switch|p1a: Gliscor|Gliscor, M|100\/100\n|move|p2a: Skeledirge|Shadow Ball|p1a: Gliscor\n|-damage|p1a: Gliscor|68\/100\n|\n|-weather|Snow|[upkeep]\n|-status|p1a: Gliscor|tox|[from] item: Toxic Orb\n|upkeep\n|turn|9\n|c|\u2606Ibitak|LOL this dogass game didn\u2018t save my tera type\n|l| superoinge22\n|c| The23rdPower|Redo?\n|c| The23rdPower|Nothing really happened yet\n|c|\u2606danbultheman|wtf\n|c|\u2606danbultheman|no\n|c| Xdd-Rayleigh|Who the tera merchant in salts team\n|c| Xdd-Rayleigh|i forgot\n|c|\u2606danbultheman|wtf do you mean nothing happened yet\n|c|\u2606danbultheman|rotom\n|c| Xdd-Rayleigh|Alr\n|\n|t:|1699208077\n|switch|p2a: Slowking|Slowking, M|100\/100\n|-damage|p2a: Slowking|88\/100|[from] Spikes\n|move|p1a: Gliscor|Knock Off|p2a: Slowking\n|-supereffective|p2a: Slowking\n|-damage|p2a: Slowking|42\/100\n|-enditem|p2a: Slowking|Leftovers|[from] move: Knock Off|[of] p1a: Gliscor\n|\n|-weather|Snow|[upkeep]\n|-damage|p1a: Gliscor|62\/100 tox|[from] psn\n|upkeep\n|turn|10\n|c|\u2606Ibitak|what\n|c| The23rdPower|LOL\n|c| The23rdPower|LMAO\n|c| The23rdPower|Both of you are idiots\n|c| Xdd-Rayleigh|U fucking idiot\n|c| Xdd-Rayleigh|wait\n|j| superoinge22\n|c|\u2606danbultheman|wait lmao\n|l| Xdd-Rayleigh\n|c|\u2606danbultheman|oh well we ball\n|j| Xdd-Rayleigh\n|j| Tudedude_cooldude\n|c|\u2606Ibitak|ye we are both stupid lol\n|c| superoinge22|Crying out here\n|\n|t:|1699208155\n|switch|p1a: Magearna|Magearna|100\/100\n|move|p2a: Slowking|Slack Off|p2a: Slowking\n|-heal|p2a: Slowking|92\/100\n|\n|-weather|Snow|[upkeep]\n|upkeep\n|turn|11\n|\n|t:|1699208185\n|move|p1a: Magearna|Volt Switch|p2a: Slowking\n|-supereffective|p2a: Slowking\n|-damage|p2a: Slowking|70\/100\n|\n|t:|1699208204\n|switch|p1a: Heatran|Heatran, M|100\/100|[from] Volt Switch\n|move|p2a: Slowking|Chilly Reception|p2a: Slowking\n|l| Xdd-Rayleigh\n|j| Xdd-Rayleigh\n|c|\u2606danbultheman|might be a throw forgetting poison heal\n|c|\u2606danbultheman|but its funnier so\n|\n|t:|1699208244\n|switch|p2a: Donphan|Donphan, M|100\/100|[from] Chilly Reception\n|\n|-weather|none\n|upkeep\n|turn|12\n|\n|t:|1699208272\n|switch|p1a: Rotom|Rotom-Wash|100\/100\n|move|p2a: Donphan|Rapid Spin|p1a: Rotom\n|-damage|p1a: Rotom|80\/100\n|-boost|p2a: Donphan|spe|1\n|-sideend|p2: Ibitak|Spikes|[from] move: Rapid Spin|[of] p2a: Donphan\n|\n|upkeep\n|turn|13\n|c| The23rdPower|This is kinda disappointing\n|c| The23rdPower|This match was supposed to be cool\n|\n|t:|1699208285\n|switch|p2a: Slowking|Slowking, M|100\/100\n|move|p1a: Rotom|Hydro Pump|p2a: Slowking\n|-resisted|p2a: Slowking\n|-damage|p2a: Slowking|81\/100\n|\n|upkeep\n|turn|14\n|j| NotMHP\n|\n|t:|1699208303\n|switch|p1a: Mandibuzz|Mandibuzz, F|86\/100\n|move|p2a: Slowking|Chilly Reception|p2a: Slowking\n|-weather|Snow\n|c| mostgoodX|i was doing a boss fight during this and i look over and it's still 6 to 6\n|c| mostgoodX|god\n|c| NotMHP|Salt once again showing no creativity\n|c|\u2606danbultheman|ME?\n|c| mostgoodX|him?\n|c|\u2606danbultheman|YOU MEAN US\n|c| mostgoodX|them\n|\n|t:|1699208328\n|switch|p2a: Kartana|Kartana|35\/100|[from] Chilly Reception\n|\n|-weather|Snow|[upkeep]\n|upkeep\n|turn|15\n|c| Xdd-Rayleigh|these mfers showing no creativity\n|c| Xdd-Rayleigh|you mean\n|c| superoinge22|I mean 23rd this is what high level play can look like a lot of the time\n|c| superoinge22|Not saying i like it but\n|\n|t:|1699208341\n|move|p2a: Kartana|Knock Off|p1a: Mandibuzz\n|-resisted|p1a: Mandibuzz\n|-damage|p1a: Mandibuzz|74\/100\n|-enditem|p1a: Mandibuzz|Heavy-Duty Boots|[from] move: Knock Off|[of] p2a: Kartana\n|move|p1a: Mandibuzz|Foul Play|p2a: Kartana\n|-damage|p2a: Kartana|0 fnt\n|faint|p2a: Kartana\n|\n|-weather|Snow|[upkeep]\n|upkeep\n|c| NotMHP|Same 6 pseudo stall mons \ud83e\udd26\u200d\u2642\ufe0f\n|c| The23rdPower|No I meant the tera and no Poison Heal\n|c|\u2606danbultheman|kartana is my favorite stall mon\n|\n|t:|1699208368\n|switch|p2a: Lopunny|Lopunny-Mega, M|100\/100\n|turn|16\n|c| superoinge22|He talkin about u salt\n|c| NotMHP|I\u2019m talkin bout YOU sodium chloridr\n|c| Xdd-Rayleigh|slowking doesnt even have regenerator im pretty sure\n|c| superoinge22|The knock off was nice tho well played\n|c| mostgoodX|ibitak being silent because we all now know he was running assault vest kartana\n|c| superoinge22|Could pay off later\n|\n|t:|1699208429\n|move|p2a: Lopunny|U-turn|p1a: Mandibuzz\n|-damage|p1a: Mandibuzz|60\/100\n|\n|t:|1699208435\n|switch|p2a: Slowking|Slowking, M|100\/100|[from] U-turn\n|move|p1a: Mandibuzz|Roost|p1a: Mandibuzz\n|-heal|p1a: Mandibuzz|100\/100\n|-singleturn|p1a: Mandibuzz|move: Roost\n|\n|-weather|Snow|[upkeep]\n|upkeep\n|turn|17\n|\n|t:|1699208473\n|move|p1a: Mandibuzz|Foul Play|p2a: Slowking\n|-supereffective|p2a: Slowking\n|-damage|p2a: Slowking|59\/100\n|move|p2a: Slowking|Chilly Reception|p2a: Slowking\n|l| aplestick\n|c| mostgoodX|this battle fr is aids tho whoever let salt get magerna heatran gliscor and rotom wash on the same team needs to be executed\n|\n|t:|1699208492\n|switch|p2a: Dragapult|Dragapult, M|76\/100|[from] Chilly Reception\n|\n|-weather|Snow|[upkeep]\n|upkeep\n|turn|18\n|c| mostgoodX|so me and MHP, honestly\n|\n|t:|1699208502\n|move|p2a: Dragapult|Draco Meteor|p1a: Mandibuzz\n|-damage|p1a: Mandibuzz|29\/100\n|-unboost|p2a: Dragapult|spa|2\n|move|p1a: Mandibuzz|Foul Play|p2a: Dragapult\n|-supereffective|p2a: Dragapult\n|-damage|p2a: Dragapult|0 fnt\n|faint|p2a: Dragapult\n|\n|-weather|none\n|upkeep\n|c| superoinge22|Tude is asking why we're calling them r e t a r d e d\n|\n|t:|1699208512\n|switch|p2a: Skeledirge|Skeledirge, F|100\/100\n|turn|19\n|c| superoinge22|Oh desr\n|c| superoinge22|Dear\n|c| superoinge22|Fuck\n|c| mostgoodX|lets go salt\n|c| mostgoodX|kill him\n|c| superoinge22|????\n|c| superoinge22|Most we want ibit to win you dumb fuck\n|c| mostgoodX|who the fuck is we\n|c| Xdd-Rayleigh|we?\n|c|\u2606danbultheman|most praying for my victory oinge praying for my loss\n|c| Xdd-Rayleigh|u talking trash about our group oinge\n|\n|t:|1699208557\n|switch|p1a: Heatran|Heatran, M|100\/100\n|move|p2a: Skeledirge|Torch Song|p1a: Heatran\n|-start|p1a: Heatran|ability: Flash Fire\n|\n|upkeep\n|turn|20\n|c| Xdd-Rayleigh|me and most's\n|c| mostgoodX|yeah you fuckwit\n|c| The23rdPower|Salt actually planned the no Poison Heal because it makes him the underdog\n|\n|t:|1699208571\n|move|p1a: Heatran|Magma Storm|p2a: Skeledirge|[miss]\n|-miss|p1a: Heatran|p2a: Skeledirge\n|move|p2a: Skeledirge|Earth Power|p1a: Heatran\n|-supereffective|p1a: Heatran\n|-damage|p1a: Heatran|20\/100\n|\n|-heal|p1a: Heatran|26\/100|[from] item: Leftovers\n|upkeep\n|turn|21\n|c|\u2606danbultheman|ah\n|c| Xdd-Rayleigh|magma storm missed maattered so hard\n|c| Xdd-Rayleigh|lmao\n|\n|t:|1699208596\n|-end|p1a: Heatran|ability: Flash Fire|[silent]\n|switch|p1a: Rotom|Rotom-Wash|80\/100\n|move|p2a: Skeledirge|Shadow Ball|p1a: Rotom\n|-damage|p1a: Rotom|33\/100\n|\n|upkeep\n|turn|22\n|c| mostgoodX|75% accuracy it ain't like its impWOW THAT DID A LOT\n|c| The23rdPower|You play 75% games, win 75% prizes\n|\n|t:|1699208613\n|switch|p2a: Slowking|Slowking, M|92\/100\n|move|p1a: Rotom|Volt Switch|p2a: Slowking\n|-supereffective|p2a: Slowking\n|-damage|p2a: Slowking|38\/100\n|\n|t:|1699208620\n|switch|p1a: Mandibuzz|Mandibuzz, F|29\/100|[from] Volt Switch\n|\n|upkeep\n|turn|23\n|c|\u2606danbultheman|huge\n|c| mostgoodX|at least with 75% it ain't like missing is unheard of\n|c|\u2606Ibitak|i had tera grass on skeledirge to set up on rotom\n|\n|t:|1699208639\n|move|p1a: Mandibuzz|Foul Play|p2a: Slowking\n|-supereffective|p2a: Slowking\n|-crit|p2a: Slowking\n|-damage|p2a: Slowking|0 fnt\n|faint|p2a: Slowking\n|\n|upkeep\n|c| mostgoodX|what the fuck hes evil\n|\n|t:|1699208648\n|switch|p2a: Lopunny|Lopunny-Mega, M|100\/100\n|turn|24\n|j| itzZen\n|\n|t:|1699208667\n|switch|p1a: Magearna|Magearna|100\/100\n|move|p2a: Lopunny|Close Combat|p1a: Magearna\n|-damage|p1a: Magearna|49\/100\n|-unboost|p2a: Lopunny|def|1\n|-unboost|p2a: Lopunny|spd|1\n|\n|-heal|p1a: Magearna|55\/100|[from] item: Leftovers\n|upkeep\n|turn|25\n|c| mostgoodX|Coaching tips from Mostgood: Lopunny will kill your entire bloodline :D\n|\n|t:|1699208683\n|move|p2a: Lopunny|U-turn|p1a: Magearna\n|-resisted|p1a: Magearna\n|-damage|p1a: Magearna|50\/100\n|c|\u2606danbultheman|noted\n|\n|t:|1699208686\n|switch|p2a: Donphan|Donphan, M|100\/100|[from] U-turn\n|move|p1a: Magearna|Volt Switch|p2a: Donphan\n|-immune|p2a: Donphan\n|\n|-heal|p1a: Magearna|56\/100|[from] item: Leftovers\n|upkeep\n|turn|26\n|c| The23rdPower|Coaching wtf\n|j| aplestick\n|c| The23rdPower|Salt wins from that vital info\n|c| Xdd-Rayleigh|man wtf was that\n|c| mostgoodX|this may be an uphill battle for ibitak but that hill ain't steep\n|\n|t:|1699208753\n|move|p1a: Magearna|Draining Kiss|p2a: Donphan\n|-damage|p2a: Donphan|73\/100\n|-heal|p1a: Magearna|77\/100|[from] drain|[of] p2a: Donphan\n|move|p2a: Donphan|Stealth Rock|p1a: Magearna\n|-sidestart|p1: danbultheman|move: Stealth Rock\n|\n|-heal|p1a: Magearna|83\/100|[from] item: Leftovers\n|upkeep\n|turn|27\n|c| mostgoodX|actually got most of his team hurting while he has 3 healthy mons\n|c| mostgoodX|this is gettin interesting\n|\n|t:|1699208787\n|move|p1a: Magearna|Draining Kiss|p2a: Donphan\n|-damage|p2a: Donphan|45\/100\n|-heal|p1a: Magearna|100\/100|[from] drain|[of] p2a: Donphan\n|move|p2a: Donphan|Knock Off|p1a: Magearna\n|-resisted|p1a: Magearna\n|-damage|p1a: Magearna|86\/100\n|-enditem|p1a: Magearna|Leftovers|[from] move: Knock Off|[of] p2a: Donphan\n|\n|upkeep\n|turn|28\n|\n|t:|1699208802\n|move|p1a: Magearna|Volt Switch|p2a: Donphan\n|-immune|p2a: Donphan\n|move|p2a: Donphan|Earthquake|p1a: Magearna\n|-supereffective|p1a: Magearna\n|-damage|p1a: Magearna|1\/100\n|\n|upkeep\n|turn|29\n|c| mostgoodX|...\n|c|\u2606danbultheman|i just need this to die\n|c| Xdd-Rayleigh|ur soooo lucky\n|c| superoinge22|Huge\n|\n|t:|1699208822\n|move|p1a: Magearna|Draining Kiss|p2a: Donphan\n|-damage|p2a: Donphan|15\/100\n|-heal|p1a: Magearna|24\/100|[from] drain|[of] p2a: Donphan\n|move|p2a: Donphan|Rapid Spin|p1a: Magearna\n|-resisted|p1a: Magearna\n|-damage|p1a: Magearna|17\/100\n|-boost|p2a: Donphan|spe|1\n|\n|upkeep\n|turn|30\n|c| The23rdPower|OH SHIT\n|c| mostgoodX|brother\n|c| mostgoodX|wait\n|\n|t:|1699208842\n|move|p2a: Donphan|Earthquake|p1a: Magearna\n|-supereffective|p1a: Magearna\n|-damage|p1a: Magearna|0 fnt\n|faint|p1a: Magearna\n|\n|upkeep\n|c| mostgoodX|salt.\n|\n|t:|1699208858\n|switch|p1a: Gliscor|Gliscor, M|62\/100 tox\n|-damage|p1a: Gliscor|49\/100 tox|[from] Stealth Rock\n|turn|31\n|\n|t:|1699208879\n|move|p1a: Gliscor|Knock Off|p2a: Donphan\n|-damage|p2a: Donphan|0 fnt\n|-enditem|p2a: Donphan|Heavy-Duty Boots|[from] move: Knock Off|[of] p1a: Gliscor\n|faint|p2a: Donphan\n|\n|-damage|p1a: Gliscor|43\/100 tox|[from] psn\n|upkeep\n|c| The23rdPower|Aww\n|\n|t:|1699208887\n|switch|p2a: Lopunny|Lopunny-Mega, M|100\/100\n|turn|32\n|c| mostgoodX|BITCH WHERE THE FUCK IS YOUR POISON HEAL\n|c| mostgoodX|HOLD ON\n|c|\u2606danbultheman|you didnt notice earlier\n|c|\u2606danbultheman|lol\n|\n|t:|1699208908\n|move|p2a: Lopunny|Fake Out|p1a: Gliscor\n|-damage|p1a: Gliscor|26\/100 tox\n|cant|p1a: Gliscor|flinch\n|\n|-damage|p1a: Gliscor|13\/100 tox|[from] psn\n|upkeep\n|turn|33\n|\n|t:|1699208917\n|move|p2a: Lopunny|Return|p1a: Gliscor\n|-damage|p1a: Gliscor|0 fnt\n|faint|p1a: Gliscor\n|\n|upkeep\n|c| mostgoodX|well i looked away until turn 12 at which point i noticed y'all still had 6 mons each\n|\n|t:|1699208921\n|switch|p1a: Venusaur|Venusaur-Mega, F|65\/100\n|-damage|p1a: Venusaur|52\/100|[from] Stealth Rock\n|turn|34\n|c| The23rdPower|Wait\n|\n|t:|1699208942\n|move|p2a: Lopunny|U-turn|p1a: Venusaur\n|-crit|p1a: Venusaur\n|-damage|p1a: Venusaur|26\/100\n|\n|t:|1699208946\n|switch|p2a: Skeledirge|Skeledirge, F|100\/100|[from] U-turn\n|move|p1a: Venusaur|Synthesis|p1a: Venusaur\n|-heal|p1a: Venusaur|76\/100\n|\n|upkeep\n|turn|35\n|c| mostgoodX|fuck\n|c|\u2606danbultheman|pain\n|c| NotMHP|gg\n|c| mostgoodX|writing his syn-thesis\n|\n|t:|1699208960\n|switch|p1a: Heatran|Heatran, M|26\/100\n|-damage|p1a: Heatran|13\/100|[from] Stealth Rock\n|-terastallize|p2a: Skeledirge|Fire\n|move|p2a: Skeledirge|Torch Song|p1a: Heatran\n|-start|p1a: Heatran|ability: Flash Fire\n|\n|-heal|p1a: Heatran|20\/100|[from] item: Leftovers\n|upkeep\n|turn|36\n|\n|t:|1699208971\n|move|p1a: Heatran|Earth Power|p2a: Skeledirge\n|-supereffective|p2a: Skeledirge\n|-damage|p2a: Skeledirge|40\/100\n|-unboost|p2a: Skeledirge|spd|1\n|move|p2a: Skeledirge|Shadow Ball|p1a: Heatran\n|-damage|p1a: Heatran|0 fnt\n|faint|p1a: Heatran\n|\n|upkeep\n|\n|t:|1699208995\n|switch|p1a: Rotom|Rotom-Wash|33\/100\n|-damage|p1a: Rotom|20\/100|[from] Stealth Rock\n|turn|37\n|\n|t:|1699209010\n|move|p1a: Rotom|Thunderbolt|p2a: Skeledirge\n|-damage|p2a: Skeledirge|0 fnt\n|faint|p2a: Skeledirge\n|\n|upkeep\n|\n|t:|1699209015\n|switch|p2a: Lopunny|Lopunny-Mega, M|100\/100\n|turn|38\n|c| mostgoodX|oh fuck\n|c| mostgoodX|you need to proc bright power NOW\n|c| mostgoodX|powder\n|\n|t:|1699209044\n|move|p2a: Lopunny|Fake Out|p1a: Rotom\n|-damage|p1a: Rotom|0 fnt\n|faint|p1a: Rotom\n|\n|upkeep\n|c| The23rdPower|Quick Claw\n|c| mostgoodX|Focus Band\n|\n|t:|1699209058\n|switch|p1a: Venusaur|Venusaur-Mega, F|76\/100\n|-damage|p1a: Venusaur|64\/100|[from] Stealth Rock\n|turn|39\n|\n|t:|1699209065\n|move|p2a: Lopunny|Return|p1a: Venusaur\n|-damage|p1a: Venusaur|31\/100\n|move|p1a: Venusaur|Synthesis|p1a: Venusaur\n|-heal|p1a: Venusaur|81\/100\n|\n|upkeep\n|turn|40\n|c| superoinge22|Omggggg yessss ibit\n|\n|t:|1699209073\n|move|p2a: Lopunny|Return|p1a: Venusaur\n|-damage|p1a: Venusaur|44\/100\n|move|p1a: Venusaur|Synthesis|p1a: Venusaur\n|-heal|p1a: Venusaur|94\/100\n|\n|upkeep\n|turn|41\n|c| superoinge22|Oh nvm\n|c| Xdd-Rayleigh|gg\n|\n|t:|1699209080\n|move|p2a: Lopunny|Return|p1a: Venusaur\n|-damage|p1a: Venusaur|58\/100\n|move|p1a: Venusaur|Leech Seed|p2a: Lopunny\n|-start|p2a: Lopunny|move: Leech Seed\n|\n|-damage|p2a: Lopunny|88\/100|[from] Leech Seed|[of] p1a: Venusaur\n|-heal|p1a: Venusaur|68\/100|[silent]\n|upkeep\n|turn|42\n|c| mostgoodX|the fattest W i have ever seen in my entire life\n|c|\u2606danbultheman|dont hate me oinge i need to not die to a crit\n|\n|t:|1699209093\n|move|p2a: Lopunny|Return|p1a: Venusaur\n|-damage|p1a: Venusaur|33\/100\n|move|p1a: Venusaur|Synthesis|p1a: Venusaur\n|-heal|p1a: Venusaur|83\/100\n|\n|-damage|p2a: Lopunny|76\/100|[from] Leech Seed|[of] p1a: Venusaur\n|-heal|p1a: Venusaur|92\/100|[silent]\n|upkeep\n|turn|43\n|c| superoinge22|Its so fucking over\n|c| mostgoodX|oh shit wait\n|j| goobiathan\n|c| mostgoodX|the crit could change everything\n|c|\u2606Ibitak|i owned myself with the tera blunder\n|c| goobiathan|30 minute long match\n|c| goobiathan|I hate Salt\n|\n|t:|1699209118\n|move|p2a: Lopunny|Return|p1a: Venusaur\n|-damage|p1a: Venusaur|57\/100\n|move|p1a: Venusaur|Sludge Bomb|p2a: Lopunny\n|-damage|p2a: Lopunny|26\/100\n|\n|-damage|p2a: Lopunny|14\/100|[from] Leech Seed|[of] p1a: Venusaur\n|-heal|p1a: Venusaur|66\/100|[silent]\n|upkeep\n|turn|44\n|c| The23rdPower|ADHD spectators\n|c| The23rdPower|Smh\n|c| mostgoodX|goob he wasn't running stall gliscor\n|\n|t:|1699209128\n|move|p2a: Lopunny|Return|p1a: Venusaur\n|-damage|p1a: Venusaur|32\/100\n|move|p1a: Venusaur|Synthesis|p1a: Venusaur\n|-heal|p1a: Venusaur|82\/100\n|\n|-damage|p2a: Lopunny|2\/100|[from] Leech Seed|[of] p1a: Venusaur\n|-heal|p1a: Venusaur|91\/100|[silent]\n|upkeep\n|turn|45\n|c| mostgoodX|... because he forgot poison heal\n|c|\u2606danbultheman|gg\n|c| mostgoodX|so his gliscor was just poisoned\n|\n|t:|1699209137\n|move|p2a: Lopunny|Return|p1a: Venusaur\n|-damage|p1a: Venusaur|58\/100\n|move|p1a: Venusaur|Earth Power|p2a: Lopunny\n|-damage|p2a: Lopunny|0 fnt\n|faint|p2a: Lopunny\n|\n|win|danbultheman\n|c|\u2606danbultheman|gg wp\n|l| NotMHP\n","uploadtime":1699209148,"views":16,"p1id":"danbultheman","p2id":"ibitak","formatid":"gen9nationaldexubers","rating":0,"private":0,"password":""}