{"id":"gen9nationaldexubers-1985680861","p1":"IConsumeChairs","p2":"BlackStar150520","format":"[Gen 9] National Dex Ubers","log":"|j|\u2606IConsumeChairs\n|j|\u2606BlackStar150520\n|t:|1699395180\n|gametype|singles\n|player|p1|IConsumeChairs|lucas|1690\n|player|p2|BlackStar150520|unknown|1870\n|teamsize|p1|6\n|teamsize|p2|6\n|gen|9\n|tier|[Gen 9] National Dex Ubers\n|rated|\n|rule|HP Percentage Mod: HP is shown in percentages\n|rule|Endless Battle Clause: Forcing endless battles is banned\n|rule|OHKO Clause: OHKO moves are banned\n|rule|Evasion Moves Clause: Evasion moves are banned\n|rule|Evasion Items Clause: Evasion items are banned\n|rule|Species Clause: Limit one of each Pok\u00e9mon\n|rule|Sleep Clause Mod: Limit one foe put to sleep\n|rule|Mega Rayquaza Clause: You cannot mega evolve Rayquaza\n|clearpoke\n|poke|p1|Calyrex-Ice|\n|poke|p1|Necrozma-Dusk-Mane|\n|poke|p1|Ho-Oh|\n|poke|p1|Groudon|\n|poke|p1|Kyogre|\n|poke|p1|Arceus-Fairy|\n|poke|p2|Arceus-Dark|\n|poke|p2|Dondozo, F|\n|poke|p2|Magearna|\n|poke|p2|Ditto|\n|poke|p2|Zygarde|\n|poke|p2|Necrozma-Dusk-Mane|\n|teampreview\n|inactive|Battle timer is ON: inactive players will automatically lose when time's up. (requested by BlackStar150520)\n|\n|t:|1699395189\n|start\n|switch|p1a: Arceus|Arceus-Fairy|100\/100\n|switch|p2a: Necrozma|Necrozma-Dusk-Mane|100\/100\n|turn|1\n|\n|t:|1699395195\n|switch|p1a: Necrozma|Necrozma-Dusk-Mane|100\/100\n|move|p2a: Necrozma|Stealth Rock|p1a: Necrozma\n|-sidestart|p1: IConsumeChairs|move: Stealth Rock\n|\n|upkeep\n|turn|2\n|\n|t:|1699395206\n|switch|p1a: Ho-Oh|Ho-Oh|100\/100\n|detailschange|p2a: Necrozma|Necrozma-Ultra\n|-burst|p2a: Necrozma|Necrozma|Ultranecrozium Z\n|move|p2a: Necrozma|Earth Power|p1a: Ho-Oh\n|-immune|p1a: Ho-Oh\n|\n|upkeep\n|turn|3\n|\n|t:|1699395210\n|move|p2a: Necrozma|Photon Geyser|p1a: Ho-Oh\n|-damage|p1a: Ho-Oh|68\/100\n|move|p1a: Ho-Oh|Defog|p2a: Necrozma\n|-unboost|p2a: Necrozma|evasion|1\n|-sideend|p1: IConsumeChairs|Stealth Rock|[from] move: Defog|[of] p1a: Ho-Oh\n|\n|upkeep\n|turn|4\n|\n|t:|1699395216\n|switch|p1a: Necrozma|Necrozma-Dusk-Mane|100\/100\n|move|p2a: Necrozma|Stealth Rock|p1a: Necrozma\n|-sidestart|p1: IConsumeChairs|move: Stealth Rock\n|\n|upkeep\n|turn|5\n|\n|t:|1699395220\n|switch|p1a: Ho-Oh|Ho-Oh|100\/100\n|move|p2a: Necrozma|Earth Power|p1a: Ho-Oh\n|-immune|p1a: Ho-Oh\n|\n|upkeep\n|turn|6\n|\n|t:|1699395223\n|move|p2a: Necrozma|Photon Geyser|p1a: Ho-Oh\n|-damage|p1a: Ho-Oh|65\/100\n|move|p1a: Ho-Oh|Defog|p2a: Necrozma\n|-unboost|p2a: Necrozma|evasion|1\n|-sideend|p1: IConsumeChairs|Stealth Rock|[from] move: Defog|[of] p1a: Ho-Oh\n|\n|upkeep\n|turn|7\n|\n|t:|1699395228\n|switch|p1a: Arceus|Arceus-Fairy|100\/100\n|move|p2a: Necrozma|Stealth Rock|p1a: Arceus\n|-sidestart|p1: IConsumeChairs|move: Stealth Rock\n|\n|upkeep\n|turn|8\n|\n|t:|1699395237\n|switch|p2a: Magearna|Magearna|100\/100\n|switch|p1a: Ho-Oh|Ho-Oh|98\/100\n|\n|upkeep\n|turn|9\n|\n|t:|1699395241\n|switch|p2a: Arceus|Arceus-Dark|100\/100\n|move|p1a: Ho-Oh|Defog|p2a: Arceus\n|-unboost|p2a: Arceus|evasion|1\n|-sideend|p1: IConsumeChairs|Stealth Rock|[from] move: Defog|[of] p1a: Ho-Oh\n|\n|upkeep\n|turn|10\n|\n|t:|1699395245\n|switch|p1a: Arceus|Arceus-Fairy|100\/100\n|move|p2a: Arceus|Taunt|p1a: Arceus\n|-start|p1a: Arceus|move: Taunt\n|\n|upkeep\n|turn|11\n|\n|t:|1699395252\n|switch|p1a: Groudon|Groudon|100\/100\n|detailschange|p1a: Groudon|Groudon-Primal\n|-primal|p1a: Groudon|Red Orb\n|-weather|DesolateLand|[from] ability: Desolate Land|[of] p1a: Groudon\n|move|p2a: Arceus|Toxic|p1a: Groudon\n|-status|p1a: Groudon|tox\n|\n|-weather|DesolateLand|[upkeep]\n|-damage|p1a: Groudon|94\/100 tox|[from] psn\n|upkeep\n|turn|12\n|\n|t:|1699395257\n|move|p2a: Arceus|Taunt|p1a: Groudon\n|-start|p1a: Groudon|move: Taunt\n|cant|p1a: Groudon|move: Taunt|Stealth Rock\n|\n|-weather|DesolateLand|[upkeep]\n|-damage|p1a: Groudon|82\/100 tox|[from] psn\n|upkeep\n|turn|13\n|\n|t:|1699395260\n|-weather|none\n|switch|p1a: Arceus|Arceus-Fairy|100\/100\n|move|p2a: Arceus|Foul Play|p1a: Arceus\n|-resisted|p1a: Arceus\n|-damage|p1a: Arceus|89\/100\n|\n|upkeep\n|turn|14\n|\n|t:|1699395266\n|switch|p2a: Magearna|Magearna|100\/100\n|move|p1a: Arceus|Judgment|p2a: Magearna\n|-resisted|p2a: Magearna\n|-damage|p2a: Magearna|85\/100\n|\n|upkeep\n|turn|15\n|\n|t:|1699395272\n|switch|p1a: Kyogre|Kyogre|100\/100\n|detailschange|p1a: Kyogre|Kyogre-Primal\n|-primal|p1a: Kyogre|Blue Orb\n|-weather|PrimordialSea|[from] ability: Primordial Sea|[of] p1a: Kyogre\n|switch|p2a: Necrozma|Necrozma-Ultra|100\/100\n|\n|-weather|PrimordialSea|[upkeep]\n|upkeep\n|turn|16\n|\n|t:|1699395275\n|-zpower|p2a: Necrozma\n|move|p2a: Necrozma|Light That Burns the Sky|p1a: Kyogre|[zeffect]\n|-damage|p1a: Kyogre|22\/100\n|move|p1a: Kyogre|Ice Beam|p2a: Necrozma\n|-supereffective|p2a: Necrozma\n|-damage|p2a: Necrozma|12\/100\n|\n|-weather|PrimordialSea|[upkeep]\n|upkeep\n|turn|17\n|\n|t:|1699395279\n|-weather|none\n|switch|p1a: Ho-Oh|Ho-Oh|100\/100\n|move|p2a: Necrozma|Stealth Rock|p1a: Ho-Oh\n|-sidestart|p1: IConsumeChairs|move: Stealth Rock\n|\n|upkeep\n|turn|18\n|\n|t:|1699395285\n|move|p2a: Necrozma|Photon Geyser|p1a: Ho-Oh\n|-damage|p1a: Ho-Oh|68\/100\n|move|p1a: Ho-Oh|Defog|p2a: Necrozma\n|-unboost|p2a: Necrozma|evasion|1\n|-sideend|p1: IConsumeChairs|Stealth Rock|[from] move: Defog|[of] p1a: Ho-Oh\n|\n|upkeep\n|turn|19\n|\n|t:|1699395287\n|move|p2a: Necrozma|Stealth Rock|p1a: Ho-Oh\n|-sidestart|p1: IConsumeChairs|move: Stealth Rock\n|move|p1a: Ho-Oh|Sacred Fire|p2a: Necrozma\n|-resisted|p2a: Necrozma\n|-damage|p2a: Necrozma|0 fnt\n|faint|p2a: Necrozma\n|\n|upkeep\n|\n|t:|1699395291\n|switch|p2a: Arceus|Arceus-Dark|100\/100\n|turn|20\n|\n|t:|1699395294\n|switch|p1a: Arceus|Arceus-Fairy|89\/100\n|-damage|p1a: Arceus|76\/100|[from] Stealth Rock\n|move|p2a: Arceus|Taunt|p1a: Arceus\n|-start|p1a: Arceus|move: Taunt\n|\n|upkeep\n|turn|21\n|\n|t:|1699395299\n|move|p1a: Arceus|Judgment|p2a: Arceus\n|-supereffective|p2a: Arceus\n|-damage|p2a: Arceus|41\/100\n|move|p2a: Arceus|Toxic|p1a: Arceus\n|-status|p1a: Arceus|tox\n|\n|-damage|p1a: Arceus|70\/100 tox|[from] psn\n|upkeep\n|turn|22\n|\n|t:|1699395304\n|switch|p1a: Ho-Oh|Ho-Oh|100\/100\n|-terastallize|p2a: Arceus|Poison\n|move|p2a: Arceus|Recover|p2a: Arceus\n|-heal|p2a: Arceus|91\/100\n|\n|upkeep\n|turn|23\n|\n|t:|1699395314\n|move|p2a: Arceus|Taunt|p1a: Ho-Oh\n|-start|p1a: Ho-Oh|move: Taunt\n|move|p1a: Ho-Oh|Sacred Fire|p2a: Arceus\n|-damage|p2a: Arceus|60\/100\n|-status|p2a: Arceus|brn\n|\n|-damage|p2a: Arceus|53\/100 brn|[from] brn\n|upkeep\n|turn|24\n|\n|t:|1699395318\n|switch|p1a: Arceus|Arceus-Fairy|70\/100 tox\n|-damage|p1a: Arceus|58\/100 tox|[from] Stealth Rock\n|move|p2a: Arceus|Recover|p2a: Arceus\n|-heal|p2a: Arceus|100\/100 brn\n|\n|-damage|p1a: Arceus|52\/100 tox|[from] psn\n|-damage|p2a: Arceus|94\/100 brn|[from] brn\n|upkeep\n|turn|25\n|\n|t:|1699395321\n|move|p1a: Arceus|Recover|p1a: Arceus\n|-heal|p1a: Arceus|100\/100 tox\n|move|p2a: Arceus|Taunt|p1a: Arceus\n|-start|p1a: Arceus|move: Taunt\n|\n|-damage|p1a: Arceus|88\/100 tox|[from] psn\n|-damage|p2a: Arceus|88\/100 brn|[from] brn\n|upkeep\n|turn|26\n|\n|t:|1699395323\n|switch|p1a: Ho-Oh|Ho-Oh|100\/100\n|move|p2a: Arceus|Toxic|p1a: Ho-Oh\n|-status|p1a: Ho-Oh|tox\n|\n|-damage|p1a: Ho-Oh|94\/100 tox|[from] psn\n|-damage|p2a: Arceus|82\/100 brn|[from] brn\n|upkeep\n|turn|27\n|\n|t:|1699395329\n|switch|p1a: Arceus|Arceus-Fairy|88\/100 tox\n|-damage|p1a: Arceus|76\/100 tox|[from] Stealth Rock\n|move|p2a: Arceus|Taunt|p1a: Arceus\n|-start|p1a: Arceus|move: Taunt\n|\n|-damage|p1a: Arceus|70\/100 tox|[from] psn\n|-damage|p2a: Arceus|76\/100 brn|[from] brn\n|upkeep\n|turn|28\n|\n|t:|1699395332\n|switch|p1a: Ho-Oh|Ho-Oh|100\/100 tox\n|move|p2a: Arceus|Foul Play|p1a: Ho-Oh\n|-damage|p1a: Ho-Oh|85\/100 tox\n|\n|-damage|p1a: Ho-Oh|79\/100 tox|[from] psn\n|-damage|p2a: Arceus|70\/100 brn|[from] brn\n|upkeep\n|turn|29\n|\n|t:|1699395338\n|switch|p1a: Necrozma|Necrozma-Dusk-Mane|100\/100\n|-damage|p1a: Necrozma|94\/100|[from] Stealth Rock\n|move|p2a: Arceus|Taunt|p1a: Necrozma\n|-start|p1a: Necrozma|move: Taunt\n|\n|-heal|p1a: Necrozma|100\/100|[from] item: Leftovers\n|-damage|p2a: Arceus|64\/100 brn|[from] brn\n|upkeep\n|turn|30\n|\n|t:|1699395341\n|switch|p1a: Ho-Oh|Ho-Oh|100\/100 tox\n|move|p2a: Arceus|Foul Play|p1a: Ho-Oh\n|-damage|p1a: Ho-Oh|84\/100 tox\n|\n|-damage|p1a: Ho-Oh|78\/100 tox|[from] psn\n|-damage|p2a: Arceus|58\/100 brn|[from] brn\n|upkeep\n|turn|31\n|\n|t:|1699395345\n|move|p2a: Arceus|Taunt|p1a: Ho-Oh\n|-start|p1a: Ho-Oh|move: Taunt\n|move|p1a: Ho-Oh|Sacred Fire|p2a: Arceus\n|-damage|p2a: Arceus|29\/100 brn\n|\n|-damage|p1a: Ho-Oh|66\/100 tox|[from] psn\n|-damage|p2a: Arceus|23\/100 brn|[from] brn\n|upkeep\n|turn|32\n|\n|t:|1699395354\n|switch|p1a: Groudon|Groudon-Primal|82\/100 tox\n|-damage|p1a: Groudon|69\/100 tox|[from] Stealth Rock\n|-weather|DesolateLand|[from] ability: Desolate Land|[of] p1a: Groudon\n|move|p2a: Arceus|Recover|p2a: Arceus\n|-heal|p2a: Arceus|73\/100 brn\n|\n|-weather|DesolateLand|[upkeep]\n|-damage|p1a: Groudon|63\/100 tox|[from] psn\n|-damage|p2a: Arceus|66\/100 brn|[from] brn\n|upkeep\n|turn|33\n|\n|t:|1699395359\n|switch|p2a: Zygarde|Zygarde, shiny|100\/100\n|move|p1a: Groudon|Precipice Blades|p2a: Zygarde\n|-damage|p2a: Zygarde|37\/100\n|\n|-weather|DesolateLand|[upkeep]\n|-heal|p2a: Zygarde|44\/100|[from] item: Leftovers\n|-damage|p1a: Groudon|51\/100 tox|[from] psn\n|-activate|p2a: Zygarde|ability: Power Construct\n|detailschange|p2a: Zygarde|Zygarde-Complete, shiny\n|-heal|p2a: Zygarde|65\/100|[silent]\n|upkeep\n|turn|34\n|\n|t:|1699395363\n|-weather|none\n|switch|p1a: Ho-Oh|Ho-Oh|99\/100 tox\n|move|p2a: Zygarde|Thousand Arrows|p1a: Ho-Oh\n|-damage|p1a: Ho-Oh|74\/100 tox\n|-start|p1a: Ho-Oh|Smack Down\n|\n|-heal|p2a: Zygarde|71\/100|[from] item: Leftovers\n|-damage|p1a: Ho-Oh|68\/100 tox|[from] psn\n|upkeep\n|turn|35\n|\n|t:|1699395366\n|move|p2a: Zygarde|Thousand Arrows|p1a: Ho-Oh\n|-supereffective|p1a: Ho-Oh\n|-damage|p1a: Ho-Oh|17\/100 tox\n|move|p1a: Ho-Oh|Defog|p2a: Zygarde\n|-unboost|p2a: Zygarde|evasion|1\n|-sideend|p1: IConsumeChairs|Stealth Rock|[from] move: Defog|[of] p1a: Ho-Oh\n|\n|-heal|p2a: Zygarde|77\/100|[from] item: Leftovers\n|-damage|p1a: Ho-Oh|5\/100 tox|[from] psn\n|upkeep\n|turn|36\n|\n|t:|1699395372\n|switch|p1a: Arceus|Arceus-Fairy|70\/100 tox\n|move|p2a: Zygarde|Thousand Arrows|p1a: Arceus\n|-damage|p1a: Arceus|45\/100 tox\n|\n|-heal|p2a: Zygarde|83\/100|[from] item: Leftovers\n|-damage|p1a: Arceus|38\/100 tox|[from] psn\n|upkeep\n|turn|37\n|\n|t:|1699395376\n|switch|p2a: Magearna|Magearna|85\/100\n|move|p1a: Arceus|Recover|p1a: Arceus\n|-heal|p1a: Arceus|89\/100 tox\n|\n|-damage|p1a: Arceus|76\/100 tox|[from] psn\n|upkeep\n|turn|38\n|\n|t:|1699395379\n|switch|p1a: Ho-Oh|Ho-Oh|39\/100 tox\n|move|p2a: Magearna|Heal Bell|p2a: Magearna\n|-activate|p2a: Magearna|move: Heal Bell\n|-curestatus|p2: Arceus|brn|[msg]\n|\n|-damage|p1a: Ho-Oh|33\/100 tox|[from] psn\n|upkeep\n|turn|39\n|\n|t:|1699395384\n|switch|p1a: Necrozma|Necrozma-Dusk-Mane|100\/100\n|switch|p2a: Dondozo|Dondozo, F|100\/100\n|\n|upkeep\n|turn|40\n|\n|t:|1699395395\n|switch|p1a: Arceus|Arceus-Fairy|76\/100 tox\n|switch|p2a: Ditto|Ditto, shiny|100\/100\n|-transform|p2a: Ditto|p1a: Arceus|[from] ability: Imposter\n|\n|-damage|p1a: Arceus|70\/100 tox|[from] psn\n|upkeep\n|turn|41\n|\n|t:|1699395399\n|switch|p1a: Ho-Oh|Ho-Oh|66\/100 tox\n|move|p2a: Ditto|Taunt|p1a: Ho-Oh\n|-start|p1a: Ho-Oh|move: Taunt\n|\n|-damage|p1a: Ho-Oh|60\/100 tox|[from] psn\n|upkeep\n|turn|42\n|\n|t:|1699395403\n|switch|p1a: Arceus|Arceus-Fairy|70\/100 tox\n|move|p2a: Ditto|Taunt|p1a: Arceus\n|-start|p1a: Arceus|move: Taunt\n|\n|-damage|p1a: Arceus|64\/100 tox|[from] psn\n|upkeep\n|turn|43\n|\n|t:|1699395407\n|switch|p2a: Arceus|Arceus-Dark, tera:Poison|66\/100\n|switch|p1a: Ho-Oh|Ho-Oh|93\/100 tox\n|\n|-damage|p1a: Ho-Oh|87\/100 tox|[from] psn\n|upkeep\n|turn|44\n|\n|t:|1699395413\n|move|p2a: Arceus|Taunt|p1a: Ho-Oh\n|-start|p1a: Ho-Oh|move: Taunt\n|move|p1a: Ho-Oh|Sacred Fire|p2a: Arceus\n|-damage|p2a: Arceus|37\/100\n|-status|p2a: Arceus|brn\n|\n|-damage|p1a: Ho-Oh|75\/100 tox|[from] psn\n|-damage|p2a: Arceus|31\/100 brn|[from] brn\n|upkeep\n|turn|45\n|\n|t:|1699395421\n|switch|p1a: Necrozma|Necrozma-Dusk-Mane|100\/100\n|move|p2a: Arceus|Recover|p2a: Arceus\n|-heal|p2a: Arceus|81\/100 brn\n|\n|-damage|p2a: Arceus|75\/100 brn|[from] brn\n|upkeep\n|turn|46\n|\n|t:|1699395424\n|switch|p1a: Ho-Oh|Ho-Oh|100\/100 tox\n|move|p2a: Arceus|Taunt|p1a: Ho-Oh\n|-start|p1a: Ho-Oh|move: Taunt\n|\n|-damage|p1a: Ho-Oh|94\/100 tox|[from] psn\n|-damage|p2a: Arceus|69\/100 brn|[from] brn\n|upkeep\n|turn|47\n|\n|t:|1699395430\n|switch|p1a: Arceus|Arceus-Fairy|64\/100 tox\n|move|p2a: Arceus|Taunt|p1a: Arceus\n|-start|p1a: Arceus|move: Taunt\n|\n|-damage|p1a: Arceus|58\/100 tox|[from] psn\n|-damage|p2a: Arceus|62\/100 brn|[from] brn\n|upkeep\n|turn|48\n|\n|t:|1699395435\n|switch|p1a: Ho-Oh|Ho-Oh|100\/100 tox\n|move|p2a: Arceus|Taunt|p1a: Ho-Oh\n|-start|p1a: Ho-Oh|move: Taunt\n|\n|-damage|p1a: Ho-Oh|94\/100 tox|[from] psn\n|-damage|p2a: Arceus|56\/100 brn|[from] brn\n|upkeep\n|turn|49\n|\n|t:|1699395441\n|switch|p2a: Magearna|Magearna|85\/100\n|switch|p1a: Arceus|Arceus-Fairy|58\/100 tox\n|\n|-damage|p1a: Arceus|52\/100 tox|[from] psn\n|upkeep\n|turn|50\n|\n|t:|1699395446\n|move|p1a: Arceus|Recover|p1a: Arceus\n|-heal|p1a: Arceus|100\/100 tox\n|move|p2a: Magearna|Fleur Cannon|p1a: Arceus\n|-damage|p1a: Arceus|60\/100 tox\n|-unboost|p2a: Magearna|spa|2\n|\n|-damage|p1a: Arceus|48\/100 tox|[from] psn\n|upkeep\n|turn|51\n|\n|t:|1699395451\n|switch|p1a: Necrozma|Necrozma-Dusk-Mane|100\/100\n|move|p2a: Magearna|Heal Bell|p2a: Magearna\n|-activate|p2a: Magearna|move: Heal Bell\n|-curestatus|p2: Arceus|brn|[msg]\n|\n|upkeep\n|turn|52\n|\n|t:|1699395456\n|switch|p2a: Ditto|Ditto, shiny|100\/100\n|-transform|p2a: Ditto|p1a: Necrozma|[from] ability: Imposter\n|move|p1a: Necrozma|Trick Room|p1a: Necrozma\n|-fieldstart|move: Trick Room|[of] p1a: Necrozma\n|\n|upkeep\n|turn|53\n|\n|t:|1699395465\n|switch|p1a: Ho-Oh|Ho-Oh|100\/100 tox\n|switch|p2a: Dondozo|Dondozo, F|100\/100\n|\n|-damage|p1a: Ho-Oh|94\/100 tox|[from] psn\n|upkeep\n|turn|54\n|\n|t:|1699395471\n|move|p2a: Dondozo|Curse|p2a: Dondozo\n|-unboost|p2a: Dondozo|spe|1\n|-boost|p2a: Dondozo|atk|1\n|-boost|p2a: Dondozo|def|1\n|move|p1a: Ho-Oh|Toxic|p2a: Dondozo\n|-status|p2a: Dondozo|tox\n|\n|-damage|p2a: Dondozo|94\/100 tox|[from] psn\n|-damage|p1a: Ho-Oh|82\/100 tox|[from] psn\n|upkeep\n|turn|55\n|\n|t:|1699395476\n|switch|p1a: Groudon|Groudon-Primal|51\/100 tox\n|-weather|DesolateLand|[from] ability: Desolate Land|[of] p1a: Groudon\n|move|p2a: Dondozo|Liquidation||[still]\n|-fail|p2a: Dondozo|Liquidation|[from] Desolate Land\n|\n|-weather|DesolateLand|[upkeep]\n|-heal|p2a: Dondozo|100\/100 tox|[from] item: Leftovers\n|-damage|p2a: Dondozo|88\/100 tox|[from] psn\n|-damage|p1a: Groudon|44\/100 tox|[from] psn\n|upkeep\n|turn|56\n|\n|t:|1699395481\n|move|p2a: Dondozo|Body Press|p1a: Groudon\n|-damage|p1a: Groudon|21\/100 tox\n|move|p1a: Groudon|Stealth Rock|p2a: Dondozo\n|-sidestart|p2: BlackStar150520|move: Stealth Rock\n|\n|-weather|DesolateLand|[upkeep]\n|-heal|p2a: Dondozo|94\/100 tox|[from] item: Leftovers\n|-damage|p2a: Dondozo|76\/100 tox|[from] psn\n|-damage|p1a: Groudon|9\/100 tox|[from] psn\n|-fieldend|move: Trick Room\n|upkeep\n|turn|57\n|\n|t:|1699395485\n|move|p1a: Groudon|Overheat|p2a: Dondozo|[miss]\n|-miss|p1a: Groudon|p2a: Dondozo\n|move|p2a: Dondozo|Liquidation||[still]\n|-fail|p2a: Dondozo|Liquidation|[from] Desolate Land\n|\n|-weather|DesolateLand|[upkeep]\n|-heal|p2a: Dondozo|82\/100 tox|[from] item: Leftovers\n|-damage|p1a: Groudon|0 fnt|[from] psn\n|faint|p1a: Groudon\n|-weather|none\n|-damage|p2a: Dondozo|57\/100 tox|[from] psn\n|upkeep\n|\n|t:|1699395490\n|switch|p1a: Calyrex|Calyrex-Ice|100\/100\n|-ability|p1a: Calyrex|As One\n|-ability|p1a: Calyrex|Unnerve\n|turn|58\n|\n|t:|1699395494\n|switch|p1a: Kyogre|Kyogre-Primal|22\/100\n|-weather|PrimordialSea|[from] ability: Primordial Sea|[of] p1a: Kyogre\n|move|p2a: Dondozo|Rest|p2a: Dondozo\n|-status|p2a: Dondozo|slp|[from] move: Rest\n|-heal|p2a: Dondozo|100\/100 slp|[silent]\n|\n|-weather|PrimordialSea|[upkeep]\n|upkeep\n|turn|59\n|\n|t:|1699395503\n|switch|p2a: Zygarde|Zygarde-Complete, shiny|83\/100\n|-damage|p2a: Zygarde|77\/100|[from] Stealth Rock\n|move|p1a: Kyogre|Origin Pulse|p2a: Zygarde\n|-crit|p2a: Zygarde\n|-damage|p2a: Zygarde|0 fnt\n|faint|p2a: Zygarde\n|\n|-weather|PrimordialSea|[upkeep]\n|upkeep\n|\n|t:|1699395512\n|switch|p2a: Ditto|Ditto, shiny|100\/100\n|-damage|p2a: Ditto|88\/100|[from] Stealth Rock\n|-transform|p2a: Ditto|p1a: Kyogre|[from] ability: Imposter\n|turn|60\n|\n|t:|1699395519\n|switch|p1a: Necrozma|Necrozma-Dusk-Mane|100\/100\n|move|p2a: Ditto|Origin Pulse|p1a: Necrozma\n|-damage|p1a: Necrozma|20\/100\n|\n|-weather|PrimordialSea|[upkeep]\n|-heal|p1a: Necrozma|26\/100|[from] item: Leftovers\n|upkeep\n|turn|61\n|\n|t:|1699395524\n|switch|p1a: Arceus|Arceus-Fairy|48\/100 tox\n|move|p2a: Ditto|Origin Pulse|p1a: Arceus\n|-damage|p1a: Arceus|0 fnt\n|faint|p1a: Arceus\n|\n|-weather|PrimordialSea|[upkeep]\n|upkeep\n|\n|t:|1699395527\n|switch|p1a: Calyrex|Calyrex-Ice|100\/100\n|-ability|p1a: Calyrex|As One\n|-ability|p1a: Calyrex|Unnerve\n|turn|62\n|\n|t:|1699395531\n|-weather|none\n|switch|p2a: Magearna|Magearna|85\/100\n|-damage|p2a: Magearna|79\/100|[from] Stealth Rock\n|move|p1a: Calyrex|Close Combat|p2a: Magearna\n|-damage|p2a: Magearna|33\/100\n|-unboost|p1a: Calyrex|def|1\n|-unboost|p1a: Calyrex|spd|1\n|\n|upkeep\n|turn|63\n|\n|t:|1699395538\n|move|p2a: Magearna|Heal Bell|p2a: Magearna\n|-activate|p2a: Magearna|move: Heal Bell\n|-curestatus|p2: Dondozo|slp|[msg]\n|move|p1a: Calyrex|High Horsepower|p2a: Magearna\n|-supereffective|p2a: Magearna\n|-damage|p2a: Magearna|0 fnt\n|faint|p2a: Magearna\n|-ability|p1a: Calyrex|Chilling Neigh|boost\n|-boost|p1a: Calyrex|atk|1\n|\n|upkeep\n|\n|t:|1699395542\n|switch|p2a: Arceus|Arceus-Dark, tera:Poison|56\/100\n|-damage|p2a: Arceus|44\/100|[from] Stealth Rock\n|turn|64\n|\n|t:|1699395547\n|switch|p1a: Ho-Oh|Ho-Oh|100\/100 tox\n|move|p2a: Arceus|Foul Play|p1a: Ho-Oh\n|-damage|p1a: Ho-Oh|69\/100 tox\n|\n|-damage|p1a: Ho-Oh|63\/100 tox|[from] psn\n|upkeep\n|turn|65\n|\n|t:|1699395554\n|move|p2a: Arceus|Foul Play|p1a: Ho-Oh\n|-damage|p1a: Ho-Oh|28\/100 tox\n|move|p1a: Ho-Oh|Sacred Fire|p2a: Arceus\n|-damage|p2a: Arceus|14\/100\n|-status|p2a: Arceus|brn\n|\n|-damage|p1a: Ho-Oh|16\/100 tox|[from] psn\n|-damage|p2a: Arceus|8\/100 brn|[from] brn\n|upkeep\n|turn|66\n|\n|t:|1699395560\n|move|p2a: Arceus|Recover|p2a: Arceus\n|-heal|p2a: Arceus|58\/100 brn\n|move|p1a: Ho-Oh|Sacred Fire|p2a: Arceus\n|-damage|p2a: Arceus|32\/100 brn\n|\n|-damage|p1a: Ho-Oh|0 fnt|[from] psn\n|faint|p1a: Ho-Oh\n|-damage|p2a: Arceus|25\/100 brn|[from] brn\n|upkeep\n|\n|t:|1699395564\n|switch|p1a: Necrozma|Necrozma-Dusk-Mane|26\/100\n|turn|67\n|\n|t:|1699395570\n|move|p2a: Arceus|Taunt|p1a: Necrozma\n|-start|p1a: Necrozma|move: Taunt\n|cant|p1a: Necrozma|move: Taunt|Trick Room\n|\n|-heal|p1a: Necrozma|32\/100|[from] item: Leftovers\n|-damage|p2a: Arceus|19\/100 brn|[from] brn\n|upkeep\n|turn|68\n|\n|t:|1699395573\n|move|p2a: Arceus|Foul Play|p1a: Necrozma\n|-supereffective|p1a: Necrozma\n|-damage|p1a: Necrozma|7\/100\n|move|p1a: Necrozma|Earthquake|p2a: Arceus\n|-supereffective|p2a: Arceus\n|-damage|p2a: Arceus|0 fnt\n|faint|p2a: Arceus\n|\n|-heal|p1a: Necrozma|13\/100|[from] item: Leftovers\n|upkeep\n|\n|t:|1699395584\n|switch|p2a: Dondozo|Dondozo, F|100\/100\n|-damage|p2a: Dondozo|88\/100|[from] Stealth Rock\n|turn|69\n|\n|t:|1699395591\n|switch|p1a: Kyogre|Kyogre-Primal|22\/100\n|-weather|PrimordialSea|[from] ability: Primordial Sea|[of] p1a: Kyogre\n|move|p2a: Dondozo|Curse|p2a: Dondozo\n|-unboost|p2a: Dondozo|spe|1\n|-boost|p2a: Dondozo|atk|1\n|-boost|p2a: Dondozo|def|1\n|\n|-weather|PrimordialSea|[upkeep]\n|-heal|p2a: Dondozo|94\/100|[from] item: Leftovers\n|upkeep\n|turn|70\n|\n|t:|1699395597\n|move|p1a: Kyogre|Thunder|p2a: Dondozo\n|-supereffective|p2a: Dondozo\n|-damage|p2a: Dondozo|0 fnt\n|faint|p2a: Dondozo\n|\n|-weather|PrimordialSea|[upkeep]\n|upkeep\n|\n|t:|1699395600\n|switch|p2a: Ditto|Ditto, shiny|88\/100\n|-damage|p2a: Ditto|76\/100|[from] Stealth Rock\n|-transform|p2a: Ditto|p1a: Kyogre|[from] ability: Imposter\n|turn|71\n|\n|t:|1699395602\n|move|p2a: Ditto|Origin Pulse|p1a: Kyogre\n|-resisted|p1a: Kyogre\n|-crit|p1a: Kyogre\n|-damage|p1a: Kyogre|0 fnt\n|faint|p1a: Kyogre\n|\n|-weather|PrimordialSea|[upkeep]\n|upkeep\n|\n|t:|1699395603\n|switch|p1a: Calyrex|Calyrex-Ice|100\/100\n|-ability|p1a: Calyrex|As One\n|-ability|p1a: Calyrex|Unnerve\n|turn|72\n|\n|t:|1699395606\n|move|p2a: Ditto|Origin Pulse|p1a: Calyrex\n|-damage|p1a: Calyrex|15\/100\n|move|p1a: Calyrex|Trick Room|p1a: Calyrex\n|-fieldstart|move: Trick Room|[of] p1a: Calyrex\n|\n|-weather|PrimordialSea|[upkeep]\n|upkeep\n|turn|73\n|\n|t:|1699395609\n|move|p1a: Calyrex|Close Combat|p2a: Ditto\n|-damage|p2a: Ditto|8\/100\n|-unboost|p1a: Calyrex|def|1\n|-unboost|p1a: Calyrex|spd|1\n|move|p2a: Ditto|Origin Pulse|p1a: Calyrex\n|-damage|p1a: Calyrex|0 fnt\n|faint|p1a: Calyrex\n|\n|-weather|PrimordialSea|[upkeep]\n|upkeep\n|\n|t:|1699395612\n|switch|p1a: Necrozma|Necrozma-Dusk-Mane|13\/100\n|turn|74\n|-message|BlackStar150520 forfeited.\n|\n|win|IConsumeChairs\n|raw|IConsumeChairs's rating: 1690 &rarr; <strong>1720<\/strong><br \/>(+30 for winning)\n|raw|BlackStar150520's rating: 1870 &rarr; <strong>1840<\/strong><br \/>(-30 for losing)\n|l|\u2606BlackStar150520\n|l|\u2606IConsumeChairs\n|j|\u2606IConsumeChairs\n|player|p1|IConsumeChairs|lucas\n","uploadtime":1699395852,"views":14,"p1id":"iconsumechairs","p2id":"blackstar150520","formatid":"gen9nationaldexubers","rating":1720,"private":0,"password":""}