{"id":"gen9nationaldexubers-1992842883","p1":"aquiles meo","p2":"ShayminSturdy","format":"[Gen 9] National Dex Ubers","log":"|j|\u2606aquiles meo\n|j|\u2606ShayminSturdy\n|t:|1700240206\n|gametype|singles\n|player|p1|aquiles meo|ethan|1172\n|player|p2|ShayminSturdy|102|1039\n|teamsize|p1|6\n|teamsize|p2|6\n|gen|9\n|tier|[Gen 9] National Dex Ubers\n|rated|\n|rule|HP Percentage Mod: HP is shown in percentages\n|rule|Endless Battle Clause: Forcing endless battles is banned\n|rule|OHKO Clause: OHKO moves are banned\n|rule|Evasion Moves Clause: Evasion moves are banned\n|rule|Evasion Items Clause: Evasion items are banned\n|rule|Species Clause: Limit one of each Pok\u00e9mon\n|rule|Sleep Clause Mod: Limit one foe put to sleep\n|rule|Mega Rayquaza Clause: You cannot mega evolve Rayquaza\n|clearpoke\n|poke|p1|Jirachi|\n|poke|p1|Ho-Oh|\n|poke|p1|Rayquaza|\n|poke|p1|Pidgeot, M|\n|poke|p1|Lucario, M|\n|poke|p1|Luxray, M|\n|poke|p2|Typhlosion-Hisui, F|\n|poke|p2|Blaziken, M|\n|poke|p2|Dragonite, M|\n|poke|p2|Kingambit, M|\n|poke|p2|Necrozma|\n|poke|p2|Magearna|\n|teampreview\n|\n|t:|1700240214\n|start\n|switch|p1a: Jirachi|Jirachi|100\/100\n|switch|p2a: Magearna|Magearna|100\/100\n|turn|1\n|\n|t:|1700240226\n|move|p1a: Jirachi|Iron Head|p2a: Magearna\n|-damage|p2a: Magearna|79\/100\n|cant|p2a: Magearna|flinch\n|\n|upkeep\n|turn|2\n|\n|t:|1700240232\n|move|p1a: Jirachi|Iron Head|p2a: Magearna\n|-damage|p2a: Magearna|54\/100\n|move|p2a: Magearna|Shift Gear|p2a: Magearna\n|-boost|p2a: Magearna|spe|2\n|-boost|p2a: Magearna|atk|1\n|\n|upkeep\n|turn|3\n|\n|t:|1700240246\n|move|p2a: Magearna|Shift Gear|p2a: Magearna\n|-boost|p2a: Magearna|spe|2\n|-boost|p2a: Magearna|atk|1\n|move|p1a: Jirachi|Wish|p1a: Jirachi\n|\n|upkeep\n|turn|4\n|\n|t:|1700240254\n|switch|p1a: Ho-Oh|Ho-Oh|100\/100\n|move|p2a: Magearna|Shift Gear|p2a: Magearna\n|-boost|p2a: Magearna|spe|2\n|-boost|p2a: Magearna|atk|1\n|\n|upkeep\n|turn|5\n|\n|t:|1700240273\n|-terastallize|p2a: Magearna|Flying\n|move|p2a: Magearna|Stored Power|p1a: Ho-Oh\n|-damage|p1a: Ho-Oh|50\/100\n|-damage|p2a: Magearna|44\/100|[from] item: Life Orb\n|move|p1a: Ho-Oh|Sacred Fire|p2a: Magearna\n|-damage|p2a: Magearna|10\/100\n|\n|upkeep\n|turn|6\n|\n|t:|1700240285\n|switch|p1a: Rayquaza|Rayquaza|100\/100\n|-ability|p1a: Rayquaza|Air Lock\n|move|p2a: Magearna|Stored Power|p1a: Rayquaza\n|-damage|p1a: Rayquaza|6\/100\n|-damage|p2a: Magearna|0 fnt|[from] item: Life Orb\n|faint|p2a: Magearna\n|\n|-heal|p1a: Rayquaza|12\/100|[from] item: Leftovers\n|upkeep\n|\n|t:|1700240301\n|switch|p2a: Blaziken|Blaziken, M|100\/100\n|turn|7\n|\n|t:|1700240321\n|detailschange|p2a: Blaziken|Blaziken-Mega, M\n|-mega|p2a: Blaziken|Blaziken|Blazikenite\n|-terastallize|p1a: Rayquaza|Flying\n|move|p1a: Rayquaza|Dragon Ascent|p2a: Blaziken\n|-supereffective|p2a: Blaziken\n|-damage|p2a: Blaziken|0 fnt\n|-unboost|p1a: Rayquaza|def|1\n|-unboost|p1a: Rayquaza|spd|1\n|faint|p2a: Blaziken\n|\n|-heal|p1a: Rayquaza|18\/100|[from] item: Leftovers\n|upkeep\n|\n|t:|1700240333\n|switch|p2a: Dragonite|Dragonite, M|100\/100\n|turn|8\n|\n|t:|1700240341\n|move|p1a: Rayquaza|Dragon Pulse|p2a: Dragonite\n|-supereffective|p2a: Dragonite\n|-damage|p2a: Dragonite|59\/100\n|move|p2a: Dragonite|Ice Punch|p1a: Rayquaza\n|-supereffective|p1a: Rayquaza\n|-damage|p1a: Rayquaza|0 fnt\n|faint|p1a: Rayquaza\n|\n|upkeep\n|\n|t:|1700240357\n|switch|p1a: Ho-Oh|Ho-Oh|84\/100\n|turn|9\n|\n|t:|1700240363\n|move|p1a: Ho-Oh|Ancient Power|p2a: Dragonite\n|-supereffective|p2a: Dragonite\n|-damage|p2a: Dragonite|26\/100\n|-boost|p1a: Ho-Oh|atk|1\n|-boost|p1a: Ho-Oh|def|1\n|-boost|p1a: Ho-Oh|spa|1\n|-boost|p1a: Ho-Oh|spd|1\n|-boost|p1a: Ho-Oh|spe|1\n|move|p2a: Dragonite|Ice Punch|p1a: Ho-Oh\n|-damage|p1a: Ho-Oh|64\/100\n|\n|upkeep\n|turn|10\n|\n|t:|1700240372\n|move|p1a: Ho-Oh|Ancient Power|p2a: Dragonite\n|-supereffective|p2a: Dragonite\n|-damage|p2a: Dragonite|0 fnt\n|faint|p2a: Dragonite\n|\n|upkeep\n|\n|t:|1700240381\n|switch|p2a: Necrozma|Necrozma|100\/100\n|turn|11\n|\n|t:|1700240386\n|move|p1a: Ho-Oh|Burn Up|p2a: Necrozma\n|-damage|p2a: Necrozma|24\/100\n|-start|p1a: Ho-Oh|typechange|???\/Flying|[from] move: Burn Up\n|move|p2a: Necrozma|Thunder Wave|p1a: Ho-Oh\n|-status|p1a: Ho-Oh|par\n|\n|upkeep\n|turn|12\n|\n|t:|1700240412\n|move|p2a: Necrozma|Photon Geyser|p1a: Ho-Oh\n|-damage|p1a: Ho-Oh|43\/100 par\n|cant|p1a: Ho-Oh|par\n|\n|upkeep\n|turn|13\n|\n|t:|1700240444\n|move|p2a: Necrozma|Photon Geyser|p1a: Ho-Oh\n|-damage|p1a: Ho-Oh|21\/100 par\n|cant|p1a: Ho-Oh|par\n|\n|upkeep\n|turn|14\n|\n|t:|1700240454\n|switch|p1a: Jirachi|Jirachi|100\/100\n|move|p2a: Necrozma|Photon Geyser|p1a: Jirachi\n|-resisted|p1a: Jirachi\n|-damage|p1a: Jirachi|89\/100\n|\n|upkeep\n|turn|15\n|\n|t:|1700240464\n|move|p1a: Jirachi|Ancient Power|p2a: Necrozma\n|-damage|p2a: Necrozma|13\/100\n|move|p2a: Necrozma|Earth Power|p1a: Jirachi\n|-supereffective|p1a: Jirachi\n|-damage|p1a: Jirachi|25\/100\n|\n|upkeep\n|turn|16\n|\n|t:|1700240475\n|move|p1a: Jirachi|Iron Head|p2a: Necrozma\n|-damage|p2a: Necrozma|0 fnt\n|faint|p2a: Necrozma\n|\n|upkeep\n|\n|t:|1700240479\n|switch|p2a: Typhlosion|Typhlosion-Hisui, F|100\/100\n|turn|17\n|\n|t:|1700240490\n|move|p1a: Jirachi|Iron Head|p2a: Typhlosion\n|-resisted|p2a: Typhlosion\n|-damage|p2a: Typhlosion|84\/100\n|cant|p2a: Typhlosion|flinch\n|\n|upkeep\n|turn|18\n|\n|t:|1700240512\n|switch|p1a: Pidgeot|Pidgeot, M|100\/100\n|move|p2a: Typhlosion|Lava Plume|p1a: Pidgeot\n|-damage|p1a: Pidgeot|45\/100\n|\n|upkeep\n|turn|19\n|\n|t:|1700240532\n|move|p1a: Pidgeot|Tailwind|p1a: Pidgeot\n|-sidestart|p1: aquiles meo|move: Tailwind\n|move|p2a: Typhlosion|Lava Plume|p1a: Pidgeot\n|-damage|p1a: Pidgeot|0 fnt\n|faint|p1a: Pidgeot\n|\n|upkeep\n|\n|t:|1700240562\n|switch|p1a: Lucario|Lucario, M, shiny|100\/100\n|turn|20\n|\n|t:|1700240571\n|detailschange|p1a: Lucario|Lucario-Mega, M, shiny\n|-mega|p1a: Lucario|Lucario|Lucarionite\n|move|p1a: Lucario|Bone Rush|p2a: Typhlosion\n|-supereffective|p2a: Typhlosion\n|-damage|p2a: Typhlosion|64\/100\n|-supereffective|p2a: Typhlosion\n|-damage|p2a: Typhlosion|41\/100\n|-hitcount|p2a: Typhlosion|2\n|move|p2a: Typhlosion|Lava Plume|p1a: Lucario\n|-supereffective|p1a: Lucario\n|-damage|p1a: Lucario|0 fnt\n|faint|p1a: Lucario\n|\n|upkeep\n|\n|t:|1700240583\n|switch|p1a: Luxray|Luxray, M, shiny|100\/100\n|turn|21\n|\n|t:|1700240593\n|-zpower|p1a: Luxray\n|move|p1a: Luxray|Gigavolt Havoc|p2a: Typhlosion|[zeffect]\n|-damage|p2a: Typhlosion|0 fnt\n|faint|p2a: Typhlosion\n|\n|upkeep\n|\n|t:|1700240600\n|switch|p2a: Kingambit|Kingambit, M|100\/100\n|-activate|p2a: Kingambit|ability: Supreme Overlord\n|-start|p2a: Kingambit|fallen5|[silent]\n|turn|22\n|\n|t:|1700240618\n|switch|p1a: Ho-Oh|Ho-Oh|54\/100 par\n|move|p2a: Kingambit|Power-Up Punch|p1a: Ho-Oh\n|-resisted|p1a: Ho-Oh\n|-damage|p1a: Ho-Oh|42\/100 par\n|-boost|p2a: Kingambit|atk|1\n|\n|-sideend|p1: aquiles meo|move: Tailwind\n|upkeep\n|turn|23\n|\n|t:|1700240631\n|switch|p1a: Luxray|Luxray, M, shiny|100\/100\n|move|p2a: Kingambit|Kowtow Cleave|p1a: Luxray\n|-damage|p1a: Luxray|0 fnt\n|faint|p1a: Luxray\n|\n|upkeep\n|\n|t:|1700240639\n|switch|p1a: Jirachi|Jirachi|25\/100\n|turn|24\n|\n|t:|1700240649\n|move|p1a: Jirachi|Iron Head|p2a: Kingambit\n|-resisted|p2a: Kingambit\n|-damage|p2a: Kingambit|90\/100\n|-damage|p1a: Jirachi|9\/100|[from] item: Rocky Helmet|[of] p2a: Kingambit\n|move|p2a: Kingambit|Power-Up Punch|p1a: Jirachi\n|-damage|p1a: Jirachi|0 fnt\n|-boost|p2a: Kingambit|atk|1\n|faint|p1a: Jirachi\n|\n|upkeep\n|\n|t:|1700240656\n|switch|p1a: Ho-Oh|Ho-Oh|75\/100 par\n|turn|25\n|c|\u2606ShayminSturdy|gg\n|c|\u2606aquiles meo|good game indeed\n|c|\u2606ShayminSturdy|either this ohkos or you survive and kill\n|\n|t:|1700240696\n|move|p2a: Kingambit|Kowtow Cleave|p1a: Ho-Oh\n|-damage|p1a: Ho-Oh|0 fnt\n|faint|p1a: Ho-Oh\n|\n|win|ShayminSturdy\n|raw|aquiles meo's rating: 1172 &rarr; <strong>1138<\/strong><br \/>(-34 for losing)\n|raw|ShayminSturdy's rating: 1039 &rarr; <strong>1086<\/strong><br \/>(+47 for winning)\n|c|\u2606aquiles meo|I think you'll get the kill\n|c|\u2606ShayminSturdy|gg\n|c|\u2606aquiles meo|gg\n|c|\u2606aquiles meo|that was fun\n","uploadtime":1700241289,"views":15,"p1id":"aquilesmeo","p2id":"shayminsturdy","formatid":"gen9nationaldexubers","rating":1086,"private":0,"password":""}