{"id":"gen9nationaldexubers-1992431109","p1":"Rayqueerza32","p2":"GrundleGrimace","format":"[Gen 9] National Dex Ubers","log":"|j|\u2606Rayqueerza32\n|j|\u2606GrundleGrimace\n|t:|1700186754\n|gametype|singles\n|player|p1|Rayqueerza32|palmer|\n|player|p2|GrundleGrimace|zinzolin|\n|teamsize|p1|6\n|teamsize|p2|6\n|gen|9\n|tier|[Gen 9] National Dex Ubers\n|rule|HP Percentage Mod: HP is shown in percentages\n|rule|Endless Battle Clause: Forcing endless battles is banned\n|rule|OHKO Clause: OHKO moves are banned\n|rule|Evasion Moves Clause: Evasion moves are banned\n|rule|Evasion Items Clause: Evasion items are banned\n|rule|Species Clause: Limit one of each Pok\u00e9mon\n|rule|Sleep Clause Mod: Limit one foe put to sleep\n|rule|Mega Rayquaza Clause: You cannot mega evolve Rayquaza\n|clearpoke\n|poke|p1|Scizor, F|\n|poke|p1|Landorus-Therian, M|\n|poke|p1|Greninja-*, M|\n|poke|p1|Corviknight, M|\n|poke|p1|Blissey, F|\n|poke|p1|Conkeldurr, F|\n|poke|p2|Groudon|\n|poke|p2|Zygarde|\n|poke|p2|Clodsire, M|\n|poke|p2|Great Tusk|\n|poke|p2|Landorus, M|\n|poke|p2|Mamoswine, M|\n|teampreview\n|inactive|Battle timer is ON: inactive players will automatically lose when time's up. (requested by Rayqueerza32)\n|c|\u2606GrundleGrimace|glhf\n|c|\u2606Rayqueerza32|i have felled gods before\n|c|\u2606Rayqueerza32|this will be no different\n|c|\u2606Rayqueerza32|just step aside, it will hurt your ego less\n|inactive|Rayqueerza32 has 270 seconds left.\n|c|\u2606GrundleGrimace|I'm just tryna play pokemon\n|c|\u2606Rayqueerza32|now good luck master, for you will need it\n|c|\u2606Rayqueerza32|im just tryna be a crazy supervillain\n|\n|t:|1700186804\n|start\n|switch|p1a: Honkeldurr|Conkeldurr, F|100\/100\n|switch|p2a: Great Tusk|Great Tusk|100\/100\n|turn|1\n|c|\u2606GrundleGrimace|fair enough\n|\n|t:|1700186810\n|move|p2a: Great Tusk|Knock Off|p1a: Honkeldurr\n|-resisted|p1a: Honkeldurr\n|-damage|p1a: Honkeldurr|89\/100\n|-enditem|p1a: Honkeldurr|Flame Orb|[from] move: Knock Off|[of] p2a: Great Tusk\n|move|p1a: Honkeldurr|Knock Off|p2a: Great Tusk\n|-resisted|p2a: Great Tusk\n|-damage|p2a: Great Tusk|91\/100\n|-enditem|p2a: Great Tusk|Leftovers|[from] move: Knock Off|[of] p1a: Honkeldurr\n|\n|upkeep\n|turn|2\n|\n|t:|1700186817\n|switch|p1a: UUBL|Landorus-Therian, M|100\/100\n|-ability|p1a: UUBL|Intimidate|boost\n|-unboost|p2a: Great Tusk|atk|1\n|move|p2a: Great Tusk|Stealth Rock|p1a: UUBL\n|-sidestart|p1: Rayqueerza32|move: Stealth Rock\n|\n|upkeep\n|turn|3\n|\n|t:|1700186823\n|move|p1a: UUBL|Stealth Rock|p2a: Great Tusk\n|-sidestart|p2: GrundleGrimace|move: Stealth Rock\n|move|p2a: Great Tusk|Knock Off|p1a: UUBL\n|-damage|p1a: UUBL|85\/100\n|\n|upkeep\n|turn|4\n|\n|t:|1700186826\n|move|p1a: UUBL|Swords Dance|p1a: UUBL\n|-boost|p1a: UUBL|atk|2\n|move|p2a: Great Tusk|Rapid Spin|p1a: UUBL\n|-damage|p1a: UUBL|74\/100\n|-boost|p2a: Great Tusk|spe|1\n|-sideend|p2: GrundleGrimace|Stealth Rock|[from] move: Rapid Spin|[of] p2a: Great Tusk\n|\n|upkeep\n|turn|5\n|\n|t:|1700186848\n|-end|p2a: Great Tusk|Protosynthesis|[silent]\n|switch|p2a: Landorus|Landorus, M|100\/100\n|move|p1a: UUBL|Earthquake|p2a: Landorus\n|-immune|p2a: Landorus\n|\n|upkeep\n|turn|6\n|\n|t:|1700186858\n|move|p2a: Landorus|Rock Slide|p1a: UUBL\n|-damage|p1a: UUBL|32\/100\n|-zpower|p1a: UUBL\n|move|p1a: UUBL|Continental Crush|p2a: Landorus|[zeffect]\n|-damage|p2a: Landorus|0 fnt\n|faint|p2a: Landorus\n|\n|upkeep\n|inactive|GrundleGrimace has 270 seconds left.\n|\n|t:|1700186874\n|switch|p2a: Mamoswine|Mamoswine, M|100\/100\n|turn|7\n|c|\u2606Rayqueerza32|tera drag corv\n|\n|t:|1700186880\n|switch|p1a: Tinkatrouble|Corviknight, M, shiny|100\/100\n|-damage|p1a: Tinkatrouble|88\/100|[from] Stealth Rock\n|-ability|p1a: Tinkatrouble|Pressure\n|move|p2a: Mamoswine|Ice Shard|p1a: Tinkatrouble\n|-damage|p1a: Tinkatrouble|68\/100\n|\n|upkeep\n|turn|8\n|c|\u2606Rayqueerza32|forgot to mention it\n|\n|t:|1700186889\n|switch|p2a: Zygarde|Zygarde|100\/100\n|move|p1a: Tinkatrouble|Roost|p1a: Tinkatrouble\n|-heal|p1a: Tinkatrouble|100\/100\n|-singleturn|p1a: Tinkatrouble|move: Roost\n|\n|upkeep\n|turn|9\n|\n|t:|1700186899\n|move|p2a: Zygarde|Substitute|p2a: Zygarde\n|-start|p2a: Zygarde|Substitute\n|-damage|p2a: Zygarde|76\/100\n|move|p1a: Tinkatrouble|U-turn|p2a: Zygarde\n|-activate|p2a: Zygarde|move: Substitute|[damage]\n|\n|t:|1700186907\n|switch|p1a: Honkeldurr|Conkeldurr, F|89\/100|[from] U-turn\n|-damage|p1a: Honkeldurr|83\/100|[from] Stealth Rock\n|\n|-heal|p2a: Zygarde|82\/100|[from] item: Leftovers\n|upkeep\n|turn|10\n|inactive|GrundleGrimace has 270 seconds left.\n|\n|t:|1700186937\n|move|p2a: Zygarde|Thousand Arrows|p1a: Honkeldurr\n|-damage|p1a: Honkeldurr|51\/100\n|move|p1a: Honkeldurr|Earthquake|p2a: Zygarde\n|-end|p2a: Zygarde|Substitute\n|\n|-heal|p2a: Zygarde|88\/100|[from] item: Leftovers\n|upkeep\n|turn|11\n|inactive|GrundleGrimace has 270 seconds left.\n|\n|t:|1700186958\n|move|p2a: Zygarde|Substitute|p2a: Zygarde\n|-start|p2a: Zygarde|Substitute\n|-damage|p2a: Zygarde|63\/100\n|move|p1a: Honkeldurr|Earthquake|p2a: Zygarde\n|-end|p2a: Zygarde|Substitute\n|\n|-heal|p2a: Zygarde|69\/100|[from] item: Leftovers\n|upkeep\n|turn|12\n|\n|t:|1700186967\n|move|p2a: Zygarde|Dragon Dance|p2a: Zygarde\n|-boost|p2a: Zygarde|atk|1\n|-boost|p2a: Zygarde|spe|1\n|move|p1a: Honkeldurr|Earthquake|p2a: Zygarde\n|-damage|p2a: Zygarde|41\/100\n|\n|-heal|p2a: Zygarde|47\/100|[from] item: Leftovers\n|-activate|p2a: Zygarde|ability: Power Construct\n|detailschange|p2a: Zygarde|Zygarde-Complete\n|-heal|p2a: Zygarde|67\/100|[silent]\n|upkeep\n|turn|13\n|\n|t:|1700186974\n|switch|p1a: UUBL|Landorus-Therian, M|32\/100\n|-damage|p1a: UUBL|20\/100|[from] Stealth Rock\n|-ability|p1a: UUBL|Intimidate|boost\n|-unboost|p2a: Zygarde|atk|1\n|move|p2a: Zygarde|Thousand Arrows|p1a: UUBL\n|-damage|p1a: UUBL|0 fnt\n|faint|p1a: UUBL\n|\n|-heal|p2a: Zygarde|73\/100|[from] item: Leftovers\n|upkeep\n|\n|t:|1700186977\n|switch|p1a: Amphinobi|Greninja, M|100\/100\n|-damage|p1a: Amphinobi|88\/100|[from] Stealth Rock\n|turn|14\n|inactive|GrundleGrimace has 270 seconds left.\n|\n|t:|1700186991\n|switch|p2a: Groudon|Groudon|100\/100\n|detailschange|p2a: Groudon|Groudon-Primal\n|-primal|p2a: Groudon|Red Orb\n|-weather|DesolateLand|[from] ability: Desolate Land|[of] p2a: Groudon\n|move|p1a: Amphinobi|Ice Beam|p2a: Groudon\n|-start|p1a: Amphinobi|typechange|Ice|[from] ability: Protean\n|-damage|p2a: Groudon|61\/100\n|\n|-weather|DesolateLand|[upkeep]\n|upkeep\n|turn|15\n|inactive|GrundleGrimace has 270 seconds left.\n|\n|t:|1700187011\n|switch|p1a: Honkeldurr|Conkeldurr, F|51\/100\n|-damage|p1a: Honkeldurr|45\/100|[from] Stealth Rock\n|move|p2a: Groudon|Lava Plume|p1a: Honkeldurr\n|-damage|p1a: Honkeldurr|0 fnt\n|faint|p1a: Honkeldurr\n|\n|-weather|DesolateLand|[upkeep]\n|upkeep\n|\n|t:|1700187016\n|switch|p1a: Fat Fuck Friday|Blissey, F|100\/100\n|turn|16\n|inactive|GrundleGrimace has 270 seconds left.\n|\n|t:|1700187033\n|move|p2a: Groudon|Precipice Blades|p1a: Fat Fuck Friday\n|-damage|p1a: Fat Fuck Friday|39\/100\n|move|p1a: Fat Fuck Friday|Seismic Toss|p2a: Groudon\n|-damage|p2a: Groudon|32\/100\n|\n|-weather|DesolateLand|[upkeep]\n|upkeep\n|turn|17\n|\n|t:|1700187038\n|switch|p1a: Tinkatrouble|Corviknight, M, shiny|100\/100\n|-damage|p1a: Tinkatrouble|88\/100|[from] Stealth Rock\n|-ability|p1a: Tinkatrouble|Pressure\n|move|p2a: Groudon|Precipice Blades|p1a: Tinkatrouble\n|-immune|p1a: Tinkatrouble\n|\n|-weather|DesolateLand|[upkeep]\n|upkeep\n|turn|18\n|\n|t:|1700187040\n|-weather|none\n|switch|p2a: Zygarde|Zygarde-Complete|73\/100\n|-terastallize|p1a: Tinkatrouble|Dragon\n|move|p1a: Tinkatrouble|Defog|p2a: Zygarde\n|-unboost|p2a: Zygarde|evasion|1\n|-sideend|p1: Rayqueerza32|Stealth Rock|[from] move: Defog|[of] p1a: Tinkatrouble\n|\n|-heal|p2a: Zygarde|80\/100|[from] item: Leftovers\n|upkeep\n|turn|19\n|\n|t:|1700187049\n|switch|p1a: Faberge|Scizor, F|100\/100\n|move|p2a: Zygarde|Substitute|p2a: Zygarde\n|-start|p2a: Zygarde|Substitute\n|-damage|p2a: Zygarde|55\/100\n|\n|-heal|p2a: Zygarde|61\/100|[from] item: Leftovers\n|upkeep\n|turn|20\n|\n|t:|1700187056\n|detailschange|p1a: Faberge|Scizor-Mega, F\n|-mega|p1a: Faberge|Scizor|Scizorite\n|move|p2a: Zygarde|Thousand Arrows|p1a: Faberge\n|-damage|p1a: Faberge|77\/100\n|move|p1a: Faberge|Swords Dance|p1a: Faberge\n|-boost|p1a: Faberge|atk|2\n|\n|-heal|p2a: Zygarde|67\/100|[from] item: Leftovers\n|upkeep\n|turn|21\n|\n|t:|1700187062\n|move|p1a: Faberge|Swords Dance|p1a: Faberge\n|-boost|p1a: Faberge|atk|2\n|move|p2a: Zygarde|Dragon Tail|p1a: Faberge\n|-resisted|p1a: Faberge\n|-damage|p1a: Faberge|69\/100\n|drag|p1a: Amphinobi|Greninja, M|88\/100\n|\n|-heal|p2a: Zygarde|73\/100|[from] item: Leftovers\n|upkeep\n|turn|22\n|\n|t:|1700187072\n|move|p1a: Amphinobi|U-turn|p2a: Zygarde\n|-start|p1a: Amphinobi|typechange|Bug|[from] ability: Protean\n|-activate|p2a: Zygarde|move: Substitute|[damage]\n|\n|t:|1700187074\n|switch|p1a: Faberge|Scizor-Mega, F|69\/100|[from] U-turn\n|move|p2a: Zygarde|Thousand Arrows|p1a: Faberge\n|-damage|p1a: Faberge|48\/100\n|\n|-heal|p2a: Zygarde|80\/100|[from] item: Leftovers\n|upkeep\n|turn|23\n|\n|t:|1700187086\n|move|p2a: Zygarde|Dragon Dance|p2a: Zygarde\n|-boost|p2a: Zygarde|atk|1\n|-boost|p2a: Zygarde|spe|1\n|move|p1a: Faberge|Roost|p1a: Faberge\n|-heal|p1a: Faberge|98\/100\n|-singleturn|p1a: Faberge|move: Roost\n|\n|-heal|p2a: Zygarde|86\/100|[from] item: Leftovers\n|upkeep\n|turn|24\n|\n|t:|1700187092\n|move|p2a: Zygarde|Dragon Dance|p2a: Zygarde\n|-boost|p2a: Zygarde|atk|1\n|-boost|p2a: Zygarde|spe|1\n|move|p1a: Faberge|U-turn|p2a: Zygarde\n|-end|p2a: Zygarde|Substitute\n|\n|t:|1700187096\n|switch|p1a: Tinkatrouble|Corviknight, M, shiny, tera:Dragon|88\/100|[from] U-turn\n|-ability|p1a: Tinkatrouble|Pressure\n|\n|-heal|p2a: Zygarde|92\/100|[from] item: Leftovers\n|upkeep\n|turn|25\n|\n|t:|1700187104\n|move|p2a: Zygarde|Substitute|p2a: Zygarde\n|-start|p2a: Zygarde|Substitute\n|-damage|p2a: Zygarde|67\/100\n|move|p1a: Tinkatrouble|Brave Bird|p2a: Zygarde\n|-activate|p2a: Zygarde|move: Substitute|[damage]\n|-damage|p1a: Tinkatrouble|81\/100|[from] Recoil|[of] p2a: Zygarde\n|\n|-heal|p2a: Zygarde|73\/100|[from] item: Leftovers\n|upkeep\n|turn|26\n|\n|t:|1700187113\n|move|p2a: Zygarde|Dragon Dance|p2a: Zygarde\n|-boost|p2a: Zygarde|atk|1\n|-boost|p2a: Zygarde|spe|1\n|move|p1a: Tinkatrouble|Brave Bird|p2a: Zygarde\n|-end|p2a: Zygarde|Substitute\n|-damage|p1a: Tinkatrouble|76\/100|[from] Recoil|[of] p2a: Zygarde\n|\n|-heal|p2a: Zygarde|80\/100|[from] item: Leftovers\n|upkeep\n|turn|27\n|c|\u2606Rayqueerza32|this fucker is a prick\n|\n|t:|1700187128\n|switch|p1a: Faberge|Scizor-Mega, F|98\/100\n|move|p2a: Zygarde|Substitute|p2a: Zygarde\n|-start|p2a: Zygarde|Substitute\n|-damage|p2a: Zygarde|55\/100\n|\n|-heal|p2a: Zygarde|61\/100|[from] item: Leftovers\n|upkeep\n|turn|28\n|\n|t:|1700187131\n|move|p2a: Zygarde|Dragon Dance|p2a: Zygarde\n|-boost|p2a: Zygarde|atk|1\n|-boost|p2a: Zygarde|spe|1\n|move|p1a: Faberge|Swords Dance|p1a: Faberge\n|-boost|p1a: Faberge|atk|2\n|\n|-heal|p2a: Zygarde|67\/100|[from] item: Leftovers\n|upkeep\n|turn|29\n|\n|t:|1700187151\n|move|p1a: Faberge|Bullet Punch|p2a: Zygarde\n|-end|p2a: Zygarde|Substitute\n|move|p2a: Zygarde|Thousand Arrows|p1a: Faberge\n|-damage|p1a: Faberge|37\/100\n|\n|-heal|p2a: Zygarde|73\/100|[from] item: Leftovers\n|upkeep\n|turn|30\n|\n|t:|1700187157\n|move|p1a: Faberge|Bullet Punch|p2a: Zygarde\n|-damage|p2a: Zygarde|46\/100\n|move|p2a: Zygarde|Thousand Arrows|p1a: Faberge\n|-damage|p1a: Faberge|0 fnt\n|faint|p1a: Faberge\n|\n|-heal|p2a: Zygarde|52\/100|[from] item: Leftovers\n|upkeep\n|\n|t:|1700187159\n|switch|p1a: Amphinobi|Greninja, M|88\/100\n|turn|31\n|c|\u2606Rayqueerza32|yeah zygod is too much\n|\n|t:|1700187171\n|move|p2a: Zygarde|Thousand Arrows|p1a: Amphinobi\n|-damage|p1a: Amphinobi|0 fnt\n|faint|p1a: Amphinobi\n|\n|-heal|p2a: Zygarde|59\/100|[from] item: Leftovers\n|upkeep\n|\n|t:|1700187173\n|switch|p1a: Tinkatrouble|Corviknight, M, shiny, tera:Dragon|76\/100\n|-ability|p1a: Tinkatrouble|Pressure\n|turn|32\n|\n|t:|1700187178\n|move|p2a: Zygarde|Substitute|p2a: Zygarde\n|-start|p2a: Zygarde|Substitute\n|-damage|p2a: Zygarde|34\/100\n|move|p1a: Tinkatrouble|Brave Bird|p2a: Zygarde\n|-activate|p2a: Zygarde|move: Substitute|[damage]\n|-damage|p1a: Tinkatrouble|68\/100|[from] Recoil|[of] p2a: Zygarde\n|\n|-heal|p2a: Zygarde|40\/100|[from] item: Leftovers\n|upkeep\n|turn|33\n|c|\u2606Rayqueerza32|like\n|c|\u2606Rayqueerza32|it tanks 2? ice beams from gren\n|c|\u2606GrundleGrimace|He is a little funny\n|\n|t:|1700187191\n|move|p2a: Zygarde|Thousand Arrows|p1a: Tinkatrouble\n|-damage|p1a: Tinkatrouble|2\/100\n|move|p1a: Tinkatrouble|Brave Bird|p2a: Zygarde\n|-end|p2a: Zygarde|Substitute\n|-damage|p1a: Tinkatrouble|0 fnt|[from] Recoil|[of] p2a: Zygarde\n|faint|p1a: Tinkatrouble\n|\n|-heal|p2a: Zygarde|46\/100|[from] item: Leftovers\n|upkeep\n|\n|t:|1700187193\n|switch|p1a: Fat Fuck Friday|Blissey, F|39\/100\n|turn|34\n|\n|t:|1700187197\n|move|p2a: Zygarde|Thousand Arrows|p1a: Fat Fuck Friday\n|-damage|p1a: Fat Fuck Friday|0 fnt\n|faint|p1a: Fat Fuck Friday\n|\n|win|GrundleGrimace\n|c|\u2606GrundleGrimace|gg\n|c|\u2606Rayqueerza32|92 SpA Protean Greninja Ice Beam vs. 16 HP \/ 0 SpD Zygarde-Complete: 456-540 (79 - 93.5%) -- guaranteed 2HKO after Leftovers recovery\n|c|\u2606Rayqueerza32|this is absurd\n","uploadtime":1700187233,"views":23,"p1id":"rayqueerza32","p2id":"grundlegrimace","formatid":"gen9nationaldexubers","rating":0,"private":0,"password":""}