{"id":"gen9nationaldexubers-1997119577","p1":"AHahAAAAAAAA","p2":"KarmaKazama0","format":"[Gen 9] National Dex Ubers","log":"|j|\u2606AHahAAAAAAAA\n|j|\u2606KarmaKazama0\n|t:|1700766470\n|gametype|singles\n|player|p1|AHahAAAAAAAA|pilot|1426\n|player|p2|KarmaKazama0|169|1550\n|teamsize|p1|6\n|teamsize|p2|6\n|gen|9\n|tier|[Gen 9] National Dex Ubers\n|rated|\n|rule|HP Percentage Mod: HP is shown in percentages\n|rule|Endless Battle Clause: Forcing endless battles is banned\n|rule|OHKO Clause: OHKO moves are banned\n|rule|Evasion Moves Clause: Evasion moves are banned\n|rule|Evasion Items Clause: Evasion items are banned\n|rule|Species Clause: Limit one of each Pok\u00e9mon\n|rule|Sleep Clause Mod: Limit one foe put to sleep\n|rule|Mega Rayquaza Clause: You cannot mega evolve Rayquaza\n|clearpoke\n|poke|p1|Cloyster, M|\n|poke|p1|Gengar, F|\n|poke|p1|Ditto|\n|poke|p1|Rhydon, M|\n|poke|p1|Machamp, M|\n|poke|p1|Zapdos|\n|poke|p2|Rayquaza|\n|poke|p2|Ho-Oh|\n|poke|p2|Arceus-Ground|\n|poke|p2|Groudon|\n|poke|p2|Xerneas-*|\n|poke|p2|Zygarde|\n|teampreview\n|inactive|Battle timer is ON: inactive players will automatically lose when time's up. (requested by AHahAAAAAAAA)\n|j| rizeparon\n|\n|t:|1700766484\n|start\n|switch|p1a: Misaki|Machamp, M|100\/100\n|switch|p2a: Groudon|Groudon|100\/100\n|detailschange|p2a: Groudon|Groudon-Primal\n|-primal|p2a: Groudon|Red Orb\n|-weather|DesolateLand|[from] ability: Desolate Land|[of] p2a: Groudon\n|turn|1\n|\n|t:|1700766513\n|move|p2a: Groudon|Spikes|p1a: Misaki\n|-sidestart|p1: AHahAAAAAAAA|Spikes\n|move|p1a: Misaki|Dynamic Punch|p2a: Groudon\n|-damage|p2a: Groudon|73\/100\n|-start|p2a: Groudon|confusion\n|\n|-weather|DesolateLand|[upkeep]\n|upkeep\n|turn|2\n|\n|t:|1700766522\n|-activate|p2a: Groudon|confusion\n|move|p2a: Groudon|Toxic|p1a: Misaki\n|-status|p1a: Misaki|tox\n|move|p1a: Misaki|Dynamic Punch|p2a: Groudon\n|-damage|p2a: Groudon|46\/100\n|\n|-weather|DesolateLand|[upkeep]\n|-damage|p1a: Misaki|94\/100 tox|[from] psn\n|upkeep\n|turn|3\n|\n|t:|1700766535\n|-end|p2a: Groudon|confusion\n|move|p2a: Groudon|Spikes|p1a: Misaki\n|-sidestart|p1: AHahAAAAAAAA|Spikes\n|move|p1a: Misaki|Dynamic Punch|p2a: Groudon\n|-damage|p2a: Groudon|15\/100\n|-start|p2a: Groudon|confusion\n|\n|-weather|DesolateLand|[upkeep]\n|-damage|p1a: Misaki|82\/100 tox|[from] psn\n|upkeep\n|turn|4\n|\n|t:|1700766542\n|-activate|p2a: Groudon|confusion\n|-damage|p2a: Groudon|8\/100|[from] confusion\n|move|p1a: Misaki|Dynamic Punch|p2a: Groudon\n|-crit|p2a: Groudon\n|-damage|p2a: Groudon|0 fnt\n|faint|p2a: Groudon\n|-weather|none\n|\n|-damage|p1a: Misaki|64\/100 tox|[from] psn\n|upkeep\n|\n|t:|1700766549\n|switch|p2a: Xerneas|Xerneas|100\/100\n|-ability|p2a: Xerneas|Fairy Aura\n|turn|5\n|\n|t:|1700766555\n|move|p1a: Misaki|Bullet Punch|p2a: Xerneas\n|-supereffective|p2a: Xerneas\n|-damage|p2a: Xerneas|75\/100\n|move|p2a: Xerneas|Moonblast|p1a: Misaki\n|-supereffective|p1a: Misaki\n|-damage|p1a: Misaki|0 fnt\n|faint|p1a: Misaki\n|\n|upkeep\n|\n|t:|1700766559\n|switch|p1a: Zen|Zapdos|100\/100\n|turn|6\n|\n|t:|1700766566\n|-terastallize|p2a: Xerneas|Electric\n|move|p1a: Zen|Thunder Wave|p2a: Xerneas\n|-immune|p2a: Xerneas\n|move|p2a: Xerneas|Geomancy||[still]\n|-prepare|p2a: Xerneas|Geomancy\n|-enditem|p2a: Xerneas|Power Herb\n|-anim|p2a: Xerneas|Geomancy|p2a: Xerneas\n|-boost|p2a: Xerneas|spa|2\n|-boost|p2a: Xerneas|spd|2\n|-boost|p2a: Xerneas|spe|2\n|\n|upkeep\n|turn|7\n|\n|t:|1700766574\n|move|p2a: Xerneas|Moonblast|p1a: Zen\n|-damage|p1a: Zen|0 fnt\n|faint|p1a: Zen\n|\n|upkeep\n|\n|t:|1700766576\n|switch|p1a: Daiku|Ditto|100\/100\n|-damage|p1a: Daiku|84\/100|[from] Spikes\n|-transform|p1a: Daiku|p2a: Xerneas|[from] ability: Imposter\n|-ability|p1a: Daiku|Fairy Aura\n|-start|p1a: Daiku|typechange|Fairy|[silent]\n|turn|8\n|\n|t:|1700766579\n|move|p1a: Daiku|Moonblast|p2a: Xerneas\n|-crit|p2a: Xerneas\n|-damage|p2a: Xerneas|0 fnt\n|faint|p2a: Xerneas\n|\n|upkeep\n|\n|t:|1700766587\n|switch|p2a: Ho-Oh|Ho-Oh|100\/100\n|turn|9\n|\n|t:|1700766594\n|move|p1a: Daiku|Moonblast|p2a: Ho-Oh\n|-resisted|p2a: Ho-Oh\n|-damage|p2a: Ho-Oh|65\/100\n|move|p2a: Ho-Oh|Whirlwind|p1a: Daiku\n|drag|p1a: Ginko|Gengar, F|100\/100\n|-damage|p1a: Ginko|84\/100|[from] Spikes\n|\n|upkeep\n|turn|10\n|\n|t:|1700766603\n|switch|p2a: Zygarde|Zygarde|100\/100\n|move|p1a: Ginko|Sludge Bomb|p2a: Zygarde\n|-resisted|p2a: Zygarde\n|-damage|p2a: Zygarde|80\/100\n|-status|p2a: Zygarde|psn\n|\n|-heal|p2a: Zygarde|87\/100 psn|[from] item: Leftovers\n|-damage|p2a: Zygarde|74\/100 psn|[from] psn\n|upkeep\n|turn|11\n|\n|t:|1700766606\n|move|p1a: Ginko|Shadow Ball|p2a: Zygarde\n|-damage|p2a: Zygarde|39\/100 psn\n|move|p2a: Zygarde|Glare|p1a: Ginko\n|-status|p1a: Ginko|par\n|\n|-heal|p2a: Zygarde|45\/100 psn|[from] item: Leftovers\n|-damage|p2a: Zygarde|33\/100 psn|[from] psn\n|-activate|p2a: Zygarde|ability: Power Construct\n|detailschange|p2a: Zygarde|Zygarde-Complete\n|-heal|p2a: Zygarde|56\/100 psn|[silent]\n|upkeep\n|turn|12\n|\n|t:|1700766613\n|move|p2a: Zygarde|Thousand Arrows|p1a: Ginko\n|-supereffective|p1a: Ginko\n|-damage|p1a: Ginko|0 fnt\n|faint|p1a: Ginko\n|\n|-heal|p2a: Zygarde|62\/100 psn|[from] item: Leftovers\n|-damage|p2a: Zygarde|50\/100 psn|[from] psn\n|upkeep\n|inactive|AHahAAAAAAAA has 120 seconds left.\n|\n|t:|1700766658\n|switch|p1a: Rentarou|Rhydon, M|100\/100\n|-damage|p1a: Rentarou|84\/100|[from] Spikes\n|turn|13\n|\n|t:|1700766665\n|move|p2a: Zygarde|Rest|p2a: Zygarde\n|-status|p2a: Zygarde|slp|[from] move: Rest\n|-heal|p2a: Zygarde|100\/100 slp|[silent]\n|move|p1a: Rentarou|Swords Dance|p1a: Rentarou\n|-boost|p1a: Rentarou|atk|2\n|\n|upkeep\n|turn|14\n|inactive|AHahAAAAAAAA has 120 seconds left.\n|j| MommyMikuNakano\n|inactive|AHahAAAAAAAA has 90 seconds left.\n|l| MommyMikuNakano\n|inactive|AHahAAAAAAAA has 60 seconds left.\n|l| rizeparon\n|inactive|AHahAAAAAAAA has 30 seconds left.\n|\n|t:|1700766769\n|switch|p2a: Arceus|Arceus-Ground|100\/100\n|move|p1a: Rentarou|Swords Dance|p1a: Rentarou\n|-boost|p1a: Rentarou|atk|2\n|\n|upkeep\n|turn|15\n|\n|t:|1700766775\n|-terastallize|p1a: Rentarou|Grass\n|move|p2a: Arceus|Judgment|p1a: Rentarou\n|-resisted|p1a: Rentarou\n|-damage|p1a: Rentarou|60\/100\n|move|p1a: Rentarou|Earthquake|p2a: Arceus\n|-damage|p2a: Arceus|0 fnt\n|faint|p2a: Arceus\n|\n|upkeep\n|\n|t:|1700766785\n|switch|p2a: Rayquaza|Rayquaza|100\/100\n|-ability|p2a: Rayquaza|Air Lock\n|turn|16\n|\n|t:|1700766789\n|move|p2a: Rayquaza|Dragon Ascent|p1a: Rentarou\n|-supereffective|p1a: Rentarou\n|-damage|p1a: Rentarou|0 fnt\n|-unboost|p2a: Rayquaza|def|1\n|-unboost|p2a: Rayquaza|spd|1\n|faint|p1a: Rentarou\n|\n|upkeep\n|j| MommyMikuNakano\n|\n|t:|1700766796\n|switch|p1a: Chris|Cloyster, M, shiny|100\/100\n|-damage|p1a: Chris|84\/100|[from] Spikes\n|turn|17\n|\n|t:|1700766801\n|move|p2a: Rayquaza|Dragon Ascent|p1a: Chris\n|-damage|p1a: Chris|0 fnt\n|-unboost|p2a: Rayquaza|def|1\n|-unboost|p2a: Rayquaza|spd|1\n|faint|p1a: Chris\n|\n|upkeep\n|\n|t:|1700766804\n|switch|p1a: Daiku|Ditto|84\/100\n|-damage|p1a: Daiku|67\/100|[from] Spikes\n|-transform|p1a: Daiku|p2a: Rayquaza|[from] ability: Imposter\n|turn|18\n|\n|t:|1700766808\n|move|p1a: Daiku|Dragon Ascent|p2a: Rayquaza\n|-damage|p2a: Rayquaza|0 fnt\n|-unboost|p1a: Daiku|def|1\n|-unboost|p1a: Daiku|spd|1\n|faint|p2a: Rayquaza\n|\n|upkeep\n|\n|t:|1700766811\n|switch|p2a: Ho-Oh|Ho-Oh|98\/100\n|turn|19\n|\n|t:|1700766815\n|move|p1a: Daiku|Dragon Ascent|p2a: Ho-Oh\n|-damage|p2a: Ho-Oh|52\/100\n|-unboost|p1a: Daiku|def|1\n|-unboost|p1a: Daiku|spd|1\n|move|p2a: Ho-Oh|Sacred Fire|p1a: Daiku\n|-resisted|p1a: Daiku\n|-damage|p1a: Daiku|0 fnt\n|faint|p1a: Daiku\n|\n|win|KarmaKazama0\n|raw|AHahAAAAAAAA's rating: 1426 &rarr; <strong>1413<\/strong><br \/>(-13 for losing)\n|raw|KarmaKazama0's rating: 1550 &rarr; <strong>1563<\/strong><br \/>(+13 for winning)\n|l|\u2606AHahAAAAAAAA\n","uploadtime":1700766833,"views":12,"p1id":"ahahaaaaaaaa","p2id":"karmakazama0","formatid":"gen9nationaldexubers","rating":1413,"private":0,"password":""}