{"id":"gen9nationaldexubers-1997922751","p1":"ToastTheDragon777","p2":"Toy Time King","format":"[Gen 9] National Dex Ubers","log":"|j|\u2606ToastTheDragon777\n|j|\u2606Toy Time King\n|inactive|Battle timer is ON: inactive players will automatically lose when time's up.\n|t:|1700867855\n|gametype|singles\n|player|p1|ToastTheDragon777|benga|\n|player|p2|Toy Time King|veteran|\n|teamsize|p1|6\n|teamsize|p2|6\n|gen|9\n|tier|[Gen 9] National Dex Ubers\n|rated|Tournament battle\n|rule|HP Percentage Mod: HP is shown in percentages\n|rule|Endless Battle Clause: Forcing endless battles is banned\n|rule|OHKO Clause: OHKO moves are banned\n|rule|Evasion Moves Clause: Evasion moves are banned\n|rule|Evasion Items Clause: Evasion items are banned\n|rule|Species Clause: Limit one of each Pok\u00e9mon\n|rule|Sleep Clause Mod: Limit one foe put to sleep\n|rule|Mega Rayquaza Clause: You cannot mega evolve Rayquaza\n|rule|Dynamax Clause: You cannot dynamax\n|rule|Terastal Clause: You cannot Terastallize\n|rule|Same Type Clause: Pok\u00e9mon in a team must share a type\n|clearpoke\n|poke|p1|Chi-Yu|\n|poke|p1|Volcarona, M|\n|poke|p1|Ho-Oh|\n|poke|p1|Blaziken, M|\n|poke|p1|Blacephalon|\n|poke|p1|Ogerpon-Hearthflame, F|\n|poke|p2|Kangaskhan, F|\n|poke|p2|Arceus|\n|poke|p2|Ditto|\n|poke|p2|Smeargle, F|\n|poke|p2|Ursaluna-Bloodmoon, M|\n|poke|p2|Maushold|\n|teampreview\n|inactive|ToastTheDragon777 also wants the timer to be on.\n|inactive|Toy Time King also wants the timer to be on.\n|\n|t:|1700867871\n|start\n|switch|p1a: Ogerpon|Ogerpon-Hearthflame, F|100\/100\n|switch|p2a: Smeargle|Smeargle, F|100\/100\n|-ability|p1a: Ogerpon|Mold Breaker\n|turn|1\n|\n|t:|1700867876\n|move|p1a: Ogerpon|Swords Dance|p1a: Ogerpon\n|-boost|p1a: Ogerpon|atk|2\n|move|p2a: Smeargle|Nuzzle|p1a: Ogerpon\n|-resisted|p1a: Ogerpon\n|-damage|p1a: Ogerpon|99\/100\n|-status|p1a: Ogerpon|par\n|\n|upkeep\n|turn|2\n|\n|t:|1700867883\n|move|p2a: Smeargle|Stealth Rock|p1a: Ogerpon\n|-sidestart|p1: ToastTheDragon777|move: Stealth Rock\n|move|p1a: Ogerpon|Brick Break|p2a: Smeargle\n|-supereffective|p2a: Smeargle\n|-enditem|p2a: Smeargle|Focus Sash\n|-damage|p2a: Smeargle|1\/100\n|\n|upkeep\n|turn|3\n|\n|t:|1700867887\n|move|p2a: Smeargle|Spikes|p1a: Ogerpon\n|-sidestart|p1: ToastTheDragon777|Spikes\n|move|p1a: Ogerpon|Brick Break|p2a: Smeargle\n|-supereffective|p2a: Smeargle\n|-damage|p2a: Smeargle|0 fnt\n|faint|p2a: Smeargle\n|\n|upkeep\n|j| SS Kaleidoscope\n|\n|t:|1700867893\n|switch|p2a: Arceus|Arceus|100\/100\n|turn|4\n|\n|t:|1700867896\n|move|p2a: Arceus|Swords Dance|p2a: Arceus\n|-boost|p2a: Arceus|atk|2\n|cant|p1a: Ogerpon|par\n|\n|upkeep\n|turn|5\n|\n|t:|1700867899\n|move|p2a: Arceus|Extreme Speed|p1a: Ogerpon\n|-damage|p1a: Ogerpon|0 fnt\n|faint|p1a: Ogerpon\n|\n|upkeep\n|\n|t:|1700867915\n|switch|p1a: Blacephalon|Blacephalon|100\/100\n|-damage|p1a: Blacephalon|76\/100|[from] Stealth Rock\n|-damage|p1a: Blacephalon|64\/100|[from] Spikes\n|turn|6\n|\n|t:|1700867919\n|move|p1a: Blacephalon|Flamethrower|p2a: Arceus\n|-damage|p2a: Arceus|69\/100\n|move|p2a: Arceus|Shadow Claw|p1a: Blacephalon\n|-supereffective|p1a: Blacephalon\n|-damage|p1a: Blacephalon|0 fnt\n|faint|p1a: Blacephalon\n|\n|upkeep\n|\n|t:|1700867929\n|switch|p1a: Volcarona|Volcarona, M|100\/100\n|turn|7\n|inactive|Toy Time King has 120 seconds left.\n|j| xblazed\n|\n|t:|1700867974\n|move|p2a: Arceus|Extreme Speed|p1a: Volcarona\n|-damage|p1a: Volcarona|0 fnt\n|faint|p1a: Volcarona\n|\n|upkeep\n|\n|t:|1700867980\n|switch|p1a: Blaziken|Blaziken, M|100\/100\n|-damage|p1a: Blaziken|88\/100|[from] Stealth Rock\n|-damage|p1a: Blaziken|76\/100|[from] Spikes\n|turn|8\n|inactive|Toy Time King has 120 seconds left.\n|\n|t:|1700867986\n|detailschange|p1a: Blaziken|Blaziken-Mega, M\n|-mega|p1a: Blaziken|Blaziken|Blazikenite\n|move|p1a: Blaziken|Protect|p1a: Blaziken\n|-singleturn|p1a: Blaziken|Protect\n|move|p2a: Arceus|Extreme Speed|p1a: Blaziken\n|-activate|p1a: Blaziken|move: Protect\n|\n|-ability|p1a: Blaziken|Speed Boost|boost\n|-boost|p1a: Blaziken|spe|1\n|upkeep\n|turn|9\n|\n|t:|1700867990\n|move|p2a: Arceus|Extreme Speed|p1a: Blaziken\n|-damage|p1a: Blaziken|0 fnt\n|faint|p1a: Blaziken\n|\n|upkeep\n|\n|t:|1700867994\n|switch|p1a: Ho-Oh|Ho-Oh|100\/100\n|-damage|p1a: Ho-Oh|50\/100|[from] Stealth Rock\n|turn|10\n|\n|t:|1700868016\n|move|p2a: Arceus|Extreme Speed|p1a: Ho-Oh\n|-damage|p1a: Ho-Oh|0 fnt\n|faint|p1a: Ho-Oh\n|\n|upkeep\n|\n|t:|1700868019\n|switch|p1a: Chi-Yu|Chi-Yu|100\/100\n|-damage|p1a: Chi-Yu|76\/100|[from] Stealth Rock\n|-damage|p1a: Chi-Yu|63\/100|[from] Spikes\n|-ability|p1a: Chi-Yu|Beads of Ruin\n|turn|11\n|c|\u2606Toy Time King|gg\n|c|\u2606ToastTheDragon777|gg\n|\n|t:|1700868027\n|move|p2a: Arceus|Extreme Speed|p1a: Chi-Yu\n|-damage|p1a: Chi-Yu|0 fnt\n|faint|p1a: Chi-Yu\n|\n|win|Toy Time King\n|n|\u2606ToastTheDragon777|toastthedragon777\n|n|\u2606Toy Time King|toytimeking\n|n| SS Kaleidoscope|sskaleidoscope\n|n| xblazed|xblazed\n","uploadtime":1700868028,"views":1,"p1id":"toastthedragon777","p2id":"toytimeking","formatid":"gen9nationaldexubers","rating":0,"private":0,"password":""}