{"id":"gen9nationaldexubers-1990720252","p1":"Zenitsu098765432","p2":"MrTRB","format":"[Gen 9] National Dex Ubers","log":"|j|\u2606Zenitsu098765432\n|j|\u2606MrTRB\n|t:|1699994639\n|gametype|singles\n|player|p1|Zenitsu098765432|266|1194\n|player|p2|MrTRB|benga|1210\n|teamsize|p1|6\n|teamsize|p2|6\n|gen|9\n|tier|[Gen 9] National Dex Ubers\n|rated|\n|rule|HP Percentage Mod: HP is shown in percentages\n|rule|Endless Battle Clause: Forcing endless battles is banned\n|rule|OHKO Clause: OHKO moves are banned\n|rule|Evasion Moves Clause: Evasion moves are banned\n|rule|Evasion Items Clause: Evasion items are banned\n|rule|Species Clause: Limit one of each Pok\u00e9mon\n|rule|Sleep Clause Mod: Limit one foe put to sleep\n|rule|Mega Rayquaza Clause: You cannot mega evolve Rayquaza\n|clearpoke\n|poke|p1|Lycanroc-Dusk, M|\n|poke|p1|Gallade, M|\n|poke|p1|Salamence, M|\n|poke|p1|Groudon|\n|poke|p1|Raikou|\n|poke|p1|Sylveon, M|\n|poke|p2|Weavile, M|\n|poke|p2|Samurott-Hisui, M|\n|poke|p2|Haxorus, F|\n|poke|p2|Honchkrow, F|\n|poke|p2|Zoroark-Hisui, F|\n|poke|p2|Toxicroak, M|\n|teampreview\n|c|\u2606MrTRB|aight, that's one off the bingo board\n|inactive|Battle timer is ON: inactive players will automatically lose when time's up. (requested by Zenitsu098765432)\n|c|\u2606MrTRB|ima guess primal groudon?\n|\n|t:|1699994679\n|start\n|switch|p1a: Lycanroc|Lycanroc-Dusk, M, shiny|100\/100\n|switch|p2a: Honchkrow|Honchkrow, F|100\/100\n|turn|1\n|\n|t:|1699994693\n|move|p1a: Lycanroc|Accelerock|p2a: Honchkrow\n|-supereffective|p2a: Honchkrow\n|-damage|p2a: Honchkrow|28\/100\n|move|p2a: Honchkrow|Tailwind|p2a: Honchkrow\n|-sidestart|p2: MrTRB|move: Tailwind\n|\n|upkeep\n|turn|2\n|\n|t:|1699994704\n|move|p1a: Lycanroc|Accelerock|p2a: Honchkrow\n|-supereffective|p2a: Honchkrow\n|-damage|p2a: Honchkrow|0 fnt\n|faint|p2a: Honchkrow\n|\n|upkeep\n|\n|t:|1699994715\n|switch|p2a: Haxorus|Haxorus, F, shiny|100\/100\n|turn|3\n|\n|t:|1699994722\n|move|p2a: Haxorus|Swords Dance|p2a: Haxorus\n|-boost|p2a: Haxorus|atk|2\n|move|p1a: Lycanroc|Swords Dance|p1a: Lycanroc\n|-boost|p1a: Lycanroc|atk|2\n|\n|upkeep\n|turn|4\n|\n|t:|1699994735\n|move|p2a: Haxorus|Scale Shot|p1a: Lycanroc\n|-damage|p1a: Lycanroc|64\/100\n|-damage|p1a: Lycanroc|29\/100\n|-damage|p1a: Lycanroc|0 fnt\n|faint|p1a: Lycanroc\n|-hitcount|p1: Lycanroc|3\n|-unboost|p2a: Haxorus|def|1\n|-boost|p2a: Haxorus|spe|1\n|\n|-sideend|p2: MrTRB|move: Tailwind\n|upkeep\n|\n|t:|1699994744\n|switch|p1a: Sylveon|Sylveon, M|100\/100\n|turn|5\n|\n|t:|1699994756\n|move|p2a: Haxorus|Iron Head|p1a: Sylveon\n|-supereffective|p1a: Sylveon\n|-damage|p1a: Sylveon|0 fnt\n|faint|p1a: Sylveon\n|\n|upkeep\n|\n|t:|1699994761\n|switch|p1a: Groudon|Groudon|100\/100\n|-weather|SunnyDay|[from] ability: Drought|[of] p1a: Groudon\n|turn|6\n|\n|t:|1699994773\n|move|p2a: Haxorus|Scale Shot|p1a: Groudon\n|-damage|p1a: Groudon|83\/100\n|-damage|p1a: Groudon|65\/100\n|-damage|p1a: Groudon|48\/100\n|-damage|p1a: Groudon|31\/100\n|-damage|p1a: Groudon|12\/100\n|-hitcount|p1a: Groudon|5\n|-unboost|p2a: Haxorus|def|1\n|-boost|p2a: Haxorus|spe|1\n|move|p1a: Groudon|Swords Dance|p1a: Groudon\n|-boost|p1a: Groudon|atk|2\n|\n|-weather|SunnyDay|[upkeep]\n|upkeep\n|turn|7\n|\n|t:|1699994790\n|move|p2a: Haxorus|Scale Shot|p1a: Groudon\n|-damage|p1a: Groudon|0 fnt\n|faint|p1a: Groudon\n|-hitcount|p1: Groudon|1\n|-unboost|p2a: Haxorus|def|1\n|-boost|p2a: Haxorus|spe|1\n|\n|-weather|SunnyDay|[upkeep]\n|upkeep\n|\n|t:|1699994797\n|switch|p1a: Salamence|Salamence, M|100\/100\n|-ability|p1a: Salamence|Intimidate|boost\n|-unboost|p2a: Haxorus|atk|1\n|turn|8\n|\n|t:|1699994805\n|-terastallize|p1a: Salamence|Fire\n|move|p2a: Haxorus|Scale Shot|p1a: Salamence\n|-damage|p1a: Salamence|79\/100\n|-damage|p1a: Salamence|59\/100\n|-damage|p1a: Salamence|39\/100\n|-damage|p1a: Salamence|18\/100\n|-hitcount|p1a: Salamence|4\n|-unboost|p2a: Haxorus|def|1\n|-boost|p2a: Haxorus|spe|1\n|move|p1a: Salamence|Tera Blast|p2a: Haxorus|[anim] Tera Blast Fire\n|-resisted|p2a: Haxorus\n|-damage|p2a: Haxorus|45\/100\n|\n|-weather|SunnyDay|[upkeep]\n|upkeep\n|turn|9\n|\n|t:|1699994822\n|move|p2a: Haxorus|Earthquake|p1a: Salamence\n|-supereffective|p1a: Salamence\n|-damage|p1a: Salamence|0 fnt\n|faint|p1a: Salamence\n|\n|-weather|SunnyDay|[upkeep]\n|upkeep\n|-message|Zenitsu098765432 forfeited.\n|\n|win|MrTRB\n|raw|Zenitsu098765432's rating: 1194 &rarr; <strong>1170<\/strong><br \/>(-24 for losing)\n|raw|MrTRB's rating: 1210 &rarr; <strong>1234<\/strong><br \/>(+24 for winning)\n|l|\u2606Zenitsu098765432\n","uploadtime":1699994843,"views":6,"p1id":"zenitsu098765432","p2id":"mrtrb","formatid":"gen9nationaldexubers","rating":1170,"private":0,"password":""}