{"id":"gen9nationaldexubers-1982534258","p1":"elitextreeza","p2":"Chaitanya15","format":"[Gen 9] National Dex Ubers","log":"|j|\u2606elitextreeza\n|j|\u2606Chaitanya15\n|t:|1699023496\n|gametype|singles\n|player|p1|elitextreeza|265|1281\n|player|p2|Chaitanya15|1|1425\n|teamsize|p1|6\n|teamsize|p2|6\n|gen|9\n|tier|[Gen 9] National Dex Ubers\n|rated|\n|rule|HP Percentage Mod: HP is shown in percentages\n|rule|Endless Battle Clause: Forcing endless battles is banned\n|rule|OHKO Clause: OHKO moves are banned\n|rule|Evasion Moves Clause: Evasion moves are banned\n|rule|Evasion Items Clause: Evasion items are banned\n|rule|Species Clause: Limit one of each Pok\u00e9mon\n|rule|Sleep Clause Mod: Limit one foe put to sleep\n|rule|Mega Rayquaza Clause: You cannot mega evolve Rayquaza\n|clearpoke\n|poke|p1|Uxie|\n|poke|p1|Slowbro-Galar, F|\n|poke|p1|Moltres-Galar|\n|poke|p1|Maushold-Four|\n|poke|p1|Zacian-*|\n|poke|p1|Marshadow|\n|poke|p2|Kingambit, F|\n|poke|p2|Basculegion, M|\n|poke|p2|Pikachu, F|\n|poke|p2|Kyogre|\n|poke|p2|Flutter Mane|\n|poke|p2|Deoxys-Speed|\n|teampreview\n|\n|t:|1699023508\n|start\n|switch|p1a: Uxie|Uxie|100\/100\n|switch|p2a: Pikachu|Pikachu, F|100\/100\n|turn|1\n|inactive|Battle timer is ON: inactive players will automatically lose when time's up. (requested by Chaitanya15)\n|\n|t:|1699023516\n|move|p2a: Pikachu|Fake Out|p1a: Uxie\n|-damage|p1a: Uxie|88\/100\n|cant|p1a: Uxie|flinch\n|\n|upkeep\n|turn|2\n|\n|t:|1699023522\n|move|p1a: Uxie|Light Screen|p1a: Uxie\n|-sidestart|p1: elitextreeza|move: Light Screen\n|move|p2a: Pikachu|Volt Tackle|p1a: Uxie\n|-damage|p1a: Uxie|31\/100\n|-damage|p2a: Pikachu|69\/100|[from] Recoil\n|\n|upkeep\n|turn|3\n|\n|t:|1699023531\n|move|p1a: Uxie|Reflect|p1a: Uxie\n|-sidestart|p1: elitextreeza|Reflect\n|move|p2a: Pikachu|Brick Break|p1a: Uxie\n|-sideend|p1: elitextreeza|Reflect\n|-sideend|p1: elitextreeza|move: Light Screen\n|-resisted|p1a: Uxie\n|-damage|p1a: Uxie|20\/100\n|\n|upkeep\n|turn|4\n|\n|t:|1699023538\n|move|p2a: Pikachu|Extreme Speed|p1a: Uxie\n|-damage|p1a: Uxie|0 fnt\n|faint|p1a: Uxie\n|\n|upkeep\n|\n|t:|1699023543\n|switch|p1a: Slowbro|Slowbro-Galar, F|100\/100\n|turn|5\n|\n|t:|1699023548\n|move|p2a: Pikachu|Volt Tackle|p1a: Slowbro\n|-damage|p1a: Slowbro|31\/100\n|-damage|p2a: Pikachu|26\/100|[from] Recoil\n|move|p1a: Slowbro|Earthquake|p2a: Pikachu\n|-supereffective|p2a: Pikachu\n|-damage|p2a: Pikachu|0 fnt\n|faint|p2a: Pikachu\n|\n|upkeep\n|\n|t:|1699023558\n|switch|p2a: Deoxys|Deoxys-Speed|100\/100\n|-ability|p2a: Deoxys|Pressure\n|turn|6\n|\n|t:|1699023563\n|move|p2a: Deoxys|Psychic|p1a: Slowbro\n|-damage|p1a: Slowbro|0 fnt\n|faint|p1a: Slowbro\n|\n|upkeep\n|\n|t:|1699023575\n|switch|p1a: Marshadow|Marshadow|100\/100\n|turn|7\n|\n|t:|1699023578\n|move|p2a: Deoxys|Psychic|p1a: Marshadow\n|-supereffective|p1a: Marshadow\n|-damage|p1a: Marshadow|32\/100\n|move|p1a: Marshadow|Spectral Thief|p2a: Deoxys\n|-supereffective|p2a: Deoxys\n|-enditem|p2a: Deoxys|Focus Sash\n|-damage|p2a: Deoxys|1\/100\n|\n|upkeep\n|turn|8\n|\n|t:|1699023588\n|move|p1a: Marshadow|Shadow Sneak|p2a: Deoxys\n|-supereffective|p2a: Deoxys\n|-damage|p2a: Deoxys|0 fnt\n|faint|p2a: Deoxys\n|\n|upkeep\n|\n|t:|1699023602\n|switch|p2a: Kyogre|Kyogre|100\/100\n|-weather|RainDance|[from] ability: Drizzle|[of] p2a: Kyogre\n|turn|9\n|\n|t:|1699023612\n|move|p1a: Marshadow|Protect|p1a: Marshadow\n|-singleturn|p1a: Marshadow|Protect\n|move|p2a: Kyogre|Water Spout|p1a: Marshadow\n|-activate|p1a: Marshadow|move: Protect\n|\n|-weather|RainDance|[upkeep]\n|upkeep\n|turn|10\n|\n|t:|1699023620\n|move|p2a: Kyogre|Water Spout|p1a: Marshadow\n|-damage|p1a: Marshadow|0 fnt\n|faint|p1a: Marshadow\n|\n|-weather|RainDance|[upkeep]\n|upkeep\n|\n|t:|1699023623\n|switch|p1a: Zacian|Zacian-Crowned|100\/100\n|-ability|p1a: Zacian|Intrepid Sword|boost\n|-boost|p1a: Zacian|atk|1\n|turn|11\n|\n|t:|1699023631\n|-terastallize|p2a: Kyogre|Water\n|move|p2a: Kyogre|Water Spout|p1a: Zacian\n|-damage|p1a: Zacian|0 fnt\n|faint|p1a: Zacian\n|\n|-weather|RainDance|[upkeep]\n|upkeep\n|\n|t:|1699023638\n|switch|p1a: Maushold|Maushold-Four|100\/100\n|turn|12\n|\n|t:|1699023642\n|move|p2a: Kyogre|Water Spout|p1a: Maushold\n|-damage|p1a: Maushold|0 fnt\n|faint|p1a: Maushold\n|\n|-weather|RainDance|[upkeep]\n|upkeep\n|\n|t:|1699023643\n|switch|p1a: Moltres-Kanto|Moltres-Galar, shiny|100\/100\n|turn|13\n|\n|t:|1699023651\n|move|p2a: Kyogre|Water Spout|p1a: Moltres-Kanto\n|-damage|p1a: Moltres-Kanto|0 fnt\n|faint|p1a: Moltres-Kanto\n|\n|win|Chaitanya15\n|raw|elitextreeza's rating: 1281 &rarr; <strong>1266<\/strong><br \/>(-15 for losing)\n|raw|Chaitanya15's rating: 1425 &rarr; <strong>1437<\/strong><br \/>(+12 for winning)\n|l|\u2606elitextreeza\n|c|\u2606Chaitanya15|Gg\n","uploadtime":1699023665,"views":5,"p1id":"elitextreeza","p2id":"chaitanya15","formatid":"gen9nationaldexubers","rating":1266,"private":0,"password":""}