{"id":"gen9nationaldexubers-1977830595","p1":"Zzalen","p2":"LUWITE","format":"[Gen 9] National Dex Ubers","log":"|j|\u2606Zzalen\n|j|\u2606LUWITE\n|t:|1698454885\n|gametype|singles\n|player|p1|Zzalen|ghetsis|\n|player|p2|LUWITE|supernerd|\n|teamsize|p1|6\n|teamsize|p2|6\n|gen|9\n|tier|[Gen 9] National Dex Ubers\n|rule|HP Percentage Mod: HP is shown in percentages\n|rule|Endless Battle Clause: Forcing endless battles is banned\n|rule|OHKO Clause: OHKO moves are banned\n|rule|Evasion Moves Clause: Evasion moves are banned\n|rule|Evasion Items Clause: Evasion items are banned\n|rule|Species Clause: Limit one of each Pok\u00e9mon\n|rule|Sleep Clause Mod: Limit one foe put to sleep\n|rule|Mega Rayquaza Clause: You cannot mega evolve Rayquaza\n|clearpoke\n|poke|p1|Giratina|\n|poke|p1|Annihilape, F|\n|poke|p1|Mimikyu, M|\n|poke|p1|Mandibuzz, F|\n|poke|p1|Hydreigon, M|\n|poke|p1|Scizor, F|\n|poke|p2|Giratina|\n|poke|p2|Zoroark-Hisui, F|\n|poke|p2|Galvantula, M|\n|poke|p2|Annihilape, F|\n|poke|p2|Alakazam, M|\n|poke|p2|Weavile, M|\n|teampreview\n|c|\u2606LUWITE|I think I lose on start\n|c|\u2606LUWITE|help\n|c|\u2606Zzalen|i hope\n|\n|t:|1698454932\n|start\n|switch|p1a: Hydreigon|Hydreigon, M, shiny|100\/100\n|switch|p2a: Annihilape|Annihilape, F|100\/100\n|turn|1\n|j| AuroraTempest\n|c|\u2606LUWITE|Final gambit time\n|j| OneRandomMawile\n|\n|t:|1698455047\n|switch|p1a: Mandibuzz|Mandibuzz, F, shiny|100\/100\n|move|p2a: Annihilape|U-turn|p1a: Mandibuzz\n|-damage|p1a: Mandibuzz|90\/100\n|-damage|p2a: Annihilape|84\/100|[from] item: Rocky Helmet|[of] p1a: Mandibuzz\n|\n|t:|1698455099\n|switch|p2a: Galvantula|Galvantula, M|100\/100|[from] U-turn\n|\n|upkeep\n|turn|2\n|\n|t:|1698455139\n|switch|p1a: Giratina|Giratina, shiny|100\/100\n|-ability|p1a: Giratina|Pressure\n|move|p2a: Galvantula|Volt Switch|p1a: Giratina\n|-resisted|p1a: Giratina\n|-damage|p1a: Giratina|93\/100\n|\n|t:|1698455186\n|switch|p2a: Giratina|Giratina|100\/100|[from] Volt Switch\n|-ability|p2a: Giratina|Pressure\n|\n|upkeep\n|turn|3\n|c|\u2606LUWITE|bro shiny sad\n|c|\u2606LUWITE|yes trust me bro\n|\n|t:|1698455240\n|switch|p1a: Hydreigon|Hydreigon, M, shiny|100\/100\n|switch|p2a: Weavile|Weavile, M|100\/100\n|\n|upkeep\n|turn|4\n|c|\u2606LUWITE|got em\n|\n|t:|1698455260\n|move|p1a: Hydreigon|U-turn|p2a: Weavile\n|-supereffective|p2a: Weavile\n|-damage|p2a: Weavile|52\/100\n|c|\u2606LUWITE|ouch\n|\n|t:|1698455280\n|switch|p1a: Scizor|Scizor, F, shiny|100\/100|[from] U-turn\n|move|p2a: Weavile|Knock Off|p1a: Scizor\n|-damage|p1a: Scizor|70\/100\n|\n|upkeep\n|turn|5\n|\n|t:|1698455319\n|switch|p2a: Annihilape|Annihilape, F|100\/100\n|detailschange|p1a: Scizor|Scizor-Mega, F, shiny\n|-mega|p1a: Scizor|Scizor|Scizorite\n|move|p1a: Scizor|Roost|p1a: Scizor\n|-heal|p1a: Scizor|100\/100\n|-singleturn|p1a: Scizor|move: Roost\n|\n|upkeep\n|turn|6\n|\n|t:|1698455342\n|switch|p2a: Galvantula|Galvantula, M|100\/100\n|switch|p1a: Mandibuzz|Mandibuzz, F, shiny|90\/100\n|\n|upkeep\n|turn|7\n|\n|t:|1698455349\n|switch|p1a: Giratina|Giratina, shiny|93\/100\n|-ability|p1a: Giratina|Pressure\n|move|p2a: Galvantula|Volt Switch|p1a: Giratina\n|-resisted|p1a: Giratina\n|-damage|p1a: Giratina|86\/100\n|\n|t:|1698455367\n|switch|p2a: Weavile|Weavile, M|84\/100|[from] Volt Switch\n|\n|upkeep\n|turn|8\n|\n|t:|1698455381\n|switch|p1a: Scizor|Scizor-Mega, F, shiny|100\/100\n|move|p2a: Weavile|Trick||[still]\n|-fail|p2a: Weavile\n|\n|upkeep\n|turn|9\n|c|\u2606LUWITE|w-\n|c|\u2606Zzalen|wat\n|l| OneRandomMawile\n|\n|t:|1698455415\n|switch|p2a: Annihilape|Annihilape, F|100\/100\n|move|p1a: Scizor|Swords Dance|p1a: Scizor\n|-boost|p1a: Scizor|atk|2\n|\n|upkeep\n|turn|10\n|c|\u2606LUWITE|got predict wrong\n|\n|t:|1698455464\n|move|p2a: Annihilape|Bulk Up|p2a: Annihilape\n|-boost|p2a: Annihilape|atk|1\n|-boost|p2a: Annihilape|def|1\n|move|p1a: Scizor|Swords Dance|p1a: Scizor\n|-boost|p1a: Scizor|atk|2\n|\n|upkeep\n|turn|11\n|\n|t:|1698455517\n|move|p2a: Annihilape|Rest|p2a: Annihilape\n|-fail|p2a: Annihilape|heal\n|move|p1a: Scizor|Knock Off|p2a: Annihilape\n|-damage|p2a: Annihilape|44\/100\n|-enditem|p2a: Annihilape|Chesto Berry|[from] move: Knock Off|[of] p1a: Scizor\n|\n|upkeep\n|turn|12\n|c|\u2606Zzalen|??\n|c|\u2606Zzalen|the cookery\n|c|\u2606LUWITE|bro clicked the other move\n|c|\u2606LUWITE|its other\n|c|\u2606Zzalen|why would i bp\n|c|\u2606LUWITE|over\n|\n|t:|1698455580\n|move|p2a: Annihilape|Drain Punch|p1a: Scizor\n|-damage|p1a: Scizor|65\/100\n|-heal|p2a: Annihilape|58\/100|[from] drain|[of] p1a: Scizor\n|move|p1a: Scizor|Knock Off|p2a: Annihilape\n|-damage|p2a: Annihilape|19\/100\n|\n|upkeep\n|turn|13\n|\n|t:|1698455588\n|move|p1a: Scizor|Bullet Punch|p2a: Annihilape\n|-damage|p2a: Annihilape|0 fnt\n|faint|p2a: Annihilape\n|\n|upkeep\n|\n|t:|1698455594\n|switch|p2a: Giratina|Giratina|100\/100\n|-ability|p2a: Giratina|Pressure\n|turn|14\n|c| AuroraTempest|bro what the heck is this battle\n|c| AuroraTempest|13 turns for 1 ko hmmmm\n|l| AuroraTempest\n|c|\u2606Zzalen|lucas wouldnt stop swithcing\n|c|\u2606LUWITE|kekw\n|c|\u2606LUWITE|well its over now\n|c|\u2606LUWITE|probably\n|\n|t:|1698455652\n|switch|p1a: Hydreigon|Hydreigon, M, shiny|100\/100\n|move|p2a: Giratina|Will-O-Wisp|p1a: Hydreigon\n|-status|p1a: Hydreigon|brn\n|\n|-damage|p1a: Hydreigon|94\/100 brn|[from] brn\n|upkeep\n|turn|15\n|c|\u2606LUWITE|no more uturn fr\n|\n|t:|1698455681\n|switch|p2a: Galvantula|Galvantula, M|100\/100\n|move|p1a: Hydreigon|Draco Meteor|p2a: Galvantula\n|-damage|p2a: Galvantula|0 fnt\n|-unboost|p1a: Hydreigon|spa|2\n|faint|p2a: Galvantula\n|\n|-damage|p1a: Hydreigon|88\/100 brn|[from] brn\n|upkeep\n|c|\u2606Zzalen|no sash?\n|c|\u2606Zzalen|wot\n|c|\u2606Zzalen|oh ur boots\n|c|\u2606Zzalen|wack\n|\n|t:|1698455702\n|switch|p2a: Alakazam|Alakazam, M|100\/100\n|turn|16\n|\n|t:|1698455779\n|switch|p1a: Mimikyu|Mimikyu, M, shiny|100\/100\n|detailschange|p2a: Alakazam|Alakazam-Mega, M\n|-mega|p2a: Alakazam|Alakazam|Alakazite\n|move|p2a: Alakazam|Shadow Ball|p1a: Mimikyu\n|-activate|p1a: Mimikyu|ability: Disguise\n|-damage|p1a: Mimikyu|100\/100\n|detailschange|p1a: Mimikyu|Mimikyu-Busted, M, shiny\n|-damage|p1a: Mimikyu|88\/100|[from] pokemon: Mimikyu-Busted\n|\n|upkeep\n|turn|17\n|c|\u2606Zzalen|nice trace\n|\n|t:|1698455801\n|move|p1a: Mimikyu|Shadow Sneak|p2a: Alakazam\n|-supereffective|p2a: Alakazam\n|-damage|p2a: Alakazam|22\/100\n|-damage|p1a: Mimikyu|78\/100|[from] item: Life Orb\n|move|p2a: Alakazam|Shadow Ball|p1a: Mimikyu\n|-supereffective|p1a: Mimikyu\n|-damage|p1a: Mimikyu|0 fnt\n|faint|p1a: Mimikyu\n|\n|upkeep\n|c|\u2606LUWITE|so tru\n|\n|t:|1698455837\n|switch|p1a: Hydreigon|Hydreigon, M, shiny|88\/100 brn\n|-ability|p2a: Alakazam|Levitate|[from] ability: Trace|[of] p1a: Hydreigon\n|turn|18\n|\n|t:|1698455849\n|move|p2a: Alakazam|Protect|p2a: Alakazam\n|-singleturn|p2a: Alakazam|Protect\n|move|p1a: Hydreigon|U-turn|p2a: Alakazam\n|-activate|p2a: Alakazam|move: Protect\n|\n|-damage|p1a: Hydreigon|82\/100 brn|[from] brn\n|upkeep\n|turn|19\n|c|\u2606Zzalen|rude\n|\n|t:|1698455859\n|switch|p2a: Giratina|Giratina|100\/100\n|-ability|p2a: Giratina|Pressure\n|move|p1a: Hydreigon|U-turn|p2a: Giratina\n|-resisted|p2a: Giratina\n|-damage|p2a: Giratina|98\/100\n|\n|t:|1698455877\n|switch|p1a: Mandibuzz|Mandibuzz, F, shiny|90\/100|[from] U-turn\n|\n|-heal|p2a: Giratina|100\/100|[from] item: Leftovers\n|upkeep\n|turn|20\n|\n|t:|1698455882\n|switch|p1a: Hydreigon|Hydreigon, M, shiny|82\/100 brn\n|move|p2a: Giratina|Will-O-Wisp|p1a: Hydreigon\n|-fail|p1a: Hydreigon|brn\n|\n|-damage|p1a: Hydreigon|76\/100 brn|[from] brn\n|upkeep\n|turn|21\n|\n|t:|1698455887\n|move|p2a: Giratina|Protect|p2a: Giratina\n|-singleturn|p2a: Giratina|Protect\n|move|p1a: Hydreigon|Dark Pulse|p2a: Giratina\n|-activate|p2a: Giratina|move: Protect\n|\n|-damage|p1a: Hydreigon|70\/100 brn|[from] brn\n|upkeep\n|turn|22\n|c|\u2606LUWITE|ok\n|c|\u2606Zzalen|bro rly stalling the wisp chip\n|\n|t:|1698455909\n|move|p1a: Hydreigon|Dark Pulse|p2a: Giratina\n|-supereffective|p2a: Giratina\n|-damage|p2a: Giratina|58\/100\n|move|p2a: Giratina|Hex|p1a: Hydreigon\n|-resisted|p1a: Hydreigon\n|-damage|p1a: Hydreigon|35\/100 brn\n|\n|-heal|p2a: Giratina|64\/100|[from] item: Leftovers\n|-damage|p1a: Hydreigon|29\/100 brn|[from] brn\n|upkeep\n|turn|23\n|\n|t:|1698455919\n|move|p1a: Hydreigon|Dark Pulse|p2a: Giratina\n|-supereffective|p2a: Giratina\n|-damage|p2a: Giratina|22\/100\n|move|p2a: Giratina|Will-O-Wisp|p1a: Hydreigon\n|-fail|p1a: Hydreigon|brn\n|\n|-heal|p2a: Giratina|28\/100|[from] item: Leftovers\n|-damage|p1a: Hydreigon|23\/100 brn|[from] brn\n|upkeep\n|turn|24\n|\n|t:|1698455925\n|move|p2a: Giratina|Protect|p2a: Giratina\n|-singleturn|p2a: Giratina|Protect\n|move|p1a: Hydreigon|Dark Pulse|p2a: Giratina\n|-activate|p2a: Giratina|move: Protect\n|\n|-heal|p2a: Giratina|34\/100|[from] item: Leftovers\n|-damage|p1a: Hydreigon|16\/100 brn|[from] brn\n|upkeep\n|turn|25\n|\n|t:|1698455932\n|move|p1a: Hydreigon|Dark Pulse|p2a: Giratina\n|-supereffective|p2a: Giratina\n|-damage|p2a: Giratina|0 fnt\n|faint|p2a: Giratina\n|\n|-damage|p1a: Hydreigon|10\/100 brn|[from] brn\n|upkeep\n|\n|t:|1698455936\n|switch|p2a: Weavile|Weavile, M|84\/100\n|turn|26\n|c|\u2606LUWITE|I throwin\n|c|\u2606LUWITE|Actually scizor kinda wins now\n|\n|t:|1698455995\n|switch|p1a: Scizor|Scizor-Mega, F, shiny|65\/100\n|move|p2a: Weavile|U-turn|p1a: Scizor\n|-resisted|p1a: Scizor\n|-crit|p1a: Scizor\n|-damage|p1a: Scizor|56\/100\n|\n|t:|1698456007\n|switch|p2a: Alakazam|Alakazam-Mega, M|22\/100|[from] U-turn\n|-ability|p2a: Alakazam|Technician|[from] ability: Trace|[of] p1a: Scizor\n|\n|upkeep\n|turn|27\n|c|\u2606Zzalen|oh right thats zoroark\n|c|\u2606Zzalen|forgot\n|\n|t:|1698456023\n|move|p2a: Alakazam|Shadow Ball|p1a: Scizor\n|-damage|p1a: Scizor|29\/100\n|-unboost|p1a: Scizor|spd|1\n|move|p1a: Scizor|Roost|p1a: Scizor\n|-heal|p1a: Scizor|79\/100\n|-singleturn|p1a: Scizor|move: Roost\n|\n|upkeep\n|turn|28\n|c|\u2606LUWITE|weaville gets uturn trust me\n|c|\u2606Zzalen|uh huh\n|\n|t:|1698456031\n|move|p1a: Scizor|Bullet Punch|p2a: Alakazam\n|-damage|p2a: Alakazam|0 fnt\n|faint|p2a: Alakazam\n|\n|upkeep\n|\n|t:|1698456038\n|switch|p2a: Weavile|Weavile, M|84\/100\n|turn|29\n|\n|t:|1698456044\n|switch|p1a: Giratina|Giratina, shiny|86\/100\n|-ability|p1a: Giratina|Pressure\n|move|p2a: Weavile|Shadow Ball|p1a: Giratina\n|-supereffective|p1a: Giratina\n|-crit|p1a: Giratina\n|-damage|p1a: Giratina|2\/100\n|\n|upkeep\n|turn|30\n|\n|t:|1698456057\n|switch|p1a: Mandibuzz|Mandibuzz, F, shiny|90\/100\n|move|p2a: Weavile|Shadow Ball|p1a: Mandibuzz\n|-resisted|p1a: Mandibuzz\n|-crit|p1a: Mandibuzz\n|-damage|p1a: Mandibuzz|64\/100\n|\n|upkeep\n|turn|31\n|\n|t:|1698456070\n|switch|p2a: Weavile|Weavile, M|52\/100\n|move|p1a: Mandibuzz|Roost|p1a: Mandibuzz\n|-heal|p1a: Mandibuzz|100\/100\n|-singleturn|p1a: Mandibuzz|move: Roost\n|\n|upkeep\n|turn|32\n|j| Koopstrooper\n|\n|t:|1698456080\n|switch|p1a: Scizor|Scizor-Mega, F, shiny|79\/100\n|move|p2a: Weavile|Triple Axel|p1a: Scizor\n|-resisted|p1a: Scizor\n|-damage|p1a: Scizor|75\/100\n|-resisted|p1a: Scizor\n|-damage|p1a: Scizor|68\/100\n|-resisted|p1a: Scizor\n|-damage|p1a: Scizor|57\/100\n|-hitcount|p1a: Scizor|3\n|\n|upkeep\n|turn|33\n|\n|t:|1698456092\n|move|p1a: Scizor|Bullet Punch|p2a: Weavile\n|-supereffective|p2a: Weavile\n|-damage|p2a: Weavile|0 fnt\n|faint|p2a: Weavile\n|\n|upkeep\n|\n|t:|1698456095\n|switch|p2a: Zoroark|Zoroark-Hisui, F|84\/100\n|turn|34\n|\n|t:|1698456101\n|switch|p1a: Mandibuzz|Mandibuzz, F, shiny|100\/100\n|move|p2a: Zoroark|Shadow Ball|p1a: Mandibuzz\n|-resisted|p1a: Mandibuzz\n|-damage|p1a: Mandibuzz|82\/100\n|\n|upkeep\n|turn|35\n|j| OneRandomMawile\n|\n|t:|1698456107\n|move|p2a: Zoroark|Shadow Ball|p1a: Mandibuzz\n|-resisted|p1a: Mandibuzz\n|-damage|p1a: Mandibuzz|65\/100\n|move|p1a: Mandibuzz|Foul Play|p2a: Zoroark\n|-supereffective|p2a: Zoroark\n|-damage|p2a: Zoroark|0 fnt\n|faint|p2a: Zoroark\n|\n|win|Zzalen\n|l| Koopstrooper\n|l| OneRandomMawile\n","uploadtime":1698456119,"views":18,"p1id":"zzalen","p2id":"luwite","formatid":"gen9nationaldexubers","rating":0,"private":0,"password":""}