{"id":"gen9nationaldexubers-1988034502","p1":"DrDogbert","p2":"AceTheInadequate","format":"[Gen 9] National Dex Ubers","log":"|j|\u2606DrDogbert\n|j|\u2606AceTheInadequate\n|t:|1699661599\n|gametype|singles\n|player|p1|DrDogbert|burglar|\n|player|p2|AceTheInadequate|guitarist|\n|teamsize|p1|6\n|teamsize|p2|6\n|gen|9\n|tier|[Gen 9] National Dex Ubers\n|rule|HP Percentage Mod: HP is shown in percentages\n|rule|Endless Battle Clause: Forcing endless battles is banned\n|rule|OHKO Clause: OHKO moves are banned\n|rule|Evasion Moves Clause: Evasion moves are banned\n|rule|Evasion Items Clause: Evasion items are banned\n|rule|Species Clause: Limit one of each Pok\u00e9mon\n|rule|Sleep Clause Mod: Limit one foe put to sleep\n|rule|Mega Rayquaza Clause: You cannot mega evolve Rayquaza\n|clearpoke\n|poke|p1|Flygon, F|\n|poke|p1|Garchomp, M|\n|poke|p1|Swampert, M|\n|poke|p1|Camerupt, F|\n|poke|p1|Gastrodon, F|\n|poke|p1|Great Tusk|\n|poke|p2|Volcarona, M|\n|poke|p2|Scizor, F|\n|poke|p2|Slither Wing|\n|poke|p2|Araquanid, M|\n|poke|p2|Ribombee, M|\n|poke|p2|Galvantula, F|\n|teampreview\n|j| TheShinyBisharp360\n|\n|t:|1699661627\n|start\n|switch|p1a: Flygon|Flygon, F|100\/100\n|switch|p2a: Here comes the sun|Volcarona, M|100\/100\n|turn|1\n|\n|t:|1699661641\n|-terastallize|p2a: Here comes the sun|Water\n|move|p1a: Flygon|Outrage|p2a: Here comes the sun\n|-damage|p2a: Here comes the sun|24\/100\n|-status|p1a: Flygon|brn|[from] ability: Flame Body|[of] p2a: Here comes the sun\n|move|p2a: Here comes the sun|Quiver Dance|p2a: Here comes the sun\n|-boost|p2a: Here comes the sun|spa|1\n|-boost|p2a: Here comes the sun|spd|1\n|-boost|p2a: Here comes the sun|spe|1\n|\n|-damage|p1a: Flygon|95\/100 brn|[from] brn\n|upkeep\n|turn|2\n|\n|t:|1699661652\n|move|p1a: Flygon|Outrage|p2a: Here comes the sun|[from]lockedmove\n|-damage|p2a: Here comes the sun|0 fnt\n|faint|p2a: Here comes the sun\n|\n|-damage|p1a: Flygon|89\/100 brn|[from] brn\n|upkeep\n|\n|t:|1699661668\n|switch|p2a: Jazz??|Ribombee, M|100\/100\n|turn|3\n|\n|t:|1699661672\n|move|p1a: Flygon|Outrage|p2a: Jazz??|[from]lockedmove\n|-immune|p2a: Jazz??\n|-start|p1a: Flygon|confusion|[fatigue]\n|move|p2a: Jazz??|Moonblast|p1a: Flygon\n|-supereffective|p1a: Flygon\n|-damage|p1a: Flygon|0 fnt\n|faint|p1a: Flygon\n|\n|upkeep\n|\n|t:|1699661685\n|switch|p1a: Camerupt|Camerupt, F|100\/100\n|turn|4\n|j| ImGoodATM\n|\n|t:|1699661699\n|switch|p2a: Apollo|Araquanid, M|100\/100\n|detailschange|p1a: Camerupt|Camerupt-Mega, F\n|-mega|p1a: Camerupt|Camerupt|Cameruptite\n|move|p1a: Camerupt|Flamethrower|p2a: Apollo\n|-damage|p2a: Apollo|77\/100\n|\n|upkeep\n|turn|5\n|\n|t:|1699661706\n|move|p2a: Apollo|Toxic|p1a: Camerupt\n|-status|p1a: Camerupt|tox\n|move|p1a: Camerupt|Toxic|p2a: Apollo\n|-status|p2a: Apollo|tox\n|\n|-damage|p2a: Apollo|71\/100 tox|[from] psn\n|-damage|p1a: Camerupt|94\/100 tox|[from] psn\n|upkeep\n|turn|6\n|\n|t:|1699661716\n|switch|p1a: Blug|Gastrodon, F|100\/100\n|move|p2a: Apollo|Liquidation|p1a: Blug\n|-ability|p1a: Blug|Storm Drain|boost\n|-boost|p1a: Blug|spa|1\n|\n|-damage|p2a: Apollo|59\/100 tox|[from] psn\n|upkeep\n|turn|7\n|\n|t:|1699661728\n|move|p2a: Apollo|Toxic|p1a: Blug\n|-status|p1a: Blug|tox\n|move|p1a: Blug|Acid Armor|p1a: Blug\n|-boost|p1a: Blug|def|2\n|\n|-damage|p2a: Apollo|40\/100 tox|[from] psn\n|-damage|p1a: Blug|94\/100 tox|[from] psn\n|upkeep\n|-enditem|p2a: Apollo|Sitrus Berry|[eat]\n|-heal|p2a: Apollo|65\/100 tox|[from] item: Sitrus Berry\n|turn|8\n|\n|t:|1699661744\n|switch|p2a: McQueen|Scizor, F|100\/100\n|move|p1a: Blug|Icy Wind|p2a: McQueen|[miss]\n|-miss|p1a: Blug|p2a: McQueen\n|\n|-heal|p1a: Blug|100\/100 tox|[from] item: Leftovers\n|-damage|p1a: Blug|88\/100 tox|[from] psn\n|upkeep\n|turn|9\n|\n|t:|1699661753\n|detailschange|p2a: McQueen|Scizor-Mega, F\n|-mega|p2a: McQueen|Scizor|Scizorite\n|move|p2a: McQueen|Trailblaze|p1a: Blug\n|-supereffective|p1a: Blug\n|-damage|p1a: Blug|16\/100 tox\n|-boost|p2a: McQueen|spe|1\n|move|p1a: Blug|Icy Wind|p2a: McQueen|[miss]\n|-miss|p1a: Blug|p2a: McQueen\n|\n|-heal|p1a: Blug|22\/100 tox|[from] item: Leftovers\n|-damage|p1a: Blug|4\/100 tox|[from] psn\n|upkeep\n|turn|10\n|\n|t:|1699661764\n|move|p2a: McQueen|Swords Dance|p2a: McQueen\n|-boost|p2a: McQueen|atk|2\n|move|p1a: Blug|Recover|p1a: Blug\n|-heal|p1a: Blug|54\/100 tox\n|\n|-heal|p1a: Blug|60\/100 tox|[from] item: Leftovers\n|-damage|p1a: Blug|35\/100 tox|[from] psn\n|upkeep\n|turn|11\n|\n|t:|1699661777\n|move|p2a: McQueen|Trailblaze|p1a: Blug\n|-supereffective|p1a: Blug\n|-damage|p1a: Blug|0 fnt\n|-boost|p2a: McQueen|spe|1\n|faint|p1a: Blug\n|\n|upkeep\n|j| stinkles3\n|c| stinkles3|HIIIII\n|\n|t:|1699661796\n|switch|p1a: Garchomp|Garchomp, M|100\/100\n|turn|12\n|\n|t:|1699661805\n|move|p2a: McQueen|Trailblaze|p1a: Garchomp\n|-crit|p1a: Garchomp\n|-damage|p1a: Garchomp|8\/100\n|-boost|p2a: McQueen|spe|1\n|-damage|p2a: McQueen|88\/100|[from] ability: Rough Skin|[of] p1a: Garchomp\n|-damage|p2a: McQueen|72\/100|[from] item: Rocky Helmet|[of] p1a: Garchomp\n|move|p1a: Garchomp|Fire Blast|p2a: McQueen\n|-supereffective|p2a: McQueen\n|-damage|p2a: McQueen|0 fnt\n|faint|p2a: McQueen\n|\n|upkeep\n|\n|t:|1699661810\n|switch|p2a: Vegeta|Slither Wing, shiny|100\/100\n|-enditem|p2a: Vegeta|Booster Energy\n|-activate|p2a: Vegeta|ability: Protosynthesis|[fromitem]\n|-start|p2a: Vegeta|protosynthesisatk\n|turn|13\n|\n|t:|1699661821\n|move|p2a: Vegeta|First Impression|p1a: Garchomp\n|-damage|p1a: Garchomp|0 fnt\n|-damage|p2a: Vegeta|88\/100|[from] ability: Rough Skin|[of] p1a: Garchomp\n|-damage|p2a: Vegeta|72\/100|[from] item: Rocky Helmet|[of] p1a: Garchomp\n|faint|p1a: Garchomp\n|\n|upkeep\n|c| stinkles3|WOW\n|\n|t:|1699661836\n|switch|p1a: Swampert|Swampert, M|100\/100\n|turn|14\n|c| ImGoodATM|HECK YEAH\n|\n|t:|1699661842\n|move|p2a: Vegeta|U-turn|p1a: Swampert\n|-damage|p1a: Swampert|68\/100\n|\n|t:|1699661845\n|-end|p2a: Vegeta|Protosynthesis|[silent]\n|switch|p2a: Apollo|Araquanid, M|65\/100 tox|[from] U-turn\n|move|p1a: Swampert|Toxic|p2a: Apollo\n|-fail|p2a: Apollo|tox\n|\n|-heal|p1a: Swampert|75\/100|[from] item: Leftovers\n|-damage|p2a: Apollo|59\/100 tox|[from] psn\n|upkeep\n|turn|15\n|\n|t:|1699661854\n|move|p1a: Swampert|Flip Turn|p2a: Apollo\n|-resisted|p2a: Apollo\n|-damage|p2a: Apollo|47\/100 tox\n|\n|t:|1699661860\n|switch|p1a: Great Titan|Great Tusk|100\/100|[from] Flip Turn\n|-enditem|p1a: Great Titan|Booster Energy\n|-activate|p1a: Great Titan|ability: Protosynthesis|[fromitem]\n|-start|p1a: Great Titan|protosynthesisatk\n|move|p2a: Apollo|Toxic|p1a: Great Titan\n|-status|p1a: Great Titan|tox\n|\n|-damage|p1a: Great Titan|94\/100 tox|[from] psn\n|-damage|p2a: Apollo|35\/100 tox|[from] psn\n|upkeep\n|turn|16\n|\n|t:|1699661876\n|move|p1a: Great Titan|Ice Spinner|p2a: Apollo\n|-resisted|p2a: Apollo\n|-damage|p2a: Apollo|16\/100 tox\n|move|p2a: Apollo|Liquidation|p1a: Great Titan\n|-supereffective|p1a: Great Titan\n|-damage|p1a: Great Titan|0 fnt\n|faint|p1a: Great Titan\n|-end|p1a: Great Titan|Protosynthesis|[silent]\n|\n|-damage|p2a: Apollo|0 fnt|[from] psn\n|faint|p2a: Apollo\n|upkeep\n|c| stinkles3|OMG\n|\n|t:|1699661888\n|switch|p1a: Swampert|Swampert, M|75\/100\n|switch|p2a: Vegeta|Slither Wing, shiny|72\/100\n|turn|17\n|c| stinkles3|CMON\n|c| ImGoodATM|I think Ace wins\n|c| stinkles3|hi atm\n|\n|t:|1699661902\n|move|p2a: Vegeta|Close Combat|p1a: Swampert\n|-damage|p1a: Swampert|30\/100\n|-unboost|p2a: Vegeta|def|1\n|-unboost|p2a: Vegeta|spd|1\n|move|p1a: Swampert|Earthquake|p2a: Vegeta\n|-resisted|p2a: Vegeta\n|-damage|p2a: Vegeta|33\/100\n|\n|-heal|p1a: Swampert|36\/100|[from] item: Leftovers\n|upkeep\n|turn|18\n|\n|t:|1699661913\n|-terastallize|p1a: Swampert|Water\n|move|p2a: Vegeta|U-turn|p1a: Swampert\n|-damage|p1a: Swampert|14\/100\n|\n|t:|1699661923\n|-end|p2a: Vegeta|Protosynthesis|[silent]\n|switch|p2a: Jazz??|Ribombee, M|100\/100|[from] U-turn\n|move|p1a: Swampert|Earthquake|p2a: Jazz??\n|-resisted|p2a: Jazz??\n|-damage|p2a: Jazz??|61\/100\n|\n|-heal|p1a: Swampert|20\/100|[from] item: Leftovers\n|upkeep\n|turn|19\n|\n|t:|1699661930\n|move|p2a: Jazz??|Moonblast|p1a: Swampert\n|-damage|p1a: Swampert|0 fnt\n|faint|p1a: Swampert\n|\n|upkeep\n|l| ImGoodATM\n|\n|t:|1699661934\n|switch|p1a: Camerupt|Camerupt-Mega, F|94\/100 tox\n|turn|20\n|c| stinkles3|OMG\n|c| stinkles3|OMG\n|c| stinkles3|OGMG\n|\n|t:|1699661941\n|move|p2a: Jazz??|Moonblast|p1a: Camerupt\n|-resisted|p1a: Camerupt\n|-damage|p1a: Camerupt|77\/100 tox\n|-unboost|p1a: Camerupt|spa|1\n|move|p1a: Camerupt|Ancient Power|p2a: Jazz??\n|-supereffective|p2a: Jazz??\n|-damage|p2a: Jazz??|4\/100\n|\n|-damage|p1a: Camerupt|71\/100 tox|[from] psn\n|upkeep\n|turn|21\n|j| ImGoodATM\n|\n|t:|1699661949\n|move|p2a: Jazz??|Moonblast|p1a: Camerupt\n|-resisted|p1a: Camerupt\n|-damage|p1a: Camerupt|55\/100 tox\n|move|p1a: Camerupt|Ancient Power|p2a: Jazz??\n|-supereffective|p2a: Jazz??\n|-damage|p2a: Jazz??|0 fnt\n|faint|p2a: Jazz??\n|\n|-damage|p1a: Camerupt|42\/100 tox|[from] psn\n|upkeep\n|\n|t:|1699661953\n|switch|p2a: Vegeta|Slither Wing, shiny|33\/100\n|turn|22\n|\n|t:|1699661961\n|move|p2a: Vegeta|Earthquake|p1a: Camerupt\n|-supereffective|p1a: Camerupt\n|-damage|p1a: Camerupt|0 fnt\n|faint|p1a: Camerupt\n|\n|win|AceTheInadequate\n","uploadtime":1699661965,"views":15,"p1id":"drdogbert","p2id":"acetheinadequate","formatid":"gen9nationaldexubers","rating":0,"private":0,"password":""}