{"id":"gen9nationaldexubers-1977961398","p1":"Ajblade11","p2":"Godz_Bahamut","format":"[Gen 9] National Dex Ubers","log":"|j|\u2606Ajblade11\n|j|\u2606Godz_Bahamut\n|t:|1698473732\n|gametype|singles\n|player|p1|Ajblade11|biker-gen4|1385\n|player|p2|Godz_Bahamut|clair|1314\n|teamsize|p1|6\n|teamsize|p2|6\n|gen|9\n|tier|[Gen 9] National Dex Ubers\n|rated|\n|rule|HP Percentage Mod: HP is shown in percentages\n|rule|Endless Battle Clause: Forcing endless battles is banned\n|rule|OHKO Clause: OHKO moves are banned\n|rule|Evasion Moves Clause: Evasion moves are banned\n|rule|Evasion Items Clause: Evasion items are banned\n|rule|Species Clause: Limit one of each Pok\u00e9mon\n|rule|Sleep Clause Mod: Limit one foe put to sleep\n|rule|Mega Rayquaza Clause: You cannot mega evolve Rayquaza\n|clearpoke\n|poke|p1|Necrozma-Dusk-Mane|\n|poke|p1|Xerneas-*|\n|poke|p1|Eternatus|\n|poke|p1|Yveltal|\n|poke|p1|Arceus|\n|poke|p1|Iron Bundle|\n|poke|p2|Tyranitar, M|\n|poke|p2|Gastrodon, M|\n|poke|p2|Dragapult, M|\n|poke|p2|Clefable, F|\n|poke|p2|Volcarona, M|\n|poke|p2|Corviknight, M|\n|teampreview\n|\n|t:|1698473755\n|start\n|switch|p1a: Arceus|Arceus|100\/100\n|switch|p2a: Gastrodon|Gastrodon, M|100\/100\n|turn|1\n|\n|t:|1698473763\n|switch|p1a: Eternatus|Eternatus|100\/100\n|-ability|p1a: Eternatus|Pressure\n|move|p2a: Gastrodon|Yawn|p1a: Eternatus\n|-start|p1a: Eternatus|move: Yawn|[of] p2a: Gastrodon\n|\n|upkeep\n|turn|2\n|\n|t:|1698473775\n|switch|p1a: Necrozma|Necrozma-Dusk-Mane|100\/100\n|switch|p2a: Corviknight|Corviknight, M|100\/100\n|-ability|p2a: Corviknight|Pressure\n|\n|upkeep\n|turn|3\n|\n|t:|1698473783\n|move|p1a: Necrozma|Stealth Rock|p2a: Corviknight\n|-sidestart|p2: Godz_Bahamut|move: Stealth Rock\n|move|p2a: Corviknight|Body Press|p1a: Necrozma\n|-damage|p1a: Necrozma|85\/100\n|-damage|p2a: Corviknight|84\/100|[from] item: Rocky Helmet|[of] p1a: Necrozma\n|\n|upkeep\n|turn|4\n|\n|t:|1698473789\n|switch|p1a: Xerneas|Xerneas, shiny|100\/100\n|-ability|p1a: Xerneas|Fairy Aura\n|move|p2a: Corviknight|Defog|p1a: Xerneas\n|-unboost|p1a: Xerneas|evasion|1\n|-sideend|p2: Godz_Bahamut|Stealth Rock|[from] move: Defog|[of] p2a: Corviknight\n|\n|upkeep\n|turn|5\n|\n|t:|1698473798\n|move|p1a: Xerneas|Substitute|p1a: Xerneas\n|-start|p1a: Xerneas|Substitute\n|-damage|p1a: Xerneas|76\/100\n|move|p2a: Corviknight|Brave Bird|p1a: Xerneas\n|-end|p1a: Xerneas|Substitute\n|-damage|p2a: Corviknight|76\/100|[from] Recoil|[of] p1a: Xerneas\n|\n|upkeep\n|turn|6\n|\n|t:|1698473808\n|-terastallize|p1a: Xerneas|Electric\n|move|p1a: Xerneas|Substitute|p1a: Xerneas\n|-start|p1a: Xerneas|Substitute\n|-damage|p1a: Xerneas|51\/100\n|move|p2a: Corviknight|Brave Bird|p1a: Xerneas\n|-resisted|p1a: Xerneas\n|-activate|p1a: Xerneas|move: Substitute|[damage]\n|-damage|p2a: Corviknight|72\/100|[from] Recoil|[of] p1a: Xerneas\n|\n|upkeep\n|turn|7\n|\n|t:|1698473818\n|move|p1a: Xerneas|Thunder|p2a: Corviknight|[miss]\n|-miss|p1a: Xerneas|p2a: Corviknight\n|move|p2a: Corviknight|Body Press|p1a: Xerneas\n|-end|p1a: Xerneas|Substitute\n|\n|upkeep\n|turn|8\n|\n|t:|1698473828\n|switch|p2a: Gastrodon|Gastrodon, M|100\/100\n|move|p1a: Xerneas|Geomancy||[still]\n|-prepare|p1a: Xerneas|Geomancy\n|-enditem|p1a: Xerneas|Power Herb\n|-anim|p1a: Xerneas|Geomancy|p1a: Xerneas\n|-boost|p1a: Xerneas|spa|2\n|-boost|p1a: Xerneas|spd|2\n|-boost|p1a: Xerneas|spe|2\n|\n|upkeep\n|turn|9\n|\n|t:|1698473838\n|move|p1a: Xerneas|Substitute|p1a: Xerneas\n|-start|p1a: Xerneas|Substitute\n|-damage|p1a: Xerneas|26\/100\n|move|p2a: Gastrodon|Yawn||[still]\n|-fail|p2a: Gastrodon\n|\n|upkeep\n|turn|10\n|\n|t:|1698473844\n|move|p1a: Xerneas|Geomancy||[still]\n|-prepare|p1a: Xerneas|Geomancy\n|move|p2a: Gastrodon|Earth Power|p1a: Xerneas\n|-supereffective|p1a: Xerneas\n|-end|p1a: Xerneas|Substitute\n|\n|upkeep\n|turn|11\n|\n|t:|1698473850\n|move|p1a: Xerneas|Geomancy|p1a: Xerneas|[from]lockedmove\n|-boost|p1a: Xerneas|spa|2\n|-boost|p1a: Xerneas|spd|2\n|-boost|p1a: Xerneas|spe|2\n|move|p2a: Gastrodon|Yawn|p1a: Xerneas\n|-start|p1a: Xerneas|move: Yawn|[of] p2a: Gastrodon\n|\n|upkeep\n|turn|12\n|\n|t:|1698473857\n|move|p1a: Xerneas|Moonblast|p2a: Gastrodon\n|-damage|p2a: Gastrodon|0 fnt\n|faint|p2a: Gastrodon\n|\n|-end|p1a: Xerneas|move: Yawn|[silent]\n|-status|p1a: Xerneas|slp\n|upkeep\n|\n|t:|1698473864\n|switch|p2a: Tyranitar|Tyranitar, M|100\/100\n|-weather|Sandstorm|[from] ability: Sand Stream|[of] p2a: Tyranitar\n|turn|13\n|\n|t:|1698473869\n|detailschange|p2a: Tyranitar|Tyranitar-Mega, M\n|-mega|p2a: Tyranitar|Tyranitar|Tyranitarite\n|cant|p1a: Xerneas|slp\n|move|p2a: Tyranitar|Dragon Dance|p2a: Tyranitar\n|-boost|p2a: Tyranitar|atk|1\n|-boost|p2a: Tyranitar|spe|1\n|\n|-weather|Sandstorm|[upkeep]\n|-damage|p1a: Xerneas|20\/100 slp|[from] Sandstorm\n|upkeep\n|turn|14\n|\n|t:|1698473879\n|cant|p1a: Xerneas|slp\n|move|p2a: Tyranitar|Earthquake|p1a: Xerneas\n|-supereffective|p1a: Xerneas\n|-damage|p1a: Xerneas|0 fnt\n|faint|p1a: Xerneas\n|\n|-weather|Sandstorm|[upkeep]\n|upkeep\n|\n|t:|1698473883\n|switch|p1a: Necrozma|Necrozma-Dusk-Mane|85\/100\n|turn|15\n|\n|t:|1698473889\n|move|p2a: Tyranitar|Knock Off|p1a: Necrozma\n|-supereffective|p1a: Necrozma\n|-damage|p1a: Necrozma|15\/100\n|-damage|p2a: Tyranitar|84\/100|[from] item: Rocky Helmet|[of] p1a: Necrozma\n|-enditem|p1a: Necrozma|Rocky Helmet|[from] move: Knock Off|[of] p2a: Tyranitar\n|move|p1a: Necrozma|Stealth Rock|p2a: Tyranitar\n|-sidestart|p2: Godz_Bahamut|move: Stealth Rock\n|\n|-weather|Sandstorm|[upkeep]\n|upkeep\n|turn|16\n|\n|t:|1698473898\n|move|p2a: Tyranitar|Knock Off|p1a: Necrozma\n|-supereffective|p1a: Necrozma\n|-damage|p1a: Necrozma|0 fnt\n|faint|p1a: Necrozma\n|\n|-weather|Sandstorm|[upkeep]\n|upkeep\n|\n|t:|1698473905\n|switch|p1a: Iron Bundle|Iron Bundle|100\/100\n|turn|17\n|\n|t:|1698473909\n|move|p1a: Iron Bundle|Hydro Pump|p2a: Tyranitar\n|-supereffective|p2a: Tyranitar\n|-damage|p2a: Tyranitar|25\/100\n|move|p2a: Tyranitar|Stone Edge|p1a: Iron Bundle\n|-supereffective|p1a: Iron Bundle\n|-damage|p1a: Iron Bundle|0 fnt\n|faint|p1a: Iron Bundle\n|-end|p1a: Iron Bundle|Quark Drive|[silent]\n|\n|-weather|none\n|upkeep\n|\n|t:|1698473917\n|switch|p1a: Eternatus|Eternatus|100\/100\n|-ability|p1a: Eternatus|Pressure\n|turn|18\n|\n|t:|1698473923\n|move|p1a: Eternatus|Dynamax Cannon|p2a: Tyranitar\n|-crit|p2a: Tyranitar\n|-damage|p2a: Tyranitar|0 fnt\n|faint|p2a: Tyranitar\n|\n|upkeep\n|\n|t:|1698473930\n|switch|p2a: Dragapult|Dragapult, M|100\/100\n|-damage|p2a: Dragapult|88\/100|[from] Stealth Rock\n|turn|19\n|\n|t:|1698473936\n|move|p2a: Dragapult|Dragon Darts|p1a: Eternatus\n|-supereffective|p1a: Eternatus\n|-damage|p1a: Eternatus|47\/100\n|-anim|p2a: Dragapult|Dragon Darts|p1a: Eternatus\n|-supereffective|p1a: Eternatus\n|-damage|p1a: Eternatus|0 fnt\n|faint|p1a: Eternatus\n|\n|upkeep\n|\n|t:|1698473942\n|switch|p1a: Arceus|Arceus|100\/100\n|turn|20\n|\n|t:|1698473955\n|switch|p2a: Corviknight|Corviknight, M|72\/100\n|-damage|p2a: Corviknight|59\/100|[from] Stealth Rock\n|-ability|p2a: Corviknight|Pressure\n|move|p1a: Arceus|Swords Dance|p1a: Arceus\n|-boost|p1a: Arceus|atk|2\n|\n|upkeep\n|turn|21\n|\n|t:|1698473964\n|move|p1a: Arceus|Swords Dance|p1a: Arceus\n|-boost|p1a: Arceus|atk|2\n|move|p2a: Corviknight|Defog|p1a: Arceus\n|-unboost|p1a: Arceus|evasion|1\n|-sideend|p2: Godz_Bahamut|Stealth Rock|[from] move: Defog|[of] p2a: Corviknight\n|\n|upkeep\n|turn|22\n|\n|t:|1698473971\n|move|p1a: Arceus|Swords Dance|p1a: Arceus\n|-boost|p1a: Arceus|atk|2\n|move|p2a: Corviknight|Roost|p2a: Corviknight\n|-heal|p2a: Corviknight|100\/100\n|-singleturn|p2a: Corviknight|move: Roost\n|\n|upkeep\n|turn|23\n|\n|t:|1698473979\n|move|p1a: Arceus|Shadow Claw|p2a: Corviknight\n|-damage|p2a: Corviknight|37\/100\n|-damage|p1a: Arceus|84\/100|[from] item: Rocky Helmet|[of] p2a: Corviknight\n|move|p2a: Corviknight|Body Press|p1a: Arceus\n|-supereffective|p1a: Arceus\n|-damage|p1a: Arceus|50\/100\n|\n|-heal|p1a: Arceus|57\/100|[from] item: Leftovers\n|upkeep\n|turn|24\n|\n|t:|1698473989\n|move|p1a: Arceus|Shadow Claw|p2a: Corviknight\n|-damage|p2a: Corviknight|0 fnt\n|-damage|p1a: Arceus|40\/100|[from] item: Rocky Helmet|[of] p2a: Corviknight\n|faint|p2a: Corviknight\n|\n|-heal|p1a: Arceus|46\/100|[from] item: Leftovers\n|upkeep\n|\n|t:|1698473998\n|switch|p2a: Dragapult|Dragapult, M|88\/100\n|turn|25\n|\n|t:|1698474011\n|-terastallize|p2a: Dragapult|Dragon\n|move|p2a: Dragapult|Dragon Darts|p1a: Arceus\n|-damage|p1a: Arceus|10\/100\n|-anim|p2a: Dragapult|Dragon Darts|p1a: Arceus\n|-damage|p1a: Arceus|0 fnt\n|faint|p1a: Arceus\n|\n|upkeep\n|-message|Ajblade11 forfeited.\n|\n|win|Godz_Bahamut\n|raw|Ajblade11's rating: 1385 &rarr; <strong>1359<\/strong><br \/>(-26 for losing)\n|raw|Godz_Bahamut's rating: 1285 &rarr; <strong>1317<\/strong><br \/>(+32 for winning)\n|l|\u2606Ajblade11\n","uploadtime":1698474023,"views":15,"p1id":"ajblade11","p2id":"godzbahamut","formatid":"gen9nationaldexubers","rating":1317,"private":0,"password":""}