{"id":"gen9nationaldexubers-1997858011","p1":"MrTRB","p2":"ApocalypticTofu","format":"[Gen 9] National Dex Ubers","log":"|j|\u2606MrTRB\n|j|\u2606ApocalypticTofu\n|t:|1700860464\n|gametype|singles\n|player|p1|MrTRB|benga|\n|player|p2|ApocalypticTofu|plasmagrunt|\n|teamsize|p1|4\n|teamsize|p2|4\n|gen|9\n|tier|[Gen 9] National Dex Ubers\n|rule|HP Percentage Mod: HP is shown in percentages\n|rule|Endless Battle Clause: Forcing endless battles is banned\n|rule|OHKO Clause: OHKO moves are banned\n|rule|Evasion Moves Clause: Evasion moves are banned\n|rule|Evasion Items Clause: Evasion items are banned\n|rule|Species Clause: Limit one of each Pok\u00e9mon\n|rule|Sleep Clause Mod: Limit one foe put to sleep\n|rule|Mega Rayquaza Clause: You cannot mega evolve Rayquaza\n|clearpoke\n|poke|p1|Garganacl, F|\n|poke|p1|Infernape, M|\n|poke|p1|Pelipper, M|\n|poke|p1|Palafin, M|\n|poke|p2|Golisopod, F|\n|poke|p2|Crustle, F|\n|poke|p2|Slither Wing|\n|poke|p2|Pinsir, M|\n|teampreview\n|c|\u2606ApocalypticTofu|ooh water types\n|\n|t:|1700860474\n|start\n|switch|p1a: Pelipper|Pelipper, M, shiny|100\/100\n|switch|p2a: Pinsir|Pinsir, M|100\/100\n|-weather|RainDance|[from] ability: Drizzle|[of] p1a: Pelipper\n|turn|1\n|\n|t:|1700860483\n|detailschange|p2a: Pinsir|Pinsir-Mega, M\n|-mega|p2a: Pinsir|Pinsir|Pinsirite\n|move|p2a: Pinsir|Double-Edge|p1a: Pelipper\n|-damage|p1a: Pelipper|5\/100\n|-damage|p2a: Pinsir|63\/100|[from] Recoil\n|move|p1a: Pelipper|Tailwind|p1a: Pelipper\n|-sidestart|p1: MrTRB|move: Tailwind\n|\n|-weather|RainDance|[upkeep]\n|upkeep\n|turn|2\n|\n|t:|1700860490\n|move|p2a: Pinsir|Quick Attack|p1a: Pelipper\n|-damage|p1a: Pelipper|0 fnt\n|faint|p1a: Pelipper\n|\n|-weather|RainDance|[upkeep]\n|upkeep\n|\n|t:|1700860494\n|switch|p1a: Palafin|Palafin, M|100\/100\n|turn|3\n|\n|t:|1700860503\n|detailschange|p1a: Palafin|Palafin-Hero, M\n|switch|p1a: Garganacl|Garganacl, F|100\/100\n|move|p2a: Pinsir|Quick Attack|p1a: Garganacl\n|-resisted|p1a: Garganacl\n|-damage|p1a: Garganacl|91\/100\n|\n|-weather|RainDance|[upkeep]\n|-heal|p1a: Garganacl|97\/100|[from] item: Leftovers\n|upkeep\n|turn|4\n|\n|t:|1700860512\n|move|p2a: Pinsir|Storm Throw|p1a: Garganacl\n|-supereffective|p1a: Garganacl\n|-crit|p1a: Garganacl\n|-damage|p1a: Garganacl|45\/100\n|move|p1a: Garganacl|Iron Defense|p1a: Garganacl\n|-boost|p1a: Garganacl|def|2\n|\n|-weather|RainDance|[upkeep]\n|-heal|p1a: Garganacl|51\/100|[from] item: Leftovers\n|-sideend|p1: MrTRB|move: Tailwind\n|upkeep\n|turn|5\n|\n|t:|1700860516\n|move|p2a: Pinsir|Storm Throw|p1a: Garganacl\n|-supereffective|p1a: Garganacl\n|-crit|p1a: Garganacl\n|-damage|p1a: Garganacl|5\/100\n|move|p1a: Garganacl|Salt Cure|p2a: Pinsir\n|-supereffective|p2a: Pinsir\n|-damage|p2a: Pinsir|0 fnt\n|faint|p2a: Pinsir\n|\n|-weather|RainDance|[upkeep]\n|-heal|p1a: Garganacl|11\/100|[from] item: Leftovers\n|upkeep\n|\n|t:|1700860520\n|switch|p2a: Slither Wing|Slither Wing|100\/100\n|-enditem|p2a: Slither Wing|Booster Energy\n|-activate|p2a: Slither Wing|ability: Protosynthesis|[fromitem]\n|-start|p2a: Slither Wing|protosynthesisatk\n|turn|6\n|j| CloysterEnjoyer\n|\n|t:|1700860532\n|-terastallize|p2a: Slither Wing|Bug\n|move|p2a: Slither Wing|High Horsepower|p1a: Garganacl\n|-supereffective|p1a: Garganacl\n|-damage|p1a: Garganacl|0 fnt\n|faint|p1a: Garganacl\n|\n|-weather|RainDance|[upkeep]\n|upkeep\n|\n|t:|1700860538\n|switch|p1a: Infernape|Infernape, M|100\/100\n|turn|7\n|c| CloysterEnjoyer|isnt the rematch supposed to be 6v6\n|c|\u2606ApocalypticTofu|no\n|c|\u2606ApocalypticTofu|rematch teams are for after you beat the champion\n|\n|t:|1700860567\n|move|p1a: Infernape|U-turn|p2a: Slither Wing\n|-damage|p2a: Slither Wing|74\/100\n|\n|t:|1700860571\n|switch|p1a: Palafin|Palafin-Hero, M|100\/100|[from] U-turn\n|-activate|p1a: Palafin|ability: Zero to Hero\n|move|p2a: Slither Wing|High Horsepower|p1a: Palafin\n|-damage|p1a: Palafin|62\/100\n|\n|-weather|RainDance|[upkeep]\n|-heal|p1a: Palafin|68\/100|[from] item: Leftovers\n|upkeep\n|turn|8\n|\n|t:|1700860582\n|-terastallize|p1a: Palafin|Water\n|move|p1a: Palafin|Jet Punch|p2a: Slither Wing\n|-damage|p2a: Slither Wing|0 fnt\n|faint|p2a: Slither Wing\n|-end|p2a: Slither Wing|Protosynthesis|[silent]\n|\n|-weather|none\n|-heal|p1a: Palafin|74\/100|[from] item: Leftovers\n|upkeep\n|\n|t:|1700860586\n|switch|p2a: Golisopod|Golisopod, F|100\/100\n|turn|9\n|\n|t:|1700860591\n|move|p2a: Golisopod|First Impression|p1a: Palafin\n|-damage|p1a: Palafin|28\/100\n|move|p1a: Palafin|Jet Punch|p2a: Golisopod\n|-resisted|p2a: Golisopod\n|-damage|p2a: Golisopod|84\/100\n|\n|-heal|p1a: Palafin|34\/100|[from] item: Leftovers\n|upkeep\n|turn|10\n|\n|t:|1700860600\n|move|p1a: Palafin|Drain Punch|p2a: Golisopod\n|-resisted|p2a: Golisopod\n|-damage|p2a: Golisopod|72\/100\n|-heal|p1a: Palafin|40\/100|[from] drain|[of] p2a: Golisopod\n|-zpower|p2a: Golisopod\n|move|p2a: Golisopod|Savage Spin-Out|p1a: Palafin|[zeffect]\n|-damage|p1a: Palafin|0 fnt\n|faint|p1a: Palafin\n|\n|upkeep\n|c| CloysterEnjoyer|also cosmorbit why'd you bring a grass type to a bug gym\n|\n|t:|1700860609\n|switch|p1a: Infernape|Infernape, M|100\/100\n|turn|11\n|\n|t:|1700860613\n|move|p1a: Infernape|Fire Punch|p2a: Golisopod\n|-damage|p2a: Golisopod|39\/100\n|-activate|p2a: Golisopod|ability: Emergency Exit\n|\n|t:|1700860617\n|switch|p2a: Crustle|Crustle, F|100\/100\n|\n|upkeep\n|turn|12\n|\n|t:|1700860634\n|move|p1a: Infernape|Close Combat|p2a: Crustle\n|-damage|p2a: Crustle|47\/100\n|-unboost|p1a: Infernape|def|1\n|-unboost|p1a: Infernape|spd|1\n|-ability|p2a: Crustle|Weak Armor|boost\n|-unboost|p2a: Crustle|def|1\n|-boost|p2a: Crustle|spe|2\n|move|p2a: Crustle|Earthquake|p1a: Infernape\n|-supereffective|p1a: Infernape\n|-damage|p1a: Infernape|0 fnt\n|faint|p1a: Infernape\n|\n|win|ApocalypticTofu\n|c|\u2606ApocalypticTofu|rematch\n|c|\u2606MrTRB|gods\n","uploadtime":1700860645,"views":7,"p1id":"mrtrb","p2id":"apocalyptictofu","formatid":"gen9nationaldexubers","rating":0,"private":0,"password":""}