{"id":"gen9nationaldexubers-1978718165","p1":"Helpnoname","p2":"MommyMikuNakano","format":"[Gen 9] National Dex Ubers","log":"|j|\u2606Helpnoname\n|j|\u2606MommyMikuNakano\n|t:|1698586380\n|gametype|singles\n|player|p1|Helpnoname|1|1728\n|player|p2|MommyMikuNakano|erika-gen1|1743\n|teamsize|p1|6\n|teamsize|p2|6\n|gen|9\n|tier|[Gen 9] National Dex Ubers\n|rated|\n|rule|HP Percentage Mod: HP is shown in percentages\n|rule|Endless Battle Clause: Forcing endless battles is banned\n|rule|OHKO Clause: OHKO moves are banned\n|rule|Evasion Moves Clause: Evasion moves are banned\n|rule|Evasion Items Clause: Evasion items are banned\n|rule|Species Clause: Limit one of each Pok\u00e9mon\n|rule|Sleep Clause Mod: Limit one foe put to sleep\n|rule|Mega Rayquaza Clause: You cannot mega evolve Rayquaza\n|clearpoke\n|poke|p1|Ferrothorn, M|\n|poke|p1|Eternatus|\n|poke|p1|Giratina|\n|poke|p1|Yveltal|\n|poke|p1|Toxapex, F|\n|poke|p1|Ho-Oh|\n|poke|p2|Mewtwo|\n|poke|p2|Necrozma-Dusk-Mane|\n|poke|p2|Kingambit, F|\n|poke|p2|Urshifu-*, M|\n|poke|p2|Ditto|\n|poke|p2|Arceus-Fairy|\n|teampreview\n|inactive|Battle timer is ON: inactive players will automatically lose when time's up. (requested by MommyMikuNakano)\n|\n|t:|1698586411\n|start\n|switch|p1a: Ho-Oh|Ho-Oh|100\/100\n|switch|p2a: Urshifu|Urshifu, M|100\/100\n|turn|1\n|\n|t:|1698586418\n|switch|p1a: Zoroerk|Toxapex, F|100\/100\n|move|p2a: Urshifu|Wicked Blow|p1a: Zoroerk\n|-crit|p1a: Zoroerk\n|-damage|p1a: Zoroerk|40\/100\n|-damage|p2a: Urshifu|84\/100|[from] item: Rocky Helmet|[of] p1a: Zoroerk\n|-damage|p2a: Urshifu|74\/100|[from] item: Life Orb\n|\n|upkeep\n|turn|2\n|\n|t:|1698586434\n|switch|p1a: Yveltal|Yveltal|100\/100\n|-ability|p1a: Yveltal|Dark Aura\n|move|p2a: Urshifu|Wicked Blow|p1a: Yveltal\n|-resisted|p1a: Yveltal\n|-crit|p1a: Yveltal\n|-damage|p1a: Yveltal|53\/100\n|-damage|p2a: Urshifu|64\/100|[from] item: Life Orb\n|\n|upkeep\n|turn|3\n|\n|t:|1698586441\n|switch|p2a: Arceus|Arceus-Fairy|100\/100\n|move|p1a: Yveltal|Oblivion Wing|p2a: Arceus\n|-damage|p2a: Arceus|72\/100\n|-heal|p1a: Yveltal|77\/100|[from] drain|[of] p2a: Arceus\n|\n|upkeep\n|turn|4\n|\n|t:|1698586450\n|switch|p1a: Ferrothorn|Ferrothorn, M|100\/100\n|move|p2a: Arceus|Taunt|p1a: Ferrothorn\n|-start|p1a: Ferrothorn|move: Taunt\n|\n|upkeep\n|turn|5\n|\n|t:|1698586455\n|switch|p1a: Eternatus|Eternatus|100\/100\n|-ability|p1a: Eternatus|Pressure\n|move|p2a: Arceus|Toxic|p1a: Eternatus\n|-immune|p1a: Eternatus\n|\n|upkeep\n|turn|6\n|j| Theloomer\n|\n|t:|1698586460\n|move|p1a: Eternatus|Toxic Spikes|p2a: Arceus\n|-sidestart|p2: MommyMikuNakano|move: Toxic Spikes\n|move|p2a: Arceus|Taunt|p1a: Eternatus\n|-start|p1a: Eternatus|move: Taunt\n|\n|upkeep\n|turn|7\n|l| Theloomer\n|\n|t:|1698586465\n|switch|p1a: Zoroerk|Toxapex, F|74\/100\n|switch|p2a: Necrozma|Necrozma-Dusk-Mane, shiny|100\/100\n|\n|upkeep\n|turn|8\n|\n|t:|1698586470\n|switch|p1a: Yveltal|Yveltal|77\/100\n|-ability|p1a: Yveltal|Dark Aura\n|move|p2a: Necrozma|Stealth Rock|p1a: Yveltal\n|-sidestart|p1: Helpnoname|move: Stealth Rock\n|\n|upkeep\n|turn|9\n|\n|t:|1698586476\n|switch|p2a: Arceus|Arceus-Fairy|72\/100\n|-status|p2a: Arceus|psn\n|-terastallize|p1a: Yveltal|Dark\n|move|p1a: Yveltal|Dark Pulse|p2a: Arceus\n|-resisted|p2a: Arceus\n|-damage|p2a: Arceus|48\/100 psn\n|\n|-damage|p2a: Arceus|36\/100 psn|[from] psn\n|upkeep\n|turn|10\n|\n|t:|1698586483\n|move|p1a: Yveltal|Dark Pulse|p2a: Arceus\n|-resisted|p2a: Arceus\n|-damage|p2a: Arceus|12\/100 psn\n|move|p2a: Arceus|Recover|p2a: Arceus\n|-heal|p2a: Arceus|62\/100 psn\n|\n|-damage|p2a: Arceus|50\/100 psn|[from] psn\n|upkeep\n|turn|11\n|\n|t:|1698586490\n|switch|p1a: Ferrothorn|Ferrothorn, M|100\/100\n|-damage|p1a: Ferrothorn|94\/100|[from] Stealth Rock\n|move|p2a: Arceus|Recover|p2a: Arceus\n|-heal|p2a: Arceus|99\/100 psn\n|\n|-heal|p1a: Ferrothorn|100\/100|[from] item: Leftovers\n|-damage|p2a: Arceus|87\/100 psn|[from] psn\n|upkeep\n|turn|12\n|j| s3rp3rior\n|\n|t:|1698586497\n|move|p2a: Arceus|Taunt|p1a: Ferrothorn\n|-start|p1a: Ferrothorn|move: Taunt\n|cant|p1a: Ferrothorn|move: Taunt|Substitute\n|\n|-damage|p2a: Arceus|75\/100 psn|[from] psn\n|upkeep\n|turn|13\n|\n|t:|1698586506\n|switch|p2a: Necrozma|Necrozma-Dusk-Mane, shiny|100\/100\n|switch|p1a: Eternatus|Eternatus|100\/100\n|-damage|p1a: Eternatus|88\/100|[from] Stealth Rock\n|-ability|p1a: Eternatus|Pressure\n|\n|-heal|p1a: Eternatus|94\/100|[from] item: Leftovers\n|upkeep\n|turn|14\n|\n|t:|1698586514\n|detailschange|p2a: Necrozma|Necrozma-Ultra, shiny\n|-burst|p2a: Necrozma|Necrozma|Ultranecrozium Z\n|move|p1a: Eternatus|Toxic Spikes|p2a: Necrozma\n|-sidestart|p2: MommyMikuNakano|move: Toxic Spikes\n|move|p2a: Necrozma|Dragon Pulse|p1a: Eternatus\n|-supereffective|p1a: Eternatus\n|-damage|p1a: Eternatus|0 fnt\n|faint|p1a: Eternatus\n|\n|upkeep\n|\n|t:|1698586520\n|switch|p1a: Yveltal|Yveltal, tera:Dark|77\/100\n|-damage|p1a: Yveltal|65\/100|[from] Stealth Rock\n|-ability|p1a: Yveltal|Dark Aura\n|turn|15\n|\n|t:|1698586524\n|switch|p2a: Arceus|Arceus-Fairy|75\/100 psn\n|move|p1a: Yveltal|Knock Off|p2a: Arceus\n|-resisted|p2a: Arceus\n|-damage|p2a: Arceus|60\/100 psn\n|\n|-damage|p2a: Arceus|47\/100 psn|[from] psn\n|upkeep\n|turn|16\n|\n|t:|1698586530\n|switch|p1a: Zoroerk|Toxapex, F|100\/100\n|-damage|p1a: Zoroerk|88\/100|[from] Stealth Rock\n|move|p2a: Arceus|Recover|p2a: Arceus\n|-heal|p2a: Arceus|97\/100 psn\n|\n|-damage|p2a: Arceus|85\/100 psn|[from] psn\n|upkeep\n|turn|17\n|\n|t:|1698586533\n|move|p2a: Arceus|Taunt|p1a: Zoroerk\n|-start|p1a: Zoroerk|move: Taunt\n|move|p1a: Zoroerk|Infestation|p2a: Arceus\n|-resisted|p2a: Arceus\n|-damage|p2a: Arceus|84\/100 psn\n|-activate|p2a: Arceus|move: Infestation|[of] p1a: Zoroerk\n|\n|-damage|p2a: Arceus|72\/100 psn|[from] psn\n|-damage|p2a: Arceus|59\/100 psn|[from] move: Infestation|[partiallytrapped]\n|upkeep\n|turn|18\n|\n|t:|1698586538\n|move|p2a: Arceus|Judgment|p1a: Zoroerk\n|-resisted|p1a: Zoroerk\n|-damage|p1a: Zoroerk|72\/100\n|move|p1a: Zoroerk|Infestation|p2a: Arceus\n|-resisted|p2a: Arceus\n|-damage|p2a: Arceus|58\/100 psn\n|\n|-damage|p2a: Arceus|46\/100 psn|[from] psn\n|-damage|p2a: Arceus|34\/100 psn|[from] move: Infestation|[partiallytrapped]\n|upkeep\n|turn|19\n|\n|t:|1698586544\n|move|p2a: Arceus|Recover|p2a: Arceus\n|-heal|p2a: Arceus|84\/100 psn\n|move|p1a: Zoroerk|Infestation|p2a: Arceus\n|-resisted|p2a: Arceus\n|-damage|p2a: Arceus|82\/100 psn\n|\n|-damage|p2a: Arceus|70\/100 psn|[from] psn\n|-damage|p2a: Arceus|58\/100 psn|[from] move: Infestation|[partiallytrapped]\n|-end|p1a: Zoroerk|move: Taunt\n|upkeep\n|turn|20\n|\n|t:|1698586554\n|move|p2a: Arceus|Taunt|p1a: Zoroerk\n|-start|p1a: Zoroerk|move: Taunt\n|cant|p1a: Zoroerk|move: Taunt|Haze\n|\n|-damage|p2a: Arceus|45\/100 psn|[from] psn\n|-damage|p2a: Arceus|33\/100 psn|[from] move: Infestation|[partiallytrapped]\n|upkeep\n|turn|21\n|\n|t:|1698586561\n|move|p2a: Arceus|Recover|p2a: Arceus\n|-heal|p2a: Arceus|83\/100 psn\n|move|p1a: Zoroerk|Infestation|p2a: Arceus\n|-resisted|p2a: Arceus\n|-damage|p2a: Arceus|82\/100 psn\n|\n|-damage|p2a: Arceus|70\/100 psn|[from] psn\n|-damage|p2a: Arceus|57\/100 psn|[from] move: Infestation|[partiallytrapped]\n|upkeep\n|turn|22\n|\n|t:|1698586568\n|move|p2a: Arceus|Recover|p2a: Arceus\n|-heal|p2a: Arceus|100\/100 psn\n|move|p1a: Zoroerk|Infestation|p2a: Arceus\n|-resisted|p2a: Arceus\n|-damage|p2a: Arceus|99\/100 psn\n|\n|-damage|p2a: Arceus|87\/100 psn|[from] psn\n|-end|p2a: Arceus|Infestation|[partiallytrapped]\n|-end|p1a: Zoroerk|move: Taunt\n|upkeep\n|turn|23\n|\n|t:|1698586574\n|switch|p2a: Kingambit|Kingambit, F|100\/100\n|switch|p1a: Ferrothorn|Ferrothorn, M|100\/100\n|-damage|p1a: Ferrothorn|94\/100|[from] Stealth Rock\n|\n|-heal|p1a: Ferrothorn|100\/100|[from] item: Leftovers\n|upkeep\n|turn|24\n|\n|t:|1698586577\n|move|p2a: Kingambit|Swords Dance|p2a: Kingambit\n|-boost|p2a: Kingambit|atk|2\n|move|p1a: Ferrothorn|Leech Seed|p2a: Kingambit|[miss]\n|-miss|p1a: Ferrothorn|p2a: Kingambit\n|\n|upkeep\n|turn|25\n|\n|t:|1698586579\n|move|p2a: Kingambit|Knock Off|p1a: Ferrothorn\n|-damage|p1a: Ferrothorn|0 fnt\n|-damage|p2a: Kingambit|88\/100|[from] ability: Iron Barbs|[of] p1a: Ferrothorn\n|-enditem|p1a: Ferrothorn|Leftovers|[from] move: Knock Off|[of] p2a: Kingambit\n|faint|p1a: Ferrothorn\n|\n|upkeep\n|\n|t:|1698586583\n|switch|p1a: Yveltal|Yveltal, tera:Dark|65\/100\n|-damage|p1a: Yveltal|53\/100|[from] Stealth Rock\n|-ability|p1a: Yveltal|Dark Aura\n|turn|26\n|\n|t:|1698586586\n|move|p2a: Kingambit|Sucker Punch|p1a: Yveltal\n|-resisted|p1a: Yveltal\n|-damage|p1a: Yveltal|0 fnt\n|faint|p1a: Yveltal\n|\n|upkeep\n|\n|t:|1698586589\n|switch|p1a: Ho-Oh|Ho-Oh|100\/100\n|turn|27\n|\n|t:|1698586594\n|-terastallize|p2a: Kingambit|Ghost\n|move|p1a: Ho-Oh|Sacred Fire|p2a: Kingambit\n|-damage|p2a: Kingambit|57\/100\n|move|p2a: Kingambit|Knock Off|p1a: Ho-Oh\n|-damage|p1a: Ho-Oh|0 fnt\n|-enditem|p1a: Ho-Oh|Heavy-Duty Boots|[from] move: Knock Off|[of] p2a: Kingambit\n|faint|p1a: Ho-Oh\n|\n|upkeep\n|-message|Helpnoname forfeited.\n|\n|win|MommyMikuNakano\n|raw|Helpnoname's rating: 1728 &rarr; <strong>1709<\/strong><br \/>(-19 for losing)\n|raw|MommyMikuNakano's rating: 1743 &rarr; <strong>1762<\/strong><br \/>(+19 for winning)\n|l|\u2606Helpnoname\n","uploadtime":1698586609,"views":9,"p1id":"helpnoname","p2id":"mommymikunakano","formatid":"gen9nationaldexubers","rating":1709,"private":0,"password":""}