{"id":"gen9nationaldexubers-1981292452","p1":"Quarters_OU","p2":"Crowspeake","format":"[Gen 9] National Dex Ubers","log":"|j|\u2606Quarters_OU\n|j|\u2606Crowspeake\n|t:|1698880478\n|gametype|singles\n|player|p1|Quarters_OU|265|\n|player|p2|Crowspeake|musician|\n|teamsize|p1|6\n|teamsize|p2|6\n|gen|9\n|tier|[Gen 9] National Dex Ubers\n|rule|HP Percentage Mod: HP is shown in percentages\n|rule|Endless Battle Clause: Forcing endless battles is banned\n|rule|OHKO Clause: OHKO moves are banned\n|rule|Evasion Moves Clause: Evasion moves are banned\n|rule|Evasion Items Clause: Evasion items are banned\n|rule|Species Clause: Limit one of each Pok\u00e9mon\n|rule|Sleep Clause Mod: Limit one foe put to sleep\n|rule|Mega Rayquaza Clause: You cannot mega evolve Rayquaza\n|clearpoke\n|poke|p1|Roaring Moon|\n|poke|p1|Ninetales-Alola, M|\n|poke|p1|Volcarona, M|\n|poke|p1|Clodsire, F|\n|poke|p1|Scizor, M|\n|poke|p1|Rotom-Wash|\n|poke|p2|Galvantula, M|\n|poke|p2|Lokix, F|\n|poke|p2|Scolipede, F|\n|poke|p2|Kleavor, F|\n|poke|p2|Scizor, M|\n|poke|p2|Volcarona, M|\n|teampreview\n|\n|t:|1698880492\n|start\n|switch|p1a: Rotom|Rotom-Wash|100\/100\n|switch|p2a: The Hands|Kleavor, F|100\/100\n|turn|1\n|\n|t:|1698880497\n|move|p2a: The Hands|Stone Axe|p1a: Rotom\n|-damage|p1a: Rotom|57\/100\n|-sidestart|p1: Quarters_OU|move: Stealth Rock\n|move|p1a: Rotom|Will-O-Wisp|p2a: The Hands\n|-status|p2a: The Hands|brn\n|\n|-damage|p2a: The Hands|94\/100 brn|[from] brn\n|upkeep\n|turn|2\n|\n|t:|1698880505\n|move|p2a: The Hands|Stone Axe|p1a: Rotom\n|-damage|p1a: Rotom|38\/100\n|-enditem|p1a: Rotom|Sitrus Berry|[eat]\n|-heal|p1a: Rotom|63\/100|[from] item: Sitrus Berry\n|move|p1a: Rotom|Defog|p2a: The Hands\n|-unboost|p2a: The Hands|evasion|1\n|-sideend|p1: Quarters_OU|Stealth Rock|[from] move: Defog|[of] p1a: Rotom\n|\n|-damage|p2a: The Hands|88\/100 brn|[from] brn\n|upkeep\n|turn|3\n|\n|t:|1698880520\n|switch|p1a: Scizor|Scizor, M|100\/100\n|move|p2a: The Hands|Stone Axe|p1a: Scizor\n|-damage|p1a: Scizor|76\/100\n|-sidestart|p1: Quarters_OU|move: Stealth Rock\n|\n|-damage|p2a: The Hands|82\/100 brn|[from] brn\n|upkeep\n|turn|4\n|\n|t:|1698880528\n|detailschange|p1a: Scizor|Scizor-Mega, M\n|-mega|p1a: Scizor|Scizor|Scizorite\n|move|p2a: The Hands|Stone Axe|p1a: Scizor\n|-damage|p1a: Scizor|58\/100\n|move|p1a: Scizor|Dual Wingbeat|p2a: The Hands\n|-damage|p2a: The Hands|48\/100 brn\n|-damage|p2a: The Hands|15\/100 brn\n|-hitcount|p2a: The Hands|2\n|\n|-damage|p2a: The Hands|9\/100 brn|[from] brn\n|upkeep\n|turn|5\n|\n|t:|1698880537\n|move|p2a: The Hands|Stone Axe|p1a: Scizor\n|-damage|p1a: Scizor|39\/100\n|move|p1a: Scizor|Swords Dance|p1a: Scizor\n|-boost|p1a: Scizor|atk|2\n|\n|-damage|p2a: The Hands|3\/100 brn|[from] brn\n|upkeep\n|turn|6\n|\n|t:|1698880542\n|move|p2a: The Hands|Stone Axe|p1a: Scizor\n|-damage|p1a: Scizor|18\/100\n|move|p1a: Scizor|Swords Dance|p1a: Scizor\n|-boost|p1a: Scizor|atk|2\n|\n|-damage|p2a: The Hands|0 fnt|[from] brn\n|faint|p2a: The Hands\n|upkeep\n|\n|t:|1698880546\n|switch|p2a: The Foot|Lokix, F|100\/100\n|turn|7\n|\n|t:|1698880550\n|move|p2a: The Foot|First Impression|p1a: Scizor\n|-resisted|p1a: Scizor\n|-damage|p1a: Scizor|0 fnt\n|faint|p1a: Scizor\n|-damage|p2a: The Foot|91\/100|[from] item: Life Orb\n|\n|upkeep\n|\n|t:|1698880556\n|switch|p1a: Roaring Moon|Roaring Moon|100\/100\n|-damage|p1a: Roaring Moon|88\/100|[from] Stealth Rock\n|-enditem|p1a: Roaring Moon|Booster Energy\n|-activate|p1a: Roaring Moon|ability: Protosynthesis|[fromitem]\n|-start|p1a: Roaring Moon|protosynthesisatk\n|turn|8\n|\n|t:|1698880563\n|switch|p2a: The Head|Galvantula, M|100\/100\n|-terastallize|p1a: Roaring Moon|Flying\n|move|p1a: Roaring Moon|Acrobatics|p2a: The Head\n|-enditem|p2a: The Head|Focus Sash\n|-damage|p2a: The Head|1\/100\n|\n|upkeep\n|turn|9\n|\n|t:|1698880585\n|move|p1a: Roaring Moon|Acrobatics|p2a: The Head\n|-damage|p2a: The Head|0 fnt\n|faint|p2a: The Head\n|\n|upkeep\n|\n|t:|1698880590\n|switch|p2a: The Foot|Lokix, F|91\/100\n|turn|10\n|\n|t:|1698880594\n|move|p2a: The Foot|First Impression|p1a: Roaring Moon\n|-resisted|p1a: Roaring Moon\n|-crit|p1a: Roaring Moon\n|-damage|p1a: Roaring Moon|0 fnt\n|faint|p1a: Roaring Moon\n|-end|p1a: Roaring Moon|Protosynthesis|[silent]\n|-damage|p2a: The Foot|81\/100|[from] item: Life Orb\n|\n|upkeep\n|\n|t:|1698880604\n|switch|p1a: Rotom|Rotom-Wash|63\/100\n|-damage|p1a: Rotom|50\/100|[from] Stealth Rock\n|turn|11\n|\n|t:|1698880611\n|move|p2a: The Foot|Axe Kick|p1a: Rotom\n|-damage|p1a: Rotom|17\/100\n|-damage|p2a: The Foot|71\/100|[from] item: Life Orb\n|move|p1a: Rotom|Will-O-Wisp|p2a: The Foot\n|-status|p2a: The Foot|brn\n|\n|-damage|p2a: The Foot|65\/100 brn|[from] brn\n|upkeep\n|turn|12\n|\n|t:|1698880621\n|move|p2a: The Foot|Axe Kick|p1a: Rotom\n|-damage|p1a: Rotom|0 fnt\n|faint|p1a: Rotom\n|-damage|p2a: The Foot|55\/100 brn|[from] item: Life Orb\n|\n|-damage|p2a: The Foot|49\/100 brn|[from] brn\n|upkeep\n|\n|t:|1698880632\n|switch|p1a: Ninetales|Ninetales-Alola, M|100\/100\n|-damage|p1a: Ninetales|76\/100|[from] Stealth Rock\n|-weather|Snow|[from] ability: Snow Warning|[of] p1a: Ninetales\n|turn|13\n|\n|t:|1698880637\n|move|p1a: Ninetales|Aurora Veil|p1a: Ninetales\n|-sidestart|p1: Quarters_OU|move: Aurora Veil\n|move|p2a: The Foot|Axe Kick|p1a: Ninetales\n|-damage|p1a: Ninetales|65\/100\n|-start|p1a: Ninetales|confusion\n|-damage|p2a: The Foot|39\/100 brn|[from] item: Life Orb\n|\n|-weather|Snow|[upkeep]\n|-damage|p2a: The Foot|33\/100 brn|[from] brn\n|upkeep\n|turn|14\n|\n|t:|1698880647\n|-activate|p1a: Ninetales|confusion\n|move|p1a: Ninetales|Moonblast|p2a: The Foot\n|-supereffective|p2a: The Foot\n|-damage|p2a: The Foot|0 fnt\n|faint|p2a: The Foot\n|\n|-weather|Snow|[upkeep]\n|upkeep\n|\n|t:|1698880654\n|switch|p2a: The Arms|Scizor, M|100\/100\n|turn|15\n|\n|t:|1698880659\n|detailschange|p2a: The Arms|Scizor-Mega, M\n|-mega|p2a: The Arms|Scizor|Scizorite\n|-activate|p1a: Ninetales|confusion\n|move|p1a: Ninetales|Hypnosis|p2a: The Arms\n|-status|p2a: The Arms|slp|[from] move: Hypnosis\n|cant|p2a: The Arms|slp\n|\n|-weather|Snow|[upkeep]\n|upkeep\n|turn|16\n|\n|t:|1698880665\n|switch|p1a: Volcarona|Volcarona, M|100\/100\n|-curestatus|p2a: The Arms|slp|[msg]\n|move|p2a: The Arms|Bullet Punch|p1a: Volcarona\n|-resisted|p1a: Volcarona\n|-damage|p1a: Volcarona|84\/100\n|\n|-weather|Snow|[upkeep]\n|upkeep\n|turn|17\n|\n|t:|1698880675\n|switch|p2a: The Spirit|Volcarona, M, shiny|100\/100\n|move|p1a: Volcarona|Quiver Dance|p1a: Volcarona\n|-boost|p1a: Volcarona|spa|1\n|-boost|p1a: Volcarona|spd|1\n|-boost|p1a: Volcarona|spe|1\n|\n|-weather|none\n|upkeep\n|turn|18\n|\n|t:|1698880679\n|move|p1a: Volcarona|Fiery Dance|p2a: The Spirit\n|-damage|p2a: The Spirit|27\/100\n|move|p2a: The Spirit|Hurricane|p1a: Volcarona\n|-supereffective|p1a: Volcarona\n|-damage|p1a: Volcarona|53\/100\n|-start|p1a: Volcarona|confusion\n|\n|upkeep\n|turn|19\n|\n|t:|1698880687\n|-activate|p1a: Volcarona|confusion\n|-damage|p1a: Volcarona|46\/100|[from] confusion\n|move|p2a: The Spirit|Fiery Dance|p1a: Volcarona\n|-damage|p1a: Volcarona|31\/100\n|-boost|p2a: The Spirit|spa|1\n|\n|upkeep\n|turn|20\n|\n|t:|1698880695\n|-end|p1a: Volcarona|confusion\n|move|p1a: Volcarona|Fiery Dance|p2a: The Spirit\n|-damage|p2a: The Spirit|0 fnt\n|faint|p2a: The Spirit\n|\n|-sideend|p1: Quarters_OU|move: Aurora Veil\n|upkeep\n|\n|t:|1698880704\n|switch|p2a: The Legs|Scolipede, F, shiny|100\/100\n|turn|21\n|\n|t:|1698880719\n|move|p1a: Volcarona|Quiver Dance|p1a: Volcarona\n|-boost|p1a: Volcarona|spa|1\n|-boost|p1a: Volcarona|spd|1\n|-boost|p1a: Volcarona|spe|1\n|move|p2a: The Legs|Aqua Tail|p1a: Volcarona\n|-supereffective|p1a: Volcarona\n|-damage|p1a: Volcarona|0 fnt\n|faint|p1a: Volcarona\n|\n|-ability|p2a: The Legs|Speed Boost|boost\n|-boost|p2a: The Legs|spe|1\n|upkeep\n|\n|t:|1698880726\n|switch|p1a: Ninetales|Ninetales-Alola, M|65\/100\n|-damage|p1a: Ninetales|40\/100|[from] Stealth Rock\n|-weather|Snow|[from] ability: Snow Warning|[of] p1a: Ninetales\n|turn|22\n|\n|t:|1698880736\n|move|p2a: The Legs|Poison Jab|p1a: Ninetales\n|-supereffective|p1a: Ninetales\n|-damage|p1a: Ninetales|0 fnt\n|faint|p1a: Ninetales\n|\n|-weather|Snow|[upkeep]\n|-ability|p2a: The Legs|Speed Boost|boost\n|-boost|p2a: The Legs|spe|1\n|upkeep\n|\n|t:|1698880738\n|switch|p1a: Clodsire|Clodsire, F|100\/100\n|-damage|p1a: Clodsire|94\/100|[from] Stealth Rock\n|turn|23\n|\n|t:|1698880742\n|move|p2a: The Legs|Earthquake|p1a: Clodsire\n|-supereffective|p1a: Clodsire\n|-damage|p1a: Clodsire|23\/100\n|move|p1a: Clodsire|Earthquake|p2a: The Legs\n|-damage|p2a: The Legs|61\/100\n|\n|-weather|Snow|[upkeep]\n|-heal|p1a: Clodsire|29\/100|[from] item: Leftovers\n|-ability|p2a: The Legs|Speed Boost|boost\n|-boost|p2a: The Legs|spe|1\n|upkeep\n|turn|24\n|\n|t:|1698880748\n|move|p2a: The Legs|Earthquake|p1a: Clodsire\n|-supereffective|p1a: Clodsire\n|-damage|p1a: Clodsire|0 fnt\n|faint|p1a: Clodsire\n|\n|win|Crowspeake\n|c|\u2606Crowspeake|gg\n","uploadtime":1698880754,"views":10,"p1id":"quartersou","p2id":"crowspeake","formatid":"gen9nationaldexubers","rating":0,"private":0,"password":""}