{"id":"gen9nationaldexubers-1980314126","p1":"Trans_Rightssss","p2":"COOPERKUP","format":"[Gen 9] National Dex Ubers","log":"|j|\u2606Trans_Rightssss\n|j|\u203dCOOPERKUP\n|t:|1698774593\n|gametype|singles\n|player|p1|Trans_Rightssss|veteranf|1219\n|player|p2|COOPERKUP|giovanni|1148\n|teamsize|p1|6\n|teamsize|p2|6\n|gen|9\n|tier|[Gen 9] National Dex Ubers\n|rated|\n|rule|HP Percentage Mod: HP is shown in percentages\n|rule|Endless Battle Clause: Forcing endless battles is banned\n|rule|OHKO Clause: OHKO moves are banned\n|rule|Evasion Moves Clause: Evasion moves are banned\n|rule|Evasion Items Clause: Evasion items are banned\n|rule|Species Clause: Limit one of each Pok\u00e9mon\n|rule|Sleep Clause Mod: Limit one foe put to sleep\n|rule|Mega Rayquaza Clause: You cannot mega evolve Rayquaza\n|clearpoke\n|poke|p1|Glimmora, M|\n|poke|p1|Lycanroc-Dusk, M|\n|poke|p1|Arceus-Rock|\n|poke|p1|Garganacl, F|\n|poke|p1|Diancie|\n|poke|p1|Tyranitar, M|\n|poke|p2|Annihilape, F|\n|poke|p2|Great Tusk|\n|poke|p2|Darkrai|\n|poke|p2|Blastoise, M|\n|poke|p2|Kingambit, F|\n|poke|p2|Deoxys-Speed|\n|teampreview\n|\n|t:|1698774609\n|start\n|switch|p1a: Tyranitar|Tyranitar, M, shiny|100\/100\n|switch|p2a: Deoxys|Deoxys-Speed|100\/100\n|-ability|p2a: Deoxys|Pressure\n|-weather|Sandstorm|[from] ability: Sand Stream|[of] p1a: Tyranitar\n|turn|1\n|\n|t:|1698774621\n|move|p2a: Deoxys|Stealth Rock|p1a: Tyranitar\n|-sidestart|p1: Trans_Rightssss|move: Stealth Rock\n|move|p1a: Tyranitar|Dragon Dance|p1a: Tyranitar\n|-boost|p1a: Tyranitar|atk|1\n|-boost|p1a: Tyranitar|spe|1\n|\n|-weather|Sandstorm|[upkeep]\n|-damage|p2a: Deoxys|94\/100|[from] Sandstorm\n|upkeep\n|turn|2\n|\n|t:|1698774627\n|move|p2a: Deoxys|Spikes|p1a: Tyranitar\n|-sidestart|p1: Trans_Rightssss|Spikes\n|move|p1a: Tyranitar|Dragon Tail|p2a: Deoxys\n|-damage|p2a: Deoxys|46\/100\n|drag|p2a: Darkrai|Darkrai|100\/100\n|\n|-weather|Sandstorm|[upkeep]\n|-damage|p2a: Darkrai|94\/100|[from] Sandstorm\n|-heal|p2a: Darkrai|100\/100|[from] item: Leftovers\n|upkeep\n|turn|3\n|\n|t:|1698774635\n|move|p2a: Darkrai|Dark Void|p1a: Tyranitar\n|-status|p1a: Tyranitar|slp|[from] move: Dark Void\n|cant|p1a: Tyranitar|slp\n|\n|-weather|Sandstorm|[upkeep]\n|-damage|p2a: Darkrai|94\/100|[from] Sandstorm\n|-heal|p2a: Darkrai|100\/100|[from] item: Leftovers\n|-damage|p1a: Tyranitar|88\/100 slp|[from] ability: Bad Dreams|[of] p2a: Darkrai\n|upkeep\n|turn|4\n|\n|t:|1698774640\n|move|p2a: Darkrai|Nasty Plot|p2a: Darkrai\n|-boost|p2a: Darkrai|spa|2\n|cant|p1a: Tyranitar|slp\n|\n|-weather|Sandstorm|[upkeep]\n|-damage|p2a: Darkrai|94\/100|[from] Sandstorm\n|-heal|p2a: Darkrai|100\/100|[from] item: Leftovers\n|-heal|p1a: Tyranitar|94\/100 slp|[from] item: Leftovers\n|-damage|p1a: Tyranitar|82\/100 slp|[from] ability: Bad Dreams|[of] p2a: Darkrai\n|upkeep\n|turn|5\n|\n|t:|1698774647\n|move|p2a: Darkrai|Nasty Plot|p2a: Darkrai\n|-boost|p2a: Darkrai|spa|2\n|cant|p1a: Tyranitar|slp\n|\n|-weather|none\n|-heal|p1a: Tyranitar|88\/100 slp|[from] item: Leftovers\n|-damage|p1a: Tyranitar|76\/100 slp|[from] ability: Bad Dreams|[of] p2a: Darkrai\n|upkeep\n|turn|6\n|\n|t:|1698774655\n|switch|p1a: Glimmora|Glimmora, M|100\/100\n|-damage|p1a: Glimmora|88\/100|[from] Stealth Rock\n|-damage|p1a: Glimmora|76\/100|[from] Spikes\n|move|p2a: Darkrai|Shadow Ball|p1a: Glimmora\n|-damage|p1a: Glimmora|0 fnt\n|faint|p1a: Glimmora\n|\n|upkeep\n|\n|t:|1698774658\n|switch|p1a: Tyranitar|Tyranitar, M, shiny|76\/100 slp\n|-damage|p1a: Tyranitar|64\/100 slp|[from] Stealth Rock\n|-damage|p1a: Tyranitar|51\/100 slp|[from] Spikes\n|-weather|Sandstorm|[from] ability: Sand Stream|[of] p1a: Tyranitar\n|turn|7\n|\n|t:|1698774667\n|move|p2a: Darkrai|Nasty Plot|p2a: Darkrai\n|-boost|p2a: Darkrai|spa|2\n|-curestatus|p1a: Tyranitar|slp|[msg]\n|move|p1a: Tyranitar|Earthquake|p2a: Darkrai\n|-damage|p2a: Darkrai|46\/100\n|\n|-weather|Sandstorm|[upkeep]\n|-damage|p2a: Darkrai|40\/100|[from] Sandstorm\n|-heal|p2a: Darkrai|46\/100|[from] item: Leftovers\n|-heal|p1a: Tyranitar|57\/100|[from] item: Leftovers\n|upkeep\n|turn|8\n|\n|t:|1698774675\n|move|p2a: Darkrai|Shadow Ball|p1a: Tyranitar\n|-resisted|p1a: Tyranitar\n|-damage|p1a: Tyranitar|17\/100\n|-unboost|p1a: Tyranitar|spd|1\n|move|p1a: Tyranitar|Earthquake|p2a: Darkrai\n|-damage|p2a: Darkrai|0 fnt\n|faint|p2a: Darkrai\n|\n|-weather|Sandstorm|[upkeep]\n|-heal|p1a: Tyranitar|23\/100|[from] item: Leftovers\n|upkeep\n|c|\u2606Trans_Rightssss|lol\n|\n|t:|1698774688\n|switch|p2a: Deoxys|Deoxys-Speed|46\/100\n|-ability|p2a: Deoxys|Pressure\n|turn|9\n|\n|t:|1698774694\n|move|p2a: Deoxys|Spikes|p1a: Tyranitar\n|-sidestart|p1: Trans_Rightssss|Spikes\n|move|p1a: Tyranitar|Crunch|p2a: Deoxys\n|-supereffective|p2a: Deoxys\n|-damage|p2a: Deoxys|0 fnt\n|faint|p2a: Deoxys\n|\n|-weather|Sandstorm|[upkeep]\n|-heal|p1a: Tyranitar|30\/100|[from] item: Leftovers\n|upkeep\n|\n|t:|1698774706\n|switch|p2a: Blastoise|Blastoise, M|100\/100\n|turn|10\n|\n|t:|1698774713\n|detailschange|p2a: Blastoise|Blastoise-Mega, M\n|-mega|p2a: Blastoise|Blastoise|Blastoisinite\n|move|p2a: Blastoise|Shell Smash|p2a: Blastoise\n|-unboost|p2a: Blastoise|def|1\n|-unboost|p2a: Blastoise|spd|1\n|-boost|p2a: Blastoise|atk|2\n|-boost|p2a: Blastoise|spa|2\n|-boost|p2a: Blastoise|spe|2\n|move|p1a: Tyranitar|Earthquake|p2a: Blastoise\n|-damage|p2a: Blastoise|48\/100\n|\n|-weather|Sandstorm|[upkeep]\n|-damage|p2a: Blastoise|42\/100|[from] Sandstorm\n|-heal|p1a: Tyranitar|36\/100|[from] item: Leftovers\n|upkeep\n|turn|11\n|\n|t:|1698774727\n|switch|p1a: Arceus|Arceus-Rock, shiny|100\/100\n|-damage|p1a: Arceus|88\/100|[from] Stealth Rock\n|-damage|p1a: Arceus|72\/100|[from] Spikes\n|move|p2a: Blastoise|Aura Sphere|p1a: Arceus\n|-supereffective|p1a: Arceus\n|-damage|p1a: Arceus|0 fnt\n|faint|p1a: Arceus\n|\n|-weather|none\n|upkeep\n|\n|t:|1698774734\n|switch|p1a: Lycanroc|Lycanroc-Dusk, M|100\/100\n|-damage|p1a: Lycanroc|88\/100|[from] Stealth Rock\n|-damage|p1a: Lycanroc|72\/100|[from] Spikes\n|turn|12\n|\n|t:|1698774739\n|-terastallize|p1a: Lycanroc|Rock\n|move|p1a: Lycanroc|Accelerock|p2a: Blastoise\n|-damage|p2a: Blastoise|0 fnt\n|faint|p2a: Blastoise\n|-damage|p1a: Lycanroc|62\/100|[from] item: Life Orb\n|\n|upkeep\n|\n|t:|1698774749\n|switch|p2a: Great Tusk|Great Tusk|100\/100\n|-enditem|p2a: Great Tusk|Booster Energy\n|-activate|p2a: Great Tusk|ability: Protosynthesis|[fromitem]\n|-start|p2a: Great Tusk|protosynthesisatk\n|turn|13\n|\n|t:|1698774755\n|move|p1a: Lycanroc|Psychic Fangs|p2a: Great Tusk\n|-supereffective|p2a: Great Tusk\n|-damage|p2a: Great Tusk|38\/100\n|-damage|p1a: Lycanroc|52\/100|[from] item: Life Orb\n|move|p2a: Great Tusk|Earthquake|p1a: Lycanroc\n|-supereffective|p1a: Lycanroc\n|-damage|p1a: Lycanroc|0 fnt\n|faint|p1a: Lycanroc\n|\n|upkeep\n|\n|t:|1698774760\n|switch|p1a: Diancie|Diancie, shiny|100\/100\n|-damage|p1a: Diancie|88\/100|[from] Stealth Rock\n|-damage|p1a: Diancie|71\/100|[from] Spikes\n|turn|14\n|\n|t:|1698774772\n|detailschange|p1a: Diancie|Diancie-Mega, shiny\n|-mega|p1a: Diancie|Diancie|Diancite\n|-terastallize|p2a: Great Tusk|Electric\n|move|p1a: Diancie|Moonblast|p2a: Great Tusk\n|-damage|p2a: Great Tusk|0 fnt\n|faint|p2a: Great Tusk\n|-end|p2a: Great Tusk|Protosynthesis|[silent]\n|\n|upkeep\n|\n|t:|1698774784\n|switch|p2a: Annihilape|Annihilape, F|100\/100\n|turn|15\n|\n|t:|1698774801\n|move|p2a: Annihilape|Endure|p2a: Annihilape\n|-singleturn|p2a: Annihilape|move: Endure\n|move|p1a: Diancie|Moonblast|p2a: Annihilape\n|-supereffective|p2a: Annihilape\n|-activate|p2a: Annihilape|move: Endure\n|-damage|p2a: Annihilape|1\/100\n|-enditem|p2a: Annihilape|Salac Berry|[eat]\n|-boost|p2a: Annihilape|spe|1|[from] item: Salac Berry\n|\n|upkeep\n|turn|16\n|\n|t:|1698774818\n|move|p2a: Annihilape|Rage Fist|p1a: Diancie\n|-damage|p1a: Diancie|0 fnt\n|faint|p1a: Diancie\n|\n|upkeep\n|\n|t:|1698774822\n|switch|p1a: Tyranitar|Tyranitar, M, shiny|36\/100\n|-damage|p1a: Tyranitar|23\/100|[from] Stealth Rock\n|-damage|p1a: Tyranitar|7\/100|[from] Spikes\n|-weather|Sandstorm|[from] ability: Sand Stream|[of] p1a: Tyranitar\n|turn|17\n|\n|t:|1698774831\n|move|p2a: Annihilape|Drain Punch|p1a: Tyranitar\n|-supereffective|p1a: Tyranitar\n|-damage|p1a: Tyranitar|0 fnt\n|-heal|p2a: Annihilape|4\/100|[from] drain|[of] p1a: Tyranitar\n|faint|p1a: Tyranitar\n|\n|-weather|Sandstorm|[upkeep]\n|-damage|p2a: Annihilape|0 fnt|[from] Sandstorm\n|faint|p2a: Annihilape\n|upkeep\n|\n|t:|1698774839\n|switch|p2a: Kingambit|Kingambit, F|100\/100\n|switch|p1a: Garganacl|Garganacl, F|100\/100\n|-activate|p2a: Kingambit|ability: Supreme Overlord\n|-start|p2a: Kingambit|fallen5|[silent]\n|-damage|p1a: Garganacl|88\/100|[from] Stealth Rock\n|-damage|p1a: Garganacl|72\/100|[from] Spikes\n|turn|18\n|\n|t:|1698774847\n|move|p2a: Kingambit|Swords Dance|p2a: Kingambit\n|-boost|p2a: Kingambit|atk|2\n|move|p1a: Garganacl|Iron Defense|p1a: Garganacl\n|-boost|p1a: Garganacl|def|2\n|\n|-weather|Sandstorm|[upkeep]\n|-heal|p1a: Garganacl|78\/100|[from] item: Leftovers\n|upkeep\n|turn|19\n|\n|t:|1698774857\n|move|p2a: Kingambit|Brick Break|p1a: Garganacl\n|-supereffective|p1a: Garganacl\n|-damage|p1a: Garganacl|23\/100\n|move|p1a: Garganacl|Body Press|p2a: Kingambit\n|-supereffective|p2a: Kingambit\n|-damage|p2a: Kingambit|0 fnt\n|faint|p2a: Kingambit\n|-end|p2a: Kingambit|fallen5|[silent]\n|\n|win|Trans_Rightssss\n|raw|Trans_Rightssss's rating: 1219 &rarr; <strong>1239<\/strong><br \/>(+20 for winning)\n|raw|COOPERKUP's rating: 1148 &rarr; <strong>1128<\/strong><br \/>(-20 for losing)\n|c|\u2606Trans_Rightssss|rip\n|c|\u2606Trans_Rightssss|ggs\n","uploadtime":1698774882,"views":23,"p1id":"transrightssss","p2id":"cooperkup","formatid":"gen9nationaldexubers","rating":1128,"private":0,"password":""}