{"id":"gen9nationaldexubers-1989210932","p1":"malacara72","p2":"NoobTrap69","format":"[Gen 9] National Dex Ubers","log":"|j|\u2606malacara72\n|j|\u2606NoobTrap69\n|t:|1699823837\n|gametype|singles\n|player|p1|malacara72|n|1355\n|player|p2|NoobTrap69|hugh|1578\n|teamsize|p1|6\n|teamsize|p2|6\n|gen|9\n|tier|[Gen 9] National Dex Ubers\n|rated|\n|rule|HP Percentage Mod: HP is shown in percentages\n|rule|Endless Battle Clause: Forcing endless battles is banned\n|rule|OHKO Clause: OHKO moves are banned\n|rule|Evasion Moves Clause: Evasion moves are banned\n|rule|Evasion Items Clause: Evasion items are banned\n|rule|Species Clause: Limit one of each Pok\u00e9mon\n|rule|Sleep Clause Mod: Limit one foe put to sleep\n|rule|Mega Rayquaza Clause: You cannot mega evolve Rayquaza\n|clearpoke\n|poke|p1|Xerneas-*|\n|poke|p1|Araquanid, F|\n|poke|p1|Chi-Yu|\n|poke|p1|Gholdengo|\n|poke|p1|Garganacl, F|\n|poke|p1|Zacian-*|\n|poke|p2|Galvantula, F|\n|poke|p2|Ditto|\n|poke|p2|Mewtwo|\n|poke|p2|Deoxys-Attack|\n|poke|p2|Zekrom|\n|poke|p2|Pheromosa|\n|teampreview\n|inactive|Battle timer is ON: inactive players will automatically lose when time's up. (requested by malacara72)\n|\n|t:|1699823851\n|start\n|switch|p1a: Italy|Gholdengo|100\/100\n|switch|p2a: Galvantula|Galvantula, F|100\/100\n|turn|1\n|\n|t:|1699823855\n|move|p2a: Galvantula|Thunder|p1a: Italy|[miss]\n|-miss|p2a: Galvantula|p1a: Italy\n|move|p1a: Italy|Shadow Ball|p2a: Galvantula\n|-damage|p2a: Galvantula|15\/100\n|\n|upkeep\n|turn|2\n|\n|t:|1699823858\n|move|p2a: Galvantula|Sticky Web|p1a: Italy\n|-sidestart|p1: malacara72|move: Sticky Web\n|move|p1a: Italy|Shadow Ball|p2a: Galvantula\n|-damage|p2a: Galvantula|0 fnt\n|faint|p2a: Galvantula\n|\n|upkeep\n|\n|t:|1699823867\n|switch|p2a: Ditto|Ditto|100\/100\n|-transform|p2a: Ditto|p1a: Italy|[from] ability: Imposter\n|turn|3\n|\n|t:|1699823882\n|move|p1a: Italy|Protect|p1a: Italy\n|-singleturn|p1a: Italy|Protect\n|move|p2a: Ditto|Shadow Ball|p1a: Italy\n|-activate|p1a: Italy|move: Protect\n|\n|upkeep\n|turn|4\n|\n|t:|1699823892\n|switch|p2a: Pheromosa|Pheromosa|100\/100\n|switch|p1a: Lego|Garganacl, F|100\/100\n|-activate|p1a: Lego|move: Sticky Web\n|-unboost|p1a: Lego|spe|1\n|\n|upkeep\n|turn|5\n|\n|t:|1699823899\n|move|p2a: Pheromosa|Close Combat|p1a: Lego\n|-supereffective|p1a: Lego\n|-damage|p1a: Lego|32\/100\n|-unboost|p2a: Pheromosa|def|1\n|-unboost|p2a: Pheromosa|spd|1\n|-damage|p2a: Pheromosa|84\/100|[from] item: Rocky Helmet|[of] p1a: Lego\n|move|p1a: Lego|Salt Cure|p2a: Pheromosa\n|-damage|p2a: Pheromosa|27\/100\n|-start|p2a: Pheromosa|Salt Cure\n|\n|-damage|p2a: Pheromosa|14\/100|[from] Salt Cure\n|upkeep\n|turn|6\n|\n|t:|1699823904\n|move|p1a: Lego|Protect|p1a: Lego\n|-singleturn|p1a: Lego|Protect\n|move|p2a: Pheromosa|U-turn|p1a: Lego\n|-activate|p1a: Lego|move: Protect\n|\n|-damage|p2a: Pheromosa|2\/100|[from] Salt Cure\n|upkeep\n|turn|7\n|\n|t:|1699823910\n|switch|p1a: Araquanid|Araquanid, F|100\/100\n|-activate|p1a: Araquanid|move: Sticky Web\n|-unboost|p1a: Araquanid|spe|1\n|move|p2a: Pheromosa|U-turn|p1a: Araquanid\n|-damage|p1a: Araquanid|58\/100\n|\n|t:|1699823914\n|switch|p2a: Zekrom|Zekrom|100\/100|[from] U-turn\n|-ability|p2a: Zekrom|Teravolt\n|\n|-heal|p1a: Araquanid|64\/100|[from] item: Leftovers\n|upkeep\n|turn|8\n|\n|t:|1699823920\n|move|p2a: Zekrom|Substitute|p2a: Zekrom\n|-start|p2a: Zekrom|Substitute\n|-damage|p2a: Zekrom|76\/100\n|move|p1a: Araquanid|Toxic||[still]\n|-fail|p1a: Araquanid\n|\n|-heal|p1a: Araquanid|70\/100|[from] item: Leftovers\n|upkeep\n|turn|9\n|\n|t:|1699823926\n|move|p2a: Zekrom|Dragon Dance|p2a: Zekrom\n|-boost|p2a: Zekrom|atk|1\n|-boost|p2a: Zekrom|spe|1\n|move|p1a: Araquanid|Sticky Web|p2a: Zekrom\n|-sidestart|p2: NoobTrap69|move: Sticky Web\n|\n|-heal|p1a: Araquanid|77\/100|[from] item: Leftovers\n|upkeep\n|turn|10\n|\n|t:|1699823933\n|switch|p1a: Lego|Garganacl, F|32\/100\n|-activate|p1a: Lego|move: Sticky Web\n|-unboost|p1a: Lego|spe|1\n|move|p2a: Zekrom|Dragon Dance|p2a: Zekrom\n|-boost|p2a: Zekrom|atk|1\n|-boost|p2a: Zekrom|spe|1\n|\n|upkeep\n|turn|11\n|\n|t:|1699823937\n|move|p2a: Zekrom|Bolt Strike|p1a: Lego\n|-damage|p1a: Lego|0 fnt\n|-damage|p2a: Zekrom|59\/100|[from] item: Rocky Helmet|[of] p1a: Lego\n|faint|p1a: Lego\n|\n|upkeep\n|\n|t:|1699823946\n|switch|p1a: Diamond|Xerneas, shiny|100\/100\n|-activate|p1a: Diamond|move: Sticky Web\n|-unboost|p1a: Diamond|spe|1\n|-ability|p1a: Diamond|Fairy Aura\n|turn|12\n|\n|t:|1699823964\n|-terastallize|p1a: Diamond|Steel\n|move|p2a: Zekrom|Bolt Strike|p1a: Diamond\n|-damage|p1a: Diamond|0 fnt\n|faint|p1a: Diamond\n|\n|upkeep\n|\n|t:|1699823979\n|switch|p1a: Scooby Doo|Zacian-Crowned|100\/100\n|-activate|p1a: Scooby Doo|move: Sticky Web\n|-unboost|p1a: Scooby Doo|spe|1\n|-ability|p1a: Scooby Doo|Intrepid Sword|boost\n|-boost|p1a: Scooby Doo|atk|1\n|turn|13\n|c|\u2606NoobTrap69|shouldn't of terad\n|\n|t:|1699823982\n|move|p2a: Zekrom|Bolt Strike|p1a: Scooby Doo\n|-damage|p1a: Scooby Doo|0 fnt\n|faint|p1a: Scooby Doo\n|\n|upkeep\n|\n|t:|1699823985\n|switch|p1a: Nemo|Chi-Yu|100\/100\n|-activate|p1a: Nemo|move: Sticky Web\n|-unboost|p1a: Nemo|spe|1\n|-ability|p1a: Nemo|Beads of Ruin\n|turn|14\n|\n|t:|1699823996\n|-zpower|p2a: Zekrom\n|move|p2a: Zekrom|Devastating Drake|p1a: Nemo|[zeffect]\n|-damage|p1a: Nemo|0 fnt\n|faint|p1a: Nemo\n|\n|upkeep\n|c|\u2606malacara72|Thought I would tank it\n|\n|t:|1699824003\n|switch|p1a: Italy|Gholdengo|100\/100\n|-activate|p1a: Italy|move: Sticky Web\n|-unboost|p1a: Italy|spe|1\n|turn|15\n|\n|t:|1699824013\n|move|p2a: Zekrom|Bolt Strike|p1a: Italy\n|-damage|p1a: Italy|0 fnt\n|faint|p1a: Italy\n|\n|upkeep\n|\n|t:|1699824016\n|switch|p1a: Araquanid|Araquanid, F|77\/100\n|-activate|p1a: Araquanid|move: Sticky Web\n|-unboost|p1a: Araquanid|spe|1\n|turn|16\n|\n|t:|1699824024\n|move|p2a: Zekrom|Outrage|p1a: Araquanid\n|-damage|p1a: Araquanid|0 fnt\n|faint|p1a: Araquanid\n|\n|win|NoobTrap69\n|raw|malacara72's rating: 1355 &rarr; <strong>1346<\/strong><br \/>(-9 for losing)\n|raw|NoobTrap69's rating: 1578 &rarr; <strong>1587<\/strong><br \/>(+9 for winning)\n|l|\u2606malacara72\n","uploadtime":1699824058,"views":6,"p1id":"malacara72","p2id":"noobtrap69","formatid":"gen9nationaldexubers","rating":1346,"private":0,"password":""}