{"id":"gen9nationaldexubers-1983697978","p1":"AerixThorn","p2":"Yokehs","format":"[Gen 9] National Dex Ubers","log":"|j|\u2606AerixThorn\n|j|\u2606Yokehs\n|t:|1699162828\n|gametype|singles\n|player|p1|AerixThorn|pryce|1149\n|player|p2|Yokehs|gambler|1040\n|teamsize|p1|6\n|teamsize|p2|2\n|gen|9\n|tier|[Gen 9] National Dex Ubers\n|rated|\n|rule|HP Percentage Mod: HP is shown in percentages\n|rule|Endless Battle Clause: Forcing endless battles is banned\n|rule|OHKO Clause: OHKO moves are banned\n|rule|Evasion Moves Clause: Evasion moves are banned\n|rule|Evasion Items Clause: Evasion items are banned\n|rule|Species Clause: Limit one of each Pok\u00e9mon\n|rule|Sleep Clause Mod: Limit one foe put to sleep\n|rule|Mega Rayquaza Clause: You cannot mega evolve Rayquaza\n|clearpoke\n|poke|p1|Aurorus, F|\n|poke|p1|Maushold|\n|poke|p1|Forretress, M|\n|poke|p1|Magearna|\n|poke|p1|Galvantula, M|\n|poke|p1|Darmanitan-Galar, F|\n|poke|p2|Dugtrio, M|\n|poke|p2|Durant, F|\n|teampreview\n|inactive|Battle timer is ON: inactive players will automatically lose when time's up. (requested by AerixThorn)\n|inactive|Yokehs also wants the timer to be on.\n|\n|t:|1699162845\n|start\n|switch|p1a: Galvantula|Galvantula, M|100\/100\n|switch|p2a: Durant|Durant, F|100\/100\n|turn|1\n|\n|t:|1699162852\n|move|p2a: Durant|Entrainment|p1a: Galvantula\n|-endability|p1a: Galvantula|Compound Eyes|[from] move: Entrainment\n|-ability|p1a: Galvantula|Truant|[from] move: Entrainment\n|move|p1a: Galvantula|Sticky Web|p2a: Durant\n|-sidestart|p2: Yokehs|move: Sticky Web\n|\n|upkeep\n|turn|2\n|\n|t:|1699162862\n|switch|p2a: Dugtrio|Dugtrio, M|100\/100\n|-activate|p2a: Dugtrio|move: Sticky Web\n|-unboost|p2a: Dugtrio|spe|1\n|cant|p1a: Galvantula|ability: Truant\n|\n|upkeep\n|turn|3\n|\n|t:|1699162871\n|move|p2a: Dugtrio|Protect|p2a: Dugtrio\n|-singleturn|p2a: Dugtrio|Protect\n|move|p1a: Galvantula|Toxic|p2a: Dugtrio\n|-activate|p2a: Dugtrio|move: Protect\n|\n|upkeep\n|turn|4\n|\n|t:|1699162883\n|cant|p1a: Galvantula|ability: Truant\n|move|p2a: Dugtrio|Agility|p2a: Dugtrio\n|-boost|p2a: Dugtrio|spe|2\n|\n|upkeep\n|turn|5\n|\n|t:|1699162890\n|move|p2a: Dugtrio|Protect|p2a: Dugtrio\n|-singleturn|p2a: Dugtrio|Protect\n|move|p1a: Galvantula|Sticky Web||[still]\n|-fail|p1a: Galvantula\n|\n|upkeep\n|turn|6\n|\n|t:|1699162897\n|move|p2a: Dugtrio|Hone Claws|p2a: Dugtrio\n|-boost|p2a: Dugtrio|atk|1\n|-boost|p2a: Dugtrio|accuracy|1\n|cant|p1a: Galvantula|ability: Truant\n|\n|upkeep\n|turn|7\n|\n|t:|1699162904\n|move|p2a: Dugtrio|Protect|p2a: Dugtrio\n|-singleturn|p2a: Dugtrio|Protect\n|move|p1a: Galvantula|Sticky Web||[still]\n|-fail|p1a: Galvantula\n|\n|upkeep\n|turn|8\n|\n|t:|1699162915\n|move|p2a: Dugtrio|Agility|p2a: Dugtrio\n|-boost|p2a: Dugtrio|spe|2\n|cant|p1a: Galvantula|ability: Truant\n|\n|upkeep\n|turn|9\n|\n|t:|1699162922\n|move|p2a: Dugtrio|Hone Claws|p2a: Dugtrio\n|-boost|p2a: Dugtrio|atk|1\n|-boost|p2a: Dugtrio|accuracy|1\n|move|p1a: Galvantula|Sticky Web||[still]\n|-fail|p1a: Galvantula\n|\n|upkeep\n|turn|10\n|\n|t:|1699162930\n|move|p2a: Dugtrio|Agility|p2a: Dugtrio\n|-boost|p2a: Dugtrio|spe|2\n|cant|p1a: Galvantula|ability: Truant\n|\n|upkeep\n|turn|11\n|c|\u2606AerixThorn|I promise this won't go the way you think\n|\n|t:|1699162950\n|move|p2a: Dugtrio|Hone Claws|p2a: Dugtrio\n|-boost|p2a: Dugtrio|atk|1\n|-boost|p2a: Dugtrio|accuracy|1\n|move|p1a: Galvantula|Toxic|p2a: Dugtrio\n|-status|p2a: Dugtrio|tox\n|\n|-damage|p2a: Dugtrio|94\/100 tox|[from] psn\n|upkeep\n|turn|12\n|\n|t:|1699162960\n|move|p2a: Dugtrio|Hone Claws|p2a: Dugtrio\n|-boost|p2a: Dugtrio|atk|1\n|-boost|p2a: Dugtrio|accuracy|1\n|cant|p1a: Galvantula|ability: Truant\n|\n|-damage|p2a: Dugtrio|82\/100 tox|[from] psn\n|upkeep\n|turn|13\n|\n|t:|1699162970\n|move|p2a: Dugtrio|Earthquake|p1a: Galvantula\n|-enditem|p1a: Galvantula|Focus Sash\n|-damage|p1a: Galvantula|1\/100\n|move|p1a: Galvantula|Sticky Web||[still]\n|-fail|p1a: Galvantula\n|\n|-damage|p2a: Dugtrio|64\/100 tox|[from] psn\n|upkeep\n|turn|14\n|\n|t:|1699162979\n|move|p2a: Dugtrio|Earthquake|p1a: Galvantula\n|-damage|p1a: Galvantula|0 fnt\n|faint|p1a: Galvantula\n|\n|-damage|p2a: Dugtrio|39\/100 tox|[from] psn\n|upkeep\n|\n|t:|1699162982\n|switch|p1a: Forretress|Forretress, M|100\/100\n|turn|15\n|\n|t:|1699162991\n|move|p2a: Dugtrio|Earthquake|p1a: Forretress\n|-damage|p1a: Forretress|23\/100\n|-enditem|p1a: Forretress|Red Card|[of] p2a: Dugtrio\n|drag|p2a: Durant|Durant, F|100\/100\n|-activate|p2a: Durant|move: Sticky Web\n|-unboost|p2a: Durant|spe|1\n|move|p1a: Forretress|Stealth Rock|p2a: Durant\n|-sidestart|p2: Yokehs|move: Stealth Rock\n|\n|upkeep\n|turn|16\n|-message|Yokehs forfeited.\n|\n|win|AerixThorn\n|raw|AerixThorn's rating: 1149 &rarr; <strong>1166<\/strong><br \/>(+17 for winning)\n|raw|Yokehs's rating: 1040 &rarr; <strong>1029<\/strong><br \/>(-11 for losing)\n|l|\u2606Yokehs\n","uploadtime":1699163023,"views":5,"p1id":"aerixthorn","p2id":"yokehs","formatid":"gen9nationaldexubers","rating":1029,"private":0,"password":""}