{"id":"gen9nationaldexubers-1988185615","p1":"Yareyareez","p2":"0huhuhu","format":"[Gen 9] National Dex Ubers","log":"|j|\u2606Yareyareez\n|j|\u26060huhuhu\n|t:|1699681385\n|gametype|singles\n|player|p1|Yareyareez|lyra|1129\n|player|p2|0huhuhu|169|1226\n|teamsize|p1|6\n|teamsize|p2|6\n|gen|9\n|tier|[Gen 9] National Dex Ubers\n|rated|\n|rule|HP Percentage Mod: HP is shown in percentages\n|rule|Endless Battle Clause: Forcing endless battles is banned\n|rule|OHKO Clause: OHKO moves are banned\n|rule|Evasion Moves Clause: Evasion moves are banned\n|rule|Evasion Items Clause: Evasion items are banned\n|rule|Species Clause: Limit one of each Pok\u00e9mon\n|rule|Sleep Clause Mod: Limit one foe put to sleep\n|rule|Mega Rayquaza Clause: You cannot mega evolve Rayquaza\n|clearpoke\n|poke|p1|Ho-Oh|\n|poke|p1|Necrozma-Dusk-Mane|\n|poke|p1|Dondozo, M|\n|poke|p1|Sableye, M|\n|poke|p1|Blissey, F|\n|poke|p1|Arceus-Water|\n|poke|p2|Groudon|\n|poke|p2|Arceus|\n|poke|p2|Yveltal|\n|poke|p2|Kingambit, F|\n|poke|p2|Giratina|\n|poke|p2|Zygarde|\n|teampreview\n|inactive|Battle timer is ON: inactive players will automatically lose when time's up. (requested by Yareyareez)\n|\n|t:|1699681393\n|start\n|switch|p1a: Black Diancie|Sableye, M|100\/100\n|switch|p2a: Kingambit|Kingambit, F|100\/100\n|turn|1\n|\n|t:|1699681398\n|detailschange|p1a: Black Diancie|Sableye-Mega, M\n|-mega|p1a: Black Diancie|Sableye|Sablenite\n|move|p2a: Kingambit|Knock Off|p1a: Black Diancie\n|-damage|p1a: Black Diancie|59\/100\n|move|p1a: Black Diancie|Knock Off|p2a: Kingambit\n|-resisted|p2a: Kingambit\n|-damage|p2a: Kingambit|90\/100\n|-enditem|p2a: Kingambit|Choice Band|[from] move: Knock Off|[of] p1a: Black Diancie\n|\n|upkeep\n|turn|2\n|\n|t:|1699681419\n|switch|p1a: Wailrod|Dondozo, M|100\/100\n|move|p2a: Kingambit|Iron Head|p1a: Wailrod\n|-resisted|p1a: Wailrod\n|-crit|p1a: Wailrod\n|-damage|p1a: Wailrod|86\/100\n|\n|upkeep\n|turn|3\n|\n|t:|1699681425\n|move|p2a: Kingambit|Knock Off|p1a: Wailrod\n|-damage|p1a: Wailrod|61\/100\n|-enditem|p1a: Wailrod|Heavy-Duty Boots|[from] move: Knock Off|[of] p2a: Kingambit\n|move|p1a: Wailrod|Curse|p1a: Wailrod\n|-unboost|p1a: Wailrod|spe|1\n|-boost|p1a: Wailrod|atk|1\n|-boost|p1a: Wailrod|def|1\n|\n|upkeep\n|turn|4\n|\n|t:|1699681436\n|-end|p2a: Kingambit|fallenundefined|[silent]\n|switch|p2a: Giratina|Giratina|100\/100\n|-ability|p2a: Giratina|Pressure\n|move|p1a: Wailrod|Curse|p1a: Wailrod\n|-unboost|p1a: Wailrod|spe|1\n|-boost|p1a: Wailrod|atk|1\n|-boost|p1a: Wailrod|def|1\n|\n|upkeep\n|turn|5\n|\n|t:|1699681442\n|move|p2a: Giratina|Toxic|p1a: Wailrod\n|-status|p1a: Wailrod|tox\n|move|p1a: Wailrod|Curse|p1a: Wailrod\n|-unboost|p1a: Wailrod|spe|1\n|-boost|p1a: Wailrod|atk|1\n|-boost|p1a: Wailrod|def|1\n|\n|-damage|p1a: Wailrod|55\/100 tox|[from] psn\n|upkeep\n|turn|6\n|\n|t:|1699681450\n|move|p2a: Giratina|Draco Meteor|p1a: Wailrod\n|-damage|p1a: Wailrod|10\/100 tox\n|-unboost|p2a: Giratina|spa|2\n|move|p1a: Wailrod|Curse|p1a: Wailrod\n|-unboost|p1a: Wailrod|spe|1\n|-boost|p1a: Wailrod|atk|1\n|-boost|p1a: Wailrod|def|1\n|\n|-damage|p1a: Wailrod|0 fnt|[from] psn\n|faint|p1a: Wailrod\n|upkeep\n|\n|t:|1699681468\n|switch|p1a: Black Diancie|Sableye-Mega, M|59\/100\n|turn|7\n|\n|t:|1699681472\n|switch|p2a: Kingambit|Kingambit, F|90\/100\n|move|p1a: Black Diancie|Toxic|p2a: Kingambit\n|-immune|p2a: Kingambit\n|\n|upkeep\n|turn|8\n|\n|t:|1699681479\n|switch|p1a: OG Talonflame|Ho-Oh|100\/100\n|move|p2a: Kingambit|Knock Off|p1a: OG Talonflame\n|-damage|p1a: OG Talonflame|62\/100\n|-enditem|p1a: OG Talonflame|Heavy-Duty Boots|[from] move: Knock Off|[of] p2a: Kingambit\n|\n|upkeep\n|turn|9\n|\n|t:|1699681500\n|-end|p2a: Kingambit|fallenundefined|[silent]\n|switch|p2a: Zygarde|Zygarde|100\/100\n|move|p1a: OG Talonflame|Sacred Fire|p2a: Zygarde\n|-resisted|p2a: Zygarde\n|-damage|p2a: Zygarde|86\/100\n|\n|-heal|p2a: Zygarde|92\/100|[from] item: Leftovers\n|upkeep\n|turn|10\n|\n|t:|1699681507\n|move|p2a: Zygarde|Substitute|p2a: Zygarde\n|-start|p2a: Zygarde|Substitute\n|-damage|p2a: Zygarde|67\/100\n|move|p1a: OG Talonflame|Toxic||[still]\n|-fail|p1a: OG Talonflame\n|\n|-heal|p2a: Zygarde|74\/100|[from] item: Leftovers\n|upkeep\n|turn|11\n|\n|t:|1699681510\n|move|p2a: Zygarde|Coil|p2a: Zygarde\n|-boost|p2a: Zygarde|atk|1\n|-boost|p2a: Zygarde|def|1\n|-boost|p2a: Zygarde|accuracy|1\n|move|p1a: OG Talonflame|Sacred Fire|p2a: Zygarde\n|-resisted|p2a: Zygarde\n|-activate|p2a: Zygarde|move: Substitute|[damage]\n|\n|-heal|p2a: Zygarde|80\/100|[from] item: Leftovers\n|upkeep\n|turn|12\n|\n|t:|1699681521\n|move|p2a: Zygarde|Coil|p2a: Zygarde\n|-boost|p2a: Zygarde|atk|1\n|-boost|p2a: Zygarde|def|1\n|-boost|p2a: Zygarde|accuracy|1\n|move|p1a: OG Talonflame|Whirlwind|p2a: Zygarde\n|drag|p2a: Yveltal|Yveltal|100\/100\n|-ability|p2a: Yveltal|Dark Aura\n|\n|upkeep\n|turn|13\n|\n|t:|1699681536\n|move|p2a: Yveltal|Dark Pulse|p1a: OG Talonflame\n|-damage|p1a: OG Talonflame|37\/100\n|move|p1a: OG Talonflame|Toxic|p2a: Yveltal\n|-status|p2a: Yveltal|tox\n|\n|-damage|p2a: Yveltal|94\/100 tox|[from] psn\n|upkeep\n|turn|14\n|\n|t:|1699681546\n|switch|p2a: Zygarde|Zygarde|80\/100\n|move|p1a: OG Talonflame|Roost|p1a: OG Talonflame\n|-heal|p1a: OG Talonflame|87\/100\n|-singleturn|p1a: OG Talonflame|move: Roost\n|\n|-heal|p2a: Zygarde|86\/100|[from] item: Leftovers\n|upkeep\n|turn|15\n|\n|t:|1699681552\n|move|p2a: Zygarde|Thousand Arrows|p1a: OG Talonflame\n|-damage|p1a: OG Talonflame|67\/100\n|-start|p1a: OG Talonflame|Smack Down\n|move|p1a: OG Talonflame|Whirlwind|p2a: Zygarde\n|drag|p2a: Arceus|Arceus|100\/100\n|\n|upkeep\n|turn|16\n|\n|t:|1699681565\n|move|p2a: Arceus|Substitute|p2a: Arceus\n|-start|p2a: Arceus|Substitute\n|-damage|p2a: Arceus|76\/100\n|move|p1a: OG Talonflame|Sacred Fire|p2a: Arceus\n|-end|p2a: Arceus|Substitute\n|\n|-heal|p2a: Arceus|82\/100|[from] item: Leftovers\n|upkeep\n|turn|17\n|\n|t:|1699681575\n|move|p2a: Arceus|Extreme Speed|p1a: OG Talonflame\n|-damage|p1a: OG Talonflame|39\/100\n|move|p1a: OG Talonflame|Whirlwind|p2a: Arceus\n|drag|p2a: Giratina|Giratina|100\/100\n|-ability|p2a: Giratina|Pressure\n|\n|upkeep\n|turn|18\n|\n|t:|1699681584\n|move|p2a: Giratina|Toxic|p1a: OG Talonflame\n|-status|p1a: OG Talonflame|tox\n|move|p1a: OG Talonflame|Toxic|p2a: Giratina|[miss]\n|-miss|p1a: OG Talonflame|p2a: Giratina\n|\n|-damage|p1a: OG Talonflame|33\/100 tox|[from] psn\n|upkeep\n|turn|19\n|\n|t:|1699681600\n|switch|p2a: Yveltal|Yveltal|94\/100 tox\n|-ability|p2a: Yveltal|Dark Aura\n|switch|p1a: blox fruits angel|Blissey, F|100\/100\n|\n|-damage|p2a: Yveltal|88\/100 tox|[from] psn\n|upkeep\n|turn|20\n|\n|t:|1699681610\n|move|p2a: Yveltal|U-turn|p1a: blox fruits angel\n|-damage|p1a: blox fruits angel|65\/100\n|\n|t:|1699681613\n|switch|p2a: Kingambit|Kingambit, F|90\/100|[from] U-turn\n|move|p1a: blox fruits angel|Aromatherapy|p1a: blox fruits angel\n|-activate|p1a: blox fruits angel|move: Aromatherapy\n|-curestatus|p1: OG Talonflame|tox|[msg]\n|\n|upkeep\n|turn|21\n|\n|t:|1699681617\n|move|p1a: blox fruits angel|Seismic Toss|p2a: Kingambit\n|-damage|p2a: Kingambit|65\/100\n|move|p2a: Kingambit|Knock Off|p1a: blox fruits angel\n|-damage|p1a: blox fruits angel|0 fnt\n|-enditem|p1a: blox fruits angel|Utility Umbrella|[from] move: Knock Off|[of] p2a: Kingambit\n|faint|p1a: blox fruits angel\n|\n|upkeep\n|\n|t:|1699681632\n|switch|p1a: Aqua\/Furina|Arceus-Water|100\/100\n|turn|22\n|\n|t:|1699681637\n|-terastallize|p1a: Aqua\/Furina|Ground\n|move|p1a: Aqua\/Furina|Calm Mind|p1a: Aqua\/Furina\n|-boost|p1a: Aqua\/Furina|spa|1\n|-boost|p1a: Aqua\/Furina|spd|1\n|move|p2a: Kingambit|Knock Off|p1a: Aqua\/Furina\n|-damage|p1a: Aqua\/Furina|80\/100\n|\n|upkeep\n|turn|23\n|\n|t:|1699681652\n|-end|p2a: Kingambit|fallenundefined|[silent]\n|switch|p2a: Yveltal|Yveltal|88\/100 tox\n|-ability|p2a: Yveltal|Dark Aura\n|move|p1a: Aqua\/Furina|Earth Power|p2a: Yveltal\n|-immune|p2a: Yveltal\n|\n|-damage|p2a: Yveltal|82\/100 tox|[from] psn\n|upkeep\n|turn|24\n|\n|t:|1699681661\n|move|p2a: Yveltal|U-turn|p1a: Aqua\/Furina\n|-damage|p1a: Aqua\/Furina|69\/100\n|\n|t:|1699681664\n|switch|p2a: Giratina|Giratina|100\/100|[from] U-turn\n|-ability|p2a: Giratina|Pressure\n|move|p1a: Aqua\/Furina|Calm Mind|p1a: Aqua\/Furina\n|-boost|p1a: Aqua\/Furina|spa|1\n|-boost|p1a: Aqua\/Furina|spd|1\n|\n|upkeep\n|turn|25\n|\n|t:|1699681675\n|move|p1a: Aqua\/Furina|Calm Mind|p1a: Aqua\/Furina\n|-boost|p1a: Aqua\/Furina|spa|1\n|-boost|p1a: Aqua\/Furina|spd|1\n|move|p2a: Giratina|Toxic|p1a: Aqua\/Furina\n|-status|p1a: Aqua\/Furina|tox\n|\n|-damage|p1a: Aqua\/Furina|63\/100 tox|[from] psn\n|upkeep\n|turn|26\n|\n|t:|1699681681\n|move|p2a: Giratina|Protect|p2a: Giratina\n|-singleturn|p2a: Giratina|Protect\n|move|p1a: Aqua\/Furina|Earth Power|p2a: Giratina\n|-activate|p2a: Giratina|move: Protect\n|\n|-damage|p1a: Aqua\/Furina|50\/100 tox|[from] psn\n|upkeep\n|turn|27\n|\n|t:|1699681689\n|switch|p2a: Yveltal|Yveltal|82\/100 tox\n|-ability|p2a: Yveltal|Dark Aura\n|move|p1a: Aqua\/Furina|Earth Power|p2a: Yveltal\n|-immune|p2a: Yveltal\n|\n|-damage|p2a: Yveltal|76\/100 tox|[from] psn\n|-damage|p1a: Aqua\/Furina|32\/100 tox|[from] psn\n|upkeep\n|turn|28\n|\n|t:|1699681697\n|move|p2a: Yveltal|Oblivion Wing|p1a: Aqua\/Furina\n|-damage|p1a: Aqua\/Furina|23\/100 tox\n|-heal|p2a: Yveltal|83\/100 tox|[from] drain|[of] p1a: Aqua\/Furina\n|move|p1a: Aqua\/Furina|Recover|p1a: Aqua\/Furina\n|-heal|p1a: Aqua\/Furina|73\/100 tox\n|\n|-damage|p2a: Yveltal|71\/100 tox|[from] psn\n|-damage|p1a: Aqua\/Furina|49\/100 tox|[from] psn\n|upkeep\n|turn|29\n|\n|t:|1699681704\n|move|p2a: Yveltal|U-turn|p1a: Aqua\/Furina\n|-damage|p1a: Aqua\/Furina|39\/100 tox\n|\n|t:|1699681707\n|switch|p2a: Giratina|Giratina|100\/100|[from] U-turn\n|-ability|p2a: Giratina|Pressure\n|move|p1a: Aqua\/Furina|Recover|p1a: Aqua\/Furina\n|-heal|p1a: Aqua\/Furina|89\/100 tox\n|\n|-damage|p1a: Aqua\/Furina|59\/100 tox|[from] psn\n|upkeep\n|turn|30\n|\n|t:|1699681718\n|move|p1a: Aqua\/Furina|Judgment|p2a: Giratina\n|-resisted|p2a: Giratina\n|-crit|p2a: Giratina\n|-damage|p2a: Giratina|63\/100\n|move|p2a: Giratina|Draco Meteor|p1a: Aqua\/Furina\n|-damage|p1a: Aqua\/Furina|47\/100 tox\n|-unboost|p2a: Giratina|spa|2\n|\n|-heal|p2a: Giratina|69\/100|[from] item: Leftovers\n|-damage|p1a: Aqua\/Furina|11\/100 tox|[from] psn\n|upkeep\n|turn|31\n|\n|t:|1699681726\n|move|p2a: Giratina|Protect|p2a: Giratina\n|-singleturn|p2a: Giratina|Protect\n|move|p1a: Aqua\/Furina|Recover|p1a: Aqua\/Furina\n|-heal|p1a: Aqua\/Furina|61\/100 tox\n|\n|-heal|p2a: Giratina|75\/100|[from] item: Leftovers\n|-damage|p1a: Aqua\/Furina|18\/100 tox|[from] psn\n|upkeep\n|turn|32\n|\n|t:|1699681736\n|move|p2a: Giratina|Protect|p2a: Giratina\n|-singleturn|p2a: Giratina|Protect\n|move|p1a: Aqua\/Furina|Recover|p1a: Aqua\/Furina\n|-heal|p1a: Aqua\/Furina|68\/100 tox\n|\n|-heal|p2a: Giratina|82\/100|[from] item: Leftovers\n|-damage|p1a: Aqua\/Furina|20\/100 tox|[from] psn\n|upkeep\n|turn|33\n|\n|t:|1699681752\n|switch|p2a: Yveltal|Yveltal|71\/100 tox\n|-ability|p2a: Yveltal|Dark Aura\n|move|p1a: Aqua\/Furina|Judgment|p2a: Yveltal\n|-damage|p2a: Yveltal|12\/100 tox\n|\n|-damage|p2a: Yveltal|6\/100 tox|[from] psn\n|-damage|p1a: Aqua\/Furina|0 fnt|[from] psn\n|faint|p1a: Aqua\/Furina\n|upkeep\n|\n|t:|1699681763\n|switch|p1a: OG Talonflame|Ho-Oh|66\/100\n|turn|34\n|\n|t:|1699681772\n|move|p2a: Yveltal|Dark Pulse|p1a: OG Talonflame\n|-damage|p1a: OG Talonflame|40\/100\n|move|p1a: OG Talonflame|Sacred Fire|p2a: Yveltal\n|-damage|p2a: Yveltal|0 fnt\n|faint|p2a: Yveltal\n|\n|upkeep\n|\n|t:|1699681783\n|switch|p2a: Zygarde|Zygarde|86\/100\n|turn|35\n|inactive|Yareyareez has 120 seconds left.\n|\n|t:|1699681830\n|move|p2a: Zygarde|Thousand Arrows|p1a: OG Talonflame\n|-damage|p1a: OG Talonflame|19\/100\n|-start|p1a: OG Talonflame|Smack Down\n|move|p1a: OG Talonflame|Roost|p1a: OG Talonflame\n|-heal|p1a: OG Talonflame|69\/100\n|-singleturn|p1a: OG Talonflame|move: Roost\n|\n|-heal|p2a: Zygarde|92\/100|[from] item: Leftovers\n|upkeep\n|turn|36\n|l|\u26060huhuhu\n|inactive|0huhuhu disconnected and has a minute to reconnect!\n|player|p2|\n|-message|Yareyareez forfeited.\n|\n|win|0huhuhu\n|raw|Yareyareez's rating: 1129 &rarr; <strong>1111<\/strong><br \/>(-18 for losing)\n|raw|0huhuhu's rating: 1226 &rarr; <strong>1244<\/strong><br \/>(+18 for winning)\n|l|\u2606Yareyareez\n|j|\u26060huhuhu\n|player|p2|0huhuhu|169\n","uploadtime":1699681873,"views":10,"p1id":"yareyareez","p2id":"0huhuhu","formatid":"gen9nationaldexubers","rating":1111,"private":0,"password":""}