{"id":"gen9nationaldexubers-1979431296","p1":"swordofsanctuary","p2":"PancakePancake","format":"[Gen 9] National Dex Ubers","log":"|j|\u2606swordofsanctuary\n|j|\u2606PancakePancake\n|t:|1698682152\n|gametype|singles\n|player|p1|swordofsanctuary|n|1354\n|player|p2|PancakePancake|waiter-gen4|1487\n|teamsize|p1|6\n|teamsize|p2|6\n|gen|9\n|tier|[Gen 9] National Dex Ubers\n|rated|\n|rule|HP Percentage Mod: HP is shown in percentages\n|rule|Endless Battle Clause: Forcing endless battles is banned\n|rule|OHKO Clause: OHKO moves are banned\n|rule|Evasion Moves Clause: Evasion moves are banned\n|rule|Evasion Items Clause: Evasion items are banned\n|rule|Species Clause: Limit one of each Pok\u00e9mon\n|rule|Sleep Clause Mod: Limit one foe put to sleep\n|rule|Mega Rayquaza Clause: You cannot mega evolve Rayquaza\n|clearpoke\n|poke|p1|Regieleki|\n|poke|p1|Glimmora, F|\n|poke|p1|Xerneas-*|\n|poke|p1|Lopunny, F|\n|poke|p1|Groudon|\n|poke|p1|Zacian-*|\n|poke|p2|Marshadow|\n|poke|p2|Necrozma-Dusk-Mane|\n|poke|p2|Ho-Oh|\n|poke|p2|Arceus-Dragon|\n|poke|p2|Salamence, M|\n|poke|p2|Groudon|\n|teampreview\n|\n|t:|1698682190\n|start\n|switch|p1a: blobbo :)|Glimmora, F|100\/100\n|switch|p2a: Groudon|Groudon|100\/100\n|detailschange|p2a: Groudon|Groudon-Primal\n|-primal|p2a: Groudon|Red Orb\n|-weather|DesolateLand|[from] ability: Desolate Land|[of] p2a: Groudon\n|turn|1\n|\n|t:|1698682201\n|move|p1a: blobbo :)|Earth Power|p2a: Groudon\n|-supereffective|p2a: Groudon\n|-damage|p2a: Groudon|43\/100\n|move|p2a: Groudon|Precipice Blades|p1a: blobbo :)\n|-supereffective|p1a: blobbo :)\n|-enditem|p1a: blobbo :)|Focus Sash\n|-damage|p1a: blobbo :)|1\/100\n|-activate|p1a: blobbo :)|ability: Toxic Debris\n|-sidestart|p2: PancakePancake|move: Toxic Spikes\n|\n|-weather|DesolateLand|[upkeep]\n|upkeep\n|turn|2\n|\n|t:|1698682214\n|-weather|none\n|switch|p2a: Necrozma|Necrozma-Dusk-Mane|100\/100\n|move|p1a: blobbo :)|Earth Power|p2a: Necrozma\n|-supereffective|p2a: Necrozma\n|-damage|p2a: Necrozma|72\/100\n|\n|upkeep\n|turn|3\n|\n|t:|1698682224\n|move|p1a: blobbo :)|Earth Power|p2a: Necrozma\n|-supereffective|p2a: Necrozma\n|-damage|p2a: Necrozma|43\/100\n|-unboost|p2a: Necrozma|spd|1\n|move|p2a: Necrozma|Stealth Rock|p1a: blobbo :)\n|-sidestart|p1: swordofsanctuary|move: Stealth Rock\n|\n|upkeep\n|turn|4\n|\n|t:|1698682249\n|switch|p2a: Salamence|Salamence, M|100\/100\n|-ability|p2a: Salamence|Intimidate|boost\n|-unboost|p1a: blobbo :)|atk|1\n|move|p1a: blobbo :)|Earth Power|p2a: Salamence\n|-immune|p2a: Salamence\n|\n|upkeep\n|turn|5\n|\n|t:|1698682256\n|move|p1a: blobbo :)|Mortal Spin|p2a: Salamence\n|-damage|p2a: Salamence|96\/100\n|-status|p2a: Salamence|psn\n|-sideend|p1: swordofsanctuary|Stealth Rock|[from] move: Mortal Spin|[of] p1a: blobbo :)\n|move|p2a: Salamence|Earthquake|p1a: blobbo :)\n|-supereffective|p1a: blobbo :)\n|-damage|p1a: blobbo :)|0 fnt\n|-activate|p1a: blobbo :)|ability: Toxic Debris\n|-sidestart|p2: PancakePancake|move: Toxic Spikes\n|faint|p1a: blobbo :)\n|\n|-damage|p2a: Salamence|83\/100 psn|[from] psn\n|upkeep\n|\n|t:|1698682274\n|switch|p1a: zappy!|Regieleki|100\/100\n|turn|6\n|\n|t:|1698682288\n|switch|p2a: Necrozma|Necrozma-Dusk-Mane|43\/100\n|move|p1a: zappy!|Reflect|p1a: zappy!\n|-sidestart|p1: swordofsanctuary|Reflect\n|\n|upkeep\n|turn|7\n|\n|t:|1698682297\n|move|p1a: zappy!|Thunder Cage|p2a: Necrozma\n|-damage|p2a: Necrozma|20\/100\n|-activate|p2a: Necrozma|move: Thunder Cage|[of] p1a: zappy!\n|move|p2a: Necrozma|Morning Sun|p2a: Necrozma\n|-heal|p2a: Necrozma|70\/100\n|\n|-damage|p2a: Necrozma|57\/100|[from] move: Thunder Cage|[partiallytrapped]\n|upkeep\n|turn|8\n|\n|t:|1698682306\n|move|p1a: zappy!|Light Screen|p1a: zappy!\n|-sidestart|p1: swordofsanctuary|move: Light Screen\n|move|p2a: Necrozma|Stealth Rock|p1a: zappy!\n|-sidestart|p1: swordofsanctuary|move: Stealth Rock\n|\n|-damage|p2a: Necrozma|45\/100|[from] move: Thunder Cage|[partiallytrapped]\n|upkeep\n|turn|9\n|\n|t:|1698682311\n|move|p1a: zappy!|Rapid Spin|p2a: Necrozma\n|-resisted|p2a: Necrozma\n|-damage|p2a: Necrozma|42\/100\n|-boost|p1a: zappy!|spe|1\n|-sideend|p1: swordofsanctuary|Stealth Rock|[from] move: Rapid Spin|[of] p1a: zappy!\n|move|p2a: Necrozma|Morning Sun|p2a: Necrozma\n|-heal|p2a: Necrozma|91\/100\n|\n|-damage|p2a: Necrozma|79\/100|[from] move: Thunder Cage|[partiallytrapped]\n|upkeep\n|turn|10\n|\n|t:|1698682321\n|switch|p1a: Jeffery|Groudon|100\/100\n|detailschange|p1a: Jeffery|Groudon-Primal\n|-primal|p1a: Jeffery|Red Orb\n|-weather|DesolateLand|[from] ability: Desolate Land|[of] p1a: Jeffery\n|move|p2a: Necrozma|Stealth Rock|p1a: Jeffery\n|-sidestart|p1: swordofsanctuary|move: Stealth Rock\n|\n|-weather|DesolateLand|[upkeep]\n|-end|p2a: Necrozma|Thunder Cage|[partiallytrapped]|[silent]\n|upkeep\n|turn|11\n|\n|t:|1698682328\n|switch|p2a: Salamence|Salamence, M|83\/100 psn\n|-ability|p2a: Salamence|Intimidate|boost\n|-unboost|p1a: Jeffery|atk|1\n|move|p1a: Jeffery|Rock Polish|p1a: Jeffery\n|-boost|p1a: Jeffery|spe|2\n|\n|-weather|DesolateLand|[upkeep]\n|-damage|p2a: Salamence|71\/100 psn|[from] psn\n|upkeep\n|turn|12\n|\n|t:|1698682337\n|detailschange|p2a: Salamence|Salamence-Mega, M\n|-mega|p2a: Salamence|Salamence|Salamencite\n|move|p1a: Jeffery|Stone Edge|p2a: Salamence\n|-supereffective|p2a: Salamence\n|-crit|p2a: Salamence\n|-damage|p2a: Salamence|0 fnt\n|faint|p2a: Salamence\n|\n|-weather|DesolateLand|[upkeep]\n|upkeep\n|\n|t:|1698682347\n|switch|p2a: Arceus|Arceus-Dragon|100\/100\n|-status|p2a: Arceus|tox\n|turn|13\n|\n|t:|1698682353\n|move|p1a: Jeffery|Precipice Blades|p2a: Arceus\n|-damage|p2a: Arceus|72\/100 tox\n|move|p2a: Arceus|Defog|p1a: Jeffery\n|-unboost|p1a: Jeffery|evasion|1\n|-sideend|p1: swordofsanctuary|Reflect\n|-sideend|p1: swordofsanctuary|move: Light Screen\n|-sideend|p1: swordofsanctuary|Stealth Rock|[from] move: Defog|[of] p2a: Arceus\n|-sideend|p2: PancakePancake|Toxic Spikes|[from] move: Defog|[of] p2a: Arceus\n|\n|-weather|DesolateLand|[upkeep]\n|-damage|p2a: Arceus|66\/100 tox|[from] psn\n|upkeep\n|turn|14\n|\n|t:|1698682363\n|move|p1a: Jeffery|Precipice Blades|p2a: Arceus\n|-damage|p2a: Arceus|35\/100 tox\n|move|p2a: Arceus|Judgment|p1a: Jeffery\n|-damage|p1a: Jeffery|49\/100\n|\n|-weather|DesolateLand|[upkeep]\n|-damage|p2a: Arceus|23\/100 tox|[from] psn\n|upkeep\n|turn|15\n|\n|t:|1698682371\n|move|p1a: Jeffery|Precipice Blades|p2a: Arceus\n|-damage|p2a: Arceus|0 fnt\n|faint|p2a: Arceus\n|\n|-weather|DesolateLand|[upkeep]\n|upkeep\n|\n|t:|1698682376\n|switch|p2a: Marshadow|Marshadow|100\/100\n|turn|16\n|\n|t:|1698682383\n|move|p1a: Jeffery|Heat Crash|p2a: Marshadow\n|-damage|p2a: Marshadow|1\/100\n|move|p2a: Marshadow|Close Combat|p1a: Jeffery\n|-damage|p1a: Jeffery|1\/100\n|-unboost|p2a: Marshadow|def|1\n|-unboost|p2a: Marshadow|spd|1\n|-damage|p2a: Marshadow|0 fnt|[from] item: Life Orb\n|faint|p2a: Marshadow\n|\n|-weather|DesolateLand|[upkeep]\n|upkeep\n|\n|t:|1698682402\n|switch|p2a: Necrozma|Necrozma-Dusk-Mane|79\/100\n|turn|17\n|\n|t:|1698682408\n|move|p1a: Jeffery|Precipice Blades|p2a: Necrozma|[miss]\n|-miss|p1a: Jeffery|p2a: Necrozma\n|move|p2a: Necrozma|Sunsteel Strike|p1a: Jeffery\n|-resisted|p1a: Jeffery\n|-damage|p1a: Jeffery|0 fnt\n|faint|p1a: Jeffery\n|-weather|none\n|\n|upkeep\n|\n|t:|1698682417\n|switch|p1a: zappy!|Regieleki|100\/100\n|turn|18\n|\n|t:|1698682427\n|switch|p2a: Groudon|Groudon-Primal|43\/100\n|-weather|DesolateLand|[from] ability: Desolate Land|[of] p2a: Groudon\n|move|p1a: zappy!|Reflect|p1a: zappy!\n|-sidestart|p1: swordofsanctuary|Reflect\n|\n|-weather|DesolateLand|[upkeep]\n|upkeep\n|turn|19\n|\n|t:|1698682436\n|move|p1a: zappy!|Light Screen|p1a: zappy!\n|-sidestart|p1: swordofsanctuary|move: Light Screen\n|move|p2a: Groudon|Rock Polish|p2a: Groudon\n|-boost|p2a: Groudon|spe|2\n|\n|-weather|DesolateLand|[upkeep]\n|upkeep\n|turn|20\n|\n|t:|1698682444\n|move|p1a: zappy!|Rapid Spin|p2a: Groudon\n|-crit|p2a: Groudon\n|-damage|p2a: Groudon|31\/100\n|-boost|p1a: zappy!|spe|1\n|move|p2a: Groudon|Precipice Blades|p1a: zappy!\n|-supereffective|p1a: zappy!\n|-damage|p1a: zappy!|0 fnt\n|faint|p1a: zappy!\n|\n|-weather|DesolateLand|[upkeep]\n|upkeep\n|\n|t:|1698682452\n|switch|p1a: deer|Xerneas|100\/100\n|-ability|p1a: deer|Fairy Aura\n|turn|21\n|\n|t:|1698682458\n|move|p2a: Groudon|Fire Blast|p1a: deer\n|-damage|p1a: deer|55\/100\n|move|p1a: deer|Geomancy||[still]\n|-prepare|p1a: deer|Geomancy\n|-enditem|p1a: deer|Power Herb\n|-anim|p1a: deer|Geomancy|p1a: deer\n|-boost|p1a: deer|spa|2\n|-boost|p1a: deer|spd|2\n|-boost|p1a: deer|spe|2\n|\n|-weather|DesolateLand|[upkeep]\n|upkeep\n|turn|22\n|\n|t:|1698682467\n|move|p1a: deer|Hidden Power|p2a: Groudon\n|-supereffective|p2a: Groudon\n|-damage|p2a: Groudon|0 fnt\n|faint|p2a: Groudon\n|-weather|none\n|\n|upkeep\n|\n|t:|1698682481\n|switch|p2a: Ho-Oh|Ho-Oh|100\/100\n|turn|23\n|\n|t:|1698682485\n|move|p1a: deer|Thunderbolt|p2a: Ho-Oh\n|-supereffective|p2a: Ho-Oh\n|-damage|p2a: Ho-Oh|28\/100\n|-status|p2a: Ho-Oh|par\n|move|p2a: Ho-Oh|Toxic|p1a: deer\n|-status|p1a: deer|tox\n|\n|-damage|p1a: deer|48\/100 tox|[from] psn\n|upkeep\n|turn|24\n|\n|t:|1698682503\n|-terastallize|p2a: Ho-Oh|Ground\n|move|p1a: deer|Thunderbolt|p2a: Ho-Oh\n|-immune|p2a: Ho-Oh\n|move|p2a: Ho-Oh|Roost|p2a: Ho-Oh\n|-heal|p2a: Ho-Oh|78\/100 par\n|\n|-damage|p1a: deer|36\/100 tox|[from] psn\n|upkeep\n|turn|25\n|\n|t:|1698682512\n|move|p1a: deer|Moonblast|p2a: Ho-Oh\n|-damage|p2a: Ho-Oh|11\/100 par\n|-unboost|p2a: Ho-Oh|spa|1\n|move|p2a: Ho-Oh|Roost|p2a: Ho-Oh\n|-heal|p2a: Ho-Oh|61\/100 par\n|\n|-damage|p1a: deer|18\/100 tox|[from] psn\n|-sideend|p1: swordofsanctuary|Reflect\n|upkeep\n|turn|26\n|\n|t:|1698682522\n|move|p1a: deer|Moonblast|p2a: Ho-Oh\n|-crit|p2a: Ho-Oh\n|-damage|p2a: Ho-Oh|0 fnt\n|faint|p2a: Ho-Oh\n|\n|-damage|p1a: deer|0 fnt|[from] psn\n|faint|p1a: deer\n|-sideend|p1: swordofsanctuary|move: Light Screen\n|upkeep\n|\n|t:|1698682529\n|switch|p1a: bunny|Lopunny, F, shiny|100\/100\n|switch|p2a: Necrozma|Necrozma-Dusk-Mane|79\/100\n|turn|27\n|\n|t:|1698682537\n|detailschange|p1a: bunny|Lopunny-Mega, F, shiny\n|-mega|p1a: bunny|Lopunny|Lopunnite\n|move|p1a: bunny|Fake Out|p2a: Necrozma\n|-resisted|p2a: Necrozma\n|-damage|p2a: Necrozma|71\/100\n|cant|p2a: Necrozma|flinch\n|\n|upkeep\n|turn|28\n|\n|t:|1698682544\n|move|p1a: bunny|Close Combat|p2a: Necrozma\n|-damage|p2a: Necrozma|28\/100\n|-unboost|p1a: bunny|def|1\n|-unboost|p1a: bunny|spd|1\n|move|p2a: Necrozma|Morning Sun|p2a: Necrozma\n|-heal|p2a: Necrozma|78\/100\n|\n|upkeep\n|turn|29\n|\n|t:|1698682553\n|move|p1a: bunny|Close Combat|p2a: Necrozma\n|-damage|p2a: Necrozma|32\/100\n|-unboost|p1a: bunny|def|1\n|-unboost|p1a: bunny|spd|1\n|move|p2a: Necrozma|Morning Sun|p2a: Necrozma\n|-heal|p2a: Necrozma|82\/100\n|\n|upkeep\n|turn|30\n|\n|t:|1698682562\n|move|p1a: bunny|Close Combat|p2a: Necrozma\n|-damage|p2a: Necrozma|35\/100\n|-unboost|p1a: bunny|def|1\n|-unboost|p1a: bunny|spd|1\n|move|p2a: Necrozma|Sunsteel Strike|p1a: bunny\n|-damage|p1a: bunny|0 fnt\n|faint|p1a: bunny\n|\n|upkeep\n|\n|t:|1698682571\n|switch|p1a: Zacian|Zacian-Crowned|100\/100\n|-ability|p1a: Zacian|Intrepid Sword|boost\n|-boost|p1a: Zacian|atk|1\n|turn|31\n|\n|t:|1698682578\n|move|p1a: Zacian|Close Combat|p2a: Necrozma\n|-damage|p2a: Necrozma|0 fnt\n|-unboost|p1a: Zacian|def|1\n|-unboost|p1a: Zacian|spd|1\n|faint|p2a: Necrozma\n|\n|win|swordofsanctuary\n|raw|swordofsanctuary's rating: 1354 &rarr; <strong>1381<\/strong><br \/>(+27 for winning)\n|raw|PancakePancake's rating: 1487 &rarr; <strong>1460<\/strong><br \/>(-27 for losing)\n|l|\u2606PancakePancake\n","uploadtime":1698682589,"views":13,"p1id":"swordofsanctuary","p2id":"pancakepancake","formatid":"gen9nationaldexubers","rating":1381,"private":0,"password":""}