{"id":"gen9nationaldexubers-1979147343","p1":"Elin Baecil","p2":"Ricomam","format":"[Gen 9] National Dex Ubers","log":"|j|\u2606Elin Baecil\n|j|\u2606Ricomam\n|t:|1698638941\n|gametype|singles\n|player|p1|Elin Baecil|leon-masters|\n|player|p2|Ricomam|hugh|\n|teamsize|p1|6\n|teamsize|p2|6\n|gen|9\n|tier|[Gen 9] National Dex Ubers\n|rule|HP Percentage Mod: HP is shown in percentages\n|rule|Endless Battle Clause: Forcing endless battles is banned\n|rule|OHKO Clause: OHKO moves are banned\n|rule|Evasion Moves Clause: Evasion moves are banned\n|rule|Evasion Items Clause: Evasion items are banned\n|rule|Species Clause: Limit one of each Pok\u00e9mon\n|rule|Sleep Clause Mod: Limit one foe put to sleep\n|rule|Mega Rayquaza Clause: You cannot mega evolve Rayquaza\n|clearpoke\n|poke|p1|Alakazam, M|\n|poke|p1|Deoxys-Speed|\n|poke|p1|Latios, M|\n|poke|p1|Slowking-Galar, M|\n|poke|p1|Tapu Lele|\n|poke|p1|Hoopa-Unbound|\n|poke|p2|Staraptor, M|\n|poke|p2|Cyclizar, F|\n|poke|p2|Porygon-Z|\n|poke|p2|Chansey, F|\n|poke|p2|Ursaluna-Bloodmoon, M|\n|poke|p2|Lopunny, F|\n|teampreview\n|c|\u2606Ricomam|Hay que avisarle al poketubi\n|c|\u2606Ricomam|A bueno olv\u00eddalo xd\n|c|\u2606Elin Baecil|XD\n|j| buenocomoeloro\n|c| buenocomoeloro|GO\n|\n|t:|1698639010\n|start\n|switch|p1a: Tapu Lele|Tapu Lele|100\/100\n|switch|p2a: Rompe klos|Staraptor, M|100\/100\n|-fieldstart|move: Psychic Terrain|[from] ability: Psychic Surge|[of] p1a: Tapu Lele\n|turn|1\n|c| buenocomoeloro|soy bloody\n|j| Arnaenaed\n|\n|t:|1698639052\n|move|p2a: Rompe klos|U-turn|p1a: Tapu Lele\n|-damage|p1a: Tapu Lele|61\/100\n|\n|t:|1698639055\n|switch|p2a: La gorda|Chansey, F|100\/100|[from] U-turn\n|move|p1a: Tapu Lele|Psyshock|p2a: La gorda\n|-damage|p2a: La gorda|59\/100\n|\n|upkeep\n|turn|2\n|\n|t:|1698639066\n|switch|p1a: Latios|Latios, M|100\/100\n|move|p2a: La gorda|Stealth Rock|p1a: Latios\n|-sidestart|p1: Elin Baecil|move: Stealth Rock\n|\n|upkeep\n|turn|3\n|c| Arnaenaed|\/me la cachetea el culo a buenocomoeloro\n|\n|t:|1698639072\n|move|p1a: Latios|Substitute|p1a: Latios\n|-start|p1a: Latios|Substitute\n|-damage|p1a: Latios|76\/100\n|move|p2a: La gorda|Thunder Wave||[still]\n|-fail|p2a: La gorda\n|\n|upkeep\n|turn|4\n|\n|t:|1698639078\n|move|p1a: Latios|Calm Mind|p1a: Latios\n|-boost|p1a: Latios|spa|1\n|-boost|p1a: Latios|spd|1\n|move|p2a: La gorda|Seismic Toss|p1a: Latios\n|-end|p1a: Latios|Substitute\n|\n|upkeep\n|turn|5\n|\n|t:|1698639087\n|move|p1a: Latios|Psyshock|p2a: La gorda\n|-damage|p2a: La gorda|10\/100\n|-damage|p1a: Latios|66\/100|[from] item: Life Orb\n|move|p2a: La gorda|Seismic Toss|p1a: Latios\n|-damage|p1a: Latios|32\/100\n|\n|-fieldend|move: Psychic Terrain\n|upkeep\n|turn|6\n|\n|t:|1698639096\n|move|p1a: Latios|Psyshock|p2a: La gorda\n|-damage|p2a: La gorda|0 fnt\n|faint|p2a: La gorda\n|-damage|p1a: Latios|22\/100|[from] item: Life Orb\n|\n|upkeep\n|\n|t:|1698639100\n|switch|p2a: Rompe klos|Staraptor, M|100\/100\n|turn|7\n|\n|t:|1698639104\n|move|p2a: Rompe klos|Pursuit|p1a: Latios\n|-supereffective|p1a: Latios\n|-damage|p1a: Latios|0 fnt\n|faint|p1a: Latios\n|\n|upkeep\n|\n|t:|1698639108\n|switch|p1a: Slowking|Slowking-Galar, M|100\/100\n|-damage|p1a: Slowking|88\/100|[from] Stealth Rock\n|turn|8\n|\n|t:|1698639117\n|switch|p2a: Freddy Fazbear's|Ursaluna-Bloodmoon, M|100\/100\n|move|p1a: Slowking|Yawn|p2a: Freddy Fazbear's\n|-start|p2a: Freddy Fazbear's|move: Yawn|[of] p1a: Slowking\n|\n|-heal|p1a: Slowking|94\/100|[from] item: Leftovers\n|upkeep\n|turn|9\n|\n|t:|1698639126\n|switch|p2a: La moto hace rum|Cyclizar, F|100\/100\n|move|p1a: Slowking|Focus Blast|p2a: La moto hace rum|[miss]\n|-miss|p1a: Slowking|p2a: La moto hace rum\n|\n|-heal|p1a: Slowking|99\/100|[from] item: Leftovers\n|upkeep\n|turn|10\n|\n|t:|1698639136\n|move|p2a: La moto hace rum|Knock Off|p1a: Slowking\n|-supereffective|p1a: Slowking\n|-crit|p1a: Slowking\n|-damage|p1a: Slowking|34\/100\n|-enditem|p1a: Slowking|Leftovers|[from] move: Knock Off|[of] p2a: La moto hace rum\n|move|p1a: Slowking|Yawn|p2a: La moto hace rum\n|-start|p2a: La moto hace rum|move: Yawn|[of] p1a: Slowking\n|\n|upkeep\n|turn|11\n|\n|t:|1698639144\n|move|p2a: La moto hace rum|Shed Tail|p2a: La moto hace rum\n|-start|p2a: La moto hace rum|Substitute|[from] move: Shed Tail\n|-damage|p2a: La moto hace rum|50\/100\n|\n|t:|1698639149\n|switch|p2a: Rompe klos|Staraptor, M|100\/100|[from] Shed Tail\n|move|p1a: Slowking|Focus Blast|p2a: Rompe klos\n|-end|p2a: Rompe klos|Substitute\n|\n|upkeep\n|turn|12\n|\n|t:|1698639160\n|-activate|p1a: Slowking|move: Pursuit\n|move|p2a: Rompe klos|Pursuit|p1a: Slowking|[from]Pursuit\n|-supereffective|p1a: Slowking\n|-damage|p1a: Slowking|0 fnt\n|faint|p1a: Slowking\n|-hint|A Pokemon can't switch between when it runs out of HP and when it faints\n|\n|upkeep\n|\n|t:|1698639163\n|switch|p1a: Deoxys|Deoxys-Speed|100\/100\n|-damage|p1a: Deoxys|88\/100|[from] Stealth Rock\n|-ability|p1a: Deoxys|Pressure\n|turn|13\n|\n|t:|1698639169\n|move|p1a: Deoxys|Reflect|p1a: Deoxys\n|-sidestart|p1: Elin Baecil|Reflect\n|move|p2a: Rompe klos|Pursuit|p1a: Deoxys\n|-supereffective|p1a: Deoxys\n|-damage|p1a: Deoxys|69\/100\n|\n|upkeep\n|turn|14\n|j| s.daninja\n|\n|t:|1698639175\n|switch|p2a: La moto hace rum|Cyclizar, F|84\/100\n|move|p1a: Deoxys|Knock Off|p2a: La moto hace rum\n|-damage|p2a: La moto hace rum|52\/100\n|-enditem|p2a: La moto hace rum|Focus Sash|[from] move: Knock Off|[of] p1a: Deoxys\n|\n|upkeep\n|turn|15\n|\n|t:|1698639179\n|move|p1a: Deoxys|Taunt|p2a: La moto hace rum\n|-start|p2a: La moto hace rum|move: Taunt\n|move|p2a: La moto hace rum|Knock Off|p1a: Deoxys\n|-supereffective|p1a: Deoxys\n|-damage|p1a: Deoxys|44\/100\n|-enditem|p1a: Deoxys|Light Clay|[from] move: Knock Off|[of] p2a: La moto hace rum\n|\n|upkeep\n|turn|16\n|\n|t:|1698639191\n|move|p1a: Deoxys|Knock Off|p2a: La moto hace rum\n|-damage|p2a: La moto hace rum|29\/100\n|move|p2a: La moto hace rum|Draco Meteor|p1a: Deoxys\n|-damage|p1a: Deoxys|0 fnt\n|-unboost|p2a: La moto hace rum|spa|2\n|faint|p1a: Deoxys\n|\n|upkeep\n|\n|t:|1698639197\n|switch|p1a: Alakazam|Alakazam, M|100\/100\n|turn|17\n|\n|t:|1698639205\n|detailschange|p1a: Alakazam|Alakazam-Mega, M\n|-mega|p1a: Alakazam|Alakazam|Alakazite\n|-ability|p1a: Alakazam|Regenerator|[from] ability: Trace|[of] p2a: La moto hace rum\n|move|p1a: Alakazam|Substitute|p1a: Alakazam\n|-start|p1a: Alakazam|Substitute\n|-damage|p1a: Alakazam|76\/100\n|move|p2a: La moto hace rum|Knock Off|p1a: Alakazam\n|-supereffective|p1a: Alakazam\n|-end|p1a: Alakazam|Substitute\n|\n|-end|p2a: La moto hace rum|move: Taunt\n|upkeep\n|turn|18\n|\n|t:|1698639215\n|move|p1a: Alakazam|Psyshock|p2a: La moto hace rum\n|-damage|p2a: La moto hace rum|0 fnt\n|faint|p2a: La moto hace rum\n|\n|upkeep\n|\n|t:|1698639219\n|switch|p2a: Freddy Fazbear's|Ursaluna-Bloodmoon, M|100\/100\n|turn|19\n|\n|t:|1698639224\n|move|p1a: Alakazam|Focus Blast|p2a: Freddy Fazbear's\n|-supereffective|p2a: Freddy Fazbear's\n|-damage|p2a: Freddy Fazbear's|0 fnt\n|faint|p2a: Freddy Fazbear's\n|\n|upkeep\n|\n|t:|1698639230\n|switch|p2a: Rompe klos|Staraptor, M|100\/100\n|turn|20\n|\n|t:|1698639237\n|move|p2a: Rompe klos|U-turn|p1a: Alakazam\n|-supereffective|p1a: Alakazam\n|-damage|p1a: Alakazam|30\/100\n|\n|t:|1698639241\n|switch|p2a: Mega-Furra|Lopunny, F|100\/100|[from] U-turn\n|move|p1a: Alakazam|Psyshock|p2a: Mega-Furra\n|-damage|p2a: Mega-Furra|26\/100\n|\n|-sideend|p1: Elin Baecil|Reflect\n|upkeep\n|turn|21\n|\n|t:|1698639249\n|switch|p1a: Tapu Lele|Tapu Lele|61\/100\n|-damage|p1a: Tapu Lele|49\/100|[from] Stealth Rock\n|-fieldstart|move: Psychic Terrain|[from] ability: Psychic Surge|[of] p1a: Tapu Lele\n|detailschange|p2a: Mega-Furra|Lopunny-Mega, F\n|-mega|p2a: Mega-Furra|Lopunny|Lopunnite\n|move|p2a: Mega-Furra|U-turn|p1a: Tapu Lele\n|-damage|p1a: Tapu Lele|12\/100\n|\n|t:|1698639259\n|switch|p2a: Rompe klos|Staraptor, M|100\/100|[from] U-turn\n|\n|upkeep\n|turn|22\n|\n|t:|1698639264\n|move|p2a: Rompe klos|U-turn|p1a: Tapu Lele\n|-damage|p1a: Tapu Lele|0 fnt\n|faint|p1a: Tapu Lele\n|\n|t:|1698639266\n|switch|p2a: Mega-Furra|Lopunny-Mega, F|26\/100|[from] U-turn\n|\n|upkeep\n|\n|t:|1698639270\n|switch|p1a: Alakazam|Alakazam-Mega, M|63\/100\n|-damage|p1a: Alakazam|51\/100|[from] Stealth Rock\n|-ability|p1a: Alakazam|Scrappy|[from] ability: Trace|[of] p2a: Mega-Furra\n|turn|23\n|\n|t:|1698639274\n|move|p1a: Alakazam|Psyshock|p2a: Mega-Furra\n|-supereffective|p2a: Mega-Furra\n|-damage|p2a: Mega-Furra|0 fnt\n|faint|p2a: Mega-Furra\n|\n|upkeep\n|\n|t:|1698639276\n|switch|p2a: Rompe klos|Staraptor, M|100\/100\n|turn|24\n|\n|t:|1698639284\n|move|p2a: Rompe klos|Pursuit|p1a: Alakazam\n|-supereffective|p1a: Alakazam\n|-damage|p1a: Alakazam|0 fnt\n|faint|p1a: Alakazam\n|\n|upkeep\n|\n|t:|1698639286\n|switch|p1a: Hoopa|Hoopa-Unbound|100\/100\n|-damage|p1a: Hoopa|88\/100|[from] Stealth Rock\n|turn|25\n|\n|t:|1698639295\n|switch|p2a: Antivirus inutil|Porygon-Z, shiny|100\/100\n|move|p1a: Hoopa|Knock Off|p2a: Antivirus inutil\n|-damage|p2a: Antivirus inutil|38\/100\n|\n|-fieldend|move: Psychic Terrain\n|upkeep\n|turn|26\n|\n|t:|1698639301\n|move|p1a: Hoopa|Knock Off|p2a: Antivirus inutil\n|-damage|p2a: Antivirus inutil|0 fnt\n|faint|p2a: Antivirus inutil\n|\n|upkeep\n|\n|t:|1698639304\n|switch|p2a: Rompe klos|Staraptor, M|100\/100\n|turn|27\n|\n|t:|1698639306\n|move|p2a: Rompe klos|U-turn|p1a: Hoopa\n|-supereffective|p1a: Hoopa\n|-damage|p1a: Hoopa|0 fnt\n|faint|p1a: Hoopa\n|\n|win|Ricomam\n|c|\u2606Elin Baecil|gg\n|l|\u2606Ricomam\n|c| s.daninja|Que imbecil\n|c| s.daninja|Digo\n","uploadtime":1698639323,"views":13,"p1id":"elinbaecil","p2id":"ricomam","formatid":"gen9nationaldexubers","rating":0,"private":0,"password":""}