{"id":"gen9nationaldexubers-1998353427","p1":"Ezael_Stormblood","p2":"Ice Empelor","format":"[Gen 9] National Dex Ubers","log":"|j|\u2606Ezael_Stormblood\n|j|\u2606Ice Empelor\n|t:|1700932863\n|gametype|singles\n|player|p1|Ezael_Stormblood|hiker-gen4|1139\n|player|p2|Ice Empelor|steven|1137\n|teamsize|p1|6\n|teamsize|p2|6\n|gen|9\n|tier|[Gen 9] National Dex Ubers\n|rated|\n|rule|HP Percentage Mod: HP is shown in percentages\n|rule|Endless Battle Clause: Forcing endless battles is banned\n|rule|OHKO Clause: OHKO moves are banned\n|rule|Evasion Moves Clause: Evasion moves are banned\n|rule|Evasion Items Clause: Evasion items are banned\n|rule|Species Clause: Limit one of each Pok\u00e9mon\n|rule|Sleep Clause Mod: Limit one foe put to sleep\n|rule|Mega Rayquaza Clause: You cannot mega evolve Rayquaza\n|clearpoke\n|poke|p1|Reshiram|\n|poke|p1|Clawitzer, F|\n|poke|p1|Calyrex-Ice|\n|poke|p1|Regirock|\n|poke|p1|Hatterene, F|\n|poke|p1|Ferrothorn, M|\n|poke|p2|Swampert, M|\n|poke|p2|Pelipper, M|\n|poke|p2|Haxorus, M|\n|poke|p2|Darmanitan-Galar, M|\n|poke|p2|Landorus-Therian, M|\n|poke|p2|Kyurem-Black|\n|teampreview\n|\n|t:|1700932870\n|start\n|switch|p1a: Hatterene|Hatterene, F|100\/100\n|switch|p2a: Darmanitan|Darmanitan-Galar, M|100\/100\n|turn|1\n|\n|t:|1700932877\n|move|p2a: Darmanitan|Belly Drum|p2a: Darmanitan\n|-damage|p2a: Darmanitan|51\/100\n|-setboost|p2a: Darmanitan|atk|6|[from] move: Belly Drum\n|move|p1a: Hatterene|Trick Room|p1a: Hatterene\n|-fieldstart|move: Trick Room|[of] p1a: Hatterene\n|\n|-heal|p2a: Darmanitan|57\/100|[from] item: Leftovers\n|upkeep\n|turn|2\n|\n|t:|1700932893\n|move|p1a: Hatterene|Psychic|p2a: Darmanitan\n|-damage|p2a: Darmanitan|0 fnt\n|faint|p2a: Darmanitan\n|\n|upkeep\n|\n|t:|1700932900\n|switch|p2a: Pelipper|Pelipper, M|100\/100\n|-weather|RainDance|[from] ability: Drizzle|[of] p2a: Pelipper\n|turn|3\n|\n|t:|1700932907\n|move|p1a: Hatterene|Magic Room|p1a: Hatterene\n|-fieldstart|move: Magic Room|[of] p1a: Hatterene\n|move|p2a: Pelipper|Hurricane|p1a: Hatterene\n|-damage|p1a: Hatterene|47\/100\n|-start|p1a: Hatterene|confusion\n|\n|-weather|RainDance|[upkeep]\n|upkeep\n|turn|4\n|\n|t:|1700932914\n|switch|p2a: Swampert|Swampert, M|100\/100\n|-activate|p1a: Hatterene|confusion\n|move|p1a: Hatterene|Dazzling Gleam|p2a: Swampert\n|-damage|p2a: Swampert|48\/100\n|\n|-weather|RainDance|[upkeep]\n|upkeep\n|turn|5\n|\n|t:|1700932922\n|detailschange|p2a: Swampert|Swampert-Mega, M\n|-mega|p2a: Swampert|Swampert|Swampertite\n|-activate|p1a: Hatterene|confusion\n|move|p1a: Hatterene|Dazzling Gleam|p2a: Swampert\n|-damage|p2a: Swampert|0 fnt\n|faint|p2a: Swampert\n|\n|-weather|RainDance|[upkeep]\n|-fieldend|move: Trick Room\n|upkeep\n|\n|t:|1700932930\n|switch|p2a: Landorus|Landorus-Therian, M|100\/100\n|-ability|p2a: Landorus|Intimidate|boost\n|-unboost|p1a: Hatterene|atk|1\n|turn|6\n|\n|t:|1700932934\n|move|p2a: Landorus|Iron Tail|p1a: Hatterene|[miss]\n|-miss|p2a: Landorus|p1a: Hatterene\n|-activate|p1a: Hatterene|confusion\n|move|p1a: Hatterene|Trick Room|p1a: Hatterene\n|-fieldstart|move: Trick Room|[of] p1a: Hatterene\n|\n|-weather|RainDance|[upkeep]\n|upkeep\n|turn|7\n|\n|t:|1700932940\n|-activate|p1a: Hatterene|confusion\n|move|p1a: Hatterene|Dazzling Gleam|p2a: Landorus\n|-damage|p2a: Landorus|44\/100\n|move|p2a: Landorus|Iron Tail|p1a: Hatterene|[miss]\n|-miss|p2a: Landorus|p1a: Hatterene\n|\n|-weather|none\n|-fieldend|move: Magic Room|[of] p1a: Hatterene\n|upkeep\n|turn|8\n|\n|t:|1700932948\n|-end|p1a: Hatterene|confusion\n|move|p1a: Hatterene|Magic Room|p1a: Hatterene\n|-fieldstart|move: Magic Room|[of] p1a: Hatterene\n|move|p2a: Landorus|Iron Tail|p1a: Hatterene|[miss]\n|-miss|p2a: Landorus|p1a: Hatterene\n|\n|upkeep\n|turn|9\n|\n|t:|1700932954\n|move|p1a: Hatterene|Dazzling Gleam|p2a: Landorus\n|-damage|p2a: Landorus|0 fnt\n|faint|p2a: Landorus\n|\n|upkeep\n|\n|t:|1700932958\n|switch|p2a: Pelipper|Pelipper, M|100\/100\n|-weather|RainDance|[from] ability: Drizzle|[of] p2a: Pelipper\n|turn|10\n|c|\u2606Ezael_Stormblood|the number of iron tails\n|c|\u2606Ezael_Stormblood|you just missed\n|c|\u2606Ezael_Stormblood|is amazing\n|\n|t:|1700932973\n|move|p1a: Hatterene|Dazzling Gleam|p2a: Pelipper\n|-damage|p2a: Pelipper|31\/100\n|move|p2a: Pelipper|Hurricane|p1a: Hatterene\n|-damage|p1a: Hatterene|0 fnt\n|faint|p1a: Hatterene\n|\n|-weather|RainDance|[upkeep]\n|-fieldend|move: Trick Room\n|upkeep\n|\n|t:|1700932980\n|switch|p1a: Calyrex|Calyrex-Ice|100\/100\n|-ability|p1a: Calyrex|As One\n|-ability|p1a: Calyrex|Unnerve\n|turn|11\n|\n|t:|1700932989\n|move|p2a: Pelipper|Hurricane|p1a: Calyrex\n|-damage|p1a: Calyrex|67\/100\n|-start|p1a: Calyrex|confusion\n|-activate|p1a: Calyrex|confusion\n|move|p1a: Calyrex|Trick Room|p1a: Calyrex\n|-fieldstart|move: Trick Room|[of] p1a: Calyrex\n|\n|-weather|RainDance|[upkeep]\n|upkeep\n|turn|12\n|\n|t:|1700932997\n|-activate|p1a: Calyrex|confusion\n|move|p1a: Calyrex|Glacial Lance|p2a: Pelipper\n|-damage|p2a: Pelipper|0 fnt\n|faint|p2a: Pelipper\n|-ability|p1a: Calyrex|Chilling Neigh|boost\n|-boost|p1a: Calyrex|atk|1\n|\n|-weather|RainDance|[upkeep]\n|-fieldend|move: Magic Room|[of] p1: Hatterene\n|upkeep\n|\n|t:|1700933002\n|switch|p2a: Kyurem|Kyurem-Black|100\/100\n|-ability|p2a: Kyurem|Teravolt\n|turn|13\n|\n|t:|1700933009\n|-terastallize|p2a: Kyurem|Ice\n|-activate|p1a: Calyrex|confusion\n|-damage|p1a: Calyrex|50\/100|[from] confusion\n|move|p2a: Kyurem|Dragon Dance|p2a: Kyurem\n|-boost|p2a: Kyurem|atk|1\n|-boost|p2a: Kyurem|spe|1\n|\n|-weather|RainDance|[upkeep]\n|upkeep\n|turn|14\n|\n|t:|1700933037\n|-activate|p1a: Calyrex|confusion\n|move|p1a: Calyrex|Zen Headbutt|p2a: Kyurem\n|-damage|p2a: Kyurem|29\/100\n|move|p2a: Kyurem|Fusion Bolt|p1a: Calyrex\n|-damage|p1a: Calyrex|12\/100\n|\n|-weather|none\n|upkeep\n|turn|15\n|\n|t:|1700933046\n|-end|p1a: Calyrex|confusion\n|move|p1a: Calyrex|Zen Headbutt|p2a: Kyurem\n|-damage|p2a: Kyurem|0 fnt\n|faint|p2a: Kyurem\n|-ability|p1a: Calyrex|Chilling Neigh|boost\n|-boost|p1a: Calyrex|atk|1\n|\n|-fieldend|move: Trick Room\n|upkeep\n|\n|t:|1700933052\n|switch|p2a: Haxorus|Haxorus, M|100\/100\n|turn|16\n|\n|t:|1700933056\n|move|p2a: Haxorus|Aqua Tail|p1a: Calyrex\n|-damage|p1a: Calyrex|0 fnt\n|faint|p1a: Calyrex\n|\n|upkeep\n|\n|t:|1700933072\n|switch|p1a: Reshiram|Reshiram|100\/100\n|-ability|p1a: Reshiram|Turboblaze\n|turn|17\n|\n|t:|1700933078\n|move|p2a: Haxorus|Earthquake|p1a: Reshiram\n|-supereffective|p1a: Reshiram\n|-damage|p1a: Reshiram|48\/100\n|move|p1a: Reshiram|Draco Meteor|p2a: Haxorus\n|-supereffective|p2a: Haxorus\n|-damage|p2a: Haxorus|0 fnt\n|-unboost|p1a: Reshiram|spa|2\n|faint|p2a: Haxorus\n|\n|win|Ezael_Stormblood\n|raw|Ezael_Stormblood's rating: 1139 &rarr; <strong>1164<\/strong><br \/>(+25 for winning)\n|raw|Ice Empelor's rating: 1137 &rarr; <strong>1112<\/strong><br \/>(-25 for losing)\n|c|\u2606Ezael_Stormblood|gg\n|l|\u2606Ice Empelor\n","uploadtime":1700933089,"views":0,"p1id":"ezaelstormblood","p2id":"iceempelor","formatid":"gen9nationaldexubers","rating":1112,"private":0,"password":""}