{"id":"gen9nationaldexubers-1996220964","p1":"BeentoShira","p2":"Ginesect","format":"[Gen 9] National Dex Ubers","log":"|j|\u2606BeentoShira\n|j|\u2606Ginesect\n|t:|1700660788\n|gametype|singles\n|player|p1|BeentoShira|waitress-gen4|\n|player|p2|Ginesect|cynthia|\n|teamsize|p1|6\n|teamsize|p2|6\n|gen|9\n|tier|[Gen 9] National Dex Ubers\n|rule|HP Percentage Mod: HP is shown in percentages\n|rule|Endless Battle Clause: Forcing endless battles is banned\n|rule|OHKO Clause: OHKO moves are banned\n|rule|Evasion Moves Clause: Evasion moves are banned\n|rule|Evasion Items Clause: Evasion items are banned\n|rule|Species Clause: Limit one of each Pok\u00e9mon\n|rule|Sleep Clause Mod: Limit one foe put to sleep\n|rule|Mega Rayquaza Clause: You cannot mega evolve Rayquaza\n|clearpoke\n|poke|p1|Gholdengo|\n|poke|p1|Dragonite, M|\n|poke|p1|Heatran, M|\n|poke|p1|Ogerpon-Wellspring, F|\n|poke|p1|Samurott-Hisui, M|\n|poke|p1|Great Tusk|\n|poke|p2|Ninetales-Alola, F|\n|poke|p2|Baxcalibur, M|\n|poke|p2|Iron Bundle|\n|poke|p2|Weavile, M|\n|poke|p2|Arctozolt|\n|poke|p2|Moltres|\n|teampreview\n|c|\u2606BeentoShira|glhf\n|\n|t:|1700660803\n|start\n|switch|p1a: Texas|Samurott-Hisui, M|100\/100\n|switch|p2a: Moltres|Moltres|100\/100\n|turn|1\n|\n|t:|1700660812\n|switch|p2a: Ninetales|Ninetales-Alola, F|100\/100\n|-weather|Snow|[from] ability: Snow Warning|[of] p2a: Ninetales\n|move|p1a: Texas|Aqua Cutter|p2a: Ninetales\n|-damage|p2a: Ninetales|54\/100\n|\n|-weather|Snow|[upkeep]\n|-heal|p2a: Ninetales|60\/100|[from] item: Leftovers\n|upkeep\n|turn|2\n|\n|t:|1700660830\n|move|p1a: Texas|Aqua Cutter|p2a: Ninetales\n|-crit|p2a: Ninetales\n|-damage|p2a: Ninetales|0 fnt\n|faint|p2a: Ninetales\n|\n|-weather|Snow|[upkeep]\n|upkeep\n|c|\u2606BeentoShira|FUCK YEAH\n|c|\u2606Ginesect|Wtf\n|c|\u2606Ginesect|....\n|c|\u2606Ginesect|ok\n|c|\u2606BeentoShira|FUCK YOU AND YOUR AURORA VEIL\n|\n|t:|1700660851\n|switch|p2a: Baxcalibur|Baxcalibur, M|100\/100\n|turn|3\n|c|\u2606BeentoShira|CRIT RATIO +1\n|\n|t:|1700660857\n|switch|p1a: Furina|Ogerpon-Wellspring, F|100\/100\n|-terastallize|p2a: Baxcalibur|Fairy\n|move|p2a: Baxcalibur|Swords Dance|p2a: Baxcalibur\n|-boost|p2a: Baxcalibur|atk|2\n|\n|-weather|Snow|[upkeep]\n|upkeep\n|turn|4\n|\n|t:|1700660861\n|move|p1a: Furina|Ivy Cudgel|p2a: Baxcalibur|[anim] Ivy Cudgel Water\n|-damage|p2a: Baxcalibur|41\/100\n|move|p2a: Baxcalibur|Scale Shot|p1a: Furina\n|-damage|p1a: Furina|61\/100\n|-damage|p1a: Furina|20\/100\n|-damage|p1a: Furina|0 fnt\n|faint|p1a: Furina\n|-hitcount|p1: Furina|3\n|-unboost|p2a: Baxcalibur|def|1\n|-boost|p2a: Baxcalibur|spe|1\n|\n|-weather|Snow|[upkeep]\n|upkeep\n|\n|t:|1700660873\n|switch|p1a: owo|Dragonite, M|100\/100\n|turn|5\n|\n|t:|1700660883\n|-terastallize|p1a: owo|Steel\n|move|p2a: Baxcalibur|Icicle Spear|p1a: owo\n|-resisted|p1a: owo\n|-damage|p1a: owo|92\/100\n|-resisted|p1a: owo\n|-damage|p1a: owo|76\/100\n|-resisted|p1a: owo\n|-damage|p1a: owo|61\/100\n|-resisted|p1a: owo\n|-damage|p1a: owo|44\/100\n|-resisted|p1a: owo\n|-damage|p1a: owo|29\/100\n|-hitcount|p1a: owo|5\n|move|p1a: owo|Dual Wingbeat|p2a: Baxcalibur\n|-damage|p2a: Baxcalibur|3\/100\n|-damage|p2a: Baxcalibur|0 fnt\n|faint|p2a: Baxcalibur\n|-hitcount|p2: Baxcalibur|2\n|\n|-weather|none\n|upkeep\n|\n|t:|1700660896\n|switch|p2a: Weavile|Weavile, M|100\/100\n|-ability|p2a: Weavile|Pressure\n|turn|6\n|\n|t:|1700660905\n|move|p2a: Weavile|Knock Off|p1a: owo\n|-damage|p1a: owo|0 fnt\n|-enditem|p1a: owo|Heavy-Duty Boots|[from] move: Knock Off|[of] p2a: Weavile\n|faint|p1a: owo\n|\n|upkeep\n|\n|t:|1700660915\n|switch|p1a: Texas|Samurott-Hisui, M|100\/100\n|turn|7\n|\n|t:|1700660928\n|move|p1a: Texas|Sacred Sword|p2a: Weavile\n|-supereffective|p2a: Weavile\n|-enditem|p2a: Weavile|Focus Sash\n|-damage|p2a: Weavile|1\/100\n|move|p2a: Weavile|Low Kick|p1a: Texas\n|-supereffective|p1a: Texas\n|-damage|p1a: Texas|35\/100\n|\n|upkeep\n|turn|8\n|\n|t:|1700660938\n|switch|p1a: Numby|Heatran, M|100\/100\n|-item|p1a: Numby|Air Balloon\n|move|p2a: Weavile|Ice Spinner|p1a: Numby\n|-resisted|p1a: Numby\n|-damage|p1a: Numby|92\/100\n|-enditem|p1a: Numby|Air Balloon\n|\n|upkeep\n|turn|9\n|\n|t:|1700660945\n|move|p2a: Weavile|Low Kick|p1a: Numby\n|-supereffective|p1a: Numby\n|-damage|p1a: Numby|31\/100\n|move|p1a: Numby|Stealth Rock|p2a: Weavile\n|-sidestart|p2: Ginesect|move: Stealth Rock\n|\n|upkeep\n|turn|10\n|j| Just B3A$T\n|\n|t:|1700660952\n|switch|p1a: Topaz|Gholdengo|100\/100\n|-item|p1a: Topaz|Air Balloon\n|move|p2a: Weavile|Knock Off|p1a: Topaz\n|-supereffective|p1a: Topaz\n|-damage|p1a: Topaz|13\/100\n|-enditem|p1a: Topaz|Air Balloon\n|\n|upkeep\n|turn|11\n|\n|t:|1700660956\n|move|p2a: Weavile|Knock Off|p1a: Topaz\n|-supereffective|p1a: Topaz\n|-damage|p1a: Topaz|0 fnt\n|faint|p1a: Topaz\n|\n|upkeep\n|\n|t:|1700660958\n|switch|p1a: Texas|Samurott-Hisui, M|35\/100\n|turn|12\n|c|\u2606Ginesect|Bad play\n|\n|t:|1700660963\n|move|p1a: Texas|Aqua Jet|p2a: Weavile\n|-damage|p2a: Weavile|0 fnt\n|faint|p2a: Weavile\n|\n|upkeep\n|c|\u2606BeentoShira|yeah thanks\n|\n|t:|1700660969\n|switch|p2a: Iron Bundle|Iron Bundle|100\/100\n|turn|13\n|c| Just B3A$T|huh\n|\n|t:|1700660979\n|switch|p1a: Numby|Heatran, M|31\/100\n|move|p2a: Iron Bundle|Hydro Pump|p1a: Numby\n|-supereffective|p1a: Numby\n|-damage|p1a: Numby|0 fnt\n|faint|p1a: Numby\n|\n|upkeep\n|\n|t:|1700660982\n|switch|p1a: Texas|Samurott-Hisui, M|35\/100\n|turn|14\n|\n|t:|1700660985\n|-end|p2a: Iron Bundle|Quark Drive|[silent]\n|switch|p2a: Moltres|Moltres|100\/100\n|move|p1a: Texas|Sacred Sword|p2a: Moltres\n|-resisted|p2a: Moltres\n|-damage|p2a: Moltres|83\/100\n|\n|upkeep\n|turn|15\n|\n|t:|1700660990\n|switch|p1a: hsr|Great Tusk|100\/100\n|-enditem|p1a: hsr|Booster Energy\n|-activate|p1a: hsr|ability: Protosynthesis|[fromitem]\n|-start|p1a: hsr|protosynthesisatk\n|move|p2a: Moltres|Hurricane|p1a: hsr|[miss]\n|-miss|p2a: Moltres|p1a: hsr\n|\n|upkeep\n|turn|16\n|\n|t:|1700660994\n|move|p1a: hsr|Knock Off|p2a: Moltres\n|-damage|p2a: Moltres|45\/100\n|-enditem|p2a: Moltres|Heavy-Duty Boots|[from] move: Knock Off|[of] p1a: hsr\n|move|p2a: Moltres|Hurricane|p1a: hsr\n|-supereffective|p1a: hsr\n|-damage|p1a: hsr|0 fnt\n|faint|p1a: hsr\n|-end|p1a: hsr|Protosynthesis|[silent]\n|\n|upkeep\n|c|\u2606Ginesect|gg\n|\n|t:|1700661001\n|switch|p1a: Texas|Samurott-Hisui, M|35\/100\n|turn|17\n|\n|t:|1700661007\n|move|p1a: Texas|Ceaseless Edge|p2a: Moltres\n|-damage|p2a: Moltres|7\/100\n|-status|p1a: Texas|brn|[from] ability: Flame Body|[of] p2a: Moltres\n|-sidestart|p2: Ginesect|Spikes\n|move|p2a: Moltres|Hurricane|p1a: Texas\n|-damage|p1a: Texas|0 fnt\n|faint|p1a: Texas\n|\n|win|Ginesect\n","uploadtime":1700661017,"views":1,"p1id":"beentoshira","p2id":"ginesect","formatid":"gen9nationaldexubers","rating":0,"private":0,"password":""}