{"id":"gen9nationaldexubers-1983182143","p1":"Neosouls","p2":"SUPPORTERDEGREGORY","format":"[Gen 9] National Dex Ubers","log":"|j|\u2606Neosouls\n|j|\u2606SUPPORTERDEGREGORY\n|t:|1699101693\n|gametype|singles\n|player|p1|Neosouls|marlon|\n|player|p2|SUPPORTERDEGREGORY|bruno|\n|teamsize|p1|2\n|teamsize|p2|6\n|gen|9\n|tier|[Gen 9] National Dex Ubers\n|rule|HP Percentage Mod: HP is shown in percentages\n|rule|Endless Battle Clause: Forcing endless battles is banned\n|rule|OHKO Clause: OHKO moves are banned\n|rule|Evasion Moves Clause: Evasion moves are banned\n|rule|Evasion Items Clause: Evasion items are banned\n|rule|Species Clause: Limit one of each Pok\u00e9mon\n|rule|Sleep Clause Mod: Limit one foe put to sleep\n|rule|Mega Rayquaza Clause: You cannot mega evolve Rayquaza\n|clearpoke\n|poke|p1|Flapple, L28, F|\n|poke|p1|Appletun, L28, M|\n|poke|p2|Combusken, L28, M|\n|poke|p2|Staravia, L27, M|\n|poke|p2|Horsea, L27, M|\n|poke|p2|Luxio, L23, F|\n|poke|p2|Impidimp, L21, M|\n|poke|p2|Rockruff, L21, M|\n|teampreview\n|\n|t:|1699101703\n|start\n|switch|p1a: Flapple|Flapple, L28, F|100\/100\n|switch|p2a: Combusken|Combusken, L28, M, shiny|100\/100\n|turn|1\n|\n|t:|1699101713\n|move|p1a: Flapple|Wing Attack|p2a: Combusken\n|-supereffective|p2a: Combusken\n|-crit|p2a: Combusken\n|-damage|p2a: Combusken|0 fnt\n|faint|p2a: Combusken\n|\n|upkeep\n|\n|t:|1699101738\n|switch|p2a: Staravia|Staravia, L27, M|100\/100\n|-ability|p2a: Staravia|Intimidate|boost\n|-unboost|p1a: Flapple|atk|1\n|turn|2\n|\n|t:|1699101747\n|move|p2a: Staravia|Wing Attack|p1a: Flapple\n|-supereffective|p1a: Flapple\n|-damage|p1a: Flapple|37\/100\n|move|p1a: Flapple|Dragon Pulse|p2a: Staravia\n|-damage|p2a: Staravia|24\/100\n|\n|upkeep\n|turn|3\n|\n|t:|1699101755\n|move|p2a: Staravia|Wing Attack|p1a: Flapple\n|-supereffective|p1a: Flapple\n|-damage|p1a: Flapple|0 fnt\n|faint|p1a: Flapple\n|\n|upkeep\n|\n|t:|1699101759\n|switch|p1a: Appletun|Appletun, L28, M|100\/100\n|turn|4\n|\n|t:|1699101777\n|move|p2a: Staravia|Wing Attack|p1a: Appletun\n|-supereffective|p1a: Appletun\n|-damage|p1a: Appletun|57\/100\n|move|p1a: Appletun|Apple Acid|p2a: Staravia\n|-resisted|p2a: Staravia\n|-damage|p2a: Staravia|0 fnt\n|faint|p2a: Staravia\n|\n|upkeep\n|\n|t:|1699101794\n|switch|p2a: Luxio|Luxio, L23, F|100\/100\n|-ability|p2a: Luxio|Intimidate|boost\n|-unboost|p1a: Appletun|atk|1\n|turn|5\n|\n|t:|1699101807\n|move|p2a: Luxio|Thunder Fang|p1a: Appletun\n|-resisted|p1a: Appletun\n|-damage|p1a: Appletun|52\/100\n|move|p1a: Appletun|Recover|p1a: Appletun\n|-heal|p1a: Appletun|100\/100\n|\n|upkeep\n|turn|6\n|\n|t:|1699101814\n|move|p2a: Luxio|Crunch|p1a: Appletun\n|-damage|p1a: Appletun|82\/100\n|move|p1a: Appletun|Stomp|p2a: Luxio\n|-damage|p2a: Luxio|71\/100\n|\n|upkeep\n|turn|7\n|\n|t:|1699101826\n|move|p2a: Luxio|Crunch|p1a: Appletun\n|-damage|p1a: Appletun|64\/100\n|move|p1a: Appletun|Stomp|p2a: Luxio\n|-damage|p2a: Luxio|39\/100\n|\n|upkeep\n|turn|8\n|\n|t:|1699101833\n|move|p2a: Luxio|Crunch|p1a: Appletun\n|-damage|p1a: Appletun|47\/100\n|move|p1a: Appletun|Apple Acid|p2a: Luxio\n|-damage|p2a: Luxio|0 fnt\n|faint|p2a: Luxio\n|\n|upkeep\n|\n|t:|1699101847\n|switch|p2a: Horsea|Horsea, L27, M|100\/100\n|turn|9\n|\n|t:|1699101855\n|move|p2a: Horsea|Dragon Breath|p1a: Appletun\n|-supereffective|p1a: Appletun\n|-damage|p1a: Appletun|26\/100\n|move|p1a: Appletun|Apple Acid|p2a: Horsea\n|-supereffective|p2a: Horsea\n|-damage|p2a: Horsea|0 fnt\n|faint|p2a: Horsea\n|\n|upkeep\n|\n|t:|1699101863\n|switch|p2a: Rockruff|Rockruff, L21, M|100\/100\n|turn|10\n|\n|t:|1699101872\n|move|p2a: Rockruff|Bite|p1a: Appletun\n|-damage|p1a: Appletun|18\/100\n|move|p1a: Appletun|Recover|p1a: Appletun\n|-heal|p1a: Appletun|68\/100\n|\n|upkeep\n|turn|11\n|\n|t:|1699101880\n|move|p2a: Rockruff|Bite|p1a: Appletun\n|-damage|p1a: Appletun|60\/100\n|move|p1a: Appletun|Apple Acid|p2a: Rockruff\n|-supereffective|p2a: Rockruff\n|-damage|p2a: Rockruff|0 fnt\n|faint|p2a: Rockruff\n|\n|upkeep\n|\n|t:|1699101887\n|switch|p2a: Impidimp|Impidimp, L21, M|100\/100\n|turn|12\n|\n|t:|1699101900\n|move|p2a: Impidimp|Assurance|p1a: Appletun\n|-damage|p1a: Appletun|52\/100\n|move|p1a: Appletun|Apple Acid|p2a: Impidimp\n|-damage|p2a: Impidimp|0 fnt\n|faint|p2a: Impidimp\n|\n|win|Neosouls\n|c|\u2606Neosouls|GG\n","uploadtime":1699101910,"views":18,"p1id":"neosouls","p2id":"supporterdegregory","formatid":"gen9nationaldexubers","rating":0,"private":0,"password":""}