{"id":"gen9nationaldexubers-1988106913","p1":"kitmash","p2":"danish13","format":"[Gen 9] National Dex Ubers","log":"|j|\u2606kitmash\n|j|\u2606danish13\n|t:|1699670357\n|gametype|singles\n|player|p1|kitmash|101|1581\n|player|p2|danish13|lance|1490\n|teamsize|p1|6\n|teamsize|p2|6\n|gen|9\n|tier|[Gen 9] National Dex Ubers\n|rated|\n|rule|HP Percentage Mod: HP is shown in percentages\n|rule|Endless Battle Clause: Forcing endless battles is banned\n|rule|OHKO Clause: OHKO moves are banned\n|rule|Evasion Moves Clause: Evasion moves are banned\n|rule|Evasion Items Clause: Evasion items are banned\n|rule|Species Clause: Limit one of each Pok\u00e9mon\n|rule|Sleep Clause Mod: Limit one foe put to sleep\n|rule|Mega Rayquaza Clause: You cannot mega evolve Rayquaza\n|clearpoke\n|poke|p1|Ursaluna-Bloodmoon, M|\n|poke|p1|Chi-Yu|\n|poke|p1|Salamence, F|\n|poke|p1|Arceus-Poison|\n|poke|p1|Lugia|\n|poke|p1|Zacian-*|\n|poke|p2|Salamence, M|\n|poke|p2|Groudon|\n|poke|p2|Yveltal|\n|poke|p2|Rayquaza|\n|poke|p2|Dracovish|\n|poke|p2|Hippowdon, M|\n|teampreview\n|\n|t:|1699670369\n|start\n|switch|p1a: Chi-Yu|Chi-Yu|100\/100\n|switch|p2a: Hippowdon|Hippowdon, M|100\/100\n|-ability|p1a: Chi-Yu|Beads of Ruin\n|-weather|Sandstorm|[from] ability: Sand Stream|[of] p2a: Hippowdon\n|turn|1\n|\n|t:|1699670379\n|move|p1a: Chi-Yu|Overheat|p2a: Hippowdon\n|-damage|p2a: Hippowdon|0 fnt\n|-unboost|p1a: Chi-Yu|spa|2\n|faint|p2a: Hippowdon\n|\n|-weather|Sandstorm|[upkeep]\n|-damage|p1a: Chi-Yu|95\/100|[from] Sandstorm\n|upkeep\n|\n|t:|1699670386\n|switch|p2a: Dracovish|Dracovish|100\/100\n|turn|2\n|\n|t:|1699670391\n|switch|p1a: Salamence|Salamence, F|100\/100\n|-ability|p1a: Salamence|Intimidate|boost\n|-unboost|p2a: Dracovish|atk|1\n|move|p2a: Dracovish|Ice Fang|p1a: Salamence\n|-supereffective|p1a: Salamence\n|-damage|p1a: Salamence|49\/100\n|\n|-weather|Sandstorm|[upkeep]\n|-damage|p1a: Salamence|43\/100|[from] Sandstorm\n|upkeep\n|turn|3\n|\n|t:|1699670401\n|switch|p1a: Chi-Yu|Chi-Yu|95\/100\n|-ability|p1a: Chi-Yu|Beads of Ruin\n|move|p2a: Dracovish|Ice Fang|p1a: Chi-Yu\n|-resisted|p1a: Chi-Yu\n|-damage|p1a: Chi-Yu|81\/100\n|\n|-weather|Sandstorm|[upkeep]\n|-damage|p1a: Chi-Yu|75\/100|[from] Sandstorm\n|upkeep\n|turn|4\n|inactive|Battle timer is ON: inactive players will automatically lose when time's up. (requested by danish13)\n|\n|t:|1699670411\n|switch|p2a: Yveltal|Yveltal|100\/100\n|-ability|p2a: Yveltal|Dark Aura\n|move|p1a: Chi-Yu|Overheat|p2a: Yveltal\n|-damage|p2a: Yveltal|0 fnt\n|-unboost|p1a: Chi-Yu|spa|2\n|faint|p2a: Yveltal\n|\n|-weather|Sandstorm|[upkeep]\n|-damage|p1a: Chi-Yu|69\/100|[from] Sandstorm\n|upkeep\n|\n|t:|1699670425\n|switch|p2a: Rayquaza|Rayquaza|100\/100\n|-ability|p2a: Rayquaza|Air Lock\n|turn|5\n|\n|t:|1699670430\n|switch|p1a: Arceus|Arceus-Poison|100\/100\n|move|p2a: Rayquaza|Swords Dance|p2a: Rayquaza\n|-boost|p2a: Rayquaza|atk|2\n|\n|-weather|none\n|upkeep\n|turn|6\n|\n|t:|1699670439\n|-terastallize|p2a: Rayquaza|Normal\n|move|p2a: Rayquaza|Scale Shot|p1a: Arceus\n|-damage|p1a: Arceus|81\/100\n|-damage|p1a: Arceus|61\/100\n|-damage|p1a: Arceus|44\/100\n|-damage|p1a: Arceus|24\/100\n|-damage|p1a: Arceus|7\/100\n|-hitcount|p1a: Arceus|5\n|-unboost|p2a: Rayquaza|def|1\n|-boost|p2a: Rayquaza|spe|1\n|-damage|p2a: Rayquaza|91\/100|[from] item: Life Orb\n|move|p1a: Arceus|Will-O-Wisp|p2a: Rayquaza\n|-status|p2a: Rayquaza|brn\n|\n|-damage|p2a: Rayquaza|85\/100 brn|[from] brn\n|upkeep\n|turn|7\n|\n|t:|1699670465\n|move|p2a: Rayquaza|Swords Dance|p2a: Rayquaza\n|-boost|p2a: Rayquaza|atk|2\n|move|p1a: Arceus|Recover|p1a: Arceus\n|-heal|p1a: Arceus|57\/100\n|\n|-damage|p2a: Rayquaza|79\/100 brn|[from] brn\n|upkeep\n|turn|8\n|\n|t:|1699670473\n|move|p2a: Rayquaza|Earthquake|p1a: Arceus\n|-supereffective|p1a: Arceus\n|-damage|p1a: Arceus|0 fnt\n|faint|p1a: Arceus\n|-damage|p2a: Rayquaza|69\/100 brn|[from] item: Life Orb\n|\n|-damage|p2a: Rayquaza|63\/100 brn|[from] brn\n|upkeep\n|\n|t:|1699670483\n|switch|p1a: Ursaluna|Ursaluna-Bloodmoon, M|100\/100\n|turn|9\n|\n|t:|1699670488\n|move|p2a: Rayquaza|Extreme Speed|p1a: Ursaluna\n|-damage|p1a: Ursaluna|44\/100\n|-damage|p2a: Rayquaza|53\/100 brn|[from] item: Life Orb\n|move|p1a: Ursaluna|Vacuum Wave|p2a: Rayquaza\n|-supereffective|p2a: Rayquaza\n|-damage|p2a: Rayquaza|6\/100 brn\n|\n|-damage|p2a: Rayquaza|0 fnt|[from] brn\n|faint|p2a: Rayquaza\n|upkeep\n|\n|t:|1699670500\n|switch|p2a: Salamence|Salamence, M|100\/100\n|-ability|p2a: Salamence|Intimidate|boost\n|-unboost|p1a: Ursaluna|atk|1\n|turn|10\n|\n|t:|1699670510\n|switch|p1a: Salamence|Salamence, F|43\/100\n|-ability|p1a: Salamence|Intimidate|boost\n|-unboost|p2a: Salamence|atk|1\n|detailschange|p2a: Salamence|Salamence-Mega, M\n|-mega|p2a: Salamence|Salamence|Salamencite\n|move|p2a: Salamence|Dragon Dance|p2a: Salamence\n|-boost|p2a: Salamence|atk|1\n|-boost|p2a: Salamence|spe|1\n|\n|upkeep\n|turn|11\n|\n|t:|1699670520\n|detailschange|p1a: Salamence|Salamence-Mega, F\n|-mega|p1a: Salamence|Salamence|Salamencite\n|move|p2a: Salamence|Double-Edge|p1a: Salamence\n|-damage|p1a: Salamence|0 fnt\n|faint|p1a: Salamence\n|-damage|p2a: Salamence|84\/100|[from] Recoil\n|\n|upkeep\n|\n|t:|1699670529\n|switch|p1a: Zacian|Zacian-Crowned|100\/100\n|-ability|p1a: Zacian|Intrepid Sword|boost\n|-boost|p1a: Zacian|atk|1\n|turn|12\n|\n|t:|1699670554\n|move|p2a: Salamence|Double-Edge|p1a: Zacian\n|-resisted|p1a: Zacian\n|-damage|p1a: Zacian|69\/100\n|-damage|p2a: Salamence|72\/100|[from] Recoil\n|move|p1a: Zacian|Play Rough|p2a: Salamence\n|-supereffective|p2a: Salamence\n|-damage|p2a: Salamence|0 fnt\n|faint|p2a: Salamence\n|\n|upkeep\n|\n|t:|1699670563\n|switch|p2a: Groudon|Groudon|100\/100\n|detailschange|p2a: Groudon|Groudon-Primal\n|-primal|p2a: Groudon|Red Orb\n|-weather|DesolateLand|[from] ability: Desolate Land|[of] p2a: Groudon\n|turn|13\n|inactive|danish13 has 120 seconds left.\n|\n|t:|1699670579\n|move|p1a: Zacian|Noble Roar|p2a: Groudon\n|-unboost|p2a: Groudon|atk|1\n|-unboost|p2a: Groudon|spa|1\n|move|p2a: Groudon|Fire Punch|p1a: Zacian\n|-supereffective|p1a: Zacian\n|-damage|p1a: Zacian|0 fnt\n|faint|p1a: Zacian\n|\n|-weather|DesolateLand|[upkeep]\n|upkeep\n|\n|t:|1699670588\n|switch|p1a: Ursaluna|Ursaluna-Bloodmoon, M|44\/100\n|turn|14\n|\n|t:|1699670605\n|move|p2a: Groudon|Precipice Blades|p1a: Ursaluna|[miss]\n|-miss|p2a: Groudon|p1a: Ursaluna\n|move|p1a: Ursaluna|Earth Power|p2a: Groudon\n|-supereffective|p2a: Groudon\n|-damage|p2a: Groudon|0 fnt\n|faint|p2a: Groudon\n|-weather|none\n|\n|upkeep\n|-message|danish13 forfeited.\n|\n|win|kitmash\n|raw|kitmash's rating: 1581 &rarr; <strong>1596<\/strong><br \/>(+15 for winning)\n|raw|danish13's rating: 1490 &rarr; <strong>1475<\/strong><br \/>(-15 for losing)\n|l|\u2606danish13\n","uploadtime":1699670626,"views":4,"p1id":"kitmash","p2id":"danish13","formatid":"gen9nationaldexubers","rating":1475,"private":0,"password":""}