{"id":"gen9nationaldexubers-1998864545","p1":"Tytheguy004","p2":"SCARCITY25","format":"[Gen 9] National Dex Ubers","log":"|j|\u2606Tytheguy004\n|j|\u2606SCARCITY25\n|t:|1701005310\n|gametype|singles\n|player|p1|Tytheguy004|scientist-gen4dp|\n|player|p2|SCARCITY25|cynthia-gen4|\n|teamsize|p1|6\n|teamsize|p2|6\n|gen|9\n|tier|[Gen 9] National Dex Ubers\n|rule|HP Percentage Mod: HP is shown in percentages\n|rule|Endless Battle Clause: Forcing endless battles is banned\n|rule|OHKO Clause: OHKO moves are banned\n|rule|Evasion Moves Clause: Evasion moves are banned\n|rule|Evasion Items Clause: Evasion items are banned\n|rule|Species Clause: Limit one of each Pok\u00e9mon\n|rule|Sleep Clause Mod: Limit one foe put to sleep\n|rule|Mega Rayquaza Clause: You cannot mega evolve Rayquaza\n|clearpoke\n|poke|p1|Beedrill, M|\n|poke|p1|Tapu Lele|\n|poke|p1|Sneasler, F|\n|poke|p1|Blaziken, M|\n|poke|p1|Serperior, M|\n|poke|p1|Iron Valiant|\n|poke|p2|Dialga|\n|poke|p2|Moltres|\n|poke|p2|Dragonite, F|\n|poke|p2|Dragapult, F|\n|poke|p2|Salamence, M|\n|poke|p2|Latios, M|\n|teampreview\n|c|\u2606SCARCITY25|Glhf\n|c|\u2606Tytheguy004|Glhf\n|\n|t:|1701005328\n|start\n|switch|p1a: Serperior|Serperior, M|100\/100\n|switch|p2a: Dragonite|Dragonite, F|100\/100\n|turn|1\n|\n|t:|1701005334\n|switch|p2a: Moltres|Moltres|100\/100\n|-ability|p2a: Moltres|Pressure\n|move|p1a: Serperior|Glare|p2a: Moltres\n|-status|p2a: Moltres|par\n|-enditem|p2a: Moltres|Lum Berry|[eat]\n|-curestatus|p2a: Moltres|par|[msg]\n|\n|upkeep\n|turn|2\n|\n|t:|1701005342\n|move|p1a: Serperior|Glare|p2a: Moltres\n|-status|p2a: Moltres|par\n|cant|p2a: Moltres|par\n|\n|upkeep\n|turn|3\n|\n|t:|1701005347\n|move|p1a: Serperior|Protect|p1a: Serperior\n|-singleturn|p1a: Serperior|Protect\n|move|p2a: Moltres|Flamethrower|p1a: Serperior\n|-activate|p1a: Serperior|move: Protect\n|\n|upkeep\n|turn|4\n|\n|t:|1701005353\n|move|p1a: Serperior|Dragon Pulse|p2a: Moltres\n|-damage|p2a: Moltres|87\/100 par\n|cant|p2a: Moltres|par\n|\n|upkeep\n|turn|5\n|\n|t:|1701005356\n|move|p1a: Serperior|Dragon Pulse|p2a: Moltres\n|-damage|p2a: Moltres|73\/100 par\n|cant|p2a: Moltres|par\n|\n|upkeep\n|turn|6\n|\n|t:|1701005358\n|move|p1a: Serperior|Dragon Pulse|p2a: Moltres\n|-damage|p2a: Moltres|60\/100 par\n|move|p2a: Moltres|Flamethrower|p1a: Serperior\n|-supereffective|p1a: Serperior\n|-damage|p1a: Serperior|24\/100\n|\n|-heal|p1a: Serperior|30\/100|[from] item: Leftovers\n|upkeep\n|turn|7\n|\n|t:|1701005363\n|move|p1a: Serperior|Dragon Pulse|p2a: Moltres\n|-damage|p2a: Moltres|45\/100 par\n|move|p2a: Moltres|Roost|p2a: Moltres\n|-heal|p2a: Moltres|95\/100 par\n|-singleturn|p2a: Moltres|move: Roost\n|\n|-heal|p1a: Serperior|37\/100|[from] item: Leftovers\n|upkeep\n|turn|8\n|\n|t:|1701005368\n|move|p1a: Serperior|Dragon Pulse|p2a: Moltres\n|-damage|p2a: Moltres|80\/100 par\n|move|p2a: Moltres|Flamethrower|p1a: Serperior\n|-supereffective|p1a: Serperior\n|-damage|p1a: Serperior|0 fnt\n|faint|p1a: Serperior\n|\n|upkeep\n|\n|t:|1701005383\n|switch|p1a: Tapu Lele|Tapu Lele|100\/100\n|-fieldstart|move: Psychic Terrain|[from] ability: Psychic Surge|[of] p1a: Tapu Lele\n|turn|9\n|\n|t:|1701005399\n|switch|p2a: Dialga|Dialga|100\/100\n|-ability|p2a: Dialga|Pressure\n|move|p1a: Tapu Lele|Psychic|p2a: Dialga\n|-resisted|p2a: Dialga\n|-damage|p2a: Dialga|74\/100\n|\n|upkeep\n|turn|10\n|\n|t:|1701005410\n|switch|p1a: Beedrill|Beedrill, M|100\/100\n|move|p2a: Dialga|Flash Cannon|p1a: Beedrill\n|-damage|p1a: Beedrill|33\/100\n|\n|upkeep\n|turn|11\n|\n|t:|1701005414\n|detailschange|p1a: Beedrill|Beedrill-Mega, M\n|-mega|p1a: Beedrill|Beedrill|Beedrillite\n|move|p2a: Dialga|Flash Cannon|p1a: Beedrill\n|-damage|p1a: Beedrill|0 fnt\n|faint|p1a: Beedrill\n|\n|upkeep\n|\n|t:|1701005419\n|switch|p1a: Blaziken|Blaziken, M|100\/100\n|turn|12\n|\n|t:|1701005433\n|switch|p2a: Moltres|Moltres|80\/100 par\n|-ability|p2a: Moltres|Pressure\n|move|p1a: Blaziken|Swords Dance|p1a: Blaziken\n|-boost|p1a: Blaziken|atk|2\n|\n|-ability|p1a: Blaziken|Speed Boost|boost\n|-boost|p1a: Blaziken|spe|1\n|upkeep\n|turn|13\n|\n|t:|1701005436\n|move|p1a: Blaziken|Poison Jab|p2a: Moltres\n|-damage|p2a: Moltres|43\/100 par\n|move|p2a: Moltres|Air Slash|p1a: Blaziken\n|-supereffective|p1a: Blaziken\n|-damage|p1a: Blaziken|13\/100\n|\n|-fieldend|move: Psychic Terrain\n|-ability|p1a: Blaziken|Speed Boost|boost\n|-boost|p1a: Blaziken|spe|1\n|upkeep\n|turn|14\n|\n|t:|1701005444\n|move|p1a: Blaziken|Close Combat|p2a: Moltres\n|-resisted|p2a: Moltres\n|-damage|p2a: Moltres|2\/100 par\n|-unboost|p1a: Blaziken|def|1\n|-unboost|p1a: Blaziken|spd|1\n|move|p2a: Moltres|Air Slash|p1a: Blaziken\n|-supereffective|p1a: Blaziken\n|-damage|p1a: Blaziken|0 fnt\n|faint|p1a: Blaziken\n|\n|upkeep\n|\n|t:|1701005454\n|switch|p1a: Tapu Lele|Tapu Lele|100\/100\n|-fieldstart|move: Psychic Terrain|[from] ability: Psychic Surge|[of] p1a: Tapu Lele\n|turn|15\n|\n|t:|1701005460\n|move|p1a: Tapu Lele|Moonblast|p2a: Moltres\n|-resisted|p2a: Moltres\n|-damage|p2a: Moltres|0 fnt\n|faint|p2a: Moltres\n|\n|upkeep\n|\n|t:|1701005465\n|switch|p2a: Latios|Latios, M|100\/100\n|turn|16\n|\n|t:|1701005467\n|move|p1a: Tapu Lele|Moonblast|p2a: Latios\n|-supereffective|p2a: Latios\n|-enditem|p2a: Latios|Roseli Berry|[eat]\n|-enditem|p2a: Latios|Roseli Berry|[weaken]\n|-damage|p2a: Latios|58\/100\n|move|p2a: Latios|Light Screen|p2a: Latios\n|-sidestart|p2: SCARCITY25|move: Light Screen\n|\n|upkeep\n|turn|17\n|\n|t:|1701005471\n|move|p1a: Tapu Lele|Moonblast|p2a: Latios\n|-supereffective|p2a: Latios\n|-damage|p2a: Latios|15\/100\n|move|p2a: Latios|Memento|p1a: Tapu Lele\n|-unboost|p1a: Tapu Lele|atk|2\n|-unboost|p1a: Tapu Lele|spa|2\n|faint|p2a: Latios\n|\n|upkeep\n|\n|t:|1701005494\n|switch|p2a: Salamence|Salamence, M|100\/100\n|turn|18\n|\n|t:|1701005503\n|switch|p1a: Iron Valiant|Iron Valiant|100\/100\n|-enditem|p1a: Iron Valiant|Booster Energy\n|-activate|p1a: Iron Valiant|ability: Quark Drive|[fromitem]\n|-start|p1a: Iron Valiant|quarkdrivespe\n|move|p2a: Salamence|Dragon Dance|p2a: Salamence\n|-boost|p2a: Salamence|atk|1\n|-boost|p2a: Salamence|spe|1\n|\n|upkeep\n|turn|19\n|\n|t:|1701005510\n|move|p1a: Iron Valiant|Ice Punch|p2a: Salamence\n|-supereffective|p2a: Salamence\n|-damage|p2a: Salamence|0 fnt\n|faint|p2a: Salamence\n|\n|-fieldend|move: Psychic Terrain\n|upkeep\n|\n|t:|1701005516\n|switch|p2a: Dragonite|Dragonite, F|100\/100\n|turn|20\n|\n|t:|1701005519\n|move|p1a: Iron Valiant|Ice Punch|p2a: Dragonite\n|-supereffective|p2a: Dragonite\n|-damage|p2a: Dragonite|55\/100\n|move|p2a: Dragonite|Agility|p2a: Dragonite\n|-boost|p2a: Dragonite|spe|2\n|\n|-sideend|p2: SCARCITY25|move: Light Screen\n|upkeep\n|turn|21\n|\n|t:|1701005534\n|move|p2a: Dragonite|Dual Wingbeat|p1a: Iron Valiant\n|-supereffective|p1a: Iron Valiant\n|-damage|p1a: Iron Valiant|24\/100\n|-supereffective|p1a: Iron Valiant\n|-damage|p1a: Iron Valiant|0 fnt\n|faint|p1a: Iron Valiant\n|-end|p1a: Iron Valiant|Quark Drive|[silent]\n|-hitcount|p1: Iron Valiant|2\n|-damage|p2a: Dragonite|45\/100|[from] item: Life Orb\n|\n|upkeep\n|\n|t:|1701005537\n|switch|p1a: Tapu Lele|Tapu Lele|100\/100\n|-fieldstart|move: Psychic Terrain|[from] ability: Psychic Surge|[of] p1a: Tapu Lele\n|turn|22\n|\n|t:|1701005542\n|move|p2a: Dragonite|Iron Head|p1a: Tapu Lele\n|-supereffective|p1a: Tapu Lele\n|-damage|p1a: Tapu Lele|0 fnt\n|faint|p1a: Tapu Lele\n|-damage|p2a: Dragonite|35\/100|[from] item: Life Orb\n|\n|upkeep\n|\n|t:|1701005545\n|switch|p1a: Sneasler|Sneasler, F|100\/100\n|-enditem|p1a: Sneasler|Psychic Seed\n|-boost|p1a: Sneasler|spd|1|[from] item: Psychic Seed\n|turn|23\n|\n|t:|1701005549\n|move|p1a: Sneasler|Dire Claw|p2a: Dragonite\n|-damage|p2a: Dragonite|0 fnt\n|faint|p2a: Dragonite\n|\n|upkeep\n|\n|t:|1701005558\n|switch|p2a: Dragapult|Dragapult, F|100\/100\n|turn|24\n|\n|t:|1701005569\n|move|p1a: Sneasler|Dire Claw|p2a: Dragapult\n|-resisted|p2a: Dragapult\n|-damage|p2a: Dragapult|73\/100\n|-status|p2a: Dragapult|par\n|cant|p2a: Dragapult|par\n|\n|upkeep\n|turn|25\n|\n|t:|1701005573\n|move|p1a: Sneasler|Swords Dance|p1a: Sneasler\n|-boost|p1a: Sneasler|atk|2\n|move|p2a: Dragapult|Acrobatics|p1a: Sneasler\n|-supereffective|p1a: Sneasler\n|-damage|p1a: Sneasler|31\/100\n|\n|upkeep\n|turn|26\n|\n|t:|1701005576\n|move|p1a: Sneasler|Dire Claw|p2a: Dragapult\n|-resisted|p2a: Dragapult\n|-damage|p2a: Dragapult|16\/100 par\n|cant|p2a: Dragapult|par\n|\n|-fieldend|move: Psychic Terrain\n|upkeep\n|turn|27\n|c|\u2606SCARCITY25|Nooo\n|\n|t:|1701005587\n|move|p1a: Sneasler|Dire Claw|p2a: Dragapult\n|-resisted|p2a: Dragapult\n|-damage|p2a: Dragapult|0 fnt\n|faint|p2a: Dragapult\n|\n|upkeep\n|\n|t:|1701005588\n|switch|p2a: Dialga|Dialga|74\/100\n|-ability|p2a: Dialga|Pressure\n|turn|28\n|\n|t:|1701005591\n|move|p1a: Sneasler|Close Combat|p2a: Dialga\n|-supereffective|p2a: Dialga\n|-damage|p2a: Dialga|0 fnt\n|-unboost|p1a: Sneasler|def|1\n|-unboost|p1a: Sneasler|spd|1\n|faint|p2a: Dialga\n|\n|win|Tytheguy004\n|c|\u2606SCARCITY25|Gg\n|c|\u2606Tytheguy004|Gg\n","uploadtime":1701005598,"views":2,"p1id":"tytheguy004","p2id":"scarcity25","formatid":"gen9nationaldexubers","rating":0,"private":0,"password":""}