{"id":"gen9nationaldexubers-1986175332","p1":"Chaitanya15","p2":"Incredible Gassy","format":"[Gen 9] National Dex Ubers","log":"|j|\u2606Chaitanya15\n|j|\u2606Incredible Gassy\n|t:|1699457145\n|gametype|singles\n|player|p1|Chaitanya15|266|1495\n|player|p2|Incredible Gassy|kieran|1754\n|teamsize|p1|6\n|teamsize|p2|6\n|gen|9\n|tier|[Gen 9] National Dex Ubers\n|rated|\n|rule|HP Percentage Mod: HP is shown in percentages\n|rule|Endless Battle Clause: Forcing endless battles is banned\n|rule|OHKO Clause: OHKO moves are banned\n|rule|Evasion Moves Clause: Evasion moves are banned\n|rule|Evasion Items Clause: Evasion items are banned\n|rule|Species Clause: Limit one of each Pok\u00e9mon\n|rule|Sleep Clause Mod: Limit one foe put to sleep\n|rule|Mega Rayquaza Clause: You cannot mega evolve Rayquaza\n|clearpoke\n|poke|p1|Kingambit, F|\n|poke|p1|Basculegion, M|\n|poke|p1|Kyogre|\n|poke|p1|Flutter Mane|\n|poke|p1|Deoxys-Speed|\n|poke|p1|Groudon|\n|poke|p2|Rayquaza|\n|poke|p2|Hatterene, F|\n|poke|p2|Melmetal|\n|poke|p2|Kyogre|\n|poke|p2|Calyrex-Ice|\n|poke|p2|Arceus|\n|teampreview\n|inactive|Battle timer is ON: inactive players will automatically lose when time's up. (requested by Incredible Gassy)\n|\n|t:|1699457159\n|start\n|switch|p1a: Flutter Mane|Flutter Mane|100\/100\n|switch|p2a: Emerald|Rayquaza|100\/100\n|-ability|p2a: Emerald|Air Lock\n|-enditem|p1a: Flutter Mane|Booster Energy\n|-activate|p1a: Flutter Mane|ability: Protosynthesis|[fromitem]\n|-start|p1a: Flutter Mane|protosynthesisspe\n|turn|1\n|\n|t:|1699457169\n|-terastallize|p2a: Emerald|Normal\n|move|p1a: Flutter Mane|Moonblast|p2a: Emerald\n|-damage|p2a: Emerald|52\/100\n|move|p2a: Emerald|Dragon Ascent|p1a: Flutter Mane\n|-damage|p1a: Flutter Mane|0 fnt\n|-unboost|p2a: Emerald|def|1\n|-unboost|p2a: Emerald|spd|1\n|faint|p1a: Flutter Mane\n|-end|p1a: Flutter Mane|Protosynthesis|[silent]\n|-damage|p2a: Emerald|43\/100|[from] item: Life Orb\n|\n|upkeep\n|\n|t:|1699457183\n|switch|p1a: Deoxys|Deoxys-Speed|100\/100\n|-ability|p1a: Deoxys|Pressure\n|turn|2\n|\n|t:|1699457188\n|switch|p2a: Drumstick|Hatterene, F|100\/100\n|move|p1a: Deoxys|Psychic|p2a: Drumstick\n|-resisted|p2a: Drumstick\n|-damage|p2a: Drumstick|84\/100\n|\n|upkeep\n|turn|3\n|j| blackccat\n|\n|t:|1699457198\n|switch|p1a: Groudon|Groudon|100\/100\n|detailschange|p1a: Groudon|Groudon-Primal\n|-primal|p1a: Groudon|Red Orb\n|-weather|DesolateLand|[from] ability: Desolate Land|[of] p1a: Groudon\n|move|p2a: Drumstick|Trick Room|p2a: Drumstick\n|-fieldstart|move: Trick Room|[of] p2a: Drumstick\n|\n|-weather|DesolateLand|[upkeep]\n|upkeep\n|turn|4\n|\n|t:|1699457208\n|move|p2a: Drumstick|Healing Wish|p2a: Drumstick\n|faint|p2a: Drumstick\n|move|p1a: Groudon|Heat Crash|p2: Drumstick|[notarget]\n|-fail|p1a: Groudon\n|\n|-weather|DesolateLand|[upkeep]\n|upkeep\n|\n|t:|1699457210\n|switch|p2a: Big Blue|Kyogre|100\/100\n|detailschange|p2a: Big Blue|Kyogre-Primal\n|-primal|p2a: Big Blue|Blue Orb\n|-weather|PrimordialSea|[from] ability: Primordial Sea|[of] p2a: Big Blue\n|turn|5\n|l| blackccat\n|\n|t:|1699457230\n|switch|p1a: Deoxys|Deoxys-Speed|100\/100\n|-ability|p1a: Deoxys|Pressure\n|move|p2a: Big Blue|Surf|p1a: Deoxys\n|-enditem|p1a: Deoxys|Focus Sash\n|-damage|p1a: Deoxys|1\/100\n|\n|-weather|PrimordialSea|[upkeep]\n|upkeep\n|turn|6\n|\n|t:|1699457245\n|switch|p1a: Groudon|Groudon-Primal|100\/100\n|-weather|DesolateLand|[from] ability: Desolate Land|[of] p1a: Groudon\n|move|p2a: Big Blue|Ice Beam|p1a: Groudon\n|-damage|p1a: Groudon|52\/100\n|\n|-weather|DesolateLand|[upkeep]\n|upkeep\n|turn|7\n|\n|t:|1699457259\n|move|p2a: Big Blue|Ice Beam|p1a: Groudon\n|-damage|p1a: Groudon|8\/100\n|move|p1a: Groudon|Rock Polish|p1a: Groudon\n|-boost|p1a: Groudon|spe|2\n|\n|-weather|DesolateLand|[upkeep]\n|-fieldend|move: Trick Room\n|upkeep\n|turn|8\n|\n|t:|1699457268\n|switch|p2a: The Biggest One|Arceus|100\/100\n|move|p1a: Groudon|Precipice Blades|p2a: The Biggest One|[miss]\n|-miss|p1a: Groudon|p2a: The Biggest One\n|\n|-weather|DesolateLand|[upkeep]\n|upkeep\n|turn|9\n|\n|t:|1699457280\n|-weather|none\n|switch|p1a: Kingambit|Kingambit, F|100\/100\n|-activate|p1a: Kingambit|ability: Supreme Overlord\n|-start|p1a: Kingambit|fallen1|[silent]\n|move|p2a: The Biggest One|Extreme Speed|p1a: Kingambit\n|-resisted|p1a: Kingambit\n|-damage|p1a: Kingambit|86\/100\n|\n|upkeep\n|turn|10\n|\n|t:|1699457290\n|move|p2a: The Biggest One|Brick Break|p1a: Kingambit\n|-supereffective|p1a: Kingambit\n|-damage|p1a: Kingambit|2\/100\n|move|p1a: Kingambit|Swords Dance|p1a: Kingambit\n|-boost|p1a: Kingambit|atk|2\n|\n|upkeep\n|turn|11\n|\n|t:|1699457297\n|move|p2a: The Biggest One|Extreme Speed|p1a: Kingambit\n|-resisted|p1a: Kingambit\n|-damage|p1a: Kingambit|0 fnt\n|faint|p1a: Kingambit\n|-end|p1a: Kingambit|fallen1|[silent]\n|\n|upkeep\n|\n|t:|1699457304\n|switch|p1a: Kyogre|Kyogre|100\/100\n|-weather|RainDance|[from] ability: Drizzle|[of] p1a: Kyogre\n|turn|12\n|\n|t:|1699457309\n|move|p1a: Kyogre|Water Spout|p2a: The Biggest One\n|-damage|p2a: The Biggest One|13\/100\n|move|p2a: The Biggest One|Trick Room|p2a: The Biggest One\n|-fieldstart|move: Trick Room|[of] p2a: The Biggest One\n|\n|-weather|RainDance|[upkeep]\n|upkeep\n|turn|13\n|\n|t:|1699457319\n|switch|p1a: Deoxys|Deoxys-Speed|1\/100\n|-ability|p1a: Deoxys|Pressure\n|move|p2a: The Biggest One|Extreme Speed|p1a: Deoxys\n|-damage|p1a: Deoxys|0 fnt\n|faint|p1a: Deoxys\n|\n|-weather|RainDance|[upkeep]\n|upkeep\n|\n|t:|1699457331\n|switch|p1a: Groudon|Groudon-Primal|8\/100\n|-weather|DesolateLand|[from] ability: Desolate Land|[of] p1a: Groudon\n|turn|14\n|\n|t:|1699457337\n|move|p2a: The Biggest One|Extreme Speed|p1a: Groudon\n|-damage|p1a: Groudon|0 fnt\n|faint|p1a: Groudon\n|-weather|none\n|\n|upkeep\n|\n|t:|1699457343\n|switch|p1a: Basculegion|Basculegion, M|100\/100\n|turn|15\n|\n|t:|1699457347\n|move|p2a: The Biggest One|Healing Wish|p2a: The Biggest One\n|faint|p2a: The Biggest One\n|move|p1a: Basculegion|Wave Crash|p2: The Biggest One|[notarget]\n|-fail|p1a: Basculegion\n|\n|upkeep\n|\n|t:|1699457351\n|switch|p2a: Big Blue|Kyogre-Primal|100\/100\n|-weather|PrimordialSea|[from] ability: Primordial Sea|[of] p2a: Big Blue\n|turn|16\n|\n|t:|1699457358\n|switch|p1a: Kyogre|Kyogre|100\/100\n|-ability|p1a: Kyogre|Drizzle|[from] primordialsea|[fail]\n|move|p2a: Big Blue|Thunder|p1a: Kyogre\n|-supereffective|p1a: Kyogre\n|-crit|p1a: Kyogre\n|-damage|p1a: Kyogre|0 fnt\n|faint|p1a: Kyogre\n|\n|-weather|PrimordialSea|[upkeep]\n|-fieldend|move: Trick Room\n|upkeep\n|\n|t:|1699457370\n|switch|p1a: Basculegion|Basculegion, M|100\/100\n|turn|17\n|\n|t:|1699457378\n|-terastallize|p1a: Basculegion|Water\n|move|p1a: Basculegion|Wave Crash|p2a: Big Blue\n|-resisted|p2a: Big Blue\n|-damage|p2a: Big Blue|11\/100\n|-damage|p1a: Basculegion|69\/100|[from] Recoil\n|move|p2a: Big Blue|Thunder|p1a: Basculegion\n|-supereffective|p1a: Basculegion\n|-damage|p1a: Basculegion|0 fnt\n|faint|p1a: Basculegion\n|\n|win|Incredible Gassy\n|raw|Chaitanya15's rating: 1495 &rarr; <strong>1488<\/strong><br \/>(-7 for losing)\n|raw|Incredible Gassy's rating: 1754 &rarr; <strong>1761<\/strong><br \/>(+7 for winning)\n|l|\u2606Chaitanya15\n","uploadtime":1699457399,"views":6,"p1id":"chaitanya15","p2id":"incrediblegassy","formatid":"gen9nationaldexubers","rating":1488,"private":0,"password":""}