{"id":"gen9nationaldexubers-1984212175","p1":"TyroneTheCreator18","p2":"zomboks134","format":"[Gen 9] National Dex Ubers","log":"|j|\u2606TyroneTheCreator18\n|j|\u2606zomboks134\n|t:|1699230751\n|gametype|singles\n|player|p1|TyroneTheCreator18|hoopster|1410\n|player|p2|zomboks134|pokemaniac|1444\n|teamsize|p1|6\n|teamsize|p2|6\n|gen|9\n|tier|[Gen 9] National Dex Ubers\n|rated|\n|rule|HP Percentage Mod: HP is shown in percentages\n|rule|Endless Battle Clause: Forcing endless battles is banned\n|rule|OHKO Clause: OHKO moves are banned\n|rule|Evasion Moves Clause: Evasion moves are banned\n|rule|Evasion Items Clause: Evasion items are banned\n|rule|Species Clause: Limit one of each Pok\u00e9mon\n|rule|Sleep Clause Mod: Limit one foe put to sleep\n|rule|Mega Rayquaza Clause: You cannot mega evolve Rayquaza\n|clearpoke\n|poke|p1|Mewtwo|\n|poke|p1|Pheromosa|\n|poke|p1|Slurpuff, M|\n|poke|p1|Zacian-*|\n|poke|p1|Kyogre|\n|poke|p1|Groudon|\n|poke|p2|Garganacl, F|\n|poke|p2|Kingambit, M|\n|poke|p2|Ditto|\n|poke|p2|Mewtwo|\n|poke|p2|Arceus-Ground|\n|poke|p2|Ho-Oh|\n|teampreview\n|inactive|Battle timer is ON: inactive players will automatically lose when time's up. (requested by zomboks134)\n|\n|t:|1699230769\n|start\n|switch|p1a: Slurpuff|Slurpuff, M|100\/100\n|switch|p2a: Arceus|Arceus-Ground|100\/100\n|turn|1\n|\n|t:|1699230777\n|move|p2a: Arceus|Judgment|p1a: Slurpuff\n|-damage|p1a: Slurpuff|35\/100\n|move|p1a: Slurpuff|Sticky Web|p2a: Arceus\n|-sidestart|p2: zomboks134|move: Sticky Web\n|\n|upkeep\n|turn|2\n|\n|t:|1699230784\n|move|p2a: Arceus|Judgment|p1a: Slurpuff\n|-damage|p1a: Slurpuff|0 fnt\n|faint|p1a: Slurpuff\n|\n|upkeep\n|\n|t:|1699230787\n|switch|p1a: Pheromosa|Pheromosa|100\/100\n|turn|3\n|\n|t:|1699230791\n|switch|p2a: Ho-Oh|Ho-Oh|100\/100\n|move|p1a: Pheromosa|Triple Axel|p2a: Ho-Oh\n|-damage|p2a: Ho-Oh|91\/100\n|-damage|p2a: Ho-Oh|73\/100\n|-damage|p2a: Ho-Oh|43\/100\n|-hitcount|p2a: Ho-Oh|3\n|\n|upkeep\n|turn|4\n|\n|t:|1699230793\n|move|p1a: Pheromosa|Triple Axel|p2a: Ho-Oh|[miss]\n|-miss|p1a: Pheromosa|p2a: Ho-Oh\n|move|p2a: Ho-Oh|Defog|p1a: Pheromosa\n|-unboost|p1a: Pheromosa|evasion|1\n|-sideend|p2: zomboks134|Sticky Web|[from] move: Defog|[of] p2a: Ho-Oh\n|\n|upkeep\n|turn|5\n|c|\u2606TyroneTheCreator18|Bruh\n|\n|t:|1699230802\n|move|p1a: Pheromosa|Triple Axel|p2a: Ho-Oh\n|-damage|p2a: Ho-Oh|32\/100\n|-hitcount|p2a: Ho-Oh|1\n|move|p2a: Ho-Oh|Sacred Fire|p1a: Pheromosa\n|-supereffective|p1a: Pheromosa\n|-damage|p1a: Pheromosa|0 fnt\n|faint|p1a: Pheromosa\n|\n|upkeep\n|c|\u2606TyroneTheCreator18|B r u h\n|\n|t:|1699230814\n|switch|p1a: Mewtwo|Mewtwo|100\/100\n|-ability|p1a: Mewtwo|Pressure\n|turn|6\n|\n|t:|1699230828\n|switch|p2a: Garganacl|Garganacl, F|100\/100\n|detailschange|p1a: Mewtwo|Mewtwo-Mega-Y\n|-mega|p1a: Mewtwo|Mewtwo|Mewtwonite Y\n|move|p1a: Mewtwo|Aura Sphere|p2a: Garganacl\n|-supereffective|p2a: Garganacl\n|-damage|p2a: Garganacl|36\/100\n|\n|-heal|p2a: Garganacl|42\/100|[from] item: Leftovers\n|upkeep\n|turn|7\n|\n|t:|1699230834\n|move|p2a: Garganacl|Protect|p2a: Garganacl\n|-singleturn|p2a: Garganacl|Protect\n|move|p1a: Mewtwo|Aura Sphere|p2a: Garganacl\n|-activate|p2a: Garganacl|move: Protect\n|\n|-heal|p2a: Garganacl|49\/100|[from] item: Leftovers\n|upkeep\n|turn|8\n|\n|t:|1699230845\n|switch|p2a: Mewtwo|Mewtwo|100\/100\n|-ability|p2a: Mewtwo|Pressure\n|move|p1a: Mewtwo|Aura Sphere|p2a: Mewtwo\n|-resisted|p2a: Mewtwo\n|-damage|p2a: Mewtwo|82\/100\n|\n|upkeep\n|turn|9\n|\n|t:|1699230850\n|detailschange|p2a: Mewtwo|Mewtwo-Mega-Y\n|-mega|p2a: Mewtwo|Mewtwo|Mewtwonite Y\n|move|p2a: Mewtwo|Ice Beam|p1a: Mewtwo\n|-damage|p1a: Mewtwo|65\/100\n|move|p1a: Mewtwo|Ice Beam|p2a: Mewtwo\n|-damage|p2a: Mewtwo|46\/100\n|\n|upkeep\n|turn|10\n|\n|t:|1699230861\n|move|p2a: Mewtwo|Psystrike|p1a: Mewtwo\n|-resisted|p1a: Mewtwo\n|-damage|p1a: Mewtwo|23\/100\n|move|p1a: Mewtwo|Ice Beam|p2a: Mewtwo\n|-damage|p2a: Mewtwo|10\/100\n|-status|p2a: Mewtwo|frz\n|\n|upkeep\n|turn|11\n|\n|t:|1699230867\n|move|p1a: Mewtwo|Psystrike|p2a: Mewtwo\n|-resisted|p2a: Mewtwo\n|-damage|p2a: Mewtwo|0 fnt\n|faint|p2a: Mewtwo\n|\n|upkeep\n|\n|t:|1699230873\n|switch|p2a: Ditto|Ditto|100\/100\n|-transform|p2a: Ditto|p1a: Mewtwo|[from] ability: Imposter\n|turn|12\n|\n|t:|1699230877\n|move|p2a: Ditto|Ice Beam|p1a: Mewtwo\n|-damage|p1a: Mewtwo|0 fnt\n|faint|p1a: Mewtwo\n|\n|upkeep\n|\n|t:|1699230880\n|switch|p1a: Kyogre|Kyogre|100\/100\n|detailschange|p1a: Kyogre|Kyogre-Primal\n|-primal|p1a: Kyogre|Blue Orb\n|-weather|PrimordialSea|[from] ability: Primordial Sea|[of] p1a: Kyogre\n|turn|13\n|\n|t:|1699230885\n|switch|p2a: Ho-Oh|Ho-Oh|65\/100\n|move|p1a: Kyogre|Water Spout|p2a: Ho-Oh\n|-supereffective|p2a: Ho-Oh\n|-damage|p2a: Ho-Oh|0 fnt\n|faint|p2a: Ho-Oh\n|\n|-weather|PrimordialSea|[upkeep]\n|upkeep\n|\n|t:|1699230888\n|switch|p2a: Arceus|Arceus-Ground|100\/100\n|turn|14\n|\n|t:|1699230891\n|move|p2a: Arceus|Judgment|p1a: Kyogre\n|-damage|p1a: Kyogre|71\/100\n|move|p1a: Kyogre|Origin Pulse|p2a: Arceus|[miss]\n|-miss|p1a: Kyogre|p2a: Arceus\n|\n|-weather|PrimordialSea|[upkeep]\n|upkeep\n|turn|15\n|\n|t:|1699230897\n|move|p2a: Arceus|Toxic|p1a: Kyogre\n|-status|p1a: Kyogre|tox\n|move|p1a: Kyogre|Origin Pulse|p2a: Arceus|[miss]\n|-miss|p1a: Kyogre|p2a: Arceus\n|\n|-weather|PrimordialSea|[upkeep]\n|-damage|p1a: Kyogre|64\/100 tox|[from] psn\n|upkeep\n|turn|16\n|c|\u2606TyroneTheCreator18|Mmmmmmm.\n|\n|t:|1699230908\n|switch|p2a: Garganacl|Garganacl, F|49\/100\n|move|p1a: Kyogre|Origin Pulse|p2a: Garganacl\n|-supereffective|p2a: Garganacl\n|-damage|p2a: Garganacl|0 fnt\n|faint|p2a: Garganacl\n|\n|-weather|PrimordialSea|[upkeep]\n|-damage|p1a: Kyogre|52\/100 tox|[from] psn\n|upkeep\n|\n|t:|1699230910\n|switch|p2a: Kingambit|Kingambit, M|100\/100\n|-activate|p2a: Kingambit|ability: Supreme Overlord\n|-start|p2a: Kingambit|fallen3|[silent]\n|turn|17\n|\n|t:|1699230914\n|move|p2a: Kingambit|Sucker Punch|p1a: Kyogre\n|-damage|p1a: Kyogre|0 fnt\n|faint|p1a: Kyogre\n|-weather|none\n|\n|upkeep\n|\n|t:|1699230918\n|switch|p1a: Zacian|Zacian-Crowned|100\/100\n|-ability|p1a: Zacian|Intrepid Sword|boost\n|-boost|p1a: Zacian|atk|1\n|turn|18\n|\n|t:|1699230924\n|move|p1a: Zacian|Close Combat|p2a: Kingambit\n|-supereffective|p2a: Kingambit\n|-damage|p2a: Kingambit|0 fnt\n|-unboost|p1a: Zacian|def|1\n|-unboost|p1a: Zacian|spd|1\n|faint|p2a: Kingambit\n|-end|p2a: Kingambit|fallen3|[silent]\n|\n|upkeep\n|\n|t:|1699230927\n|switch|p2a: Ditto|Ditto|100\/100\n|-transform|p2a: Ditto|p1a: Zacian|[from] ability: Imposter\n|-ability|p2a: Ditto|Intrepid Sword|boost\n|-boost|p2a: Ditto|atk|1\n|turn|19\n|\n|t:|1699230931\n|-terastallize|p1a: Zacian|Fighting\n|move|p2a: Ditto|Behemoth Blade|p1a: Zacian\n|-damage|p1a: Zacian|0 fnt\n|faint|p1a: Zacian\n|\n|upkeep\n|\n|t:|1699230935\n|switch|p1a: Groudon|Groudon|100\/100\n|detailschange|p1a: Groudon|Groudon-Primal\n|-primal|p1a: Groudon|Red Orb\n|-weather|DesolateLand|[from] ability: Desolate Land|[of] p1a: Groudon\n|turn|20\n|\n|t:|1699230941\n|move|p2a: Ditto|Behemoth Blade|p1a: Groudon\n|-resisted|p1a: Groudon\n|-damage|p1a: Groudon|66\/100\n|move|p1a: Groudon|Earthquake|p2a: Ditto\n|-supereffective|p2a: Ditto\n|-damage|p2a: Ditto|0 fnt\n|faint|p2a: Ditto\n|\n|-weather|DesolateLand|[upkeep]\n|upkeep\n|\n|t:|1699230945\n|switch|p2a: Arceus|Arceus-Ground|100\/100\n|turn|21\n|\n|t:|1699230948\n|move|p2a: Arceus|Judgment|p1a: Groudon\n|-supereffective|p1a: Groudon\n|-damage|p1a: Groudon|0 fnt\n|faint|p1a: Groudon\n|-weather|none\n|\n|win|zomboks134\n|raw|TyroneTheCreator18's rating: 1410 &rarr; <strong>1392<\/strong><br \/>(-18 for losing)\n|raw|zomboks134's rating: 1444 &rarr; <strong>1462<\/strong><br \/>(+18 for winning)\n|c|\u2606TyroneTheCreator18|Man\n|c|\u2606zomboks134|?\n|c|\u2606TyroneTheCreator18|My rng is ass\n","uploadtime":1699230965,"views":7,"p1id":"tyronethecreator18","p2id":"zomboks134","formatid":"gen9nationaldexubers","rating":1392,"private":0,"password":""}