{"id":"gen9nationaldexubers-1982189292","p1":"PaperDrMario","p2":"HopeAddict","format":"[Gen 9] National Dex Ubers","log":"|j|\u2606PaperDrMario\n|j|\u2606HopeAddict\n|t:|1698977223\n|gametype|singles\n|player|p1|PaperDrMario|hiker|\n|player|p2|HopeAddict|benga|\n|teamsize|p1|6\n|teamsize|p2|6\n|gen|9\n|tier|[Gen 9] National Dex Ubers\n|rule|HP Percentage Mod: HP is shown in percentages\n|rule|Endless Battle Clause: Forcing endless battles is banned\n|rule|OHKO Clause: OHKO moves are banned\n|rule|Evasion Moves Clause: Evasion moves are banned\n|rule|Evasion Items Clause: Evasion items are banned\n|rule|Species Clause: Limit one of each Pok\u00e9mon\n|rule|Sleep Clause Mod: Limit one foe put to sleep\n|rule|Mega Rayquaza Clause: You cannot mega evolve Rayquaza\n|clearpoke\n|poke|p1|Necrozma-Dusk-Mane|\n|poke|p1|Arceus-Water|\n|poke|p1|Tyranitar, F|\n|poke|p1|Houndstone, M|\n|poke|p1|Garchomp, M|\n|poke|p1|Celesteela|\n|poke|p2|Dialga|\n|poke|p2|Samurott-Hisui, F|\n|poke|p2|Iron Bundle|\n|poke|p2|Ho-Oh|\n|poke|p2|Arceus-Ground|\n|poke|p2|Ogerpon, F|\n|teampreview\n|c|\u2606HopeAddict|glhf gamer\n|c|\u2606PaperDrMario|glhf\n|j| AshenAraquanid\n|j| Tazz21\n|c| AshenAraquanid|ayo match time?\n|\n|t:|1698977295\n|start\n|switch|p1a: ahhh bamboo hands|Celesteela|100\/100\n|switch|p2a: poop god|Arceus-Ground|100\/100\n|turn|1\n|\n|t:|1698977312\n|move|p2a: poop god|Swords Dance|p2a: poop god\n|-boost|p2a: poop god|atk|2\n|move|p1a: ahhh bamboo hands|Toxic|p2a: poop god\n|-status|p2a: poop god|tox\n|\n|-damage|p2a: poop god|94\/100 tox|[from] psn\n|upkeep\n|turn|2\n|\n|t:|1698977322\n|move|p2a: poop god|Swords Dance|p2a: poop god\n|-boost|p2a: poop god|atk|2\n|move|p1a: ahhh bamboo hands|Leech Seed|p2a: poop god\n|-start|p2a: poop god|move: Leech Seed\n|\n|-damage|p2a: poop god|82\/100 tox|[from] Leech Seed|[of] p1a: ahhh bamboo hands\n|-damage|p2a: poop god|70\/100 tox|[from] psn\n|upkeep\n|turn|3\n|\n|t:|1698977331\n|move|p2a: poop god|Flare Blitz|p1a: ahhh bamboo hands\n|-supereffective|p1a: ahhh bamboo hands\n|-crit|p1a: ahhh bamboo hands\n|-damage|p1a: ahhh bamboo hands|0 fnt\n|faint|p1a: ahhh bamboo hands\n|-damage|p2a: poop god|38\/100 tox|[from] Recoil\n|\n|-damage|p2a: poop god|20\/100 tox|[from] psn\n|upkeep\n|\n|t:|1698977339\n|switch|p1a: *piss blast*|Arceus-Water|100\/100\n|turn|4\n|j| Berryandon\n|\n|t:|1698977345\n|move|p2a: poop god|Earthquake|p1a: *piss blast*\n|-damage|p1a: *piss blast*|0 fnt\n|faint|p1a: *piss blast*\n|\n|-damage|p2a: poop god|0 fnt|[from] psn\n|faint|p2a: poop god\n|upkeep\n|c|\u2606PaperDrMario|damnit\n|c|\u2606PaperDrMario|that was a mistake\n|\n|t:|1698977382\n|switch|p2a: Samuel Rott|Samurott-Hisui, F|100\/100\n|switch|p1a: Blahaj|Garchomp, M, shiny|100\/100\n|turn|5\n|\n|t:|1698977397\n|move|p2a: Samuel Rott|Knock Off|p1a: Blahaj\n|-damage|p1a: Blahaj|53\/100\n|-damage|p2a: Samuel Rott|88\/100|[from] ability: Rough Skin|[of] p1a: Blahaj\n|-enditem|p1a: Blahaj|Life Orb|[from] move: Knock Off|[of] p2a: Samuel Rott\n|move|p1a: Blahaj|Earthquake|p2a: Samuel Rott\n|-damage|p2a: Samuel Rott|19\/100\n|\n|upkeep\n|turn|6\n|j| lonly wolf\n|\n|t:|1698977412\n|switch|p2a: Friend! :)|Ogerpon, F|100\/100\n|move|p1a: Blahaj|Earthquake|p2a: Friend! :)\n|-resisted|p2a: Friend! :)\n|-damage|p2a: Friend! :)|67\/100\n|\n|-heal|p2a: Friend! :)|73\/100|[from] item: Leftovers\n|upkeep\n|turn|7\n|\n|t:|1698977426\n|switch|p1a: Sunny D|Necrozma-Dusk-Mane|100\/100\n|move|p2a: Friend! :)|Swords Dance|p2a: Friend! :)\n|-boost|p2a: Friend! :)|atk|2\n|\n|-heal|p2a: Friend! :)|79\/100|[from] item: Leftovers\n|upkeep\n|turn|8\n|\n|t:|1698977445\n|move|p2a: Friend! :)|Knock Off|p1a: Sunny D\n|-supereffective|p1a: Sunny D\n|-damage|p1a: Sunny D|32\/100\n|-enditem|p1a: Sunny D|Leftovers|[from] move: Knock Off|[of] p2a: Friend! :)\n|move|p1a: Sunny D|Dragon Dance|p1a: Sunny D\n|-boost|p1a: Sunny D|atk|1\n|-boost|p1a: Sunny D|spe|1\n|\n|-heal|p2a: Friend! :)|85\/100|[from] item: Leftovers\n|upkeep\n|turn|9\n|\n|t:|1698977466\n|move|p1a: Sunny D|Photon Geyser|p2a: Friend! :)\n|-damage|p2a: Friend! :)|0 fnt\n|faint|p2a: Friend! :)\n|\n|upkeep\n|c| Berryandon|Thats a crazy animation\n|\n|t:|1698977484\n|switch|p2a: Samuel Rott|Samurott-Hisui, F|19\/100\n|turn|10\n|\n|t:|1698977492\n|move|p2a: Samuel Rott|Ceaseless Edge|p1a: Sunny D|[miss]\n|-miss|p2a: Samuel Rott|p1a: Sunny D\n|move|p1a: Sunny D|Iron Head|p2a: Samuel Rott\n|-resisted|p2a: Samuel Rott\n|-damage|p2a: Samuel Rott|0 fnt\n|faint|p2a: Samuel Rott\n|\n|upkeep\n|c|\u2606HopeAddict|dang\n|c|\u2606PaperDrMario|phew\n|c| Berryandon|No way\n|\n|t:|1698977512\n|switch|p2a: box|Iron Bundle|100\/100\n|turn|11\n|\n|t:|1698977523\n|move|p2a: box|Hydro Pump|p1a: Sunny D\n|-damage|p1a: Sunny D|0 fnt\n|faint|p1a: Sunny D\n|\n|upkeep\n|\n|t:|1698977526\n|switch|p1a: RETURN THE SLAB|Tyranitar, F|100\/100\n|-weather|Sandstorm|[from] ability: Sand Stream|[of] p1a: RETURN THE SLAB\n|turn|12\n|\n|t:|1698977554\n|-end|p2a: box|Quark Drive|[silent]\n|switch|p2a: bozo|Dialga|100\/100\n|-ability|p2a: bozo|Pressure\n|move|p1a: RETURN THE SLAB|Stone Edge|p2a: bozo\n|-resisted|p2a: bozo\n|-damage|p2a: bozo|81\/100\n|\n|-weather|Sandstorm|[upkeep]\n|upkeep\n|turn|13\n|\n|t:|1698977564\n|switch|p1a: Blahaj|Garchomp, M, shiny|53\/100\n|move|p2a: bozo|Flash Cannon|p1a: Blahaj\n|-damage|p1a: Blahaj|0 fnt\n|faint|p1a: Blahaj\n|\n|-weather|Sandstorm|[upkeep]\n|upkeep\n|\n|t:|1698977569\n|switch|p1a: RIP Jose|Houndstone, M|100\/100\n|turn|14\n|c|\u2606HopeAddict|bruh\n|\n|t:|1698977578\n|move|p1a: RIP Jose|Last Respects|p2a: bozo\n|-damage|p2a: bozo|0 fnt\n|faint|p2a: bozo\n|\n|-weather|Sandstorm|[upkeep]\n|upkeep\n|c|\u2606PaperDrMario|:)\n|\n|t:|1698977610\n|switch|p2a: box|Iron Bundle|100\/100\n|turn|15\n|\n|t:|1698977617\n|move|p1a: RIP Jose|Last Respects|p2a: box\n|-damage|p2a: box|0 fnt\n|faint|p2a: box\n|-end|p2a: box|Quark Drive|[silent]\n|\n|-weather|Sandstorm|[upkeep]\n|upkeep\n|\n|t:|1698977620\n|switch|p2a: chiknen nunget|Ho-Oh|100\/100\n|turn|16\n|c|\u2606HopeAddict|yeah i knew it was gonna come to this\n|\n|t:|1698977632\n|move|p1a: RIP Jose|Last Respects|p2a: chiknen nunget\n|-damage|p2a: chiknen nunget|0 fnt\n|faint|p2a: chiknen nunget\n|\n|win|PaperDrMario\n","uploadtime":1698977639,"views":20,"p1id":"paperdrmario","p2id":"hopeaddict","formatid":"gen9nationaldexubers","rating":0,"private":0,"password":""}