{"id":"gen9nationaldexubers-1980708242","p1":"Winryli","p2":"Trainitar2.2","format":"[Gen 9] National Dex Ubers","log":"|j|\u2606Winryli\n|j|\u2606Trainitar2.2\n|t:|1698816657\n|gametype|singles\n|player|p1|Winryli|101|1066\n|player|p2|Trainitar2.2|ninjaboy|1105\n|teamsize|p1|6\n|teamsize|p2|6\n|gen|9\n|tier|[Gen 9] National Dex Ubers\n|rated|\n|rule|HP Percentage Mod: HP is shown in percentages\n|rule|Endless Battle Clause: Forcing endless battles is banned\n|rule|OHKO Clause: OHKO moves are banned\n|rule|Evasion Moves Clause: Evasion moves are banned\n|rule|Evasion Items Clause: Evasion items are banned\n|rule|Species Clause: Limit one of each Pok\u00e9mon\n|rule|Sleep Clause Mod: Limit one foe put to sleep\n|rule|Mega Rayquaza Clause: You cannot mega evolve Rayquaza\n|clearpoke\n|poke|p1|Dragapult, F|\n|poke|p1|Ninetales-Alola, M|\n|poke|p1|Lucario, F|\n|poke|p1|Iron Bundle|\n|poke|p1|Arcanine, M|\n|poke|p1|Corviknight, F|\n|poke|p2|Salamence, F|\n|poke|p2|Xerneas-*|\n|poke|p2|Necrozma-Dusk-Mane|\n|poke|p2|Yveltal|\n|poke|p2|Ho-Oh|\n|poke|p2|Eternatus|\n|teampreview\n|inactive|Battle timer is ON: inactive players will automatically lose when time's up. (requested by Trainitar2.2)\n|\n|t:|1698816671\n|start\n|switch|p1a: Ninetales|Ninetales-Alola, M|100\/100\n|switch|p2a: Ho-Oh|Ho-Oh|100\/100\n|-weather|Snow|[from] ability: Snow Warning|[of] p1a: Ninetales\n|turn|1\n|\n|t:|1698816677\n|move|p1a: Ninetales|Aurora Veil|p1a: Ninetales\n|-sidestart|p1: Winryli|move: Aurora Veil\n|move|p2a: Ho-Oh|Sacred Fire|p1a: Ninetales\n|-supereffective|p1a: Ninetales\n|-damage|p1a: Ninetales|61\/100\n|\n|-weather|Snow|[upkeep]\n|upkeep\n|turn|2\n|\n|t:|1698816697\n|switch|p1a: Dragapult|Dragapult, F|100\/100\n|move|p2a: Ho-Oh|Defog|p1a: Dragapult\n|-unboost|p1a: Dragapult|evasion|1\n|-sideend|p1: Winryli|move: Aurora Veil\n|\n|-weather|Snow|[upkeep]\n|upkeep\n|turn|3\n|\n|t:|1698816707\n|move|p1a: Dragapult|Will-O-Wisp|p2a: Ho-Oh\n|-immune|p2a: Ho-Oh\n|move|p2a: Ho-Oh|Will-O-Wisp|p1a: Dragapult\n|-status|p1a: Dragapult|brn\n|\n|-weather|Snow|[upkeep]\n|-damage|p1a: Dragapult|94\/100 brn|[from] brn\n|upkeep\n|turn|4\n|\n|t:|1698816717\n|move|p1a: Dragapult|Substitute|p1a: Dragapult\n|-start|p1a: Dragapult|Substitute\n|-damage|p1a: Dragapult|69\/100 brn\n|move|p2a: Ho-Oh|Sacred Fire|p1a: Dragapult\n|-resisted|p1a: Dragapult\n|-activate|p1a: Dragapult|move: Substitute|[damage]\n|\n|-weather|Snow|[upkeep]\n|-heal|p1a: Dragapult|75\/100 brn|[from] item: Leftovers\n|-damage|p1a: Dragapult|69\/100 brn|[from] brn\n|upkeep\n|turn|5\n|\n|t:|1698816727\n|move|p1a: Dragapult|Dragon Pulse|p2a: Ho-Oh\n|-damage|p2a: Ho-Oh|87\/100\n|move|p2a: Ho-Oh|Whirlwind|p1a: Dragapult\n|drag|p1a: Arcanine|Arcanine, M|100\/100\n|-ability|p1a: Arcanine|Intimidate|boost\n|-unboost|p2a: Ho-Oh|atk|1\n|\n|-weather|none\n|upkeep\n|turn|6\n|\n|t:|1698816737\n|switch|p2a: Salamence|Salamence, F|100\/100\n|-ability|p2a: Salamence|Intimidate|boost\n|-unboost|p1a: Arcanine|atk|1\n|move|p1a: Arcanine|Extreme Speed|p2a: Salamence\n|-damage|p2a: Salamence|79\/100\n|\n|upkeep\n|turn|7\n|\n|t:|1698816750\n|detailschange|p2a: Salamence|Salamence-Mega, F\n|-mega|p2a: Salamence|Salamence|Salamencite\n|move|p1a: Arcanine|Extreme Speed|p2a: Salamence\n|-damage|p2a: Salamence|65\/100\n|move|p2a: Salamence|Dragon Dance|p2a: Salamence\n|-boost|p2a: Salamence|atk|1\n|-boost|p2a: Salamence|spe|1\n|\n|upkeep\n|turn|8\n|-message|Winryli forfeited.\n|\n|win|Trainitar2.2\n|raw|Winryli's rating: 1066 &rarr; <strong>1048<\/strong><br \/>(-18 for losing)\n|raw|Trainitar2.2's rating: 1105 &rarr; <strong>1127<\/strong><br \/>(+22 for winning)\n|l|\u2606Winryli\n","uploadtime":1698816764,"views":3,"p1id":"winryli","p2id":"trainitar22","formatid":"gen9nationaldexubers","rating":1048,"private":0,"password":""}