{"id":"gen9nationaldexubers-1988138818","p1":"HarmTurtle","p2":"DarthBowser151","format":"[Gen 9] National Dex Ubers","log":"|j|\u2606HarmTurtle\n|j|\u2606DarthBowser151\n|t:|1699674451\n|gametype|singles\n|player|p1|HarmTurtle|carmine-festival|\n|player|p2|DarthBowser151|clay|\n|teamsize|p1|6\n|teamsize|p2|6\n|gen|9\n|tier|[Gen 9] National Dex Ubers\n|rule|HP Percentage Mod: HP is shown in percentages\n|rule|Endless Battle Clause: Forcing endless battles is banned\n|rule|OHKO Clause: OHKO moves are banned\n|rule|Evasion Moves Clause: Evasion moves are banned\n|rule|Evasion Items Clause: Evasion items are banned\n|rule|Species Clause: Limit one of each Pok\u00e9mon\n|rule|Sleep Clause Mod: Limit one foe put to sleep\n|rule|Mega Rayquaza Clause: You cannot mega evolve Rayquaza\n|clearpoke\n|poke|p1|Breloom, F|\n|poke|p1|Gliscor, M|\n|poke|p1|Swampert, M|\n|poke|p1|Gastrodon-East, F|\n|poke|p1|Diggersby, F|\n|poke|p1|Steelix, M|\n|poke|p2|Celesteela|\n|poke|p2|Chesnaught, F|\n|poke|p2|Cobalion|\n|poke|p2|Tyrantrum, M|\n|poke|p2|Minun, M|\n|poke|p2|Marowak, M|\n|teampreview\n|j| Rio34\n|\n|t:|1699674502\n|start\n|switch|p1a: Steelix|Steelix, M|100\/100\n|switch|p2a: Minun|Minun, M|100\/100\n|turn|1\n|c|\u2606HarmTurtle|gl hf!\n|\n|t:|1699674555\n|move|p2a: Minun|Light Screen|p2a: Minun\n|-sidestart|p2: DarthBowser151|move: Light Screen\n|move|p1a: Steelix|Stealth Rock|p2a: Minun\n|-sidestart|p2: DarthBowser151|move: Stealth Rock\n|\n|upkeep\n|turn|2\n|\n|t:|1699674575\n|switch|p2a: Celesteela|Celesteela|100\/100\n|-damage|p2a: Celesteela|88\/100|[from] Stealth Rock\n|move|p1a: Steelix|Iron Defense|p1a: Steelix\n|-boost|p1a: Steelix|def|2\n|\n|-heal|p2a: Celesteela|94\/100|[from] item: Leftovers\n|upkeep\n|turn|3\n|\n|t:|1699674603\n|move|p2a: Celesteela|Leech Seed|p1a: Steelix\n|-start|p1a: Steelix|move: Leech Seed\n|move|p1a: Steelix|Roar|p2a: Celesteela\n|drag|p2a: Marowak|Marowak, M|100\/100\n|-damage|p2a: Marowak|94\/100|[from] Stealth Rock\n|\n|-damage|p1a: Steelix|88\/100|[from] Leech Seed|[of] p2a: Marowak\n|-heal|p2a: Marowak|100\/100|[silent]\n|upkeep\n|turn|4\n|\n|t:|1699674620\n|switch|p1a: Gliscor|Gliscor, M, shiny|100\/100\n|move|p2a: Marowak|Earthquake|p1a: Gliscor\n|-immune|p1a: Gliscor\n|\n|-status|p1a: Gliscor|tox|[from] item: Toxic Orb\n|upkeep\n|turn|5\n|\n|t:|1699674630\n|move|p1a: Gliscor|Knock Off|p2a: Marowak\n|-damage|p2a: Marowak|80\/100\n|-enditem|p2a: Marowak|Thick Club|[from] move: Knock Off|[of] p1a: Gliscor\n|move|p2a: Marowak|Knock Off|p1a: Gliscor\n|-damage|p1a: Gliscor|83\/100 tox\n|-enditem|p1a: Gliscor|Toxic Orb|[from] move: Knock Off|[of] p2a: Marowak\n|\n|-heal|p1a: Gliscor|96\/100 tox|[from] ability: Poison Heal\n|-sideend|p2: DarthBowser151|move: Light Screen\n|upkeep\n|turn|6\n|\n|t:|1699674660\n|switch|p1a: Steelix|Steelix, M|88\/100\n|move|p2a: Marowak|Swords Dance|p2a: Marowak\n|-boost|p2a: Marowak|atk|2\n|\n|-heal|p1a: Steelix|94\/100|[from] item: Leftovers\n|upkeep\n|turn|7\n|\n|t:|1699674670\n|move|p2a: Marowak|Earthquake|p1a: Steelix\n|-supereffective|p1a: Steelix\n|-damage|p1a: Steelix|4\/100\n|move|p1a: Steelix|Roar|p2a: Marowak\n|drag|p2a: Tyrantrum|Tyrantrum, M|100\/100\n|-damage|p2a: Tyrantrum|88\/100|[from] Stealth Rock\n|\n|-heal|p1a: Steelix|10\/100|[from] item: Leftovers\n|upkeep\n|turn|8\n|\n|t:|1699674696\n|move|p2a: Tyrantrum|Earthquake|p1a: Steelix\n|-supereffective|p1a: Steelix\n|-crit|p1a: Steelix\n|-damage|p1a: Steelix|0 fnt\n|faint|p1a: Steelix\n|\n|upkeep\n|\n|t:|1699674709\n|switch|p1a: Swampert|Swampert, M|100\/100\n|turn|9\n|\n|t:|1699674731\n|switch|p2a: Chesnaught|Chesnaught, F|100\/100\n|-damage|p2a: Chesnaught|94\/100|[from] Stealth Rock\n|move|p1a: Swampert|Earthquake|p2a: Chesnaught\n|-resisted|p2a: Chesnaught\n|-damage|p2a: Chesnaught|81\/100\n|\n|upkeep\n|turn|10\n|\n|t:|1699674754\n|move|p1a: Swampert|Substitute|p1a: Swampert\n|-start|p1a: Swampert|Substitute\n|-damage|p1a: Swampert|76\/100\n|move|p2a: Chesnaught|Spikes|p1a: Swampert\n|-sidestart|p1: HarmTurtle|Spikes\n|\n|upkeep\n|turn|11\n|\n|t:|1699674764\n|move|p1a: Swampert|Liquidation|p2a: Chesnaught\n|-resisted|p2a: Chesnaught\n|-damage|p2a: Chesnaught|70\/100\n|-unboost|p2a: Chesnaught|def|1\n|-damage|p1a: Swampert|59\/100|[from] item: Rocky Helmet|[of] p2a: Chesnaught\n|move|p2a: Chesnaught|Body Press|p1a: Swampert\n|-end|p1a: Swampert|Substitute\n|\n|upkeep\n|turn|12\n|\n|t:|1699674784\n|move|p1a: Swampert|Substitute|p1a: Swampert\n|-start|p1a: Swampert|Substitute\n|-damage|p1a: Swampert|34\/100\n|move|p2a: Chesnaught|Spikes|p1a: Swampert\n|-sidestart|p1: HarmTurtle|Spikes\n|\n|upkeep\n|turn|13\n|\n|t:|1699674793\n|move|p1a: Swampert|Earthquake|p2a: Chesnaught\n|-resisted|p2a: Chesnaught\n|-damage|p2a: Chesnaught|50\/100\n|move|p2a: Chesnaught|Body Press|p1a: Swampert\n|-end|p1a: Swampert|Substitute\n|\n|upkeep\n|turn|14\n|\n|t:|1699674801\n|move|p1a: Swampert|Substitute|p1a: Swampert\n|-start|p1a: Swampert|Substitute\n|-damage|p1a: Swampert|9\/100\n|-enditem|p1a: Swampert|Salac Berry|[eat]\n|-boost|p1a: Swampert|spe|1|[from] item: Salac Berry\n|move|p2a: Chesnaught|Synthesis|p2a: Chesnaught\n|-heal|p2a: Chesnaught|99\/100\n|\n|upkeep\n|turn|15\n|\n|t:|1699674810\n|move|p1a: Swampert|Endeavor|p2a: Chesnaught\n|-damage|p2a: Chesnaught|8\/100\n|-damage|p1a: Swampert|0 fnt|[from] item: Rocky Helmet|[of] p2a: Chesnaught\n|faint|p1a: Swampert\n|move|p2a: Chesnaught|Body Press|p1: Swampert|[notarget]\n|-fail|p2a: Chesnaught\n|\n|upkeep\n|\n|t:|1699674824\n|switch|p1a: Gliscor|Gliscor, M, shiny|96\/100 tox\n|turn|16\n|\n|t:|1699674836\n|move|p1a: Gliscor|Earthquake|p2a: Chesnaught\n|-resisted|p2a: Chesnaught\n|-damage|p2a: Chesnaught|0 fnt\n|faint|p2a: Chesnaught\n|\n|-heal|p1a: Gliscor|100\/100 tox|[from] ability: Poison Heal\n|upkeep\n|\n|t:|1699674920\n|switch|p2a: Celesteela|Celesteela|94\/100\n|-damage|p2a: Celesteela|82\/100|[from] Stealth Rock\n|turn|17\n|\n|t:|1699674931\n|move|p1a: Gliscor|Knock Off|p2a: Celesteela\n|-damage|p2a: Celesteela|67\/100\n|-enditem|p2a: Celesteela|Leftovers|[from] move: Knock Off|[of] p1a: Gliscor\n|move|p2a: Celesteela|Leech Seed|p1a: Gliscor\n|-start|p1a: Gliscor|move: Leech Seed\n|\n|-damage|p1a: Gliscor|88\/100 tox|[from] Leech Seed|[of] p2a: Celesteela\n|-heal|p2a: Celesteela|78\/100|[silent]\n|-heal|p1a: Gliscor|100\/100 tox|[from] ability: Poison Heal\n|upkeep\n|turn|18\n|\n|t:|1699674950\n|switch|p1a: Diggersby|Diggersby, F|100\/100\n|-damage|p1a: Diggersby|84\/100|[from] Spikes\n|move|p2a: Celesteela|Giga Drain|p1a: Diggersby\n|-supereffective|p1a: Diggersby\n|-damage|p1a: Diggersby|43\/100\n|-heal|p2a: Celesteela|96\/100|[from] drain|[of] p1a: Diggersby\n|\n|upkeep\n|turn|19\n|\n|t:|1699674968\n|move|p1a: Diggersby|U-turn|p2a: Celesteela\n|-resisted|p2a: Celesteela\n|-damage|p2a: Celesteela|88\/100\n|\n|t:|1699674970\n|switch|p1a: Breloom|Breloom, F|100\/100|[from] U-turn\n|-damage|p1a: Breloom|84\/100|[from] Spikes\n|move|p2a: Celesteela|Leech Seed|p1a: Breloom\n|-immune|p1a: Breloom\n|\n|upkeep\n|turn|20\n|\n|t:|1699674994\n|switch|p2a: Marowak|Marowak, M|80\/100\n|-damage|p2a: Marowak|74\/100|[from] Stealth Rock\n|move|p1a: Breloom|Spore|p2a: Marowak\n|-status|p2a: Marowak|slp|[from] move: Spore\n|\n|upkeep\n|turn|21\n|\n|t:|1699675008\n|move|p1a: Breloom|Bullet Seed|p2a: Marowak\n|-supereffective|p2a: Marowak\n|-damage|p2a: Marowak|39\/100 slp\n|-supereffective|p2a: Marowak\n|-damage|p2a: Marowak|2\/100 slp\n|-supereffective|p2a: Marowak\n|-damage|p2a: Marowak|0 fnt\n|faint|p2a: Marowak\n|-hitcount|p2: Marowak|3\n|\n|upkeep\n|\n|t:|1699675024\n|switch|p2a: Cobalion|Cobalion|100\/100\n|-damage|p2a: Cobalion|97\/100|[from] Stealth Rock\n|turn|22\n|\n|t:|1699675035\n|-terastallize|p1a: Breloom|Ground\n|move|p2a: Cobalion|Air Slash|p1a: Breloom\n|-damage|p1a: Breloom|18\/100\n|move|p1a: Breloom|Bulldoze|p2a: Cobalion\n|-supereffective|p2a: Cobalion\n|-damage|p2a: Cobalion|14\/100\n|-unboost|p2a: Cobalion|spe|1\n|\n|upkeep\n|turn|23\n|\n|t:|1699675055\n|switch|p2a: Minun|Minun, M|100\/100\n|-damage|p2a: Minun|88\/100|[from] Stealth Rock\n|move|p1a: Breloom|Bullet Seed|p2a: Minun\n|-damage|p2a: Minun|51\/100\n|-damage|p2a: Minun|13\/100\n|-damage|p2a: Minun|0 fnt\n|faint|p2a: Minun\n|-hitcount|p2: Minun|3\n|\n|upkeep\n|\n|t:|1699675072\n|switch|p2a: Cobalion|Cobalion|14\/100\n|-damage|p2a: Cobalion|11\/100|[from] Stealth Rock\n|turn|24\n|\n|t:|1699675082\n|move|p1a: Breloom|Mach Punch|p2a: Cobalion\n|-supereffective|p2a: Cobalion\n|-damage|p2a: Cobalion|0 fnt\n|faint|p2a: Cobalion\n|\n|upkeep\n|\n|t:|1699675095\n|switch|p2a: Tyrantrum|Tyrantrum, M|88\/100\n|-damage|p2a: Tyrantrum|76\/100|[from] Stealth Rock\n|turn|25\n|\n|t:|1699675109\n|move|p1a: Breloom|Mach Punch|p2a: Tyrantrum\n|-supereffective|p2a: Tyrantrum\n|-damage|p2a: Tyrantrum|16\/100\n|move|p2a: Tyrantrum|Earthquake|p1a: Breloom\n|-damage|p1a: Breloom|0 fnt\n|faint|p1a: Breloom\n|\n|upkeep\n|\n|t:|1699675128\n|switch|p1a: Gliscor|Gliscor, M, shiny|100\/100 tox\n|turn|26\n|\n|t:|1699675170\n|switch|p2a: Celesteela|Celesteela|88\/100\n|-damage|p2a: Celesteela|75\/100|[from] Stealth Rock\n|move|p1a: Gliscor|Knock Off|p2a: Celesteela\n|-damage|p2a: Celesteela|65\/100\n|\n|upkeep\n|turn|27\n|\n|t:|1699675180\n|move|p1a: Gliscor|Protect|p1a: Gliscor\n|-singleturn|p1a: Gliscor|Protect\n|move|p2a: Celesteela|Leech Seed|p1a: Gliscor\n|-activate|p1a: Gliscor|move: Protect\n|\n|upkeep\n|turn|28\n|\n|t:|1699675187\n|move|p1a: Gliscor|Defog|p2a: Celesteela\n|-unboost|p2a: Celesteela|evasion|1\n|-sideend|p2: DarthBowser151|Stealth Rock|[from] move: Defog|[of] p1a: Gliscor\n|-sideend|p1: HarmTurtle|Spikes|[from] move: Defog|[of] p1a: Gliscor\n|move|p2a: Celesteela|Leech Seed|p1a: Gliscor\n|-start|p1a: Gliscor|move: Leech Seed\n|\n|-damage|p1a: Gliscor|88\/100 tox|[from] Leech Seed|[of] p2a: Celesteela\n|-heal|p2a: Celesteela|76\/100|[silent]\n|-heal|p1a: Gliscor|100\/100 tox|[from] ability: Poison Heal\n|upkeep\n|turn|29\n|\n|t:|1699675240\n|move|p1a: Gliscor|Knock Off|p2a: Celesteela\n|-damage|p2a: Celesteela|66\/100\n|move|p2a: Celesteela|Giga Drain|p1a: Gliscor\n|-damage|p1a: Gliscor|77\/100 tox\n|-heal|p2a: Celesteela|76\/100|[from] drain|[of] p1a: Gliscor\n|\n|-damage|p1a: Gliscor|65\/100 tox|[from] Leech Seed|[of] p2a: Celesteela\n|-heal|p2a: Celesteela|87\/100|[silent]\n|-heal|p1a: Gliscor|77\/100 tox|[from] ability: Poison Heal\n|upkeep\n|turn|30\n|\n|t:|1699675265\n|switch|p1a: Diggersby|Diggersby, F|43\/100\n|move|p2a: Celesteela|Giga Drain|p1a: Diggersby\n|-supereffective|p1a: Diggersby\n|-damage|p1a: Diggersby|0 fnt\n|-heal|p2a: Celesteela|100\/100|[from] drain|[of] p1a: Diggersby\n|faint|p1a: Diggersby\n|-ability|p2a: Celesteela|Beast Boost|boost\n|-boost|p2a: Celesteela|spd|1\n|\n|upkeep\n|\n|t:|1699675270\n|switch|p1a: Gastrodon|Gastrodon-East, F|100\/100\n|turn|31\n|\n|t:|1699675283\n|move|p2a: Celesteela|Giga Drain|p1a: Gastrodon\n|-supereffective|p1a: Gastrodon\n|-damage|p1a: Gastrodon|47\/100\n|move|p1a: Gastrodon|Scald|p2a: Celesteela\n|-damage|p2a: Celesteela|89\/100\n|\n|-heal|p1a: Gastrodon|54\/100|[from] item: Leftovers\n|upkeep\n|turn|32\n|\n|t:|1699675303\n|move|p2a: Celesteela|Giga Drain|p1a: Gastrodon\n|-supereffective|p1a: Gastrodon\n|-damage|p1a: Gastrodon|2\/100\n|-heal|p2a: Celesteela|100\/100|[from] drain|[of] p1a: Gastrodon\n|move|p1a: Gastrodon|Recover|p1a: Gastrodon\n|-heal|p1a: Gastrodon|52\/100\n|\n|-heal|p1a: Gastrodon|58\/100|[from] item: Leftovers\n|upkeep\n|turn|33\n|\n|t:|1699675326\n|move|p2a: Celesteela|Toxic|p1a: Gastrodon\n|-status|p1a: Gastrodon|tox\n|move|p1a: Gastrodon|Recover|p1a: Gastrodon\n|-heal|p1a: Gastrodon|100\/100 tox\n|\n|-damage|p1a: Gastrodon|94\/100 tox|[from] psn\n|upkeep\n|turn|34\n|\n|t:|1699675337\n|move|p2a: Celesteela|Leech Seed|p1a: Gastrodon\n|-start|p1a: Gastrodon|move: Leech Seed\n|move|p1a: Gastrodon|Scald|p2a: Celesteela\n|-damage|p2a: Celesteela|89\/100\n|\n|-heal|p1a: Gastrodon|100\/100 tox|[from] item: Leftovers\n|-damage|p1a: Gastrodon|88\/100 tox|[from] Leech Seed|[of] p2a: Celesteela\n|-heal|p2a: Celesteela|100\/100|[silent]\n|-damage|p1a: Gastrodon|75\/100 tox|[from] psn\n|upkeep\n|turn|35\n|\n|t:|1699675358\n|switch|p1a: Gliscor|Gliscor, M, shiny|77\/100 tox\n|move|p2a: Celesteela|Giga Drain|p1a: Gliscor\n|-damage|p1a: Gliscor|53\/100 tox\n|\n|-heal|p1a: Gliscor|66\/100 tox|[from] ability: Poison Heal\n|upkeep\n|turn|36\n|\n|t:|1699675369\n|move|p1a: Gliscor|Protect|p1a: Gliscor\n|-singleturn|p1a: Gliscor|Protect\n|move|p2a: Celesteela|Leech Seed|p1a: Gliscor\n|-activate|p1a: Gliscor|move: Protect\n|\n|-heal|p1a: Gliscor|78\/100 tox|[from] ability: Poison Heal\n|upkeep\n|turn|37\n|\n|t:|1699675398\n|switch|p1a: Gastrodon|Gastrodon-East, F|75\/100 tox\n|move|p2a: Celesteela|Leech Seed|p1a: Gastrodon\n|-start|p1a: Gastrodon|move: Leech Seed\n|\n|-heal|p1a: Gastrodon|82\/100 tox|[from] item: Leftovers\n|-damage|p1a: Gastrodon|69\/100 tox|[from] Leech Seed|[of] p2a: Celesteela\n|-damage|p1a: Gastrodon|63\/100 tox|[from] psn\n|upkeep\n|turn|38\n|\n|t:|1699675429\n|move|p2a: Celesteela|Giga Drain|p1a: Gastrodon\n|-supereffective|p1a: Gastrodon\n|-damage|p1a: Gastrodon|4\/100 tox\n|move|p1a: Gastrodon|Scald|p2a: Celesteela\n|-damage|p2a: Celesteela|90\/100\n|-status|p2a: Celesteela|brn\n|\n|-heal|p1a: Gastrodon|10\/100 tox|[from] item: Leftovers\n|-damage|p1a: Gastrodon|0 fnt|[from] Leech Seed|[of] p2a: Celesteela\n|-heal|p2a: Celesteela|99\/100 brn|[silent]\n|faint|p1a: Gastrodon\n|-damage|p2a: Celesteela|93\/100 brn|[from] brn\n|upkeep\n|\n|t:|1699675436\n|switch|p1a: Gliscor|Gliscor, M, shiny|78\/100 tox\n|turn|39\n|\n|t:|1699675450\n|move|p1a: Gliscor|Protect|p1a: Gliscor\n|-singleturn|p1a: Gliscor|Protect\n|move|p2a: Celesteela|Leech Seed|p1a: Gliscor\n|-activate|p1a: Gliscor|move: Protect\n|\n|-heal|p1a: Gliscor|91\/100 tox|[from] ability: Poison Heal\n|-damage|p2a: Celesteela|87\/100 brn|[from] brn\n|upkeep\n|turn|40\n|\n|t:|1699675458\n|move|p1a: Gliscor|Knock Off|p2a: Celesteela\n|-damage|p2a: Celesteela|78\/100 brn\n|move|p2a: Celesteela|Leech Seed|p1a: Gliscor\n|-start|p1a: Gliscor|move: Leech Seed\n|\n|-damage|p1a: Gliscor|78\/100 tox|[from] Leech Seed|[of] p2a: Celesteela\n|-heal|p2a: Celesteela|89\/100 brn|[silent]\n|-heal|p1a: Gliscor|91\/100 tox|[from] ability: Poison Heal\n|-damage|p2a: Celesteela|83\/100 brn|[from] brn\n|upkeep\n|turn|41\n|\n|t:|1699675474\n|move|p1a: Gliscor|Protect|p1a: Gliscor\n|-singleturn|p1a: Gliscor|Protect\n|move|p2a: Celesteela|Giga Drain|p1a: Gliscor\n|-activate|p1a: Gliscor|move: Protect\n|\n|-damage|p1a: Gliscor|78\/100 tox|[from] Leech Seed|[of] p2a: Celesteela\n|-heal|p2a: Celesteela|94\/100 brn|[silent]\n|-heal|p1a: Gliscor|91\/100 tox|[from] ability: Poison Heal\n|-damage|p2a: Celesteela|88\/100 brn|[from] brn\n|upkeep\n|turn|42\n|\n|t:|1699675494\n|move|p2a: Celesteela|Protect|p2a: Celesteela\n|-singleturn|p2a: Celesteela|Protect\n|move|p1a: Gliscor|Knock Off|p2a: Celesteela\n|-activate|p2a: Celesteela|move: Protect\n|\n|-damage|p1a: Gliscor|78\/100 tox|[from] Leech Seed|[of] p2a: Celesteela\n|-heal|p2a: Celesteela|99\/100 brn|[silent]\n|-heal|p1a: Gliscor|91\/100 tox|[from] ability: Poison Heal\n|-damage|p2a: Celesteela|93\/100 brn|[from] brn\n|upkeep\n|turn|43\n|\n|t:|1699675509\n|move|p1a: Gliscor|Knock Off|p2a: Celesteela\n|-damage|p2a: Celesteela|82\/100 brn\n|move|p2a: Celesteela|Giga Drain|p1a: Gliscor\n|-damage|p1a: Gliscor|66\/100 tox\n|-heal|p2a: Celesteela|93\/100 brn|[from] drain|[of] p1a: Gliscor\n|\n|-damage|p1a: Gliscor|54\/100 tox|[from] Leech Seed|[of] p2a: Celesteela\n|-heal|p2a: Celesteela|100\/100 brn|[silent]\n|-heal|p1a: Gliscor|66\/100 tox|[from] ability: Poison Heal\n|-damage|p2a: Celesteela|94\/100 brn|[from] brn\n|upkeep\n|turn|44\n|\n|t:|1699675525\n|move|p2a: Celesteela|Protect|p2a: Celesteela\n|-singleturn|p2a: Celesteela|Protect\n|move|p1a: Gliscor|Earthquake|p2a: Celesteela\n|-activate|p2a: Celesteela|move: Protect\n|\n|-damage|p1a: Gliscor|54\/100 tox|[from] Leech Seed|[of] p2a: Celesteela\n|-heal|p2a: Celesteela|100\/100 brn|[silent]\n|-heal|p1a: Gliscor|66\/100 tox|[from] ability: Poison Heal\n|-damage|p2a: Celesteela|94\/100 brn|[from] brn\n|upkeep\n|turn|45\n|\n|t:|1699675543\n|move|p1a: Gliscor|Protect|p1a: Gliscor\n|-singleturn|p1a: Gliscor|Protect\n|move|p2a: Celesteela|Giga Drain|p1a: Gliscor\n|-activate|p1a: Gliscor|move: Protect\n|\n|-damage|p1a: Gliscor|54\/100 tox|[from] Leech Seed|[of] p2a: Celesteela\n|-heal|p2a: Celesteela|100\/100 brn|[silent]\n|-heal|p1a: Gliscor|66\/100 tox|[from] ability: Poison Heal\n|-damage|p2a: Celesteela|94\/100 brn|[from] brn\n|upkeep\n|turn|46\n|\n|t:|1699675557\n|move|p1a: Gliscor|Knock Off|p2a: Celesteela\n|-damage|p2a: Celesteela|84\/100 brn\n|move|p2a: Celesteela|Giga Drain|p1a: Gliscor\n|-damage|p1a: Gliscor|44\/100 tox\n|-heal|p2a: Celesteela|94\/100 brn|[from] drain|[of] p1a: Gliscor\n|\n|-damage|p1a: Gliscor|32\/100 tox|[from] Leech Seed|[of] p2a: Celesteela\n|-heal|p2a: Celesteela|100\/100 brn|[silent]\n|-heal|p1a: Gliscor|44\/100 tox|[from] ability: Poison Heal\n|-damage|p2a: Celesteela|94\/100 brn|[from] brn\n|upkeep\n|turn|47\n|\n|t:|1699675573\n|move|p1a: Gliscor|Protect|p1a: Gliscor\n|-singleturn|p1a: Gliscor|Protect\n|move|p2a: Celesteela|Protect||[still]\n|-fail|p2a: Celesteela\n|\n|-damage|p1a: Gliscor|32\/100 tox|[from] Leech Seed|[of] p2a: Celesteela\n|-heal|p2a: Celesteela|100\/100 brn|[silent]\n|-heal|p1a: Gliscor|44\/100 tox|[from] ability: Poison Heal\n|-damage|p2a: Celesteela|94\/100 brn|[from] brn\n|upkeep\n|turn|48\n|\n|t:|1699675588\n|move|p1a: Gliscor|Knock Off|p2a: Celesteela\n|-damage|p2a: Celesteela|83\/100 brn\n|move|p2a: Celesteela|Giga Drain|p1a: Gliscor\n|-damage|p1a: Gliscor|23\/100 tox\n|-heal|p2a: Celesteela|92\/100 brn|[from] drain|[of] p1a: Gliscor\n|\n|-damage|p1a: Gliscor|11\/100 tox|[from] Leech Seed|[of] p2a: Celesteela\n|-heal|p2a: Celesteela|100\/100 brn|[silent]\n|-heal|p1a: Gliscor|23\/100 tox|[from] ability: Poison Heal\n|-damage|p2a: Celesteela|94\/100 brn|[from] brn\n|upkeep\n|turn|49\n|\n|t:|1699675601\n|move|p1a: Gliscor|Knock Off|p2a: Celesteela\n|-damage|p2a: Celesteela|85\/100 brn\n|move|p2a: Celesteela|Giga Drain|p1a: Gliscor\n|-damage|p1a: Gliscor|1\/100 tox\n|-heal|p2a: Celesteela|95\/100 brn|[from] drain|[of] p1a: Gliscor\n|\n|-damage|p1a: Gliscor|0 fnt|[from] Leech Seed|[of] p2a: Celesteela\n|-heal|p2a: Celesteela|95\/100 brn|[silent]\n|faint|p1a: Gliscor\n|\n|win|DarthBowser151\n|upkeep\n","uploadtime":1699675605,"views":6,"p1id":"harmturtle","p2id":"darthbowser151","formatid":"gen9nationaldexubers","rating":0,"private":0,"password":""}