{"id":"gen9nationaldexubers-1978874471","p1":"Godspeed06","p2":"yeetbiscuit","format":"[Gen 9] National Dex Ubers","log":"|j|\u2606Godspeed06\n|j|\u2606yeetbiscuit\n|t:|1698605250\n|gametype|singles\n|player|p1|Godspeed06|sabrina|1269\n|player|p2|yeetbiscuit|265|1274\n|teamsize|p1|6\n|teamsize|p2|6\n|gen|9\n|tier|[Gen 9] National Dex Ubers\n|rated|\n|rule|HP Percentage Mod: HP is shown in percentages\n|rule|Endless Battle Clause: Forcing endless battles is banned\n|rule|OHKO Clause: OHKO moves are banned\n|rule|Evasion Moves Clause: Evasion moves are banned\n|rule|Evasion Items Clause: Evasion items are banned\n|rule|Species Clause: Limit one of each Pok\u00e9mon\n|rule|Sleep Clause Mod: Limit one foe put to sleep\n|rule|Mega Rayquaza Clause: You cannot mega evolve Rayquaza\n|clearpoke\n|poke|p1|Deoxys-Attack|\n|poke|p1|Pheromosa|\n|poke|p1|Chansey, F|\n|poke|p1|Dondozo, M|\n|poke|p1|Tapu Koko|\n|poke|p1|Vaporeon, F|\n|poke|p2|Krookodile, F|\n|poke|p2|Masquerain, F|\n|poke|p2|Kyurem|\n|poke|p2|Sneasler, M|\n|poke|p2|Alakazam, M|\n|poke|p2|Tapu Lele|\n|teampreview\n|inactive|Battle timer is ON: inactive players will automatically lose when time's up. (requested by Godspeed06)\n|\n|t:|1698605259\n|start\n|switch|p1a: Tapu Koko|Tapu Koko|100\/100\n|switch|p2a: Once|Masquerain, F|100\/100\n|-fieldstart|move: Electric Terrain|[from] ability: Electric Surge|[of] p1a: Tapu Koko\n|-ability|p2a: Once|Intimidate|boost\n|-unboost|p1a: Tapu Koko|atk|1\n|turn|1\n|\n|t:|1698605268\n|move|p1a: Tapu Koko|Thunderbolt|p2a: Once\n|-supereffective|p2a: Once\n|-crit|p2a: Once\n|-damage|p2a: Once|0 fnt\n|faint|p2a: Once\n|\n|upkeep\n|\n|t:|1698605276\n|switch|p2a: World|Tapu Lele|100\/100\n|-fieldstart|move: Psychic Terrain|[from] ability: Psychic Surge|[of] p2a: World\n|turn|2\n|\n|t:|1698605281\n|move|p1a: Tapu Koko|Light Screen|p1a: Tapu Koko\n|-sidestart|p1: Godspeed06|move: Light Screen\n|move|p2a: World|Light Screen|p2a: World\n|-sidestart|p2: yeetbiscuit|move: Light Screen\n|\n|upkeep\n|turn|3\n|\n|t:|1698605285\n|switch|p2a: Me|Sneasler, M|100\/100\n|move|p1a: Tapu Koko|Reflect|p1a: Tapu Koko\n|-sidestart|p1: Godspeed06|Reflect\n|\n|upkeep\n|turn|4\n|\n|t:|1698605300\n|move|p1a: Tapu Koko|Volt Switch|p2a: Me\n|-damage|p2a: Me|82\/100\n|\n|t:|1698605303\n|switch|p1a: Chansey|Chansey, F|100\/100|[from] Volt Switch\n|move|p2a: Me|Dire Claw|p1a: Chansey\n|-damage|p1a: Chansey|85\/100\n|-status|p1a: Chansey|par\n|\n|upkeep\n|turn|5\n|\n|t:|1698605312\n|switch|p2a: The|Alakazam, M|100\/100\n|move|p1a: Chansey|Calm Mind|p1a: Chansey\n|-boost|p1a: Chansey|spa|1\n|-boost|p1a: Chansey|spd|1\n|\n|upkeep\n|turn|6\n|\n|t:|1698605319\n|detailschange|p2a: The|Alakazam-Mega, M\n|-mega|p2a: The|Alakazam|Alakazite\n|-ability|p2a: The|Natural Cure|[from] ability: Trace|[of] p1a: Chansey\n|move|p2a: The|Focus Blast|p1a: Chansey\n|-supereffective|p1a: Chansey\n|-crit|p1a: Chansey\n|-damage|p1a: Chansey|45\/100 par\n|cant|p1a: Chansey|par\n|\n|-sideend|p2: yeetbiscuit|move: Light Screen\n|upkeep\n|turn|7\n|\n|t:|1698605340\n|-curestatus|p1a: Chansey|par|[from] ability: Natural Cure\n|switch|p1a: Dondozo|Dondozo, M|100\/100\n|move|p2a: The|Focus Blast|p1a: Dondozo|[miss]\n|-miss|p2a: The|p1a: Dondozo\n|\n|upkeep\n|turn|8\n|\n|t:|1698605353\n|move|p2a: The|Expanding Force|p1a: Dondozo\n|-damage|p1a: Dondozo|67\/100\n|move|p1a: Dondozo|Liquidation|p2a: The\n|-damage|p2a: The|42\/100\n|\n|-heal|p1a: Dondozo|73\/100|[from] item: Leftovers\n|upkeep\n|turn|9\n|\n|t:|1698605361\n|switch|p2a: Told|Kyurem|100\/100\n|-ability|p2a: Told|Pressure\n|move|p1a: Dondozo|Curse|p1a: Dondozo\n|-unboost|p1a: Dondozo|spe|1\n|-boost|p1a: Dondozo|atk|1\n|-boost|p1a: Dondozo|def|1\n|\n|-heal|p1a: Dondozo|79\/100|[from] item: Leftovers\n|-sideend|p1: Godspeed06|move: Light Screen\n|-fieldend|move: Psychic Terrain\n|upkeep\n|turn|10\n|\n|t:|1698605373\n|switch|p1a: Chansey|Chansey, F|45\/100\n|move|p2a: Told|Icicle Spear|p1a: Chansey\n|-damage|p1a: Chansey|40\/100\n|-damage|p1a: Chansey|36\/100\n|-damage|p1a: Chansey|31\/100\n|-damage|p1a: Chansey|26\/100\n|-hitcount|p1a: Chansey|4\n|\n|-sideend|p1: Godspeed06|Reflect\n|upkeep\n|turn|11\n|\n|t:|1698605387\n|move|p2a: Told|Scale Shot|p1a: Chansey\n|-damage|p1a: Chansey|16\/100\n|-damage|p1a: Chansey|5\/100\n|-damage|p1a: Chansey|0 fnt\n|faint|p1a: Chansey\n|-hitcount|p1: Chansey|3\n|-unboost|p2a: Told|def|1\n|-boost|p2a: Told|spe|1\n|\n|upkeep\n|\n|t:|1698605399\n|switch|p1a: Deoxys|Deoxys-Attack|100\/100\n|-ability|p1a: Deoxys|Pressure\n|turn|12\n|\n|t:|1698605404\n|move|p1a: Deoxys|Meteor Mash|p2a: Told\n|-supereffective|p2a: Told\n|-damage|p2a: Told|0 fnt\n|faint|p2a: Told\n|\n|upkeep\n|\n|t:|1698605413\n|switch|p2a: Somebody|Krookodile, F|100\/100\n|turn|13\n|\n|t:|1698605417\n|move|p1a: Deoxys|Ice Beam|p2a: Somebody\n|-supereffective|p2a: Somebody\n|-damage|p2a: Somebody|29\/100\n|move|p2a: Somebody|Scale Shot|p1a: Deoxys\n|-damage|p1a: Deoxys|67\/100\n|-damage|p1a: Deoxys|35\/100\n|-damage|p1a: Deoxys|0 fnt\n|faint|p1a: Deoxys\n|-ability|p2a: Somebody|Moxie|boost\n|-boost|p2a: Somebody|atk|1\n|-hitcount|p1: Deoxys|3\n|-unboost|p2a: Somebody|def|1\n|-boost|p2a: Somebody|spe|1\n|\n|upkeep\n|\n|t:|1698605424\n|switch|p1a: Dondozo|Dondozo, M|79\/100\n|turn|14\n|\n|t:|1698605433\n|move|p2a: Somebody|Knock Off|p1a: Dondozo\n|-damage|p1a: Dondozo|50\/100\n|-enditem|p1a: Dondozo|Leftovers|[from] move: Knock Off|[of] p2a: Somebody\n|move|p1a: Dondozo|Liquidation|p2a: Somebody\n|-supereffective|p2a: Somebody\n|-damage|p2a: Somebody|0 fnt\n|faint|p2a: Somebody\n|\n|upkeep\n|\n|t:|1698605440\n|switch|p2a: World|Tapu Lele|100\/100\n|-fieldstart|move: Psychic Terrain|[from] ability: Psychic Surge|[of] p2a: World\n|turn|15\n|\n|t:|1698605455\n|move|p2a: World|Energy Ball|p1a: Dondozo\n|-supereffective|p1a: Dondozo\n|-damage|p1a: Dondozo|16\/100\n|move|p1a: Dondozo|Rest|p1a: Dondozo\n|-status|p1a: Dondozo|slp|[from] move: Rest\n|-heal|p1a: Dondozo|100\/100 slp|[silent]\n|\n|upkeep\n|turn|16\n|\n|t:|1698605467\n|switch|p1a: Tapu Koko|Tapu Koko|100\/100\n|-fieldstart|move: Electric Terrain|[from] ability: Electric Surge|[of] p1a: Tapu Koko\n|move|p2a: World|Energy Ball|p1a: Tapu Koko\n|-damage|p1a: Tapu Koko|63\/100\n|\n|upkeep\n|turn|17\n|\n|t:|1698605475\n|move|p1a: Tapu Koko|Light Screen|p1a: Tapu Koko\n|-sidestart|p1: Godspeed06|move: Light Screen\n|move|p2a: World|Psychic|p1a: Tapu Koko\n|-damage|p1a: Tapu Koko|32\/100\n|\n|upkeep\n|turn|18\n|\n|t:|1698605479\n|move|p1a: Tapu Koko|Volt Switch|p2a: World\n|-damage|p2a: World|68\/100\n|\n|t:|1698605486\n|switch|p1a: Pheromosa|Pheromosa|100\/100|[from] Volt Switch\n|move|p2a: World|Psychic|p1a: Pheromosa\n|-supereffective|p1a: Pheromosa\n|-damage|p1a: Pheromosa|0 fnt\n|faint|p1a: Pheromosa\n|\n|upkeep\n|\n|t:|1698605494\n|switch|p1a: Vaporeon|Vaporeon, F|100\/100\n|turn|19\n|\n|t:|1698605500\n|-terastallize|p1a: Vaporeon|Grass\n|move|p2a: World|Energy Ball|p1a: Vaporeon\n|-resisted|p1a: Vaporeon\n|-damage|p1a: Vaporeon|96\/100\n|move|p1a: Vaporeon|Toxic|p2a: World|[miss]\n|-miss|p1a: Vaporeon|p2a: World\n|\n|-heal|p1a: Vaporeon|100\/100|[from] item: Leftovers\n|upkeep\n|turn|20\n|\n|t:|1698605509\n|switch|p2a: Me|Sneasler, M|82\/100\n|move|p1a: Vaporeon|Wish|p1a: Vaporeon\n|\n|-fieldend|move: Electric Terrain\n|upkeep\n|turn|21\n|\n|t:|1698605529\n|switch|p1a: Dondozo|Dondozo, M|100\/100 slp\n|move|p2a: Me|Dire Claw|p1a: Dondozo\n|-damage|p1a: Dondozo|74\/100 slp\n|\n|-heal|p1a: Dondozo|100\/100 slp|[from] move: Wish|[wisher] Vaporeon\n|upkeep\n|turn|22\n|\n|t:|1698605539\n|switch|p2a: World|Tapu Lele|68\/100\n|-fieldstart|move: Psychic Terrain|[from] ability: Psychic Surge|[of] p2a: World\n|cant|p1a: Dondozo|slp\n|\n|upkeep\n|turn|23\n|\n|t:|1698605550\n|switch|p1a: Vaporeon|Vaporeon, F, tera:Grass|100\/100\n|move|p2a: World|Energy Ball|p1a: Vaporeon\n|-resisted|p1a: Vaporeon\n|-damage|p1a: Vaporeon|96\/100\n|\n|-heal|p1a: Vaporeon|100\/100|[from] item: Leftovers\n|upkeep\n|turn|24\n|\n|t:|1698605558\n|move|p2a: World|Psychic|p1a: Vaporeon\n|-damage|p1a: Vaporeon|82\/100\n|move|p1a: Vaporeon|Wish|p1a: Vaporeon\n|\n|-heal|p1a: Vaporeon|88\/100|[from] item: Leftovers\n|-sideend|p1: Godspeed06|move: Light Screen\n|upkeep\n|turn|25\n|\n|t:|1698605566\n|switch|p2a: Me|Sneasler, M|82\/100\n|move|p1a: Vaporeon|Scald|p2a: Me\n|-damage|p2a: Me|41\/100\n|\n|-heal|p1a: Vaporeon|100\/100|[from] move: Wish|[wisher] Vaporeon\n|upkeep\n|turn|26\n|\n|t:|1698605574\n|move|p1a: Vaporeon|Protect|p1a: Vaporeon\n|-singleturn|p1a: Vaporeon|Protect\n|move|p2a: Me|Dire Claw|p1a: Vaporeon\n|-activate|p1a: Vaporeon|move: Protect\n|\n|upkeep\n|turn|27\n|\n|t:|1698605586\n|switch|p1a: Dondozo|Dondozo, M|100\/100 slp\n|move|p2a: Me|Dire Claw|p1a: Dondozo\n|-damage|p1a: Dondozo|74\/100 slp\n|\n|upkeep\n|turn|28\n|\n|t:|1698605592\n|move|p2a: Me|Dire Claw|p1a: Dondozo\n|-damage|p1a: Dondozo|44\/100 slp\n|cant|p1a: Dondozo|slp\n|move|p1a: Dondozo|Sleep Talk|p1a: Dondozo\n|move|p1a: Dondozo|Liquidation|p2a: Me|[from]move: Sleep Talk\n|-damage|p2a: Me|0 fnt\n|faint|p2a: Me\n|\n|upkeep\n|\n|t:|1698605600\n|switch|p2a: The|Alakazam-Mega, M|42\/100\n|-ability|p2a: The|Unaware|[from] ability: Trace|[of] p1a: Dondozo\n|turn|29\n|\n|t:|1698605606\n|move|p2a: The|Expanding Force|p1a: Dondozo\n|-damage|p1a: Dondozo|0 fnt\n|faint|p1a: Dondozo\n|\n|-fieldend|move: Psychic Terrain\n|upkeep\n|\n|t:|1698605612\n|switch|p1a: Vaporeon|Vaporeon, F, tera:Grass|100\/100\n|turn|30\n|\n|t:|1698605622\n|switch|p2a: World|Tapu Lele|68\/100\n|-fieldstart|move: Psychic Terrain|[from] ability: Psychic Surge|[of] p2a: World\n|move|p1a: Vaporeon|Toxic|p2a: World\n|-status|p2a: World|tox\n|\n|-damage|p2a: World|62\/100 tox|[from] psn\n|upkeep\n|turn|31\n|\n|t:|1698605630\n|switch|p2a: The|Alakazam-Mega, M|42\/100\n|-ability|p2a: The|Water Absorb|[from] ability: Trace|[of] p1a: Vaporeon\n|move|p1a: Vaporeon|Wish|p1a: Vaporeon\n|\n|upkeep\n|turn|32\n|\n|t:|1698605637\n|move|p2a: The|Expanding Force|p1a: Vaporeon\n|-damage|p1a: Vaporeon|25\/100\n|move|p1a: Vaporeon|Toxic|p2a: The\n|-status|p2a: The|tox\n|\n|-heal|p1a: Vaporeon|75\/100|[from] move: Wish|[wisher] Vaporeon\n|-heal|p1a: Vaporeon|81\/100|[from] item: Leftovers\n|-damage|p2a: The|36\/100 tox|[from] psn\n|upkeep\n|turn|33\n|\n|t:|1698605646\n|switch|p2a: World|Tapu Lele|62\/100 tox\n|move|p1a: Vaporeon|Protect||[still]\n|-fail|p1a: Vaporeon\n|\n|-heal|p1a: Vaporeon|87\/100|[from] item: Leftovers\n|-damage|p2a: World|56\/100 tox|[from] psn\n|upkeep\n|turn|34\n|\n|t:|1698605655\n|move|p2a: World|Psychic|p1a: Vaporeon\n|-damage|p1a: Vaporeon|46\/100\n|move|p1a: Vaporeon|Wish|p1a: Vaporeon\n|\n|-heal|p1a: Vaporeon|52\/100|[from] item: Leftovers\n|-damage|p2a: World|44\/100 tox|[from] psn\n|upkeep\n|turn|35\n|\n|t:|1698605661\n|move|p1a: Vaporeon|Protect|p1a: Vaporeon\n|-singleturn|p1a: Vaporeon|Protect\n|move|p2a: World|Psychic|p1a: Vaporeon\n|-activate|p1a: Vaporeon|move: Protect\n|\n|-heal|p1a: Vaporeon|100\/100|[from] move: Wish|[wisher] Vaporeon\n|-damage|p2a: World|25\/100 tox|[from] psn\n|upkeep\n|turn|36\n|\n|t:|1698605676\n|move|p2a: World|Psychic|p1a: Vaporeon\n|-damage|p1a: Vaporeon|64\/100\n|move|p1a: Vaporeon|Wish|p1a: Vaporeon\n|\n|-heal|p1a: Vaporeon|70\/100|[from] item: Leftovers\n|-damage|p2a: World|1\/100 tox|[from] psn\n|upkeep\n|turn|37\n|\n|t:|1698605683\n|switch|p2a: The|Alakazam-Mega, M|36\/100 tox\n|-ability|p2a: The|Water Absorb|[from] ability: Trace|[of] p1a: Vaporeon\n|move|p1a: Vaporeon|Protect||[still]\n|-fail|p1a: Vaporeon\n|\n|-heal|p1a: Vaporeon|100\/100|[from] move: Wish|[wisher] Vaporeon\n|-damage|p2a: The|30\/100 tox|[from] psn\n|-fieldend|move: Psychic Terrain\n|upkeep\n|turn|38\n|\n|t:|1698605695\n|move|p2a: The|Expanding Force|p1a: Vaporeon\n|-damage|p1a: Vaporeon|59\/100\n|move|p1a: Vaporeon|Scald|p2a: The\n|-heal|p2a: The|54\/100 tox|[from] ability: Water Absorb|[of] p1a: Vaporeon\n|\n|-heal|p1a: Vaporeon|65\/100|[from] item: Leftovers\n|-damage|p2a: The|42\/100 tox|[from] psn\n|upkeep\n|turn|39\n|\n|t:|1698605703\n|switch|p2a: World|Tapu Lele|1\/100 tox\n|-fieldstart|move: Psychic Terrain|[from] ability: Psychic Surge|[of] p2a: World\n|move|p1a: Vaporeon|Protect||[still]\n|-fail|p1a: Vaporeon\n|\n|-heal|p1a: Vaporeon|71\/100|[from] item: Leftovers\n|-damage|p2a: World|0 fnt|[from] psn\n|faint|p2a: World\n|upkeep\n|\n|t:|1698605712\n|switch|p2a: The|Alakazam-Mega, M|42\/100 tox\n|-ability|p2a: The|Water Absorb|[from] ability: Trace|[of] p1a: Vaporeon\n|turn|40\n|\n|t:|1698605726\n|move|p1a: Vaporeon|Protect|p1a: Vaporeon\n|-singleturn|p1a: Vaporeon|Protect\n|move|p2a: The|Expanding Force|p1a: Vaporeon\n|-activate|p1a: Vaporeon|move: Protect\n|\n|-heal|p1a: Vaporeon|77\/100|[from] item: Leftovers\n|-damage|p2a: The|36\/100 tox|[from] psn\n|upkeep\n|turn|41\n|\n|t:|1698605746\n|switch|p1a: Tapu Koko|Tapu Koko|32\/100\n|-fieldstart|move: Electric Terrain|[from] ability: Electric Surge|[of] p1a: Tapu Koko\n|move|p2a: The|Expanding Force|p1a: Tapu Koko\n|-damage|p1a: Tapu Koko|0 fnt\n|faint|p1a: Tapu Koko\n|\n|-damage|p2a: The|24\/100 tox|[from] psn\n|upkeep\n|\n|t:|1698605752\n|switch|p1a: Vaporeon|Vaporeon, F, tera:Grass|77\/100\n|turn|42\n|\n|t:|1698605756\n|move|p1a: Vaporeon|Protect|p1a: Vaporeon\n|-singleturn|p1a: Vaporeon|Protect\n|move|p2a: The|Expanding Force|p1a: Vaporeon\n|-activate|p1a: Vaporeon|move: Protect\n|\n|-heal|p1a: Vaporeon|83\/100|[from] item: Leftovers\n|-damage|p2a: The|6\/100 tox|[from] psn\n|upkeep\n|turn|43\n|c|\u2606Godspeed06|It\u2019s ggs\n|c|\u2606Godspeed06|i weaken the attack\n|\n|t:|1698605776\n|move|p2a: The|Expanding Force|p1a: Vaporeon\n|-damage|p1a: Vaporeon|42\/100\n|move|p1a: Vaporeon|Wish|p1a: Vaporeon\n|\n|-heal|p1a: Vaporeon|48\/100|[from] item: Leftovers\n|-damage|p2a: The|0 fnt|[from] psn\n|faint|p2a: The\n|\n|win|Godspeed06\n|upkeep\n|raw|Godspeed06's rating: 1269 &rarr; <strong>1294<\/strong><br \/>(+25 for winning)\n|raw|yeetbiscuit's rating: 1274 &rarr; <strong>1249<\/strong><br \/>(-25 for losing)\n|l|\u2606yeetbiscuit\n","uploadtime":1698605783,"views":18,"p1id":"godspeed06","p2id":"yeetbiscuit","formatid":"gen9nationaldexubers","rating":1249,"private":0,"password":""}