{"id":"gen9nationaldexubers-1999564191","p1":"yeastaroonios","p2":"Gtg g u2","format":"[Gen 9] National Dex Ubers","log":"|j|\u2606yeastaroonios\n|j|\u2606Gtg g u2\n|t:|1701096580\n|gametype|singles\n|player|p1|yeastaroonios|101|1197\n|player|p2|Gtg g u2|chase|1112\n|teamsize|p1|6\n|teamsize|p2|6\n|gen|9\n|tier|[Gen 9] National Dex Ubers\n|rated|\n|rule|HP Percentage Mod: HP is shown in percentages\n|rule|Endless Battle Clause: Forcing endless battles is banned\n|rule|OHKO Clause: OHKO moves are banned\n|rule|Evasion Moves Clause: Evasion moves are banned\n|rule|Evasion Items Clause: Evasion items are banned\n|rule|Species Clause: Limit one of each Pok\u00e9mon\n|rule|Sleep Clause Mod: Limit one foe put to sleep\n|rule|Mega Rayquaza Clause: You cannot mega evolve Rayquaza\n|clearpoke\n|poke|p1|Toxicroak, M|\n|poke|p1|Wugtrio, F|\n|poke|p1|Polteageist-Antique|\n|poke|p1|Chandelure, F|\n|poke|p1|Ho-Oh|\n|poke|p1|Flamigo, F|\n|poke|p2|Pikachu, M|\n|poke|p2|Kleavor, M|\n|poke|p2|Gengar, M|\n|poke|p2|Lucario, F|\n|poke|p2|Flygon, F|\n|poke|p2|Melmetal|\n|teampreview\n|inactive|Battle timer is ON: inactive players will automatically lose when time's up. (requested by yeastaroonios)\n|\n|t:|1701096583\n|start\n|switch|p1a: Polteageist|Polteageist-Antique, shiny|100\/100\n|switch|p2a: Kleavor|Kleavor, M|100\/100\n|turn|1\n|\n|t:|1701096588\n|move|p2a: Kleavor|Swords Dance|p2a: Kleavor\n|-boost|p2a: Kleavor|atk|2\n|move|p1a: Polteageist|Shell Smash|p1a: Polteageist\n|-unboost|p1a: Polteageist|def|1\n|-unboost|p1a: Polteageist|spd|1\n|-boost|p1a: Polteageist|atk|2\n|-boost|p1a: Polteageist|spa|2\n|-boost|p1a: Polteageist|spe|2\n|\n|upkeep\n|turn|2\n|\n|t:|1701096591\n|move|p1a: Polteageist|Shell Smash|p1a: Polteageist\n|-unboost|p1a: Polteageist|def|1\n|-unboost|p1a: Polteageist|spd|1\n|-boost|p1a: Polteageist|atk|2\n|-boost|p1a: Polteageist|spa|2\n|-boost|p1a: Polteageist|spe|2\n|move|p2a: Kleavor|Stone Axe|p1a: Polteageist\n|-enditem|p1a: Polteageist|Focus Sash\n|-damage|p1a: Polteageist|1\/100\n|-ability|p1a: Polteageist|Weak Armor|boost\n|-unboost|p1a: Polteageist|def|1\n|-boost|p1a: Polteageist|spe|2\n|-sidestart|p1: yeastaroonios|move: Stealth Rock\n|\n|upkeep\n|turn|3\n|\n|t:|1701096599\n|move|p1a: Polteageist|Stored Power|p2a: Kleavor\n|-damage|p2a: Kleavor|0 fnt\n|faint|p2a: Kleavor\n|\n|upkeep\n|\n|t:|1701096601\n|switch|p2a: Gengar|Gengar, M|100\/100\n|turn|4\n|\n|t:|1701096604\n|move|p1a: Polteageist|Stored Power|p2a: Gengar\n|-supereffective|p2a: Gengar\n|-enditem|p2a: Gengar|Focus Sash\n|-damage|p2a: Gengar|1\/100\n|move|p2a: Gengar|Sludge Bomb|p1a: Polteageist\n|-resisted|p1a: Polteageist\n|-damage|p1a: Polteageist|0 fnt\n|faint|p1a: Polteageist\n|\n|upkeep\n|\n|t:|1701096608\n|switch|p1a: Wugtrio|Wugtrio, F, shiny|100\/100\n|-damage|p1a: Wugtrio|88\/100|[from] Stealth Rock\n|turn|5\n|\n|t:|1701096611\n|move|p1a: Wugtrio|Aqua Jet|p2a: Gengar\n|-damage|p2a: Gengar|0 fnt\n|-start|p1a: Wugtrio|Disable|Aqua Jet|[from] ability: Cursed Body|[of] p2a: Gengar\n|faint|p2a: Gengar\n|\n|upkeep\n|\n|t:|1701096613\n|switch|p2a: Pikachu|Pikachu, M|100\/100\n|turn|6\n|\n|t:|1701096620\n|move|p1a: Wugtrio|Stomping Tantrum|p2a: Pikachu\n|-supereffective|p2a: Pikachu\n|-damage|p2a: Pikachu|0 fnt\n|faint|p2a: Pikachu\n|\n|upkeep\n|\n|t:|1701096624\n|switch|p2a: Flygon|Flygon, F|100\/100\n|turn|7\n|\n|t:|1701096627\n|move|p1a: Wugtrio|Triple Dive|p2a: Flygon\n|-damage|p2a: Flygon|82\/100\n|-damage|p2a: Flygon|63\/100\n|-damage|p2a: Flygon|46\/100\n|-hitcount|p2a: Flygon|3\n|move|p2a: Flygon|Dragon Dance|p2a: Flygon\n|-boost|p2a: Flygon|atk|1\n|-boost|p2a: Flygon|spe|1\n|\n|upkeep\n|turn|8\n|\n|t:|1701096631\n|move|p2a: Flygon|Dragon Claw|p1a: Wugtrio\n|-damage|p1a: Wugtrio|0 fnt\n|-ability|p1a: Wugtrio|Gooey\n|-unboost|p2a: Flygon|spe|1\n|faint|p1a: Wugtrio\n|-damage|p2a: Flygon|36\/100|[from] item: Life Orb\n|\n|upkeep\n|\n|t:|1701096656\n|switch|p1a: Ho-Oh|Ho-Oh, shiny|100\/100\n|-damage|p1a: Ho-Oh|51\/100|[from] Stealth Rock\n|-ability|p1a: Ho-Oh|Pressure\n|turn|9\n|\n|t:|1701096663\n|move|p1a: Ho-Oh|Dual Wingbeat|p2a: Flygon|[miss]\n|-miss|p1a: Ho-Oh|p2a: Flygon\n|-enditem|p1a: Ho-Oh|Blunder Policy\n|-boost|p1a: Ho-Oh|spe|2\n|move|p2a: Flygon|Stone Edge|p1a: Ho-Oh|[miss]\n|-miss|p2a: Flygon|p1a: Ho-Oh\n|\n|upkeep\n|turn|10\n|\n|t:|1701096666\n|move|p1a: Ho-Oh|Dual Wingbeat|p2a: Flygon\n|-damage|p2a: Flygon|8\/100\n|-damage|p2a: Flygon|0 fnt\n|faint|p2a: Flygon\n|-hitcount|p2: Flygon|2\n|\n|upkeep\n|\n|t:|1701096669\n|switch|p2a: Melmetal|Melmetal|100\/100\n|turn|11\n|\n|t:|1701096673\n|move|p1a: Ho-Oh|Sacred Fire|p2a: Melmetal\n|-supereffective|p2a: Melmetal\n|-damage|p2a: Melmetal|48\/100\n|-status|p2a: Melmetal|brn\n|move|p2a: Melmetal|Thunder Punch|p1a: Ho-Oh\n|-supereffective|p1a: Ho-Oh\n|-damage|p1a: Ho-Oh|9\/100\n|-status|p1a: Ho-Oh|par\n|\n|-heal|p2a: Melmetal|54\/100 brn|[from] item: Leftovers\n|-damage|p2a: Melmetal|48\/100 brn|[from] brn\n|upkeep\n|turn|12\n|\n|t:|1701096680\n|move|p1a: Ho-Oh|Sacred Fire|p2a: Melmetal\n|-supereffective|p2a: Melmetal\n|-damage|p2a: Melmetal|0 fnt\n|faint|p2a: Melmetal\n|\n|upkeep\n|\n|t:|1701096684\n|switch|p2a: Lucario|Lucario, F|100\/100\n|turn|13\n|\n|t:|1701096687\n|detailschange|p2a: Lucario|Lucario-Mega, F\n|-mega|p2a: Lucario|Lucario|Lucarionite\n|move|p2a: Lucario|Aura Sphere|p1a: Ho-Oh\n|-resisted|p1a: Ho-Oh\n|-damage|p1a: Ho-Oh|0 fnt\n|faint|p1a: Ho-Oh\n|\n|upkeep\n|\n|t:|1701096690\n|switch|p1a: Flamigo|Flamigo, F|100\/100\n|-damage|p1a: Flamigo|88\/100|[from] Stealth Rock\n|turn|14\n|\n|t:|1701096697\n|move|p2a: Lucario|Flash Cannon|p1a: Flamigo\n|-damage|p1a: Flamigo|0 fnt\n|faint|p1a: Flamigo\n|\n|upkeep\n|\n|t:|1701096703\n|switch|p1a: Chandelure|Chandelure, F, shiny|100\/100\n|-damage|p1a: Chandelure|76\/100|[from] Stealth Rock\n|turn|15\n|\n|t:|1701096705\n|move|p2a: Lucario|Dark Pulse|p1a: Chandelure\n|-supereffective|p1a: Chandelure\n|-damage|p1a: Chandelure|0 fnt\n|faint|p1a: Chandelure\n|\n|upkeep\n|\n|t:|1701096708\n|switch|p1a: Toxicroak|Toxicroak, M|100\/100\n|-damage|p1a: Toxicroak|94\/100|[from] Stealth Rock\n|turn|16\n|\n|t:|1701096711\n|move|p2a: Lucario|Flash Cannon|p1a: Toxicroak\n|-damage|p1a: Toxicroak|0 fnt\n|faint|p1a: Toxicroak\n|\n|win|Gtg g u2\n|raw|yeastaroonios's rating: 1197 &rarr; <strong>1166<\/strong><br \/>(-31 for losing)\n|raw|Gtg g u2's rating: 1112 &rarr; <strong>1143<\/strong><br \/>(+31 for winning)\n|l|\u2606yeastaroonios\n","uploadtime":1701096714,"views":1,"p1id":"yeastaroonios","p2id":"gtggu2","formatid":"gen9nationaldexubers","rating":1143,"private":0,"password":""}