{"id":"gen9nationaldexubers-1980242267","p1":"yzeetgnuy","p2":"jhgfjfjfjf","format":"[Gen 9] National Dex Ubers","log":"|j|\u2606yzeetgnuy\n|j|\u2606jhgfjfjfjf\n|t:|1698769014\n|gametype|singles\n|player|p1|yzeetgnuy|burglar|1012\n|player|p2|jhgfjfjfjf|dahlia|1048\n|teamsize|p1|6\n|teamsize|p2|6\n|gen|9\n|tier|[Gen 9] National Dex Ubers\n|rated|\n|rule|HP Percentage Mod: HP is shown in percentages\n|rule|Endless Battle Clause: Forcing endless battles is banned\n|rule|OHKO Clause: OHKO moves are banned\n|rule|Evasion Moves Clause: Evasion moves are banned\n|rule|Evasion Items Clause: Evasion items are banned\n|rule|Species Clause: Limit one of each Pok\u00e9mon\n|rule|Sleep Clause Mod: Limit one foe put to sleep\n|rule|Mega Rayquaza Clause: You cannot mega evolve Rayquaza\n|clearpoke\n|poke|p1|Garbodor, F|\n|poke|p1|Pelipper, M|\n|poke|p1|Alomomola, M|\n|poke|p1|Golurk|\n|poke|p1|Dipplin, F|\n|poke|p1|Slaking, F|\n|poke|p2|Torkoal, M|\n|poke|p2|Whimsicott, M|\n|poke|p2|Toxapex, F|\n|poke|p2|Typhlosion-Hisui, F|\n|poke|p2|Slither Wing|\n|poke|p2|Houndoom, F|\n|teampreview\n|inactive|Battle timer is ON: inactive players will automatically lose when time's up. (requested by jhgfjfjfjf)\n|\n|t:|1698769026\n|start\n|switch|p1a: MINE|Pelipper, M|100\/100\n|switch|p2a: Torkoal|Torkoal, M|100\/100\n|-weather|RainDance|[from] ability: Drizzle|[of] p1a: MINE\n|-weather|SunnyDay|[from] ability: Drought|[of] p2a: Torkoal\n|turn|1\n|\n|t:|1698769034\n|move|p1a: MINE|Hydro Pump|p2a: Torkoal\n|-supereffective|p2a: Torkoal\n|-damage|p2a: Torkoal|46\/100\n|move|p2a: Torkoal|Stealth Rock|p1a: MINE\n|-sidestart|p1: yzeetgnuy|move: Stealth Rock\n|\n|-weather|SunnyDay|[upkeep]\n|upkeep\n|turn|2\n|\n|t:|1698769041\n|switch|p2a: Toxapex|Toxapex, F|100\/100\n|move|p1a: MINE|Hydro Pump|p2a: Toxapex\n|-resisted|p2a: Toxapex\n|-damage|p2a: Toxapex|92\/100\n|\n|-weather|SunnyDay|[upkeep]\n|-heal|p2a: Toxapex|98\/100|[from] item: Black Sludge\n|upkeep\n|turn|3\n|\n|t:|1698769051\n|switch|p1a: Garbodor|Garbodor, F|100\/100\n|-damage|p1a: Garbodor|88\/100|[from] Stealth Rock\n|move|p2a: Toxapex|Toxic|p1a: Garbodor\n|-immune|p1a: Garbodor\n|\n|-weather|SunnyDay|[upkeep]\n|-heal|p1a: Garbodor|94\/100|[from] item: Leftovers\n|-heal|p2a: Toxapex|100\/100|[from] item: Black Sludge\n|upkeep\n|turn|4\n|\n|t:|1698769061\n|move|p1a: Garbodor|Spikes|p2a: Toxapex\n|-sidestart|p2: jhgfjfjfjf|Spikes\n|move|p2a: Toxapex|Scald|p1a: Garbodor\n|-damage|p1a: Garbodor|88\/100\n|\n|-weather|SunnyDay|[upkeep]\n|-heal|p1a: Garbodor|94\/100|[from] item: Leftovers\n|upkeep\n|turn|5\n|\n|t:|1698769069\n|move|p1a: Garbodor|Spikes|p2a: Toxapex\n|-sidestart|p2: jhgfjfjfjf|Spikes\n|move|p2a: Toxapex|Scald|p1a: Garbodor\n|-damage|p1a: Garbodor|88\/100\n|\n|-weather|SunnyDay|[upkeep]\n|-heal|p1a: Garbodor|94\/100|[from] item: Leftovers\n|upkeep\n|turn|6\n|\n|t:|1698769078\n|move|p1a: Garbodor|Stomping Tantrum|p2a: Toxapex\n|-supereffective|p2a: Toxapex\n|-damage|p2a: Toxapex|79\/100\n|move|p2a: Toxapex|Scald|p1a: Garbodor\n|-damage|p1a: Garbodor|88\/100\n|\n|-weather|SunnyDay|[upkeep]\n|-heal|p1a: Garbodor|94\/100|[from] item: Leftovers\n|-heal|p2a: Toxapex|85\/100|[from] item: Black Sludge\n|upkeep\n|turn|7\n|\n|t:|1698769098\n|switch|p1a: WINTON|Slaking, F|100\/100\n|-damage|p1a: WINTON|88\/100|[from] Stealth Rock\n|move|p2a: Toxapex|Scald|p1a: WINTON\n|-damage|p1a: WINTON|80\/100\n|-status|p1a: WINTON|brn\n|\n|-weather|SunnyDay|[upkeep]\n|-heal|p1a: WINTON|86\/100 brn|[from] item: Leftovers\n|-heal|p2a: Toxapex|91\/100|[from] item: Black Sludge\n|-damage|p1a: WINTON|80\/100 brn|[from] brn\n|upkeep\n|turn|8\n|\n|t:|1698769112\n|move|p2a: Toxapex|Baneful Bunker|p2a: Toxapex\n|-singleturn|p2a: Toxapex|move: Protect\n|move|p1a: WINTON|Taunt|p2a: Toxapex\n|-activate|p2a: Toxapex|move: Protect\n|\n|-weather|none\n|-heal|p1a: WINTON|86\/100 brn|[from] item: Leftovers\n|-heal|p2a: Toxapex|98\/100|[from] item: Black Sludge\n|-damage|p1a: WINTON|80\/100 brn|[from] brn\n|upkeep\n|turn|9\n|\n|t:|1698769121\n|cant|p1a: WINTON|ability: Truant\n|move|p2a: Toxapex|Scald|p1a: WINTON\n|-damage|p1a: WINTON|65\/100 brn\n|\n|-heal|p1a: WINTON|71\/100 brn|[from] item: Leftovers\n|-heal|p2a: Toxapex|100\/100|[from] item: Black Sludge\n|-damage|p1a: WINTON|65\/100 brn|[from] brn\n|upkeep\n|turn|10\n|\n|t:|1698769129\n|move|p2a: Toxapex|Baneful Bunker|p2a: Toxapex\n|-singleturn|p2a: Toxapex|move: Protect\n|move|p1a: WINTON|Knock Off|p2a: Toxapex\n|-activate|p2a: Toxapex|move: Protect\n|\n|-heal|p1a: WINTON|71\/100 brn|[from] item: Leftovers\n|-damage|p1a: WINTON|65\/100 brn|[from] brn\n|upkeep\n|turn|11\n|\n|t:|1698769140\n|switch|p1a: Golurk|Golurk|100\/100\n|-damage|p1a: Golurk|94\/100|[from] Stealth Rock\n|move|p2a: Toxapex|Scald|p1a: Golurk\n|-supereffective|p1a: Golurk\n|-damage|p1a: Golurk|58\/100\n|-status|p1a: Golurk|brn\n|\n|-damage|p1a: Golurk|52\/100 brn|[from] brn\n|upkeep\n|turn|12\n|\n|t:|1698769151\n|move|p2a: Toxapex|Baneful Bunker|p2a: Toxapex\n|-singleturn|p2a: Toxapex|move: Protect\n|move|p1a: Golurk|Iron Defense|p1a: Golurk\n|-boost|p1a: Golurk|def|2\n|\n|-damage|p1a: Golurk|46\/100 brn|[from] brn\n|upkeep\n|turn|13\n|\n|t:|1698769157\n|move|p1a: Golurk|Thunder Punch|p2a: Toxapex\n|-supereffective|p2a: Toxapex\n|-damage|p2a: Toxapex|74\/100\n|-damage|p1a: Golurk|36\/100 brn|[from] item: Life Orb\n|move|p2a: Toxapex|Scald|p1a: Golurk\n|-supereffective|p1a: Golurk\n|-damage|p1a: Golurk|0 fnt\n|faint|p1a: Golurk\n|\n|-heal|p2a: Toxapex|80\/100|[from] item: Black Sludge\n|upkeep\n|\n|t:|1698769175\n|switch|p1a: Eve's apple|Dipplin, F|100\/100\n|-damage|p1a: Eve's apple|88\/100|[from] Stealth Rock\n|-ability|p1a: Eve's apple|Supersweet Syrup\n|-ability|p1a: Eve's apple|Supersweet Syrup|boost\n|-unboost|p2a: Toxapex|evasion|1\n|turn|14\n|\n|t:|1698769182\n|move|p2a: Toxapex|Toxic|p1a: Eve's apple\n|-status|p1a: Eve's apple|tox\n|move|p1a: Eve's apple|Energy Ball|p2a: Toxapex\n|-damage|p2a: Toxapex|49\/100\n|\n|-heal|p2a: Toxapex|55\/100|[from] item: Black Sludge\n|-heal|p1a: Eve's apple|94\/100 tox|[from] item: Leftovers\n|-damage|p1a: Eve's apple|88\/100 tox|[from] psn\n|upkeep\n|turn|15\n|\n|t:|1698769194\n|move|p2a: Toxapex|Baneful Bunker|p2a: Toxapex\n|-singleturn|p2a: Toxapex|move: Protect\n|move|p1a: Eve's apple|Energy Ball|p2a: Toxapex\n|-activate|p2a: Toxapex|move: Protect\n|\n|-heal|p2a: Toxapex|62\/100|[from] item: Black Sludge\n|-heal|p1a: Eve's apple|94\/100 tox|[from] item: Leftovers\n|-damage|p1a: Eve's apple|82\/100 tox|[from] psn\n|upkeep\n|turn|16\n|\n|t:|1698769203\n|switch|p1a: USELESS|Alomomola, M|100\/100\n|-damage|p1a: USELESS|88\/100|[from] Stealth Rock\n|move|p2a: Toxapex|Recover|p2a: Toxapex\n|-heal|p2a: Toxapex|100\/100\n|\n|-heal|p1a: USELESS|94\/100|[from] item: Leftovers\n|upkeep\n|turn|17\n|\n|t:|1698769211\n|move|p1a: USELESS|Aqua Ring|p1a: USELESS\n|-start|p1a: USELESS|Aqua Ring\n|move|p2a: Toxapex|Toxic|p1a: USELESS\n|-status|p1a: USELESS|tox\n|\n|-heal|p1a: USELESS|100\/100 tox|[from] item: Leftovers\n|-damage|p1a: USELESS|94\/100 tox|[from] psn\n|upkeep\n|turn|18\n|\n|t:|1698769219\n|move|p1a: USELESS|Rest|p1a: USELESS\n|-status|p1a: USELESS|slp|[from] move: Rest\n|-heal|p1a: USELESS|100\/100 slp|[silent]\n|move|p2a: Toxapex|Scald|p1a: USELESS\n|-resisted|p1a: USELESS\n|-damage|p1a: USELESS|91\/100 slp\n|\n|-heal|p1a: USELESS|97\/100 slp|[from] item: Leftovers\n|-heal|p1a: USELESS|100\/100 slp|[from] Aqua Ring\n|upkeep\n|turn|19\n|\n|t:|1698769229\n|switch|p2a: Torkoal|Torkoal, M|46\/100\n|-damage|p2a: Torkoal|29\/100|[from] Spikes\n|-weather|SunnyDay|[from] ability: Drought|[of] p2a: Torkoal\n|cant|p1a: USELESS|slp\n|move|p1a: USELESS|Sleep Talk|p1a: USELESS\n|move|p1a: USELESS|Rest||[from]move: Sleep Talk|[still]\n|-fail|p1a: USELESS\n|\n|-weather|SunnyDay|[upkeep]\n|upkeep\n|turn|20\n|\n|t:|1698769239\n|switch|p2a: Whimsicott|Whimsicott, M|100\/100\n|-damage|p2a: Whimsicott|84\/100|[from] Spikes\n|cant|p1a: USELESS|slp\n|move|p1a: USELESS|Sleep Talk|p1a: USELESS\n|move|p1a: USELESS|Giga Impact|p2a: Whimsicott|[from]move: Sleep Talk\n|-damage|p2a: Whimsicott|44\/100\n|-mustrecharge|p1a: USELESS\n|\n|-weather|SunnyDay|[upkeep]\n|upkeep\n|turn|21\n|\n|t:|1698769249\n|move|p2a: Whimsicott|Growth|p2a: Whimsicott\n|-boost|p2a: Whimsicott|atk|2\n|-boost|p2a: Whimsicott|spa|2\n|cant|p1a: USELESS|recharge\n|\n|-weather|SunnyDay|[upkeep]\n|upkeep\n|turn|22\n|\n|t:|1698769258\n|move|p2a: Whimsicott|Solar Beam||[still]\n|-prepare|p2a: Whimsicott|Solar Beam\n|-anim|p2a: Whimsicott|Solar Beam|p1a: USELESS\n|-supereffective|p1a: USELESS\n|-damage|p1a: USELESS|0 fnt\n|faint|p1a: USELESS\n|-damage|p2a: Whimsicott|34\/100|[from] item: Life Orb\n|\n|-weather|SunnyDay|[upkeep]\n|upkeep\n|\n|t:|1698769265\n|switch|p1a: Garbodor|Garbodor, F|94\/100\n|-damage|p1a: Garbodor|82\/100|[from] Stealth Rock\n|turn|23\n|\n|t:|1698769272\n|move|p2a: Whimsicott|Psychic|p1a: Garbodor\n|-supereffective|p1a: Garbodor\n|-damage|p1a: Garbodor|0 fnt\n|faint|p1a: Garbodor\n|-damage|p2a: Whimsicott|25\/100|[from] item: Life Orb\n|\n|-weather|SunnyDay|[upkeep]\n|upkeep\n|\n|t:|1698769278\n|switch|p1a: Eve's apple|Dipplin, F|82\/100 tox\n|-damage|p1a: Eve's apple|70\/100 tox|[from] Stealth Rock\n|turn|24\n|\n|t:|1698769285\n|-terastallize|p1a: Eve's apple|Grass\n|move|p2a: Whimsicott|Moonblast|p1a: Eve's apple\n|-damage|p1a: Eve's apple|0 fnt\n|faint|p1a: Eve's apple\n|-damage|p2a: Whimsicott|15\/100|[from] item: Life Orb\n|\n|-weather|SunnyDay|[upkeep]\n|upkeep\n|\n|t:|1698769294\n|switch|p1a: WINTON|Slaking, F|65\/100 brn\n|-damage|p1a: WINTON|52\/100 brn|[from] Stealth Rock\n|turn|25\n|\n|t:|1698769299\n|move|p2a: Whimsicott|Solar Beam||[still]\n|-prepare|p2a: Whimsicott|Solar Beam\n|-anim|p2a: Whimsicott|Solar Beam|p1a: WINTON\n|-damage|p1a: WINTON|0 fnt\n|faint|p1a: WINTON\n|-damage|p2a: Whimsicott|5\/100|[from] item: Life Orb\n|\n|-weather|SunnyDay|[upkeep]\n|upkeep\n|\n|t:|1698769305\n|switch|p1a: MINE|Pelipper, M|100\/100\n|-damage|p1a: MINE|75\/100|[from] Stealth Rock\n|-weather|RainDance|[from] ability: Drizzle|[of] p1a: MINE\n|turn|26\n|\n|t:|1698769317\n|move|p2a: Whimsicott|Moonblast|p1a: MINE\n|-damage|p1a: MINE|0 fnt\n|faint|p1a: MINE\n|-damage|p2a: Whimsicott|0 fnt|[from] item: Life Orb\n|faint|p2a: Whimsicott\n|\n|win|jhgfjfjfjf\n|raw|yzeetgnuy's rating: 1012 &rarr; <strong>1001<\/strong><br \/>(-11 for losing)\n|raw|jhgfjfjfjf's rating: 1048 &rarr; <strong>1077<\/strong><br \/>(+29 for winning)\n|l|\u2606yzeetgnuy\n","uploadtime":1698769324,"views":9,"p1id":"yzeetgnuy","p2id":"jhgfjfjfjf","formatid":"gen9nationaldexubers","rating":1001,"private":0,"password":""}