{"id":"gen9nationaldexubers-1987638669","p1":"carrington2k","p2":"harry9394","format":"[Gen 9] National Dex Ubers","log":"|j|\u2606carrington2k\n|j|\u2606harry9394\n|t:|1699622701\n|gametype|singles\n|player|p1|carrington2k|sabrina|\n|player|p2|harry9394|266|\n|teamsize|p1|6\n|teamsize|p2|6\n|gen|9\n|tier|[Gen 9] National Dex Ubers\n|rule|HP Percentage Mod: HP is shown in percentages\n|rule|Endless Battle Clause: Forcing endless battles is banned\n|rule|OHKO Clause: OHKO moves are banned\n|rule|Evasion Moves Clause: Evasion moves are banned\n|rule|Evasion Items Clause: Evasion items are banned\n|rule|Species Clause: Limit one of each Pok\u00e9mon\n|rule|Sleep Clause Mod: Limit one foe put to sleep\n|rule|Mega Rayquaza Clause: You cannot mega evolve Rayquaza\n|clearpoke\n|poke|p1|Annihilape, M|\n|poke|p1|Chien-Pao|\n|poke|p1|Toxapex, M|\n|poke|p1|Glimmora, M|\n|poke|p1|Rotom-Wash|\n|poke|p1|Iron Valiant|\n|poke|p2|Gholdengo|\n|poke|p2|Gardevoir, M|\n|poke|p2|Milotic, F|\n|poke|p2|Ogerpon-Cornerstone, F|\n|poke|p2|Rotom-Heat|\n|poke|p2|Dragapult, F|\n|teampreview\n|inactive|Battle timer is ON: inactive players will automatically lose when time's up. (requested by carrington2k)\n|inactive|harry9394 has 270 seconds left.\n|\n|t:|1699622733\n|start\n|switch|p1a: Annihilape|Annihilape, M|100\/100\n|switch|p2a: Rotom|Rotom-Heat|100\/100\n|turn|1\n|inactive|carrington2k has 270 seconds left.\n|\n|t:|1699622796\n|move|p2a: Rotom|Volt Switch|p1a: Annihilape\n|-damage|p1a: Annihilape|78\/100\n|\n|t:|1699622804\n|switch|p2a: Dragapult|Dragapult, F|100\/100|[from] Volt Switch\n|move|p1a: Annihilape|Taunt|p2a: Dragapult\n|-start|p2a: Dragapult|move: Taunt\n|\n|upkeep\n|turn|2\n|inactive|harry9394 has 270 seconds left.\n|\n|t:|1699622828\n|switch|p1a: Toxapex|Toxapex, M|100\/100\n|move|p2a: Dragapult|Phantom Force||[still]\n|-prepare|p2a: Dragapult|Phantom Force\n|\n|upkeep\n|turn|3\n|\n|t:|1699622835\n|move|p2a: Dragapult|Phantom Force|p1a: Toxapex|[from]lockedmove\n|-damage|p1a: Toxapex|70\/100\n|move|p1a: Toxapex|Recover|p1a: Toxapex\n|-heal|p1a: Toxapex|100\/100\n|\n|-end|p2a: Dragapult|move: Taunt\n|upkeep\n|turn|4\n|inactive|harry9394 has 270 seconds left.\n|\n|t:|1699622864\n|switch|p2a: Gardevoir|Gardevoir, M|100\/100\n|move|p1a: Toxapex|Toxic|p2a: Gardevoir\n|-status|p2a: Gardevoir|tox\n|-activate|p2a: Gardevoir|ability: Synchronize\n|-immune|p1a: Toxapex\n|\n|-damage|p2a: Gardevoir|95\/100 tox|[from] psn\n|upkeep\n|turn|5\n|inactive|harry9394 has 270 seconds left.\n|\n|t:|1699622880\n|move|p2a: Gardevoir|Psyshock|p1a: Toxapex\n|-supereffective|p1a: Toxapex\n|-damage|p1a: Toxapex|50\/100\n|move|p1a: Toxapex|Surf|p2a: Gardevoir\n|-damage|p2a: Gardevoir|84\/100 tox\n|\n|-heal|p1a: Toxapex|57\/100|[from] item: Leftovers\n|-damage|p2a: Gardevoir|72\/100 tox|[from] psn\n|upkeep\n|turn|6\n|\n|t:|1699622911\n|switch|p1a: Rotom|Rotom-Wash|100\/100\n|move|p2a: Gardevoir|Psyshock|p1a: Rotom\n|-damage|p1a: Rotom|67\/100\n|\n|-heal|p1a: Rotom|73\/100|[from] item: Leftovers\n|-damage|p2a: Gardevoir|54\/100 tox|[from] psn\n|upkeep\n|turn|7\n|inactive|harry9394 has 240 seconds left.\n|\n|t:|1699622944\n|switch|p2a: Ogerpon|Ogerpon-Cornerstone, F|100\/100\n|move|p1a: Rotom|Protect||[still]\n|-fail|p1a: Rotom\n|\n|-heal|p1a: Rotom|79\/100|[from] item: Leftovers\n|upkeep\n|turn|8\n|inactive|carrington2k has 240 seconds left.\n|\n|t:|1699622964\n|switch|p1a: Glimmora|Glimmora, M|100\/100\n|move|p2a: Ogerpon|Encore||[still]\n|-fail|p2a: Ogerpon\n|\n|upkeep\n|turn|9\n|inactive|harry9394 has 240 seconds left.\n|inactive|carrington2k has 240 seconds left.\n|inactive|harry9394 has 210 seconds left.\n|\n|t:|1699623003\n|-terastallize|p2a: Ogerpon|Rock\n|detailschange|p2a: Ogerpon|Ogerpon-Cornerstone-Tera, F, tera:Rock\n|-ability|p2a: Ogerpon|Embody Aspect (Cornerstone)|boost\n|-boost|p2a: Ogerpon|def|1\n|move|p2a: Ogerpon|Ivy Cudgel|p1a: Glimmora\n|-enditem|p1a: Glimmora|Focus Sash\n|-damage|p1a: Glimmora|1\/100\n|-activate|p1a: Glimmora|ability: Toxic Debris\n|-sidestart|p2: harry9394|move: Toxic Spikes\n|move|p1a: Glimmora|Mortal Spin|p2a: Ogerpon\n|-resisted|p2a: Ogerpon\n|-damage|p2a: Ogerpon|99\/100\n|-status|p2a: Ogerpon|psn\n|\n|-damage|p2a: Ogerpon|86\/100 psn|[from] psn\n|upkeep\n|turn|10\n|inactive|carrington2k has 240 seconds left.\n|inactive|harry9394 has 210 seconds left.\n|\n|t:|1699623037\n|move|p2a: Ogerpon|Horn Leech|p1a: Glimmora\n|-damage|p1a: Glimmora|0 fnt\n|-heal|p2a: Ogerpon|87\/100 psn|[from] drain|[of] p1a: Glimmora\n|-activate|p1a: Glimmora|ability: Toxic Debris\n|-sidestart|p2: harry9394|move: Toxic Spikes\n|faint|p1a: Glimmora\n|\n|-damage|p2a: Ogerpon|74\/100 psn|[from] psn\n|upkeep\n|inactive|carrington2k has 210 seconds left.\n|\n|t:|1699623062\n|switch|p1a: Rotom|Rotom-Wash|79\/100\n|turn|11\n|\n|t:|1699623068\n|move|p2a: Ogerpon|Horn Leech|p1a: Rotom\n|-supereffective|p1a: Rotom\n|-damage|p1a: Rotom|3\/100\n|-heal|p2a: Ogerpon|100\/100 psn|[from] drain|[of] p1a: Rotom\n|move|p1a: Rotom|Hydro Pump|p2a: Ogerpon\n|-supereffective|p2a: Ogerpon\n|-damage|p2a: Ogerpon|9\/100 psn\n|\n|-heal|p1a: Rotom|10\/100|[from] item: Leftovers\n|-damage|p2a: Ogerpon|0 fnt|[from] psn\n|faint|p2a: Ogerpon\n|upkeep\n|inactive|harry9394 has 180 seconds left.\n|\n|t:|1699623096\n|switch|p2a: Milotic|Milotic, F|100\/100\n|-status|p2a: Milotic|tox\n|turn|12\n|\n|t:|1699623104\n|move|p1a: Rotom|Volt Switch|p2a: Milotic\n|-supereffective|p2a: Milotic\n|-crit|p2a: Milotic\n|-damage|p2a: Milotic|42\/100 tox\n|\n|t:|1699623111\n|switch|p1a: Toxapex|Toxapex, M|90\/100|[from] Volt Switch\n|move|p2a: Milotic|Ice Beam|p1a: Toxapex\n|-resisted|p1a: Toxapex\n|-damage|p1a: Toxapex|82\/100\n|\n|-heal|p1a: Toxapex|88\/100|[from] item: Leftovers\n|-damage|p2a: Milotic|36\/100 tox|[from] psn\n|upkeep\n|turn|13\n|\n|t:|1699623132\n|move|p2a: Milotic|Recover|p2a: Milotic\n|-heal|p2a: Milotic|87\/100 tox\n|move|p1a: Toxapex|Surf|p2a: Milotic\n|-resisted|p2a: Milotic\n|-damage|p2a: Milotic|80\/100 tox\n|\n|-heal|p1a: Toxapex|94\/100|[from] item: Leftovers\n|-damage|p2a: Milotic|68\/100 tox|[from] psn\n|upkeep\n|turn|14\n|\n|t:|1699623150\n|switch|p2a: Gardevoir|Gardevoir, M|54\/100 tox\n|move|p1a: Toxapex|Recover|p1a: Toxapex\n|-heal|p1a: Toxapex|100\/100\n|\n|-damage|p2a: Gardevoir|49\/100 tox|[from] psn\n|upkeep\n|turn|15\n|\n|t:|1699623159\n|switch|p1a: Rotom|Rotom-Wash|10\/100\n|move|p2a: Gardevoir|Psyshock|p1a: Rotom\n|-damage|p1a: Rotom|0 fnt\n|faint|p1a: Rotom\n|\n|-damage|p2a: Gardevoir|37\/100 tox|[from] psn\n|upkeep\n|\n|t:|1699623179\n|switch|p1a: Iron Valiant|Iron Valiant|100\/100\n|-enditem|p1a: Iron Valiant|Booster Energy\n|-activate|p1a: Iron Valiant|ability: Quark Drive|[fromitem]\n|-start|p1a: Iron Valiant|quarkdrivespe\n|turn|16\n|\n|t:|1699623192\n|-terastallize|p1a: Iron Valiant|Electric\n|move|p1a: Iron Valiant|Calm Mind|p1a: Iron Valiant\n|-boost|p1a: Iron Valiant|spa|1\n|-boost|p1a: Iron Valiant|spd|1\n|move|p2a: Gardevoir|Knock Off|p1a: Iron Valiant\n|-damage|p1a: Iron Valiant|88\/100\n|\n|-damage|p2a: Gardevoir|19\/100 tox|[from] psn\n|upkeep\n|turn|17\n|\n|t:|1699623206\n|move|p1a: Iron Valiant|Calm Mind|p1a: Iron Valiant\n|-boost|p1a: Iron Valiant|spa|1\n|-boost|p1a: Iron Valiant|spd|1\n|move|p2a: Gardevoir|Moonblast|p1a: Iron Valiant\n|-damage|p1a: Iron Valiant|46\/100\n|-unboost|p1a: Iron Valiant|spa|1\n|\n|-damage|p2a: Gardevoir|0 fnt|[from] psn\n|faint|p2a: Gardevoir\n|upkeep\n|\n|t:|1699623219\n|switch|p2a: Dragapult|Dragapult, F|100\/100\n|-status|p2a: Dragapult|tox\n|turn|18\n|\n|t:|1699623233\n|move|p1a: Iron Valiant|Moonblast|p2a: Dragapult\n|-supereffective|p2a: Dragapult\n|-damage|p2a: Dragapult|0 fnt\n|faint|p2a: Dragapult\n|\n|upkeep\n|\n|t:|1699623244\n|switch|p2a: Milotic|Milotic, F|68\/100 tox\n|turn|19\n|\n|t:|1699623255\n|move|p1a: Iron Valiant|Thunderbolt|p2a: Milotic\n|-supereffective|p2a: Milotic\n|-damage|p2a: Milotic|0 fnt\n|faint|p2a: Milotic\n|\n|upkeep\n|\n|t:|1699623260\n|switch|p2a: Rotom|Rotom-Heat|100\/100\n|turn|20\n|\n|t:|1699623267\n|move|p1a: Iron Valiant|Moonblast|p2a: Rotom\n|-resisted|p2a: Rotom\n|-damage|p2a: Rotom|64\/100\n|move|p2a: Rotom|Overheat|p1a: Iron Valiant\n|-damage|p1a: Iron Valiant|5\/100\n|-unboost|p2a: Rotom|spa|2\n|\n|upkeep\n|turn|21\n|inactive|carrington2k has 270 seconds left.\n|\n|t:|1699623275\n|move|p1a: Iron Valiant|Psyshock|p2a: Rotom\n|-damage|p2a: Rotom|18\/100\n|move|p2a: Rotom|Overheat|p1a: Iron Valiant\n|-damage|p1a: Iron Valiant|0 fnt\n|-unboost|p2a: Rotom|spa|2\n|faint|p1a: Iron Valiant\n|-end|p1a: Iron Valiant|Quark Drive|[silent]\n|\n|upkeep\n|inactive|carrington2k has 270 seconds left.\n|\n|t:|1699623282\n|switch|p1a: Annihilape|Annihilape, M|78\/100\n|turn|22\n|inactive|carrington2k has 270 seconds left.\n|\n|t:|1699623299\n|move|p2a: Rotom|Overheat|p1a: Annihilape\n|-damage|p1a: Annihilape|62\/100\n|-unboost|p2a: Rotom|spa|2\n|move|p1a: Annihilape|Drain Punch|p2a: Rotom\n|-damage|p2a: Rotom|0 fnt\n|-heal|p1a: Annihilape|68\/100|[from] drain|[of] p2a: Rotom\n|faint|p2a: Rotom\n|\n|upkeep\n|\n|t:|1699623307\n|switch|p2a: Gholdengo|Gholdengo|100\/100\n|turn|23\n|\n|t:|1699623312\n|move|p2a: Gholdengo|Shadow Ball|p1a: Annihilape\n|-supereffective|p1a: Annihilape\n|-damage|p1a: Annihilape|0 fnt\n|faint|p1a: Annihilape\n|\n|upkeep\n|inactive|carrington2k has 270 seconds left.\n|\n|t:|1699623325\n|switch|p1a: Chien-Pao|Chien-Pao|100\/100\n|-ability|p1a: Chien-Pao|Sword of Ruin\n|turn|24\n|\n|t:|1699623353\n|move|p1a: Chien-Pao|Crunch|p2a: Gholdengo\n|-supereffective|p2a: Gholdengo\n|-damage|p2a: Gholdengo|0 fnt\n|faint|p2a: Gholdengo\n|\n|win|carrington2k\n|c|\u2606harry9394|gg\n|c|\u2606carrington2k|ggs\n","uploadtime":1699623364,"views":26,"p1id":"carrington2k","p2id":"harry9394","formatid":"gen9nationaldexubers","rating":0,"private":0,"password":""}