{"id":"gen9nationaldexubers-1983975600","p1":"Heart Articuno","p2":"PoliKid13","format":"[Gen 9] National Dex Ubers","log":"|j|\u2606Heart Articuno\n|j|\u2606PoliKid13\n|t:|1699205930\n|gametype|singles\n|player|p1|Heart Articuno|unknown|1045\n|player|p2|PoliKid13|preschooler|1020\n|teamsize|p1|6\n|teamsize|p2|6\n|gen|9\n|tier|[Gen 9] National Dex Ubers\n|rated|\n|rule|HP Percentage Mod: HP is shown in percentages\n|rule|Endless Battle Clause: Forcing endless battles is banned\n|rule|OHKO Clause: OHKO moves are banned\n|rule|Evasion Moves Clause: Evasion moves are banned\n|rule|Evasion Items Clause: Evasion items are banned\n|rule|Species Clause: Limit one of each Pok\u00e9mon\n|rule|Sleep Clause Mod: Limit one foe put to sleep\n|rule|Mega Rayquaza Clause: You cannot mega evolve Rayquaza\n|clearpoke\n|poke|p1|Galvantula, M|\n|poke|p1|Marshadow|\n|poke|p1|Smeargle, M|\n|poke|p1|Necrozma-Dusk-Mane|\n|poke|p1|Zacian-*|\n|poke|p1|Shaymin-Sky|\n|poke|p2|Victreebel, M|\n|poke|p2|Blastoise, M|\n|poke|p2|Kangaskhan, F|\n|poke|p2|Electrode|\n|poke|p2|Crobat, M|\n|poke|p2|Turtonator, M|\n|teampreview\n|\n|t:|1699205940\n|start\n|switch|p1a: gohma|Galvantula, M, shiny|100\/100\n|switch|p2a: Turd|Turtonator, M|100\/100\n|turn|1\n|\n|t:|1699205985\n|move|p1a: gohma|Thunder Wave|p2a: Turd\n|-status|p2a: Turd|par\n|move|p2a: Turd|Shell Smash|p2a: Turd\n|-unboost|p2a: Turd|def|1\n|-unboost|p2a: Turd|spd|1\n|-boost|p2a: Turd|atk|2\n|-boost|p2a: Turd|spa|2\n|-boost|p2a: Turd|spe|2\n|-enditem|p2a: Turd|White Herb\n|-clearnegativeboost|p2a: Turd|[silent]\n|\n|upkeep\n|turn|2\n|\n|t:|1699205996\n|move|p1a: gohma|Sticky Web|p2a: Turd\n|-sidestart|p2: PoliKid13|move: Sticky Web\n|move|p2a: Turd|Flamethrower|p1a: gohma\n|-supereffective|p1a: gohma\n|-enditem|p1a: gohma|Focus Sash\n|-damage|p1a: gohma|1\/100\n|\n|upkeep\n|turn|3\n|\n|t:|1699206010\n|move|p1a: gohma|Thunder|p2a: Turd\n|-resisted|p2a: Turd\n|-damage|p2a: Turd|68\/100 par\n|move|p2a: Turd|Dragon Pulse|p1a: gohma\n|-damage|p1a: gohma|0 fnt\n|faint|p1a: gohma\n|\n|upkeep\n|\n|t:|1699206013\n|switch|p1a: korok|Smeargle, M|100\/100\n|turn|4\n|\n|t:|1699206024\n|move|p1a: korok|Substitute|p1a: korok\n|-start|p1a: korok|Substitute\n|-damage|p1a: korok|76\/100\n|cant|p2a: Turd|par\n|\n|-heal|p1a: korok|82\/100|[from] item: Leftovers\n|-ability|p1a: korok|Moody|boost\n|-boost|p1a: korok|spe|2\n|-unboost|p1a: korok|spd|1\n|upkeep\n|turn|5\n|\n|t:|1699206034\n|move|p1a: korok|Spiky Shield|p1a: korok\n|-singleturn|p1a: korok|move: Protect\n|cant|p2a: Turd|par\n|\n|-heal|p1a: korok|88\/100|[from] item: Leftovers\n|-ability|p1a: korok|Moody|boost\n|-boost|p1a: korok|spe|2\n|-unboost|p1a: korok|def|1\n|upkeep\n|turn|6\n|\n|t:|1699206043\n|move|p1a: korok|Substitute|p1a: korok\n|-fail|p1a: korok|move: Substitute\n|move|p2a: Turd|Flamethrower|p1a: korok\n|-end|p1a: korok|Substitute\n|\n|-heal|p1a: korok|94\/100|[from] item: Leftovers\n|-ability|p1a: korok|Moody|boost\n|-boost|p1a: korok|atk|2\n|-unboost|p1a: korok|spe|1\n|upkeep\n|turn|7\n|\n|t:|1699206052\n|move|p1a: korok|Spiky Shield|p1a: korok\n|-singleturn|p1a: korok|move: Protect\n|move|p2a: Turd|Flamethrower|p1a: korok\n|-activate|p1a: korok|move: Protect\n|\n|-heal|p1a: korok|99\/100|[from] item: Leftovers\n|-ability|p1a: korok|Moody|boost\n|-boost|p1a: korok|def|2\n|-unboost|p1a: korok|atk|1\n|upkeep\n|turn|8\n|\n|t:|1699206062\n|move|p1a: korok|Substitute|p1a: korok\n|-start|p1a: korok|Substitute\n|-damage|p1a: korok|75\/100\n|cant|p2a: Turd|par\n|\n|-heal|p1a: korok|81\/100|[from] item: Leftovers\n|-ability|p1a: korok|Moody|boost\n|-boost|p1a: korok|spe|2\n|-unboost|p1a: korok|spd|1\n|upkeep\n|turn|9\n|\n|t:|1699206071\n|move|p1a: korok|Spiky Shield|p1a: korok\n|-singleturn|p1a: korok|move: Protect\n|move|p2a: Turd|Dragon Pulse|p1a: korok\n|-activate|p1a: korok|move: Protect\n|\n|-heal|p1a: korok|87\/100|[from] item: Leftovers\n|-ability|p1a: korok|Moody|boost\n|-boost|p1a: korok|spe|1\n|-unboost|p1a: korok|spd|1\n|upkeep\n|turn|10\n|\n|t:|1699206082\n|move|p1a: korok|Substitute|p1a: korok\n|-fail|p1a: korok|move: Substitute\n|move|p2a: Turd|Flamethrower|p1a: korok\n|-end|p1a: korok|Substitute\n|\n|-heal|p1a: korok|93\/100|[from] item: Leftovers\n|-ability|p1a: korok|Moody|boost\n|-boost|p1a: korok|spa|2\n|-unboost|p1a: korok|spe|1\n|upkeep\n|turn|11\n|\n|t:|1699206091\n|move|p1a: korok|Spiky Shield|p1a: korok\n|-singleturn|p1a: korok|move: Protect\n|move|p2a: Turd|Flash Cannon|p1a: korok\n|-activate|p1a: korok|move: Protect\n|\n|-heal|p1a: korok|99\/100|[from] item: Leftovers\n|-ability|p1a: korok|Moody|boost\n|-boost|p1a: korok|def|2\n|-unboost|p1a: korok|atk|1\n|upkeep\n|turn|12\n|\n|t:|1699206099\n|move|p1a: korok|Substitute|p1a: korok\n|-start|p1a: korok|Substitute\n|-damage|p1a: korok|74\/100\n|move|p2a: Turd|Shell Smash|p2a: Turd\n|-unboost|p2a: Turd|def|1\n|-unboost|p2a: Turd|spd|1\n|-boost|p2a: Turd|atk|2\n|-boost|p2a: Turd|spa|2\n|-boost|p2a: Turd|spe|2\n|\n|-heal|p1a: korok|80\/100|[from] item: Leftovers\n|-ability|p1a: korok|Moody|boost\n|-boost|p1a: korok|spe|1\n|-unboost|p1a: korok|spa|1\n|upkeep\n|turn|13\n|\n|t:|1699206110\n|move|p1a: korok|Spiky Shield|p1a: korok\n|-singleturn|p1a: korok|move: Protect\n|move|p2a: Turd|Shell Smash|p2a: Turd\n|-unboost|p2a: Turd|def|1\n|-unboost|p2a: Turd|spd|1\n|-boost|p2a: Turd|atk|2\n|-boost|p2a: Turd|spa|2\n|-boost|p2a: Turd|spe|2\n|\n|-heal|p1a: korok|86\/100|[from] item: Leftovers\n|-ability|p1a: korok|Moody|boost\n|-boost|p1a: korok|def|2\n|-unboost|p1a: korok|atk|1\n|upkeep\n|turn|14\n|\n|t:|1699206123\n|move|p1a: korok|Substitute|p1a: korok\n|-fail|p1a: korok|move: Substitute\n|move|p2a: Turd|Flash Cannon|p1a: korok\n|-end|p1a: korok|Substitute\n|\n|-heal|p1a: korok|92\/100|[from] item: Leftovers\n|-ability|p1a: korok|Moody|boost\n|-boost|p1a: korok|spa|2\n|-unboost|p1a: korok|spe|1\n|upkeep\n|turn|15\n|\n|t:|1699206132\n|move|p1a: korok|Spiky Shield|p1a: korok\n|-singleturn|p1a: korok|move: Protect\n|move|p2a: Turd|Flamethrower|p1a: korok\n|-activate|p1a: korok|move: Protect\n|\n|-heal|p1a: korok|98\/100|[from] item: Leftovers\n|-ability|p1a: korok|Moody|boost\n|-boost|p1a: korok|spa|2\n|-unboost|p1a: korok|atk|1\n|upkeep\n|turn|16\n|\n|t:|1699206141\n|move|p1a: korok|Substitute|p1a: korok\n|-start|p1a: korok|Substitute\n|-damage|p1a: korok|73\/100\n|move|p2a: Turd|Flamethrower|p1a: korok\n|-end|p1a: korok|Substitute\n|\n|-heal|p1a: korok|79\/100|[from] item: Leftovers\n|-ability|p1a: korok|Moody|boost\n|-boost|p1a: korok|spa|1\n|-unboost|p1a: korok|def|1\n|upkeep\n|turn|17\n|\n|t:|1699206153\n|move|p1a: korok|Spiky Shield|p1a: korok\n|-singleturn|p1a: korok|move: Protect\n|move|p2a: Turd|Flamethrower|p1a: korok\n|-activate|p1a: korok|move: Protect\n|\n|-heal|p1a: korok|85\/100|[from] item: Leftovers\n|-ability|p1a: korok|Moody|boost\n|-boost|p1a: korok|spd|2\n|-unboost|p1a: korok|def|1\n|upkeep\n|turn|18\n|\n|t:|1699206161\n|move|p1a: korok|Substitute|p1a: korok\n|-start|p1a: korok|Substitute\n|-damage|p1a: korok|61\/100\n|move|p2a: Turd|Flamethrower|p1a: korok\n|-end|p1a: korok|Substitute\n|\n|-heal|p1a: korok|67\/100|[from] item: Leftovers\n|-ability|p1a: korok|Moody|boost\n|-boost|p1a: korok|spe|1\n|-unboost|p1a: korok|spa|1\n|upkeep\n|turn|19\n|\n|t:|1699206170\n|move|p1a: korok|Spiky Shield|p1a: korok\n|-singleturn|p1a: korok|move: Protect\n|move|p2a: Turd|Flamethrower|p1a: korok\n|-activate|p1a: korok|move: Protect\n|\n|-heal|p1a: korok|73\/100|[from] item: Leftovers\n|-ability|p1a: korok|Moody|boost\n|-boost|p1a: korok|atk|2\n|-unboost|p1a: korok|spd|1\n|upkeep\n|turn|20\n|\n|t:|1699206180\n|move|p1a: korok|Substitute|p1a: korok\n|-start|p1a: korok|Substitute\n|-damage|p1a: korok|48\/100\n|cant|p2a: Turd|par\n|\n|-heal|p1a: korok|54\/100|[from] item: Leftovers\n|-ability|p1a: korok|Moody|boost\n|-boost|p1a: korok|spa|1\n|-unboost|p1a: korok|def|1\n|upkeep\n|turn|21\n|\n|t:|1699206188\n|move|p1a: korok|Spiky Shield|p1a: korok\n|-singleturn|p1a: korok|move: Protect\n|move|p2a: Turd|Flamethrower|p1a: korok\n|-activate|p1a: korok|move: Protect\n|\n|-heal|p1a: korok|60\/100|[from] item: Leftovers\n|-ability|p1a: korok|Moody|boost\n|-boost|p1a: korok|def|2\n|-unboost|p1a: korok|spa|1\n|upkeep\n|turn|22\n|\n|t:|1699206197\n|move|p1a: korok|Substitute|p1a: korok\n|-fail|p1a: korok|move: Substitute\n|move|p2a: Turd|Flamethrower|p1a: korok\n|-end|p1a: korok|Substitute\n|\n|-heal|p1a: korok|66\/100|[from] item: Leftovers\n|-ability|p1a: korok|Moody|boost\n|-boost|p1a: korok|def|2\n|-unboost|p1a: korok|spd|1\n|upkeep\n|turn|23\n|\n|t:|1699206206\n|move|p1a: korok|Spiky Shield|p1a: korok\n|-singleturn|p1a: korok|move: Protect\n|move|p2a: Turd|Flamethrower|p1a: korok\n|-activate|p1a: korok|move: Protect\n|\n|-heal|p1a: korok|72\/100|[from] item: Leftovers\n|-ability|p1a: korok|Moody|boost\n|-boost|p1a: korok|spd|2\n|-unboost|p1a: korok|def|1\n|upkeep\n|turn|24\n|\n|t:|1699206215\n|move|p1a: korok|Substitute|p1a: korok\n|-start|p1a: korok|Substitute\n|-damage|p1a: korok|47\/100\n|move|p2a: Turd|Flamethrower|p1a: korok\n|-end|p1a: korok|Substitute\n|\n|-heal|p1a: korok|53\/100|[from] item: Leftovers\n|-ability|p1a: korok|Moody|boost\n|-boost|p1a: korok|def|1\n|-unboost|p1a: korok|atk|1\n|upkeep\n|turn|25\n|\n|t:|1699206247\n|move|p1a: korok|Spiky Shield|p1a: korok\n|-singleturn|p1a: korok|move: Protect\n|move|p2a: Turd|Flash Cannon|p1a: korok\n|-activate|p1a: korok|move: Protect\n|\n|-heal|p1a: korok|59\/100|[from] item: Leftovers\n|-ability|p1a: korok|Moody|boost\n|-boost|p1a: korok|spa|1\n|-unboost|p1a: korok|def|1\n|upkeep\n|turn|26\n|\n|t:|1699206258\n|move|p1a: korok|Substitute|p1a: korok\n|-start|p1a: korok|Substitute\n|-damage|p1a: korok|34\/100\n|cant|p2a: Turd|par\n|\n|-heal|p1a: korok|40\/100|[from] item: Leftovers\n|-ability|p1a: korok|Moody|boost\n|-boost|p1a: korok|atk|2\n|-unboost|p1a: korok|spe|1\n|upkeep\n|turn|27\n|\n|t:|1699206266\n|move|p1a: korok|Spiky Shield|p1a: korok\n|-singleturn|p1a: korok|move: Protect\n|cant|p2a: Turd|par\n|\n|-heal|p1a: korok|46\/100|[from] item: Leftovers\n|-ability|p1a: korok|Moody|boost\n|-boost|p1a: korok|spd|2\n|-unboost|p1a: korok|spe|1\n|upkeep\n|turn|28\n|\n|t:|1699206274\n|-terastallize|p1a: korok|Dark\n|move|p1a: korok|Power Trip|p2a: Turd\n|-damage|p2a: Turd|0 fnt\n|faint|p2a: Turd\n|\n|-heal|p1a: korok|52\/100|[from] item: Leftovers\n|-ability|p1a: korok|Moody|boost\n|-boost|p1a: korok|spd|2\n|-unboost|p1a: korok|atk|1\n|upkeep\n|\n|t:|1699206285\n|switch|p2a: Kangy|Kangaskhan, F, shiny|100\/100\n|-activate|p2a: Kangy|move: Sticky Web\n|-unboost|p2a: Kangy|spe|1\n|turn|29\n|\n|t:|1699206290\n|detailschange|p2a: Kangy|Kangaskhan-Mega, F, shiny\n|-mega|p2a: Kangy|Kangaskhan|Kangaskhanite\n|move|p1a: korok|Spiky Shield|p1a: korok\n|-singleturn|p1a: korok|move: Protect\n|move|p2a: Kangy|Fake Out|p1a: korok\n|-activate|p1a: korok|move: Protect\n|-damage|p2a: Kangy|88\/100|[from] Spiky Shield|[of] p1a: korok\n|\n|-heal|p1a: korok|58\/100|[from] item: Leftovers\n|-ability|p1a: korok|Moody|boost\n|-boost|p1a: korok|atk|2\n|-unboost|p1a: korok|spd|1\n|upkeep\n|turn|30\n|\n|t:|1699206311\n|move|p2a: Kangy|Sucker Punch|p1a: korok\n|-resisted|p1a: korok\n|-activate|p1a: korok|move: Substitute|[damage]\n|-resisted|p1a: korok\n|-activate|p1a: korok|move: Substitute|[damage]\n|-hitcount|p1a: korok|2\n|move|p1a: korok|Power Trip|p2a: Kangy\n|-damage|p2a: Kangy|0 fnt\n|faint|p2a: Kangy\n|\n|-heal|p1a: korok|64\/100|[from] item: Leftovers\n|-ability|p1a: korok|Moody|boost\n|-boost|p1a: korok|def|1\n|-unboost|p1a: korok|spd|1\n|upkeep\n|\n|t:|1699206326\n|switch|p2a: Ball|Electrode|100\/100\n|-activate|p2a: Ball|move: Sticky Web\n|-unboost|p2a: Ball|spe|1\n|turn|31\n|\n|t:|1699206342\n|move|p1a: korok|Power Trip|p2a: Ball\n|-damage|p2a: Ball|0 fnt\n|-damage|p1a: korok|40\/100|[from] ability: Aftermath|[of] p2a: Ball\n|faint|p2a: Ball\n|\n|-heal|p1a: korok|46\/100|[from] item: Leftovers\n|-ability|p1a: korok|Moody|boost\n|-boost|p1a: korok|atk|2\n|-unboost|p1a: korok|def|1\n|upkeep\n|\n|t:|1699206365\n|switch|p2a: Batman|Crobat, M|100\/100\n|turn|32\n|\n|t:|1699206368\n|move|p1a: korok|Power Trip|p2a: Batman\n|-crit|p2a: Batman\n|-damage|p2a: Batman|0 fnt\n|faint|p2a: Batman\n|\n|-heal|p1a: korok|51\/100|[from] item: Leftovers\n|-ability|p1a: korok|Moody|boost\n|-boost|p1a: korok|spe|2\n|-unboost|p1a: korok|def|1\n|upkeep\n|\n|t:|1699206379\n|switch|p2a: Shellshocker|Blastoise, M|100\/100\n|turn|33\n|\n|t:|1699206392\n|move|p1a: korok|Power Trip|p2a: Shellshocker\n|-damage|p2a: Shellshocker|0 fnt\n|faint|p2a: Shellshocker\n|\n|-heal|p1a: korok|57\/100|[from] item: Leftovers\n|-ability|p1a: korok|Moody|boost\n|-boost|p1a: korok|def|2\n|-unboost|p1a: korok|spe|1\n|upkeep\n|\n|t:|1699206402\n|switch|p2a: Bruteroot|Victreebel, M|100\/100\n|-activate|p2a: Bruteroot|move: Sticky Web\n|-unboost|p2a: Bruteroot|spe|1\n|turn|34\n|\n|t:|1699206412\n|-terastallize|p2a: Bruteroot|Water\n|move|p1a: korok|Power Trip|p2a: Bruteroot\n|-damage|p2a: Bruteroot|0 fnt\n|faint|p2a: Bruteroot\n|\n|win|Heart Articuno\n|raw|Heart Articuno's rating: 1045 &rarr; <strong>1076<\/strong><br \/>(+31 for winning)\n|raw|PoliKid13's rating: 1020 &rarr; <strong>1008<\/strong><br \/>(-12 for losing)\n|n|\u2606Heart Articuno|heartarticuno\n|c|\u2606Heart Articuno|with mega kangaskan's ability you could have stopped my smeargle alot sooner btw\n|c|\u2606PoliKid13|how\n|c|\u2606PoliKid13|idk how i couldve\n|c|\u2606Heart Articuno|you send it out soon as smeargle comes out\n|c|\u2606Heart Articuno|the ability hits twice it can hit the sub then smeargle preventing me from subbing so much\n|c|\u2606PoliKid13|ohhh\n|c|\u2606PoliKid13|thanks for the tip\n|c|\u2606Heart Articuno|you're welcome i know a move that would help\n|c|\u2606PoliKid13|what is ti\n|c|\u2606PoliKid13|it\n|c|\u2606Heart Articuno|siesmic toss it always does 100 damage since level 100 so both hits total to 200\n|c|\u2606PoliKid13|because of parental bond?\n|c|\u2606Heart Articuno|yep\n|c|\u2606PoliKid13|bet\n|c|\u2606PoliKid13|thanks\n|c|\u2606Heart Articuno|parental bond doesn't cancel out set damage ^ have a good one and you're welcome\n|c|\u2606PoliKid13|you too\n|l|\u2606PoliKid13\n","uploadtime":1699206571,"views":5,"p1id":"heartarticuno","p2id":"polikid13","formatid":"gen9nationaldexubers","rating":1008,"private":0,"password":""}