{"id":"gen9nationaldexubers-1984177511","p1":"Guj Genera","p2":"ninjamage13","format":"[Gen 9] National Dex Ubers","log":"|j|\u2606Guj Genera\n|j|\u2606ninjamage13\n|t:|1699226881\n|gametype|singles\n|player|p1|Guj Genera|red|\n|player|p2|ninjamage13|pokemonranger-gen6xy|\n|teamsize|p1|6\n|teamsize|p2|6\n|gen|9\n|tier|[Gen 9] National Dex Ubers\n|rule|HP Percentage Mod: HP is shown in percentages\n|rule|Endless Battle Clause: Forcing endless battles is banned\n|rule|OHKO Clause: OHKO moves are banned\n|rule|Evasion Moves Clause: Evasion moves are banned\n|rule|Evasion Items Clause: Evasion items are banned\n|rule|Species Clause: Limit one of each Pok\u00e9mon\n|rule|Sleep Clause Mod: Limit one foe put to sleep\n|rule|Mega Rayquaza Clause: You cannot mega evolve Rayquaza\n|clearpoke\n|poke|p1|Zeraora|\n|poke|p1|Kommo-o, M|\n|poke|p1|Cinderace, F|\n|poke|p1|Landorus-Therian, M|\n|poke|p1|Kartana|\n|poke|p1|Cryogonal|\n|poke|p2|Venusaur, F|\n|poke|p2|Whimsicott, M|\n|poke|p2|Breloom, M|\n|poke|p2|Ferrothorn, M|\n|poke|p2|Meowscarada, M|\n|poke|p2|Chesnaught, M|\n|teampreview\n|inactive|Battle timer is ON: inactive players will automatically lose when time's up. (requested by Guj Genera)\n|c|\u2606Guj Genera|glhf\n|inactiveoff|Battle timer is now OFF.\n|j| mr giles\n|\n|t:|1699226928\n|start\n|switch|p1a: Cinderace|Cinderace, F, shiny|100\/100\n|switch|p2a: SPINE CURVES|Ferrothorn, M|100\/100\n|turn|1\n|\n|t:|1699226931\n|move|p2a: SPINE CURVES|Protect|p2a: SPINE CURVES\n|-singleturn|p2a: SPINE CURVES|Protect\n|move|p1a: Cinderace|Gunk Shot|p2a: SPINE CURVES\n|-start|p1a: Cinderace|typechange|Poison|[from] ability: Libero\n|-activate|p2a: SPINE CURVES|move: Protect\n|\n|upkeep\n|turn|2\n|\n|t:|1699226934\n|switch|p1a: Landorus|Landorus-Therian, M, shiny|100\/100\n|-ability|p1a: Landorus|Intimidate|boost\n|-unboost|p2a: SPINE CURVES|atk|1\n|move|p2a: SPINE CURVES|Spikes|p1a: Landorus\n|-sidestart|p1: Guj Genera|Spikes\n|\n|upkeep\n|turn|3\n|\n|t:|1699226941\n|switch|p2a: POLYESTER ZEAL|Whimsicott, M|100\/100\n|move|p1a: Landorus|Stealth Rock|p2a: POLYESTER ZEAL\n|-sidestart|p2: ninjamage13|move: Stealth Rock\n|\n|upkeep\n|turn|4\n|j| B3YOND THE HOR1ZON\n|\n|t:|1699226951\n|move|p2a: POLYESTER ZEAL|Substitute|p2a: POLYESTER ZEAL\n|-start|p2a: POLYESTER ZEAL|Substitute\n|-damage|p2a: POLYESTER ZEAL|76\/100\n|move|p1a: Landorus|Toxic||[still]\n|-fail|p1a: Landorus\n|\n|-heal|p2a: POLYESTER ZEAL|82\/100|[from] item: Leftovers\n|upkeep\n|turn|5\n|\n|t:|1699226956\n|move|p2a: POLYESTER ZEAL|Encore|p1a: Landorus\n|-start|p1a: Landorus|Encore\n|move|p1a: Landorus|Toxic||[still]\n|-fail|p1a: Landorus\n|\n|-heal|p2a: POLYESTER ZEAL|88\/100|[from] item: Leftovers\n|upkeep\n|turn|6\n|\n|t:|1699226962\n|switch|p1a: Kartana|Kartana, shiny|100\/100\n|-damage|p1a: Kartana|88\/100|[from] Spikes\n|move|p2a: POLYESTER ZEAL|Moonblast|p1a: Kartana\n|-resisted|p1a: Kartana\n|-damage|p1a: Kartana|34\/100\n|-unboost|p1a: Kartana|spa|1\n|\n|-heal|p2a: POLYESTER ZEAL|94\/100|[from] item: Leftovers\n|upkeep\n|turn|7\n|\n|t:|1699226971\n|move|p1a: Kartana|Psycho Cut|p2a: POLYESTER ZEAL\n|-end|p2a: POLYESTER ZEAL|Substitute\n|move|p2a: POLYESTER ZEAL|Moonblast|p1a: Kartana\n|-resisted|p1a: Kartana\n|-damage|p1a: Kartana|0 fnt\n|faint|p1a: Kartana\n|\n|-heal|p2a: POLYESTER ZEAL|100\/100|[from] item: Leftovers\n|upkeep\n|\n|t:|1699226975\n|switch|p1a: Cryogonal|Cryogonal, shiny|100\/100\n|turn|8\n|\n|t:|1699226978\n|switch|p2a: SPINE CURVES|Ferrothorn, M|100\/100\n|-damage|p2a: SPINE CURVES|95\/100|[from] Stealth Rock\n|move|p1a: Cryogonal|Freeze-Dry|p2a: SPINE CURVES\n|-damage|p2a: SPINE CURVES|80\/100\n|\n|-heal|p2a: SPINE CURVES|86\/100|[from] item: Leftovers\n|upkeep\n|turn|9\n|\n|t:|1699226982\n|move|p1a: Cryogonal|Rapid Spin|p2a: SPINE CURVES\n|-resisted|p2a: SPINE CURVES\n|-damage|p2a: SPINE CURVES|83\/100\n|-boost|p1a: Cryogonal|spe|1\n|-damage|p1a: Cryogonal|88\/100|[from] ability: Iron Barbs|[of] p2a: SPINE CURVES\n|-sideend|p1: Guj Genera|Spikes|[from] move: Rapid Spin|[of] p1a: Cryogonal\n|move|p2a: SPINE CURVES|Gyro Ball|p1a: Cryogonal\n|-supereffective|p1a: Cryogonal\n|-damage|p1a: Cryogonal|0 fnt\n|faint|p1a: Cryogonal\n|\n|-heal|p2a: SPINE CURVES|89\/100|[from] item: Leftovers\n|upkeep\n|\n|t:|1699226989\n|switch|p1a: Kommo-o|Kommo-o, M, shiny|100\/100\n|turn|10\n|\n|t:|1699227008\n|switch|p2a: POLYESTER ZEAL|Whimsicott, M|100\/100\n|-damage|p2a: POLYESTER ZEAL|88\/100|[from] Stealth Rock\n|move|p1a: Kommo-o|Earthquake|p2a: POLYESTER ZEAL\n|-resisted|p2a: POLYESTER ZEAL\n|-damage|p2a: POLYESTER ZEAL|65\/100\n|\n|-heal|p2a: POLYESTER ZEAL|72\/100|[from] item: Leftovers\n|upkeep\n|turn|11\n|\n|t:|1699227018\n|move|p2a: POLYESTER ZEAL|Substitute|p2a: POLYESTER ZEAL\n|-start|p2a: POLYESTER ZEAL|Substitute\n|-damage|p2a: POLYESTER ZEAL|47\/100\n|move|p1a: Kommo-o|Earthquake|p2a: POLYESTER ZEAL\n|-resisted|p2a: POLYESTER ZEAL\n|-end|p2a: POLYESTER ZEAL|Substitute\n|\n|-heal|p2a: POLYESTER ZEAL|53\/100|[from] item: Leftovers\n|upkeep\n|turn|12\n|j| Astro nation y\n|\n|t:|1699227021\n|move|p2a: POLYESTER ZEAL|Moonblast|p1a: Kommo-o\n|-supereffective|p1a: Kommo-o\n|-crit|p1a: Kommo-o\n|-damage|p1a: Kommo-o|0 fnt\n|faint|p1a: Kommo-o\n|\n|-heal|p2a: POLYESTER ZEAL|59\/100|[from] item: Leftovers\n|upkeep\n|\n|t:|1699227025\n|switch|p1a: Zeraora|Zeraora, shiny|100\/100\n|turn|13\n|\n|t:|1699227032\n|switch|p2a: OK I'M SICK|Venusaur, F|100\/100\n|-damage|p2a: OK I'M SICK|88\/100|[from] Stealth Rock\n|move|p1a: Zeraora|Plasma Fists|p2a: OK I'M SICK\n|-resisted|p2a: OK I'M SICK\n|-damage|p2a: OK I'M SICK|71\/100\n|-fieldactivate|move: Ion Deluge\n|-hint|Normal-type moves become Electric-type after using Plasma Fists.\n|\n|upkeep\n|turn|14\n|\n|t:|1699227036\n|detailschange|p2a: OK I'M SICK|Venusaur-Mega, F\n|-mega|p2a: OK I'M SICK|Venusaur|Venusaurite\n|move|p1a: Zeraora|Plasma Fists|p2a: OK I'M SICK\n|-resisted|p2a: OK I'M SICK\n|-damage|p2a: OK I'M SICK|57\/100\n|-fieldactivate|move: Ion Deluge\n|-hint|Normal-type moves become Electric-type after using Plasma Fists.\n|move|p2a: OK I'M SICK|Leech Seed|p1a: Zeraora\n|-start|p1a: Zeraora|move: Leech Seed\n|\n|-damage|p1a: Zeraora|88\/100|[from] Leech Seed|[of] p2a: OK I'M SICK\n|-heal|p2a: OK I'M SICK|68\/100|[silent]\n|upkeep\n|turn|15\n|c| mr giles|Do you know the tale of sisyphus\n|c|\u2606Guj Genera|No, but thats not the time for it.\n|\n|t:|1699227053\n|switch|p1a: Landorus|Landorus-Therian, M, shiny|100\/100\n|-ability|p1a: Landorus|Intimidate|boost\n|-unboost|p2a: OK I'M SICK|atk|1\n|switch|p2a: POLYESTER ZEAL|Whimsicott, M|59\/100\n|-damage|p2a: POLYESTER ZEAL|47\/100|[from] Stealth Rock\n|\n|-heal|p2a: POLYESTER ZEAL|53\/100|[from] item: Leftovers\n|upkeep\n|turn|16\n|\n|t:|1699227058\n|move|p2a: POLYESTER ZEAL|Moonblast|p1a: Landorus\n|-damage|p1a: Landorus|60\/100\n|move|p1a: Landorus|U-turn|p2a: POLYESTER ZEAL\n|-damage|p2a: POLYESTER ZEAL|18\/100\n|\n|t:|1699227062\n|switch|p1a: Zeraora|Zeraora, shiny|88\/100|[from] U-turn\n|\n|-heal|p2a: POLYESTER ZEAL|24\/100|[from] item: Leftovers\n|upkeep\n|turn|17\n|c| mr giles|Your battles with ninja are pretty uh\n|c| mr giles|Relevant to it\n|\n|t:|1699227066\n|switch|p2a: OK I'M SICK|Venusaur-Mega, F|68\/100\n|-damage|p2a: OK I'M SICK|55\/100|[from] Stealth Rock\n|move|p1a: Zeraora|Plasma Fists|p2a: OK I'M SICK\n|-resisted|p2a: OK I'M SICK\n|-damage|p2a: OK I'M SICK|42\/100\n|-fieldactivate|move: Ion Deluge\n|-hint|Normal-type moves become Electric-type after using Plasma Fists.\n|\n|upkeep\n|turn|18\n|c|\u2606Guj Genera|Im sorry but did I ask?\n|\n|t:|1699227077\n|move|p1a: Zeraora|Plasma Fists|p2a: OK I'M SICK\n|-resisted|p2a: OK I'M SICK\n|-damage|p2a: OK I'M SICK|28\/100\n|-fieldactivate|move: Ion Deluge\n|-hint|Normal-type moves become Electric-type after using Plasma Fists.\n|move|p2a: OK I'M SICK|Synthesis|p2a: OK I'M SICK\n|-heal|p2a: OK I'M SICK|78\/100\n|\n|upkeep\n|turn|19\n|\n|t:|1699227080\n|switch|p1a: Landorus|Landorus-Therian, M, shiny|60\/100\n|-ability|p1a: Landorus|Intimidate|boost\n|-unboost|p2a: OK I'M SICK|atk|1\n|move|p2a: OK I'M SICK|Sludge Bomb|p1a: Landorus\n|-resisted|p1a: Landorus\n|-crit|p1a: Landorus\n|-damage|p1a: Landorus|32\/100\n|\n|upkeep\n|turn|20\n|\n|t:|1699227086\n|switch|p2a: NO BULLETS SPENT|Chesnaught, M|100\/100\n|-damage|p2a: NO BULLETS SPENT|94\/100|[from] Stealth Rock\n|move|p1a: Landorus|U-turn|p2a: NO BULLETS SPENT\n|-damage|p2a: NO BULLETS SPENT|81\/100\n|-damage|p1a: Landorus|15\/100|[from] item: Rocky Helmet|[of] p2a: NO BULLETS SPENT\n|c| mr giles|No i was asking you silly\n|\n|t:|1699227091\n|switch|p1a: Cinderace|Cinderace, F, shiny|100\/100|[from] U-turn\n|\n|upkeep\n|turn|21\n|\n|t:|1699227096\n|switch|p2a: SPINE CURVES|Ferrothorn, M|89\/100\n|-damage|p2a: SPINE CURVES|83\/100|[from] Stealth Rock\n|move|p1a: Cinderace|High Jump Kick|p2a: SPINE CURVES\n|-start|p1a: Cinderace|typechange|Fighting|[from] ability: Libero\n|-supereffective|p2a: SPINE CURVES\n|-damage|p2a: SPINE CURVES|0 fnt\n|-damage|p1a: Cinderace|88\/100|[from] ability: Iron Barbs|[of] p2a: SPINE CURVES\n|faint|p2a: SPINE CURVES\n|\n|upkeep\n|c| Astro nation y|Plays\n|c| Astro nation y|Lmao\n|\n|t:|1699227109\n|switch|p2a: OK I'M SICK|Venusaur-Mega, F|78\/100\n|-damage|p2a: OK I'M SICK|65\/100|[from] Stealth Rock\n|turn|22\n|c|\u2606Guj Genera|Predicted\n|\n|t:|1699227115\n|switch|p1a: Zeraora|Zeraora, shiny|88\/100\n|move|p2a: OK I'M SICK|Synthesis|p2a: OK I'M SICK\n|-heal|p2a: OK I'M SICK|100\/100\n|\n|upkeep\n|turn|23\n|c| Astro nation y|Lol red\n|l| B3YOND THE HOR1ZON\n|c|\u2606Guj Genera|What\n|c| mr giles|Dog you still lost prediction or not\n|c|\u2606ninjamage13|why not just click pyro ball if you predicted it\n|c|\u2606Guj Genera|Ik\n|\n|t:|1699227143\n|move|p1a: Zeraora|Plasma Fists|p2a: OK I'M SICK\n|-resisted|p2a: OK I'M SICK\n|-damage|p2a: OK I'M SICK|86\/100\n|-fieldactivate|move: Ion Deluge\n|-hint|Normal-type moves become Electric-type after using Plasma Fists.\n|move|p2a: OK I'M SICK|Sludge Bomb|p1a: Zeraora\n|-damage|p1a: Zeraora|39\/100\n|\n|upkeep\n|turn|24\n|c| Astro nation y|No one says predicted losing how your losing\n|c|\u2606Guj Genera|because I didn't want u to go back to chestnaught\n|c| Astro nation y|Right now\n|\n|t:|1699227151\n|move|p1a: Zeraora|Plasma Fists|p2a: OK I'M SICK\n|-resisted|p2a: OK I'M SICK\n|-damage|p2a: OK I'M SICK|73\/100\n|-fieldactivate|move: Ion Deluge\n|-hint|Normal-type moves become Electric-type after using Plasma Fists.\n|move|p2a: OK I'M SICK|Leech Seed|p1a: Zeraora|[miss]\n|-miss|p2a: OK I'M SICK|p1a: Zeraora\n|\n|upkeep\n|turn|25\n|c| Astro nation y|Low key\n|c| Astro nation y|Lol\n|\n|t:|1699227161\n|move|p1a: Zeraora|Plasma Fists|p2a: OK I'M SICK\n|-resisted|p2a: OK I'M SICK\n|-damage|p2a: OK I'M SICK|59\/100\n|-fieldactivate|move: Ion Deluge\n|-hint|Normal-type moves become Electric-type after using Plasma Fists.\n|move|p2a: OK I'M SICK|Leech Seed|p1a: Zeraora\n|-start|p1a: Zeraora|move: Leech Seed\n|\n|-damage|p1a: Zeraora|27\/100|[from] Leech Seed|[of] p2a: OK I'M SICK\n|-heal|p2a: OK I'M SICK|70\/100|[silent]\n|upkeep\n|turn|26\n|j| B3YOND THE HOR1ZON\n|c|\u2606Guj Genera|I predicted my loss but I am still trying\n|\n|t:|1699227170\n|move|p1a: Zeraora|Plasma Fists|p2a: OK I'M SICK\n|-resisted|p2a: OK I'M SICK\n|-damage|p2a: OK I'M SICK|55\/100\n|-fieldactivate|move: Ion Deluge\n|-hint|Normal-type moves become Electric-type after using Plasma Fists.\n|move|p2a: OK I'M SICK|Synthesis|p2a: OK I'M SICK\n|-heal|p2a: OK I'M SICK|100\/100\n|\n|-damage|p1a: Zeraora|14\/100|[from] Leech Seed|[of] p2a: OK I'M SICK\n|upkeep\n|turn|27\n|\n|t:|1699227178\n|switch|p2a: EVERLONG|Breloom, M|100\/100\n|-damage|p2a: EVERLONG|94\/100|[from] Stealth Rock\n|move|p1a: Zeraora|Close Combat|p2a: EVERLONG\n|-damage|p2a: EVERLONG|37\/100\n|-unboost|p1a: Zeraora|def|1\n|-unboost|p1a: Zeraora|spd|1\n|\n|-damage|p1a: Zeraora|2\/100|[from] Leech Seed|[of] p2a: EVERLONG\n|-heal|p2a: EVERLONG|52\/100|[silent]\n|upkeep\n|turn|28\n|\n|t:|1699227186\n|move|p2a: EVERLONG|Mach Punch|p1a: Zeraora\n|-damage|p1a: Zeraora|0 fnt\n|faint|p1a: Zeraora\n|\n|upkeep\n|\n|t:|1699227189\n|switch|p1a: Landorus|Landorus-Therian, M, shiny|15\/100\n|-ability|p1a: Landorus|Intimidate|boost\n|-unboost|p2a: EVERLONG|atk|1\n|turn|29\n|\n|t:|1699227195\n|move|p1a: Landorus|Earthquake|p2a: EVERLONG\n|-resisted|p2a: EVERLONG\n|-damage|p2a: EVERLONG|17\/100\n|move|p2a: EVERLONG|Bullet Seed|p1a: Landorus\n|-damage|p1a: Landorus|5\/100\n|-damage|p1a: Landorus|0 fnt\n|faint|p1a: Landorus\n|-hitcount|p1: Landorus|2\n|\n|upkeep\n|\n|t:|1699227202\n|switch|p1a: Cinderace|Cinderace, F, shiny|88\/100\n|turn|30\n|\n|t:|1699227205\n|switch|p2a: NO BULLETS SPENT|Chesnaught, M|81\/100\n|-damage|p2a: NO BULLETS SPENT|75\/100|[from] Stealth Rock\n|move|p1a: Cinderace|Gunk Shot|p2a: NO BULLETS SPENT\n|-start|p1a: Cinderace|typechange|Poison|[from] ability: Libero\n|-supereffective|p2a: NO BULLETS SPENT\n|-damage|p2a: NO BULLETS SPENT|0 fnt\n|faint|p2a: NO BULLETS SPENT\n|\n|upkeep\n|\n|t:|1699227222\n|switch|p2a: USE YOUR ILLUSION|Meowscarada, M|100\/100\n|-damage|p2a: USE YOUR ILLUSION|88\/100|[from] Stealth Rock\n|turn|31\n|\n|t:|1699227224\n|move|p2a: USE YOUR ILLUSION|U-turn|p1a: Cinderace\n|-start|p2a: USE YOUR ILLUSION|typechange|Bug|[from] ability: Protean\n|-resisted|p1a: Cinderace\n|-damage|p1a: Cinderace|63\/100\n|\n|t:|1699227227\n|switch|p2a: POLYESTER ZEAL|Whimsicott, M|24\/100|[from] U-turn\n|-damage|p2a: POLYESTER ZEAL|12\/100|[from] Stealth Rock\n|move|p1a: Cinderace|Gunk Shot|p2a: POLYESTER ZEAL\n|-supereffective|p2a: POLYESTER ZEAL\n|-damage|p2a: POLYESTER ZEAL|0 fnt\n|faint|p2a: POLYESTER ZEAL\n|\n|upkeep\n|\n|t:|1699227228\n|switch|p2a: USE YOUR ILLUSION|Meowscarada, M|88\/100\n|-damage|p2a: USE YOUR ILLUSION|76\/100|[from] Stealth Rock\n|turn|32\n|\n|t:|1699227232\n|move|p2a: USE YOUR ILLUSION|Knock Off|p1a: Cinderace\n|-start|p2a: USE YOUR ILLUSION|typechange|Dark|[from] ability: Protean\n|-damage|p1a: Cinderace|2\/100\n|-enditem|p1a: Cinderace|Choice Band|[from] move: Knock Off|[of] p2a: USE YOUR ILLUSION\n|move|p1a: Cinderace|Gunk Shot|p2a: USE YOUR ILLUSION\n|-damage|p2a: USE YOUR ILLUSION|0 fnt\n|faint|p2a: USE YOUR ILLUSION\n|\n|upkeep\n|\n|t:|1699227236\n|switch|p2a: EVERLONG|Breloom, M|17\/100\n|-damage|p2a: EVERLONG|10\/100|[from] Stealth Rock\n|turn|33\n|\n|t:|1699227239\n|move|p2a: EVERLONG|Mach Punch|p1a: Cinderace\n|-resisted|p1a: Cinderace\n|-damage|p1a: Cinderace|0 fnt\n|faint|p1a: Cinderace\n|\n|win|ninjamage13\n|c|\u2606Guj Genera|g\n|c|\u2606Guj Genera|g\n|c|\u2606ninjamage13|gg\n|c|\u2606Guj Genera|I almost brought it back\n","uploadtime":1699227253,"views":10,"p1id":"gujgenera","p2id":"ninjamage13","formatid":"gen9nationaldexubers","rating":0,"private":0,"password":""}