{"id":"gen9nationaldexubers-1992260078","p1":"Polini mi Nini","p2":"VEN0M-MODE\u2716\ufe0f","format":"[Gen 9] National Dex Ubers","log":"|j|\u2606Polini mi Nini\n|j|\u2606VEN0M-MODE\u2716\ufe0f\n|t:|1700168585\n|gametype|singles\n|player|p1|Polini mi Nini|biker-gen4|1030\n|player|p2|VEN0M-MODE\u2716\ufe0f|plumeria|1000\n|teamsize|p1|6\n|teamsize|p2|6\n|gen|9\n|tier|[Gen 9] National Dex Ubers\n|rated|\n|rule|HP Percentage Mod: HP is shown in percentages\n|rule|Endless Battle Clause: Forcing endless battles is banned\n|rule|OHKO Clause: OHKO moves are banned\n|rule|Evasion Moves Clause: Evasion moves are banned\n|rule|Evasion Items Clause: Evasion items are banned\n|rule|Species Clause: Limit one of each Pok\u00e9mon\n|rule|Sleep Clause Mod: Limit one foe put to sleep\n|rule|Mega Rayquaza Clause: You cannot mega evolve Rayquaza\n|clearpoke\n|poke|p1|Charizard, M|\n|poke|p1|Tyrantrum, M|\n|poke|p1|Kyogre|\n|poke|p1|Aegislash, M|\n|poke|p1|Kommo-o, M|\n|poke|p1|Thundurus-Therian, M|\n|poke|p2|Sneasler, M|\n|poke|p2|Revavroom, M|\n|poke|p2|Salazzle, F|\n|poke|p2|Crobat, F|\n|poke|p2|Drapion, M|\n|poke|p2|Eternatus|\n|teampreview\n|\n|t:|1700168595\n|start\n|switch|p1a: Aegislash|Aegislash, M|100\/100\n|switch|p2a: \ud83d\udfea\u2623\ufe0eSNEASLER\u2623\ufe0e\ud83d\udfea|Sneasler, M|100\/100\n|turn|1\n|\n|t:|1700168606\n|switch|p2a: \ud83d\udfea\u2623\ufe0eSALAZZLE\u2623\ufe0e\ud83d\udfea|Salazzle, F|100\/100\n|move|p1a: Aegislash|King's Shield||[still]\n|-fail|p1a: Aegislash\n|\n|upkeep\n|turn|2\n|\n|t:|1700168622\n|switch|p1a: Tyrantrum|Tyrantrum, M|100\/100\n|move|p2a: \ud83d\udfea\u2623\ufe0eSALAZZLE\u2623\ufe0e\ud83d\udfea|Toxic|p1a: Tyrantrum\n|-status|p1a: Tyrantrum|tox\n|\n|-damage|p1a: Tyrantrum|94\/100 tox|[from] psn\n|upkeep\n|turn|3\n|\n|t:|1700168640\n|switch|p2a: \ud83d\udfea\u2623\ufe0eCROBAT\u2623\ufe0e\ud83d\udfea|Crobat, F|100\/100\n|move|p1a: Tyrantrum|Earthquake|p2a: \ud83d\udfea\u2623\ufe0eCROBAT\u2623\ufe0e\ud83d\udfea\n|-immune|p2a: \ud83d\udfea\u2623\ufe0eCROBAT\u2623\ufe0e\ud83d\udfea\n|\n|-damage|p1a: Tyrantrum|82\/100 tox|[from] psn\n|upkeep\n|turn|4\n|\n|t:|1700168649\n|move|p2a: \ud83d\udfea\u2623\ufe0eCROBAT\u2623\ufe0e\ud83d\udfea|Protect|p2a: \ud83d\udfea\u2623\ufe0eCROBAT\u2623\ufe0e\ud83d\udfea\n|-singleturn|p2a: \ud83d\udfea\u2623\ufe0eCROBAT\u2623\ufe0e\ud83d\udfea|Protect\n|move|p1a: Tyrantrum|Head Smash|p2a: \ud83d\udfea\u2623\ufe0eCROBAT\u2623\ufe0e\ud83d\udfea\n|-activate|p2a: \ud83d\udfea\u2623\ufe0eCROBAT\u2623\ufe0e\ud83d\udfea|move: Protect\n|\n|-damage|p1a: Tyrantrum|64\/100 tox|[from] psn\n|upkeep\n|turn|5\n|\n|t:|1700168662\n|switch|p2a: \ud83d\udfea\u2623\ufe0eREVAVROOM\u2623\ufe0e\ud83d\udfea|Revavroom, M, shiny|100\/100\n|move|p1a: Tyrantrum|Head Smash|p2a: \ud83d\udfea\u2623\ufe0eREVAVROOM\u2623\ufe0e\ud83d\udfea\n|-resisted|p2a: \ud83d\udfea\u2623\ufe0eREVAVROOM\u2623\ufe0e\ud83d\udfea\n|-damage|p2a: \ud83d\udfea\u2623\ufe0eREVAVROOM\u2623\ufe0e\ud83d\udfea|57\/100\n|\n|-damage|p1a: Tyrantrum|40\/100 tox|[from] psn\n|upkeep\n|turn|6\n|\n|t:|1700168678\n|switch|p2a: \ud83d\udfea\u2623\ufe0eCROBAT\u2623\ufe0e\ud83d\udfea|Crobat, F|100\/100\n|switch|p1a: Charizard|Charizard, M|100\/100\n|\n|upkeep\n|turn|7\n|\n|t:|1700168687\n|detailschange|p1a: Charizard|Charizard-Mega-X, M\n|-mega|p1a: Charizard|Charizard|Charizardite X\n|move|p2a: \ud83d\udfea\u2623\ufe0eCROBAT\u2623\ufe0e\ud83d\udfea|Poison Fang|p1a: Charizard\n|-damage|p1a: Charizard|90\/100\n|move|p1a: Charizard|Dragon Dance|p1a: Charizard\n|-boost|p1a: Charizard|atk|1\n|-boost|p1a: Charizard|spe|1\n|\n|upkeep\n|turn|8\n|\n|t:|1700168697\n|move|p2a: \ud83d\udfea\u2623\ufe0eCROBAT\u2623\ufe0e\ud83d\udfea|Poison Fang|p1a: Charizard\n|-damage|p1a: Charizard|79\/100\n|-status|p1a: Charizard|tox\n|move|p1a: Charizard|Flare Blitz|p2a: \ud83d\udfea\u2623\ufe0eCROBAT\u2623\ufe0e\ud83d\udfea\n|-crit|p2a: \ud83d\udfea\u2623\ufe0eCROBAT\u2623\ufe0e\ud83d\udfea\n|-damage|p2a: \ud83d\udfea\u2623\ufe0eCROBAT\u2623\ufe0e\ud83d\udfea|0 fnt\n|faint|p2a: \ud83d\udfea\u2623\ufe0eCROBAT\u2623\ufe0e\ud83d\udfea\n|-damage|p1a: Charizard|49\/100 tox|[from] Recoil\n|\n|-damage|p1a: Charizard|43\/100 tox|[from] psn\n|upkeep\n|\n|t:|1700168712\n|switch|p2a: \ud83d\udfea\u2623\ufe0eSNEASLER\u2623\ufe0e\ud83d\udfea|Sneasler, M|100\/100\n|turn|9\n|\n|t:|1700168723\n|move|p2a: \ud83d\udfea\u2623\ufe0eSNEASLER\u2623\ufe0e\ud83d\udfea|Fake Out|p1a: Charizard\n|-damage|p1a: Charizard|32\/100 tox\n|cant|p1a: Charizard|flinch\n|\n|-damage|p1a: Charizard|20\/100 tox|[from] psn\n|upkeep\n|turn|10\n|\n|t:|1700168738\n|switch|p2a: \ud83d\udfea\u2623\ufe0eETERNATUS\u2623\ufe0e\ud83d\udfea|Eternatus|100\/100\n|-ability|p2a: \ud83d\udfea\u2623\ufe0eETERNATUS\u2623\ufe0e\ud83d\udfea|Pressure\n|move|p1a: Charizard|Flare Blitz|p2a: \ud83d\udfea\u2623\ufe0eETERNATUS\u2623\ufe0e\ud83d\udfea\n|-resisted|p2a: \ud83d\udfea\u2623\ufe0eETERNATUS\u2623\ufe0e\ud83d\udfea\n|-damage|p2a: \ud83d\udfea\u2623\ufe0eETERNATUS\u2623\ufe0e\ud83d\udfea|48\/100\n|-damage|p1a: Charizard|0 fnt|[from] Recoil\n|faint|p1a: Charizard\n|\n|upkeep\n|\n|t:|1700168749\n|switch|p1a: Aegislash|Aegislash, M|100\/100\n|turn|11\n|\n|t:|1700168762\n|switch|p2a: \ud83d\udfea\u2623\ufe0eSALAZZLE\u2623\ufe0e\ud83d\udfea|Salazzle, F|100\/100\n|-formechange|p1a: Aegislash|Aegislash-Blade||[from] ability: Stance Change\n|move|p1a: Aegislash|Shadow Ball|p2a: \ud83d\udfea\u2623\ufe0eSALAZZLE\u2623\ufe0e\ud83d\udfea\n|-damage|p2a: \ud83d\udfea\u2623\ufe0eSALAZZLE\u2623\ufe0e\ud83d\udfea|23\/100\n|\n|upkeep\n|turn|12\n|\n|t:|1700168771\n|-formechange|p1a: Aegislash|Aegislash||[from] ability: Stance Change\n|move|p1a: Aegislash|King's Shield|p1a: Aegislash\n|-singleturn|p1a: Aegislash|Protect\n|move|p2a: \ud83d\udfea\u2623\ufe0eSALAZZLE\u2623\ufe0e\ud83d\udfea|Toxic|p1a: Aegislash\n|-status|p1a: Aegislash|tox\n|\n|-damage|p1a: Aegislash|95\/100 tox|[from] psn\n|upkeep\n|turn|13\n|\n|t:|1700168782\n|move|p2a: \ud83d\udfea\u2623\ufe0eSALAZZLE\u2623\ufe0e\ud83d\udfea|Fire Blast|p1a: Aegislash\n|-supereffective|p1a: Aegislash\n|-crit|p1a: Aegislash\n|-damage|p1a: Aegislash|0 fnt\n|faint|p1a: Aegislash\n|\n|upkeep\n|\n|t:|1700168795\n|switch|p1a: Kommo-o|Kommo-o, M|100\/100\n|turn|14\n|\n|t:|1700168804\n|move|p2a: \ud83d\udfea\u2623\ufe0eSALAZZLE\u2623\ufe0e\ud83d\udfea|Toxic|p1a: Kommo-o\n|-status|p1a: Kommo-o|tox\n|move|p1a: Kommo-o|Earthquake|p2a: \ud83d\udfea\u2623\ufe0eSALAZZLE\u2623\ufe0e\ud83d\udfea\n|-supereffective|p2a: \ud83d\udfea\u2623\ufe0eSALAZZLE\u2623\ufe0e\ud83d\udfea\n|-damage|p2a: \ud83d\udfea\u2623\ufe0eSALAZZLE\u2623\ufe0e\ud83d\udfea|0 fnt\n|faint|p2a: \ud83d\udfea\u2623\ufe0eSALAZZLE\u2623\ufe0e\ud83d\udfea\n|\n|-damage|p1a: Kommo-o|94\/100 tox|[from] psn\n|upkeep\n|\n|t:|1700168824\n|switch|p2a: \ud83d\udfea\u2623\ufe0eETERNATUS\u2623\ufe0e\ud83d\udfea|Eternatus|48\/100\n|-ability|p2a: \ud83d\udfea\u2623\ufe0eETERNATUS\u2623\ufe0e\ud83d\udfea|Pressure\n|turn|15\n|\n|t:|1700168829\n|move|p2a: \ud83d\udfea\u2623\ufe0eETERNATUS\u2623\ufe0e\ud83d\udfea|Dynamax Cannon|p1a: Kommo-o\n|-supereffective|p1a: Kommo-o\n|-damage|p1a: Kommo-o|0 fnt\n|faint|p1a: Kommo-o\n|\n|upkeep\n|\n|t:|1700168838\n|switch|p1a: Kyogre|Kyogre|100\/100\n|detailschange|p1a: Kyogre|Kyogre-Primal\n|-primal|p1a: Kyogre|Blue Orb\n|-weather|PrimordialSea|[from] ability: Primordial Sea|[of] p1a: Kyogre\n|turn|16\n|\n|t:|1700168851\n|move|p2a: \ud83d\udfea\u2623\ufe0eETERNATUS\u2623\ufe0e\ud83d\udfea|Sludge Wave|p1a: Kyogre\n|-damage|p1a: Kyogre|56\/100\n|move|p1a: Kyogre|Blizzard|p2a: \ud83d\udfea\u2623\ufe0eETERNATUS\u2623\ufe0e\ud83d\udfea\n|-supereffective|p2a: \ud83d\udfea\u2623\ufe0eETERNATUS\u2623\ufe0e\ud83d\udfea\n|-damage|p2a: \ud83d\udfea\u2623\ufe0eETERNATUS\u2623\ufe0e\ud83d\udfea|0 fnt\n|faint|p2a: \ud83d\udfea\u2623\ufe0eETERNATUS\u2623\ufe0e\ud83d\udfea\n|\n|-weather|PrimordialSea|[upkeep]\n|upkeep\n|\n|t:|1700168860\n|switch|p2a: \ud83d\udfea\u2623\ufe0eSNEASLER\u2623\ufe0e\ud83d\udfea|Sneasler, M|100\/100\n|turn|17\n|\n|t:|1700168868\n|move|p2a: \ud83d\udfea\u2623\ufe0eSNEASLER\u2623\ufe0e\ud83d\udfea|Fake Out|p1a: Kyogre\n|-damage|p1a: Kyogre|42\/100\n|cant|p1a: Kyogre|flinch\n|\n|-weather|PrimordialSea|[upkeep]\n|upkeep\n|turn|18\n|\n|t:|1700168876\n|-terastallize|p2a: \ud83d\udfea\u2623\ufe0eSNEASLER\u2623\ufe0e\ud83d\udfea|Poison\n|move|p2a: \ud83d\udfea\u2623\ufe0eSNEASLER\u2623\ufe0e\ud83d\udfea|Dire Claw|p1a: Kyogre\n|-damage|p1a: Kyogre|0 fnt\n|faint|p1a: Kyogre\n|-weather|none\n|\n|upkeep\n|\n|t:|1700168884\n|switch|p1a: Thundurus|Thundurus-Therian, M|100\/100\n|turn|19\n|\n|t:|1700168892\n|move|p2a: \ud83d\udfea\u2623\ufe0eSNEASLER\u2623\ufe0e\ud83d\udfea|Dire Claw|p1a: Thundurus\n|-damage|p1a: Thundurus|24\/100\n|move|p1a: Thundurus|Thunder|p2a: \ud83d\udfea\u2623\ufe0eSNEASLER\u2623\ufe0e\ud83d\udfea\n|-damage|p2a: \ud83d\udfea\u2623\ufe0eSNEASLER\u2623\ufe0e\ud83d\udfea|17\/100\n|-status|p2a: \ud83d\udfea\u2623\ufe0eSNEASLER\u2623\ufe0e\ud83d\udfea|par\n|\n|upkeep\n|turn|20\n|\n|t:|1700168901\n|move|p1a: Thundurus|Thunder|p2a: \ud83d\udfea\u2623\ufe0eSNEASLER\u2623\ufe0e\ud83d\udfea|[miss]\n|-miss|p1a: Thundurus|p2a: \ud83d\udfea\u2623\ufe0eSNEASLER\u2623\ufe0e\ud83d\udfea\n|move|p2a: \ud83d\udfea\u2623\ufe0eSNEASLER\u2623\ufe0e\ud83d\udfea|Dire Claw|p1a: Thundurus\n|-damage|p1a: Thundurus|0 fnt\n|faint|p1a: Thundurus\n|\n|upkeep\n|\n|t:|1700168909\n|switch|p1a: Tyrantrum|Tyrantrum, M|40\/100 tox\n|turn|21\n|\n|t:|1700168913\n|move|p1a: Tyrantrum|Head Smash|p2a: \ud83d\udfea\u2623\ufe0eSNEASLER\u2623\ufe0e\ud83d\udfea\n|-damage|p2a: \ud83d\udfea\u2623\ufe0eSNEASLER\u2623\ufe0e\ud83d\udfea|0 fnt\n|faint|p2a: \ud83d\udfea\u2623\ufe0eSNEASLER\u2623\ufe0e\ud83d\udfea\n|\n|-damage|p1a: Tyrantrum|34\/100 tox|[from] psn\n|upkeep\n|\n|t:|1700168924\n|switch|p2a: \ud83d\udfea\u2623\ufe0eDRAPION\u2623\ufe0e\ud83d\udfea|Drapion, M|100\/100\n|turn|22\n|\n|t:|1700168931\n|-zpower|p2a: \ud83d\udfea\u2623\ufe0eDRAPION\u2623\ufe0e\ud83d\udfea\n|move|p2a: \ud83d\udfea\u2623\ufe0eDRAPION\u2623\ufe0e\ud83d\udfea|Acid Downpour|p1a: Tyrantrum|[zeffect]\n|-resisted|p1a: Tyrantrum\n|-damage|p1a: Tyrantrum|9\/100 tox\n|move|p1a: Tyrantrum|Draco Meteor|p2a: \ud83d\udfea\u2623\ufe0eDRAPION\u2623\ufe0e\ud83d\udfea\n|-damage|p2a: \ud83d\udfea\u2623\ufe0eDRAPION\u2623\ufe0e\ud83d\udfea|63\/100\n|-unboost|p1a: Tyrantrum|spa|2\n|\n|-damage|p1a: Tyrantrum|0 fnt|[from] psn\n|faint|p1a: Tyrantrum\n|\n|win|VEN0M-MODE\u2716\ufe0f\n|upkeep\n|raw|Polini mi Nini's rating: 1030 &rarr; <strong>1014<\/strong><br \/>(-16 for losing)\n|raw|VEN0M-MODE\u2716\ufe0f's rating: 1000 &rarr; <strong>1043<\/strong><br \/>(+43 for winning)\n|l|\u2606Polini mi Nini\n|c|\u2606VEN0M-MODE\u2716\ufe0f|Poison!!\n","uploadtime":1700169229,"views":8,"p1id":"poliniminini","p2id":"ven0mmode","formatid":"gen9nationaldexubers","rating":1014,"private":0,"password":""}