{"id":"gen9nationaldexubers-1986191036","p1":"haii x3","p2":"Chaitanya15","format":"[Gen 9] National Dex Ubers","log":"|j|\u2606haii x3\n|j|\u2606Chaitanya15\n|t:|1699458471\n|gametype|singles\n|player|p1|haii x3|rosa-masters|1498\n|player|p2|Chaitanya15|266|1497\n|teamsize|p1|6\n|teamsize|p2|6\n|gen|9\n|tier|[Gen 9] National Dex Ubers\n|rated|\n|rule|HP Percentage Mod: HP is shown in percentages\n|rule|Endless Battle Clause: Forcing endless battles is banned\n|rule|OHKO Clause: OHKO moves are banned\n|rule|Evasion Moves Clause: Evasion moves are banned\n|rule|Evasion Items Clause: Evasion items are banned\n|rule|Species Clause: Limit one of each Pok\u00e9mon\n|rule|Sleep Clause Mod: Limit one foe put to sleep\n|rule|Mega Rayquaza Clause: You cannot mega evolve Rayquaza\n|clearpoke\n|poke|p1|Dracovish|\n|poke|p1|Kyurem-Black|\n|poke|p1|Kyogre|\n|poke|p1|Ho-Oh|\n|poke|p1|Marshadow|\n|poke|p1|Yveltal|\n|poke|p2|Kingambit, M|\n|poke|p2|Basculegion, M|\n|poke|p2|Kyogre|\n|poke|p2|Flutter Mane|\n|poke|p2|Deoxys-Speed|\n|poke|p2|Groudon|\n|teampreview\n|inactive|Battle timer is ON: inactive players will automatically lose when time's up. (requested by haii x3)\n|\n|t:|1699458494\n|start\n|switch|p1a: Kyogre|Kyogre, shiny|100\/100\n|switch|p2a: Flutter Mane|Flutter Mane|100\/100\n|-weather|RainDance|[from] ability: Drizzle|[of] p1a: Kyogre\n|-enditem|p2a: Flutter Mane|Booster Energy\n|-activate|p2a: Flutter Mane|ability: Protosynthesis|[fromitem]\n|-start|p2a: Flutter Mane|protosynthesisspe\n|turn|1\n|l|\u2606haii x3\n|inactive|haii x3 disconnected and has a minute to reconnect!\n|player|p1|\n|j|\u2606haii x3\n|inactive|haii x3 reconnected and has 130 seconds left.\n|player|p1|haii x3|rosa-masters\n|\n|t:|1699458520\n|move|p2a: Flutter Mane|Moonblast|p1a: Kyogre\n|-damage|p1a: Kyogre|63\/100\n|move|p1a: Kyogre|Water Spout|p2a: Flutter Mane\n|-damage|p2a: Flutter Mane|13\/100\n|\n|-weather|RainDance|[upkeep]\n|upkeep\n|turn|2\n|\n|t:|1699458531\n|move|p2a: Flutter Mane|Moonblast|p1a: Kyogre\n|-damage|p1a: Kyogre|27\/100\n|move|p1a: Kyogre|Water Spout|p2a: Flutter Mane\n|-damage|p2a: Flutter Mane|0 fnt\n|faint|p2a: Flutter Mane\n|-end|p2a: Flutter Mane|Protosynthesis|[silent]\n|\n|-weather|RainDance|[upkeep]\n|upkeep\n|\n|t:|1699458543\n|switch|p2a: Basculegion|Basculegion, M|100\/100\n|turn|3\n|\n|t:|1699458554\n|switch|p1a: Dracovish|Dracovish|100\/100\n|move|p2a: Basculegion|Last Respects|p1a: Dracovish\n|-damage|p1a: Dracovish|12\/100\n|\n|-weather|RainDance|[upkeep]\n|upkeep\n|turn|4\n|\n|t:|1699458567\n|switch|p1a: Ho-Oh|Ho-Oh, shiny|100\/100\n|move|p2a: Basculegion|Last Respects|p1a: Ho-Oh\n|-damage|p1a: Ho-Oh|54\/100\n|\n|-weather|RainDance|[upkeep]\n|upkeep\n|turn|5\n|\n|t:|1699458576\n|move|p2a: Basculegion|Last Respects|p1a: Ho-Oh\n|-damage|p1a: Ho-Oh|2\/100\n|move|p1a: Ho-Oh|Brave Bird|p2a: Basculegion\n|-damage|p2a: Basculegion|37\/100\n|-damage|p1a: Ho-Oh|0 fnt|[from] Recoil\n|faint|p1a: Ho-Oh\n|\n|-weather|none\n|upkeep\n|\n|t:|1699458581\n|switch|p1a: Marshadow|Marshadow|100\/100\n|turn|6\n|\n|t:|1699458594\n|switch|p2a: Kingambit|Kingambit, M|100\/100\n|-activate|p2a: Kingambit|ability: Supreme Overlord\n|-start|p2a: Kingambit|fallen1|[silent]\n|move|p1a: Marshadow|Spectral Thief|p2a: Kingambit\n|-resisted|p2a: Kingambit\n|-damage|p2a: Kingambit|84\/100\n|\n|upkeep\n|turn|7\n|c|\u2606haii x3|why dont you save him for your last?\n|c|\u2606haii x3|weird\n|\n|t:|1699458605\n|switch|p1a: Kyogre|Kyogre, shiny|27\/100\n|-weather|RainDance|[from] ability: Drizzle|[of] p1a: Kyogre\n|move|p2a: Kingambit|Sucker Punch||[still]\n|-fail|p2a: Kingambit\n|\n|-weather|RainDance|[upkeep]\n|upkeep\n|turn|8\n|\n|t:|1699458613\n|switch|p1a: Kyurem|Kyurem-Black, shiny|100\/100\n|-ability|p1a: Kyurem|Teravolt\n|move|p2a: Kingambit|Sucker Punch||[still]\n|-fail|p2a: Kingambit\n|\n|-weather|RainDance|[upkeep]\n|upkeep\n|turn|9\n|\n|t:|1699458622\n|move|p1a: Kyurem|Dragon Dance|p1a: Kyurem\n|-boost|p1a: Kyurem|atk|1\n|-boost|p1a: Kyurem|spe|1\n|move|p2a: Kingambit|Iron Head|p1a: Kyurem\n|-supereffective|p1a: Kyurem\n|-damage|p1a: Kyurem|0 fnt\n|faint|p1a: Kyurem\n|-damage|p2a: Kingambit|74\/100|[from] item: Life Orb\n|\n|-weather|RainDance|[upkeep]\n|upkeep\n|\n|t:|1699458629\n|switch|p1a: Marshadow|Marshadow|100\/100\n|turn|10\n|\n|t:|1699458635\n|move|p2a: Kingambit|Sucker Punch|p1a: Marshadow\n|-damage|p1a: Marshadow|20\/100\n|-damage|p2a: Kingambit|64\/100|[from] item: Life Orb\n|move|p1a: Marshadow|Close Combat|p2a: Kingambit\n|-supereffective|p2a: Kingambit\n|-crit|p2a: Kingambit\n|-damage|p2a: Kingambit|0 fnt\n|-unboost|p1a: Marshadow|def|1\n|-unboost|p1a: Marshadow|spd|1\n|faint|p2a: Kingambit\n|-end|p2a: Kingambit|fallen1|[silent]\n|\n|-weather|RainDance|[upkeep]\n|upkeep\n|\n|t:|1699458648\n|switch|p2a: Groudon|Groudon|100\/100\n|detailschange|p2a: Groudon|Groudon-Primal\n|-primal|p2a: Groudon|Red Orb\n|-weather|DesolateLand|[from] ability: Desolate Land|[of] p2a: Groudon\n|turn|11\n|inactive|haii x3 has 120 seconds left.\n|\n|t:|1699458680\n|move|p1a: Marshadow|Close Combat|p2a: Groudon\n|-damage|p2a: Groudon|61\/100\n|-unboost|p1a: Marshadow|def|1\n|-unboost|p1a: Marshadow|spd|1\n|move|p2a: Groudon|Heat Crash|p1a: Marshadow\n|-damage|p1a: Marshadow|0 fnt\n|faint|p1a: Marshadow\n|\n|-weather|DesolateLand|[upkeep]\n|upkeep\n|inactive|haii x3 has 120 seconds left.\n|\n|t:|1699458688\n|switch|p1a: Yveltal|Yveltal|100\/100\n|-ability|p1a: Yveltal|Dark Aura\n|turn|12\n|c|\u2606Chaitanya15|Basculegion is already there\n|c|\u2606Chaitanya15|King gambit can be threatening in any circumstance\n|inactive|Chaitanya15 has 120 seconds left.\n|\n|t:|1699458723\n|-terastallize|p1a: Yveltal|Dark\n|move|p1a: Yveltal|Sucker Punch|p2a: Groudon\n|-damage|p2a: Groudon|1\/100\n|move|p2a: Groudon|Heat Crash|p1a: Yveltal\n|-damage|p1a: Yveltal|5\/100\n|\n|-weather|DesolateLand|[upkeep]\n|upkeep\n|turn|13\n|inactive|Chaitanya15 has 120 seconds left.\n|\n|t:|1699458733\n|-weather|none\n|switch|p2a: Deoxys|Deoxys-Speed|100\/100\n|-ability|p2a: Deoxys|Pressure\n|move|p1a: Yveltal|Sucker Punch||[still]\n|-fail|p1a: Yveltal\n|\n|upkeep\n|turn|14\n|\n|t:|1699458742\n|switch|p1a: Kyogre|Kyogre, shiny|27\/100\n|-weather|RainDance|[from] ability: Drizzle|[of] p1a: Kyogre\n|move|p2a: Deoxys|Extreme Speed|p1a: Kyogre\n|-damage|p1a: Kyogre|7\/100\n|\n|-weather|RainDance|[upkeep]\n|upkeep\n|turn|15\n|\n|t:|1699458752\n|move|p2a: Deoxys|Psychic|p1a: Kyogre\n|-damage|p1a: Kyogre|0 fnt\n|faint|p1a: Kyogre\n|\n|-weather|RainDance|[upkeep]\n|upkeep\n|\n|t:|1699458758\n|switch|p1a: Dracovish|Dracovish|12\/100\n|turn|16\n|\n|t:|1699458762\n|move|p2a: Deoxys|Psychic|p1a: Dracovish\n|-damage|p1a: Dracovish|0 fnt\n|faint|p1a: Dracovish\n|\n|-weather|RainDance|[upkeep]\n|upkeep\n|\n|t:|1699458764\n|switch|p1a: Yveltal|Yveltal, tera:Dark|5\/100\n|-ability|p1a: Yveltal|Dark Aura\n|turn|17\n|\n|t:|1699458771\n|move|p2a: Deoxys|Extreme Speed|p1a: Yveltal\n|-damage|p1a: Yveltal|0 fnt\n|faint|p1a: Yveltal\n|\n|win|Chaitanya15\n|raw|haii x3's rating: 1498 &rarr; <strong>1478<\/strong><br \/>(-20 for losing)\n|raw|Chaitanya15's rating: 1497 &rarr; <strong>1517<\/strong><br \/>(+20 for winning)\n|c|\u2606Chaitanya15|Gg\n|l|\u2606haii x3\n","uploadtime":1699458789,"views":16,"p1id":"haiix3","p2id":"chaitanya15","formatid":"gen9nationaldexubers","rating":1478,"private":0,"password":""}