{"id":"gen9nationaldexubers-1978572534","p1":"conifirous","p2":"denchkid22","format":"[Gen 9] National Dex Ubers","log":"|j|\u2606conifirous\n|j|\u2606denchkid22\n|t:|1698558316\n|gametype|singles\n|player|p1|conifirous|1|1064\n|player|p2|denchkid22|benga|1136\n|teamsize|p1|5\n|teamsize|p2|6\n|gen|9\n|tier|[Gen 9] National Dex Ubers\n|rated|\n|rule|HP Percentage Mod: HP is shown in percentages\n|rule|Endless Battle Clause: Forcing endless battles is banned\n|rule|OHKO Clause: OHKO moves are banned\n|rule|Evasion Moves Clause: Evasion moves are banned\n|rule|Evasion Items Clause: Evasion items are banned\n|rule|Species Clause: Limit one of each Pok\u00e9mon\n|rule|Sleep Clause Mod: Limit one foe put to sleep\n|rule|Mega Rayquaza Clause: You cannot mega evolve Rayquaza\n|clearpoke\n|poke|p1|Mismagius, F|\n|poke|p1|Delibird, M|\n|poke|p1|Alcremie-Ruby-Cream, F|\n|poke|p1|Stakataka|\n|poke|p1|Quaquaval, M|\n|poke|p2|Darmanitan, M|\n|poke|p2|Ambipom, M|\n|poke|p2|Rillaboom, M|\n|poke|p2|Infernape, M|\n|poke|p2|Annihilape, M|\n|poke|p2|Oranguru, M|\n|teampreview\n|inactive|Battle timer is ON: inactive players will automatically lose when time's up. (requested by denchkid22)\n|\n|t:|1698558325\n|start\n|switch|p1a: happy halloween|Mismagius, F|100\/100\n|switch|p2a: George|Ambipom, M|100\/100\n|turn|1\n|\n|t:|1698558348\n|move|p2a: George|U-turn|p1a: happy halloween\n|-resisted|p1a: happy halloween\n|-damage|p1a: happy halloween|84\/100\n|-damage|p2a: George|91\/100|[from] item: Life Orb\n|\n|t:|1698558357\n|switch|p2a: Maurice|Oranguru, M, shiny|100\/100|[from] U-turn\n|move|p1a: happy halloween|Energy Ball|p2a: Maurice\n|-damage|p2a: Maurice|81\/100\n|\n|upkeep\n|turn|2\n|\n|t:|1698558381\n|move|p1a: happy halloween|Mystical Fire|p2a: Maurice\n|-damage|p2a: Maurice|67\/100\n|-unboost|p2a: Maurice|spa|1\n|move|p2a: Maurice|Nasty Plot|p2a: Maurice\n|-boost|p2a: Maurice|spa|2\n|\n|upkeep\n|turn|3\n|inactive|conifirous has 120 seconds left.\n|\n|t:|1698558400\n|switch|p2a: Cannon|Darmanitan, M, shiny|100\/100\n|move|p1a: happy halloween|Mystical Fire|p2a: Cannon\n|-resisted|p2a: Cannon\n|-damage|p2a: Cannon|87\/100\n|-unboost|p2a: Cannon|spa|1\n|\n|upkeep\n|turn|4\n|inactive|conifirous has 120 seconds left.\n|\n|t:|1698558413\n|move|p2a: Cannon|Flare Blitz|p1a: happy halloween\n|-damage|p1a: happy halloween|0 fnt\n|faint|p1a: happy halloween\n|-damage|p2a: Cannon|66\/100|[from] Recoil\n|\n|upkeep\n|inactive|conifirous has 120 seconds left.\n|\n|t:|1698558422\n|switch|p1a: merry christmas|Delibird, M|100\/100\n|turn|5\n|\n|t:|1698558426\n|move|p2a: Cannon|Flare Blitz|p1a: merry christmas\n|-supereffective|p1a: merry christmas\n|-activate|p1a: merry christmas|item: Focus Band\n|-damage|p1a: merry christmas|1\/100\n|-damage|p2a: Cannon|44\/100|[from] Recoil\n|move|p1a: merry christmas|Present|p2a: Cannon\n|-heal|p2a: Cannon|69\/100\n|\n|upkeep\n|turn|6\n|c|\u2606denchkid22|?\n|inactive|denchkid22 has 120 seconds left.\n|\n|t:|1698558463\n|move|p2a: Cannon|Flare Blitz|p1a: merry christmas\n|-supereffective|p1a: merry christmas\n|-damage|p1a: merry christmas|0 fnt\n|faint|p1a: merry christmas\n|-damage|p2a: Cannon|69\/100|[from] Recoil\n|\n|upkeep\n|\n|t:|1698558470\n|switch|p1a: happy birthday|Alcremie-Ruby-Cream, F|100\/100\n|turn|7\n|inactive|conifirous has 120 seconds left.\n|\n|t:|1698558496\n|-terastallize|p1a: happy birthday|Fairy\n|move|p2a: Cannon|Flare Blitz|p1a: happy birthday\n|-damage|p1a: happy birthday|0 fnt\n|faint|p1a: happy birthday\n|-damage|p2a: Cannon|38\/100|[from] Recoil\n|\n|upkeep\n|c|\u2606denchkid22|cannon go BOOM\n|inactive|conifirous has 90 seconds left.\n|\n|t:|1698558522\n|switch|p1a: happy thanksgiving|Quaquaval, M|100\/100\n|turn|8\n|\n|t:|1698558538\n|move|p2a: Cannon|Flare Blitz|p1a: happy thanksgiving\n|-resisted|p1a: happy thanksgiving\n|-damage|p1a: happy thanksgiving|35\/100\n|-enditem|p1a: happy thanksgiving|Sitrus Berry|[eat]\n|-heal|p1a: happy thanksgiving|60\/100|[from] item: Sitrus Berry\n|-damage|p2a: Cannon|18\/100|[from] Recoil\n|move|p1a: happy thanksgiving|Bulk Up|p1a: happy thanksgiving\n|-boost|p1a: happy thanksgiving|atk|1\n|-boost|p1a: happy thanksgiving|def|1\n|\n|upkeep\n|turn|9\n|inactive|conifirous has 90 seconds left.\n|\n|t:|1698558554\n|move|p2a: Cannon|Flare Blitz|p1a: happy thanksgiving\n|-resisted|p1a: happy thanksgiving\n|-damage|p1a: happy thanksgiving|14\/100\n|-damage|p2a: Cannon|5\/100|[from] Recoil\n|move|p1a: happy thanksgiving|Aqua Step|p2a: Cannon\n|-supereffective|p2a: Cannon\n|-damage|p2a: Cannon|0 fnt\n|-boost|p1a: happy thanksgiving|spe|1\n|faint|p2a: Cannon\n|-ability|p1a: happy thanksgiving|Moxie|boost\n|-boost|p1a: happy thanksgiving|atk|1\n|\n|upkeep\n|\n|t:|1698558558\n|switch|p2a: Kong|Rillaboom, M|100\/100\n|-fieldstart|move: Grassy Terrain|[from] ability: Grassy Surge|[of] p2a: Kong\n|turn|10\n|inactive|conifirous has 90 seconds left.\n|\n|t:|1698558576\n|move|p2a: Kong|Grassy Glide|p1a: happy thanksgiving\n|-supereffective|p1a: happy thanksgiving\n|-damage|p1a: happy thanksgiving|0 fnt\n|faint|p1a: happy thanksgiving\n|\n|upkeep\n|inactive|conifirous has 90 seconds left.\n|c|\u2606denchkid22|TASTE THE FUUKING JUNGLE NYQQA\n|n|\u203ddenchkid22|denchkid22\n|c|&|\/log denchkid22 was locked from talking by Artemis. (\u2606denchkid22: TASTE THE FUUKING JUNGLE NYQQA)\n|c|&|\/raw <small>This action was done automatically. Want to learn more about the AI? <a href=\"https:\/\/www.smogon.com\/forums\/threads\/3570628\/#post-9056769\">Visit the information thread<\/a>.<\/small>\n|inactive|conifirous has 60 seconds left.\n|c|\u2606conifirous|?\n|c|\u2606conifirous|que?\n|\n|t:|1698558641\n|switch|p1a: my house ^_^|Stakataka|100\/100\n|turn|11\n|\n|t:|1698558652\n|move|p2a: Kong|Drum Beating|p1a: my house ^_^\n|-damage|p1a: my house ^_^|72\/100\n|-unboost|p1a: my house ^_^|spe|1\n|move|p1a: my house ^_^|Heavy Slam|p2a: Kong\n|-damage|p2a: Kong|40\/100\n|\n|-heal|p2a: Kong|46\/100|[from] Grassy Terrain\n|-heal|p1a: my house ^_^|78\/100|[from] Grassy Terrain\n|-heal|p1a: my house ^_^|84\/100|[from] item: Leftovers\n|upkeep\n|turn|12\n|\n|t:|1698558665\n|move|p2a: Kong|Brick Break|p1a: my house ^_^\n|-supereffective|p1a: my house ^_^\n|-damage|p1a: my house ^_^|30\/100\n|move|p1a: my house ^_^|Heavy Slam|p2a: Kong\n|-damage|p2a: Kong|0 fnt\n|faint|p2a: Kong\n|-ability|p1a: my house ^_^|Beast Boost|boost\n|-boost|p1a: my house ^_^|def|1\n|\n|-heal|p1a: my house ^_^|36\/100|[from] Grassy Terrain\n|-heal|p1a: my house ^_^|42\/100|[from] item: Leftovers\n|upkeep\n|\n|t:|1698558670\n|switch|p2a: Caesar|Infernape, M|100\/100\n|turn|13\n|c|\u2606conifirous|nice\n|inactive|conifirous has 30 seconds left.\n|inactive|conifirous has 20 seconds left.\n|inactive|conifirous has 15 seconds left.\n|inactive|conifirous has 10 seconds left.\n|l|\u2606conifirous\n|inactive|conifirous disconnected and has a minute to reconnect!\n|player|p1|\n|inactive|conifirous has 5 seconds left.\n|-message|conifirous lost due to inactivity.\n|\n|win|denchkid22\n|raw|conifirous's rating: 1064 &rarr; <strong>1048<\/strong><br \/>(-16 for losing)\n|raw|denchkid22's rating: 1136 &rarr; <strong>1156<\/strong><br \/>(+20 for winning)\n|j|\u2606conifirous\n|player|p1|conifirous|1\n|c|\u2606conifirous|gg!\n|c|\u2606conifirous|u there?\n|c|\u2606conifirous|oh\u2026 shy ig\n|c|\u2606conifirous|i forgive u ! ^_^\n|l|\u203ddenchkid22\n","uploadtime":1698558596,"views":7,"p1id":"conifirous","p2id":"denchkid22","formatid":"gen9nationaldexubers","rating":1048,"private":0,"password":""}