{"id":"gen9nationaldexubers-1993778643","p1":"faraodomangue","p2":"85792195wwww","format":"[Gen 9] National Dex Ubers","log":"|j|\u2606faraodomangue\n|j|\u260685792195wwww\n|t:|1700356177\n|gametype|singles\n|player|p1|faraodomangue|harlequin|1427\n|player|p2|85792195wwww|mira|1678\n|teamsize|p1|6\n|teamsize|p2|6\n|gen|9\n|tier|[Gen 9] National Dex Ubers\n|rated|\n|rule|HP Percentage Mod: HP is shown in percentages\n|rule|Endless Battle Clause: Forcing endless battles is banned\n|rule|OHKO Clause: OHKO moves are banned\n|rule|Evasion Moves Clause: Evasion moves are banned\n|rule|Evasion Items Clause: Evasion items are banned\n|rule|Species Clause: Limit one of each Pok\u00e9mon\n|rule|Sleep Clause Mod: Limit one foe put to sleep\n|rule|Mega Rayquaza Clause: You cannot mega evolve Rayquaza\n|clearpoke\n|poke|p1|Landorus-Therian, M|\n|poke|p1|Mewtwo|\n|poke|p1|Arceus|\n|poke|p1|Grimmsnarl, M|\n|poke|p1|Pyukumuku, M|\n|poke|p1|Pheromosa|\n|poke|p2|Arceus|\n|poke|p2|Marshadow|\n|poke|p2|Xerneas-*|\n|poke|p2|Mewtwo|\n|poke|p2|Krookodile, M|\n|poke|p2|Groudon|\n|teampreview\n|\n|t:|1700356190\n|start\n|switch|p1a: \ud83d\ude21|Grimmsnarl, M, shiny|100\/100\n|switch|p2a: Krookodile|Krookodile, M|100\/100\n|-ability|p2a: Krookodile|Intimidate|boost\n|-unboost|p1a: \ud83d\ude21|atk|1\n|turn|1\n|\n|t:|1700356197\n|move|p1a: \ud83d\ude21|Reflect|p1a: \ud83d\ude21\n|-sidestart|p1: faraodomangue|Reflect\n|move|p2a: Krookodile|Knock Off|p1a: \ud83d\ude21\n|-resisted|p1a: \ud83d\ude21\n|-damage|p1a: \ud83d\ude21|96\/100\n|-enditem|p1a: \ud83d\ude21|Light Clay|[from] move: Knock Off|[of] p2a: Krookodile\n|\n|upkeep\n|turn|2\n|\n|t:|1700356204\n|move|p1a: \ud83d\ude21|Light Screen|p1a: \ud83d\ude21\n|-sidestart|p1: faraodomangue|move: Light Screen\n|move|p2a: Krookodile|Stealth Rock|p1a: \ud83d\ude21\n|-sidestart|p1: faraodomangue|move: Stealth Rock\n|\n|upkeep\n|turn|3\n|\n|t:|1700356211\n|move|p1a: \ud83d\ude21|Parting Shot|p2a: Krookodile\n|-hint|Since gen 7, Dark is immune to Prankster moves.\n|-immune|p2a: Krookodile\n|move|p2a: Krookodile|Bulldoze|p1a: \ud83d\ude21\n|-damage|p1a: \ud83d\ude21|85\/100\n|-unboost|p1a: \ud83d\ude21|spe|1\n|\n|upkeep\n|turn|4\n|\n|t:|1700356219\n|switch|p1a: \ud83d\ude20|Landorus-Therian, M|100\/100\n|-damage|p1a: \ud83d\ude20|88\/100|[from] Stealth Rock\n|-ability|p1a: \ud83d\ude20|Intimidate|boost\n|-unboost|p2a: Krookodile|atk|1\n|move|p2a: Krookodile|Knock Off|p1a: \ud83d\ude20\n|-damage|p1a: \ud83d\ude20|72\/100\n|-damage|p2a: Krookodile|84\/100|[from] item: Rocky Helmet|[of] p1a: \ud83d\ude20\n|-enditem|p1a: \ud83d\ude20|Rocky Helmet|[from] move: Knock Off|[of] p2a: Krookodile\n|\n|upkeep\n|turn|5\n|\n|t:|1700356231\n|move|p2a: Krookodile|Taunt|p1a: \ud83d\ude20\n|-start|p1a: \ud83d\ude20|move: Taunt\n|move|p1a: \ud83d\ude20|Earthquake|p2a: Krookodile\n|-damage|p2a: Krookodile|24\/100\n|\n|upkeep\n|turn|6\n|\n|t:|1700356243\n|switch|p2a: Mewtwo|Mewtwo|100\/100\n|-ability|p2a: Mewtwo|Pressure\n|move|p1a: \ud83d\ude20|U-turn|p2a: Mewtwo\n|-supereffective|p2a: Mewtwo\n|-damage|p2a: Mewtwo|51\/100\n|\n|t:|1700356249\n|switch|p1a: Pheromosa|Pheromosa, shiny|100\/100|[from] U-turn\n|-damage|p1a: Pheromosa|88\/100|[from] Stealth Rock\n|\n|-sideend|p1: faraodomangue|move: Light Screen\n|upkeep\n|turn|7\n|\n|t:|1700356257\n|switch|p2a: Marshadow|Marshadow|100\/100\n|move|p1a: Pheromosa|U-turn|p2a: Marshadow\n|-resisted|p2a: Marshadow\n|-damage|p2a: Marshadow|86\/100\n|-damage|p1a: Pheromosa|78\/100|[from] item: Life Orb\n|\n|t:|1700356265\n|switch|p1a: \ud83d\ude20|Landorus-Therian, M|72\/100|[from] U-turn\n|-damage|p1a: \ud83d\ude20|59\/100|[from] Stealth Rock\n|-ability|p1a: \ud83d\ude20|Intimidate|boost\n|-unboost|p2a: Marshadow|atk|1\n|\n|upkeep\n|turn|8\n|\n|t:|1700356274\n|switch|p2a: Mewtwo|Mewtwo|51\/100\n|-ability|p2a: Mewtwo|Pressure\n|move|p1a: \ud83d\ude20|Defog|p2a: Mewtwo\n|-unboost|p2a: Mewtwo|evasion|1\n|-sideend|p1: faraodomangue|Stealth Rock|[from] move: Defog|[of] p1a: \ud83d\ude20\n|\n|-sideend|p1: faraodomangue|Reflect\n|upkeep\n|turn|9\n|\n|t:|1700356284\n|switch|p1a: \ud83d\ude21|Grimmsnarl, M, shiny|85\/100\n|detailschange|p2a: Mewtwo|Mewtwo-Mega-Y\n|-mega|p2a: Mewtwo|Mewtwo|Mewtwonite Y\n|move|p2a: Mewtwo|Ice Beam|p1a: \ud83d\ude21\n|-damage|p1a: \ud83d\ude21|38\/100\n|\n|upkeep\n|turn|10\n|\n|t:|1700356293\n|move|p1a: \ud83d\ude21|Light Screen|p1a: \ud83d\ude21\n|-sidestart|p1: faraodomangue|move: Light Screen\n|move|p2a: Mewtwo|Ice Beam|p1a: \ud83d\ude21\n|-damage|p1a: \ud83d\ude21|15\/100\n|\n|upkeep\n|turn|11\n|\n|t:|1700356299\n|switch|p2a: Krookodile|Krookodile, M|24\/100\n|-ability|p2a: Krookodile|Intimidate|boost\n|-unboost|p1a: \ud83d\ude21|atk|1\n|move|p1a: \ud83d\ude21|Reflect|p1a: \ud83d\ude21\n|-sidestart|p1: faraodomangue|Reflect\n|\n|upkeep\n|turn|12\n|\n|t:|1700356307\n|switch|p1a: Pheromosa|Pheromosa, shiny|78\/100\n|move|p2a: Krookodile|Stealth Rock|p1a: Pheromosa\n|-sidestart|p1: faraodomangue|move: Stealth Rock\n|\n|upkeep\n|turn|13\n|\n|t:|1700356315\n|switch|p2a: Marshadow|Marshadow|86\/100\n|move|p1a: Pheromosa|Triple Axel|p2a: Marshadow|[miss]\n|-miss|p1a: Pheromosa|p2a: Marshadow\n|\n|upkeep\n|turn|14\n|\n|t:|1700356326\n|switch|p2a: Mewtwo|Mewtwo-Mega-Y|51\/100\n|move|p1a: Pheromosa|Triple Axel|p2a: Mewtwo\n|-damage|p2a: Mewtwo|39\/100\n|-damage|p2a: Mewtwo|19\/100\n|-damage|p2a: Mewtwo|0 fnt\n|faint|p2a: Mewtwo\n|-ability|p1a: Pheromosa|Beast Boost|boost\n|-boost|p1a: Pheromosa|spe|1\n|-hitcount|p2: Mewtwo|3\n|-damage|p1a: Pheromosa|68\/100|[from] item: Life Orb\n|\n|-sideend|p1: faraodomangue|move: Light Screen\n|upkeep\n|\n|t:|1700356344\n|switch|p2a: Xerneas|Xerneas|100\/100\n|-ability|p2a: Xerneas|Fairy Aura\n|turn|15\n|\n|t:|1700356349\n|move|p1a: Pheromosa|Triple Axel|p2a: Xerneas\n|-damage|p2a: Xerneas|93\/100\n|-damage|p2a: Xerneas|80\/100\n|-damage|p2a: Xerneas|60\/100\n|-hitcount|p2a: Xerneas|3\n|-damage|p1a: Pheromosa|59\/100|[from] item: Life Orb\n|move|p2a: Xerneas|Geomancy||[still]\n|-prepare|p2a: Xerneas|Geomancy\n|-enditem|p2a: Xerneas|Power Herb\n|-anim|p2a: Xerneas|Geomancy|p2a: Xerneas\n|-boost|p2a: Xerneas|spa|2\n|-boost|p2a: Xerneas|spd|2\n|-boost|p2a: Xerneas|spe|2\n|\n|-sideend|p1: faraodomangue|Reflect\n|upkeep\n|turn|16\n|\n|t:|1700356363\n|move|p1a: Pheromosa|Triple Axel|p2a: Xerneas\n|-damage|p2a: Xerneas|52\/100\n|-damage|p2a: Xerneas|39\/100\n|-damage|p2a: Xerneas|20\/100\n|-hitcount|p2a: Xerneas|3\n|-damage|p1a: Pheromosa|49\/100|[from] item: Life Orb\n|move|p2a: Xerneas|Moonblast|p1a: Pheromosa\n|-supereffective|p1a: Pheromosa\n|-damage|p1a: Pheromosa|0 fnt\n|faint|p1a: Pheromosa\n|\n|upkeep\n|\n|t:|1700356374\n|switch|p1a: \ud83d\ude07|Arceus|100\/100\n|-damage|p1a: \ud83d\ude07|88\/100|[from] Stealth Rock\n|turn|17\n|\n|t:|1700356381\n|move|p1a: \ud83d\ude07|Extreme Speed|p2a: Xerneas\n|-damage|p2a: Xerneas|0 fnt\n|faint|p2a: Xerneas\n|-damage|p1a: \ud83d\ude07|78\/100|[from] item: Life Orb\n|\n|upkeep\n|\n|t:|1700356395\n|switch|p2a: Groudon|Groudon|100\/100\n|detailschange|p2a: Groudon|Groudon-Primal\n|-primal|p2a: Groudon|Red Orb\n|-weather|DesolateLand|[from] ability: Desolate Land|[of] p2a: Groudon\n|turn|18\n|\n|t:|1700356401\n|move|p1a: \ud83d\ude07|Taunt|p2a: Groudon\n|-start|p2a: Groudon|move: Taunt\n|cant|p2a: Groudon|move: Taunt|Rock Polish\n|\n|-weather|DesolateLand|[upkeep]\n|upkeep\n|turn|19\n|\n|t:|1700356407\n|move|p1a: \ud83d\ude07|Swords Dance|p1a: \ud83d\ude07\n|-boost|p1a: \ud83d\ude07|atk|2\n|move|p2a: Groudon|Heat Crash|p1a: \ud83d\ude07\n|-damage|p1a: \ud83d\ude07|14\/100\n|\n|-weather|DesolateLand|[upkeep]\n|upkeep\n|turn|20\n|\n|t:|1700356415\n|-weather|none\n|switch|p2a: Krookodile|Krookodile, M|24\/100\n|-ability|p2a: Krookodile|Intimidate|boost\n|-unboost|p1a: \ud83d\ude07|atk|1\n|move|p1a: \ud83d\ude07|Earthquake|p2a: Krookodile\n|-crit|p2a: Krookodile\n|-damage|p2a: Krookodile|0 fnt\n|faint|p2a: Krookodile\n|-damage|p1a: \ud83d\ude07|4\/100|[from] item: Life Orb\n|\n|upkeep\n|\n|t:|1700356428\n|switch|p2a: Marshadow|Marshadow|86\/100\n|turn|21\n|\n|t:|1700356432\n|move|p2a: Marshadow|Rock Tomb|p1a: \ud83d\ude07\n|-damage|p1a: \ud83d\ude07|0 fnt\n|faint|p1a: \ud83d\ude07\n|-damage|p2a: Marshadow|76\/100|[from] item: Life Orb\n|\n|upkeep\n|\n|t:|1700356436\n|switch|p1a: \ud83d\ude21|Grimmsnarl, M, shiny|15\/100\n|-damage|p1a: \ud83d\ude21|2\/100|[from] Stealth Rock\n|turn|22\n|\n|t:|1700356442\n|move|p2a: Marshadow|Shadow Sneak|p1a: \ud83d\ude21\n|-resisted|p1a: \ud83d\ude21\n|-damage|p1a: \ud83d\ude21|0 fnt\n|faint|p1a: \ud83d\ude21\n|-damage|p2a: Marshadow|66\/100|[from] item: Life Orb\n|\n|upkeep\n|\n|t:|1700356444\n|switch|p1a: \ud83d\ude20|Landorus-Therian, M|59\/100\n|-damage|p1a: \ud83d\ude20|47\/100|[from] Stealth Rock\n|-ability|p1a: \ud83d\ude20|Intimidate|boost\n|-unboost|p2a: Marshadow|atk|1\n|turn|23\n|\n|t:|1700356472\n|move|p2a: Marshadow|Rock Tomb|p1a: \ud83d\ude20\n|-damage|p1a: \ud83d\ude20|21\/100\n|-unboost|p1a: \ud83d\ude20|spe|1\n|-damage|p2a: Marshadow|56\/100|[from] item: Life Orb\n|move|p1a: \ud83d\ude20|Defog|p2a: Marshadow\n|-unboost|p2a: Marshadow|evasion|1\n|-sideend|p1: faraodomangue|Stealth Rock|[from] move: Defog|[of] p1a: \ud83d\ude20\n|\n|upkeep\n|turn|24\n|\n|t:|1700356483\n|move|p2a: Marshadow|Low Kick|p1a: \ud83d\ude20\n|-resisted|p1a: \ud83d\ude20\n|-damage|p1a: \ud83d\ude20|4\/100\n|-damage|p2a: Marshadow|46\/100|[from] item: Life Orb\n|move|p1a: \ud83d\ude20|Earthquake|p2a: Marshadow\n|-damage|p2a: Marshadow|0 fnt\n|faint|p2a: Marshadow\n|\n|upkeep\n|\n|t:|1700356493\n|switch|p2a: Arceus|Arceus|100\/100\n|turn|25\n|\n|t:|1700356498\n|move|p2a: Arceus|Extreme Speed|p1a: \ud83d\ude20\n|-crit|p1a: \ud83d\ude20\n|-damage|p1a: \ud83d\ude20|0 fnt\n|faint|p1a: \ud83d\ude20\n|-damage|p2a: Arceus|91\/100|[from] item: Life Orb\n|\n|upkeep\n|\n|t:|1700356502\n|switch|p1a: \ud83d\ude0d|Pyukumuku, M|100\/100\n|turn|26\n|\n|t:|1700356510\n|-terastallize|p2a: Arceus|Normal\n|move|p2a: Arceus|Extreme Speed|p1a: \ud83d\ude0d\n|-damage|p1a: \ud83d\ude0d|40\/100\n|-damage|p2a: Arceus|81\/100|[from] item: Life Orb\n|move|p1a: \ud83d\ude0d|Toxic|p2a: Arceus\n|-status|p2a: Arceus|tox\n|\n|-heal|p1a: \ud83d\ude0d|46\/100|[from] item: Leftovers\n|-damage|p2a: Arceus|75\/100 tox|[from] psn\n|upkeep\n|turn|27\n|\n|t:|1700356522\n|move|p2a: Arceus|Extreme Speed|p1a: \ud83d\ude0d\n|-damage|p1a: \ud83d\ude0d|0 fnt\n|faint|p1a: \ud83d\ude0d\n|-damage|p2a: Arceus|65\/100 tox|[from] item: Life Orb\n|\n|-damage|p2a: Arceus|52\/100 tox|[from] psn\n|upkeep\n|\n|t:|1700356525\n|switch|p1a: \ud83d\ude03|Mewtwo|100\/100\n|-ability|p1a: \ud83d\ude03|Pressure\n|turn|28\n|\n|t:|1700356538\n|detailschange|p1a: \ud83d\ude03|Mewtwo-Mega-Y\n|-mega|p1a: \ud83d\ude03|Mewtwo|Mewtwonite Y\n|move|p1a: \ud83d\ude03|Psystrike|p2a: Arceus\n|-damage|p2a: Arceus|0 fnt\n|faint|p2a: Arceus\n|\n|upkeep\n|\n|t:|1700356546\n|switch|p2a: Groudon|Groudon-Primal|100\/100\n|-weather|DesolateLand|[from] ability: Desolate Land|[of] p2a: Groudon\n|turn|29\n|\n|t:|1700356554\n|move|p1a: \ud83d\ude03|Dark Pulse|p2a: Groudon\n|-damage|p2a: Groudon|64\/100\n|move|p2a: Groudon|Heat Crash|p1a: \ud83d\ude03\n|-damage|p1a: \ud83d\ude03|0 fnt\n|faint|p1a: \ud83d\ude03\n|\n|win|85792195wwww\n|raw|faraodomangue's rating: 1427 &rarr; <strong>1419<\/strong><br \/>(-8 for losing)\n|raw|85792195wwww's rating: 1678 &rarr; <strong>1686<\/strong><br \/>(+8 for winning)\n","uploadtime":1700356564,"views":6,"p1id":"faraodomangue","p2id":"85792195wwww","formatid":"gen9nationaldexubers","rating":1419,"private":0,"password":""}