{"id":"gen9nationaldexubers-1999246356","p1":"30batatas","p2":"NDSNEZ pikakip379","format":"[Gen 9] National Dex Ubers","log":"|j|\u260630batatas\n|j|\u2606NDSNEZ pikakip379\n|t:|1701050248\n|gametype|singles\n|player|p1|30batatas|benga|1043\n|player|p2|NDSNEZ pikakip379|ninjaboy-gen3|1114\n|teamsize|p1|6\n|teamsize|p2|6\n|gen|9\n|tier|[Gen 9] National Dex Ubers\n|rated|\n|rule|HP Percentage Mod: HP is shown in percentages\n|rule|Endless Battle Clause: Forcing endless battles is banned\n|rule|OHKO Clause: OHKO moves are banned\n|rule|Evasion Moves Clause: Evasion moves are banned\n|rule|Evasion Items Clause: Evasion items are banned\n|rule|Species Clause: Limit one of each Pok\u00e9mon\n|rule|Sleep Clause Mod: Limit one foe put to sleep\n|rule|Mega Rayquaza Clause: You cannot mega evolve Rayquaza\n|clearpoke\n|poke|p1|Drifblim, M|\n|poke|p1|Regieleki|\n|poke|p1|Arceus|\n|poke|p1|Ribombee, F|\n|poke|p1|Ninetales, M|\n|poke|p1|Lilligant, F|\n|poke|p2|Dondozo, M|\n|poke|p2|Chansey, F|\n|poke|p2|Eternatus|\n|poke|p2|Giratina-Origin|\n|poke|p2|Ho-Oh|\n|poke|p2|Yveltal|\n|teampreview\n|c|\u2606NDSNEZ pikakip379|gg ez\n|\n|t:|1701050273\n|start\n|switch|p1a: Ninetales|Ninetales, M|100\/100\n|switch|p2a: El Perro|Eternatus|100\/100\n|-ability|p2a: El Perro|Pressure\n|-weather|SunnyDay|[from] ability: Drought|[of] p1a: Ninetales\n|turn|1\n|\n|t:|1701050291\n|move|p2a: El Perro|Toxic Spikes|p1a: Ninetales\n|-sidestart|p1: 30batatas|move: Toxic Spikes\n|move|p1a: Ninetales|Fire Blast|p2a: El Perro\n|-resisted|p2a: El Perro\n|-damage|p2a: El Perro|83\/100\n|\n|-weather|SunnyDay|[upkeep]\n|upkeep\n|turn|2\n|\n|t:|1701050302\n|move|p2a: El Perro|Toxic Spikes|p1a: Ninetales\n|-sidestart|p1: 30batatas|move: Toxic Spikes\n|move|p1a: Ninetales|Calm Mind|p1a: Ninetales\n|-boost|p1a: Ninetales|spa|1\n|-boost|p1a: Ninetales|spd|1\n|\n|-weather|SunnyDay|[upkeep]\n|upkeep\n|turn|3\n|\n|t:|1701050310\n|move|p2a: El Perro|Sludge Bomb|p1a: Ninetales\n|-damage|p1a: Ninetales|73\/100\n|move|p1a: Ninetales|Calm Mind|p1a: Ninetales\n|-boost|p1a: Ninetales|spa|1\n|-boost|p1a: Ninetales|spd|1\n|\n|-weather|SunnyDay|[upkeep]\n|upkeep\n|turn|4\n|\n|t:|1701050319\n|switch|p2a: Pride Lord|Ho-Oh|100\/100\n|move|p1a: Ninetales|Calm Mind|p1a: Ninetales\n|-boost|p1a: Ninetales|spa|1\n|-boost|p1a: Ninetales|spd|1\n|\n|-weather|SunnyDay|[upkeep]\n|upkeep\n|turn|5\n|\n|t:|1701050335\n|move|p1a: Ninetales|Calm Mind|p1a: Ninetales\n|-boost|p1a: Ninetales|spa|1\n|-boost|p1a: Ninetales|spd|1\n|move|p2a: Pride Lord|Toxic|p1a: Ninetales\n|-status|p1a: Ninetales|tox\n|\n|-weather|none\n|-damage|p1a: Ninetales|67\/100 tox|[from] psn\n|upkeep\n|turn|6\n|\n|t:|1701050348\n|-terastallize|p1a: Ninetales|Fire\n|move|p1a: Ninetales|Fire Blast|p2a: Pride Lord\n|-resisted|p2a: Pride Lord\n|-damage|p2a: Pride Lord|68\/100\n|move|p2a: Pride Lord|Sacred Fire|p1a: Ninetales\n|-resisted|p1a: Ninetales\n|-damage|p1a: Ninetales|34\/100 tox\n|\n|-damage|p1a: Ninetales|21\/100 tox|[from] psn\n|upkeep\n|turn|7\n|j| flatziswashed \u269d\u5f61\n|c|\u2606NDSNEZ pikakip379|lol\n|\n|t:|1701050361\n|switch|p2a: El Perro|Eternatus|83\/100\n|-ability|p2a: El Perro|Pressure\n|move|p1a: Ninetales|Fire Blast|p2a: El Perro\n|-resisted|p2a: El Perro\n|-damage|p2a: El Perro|41\/100\n|\n|-damage|p1a: Ninetales|3\/100 tox|[from] psn\n|upkeep\n|turn|8\n|\n|t:|1701050372\n|move|p2a: El Perro|Recover|p2a: El Perro\n|-heal|p2a: El Perro|91\/100\n|move|p1a: Ninetales|Fire Blast|p2a: El Perro\n|-resisted|p2a: El Perro\n|-damage|p2a: El Perro|50\/100\n|\n|-damage|p1a: Ninetales|0 fnt|[from] psn\n|faint|p1a: Ninetales\n|upkeep\n|\n|t:|1701050387\n|switch|p1a: Regieleki|Regieleki|100\/100\n|-status|p1a: Regieleki|tox\n|turn|9\n|\n|t:|1701050394\n|switch|p2a: Joy|Chansey, F|100\/100\n|move|p1a: Regieleki|Thunder Wave|p2a: Joy\n|-status|p2a: Joy|par\n|\n|-damage|p1a: Regieleki|95\/100 tox|[from] psn\n|upkeep\n|turn|10\n|\n|t:|1701050403\n|move|p1a: Regieleki|Electroweb|p2a: Joy\n|-damage|p2a: Joy|92\/100 par\n|-unboost|p2a: Joy|spe|1\n|move|p2a: Joy|Wish|p2a: Joy\n|\n|-damage|p1a: Regieleki|83\/100 tox|[from] psn\n|upkeep\n|turn|11\n|\n|t:|1701050411\n|move|p1a: Regieleki|Electro Ball|p2a: Joy\n|-crit|p2a: Joy\n|-damage|p2a: Joy|59\/100 par\n|move|p2a: Joy|Seismic Toss|p1a: Regieleki\n|-damage|p1a: Regieleki|50\/100 tox\n|\n|-heal|p2a: Joy|100\/100 par|[from] move: Wish|[wisher] Joy\n|-damage|p1a: Regieleki|32\/100 tox|[from] psn\n|upkeep\n|turn|12\n|\n|t:|1701050424\n|move|p1a: Regieleki|Volt Switch|p2a: Joy\n|-damage|p2a: Joy|89\/100 par\n|\n|t:|1701050430\n|switch|p1a: Drifblim|Drifblim, M|100\/100|[from] Volt Switch\n|move|p2a: Joy|Seismic Toss|p1a: Drifblim\n|-immune|p1a: Drifblim\n|\n|-status|p1a: Drifblim|brn|[from] item: Flame Orb\n|upkeep\n|turn|13\n|\n|t:|1701050441\n|-curestatus|p2a: Joy|par|[from] ability: Natural Cure\n|switch|p2a: Bacon Bird|Yveltal, shiny|100\/100\n|-ability|p2a: Bacon Bird|Dark Aura\n|move|p1a: Drifblim|Destiny Bond|p1a: Drifblim\n|-singlemove|p1a: Drifblim|Destiny Bond\n|\n|-damage|p1a: Drifblim|94\/100 brn|[from] brn\n|upkeep\n|turn|14\n|\n|t:|1701050452\n|move|p2a: Bacon Bird|Taunt|p1a: Drifblim\n|-start|p1a: Drifblim|move: Taunt\n|cant|p1a: Drifblim|move: Taunt|Thunder Wave\n|\n|-damage|p1a: Drifblim|88\/100 brn|[from] brn\n|upkeep\n|turn|15\n|\n|t:|1701050463\n|move|p2a: Bacon Bird|Knock Off|p1a: Drifblim\n|-supereffective|p1a: Drifblim\n|-damage|p1a: Drifblim|0 fnt\n|-enditem|p1a: Drifblim|Flame Orb|[from] move: Knock Off|[of] p2a: Bacon Bird\n|faint|p1a: Drifblim\n|\n|upkeep\n|\n|t:|1701050470\n|switch|p1a: Ribombee|Ribombee, F|100\/100\n|-status|p1a: Ribombee|tox\n|turn|16\n|\n|t:|1701050484\n|-terastallize|p2a: Bacon Bird|Dark\n|move|p1a: Ribombee|Psychic|p2a: Bacon Bird\n|-immune|p2a: Bacon Bird\n|move|p2a: Bacon Bird|Knock Off|p1a: Ribombee\n|-resisted|p1a: Ribombee\n|-crit|p1a: Ribombee\n|-damage|p1a: Ribombee|0 fnt\n|-enditem|p1a: Ribombee|Choice Specs|[from] move: Knock Off|[of] p2a: Bacon Bird\n|faint|p1a: Ribombee\n|\n|upkeep\n|\n|t:|1701050495\n|switch|p1a: Lilligant|Lilligant, F|100\/100\n|-status|p1a: Lilligant|tox\n|turn|17\n|\n|t:|1701050504\n|move|p1a: Lilligant|Sleep Powder|p2a: Bacon Bird\n|-status|p2a: Bacon Bird|slp|[from] move: Sleep Powder\n|cant|p2a: Bacon Bird|slp\n|\n|-damage|p1a: Lilligant|94\/100 tox|[from] psn\n|upkeep\n|turn|18\n|\n|t:|1701050515\n|switch|p2a: El Perro|Eternatus|50\/100\n|-ability|p2a: El Perro|Pressure\n|move|p1a: Lilligant|Quiver Dance|p1a: Lilligant\n|-boost|p1a: Lilligant|spa|1\n|-boost|p1a: Lilligant|spd|1\n|-boost|p1a: Lilligant|spe|1\n|\n|-damage|p1a: Lilligant|82\/100 tox|[from] psn\n|upkeep\n|turn|19\n|\n|t:|1701050527\n|move|p1a: Lilligant|Hyper Beam|p2a: El Perro\n|-damage|p2a: El Perro|8\/100\n|-mustrecharge|p1a: Lilligant\n|move|p2a: El Perro|Recover|p2a: El Perro\n|-heal|p2a: El Perro|59\/100\n|\n|-damage|p1a: Lilligant|64\/100 tox|[from] psn\n|upkeep\n|turn|20\n|\n|t:|1701050536\n|cant|p1a: Lilligant|recharge\n|move|p2a: El Perro|Recover|p2a: El Perro\n|-heal|p2a: El Perro|100\/100\n|\n|-damage|p1a: Lilligant|40\/100 tox|[from] psn\n|upkeep\n|turn|21\n|\n|t:|1701050549\n|switch|p2a: It's me The Devil|Giratina-Origin|100\/100\n|move|p1a: Lilligant|Sleep Powder|p2a: It's me The Devil\n|-message|Sleep Clause Mod activated.\n|-hint|Sleep Clause Mod prevents players from putting more than one of their opponent's Pok\u00e9mon to sleep at a time\n|\n|-damage|p1a: Lilligant|10\/100 tox|[from] psn\n|upkeep\n|turn|22\n|c|\u2606NDSNEZ pikakip379|lol!\n|\n|t:|1701050565\n|move|p1a: Lilligant|Giga Drain|p2a: It's me The Devil\n|-resisted|p2a: It's me The Devil\n|-damage|p2a: It's me The Devil|83\/100\n|-heal|p1a: Lilligant|26\/100 tox|[from] drain|[of] p2a: It's me The Devil\n|move|p2a: It's me The Devil|Roar|p1a: Lilligant\n|drag|p1a: Arceus|Arceus|100\/100\n|-status|p1a: Arceus|tox\n|\n|-damage|p1a: Arceus|94\/100 tox|[from] psn\n|upkeep\n|turn|23\n|\n|t:|1701050578\n|switch|p2a: Big Don|Dondozo, M|100\/100\n|move|p1a: Arceus|Cosmic Power|p1a: Arceus\n|-boost|p1a: Arceus|def|1\n|-boost|p1a: Arceus|spd|1\n|\n|-damage|p1a: Arceus|82\/100 tox|[from] psn\n|upkeep\n|turn|24\n|\n|t:|1701050588\n|move|p1a: Arceus|Cosmic Power|p1a: Arceus\n|-boost|p1a: Arceus|def|1\n|-boost|p1a: Arceus|spd|1\n|move|p2a: Big Don|Curse|p2a: Big Don\n|-unboost|p2a: Big Don|spe|1\n|-boost|p2a: Big Don|atk|1\n|-boost|p2a: Big Don|def|1\n|\n|-damage|p1a: Arceus|64\/100 tox|[from] psn\n|upkeep\n|turn|25\n|\n|t:|1701050601\n|move|p1a: Arceus|Cosmic Power|p1a: Arceus\n|-boost|p1a: Arceus|def|1\n|-boost|p1a: Arceus|spd|1\n|move|p2a: Big Don|Curse|p2a: Big Don\n|-unboost|p2a: Big Don|spe|1\n|-boost|p2a: Big Don|atk|1\n|-boost|p2a: Big Don|def|1\n|\n|-damage|p1a: Arceus|40\/100 tox|[from] psn\n|upkeep\n|turn|26\n|\n|t:|1701050611\n|move|p1a: Arceus|Cosmic Power|p1a: Arceus\n|-boost|p1a: Arceus|def|1\n|-boost|p1a: Arceus|spd|1\n|move|p2a: Big Don|Body Press|p1a: Arceus\n|-supereffective|p1a: Arceus\n|-damage|p1a: Arceus|0 fnt\n|faint|p1a: Arceus\n|\n|upkeep\n|\n|t:|1701050621\n|switch|p1a: Lilligant|Lilligant, F|26\/100 tox\n|turn|27\n|\n|t:|1701050631\n|move|p1a: Lilligant|Sleep Powder|p2a: Big Don\n|-message|Sleep Clause Mod activated.\n|-hint|Sleep Clause Mod prevents players from putting more than one of their opponent's Pok\u00e9mon to sleep at a time\n|move|p2a: Big Don|Avalanche|p1a: Lilligant\n|-supereffective|p1a: Lilligant\n|-damage|p1a: Lilligant|0 fnt\n|faint|p1a: Lilligant\n|\n|upkeep\n|\n|t:|1701050640\n|switch|p1a: Regieleki|Regieleki|32\/100 tox\n|turn|28\n|-message|30batatas forfeited.\n|\n|win|NDSNEZ pikakip379\n|raw|30batatas's rating: 1043 &rarr; <strong>1030<\/strong><br \/>(-13 for losing)\n|raw|NDSNEZ pikakip379's rating: 1114 &rarr; <strong>1134<\/strong><br \/>(+20 for winning)\n|l|\u260630batatas\n","uploadtime":1701050649,"views":5,"p1id":"30batatas","p2id":"ndsnezpikakip379","formatid":"gen9nationaldexubers","rating":1030,"private":0,"password":""}