{"id":"gen9nationaldexubers-1995223153","p1":"Helpnoname","p2":"game18","format":"[Gen 9] National Dex Ubers","log":"|j|\u2606Helpnoname\n|j|\u2606game18\n|t:|1700536557\n|gametype|singles\n|player|p1|Helpnoname|170|1632\n|player|p2|game18|ghetsis|1588\n|teamsize|p1|6\n|teamsize|p2|6\n|gen|9\n|tier|[Gen 9] National Dex Ubers\n|rated|\n|rule|HP Percentage Mod: HP is shown in percentages\n|rule|Endless Battle Clause: Forcing endless battles is banned\n|rule|OHKO Clause: OHKO moves are banned\n|rule|Evasion Moves Clause: Evasion moves are banned\n|rule|Evasion Items Clause: Evasion items are banned\n|rule|Species Clause: Limit one of each Pok\u00e9mon\n|rule|Sleep Clause Mod: Limit one foe put to sleep\n|rule|Mega Rayquaza Clause: You cannot mega evolve Rayquaza\n|clearpoke\n|poke|p1|Ferrothorn, M|\n|poke|p1|Eternatus|\n|poke|p1|Giratina|\n|poke|p1|Toxapex, M|\n|poke|p1|Ho-Oh|\n|poke|p1|Yveltal|\n|poke|p2|Groudon|\n|poke|p2|Necrozma-Dusk-Mane|\n|poke|p2|Mewtwo|\n|poke|p2|Zygarde|\n|poke|p2|Arceus-Fairy|\n|poke|p2|Ho-Oh|\n|teampreview\n|\n|t:|1700536566\n|start\n|switch|p1a: Yveltal|Yveltal|100\/100\n|switch|p2a: Arceus|Arceus-Fairy|100\/100\n|-ability|p1a: Yveltal|Dark Aura\n|turn|1\n|\n|t:|1700536576\n|switch|p1a: Ferrothorn|Ferrothorn, M|100\/100\n|move|p2a: Arceus|Judgment|p1a: Ferrothorn\n|-resisted|p1a: Ferrothorn\n|-damage|p1a: Ferrothorn|84\/100\n|\n|-heal|p1a: Ferrothorn|91\/100|[from] item: Leftovers\n|upkeep\n|turn|2\n|\n|t:|1700536585\n|move|p2a: Arceus|Taunt|p1a: Ferrothorn\n|-start|p1a: Ferrothorn|move: Taunt\n|cant|p1a: Ferrothorn|move: Taunt|Stealth Rock\n|\n|-heal|p1a: Ferrothorn|97\/100|[from] item: Leftovers\n|upkeep\n|turn|3\n|\n|t:|1700536603\n|switch|p2a: Necrozma|Necrozma-Dusk-Mane|100\/100\n|switch|p1a: Zoroerk|Toxapex, M|100\/100\n|\n|upkeep\n|turn|4\n|\n|t:|1700536615\n|switch|p1a: Yveltal|Yveltal|100\/100\n|-ability|p1a: Yveltal|Dark Aura\n|move|p2a: Necrozma|Stealth Rock|p1a: Yveltal\n|-sidestart|p1: Helpnoname|move: Stealth Rock\n|\n|upkeep\n|turn|5\n|\n|t:|1700536626\n|switch|p2a: Arceus|Arceus-Fairy|100\/100\n|-terastallize|p1a: Yveltal|Dark\n|move|p1a: Yveltal|Dark Pulse|p2a: Arceus\n|-resisted|p2a: Arceus\n|-damage|p2a: Arceus|75\/100\n|\n|upkeep\n|turn|6\n|\n|t:|1700536638\n|switch|p1a: Zoroerk|Toxapex, M|100\/100\n|-damage|p1a: Zoroerk|88\/100|[from] Stealth Rock\n|move|p2a: Arceus|Judgment|p1a: Zoroerk\n|-resisted|p1a: Zoroerk\n|-damage|p1a: Zoroerk|72\/100\n|\n|upkeep\n|turn|7\n|\n|t:|1700536647\n|move|p2a: Arceus|Taunt|p1a: Zoroerk\n|-start|p1a: Zoroerk|move: Taunt\n|move|p1a: Zoroerk|Infestation|p2a: Arceus\n|-resisted|p2a: Arceus\n|-damage|p2a: Arceus|74\/100\n|-activate|p2a: Arceus|move: Infestation|[of] p1a: Zoroerk\n|\n|-damage|p2a: Arceus|62\/100|[from] move: Infestation|[partiallytrapped]\n|upkeep\n|turn|8\n|\n|t:|1700536654\n|move|p2a: Arceus|Recover|p2a: Arceus\n|-heal|p2a: Arceus|100\/100\n|move|p1a: Zoroerk|Infestation|p2a: Arceus\n|-resisted|p2a: Arceus\n|-damage|p2a: Arceus|99\/100\n|\n|-damage|p2a: Arceus|87\/100|[from] move: Infestation|[partiallytrapped]\n|upkeep\n|turn|9\n|\n|t:|1700536665\n|switch|p1a: Ho-Oh|Ho-Oh|100\/100\n|move|p2a: Arceus|Judgment|p1a: Ho-Oh\n|-resisted|p1a: Ho-Oh\n|-damage|p1a: Ho-Oh|90\/100\n|\n|-end|p2a: Arceus|Infestation|[partiallytrapped]|[silent]\n|upkeep\n|turn|10\n|\n|t:|1700536673\n|move|p2a: Arceus|Toxic|p1a: Ho-Oh\n|-status|p1a: Ho-Oh|tox\n|move|p1a: Ho-Oh|Sacred Fire|p2a: Arceus\n|-damage|p2a: Arceus|60\/100\n|-status|p2a: Arceus|brn\n|\n|-damage|p1a: Ho-Oh|83\/100 tox|[from] psn\n|-damage|p2a: Arceus|54\/100 brn|[from] brn\n|upkeep\n|turn|11\n|\n|t:|1700536684\n|switch|p1a: Ferrothorn|Ferrothorn, M|97\/100\n|-damage|p1a: Ferrothorn|91\/100|[from] Stealth Rock\n|move|p2a: Arceus|Recover|p2a: Arceus\n|-heal|p2a: Arceus|100\/100 brn\n|\n|-heal|p1a: Ferrothorn|97\/100|[from] item: Leftovers\n|-damage|p2a: Arceus|94\/100 brn|[from] brn\n|upkeep\n|turn|12\n|\n|t:|1700536694\n|switch|p1a: Ho-Oh|Ho-Oh|100\/100 tox\n|move|p2a: Arceus|Taunt|p1a: Ho-Oh\n|-start|p1a: Ho-Oh|move: Taunt\n|\n|-damage|p1a: Ho-Oh|94\/100 tox|[from] psn\n|-damage|p2a: Arceus|88\/100 brn|[from] brn\n|upkeep\n|turn|13\n|\n|t:|1700536704\n|switch|p2a: Groudon|Groudon|100\/100\n|detailschange|p2a: Groudon|Groudon-Primal\n|-primal|p2a: Groudon|Red Orb\n|-weather|DesolateLand|[from] ability: Desolate Land|[of] p2a: Groudon\n|switch|p1a: Zoroerk|Toxapex, M|100\/100\n|-damage|p1a: Zoroerk|88\/100|[from] Stealth Rock\n|\n|-weather|DesolateLand|[upkeep]\n|upkeep\n|turn|14\n|\n|t:|1700536715\n|switch|p1a: Giratina|Giratina|100\/100\n|-damage|p1a: Giratina|88\/100|[from] Stealth Rock\n|-ability|p1a: Giratina|Pressure\n|move|p2a: Groudon|Earthquake|p1a: Giratina\n|-damage|p1a: Giratina|57\/100\n|\n|-weather|DesolateLand|[upkeep]\n|-heal|p1a: Giratina|64\/100|[from] item: Leftovers\n|upkeep\n|turn|15\n|\n|t:|1700536733\n|move|p2a: Groudon|Swords Dance|p2a: Groudon\n|-boost|p2a: Groudon|atk|2\n|move|p1a: Giratina|Hex|p2a: Groudon\n|-damage|p2a: Groudon|83\/100\n|\n|-weather|DesolateLand|[upkeep]\n|-heal|p1a: Giratina|70\/100|[from] item: Leftovers\n|upkeep\n|turn|16\n|\n|t:|1700536746\n|move|p2a: Groudon|Earthquake|p1a: Giratina\n|-damage|p1a: Giratina|11\/100\n|move|p1a: Giratina|Hex|p2a: Groudon\n|-damage|p2a: Groudon|66\/100\n|\n|-weather|DesolateLand|[upkeep]\n|-heal|p1a: Giratina|17\/100|[from] item: Leftovers\n|upkeep\n|turn|17\n|\n|t:|1700536755\n|switch|p1a: Ho-Oh|Ho-Oh|100\/100 tox\n|move|p2a: Groudon|Earthquake|p1a: Ho-Oh\n|-immune|p1a: Ho-Oh\n|\n|-weather|DesolateLand|[upkeep]\n|-damage|p1a: Ho-Oh|94\/100 tox|[from] psn\n|upkeep\n|turn|18\n|\n|t:|1700536761\n|switch|p1a: Zoroerk|Toxapex, M|100\/100\n|-damage|p1a: Zoroerk|88\/100|[from] Stealth Rock\n|move|p2a: Groudon|Stone Edge|p1a: Zoroerk\n|-damage|p1a: Zoroerk|17\/100\n|\n|-weather|DesolateLand|[upkeep]\n|upkeep\n|turn|19\n|\n|t:|1700536775\n|switch|p1a: Eternatus|Eternatus|100\/100\n|-damage|p1a: Eternatus|88\/100|[from] Stealth Rock\n|-ability|p1a: Eternatus|Pressure\n|move|p2a: Groudon|Heat Crash|p1a: Eternatus\n|-resisted|p1a: Eternatus\n|-crit|p1a: Eternatus\n|-damage|p1a: Eternatus|46\/100\n|\n|-weather|DesolateLand|[upkeep]\n|-heal|p1a: Eternatus|52\/100|[from] item: Leftovers\n|upkeep\n|turn|20\n|\n|t:|1700536786\n|move|p1a: Eternatus|Toxic Spikes|p2a: Groudon\n|-sidestart|p2: game18|move: Toxic Spikes\n|move|p2a: Groudon|Earthquake|p1a: Eternatus\n|-supereffective|p1a: Eternatus\n|-damage|p1a: Eternatus|0 fnt\n|faint|p1a: Eternatus\n|\n|-weather|DesolateLand|[upkeep]\n|upkeep\n|\n|t:|1700536790\n|switch|p1a: Yveltal|Yveltal, tera:Dark|100\/100\n|-damage|p1a: Yveltal|88\/100|[from] Stealth Rock\n|-ability|p1a: Yveltal|Dark Aura\n|turn|21\n|\n|t:|1700536798\n|-weather|none\n|switch|p2a: Arceus|Arceus-Fairy|88\/100 brn\n|move|p1a: Yveltal|Dark Pulse|p2a: Arceus\n|-resisted|p2a: Arceus\n|-damage|p2a: Arceus|62\/100 brn\n|\n|-damage|p2a: Arceus|56\/100 brn|[from] brn\n|upkeep\n|turn|22\n|\n|t:|1700536808\n|switch|p1a: Zoroerk|Toxapex, M|50\/100\n|-damage|p1a: Zoroerk|38\/100|[from] Stealth Rock\n|move|p2a: Arceus|Recover|p2a: Arceus\n|-heal|p2a: Arceus|100\/100 brn\n|\n|-damage|p2a: Arceus|94\/100 brn|[from] brn\n|upkeep\n|turn|23\n|\n|t:|1700536818\n|switch|p1a: Ho-Oh|Ho-Oh|100\/100 tox\n|move|p2a: Arceus|Taunt|p1a: Ho-Oh\n|-start|p1a: Ho-Oh|move: Taunt\n|\n|-damage|p1a: Ho-Oh|94\/100 tox|[from] psn\n|-damage|p2a: Arceus|88\/100 brn|[from] brn\n|upkeep\n|turn|24\n|\n|t:|1700536827\n|switch|p2a: Ho-Oh|Ho-Oh|100\/100\n|switch|p1a: Zoroerk|Toxapex, M|71\/100\n|-damage|p1a: Zoroerk|58\/100|[from] Stealth Rock\n|\n|upkeep\n|turn|25\n|\n|t:|1700536837\n|switch|p1a: Ho-Oh|Ho-Oh|100\/100 tox\n|move|p2a: Ho-Oh|Defog|p1a: Ho-Oh\n|-unboost|p1a: Ho-Oh|evasion|1\n|-sideend|p1: Helpnoname|Stealth Rock|[from] move: Defog|[of] p2a: Ho-Oh\n|-sideend|p2: game18|Toxic Spikes|[from] move: Defog|[of] p2a: Ho-Oh\n|\n|-damage|p1a: Ho-Oh|94\/100 tox|[from] psn\n|upkeep\n|turn|26\n|\n|t:|1700536847\n|switch|p1a: Giratina|Giratina|17\/100\n|-ability|p1a: Giratina|Pressure\n|switch|p2a: Groudon|Groudon-Primal|66\/100\n|-weather|DesolateLand|[from] ability: Desolate Land|[of] p2a: Groudon\n|\n|-weather|DesolateLand|[upkeep]\n|-heal|p1a: Giratina|23\/100|[from] item: Leftovers\n|upkeep\n|turn|27\n|\n|t:|1700536858\n|switch|p1a: Yveltal|Yveltal, tera:Dark|88\/100\n|-ability|p1a: Yveltal|Dark Aura\n|move|p2a: Groudon|Earthquake|p1a: Yveltal\n|-damage|p1a: Yveltal|31\/100\n|\n|-weather|DesolateLand|[upkeep]\n|upkeep\n|turn|28\n|\n|t:|1700536864\n|-weather|none\n|switch|p2a: Arceus|Arceus-Fairy|88\/100 brn\n|move|p1a: Yveltal|Oblivion Wing|p2a: Arceus\n|-damage|p2a: Arceus|58\/100 brn\n|-heal|p1a: Yveltal|56\/100|[from] drain|[of] p2a: Arceus\n|\n|-damage|p2a: Arceus|52\/100 brn|[from] brn\n|upkeep\n|turn|29\n|\n|t:|1700536883\n|move|p1a: Yveltal|Oblivion Wing|p2a: Arceus\n|-damage|p2a: Arceus|27\/100 brn\n|-heal|p1a: Yveltal|77\/100|[from] drain|[of] p2a: Arceus\n|move|p2a: Arceus|Recover|p2a: Arceus\n|-heal|p2a: Arceus|77\/100 brn\n|\n|-damage|p2a: Arceus|71\/100 brn|[from] brn\n|upkeep\n|turn|30\n|\n|t:|1700536893\n|switch|p1a: Zoroerk|Toxapex, M|92\/100\n|move|p2a: Arceus|Judgment|p1a: Zoroerk\n|-resisted|p1a: Zoroerk\n|-damage|p1a: Zoroerk|76\/100\n|\n|-damage|p2a: Arceus|64\/100 brn|[from] brn\n|upkeep\n|turn|31\n|\n|t:|1700536898\n|move|p2a: Arceus|Taunt|p1a: Zoroerk\n|-start|p1a: Zoroerk|move: Taunt\n|move|p1a: Zoroerk|Infestation|p2a: Arceus\n|-resisted|p2a: Arceus\n|-damage|p2a: Arceus|64\/100 brn\n|-activate|p2a: Arceus|move: Infestation|[of] p1a: Zoroerk\n|\n|-damage|p2a: Arceus|57\/100 brn|[from] brn\n|-damage|p2a: Arceus|45\/100 brn|[from] move: Infestation|[partiallytrapped]\n|upkeep\n|turn|32\n|\n|t:|1700536905\n|switch|p1a: Giratina|Giratina|23\/100\n|-ability|p1a: Giratina|Pressure\n|move|p2a: Arceus|Recover|p2a: Arceus\n|-heal|p2a: Arceus|95\/100 brn\n|\n|-heal|p1a: Giratina|29\/100|[from] item: Leftovers\n|-damage|p2a: Arceus|89\/100 brn|[from] brn\n|-end|p2a: Arceus|Infestation|[partiallytrapped]|[silent]\n|upkeep\n|turn|33\n|\n|t:|1700536913\n|switch|p1a: Zoroerk|Toxapex, M|100\/100\n|move|p2a: Arceus|Judgment|p1a: Zoroerk\n|-resisted|p1a: Zoroerk\n|-damage|p1a: Zoroerk|86\/100\n|\n|-damage|p2a: Arceus|83\/100 brn|[from] brn\n|upkeep\n|turn|34\n|\n|t:|1700536919\n|switch|p2a: Groudon|Groudon-Primal|66\/100\n|-weather|DesolateLand|[from] ability: Desolate Land|[of] p2a: Groudon\n|switch|p1a: Ho-Oh|Ho-Oh|100\/100 tox\n|\n|-weather|DesolateLand|[upkeep]\n|-damage|p1a: Ho-Oh|94\/100 tox|[from] psn\n|upkeep\n|turn|35\n|\n|t:|1700536929\n|move|p2a: Groudon|Stone Edge|p1a: Ho-Oh\n|-supereffective|p1a: Ho-Oh\n|-damage|p1a: Ho-Oh|0 fnt\n|faint|p1a: Ho-Oh\n|\n|-weather|DesolateLand|[upkeep]\n|upkeep\n|-message|Helpnoname forfeited.\n|\n|win|game18\n|raw|Helpnoname's rating: 1632 &rarr; <strong>1609<\/strong><br \/>(-23 for losing)\n|raw|game18's rating: 1588 &rarr; <strong>1611<\/strong><br \/>(+23 for winning)\n|l|\u2606Helpnoname\n","uploadtime":1700536940,"views":1,"p1id":"helpnoname","p2id":"game18","formatid":"gen9nationaldexubers","rating":1609,"private":0,"password":""}