{"id":"gen9nationaldexubers-1986079179","p1":"Rhyfinn sr.","p2":"Arturbf","format":"[Gen 9] National Dex Ubers","log":"|j|\u2606Rhyfinn sr.\n|j|\u2606Arturbf\n|t:|1699447698\n|gametype|singles\n|player|p1|Rhyfinn sr.|alder|1036\n|player|p2|Arturbf|nate|1000\n|teamsize|p1|6\n|teamsize|p2|6\n|gen|9\n|tier|[Gen 9] National Dex Ubers\n|rated|\n|rule|HP Percentage Mod: HP is shown in percentages\n|rule|Endless Battle Clause: Forcing endless battles is banned\n|rule|OHKO Clause: OHKO moves are banned\n|rule|Evasion Moves Clause: Evasion moves are banned\n|rule|Evasion Items Clause: Evasion items are banned\n|rule|Species Clause: Limit one of each Pok\u00e9mon\n|rule|Sleep Clause Mod: Limit one foe put to sleep\n|rule|Mega Rayquaza Clause: You cannot mega evolve Rayquaza\n|clearpoke\n|poke|p1|Groudon|\n|poke|p1|Ho-Oh|\n|poke|p1|Xerneas-*|\n|poke|p1|Marshadow|\n|poke|p1|Urshifu-*, F|\n|poke|p1|Necrozma-Dusk-Mane|\n|poke|p2|Gyarados, M|\n|poke|p2|Arcanine, M|\n|poke|p2|Snorlax, F|\n|poke|p2|Roserade, M|\n|poke|p2|Zoroark, M|\n|poke|p2|Pidgeot, M|\n|teampreview\n|inactive|Battle timer is ON: inactive players will automatically lose when time's up. (requested by Rhyfinn sr.)\n|\n|t:|1699447720\n|start\n|switch|p1a: Urshifu|Urshifu, F|100\/100\n|switch|p2a: Gyarados|Gyarados, M|100\/100\n|turn|1\n|\n|t:|1699447743\n|move|p1a: Urshifu|Close Combat|p2a: Gyarados\n|-resisted|p2a: Gyarados\n|-damage|p2a: Gyarados|67\/100\n|-unboost|p1a: Urshifu|def|1\n|-unboost|p1a: Urshifu|spd|1\n|move|p2a: Gyarados|Dragon Dance|p2a: Gyarados\n|-boost|p2a: Gyarados|atk|1\n|-boost|p2a: Gyarados|spe|1\n|\n|upkeep\n|turn|2\n|\n|t:|1699447749\n|switch|p1a: Groudon|Groudon|100\/100\n|detailschange|p1a: Groudon|Groudon-Primal\n|-primal|p1a: Groudon|Red Orb\n|-weather|DesolateLand|[from] ability: Desolate Land|[of] p1a: Groudon\n|move|p2a: Gyarados|Waterfall||[still]\n|-fail|p2a: Gyarados|Waterfall|[from] Desolate Land\n|\n|-weather|DesolateLand|[upkeep]\n|upkeep\n|turn|3\n|\n|t:|1699447755\n|move|p2a: Gyarados|Earthquake|p1a: Groudon\n|-supereffective|p1a: Groudon\n|-damage|p1a: Groudon|18\/100\n|move|p1a: Groudon|Rock Polish|p1a: Groudon\n|-boost|p1a: Groudon|spe|2\n|\n|-weather|DesolateLand|[upkeep]\n|upkeep\n|turn|4\n|\n|t:|1699447759\n|move|p1a: Groudon|Solar Beam||[still]\n|-prepare|p1a: Groudon|Solar Beam\n|-anim|p1a: Groudon|Solar Beam|p2a: Gyarados\n|-damage|p2a: Gyarados|22\/100\n|move|p2a: Gyarados|Earthquake|p1a: Groudon\n|-supereffective|p1a: Groudon\n|-damage|p1a: Groudon|0 fnt\n|faint|p1a: Groudon\n|-weather|none\n|-ability|p2a: Gyarados|Moxie|boost\n|-boost|p2a: Gyarados|atk|1\n|\n|upkeep\n|\n|t:|1699447773\n|switch|p1a: Marshadow|Marshadow|100\/100\n|turn|5\n|\n|t:|1699447778\n|move|p1a: Marshadow|Spectral Thief||[still]\n|-clearpositiveboost|p2a: Gyarados|p1a: Marshadow|move: Spectral Thief\n|-boost|p1a: Marshadow|atk|2\n|-boost|p1a: Marshadow|spe|1\n|-anim|p1a: Marshadow|Spectral Thief|p2a: Gyarados\n|-damage|p2a: Gyarados|0 fnt\n|faint|p2a: Gyarados\n|\n|upkeep\n|\n|t:|1699447788\n|switch|p2a: Snorlax|Snorlax, F|100\/100\n|turn|6\n|\n|t:|1699447791\n|move|p1a: Marshadow|Force Palm|p2a: Snorlax\n|-supereffective|p2a: Snorlax\n|-damage|p2a: Snorlax|0 fnt\n|faint|p2a: Snorlax\n|\n|upkeep\n|\n|t:|1699447797\n|switch|p2a: Pidgeot|Pidgeot, M|100\/100\n|turn|7\n|\n|t:|1699447801\n|detailschange|p2a: Pidgeot|Pidgeot-Mega, M\n|-mega|p2a: Pidgeot|Pidgeot|Pidgeotite\n|move|p1a: Marshadow|Force Palm|p2a: Pidgeot\n|-damage|p2a: Pidgeot|0 fnt\n|faint|p2a: Pidgeot\n|\n|upkeep\n|\n|t:|1699447810\n|switch|p2a: Roserade|Roserade, M|100\/100\n|turn|8\n|\n|t:|1699447814\n|move|p1a: Marshadow|Spectral Thief|p2a: Roserade\n|-resisted|p2a: Roserade\n|-damage|p2a: Roserade|12\/100\n|replace|p2a: Zoroark|Zoroark, M\n|-end|p2a: Zoroark|Illusion\n|move|p2a: Zoroark|Night Daze|p1a: Marshadow\n|-damage|p1a: Marshadow|42\/100\n|-unboost|p1a: Marshadow|accuracy|1\n|-damage|p2a: Zoroark|2\/100|[from] item: Life Orb\n|\n|upkeep\n|turn|9\n|\n|t:|1699447832\n|move|p1a: Marshadow|Shadow Sneak|p2a: Zoroark|[miss]\n|-miss|p1a: Marshadow|p2a: Zoroark\n|move|p2a: Zoroark|Night Daze|p1a: Marshadow|[miss]\n|-miss|p2a: Zoroark|p1a: Marshadow\n|\n|upkeep\n|turn|10\n|\n|t:|1699447840\n|move|p1a: Marshadow|Spectral Thief|p2a: Zoroark|[miss]\n|-miss|p1a: Marshadow|p2a: Zoroark\n|move|p2a: Zoroark|Night Daze|p1a: Marshadow\n|-damage|p1a: Marshadow|0 fnt\n|faint|p1a: Marshadow\n|-damage|p2a: Zoroark|0 fnt|[from] item: Life Orb\n|faint|p2a: Zoroark\n|\n|upkeep\n|\n|t:|1699447853\n|switch|p1a: Necrozma|Necrozma-Dusk-Mane|100\/100\n|switch|p2a: Arcanine|Arcanine, M|100\/100\n|turn|11\n|\n|t:|1699447861\n|detailschange|p1a: Necrozma|Necrozma-Ultra\n|-burst|p1a: Necrozma|Necrozma|Ultranecrozium Z\n|move|p1a: Necrozma|Dragon Dance|p1a: Necrozma\n|-boost|p1a: Necrozma|atk|1\n|-boost|p1a: Necrozma|spe|1\n|move|p2a: Arcanine|Flare Blitz|p1a: Necrozma\n|-resisted|p1a: Necrozma\n|-damage|p1a: Necrozma|69\/100\n|-damage|p2a: Arcanine|90\/100|[from] Recoil\n|-heal|p2a: Arcanine|94\/100|[from] item: Shell Bell|[of] p1a: Necrozma\n|\n|upkeep\n|turn|12\n|\n|t:|1699447873\n|-zpower|p1a: Necrozma\n|move|p1a: Necrozma|Light That Burns the Sky|p2a: Arcanine|[zeffect]\n|-crit|p2a: Arcanine\n|-damage|p2a: Arcanine|0 fnt\n|faint|p2a: Arcanine\n|\n|upkeep\n|\n|t:|1699447875\n|switch|p2a: Roserade|Roserade, M|100\/100\n|turn|13\n|\n|t:|1699447879\n|move|p1a: Necrozma|Photon Geyser|p2a: Roserade\n|-supereffective|p2a: Roserade\n|-damage|p2a: Roserade|0 fnt\n|faint|p2a: Roserade\n|\n|win|Rhyfinn sr.\n|raw|Rhyfinn sr.'s rating: 1036 &rarr; <strong>1067<\/strong><br \/>(+31 for winning)\n|raw|Arturbf's rating: 1000 &rarr; <strong>1000<\/strong><br \/>(+0 for losing)\n","uploadtime":1699447884,"views":7,"p1id":"rhyfinnsr","p2id":"arturbf","formatid":"gen9nationaldexubers","rating":1000,"private":0,"password":""}