{"id":"gen9nationaldexubers-1978294112","p1":"luizxv","p2":"yuri94333","format":"[Gen 9] National Dex Ubers","log":"|j|\u2606luizxv\n|j|\u2606yuri94333\n|t:|1698521865\n|gametype|singles\n|player|p1|luizxv|benga|\n|player|p2|yuri94333|265|\n|teamsize|p1|6\n|teamsize|p2|6\n|gen|9\n|tier|[Gen 9] National Dex Ubers\n|rule|HP Percentage Mod: HP is shown in percentages\n|rule|Endless Battle Clause: Forcing endless battles is banned\n|rule|OHKO Clause: OHKO moves are banned\n|rule|Evasion Moves Clause: Evasion moves are banned\n|rule|Evasion Items Clause: Evasion items are banned\n|rule|Species Clause: Limit one of each Pok\u00e9mon\n|rule|Sleep Clause Mod: Limit one foe put to sleep\n|rule|Mega Rayquaza Clause: You cannot mega evolve Rayquaza\n|clearpoke\n|poke|p1|Ferrothorn, F|\n|poke|p1|Togedemaru, L1, F|\n|poke|p1|Gholdengo|\n|poke|p1|Great Tusk|\n|poke|p1|Amoonguss, F|\n|poke|p1|Garganacl, M|\n|poke|p2|Chien-Pao|\n|poke|p2|Iron Treads|\n|poke|p2|Gholdengo|\n|poke|p2|Quaquaval, F|\n|poke|p2|Toxapex, M|\n|poke|p2|Garganacl, M|\n|teampreview\n|j| jabamiburro\n|\n|t:|1698521910\n|start\n|switch|p1a: Ferrothorn|Ferrothorn, F|100\/100\n|switch|p2a: Quaquaval|Quaquaval, F, shiny|100\/100\n|turn|1\n|\n|t:|1698521927\n|-terastallize|p1a: Ferrothorn|Grass\n|move|p2a: Quaquaval|Close Combat|p1a: Ferrothorn\n|-damage|p1a: Ferrothorn|53\/100\n|-unboost|p2a: Quaquaval|def|1\n|-unboost|p2a: Quaquaval|spd|1\n|-damage|p2a: Quaquaval|88\/100|[from] ability: Iron Barbs|[of] p1a: Ferrothorn\n|move|p1a: Ferrothorn|Leech Seed|p2a: Quaquaval|[miss]\n|-miss|p1a: Ferrothorn|p2a: Quaquaval\n|\n|-heal|p1a: Ferrothorn|60\/100|[from] item: Leftovers\n|upkeep\n|turn|2\n|\n|t:|1698521944\n|switch|p2a: Toxapex|Toxapex, M, shiny|100\/100\n|move|p1a: Ferrothorn|Iron Defense|p1a: Ferrothorn\n|-boost|p1a: Ferrothorn|def|2\n|\n|-heal|p1a: Ferrothorn|66\/100|[from] item: Leftovers\n|upkeep\n|turn|3\n|\n|t:|1698521955\n|move|p2a: Toxapex|Toxic|p1a: Ferrothorn\n|-status|p1a: Ferrothorn|tox\n|move|p1a: Ferrothorn|Leech Seed|p2a: Toxapex\n|-start|p2a: Toxapex|move: Leech Seed\n|\n|-heal|p1a: Ferrothorn|72\/100 tox|[from] item: Leftovers\n|-damage|p2a: Toxapex|88\/100|[from] Leech Seed|[of] p1a: Ferrothorn\n|-heal|p1a: Ferrothorn|83\/100 tox|[silent]\n|-damage|p1a: Ferrothorn|77\/100 tox|[from] psn\n|upkeep\n|turn|4\n|\n|t:|1698521969\n|switch|p2a: Iron Treads|Iron Treads, shiny|100\/100\n|move|p1a: Ferrothorn|Iron Defense|p1a: Ferrothorn\n|-boost|p1a: Ferrothorn|def|2\n|\n|-heal|p1a: Ferrothorn|83\/100 tox|[from] item: Leftovers\n|-damage|p1a: Ferrothorn|70\/100 tox|[from] psn\n|upkeep\n|turn|5\n|\n|t:|1698521987\n|move|p2a: Iron Treads|Stealth Rock|p1a: Ferrothorn\n|-sidestart|p1: luizxv|move: Stealth Rock\n|move|p1a: Ferrothorn|Spikes|p2a: Iron Treads\n|-sidestart|p2: yuri94333|Spikes\n|\n|-heal|p1a: Ferrothorn|77\/100 tox|[from] item: Leftovers\n|-damage|p1a: Ferrothorn|58\/100 tox|[from] psn\n|upkeep\n|turn|6\n|\n|t:|1698521997\n|move|p1a: Ferrothorn|Protect|p1a: Ferrothorn\n|-singleturn|p1a: Ferrothorn|Protect\n|move|p2a: Iron Treads|Rapid Spin|p1a: Ferrothorn\n|-activate|p1a: Ferrothorn|move: Protect\n|\n|-heal|p1a: Ferrothorn|64\/100 tox|[from] item: Leftovers\n|-damage|p1a: Ferrothorn|39\/100 tox|[from] psn\n|upkeep\n|turn|7\n|\n|t:|1698522007\n|move|p2a: Iron Treads|Rapid Spin|p1a: Ferrothorn\n|-damage|p1a: Ferrothorn|35\/100 tox\n|-boost|p2a: Iron Treads|spe|1\n|-damage|p2a: Iron Treads|88\/100|[from] ability: Iron Barbs|[of] p1a: Ferrothorn\n|-sideend|p2: yuri94333|Spikes|[from] move: Rapid Spin|[of] p2a: Iron Treads\n|move|p1a: Ferrothorn|Iron Defense|p1a: Ferrothorn\n|-boost|p1a: Ferrothorn|def|2\n|\n|-heal|p2a: Iron Treads|94\/100|[from] item: Leftovers\n|-heal|p1a: Ferrothorn|42\/100 tox|[from] item: Leftovers\n|-damage|p1a: Ferrothorn|10\/100 tox|[from] psn\n|upkeep\n|turn|8\n|\n|t:|1698522022\n|switch|p1a: Garganacl|Garganacl, M|100\/100\n|-damage|p1a: Garganacl|88\/100|[from] Stealth Rock\n|move|p2a: Iron Treads|Rapid Spin|p1a: Garganacl\n|-resisted|p1a: Garganacl\n|-damage|p1a: Garganacl|85\/100\n|-boost|p2a: Iron Treads|spe|1\n|\n|-heal|p2a: Iron Treads|100\/100|[from] item: Leftovers\n|-heal|p1a: Garganacl|91\/100|[from] item: Leftovers\n|upkeep\n|turn|9\n|j| Guizinpq\n|\n|t:|1698522039\n|move|p2a: Iron Treads|Earthquake|p1a: Garganacl\n|-supereffective|p1a: Garganacl\n|-damage|p1a: Garganacl|52\/100\n|move|p1a: Garganacl|Salt Cure|p2a: Iron Treads\n|-resisted|p2a: Iron Treads\n|-damage|p2a: Iron Treads|98\/100\n|-start|p2a: Iron Treads|Salt Cure\n|\n|-heal|p2a: Iron Treads|100\/100|[from] item: Leftovers\n|-heal|p1a: Garganacl|58\/100|[from] item: Leftovers\n|-damage|p2a: Iron Treads|75\/100|[from] Salt Cure\n|upkeep\n|turn|10\n|\n|t:|1698522054\n|move|p2a: Iron Treads|Earthquake|p1a: Garganacl\n|-supereffective|p1a: Garganacl\n|-damage|p1a: Garganacl|19\/100\n|move|p1a: Garganacl|Curse|p1a: Garganacl\n|-unboost|p1a: Garganacl|spe|1\n|-boost|p1a: Garganacl|atk|1\n|-boost|p1a: Garganacl|def|1\n|\n|-heal|p2a: Iron Treads|82\/100|[from] item: Leftovers\n|-heal|p1a: Garganacl|25\/100|[from] item: Leftovers\n|-damage|p2a: Iron Treads|57\/100|[from] Salt Cure\n|upkeep\n|turn|11\n|\n|t:|1698522067\n|move|p2a: Iron Treads|Earthquake|p1a: Garganacl\n|-supereffective|p1a: Garganacl\n|-damage|p1a: Garganacl|0 fnt\n|faint|p1a: Garganacl\n|\n|-heal|p2a: Iron Treads|63\/100|[from] item: Leftovers\n|-damage|p2a: Iron Treads|38\/100|[from] Salt Cure\n|upkeep\n|\n|t:|1698522074\n|switch|p1a: Great Tusk|Great Tusk|100\/100\n|-damage|p1a: Great Tusk|98\/100|[from] Stealth Rock\n|turn|12\n|\n|t:|1698522089\n|-end|p2a: Iron Treads|Quark Drive|[silent]\n|switch|p2a: Quaquaval|Quaquaval, F, shiny|88\/100\n|move|p1a: Great Tusk|Earthquake|p2a: Quaquaval\n|-damage|p2a: Quaquaval|36\/100\n|\n|-heal|p1a: Great Tusk|100\/100|[from] item: Leftovers\n|upkeep\n|turn|13\n|\n|t:|1698522098\n|move|p2a: Quaquaval|Aqua Step|p1a: Great Tusk\n|-supereffective|p1a: Great Tusk\n|-damage|p1a: Great Tusk|47\/100\n|-boost|p2a: Quaquaval|spe|1\n|move|p1a: Great Tusk|Earthquake|p2a: Quaquaval\n|-damage|p2a: Quaquaval|0 fnt\n|faint|p2a: Quaquaval\n|\n|-heal|p1a: Great Tusk|53\/100|[from] item: Leftovers\n|upkeep\n|\n|t:|1698522111\n|switch|p2a: Toxapex|Toxapex, M, shiny|100\/100\n|turn|14\n|inactive|Battle timer is ON: inactive players will automatically lose when time's up. (requested by luizxv)\n|\n|t:|1698522125\n|move|p1a: Great Tusk|Rapid Spin|p2a: Toxapex\n|-damage|p2a: Toxapex|91\/100\n|-boost|p1a: Great Tusk|spe|1\n|-sideend|p1: luizxv|Stealth Rock|[from] move: Rapid Spin|[of] p1a: Great Tusk\n|move|p2a: Toxapex|Toxic|p1a: Great Tusk\n|-status|p1a: Great Tusk|tox\n|\n|-heal|p1a: Great Tusk|59\/100 tox|[from] item: Leftovers\n|-heal|p2a: Toxapex|97\/100|[from] item: Black Sludge\n|-damage|p1a: Great Tusk|53\/100 tox|[from] psn\n|upkeep\n|turn|15\n|\n|t:|1698522147\n|move|p1a: Great Tusk|Knock Off|p2a: Toxapex\n|-damage|p2a: Toxapex|79\/100\n|-enditem|p2a: Toxapex|Black Sludge|[from] move: Knock Off|[of] p1a: Great Tusk\n|move|p2a: Toxapex|Liquidation|p1a: Great Tusk\n|-supereffective|p1a: Great Tusk\n|-damage|p1a: Great Tusk|35\/100 tox\n|\n|-heal|p1a: Great Tusk|41\/100 tox|[from] item: Leftovers\n|-damage|p1a: Great Tusk|29\/100 tox|[from] psn\n|upkeep\n|turn|16\n|\n|t:|1698522170\n|move|p1a: Great Tusk|Earthquake|p2a: Toxapex\n|-supereffective|p2a: Toxapex\n|-damage|p2a: Toxapex|23\/100\n|move|p2a: Toxapex|Recover|p2a: Toxapex\n|-heal|p2a: Toxapex|73\/100\n|\n|-heal|p1a: Great Tusk|35\/100 tox|[from] item: Leftovers\n|-damage|p1a: Great Tusk|16\/100 tox|[from] psn\n|upkeep\n|turn|17\n|\n|t:|1698522181\n|move|p1a: Great Tusk|Rapid Spin|p2a: Toxapex\n|-damage|p2a: Toxapex|63\/100\n|-boost|p1a: Great Tusk|spe|1\n|move|p2a: Toxapex|Recover|p2a: Toxapex\n|-heal|p2a: Toxapex|100\/100\n|\n|-heal|p1a: Great Tusk|23\/100 tox|[from] item: Leftovers\n|-damage|p1a: Great Tusk|0 fnt|[from] psn\n|faint|p1a: Great Tusk\n|-end|p1a: Great Tusk|Protosynthesis|[silent]\n|upkeep\n|\n|t:|1698522189\n|switch|p1a: Gholdengo|Gholdengo|100\/100\n|turn|18\n|inactive|yuri94333 has 270 seconds left.\n|\n|t:|1698522212\n|move|p1a: Gholdengo|Nasty Plot|p1a: Gholdengo\n|-boost|p1a: Gholdengo|spa|2\n|move|p2a: Toxapex|Liquidation|p1a: Gholdengo\n|-damage|p1a: Gholdengo|81\/100\n|-unboost|p1a: Gholdengo|def|1\n|\n|-heal|p1a: Gholdengo|87\/100|[from] item: Leftovers\n|upkeep\n|turn|19\n|inactive|yuri94333 has 270 seconds left.\n|\n|t:|1698522230\n|move|p1a: Gholdengo|Make It Rain|p2a: Toxapex\n|-resisted|p2a: Toxapex\n|-damage|p2a: Toxapex|41\/100\n|-unboost|p1a: Gholdengo|spa|1\n|move|p2a: Toxapex|Liquidation|p1a: Gholdengo\n|-damage|p1a: Gholdengo|57\/100\n|-unboost|p1a: Gholdengo|def|1\n|\n|-heal|p1a: Gholdengo|63\/100|[from] item: Leftovers\n|upkeep\n|turn|20\n|inactive|yuri94333 has 270 seconds left.\n|\n|t:|1698522245\n|move|p1a: Gholdengo|Make It Rain|p2a: Toxapex\n|-resisted|p2a: Toxapex\n|-damage|p2a: Toxapex|0 fnt\n|-unboost|p1a: Gholdengo|spa|1\n|faint|p2a: Toxapex\n|\n|-heal|p1a: Gholdengo|69\/100|[from] item: Leftovers\n|upkeep\n|\n|t:|1698522257\n|switch|p2a: Chien-Pao|Chien-Pao|100\/100\n|-ability|p2a: Chien-Pao|Sword of Ruin\n|turn|21\n|\n|t:|1698522269\n|move|p2a: Chien-Pao|Sucker Punch||[still]\n|-fail|p2a: Chien-Pao\n|move|p1a: Gholdengo|Nasty Plot|p1a: Gholdengo\n|-boost|p1a: Gholdengo|spa|2\n|\n|-heal|p1a: Gholdengo|75\/100|[from] item: Leftovers\n|upkeep\n|turn|22\n|inactive|yuri94333 has 270 seconds left.\n|\n|t:|1698522283\n|move|p2a: Chien-Pao|Sucker Punch||[still]\n|-fail|p2a: Chien-Pao\n|move|p1a: Gholdengo|Nasty Plot|p1a: Gholdengo\n|-boost|p1a: Gholdengo|spa|2\n|\n|-heal|p1a: Gholdengo|81\/100|[from] item: Leftovers\n|upkeep\n|turn|23\n|inactive|yuri94333 has 270 seconds left.\n|\n|t:|1698522305\n|move|p2a: Chien-Pao|Crunch|p1a: Gholdengo\n|-supereffective|p1a: Gholdengo\n|-damage|p1a: Gholdengo|0 fnt\n|faint|p1a: Gholdengo\n|\n|upkeep\n|inactive|luizxv has 270 seconds left.\n|\n|t:|1698522322\n|switch|p1a: Amoonguss|Amoonguss, F|100\/100\n|turn|24\n|inactive|luizxv has 270 seconds left.\n|\n|t:|1698522336\n|switch|p2a: Gholdengo|Gholdengo, shiny|100\/100\n|move|p1a: Amoonguss|Spore|p2a: Gholdengo\n|-immune|p2a: Gholdengo|[from] ability: Good as Gold\n|\n|upkeep\n|turn|25\n|inactive|luizxv has 270 seconds left.\n|\n|t:|1698522353\n|move|p2a: Gholdengo|Shadow Ball|p1a: Amoonguss\n|-damage|p1a: Amoonguss|68\/100\n|move|p1a: Amoonguss|Foul Play|p2a: Gholdengo\n|-supereffective|p2a: Gholdengo\n|-damage|p2a: Gholdengo|80\/100\n|\n|-heal|p2a: Gholdengo|86\/100|[from] item: Leftovers\n|-heal|p1a: Amoonguss|74\/100|[from] item: Leftovers\n|upkeep\n|turn|26\n|inactive|luizxv has 270 seconds left.\n|\n|t:|1698522367\n|move|p2a: Gholdengo|Nasty Plot|p2a: Gholdengo\n|-boost|p2a: Gholdengo|spa|2\n|move|p1a: Amoonguss|Giga Drain|p2a: Gholdengo\n|-resisted|p2a: Gholdengo\n|-damage|p2a: Gholdengo|75\/100\n|-heal|p1a: Amoonguss|79\/100|[from] drain|[of] p2a: Gholdengo\n|\n|-heal|p2a: Gholdengo|81\/100|[from] item: Leftovers\n|-heal|p1a: Amoonguss|85\/100|[from] item: Leftovers\n|upkeep\n|turn|27\n|inactive|luizxv has 270 seconds left.\n|\n|t:|1698522380\n|move|p2a: Gholdengo|Nasty Plot|p2a: Gholdengo\n|-boost|p2a: Gholdengo|spa|2\n|move|p1a: Amoonguss|Foul Play|p2a: Gholdengo\n|-supereffective|p2a: Gholdengo\n|-damage|p2a: Gholdengo|63\/100\n|\n|-heal|p2a: Gholdengo|69\/100|[from] item: Leftovers\n|-heal|p1a: Amoonguss|92\/100|[from] item: Leftovers\n|upkeep\n|turn|28\n|inactive|luizxv has 270 seconds left.\n|\n|t:|1698522392\n|move|p2a: Gholdengo|Recover|p2a: Gholdengo\n|-heal|p2a: Gholdengo|100\/100\n|move|p1a: Amoonguss|Foul Play|p2a: Gholdengo\n|-supereffective|p2a: Gholdengo\n|-damage|p2a: Gholdengo|79\/100\n|\n|-heal|p2a: Gholdengo|85\/100|[from] item: Leftovers\n|-heal|p1a: Amoonguss|98\/100|[from] item: Leftovers\n|upkeep\n|turn|29\n|\n|t:|1698522403\n|move|p2a: Gholdengo|Nasty Plot|p2a: Gholdengo\n|-boost|p2a: Gholdengo|spa|2\n|move|p1a: Amoonguss|Foul Play|p2a: Gholdengo\n|-supereffective|p2a: Gholdengo\n|-damage|p2a: Gholdengo|64\/100\n|\n|-heal|p2a: Gholdengo|70\/100|[from] item: Leftovers\n|-heal|p1a: Amoonguss|100\/100|[from] item: Leftovers\n|upkeep\n|turn|30\n|\n|t:|1698522415\n|move|p2a: Gholdengo|Recover|p2a: Gholdengo\n|-heal|p2a: Gholdengo|100\/100\n|move|p1a: Amoonguss|Foul Play|p2a: Gholdengo\n|-supereffective|p2a: Gholdengo\n|-damage|p2a: Gholdengo|80\/100\n|\n|-heal|p2a: Gholdengo|86\/100|[from] item: Leftovers\n|upkeep\n|turn|31\n|\n|t:|1698522428\n|switch|p1a: Ferrothorn|Ferrothorn, F, tera:Grass|10\/100 tox\n|move|p2a: Gholdengo|Shadow Ball|p1a: Ferrothorn\n|-damage|p1a: Ferrothorn|0 fnt\n|faint|p1a: Ferrothorn\n|\n|-heal|p2a: Gholdengo|93\/100|[from] item: Leftovers\n|upkeep\n|\n|t:|1698522438\n|switch|p1a: Amoonguss|Amoonguss, F|100\/100\n|turn|32\n|\n|t:|1698522445\n|move|p2a: Gholdengo|Shadow Ball|p1a: Amoonguss\n|-damage|p1a: Amoonguss|0 fnt\n|faint|p1a: Amoonguss\n|\n|-heal|p2a: Gholdengo|99\/100|[from] item: Leftovers\n|upkeep\n|\n|t:|1698522448\n|switch|p1a: Togedemaru|Togedemaru, L1, F|100\/100\n|turn|33\n|\n|t:|1698522461\n|move|p1a: Togedemaru|Fake Out|p2a: Gholdengo\n|-immune|p2a: Gholdengo\n|move|p2a: Gholdengo|Shadow Ball|p1a: Togedemaru\n|-ability|p1a: Togedemaru|Sturdy\n|-damage|p1a: Togedemaru|9\/100\n|\n|-heal|p2a: Gholdengo|100\/100|[from] item: Leftovers\n|upkeep\n|turn|34\n|\n|t:|1698522479\n|move|p1a: Togedemaru|Spiky Shield|p1a: Togedemaru\n|-singleturn|p1a: Togedemaru|move: Protect\n|move|p2a: Gholdengo|Make It Rain|p1a: Togedemaru\n|-activate|p1a: Togedemaru|move: Protect\n|\n|upkeep\n|turn|35\n|\n|t:|1698522488\n|move|p1a: Togedemaru|Spiky Shield||[still]\n|-fail|p1a: Togedemaru\n|move|p2a: Gholdengo|Shadow Ball|p1a: Togedemaru\n|-damage|p1a: Togedemaru|0 fnt\n|faint|p1a: Togedemaru\n|\n|win|yuri94333\n|l|\u2606luizxv\n|l|\u2606yuri94333\n","uploadtime":1698522501,"views":10,"p1id":"luizxv","p2id":"yuri94333","formatid":"gen9nationaldexubers","rating":0,"private":0,"password":""}