{"id":"gen9nationaldexubers-1994950914","p1":"OnlyPyper","p2":"mixco","format":"[Gen 9] National Dex Ubers","log":"|j|\u2606OnlyPyper\n|j|\u2606mixco\n|t:|1700507465\n|gametype|singles\n|player|p1|OnlyPyper|shauntal|\n|player|p2|mixco|penny|\n|teamsize|p1|6\n|teamsize|p2|6\n|gen|9\n|tier|[Gen 9] National Dex Ubers\n|rule|HP Percentage Mod: HP is shown in percentages\n|rule|Endless Battle Clause: Forcing endless battles is banned\n|rule|OHKO Clause: OHKO moves are banned\n|rule|Evasion Moves Clause: Evasion moves are banned\n|rule|Evasion Items Clause: Evasion items are banned\n|rule|Species Clause: Limit one of each Pok\u00e9mon\n|rule|Sleep Clause Mod: Limit one foe put to sleep\n|rule|Mega Rayquaza Clause: You cannot mega evolve Rayquaza\n|clearpoke\n|poke|p1|Maractus, F|\n|poke|p1|Eelektross, M|\n|poke|p1|Mienshao, F|\n|poke|p1|Golurk|\n|poke|p1|Mandibuzz, F|\n|poke|p1|Reshiram|\n|poke|p2|Infernape, M|\n|poke|p2|Staraptor, M|\n|poke|p2|Luxray, M|\n|poke|p2|Roserade, F|\n|poke|p2|Palkia-Origin|\n|poke|p2|Mamoswine, M|\n|teampreview\n|j| Corazonmorado27\n|c| Corazonmorado27|suerte miadas\n|\n|t:|1700507513\n|start\n|switch|p1a: Runico|Golurk, shiny|100\/100\n|switch|p2a: Star|Staraptor, M|100\/100\n|-ability|p2a: Star|Intimidate|boost\n|-unboost|p1a: Runico|atk|1\n|turn|1\n|c|\u2606OnlyPyper|Suerte\n|c|\u2606mixco|Suerte\n|\n|t:|1700507535\n|move|p2a: Star|U-turn|p1a: Runico\n|-resisted|p1a: Runico\n|-damage|p1a: Runico|90\/100\n|c|\u2606mixco|A ver a quien matamos ekisde\n|j| JuzOzuj\n|\n|t:|1700507573\n|switch|p2a: Silvina|Roserade, F|100\/100|[from] U-turn\n|move|p1a: Runico|Stone Edge|p2a: Silvina\n|-damage|p2a: Silvina|35\/100\n|\n|upkeep\n|turn|2\n|c|\u2606mixco|POR SUS OVARIOS\n|\n|t:|1700507594\n|switch|p1a: Joules|Eelektross, M|100\/100\n|move|p2a: Silvina|Sludge Bomb|p1a: Joules\n|-damage|p1a: Joules|69\/100\n|-status|p1a: Joules|psn\n|\n|-damage|p1a: Joules|56\/100 psn|[from] psn\n|upkeep\n|turn|3\n|c|\u2606OnlyPyper|Por el drop de ataque mensa xd\n|\n|t:|1700507610\n|switch|p2a: Arctic|Mamoswine, M|100\/100\n|move|p1a: Joules|Flamethrower|p2a: Arctic\n|-supereffective|p2a: Arctic\n|-damage|p2a: Arctic|84\/100\n|\n|-damage|p1a: Joules|44\/100 psn|[from] psn\n|upkeep\n|turn|4\n|\n|t:|1700507624\n|move|p2a: Arctic|Knock Off|p1a: Joules\n|-damage|p1a: Joules|12\/100 psn\n|-enditem|p1a: Joules|Assault Vest|[from] move: Knock Off|[of] p2a: Arctic\n|move|p1a: Joules|Giga Drain|p2a: Arctic\n|-supereffective|p2a: Arctic\n|-damage|p2a: Arctic|52\/100\n|-heal|p1a: Joules|29\/100 psn|[from] drain|[of] p2a: Arctic\n|\n|-damage|p1a: Joules|17\/100 psn|[from] psn\n|upkeep\n|turn|5\n|\n|t:|1700507650\n|move|p2a: Arctic|Icicle Crash|p1a: Joules\n|-damage|p1a: Joules|0 fnt\n|faint|p1a: Joules\n|\n|upkeep\n|\n|t:|1700507661\n|switch|p1a: Maisy|Mienshao, F|100\/100\n|turn|6\n|\n|t:|1700507667\n|switch|p2a: Star|Staraptor, M|100\/100\n|-ability|p2a: Star|Intimidate|boost\n|-unboost|p1a: Maisy|atk|1\n|move|p1a: Maisy|Close Combat|p2a: Star\n|-damage|p2a: Star|69\/100\n|-unboost|p1a: Maisy|def|1\n|-unboost|p1a: Maisy|spd|1\n|-damage|p1a: Maisy|84\/100|[from] item: Rocky Helmet|[of] p2a: Star\n|\n|upkeep\n|turn|7\n|\n|t:|1700507681\n|switch|p1a: Riper|Mandibuzz, F|100\/100\n|move|p2a: Star|U-turn|p1a: Riper\n|-damage|p1a: Riper|89\/100\n|\n|t:|1700507718\n|switch|p2a: Arctic|Mamoswine, M|52\/100|[from] U-turn\n|\n|upkeep\n|turn|8\n|\n|t:|1700507735\n|-terastallize|p1a: Riper|Poison\n|move|p1a: Riper|Foul Play|p2a: Arctic\n|-damage|p2a: Arctic|0 fnt\n|faint|p2a: Arctic\n|\n|upkeep\n|c|\u2606mixco|Ekisde\n|c|\u2606OnlyPyper|De gratis el tera xd\n|c|\u2606mixco|Max speed hdp?\n|c|\u2606OnlyPyper|No ekisde\n|c|\u2606OnlyPyper|Max def y hp\n|c|\u2606mixco|Lol\n|c|\u2606OnlyPyper|Cuenta speed ten\u00edas?\n|\n|t:|1700507809\n|switch|p2a: Void|Palkia-Origin|100\/100\n|-ability|p2a: Void|Pressure\n|turn|9\n|c|\u2606OnlyPyper|Tengo 196 de speed\n|\n|t:|1700507828\n|switch|p1a: Maraca|Maractus, F|100\/100\n|move|p2a: Void|Spacial Rend|p1a: Maraca\n|-damage|p1a: Maraca|14\/100\n|\n|upkeep\n|turn|10\n|c|\u2606mixco|Ah con raz\u00f3n\n|c|\u2606mixco|Ah no epsera ekisde\n|c|\u2606mixco|Tengo lo mismo\n|c|\u2606OnlyPyper|Gano la g\u00f3tica\n|\n|t:|1700507871\n|move|p1a: Maraca|Spiky Shield|p1a: Maraca\n|-singleturn|p1a: Maraca|move: Protect\n|move|p2a: Void|Spacial Rend|p1a: Maraca\n|-activate|p1a: Maraca|move: Protect\n|\n|upkeep\n|turn|11\n|c|\u2606OnlyPyper|Un triunfo para Star y una derrota para Arctic\n|\n|t:|1700507887\n|move|p1a: Maraca|Sucker Punch|p2a: Void\n|-damage|p2a: Void|86\/100\n|move|p2a: Void|Spacial Rend|p1a: Maraca\n|-damage|p1a: Maraca|0 fnt\n|faint|p1a: Maraca\n|\n|upkeep\n|c|\u2606mixco|XD\n|c|\u2606OnlyPyper|Deb\u00ed usar mejor el tera\n|c|\u2606OnlyPyper|Hubiera servido mucho para Reshi\n|c|\u2606OnlyPyper|Es tera gei\n|c|\u2606mixco|Jsjdjsjd\n|\n|t:|1700507938\n|switch|p1a: Runico|Golurk, shiny|90\/100\n|turn|12\n|c|\u2606mixco|Adivina quien tmb es tera gei\n|c|\u2606OnlyPyper|Void\n|\n|t:|1700507955\n|move|p2a: Void|Hydro Pump|p1a: Runico\n|-supereffective|p1a: Runico\n|-damage|p1a: Runico|0 fnt\n|faint|p1a: Runico\n|\n|upkeep\n|\n|t:|1700507970\n|switch|p1a: Maisy|Mienshao, F|100\/100\n|turn|13\n|\n|t:|1700507978\n|switch|p2a: Star|Staraptor, M|69\/100\n|-ability|p2a: Star|Intimidate|boost\n|-unboost|p1a: Maisy|atk|1\n|move|p1a: Maisy|U-turn|p2a: Star\n|-resisted|p2a: Star\n|-crit|p2a: Star\n|-damage|p2a: Star|54\/100\n|-damage|p1a: Maisy|84\/100|[from] item: Rocky Helmet|[of] p2a: Star\n|c|\u2606mixco|Jwhfjsjd\n|\n|t:|1700507986\n|switch|p1a: Reshiram|Reshiram|100\/100|[from] U-turn\n|-ability|p1a: Reshiram|Turboblaze\n|\n|upkeep\n|turn|14\n|\n|t:|1700507997\n|move|p1a: Reshiram|Draco Meteor|p2a: Star\n|-damage|p2a: Star|0 fnt\n|-unboost|p1a: Reshiram|spa|2\n|faint|p2a: Star\n|\n|upkeep\n|\n|t:|1700508001\n|switch|p2a: Void|Palkia-Origin|86\/100\n|-ability|p2a: Void|Pressure\n|turn|15\n|\n|t:|1700508008\n|switch|p1a: Riper|Mandibuzz, F, tera:Poison|89\/100\n|move|p2a: Void|Spacial Rend|p1a: Riper\n|-damage|p1a: Riper|31\/100\n|\n|upkeep\n|turn|16\n|\n|t:|1700508016\n|move|p2a: Void|Earth Power|p1a: Riper\n|-supereffective|p1a: Riper\n|-damage|p1a: Riper|0 fnt\n|faint|p1a: Riper\n|\n|upkeep\n|\n|t:|1700508019\n|switch|p1a: Maisy|Mienshao, F|100\/100\n|turn|17\n|\n|t:|1700508030\n|move|p1a: Maisy|Close Combat|p2a: Void\n|-damage|p2a: Void|24\/100\n|-unboost|p1a: Maisy|def|1\n|-unboost|p1a: Maisy|spd|1\n|move|p2a: Void|Spacial Rend|p1a: Maisy|[miss]\n|-miss|p2a: Void|p1a: Maisy\n|\n|upkeep\n|turn|18\n|\n|t:|1700508040\n|switch|p2a: Silvina|Roserade, F|35\/100\n|move|p1a: Maisy|Close Combat|p2a: Silvina\n|-resisted|p2a: Silvina\n|-damage|p2a: Silvina|0 fnt\n|-unboost|p1a: Maisy|def|1\n|-unboost|p1a: Maisy|spd|1\n|faint|p2a: Silvina\n|\n|upkeep\n|\n|t:|1700508048\n|switch|p2a: Voltio|Luxray, M|100\/100\n|turn|19\n|\n|t:|1700508054\n|switch|p1a: Reshiram|Reshiram|100\/100\n|-ability|p1a: Reshiram|Turboblaze\n|move|p2a: Voltio|Wild Charge|p1a: Reshiram\n|-resisted|p1a: Reshiram\n|-damage|p1a: Reshiram|76\/100\n|-damage|p2a: Voltio|94\/100|[from] Recoil\n|\n|-status|p2a: Voltio|brn|[from] item: Flame Orb\n|upkeep\n|turn|20\n|\n|t:|1700508063\n|move|p1a: Reshiram|Earth Power|p2a: Voltio\n|-supereffective|p2a: Voltio\n|-damage|p2a: Voltio|0 fnt\n|faint|p2a: Voltio\n|\n|upkeep\n|\n|t:|1700508073\n|switch|p2a: Void|Palkia-Origin|24\/100\n|-ability|p2a: Void|Pressure\n|turn|21\n|\n|t:|1700508078\n|move|p2a: Void|Spacial Rend|p1a: Reshiram\n|-supereffective|p1a: Reshiram\n|-crit|p1a: Reshiram\n|-damage|p1a: Reshiram|0 fnt\n|faint|p1a: Reshiram\n|\n|upkeep\n|\n|t:|1700508083\n|switch|p1a: Maisy|Mienshao, F|100\/100\n|turn|22\n|\n|t:|1700508087\n|-terastallize|p2a: Void|Fairy\n|move|p1a: Maisy|Close Combat|p2a: Void\n|-resisted|p2a: Void\n|-damage|p2a: Void|0 fnt\n|-unboost|p1a: Maisy|def|1\n|-unboost|p1a: Maisy|spd|1\n|faint|p2a: Void\n|\n|upkeep\n|\n|t:|1700508091\n|switch|p2a: Inferno|Infernape, M|100\/100\n|turn|23\n|\n|t:|1700508098\n|move|p1a: Maisy|Close Combat|p2a: Inferno\n|-damage|p2a: Inferno|14\/100\n|-unboost|p1a: Maisy|def|1\n|-unboost|p1a: Maisy|spd|1\n|move|p2a: Inferno|Overheat|p1a: Maisy\n|-damage|p1a: Maisy|0 fnt\n|-unboost|p2a: Inferno|spa|2\n|faint|p1a: Maisy\n|\n|win|mixco\n|c|\u2606OnlyPyper|Gg\n","uploadtime":1700508115,"views":3,"p1id":"onlypyper","p2id":"mixco","formatid":"gen9nationaldexubers","rating":0,"private":0,"password":""}