{"id":"gen9nationaldexubers-1983284949","p1":"Ink0588","p2":"0v4n","format":"[Gen 9] National Dex Ubers","log":"|j|\u2606Ink0588\n|j|\u26060v4n\n|t:|1699114140\n|gametype|singles\n|player|p1|Ink0588|artistf-gen6|\n|player|p2|0v4n|crasherwake|\n|teamsize|p1|6\n|teamsize|p2|6\n|gen|9\n|tier|[Gen 9] National Dex Ubers\n|rule|HP Percentage Mod: HP is shown in percentages\n|rule|Endless Battle Clause: Forcing endless battles is banned\n|rule|OHKO Clause: OHKO moves are banned\n|rule|Evasion Moves Clause: Evasion moves are banned\n|rule|Evasion Items Clause: Evasion items are banned\n|rule|Species Clause: Limit one of each Pok\u00e9mon\n|rule|Sleep Clause Mod: Limit one foe put to sleep\n|rule|Mega Rayquaza Clause: You cannot mega evolve Rayquaza\n|clearpoke\n|poke|p1|Minior-Violet|\n|poke|p1|Morpeko, M|\n|poke|p1|Araquanid, F|\n|poke|p1|Hitmonchan, M|\n|poke|p1|Mr. Rime, F|\n|poke|p1|Rotom|\n|poke|p2|Sneasel, M|\n|poke|p2|Incineroar, F|\n|poke|p2|Quagsire, F|\n|poke|p2|Vileplume, M|\n|poke|p2|Pinsir, F|\n|poke|p2|Hitmonchan, M|\n|teampreview\n|j| sonyhawkproskater\n|j| bwill243\n|\n|t:|1699114160\n|start\n|switch|p1a: Dancin' Man|Mr. Rime, F|100\/100\n|switch|p2a: Thar can be only 1|Pinsir, F|100\/100\n|turn|1\n|\n|t:|1699114171\n|switch|p1a: GhostInTheMachine|Rotom, shiny|100\/100\n|move|p2a: Thar can be only 1|Knock Off|p1a: GhostInTheMachine\n|-supereffective|p1a: GhostInTheMachine\n|-damage|p1a: GhostInTheMachine|1\/100\n|-enditem|p1a: GhostInTheMachine|Choice Scarf|[from] move: Knock Off|[of] p2a: Thar can be only 1\n|\n|upkeep\n|turn|2\n|\n|t:|1699114181\n|move|p2a: Thar can be only 1|Knock Off|p1a: GhostInTheMachine\n|-supereffective|p1a: GhostInTheMachine\n|-damage|p1a: GhostInTheMachine|0 fnt\n|faint|p1a: GhostInTheMachine\n|-ability|p2a: Thar can be only 1|Moxie|boost\n|-boost|p2a: Thar can be only 1|atk|1\n|\n|upkeep\n|\n|t:|1699114185\n|switch|p1a: Wheel n' Deal|Morpeko, M|100\/100\n|turn|3\n|j| Pyos\n|\n|t:|1699114191\n|switch|p2a: PhD in Russian Lit|Vileplume, M|100\/100\n|move|p1a: Wheel n' Deal|Aura Wheel|p2a: PhD in Russian Lit\n|-resisted|p2a: PhD in Russian Lit\n|-damage|p2a: PhD in Russian Lit|82\/100\n|-boost|p1a: Wheel n' Deal|spe|1\n|\n|-heal|p2a: PhD in Russian Lit|89\/100|[from] item: Black Sludge\n|-formechange|p1a: Wheel n' Deal|Morpeko-Hangry||[from] ability: Hunger Switch\n|upkeep\n|turn|4\n|\n|t:|1699114210\n|move|p1a: Wheel n' Deal|Psychic Fangs|p2a: PhD in Russian Lit\n|-supereffective|p2a: PhD in Russian Lit\n|-damage|p2a: PhD in Russian Lit|52\/100\n|move|p2a: PhD in Russian Lit|Strength Sap|p1a: Wheel n' Deal\n|-fail|p1a: Wheel n' Deal|unboost|[from] item: Clear Amulet|[of] p1a: Wheel n' Deal\n|-heal|p2a: PhD in Russian Lit|100\/100\n|\n|-formechange|p1a: Wheel n' Deal|Morpeko||[from] ability: Hunger Switch\n|upkeep\n|turn|5\n|c|\u2606Ink0588|wait it works like that\n|c|\u2606Ink0588|huh\n|\n|t:|1699114225\n|switch|p1a: Dancin' Man|Mr. Rime, F|100\/100\n|move|p2a: PhD in Russian Lit|Moonblast|p1a: Dancin' Man\n|-crit|p1a: Dancin' Man\n|-damage|p1a: Dancin' Man|59\/100\n|\n|upkeep\n|turn|6\n|c| sonyhawkproskater|oh shit\n|\n|t:|1699114246\n|switch|p2a: Sun Tsu said that|Incineroar, F|100\/100\n|-ability|p2a: Sun Tsu said that|Intimidate|boost\n|-unboost|p1a: Dancin' Man|atk|1\n|move|p1a: Dancin' Man|Rapid Spin|p2a: Sun Tsu said that\n|-damage|p2a: Sun Tsu said that|95\/100\n|-boost|p1a: Dancin' Man|spe|1\n|\n|upkeep\n|turn|7\n|\n|t:|1699114265\n|switch|p2a: Thar can be only 1|Pinsir, F|100\/100\n|move|p1a: Dancin' Man|Focus Blast|p2a: Thar can be only 1|[miss]\n|-miss|p1a: Dancin' Man|p2a: Thar can be only 1\n|\n|upkeep\n|turn|8\n|\n|t:|1699114271\n|move|p2a: Thar can be only 1|Knock Off|p1a: Dancin' Man\n|-supereffective|p1a: Dancin' Man\n|-damage|p1a: Dancin' Man|0 fnt\n|-enditem|p1a: Dancin' Man|Heavy-Duty Boots|[from] move: Knock Off|[of] p2a: Thar can be only 1\n|faint|p1a: Dancin' Man\n|-ability|p2a: Thar can be only 1|Moxie|boost\n|-boost|p2a: Thar can be only 1|atk|1\n|\n|upkeep\n|\n|t:|1699114277\n|switch|p1a: Smashing|Minior-Violet|100\/100\n|-formechange|p1a: Smashing|Minior-Meteor||[from] ability: Shields Down\n|turn|9\n|\n|t:|1699114281\n|move|p2a: Thar can be only 1|Knock Off|p1a: Smashing\n|-damage|p1a: Smashing|37\/100\n|-enditem|p1a: Smashing|White Herb|[from] move: Knock Off|[of] p2a: Thar can be only 1\n|move|p1a: Smashing|U-turn|p2a: Thar can be only 1\n|-damage|p2a: Thar can be only 1|81\/100\n|\n|t:|1699114287\n|switch|p1a: Super Punch Out!|Hitmonchan, M|100\/100|[from] U-turn\n|\n|upkeep\n|turn|10\n|\n|t:|1699114294\n|move|p2a: Thar can be only 1|Knock Off|p1a: Super Punch Out!\n|-resisted|p1a: Super Punch Out!\n|-damage|p1a: Super Punch Out!|53\/100\n|-enditem|p1a: Super Punch Out!|Punching Glove|[from] move: Knock Off|[of] p2a: Thar can be only 1\n|move|p1a: Super Punch Out!|Rapid Spin|p2a: Thar can be only 1\n|-damage|p2a: Thar can be only 1|61\/100\n|-boost|p1a: Super Punch Out!|spe|1\n|\n|upkeep\n|turn|11\n|l| bwill243\n|\n|t:|1699114306\n|move|p2a: Thar can be only 1|Knock Off|p1a: Super Punch Out!\n|-resisted|p1a: Super Punch Out!\n|-damage|p1a: Super Punch Out!|24\/100\n|move|p1a: Super Punch Out!|Ice Punch|p2a: Thar can be only 1\n|-damage|p2a: Thar can be only 1|27\/100\n|\n|upkeep\n|turn|12\n|\n|t:|1699114311\n|move|p1a: Super Punch Out!|Mach Punch|p2a: Thar can be only 1\n|-resisted|p2a: Thar can be only 1\n|-damage|p2a: Thar can be only 1|12\/100\n|move|p2a: Thar can be only 1|Knock Off|p1a: Super Punch Out!\n|-resisted|p1a: Super Punch Out!\n|-damage|p1a: Super Punch Out!|0 fnt\n|faint|p1a: Super Punch Out!\n|-ability|p2a: Thar can be only 1|Moxie|boost\n|-boost|p2a: Thar can be only 1|atk|1\n|\n|upkeep\n|\n|t:|1699114314\n|switch|p1a: Smashing|Minior-Violet|37\/100\n|turn|13\n|\n|t:|1699114321\n|move|p2a: Thar can be only 1|Knock Off|p1a: Smashing\n|-damage|p1a: Smashing|0 fnt\n|faint|p1a: Smashing\n|-ability|p2a: Thar can be only 1|Moxie|boost\n|-boost|p2a: Thar can be only 1|atk|1\n|\n|upkeep\n|\n|t:|1699114325\n|switch|p1a: Michael Bubly|Araquanid, F|100\/100\n|turn|14\n|\n|t:|1699114327\n|move|p2a: Thar can be only 1|Knock Off|p1a: Michael Bubly\n|-damage|p1a: Michael Bubly|37\/100\n|-enditem|p1a: Michael Bubly|Leftovers|[from] move: Knock Off|[of] p2a: Thar can be only 1\n|move|p1a: Michael Bubly|Liquidation|p2a: Thar can be only 1\n|-damage|p2a: Thar can be only 1|0 fnt\n|faint|p2a: Thar can be only 1\n|\n|upkeep\n|\n|t:|1699114335\n|switch|p2a: PhD in Russian Lit|Vileplume, M|100\/100\n|turn|15\n|\n|t:|1699114339\n|move|p2a: PhD in Russian Lit|Sludge Bomb|p1a: Michael Bubly\n|-damage|p1a: Michael Bubly|11\/100\n|-status|p1a: Michael Bubly|psn\n|move|p1a: Michael Bubly|Substitute|p1a: Michael Bubly\n|-fail|p1a: Michael Bubly|move: Substitute|[weak]\n|\n|-damage|p1a: Michael Bubly|0 fnt|[from] psn\n|faint|p1a: Michael Bubly\n|upkeep\n|\n|t:|1699114342\n|switch|p1a: Wheel n' Deal|Morpeko, M|100\/100\n|turn|16\n|\n|t:|1699114349\n|move|p1a: Wheel n' Deal|Aura Wheel|p2a: PhD in Russian Lit\n|-resisted|p2a: PhD in Russian Lit\n|-damage|p2a: PhD in Russian Lit|81\/100\n|-boost|p1a: Wheel n' Deal|spe|1\n|move|p2a: PhD in Russian Lit|Moonblast|p1a: Wheel n' Deal\n|-supereffective|p1a: Wheel n' Deal\n|-damage|p1a: Wheel n' Deal|11\/100\n|\n|-heal|p2a: PhD in Russian Lit|87\/100|[from] item: Black Sludge\n|-formechange|p1a: Wheel n' Deal|Morpeko-Hangry||[from] ability: Hunger Switch\n|upkeep\n|turn|17\n|\n|t:|1699114360\n|move|p1a: Wheel n' Deal|Psychic Fangs|p2a: PhD in Russian Lit\n|-supereffective|p2a: PhD in Russian Lit\n|-damage|p2a: PhD in Russian Lit|46\/100\n|move|p2a: PhD in Russian Lit|Moonblast|p1a: Wheel n' Deal\n|-supereffective|p1a: Wheel n' Deal\n|-damage|p1a: Wheel n' Deal|0 fnt\n|faint|p1a: Wheel n' Deal\n|\n|win|0v4n\n|l| sonyhawkproskater\n|c|\u26060v4n|gg\n","uploadtime":1699114368,"views":31,"p1id":"ink0588","p2id":"0v4n","formatid":"gen9nationaldexubers","rating":0,"private":0,"password":""}