{"id":"gen9nationaldexubers-1981999651","p1":"king7025","p2":"onaerybluer","format":"[Gen 9] National Dex Ubers","log":"|j|\u2606king7025\n|j|\u2606onaerybluer\n|t:|1698958417\n|gametype|singles\n|player|p1|king7025|veteran|1350\n|player|p2|onaerybluer|bellelba|1369\n|teamsize|p1|6\n|teamsize|p2|6\n|gen|9\n|tier|[Gen 9] National Dex Ubers\n|rated|\n|rule|HP Percentage Mod: HP is shown in percentages\n|rule|Endless Battle Clause: Forcing endless battles is banned\n|rule|OHKO Clause: OHKO moves are banned\n|rule|Evasion Moves Clause: Evasion moves are banned\n|rule|Evasion Items Clause: Evasion items are banned\n|rule|Species Clause: Limit one of each Pok\u00e9mon\n|rule|Sleep Clause Mod: Limit one foe put to sleep\n|rule|Mega Rayquaza Clause: You cannot mega evolve Rayquaza\n|clearpoke\n|poke|p1|Skeledirge, F|\n|poke|p1|Nihilego|\n|poke|p1|Marshadow|\n|poke|p1|Ditto|\n|poke|p1|Calyrex-Ice|\n|poke|p1|Melmetal|\n|poke|p2|Kangaskhan, F|\n|poke|p2|Blissey, F|\n|poke|p2|Gholdengo|\n|poke|p2|Chien-Pao|\n|poke|p2|Flutter Mane|\n|poke|p2|Kingambit, F|\n|teampreview\n|inactive|Battle timer is ON: inactive players will automatically lose when time's up. (requested by onaerybluer)\n|\n|t:|1698958437\n|start\n|switch|p1a: Skeledirge|Skeledirge, F|100\/100\n|switch|p2a: Gholdengo|Gholdengo|100\/100\n|turn|1\n|\n|t:|1698958445\n|-terastallize|p1a: Skeledirge|Fairy\n|move|p2a: Gholdengo|Trick|p1a: Skeledirge\n|-activate|p2a: Gholdengo|move: Trick|[of] p1a: Skeledirge\n|-item|p1a: Skeledirge|Choice Scarf|[from] move: Trick\n|-item|p2a: Gholdengo|Heavy-Duty Boots|[from] move: Trick\n|move|p1a: Skeledirge|Torch Song|p2a: Gholdengo\n|-supereffective|p2a: Gholdengo\n|-damage|p2a: Gholdengo|27\/100\n|-boost|p1a: Skeledirge|spa|1\n|\n|upkeep\n|turn|2\n|\n|t:|1698958455\n|move|p2a: Gholdengo|Make It Rain|p1a: Skeledirge\n|-supereffective|p1a: Skeledirge\n|-damage|p1a: Skeledirge|2\/100\n|-unboost|p2a: Gholdengo|spa|1\n|move|p1a: Skeledirge|Torch Song|p2a: Gholdengo\n|-supereffective|p2a: Gholdengo\n|-damage|p2a: Gholdengo|0 fnt\n|-boost|p1a: Skeledirge|spa|1\n|faint|p2a: Gholdengo\n|\n|upkeep\n|\n|t:|1698958465\n|switch|p2a: Kangaskhan|Kangaskhan, F|100\/100\n|turn|3\n|\n|t:|1698958473\n|move|p2a: Kangaskhan|Fake Out|p1a: Skeledirge\n|-damage|p1a: Skeledirge|0 fnt\n|faint|p1a: Skeledirge\n|\n|upkeep\n|\n|t:|1698958486\n|switch|p1a: Marshadow|Marshadow|100\/100\n|turn|4\n|\n|t:|1698958489\n|detailschange|p2a: Kangaskhan|Kangaskhan-Mega, F\n|-mega|p2a: Kangaskhan|Kangaskhan|Kangaskhanite\n|move|p1a: Marshadow|Low Kick|p2a: Kangaskhan\n|-supereffective|p2a: Kangaskhan\n|-damage|p2a: Kangaskhan|1\/100\n|move|p2a: Kangaskhan|Shadow Claw|p1a: Marshadow\n|-supereffective|p1a: Marshadow\n|-damage|p1a: Marshadow|47\/100\n|-supereffective|p1a: Marshadow\n|-damage|p1a: Marshadow|32\/100\n|-hitcount|p1a: Marshadow|2\n|\n|upkeep\n|turn|5\n|\n|t:|1698958499\n|move|p1a: Marshadow|Low Kick|p2a: Kangaskhan\n|-supereffective|p2a: Kangaskhan\n|-damage|p2a: Kangaskhan|0 fnt\n|faint|p2a: Kangaskhan\n|\n|upkeep\n|\n|t:|1698958504\n|switch|p2a: Flutter Mane|Flutter Mane|100\/100\n|turn|6\n|\n|t:|1698958514\n|move|p2a: Flutter Mane|Shadow Ball|p1a: Marshadow\n|-supereffective|p1a: Marshadow\n|-damage|p1a: Marshadow|0 fnt\n|faint|p1a: Marshadow\n|\n|upkeep\n|\n|t:|1698958525\n|switch|p1a: Ditto|Ditto, shiny|100\/100\n|-transform|p1a: Ditto|p2a: Flutter Mane|[from] ability: Imposter\n|turn|7\n|\n|t:|1698958532\n|-end|p2a: Flutter Mane|Protosynthesis|[silent]\n|switch|p2a: Blissey|Blissey, F|100\/100\n|move|p1a: Ditto|Shadow Ball|p2a: Blissey\n|-immune|p2a: Blissey\n|\n|upkeep\n|turn|8\n|\n|t:|1698958544\n|-end|p1a: Ditto|Protosynthesis|[silent]\n|switch|p1a: Melmetal|Melmetal|100\/100\n|move|p2a: Blissey|Thunder Wave|p1a: Melmetal\n|-status|p1a: Melmetal|par\n|\n|upkeep\n|turn|9\n|\n|t:|1698958551\n|move|p2a: Blissey|Stealth Rock|p1a: Melmetal\n|-sidestart|p1: king7025|move: Stealth Rock\n|move|p1a: Melmetal|Double Iron Bash|p2a: Blissey\n|-damage|p2a: Blissey|31\/100\n|-damage|p2a: Blissey|0 fnt\n|faint|p2a: Blissey\n|-hitcount|p2: Blissey|2\n|\n|upkeep\n|\n|t:|1698958556\n|switch|p2a: Chien-Pao|Chien-Pao|100\/100\n|-ability|p2a: Chien-Pao|Sword of Ruin\n|turn|10\n|\n|t:|1698958563\n|move|p2a: Chien-Pao|Sacred Sword|p1a: Melmetal\n|-supereffective|p1a: Melmetal\n|-damage|p1a: Melmetal|41\/100 par\n|move|p1a: Melmetal|Double Iron Bash|p2a: Chien-Pao\n|-supereffective|p2a: Chien-Pao\n|-damage|p2a: Chien-Pao|0 fnt\n|faint|p2a: Chien-Pao\n|-hitcount|p2: Chien-Pao|1\n|\n|upkeep\n|\n|t:|1698958574\n|switch|p2a: Kingambit|Kingambit, F|100\/100\n|-activate|p2a: Kingambit|ability: Supreme Overlord\n|-start|p2a: Kingambit|fallen4|[silent]\n|turn|11\n|\n|t:|1698958580\n|move|p2a: Kingambit|Kowtow Cleave|p1a: Melmetal\n|-damage|p1a: Melmetal|5\/100 par\n|move|p1a: Melmetal|Double Iron Bash|p2a: Kingambit\n|-resisted|p2a: Kingambit\n|-damage|p2a: Kingambit|78\/100\n|-resisted|p2a: Kingambit\n|-damage|p2a: Kingambit|52\/100\n|-hitcount|p2a: Kingambit|2\n|\n|-heal|p2a: Kingambit|58\/100|[from] item: Leftovers\n|upkeep\n|turn|12\n|\n|t:|1698958590\n|move|p2a: Kingambit|Protect|p2a: Kingambit\n|-singleturn|p2a: Kingambit|Protect\n|cant|p1a: Melmetal|par\n|\n|-heal|p2a: Kingambit|65\/100|[from] item: Leftovers\n|upkeep\n|turn|13\n|\n|t:|1698958598\n|move|p2a: Kingambit|Kowtow Cleave|p1a: Melmetal\n|-damage|p1a: Melmetal|0 fnt\n|faint|p1a: Melmetal\n|\n|-heal|p2a: Kingambit|71\/100|[from] item: Leftovers\n|upkeep\n|\n|t:|1698958620\n|switch|p1a: Nihilego|Nihilego|100\/100\n|-damage|p1a: Nihilego|88\/100|[from] Stealth Rock\n|turn|14\n|\n|t:|1698958625\n|move|p1a: Nihilego|Meteor Beam||[still]\n|-prepare|p1a: Nihilego|Meteor Beam\n|-boost|p1a: Nihilego|spa|1\n|-enditem|p1a: Nihilego|Power Herb\n|-anim|p1a: Nihilego|Meteor Beam|p2a: Kingambit\n|-resisted|p2a: Kingambit\n|-damage|p2a: Kingambit|23\/100\n|move|p2a: Kingambit|Iron Head|p1a: Nihilego\n|-supereffective|p1a: Nihilego\n|-damage|p1a: Nihilego|0 fnt\n|faint|p1a: Nihilego\n|\n|-heal|p2a: Kingambit|29\/100|[from] item: Leftovers\n|upkeep\n|\n|t:|1698958638\n|switch|p1a: Calyrex|Calyrex-Ice|100\/100\n|-ability|p1a: Calyrex|As One\n|-ability|p1a: Calyrex|Unnerve\n|-damage|p1a: Calyrex|76\/100|[from] Stealth Rock\n|turn|15\n|\n|t:|1698958645\n|move|p2a: Kingambit|Protect|p2a: Kingambit\n|-singleturn|p2a: Kingambit|Protect\n|move|p1a: Calyrex|Trick Room|p1a: Calyrex\n|-fieldstart|move: Trick Room|[of] p1a: Calyrex\n|\n|-heal|p2a: Kingambit|35\/100|[from] item: Leftovers\n|upkeep\n|turn|16\n|\n|t:|1698958652\n|-terastallize|p2a: Kingambit|Dark\n|move|p2a: Kingambit|Sucker Punch|p1a: Calyrex\n|-supereffective|p1a: Calyrex\n|-damage|p1a: Calyrex|0 fnt\n|faint|p1a: Calyrex\n|\n|-heal|p2a: Kingambit|41\/100|[from] item: Leftovers\n|upkeep\n|\n|t:|1698958660\n|switch|p1a: Ditto|Ditto, shiny|100\/100\n|-damage|p1a: Ditto|88\/100|[from] Stealth Rock\n|-transform|p1a: Ditto|p2a: Kingambit|[from] ability: Imposter\n|-activate|p1a: Ditto|ability: Supreme Overlord\n|-start|p1a: Ditto|fallen5|[silent]\n|-start|p1a: Ditto|typechange|Dark\/Steel|[silent]\n|turn|17\n|\n|t:|1698958669\n|move|p2a: Kingambit|Protect|p2a: Kingambit\n|-singleturn|p2a: Kingambit|Protect\n|move|p1a: Ditto|Sucker Punch||[still]\n|-fail|p1a: Ditto\n|\n|-heal|p2a: Kingambit|48\/100|[from] item: Leftovers\n|upkeep\n|turn|18\n|\n|t:|1698958677\n|move|p2a: Kingambit|Protect||[still]\n|-fail|p2a: Kingambit\n|move|p1a: Ditto|Sucker Punch||[still]\n|-fail|p1a: Ditto\n|\n|-heal|p2a: Kingambit|54\/100|[from] item: Leftovers\n|upkeep\n|turn|19\n|\n|t:|1698958689\n|move|p2a: Kingambit|Protect|p2a: Kingambit\n|-singleturn|p2a: Kingambit|Protect\n|move|p1a: Ditto|Sucker Punch||[still]\n|-fail|p1a: Ditto\n|\n|-heal|p2a: Kingambit|60\/100|[from] item: Leftovers\n|-fieldend|move: Trick Room\n|upkeep\n|turn|20\n|\n|t:|1698958698\n|move|p2a: Kingambit|Protect||[still]\n|-fail|p2a: Kingambit\n|move|p1a: Ditto|Sucker Punch||[still]\n|-fail|p1a: Ditto\n|\n|-heal|p2a: Kingambit|66\/100|[from] item: Leftovers\n|upkeep\n|turn|21\n|\n|t:|1698958707\n|move|p2a: Kingambit|Protect|p2a: Kingambit\n|-singleturn|p2a: Kingambit|Protect\n|move|p1a: Ditto|Sucker Punch||[still]\n|-fail|p1a: Ditto\n|\n|-heal|p2a: Kingambit|72\/100|[from] item: Leftovers\n|upkeep\n|turn|22\n|\n|t:|1698958715\n|-activate|p1a: Ditto|move: Struggle\n|move|p1a: Ditto|Struggle|p2a: Kingambit\n|-damage|p2a: Kingambit|50\/100\n|-damage|p1a: Ditto|63\/100|[from] recoil\n|move|p2a: Kingambit|Kowtow Cleave|p1a: Ditto\n|-resisted|p1a: Ditto\n|-damage|p1a: Ditto|15\/100\n|\n|-heal|p2a: Kingambit|56\/100|[from] item: Leftovers\n|upkeep\n|turn|23\n|\n|t:|1698958726\n|-activate|p1a: Ditto|move: Struggle\n|move|p1a: Ditto|Struggle|p2a: Kingambit\n|-damage|p2a: Kingambit|36\/100\n|-damage|p1a: Ditto|0 fnt|[from] recoil\n|faint|p1a: Ditto\n|-end|p1a: Ditto|fallen5|[silent]\n|\n|win|onaerybluer\n|raw|king7025's rating: 1350 &rarr; <strong>1331<\/strong><br \/>(-19 for losing)\n|raw|onaerybluer's rating: 1369 &rarr; <strong>1388<\/strong><br \/>(+19 for winning)\n","uploadtime":1698958730,"views":7,"p1id":"king7025","p2id":"onaerybluer","formatid":"gen9nationaldexubers","rating":1331,"private":0,"password":""}