{"id":"gen9nationaldexubers-1990251163","p1":"AnomalousBeing","p2":"Smurf_PJ","format":"[Gen 9] National Dex Ubers","log":"|j|\u2606AnomalousBeing\n|j|\u2606Smurf_PJ\n|t:|1699944749\n|gametype|singles\n|player|p1|AnomalousBeing|ethan|1126\n|player|p2|Smurf_PJ|n|1037\n|teamsize|p1|6\n|teamsize|p2|6\n|gen|9\n|tier|[Gen 9] National Dex Ubers\n|rated|\n|rule|HP Percentage Mod: HP is shown in percentages\n|rule|Endless Battle Clause: Forcing endless battles is banned\n|rule|OHKO Clause: OHKO moves are banned\n|rule|Evasion Moves Clause: Evasion moves are banned\n|rule|Evasion Items Clause: Evasion items are banned\n|rule|Species Clause: Limit one of each Pok\u00e9mon\n|rule|Sleep Clause Mod: Limit one foe put to sleep\n|rule|Mega Rayquaza Clause: You cannot mega evolve Rayquaza\n|clearpoke\n|poke|p1|Darmanitan-Galar, M|\n|poke|p1|Ribombee, F|\n|poke|p1|Spectrier|\n|poke|p1|Groudon|\n|poke|p1|Gholdengo|\n|poke|p1|Deoxys-Attack|\n|poke|p2|Skarmory, M|\n|poke|p2|Scolipede, F|\n|poke|p2|Shuckle, M|\n|poke|p2|Smeargle, M|\n|poke|p2|Murkrow, M|\n|poke|p2|Forretress, M|\n|teampreview\n|inactive|Battle timer is ON: inactive players will automatically lose when time's up. (requested by Smurf_PJ)\n|\n|t:|1699944769\n|start\n|switch|p1a: Frosticuffs|Darmanitan-Galar, M|100\/100\n|switch|p2a: Shuckle|Shuckle, M|100\/100\n|turn|1\n|\n|t:|1699944781\n|move|p1a: Frosticuffs|Earthquake|p2a: Shuckle\n|-damage|p2a: Shuckle|42\/100\n|move|p2a: Shuckle|Sticky Web|p1a: Frosticuffs\n|-sidestart|p1: AnomalousBeing|move: Sticky Web\n|\n|upkeep\n|turn|2\n|\n|t:|1699944788\n|switch|p1a: Bombee|Ribombee, F, shiny|100\/100\n|-activate|p1a: Bombee|move: Sticky Web\n|-unboost|p1a: Bombee|spe|1\n|move|p2a: Shuckle|Stealth Rock|p1a: Bombee\n|-sidestart|p1: AnomalousBeing|move: Stealth Rock\n|\n|upkeep\n|turn|3\n|\n|t:|1699944797\n|move|p1a: Bombee|Sticky Web|p2a: Shuckle\n|-sidestart|p2: Smurf_PJ|move: Sticky Web\n|move|p2a: Shuckle|Toxic|p1a: Bombee|[miss]\n|-miss|p2a: Shuckle|p1a: Bombee\n|\n|upkeep\n|turn|4\n|\n|t:|1699944804\n|move|p1a: Bombee|Stun Spore|p2a: Shuckle\n|-status|p2a: Shuckle|par\n|move|p2a: Shuckle|Toxic|p1a: Bombee\n|-status|p1a: Bombee|tox\n|\n|-damage|p1a: Bombee|94\/100 tox|[from] psn\n|upkeep\n|turn|5\n|\n|t:|1699944817\n|move|p1a: Bombee|Draining Kiss|p2a: Shuckle\n|-damage|p2a: Shuckle|32\/100 par\n|-heal|p1a: Bombee|99\/100 tox|[from] drain|[of] p2a: Shuckle\n|cant|p2a: Shuckle|par\n|\n|-damage|p1a: Bombee|88\/100 tox|[from] psn\n|upkeep\n|turn|6\n|\n|t:|1699944825\n|move|p1a: Bombee|Draining Kiss|p2a: Shuckle\n|-damage|p2a: Shuckle|22\/100 par\n|-heal|p1a: Bombee|93\/100 tox|[from] drain|[of] p2a: Shuckle\n|move|p2a: Shuckle|Infestation|p1a: Bombee\n|-resisted|p1a: Bombee\n|-damage|p1a: Bombee|92\/100 tox\n|-activate|p1a: Bombee|move: Infestation|[of] p2a: Shuckle\n|\n|-damage|p1a: Bombee|74\/100 tox|[from] psn\n|-damage|p1a: Bombee|61\/100 tox|[from] move: Infestation|[partiallytrapped]\n|upkeep\n|turn|7\n|\n|t:|1699944835\n|move|p1a: Bombee|Draining Kiss|p2a: Shuckle\n|-damage|p2a: Shuckle|11\/100 par\n|-heal|p1a: Bombee|67\/100 tox|[from] drain|[of] p2a: Shuckle\n|cant|p2a: Shuckle|par\n|\n|-damage|p1a: Bombee|43\/100 tox|[from] psn\n|-damage|p1a: Bombee|30\/100 tox|[from] move: Infestation|[partiallytrapped]\n|upkeep\n|turn|8\n|\n|t:|1699944844\n|move|p1a: Bombee|Draining Kiss|p2a: Shuckle\n|-damage|p2a: Shuckle|1\/100 par\n|-heal|p1a: Bombee|36\/100 tox|[from] drain|[of] p2a: Shuckle\n|cant|p2a: Shuckle|par\n|\n|-damage|p1a: Bombee|5\/100 tox|[from] psn\n|-damage|p1a: Bombee|0 fnt|[from] move: Infestation|[partiallytrapped]\n|faint|p1a: Bombee\n|upkeep\n|\n|t:|1699944869\n|switch|p1a: Mandala|Groudon, shiny|100\/100\n|-activate|p1a: Mandala|move: Sticky Web\n|-unboost|p1a: Mandala|spe|1\n|-damage|p1a: Mandala|94\/100|[from] Stealth Rock\n|detailschange|p1a: Mandala|Groudon-Primal, shiny\n|-primal|p1a: Mandala|Red Orb\n|-weather|DesolateLand|[from] ability: Desolate Land|[of] p1a: Mandala\n|turn|9\n|\n|t:|1699944881\n|move|p1a: Mandala|Stealth Rock|p2a: Shuckle\n|-sidestart|p2: Smurf_PJ|move: Stealth Rock\n|move|p2a: Shuckle|Toxic|p1a: Mandala\n|-status|p1a: Mandala|tox\n|\n|-weather|DesolateLand|[upkeep]\n|-damage|p1a: Mandala|88\/100 tox|[from] psn\n|upkeep\n|turn|10\n|\n|t:|1699944893\n|move|p1a: Mandala|Lava Plume|p2a: Shuckle\n|-damage|p2a: Shuckle|0 fnt\n|faint|p2a: Shuckle\n|\n|-weather|DesolateLand|[upkeep]\n|-damage|p1a: Mandala|76\/100 tox|[from] psn\n|upkeep\n|inactive|Smurf_PJ has 120 seconds left.\n|\n|t:|1699944927\n|switch|p2a: Forretress|Forretress, M|100\/100\n|-activate|p2a: Forretress|move: Sticky Web\n|-unboost|p2a: Forretress|spe|1\n|-damage|p2a: Forretress|88\/100|[from] Stealth Rock\n|turn|11\n|inactive|Smurf_PJ has 120 seconds left.\n|\n|t:|1699944946\n|-terastallize|p2a: Forretress|Water\n|move|p1a: Mandala|Solar Beam||[still]\n|-prepare|p1a: Mandala|Solar Beam\n|-anim|p1a: Mandala|Solar Beam|p2a: Forretress\n|-supereffective|p2a: Forretress\n|-damage|p2a: Forretress|0 fnt\n|faint|p2a: Forretress\n|\n|-weather|DesolateLand|[upkeep]\n|-damage|p1a: Mandala|57\/100 tox|[from] psn\n|upkeep\n|\n|t:|1699944954\n|switch|p2a: Smeargle|Smeargle, M|100\/100\n|-activate|p2a: Smeargle|move: Sticky Web\n|-unboost|p2a: Smeargle|spe|1\n|-damage|p2a: Smeargle|88\/100|[from] Stealth Rock\n|turn|12\n|c|\u2606AnomalousBeing|that was very predictable\n|\n|t:|1699944964\n|move|p2a: Smeargle|Protect|p2a: Smeargle\n|-singleturn|p2a: Smeargle|Protect\n|move|p1a: Mandala|Lava Plume|p2a: Smeargle\n|-activate|p2a: Smeargle|move: Protect\n|\n|-weather|DesolateLand|[upkeep]\n|-heal|p2a: Smeargle|94\/100|[from] item: Leftovers\n|-damage|p1a: Mandala|33\/100 tox|[from] psn\n|-ability|p2a: Smeargle|Moody|boost\n|-boost|p2a: Smeargle|atk|2\n|-unboost|p2a: Smeargle|spe|1\n|upkeep\n|turn|13\n|inactive|Smurf_PJ has 120 seconds left.\n|\n|t:|1699944979\n|switch|p2a: Murkrow|Murkrow, M|100\/100\n|-damage|p2a: Murkrow|75\/100|[from] Stealth Rock\n|move|p1a: Mandala|Lava Plume|p2a: Murkrow\n|-damage|p2a: Murkrow|0 fnt\n|faint|p2a: Murkrow\n|\n|-weather|DesolateLand|[upkeep]\n|-damage|p1a: Mandala|2\/100 tox|[from] psn\n|upkeep\n|\n|t:|1699944988\n|switch|p2a: Smeargle|Smeargle, M|94\/100\n|-activate|p2a: Smeargle|move: Sticky Web\n|-unboost|p2a: Smeargle|spe|1\n|-damage|p2a: Smeargle|82\/100|[from] Stealth Rock\n|turn|14\n|\n|t:|1699945001\n|-weather|none\n|switch|p1a: Frosticuffs|Darmanitan-Galar, M|100\/100\n|-activate|p1a: Frosticuffs|move: Sticky Web\n|-unboost|p1a: Frosticuffs|spe|1\n|-damage|p1a: Frosticuffs|76\/100|[from] Stealth Rock\n|move|p2a: Smeargle|Protect||[still]\n|-fail|p2a: Smeargle\n|\n|-heal|p2a: Smeargle|88\/100|[from] item: Leftovers\n|-ability|p2a: Smeargle|Moody|boost\n|-boost|p2a: Smeargle|spd|2\n|-unboost|p2a: Smeargle|atk|1\n|upkeep\n|turn|15\n|inactive|Smurf_PJ has 120 seconds left.\n|\n|t:|1699945017\n|move|p2a: Smeargle|Protect|p2a: Smeargle\n|-singleturn|p2a: Smeargle|Protect\n|move|p1a: Frosticuffs|Fire Punch|p2a: Smeargle\n|-activate|p2a: Smeargle|move: Protect\n|\n|-heal|p2a: Smeargle|94\/100|[from] item: Leftovers\n|-ability|p2a: Smeargle|Moody|boost\n|-boost|p2a: Smeargle|spa|2\n|-unboost|p2a: Smeargle|def|1\n|upkeep\n|turn|16\n|inactive|Smurf_PJ has 120 seconds left.\n|\n|t:|1699945031\n|move|p1a: Frosticuffs|Fire Punch|p2a: Smeargle\n|-damage|p2a: Smeargle|0 fnt\n|faint|p2a: Smeargle\n|\n|upkeep\n|-message|Smurf_PJ forfeited.\n|\n|win|AnomalousBeing\n|raw|AnomalousBeing's rating: 1126 &rarr; <strong>1145<\/strong><br \/>(+19 for winning)\n|raw|Smurf_PJ's rating: 1037 &rarr; <strong>1025<\/strong><br \/>(-12 for losing)\n|l|\u2606Smurf_PJ\n","uploadtime":1699945040,"views":7,"p1id":"anomalousbeing","p2id":"smurfpj","formatid":"gen9nationaldexubers","rating":1025,"private":0,"password":""}