{"id":"gen9nationaldexubers-1984447850","p1":"vexolos","p2":"ShedinjaIsFunnyBug","format":"[Gen 9] National Dex Ubers","log":"|j|\u2606vexolos\n|j|\u2606ShedinjaIsFunnyBug\n|t:|1699265314\n|gametype|singles\n|player|p1|vexolos|265|\n|player|p2|ShedinjaIsFunnyBug|2|\n|teamsize|p1|6\n|teamsize|p2|6\n|gen|9\n|tier|[Gen 9] National Dex Ubers\n|rule|HP Percentage Mod: HP is shown in percentages\n|rule|Endless Battle Clause: Forcing endless battles is banned\n|rule|OHKO Clause: OHKO moves are banned\n|rule|Evasion Moves Clause: Evasion moves are banned\n|rule|Evasion Items Clause: Evasion items are banned\n|rule|Species Clause: Limit one of each Pok\u00e9mon\n|rule|Sleep Clause Mod: Limit one foe put to sleep\n|rule|Mega Rayquaza Clause: You cannot mega evolve Rayquaza\n|clearpoke\n|poke|p1|Arceus|\n|poke|p1|Chi-Yu|\n|poke|p1|Rayquaza|\n|poke|p1|Necrozma-Dusk-Mane|\n|poke|p1|Aron, L1, M|\n|poke|p1|Eternatus|\n|poke|p2|Calyrex-Ice|\n|poke|p2|Arceus|\n|poke|p2|Rayquaza|\n|poke|p2|Lunala|\n|poke|p2|Melmetal|\n|poke|p2|Kyogre|\n|teampreview\n|\n|t:|1699265330\n|start\n|switch|p1a: Eternatus|Eternatus|100\/100\n|switch|p2a: Rayquaza|Rayquaza|100\/100\n|-ability|p1a: Eternatus|Pressure\n|-ability|p2a: Rayquaza|Air Lock\n|turn|1\n|\n|t:|1699265341\n|move|p1a: Eternatus|Cosmic Power|p1a: Eternatus\n|-boost|p1a: Eternatus|def|1\n|-boost|p1a: Eternatus|spd|1\n|move|p2a: Rayquaza|Stealth Rock|p1a: Eternatus\n|-sidestart|p1: vexolos|move: Stealth Rock\n|\n|upkeep\n|turn|2\n|\n|t:|1699265349\n|switch|p2a: Calyrex|Calyrex-Ice|100\/100\n|-ability|p2a: Calyrex|As One\n|-ability|p2a: Calyrex|Unnerve\n|move|p1a: Eternatus|Cosmic Power|p1a: Eternatus\n|-boost|p1a: Eternatus|def|1\n|-boost|p1a: Eternatus|spd|1\n|\n|upkeep\n|turn|3\n|c|\u2606vexolos|!weakness poison\n|c| vexolos|\/raw <div class=\"infobox\">Poison:<br \/><span class=\"message-effect-weak\">Weaknesses<\/span>: Ground, Psychic<br \/><span class=\"message-effect-resist\">Resistances<\/span>: Bug, Fairy, Fighting, Grass, Poison<br \/><span class=\"message-effect-immune\">Immunities<\/span>: Toxic<\/div>\n|\n|t:|1699265367\n|-terastallize|p1a: Eternatus|Poison\n|move|p1a: Eternatus|Cosmic Power|p1a: Eternatus\n|-boost|p1a: Eternatus|def|1\n|-boost|p1a: Eternatus|spd|1\n|move|p2a: Calyrex|Trick|p1a: Eternatus\n|-activate|p2a: Calyrex|move: Trick|[of] p1a: Eternatus\n|-item|p1a: Eternatus|Choice Band|[from] move: Trick\n|-item|p2a: Calyrex|Black Sludge|[from] move: Trick\n|\n|-damage|p2a: Calyrex|88\/100|[from] item: Black Sludge\n|upkeep\n|turn|4\n|\n|t:|1699265391\n|switch|p2a: Rayquaza|Rayquaza|100\/100\n|-ability|p2a: Rayquaza|Air Lock\n|move|p1a: Eternatus|Dynamax Cannon|p2a: Rayquaza\n|-supereffective|p2a: Rayquaza\n|-enditem|p2a: Rayquaza|Focus Sash\n|-damage|p2a: Rayquaza|1\/100\n|\n|upkeep\n|turn|5\n|\n|t:|1699265400\n|move|p1a: Eternatus|Dynamax Cannon|p2a: Rayquaza\n|-supereffective|p2a: Rayquaza\n|-damage|p2a: Rayquaza|0 fnt\n|faint|p2a: Rayquaza\n|\n|upkeep\n|\n|t:|1699265413\n|switch|p2a: Arceus|Arceus|100\/100\n|turn|6\n|\n|t:|1699265417\n|move|p1a: Eternatus|Dynamax Cannon|p2a: Arceus\n|-damage|p2a: Arceus|71\/100\n|move|p2a: Arceus|Trick Room|p2a: Arceus\n|-fieldstart|move: Trick Room|[of] p2a: Arceus\n|\n|upkeep\n|turn|7\n|\n|t:|1699265427\n|move|p2a: Arceus|Snarl|p1a: Eternatus\n|-damage|p1a: Eternatus|96\/100\n|-unboost|p1a: Eternatus|spa|1\n|move|p1a: Eternatus|Dynamax Cannon|p2a: Arceus\n|-damage|p2a: Arceus|51\/100\n|\n|upkeep\n|turn|8\n|\n|t:|1699265435\n|move|p2a: Arceus|Snarl|p1a: Eternatus\n|-damage|p1a: Eternatus|92\/100\n|-unboost|p1a: Eternatus|spa|1\n|move|p1a: Eternatus|Dynamax Cannon|p2a: Arceus\n|-damage|p2a: Arceus|35\/100\n|\n|upkeep\n|turn|9\n|\n|t:|1699265442\n|move|p2a: Arceus|Snarl|p1a: Eternatus\n|-damage|p1a: Eternatus|88\/100\n|-unboost|p1a: Eternatus|spa|1\n|move|p1a: Eternatus|Dynamax Cannon|p2a: Arceus\n|-damage|p2a: Arceus|23\/100\n|\n|upkeep\n|turn|10\n|\n|t:|1699265452\n|move|p1a: Eternatus|Dynamax Cannon|p2a: Arceus\n|-damage|p2a: Arceus|11\/100\n|move|p2a: Arceus|Trick Room|p2a: Arceus\n|-fieldend|move: Trick Room\n|\n|upkeep\n|turn|11\n|c|\u2606vexolos|Do you like my ETERNATUS!?\n|\n|t:|1699265458\n|move|p1a: Eternatus|Dynamax Cannon|p2a: Arceus\n|-damage|p2a: Arceus|0 fnt\n|faint|p2a: Arceus\n|\n|upkeep\n|\n|t:|1699265463\n|switch|p2a: Calyrex|Calyrex-Ice|88\/100\n|-ability|p2a: Calyrex|As One\n|-ability|p2a: Calyrex|Unnerve\n|turn|12\n|\n|t:|1699265481\n|-terastallize|p2a: Calyrex|Ice\n|-activate|p1a: Eternatus|move: Struggle\n|move|p1a: Eternatus|Struggle|p2a: Calyrex\n|-damage|p2a: Calyrex|79\/100\n|-damage|p1a: Eternatus|63\/100|[from] recoil\n|move|p2a: Calyrex|Glacial Lance|p1a: Eternatus\n|-damage|p1a: Eternatus|32\/100\n|\n|-damage|p2a: Calyrex|67\/100|[from] item: Black Sludge\n|upkeep\n|turn|13\n|\n|t:|1699265490\n|switch|p2a: Lunala|Lunala|100\/100\n|-activate|p1a: Eternatus|move: Struggle\n|move|p1a: Eternatus|Struggle|p2a: Lunala\n|-damage|p2a: Lunala|97\/100\n|-damage|p1a: Eternatus|7\/100|[from] recoil\n|\n|upkeep\n|turn|14\n|\n|t:|1699265504\n|-activate|p1a: Eternatus|move: Struggle\n|move|p1a: Eternatus|Struggle|p2a: Lunala\n|-damage|p2a: Lunala|89\/100\n|-damage|p1a: Eternatus|0 fnt|[from] recoil\n|faint|p1a: Eternatus\n|move|p2a: Lunala|Trick Room|p2a: Lunala\n|-fieldstart|move: Trick Room|[of] p2a: Lunala\n|\n|upkeep\n|\n|t:|1699265521\n|switch|p1a: Chi-Yu|Chi-Yu|100\/100\n|-damage|p1a: Chi-Yu|76\/100|[from] Stealth Rock\n|-ability|p1a: Chi-Yu|Beads of Ruin\n|turn|15\n|\n|t:|1699265528\n|switch|p2a: Kyogre|Kyogre|100\/100\n|detailschange|p2a: Kyogre|Kyogre-Primal\n|-primal|p2a: Kyogre|Blue Orb\n|-weather|PrimordialSea|[from] ability: Primordial Sea|[of] p2a: Kyogre\n|move|p1a: Chi-Yu|Nasty Plot|p1a: Chi-Yu\n|-boost|p1a: Chi-Yu|spa|2\n|\n|-weather|PrimordialSea|[upkeep]\n|upkeep\n|turn|16\n|\n|t:|1699265544\n|move|p2a: Kyogre|Water Spout|p1a: Chi-Yu\n|-supereffective|p1a: Chi-Yu\n|-damage|p1a: Chi-Yu|0 fnt\n|faint|p1a: Chi-Yu\n|\n|-weather|PrimordialSea|[upkeep]\n|upkeep\n|c|\u2606ShedinjaIsFunnyBug|Like my trick room?\n|\n|t:|1699265563\n|switch|p1a: Rayquaza|Rayquaza|100\/100\n|-damage|p1a: Rayquaza|76\/100|[from] Stealth Rock\n|-ability|p1a: Rayquaza|Air Lock\n|turn|17\n|c|\u2606ShedinjaIsFunnyBug|Also funny etern but I was prepared\n|\n|t:|1699265574\n|move|p2a: Kyogre|Ice Beam|p1a: Rayquaza\n|-supereffective|p1a: Rayquaza\n|-damage|p1a: Rayquaza|0 fnt\n|faint|p1a: Rayquaza\n|\n|-weather|PrimordialSea|[upkeep]\n|upkeep\n|c|\u2606vexolos|fock\n|\n|t:|1699265583\n|switch|p1a: Necrozma|Necrozma-Dusk-Mane, shiny|100\/100\n|-damage|p1a: Necrozma|94\/100|[from] Stealth Rock\n|turn|18\n|c|\u2606ShedinjaIsFunnyBug|Nice try ;p\n|\n|t:|1699265596\n|move|p2a: Kyogre|Water Spout|p1a: Necrozma\n|-damage|p1a: Necrozma|0 fnt\n|faint|p1a: Necrozma\n|\n|-weather|PrimordialSea|[upkeep]\n|-fieldend|move: Trick Room\n|upkeep\n|\n|t:|1699265602\n|switch|p1a: Arceus|Arceus|100\/100\n|-damage|p1a: Arceus|88\/100|[from] Stealth Rock\n|turn|19\n|\n|t:|1699265612\n|move|p1a: Arceus|Extreme Speed|p2a: Kyogre\n|-damage|p2a: Kyogre|54\/100\n|-damage|p1a: Arceus|78\/100|[from] item: Life Orb\n|move|p2a: Kyogre|Surf|p1a: Arceus\n|-damage|p1a: Arceus|0 fnt\n|faint|p1a: Arceus\n|\n|-weather|PrimordialSea|[upkeep]\n|upkeep\n|\n|t:|1699265619\n|switch|p1a: GOD|Aron, L1, M, shiny|100\/100\n|-damage|p1a: GOD|92\/100|[from] Stealth Rock\n|turn|20\n|\n|t:|1699265627\n|move|p2a: Kyogre|Surf|p1a: GOD\n|-supereffective|p1a: GOD\n|-damage|p1a: GOD|0 fnt\n|faint|p1a: GOD\n|\n|win|ShedinjaIsFunnyBug\n|c|\u2606vexolos|what\n|c|\u2606vexolos|protect has priority\n|c|\u2606vexolos|tf\n|c|\u2606ShedinjaIsFunnyBug|You didn't even click it\n|c|\u2606ShedinjaIsFunnyBug|And it wouldn't have mattered\n|c|\u2606vexolos|i did\n|c|\u2606vexolos|tf protect\n|c|\u2606vexolos|scammed me fr\n|c|\u2606vexolos|gg bye\n|l|\u2606vexolos\n","uploadtime":1699265669,"views":6,"p1id":"vexolos","p2id":"shedinjaisfunnybug","formatid":"gen9nationaldexubers","rating":0,"private":0,"password":""}