{"id":"gen9nationaldexubers-1988806456","p1":"TheShinyBisharp360","p2":"AceTheInadequate","format":"[Gen 9] National Dex Ubers","log":"|j|\u2606TheShinyBisharp360\n|j|\u2606AceTheInadequate\n|t:|1699765877\n|gametype|singles\n|player|p1|TheShinyBisharp360|lucas|\n|player|p2|AceTheInadequate|guitarist|\n|teamsize|p1|6\n|teamsize|p2|6\n|gen|9\n|tier|[Gen 9] National Dex Ubers\n|rule|HP Percentage Mod: HP is shown in percentages\n|rule|Endless Battle Clause: Forcing endless battles is banned\n|rule|OHKO Clause: OHKO moves are banned\n|rule|Evasion Moves Clause: Evasion moves are banned\n|rule|Evasion Items Clause: Evasion items are banned\n|rule|Species Clause: Limit one of each Pok\u00e9mon\n|rule|Sleep Clause Mod: Limit one foe put to sleep\n|rule|Mega Rayquaza Clause: You cannot mega evolve Rayquaza\n|clearpoke\n|poke|p1|Baxcalibur, M|\n|poke|p1|Darmanitan-Galar, F|\n|poke|p1|Iron Bundle|\n|poke|p1|Mamoswine, F|\n|poke|p1|Avalugg-Hisui, F|\n|poke|p1|Ninetales-Alola, F|\n|poke|p2|Volcarona, M|\n|poke|p2|Scizor, F|\n|poke|p2|Slither Wing|\n|poke|p2|Araquanid, M|\n|poke|p2|Ribombee, F|\n|poke|p2|Galvantula, F|\n|teampreview\n|\n|t:|1699765884\n|start\n|switch|p1a: Xebec|Avalugg-Hisui, F|100\/100\n|switch|p2a: McQueen|Scizor, F|100\/100\n|turn|1\n|\n|t:|1699765893\n|detailschange|p2a: McQueen|Scizor-Mega, F\n|-mega|p2a: McQueen|Scizor|Scizorite\n|move|p2a: McQueen|Swords Dance|p2a: McQueen\n|-boost|p2a: McQueen|atk|2\n|move|p1a: Xebec|Stealth Rock|p2a: McQueen\n|-sidestart|p2: AceTheInadequate|move: Stealth Rock\n|\n|upkeep\n|turn|2\n|\n|t:|1699765904\n|move|p2a: McQueen|Bullet Punch|p1a: Xebec\n|-supereffective|p1a: Xebec\n|-ability|p1a: Xebec|Sturdy\n|-damage|p1a: Xebec|1\/100\n|move|p1a: Xebec|Body Press|p2a: McQueen\n|-damage|p2a: McQueen|77\/100\n|\n|-heal|p1a: Xebec|7\/100|[from] item: Leftovers\n|upkeep\n|turn|3\n|\n|t:|1699765914\n|move|p2a: McQueen|Bullet Punch|p1a: Xebec\n|-supereffective|p1a: Xebec\n|-damage|p1a: Xebec|0 fnt\n|faint|p1a: Xebec\n|\n|upkeep\n|\n|t:|1699765931\n|switch|p1a: Jolly Giant|Darmanitan-Galar, F, shiny|100\/100\n|turn|4\n|\n|t:|1699765941\n|move|p2a: McQueen|Bullet Punch|p1a: Jolly Giant\n|-supereffective|p1a: Jolly Giant\n|-damage|p1a: Jolly Giant|0 fnt\n|faint|p1a: Jolly Giant\n|\n|upkeep\n|\n|t:|1699765954\n|switch|p1a: Ninetales|Ninetales-Alola, F|100\/100\n|-weather|Snow|[from] ability: Snow Warning|[of] p1a: Ninetales\n|turn|5\n|\n|t:|1699765960\n|move|p1a: Ninetales|Aurora Veil|p1a: Ninetales\n|-sidestart|p1: TheShinyBisharp360|move: Aurora Veil\n|move|p2a: McQueen|Dual Wingbeat|p1a: Ninetales\n|-damage|p1a: Ninetales|74\/100\n|-damage|p1a: Ninetales|49\/100\n|-hitcount|p1a: Ninetales|2\n|\n|-weather|Snow|[upkeep]\n|upkeep\n|turn|6\n|\n|t:|1699765972\n|move|p1a: Ninetales|Hypnosis|p2a: McQueen|[miss]\n|-miss|p1a: Ninetales|p2a: McQueen\n|move|p2a: McQueen|Dual Wingbeat|p1a: Ninetales\n|-damage|p1a: Ninetales|21\/100\n|-damage|p1a: Ninetales|0 fnt\n|faint|p1a: Ninetales\n|-hitcount|p1: Ninetales|2\n|\n|-weather|Snow|[upkeep]\n|upkeep\n|\n|t:|1699766017\n|switch|p1a: Godzilla|Baxcalibur, M, shiny|100\/100\n|turn|7\n|\n|t:|1699766038\n|move|p2a: McQueen|Bullet Punch|p1a: Godzilla\n|-supereffective|p1a: Godzilla\n|-damage|p1a: Godzilla|49\/100\n|move|p1a: Godzilla|Dragon Dance|p1a: Godzilla\n|-boost|p1a: Godzilla|atk|1\n|-boost|p1a: Godzilla|spe|1\n|\n|-weather|Snow|[upkeep]\n|upkeep\n|turn|8\n|\n|t:|1699766047\n|move|p2a: McQueen|Bullet Punch|p1a: Godzilla\n|-supereffective|p1a: Godzilla\n|-damage|p1a: Godzilla|3\/100\n|move|p1a: Godzilla|Earthquake|p2a: McQueen\n|-damage|p2a: McQueen|35\/100\n|\n|-weather|Snow|[upkeep]\n|upkeep\n|turn|9\n|\n|t:|1699766056\n|move|p2a: McQueen|Bullet Punch|p1a: Godzilla\n|-supereffective|p1a: Godzilla\n|-damage|p1a: Godzilla|0 fnt\n|faint|p1a: Godzilla\n|\n|-weather|Snow|[upkeep]\n|-sideend|p1: TheShinyBisharp360|move: Aurora Veil\n|upkeep\n|\n|t:|1699766075\n|switch|p1a: Peppa|Mamoswine, F, shiny|100\/100\n|turn|10\n|\n|t:|1699766082\n|move|p2a: McQueen|Bullet Punch|p1a: Peppa\n|-supereffective|p1a: Peppa\n|-damage|p1a: Peppa|0 fnt\n|faint|p1a: Peppa\n|\n|-weather|Snow|[upkeep]\n|upkeep\n|\n|t:|1699766088\n|switch|p1a: Brisk|Iron Bundle, shiny|100\/100\n|-enditem|p1a: Brisk|Booster Energy\n|-activate|p1a: Brisk|ability: Quark Drive|[fromitem]\n|-start|p1a: Brisk|quarkdrivespa\n|turn|11\n|\n|t:|1699766097\n|-terastallize|p1a: Brisk|Ground\n|move|p2a: McQueen|Bullet Punch|p1a: Brisk\n|-damage|p1a: Brisk|10\/100\n|move|p1a: Brisk|Tera Blast|p2a: McQueen|[anim] Tera Blast Ground\n|-damage|p2a: McQueen|0 fnt\n|faint|p2a: McQueen\n|\n|-weather|Snow|[upkeep]\n|upkeep\n|\n|t:|1699766100\n|switch|p2a: Vegeta|Slither Wing, shiny|100\/100\n|-damage|p2a: Vegeta|88\/100|[from] Stealth Rock\n|-enditem|p2a: Vegeta|Booster Energy\n|-activate|p2a: Vegeta|ability: Protosynthesis|[fromitem]\n|-start|p2a: Vegeta|protosynthesisatk\n|turn|12\n|\n|t:|1699766111\n|move|p2a: Vegeta|First Impression|p1a: Brisk\n|-damage|p1a: Brisk|0 fnt\n|faint|p1a: Brisk\n|-end|p1a: Brisk|Quark Drive|[silent]\n|\n|win|AceTheInadequate\n","uploadtime":1699766118,"views":6,"p1id":"theshinybisharp360","p2id":"acetheinadequate","formatid":"gen9nationaldexubers","rating":0,"private":0,"password":""}