{"id":"gen9nationaldexubers-1990101577","p1":"SMN_17","p2":"XandervonTeixo","format":"[Gen 9] National Dex Ubers","log":"|j|\u2606SMN_17\n|j|\u2606XandervonTeixo\n|t:|1699924684\n|gametype|singles\n|player|p1|SMN_17|hilbert|1079\n|player|p2|XandervonTeixo|leon-tower|1125\n|teamsize|p1|6\n|teamsize|p2|6\n|gen|9\n|tier|[Gen 9] National Dex Ubers\n|rated|\n|rule|HP Percentage Mod: HP is shown in percentages\n|rule|Endless Battle Clause: Forcing endless battles is banned\n|rule|OHKO Clause: OHKO moves are banned\n|rule|Evasion Moves Clause: Evasion moves are banned\n|rule|Evasion Items Clause: Evasion items are banned\n|rule|Species Clause: Limit one of each Pok\u00e9mon\n|rule|Sleep Clause Mod: Limit one foe put to sleep\n|rule|Mega Rayquaza Clause: You cannot mega evolve Rayquaza\n|clearpoke\n|poke|p1|Ursaluna-Bloodmoon, M|\n|poke|p1|Snorlax, M|\n|poke|p1|Zoroark-Hisui, F|\n|poke|p1|Swellow, M|\n|poke|p1|Cyclizar, F|\n|poke|p1|Lopunny, F|\n|poke|p2|Lilligant-Hisui, F|\n|poke|p2|Baxcalibur, M|\n|poke|p2|Clodsire, F|\n|poke|p2|Skeledirge, M|\n|poke|p2|Kingambit, M|\n|poke|p2|Grimmsnarl, M|\n|teampreview\n|inactive|Battle timer is ON: inactive players will automatically lose when time's up. (requested by SMN_17)\n|\n|t:|1699924696\n|start\n|switch|p1a: No Laws|Lopunny, F|100\/100\n|switch|p2a: Grimmsnarl|Grimmsnarl, M|100\/100\n|turn|1\n|inactive|SMN_17 has 120 seconds left.\n|\n|t:|1699924746\n|detailschange|p1a: No Laws|Lopunny-Mega, F\n|-mega|p1a: No Laws|Lopunny|Lopunnite\n|move|p1a: No Laws|Fake Out|p2a: Grimmsnarl\n|-damage|p2a: Grimmsnarl|84\/100\n|cant|p2a: Grimmsnarl|flinch\n|\n|upkeep\n|turn|2\n|c|\u2606XandervonTeixo|Normal monotype ah?\n|\n|t:|1699924751\n|move|p1a: No Laws|Quick Attack|p2a: Grimmsnarl\n|-damage|p2a: Grimmsnarl|67\/100\n|move|p2a: Grimmsnarl|Reflect|p2a: Grimmsnarl\n|-sidestart|p2: XandervonTeixo|Reflect\n|\n|upkeep\n|turn|3\n|c|\u2606SMN_17|yah\n|inactive|SMN_17 has 120 seconds left.\n|\n|t:|1699924757\n|move|p1a: No Laws|U-turn|p2a: Grimmsnarl\n|-damage|p2a: Grimmsnarl|58\/100\n|inactive|SMN_17 has 120 seconds left.\n|\n|t:|1699924763\n|switch|p1a: Freddy Fazbear|Ursaluna-Bloodmoon, M|100\/100|[from] U-turn\n|move|p2a: Grimmsnarl|Spirit Break|p1a: Freddy Fazbear\n|-damage|p1a: Freddy Fazbear|81\/100\n|-unboost|p1a: Freddy Fazbear|spa|1\n|\n|-heal|p1a: Freddy Fazbear|87\/100|[from] item: Leftovers\n|upkeep\n|turn|4\n|c|\u2606XandervonTeixo|ar ar ar ar ar ar ar\n|\n|t:|1699924781\n|move|p2a: Grimmsnarl|Parting Shot|p1a: Freddy Fazbear\n|-unboost|p1a: Freddy Fazbear|atk|1\n|-unboost|p1a: Freddy Fazbear|spa|1\n|\n|t:|1699924795\n|switch|p2a: Baxcalibur|Baxcalibur, M|100\/100|[from] Parting Shot\n|move|p1a: Freddy Fazbear|Calm Mind|p1a: Freddy Fazbear\n|-boost|p1a: Freddy Fazbear|spa|1\n|-boost|p1a: Freddy Fazbear|spd|1\n|\n|-heal|p1a: Freddy Fazbear|94\/100|[from] item: Leftovers\n|upkeep\n|turn|5\n|\n|t:|1699924811\n|-terastallize|p1a: Freddy Fazbear|Normal\n|move|p2a: Baxcalibur|Icicle Crash|p1a: Freddy Fazbear\n|-damage|p1a: Freddy Fazbear|60\/100\n|move|p1a: Freddy Fazbear|Calm Mind|p1a: Freddy Fazbear\n|-boost|p1a: Freddy Fazbear|spa|1\n|-boost|p1a: Freddy Fazbear|spd|1\n|\n|-heal|p1a: Freddy Fazbear|66\/100|[from] item: Leftovers\n|upkeep\n|turn|6\n|\n|t:|1699924826\n|switch|p2a: Grimmsnarl|Grimmsnarl, M|58\/100\n|move|p1a: Freddy Fazbear|Calm Mind|p1a: Freddy Fazbear\n|-boost|p1a: Freddy Fazbear|spa|1\n|-boost|p1a: Freddy Fazbear|spd|1\n|\n|-heal|p1a: Freddy Fazbear|72\/100|[from] item: Leftovers\n|upkeep\n|turn|7\n|\n|t:|1699924834\n|move|p2a: Grimmsnarl|Light Screen|p2a: Grimmsnarl\n|-sidestart|p2: XandervonTeixo|move: Light Screen\n|move|p1a: Freddy Fazbear|Blood Moon|p2a: Grimmsnarl\n|-damage|p2a: Grimmsnarl|0 fnt\n|faint|p2a: Grimmsnarl\n|\n|-heal|p1a: Freddy Fazbear|78\/100|[from] item: Leftovers\n|upkeep\n|\n|t:|1699924842\n|switch|p2a: Lilligant|Lilligant-Hisui, F|100\/100\n|turn|8\n|inactive|SMN_17 has 120 seconds left.\n|\n|t:|1699924886\n|-terastallize|p2a: Lilligant|Rock\n|move|p2a: Lilligant|Victory Dance|p2a: Lilligant\n|-boost|p2a: Lilligant|atk|1\n|-boost|p2a: Lilligant|def|1\n|-boost|p2a: Lilligant|spe|1\n|move|p1a: Freddy Fazbear|Moonlight|p1a: Freddy Fazbear\n|-heal|p1a: Freddy Fazbear|100\/100\n|\n|upkeep\n|turn|9\n|inactive|XandervonTeixo has 120 seconds left.\n|\n|t:|1699924914\n|move|p2a: Lilligant|Close Combat|p1a: Freddy Fazbear|[miss]\n|-miss|p2a: Lilligant|p1a: Freddy Fazbear\n|move|p1a: Freddy Fazbear|Earth Power|p2a: Lilligant\n|-supereffective|p2a: Lilligant\n|-damage|p2a: Lilligant|0 fnt\n|faint|p2a: Lilligant\n|\n|-sideend|p2: XandervonTeixo|Reflect\n|upkeep\n|\n|t:|1699924936\n|switch|p2a: ESTE WEY|Clodsire, F|100\/100\n|turn|10\n|inactive|SMN_17 has 120 seconds left.\n|\n|t:|1699924956\n|move|p1a: Freddy Fazbear|Calm Mind|p1a: Freddy Fazbear\n|-boost|p1a: Freddy Fazbear|spa|1\n|-boost|p1a: Freddy Fazbear|spd|1\n|move|p2a: ESTE WEY|Yawn|p1a: Freddy Fazbear\n|-start|p1a: Freddy Fazbear|move: Yawn|[of] p2a: ESTE WEY\n|\n|upkeep\n|turn|11\n|\n|t:|1699924964\n|move|p1a: Freddy Fazbear|Earth Power|p2a: ESTE WEY\n|-supereffective|p2a: ESTE WEY\n|-damage|p2a: ESTE WEY|35\/100\n|move|p2a: ESTE WEY|Yawn||[still]\n|-fail|p2a: ESTE WEY\n|\n|-heal|p2a: ESTE WEY|41\/100|[from] item: Black Sludge\n|-end|p1a: Freddy Fazbear|move: Yawn|[silent]\n|-status|p1a: Freddy Fazbear|slp\n|upkeep\n|turn|12\n|inactive|SMN_17 has 120 seconds left.\n|\n|t:|1699924998\n|switch|p2a: Kingambit|Kingambit, M|100\/100\n|-activate|p2a: Kingambit|ability: Supreme Overlord\n|-start|p2a: Kingambit|fallen2|[silent]\n|cant|p1a: Freddy Fazbear|slp\n|\n|upkeep\n|turn|13\n|inactive|XandervonTeixo has 120 seconds left.\n|\n|t:|1699925020\n|-curestatus|p1a: Freddy Fazbear|slp|[msg]\n|move|p1a: Freddy Fazbear|Earth Power|p2a: Kingambit\n|-supereffective|p2a: Kingambit\n|-damage|p2a: Kingambit|30\/100\n|-unboost|p2a: Kingambit|spd|1\n|move|p2a: Kingambit|Brick Break|p1a: Freddy Fazbear\n|-supereffective|p1a: Freddy Fazbear\n|-damage|p1a: Freddy Fazbear|55\/100\n|\n|-heal|p1a: Freddy Fazbear|61\/100|[from] item: Leftovers\n|upkeep\n|turn|14\n|inactive|SMN_17 has 120 seconds left.\n|\n|t:|1699925037\n|move|p1a: Freddy Fazbear|Earth Power|p2a: Kingambit\n|-supereffective|p2a: Kingambit\n|-damage|p2a: Kingambit|0 fnt\n|faint|p2a: Kingambit\n|-end|p2a: Kingambit|fallen2|[silent]\n|\n|-heal|p1a: Freddy Fazbear|67\/100|[from] item: Leftovers\n|-sideend|p2: XandervonTeixo|move: Light Screen\n|upkeep\n|\n|t:|1699925048\n|switch|p2a: Baxcalibur|Baxcalibur, M|100\/100\n|turn|15\n|inactive|SMN_17 has 120 seconds left.\n|\n|t:|1699925062\n|move|p2a: Baxcalibur|Glaive Rush|p1a: Freddy Fazbear\n|-damage|p1a: Freddy Fazbear|14\/100\n|-singlemove|p2a: Baxcalibur|Glaive Rush|[silent]\n|move|p1a: Freddy Fazbear|Blood Moon|p2a: Baxcalibur\n|-damage|p2a: Baxcalibur|0 fnt\n|faint|p2a: Baxcalibur\n|\n|-heal|p1a: Freddy Fazbear|20\/100|[from] item: Leftovers\n|upkeep\n|\n|t:|1699925077\n|switch|p2a: ESTE WEY|Clodsire, F|41\/100\n|turn|16\n|inactive|SMN_17 has 120 seconds left.\n|\n|t:|1699925092\n|move|p1a: Freddy Fazbear|Moonlight|p1a: Freddy Fazbear\n|-heal|p1a: Freddy Fazbear|70\/100\n|move|p2a: ESTE WEY|Bulldoze|p1a: Freddy Fazbear\n|-damage|p1a: Freddy Fazbear|59\/100\n|-unboost|p1a: Freddy Fazbear|spe|1\n|\n|-heal|p1a: Freddy Fazbear|65\/100|[from] item: Leftovers\n|-heal|p2a: ESTE WEY|48\/100|[from] item: Black Sludge\n|upkeep\n|turn|17\n|\n|t:|1699925106\n|move|p1a: Freddy Fazbear|Earth Power|p2a: ESTE WEY\n|-supereffective|p2a: ESTE WEY\n|-damage|p2a: ESTE WEY|0 fnt\n|faint|p2a: ESTE WEY\n|\n|-heal|p1a: Freddy Fazbear|71\/100|[from] item: Leftovers\n|upkeep\n|c|\u2606XandervonTeixo|gg bro\n|\n|t:|1699925115\n|switch|p2a: Skeledirge|Skeledirge, M|100\/100\n|turn|18\n|-message|XandervonTeixo forfeited.\n|\n|win|SMN_17\n|raw|SMN_17's rating: 1079 &rarr; <strong>1111<\/strong><br \/>(+32 for winning)\n|raw|XandervonTeixo's rating: 1125 &rarr; <strong>1097<\/strong><br \/>(-28 for losing)\n|l|\u2606XandervonTeixo\n|c|\u2606SMN_17|it aint over till its over\n|c|\u2606SMN_17|bruh\n","uploadtime":1699925127,"views":8,"p1id":"smn17","p2id":"xandervonteixo","formatid":"gen9nationaldexubers","rating":1097,"private":0,"password":""}