{"id":"gen9nationaldexubers-1987700726","p1":"Aleix565","p2":"JustMonika_CARR","format":"[Gen 9] National Dex Ubers","log":"|j|\u2606Aleix565\n|j|\u2606JustMonika_CARR\n|t:|1699628982\n|gametype|singles\n|player|p1|Aleix565|colress|1494\n|player|p2|JustMonika_CARR|rosa|1509\n|teamsize|p1|6\n|teamsize|p2|6\n|gen|9\n|tier|[Gen 9] National Dex Ubers\n|rated|\n|rule|HP Percentage Mod: HP is shown in percentages\n|rule|Endless Battle Clause: Forcing endless battles is banned\n|rule|OHKO Clause: OHKO moves are banned\n|rule|Evasion Moves Clause: Evasion moves are banned\n|rule|Evasion Items Clause: Evasion items are banned\n|rule|Species Clause: Limit one of each Pok\u00e9mon\n|rule|Sleep Clause Mod: Limit one foe put to sleep\n|rule|Mega Rayquaza Clause: You cannot mega evolve Rayquaza\n|clearpoke\n|poke|p1|Lugia|\n|poke|p1|Zacian-*|\n|poke|p1|Xerneas-*|\n|poke|p1|Kyogre|\n|poke|p1|Melmetal|\n|poke|p1|Kingambit, F|\n|poke|p2|Marshadow|\n|poke|p2|Aerodactyl, M|\n|poke|p2|Arceus|\n|poke|p2|Forretress, F|\n|poke|p2|Pheromosa|\n|poke|p2|Necrozma-Dawn-Wings|\n|teampreview\n|\n|t:|1699628987\n|start\n|switch|p1a: Melmetal|Melmetal|100\/100\n|switch|p2a: Forretress|Forretress, F, shiny|100\/100\n|turn|1\n|c|\u2606JustMonika_CARR|Glhf\n|\n|t:|1699629009\n|move|p2a: Forretress|Toxic Spikes|p1a: Melmetal\n|-sidestart|p1: Aleix565|move: Toxic Spikes\n|move|p1a: Melmetal|Earthquake|p2a: Forretress\n|-damage|p2a: Forretress|64\/100\n|-enditem|p2a: Forretress|Red Card|[of] p1a: Melmetal\n|drag|p1a: Kyogre|Kyogre, shiny|100\/100\n|-status|p1a: Kyogre|psn\n|detailschange|p1a: Kyogre|Kyogre-Primal, shiny\n|-primal|p1a: Kyogre|Blue Orb\n|-weather|PrimordialSea|[from] ability: Primordial Sea|[of] p1a: Kyogre\n|\n|-weather|PrimordialSea|[upkeep]\n|-damage|p1a: Kyogre|88\/100 psn|[from] psn\n|upkeep\n|turn|2\n|\n|t:|1699629024\n|move|p1a: Kyogre|Water Spout|p2a: Forretress\n|-damage|p2a: Forretress|0 fnt\n|faint|p2a: Forretress\n|\n|-weather|PrimordialSea|[upkeep]\n|-damage|p1a: Kyogre|76\/100 psn|[from] psn\n|upkeep\n|\n|t:|1699629032\n|switch|p2a: Necrozma|Necrozma-Dawn-Wings|100\/100\n|turn|3\n|\n|t:|1699629041\n|move|p1a: Kyogre|Water Spout|p2a: Necrozma\n|-damage|p2a: Necrozma|11\/100\n|move|p2a: Necrozma|Calm Mind|p2a: Necrozma\n|-boost|p2a: Necrozma|spa|1\n|-boost|p2a: Necrozma|spd|1\n|\n|-weather|PrimordialSea|[upkeep]\n|-damage|p1a: Kyogre|64\/100 psn|[from] psn\n|upkeep\n|turn|4\n|\n|t:|1699629055\n|detailschange|p2a: Necrozma|Necrozma-Ultra\n|-burst|p2a: Necrozma|Necrozma|Ultranecrozium Z\n|move|p2a: Necrozma|Photon Geyser|p1a: Kyogre\n|-damage|p1a: Kyogre|6\/100 psn\n|move|p1a: Kyogre|Thunder|p2a: Necrozma\n|-resisted|p2a: Necrozma\n|-damage|p2a: Necrozma|0 fnt\n|faint|p2a: Necrozma\n|\n|-weather|PrimordialSea|[upkeep]\n|-damage|p1a: Kyogre|0 fnt|[from] psn\n|faint|p1a: Kyogre\n|-weather|none\n|upkeep\n|\n|t:|1699629077\n|switch|p2a: Aerodactyl|Aerodactyl, M, shiny|100\/100\n|switch|p1a: Melmetal|Melmetal|100\/100\n|turn|5\n|\n|t:|1699629090\n|detailschange|p2a: Aerodactyl|Aerodactyl-Mega, M, shiny\n|-mega|p2a: Aerodactyl|Aerodactyl|Aerodactylite\n|move|p2a: Aerodactyl|Dual Wingbeat|p1a: Melmetal\n|-resisted|p1a: Melmetal\n|-damage|p1a: Melmetal|93\/100\n|-resisted|p1a: Melmetal\n|-damage|p1a: Melmetal|86\/100\n|-hitcount|p1a: Melmetal|2\n|move|p1a: Melmetal|Double Iron Bash|p2a: Aerodactyl\n|-supereffective|p2a: Aerodactyl\n|-damage|p2a: Aerodactyl|0 fnt\n|faint|p2a: Aerodactyl\n|-hitcount|p2: Aerodactyl|1\n|\n|upkeep\n|\n|t:|1699629102\n|switch|p2a: Pheromosa|Pheromosa, shiny|100\/100\n|turn|6\n|\n|t:|1699629109\n|move|p2a: Pheromosa|Close Combat|p1a: Melmetal\n|-supereffective|p1a: Melmetal\n|-damage|p1a: Melmetal|10\/100\n|-unboost|p2a: Pheromosa|def|1\n|-unboost|p2a: Pheromosa|spd|1\n|move|p1a: Melmetal|Double Iron Bash|p2a: Pheromosa\n|-enditem|p2a: Pheromosa|Focus Sash\n|-damage|p2a: Pheromosa|1\/100\n|-damage|p2a: Pheromosa|0 fnt\n|faint|p2a: Pheromosa\n|-hitcount|p2: Pheromosa|2\n|\n|upkeep\n|l|\u2606JustMonika_CARR\n|player|p2|\n|j|\u2606JustMonika_CARR\n|player|p2|JustMonika_CARR|rosa\n|\n|t:|1699629144\n|switch|p2a: Marshadow|Marshadow|100\/100\n|turn|7\n|\n|t:|1699629149\n|move|p2a: Marshadow|Force Palm|p1a: Melmetal\n|-supereffective|p1a: Melmetal\n|-damage|p1a: Melmetal|0 fnt\n|faint|p1a: Melmetal\n|\n|upkeep\n|\n|t:|1699629153\n|switch|p1a: Lugia|Lugia|100\/100\n|turn|8\n|\n|t:|1699629165\n|move|p2a: Marshadow|Force Palm|p1a: Lugia\n|-resisted|p1a: Lugia\n|-damage|p1a: Lugia|97\/100\n|move|p1a: Lugia|Toxic|p2a: Marshadow\n|-status|p2a: Marshadow|tox\n|\n|-heal|p1a: Lugia|100\/100|[from] item: Leftovers\n|-damage|p2a: Marshadow|94\/100 tox|[from] psn\n|upkeep\n|turn|9\n|\n|t:|1699629175\n|move|p2a: Marshadow|Spectral Thief|p1a: Lugia\n|-supereffective|p1a: Lugia\n|-damage|p1a: Lugia|72\/100\n|move|p1a: Lugia|Aeroblast|p2a: Marshadow\n|-supereffective|p2a: Marshadow\n|-damage|p2a: Marshadow|25\/100 tox\n|\n|-heal|p1a: Lugia|78\/100|[from] item: Leftovers\n|-damage|p2a: Marshadow|12\/100 tox|[from] psn\n|upkeep\n|turn|10\n|\n|t:|1699629189\n|move|p2a: Marshadow|Spectral Thief|p1a: Lugia\n|-supereffective|p1a: Lugia\n|-damage|p1a: Lugia|13\/100\n|move|p1a: Lugia|Aeroblast|p2a: Marshadow\n|-supereffective|p2a: Marshadow\n|-crit|p2a: Marshadow\n|-damage|p2a: Marshadow|0 fnt\n|faint|p2a: Marshadow\n|\n|-heal|p1a: Lugia|19\/100|[from] item: Leftovers\n|upkeep\n|\n|t:|1699629211\n|switch|p2a: Arceus|Arceus|100\/100\n|turn|11\n|\n|t:|1699629220\n|move|p1a: Lugia|Psycho Boost|p2a: Arceus\n|-damage|p2a: Arceus|73\/100\n|-unboost|p1a: Lugia|spa|2\n|move|p2a: Arceus|Cosmic Power|p2a: Arceus\n|-boost|p2a: Arceus|def|1\n|-boost|p2a: Arceus|spd|1\n|\n|-heal|p1a: Lugia|25\/100|[from] item: Leftovers\n|upkeep\n|turn|12\n|\n|t:|1699629231\n|move|p1a: Lugia|Toxic|p2a: Arceus\n|-status|p2a: Arceus|tox\n|move|p2a: Arceus|Cosmic Power|p2a: Arceus\n|-boost|p2a: Arceus|def|1\n|-boost|p2a: Arceus|spd|1\n|\n|-heal|p1a: Lugia|32\/100|[from] item: Leftovers\n|-damage|p2a: Arceus|67\/100 tox|[from] psn\n|upkeep\n|turn|13\n|\n|t:|1699629241\n|move|p1a: Lugia|Defog|p2a: Arceus\n|-unboost|p2a: Arceus|evasion|1\n|-sideend|p1: Aleix565|Toxic Spikes|[from] move: Defog|[of] p1a: Lugia\n|move|p2a: Arceus|Cosmic Power|p2a: Arceus\n|-boost|p2a: Arceus|def|1\n|-boost|p2a: Arceus|spd|1\n|\n|-heal|p1a: Lugia|38\/100|[from] item: Leftovers\n|-damage|p2a: Arceus|54\/100 tox|[from] psn\n|upkeep\n|turn|14\n|\n|t:|1699629251\n|move|p1a: Lugia|Defog|p2a: Arceus\n|-unboost|p2a: Arceus|evasion|1\n|move|p2a: Arceus|Toxic|p1a: Lugia\n|-status|p1a: Lugia|tox\n|\n|-heal|p1a: Lugia|44\/100 tox|[from] item: Leftovers\n|-damage|p1a: Lugia|38\/100 tox|[from] psn\n|-damage|p2a: Arceus|36\/100 tox|[from] psn\n|upkeep\n|turn|15\n|\n|t:|1699629262\n|move|p1a: Lugia|Defog|p2a: Arceus\n|-unboost|p2a: Arceus|evasion|1\n|move|p2a: Arceus|Rest|p2a: Arceus\n|-status|p2a: Arceus|slp|[from] move: Rest\n|-heal|p2a: Arceus|100\/100 slp|[silent]\n|-enditem|p2a: Arceus|Chesto Berry|[eat]\n|-curestatus|p2a: Arceus|slp|[msg]\n|\n|-heal|p1a: Lugia|44\/100 tox|[from] item: Leftovers\n|-damage|p1a: Lugia|32\/100 tox|[from] psn\n|upkeep\n|turn|16\n|\n|t:|1699629275\n|switch|p1a: Zacian|Zacian-Crowned|100\/100\n|-ability|p1a: Zacian|Intrepid Sword|boost\n|-boost|p1a: Zacian|atk|1\n|move|p2a: Arceus|Cosmic Power|p2a: Arceus\n|-boost|p2a: Arceus|def|1\n|-boost|p2a: Arceus|spd|1\n|\n|upkeep\n|turn|17\n|\n|t:|1699629285\n|-terastallize|p2a: Arceus|Poison\n|move|p1a: Zacian|Sacred Sword|p2a: Arceus\n|-resisted|p2a: Arceus\n|-damage|p2a: Arceus|85\/100\n|move|p2a: Arceus|Whirlpool|p1a: Zacian\n|-damage|p1a: Zacian|92\/100\n|-activate|p1a: Zacian|move: Whirlpool|[of] p2a: Arceus\n|\n|-damage|p1a: Zacian|80\/100|[from] move: Whirlpool|[partiallytrapped]\n|upkeep\n|turn|18\n|\n|t:|1699629297\n|move|p1a: Zacian|Behemoth Blade|p2a: Arceus\n|-damage|p2a: Arceus|67\/100\n|move|p2a: Arceus|Cosmic Power|p2a: Arceus\n|-boost|p2a: Arceus|def|1\n|-boost|p2a: Arceus|spd|1\n|\n|-damage|p1a: Zacian|68\/100|[from] move: Whirlpool|[partiallytrapped]\n|upkeep\n|turn|19\n|\n|t:|1699629311\n|move|p1a: Zacian|Behemoth Blade|p2a: Arceus\n|-damage|p2a: Arceus|53\/100\n|move|p2a: Arceus|Cosmic Power|p2a: Arceus\n|-boost|p2a: Arceus|def|1\n|-boost|p2a: Arceus|spd|1\n|\n|-damage|p1a: Zacian|55\/100|[from] move: Whirlpool|[partiallytrapped]\n|upkeep\n|turn|20\n|\n|t:|1699629320\n|move|p1a: Zacian|Behemoth Blade|p2a: Arceus\n|-damage|p2a: Arceus|39\/100\n|move|p2a: Arceus|Whirlpool|p1a: Zacian|[miss]\n|-miss|p2a: Arceus|p1a: Zacian\n|\n|-damage|p1a: Zacian|43\/100|[from] move: Whirlpool|[partiallytrapped]\n|upkeep\n|turn|21\n|\n|t:|1699629332\n|move|p1a: Zacian|Behemoth Blade|p2a: Arceus\n|-damage|p2a: Arceus|27\/100\n|move|p2a: Arceus|Whirlpool|p1a: Zacian\n|-damage|p1a: Zacian|34\/100\n|\n|-end|p1a: Zacian|Whirlpool|[partiallytrapped]\n|upkeep\n|turn|22\n|\n|t:|1699629343\n|switch|p1a: Xerneas|Xerneas, shiny|100\/100\n|-ability|p1a: Xerneas|Fairy Aura\n|move|p2a: Arceus|Whirlpool|p1a: Xerneas\n|-damage|p1a: Xerneas|94\/100\n|-activate|p1a: Xerneas|move: Whirlpool|[of] p2a: Arceus\n|\n|-damage|p1a: Xerneas|81\/100|[from] move: Whirlpool|[partiallytrapped]\n|upkeep\n|turn|23\n|\n|t:|1699629354\n|-terastallize|p1a: Xerneas|Steel\n|move|p2a: Arceus|Rest|p2a: Arceus\n|-status|p2a: Arceus|slp|[from] move: Rest\n|-heal|p2a: Arceus|100\/100 slp|[silent]\n|move|p1a: Xerneas|Geomancy||[still]\n|-prepare|p1a: Xerneas|Geomancy\n|-enditem|p1a: Xerneas|Power Herb\n|-anim|p1a: Xerneas|Geomancy|p1a: Xerneas\n|-boost|p1a: Xerneas|spa|2\n|-boost|p1a: Xerneas|spd|2\n|-boost|p1a: Xerneas|spe|2\n|\n|-damage|p1a: Xerneas|69\/100|[from] move: Whirlpool|[partiallytrapped]\n|upkeep\n|turn|24\n|\n|t:|1699629368\n|move|p1a: Xerneas|Geomancy||[still]\n|-prepare|p1a: Xerneas|Geomancy\n|cant|p2a: Arceus|slp\n|\n|-damage|p1a: Xerneas|57\/100|[from] move: Whirlpool|[partiallytrapped]\n|upkeep\n|turn|25\n|\n|t:|1699629375\n|move|p1a: Xerneas|Geomancy|p1a: Xerneas|[from]lockedmove\n|-boost|p1a: Xerneas|spa|2\n|-boost|p1a: Xerneas|spd|2\n|-boost|p1a: Xerneas|spe|2\n|cant|p2a: Arceus|slp\n|\n|-damage|p1a: Xerneas|44\/100|[from] move: Whirlpool|[partiallytrapped]\n|upkeep\n|turn|26\n|\n|t:|1699629391\n|move|p1a: Xerneas|Flash Cannon|p2a: Arceus\n|-damage|p2a: Arceus|81\/100 slp\n|-curestatus|p2a: Arceus|slp|[msg]\n|move|p2a: Arceus|Whirlpool|p1a: Xerneas\n|-damage|p1a: Xerneas|42\/100\n|\n|-end|p1a: Xerneas|Whirlpool|[partiallytrapped]\n|upkeep\n|turn|27\n|\n|t:|1699629400\n|move|p1a: Xerneas|Moonblast|p2a: Arceus\n|-resisted|p2a: Arceus\n|-damage|p2a: Arceus|65\/100\n|move|p2a: Arceus|Whirlpool|p1a: Xerneas\n|-damage|p1a: Xerneas|39\/100\n|-activate|p1a: Xerneas|move: Whirlpool|[of] p2a: Arceus\n|\n|-damage|p1a: Xerneas|27\/100|[from] move: Whirlpool|[partiallytrapped]\n|upkeep\n|turn|28\n|\n|t:|1699629410\n|move|p1a: Xerneas|Flash Cannon|p2a: Arceus\n|-damage|p2a: Arceus|43\/100\n|move|p2a: Arceus|Whirlpool|p1a: Xerneas\n|-damage|p1a: Xerneas|24\/100\n|\n|-damage|p1a: Xerneas|12\/100|[from] move: Whirlpool|[partiallytrapped]\n|upkeep\n|turn|29\n|\n|t:|1699629418\n|move|p1a: Xerneas|Flash Cannon|p2a: Arceus\n|-damage|p2a: Arceus|25\/100\n|move|p2a: Arceus|Whirlpool|p1a: Xerneas\n|-damage|p1a: Xerneas|10\/100\n|\n|-damage|p1a: Xerneas|0 fnt|[from] move: Whirlpool|[partiallytrapped]\n|faint|p1a: Xerneas\n|upkeep\n|\n|t:|1699629426\n|switch|p1a: Lugia|Lugia|32\/100 tox\n|turn|30\n|\n|t:|1699629431\n|move|p1a: Lugia|Psycho Boost|p2a: Arceus\n|-supereffective|p2a: Arceus\n|-damage|p2a: Arceus|11\/100\n|-unboost|p1a: Lugia|spa|2\n|move|p2a: Arceus|Rest|p2a: Arceus\n|-status|p2a: Arceus|slp|[from] move: Rest\n|-heal|p2a: Arceus|100\/100 slp|[silent]\n|\n|-heal|p1a: Lugia|38\/100 tox|[from] item: Leftovers\n|-damage|p1a: Lugia|32\/100 tox|[from] psn\n|upkeep\n|turn|31\n|\n|t:|1699629444\n|switch|p1a: Zacian|Zacian-Crowned|34\/100\n|cant|p2a: Arceus|slp\n|\n|upkeep\n|turn|32\n|\n|t:|1699629452\n|move|p1a: Zacian|Sacred Sword|p2a: Arceus\n|-resisted|p2a: Arceus\n|-damage|p2a: Arceus|91\/100 slp\n|cant|p2a: Arceus|slp\n|\n|upkeep\n|turn|33\n|\n|t:|1699629464\n|move|p1a: Zacian|Sacred Sword|p2a: Arceus\n|-resisted|p2a: Arceus\n|-damage|p2a: Arceus|81\/100 slp\n|-curestatus|p2a: Arceus|slp|[msg]\n|move|p2a: Arceus|Whirlpool|p1a: Zacian\n|-damage|p1a: Zacian|26\/100\n|-activate|p1a: Zacian|move: Whirlpool|[of] p2a: Arceus\n|\n|-damage|p1a: Zacian|13\/100|[from] move: Whirlpool|[partiallytrapped]\n|upkeep\n|turn|34\n|\n|t:|1699629487\n|move|p1a: Zacian|Play Rough|p2a: Arceus\n|-resisted|p2a: Arceus\n|-damage|p2a: Arceus|77\/100\n|move|p2a: Arceus|Whirlpool|p1a: Zacian\n|-crit|p1a: Zacian\n|-damage|p1a: Zacian|0 fnt\n|faint|p1a: Zacian\n|\n|upkeep\n|\n|t:|1699629497\n|switch|p1a: Lugia|Lugia|32\/100 tox\n|turn|35\n|\n|t:|1699629505\n|move|p1a: Lugia|Psycho Boost|p2a: Arceus\n|-supereffective|p2a: Arceus\n|-damage|p2a: Arceus|63\/100\n|-unboost|p1a: Lugia|spa|2\n|move|p2a: Arceus|Whirlpool|p1a: Lugia\n|-crit|p1a: Lugia\n|-damage|p1a: Lugia|24\/100 tox\n|-activate|p1a: Lugia|move: Whirlpool|[of] p2a: Arceus\n|\n|-heal|p1a: Lugia|30\/100 tox|[from] item: Leftovers\n|-damage|p1a: Lugia|24\/100 tox|[from] psn\n|-damage|p1a: Lugia|12\/100 tox|[from] move: Whirlpool|[partiallytrapped]\n|upkeep\n|turn|36\n|\n|t:|1699629521\n|move|p1a: Lugia|Psycho Boost|p2a: Arceus\n|-supereffective|p2a: Arceus\n|-damage|p2a: Arceus|57\/100\n|-unboost|p1a: Lugia|spa|2\n|move|p2a: Arceus|Cosmic Power|p2a: Arceus\n|-boost|p2a: Arceus|def|0\n|-boost|p2a: Arceus|spd|0\n|\n|-heal|p1a: Lugia|18\/100 tox|[from] item: Leftovers\n|-damage|p1a: Lugia|5\/100 tox|[from] psn\n|-damage|p1a: Lugia|0 fnt|[from] move: Whirlpool|[partiallytrapped]\n|faint|p1a: Lugia\n|upkeep\n|\n|t:|1699629533\n|switch|p1a: Kingambit|Kingambit, F|100\/100\n|-activate|p1a: Kingambit|ability: Supreme Overlord\n|-start|p1a: Kingambit|fallen5|[silent]\n|turn|37\n|\n|t:|1699629540\n|move|p2a: Arceus|Whirlpool|p1a: Kingambit\n|-damage|p1a: Kingambit|91\/100\n|-activate|p1a: Kingambit|move: Whirlpool|[of] p2a: Arceus\n|move|p1a: Kingambit|Kowtow Cleave|p2a: Arceus\n|-damage|p2a: Arceus|43\/100\n|-damage|p1a: Kingambit|81\/100|[from] item: Life Orb\n|\n|-damage|p1a: Kingambit|69\/100|[from] move: Whirlpool|[partiallytrapped]\n|upkeep\n|turn|38\n|\n|t:|1699629556\n|move|p2a: Arceus|Rest|p2a: Arceus\n|-status|p2a: Arceus|slp|[from] move: Rest\n|-heal|p2a: Arceus|100\/100 slp|[silent]\n|move|p1a: Kingambit|Kowtow Cleave|p2a: Arceus\n|-damage|p2a: Arceus|87\/100 slp\n|-damage|p1a: Kingambit|59\/100|[from] item: Life Orb\n|\n|-damage|p1a: Kingambit|47\/100|[from] move: Whirlpool|[partiallytrapped]\n|upkeep\n|turn|39\n|\n|t:|1699629568\n|cant|p2a: Arceus|slp\n|move|p1a: Kingambit|Kowtow Cleave|p2a: Arceus\n|-damage|p2a: Arceus|73\/100 slp\n|-damage|p1a: Kingambit|37\/100|[from] item: Life Orb\n|\n|-damage|p1a: Kingambit|25\/100|[from] move: Whirlpool|[partiallytrapped]\n|upkeep\n|turn|40\n|\n|t:|1699629582\n|cant|p2a: Arceus|slp\n|move|p1a: Kingambit|Kowtow Cleave|p2a: Arceus\n|-damage|p2a: Arceus|58\/100 slp\n|-damage|p1a: Kingambit|15\/100|[from] item: Life Orb\n|\n|-damage|p1a: Kingambit|2\/100|[from] move: Whirlpool|[partiallytrapped]\n|upkeep\n|turn|41\n|\n|t:|1699629591\n|-curestatus|p2a: Arceus|slp|[msg]\n|move|p2a: Arceus|Whirlpool|p1a: Kingambit\n|-damage|p1a: Kingambit|0 fnt\n|faint|p1a: Kingambit\n|-end|p1a: Kingambit|fallen5|[silent]\n|\n|win|JustMonika_CARR\n|raw|Aleix565's rating: 1494 &rarr; <strong>1475<\/strong><br \/>(-19 for losing)\n|raw|JustMonika_CARR's rating: 1509 &rarr; <strong>1528<\/strong><br \/>(+19 for winning)\n|c|\u2606JustMonika_CARR|Gg\n|l|\u2606Aleix565\n","uploadtime":1699629604,"views":5,"p1id":"aleix565","p2id":"justmonikacarr","formatid":"gen9nationaldexubers","rating":1475,"private":0,"password":""}