{"id":"gen9nationaldexubers-1991249331","p1":"you will losse","p2":"loch2009","format":"[Gen 9] National Dex Ubers","log":"|j|\u2606you will losse\n|j|\u2606loch2009\n|t:|1700061179\n|gametype|singles\n|player|p1|you will losse|cynthia-gen4|\n|player|p2|loch2009|lance|\n|teamsize|p1|6\n|teamsize|p2|6\n|gen|9\n|tier|[Gen 9] National Dex Ubers\n|rule|HP Percentage Mod: HP is shown in percentages\n|rule|Endless Battle Clause: Forcing endless battles is banned\n|rule|OHKO Clause: OHKO moves are banned\n|rule|Evasion Moves Clause: Evasion moves are banned\n|rule|Evasion Items Clause: Evasion items are banned\n|rule|Species Clause: Limit one of each Pok\u00e9mon\n|rule|Sleep Clause Mod: Limit one foe put to sleep\n|rule|Mega Rayquaza Clause: You cannot mega evolve Rayquaza\n|clearpoke\n|poke|p1|Zacian-*|\n|poke|p1|Mewtwo|\n|poke|p1|Groudon|\n|poke|p1|Kyogre|\n|poke|p1|Rayquaza|\n|poke|p1|Arceus|\n|poke|p2|Duraludon, F|\n|poke|p2|Kingdra, M|\n|poke|p2|Dragonite, M|\n|poke|p2|Noivern, M|\n|poke|p2|Latios, M|\n|poke|p2|Haxorus, M|\n|teampreview\n|c|\u2606loch2009|\"I've been waiting for you. you will losse! I knew that you, with your skills, would eventually reach me here. There's no need for words now. We will battle to determine who is the stronger of the two of us. As the most powerful trainer and as the Pok\u00e9mon League Champion\u2026 I, Lance the dragon master, accept your challenge!\n|\n|t:|1700061220\n|start\n|switch|p1a: Groudon|Groudon, shiny|100\/100\n|switch|p2a: Kingdra|Kingdra, M, shiny|100\/100\n|detailschange|p1a: Groudon|Groudon-Primal, shiny\n|-primal|p1a: Groudon|Red Orb\n|-weather|DesolateLand|[from] ability: Desolate Land|[of] p1a: Groudon\n|turn|1\n|\n|t:|1700061231\n|switch|p2a: Noivern|Noivern, M|100\/100\n|move|p1a: Groudon|Solar Beam||[still]\n|-prepare|p1a: Groudon|Solar Beam\n|-anim|p1a: Groudon|Solar Beam|p2a: Noivern\n|-resisted|p2a: Noivern\n|-damage|p2a: Noivern|88\/100\n|\n|-weather|DesolateLand|[upkeep]\n|upkeep\n|turn|2\n|\n|t:|1700061244\n|move|p2a: Noivern|Boomburst|p1a: Groudon\n|-damage|p1a: Groudon|52\/100\n|move|p1a: Groudon|Double-Edge|p2a: Noivern\n|-damage|p2a: Noivern|13\/100\n|-damage|p1a: Groudon|29\/100|[from] Recoil\n|\n|-weather|DesolateLand|[upkeep]\n|upkeep\n|turn|3\n|\n|t:|1700061252\n|move|p2a: Noivern|Draco Meteor|p1a: Groudon\n|-damage|p1a: Groudon|0 fnt\n|-unboost|p2a: Noivern|spa|2\n|faint|p1a: Groudon\n|-weather|none\n|\n|upkeep\n|\n|t:|1700061256\n|switch|p1a: Kyogre|Kyogre, shiny|100\/100\n|detailschange|p1a: Kyogre|Kyogre-Primal, shiny\n|-primal|p1a: Kyogre|Blue Orb\n|-weather|PrimordialSea|[from] ability: Primordial Sea|[of] p1a: Kyogre\n|turn|4\n|\n|t:|1700061264\n|move|p2a: Noivern|U-turn|p1a: Kyogre\n|-crit|p1a: Kyogre\n|-damage|p1a: Kyogre|82\/100\n|\n|t:|1700061272\n|switch|p2a: Kingdra|Kingdra, M, shiny|100\/100|[from] U-turn\n|move|p1a: Kyogre|Double-Edge|p2a: Kingdra\n|-damage|p2a: Kingdra|51\/100\n|-damage|p1a: Kyogre|68\/100|[from] Recoil\n|\n|-weather|PrimordialSea|[upkeep]\n|upkeep\n|turn|5\n|\n|t:|1700061282\n|move|p2a: Kingdra|Hydro Pump|p1a: Kyogre\n|-resisted|p1a: Kyogre\n|-damage|p1a: Kyogre|32\/100\n|-damage|p2a: Kingdra|41\/100|[from] item: Life Orb\n|move|p1a: Kyogre|Blizzard|p2a: Kingdra\n|-damage|p2a: Kingdra|0 fnt\n|faint|p2a: Kingdra\n|\n|-weather|PrimordialSea|[upkeep]\n|upkeep\n|\n|t:|1700061297\n|switch|p2a: Duraludon|Duraludon, F, shiny|100\/100\n|turn|6\n|\n|t:|1700061320\n|move|p1a: Kyogre|Earthquake|p2a: Duraludon\n|-supereffective|p2a: Duraludon\n|-crit|p2a: Duraludon\n|-damage|p2a: Duraludon|17\/100\n|move|p2a: Duraludon|Thunder Wave|p1a: Kyogre\n|-status|p1a: Kyogre|par\n|\n|-weather|PrimordialSea|[upkeep]\n|upkeep\n|turn|7\n|\n|t:|1700061335\n|move|p2a: Duraludon|Stealth Rock|p1a: Kyogre\n|-sidestart|p1: you will losse|move: Stealth Rock\n|move|p1a: Kyogre|Earthquake|p2a: Duraludon\n|-supereffective|p2a: Duraludon\n|-damage|p2a: Duraludon|0 fnt\n|faint|p2a: Duraludon\n|\n|-weather|PrimordialSea|[upkeep]\n|upkeep\n|\n|t:|1700061341\n|switch|p2a: Latios|Latios, M|100\/100\n|turn|8\n|\n|t:|1700061350\n|detailschange|p2a: Latios|Latios-Mega, M\n|-mega|p2a: Latios|Latios|Latiosite\n|move|p2a: Latios|Psyshock|p1a: Kyogre\n|-damage|p1a: Kyogre|0 fnt\n|faint|p1a: Kyogre\n|-weather|none\n|\n|upkeep\n|\n|t:|1700061360\n|switch|p1a: Arceus|Arceus|100\/100\n|-damage|p1a: Arceus|88\/100|[from] Stealth Rock\n|turn|9\n|\n|t:|1700061366\n|move|p1a: Arceus|Air Slash|p2a: Latios\n|-damage|p2a: Latios|81\/100\n|cant|p2a: Latios|flinch\n|\n|-heal|p1a: Arceus|94\/100|[from] item: Leftovers\n|upkeep\n|turn|10\n|\n|t:|1700061372\n|move|p1a: Arceus|Toxic|p2a: Latios\n|-status|p2a: Latios|tox\n|move|p2a: Latios|Calm Mind|p2a: Latios\n|-boost|p2a: Latios|spa|1\n|-boost|p2a: Latios|spd|1\n|\n|-heal|p1a: Arceus|99\/100|[from] item: Leftovers\n|-damage|p2a: Latios|74\/100 tox|[from] psn\n|upkeep\n|turn|11\n|\n|t:|1700061377\n|move|p1a: Arceus|Air Slash|p2a: Latios\n|-damage|p2a: Latios|62\/100 tox\n|move|p2a: Latios|Calm Mind|p2a: Latios\n|-boost|p2a: Latios|spa|1\n|-boost|p2a: Latios|spd|1\n|\n|-heal|p1a: Arceus|100\/100|[from] item: Leftovers\n|-damage|p2a: Latios|50\/100 tox|[from] psn\n|upkeep\n|turn|12\n|\n|t:|1700061387\n|move|p1a: Arceus|Air Slash|p2a: Latios\n|-damage|p2a: Latios|41\/100 tox\n|move|p2a: Latios|Aura Sphere|p1a: Arceus\n|-supereffective|p1a: Arceus\n|-damage|p1a: Arceus|25\/100\n|\n|-heal|p1a: Arceus|31\/100|[from] item: Leftovers\n|-damage|p2a: Latios|22\/100 tox|[from] psn\n|upkeep\n|turn|13\n|\n|t:|1700061394\n|move|p1a: Arceus|Recover|p1a: Arceus\n|-heal|p1a: Arceus|81\/100\n|move|p2a: Latios|Aura Sphere|p1a: Arceus\n|-supereffective|p1a: Arceus\n|-damage|p1a: Arceus|4\/100\n|\n|-heal|p1a: Arceus|10\/100|[from] item: Leftovers\n|-damage|p2a: Latios|0 fnt|[from] psn\n|faint|p2a: Latios\n|upkeep\n|\n|t:|1700061398\n|switch|p2a: Haxorus|Haxorus, M, shiny|100\/100\n|-ability|p2a: Haxorus|Mold Breaker\n|turn|14\n|\n|t:|1700061402\n|move|p1a: Arceus|Air Slash|p2a: Haxorus\n|-damage|p2a: Haxorus|67\/100\n|cant|p2a: Haxorus|flinch\n|\n|-heal|p1a: Arceus|16\/100|[from] item: Leftovers\n|upkeep\n|turn|15\n|\n|t:|1700061407\n|-terastallize|p2a: Haxorus|Steel\n|move|p1a: Arceus|Air Slash|p2a: Haxorus\n|-resisted|p2a: Haxorus\n|-damage|p2a: Haxorus|50\/100\n|move|p2a: Haxorus|Dragon Dance|p2a: Haxorus\n|-boost|p2a: Haxorus|atk|1\n|-boost|p2a: Haxorus|spe|1\n|\n|-heal|p1a: Arceus|23\/100|[from] item: Leftovers\n|upkeep\n|turn|16\n|\n|t:|1700061415\n|move|p2a: Haxorus|Dragon Dance|p2a: Haxorus\n|-boost|p2a: Haxorus|atk|1\n|-boost|p2a: Haxorus|spe|1\n|move|p1a: Arceus|Recover|p1a: Arceus\n|-heal|p1a: Arceus|73\/100\n|\n|-heal|p1a: Arceus|79\/100|[from] item: Leftovers\n|upkeep\n|turn|17\n|\n|t:|1700061418\n|move|p2a: Haxorus|Close Combat|p1a: Arceus\n|-supereffective|p1a: Arceus\n|-damage|p1a: Arceus|0 fnt\n|-unboost|p2a: Haxorus|def|1\n|-unboost|p2a: Haxorus|spd|1\n|faint|p1a: Arceus\n|\n|upkeep\n|\n|t:|1700061425\n|switch|p1a: Mewtwo|Mewtwo|100\/100\n|-ability|p1a: Mewtwo|Unnerve\n|-damage|p1a: Mewtwo|88\/100|[from] Stealth Rock\n|turn|18\n|\n|t:|1700061433\n|move|p2a: Haxorus|Dragon Claw|p1a: Mewtwo\n|-damage|p1a: Mewtwo|0 fnt\n|faint|p1a: Mewtwo\n|\n|upkeep\n|\n|t:|1700061437\n|switch|p1a: Zacian|Zacian-Crowned, shiny|100\/100\n|-damage|p1a: Zacian|94\/100|[from] Stealth Rock\n|-ability|p1a: Zacian|Intrepid Sword|boost\n|-boost|p1a: Zacian|atk|1\n|turn|19\n|\n|t:|1700061440\n|move|p2a: Haxorus|Earthquake|p1a: Zacian\n|-supereffective|p1a: Zacian\n|-damage|p1a: Zacian|0 fnt\n|faint|p1a: Zacian\n|\n|upkeep\n|\n|t:|1700061445\n|switch|p1a: Rayquaza|Rayquaza, shiny|100\/100\n|-damage|p1a: Rayquaza|76\/100|[from] Stealth Rock\n|-ability|p1a: Rayquaza|Air Lock\n|turn|20\n|\n|t:|1700061449\n|-terastallize|p1a: Rayquaza|Dragon\n|move|p2a: Haxorus|Dragon Claw|p1a: Rayquaza\n|-supereffective|p1a: Rayquaza\n|-damage|p1a: Rayquaza|0 fnt\n|faint|p1a: Rayquaza\n|\n|win|loch2009\n|l|\u2606you will losse\n|c|\u2606loch2009|nice try\n","uploadtime":1700061463,"views":15,"p1id":"youwilllosse","p2id":"loch2009","formatid":"gen9nationaldexubers","rating":0,"private":0,"password":""}