{"id":"gen9nationaldexubers-1986481388","p1":"wedo11","p2":"Sc4rletQu33n","format":"[Gen 9] National Dex Ubers","log":"|j|\u2606wedo11\n|j|\u2606Sc4rletQu33n\n|t:|1699483448\n|gametype|singles\n|player|p1|wedo11|mars|\n|player|p2|Sc4rletQu33n|cynthia-gen4|\n|teamsize|p1|6\n|teamsize|p2|6\n|gen|9\n|tier|[Gen 9] National Dex Ubers\n|rule|HP Percentage Mod: HP is shown in percentages\n|rule|Endless Battle Clause: Forcing endless battles is banned\n|rule|OHKO Clause: OHKO moves are banned\n|rule|Evasion Moves Clause: Evasion moves are banned\n|rule|Evasion Items Clause: Evasion items are banned\n|rule|Species Clause: Limit one of each Pok\u00e9mon\n|rule|Sleep Clause Mod: Limit one foe put to sleep\n|rule|Mega Rayquaza Clause: You cannot mega evolve Rayquaza\n|clearpoke\n|poke|p1|Heatran, L38, F|\n|poke|p1|Kingambit, L38, F|\n|poke|p1|Lucario, L38, F|\n|poke|p1|Skarmory, L38, M|\n|poke|p1|Klefki, L38, F|\n|poke|p1|Corviknight, L40, M|\n|poke|p2|Primeape, L38, M|\n|poke|p2|Rotom-Wash, L38|\n|poke|p2|Gliscor, L38, F|\n|poke|p2|Alakazam, L38, M|\n|poke|p2|Dragonair, L38, M|\n|poke|p2|Charizard, L38, M|\n|teampreview\n|inactive|Battle timer is ON: inactive players will automatically lose when time's up. (requested by wedo11)\n|\n|t:|1699483455\n|start\n|switch|p1a: Klefki|Klefki, L38, F|100\/100\n|switch|p2a: Charizard|Charizard, L38, M|100\/100\n|turn|1\n|\n|t:|1699483457\n|detailschange|p2a: Charizard|Charizard-Mega-Y, L38, M\n|-mega|p2a: Charizard|Charizard|Charizardite Y\n|-weather|SunnyDay|[from] ability: Drought|[of] p2a: Charizard\n|move|p1a: Klefki|Light Screen|p1a: Klefki\n|-sidestart|p1: wedo11|move: Light Screen\n|move|p2a: Charizard|Flamethrower|p1a: Klefki\n|-supereffective|p1a: Klefki\n|-damage|p1a: Klefki|0 fnt\n|faint|p1a: Klefki\n|\n|-weather|SunnyDay|[upkeep]\n|upkeep\n|\n|t:|1699483475\n|switch|p1a: Skarmory|Skarmory, L38, M|100\/100\n|turn|2\n|\n|t:|1699483478\n|move|p2a: Charizard|Flamethrower|p1a: Skarmory\n|-supereffective|p1a: Skarmory\n|-ability|p1a: Skarmory|Sturdy\n|-damage|p1a: Skarmory|1\/100\n|-enditem|p1a: Skarmory|Aguav Berry|[eat]\n|-heal|p1a: Skarmory|34\/100|[from] item: Aguav Berry\n|move|p1a: Skarmory|Drill Peck|p2a: Charizard\n|-damage|p2a: Charizard|73\/100\n|\n|-weather|SunnyDay|[upkeep]\n|upkeep\n|turn|3\n|\n|t:|1699483488\n|move|p2a: Charizard|Flamethrower|p1a: Skarmory\n|-supereffective|p1a: Skarmory\n|-damage|p1a: Skarmory|0 fnt\n|faint|p1a: Skarmory\n|\n|-weather|SunnyDay|[upkeep]\n|upkeep\n|\n|t:|1699483495\n|switch|p1a: Lucario|Lucario, L38, F|100\/100\n|turn|4\n|\n|t:|1699483500\n|detailschange|p1a: Lucario|Lucario-Mega, L38, F\n|-mega|p1a: Lucario|Lucario|Lucarionite\n|move|p1a: Lucario|Psychic|p2a: Charizard\n|-damage|p2a: Charizard|45\/100\n|move|p2a: Charizard|Flamethrower|p1a: Lucario\n|-supereffective|p1a: Lucario\n|-damage|p1a: Lucario|0 fnt\n|faint|p1a: Lucario\n|\n|-weather|SunnyDay|[upkeep]\n|upkeep\n|\n|t:|1699483508\n|switch|p1a: Heatran|Heatran, L38, F|100\/100\n|-item|p1a: Heatran|Air Balloon\n|turn|5\n|\n|t:|1699483516\n|switch|p2a: Scorpion|Gliscor, L38, F|100\/100\n|move|p1a: Heatran|Flamethrower|p2a: Scorpion\n|-damage|p2a: Scorpion|0 fnt\n|faint|p2a: Scorpion\n|\n|-weather|none\n|upkeep\n|\n|t:|1699483532\n|switch|p2a: George|Rotom-Wash, L38|100\/100\n|turn|6\n|\n|t:|1699483543\n|move|p2a: George|Volt Switch|p1a: Heatran\n|-damage|p1a: Heatran|87\/100\n|-enditem|p1a: Heatran|Air Balloon\n|\n|t:|1699483547\n|switch|p2a: AlakaZAMN|Alakazam, L38, M|100\/100|[from] Volt Switch\n|move|p1a: Heatran|Flamethrower|p2a: AlakaZAMN\n|-damage|p2a: AlakaZAMN|31\/100\n|\n|upkeep\n|turn|7\n|\n|t:|1699483561\n|switch|p1a: Kingambit|Kingambit, L38, F|100\/100\n|-activate|p1a: Kingambit|ability: Supreme Overlord\n|-start|p1a: Kingambit|fallen3|[silent]\n|move|p2a: AlakaZAMN|Psychic|p1a: Kingambit\n|-immune|p1a: Kingambit\n|\n|upkeep\n|turn|8\n|\n|t:|1699483568\n|move|p1a: Kingambit|Sucker Punch|p2a: AlakaZAMN\n|-supereffective|p2a: AlakaZAMN\n|-damage|p2a: AlakaZAMN|0 fnt\n|faint|p2a: AlakaZAMN\n|\n|-sideend|p1: wedo11|move: Light Screen\n|upkeep\n|\n|t:|1699483570\n|switch|p2a: Charizard|Charizard-Mega-Y, L38, M|45\/100\n|-weather|SunnyDay|[from] ability: Drought|[of] p2a: Charizard\n|turn|9\n|\n|t:|1699483573\n|move|p1a: Kingambit|Sucker Punch||[still]\n|-fail|p1a: Kingambit\n|move|p2a: Charizard|Roost|p2a: Charizard\n|-heal|p2a: Charizard|96\/100\n|-singleturn|p2a: Charizard|move: Roost\n|\n|-weather|SunnyDay|[upkeep]\n|upkeep\n|turn|10\n|\n|t:|1699483577\n|move|p1a: Kingambit|Protect|p1a: Kingambit\n|-singleturn|p1a: Kingambit|Protect\n|move|p2a: Charizard|Flamethrower|p1a: Kingambit\n|-activate|p1a: Kingambit|move: Protect\n|\n|-weather|SunnyDay|[upkeep]\n|upkeep\n|turn|11\n|\n|t:|1699483583\n|switch|p2a: Donkey Kong|Primeape, L38, M|100\/100\n|move|p1a: Kingambit|Sucker Punch||[still]\n|-fail|p1a: Kingambit\n|\n|-weather|SunnyDay|[upkeep]\n|upkeep\n|turn|12\n|\n|t:|1699483587\n|-end|p1a: Kingambit|fallen3|[silent]\n|switch|p1a: Corviknight|Corviknight, L40, M|100\/100\n|-ability|p1a: Corviknight|Pressure\n|move|p2a: Donkey Kong|Bulk Up|p2a: Donkey Kong\n|-boost|p2a: Donkey Kong|atk|1\n|-boost|p2a: Donkey Kong|def|1\n|\n|-weather|SunnyDay|[upkeep]\n|upkeep\n|turn|13\n|\n|t:|1699483594\n|move|p2a: Donkey Kong|Taunt|p1a: Corviknight\n|-start|p1a: Corviknight|move: Taunt\n|move|p1a: Corviknight|Drill Peck|p2a: Donkey Kong\n|-supereffective|p2a: Donkey Kong\n|-damage|p2a: Donkey Kong|40\/100\n|\n|-weather|none\n|-heal|p2a: Donkey Kong|46\/100|[from] item: Leftovers\n|upkeep\n|turn|14\n|\n|t:|1699483599\n|move|p2a: Donkey Kong|Drain Punch|p1a: Corviknight\n|-damage|p1a: Corviknight|60\/100\n|-heal|p2a: Donkey Kong|72\/100|[from] drain|[of] p1a: Corviknight\n|move|p1a: Corviknight|Drill Peck|p2a: Donkey Kong\n|-supereffective|p2a: Donkey Kong\n|-damage|p2a: Donkey Kong|16\/100\n|\n|-heal|p2a: Donkey Kong|22\/100|[from] item: Leftovers\n|-heal|p1a: Corviknight|66\/100|[from] item: Leftovers\n|upkeep\n|turn|15\n|\n|t:|1699483604\n|-terastallize|p1a: Corviknight|Flying\n|move|p2a: Donkey Kong|Drain Punch|p1a: Corviknight\n|-resisted|p1a: Corviknight\n|-damage|p1a: Corviknight|44\/100\n|-heal|p2a: Donkey Kong|36\/100|[from] drain|[of] p1a: Corviknight\n|move|p1a: Corviknight|Drill Peck|p2a: Donkey Kong\n|-supereffective|p2a: Donkey Kong\n|-damage|p2a: Donkey Kong|0 fnt\n|faint|p2a: Donkey Kong\n|\n|-heal|p1a: Corviknight|50\/100|[from] item: Leftovers\n|-end|p1a: Corviknight|move: Taunt\n|upkeep\n|\n|t:|1699483611\n|switch|p2a: George|Rotom-Wash, L38|100\/100\n|turn|16\n|\n|t:|1699483619\n|switch|p1a: Heatran|Heatran, L38, F|87\/100\n|move|p2a: George|Thunderbolt|p1a: Heatran\n|-damage|p1a: Heatran|49\/100\n|\n|upkeep\n|turn|17\n|\n|t:|1699483626\n|-terastallize|p2a: George|Electric\n|move|p2a: George|Thunderbolt|p1a: Heatran\n|-damage|p1a: Heatran|4\/100\n|move|p1a: Heatran|Flamethrower|p2a: George\n|-damage|p2a: George|38\/100\n|-status|p2a: George|brn\n|\n|-damage|p2a: George|32\/100 brn|[from] brn\n|upkeep\n|turn|18\n|\n|t:|1699483636\n|move|p2a: George|Thunderbolt|p1a: Heatran\n|-damage|p1a: Heatran|0 fnt\n|faint|p1a: Heatran\n|\n|-damage|p2a: George|26\/100 brn|[from] brn\n|upkeep\n|\n|t:|1699483640\n|switch|p1a: Kingambit|Kingambit, L38, F|100\/100\n|-activate|p1a: Kingambit|ability: Supreme Overlord\n|-start|p1a: Kingambit|fallen4|[silent]\n|turn|19\n|\n|t:|1699483642\n|switch|p2a: Dragonair|Dragonair, L38, M|100\/100\n|move|p1a: Kingambit|Protect||[still]\n|-fail|p1a: Kingambit\n|\n|upkeep\n|turn|20\n|\n|t:|1699483647\n|move|p1a: Kingambit|Sucker Punch||[still]\n|-fail|p1a: Kingambit\n|move|p2a: Dragonair|Agility|p2a: Dragonair\n|-boost|p2a: Dragonair|spe|2\n|\n|upkeep\n|turn|21\n|\n|t:|1699483652\n|move|p1a: Kingambit|Protect|p1a: Kingambit\n|-singleturn|p1a: Kingambit|Protect\n|move|p2a: Dragonair|Fire Blast|p1a: Kingambit\n|-activate|p1a: Kingambit|move: Protect\n|\n|upkeep\n|turn|22\n|\n|t:|1699483657\n|move|p1a: Kingambit|Sucker Punch||[still]\n|-fail|p1a: Kingambit\n|move|p2a: Dragonair|Agility|p2a: Dragonair\n|-boost|p2a: Dragonair|spe|2\n|\n|upkeep\n|turn|23\n|\n|t:|1699483661\n|move|p1a: Kingambit|Sucker Punch||[still]\n|-fail|p1a: Kingambit\n|move|p2a: Dragonair|Agility|p2a: Dragonair\n|-boost|p2a: Dragonair|spe|2\n|\n|upkeep\n|turn|24\n|\n|t:|1699483667\n|move|p1a: Kingambit|Sucker Punch|p2a: Dragonair\n|-damage|p2a: Dragonair|3\/100\n|move|p2a: Dragonair|Fire Blast|p1a: Kingambit\n|-supereffective|p1a: Kingambit\n|-damage|p1a: Kingambit|43\/100\n|\n|upkeep\n|turn|25\n|\n|t:|1699483674\n|move|p1a: Kingambit|Sucker Punch||[still]\n|-fail|p1a: Kingambit\n|move|p2a: Dragonair|Rest|p2a: Dragonair\n|-status|p2a: Dragonair|slp|[from] move: Rest\n|-heal|p2a: Dragonair|100\/100 slp|[silent]\n|\n|-activate|p2a: Dragonair|ability: Shed Skin\n|-curestatus|p2a: Dragonair|slp|[msg]\n|upkeep\n|turn|26\n|\n|t:|1699483681\n|-end|p1a: Kingambit|fallen4|[silent]\n|switch|p1a: Corviknight|Corviknight, L40, M, tera:Flying|50\/100\n|-ability|p1a: Corviknight|Pressure\n|move|p2a: Dragonair|Fire Blast|p1a: Corviknight\n|-damage|p1a: Corviknight|33\/100\n|-status|p1a: Corviknight|brn\n|\n|-heal|p1a: Corviknight|39\/100 brn|[from] item: Leftovers\n|-damage|p1a: Corviknight|33\/100 brn|[from] brn\n|upkeep\n|turn|27\n|\n|t:|1699483697\n|move|p2a: Dragonair|Draco Meteor|p1a: Corviknight\n|-damage|p1a: Corviknight|0 fnt\n|-unboost|p2a: Dragonair|spa|2\n|faint|p1a: Corviknight\n|\n|upkeep\n|\n|t:|1699483700\n|switch|p1a: Kingambit|Kingambit, L38, F|43\/100\n|-activate|p1a: Kingambit|ability: Supreme Overlord\n|-start|p1a: Kingambit|fallen5|[silent]\n|turn|28\n|\n|t:|1699483703\n|move|p2a: Dragonair|Fire Blast|p1a: Kingambit|[miss]\n|-miss|p2a: Dragonair|p1a: Kingambit\n|move|p1a: Kingambit|Kowtow Cleave|p2a: Dragonair\n|-enditem|p2a: Dragonair|Focus Sash\n|-damage|p2a: Dragonair|1\/100\n|\n|upkeep\n|turn|29\n|\n|t:|1699483711\n|move|p1a: Kingambit|Protect|p1a: Kingambit\n|-singleturn|p1a: Kingambit|Protect\n|move|p2a: Dragonair|Fire Blast|p1a: Kingambit\n|-activate|p1a: Kingambit|move: Protect\n|\n|upkeep\n|turn|30\n|\n|t:|1699483713\n|move|p2a: Dragonair|Fire Blast|p1a: Kingambit|[miss]\n|-miss|p2a: Dragonair|p1a: Kingambit\n|move|p1a: Kingambit|Kowtow Cleave|p2a: Dragonair\n|-damage|p2a: Dragonair|0 fnt\n|faint|p2a: Dragonair\n|\n|upkeep\n|\n|t:|1699483715\n|switch|p2a: Charizard|Charizard-Mega-Y, L38, M|96\/100\n|-weather|SunnyDay|[from] ability: Drought|[of] p2a: Charizard\n|turn|31\n|\n|t:|1699483722\n|move|p2a: Charizard|Flamethrower|p1a: Kingambit\n|-supereffective|p1a: Kingambit\n|-damage|p1a: Kingambit|0 fnt\n|faint|p1a: Kingambit\n|-end|p1a: Kingambit|fallen5|[silent]\n|\n|win|Sc4rletQu33n\n|l|\u2606wedo11\n","uploadtime":1699483730,"views":7,"p1id":"wedo11","p2id":"sc4rletqu33n","formatid":"gen9nationaldexubers","rating":0,"private":0,"password":""}