{"id":"gen9nationaldexubers-1988078506","p1":"Remy savage","p2":"kitmash","format":"[Gen 9] National Dex Ubers","log":"|j|\u2606Remy savage\n|j|\u2606kitmash\n|t:|1699666877\n|gametype|singles\n|player|p1|Remy savage|lusamine-nihilego|1535\n|player|p2|kitmash|101|1601\n|teamsize|p1|6\n|teamsize|p2|6\n|gen|9\n|tier|[Gen 9] National Dex Ubers\n|rated|\n|rule|HP Percentage Mod: HP is shown in percentages\n|rule|Endless Battle Clause: Forcing endless battles is banned\n|rule|OHKO Clause: OHKO moves are banned\n|rule|Evasion Moves Clause: Evasion moves are banned\n|rule|Evasion Items Clause: Evasion items are banned\n|rule|Species Clause: Limit one of each Pok\u00e9mon\n|rule|Sleep Clause Mod: Limit one foe put to sleep\n|rule|Mega Rayquaza Clause: You cannot mega evolve Rayquaza\n|clearpoke\n|poke|p1|Groudon|\n|poke|p1|Kyogre|\n|poke|p1|Zapdos|\n|poke|p1|Giratina-Origin|\n|poke|p1|Ferrothorn, M|\n|poke|p1|Dracovish|\n|poke|p2|Ursaluna-Bloodmoon, M|\n|poke|p2|Chi-Yu|\n|poke|p2|Salamence, M|\n|poke|p2|Arceus-Poison|\n|poke|p2|Lugia|\n|poke|p2|Zacian-*|\n|teampreview\n|inactive|Battle timer is ON: inactive players will automatically lose when time's up. (requested by Remy savage)\n|\n|t:|1699666885\n|start\n|switch|p1a: The Worldo|Groudon|100\/100\n|switch|p2a: Salamence|Salamence, M|100\/100\n|-ability|p2a: Salamence|Intimidate|boost\n|-unboost|p1a: The Worldo|atk|1\n|detailschange|p1a: The Worldo|Groudon-Primal\n|-primal|p1a: The Worldo|Red Orb\n|-weather|DesolateLand|[from] ability: Desolate Land|[of] p1a: The Worldo\n|turn|1\n|\n|t:|1699666896\n|detailschange|p2a: Salamence|Salamence-Mega, M\n|-mega|p2a: Salamence|Salamence|Salamencite\n|move|p1a: The Worldo|Rock Polish|p1a: The Worldo\n|-boost|p1a: The Worldo|spe|2\n|move|p2a: Salamence|Toxic|p1a: The Worldo\n|-status|p1a: The Worldo|tox\n|\n|-weather|DesolateLand|[upkeep]\n|-damage|p1a: The Worldo|94\/100 tox|[from] psn\n|upkeep\n|turn|2\n|\n|t:|1699666907\n|move|p1a: The Worldo|Bulk Up|p1a: The Worldo\n|-boost|p1a: The Worldo|atk|1\n|-boost|p1a: The Worldo|def|1\n|move|p2a: Salamence|Double-Edge|p1a: The Worldo\n|-damage|p1a: The Worldo|64\/100 tox\n|-damage|p2a: Salamence|92\/100|[from] Recoil\n|\n|-weather|DesolateLand|[upkeep]\n|-damage|p1a: The Worldo|52\/100 tox|[from] psn\n|upkeep\n|turn|3\n|\n|t:|1699666923\n|move|p1a: The Worldo|Heat Crash|p2a: Salamence\n|-resisted|p2a: Salamence\n|-damage|p2a: Salamence|56\/100\n|move|p2a: Salamence|Roost|p2a: Salamence\n|-heal|p2a: Salamence|100\/100\n|-singleturn|p2a: Salamence|move: Roost\n|\n|-weather|DesolateLand|[upkeep]\n|-damage|p1a: The Worldo|33\/100 tox|[from] psn\n|upkeep\n|turn|4\n|\n|t:|1699666936\n|-weather|none\n|switch|p1a: Kyoto Sushi|Kyogre|100\/100\n|-weather|RainDance|[from] ability: Drizzle|[of] p1a: Kyoto Sushi\n|move|p2a: Salamence|Double-Edge|p1a: Kyoto Sushi\n|-damage|p1a: Kyoto Sushi|25\/100\n|-damage|p2a: Salamence|79\/100|[from] Recoil\n|\n|-weather|RainDance|[upkeep]\n|upkeep\n|turn|5\n|\n|t:|1699666948\n|switch|p2a: Lugia|Lugia|100\/100\n|move|p1a: Kyoto Sushi|Thunder|p2a: Lugia\n|-supereffective|p2a: Lugia\n|-damage|p2a: Lugia|82\/100\n|\n|-weather|RainDance|[upkeep]\n|upkeep\n|turn|6\n|\n|t:|1699666973\n|switch|p2a: Ursaluna|Ursaluna-Bloodmoon, M|100\/100\n|move|p1a: Kyoto Sushi|Thunder|p2a: Ursaluna\n|-immune|p2a: Ursaluna\n|\n|-weather|RainDance|[upkeep]\n|upkeep\n|turn|7\n|\n|t:|1699666983\n|switch|p1a: Ambulance #3|Ferrothorn, M, shiny|100\/100\n|-terastallize|p2a: Ursaluna|Fighting\n|move|p2a: Ursaluna|Vacuum Wave|p1a: Ambulance #3\n|-supereffective|p1a: Ambulance #3\n|-damage|p1a: Ambulance #3|36\/100\n|\n|-weather|RainDance|[upkeep]\n|-heal|p1a: Ambulance #3|42\/100|[from] item: Leftovers\n|upkeep\n|turn|8\n|\n|t:|1699666996\n|switch|p1a: Fry em' Up|Zapdos|100\/100\n|move|p2a: Ursaluna|Vacuum Wave|p1a: Fry em' Up\n|-resisted|p1a: Fry em' Up\n|-damage|p1a: Fry em' Up|82\/100\n|\n|-weather|none\n|upkeep\n|turn|9\n|\n|t:|1699667009\n|switch|p1a: Ambulance #3|Ferrothorn, M, shiny|42\/100\n|switch|p2a: Arceus|Arceus-Poison|100\/100\n|\n|-heal|p1a: Ambulance #3|48\/100|[from] item: Leftovers\n|upkeep\n|turn|10\n|\n|t:|1699667018\n|move|p2a: Arceus|Seismic Toss|p1a: Ambulance #3\n|-damage|p1a: Ambulance #3|20\/100\n|-damage|p2a: Arceus|88\/100|[from] ability: Iron Barbs|[of] p1a: Ambulance #3\n|move|p1a: Ambulance #3|Leech Seed|p2a: Arceus|[miss]\n|-miss|p1a: Ambulance #3|p2a: Arceus\n|\n|-heal|p1a: Ambulance #3|26\/100|[from] item: Leftovers\n|upkeep\n|turn|11\n|\n|t:|1699667028\n|switch|p1a: Goddess Tina|Giratina-Origin|100\/100\n|move|p2a: Arceus|Seismic Toss|p1a: Goddess Tina\n|-immune|p1a: Goddess Tina\n|\n|upkeep\n|turn|12\n|\n|t:|1699667035\n|move|p2a: Arceus|Will-O-Wisp|p1a: Goddess Tina|[miss]\n|-miss|p2a: Arceus|p1a: Goddess Tina\n|move|p1a: Goddess Tina|Poltergeist|p2a: Arceus\n|-activate|p2a: Arceus|move: Poltergeist|Toxic Plate\n|-damage|p2a: Arceus|44\/100\n|\n|upkeep\n|turn|13\n|\n|t:|1699667044\n|switch|p1a: Fry em' Up|Zapdos|82\/100\n|move|p2a: Arceus|Recover|p2a: Arceus\n|-heal|p2a: Arceus|94\/100\n|\n|upkeep\n|turn|14\n|\n|t:|1699667052\n|move|p2a: Arceus|Gunk Shot|p1a: Fry em' Up\n|-damage|p1a: Fry em' Up|20\/100\n|-status|p1a: Fry em' Up|psn\n|move|p1a: Fry em' Up|Discharge|p2a: Arceus\n|-damage|p2a: Arceus|72\/100\n|\n|-damage|p1a: Fry em' Up|8\/100 psn|[from] psn\n|upkeep\n|turn|15\n|\n|t:|1699667063\n|move|p2a: Arceus|Seismic Toss|p1a: Fry em' Up\n|-damage|p1a: Fry em' Up|0 fnt\n|-status|p2a: Arceus|par|[from] ability: Static|[of] p1a: Fry em' Up\n|faint|p1a: Fry em' Up\n|\n|upkeep\n|\n|t:|1699667069\n|switch|p1a: Aquamarine|Dracovish, shiny|100\/100\n|turn|16\n|\n|t:|1699667094\n|-terastallize|p1a: Aquamarine|Water\n|move|p1a: Aquamarine|Fishious Rend|p2a: Arceus\n|-damage|p2a: Arceus|0 fnt\n|faint|p2a: Arceus\n|\n|upkeep\n|\n|t:|1699667099\n|switch|p2a: Salamence|Salamence-Mega, M|79\/100\n|turn|17\n|\n|t:|1699667104\n|move|p2a: Salamence|Double-Edge|p1a: Aquamarine\n|-damage|p1a: Aquamarine|44\/100\n|-damage|p2a: Salamence|61\/100|[from] Recoil\n|move|p1a: Aquamarine|Fishious Rend|p2a: Salamence\n|-resisted|p2a: Salamence\n|-damage|p2a: Salamence|32\/100\n|\n|upkeep\n|turn|18\n|\n|t:|1699667114\n|switch|p1a: Ambulance #3|Ferrothorn, M, shiny|26\/100\n|move|p2a: Salamence|Roost|p2a: Salamence\n|-heal|p2a: Salamence|82\/100\n|-singleturn|p2a: Salamence|move: Roost\n|\n|-heal|p1a: Ambulance #3|32\/100|[from] item: Leftovers\n|upkeep\n|turn|19\n|\n|t:|1699667124\n|move|p2a: Salamence|Double-Edge|p1a: Ambulance #3\n|-damage|p1a: Ambulance #3|0 fnt\n|-damage|p2a: Salamence|70\/100|[from] ability: Iron Barbs|[of] p1a: Ambulance #3\n|faint|p1a: Ambulance #3\n|-damage|p2a: Salamence|60\/100|[from] Recoil\n|\n|upkeep\n|\n|t:|1699667133\n|switch|p1a: Kyoto Sushi|Kyogre|25\/100\n|-weather|RainDance|[from] ability: Drizzle|[of] p1a: Kyoto Sushi\n|turn|20\n|\n|t:|1699667156\n|switch|p2a: Lugia|Lugia|82\/100\n|move|p1a: Kyoto Sushi|Ice Beam|p2a: Lugia\n|-supereffective|p2a: Lugia\n|-damage|p2a: Lugia|50\/100\n|\n|-weather|RainDance|[upkeep]\n|upkeep\n|turn|21\n|\n|t:|1699667167\n|move|p1a: Kyoto Sushi|Ice Beam|p2a: Lugia\n|-supereffective|p2a: Lugia\n|-damage|p2a: Lugia|22\/100\n|move|p2a: Lugia|Aeroblast|p1a: Kyoto Sushi\n|-damage|p1a: Kyoto Sushi|1\/100\n|\n|-weather|RainDance|[upkeep]\n|upkeep\n|turn|22\n|\n|t:|1699667176\n|move|p1a: Kyoto Sushi|Ice Beam|p2a: Lugia\n|-supereffective|p2a: Lugia\n|-damage|p2a: Lugia|0 fnt\n|faint|p2a: Lugia\n|\n|-weather|RainDance|[upkeep]\n|upkeep\n|\n|t:|1699667193\n|switch|p2a: Chi-Yu|Chi-Yu|100\/100\n|-ability|p2a: Chi-Yu|Beads of Ruin\n|turn|23\n|\n|t:|1699667215\n|switch|p1a: The Worldo|Groudon-Primal|33\/100 tox\n|-weather|DesolateLand|[from] ability: Desolate Land|[of] p1a: The Worldo\n|move|p2a: Chi-Yu|Dark Pulse|p1a: The Worldo\n|-damage|p1a: The Worldo|0 fnt\n|faint|p1a: The Worldo\n|-weather|none\n|\n|upkeep\n|\n|t:|1699667225\n|switch|p1a: Goddess Tina|Giratina-Origin|100\/100\n|turn|24\n|\n|t:|1699667228\n|move|p2a: Chi-Yu|Dark Pulse|p1a: Goddess Tina\n|-supereffective|p1a: Goddess Tina\n|-damage|p1a: Goddess Tina|0 fnt\n|faint|p1a: Goddess Tina\n|\n|upkeep\n|\n|t:|1699667235\n|switch|p1a: Kyoto Sushi|Kyogre|1\/100\n|-weather|RainDance|[from] ability: Drizzle|[of] p1a: Kyoto Sushi\n|turn|25\n|\n|t:|1699667240\n|move|p1a: Kyoto Sushi|Thunder|p2a: Chi-Yu\n|-damage|p2a: Chi-Yu|51\/100\n|move|p2a: Chi-Yu|Dark Pulse|p1a: Kyoto Sushi\n|-crit|p1a: Kyoto Sushi\n|-damage|p1a: Kyoto Sushi|0 fnt\n|faint|p1a: Kyoto Sushi\n|\n|-weather|RainDance|[upkeep]\n|upkeep\n|-message|Remy savage forfeited.\n|\n|win|kitmash\n|raw|Remy savage's rating: 1535 &rarr; <strong>1519<\/strong><br \/>(-16 for losing)\n|raw|kitmash's rating: 1601 &rarr; <strong>1617<\/strong><br \/>(+16 for winning)\n|l|\u2606Remy savage\n","uploadtime":1699667265,"views":16,"p1id":"remysavage","p2id":"kitmash","formatid":"gen9nationaldexubers","rating":1519,"private":0,"password":""}