{"id":"gen9nationaldexubers-1982158624","p1":"27frd","p2":"MegaLoadMan","format":"[Gen 9] National Dex Ubers","log":"|j|\u260627frd\n|j|\u203dMegaLoadMan\n|t:|1698973926\n|gametype|singles\n|player|p1|27frd|hilbert|1400\n|player|p2|MegaLoadMan|wallace|1290\n|teamsize|p1|6\n|teamsize|p2|6\n|gen|9\n|tier|[Gen 9] National Dex Ubers\n|rated|\n|rule|HP Percentage Mod: HP is shown in percentages\n|rule|Endless Battle Clause: Forcing endless battles is banned\n|rule|OHKO Clause: OHKO moves are banned\n|rule|Evasion Moves Clause: Evasion moves are banned\n|rule|Evasion Items Clause: Evasion items are banned\n|rule|Species Clause: Limit one of each Pok\u00e9mon\n|rule|Sleep Clause Mod: Limit one foe put to sleep\n|rule|Mega Rayquaza Clause: You cannot mega evolve Rayquaza\n|clearpoke\n|poke|p1|Arceus|\n|poke|p1|Reshiram|\n|poke|p1|Zygarde|\n|poke|p1|Necrozma-Dusk-Mane|\n|poke|p1|Spectrier|\n|poke|p1|Mewtwo|\n|poke|p2|Gliscor, F|\n|poke|p2|Gholdengo|\n|poke|p2|Baxcalibur, M|\n|poke|p2|Goodra-Hisui, F|\n|poke|p2|Landorus-Therian, M|\n|poke|p2|Ogerpon-Wellspring, F|\n|teampreview\n|\n|t:|1698973940\n|start\n|switch|p1a: Mewtwo|Mewtwo|100\/100\n|switch|p2a: Landorus|Landorus-Therian, M|100\/100\n|-ability|p2a: Landorus|Intimidate|boost\n|-unboost|p1a: Mewtwo|atk|1\n|-ability|p1a: Mewtwo|Pressure\n|turn|1\n|\n|t:|1698973943\n|detailschange|p1a: Mewtwo|Mewtwo-Mega-Y\n|-mega|p1a: Mewtwo|Mewtwo|Mewtwonite Y\n|move|p2a: Landorus|Knock Off|p1a: Mewtwo\n|-supereffective|p1a: Mewtwo\n|-damage|p1a: Mewtwo|30\/100\n|move|p1a: Mewtwo|Ice Beam|p2a: Landorus\n|-supereffective|p2a: Landorus\n|-damage|p2a: Landorus|0 fnt\n|faint|p2a: Landorus\n|\n|upkeep\n|\n|t:|1698973958\n|switch|p2a: Goodra|Goodra-Hisui, F|100\/100\n|turn|2\n|\n|t:|1698973962\n|move|p1a: Mewtwo|Aura Sphere|p2a: Goodra\n|-supereffective|p2a: Goodra\n|-crit|p2a: Goodra\n|-damage|p2a: Goodra|20\/100\n|move|p2a: Goodra|Knock Off|p1a: Mewtwo\n|-supereffective|p1a: Mewtwo\n|-damage|p1a: Mewtwo|0 fnt\n|faint|p1a: Mewtwo\n|\n|-heal|p2a: Goodra|26\/100|[from] item: Leftovers\n|upkeep\n|\n|t:|1698973971\n|switch|p1a: Necrozma|Necrozma-Dusk-Mane|100\/100\n|turn|3\n|\n|t:|1698973975\n|move|p1a: Necrozma|Dragon Dance|p1a: Necrozma\n|-boost|p1a: Necrozma|atk|1\n|-boost|p1a: Necrozma|spe|1\n|move|p2a: Goodra|Knock Off|p1a: Necrozma\n|-supereffective|p1a: Necrozma\n|-damage|p1a: Necrozma|70\/100\n|\n|-heal|p2a: Goodra|32\/100|[from] item: Leftovers\n|upkeep\n|turn|4\n|\n|t:|1698973984\n|detailschange|p1a: Necrozma|Necrozma-Ultra\n|-burst|p1a: Necrozma|Necrozma|Ultranecrozium Z\n|move|p1a: Necrozma|Earth Power|p2a: Goodra\n|-supereffective|p2a: Goodra\n|-damage|p2a: Goodra|0 fnt\n|faint|p2a: Goodra\n|\n|upkeep\n|inactive|Battle timer is ON: inactive players will automatically lose when time's up. (requested by 27frd)\n|\n|t:|1698974007\n|switch|p2a: Gholdengo|Gholdengo|100\/100\n|-item|p2a: Gholdengo|Air Balloon\n|turn|5\n|\n|t:|1698974011\n|move|p1a: Necrozma|Photon Geyser|p2a: Gholdengo\n|-resisted|p2a: Gholdengo\n|-damage|p2a: Gholdengo|55\/100\n|-enditem|p2a: Gholdengo|Air Balloon\n|move|p2a: Gholdengo|Shadow Ball|p1a: Necrozma\n|-supereffective|p1a: Necrozma\n|-damage|p1a: Necrozma|0 fnt\n|faint|p1a: Necrozma\n|\n|upkeep\n|\n|t:|1698974014\n|switch|p1a: Zygarde|Zygarde|100\/100\n|turn|6\n|\n|t:|1698974039\n|switch|p2a: Gliscor|Gliscor, F|100\/100\n|move|p1a: Zygarde|Dragon Dance|p1a: Zygarde\n|-boost|p1a: Zygarde|atk|1\n|-boost|p1a: Zygarde|spe|1\n|\n|-status|p2a: Gliscor|tox|[from] item: Toxic Orb\n|upkeep\n|turn|7\n|\n|t:|1698974047\n|move|p1a: Zygarde|Thousand Arrows|p2a: Gliscor\n|-damage|p2a: Gliscor|70\/100 tox\n|-start|p2a: Gliscor|Smack Down\n|move|p2a: Gliscor|Toxic|p1a: Zygarde\n|-status|p1a: Zygarde|tox\n|\n|-damage|p1a: Zygarde|94\/100 tox|[from] psn\n|-heal|p2a: Gliscor|82\/100 tox|[from] ability: Poison Heal\n|upkeep\n|turn|8\n|\n|t:|1698974057\n|switch|p2a: Baxcalibur|Baxcalibur, M|100\/100\n|move|p1a: Zygarde|Dragon Dance|p1a: Zygarde\n|-boost|p1a: Zygarde|atk|1\n|-boost|p1a: Zygarde|spe|1\n|\n|-damage|p1a: Zygarde|82\/100 tox|[from] psn\n|upkeep\n|turn|9\n|\n|t:|1698974067\n|-terastallize|p2a: Baxcalibur|Fairy\n|move|p2a: Baxcalibur|Ice Shard|p1a: Zygarde\n|-supereffective|p1a: Zygarde\n|-enditem|p1a: Zygarde|Yache Berry|[eat]\n|-enditem|p1a: Zygarde|Yache Berry|[weaken]\n|-damage|p1a: Zygarde|50\/100 tox\n|move|p1a: Zygarde|Iron Tail|p2a: Baxcalibur\n|-supereffective|p2a: Baxcalibur\n|-damage|p2a: Baxcalibur|17\/100\n|-unboost|p2a: Baxcalibur|def|1\n|\n|-damage|p1a: Zygarde|32\/100 tox|[from] psn\n|-activate|p1a: Zygarde|ability: Power Construct\n|detailschange|p1a: Zygarde|Zygarde-Complete\n|-heal|p1a: Zygarde|58\/100 tox|[silent]\n|upkeep\n|turn|10\n|\n|t:|1698974081\n|move|p1a: Zygarde|Extreme Speed|p2a: Baxcalibur\n|-damage|p2a: Baxcalibur|0 fnt\n|faint|p2a: Baxcalibur\n|\n|-damage|p1a: Zygarde|33\/100 tox|[from] psn\n|upkeep\n|\n|t:|1698974089\n|switch|p2a: Gliscor|Gliscor, F|82\/100 tox\n|turn|11\n|\n|t:|1698974094\n|move|p2a: Gliscor|Protect|p2a: Gliscor\n|-singleturn|p2a: Gliscor|Protect\n|move|p1a: Zygarde|Thousand Arrows|p2a: Gliscor\n|-activate|p2a: Gliscor|move: Protect\n|\n|-damage|p1a: Zygarde|3\/100 tox|[from] psn\n|-heal|p2a: Gliscor|95\/100 tox|[from] ability: Poison Heal\n|upkeep\n|turn|12\n|\n|t:|1698974106\n|switch|p2a: Ogerpon|Ogerpon-Wellspring, F|100\/100\n|move|p1a: Zygarde|Thousand Arrows|p2a: Ogerpon\n|-resisted|p2a: Ogerpon\n|-damage|p2a: Ogerpon|62\/100\n|\n|-damage|p1a: Zygarde|0 fnt|[from] psn\n|faint|p1a: Zygarde\n|upkeep\n|\n|t:|1698974116\n|switch|p1a: Reshiram|Reshiram|100\/100\n|-ability|p1a: Reshiram|Turboblaze\n|turn|13\n|\n|t:|1698974128\n|move|p2a: Ogerpon|Swords Dance|p2a: Ogerpon\n|-boost|p2a: Ogerpon|atk|2\n|move|p1a: Reshiram|Flame Charge|p2a: Ogerpon\n|-damage|p2a: Ogerpon|24\/100\n|-boost|p1a: Reshiram|spe|1\n|\n|upkeep\n|turn|14\n|\n|t:|1698974135\n|move|p2a: Ogerpon|Ivy Cudgel|p1a: Reshiram\n|-damage|p1a: Reshiram|0 fnt\n|faint|p1a: Reshiram\n|\n|upkeep\n|\n|t:|1698974142\n|switch|p1a: Arceus|Arceus|100\/100\n|turn|15\n|\n|t:|1698974148\n|move|p1a: Arceus|Body Slam|p2a: Ogerpon\n|-damage|p2a: Ogerpon|0 fnt\n|faint|p2a: Ogerpon\n|\n|upkeep\n|\n|t:|1698974152\n|switch|p2a: Gliscor|Gliscor, F|95\/100 tox\n|turn|16\n|\n|t:|1698974157\n|move|p1a: Arceus|Magic Coat|p1a: Arceus\n|-singleturn|p1a: Arceus|move: Magic Coat\n|move|p2a: Gliscor|Toxic|p1a: Arceus\n|move|p1a: Arceus|Toxic|p2a: Gliscor|[from]Magic Coat\n|-fail|p2a: Gliscor|tox\n|\n|-heal|p2a: Gliscor|100\/100 tox|[from] ability: Poison Heal\n|upkeep\n|turn|17\n|\n|t:|1698974161\n|move|p1a: Arceus|Body Slam|p2a: Gliscor\n|-damage|p2a: Gliscor|80\/100 tox\n|move|p2a: Gliscor|Toxic|p1a: Arceus\n|-status|p1a: Arceus|tox\n|\n|-damage|p1a: Arceus|94\/100 tox|[from] psn\n|-heal|p2a: Gliscor|93\/100 tox|[from] ability: Poison Heal\n|upkeep\n|turn|18\n|\n|t:|1698974168\n|move|p1a: Arceus|Body Slam|p2a: Gliscor\n|-damage|p2a: Gliscor|72\/100 tox\n|move|p2a: Gliscor|Spikes|p1a: Arceus\n|-sidestart|p1: 27frd|Spikes\n|\n|-heal|p1a: Arceus|100\/100 tox|[from] item: Leftovers\n|-damage|p1a: Arceus|88\/100 tox|[from] psn\n|-heal|p2a: Gliscor|84\/100 tox|[from] ability: Poison Heal\n|upkeep\n|turn|19\n|\n|t:|1698974177\n|move|p1a: Arceus|Defog|p2a: Gliscor\n|-unboost|p2a: Gliscor|evasion|1\n|-sideend|p1: 27frd|Spikes|[from] move: Defog|[of] p1a: Arceus\n|move|p2a: Gliscor|Spikes|p1a: Arceus\n|-sidestart|p1: 27frd|Spikes\n|\n|-heal|p1a: Arceus|94\/100 tox|[from] item: Leftovers\n|-damage|p1a: Arceus|76\/100 tox|[from] psn\n|-heal|p2a: Gliscor|97\/100 tox|[from] ability: Poison Heal\n|upkeep\n|turn|20\n|\n|t:|1698974185\n|move|p1a: Arceus|Body Slam|p2a: Gliscor\n|-damage|p2a: Gliscor|76\/100 tox\n|move|p2a: Gliscor|Spikes|p1a: Arceus\n|-sidestart|p1: 27frd|Spikes\n|\n|-heal|p1a: Arceus|82\/100 tox|[from] item: Leftovers\n|-damage|p1a: Arceus|58\/100 tox|[from] psn\n|-heal|p2a: Gliscor|89\/100 tox|[from] ability: Poison Heal\n|upkeep\n|turn|21\n|\n|t:|1698974195\n|move|p1a: Arceus|Defog|p2a: Gliscor\n|-unboost|p2a: Gliscor|evasion|1\n|-sideend|p1: 27frd|Spikes|[from] move: Defog|[of] p1a: Arceus\n|move|p2a: Gliscor|Spikes|p1a: Arceus\n|-sidestart|p1: 27frd|Spikes\n|\n|-heal|p1a: Arceus|64\/100 tox|[from] item: Leftovers\n|-damage|p1a: Arceus|34\/100 tox|[from] psn\n|-heal|p2a: Gliscor|100\/100 tox|[from] ability: Poison Heal\n|upkeep\n|turn|22\n|\n|t:|1698974210\n|move|p1a: Arceus|Body Slam|p2a: Gliscor\n|-crit|p2a: Gliscor\n|-damage|p2a: Gliscor|74\/100 tox\n|move|p2a: Gliscor|Spikes|p1a: Arceus\n|-sidestart|p1: 27frd|Spikes\n|\n|-heal|p1a: Arceus|40\/100 tox|[from] item: Leftovers\n|-damage|p1a: Arceus|4\/100 tox|[from] psn\n|-heal|p2a: Gliscor|86\/100 tox|[from] ability: Poison Heal\n|upkeep\n|turn|23\n|\n|t:|1698974223\n|move|p2a: Gliscor|Protect|p2a: Gliscor\n|-singleturn|p2a: Gliscor|Protect\n|move|p1a: Arceus|Defog|p2a: Gliscor\n|-activate|p2a: Gliscor|move: Protect\n|\n|-heal|p1a: Arceus|10\/100 tox|[from] item: Leftovers\n|-damage|p1a: Arceus|0 fnt|[from] psn\n|faint|p1a: Arceus\n|-heal|p2a: Gliscor|99\/100 tox|[from] ability: Poison Heal\n|upkeep\n|\n|t:|1698974225\n|switch|p1a: Spectrier|Spectrier|100\/100\n|-damage|p1a: Spectrier|84\/100|[from] Spikes\n|turn|24\n|\n|t:|1698974235\n|move|p1a: Spectrier|Snarl|p2a: Gliscor\n|-damage|p2a: Gliscor|75\/100 tox\n|-unboost|p2a: Gliscor|spa|1\n|-enditem|p1a: Spectrier|Throat Spray\n|-boost|p1a: Spectrier|spa|1|[from] item: Throat Spray\n|move|p2a: Gliscor|Toxic|p1a: Spectrier\n|-status|p1a: Spectrier|tox\n|\n|-damage|p1a: Spectrier|78\/100 tox|[from] psn\n|-heal|p2a: Gliscor|88\/100 tox|[from] ability: Poison Heal\n|upkeep\n|turn|25\n|\n|t:|1698974248\n|move|p2a: Gliscor|Protect|p2a: Gliscor\n|-singleturn|p2a: Gliscor|Protect\n|move|p1a: Spectrier|Shadow Ball|p2a: Gliscor\n|-activate|p2a: Gliscor|move: Protect\n|\n|-damage|p1a: Spectrier|65\/100 tox|[from] psn\n|-heal|p2a: Gliscor|99\/100 tox|[from] ability: Poison Heal\n|upkeep\n|turn|26\n|\n|t:|1698974259\n|switch|p2a: Gholdengo|Gholdengo|55\/100\n|move|p1a: Spectrier|Shadow Ball|p2a: Gholdengo\n|-supereffective|p2a: Gholdengo\n|-damage|p2a: Gholdengo|0 fnt\n|faint|p2a: Gholdengo\n|-ability|p1a: Spectrier|Grim Neigh|boost\n|-boost|p1a: Spectrier|spa|1\n|\n|-damage|p1a: Spectrier|47\/100 tox|[from] psn\n|upkeep\n|\n|t:|1698974268\n|switch|p2a: Gliscor|Gliscor, F|99\/100 tox\n|turn|27\n|\n|t:|1698974271\n|move|p2a: Gliscor|Protect|p2a: Gliscor\n|-singleturn|p2a: Gliscor|Protect\n|move|p1a: Spectrier|Shadow Ball|p2a: Gliscor\n|-activate|p2a: Gliscor|move: Protect\n|\n|-damage|p1a: Spectrier|22\/100 tox|[from] psn\n|-heal|p2a: Gliscor|100\/100 tox|[from] ability: Poison Heal\n|upkeep\n|turn|28\n|\n|t:|1698974279\n|move|p2a: Gliscor|Protect||[still]\n|-fail|p2a: Gliscor\n|move|p1a: Spectrier|Shadow Ball|p2a: Gliscor\n|-damage|p2a: Gliscor|8\/100 tox\n|\n|-damage|p1a: Spectrier|0 fnt|[from] psn\n|faint|p1a: Spectrier\n|\n|win|MegaLoadMan\n|upkeep\n|raw|27frd's rating: 1400 &rarr; <strong>1374<\/strong><br \/>(-26 for losing)\n|raw|MegaLoadMan's rating: 1290 &rarr; <strong>1323<\/strong><br \/>(+33 for winning)\n|l|\u260627frd\n","uploadtime":1698974480,"views":207,"p1id":"27frd","p2id":"megaloadman","formatid":"gen9nationaldexubers","rating":1323,"private":0,"password":""}