{"id":"gen9nationaldexubers-1999082867","p1":"Eeveefan 321","p2":"cartoon cat 44","format":"[Gen 9] National Dex Ubers","log":"|j|\u2606Eeveefan 321\n|j|\u2606cartoon cat 44\n|t:|1701031313\n|gametype|singles\n|player|p1|Eeveefan 321|bugsy|1094\n|player|p2|cartoon cat 44|red|1000\n|teamsize|p1|6\n|teamsize|p2|6\n|gen|9\n|tier|[Gen 9] National Dex Ubers\n|rated|\n|rule|HP Percentage Mod: HP is shown in percentages\n|rule|Endless Battle Clause: Forcing endless battles is banned\n|rule|OHKO Clause: OHKO moves are banned\n|rule|Evasion Moves Clause: Evasion moves are banned\n|rule|Evasion Items Clause: Evasion items are banned\n|rule|Species Clause: Limit one of each Pok\u00e9mon\n|rule|Sleep Clause Mod: Limit one foe put to sleep\n|rule|Mega Rayquaza Clause: You cannot mega evolve Rayquaza\n|clearpoke\n|poke|p1|Dunsparce, M|\n|poke|p1|Indeedee-F, F|\n|poke|p1|Lopunny, M|\n|poke|p1|Ditto|\n|poke|p1|Cinccino, M|\n|poke|p1|Blissey, F|\n|poke|p2|Umbreon, F|\n|poke|p2|Jolteon, M|\n|poke|p2|Flareon, M|\n|poke|p2|Glaceon, F|\n|poke|p2|Leafeon, M|\n|poke|p2|Sylveon, M|\n|teampreview\n|inactive|Battle timer is ON: inactive players will automatically lose when time's up. (requested by Eeveefan 321)\n|c|\u2606Eeveefan 321|I love your team\n|\n|t:|1701031343\n|start\n|switch|p1a: Indeedee|Indeedee-F, F|100\/100\n|switch|p2a: Flareon|Flareon, M|100\/100\n|-fieldstart|move: Psychic Terrain|[from] ability: Psychic Surge|[of] p1a: Indeedee\n|turn|1\n|\n|t:|1701031354\n|move|p1a: Indeedee|Reflect|p1a: Indeedee\n|-sidestart|p1: Eeveefan 321|Reflect\n|move|p2a: Flareon|Overheat|p1a: Indeedee\n|-damage|p1a: Indeedee|50\/100\n|-unboost|p2a: Flareon|spa|2\n|\n|upkeep\n|turn|2\n|\n|t:|1701031362\n|move|p1a: Indeedee|Light Screen|p1a: Indeedee\n|-sidestart|p1: Eeveefan 321|move: Light Screen\n|move|p2a: Flareon|Overheat|p1a: Indeedee\n|-damage|p1a: Indeedee|35\/100\n|-unboost|p2a: Flareon|spa|2\n|\n|upkeep\n|turn|3\n|\n|t:|1701031368\n|switch|p1a: Dunsparce|Dunsparce, M|100\/100\n|move|p2a: Flareon|Flamethrower|p1a: Dunsparce\n|-damage|p1a: Dunsparce|98\/100\n|\n|upkeep\n|turn|4\n|\n|t:|1701031376\n|move|p2a: Flareon|Flamethrower|p1a: Dunsparce\n|-damage|p1a: Dunsparce|95\/100\n|move|p1a: Dunsparce|Glare|p2a: Flareon\n|-status|p2a: Flareon|par\n|\n|upkeep\n|turn|5\n|\n|t:|1701031384\n|move|p1a: Dunsparce|Coil|p1a: Dunsparce\n|-boost|p1a: Dunsparce|atk|1\n|-boost|p1a: Dunsparce|def|1\n|-boost|p1a: Dunsparce|accuracy|1\n|cant|p2a: Flareon|par\n|\n|-fieldend|move: Psychic Terrain\n|upkeep\n|turn|6\n|\n|t:|1701031391\n|move|p1a: Dunsparce|Coil|p1a: Dunsparce\n|-boost|p1a: Dunsparce|atk|1\n|-boost|p1a: Dunsparce|def|1\n|-boost|p1a: Dunsparce|accuracy|1\n|move|p2a: Flareon|Fire Fang|p1a: Dunsparce\n|-damage|p1a: Dunsparce|89\/100\n|\n|upkeep\n|turn|7\n|\n|t:|1701031399\n|move|p1a: Dunsparce|Coil|p1a: Dunsparce\n|-boost|p1a: Dunsparce|atk|1\n|-boost|p1a: Dunsparce|def|1\n|-boost|p1a: Dunsparce|accuracy|1\n|move|p2a: Flareon|Overheat|p1a: Dunsparce|[miss]\n|-miss|p2a: Flareon|p1a: Dunsparce\n|\n|upkeep\n|turn|8\n|\n|t:|1701031406\n|switch|p2a: Sylveon|Sylveon, M|100\/100\n|move|p1a: Dunsparce|Coil|p1a: Dunsparce\n|-boost|p1a: Dunsparce|atk|1\n|-boost|p1a: Dunsparce|def|1\n|-boost|p1a: Dunsparce|accuracy|1\n|\n|-sideend|p1: Eeveefan 321|Reflect\n|upkeep\n|turn|9\n|\n|t:|1701031412\n|move|p2a: Sylveon|Double-Edge|p1a: Dunsparce\n|-damage|p1a: Dunsparce|83\/100\n|-damage|p2a: Sylveon|98\/100|[from] Recoil\n|move|p1a: Dunsparce|Glare|p2a: Sylveon\n|-status|p2a: Sylveon|par\n|\n|-sideend|p1: Eeveefan 321|move: Light Screen\n|upkeep\n|turn|10\n|\n|t:|1701031420\n|move|p1a: Dunsparce|Headbutt|p2a: Sylveon\n|-damage|p2a: Sylveon|29\/100 par\n|cant|p2a: Sylveon|flinch\n|\n|upkeep\n|turn|11\n|\n|t:|1701031427\n|move|p1a: Dunsparce|Coil|p1a: Dunsparce\n|-boost|p1a: Dunsparce|atk|1\n|-boost|p1a: Dunsparce|def|1\n|-boost|p1a: Dunsparce|accuracy|1\n|move|p2a: Sylveon|Double-Edge|p1a: Dunsparce\n|-damage|p1a: Dunsparce|78\/100\n|-damage|p2a: Sylveon|27\/100 par|[from] Recoil\n|\n|upkeep\n|turn|12\n|\n|t:|1701031433\n|move|p1a: Dunsparce|Coil|p1a: Dunsparce\n|-boost|p1a: Dunsparce|atk|1\n|-boost|p1a: Dunsparce|def|1\n|-boost|p1a: Dunsparce|accuracy|1\n|move|p2a: Sylveon|Double-Edge|p1a: Dunsparce\n|-damage|p1a: Dunsparce|74\/100\n|-damage|p2a: Sylveon|26\/100 par|[from] Recoil\n|\n|upkeep\n|turn|13\n|\n|t:|1701031439\n|move|p1a: Dunsparce|Roost|p1a: Dunsparce\n|-heal|p1a: Dunsparce|100\/100\n|-singleturn|p1a: Dunsparce|move: Roost\n|cant|p2a: Sylveon|par\n|\n|upkeep\n|turn|14\n|\n|t:|1701031445\n|move|p1a: Dunsparce|Headbutt|p2a: Sylveon\n|-damage|p2a: Sylveon|0 fnt\n|faint|p2a: Sylveon\n|\n|upkeep\n|\n|t:|1701031448\n|switch|p2a: Flareon|Flareon, M|100\/100 par\n|turn|15\n|\n|t:|1701031454\n|move|p1a: Dunsparce|Headbutt|p2a: Flareon\n|-damage|p2a: Flareon|0 fnt\n|faint|p2a: Flareon\n|\n|upkeep\n|\n|t:|1701031458\n|switch|p2a: Jolteon|Jolteon, M|100\/100\n|turn|16\n|\n|t:|1701031462\n|move|p2a: Jolteon|Discharge|p1a: Dunsparce\n|-damage|p1a: Dunsparce|82\/100\n|move|p1a: Dunsparce|Headbutt|p2a: Jolteon\n|-damage|p2a: Jolteon|0 fnt\n|faint|p2a: Jolteon\n|\n|upkeep\n|\n|t:|1701031467\n|switch|p2a: Glaceon|Glaceon, F|100\/100\n|turn|17\n|\n|t:|1701031472\n|move|p2a: Glaceon|Freeze-Dry|p1a: Dunsparce\n|-damage|p1a: Dunsparce|64\/100\n|move|p1a: Dunsparce|Headbutt|p2a: Glaceon\n|-damage|p2a: Glaceon|34\/100\n|\n|upkeep\n|turn|18\n|\n|t:|1701031480\n|move|p2a: Glaceon|Freeze-Dry|p1a: Dunsparce\n|-damage|p1a: Dunsparce|47\/100\n|move|p1a: Dunsparce|Roost|p1a: Dunsparce\n|-heal|p1a: Dunsparce|97\/100\n|-singleturn|p1a: Dunsparce|move: Roost\n|\n|upkeep\n|turn|19\n|\n|t:|1701031486\n|move|p2a: Glaceon|Freeze-Dry|p1a: Dunsparce\n|-damage|p1a: Dunsparce|80\/100\n|move|p1a: Dunsparce|Headbutt|p2a: Glaceon\n|-damage|p2a: Glaceon|0 fnt\n|faint|p2a: Glaceon\n|\n|upkeep\n|\n|t:|1701031489\n|switch|p2a: Leafeon|Leafeon, M|100\/100\n|turn|20\n|\n|t:|1701031493\n|move|p2a: Leafeon|Leaf Blade|p1a: Dunsparce\n|-damage|p1a: Dunsparce|73\/100\n|move|p1a: Dunsparce|Glare|p2a: Leafeon\n|-status|p2a: Leafeon|par\n|\n|upkeep\n|turn|21\n|\n|t:|1701031501\n|move|p1a: Dunsparce|Headbutt|p2a: Leafeon\n|-crit|p2a: Leafeon\n|-damage|p2a: Leafeon|14\/100 par\n|-enditem|p2a: Leafeon|Aguav Berry|[eat]\n|-heal|p2a: Leafeon|47\/100 par|[from] item: Aguav Berry\n|cant|p2a: Leafeon|flinch\n|\n|upkeep\n|turn|22\n|\n|t:|1701031508\n|move|p1a: Dunsparce|Headbutt|p2a: Leafeon\n|-damage|p2a: Leafeon|0 fnt\n|faint|p2a: Leafeon\n|\n|upkeep\n|\n|t:|1701031511\n|switch|p2a: Umbreon|Umbreon, F|100\/100\n|turn|23\n|\n|t:|1701031518\n|-terastallize|p2a: Umbreon|Dark\n|move|p2a: Umbreon|Dark Pulse|p1a: Dunsparce\n|-damage|p1a: Dunsparce|57\/100\n|cant|p1a: Dunsparce|flinch\n|\n|upkeep\n|turn|24\n|\n|t:|1701031528\n|move|p2a: Umbreon|Hyper Beam|p1a: Dunsparce\n|-damage|p1a: Dunsparce|44\/100\n|-mustrecharge|p2a: Umbreon\n|move|p1a: Dunsparce|Glare|p2a: Umbreon\n|-status|p2a: Umbreon|par\n|\n|upkeep\n|turn|25\n|\n|t:|1701031537\n|move|p1a: Dunsparce|Headbutt|p2a: Umbreon\n|-damage|p2a: Umbreon|36\/100 par\n|cant|p2a: Umbreon|recharge\n|\n|upkeep\n|turn|26\n|\n|t:|1701031542\n|move|p1a: Dunsparce|Headbutt|p2a: Umbreon\n|-damage|p2a: Umbreon|0 fnt\n|faint|p2a: Umbreon\n|\n|win|Eeveefan 321\n|raw|Eeveefan 321's rating: 1094 &rarr; <strong>1113<\/strong><br \/>(+19 for winning)\n|raw|cartoon cat 44's rating: 1000 &rarr; <strong>1000<\/strong><br \/>(+0 for losing)\n","uploadtime":1701031546,"views":3,"p1id":"eeveefan321","p2id":"cartooncat44","formatid":"gen9nationaldexubers","rating":1000,"private":0,"password":""}