{"id":"gen9nationaldexubers-1990080384","p1":"Djujao","p2":"Aroma Nobody","format":"[Gen 9] National Dex Ubers","log":"|j|\u2606Djujao\n|j|\u2606Aroma Nobody\n|t:|1699922426\n|gametype|singles\n|player|p1|Djujao|pilot|\n|player|p2|Aroma Nobody|turo-ai|\n|teamsize|p1|6\n|teamsize|p2|6\n|gen|9\n|tier|[Gen 9] National Dex Ubers\n|rule|HP Percentage Mod: HP is shown in percentages\n|rule|Endless Battle Clause: Forcing endless battles is banned\n|rule|OHKO Clause: OHKO moves are banned\n|rule|Evasion Moves Clause: Evasion moves are banned\n|rule|Evasion Items Clause: Evasion items are banned\n|rule|Species Clause: Limit one of each Pok\u00e9mon\n|rule|Sleep Clause Mod: Limit one foe put to sleep\n|rule|Mega Rayquaza Clause: You cannot mega evolve Rayquaza\n|clearpoke\n|poke|p1|Great Tusk|\n|poke|p1|Gholdengo|\n|poke|p1|Ribombee, M|\n|poke|p1|Rotom-Heat|\n|poke|p1|Ogerpon-Cornerstone, F|\n|poke|p1|Manaphy|\n|poke|p2|Walking Wake|\n|poke|p2|Torkoal, M|\n|poke|p2|Urshifu-*, M|\n|poke|p2|Iron Bundle|\n|poke|p2|Greninja-*, F|\n|poke|p2|Slowbro, F|\n|teampreview\n|c|\u2606Aroma Nobody|glhf\n|c|\u2606Djujao|glhf!\n|\n|t:|1699922459\n|start\n|switch|p1a: Ribombee|Ribombee, M|100\/100\n|switch|p2a: Iron Bundle|Iron Bundle|100\/100\n|turn|1\n|\n|t:|1699922466\n|move|p2a: Iron Bundle|Flip Turn|p1a: Ribombee\n|-damage|p1a: Ribombee|68\/100\n|\n|t:|1699922511\n|-end|p2a: Iron Bundle|Quark Drive|[silent]\n|switch|p2a: Torkoal|Torkoal, M|100\/100|[from] Flip Turn\n|-weather|SunnyDay|[from] ability: Drought|[of] p2a: Torkoal\n|move|p1a: Ribombee|Sticky Web|p2a: Torkoal\n|-sidestart|p2: Aroma Nobody|move: Sticky Web\n|\n|-weather|SunnyDay|[upkeep]\n|upkeep\n|turn|2\n|\n|t:|1699922519\n|move|p1a: Ribombee|U-turn|p2a: Torkoal\n|-resisted|p2a: Torkoal\n|-damage|p2a: Torkoal|96\/100\n|\n|t:|1699922527\n|switch|p1a: Rotom|Rotom-Heat|100\/100|[from] U-turn\n|move|p2a: Torkoal|Stealth Rock|p1a: Rotom\n|-sidestart|p1: Djujao|move: Stealth Rock\n|\n|-weather|SunnyDay|[upkeep]\n|upkeep\n|turn|3\n|\n|t:|1699922575\n|switch|p1a: Great Tusk|Great Tusk|100\/100\n|-damage|p1a: Great Tusk|98\/100|[from] Stealth Rock\n|-activate|p1a: Great Tusk|ability: Protosynthesis\n|-start|p1a: Great Tusk|protosynthesisatk\n|move|p2a: Torkoal|Rapid Spin|p1a: Great Tusk\n|-damage|p1a: Great Tusk|91\/100\n|-boost|p2a: Torkoal|spe|1\n|-sideend|p2: Aroma Nobody|Sticky Web|[from] move: Rapid Spin|[of] p2a: Torkoal\n|\n|-weather|SunnyDay|[upkeep]\n|upkeep\n|turn|4\n|\n|t:|1699922594\n|switch|p2a: Slowbro|Slowbro, F|100\/100\n|move|p1a: Great Tusk|Earthquake|p2a: Slowbro\n|-damage|p2a: Slowbro|62\/100\n|\n|-weather|SunnyDay|[upkeep]\n|upkeep\n|turn|5\n|\n|t:|1699922612\n|switch|p2a: Iron Bundle|Iron Bundle|100\/100\n|-terastallize|p1a: Great Tusk|Grass\n|move|p1a: Great Tusk|Tera Blast|p2a: Iron Bundle|[anim] Tera Blast Grass\n|-supereffective|p2a: Iron Bundle\n|-damage|p2a: Iron Bundle|0 fnt\n|faint|p2a: Iron Bundle\n|-end|p2a: Iron Bundle|Quark Drive|[silent]\n|\n|-weather|none\n|-end|p1a: Great Tusk|Protosynthesis\n|upkeep\n|-enditem|p1a: Great Tusk|Booster Energy\n|-activate|p1a: Great Tusk|ability: Protosynthesis|[fromitem]\n|-start|p1a: Great Tusk|protosynthesisatk\n|\n|t:|1699922620\n|switch|p2a: Torkoal|Torkoal, M|96\/100\n|-weather|SunnyDay|[from] ability: Drought|[of] p2a: Torkoal\n|turn|6\n|\n|t:|1699922627\n|move|p1a: Great Tusk|Earthquake|p2a: Torkoal\n|-supereffective|p2a: Torkoal\n|-damage|p2a: Torkoal|26\/100\n|move|p2a: Torkoal|Overheat|p1a: Great Tusk\n|-supereffective|p1a: Great Tusk\n|-damage|p1a: Great Tusk|0 fnt\n|-unboost|p2a: Torkoal|spa|2\n|-enditem|p2a: Torkoal|Eject Pack\n|faint|p1a: Great Tusk\n|-end|p1a: Great Tusk|Protosynthesis|[silent]\n|\n|t:|1699922640\n|switch|p2a: Walking Wake|Walking Wake|100\/100\n|-activate|p2a: Walking Wake|ability: Protosynthesis\n|-start|p2a: Walking Wake|protosynthesisspa\n|\n|-weather|SunnyDay|[upkeep]\n|upkeep\n|\n|t:|1699922657\n|switch|p1a: Ribombee|Ribombee, M|68\/100\n|-damage|p1a: Ribombee|43\/100|[from] Stealth Rock\n|turn|7\n|\n|t:|1699922723\n|move|p1a: Ribombee|Moonblast|p2a: Walking Wake\n|-supereffective|p2a: Walking Wake\n|-damage|p2a: Walking Wake|3\/100\n|move|p2a: Walking Wake|Hydro Steam|p1a: Ribombee\n|-damage|p1a: Ribombee|0 fnt\n|faint|p1a: Ribombee\n|\n|-weather|SunnyDay|[upkeep]\n|upkeep\n|\n|t:|1699922730\n|switch|p1a: Ogerpon|Ogerpon-Cornerstone, F|100\/100\n|-damage|p1a: Ogerpon|88\/100|[from] Stealth Rock\n|turn|8\n|\n|t:|1699922745\n|move|p1a: Ogerpon|Trailblaze|p2a: Walking Wake\n|-damage|p2a: Walking Wake|0 fnt\n|-boost|p1a: Ogerpon|spe|1\n|faint|p2a: Walking Wake\n|-end|p2a: Walking Wake|Protosynthesis|[silent]\n|\n|-weather|SunnyDay|[upkeep]\n|upkeep\n|\n|t:|1699922753\n|switch|p2a: Greninja|Greninja, F|100\/100\n|turn|9\n|\n|t:|1699922760\n|move|p2a: Greninja|Ice Beam|p1a: Ogerpon\n|-start|p2a: Greninja|typechange|Ice|[from] ability: Protean\n|-supereffective|p1a: Ogerpon\n|-damage|p1a: Ogerpon|0 fnt\n|faint|p1a: Ogerpon\n|\n|-weather|SunnyDay|[upkeep]\n|upkeep\n|\n|t:|1699922770\n|switch|p1a: Manaphy|Manaphy|100\/100\n|-damage|p1a: Manaphy|88\/100|[from] Stealth Rock\n|turn|10\n|\n|t:|1699922786\n|switch|p2a: Urshifu|Urshifu-Rapid-Strike, M|100\/100\n|move|p1a: Manaphy|Tail Glow|p1a: Manaphy\n|-boost|p1a: Manaphy|spa|3\n|\n|-weather|none\n|-heal|p1a: Manaphy|94\/100|[from] item: Leftovers\n|upkeep\n|turn|11\n|\n|t:|1699922795\n|move|p1a: Manaphy|Dazzling Gleam|p2a: Urshifu\n|-supereffective|p2a: Urshifu\n|-damage|p2a: Urshifu|0 fnt\n|faint|p2a: Urshifu\n|\n|-heal|p1a: Manaphy|100\/100|[from] item: Leftovers\n|upkeep\n|\n|t:|1699922803\n|switch|p2a: Slowbro|Slowbro, F|95\/100\n|turn|12\n|\n|t:|1699922806\n|detailschange|p2a: Slowbro|Slowbro-Mega, F\n|-mega|p2a: Slowbro|Slowbro|Slowbronite\n|move|p1a: Manaphy|Energy Ball|p2a: Slowbro\n|-supereffective|p2a: Slowbro\n|-damage|p2a: Slowbro|0 fnt\n|faint|p2a: Slowbro\n|\n|upkeep\n|\n|t:|1699922829\n|switch|p2a: Greninja|Greninja, F|100\/100\n|turn|13\n|\n|t:|1699922833\n|-terastallize|p2a: Greninja|Dark\n|move|p2a: Greninja|Dark Pulse|p1a: Manaphy\n|-damage|p1a: Manaphy|61\/100\n|move|p1a: Manaphy|Energy Ball|p2a: Greninja\n|-damage|p2a: Greninja|7\/100\n|\n|-heal|p1a: Manaphy|67\/100|[from] item: Leftovers\n|upkeep\n|turn|14\n|c|\u2606Aroma Nobody|gg\n|\n|t:|1699922847\n|move|p2a: Greninja|Dark Pulse|p1a: Manaphy\n|-damage|p1a: Manaphy|27\/100\n|cant|p1a: Manaphy|flinch\n|\n|-heal|p1a: Manaphy|34\/100|[from] item: Leftovers\n|upkeep\n|turn|15\n|c|\u2606Djujao|never over\n|c|\u2606Aroma Nobody|<.<\n|\n|t:|1699922861\n|move|p2a: Greninja|Dark Pulse|p1a: Manaphy\n|-damage|p1a: Manaphy|0 fnt\n|faint|p1a: Manaphy\n|\n|upkeep\n|\n|t:|1699922867\n|switch|p1a: Rotom|Rotom-Heat|100\/100\n|-damage|p1a: Rotom|76\/100|[from] Stealth Rock\n|turn|16\n|\n|t:|1699922879\n|move|p2a: Greninja|Dark Pulse|p1a: Rotom\n|-damage|p1a: Rotom|11\/100\n|move|p1a: Rotom|Thunderbolt|p2a: Greninja\n|-damage|p2a: Greninja|0 fnt\n|faint|p2a: Greninja\n|\n|upkeep\n|\n|t:|1699922883\n|switch|p2a: Torkoal|Torkoal, M|26\/100\n|-weather|SunnyDay|[from] ability: Drought|[of] p2a: Torkoal\n|turn|17\n|c|\u2606Aroma Nobody|now gg\n|\n|t:|1699922890\n|move|p1a: Rotom|Thunderbolt|p2a: Torkoal\n|-damage|p2a: Torkoal|0 fnt\n|faint|p2a: Torkoal\n|\n|win|Djujao\n|c|\u2606Djujao|gg\n","uploadtime":1699922895,"views":10,"p1id":"djujao","p2id":"aromanobody","formatid":"gen9nationaldexubers","rating":0,"private":0,"password":""}