{"id":"gen9nationaldexubers-1991978445","p1":"BakaBaddiGurl","p2":"loch2009","format":"[Gen 9] National Dex Ubers","log":"|j|\u2606BakaBaddiGurl\n|j|\u2606loch2009\n|t:|1700144535\n|gametype|singles\n|player|p1|BakaBaddiGurl|169|1028\n|player|p2|loch2009|lance|1077\n|teamsize|p1|6\n|teamsize|p2|6\n|gen|9\n|tier|[Gen 9] National Dex Ubers\n|rated|\n|rule|HP Percentage Mod: HP is shown in percentages\n|rule|Endless Battle Clause: Forcing endless battles is banned\n|rule|OHKO Clause: OHKO moves are banned\n|rule|Evasion Moves Clause: Evasion moves are banned\n|rule|Evasion Items Clause: Evasion items are banned\n|rule|Species Clause: Limit one of each Pok\u00e9mon\n|rule|Sleep Clause Mod: Limit one foe put to sleep\n|rule|Mega Rayquaza Clause: You cannot mega evolve Rayquaza\n|clearpoke\n|poke|p1|Ninetales-Alola, F|\n|poke|p1|Gardevoir, F|\n|poke|p1|Pheromosa|\n|poke|p1|Salazzle, F|\n|poke|p1|Espathra, F|\n|poke|p1|Spectrier|\n|poke|p2|Regigigas|\n|poke|p2|Registeel|\n|poke|p2|Regice|\n|poke|p2|Regirock|\n|poke|p2|Regidrago|\n|poke|p2|Regieleki|\n|teampreview\n|c|\u2606loch2009|regi\n|\n|t:|1700144543\n|start\n|switch|p1a: Spectrier|Spectrier|100\/100\n|switch|p2a: Regieleki|Regieleki|100\/100\n|turn|1\n|c|\u2606BakaBaddiGurl|regidie\n|\n|t:|1700144556\n|move|p2a: Regieleki|Light Screen|p2a: Regieleki\n|-sidestart|p2: loch2009|move: Light Screen\n|move|p1a: Spectrier|Dark Pulse|p2a: Regieleki\n|-damage|p2a: Regieleki|69\/100\n|-damage|p1a: Spectrier|91\/100|[from] item: Life Orb\n|\n|upkeep\n|turn|2\n|c|\u2606loch2009|yep\n|\n|t:|1700144563\n|move|p2a: Regieleki|Reflect|p2a: Regieleki\n|-sidestart|p2: loch2009|Reflect\n|move|p1a: Spectrier|Shadow Ball|p2a: Regieleki\n|-damage|p2a: Regieleki|24\/100\n|-damage|p1a: Spectrier|81\/100|[from] item: Life Orb\n|\n|upkeep\n|turn|3\n|\n|t:|1700144567\n|move|p2a: Regieleki|Volt Switch|p1a: Spectrier\n|-damage|p1a: Spectrier|43\/100\n|\n|t:|1700144579\n|switch|p2a: Regigigas|Regigigas|100\/100|[from] Volt Switch\n|-start|p2a: Regigigas|ability: Slow Start\n|move|p1a: Spectrier|Shadow Ball|p2a: Regigigas\n|-immune|p2a: Regigigas\n|\n|upkeep\n|turn|4\n|\n|t:|1700144588\n|move|p1a: Spectrier|Nasty Plot|p1a: Spectrier\n|-boost|p1a: Spectrier|spa|2\n|move|p2a: Regigigas|Substitute|p2a: Regigigas\n|-start|p2a: Regigigas|Substitute\n|-damage|p2a: Regigigas|76\/100\n|\n|-heal|p2a: Regigigas|82\/100|[from] item: Leftovers\n|upkeep\n|turn|5\n|c|\u2606loch2009|a\n|\n|t:|1700144598\n|move|p2a: Regigigas|Protect|p2a: Regigigas\n|-singleturn|p2a: Regigigas|Protect\n|move|p1a: Spectrier|Dark Pulse|p2a: Regigigas\n|-activate|p2a: Regigigas|move: Protect\n|\n|-heal|p2a: Regigigas|88\/100|[from] item: Leftovers\n|upkeep\n|turn|6\n|\n|t:|1700144606\n|move|p1a: Spectrier|Dark Pulse|p2a: Regigigas\n|-end|p2a: Regigigas|Substitute\n|-damage|p1a: Spectrier|33\/100|[from] item: Life Orb\n|move|p2a: Regigigas|Substitute|p2a: Regigigas\n|-start|p2a: Regigigas|Substitute\n|-damage|p2a: Regigigas|63\/100\n|\n|-heal|p2a: Regigigas|69\/100|[from] item: Leftovers\n|upkeep\n|turn|7\n|\n|t:|1700144612\n|move|p2a: Regigigas|Protect|p2a: Regigigas\n|-singleturn|p2a: Regigigas|Protect\n|move|p1a: Spectrier|Dark Pulse|p2a: Regigigas\n|-activate|p2a: Regigigas|move: Protect\n|\n|-heal|p2a: Regigigas|75\/100|[from] item: Leftovers\n|-end|p2a: Regigigas|Slow Start\n|upkeep\n|turn|8\n|\n|t:|1700144618\n|move|p1a: Spectrier|Dark Pulse|p2a: Regigigas\n|-activate|p2a: Regigigas|move: Substitute|[damage]\n|-damage|p1a: Spectrier|23\/100|[from] item: Life Orb\n|move|p2a: Regigigas|Substitute|p2a: Regigigas\n|-fail|p2a: Regigigas|move: Substitute\n|\n|-heal|p2a: Regigigas|81\/100|[from] item: Leftovers\n|-sideend|p2: loch2009|move: Light Screen\n|upkeep\n|turn|9\n|\n|t:|1700144634\n|switch|p1a: Ninetales|Ninetales-Alola, F, shiny|100\/100\n|-weather|Snow|[from] ability: Snow Warning|[of] p1a: Ninetales\n|move|p2a: Regigigas|Knock Off|p1a: Ninetales\n|-resisted|p1a: Ninetales\n|-damage|p1a: Ninetales|83\/100\n|-enditem|p1a: Ninetales|Choice Scarf|[from] move: Knock Off|[of] p2a: Regigigas\n|\n|-weather|Snow|[upkeep]\n|-heal|p2a: Regigigas|87\/100|[from] item: Leftovers\n|-sideend|p2: loch2009|Reflect\n|upkeep\n|turn|10\n|\n|t:|1700144655\n|move|p1a: Ninetales|Aurora Veil|p1a: Ninetales\n|-sidestart|p1: BakaBaddiGurl|move: Aurora Veil\n|move|p2a: Regigigas|Return|p1a: Ninetales\n|-damage|p1a: Ninetales|57\/100\n|\n|-weather|Snow|[upkeep]\n|-heal|p2a: Regigigas|93\/100|[from] item: Leftovers\n|upkeep\n|turn|11\n|\n|t:|1700144674\n|move|p1a: Ninetales|Moonblast|p2a: Regigigas\n|-end|p2a: Regigigas|Substitute\n|move|p2a: Regigigas|Return|p1a: Ninetales\n|-damage|p1a: Ninetales|31\/100\n|\n|-weather|Snow|[upkeep]\n|-heal|p2a: Regigigas|99\/100|[from] item: Leftovers\n|upkeep\n|turn|12\n|\n|t:|1700144678\n|move|p2a: Regigigas|Protect|p2a: Regigigas\n|-singleturn|p2a: Regigigas|Protect\n|move|p1a: Ninetales|Moonblast|p2a: Regigigas\n|-activate|p2a: Regigigas|move: Protect\n|\n|-weather|Snow|[upkeep]\n|-heal|p2a: Regigigas|100\/100|[from] item: Leftovers\n|upkeep\n|turn|13\n|\n|t:|1700144684\n|move|p1a: Ninetales|Moonblast|p2a: Regigigas\n|-damage|p2a: Regigigas|75\/100\n|move|p2a: Regigigas|Substitute|p2a: Regigigas\n|-start|p2a: Regigigas|Substitute\n|-damage|p2a: Regigigas|51\/100\n|\n|-weather|none\n|-heal|p2a: Regigigas|57\/100|[from] item: Leftovers\n|upkeep\n|turn|14\n|\n|t:|1700144693\n|move|p1a: Ninetales|Moonblast|p2a: Regigigas\n|-activate|p2a: Regigigas|move: Substitute|[damage]\n|move|p2a: Regigigas|Return|p1a: Ninetales\n|-damage|p1a: Ninetales|0 fnt\n|faint|p1a: Ninetales\n|\n|-heal|p2a: Regigigas|63\/100|[from] item: Leftovers\n|-sideend|p1: BakaBaddiGurl|move: Aurora Veil\n|upkeep\n|\n|t:|1700144719\n|switch|p1a: Gardevoir|Gardevoir, F, shiny|100\/100\n|turn|15\n|c|\u2606loch2009|i think regigigas needs huge power\n|\n|t:|1700144738\n|detailschange|p1a: Gardevoir|Gardevoir-Mega, F, shiny\n|-mega|p1a: Gardevoir|Gardevoir|Gardevoirite\n|move|p1a: Gardevoir|Calm Mind|p1a: Gardevoir\n|-boost|p1a: Gardevoir|spa|1\n|-boost|p1a: Gardevoir|spd|1\n|move|p2a: Regigigas|Knock Off|p1a: Gardevoir\n|-damage|p1a: Gardevoir|59\/100\n|\n|-heal|p2a: Regigigas|69\/100|[from] item: Leftovers\n|upkeep\n|turn|16\n|\n|t:|1700144743\n|move|p1a: Gardevoir|Calm Mind|p1a: Gardevoir\n|-boost|p1a: Gardevoir|spa|1\n|-boost|p1a: Gardevoir|spd|1\n|move|p2a: Regigigas|Return|p1a: Gardevoir\n|-damage|p1a: Gardevoir|0 fnt\n|faint|p1a: Gardevoir\n|\n|-heal|p2a: Regigigas|75\/100|[from] item: Leftovers\n|upkeep\n|\n|t:|1700144755\n|switch|p1a: Espathra|Espathra, F, shiny|100\/100\n|turn|17\n|\n|t:|1700144762\n|move|p2a: Regigigas|Knock Off|p1a: Espathra\n|-supereffective|p1a: Espathra\n|-damage|p1a: Espathra|39\/100\n|-enditem|p1a: Espathra|Leftovers|[from] move: Knock Off|[of] p2a: Regigigas\n|move|p1a: Espathra|Dazzling Gleam|p2a: Regigigas\n|-end|p2a: Regigigas|Substitute\n|\n|-heal|p2a: Regigigas|81\/100|[from] item: Leftovers\n|-ability|p1a: Espathra|Speed Boost|boost\n|-boost|p1a: Espathra|spe|1\n|upkeep\n|turn|18\n|\n|t:|1700144772\n|move|p1a: Espathra|Stored Power|p2a: Regigigas\n|-damage|p2a: Regigigas|71\/100\n|move|p2a: Regigigas|Return|p1a: Espathra\n|-crit|p1a: Espathra\n|-damage|p1a: Espathra|0 fnt\n|faint|p1a: Espathra\n|\n|-heal|p2a: Regigigas|77\/100|[from] item: Leftovers\n|upkeep\n|\n|t:|1700144775\n|switch|p1a: Salazzle|Salazzle, F, shiny|100\/100\n|turn|19\n|\n|t:|1700144779\n|move|p2a: Regigigas|Protect|p2a: Regigigas\n|-singleturn|p2a: Regigigas|Protect\n|move|p1a: Salazzle|Toxic|p2a: Regigigas\n|-activate|p2a: Regigigas|move: Protect\n|\n|-heal|p2a: Regigigas|83\/100|[from] item: Leftovers\n|upkeep\n|turn|20\n|\n|t:|1700144782\n|move|p1a: Salazzle|Toxic|p2a: Regigigas\n|-status|p2a: Regigigas|tox\n|move|p2a: Regigigas|Substitute|p2a: Regigigas\n|-start|p2a: Regigigas|Substitute\n|-damage|p2a: Regigigas|59\/100 tox\n|\n|-heal|p2a: Regigigas|65\/100 tox|[from] item: Leftovers\n|-damage|p2a: Regigigas|59\/100 tox|[from] psn\n|upkeep\n|turn|21\n|c|\u2606loch2009|hey\n|c|\u2606loch2009|my regigigas\n|\n|t:|1700144797\n|move|p1a: Salazzle|Flamethrower|p2a: Regigigas\n|-end|p2a: Regigigas|Substitute\n|move|p2a: Regigigas|Knock Off|p1a: Salazzle\n|-damage|p1a: Salazzle|37\/100\n|-enditem|p1a: Salazzle|Leftovers|[from] move: Knock Off|[of] p2a: Regigigas\n|\n|-heal|p2a: Regigigas|65\/100 tox|[from] item: Leftovers\n|-damage|p2a: Regigigas|53\/100 tox|[from] psn\n|upkeep\n|turn|22\n|\n|t:|1700144804\n|move|p1a: Salazzle|Flamethrower|p2a: Regigigas\n|-damage|p2a: Regigigas|26\/100 tox\n|move|p2a: Regigigas|Return|p1a: Salazzle\n|-damage|p1a: Salazzle|0 fnt\n|faint|p1a: Salazzle\n|\n|-heal|p2a: Regigigas|32\/100 tox|[from] item: Leftovers\n|-damage|p2a: Regigigas|14\/100 tox|[from] psn\n|upkeep\n|\n|t:|1700144811\n|switch|p1a: Spectrier|Spectrier|23\/100\n|turn|23\n|\n|t:|1700144835\n|move|p1a: Spectrier|Draining Kiss|p2a: Regigigas\n|-damage|p2a: Regigigas|0 fnt\n|-heal|p1a: Spectrier|36\/100|[from] drain|[of] p2a: Regigigas\n|faint|p2a: Regigigas\n|-end|p2a: Regigigas|Slow Start|[silent]\n|-ability|p1a: Spectrier|Grim Neigh|boost\n|-boost|p1a: Spectrier|spa|1\n|-damage|p1a: Spectrier|26\/100|[from] item: Life Orb\n|\n|upkeep\n|\n|t:|1700144847\n|switch|p2a: Regice|Regice|100\/100\n|turn|24\n|c|\u2606BakaBaddiGurl|finally the stall is over\n|c|\u2606loch2009|sorry\n|\n|t:|1700144862\n|move|p1a: Spectrier|Draining Kiss|p2a: Regice\n|-damage|p2a: Regice|85\/100\n|-heal|p1a: Spectrier|38\/100|[from] drain|[of] p2a: Regice\n|-damage|p1a: Spectrier|28\/100|[from] item: Life Orb\n|move|p2a: Regice|Ice Beam|p1a: Spectrier\n|-damage|p1a: Spectrier|0 fnt\n|faint|p1a: Spectrier\n|\n|upkeep\n|\n|t:|1700144865\n|switch|p1a: Pheromosa|Pheromosa, shiny|100\/100\n|turn|25\n|c|\u2606loch2009|but regigigas\n|c|\u2606loch2009|!dt regice\n|raw|<div class=\"message\"><ul class=\"utilichart\"><li class=\"result\"><span class=\"col numcol\">RU<\/span> <span class=\"col iconcol\"><psicon pokemon=\"regice\"\/><\/span> <span class=\"col pokemonnamecol\" style=\"white-space:nowrap\"><a href=\"https:\/\/dex.pokemonshowdown.com\/pokemon\/regice\" target=\"_blank\">Regice<\/a><\/span> <span class=\"col typecol\"><img src=\"https:\/\/play.pokemonshowdown.com\/sprites\/types\/Ice.png\" alt=\"Ice\" height=\"14\" width=\"32\"><\/span> <span style=\"float:left;min-height:26px\"><span class=\"col abilitycol\">Clear Body<\/span><span class=\"col abilitycol\"><em>Ice Body<\/em><\/span><\/span><span style=\"float:left;min-height:26px\"><span class=\"col statcol\"><em>HP<\/em><br \/>80<\/span> <span class=\"col statcol\"><em>Atk<\/em><br \/>50<\/span> <span class=\"col statcol\"><em>Def<\/em><br \/>100<\/span> <span class=\"col statcol\"><em>SpA<\/em><br \/>100<\/span> <span class=\"col statcol\"><em>SpD<\/em><br \/>200<\/span> <span class=\"col statcol\"><em>Spe<\/em><br \/>50<\/span> <span class=\"col bstcol\"><em>BST<br \/>580<\/em><\/span> <\/span><\/li><li style=\"clear:both\"><\/li><\/ul><\/div>\n|raw|<font size=\"1\"><font color=\"#686868\">Dex#:<\/font> 378&nbsp;|&ThickSpace;<font color=\"#686868\">Gen:<\/font> 3&nbsp;|&ThickSpace;<font color=\"#686868\">Height:<\/font> 1.8 m&nbsp;|&ThickSpace;<font color=\"#686868\">Weight:<\/font> 175 kg <em>(100 BP)<\/em>&nbsp;|&ThickSpace;<font color=\"#686868\">Dex Colour:<\/font> Blue&nbsp;|&ThickSpace;<font color=\"#686868\">Egg Group(s):<\/font> Undiscovered&nbsp;|&ThickSpace;<font color=\"#686868\">Does Not Evolve<\/font><\/font>\n\n|c|\u2606loch2009|my spedef kinda sucks\n|c|\u2606BakaBaddiGurl|damn it\n|c|\u2606BakaBaddiGurl|i forgor to tera fire\n|c|\u2606loch2009|you special phero\n|\n|t:|1700144918\n|move|p1a: Pheromosa|Bug Buzz|p2a: Regice\n|-damage|p2a: Regice|59\/100\n|-damage|p1a: Pheromosa|91\/100|[from] item: Life Orb\n|move|p2a: Regice|Ice Beam|p1a: Pheromosa\n|-damage|p1a: Pheromosa|22\/100\n|-status|p1a: Pheromosa|frz\n|\n|upkeep\n|turn|26\n|c|\u2606loch2009|gg\n|c|\u2606BakaBaddiGurl|this game hates me ig\n|\n|t:|1700144937\n|cant|p1a: Pheromosa|frz\n|move|p2a: Regice|Ice Beam|p1a: Pheromosa\n|-damage|p1a: Pheromosa|0 fnt\n|faint|p1a: Pheromosa\n|\n|win|loch2009\n|raw|BakaBaddiGurl's rating: 1028 &rarr; <strong>1016<\/strong><br \/>(-12 for losing)\n|raw|loch2009's rating: 1077 &rarr; <strong>1101<\/strong><br \/>(+24 for winning)\n|c|\u2606loch2009|yep\n|c|\u2606loch2009|gg\n|c|\u2606BakaBaddiGurl|gg\n","uploadtime":1700144944,"views":12,"p1id":"bakabaddigurl","p2id":"loch2009","formatid":"gen9nationaldexubers","rating":1016,"private":0,"password":""}