{"id":"gen9nationaldexubers-1992978801","p1":"iron maiden 6","p2":"Omegas legion","format":"[Gen 9] National Dex Ubers","log":"|j|\u2606iron maiden 6\n|j|\u2606Omegas legion\n|t:|1700252199\n|gametype|singles\n|player|p1|iron maiden 6|265|\n|player|p2|Omegas legion|hiker-gen4|\n|teamsize|p1|6\n|teamsize|p2|6\n|gen|9\n|tier|[Gen 9] National Dex Ubers\n|rule|HP Percentage Mod: HP is shown in percentages\n|rule|Endless Battle Clause: Forcing endless battles is banned\n|rule|OHKO Clause: OHKO moves are banned\n|rule|Evasion Moves Clause: Evasion moves are banned\n|rule|Evasion Items Clause: Evasion items are banned\n|rule|Species Clause: Limit one of each Pok\u00e9mon\n|rule|Sleep Clause Mod: Limit one foe put to sleep\n|rule|Mega Rayquaza Clause: You cannot mega evolve Rayquaza\n|clearpoke\n|poke|p1|Corviknight, F|\n|poke|p1|Gholdengo|\n|poke|p1|Kingambit, F|\n|poke|p1|Lucario, F|\n|poke|p1|Kartana|\n|poke|p1|Magnezone|\n|poke|p2|Naganadel|\n|poke|p2|Roaring Moon|\n|poke|p2|Garchomp, M|\n|poke|p2|Turtonator, F|\n|poke|p2|Flygon, F|\n|poke|p2|Noivern, F|\n|teampreview\n|\n|t:|1700252212\n|start\n|switch|p1a: Corviknight|Corviknight, F|100\/100\n|switch|p2a: Garchomp|Garchomp, M|100\/100\n|-ability|p1a: Corviknight|Pressure\n|turn|1\n|\n|t:|1700252226\n|switch|p2a: Turtonator|Turtonator, F|100\/100\n|move|p1a: Corviknight|Brave Bird|p2a: Turtonator\n|-damage|p2a: Turtonator|69\/100\n|-damage|p1a: Corviknight|92\/100|[from] Recoil\n|\n|-heal|p1a: Corviknight|98\/100|[from] item: Leftovers\n|upkeep\n|turn|2\n|\n|t:|1700252240\n|-singleturn|p2a: Turtonator|move: Shell Trap\n|move|p1a: Corviknight|Brave Bird|p2a: Turtonator\n|-damage|p2a: Turtonator|38\/100\n|-damage|p1a: Corviknight|90\/100|[from] Recoil\n|move|p2a: Turtonator|Shell Trap|p1a: Corviknight\n|-supereffective|p1a: Corviknight\n|-damage|p1a: Corviknight|0 fnt\n|faint|p1a: Corviknight\n|\n|upkeep\n|\n|t:|1700252261\n|switch|p1a: Gholdengo|Gholdengo|100\/100\n|turn|3\n|\n|t:|1700252273\n|move|p1a: Gholdengo|Power Gem|p2a: Turtonator\n|-supereffective|p2a: Turtonator\n|-damage|p2a: Turtonator|0 fnt\n|faint|p2a: Turtonator\n|-damage|p1a: Gholdengo|91\/100|[from] item: Life Orb\n|\n|upkeep\n|\n|t:|1700252302\n|switch|p2a: Garchomp|Garchomp, M|100\/100\n|turn|4\n|\n|t:|1700252308\n|move|p2a: Garchomp|Earthquake|p1a: Gholdengo\n|-supereffective|p1a: Gholdengo\n|-damage|p1a: Gholdengo|0 fnt\n|faint|p1a: Gholdengo\n|\n|upkeep\n|\n|t:|1700252323\n|switch|p1a: Lucario|Lucario, F|100\/100\n|turn|5\n|\n|t:|1700252340\n|move|p2a: Garchomp|Swords Dance|p2a: Garchomp\n|-boost|p2a: Garchomp|atk|2\n|move|p1a: Lucario|Swords Dance|p1a: Lucario\n|-boost|p1a: Lucario|atk|2\n|\n|upkeep\n|turn|6\n|\n|t:|1700252363\n|detailschange|p1a: Lucario|Lucario-Mega, F\n|-mega|p1a: Lucario|Lucario|Lucarionite\n|move|p1a: Lucario|Meteor Mash|p2a: Garchomp\n|-damage|p2a: Garchomp|0 fnt\n|-damage|p1a: Lucario|88\/100|[from] ability: Rough Skin|[of] p2a: Garchomp\n|faint|p2a: Garchomp\n|\n|upkeep\n|\n|t:|1700252380\n|switch|p2a: Roaring Moon|Roaring Moon|100\/100\n|-enditem|p2a: Roaring Moon|Booster Energy\n|-activate|p2a: Roaring Moon|ability: Protosynthesis|[fromitem]\n|-start|p2a: Roaring Moon|protosynthesisatk\n|turn|7\n|\n|t:|1700252391\n|move|p1a: Lucario|Bullet Punch|p2a: Roaring Moon\n|-damage|p2a: Roaring Moon|24\/100\n|move|p2a: Roaring Moon|Acrobatics|p1a: Lucario\n|-damage|p1a: Lucario|13\/100\n|\n|upkeep\n|turn|8\n|\n|t:|1700252399\n|move|p1a: Lucario|Bullet Punch|p2a: Roaring Moon\n|-damage|p2a: Roaring Moon|0 fnt\n|faint|p2a: Roaring Moon\n|-end|p2a: Roaring Moon|Protosynthesis|[silent]\n|\n|upkeep\n|\n|t:|1700252417\n|switch|p2a: Noivern|Noivern, F|100\/100\n|-item|p1a: Lucario|Lucarionite|[from] ability: Frisk|[of] p2a: Noivern|[identify]\n|turn|9\n|\n|t:|1700252429\n|move|p1a: Lucario|Bullet Punch|p2a: Noivern\n|-damage|p2a: Noivern|18\/100\n|move|p2a: Noivern|Boomburst|p1a: Lucario\n|-resisted|p1a: Lucario\n|-damage|p1a: Lucario|0 fnt\n|faint|p1a: Lucario\n|\n|upkeep\n|\n|t:|1700252438\n|switch|p1a: Kartana|Kartana|100\/100\n|turn|10\n|\n|t:|1700252452\n|move|p1a: Kartana|Smart Strike|p2a: Noivern\n|-damage|p2a: Noivern|0 fnt\n|faint|p2a: Noivern\n|-ability|p1a: Kartana|Beast Boost|boost\n|-boost|p1a: Kartana|atk|1\n|\n|upkeep\n|\n|t:|1700252470\n|switch|p2a: Naganadel|Naganadel|100\/100\n|turn|11\n|\n|t:|1700252483\n|move|p2a: Naganadel|Flamethrower|p1a: Kartana\n|-supereffective|p1a: Kartana\n|-damage|p1a: Kartana|0 fnt\n|faint|p1a: Kartana\n|-ability|p2a: Naganadel|Beast Boost|boost\n|-boost|p2a: Naganadel|spe|1\n|\n|upkeep\n|\n|t:|1700252497\n|switch|p1a: Magnezone|Magnezone|100\/100\n|turn|12\n|\n|t:|1700252506\n|move|p2a: Naganadel|Flamethrower|p1a: Magnezone\n|-supereffective|p1a: Magnezone\n|-damage|p1a: Magnezone|34\/100\n|move|p1a: Magnezone|Tri Attack|p2a: Naganadel\n|-damage|p2a: Naganadel|34\/100\n|\n|upkeep\n|turn|13\n|\n|t:|1700252516\n|move|p2a: Naganadel|Flamethrower|p1a: Magnezone\n|-supereffective|p1a: Magnezone\n|-damage|p1a: Magnezone|0 fnt\n|faint|p1a: Magnezone\n|-ability|p2a: Naganadel|Beast Boost|boost\n|-boost|p2a: Naganadel|spe|1\n|\n|upkeep\n|\n|t:|1700252523\n|switch|p1a: Kingambit|Kingambit, F|100\/100\n|-activate|p1a: Kingambit|ability: Supreme Overlord\n|-start|p1a: Kingambit|fallen5|[silent]\n|turn|14\n|\n|t:|1700252529\n|move|p1a: Kingambit|Sucker Punch|p2a: Naganadel\n|-damage|p2a: Naganadel|0 fnt\n|faint|p2a: Naganadel\n|\n|upkeep\n|\n|t:|1700252534\n|switch|p2a: Flygon|Flygon, F|100\/100\n|turn|15\n|\n|t:|1700252545\n|move|p1a: Kingambit|Sucker Punch||[still]\n|-fail|p1a: Kingambit\n|move|p2a: Flygon|Dragon Dance|p2a: Flygon\n|-boost|p2a: Flygon|atk|1\n|-boost|p2a: Flygon|spe|1\n|\n|upkeep\n|turn|16\n|\n|t:|1700252560\n|move|p2a: Flygon|Earthquake|p1a: Kingambit\n|-supereffective|p1a: Kingambit\n|-enditem|p1a: Kingambit|Focus Sash\n|-damage|p1a: Kingambit|1\/100\n|-damage|p2a: Flygon|91\/100|[from] item: Life Orb\n|move|p1a: Kingambit|Swords Dance|p1a: Kingambit\n|-boost|p1a: Kingambit|atk|2\n|\n|upkeep\n|turn|17\n|\n|t:|1700252573\n|move|p1a: Kingambit|Sucker Punch|p2a: Flygon\n|-damage|p2a: Flygon|0 fnt\n|faint|p2a: Flygon\n|\n|win|iron maiden 6\n|l|\u2606Omegas legion\n|j|\u2606Omegas legion\n|player|p2|Omegas legion|hiker-gen4\n","uploadtime":1700252921,"views":15,"p1id":"ironmaiden6","p2id":"omegaslegion","formatid":"gen9nationaldexubers","rating":0,"private":0,"password":""}