{"id":"gen9nationaldexubers-1990691404","p1":"Torracat Stevens","p2":"85792195wwww","format":"[Gen 9] National Dex Ubers","log":"|j|\u2606Torracat Stevens\n|j|\u260685792195wwww\n|t:|1699992154\n|gametype|singles\n|player|p1|Torracat Stevens|clay|1558\n|player|p2|85792195wwww|mira|1718\n|teamsize|p1|6\n|teamsize|p2|6\n|gen|9\n|tier|[Gen 9] National Dex Ubers\n|rated|\n|rule|HP Percentage Mod: HP is shown in percentages\n|rule|Endless Battle Clause: Forcing endless battles is banned\n|rule|OHKO Clause: OHKO moves are banned\n|rule|Evasion Moves Clause: Evasion moves are banned\n|rule|Evasion Items Clause: Evasion items are banned\n|rule|Species Clause: Limit one of each Pok\u00e9mon\n|rule|Sleep Clause Mod: Limit one foe put to sleep\n|rule|Mega Rayquaza Clause: You cannot mega evolve Rayquaza\n|clearpoke\n|poke|p1|Melmetal|\n|poke|p1|Skeledirge, M|\n|poke|p1|Chien-Pao|\n|poke|p1|Palafin, F|\n|poke|p1|Marshadow|\n|poke|p1|Yveltal|\n|poke|p2|Xerneas-*|\n|poke|p2|Deoxys-Speed|\n|poke|p2|Arceus|\n|poke|p2|Zacian-*|\n|poke|p2|Groudon|\n|poke|p2|Zekrom|\n|teampreview\n|\n|t:|1699992160\n|start\n|switch|p1a: Palafin|Palafin, F|100\/100\n|switch|p2a: Deoxys|Deoxys-Speed|100\/100\n|-ability|p2a: Deoxys|Pressure\n|turn|1\n|inactive|Battle timer is ON: inactive players will automatically lose when time's up. (requested by Torracat Stevens)\n|\n|t:|1699992168\n|detailschange|p1a: Palafin|Palafin-Hero, F\n|switch|p1a: Melmetal|Melmetal|100\/100\n|move|p2a: Deoxys|Stealth Rock|p1a: Melmetal\n|-sidestart|p1: Torracat Stevens|move: Stealth Rock\n|\n|upkeep\n|turn|2\n|\n|t:|1699992177\n|move|p2a: Deoxys|Thunder Wave|p1a: Melmetal\n|-status|p1a: Melmetal|par\n|move|p1a: Melmetal|Double Iron Bash|p2a: Deoxys\n|-damage|p2a: Deoxys|34\/100\n|-damage|p1a: Melmetal|84\/100 par|[from] item: Rocky Helmet|[of] p2a: Deoxys\n|-damage|p2a: Deoxys|0 fnt\n|-damage|p1a: Melmetal|67\/100 par|[from] item: Rocky Helmet|[of] p2a: Deoxys\n|faint|p2a: Deoxys\n|-hitcount|p2: Deoxys|2\n|\n|upkeep\n|\n|t:|1699992194\n|switch|p2a: Groudon|Groudon|100\/100\n|detailschange|p2a: Groudon|Groudon-Primal\n|-primal|p2a: Groudon|Red Orb\n|-weather|DesolateLand|[from] ability: Desolate Land|[of] p2a: Groudon\n|turn|3\n|\n|t:|1699992202\n|move|p2a: Groudon|Rock Polish|p2a: Groudon\n|-boost|p2a: Groudon|spe|2\n|move|p1a: Melmetal|Double Iron Bash|p2a: Groudon\n|-resisted|p2a: Groudon\n|-damage|p2a: Groudon|80\/100\n|-resisted|p2a: Groudon\n|-damage|p2a: Groudon|61\/100\n|-hitcount|p2a: Groudon|2\n|\n|-weather|DesolateLand|[upkeep]\n|upkeep\n|turn|4\n|\n|t:|1699992211\n|move|p2a: Groudon|Precipice Blades|p1a: Melmetal\n|-supereffective|p1a: Melmetal\n|-damage|p1a: Melmetal|0 fnt\n|faint|p1a: Melmetal\n|\n|-weather|DesolateLand|[upkeep]\n|upkeep\n|\n|t:|1699992224\n|switch|p1a: Yveltal|Yveltal|100\/100\n|-damage|p1a: Yveltal|76\/100|[from] Stealth Rock\n|-ability|p1a: Yveltal|Dark Aura\n|turn|5\n|\n|t:|1699992230\n|move|p2a: Groudon|Heat Crash|p1a: Yveltal\n|-damage|p1a: Yveltal|0 fnt\n|faint|p1a: Yveltal\n|\n|-weather|DesolateLand|[upkeep]\n|upkeep\n|\n|t:|1699992248\n|switch|p1a: Marshadow|Marshadow|100\/100\n|-damage|p1a: Marshadow|94\/100|[from] Stealth Rock\n|turn|6\n|\n|t:|1699992254\n|move|p1a: Marshadow|Shadow Sneak|p2a: Groudon\n|-damage|p2a: Groudon|43\/100\n|move|p2a: Groudon|Heat Crash|p1a: Marshadow\n|-damage|p1a: Marshadow|0 fnt\n|faint|p1a: Marshadow\n|\n|-weather|DesolateLand|[upkeep]\n|upkeep\n|\n|t:|1699992260\n|switch|p1a: Chien-Pao|Chien-Pao|100\/100\n|-damage|p1a: Chien-Pao|76\/100|[from] Stealth Rock\n|-ability|p1a: Chien-Pao|Sword of Ruin\n|turn|7\n|\n|t:|1699992266\n|-terastallize|p1a: Chien-Pao|Dark\n|move|p1a: Chien-Pao|Sucker Punch|p2a: Groudon\n|-damage|p2a: Groudon|0 fnt\n|faint|p2a: Groudon\n|-weather|none\n|-damage|p1a: Chien-Pao|66\/100|[from] item: Life Orb\n|\n|upkeep\n|\n|t:|1699992275\n|switch|p2a: Zacian|Zacian-Crowned|100\/100\n|-ability|p2a: Zacian|Intrepid Sword|boost\n|-boost|p2a: Zacian|atk|1\n|turn|8\n|\n|t:|1699992280\n|switch|p1a: Skeledirge|Skeledirge, M|100\/100\n|-damage|p1a: Skeledirge|75\/100|[from] Stealth Rock\n|move|p2a: Zacian|Behemoth Blade|p1a: Skeledirge\n|-resisted|p1a: Skeledirge\n|-damage|p1a: Skeledirge|50\/100\n|\n|-heal|p1a: Skeledirge|56\/100|[from] item: Leftovers\n|upkeep\n|turn|9\n|\n|t:|1699992302\n|switch|p2a: Xerneas|Xerneas|100\/100\n|-ability|p2a: Xerneas|Fairy Aura\n|move|p1a: Skeledirge|Will-O-Wisp|p2a: Xerneas\n|-status|p2a: Xerneas|brn\n|\n|-heal|p1a: Skeledirge|62\/100|[from] item: Leftovers\n|-damage|p2a: Xerneas|94\/100 brn|[from] brn\n|upkeep\n|turn|10\n|\n|t:|1699992315\n|move|p2a: Xerneas|Hidden Power|p1a: Skeledirge\n|-supereffective|p1a: Skeledirge\n|-damage|p1a: Skeledirge|11\/100\n|move|p1a: Skeledirge|Hex|p2a: Xerneas\n|-crit|p2a: Xerneas\n|-damage|p2a: Xerneas|5\/100 brn\n|\n|-heal|p1a: Skeledirge|17\/100|[from] item: Leftovers\n|-damage|p2a: Xerneas|0 fnt|[from] brn\n|faint|p2a: Xerneas\n|upkeep\n|\n|t:|1699992327\n|switch|p2a: Zekrom|Zekrom|100\/100\n|-ability|p2a: Zekrom|Teravolt\n|turn|11\n|\n|t:|1699992339\n|move|p2a: Zekrom|Substitute|p2a: Zekrom\n|-start|p2a: Zekrom|Substitute\n|-damage|p2a: Zekrom|76\/100\n|move|p1a: Skeledirge|Torch Song|p2a: Zekrom\n|-resisted|p2a: Zekrom\n|-damage|p2a: Zekrom|54\/100\n|-boost|p1a: Skeledirge|spa|1\n|\n|-heal|p1a: Skeledirge|24\/100|[from] item: Leftovers\n|upkeep\n|turn|12\n|\n|t:|1699992350\n|move|p2a: Zekrom|Bolt Strike|p1a: Skeledirge\n|-damage|p1a: Skeledirge|0 fnt\n|faint|p1a: Skeledirge\n|\n|upkeep\n|l|\u260685792195wwww\n|inactive|85792195wwww disconnected and has a minute to reconnect!\n|player|p2|\n|j| Jh0ny M3lavo\n|\n|t:|1699992364\n|switch|p1a: Palafin|Palafin-Hero, F|100\/100\n|-damage|p1a: Palafin|88\/100|[from] Stealth Rock\n|-activate|p1a: Palafin|ability: Zero to Hero\n|turn|13\n|j|\u260685792195wwww\n|inactive|85792195wwww reconnected and has 140 seconds left.\n|player|p2|85792195wwww|mira\n|\n|t:|1699992378\n|move|p1a: Palafin|Jet Punch|p2a: Zekrom\n|-resisted|p2a: Zekrom\n|-activate|p2a: Zekrom|move: Substitute|[damage]\n|move|p2a: Zekrom|Dragon Dance|p2a: Zekrom\n|-boost|p2a: Zekrom|atk|1\n|-boost|p2a: Zekrom|spe|1\n|\n|upkeep\n|turn|14\n|\n|t:|1699992386\n|move|p1a: Palafin|Jet Punch|p2a: Zekrom\n|-resisted|p2a: Zekrom\n|-end|p2a: Zekrom|Substitute\n|-zpower|p2a: Zekrom\n|move|p2a: Zekrom|Devastating Drake|p1a: Palafin|[zeffect]\n|-damage|p1a: Palafin|0 fnt\n|faint|p1a: Palafin\n|\n|upkeep\n|-message|Torracat Stevens forfeited.\n|\n|win|85792195wwww\n|raw|Torracat Stevens's rating: 1558 &rarr; <strong>1547<\/strong><br \/>(-11 for losing)\n|raw|85792195wwww's rating: 1718 &rarr; <strong>1729<\/strong><br \/>(+11 for winning)\n|l|\u2606Torracat Stevens\n","uploadtime":1699992399,"views":7,"p1id":"torracatstevens","p2id":"85792195wwww","formatid":"gen9nationaldexubers","rating":1547,"private":0,"password":""}