{"id":"gen9nationaldexubers-1986987811","p1":"Taafeite","p2":"Boyca","format":"[Gen 9] National Dex Ubers","log":"|j|\u2606Taafeite\n|j|\u2606Boyca\n|t:|1699546918\n|gametype|singles\n|player|p1|Taafeite|clerkf|\n|player|p2|Boyca|clown|\n|teamsize|p1|4\n|teamsize|p2|4\n|gen|9\n|tier|[Gen 9] National Dex Ubers\n|rule|HP Percentage Mod: HP is shown in percentages\n|rule|Endless Battle Clause: Forcing endless battles is banned\n|rule|OHKO Clause: OHKO moves are banned\n|rule|Evasion Moves Clause: Evasion moves are banned\n|rule|Evasion Items Clause: Evasion items are banned\n|rule|Species Clause: Limit one of each Pok\u00e9mon\n|rule|Sleep Clause Mod: Limit one foe put to sleep\n|rule|Mega Rayquaza Clause: You cannot mega evolve Rayquaza\n|clearpoke\n|poke|p1|Furret, M|\n|poke|p1|Xatu, F|\n|poke|p1|Regieleki|\n|poke|p1|Swellow, F|\n|poke|p2|Parasect, F|\n|poke|p2|Spinda, F|\n|poke|p2|Gholdengo|\n|poke|p2|Hippowdon, M|\n|teampreview\n|c|\u2606Boyca|gl! :D\n|c|\u2606Taafeite|glhf\n|\n|t:|1699546995\n|start\n|switch|p1a: Long boi|Furret, M|100\/100\n|switch|p2a: Galoomba|Parasect, F, shiny|100\/100\n|-item|p2a: Galoomba|Leftovers|[from] ability: Frisk|[of] p1a: Long boi|[identify]\n|turn|1\n|\n|t:|1699547012\n|move|p1a: Long boi|Coil|p1a: Long boi\n|-boost|p1a: Long boi|atk|1\n|-boost|p1a: Long boi|def|1\n|-boost|p1a: Long boi|accuracy|1\n|move|p2a: Galoomba|Knock Off|p1a: Long boi\n|-damage|p1a: Long boi|75\/100\n|-enditem|p1a: Long boi|Leftovers|[from] move: Knock Off|[of] p2a: Galoomba\n|\n|upkeep\n|turn|2\n|\n|t:|1699547023\n|move|p1a: Long boi|Coil|p1a: Long boi\n|-boost|p1a: Long boi|atk|1\n|-boost|p1a: Long boi|def|1\n|-boost|p1a: Long boi|accuracy|1\n|move|p2a: Galoomba|Spore|p1a: Long boi\n|-status|p1a: Long boi|slp|[from] move: Spore\n|\n|upkeep\n|turn|3\n|\n|t:|1699547042\n|switch|p2a: opposite day|Spinda, F|100\/100\n|cant|p1a: Long boi|slp\n|\n|upkeep\n|turn|4\n|\n|t:|1699547058\n|move|p2a: opposite day|Superpower|p1a: Long boi\n|-supereffective|p1a: Long boi\n|-crit|p1a: Long boi\n|-damage|p1a: Long boi|0 fnt\n|-boost|p2a: opposite day|atk|1\n|-boost|p2a: opposite day|def|1\n|faint|p1a: Long boi\n|\n|upkeep\n|\n|t:|1699547061\n|switch|p1a: Xavier|Xatu, F|100\/100\n|turn|5\n|\n|t:|1699547072\n|switch|p2a: Cheesestring|Gholdengo|100\/100\n|move|p1a: Xavier|Psychic|p2a: Cheesestring\n|-resisted|p2a: Cheesestring\n|-damage|p2a: Cheesestring|86\/100\n|-enditem|p2a: Cheesestring|Eject Button\n|\n|t:|1699547091\n|switch|p2a: opposite day|Spinda, F|100\/100\n|\n|upkeep\n|turn|6\n|\n|t:|1699547097\n|move|p2a: opposite day|Double-Edge|p1a: Xavier\n|-damage|p1a: Xavier|45\/100\n|-damage|p2a: opposite day|77\/100|[from] Recoil\n|move|p1a: Xavier|U-turn|p2a: opposite day\n|-damage|p2a: opposite day|54\/100\n|\n|t:|1699547102\n|switch|p1a: Magpie|Swellow, F|100\/100|[from] U-turn\n|\n|upkeep\n|turn|7\n|\n|t:|1699547134\n|switch|p2a: Cheesestring|Gholdengo|86\/100\n|move|p1a: Magpie|Brave Bird|p2a: Cheesestring\n|-resisted|p2a: Cheesestring\n|-damage|p2a: Cheesestring|65\/100\n|-damage|p1a: Magpie|90\/100|[from] Recoil\n|\n|upkeep\n|turn|8\n|\n|t:|1699547157\n|move|p1a: Magpie|Return|p2a: Cheesestring\n|-resisted|p2a: Cheesestring\n|-damage|p2a: Cheesestring|47\/100\n|move|p2a: Cheesestring|Thunder Wave|p1a: Magpie\n|-status|p1a: Magpie|par\n|\n|upkeep\n|turn|9\n|\n|t:|1699547170\n|switch|p1a: gottagofast|Regieleki|100\/100\n|move|p2a: Cheesestring|Recover|p2a: Cheesestring\n|-heal|p2a: Cheesestring|97\/100\n|\n|upkeep\n|turn|10\n|\n|t:|1699547177\n|switch|p2a: HippoCrit|Hippowdon, M|100\/100\n|-weather|Sandstorm|[from] ability: Sand Stream|[of] p2a: HippoCrit\n|move|p1a: gottagofast|Agility|p1a: gottagofast\n|-boost|p1a: gottagofast|spe|2\n|\n|-weather|Sandstorm|[upkeep]\n|-damage|p1a: gottagofast|94\/100|[from] Sandstorm\n|upkeep\n|turn|11\n|\n|t:|1699547197\n|switch|p1a: Xavier|Xatu, F|45\/100\n|move|p2a: HippoCrit|Iron Head|p1a: Xavier\n|-damage|p1a: Xavier|18\/100\n|\n|-weather|Sandstorm|[upkeep]\n|-damage|p1a: Xavier|12\/100|[from] Sandstorm\n|upkeep\n|turn|12\n|\n|t:|1699547203\n|switch|p2a: Cheesestring|Gholdengo|97\/100\n|move|p1a: Xavier|Roost|p1a: Xavier\n|-heal|p1a: Xavier|62\/100\n|-singleturn|p1a: Xavier|move: Roost\n|\n|-weather|Sandstorm|[upkeep]\n|-damage|p1a: Xavier|56\/100|[from] Sandstorm\n|upkeep\n|turn|13\n|\n|t:|1699547216\n|switch|p1a: gottagofast|Regieleki|94\/100\n|move|p2a: Cheesestring|Confuse Ray|p1a: gottagofast\n|-start|p1a: gottagofast|confusion\n|\n|-weather|Sandstorm|[upkeep]\n|-damage|p1a: gottagofast|88\/100|[from] Sandstorm\n|upkeep\n|turn|14\n|\n|t:|1699547231\n|switch|p1a: Xavier|Xatu, F|56\/100\n|switch|p2a: HippoCrit|Hippowdon, M|100\/100\n|\n|-weather|none\n|upkeep\n|turn|15\n|\n|t:|1699547242\n|move|p1a: Xavier|Roost|p1a: Xavier\n|-heal|p1a: Xavier|100\/100\n|-singleturn|p1a: Xavier|move: Roost\n|move|p2a: HippoCrit|Iron Head|p1a: Xavier\n|-damage|p1a: Xavier|71\/100\n|\n|upkeep\n|turn|16\n|\n|t:|1699547248\n|switch|p2a: Galoomba|Parasect, F, shiny|100\/100\n|move|p1a: Xavier|Psychic|p2a: Galoomba\n|-damage|p2a: Galoomba|66\/100\n|\n|-heal|p2a: Galoomba|72\/100|[from] item: Leftovers\n|upkeep\n|turn|17\n|\n|t:|1699547253\n|switch|p1a: Magpie|Swellow, F|90\/100 par\n|move|p2a: Galoomba|Knock Off|p1a: Magpie\n|-damage|p1a: Magpie|50\/100 par\n|\n|-heal|p2a: Galoomba|78\/100|[from] item: Leftovers\n|upkeep\n|turn|18\n|\n|t:|1699547274\n|switch|p2a: Cheesestring|Gholdengo|97\/100\n|move|p1a: Magpie|Brave Bird|p2a: Cheesestring\n|-resisted|p2a: Cheesestring\n|-damage|p2a: Cheesestring|74\/100\n|-damage|p1a: Magpie|38\/100 par|[from] Recoil\n|\n|upkeep\n|turn|19\n|\n|t:|1699547280\n|switch|p1a: gottagofast|Regieleki|88\/100\n|move|p2a: Cheesestring|Confuse Ray|p1a: gottagofast\n|-start|p1a: gottagofast|confusion\n|\n|upkeep\n|turn|20\n|\n|t:|1699547287\n|switch|p1a: Xavier|Xatu, F|71\/100\n|switch|p2a: HippoCrit|Hippowdon, M|100\/100\n|-weather|Sandstorm|[from] ability: Sand Stream|[of] p2a: HippoCrit\n|\n|-weather|Sandstorm|[upkeep]\n|-damage|p1a: Xavier|65\/100|[from] Sandstorm\n|upkeep\n|turn|21\n|\n|t:|1699547301\n|move|p1a: Xavier|Psychic|p2a: HippoCrit\n|-damage|p2a: HippoCrit|80\/100\n|move|p2a: HippoCrit|Iron Head|p1a: Xavier\n|-damage|p1a: Xavier|38\/100\n|\n|-weather|Sandstorm|[upkeep]\n|-damage|p1a: Xavier|32\/100|[from] Sandstorm\n|-heal|p2a: HippoCrit|86\/100|[from] item: Leftovers\n|upkeep\n|turn|22\n|\n|t:|1699547304\n|switch|p2a: Galoomba|Parasect, F, shiny|78\/100\n|move|p1a: Xavier|Roost|p1a: Xavier\n|-heal|p1a: Xavier|82\/100\n|-singleturn|p1a: Xavier|move: Roost\n|\n|-weather|Sandstorm|[upkeep]\n|-damage|p1a: Xavier|76\/100|[from] Sandstorm\n|-damage|p2a: Galoomba|72\/100|[from] Sandstorm\n|-heal|p2a: Galoomba|78\/100|[from] item: Leftovers\n|upkeep\n|turn|23\n|\n|t:|1699547316\n|move|p1a: Xavier|U-turn|p2a: Galoomba\n|-supereffective|p2a: Galoomba\n|-damage|p2a: Galoomba|51\/100\n|-status|p1a: Xavier|slp|[from] ability: Effect Spore|[of] p2a: Galoomba\n|\n|t:|1699547325\n|switch|p1a: Magpie|Swellow, F|38\/100 par|[from] U-turn\n|move|p2a: Galoomba|Knock Off|p1a: Magpie\n|-damage|p1a: Magpie|0 fnt\n|faint|p1a: Magpie\n|\n|-weather|Sandstorm|[upkeep]\n|-damage|p2a: Galoomba|45\/100|[from] Sandstorm\n|-heal|p2a: Galoomba|51\/100|[from] item: Leftovers\n|upkeep\n|\n|t:|1699547329\n|switch|p1a: gottagofast|Regieleki|88\/100\n|turn|24\n|\n|t:|1699547342\n|switch|p2a: HippoCrit|Hippowdon, M|86\/100\n|move|p1a: gottagofast|Electro Ball|p2a: HippoCrit\n|-immune|p2a: HippoCrit\n|\n|-weather|none\n|-heal|p2a: HippoCrit|93\/100|[from] item: Leftovers\n|upkeep\n|turn|25\n|\n|t:|1699547358\n|switch|p1a: Xavier|Xatu, F|76\/100 slp\n|move|p2a: HippoCrit|Iron Head|p1a: Xavier\n|-damage|p1a: Xavier|45\/100 slp\n|\n|-heal|p2a: HippoCrit|99\/100|[from] item: Leftovers\n|upkeep\n|turn|26\n|\n|t:|1699547363\n|switch|p2a: opposite day|Spinda, F|54\/100\n|cant|p1a: Xavier|slp\n|\n|upkeep\n|turn|27\n|\n|t:|1699547366\n|move|p2a: opposite day|Double-Edge|p1a: Xavier\n|-damage|p1a: Xavier|0 fnt\n|faint|p1a: Xavier\n|-damage|p2a: opposite day|35\/100|[from] Recoil\n|\n|upkeep\n|\n|t:|1699547370\n|switch|p1a: gottagofast|Regieleki|88\/100\n|turn|28\n|\n|t:|1699547374\n|switch|p2a: HippoCrit|Hippowdon, M|99\/100\n|-weather|Sandstorm|[from] ability: Sand Stream|[of] p2a: HippoCrit\n|move|p1a: gottagofast|Electro Ball|p2a: HippoCrit\n|-immune|p2a: HippoCrit\n|\n|-weather|Sandstorm|[upkeep]\n|-damage|p1a: gottagofast|82\/100|[from] Sandstorm\n|-heal|p2a: HippoCrit|100\/100|[from] item: Leftovers\n|upkeep\n|turn|29\n|-message|Taafeite forfeited.\n|\n|win|Boyca\n|c|\u2606Boyca|gg\n|c|\u2606Taafeite|gg\n|c|\u2606Taafeite|Longest chaos game I've played so far\n","uploadtime":1699547403,"views":15,"p1id":"taafeite","p2id":"boyca","formatid":"gen9nationaldexubers","rating":0,"private":0,"password":""}