{"id":"gen9nationaldexubers-1987813655","p1":"dertdog","p2":"another\u306eikun4","format":"[Gen 9] National Dex Ubers","log":"|j|\u2606dertdog\n|j|\u2606another\u306eikun4\n|t:|1699639245\n|gametype|singles\n|player|p1|dertdog|ghetsis-gen5bw|1207\n|player|p2|another\u306eikun4|brendan|1321\n|teamsize|p1|6\n|teamsize|p2|6\n|gen|9\n|tier|[Gen 9] National Dex Ubers\n|rated|\n|rule|HP Percentage Mod: HP is shown in percentages\n|rule|Endless Battle Clause: Forcing endless battles is banned\n|rule|OHKO Clause: OHKO moves are banned\n|rule|Evasion Moves Clause: Evasion moves are banned\n|rule|Evasion Items Clause: Evasion items are banned\n|rule|Species Clause: Limit one of each Pok\u00e9mon\n|rule|Sleep Clause Mod: Limit one foe put to sleep\n|rule|Mega Rayquaza Clause: You cannot mega evolve Rayquaza\n|clearpoke\n|poke|p1|Charizard, M|\n|poke|p1|Kyurem-Black|\n|poke|p1|Xerneas-*|\n|poke|p1|Flutter Mane|\n|poke|p1|Naganadel|\n|poke|p1|Necrozma-Dusk-Mane|\n|poke|p2|Arceus|\n|poke|p2|Zacian-*|\n|poke|p2|Kyogre|\n|poke|p2|Necrozma-Dusk-Mane|\n|poke|p2|Yveltal|\n|poke|p2|Donphan, L1, M|\n|teampreview\n|\n|t:|1699639269\n|start\n|switch|p1a: Kyurem|Kyurem-Black|100\/100\n|switch|p2a: Necrozma|Necrozma-Dusk-Mane, shiny|100\/100\n|-ability|p1a: Kyurem|Teravolt\n|turn|1\n|\n|t:|1699639276\n|move|p1a: Kyurem|Dragon Dance|p1a: Kyurem\n|-boost|p1a: Kyurem|atk|1\n|-boost|p1a: Kyurem|spe|1\n|move|p2a: Necrozma|Dragon Dance|p2a: Necrozma\n|-boost|p2a: Necrozma|atk|1\n|-boost|p2a: Necrozma|spe|1\n|\n|upkeep\n|turn|2\n|\n|t:|1699639290\n|move|p1a: Kyurem|Fusion Bolt|p2a: Necrozma\n|-damage|p2a: Necrozma|38\/100\n|move|p2a: Necrozma|Dragon Dance|p2a: Necrozma\n|-boost|p2a: Necrozma|atk|1\n|-boost|p2a: Necrozma|spe|1\n|\n|upkeep\n|turn|3\n|\n|t:|1699639297\n|detailschange|p2a: Necrozma|Necrozma-Ultra, shiny\n|-burst|p2a: Necrozma|Necrozma|Ultranecrozium Z\n|move|p2a: Necrozma|Sunsteel Strike|p1a: Kyurem\n|-supereffective|p1a: Kyurem\n|-damage|p1a: Kyurem|0 fnt\n|faint|p1a: Kyurem\n|\n|upkeep\n|\n|t:|1699639307\n|switch|p1a: Flutter Mane|Flutter Mane|100\/100\n|-enditem|p1a: Flutter Mane|Booster Energy\n|-activate|p1a: Flutter Mane|ability: Protosynthesis|[fromitem]\n|-start|p1a: Flutter Mane|protosynthesisspe\n|turn|4\n|\n|t:|1699639313\n|-zpower|p2a: Necrozma\n|move|p2a: Necrozma|Light That Burns the Sky|p1a: Flutter Mane|[zeffect]\n|-damage|p1a: Flutter Mane|0 fnt\n|faint|p1a: Flutter Mane\n|-end|p1a: Flutter Mane|Protosynthesis|[silent]\n|\n|upkeep\n|\n|t:|1699639322\n|switch|p1a: Necrozma|Necrozma-Dusk-Mane|100\/100\n|turn|5\n|\n|t:|1699639332\n|detailschange|p1a: Necrozma|Necrozma-Ultra\n|-burst|p1a: Necrozma|Necrozma|Ultranecrozium Z\n|move|p2a: Necrozma|Earthquake|p1a: Necrozma\n|-damage|p1a: Necrozma|10\/100\n|move|p1a: Necrozma|Sunsteel Strike|p2a: Necrozma\n|-damage|p2a: Necrozma|0 fnt\n|faint|p2a: Necrozma\n|\n|upkeep\n|\n|t:|1699639348\n|switch|p2a: Arceus|Arceus, shiny|100\/100\n|turn|6\n|\n|t:|1699639351\n|move|p2a: Arceus|Extreme Speed|p1a: Necrozma\n|-crit|p1a: Necrozma\n|-damage|p1a: Necrozma|0 fnt\n|faint|p1a: Necrozma\n|-damage|p2a: Arceus|91\/100|[from] item: Life Orb\n|\n|upkeep\n|\n|t:|1699639359\n|switch|p1a: Charizard|Charizard, M|100\/100\n|turn|7\n|\n|t:|1699639363\n|detailschange|p1a: Charizard|Charizard-Mega-X, M\n|-mega|p1a: Charizard|Charizard|Charizardite X\n|move|p2a: Arceus|Extreme Speed|p1a: Charizard\n|-damage|p1a: Charizard|37\/100\n|-damage|p2a: Arceus|81\/100|[from] item: Life Orb\n|move|p1a: Charizard|Dragon Dance|p1a: Charizard\n|-boost|p1a: Charizard|atk|1\n|-boost|p1a: Charizard|spe|1\n|\n|upkeep\n|turn|8\n|\n|t:|1699639372\n|move|p2a: Arceus|Extreme Speed|p1a: Charizard\n|-damage|p1a: Charizard|0 fnt\n|faint|p1a: Charizard\n|-damage|p2a: Arceus|71\/100|[from] item: Life Orb\n|\n|upkeep\n|\n|t:|1699639379\n|switch|p1a: Xerneas|Xerneas|100\/100\n|-ability|p1a: Xerneas|Fairy Aura\n|turn|9\n|\n|t:|1699639384\n|move|p2a: Arceus|Extreme Speed|p1a: Xerneas\n|-damage|p1a: Xerneas|47\/100\n|-damage|p2a: Arceus|61\/100|[from] item: Life Orb\n|move|p1a: Xerneas|Geomancy||[still]\n|-prepare|p1a: Xerneas|Geomancy\n|-enditem|p1a: Xerneas|Power Herb\n|-anim|p1a: Xerneas|Geomancy|p1a: Xerneas\n|-boost|p1a: Xerneas|spa|2\n|-boost|p1a: Xerneas|spd|2\n|-boost|p1a: Xerneas|spe|2\n|\n|upkeep\n|turn|10\n|\n|t:|1699639393\n|move|p2a: Arceus|Extreme Speed|p1a: Xerneas\n|-damage|p1a: Xerneas|0 fnt\n|faint|p1a: Xerneas\n|-damage|p2a: Arceus|51\/100|[from] item: Life Orb\n|\n|upkeep\n|\n|t:|1699639398\n|switch|p1a: Naganadel|Naganadel|100\/100\n|turn|11\n|\n|t:|1699639402\n|move|p2a: Arceus|Extreme Speed|p1a: Naganadel\n|-damage|p1a: Naganadel|11\/100\n|-damage|p2a: Arceus|41\/100|[from] item: Life Orb\n|move|p1a: Naganadel|Nasty Plot|p1a: Naganadel\n|-boost|p1a: Naganadel|spa|2\n|\n|upkeep\n|turn|12\n|-message|dertdog forfeited.\n|\n|win|another\u306eikun4\n|raw|dertdog's rating: 1207 &rarr; <strong>1190<\/strong><br \/>(-17 for losing)\n|raw|another\u306eikun4's rating: 1321 &rarr; <strong>1335<\/strong><br \/>(+14 for winning)\n|l|\u2606dertdog\n","uploadtime":1699639417,"views":6,"p1id":"dertdog","p2id":"anotherikun4","formatid":"gen9nationaldexubers","rating":1190,"private":0,"password":""}