{"id":"gen9nationaldexubers-1988334271","p1":"aski_pokemon","p2":"DannLink","format":"[Gen 9] National Dex Ubers","log":"|j|\u2606aski_pokemon\n|j|\u2606DannLink\n|t:|1699710141\n|gametype|singles\n|player|p1|aski_pokemon|265|1000\n|player|p2|DannLink|ethan|1000\n|teamsize|p1|6\n|teamsize|p2|6\n|gen|9\n|tier|[Gen 9] National Dex Ubers\n|rated|\n|rule|HP Percentage Mod: HP is shown in percentages\n|rule|Endless Battle Clause: Forcing endless battles is banned\n|rule|OHKO Clause: OHKO moves are banned\n|rule|Evasion Moves Clause: Evasion moves are banned\n|rule|Evasion Items Clause: Evasion items are banned\n|rule|Species Clause: Limit one of each Pok\u00e9mon\n|rule|Sleep Clause Mod: Limit one foe put to sleep\n|rule|Mega Rayquaza Clause: You cannot mega evolve Rayquaza\n|clearpoke\n|poke|p1|Wobbuffet, M|\n|poke|p1|Ditto|\n|poke|p1|Marshadow|\n|poke|p1|Meloetta|\n|poke|p1|Alakazam, M|\n|poke|p1|Gengar, M|\n|poke|p2|Darkrai|\n|poke|p2|Forretress, M|\n|poke|p2|Xurkitree|\n|poke|p2|Eiscue, M|\n|poke|p2|Ditto|\n|poke|p2|Rattata, L1, M|\n|teampreview\n|inactive|Battle timer is ON: inactive players will automatically lose when time's up. (requested by DannLink)\n|\n|t:|1699710148\n|start\n|switch|p1a: Marshadow|Marshadow|100\/100\n|switch|p2a: Rattata|Rattata, L1, M, shiny|100\/100\n|turn|1\n|\n|t:|1699710171\n|switch|p2a: Forretress|Forretress, M|100\/100\n|move|p1a: Marshadow|Aura Sphere|p2a: Forretress\n|-damage|p2a: Forretress|64\/100\n|\n|-heal|p2a: Forretress|70\/100|[from] item: Leftovers\n|upkeep\n|turn|2\n|\n|t:|1699710182\n|-terastallize|p1a: Marshadow|Fighting\n|move|p1a: Marshadow|Aura Sphere|p2a: Forretress\n|-damage|p2a: Forretress|25\/100\n|move|p2a: Forretress|Stealth Rock|p1a: Marshadow\n|-sidestart|p1: aski_pokemon|move: Stealth Rock\n|\n|-heal|p2a: Forretress|32\/100|[from] item: Leftovers\n|upkeep\n|turn|3\n|\n|t:|1699710194\n|move|p1a: Marshadow|Aura Sphere|p2a: Forretress\n|-damage|p2a: Forretress|0 fnt\n|faint|p2a: Forretress\n|\n|upkeep\n|\n|t:|1699710211\n|switch|p2a: Rattata|Rattata, L1, M, shiny|100\/100\n|turn|4\n|\n|t:|1699710219\n|move|p1a: Marshadow|Aura Sphere|p2a: Rattata\n|-supereffective|p2a: Rattata\n|-enditem|p2a: Rattata|Focus Sash\n|-damage|p2a: Rattata|10\/100\n|move|p2a: Rattata|Endeavor|p1a: Marshadow\n|-damage|p1a: Marshadow|1\/100\n|\n|upkeep\n|turn|5\n|\n|t:|1699710230\n|move|p1a: Marshadow|Aura Sphere|p2a: Rattata\n|-supereffective|p2a: Rattata\n|-damage|p2a: Rattata|0 fnt\n|faint|p2a: Rattata\n|\n|upkeep\n|inactive|DannLink has 120 seconds left.\n|\n|t:|1699710252\n|switch|p2a: Darkrai|Darkrai|100\/100\n|turn|6\n|\n|t:|1699710259\n|move|p1a: Marshadow|Aura Sphere|p2a: Darkrai\n|-supereffective|p2a: Darkrai\n|-damage|p2a: Darkrai|15\/100\n|move|p2a: Darkrai|Dark Pulse|p1a: Marshadow\n|-resisted|p1a: Marshadow\n|-damage|p1a: Marshadow|0 fnt\n|faint|p1a: Marshadow\n|\n|-heal|p2a: Darkrai|21\/100|[from] item: Leftovers\n|upkeep\n|\n|t:|1699710268\n|switch|p1a: Alakazam|Alakazam, M|100\/100\n|turn|7\n|\n|t:|1699710277\n|move|p2a: Darkrai|Hypnosis|p1a: Alakazam|[miss]\n|-miss|p2a: Darkrai|p1a: Alakazam\n|move|p1a: Alakazam|Nasty Plot|p1a: Alakazam\n|-boost|p1a: Alakazam|spa|2\n|\n|-heal|p2a: Darkrai|27\/100|[from] item: Leftovers\n|upkeep\n|turn|8\n|\n|t:|1699710287\n|move|p2a: Darkrai|Hypnosis|p1a: Alakazam|[miss]\n|-miss|p2a: Darkrai|p1a: Alakazam\n|move|p1a: Alakazam|Curse|p1a: Alakazam\n|-unboost|p1a: Alakazam|spe|1\n|-boost|p1a: Alakazam|atk|1\n|-boost|p1a: Alakazam|def|1\n|\n|-heal|p2a: Darkrai|33\/100|[from] item: Leftovers\n|upkeep\n|turn|9\n|\n|t:|1699710304\n|switch|p1a: Meloetta|Meloetta|100\/100\n|-damage|p1a: Meloetta|88\/100|[from] Stealth Rock\n|move|p2a: Darkrai|Hypnosis|p1a: Meloetta\n|-status|p1a: Meloetta|slp|[from] move: Hypnosis\n|\n|-heal|p2a: Darkrai|39\/100|[from] item: Leftovers\n|-damage|p1a: Meloetta|76\/100 slp|[from] ability: Bad Dreams|[of] p2a: Darkrai\n|upkeep\n|turn|10\n|\n|t:|1699710318\n|move|p2a: Darkrai|Substitute|p2a: Darkrai\n|-start|p2a: Darkrai|Substitute\n|-damage|p2a: Darkrai|14\/100\n|cant|p1a: Meloetta|slp\n|\n|-heal|p2a: Darkrai|20\/100|[from] item: Leftovers\n|-damage|p1a: Meloetta|64\/100 slp|[from] ability: Bad Dreams|[of] p2a: Darkrai\n|upkeep\n|turn|11\n|\n|t:|1699710328\n|move|p2a: Darkrai|Nasty Plot|p2a: Darkrai\n|-boost|p2a: Darkrai|spa|2\n|cant|p1a: Meloetta|slp\n|\n|-heal|p2a: Darkrai|26\/100|[from] item: Leftovers\n|-damage|p1a: Meloetta|51\/100 slp|[from] ability: Bad Dreams|[of] p2a: Darkrai\n|upkeep\n|turn|12\n|\n|t:|1699710342\n|move|p2a: Darkrai|Nasty Plot|p2a: Darkrai\n|-boost|p2a: Darkrai|spa|2\n|-curestatus|p1a: Meloetta|slp|[msg]\n|move|p1a: Meloetta|Hidden Power|p2a: Darkrai\n|-end|p2a: Darkrai|Substitute\n|\n|-heal|p2a: Darkrai|33\/100|[from] item: Leftovers\n|upkeep\n|turn|13\n|\n|t:|1699710361\n|move|p2a: Darkrai|Dark Pulse|p1a: Meloetta\n|-supereffective|p1a: Meloetta\n|-damage|p1a: Meloetta|0 fnt\n|faint|p1a: Meloetta\n|\n|-heal|p2a: Darkrai|39\/100|[from] item: Leftovers\n|upkeep\n|\n|t:|1699710367\n|switch|p1a: Gengar|Gengar, M|100\/100\n|-damage|p1a: Gengar|88\/100|[from] Stealth Rock\n|turn|14\n|\n|t:|1699710378\n|move|p2a: Darkrai|Dark Pulse|p1a: Gengar\n|-supereffective|p1a: Gengar\n|-crit|p1a: Gengar\n|-damage|p1a: Gengar|0 fnt\n|faint|p1a: Gengar\n|\n|-heal|p2a: Darkrai|45\/100|[from] item: Leftovers\n|upkeep\n|\n|t:|1699710385\n|switch|p1a: Ditto|Ditto|100\/100\n|-damage|p1a: Ditto|88\/100|[from] Stealth Rock\n|turn|15\n|\n|t:|1699710395\n|move|p2a: Darkrai|Hypnosis|p1a: Ditto|[miss]\n|-miss|p2a: Darkrai|p1a: Ditto\n|move|p1a: Ditto|Transform|p2a: Darkrai\n|-transform|p1a: Ditto|p2a: Darkrai\n|\n|-heal|p2a: Darkrai|51\/100|[from] item: Leftovers\n|upkeep\n|turn|16\n|\n|t:|1699710405\n|move|p1a: Ditto|Hypnosis|p2a: Darkrai|[miss]\n|-miss|p1a: Ditto|p2a: Darkrai\n|move|p2a: Darkrai|Hypnosis|p1a: Ditto|[miss]\n|-miss|p2a: Darkrai|p1a: Ditto\n|\n|-heal|p2a: Darkrai|57\/100|[from] item: Leftovers\n|upkeep\n|turn|17\n|\n|t:|1699710417\n|move|p2a: Darkrai|Hypnosis|p1a: Ditto\n|-status|p1a: Ditto|slp|[from] move: Hypnosis\n|cant|p1a: Ditto|slp\n|\n|-heal|p2a: Darkrai|63\/100|[from] item: Leftovers\n|-damage|p1a: Ditto|76\/100 slp|[from] ability: Bad Dreams|[of] p2a: Darkrai\n|upkeep\n|turn|18\n|\n|t:|1699710429\n|move|p2a: Darkrai|Substitute|p2a: Darkrai\n|-start|p2a: Darkrai|Substitute\n|-damage|p2a: Darkrai|38\/100\n|cant|p1a: Ditto|slp\n|\n|-heal|p2a: Darkrai|44\/100|[from] item: Leftovers\n|-damage|p1a: Ditto|63\/100 slp|[from] ability: Bad Dreams|[of] p2a: Darkrai\n|upkeep\n|turn|19\n|\n|t:|1699710438\n|cant|p1a: Ditto|slp\n|move|p2a: Darkrai|Dark Pulse|p1a: Ditto\n|-resisted|p1a: Ditto\n|-damage|p1a: Ditto|0 fnt\n|faint|p1a: Ditto\n|\n|-heal|p2a: Darkrai|50\/100|[from] item: Leftovers\n|upkeep\n|\n|t:|1699710447\n|switch|p1a: Wobbuffet|Wobbuffet, M|100\/100\n|-damage|p1a: Wobbuffet|88\/100|[from] Stealth Rock\n|turn|20\n|\n|t:|1699710456\n|move|p2a: Darkrai|Dark Pulse|p1a: Wobbuffet\n|-supereffective|p1a: Wobbuffet\n|-damage|p1a: Wobbuffet|0 fnt\n|faint|p1a: Wobbuffet\n|\n|-heal|p2a: Darkrai|56\/100|[from] item: Leftovers\n|upkeep\n|\n|t:|1699710463\n|switch|p1a: Alakazam|Alakazam, M|100\/100\n|turn|21\n|c|\u2606DannLink|gg\n|\n|t:|1699710469\n|move|p2a: Darkrai|Dark Pulse|p1a: Alakazam\n|-supereffective|p1a: Alakazam\n|-damage|p1a: Alakazam|0 fnt\n|faint|p1a: Alakazam\n|\n|win|DannLink\n|raw|aski_pokemon's rating: 1000 &rarr; <strong>1000<\/strong><br \/>(+0 for losing)\n|raw|DannLink's rating: 1000 &rarr; <strong>1040<\/strong><br \/>(+40 for winning)\n|l|\u2606aski_pokemon\n","uploadtime":1699710498,"views":53,"p1id":"askipokemon","p2id":"dannlink","formatid":"gen9nationaldexubers","rating":1000,"private":0,"password":""}