{"id":"gen9nationaldexubers-1999209838","p1":"hexagonereal","p2":"3o2o2o2o2o","format":"[Gen 9] National Dex Ubers","log":"|j|\u2606hexagonereal\n|j|\u26063o2o2o2o2o\n|t:|1701045771\n|gametype|singles\n|player|p1|hexagonereal|cyrus|1495\n|player|p2|3o2o2o2o2o|hooligans|1446\n|teamsize|p1|6\n|teamsize|p2|6\n|gen|9\n|tier|[Gen 9] National Dex Ubers\n|rated|\n|rule|HP Percentage Mod: HP is shown in percentages\n|rule|Endless Battle Clause: Forcing endless battles is banned\n|rule|OHKO Clause: OHKO moves are banned\n|rule|Evasion Moves Clause: Evasion moves are banned\n|rule|Evasion Items Clause: Evasion items are banned\n|rule|Species Clause: Limit one of each Pok\u00e9mon\n|rule|Sleep Clause Mod: Limit one foe put to sleep\n|rule|Mega Rayquaza Clause: You cannot mega evolve Rayquaza\n|clearpoke\n|poke|p1|Eternatus|\n|poke|p1|Arceus-Water|\n|poke|p1|Xerneas-*|\n|poke|p1|Zygarde|\n|poke|p1|Groudon|\n|poke|p1|Kyogre|\n|poke|p2|Necrozma-Dusk-Mane|\n|poke|p2|Deoxys-Attack|\n|poke|p2|Zacian-*|\n|poke|p2|Marshadow|\n|poke|p2|Groudon|\n|poke|p2|Farfetch\u2019d, M|\n|teampreview\n|inactive|Battle timer is ON: inactive players will automatically lose when time's up. (requested by 3o2o2o2o2o)\n|\n|t:|1701045788\n|start\n|switch|p1a: Arceus|Arceus-Water|100\/100\n|switch|p2a: Leek number bb|Farfetch\u2019d, M, shiny|100\/100\n|turn|1\n|\n|t:|1701045797\n|move|p1a: Arceus|Toxic|p2a: Leek number bb|[miss]\n|-miss|p1a: Arceus|p2a: Leek number bb\n|move|p2a: Leek number bb|Yawn|p1a: Arceus\n|-start|p1a: Arceus|move: Yawn|[of] p2a: Leek number bb\n|\n|upkeep\n|turn|2\n|\n|t:|1701045822\n|switch|p1a: Kyogre|Kyogre|100\/100\n|detailschange|p1a: Kyogre|Kyogre-Primal\n|-primal|p1a: Kyogre|Blue Orb\n|-weather|PrimordialSea|[from] ability: Primordial Sea|[of] p1a: Kyogre\n|switch|p2a: Sweep mf|Necrozma-Dusk-Mane, shiny|100\/100\n|\n|-weather|PrimordialSea|[upkeep]\n|upkeep\n|turn|3\n|\n|t:|1701045830\n|move|p2a: Sweep mf|Dragon Dance|p2a: Sweep mf\n|-boost|p2a: Sweep mf|atk|1\n|-boost|p2a: Sweep mf|spe|1\n|move|p1a: Kyogre|Origin Pulse|p2a: Sweep mf\n|-damage|p2a: Sweep mf|0 fnt\n|faint|p2a: Sweep mf\n|\n|-weather|PrimordialSea|[upkeep]\n|upkeep\n|\n|t:|1701045833\n|switch|p2a: Mf mf|Groudon, shiny|100\/100\n|detailschange|p2a: Mf mf|Groudon-Primal, shiny\n|-primal|p2a: Mf mf|Red Orb\n|-weather|DesolateLand|[from] ability: Desolate Land|[of] p2a: Mf mf\n|turn|4\n|\n|t:|1701045843\n|switch|p1a: Arceus|Arceus-Water|100\/100\n|move|p2a: Mf mf|Precipice Blades|p1a: Arceus|[miss]\n|-miss|p2a: Mf mf|p1a: Arceus\n|\n|-weather|DesolateLand|[upkeep]\n|upkeep\n|turn|5\n|\n|t:|1701045848\n|move|p1a: Arceus|Toxic|p2a: Mf mf\n|-status|p2a: Mf mf|tox\n|move|p2a: Mf mf|Precipice Blades|p1a: Arceus\n|-damage|p1a: Arceus|58\/100\n|\n|-weather|DesolateLand|[upkeep]\n|-damage|p2a: Mf mf|94\/100 tox|[from] psn\n|upkeep\n|turn|6\n|\n|t:|1701045854\n|move|p1a: Arceus|Recover|p1a: Arceus\n|-heal|p1a: Arceus|100\/100\n|move|p2a: Mf mf|Solar Beam||[still]\n|-prepare|p2a: Mf mf|Solar Beam\n|-anim|p2a: Mf mf|Solar Beam|p1a: Arceus\n|-supereffective|p1a: Arceus\n|-damage|p1a: Arceus|51\/100\n|\n|-weather|DesolateLand|[upkeep]\n|-damage|p2a: Mf mf|82\/100 tox|[from] psn\n|upkeep\n|turn|7\n|\n|t:|1701045867\n|switch|p1a: Kyogre|Kyogre-Primal|100\/100\n|-weather|PrimordialSea|[from] ability: Primordial Sea|[of] p1a: Kyogre\n|move|p2a: Mf mf|Solar Beam||[still]\n|-prepare|p2a: Mf mf|Solar Beam\n|\n|-weather|PrimordialSea|[upkeep]\n|-damage|p2a: Mf mf|64\/100 tox|[from] psn\n|upkeep\n|turn|8\n|\n|t:|1701045883\n|move|p2a: Mf mf|Solar Beam|p1a: Kyogre|[from]lockedmove\n|-supereffective|p1a: Kyogre\n|-damage|p1a: Kyogre|76\/100\n|move|p1a: Kyogre|Origin Pulse|p2a: Mf mf\n|-supereffective|p2a: Mf mf\n|-damage|p2a: Mf mf|0 fnt\n|faint|p2a: Mf mf\n|\n|-weather|PrimordialSea|[upkeep]\n|upkeep\n|c|\u2606hexagonereal|test message\n|c|\u26063o2o2o2o2o|Bottom text\n|\n|t:|1701045898\n|switch|p2a: Eyelander mf|Zacian-Crowned, shiny|100\/100\n|-ability|p2a: Eyelander mf|Intrepid Sword|boost\n|-boost|p2a: Eyelander mf|atk|1\n|turn|9\n|c|\u2606hexagonereal|fr\n|\n|t:|1701045902\n|move|p2a: Eyelander mf|Play Rough|p1a: Kyogre\n|-damage|p1a: Kyogre|10\/100\n|move|p1a: Kyogre|Origin Pulse|p2a: Eyelander mf\n|-damage|p2a: Eyelander mf|1\/100\n|\n|-weather|PrimordialSea|[upkeep]\n|upkeep\n|turn|10\n|\n|t:|1701045914\n|move|p2a: Eyelander mf|Behemoth Blade|p1a: Kyogre\n|-resisted|p1a: Kyogre\n|-crit|p1a: Kyogre\n|-damage|p1a: Kyogre|0 fnt\n|faint|p1a: Kyogre\n|-weather|none\n|\n|upkeep\n|\n|t:|1701045933\n|switch|p1a: Groudon|Groudon|100\/100\n|detailschange|p1a: Groudon|Groudon-Primal\n|-primal|p1a: Groudon|Red Orb\n|-weather|DesolateLand|[from] ability: Desolate Land|[of] p1a: Groudon\n|turn|11\n|c|\u2606hexagonereal|my internet might go out duringf this lmao\n|\n|t:|1701045959\n|switch|p2a: Leek number bb|Farfetch\u2019d, M, shiny|100\/100\n|move|p1a: Groudon|Will-O-Wisp|p2a: Leek number bb\n|-status|p2a: Leek number bb|brn\n|\n|-weather|DesolateLand|[upkeep]\n|-damage|p2a: Leek number bb|94\/100 brn|[from] brn\n|upkeep\n|turn|12\n|c|\u26063o2o2o2o2o|Lol\n|\n|t:|1701045969\n|move|p2a: Leek number bb|Yawn|p1a: Groudon\n|-start|p1a: Groudon|move: Yawn|[of] p2a: Leek number bb\n|move|p1a: Groudon|Stone Edge|p2a: Leek number bb\n|-supereffective|p2a: Leek number bb\n|-damage|p2a: Leek number bb|0 fnt\n|faint|p2a: Leek number bb\n|\n|-weather|DesolateLand|[upkeep]\n|upkeep\n|\n|t:|1701045980\n|switch|p2a: Strong mf|Deoxys-Attack, shiny|100\/100\n|-ability|p2a: Strong mf|Pressure\n|turn|13\n|\n|t:|1701045999\n|-weather|none\n|switch|p1a: Arceus|Arceus-Water|51\/100\n|move|p2a: Strong mf|Psycho Boost|p1a: Arceus\n|-crit|p1a: Arceus\n|-damage|p1a: Arceus|0 fnt\n|-unboost|p2a: Strong mf|spa|2\n|faint|p1a: Arceus\n|-damage|p2a: Strong mf|91\/100|[from] item: Life Orb\n|\n|upkeep\n|\n|t:|1701046014\n|switch|p1a: Zygarde|Zygarde|100\/100\n|turn|14\n|inactive|hexagonereal has 120 seconds left.\n|\n|t:|1701046033\n|switch|p2a: Eyelander mf|Zacian-Crowned, shiny|1\/100\n|-terastallize|p1a: Zygarde|Steel\n|move|p1a: Zygarde|Glare|p2a: Eyelander mf\n|-status|p2a: Eyelander mf|par\n|\n|upkeep\n|turn|15\n|\n|t:|1701046041\n|move|p1a: Zygarde|Substitute|p1a: Zygarde\n|-start|p1a: Zygarde|Substitute\n|-damage|p1a: Zygarde|76\/100\n|cant|p2a: Eyelander mf|par\n|\n|-heal|p1a: Zygarde|82\/100|[from] item: Leftovers\n|upkeep\n|turn|16\n|\n|t:|1701046045\n|move|p1a: Zygarde|Thousand Arrows|p2a: Eyelander mf\n|-supereffective|p2a: Eyelander mf\n|-damage|p2a: Eyelander mf|0 fnt\n|faint|p2a: Eyelander mf\n|\n|-heal|p1a: Zygarde|88\/100|[from] item: Leftovers\n|upkeep\n|\n|t:|1701046047\n|switch|p2a: Elvis mf|Marshadow|100\/100\n|turn|17\n|\n|t:|1701046052\n|move|p2a: Elvis mf|Close Combat|p1a: Zygarde\n|-supereffective|p1a: Zygarde\n|-end|p1a: Zygarde|Substitute\n|-unboost|p2a: Elvis mf|def|1\n|-unboost|p2a: Elvis mf|spd|1\n|move|p1a: Zygarde|Thousand Arrows|p2a: Elvis mf\n|-damage|p2a: Elvis mf|21\/100\n|\n|-heal|p1a: Zygarde|94\/100|[from] item: Leftovers\n|upkeep\n|turn|18\n|\n|t:|1701046058\n|move|p2a: Elvis mf|Spectral Thief|p1a: Zygarde\n|-damage|p1a: Zygarde|58\/100\n|move|p1a: Zygarde|Thousand Arrows|p2a: Elvis mf\n|-damage|p2a: Elvis mf|0 fnt\n|faint|p2a: Elvis mf\n|\n|-heal|p1a: Zygarde|64\/100|[from] item: Leftovers\n|upkeep\n|\n|t:|1701046065\n|switch|p2a: Strong mf|Deoxys-Attack, shiny|91\/100\n|-ability|p2a: Strong mf|Pressure\n|turn|19\n|\n|t:|1701046068\n|-terastallize|p2a: Strong mf|Ghost\n|move|p2a: Strong mf|Superpower|p1a: Zygarde\n|-supereffective|p1a: Zygarde\n|-damage|p1a: Zygarde|0 fnt\n|-unboost|p2a: Strong mf|atk|1\n|-unboost|p2a: Strong mf|def|1\n|faint|p1a: Zygarde\n|-damage|p2a: Strong mf|81\/100|[from] item: Life Orb\n|\n|upkeep\n|\n|t:|1701046076\n|switch|p1a: Groudon|Groudon-Primal|100\/100\n|-weather|DesolateLand|[from] ability: Desolate Land|[of] p1a: Groudon\n|turn|20\n|c|\u26063o2o2o2o2o|Gg\n|\n|t:|1701046080\n|move|p2a: Strong mf|Psycho Boost|p1a: Groudon\n|-damage|p1a: Groudon|24\/100\n|-unboost|p2a: Strong mf|spa|2\n|-damage|p2a: Strong mf|71\/100|[from] item: Life Orb\n|move|p1a: Groudon|Precipice Blades|p2a: Strong mf\n|-damage|p2a: Strong mf|0 fnt\n|faint|p2a: Strong mf\n|\n|win|hexagonereal\n|raw|hexagonereal's rating: 1495 &rarr; <strong>1512<\/strong><br \/>(+17 for winning)\n|raw|3o2o2o2o2o's rating: 1446 &rarr; <strong>1429<\/strong><br \/>(-17 for losing)\n|c|\u2606hexagonereal|ggwp\n|l|\u26063o2o2o2o2o\n","uploadtime":1701046092,"views":2,"p1id":"hexagonereal","p2id":"3o2o2o2o2o","formatid":"gen9nationaldexubers","rating":1429,"private":0,"password":""}