{"id":"gen9nationaldexubers-1996423532","p1":"americanboy69","p2":"uignjmk","format":"[Gen 9] National Dex Ubers","log":"|j|\u2606americanboy69\n|j|\u2606uignjmk\n|t:|1700680624\n|gametype|singles\n|player|p1|americanboy69|lucas|1203\n|player|p2|uignjmk|bugcatcher-gen4dp|1281\n|teamsize|p1|6\n|teamsize|p2|6\n|gen|9\n|tier|[Gen 9] National Dex Ubers\n|rated|\n|rule|HP Percentage Mod: HP is shown in percentages\n|rule|Endless Battle Clause: Forcing endless battles is banned\n|rule|OHKO Clause: OHKO moves are banned\n|rule|Evasion Moves Clause: Evasion moves are banned\n|rule|Evasion Items Clause: Evasion items are banned\n|rule|Species Clause: Limit one of each Pok\u00e9mon\n|rule|Sleep Clause Mod: Limit one foe put to sleep\n|rule|Mega Rayquaza Clause: You cannot mega evolve Rayquaza\n|clearpoke\n|poke|p1|Necrozma-Dusk-Mane|\n|poke|p1|Kyogre|\n|poke|p1|Palkia-Origin|\n|poke|p1|Urshifu-*, F|\n|poke|p1|Ho-Oh|\n|poke|p1|Zacian-*|\n|poke|p2|Forretress, M|\n|poke|p2|Galvantula, F|\n|poke|p2|Kleavor, M|\n|poke|p2|Scizor, M|\n|poke|p2|Lokix, M|\n|poke|p2|Pinsir, M|\n|teampreview\n|inactive|Battle timer is ON: inactive players will automatically lose when time's up. (requested by americanboy69)\n|\n|t:|1700680634\n|start\n|switch|p1a: Urshifu|Urshifu, F|100\/100\n|switch|p2a: Rock Paper...|Scizor, M|100\/100\n|turn|1\n|\n|t:|1700680646\n|move|p1a: Urshifu|Taunt|p2a: Rock Paper...\n|-start|p2a: Rock Paper...|move: Taunt\n|move|p2a: Rock Paper...|Dual Wingbeat|p1a: Urshifu\n|-supereffective|p1a: Urshifu\n|-damage|p1a: Urshifu|40\/100\n|-supereffective|p1a: Urshifu\n|-damage|p1a: Urshifu|0 fnt\n|faint|p1a: Urshifu\n|-hitcount|p1: Urshifu|2\n|-damage|p2a: Rock Paper...|91\/100|[from] item: Life Orb\n|\n|upkeep\n|\n|t:|1700680654\n|switch|p1a: Ho-Oh|Ho-Oh|100\/100\n|turn|2\n|\n|t:|1700680662\n|switch|p2a: Keanu Kleaves|Kleavor, M|100\/100\n|move|p1a: Ho-Oh|Sacred Fire|p2a: Keanu Kleaves\n|-damage|p2a: Keanu Kleaves|47\/100\n|-status|p2a: Keanu Kleaves|brn\n|\n|-damage|p2a: Keanu Kleaves|41\/100 brn|[from] brn\n|upkeep\n|turn|3\n|\n|t:|1700680676\n|switch|p1a: Necrozma|Necrozma-Dusk-Mane|100\/100\n|move|p2a: Keanu Kleaves|Stone Axe|p1a: Necrozma\n|-resisted|p1a: Necrozma\n|-damage|p1a: Necrozma|93\/100\n|-sidestart|p1: americanboy69|move: Stealth Rock\n|\n|-damage|p2a: Keanu Kleaves|35\/100 brn|[from] brn\n|upkeep\n|turn|4\n|\n|t:|1700680686\n|switch|p2a: Jimmy Jumper|Lokix, M|100\/100\n|detailschange|p1a: Necrozma|Necrozma-Ultra\n|-burst|p1a: Necrozma|Necrozma|Ultranecrozium Z\n|move|p1a: Necrozma|Knock Off|p2a: Jimmy Jumper\n|-resisted|p2a: Jimmy Jumper\n|-damage|p2a: Jimmy Jumper|73\/100\n|-enditem|p2a: Jimmy Jumper|Choice Band|[from] move: Knock Off|[of] p1a: Necrozma\n|\n|upkeep\n|turn|5\n|\n|t:|1700680697\n|move|p2a: Jimmy Jumper|Sucker Punch||[still]\n|-fail|p2a: Jimmy Jumper\n|move|p1a: Necrozma|Toxic|p2a: Jimmy Jumper\n|-status|p2a: Jimmy Jumper|tox\n|\n|-damage|p2a: Jimmy Jumper|67\/100 tox|[from] psn\n|upkeep\n|turn|6\n|\n|t:|1700680704\n|switch|p1a: Ho-Oh|Ho-Oh|100\/100\n|move|p2a: Jimmy Jumper|Knock Off|p1a: Ho-Oh\n|-damage|p1a: Ho-Oh|57\/100\n|-enditem|p1a: Ho-Oh|Heavy-Duty Boots|[from] move: Knock Off|[of] p2a: Jimmy Jumper\n|\n|-damage|p2a: Jimmy Jumper|55\/100 tox|[from] psn\n|upkeep\n|turn|7\n|\n|t:|1700680711\n|switch|p2a: Keanu Kleaves|Kleavor, M|35\/100 brn\n|move|p1a: Ho-Oh|Defog|p2a: Keanu Kleaves\n|-unboost|p2a: Keanu Kleaves|evasion|1\n|-sideend|p1: americanboy69|Stealth Rock|[from] move: Defog|[of] p1a: Ho-Oh\n|\n|-damage|p2a: Keanu Kleaves|29\/100 brn|[from] brn\n|upkeep\n|turn|8\n|\n|t:|1700680718\n|switch|p1a: Necrozma|Necrozma-Ultra|93\/100\n|move|p2a: Keanu Kleaves|Stone Axe|p1a: Necrozma\n|-damage|p1a: Necrozma|75\/100\n|-sidestart|p1: americanboy69|move: Stealth Rock\n|\n|-damage|p2a: Keanu Kleaves|23\/100 brn|[from] brn\n|upkeep\n|turn|9\n|\n|t:|1700680725\n|switch|p2a: Rock Paper...|Scizor, M|91\/100\n|move|p1a: Necrozma|Sunsteel Strike|p2a: Rock Paper...\n|-resisted|p2a: Rock Paper...\n|-damage|p2a: Rock Paper...|70\/100\n|\n|upkeep\n|turn|10\n|\n|t:|1700680733\n|move|p2a: Rock Paper...|Bullet Punch|p1a: Necrozma\n|-damage|p1a: Necrozma|45\/100\n|-damage|p2a: Rock Paper...|60\/100|[from] item: Life Orb\n|move|p1a: Necrozma|Knock Off|p2a: Rock Paper...\n|-damage|p2a: Rock Paper...|21\/100\n|-enditem|p2a: Rock Paper...|Life Orb|[from] move: Knock Off|[of] p1a: Necrozma\n|\n|upkeep\n|turn|11\n|\n|t:|1700680741\n|move|p1a: Necrozma|Morning Sun|p1a: Necrozma\n|-heal|p1a: Necrozma|95\/100\n|move|p2a: Rock Paper...|U-turn|p1a: Necrozma\n|-supereffective|p1a: Necrozma\n|-damage|p1a: Necrozma|48\/100\n|\n|t:|1700680750\n|switch|p2a: Jimmy Jumper|Lokix, M|55\/100 tox|[from] U-turn\n|\n|-damage|p2a: Jimmy Jumper|49\/100 tox|[from] psn\n|upkeep\n|turn|12\n|\n|t:|1700680754\n|move|p2a: Jimmy Jumper|First Impression|p1a: Necrozma\n|-supereffective|p1a: Necrozma\n|-damage|p1a: Necrozma|0 fnt\n|faint|p1a: Necrozma\n|\n|-damage|p2a: Jimmy Jumper|37\/100 tox|[from] psn\n|upkeep\n|\n|t:|1700680760\n|switch|p1a: Ho-Oh|Ho-Oh|90\/100\n|-damage|p1a: Ho-Oh|40\/100|[from] Stealth Rock\n|turn|13\n|\n|t:|1700680764\n|switch|p2a: Keanu Kleaves|Kleavor, M|23\/100 brn\n|move|p1a: Ho-Oh|Defog|p2a: Keanu Kleaves\n|-unboost|p2a: Keanu Kleaves|evasion|1\n|-sideend|p1: americanboy69|Stealth Rock|[from] move: Defog|[of] p1a: Ho-Oh\n|\n|-damage|p2a: Keanu Kleaves|17\/100 brn|[from] brn\n|upkeep\n|turn|14\n|\n|t:|1700680768\n|move|p2a: Keanu Kleaves|Stone Axe|p1a: Ho-Oh\n|-supereffective|p1a: Ho-Oh\n|-damage|p1a: Ho-Oh|0 fnt\n|-sidestart|p1: americanboy69|move: Stealth Rock\n|faint|p1a: Ho-Oh\n|\n|-damage|p2a: Keanu Kleaves|10\/100 brn|[from] brn\n|upkeep\n|\n|t:|1700680777\n|switch|p1a: Palkia|Palkia-Origin|100\/100\n|-damage|p1a: Palkia|88\/100|[from] Stealth Rock\n|-ability|p1a: Palkia|Pressure\n|turn|15\n|\n|t:|1700680781\n|move|p2a: Keanu Kleaves|Stone Axe|p1a: Palkia\n|-damage|p1a: Palkia|59\/100\n|move|p1a: Palkia|Surf|p2a: Keanu Kleaves\n|-supereffective|p2a: Keanu Kleaves\n|-damage|p2a: Keanu Kleaves|0 fnt\n|faint|p2a: Keanu Kleaves\n|\n|upkeep\n|\n|t:|1700680784\n|switch|p2a: Spinderella|Galvantula, F|100\/100\n|turn|16\n|\n|t:|1700680791\n|move|p1a: Palkia|Spacial Rend|p2a: Spinderella\n|-enditem|p2a: Spinderella|Focus Sash\n|-damage|p2a: Spinderella|1\/100\n|move|p2a: Spinderella|Sticky Web|p1a: Palkia\n|-sidestart|p1: americanboy69|move: Sticky Web\n|\n|upkeep\n|turn|17\n|\n|t:|1700680796\n|switch|p2a: Ballz of Steel|Forretress, M|100\/100\n|move|p1a: Palkia|Spacial Rend|p2a: Ballz of Steel\n|-resisted|p2a: Ballz of Steel\n|-damage|p2a: Ballz of Steel|50\/100\n|-enditem|p2a: Ballz of Steel|Red Card|[of] p1a: Palkia\n|drag|p1a: Zacian|Zacian-Crowned|100\/100\n|-damage|p1a: Zacian|94\/100|[from] Stealth Rock\n|-activate|p1a: Zacian|move: Sticky Web\n|-unboost|p1a: Zacian|spe|1\n|-ability|p1a: Zacian|Intrepid Sword|boost\n|-boost|p1a: Zacian|atk|1\n|\n|upkeep\n|turn|18\n|\n|t:|1700680809\n|switch|p1a: Palkia|Palkia-Origin|59\/100\n|-damage|p1a: Palkia|46\/100|[from] Stealth Rock\n|-activate|p1a: Palkia|move: Sticky Web\n|-unboost|p1a: Palkia|spe|1\n|-ability|p1a: Palkia|Pressure\n|move|p2a: Ballz of Steel|Volt Switch|p1a: Palkia\n|-damage|p1a: Palkia|36\/100\n|\n|t:|1700680818\n|switch|p2a: Jimmy Jumper|Lokix, M|37\/100 tox|[from] Volt Switch\n|\n|-damage|p2a: Jimmy Jumper|31\/100 tox|[from] psn\n|upkeep\n|turn|19\n|\n|t:|1700680823\n|move|p2a: Jimmy Jumper|U-turn|p1a: Palkia\n|-damage|p1a: Palkia|3\/100\n|\n|t:|1700680825\n|switch|p2a: Ballz of Steel|Forretress, M|50\/100|[from] U-turn\n|move|p1a: Palkia|Flamethrower|p2a: Ballz of Steel\n|-supereffective|p2a: Ballz of Steel\n|-damage|p2a: Ballz of Steel|0 fnt\n|faint|p2a: Ballz of Steel\n|\n|upkeep\n|\n|t:|1700680828\n|switch|p2a: Bruce Flea|Pinsir, M|100\/100\n|turn|20\n|\n|t:|1700680837\n|move|p2a: Bruce Flea|Return|p1a: Palkia\n|-damage|p1a: Palkia|0 fnt\n|faint|p1a: Palkia\n|-ability|p2a: Bruce Flea|Moxie|boost\n|-boost|p2a: Bruce Flea|atk|1\n|\n|upkeep\n|\n|t:|1700680842\n|switch|p1a: Kyogre|Kyogre|100\/100\n|-damage|p1a: Kyogre|88\/100|[from] Stealth Rock\n|-activate|p1a: Kyogre|move: Sticky Web\n|-unboost|p1a: Kyogre|spe|1\n|-weather|RainDance|[from] ability: Drizzle|[of] p1a: Kyogre\n|turn|21\n|\n|t:|1700680845\n|detailschange|p2a: Bruce Flea|Pinsir-Mega, M\n|-mega|p2a: Bruce Flea|Pinsir|Pinsirite\n|move|p2a: Bruce Flea|Return|p1a: Kyogre\n|-damage|p1a: Kyogre|0 fnt\n|faint|p1a: Kyogre\n|\n|-weather|RainDance|[upkeep]\n|upkeep\n|\n|t:|1700680851\n|switch|p1a: Zacian|Zacian-Crowned|94\/100\n|-damage|p1a: Zacian|88\/100|[from] Stealth Rock\n|-activate|p1a: Zacian|move: Sticky Web\n|-unboost|p1a: Zacian|spe|1\n|turn|22\n|\n|t:|1700680856\n|-terastallize|p1a: Zacian|Fairy\n|move|p2a: Bruce Flea|Earthquake|p1a: Zacian\n|-damage|p1a: Zacian|34\/100\n|move|p1a: Zacian|Swords Dance|p1a: Zacian\n|-boost|p1a: Zacian|atk|2\n|\n|-weather|RainDance|[upkeep]\n|upkeep\n|turn|23\n|\n|t:|1700680862\n|move|p2a: Bruce Flea|Return|p1a: Zacian\n|-damage|p1a: Zacian|0 fnt\n|faint|p1a: Zacian\n|\n|win|uignjmk\n|raw|americanboy69's rating: 1203 &rarr; <strong>1184<\/strong><br \/>(-19 for losing)\n|raw|uignjmk's rating: 1281 &rarr; <strong>1300<\/strong><br \/>(+19 for winning)\n|l|\u2606americanboy69\n","uploadtime":1700680869,"views":7,"p1id":"americanboy69","p2id":"uignjmk","formatid":"gen9nationaldexubers","rating":1184,"private":0,"password":""}