{"id":"gen9nationaldexubers-1980446211","p1":"KEL NUKE","p2":"linkthecat01)","format":"[Gen 9] National Dex Ubers","log":"|j|\u2606KEL NUKE\n|j|\u2606linkthecat01)\n|t:|1698785668\n|gametype|singles\n|player|p1|KEL NUKE|elesa|1218\n|player|p2|linkthecat01)|2|1210\n|teamsize|p1|6\n|teamsize|p2|6\n|gen|9\n|tier|[Gen 9] National Dex Ubers\n|rated|\n|rule|HP Percentage Mod: HP is shown in percentages\n|rule|Endless Battle Clause: Forcing endless battles is banned\n|rule|OHKO Clause: OHKO moves are banned\n|rule|Evasion Moves Clause: Evasion moves are banned\n|rule|Evasion Items Clause: Evasion items are banned\n|rule|Species Clause: Limit one of each Pok\u00e9mon\n|rule|Sleep Clause Mod: Limit one foe put to sleep\n|rule|Mega Rayquaza Clause: You cannot mega evolve Rayquaza\n|clearpoke\n|poke|p1|Groudon|\n|poke|p1|Torkoal, M|\n|poke|p1|Ogerpon-Hearthflame, F|\n|poke|p1|Chi-Yu|\n|poke|p1|Ursaluna-Bloodmoon, M|\n|poke|p1|Great Tusk|\n|poke|p2|Smeargle, F|\n|poke|p2|Melmetal|\n|poke|p2|Kangaskhan, F|\n|poke|p2|Deoxys-Defense|\n|poke|p2|Marshadow|\n|poke|p2|Regieleki|\n|teampreview\n|inactive|Battle timer is ON: inactive players will automatically lose when time's up. (requested by linkthecat01))\n|\n|t:|1698785674\n|start\n|switch|p1a: Torkoal|Torkoal, M|100\/100\n|switch|p2a: IGUESS|Regieleki|100\/100\n|-weather|SunnyDay|[from] ability: Drought|[of] p1a: Torkoal\n|turn|1\n|\n|t:|1698785688\n|switch|p1a: Ursaluna|Ursaluna-Bloodmoon, M|100\/100\n|move|p2a: IGUESS|Thunderbolt|p1a: Ursaluna\n|-immune|p1a: Ursaluna\n|\n|-weather|SunnyDay|[upkeep]\n|upkeep\n|turn|2\n|c|\u2606linkthecat01)|switch?\n|\n|t:|1698785697\n|switch|p2a: PUNCH|Melmetal|100\/100\n|move|p1a: Ursaluna|Calm Mind|p1a: Ursaluna\n|-boost|p1a: Ursaluna|spa|1\n|-boost|p1a: Ursaluna|spd|1\n|\n|-weather|SunnyDay|[upkeep]\n|upkeep\n|turn|3\n|\n|t:|1698785706\n|move|p1a: Ursaluna|Vacuum Wave|p2a: PUNCH\n|-supereffective|p2a: PUNCH\n|-damage|p2a: PUNCH|52\/100\n|move|p2a: PUNCH|Ice Punch|p1a: Ursaluna\n|-supereffective|p1a: Ursaluna\n|-damage|p1a: Ursaluna|45\/100\n|\n|-weather|SunnyDay|[upkeep]\n|upkeep\n|turn|4\n|\n|t:|1698785723\n|switch|p1a: Great Tusk|Great Tusk|100\/100\n|-activate|p1a: Great Tusk|ability: Protosynthesis\n|-start|p1a: Great Tusk|protosynthesisspe\n|move|p2a: PUNCH|Ice Punch|p1a: Great Tusk\n|-supereffective|p1a: Great Tusk\n|-damage|p1a: Great Tusk|45\/100\n|\n|-weather|SunnyDay|[upkeep]\n|-heal|p1a: Great Tusk|51\/100|[from] item: Leftovers\n|upkeep\n|turn|5\n|\n|t:|1698785732\n|move|p1a: Great Tusk|Bulk Up|p1a: Great Tusk\n|-boost|p1a: Great Tusk|atk|1\n|-boost|p1a: Great Tusk|def|1\n|move|p2a: PUNCH|Ice Punch|p1a: Great Tusk\n|-supereffective|p1a: Great Tusk\n|-damage|p1a: Great Tusk|19\/100\n|\n|-weather|SunnyDay|[upkeep]\n|-heal|p1a: Great Tusk|25\/100|[from] item: Leftovers\n|upkeep\n|turn|6\n|\n|t:|1698785738\n|move|p1a: Great Tusk|Headlong Rush|p2a: PUNCH\n|-supereffective|p2a: PUNCH\n|-damage|p2a: PUNCH|0 fnt\n|-unboost|p1a: Great Tusk|def|1\n|-unboost|p1a: Great Tusk|spd|1\n|faint|p2a: PUNCH\n|\n|-weather|SunnyDay|[upkeep]\n|-heal|p1a: Great Tusk|31\/100|[from] item: Leftovers\n|upkeep\n|\n|t:|1698785750\n|switch|p2a: WALLTHATWALKS|Deoxys-Defense|100\/100\n|-ability|p2a: WALLTHATWALKS|Pressure\n|turn|7\n|\n|t:|1698785757\n|move|p1a: Great Tusk|Knock Off|p2a: WALLTHATWALKS\n|-supereffective|p2a: WALLTHATWALKS\n|-damage|p2a: WALLTHATWALKS|37\/100\n|-enditem|p2a: WALLTHATWALKS|Leftovers|[from] move: Knock Off|[of] p1a: Great Tusk\n|move|p2a: WALLTHATWALKS|Counter|p1a: Great Tusk\n|-damage|p1a: Great Tusk|0 fnt\n|faint|p1a: Great Tusk\n|-end|p1a: Great Tusk|Protosynthesis|[silent]\n|\n|-weather|SunnyDay|[upkeep]\n|upkeep\n|c|\u2606linkthecat01)|no\n|c|\u2606linkthecat01)|not allowed\n|c|\u2606linkthecat01)|uno reverse card\n|c|\u2606linkthecat01)|nuh uh\n|c|\u2606linkthecat01)|no you\n|\n|t:|1698785774\n|switch|p1a: Chi-Yu|Chi-Yu|100\/100\n|-ability|p1a: Chi-Yu|Beads of Ruin\n|turn|8\n|inactive|KEL NUKE has 120 seconds left.\n|c|\u2606KEL NUKE|nice argument but 252+ spA choice specs overhear in sun\n|\n|t:|1698785811\n|move|p2a: WALLTHATWALKS|Extreme Speed|p1a: Chi-Yu\n|-damage|p1a: Chi-Yu|81\/100\n|move|p1a: Chi-Yu|Overheat|p2a: WALLTHATWALKS\n|-damage|p2a: WALLTHATWALKS|0 fnt\n|-unboost|p1a: Chi-Yu|spa|2\n|faint|p2a: WALLTHATWALKS\n|\n|-weather|none\n|upkeep\n|c|\u2606linkthecat01)|imagine\n|c|\u2606linkthecat01)|I could care less\n|\n|t:|1698785828\n|switch|p2a: Mom? Dad?|Kangaskhan, F|100\/100\n|turn|9\n|inactive|KEL NUKE has 120 seconds left.\n|\n|t:|1698785838\n|switch|p1a: Torkoal|Torkoal, M|100\/100\n|-weather|SunnyDay|[from] ability: Drought|[of] p1a: Torkoal\n|detailschange|p2a: Mom? Dad?|Kangaskhan-Mega, F\n|-mega|p2a: Mom? Dad?|Kangaskhan|Kangaskhanite\n|move|p2a: Mom? Dad?|Drain Punch|p1a: Torkoal\n|-damage|p1a: Torkoal|87\/100\n|-crit|p1a: Torkoal\n|-damage|p1a: Torkoal|82\/100\n|-hitcount|p1a: Torkoal|2\n|\n|-weather|SunnyDay|[upkeep]\n|upkeep\n|turn|10\n|\n|t:|1698785847\n|move|p2a: Mom? Dad?|Thunder Punch|p1a: Torkoal\n|-damage|p1a: Torkoal|68\/100\n|-damage|p1a: Torkoal|64\/100\n|-hitcount|p1a: Torkoal|2\n|move|p1a: Torkoal|Yawn|p2a: Mom? Dad?\n|-start|p2a: Mom? Dad?|move: Yawn|[of] p1a: Torkoal\n|\n|-weather|SunnyDay|[upkeep]\n|upkeep\n|turn|11\n|\n|t:|1698785851\n|switch|p2a: IGUESS|Regieleki|100\/100\n|move|p1a: Torkoal|Stealth Rock|p2a: IGUESS\n|-sidestart|p2: linkthecat01)|move: Stealth Rock\n|\n|-weather|SunnyDay|[upkeep]\n|upkeep\n|turn|12\n|inactive|KEL NUKE has 120 seconds left.\n|\n|t:|1698785879\n|move|p2a: IGUESS|Volt Switch|p1a: Torkoal\n|-damage|p1a: Torkoal|5\/100\n|\n|t:|1698785885\n|switch|p2a: CTRL+ALT+DEL|Smeargle, F|100\/100|[from] Volt Switch\n|-damage|p2a: CTRL+ALT+DEL|88\/100|[from] Stealth Rock\n|move|p1a: Torkoal|Yawn|p2a: CTRL+ALT+DEL\n|-start|p2a: CTRL+ALT+DEL|move: Yawn|[of] p1a: Torkoal\n|\n|-weather|SunnyDay|[upkeep]\n|-ability|p2a: CTRL+ALT+DEL|Moody|boost\n|-boost|p2a: CTRL+ALT+DEL|atk|2\n|-unboost|p2a: CTRL+ALT+DEL|def|1\n|upkeep\n|turn|13\n|\n|t:|1698785897\n|switch|p2a: Mom? Dad?|Kangaskhan-Mega, F|100\/100\n|-damage|p2a: Mom? Dad?|88\/100|[from] Stealth Rock\n|switch|p1a: Chi-Yu|Chi-Yu|81\/100\n|-ability|p1a: Chi-Yu|Beads of Ruin\n|\n|-weather|SunnyDay|[upkeep]\n|upkeep\n|turn|14\n|\n|t:|1698785905\n|move|p1a: Chi-Yu|Overheat|p2a: Mom? Dad?\n|-damage|p2a: Mom? Dad?|0 fnt\n|-unboost|p1a: Chi-Yu|spa|2\n|faint|p2a: Mom? Dad?\n|\n|-weather|SunnyDay|[upkeep]\n|upkeep\n|\n|t:|1698785909\n|switch|p2a: CTRL+ALT+DEL|Smeargle, F|88\/100\n|-damage|p2a: CTRL+ALT+DEL|76\/100|[from] Stealth Rock\n|turn|15\n|\n|t:|1698785916\n|switch|p1a: Ursaluna|Ursaluna-Bloodmoon, M|45\/100\n|move|p2a: CTRL+ALT+DEL|Spore|p1a: Ursaluna\n|-status|p1a: Ursaluna|slp|[from] move: Spore\n|\n|-weather|SunnyDay|[upkeep]\n|-ability|p2a: CTRL+ALT+DEL|Moody|boost\n|-boost|p2a: CTRL+ALT+DEL|atk|2\n|-unboost|p2a: CTRL+ALT+DEL|def|1\n|upkeep\n|turn|16\n|\n|t:|1698785923\n|cant|p1a: Ursaluna|slp\n|move|p2a: CTRL+ALT+DEL|Sticky Web|p1a: Ursaluna\n|-sidestart|p1: KEL NUKE|move: Sticky Web\n|\n|-weather|none\n|-ability|p2a: CTRL+ALT+DEL|Moody|boost\n|-boost|p2a: CTRL+ALT+DEL|spe|2\n|-unboost|p2a: CTRL+ALT+DEL|spa|1\n|upkeep\n|turn|17\n|-activate|p2a: CTRL+ALT+DEL|item: Quick Claw\n|\n|t:|1698785931\n|switch|p1a: Torkoal|Torkoal, M|5\/100\n|-activate|p1a: Torkoal|move: Sticky Web\n|-unboost|p1a: Torkoal|spe|1\n|-weather|SunnyDay|[from] ability: Drought|[of] p1a: Torkoal\n|move|p2a: CTRL+ALT+DEL|Protect||[still]\n|-fail|p2a: CTRL+ALT+DEL\n|\n|-weather|SunnyDay|[upkeep]\n|-ability|p2a: CTRL+ALT+DEL|Moody|boost\n|-boost|p2a: CTRL+ALT+DEL|spa|2\n|-unboost|p2a: CTRL+ALT+DEL|spe|1\n|upkeep\n|turn|18\n|\n|t:|1698785939\n|move|p2a: CTRL+ALT+DEL|Stored Power|p1a: Torkoal\n|-damage|p1a: Torkoal|0 fnt\n|faint|p1a: Torkoal\n|\n|-weather|SunnyDay|[upkeep]\n|-ability|p2a: CTRL+ALT+DEL|Moody|boost\n|-boost|p2a: CTRL+ALT+DEL|spe|2\n|-unboost|p2a: CTRL+ALT+DEL|spa|1\n|upkeep\n|c|\u2606linkthecat01)|hehe\n|\n|t:|1698785945\n|switch|p1a: Chi-Yu|Chi-Yu|81\/100\n|-activate|p1a: Chi-Yu|move: Sticky Web\n|-unboost|p1a: Chi-Yu|spe|1\n|-ability|p1a: Chi-Yu|Beads of Ruin\n|turn|19\n|\n|t:|1698785957\n|move|p2a: CTRL+ALT+DEL|Protect|p2a: CTRL+ALT+DEL\n|-singleturn|p2a: CTRL+ALT+DEL|Protect\n|move|p1a: Chi-Yu|Flamethrower|p2a: CTRL+ALT+DEL\n|-activate|p2a: CTRL+ALT+DEL|move: Protect\n|\n|-weather|SunnyDay|[upkeep]\n|-ability|p2a: CTRL+ALT+DEL|Moody|boost\n|-boost|p2a: CTRL+ALT+DEL|atk|2\n|-unboost|p2a: CTRL+ALT+DEL|def|1\n|upkeep\n|turn|20\n|\n|t:|1698785965\n|move|p2a: CTRL+ALT+DEL|Stored Power|p1a: Chi-Yu\n|-immune|p1a: Chi-Yu\n|move|p1a: Chi-Yu|Flamethrower|p2a: CTRL+ALT+DEL\n|-damage|p2a: CTRL+ALT+DEL|0 fnt\n|faint|p2a: CTRL+ALT+DEL\n|\n|-weather|SunnyDay|[upkeep]\n|upkeep\n|c|\u2606KEL NUKE|wel i have a dark type\n|\n|t:|1698785968\n|switch|p2a: MOREPUNCH|Marshadow|100\/100\n|-damage|p2a: MOREPUNCH|94\/100|[from] Stealth Rock\n|turn|21\n|c|\u2606linkthecat01)|and I am faster\n|inactive|KEL NUKE has 120 seconds left.\n|\n|t:|1698786011\n|switch|p1a: Ursaluna|Ursaluna-Bloodmoon, M|45\/100 slp\n|-activate|p1a: Ursaluna|move: Sticky Web\n|-unboost|p1a: Ursaluna|spe|1\n|move|p2a: MOREPUNCH|Drain Punch|p1a: Ursaluna\n|-supereffective|p1a: Ursaluna\n|-damage|p1a: Ursaluna|0 fnt\n|-heal|p2a: MOREPUNCH|100\/100|[from] drain|[of] p1a: Ursaluna\n|faint|p1a: Ursaluna\n|\n|-weather|SunnyDay|[upkeep]\n|upkeep\n|\n|t:|1698786029\n|switch|p1a: Ogerpon|Ogerpon-Hearthflame, F|100\/100\n|-activate|p1a: Ogerpon|move: Sticky Web\n|-unboost|p1a: Ogerpon|spe|1\n|-ability|p1a: Ogerpon|Mold Breaker\n|turn|22\n|\n|t:|1698786032\n|-terastallize|p1a: Ogerpon|Fire\n|detailschange|p1a: Ogerpon|Ogerpon-Hearthflame-Tera, F, tera:Fire\n|-ability|p1a: Ogerpon|Embody Aspect (Hearthflame)|boost\n|-boost|p1a: Ogerpon|atk|1\n|move|p2a: MOREPUNCH|Spectral Thief||[still]\n|-clearpositiveboost|p1a: Ogerpon|p2a: MOREPUNCH|move: Spectral Thief\n|-boost|p2a: MOREPUNCH|atk|1\n|-anim|p2a: MOREPUNCH|Spectral Thief|p1a: Ogerpon\n|-damage|p1a: Ogerpon|16\/100\n|move|p1a: Ogerpon|Solar Blade||[still]\n|-prepare|p1a: Ogerpon|Solar Blade\n|-anim|p1a: Ogerpon|Solar Blade|p2a: MOREPUNCH\n|-damage|p2a: MOREPUNCH|0 fnt\n|faint|p2a: MOREPUNCH\n|\n|-weather|SunnyDay|[upkeep]\n|upkeep\n|c|\u2606linkthecat01)|yoink\n|\n|t:|1698786044\n|switch|p2a: IGUESS|Regieleki|100\/100\n|-damage|p2a: IGUESS|88\/100|[from] Stealth Rock\n|turn|23\n|-message|linkthecat01) forfeited.\n|\n|win|KEL NUKE\n|raw|KEL NUKE's rating: 1218 &rarr; <strong>1242<\/strong><br \/>(+24 for winning)\n|raw|linkthecat01)'s rating: 1210 &rarr; <strong>1186<\/strong><br \/>(-24 for losing)\n|l|\u2606linkthecat01)\n","uploadtime":1698786072,"views":9,"p1id":"kelnuke","p2id":"linkthecat01","formatid":"gen9nationaldexubers","rating":1186,"private":0,"password":""}