{"id":"gen9nationaldexubers-1983356104","p1":"hanagakiUBD","p2":"MisteryGold","format":"[Gen 9] National Dex Ubers","log":"|j|\u2606hanagakiUBD\n|j|\u2606MisteryGold\n|t:|1699121531\n|gametype|singles\n|player|p1|hanagakiUBD|iris-gen5bw2|\n|player|p2|MisteryGold|tate|\n|teamsize|p1|6\n|teamsize|p2|6\n|gen|9\n|tier|[Gen 9] National Dex Ubers\n|rule|HP Percentage Mod: HP is shown in percentages\n|rule|Endless Battle Clause: Forcing endless battles is banned\n|rule|OHKO Clause: OHKO moves are banned\n|rule|Evasion Moves Clause: Evasion moves are banned\n|rule|Evasion Items Clause: Evasion items are banned\n|rule|Species Clause: Limit one of each Pok\u00e9mon\n|rule|Sleep Clause Mod: Limit one foe put to sleep\n|rule|Mega Rayquaza Clause: You cannot mega evolve Rayquaza\n|clearpoke\n|poke|p1|Corviknight, M|\n|poke|p1|Dragonite, F|\n|poke|p1|Charizard, F|\n|poke|p1|Sneasler, F|\n|poke|p1|Gliscor, M|\n|poke|p1|Minior-Violet|\n|poke|p2|Corviknight, M|\n|poke|p2|Staraptor, F|\n|poke|p2|Hawlucha, M|\n|poke|p2|Charizard, M|\n|poke|p2|Kilowattrel, M|\n|poke|p2|Gliscor, M|\n|teampreview\n|inactive|Battle timer is ON: inactive players will automatically lose when time's up. (requested by hanagakiUBD)\n|\n|t:|1699121543\n|start\n|switch|p1a: Sneasler|Sneasler, F|100\/100\n|switch|p2a: Gliscor|Gliscor, M|100\/100\n|turn|1\n|\n|t:|1699121546\n|move|p1a: Sneasler|Fake Out|p2a: Gliscor\n|-damage|p2a: Gliscor|91\/100\n|cant|p2a: Gliscor|flinch\n|\n|-status|p2a: Gliscor|tox|[from] item: Toxic Orb\n|upkeep\n|turn|2\n|\n|t:|1699121560\n|switch|p1a: Corviknight|Corviknight, M|100\/100\n|-ability|p1a: Corviknight|Unnerve\n|move|p2a: Gliscor|Ice Fang|p1a: Corviknight\n|-damage|p1a: Corviknight|88\/100\n|\n|-heal|p1a: Corviknight|94\/100|[from] item: Leftovers\n|-heal|p2a: Gliscor|100\/100 tox|[from] ability: Poison Heal\n|upkeep\n|turn|3\n|\n|t:|1699121565\n|switch|p2a: Kilowattrel|Kilowattrel, M|100\/100\n|move|p1a: Corviknight|Substitute|p1a: Corviknight\n|-start|p1a: Corviknight|Substitute\n|-damage|p1a: Corviknight|69\/100\n|\n|-heal|p1a: Corviknight|75\/100|[from] item: Leftovers\n|upkeep\n|turn|4\n|\n|t:|1699121568\n|move|p2a: Kilowattrel|Thunderbolt|p1a: Corviknight\n|-supereffective|p1a: Corviknight\n|-end|p1a: Corviknight|Substitute\n|move|p1a: Corviknight|Bulk Up|p1a: Corviknight\n|-boost|p1a: Corviknight|atk|1\n|-boost|p1a: Corviknight|def|1\n|\n|-heal|p1a: Corviknight|82\/100|[from] item: Leftovers\n|upkeep\n|turn|5\n|\n|t:|1699121572\n|-zpower|p2a: Kilowattrel\n|move|p2a: Kilowattrel|Gigavolt Havoc|p1a: Corviknight|[zeffect]\n|-supereffective|p1a: Corviknight\n|-damage|p1a: Corviknight|0 fnt\n|faint|p1a: Corviknight\n|\n|upkeep\n|\n|t:|1699121580\n|switch|p1a: Minior|Minior-Violet|100\/100\n|-formechange|p1a: Minior|Minior-Meteor||[from] ability: Shields Down\n|turn|6\n|\n|t:|1699121585\n|move|p2a: Kilowattrel|Volt Switch|p1a: Minior\n|-supereffective|p1a: Minior\n|-damage|p1a: Minior|10\/100\n|\n|t:|1699121591\n|switch|p2a: Corviknight|Corviknight, M|100\/100|[from] Volt Switch\n|-ability|p2a: Corviknight|Pressure\n|move|p1a: Minior|Shell Smash|p1a: Minior\n|-unboost|p1a: Minior|def|1\n|-unboost|p1a: Minior|spd|1\n|-boost|p1a: Minior|atk|2\n|-boost|p1a: Minior|spa|2\n|-boost|p1a: Minior|spe|2\n|\n|-formechange|p1a: Minior|Minior-Violet||[from] ability: Shields Down\n|upkeep\n|turn|7\n|\n|t:|1699121601\n|move|p1a: Minior|Shell Smash|p1a: Minior\n|-unboost|p1a: Minior|def|1\n|-unboost|p1a: Minior|spd|1\n|-boost|p1a: Minior|atk|2\n|-boost|p1a: Minior|spa|2\n|-boost|p1a: Minior|spe|2\n|move|p2a: Corviknight|Body Press|p1a: Minior\n|-damage|p1a: Minior|0 fnt\n|faint|p1a: Minior\n|\n|upkeep\n|\n|t:|1699121609\n|switch|p1a: Charizard|Charizard, F|100\/100\n|turn|8\n|\n|t:|1699121616\n|detailschange|p1a: Charizard|Charizard-Mega-Y, F\n|-mega|p1a: Charizard|Charizard|Charizardite Y\n|-weather|SunnyDay|[from] ability: Drought|[of] p1a: Charizard\n|-terastallize|p2a: Corviknight|Flying\n|move|p1a: Charizard|Weather Ball|p2a: Corviknight\n|-damage|p2a: Corviknight|30\/100\n|move|p2a: Corviknight|Brave Bird|p1a: Charizard\n|-damage|p1a: Charizard|33\/100\n|-damage|p2a: Corviknight|11\/100|[from] Recoil\n|\n|-weather|SunnyDay|[upkeep]\n|-heal|p2a: Corviknight|17\/100|[from] item: Leftovers\n|upkeep\n|turn|9\n|\n|t:|1699121626\n|move|p1a: Charizard|Ancient Power|p2a: Corviknight\n|-supereffective|p2a: Corviknight\n|-damage|p2a: Corviknight|0 fnt\n|faint|p2a: Corviknight\n|\n|-weather|SunnyDay|[upkeep]\n|upkeep\n|\n|t:|1699121630\n|switch|p2a: Kilowattrel|Kilowattrel, M|100\/100\n|turn|10\n|\n|t:|1699121636\n|switch|p1a: Gliscor|Gliscor, M|100\/100\n|move|p2a: Kilowattrel|Hurricane|p1a: Gliscor|[miss]\n|-miss|p2a: Kilowattrel|p1a: Gliscor\n|\n|-weather|SunnyDay|[upkeep]\n|-status|p1a: Gliscor|tox|[from] item: Toxic Orb\n|upkeep\n|turn|11\n|\n|t:|1699121643\n|switch|p2a: Staraptor|Staraptor, F|100\/100\n|move|p1a: Gliscor|Knock Off|p2a: Staraptor\n|-damage|p2a: Staraptor|70\/100\n|-enditem|p2a: Staraptor|Choice Scarf|[from] move: Knock Off|[of] p1a: Gliscor\n|\n|-weather|SunnyDay|[upkeep]\n|upkeep\n|turn|12\n|\n|t:|1699121647\n|move|p2a: Staraptor|Brave Bird|p1a: Gliscor\n|-damage|p1a: Gliscor|39\/100 tox\n|-damage|p2a: Staraptor|46\/100|[from] Recoil\n|move|p1a: Gliscor|Stealth Rock|p2a: Staraptor\n|-sidestart|p2: MisteryGold|move: Stealth Rock\n|\n|-weather|none\n|-heal|p1a: Gliscor|52\/100 tox|[from] ability: Poison Heal\n|upkeep\n|turn|13\n|\n|t:|1699121652\n|move|p2a: Staraptor|Brave Bird|p1a: Gliscor\n|-damage|p1a: Gliscor|0 fnt\n|faint|p1a: Gliscor\n|-damage|p2a: Staraptor|27\/100|[from] Recoil\n|\n|upkeep\n|\n|t:|1699121663\n|switch|p1a: Sneasler|Sneasler, F|100\/100\n|turn|14\n|\n|t:|1699121666\n|move|p1a: Sneasler|Fake Out|p2a: Staraptor\n|-damage|p2a: Staraptor|3\/100\n|cant|p2a: Staraptor|flinch\n|\n|upkeep\n|turn|15\n|\n|t:|1699121669\n|move|p1a: Sneasler|Bulk Up|p1a: Sneasler\n|-boost|p1a: Sneasler|atk|1\n|-boost|p1a: Sneasler|def|1\n|move|p2a: Staraptor|Brave Bird|p1a: Sneasler\n|-supereffective|p1a: Sneasler\n|-enditem|p1a: Sneasler|Focus Sash\n|-damage|p1a: Sneasler|1\/100\n|-damage|p2a: Staraptor|0 fnt|[from] Recoil\n|faint|p2a: Staraptor\n|\n|upkeep\n|\n|t:|1699121673\n|switch|p2a: Gliscor|Gliscor, M|100\/100 tox\n|-damage|p2a: Gliscor|88\/100 tox|[from] Stealth Rock\n|turn|16\n|\n|t:|1699121679\n|move|p1a: Sneasler|Acrobatics|p2a: Gliscor\n|-damage|p2a: Gliscor|46\/100 tox\n|move|p2a: Gliscor|Ice Fang|p1a: Sneasler\n|-damage|p1a: Sneasler|0 fnt\n|faint|p1a: Sneasler\n|\n|-heal|p2a: Gliscor|58\/100 tox|[from] ability: Poison Heal\n|upkeep\n|\n|t:|1699121687\n|switch|p1a: Charizard|Charizard-Mega-Y, F|33\/100\n|-weather|SunnyDay|[from] ability: Drought|[of] p1a: Charizard\n|turn|17\n|\n|t:|1699121696\n|move|p1a: Charizard|Weather Ball|p2a: Gliscor\n|-damage|p2a: Gliscor|0 fnt\n|faint|p2a: Gliscor\n|\n|-weather|SunnyDay|[upkeep]\n|upkeep\n|\n|t:|1699121703\n|switch|p2a: Kilowattrel|Kilowattrel, M|100\/100\n|-damage|p2a: Kilowattrel|76\/100|[from] Stealth Rock\n|turn|18\n|\n|t:|1699121707\n|move|p2a: Kilowattrel|Thunderbolt|p1a: Charizard\n|-supereffective|p1a: Charizard\n|-damage|p1a: Charizard|0 fnt\n|faint|p1a: Charizard\n|\n|-weather|SunnyDay|[upkeep]\n|upkeep\n|\n|t:|1699121709\n|switch|p1a: Dragonite|Dragonite, F|100\/100\n|turn|19\n|\n|t:|1699121713\n|move|p2a: Kilowattrel|Thunderbolt|p1a: Dragonite\n|-damage|p1a: Dragonite|56\/100\n|move|p1a: Dragonite|Dragon Dance|p1a: Dragonite\n|-boost|p1a: Dragonite|atk|1\n|-boost|p1a: Dragonite|spe|1\n|\n|-weather|SunnyDay|[upkeep]\n|upkeep\n|turn|20\n|\n|t:|1699121717\n|move|p1a: Dragonite|Ice Spinner|p2a: Kilowattrel\n|-supereffective|p2a: Kilowattrel\n|-damage|p2a: Kilowattrel|0 fnt\n|faint|p2a: Kilowattrel\n|\n|-weather|SunnyDay|[upkeep]\n|upkeep\n|\n|t:|1699121721\n|switch|p2a: Hawlucha|Hawlucha, M|100\/100\n|-damage|p2a: Hawlucha|88\/100|[from] Stealth Rock\n|turn|21\n|c|\u2606hanagakiUBD|Tengo fe\n|\n|t:|1699121724\n|move|p1a: Dragonite|Ice Spinner|p2a: Hawlucha\n|-supereffective|p2a: Hawlucha\n|-damage|p2a: Hawlucha|0 fnt\n|faint|p2a: Hawlucha\n|\n|-weather|none\n|upkeep\n|\n|t:|1699121727\n|switch|p2a: Charizard|Charizard, M|100\/100\n|-damage|p2a: Charizard|51\/100|[from] Stealth Rock\n|turn|22\n|\n|t:|1699121730\n|detailschange|p2a: Charizard|Charizard-Mega-Y, M\n|-mega|p2a: Charizard|Charizard|Charizardite Y\n|-weather|SunnyDay|[from] ability: Drought|[of] p2a: Charizard\n|move|p1a: Dragonite|Dragon Claw|p2a: Charizard\n|-damage|p2a: Charizard|0 fnt\n|faint|p2a: Charizard\n|\n|win|hanagakiUBD\n","uploadtime":1699121737,"views":6,"p1id":"hanagakiubd","p2id":"misterygold","formatid":"gen9nationaldexubers","rating":0,"private":0,"password":""}