{"id":"gen9nationaldexubers-1994172753","p1":"Mistery Gold","p2":"Drixzard","format":"[Gen 9] National Dex Ubers","log":"|j|\u2606Mistery Gold\n|j|\u2606Drixzard\n|t:|1700415225\n|gametype|singles\n|player|p1|Mistery Gold|tate|\n|player|p2|Drixzard|ingo|\n|teamsize|p1|6\n|teamsize|p2|6\n|gen|9\n|tier|[Gen 9] National Dex Ubers\n|rule|HP Percentage Mod: HP is shown in percentages\n|rule|Endless Battle Clause: Forcing endless battles is banned\n|rule|OHKO Clause: OHKO moves are banned\n|rule|Evasion Moves Clause: Evasion moves are banned\n|rule|Evasion Items Clause: Evasion items are banned\n|rule|Species Clause: Limit one of each Pok\u00e9mon\n|rule|Sleep Clause Mod: Limit one foe put to sleep\n|rule|Mega Rayquaza Clause: You cannot mega evolve Rayquaza\n|clearpoke\n|poke|p1|Marshadow|\n|poke|p1|Darkrai|\n|poke|p1|Alakazam, F|\n|poke|p1|Zygarde|\n|poke|p1|Tapu Lele|\n|poke|p1|Kyogre|\n|poke|p2|Melmetal|\n|poke|p2|Incineroar, M|\n|poke|p2|Decidueye-Hisui, M|\n|poke|p2|Naganadel|\n|poke|p2|Rotom-Wash|\n|poke|p2|Lycanroc-Dusk, F|\n|teampreview\n|\n|t:|1700415273\n|start\n|switch|p1a: Kyogre|Kyogre|100\/100\n|switch|p2a: Melmetal|Melmetal|100\/100\n|detailschange|p1a: Kyogre|Kyogre-Primal\n|-primal|p1a: Kyogre|Blue Orb\n|-weather|PrimordialSea|[from] ability: Primordial Sea|[of] p1a: Kyogre\n|turn|1\n|\n|t:|1700415283\n|-terastallize|p2a: Melmetal|Steel\n|move|p1a: Kyogre|Water Spout|p2a: Melmetal\n|-damage|p2a: Melmetal|0 fnt\n|faint|p2a: Melmetal\n|\n|-weather|PrimordialSea|[upkeep]\n|upkeep\n|\n|t:|1700415294\n|switch|p2a: Rotom|Rotom-Wash|100\/100\n|turn|2\n|\n|t:|1700415309\n|-weather|none\n|switch|p1a: Zygarde|Zygarde|100\/100\n|move|p2a: Rotom|Hydro Pump|p1a: Zygarde\n|-damage|p1a: Zygarde|67\/100\n|\n|-heal|p1a: Zygarde|73\/100|[from] item: Leftovers\n|upkeep\n|turn|3\n|\n|t:|1700415322\n|move|p2a: Rotom|Hydro Pump|p1a: Zygarde|[miss]\n|-miss|p2a: Rotom|p1a: Zygarde\n|move|p1a: Zygarde|Sludge Wave|p2a: Rotom\n|-damage|p2a: Rotom|76\/100\n|-status|p2a: Rotom|psn\n|\n|-heal|p1a: Zygarde|79\/100|[from] item: Leftovers\n|-damage|p2a: Rotom|63\/100 psn|[from] psn\n|upkeep\n|turn|4\n|\n|t:|1700415329\n|-terastallize|p1a: Zygarde|Dragon\n|move|p2a: Rotom|Hydro Pump|p1a: Zygarde|[miss]\n|-miss|p2a: Rotom|p1a: Zygarde\n|move|p1a: Zygarde|Draco Meteor|p2a: Rotom\n|-damage|p2a: Rotom|0 fnt\n|-unboost|p1a: Zygarde|spa|2\n|faint|p2a: Rotom\n|\n|-heal|p1a: Zygarde|85\/100|[from] item: Leftovers\n|upkeep\n|\n|t:|1700415342\n|switch|p2a: Naganadel|Naganadel|100\/100\n|turn|5\n|\n|t:|1700415375\n|move|p2a: Naganadel|Tailwind|p2a: Naganadel\n|-sidestart|p2: Drixzard|move: Tailwind\n|move|p1a: Zygarde|Haze|p1a: Zygarde\n|-clearallboost\n|\n|-heal|p1a: Zygarde|91\/100|[from] item: Leftovers\n|upkeep\n|turn|6\n|\n|t:|1700415398\n|move|p2a: Naganadel|Dragon Pulse|p1a: Zygarde\n|-supereffective|p1a: Zygarde\n|-damage|p1a: Zygarde|10\/100\n|-damage|p2a: Naganadel|91\/100|[from] item: Life Orb\n|move|p1a: Zygarde|Draco Meteor|p2a: Naganadel\n|-supereffective|p2a: Naganadel\n|-damage|p2a: Naganadel|0 fnt\n|-unboost|p1a: Zygarde|spa|2\n|faint|p2a: Naganadel\n|\n|-heal|p1a: Zygarde|16\/100|[from] item: Leftovers\n|-activate|p1a: Zygarde|ability: Power Construct\n|detailschange|p1a: Zygarde|Zygarde-Complete, tera:Dragon\n|-heal|p1a: Zygarde|45\/100|[silent]\n|upkeep\n|\n|t:|1700415410\n|switch|p2a: Decidueye|Decidueye-Hisui, M|100\/100\n|turn|7\n|\n|t:|1700415415\n|move|p2a: Decidueye|Brave Bird|p1a: Zygarde\n|-damage|p1a: Zygarde|29\/100\n|-damage|p2a: Decidueye|90\/100|[from] Recoil\n|move|p1a: Zygarde|Haze|p1a: Zygarde\n|-clearallboost\n|\n|-heal|p1a: Zygarde|35\/100|[from] item: Leftovers\n|upkeep\n|turn|8\n|\n|t:|1700415424\n|move|p2a: Decidueye|Close Combat|p1a: Zygarde\n|-damage|p1a: Zygarde|11\/100\n|-unboost|p2a: Decidueye|def|1\n|-unboost|p2a: Decidueye|spd|1\n|move|p1a: Zygarde|Sludge Wave|p2a: Decidueye\n|-supereffective|p2a: Decidueye\n|-damage|p2a: Decidueye|19\/100\n|\n|-heal|p1a: Zygarde|17\/100|[from] item: Leftovers\n|-sideend|p2: Drixzard|move: Tailwind\n|upkeep\n|turn|9\n|\n|t:|1700415433\n|move|p2a: Decidueye|Close Combat|p1a: Zygarde\n|-damage|p1a: Zygarde|0 fnt\n|-unboost|p2a: Decidueye|def|1\n|-unboost|p2a: Decidueye|spd|1\n|faint|p1a: Zygarde\n|\n|upkeep\n|\n|t:|1700415441\n|switch|p1a: Marshadow|Marshadow|100\/100\n|turn|10\n|\n|t:|1700415444\n|move|p1a: Marshadow|Shadow Sneak|p2a: Decidueye\n|-damage|p2a: Decidueye|0 fnt\n|faint|p2a: Decidueye\n|\n|upkeep\n|\n|t:|1700415449\n|switch|p2a: Lycanroc|Lycanroc-Dusk, F|100\/100\n|turn|11\n|\n|t:|1700415453\n|move|p1a: Marshadow|Drain Punch|p2a: Lycanroc\n|-supereffective|p2a: Lycanroc\n|-damage|p2a: Lycanroc|0 fnt\n|faint|p2a: Lycanroc\n|\n|upkeep\n|\n|t:|1700415455\n|switch|p2a: Incineroar|Incineroar, M|100\/100\n|-ability|p2a: Incineroar|Intimidate|boost\n|-unboost|p1a: Marshadow|atk|1\n|turn|12\n|\n|t:|1700415459\n|move|p1a: Marshadow|Drain Punch|p2a: Incineroar\n|-supereffective|p2a: Incineroar\n|-damage|p2a: Incineroar|52\/100\n|move|p2a: Incineroar|Will-O-Wisp|p1a: Marshadow\n|-status|p1a: Marshadow|brn\n|\n|-heal|p2a: Incineroar|58\/100|[from] item: Leftovers\n|-damage|p1a: Marshadow|94\/100 brn|[from] brn\n|upkeep\n|turn|13\n|\n|t:|1700415471\n|move|p1a: Marshadow|Drain Punch|p2a: Incineroar\n|-supereffective|p2a: Incineroar\n|-damage|p2a: Incineroar|30\/100\n|-heal|p1a: Marshadow|100\/100 brn|[from] drain|[of] p2a: Incineroar\n|move|p2a: Incineroar|Darkest Lariat|p1a: Marshadow\n|-damage|p1a: Marshadow|40\/100 brn\n|\n|-heal|p2a: Incineroar|37\/100|[from] item: Leftovers\n|-damage|p1a: Marshadow|34\/100 brn|[from] brn\n|upkeep\n|turn|14\n|\n|t:|1700415492\n|switch|p1a: Tapu Lele|Tapu Lele|100\/100\n|-fieldstart|move: Psychic Terrain|[from] ability: Psychic Surge|[of] p1a: Tapu Lele\n|move|p2a: Incineroar|Darkest Lariat|p1a: Tapu Lele\n|-damage|p1a: Tapu Lele|34\/100\n|\n|-heal|p1a: Tapu Lele|40\/100|[from] item: Leftovers\n|-heal|p2a: Incineroar|43\/100|[from] item: Leftovers\n|upkeep\n|turn|15\n|\n|t:|1700415500\n|switch|p1a: Kyogre|Kyogre-Primal|100\/100\n|-weather|PrimordialSea|[from] ability: Primordial Sea|[of] p1a: Kyogre\n|move|p2a: Incineroar|Darkest Lariat|p1a: Kyogre\n|-damage|p1a: Kyogre|60\/100\n|\n|-weather|PrimordialSea|[upkeep]\n|-heal|p2a: Incineroar|49\/100|[from] item: Leftovers\n|upkeep\n|turn|16\n|\n|t:|1700415504\n|move|p1a: Kyogre|Water Spout|p2a: Incineroar\n|-supereffective|p2a: Incineroar\n|-damage|p2a: Incineroar|0 fnt\n|faint|p2a: Incineroar\n|\n|win|Mistery Gold\n|l|\u2606Drixzard\n","uploadtime":1700415522,"views":5,"p1id":"misterygold","p2id":"drixzard","formatid":"gen9nationaldexubers","rating":0,"private":0,"password":""}