{"id":"gen9nationaldexubers-1998881367","p1":"Nautis","p2":"Araccx","format":"[Gen 9] National Dex Ubers","log":"|j|\u2606Nautis\n|j|\u2606Araccx\n|t:|1701007920\n|gametype|singles\n|player|p1|Nautis|cynthia|\n|player|p2|Araccx|170|\n|teamsize|p1|6\n|teamsize|p2|6\n|gen|9\n|tier|[Gen 9] National Dex Ubers\n|rule|HP Percentage Mod: HP is shown in percentages\n|rule|Endless Battle Clause: Forcing endless battles is banned\n|rule|OHKO Clause: OHKO moves are banned\n|rule|Evasion Moves Clause: Evasion moves are banned\n|rule|Evasion Items Clause: Evasion items are banned\n|rule|Species Clause: Limit one of each Pok\u00e9mon\n|rule|Sleep Clause Mod: Limit one foe put to sleep\n|rule|Mega Rayquaza Clause: You cannot mega evolve Rayquaza\n|clearpoke\n|poke|p1|Yanmega, M|\n|poke|p1|Mamoswine, F|\n|poke|p1|Incineroar, F|\n|poke|p1|Weezing-Galar, F|\n|poke|p1|Slowking, M|\n|poke|p1|Corviknight, F|\n|poke|p2|Hoopa-Unbound|\n|poke|p2|Suicune|\n|poke|p2|Dragapult, M|\n|poke|p2|Weezing, M|\n|poke|p2|Tauros, M|\n|poke|p2|Aerodactyl, F|\n|teampreview\n|j| Gymnasiar\n|j| Petznov\n|\n|t:|1701007969\n|start\n|switch|p1a: Shishabi Bre|Weezing-Galar, F|100\/100\n|switch|p2a: YoungWildFree|Weezing, M, shiny|100\/100\n|-ability|p1a: Shishabi Bre|Neutralizing Gas\n|turn|1\n|\n|t:|1701007987\n|move|p2a: YoungWildFree|Taunt|p1a: Shishabi Bre\n|-start|p1a: Shishabi Bre|move: Taunt\n|cant|p1a: Shishabi Bre|move: Taunt|Toxic Spikes\n|\n|upkeep\n|turn|2\n|\n|t:|1701007997\n|-end|p1a: Shishabi Bre|ability: Neutralizing Gas\n|switch|p1a: BrieftaubeOnCrack|Corviknight, F|100\/100\n|-ability|p1a: BrieftaubeOnCrack|Pressure\n|move|p2a: YoungWildFree|Will-O-Wisp|p1a: BrieftaubeOnCrack|[miss]\n|-miss|p2a: YoungWildFree|p1a: BrieftaubeOnCrack\n|\n|upkeep\n|turn|3\n|\n|t:|1701008010\n|move|p2a: YoungWildFree|Will-O-Wisp|p1a: BrieftaubeOnCrack\n|-status|p1a: BrieftaubeOnCrack|brn\n|move|p1a: BrieftaubeOnCrack|U-turn|p2a: YoungWildFree\n|-resisted|p2a: YoungWildFree\n|-damage|p2a: YoungWildFree|98\/100\n|-damage|p1a: BrieftaubeOnCrack|84\/100 brn|[from] item: Rocky Helmet|[of] p2a: YoungWildFree\n|\n|t:|1701008035\n|switch|p1a: Dreckssack|Slowking, M|100\/100|[from] U-turn\n|\n|upkeep\n|turn|4\n|\n|t:|1701008051\n|move|p2a: YoungWildFree|Taunt|p1a: Dreckssack\n|-start|p1a: Dreckssack|move: Taunt\n|cant|p1a: Dreckssack|move: Taunt|Light Screen\n|\n|upkeep\n|turn|5\n|\n|t:|1701008063\n|switch|p2a: Gol' D Buggy|Hoopa-Unbound|100\/100\n|move|p1a: Dreckssack|Scald|p2a: Gol' D Buggy\n|-crit|p2a: Gol' D Buggy\n|-damage|p2a: Gol' D Buggy|66\/100\n|\n|upkeep\n|turn|6\n|\n|t:|1701008075\n|switch|p1a: Sir Samilten IV|Incineroar, F|100\/100\n|-ability|p1a: Sir Samilten IV|Intimidate|boost\n|-unboost|p2a: Gol' D Buggy|atk|1\n|move|p2a: Gol' D Buggy|Knock Off|p1a: Sir Samilten IV\n|-resisted|p1a: Sir Samilten IV\n|-damage|p1a: Sir Samilten IV|88\/100\n|-enditem|p1a: Sir Samilten IV|Assault Vest|[from] move: Knock Off|[of] p2a: Gol' D Buggy\n|\n|upkeep\n|turn|7\n|\n|t:|1701008098\n|switch|p2a: Durch den Monsun|Suicune, shiny|100\/100\n|-ability|p2a: Durch den Monsun|Pressure\n|move|p1a: Sir Samilten IV|U-turn|p2a: Durch den Monsun\n|-damage|p2a: Durch den Monsun|88\/100\n|\n|t:|1701008123\n|switch|p1a: Shishabi Bre|Weezing-Galar, F|100\/100|[from] U-turn\n|-ability|p1a: Shishabi Bre|Neutralizing Gas\n|\n|-heal|p2a: Durch den Monsun|95\/100|[from] item: Leftovers\n|upkeep\n|turn|8\n|\n|t:|1701008144\n|move|p2a: Durch den Monsun|Ice Beam|p1a: Shishabi Bre\n|-damage|p1a: Shishabi Bre|82\/100\n|move|p1a: Shishabi Bre|Taunt|p2a: Durch den Monsun\n|-start|p2a: Durch den Monsun|move: Taunt\n|\n|-heal|p2a: Durch den Monsun|100\/100|[from] item: Leftovers\n|-heal|p1a: Shishabi Bre|88\/100|[from] item: Black Sludge\n|upkeep\n|turn|9\n|\n|t:|1701008160\n|switch|p2a: YoungWildFree|Weezing, M, shiny|98\/100\n|move|p1a: Shishabi Bre|Toxic Spikes|p2a: YoungWildFree\n|-sidestart|p2: Araccx|move: Toxic Spikes\n|\n|-heal|p1a: Shishabi Bre|94\/100|[from] item: Black Sludge\n|upkeep\n|turn|10\n|\n|t:|1701008192\n|-end|p1a: Shishabi Bre|ability: Neutralizing Gas\n|switch|p1a: Sir Samilten IV|Incineroar, F|88\/100\n|-ability|p1a: Sir Samilten IV|Intimidate|boost\n|-unboost|p2a: YoungWildFree|atk|1\n|move|p2a: YoungWildFree|Taunt|p1a: Sir Samilten IV\n|-start|p1a: Sir Samilten IV|move: Taunt\n|\n|upkeep\n|turn|11\n|\n|t:|1701008206\n|move|p2a: YoungWildFree|Sludge Bomb|p1a: Sir Samilten IV\n|-damage|p1a: Sir Samilten IV|62\/100\n|move|p1a: Sir Samilten IV|Knock Off|p2a: YoungWildFree\n|-damage|p2a: YoungWildFree|74\/100\n|-damage|p1a: Sir Samilten IV|45\/100|[from] item: Rocky Helmet|[of] p2a: YoungWildFree\n|-enditem|p2a: YoungWildFree|Rocky Helmet|[from] move: Knock Off|[of] p1a: Sir Samilten IV\n|\n|upkeep\n|turn|12\n|j| cosmojenkins\n|\n|t:|1701008236\n|switch|p1a: BrieftaubeOnCrack|Corviknight, F|84\/100 brn\n|-ability|p1a: BrieftaubeOnCrack|Pressure\n|move|p2a: YoungWildFree|Sludge Bomb|p1a: BrieftaubeOnCrack\n|-immune|p1a: BrieftaubeOnCrack\n|\n|-damage|p1a: BrieftaubeOnCrack|78\/100 brn|[from] brn\n|upkeep\n|turn|13\n|\n|t:|1701008274\n|switch|p2a: Return of the BIRB|Aerodactyl, F|100\/100\n|-ability|p2a: Return of the BIRB|Unnerve\n|move|p1a: BrieftaubeOnCrack|Roost|p1a: BrieftaubeOnCrack\n|-heal|p1a: BrieftaubeOnCrack|100\/100 brn\n|-singleturn|p1a: BrieftaubeOnCrack|move: Roost\n|\n|-damage|p1a: BrieftaubeOnCrack|94\/100 brn|[from] brn\n|upkeep\n|turn|14\n|\n|t:|1701008288\n|move|p2a: Return of the BIRB|Defog|p1a: BrieftaubeOnCrack\n|-unboost|p1a: BrieftaubeOnCrack|evasion|1\n|-sideend|p2: Araccx|Toxic Spikes|[from] move: Defog|[of] p2a: Return of the BIRB\n|move|p1a: BrieftaubeOnCrack|Iron Head|p2a: Return of the BIRB\n|-supereffective|p2a: Return of the BIRB\n|-damage|p2a: Return of the BIRB|64\/100\n|\n|-damage|p1a: BrieftaubeOnCrack|88\/100 brn|[from] brn\n|upkeep\n|turn|15\n|\n|t:|1701008317\n|switch|p2a: Bumblebee|Dragapult, M, shiny|100\/100\n|move|p1a: BrieftaubeOnCrack|U-turn|p2a: Bumblebee\n|-resisted|p2a: Bumblebee\n|-damage|p2a: Bumblebee|95\/100\n|\n|t:|1701008333\n|switch|p1a: Shishabi Bre|Weezing-Galar, F|94\/100|[from] U-turn\n|-ability|p1a: Shishabi Bre|Neutralizing Gas\n|\n|-heal|p1a: Shishabi Bre|99\/100|[from] item: Black Sludge\n|upkeep\n|turn|16\n|\n|t:|1701008347\n|move|p2a: Bumblebee|U-turn|p1a: Shishabi Bre\n|-resisted|p1a: Shishabi Bre\n|-damage|p1a: Shishabi Bre|96\/100\n|\n|t:|1701008350\n|switch|p2a: Return of the BIRB|Aerodactyl, F|64\/100|[from] U-turn\n|move|p1a: Shishabi Bre|Strange Steam|p2a: Return of the BIRB\n|-damage|p2a: Return of the BIRB|22\/100\n|\n|-heal|p1a: Shishabi Bre|100\/100|[from] item: Black Sludge\n|upkeep\n|turn|17\n|l| cosmojenkins\n|j| cosmojenkins1\n|\n|t:|1701008419\n|switch|p2a: Tribute to Nico|Tauros, M, shiny|100\/100\n|-end|p1a: Shishabi Bre|ability: Neutralizing Gas\n|switch|p1a: BrieftaubeOnCrack|Corviknight, F|88\/100 brn\n|-ability|p1a: BrieftaubeOnCrack|Pressure\n|\n|-damage|p1a: BrieftaubeOnCrack|82\/100 brn|[from] brn\n|upkeep\n|turn|18\n|\n|t:|1701008440\n|move|p2a: Tribute to Nico|Rock Slide|p1a: BrieftaubeOnCrack|[miss]\n|-miss|p2a: Tribute to Nico|p1a: BrieftaubeOnCrack\n|move|p1a: BrieftaubeOnCrack|U-turn|p2a: Tribute to Nico\n|-damage|p2a: Tribute to Nico|92\/100\n|\n|t:|1701008446\n|switch|p1a: Sir Samilten IV|Incineroar, F|45\/100|[from] U-turn\n|-ability|p1a: Sir Samilten IV|Intimidate|boost\n|-unboost|p2a: Tribute to Nico|atk|1\n|\n|upkeep\n|turn|19\n|\n|t:|1701008464\n|switch|p1a: Shishabi Bre|Weezing-Galar, F|100\/100\n|-ability|p1a: Shishabi Bre|Neutralizing Gas\n|move|p2a: Tribute to Nico|Earthquake|p1a: Shishabi Bre\n|-supereffective|p1a: Shishabi Bre\n|-damage|p1a: Shishabi Bre|52\/100\n|-damage|p2a: Tribute to Nico|82\/100|[from] item: Life Orb\n|\n|-heal|p1a: Shishabi Bre|58\/100|[from] item: Black Sludge\n|upkeep\n|turn|20\n|\n|t:|1701008485\n|-end|p1a: Shishabi Bre|ability: Neutralizing Gas\n|switch|p1a: Dreckssack|Slowking, M|100\/100\n|move|p2a: Tribute to Nico|Earthquake|p1a: Dreckssack\n|-damage|p1a: Dreckssack|78\/100\n|-damage|p2a: Tribute to Nico|72\/100|[from] item: Life Orb\n|\n|upkeep\n|turn|21\n|\n|t:|1701008501\n|move|p2a: Tribute to Nico|Assurance|p1a: Dreckssack\n|-supereffective|p1a: Dreckssack\n|-enditem|p1a: Dreckssack|Colbur Berry|[eat]\n|-enditem|p1a: Dreckssack|Colbur Berry|[weaken]\n|-damage|p1a: Dreckssack|66\/100\n|-damage|p2a: Tribute to Nico|62\/100|[from] item: Life Orb\n|move|p1a: Dreckssack|Scald|p2a: Tribute to Nico\n|-damage|p2a: Tribute to Nico|22\/100\n|\n|upkeep\n|turn|22\n|j| Teded17669\n|l| Teded17669\n|\n|t:|1701008544\n|move|p2a: Tribute to Nico|Assurance|p1a: Dreckssack\n|-supereffective|p1a: Dreckssack\n|-damage|p1a: Dreckssack|37\/100\n|-damage|p2a: Tribute to Nico|12\/100|[from] item: Life Orb\n|move|p1a: Dreckssack|Scald|p2a: Tribute to Nico\n|-damage|p2a: Tribute to Nico|0 fnt\n|faint|p2a: Tribute to Nico\n|\n|upkeep\n|\n|t:|1701008557\n|switch|p2a: Gol' D Buggy|Hoopa-Unbound|66\/100\n|turn|23\n|l| cosmojenkins1\n|\n|t:|1701008600\n|switch|p1a: Sir Samilten IV|Incineroar, F|45\/100\n|-ability|p1a: Sir Samilten IV|Intimidate|boost\n|-unboost|p2a: Gol' D Buggy|atk|1\n|move|p2a: Gol' D Buggy|Knock Off|p1a: Sir Samilten IV\n|-resisted|p1a: Sir Samilten IV\n|-damage|p1a: Sir Samilten IV|36\/100\n|\n|upkeep\n|turn|24\n|\n|t:|1701008625\n|switch|p2a: Durch den Monsun|Suicune, shiny|100\/100\n|-ability|p2a: Durch den Monsun|Pressure\n|move|p1a: Sir Samilten IV|U-turn|p2a: Durch den Monsun\n|-damage|p2a: Durch den Monsun|89\/100\n|\n|t:|1701008636\n|switch|p1a: Dreckssack|Slowking, M|71\/100|[from] U-turn\n|\n|-heal|p2a: Durch den Monsun|96\/100|[from] item: Leftovers\n|upkeep\n|turn|25\n|\n|t:|1701008649\n|move|p2a: Durch den Monsun|Substitute|p2a: Durch den Monsun\n|-start|p2a: Durch den Monsun|Substitute\n|-damage|p2a: Durch den Monsun|71\/100\n|move|p1a: Dreckssack|Dragon Tail|p2a: Durch den Monsun\n|-activate|p2a: Durch den Monsun|move: Substitute|[damage]\n|\n|-heal|p2a: Durch den Monsun|77\/100|[from] item: Leftovers\n|upkeep\n|turn|26\n|\n|t:|1701008660\n|switch|p1a: Shishabi Bre|Weezing-Galar, F|58\/100\n|-ability|p1a: Shishabi Bre|Neutralizing Gas\n|move|p2a: Durch den Monsun|Calm Mind|p2a: Durch den Monsun\n|-boost|p2a: Durch den Monsun|spa|1\n|-boost|p2a: Durch den Monsun|spd|1\n|\n|-heal|p2a: Durch den Monsun|83\/100|[from] item: Leftovers\n|-heal|p1a: Shishabi Bre|64\/100|[from] item: Black Sludge\n|upkeep\n|turn|27\n|\n|t:|1701008672\n|move|p2a: Durch den Monsun|Calm Mind|p2a: Durch den Monsun\n|-boost|p2a: Durch den Monsun|spa|1\n|-boost|p2a: Durch den Monsun|spd|1\n|move|p1a: Shishabi Bre|Taunt|p2a: Durch den Monsun\n|-start|p2a: Durch den Monsun|move: Taunt\n|\n|-heal|p2a: Durch den Monsun|89\/100|[from] item: Leftovers\n|-heal|p1a: Shishabi Bre|70\/100|[from] item: Black Sludge\n|upkeep\n|turn|28\n|\n|t:|1701008686\n|move|p2a: Durch den Monsun|Ice Beam|p1a: Shishabi Bre\n|-damage|p1a: Shishabi Bre|32\/100\n|-status|p1a: Shishabi Bre|frz\n|cant|p1a: Shishabi Bre|frz\n|\n|-heal|p2a: Durch den Monsun|95\/100|[from] item: Leftovers\n|-heal|p1a: Shishabi Bre|38\/100 frz|[from] item: Black Sludge\n|upkeep\n|turn|29\n|\n|t:|1701008706\n|move|p2a: Durch den Monsun|Ice Beam|p1a: Shishabi Bre\n|-crit|p1a: Shishabi Bre\n|-damage|p1a: Shishabi Bre|0 fnt\n|faint|p1a: Shishabi Bre\n|-end|p1a: Shishabi Bre|ability: Neutralizing Gas\n|-ability|p2a: Durch den Monsun|Pressure\n|\n|-heal|p2a: Durch den Monsun|100\/100|[from] item: Leftovers\n|upkeep\n|\n|t:|1701008752\n|switch|p1a: Dreckssack|Slowking, M|100\/100\n|turn|30\n|\n|t:|1701008761\n|move|p2a: Durch den Monsun|Ice Beam|p1a: Dreckssack\n|-resisted|p1a: Dreckssack\n|-damage|p1a: Dreckssack|87\/100\n|move|p1a: Dreckssack|Light Screen|p1a: Dreckssack\n|-sidestart|p1: Nautis|move: Light Screen\n|\n|-end|p2a: Durch den Monsun|move: Taunt\n|upkeep\n|turn|31\n|\n|t:|1701008770\n|move|p2a: Durch den Monsun|Ice Beam|p1a: Dreckssack\n|-resisted|p1a: Dreckssack\n|-damage|p1a: Dreckssack|81\/100\n|move|p1a: Dreckssack|Chilly Reception|p1a: Dreckssack\n|-weather|Snow\n|\n|t:|1701008780\n|switch|p1a: WowIstFredEinKau|Mamoswine, F|100\/100|[from] Chilly Reception\n|\n|-weather|Snow|[upkeep]\n|upkeep\n|turn|32\n|\n|t:|1701008793\n|move|p1a: WowIstFredEinKau|Earthquake|p2a: Durch den Monsun\n|-end|p2a: Durch den Monsun|Substitute\n|-damage|p1a: WowIstFredEinKau|91\/100|[from] item: Life Orb\n|move|p2a: Durch den Monsun|Calm Mind|p2a: Durch den Monsun\n|-boost|p2a: Durch den Monsun|spa|1\n|-boost|p2a: Durch den Monsun|spd|1\n|\n|-weather|Snow|[upkeep]\n|upkeep\n|turn|33\n|\n|t:|1701008810\n|move|p2a: Durch den Monsun|Protect|p2a: Durch den Monsun\n|-singleturn|p2a: Durch den Monsun|Protect\n|move|p1a: WowIstFredEinKau|Earthquake|p2a: Durch den Monsun\n|-activate|p2a: Durch den Monsun|move: Protect\n|\n|-weather|Snow|[upkeep]\n|upkeep\n|turn|34\n|\n|t:|1701008832\n|move|p1a: WowIstFredEinKau|Earthquake|p2a: Durch den Monsun\n|-damage|p2a: Durch den Monsun|58\/100\n|-damage|p1a: WowIstFredEinKau|81\/100|[from] item: Life Orb\n|move|p2a: Durch den Monsun|Ice Beam|p1a: WowIstFredEinKau\n|-damage|p1a: WowIstFredEinKau|49\/100\n|\n|-weather|Snow|[upkeep]\n|-heal|p2a: Durch den Monsun|64\/100|[from] item: Leftovers\n|-sideend|p1: Nautis|move: Light Screen\n|upkeep\n|turn|35\n|\n|t:|1701008848\n|move|p1a: WowIstFredEinKau|Knock Off|p2a: Durch den Monsun\n|-damage|p2a: Durch den Monsun|35\/100\n|-enditem|p2a: Durch den Monsun|Leftovers|[from] move: Knock Off|[of] p1a: WowIstFredEinKau\n|-damage|p1a: WowIstFredEinKau|39\/100|[from] item: Life Orb\n|move|p2a: Durch den Monsun|Ice Beam|p1a: WowIstFredEinKau\n|-damage|p1a: WowIstFredEinKau|0 fnt\n|faint|p1a: WowIstFredEinKau\n|\n|-weather|none\n|upkeep\n|\n|t:|1701008883\n|switch|p1a: Sir Samilten IV|Incineroar, F|36\/100\n|-ability|p1a: Sir Samilten IV|Intimidate|boost\n|-unboost|p2a: Durch den Monsun|atk|1\n|turn|36\n|\n|t:|1701008902\n|move|p2a: Durch den Monsun|Ice Beam|p1a: Sir Samilten IV\n|-resisted|p1a: Sir Samilten IV\n|-damage|p1a: Sir Samilten IV|13\/100\n|move|p1a: Sir Samilten IV|Drain Punch|p2a: Durch den Monsun\n|-damage|p2a: Durch den Monsun|22\/100\n|-heal|p1a: Sir Samilten IV|20\/100|[from] drain|[of] p2a: Durch den Monsun\n|\n|upkeep\n|turn|37\n|j| GuardenOn3x3\n|\n|t:|1701008929\n|move|p2a: Durch den Monsun|Substitute|p2a: Durch den Monsun\n|-fail|p2a: Durch den Monsun|move: Substitute|[weak]\n|move|p1a: Sir Samilten IV|Drain Punch|p2a: Durch den Monsun\n|-damage|p2a: Durch den Monsun|9\/100\n|-heal|p1a: Sir Samilten IV|26\/100|[from] drain|[of] p2a: Durch den Monsun\n|\n|upkeep\n|turn|38\n|\n|t:|1701008938\n|move|p2a: Durch den Monsun|Ice Beam|p1a: Sir Samilten IV\n|-resisted|p1a: Sir Samilten IV\n|-crit|p1a: Sir Samilten IV\n|-damage|p1a: Sir Samilten IV|0 fnt\n|faint|p1a: Sir Samilten IV\n|\n|upkeep\n|\n|t:|1701008942\n|switch|p1a: Waifu|Yanmega, M, shiny|100\/100\n|turn|39\n|\n|t:|1701008991\n|move|p1a: Waifu|Bug Buzz|p2a: Durch den Monsun\n|-damage|p2a: Durch den Monsun|0 fnt\n|faint|p2a: Durch den Monsun\n|-enditem|p1a: Waifu|Throat Spray\n|-boost|p1a: Waifu|spa|1|[from] item: Throat Spray\n|\n|-ability|p1a: Waifu|Speed Boost|boost\n|-boost|p1a: Waifu|spe|1\n|upkeep\n|\n|t:|1701009026\n|switch|p2a: Gol' D Buggy|Hoopa-Unbound|66\/100\n|turn|40\n|j| Teded17669\n|l| Teded17669\n|\n|t:|1701009053\n|move|p1a: Waifu|Bug Buzz|p2a: Gol' D Buggy\n|-supereffective|p2a: Gol' D Buggy\n|-damage|p2a: Gol' D Buggy|0 fnt\n|faint|p2a: Gol' D Buggy\n|\n|-ability|p1a: Waifu|Speed Boost|boost\n|-boost|p1a: Waifu|spe|1\n|upkeep\n|\n|t:|1701009068\n|switch|p2a: Bumblebee|Dragapult, M, shiny|95\/100\n|turn|41\n|\n|t:|1701009075\n|move|p1a: Waifu|Shadow Ball|p2a: Bumblebee\n|-supereffective|p2a: Bumblebee\n|-damage|p2a: Bumblebee|0 fnt\n|faint|p2a: Bumblebee\n|\n|-ability|p1a: Waifu|Speed Boost|boost\n|-boost|p1a: Waifu|spe|1\n|upkeep\n|\n|t:|1701009083\n|switch|p2a: Return of the BIRB|Aerodactyl, F|22\/100\n|-ability|p2a: Return of the BIRB|Unnerve\n|turn|42\n|\n|t:|1701009101\n|move|p1a: Waifu|Shadow Ball|p2a: Return of the BIRB\n|-damage|p2a: Return of the BIRB|0 fnt\n|faint|p2a: Return of the BIRB\n|\n|-ability|p1a: Waifu|Speed Boost|boost\n|-boost|p1a: Waifu|spe|1\n|upkeep\n|\n|t:|1701009110\n|switch|p2a: YoungWildFree|Weezing, M, shiny|74\/100\n|turn|43\n|\n|t:|1701009122\n|move|p1a: Waifu|Air Slash|p2a: YoungWildFree\n|-damage|p2a: YoungWildFree|0 fnt\n|faint|p2a: YoungWildFree\n|\n|win|Nautis\n|c|\u2606Nautis|GG\n|l|\u2606Araccx\n","uploadtime":1701009153,"views":22,"p1id":"nautis","p2id":"araccx","formatid":"gen9nationaldexubers","rating":0,"private":0,"password":""}