{"id":"gen9nationaldexubers-1988809552","p1":"OnlyPyper","p2":"Corazonmorado27","format":"[Gen 9] National Dex Ubers","log":"|j|\u2606OnlyPyper\n|j|\u2606Corazonmorado27\n|t:|1699766352\n|gametype|singles\n|player|p1|OnlyPyper|shauntal|\n|player|p2|Corazonmorado27|265|\n|teamsize|p1|6\n|teamsize|p2|6\n|gen|9\n|tier|[Gen 9] National Dex Ubers\n|rule|HP Percentage Mod: HP is shown in percentages\n|rule|Endless Battle Clause: Forcing endless battles is banned\n|rule|OHKO Clause: OHKO moves are banned\n|rule|Evasion Moves Clause: Evasion moves are banned\n|rule|Evasion Items Clause: Evasion items are banned\n|rule|Species Clause: Limit one of each Pok\u00e9mon\n|rule|Sleep Clause Mod: Limit one foe put to sleep\n|rule|Mega Rayquaza Clause: You cannot mega evolve Rayquaza\n|clearpoke\n|poke|p1|Quaquaval, F|\n|poke|p1|Ceruledge, F|\n|poke|p1|Baxcalibur, F|\n|poke|p1|Espathra, F|\n|poke|p1|Slither Wing|\n|poke|p1|Farigiraf, F|\n|poke|p2|Meowscarada, F|\n|poke|p2|Kilowattrel, M|\n|poke|p2|Palafin, F|\n|poke|p2|Armarouge, F|\n|poke|p2|Tinkaton, F|\n|poke|p2|Iron Valiant|\n|teampreview\n|c|\u2606OnlyPyper|Ahora Kanso es Uber\n|c|\u2606Corazonmorado27|si XD\n|c|\u2606OnlyPyper|Si quiero usar a est\u00e1s mensas en Nat dex normal debo llevar a Seina y Toriet ekisde\n|c|\u2606Corazonmorado27|ekisde\n|\n|t:|1699766447\n|start\n|switch|p1a: Slither Wing|Slither Wing|100\/100\n|switch|p2a: Miss. Palafin|Palafin, F|100\/100\n|turn|1\n|\n|t:|1699766457\n|detailschange|p2a: Miss. Palafin|Palafin-Hero, F\n|switch|p2a: Miss. Tinkaton|Tinkaton, F|100\/100\n|-ability|p2a: Miss. Tinkaton|Mold Breaker\n|move|p1a: Slither Wing|First Impression|p2a: Miss. Tinkaton\n|-resisted|p2a: Miss. Tinkaton\n|-damage|p2a: Miss. Tinkaton|80\/100\n|\n|-heal|p2a: Miss. Tinkaton|86\/100|[from] item: Leftovers\n|upkeep\n|turn|2\n|j| mixco\n|\n|t:|1699766474\n|-end|p1a: Slither Wing|Protosynthesis|[silent]\n|switch|p1a: Aziza|Farigiraf, F|100\/100\n|move|p2a: Miss. Tinkaton|Thunder Wave|p1a: Aziza\n|-status|p1a: Aziza|par\n|\n|-heal|p2a: Miss. Tinkaton|92\/100|[from] item: Leftovers\n|upkeep\n|turn|3\n|\n|t:|1699766489\n|move|p2a: Miss. Tinkaton|Knock Off|p1a: Aziza\n|-supereffective|p1a: Aziza\n|-damage|p1a: Aziza|67\/100 par\n|-enditem|p1a: Aziza|Heavy-Duty Boots|[from] move: Knock Off|[of] p2a: Miss. Tinkaton\n|move|p1a: Aziza|Thunder Wave|p2a: Miss. Tinkaton|[miss]\n|-miss|p1a: Aziza|p2a: Miss. Tinkaton\n|\n|-heal|p2a: Miss. Tinkaton|98\/100|[from] item: Leftovers\n|upkeep\n|turn|4\n|c|\u2606OnlyPyper|Modo diavlo\n|c|\u2606OnlyPyper|Realmente el modo diavlo es el otro set\n|c| mixco|Ekisde\n|\n|t:|1699766514\n|switch|p2a: Mr. Kilowattrel|Kilowattrel, M|100\/100\n|move|p1a: Aziza|Wish|p1a: Aziza\n|\n|upkeep\n|turn|5\n|\n|t:|1699766524\n|switch|p1a: Kanso|Baxcalibur, F|100\/100\n|move|p2a: Mr. Kilowattrel|Volt Switch|p1a: Kanso\n|-resisted|p1a: Kanso\n|-damage|p1a: Kanso|76\/100\n|\n|t:|1699766541\n|switch|p2a: M. Paladin|Iron Valiant|100\/100|[from] Volt Switch\n|\n|-heal|p1a: Kanso|100\/100|[from] move: Wish|[wisher] Aziza\n|upkeep\n|turn|6\n|c|\u2606Corazonmorado27|no le he cambiado el objeto ptm\n|c|\u2606Corazonmorado27|XD\n|c|\u2606OnlyPyper|Est\u00e1s mensas tienen un serio problema con las hadas ahora que lo veo\n|c| mixco|Ekisde\n|\n|t:|1699766582\n|switch|p1a: Odet|Ceruledge, F|100\/100\n|move|p2a: M. Paladin|Shadow Ball|p1a: Odet\n|-supereffective|p1a: Odet\n|-damage|p1a: Odet|29\/100\n|-unboost|p1a: Odet|spd|1\n|\n|upkeep\n|turn|7\n|c|\u2606OnlyPyper|Pipipi\n|\n|t:|1699766599\n|-end|p2a: M. Paladin|Quark Drive|[silent]\n|switch|p2a: Miss. Palafin|Palafin-Hero, F|100\/100\n|-activate|p2a: Miss. Palafin|ability: Zero to Hero\n|switch|p1a: Aziza|Farigiraf, F|67\/100 par\n|\n|upkeep\n|turn|8\n|c|\u2606OnlyPyper|Vamos tira jet punch\n|c|\u2606Corazonmorado27|XDXD\n|c|\u2606OnlyPyper|Hazlo\n|c|\u2606OnlyPyper|Sjsjsjsjs\n|\n|t:|1699766656\n|move|p2a: Miss. Palafin|Flip Turn|p1a: Aziza\n|-damage|p1a: Aziza|26\/100 par\n|\n|t:|1699766661\n|switch|p2a: Miss. Tinkaton|Tinkaton, F|98\/100|[from] Flip Turn\n|-ability|p2a: Miss. Tinkaton|Mold Breaker\n|cant|p1a: Aziza|par\n|\n|-heal|p2a: Miss. Tinkaton|100\/100|[from] item: Leftovers\n|upkeep\n|turn|9\n|\n|t:|1699766683\n|move|p2a: Miss. Tinkaton|Stealth Rock|p1a: Aziza\n|-sidestart|p1: OnlyPyper|move: Stealth Rock\n|move|p1a: Aziza|Wish|p1a: Aziza\n|\n|upkeep\n|turn|10\n|\n|t:|1699766702\n|cant|p1a: Aziza|par\n|move|p2a: Miss. Tinkaton|Gigaton Hammer|p1a: Aziza\n|-damage|p1a: Aziza|0 fnt\n|faint|p1a: Aziza\n|\n|upkeep\n|c|\u2606OnlyPyper|Ay dios m\u00edo\n|c| mixco|*procede a spamear jet punch *\n|c|\u2606Corazonmorado27|XDXD\n|c|\u2606OnlyPyper|A Kanso le va a doler esto\n|\n|t:|1699766747\n|switch|p1a: Odet|Ceruledge, F|29\/100\n|turn|11\n|c|\u2606OnlyPyper|Y no le cambi\u00e9 el set a Matsuri\n|c|\u2606OnlyPyper|Es ofensiva no support xd\n|c|\u2606Corazonmorado27|ekisde\n|\n|t:|1699766829\n|switch|p1a: Matsuri|Quaquaval, F|100\/100\n|-damage|p1a: Matsuri|94\/100|[from] Stealth Rock\n|switch|p2a: Miss. Palafin|Palafin-Hero, F|100\/100\n|\n|-heal|p1a: Matsuri|100\/100|[from] item: Leftovers\n|upkeep\n|turn|12\n|\n|t:|1699766843\n|move|p2a: Miss. Palafin|Flip Turn|p1a: Matsuri\n|-resisted|p1a: Matsuri\n|-damage|p1a: Matsuri|77\/100\n|\n|t:|1699766867\n|switch|p2a: Mr. Kilowattrel|Kilowattrel, M|100\/100|[from] Flip Turn\n|move|p1a: Matsuri|Bulk Up|p1a: Matsuri\n|-boost|p1a: Matsuri|atk|1\n|-boost|p1a: Matsuri|def|1\n|\n|-heal|p1a: Matsuri|83\/100|[from] item: Leftovers\n|upkeep\n|turn|13\n|c|\u2606OnlyPyper|Estoy empezando a odiar a ese wey\n|c|\u2606Corazonmorado27|XDXD\n|c| mixco|Ksjdisjd\n|\n|t:|1699766901\n|move|p2a: Mr. Kilowattrel|Thunderbolt|p1a: Matsuri\n|-supereffective|p1a: Matsuri\n|-crit|p1a: Matsuri\n|-damage|p1a: Matsuri|0 fnt\n|faint|p1a: Matsuri\n|\n|upkeep\n|\n|t:|1699766910\n|switch|p1a: Kanso|Baxcalibur, F|100\/100\n|-damage|p1a: Kanso|76\/100|[from] Stealth Rock\n|turn|14\n|c|\u2606OnlyPyper|Baila kbrona\n|c|\u2606OnlyPyper|Me van a pegar un 6-0 rico\n|\n|t:|1699766961\n|move|p2a: Mr. Kilowattrel|Thunderbolt|p1a: Kanso\n|-resisted|p1a: Kanso\n|-damage|p1a: Kanso|44\/100\n|move|p1a: Kanso|Dragon Dance|p1a: Kanso\n|-boost|p1a: Kanso|atk|1\n|-boost|p1a: Kanso|spe|1\n|\n|upkeep\n|turn|15\n|\n|t:|1699766978\n|move|p1a: Kanso|Icicle Spear|p2a: Mr. Kilowattrel\n|-supereffective|p2a: Mr. Kilowattrel\n|-damage|p2a: Mr. Kilowattrel|15\/100\n|-supereffective|p2a: Mr. Kilowattrel\n|-damage|p2a: Mr. Kilowattrel|0 fnt\n|faint|p2a: Mr. Kilowattrel\n|-hitcount|p2: Mr. Kilowattrel|2\n|\n|upkeep\n|\n|t:|1699766988\n|switch|p2a: M. Paladin|Iron Valiant|100\/100\n|turn|16\n|c|\u2606OnlyPyper|Que gustoso fue hacer eso\n|c|\u2606OnlyPyper|Ahora el problema\n|c|\u2606Corazonmorado27|XDXD\n|\n|t:|1699767005\n|move|p2a: M. Paladin|Moonblast|p1a: Kanso\n|-supereffective|p1a: Kanso\n|-damage|p1a: Kanso|0 fnt\n|faint|p1a: Kanso\n|\n|upkeep\n|c|\u2606OnlyPyper|Claramente scarf\n|c|\u2606Corazonmorado27|es eso o booster\n|c|\u2606Corazonmorado27|XD\n|c|\u2606OnlyPyper|Si fuera booster saldr\u00eda ah\u00ed\n|c|\u2606Corazonmorado27|sis\n|c|\u2606Corazonmorado27|por eso dije que se me olvid\u00f3 cambiar el objeto XD\n|c|\u2606OnlyPyper|Odet, hija del mal, tienes que awantar pta madre\n|\n|t:|1699767056\n|switch|p1a: Odet|Ceruledge, F|29\/100\n|turn|17\n|\n|t:|1699767080\n|move|p2a: M. Paladin|Moonblast|p1a: Odet\n|-resisted|p1a: Odet\n|-damage|p1a: Odet|1\/100\n|move|p1a: Odet|Bitter Blade|p2a: M. Paladin\n|-damage|p2a: M. Paladin|42\/100\n|-heal|p1a: Odet|30\/100|[from] drain|[of] p2a: M. Paladin\n|\n|upkeep\n|turn|18\n|c|\u2606OnlyPyper|Uyuyuy\n|c|\u2606Corazonmorado27|y tankea a 1%\n|c|\u2606OnlyPyper|Menos mal xd\n|c| mixco|Er diavlo\n|\n|t:|1699767101\n|-end|p2a: M. Paladin|Quark Drive|[silent]\n|switch|p2a: Miss. Palafin|Palafin-Hero, F|100\/100\n|move|p1a: Odet|Bitter Blade|p2a: Miss. Palafin\n|-resisted|p2a: Miss. Palafin\n|-damage|p2a: Miss. Palafin|76\/100\n|-heal|p1a: Odet|44\/100|[from] drain|[of] p2a: Miss. Palafin\n|\n|upkeep\n|turn|19\n|c|\u2606OnlyPyper|*inserte el chiste de kanso y las cachetadas *\n|c| mixco|\"yo se que aveces peleamos, pero que rico cuando chingamos\"\n|\n|t:|1699767144\n|switch|p1a: Slither Wing|Slither Wing|100\/100\n|-damage|p1a: Slither Wing|88\/100|[from] Stealth Rock\n|move|p2a: Miss. Palafin|Jet Punch|p1a: Slither Wing\n|-damage|p1a: Slither Wing|31\/100\n|\n|upkeep\n|turn|20\n|c|\u2606Corazonmorado27|madres\n|\n|t:|1699767172\n|move|p1a: Slither Wing|First Impression|p2a: Miss. Palafin\n|-damage|p2a: Miss. Palafin|0 fnt\n|faint|p2a: Miss. Palafin\n|\n|upkeep\n|\n|t:|1699767190\n|switch|p2a: Miss. Tinkaton|Tinkaton, F|100\/100\n|-ability|p2a: Miss. Tinkaton|Mold Breaker\n|turn|21\n|c|\u2606OnlyPyper|I believe in polilla supremacy\n|c|\u2606Corazonmorado27|XDXD\n|\n|t:|1699767211\n|-end|p1a: Slither Wing|Protosynthesis|[silent]\n|switch|p1a: Cleo|Espathra, F|100\/100\n|-damage|p1a: Cleo|88\/100|[from] Stealth Rock\n|move|p2a: Miss. Tinkaton|Knock Off|p1a: Cleo\n|-supereffective|p1a: Cleo\n|-damage|p1a: Cleo|34\/100\n|-enditem|p1a: Cleo|Leftovers|[from] move: Knock Off|[of] p2a: Miss. Tinkaton\n|\n|upkeep\n|turn|22\n|c|\u2606OnlyPyper|Pero me van a qliar ahora\n|\n|t:|1699767225\n|move|p1a: Cleo|Protect|p1a: Cleo\n|-singleturn|p1a: Cleo|Protect\n|move|p2a: Miss. Tinkaton|Gigaton Hammer|p1a: Cleo\n|-activate|p1a: Cleo|move: Protect\n|\n|-ability|p1a: Cleo|Speed Boost|boost\n|-boost|p1a: Cleo|spe|1\n|upkeep\n|turn|23\n|\n|t:|1699767236\n|move|p1a: Cleo|Calm Mind|p1a: Cleo\n|-boost|p1a: Cleo|spa|1\n|-boost|p1a: Cleo|spd|1\n|move|p2a: Miss. Tinkaton|Thunder Wave|p1a: Cleo\n|-status|p1a: Cleo|par\n|\n|-ability|p1a: Cleo|Speed Boost|boost\n|-boost|p1a: Cleo|spe|1\n|upkeep\n|turn|24\n|\n|t:|1699767245\n|move|p1a: Cleo|Protect|p1a: Cleo\n|-singleturn|p1a: Cleo|Protect\n|move|p2a: Miss. Tinkaton|Gigaton Hammer|p1a: Cleo\n|-activate|p1a: Cleo|move: Protect\n|\n|-ability|p1a: Cleo|Speed Boost|boost\n|-boost|p1a: Cleo|spe|1\n|upkeep\n|turn|25\n|c|\u2606OnlyPyper|Esc\u00fachame bien kbrona\n|c|\u2606OnlyPyper|O le pegas\n|c|\u2606OnlyPyper|O te pongo bosal\n|c|\u2606Corazonmorado27|XDXD\n|\n|t:|1699767273\n|cant|p1a: Cleo|par\n|move|p2a: Miss. Tinkaton|Knock Off|p1a: Cleo\n|-supereffective|p1a: Cleo\n|-damage|p1a: Cleo|0 fnt\n|faint|p1a: Cleo\n|\n|upkeep\n|c|\u2606OnlyPyper|La pta que te pari\u00f3\n|\n|t:|1699767282\n|switch|p1a: Odet|Ceruledge, F|44\/100\n|turn|26\n|\n|t:|1699767293\n|-terastallize|p1a: Odet|Fairy\n|-terastallize|p2a: Miss. Tinkaton|Water\n|move|p1a: Odet|Bitter Blade|p2a: Miss. Tinkaton\n|-resisted|p2a: Miss. Tinkaton\n|-damage|p2a: Miss. Tinkaton|75\/100\n|-heal|p1a: Odet|61\/100|[from] drain|[of] p2a: Miss. Tinkaton\n|move|p2a: Miss. Tinkaton|Knock Off|p1a: Odet\n|-resisted|p1a: Odet\n|-damage|p1a: Odet|47\/100\n|-enditem|p1a: Odet|Heavy-Duty Boots|[from] move: Knock Off|[of] p2a: Miss. Tinkaton\n|\n|-heal|p2a: Miss. Tinkaton|82\/100|[from] item: Leftovers\n|upkeep\n|turn|27\n|c|\u2606OnlyPyper|Suputamadre\n|c|\u2606OnlyPyper|Dios en ti conf\u00edo\n|\n|t:|1699767321\n|move|p1a: Odet|Poltergeist|p2a: Miss. Tinkaton\n|-activate|p2a: Miss. Tinkaton|move: Poltergeist|Leftovers\n|-damage|p2a: Miss. Tinkaton|22\/100\n|move|p2a: Miss. Tinkaton|Gigaton Hammer|p1a: Odet\n|-supereffective|p1a: Odet\n|-damage|p1a: Odet|0 fnt\n|faint|p1a: Odet\n|\n|-heal|p2a: Miss. Tinkaton|28\/100|[from] item: Leftovers\n|upkeep\n|c|\u2606OnlyPyper|Bonk\n|\n|t:|1699767331\n|switch|p1a: Slither Wing|Slither Wing|31\/100\n|-damage|p1a: Slither Wing|19\/100|[from] Stealth Rock\n|turn|28\n|c|\u2606OnlyPyper|M\u00e1tame ya xd\n|\n|t:|1699767381\n|move|p1a: Slither Wing|First Impression|p2a: Miss. Tinkaton\n|-damage|p2a: Miss. Tinkaton|0 fnt\n|faint|p2a: Miss. Tinkaton\n|\n|upkeep\n|\n|t:|1699767389\n|switch|p2a: M. Paladin|Iron Valiant|42\/100\n|turn|29\n|c|\u2606OnlyPyper|Muri\u00f3 por zorra\n|c|\u2606Corazonmorado27|XDXD\n|c|\u2606OnlyPyper|Ahora muero yo\n|c|\u2606OnlyPyper|Mi polilla pipipipipi\n|\n|t:|1699767410\n|move|p1a: Slither Wing|First Impression||[still]\n|-hint|First Impression only works on your first turn out.\n|-fail|p1a: Slither Wing\n|move|p2a: M. Paladin|Moonblast|p1a: Slither Wing\n|-supereffective|p1a: Slither Wing\n|-damage|p1a: Slither Wing|0 fnt\n|faint|p1a: Slither Wing\n|-end|p1a: Slither Wing|Protosynthesis|[silent]\n|\n|win|Corazonmorado27\n|c|\u2606OnlyPyper|Gg\n|c|\u2606Corazonmorado27|gg\n|c| mixco|Gg\n|c|\u2606OnlyPyper|Deb\u00ed predecir tu tera xd\n","uploadtime":1699767438,"views":5,"p1id":"onlypyper","p2id":"corazonmorado27","formatid":"gen9nationaldexubers","rating":0,"private":0,"password":""}