{"id":"gen9nationaldexubers-1982272445","p1":"zillygaming","p2":"Stmoon95","format":"[Gen 9] National Dex Ubers","log":"|j|\u2606zillygaming\n|j|\u2606Stmoon95\n|t:|1698987801\n|gametype|singles\n|player|p1|zillygaming|ingo|1211\n|player|p2|Stmoon95|266|1269\n|teamsize|p1|6\n|teamsize|p2|6\n|gen|9\n|tier|[Gen 9] National Dex Ubers\n|rated|\n|rule|HP Percentage Mod: HP is shown in percentages\n|rule|Endless Battle Clause: Forcing endless battles is banned\n|rule|OHKO Clause: OHKO moves are banned\n|rule|Evasion Moves Clause: Evasion moves are banned\n|rule|Evasion Items Clause: Evasion items are banned\n|rule|Species Clause: Limit one of each Pok\u00e9mon\n|rule|Sleep Clause Mod: Limit one foe put to sleep\n|rule|Mega Rayquaza Clause: You cannot mega evolve Rayquaza\n|clearpoke\n|poke|p1|Incineroar, M|\n|poke|p1|Meowscarada, F|\n|poke|p1|Zacian-*|\n|poke|p1|Blastoise, M|\n|poke|p1|Lycanroc-Dusk, F|\n|poke|p1|Lunala|\n|poke|p2|Blacephalon|\n|poke|p2|Basculegion, M|\n|poke|p2|Electivire, M|\n|poke|p2|Whimsicott, F|\n|poke|p2|Lucario, M|\n|poke|p2|Ursaluna, M|\n|teampreview\n|\n|t:|1698987809\n|start\n|switch|p1a: Meowscarada|Meowscarada, F, shiny|100\/100\n|switch|p2a: Whimsicott|Whimsicott, F|100\/100\n|turn|1\n|\n|t:|1698987816\n|move|p2a: Whimsicott|Protect|p2a: Whimsicott\n|-singleturn|p2a: Whimsicott|Protect\n|move|p1a: Meowscarada|Toxic Spikes|p2a: Whimsicott\n|-start|p1a: Meowscarada|typechange|Poison|[from] ability: Protean\n|-sidestart|p2: Stmoon95|move: Toxic Spikes\n|\n|upkeep\n|turn|2\n|\n|t:|1698987823\n|move|p2a: Whimsicott|Taunt|p1a: Meowscarada\n|-start|p1a: Meowscarada|move: Taunt\n|cant|p1a: Meowscarada|move: Taunt|Toxic Spikes\n|\n|upkeep\n|turn|3\n|\n|t:|1698987830\n|move|p2a: Whimsicott|Leech Seed|p1a: Meowscarada\n|-start|p1a: Meowscarada|move: Leech Seed\n|move|p1a: Meowscarada|Knock Off|p2a: Whimsicott\n|-resisted|p2a: Whimsicott\n|-damage|p2a: Whimsicott|89\/100\n|-enditem|p2a: Whimsicott|Focus Sash|[from] move: Knock Off|[of] p1a: Meowscarada\n|\n|-damage|p1a: Meowscarada|88\/100|[from] Leech Seed|[of] p2a: Whimsicott\n|-heal|p2a: Whimsicott|100\/100|[silent]\n|upkeep\n|turn|4\n|\n|t:|1698987843\n|switch|p1a: Incineroar|Incineroar, M, shiny|100\/100\n|-ability|p1a: Incineroar|Intimidate|boost\n|-unboost|p2a: Whimsicott|atk|1\n|move|p2a: Whimsicott|Protect||[still]\n|-fail|p2a: Whimsicott\n|\n|upkeep\n|turn|5\n|\n|t:|1698987853\n|switch|p2a: Ursaluna|Ursaluna, M|100\/100\n|-status|p2a: Ursaluna|psn\n|move|p1a: Incineroar|Fake Out|p2a: Ursaluna\n|-damage|p2a: Ursaluna|94\/100 psn\n|\n|-damage|p2a: Ursaluna|82\/100 psn|[from] psn\n|upkeep\n|turn|6\n|\n|t:|1698987868\n|switch|p1a: Meowscarada|Meowscarada, F, shiny|88\/100\n|move|p2a: Ursaluna|Bulk Up|p2a: Ursaluna\n|-boost|p2a: Ursaluna|atk|1\n|-boost|p2a: Ursaluna|def|1\n|\n|-heal|p1a: Meowscarada|94\/100|[from] item: Leftovers\n|-damage|p2a: Ursaluna|70\/100 psn|[from] psn\n|upkeep\n|turn|7\n|\n|t:|1698987881\n|move|p1a: Meowscarada|Flower Trick|p2a: Ursaluna\n|-start|p1a: Meowscarada|typechange|Grass|[from] ability: Protean\n|-supereffective|p2a: Ursaluna\n|-crit|p2a: Ursaluna\n|-damage|p2a: Ursaluna|25\/100 psn\n|move|p2a: Ursaluna|Earthquake|p1a: Meowscarada\n|-resisted|p1a: Meowscarada\n|-damage|p1a: Meowscarada|30\/100\n|\n|-heal|p1a: Meowscarada|36\/100|[from] item: Leftovers\n|-damage|p2a: Ursaluna|13\/100 psn|[from] psn\n|upkeep\n|turn|8\n|\n|t:|1698987900\n|move|p1a: Meowscarada|Knock Off|p2a: Ursaluna\n|-damage|p2a: Ursaluna|4\/100 psn\n|-enditem|p2a: Ursaluna|Chople Berry|[from] move: Knock Off|[of] p1a: Meowscarada\n|move|p2a: Ursaluna|Drain Punch|p1a: Meowscarada\n|-damage|p1a: Meowscarada|0 fnt\n|-heal|p2a: Ursaluna|17\/100 psn|[from] drain|[of] p1a: Meowscarada\n|faint|p1a: Meowscarada\n|\n|-damage|p2a: Ursaluna|4\/100 psn|[from] psn\n|upkeep\n|\n|t:|1698987913\n|switch|p1a: Incineroar|Incineroar, M, shiny|100\/100\n|-ability|p1a: Incineroar|Intimidate|boost\n|-unboost|p2a: Ursaluna|atk|1\n|turn|9\n|\n|t:|1698987917\n|move|p1a: Incineroar|Fake Out|p2a: Ursaluna\n|-damage|p2a: Ursaluna|0 fnt\n|faint|p2a: Ursaluna\n|\n|upkeep\n|\n|t:|1698987927\n|switch|p2a: Lucario|Lucario, M|100\/100\n|turn|10\n|\n|t:|1698987941\n|detailschange|p2a: Lucario|Lucario-Mega, M\n|-mega|p2a: Lucario|Lucario|Lucarionite\n|move|p2a: Lucario|Nasty Plot|p2a: Lucario\n|-boost|p2a: Lucario|spa|2\n|move|p1a: Incineroar|Flare Blitz|p2a: Lucario\n|-supereffective|p2a: Lucario\n|-damage|p2a: Lucario|0 fnt\n|faint|p2a: Lucario\n|-damage|p1a: Incineroar|72\/100|[from] Recoil\n|\n|upkeep\n|\n|t:|1698987950\n|switch|p2a: Electivire|Electivire, M|100\/100\n|-status|p2a: Electivire|psn\n|turn|11\n|\n|t:|1698987957\n|move|p2a: Electivire|Wild Charge|p1a: Incineroar\n|-damage|p1a: Incineroar|20\/100\n|-damage|p2a: Electivire|85\/100 psn|[from] Recoil\n|-damage|p2a: Electivire|75\/100 psn|[from] item: Life Orb\n|move|p1a: Incineroar|Drain Punch|p2a: Electivire\n|-damage|p2a: Electivire|38\/100 psn\n|-heal|p1a: Incineroar|36\/100|[from] drain|[of] p2a: Electivire\n|\n|-damage|p2a: Electivire|25\/100 psn|[from] psn\n|upkeep\n|turn|12\n|\n|t:|1698987985\n|move|p2a: Electivire|Wild Charge|p1a: Incineroar\n|-damage|p1a: Incineroar|0 fnt\n|faint|p1a: Incineroar\n|-damage|p2a: Electivire|15\/100 psn|[from] Recoil\n|-damage|p2a: Electivire|5\/100 psn|[from] item: Life Orb\n|\n|-damage|p2a: Electivire|0 fnt|[from] psn\n|faint|p2a: Electivire\n|upkeep\n|\n|t:|1698988000\n|switch|p2a: Whimsicott|Whimsicott, F|100\/100\n|switch|p1a: Blastoise|Blastoise, M, shiny|100\/100\n|-status|p2a: Whimsicott|psn\n|turn|13\n|\n|t:|1698988008\n|detailschange|p1a: Blastoise|Blastoise-Mega, M, shiny\n|-mega|p1a: Blastoise|Blastoise|Blastoisinite\n|move|p2a: Whimsicott|Taunt|p1a: Blastoise\n|-start|p1a: Blastoise|move: Taunt\n|move|p1a: Blastoise|Ice Beam|p2a: Whimsicott\n|-supereffective|p2a: Whimsicott\n|-damage|p2a: Whimsicott|20\/100 psn\n|\n|-damage|p2a: Whimsicott|7\/100 psn|[from] psn\n|upkeep\n|turn|14\n|\n|t:|1698988018\n|move|p2a: Whimsicott|Memento|p1a: Blastoise\n|-unboost|p1a: Blastoise|atk|2\n|-unboost|p1a: Blastoise|spa|2\n|faint|p2a: Whimsicott\n|move|p1a: Blastoise|Ice Beam|p2: Whimsicott|[notarget]\n|-fail|p1a: Blastoise\n|\n|upkeep\n|\n|t:|1698988021\n|switch|p2a: Basculegion|Basculegion, M|100\/100\n|-status|p2a: Basculegion|psn\n|turn|15\n|\n|t:|1698988042\n|switch|p1a: Lunala|Lunala, shiny|100\/100\n|move|p2a: Basculegion|Agility|p2a: Basculegion\n|-boost|p2a: Basculegion|spe|2\n|\n|-damage|p2a: Basculegion|88\/100 psn|[from] psn\n|upkeep\n|turn|16\n|\n|t:|1698988052\n|move|p2a: Basculegion|Last Respects|p1a: Lunala\n|-supereffective|p1a: Lunala\n|-damage|p1a: Lunala|0 fnt\n|faint|p1a: Lunala\n|\n|-damage|p2a: Basculegion|76\/100 psn|[from] psn\n|upkeep\n|\n|t:|1698988064\n|switch|p1a: Lycanroc|Lycanroc-Dusk, F, shiny|100\/100\n|turn|17\n|\n|t:|1698988068\n|move|p1a: Lycanroc|Sucker Punch|p2a: Basculegion\n|-supereffective|p2a: Basculegion\n|-damage|p2a: Basculegion|0 fnt\n|faint|p2a: Basculegion\n|\n|upkeep\n|\n|t:|1698988072\n|switch|p2a: Blacephalon|Blacephalon|100\/100\n|-status|p2a: Blacephalon|psn\n|turn|18\n|\n|t:|1698988076\n|move|p1a: Lycanroc|Sucker Punch||[still]\n|-fail|p1a: Lycanroc\n|-zpower|p2a: Blacephalon\n|move|p2a: Blacephalon|Z-Sunny Day|p2a: Blacephalon|[anim]Sunny Day\n|-boost|p2a: Blacephalon|spe|1|[zeffect]\n|-weather|SunnyDay\n|\n|-weather|SunnyDay|[upkeep]\n|-damage|p2a: Blacephalon|88\/100 psn|[from] psn\n|upkeep\n|turn|19\n|\n|t:|1698988086\n|move|p1a: Lycanroc|Sucker Punch|p2a: Blacephalon\n|-supereffective|p2a: Blacephalon\n|-damage|p2a: Blacephalon|0 fnt\n|faint|p2a: Blacephalon\n|\n|win|zillygaming\n|raw|zillygaming's rating: 1211 &rarr; <strong>1240<\/strong><br \/>(+29 for winning)\n|raw|Stmoon95's rating: 1269 &rarr; <strong>1240<\/strong><br \/>(-29 for losing)\n|l|\u2606Stmoon95\n","uploadtime":1698988096,"views":8,"p1id":"zillygaming","p2id":"stmoon95","formatid":"gen9nationaldexubers","rating":1240,"private":0,"password":""}