{"id":"gen9nationaldexubers-1983541249","p1":"aguinaldo124","p2":"Spicycow","format":"[Gen 9] National Dex Ubers","log":"|j|\u2606aguinaldo124\n|j|\u2606Spicycow\n|t:|1699141355\n|gametype|singles\n|player|p1|aguinaldo124|bruno|1198\n|player|p2|Spicycow|colress|1215\n|teamsize|p1|6\n|teamsize|p2|6\n|gen|9\n|tier|[Gen 9] National Dex Ubers\n|rated|\n|rule|HP Percentage Mod: HP is shown in percentages\n|rule|Endless Battle Clause: Forcing endless battles is banned\n|rule|OHKO Clause: OHKO moves are banned\n|rule|Evasion Moves Clause: Evasion moves are banned\n|rule|Evasion Items Clause: Evasion items are banned\n|rule|Species Clause: Limit one of each Pok\u00e9mon\n|rule|Sleep Clause Mod: Limit one foe put to sleep\n|rule|Mega Rayquaza Clause: You cannot mega evolve Rayquaza\n|clearpoke\n|poke|p1|Decidueye, F|\n|poke|p1|Salazzle, F|\n|poke|p1|Scyther, M|\n|poke|p1|Hariyama, M|\n|poke|p1|Lycanroc, F|\n|poke|p1|Tatsugiri, F|\n|poke|p2|Pheromosa|\n|poke|p2|Zacian-*|\n|poke|p2|Shuckle, F|\n|poke|p2|Blastoise, F|\n|poke|p2|Marshadow|\n|poke|p2|Palkia-Origin|\n|teampreview\n|inactive|Battle timer is ON: inactive players will automatically lose when time's up. (requested by Spicycow)\n|c|\u2606aguinaldo124|Uh\n|c|\u2606aguinaldo124|\"Creative\" team\n|inactive|Spicycow has 120 seconds left.\n|\n|t:|1699141394\n|start\n|switch|p1a: Scyther|Scyther, M|100\/100\n|switch|p2a: Shuckle|Shuckle, F|100\/100\n|turn|1\n|\n|t:|1699141401\n|move|p1a: Scyther|Swords Dance|p1a: Scyther\n|-boost|p1a: Scyther|atk|2\n|move|p2a: Shuckle|Stealth Rock|p1a: Scyther\n|-sidestart|p1: aguinaldo124|move: Stealth Rock\n|\n|upkeep\n|turn|2\n|\n|t:|1699141408\n|move|p1a: Scyther|Swords Dance|p1a: Scyther\n|-boost|p1a: Scyther|atk|2\n|move|p2a: Shuckle|Sticky Web|p1a: Scyther\n|-sidestart|p1: aguinaldo124|move: Sticky Web\n|\n|upkeep\n|turn|3\n|\n|t:|1699141414\n|move|p1a: Scyther|Dual Wingbeat|p2a: Shuckle\n|-damage|p2a: Shuckle|36\/100\n|-enditem|p2a: Shuckle|Sitrus Berry|[eat]\n|-heal|p2a: Shuckle|61\/100|[from] item: Sitrus Berry\n|-damage|p2a: Shuckle|2\/100\n|-hitcount|p2a: Shuckle|2\n|move|p2a: Shuckle|Toxic|p1a: Scyther\n|-status|p1a: Scyther|tox\n|\n|-damage|p1a: Scyther|94\/100 tox|[from] psn\n|upkeep\n|turn|4\n|c|\u2606aguinaldo124|Dude\n|\n|t:|1699141427\n|move|p1a: Scyther|Quick Attack|p2a: Shuckle\n|-resisted|p2a: Shuckle\n|-damage|p2a: Shuckle|0 fnt\n|faint|p2a: Shuckle\n|\n|-damage|p1a: Scyther|82\/100 tox|[from] psn\n|upkeep\n|\n|t:|1699141430\n|switch|p2a: Zacian|Zacian-Crowned, shiny|100\/100\n|-ability|p2a: Zacian|Intrepid Sword|boost\n|-boost|p2a: Zacian|atk|1\n|turn|5\n|\n|t:|1699141438\n|move|p2a: Zacian|Behemoth Blade|p1a: Scyther\n|-damage|p1a: Scyther|3\/100 tox\n|move|p1a: Scyther|Close Combat|p2a: Zacian\n|-damage|p2a: Zacian|0 fnt\n|-unboost|p1a: Scyther|def|1\n|-unboost|p1a: Scyther|spd|1\n|faint|p2a: Zacian\n|\n|-damage|p1a: Scyther|0 fnt|[from] psn\n|faint|p1a: Scyther\n|upkeep\n|c|\u2606aguinaldo124|At least the worst died\n|\n|t:|1699141460\n|switch|p2a: Pheromosa|Pheromosa, shiny|100\/100\n|switch|p1a: Tatsugiri|Tatsugiri, F|100\/100\n|-damage|p1a: Tatsugiri|88\/100|[from] Stealth Rock\n|-activate|p1a: Tatsugiri|move: Sticky Web\n|-unboost|p1a: Tatsugiri|spe|1\n|turn|6\n|\n|t:|1699141469\n|move|p2a: Pheromosa|Bug Buzz|p1a: Tatsugiri\n|-damage|p1a: Tatsugiri|17\/100\n|move|p1a: Tatsugiri|Rapid Spin|p2a: Pheromosa\n|-damage|p2a: Pheromosa|85\/100\n|-boost|p1a: Tatsugiri|spe|1\n|-sideend|p1: aguinaldo124|Stealth Rock|[from] move: Rapid Spin|[of] p1a: Tatsugiri\n|-sideend|p1: aguinaldo124|Sticky Web|[from] move: Rapid Spin|[of] p1a: Tatsugiri\n|\n|-heal|p1a: Tatsugiri|24\/100|[from] item: Leftovers\n|upkeep\n|turn|7\n|\n|t:|1699141479\n|move|p2a: Pheromosa|Bug Buzz|p1a: Tatsugiri\n|-damage|p1a: Tatsugiri|0 fnt\n|faint|p1a: Tatsugiri\n|-ability|p2a: Pheromosa|Beast Boost|boost\n|-boost|p2a: Pheromosa|spa|1\n|\n|upkeep\n|\n|t:|1699141494\n|switch|p1a: Lycanroc|Lycanroc, F|100\/100\n|turn|8\n|\n|t:|1699141500\n|move|p2a: Pheromosa|Focus Blast|p1a: Lycanroc|[miss]\n|-miss|p2a: Pheromosa|p1a: Lycanroc\n|move|p1a: Lycanroc|Stealth Rock|p2a: Pheromosa\n|-sidestart|p2: Spicycow|move: Stealth Rock\n|\n|upkeep\n|turn|9\n|\n|t:|1699141506\n|move|p2a: Pheromosa|Focus Blast|p1a: Lycanroc|[miss]\n|-miss|p2a: Pheromosa|p1a: Lycanroc\n|move|p1a: Lycanroc|Endeavor|p2a: Pheromosa\n|-immune|p2a: Pheromosa\n|\n|upkeep\n|turn|10\n|\n|t:|1699141515\n|move|p2a: Pheromosa|Focus Blast|p1a: Lycanroc\n|-supereffective|p1a: Lycanroc\n|-enditem|p1a: Lycanroc|Focus Sash\n|-damage|p1a: Lycanroc|1\/100\n|move|p1a: Lycanroc|Endeavor|p2a: Pheromosa\n|-damage|p2a: Pheromosa|1\/100\n|\n|upkeep\n|turn|11\n|\n|t:|1699141524\n|move|p1a: Lycanroc|Accelerock|p2a: Pheromosa\n|-damage|p2a: Pheromosa|0 fnt\n|faint|p2a: Pheromosa\n|\n|upkeep\n|\n|t:|1699141527\n|switch|p2a: Marshadow|Marshadow|100\/100\n|-damage|p2a: Marshadow|94\/100|[from] Stealth Rock\n|turn|12\n|\n|t:|1699141534\n|move|p2a: Marshadow|Shadow Sneak|p1a: Lycanroc\n|-damage|p1a: Lycanroc|0 fnt\n|faint|p1a: Lycanroc\n|\n|upkeep\n|\n|t:|1699141539\n|switch|p1a: Salazzle|Salazzle, F|100\/100\n|-item|p1a: Salazzle|Air Balloon\n|turn|13\n|\n|t:|1699141547\n|move|p2a: Marshadow|Spectral Thief|p1a: Salazzle\n|-damage|p1a: Salazzle|20\/100\n|-enditem|p1a: Salazzle|Air Balloon\n|move|p1a: Salazzle|Sludge Bomb|p2a: Marshadow\n|-resisted|p2a: Marshadow\n|-damage|p2a: Marshadow|69\/100\n|\n|upkeep\n|turn|14\n|\n|t:|1699141562\n|move|p2a: Marshadow|Knock Off|p1a: Salazzle\n|-damage|p1a: Salazzle|0 fnt\n|faint|p1a: Salazzle\n|\n|upkeep\n|\n|t:|1699141567\n|switch|p1a: Decidueye|Decidueye, F|100\/100\n|turn|15\n|\n|t:|1699141571\n|move|p1a: Decidueye|Shadow Sneak|p2a: Marshadow\n|-supereffective|p2a: Marshadow\n|-damage|p2a: Marshadow|6\/100\n|move|p2a: Marshadow|Spectral Thief|p1a: Decidueye\n|-supereffective|p1a: Decidueye\n|-damage|p1a: Decidueye|0 fnt\n|faint|p1a: Decidueye\n|\n|upkeep\n|\n|t:|1699141581\n|switch|p1a: Hariyama|Hariyama, M|100\/100\n|turn|16\n|\n|t:|1699141593\n|-terastallize|p1a: Hariyama|Steel\n|move|p1a: Hariyama|Bullet Punch|p2a: Marshadow\n|-crit|p2a: Marshadow\n|-damage|p2a: Marshadow|0 fnt\n|faint|p2a: Marshadow\n|\n|upkeep\n|\n|t:|1699141597\n|switch|p2a: Palkia|Palkia-Origin|100\/100\n|-damage|p2a: Palkia|88\/100|[from] Stealth Rock\n|-ability|p2a: Palkia|Pressure\n|turn|17\n|\n|t:|1699141606\n|move|p2a: Palkia|Earth Power|p1a: Hariyama\n|-supereffective|p1a: Hariyama\n|-damage|p1a: Hariyama|30\/100\n|-enditem|p1a: Hariyama|Sitrus Berry|[eat]\n|-heal|p1a: Hariyama|55\/100|[from] item: Sitrus Berry\n|move|p1a: Hariyama|Belly Drum|p1a: Hariyama\n|-damage|p1a: Hariyama|5\/100\n|-setboost|p1a: Hariyama|atk|6|[from] move: Belly Drum\n|\n|upkeep\n|turn|18\n|c|\u2606aguinaldo124|I hate legendarys lol\n|\n|t:|1699141620\n|move|p1a: Hariyama|Bullet Punch|p2a: Palkia\n|-resisted|p2a: Palkia\n|-damage|p2a: Palkia|44\/100\n|move|p2a: Palkia|Earth Power|p1a: Hariyama\n|-supereffective|p1a: Hariyama\n|-damage|p1a: Hariyama|0 fnt\n|faint|p1a: Hariyama\n|\n|win|Spicycow\n|raw|aguinaldo124's rating: 1198 &rarr; <strong>1174<\/strong><br \/>(-24 for losing)\n|raw|Spicycow's rating: 1215 &rarr; <strong>1239<\/strong><br \/>(+24 for winning)\n","uploadtime":1699141639,"views":10,"p1id":"aguinaldo124","p2id":"spicycow","formatid":"gen9nationaldexubers","rating":1174,"private":0,"password":""}