{"id":"gen9nationaldexubers-1998611131","p1":"AssnKoen","p2":"Water thing?","format":"[Gen 9] National Dex Ubers","log":"|j|\u2606AssnKoen\n|j|\u2606Water thing?\n|t:|1700962739\n|gametype|singles\n|player|p1|AssnKoen|gladion-stance|1399\n|player|p2|Water thing?|shauntal|1296\n|teamsize|p1|6\n|teamsize|p2|6\n|gen|9\n|tier|[Gen 9] National Dex Ubers\n|rated|\n|rule|HP Percentage Mod: HP is shown in percentages\n|rule|Endless Battle Clause: Forcing endless battles is banned\n|rule|OHKO Clause: OHKO moves are banned\n|rule|Evasion Moves Clause: Evasion moves are banned\n|rule|Evasion Items Clause: Evasion items are banned\n|rule|Species Clause: Limit one of each Pok\u00e9mon\n|rule|Sleep Clause Mod: Limit one foe put to sleep\n|rule|Mega Rayquaza Clause: You cannot mega evolve Rayquaza\n|clearpoke\n|poke|p1|Mewtwo|\n|poke|p1|Zygarde-10%|\n|poke|p1|Blissey, F|\n|poke|p1|Landorus, M|\n|poke|p1|Necrozma-Dusk-Mane|\n|poke|p1|Arceus-Water|\n|poke|p2|Marshadow|\n|poke|p2|Mimikyu, F|\n|poke|p2|Gengar, M|\n|poke|p2|Gardevoir, F|\n|poke|p2|Darkrai|\n|poke|p2|Lunala|\n|teampreview\n|\n|t:|1700962751\n|start\n|switch|p1a: Zygarde|Zygarde-10%|100\/100\n|switch|p2a: MOON|Lunala, shiny|100\/100\n|turn|1\n|\n|t:|1700962758\n|move|p2a: MOON|Reflect|p2a: MOON\n|-sidestart|p2: Water thing?|Reflect\n|move|p1a: Zygarde|Thousand Arrows|p2a: MOON\n|-damage|p2a: MOON|91\/100\n|\n|upkeep\n|turn|2\n|\n|t:|1700962763\n|move|p2a: MOON|Light Screen|p2a: MOON\n|-sidestart|p2: Water thing?|move: Light Screen\n|move|p1a: Zygarde|Thousand Arrows|p2a: MOON\n|-damage|p2a: MOON|71\/100\n|\n|upkeep\n|turn|3\n|\n|t:|1700962771\n|move|p2a: MOON|Moongeist Beam|p1a: Zygarde\n|-damage|p1a: Zygarde|38\/100\n|move|p1a: Zygarde|Thousand Arrows|p2a: MOON\n|-damage|p2a: MOON|52\/100\n|\n|-heal|p1a: Zygarde|44\/100|[from] item: Leftovers\n|-activate|p1a: Zygarde|ability: Power Construct\n|detailschange|p1a: Zygarde|Zygarde-Complete\n|-heal|p1a: Zygarde|73\/100|[silent]\n|upkeep\n|turn|4\n|\n|t:|1700962786\n|switch|p1a: innocent|Blissey, F|100\/100\n|move|p2a: MOON|Moongeist Beam|p1a: innocent\n|-immune|p1a: innocent\n|\n|upkeep\n|turn|5\n|\n|t:|1700962792\n|switch|p2a: Cuddles 2|Mimikyu, F|100\/100\n|move|p1a: innocent|Teleport|p1a: innocent\n|\n|t:|1700962812\n|switch|p1a: Landorus|Landorus, M|100\/100|[from] Teleport\n|\n|upkeep\n|turn|6\n|\n|t:|1700962817\n|move|p1a: Landorus|Earthquake|p2a: Cuddles 2\n|-activate|p2a: Cuddles 2|ability: Disguise\n|-damage|p2a: Cuddles 2|100\/100\n|detailschange|p2a: Cuddles 2|Mimikyu-Busted, F\n|-damage|p2a: Cuddles 2|88\/100|[from] pokemon: Mimikyu-Busted\n|move|p2a: Cuddles 2|Swords Dance|p2a: Cuddles 2\n|-boost|p2a: Cuddles 2|atk|2\n|\n|upkeep\n|turn|7\n|\n|t:|1700962826\n|move|p1a: Landorus|Earthquake|p2a: Cuddles 2\n|-damage|p2a: Cuddles 2|48\/100\n|move|p2a: Cuddles 2|Play Rough|p1a: Landorus\n|-damage|p1a: Landorus|16\/100\n|\n|upkeep\n|turn|8\n|\n|t:|1700962838\n|-terastallize|p1a: Landorus|Normal\n|move|p2a: Cuddles 2|Shadow Sneak|p1a: Landorus\n|-immune|p1a: Landorus\n|move|p1a: Landorus|U-turn|p2a: Cuddles 2\n|-resisted|p2a: Cuddles 2\n|-damage|p2a: Cuddles 2|43\/100\n|\n|t:|1700962848\n|switch|p1a: El Grande Padre|Arceus-Water|100\/100|[from] U-turn\n|\n|-sideend|p2: Water thing?|Reflect\n|upkeep\n|turn|9\n|\n|t:|1700962871\n|move|p1a: El Grande Padre|Judgment|p2a: Cuddles 2\n|-damage|p2a: Cuddles 2|10\/100\n|move|p2a: Cuddles 2|Play Rough|p1a: El Grande Padre\n|-damage|p1a: El Grande Padre|52\/100\n|\n|-sideend|p2: Water thing?|move: Light Screen\n|upkeep\n|turn|10\n|\n|t:|1700962887\n|move|p2a: Cuddles 2|Shadow Sneak|p1a: El Grande Padre\n|-damage|p1a: El Grande Padre|30\/100\n|move|p1a: El Grande Padre|Recover|p1a: El Grande Padre\n|-heal|p1a: El Grande Padre|80\/100\n|\n|upkeep\n|turn|11\n|\n|t:|1700962902\n|move|p1a: El Grande Padre|Earth Power|p2a: Cuddles 2\n|-damage|p2a: Cuddles 2|0 fnt\n|faint|p2a: Cuddles 2\n|\n|upkeep\n|\n|t:|1700962909\n|switch|p2a: MOON|Lunala, shiny|52\/100\n|turn|12\n|\n|t:|1700962914\n|move|p1a: El Grande Padre|Judgment|p2a: MOON\n|-damage|p2a: MOON|15\/100\n|move|p2a: MOON|Light Screen|p2a: MOON\n|-sidestart|p2: Water thing?|move: Light Screen\n|\n|upkeep\n|turn|13\n|\n|t:|1700962920\n|move|p1a: El Grande Padre|Judgment|p2a: MOON\n|-damage|p2a: MOON|0 fnt\n|faint|p2a: MOON\n|\n|upkeep\n|\n|t:|1700962924\n|switch|p2a: Dawn|Gardevoir, F, shiny|100\/100\n|turn|14\n|\n|t:|1700962929\n|detailschange|p2a: Dawn|Gardevoir-Mega, F, shiny\n|-mega|p2a: Dawn|Gardevoir|Gardevoirite\n|move|p1a: El Grande Padre|Recover|p1a: El Grande Padre\n|-heal|p1a: El Grande Padre|100\/100\n|move|p2a: Dawn|Calm Mind|p2a: Dawn\n|-boost|p2a: Dawn|spa|1\n|-boost|p2a: Dawn|spd|1\n|\n|upkeep\n|turn|15\n|\n|t:|1700962937\n|move|p1a: El Grande Padre|Judgment|p2a: Dawn\n|-damage|p2a: Dawn|84\/100\n|move|p2a: Dawn|Calm Mind|p2a: Dawn\n|-boost|p2a: Dawn|spa|1\n|-boost|p2a: Dawn|spd|1\n|\n|upkeep\n|turn|16\n|\n|t:|1700962945\n|switch|p1a: Landorus|Landorus, M, tera:Normal|16\/100\n|move|p2a: Dawn|Hyper Voice|p1a: Landorus\n|-damage|p1a: Landorus|0 fnt\n|faint|p1a: Landorus\n|\n|upkeep\n|\n|t:|1700962957\n|switch|p1a: Necrozma|Necrozma-Dusk-Mane|100\/100\n|turn|17\n|\n|t:|1700962961\n|detailschange|p1a: Necrozma|Necrozma-Ultra\n|-burst|p1a: Necrozma|Necrozma|Ultranecrozium Z\n|move|p1a: Necrozma|Sunsteel Strike|p2a: Dawn\n|-supereffective|p2a: Dawn\n|-damage|p2a: Dawn|0 fnt\n|faint|p2a: Dawn\n|\n|upkeep\n|\n|t:|1700962969\n|switch|p2a: King Boo|Gengar, M, shiny|100\/100\n|turn|18\n|\n|t:|1700962975\n|move|p1a: Necrozma|Photon Geyser|p2a: King Boo\n|-supereffective|p2a: King Boo\n|-enditem|p2a: King Boo|Focus Sash\n|-damage|p2a: King Boo|1\/100\n|move|p2a: King Boo|Shadow Ball|p1a: Necrozma\n|-supereffective|p1a: Necrozma\n|-damage|p1a: Necrozma|3\/100\n|\n|upkeep\n|turn|19\n|\n|t:|1700963013\n|switch|p2a: Shadow|Darkrai|100\/100\n|move|p1a: Necrozma|Earthquake|p2a: Shadow\n|-damage|p2a: Shadow|41\/100\n|\n|-heal|p2a: Shadow|47\/100|[from] item: Leftovers\n|-sideend|p2: Water thing?|move: Light Screen\n|upkeep\n|turn|20\n|\n|t:|1700963024\n|switch|p1a: El Grande Padre|Arceus-Water|100\/100\n|move|p2a: Shadow|Dark Pulse|p1a: El Grande Padre\n|-damage|p1a: El Grande Padre|71\/100\n|\n|-heal|p2a: Shadow|53\/100|[from] item: Leftovers\n|upkeep\n|turn|21\n|\n|t:|1700963031\n|move|p2a: Shadow|Hypnosis|p1a: El Grande Padre|[miss]\n|-miss|p2a: Shadow|p1a: El Grande Padre\n|move|p1a: El Grande Padre|Judgment|p2a: Shadow\n|-damage|p2a: Shadow|0 fnt\n|faint|p2a: Shadow\n|\n|upkeep\n|\n|t:|1700963038\n|switch|p2a: King Boo|Gengar, M, shiny|1\/100\n|turn|22\n|\n|t:|1700963042\n|move|p1a: El Grande Padre|Earth Power|p2a: King Boo\n|-supereffective|p2a: King Boo\n|-damage|p2a: King Boo|0 fnt\n|faint|p2a: King Boo\n|\n|upkeep\n|\n|t:|1700963046\n|switch|p2a: Cuddles|Marshadow|100\/100\n|turn|23\n|c|\u2606AssnKoen|!dt hypnosis\n|raw|<ul class=\"utilichart\"><li class=\"result\"><span class=\"col movenamecol\"><a href=\"https:\/\/dex.pokemonshowdown.com\/moves\/hypnosis\">Hypnosis<\/a><\/span> <span class=\"col typecol\"><img src=\"\/\/play.pokemonshowdown.com\/sprites\/types\/Psychic.png\" alt=\"Psychic\" width=\"32\" height=\"14\"><img src=\"\/\/play.pokemonshowdown.com\/sprites\/categories\/Status.png\" alt=\"Status\" width=\"32\" height=\"14\"><\/span> <span class=\"col widelabelcol\"><em>Accuracy<\/em><br>60%<\/span> <span class=\"col pplabelcol\"><em>PP<\/em><br>32<\/span> <span class=\"col movedesccol\">Causes the target to fall asleep.<\/span> <\/li><li style=\"clear:both\"><\/li><\/ul>\n|raw|<font size=\"1\"><font color=\"#686868\">Priority:<\/font> 0&nbsp;|&ThickSpace;<font color=\"#686868\">Gen:<\/font> 1&nbsp;|&ThickSpace;&#10003; Bounceable&nbsp;|&ThickSpace;<font color=\"#686868\">Z-Effect:<\/font>  Speed +1&nbsp;|&ThickSpace;<font color=\"#686868\">Target:<\/font> One Adjacent Pok\u00e9mon<\/font>\n\n|c|\u2606AssnKoen|60%...\n|\n|t:|1700963062\n|-terastallize|p2a: Cuddles|Ghost\n|move|p2a: Cuddles|Spectral Thief|p1a: El Grande Padre\n|-damage|p1a: El Grande Padre|30\/100\n|move|p1a: El Grande Padre|Judgment|p2a: Cuddles\n|-damage|p2a: Cuddles|46\/100\n|\n|upkeep\n|turn|24\n|c|\u2606Water thing?|i know there is nothing better\n|\n|t:|1700963084\n|switch|p1a: innocent|Blissey, F|100\/100\n|move|p2a: Cuddles|Spectral Thief|p1a: innocent\n|-immune|p1a: innocent\n|\n|upkeep\n|turn|25\n|\n|t:|1700963091\n|move|p2a: Cuddles|Drain Punch|p1a: innocent\n|-supereffective|p1a: innocent\n|-damage|p1a: innocent|38\/100\n|-heal|p2a: Cuddles|100\/100|[from] drain|[of] p1a: innocent\n|move|p1a: innocent|Teleport|p1a: innocent\n|\n|t:|1700963108\n|switch|p1a: Zygarde|Zygarde-Complete|73\/100|[from] Teleport\n|\n|-heal|p1a: Zygarde|79\/100|[from] item: Leftovers\n|upkeep\n|turn|26\n|\n|t:|1700963113\n|move|p2a: Cuddles|Spectral Thief|p1a: Zygarde\n|-damage|p1a: Zygarde|49\/100\n|move|p1a: Zygarde|Thousand Arrows|p2a: Cuddles\n|-damage|p2a: Cuddles|48\/100\n|\n|-heal|p1a: Zygarde|55\/100|[from] item: Leftovers\n|upkeep\n|turn|27\n|\n|t:|1700963121\n|move|p2a: Cuddles|Drain Punch|p1a: Zygarde\n|-damage|p1a: Zygarde|37\/100\n|-heal|p2a: Cuddles|66\/100|[from] drain|[of] p1a: Zygarde\n|move|p1a: Zygarde|Thousand Arrows|p2a: Cuddles\n|-damage|p2a: Cuddles|12\/100\n|\n|-heal|p1a: Zygarde|43\/100|[from] item: Leftovers\n|upkeep\n|turn|28\n|\n|t:|1700963130\n|move|p2a: Cuddles|Spectral Thief|p1a: Zygarde\n|-damage|p1a: Zygarde|16\/100\n|move|p1a: Zygarde|Thousand Arrows|p2a: Cuddles\n|-damage|p2a: Cuddles|0 fnt\n|faint|p2a: Cuddles\n|\n|win|AssnKoen\n|raw|AssnKoen's rating: 1399 &rarr; <strong>1413<\/strong><br \/>(+14 for winning)\n|raw|Water thing?'s rating: 1296 &rarr; <strong>1278<\/strong><br \/>(-18 for losing)\n|c|\u2606AssnKoen|tank\n|c|\u2606Water thing?|gg\n|c|\u2606AssnKoen|gg\n|l|\u2606Water thing?\n","uploadtime":1700963175,"views":9,"p1id":"assnkoen","p2id":"waterthing","formatid":"gen9nationaldexubers","rating":1278,"private":0,"password":""}