{"id":"gen9nationaldexubers-1979116620","p1":"Youkirou","p2":"Siraegi","format":"[Gen 9] National Dex Ubers","log":"|j|\u2606Youkirou\n|j|\u2606Siraegi\n|t:|1698634409\n|gametype|singles\n|player|p1|Youkirou|1|\n|player|p2|Siraegi|cynthia-gen4|\n|teamsize|p1|6\n|teamsize|p2|6\n|gen|9\n|tier|[Gen 9] National Dex Ubers\n|rule|HP Percentage Mod: HP is shown in percentages\n|rule|Endless Battle Clause: Forcing endless battles is banned\n|rule|OHKO Clause: OHKO moves are banned\n|rule|Evasion Moves Clause: Evasion moves are banned\n|rule|Evasion Items Clause: Evasion items are banned\n|rule|Species Clause: Limit one of each Pok\u00e9mon\n|rule|Sleep Clause Mod: Limit one foe put to sleep\n|rule|Mega Rayquaza Clause: You cannot mega evolve Rayquaza\n|clearpoke\n|poke|p1|Parasect, M|\n|poke|p1|Poliwrath, F|\n|poke|p1|Golem, F|\n|poke|p1|Lapras, F|\n|poke|p1|Pinsir, F|\n|poke|p1|Jolteon, F|\n|poke|p2|Chansey, F|\n|poke|p2|Tauros, M|\n|poke|p2|Kangaskhan, F|\n|poke|p2|Dugtrio, F|\n|poke|p2|Vaporeon, F|\n|poke|p2|Slowbro, F|\n|teampreview\n|\n|t:|1698634427\n|start\n|switch|p1a: Parasect|Parasect, M|100\/100\n|switch|p2a: Dugtrio|Dugtrio, F, shiny|100\/100\n|turn|1\n|\n|t:|1698634441\n|move|p2a: Dugtrio|Stealth Rock|p1a: Parasect\n|-sidestart|p1: Youkirou|move: Stealth Rock\n|move|p1a: Parasect|Leech Seed|p2a: Dugtrio\n|-start|p2a: Dugtrio|move: Leech Seed\n|\n|-damage|p2a: Dugtrio|88\/100|[from] Leech Seed|[of] p1a: Parasect\n|upkeep\n|turn|2\n|\n|t:|1698634450\n|move|p2a: Dugtrio|Toxic|p1a: Parasect\n|-status|p1a: Parasect|tox\n|move|p1a: Parasect|Spore|p2a: Dugtrio\n|-status|p2a: Dugtrio|slp|[from] move: Spore\n|\n|-damage|p2a: Dugtrio|76\/100 slp|[from] Leech Seed|[of] p1a: Parasect\n|-damage|p1a: Parasect|94\/100 tox|[from] psn\n|upkeep\n|turn|3\n|\n|t:|1698634458\n|cant|p2a: Dugtrio|slp\n|move|p1a: Parasect|Knock Off|p2a: Dugtrio\n|-damage|p2a: Dugtrio|18\/100 slp\n|-enditem|p2a: Dugtrio|Focus Sash|[from] move: Knock Off|[of] p1a: Parasect\n|-heal|p1a: Parasect|99\/100 tox|[from] item: Shell Bell|[of] p2a: Dugtrio\n|\n|-damage|p2a: Dugtrio|5\/100 slp|[from] Leech Seed|[of] p1a: Parasect\n|-heal|p1a: Parasect|100\/100 tox|[silent]\n|-damage|p1a: Parasect|88\/100 tox|[from] psn\n|upkeep\n|turn|4\n|\n|t:|1698634469\n|cant|p2a: Dugtrio|slp\n|move|p1a: Parasect|Leech Life|p2a: Dugtrio\n|-damage|p2a: Dugtrio|0 fnt\n|-heal|p1a: Parasect|90\/100 tox|[from] drain|[of] p2a: Dugtrio\n|faint|p2a: Dugtrio\n|-heal|p1a: Parasect|90\/100 tox|[from] item: Shell Bell|[of] p2: Dugtrio\n|\n|-damage|p1a: Parasect|71\/100 tox|[from] psn\n|upkeep\n|\n|t:|1698634488\n|switch|p2a: Kangaskhan|Kangaskhan, F, shiny|100\/100\n|turn|5\n|\n|t:|1698634495\n|detailschange|p2a: Kangaskhan|Kangaskhan-Mega, F, shiny\n|-mega|p2a: Kangaskhan|Kangaskhan|Kangaskhanite\n|move|p2a: Kangaskhan|Fake Out|p1a: Parasect\n|-damage|p1a: Parasect|45\/100 tox\n|-damage|p1a: Parasect|38\/100 tox\n|-hitcount|p1a: Parasect|2\n|cant|p1a: Parasect|flinch\n|\n|-damage|p1a: Parasect|14\/100 tox|[from] psn\n|upkeep\n|turn|6\n|\n|t:|1698634505\n|move|p2a: Kangaskhan|Power-Up Punch|p1a: Parasect\n|-resisted|p1a: Parasect\n|-damage|p1a: Parasect|4\/100 tox\n|-boost|p2a: Kangaskhan|atk|1\n|-resisted|p1a: Parasect\n|-damage|p1a: Parasect|1\/100 tox\n|-boost|p2a: Kangaskhan|atk|1\n|-hitcount|p1a: Parasect|2\n|move|p1a: Parasect|Leech Life|p2a: Kangaskhan\n|-damage|p2a: Kangaskhan|75\/100\n|-heal|p1a: Parasect|14\/100 tox|[from] drain|[of] p2a: Kangaskhan\n|-heal|p1a: Parasect|18\/100 tox|[from] item: Shell Bell|[of] p2a: Kangaskhan\n|\n|-damage|p1a: Parasect|0 fnt|[from] psn\n|faint|p1a: Parasect\n|upkeep\n|\n|t:|1698634536\n|switch|p1a: Poliwrath|Poliwrath, F|100\/100\n|-damage|p1a: Poliwrath|94\/100|[from] Stealth Rock\n|turn|7\n|\n|t:|1698634546\n|move|p2a: Kangaskhan|Return|p1a: Poliwrath\n|-damage|p1a: Poliwrath|0 fnt\n|faint|p1a: Poliwrath\n|-hitcount|p1: Poliwrath|1\n|\n|upkeep\n|\n|t:|1698634554\n|switch|p1a: Golem|Golem, F|100\/100\n|-damage|p1a: Golem|95\/100|[from] Stealth Rock\n|turn|8\n|\n|t:|1698634568\n|move|p1a: Golem|Sucker Punch|p2a: Kangaskhan\n|-damage|p2a: Kangaskhan|53\/100\n|move|p2a: Kangaskhan|Power-Up Punch|p1a: Golem\n|-supereffective|p1a: Golem\n|-damage|p1a: Golem|44\/100\n|-boost|p2a: Kangaskhan|atk|1\n|-enditem|p1a: Golem|Weakness Policy\n|-boost|p1a: Golem|atk|2|[from] item: Weakness Policy\n|-boost|p1a: Golem|spa|2|[from] item: Weakness Policy\n|-supereffective|p1a: Golem\n|-damage|p1a: Golem|29\/100\n|-boost|p2a: Kangaskhan|atk|1\n|-hitcount|p1a: Golem|2\n|\n|upkeep\n|turn|9\n|\n|t:|1698634587\n|switch|p2a: Chansey|Chansey, F|100\/100\n|move|p1a: Golem|Explosion|p2a: Chansey\n|-damage|p2a: Chansey|0 fnt\n|faint|p1a: Golem\n|faint|p2a: Chansey\n|\n|upkeep\n|\n|t:|1698634614\n|switch|p1a: Lapras|Lapras, F|100\/100\n|switch|p2a: Vaporeon|Vaporeon, F, shiny|100\/100\n|-damage|p1a: Lapras|75\/100|[from] Stealth Rock\n|turn|10\n|\n|t:|1698634639\n|switch|p1a: Jolteon|Jolteon, F|100\/100\n|move|p2a: Vaporeon|Wish|p2a: Vaporeon\n|\n|upkeep\n|turn|11\n|\n|t:|1698634648\n|switch|p2a: Kangaskhan|Kangaskhan-Mega, F, shiny|53\/100\n|move|p1a: Jolteon|Roar|p2a: Kangaskhan\n|drag|p2a: Vaporeon|Vaporeon, F, shiny|100\/100\n|\n|upkeep\n|turn|12\n|\n|t:|1698634660\n|move|p1a: Jolteon|Calm Mind|p1a: Jolteon\n|-boost|p1a: Jolteon|spa|1\n|-boost|p1a: Jolteon|spd|1\n|move|p2a: Vaporeon|Scald|p1a: Jolteon\n|-damage|p1a: Jolteon|74\/100\n|-status|p1a: Jolteon|brn\n|\n|-damage|p1a: Jolteon|68\/100 brn|[from] brn\n|upkeep\n|turn|13\n|\n|t:|1698634673\n|move|p2a: Vaporeon|Protect|p2a: Vaporeon\n|-singleturn|p2a: Vaporeon|Protect\n|move|p1a: Jolteon|Roar|p2a: Vaporeon\n|drag|p2a: Kangaskhan|Kangaskhan-Mega, F, shiny|53\/100\n|\n|-damage|p1a: Jolteon|62\/100 brn|[from] brn\n|upkeep\n|turn|14\n|\n|t:|1698634739\n|-terastallize|p1a: Jolteon|Electric\n|move|p2a: Kangaskhan|Fake Out|p1a: Jolteon\n|-damage|p1a: Jolteon|20\/100 brn\n|-damage|p1a: Jolteon|10\/100 brn\n|-hitcount|p1a: Jolteon|2\n|cant|p1a: Jolteon|flinch\n|\n|-damage|p1a: Jolteon|5\/100 brn|[from] brn\n|upkeep\n|turn|15\n|\n|t:|1698634770\n|move|p1a: Jolteon|Thunderbolt|p2a: Kangaskhan\n|-damage|p2a: Kangaskhan|0 fnt\n|faint|p2a: Kangaskhan\n|\n|-damage|p1a: Jolteon|0 fnt|[from] brn\n|faint|p1a: Jolteon\n|upkeep\n|\n|t:|1698634789\n|switch|p1a: Lapras|Lapras, F|75\/100\n|switch|p2a: Tauros|Tauros, M|100\/100\n|-ability|p2a: Tauros|Intimidate|boost\n|-unboost|p1a: Lapras|atk|1\n|-damage|p1a: Lapras|50\/100|[from] Stealth Rock\n|turn|16\n|\n|t:|1698634858\n|move|p2a: Tauros|Return|p1a: Lapras\n|-damage|p1a: Lapras|2\/100\n|-damage|p2a: Tauros|91\/100|[from] item: Life Orb\n|move|p1a: Lapras|Thunderbolt|p2a: Tauros\n|-damage|p2a: Tauros|49\/100\n|\n|upkeep\n|turn|17\n|\n|t:|1698634880\n|move|p2a: Tauros|Return|p1a: Lapras\n|-damage|p1a: Lapras|0 fnt\n|faint|p1a: Lapras\n|-damage|p2a: Tauros|39\/100|[from] item: Life Orb\n|\n|upkeep\n|\n|t:|1698634885\n|switch|p1a: Pinsir|Pinsir, F|100\/100\n|-damage|p1a: Pinsir|76\/100|[from] Stealth Rock\n|turn|18\n|\n|t:|1698634906\n|detailschange|p1a: Pinsir|Pinsir-Mega, F\n|-mega|p1a: Pinsir|Pinsir|Pinsirite\n|move|p1a: Pinsir|Quick Attack|p2a: Tauros\n|-damage|p2a: Tauros|5\/100\n|move|p2a: Tauros|Rock Slide|p1a: Pinsir\n|-supereffective|p1a: Pinsir\n|-damage|p1a: Pinsir|0 fnt\n|faint|p1a: Pinsir\n|-damage|p2a: Tauros|0 fnt|[from] item: Life Orb\n|faint|p2a: Tauros\n|\n|win|Siraegi\n|l|\u2606Youkirou\n|l|\u2606Siraegi\n|j|\u2606Youkirou\n|player|p1|Youkirou|1\n","uploadtime":1698634947,"views":10,"p1id":"youkirou","p2id":"siraegi","formatid":"gen9nationaldexubers","rating":0,"private":0,"password":""}