{"id":"gen9nationaldexubers-1983963648","p1":"MFjune","p2":"BalamCorpOfficial","format":"[Gen 9] National Dex Ubers","log":"|j|\u2606MFjune\n|j|\u2606BalamCorpOfficial\n|t:|1699204700\n|gametype|singles\n|player|p1|MFjune|169|1250\n|player|p2|BalamCorpOfficial|ltsurge|1310\n|teamsize|p1|6\n|teamsize|p2|6\n|gen|9\n|tier|[Gen 9] National Dex Ubers\n|rated|\n|rule|HP Percentage Mod: HP is shown in percentages\n|rule|Endless Battle Clause: Forcing endless battles is banned\n|rule|OHKO Clause: OHKO moves are banned\n|rule|Evasion Moves Clause: Evasion moves are banned\n|rule|Evasion Items Clause: Evasion items are banned\n|rule|Species Clause: Limit one of each Pok\u00e9mon\n|rule|Sleep Clause Mod: Limit one foe put to sleep\n|rule|Mega Rayquaza Clause: You cannot mega evolve Rayquaza\n|clearpoke\n|poke|p1|Iron Thorns|\n|poke|p1|Iron Treads|\n|poke|p1|Iron Valiant|\n|poke|p1|Roaring Moon|\n|poke|p1|Sandy Shocks|\n|poke|p1|Scream Tail|\n|poke|p2|Deoxys-Speed|\n|poke|p2|Pincurchin, M|\n|poke|p2|Tapu Koko|\n|poke|p2|Regieleki|\n|poke|p2|Xurkitree|\n|poke|p2|Rayquaza|\n|teampreview\n|\n|t:|1699204706\n|start\n|switch|p1a: Iron Treads|Iron Treads|100\/100\n|switch|p2a: G4 Volta|Pincurchin, M|100\/100\n|-fieldstart|move: Electric Terrain|[from] ability: Electric Surge|[of] p2a: G4 Volta\n|-activate|p1a: Iron Treads|ability: Quark Drive\n|-start|p1a: Iron Treads|quarkdrivespe\n|turn|1\n|\n|t:|1699204717\n|move|p1a: Iron Treads|Earthquake|p2a: G4 Volta\n|-supereffective|p2a: G4 Volta\n|-damage|p2a: G4 Volta|5\/100\n|move|p2a: G4 Volta|Scald|p1a: Iron Treads\n|-supereffective|p1a: Iron Treads\n|-crit|p1a: Iron Treads\n|-damage|p1a: Iron Treads|33\/100\n|\n|upkeep\n|turn|2\n|\n|t:|1699204727\n|move|p2a: G4 Volta|Sucker Punch|p1a: Iron Treads\n|-damage|p1a: Iron Treads|19\/100\n|move|p1a: Iron Treads|Earthquake|p2a: G4 Volta\n|-supereffective|p2a: G4 Volta\n|-damage|p2a: G4 Volta|0 fnt\n|faint|p2a: G4 Volta\n|\n|upkeep\n|\n|t:|1699204735\n|switch|p2a: G3 Wu Huahai|Rayquaza, shiny|100\/100\n|-ability|p2a: G3 Wu Huahai|Air Lock\n|turn|3\n|\n|t:|1699204740\n|move|p2a: G3 Wu Huahai|Extreme Speed|p1a: Iron Treads\n|-resisted|p1a: Iron Treads\n|-damage|p1a: Iron Treads|9\/100\n|move|p1a: Iron Treads|Ice Spinner|p2a: G3 Wu Huahai\n|-supereffective|p2a: G3 Wu Huahai\n|-damage|p2a: G3 Wu Huahai|1\/100\n|-fieldend|move: Electric Terrain\n|-end|p1a: Iron Treads|Quark Drive\n|-enditem|p1a: Iron Treads|Booster Energy\n|-activate|p1a: Iron Treads|ability: Quark Drive|[fromitem]\n|-start|p1a: Iron Treads|quarkdrivespe\n|\n|upkeep\n|turn|4\n|\n|t:|1699204753\n|move|p2a: G3 Wu Huahai|Extreme Speed|p1a: Iron Treads\n|-resisted|p1a: Iron Treads\n|-damage|p1a: Iron Treads|0 fnt\n|faint|p1a: Iron Treads\n|-end|p1a: Iron Treads|Quark Drive|[silent]\n|\n|upkeep\n|\n|t:|1699204767\n|switch|p1a: Scream Tail|Scream Tail|100\/100\n|turn|5\n|\n|t:|1699204772\n|move|p2a: G3 Wu Huahai|Surf|p1a: Scream Tail\n|-crit|p1a: Scream Tail\n|-damage|p1a: Scream Tail|66\/100\n|move|p1a: Scream Tail|Calm Mind|p1a: Scream Tail\n|-boost|p1a: Scream Tail|spa|1\n|-boost|p1a: Scream Tail|spd|1\n|\n|-heal|p1a: Scream Tail|72\/100|[from] item: Leftovers\n|upkeep\n|turn|6\n|\n|t:|1699204780\n|move|p2a: G3 Wu Huahai|Extreme Speed|p1a: Scream Tail\n|-damage|p1a: Scream Tail|58\/100\n|move|p1a: Scream Tail|Calm Mind|p1a: Scream Tail\n|-boost|p1a: Scream Tail|spa|1\n|-boost|p1a: Scream Tail|spd|1\n|\n|-heal|p1a: Scream Tail|64\/100|[from] item: Leftovers\n|upkeep\n|turn|7\n|\n|t:|1699204789\n|move|p1a: Scream Tail|Calm Mind|p1a: Scream Tail\n|-boost|p1a: Scream Tail|spa|1\n|-boost|p1a: Scream Tail|spd|1\n|move|p2a: G3 Wu Huahai|Roar|p1a: Scream Tail\n|-end|p1a: Scream Tail|Protosynthesis|[silent]\n|drag|p1a: Iron Valiant|Iron Valiant|100\/100\n|-enditem|p1a: Iron Valiant|Booster Energy\n|-activate|p1a: Iron Valiant|ability: Quark Drive|[fromitem]\n|-start|p1a: Iron Valiant|quarkdrivespe\n|\n|upkeep\n|turn|8\n|\n|t:|1699204803\n|move|p2a: G3 Wu Huahai|Extreme Speed|p1a: Iron Valiant\n|-damage|p1a: Iron Valiant|69\/100\n|move|p1a: Iron Valiant|Spirit Break|p2a: G3 Wu Huahai\n|-supereffective|p2a: G3 Wu Huahai\n|-damage|p2a: G3 Wu Huahai|0 fnt\n|faint|p2a: G3 Wu Huahai\n|\n|upkeep\n|inactive|Battle timer is ON: inactive players will automatically lose when time's up. (requested by MFjune)\n|\n|t:|1699204818\n|switch|p2a: G2 Nile|Tapu Koko, shiny|100\/100\n|-fieldstart|move: Electric Terrain|[from] ability: Electric Surge|[of] p2a: G2 Nile\n|turn|9\n|\n|t:|1699204827\n|switch|p2a: G6 Red|Xurkitree, shiny|100\/100\n|move|p1a: Iron Valiant|Spirit Break|p2a: G6 Red\n|-damage|p2a: G6 Red|43\/100\n|-unboost|p2a: G6 Red|spa|1\n|\n|upkeep\n|turn|10\n|\n|t:|1699204835\n|move|p1a: Iron Valiant|Spirit Break|p2a: G6 Red\n|-damage|p2a: G6 Red|0 fnt\n|faint|p2a: G6 Red\n|\n|upkeep\n|\n|t:|1699204840\n|switch|p2a: G1 Michigan|Regieleki|100\/100\n|turn|11\n|\n|t:|1699204849\n|-terastallize|p2a: G1 Michigan|Electric\n|move|p2a: G1 Michigan|Rising Voltage|p1a: Iron Valiant\n|-hint|Rising Voltage's BP doubled on grounded target.\n|-damage|p1a: Iron Valiant|0 fnt\n|faint|p1a: Iron Valiant\n|-end|p1a: Iron Valiant|Quark Drive|[silent]\n|\n|upkeep\n|\n|t:|1699204859\n|switch|p1a: Sandy Shocks|Sandy Shocks|100\/100\n|-enditem|p1a: Sandy Shocks|Booster Energy\n|-activate|p1a: Sandy Shocks|ability: Protosynthesis|[fromitem]\n|-start|p1a: Sandy Shocks|protosynthesisspa\n|turn|12\n|\n|t:|1699204868\n|switch|p2a: G5 Iguazu|Deoxys-Speed, shiny|100\/100\n|-ability|p2a: G5 Iguazu|Pressure\n|move|p1a: Sandy Shocks|Earth Power|p2a: G5 Iguazu\n|-damage|p2a: G5 Iguazu|25\/100\n|\n|upkeep\n|turn|13\n|\n|t:|1699204880\n|move|p2a: G5 Iguazu|Trick|p1a: Sandy Shocks\n|-activate|p2a: G5 Iguazu|move: Trick|[of] p1a: Sandy Shocks\n|-item|p1a: Sandy Shocks|Ring Target|[from] move: Trick\n|-enditem|p2a: G5 Iguazu|Ring Target|[silent]|[from] move: Trick\n|move|p1a: Sandy Shocks|Earth Power|p2a: G5 Iguazu\n|-damage|p2a: G5 Iguazu|0 fnt\n|faint|p2a: G5 Iguazu\n|\n|upkeep\n|\n|t:|1699204888\n|switch|p2a: G1 Michigan|Regieleki, tera:Electric|100\/100\n|turn|14\n|\n|t:|1699204891\n|move|p2a: G1 Michigan|Rising Voltage|p1a: Sandy Shocks\n|-hint|Rising Voltage's BP doubled on grounded target.\n|-resisted|p1a: Sandy Shocks\n|-damage|p1a: Sandy Shocks|0 fnt\n|faint|p1a: Sandy Shocks\n|-end|p1a: Sandy Shocks|Protosynthesis|[silent]\n|\n|upkeep\n|\n|t:|1699204902\n|switch|p1a: Scream Tail|Scream Tail|64\/100\n|turn|15\n|\n|t:|1699204906\n|move|p1a: Scream Tail|Protect|p1a: Scream Tail\n|-singleturn|p1a: Scream Tail|Protect\n|move|p2a: G1 Michigan|Rising Voltage|p1a: Scream Tail\n|-activate|p1a: Scream Tail|move: Protect\n|\n|-heal|p1a: Scream Tail|70\/100|[from] item: Leftovers\n|upkeep\n|turn|16\n|\n|t:|1699204923\n|-terastallize|p1a: Scream Tail|Steel\n|move|p2a: G1 Michigan|Rising Voltage|p1a: Scream Tail\n|-hint|Rising Voltage's BP doubled on grounded target.\n|-damage|p1a: Scream Tail|0 fnt\n|faint|p1a: Scream Tail\n|-end|p1a: Scream Tail|Protosynthesis|[silent]\n|\n|-fieldend|move: Electric Terrain\n|upkeep\n|\n|t:|1699204939\n|switch|p1a: Iron Thorns|Iron Thorns|100\/100\n|-enditem|p1a: Iron Thorns|Booster Energy\n|-activate|p1a: Iron Thorns|ability: Quark Drive|[fromitem]\n|-start|p1a: Iron Thorns|quarkdriveatk\n|turn|17\n|\n|t:|1699204947\n|switch|p2a: G2 Nile|Tapu Koko, shiny|100\/100\n|-fieldstart|move: Electric Terrain|[from] ability: Electric Surge|[of] p2a: G2 Nile\n|move|p1a: Iron Thorns|Dragon Dance|p1a: Iron Thorns\n|-boost|p1a: Iron Thorns|atk|1\n|-boost|p1a: Iron Thorns|spe|1\n|\n|upkeep\n|turn|18\n|\n|t:|1699204962\n|move|p1a: Iron Thorns|Power Gem|p2a: G2 Nile\n|-damage|p2a: G2 Nile|77\/100\n|move|p2a: G2 Nile|Nature's Madness|p1a: Iron Thorns\n|-damage|p1a: Iron Thorns|51\/100\n|\n|upkeep\n|turn|19\n|\n|t:|1699204975\n|move|p1a: Iron Thorns|Dragon Dance|p1a: Iron Thorns\n|-boost|p1a: Iron Thorns|atk|1\n|-boost|p1a: Iron Thorns|spe|1\n|move|p2a: G2 Nile|Dazzling Gleam|p1a: Iron Thorns\n|-damage|p1a: Iron Thorns|20\/100\n|\n|upkeep\n|turn|20\n|\n|t:|1699204985\n|move|p1a: Iron Thorns|Ice Punch|p2a: G2 Nile\n|-damage|p2a: G2 Nile|0 fnt\n|faint|p2a: G2 Nile\n|\n|upkeep\n|\n|t:|1699204990\n|switch|p2a: G1 Michigan|Regieleki, tera:Electric|100\/100\n|turn|21\n|\n|t:|1699204996\n|move|p2a: G1 Michigan|Rising Voltage|p1a: Iron Thorns\n|-hint|Rising Voltage's BP doubled on grounded target.\n|-resisted|p1a: Iron Thorns\n|-damage|p1a: Iron Thorns|0 fnt\n|faint|p1a: Iron Thorns\n|-end|p1a: Iron Thorns|Quark Drive|[silent]\n|\n|upkeep\n|\n|t:|1699205001\n|switch|p1a: Roaring Moon|Roaring Moon|100\/100\n|-enditem|p1a: Roaring Moon|Booster Energy\n|-activate|p1a: Roaring Moon|ability: Protosynthesis|[fromitem]\n|-start|p1a: Roaring Moon|protosynthesisatk\n|turn|22\n|\n|t:|1699205009\n|move|p2a: G1 Michigan|Rising Voltage|p1a: Roaring Moon\n|-hint|Rising Voltage's BP doubled on grounded target.\n|-resisted|p1a: Roaring Moon\n|-damage|p1a: Roaring Moon|4\/100\n|move|p1a: Roaring Moon|Dragon Claw|p2a: G1 Michigan\n|-damage|p2a: G1 Michigan|0 fnt\n|faint|p2a: G1 Michigan\n|\n|win|MFjune\n|raw|MFjune's rating: 1250 &rarr; <strong>1279<\/strong><br \/>(+29 for winning)\n|raw|BalamCorpOfficial's rating: 1310 &rarr; <strong>1287<\/strong><br \/>(-23 for losing)\n|l|\u2606BalamCorpOfficial\n|c|\u2606MFjune|Gg\n","uploadtime":1699205027,"views":5,"p1id":"mfjune","p2id":"balamcorpofficial","formatid":"gen9nationaldexubers","rating":1279,"private":0,"password":""}