{"id":"gen9nationaldexubers-1990439366","p1":"RetroGameBoy","p2":"NeonLegacy","format":"[Gen 9] National Dex Ubers","log":"|j|\u2606RetroGameBoy\n|j|\u2606NeonLegacy\n|t:|1699971098\n|gametype|singles\n|player|p1|RetroGameBoy|rika|1055\n|player|p2|NeonLegacy|red|1073\n|teamsize|p1|6\n|teamsize|p2|6\n|gen|9\n|tier|[Gen 9] National Dex Ubers\n|rated|\n|rule|HP Percentage Mod: HP is shown in percentages\n|rule|Endless Battle Clause: Forcing endless battles is banned\n|rule|OHKO Clause: OHKO moves are banned\n|rule|Evasion Moves Clause: Evasion moves are banned\n|rule|Evasion Items Clause: Evasion items are banned\n|rule|Species Clause: Limit one of each Pok\u00e9mon\n|rule|Sleep Clause Mod: Limit one foe put to sleep\n|rule|Mega Rayquaza Clause: You cannot mega evolve Rayquaza\n|clearpoke\n|poke|p1|Aurorus, F|\n|poke|p1|Baxcalibur, F|\n|poke|p1|Lopunny, M|\n|poke|p1|Murkrow, F|\n|poke|p1|Togekiss, F|\n|poke|p1|Salandit, F|\n|poke|p2|Torterra, F|\n|poke|p2|Uxie|\n|poke|p2|Ogerpon, F|\n|poke|p2|Polteageist|\n|poke|p2|Absol, M|\n|poke|p2|Morpeko, F|\n|teampreview\n|c|\u2606NeonLegacy|...\n|c|\u2606RetroGameBoy|gl\n|c|\u2606NeonLegacy|glhf\n|\n|t:|1699971113\n|start\n|switch|p1a: Salandit|Salandit, F|100\/100\n|switch|p2a: Morpeko|Morpeko, F, shiny|100\/100\n|turn|1\n|\n|t:|1699971121\n|move|p2a: Morpeko|Swagger|p1a: Salandit|[miss]\n|-miss|p2a: Morpeko|p1a: Salandit\n|move|p1a: Salandit|Substitute|p1a: Salandit\n|-start|p1a: Salandit|Substitute\n|-damage|p1a: Salandit|76\/100\n|\n|-heal|p1a: Salandit|82\/100|[from] item: Leftovers\n|-formechange|p2a: Morpeko|Morpeko-Hangry||[from] ability: Hunger Switch\n|upkeep\n|turn|2\n|c|\u2606RetroGameBoy|that's literally your reaction to missing swagger lol. hunger mode lol\n|\n|t:|1699971156\n|move|p2a: Morpeko|Psychic Fangs|p1a: Salandit\n|-supereffective|p1a: Salandit\n|-end|p1a: Salandit|Substitute\n|move|p1a: Salandit|Toxic Spikes|p2a: Morpeko\n|-sidestart|p2: NeonLegacy|move: Toxic Spikes\n|\n|-heal|p1a: Salandit|88\/100|[from] item: Leftovers\n|-formechange|p2a: Morpeko|Morpeko||[from] ability: Hunger Switch\n|upkeep\n|turn|3\n|c|\u2606NeonLegacy|exacly\n|\n|t:|1699971166\n|switch|p2a: Absol|Absol, M, shiny|100\/100\n|-status|p2a: Absol|psn\n|move|p1a: Salandit|Substitute|p1a: Salandit\n|-start|p1a: Salandit|Substitute\n|-damage|p1a: Salandit|63\/100\n|\n|-heal|p1a: Salandit|69\/100|[from] item: Leftovers\n|-damage|p2a: Absol|88\/100 psn|[from] psn\n|upkeep\n|turn|4\n|\n|t:|1699971177\n|detailschange|p2a: Absol|Absol-Mega, M, shiny\n|-mega|p2a: Absol|Absol|Absolite\n|move|p2a: Absol|Swords Dance|p2a: Absol\n|-boost|p2a: Absol|atk|2\n|move|p1a: Salandit|Flame Burst|p2a: Absol\n|-damage|p2a: Absol|51\/100 psn\n|\n|-heal|p1a: Salandit|75\/100|[from] item: Leftovers\n|-damage|p2a: Absol|39\/100 psn|[from] psn\n|upkeep\n|turn|5\n|\n|t:|1699971186\n|move|p2a: Absol|Psycho Cut|p1a: Salandit\n|-supereffective|p1a: Salandit\n|-end|p1a: Salandit|Substitute\n|move|p1a: Salandit|Flame Burst|p2a: Absol\n|-damage|p2a: Absol|3\/100 psn\n|\n|-heal|p1a: Salandit|81\/100|[from] item: Leftovers\n|-damage|p2a: Absol|0 fnt|[from] psn\n|faint|p2a: Absol\n|upkeep\n|\n|t:|1699971196\n|switch|p2a: World turtle|Torterra, F|100\/100\n|-status|p2a: World turtle|psn\n|turn|6\n|\n|t:|1699971202\n|switch|p1a: Togekiss|Togekiss, F|100\/100\n|move|p2a: World turtle|Headlong Rush|p1a: Togekiss\n|-immune|p1a: Togekiss\n|\n|-damage|p2a: World turtle|88\/100 psn|[from] psn\n|upkeep\n|turn|7\n|c|\u2606NeonLegacy|pain\n|\n|t:|1699971214\n|move|p1a: Togekiss|Air Slash|p2a: World turtle\n|-supereffective|p2a: World turtle\n|-damage|p2a: World turtle|8\/100 psn\n|move|p2a: World turtle|Shell Smash|p2a: World turtle\n|-unboost|p2a: World turtle|def|1\n|-unboost|p2a: World turtle|spd|1\n|-boost|p2a: World turtle|atk|2\n|-boost|p2a: World turtle|spa|2\n|-boost|p2a: World turtle|spe|2\n|-enditem|p1a: Togekiss|Mirror Herb\n|-boost|p1a: Togekiss|atk|2|[from] item: Mirror Herb\n|-boost|p1a: Togekiss|spa|2|[from] item: Mirror Herb\n|-boost|p1a: Togekiss|spe|2|[from] item: Mirror Herb\n|\n|-damage|p2a: World turtle|0 fnt|[from] psn\n|faint|p2a: World turtle\n|upkeep\n|c|\u2606RetroGameBoy|thanks\n|c|\u2606NeonLegacy|Wait wat\n|c|\u2606NeonLegacy|Ooh god\n|c|\u2606RetroGameBoy|BEHOLD DECEPTION\n|\n|t:|1699971243\n|switch|p2a: Buddha|Uxie, shiny|100\/100\n|turn|8\n|c|\u2606NeonLegacy|that is scary\n|\n|t:|1699971259\n|move|p1a: Togekiss|Air Slash|p2a: Buddha\n|-damage|p2a: Buddha|56\/100\n|cant|p2a: Buddha|flinch\n|\n|upkeep\n|turn|9\n|c|\u2606NeonLegacy|No\n|c|\u2606NeonLegacy|No\n|c|\u2606NeonLegacy|No\n|c|\u2606NeonLegacy|No\n|c|\u2606NeonLegacy|Serene grace is evil\n|\n|t:|1699971282\n|move|p1a: Togekiss|Air Slash|p2a: Buddha\n|-damage|p2a: Buddha|12\/100\n|move|p2a: Buddha|Memento|p1a: Togekiss\n|-unboost|p1a: Togekiss|atk|2\n|-unboost|p1a: Togekiss|spa|2\n|faint|p2a: Buddha\n|\n|upkeep\n|\n|t:|1699971289\n|switch|p2a: Morpeko|Morpeko, F, shiny|100\/100\n|-status|p2a: Morpeko|psn\n|turn|10\n|c|\u2606RetroGameBoy|If mirror herb was on Cynthia we all cry\n|c|\u2606NeonLegacy|true\n|\n|t:|1699971301\n|move|p1a: Togekiss|Air Slash|p2a: Morpeko\n|-resisted|p2a: Morpeko\n|-damage|p2a: Morpeko|65\/100 psn\n|move|p2a: Morpeko|Swagger|p1a: Togekiss\n|-boost|p1a: Togekiss|atk|2\n|-enditem|p2a: Morpeko|Mirror Herb\n|-boost|p2a: Morpeko|atk|2|[from] item: Mirror Herb\n|-start|p1a: Togekiss|confusion\n|\n|-damage|p2a: Morpeko|53\/100 psn|[from] psn\n|-formechange|p2a: Morpeko|Morpeko-Hangry||[from] ability: Hunger Switch\n|upkeep\n|turn|11\n|\n|t:|1699971314\n|-activate|p1a: Togekiss|confusion\n|move|p1a: Togekiss|Heal Bell||[still]\n|-activate|p1a: Togekiss|move: Heal Bell\n|-fail|p1a: Togekiss\n|move|p2a: Morpeko|Thunder Punch|p1a: Togekiss\n|-supereffective|p1a: Togekiss\n|-damage|p1a: Togekiss|0 fnt\n|faint|p1a: Togekiss\n|\n|-damage|p2a: Morpeko|41\/100 psn|[from] psn\n|-formechange|p2a: Morpeko|Morpeko||[from] ability: Hunger Switch\n|upkeep\n|c|\u2606NeonLegacy|Finally\n|c|\u2606RetroGameBoy|well I tried that idea\n|c|\u2606NeonLegacy|That was scary\n|c|\u2606NeonLegacy|i mean\n|\n|t:|1699971339\n|switch|p1a: Lopunny|Lopunny, M|100\/100\n|turn|12\n|c|\u2606NeonLegacy|That would have been a god play\n|\n|t:|1699971348\n|detailschange|p1a: Lopunny|Lopunny-Mega, M\n|-mega|p1a: Lopunny|Lopunny|Lopunnite\n|move|p1a: Lopunny|Fake Out|p2a: Morpeko\n|-damage|p2a: Morpeko|0 fnt\n|faint|p2a: Morpeko\n|\n|upkeep\n|c|\u2606NeonLegacy|good\n|\n|t:|1699971356\n|switch|p2a: Polteageist|Polteageist, shiny|100\/100\n|-status|p2a: Polteageist|psn\n|turn|13\n|c|\u2606RetroGameBoy|thanks\n|\n|t:|1699971364\n|move|p1a: Lopunny|Drain Punch|p2a: Polteageist\n|-damage|p2a: Polteageist|20\/100 psn\n|-ability|p2a: Polteageist|Weak Armor|boost\n|-unboost|p2a: Polteageist|def|1\n|-boost|p2a: Polteageist|spe|2\n|move|p2a: Polteageist|Stored Power|p1a: Lopunny\n|-supereffective|p1a: Lopunny\n|-damage|p1a: Lopunny|44\/100\n|\n|-damage|p2a: Polteageist|8\/100 psn|[from] psn\n|upkeep\n|turn|14\n|\n|t:|1699971377\n|switch|p1a: Murkrow|Murkrow, F|100\/100\n|move|p2a: Polteageist|Stored Power|p1a: Murkrow\n|-immune|p1a: Murkrow\n|\n|-damage|p2a: Polteageist|0 fnt|[from] psn\n|faint|p2a: Polteageist\n|upkeep\n|c|\u2606NeonLegacy|im screwed\n|\n|t:|1699971384\n|switch|p2a: Cute Ogre|Ogerpon, F|100\/100\n|-status|p2a: Cute Ogre|psn\n|turn|15\n|\n|t:|1699971390\n|-terastallize|p2a: Cute Ogre|Grass\n|detailschange|p2a: Cute Ogre|Ogerpon-Teal-Tera, F, tera:Grass\n|-ability|p2a: Cute Ogre|Embody Aspect (Teal)|boost\n|-boost|p2a: Cute Ogre|spe|1\n|move|p1a: Murkrow|Tailwind|p1a: Murkrow\n|-sidestart|p1: RetroGameBoy|move: Tailwind\n|move|p2a: Cute Ogre|Swords Dance|p2a: Cute Ogre\n|-boost|p2a: Cute Ogre|atk|2\n|\n|-damage|p2a: Cute Ogre|88\/100 psn|[from] psn\n|upkeep\n|turn|16\n|\n|t:|1699971400\n|move|p2a: Cute Ogre|Play Rough|p1a: Murkrow|[miss]\n|-miss|p2a: Cute Ogre|p1a: Murkrow\n|move|p1a: Murkrow|Air Slash|p2a: Cute Ogre\n|-supereffective|p2a: Cute Ogre\n|-damage|p2a: Cute Ogre|30\/100 psn\n|\n|-damage|p2a: Cute Ogre|17\/100 psn|[from] psn\n|upkeep\n|turn|17\n|c|\u2606NeonLegacy|ima go cry in my room now\n|c|\u2606RetroGameBoy|you're gonna hate than for doing this\n|\n|t:|1699971422\n|move|p1a: Murkrow|Haze|p1a: Murkrow\n|-clearallboost\n|move|p2a: Cute Ogre|Play Rough|p1a: Murkrow\n|-supereffective|p1a: Murkrow\n|-damage|p1a: Murkrow|13\/100\n|\n|-damage|p2a: Cute Ogre|5\/100 psn|[from] psn\n|upkeep\n|turn|18\n|c|\u2606NeonLegacy|:(\n|c|\u2606NeonLegacy|:(\n|c|\u2606NeonLegacy|:#\n|c|\u2606NeonLegacy|that was me cursing\n|\n|t:|1699971445\n|switch|p1a: Salandit|Salandit, F|81\/100\n|move|p2a: Cute Ogre|Play Rough|p1a: Salandit\n|-resisted|p1a: Salandit\n|-damage|p1a: Salandit|63\/100\n|\n|-heal|p1a: Salandit|69\/100|[from] item: Leftovers\n|-damage|p2a: Cute Ogre|0 fnt|[from] psn\n|faint|p2a: Cute Ogre\n|\n|win|RetroGameBoy\n|upkeep\n|raw|RetroGameBoy's rating: 1055 &rarr; <strong>1088<\/strong><br \/>(+33 for winning)\n|raw|NeonLegacy's rating: 1073 &rarr; <strong>1051<\/strong><br \/>(-22 for losing)\n|c|\u2606NeonLegacy|gg\n|c|\u2606RetroGameBoy|no hard feelings right?\n|c|\u2606RetroGameBoy|gg\n|c|\u2606NeonLegacy|no hard feelings\n","uploadtime":1699971469,"views":35,"p1id":"retrogameboy","p2id":"neonlegacy","formatid":"gen9nationaldexubers","rating":1051,"private":0,"password":""}