{"id":"gen9nationaldexubers-1998119328","p1":"UncleShannon","p2":"zhiyue","format":"[Gen 9] National Dex Ubers","log":"|j|\u2606UncleShannon\n|j|\u2606zhiyue\n|t:|1700894782\n|gametype|singles\n|player|p1|UncleShannon|brawly|1665\n|player|p2|zhiyue|ghetsis-gen5bw|1568\n|teamsize|p1|6\n|teamsize|p2|6\n|gen|9\n|tier|[Gen 9] National Dex Ubers\n|rated|\n|rule|HP Percentage Mod: HP is shown in percentages\n|rule|Endless Battle Clause: Forcing endless battles is banned\n|rule|OHKO Clause: OHKO moves are banned\n|rule|Evasion Moves Clause: Evasion moves are banned\n|rule|Evasion Items Clause: Evasion items are banned\n|rule|Species Clause: Limit one of each Pok\u00e9mon\n|rule|Sleep Clause Mod: Limit one foe put to sleep\n|rule|Mega Rayquaza Clause: You cannot mega evolve Rayquaza\n|clearpoke\n|poke|p1|Salamence, M|\n|poke|p1|Necrozma-Dusk-Mane|\n|poke|p1|Ho-Oh|\n|poke|p1|Arceus-Ground|\n|poke|p1|Eternatus|\n|poke|p1|Mewtwo|\n|poke|p2|Arceus|\n|poke|p2|Lunala|\n|poke|p2|Necrozma-Dusk-Mane|\n|poke|p2|Ursaluna, M|\n|poke|p2|Calyrex-Ice|\n|poke|p2|Melmetal|\n|teampreview\n|inactive|Battle timer is ON: inactive players will automatically lose when time's up. (requested by UncleShannon)\n|c|\u2606UncleShannon|Hf\n|\n|t:|1700894804\n|start\n|switch|p1a: Necrozma|Necrozma-Dusk-Mane|100\/100\n|switch|p2a: Necrozma|Necrozma-Dusk-Mane|100\/100\n|turn|1\n|\n|t:|1700894811\n|move|p1a: Necrozma|Stealth Rock|p2a: Necrozma\n|-sidestart|p2: zhiyue|move: Stealth Rock\n|move|p2a: Necrozma|Trick Room|p2a: Necrozma\n|-fieldstart|move: Trick Room|[of] p2a: Necrozma\n|\n|upkeep\n|turn|2\n|\n|t:|1700894816\n|move|p2a: Necrozma|Earthquake|p1a: Necrozma\n|-supereffective|p1a: Necrozma\n|-damage|p1a: Necrozma|57\/100\n|move|p1a: Necrozma|Iron Head|p2a: Necrozma\n|-resisted|p2a: Necrozma\n|-damage|p2a: Necrozma|86\/100\n|\n|-heal|p1a: Necrozma|63\/100|[from] item: Leftovers\n|upkeep\n|turn|3\n|\n|t:|1700894821\n|move|p2a: Necrozma|Earthquake|p1a: Necrozma\n|-supereffective|p1a: Necrozma\n|-damage|p1a: Necrozma|21\/100\n|move|p1a: Necrozma|Morning Sun|p1a: Necrozma\n|-heal|p1a: Necrozma|71\/100\n|\n|-heal|p1a: Necrozma|77\/100|[from] item: Leftovers\n|upkeep\n|turn|4\n|\n|t:|1700894825\n|switch|p1a: Salamence|Salamence, M|100\/100\n|-ability|p1a: Salamence|Intimidate|boost\n|-unboost|p2a: Necrozma|atk|1\n|move|p2a: Necrozma|Earthquake|p1a: Salamence\n|-immune|p1a: Salamence\n|\n|upkeep\n|turn|5\n|\n|t:|1700894832\n|move|p2a: Necrozma|Stone Edge|p1a: Salamence\n|-supereffective|p1a: Salamence\n|-damage|p1a: Salamence|41\/100\n|move|p1a: Salamence|Wish|p1a: Salamence\n|\n|-fieldend|move: Trick Room\n|upkeep\n|turn|6\n|\n|t:|1700894847\n|move|p1a: Salamence|Roost|p1a: Salamence\n|-heal|p1a: Salamence|91\/100\n|-singleturn|p1a: Salamence|move: Roost\n|move|p2a: Necrozma|Trick Room|p2a: Necrozma\n|-fieldstart|move: Trick Room|[of] p2a: Necrozma\n|\n|-heal|p1a: Salamence|100\/100|[from] move: Wish|[wisher] Salamence\n|upkeep\n|turn|7\n|\n|t:|1700894851\n|switch|p1a: Arceus|Arceus-Ground|100\/100\n|move|p2a: Necrozma|Stone Edge|p1a: Arceus\n|-resisted|p1a: Arceus\n|-crit|p1a: Arceus\n|-damage|p1a: Arceus|81\/100\n|\n|upkeep\n|turn|8\n|\n|t:|1700894861\n|move|p2a: Necrozma|Earthquake|p1a: Arceus\n|-damage|p1a: Arceus|65\/100\n|move|p1a: Arceus|Judgment|p2a: Necrozma\n|-supereffective|p2a: Necrozma\n|-damage|p2a: Necrozma|30\/100\n|-enditem|p2a: Necrozma|Weakness Policy\n|-boost|p2a: Necrozma|atk|2|[from] item: Weakness Policy\n|-boost|p2a: Necrozma|spa|2|[from] item: Weakness Policy\n|\n|upkeep\n|turn|9\n|\n|t:|1700894871\n|move|p2a: Necrozma|Earthquake|p1a: Arceus\n|-damage|p1a: Arceus|25\/100\n|move|p1a: Arceus|Recover|p1a: Arceus\n|-heal|p1a: Arceus|75\/100\n|\n|upkeep\n|turn|10\n|\n|t:|1700894881\n|switch|p2a: Calyrex|Calyrex-Ice|100\/100\n|-ability|p2a: Calyrex|As One\n|-ability|p2a: Calyrex|Unnerve\n|-damage|p2a: Calyrex|75\/100|[from] Stealth Rock\n|move|p1a: Arceus|Judgment|p2a: Calyrex\n|-damage|p2a: Calyrex|44\/100\n|\n|-fieldend|move: Trick Room\n|upkeep\n|turn|11\n|\n|t:|1700894892\n|move|p1a: Arceus|Roar|p2a: Calyrex\n|drag|p2a: Arceus|Arceus|100\/100\n|-damage|p2a: Arceus|88\/100|[from] Stealth Rock\n|\n|upkeep\n|turn|12\n|\n|t:|1700894896\n|move|p1a: Arceus|Judgment|p2a: Arceus\n|-damage|p2a: Arceus|58\/100\n|move|p2a: Arceus|Trick Room|p2a: Arceus\n|-fieldstart|move: Trick Room|[of] p2a: Arceus\n|\n|upkeep\n|turn|13\n|\n|t:|1700894910\n|switch|p2a: Necrozma|Necrozma-Dusk-Mane|30\/100\n|-damage|p2a: Necrozma|24\/100|[from] Stealth Rock\n|switch|p1a: Necrozma|Necrozma-Dusk-Mane|77\/100\n|\n|-heal|p1a: Necrozma|83\/100|[from] item: Leftovers\n|upkeep\n|turn|14\n|\n|t:|1700894916\n|switch|p1a: Salamence|Salamence, M|100\/100\n|-ability|p1a: Salamence|Intimidate|boost\n|-unboost|p2a: Necrozma|atk|1\n|move|p2a: Necrozma|Earthquake|p1a: Salamence\n|-immune|p1a: Salamence\n|\n|upkeep\n|turn|15\n|\n|t:|1700894922\n|move|p2a: Necrozma|Stone Edge|p1a: Salamence\n|-supereffective|p1a: Salamence\n|-damage|p1a: Salamence|49\/100\n|move|p1a: Salamence|Roost|p1a: Salamence\n|-heal|p1a: Salamence|99\/100\n|-singleturn|p1a: Salamence|move: Roost\n|\n|upkeep\n|turn|16\n|\n|t:|1700894930\n|switch|p1a: Arceus|Arceus-Ground|75\/100\n|move|p2a: Necrozma|Stone Edge|p1a: Arceus\n|-resisted|p1a: Arceus\n|-damage|p1a: Arceus|67\/100\n|\n|-fieldend|move: Trick Room\n|upkeep\n|turn|17\n|\n|t:|1700894935\n|move|p1a: Arceus|Recover|p1a: Arceus\n|-heal|p1a: Arceus|100\/100\n|move|p2a: Necrozma|Trick Room|p2a: Necrozma\n|-fieldstart|move: Trick Room|[of] p2a: Necrozma\n|\n|upkeep\n|turn|18\n|\n|t:|1700894941\n|switch|p1a: Salamence|Salamence, M|99\/100\n|-ability|p1a: Salamence|Intimidate|boost\n|-unboost|p2a: Necrozma|atk|1\n|move|p2a: Necrozma|Sunsteel Strike|p1a: Salamence\n|-damage|p1a: Salamence|68\/100\n|\n|upkeep\n|turn|19\n|\n|t:|1700894948\n|switch|p2a: Calyrex|Calyrex-Ice|44\/100\n|-ability|p2a: Calyrex|As One\n|-ability|p2a: Calyrex|Unnerve\n|-damage|p2a: Calyrex|19\/100|[from] Stealth Rock\n|move|p1a: Salamence|Roost|p1a: Salamence\n|-heal|p1a: Salamence|100\/100\n|-singleturn|p1a: Salamence|move: Roost\n|\n|upkeep\n|turn|20\n|\n|t:|1700894958\n|switch|p1a: Necrozma|Necrozma-Dusk-Mane|83\/100\n|move|p2a: Calyrex|Glacial Lance|p1a: Necrozma\n|-resisted|p1a: Necrozma\n|-damage|p1a: Necrozma|49\/100\n|-damage|p2a: Calyrex|9\/100|[from] item: Life Orb\n|\n|-heal|p1a: Necrozma|55\/100|[from] item: Leftovers\n|upkeep\n|turn|21\n|\n|t:|1700894968\n|switch|p1a: Ho-Oh|Ho-Oh|100\/100\n|move|p2a: Calyrex|Close Combat|p1a: Ho-Oh\n|-resisted|p1a: Ho-Oh\n|-damage|p1a: Ho-Oh|74\/100\n|-unboost|p2a: Calyrex|def|1\n|-unboost|p2a: Calyrex|spd|1\n|-damage|p2a: Calyrex|0 fnt|[from] item: Life Orb\n|faint|p2a: Calyrex\n|\n|-fieldend|move: Trick Room\n|upkeep\n|\n|t:|1700894976\n|switch|p2a: Arceus|Arceus|58\/100\n|-damage|p2a: Arceus|46\/100|[from] Stealth Rock\n|turn|22\n|\n|t:|1700894979\n|move|p1a: Ho-Oh|Whirlwind|p2a: Arceus\n|drag|p2a: Melmetal|Melmetal|100\/100\n|-damage|p2a: Melmetal|94\/100|[from] Stealth Rock\n|\n|upkeep\n|turn|23\n|\n|t:|1700894989\n|switch|p2a: Necrozma|Necrozma-Dusk-Mane|24\/100\n|-damage|p2a: Necrozma|18\/100|[from] Stealth Rock\n|move|p1a: Ho-Oh|Sacred Fire|p2a: Necrozma\n|-supereffective|p2a: Necrozma\n|-damage|p2a: Necrozma|0 fnt\n|faint|p2a: Necrozma\n|\n|upkeep\n|\n|t:|1700894992\n|switch|p2a: Lunala|Lunala|100\/100\n|-damage|p2a: Lunala|88\/100|[from] Stealth Rock\n|turn|24\n|\n|t:|1700894996\n|move|p1a: Ho-Oh|Whirlwind|p2a: Lunala\n|drag|p2a: Melmetal|Melmetal|94\/100\n|-damage|p2a: Melmetal|88\/100|[from] Stealth Rock\n|\n|upkeep\n|turn|25\n|\n|t:|1700895003\n|-terastallize|p2a: Melmetal|Steel\n|move|p1a: Ho-Oh|Sacred Fire|p2a: Melmetal\n|-supereffective|p2a: Melmetal\n|-damage|p2a: Melmetal|40\/100\n|-status|p2a: Melmetal|brn\n|move|p2a: Melmetal|Double Iron Bash|p1a: Ho-Oh\n|-resisted|p1a: Ho-Oh\n|-damage|p1a: Ho-Oh|59\/100\n|-resisted|p1a: Ho-Oh\n|-damage|p1a: Ho-Oh|43\/100\n|-hitcount|p1a: Ho-Oh|2\n|\n|-damage|p2a: Melmetal|34\/100 brn|[from] brn\n|upkeep\n|turn|26\n|c|\u2606UncleShannon|Gg?\n|\n|t:|1700895015\n|move|p1a: Ho-Oh|Roost|p1a: Ho-Oh\n|-heal|p1a: Ho-Oh|94\/100\n|-singleturn|p1a: Ho-Oh|move: Roost\n|move|p2a: Melmetal|Double Iron Bash|p1a: Ho-Oh\n|-resisted|p1a: Ho-Oh\n|-damage|p1a: Ho-Oh|78\/100\n|-resisted|p1a: Ho-Oh\n|-damage|p1a: Ho-Oh|64\/100\n|-hitcount|p1a: Ho-Oh|2\n|\n|-damage|p2a: Melmetal|28\/100 brn|[from] brn\n|upkeep\n|turn|27\n|-message|zhiyue forfeited.\n|\n|win|UncleShannon\n|raw|UncleShannon's rating: 1665 &rarr; <strong>1680<\/strong><br \/>(+15 for winning)\n|raw|zhiyue's rating: 1568 &rarr; <strong>1553<\/strong><br \/>(-15 for losing)\n|c|\u2606UncleShannon|Gg\n","uploadtime":1700895023,"views":1,"p1id":"uncleshannon","p2id":"zhiyue","formatid":"gen9nationaldexubers","rating":1553,"private":0,"password":""}