{"id":"gen9nationaldexubers-1991243676","p1":"PaleSwordsman_666","p2":"Mopdop","format":"[Gen 9] National Dex Ubers","log":"|j|\u2606PaleSwordsman_666\n|j|\u2606Mopdop\n|t:|1700060667\n|gametype|singles\n|player|p1|PaleSwordsman_666|cynthia-gen4|\n|player|p2|Mopdop|drayden|\n|teamsize|p1|6\n|teamsize|p2|6\n|gen|9\n|tier|[Gen 9] National Dex Ubers\n|rule|HP Percentage Mod: HP is shown in percentages\n|rule|Endless Battle Clause: Forcing endless battles is banned\n|rule|OHKO Clause: OHKO moves are banned\n|rule|Evasion Moves Clause: Evasion moves are banned\n|rule|Evasion Items Clause: Evasion items are banned\n|rule|Species Clause: Limit one of each Pok\u00e9mon\n|rule|Sleep Clause Mod: Limit one foe put to sleep\n|rule|Mega Rayquaza Clause: You cannot mega evolve Rayquaza\n|clearpoke\n|poke|p1|Zekrom|\n|poke|p1|Deoxys-Attack|\n|poke|p1|Darkrai|\n|poke|p1|Necrozma-Dusk-Mane|\n|poke|p1|Arceus-Water|\n|poke|p1|Steelix, M|\n|poke|p2|Kartana|\n|poke|p2|Iron Bundle|\n|poke|p2|Salazzle, F|\n|poke|p2|Darkrai|\n|poke|p2|Buzzwole|\n|poke|p2|Slowbro, F|\n|teampreview\n|inactive|Battle timer is ON: inactive players will automatically lose when time's up. (requested by Mopdop)\n|l|\u2606PaleSwordsman_666\n|inactive|PaleSwordsman_666 disconnected and has 300 seconds to reconnect!\n|player|p1|\n|j|\u2606PaleSwordsman_666\n|inactive|PaleSwordsman_666 reconnected and has 295 seconds left.\n|player|p1|PaleSwordsman_666|cynthia-gen4\n|\n|t:|1700060688\n|start\n|switch|p1a: Pecial|Steelix, M|100\/100\n|switch|p2a: Pau Mush|Darkrai|100\/100\n|turn|1\n|\n|t:|1700060693\n|detailschange|p1a: Pecial|Steelix-Mega, M\n|-mega|p1a: Pecial|Steelix|Steelixite\n|move|p2a: Pau Mush|Hypnosis|p1a: Pecial|[miss]\n|-miss|p2a: Pau Mush|p1a: Pecial\n|move|p1a: Pecial|Stealth Rock|p2a: Pau Mush\n|-sidestart|p2: Mopdop|move: Stealth Rock\n|\n|upkeep\n|turn|2\n|\n|t:|1700060702\n|move|p2a: Pau Mush|Hypnosis|p1a: Pecial|[miss]\n|-miss|p2a: Pau Mush|p1a: Pecial\n|move|p1a: Pecial|Gyro Ball|p2a: Pau Mush\n|-damage|p2a: Pau Mush|1\/100\n|\n|-heal|p2a: Pau Mush|7\/100|[from] item: Leftovers\n|upkeep\n|turn|3\n|\n|t:|1700060711\n|move|p2a: Pau Mush|Hypnosis|p1a: Pecial|[miss]\n|-miss|p2a: Pau Mush|p1a: Pecial\n|move|p1a: Pecial|Gyro Ball|p2a: Pau Mush\n|-damage|p2a: Pau Mush|0 fnt\n|faint|p2a: Pau Mush\n|\n|upkeep\n|\n|t:|1700060715\n|switch|p2a: Cafet\u00e3o|Kartana|100\/100\n|-damage|p2a: Cafet\u00e3o|94\/100|[from] Stealth Rock\n|turn|4\n|\n|t:|1700060722\n|move|p2a: Cafet\u00e3o|Leaf Blade|p1a: Pecial\n|-crit|p1a: Pecial\n|-damage|p1a: Pecial|57\/100\n|move|p1a: Pecial|Curse|p1a: Pecial\n|-unboost|p1a: Pecial|spe|1\n|-boost|p1a: Pecial|atk|1\n|-boost|p1a: Pecial|def|1\n|\n|upkeep\n|turn|5\n|\n|t:|1700060728\n|move|p2a: Cafet\u00e3o|Sacred Sword|p1a: Pecial\n|-supereffective|p1a: Pecial\n|-damage|p1a: Pecial|21\/100\n|move|p1a: Pecial|Gyro Ball|p2a: Cafet\u00e3o\n|-resisted|p2a: Cafet\u00e3o\n|-damage|p2a: Cafet\u00e3o|26\/100\n|\n|upkeep\n|turn|6\n|\n|t:|1700060740\n|move|p2a: Cafet\u00e3o|Sacred Sword|p1a: Pecial\n|-supereffective|p1a: Pecial\n|-damage|p1a: Pecial|0 fnt\n|faint|p1a: Pecial\n|-ability|p2a: Cafet\u00e3o|Beast Boost|boost\n|-boost|p2a: Cafet\u00e3o|atk|1\n|\n|upkeep\n|\n|t:|1700060743\n|switch|p1a: Filhodaput4|Deoxys-Attack|100\/100\n|-ability|p1a: Filhodaput4|Pressure\n|turn|7\n|\n|t:|1700060746\n|move|p1a: Filhodaput4|Dark Pulse|p2a: Cafet\u00e3o\n|-damage|p2a: Cafet\u00e3o|0 fnt\n|faint|p2a: Cafet\u00e3o\n|\n|upkeep\n|\n|t:|1700060751\n|switch|p2a: Mimoso|Slowbro, F|100\/100\n|-damage|p2a: Mimoso|88\/100|[from] Stealth Rock\n|turn|8\n|\n|t:|1700060756\n|detailschange|p2a: Mimoso|Slowbro-Mega, F\n|-mega|p2a: Mimoso|Slowbro|Slowbronite\n|move|p1a: Filhodaput4|Dark Pulse|p2a: Mimoso\n|-supereffective|p2a: Mimoso\n|-damage|p2a: Mimoso|14\/100\n|move|p2a: Mimoso|Thunder Wave|p1a: Filhodaput4\n|-status|p1a: Filhodaput4|par\n|\n|upkeep\n|turn|9\n|\n|t:|1700060764\n|cant|p1a: Filhodaput4|par\n|move|p2a: Mimoso|Flamethrower|p1a: Filhodaput4\n|-enditem|p1a: Filhodaput4|Focus Sash\n|-damage|p1a: Filhodaput4|1\/100 par\n|\n|upkeep\n|turn|10\n|\n|t:|1700060779\n|move|p1a: Filhodaput4|Psycho Boost|p2a: Mimoso|[miss]\n|-miss|p1a: Filhodaput4|p2a: Mimoso\n|move|p2a: Mimoso|Flamethrower|p1a: Filhodaput4\n|-damage|p1a: Filhodaput4|0 fnt\n|faint|p1a: Filhodaput4\n|\n|upkeep\n|\n|t:|1700060792\n|switch|p1a: Kevin Al-Hilal|Arceus-Water|100\/100\n|turn|11\n|\n|t:|1700060796\n|move|p1a: Kevin Al-Hilal|Judgment|p2a: Mimoso\n|-resisted|p2a: Mimoso\n|-damage|p2a: Mimoso|0 fnt\n|faint|p2a: Mimoso\n|\n|upkeep\n|\n|t:|1700060802\n|switch|p2a: Gayreio|Iron Bundle|100\/100\n|turn|12\n|\n|t:|1700060806\n|move|p2a: Gayreio|Freeze-Dry|p1a: Kevin Al-Hilal\n|-supereffective|p1a: Kevin Al-Hilal\n|-damage|p1a: Kevin Al-Hilal|54\/100\n|move|p1a: Kevin Al-Hilal|Toxic|p2a: Gayreio\n|-status|p2a: Gayreio|tox\n|\n|-damage|p2a: Gayreio|95\/100 tox|[from] psn\n|upkeep\n|turn|13\n|\n|t:|1700060815\n|switch|p1a: i|Necrozma-Dusk-Mane|100\/100\n|move|p2a: Gayreio|Freeze-Dry|p1a: i\n|-resisted|p1a: i\n|-damage|p1a: i|85\/100\n|\n|-damage|p2a: Gayreio|83\/100 tox|[from] psn\n|upkeep\n|turn|14\n|\n|t:|1700060826\n|move|p2a: Gayreio|Hydro Pump|p1a: i\n|-damage|p1a: i|37\/100\n|move|p1a: i|Autotomize|p1a: i\n|-boost|p1a: i|spe|2\n|-start|p1a: i|Autotomize\n|\n|-damage|p2a: Gayreio|65\/100 tox|[from] psn\n|upkeep\n|turn|15\n|\n|t:|1700060842\n|move|p1a: i|Sunsteel Strike|p2a: Gayreio\n|-damage|p2a: Gayreio|0 fnt\n|faint|p2a: Gayreio\n|-end|p2a: Gayreio|Quark Drive|[silent]\n|\n|upkeep\n|\n|t:|1700060852\n|switch|p2a: Pret\u00e3o|Buzzwole|100\/100\n|turn|16\n|\n|t:|1700060857\n|-terastallize|p2a: Pret\u00e3o|Bug\n|move|p1a: i|Sunsteel Strike|p2a: Pret\u00e3o\n|-damage|p2a: Pret\u00e3o|62\/100\n|move|p2a: Pret\u00e3o|Darkest Lariat|p1a: i\n|-supereffective|p1a: i\n|-crit|p1a: i\n|-damage|p1a: i|0 fnt\n|faint|p1a: i\n|-ability|p2a: Pret\u00e3o|Beast Boost|boost\n|-boost|p2a: Pret\u00e3o|atk|1\n|\n|upkeep\n|\n|t:|1700060871\n|switch|p1a: Pau Mush|Darkrai|100\/100\n|turn|17\n|\n|t:|1700060893\n|-zpower|p1a: Pau Mush\n|move|p1a: Pau Mush|Black Hole Eclipse|p2a: Pret\u00e3o|[zeffect]\n|-damage|p2a: Pret\u00e3o|0 fnt\n|faint|p2a: Pret\u00e3o\n|\n|upkeep\n|\n|t:|1700060901\n|switch|p2a: Travesti|Salazzle, F|100\/100\n|-damage|p2a: Travesti|76\/100|[from] Stealth Rock\n|turn|18\n|\n|t:|1700060919\n|move|p2a: Travesti|Protect|p2a: Travesti\n|-singleturn|p2a: Travesti|Protect\n|move|p1a: Pau Mush|Hypnosis|p2a: Travesti\n|-activate|p2a: Travesti|move: Protect\n|\n|-heal|p2a: Travesti|82\/100|[from] item: Black Sludge\n|upkeep\n|turn|19\n|\n|t:|1700060926\n|move|p1a: Pau Mush|Hypnosis|p2a: Travesti\n|-status|p2a: Travesti|slp|[from] move: Hypnosis\n|cant|p2a: Travesti|slp\n|\n|-heal|p2a: Travesti|88\/100 slp|[from] item: Black Sludge\n|-damage|p2a: Travesti|76\/100 slp|[from] ability: Bad Dreams|[of] p1a: Pau Mush\n|upkeep\n|turn|20\n|-message|Mopdop forfeited.\n|\n|win|PaleSwordsman_666\n|l|\u2606Mopdop\n","uploadtime":1700061004,"views":6,"p1id":"paleswordsman666","p2id":"mopdop","formatid":"gen9nationaldexubers","rating":0,"private":0,"password":""}