{"id":"gen9nationaldexubers-1983933687","p1":"CircuitBattler32","p2":"Loin Street","format":"[Gen 9] National Dex Ubers","log":"|j|\u2606CircuitBattler32\n|j|\u2606Loin Street\n|t:|1699201530\n|gametype|singles\n|player|p1|CircuitBattler32|pilot|1049\n|player|p2|Loin Street|koga|1041\n|teamsize|p1|6\n|teamsize|p2|6\n|gen|9\n|tier|[Gen 9] National Dex Ubers\n|rated|\n|rule|HP Percentage Mod: HP is shown in percentages\n|rule|Endless Battle Clause: Forcing endless battles is banned\n|rule|OHKO Clause: OHKO moves are banned\n|rule|Evasion Moves Clause: Evasion moves are banned\n|rule|Evasion Items Clause: Evasion items are banned\n|rule|Species Clause: Limit one of each Pok\u00e9mon\n|rule|Sleep Clause Mod: Limit one foe put to sleep\n|rule|Mega Rayquaza Clause: You cannot mega evolve Rayquaza\n|clearpoke\n|poke|p1|Eternatus|\n|poke|p1|Salamence, M|\n|poke|p1|Zoroark-Hisui, F|\n|poke|p1|Gallade, M|\n|poke|p1|Galvantula, M|\n|poke|p1|Great Tusk|\n|poke|p2|Keldeo-Resolute|\n|poke|p2|Minior-Yellow|\n|poke|p2|Diancie|\n|poke|p2|Darmanitan-Galar, M|\n|poke|p2|Suicune|\n|poke|p2|Celesteela|\n|teampreview\n|\n|t:|1699201540\n|start\n|switch|p1a: Jolt|Galvantula, M|100\/100\n|switch|p2a: Diancie|Diancie|100\/100\n|turn|1\n|\n|t:|1699201546\n|detailschange|p2a: Diancie|Diancie-Mega\n|-mega|p2a: Diancie|Diancie|Diancite\n|move|p2a: Diancie|Diamond Storm|p1a: Jolt\n|-supereffective|p1a: Jolt\n|-enditem|p1a: Jolt|Focus Sash\n|-damage|p1a: Jolt|1\/100\n|-boost|p2a: Diancie|def|2\n|move|p1a: Jolt|Thunder|p2a: Diancie\n|-damage|p2a: Diancie|34\/100\n|\n|upkeep\n|turn|2\n|\n|t:|1699201555\n|move|p2a: Diancie|Moonblast|p1a: Jolt\n|-damage|p1a: Jolt|0 fnt\n|faint|p1a: Jolt\n|\n|upkeep\n|c|\u2606CircuitBattler32|;-;\n|c|\u2606CircuitBattler32|Maybe I should remove Blakd\n|c|\u2606CircuitBattler32|I have a massive fairy weakness :(\n|\n|t:|1699201600\n|switch|p1a: Blake|Gallade, M, shiny|100\/100\n|turn|3\n|\n|t:|1699201608\n|move|p2a: Diancie|Moonblast|p1a: Blake\n|-supereffective|p1a: Blake\n|-damage|p1a: Blake|0 fnt\n|faint|p1a: Blake\n|\n|upkeep\n|\n|t:|1699201618\n|switch|p1a: Core|Eternatus, shiny|100\/100\n|turn|4\n|\n|t:|1699201623\n|replace|p1a: Dark Mist|Zoroark-Hisui, F, shiny\n|-end|p1a: Dark Mist|Illusion\n|-zpower|p1a: Dark Mist\n|move|p1a: Dark Mist|Never-Ending Nightmare|p2a: Diancie|[zeffect]\n|-damage|p2a: Diancie|0 fnt\n|faint|p2a: Diancie\n|\n|upkeep\n|c|\u2606CircuitBattler32|YES!\n|\n|t:|1699201635\n|switch|p2a: Darmanitan|Darmanitan-Galar, M|100\/100\n|turn|5\n|\n|t:|1699201639\n|move|p2a: Darmanitan|Icicle Crash|p1a: Dark Mist|[miss]\n|-miss|p2a: Darmanitan|p1a: Dark Mist\n|move|p1a: Dark Mist|Flamethrower|p2a: Darmanitan\n|-supereffective|p2a: Darmanitan\n|-damage|p2a: Darmanitan|8\/100\n|\n|upkeep\n|turn|6\n|c|\u2606CircuitBattler32|OoO\n|\n|t:|1699201649\n|move|p2a: Darmanitan|Icicle Crash|p1a: Dark Mist\n|-damage|p1a: Dark Mist|0 fnt\n|faint|p1a: Dark Mist\n|\n|upkeep\n|c|\u2606CircuitBattler32|Aw :(\n|\n|t:|1699201656\n|switch|p1a: Alexander|Great Tusk|100\/100\n|turn|7\n|\n|t:|1699201683\n|switch|p2a: Suicune|Suicune|100\/100\n|-ability|p2a: Suicune|Pressure\n|move|p1a: Alexander|Brick Break|p2a: Suicune\n|-damage|p2a: Suicune|77\/100\n|\n|-heal|p2a: Suicune|83\/100|[from] item: Leftovers\n|upkeep\n|turn|8\n|\n|t:|1699201691\n|move|p1a: Alexander|Taunt|p2a: Suicune\n|-start|p2a: Suicune|move: Taunt\n|cant|p2a: Suicune|move: Taunt|Calm Mind\n|\n|-heal|p2a: Suicune|90\/100|[from] item: Leftovers\n|upkeep\n|turn|9\n|\n|t:|1699201697\n|move|p1a: Alexander|Headlong Rush|p2a: Suicune\n|-damage|p2a: Suicune|51\/100\n|-unboost|p1a: Alexander|def|1\n|-unboost|p1a: Alexander|spd|1\n|move|p2a: Suicune|Scald|p1a: Alexander\n|-supereffective|p1a: Alexander\n|-damage|p1a: Alexander|0 fnt\n|faint|p1a: Alexander\n|-end|p1a: Alexander|Protosynthesis|[silent]\n|\n|-heal|p2a: Suicune|58\/100|[from] item: Leftovers\n|upkeep\n|\n|t:|1699201709\n|switch|p1a: Core|Eternatus, shiny|100\/100\n|-ability|p1a: Core|Pressure\n|turn|10\n|\n|t:|1699201715\n|switch|p2a: Celesteela|Celesteela|100\/100\n|move|p1a: Core|Cosmic Power|p1a: Core\n|-boost|p1a: Core|def|1\n|-boost|p1a: Core|spd|1\n|\n|upkeep\n|turn|11\n|\n|t:|1699201723\n|move|p1a: Core|Cosmic Power|p1a: Core\n|-boost|p1a: Core|def|1\n|-boost|p1a: Core|spd|1\n|move|p2a: Celesteela|Autotomize|p2a: Celesteela\n|-boost|p2a: Celesteela|spe|2\n|-start|p2a: Celesteela|Autotomize\n|\n|upkeep\n|turn|12\n|\n|t:|1699201729\n|move|p1a: Core|Cosmic Power|p1a: Core\n|-boost|p1a: Core|def|1\n|-boost|p1a: Core|spd|1\n|move|p2a: Celesteela|Air Slash|p1a: Core\n|-damage|p1a: Core|88\/100\n|\n|upkeep\n|turn|13\n|\n|t:|1699201738\n|move|p1a: Core|Cosmic Power|p1a: Core\n|-boost|p1a: Core|def|1\n|-boost|p1a: Core|spd|1\n|move|p2a: Celesteela|Air Slash|p1a: Core\n|-damage|p1a: Core|78\/100\n|\n|upkeep\n|turn|14\n|c|\u2606CircuitBattler32|Nothing beats a good defense\n|\n|t:|1699201755\n|move|p1a: Core|Flamethrower|p2a: Celesteela\n|-supereffective|p2a: Celesteela\n|-damage|p2a: Celesteela|44\/100\n|-enditem|p2a: Celesteela|Weakness Policy\n|-boost|p2a: Celesteela|atk|2|[from] item: Weakness Policy\n|-boost|p2a: Celesteela|spa|2|[from] item: Weakness Policy\n|move|p2a: Celesteela|Air Slash|p1a: Core\n|-damage|p1a: Core|57\/100\n|\n|upkeep\n|turn|15\n|c|\u2606CircuitBattler32|O_O\n|c|\u2606CircuitBattler32|Oops\n|\n|t:|1699201886\n|move|p1a: Core|Flamethrower|p2a: Celesteela\n|-supereffective|p2a: Celesteela\n|-damage|p2a: Celesteela|0 fnt\n|faint|p2a: Celesteela\n|\n|upkeep\n|inactive|Battle timer is ON: inactive players will automatically lose when time's up. (requested by CircuitBattler32)\n|\n|t:|1699201902\n|switch|p2a: Darmanitan|Darmanitan-Galar, M|8\/100\n|turn|16\n|\n|t:|1699201909\n|move|p2a: Darmanitan|Icicle Crash|p1a: Core\n|-supereffective|p1a: Core\n|-damage|p1a: Core|15\/100\n|cant|p1a: Core|flinch\n|\n|upkeep\n|turn|17\n|\n|t:|1699201917\n|-terastallize|p1a: Core|Poison\n|move|p2a: Darmanitan|Icicle Crash|p1a: Core\n|-damage|p1a: Core|0 fnt\n|faint|p1a: Core\n|\n|upkeep\n|\n|t:|1699201923\n|switch|p1a: Aerial|Salamence, M|100\/100\n|-ability|p1a: Aerial|Intimidate|boost\n|-unboost|p2a: Darmanitan|atk|1\n|turn|18\n|\n|t:|1699201928\n|detailschange|p1a: Aerial|Salamence-Mega, M\n|-mega|p1a: Aerial|Salamence|Salamencite\n|move|p2a: Darmanitan|Icicle Crash|p1a: Aerial|[miss]\n|-miss|p2a: Darmanitan|p1a: Aerial\n|move|p1a: Aerial|Return|p2a: Darmanitan\n|-damage|p2a: Darmanitan|0 fnt\n|faint|p2a: Darmanitan\n|\n|upkeep\n|\n|t:|1699201932\n|switch|p2a: Minior|Minior-Yellow|100\/100\n|-formechange|p2a: Minior|Minior-Meteor||[from] ability: Shields Down\n|turn|19\n|c|\u2606CircuitBattler32|LET'S GOOOOOOO\n|\n|t:|1699201952\n|move|p1a: Aerial|Dragon Dance|p1a: Aerial\n|-boost|p1a: Aerial|atk|1\n|-boost|p1a: Aerial|spe|1\n|move|p2a: Minior|Shell Smash|p2a: Minior\n|-unboost|p2a: Minior|def|1\n|-unboost|p2a: Minior|spd|1\n|-boost|p2a: Minior|atk|2\n|-boost|p2a: Minior|spa|2\n|-boost|p2a: Minior|spe|2\n|-enditem|p2a: Minior|White Herb\n|-clearnegativeboost|p2a: Minior|[silent]\n|\n|upkeep\n|turn|20\n|inactive|CircuitBattler32 has 120 seconds left.\n|\n|t:|1699201986\n|move|p1a: Aerial|Return|p2a: Minior\n|-resisted|p2a: Minior\n|-damage|p2a: Minior|24\/100\n|move|p2a: Minior|Power Gem|p1a: Aerial\n|-supereffective|p1a: Aerial\n|-damage|p1a: Aerial|14\/100\n|\n|-formechange|p2a: Minior|Minior-Yellow||[from] ability: Shields Down\n|upkeep\n|turn|21\n|inactive|CircuitBattler32 has 120 seconds left.\n|\n|t:|1699201998\n|move|p2a: Minior|Acrobatics|p1a: Aerial\n|-damage|p1a: Aerial|0 fnt\n|faint|p1a: Aerial\n|\n|win|Loin Street\n|raw|CircuitBattler32's rating: 1049 &rarr; <strong>1031<\/strong><br \/>(-18 for losing)\n|raw|Loin Street's rating: 1041 &rarr; <strong>1076<\/strong><br \/>(+35 for winning)\n|l|\u2606CircuitBattler32\n","uploadtime":1699202017,"views":3,"p1id":"circuitbattler32","p2id":"loinstreet","formatid":"gen9nationaldexubers","rating":1031,"private":0,"password":""}