{"id":"gen9nationaldexubers-1983177294","p1":"Rhyfinn jr.","p2":"mynameispaimon","format":"[Gen 9] National Dex Ubers","log":"|j|\u2606Rhyfinn jr.\n|j|\u2606mynameispaimon\n|t:|1699100937\n|gametype|singles\n|player|p1|Rhyfinn jr.|ninjaboy|1168\n|player|p2|mynameispaimon|giovanni|1213\n|teamsize|p1|6\n|teamsize|p2|6\n|gen|9\n|tier|[Gen 9] National Dex Ubers\n|rated|\n|rule|HP Percentage Mod: HP is shown in percentages\n|rule|Endless Battle Clause: Forcing endless battles is banned\n|rule|OHKO Clause: OHKO moves are banned\n|rule|Evasion Moves Clause: Evasion moves are banned\n|rule|Evasion Items Clause: Evasion items are banned\n|rule|Species Clause: Limit one of each Pok\u00e9mon\n|rule|Sleep Clause Mod: Limit one foe put to sleep\n|rule|Mega Rayquaza Clause: You cannot mega evolve Rayquaza\n|clearpoke\n|poke|p1|Salamence, M|\n|poke|p1|Xerneas-*|\n|poke|p1|Ho-Oh|\n|poke|p1|Marshadow|\n|poke|p1|Groudon|\n|poke|p1|Urshifu-*, F|\n|poke|p2|Zygarde|\n|poke|p2|Xerneas-*|\n|poke|p2|Marshadow|\n|poke|p2|Mewtwo|\n|poke|p2|Yveltal|\n|poke|p2|Groudon|\n|teampreview\n|inactive|Battle timer is ON: inactive players will automatically lose when time's up. (requested by mynameispaimon)\n|inactive|Rhyfinn jr. also wants the timer to be on.\n|\n|t:|1699100942\n|start\n|switch|p1a: Urshifu|Urshifu, F|100\/100\n|switch|p2a: Zygarde|Zygarde|100\/100\n|turn|1\n|\n|t:|1699100955\n|move|p1a: Urshifu|Wicked Blow|p2a: Zygarde\n|-crit|p2a: Zygarde\n|-damage|p2a: Zygarde|57\/100\n|move|p2a: Zygarde|Thousand Waves|p1a: Urshifu\n|-damage|p1a: Urshifu|61\/100\n|-activate|p1a: Urshifu|trapped\n|\n|-heal|p2a: Zygarde|63\/100|[from] item: Leftovers\n|upkeep\n|turn|2\n|\n|t:|1699100963\n|move|p1a: Urshifu|Wicked Blow|p2a: Zygarde\n|-crit|p2a: Zygarde\n|-damage|p2a: Zygarde|21\/100\n|move|p2a: Zygarde|Dragon Dance|p2a: Zygarde\n|-boost|p2a: Zygarde|atk|1\n|-boost|p2a: Zygarde|spe|1\n|\n|-heal|p2a: Zygarde|27\/100|[from] item: Leftovers\n|-activate|p2a: Zygarde|ability: Power Construct\n|detailschange|p2a: Zygarde|Zygarde-Complete\n|-heal|p2a: Zygarde|54\/100|[silent]\n|upkeep\n|turn|3\n|\n|t:|1699100974\n|move|p1a: Urshifu|Wicked Blow|p2a: Zygarde\n|-crit|p2a: Zygarde\n|-damage|p2a: Zygarde|27\/100\n|move|p2a: Zygarde|Dragon Dance|p2a: Zygarde\n|-boost|p2a: Zygarde|atk|1\n|-boost|p2a: Zygarde|spe|1\n|\n|-heal|p2a: Zygarde|33\/100|[from] item: Leftovers\n|upkeep\n|turn|4\n|\n|t:|1699100982\n|move|p1a: Urshifu|Wicked Blow|p2a: Zygarde\n|-crit|p2a: Zygarde\n|-damage|p2a: Zygarde|8\/100\n|move|p2a: Zygarde|Rest|p2a: Zygarde\n|-status|p2a: Zygarde|slp|[from] move: Rest\n|-heal|p2a: Zygarde|100\/100 slp|[silent]\n|\n|upkeep\n|turn|5\n|\n|t:|1699100990\n|move|p1a: Urshifu|Wicked Blow|p2a: Zygarde\n|-crit|p2a: Zygarde\n|-damage|p2a: Zygarde|72\/100 slp\n|cant|p2a: Zygarde|slp\n|\n|-heal|p2a: Zygarde|78\/100 slp|[from] item: Leftovers\n|upkeep\n|turn|6\n|\n|t:|1699100998\n|move|p1a: Urshifu|Wicked Blow|p2a: Zygarde\n|-crit|p2a: Zygarde\n|-damage|p2a: Zygarde|51\/100 slp\n|cant|p2a: Zygarde|slp\n|\n|-heal|p2a: Zygarde|57\/100 slp|[from] item: Leftovers\n|upkeep\n|turn|7\n|\n|t:|1699101004\n|move|p1a: Urshifu|Wicked Blow|p2a: Zygarde\n|-crit|p2a: Zygarde\n|-damage|p2a: Zygarde|32\/100 slp\n|-curestatus|p2a: Zygarde|slp|[msg]\n|move|p2a: Zygarde|Dragon Dance|p2a: Zygarde\n|-boost|p2a: Zygarde|atk|1\n|-boost|p2a: Zygarde|spe|1\n|\n|-heal|p2a: Zygarde|38\/100|[from] item: Leftovers\n|upkeep\n|turn|8\n|\n|t:|1699101013\n|-terastallize|p2a: Zygarde|Fairy\n|move|p2a: Zygarde|Rest|p2a: Zygarde\n|-status|p2a: Zygarde|slp|[from] move: Rest\n|-heal|p2a: Zygarde|100\/100 slp|[silent]\n|move|p1a: Urshifu|Wicked Blow|p2a: Zygarde\n|-resisted|p2a: Zygarde\n|-crit|p2a: Zygarde\n|-damage|p2a: Zygarde|88\/100 slp\n|\n|-heal|p2a: Zygarde|94\/100 slp|[from] item: Leftovers\n|upkeep\n|turn|9\n|\n|t:|1699101024\n|cant|p2a: Zygarde|slp\n|-activate|p1a: Urshifu|move: Struggle\n|move|p1a: Urshifu|Struggle|p2a: Zygarde\n|-damage|p2a: Zygarde|86\/100 slp\n|-damage|p1a: Urshifu|36\/100|[from] recoil\n|\n|-heal|p2a: Zygarde|92\/100 slp|[from] item: Leftovers\n|upkeep\n|turn|10\n|\n|t:|1699101041\n|cant|p2a: Zygarde|slp\n|-activate|p1a: Urshifu|move: Struggle\n|move|p1a: Urshifu|Struggle|p2a: Zygarde\n|-crit|p2a: Zygarde\n|-damage|p2a: Zygarde|80\/100 slp\n|-damage|p1a: Urshifu|11\/100|[from] recoil\n|\n|-heal|p2a: Zygarde|86\/100 slp|[from] item: Leftovers\n|upkeep\n|turn|11\n|\n|t:|1699101049\n|-curestatus|p2a: Zygarde|slp|[msg]\n|move|p2a: Zygarde|Dragon Dance|p2a: Zygarde\n|-boost|p2a: Zygarde|atk|1\n|-boost|p2a: Zygarde|spe|1\n|-activate|p1a: Urshifu|move: Struggle\n|move|p1a: Urshifu|Struggle|p2a: Zygarde\n|-crit|p2a: Zygarde\n|-damage|p2a: Zygarde|74\/100\n|-damage|p1a: Urshifu|0 fnt|[from] recoil\n|faint|p1a: Urshifu\n|\n|-heal|p2a: Zygarde|80\/100|[from] item: Leftovers\n|upkeep\n|\n|t:|1699101054\n|switch|p1a: Marshadow|Marshadow|100\/100\n|turn|12\n|\n|t:|1699101064\n|move|p2a: Zygarde|Thousand Arrows|p1a: Marshadow\n|-crit|p1a: Marshadow\n|-enditem|p1a: Marshadow|Focus Sash\n|-damage|p1a: Marshadow|1\/100\n|move|p1a: Marshadow|Spectral Thief||[still]\n|-clearpositiveboost|p2a: Zygarde|p1a: Marshadow|move: Spectral Thief\n|-boost|p1a: Marshadow|atk|4\n|-boost|p1a: Marshadow|spe|4\n|-anim|p1a: Marshadow|Spectral Thief|p2a: Zygarde\n|-damage|p2a: Zygarde|26\/100\n|\n|-heal|p2a: Zygarde|32\/100|[from] item: Leftovers\n|upkeep\n|turn|13\n|c|\u2606mynameispaimon|i can steal ur stats again bro\n|\n|t:|1699101079\n|move|p1a: Marshadow|Spectral Thief|p2a: Zygarde\n|-damage|p2a: Zygarde|0 fnt\n|faint|p2a: Zygarde\n|\n|upkeep\n|\n|t:|1699101085\n|switch|p2a: Marshadow|Marshadow|100\/100\n|turn|14\n|\n|t:|1699101092\n|-terastallize|p1a: Marshadow|Normal\n|move|p1a: Marshadow|Spectral Thief|p2a: Marshadow\n|-supereffective|p2a: Marshadow\n|-enditem|p2a: Marshadow|Focus Sash\n|-damage|p2a: Marshadow|1\/100\n|move|p2a: Marshadow|Spectral Thief|p1a: Marshadow\n|-immune|p1a: Marshadow\n|\n|upkeep\n|turn|15\n|c|\u2606Rhyfinn jr.|bro\n|c|\u2606mynameispaimon|why\n|c|\u2606mynameispaimon|why u terrestalise\n|c|\u2606Rhyfinn jr.|this\n|c|\u2606mynameispaimon|nooo\n|c|\u2606Rhyfinn jr.|this is why\n|-message|mynameispaimon forfeited.\n|\n|win|Rhyfinn jr.\n|raw|Rhyfinn jr.'s rating: 1168 &rarr; <strong>1196<\/strong><br \/>(+28 for winning)\n|raw|mynameispaimon's rating: 1213 &rarr; <strong>1185<\/strong><br \/>(-28 for losing)\n|l|\u2606mynameispaimon\n","uploadtime":1699101127,"views":6,"p1id":"rhyfinnjr","p2id":"mynameispaimon","formatid":"gen9nationaldexubers","rating":1185,"private":0,"password":""}