{"id":"gen9nationaldexubers-1982157309","p1":"SerasVSpectra","p2":"SpookyMareep","format":"[Gen 9] National Dex Ubers","log":"|j|\u2606SerasVSpectra\n|j|\u2606SpookyMareep\n|t:|1698973783\n|gametype|singles\n|player|p1|SerasVSpectra|guitarist|1519\n|player|p2|SpookyMareep|scientistf|1548\n|teamsize|p1|6\n|teamsize|p2|6\n|gen|9\n|tier|[Gen 9] National Dex Ubers\n|rated|\n|rule|HP Percentage Mod: HP is shown in percentages\n|rule|Endless Battle Clause: Forcing endless battles is banned\n|rule|OHKO Clause: OHKO moves are banned\n|rule|Evasion Moves Clause: Evasion moves are banned\n|rule|Evasion Items Clause: Evasion items are banned\n|rule|Species Clause: Limit one of each Pok\u00e9mon\n|rule|Sleep Clause Mod: Limit one foe put to sleep\n|rule|Mega Rayquaza Clause: You cannot mega evolve Rayquaza\n|clearpoke\n|poke|p1|Deoxys-Attack|\n|poke|p1|Necrozma-Dawn-Wings|\n|poke|p1|Excadrill, M|\n|poke|p1|Indeedee, M|\n|poke|p1|Shuckle, F|\n|poke|p1|Groudon|\n|poke|p2|Ditto|\n|poke|p2|Marshadow|\n|poke|p2|Toxapex, M|\n|poke|p2|Quagsire, F|\n|poke|p2|Landorus-Therian, M|\n|poke|p2|Zacian-*|\n|teampreview\n|\n|t:|1698973788\n|start\n|switch|p1a: Shuckle|Shuckle, F|100\/100\n|switch|p2a: Its lit.|Marshadow|100\/100\n|turn|1\n|\n|t:|1698973793\n|move|p2a: Its lit.|Close Combat|p1a: Shuckle\n|-damage|p1a: Shuckle|65\/100\n|-unboost|p2a: Its lit.|def|1\n|-unboost|p2a: Its lit.|spd|1\n|-enditem|p1a: Shuckle|Red Card|[of] p2a: Its lit.\n|drag|p2a: Power Creep|Zacian-Crowned|100\/100\n|-ability|p2a: Power Creep|Intrepid Sword|boost\n|-boost|p2a: Power Creep|atk|1\n|move|p1a: Shuckle|Sticky Web|p2a: Power Creep\n|-sidestart|p2: SpookyMareep|move: Sticky Web\n|\n|upkeep\n|turn|2\n|\n|t:|1698973798\n|move|p2a: Power Creep|Behemoth Blade|p1a: Shuckle\n|-supereffective|p1a: Shuckle\n|-damage|p1a: Shuckle|0 fnt\n|faint|p1a: Shuckle\n|\n|upkeep\n|\n|t:|1698973804\n|switch|p1a: Groudon|Groudon, shiny|100\/100\n|detailschange|p1a: Groudon|Groudon-Primal, shiny\n|-primal|p1a: Groudon|Red Orb\n|-weather|DesolateLand|[from] ability: Desolate Land|[of] p1a: Groudon\n|turn|3\n|\n|t:|1698973810\n|switch|p2a: Stoopu Doopu|Toxapex, M|100\/100\n|-activate|p2a: Stoopu Doopu|move: Sticky Web\n|-unboost|p2a: Stoopu Doopu|spe|1\n|move|p1a: Groudon|Fire Punch|p2a: Stoopu Doopu\n|-resisted|p2a: Stoopu Doopu\n|-damage|p2a: Stoopu Doopu|75\/100\n|-damage|p1a: Groudon|84\/100|[from] item: Rocky Helmet|[of] p2a: Stoopu Doopu\n|\n|-weather|DesolateLand|[upkeep]\n|upkeep\n|turn|4\n|\n|t:|1698973814\n|switch|p2a: THIS IS PODRACING|Landorus-Therian, M|100\/100\n|-ability|p2a: THIS IS PODRACING|Intimidate|boost\n|-unboost|p1a: Groudon|atk|1\n|move|p1a: Groudon|Precipice Blades|p2a: THIS IS PODRACING\n|-immune|p2a: THIS IS PODRACING\n|\n|-weather|DesolateLand|[upkeep]\n|upkeep\n|turn|5\n|\n|t:|1698973819\n|-weather|none\n|switch|p1a: Excadrill|Excadrill, M|100\/100\n|-ability|p1a: Excadrill|Mold Breaker\n|-item|p1a: Excadrill|Air Balloon\n|move|p2a: THIS IS PODRACING|Earthquake|p1a: Excadrill\n|-immune|p1a: Excadrill\n|\n|upkeep\n|turn|6\n|\n|t:|1698973829\n|move|p2a: THIS IS PODRACING|Stone Edge|p1a: Excadrill\n|-resisted|p1a: Excadrill\n|-damage|p1a: Excadrill|86\/100\n|-enditem|p1a: Excadrill|Air Balloon\n|move|p1a: Excadrill|Rock Tomb|p2a: THIS IS PODRACING\n|-damage|p2a: THIS IS PODRACING|74\/100\n|-unboost|p2a: THIS IS PODRACING|spe|1\n|\n|upkeep\n|turn|7\n|\n|t:|1698973840\n|switch|p1a: Indeedee|Indeedee, M|100\/100\n|-fieldstart|move: Psychic Terrain|[from] ability: Psychic Surge|[of] p1a: Indeedee\n|move|p2a: THIS IS PODRACING|Defog|p1a: Indeedee\n|-unboost|p1a: Indeedee|evasion|1\n|-sideend|p2: SpookyMareep|Sticky Web|[from] move: Defog|[of] p2a: THIS IS PODRACING\n|-fieldend|move: Psychic Terrain\n|\n|upkeep\n|turn|8\n|\n|t:|1698973848\n|switch|p2a: Power Creep|Zacian-Crowned|100\/100\n|move|p1a: Indeedee|Expanding Force|p2a: Power Creep\n|-resisted|p2a: Power Creep\n|-damage|p2a: Power Creep|84\/100\n|\n|upkeep\n|turn|9\n|\n|t:|1698973854\n|switch|p2a: THIS IS PODRACING|Landorus-Therian, M|74\/100\n|-ability|p2a: THIS IS PODRACING|Intimidate|boost\n|-unboost|p1a: Indeedee|atk|1\n|move|p1a: Indeedee|Mystical Fire|p2a: THIS IS PODRACING\n|-damage|p2a: THIS IS PODRACING|44\/100\n|-unboost|p2a: THIS IS PODRACING|spa|1\n|\n|upkeep\n|turn|10\n|\n|t:|1698973864\n|switch|p2a: :)|Quagsire, F|100\/100\n|move|p1a: Indeedee|Expanding Force|p2a: :)\n|-damage|p2a: :)|58\/100\n|\n|upkeep\n|turn|11\n|\n|t:|1698973868\n|move|p1a: Indeedee|Expanding Force|p2a: :)\n|-damage|p2a: :)|17\/100\n|move|p2a: :)|Toxic|p1a: Indeedee\n|-status|p1a: Indeedee|tox\n|\n|-damage|p1a: Indeedee|94\/100 tox|[from] psn\n|upkeep\n|turn|12\n|\n|t:|1698973874\n|switch|p2a: Power Creep|Zacian-Crowned|84\/100\n|move|p1a: Indeedee|Expanding Force|p2a: Power Creep\n|-resisted|p2a: Power Creep\n|-damage|p2a: Power Creep|67\/100\n|\n|-damage|p1a: Indeedee|82\/100 tox|[from] psn\n|upkeep\n|turn|13\n|\n|t:|1698973897\n|switch|p2a: :)|Quagsire, F|17\/100\n|move|p1a: Indeedee|Mystical Fire|p2a: :)\n|-resisted|p2a: :)\n|-damage|p2a: :)|4\/100\n|-unboost|p2a: :)|spa|1\n|\n|-damage|p1a: Indeedee|64\/100 tox|[from] psn\n|upkeep\n|turn|14\n|\n|t:|1698973903\n|move|p1a: Indeedee|Expanding Force|p2a: :)\n|-damage|p2a: :)|0 fnt\n|faint|p2a: :)\n|\n|-damage|p1a: Indeedee|39\/100 tox|[from] psn\n|upkeep\n|\n|t:|1698973912\n|switch|p2a: Its lit.|Marshadow|100\/100\n|turn|15\n|\n|t:|1698973916\n|switch|p1a: Excadrill|Excadrill, M|86\/100\n|-ability|p1a: Excadrill|Mold Breaker\n|move|p2a: Its lit.|Close Combat|p1a: Excadrill\n|-supereffective|p1a: Excadrill\n|-damage|p1a: Excadrill|0 fnt\n|-unboost|p2a: Its lit.|def|1\n|-unboost|p2a: Its lit.|spd|1\n|faint|p1a: Excadrill\n|\n|upkeep\n|\n|t:|1698973922\n|switch|p1a: Indeedee|Indeedee, M|39\/100 tox\n|-fieldstart|move: Psychic Terrain|[from] ability: Psychic Surge|[of] p1a: Indeedee\n|turn|16\n|\n|t:|1698973927\n|move|p2a: Its lit.|Close Combat|p1a: Indeedee\n|-damage|p1a: Indeedee|0 fnt\n|-unboost|p2a: Its lit.|def|1\n|-unboost|p2a: Its lit.|spd|1\n|faint|p1a: Indeedee\n|\n|upkeep\n|\n|t:|1698973932\n|switch|p1a: Necrozma|Necrozma-Dawn-Wings|100\/100\n|turn|17\n|\n|t:|1698973940\n|switch|p1a: Groudon|Groudon-Primal, shiny|84\/100\n|-weather|DesolateLand|[from] ability: Desolate Land|[of] p1a: Groudon\n|move|p2a: Its lit.|Spectral Thief|p1a: Groudon\n|-damage|p1a: Groudon|54\/100\n|\n|-weather|DesolateLand|[upkeep]\n|upkeep\n|turn|18\n|\n|t:|1698973950\n|switch|p2a: Stoopu Doopu|Toxapex, M|100\/100\n|move|p1a: Groudon|Fire Punch|p2a: Stoopu Doopu\n|-resisted|p2a: Stoopu Doopu\n|-damage|p2a: Stoopu Doopu|78\/100\n|-damage|p1a: Groudon|37\/100|[from] item: Rocky Helmet|[of] p2a: Stoopu Doopu\n|\n|-weather|DesolateLand|[upkeep]\n|upkeep\n|turn|19\n|\n|t:|1698973956\n|switch|p2a: THIS IS PODRACING|Landorus-Therian, M|44\/100\n|-ability|p2a: THIS IS PODRACING|Intimidate|boost\n|-unboost|p1a: Groudon|atk|1\n|move|p1a: Groudon|Precipice Blades|p2a: THIS IS PODRACING\n|-immune|p2a: THIS IS PODRACING\n|\n|-weather|DesolateLand|[upkeep]\n|upkeep\n|turn|20\n|\n|t:|1698973962\n|move|p2a: THIS IS PODRACING|Earthquake|p1a: Groudon\n|-supereffective|p1a: Groudon\n|-damage|p1a: Groudon|0 fnt\n|faint|p1a: Groudon\n|-weather|none\n|\n|upkeep\n|\n|t:|1698973968\n|switch|p1a: Deoxys|Deoxys-Attack|100\/100\n|-ability|p1a: Deoxys|Pressure\n|turn|21\n|\n|t:|1698973971\n|-terastallize|p1a: Deoxys|Psychic\n|move|p1a: Deoxys|Psychic|p2a: THIS IS PODRACING\n|-damage|p2a: THIS IS PODRACING|0 fnt\n|faint|p2a: THIS IS PODRACING\n|\n|upkeep\n|\n|t:|1698973980\n|switch|p2a: Power Creep|Zacian-Crowned|67\/100\n|turn|22\n|\n|t:|1698973984\n|switch|p1a: Necrozma|Necrozma-Dawn-Wings|100\/100\n|move|p2a: Power Creep|Behemoth Blade|p1a: Necrozma\n|-damage|p1a: Necrozma|48\/100\n|\n|upkeep\n|turn|23\n|\n|t:|1698973992\n|detailschange|p1a: Necrozma|Necrozma-Ultra\n|-burst|p1a: Necrozma|Necrozma|Ultranecrozium Z\n|move|p2a: Power Creep|Behemoth Blade|p1a: Necrozma\n|-damage|p1a: Necrozma|0 fnt\n|faint|p1a: Necrozma\n|\n|-fieldend|move: Psychic Terrain\n|upkeep\n|c|\u2606SpookyMareep|wp\n|\n|t:|1698973997\n|switch|p1a: Deoxys|Deoxys-Attack, tera:Psychic|100\/100\n|-ability|p1a: Deoxys|Pressure\n|turn|24\n|\n|t:|1698974000\n|move|p1a: Deoxys|Extreme Speed|p2a: Power Creep\n|-resisted|p2a: Power Creep\n|-damage|p2a: Power Creep|53\/100\n|move|p2a: Power Creep|Behemoth Blade|p1a: Deoxys\n|-enditem|p1a: Deoxys|Focus Sash\n|-damage|p1a: Deoxys|1\/100\n|\n|upkeep\n|turn|25\n|-message|SerasVSpectra forfeited.\n|\n|win|SpookyMareep\n|raw|SerasVSpectra's rating: 1519 &rarr; <strong>1501<\/strong><br \/>(-18 for losing)\n|raw|SpookyMareep's rating: 1548 &rarr; <strong>1566<\/strong><br \/>(+18 for winning)\n|l|\u2606SerasVSpectra\n","uploadtime":1698974007,"views":6,"p1id":"serasvspectra","p2id":"spookymareep","formatid":"gen9nationaldexubers","rating":1501,"private":0,"password":""}