{"id":"gen9nationaldexubers-1990930600","p1":"Poopoo2","p2":"Red HGSS 2023","format":"[Gen 9] National Dex Ubers","log":"|j|\u2606Poopoo2\n|j|\u2606Red HGSS 2023\n|t:|1700016428\n|gametype|singles\n|player|p1|Poopoo2|unknown|1097\n|player|p2|Red HGSS 2023|lucas|1152\n|teamsize|p1|6\n|teamsize|p2|6\n|gen|9\n|tier|[Gen 9] National Dex Ubers\n|rated|\n|rule|HP Percentage Mod: HP is shown in percentages\n|rule|Endless Battle Clause: Forcing endless battles is banned\n|rule|OHKO Clause: OHKO moves are banned\n|rule|Evasion Moves Clause: Evasion moves are banned\n|rule|Evasion Items Clause: Evasion items are banned\n|rule|Species Clause: Limit one of each Pok\u00e9mon\n|rule|Sleep Clause Mod: Limit one foe put to sleep\n|rule|Mega Rayquaza Clause: You cannot mega evolve Rayquaza\n|clearpoke\n|poke|p1|Swampert, M|\n|poke|p1|Shiftry, M|\n|poke|p1|Ninjask, M|\n|poke|p1|Torkoal, M|\n|poke|p1|Grumpig, F|\n|poke|p1|Regieleki|\n|poke|p2|Pikachu, F|\n|poke|p2|Venusaur, M|\n|poke|p2|Charizard, M|\n|poke|p2|Blastoise, M|\n|poke|p2|Snorlax, M|\n|poke|p2|Kingambit, M|\n|teampreview\n|\n|t:|1700016438\n|start\n|switch|p1a: Ninjask|Ninjask, M|100\/100\n|switch|p2a: Blastoise|Blastoise, M|100\/100\n|turn|1\n|\n|t:|1700016442\n|move|p1a: Ninjask|Swords Dance|p1a: Ninjask\n|-boost|p1a: Ninjask|atk|2\n|move|p2a: Blastoise|Shell Smash|p2a: Blastoise\n|-unboost|p2a: Blastoise|def|1\n|-unboost|p2a: Blastoise|spd|1\n|-boost|p2a: Blastoise|atk|2\n|-boost|p2a: Blastoise|spa|2\n|-boost|p2a: Blastoise|spe|2\n|-enditem|p2a: Blastoise|White Herb\n|-clearnegativeboost|p2a: Blastoise|[silent]\n|\n|-ability|p1a: Ninjask|Speed Boost|boost\n|-boost|p1a: Ninjask|spe|1\n|upkeep\n|turn|2\n|\n|t:|1700016449\n|move|p1a: Ninjask|Dual Wingbeat|p2a: Blastoise\n|-damage|p2a: Blastoise|61\/100\n|-damage|p2a: Blastoise|20\/100\n|-hitcount|p2a: Blastoise|2\n|move|p2a: Blastoise|Ice Beam|p1a: Ninjask\n|-supereffective|p1a: Ninjask\n|-damage|p1a: Ninjask|0 fnt\n|faint|p1a: Ninjask\n|\n|upkeep\n|\n|t:|1700016479\n|switch|p1a: Shiftry|Shiftry, M|100\/100\n|turn|3\n|inactive|Battle timer is ON: inactive players will automatically lose when time's up. (requested by Poopoo2)\n|\n|t:|1700016483\n|switch|p2a: Charizard|Charizard, M, shiny|100\/100\n|move|p1a: Shiftry|Sucker Punch||[still]\n|-fail|p1a: Shiftry\n|\n|upkeep\n|turn|4\n|\n|t:|1700016491\n|detailschange|p2a: Charizard|Charizard-Mega-X, M, shiny\n|-mega|p2a: Charizard|Charizard|Charizardite X\n|-terastallize|p1a: Shiftry|Fire\n|move|p2a: Charizard|Dragon Claw|p1a: Shiftry\n|-damage|p1a: Shiftry|1\/100\n|move|p1a: Shiftry|Knock Off|p2a: Charizard\n|-damage|p2a: Charizard|55\/100\n|-damage|p1a: Shiftry|0 fnt|[from] item: Life Orb\n|faint|p1a: Shiftry\n|\n|upkeep\n|\n|t:|1700016498\n|switch|p1a: Swampert|Swampert, M|100\/100\n|turn|5\n|\n|t:|1700016502\n|switch|p2a: Venusaur|Venusaur, M|100\/100\n|detailschange|p1a: Swampert|Swampert-Mega, M\n|-mega|p1a: Swampert|Swampert|Swampertite\n|move|p1a: Swampert|Rain Dance|p1a: Swampert\n|-weather|RainDance\n|\n|-weather|RainDance|[upkeep]\n|upkeep\n|turn|6\n|\n|t:|1700016507\n|move|p1a: Swampert|Ice Punch|p2a: Venusaur\n|-supereffective|p2a: Venusaur\n|-damage|p2a: Venusaur|30\/100\n|move|p2a: Venusaur|Giga Drain|p1a: Swampert\n|-supereffective|p1a: Swampert\n|-damage|p1a: Swampert|0 fnt\n|-heal|p2a: Venusaur|77\/100|[from] drain|[of] p1a: Swampert\n|faint|p1a: Swampert\n|\n|-weather|RainDance|[upkeep]\n|-heal|p2a: Venusaur|83\/100|[from] item: Leftovers\n|upkeep\n|\n|t:|1700016511\n|switch|p1a: Grumpig|Grumpig, F|100\/100\n|turn|7\n|\n|t:|1700016521\n|move|p1a: Grumpig|Nasty Plot|p1a: Grumpig\n|-boost|p1a: Grumpig|spa|2\n|move|p2a: Venusaur|Sleep Powder|p1a: Grumpig\n|-status|p1a: Grumpig|slp|[from] move: Sleep Powder\n|\n|-weather|RainDance|[upkeep]\n|-heal|p2a: Venusaur|89\/100|[from] item: Leftovers\n|upkeep\n|turn|8\n|\n|t:|1700016529\n|switch|p2a: Pikachu|Pikachu, F|100\/100\n|cant|p1a: Grumpig|slp\n|\n|-weather|RainDance|[upkeep]\n|upkeep\n|turn|9\n|\n|t:|1700016533\n|move|p2a: Pikachu|Knock Off|p1a: Grumpig\n|-supereffective|p1a: Grumpig\n|-damage|p1a: Grumpig|0 fnt\n|-enditem|p1a: Grumpig|Leftovers|[from] move: Knock Off|[of] p2a: Pikachu\n|faint|p1a: Grumpig\n|\n|-weather|none\n|upkeep\n|\n|t:|1700016535\n|switch|p1a: Regieleki|Regieleki|100\/100\n|turn|10\n|\n|t:|1700016541\n|move|p2a: Pikachu|Extreme Speed|p1a: Regieleki\n|-damage|p1a: Regieleki|34\/100\n|move|p1a: Regieleki|Tera Blast|p2a: Pikachu\n|-damage|p2a: Pikachu|38\/100\n|\n|upkeep\n|turn|11\n|\n|t:|1700016547\n|move|p1a: Regieleki|Extreme Speed|p2a: Pikachu\n|-damage|p2a: Pikachu|0 fnt\n|faint|p2a: Pikachu\n|\n|upkeep\n|\n|t:|1700016550\n|switch|p2a: Snorlax|Snorlax, M|100\/100\n|turn|12\n|\n|t:|1700016553\n|move|p1a: Regieleki|Volt Switch|p2a: Snorlax\n|-crit|p2a: Snorlax\n|-damage|p2a: Snorlax|64\/100\n|\n|t:|1700016554\n|switch|p1a: Torkoal|Torkoal, M|100\/100|[from] Volt Switch\n|-weather|SunnyDay|[from] ability: Drought|[of] p1a: Torkoal\n|move|p2a: Snorlax|Body Slam|p1a: Torkoal\n|-damage|p1a: Torkoal|74\/100\n|\n|-weather|SunnyDay|[upkeep]\n|upkeep\n|turn|13\n|\n|t:|1700016562\n|move|p2a: Snorlax|Body Slam|p1a: Torkoal\n|-damage|p1a: Torkoal|51\/100\n|-status|p1a: Torkoal|par\n|move|p1a: Torkoal|Stealth Rock|p2a: Snorlax\n|-sidestart|p2: Red HGSS 2023|move: Stealth Rock\n|\n|-weather|SunnyDay|[upkeep]\n|upkeep\n|turn|14\n|\n|t:|1700016567\n|move|p2a: Snorlax|Body Slam|p1a: Torkoal\n|-damage|p1a: Torkoal|28\/100 par\n|cant|p1a: Torkoal|par\n|\n|-weather|SunnyDay|[upkeep]\n|upkeep\n|turn|15\n|\n|t:|1700016574\n|move|p2a: Snorlax|Rest|p2a: Snorlax\n|-status|p2a: Snorlax|slp|[from] move: Rest\n|-heal|p2a: Snorlax|100\/100 slp|[silent]\n|-enditem|p2a: Snorlax|Chesto Berry|[eat]\n|-curestatus|p2a: Snorlax|slp|[msg]\n|cant|p1a: Torkoal|par\n|\n|-weather|SunnyDay|[upkeep]\n|upkeep\n|turn|16\n|\n|t:|1700016583\n|switch|p2a: Kingambit|Kingambit, M|100\/100\n|-damage|p2a: Kingambit|94\/100|[from] Stealth Rock\n|-activate|p2a: Kingambit|ability: Supreme Overlord\n|-start|p2a: Kingambit|fallen1|[silent]\n|move|p1a: Torkoal|Body Press|p2a: Kingambit\n|-supereffective|p2a: Kingambit\n|-damage|p2a: Kingambit|0 fnt\n|faint|p2a: Kingambit\n|-end|p2a: Kingambit|fallen1|[silent]\n|\n|-weather|SunnyDay|[upkeep]\n|upkeep\n|c|\u2606Red HGSS 2023|come on fucktard\n|c|\u2606Red HGSS 2023|I wanted to finish with kingambit\n|c|\u2606Red HGSS 2023|u ruin people fun\n|\n|t:|1700016602\n|switch|p2a: Charizard|Charizard-Mega-X, M, shiny|55\/100\n|-damage|p2a: Charizard|30\/100|[from] Stealth Rock\n|turn|17\n|\n|t:|1700016604\n|move|p2a: Charizard|Earthquake|p1a: Torkoal\n|-supereffective|p1a: Torkoal\n|-damage|p1a: Torkoal|0 fnt\n|faint|p1a: Torkoal\n|\n|-weather|SunnyDay|[upkeep]\n|upkeep\n|\n|t:|1700016606\n|switch|p1a: Regieleki|Regieleki|34\/100\n|turn|18\n|\n|t:|1700016610\n|move|p1a: Regieleki|Thunderbolt|p2a: Charizard\n|-resisted|p2a: Charizard\n|-damage|p2a: Charizard|0 fnt\n|faint|p2a: Charizard\n|\n|-weather|SunnyDay|[upkeep]\n|upkeep\n|\n|t:|1700016612\n|switch|p2a: Venusaur|Venusaur, M|89\/100\n|-damage|p2a: Venusaur|77\/100|[from] Stealth Rock\n|turn|19\n|\n|t:|1700016617\n|move|p1a: Regieleki|Tera Blast|p2a: Venusaur\n|-damage|p2a: Venusaur|56\/100\n|move|p2a: Venusaur|Giga Drain|p1a: Regieleki\n|-damage|p1a: Regieleki|0 fnt\n|-heal|p2a: Venusaur|70\/100|[from] drain|[of] p1a: Regieleki\n|faint|p1a: Regieleki\n|\n|win|Red HGSS 2023\n|raw|Poopoo2's rating: 1097 &rarr; <strong>1076<\/strong><br \/>(-21 for losing)\n|raw|Red HGSS 2023's rating: 1152 &rarr; <strong>1173<\/strong><br \/>(+21 for winning)\n|l|\u2606Poopoo2\n","uploadtime":1700016590,"views":9,"p1id":"poopoo2","p2id":"redhgss2023","formatid":"gen9nationaldexubers","rating":1076,"private":0,"password":""}