{"id":"gen9nationaldexubers-1978945841","p1":"yourbelovedwaifu\u2661","p2":"Bakitaladelbarrio","format":"[Gen 9] National Dex Ubers","log":"|j|\u2606yourbelovedwaifu\u2661\n|j|\u2606Bakitaladelbarrio\n|t:|1698613217\n|gametype|singles\n|player|p1|yourbelovedwaifu\u2661|acetrainerf-gen3|1263\n|player|p2|Bakitaladelbarrio|blue|1253\n|teamsize|p1|6\n|teamsize|p2|6\n|gen|9\n|tier|[Gen 9] National Dex Ubers\n|rated|\n|rule|HP Percentage Mod: HP is shown in percentages\n|rule|Endless Battle Clause: Forcing endless battles is banned\n|rule|OHKO Clause: OHKO moves are banned\n|rule|Evasion Moves Clause: Evasion moves are banned\n|rule|Evasion Items Clause: Evasion items are banned\n|rule|Species Clause: Limit one of each Pok\u00e9mon\n|rule|Sleep Clause Mod: Limit one foe put to sleep\n|rule|Mega Rayquaza Clause: You cannot mega evolve Rayquaza\n|clearpoke\n|poke|p1|Blastoise, F|\n|poke|p1|Kingambit, F|\n|poke|p1|Cloyster, M|\n|poke|p1|Darmanitan-Galar, M|\n|poke|p1|Ditto|\n|poke|p1|Smeargle, M|\n|poke|p2|Hatterene, F|\n|poke|p2|Melmetal|\n|poke|p2|Necrozma-Dawn-Wings|\n|poke|p2|Iron Hands|\n|poke|p2|Magearna|\n|poke|p2|Calyrex-Ice|\n|teampreview\n|inactive|Battle timer is ON: inactive players will automatically lose when time's up. (requested by Bakitaladelbarrio)\n|\n|t:|1698613225\n|start\n|switch|p1a: Smeargle|Smeargle, M, shiny|100\/100\n|switch|p2a: Hatterene|Hatterene, F|100\/100\n|turn|1\n|\n|t:|1698613231\n|move|p1a: Smeargle|Stone Axe|p2a: Hatterene\n|-damage|p2a: Hatterene|90\/100\n|-sidestart|p2: Bakitaladelbarrio|move: Stealth Rock\n|move|p2a: Hatterene|Trick Room|p2a: Hatterene\n|-fieldstart|move: Trick Room|[of] p2a: Hatterene\n|\n|upkeep\n|turn|2\n|\n|t:|1698613237\n|move|p2a: Hatterene|Healing Wish|p2a: Hatterene\n|faint|p2a: Hatterene\n|move|p1a: Smeargle|Nuzzle|p2: Hatterene|[notarget]\n|-fail|p1a: Smeargle\n|\n|upkeep\n|\n|t:|1698613242\n|switch|p2a: Melmetal|Melmetal|100\/100\n|-damage|p2a: Melmetal|94\/100|[from] Stealth Rock\n|turn|3\n|\n|t:|1698613253\n|-terastallize|p2a: Melmetal|Steel\n|move|p2a: Melmetal|Double Iron Bash|p1a: Smeargle\n|-enditem|p1a: Smeargle|Focus Sash\n|-damage|p1a: Smeargle|1\/100\n|-damage|p1a: Smeargle|0 fnt\n|faint|p1a: Smeargle\n|-hitcount|p1: Smeargle|2\n|\n|upkeep\n|\n|t:|1698613257\n|switch|p1a: Ditto|Ditto|100\/100\n|-transform|p1a: Ditto|p2a: Melmetal|[from] ability: Imposter\n|turn|4\n|\n|t:|1698613266\n|move|p2a: Melmetal|Double Iron Bash|p1a: Ditto\n|-resisted|p1a: Ditto\n|-damage|p1a: Ditto|66\/100\n|-resisted|p1a: Ditto\n|-damage|p1a: Ditto|27\/100\n|-hitcount|p1a: Ditto|2\n|cant|p1a: Ditto|flinch\n|\n|upkeep\n|turn|5\n|\n|t:|1698613273\n|move|p2a: Melmetal|Double Iron Bash|p1a: Ditto\n|-resisted|p1a: Ditto\n|-damage|p1a: Ditto|0 fnt\n|faint|p1a: Ditto\n|-hitcount|p1: Ditto|1\n|\n|-fieldend|move: Trick Room\n|upkeep\n|\n|t:|1698613279\n|switch|p1a: Darmanitan|Darmanitan-Galar, M|100\/100\n|turn|6\n|\n|t:|1698613282\n|move|p1a: Darmanitan|Flare Blitz|p2a: Melmetal\n|-supereffective|p2a: Melmetal\n|-damage|p2a: Melmetal|32\/100\n|-damage|p1a: Darmanitan|77\/100|[from] Recoil\n|move|p2a: Melmetal|Double Iron Bash|p1a: Darmanitan\n|-supereffective|p1a: Darmanitan\n|-damage|p1a: Darmanitan|0 fnt\n|faint|p1a: Darmanitan\n|-hitcount|p1: Darmanitan|1\n|\n|upkeep\n|\n|t:|1698613291\n|switch|p1a: Blastoise|Blastoise, F, shiny|100\/100\n|turn|7\n|\n|t:|1698613298\n|detailschange|p1a: Blastoise|Blastoise-Mega, F, shiny\n|-mega|p1a: Blastoise|Blastoise|Blastoisinite\n|move|p1a: Blastoise|Shell Smash|p1a: Blastoise\n|-unboost|p1a: Blastoise|def|1\n|-unboost|p1a: Blastoise|spd|1\n|-boost|p1a: Blastoise|atk|2\n|-boost|p1a: Blastoise|spa|2\n|-boost|p1a: Blastoise|spe|2\n|move|p2a: Melmetal|Double Iron Bash|p1a: Blastoise\n|-resisted|p1a: Blastoise\n|-crit|p1a: Blastoise\n|-damage|p1a: Blastoise|3\/100\n|-resisted|p1a: Blastoise\n|-damage|p1a: Blastoise|0 fnt\n|faint|p1a: Blastoise\n|-hitcount|p1: Blastoise|2\n|\n|upkeep\n|c|\u2606yourbelovedwaifu\u2661|Fug\n|c|\u2606yourbelovedwaifu\u2661|Dam\n|inactive|yourbelovedwaifu\u2661 has 120 seconds left.\n|\n|t:|1698613329\n|switch|p1a: Kingambit|Kingambit, F|100\/100\n|-activate|p1a: Kingambit|ability: Supreme Overlord\n|-start|p1a: Kingambit|fallen4|[silent]\n|turn|8\n|\n|t:|1698613333\n|-end|p1a: Kingambit|fallen4|[silent]\n|switch|p1a: Cloyster|Cloyster, M|100\/100\n|switch|p2a: Magearna|Magearna|100\/100\n|-damage|p2a: Magearna|94\/100|[from] Stealth Rock\n|\n|upkeep\n|turn|9\n|\n|t:|1698613341\n|move|p1a: Cloyster|Shell Smash|p1a: Cloyster\n|-unboost|p1a: Cloyster|def|1\n|-unboost|p1a: Cloyster|spd|1\n|-boost|p1a: Cloyster|atk|2\n|-boost|p1a: Cloyster|spa|2\n|-boost|p1a: Cloyster|spe|2\n|move|p2a: Magearna|Trick Room|p2a: Magearna\n|-fieldstart|move: Trick Room|[of] p2a: Magearna\n|\n|upkeep\n|turn|10\n|\n|t:|1698613348\n|move|p2a: Magearna|Volt Switch|p1a: Cloyster\n|-supereffective|p1a: Cloyster\n|-enditem|p1a: Cloyster|Focus Sash\n|-damage|p1a: Cloyster|1\/100\n|\n|t:|1698613354\n|switch|p2a: Iron Hands|Iron Hands|100\/100|[from] Volt Switch\n|-damage|p2a: Iron Hands|94\/100|[from] Stealth Rock\n|-enditem|p2a: Iron Hands|Booster Energy\n|-activate|p2a: Iron Hands|ability: Quark Drive|[fromitem]\n|-start|p2a: Iron Hands|quarkdriveatk\n|move|p1a: Cloyster|Icicle Spear|p2a: Iron Hands\n|-damage|p2a: Iron Hands|79\/100\n|-crit|p2a: Iron Hands\n|-damage|p2a: Iron Hands|59\/100\n|-damage|p2a: Iron Hands|46\/100\n|-damage|p2a: Iron Hands|32\/100\n|-damage|p2a: Iron Hands|18\/100\n|-hitcount|p2a: Iron Hands|5\n|\n|upkeep\n|turn|11\n|\n|t:|1698613368\n|move|p2a: Iron Hands|Drain Punch|p1a: Cloyster\n|-supereffective|p1a: Cloyster\n|-damage|p1a: Cloyster|0 fnt\n|-heal|p2a: Iron Hands|19\/100|[from] drain|[of] p1a: Cloyster\n|faint|p1a: Cloyster\n|\n|upkeep\n|\n|t:|1698613371\n|switch|p1a: Kingambit|Kingambit, F|100\/100\n|-activate|p1a: Kingambit|ability: Supreme Overlord\n|-start|p1a: Kingambit|fallen5|[silent]\n|turn|12\n|\n|t:|1698613378\n|move|p1a: Kingambit|Kowtow Cleave|p2a: Iron Hands\n|-resisted|p2a: Iron Hands\n|-damage|p2a: Iron Hands|0 fnt\n|faint|p2a: Iron Hands\n|-end|p2a: Iron Hands|Quark Drive|[silent]\n|\n|upkeep\n|\n|t:|1698613384\n|switch|p2a: Melmetal|Melmetal, tera:Steel|32\/100\n|-heal|p2a: Melmetal|100\/100|[from] move: Healing Wish\n|-damage|p2a: Melmetal|94\/100|[from] Stealth Rock\n|turn|13\n|\n|t:|1698613390\n|move|p2a: Melmetal|Double Iron Bash|p1a: Kingambit\n|-resisted|p1a: Kingambit\n|-damage|p1a: Kingambit|67\/100\n|-resisted|p1a: Kingambit\n|-damage|p1a: Kingambit|37\/100\n|-hitcount|p1a: Kingambit|2\n|move|p1a: Kingambit|Swords Dance|p1a: Kingambit\n|-boost|p1a: Kingambit|atk|2\n|\n|-fieldend|move: Trick Room\n|upkeep\n|turn|14\n|\n|t:|1698613399\n|move|p1a: Kingambit|Kowtow Cleave|p2a: Melmetal\n|-damage|p2a: Melmetal|0 fnt\n|faint|p2a: Melmetal\n|\n|upkeep\n|\n|t:|1698613407\n|switch|p2a: Magearna|Magearna|94\/100\n|-damage|p2a: Magearna|88\/100|[from] Stealth Rock\n|turn|15\n|l|\u2606yourbelovedwaifu\u2661\n|inactive|yourbelovedwaifu\u2661 disconnected and has a minute to reconnect!\n|player|p1|\n|inactive|yourbelovedwaifu\u2661 has 30 seconds to reconnect!\n|inactive|yourbelovedwaifu\u2661 has 20 seconds to reconnect!\n|inactive|yourbelovedwaifu\u2661 has 15 seconds to reconnect!\n|inactive|yourbelovedwaifu\u2661 has 10 seconds to reconnect!\n|inactive|yourbelovedwaifu\u2661 has 5 seconds to reconnect!\n|-message|yourbelovedwaifu\u2661 lost due to inactivity.\n|\n|win|Bakitaladelbarrio\n|raw|yourbelovedwaifu\u2661's rating: 1263 &rarr; <strong>1237<\/strong><br \/>(-26 for losing)\n|raw|Bakitaladelbarrio's rating: 1253 &rarr; <strong>1279<\/strong><br \/>(+26 for winning)\n","uploadtime":1698613476,"views":12,"p1id":"yourbelovedwaifu","p2id":"bakitaladelbarrio","formatid":"gen9nationaldexubers","rating":1237,"private":0,"password":""}