{"id":"gen9nationaldexubers-1990393422","p1":"wholesomegardepls","p2":"85792195wwww","format":"[Gen 9] National Dex Ubers","log":"|j|\u2606wholesomegardepls\n|j|\u260685792195wwww\n|t:|1699966230\n|gametype|singles\n|player|p1|wholesomegardepls|ghetsis-gen5bw|1443\n|player|p2|85792195wwww|mira|1533\n|teamsize|p1|6\n|teamsize|p2|6\n|gen|9\n|tier|[Gen 9] National Dex Ubers\n|rated|\n|rule|HP Percentage Mod: HP is shown in percentages\n|rule|Endless Battle Clause: Forcing endless battles is banned\n|rule|OHKO Clause: OHKO moves are banned\n|rule|Evasion Moves Clause: Evasion moves are banned\n|rule|Evasion Items Clause: Evasion items are banned\n|rule|Species Clause: Limit one of each Pok\u00e9mon\n|rule|Sleep Clause Mod: Limit one foe put to sleep\n|rule|Mega Rayquaza Clause: You cannot mega evolve Rayquaza\n|clearpoke\n|poke|p1|Urshifu-*, M|\n|poke|p1|Necrozma-Dusk-Mane|\n|poke|p1|Eternatus|\n|poke|p1|Regieleki|\n|poke|p1|Darmanitan-Galar, M|\n|poke|p1|Chien-Pao|\n|poke|p2|Xerneas-*|\n|poke|p2|Arceus-Rock|\n|poke|p2|Deoxys-Speed|\n|poke|p2|Ogerpon-Hearthflame, F|\n|poke|p2|Groudon|\n|poke|p2|Rayquaza|\n|teampreview\n|inactive|Battle timer is ON: inactive players will automatically lose when time's up. (requested by wholesomegardepls)\n|\n|t:|1699966241\n|start\n|switch|p1a: Necrozma|Necrozma-Dusk-Mane, shiny|100\/100\n|switch|p2a: Deoxys|Deoxys-Speed|100\/100\n|-ability|p2a: Deoxys|Pressure\n|turn|1\n|\n|t:|1699966249\n|move|p2a: Deoxys|Fling|p1a: Necrozma\n|-supereffective|p1a: Necrozma\n|-damage|p1a: Necrozma|96\/100\n|-status|p1a: Necrozma|par\n|-enditem|p2a: Deoxys|Light Ball|[from] move: Fling\n|move|p1a: Necrozma|Stealth Rock|p2a: Deoxys\n|-sidestart|p2: 85792195wwww|move: Stealth Rock\n|\n|-heal|p1a: Necrozma|100\/100 par|[from] item: Leftovers\n|upkeep\n|turn|2\n|\n|t:|1699966259\n|move|p2a: Deoxys|Spikes|p1a: Necrozma\n|-sidestart|p1: wholesomegardepls|Spikes\n|move|p1a: Necrozma|Sunsteel Strike|p2a: Deoxys\n|-damage|p2a: Deoxys|48\/100\n|\n|upkeep\n|turn|3\n|\n|t:|1699966267\n|move|p2a: Deoxys|Spikes|p1a: Necrozma\n|-sidestart|p1: wholesomegardepls|Spikes\n|move|p1a: Necrozma|Sunsteel Strike|p2a: Deoxys\n|-damage|p2a: Deoxys|0 fnt\n|faint|p2a: Deoxys\n|\n|upkeep\n|\n|t:|1699966276\n|switch|p2a: Groudon|Groudon|100\/100\n|-damage|p2a: Groudon|94\/100|[from] Stealth Rock\n|detailschange|p2a: Groudon|Groudon-Primal\n|-primal|p2a: Groudon|Red Orb\n|-weather|DesolateLand|[from] ability: Desolate Land|[of] p2a: Groudon\n|turn|4\n|\n|t:|1699966286\n|move|p2a: Groudon|Rock Polish|p2a: Groudon\n|-boost|p2a: Groudon|spe|2\n|move|p1a: Necrozma|Toxic|p2a: Groudon\n|-status|p2a: Groudon|tox\n|\n|-weather|DesolateLand|[upkeep]\n|-damage|p2a: Groudon|88\/100 tox|[from] psn\n|upkeep\n|turn|5\n|\n|t:|1699966295\n|move|p2a: Groudon|Hone Claws|p2a: Groudon\n|-boost|p2a: Groudon|atk|1\n|-boost|p2a: Groudon|accuracy|1\n|cant|p1a: Necrozma|par\n|\n|-weather|DesolateLand|[upkeep]\n|-damage|p2a: Groudon|76\/100 tox|[from] psn\n|upkeep\n|turn|6\n|\n|t:|1699966304\n|move|p2a: Groudon|Precipice Blades|p1a: Necrozma\n|-supereffective|p1a: Necrozma\n|-damage|p1a: Necrozma|0 fnt\n|faint|p1a: Necrozma\n|\n|-weather|DesolateLand|[upkeep]\n|-damage|p2a: Groudon|58\/100 tox|[from] psn\n|upkeep\n|\n|t:|1699966310\n|switch|p1a: Regieleki|Regieleki, shiny|100\/100\n|turn|7\n|\n|t:|1699966318\n|-terastallize|p1a: Regieleki|Flying\n|move|p1a: Regieleki|Rapid Spin|p2a: Groudon\n|-damage|p2a: Groudon|52\/100 tox\n|-boost|p1a: Regieleki|spe|1\n|-sideend|p1: wholesomegardepls|Spikes|[from] move: Rapid Spin|[of] p1a: Regieleki\n|move|p2a: Groudon|Heat Crash|p1a: Regieleki\n|-damage|p1a: Regieleki|0 fnt\n|faint|p1a: Regieleki\n|\n|-weather|DesolateLand|[upkeep]\n|-damage|p2a: Groudon|28\/100 tox|[from] psn\n|upkeep\n|\n|t:|1699966327\n|switch|p1a: Urshifu|Urshifu, M|100\/100\n|turn|8\n|\n|t:|1699966335\n|move|p2a: Groudon|Heat Crash|p1a: Urshifu\n|-damage|p1a: Urshifu|0 fnt\n|faint|p1a: Urshifu\n|\n|-weather|DesolateLand|[upkeep]\n|-damage|p2a: Groudon|0 fnt|[from] psn\n|faint|p2a: Groudon\n|-weather|none\n|upkeep\n|\n|t:|1699966358\n|switch|p1a: Eternatus|Eternatus|100\/100\n|switch|p2a: Arceus|Arceus-Rock|100\/100\n|-ability|p1a: Eternatus|Pressure\n|-damage|p2a: Arceus|88\/100|[from] Stealth Rock\n|turn|9\n|\n|t:|1699966367\n|switch|p1a: Darmanitan|Darmanitan-Galar, M, shiny|100\/100\n|move|p2a: Arceus|Calm Mind|p2a: Arceus\n|-boost|p2a: Arceus|spa|1\n|-boost|p2a: Arceus|spd|1\n|\n|upkeep\n|turn|10\n|\n|t:|1699966375\n|move|p1a: Darmanitan|Earthquake|p2a: Arceus\n|-supereffective|p2a: Arceus\n|-damage|p2a: Arceus|12\/100\n|move|p2a: Arceus|Judgment|p1a: Darmanitan\n|-supereffective|p1a: Darmanitan\n|-damage|p1a: Darmanitan|0 fnt\n|faint|p1a: Darmanitan\n|\n|upkeep\n|\n|t:|1699966382\n|switch|p1a: Chien-Pao|Chien-Pao|100\/100\n|-ability|p1a: Chien-Pao|Sword of Ruin\n|turn|11\n|\n|t:|1699966388\n|move|p1a: Chien-Pao|Sacred Sword|p2a: Arceus\n|-supereffective|p2a: Arceus\n|-damage|p2a: Arceus|0 fnt\n|faint|p2a: Arceus\n|-damage|p1a: Chien-Pao|91\/100|[from] item: Life Orb\n|\n|upkeep\n|\n|t:|1699966398\n|switch|p2a: Xerneas|Xerneas|100\/100\n|-damage|p2a: Xerneas|88\/100|[from] Stealth Rock\n|-ability|p2a: Xerneas|Fairy Aura\n|turn|12\n|\n|t:|1699966404\n|move|p1a: Chien-Pao|Ice Spinner|p2a: Xerneas\n|-damage|p2a: Xerneas|36\/100\n|-damage|p1a: Chien-Pao|81\/100|[from] item: Life Orb\n|move|p2a: Xerneas|Geomancy||[still]\n|-prepare|p2a: Xerneas|Geomancy\n|-enditem|p2a: Xerneas|Power Herb\n|-anim|p2a: Xerneas|Geomancy|p2a: Xerneas\n|-boost|p2a: Xerneas|spa|2\n|-boost|p2a: Xerneas|spd|2\n|-boost|p2a: Xerneas|spe|2\n|\n|upkeep\n|turn|13\n|\n|t:|1699966415\n|move|p1a: Chien-Pao|Ice Shard|p2a: Xerneas\n|-damage|p2a: Xerneas|11\/100\n|-damage|p1a: Chien-Pao|71\/100|[from] item: Life Orb\n|move|p2a: Xerneas|Draining Kiss|p1a: Chien-Pao\n|-supereffective|p1a: Chien-Pao\n|-damage|p1a: Chien-Pao|0 fnt\n|-heal|p2a: Xerneas|49\/100|[from] drain|[of] p1a: Chien-Pao\n|faint|p1a: Chien-Pao\n|\n|upkeep\n|\n|t:|1699966420\n|switch|p1a: Eternatus|Eternatus|100\/100\n|-ability|p1a: Eternatus|Pressure\n|turn|14\n|\n|t:|1699966428\n|-terastallize|p2a: Xerneas|Fairy\n|move|p2a: Xerneas|Moonblast|p1a: Eternatus\n|-damage|p1a: Eternatus|0 fnt\n|faint|p1a: Eternatus\n|\n|win|85792195wwww\n|raw|wholesomegardepls's rating: 1443 &rarr; <strong>1428<\/strong><br \/>(-15 for losing)\n|raw|85792195wwww's rating: 1533 &rarr; <strong>1548<\/strong><br \/>(+15 for winning)\n","uploadtime":1699966438,"views":7,"p1id":"wholesomegardepls","p2id":"85792195wwww","formatid":"gen9nationaldexubers","rating":1428,"private":0,"password":""}