{"id":"gen9nationaldexubers-1999950401","p1":"BlueB4llz","p2":"meykii","format":"[Gen 9] National Dex Ubers","log":"|j|\u2606BlueB4llz\n|j|\u2606meykii\n|t:|1701133671\n|gametype|singles\n|player|p1|BlueB4llz|birdkeeper|\n|player|p2|meykii|170|\n|teamsize|p1|6\n|teamsize|p2|6\n|gen|9\n|tier|[Gen 9] National Dex Ubers\n|rule|HP Percentage Mod: HP is shown in percentages\n|rule|Endless Battle Clause: Forcing endless battles is banned\n|rule|OHKO Clause: OHKO moves are banned\n|rule|Evasion Moves Clause: Evasion moves are banned\n|rule|Evasion Items Clause: Evasion items are banned\n|rule|Species Clause: Limit one of each Pok\u00e9mon\n|rule|Sleep Clause Mod: Limit one foe put to sleep\n|rule|Mega Rayquaza Clause: You cannot mega evolve Rayquaza\n|clearpoke\n|poke|p1|Palkia-Origin|\n|poke|p1|Samurott-Hisui, M|\n|poke|p1|Porygon2|\n|poke|p1|Aegislash, M|\n|poke|p1|Sceptile, F|\n|poke|p1|Toxtricity, F|\n|poke|p2|Lugia|\n|poke|p2|Grimmsnarl, M|\n|poke|p2|Swampert, F|\n|poke|p2|Celesteela|\n|poke|p2|Armarouge, M|\n|poke|p2|Haxorus, F|\n|teampreview\n|c|\u2606meykii|glhf go easy on me kay >.<\n|c|\u2606BlueB4llz|gl\n|c|\u2606BlueB4llz|alr\n|c|\u2606meykii|<3\n|\n|t:|1701133721\n|start\n|switch|p1a: Aegislash|Aegislash, M, shiny|100\/100\n|switch|p2a: Celesteela|Celesteela|100\/100\n|turn|1\n|\n|t:|1701133759\n|move|p2a: Celesteela|Leech Seed|p1a: Aegislash\n|-start|p1a: Aegislash|move: Leech Seed\n|move|p1a: Aegislash|Substitute|p1a: Aegislash\n|-start|p1a: Aegislash|Substitute\n|-damage|p1a: Aegislash|75\/100\n|\n|-heal|p1a: Aegislash|82\/100|[from] item: Leftovers\n|-damage|p1a: Aegislash|69\/100|[from] Leech Seed|[of] p2a: Celesteela\n|upkeep\n|turn|2\n|\n|t:|1701133771\n|move|p2a: Celesteela|Earthquake|p1a: Aegislash\n|-supereffective|p1a: Aegislash\n|-end|p1a: Aegislash|Substitute\n|-formechange|p1a: Aegislash|Aegislash-Blade||[from] ability: Stance Change\n|move|p1a: Aegislash|Shadow Ball|p2a: Celesteela\n|-damage|p2a: Celesteela|69\/100\n|\n|-heal|p2a: Celesteela|75\/100|[from] item: Leftovers\n|-heal|p1a: Aegislash|75\/100|[from] item: Leftovers\n|-damage|p1a: Aegislash|63\/100|[from] Leech Seed|[of] p2a: Celesteela\n|-heal|p2a: Celesteela|85\/100|[silent]\n|upkeep\n|turn|3\n|\n|t:|1701133803\n|switch|p2a: Grimmsnarl|Grimmsnarl, M|100\/100\n|switch|p1a: Samurott|Samurott-Hisui, M|100\/100\n|\n|upkeep\n|turn|4\n|\n|t:|1701133820\n|switch|p1a: Aegislash|Aegislash, M, shiny|63\/100\n|move|p2a: Grimmsnarl|Reflect|p2a: Grimmsnarl\n|-sidestart|p2: meykii|Reflect\n|\n|-heal|p1a: Aegislash|69\/100|[from] item: Leftovers\n|upkeep\n|turn|5\n|\n|t:|1701133826\n|move|p2a: Grimmsnarl|Parting Shot|p1a: Aegislash\n|-unboost|p1a: Aegislash|atk|1\n|-unboost|p1a: Aegislash|spa|1\n|\n|t:|1701133833\n|switch|p2a: Celesteela|Celesteela|85\/100|[from] Parting Shot\n|move|p1a: Aegislash|Toxic|p2a: Celesteela\n|-immune|p2a: Celesteela\n|\n|-heal|p2a: Celesteela|91\/100|[from] item: Leftovers\n|-heal|p1a: Aegislash|75\/100|[from] item: Leftovers\n|upkeep\n|turn|6\n|\n|t:|1701133843\n|switch|p1a: Palkia|Palkia-Origin|100\/100\n|-ability|p1a: Palkia|Pressure\n|move|p2a: Celesteela|Earthquake|p1a: Palkia\n|-damage|p1a: Palkia|76\/100\n|\n|-heal|p2a: Celesteela|97\/100|[from] item: Leftovers\n|upkeep\n|turn|7\n|\n|t:|1701133874\n|switch|p2a: Grimmsnarl|Grimmsnarl, M|100\/100\n|move|p1a: Palkia|Substitute|p1a: Palkia\n|-start|p1a: Palkia|Substitute\n|-damage|p1a: Palkia|51\/100\n|\n|upkeep\n|turn|8\n|\n|t:|1701133898\n|move|p2a: Grimmsnarl|Light Screen|p2a: Grimmsnarl\n|-sidestart|p2: meykii|move: Light Screen\n|move|p1a: Palkia|Hydro Pump|p2a: Grimmsnarl\n|-damage|p2a: Grimmsnarl|71\/100\n|\n|upkeep\n|turn|9\n|\n|t:|1701133906\n|move|p2a: Grimmsnarl|Parting Shot|p1a: Palkia\n|-unboost|p1a: Palkia|atk|1\n|-unboost|p1a: Palkia|spa|1\n|\n|t:|1701133911\n|switch|p2a: Celesteela|Celesteela|97\/100|[from] Parting Shot\n|move|p1a: Palkia|Hydro Pump|p2a: Celesteela\n|-damage|p2a: Celesteela|82\/100\n|\n|-heal|p2a: Celesteela|88\/100|[from] item: Leftovers\n|upkeep\n|turn|10\n|\n|t:|1701133920\n|switch|p1a: Sceptile|Sceptile, F|100\/100\n|move|p2a: Celesteela|Earthquake|p1a: Sceptile\n|-resisted|p1a: Sceptile\n|-damage|p1a: Sceptile|84\/100\n|\n|-heal|p2a: Celesteela|94\/100|[from] item: Leftovers\n|upkeep\n|turn|11\n|\n|t:|1701133934\n|switch|p1a: Samurott|Samurott-Hisui, M|100\/100\n|switch|p2a: Grimmsnarl|Grimmsnarl, M|71\/100\n|\n|-sideend|p2: meykii|Reflect\n|upkeep\n|turn|12\n|\n|t:|1701133948\n|move|p2a: Grimmsnarl|Reflect|p2a: Grimmsnarl\n|-sidestart|p2: meykii|Reflect\n|move|p1a: Samurott|Knock Off|p2a: Grimmsnarl\n|-resisted|p2a: Grimmsnarl\n|-damage|p2a: Grimmsnarl|63\/100\n|-enditem|p2a: Grimmsnarl|Light Clay|[from] move: Knock Off|[of] p1a: Samurott\n|\n|upkeep\n|turn|13\n|\n|t:|1701133967\n|switch|p1a: Porygon2|Porygon2|100\/100\n|-ability|p1a: Porygon2|Prankster|[from] ability: Trace|[of] p2a: Grimmsnarl\n|switch|p2a: Swampert|Swampert, F|100\/100\n|\n|upkeep\n|turn|14\n|\n|t:|1701133983\n|detailschange|p2a: Swampert|Swampert-Mega, F\n|-mega|p2a: Swampert|Swampert|Swampertite\n|move|p2a: Swampert|Stealth Rock|p1a: Porygon2\n|-sidestart|p1: BlueB4llz|move: Stealth Rock\n|move|p1a: Porygon2|Teleport|p1a: Porygon2\n|\n|t:|1701134014\n|switch|p1a: Samurott|Samurott-Hisui, M|100\/100|[from] Teleport\n|-damage|p1a: Samurott|88\/100|[from] Stealth Rock\n|\n|upkeep\n|turn|15\n|\n|t:|1701134031\n|move|p1a: Samurott|Ceaseless Edge|p2a: Swampert\n|-damage|p2a: Swampert|84\/100\n|-sidestart|p2: meykii|Spikes\n|move|p2a: Swampert|Flip Turn|p1a: Samurott\n|-resisted|p1a: Samurott\n|-damage|p1a: Samurott|68\/100\n|\n|t:|1701134046\n|switch|p2a: Haxorus|Haxorus, F|100\/100|[from] Flip Turn\n|-ability|p2a: Haxorus|Unnerve\n|-damage|p2a: Haxorus|88\/100|[from] Spikes\n|\n|-sideend|p2: meykii|move: Light Screen\n|upkeep\n|turn|16\n|\n|t:|1701134071\n|switch|p1a: Porygon2|Porygon2|100\/100\n|-damage|p1a: Porygon2|88\/100|[from] Stealth Rock\n|-ability|p1a: Porygon2|Unnerve\n|-ability|p1a: Porygon2|Unnerve|[from] ability: Trace|[of] p2a: Haxorus\n|move|p2a: Haxorus|Scale Shot|p1a: Porygon2\n|-damage|p1a: Porygon2|81\/100\n|-damage|p1a: Porygon2|73\/100\n|-damage|p1a: Porygon2|67\/100\n|-damage|p1a: Porygon2|59\/100\n|-hitcount|p1a: Porygon2|4\n|-unboost|p2a: Haxorus|def|1\n|-boost|p2a: Haxorus|spe|1\n|\n|upkeep\n|turn|17\n|\n|t:|1701134086\n|switch|p2a: Armarouge|Armarouge, M|100\/100\n|-damage|p2a: Armarouge|88\/100|[from] Spikes\n|move|p1a: Porygon2|Ice Beam|p2a: Armarouge\n|-resisted|p2a: Armarouge\n|-damage|p2a: Armarouge|76\/100\n|\n|upkeep\n|turn|18\n|\n|t:|1701134114\n|switch|p1a: Samurott|Samurott-Hisui, M|68\/100\n|-damage|p1a: Samurott|56\/100|[from] Stealth Rock\n|move|p2a: Armarouge|Armor Cannon|p1a: Samurott\n|-resisted|p1a: Samurott\n|-damage|p1a: Samurott|0 fnt\n|-unboost|p2a: Armarouge|def|1\n|-unboost|p2a: Armarouge|spd|1\n|faint|p1a: Samurott\n|\n|upkeep\n|\n|t:|1701134182\n|switch|p1a: Palkia|Palkia-Origin|51\/100\n|-damage|p1a: Palkia|39\/100|[from] Stealth Rock\n|-ability|p1a: Palkia|Pressure\n|turn|19\n|\n|t:|1701134189\n|switch|p2a: Lugia|Lugia|100\/100\n|move|p1a: Palkia|Hydro Pump|p2a: Lugia\n|-damage|p2a: Lugia|81\/100\n|\n|-sideend|p2: meykii|Reflect\n|upkeep\n|turn|20\n|\n|t:|1701134217\n|switch|p1a: Aegislash|Aegislash, M, shiny|75\/100\n|-damage|p1a: Aegislash|69\/100|[from] Stealth Rock\n|move|p2a: Lugia|Defog|p1a: Aegislash\n|-unboost|p1a: Aegislash|evasion|1\n|-sideend|p1: BlueB4llz|Stealth Rock|[from] move: Defog|[of] p2a: Lugia\n|-sideend|p2: meykii|Spikes|[from] move: Defog|[of] p2a: Lugia\n|\n|-heal|p1a: Aegislash|75\/100|[from] item: Leftovers\n|upkeep\n|turn|21\n|\n|t:|1701134239\n|switch|p2a: Grimmsnarl|Grimmsnarl, M|63\/100\n|move|p1a: Aegislash|Substitute|p1a: Aegislash\n|-start|p1a: Aegislash|Substitute\n|-damage|p1a: Aegislash|50\/100\n|\n|-heal|p1a: Aegislash|57\/100|[from] item: Leftovers\n|upkeep\n|turn|22\n|\n|t:|1701134246\n|move|p2a: Grimmsnarl|Parting Shot|p1a: Aegislash\n|-unboost|p1a: Aegislash|atk|1\n|-unboost|p1a: Aegislash|spa|1\n|\n|t:|1701134248\n|switch|p2a: Celesteela|Celesteela|94\/100|[from] Parting Shot\n|move|p1a: Aegislash|Toxic|p2a: Celesteela\n|-immune|p2a: Celesteela\n|\n|-heal|p2a: Celesteela|99\/100|[from] item: Leftovers\n|-heal|p1a: Aegislash|63\/100|[from] item: Leftovers\n|upkeep\n|turn|23\n|\n|t:|1701134254\n|move|p2a: Celesteela|Earthquake|p1a: Aegislash\n|-supereffective|p1a: Aegislash\n|-end|p1a: Aegislash|Substitute\n|-formechange|p1a: Aegislash|Aegislash-Blade||[from] ability: Stance Change\n|move|p1a: Aegislash|Shadow Ball|p2a: Celesteela\n|-crit|p2a: Celesteela\n|-damage|p2a: Celesteela|57\/100\n|\n|-heal|p2a: Celesteela|63\/100|[from] item: Leftovers\n|-heal|p1a: Aegislash|69\/100|[from] item: Leftovers\n|upkeep\n|turn|24\n|\n|t:|1701134267\n|switch|p2a: Grimmsnarl|Grimmsnarl, M|63\/100\n|switch|p1a: Porygon2|Porygon2|59\/100\n|-ability|p1a: Porygon2|Prankster|[from] ability: Trace|[of] p2a: Grimmsnarl\n|\n|upkeep\n|turn|25\n|\n|t:|1701134275\n|move|p1a: Porygon2|Recover|p1a: Porygon2\n|-heal|p1a: Porygon2|100\/100\n|move|p2a: Grimmsnarl|Light Screen|p2a: Grimmsnarl\n|-sidestart|p2: meykii|move: Light Screen\n|\n|upkeep\n|turn|26\n|\n|t:|1701134303\n|switch|p2a: Swampert|Swampert-Mega, F|84\/100\n|move|p1a: Porygon2|Ice Beam|p2a: Swampert\n|-damage|p2a: Swampert|77\/100\n|\n|upkeep\n|turn|27\n|\n|t:|1701134308\n|move|p2a: Swampert|Stealth Rock|p1a: Porygon2\n|-sidestart|p1: BlueB4llz|move: Stealth Rock\n|move|p1a: Porygon2|Teleport|p1a: Porygon2\n|\n|t:|1701134316\n|switch|p1a: Sceptile|Sceptile, F|84\/100|[from] Teleport\n|-damage|p1a: Sceptile|71\/100|[from] Stealth Rock\n|\n|upkeep\n|turn|28\n|\n|t:|1701134328\n|switch|p2a: Lugia|Lugia|81\/100\n|detailschange|p1a: Sceptile|Sceptile-Mega, F\n|-mega|p1a: Sceptile|Sceptile|Sceptilite\n|move|p1a: Sceptile|Leaf Blade|p2a: Lugia\n|-resisted|p2a: Lugia\n|-damage|p2a: Lugia|66\/100\n|\n|upkeep\n|turn|29\n|\n|t:|1701134341\n|switch|p1a: Aegislash|Aegislash, M, shiny|69\/100\n|-damage|p1a: Aegislash|63\/100|[from] Stealth Rock\n|move|p2a: Lugia|Roost|p2a: Lugia\n|-heal|p2a: Lugia|100\/100\n|-singleturn|p2a: Lugia|move: Roost\n|\n|-heal|p1a: Aegislash|69\/100|[from] item: Leftovers\n|-sideend|p2: meykii|move: Light Screen\n|upkeep\n|turn|30\n|\n|t:|1701134359\n|switch|p2a: Swampert|Swampert-Mega, F|77\/100\n|-formechange|p1a: Aegislash|Aegislash-Blade||[from] ability: Stance Change\n|move|p1a: Aegislash|Shadow Ball|p2a: Swampert\n|-damage|p2a: Swampert|45\/100\n|\n|-heal|p1a: Aegislash|75\/100|[from] item: Leftovers\n|upkeep\n|turn|31\n|\n|t:|1701134370\n|-formechange|p1a: Aegislash|Aegislash||[from] ability: Stance Change\n|move|p1a: Aegislash|King's Shield|p1a: Aegislash\n|-singleturn|p1a: Aegislash|Protect\n|move|p2a: Swampert|Flip Turn|p1a: Aegislash\n|-activate|p1a: Aegislash|move: Protect\n|-unboost|p2a: Swampert|atk|1\n|\n|-heal|p1a: Aegislash|81\/100|[from] item: Leftovers\n|upkeep\n|turn|32\n|\n|t:|1701134379\n|switch|p1a: Porygon2|Porygon2|100\/100\n|-damage|p1a: Porygon2|88\/100|[from] Stealth Rock\n|-ability|p1a: Porygon2|Swift Swim|[from] ability: Trace|[of] p2a: Swampert\n|move|p2a: Swampert|Flip Turn|p1a: Porygon2\n|-damage|p1a: Porygon2|79\/100\n|\n|t:|1701134388\n|switch|p2a: Armarouge|Armarouge, M|76\/100|[from] Flip Turn\n|\n|upkeep\n|turn|33\n|\n|t:|1701134414\n|move|p2a: Armarouge|Armor Cannon|p1a: Porygon2\n|-damage|p1a: Porygon2|18\/100\n|-unboost|p2a: Armarouge|def|1\n|-unboost|p2a: Armarouge|spd|1\n|move|p1a: Porygon2|Teleport|p1a: Porygon2\n|\n|t:|1701134438\n|switch|p1a: Toxtricity|Toxtricity, F|100\/100|[from] Teleport\n|-damage|p1a: Toxtricity|88\/100|[from] Stealth Rock\n|\n|upkeep\n|turn|34\n|\n|t:|1701134460\n|move|p1a: Toxtricity|Overdrive|p2a: Armarouge\n|-damage|p2a: Armarouge|0 fnt\n|faint|p2a: Armarouge\n|\n|upkeep\n|\n|t:|1701134463\n|switch|p2a: Haxorus|Haxorus, F|88\/100\n|-ability|p2a: Haxorus|Unnerve\n|turn|35\n|\n|t:|1701134478\n|switch|p1a: Porygon2|Porygon2|18\/100\n|-damage|p1a: Porygon2|5\/100|[from] Stealth Rock\n|-ability|p1a: Porygon2|Unnerve\n|-ability|p1a: Porygon2|Unnerve|[from] ability: Trace|[of] p2a: Haxorus\n|move|p2a: Haxorus|Scale Shot|p1a: Porygon2\n|-damage|p1a: Porygon2|0 fnt\n|faint|p1a: Porygon2\n|-hitcount|p1: Porygon2|1\n|-unboost|p2a: Haxorus|def|1\n|-boost|p2a: Haxorus|spe|1\n|\n|upkeep\n|\n|t:|1701134491\n|switch|p1a: Aegislash|Aegislash, M, shiny|81\/100\n|-damage|p1a: Aegislash|75\/100|[from] Stealth Rock\n|turn|36\n|\n|t:|1701134518\n|-terastallize|p2a: Haxorus|Fire\n|move|p2a: Haxorus|Tera Blast|p1a: Aegislash|[anim] Tera Blast Fire\n|-supereffective|p1a: Aegislash\n|-damage|p1a: Aegislash|8\/100\n|move|p1a: Aegislash|Toxic|p2a: Haxorus\n|-status|p2a: Haxorus|tox\n|\n|-heal|p1a: Aegislash|14\/100|[from] item: Leftovers\n|-damage|p2a: Haxorus|82\/100 tox|[from] psn\n|upkeep\n|turn|37\n|\n|t:|1701134569\n|move|p1a: Aegislash|King's Shield|p1a: Aegislash\n|-singleturn|p1a: Aegislash|Protect\n|move|p2a: Haxorus|Scale Shot|p1a: Aegislash\n|-activate|p1a: Aegislash|move: Protect\n|\n|-heal|p1a: Aegislash|20\/100|[from] item: Leftovers\n|-damage|p2a: Haxorus|70\/100 tox|[from] psn\n|upkeep\n|turn|38\n|\n|t:|1701134596\n|move|p1a: Aegislash|King's Shield||[still]\n|-fail|p1a: Aegislash\n|move|p2a: Haxorus|Scale Shot|p1a: Aegislash\n|-resisted|p1a: Aegislash\n|-damage|p1a: Aegislash|14\/100\n|-resisted|p1a: Aegislash\n|-damage|p1a: Aegislash|9\/100\n|-resisted|p1a: Aegislash\n|-damage|p1a: Aegislash|2\/100\n|-resisted|p1a: Aegislash\n|-damage|p1a: Aegislash|0 fnt\n|faint|p1a: Aegislash\n|-hitcount|p1: Aegislash|4\n|-unboost|p2a: Haxorus|def|1\n|-boost|p2a: Haxorus|spe|1\n|\n|-damage|p2a: Haxorus|52\/100 tox|[from] psn\n|upkeep\n|\n|t:|1701134612\n|switch|p1a: Palkia|Palkia-Origin|39\/100\n|-damage|p1a: Palkia|26\/100|[from] Stealth Rock\n|-ability|p1a: Palkia|Pressure\n|turn|39\n|\n|t:|1701134626\n|move|p2a: Haxorus|Scale Shot|p1a: Palkia\n|-supereffective|p1a: Palkia\n|-damage|p1a: Palkia|0 fnt\n|faint|p1a: Palkia\n|-hitcount|p1: Palkia|1\n|-unboost|p2a: Haxorus|def|1\n|-boost|p2a: Haxorus|spe|1\n|\n|-damage|p2a: Haxorus|27\/100 tox|[from] psn\n|upkeep\n|\n|t:|1701134633\n|switch|p1a: Sceptile|Sceptile-Mega, F|71\/100\n|-damage|p1a: Sceptile|59\/100|[from] Stealth Rock\n|turn|40\n|\n|t:|1701134638\n|move|p2a: Haxorus|Scale Shot|p1a: Sceptile|[miss]\n|-miss|p2a: Haxorus|p1a: Sceptile\n|move|p1a: Sceptile|Leaf Blade|p2a: Haxorus\n|-resisted|p2a: Haxorus\n|-damage|p2a: Haxorus|0 fnt\n|faint|p2a: Haxorus\n|\n|upkeep\n|\n|t:|1701134646\n|switch|p2a: Grimmsnarl|Grimmsnarl, M|63\/100\n|turn|41\n|\n|t:|1701134660\n|move|p2a: Grimmsnarl|Reflect|p2a: Grimmsnarl\n|-sidestart|p2: meykii|Reflect\n|move|p1a: Sceptile|Leaf Blade|p2a: Grimmsnarl\n|-damage|p2a: Grimmsnarl|33\/100\n|\n|upkeep\n|turn|42\n|\n|t:|1701134667\n|move|p2a: Grimmsnarl|Parting Shot|p1a: Sceptile\n|-unboost|p1a: Sceptile|atk|1\n|-unboost|p1a: Sceptile|spa|1\n|\n|t:|1701134669\n|switch|p2a: Celesteela|Celesteela|63\/100|[from] Parting Shot\n|move|p1a: Sceptile|Dragon Dance|p1a: Sceptile\n|-boost|p1a: Sceptile|atk|1\n|-boost|p1a: Sceptile|spe|1\n|\n|-heal|p2a: Celesteela|69\/100|[from] item: Leftovers\n|upkeep\n|turn|43\n|\n|t:|1701134677\n|move|p1a: Sceptile|Dragon Claw|p2a: Celesteela\n|-resisted|p2a: Celesteela\n|-damage|p2a: Celesteela|60\/100\n|move|p2a: Celesteela|Earthquake|p1a: Sceptile\n|-resisted|p1a: Sceptile\n|-damage|p1a: Sceptile|42\/100\n|\n|-heal|p2a: Celesteela|66\/100|[from] item: Leftovers\n|upkeep\n|turn|44\n|\n|t:|1701134685\n|move|p1a: Sceptile|Dragon Claw|p2a: Celesteela\n|-resisted|p2a: Celesteela\n|-damage|p2a: Celesteela|58\/100\n|move|p2a: Celesteela|Earthquake|p1a: Sceptile\n|-resisted|p1a: Sceptile\n|-damage|p1a: Sceptile|26\/100\n|\n|-heal|p2a: Celesteela|64\/100|[from] item: Leftovers\n|upkeep\n|turn|45\n|\n|t:|1701134690\n|move|p1a: Sceptile|Dragon Claw|p2a: Celesteela\n|-resisted|p2a: Celesteela\n|-damage|p2a: Celesteela|56\/100\n|move|p2a: Celesteela|Earthquake|p1a: Sceptile\n|-resisted|p1a: Sceptile\n|-damage|p1a: Sceptile|10\/100\n|\n|-heal|p2a: Celesteela|62\/100|[from] item: Leftovers\n|-sideend|p2: meykii|Reflect\n|upkeep\n|turn|46\n|\n|t:|1701134698\n|move|p2a: Celesteela|Protect|p2a: Celesteela\n|-singleturn|p2a: Celesteela|Protect\n|move|p1a: Sceptile|Dragon Claw|p2a: Celesteela\n|-activate|p2a: Celesteela|move: Protect\n|\n|-heal|p2a: Celesteela|68\/100|[from] item: Leftovers\n|upkeep\n|turn|47\n|\n|t:|1701134701\n|move|p1a: Sceptile|Dragon Claw|p2a: Celesteela\n|-resisted|p2a: Celesteela\n|-damage|p2a: Celesteela|51\/100\n|move|p2a: Celesteela|Earthquake|p1a: Sceptile\n|-resisted|p1a: Sceptile\n|-damage|p1a: Sceptile|0 fnt\n|faint|p1a: Sceptile\n|-ability|p2a: Celesteela|Beast Boost|boost\n|-boost|p2a: Celesteela|spd|1\n|\n|-heal|p2a: Celesteela|57\/100|[from] item: Leftovers\n|upkeep\n|\n|t:|1701134707\n|switch|p1a: Toxtricity|Toxtricity, F|88\/100\n|-damage|p1a: Toxtricity|76\/100|[from] Stealth Rock\n|turn|48\n|\n|t:|1701134714\n|-terastallize|p1a: Toxtricity|Electric\n|move|p1a: Toxtricity|Overdrive|p2a: Celesteela\n|-supereffective|p2a: Celesteela\n|-damage|p2a: Celesteela|0 fnt\n|faint|p2a: Celesteela\n|\n|upkeep\n|\n|t:|1701134719\n|switch|p2a: Grimmsnarl|Grimmsnarl, M|33\/100\n|turn|49\n|\n|t:|1701134723\n|move|p2a: Grimmsnarl|Light Screen|p2a: Grimmsnarl\n|-sidestart|p2: meykii|move: Light Screen\n|move|p1a: Toxtricity|Overdrive|p2a: Grimmsnarl\n|-damage|p2a: Grimmsnarl|9\/100\n|\n|upkeep\n|turn|50\n|\n|t:|1701134734\n|move|p2a: Grimmsnarl|Parting Shot|p1a: Toxtricity\n|-unboost|p1a: Toxtricity|atk|1\n|-unboost|p1a: Toxtricity|spa|1\n|\n|t:|1701134736\n|switch|p2a: Swampert|Swampert-Mega, F|45\/100|[from] Parting Shot\n|move|p1a: Toxtricity|Overdrive|p2a: Swampert\n|-immune|p2a: Swampert\n|\n|upkeep\n|turn|51\n|\n|t:|1701134739\n|move|p1a: Toxtricity|Boomburst|p2a: Swampert\n|-damage|p2a: Swampert|30\/100\n|move|p2a: Swampert|Earthquake|p1a: Toxtricity\n|-supereffective|p1a: Toxtricity\n|-damage|p1a: Toxtricity|0 fnt\n|faint|p1a: Toxtricity\n|\n|win|meykii\n","uploadtime":1701134745,"views":7,"p1id":"blueb4llz","p2id":"meykii","formatid":"gen9nationaldexubers","rating":0,"private":0,"password":""}