{"id":"gen9nationaldexubers-1999012726","p1":"Lorekeeper Dylan","p2":"Kebabologist","format":"[Gen 9] National Dex Ubers","log":"|j|\u2606Lorekeeper Dylan\n|j|\u2606Kebabologist\n|t:|1701023812\n|gametype|singles\n|player|p1|Lorekeeper Dylan|red|1192\n|player|p2|Kebabologist|benga|1198\n|teamsize|p1|6\n|teamsize|p2|6\n|gen|9\n|tier|[Gen 9] National Dex Ubers\n|rated|\n|rule|HP Percentage Mod: HP is shown in percentages\n|rule|Endless Battle Clause: Forcing endless battles is banned\n|rule|OHKO Clause: OHKO moves are banned\n|rule|Evasion Moves Clause: Evasion moves are banned\n|rule|Evasion Items Clause: Evasion items are banned\n|rule|Species Clause: Limit one of each Pok\u00e9mon\n|rule|Sleep Clause Mod: Limit one foe put to sleep\n|rule|Mega Rayquaza Clause: You cannot mega evolve Rayquaza\n|clearpoke\n|poke|p1|Greninja-*, M|\n|poke|p1|Garganacl, M|\n|poke|p1|Zamazenta-*|\n|poke|p1|Yveltal|\n|poke|p1|Chi-Yu|\n|poke|p1|Palafin, F|\n|poke|p2|Blaziken, M|\n|poke|p2|Hydreigon, F|\n|poke|p2|Aegislash, F|\n|poke|p2|Manectric, F|\n|poke|p2|Sharpedo, M|\n|poke|p2|Aerodactyl, M|\n|teampreview\n|inactive|Battle timer is ON: inactive players will automatically lose when time's up. (requested by Lorekeeper Dylan)\n|inactive|Kebabologist also wants the timer to be on.\n|inactive|Lorekeeper Dylan has 120 seconds left.\n|\n|t:|1701023848\n|start\n|switch|p1a: Super Dolphin|Palafin, F|100\/100\n|switch|p2a: Aerodactyl|Aerodactyl, M|100\/100\n|-ability|p2a: Aerodactyl|Pressure\n|turn|1\n|\n|t:|1701023855\n|move|p2a: Aerodactyl|Taunt|p1a: Super Dolphin\n|-start|p1a: Super Dolphin|move: Taunt\n|move|p1a: Super Dolphin|Flip Turn|p2a: Aerodactyl\n|-supereffective|p2a: Aerodactyl\n|-damage|p2a: Aerodactyl|42\/100\n|\n|t:|1701023865\n|detailschange|p1a: Super Dolphin|Palafin-Hero, F\n|switch|p1a: Zamazenta|Zamazenta-Crowned|100\/100|[from] Flip Turn\n|-ability|p1a: Zamazenta|Dauntless Shield|boost\n|-boost|p1a: Zamazenta|def|1\n|\n|upkeep\n|turn|2\n|\n|t:|1701023871\n|move|p2a: Aerodactyl|Stealth Rock|p1a: Zamazenta\n|-sidestart|p1: Lorekeeper Dylan|move: Stealth Rock\n|move|p1a: Zamazenta|Light Screen|p1a: Zamazenta\n|-sidestart|p1: Lorekeeper Dylan|move: Light Screen\n|\n|upkeep\n|turn|3\n|\n|t:|1701023876\n|move|p2a: Aerodactyl|Taunt|p1a: Zamazenta\n|-start|p1a: Zamazenta|move: Taunt\n|cant|p1a: Zamazenta|move: Taunt|Reflect\n|\n|upkeep\n|turn|4\n|\n|t:|1701023886\n|switch|p2a: Blaziken|Blaziken, M|100\/100\n|move|p1a: Zamazenta|Crunch|p2a: Blaziken\n|-resisted|p2a: Blaziken\n|-damage|p2a: Blaziken|85\/100\n|\n|upkeep\n|turn|5\n|\n|t:|1701023893\n|detailschange|p2a: Blaziken|Blaziken-Mega, M\n|-mega|p2a: Blaziken|Blaziken|Blazikenite\n|move|p2a: Blaziken|Swords Dance|p2a: Blaziken\n|-boost|p2a: Blaziken|atk|2\n|move|p1a: Zamazenta|Crunch|p2a: Blaziken\n|-resisted|p2a: Blaziken\n|-damage|p2a: Blaziken|69\/100\n|\n|-end|p1a: Zamazenta|move: Taunt\n|-ability|p2a: Blaziken|Speed Boost|boost\n|-boost|p2a: Blaziken|spe|1\n|upkeep\n|turn|6\n|\n|t:|1701023912\n|switch|p1a: Jamie Greninja|Greninja, M|100\/100\n|-damage|p1a: Jamie Greninja|88\/100|[from] Stealth Rock\n|move|p2a: Blaziken|Swords Dance|p2a: Blaziken\n|-boost|p2a: Blaziken|atk|2\n|\n|-sideend|p1: Lorekeeper Dylan|move: Light Screen\n|-ability|p2a: Blaziken|Speed Boost|boost\n|-boost|p2a: Blaziken|spe|1\n|upkeep\n|turn|7\n|\n|t:|1701023921\n|move|p2a: Blaziken|Protect|p2a: Blaziken\n|-singleturn|p2a: Blaziken|Protect\n|move|p1a: Jamie Greninja|Water Shuriken|p2a: Blaziken\n|-activate|p2a: Blaziken|move: Protect\n|\n|-ability|p2a: Blaziken|Speed Boost|boost\n|-boost|p2a: Blaziken|spe|1\n|upkeep\n|turn|8\n|\n|t:|1701023928\n|move|p1a: Jamie Greninja|Water Shuriken|p2a: Blaziken\n|-supereffective|p2a: Blaziken\n|-damage|p2a: Blaziken|49\/100\n|-supereffective|p2a: Blaziken\n|-damage|p2a: Blaziken|27\/100\n|-hitcount|p2a: Blaziken|2\n|move|p2a: Blaziken|Close Combat|p1a: Jamie Greninja\n|-supereffective|p1a: Jamie Greninja\n|-damage|p1a: Jamie Greninja|0 fnt\n|-unboost|p2a: Blaziken|def|1\n|-unboost|p2a: Blaziken|spd|1\n|faint|p1a: Jamie Greninja\n|\n|-ability|p2a: Blaziken|Speed Boost|boost\n|-boost|p2a: Blaziken|spe|1\n|upkeep\n|\n|t:|1701023940\n|switch|p1a: Super Dolphin|Palafin-Hero, F|100\/100\n|-damage|p1a: Super Dolphin|88\/100|[from] Stealth Rock\n|-activate|p1a: Super Dolphin|ability: Zero to Hero\n|turn|9\n|\n|t:|1701023947\n|move|p2a: Blaziken|Close Combat|p1a: Super Dolphin\n|-damage|p1a: Super Dolphin|0 fnt\n|-unboost|p2a: Blaziken|def|1\n|-unboost|p2a: Blaziken|spd|1\n|faint|p1a: Super Dolphin\n|\n|-ability|p2a: Blaziken|Speed Boost|boost\n|-boost|p2a: Blaziken|spe|1\n|upkeep\n|\n|t:|1701023955\n|switch|p1a: Big bad Boii|Yveltal|100\/100\n|-damage|p1a: Big bad Boii|75\/100|[from] Stealth Rock\n|-ability|p1a: Big bad Boii|Dark Aura\n|turn|10\n|\n|t:|1701023962\n|move|p2a: Blaziken|Close Combat|p1a: Big bad Boii\n|-damage|p1a: Big bad Boii|0 fnt\n|-unboost|p2a: Blaziken|def|1\n|-unboost|p2a: Blaziken|spd|1\n|faint|p1a: Big bad Boii\n|\n|-ability|p2a: Blaziken|Speed Boost|boost\n|-boost|p2a: Blaziken|spe|1\n|upkeep\n|\n|t:|1701023970\n|switch|p1a: Garganacl|Garganacl, M|100\/100\n|-damage|p1a: Garganacl|88\/100|[from] Stealth Rock\n|turn|11\n|\n|t:|1701023974\n|move|p2a: Blaziken|Close Combat|p1a: Garganacl\n|-supereffective|p1a: Garganacl\n|-damage|p1a: Garganacl|0 fnt\n|-unboost|p2a: Blaziken|def|1\n|-unboost|p2a: Blaziken|spd|1\n|faint|p1a: Garganacl\n|\n|upkeep\n|\n|t:|1701023981\n|switch|p1a: Zamazenta|Zamazenta-Crowned|100\/100\n|-damage|p1a: Zamazenta|97\/100|[from] Stealth Rock\n|turn|12\n|\n|t:|1701023989\n|move|p2a: Blaziken|Close Combat|p1a: Zamazenta\n|-supereffective|p1a: Zamazenta\n|-damage|p1a: Zamazenta|0 fnt\n|-unboost|p2a: Blaziken|def|1\n|-unboost|p2a: Blaziken|spd|1\n|faint|p1a: Zamazenta\n|\n|upkeep\n|\n|t:|1701023995\n|switch|p1a: Chi-Yu|Chi-Yu|100\/100\n|-damage|p1a: Chi-Yu|76\/100|[from] Stealth Rock\n|-ability|p1a: Chi-Yu|Beads of Ruin\n|turn|13\n|\n|t:|1701024003\n|move|p2a: Blaziken|Close Combat|p1a: Chi-Yu\n|-supereffective|p1a: Chi-Yu\n|-damage|p1a: Chi-Yu|0 fnt\n|-unboost|p2a: Blaziken|def|1\n|-unboost|p2a: Blaziken|spd|1\n|faint|p1a: Chi-Yu\n|\n|win|Kebabologist\n|raw|Lorekeeper Dylan's rating: 1192 &rarr; <strong>1167<\/strong><br \/>(-25 for losing)\n|raw|Kebabologist's rating: 1198 &rarr; <strong>1223<\/strong><br \/>(+25 for winning)\n|l|\u2606Lorekeeper Dylan\n","uploadtime":1701024011,"views":3,"p1id":"lorekeeperdylan","p2id":"kebabologist","formatid":"gen9nationaldexubers","rating":1167,"private":0,"password":""}