{"id":"gen9nationaldexubers-1980913797","p1":"SamChu10","p2":"onaerybluer","format":"[Gen 9] National Dex Ubers","log":"|j|\u2606SamChu10\n|j|\u2606onaerybluer\n|t:|1698848501\n|gametype|singles\n|player|p1|SamChu10|benga|1354\n|player|p2|onaerybluer|bellelba|1367\n|teamsize|p1|6\n|teamsize|p2|6\n|gen|9\n|tier|[Gen 9] National Dex Ubers\n|rated|\n|rule|HP Percentage Mod: HP is shown in percentages\n|rule|Endless Battle Clause: Forcing endless battles is banned\n|rule|OHKO Clause: OHKO moves are banned\n|rule|Evasion Moves Clause: Evasion moves are banned\n|rule|Evasion Items Clause: Evasion items are banned\n|rule|Species Clause: Limit one of each Pok\u00e9mon\n|rule|Sleep Clause Mod: Limit one foe put to sleep\n|rule|Mega Rayquaza Clause: You cannot mega evolve Rayquaza\n|clearpoke\n|poke|p1|Metagross|\n|poke|p1|Gyarados, F|\n|poke|p1|Charizard, F|\n|poke|p1|Roserade, M|\n|poke|p1|Dragapult, M|\n|poke|p1|Sandy Shocks|\n|poke|p2|Kangaskhan, F|\n|poke|p2|Blissey, F|\n|poke|p2|Gholdengo|\n|poke|p2|Chien-Pao|\n|poke|p2|Flutter Mane|\n|poke|p2|Kingambit, F|\n|teampreview\n|inactive|Battle timer is ON: inactive players will automatically lose when time's up. (requested by onaerybluer)\n|\n|t:|1698848507\n|start\n|switch|p1a: Roserade|Roserade, M|100\/100\n|switch|p2a: Gholdengo|Gholdengo|100\/100\n|turn|1\n|\n|t:|1698848512\n|switch|p1a: Charizard|Charizard, F|100\/100\n|move|p2a: Gholdengo|Trick|p1a: Charizard\n|-activate|p2a: Gholdengo|move: Trick|[of] p1a: Charizard\n|-item|p1a: Charizard|Choice Scarf|[from] move: Trick\n|-item|p2a: Gholdengo|Choice Scarf|[from] move: Trick\n|\n|upkeep\n|turn|2\n|\n|t:|1698848524\n|switch|p2a: Blissey|Blissey, F|100\/100\n|move|p1a: Charizard|Flamethrower|p2a: Blissey\n|-damage|p2a: Blissey|87\/100\n|\n|upkeep\n|turn|3\n|\n|t:|1698848535\n|switch|p1a: Gyarados|Gyarados, F|100\/100\n|-ability|p1a: Gyarados|Intimidate|boost\n|-unboost|p2a: Blissey|atk|1\n|move|p2a: Blissey|Thunder Wave|p1a: Gyarados\n|-status|p1a: Gyarados|par\n|\n|upkeep\n|turn|4\n|\n|t:|1698848552\n|switch|p2a: Gholdengo|Gholdengo|100\/100\n|move|p1a: Gyarados|Dragon Dance|p1a: Gyarados\n|-boost|p1a: Gyarados|atk|1\n|-boost|p1a: Gyarados|spe|1\n|\n|upkeep\n|turn|5\n|\n|t:|1698848561\n|move|p2a: Gholdengo|Shadow Ball|p1a: Gyarados\n|-damage|p1a: Gyarados|56\/100 par\n|cant|p1a: Gyarados|par\n|\n|upkeep\n|turn|6\n|\n|t:|1698848567\n|move|p2a: Gholdengo|Shadow Ball|p1a: Gyarados\n|-damage|p1a: Gyarados|14\/100 par\n|move|p1a: Gyarados|Crunch|p2a: Gholdengo\n|-supereffective|p2a: Gholdengo\n|-damage|p2a: Gholdengo|6\/100\n|-unboost|p2a: Gholdengo|def|1\n|\n|upkeep\n|turn|7\n|\n|t:|1698848574\n|move|p2a: Gholdengo|Shadow Ball|p1a: Gyarados\n|-damage|p1a: Gyarados|0 fnt\n|faint|p1a: Gyarados\n|\n|upkeep\n|\n|t:|1698848588\n|switch|p1a: Metagross|Metagross|100\/100\n|turn|8\n|\n|t:|1698848591\n|detailschange|p1a: Metagross|Metagross-Mega\n|-mega|p1a: Metagross|Metagross|Metagrossite\n|move|p1a: Metagross|Bullet Punch|p2a: Gholdengo\n|-resisted|p2a: Gholdengo\n|-damage|p2a: Gholdengo|0 fnt\n|faint|p2a: Gholdengo\n|\n|upkeep\n|\n|t:|1698848603\n|switch|p2a: Kangaskhan|Kangaskhan, F|100\/100\n|turn|9\n|\n|t:|1698848621\n|switch|p1a: Dragapult|Dragapult, M|100\/100\n|detailschange|p2a: Kangaskhan|Kangaskhan-Mega, F\n|-mega|p2a: Kangaskhan|Kangaskhan|Kangaskhanite\n|move|p2a: Kangaskhan|Fake Out|p1a: Dragapult\n|-immune|p1a: Dragapult\n|\n|upkeep\n|turn|10\n|\n|t:|1698848632\n|-terastallize|p1a: Dragapult|Dragon\n|move|p1a: Dragapult|Dragon Darts|p2a: Kangaskhan\n|-damage|p2a: Kangaskhan|54\/100\n|-anim|p1a: Dragapult|Dragon Darts|p2a: Kangaskhan\n|-damage|p2a: Kangaskhan|10\/100\n|move|p2a: Kangaskhan|Shadow Claw|p1a: Dragapult\n|-damage|p1a: Dragapult|69\/100\n|-crit|p1a: Dragapult\n|-damage|p1a: Dragapult|56\/100\n|-hitcount|p1a: Dragapult|2\n|\n|upkeep\n|turn|11\n|\n|t:|1698848643\n|move|p1a: Dragapult|Dragon Darts|p2a: Kangaskhan\n|-damage|p2a: Kangaskhan|0 fnt\n|faint|p2a: Kangaskhan\n|\n|upkeep\n|\n|t:|1698848650\n|switch|p2a: Chien-Pao|Chien-Pao|100\/100\n|-ability|p2a: Chien-Pao|Sword of Ruin\n|turn|12\n|\n|t:|1698848656\n|move|p2a: Chien-Pao|Ice Shard|p1a: Dragapult\n|-supereffective|p1a: Dragapult\n|-damage|p1a: Dragapult|0 fnt\n|faint|p1a: Dragapult\n|\n|upkeep\n|\n|t:|1698848659\n|switch|p1a: Charizard|Charizard, F|100\/100\n|turn|13\n|\n|t:|1698848663\n|switch|p2a: Blissey|Blissey, F|87\/100\n|move|p1a: Charizard|Flamethrower|p2a: Blissey\n|-damage|p2a: Blissey|73\/100\n|\n|upkeep\n|turn|14\n|\n|t:|1698848673\n|switch|p1a: Roserade|Roserade, M|100\/100\n|move|p2a: Blissey|Thunder Wave|p1a: Roserade|[miss]\n|-miss|p2a: Blissey|p1a: Roserade\n|\n|upkeep\n|turn|15\n|\n|t:|1698848678\n|move|p1a: Roserade|Sleep Powder|p2a: Blissey|[miss]\n|-miss|p1a: Roserade|p2a: Blissey\n|move|p2a: Blissey|Seismic Toss|p1a: Roserade\n|-damage|p1a: Roserade|62\/100\n|\n|upkeep\n|turn|16\n|\n|t:|1698848689\n|move|p1a: Roserade|Sleep Powder|p2a: Blissey\n|-status|p2a: Blissey|slp|[from] move: Sleep Powder\n|cant|p2a: Blissey|slp\n|\n|upkeep\n|turn|17\n|\n|t:|1698848693\n|-curestatus|p2a: Blissey|slp|[from] ability: Natural Cure\n|switch|p2a: Chien-Pao|Chien-Pao|100\/100\n|-ability|p2a: Chien-Pao|Sword of Ruin\n|move|p1a: Roserade|Giga Drain|p2a: Chien-Pao\n|-damage|p2a: Chien-Pao|37\/100\n|-heal|p1a: Roserade|99\/100|[from] drain|[of] p2a: Chien-Pao\n|\n|upkeep\n|turn|18\n|\n|t:|1698848704\n|switch|p1a: Metagross|Metagross-Mega|100\/100\n|move|p2a: Chien-Pao|Icicle Crash|p1a: Metagross\n|-resisted|p1a: Metagross\n|-damage|p1a: Metagross|67\/100\n|\n|upkeep\n|turn|19\n|\n|t:|1698848708\n|switch|p2a: Kingambit|Kingambit, F|100\/100\n|-activate|p2a: Kingambit|ability: Supreme Overlord\n|-start|p2a: Kingambit|fallen2|[silent]\n|move|p1a: Metagross|Bullet Punch|p2a: Kingambit\n|-resisted|p2a: Kingambit\n|-damage|p2a: Kingambit|89\/100\n|\n|-heal|p2a: Kingambit|96\/100|[from] item: Leftovers\n|upkeep\n|turn|20\n|\n|t:|1698848714\n|move|p1a: Metagross|Earthquake|p2a: Kingambit\n|-supereffective|p2a: Kingambit\n|-damage|p2a: Kingambit|45\/100\n|move|p2a: Kingambit|Kowtow Cleave|p1a: Metagross\n|-supereffective|p1a: Metagross\n|-damage|p1a: Metagross|0 fnt\n|faint|p1a: Metagross\n|\n|-heal|p2a: Kingambit|51\/100|[from] item: Leftovers\n|upkeep\n|\n|t:|1698848723\n|switch|p1a: Charizard|Charizard, F|100\/100\n|turn|21\n|\n|t:|1698848730\n|-end|p2a: Kingambit|fallen2|[silent]\n|switch|p2a: Blissey|Blissey, F|73\/100\n|move|p1a: Charizard|Flamethrower|p2a: Blissey\n|-damage|p2a: Blissey|61\/100\n|\n|upkeep\n|turn|22\n|\n|t:|1698848735\n|switch|p1a: Sandy Shocks|Sandy Shocks|100\/100\n|move|p2a: Blissey|Soft-Boiled|p2a: Blissey\n|-heal|p2a: Blissey|100\/100\n|\n|upkeep\n|turn|23\n|\n|t:|1698848741\n|move|p1a: Sandy Shocks|Earth Power|p2a: Blissey\n|-damage|p2a: Blissey|79\/100\n|move|p2a: Blissey|Stealth Rock|p1a: Sandy Shocks\n|-sidestart|p1: SamChu10|move: Stealth Rock\n|\n|upkeep\n|turn|24\n|\n|t:|1698848746\n|move|p1a: Sandy Shocks|Earth Power|p2a: Blissey\n|-damage|p2a: Blissey|58\/100\n|move|p2a: Blissey|Seismic Toss|p1a: Sandy Shocks\n|-damage|p1a: Sandy Shocks|68\/100\n|\n|upkeep\n|turn|25\n|\n|t:|1698848751\n|move|p1a: Sandy Shocks|Earth Power|p2a: Blissey\n|-damage|p2a: Blissey|39\/100\n|move|p2a: Blissey|Soft-Boiled|p2a: Blissey\n|-heal|p2a: Blissey|89\/100\n|\n|upkeep\n|turn|26\n|\n|t:|1698848758\n|move|p1a: Sandy Shocks|Earth Power|p2a: Blissey\n|-damage|p2a: Blissey|68\/100\n|move|p2a: Blissey|Seismic Toss|p1a: Sandy Shocks\n|-damage|p1a: Sandy Shocks|36\/100\n|\n|upkeep\n|turn|27\n|\n|t:|1698848763\n|move|p1a: Sandy Shocks|Earth Power|p2a: Blissey\n|-damage|p2a: Blissey|46\/100\n|move|p2a: Blissey|Seismic Toss|p1a: Sandy Shocks\n|-damage|p1a: Sandy Shocks|4\/100\n|\n|upkeep\n|turn|28\n|\n|t:|1698848770\n|move|p1a: Sandy Shocks|Earth Power|p2a: Blissey\n|-crit|p2a: Blissey\n|-damage|p2a: Blissey|18\/100\n|move|p2a: Blissey|Soft-Boiled|p2a: Blissey\n|-heal|p2a: Blissey|68\/100\n|\n|upkeep\n|turn|29\n|\n|t:|1698848777\n|move|p1a: Sandy Shocks|Earth Power|p2a: Blissey\n|-damage|p2a: Blissey|47\/100\n|move|p2a: Blissey|Soft-Boiled|p2a: Blissey\n|-heal|p2a: Blissey|97\/100\n|\n|upkeep\n|turn|30\n|\n|t:|1698848782\n|move|p1a: Sandy Shocks|Earth Power|p2a: Blissey\n|-damage|p2a: Blissey|78\/100\n|move|p2a: Blissey|Seismic Toss|p1a: Sandy Shocks\n|-damage|p1a: Sandy Shocks|0 fnt\n|faint|p1a: Sandy Shocks\n|-end|p1a: Sandy Shocks|Protosynthesis|[silent]\n|\n|upkeep\n|\n|t:|1698848806\n|switch|p1a: Roserade|Roserade, M|99\/100\n|-damage|p1a: Roserade|86\/100|[from] Stealth Rock\n|turn|31\n|\n|t:|1698848809\n|move|p1a: Roserade|Sleep Powder|p2a: Blissey|[miss]\n|-miss|p1a: Roserade|p2a: Blissey\n|move|p2a: Blissey|Thunder Wave|p1a: Roserade\n|-status|p1a: Roserade|par\n|\n|upkeep\n|turn|32\n|\n|t:|1698848814\n|move|p1a: Roserade|Sleep Powder|p2a: Blissey\n|-status|p2a: Blissey|slp|[from] move: Sleep Powder\n|cant|p2a: Blissey|slp\n|\n|upkeep\n|turn|33\n|\n|t:|1698848817\n|move|p1a: Roserade|Giga Drain|p2a: Blissey\n|-damage|p2a: Blissey|66\/100 slp\n|-heal|p1a: Roserade|100\/100 par|[from] drain|[of] p2a: Blissey\n|cant|p2a: Blissey|slp\n|\n|upkeep\n|turn|34\n|\n|t:|1698848821\n|-curestatus|p2a: Blissey|slp|[from] ability: Natural Cure\n|switch|p2a: Flutter Mane|Flutter Mane|100\/100\n|move|p1a: Roserade|Sludge Bomb|p2a: Flutter Mane\n|-damage|p2a: Flutter Mane|53\/100\n|\n|upkeep\n|turn|35\n|\n|t:|1698848827\n|move|p2a: Flutter Mane|Shadow Ball|p1a: Roserade\n|-damage|p1a: Roserade|46\/100 par\n|move|p1a: Roserade|Sleep Powder|p2a: Flutter Mane\n|-status|p2a: Flutter Mane|slp|[from] move: Sleep Powder\n|\n|upkeep\n|turn|36\n|\n|t:|1698848834\n|cant|p2a: Flutter Mane|slp\n|move|p1a: Roserade|Giga Drain|p2a: Flutter Mane\n|-damage|p2a: Flutter Mane|13\/100 slp\n|-heal|p1a: Roserade|65\/100 par|[from] drain|[of] p2a: Flutter Mane\n|\n|upkeep\n|turn|37\n|\n|t:|1698848840\n|cant|p2a: Flutter Mane|slp\n|move|p1a: Roserade|Giga Drain|p2a: Flutter Mane\n|-damage|p2a: Flutter Mane|0 fnt\n|-heal|p1a: Roserade|71\/100 par|[from] drain|[of] p2a: Flutter Mane\n|faint|p2a: Flutter Mane\n|-end|p2a: Flutter Mane|Protosynthesis|[silent]\n|\n|upkeep\n|\n|t:|1698848842\n|switch|p2a: Chien-Pao|Chien-Pao|37\/100\n|-ability|p2a: Chien-Pao|Sword of Ruin\n|turn|38\n|\n|t:|1698848848\n|move|p2a: Chien-Pao|Icicle Crash|p1a: Roserade\n|-supereffective|p1a: Roserade\n|-damage|p1a: Roserade|0 fnt\n|faint|p1a: Roserade\n|\n|upkeep\n|\n|t:|1698848851\n|switch|p1a: Charizard|Charizard, F|100\/100\n|-damage|p1a: Charizard|51\/100|[from] Stealth Rock\n|turn|39\n|\n|t:|1698848853\n|move|p1a: Charizard|Flamethrower|p2a: Chien-Pao\n|-supereffective|p2a: Chien-Pao\n|-damage|p2a: Chien-Pao|0 fnt\n|faint|p2a: Chien-Pao\n|\n|upkeep\n|\n|t:|1698848855\n|switch|p2a: Blissey|Blissey, F|66\/100\n|turn|40\n|\n|t:|1698848858\n|move|p1a: Charizard|Flamethrower|p2a: Blissey\n|-damage|p2a: Blissey|54\/100\n|move|p2a: Blissey|Seismic Toss|p1a: Charizard\n|-damage|p1a: Charizard|17\/100\n|\n|upkeep\n|turn|41\n|\n|t:|1698848861\n|move|p1a: Charizard|Flamethrower|p2a: Blissey\n|-damage|p2a: Blissey|36\/100\n|move|p2a: Blissey|Seismic Toss|p1a: Charizard\n|-damage|p1a: Charizard|0 fnt\n|faint|p1a: Charizard\n|\n|win|onaerybluer\n|raw|SamChu10's rating: 1354 &rarr; <strong>1335<\/strong><br \/>(-19 for losing)\n|raw|onaerybluer's rating: 1367 &rarr; <strong>1386<\/strong><br \/>(+19 for winning)\n","uploadtime":1698848864,"views":6,"p1id":"samchu10","p2id":"onaerybluer","formatid":"gen9nationaldexubers","rating":1335,"private":0,"password":""}