{"id":"gen9nationaldexubers-1981699441","p1":"Odj1022","p2":"GenesectGen5","format":"[Gen 9] National Dex Ubers","log":"|j|\u2606Odj1022\n|j|\u2606GenesectGen5\n|t:|1698934763\n|gametype|singles\n|player|p1|Odj1022|alder|1251\n|player|p2|GenesectGen5|veteran|1181\n|teamsize|p1|6\n|teamsize|p2|6\n|gen|9\n|tier|[Gen 9] National Dex Ubers\n|rated|\n|rule|HP Percentage Mod: HP is shown in percentages\n|rule|Endless Battle Clause: Forcing endless battles is banned\n|rule|OHKO Clause: OHKO moves are banned\n|rule|Evasion Moves Clause: Evasion moves are banned\n|rule|Evasion Items Clause: Evasion items are banned\n|rule|Species Clause: Limit one of each Pok\u00e9mon\n|rule|Sleep Clause Mod: Limit one foe put to sleep\n|rule|Mega Rayquaza Clause: You cannot mega evolve Rayquaza\n|clearpoke\n|poke|p1|Deoxys-Attack|\n|poke|p1|Groudon|\n|poke|p1|Charizard, M|\n|poke|p1|Magearna|\n|poke|p1|Marshadow|\n|poke|p1|Kyurem-White|\n|poke|p2|Gigalith, M|\n|poke|p2|Haxorus, F|\n|poke|p2|Serperior, M|\n|poke|p2|Stoutland, M|\n|poke|p2|Excadrill, F|\n|poke|p2|Landorus, M|\n|teampreview\n|inactive|Battle timer is ON: inactive players will automatically lose when time's up. (requested by GenesectGen5)\n|inactive|Odj1022 also wants the timer to be on.\n|\n|t:|1698934768\n|start\n|switch|p1a: Groudon|Groudon|100\/100\n|switch|p2a: Gigalith|Gigalith, M, shiny|100\/100\n|-weather|Sandstorm|[from] ability: Sand Stream|[of] p2a: Gigalith\n|detailschange|p1a: Groudon|Groudon-Primal\n|-primal|p1a: Groudon|Red Orb\n|-weather|DesolateLand|[from] ability: Desolate Land|[of] p1a: Groudon\n|turn|1\n|\n|t:|1698934774\n|move|p1a: Groudon|Stealth Rock|p2a: Gigalith\n|-sidestart|p2: GenesectGen5|move: Stealth Rock\n|move|p2a: Gigalith|Stealth Rock|p1a: Groudon\n|-sidestart|p1: Odj1022|move: Stealth Rock\n|\n|-weather|DesolateLand|[upkeep]\n|upkeep\n|turn|2\n|\n|t:|1698934779\n|-terastallize|p2a: Gigalith|Flying\n|move|p1a: Groudon|Precipice Blades|p2a: Gigalith\n|-immune|p2a: Gigalith\n|move|p2a: Gigalith|Earthquake|p1a: Groudon\n|-supereffective|p1a: Groudon\n|-damage|p1a: Groudon|58\/100\n|\n|-weather|DesolateLand|[upkeep]\n|upkeep\n|turn|3\n|\n|t:|1698934784\n|move|p1a: Groudon|Stone Edge|p2a: Gigalith\n|-supereffective|p2a: Gigalith\n|-damage|p2a: Gigalith|47\/100\n|move|p2a: Gigalith|Earthquake|p1a: Groudon\n|-supereffective|p1a: Groudon\n|-damage|p1a: Groudon|17\/100\n|\n|-weather|DesolateLand|[upkeep]\n|upkeep\n|turn|4\n|\n|t:|1698934788\n|move|p1a: Groudon|Stone Edge|p2a: Gigalith|[miss]\n|-miss|p1a: Groudon|p2a: Gigalith\n|move|p2a: Gigalith|Earthquake|p1a: Groudon\n|-supereffective|p1a: Groudon\n|-damage|p1a: Groudon|0 fnt\n|faint|p1a: Groudon\n|-weather|none\n|\n|upkeep\n|\n|t:|1698934802\n|switch|p1a: Magearna|Magearna|100\/100\n|-damage|p1a: Magearna|94\/100|[from] Stealth Rock\n|turn|5\n|\n|t:|1698934814\n|switch|p2a: Stoutland|Stoutland, M|100\/100\n|-damage|p2a: Stoutland|88\/100|[from] Stealth Rock\n|-terastallize|p1a: Magearna|Water\n|move|p1a: Magearna|Calm Mind|p1a: Magearna\n|-boost|p1a: Magearna|spa|1\n|-boost|p1a: Magearna|spd|1\n|\n|-heal|p1a: Magearna|100\/100|[from] item: Leftovers\n|upkeep\n|turn|6\n|\n|t:|1698934823\n|switch|p2a: Gigalith|Gigalith, M, shiny, tera:Flying|47\/100\n|-damage|p2a: Gigalith|22\/100|[from] Stealth Rock\n|-weather|Sandstorm|[from] ability: Sand Stream|[of] p2a: Gigalith\n|move|p1a: Magearna|Calm Mind|p1a: Magearna\n|-boost|p1a: Magearna|spa|1\n|-boost|p1a: Magearna|spd|1\n|\n|-weather|Sandstorm|[upkeep]\n|-damage|p1a: Magearna|94\/100|[from] Sandstorm\n|-damage|p2a: Gigalith|15\/100|[from] Sandstorm\n|-heal|p1a: Magearna|100\/100|[from] item: Leftovers\n|upkeep\n|turn|7\n|\n|t:|1698934833\n|move|p1a: Magearna|Draining Kiss|p2a: Gigalith\n|-damage|p2a: Gigalith|0 fnt\n|faint|p2a: Gigalith\n|-ability|p1a: Magearna|Soul-Heart|boost\n|-boost|p1a: Magearna|spa|1\n|\n|-weather|Sandstorm|[upkeep]\n|-damage|p1a: Magearna|94\/100|[from] Sandstorm\n|-heal|p1a: Magearna|100\/100|[from] item: Leftovers\n|upkeep\n|\n|t:|1698934841\n|switch|p2a: Excadrill|Excadrill, F|100\/100\n|-damage|p2a: Excadrill|97\/100|[from] Stealth Rock\n|turn|8\n|\n|t:|1698934854\n|move|p2a: Excadrill|Earthquake|p1a: Magearna\n|-damage|p1a: Magearna|64\/100\n|move|p1a: Magearna|Stored Power|p2a: Excadrill\n|-resisted|p2a: Excadrill\n|-damage|p2a: Excadrill|41\/100\n|\n|-weather|Sandstorm|[upkeep]\n|-damage|p1a: Magearna|58\/100|[from] Sandstorm\n|-heal|p1a: Magearna|64\/100|[from] item: Leftovers\n|upkeep\n|turn|9\n|\n|t:|1698934861\n|move|p2a: Excadrill|Earthquake|p1a: Magearna\n|-damage|p1a: Magearna|29\/100\n|move|p1a: Magearna|Draining Kiss|p2a: Excadrill\n|-resisted|p2a: Excadrill\n|-damage|p2a: Excadrill|6\/100\n|-heal|p1a: Magearna|56\/100|[from] drain|[of] p2a: Excadrill\n|\n|-weather|Sandstorm|[upkeep]\n|-damage|p1a: Magearna|50\/100|[from] Sandstorm\n|-heal|p1a: Magearna|56\/100|[from] item: Leftovers\n|upkeep\n|turn|10\n|\n|t:|1698934867\n|move|p2a: Excadrill|Earthquake|p1a: Magearna\n|-damage|p1a: Magearna|16\/100\n|move|p1a: Magearna|Draining Kiss|p2a: Excadrill\n|-resisted|p2a: Excadrill\n|-damage|p2a: Excadrill|0 fnt\n|-heal|p1a: Magearna|20\/100|[from] drain|[of] p2a: Excadrill\n|faint|p2a: Excadrill\n|-ability|p1a: Magearna|Soul-Heart|boost\n|-boost|p1a: Magearna|spa|1\n|\n|-weather|Sandstorm|[upkeep]\n|-damage|p1a: Magearna|14\/100|[from] Sandstorm\n|-heal|p1a: Magearna|20\/100|[from] item: Leftovers\n|upkeep\n|\n|t:|1698934877\n|switch|p2a: Serperior|Serperior, M|100\/100\n|-damage|p2a: Serperior|88\/100|[from] Stealth Rock\n|turn|11\n|\n|t:|1698934893\n|move|p2a: Serperior|Leaf Storm|p1a: Magearna\n|-supereffective|p1a: Magearna\n|-damage|p1a: Magearna|0 fnt\n|-boost|p2a: Serperior|spa|2\n|faint|p1a: Magearna\n|\n|-weather|Sandstorm|[upkeep]\n|-damage|p2a: Serperior|82\/100|[from] Sandstorm\n|upkeep\n|\n|t:|1698934901\n|switch|p1a: Charizard|Charizard, M|100\/100\n|-damage|p1a: Charizard|51\/100|[from] Stealth Rock\n|turn|12\n|\n|t:|1698934905\n|detailschange|p1a: Charizard|Charizard-Mega-Y, M\n|-mega|p1a: Charizard|Charizard|Charizardite Y\n|-weather|SunnyDay|[from] ability: Drought|[of] p1a: Charizard\n|move|p2a: Serperior|Dragon Pulse|p1a: Charizard\n|-damage|p1a: Charizard|10\/100\n|move|p1a: Charizard|Fire Blast|p2a: Serperior\n|-supereffective|p2a: Serperior\n|-damage|p2a: Serperior|0 fnt\n|faint|p2a: Serperior\n|\n|-weather|SunnyDay|[upkeep]\n|upkeep\n|\n|t:|1698934916\n|switch|p2a: Haxorus|Haxorus, F|100\/100\n|-damage|p2a: Haxorus|88\/100|[from] Stealth Rock\n|-ability|p2a: Haxorus|Mold Breaker\n|turn|13\n|\n|t:|1698934921\n|move|p2a: Haxorus|Outrage|p1a: Charizard\n|-damage|p1a: Charizard|0 fnt\n|faint|p1a: Charizard\n|\n|-weather|SunnyDay|[upkeep]\n|upkeep\n|\n|t:|1698934932\n|switch|p1a: Deoxys|Deoxys-Attack, shiny|100\/100\n|-damage|p1a: Deoxys|88\/100|[from] Stealth Rock\n|-ability|p1a: Deoxys|Pressure\n|turn|14\n|\n|t:|1698934934\n|move|p2a: Haxorus|Outrage|p1a: Deoxys|[from]lockedmove\n|-damage|p1a: Deoxys|0 fnt\n|faint|p1a: Deoxys\n|-start|p2a: Haxorus|confusion|[fatigue]\n|\n|-weather|SunnyDay|[upkeep]\n|upkeep\n|\n|t:|1698934939\n|switch|p1a: Kyurem|Kyurem-White|100\/100\n|-damage|p1a: Kyurem|76\/100|[from] Stealth Rock\n|-ability|p1a: Kyurem|Turboblaze\n|turn|15\n|\n|t:|1698934944\n|switch|p2a: Stoutland|Stoutland, M|88\/100\n|-damage|p2a: Stoutland|76\/100|[from] Stealth Rock\n|move|p1a: Kyurem|Ice Beam|p2a: Stoutland\n|-damage|p2a: Stoutland|0 fnt\n|faint|p2a: Stoutland\n|\n|-weather|SunnyDay|[upkeep]\n|upkeep\n|\n|t:|1698934946\n|switch|p2a: Haxorus|Haxorus, F|88\/100\n|-damage|p2a: Haxorus|76\/100|[from] Stealth Rock\n|-ability|p2a: Haxorus|Mold Breaker\n|turn|16\n|\n|t:|1698934951\n|move|p2a: Haxorus|Outrage|p1a: Kyurem\n|-supereffective|p1a: Kyurem\n|-damage|p1a: Kyurem|0 fnt\n|faint|p1a: Kyurem\n|\n|-weather|none\n|upkeep\n|\n|t:|1698934955\n|switch|p1a: Marshadow|Marshadow|100\/100\n|-damage|p1a: Marshadow|94\/100|[from] Stealth Rock\n|turn|17\n|\n|t:|1698934960\n|move|p2a: Haxorus|Outrage|p1a: Marshadow|[from]lockedmove\n|-damage|p1a: Marshadow|0 fnt\n|faint|p1a: Marshadow\n|\n|win|GenesectGen5\n|raw|Odj1022's rating: 1251 &rarr; <strong>1221<\/strong><br \/>(-30 for losing)\n|raw|GenesectGen5's rating: 1181 &rarr; <strong>1211<\/strong><br \/>(+30 for winning)\n|c|\u2606GenesectGen5|GG\n","uploadtime":1698935040,"views":13,"p1id":"odj1022","p2id":"genesectgen5","formatid":"gen9nationaldexubers","rating":1211,"private":0,"password":""}