{"id":"gen9nationaldexubers-1985372618","p1":"SABDEKHRHAHUVRO","p2":"KavinKM7","format":"[Gen 9] National Dex Ubers","log":"|j|\u2606SABDEKHRHAHUVRO\n|j|\u2606KavinKM7\n|t:|1699369143\n|gametype|singles\n|player|p1|SABDEKHRHAHUVRO|lance|1302\n|player|p2|KavinKM7|101|1170\n|teamsize|p1|6\n|teamsize|p2|6\n|gen|9\n|tier|[Gen 9] National Dex Ubers\n|rated|\n|rule|HP Percentage Mod: HP is shown in percentages\n|rule|Endless Battle Clause: Forcing endless battles is banned\n|rule|OHKO Clause: OHKO moves are banned\n|rule|Evasion Moves Clause: Evasion moves are banned\n|rule|Evasion Items Clause: Evasion items are banned\n|rule|Species Clause: Limit one of each Pok\u00e9mon\n|rule|Sleep Clause Mod: Limit one foe put to sleep\n|rule|Mega Rayquaza Clause: You cannot mega evolve Rayquaza\n|clearpoke\n|poke|p1|Naganadel|\n|poke|p1|Dragonite, M|\n|poke|p1|Walking Wake|\n|poke|p1|Goodra-Hisui, F|\n|poke|p1|Dracovish|\n|poke|p1|Salamence, F|\n|poke|p2|Mewtwo|\n|poke|p2|Serperior, F|\n|poke|p2|Zacian-*|\n|poke|p2|Yveltal|\n|poke|p2|Zeraora|\n|poke|p2|Deoxys-Attack|\n|teampreview\n|inactive|Battle timer is ON: inactive players will automatically lose when time's up. (requested by SABDEKHRHAHUVRO)\n|\n|t:|1699369191\n|start\n|switch|p1a: Dragonite|Dragonite, M|100\/100\n|switch|p2a: Serperior|Serperior, F, shiny|100\/100\n|turn|1\n|\n|t:|1699369198\n|switch|p1a: Goodra|Goodra-Hisui, F|100\/100\n|move|p2a: Serperior|Dragon Pulse|p1a: Goodra\n|-damage|p1a: Goodra|88\/100\n|\n|-heal|p1a: Goodra|94\/100|[from] item: Leftovers\n|upkeep\n|turn|2\n|\n|t:|1699369210\n|move|p2a: Serperior|Hidden Power|p1a: Goodra\n|-damage|p1a: Goodra|84\/100\n|move|p1a: Goodra|Fire Blast|p2a: Serperior\n|-supereffective|p2a: Serperior\n|-damage|p2a: Serperior|11\/100\n|\n|-heal|p2a: Serperior|17\/100|[from] item: Leftovers\n|-heal|p1a: Goodra|90\/100|[from] item: Leftovers\n|upkeep\n|turn|3\n|\n|t:|1699369232\n|move|p2a: Serperior|Glare|p1a: Goodra\n|-status|p1a: Goodra|par\n|move|p1a: Goodra|Flash Cannon|p2a: Serperior\n|-damage|p2a: Serperior|0 fnt\n|faint|p2a: Serperior\n|\n|-heal|p1a: Goodra|96\/100 par|[from] item: Leftovers\n|upkeep\n|\n|t:|1699369249\n|switch|p2a: Deoxys|Deoxys-Attack, shiny|100\/100\n|-ability|p2a: Deoxys|Pressure\n|turn|4\n|\n|t:|1699369260\n|move|p2a: Deoxys|Knock Off|p1a: Goodra\n|-damage|p1a: Goodra|45\/100 par\n|-ability|p1a: Goodra|Gooey\n|-unboost|p2a: Deoxys|spe|1\n|-enditem|p1a: Goodra|Leftovers|[from] move: Knock Off|[of] p2a: Deoxys\n|-damage|p2a: Deoxys|91\/100|[from] item: Life Orb\n|move|p1a: Goodra|Thunder|p2a: Deoxys\n|-damage|p2a: Deoxys|0 fnt\n|faint|p2a: Deoxys\n|\n|upkeep\n|\n|t:|1699369272\n|switch|p2a: Mewtwo|Mewtwo, shiny|100\/100\n|-ability|p2a: Mewtwo|Pressure\n|turn|5\n|\n|t:|1699369283\n|detailschange|p2a: Mewtwo|Mewtwo-Mega-X, shiny\n|-mega|p2a: Mewtwo|Mewtwo|Mewtwonite X\n|move|p2a: Mewtwo|Earthquake|p1a: Goodra\n|-supereffective|p1a: Goodra\n|-damage|p1a: Goodra|0 fnt\n|faint|p1a: Goodra\n|\n|upkeep\n|\n|t:|1699369301\n|switch|p1a: Salamence|Salamence, F|100\/100\n|-ability|p1a: Salamence|Intimidate|boost\n|-unboost|p2a: Mewtwo|atk|1\n|turn|6\n|\n|t:|1699369310\n|detailschange|p1a: Salamence|Salamence-Mega, F\n|-mega|p1a: Salamence|Salamence|Salamencite\n|move|p2a: Mewtwo|Ice Punch|p1a: Salamence\n|-supereffective|p1a: Salamence\n|-damage|p1a: Salamence|33\/100\n|move|p1a: Salamence|Dragon Dance|p1a: Salamence\n|-boost|p1a: Salamence|atk|1\n|-boost|p1a: Salamence|spe|1\n|\n|upkeep\n|turn|7\n|\n|t:|1699369318\n|move|p1a: Salamence|Body Slam|p2a: Mewtwo\n|-supereffective|p2a: Mewtwo\n|-damage|p2a: Mewtwo|0 fnt\n|faint|p2a: Mewtwo\n|\n|upkeep\n|\n|t:|1699369324\n|switch|p2a: Yveltal|Yveltal, shiny|100\/100\n|-ability|p2a: Yveltal|Dark Aura\n|turn|8\n|\n|t:|1699369339\n|move|p1a: Salamence|Body Slam|p2a: Yveltal\n|-damage|p2a: Yveltal|12\/100\n|move|p2a: Yveltal|Oblivion Wing|p1a: Salamence\n|-damage|p1a: Salamence|0 fnt\n|-heal|p2a: Yveltal|32\/100|[from] drain|[of] p1a: Salamence\n|faint|p1a: Salamence\n|\n|upkeep\n|\n|t:|1699369349\n|switch|p1a: Walking Wake|Walking Wake|100\/100\n|turn|9\n|\n|t:|1699369355\n|move|p2a: Yveltal|Oblivion Wing|p1a: Walking Wake\n|-damage|p1a: Walking Wake|47\/100\n|-heal|p2a: Yveltal|67\/100|[from] drain|[of] p1a: Walking Wake\n|move|p1a: Walking Wake|Dragon Pulse|p2a: Yveltal\n|-damage|p2a: Yveltal|27\/100\n|\n|upkeep\n|turn|10\n|\n|t:|1699369369\n|move|p2a: Yveltal|Oblivion Wing|p1a: Walking Wake\n|-damage|p1a: Walking Wake|0 fnt\n|-heal|p2a: Yveltal|57\/100|[from] drain|[of] p1a: Walking Wake\n|faint|p1a: Walking Wake\n|-end|p1a: Walking Wake|Protosynthesis|[silent]\n|\n|upkeep\n|\n|t:|1699369371\n|switch|p1a: Dragonite|Dragonite, M|100\/100\n|turn|11\n|\n|t:|1699369378\n|move|p2a: Yveltal|Oblivion Wing|p1a: Dragonite\n|-damage|p1a: Dragonite|76\/100\n|-heal|p2a: Yveltal|72\/100|[from] drain|[of] p1a: Dragonite\n|move|p1a: Dragonite|Dragon Dance|p1a: Dragonite\n|-boost|p1a: Dragonite|atk|1\n|-boost|p1a: Dragonite|spe|1\n|\n|upkeep\n|turn|12\n|\n|t:|1699369389\n|move|p2a: Yveltal|Oblivion Wing|p1a: Dragonite\n|-crit|p1a: Dragonite\n|-damage|p1a: Dragonite|7\/100\n|-heal|p2a: Yveltal|100\/100|[from] drain|[of] p1a: Dragonite\n|move|p1a: Dragonite|Dragon Dance|p1a: Dragonite\n|-boost|p1a: Dragonite|atk|1\n|-boost|p1a: Dragonite|spe|1\n|\n|upkeep\n|turn|13\n|\n|t:|1699369397\n|-terastallize|p1a: Dragonite|Normal\n|move|p1a: Dragonite|Extreme Speed|p2a: Yveltal\n|-damage|p2a: Yveltal|17\/100\n|move|p2a: Yveltal|Oblivion Wing|p1a: Dragonite\n|-damage|p1a: Dragonite|0 fnt\n|-heal|p2a: Yveltal|21\/100|[from] drain|[of] p1a: Dragonite\n|faint|p1a: Dragonite\n|\n|upkeep\n|\n|t:|1699369404\n|switch|p1a: Naganadel|Naganadel, shiny|100\/100\n|-item|p1a: Naganadel|Air Balloon\n|turn|14\n|\n|t:|1699369410\n|move|p2a: Yveltal|Oblivion Wing|p1a: Naganadel\n|-damage|p1a: Naganadel|31\/100\n|-heal|p2a: Yveltal|59\/100|[from] drain|[of] p1a: Naganadel\n|-enditem|p1a: Naganadel|Air Balloon\n|move|p1a: Naganadel|Sludge Bomb|p2a: Yveltal\n|-damage|p2a: Yveltal|21\/100\n|\n|upkeep\n|turn|15\n|\n|t:|1699369419\n|move|p2a: Yveltal|Oblivion Wing|p1a: Naganadel\n|-damage|p1a: Naganadel|0 fnt\n|-heal|p2a: Yveltal|38\/100|[from] drain|[of] p1a: Naganadel\n|faint|p1a: Naganadel\n|\n|upkeep\n|\n|t:|1699369422\n|switch|p1a: Dracovish|Dracovish|100\/100\n|turn|16\n|\n|t:|1699369427\n|move|p2a: Yveltal|Oblivion Wing|p1a: Dracovish\n|-damage|p1a: Dracovish|41\/100\n|-heal|p2a: Yveltal|74\/100|[from] drain|[of] p1a: Dracovish\n|move|p1a: Dracovish|Fishious Rend|p2a: Yveltal\n|-damage|p2a: Yveltal|27\/100\n|\n|upkeep\n|turn|17\n|\n|t:|1699369435\n|move|p2a: Yveltal|Oblivion Wing|p1a: Dracovish\n|-damage|p1a: Dracovish|0 fnt\n|-heal|p2a: Yveltal|52\/100|[from] drain|[of] p1a: Dracovish\n|faint|p1a: Dracovish\n|\n|win|KavinKM7\n|raw|SABDEKHRHAHUVRO's rating: 1302 &rarr; <strong>1275<\/strong><br \/>(-27 for losing)\n|raw|KavinKM7's rating: 1170 &rarr; <strong>1204<\/strong><br \/>(+34 for winning)\n|l|\u2606SABDEKHRHAHUVRO\n","uploadtime":1699369441,"views":9,"p1id":"sabdekhrhahuvro","p2id":"kavinkm7","formatid":"gen9nationaldexubers","rating":1204,"private":0,"password":""}