{"id":"gen9nationaldexubers-1999430443","p1":"Ich sag De nu","p2":"Th3Soci3ty","format":"[Gen 9] National Dex Ubers","log":"|j|\u2606Ich sag De nu\n|j|\u2606Th3Soci3ty\n|t:|1701079227\n|gametype|singles\n|player|p1|Ich sag De nu|2|1070\n|player|p2|Th3Soci3ty|zinzolin|1120\n|teamsize|p1|6\n|teamsize|p2|6\n|gen|9\n|tier|[Gen 9] National Dex Ubers\n|rated|\n|rule|HP Percentage Mod: HP is shown in percentages\n|rule|Endless Battle Clause: Forcing endless battles is banned\n|rule|OHKO Clause: OHKO moves are banned\n|rule|Evasion Moves Clause: Evasion moves are banned\n|rule|Evasion Items Clause: Evasion items are banned\n|rule|Species Clause: Limit one of each Pok\u00e9mon\n|rule|Sleep Clause Mod: Limit one foe put to sleep\n|rule|Mega Rayquaza Clause: You cannot mega evolve Rayquaza\n|clearpoke\n|poke|p1|Lunala|\n|poke|p1|Ribombee, F|\n|poke|p1|Yveltal|\n|poke|p1|Excadrill, F|\n|poke|p1|Groudon|\n|poke|p1|Mewtwo|\n|poke|p2|Glimmora, M|\n|poke|p2|Sneasler, F|\n|poke|p2|Dusclops, F|\n|poke|p2|Garganacl, M|\n|poke|p2|Noivern, M|\n|poke|p2|Mamoswine, F|\n|teampreview\n|inactive|Battle timer is ON: inactive players will automatically lose when time's up. (requested by Ich sag De nu)\n|\n|t:|1701079235\n|start\n|switch|p1a: Ribombee|Ribombee, F|100\/100\n|switch|p2a: Glimmora|Glimmora, M|100\/100\n|turn|1\n|\n|t:|1701079239\n|move|p1a: Ribombee|Stun Spore|p2a: Glimmora\n|-status|p2a: Glimmora|par\n|move|p2a: Glimmora|Stealth Rock|p1a: Ribombee\n|-sidestart|p1: Ich sag De nu|move: Stealth Rock\n|\n|upkeep\n|turn|2\n|\n|t:|1701079242\n|move|p1a: Ribombee|Sticky Web|p2a: Glimmora\n|-sidestart|p2: Th3Soci3ty|move: Sticky Web\n|move|p2a: Glimmora|Mortal Spin|p1a: Ribombee\n|-supereffective|p1a: Ribombee\n|-damage|p1a: Ribombee|73\/100\n|-sideend|p2: Th3Soci3ty|Sticky Web|[from] move: Mortal Spin|[of] p2a: Glimmora\n|\n|upkeep\n|turn|3\n|\n|t:|1701079245\n|move|p1a: Ribombee|Moonblast|p2a: Glimmora\n|-resisted|p2a: Glimmora\n|-damage|p2a: Glimmora|73\/100 par\n|move|p2a: Glimmora|Mortal Spin|p1a: Ribombee\n|-supereffective|p1a: Ribombee\n|-damage|p1a: Ribombee|48\/100\n|\n|upkeep\n|turn|4\n|\n|t:|1701079249\n|move|p1a: Ribombee|Sticky Web|p2a: Glimmora\n|-sidestart|p2: Th3Soci3ty|move: Sticky Web\n|move|p2a: Glimmora|Mortal Spin|p1a: Ribombee\n|-supereffective|p1a: Ribombee\n|-damage|p1a: Ribombee|23\/100\n|-sideend|p2: Th3Soci3ty|Sticky Web|[from] move: Mortal Spin|[of] p2a: Glimmora\n|\n|upkeep\n|turn|5\n|\n|t:|1701079253\n|move|p1a: Ribombee|Sticky Web|p2a: Glimmora\n|-sidestart|p2: Th3Soci3ty|move: Sticky Web\n|cant|p2a: Glimmora|par\n|\n|upkeep\n|turn|6\n|\n|t:|1701079256\n|switch|p1a: Excadrill|Excadrill, F|100\/100\n|-damage|p1a: Excadrill|97\/100|[from] Stealth Rock\n|-ability|p1a: Excadrill|Mold Breaker\n|move|p2a: Glimmora|Mortal Spin|p1a: Excadrill\n|-immune|p1a: Excadrill\n|\n|upkeep\n|turn|7\n|\n|t:|1701079258\n|move|p1a: Excadrill|Stealth Rock|p2a: Glimmora\n|-sidestart|p2: Th3Soci3ty|move: Stealth Rock\n|move|p2a: Glimmora|Earth Power|p1a: Excadrill\n|-supereffective|p1a: Excadrill\n|-damage|p1a: Excadrill|16\/100\n|\n|upkeep\n|turn|8\n|\n|t:|1701079264\n|switch|p2a: Noivern|Noivern, M|100\/100\n|-damage|p2a: Noivern|76\/100|[from] Stealth Rock\n|move|p1a: Excadrill|Rapid Spin|p2a: Noivern\n|-damage|p2a: Noivern|52\/100\n|-boost|p1a: Excadrill|spe|1\n|-sideend|p1: Ich sag De nu|Stealth Rock|[from] move: Rapid Spin|[of] p1a: Excadrill\n|\n|upkeep\n|turn|9\n|\n|t:|1701079270\n|move|p1a: Excadrill|Rock Tomb|p2a: Noivern\n|-supereffective|p2a: Noivern\n|-damage|p2a: Noivern|0 fnt\n|faint|p2a: Noivern\n|\n|upkeep\n|\n|t:|1701079272\n|switch|p2a: Mamoswine|Mamoswine, F|100\/100\n|-activate|p2a: Mamoswine|move: Sticky Web\n|-unboost|p2a: Mamoswine|spe|1\n|-damage|p2a: Mamoswine|88\/100|[from] Stealth Rock\n|turn|10\n|\n|t:|1701079275\n|move|p2a: Mamoswine|Ice Shard|p1a: Excadrill\n|-damage|p1a: Excadrill|0 fnt\n|faint|p1a: Excadrill\n|-damage|p2a: Mamoswine|78\/100|[from] item: Life Orb\n|\n|upkeep\n|\n|t:|1701079279\n|switch|p1a: Mewtwo|Mewtwo|100\/100\n|-ability|p1a: Mewtwo|Pressure\n|turn|11\n|\n|t:|1701079282\n|detailschange|p1a: Mewtwo|Mewtwo-Mega-X\n|-mega|p1a: Mewtwo|Mewtwo|Mewtwonite X\n|move|p2a: Mamoswine|Ice Shard|p1a: Mewtwo\n|-damage|p1a: Mewtwo|74\/100\n|-damage|p2a: Mamoswine|68\/100|[from] item: Life Orb\n|move|p1a: Mewtwo|Low Kick|p2a: Mamoswine\n|-supereffective|p2a: Mamoswine\n|-damage|p2a: Mamoswine|0 fnt\n|faint|p2a: Mamoswine\n|\n|upkeep\n|\n|t:|1701079287\n|switch|p2a: Dusclops|Dusclops, F|100\/100\n|-activate|p2a: Dusclops|move: Sticky Web\n|-unboost|p2a: Dusclops|spe|1\n|-damage|p2a: Dusclops|88\/100|[from] Stealth Rock\n|-ability|p2a: Dusclops|Pressure\n|turn|12\n|\n|t:|1701079293\n|switch|p1a: Yveltal|Yveltal|100\/100\n|-ability|p1a: Yveltal|Dark Aura\n|move|p2a: Dusclops|Poltergeist|p1a: Yveltal\n|-activate|p1a: Yveltal|move: Poltergeist|Life Orb\n|-resisted|p1a: Yveltal\n|-damage|p1a: Yveltal|81\/100\n|\n|upkeep\n|turn|13\n|\n|t:|1701079297\n|move|p1a: Yveltal|Taunt|p2a: Dusclops\n|-start|p2a: Dusclops|move: Taunt\n|cant|p2a: Dusclops|move: Taunt|Will-O-Wisp\n|\n|upkeep\n|turn|14\n|\n|t:|1701079302\n|move|p1a: Yveltal|Dark Pulse|p2a: Dusclops\n|-supereffective|p2a: Dusclops\n|-damage|p2a: Dusclops|0 fnt\n|faint|p2a: Dusclops\n|-damage|p1a: Yveltal|71\/100|[from] item: Life Orb\n|\n|upkeep\n|\n|t:|1701079306\n|switch|p2a: Glimmora|Glimmora, M|73\/100 par\n|-activate|p2a: Glimmora|move: Sticky Web\n|-unboost|p2a: Glimmora|spe|1\n|-damage|p2a: Glimmora|61\/100 par|[from] Stealth Rock\n|turn|15\n|\n|t:|1701079308\n|move|p1a: Yveltal|Dark Pulse|p2a: Glimmora\n|-damage|p2a: Glimmora|0 fnt\n|faint|p2a: Glimmora\n|-damage|p1a: Yveltal|62\/100|[from] item: Life Orb\n|\n|upkeep\n|\n|t:|1701079310\n|switch|p2a: Garganacl|Garganacl, M|100\/100\n|-activate|p2a: Garganacl|move: Sticky Web\n|-unboost|p2a: Garganacl|spe|1\n|-damage|p2a: Garganacl|88\/100|[from] Stealth Rock\n|turn|16\n|\n|t:|1701079314\n|move|p1a: Yveltal|Dark Pulse|p2a: Garganacl\n|-damage|p2a: Garganacl|11\/100\n|-damage|p1a: Yveltal|52\/100|[from] item: Life Orb\n|move|p2a: Garganacl|Salt Cure|p1a: Yveltal\n|-supereffective|p1a: Yveltal\n|-damage|p1a: Yveltal|23\/100\n|-start|p1a: Yveltal|Salt Cure\n|\n|-heal|p2a: Garganacl|17\/100|[from] item: Leftovers\n|-damage|p1a: Yveltal|10\/100|[from] Salt Cure\n|upkeep\n|turn|17\n|\n|t:|1701079318\n|move|p1a: Yveltal|Dark Pulse|p2a: Garganacl\n|-damage|p2a: Garganacl|0 fnt\n|faint|p2a: Garganacl\n|-damage|p1a: Yveltal|0 fnt|[from] item: Life Orb\n|faint|p1a: Yveltal\n|\n|upkeep\n|\n|t:|1701079323\n|switch|p1a: Lunala|Lunala|100\/100\n|switch|p2a: Sneasler|Sneasler, F|100\/100\n|-activate|p2a: Sneasler|move: Sticky Web\n|-unboost|p2a: Sneasler|spe|1\n|-damage|p2a: Sneasler|95\/100|[from] Stealth Rock\n|turn|18\n|\n|t:|1701079326\n|move|p1a: Lunala|Psyshock|p2a: Sneasler\n|-supereffective|p2a: Sneasler\n|-damage|p2a: Sneasler|0 fnt\n|faint|p2a: Sneasler\n|\n|win|Ich sag De nu\n|raw|Ich sag De nu's rating: 1070 &rarr; <strong>1104<\/strong><br \/>(+34 for winning)\n|raw|Th3Soci3ty's rating: 1120 &rarr; <strong>1091<\/strong><br \/>(-29 for losing)\n","uploadtime":1701079331,"views":1,"p1id":"ichsagdenu","p2id":"th3soci3ty","formatid":"gen9nationaldexubers","rating":1091,"private":0,"password":""}