{"id":"gen9nationaldexubers-1984116429","p1":"benleolee","p2":"WhatIsThatDogDoing","format":"[Gen 9] National Dex Ubers","log":"|j|\u2606benleolee\n|j|\u2606WhatIsThatDogDoing\n|t:|1699220369\n|gametype|singles\n|player|p1|benleolee|hilbert-wonderlauncher|\n|player|p2|WhatIsThatDogDoing|interviewers|\n|teamsize|p1|6\n|teamsize|p2|6\n|gen|9\n|tier|[Gen 9] National Dex Ubers\n|rule|HP Percentage Mod: HP is shown in percentages\n|rule|Endless Battle Clause: Forcing endless battles is banned\n|rule|OHKO Clause: OHKO moves are banned\n|rule|Evasion Moves Clause: Evasion moves are banned\n|rule|Evasion Items Clause: Evasion items are banned\n|rule|Species Clause: Limit one of each Pok\u00e9mon\n|rule|Sleep Clause Mod: Limit one foe put to sleep\n|rule|Mega Rayquaza Clause: You cannot mega evolve Rayquaza\n|clearpoke\n|poke|p1|Greninja-*, M|\n|poke|p1|Ninetales-Alola, F|\n|poke|p1|Rillaboom, F|\n|poke|p1|Mawile, F|\n|poke|p1|Maushold|\n|poke|p1|Mamoswine, F|\n|poke|p2|Chansey, F|\n|poke|p2|Slowbro, F|\n|poke|p2|Pyukumuku, F|\n|poke|p2|Landorus-Therian, M|\n|poke|p2|Latios, M|\n|poke|p2|Banette, F|\n|teampreview\n|inactive|Battle timer is ON: inactive players will automatically lose when time's up. (requested by benleolee)\n|inactive|WhatIsThatDogDoing also wants the timer to be on.\n|inactive|benleolee no longer wants the timer on, but the timer is staying on because whatisthatdogdoing still does.\n|c|\u2606WhatIsThatDogDoing|glhf\n|c|\u2606benleolee|u2\n|inactive|benleolee has 270 seconds left.\n|\n|t:|1699220404\n|start\n|switch|p1a: cuh|Ninetales-Alola, F|100\/100\n|switch|p2a: Black|Banette, F|100\/100\n|-weather|Snow|[from] ability: Snow Warning|[of] p1a: cuh\n|turn|1\n|\n|t:|1699220414\n|detailschange|p2a: Black|Banette-Mega, F\n|-mega|p2a: Black|Banette|Banettite\n|move|p2a: Black|Taunt|p1a: cuh\n|-start|p1a: cuh|move: Taunt\n|cant|p1a: cuh|move: Taunt|Aurora Veil\n|\n|-weather|Snow|[upkeep]\n|upkeep\n|turn|2\n|\n|t:|1699220438\n|move|p1a: cuh|Moonblast|p2a: Black\n|-damage|p2a: Black|79\/100\n|-unboost|p2a: Black|spa|1\n|move|p2a: Black|Poltergeist|p1a: cuh\n|-activate|p1a: cuh|move: Poltergeist|Light Clay\n|-damage|p1a: cuh|52\/100\n|\n|-weather|Snow|[upkeep]\n|upkeep\n|turn|3\n|\n|t:|1699220460\n|switch|p1a: dawg|Rillaboom, F|100\/100\n|-fieldstart|move: Grassy Terrain|[from] ability: Grassy Surge|[of] p1a: dawg\n|move|p2a: Black|Poltergeist|p1a: dawg|[miss]\n|-miss|p2a: Black|p1a: dawg\n|\n|-weather|Snow|[upkeep]\n|-heal|p2a: Black|85\/100|[from] Grassy Terrain\n|upkeep\n|turn|4\n|\n|t:|1699220474\n|switch|p2a: Brown|Landorus-Therian, M|100\/100\n|-ability|p2a: Brown|Intimidate|boost\n|-unboost|p1a: dawg|atk|1\n|move|p1a: dawg|Knock Off|p2a: Brown\n|-damage|p2a: Brown|72\/100\n|-damage|p1a: dawg|84\/100|[from] item: Rocky Helmet|[of] p2a: Brown\n|-enditem|p2a: Brown|Rocky Helmet|[from] move: Knock Off|[of] p1a: dawg\n|\n|-weather|Snow|[upkeep]\n|-heal|p1a: dawg|90\/100|[from] Grassy Terrain\n|upkeep\n|turn|5\n|\n|t:|1699220488\n|move|p2a: Brown|U-turn|p1a: dawg\n|-supereffective|p1a: dawg\n|-damage|p1a: dawg|41\/100\n|\n|t:|1699220498\n|switch|p2a: Black|Banette-Mega, F|85\/100|[from] U-turn\n|move|p1a: dawg|U-turn|p2a: Black\n|-resisted|p2a: Black\n|-damage|p2a: Black|72\/100\n|\n|t:|1699220517\n|switch|p1a: fatass|Mamoswine, F|100\/100|[from] U-turn\n|\n|-weather|none\n|-heal|p2a: Black|79\/100|[from] Grassy Terrain\n|upkeep\n|turn|6\n|inactive|WhatIsThatDogDoing has 270 seconds left.\n|\n|t:|1699220560\n|move|p1a: fatass|Icicle Crash|p2a: Black\n|-damage|p2a: Black|0 fnt\n|faint|p2a: Black\n|-damage|p1a: fatass|91\/100|[from] item: Life Orb\n|\n|-heal|p1a: fatass|97\/100|[from] Grassy Terrain\n|upkeep\n|\n|t:|1699220564\n|switch|p2a: Green|Pyukumuku, F, shiny|100\/100\n|turn|7\n|\n|t:|1699220584\n|switch|p1a: cuh|Ninetales-Alola, F|52\/100\n|-weather|Snow|[from] ability: Snow Warning|[of] p1a: cuh\n|move|p2a: Green|Toxic|p1a: cuh\n|-status|p1a: cuh|tox\n|\n|-weather|Snow|[upkeep]\n|-heal|p1a: cuh|58\/100 tox|[from] Grassy Terrain\n|-damage|p1a: cuh|52\/100 tox|[from] psn\n|upkeep\n|turn|8\n|inactive|WhatIsThatDogDoing has 270 seconds left.\n|\n|t:|1699220610\n|switch|p2a: Pink|Chansey, F|100\/100\n|move|p1a: cuh|Freeze-Dry|p2a: Pink\n|-damage|p2a: Pink|94\/100\n|\n|-weather|Snow|[upkeep]\n|-heal|p1a: cuh|58\/100 tox|[from] Grassy Terrain\n|-heal|p2a: Pink|99\/100|[from] Grassy Terrain\n|-damage|p1a: cuh|46\/100 tox|[from] psn\n|upkeep\n|turn|9\n|\n|t:|1699220617\n|move|p1a: cuh|Aurora Veil|p1a: cuh\n|-sidestart|p1: benleolee|move: Aurora Veil\n|move|p2a: Pink|Teleport|p2a: Pink\n|inactive|WhatIsThatDogDoing has 270 seconds left.\n|\n|t:|1699220628\n|switch|p2a: Green|Pyukumuku, F, shiny|100\/100|[from] Teleport\n|\n|-weather|Snow|[upkeep]\n|-heal|p1a: cuh|52\/100 tox|[from] Grassy Terrain\n|-damage|p1a: cuh|34\/100 tox|[from] psn\n|upkeep\n|turn|10\n|\n|t:|1699220645\n|switch|p1a: dawg|Rillaboom, F|41\/100\n|move|p2a: Green|Toxic|p1a: dawg\n|-status|p1a: dawg|tox\n|\n|-weather|Snow|[upkeep]\n|-heal|p1a: dawg|47\/100 tox|[from] Grassy Terrain\n|-damage|p1a: dawg|41\/100 tox|[from] psn\n|-fieldend|move: Grassy Terrain\n|upkeep\n|turn|11\n|inactive|WhatIsThatDogDoing has 270 seconds left.\n|\n|t:|1699220660\n|switch|p2a: Brown|Landorus-Therian, M|72\/100\n|-ability|p2a: Brown|Intimidate|boost\n|-unboost|p1a: dawg|atk|1\n|move|p1a: dawg|Drum Beating|p2a: Brown\n|-damage|p2a: Brown|37\/100\n|-unboost|p2a: Brown|spe|1\n|\n|-weather|none\n|-damage|p1a: dawg|29\/100 tox|[from] psn\n|upkeep\n|turn|12\n|inactive|WhatIsThatDogDoing has 270 seconds left.\n|\n|t:|1699220674\n|move|p1a: dawg|U-turn|p2a: Brown\n|-resisted|p2a: Brown\n|-damage|p2a: Brown|28\/100\n|\n|t:|1699220693\n|switch|p1a: squad|Maushold|100\/100|[from] U-turn\n|move|p2a: Brown|U-turn|p1a: squad\n|-damage|p1a: squad|80\/100\n|\n|t:|1699220702\n|switch|p2a: Fresh|Slowbro, F|100\/100|[from] U-turn\n|\n|upkeep\n|turn|13\n|\n|t:|1699220712\n|move|p1a: squad|Thunder Wave|p2a: Fresh\n|-status|p2a: Fresh|par\n|move|p2a: Fresh|Scald|p1a: squad\n|-damage|p1a: squad|61\/100\n|-status|p1a: squad|brn\n|\n|-damage|p1a: squad|54\/100 brn|[from] brn\n|upkeep\n|turn|14\n|\n|t:|1699220732\n|switch|p1a: dawg|Rillaboom, F|29\/100 tox\n|-fieldstart|move: Grassy Terrain|[from] ability: Grassy Surge|[of] p1a: dawg\n|cant|p2a: Fresh|par\n|\n|-heal|p1a: dawg|35\/100 tox|[from] Grassy Terrain\n|-damage|p1a: dawg|29\/100 tox|[from] psn\n|upkeep\n|turn|15\n|\n|t:|1699220752\n|switch|p2a: Brown|Landorus-Therian, M|28\/100\n|-ability|p2a: Brown|Intimidate|boost\n|-unboost|p1a: dawg|atk|1\n|move|p1a: dawg|Drain Punch|p2a: Brown\n|-resisted|p2a: Brown\n|-damage|p2a: Brown|17\/100\n|-heal|p1a: dawg|33\/100 tox|[from] drain|[of] p2a: Brown\n|\n|-heal|p1a: dawg|40\/100 tox|[from] Grassy Terrain\n|-damage|p1a: dawg|27\/100 tox|[from] psn\n|upkeep\n|turn|16\n|\n|t:|1699220765\n|move|p2a: Brown|U-turn|p1a: dawg\n|-supereffective|p1a: dawg\n|-damage|p1a: dawg|3\/100 tox\n|\n|t:|1699220771\n|switch|p2a: Blue|Latios, M|100\/100|[from] U-turn\n|move|p1a: dawg|Knock Off|p2a: Blue\n|-supereffective|p2a: Blue\n|-damage|p2a: Blue|48\/100\n|-enditem|p2a: Blue|Yache Berry|[from] move: Knock Off|[of] p1a: dawg\n|\n|-heal|p1a: dawg|9\/100 tox|[from] Grassy Terrain\n|-damage|p1a: dawg|0 fnt|[from] psn\n|faint|p1a: dawg\n|-sideend|p1: benleolee|move: Aurora Veil\n|upkeep\n|\n|t:|1699220789\n|switch|p1a: warnor|Greninja, M|100\/100\n|turn|17\n|\n|t:|1699220804\n|switch|p2a: Green|Pyukumuku, F, shiny|100\/100\n|move|p1a: warnor|Dark Pulse|p2a: Green\n|-damage|p2a: Green|62\/100\n|-damage|p1a: warnor|91\/100|[from] item: Life Orb\n|\n|-heal|p1a: warnor|97\/100|[from] Grassy Terrain\n|-heal|p2a: Green|68\/100|[from] Grassy Terrain\n|-heal|p2a: Green|74\/100|[from] item: Leftovers\n|upkeep\n|turn|18\n|\n|t:|1699220818\n|switch|p1a: pookie|Mawile, F|100\/100\n|-ability|p1a: pookie|Intimidate|boost\n|-unboost|p2a: Green|atk|1\n|move|p2a: Green|Recover|p2a: Green\n|-heal|p2a: Green|100\/100\n|\n|upkeep\n|turn|19\n|\n|t:|1699220836\n|detailschange|p1a: pookie|Mawile-Mega, F\n|-mega|p1a: pookie|Mawile|Mawilite\n|move|p1a: pookie|Swords Dance|p1a: pookie\n|-boost|p1a: pookie|atk|2\n|move|p2a: Green|Counter||[still]\n|-fail|p2a: Green\n|\n|upkeep\n|turn|20\n|\n|t:|1699220843\n|move|p1a: pookie|Sucker Punch|p2a: Green\n|-damage|p2a: Green|69\/100\n|move|p2a: Green|Counter|p1a: pookie\n|-damage|p1a: pookie|25\/100\n|\n|-heal|p1a: pookie|32\/100|[from] Grassy Terrain\n|-heal|p2a: Green|75\/100|[from] Grassy Terrain\n|-heal|p2a: Green|81\/100|[from] item: Leftovers\n|upkeep\n|turn|21\n|c|\u2606benleolee|oh that thing has unaware LOL\n|inactive|benleolee has 270 seconds left.\n|\n|t:|1699220865\n|switch|p1a: cuh|Ninetales-Alola, F|34\/100 tox\n|-weather|Snow|[from] ability: Snow Warning|[of] p1a: cuh\n|move|p2a: Green|Recover|p2a: Green\n|-heal|p2a: Green|100\/100\n|\n|-weather|Snow|[upkeep]\n|-heal|p1a: cuh|40\/100 tox|[from] Grassy Terrain\n|-damage|p1a: cuh|34\/100 tox|[from] psn\n|-fieldend|move: Grassy Terrain\n|upkeep\n|turn|22\n|c|\u2606WhatIsThatDogDoing|nuh uh do sd again\n|\n|t:|1699220872\n|switch|p2a: Pink|Chansey, F|99\/100\n|move|p1a: cuh|Freeze-Dry|p2a: Pink\n|-damage|p2a: Pink|93\/100\n|\n|-weather|Snow|[upkeep]\n|-damage|p1a: cuh|22\/100 tox|[from] psn\n|upkeep\n|turn|23\n|\n|t:|1699220878\n|move|p1a: cuh|Aurora Veil|p1a: cuh\n|-sidestart|p1: benleolee|move: Aurora Veil\n|move|p2a: Pink|Stealth Rock|p1a: cuh\n|-sidestart|p1: benleolee|move: Stealth Rock\n|\n|-weather|Snow|[upkeep]\n|-damage|p1a: cuh|4\/100 tox|[from] psn\n|upkeep\n|turn|24\n|c|\u2606benleolee|that shit hurted ngl\n|\n|t:|1699220892\n|move|p1a: cuh|Encore|p2a: Pink\n|-start|p2a: Pink|Encore\n|move|p2a: Pink|Stealth Rock||[still]\n|-fail|p2a: Pink\n|\n|-weather|Snow|[upkeep]\n|-damage|p1a: cuh|0 fnt|[from] psn\n|faint|p1a: cuh\n|upkeep\n|inactive|benleolee has 270 seconds left.\n|\n|t:|1699220928\n|switch|p1a: fatass|Mamoswine, F|97\/100\n|-damage|p1a: fatass|84\/100|[from] Stealth Rock\n|turn|25\n|\n|t:|1699220937\n|switch|p2a: Brown|Landorus-Therian, M|17\/100\n|-ability|p2a: Brown|Intimidate|boost\n|-unboost|p1a: fatass|atk|1\n|move|p1a: fatass|Trailblaze|p2a: Brown\n|-damage|p2a: Brown|0 fnt\n|-boost|p1a: fatass|spe|1\n|faint|p2a: Brown\n|-damage|p1a: fatass|74\/100|[from] item: Life Orb\n|\n|-weather|none\n|upkeep\n|\n|t:|1699220955\n|switch|p2a: Green|Pyukumuku, F, shiny|100\/100\n|turn|26\n|inactive|benleolee has 270 seconds left.\n|\n|t:|1699220963\n|move|p1a: fatass|Earthquake|p2a: Green\n|-damage|p2a: Green|52\/100\n|-damage|p1a: fatass|64\/100|[from] item: Life Orb\n|move|p2a: Green|Toxic|p1a: fatass\n|-status|p1a: fatass|tox\n|\n|-heal|p2a: Green|58\/100|[from] item: Leftovers\n|-damage|p1a: fatass|58\/100 tox|[from] psn\n|upkeep\n|turn|27\n|\n|t:|1699220972\n|move|p1a: fatass|Trailblaze|p2a: Green\n|-supereffective|p2a: Green\n|-damage|p2a: Green|25\/100\n|-boost|p1a: fatass|spe|1\n|-damage|p1a: fatass|48\/100 tox|[from] item: Life Orb\n|move|p2a: Green|Recover|p2a: Green\n|-heal|p2a: Green|75\/100\n|\n|-heal|p2a: Green|81\/100|[from] item: Leftovers\n|-damage|p1a: fatass|36\/100 tox|[from] psn\n|upkeep\n|turn|28\n|inactive|benleolee has 270 seconds left.\n|\n|t:|1699220987\n|switch|p1a: squad|Maushold|54\/100 brn\n|-damage|p1a: squad|42\/100 brn|[from] Stealth Rock\n|move|p2a: Green|Recover|p2a: Green\n|-heal|p2a: Green|100\/100\n|\n|-damage|p1a: squad|36\/100 brn|[from] brn\n|upkeep\n|turn|29\n|\n|t:|1699220993\n|switch|p2a: Fresh|Slowbro, F|100\/100 par\n|move|p1a: squad|Thunder Wave|p2a: Fresh\n|-fail|p2a: Fresh|par\n|\n|-damage|p1a: squad|30\/100 brn|[from] brn\n|upkeep\n|turn|30\n|\n|t:|1699221007\n|move|p1a: squad|Tidy Up|p1a: squad\n|-sideend|p1: benleolee|Stealth Rock\n|-activate|p1a: squad|move: Tidy Up\n|-boost|p1a: squad|atk|1\n|-boost|p1a: squad|spe|1\n|move|p2a: Fresh|Teleport|p2a: Fresh\n|\n|t:|1699221010\n|switch|p2a: Green|Pyukumuku, F, shiny|100\/100|[from] Teleport\n|\n|-damage|p1a: squad|23\/100 brn|[from] brn\n|-sideend|p1: benleolee|move: Aurora Veil\n|upkeep\n|turn|31\n|\n|t:|1699221023\n|move|p1a: squad|Thunder Wave|p2a: Green\n|-status|p2a: Green|par\n|move|p2a: Green|Counter||[still]\n|-fail|p2a: Green\n|\n|-damage|p1a: squad|17\/100 brn|[from] brn\n|upkeep\n|turn|32\n|\n|t:|1699221031\n|move|p1a: squad|Population Bomb|p2a: Green\n|-damage|p2a: Green|96\/100 par\n|-damage|p2a: Green|92\/100 par\n|-damage|p2a: Green|88\/100 par\n|-damage|p2a: Green|85\/100 par\n|-damage|p2a: Green|80\/100 par\n|-damage|p2a: Green|76\/100 par\n|-damage|p2a: Green|72\/100 par\n|-damage|p2a: Green|68\/100 par\n|-damage|p2a: Green|64\/100 par\n|-damage|p2a: Green|60\/100 par\n|-hitcount|p2a: Green|10\n|move|p2a: Green|Counter|p1a: squad\n|-damage|p1a: squad|8\/100 brn\n|\n|-heal|p2a: Green|66\/100 par|[from] item: Leftovers\n|-damage|p1a: squad|2\/100 brn|[from] brn\n|upkeep\n|turn|33\n|\n|t:|1699221047\n|switch|p2a: Fresh|Slowbro, F|100\/100 par\n|move|p1a: squad|Population Bomb|p2a: Fresh\n|-damage|p2a: Fresh|95\/100 par\n|-damage|p2a: Fresh|89\/100 par\n|-damage|p2a: Fresh|84\/100 par\n|-damage|p2a: Fresh|78\/100 par\n|-damage|p2a: Fresh|74\/100 par\n|-damage|p2a: Fresh|69\/100 par\n|-damage|p2a: Fresh|63\/100 par\n|-damage|p2a: Fresh|58\/100 par\n|-damage|p2a: Fresh|53\/100 par\n|-damage|p2a: Fresh|47\/100 par\n|-hitcount|p2a: Fresh|10\n|\n|-damage|p1a: squad|0 fnt|[from] brn\n|faint|p1a: squad\n|upkeep\n|inactive|benleolee has 270 seconds left.\n|\n|t:|1699221070\n|switch|p1a: pookie|Mawile-Mega, F|32\/100\n|turn|34\n|\n|t:|1699221078\n|switch|p2a: Blue|Latios, M|48\/100\n|move|p1a: pookie|Play Rough|p2a: Blue\n|-supereffective|p2a: Blue\n|-damage|p2a: Blue|0 fnt\n|faint|p2a: Blue\n|\n|upkeep\n|\n|t:|1699221087\n|switch|p2a: Fresh|Slowbro, F|81\/100 par\n|turn|35\n|\n|t:|1699221093\n|move|p1a: pookie|Play Rough|p2a: Fresh\n|-damage|p2a: Fresh|31\/100 par\n|move|p2a: Fresh|Scald|p1a: pookie\n|-damage|p1a: pookie|0 fnt\n|faint|p1a: pookie\n|\n|upkeep\n|\n|t:|1699221108\n|switch|p1a: warnor|Greninja, M|97\/100\n|turn|36\n|\n|t:|1699221113\n|switch|p2a: Pink|Chansey, F|93\/100\n|move|p1a: warnor|Dark Pulse|p2a: Pink\n|-damage|p2a: Pink|78\/100\n|-damage|p1a: warnor|87\/100|[from] item: Life Orb\n|\n|upkeep\n|turn|37\n|inactive|benleolee has 270 seconds left.\n|\n|t:|1699221149\n|move|p1a: warnor|Hydro Pump|p2a: Pink\n|-damage|p2a: Pink|57\/100\n|-damage|p1a: warnor|77\/100|[from] item: Life Orb\n|move|p2a: Pink|Seismic Toss|p1a: warnor\n|-damage|p1a: warnor|42\/100\n|\n|upkeep\n|turn|38\n|inactive|benleolee has 270 seconds left.\n|\n|t:|1699221154\n|switch|p1a: fatass|Mamoswine, F|36\/100 tox\n|move|p2a: Pink|Soft-Boiled|p2a: Pink\n|-heal|p2a: Pink|100\/100\n|\n|-damage|p1a: fatass|30\/100 tox|[from] psn\n|upkeep\n|turn|39\n|\n|t:|1699221171\n|move|p1a: fatass|Earthquake|p2a: Pink\n|-damage|p2a: Pink|57\/100\n|-damage|p1a: fatass|20\/100 tox|[from] item: Life Orb\n|move|p2a: Pink|Seismic Toss|p1a: fatass\n|-damage|p1a: fatass|0 fnt\n|faint|p1a: fatass\n|\n|upkeep\n|\n|t:|1699221175\n|switch|p1a: warnor|Greninja, M|42\/100\n|turn|40\n|\n|t:|1699221178\n|move|p1a: warnor|Hydro Pump|p2a: Pink\n|-damage|p2a: Pink|38\/100\n|-damage|p1a: warnor|32\/100|[from] item: Life Orb\n|move|p2a: Pink|Soft-Boiled|p2a: Pink\n|-heal|p2a: Pink|88\/100\n|\n|upkeep\n|turn|41\n|\n|t:|1699221183\n|move|p1a: warnor|Hydro Pump|p2a: Pink\n|-damage|p2a: Pink|69\/100\n|-damage|p1a: warnor|22\/100|[from] item: Life Orb\n|move|p2a: Pink|Soft-Boiled|p2a: Pink\n|-heal|p2a: Pink|100\/100\n|\n|upkeep\n|turn|42\n|c|\u2606benleolee|gg\n|\n|t:|1699221190\n|move|p1a: warnor|Hydro Pump|p2a: Pink\n|-damage|p2a: Pink|82\/100\n|-damage|p1a: warnor|12\/100|[from] item: Life Orb\n|move|p2a: Pink|Seismic Toss|p1a: warnor\n|-damage|p1a: warnor|0 fnt\n|faint|p1a: warnor\n|\n|win|WhatIsThatDogDoing\n|l|\u2606benleolee\n|c|\u2606WhatIsThatDogDoing|gg\n|l|\u2606WhatIsThatDogDoing\n|j|\u2606WhatIsThatDogDoing\n|player|p2|WhatIsThatDogDoing|interviewers\n","uploadtime":1699221227,"views":14,"p1id":"benleolee","p2id":"whatisthatdogdoing","formatid":"gen9nationaldexubers","rating":0,"private":0,"password":""}