{"id":"gen9nationaldexubers-1992597797","p1":"AaPilleri","p2":"Wisper2ng","format":"[Gen 9] National Dex Ubers","log":"|j|\u2606AaPilleri\n|j|\u2606Wisper2ng\n|t:|1700212280\n|gametype|singles\n|player|p1|AaPilleri|shadowtriad|\n|player|p2|Wisper2ng|wallace|\n|teamsize|p1|6\n|teamsize|p2|6\n|gen|9\n|tier|[Gen 9] National Dex Ubers\n|rule|HP Percentage Mod: HP is shown in percentages\n|rule|Endless Battle Clause: Forcing endless battles is banned\n|rule|OHKO Clause: OHKO moves are banned\n|rule|Evasion Moves Clause: Evasion moves are banned\n|rule|Evasion Items Clause: Evasion items are banned\n|rule|Species Clause: Limit one of each Pok\u00e9mon\n|rule|Sleep Clause Mod: Limit one foe put to sleep\n|rule|Mega Rayquaza Clause: You cannot mega evolve Rayquaza\n|clearpoke\n|poke|p1|Quagsire, M|\n|poke|p1|Oddish, M|\n|poke|p1|Ninetales, F|\n|poke|p1|Bidoof, F|\n|poke|p1|Eternatus|\n|poke|p1|Wigglytuff, M|\n|poke|p2|Klefki, M|\n|poke|p2|Breloom, M|\n|poke|p2|Typhlosion, M|\n|poke|p2|Vivillon-Continental, F|\n|poke|p2|Smeargle, F|\n|poke|p2|Bidoof, M|\n|teampreview\n|inactive|Battle timer is ON: inactive players will automatically lose when time's up. (requested by Wisper2ng)\n|\n|t:|1700212288\n|start\n|switch|p1a: Kitsune|Ninetales, F, shiny|100\/100\n|switch|p2a: Klefki|Klefki, M|100\/100\n|turn|1\n|\n|t:|1700212309\n|move|p2a: Klefki|Toxic|p1a: Kitsune\n|-status|p1a: Kitsune|tox\n|move|p1a: Kitsune|Calm Mind|p1a: Kitsune\n|-boost|p1a: Kitsune|spa|1\n|-boost|p1a: Kitsune|spd|1\n|\n|-damage|p1a: Kitsune|95\/100 tox|[from] psn\n|upkeep\n|turn|2\n|\n|t:|1700212327\n|move|p2a: Klefki|Light Screen|p2a: Klefki\n|-sidestart|p2: Wisper2ng|move: Light Screen\n|move|p1a: Kitsune|Sunny Day|p1a: Kitsune\n|-weather|SunnyDay\n|\n|-weather|SunnyDay|[upkeep]\n|-damage|p1a: Kitsune|83\/100 tox|[from] psn\n|upkeep\n|turn|3\n|\n|t:|1700212332\n|move|p2a: Klefki|Reflect|p2a: Klefki\n|-sidestart|p2: Wisper2ng|Reflect\n|move|p1a: Kitsune|Fire Blast|p2a: Klefki\n|-supereffective|p2a: Klefki\n|-damage|p2a: Klefki|8\/100\n|\n|-weather|SunnyDay|[upkeep]\n|-damage|p1a: Kitsune|65\/100 tox|[from] psn\n|upkeep\n|turn|4\n|\n|t:|1700212339\n|move|p1a: Kitsune|Fire Blast|p2a: Klefki|[miss]\n|-miss|p1a: Kitsune|p2a: Klefki\n|move|p2a: Klefki|Dazzling Gleam|p1a: Kitsune\n|-resisted|p1a: Kitsune\n|-damage|p1a: Kitsune|56\/100 tox\n|\n|-weather|SunnyDay|[upkeep]\n|-damage|p1a: Kitsune|32\/100 tox|[from] psn\n|upkeep\n|turn|5\n|\n|t:|1700212347\n|move|p1a: Kitsune|Fire Blast|p2a: Klefki\n|-supereffective|p2a: Klefki\n|-damage|p2a: Klefki|0 fnt\n|faint|p2a: Klefki\n|\n|-weather|SunnyDay|[upkeep]\n|-damage|p1a: Kitsune|2\/100 tox|[from] psn\n|upkeep\n|\n|t:|1700212367\n|switch|p2a: Typhlosion|Typhlosion, M|100\/100\n|turn|6\n|\n|t:|1700212396\n|move|p2a: Typhlosion|Eruption|p1a: Kitsune\n|-start|p1a: Kitsune|ability: Flash Fire\n|move|p1a: Kitsune|Sunny Day||[still]\n|-fail|p1a: Kitsune\n|\n|-weather|none\n|-damage|p1a: Kitsune|0 fnt|[from] psn\n|faint|p1a: Kitsune\n|-sideend|p2: Wisper2ng|move: Light Screen\n|upkeep\n|c|\u2606Wisper2ng|Lol\n|\n|t:|1700212405\n|switch|p1a: Berry|Oddish, M|100\/100\n|turn|7\n|\n|t:|1700212412\n|move|p2a: Typhlosion|Eruption|p1a: Berry\n|-supereffective|p1a: Berry\n|-enditem|p1a: Berry|Focus Sash\n|-damage|p1a: Berry|1\/100\n|move|p1a: Berry|Leech Seed|p2a: Typhlosion\n|-start|p2a: Typhlosion|move: Leech Seed\n|\n|-damage|p2a: Typhlosion|88\/100|[from] Leech Seed|[of] p1a: Berry\n|-heal|p1a: Berry|13\/100|[silent]\n|-sideend|p2: Wisper2ng|Reflect\n|upkeep\n|turn|8\n|\n|t:|1700212422\n|move|p1a: Berry|Protect|p1a: Berry\n|-singleturn|p1a: Berry|Protect\n|move|p2a: Typhlosion|Eruption|p1a: Berry\n|-activate|p1a: Berry|move: Protect\n|\n|-damage|p2a: Typhlosion|76\/100|[from] Leech Seed|[of] p1a: Berry\n|-heal|p1a: Berry|26\/100|[silent]\n|upkeep\n|turn|9\n|\n|t:|1700212439\n|move|p2a: Typhlosion|Eruption|p1a: Berry\n|-supereffective|p1a: Berry\n|-damage|p1a: Berry|0 fnt\n|faint|p1a: Berry\n|\n|upkeep\n|\n|t:|1700212453\n|switch|p1a: Wadaa|Quagsire, M, shiny|100\/100\n|turn|10\n|\n|t:|1700212462\n|move|p2a: Typhlosion|Extrasensory|p1a: Wadaa\n|-damage|p1a: Wadaa|72\/100\n|move|p1a: Wadaa|Curse|p1a: Wadaa\n|-unboost|p1a: Wadaa|spe|1\n|-boost|p1a: Wadaa|atk|1\n|-boost|p1a: Wadaa|def|1\n|\n|-damage|p2a: Typhlosion|63\/100|[from] Leech Seed|[of] p1a: Wadaa\n|-heal|p1a: Wadaa|81\/100|[silent]\n|upkeep\n|turn|11\n|\n|t:|1700212476\n|switch|p2a: Breloom|Breloom, M|100\/100\n|move|p1a: Wadaa|Aqua Tail|p2a: Breloom\n|-resisted|p2a: Breloom\n|-crit|p2a: Breloom\n|-damage|p2a: Breloom|34\/100\n|\n|upkeep\n|turn|12\n|\n|t:|1700212489\n|move|p2a: Breloom|Spore|p1a: Wadaa\n|-status|p1a: Wadaa|slp|[from] move: Spore\n|cant|p1a: Wadaa|slp\n|\n|upkeep\n|turn|13\n|\n|t:|1700212495\n|move|p2a: Breloom|Pounce|p1a: Wadaa\n|-damage|p1a: Wadaa|64\/100 slp\n|-unboost|p1a: Wadaa|spe|1\n|cant|p1a: Wadaa|slp\n|\n|upkeep\n|turn|14\n|\n|t:|1700212502\n|move|p2a: Breloom|Power-Up Punch|p1a: Wadaa\n|-damage|p1a: Wadaa|44\/100 slp\n|-boost|p2a: Breloom|atk|1\n|cant|p1a: Wadaa|slp\n|\n|upkeep\n|turn|15\n|\n|t:|1700212508\n|move|p2a: Breloom|Bullet Seed|p1a: Wadaa\n|-supereffective|p1a: Wadaa\n|-damage|p1a: Wadaa|0 fnt\n|faint|p1a: Wadaa\n|-hitcount|p1: Wadaa|1\n|\n|upkeep\n|\n|t:|1700212517\n|switch|p1a: Wigglytuff|Wigglytuff, M|100\/100\n|turn|16\n|\n|t:|1700212530\n|move|p2a: Breloom|Spore|p1a: Wigglytuff\n|-status|p1a: Wigglytuff|slp|[from] move: Spore\n|cant|p1a: Wigglytuff|slp\n|\n|upkeep\n|turn|17\n|c|\u2606AaPilleri|This is not my normal team btw, can I show you after this?\n|inactive|AaPilleri has 270 seconds left.\n|\n|t:|1700212561\n|move|p2a: Breloom|Power-Up Punch|p1a: Wigglytuff\n|-damage|p1a: Wigglytuff|46\/100 slp\n|-boost|p2a: Breloom|atk|1\n|-curestatus|p1a: Wigglytuff|slp|[msg]\n|move|p1a: Wigglytuff|Chilling Water|p2a: Breloom\n|-resisted|p2a: Breloom\n|-damage|p2a: Breloom|21\/100\n|-unboost|p2a: Breloom|atk|1\n|\n|-heal|p1a: Wigglytuff|52\/100|[from] item: Leftovers\n|upkeep\n|turn|18\n|inactive|AaPilleri has 270 seconds left.\n|\n|t:|1700212584\n|move|p2a: Breloom|Spore|p1a: Wigglytuff\n|-status|p1a: Wigglytuff|slp|[from] move: Spore\n|cant|p1a: Wigglytuff|slp\n|\n|-heal|p1a: Wigglytuff|58\/100 slp|[from] item: Leftovers\n|upkeep\n|turn|19\n|inactive|AaPilleri has 270 seconds left.\n|\n|t:|1700212595\n|move|p2a: Breloom|Power-Up Punch|p1a: Wigglytuff\n|-damage|p1a: Wigglytuff|0 fnt\n|-boost|p2a: Breloom|atk|1\n|faint|p1a: Wigglytuff\n|\n|upkeep\n|inactive|AaPilleri has 270 seconds left.\n|\n|t:|1700212604\n|switch|p1a: Bidoof|Bidoof, F|100\/100\n|turn|20\n|\n|t:|1700212607\n|switch|p2a: Temp6t|Bidoof, M, shiny|100\/100\n|move|p1a: Bidoof|Taunt|p2a: Temp6t\n|-start|p2a: Temp6t|move: Taunt\n|\n|-ability|p1a: Bidoof|Moody|boost\n|-boost|p1a: Bidoof|def|2\n|-unboost|p1a: Bidoof|spe|1\n|upkeep\n|turn|21\n|\n|t:|1700212624\n|-terastallize|p1a: Bidoof|Normal\n|move|p2a: Temp6t|Return|p1a: Bidoof\n|-damage|p1a: Bidoof|75\/100\n|move|p1a: Bidoof|Facade|p2a: Temp6t\n|-damage|p2a: Temp6t|68\/100\n|\n|-ability|p1a: Bidoof|Moody|boost\n|-boost|p1a: Bidoof|spe|2\n|-unboost|p1a: Bidoof|def|1\n|upkeep\n|turn|22\n|\n|t:|1700212641\n|move|p1a: Bidoof|Facade|p2a: Temp6t\n|-damage|p2a: Temp6t|32\/100\n|move|p2a: Temp6t|Crunch|p1a: Bidoof\n|-damage|p1a: Bidoof|58\/100\n|\n|-end|p2a: Temp6t|move: Taunt\n|-ability|p1a: Bidoof|Moody|boost\n|-boost|p1a: Bidoof|atk|2\n|-unboost|p1a: Bidoof|spa|1\n|upkeep\n|turn|23\n|\n|t:|1700212653\n|move|p1a: Bidoof|Iron Tail|p2a: Temp6t\n|-crit|p2a: Temp6t\n|-damage|p2a: Temp6t|0 fnt\n|faint|p2a: Temp6t\n|\n|-ability|p1a: Bidoof|Moody|boost\n|-boost|p1a: Bidoof|atk|2\n|-unboost|p1a: Bidoof|spe|1\n|upkeep\n|\n|t:|1700212657\n|switch|p2a: Breloom|Breloom, M|21\/100\n|turn|24\n|\n|t:|1700212672\n|move|p2a: Breloom|Power-Up Punch|p1a: Bidoof\n|-supereffective|p1a: Bidoof\n|-damage|p1a: Bidoof|0 fnt\n|-boost|p2a: Breloom|atk|1\n|faint|p1a: Bidoof\n|\n|upkeep\n|\n|t:|1700212681\n|switch|p1a: Eternatus|Eternatus|100\/100\n|-ability|p1a: Eternatus|Pressure\n|turn|25\n|\n|t:|1700212688\n|move|p1a: Eternatus|Cosmic Power|p1a: Eternatus\n|-boost|p1a: Eternatus|def|1\n|-boost|p1a: Eternatus|spd|1\n|move|p2a: Breloom|Pounce|p1a: Eternatus\n|-resisted|p1a: Eternatus\n|-damage|p1a: Eternatus|91\/100\n|-unboost|p1a: Eternatus|spe|1\n|\n|-heal|p1a: Eternatus|97\/100|[from] item: Leftovers\n|upkeep\n|turn|26\n|\n|t:|1700212698\n|move|p1a: Eternatus|Cosmic Power|p1a: Eternatus\n|-boost|p1a: Eternatus|def|1\n|-boost|p1a: Eternatus|spd|1\n|move|p2a: Breloom|Spore|p1a: Eternatus\n|-status|p1a: Eternatus|slp|[from] move: Spore\n|\n|-heal|p1a: Eternatus|100\/100 slp|[from] item: Leftovers\n|upkeep\n|turn|27\n|\n|t:|1700212707\n|cant|p1a: Eternatus|slp\n|move|p2a: Breloom|Pounce|p1a: Eternatus\n|-resisted|p1a: Eternatus\n|-damage|p1a: Eternatus|94\/100 slp\n|-unboost|p1a: Eternatus|spe|1\n|\n|-heal|p1a: Eternatus|99\/100 slp|[from] item: Leftovers\n|upkeep\n|turn|28\n|\n|t:|1700212718\n|move|p2a: Breloom|Power-Up Punch|p1a: Eternatus\n|-resisted|p1a: Eternatus\n|-damage|p1a: Eternatus|92\/100 slp\n|-boost|p2a: Breloom|atk|1\n|cant|p1a: Eternatus|slp\n|\n|-heal|p1a: Eternatus|99\/100 slp|[from] item: Leftovers\n|upkeep\n|turn|29\n|\n|t:|1700212726\n|move|p2a: Breloom|Power-Up Punch|p1a: Eternatus\n|-resisted|p1a: Eternatus\n|-damage|p1a: Eternatus|87\/100 slp\n|-boost|p2a: Breloom|atk|1\n|cant|p1a: Eternatus|slp\n|\n|-heal|p1a: Eternatus|93\/100 slp|[from] item: Leftovers\n|upkeep\n|turn|30\n|\n|t:|1700212734\n|move|p2a: Breloom|Bullet Seed|p1a: Eternatus\n|-resisted|p1a: Eternatus\n|-damage|p1a: Eternatus|89\/100 slp\n|-resisted|p1a: Eternatus\n|-damage|p1a: Eternatus|85\/100 slp\n|-resisted|p1a: Eternatus\n|-damage|p1a: Eternatus|80\/100 slp\n|-resisted|p1a: Eternatus\n|-damage|p1a: Eternatus|76\/100 slp\n|-hitcount|p1a: Eternatus|4\n|-curestatus|p1a: Eternatus|slp|[msg]\n|move|p1a: Eternatus|Dragon Dance|p1a: Eternatus\n|-boost|p1a: Eternatus|atk|1\n|-boost|p1a: Eternatus|spe|1\n|\n|-heal|p1a: Eternatus|83\/100|[from] item: Leftovers\n|upkeep\n|turn|31\n|\n|t:|1700212751\n|move|p1a: Eternatus|Dragon Dance|p1a: Eternatus\n|-boost|p1a: Eternatus|atk|1\n|-boost|p1a: Eternatus|spe|1\n|move|p2a: Breloom|Spore|p1a: Eternatus\n|-status|p1a: Eternatus|slp|[from] move: Spore\n|\n|-heal|p1a: Eternatus|89\/100 slp|[from] item: Leftovers\n|upkeep\n|turn|32\n|\n|t:|1700212768\n|cant|p1a: Eternatus|slp\n|move|p2a: Breloom|Pounce|p1a: Eternatus\n|-resisted|p1a: Eternatus\n|-damage|p1a: Eternatus|77\/100 slp\n|-unboost|p1a: Eternatus|spe|1\n|\n|-heal|p1a: Eternatus|83\/100 slp|[from] item: Leftovers\n|upkeep\n|turn|33\n|\n|t:|1700212791\n|move|p2a: Breloom|Pounce|p1a: Eternatus\n|-resisted|p1a: Eternatus\n|-damage|p1a: Eternatus|71\/100 slp\n|-unboost|p1a: Eternatus|spe|1\n|cant|p1a: Eternatus|slp\n|\n|-heal|p1a: Eternatus|77\/100 slp|[from] item: Leftovers\n|upkeep\n|turn|34\n|\n|t:|1700212799\n|move|p2a: Breloom|Pounce|p1a: Eternatus\n|-resisted|p1a: Eternatus\n|-crit|p1a: Eternatus\n|-damage|p1a: Eternatus|42\/100 slp\n|-unboost|p1a: Eternatus|spe|1\n|cant|p1a: Eternatus|slp\n|\n|-heal|p1a: Eternatus|48\/100 slp|[from] item: Leftovers\n|upkeep\n|turn|35\n|\n|t:|1700212809\n|move|p2a: Breloom|Pounce|p1a: Eternatus\n|-resisted|p1a: Eternatus\n|-damage|p1a: Eternatus|37\/100 slp\n|-unboost|p1a: Eternatus|spe|1\n|-curestatus|p1a: Eternatus|slp|[msg]\n|move|p1a: Eternatus|Recover|p1a: Eternatus\n|-heal|p1a: Eternatus|87\/100\n|\n|-heal|p1a: Eternatus|94\/100|[from] item: Leftovers\n|upkeep\n|turn|36\n|\n|t:|1700212835\n|move|p2a: Breloom|Pounce|p1a: Eternatus\n|-resisted|p1a: Eternatus\n|-damage|p1a: Eternatus|83\/100\n|-unboost|p1a: Eternatus|spe|1\n|move|p1a: Eternatus|Solar Beam||[still]\n|-prepare|p1a: Eternatus|Solar Beam\n|\n|-heal|p1a: Eternatus|89\/100|[from] item: Leftovers\n|upkeep\n|turn|37\n|inactive|AaPilleri has 270 seconds left.\n|\n|t:|1700212885\n|move|p2a: Breloom|Spore|p1a: Eternatus\n|-status|p1a: Eternatus|slp|[from] move: Spore\n|cant|p1a: Eternatus|slp\n|\n|-heal|p1a: Eternatus|95\/100 slp|[from] item: Leftovers\n|upkeep\n|turn|38\n|\n|t:|1700212895\n|move|p2a: Breloom|Power-Up Punch|p1a: Eternatus\n|-resisted|p1a: Eternatus\n|-damage|p1a: Eternatus|80\/100 slp\n|-boost|p2a: Breloom|atk|1\n|cant|p1a: Eternatus|slp\n|\n|-heal|p1a: Eternatus|87\/100 slp|[from] item: Leftovers\n|upkeep\n|turn|39\n|\n|t:|1700212905\n|move|p2a: Breloom|Power-Up Punch|p1a: Eternatus\n|-resisted|p1a: Eternatus\n|-damage|p1a: Eternatus|69\/100 slp\n|-boost|p2a: Breloom|atk|1\n|-curestatus|p1a: Eternatus|slp|[msg]\n|move|p1a: Eternatus|Solar Beam||[still]\n|-prepare|p1a: Eternatus|Solar Beam\n|\n|-heal|p1a: Eternatus|75\/100|[from] item: Leftovers\n|upkeep\n|turn|40\n|inactive|AaPilleri has 270 seconds left.\n|\n|t:|1700212919\n|move|p2a: Breloom|Power-Up Punch|p1a: Eternatus\n|-resisted|p1a: Eternatus\n|-damage|p1a: Eternatus|57\/100\n|-boost|p2a: Breloom|atk|1\n|move|p1a: Eternatus|Solar Beam|p2a: Breloom|[from]lockedmove\n|-resisted|p2a: Breloom\n|-damage|p2a: Breloom|0 fnt\n|faint|p2a: Breloom\n|\n|-heal|p1a: Eternatus|64\/100|[from] item: Leftovers\n|upkeep\n|c|\u2606Wisper2ng|Uh oh\n|inactive|Wisper2ng has 270 seconds left.\n|\n|t:|1700212939\n|switch|p2a: Typhlosion|Typhlosion, M|63\/100\n|turn|41\n|c|\u2606AaPilleri|Eheh\n|\n|t:|1700212949\n|move|p2a: Typhlosion|Extrasensory|p1a: Eternatus\n|-supereffective|p1a: Eternatus\n|-damage|p1a: Eternatus|46\/100\n|move|p1a: Eternatus|Cosmic Power|p1a: Eternatus\n|-boost|p1a: Eternatus|def|1\n|-boost|p1a: Eternatus|spd|1\n|\n|-heal|p1a: Eternatus|52\/100|[from] item: Leftovers\n|upkeep\n|turn|42\n|\n|t:|1700212962\n|move|p2a: Typhlosion|Extrasensory|p1a: Eternatus\n|-supereffective|p1a: Eternatus\n|-damage|p1a: Eternatus|39\/100\n|move|p1a: Eternatus|Recover|p1a: Eternatus\n|-heal|p1a: Eternatus|89\/100\n|\n|-heal|p1a: Eternatus|95\/100|[from] item: Leftovers\n|upkeep\n|turn|43\n|\n|t:|1700212980\n|move|p2a: Typhlosion|Extrasensory|p1a: Eternatus\n|-supereffective|p1a: Eternatus\n|-damage|p1a: Eternatus|83\/100\n|move|p1a: Eternatus|Dragon Dance|p1a: Eternatus\n|-boost|p1a: Eternatus|atk|1\n|-boost|p1a: Eternatus|spe|1\n|\n|-heal|p1a: Eternatus|89\/100|[from] item: Leftovers\n|upkeep\n|turn|44\n|inactive|Wisper2ng has 270 seconds left.\n|\n|t:|1700213004\n|move|p2a: Typhlosion|Extrasensory|p1a: Eternatus\n|-supereffective|p1a: Eternatus\n|-damage|p1a: Eternatus|75\/100\n|move|p1a: Eternatus|Dragon Dance|p1a: Eternatus\n|-boost|p1a: Eternatus|atk|1\n|-boost|p1a: Eternatus|spe|1\n|\n|-heal|p1a: Eternatus|81\/100|[from] item: Leftovers\n|upkeep\n|turn|45\n|inactive|Wisper2ng has 270 seconds left.\n|\n|t:|1700213014\n|move|p2a: Typhlosion|Extrasensory|p1a: Eternatus\n|-supereffective|p1a: Eternatus\n|-damage|p1a: Eternatus|67\/100\n|move|p1a: Eternatus|Solar Beam||[still]\n|-prepare|p1a: Eternatus|Solar Beam\n|\n|-heal|p1a: Eternatus|73\/100|[from] item: Leftovers\n|upkeep\n|turn|46\n|inactive|Wisper2ng has 270 seconds left.\n|\n|t:|1700213024\n|move|p2a: Typhlosion|Extrasensory|p1a: Eternatus\n|-supereffective|p1a: Eternatus\n|-damage|p1a: Eternatus|59\/100\n|move|p1a: Eternatus|Solar Beam|p2a: Typhlosion|[from]lockedmove\n|-resisted|p2a: Typhlosion\n|-damage|p2a: Typhlosion|48\/100\n|\n|-heal|p1a: Eternatus|65\/100|[from] item: Leftovers\n|upkeep\n|turn|47\n|inactive|Wisper2ng has 270 seconds left.\n|c|\u2606AaPilleri|Omg this will take forever\n|c|\u2606AaPilleri|u won\n|inactive|AaPilleri has 270 seconds left.\n|c|\u2606AaPilleri|lets play again\n|c|\u2606Wisper2ng|Ok\n|inactive|AaPilleri has 240 seconds left.\n|-message|AaPilleri forfeited.\n|\n|win|Wisper2ng\n|l|\u2606AaPilleri\n","uploadtime":1700213098,"views":13,"p1id":"aapilleri","p2id":"wisper2ng","formatid":"gen9nationaldexubers","rating":0,"private":0,"password":""}