{"id":"gen9nationaldexubers-1995619980","p1":"NoWay360","p2":"Noah DRG","format":"[Gen 9] National Dex Ubers","log":"|j|\u2606NoWay360\n|j|\u2606Noah DRG\n|t:|1700588119\n|gametype|singles\n|player|p1|NoWay360|hiker-gen4|1064\n|player|p2|Noah DRG|266|1008\n|teamsize|p1|6\n|teamsize|p2|6\n|gen|9\n|tier|[Gen 9] National Dex Ubers\n|rated|\n|rule|HP Percentage Mod: HP is shown in percentages\n|rule|Endless Battle Clause: Forcing endless battles is banned\n|rule|OHKO Clause: OHKO moves are banned\n|rule|Evasion Moves Clause: Evasion moves are banned\n|rule|Evasion Items Clause: Evasion items are banned\n|rule|Species Clause: Limit one of each Pok\u00e9mon\n|rule|Sleep Clause Mod: Limit one foe put to sleep\n|rule|Mega Rayquaza Clause: You cannot mega evolve Rayquaza\n|clearpoke\n|poke|p1|Naganadel|\n|poke|p1|Clodsire, F|\n|poke|p1|Sneasler, M|\n|poke|p1|Toxapex, F|\n|poke|p1|Beedrill, M|\n|poke|p1|Gengar, M|\n|poke|p2|Roserade, M|\n|poke|p2|Infernape, M|\n|poke|p2|Vaporeon, F|\n|poke|p2|Luxray, M|\n|poke|p2|Lucario, F|\n|poke|p2|Garchomp, M|\n|teampreview\n|inactive|Battle timer is ON: inactive players will automatically lose when time's up. (requested by NoWay360)\n|\n|t:|1700588128\n|start\n|switch|p1a: Blood Clod|Clodsire, F|100\/100\n|switch|p2a: Gibby|Garchomp, M|100\/100\n|turn|1\n|inactive|NoWay360 has 120 seconds left.\n|inactive|NoWay360 has 90 seconds left.\n|l|\u2606NoWay360\n|inactive|NoWay360 disconnected and has a minute to reconnect!\n|player|p1|\n|inactive|NoWay360 has 30 seconds to reconnect!\n|inactive|NoWay360 has 20 seconds to reconnect!\n|j|\u2606NoWay360\n|inactive|NoWay360 reconnected and has 40 seconds left.\n|player|p1|NoWay360|hiker-gen4\n|\n|t:|1700588245\n|move|p2a: Gibby|Earthquake|p1a: Blood Clod\n|-supereffective|p1a: Blood Clod\n|-damage|p1a: Blood Clod|0 fnt\n|faint|p1a: Blood Clod\n|\n|upkeep\n|inactive|NoWay360 has 30 seconds left.\n|\n|t:|1700588262\n|switch|p1a: Baljeet|Sneasler, M|100\/100\n|turn|2\n|inactive|NoWay360 has 30 seconds left.\n|\n|t:|1700588273\n|move|p1a: Baljeet|Dire Claw|p2a: Gibby\n|-resisted|p2a: Gibby\n|-damage|p2a: Gibby|74\/100\n|-status|p2a: Gibby|slp\n|-damage|p1a: Baljeet|88\/100|[from] ability: Rough Skin|[of] p2a: Gibby\n|-damage|p1a: Baljeet|78\/100|[from] item: Life Orb\n|cant|p2a: Gibby|slp\n|\n|upkeep\n|turn|3\n|inactive|NoWay360 has 30 seconds left.\n|inactive|NoWay360 has 20 seconds left.\n|\n|t:|1700588291\n|move|p1a: Baljeet|Swords Dance|p1a: Baljeet\n|-boost|p1a: Baljeet|atk|2\n|cant|p2a: Gibby|slp\n|\n|upkeep\n|turn|4\n|inactive|NoWay360 has 30 seconds left this turn.\n|\n|t:|1700588299\n|move|p1a: Baljeet|Swords Dance|p1a: Baljeet\n|-boost|p1a: Baljeet|atk|2\n|-curestatus|p2a: Gibby|slp|[msg]\n|move|p2a: Gibby|Earthquake|p1a: Baljeet\n|-supereffective|p1a: Baljeet\n|-damage|p1a: Baljeet|0 fnt\n|faint|p1a: Baljeet\n|\n|upkeep\n|inactive|NoWay360 has 30 seconds left this turn.\n|inactive|NoWay360 has 20 seconds left.\n|\n|t:|1700588314\n|switch|p1a: \u2728Bad\u2728|Gengar, M|100\/100\n|turn|5\n|inactive|NoWay360 has 30 seconds left this turn.\n|\n|t:|1700588317\n|move|p1a: \u2728Bad\u2728|Nasty Plot|p1a: \u2728Bad\u2728\n|-boost|p1a: \u2728Bad\u2728|spa|2\n|move|p2a: Gibby|Earthquake|p1a: \u2728Bad\u2728\n|-supereffective|p1a: \u2728Bad\u2728\n|-enditem|p1a: \u2728Bad\u2728|Focus Sash\n|-damage|p1a: \u2728Bad\u2728|1\/100\n|\n|upkeep\n|turn|6\n|inactive|NoWay360 has 30 seconds left.\n|\n|t:|1700588332\n|move|p1a: \u2728Bad\u2728|Shadow Ball|p2a: Gibby\n|-damage|p2a: Gibby|0 fnt\n|faint|p2a: Gibby\n|\n|upkeep\n|\n|t:|1700588337\n|switch|p2a: John|Lucario, F|100\/100\n|turn|7\n|\n|t:|1700588345\n|switch|p1a: Red|Toxapex, F, shiny|100\/100\n|move|p2a: John|Meteor Mash|p1a: Red\n|-resisted|p1a: Red\n|-damage|p1a: Red|87\/100\n|\n|-heal|p1a: Red|93\/100|[from] item: Leftovers\n|upkeep\n|turn|8\n|inactive|NoWay360 has 30 seconds left.\n|inactive|NoWay360 has 20 seconds left.\n|inactive|NoWay360 has 15 seconds left.\n|\n|t:|1700588382\n|switch|p1a: \u2728Bad\u2728|Gengar, M|1\/100\n|move|p2a: John|Earthquake|p1a: \u2728Bad\u2728\n|-supereffective|p1a: \u2728Bad\u2728\n|-damage|p1a: \u2728Bad\u2728|0 fnt\n|faint|p1a: \u2728Bad\u2728\n|\n|upkeep\n|inactive|NoWay360 has 20 seconds left this turn.\n|inactive|NoWay360 has 15 seconds left.\n|\n|t:|1700588391\n|switch|p1a: Peen|Beedrill, M, shiny|100\/100\n|turn|9\n|inactive|NoWay360 has 25 seconds left this turn.\n|inactive|NoWay360 has 20 seconds left.\n|\n|t:|1700588400\n|detailschange|p1a: Peen|Beedrill-Mega, M, shiny\n|-mega|p1a: Peen|Beedrill|Beedrillite\n|move|p1a: Peen|Drill Run|p2a: John\n|-supereffective|p2a: John\n|-damage|p2a: John|0 fnt\n|faint|p2a: John\n|\n|upkeep\n|inactive|NoWay360 has 25 seconds left this turn.\n|\n|t:|1700588406\n|switch|p2a: Jimmy|Infernape, M|100\/100\n|turn|10\n|\n|t:|1700588410\n|move|p1a: Peen|Drill Run|p2a: Jimmy\n|-supereffective|p2a: Jimmy\n|-damage|p2a: Jimmy|3\/100\n|move|p2a: Jimmy|Flamethrower|p1a: Peen\n|-supereffective|p1a: Peen\n|-damage|p1a: Peen|0 fnt\n|faint|p1a: Peen\n|\n|upkeep\n|inactive|NoWay360 has 30 seconds left.\n|\n|t:|1700588420\n|switch|p1a: Wasp|Naganadel, shiny|100\/100\n|turn|11\n|\n|t:|1700588425\n|move|p1a: Wasp|Nasty Plot|p1a: Wasp\n|-boost|p1a: Wasp|spa|2\n|move|p2a: Jimmy|Flamethrower|p1a: Wasp\n|-resisted|p1a: Wasp\n|-damage|p1a: Wasp|58\/100\n|\n|upkeep\n|turn|12\n|\n|t:|1700588438\n|move|p1a: Wasp|Dragon Pulse|p2a: Jimmy\n|-damage|p2a: Jimmy|0 fnt\n|faint|p2a: Jimmy\n|-ability|p1a: Wasp|Beast Boost|boost\n|-boost|p1a: Wasp|spe|1\n|\n|upkeep\n|\n|t:|1700588444\n|switch|p2a: Neil|Luxray, M|100\/100\n|-ability|p2a: Neil|Intimidate|boost\n|-unboost|p1a: Wasp|atk|1\n|turn|13\n|\n|t:|1700588460\n|move|p1a: Wasp|Sludge Wave|p2a: Neil\n|-damage|p2a: Neil|0 fnt\n|faint|p2a: Neil\n|-ability|p1a: Wasp|Beast Boost|boost\n|-boost|p1a: Wasp|spe|1\n|\n|upkeep\n|\n|t:|1700588465\n|switch|p2a: Artie|Vaporeon, F|100\/100\n|turn|14\n|\n|t:|1700588472\n|-terastallize|p2a: Artie|Water\n|move|p1a: Wasp|Nasty Plot|p1a: Wasp\n|-boost|p1a: Wasp|spa|2\n|move|p2a: Artie|Ice Beam|p1a: Wasp\n|-supereffective|p1a: Wasp\n|-damage|p1a: Wasp|0 fnt\n|faint|p1a: Wasp\n|-damage|p2a: Artie|91\/100|[from] item: Life Orb\n|\n|upkeep\n|\n|t:|1700588482\n|switch|p1a: Red|Toxapex, F, shiny|100\/100\n|turn|15\n|\n|t:|1700588490\n|move|p2a: Artie|Ice Beam|p1a: Red\n|-resisted|p1a: Red\n|-damage|p1a: Red|84\/100\n|-damage|p2a: Artie|81\/100|[from] item: Life Orb\n|move|p1a: Red|Toxic|p2a: Artie\n|-status|p2a: Artie|tox\n|\n|-heal|p1a: Red|90\/100|[from] item: Leftovers\n|-damage|p2a: Artie|75\/100 tox|[from] psn\n|upkeep\n|turn|16\n|\n|t:|1700588502\n|move|p2a: Artie|Hydro Pump|p1a: Red|[miss]\n|-miss|p2a: Artie|p1a: Red\n|move|p1a: Red|Toxic Spikes|p2a: Artie\n|-sidestart|p2: Noah DRG|move: Toxic Spikes\n|\n|-heal|p1a: Red|96\/100|[from] item: Leftovers\n|-damage|p2a: Artie|62\/100 tox|[from] psn\n|upkeep\n|turn|17\n|\n|t:|1700588511\n|move|p2a: Artie|Hydro Pump|p1a: Red\n|-resisted|p1a: Red\n|-damage|p1a: Red|54\/100\n|-damage|p2a: Artie|53\/100 tox|[from] item: Life Orb\n|move|p1a: Red|Toxic Spikes|p2a: Artie\n|-sidestart|p2: Noah DRG|move: Toxic Spikes\n|\n|-heal|p1a: Red|60\/100|[from] item: Leftovers\n|-damage|p2a: Artie|34\/100 tox|[from] psn\n|upkeep\n|turn|18\n|inactive|NoWay360 has 60 seconds left.\n|\n|t:|1700588522\n|move|p1a: Red|Baneful Bunker|p1a: Red\n|-singleturn|p1a: Red|move: Protect\n|move|p2a: Artie|Hydro Pump|p1a: Red\n|-activate|p1a: Red|move: Protect\n|\n|-heal|p1a: Red|66\/100|[from] item: Leftovers\n|-damage|p2a: Artie|10\/100 tox|[from] psn\n|upkeep\n|turn|19\n|inactive|NoWay360 has 60 seconds left.\n|\n|t:|1700588532\n|move|p2a: Artie|Hydro Pump|p1a: Red\n|-resisted|p1a: Red\n|-damage|p1a: Red|24\/100\n|-damage|p2a: Artie|0 fnt|[from] item: Life Orb\n|faint|p2a: Artie\n|move|p1a: Red|Recover|p1a: Red\n|-heal|p1a: Red|74\/100\n|\n|-heal|p1a: Red|80\/100|[from] item: Leftovers\n|upkeep\n|\n|t:|1700588540\n|switch|p2a: Frank|Roserade, M|100\/100\n|-sideend|p2: Noah DRG|move: Toxic Spikes|[of] p2a: Frank\n|turn|20\n|\n|t:|1700588544\n|move|p2a: Frank|Sleep Powder|p1a: Red\n|-status|p1a: Red|slp|[from] move: Sleep Powder\n|cant|p1a: Red|slp\n|\n|-heal|p1a: Red|86\/100 slp|[from] item: Leftovers\n|upkeep\n|turn|21\n|-message|NoWay360 forfeited.\n|\n|win|Noah DRG\n|raw|NoWay360's rating: 1064 &rarr; <strong>1041<\/strong><br \/>(-23 for losing)\n|raw|Noah DRG's rating: 1008 &rarr; <strong>1053<\/strong><br \/>(+45 for winning)\n|l|\u2606NoWay360\n","uploadtime":1700588558,"views":0,"p1id":"noway360","p2id":"noahdrg","formatid":"gen9nationaldexubers","rating":1041,"private":0,"password":""}