{"id":"gen9nationaldexubers-1978951426","p1":"Bakitaladelbarrio","p2":"EverrFire","format":"[Gen 9] National Dex Ubers","log":"|j|\u2606Bakitaladelbarrio\n|j|\u2606EverrFire\n|t:|1698613844\n|gametype|singles\n|player|p1|Bakitaladelbarrio|blue|1316\n|player|p2|EverrFire|n|1203\n|teamsize|p1|6\n|teamsize|p2|6\n|gen|9\n|tier|[Gen 9] National Dex Ubers\n|rated|\n|rule|HP Percentage Mod: HP is shown in percentages\n|rule|Endless Battle Clause: Forcing endless battles is banned\n|rule|OHKO Clause: OHKO moves are banned\n|rule|Evasion Moves Clause: Evasion moves are banned\n|rule|Evasion Items Clause: Evasion items are banned\n|rule|Species Clause: Limit one of each Pok\u00e9mon\n|rule|Sleep Clause Mod: Limit one foe put to sleep\n|rule|Mega Rayquaza Clause: You cannot mega evolve Rayquaza\n|clearpoke\n|poke|p1|Hatterene, F|\n|poke|p1|Melmetal|\n|poke|p1|Necrozma-Dawn-Wings|\n|poke|p1|Iron Hands|\n|poke|p1|Magearna|\n|poke|p1|Calyrex-Ice|\n|poke|p2|Ursaluna-Bloodmoon, M|\n|poke|p2|Xerneas-*|\n|poke|p2|Salazzle, F|\n|poke|p2|Butterfree, M|\n|poke|p2|Sceptile, F|\n|poke|p2|Lycanroc-Dusk, M|\n|teampreview\n|inactive|Battle timer is ON: inactive players will automatically lose when time's up. (requested by EverrFire)\n|\n|t:|1698613858\n|start\n|switch|p1a: Hatterene|Hatterene, F|100\/100\n|switch|p2a: Xerneas|Xerneas, shiny|100\/100\n|-ability|p2a: Xerneas|Fairy Aura\n|turn|1\n|\n|t:|1698613865\n|move|p2a: Xerneas|Geomancy||[still]\n|-prepare|p2a: Xerneas|Geomancy\n|-enditem|p2a: Xerneas|Power Herb\n|-anim|p2a: Xerneas|Geomancy|p2a: Xerneas\n|-boost|p2a: Xerneas|spa|2\n|-boost|p2a: Xerneas|spd|2\n|-boost|p2a: Xerneas|spe|2\n|move|p1a: Hatterene|Trick Room|p1a: Hatterene\n|-fieldstart|move: Trick Room|[of] p1a: Hatterene\n|\n|upkeep\n|turn|2\n|\n|t:|1698613873\n|move|p1a: Hatterene|Healing Wish|p1a: Hatterene\n|faint|p1a: Hatterene\n|move|p2a: Xerneas|Moonblast|p1: Hatterene|[notarget]\n|-fail|p2a: Xerneas\n|\n|upkeep\n|\n|t:|1698613878\n|switch|p1a: Melmetal|Melmetal|100\/100\n|turn|3\n|\n|t:|1698613882\n|-terastallize|p1a: Melmetal|Steel\n|-terastallize|p2a: Xerneas|Steel\n|move|p1a: Melmetal|Double Iron Bash|p2a: Xerneas\n|-resisted|p2a: Xerneas\n|-damage|p2a: Xerneas|64\/100\n|-resisted|p2a: Xerneas\n|-damage|p2a: Xerneas|30\/100\n|-hitcount|p2a: Xerneas|2\n|cant|p2a: Xerneas|flinch\n|\n|upkeep\n|turn|4\n|\n|t:|1698613894\n|move|p1a: Melmetal|Double Iron Bash|p2a: Xerneas\n|-resisted|p2a: Xerneas\n|-damage|p2a: Xerneas|0 fnt\n|faint|p2a: Xerneas\n|-hitcount|p2: Xerneas|1\n|\n|upkeep\n|\n|t:|1698613900\n|switch|p2a: Ursaluna|Ursaluna-Bloodmoon, M|100\/100\n|turn|5\n|\n|t:|1698613903\n|move|p1a: Melmetal|Double Iron Bash|p2a: Ursaluna\n|-damage|p2a: Ursaluna|43\/100\n|-damage|p2a: Ursaluna|0 fnt\n|faint|p2a: Ursaluna\n|-hitcount|p2: Ursaluna|2\n|\n|-fieldend|move: Trick Room\n|upkeep\n|\n|t:|1698613906\n|switch|p2a: Sceptile|Sceptile, F|100\/100\n|turn|6\n|\n|t:|1698613912\n|detailschange|p2a: Sceptile|Sceptile-Mega, F\n|-mega|p2a: Sceptile|Sceptile|Sceptilite\n|move|p2a: Sceptile|Leech Seed|p1a: Melmetal\n|-start|p1a: Melmetal|move: Leech Seed\n|move|p1a: Melmetal|Double Iron Bash|p2a: Sceptile\n|-damage|p2a: Sceptile|0 fnt\n|faint|p2a: Sceptile\n|-hitcount|p2: Sceptile|1\n|\n|upkeep\n|-message|EverrFire forfeited.\n|\n|win|Bakitaladelbarrio\n|raw|Bakitaladelbarrio's rating: 1316 &rarr; <strong>1330<\/strong><br \/>(+14 for winning)\n|raw|EverrFire's rating: 1203 &rarr; <strong>1186<\/strong><br \/>(-17 for losing)\n|l|\u2606EverrFire\n","uploadtime":1698613952,"views":12,"p1id":"bakitaladelbarrio","p2id":"everrfire","formatid":"gen9nationaldexubers","rating":1186,"private":0,"password":""}