{"id":"gen9nationaldexubers-1988086806","p1":"mason gamer","p2":"bananaszn","format":"[Gen 9] National Dex Ubers","log":"|j|\u2606mason gamer\n|j|\u2606bananaszn\n|t:|1699667901\n|gametype|singles\n|player|p1|mason gamer|ash-alola|1096\n|player|p2|bananaszn|brycen|1084\n|teamsize|p1|6\n|teamsize|p2|6\n|gen|9\n|tier|[Gen 9] National Dex Ubers\n|rated|\n|rule|HP Percentage Mod: HP is shown in percentages\n|rule|Endless Battle Clause: Forcing endless battles is banned\n|rule|OHKO Clause: OHKO moves are banned\n|rule|Evasion Moves Clause: Evasion moves are banned\n|rule|Evasion Items Clause: Evasion items are banned\n|rule|Species Clause: Limit one of each Pok\u00e9mon\n|rule|Sleep Clause Mod: Limit one foe put to sleep\n|rule|Mega Rayquaza Clause: You cannot mega evolve Rayquaza\n|clearpoke\n|poke|p1|Scizor, F|\n|poke|p1|Blaziken, F|\n|poke|p1|Greninja-*, M|\n|poke|p1|Salamence, F|\n|poke|p1|Torterra, M|\n|poke|p1|Magnezone|\n|poke|p2|Zacian-*|\n|poke|p2|Arboliva, F|\n|poke|p2|Groudon|\n|poke|p2|Basculegion, M|\n|poke|p2|Lugia|\n|poke|p2|Ribombee, F|\n|teampreview\n|inactive|Battle timer is ON: inactive players will automatically lose when time's up. (requested by mason gamer)\n|\n|t:|1699667905\n|start\n|switch|p1a: Torterra|Torterra, M|100\/100\n|switch|p2a: Groudon|Groudon|100\/100\n|-weather|SunnyDay|[from] ability: Drought|[of] p2a: Groudon\n|turn|1\n|\n|t:|1699667909\n|move|p2a: Groudon|Stealth Rock|p1a: Torterra\n|-sidestart|p1: mason gamer|move: Stealth Rock\n|move|p1a: Torterra|Shell Smash|p1a: Torterra\n|-unboost|p1a: Torterra|def|1\n|-unboost|p1a: Torterra|spd|1\n|-boost|p1a: Torterra|atk|2\n|-boost|p1a: Torterra|spa|2\n|-boost|p1a: Torterra|spe|2\n|\n|-weather|SunnyDay|[upkeep]\n|upkeep\n|turn|2\n|\n|t:|1699667918\n|move|p1a: Torterra|Bullet Seed|p2a: Groudon\n|-supereffective|p2a: Groudon\n|-damage|p2a: Groudon|72\/100\n|-supereffective|p2a: Groudon\n|-damage|p2a: Groudon|45\/100\n|-supereffective|p2a: Groudon\n|-damage|p2a: Groudon|17\/100\n|-supereffective|p2a: Groudon\n|-damage|p2a: Groudon|0 fnt\n|faint|p2a: Groudon\n|-hitcount|p2: Groudon|4\n|\n|-weather|SunnyDay|[upkeep]\n|upkeep\n|\n|t:|1699667922\n|switch|p2a: Lugia|Lugia|100\/100\n|turn|3\n|\n|t:|1699667933\n|move|p1a: Torterra|Rock Blast|p2a: Lugia\n|-supereffective|p2a: Lugia\n|-damage|p2a: Lugia|92\/100\n|-supereffective|p2a: Lugia\n|-damage|p2a: Lugia|72\/100\n|-supereffective|p2a: Lugia\n|-damage|p2a: Lugia|52\/100\n|-supereffective|p2a: Lugia\n|-damage|p2a: Lugia|33\/100\n|-hitcount|p2a: Lugia|4\n|move|p2a: Lugia|Whirlwind|p1a: Torterra\n|drag|p1a: Blaziken|Blaziken, F|100\/100\n|-damage|p1a: Blaziken|88\/100|[from] Stealth Rock\n|\n|-weather|SunnyDay|[upkeep]\n|upkeep\n|turn|4\n|\n|t:|1699667945\n|move|p2a: Lugia|Toxic|p1a: Blaziken\n|-status|p1a: Blaziken|tox\n|move|p1a: Blaziken|Fire Punch|p2a: Lugia\n|-damage|p2a: Lugia|0 fnt\n|-damage|p1a: Blaziken|72\/100 tox|[from] item: Rocky Helmet|[of] p2a: Lugia\n|faint|p2a: Lugia\n|\n|-weather|SunnyDay|[upkeep]\n|-damage|p1a: Blaziken|66\/100 tox|[from] psn\n|-ability|p1a: Blaziken|Speed Boost|boost\n|-boost|p1a: Blaziken|spe|1\n|upkeep\n|\n|t:|1699667953\n|switch|p2a: Ribombee|Ribombee, F|100\/100\n|turn|5\n|\n|t:|1699667959\n|move|p2a: Ribombee|Sticky Web|p1a: Blaziken\n|-sidestart|p1: mason gamer|move: Sticky Web\n|move|p1a: Blaziken|Fire Punch|p2a: Ribombee\n|-supereffective|p2a: Ribombee\n|-damage|p2a: Ribombee|0 fnt\n|faint|p2a: Ribombee\n|\n|-weather|none\n|-damage|p1a: Blaziken|54\/100 tox|[from] psn\n|-ability|p1a: Blaziken|Speed Boost|boost\n|-boost|p1a: Blaziken|spe|1\n|upkeep\n|\n|t:|1699667969\n|switch|p2a: Basculegion|Basculegion, M|100\/100\n|turn|6\n|\n|t:|1699667987\n|move|p2a: Basculegion|Aqua Jet|p1a: Blaziken\n|-supereffective|p1a: Blaziken\n|-damage|p1a: Blaziken|0 fnt\n|faint|p1a: Blaziken\n|\n|upkeep\n|\n|t:|1699667991\n|switch|p1a: Greninja|Greninja, M|100\/100\n|-damage|p1a: Greninja|88\/100|[from] Stealth Rock\n|-activate|p1a: Greninja|move: Sticky Web\n|-unboost|p1a: Greninja|spe|1\n|turn|7\n|\n|t:|1699667998\n|switch|p2a: Arboliva|Arboliva, F|100\/100\n|move|p1a: Greninja|Night Slash|p2a: Arboliva\n|-damage|p2a: Arboliva|74\/100\n|\n|upkeep\n|turn|8\n|\n|t:|1699668004\n|move|p1a: Greninja|Ice Beam|p2a: Arboliva\n|-supereffective|p2a: Arboliva\n|-damage|p2a: Arboliva|36\/100\n|move|p2a: Arboliva|Leech Seed|p1a: Greninja\n|-start|p1a: Greninja|move: Leech Seed\n|\n|-damage|p1a: Greninja|76\/100|[from] Leech Seed|[of] p2a: Arboliva\n|-heal|p2a: Arboliva|46\/100|[silent]\n|upkeep\n|turn|9\n|\n|t:|1699668009\n|move|p2a: Arboliva|Protect|p2a: Arboliva\n|-singleturn|p2a: Arboliva|Protect\n|move|p1a: Greninja|Ice Beam|p2a: Arboliva\n|-activate|p2a: Arboliva|move: Protect\n|\n|-damage|p1a: Greninja|64\/100|[from] Leech Seed|[of] p2a: Arboliva\n|-heal|p2a: Arboliva|56\/100|[silent]\n|upkeep\n|turn|10\n|\n|t:|1699668018\n|switch|p1a: Scizor|Scizor, F|100\/100\n|-damage|p1a: Scizor|88\/100|[from] Stealth Rock\n|-activate|p1a: Scizor|move: Sticky Web\n|-unboost|p1a: Scizor|spe|1\n|move|p2a: Arboliva|Protect||[still]\n|-fail|p2a: Arboliva\n|\n|upkeep\n|turn|11\n|\n|t:|1699668034\n|switch|p2a: Basculegion|Basculegion, M|100\/100\n|detailschange|p1a: Scizor|Scizor-Mega, F\n|-mega|p1a: Scizor|Scizor|Scizorite\n|move|p1a: Scizor|Swords Dance|p1a: Scizor\n|-boost|p1a: Scizor|atk|2\n|\n|upkeep\n|turn|12\n|\n|t:|1699668043\n|move|p2a: Basculegion|Last Respects|p1a: Scizor\n|-damage|p1a: Scizor|0 fnt\n|faint|p1a: Scizor\n|\n|upkeep\n|\n|t:|1699668049\n|switch|p1a: Salamence|Salamence, F|100\/100\n|-damage|p1a: Salamence|76\/100|[from] Stealth Rock\n|turn|13\n|\n|t:|1699668053\n|move|p2a: Basculegion|Last Respects|p1a: Salamence\n|-damage|p1a: Salamence|0 fnt\n|faint|p1a: Salamence\n|\n|upkeep\n|\n|t:|1699668057\n|switch|p1a: Torterra|Torterra, M|100\/100\n|-damage|p1a: Torterra|94\/100|[from] Stealth Rock\n|-activate|p1a: Torterra|move: Sticky Web\n|-unboost|p1a: Torterra|spe|1\n|turn|14\n|\n|t:|1699668060\n|move|p2a: Basculegion|Last Respects|p1a: Torterra\n|-damage|p1a: Torterra|0 fnt\n|faint|p1a: Torterra\n|\n|upkeep\n|\n|t:|1699668063\n|switch|p1a: Magnezone|Magnezone|100\/100\n|-damage|p1a: Magnezone|94\/100|[from] Stealth Rock\n|-activate|p1a: Magnezone|move: Sticky Web\n|-unboost|p1a: Magnezone|spe|1\n|turn|15\n|\n|t:|1699668066\n|move|p2a: Basculegion|Last Respects|p1a: Magnezone\n|-damage|p1a: Magnezone|0 fnt\n|faint|p1a: Magnezone\n|\n|upkeep\n|\n|t:|1699668069\n|switch|p1a: Greninja|Greninja, M|64\/100\n|-damage|p1a: Greninja|51\/100|[from] Stealth Rock\n|-activate|p1a: Greninja|move: Sticky Web\n|-unboost|p1a: Greninja|spe|1\n|turn|16\n|\n|t:|1699668071\n|move|p2a: Basculegion|Last Respects|p1a: Greninja\n|-resisted|p1a: Greninja\n|-damage|p1a: Greninja|0 fnt\n|faint|p1a: Greninja\n|\n|win|bananaszn\n|raw|mason gamer's rating: 1096 &rarr; <strong>1071<\/strong><br \/>(-25 for losing)\n|raw|bananaszn's rating: 1084 &rarr; <strong>1112<\/strong><br \/>(+28 for winning)\n|l|\u2606mason gamer\n","uploadtime":1699668078,"views":20,"p1id":"masongamer","p2id":"bananaszn","formatid":"gen9nationaldexubers","rating":1071,"private":0,"password":""}