{"id":"gen9nationaldexubers-1984304251","p1":"k7eenex","p2":"vespyyy","format":"[Gen 9] National Dex Ubers","log":"|j|\u2606k7eenex\n|j|\u2606vespyyy\n|t:|1699241271\n|gametype|singles\n|player|p1|k7eenex|hiker-gen4|\n|player|p2|vespyyy|juggler|\n|teamsize|p1|6\n|teamsize|p2|6\n|gen|9\n|tier|[Gen 9] National Dex Ubers\n|rule|HP Percentage Mod: HP is shown in percentages\n|rule|Endless Battle Clause: Forcing endless battles is banned\n|rule|OHKO Clause: OHKO moves are banned\n|rule|Evasion Moves Clause: Evasion moves are banned\n|rule|Evasion Items Clause: Evasion items are banned\n|rule|Species Clause: Limit one of each Pok\u00e9mon\n|rule|Sleep Clause Mod: Limit one foe put to sleep\n|rule|Mega Rayquaza Clause: You cannot mega evolve Rayquaza\n|clearpoke\n|poke|p1|Diancie|\n|poke|p1|Landorus-Therian, M|\n|poke|p1|Tapu Bulu|\n|poke|p1|Kingambit, F|\n|poke|p1|Jirachi|\n|poke|p1|Sandy Shocks|\n|poke|p2|Victini|\n|poke|p2|Claydol|\n|poke|p2|Scream Tail|\n|poke|p2|Gallade, M|\n|poke|p2|Lucario, F|\n|poke|p2|Tapu Lele|\n|teampreview\n|\n|t:|1699241292\n|start\n|switch|p1a: VENUS|Landorus-Therian, M|100\/100\n|switch|p2a: Farfalle|Gallade, M|100\/100\n|-ability|p1a: VENUS|Intimidate|boost\n|-unboost|p2a: Farfalle|atk|1\n|turn|1\n|\n|t:|1699241309\n|switch|p1a: JUPITER|Jirachi|100\/100\n|detailschange|p2a: Farfalle|Gallade-Mega, M\n|-mega|p2a: Farfalle|Gallade|Galladite\n|move|p2a: Farfalle|Triple Axel|p1a: JUPITER\n|-resisted|p1a: JUPITER\n|-damage|p1a: JUPITER|98\/100\n|-resisted|p1a: JUPITER\n|-damage|p1a: JUPITER|93\/100\n|-resisted|p1a: JUPITER\n|-damage|p1a: JUPITER|86\/100\n|-hitcount|p1a: JUPITER|3\n|\n|-heal|p1a: JUPITER|92\/100|[from] item: Leftovers\n|upkeep\n|turn|2\n|\n|t:|1699241322\n|switch|p2a: Gnocchi|Claydol|100\/100\n|move|p1a: JUPITER|U-turn|p2a: Gnocchi\n|-supereffective|p2a: Gnocchi\n|-damage|p2a: Gnocchi|70\/100\n|\n|t:|1699241359\n|switch|p1a: MARS|Kingambit, F|100\/100|[from] U-turn\n|\n|-heal|p2a: Gnocchi|76\/100|[from] item: Leftovers\n|upkeep\n|turn|3\n|\n|t:|1699241374\n|switch|p2a: Even Worse|Lucario, F|100\/100\n|-end|p1a: MARS|fallenundefined|[silent]\n|switch|p1a: SATURN|Sandy Shocks|100\/100\n|\n|upkeep\n|turn|4\n|\n|t:|1699241384\n|-end|p1a: SATURN|Protosynthesis|[silent]\n|switch|p1a: VENUS|Landorus-Therian, M|100\/100\n|-ability|p1a: VENUS|Intimidate|boost\n|-unboost|p2a: Even Worse|atk|1\n|switch|p2a: Gnocchi|Claydol|76\/100\n|\n|-heal|p2a: Gnocchi|82\/100|[from] item: Leftovers\n|upkeep\n|turn|5\n|\n|t:|1699241400\n|move|p1a: VENUS|U-turn|p2a: Gnocchi\n|-supereffective|p2a: Gnocchi\n|-crit|p2a: Gnocchi\n|-damage|p2a: Gnocchi|17\/100\n|\n|t:|1699241403\n|switch|p1a: EARTH|Tapu Bulu|100\/100|[from] U-turn\n|-fieldstart|move: Grassy Terrain|[from] ability: Grassy Surge|[of] p1a: EARTH\n|move|p2a: Gnocchi|Teleport|p2a: Gnocchi\n|\n|t:|1699241407\n|switch|p2a: Rigatini|Victini|100\/100|[from] Teleport\n|\n|upkeep\n|turn|6\n|\n|t:|1699241437\n|move|p2a: Rigatini|Will-O-Wisp|p1a: EARTH\n|-status|p1a: EARTH|brn\n|move|p1a: EARTH|Horn Leech|p2a: Rigatini\n|-resisted|p2a: Rigatini\n|-damage|p2a: Rigatini|91\/100\n|\n|-heal|p2a: Rigatini|97\/100|[from] Grassy Terrain\n|-damage|p1a: EARTH|94\/100 brn|[from] brn\n|upkeep\n|turn|7\n|\n|t:|1699241461\n|switch|p1a: VENUS|Landorus-Therian, M|100\/100\n|-ability|p1a: VENUS|Intimidate|boost\n|-unboost|p2a: Rigatini|atk|1\n|move|p2a: Rigatini|V-create|p1a: VENUS\n|-damage|p1a: VENUS|49\/100\n|-unboost|p2a: Rigatini|spe|1\n|-unboost|p2a: Rigatini|def|1\n|-unboost|p2a: Rigatini|spd|1\n|\n|-heal|p2a: Rigatini|100\/100|[from] Grassy Terrain\n|upkeep\n|turn|8\n|\n|t:|1699241471\n|switch|p2a: Angel Hair|Scream Tail|100\/100\n|-zpower|p1a: VENUS\n|move|p1a: VENUS|Supersonic Skystrike|p2a: Angel Hair|[zeffect]\n|-damage|p2a: Angel Hair|57\/100\n|\n|-heal|p2a: Angel Hair|63\/100|[from] Grassy Terrain\n|-heal|p2a: Angel Hair|69\/100|[from] item: Leftovers\n|upkeep\n|turn|9\n|\n|t:|1699241484\n|switch|p1a: JUPITER|Jirachi|92\/100\n|move|p2a: Angel Hair|Wish|p2a: Angel Hair\n|\n|-heal|p2a: Angel Hair|76\/100|[from] Grassy Terrain\n|-heal|p2a: Angel Hair|82\/100|[from] item: Leftovers\n|-heal|p1a: JUPITER|98\/100|[from] Grassy Terrain\n|-heal|p1a: JUPITER|100\/100|[from] item: Leftovers\n|-fieldend|move: Grassy Terrain\n|upkeep\n|turn|10\n|\n|t:|1699241492\n|move|p2a: Angel Hair|Protect|p2a: Angel Hair\n|-singleturn|p2a: Angel Hair|Protect\n|move|p1a: JUPITER|Wish|p1a: JUPITER\n|\n|-heal|p2a: Angel Hair|100\/100|[from] move: Wish|[wisher] Angel Hair\n|upkeep\n|turn|11\n|\n|t:|1699241497\n|move|p2a: Angel Hair|Encore|p1a: JUPITER\n|-start|p1a: JUPITER|Encore\n|move|p1a: JUPITER|Wish||[still]\n|-fail|p1a: JUPITER\n|\n|upkeep\n|turn|12\n|\n|t:|1699241501\n|-end|p2a: Angel Hair|Protosynthesis|[silent]\n|switch|p2a: Farfalle|Gallade-Mega, M|100\/100\n|move|p1a: JUPITER|Wish|p1a: JUPITER\n|\n|upkeep\n|turn|13\n|\n|t:|1699241518\n|move|p2a: Farfalle|Swords Dance|p2a: Farfalle\n|-boost|p2a: Farfalle|atk|2\n|move|p1a: JUPITER|Wish||[still]\n|-fail|p1a: JUPITER\n|\n|-end|p1a: JUPITER|Encore\n|upkeep\n|turn|14\n|\n|t:|1699241527\n|move|p2a: Farfalle|Knock Off|p1a: JUPITER\n|-supereffective|p1a: JUPITER\n|-damage|p1a: JUPITER|0 fnt\n|-enditem|p1a: JUPITER|Leftovers|[from] move: Knock Off|[of] p2a: Farfalle\n|faint|p1a: JUPITER\n|\n|upkeep\n|\n|t:|1699241539\n|switch|p1a: MERCURY|Diancie|100\/100\n|turn|15\n|\n|t:|1699241554\n|switch|p2a: Angel Hair|Scream Tail|100\/100\n|detailschange|p1a: MERCURY|Diancie-Mega\n|-mega|p1a: MERCURY|Diancie|Diancite\n|move|p1a: MERCURY|Moonblast|p2a: Angel Hair\n|-crit|p2a: Angel Hair\n|-damage|p2a: Angel Hair|36\/100\n|\n|-heal|p2a: Angel Hair|42\/100|[from] item: Leftovers\n|upkeep\n|turn|16\n|\n|t:|1699241567\n|move|p2a: Angel Hair|Protect|p2a: Angel Hair\n|-singleturn|p2a: Angel Hair|Protect\n|move|p1a: MERCURY|Moonblast|p2a: Angel Hair\n|-activate|p2a: Angel Hair|move: Protect\n|\n|-heal|p2a: Angel Hair|48\/100|[from] item: Leftovers\n|upkeep\n|turn|17\n|\n|t:|1699241573\n|move|p1a: MERCURY|Moonblast|p2a: Angel Hair\n|-damage|p2a: Angel Hair|9\/100\n|move|p2a: Angel Hair|Wish|p2a: Angel Hair\n|\n|-heal|p2a: Angel Hair|15\/100|[from] item: Leftovers\n|upkeep\n|turn|18\n|\n|t:|1699241578\n|move|p2a: Angel Hair|Protect|p2a: Angel Hair\n|-singleturn|p2a: Angel Hair|Protect\n|move|p1a: MERCURY|Moonblast|p2a: Angel Hair\n|-activate|p2a: Angel Hair|move: Protect\n|\n|-heal|p2a: Angel Hair|65\/100|[from] move: Wish|[wisher] Angel Hair\n|-heal|p2a: Angel Hair|71\/100|[from] item: Leftovers\n|upkeep\n|turn|19\n|\n|t:|1699241586\n|move|p1a: MERCURY|Diamond Storm|p2a: Angel Hair\n|-damage|p2a: Angel Hair|44\/100\n|-boost|p1a: MERCURY|def|2\n|move|p2a: Angel Hair|Wish|p2a: Angel Hair\n|\n|-heal|p2a: Angel Hair|50\/100|[from] item: Leftovers\n|upkeep\n|turn|20\n|\n|t:|1699241595\n|move|p1a: MERCURY|Moonblast|p2a: Angel Hair\n|-damage|p2a: Angel Hair|11\/100\n|-unboost|p2a: Angel Hair|spa|1\n|move|p2a: Angel Hair|Dazzling Gleam|p1a: MERCURY\n|-damage|p1a: MERCURY|81\/100\n|\n|-heal|p2a: Angel Hair|61\/100|[from] move: Wish|[wisher] Angel Hair\n|-heal|p2a: Angel Hair|67\/100|[from] item: Leftovers\n|upkeep\n|turn|21\n|\n|t:|1699241604\n|-end|p2a: Angel Hair|Protosynthesis|[silent]\n|switch|p2a: Gnocchi|Claydol|17\/100\n|move|p1a: MERCURY|Diamond Storm|p2a: Gnocchi\n|-resisted|p2a: Gnocchi\n|-damage|p2a: Gnocchi|0 fnt\n|-boost|p1a: MERCURY|def|2\n|faint|p2a: Gnocchi\n|\n|upkeep\n|\n|t:|1699241608\n|switch|p2a: Shells|Tapu Lele|100\/100\n|-fieldstart|move: Psychic Terrain|[from] ability: Psychic Surge|[of] p2a: Shells\n|turn|22\n|\n|t:|1699241616\n|switch|p1a: MARS|Kingambit, F|100\/100\n|-activate|p1a: MARS|ability: Supreme Overlord\n|-start|p1a: MARS|fallen1|[silent]\n|move|p2a: Shells|Moonblast|p1a: MARS\n|-damage|p1a: MARS|50\/100\n|\n|-heal|p1a: MARS|56\/100|[from] item: Leftovers\n|upkeep\n|turn|23\n|\n|t:|1699241697\n|switch|p2a: Even Worse|Lucario, F|100\/100\n|move|p1a: MARS|Iron Head|p2a: Even Worse\n|-resisted|p2a: Even Worse\n|-damage|p2a: Even Worse|72\/100\n|\n|-heal|p1a: MARS|62\/100|[from] item: Leftovers\n|upkeep\n|turn|24\n|\n|t:|1699241711\n|-end|p1a: MARS|fallen1|[silent]\n|switch|p1a: EARTH|Tapu Bulu|94\/100 brn\n|-fieldstart|move: Grassy Terrain|[from] ability: Grassy Surge|[of] p1a: EARTH\n|move|p2a: Even Worse|Meteor Mash|p1a: EARTH|[miss]\n|-miss|p2a: Even Worse|p1a: EARTH\n|\n|-heal|p2a: Even Worse|78\/100|[from] Grassy Terrain\n|-heal|p1a: EARTH|100\/100 brn|[from] Grassy Terrain\n|-damage|p1a: EARTH|94\/100 brn|[from] brn\n|upkeep\n|turn|25\n|\n|t:|1699241729\n|switch|p2a: Rigatini|Victini|100\/100\n|move|p1a: EARTH|Close Combat|p2a: Rigatini\n|-resisted|p2a: Rigatini\n|-damage|p2a: Rigatini|91\/100\n|-unboost|p1a: EARTH|def|1\n|-unboost|p1a: EARTH|spd|1\n|\n|-heal|p2a: Rigatini|98\/100|[from] Grassy Terrain\n|-heal|p1a: EARTH|100\/100 brn|[from] Grassy Terrain\n|-damage|p1a: EARTH|94\/100 brn|[from] brn\n|upkeep\n|turn|26\n|\n|t:|1699241738\n|move|p2a: Rigatini|Will-O-Wisp|p1a: EARTH\n|-fail|p1a: EARTH|brn\n|move|p1a: EARTH|Horn Leech|p2a: Rigatini\n|-resisted|p2a: Rigatini\n|-crit|p2a: Rigatini\n|-damage|p2a: Rigatini|82\/100\n|-heal|p1a: EARTH|100\/100 brn|[from] drain|[of] p2a: Rigatini\n|\n|-heal|p2a: Rigatini|88\/100|[from] Grassy Terrain\n|-damage|p1a: EARTH|94\/100 brn|[from] brn\n|upkeep\n|turn|27\n|\n|t:|1699241741\n|move|p2a: Rigatini|V-create|p1a: EARTH\n|-supereffective|p1a: EARTH\n|-damage|p1a: EARTH|0 fnt\n|-unboost|p2a: Rigatini|spe|1\n|-unboost|p2a: Rigatini|def|1\n|-unboost|p2a: Rigatini|spd|1\n|faint|p1a: EARTH\n|\n|-heal|p2a: Rigatini|94\/100|[from] Grassy Terrain\n|upkeep\n|\n|t:|1699241746\n|switch|p1a: SATURN|Sandy Shocks|100\/100\n|turn|28\n|\n|t:|1699241751\n|switch|p2a: Angel Hair|Scream Tail|67\/100\n|move|p1a: SATURN|Stealth Rock|p2a: Angel Hair\n|-sidestart|p2: vespyyy|move: Stealth Rock\n|\n|-heal|p2a: Angel Hair|74\/100|[from] Grassy Terrain\n|-heal|p2a: Angel Hair|80\/100|[from] item: Leftovers\n|-fieldend|move: Grassy Terrain\n|upkeep\n|turn|29\n|\n|t:|1699241757\n|move|p1a: SATURN|Volt Switch|p2a: Angel Hair\n|-damage|p2a: Angel Hair|57\/100\n|\n|t:|1699241781\n|-end|p1a: SATURN|Protosynthesis|[silent]\n|switch|p1a: MERCURY|Diancie-Mega|81\/100|[from] Volt Switch\n|move|p2a: Angel Hair|Wish|p2a: Angel Hair\n|\n|-heal|p2a: Angel Hair|63\/100|[from] item: Leftovers\n|upkeep\n|turn|30\n|\n|t:|1699241792\n|move|p1a: MERCURY|Moonblast|p2a: Angel Hair\n|-damage|p2a: Angel Hair|22\/100\n|-unboost|p2a: Angel Hair|spa|1\n|move|p2a: Angel Hair|Dazzling Gleam|p1a: MERCURY\n|-damage|p1a: MERCURY|63\/100\n|\n|-heal|p2a: Angel Hair|72\/100|[from] move: Wish|[wisher] Angel Hair\n|-heal|p2a: Angel Hair|78\/100|[from] item: Leftovers\n|upkeep\n|turn|31\n|\n|t:|1699241802\n|move|p1a: MERCURY|Diamond Storm|p2a: Angel Hair\n|-damage|p2a: Angel Hair|47\/100\n|move|p2a: Angel Hair|Wish|p2a: Angel Hair\n|\n|-heal|p2a: Angel Hair|53\/100|[from] item: Leftovers\n|upkeep\n|turn|32\n|\n|t:|1699241808\n|move|p2a: Angel Hair|Protect|p2a: Angel Hair\n|-singleturn|p2a: Angel Hair|Protect\n|move|p1a: MERCURY|Diamond Storm|p2a: Angel Hair\n|-activate|p2a: Angel Hair|move: Protect\n|\n|-heal|p2a: Angel Hair|100\/100|[from] move: Wish|[wisher] Angel Hair\n|upkeep\n|turn|33\n|\n|t:|1699241810\n|move|p1a: MERCURY|Moonblast|p2a: Angel Hair\n|-damage|p2a: Angel Hair|59\/100\n|move|p2a: Angel Hair|Wish|p2a: Angel Hair\n|\n|-heal|p2a: Angel Hair|65\/100|[from] item: Leftovers\n|upkeep\n|turn|34\n|\n|t:|1699241817\n|move|p1a: MERCURY|Diamond Storm|p2a: Angel Hair\n|-damage|p2a: Angel Hair|38\/100\n|-boost|p1a: MERCURY|def|2\n|move|p2a: Angel Hair|Dazzling Gleam|p1a: MERCURY\n|-damage|p1a: MERCURY|44\/100\n|\n|-heal|p2a: Angel Hair|88\/100|[from] move: Wish|[wisher] Angel Hair\n|-heal|p2a: Angel Hair|94\/100|[from] item: Leftovers\n|upkeep\n|turn|35\n|\n|t:|1699241825\n|move|p1a: MERCURY|Mystical Fire|p2a: Angel Hair\n|-damage|p2a: Angel Hair|72\/100\n|-unboost|p2a: Angel Hair|spa|1\n|move|p2a: Angel Hair|Wish|p2a: Angel Hair\n|\n|-heal|p2a: Angel Hair|78\/100|[from] item: Leftovers\n|upkeep\n|turn|36\n|\n|t:|1699241834\n|switch|p1a: SATURN|Sandy Shocks|100\/100\n|move|p2a: Angel Hair|Dazzling Gleam|p1a: SATURN\n|-crit|p1a: SATURN\n|-damage|p1a: SATURN|61\/100\n|\n|-heal|p2a: Angel Hair|100\/100|[from] move: Wish|[wisher] Angel Hair\n|upkeep\n|turn|37\n|\n|t:|1699241845\n|-end|p2a: Angel Hair|Protosynthesis|[silent]\n|switch|p2a: Farfalle|Gallade-Mega, M|100\/100\n|-damage|p2a: Farfalle|94\/100|[from] Stealth Rock\n|move|p1a: SATURN|Thunderbolt|p2a: Farfalle\n|-damage|p2a: Farfalle|43\/100\n|\n|upkeep\n|turn|38\n|\n|t:|1699241878\n|-end|p1a: SATURN|Protosynthesis|[silent]\n|switch|p1a: VENUS|Landorus-Therian, M|49\/100\n|-ability|p1a: VENUS|Intimidate|boost\n|-fail|p2a: Farfalle|unboost|Attack|[from] ability: Inner Focus|[of] p2a: Farfalle\n|move|p2a: Farfalle|Close Combat|p1a: VENUS\n|-resisted|p1a: VENUS\n|-damage|p1a: VENUS|17\/100\n|-unboost|p2a: Farfalle|def|1\n|-unboost|p2a: Farfalle|spd|1\n|\n|upkeep\n|turn|39\n|\n|t:|1699241887\n|move|p2a: Farfalle|Triple Axel|p1a: VENUS\n|-supereffective|p1a: VENUS\n|-damage|p1a: VENUS|0 fnt\n|faint|p1a: VENUS\n|-hitcount|p1: VENUS|1\n|\n|upkeep\n|\n|t:|1699241892\n|switch|p1a: MERCURY|Diancie-Mega|44\/100\n|turn|40\n|\n|t:|1699241898\n|switch|p2a: Angel Hair|Scream Tail|100\/100\n|-damage|p2a: Angel Hair|88\/100|[from] Stealth Rock\n|move|p1a: MERCURY|Moonblast|p2a: Angel Hair\n|-crit|p2a: Angel Hair\n|-damage|p2a: Angel Hair|30\/100\n|\n|-heal|p2a: Angel Hair|37\/100|[from] item: Leftovers\n|upkeep\n|turn|41\n|\n|t:|1699241903\n|move|p2a: Angel Hair|Protect|p2a: Angel Hair\n|-singleturn|p2a: Angel Hair|Protect\n|move|p1a: MERCURY|Moonblast|p2a: Angel Hair\n|-activate|p2a: Angel Hair|move: Protect\n|\n|-heal|p2a: Angel Hair|43\/100|[from] item: Leftovers\n|upkeep\n|turn|42\n|\n|t:|1699241905\n|move|p1a: MERCURY|Moonblast|p2a: Angel Hair\n|-damage|p2a: Angel Hair|2\/100\n|-unboost|p2a: Angel Hair|spa|1\n|move|p2a: Angel Hair|Wish|p2a: Angel Hair\n|\n|-heal|p2a: Angel Hair|8\/100|[from] item: Leftovers\n|upkeep\n|turn|43\n|\n|t:|1699241913\n|switch|p1a: MARS|Kingambit, F|62\/100\n|-activate|p1a: MARS|ability: Supreme Overlord\n|-start|p1a: MARS|fallen3|[silent]\n|move|p2a: Angel Hair|Protect||[still]\n|-fail|p2a: Angel Hair\n|\n|-heal|p2a: Angel Hair|58\/100|[from] move: Wish|[wisher] Angel Hair\n|-heal|p2a: Angel Hair|64\/100|[from] item: Leftovers\n|-heal|p1a: MARS|68\/100|[from] item: Leftovers\n|upkeep\n|turn|44\n|\n|t:|1699241922\n|move|p2a: Angel Hair|Wish|p2a: Angel Hair\n|move|p1a: MARS|Knock Off|p2a: Angel Hair\n|-damage|p2a: Angel Hair|24\/100\n|-enditem|p2a: Angel Hair|Leftovers|[from] move: Knock Off|[of] p1a: MARS\n|\n|-heal|p1a: MARS|75\/100|[from] item: Leftovers\n|upkeep\n|turn|45\n|\n|t:|1699241934\n|move|p2a: Angel Hair|Dazzling Gleam|p1a: MARS\n|-damage|p1a: MARS|62\/100\n|move|p1a: MARS|Iron Head|p2a: Angel Hair\n|-supereffective|p2a: Angel Hair\n|-damage|p2a: Angel Hair|0 fnt\n|faint|p2a: Angel Hair\n|-end|p2a: Angel Hair|Protosynthesis|[silent]\n|\n|-heal|p1a: MARS|69\/100|[from] item: Leftovers\n|upkeep\n|\n|t:|1699241942\n|switch|p2a: Rigatini|Victini|94\/100\n|turn|46\n|\n|t:|1699241951\n|move|p2a: Rigatini|V-create|p1a: MARS\n|-supereffective|p1a: MARS\n|-damage|p1a: MARS|0 fnt\n|-unboost|p2a: Rigatini|spe|1\n|-unboost|p2a: Rigatini|def|1\n|-unboost|p2a: Rigatini|spd|1\n|faint|p1a: MARS\n|-end|p1a: MARS|fallen3|[silent]\n|\n|upkeep\n|c|\u2606k7eenex|gg\n|c|\u2606k7eenex|i cant beat lele\n|c|\u2606vespyyy|Gg\n|c|\u2606k7eenex|jirachi dead so\n|c|\u2606vespyyy|Yea\n|c|\u2606vespyyy|Boots tini popped off this game\n|\n|t:|1699241985\n|switch|p1a: MERCURY|Diancie-Mega|44\/100\n|turn|47\n|\n|t:|1699241989\n|move|p1a: MERCURY|Diamond Storm|p2a: Rigatini\n|-supereffective|p2a: Rigatini\n|-damage|p2a: Rigatini|0 fnt\n|faint|p2a: Rigatini\n|\n|upkeep\n|\n|t:|1699241992\n|switch|p2a: Shells|Tapu Lele|100\/100\n|-damage|p2a: Shells|88\/100|[from] Stealth Rock\n|-fieldstart|move: Psychic Terrain|[from] ability: Psychic Surge|[of] p2a: Shells\n|turn|48\n|\n|t:|1699241998\n|move|p2a: Shells|Psychic|p1a: MERCURY\n|-damage|p1a: MERCURY|0 fnt\n|faint|p1a: MERCURY\n|\n|upkeep\n|\n|t:|1699242001\n|switch|p1a: SATURN|Sandy Shocks|61\/100\n|turn|49\n|\n|t:|1699242003\n|move|p2a: Shells|Psychic|p1a: SATURN\n|-damage|p1a: SATURN|0 fnt\n|faint|p1a: SATURN\n|-end|p1a: SATURN|Protosynthesis|[silent]\n|\n|win|vespyyy\n|l|\u2606k7eenex\n","uploadtime":1699242009,"views":8,"p1id":"k7eenex","p2id":"vespyyy","formatid":"gen9nationaldexubers","rating":0,"private":0,"password":""}