{"id":"gen9nationaldexubers-1980921392","p1":"burgerking_132","p2":"dripdio","format":"[Gen 9] National Dex Ubers","log":"|j|\u2606burgerking_132\n|j|\u2606dripdio\n|t:|1698849165\n|gametype|singles\n|player|p1|burgerking_132|169|1360\n|player|p2|dripdio|169|1338\n|teamsize|p1|6\n|teamsize|p2|6\n|gen|9\n|tier|[Gen 9] National Dex Ubers\n|rated|\n|rule|HP Percentage Mod: HP is shown in percentages\n|rule|Endless Battle Clause: Forcing endless battles is banned\n|rule|OHKO Clause: OHKO moves are banned\n|rule|Evasion Moves Clause: Evasion moves are banned\n|rule|Evasion Items Clause: Evasion items are banned\n|rule|Species Clause: Limit one of each Pok\u00e9mon\n|rule|Sleep Clause Mod: Limit one foe put to sleep\n|rule|Mega Rayquaza Clause: You cannot mega evolve Rayquaza\n|clearpoke\n|poke|p1|Gardevoir, M|\n|poke|p1|Deoxys-Attack|\n|poke|p1|Snorlax, M|\n|poke|p1|Dondozo, F|\n|poke|p1|Groudon|\n|poke|p1|Arceus|\n|poke|p2|Groudon|\n|poke|p2|Kyogre|\n|poke|p2|Arceus|\n|poke|p2|Kyurem-Black|\n|poke|p2|Necrozma-Dusk-Mane|\n|poke|p2|Xerneas-*|\n|teampreview\n|inactive|Battle timer is ON: inactive players will automatically lose when time's up. (requested by burgerking_132)\n|\n|t:|1698849198\n|start\n|switch|p1a: Gardevoir|Gardevoir, M|100\/100\n|switch|p2a: Kyurem|Kyurem-Black|100\/100\n|-ability|p2a: Kyurem|Teravolt\n|-ability|p1a: Gardevoir|Teravolt\n|-ability|p1a: Gardevoir|Teravolt|[from] ability: Trace|[of] p2a: Kyurem\n|turn|1\n|\n|t:|1698849212\n|detailschange|p1a: Gardevoir|Gardevoir-Mega, M\n|-mega|p1a: Gardevoir|Gardevoir|Gardevoirite\n|move|p1a: Gardevoir|Hyper Beam|p2a: Kyurem\n|-supereffective|p2a: Kyurem\n|-damage|p2a: Kyurem|0 fnt\n|-mustrecharge|p1a: Gardevoir\n|faint|p2a: Kyurem\n|\n|upkeep\n|\n|t:|1698849224\n|switch|p2a: Groudon|Groudon|100\/100\n|detailschange|p2a: Groudon|Groudon-Primal\n|-primal|p2a: Groudon|Red Orb\n|-weather|DesolateLand|[from] ability: Desolate Land|[of] p2a: Groudon\n|turn|2\n|\n|t:|1698849229\n|cant|p1a: Gardevoir|recharge\n|move|p2a: Groudon|Rock Polish|p2a: Groudon\n|-boost|p2a: Groudon|spe|2\n|\n|-weather|DesolateLand|[upkeep]\n|upkeep\n|turn|3\n|\n|t:|1698849240\n|move|p2a: Groudon|Swords Dance|p2a: Groudon\n|-boost|p2a: Groudon|atk|2\n|move|p1a: Gardevoir|Hyper Voice|p2a: Groudon\n|-resisted|p2a: Groudon\n|-damage|p2a: Groudon|70\/100\n|\n|-weather|DesolateLand|[upkeep]\n|upkeep\n|turn|4\n|\n|t:|1698849253\n|move|p2a: Groudon|Swords Dance|p2a: Groudon\n|-boost|p2a: Groudon|atk|2\n|move|p1a: Gardevoir|Hyper Beam|p2a: Groudon|[miss]\n|-miss|p1a: Gardevoir|p2a: Groudon\n|\n|-weather|DesolateLand|[upkeep]\n|upkeep\n|turn|5\n|\n|t:|1698849258\n|move|p2a: Groudon|Swords Dance|p2a: Groudon\n|-boost|p2a: Groudon|atk|2\n|move|p1a: Gardevoir|Hyper Beam|p2a: Groudon\n|-resisted|p2a: Groudon\n|-damage|p2a: Groudon|20\/100\n|-mustrecharge|p1a: Gardevoir\n|\n|-weather|DesolateLand|[upkeep]\n|upkeep\n|turn|6\n|c|\u2606burgerking_132|bro you're getting very greedy\n|c|\u2606burgerking_132|2x is enough to sweep me\n|c|\u2606burgerking_132|besides dondozo\n|inactive|dripdio has 120 seconds left.\n|inactive|dripdio has 90 seconds left.\n|inactive|dripdio has 60 seconds left.\n|inactive|dripdio has 30 seconds left.\n|inactive|dripdio has 20 seconds left.\n|inactive|dripdio has 15 seconds left.\n|inactive|dripdio has 10 seconds left.\n|inactive|dripdio has 5 seconds left.\n|\n|t:|1698849406\n|move|p2a: Groudon|Fire Punch|p1a: Gardevoir\n|-damage|p1a: Gardevoir|0 fnt\n|faint|p1a: Gardevoir\n|\n|-weather|DesolateLand|[upkeep]\n|upkeep\n|inactive|dripdio has 10 seconds left this turn.\n|\n|t:|1698849421\n|switch|p1a: Dondozo|Dondozo, F|100\/100\n|turn|7\n|inactive|dripdio has 20 seconds left this turn.\n|inactive|dripdio has 15 seconds left.\n|\n|t:|1698849434\n|move|p2a: Groudon|Precipice Blades|p1a: Dondozo\n|-damage|p1a: Dondozo|62\/100\n|move|p1a: Dondozo|Curse|p1a: Dondozo\n|-unboost|p1a: Dondozo|spe|1\n|-boost|p1a: Dondozo|atk|1\n|-boost|p1a: Dondozo|def|1\n|\n|-weather|DesolateLand|[upkeep]\n|upkeep\n|turn|8\n|inactive|dripdio has 25 seconds left this turn.\n|\n|t:|1698849441\n|move|p2a: Groudon|Precipice Blades|p1a: Dondozo\n|-damage|p1a: Dondozo|36\/100\n|move|p1a: Dondozo|Rest|p1a: Dondozo\n|-status|p1a: Dondozo|slp|[from] move: Rest\n|-heal|p1a: Dondozo|100\/100 slp|[silent]\n|\n|-weather|DesolateLand|[upkeep]\n|upkeep\n|turn|9\n|inactive|dripdio has 30 seconds left.\n|\n|t:|1698849452\n|-weather|none\n|switch|p2a: Kyogre|Kyogre|100\/100\n|-weather|RainDance|[from] ability: Drizzle|[of] p2a: Kyogre\n|cant|p1a: Dondozo|slp\n|\n|-weather|RainDance|[upkeep]\n|upkeep\n|turn|10\n|\n|t:|1698849460\n|switch|p1a: Groudon|Groudon|100\/100\n|detailschange|p1a: Groudon|Groudon-Primal\n|-primal|p1a: Groudon|Red Orb\n|-weather|DesolateLand|[from] ability: Desolate Land|[of] p1a: Groudon\n|move|p2a: Kyogre|Thunder|p1a: Groudon\n|-immune|p1a: Groudon\n|\n|-weather|DesolateLand|[upkeep]\n|upkeep\n|turn|11\n|\n|t:|1698849470\n|switch|p2a: Arceus|Arceus|100\/100\n|move|p1a: Groudon|Precipice Blades|p2a: Arceus\n|-damage|p2a: Arceus|42\/100\n|\n|-weather|DesolateLand|[upkeep]\n|-heal|p2a: Arceus|48\/100|[from] item: Leftovers\n|upkeep\n|turn|12\n|\n|t:|1698849477\n|move|p2a: Arceus|Recover|p2a: Arceus\n|-heal|p2a: Arceus|98\/100\n|move|p1a: Groudon|Precipice Blades|p2a: Arceus\n|-damage|p2a: Arceus|45\/100\n|\n|-weather|DesolateLand|[upkeep]\n|-heal|p2a: Arceus|51\/100|[from] item: Leftovers\n|upkeep\n|turn|13\n|\n|t:|1698849493\n|move|p2a: Arceus|Swords Dance|p2a: Arceus\n|-boost|p2a: Arceus|atk|2\n|move|p1a: Groudon|Overheat|p2a: Arceus\n|-damage|p2a: Arceus|0 fnt\n|-unboost|p1a: Groudon|spa|2\n|faint|p2a: Arceus\n|\n|-weather|DesolateLand|[upkeep]\n|upkeep\n|\n|t:|1698849503\n|switch|p2a: Xerneas|Xerneas|100\/100\n|-ability|p2a: Xerneas|Fairy Aura\n|turn|14\n|\n|t:|1698849515\n|move|p1a: Groudon|Fire Punch|p2a: Xerneas\n|-damage|p2a: Xerneas|42\/100\n|move|p2a: Xerneas|Geomancy||[still]\n|-prepare|p2a: Xerneas|Geomancy\n|-enditem|p2a: Xerneas|Power Herb\n|-anim|p2a: Xerneas|Geomancy|p2a: Xerneas\n|-boost|p2a: Xerneas|spa|2\n|-boost|p2a: Xerneas|spd|2\n|-boost|p2a: Xerneas|spe|2\n|\n|-weather|DesolateLand|[upkeep]\n|upkeep\n|turn|15\n|inactive|dripdio has 60 seconds left.\n|\n|t:|1698849546\n|move|p2a: Xerneas|Moonblast|p1a: Groudon\n|-resisted|p1a: Groudon\n|-damage|p1a: Groudon|10\/100\n|move|p1a: Groudon|Fire Punch|p2a: Xerneas\n|-damage|p2a: Xerneas|0 fnt\n|faint|p2a: Xerneas\n|\n|-weather|DesolateLand|[upkeep]\n|upkeep\n|\n|t:|1698849551\n|switch|p2a: Groudon|Groudon-Primal|20\/100\n|turn|16\n|\n|t:|1698849554\n|move|p1a: Groudon|Earth Power|p2a: Groudon\n|-supereffective|p2a: Groudon\n|-damage|p2a: Groudon|0 fnt\n|faint|p2a: Groudon\n|\n|-weather|DesolateLand|[upkeep]\n|upkeep\n|\n|t:|1698849558\n|switch|p2a: Necrozma|Necrozma-Dusk-Mane|100\/100\n|turn|17\n|\n|t:|1698849561\n|move|p1a: Groudon|Fire Punch|p2a: Necrozma\n|-supereffective|p2a: Necrozma\n|-damage|p2a: Necrozma|11\/100\n|-status|p2a: Necrozma|brn\n|-enditem|p2a: Necrozma|Weakness Policy\n|-boost|p2a: Necrozma|atk|2|[from] item: Weakness Policy\n|-boost|p2a: Necrozma|spa|2|[from] item: Weakness Policy\n|move|p2a: Necrozma|Dragon Dance|p2a: Necrozma\n|-boost|p2a: Necrozma|atk|1\n|-boost|p2a: Necrozma|spe|1\n|\n|-weather|DesolateLand|[upkeep]\n|-damage|p2a: Necrozma|5\/100 brn|[from] brn\n|upkeep\n|turn|18\n|c|\u2606dripdio|w burn lol\n|\n|t:|1698849573\n|move|p2a: Necrozma|Earthquake|p1a: Groudon\n|-supereffective|p1a: Groudon\n|-damage|p1a: Groudon|0 fnt\n|faint|p1a: Groudon\n|-weather|none\n|\n|-damage|p2a: Necrozma|0 fnt|[from] brn\n|faint|p2a: Necrozma\n|upkeep\n|\n|t:|1698849585\n|switch|p1a: Snorlax|Snorlax, M|100\/100\n|switch|p2a: Kyogre|Kyogre|100\/100\n|-weather|RainDance|[from] ability: Drizzle|[of] p2a: Kyogre\n|turn|19\n|c|\u2606burgerking_132|u should not have gotten greedy with groudon\n|c|\u2606burgerking_132|2x was plenty\n|\n|t:|1698849602\n|-terastallize|p2a: Kyogre|Water\n|move|p2a: Kyogre|Water Spout|p1a: Snorlax\n|-damage|p1a: Snorlax|21\/100\n|-enditem|p1a: Snorlax|Aguav Berry|[eat]\n|-heal|p1a: Snorlax|54\/100|[from] item: Aguav Berry\n|move|p1a: Snorlax|Amnesia|p1a: Snorlax\n|-boost|p1a: Snorlax|spd|2\n|\n|-weather|RainDance|[upkeep]\n|upkeep\n|turn|20\n|\n|t:|1698849612\n|move|p2a: Kyogre|Water Spout|p1a: Snorlax\n|-damage|p1a: Snorlax|11\/100\n|move|p1a: Snorlax|Body Slam|p2a: Kyogre\n|-damage|p2a: Kyogre|67\/100\n|\n|-weather|RainDance|[upkeep]\n|upkeep\n|turn|21\n|inactive|dripdio has 90 seconds left.\n|\n|t:|1698849620\n|move|p2a: Kyogre|Water Spout|p1a: Snorlax\n|-damage|p1a: Snorlax|0 fnt\n|faint|p1a: Snorlax\n|\n|-weather|RainDance|[upkeep]\n|upkeep\n|\n|t:|1698849635\n|switch|p1a: Dondozo|Dondozo, F|100\/100 slp\n|turn|22\n|\n|t:|1698849644\n|move|p2a: Kyogre|Water Spout|p1a: Dondozo\n|-resisted|p1a: Dondozo\n|-damage|p1a: Dondozo|51\/100 slp\n|cant|p1a: Dondozo|slp\n|\n|-weather|RainDance|[upkeep]\n|upkeep\n|turn|23\n|\n|t:|1698849652\n|move|p2a: Kyogre|Water Spout|p1a: Dondozo\n|-resisted|p1a: Dondozo\n|-damage|p1a: Dondozo|0 fnt\n|faint|p1a: Dondozo\n|\n|-weather|none\n|upkeep\n|\n|t:|1698849658\n|switch|p1a: Arceus|Arceus|100\/100\n|turn|24\n|inactive|dripdio has 120 seconds left.\n|\n|t:|1698849668\n|move|p2a: Kyogre|Water Spout|p1a: Arceus\n|-damage|p1a: Arceus|56\/100\n|move|p1a: Arceus|Judgment|p2a: Kyogre\n|-damage|p2a: Kyogre|35\/100\n|\n|upkeep\n|turn|25\n|inactive|dripdio has 120 seconds left.\n|\n|t:|1698849705\n|move|p2a: Kyogre|Water Spout|p1a: Arceus\n|-damage|p1a: Arceus|31\/100\n|move|p1a: Arceus|Judgment|p2a: Kyogre\n|-damage|p2a: Kyogre|4\/100\n|\n|upkeep\n|turn|26\n|\n|t:|1698849718\n|move|p2a: Kyogre|Water Spout|p1a: Arceus\n|-damage|p1a: Arceus|29\/100\n|move|p1a: Arceus|Judgment|p2a: Kyogre\n|-damage|p2a: Kyogre|0 fnt\n|faint|p2a: Kyogre\n|\n|win|burgerking_132\n|raw|burgerking_132's rating: 1360 &rarr; <strong>1379<\/strong><br \/>(+19 for winning)\n|raw|dripdio's rating: 1338 &rarr; <strong>1319<\/strong><br \/>(-19 for losing)\n","uploadtime":1698849727,"views":10,"p1id":"burgerking132","p2id":"dripdio","formatid":"gen9nationaldexubers","rating":1319,"private":0,"password":""}