{"id":"gen9nationaldexubers-1995339791","p1":"Victim19","p2":"djkslaf","format":"[Gen 9] National Dex Ubers","log":"|j|\u2606Victim19\n|j|\u2606djkslaf\n|t:|1700556388\n|gametype|singles\n|player|p1|Victim19|crasherwake|1158\n|player|p2|djkslaf|lyra|1284\n|teamsize|p1|6\n|teamsize|p2|6\n|gen|9\n|tier|[Gen 9] National Dex Ubers\n|rated|\n|rule|HP Percentage Mod: HP is shown in percentages\n|rule|Endless Battle Clause: Forcing endless battles is banned\n|rule|OHKO Clause: OHKO moves are banned\n|rule|Evasion Moves Clause: Evasion moves are banned\n|rule|Evasion Items Clause: Evasion items are banned\n|rule|Species Clause: Limit one of each Pok\u00e9mon\n|rule|Sleep Clause Mod: Limit one foe put to sleep\n|rule|Mega Rayquaza Clause: You cannot mega evolve Rayquaza\n|clearpoke\n|poke|p1|Marshadow|\n|poke|p1|Nihilego|\n|poke|p1|Darkrai|\n|poke|p1|Whimsicott, M|\n|poke|p1|Iron Bundle|\n|poke|p1|Heatran, M|\n|poke|p2|Arceus|\n|poke|p2|Zygarde|\n|poke|p2|Cyclizar, M|\n|poke|p2|Palafin, F|\n|poke|p2|Chi-Yu|\n|poke|p2|Magnemite, L1|\n|teampreview\n|inactive|Battle timer is ON: inactive players will automatically lose when time's up. (requested by Victim19)\n|\n|t:|1700556416\n|start\n|switch|p1a: Whimsicott|Whimsicott, M|100\/100\n|switch|p2a: Cyclizar|Cyclizar, M|100\/100\n|turn|1\n|\n|t:|1700556427\n|move|p1a: Whimsicott|Taunt|p2a: Cyclizar\n|-start|p2a: Cyclizar|move: Taunt\n|cant|p2a: Cyclizar|move: Taunt|Shed Tail\n|\n|upkeep\n|turn|2\n|\n|t:|1700556438\n|switch|p2a: Chi-Yu|Chi-Yu|100\/100\n|-ability|p2a: Chi-Yu|Beads of Ruin\n|move|p1a: Whimsicott|Moonblast|p2a: Chi-Yu\n|-damage|p2a: Chi-Yu|62\/100\n|-unboost|p2a: Chi-Yu|spa|1\n|\n|upkeep\n|turn|3\n|\n|t:|1700556453\n|switch|p1a: Heatran|Heatran, M|100\/100\n|move|p2a: Chi-Yu|Dark Pulse|p1a: Heatran\n|-damage|p1a: Heatran|40\/100\n|\n|-heal|p1a: Heatran|46\/100|[from] item: Leftovers\n|upkeep\n|turn|4\n|\n|t:|1700556470\n|move|p1a: Heatran|Protect|p1a: Heatran\n|-singleturn|p1a: Heatran|Protect\n|move|p2a: Chi-Yu|Dark Pulse|p1a: Heatran\n|-activate|p1a: Heatran|move: Protect\n|\n|-heal|p1a: Heatran|53\/100|[from] item: Leftovers\n|upkeep\n|turn|5\n|inactive|Victim19 has 120 seconds left.\n|\n|t:|1700556500\n|move|p2a: Chi-Yu|Dark Pulse|p1a: Heatran\n|-damage|p1a: Heatran|0 fnt\n|faint|p1a: Heatran\n|\n|upkeep\n|\n|t:|1700556513\n|switch|p1a: Darkrai|Darkrai|100\/100\n|turn|6\n|\n|t:|1700556532\n|switch|p2a: Cyclizar|Cyclizar, M|100\/100\n|move|p1a: Darkrai|Hypnosis|p2a: Cyclizar|[miss]\n|-miss|p1a: Darkrai|p2a: Cyclizar\n|\n|upkeep\n|turn|7\n|\n|t:|1700556544\n|move|p2a: Cyclizar|Shed Tail|p2a: Cyclizar\n|-start|p2a: Cyclizar|Substitute|[from] move: Shed Tail\n|-damage|p2a: Cyclizar|50\/100\n|\n|t:|1700556553\n|switch|p2a: Magnemite|Magnemite, L1|100\/100|[from] Shed Tail\n|move|p1a: Darkrai|Ice Beam|p2a: Magnemite\n|-resisted|p2a: Magnemite\n|-end|p2a: Magnemite|Substitute\n|\n|upkeep\n|turn|8\n|inactive|Victim19 has 120 seconds left.\n|\n|t:|1700556569\n|move|p1a: Darkrai|Hypnosis|p2a: Magnemite\n|-status|p2a: Magnemite|slp|[from] move: Hypnosis\n|cant|p2a: Magnemite|slp\n|\n|-damage|p2a: Magnemite|91\/100 slp|[from] ability: Bad Dreams|[of] p1a: Darkrai\n|upkeep\n|turn|9\n|\n|t:|1700556577\n|move|p1a: Darkrai|Nasty Plot|p1a: Darkrai\n|-boost|p1a: Darkrai|spa|2\n|-curestatus|p2a: Magnemite|slp|[msg]\n|move|p2a: Magnemite|Toxic|p1a: Darkrai\n|-status|p1a: Darkrai|tox\n|\n|-damage|p1a: Darkrai|94\/100 tox|[from] psn\n|upkeep\n|turn|10\n|inactive|Victim19 has 120 seconds left.\n|\n|t:|1700556589\n|move|p2a: Magnemite|Protect|p2a: Magnemite\n|-singleturn|p2a: Magnemite|Protect\n|move|p1a: Darkrai|Dark Pulse|p2a: Magnemite\n|-activate|p2a: Magnemite|move: Protect\n|\n|-damage|p1a: Darkrai|82\/100 tox|[from] psn\n|upkeep\n|turn|11\n|\n|t:|1700556600\n|move|p1a: Darkrai|Dark Pulse|p2a: Magnemite\n|-damage|p2a: Magnemite|0 fnt\n|faint|p2a: Magnemite\n|\n|-damage|p1a: Darkrai|64\/100 tox|[from] psn\n|upkeep\n|\n|t:|1700556609\n|switch|p2a: Palafin|Palafin, F|100\/100\n|turn|12\n|\n|t:|1700556633\n|detailschange|p2a: Palafin|Palafin-Hero, F\n|switch|p2a: Zygarde|Zygarde|100\/100\n|move|p1a: Darkrai|Dark Pulse|p2a: Zygarde\n|-damage|p2a: Zygarde|38\/100\n|\n|-heal|p2a: Zygarde|44\/100|[from] item: Leftovers\n|-damage|p1a: Darkrai|40\/100 tox|[from] psn\n|-activate|p2a: Zygarde|ability: Power Construct\n|detailschange|p2a: Zygarde|Zygarde-Complete\n|-heal|p2a: Zygarde|64\/100|[silent]\n|upkeep\n|turn|13\n|\n|t:|1700556650\n|move|p1a: Darkrai|Ice Beam|p2a: Zygarde\n|-supereffective|p2a: Zygarde\n|-damage|p2a: Zygarde|0 fnt\n|faint|p2a: Zygarde\n|\n|-damage|p1a: Darkrai|10\/100 tox|[from] psn\n|upkeep\n|\n|t:|1700556657\n|switch|p2a: Cyclizar|Cyclizar, M|83\/100\n|turn|14\n|\n|t:|1700556669\n|move|p2a: Cyclizar|Shed Tail|p2a: Cyclizar\n|-start|p2a: Cyclizar|Substitute|[from] move: Shed Tail\n|-damage|p2a: Cyclizar|33\/100\n|\n|t:|1700556678\n|switch|p2a: Palafin|Palafin-Hero, F|100\/100|[from] Shed Tail\n|-activate|p2a: Palafin|ability: Zero to Hero\n|move|p1a: Darkrai|Ice Beam|p2a: Palafin\n|-resisted|p2a: Palafin\n|-end|p2a: Palafin|Substitute\n|\n|-damage|p1a: Darkrai|0 fnt|[from] psn\n|faint|p1a: Darkrai\n|upkeep\n|\n|t:|1700556702\n|switch|p1a: Marshadow|Marshadow|100\/100\n|turn|15\n|\n|t:|1700556710\n|move|p2a: Palafin|Jet Punch|p1a: Marshadow\n|-crit|p1a: Marshadow\n|-damage|p1a: Marshadow|0 fnt\n|faint|p1a: Marshadow\n|\n|upkeep\n|\n|t:|1700556717\n|switch|p1a: Whimsicott|Whimsicott, M|100\/100\n|turn|16\n|\n|t:|1700556736\n|switch|p2a: Arceus|Arceus|100\/100\n|move|p1a: Whimsicott|Memento|p2a: Arceus\n|-unboost|p2a: Arceus|atk|2\n|-unboost|p2a: Arceus|spa|2\n|faint|p1a: Whimsicott\n|\n|upkeep\n|\n|t:|1700556745\n|switch|p1a: Nihilego|Nihilego|100\/100\n|turn|17\n|\n|t:|1700556761\n|switch|p2a: Cyclizar|Cyclizar, M|66\/100\n|move|p1a: Nihilego|Meteor Beam||[still]\n|-prepare|p1a: Nihilego|Meteor Beam\n|-boost|p1a: Nihilego|spa|1\n|-enditem|p1a: Nihilego|Power Herb\n|-anim|p1a: Nihilego|Meteor Beam|p2a: Cyclizar\n|-damage|p2a: Cyclizar|0 fnt\n|faint|p2a: Cyclizar\n|-ability|p1a: Nihilego|Beast Boost|boost\n|-boost|p1a: Nihilego|spe|1\n|\n|upkeep\n|\n|t:|1700556774\n|switch|p2a: Palafin|Palafin-Hero, F|100\/100\n|turn|18\n|\n|t:|1700556785\n|-terastallize|p1a: Nihilego|Grass\n|move|p2a: Palafin|Jet Punch|p1a: Nihilego\n|-resisted|p1a: Nihilego\n|-damage|p1a: Nihilego|61\/100\n|move|p1a: Nihilego|Grass Knot|p2a: Palafin\n|-supereffective|p2a: Palafin\n|-damage|p2a: Palafin|0 fnt\n|faint|p2a: Palafin\n|-ability|p1a: Nihilego|Beast Boost|boost\n|-boost|p1a: Nihilego|spe|1\n|\n|upkeep\n|\n|t:|1700556795\n|switch|p2a: Arceus|Arceus|100\/100\n|turn|19\n|\n|t:|1700556803\n|move|p2a: Arceus|Extreme Speed|p1a: Nihilego\n|-damage|p1a: Nihilego|0 fnt\n|faint|p1a: Nihilego\n|\n|upkeep\n|\n|t:|1700556809\n|switch|p1a: Iron Bundle|Iron Bundle|100\/100\n|turn|20\n|\n|t:|1700556818\n|move|p1a: Iron Bundle|Hydro Pump|p2a: Arceus\n|-damage|p2a: Arceus|66\/100\n|move|p2a: Arceus|Swords Dance|p2a: Arceus\n|-boost|p2a: Arceus|atk|2\n|\n|-heal|p2a: Arceus|72\/100|[from] item: Leftovers\n|upkeep\n|turn|21\n|\n|t:|1700556831\n|move|p2a: Arceus|Extreme Speed|p1a: Iron Bundle\n|-damage|p1a: Iron Bundle|0 fnt\n|faint|p1a: Iron Bundle\n|-end|p1a: Iron Bundle|Quark Drive|[silent]\n|\n|win|djkslaf\n|raw|Victim19's rating: 1158 &rarr; <strong>1142<\/strong><br \/>(-16 for losing)\n|raw|djkslaf's rating: 1284 &rarr; <strong>1300<\/strong><br \/>(+16 for winning)\n","uploadtime":1700556837,"views":2,"p1id":"victim19","p2id":"djkslaf","formatid":"gen9nationaldexubers","rating":1142,"private":0,"password":""}