{"id":"gen9nationaldexubers-1997997236","p1":"hobinrobin","p2":"Adamisaking","format":"[Gen 9] National Dex Ubers","log":"|j|\u2606hobinrobin\n|j|\u2606Adamisaking\n|t:|1700876944\n|gametype|singles\n|player|p1|hobinrobin|steven|1000\n|player|p2|Adamisaking|brycenman|1075\n|teamsize|p1|6\n|teamsize|p2|6\n|gen|9\n|tier|[Gen 9] National Dex Ubers\n|rated|\n|rule|HP Percentage Mod: HP is shown in percentages\n|rule|Endless Battle Clause: Forcing endless battles is banned\n|rule|OHKO Clause: OHKO moves are banned\n|rule|Evasion Moves Clause: Evasion moves are banned\n|rule|Evasion Items Clause: Evasion items are banned\n|rule|Species Clause: Limit one of each Pok\u00e9mon\n|rule|Sleep Clause Mod: Limit one foe put to sleep\n|rule|Mega Rayquaza Clause: You cannot mega evolve Rayquaza\n|clearpoke\n|poke|p1|Beautifly, M|\n|poke|p1|Pichu, F|\n|poke|p1|Jirachi|\n|poke|p1|Castform, F|\n|poke|p1|Uxie|\n|poke|p1|Ribombee, M|\n|poke|p2|Dracovish|\n|poke|p2|Pelipper, M|\n|poke|p2|Urshifu-*, M|\n|poke|p2|Smeargle, F|\n|poke|p2|Gardevoir, F|\n|poke|p2|Zygarde-10%|\n|teampreview\n|inactive|Battle timer is ON: inactive players will automatically lose when time's up. (requested by hobinrobin)\n|\n|t:|1700876952\n|start\n|switch|p1a: #11|Uxie|100\/100\n|switch|p2a: Zygarde|Zygarde-10%|100\/100\n|turn|1\n|\n|t:|1700876964\n|move|p2a: Zygarde|Dragon Dance|p2a: Zygarde\n|-boost|p2a: Zygarde|atk|1\n|-boost|p2a: Zygarde|spe|1\n|move|p1a: #11|Stealth Rock|p2a: Zygarde\n|-sidestart|p2: Adamisaking|move: Stealth Rock\n|\n|upkeep\n|turn|2\n|\n|t:|1700876974\n|move|p2a: Zygarde|Outrage|p1a: #11\n|-damage|p1a: #11|32\/100\n|move|p1a: #11|Yawn|p2a: Zygarde\n|-start|p2a: Zygarde|move: Yawn|[of] p1a: #11\n|\n|upkeep\n|turn|3\n|\n|t:|1700876988\n|switch|p1a: #12|Ribombee, M|100\/100\n|move|p2a: Zygarde|Outrage|p1a: #12|[from]lockedmove\n|-immune|p1a: #12\n|\n|-end|p2a: Zygarde|move: Yawn|[silent]\n|-status|p2a: Zygarde|slp\n|upkeep\n|turn|4\n|\n|t:|1700877015\n|cant|p2a: Zygarde|slp\n|move|p1a: #12|Quiver Dance|p1a: #12\n|-boost|p1a: #12|spa|1\n|-boost|p1a: #12|spd|1\n|-boost|p1a: #12|spe|1\n|\n|upkeep\n|turn|5\n|\n|t:|1700877029\n|move|p1a: #12|Quiver Dance|p1a: #12\n|-boost|p1a: #12|spa|1\n|-boost|p1a: #12|spd|1\n|-boost|p1a: #12|spe|1\n|cant|p2a: Zygarde|slp\n|\n|upkeep\n|turn|6\n|inactive|Adamisaking has 120 seconds left.\n|\n|t:|1700877058\n|move|p1a: #12|Bug Buzz|p2a: Zygarde\n|-enditem|p2a: Zygarde|Focus Sash\n|-damage|p2a: Zygarde|1\/100 slp\n|-curestatus|p2a: Zygarde|slp|[msg]\n|move|p2a: Zygarde|Outrage|p1a: #12\n|-immune|p1a: #12\n|\n|-activate|p2a: Zygarde|ability: Power Construct\n|detailschange|p2a: Zygarde|Zygarde-Complete\n|-heal|p2a: Zygarde|57\/100|[silent]\n|upkeep\n|turn|7\n|\n|t:|1700877072\n|-terastallize|p1a: #12|Bug\n|move|p1a: #12|Bug Buzz|p2a: Zygarde\n|-damage|p2a: Zygarde|0 fnt\n|faint|p2a: Zygarde\n|\n|upkeep\n|\n|t:|1700877091\n|switch|p2a: Urshifu|Urshifu, M|100\/100\n|-damage|p2a: Urshifu|94\/100|[from] Stealth Rock\n|turn|8\n|inactive|Adamisaking has 90 seconds left.\n|\n|t:|1700877113\n|move|p1a: #12|Bug Buzz|p2a: Urshifu\n|-damage|p2a: Urshifu|0 fnt\n|faint|p2a: Urshifu\n|\n|upkeep\n|inactive|Adamisaking has 90 seconds left.\n|\n|t:|1700877124\n|switch|p2a: Gardevoir|Gardevoir, F|100\/100\n|-damage|p2a: Gardevoir|88\/100|[from] Stealth Rock\n|turn|9\n|inactive|Adamisaking has 90 seconds left.\n|\n|t:|1700877142\n|move|p1a: #12|Bug Buzz|p2a: Gardevoir\n|-damage|p2a: Gardevoir|0 fnt\n|faint|p2a: Gardevoir\n|\n|upkeep\n|\n|t:|1700877150\n|switch|p2a: Pelipper|Pelipper, M|100\/100\n|-damage|p2a: Pelipper|76\/100|[from] Stealth Rock\n|-weather|RainDance|[from] ability: Drizzle|[of] p2a: Pelipper\n|turn|10\n|\n|t:|1700877159\n|move|p1a: #12|Energy Ball|p2a: Pelipper\n|-damage|p2a: Pelipper|0 fnt\n|faint|p2a: Pelipper\n|\n|-weather|RainDance|[upkeep]\n|upkeep\n|\n|t:|1700877166\n|switch|p2a: Smeargle|Smeargle, F|100\/100\n|-damage|p2a: Smeargle|88\/100|[from] Stealth Rock\n|turn|11\n|-message|Adamisaking forfeited.\n|\n|win|hobinrobin\n|raw|hobinrobin's rating: 1000 &rarr; <strong>1049<\/strong><br \/>(+49 for winning)\n|raw|Adamisaking's rating: 1075 &rarr; <strong>1049<\/strong><br \/>(-26 for losing)\n|l|\u2606Adamisaking\n","uploadtime":1700877173,"views":1,"p1id":"hobinrobin","p2id":"adamisaking","formatid":"gen9nationaldexubers","rating":1049,"private":0,"password":""}