{"id":"gen9nationaldexubers-1999991493","p1":"H0ME","p2":"EvanEndi","format":"[Gen 9] National Dex Ubers","log":"|j|\u2606H0ME\n|j|\u2606EvanEndi\n|t:|1701138526\n|gametype|singles\n|player|p1|H0ME|pokefan|\n|player|p2|EvanEndi|sage|\n|teamsize|p1|6\n|teamsize|p2|6\n|gen|9\n|tier|[Gen 9] National Dex Ubers\n|rule|HP Percentage Mod: HP is shown in percentages\n|rule|Endless Battle Clause: Forcing endless battles is banned\n|rule|OHKO Clause: OHKO moves are banned\n|rule|Evasion Moves Clause: Evasion moves are banned\n|rule|Evasion Items Clause: Evasion items are banned\n|rule|Species Clause: Limit one of each Pok\u00e9mon\n|rule|Sleep Clause Mod: Limit one foe put to sleep\n|rule|Mega Rayquaza Clause: You cannot mega evolve Rayquaza\n|clearpoke\n|poke|p1|Palafin, F|\n|poke|p1|Politoed, F|\n|poke|p1|Qwilfish-Hisui, M|\n|poke|p1|Scizor, F|\n|poke|p1|Kingdra, F|\n|poke|p1|Xatu, M|\n|poke|p2|Toxapex, M|\n|poke|p2|Skeledirge, M|\n|poke|p2|Baxcalibur, M|\n|poke|p2|Scream Tail|\n|poke|p2|Glimmora, M|\n|poke|p2|Ditto|\n|teampreview\n|c|\u2606EvanEndi|GL\n|c|\u2606H0ME|U2 :)\n|j| Poke_Pippin420\n|\n|t:|1701138726\n|start\n|switch|p1a: Isaac|Palafin, F|100\/100\n|switch|p2a: Toxapex|Toxapex, M, shiny|100\/100\n|turn|1\n|\n|t:|1701138765\n|detailschange|p1a: Isaac|Palafin-Hero, F\n|switch|p1a: The Lost|Xatu, M|100\/100\n|move|p2a: Toxapex|Knock Off|p1a: The Lost\n|-supereffective|p1a: The Lost\n|-damage|p1a: The Lost|61\/100\n|-enditem|p1a: The Lost|Covert Cloak|[from] move: Knock Off|[of] p2a: Toxapex\n|\n|upkeep\n|turn|2\n|\n|t:|1701138805\n|move|p1a: The Lost|Psychic|p2a: Toxapex\n|-supereffective|p2a: Toxapex\n|-damage|p2a: Toxapex|50\/100\n|move|p2a: Toxapex|Scald|p1a: The Lost\n|-damage|p1a: The Lost|47\/100\n|-status|p1a: The Lost|brn\n|\n|-damage|p1a: The Lost|41\/100 brn|[from] brn\n|upkeep\n|turn|3\n|\n|t:|1701138818\n|switch|p2a: Scream Tail|Scream Tail, shiny|100\/100\n|move|p1a: The Lost|Roost|p1a: The Lost\n|-heal|p1a: The Lost|91\/100 brn\n|-singleturn|p1a: The Lost|move: Roost\n|\n|-damage|p1a: The Lost|85\/100 brn|[from] brn\n|upkeep\n|turn|4\n|\n|t:|1701138826\n|move|p2a: Scream Tail|Dazzling Gleam|p1a: The Lost\n|-damage|p1a: The Lost|69\/100 brn\n|move|p1a: The Lost|Teleport|p1a: The Lost\n|\n|t:|1701138837\n|switch|p1a: Eve|Politoed, F|100\/100|[from] Teleport\n|-weather|RainDance|[from] ability: Drizzle|[of] p1a: Eve\n|\n|-weather|RainDance|[upkeep]\n|upkeep\n|turn|5\n|\n|t:|1701138842\n|switch|p1a: The Lost|Xatu, M|69\/100 brn\n|move|p2a: Scream Tail|Dazzling Gleam|p1a: The Lost\n|-damage|p1a: The Lost|52\/100 brn\n|\n|-weather|RainDance|[upkeep]\n|-damage|p1a: The Lost|46\/100 brn|[from] brn\n|upkeep\n|turn|6\n|\n|t:|1701138849\n|-end|p2a: Scream Tail|Protosynthesis|[silent]\n|switch|p2a: Glimmora|Glimmora, M|100\/100\n|move|p1a: The Lost|Roost|p1a: The Lost\n|-heal|p1a: The Lost|96\/100 brn\n|-singleturn|p1a: The Lost|move: Roost\n|\n|-weather|RainDance|[upkeep]\n|-damage|p1a: The Lost|90\/100 brn|[from] brn\n|upkeep\n|turn|7\n|\n|t:|1701138913\n|switch|p1a: Judas|Qwilfish-Hisui, M|100\/100\n|move|p2a: Glimmora|Power Gem|p1a: Judas\n|-damage|p1a: Judas|52\/100\n|\n|-weather|RainDance|[upkeep]\n|upkeep\n|turn|8\n|\n|t:|1701138961\n|move|p1a: Judas|Spikes|p2a: Glimmora\n|-sidestart|p2: EvanEndi|Spikes\n|move|p2a: Glimmora|Stealth Rock|p1a: Judas\n|-sidestart|p1: H0ME|move: Stealth Rock\n|\n|-weather|RainDance|[upkeep]\n|upkeep\n|turn|9\n|\n|t:|1701138978\n|move|p1a: Judas|Destiny Bond|p1a: Judas\n|-singlemove|p1a: Judas|Destiny Bond\n|move|p2a: Glimmora|Mortal Spin|p1a: Judas\n|-resisted|p1a: Judas\n|-damage|p1a: Judas|50\/100\n|-sideend|p2: EvanEndi|Spikes|[from] move: Mortal Spin|[of] p2a: Glimmora\n|\n|-weather|RainDance|[upkeep]\n|upkeep\n|turn|10\n|\n|t:|1701138985\n|move|p1a: Judas|Spikes|p2a: Glimmora\n|-sidestart|p2: EvanEndi|Spikes\n|move|p2a: Glimmora|Spikes|p1a: Judas\n|-sidestart|p1: H0ME|Spikes\n|\n|-weather|RainDance|[upkeep]\n|upkeep\n|turn|11\n|\n|t:|1701138989\n|switch|p1a: The Lost|Xatu, M|90\/100 brn\n|-damage|p1a: The Lost|65\/100 brn|[from] Stealth Rock\n|move|p2a: Glimmora|Mortal Spin|p1a: The Lost\n|-damage|p1a: The Lost|56\/100 brn\n|-sideend|p2: EvanEndi|Spikes|[from] move: Mortal Spin|[of] p2a: Glimmora\n|\n|-weather|none\n|-damage|p1a: The Lost|50\/100 brn|[from] brn\n|upkeep\n|turn|12\n|\n|t:|1701138995\n|move|p2a: Glimmora|Power Gem|p1a: The Lost\n|-supereffective|p1a: The Lost\n|-damage|p1a: The Lost|0 fnt\n|faint|p1a: The Lost\n|\n|upkeep\n|\n|t:|1701139009\n|switch|p1a: Eve|Politoed, F|100\/100\n|-damage|p1a: Eve|88\/100|[from] Stealth Rock\n|-damage|p1a: Eve|76\/100|[from] Spikes\n|-weather|RainDance|[from] ability: Drizzle|[of] p1a: Eve\n|turn|13\n|\n|t:|1701139017\n|switch|p2a: Toxapex|Toxapex, M, shiny|84\/100\n|move|p1a: Eve|Whirlpool|p2a: Toxapex\n|-resisted|p2a: Toxapex\n|-damage|p2a: Toxapex|77\/100\n|-activate|p2a: Toxapex|move: Whirlpool|[of] p1a: Eve\n|\n|-weather|RainDance|[upkeep]\n|-damage|p2a: Toxapex|64\/100|[from] move: Whirlpool|[partiallytrapped]\n|upkeep\n|turn|14\n|\n|t:|1701139033\n|move|p1a: Eve|Perish Song|p1a: Eve\n|-start|p1a: Eve|perish3|[silent]\n|-start|p2a: Toxapex|perish3|[silent]\n|-fieldactivate|move: Perish Song\n|move|p2a: Toxapex|Knock Off|p1a: Eve\n|-damage|p1a: Eve|57\/100\n|-enditem|p1a: Eve|Damp Rock|[from] move: Knock Off|[of] p2a: Toxapex\n|\n|-weather|RainDance|[upkeep]\n|-damage|p2a: Toxapex|52\/100|[from] move: Whirlpool|[partiallytrapped]\n|-start|p1a: Eve|perish3\n|-start|p2a: Toxapex|perish3\n|upkeep\n|turn|15\n|\n|t:|1701139038\n|move|p1a: Eve|Rest|p1a: Eve\n|-status|p1a: Eve|slp|[from] move: Rest\n|-heal|p1a: Eve|100\/100 slp|[silent]\n|move|p2a: Toxapex|Scald|p1a: Eve\n|-resisted|p1a: Eve\n|-damage|p1a: Eve|93\/100 slp\n|\n|-weather|RainDance|[upkeep]\n|-damage|p2a: Toxapex|39\/100|[from] move: Whirlpool|[partiallytrapped]\n|-start|p1a: Eve|perish2\n|-start|p2a: Toxapex|perish2\n|upkeep\n|turn|16\n|\n|t:|1701139041\n|cant|p1a: Eve|slp\n|move|p2a: Toxapex|Recover|p2a: Toxapex\n|-heal|p2a: Toxapex|89\/100\n|\n|-weather|RainDance|[upkeep]\n|-damage|p2a: Toxapex|77\/100|[from] move: Whirlpool|[partiallytrapped]\n|-start|p1a: Eve|perish1\n|-start|p2a: Toxapex|perish1\n|upkeep\n|turn|17\n|\n|t:|1701139043\n|switch|p1a: Judas|Qwilfish-Hisui, M|50\/100\n|-damage|p1a: Judas|37\/100|[from] Stealth Rock\n|-damage|p1a: Judas|25\/100|[from] Spikes\n|move|p2a: Toxapex|Toxic Spikes|p1a: Judas\n|-sidestart|p1: H0ME|move: Toxic Spikes\n|\n|-weather|RainDance|[upkeep]\n|-end|p2a: Toxapex|Whirlpool|[partiallytrapped]|[silent]\n|-start|p2a: Toxapex|perish0\n|upkeep\n|faint|p2a: Toxapex\n|\n|t:|1701139052\n|switch|p2a: Baxcalibur|Baxcalibur, M, shiny|100\/100\n|turn|18\n|\n|t:|1701139064\n|move|p1a: Judas|Taunt|p2a: Baxcalibur\n|-start|p2a: Baxcalibur|move: Taunt\n|cant|p2a: Baxcalibur|move: Taunt|Dragon Dance\n|\n|-weather|RainDance|[upkeep]\n|upkeep\n|turn|19\n|\n|t:|1701139112\n|switch|p1a: Cain|Scizor, F|100\/100\n|-damage|p1a: Cain|88\/100|[from] Stealth Rock\n|-damage|p1a: Cain|76\/100|[from] Spikes\n|switch|p2a: Glimmora|Glimmora, M|100\/100\n|\n|-weather|RainDance|[upkeep]\n|upkeep\n|turn|20\n|\n|t:|1701139141\n|detailschange|p1a: Cain|Scizor-Mega, F\n|-mega|p1a: Cain|Scizor|Scizorite\n|move|p2a: Glimmora|Spikes|p1a: Cain\n|-sidestart|p1: H0ME|Spikes\n|move|p1a: Cain|Roost|p1a: Cain\n|-heal|p1a: Cain|100\/100\n|-singleturn|p1a: Cain|move: Roost\n|\n|-weather|none\n|upkeep\n|turn|21\n|\n|t:|1701139162\n|switch|p2a: Skeledirge|Skeledirge, M, shiny|100\/100\n|switch|p1a: Judas|Qwilfish-Hisui, M|25\/100\n|-damage|p1a: Judas|13\/100|[from] Stealth Rock\n|-damage|p1a: Judas|0 fnt|[from] Spikes\n|-sideend|p1: H0ME|move: Toxic Spikes|[of] p1a: Judas\n|faint|p1a: Judas\n|\n|upkeep\n|c|\u2606EvanEndi|ohh dang didnt thing it absorbed if it died\n|c|\u2606EvanEndi|think**\n|c| Poke_Pippin420|I wasn't sure either\n|c| Poke_Pippin420|good to know for the future\n|\n|t:|1701139214\n|switch|p1a: Keeper|Kingdra, F|100\/100\n|-damage|p1a: Keeper|88\/100|[from] Stealth Rock\n|-damage|p1a: Keeper|72\/100|[from] Spikes\n|turn|22\n|\n|t:|1701139228\n|move|p1a: Keeper|Surf|p2a: Skeledirge\n|-supereffective|p2a: Skeledirge\n|-damage|p2a: Skeledirge|5\/100\n|move|p2a: Skeledirge|Shadow Ball|p1a: Keeper\n|-damage|p1a: Keeper|40\/100\n|-unboost|p1a: Keeper|spd|1\n|\n|upkeep\n|turn|23\n|\n|t:|1701139237\n|switch|p2a: Scream Tail|Scream Tail, shiny|100\/100\n|move|p1a: Keeper|Surf|p2a: Scream Tail\n|-damage|p2a: Scream Tail|69\/100\n|\n|-heal|p2a: Scream Tail|75\/100|[from] item: Leftovers\n|upkeep\n|turn|24\n|\n|t:|1701139251\n|switch|p1a: Eve|Politoed, F|93\/100 slp\n|-damage|p1a: Eve|80\/100 slp|[from] Stealth Rock\n|-damage|p1a: Eve|64\/100 slp|[from] Spikes\n|-weather|RainDance|[from] ability: Drizzle|[of] p1a: Eve\n|move|p2a: Scream Tail|Wish|p2a: Scream Tail\n|\n|-weather|RainDance|[upkeep]\n|-heal|p2a: Scream Tail|82\/100|[from] item: Leftovers\n|upkeep\n|turn|25\n|\n|t:|1701139258\n|-end|p2a: Scream Tail|Protosynthesis|[silent]\n|switch|p2a: Skeledirge|Skeledirge, M, shiny|5\/100\n|cant|p1a: Eve|slp\n|\n|-weather|RainDance|[upkeep]\n|-heal|p2a: Skeledirge|58\/100|[from] move: Wish|[wisher] Scream Tail\n|upkeep\n|turn|26\n|\n|t:|1701139289\n|switch|p2a: Baxcalibur|Baxcalibur, M, shiny|100\/100\n|-curestatus|p1a: Eve|slp|[msg]\n|move|p1a: Eve|Whirlpool|p2a: Baxcalibur\n|-resisted|p2a: Baxcalibur\n|-damage|p2a: Baxcalibur|92\/100\n|-activate|p2a: Baxcalibur|move: Whirlpool|[of] p1a: Eve\n|\n|-weather|RainDance|[upkeep]\n|-damage|p2a: Baxcalibur|80\/100|[from] move: Whirlpool|[partiallytrapped]\n|upkeep\n|turn|27\n|\n|t:|1701139300\n|-terastallize|p1a: Eve|Steel\n|move|p2a: Baxcalibur|Dragon Dance|p2a: Baxcalibur\n|-boost|p2a: Baxcalibur|atk|1\n|-boost|p2a: Baxcalibur|spe|1\n|move|p1a: Eve|Perish Song|p1a: Eve\n|-start|p1a: Eve|perish3|[silent]\n|-start|p2a: Baxcalibur|perish3|[silent]\n|-fieldactivate|move: Perish Song\n|\n|-weather|RainDance|[upkeep]\n|-damage|p2a: Baxcalibur|68\/100|[from] move: Whirlpool|[partiallytrapped]\n|-start|p2a: Baxcalibur|perish3\n|-start|p1a: Eve|perish3\n|upkeep\n|turn|28\n|\n|t:|1701139305\n|move|p1a: Eve|Protect|p1a: Eve\n|-singleturn|p1a: Eve|Protect\n|move|p2a: Baxcalibur|Earthquake|p1a: Eve\n|-activate|p1a: Eve|move: Protect\n|\n|-weather|none\n|-damage|p2a: Baxcalibur|55\/100|[from] move: Whirlpool|[partiallytrapped]\n|-start|p2a: Baxcalibur|perish2\n|-start|p1a: Eve|perish2\n|upkeep\n|turn|29\n|\n|t:|1701139313\n|switch|p1a: Keeper|Kingdra, F|40\/100\n|-damage|p1a: Keeper|28\/100|[from] Stealth Rock\n|-damage|p1a: Keeper|12\/100|[from] Spikes\n|move|p2a: Baxcalibur|Earthquake|p1a: Keeper\n|-damage|p1a: Keeper|0 fnt\n|faint|p1a: Keeper\n|\n|-end|p2a: Baxcalibur|Whirlpool|[partiallytrapped]|[silent]\n|-start|p2a: Baxcalibur|perish1\n|upkeep\n|\n|t:|1701139318\n|switch|p1a: Cain|Scizor-Mega, F|100\/100\n|-damage|p1a: Cain|88\/100|[from] Stealth Rock\n|-damage|p1a: Cain|72\/100|[from] Spikes\n|turn|30\n|\n|t:|1701139342\n|switch|p2a: Skeledirge|Skeledirge, M, shiny|58\/100\n|move|p1a: Cain|Swords Dance|p1a: Cain\n|-boost|p1a: Cain|atk|2\n|\n|upkeep\n|turn|31\n|\n|t:|1701139349\n|move|p1a: Cain|Sand Tomb|p2a: Skeledirge\n|-supereffective|p2a: Skeledirge\n|-damage|p2a: Skeledirge|23\/100\n|-activate|p2a: Skeledirge|move: Sand Tomb|[of] p1a: Cain\n|move|p2a: Skeledirge|Torch Song|p1a: Cain\n|-supereffective|p1a: Cain\n|-damage|p1a: Cain|0 fnt\n|-boost|p2a: Skeledirge|spa|1\n|faint|p1a: Cain\n|\n|-end|p2a: Skeledirge|Sand Tomb|[partiallytrapped]|[silent]\n|upkeep\n|\n|t:|1701139357\n|switch|p1a: Isaac|Palafin-Hero, F|100\/100\n|-damage|p1a: Isaac|88\/100|[from] Stealth Rock\n|-damage|p1a: Isaac|71\/100|[from] Spikes\n|-activate|p1a: Isaac|ability: Zero to Hero\n|turn|32\n|\n|t:|1701139361\n|move|p1a: Isaac|Jet Punch|p2a: Skeledirge\n|-supereffective|p2a: Skeledirge\n|-damage|p2a: Skeledirge|0 fnt\n|faint|p2a: Skeledirge\n|\n|-heal|p1a: Isaac|78\/100|[from] item: Leftovers\n|upkeep\n|\n|t:|1701139368\n|switch|p2a: Glimmora|Glimmora, M|100\/100\n|turn|33\n|\n|t:|1701139377\n|switch|p1a: Eve|Politoed, F, tera:Steel|64\/100\n|-damage|p1a: Eve|58\/100|[from] Stealth Rock\n|-damage|p1a: Eve|41\/100|[from] Spikes\n|-weather|RainDance|[from] ability: Drizzle|[of] p1a: Eve\n|move|p2a: Glimmora|Mortal Spin|p1a: Eve\n|-immune|p1a: Eve\n|\n|-weather|RainDance|[upkeep]\n|upkeep\n|turn|34\n|\n|t:|1701139386\n|switch|p2a: Scream Tail|Scream Tail, shiny|82\/100\n|move|p1a: Eve|Whirlpool|p2a: Scream Tail\n|-damage|p2a: Scream Tail|73\/100\n|-activate|p2a: Scream Tail|move: Whirlpool|[of] p1a: Eve\n|\n|-weather|RainDance|[upkeep]\n|-heal|p2a: Scream Tail|79\/100|[from] item: Leftovers\n|-damage|p2a: Scream Tail|66\/100|[from] move: Whirlpool|[partiallytrapped]\n|upkeep\n|turn|35\n|\n|t:|1701139395\n|move|p2a: Scream Tail|Encore|p1a: Eve\n|-start|p1a: Eve|Encore\n|move|p1a: Eve|Whirlpool|p2a: Scream Tail\n|-damage|p2a: Scream Tail|57\/100\n|\n|-weather|RainDance|[upkeep]\n|-heal|p2a: Scream Tail|63\/100|[from] item: Leftovers\n|-damage|p2a: Scream Tail|51\/100|[from] move: Whirlpool|[partiallytrapped]\n|upkeep\n|turn|36\n|\n|t:|1701139415\n|switch|p1a: Isaac|Palafin-Hero, F|78\/100\n|-damage|p1a: Isaac|65\/100|[from] Stealth Rock\n|-damage|p1a: Isaac|49\/100|[from] Spikes\n|move|p2a: Scream Tail|Wish|p2a: Scream Tail\n|\n|-weather|RainDance|[upkeep]\n|-heal|p2a: Scream Tail|57\/100|[from] item: Leftovers\n|-heal|p1a: Isaac|55\/100|[from] item: Leftovers\n|-end|p2a: Scream Tail|Whirlpool|[partiallytrapped]|[silent]\n|upkeep\n|turn|37\n|\n|t:|1701139426\n|move|p2a: Scream Tail|Protect|p2a: Scream Tail\n|-singleturn|p2a: Scream Tail|Protect\n|move|p1a: Isaac|Jet Punch|p2a: Scream Tail\n|-activate|p2a: Scream Tail|move: Protect\n|\n|-weather|none\n|-heal|p2a: Scream Tail|100\/100|[from] move: Wish|[wisher] Scream Tail\n|-heal|p1a: Isaac|61\/100|[from] item: Leftovers\n|upkeep\n|turn|38\n|\n|t:|1701139437\n|move|p2a: Scream Tail|Wish|p2a: Scream Tail\n|move|p1a: Isaac|Bulk Up|p1a: Isaac\n|-boost|p1a: Isaac|atk|1\n|-boost|p1a: Isaac|def|1\n|\n|-heal|p1a: Isaac|67\/100|[from] item: Leftovers\n|upkeep\n|turn|39\n|\n|t:|1701139445\n|move|p1a: Isaac|Jet Punch|p2a: Scream Tail\n|-damage|p2a: Scream Tail|49\/100\n|move|p2a: Scream Tail|Dazzling Gleam|p1a: Isaac\n|-crit|p1a: Isaac\n|-damage|p1a: Isaac|40\/100\n|\n|-heal|p2a: Scream Tail|99\/100|[from] move: Wish|[wisher] Scream Tail\n|-heal|p2a: Scream Tail|100\/100|[from] item: Leftovers\n|-heal|p1a: Isaac|46\/100|[from] item: Leftovers\n|upkeep\n|turn|40\n|\n|t:|1701139456\n|move|p2a: Scream Tail|Encore|p1a: Isaac\n|-start|p1a: Isaac|Encore\n|move|p1a: Isaac|Jet Punch|p2a: Scream Tail\n|-damage|p2a: Scream Tail|56\/100\n|\n|-heal|p2a: Scream Tail|62\/100|[from] item: Leftovers\n|-heal|p1a: Isaac|52\/100|[from] item: Leftovers\n|upkeep\n|turn|41\n|\n|t:|1701139462\n|move|p1a: Isaac|Jet Punch|p2a: Scream Tail\n|-crit|p2a: Scream Tail\n|-damage|p2a: Scream Tail|0 fnt\n|faint|p2a: Scream Tail\n|-end|p2a: Scream Tail|Protosynthesis|[silent]\n|\n|-heal|p1a: Isaac|58\/100|[from] item: Leftovers\n|upkeep\n|\n|t:|1701139467\n|switch|p2a: Glimmora|Glimmora, M|100\/100\n|turn|42\n|\n|t:|1701139472\n|move|p1a: Isaac|Jet Punch|p2a: Glimmora\n|-supereffective|p2a: Glimmora\n|-enditem|p2a: Glimmora|Focus Sash\n|-damage|p2a: Glimmora|1\/100\n|-activate|p2a: Glimmora|ability: Toxic Debris\n|-sidestart|p1: H0ME|move: Toxic Spikes\n|move|p2a: Glimmora|Mortal Spin|p1a: Isaac\n|-damage|p1a: Isaac|54\/100\n|-status|p1a: Isaac|psn\n|\n|-heal|p1a: Isaac|61\/100 psn|[from] item: Leftovers\n|-damage|p1a: Isaac|48\/100 psn|[from] psn\n|-end|p1a: Isaac|Encore\n|upkeep\n|turn|43\n|\n|t:|1701139475\n|move|p1a: Isaac|Jet Punch|p2a: Glimmora\n|-supereffective|p2a: Glimmora\n|-damage|p2a: Glimmora|0 fnt\n|-activate|p2a: Glimmora|ability: Toxic Debris\n|-sidestart|p1: H0ME|move: Toxic Spikes\n|faint|p2a: Glimmora\n|\n|-heal|p1a: Isaac|54\/100 psn|[from] item: Leftovers\n|-damage|p1a: Isaac|42\/100 psn|[from] psn\n|upkeep\n|\n|t:|1701139480\n|switch|p2a: Ditto|Ditto|100\/100\n|-transform|p2a: Ditto|p1a: Isaac|[from] ability: Imposter\n|turn|44\n|\n|t:|1701139491\n|move|p2a: Ditto|Jet Punch|p1a: Isaac\n|-resisted|p1a: Isaac\n|-damage|p1a: Isaac|25\/100 psn\n|move|p1a: Isaac|Zen Headbutt|p2a: Ditto\n|-damage|p2a: Ditto|59\/100\n|\n|-heal|p1a: Isaac|32\/100 psn|[from] item: Leftovers\n|-damage|p1a: Isaac|19\/100 psn|[from] psn\n|upkeep\n|turn|45\n|\n|t:|1701139498\n|move|p2a: Ditto|Jet Punch|p1a: Isaac\n|-resisted|p1a: Isaac\n|-damage|p1a: Isaac|2\/100 psn\n|move|p1a: Isaac|Jet Punch|p2a: Ditto\n|-resisted|p2a: Ditto\n|-damage|p2a: Ditto|35\/100\n|\n|-heal|p1a: Isaac|8\/100 psn|[from] item: Leftovers\n|-damage|p1a: Isaac|0 fnt|[from] psn\n|faint|p1a: Isaac\n|upkeep\n|\n|t:|1701139499\n|switch|p1a: Eve|Politoed, F, tera:Steel|41\/100\n|-damage|p1a: Eve|35\/100|[from] Stealth Rock\n|-damage|p1a: Eve|19\/100|[from] Spikes\n|-weather|RainDance|[from] ability: Drizzle|[of] p1a: Eve\n|turn|46\n|\n|t:|1701139503\n|move|p1a: Eve|Protect|p1a: Eve\n|-singleturn|p1a: Eve|Protect\n|move|p2a: Ditto|Jet Punch|p1a: Eve\n|-activate|p1a: Eve|move: Protect\n|\n|-weather|RainDance|[upkeep]\n|upkeep\n|turn|47\n|c|\u2606EvanEndi|gg man\n|\n|t:|1701139509\n|move|p1a: Eve|Protect||[still]\n|-fail|p1a: Eve\n|move|p2a: Ditto|Jet Punch|p1a: Eve\n|-damage|p1a: Eve|0 fnt\n|faint|p1a: Eve\n|\n|win|EvanEndi\n|c|\u2606H0ME|Gg\n","uploadtime":1701139517,"views":25,"p1id":"h0me","p2id":"evanendi","formatid":"gen9nationaldexubers","rating":0,"private":0,"password":""}