{"id":"gen9nationaldexubers-1991150295","p1":"Piotrfau","p2":"John-Halsey","format":"[Gen 9] National Dex Ubers","log":"|j|\u2606Piotrfau\n|j|\u2606John-Halsey\n|t:|1700050472\n|gametype|singles\n|player|p1|Piotrfau|norman|1185\n|player|p2|John-Halsey|veteran|1210\n|teamsize|p1|6\n|teamsize|p2|6\n|gen|9\n|tier|[Gen 9] National Dex Ubers\n|rated|\n|rule|HP Percentage Mod: HP is shown in percentages\n|rule|Endless Battle Clause: Forcing endless battles is banned\n|rule|OHKO Clause: OHKO moves are banned\n|rule|Evasion Moves Clause: Evasion moves are banned\n|rule|Evasion Items Clause: Evasion items are banned\n|rule|Species Clause: Limit one of each Pok\u00e9mon\n|rule|Sleep Clause Mod: Limit one foe put to sleep\n|rule|Mega Rayquaza Clause: You cannot mega evolve Rayquaza\n|clearpoke\n|poke|p1|Kartana|\n|poke|p1|Xurkitree|\n|poke|p1|Naganadel|\n|poke|p1|Blacephalon|\n|poke|p1|Buzzwole|\n|poke|p1|Celesteela|\n|poke|p2|Kyurem-White|\n|poke|p2|Ninetales-Alola, F|\n|poke|p2|Altaria, F|\n|poke|p2|Arcanine, M|\n|poke|p2|Blissey, F|\n|poke|p2|Espeon, F|\n|teampreview\n|inactive|Battle timer is ON: inactive players will automatically lose when time's up. (requested by Piotrfau)\n|\n|t:|1700050480\n|start\n|switch|p1a: Celesteela|Celesteela|100\/100\n|switch|p2a: Ninetales|Ninetales-Alola, F|100\/100\n|-weather|Snow|[from] ability: Snow Warning|[of] p2a: Ninetales\n|turn|1\n|\n|t:|1700050489\n|move|p2a: Ninetales|Aurora Veil|p2a: Ninetales\n|-sidestart|p2: John-Halsey|move: Aurora Veil\n|move|p1a: Celesteela|Toxic|p2a: Ninetales\n|-status|p2a: Ninetales|tox\n|\n|-weather|Snow|[upkeep]\n|-damage|p2a: Ninetales|94\/100 tox|[from] psn\n|upkeep\n|turn|2\n|\n|t:|1700050506\n|switch|p2a: Espeon|Espeon, F|100\/100\n|move|p1a: Celesteela|Leech Seed|p2a: Espeon\n|move|p2a: Espeon|Leech Seed|p1a: Celesteela|[from]ability: Magic Bounce|[miss]\n|-miss|p2a: Espeon|p1a: Celesteela\n|\n|-weather|Snow|[upkeep]\n|upkeep\n|turn|3\n|\n|t:|1700050522\n|switch|p1a: Buzzwole|Buzzwole|100\/100\n|move|p2a: Espeon|Power Gem|p1a: Buzzwole\n|-damage|p1a: Buzzwole|77\/100\n|\n|-weather|Snow|[upkeep]\n|-heal|p1a: Buzzwole|84\/100|[from] item: Leftovers\n|upkeep\n|turn|4\n|\n|t:|1700050529\n|move|p2a: Espeon|Psychic|p1a: Buzzwole\n|-supereffective|p1a: Buzzwole\n|-damage|p1a: Buzzwole|0 fnt\n|faint|p1a: Buzzwole\n|\n|-weather|Snow|[upkeep]\n|upkeep\n|\n|t:|1700050540\n|switch|p1a: Blacephalon|Blacephalon|100\/100\n|turn|5\n|\n|t:|1700050559\n|switch|p2a: Blissey|Blissey, F|100\/100\n|move|p1a: Blacephalon|Shadow Ball|p2a: Blissey\n|-immune|p2a: Blissey\n|\n|-weather|none\n|upkeep\n|turn|6\n|\n|t:|1700050568\n|switch|p1a: Kartana|Kartana|100\/100\n|move|p2a: Blissey|Stealth Rock|p1a: Kartana\n|-sidestart|p1: Piotrfau|move: Stealth Rock\n|\n|upkeep\n|turn|7\n|\n|t:|1700050585\n|switch|p2a: Arcanine|Arcanine, M|100\/100\n|-ability|p2a: Arcanine|Intimidate|boost\n|-unboost|p1a: Kartana|atk|1\n|move|p1a: Kartana|Sacred Sword|p2a: Arcanine\n|-damage|p2a: Arcanine|83\/100\n|\n|upkeep\n|turn|8\n|\n|t:|1700050598\n|switch|p1a: Naganadel|Naganadel|100\/100\n|-damage|p1a: Naganadel|88\/100|[from] Stealth Rock\n|move|p2a: Arcanine|Flare Blitz|p1a: Naganadel\n|-resisted|p1a: Naganadel\n|-damage|p1a: Naganadel|34\/100\n|-status|p1a: Naganadel|brn\n|-damage|p2a: Arcanine|68\/100|[from] Recoil\n|-damage|p2a: Arcanine|58\/100|[from] item: Life Orb\n|\n|-damage|p1a: Naganadel|28\/100 brn|[from] brn\n|-sideend|p2: John-Halsey|move: Aurora Veil\n|upkeep\n|turn|9\n|\n|t:|1700050610\n|move|p2a: Arcanine|Extreme Speed|p1a: Naganadel\n|-damage|p1a: Naganadel|0 fnt\n|faint|p1a: Naganadel\n|-damage|p2a: Arcanine|48\/100|[from] item: Life Orb\n|\n|upkeep\n|\n|t:|1700050619\n|switch|p1a: Kartana|Kartana|100\/100\n|-damage|p1a: Kartana|94\/100|[from] Stealth Rock\n|turn|10\n|-message|Piotrfau forfeited.\n|\n|win|John-Halsey\n|raw|Piotrfau's rating: 1185 &rarr; <strong>1162<\/strong><br \/>(-23 for losing)\n|raw|John-Halsey's rating: 1210 &rarr; <strong>1233<\/strong><br \/>(+23 for winning)\n|l|\u2606Piotrfau\n","uploadtime":1700050645,"views":12,"p1id":"piotrfau","p2id":"johnhalsey","formatid":"gen9nationaldexubers","rating":1162,"private":0,"password":""}