{"id":"gen9nationaldexubers-1999479341","p1":"Mirfrfrfr","p2":"kelpines","format":"[Gen 9] National Dex Ubers","log":"|j|\u2606Mirfrfrfr\n|j|\u2606kelpines\n|t:|1701086781\n|gametype|singles\n|player|p1|Mirfrfrfr|ethan|1000\n|player|p2|kelpines|pilot|1007\n|teamsize|p1|6\n|teamsize|p2|6\n|gen|9\n|tier|[Gen 9] National Dex Ubers\n|rated|\n|rule|HP Percentage Mod: HP is shown in percentages\n|rule|Endless Battle Clause: Forcing endless battles is banned\n|rule|OHKO Clause: OHKO moves are banned\n|rule|Evasion Moves Clause: Evasion moves are banned\n|rule|Evasion Items Clause: Evasion items are banned\n|rule|Species Clause: Limit one of each Pok\u00e9mon\n|rule|Sleep Clause Mod: Limit one foe put to sleep\n|rule|Mega Rayquaza Clause: You cannot mega evolve Rayquaza\n|clearpoke\n|poke|p1|Gholdengo|\n|poke|p1|Annihilape, F|\n|poke|p1|Dragapult, F|\n|poke|p1|Lunala|\n|poke|p1|Sableye, F|\n|poke|p1|Hoopa|\n|poke|p2|Gliscor, M|\n|poke|p2|Heracross, M|\n|poke|p2|Flutter Mane|\n|poke|p2|Cloyster, F|\n|poke|p2|Ursaluna-Bloodmoon, M|\n|poke|p2|Kingambit, F|\n|teampreview\n|inactive|Battle timer is ON: inactive players will automatically lose when time's up. (requested by kelpines)\n|\n|t:|1701086789\n|start\n|switch|p1a: Dragapult|Dragapult, F, shiny|100\/100\n|switch|p2a: Cloyster|Cloyster, F|100\/100\n|turn|1\n|j| imsolus.\n|\n|t:|1701086800\n|move|p1a: Dragapult|Dragon Dance|p1a: Dragapult\n|-boost|p1a: Dragapult|atk|1\n|-boost|p1a: Dragapult|spe|1\n|move|p2a: Cloyster|Shell Smash|p2a: Cloyster\n|-unboost|p2a: Cloyster|def|1\n|-unboost|p2a: Cloyster|spd|1\n|-boost|p2a: Cloyster|atk|2\n|-boost|p2a: Cloyster|spa|2\n|-boost|p2a: Cloyster|spe|2\n|-enditem|p2a: Cloyster|White Herb\n|-clearnegativeboost|p2a: Cloyster|[silent]\n|\n|upkeep\n|turn|2\n|\n|t:|1701086811\n|-terastallize|p1a: Dragapult|Ghost\n|move|p1a: Dragapult|Dragon Darts|p2a: Cloyster\n|-damage|p2a: Cloyster|53\/100\n|-anim|p1a: Dragapult|Dragon Darts|p2a: Cloyster\n|-damage|p2a: Cloyster|6\/100\n|-damage|p1a: Dragapult|91\/100|[from] item: Life Orb\n|move|p2a: Cloyster|Icicle Spear|p1a: Dragapult\n|-damage|p1a: Dragapult|62\/100\n|-damage|p1a: Dragapult|32\/100\n|-damage|p1a: Dragapult|1\/100\n|-crit|p1a: Dragapult\n|-damage|p1a: Dragapult|0 fnt\n|faint|p1a: Dragapult\n|-hitcount|p1: Dragapult|4\n|\n|upkeep\n|\n|t:|1701086827\n|switch|p1a: Gholdengo|Gholdengo, shiny|100\/100\n|turn|3\n|\n|t:|1701086844\n|move|p2a: Cloyster|Rock Blast|p1a: Gholdengo\n|-resisted|p1a: Gholdengo\n|-damage|p1a: Gholdengo|93\/100\n|-resisted|p1a: Gholdengo\n|-damage|p1a: Gholdengo|86\/100\n|-resisted|p1a: Gholdengo\n|-damage|p1a: Gholdengo|77\/100\n|-resisted|p1a: Gholdengo\n|-damage|p1a: Gholdengo|70\/100\n|-resisted|p1a: Gholdengo\n|-damage|p1a: Gholdengo|62\/100\n|-hitcount|p1a: Gholdengo|5\n|move|p1a: Gholdengo|Shadow Ball|p2a: Cloyster\n|-damage|p2a: Cloyster|0 fnt\n|faint|p2a: Cloyster\n|\n|upkeep\n|\n|t:|1701086849\n|switch|p2a: Heracross|Heracross, M|100\/100\n|turn|4\n|\n|t:|1701086861\n|move|p1a: Gholdengo|Shadow Ball|p2a: Heracross\n|-damage|p2a: Heracross|18\/100\n|move|p2a: Heracross|Close Combat|p1a: Gholdengo\n|-immune|p1a: Gholdengo\n|\n|upkeep\n|turn|5\n|\n|t:|1701086871\n|detailschange|p2a: Heracross|Heracross-Mega, M\n|-mega|p2a: Heracross|Heracross|Heracronite\n|move|p1a: Gholdengo|Shadow Ball|p2a: Heracross\n|-damage|p2a: Heracross|0 fnt\n|faint|p2a: Heracross\n|\n|upkeep\n|\n|t:|1701086875\n|switch|p2a: Gliscor|Gliscor, M|100\/100\n|turn|6\n|\n|t:|1701086884\n|move|p1a: Gholdengo|Shadow Ball|p2a: Gliscor\n|-crit|p2a: Gliscor\n|-damage|p2a: Gliscor|0 fnt\n|faint|p2a: Gliscor\n|\n|upkeep\n|\n|t:|1701086889\n|switch|p2a: Ursaluna|Ursaluna-Bloodmoon, M|100\/100\n|turn|7\n|\n|t:|1701086894\n|-terastallize|p2a: Ursaluna|Ground\n|move|p1a: Gholdengo|Shadow Ball|p2a: Ursaluna\n|-damage|p2a: Ursaluna|0 fnt\n|faint|p2a: Ursaluna\n|\n|upkeep\n|\n|t:|1701086902\n|switch|p2a: Flutter Mane|Flutter Mane|100\/100\n|turn|8\n|\n|t:|1701086907\n|move|p2a: Flutter Mane|Moonblast|p1a: Gholdengo\n|-resisted|p1a: Gholdengo\n|-damage|p1a: Gholdengo|36\/100\n|move|p1a: Gholdengo|Shadow Ball|p2a: Flutter Mane\n|-supereffective|p2a: Flutter Mane\n|-enditem|p2a: Flutter Mane|Focus Sash\n|-damage|p2a: Flutter Mane|1\/100\n|\n|upkeep\n|turn|9\n|\n|t:|1701086917\n|move|p2a: Flutter Mane|Dark Pulse|p1a: Gholdengo\n|-supereffective|p1a: Gholdengo\n|-damage|p1a: Gholdengo|0 fnt\n|faint|p1a: Gholdengo\n|\n|upkeep\n|\n|t:|1701086925\n|switch|p1a: Hoopa|Hoopa|100\/100\n|turn|10\n|\n|t:|1701086934\n|move|p2a: Flutter Mane|Dark Pulse|p1a: Hoopa\n|-supereffective|p1a: Hoopa\n|-damage|p1a: Hoopa|2\/100\n|-zpower|p1a: Hoopa\n|move|p1a: Hoopa|Never-Ending Nightmare|p2a: Flutter Mane|[zeffect]\n|-supereffective|p2a: Flutter Mane\n|-damage|p2a: Flutter Mane|0 fnt\n|faint|p2a: Flutter Mane\n|-end|p2a: Flutter Mane|Protosynthesis|[silent]\n|\n|upkeep\n|\n|t:|1701086942\n|switch|p2a: Kingambit|Kingambit, F|100\/100\n|-activate|p2a: Kingambit|ability: Supreme Overlord\n|-start|p2a: Kingambit|fallen5|[silent]\n|turn|11\n|\n|t:|1701086956\n|move|p1a: Hoopa|Focus Blast|p2a: Kingambit|[miss]\n|-miss|p1a: Hoopa|p2a: Kingambit\n|move|p2a: Kingambit|Kowtow Cleave|p1a: Hoopa\n|-supereffective|p1a: Hoopa\n|-damage|p1a: Hoopa|0 fnt\n|faint|p1a: Hoopa\n|\n|upkeep\n|\n|t:|1701086966\n|switch|p1a: Lunala|Lunala|100\/100\n|turn|12\n|\n|t:|1701086971\n|move|p1a: Lunala|Moongeist Beam|p2a: Kingambit\n|-resisted|p2a: Kingambit\n|-damage|p2a: Kingambit|71\/100\n|move|p2a: Kingambit|Kowtow Cleave|p1a: Lunala\n|-supereffective|p1a: Lunala\n|-damage|p1a: Lunala|0 fnt\n|faint|p1a: Lunala\n|\n|upkeep\n|\n|t:|1701086980\n|switch|p1a: Sableye|Sableye, F|100\/100\n|turn|13\n|\n|t:|1701086992\n|detailschange|p1a: Sableye|Sableye-Mega, F\n|-mega|p1a: Sableye|Sableye|Sablenite\n|move|p1a: Sableye|Protect|p1a: Sableye\n|-singleturn|p1a: Sableye|Protect\n|move|p2a: Kingambit|Flash Cannon|p1a: Sableye\n|-activate|p1a: Sableye|move: Protect\n|\n|upkeep\n|turn|14\n|\n|t:|1701087001\n|move|p2a: Kingambit|Flash Cannon|p1a: Sableye\n|-damage|p1a: Sableye|78\/100\n|-unboost|p1a: Sableye|spd|1\n|move|p1a: Sableye|Double-Edge|p2a: Kingambit\n|-resisted|p2a: Kingambit\n|-damage|p2a: Kingambit|62\/100\n|-damage|p1a: Sableye|75\/100|[from] Recoil\n|\n|upkeep\n|turn|15\n|\n|t:|1701087011\n|move|p2a: Kingambit|Kowtow Cleave|p1a: Sableye\n|-damage|p1a: Sableye|21\/100\n|move|p1a: Sableye|Knock Off|p2a: Kingambit\n|-resisted|p2a: Kingambit\n|-damage|p2a: Kingambit|54\/100\n|\n|upkeep\n|turn|16\n|\n|t:|1701087020\n|move|p2a: Kingambit|Flash Cannon|p1a: Sableye\n|-damage|p1a: Sableye|0 fnt\n|faint|p1a: Sableye\n|\n|upkeep\n|\n|t:|1701087026\n|switch|p1a: Annihilape|Annihilape, F, shiny|100\/100\n|turn|17\n|\n|t:|1701087030\n|move|p1a: Annihilape|Bulk Up|p1a: Annihilape\n|-boost|p1a: Annihilape|atk|1\n|-boost|p1a: Annihilape|def|1\n|-zpower|p2a: Kingambit\n|move|p2a: Kingambit|Supersonic Skystrike|p1a: Annihilape|[zeffect]\n|-supereffective|p1a: Annihilape\n|-damage|p1a: Annihilape|57\/100\n|\n|-heal|p1a: Annihilape|63\/100|[from] item: Leftovers\n|upkeep\n|turn|18\n|\n|t:|1701087048\n|move|p1a: Annihilape|Drain Punch|p2a: Kingambit\n|-supereffective|p2a: Kingambit\n|-damage|p2a: Kingambit|0 fnt\n|-heal|p1a: Annihilape|86\/100|[from] drain|[of] p2a: Kingambit\n|faint|p2a: Kingambit\n|-end|p2a: Kingambit|fallen5|[silent]\n|\n|win|Mirfrfrfr\n|raw|Mirfrfrfr's rating: 1000 &rarr; <strong>1041<\/strong><br \/>(+41 for winning)\n|raw|kelpines's rating: 1007 &rarr; <strong>1000<\/strong><br \/>(-7 for losing)\n","uploadtime":1701087059,"views":30,"p1id":"mirfrfrfr","p2id":"kelpines","formatid":"gen9nationaldexubers","rating":1000,"private":0,"password":""}