{"id":"gen9nationaldexubers-1978217159","p1":"Irfanayan","p2":"85792195wwww","format":"[Gen 9] National Dex Ubers","log":"|j|\u2606Irfanayan\n|j|\u260685792195wwww\n|t:|1698513613\n|gametype|singles\n|player|p1|Irfanayan|266|1607\n|player|p2|85792195wwww|lady|1830\n|teamsize|p1|6\n|teamsize|p2|6\n|gen|9\n|tier|[Gen 9] National Dex Ubers\n|rated|\n|rule|HP Percentage Mod: HP is shown in percentages\n|rule|Endless Battle Clause: Forcing endless battles is banned\n|rule|OHKO Clause: OHKO moves are banned\n|rule|Evasion Moves Clause: Evasion moves are banned\n|rule|Evasion Items Clause: Evasion items are banned\n|rule|Species Clause: Limit one of each Pok\u00e9mon\n|rule|Sleep Clause Mod: Limit one foe put to sleep\n|rule|Mega Rayquaza Clause: You cannot mega evolve Rayquaza\n|clearpoke\n|poke|p1|Hatterene, F|\n|poke|p1|Calyrex-Ice|\n|poke|p1|Ursaluna, F|\n|poke|p1|Groudon|\n|poke|p1|Kyogre|\n|poke|p1|Arceus|\n|poke|p2|Calyrex-Ice|\n|poke|p2|Groudon|\n|poke|p2|Krookodile, F|\n|poke|p2|Xerneas-*|\n|poke|p2|Zacian-*|\n|poke|p2|Arceus|\n|teampreview\n|inactive|Battle timer is ON: inactive players will automatically lose when time's up. (requested by Irfanayan)\n|\n|t:|1698513630\n|start\n|switch|p1a: Hatterene|Hatterene, F|100\/100\n|switch|p2a: Arceus|Arceus|100\/100\n|turn|1\n|\n|t:|1698513637\n|move|p2a: Arceus|Extreme Speed|p1a: Hatterene\n|-damage|p1a: Hatterene|40\/100\n|-damage|p2a: Arceus|91\/100|[from] item: Life Orb\n|move|p1a: Hatterene|Trick Room|p1a: Hatterene\n|-fieldstart|move: Trick Room|[of] p1a: Hatterene\n|\n|upkeep\n|turn|2\n|\n|t:|1698513645\n|move|p1a: Hatterene|Misty Explosion|p2a: Arceus\n|-damage|p2a: Arceus|47\/100\n|faint|p1a: Hatterene\n|move|p2a: Arceus|Swords Dance|p2a: Arceus\n|-boost|p2a: Arceus|atk|2\n|\n|upkeep\n|\n|t:|1698513665\n|switch|p1a: Calyrex|Calyrex-Ice|100\/100\n|-ability|p1a: Calyrex|As One\n|-ability|p1a: Calyrex|Unnerve\n|turn|3\n|\n|t:|1698513672\n|move|p2a: Arceus|Extreme Speed|p1a: Calyrex\n|-damage|p1a: Calyrex|39\/100\n|-damage|p2a: Arceus|37\/100|[from] item: Life Orb\n|move|p1a: Calyrex|Glacial Lance|p2a: Arceus\n|-damage|p2a: Arceus|0 fnt\n|faint|p2a: Arceus\n|-ability|p1a: Calyrex|Chilling Neigh|boost\n|-boost|p1a: Calyrex|atk|1\n|\n|upkeep\n|\n|t:|1698513683\n|switch|p2a: Krookodile|Krookodile, F|100\/100\n|-ability|p2a: Krookodile|Intimidate|boost\n|-unboost|p1a: Calyrex|atk|1\n|turn|4\n|\n|t:|1698513699\n|move|p1a: Calyrex|Glacial Lance|p2a: Krookodile\n|-supereffective|p2a: Krookodile\n|-enditem|p2a: Krookodile|Focus Sash\n|-damage|p2a: Krookodile|1\/100\n|move|p2a: Krookodile|Stealth Rock|p1a: Calyrex\n|-sidestart|p1: Irfanayan|move: Stealth Rock\n|\n|upkeep\n|turn|5\n|\n|t:|1698513708\n|switch|p2a: Calyrex|Calyrex-Ice|100\/100\n|-ability|p2a: Calyrex|As One\n|-ability|p2a: Calyrex|Unnerve\n|move|p1a: Calyrex|Encore||[still]\n|-fail|p1a: Calyrex\n|\n|-fieldend|move: Trick Room\n|upkeep\n|turn|6\n|\n|t:|1698513722\n|switch|p1a: Groudon|Groudon|100\/100\n|-damage|p1a: Groudon|94\/100|[from] Stealth Rock\n|detailschange|p1a: Groudon|Groudon-Primal\n|-primal|p1a: Groudon|Red Orb\n|-weather|DesolateLand|[from] ability: Desolate Land|[of] p1a: Groudon\n|move|p2a: Calyrex|Swords Dance|p2a: Calyrex\n|-boost|p2a: Calyrex|atk|2\n|\n|-weather|DesolateLand|[upkeep]\n|upkeep\n|turn|7\n|\n|t:|1698513734\n|move|p2a: Calyrex|High Horsepower|p1a: Groudon\n|-supereffective|p1a: Groudon\n|-damage|p1a: Groudon|7\/100\n|move|p1a: Groudon|Fire Punch|p2a: Calyrex\n|-supereffective|p2a: Calyrex\n|-damage|p2a: Calyrex|0 fnt\n|faint|p2a: Calyrex\n|\n|-weather|DesolateLand|[upkeep]\n|upkeep\n|\n|t:|1698513748\n|switch|p2a: Xerneas|Xerneas|100\/100\n|-ability|p2a: Xerneas|Fairy Aura\n|turn|8\n|\n|t:|1698513755\n|move|p2a: Xerneas|Geomancy||[still]\n|-prepare|p2a: Xerneas|Geomancy\n|-enditem|p2a: Xerneas|Power Herb\n|-anim|p2a: Xerneas|Geomancy|p2a: Xerneas\n|-boost|p2a: Xerneas|spa|2\n|-boost|p2a: Xerneas|spd|2\n|-boost|p2a: Xerneas|spe|2\n|move|p1a: Groudon|Fire Punch|p2a: Xerneas\n|-damage|p2a: Xerneas|36\/100\n|\n|-weather|DesolateLand|[upkeep]\n|upkeep\n|turn|9\n|\n|t:|1698513766\n|move|p2a: Xerneas|Moonblast|p1a: Groudon\n|-resisted|p1a: Groudon\n|-damage|p1a: Groudon|0 fnt\n|faint|p1a: Groudon\n|-weather|none\n|\n|upkeep\n|\n|t:|1698513785\n|switch|p1a: Kyogre|Kyogre|100\/100\n|-damage|p1a: Kyogre|88\/100|[from] Stealth Rock\n|detailschange|p1a: Kyogre|Kyogre-Primal\n|-primal|p1a: Kyogre|Blue Orb\n|-weather|PrimordialSea|[from] ability: Primordial Sea|[of] p1a: Kyogre\n|turn|10\n|\n|t:|1698513793\n|move|p2a: Xerneas|Moonblast|p1a: Kyogre\n|-damage|p1a: Kyogre|0 fnt\n|faint|p1a: Kyogre\n|-weather|none\n|\n|upkeep\n|\n|t:|1698513806\n|switch|p1a: Arceus|Arceus|100\/100\n|-damage|p1a: Arceus|88\/100|[from] Stealth Rock\n|turn|11\n|\n|t:|1698513814\n|-terastallize|p1a: Arceus|Poison\n|move|p2a: Xerneas|Moonblast|p1a: Arceus\n|-resisted|p1a: Arceus\n|-damage|p1a: Arceus|43\/100\n|move|p1a: Arceus|Trick Room|p1a: Arceus\n|-fieldstart|move: Trick Room|[of] p1a: Arceus\n|\n|upkeep\n|turn|12\n|\n|t:|1698513824\n|move|p1a: Arceus|Healing Wish|p1a: Arceus\n|faint|p1a: Arceus\n|move|p2a: Xerneas|Moonblast|p1: Arceus|[notarget]\n|-fail|p2a: Xerneas\n|\n|upkeep\n|\n|t:|1698513830\n|switch|p1a: Calyrex|Calyrex-Ice|39\/100\n|-ability|p1a: Calyrex|As One\n|-ability|p1a: Calyrex|Unnerve\n|-heal|p1a: Calyrex|100\/100|[from] move: Healing Wish\n|-damage|p1a: Calyrex|75\/100|[from] Stealth Rock\n|turn|13\n|\n|t:|1698513840\n|switch|p2a: Zacian|Zacian-Crowned|100\/100\n|-ability|p2a: Zacian|Intrepid Sword|boost\n|-boost|p2a: Zacian|atk|1\n|move|p1a: Calyrex|Glacial Lance|p2a: Zacian\n|-resisted|p2a: Zacian\n|-damage|p2a: Zacian|55\/100\n|\n|upkeep\n|turn|14\n|\n|t:|1698513862\n|-terastallize|p2a: Zacian|Fighting\n|move|p1a: Calyrex|High Horsepower|p2a: Zacian\n|-damage|p2a: Zacian|12\/100\n|move|p2a: Zacian|Behemoth Blade|p1a: Calyrex\n|-supereffective|p1a: Calyrex\n|-damage|p1a: Calyrex|0 fnt\n|faint|p1a: Calyrex\n|\n|upkeep\n|\n|t:|1698513873\n|switch|p1a: Ursaluna|Ursaluna, F|100\/100\n|-damage|p1a: Ursaluna|94\/100|[from] Stealth Rock\n|turn|15\n|\n|t:|1698513879\n|switch|p2a: Krookodile|Krookodile, F|1\/100\n|-ability|p2a: Krookodile|Intimidate|boost\n|-unboost|p1a: Ursaluna|atk|1\n|move|p1a: Ursaluna|Yawn|p2a: Krookodile\n|-start|p2a: Krookodile|move: Yawn|[of] p1a: Ursaluna\n|\n|-fieldend|move: Trick Room\n|-status|p1a: Ursaluna|brn|[from] item: Flame Orb\n|upkeep\n|turn|16\n|\n|t:|1698513896\n|switch|p2a: Groudon|Groudon|100\/100\n|detailschange|p2a: Groudon|Groudon-Primal\n|-primal|p2a: Groudon|Red Orb\n|-weather|DesolateLand|[from] ability: Desolate Land|[of] p2a: Groudon\n|move|p1a: Ursaluna|Ice Punch|p2a: Groudon\n|-damage|p2a: Groudon|82\/100\n|\n|-weather|DesolateLand|[upkeep]\n|-damage|p1a: Ursaluna|88\/100 brn|[from] brn\n|upkeep\n|turn|17\n|\n|t:|1698513911\n|-weather|none\n|switch|p2a: Krookodile|Krookodile, F|1\/100\n|-ability|p2a: Krookodile|Intimidate|boost\n|-unboost|p1a: Ursaluna|atk|1\n|move|p1a: Ursaluna|Facade|p2a: Krookodile\n|-damage|p2a: Krookodile|0 fnt\n|faint|p2a: Krookodile\n|\n|-damage|p1a: Ursaluna|82\/100 brn|[from] brn\n|upkeep\n|\n|t:|1698513923\n|switch|p2a: Zacian|Zacian-Crowned, tera:Fighting|12\/100\n|turn|18\n|inactive|85792195wwww has 120 seconds left.\n|\n|t:|1698513954\n|move|p2a: Zacian|Close Combat|p1a: Ursaluna\n|-supereffective|p1a: Ursaluna\n|-damage|p1a: Ursaluna|0 fnt\n|-unboost|p2a: Zacian|def|1\n|-unboost|p2a: Zacian|spd|1\n|faint|p1a: Ursaluna\n|\n|win|85792195wwww\n|raw|Irfanayan's rating: 1607 &rarr; <strong>1598<\/strong><br \/>(-9 for losing)\n|raw|85792195wwww's rating: 1830 &rarr; <strong>1839<\/strong><br \/>(+9 for winning)\n|l|\u2606Irfanayan\n","uploadtime":1698513962,"views":11,"p1id":"irfanayan","p2id":"85792195wwww","formatid":"gen9nationaldexubers","rating":1598,"private":0,"password":""}