{"id":"gen9nationaldexubers-1986625549","p1":"erefsd","p2":"knightmare69420","format":"[Gen 9] National Dex Ubers","log":"|j|\u203derefsd\n|j|\u2606knightmare69420\n|t:|1699499374\n|gametype|singles\n|player|p1|erefsd|170|1086\n|player|p2|knightmare69420|102|1041\n|teamsize|p1|6\n|teamsize|p2|6\n|gen|9\n|tier|[Gen 9] National Dex Ubers\n|rated|\n|rule|HP Percentage Mod: HP is shown in percentages\n|rule|Endless Battle Clause: Forcing endless battles is banned\n|rule|OHKO Clause: OHKO moves are banned\n|rule|Evasion Moves Clause: Evasion moves are banned\n|rule|Evasion Items Clause: Evasion items are banned\n|rule|Species Clause: Limit one of each Pok\u00e9mon\n|rule|Sleep Clause Mod: Limit one foe put to sleep\n|rule|Mega Rayquaza Clause: You cannot mega evolve Rayquaza\n|clearpoke\n|poke|p1|Arceus-Ground|\n|poke|p1|Necrozma-Dusk-Mane|\n|poke|p1|Groudon|\n|poke|p1|Ho-Oh|\n|poke|p1|Eternatus|\n|poke|p1|Mawile, F|\n|poke|p2|Eternatus|\n|poke|p2|Zacian-*|\n|poke|p2|Blissey, F|\n|poke|p2|Palkia|\n|poke|p2|Zygarde|\n|poke|p2|Ho-Oh|\n|teampreview\n|inactive|Battle timer is ON: inactive players will automatically lose when time's up. (requested by erefsd)\n|\n|t:|1699499384\n|start\n|switch|p1a: Groudon|Groudon|100\/100\n|switch|p2a: Blissey|Blissey, F, shiny|100\/100\n|detailschange|p1a: Groudon|Groudon-Primal\n|-primal|p1a: Groudon|Red Orb\n|-weather|DesolateLand|[from] ability: Desolate Land|[of] p1a: Groudon\n|turn|1\n|\n|t:|1699499398\n|move|p1a: Groudon|Lava Plume|p2a: Blissey\n|-damage|p2a: Blissey|82\/100\n|-status|p2a: Blissey|brn\n|move|p2a: Blissey|Stealth Rock|p1a: Groudon\n|-sidestart|p1: erefsd|move: Stealth Rock\n|\n|-weather|DesolateLand|[upkeep]\n|-damage|p2a: Blissey|75\/100 brn|[from] brn\n|upkeep\n|turn|2\n|\n|t:|1699499409\n|switch|p2a: Palkia|Palkia|100\/100\n|-ability|p2a: Palkia|Pressure\n|move|p1a: Groudon|Ancient Power|p2a: Palkia\n|-damage|p2a: Palkia|88\/100\n|\n|-weather|DesolateLand|[upkeep]\n|upkeep\n|turn|3\n|\n|t:|1699499423\n|-weather|none\n|switch|p1a: Eternatus|Eternatus|100\/100\n|-damage|p1a: Eternatus|88\/100|[from] Stealth Rock\n|-ability|p1a: Eternatus|Pressure\n|move|p2a: Palkia|Surf|p1a: Eternatus\n|-resisted|p1a: Eternatus\n|-damage|p1a: Eternatus|59\/100\n|\n|upkeep\n|turn|4\n|\n|t:|1699499433\n|move|p1a: Eternatus|Dynamax Cannon|p2a: Palkia\n|-supereffective|p2a: Palkia\n|-damage|p2a: Palkia|0 fnt\n|faint|p2a: Palkia\n|\n|upkeep\n|\n|t:|1699499440\n|switch|p2a: Eternatus|Eternatus|100\/100\n|-ability|p2a: Eternatus|Pressure\n|turn|5\n|\n|t:|1699499447\n|move|p1a: Eternatus|Meteor Beam||[still]\n|-prepare|p1a: Eternatus|Meteor Beam\n|-boost|p1a: Eternatus|spa|1\n|-enditem|p1a: Eternatus|Power Herb\n|-anim|p1a: Eternatus|Meteor Beam|p2a: Eternatus\n|-damage|p2a: Eternatus|46\/100\n|move|p2a: Eternatus|Dynamax Cannon|p1a: Eternatus\n|-supereffective|p1a: Eternatus\n|-damage|p1a: Eternatus|0 fnt\n|faint|p1a: Eternatus\n|-damage|p2a: Eternatus|36\/100|[from] item: Life Orb\n|\n|upkeep\n|\n|t:|1699499457\n|switch|p1a: Ho-Oh|Ho-Oh|100\/100\n|turn|6\n|\n|t:|1699499462\n|move|p2a: Eternatus|Dynamax Cannon|p1a: Ho-Oh\n|-damage|p1a: Ho-Oh|60\/100\n|-damage|p2a: Eternatus|27\/100|[from] item: Life Orb\n|move|p1a: Ho-Oh|Defog|p2a: Eternatus\n|-unboost|p2a: Eternatus|evasion|1\n|-sideend|p1: erefsd|Stealth Rock|[from] move: Defog|[of] p1a: Ho-Oh\n|\n|upkeep\n|turn|7\n|\n|t:|1699499475\n|move|p2a: Eternatus|Toxic Spikes|p1a: Ho-Oh\n|-sidestart|p1: erefsd|move: Toxic Spikes\n|move|p1a: Ho-Oh|Brave Bird|p2a: Eternatus\n|-damage|p2a: Eternatus|0 fnt\n|faint|p2a: Eternatus\n|-damage|p1a: Ho-Oh|50\/100|[from] Recoil\n|\n|upkeep\n|\n|t:|1699499486\n|switch|p2a: Zygarde|Zygarde, shiny|100\/100\n|turn|8\n|\n|t:|1699499493\n|move|p2a: Zygarde|Rock Slide|p1a: Ho-Oh\n|-supereffective|p1a: Ho-Oh\n|-damage|p1a: Ho-Oh|0 fnt\n|faint|p1a: Ho-Oh\n|\n|upkeep\n|\n|t:|1699499512\n|switch|p1a: Mawile|Mawile, F|100\/100\n|-ability|p1a: Mawile|Intimidate|boost\n|-unboost|p2a: Zygarde|atk|1\n|turn|9\n|\n|t:|1699499522\n|switch|p2a: Zacian|Zacian-Crowned, shiny|100\/100\n|-ability|p2a: Zacian|Intrepid Sword|boost\n|-boost|p2a: Zacian|atk|1\n|detailschange|p1a: Mawile|Mawile-Mega, F\n|-mega|p1a: Mawile|Mawile|Mawilite\n|move|p1a: Mawile|Ice Punch|p2a: Zacian\n|-resisted|p2a: Zacian\n|-damage|p2a: Zacian|82\/100\n|\n|upkeep\n|turn|10\n|\n|t:|1699499536\n|switch|p1a: Groudon|Groudon-Primal|100\/100\n|-status|p1a: Groudon|psn\n|-weather|DesolateLand|[from] ability: Desolate Land|[of] p1a: Groudon\n|move|p2a: Zacian|Behemoth Blade|p1a: Groudon\n|-resisted|p1a: Groudon\n|-damage|p1a: Groudon|77\/100 psn\n|\n|-weather|DesolateLand|[upkeep]\n|-damage|p1a: Groudon|64\/100 psn|[from] psn\n|upkeep\n|turn|11\n|\n|t:|1699499550\n|move|p2a: Zacian|Close Combat|p1a: Groudon\n|-damage|p1a: Groudon|23\/100 psn\n|-unboost|p2a: Zacian|def|1\n|-unboost|p2a: Zacian|spd|1\n|move|p1a: Groudon|Lava Plume|p2a: Zacian\n|-supereffective|p2a: Zacian\n|-damage|p2a: Zacian|0 fnt\n|faint|p2a: Zacian\n|\n|-weather|DesolateLand|[upkeep]\n|-damage|p1a: Groudon|11\/100 psn|[from] psn\n|upkeep\n|\n|t:|1699499560\n|switch|p2a: Zygarde|Zygarde, shiny|100\/100\n|turn|12\n|\n|t:|1699499566\n|move|p1a: Groudon|Precipice Blades|p2a: Zygarde\n|-damage|p2a: Zygarde|57\/100\n|move|p2a: Zygarde|Rock Slide|p1a: Groudon\n|-damage|p1a: Groudon|0 fnt\n|faint|p1a: Groudon\n|-weather|none\n|\n|upkeep\n|\n|t:|1699499573\n|switch|p1a: Mawile|Mawile-Mega, F|100\/100\n|turn|13\n|\n|t:|1699499578\n|switch|p2a: Ho-Oh|Ho-Oh, shiny|100\/100\n|move|p1a: Mawile|Ice Punch|p2a: Ho-Oh\n|-damage|p2a: Ho-Oh|50\/100\n|\n|-heal|p2a: Ho-Oh|56\/100|[from] item: Leftovers\n|upkeep\n|turn|14\n|\n|t:|1699499588\n|move|p2a: Ho-Oh|Thunder Wave|p1a: Mawile\n|-status|p1a: Mawile|par\n|cant|p1a: Mawile|par\n|\n|-heal|p2a: Ho-Oh|62\/100|[from] item: Leftovers\n|upkeep\n|turn|15\n|\n|t:|1699499595\n|move|p2a: Ho-Oh|Sacred Fire|p1a: Mawile\n|-supereffective|p1a: Mawile\n|-crit|p1a: Mawile\n|-damage|p1a: Mawile|0 fnt\n|faint|p1a: Mawile\n|\n|-heal|p2a: Ho-Oh|68\/100|[from] item: Leftovers\n|upkeep\n|\n|t:|1699499603\n|switch|p1a: Necrozma|Necrozma-Dusk-Mane|100\/100\n|turn|16\n|\n|t:|1699499606\n|move|p2a: Ho-Oh|Sacred Fire|p1a: Necrozma\n|-supereffective|p1a: Necrozma\n|-damage|p1a: Necrozma|52\/100\n|-status|p1a: Necrozma|brn\n|move|p1a: Necrozma|Toxic|p2a: Ho-Oh\n|-status|p2a: Ho-Oh|tox\n|\n|-heal|p2a: Ho-Oh|74\/100 tox|[from] item: Leftovers\n|-heal|p1a: Necrozma|58\/100 brn|[from] item: Leftovers\n|-damage|p2a: Ho-Oh|68\/100 tox|[from] psn\n|-damage|p1a: Necrozma|52\/100 brn|[from] brn\n|upkeep\n|turn|17\n|\n|t:|1699499618\n|move|p2a: Ho-Oh|Sacred Fire|p1a: Necrozma\n|-supereffective|p1a: Necrozma\n|-damage|p1a: Necrozma|1\/100 brn\n|move|p1a: Necrozma|Morning Sun|p1a: Necrozma\n|-heal|p1a: Necrozma|51\/100 brn\n|\n|-heal|p2a: Ho-Oh|74\/100 tox|[from] item: Leftovers\n|-heal|p1a: Necrozma|57\/100 brn|[from] item: Leftovers\n|-damage|p2a: Ho-Oh|62\/100 tox|[from] psn\n|-damage|p1a: Necrozma|51\/100 brn|[from] brn\n|upkeep\n|turn|18\n|\n|t:|1699499629\n|move|p2a: Ho-Oh|Sacred Fire|p1a: Necrozma\n|-supereffective|p1a: Necrozma\n|-damage|p1a: Necrozma|7\/100 brn\n|move|p1a: Necrozma|Morning Sun|p1a: Necrozma\n|-heal|p1a: Necrozma|57\/100 brn\n|\n|-heal|p2a: Ho-Oh|68\/100 tox|[from] item: Leftovers\n|-heal|p1a: Necrozma|63\/100 brn|[from] item: Leftovers\n|-damage|p2a: Ho-Oh|50\/100 tox|[from] psn\n|-damage|p1a: Necrozma|57\/100 brn|[from] brn\n|upkeep\n|turn|19\n|\n|t:|1699499643\n|move|p2a: Ho-Oh|Roost|p2a: Ho-Oh\n|-heal|p2a: Ho-Oh|99\/100 tox\n|-singleturn|p2a: Ho-Oh|move: Roost\n|move|p1a: Necrozma|Morning Sun|p1a: Necrozma\n|-heal|p1a: Necrozma|100\/100 brn\n|\n|-heal|p2a: Ho-Oh|100\/100 tox|[from] item: Leftovers\n|-damage|p2a: Ho-Oh|76\/100 tox|[from] psn\n|-damage|p1a: Necrozma|94\/100 brn|[from] brn\n|upkeep\n|turn|20\n|\n|t:|1699499665\n|move|p2a: Ho-Oh|Thunder Wave||[still]\n|-fail|p2a: Ho-Oh\n|move|p1a: Necrozma|Sunsteel Strike|p2a: Ho-Oh\n|-resisted|p2a: Ho-Oh\n|-damage|p2a: Ho-Oh|64\/100 tox\n|\n|-heal|p2a: Ho-Oh|70\/100 tox|[from] item: Leftovers\n|-heal|p1a: Necrozma|100\/100 brn|[from] item: Leftovers\n|-damage|p2a: Ho-Oh|40\/100 tox|[from] psn\n|-damage|p1a: Necrozma|94\/100 brn|[from] brn\n|upkeep\n|turn|21\n|\n|t:|1699499676\n|move|p2a: Ho-Oh|Roost|p2a: Ho-Oh\n|-heal|p2a: Ho-Oh|90\/100 tox\n|-singleturn|p2a: Ho-Oh|move: Roost\n|move|p1a: Necrozma|Morning Sun|p1a: Necrozma\n|-heal|p1a: Necrozma|100\/100 brn\n|\n|-heal|p2a: Ho-Oh|96\/100 tox|[from] item: Leftovers\n|-damage|p2a: Ho-Oh|60\/100 tox|[from] psn\n|-damage|p1a: Necrozma|94\/100 brn|[from] brn\n|upkeep\n|turn|22\n|\n|t:|1699499688\n|switch|p1a: Arceus|Arceus-Ground|100\/100\n|-status|p1a: Arceus|psn\n|move|p2a: Ho-Oh|Thunder Wave|p1a: Arceus\n|-immune|p1a: Arceus\n|\n|-heal|p2a: Ho-Oh|66\/100 tox|[from] item: Leftovers\n|-damage|p1a: Arceus|88\/100 psn|[from] psn\n|-damage|p2a: Ho-Oh|23\/100 tox|[from] psn\n|upkeep\n|turn|23\n|\n|t:|1699499700\n|move|p1a: Arceus|Judgment|p2a: Ho-Oh\n|-immune|p2a: Ho-Oh\n|move|p2a: Ho-Oh|Roost|p2a: Ho-Oh\n|-heal|p2a: Ho-Oh|74\/100 tox\n|-singleturn|p2a: Ho-Oh|move: Roost\n|\n|-heal|p2a: Ho-Oh|80\/100 tox|[from] item: Leftovers\n|-damage|p1a: Arceus|76\/100 psn|[from] psn\n|-damage|p2a: Ho-Oh|31\/100 tox|[from] psn\n|upkeep\n|turn|24\n|\n|t:|1699499710\n|switch|p2a: Blissey|Blissey, F, shiny|75\/100 brn\n|move|p1a: Arceus|Taunt|p2a: Blissey\n|-start|p2a: Blissey|move: Taunt\n|\n|-damage|p1a: Arceus|63\/100 psn|[from] psn\n|-damage|p2a: Blissey|69\/100 brn|[from] brn\n|upkeep\n|turn|25\n|\n|t:|1699499719\n|switch|p1a: Necrozma|Necrozma-Dusk-Mane|94\/100 brn\n|move|p2a: Blissey|Ice Punch|p1a: Necrozma\n|-resisted|p1a: Necrozma\n|-damage|p1a: Necrozma|94\/100 brn\n|\n|-heal|p1a: Necrozma|99\/100 brn|[from] item: Leftovers\n|-damage|p1a: Necrozma|94\/100 brn|[from] brn\n|-damage|p2a: Blissey|63\/100 brn|[from] brn\n|upkeep\n|turn|26\n|\n|t:|1699499731\n|move|p1a: Necrozma|Toxic||[still]\n|-fail|p1a: Necrozma\n|move|p2a: Blissey|Fire Blast|p1a: Necrozma\n|-supereffective|p1a: Necrozma\n|-damage|p1a: Necrozma|70\/100 brn\n|\n|-heal|p1a: Necrozma|76\/100 brn|[from] item: Leftovers\n|-damage|p1a: Necrozma|70\/100 brn|[from] brn\n|-damage|p2a: Blissey|57\/100 brn|[from] brn\n|-end|p2a: Blissey|move: Taunt\n|upkeep\n|turn|27\n|\n|t:|1699499741\n|move|p1a: Necrozma|Earthquake|p2a: Blissey\n|-damage|p2a: Blissey|23\/100 brn\n|move|p2a: Blissey|Heal Bell|p2a: Blissey\n|-activate|p2a: Blissey|move: Heal Bell\n|-curestatus|p2a: Blissey|brn|[msg]\n|-curestatus|p2: Ho-Oh|tox|[msg]\n|\n|-heal|p1a: Necrozma|76\/100 brn|[from] item: Leftovers\n|-damage|p1a: Necrozma|70\/100 brn|[from] brn\n|upkeep\n|turn|28\n|\n|t:|1699499751\n|switch|p2a: Zygarde|Zygarde, shiny|57\/100\n|move|p1a: Necrozma|Earthquake|p2a: Zygarde\n|-damage|p2a: Zygarde|45\/100\n|\n|-heal|p1a: Necrozma|76\/100 brn|[from] item: Leftovers\n|-damage|p1a: Necrozma|70\/100 brn|[from] brn\n|-activate|p2a: Zygarde|ability: Power Construct\n|detailschange|p2a: Zygarde|Zygarde-Complete, shiny\n|-heal|p2a: Zygarde|64\/100|[silent]\n|upkeep\n|turn|29\n|\n|t:|1699499762\n|move|p2a: Zygarde|Outrage|p1a: Necrozma\n|-resisted|p1a: Necrozma\n|-damage|p1a: Necrozma|52\/100 brn\n|move|p1a: Necrozma|Toxic|p2a: Zygarde\n|-status|p2a: Zygarde|tox\n|\n|-heal|p1a: Necrozma|58\/100 brn|[from] item: Leftovers\n|-damage|p2a: Zygarde|58\/100 tox|[from] psn\n|-damage|p1a: Necrozma|52\/100 brn|[from] brn\n|upkeep\n|turn|30\n|\n|t:|1699499776\n|move|p2a: Zygarde|Outrage|p1a: Necrozma|[from]lockedmove\n|-resisted|p1a: Necrozma\n|-damage|p1a: Necrozma|36\/100 brn\n|-start|p2a: Zygarde|confusion|[fatigue]\n|move|p1a: Necrozma|Earthquake|p2a: Zygarde\n|-damage|p2a: Zygarde|51\/100 tox\n|\n|-heal|p1a: Necrozma|42\/100 brn|[from] item: Leftovers\n|-damage|p2a: Zygarde|39\/100 tox|[from] psn\n|-damage|p1a: Necrozma|36\/100 brn|[from] brn\n|upkeep\n|turn|31\n|\n|t:|1699499789\n|switch|p2a: Ho-Oh|Ho-Oh, shiny|64\/100\n|move|p1a: Necrozma|Morning Sun|p1a: Necrozma\n|-heal|p1a: Necrozma|86\/100 brn\n|\n|-heal|p2a: Ho-Oh|70\/100|[from] item: Leftovers\n|-heal|p1a: Necrozma|92\/100 brn|[from] item: Leftovers\n|-damage|p1a: Necrozma|86\/100 brn|[from] brn\n|upkeep\n|turn|32\n|\n|t:|1699499799\n|move|p2a: Ho-Oh|Sacred Fire|p1a: Necrozma\n|-supereffective|p1a: Necrozma\n|-crit|p1a: Necrozma\n|-damage|p1a: Necrozma|12\/100 brn\n|move|p1a: Necrozma|Toxic|p2a: Ho-Oh\n|-status|p2a: Ho-Oh|tox\n|\n|-heal|p2a: Ho-Oh|76\/100 tox|[from] item: Leftovers\n|-heal|p1a: Necrozma|18\/100 brn|[from] item: Leftovers\n|-damage|p2a: Ho-Oh|70\/100 tox|[from] psn\n|-damage|p1a: Necrozma|12\/100 brn|[from] brn\n|upkeep\n|turn|33\n|\n|t:|1699499812\n|switch|p1a: Arceus|Arceus-Ground|63\/100 psn\n|move|p2a: Ho-Oh|Sacred Fire|p1a: Arceus\n|-damage|p1a: Arceus|36\/100 psn\n|\n|-heal|p2a: Ho-Oh|76\/100 tox|[from] item: Leftovers\n|-damage|p1a: Arceus|23\/100 psn|[from] psn\n|-damage|p2a: Ho-Oh|64\/100 tox|[from] psn\n|upkeep\n|turn|34\n|\n|t:|1699499826\n|move|p1a: Arceus|Recover|p1a: Arceus\n|-heal|p1a: Arceus|73\/100 psn\n|move|p2a: Ho-Oh|Sacred Fire|p1a: Arceus\n|-damage|p1a: Arceus|46\/100 psn\n|\n|-heal|p2a: Ho-Oh|70\/100 tox|[from] item: Leftovers\n|-damage|p1a: Arceus|33\/100 psn|[from] psn\n|-damage|p2a: Ho-Oh|52\/100 tox|[from] psn\n|upkeep\n|turn|35\n|\n|t:|1699499853\n|switch|p2a: Blissey|Blissey, F, shiny|23\/100\n|move|p1a: Arceus|Recover|p1a: Arceus\n|-heal|p1a: Arceus|83\/100 psn\n|\n|-damage|p1a: Arceus|71\/100 psn|[from] psn\n|upkeep\n|turn|36\n|\n|t:|1699499861\n|move|p1a: Arceus|Judgment|p2a: Blissey\n|-damage|p2a: Blissey|7\/100\n|move|p2a: Blissey|Ice Punch|p1a: Arceus\n|-supereffective|p1a: Arceus\n|-damage|p1a: Arceus|66\/100 psn\n|\n|-damage|p1a: Arceus|54\/100 psn|[from] psn\n|upkeep\n|turn|37\n|\n|t:|1699499874\n|move|p1a: Arceus|Judgment|p2a: Blissey\n|-damage|p2a: Blissey|0 fnt\n|faint|p2a: Blissey\n|\n|-damage|p1a: Arceus|42\/100 psn|[from] psn\n|upkeep\n|\n|t:|1699499881\n|switch|p2a: Ho-Oh|Ho-Oh, shiny|85\/100 tox\n|turn|38\n|\n|t:|1699499885\n|move|p1a: Arceus|Recover|p1a: Arceus\n|-heal|p1a: Arceus|92\/100 psn\n|move|p2a: Ho-Oh|Sacred Fire|p1a: Arceus\n|-damage|p1a: Arceus|66\/100 psn\n|\n|-heal|p2a: Ho-Oh|92\/100 tox|[from] item: Leftovers\n|-damage|p1a: Arceus|53\/100 psn|[from] psn\n|-damage|p2a: Ho-Oh|85\/100 tox|[from] psn\n|upkeep\n|turn|39\n|\n|t:|1699499898\n|move|p1a: Arceus|Recover|p1a: Arceus\n|-heal|p1a: Arceus|100\/100 psn\n|move|p2a: Ho-Oh|Thunder Wave|p1a: Arceus\n|-immune|p1a: Arceus\n|\n|-heal|p2a: Ho-Oh|92\/100 tox|[from] item: Leftovers\n|-damage|p1a: Arceus|88\/100 psn|[from] psn\n|-damage|p2a: Ho-Oh|79\/100 tox|[from] psn\n|upkeep\n|turn|40\n|\n|t:|1699499908\n|switch|p2a: Zygarde|Zygarde-Complete, shiny|39\/100 tox\n|move|p1a: Arceus|Recover|p1a: Arceus\n|-heal|p1a: Arceus|100\/100 psn\n|\n|-damage|p1a: Arceus|88\/100 psn|[from] psn\n|-damage|p2a: Zygarde|32\/100 tox|[from] psn\n|upkeep\n|turn|41\n|\n|t:|1699499919\n|move|p1a: Arceus|Judgment|p2a: Zygarde\n|-damage|p2a: Zygarde|1\/100 tox\n|move|p2a: Zygarde|Outrage|p1a: Arceus\n|-damage|p1a: Arceus|58\/100 psn\n|\n|-damage|p1a: Arceus|45\/100 psn|[from] psn\n|-damage|p2a: Zygarde|0 fnt|[from] psn\n|faint|p2a: Zygarde\n|upkeep\n|\n|t:|1699499927\n|switch|p2a: Ho-Oh|Ho-Oh, shiny|100\/100 tox\n|turn|42\n|\n|t:|1699499943\n|move|p1a: Arceus|Recover|p1a: Arceus\n|-heal|p1a: Arceus|96\/100 psn\n|move|p2a: Ho-Oh|Defog|p1a: Arceus\n|-unboost|p1a: Arceus|evasion|1\n|-sideend|p1: erefsd|Toxic Spikes|[from] move: Defog|[of] p2a: Ho-Oh\n|\n|-damage|p1a: Arceus|83\/100 psn|[from] psn\n|-damage|p2a: Ho-Oh|94\/100 tox|[from] psn\n|upkeep\n|turn|43\n|\n|t:|1699499963\n|switch|p1a: Necrozma|Necrozma-Dusk-Mane|12\/100 brn\n|move|p2a: Ho-Oh|Defog|p1a: Necrozma\n|-unboost|p1a: Necrozma|evasion|1\n|\n|-heal|p2a: Ho-Oh|100\/100 tox|[from] item: Leftovers\n|-heal|p1a: Necrozma|18\/100 brn|[from] item: Leftovers\n|-damage|p2a: Ho-Oh|88\/100 tox|[from] psn\n|-damage|p1a: Necrozma|12\/100 brn|[from] brn\n|upkeep\n|turn|44\n|\n|t:|1699499979\n|move|p2a: Ho-Oh|Defog|p1a: Necrozma\n|-unboost|p1a: Necrozma|evasion|1\n|move|p1a: Necrozma|Sunsteel Strike|p2a: Ho-Oh\n|-resisted|p2a: Ho-Oh\n|-damage|p2a: Ho-Oh|77\/100 tox\n|\n|-heal|p2a: Ho-Oh|83\/100 tox|[from] item: Leftovers\n|-heal|p1a: Necrozma|18\/100 brn|[from] item: Leftovers\n|-damage|p2a: Ho-Oh|65\/100 tox|[from] psn\n|-damage|p1a: Necrozma|12\/100 brn|[from] brn\n|upkeep\n|turn|45\n|\n|t:|1699499992\n|move|p2a: Ho-Oh|Thunder Wave||[still]\n|-fail|p2a: Ho-Oh\n|move|p1a: Necrozma|Earthquake|p2a: Ho-Oh\n|-immune|p2a: Ho-Oh\n|\n|-heal|p2a: Ho-Oh|71\/100 tox|[from] item: Leftovers\n|-heal|p1a: Necrozma|18\/100 brn|[from] item: Leftovers\n|-damage|p2a: Ho-Oh|46\/100 tox|[from] psn\n|-damage|p1a: Necrozma|12\/100 brn|[from] brn\n|upkeep\n|turn|46\n|\n|t:|1699500002\n|move|p2a: Ho-Oh|Roost|p2a: Ho-Oh\n|-heal|p2a: Ho-Oh|97\/100 tox\n|-singleturn|p2a: Ho-Oh|move: Roost\n|move|p1a: Necrozma|Earthquake|p2a: Ho-Oh\n|-supereffective|p2a: Ho-Oh\n|-damage|p2a: Ho-Oh|61\/100 tox\n|\n|-heal|p2a: Ho-Oh|67\/100 tox|[from] item: Leftovers\n|-heal|p1a: Necrozma|18\/100 brn|[from] item: Leftovers\n|-damage|p2a: Ho-Oh|36\/100 tox|[from] psn\n|-damage|p1a: Necrozma|12\/100 brn|[from] brn\n|upkeep\n|turn|47\n|\n|t:|1699500014\n|move|p2a: Ho-Oh|Roost|p2a: Ho-Oh\n|-heal|p2a: Ho-Oh|87\/100 tox\n|-singleturn|p2a: Ho-Oh|move: Roost\n|move|p1a: Necrozma|Earthquake|p2a: Ho-Oh\n|-supereffective|p2a: Ho-Oh\n|-damage|p2a: Ho-Oh|55\/100 tox\n|\n|-heal|p2a: Ho-Oh|61\/100 tox|[from] item: Leftovers\n|-heal|p1a: Necrozma|18\/100 brn|[from] item: Leftovers\n|-damage|p2a: Ho-Oh|25\/100 tox|[from] psn\n|-damage|p1a: Necrozma|12\/100 brn|[from] brn\n|upkeep\n|turn|48\n|\n|t:|1699500027\n|move|p2a: Ho-Oh|Roost|p2a: Ho-Oh\n|-heal|p2a: Ho-Oh|75\/100 tox\n|-singleturn|p2a: Ho-Oh|move: Roost\n|move|p1a: Necrozma|Earthquake|p2a: Ho-Oh\n|-supereffective|p2a: Ho-Oh\n|-damage|p2a: Ho-Oh|41\/100 tox\n|\n|-heal|p2a: Ho-Oh|47\/100 tox|[from] item: Leftovers\n|-heal|p1a: Necrozma|18\/100 brn|[from] item: Leftovers\n|-damage|p2a: Ho-Oh|4\/100 tox|[from] psn\n|-damage|p1a: Necrozma|12\/100 brn|[from] brn\n|upkeep\n|turn|49\n|\n|t:|1699500040\n|move|p2a: Ho-Oh|Roost|p2a: Ho-Oh\n|-heal|p2a: Ho-Oh|54\/100 tox\n|-singleturn|p2a: Ho-Oh|move: Roost\n|move|p1a: Necrozma|Earthquake|p2a: Ho-Oh\n|-supereffective|p2a: Ho-Oh\n|-damage|p2a: Ho-Oh|19\/100 tox\n|\n|-heal|p2a: Ho-Oh|25\/100 tox|[from] item: Leftovers\n|-heal|p1a: Necrozma|18\/100 brn|[from] item: Leftovers\n|-damage|p2a: Ho-Oh|0 fnt|[from] psn\n|faint|p2a: Ho-Oh\n|\n|win|erefsd\n|upkeep\n|raw|erefsd's rating: 1086 &rarr; <strong>1110<\/strong><br \/>(+24 for winning)\n|raw|knightmare69420's rating: 1041 &rarr; <strong>1027<\/strong><br \/>(-14 for losing)\n|l|\u203derefsd\n","uploadtime":1699500054,"views":6,"p1id":"erefsd","p2id":"knightmare69420","formatid":"gen9nationaldexubers","rating":1027,"private":0,"password":""}