{"id":"gen9nationaldexubers-1983946108","p1":"sb kky","p2":"nfyhsueryfgius","format":"[Gen 9] National Dex Ubers","log":"|j|\u2606sb kky\n|j|\u2606nfyhsueryfgius\n|t:|1699202852\n|gametype|singles\n|player|p1|sb kky|cynthia|1581\n|player|p2|nfyhsueryfgius|ghetsis|1743\n|teamsize|p1|6\n|teamsize|p2|6\n|gen|9\n|tier|[Gen 9] National Dex Ubers\n|rated|\n|rule|HP Percentage Mod: HP is shown in percentages\n|rule|Endless Battle Clause: Forcing endless battles is banned\n|rule|OHKO Clause: OHKO moves are banned\n|rule|Evasion Moves Clause: Evasion moves are banned\n|rule|Evasion Items Clause: Evasion items are banned\n|rule|Species Clause: Limit one of each Pok\u00e9mon\n|rule|Sleep Clause Mod: Limit one foe put to sleep\n|rule|Mega Rayquaza Clause: You cannot mega evolve Rayquaza\n|clearpoke\n|poke|p1|Ditto|\n|poke|p1|Ho-Oh|\n|poke|p1|Kyogre|\n|poke|p1|Zacian-*|\n|poke|p1|Alomomola, F|\n|poke|p1|Necrozma-Dusk-Mane|\n|poke|p2|Eternatus|\n|poke|p2|Arceus-Ground|\n|poke|p2|Ho-Oh|\n|poke|p2|Groudon|\n|poke|p2|Yveltal|\n|poke|p2|Xerneas-*|\n|teampreview\n|inactive|Battle timer is ON: inactive players will automatically lose when time's up. (requested by sb kky)\n|\n|t:|1699202872\n|start\n|switch|p1a: Necrozma|Necrozma-Dusk-Mane|100\/100\n|switch|p2a: Arceus|Arceus-Ground|100\/100\n|turn|1\n|j| cheese miestro\n|\n|t:|1699202882\n|detailschange|p1a: Necrozma|Necrozma-Ultra\n|-burst|p1a: Necrozma|Necrozma|Ultranecrozium Z\n|move|p2a: Arceus|Swords Dance|p2a: Arceus\n|-boost|p2a: Arceus|atk|2\n|move|p1a: Necrozma|Dragon Dance|p1a: Necrozma\n|-boost|p1a: Necrozma|atk|1\n|-boost|p1a: Necrozma|spe|1\n|\n|upkeep\n|turn|2\n|\n|t:|1699202887\n|switch|p2a: Yveltal|Yveltal|100\/100\n|-ability|p2a: Yveltal|Dark Aura\n|-zpower|p1a: Necrozma\n|move|p1a: Necrozma|Light That Burns the Sky|p2a: Yveltal|[zeffect]\n|-immune|p2a: Yveltal\n|\n|upkeep\n|turn|3\n|\n|t:|1699202890\n|move|p1a: Necrozma|Sunsteel Strike|p2a: Yveltal\n|-damage|p2a: Yveltal|51\/100\n|move|p2a: Yveltal|Foul Play|p1a: Necrozma\n|-supereffective|p1a: Necrozma\n|-damage|p1a: Necrozma|0 fnt\n|faint|p1a: Necrozma\n|\n|upkeep\n|\n|t:|1699202894\n|switch|p1a: Ho-Oh|Ho-Oh|100\/100\n|turn|4\n|\n|t:|1699202897\n|switch|p2a: Eternatus|Eternatus|100\/100\n|-ability|p2a: Eternatus|Pressure\n|move|p1a: Ho-Oh|Toxic|p2a: Eternatus\n|-immune|p2a: Eternatus\n|\n|upkeep\n|turn|5\n|\n|t:|1699202915\n|move|p2a: Eternatus|Sludge Bomb|p1a: Ho-Oh\n|-damage|p1a: Ho-Oh|78\/100\n|move|p1a: Ho-Oh|Whirlwind|p2a: Eternatus\n|drag|p2a: Arceus|Arceus-Ground|100\/100\n|\n|upkeep\n|turn|6\n|inactive|nfyhsueryfgius has 120 seconds left.\n|l| cheese miestro\n|\n|t:|1699202950\n|move|p2a: Arceus|Stone Edge|p1a: Ho-Oh\n|-supereffective|p1a: Ho-Oh\n|-damage|p1a: Ho-Oh|0 fnt\n|faint|p1a: Ho-Oh\n|\n|upkeep\n|j| cheese miestro\n|l| cheese miestro\n|\n|t:|1699202976\n|switch|p1a: Kyogre|Kyogre, shiny|100\/100\n|detailschange|p1a: Kyogre|Kyogre-Primal, shiny\n|-primal|p1a: Kyogre|Blue Orb\n|-weather|PrimordialSea|[from] ability: Primordial Sea|[of] p1a: Kyogre\n|turn|7\n|\n|t:|1699202983\n|move|p2a: Arceus|Earthquake|p1a: Kyogre\n|-damage|p1a: Kyogre|49\/100\n|move|p1a: Kyogre|Ice Beam|p2a: Arceus\n|-supereffective|p2a: Arceus\n|-crit|p2a: Arceus\n|-damage|p2a: Arceus|0 fnt\n|faint|p2a: Arceus\n|\n|-weather|PrimordialSea|[upkeep]\n|upkeep\n|\n|t:|1699202989\n|switch|p2a: Groudon|Groudon|100\/100\n|detailschange|p2a: Groudon|Groudon-Primal\n|-primal|p2a: Groudon|Red Orb\n|-weather|DesolateLand|[from] ability: Desolate Land|[of] p2a: Groudon\n|turn|8\n|\n|t:|1699203002\n|move|p1a: Kyogre|Ice Beam|p2a: Groudon\n|-damage|p2a: Groudon|69\/100\n|move|p2a: Groudon|Precipice Blades|p1a: Kyogre|[miss]\n|-miss|p2a: Groudon|p1a: Kyogre\n|\n|-weather|DesolateLand|[upkeep]\n|upkeep\n|turn|9\n|\n|t:|1699203009\n|switch|p1a: Alomomola|Alomomola, F|100\/100\n|move|p2a: Groudon|Precipice Blades|p1a: Alomomola\n|-damage|p1a: Alomomola|63\/100\n|\n|-weather|DesolateLand|[upkeep]\n|-heal|p1a: Alomomola|69\/100|[from] item: Leftovers\n|upkeep\n|turn|10\n|\n|t:|1699203013\n|move|p2a: Groudon|Stealth Rock|p1a: Alomomola\n|-sidestart|p1: sb kky|move: Stealth Rock\n|move|p1a: Alomomola|Wish|p1a: Alomomola\n|\n|-weather|DesolateLand|[upkeep]\n|-heal|p1a: Alomomola|76\/100|[from] item: Leftovers\n|upkeep\n|turn|11\n|\n|t:|1699203020\n|move|p2a: Groudon|Precipice Blades|p1a: Alomomola\n|-damage|p1a: Alomomola|39\/100\n|move|p1a: Alomomola|Toxic|p2a: Groudon\n|-status|p2a: Groudon|tox\n|\n|-weather|DesolateLand|[upkeep]\n|-heal|p1a: Alomomola|89\/100|[from] move: Wish|[wisher] Alomomola\n|-heal|p1a: Alomomola|96\/100|[from] item: Leftovers\n|-damage|p2a: Groudon|62\/100 tox|[from] psn\n|upkeep\n|turn|12\n|\n|t:|1699203042\n|-weather|none\n|switch|p2a: Eternatus|Eternatus|100\/100\n|-ability|p2a: Eternatus|Pressure\n|move|p1a: Alomomola|Wish|p1a: Alomomola\n|\n|-heal|p1a: Alomomola|100\/100|[from] item: Leftovers\n|upkeep\n|turn|13\n|\n|t:|1699203045\n|move|p2a: Eternatus|Sludge Bomb|p1a: Alomomola\n|-damage|p1a: Alomomola|40\/100\n|-status|p1a: Alomomola|psn\n|move|p1a: Alomomola|Flip Turn|p2a: Eternatus\n|-resisted|p2a: Eternatus\n|-damage|p2a: Eternatus|93\/100\n|j| 1 em trach thu\n|\n|t:|1699203048\n|switch|p1a: Kyogre|Kyogre-Primal, shiny|49\/100|[from] Flip Turn\n|-damage|p1a: Kyogre|36\/100|[from] Stealth Rock\n|-weather|PrimordialSea|[from] ability: Primordial Sea|[of] p1a: Kyogre\n|\n|-weather|PrimordialSea|[upkeep]\n|-heal|p1a: Kyogre|100\/100|[from] move: Wish|[wisher] Alomomola\n|upkeep\n|turn|14\n|\n|t:|1699203054\n|move|p2a: Eternatus|Sludge Bomb|p1a: Kyogre\n|-damage|p1a: Kyogre|71\/100\n|move|p1a: Kyogre|Ice Beam|p2a: Eternatus\n|-supereffective|p2a: Eternatus\n|-damage|p2a: Eternatus|19\/100\n|\n|-weather|PrimordialSea|[upkeep]\n|upkeep\n|turn|15\n|\n|t:|1699203062\n|move|p2a: Eternatus|Sludge Bomb|p1a: Kyogre\n|-damage|p1a: Kyogre|45\/100\n|move|p1a: Kyogre|Ice Beam|p2a: Eternatus\n|-supereffective|p2a: Eternatus\n|-damage|p2a: Eternatus|0 fnt\n|faint|p2a: Eternatus\n|\n|-weather|PrimordialSea|[upkeep]\n|upkeep\n|\n|t:|1699203066\n|switch|p2a: Groudon|Groudon-Primal|62\/100 tox\n|-weather|DesolateLand|[from] ability: Desolate Land|[of] p2a: Groudon\n|turn|16\n|\n|t:|1699203093\n|move|p1a: Kyogre|Ice Beam|p2a: Groudon\n|-damage|p2a: Groudon|32\/100 tox\n|move|p2a: Groudon|Precipice Blades|p1a: Kyogre|[miss]\n|-miss|p2a: Groudon|p1a: Kyogre\n|\n|-weather|DesolateLand|[upkeep]\n|-damage|p2a: Groudon|26\/100 tox|[from] psn\n|upkeep\n|turn|17\n|\n|t:|1699203103\n|move|p1a: Kyogre|Ice Beam|p2a: Groudon\n|-damage|p2a: Groudon|0 fnt\n|faint|p2a: Groudon\n|-weather|none\n|\n|upkeep\n|\n|t:|1699203109\n|switch|p2a: Xerneas|Xerneas|100\/100\n|-ability|p2a: Xerneas|Fairy Aura\n|turn|18\n|\n|t:|1699203119\n|move|p2a: Xerneas|Moonblast|p1a: Kyogre\n|-damage|p1a: Kyogre|4\/100\n|move|p1a: Kyogre|Origin Pulse|p2a: Xerneas\n|-damage|p2a: Xerneas|29\/100\n|\n|upkeep\n|turn|19\n|\n|t:|1699203122\n|move|p2a: Xerneas|Moonblast|p1a: Kyogre\n|-damage|p1a: Kyogre|0 fnt\n|faint|p1a: Kyogre\n|\n|upkeep\n|\n|t:|1699203136\n|switch|p1a: Ditto|Ditto, shiny|100\/100\n|-damage|p1a: Ditto|88\/100|[from] Stealth Rock\n|-transform|p1a: Ditto|p2a: Xerneas|[from] ability: Imposter\n|-ability|p1a: Ditto|Fairy Aura\n|turn|20\n|\n|t:|1699203144\n|move|p1a: Ditto|Moonblast|p2a: Xerneas\n|-damage|p2a: Xerneas|0 fnt\n|faint|p2a: Xerneas\n|\n|upkeep\n|\n|t:|1699203146\n|switch|p2a: Ho-Oh|Ho-Oh|100\/100\n|turn|21\n|\n|t:|1699203152\n|switch|p1a: Alomomola|Alomomola, F|74\/100 psn\n|-damage|p1a: Alomomola|61\/100 psn|[from] Stealth Rock\n|move|p2a: Ho-Oh|Whirlwind|p1a: Alomomola\n|drag|p1a: Ditto|Ditto, shiny|88\/100\n|-damage|p1a: Ditto|76\/100|[from] Stealth Rock\n|-transform|p1a: Ditto|p2a: Ho-Oh|[from] ability: Imposter\n|\n|upkeep\n|turn|22\n|\n|t:|1699203160\n|move|p1a: Ditto|Toxic|p2a: Ho-Oh\n|-status|p2a: Ho-Oh|tox\n|move|p2a: Ho-Oh|Toxic|p1a: Ditto\n|-status|p1a: Ditto|tox\n|\n|-damage|p1a: Ditto|70\/100 tox|[from] psn\n|-damage|p2a: Ho-Oh|94\/100 tox|[from] psn\n|upkeep\n|turn|23\n|\n|t:|1699203163\n|switch|p1a: Alomomola|Alomomola, F|95\/100 psn\n|-damage|p1a: Alomomola|82\/100 psn|[from] Stealth Rock\n|move|p2a: Ho-Oh|Sacred Fire|p1a: Alomomola\n|-resisted|p1a: Alomomola\n|-damage|p1a: Alomomola|71\/100 psn\n|\n|-heal|p1a: Alomomola|77\/100 psn|[from] item: Leftovers\n|-damage|p2a: Ho-Oh|82\/100 tox|[from] psn\n|-damage|p1a: Alomomola|64\/100 psn|[from] psn\n|upkeep\n|turn|24\n|\n|t:|1699203167\n|switch|p2a: Yveltal|Yveltal|51\/100\n|-ability|p2a: Yveltal|Dark Aura\n|move|p1a: Alomomola|Wish|p1a: Alomomola\n|\n|-heal|p1a: Alomomola|71\/100 psn|[from] item: Leftovers\n|-damage|p1a: Alomomola|58\/100 psn|[from] psn\n|upkeep\n|turn|25\n|\n|t:|1699203169\n|move|p2a: Yveltal|Taunt|p1a: Alomomola\n|-start|p1a: Alomomola|move: Taunt\n|cant|p1a: Alomomola|move: Taunt|Toxic\n|\n|-heal|p1a: Alomomola|100\/100 psn|[from] move: Wish|[wisher] Alomomola\n|-damage|p1a: Alomomola|88\/100 psn|[from] psn\n|upkeep\n|turn|26\n|\n|t:|1699203171\n|move|p2a: Yveltal|Roost|p2a: Yveltal\n|-heal|p2a: Yveltal|100\/100\n|-singleturn|p2a: Yveltal|move: Roost\n|move|p1a: Alomomola|Flip Turn|p2a: Yveltal\n|-damage|p2a: Yveltal|88\/100\n|\n|t:|1699203174\n|switch|p1a: Ditto|Ditto, shiny|100\/100 tox|[from] Flip Turn\n|-damage|p1a: Ditto|88\/100 tox|[from] Stealth Rock\n|-transform|p1a: Ditto|p2a: Yveltal|[from] ability: Imposter\n|-ability|p1a: Ditto|Dark Aura\n|\n|-damage|p1a: Ditto|82\/100 tox|[from] psn\n|upkeep\n|turn|27\n|\n|t:|1699203181\n|switch|p2a: Ho-Oh|Ho-Oh|100\/100 tox\n|move|p1a: Ditto|Toxic|p2a: Ho-Oh\n|-fail|p2a: Ho-Oh|tox\n|\n|-damage|p1a: Ditto|70\/100 tox|[from] psn\n|-damage|p2a: Ho-Oh|94\/100 tox|[from] psn\n|upkeep\n|turn|28\n|\n|t:|1699203185\n|switch|p1a: Alomomola|Alomomola, F|100\/100 psn\n|-damage|p1a: Alomomola|88\/100 psn|[from] Stealth Rock\n|switch|p2a: Yveltal|Yveltal|88\/100\n|-ability|p2a: Yveltal|Dark Aura\n|\n|-heal|p1a: Alomomola|94\/100 psn|[from] item: Leftovers\n|-damage|p1a: Alomomola|82\/100 psn|[from] psn\n|upkeep\n|turn|29\n|\n|t:|1699203189\n|move|p2a: Yveltal|Taunt|p1a: Alomomola\n|-start|p1a: Alomomola|move: Taunt\n|cant|p1a: Alomomola|move: Taunt|Wish\n|\n|-heal|p1a: Alomomola|88\/100 psn|[from] item: Leftovers\n|-damage|p1a: Alomomola|76\/100 psn|[from] psn\n|upkeep\n|turn|30\n|\n|t:|1699203192\n|move|p2a: Yveltal|Foul Play|p1a: Alomomola\n|-damage|p1a: Alomomola|57\/100 psn\n|move|p1a: Alomomola|Flip Turn|p2a: Yveltal\n|-damage|p2a: Yveltal|76\/100\n|\n|t:|1699203194\n|switch|p1a: Ditto|Ditto, shiny|70\/100 tox|[from] Flip Turn\n|-damage|p1a: Ditto|58\/100 tox|[from] Stealth Rock\n|-transform|p1a: Ditto|p2a: Yveltal|[from] ability: Imposter\n|-ability|p1a: Ditto|Dark Aura\n|\n|-damage|p1a: Ditto|52\/100 tox|[from] psn\n|upkeep\n|turn|31\n|\n|t:|1699203204\n|switch|p2a: Ho-Oh|Ho-Oh|100\/100 tox\n|move|p1a: Ditto|Roost|p1a: Ditto\n|-heal|p1a: Ditto|100\/100 tox\n|-singleturn|p1a: Ditto|move: Roost\n|\n|-damage|p1a: Ditto|88\/100 tox|[from] psn\n|-damage|p2a: Ho-Oh|94\/100 tox|[from] psn\n|upkeep\n|turn|32\n|\n|t:|1699203207\n|switch|p1a: Alomomola|Alomomola, F|90\/100 psn\n|-damage|p1a: Alomomola|78\/100 psn|[from] Stealth Rock\n|switch|p2a: Yveltal|Yveltal|76\/100\n|-ability|p2a: Yveltal|Dark Aura\n|\n|-heal|p1a: Alomomola|84\/100 psn|[from] item: Leftovers\n|-damage|p1a: Alomomola|71\/100 psn|[from] psn\n|upkeep\n|turn|33\n|\n|t:|1699203211\n|move|p2a: Yveltal|Taunt|p1a: Alomomola\n|-start|p1a: Alomomola|move: Taunt\n|cant|p1a: Alomomola|move: Taunt|Toxic\n|\n|-heal|p1a: Alomomola|78\/100 psn|[from] item: Leftovers\n|-damage|p1a: Alomomola|65\/100 psn|[from] psn\n|upkeep\n|turn|34\n|\n|t:|1699203220\n|switch|p2a: Ho-Oh|Ho-Oh|100\/100 tox\n|move|p1a: Alomomola|Flip Turn|p2a: Ho-Oh\n|-supereffective|p2a: Ho-Oh\n|-damage|p2a: Ho-Oh|80\/100 tox\n|\n|t:|1699203222\n|switch|p1a: Ditto|Ditto, shiny|88\/100 tox|[from] Flip Turn\n|-damage|p1a: Ditto|76\/100 tox|[from] Stealth Rock\n|-transform|p1a: Ditto|p2a: Ho-Oh|[from] ability: Imposter\n|\n|-damage|p1a: Ditto|70\/100 tox|[from] psn\n|-damage|p2a: Ho-Oh|74\/100 tox|[from] psn\n|upkeep\n|turn|35\n|\n|t:|1699203223\n|move|p1a: Ditto|Sacred Fire|p2a: Ho-Oh\n|-resisted|p2a: Ho-Oh\n|-damage|p2a: Ho-Oh|59\/100 tox\n|move|p2a: Ho-Oh|Sacred Fire|p1a: Ditto\n|-resisted|p1a: Ditto\n|-crit|p1a: Ditto\n|-damage|p1a: Ditto|39\/100 tox\n|\n|-damage|p1a: Ditto|27\/100 tox|[from] psn\n|-damage|p2a: Ho-Oh|47\/100 tox|[from] psn\n|upkeep\n|turn|36\n|\n|t:|1699203228\n|switch|p1a: Alomomola|Alomomola, F|99\/100 psn\n|-damage|p1a: Alomomola|86\/100 psn|[from] Stealth Rock\n|switch|p2a: Yveltal|Yveltal|76\/100\n|-ability|p2a: Yveltal|Dark Aura\n|\n|-heal|p1a: Alomomola|92\/100 psn|[from] item: Leftovers\n|-damage|p1a: Alomomola|80\/100 psn|[from] psn\n|upkeep\n|turn|37\n|\n|t:|1699203231\n|move|p2a: Yveltal|Taunt|p1a: Alomomola\n|-start|p1a: Alomomola|move: Taunt\n|cant|p1a: Alomomola|move: Taunt|Wish\n|\n|-heal|p1a: Alomomola|86\/100 psn|[from] item: Leftovers\n|-damage|p1a: Alomomola|74\/100 psn|[from] psn\n|upkeep\n|turn|38\n|\n|t:|1699203238\n|move|p2a: Yveltal|Foul Play|p1a: Alomomola\n|-damage|p1a: Alomomola|55\/100 psn\n|move|p1a: Alomomola|Flip Turn|p2a: Yveltal\n|-damage|p2a: Yveltal|63\/100\n|\n|t:|1699203244\n|switch|p1a: Ditto|Ditto, shiny|60\/100 tox|[from] Flip Turn\n|-damage|p1a: Ditto|47\/100 tox|[from] Stealth Rock\n|-transform|p1a: Ditto|p2a: Yveltal|[from] ability: Imposter\n|-ability|p1a: Ditto|Dark Aura\n|\n|-damage|p1a: Ditto|41\/100 tox|[from] psn\n|upkeep\n|turn|39\n|\n|t:|1699203248\n|move|p1a: Ditto|Roost|p1a: Ditto\n|-heal|p1a: Ditto|91\/100 tox\n|-singleturn|p1a: Ditto|move: Roost\n|move|p2a: Yveltal|Foul Play|p1a: Ditto\n|-resisted|p1a: Ditto\n|-crit|p1a: Ditto\n|-damage|p1a: Ditto|55\/100 tox\n|\n|-damage|p1a: Ditto|43\/100 tox|[from] psn\n|upkeep\n|turn|40\n|\n|t:|1699203251\n|move|p1a: Ditto|Roost|p1a: Ditto\n|-heal|p1a: Ditto|93\/100 tox\n|-singleturn|p1a: Ditto|move: Roost\n|move|p2a: Yveltal|Foul Play|p1a: Ditto\n|-resisted|p1a: Ditto\n|-damage|p1a: Ditto|67\/100 tox\n|\n|-damage|p1a: Ditto|49\/100 tox|[from] psn\n|upkeep\n|turn|41\n|\n|t:|1699203255\n|switch|p1a: Alomomola|Alomomola, F|88\/100 psn\n|-damage|p1a: Alomomola|76\/100 psn|[from] Stealth Rock\n|move|p2a: Yveltal|Foul Play|p1a: Alomomola\n|-damage|p1a: Alomomola|58\/100 psn\n|\n|-heal|p1a: Alomomola|64\/100 psn|[from] item: Leftovers\n|-damage|p1a: Alomomola|52\/100 psn|[from] psn\n|upkeep\n|turn|42\n|\n|t:|1699203263\n|move|p2a: Yveltal|Roost|p2a: Yveltal\n|-heal|p2a: Yveltal|100\/100\n|-singleturn|p2a: Yveltal|move: Roost\n|move|p1a: Alomomola|Flip Turn|p2a: Yveltal\n|-damage|p2a: Yveltal|87\/100\n|\n|t:|1699203265\n|switch|p1a: Zacian|Zacian-Crowned|100\/100|[from] Flip Turn\n|-damage|p1a: Zacian|94\/100|[from] Stealth Rock\n|-ability|p1a: Zacian|Intrepid Sword|boost\n|-boost|p1a: Zacian|atk|1\n|\n|upkeep\n|turn|43\n|\n|t:|1699203274\n|switch|p2a: Ho-Oh|Ho-Oh|80\/100 tox\n|-terastallize|p1a: Zacian|Fairy\n|move|p1a: Zacian|Play Rough|p2a: Ho-Oh\n|-resisted|p2a: Ho-Oh\n|-damage|p2a: Ho-Oh|47\/100 tox\n|\n|-damage|p2a: Ho-Oh|41\/100 tox|[from] psn\n|upkeep\n|turn|44\n|\n|t:|1699203289\n|-terastallize|p2a: Ho-Oh|Fire\n|move|p1a: Zacian|Crunch|p2a: Ho-Oh\n|-damage|p2a: Ho-Oh|12\/100 tox\n|move|p2a: Ho-Oh|Sacred Fire|p1a: Zacian\n|-damage|p1a: Zacian|36\/100\n|-status|p1a: Zacian|brn\n|\n|-damage|p2a: Ho-Oh|0 fnt|[from] psn\n|faint|p2a: Ho-Oh\n|-damage|p1a: Zacian|30\/100 brn|[from] brn\n|upkeep\n|\n|t:|1699203296\n|switch|p2a: Yveltal|Yveltal|87\/100\n|-ability|p2a: Yveltal|Dark Aura\n|turn|45\n|\n|t:|1699203298\n|move|p1a: Zacian|Play Rough|p2a: Yveltal\n|-supereffective|p2a: Yveltal\n|-damage|p2a: Yveltal|14\/100\n|move|p2a: Yveltal|Foul Play|p1a: Zacian\n|-resisted|p1a: Zacian\n|-damage|p1a: Zacian|0 fnt\n|faint|p1a: Zacian\n|\n|upkeep\n|\n|t:|1699203303\n|switch|p1a: Ditto|Ditto, shiny|49\/100 tox\n|-damage|p1a: Ditto|37\/100 tox|[from] Stealth Rock\n|-transform|p1a: Ditto|p2a: Yveltal|[from] ability: Imposter\n|-ability|p1a: Ditto|Dark Aura\n|turn|46\n|\n|t:|1699203308\n|move|p1a: Ditto|Foul Play|p2a: Yveltal\n|-resisted|p2a: Yveltal\n|-damage|p2a: Yveltal|0 fnt\n|faint|p2a: Yveltal\n|\n|win|sb kky\n|raw|sb kky's rating: 1581 &rarr; <strong>1610<\/strong><br \/>(+29 for winning)\n|raw|nfyhsueryfgius's rating: 1743 &rarr; <strong>1714<\/strong><br \/>(-29 for losing)\n|l|\u2606nfyhsueryfgius\n|l|\u2606sb kky\n|l| 1 em trach thu\n","uploadtime":1699203487,"views":3,"p1id":"sbkky","p2id":"nfyhsueryfgius","formatid":"gen9nationaldexubers","rating":1610,"private":0,"password":""}