{"id":"gen9nationaldexubers-1997247459","p1":"brothajustplay","p2":"SyntaxError614","format":"[Gen 9] National Dex Ubers","log":"|j|\u2606brothajustplay\n|j|\u2606SyntaxError614\n|t:|1700780094\n|gametype|singles\n|player|p1|brothajustplay|musician|1216\n|player|p2|SyntaxError614|proton|1227\n|teamsize|p1|6\n|teamsize|p2|6\n|gen|9\n|tier|[Gen 9] National Dex Ubers\n|rated|\n|rule|HP Percentage Mod: HP is shown in percentages\n|rule|Endless Battle Clause: Forcing endless battles is banned\n|rule|OHKO Clause: OHKO moves are banned\n|rule|Evasion Moves Clause: Evasion moves are banned\n|rule|Evasion Items Clause: Evasion items are banned\n|rule|Species Clause: Limit one of each Pok\u00e9mon\n|rule|Sleep Clause Mod: Limit one foe put to sleep\n|rule|Mega Rayquaza Clause: You cannot mega evolve Rayquaza\n|clearpoke\n|poke|p1|Ho-Oh|\n|poke|p1|Blaziken, M|\n|poke|p1|Arceus-Fire|\n|poke|p1|Reshiram|\n|poke|p1|Blacephalon|\n|poke|p1|Volcarona, M|\n|poke|p2|Deoxys-Speed|\n|poke|p2|Blastoise, F|\n|poke|p2|Ferrothorn, M|\n|poke|p2|Greninja-*, M|\n|poke|p2|Darmanitan-Galar, M|\n|poke|p2|Kingambit, F|\n|teampreview\n|\n|t:|1700780105\n|start\n|switch|p1a: Arceus|Arceus-Fire|100\/100\n|switch|p2a: Deoxys|Deoxys-Speed|100\/100\n|-ability|p2a: Deoxys|Pressure\n|turn|1\n|inactive|Battle timer is ON: inactive players will automatically lose when time's up. (requested by brothajustplay)\n|\n|t:|1700780112\n|move|p1a: Arceus|Extreme Speed|p2a: Deoxys\n|-damage|p2a: Deoxys|64\/100\n|move|p2a: Deoxys|Mirror Coat||[still]\n|-fail|p2a: Deoxys\n|\n|upkeep\n|turn|2\n|\n|t:|1700780138\n|move|p2a: Deoxys|Stealth Rock|p1a: Arceus\n|-sidestart|p1: brothajustplay|move: Stealth Rock\n|move|p1a: Arceus|Flare Blitz|p2a: Deoxys\n|-damage|p2a: Deoxys|0 fnt\n|faint|p2a: Deoxys\n|-damage|p1a: Arceus|84\/100|[from] Recoil\n|\n|upkeep\n|\n|t:|1700780146\n|switch|p2a: Blastoise|Blastoise, F|100\/100\n|turn|3\n|\n|t:|1700780151\n|move|p1a: Arceus|Dragon Dance|p1a: Arceus\n|-boost|p1a: Arceus|atk|1\n|-boost|p1a: Arceus|spe|1\n|move|p2a: Blastoise|Shell Smash|p2a: Blastoise\n|-unboost|p2a: Blastoise|def|1\n|-unboost|p2a: Blastoise|spd|1\n|-boost|p2a: Blastoise|atk|2\n|-boost|p2a: Blastoise|spa|2\n|-boost|p2a: Blastoise|spe|2\n|\n|upkeep\n|turn|4\n|\n|t:|1700780159\n|detailschange|p2a: Blastoise|Blastoise-Mega, F\n|-mega|p2a: Blastoise|Blastoise|Blastoisinite\n|move|p1a: Arceus|Extreme Speed|p2a: Blastoise\n|-damage|p2a: Blastoise|53\/100\n|move|p2a: Blastoise|Aura Sphere|p1a: Arceus\n|-damage|p1a: Arceus|20\/100\n|\n|upkeep\n|turn|5\n|\n|t:|1700780168\n|move|p1a: Arceus|Extreme Speed|p2a: Blastoise\n|-damage|p2a: Blastoise|4\/100\n|move|p2a: Blastoise|Aura Sphere|p1a: Arceus\n|-damage|p1a: Arceus|0 fnt\n|faint|p1a: Arceus\n|\n|upkeep\n|\n|t:|1700780176\n|switch|p1a: Reshiram|Reshiram|100\/100\n|-damage|p1a: Reshiram|76\/100|[from] Stealth Rock\n|-ability|p1a: Reshiram|Turboblaze\n|turn|6\n|\n|t:|1700780184\n|move|p2a: Blastoise|Dark Pulse|p1a: Reshiram\n|-damage|p1a: Reshiram|35\/100\n|move|p1a: Reshiram|Earth Power|p2a: Blastoise\n|-damage|p2a: Blastoise|0 fnt\n|faint|p2a: Blastoise\n|\n|upkeep\n|\n|t:|1700780192\n|switch|p2a: Greninja|Greninja, M|100\/100\n|turn|7\n|\n|t:|1700780196\n|move|p2a: Greninja|Rock Slide|p1a: Reshiram\n|-start|p2a: Greninja|typechange|Rock|[from] ability: Protean\n|-supereffective|p1a: Reshiram\n|-damage|p1a: Reshiram|0 fnt\n|faint|p1a: Reshiram\n|\n|upkeep\n|\n|t:|1700780208\n|switch|p1a: Ho-Oh|Ho-Oh|100\/100\n|turn|8\n|\n|t:|1700780213\n|-terastallize|p1a: Ho-Oh|Water\n|move|p2a: Greninja|Rock Slide|p1a: Ho-Oh\n|-damage|p1a: Ho-Oh|74\/100\n|move|p1a: Ho-Oh|Defog|p2a: Greninja\n|-unboost|p2a: Greninja|evasion|1\n|-sideend|p1: brothajustplay|Stealth Rock|[from] move: Defog|[of] p1a: Ho-Oh\n|\n|upkeep\n|turn|9\n|\n|t:|1700780222\n|switch|p2a: Ferrothorn|Ferrothorn, M|100\/100\n|move|p1a: Ho-Oh|Earthquake|p2a: Ferrothorn\n|-damage|p2a: Ferrothorn|80\/100\n|\n|-heal|p2a: Ferrothorn|86\/100|[from] item: Leftovers\n|upkeep\n|turn|10\n|\n|t:|1700780231\n|-terastallize|p2a: Ferrothorn|Dragon\n|move|p1a: Ho-Oh|Sacred Fire|p2a: Ferrothorn\n|-resisted|p2a: Ferrothorn\n|-damage|p2a: Ferrothorn|68\/100\n|move|p2a: Ferrothorn|Thunder Wave|p1a: Ho-Oh\n|-status|p1a: Ho-Oh|par\n|\n|-heal|p2a: Ferrothorn|75\/100|[from] item: Leftovers\n|upkeep\n|turn|11\n|\n|t:|1700780244\n|switch|p2a: Greninja|Greninja, M|100\/100\n|move|p1a: Ho-Oh|Brave Bird|p2a: Greninja\n|-damage|p2a: Greninja|4\/100\n|-damage|p1a: Ho-Oh|52\/100 par|[from] Recoil\n|\n|upkeep\n|turn|12\n|\n|t:|1700780252\n|move|p2a: Greninja|Gunk Shot|p1a: Ho-Oh\n|-start|p2a: Greninja|typechange|Poison|[from] ability: Protean\n|-damage|p1a: Ho-Oh|9\/100 par\n|cant|p1a: Ho-Oh|par\n|\n|upkeep\n|turn|13\n|\n|t:|1700780259\n|move|p2a: Greninja|Gunk Shot|p1a: Ho-Oh|[miss]\n|-miss|p2a: Greninja|p1a: Ho-Oh\n|move|p1a: Ho-Oh|Brave Bird|p2a: Greninja\n|-damage|p2a: Greninja|0 fnt\n|faint|p2a: Greninja\n|-damage|p1a: Ho-Oh|8\/100 par|[from] Recoil\n|\n|upkeep\n|\n|t:|1700780266\n|switch|p2a: Darmanitan|Darmanitan-Galar, M|100\/100\n|turn|14\n|\n|t:|1700780272\n|switch|p1a: Blacephalon|Blacephalon|100\/100\n|move|p2a: Darmanitan|Earthquake|p1a: Blacephalon\n|-supereffective|p1a: Blacephalon\n|-damage|p1a: Blacephalon|0 fnt\n|faint|p1a: Blacephalon\n|\n|upkeep\n|\n|t:|1700780278\n|switch|p1a: Blaziken|Blaziken, M|100\/100\n|turn|15\n|\n|t:|1700780285\n|detailschange|p1a: Blaziken|Blaziken-Mega, M\n|-mega|p1a: Blaziken|Blaziken|Blazikenite\n|move|p1a: Blaziken|Protect|p1a: Blaziken\n|-singleturn|p1a: Blaziken|Protect\n|move|p2a: Darmanitan|Earthquake|p1a: Blaziken\n|-activate|p1a: Blaziken|move: Protect\n|\n|-ability|p1a: Blaziken|Speed Boost|boost\n|-boost|p1a: Blaziken|spe|1\n|upkeep\n|turn|16\n|\n|t:|1700780293\n|move|p2a: Darmanitan|Earthquake|p1a: Blaziken\n|-supereffective|p1a: Blaziken\n|-damage|p1a: Blaziken|0 fnt\n|faint|p1a: Blaziken\n|\n|upkeep\n|\n|t:|1700780297\n|switch|p1a: Ho-Oh|Ho-Oh, tera:Water|41\/100 par\n|turn|17\n|\n|t:|1700780302\n|move|p2a: Darmanitan|Earthquake|p1a: Ho-Oh\n|-damage|p1a: Ho-Oh|0 fnt\n|faint|p1a: Ho-Oh\n|\n|upkeep\n|\n|t:|1700780306\n|switch|p1a: Volcarona|Volcarona, M|100\/100\n|turn|18\n|\n|t:|1700780309\n|move|p2a: Darmanitan|Earthquake|p1a: Volcarona\n|-damage|p1a: Volcarona|22\/100\n|move|p1a: Volcarona|Fiery Dance|p2a: Darmanitan\n|-supereffective|p2a: Darmanitan\n|-damage|p2a: Darmanitan|0 fnt\n|faint|p2a: Darmanitan\n|\n|upkeep\n|\n|t:|1700780318\n|switch|p2a: Ferrothorn|Ferrothorn, M, tera:Dragon|75\/100\n|turn|19\n|-message|brothajustplay forfeited.\n|\n|win|SyntaxError614\n|raw|brothajustplay's rating: 1216 &rarr; <strong>1192<\/strong><br \/>(-24 for losing)\n|raw|SyntaxError614's rating: 1227 &rarr; <strong>1251<\/strong><br \/>(+24 for winning)\n|l|\u2606brothajustplay\n","uploadtime":1700780328,"views":5,"p1id":"brothajustplay","p2id":"syntaxerror614","formatid":"gen9nationaldexubers","rating":1192,"private":0,"password":""}