{"id":"gen9nationaldexubers-1983439460","p1":"CRYO-M0DE\u2744\ufe0f","p2":"KINGKRICH","format":"[Gen 9] National Dex Ubers","log":"|j|\u2606CRYO-M0DE\u2744\ufe0f\n|j|\u2606KINGKRICH\n|t:|1699130294\n|gametype|singles\n|player|p1|CRYO-M0DE\u2744\ufe0f|melony|1074\n|player|p2|KINGKRICH|buck|1013\n|teamsize|p1|6\n|teamsize|p2|6\n|gen|9\n|tier|[Gen 9] National Dex Ubers\n|rated|\n|rule|HP Percentage Mod: HP is shown in percentages\n|rule|Endless Battle Clause: Forcing endless battles is banned\n|rule|OHKO Clause: OHKO moves are banned\n|rule|Evasion Moves Clause: Evasion moves are banned\n|rule|Evasion Items Clause: Evasion items are banned\n|rule|Species Clause: Limit one of each Pok\u00e9mon\n|rule|Sleep Clause Mod: Limit one foe put to sleep\n|rule|Mega Rayquaza Clause: You cannot mega evolve Rayquaza\n|clearpoke\n|poke|p1|Glaceon, F|\n|poke|p1|Arctovish|\n|poke|p1|Vanilluxe, F|\n|poke|p1|Ninetales-Alola, F|\n|poke|p1|Calyrex-Ice|\n|poke|p1|Kyurem-White|\n|poke|p2|Houndoom, M|\n|poke|p2|Marowak-Alola, M|\n|poke|p2|Infernape, M|\n|poke|p2|Reshiram|\n|poke|p2|Rapidash, M|\n|poke|p2|Charizard, M|\n|teampreview\n|c|\u2606KINGKRICH|yessss\n|\n|t:|1699130308\n|start\n|switch|p1a: \u2744\ufe0f\u2744\ufe0fVANILLUXE\u2744\ufe0f\u2744\ufe0f|Vanilluxe, F, shiny|100\/100\n|switch|p2a: Marowak|Marowak-Alola, M|100\/100\n|-weather|Snow|[from] ability: Snow Warning|[of] p1a: \u2744\ufe0f\u2744\ufe0fVANILLUXE\u2744\ufe0f\u2744\ufe0f\n|turn|1\n|\n|t:|1699130317\n|move|p1a: \u2744\ufe0f\u2744\ufe0fVANILLUXE\u2744\ufe0f\u2744\ufe0f|Aurora Veil|p1a: \u2744\ufe0f\u2744\ufe0fVANILLUXE\u2744\ufe0f\u2744\ufe0f\n|-sidestart|p1: CRYO-M0DE\u2744\ufe0f|move: Aurora Veil\n|move|p2a: Marowak|Flame Charge|p1a: \u2744\ufe0f\u2744\ufe0fVANILLUXE\u2744\ufe0f\u2744\ufe0f\n|-supereffective|p1a: \u2744\ufe0f\u2744\ufe0fVANILLUXE\u2744\ufe0f\u2744\ufe0f\n|-damage|p1a: \u2744\ufe0f\u2744\ufe0fVANILLUXE\u2744\ufe0f\u2744\ufe0f|64\/100\n|-boost|p2a: Marowak|spe|1\n|\n|-weather|Snow|[upkeep]\n|upkeep\n|turn|2\n|\n|t:|1699130327\n|move|p2a: Marowak|Flare Blitz|p1a: \u2744\ufe0f\u2744\ufe0fVANILLUXE\u2744\ufe0f\u2744\ufe0f\n|-supereffective|p1a: \u2744\ufe0f\u2744\ufe0fVANILLUXE\u2744\ufe0f\u2744\ufe0f\n|-damage|p1a: \u2744\ufe0f\u2744\ufe0fVANILLUXE\u2744\ufe0f\u2744\ufe0f|0 fnt\n|faint|p1a: \u2744\ufe0f\u2744\ufe0fVANILLUXE\u2744\ufe0f\u2744\ufe0f\n|\n|-weather|Snow|[upkeep]\n|upkeep\n|\n|t:|1699130338\n|switch|p1a: \u2744\ufe0fARCTOVISH\u2744\ufe0f|Arctovish|100\/100\n|turn|3\n|\n|t:|1699130343\n|move|p1a: \u2744\ufe0fARCTOVISH\u2744\ufe0f|Blizzard|p2a: Marowak\n|-resisted|p2a: Marowak\n|-damage|p2a: Marowak|66\/100\n|move|p2a: Marowak|Flare Blitz|p1a: \u2744\ufe0fARCTOVISH\u2744\ufe0f\n|-damage|p1a: \u2744\ufe0fARCTOVISH\u2744\ufe0f|71\/100\n|\n|-weather|Snow|[upkeep]\n|upkeep\n|turn|4\n|\n|t:|1699130352\n|move|p1a: \u2744\ufe0fARCTOVISH\u2744\ufe0f|Blizzard|p2a: Marowak\n|-resisted|p2a: Marowak\n|-damage|p2a: Marowak|35\/100\n|move|p2a: Marowak|Flame Charge|p1a: \u2744\ufe0fARCTOVISH\u2744\ufe0f\n|-damage|p1a: \u2744\ufe0fARCTOVISH\u2744\ufe0f|57\/100\n|-boost|p2a: Marowak|spe|1\n|\n|-weather|Snow|[upkeep]\n|upkeep\n|turn|5\n|\n|t:|1699130372\n|move|p1a: \u2744\ufe0fARCTOVISH\u2744\ufe0f|Blizzard|p2a: Marowak\n|-resisted|p2a: Marowak\n|-damage|p2a: Marowak|2\/100\n|-status|p2a: Marowak|frz\n|-curestatus|p2a: Marowak|frz|[from] move: Flare Blitz\n|move|p2a: Marowak|Flare Blitz|p1a: \u2744\ufe0fARCTOVISH\u2744\ufe0f\n|-damage|p1a: \u2744\ufe0fARCTOVISH\u2744\ufe0f|26\/100\n|\n|-weather|Snow|[upkeep]\n|-sideend|p1: CRYO-M0DE\u2744\ufe0f|move: Aurora Veil\n|upkeep\n|turn|6\n|\n|t:|1699130387\n|move|p1a: \u2744\ufe0fARCTOVISH\u2744\ufe0f|Aurora Veil|p1a: \u2744\ufe0fARCTOVISH\u2744\ufe0f\n|-sidestart|p1: CRYO-M0DE\u2744\ufe0f|move: Aurora Veil\n|move|p2a: Marowak|Flare Blitz|p1a: \u2744\ufe0fARCTOVISH\u2744\ufe0f\n|-damage|p1a: \u2744\ufe0fARCTOVISH\u2744\ufe0f|0 fnt\n|faint|p1a: \u2744\ufe0fARCTOVISH\u2744\ufe0f\n|\n|-weather|Snow|[upkeep]\n|upkeep\n|\n|t:|1699130395\n|switch|p1a: I HATE NON \u2744\ufe0fPKMN|Calyrex-Ice|100\/100\n|-ability|p1a: I HATE NON \u2744\ufe0fPKMN|As One\n|-ability|p1a: I HATE NON \u2744\ufe0fPKMN|Unnerve\n|turn|7\n|\n|t:|1699130411\n|-terastallize|p1a: I HATE NON \u2744\ufe0fPKMN|Ice\n|move|p2a: Marowak|Flare Blitz|p1a: I HATE NON \u2744\ufe0fPKMN\n|-supereffective|p1a: I HATE NON \u2744\ufe0fPKMN\n|-damage|p1a: I HATE NON \u2744\ufe0fPKMN|59\/100\n|move|p1a: I HATE NON \u2744\ufe0fPKMN|Agility|p1a: I HATE NON \u2744\ufe0fPKMN\n|-boost|p1a: I HATE NON \u2744\ufe0fPKMN|spe|2\n|\n|-weather|Snow|[upkeep]\n|upkeep\n|turn|8\n|\n|t:|1699130421\n|move|p2a: Marowak|Flare Blitz|p1a: I HATE NON \u2744\ufe0fPKMN\n|-supereffective|p1a: I HATE NON \u2744\ufe0fPKMN\n|-damage|p1a: I HATE NON \u2744\ufe0fPKMN|16\/100\n|move|p1a: I HATE NON \u2744\ufe0fPKMN|Glacial Lance|p2a: Marowak\n|-resisted|p2a: Marowak\n|-damage|p2a: Marowak|0 fnt\n|faint|p2a: Marowak\n|-ability|p1a: I HATE NON \u2744\ufe0fPKMN|Chilling Neigh|boost\n|-boost|p1a: I HATE NON \u2744\ufe0fPKMN|atk|1\n|\n|-weather|none\n|upkeep\n|\n|t:|1699130431\n|switch|p2a: Infernape|Infernape, M|100\/100\n|turn|9\n|\n|t:|1699130436\n|move|p2a: Infernape|Mach Punch|p1a: I HATE NON \u2744\ufe0fPKMN\n|-supereffective|p1a: I HATE NON \u2744\ufe0fPKMN\n|-damage|p1a: I HATE NON \u2744\ufe0fPKMN|0 fnt\n|faint|p1a: I HATE NON \u2744\ufe0fPKMN\n|\n|upkeep\n|\n|t:|1699130442\n|switch|p1a: \u2744\ufe0f\u2744\ufe0fNINETALES\u2744\ufe0f\u2744\ufe0f|Ninetales-Alola, F|100\/100\n|-weather|Snow|[from] ability: Snow Warning|[of] p1a: \u2744\ufe0f\u2744\ufe0fNINETALES\u2744\ufe0f\u2744\ufe0f\n|turn|10\n|\n|t:|1699130452\n|move|p1a: \u2744\ufe0f\u2744\ufe0fNINETALES\u2744\ufe0f\u2744\ufe0f|Blizzard|p2a: Infernape\n|-resisted|p2a: Infernape\n|-damage|p2a: Infernape|70\/100\n|move|p2a: Infernape|Flare Blitz|p1a: \u2744\ufe0f\u2744\ufe0fNINETALES\u2744\ufe0f\u2744\ufe0f\n|-supereffective|p1a: \u2744\ufe0f\u2744\ufe0fNINETALES\u2744\ufe0f\u2744\ufe0f\n|-damage|p1a: \u2744\ufe0f\u2744\ufe0fNINETALES\u2744\ufe0f\u2744\ufe0f|48\/100\n|-damage|p2a: Infernape|53\/100|[from] Recoil\n|\n|-weather|Snow|[upkeep]\n|upkeep\n|turn|11\n|\n|t:|1699130464\n|move|p1a: \u2744\ufe0f\u2744\ufe0fNINETALES\u2744\ufe0f\u2744\ufe0f|Blizzard|p2a: Infernape\n|-resisted|p2a: Infernape\n|-damage|p2a: Infernape|23\/100\n|move|p2a: Infernape|Flare Blitz|p1a: \u2744\ufe0f\u2744\ufe0fNINETALES\u2744\ufe0f\u2744\ufe0f\n|-supereffective|p1a: \u2744\ufe0f\u2744\ufe0fNINETALES\u2744\ufe0f\u2744\ufe0f\n|-damage|p1a: \u2744\ufe0f\u2744\ufe0fNINETALES\u2744\ufe0f\u2744\ufe0f|0 fnt\n|faint|p1a: \u2744\ufe0f\u2744\ufe0fNINETALES\u2744\ufe0f\u2744\ufe0f\n|-damage|p2a: Infernape|7\/100|[from] Recoil\n|\n|-weather|Snow|[upkeep]\n|upkeep\n|\n|t:|1699130475\n|switch|p1a: \ud83e\udd76\u2744\ufe0f\u2744\ufe0fKYUREM\u2744\ufe0f\u2744\ufe0f\ud83e\udd76|Kyurem-White|100\/100\n|-ability|p1a: \ud83e\udd76\u2744\ufe0f\u2744\ufe0fKYUREM\u2744\ufe0f\u2744\ufe0f\ud83e\udd76|Turboblaze\n|turn|12\n|\n|t:|1699130481\n|move|p2a: Infernape|Mach Punch|p1a: \ud83e\udd76\u2744\ufe0f\u2744\ufe0fKYUREM\u2744\ufe0f\u2744\ufe0f\ud83e\udd76\n|-supereffective|p1a: \ud83e\udd76\u2744\ufe0f\u2744\ufe0fKYUREM\u2744\ufe0f\u2744\ufe0f\ud83e\udd76\n|-damage|p1a: \ud83e\udd76\u2744\ufe0f\u2744\ufe0fKYUREM\u2744\ufe0f\u2744\ufe0f\ud83e\udd76|87\/100\n|move|p1a: \ud83e\udd76\u2744\ufe0f\u2744\ufe0fKYUREM\u2744\ufe0f\u2744\ufe0f\ud83e\udd76|Dragon Dance|p1a: \ud83e\udd76\u2744\ufe0f\u2744\ufe0fKYUREM\u2744\ufe0f\u2744\ufe0f\ud83e\udd76\n|-boost|p1a: \ud83e\udd76\u2744\ufe0f\u2744\ufe0fKYUREM\u2744\ufe0f\u2744\ufe0f\ud83e\udd76|atk|1\n|-boost|p1a: \ud83e\udd76\u2744\ufe0f\u2744\ufe0fKYUREM\u2744\ufe0f\u2744\ufe0f\ud83e\udd76|spe|1\n|\n|-weather|Snow|[upkeep]\n|upkeep\n|turn|13\n|\n|t:|1699130490\n|move|p2a: Infernape|Mach Punch|p1a: \ud83e\udd76\u2744\ufe0f\u2744\ufe0fKYUREM\u2744\ufe0f\u2744\ufe0f\ud83e\udd76\n|-supereffective|p1a: \ud83e\udd76\u2744\ufe0f\u2744\ufe0fKYUREM\u2744\ufe0f\u2744\ufe0f\ud83e\udd76\n|-damage|p1a: \ud83e\udd76\u2744\ufe0f\u2744\ufe0fKYUREM\u2744\ufe0f\u2744\ufe0f\ud83e\udd76|73\/100\n|move|p1a: \ud83e\udd76\u2744\ufe0f\u2744\ufe0fKYUREM\u2744\ufe0f\u2744\ufe0f\ud83e\udd76|Blizzard|p2a: Infernape\n|-resisted|p2a: Infernape\n|-damage|p2a: Infernape|0 fnt\n|faint|p2a: Infernape\n|\n|-weather|Snow|[upkeep]\n|-sideend|p1: CRYO-M0DE\u2744\ufe0f|move: Aurora Veil\n|upkeep\n|\n|t:|1699130499\n|switch|p2a: Rapidash|Rapidash, M|100\/100\n|turn|14\n|\n|t:|1699130507\n|-terastallize|p2a: Rapidash|Fairy\n|move|p1a: \ud83e\udd76\u2744\ufe0f\u2744\ufe0fKYUREM\u2744\ufe0f\u2744\ufe0f\ud83e\udd76|Blizzard|p2a: Rapidash\n|-enditem|p2a: Rapidash|Focus Sash\n|-damage|p2a: Rapidash|1\/100\n|-status|p2a: Rapidash|frz\n|-curestatus|p2a: Rapidash|frz|[msg]\n|move|p2a: Rapidash|Play Rough|p1a: \ud83e\udd76\u2744\ufe0f\u2744\ufe0fKYUREM\u2744\ufe0f\u2744\ufe0f\ud83e\udd76\n|-supereffective|p1a: \ud83e\udd76\u2744\ufe0f\u2744\ufe0fKYUREM\u2744\ufe0f\u2744\ufe0f\ud83e\udd76\n|-damage|p1a: \ud83e\udd76\u2744\ufe0f\u2744\ufe0fKYUREM\u2744\ufe0f\u2744\ufe0f\ud83e\udd76|26\/100\n|\n|-weather|Snow|[upkeep]\n|upkeep\n|turn|15\n|\n|t:|1699130521\n|move|p1a: \ud83e\udd76\u2744\ufe0f\u2744\ufe0fKYUREM\u2744\ufe0f\u2744\ufe0f\ud83e\udd76|Blizzard|p2a: Rapidash\n|-damage|p2a: Rapidash|0 fnt\n|faint|p2a: Rapidash\n|\n|-weather|Snow|[upkeep]\n|upkeep\n|\n|t:|1699130530\n|switch|p2a: Houndoom|Houndoom, M|100\/100\n|turn|16\n|\n|t:|1699130535\n|move|p1a: \ud83e\udd76\u2744\ufe0f\u2744\ufe0fKYUREM\u2744\ufe0f\u2744\ufe0f\ud83e\udd76|Blizzard|p2a: Houndoom\n|-resisted|p2a: Houndoom\n|-damage|p2a: Houndoom|34\/100\n|move|p2a: Houndoom|Heat Wave|p1a: \ud83e\udd76\u2744\ufe0f\u2744\ufe0fKYUREM\u2744\ufe0f\u2744\ufe0f\ud83e\udd76\n|-damage|p1a: \ud83e\udd76\u2744\ufe0f\u2744\ufe0fKYUREM\u2744\ufe0f\u2744\ufe0f\ud83e\udd76|0 fnt\n|faint|p1a: \ud83e\udd76\u2744\ufe0f\u2744\ufe0fKYUREM\u2744\ufe0f\u2744\ufe0f\ud83e\udd76\n|\n|-weather|Snow|[upkeep]\n|upkeep\n|\n|t:|1699130545\n|switch|p1a: \u2744\ufe0fGLACEON\u2744\ufe0f|Glaceon, F, shiny|100\/100\n|turn|17\n|\n|t:|1699130549\n|move|p2a: Houndoom|Heat Wave|p1a: \u2744\ufe0fGLACEON\u2744\ufe0f\n|-supereffective|p1a: \u2744\ufe0fGLACEON\u2744\ufe0f\n|-damage|p1a: \u2744\ufe0fGLACEON\u2744\ufe0f|0 fnt\n|faint|p1a: \u2744\ufe0fGLACEON\u2744\ufe0f\n|\n|win|KINGKRICH\n|raw|CRYO-M0DE\u2744\ufe0f's rating: 1074 &rarr; <strong>1049<\/strong><br \/>(-25 for losing)\n|raw|KINGKRICH's rating: 1013 &rarr; <strong>1058<\/strong><br \/>(+45 for winning)\n","uploadtime":1699130555,"views":6,"p1id":"cryom0de","p2id":"kingkrich","formatid":"gen9nationaldexubers","rating":1049,"private":0,"password":""}