{"id":"gen9nationaldexubers-1983037129","p1":"AdrianGarcia1604","p2":"Vicente_NMG","format":"[Gen 9] National Dex Ubers","log":"|j|\u2606AdrianGarcia1604\n|j|\u2606Vicente_NMG\n|t:|1699073470\n|gametype|singles\n|player|p1|AdrianGarcia1604|ethan|\n|player|p2|Vicente_NMG|red|\n|teamsize|p1|6\n|teamsize|p2|6\n|gen|9\n|tier|[Gen 9] National Dex Ubers\n|rule|HP Percentage Mod: HP is shown in percentages\n|rule|Endless Battle Clause: Forcing endless battles is banned\n|rule|OHKO Clause: OHKO moves are banned\n|rule|Evasion Moves Clause: Evasion moves are banned\n|rule|Evasion Items Clause: Evasion items are banned\n|rule|Species Clause: Limit one of each Pok\u00e9mon\n|rule|Sleep Clause Mod: Limit one foe put to sleep\n|rule|Mega Rayquaza Clause: You cannot mega evolve Rayquaza\n|clearpoke\n|poke|p1|Marshadow|\n|poke|p1|Zoroark-Hisui, M|\n|poke|p1|Gholdengo|\n|poke|p1|Annihilape, M|\n|poke|p1|Basculegion, M|\n|poke|p1|Dragapult, M|\n|poke|p2|Chien-Pao|\n|poke|p2|Shuckle, M|\n|poke|p2|Cyclizar, F|\n|poke|p2|Torterra, M|\n|poke|p2|Espathra, M|\n|poke|p2|Cinderace, M|\n|teampreview\n|\n|t:|1699073500\n|start\n|switch|p1a: Annihilape|Annihilape, M, shiny|100\/100\n|switch|p2a: Si|Shuckle, M|100\/100\n|turn|1\n|\n|t:|1699073509\n|move|p1a: Annihilape|Bulk Up|p1a: Annihilape\n|-boost|p1a: Annihilape|atk|1\n|-boost|p1a: Annihilape|def|1\n|move|p2a: Si|Sticky Web|p1a: Annihilape\n|-sidestart|p1: AdrianGarcia1604|move: Sticky Web\n|\n|upkeep\n|turn|2\n|\n|t:|1699073517\n|move|p1a: Annihilape|Bulk Up|p1a: Annihilape\n|-boost|p1a: Annihilape|atk|1\n|-boost|p1a: Annihilape|def|1\n|move|p2a: Si|Stealth Rock|p1a: Annihilape\n|-sidestart|p1: AdrianGarcia1604|move: Stealth Rock\n|\n|upkeep\n|turn|3\n|\n|t:|1699073532\n|move|p1a: Annihilape|Drain Punch|p2a: Si\n|-damage|p2a: Si|49\/100\n|-enditem|p2a: Si|Sitrus Berry|[eat]\n|-heal|p2a: Si|73\/100|[from] item: Sitrus Berry\n|move|p2a: Si|Toxic|p1a: Annihilape\n|-status|p1a: Annihilape|tox\n|\n|-damage|p1a: Annihilape|94\/100 tox|[from] psn\n|upkeep\n|turn|4\n|\n|t:|1699073556\n|move|p1a: Annihilape|Drain Punch|p2a: Si\n|-damage|p2a: Si|21\/100\n|-heal|p1a: Annihilape|100\/100 tox|[from] drain|[of] p2a: Si\n|move|p2a: Si|Knock Off|p1a: Annihilape\n|-damage|p1a: Annihilape|97\/100 tox\n|-enditem|p1a: Annihilape|Leftovers|[from] move: Knock Off|[of] p2a: Si\n|\n|-damage|p1a: Annihilape|85\/100 tox|[from] psn\n|upkeep\n|turn|5\n|\n|t:|1699073569\n|move|p1a: Annihilape|Drain Punch|p2a: Si\n|-damage|p2a: Si|0 fnt\n|-heal|p1a: Annihilape|92\/100 tox|[from] drain|[of] p2a: Si\n|faint|p2a: Si\n|\n|-damage|p1a: Annihilape|74\/100 tox|[from] psn\n|upkeep\n|\n|t:|1699073586\n|switch|p2a: Miau?|Cyclizar, F|100\/100\n|turn|6\n|j| Black_Man9905\n|\n|t:|1699073597\n|move|p2a: Miau?|Shed Tail|p2a: Miau?\n|-start|p2a: Miau?|Substitute|[from] move: Shed Tail\n|-damage|p2a: Miau?|50\/100\n|-enditem|p2a: Miau?|Sitrus Berry|[eat]\n|-heal|p2a: Miau?|75\/100|[from] item: Sitrus Berry\n|\n|t:|1699073603\n|switch|p2a: Morrocoy|Torterra, M|100\/100|[from] Shed Tail\n|move|p1a: Annihilape|Drain Punch|p2a: Morrocoy\n|-end|p2a: Morrocoy|Substitute\n|-heal|p1a: Annihilape|84\/100 tox|[from] drain|[of] p2a: Morrocoy\n|\n|-damage|p1a: Annihilape|60\/100 tox|[from] psn\n|upkeep\n|turn|7\n|\n|t:|1699073617\n|move|p1a: Annihilape|Drain Punch|p2a: Morrocoy\n|-damage|p2a: Morrocoy|27\/100\n|-heal|p1a: Annihilape|93\/100 tox|[from] drain|[of] p2a: Morrocoy\n|-enditem|p2a: Morrocoy|Sitrus Berry|[eat]\n|-heal|p2a: Morrocoy|52\/100|[from] item: Sitrus Berry\n|move|p2a: Morrocoy|Shell Smash|p2a: Morrocoy\n|-unboost|p2a: Morrocoy|def|1\n|-unboost|p2a: Morrocoy|spd|1\n|-boost|p2a: Morrocoy|atk|2\n|-boost|p2a: Morrocoy|spa|2\n|-boost|p2a: Morrocoy|spe|2\n|\n|-damage|p1a: Annihilape|63\/100 tox|[from] psn\n|upkeep\n|turn|8\n|\n|t:|1699073632\n|move|p2a: Morrocoy|Earthquake|p1a: Annihilape\n|-damage|p1a: Annihilape|16\/100 tox\n|move|p1a: Annihilape|Drain Punch|p2a: Morrocoy\n|-damage|p2a: Morrocoy|0 fnt\n|-heal|p1a: Annihilape|40\/100 tox|[from] drain|[of] p2a: Morrocoy\n|faint|p2a: Morrocoy\n|\n|-damage|p1a: Annihilape|3\/100 tox|[from] psn\n|upkeep\n|l|\u2606Vicente_NMG\n|player|p2|\n|j|\u2606Vicente_NMG\n|player|p2|Vicente_NMG|red\n|\n|t:|1699073763\n|switch|p2a: Miau?|Cyclizar, F|100\/100\n|turn|9\n|\n|t:|1699073767\n|move|p2a: Miau?|Shed Tail|p2a: Miau?\n|-start|p2a: Miau?|Substitute|[from] move: Shed Tail\n|-damage|p2a: Miau?|50\/100\n|\n|t:|1699073771\n|switch|p2a: Miau|Chien-Pao|100\/100|[from] Shed Tail\n|-ability|p2a: Miau|Sword of Ruin\n|move|p1a: Annihilape|Rest|p1a: Annihilape\n|-status|p1a: Annihilape|slp|[from] move: Rest\n|-heal|p1a: Annihilape|100\/100 slp|[silent]\n|\n|upkeep\n|turn|10\n|\n|t:|1699073789\n|move|p2a: Miau|Swords Dance|p2a: Miau\n|-boost|p2a: Miau|atk|2\n|cant|p1a: Annihilape|slp\n|\n|upkeep\n|turn|11\n|\n|t:|1699073802\n|-terastallize|p1a: Annihilape|Fairy\n|move|p2a: Miau|Swords Dance|p2a: Miau\n|-boost|p2a: Miau|atk|2\n|cant|p1a: Annihilape|slp\n|\n|upkeep\n|turn|12\n|\n|t:|1699073810\n|move|p2a: Miau|Swords Dance|p2a: Miau\n|-boost|p2a: Miau|atk|2\n|-curestatus|p1a: Annihilape|slp|[msg]\n|move|p1a: Annihilape|Bulk Up|p1a: Annihilape\n|-boost|p1a: Annihilape|atk|1\n|-boost|p1a: Annihilape|def|1\n|\n|upkeep\n|turn|13\n|\n|t:|1699073829\n|move|p2a: Miau|Ice Spinner|p1a: Annihilape\n|-damage|p1a: Annihilape|20\/100\n|move|p1a: Annihilape|Bulk Up|p1a: Annihilape\n|-boost|p1a: Annihilape|atk|1\n|-boost|p1a: Annihilape|def|1\n|\n|upkeep\n|turn|14\n|\n|t:|1699073847\n|move|p2a: Miau|Ice Spinner|p1a: Annihilape\n|-damage|p1a: Annihilape|0 fnt\n|faint|p1a: Annihilape\n|\n|upkeep\n|\n|t:|1699073853\n|switch|p1a: Dragapult|Dragapult, M, shiny|100\/100\n|-activate|p1a: Dragapult|move: Sticky Web\n|-unboost|p1a: Dragapult|spe|1\n|-damage|p1a: Dragapult|88\/100|[from] Stealth Rock\n|turn|15\n|l|\u2606Vicente_NMG\n|player|p2|\n|j|\u2606Vicente_NMG\n|player|p2|Vicente_NMG|red\n|\n|t:|1699073889\n|move|p1a: Dragapult|Sucker Punch|p2a: Miau\n|-resisted|p2a: Miau\n|-damage|p2a: Miau|82\/100\n|-damage|p1a: Dragapult|78\/100|[from] item: Life Orb\n|move|p2a: Miau|Ice Spinner|p1a: Dragapult\n|-supereffective|p1a: Dragapult\n|-damage|p1a: Dragapult|0 fnt\n|faint|p1a: Dragapult\n|\n|upkeep\n|\n|t:|1699073926\n|switch|p1a: Basculegion|Basculegion, M, shiny|100\/100\n|-activate|p1a: Basculegion|move: Sticky Web\n|-unboost|p1a: Basculegion|spe|1\n|-damage|p1a: Basculegion|88\/100|[from] Stealth Rock\n|-ability|p1a: Basculegion|Mold Breaker\n|turn|16\n|\n|t:|1699073938\n|move|p1a: Basculegion|Aqua Jet|p2a: Miau\n|-end|p2a: Miau|Substitute\n|move|p2a: Miau|Ice Spinner|p1a: Basculegion\n|-resisted|p1a: Basculegion\n|-damage|p1a: Basculegion|0 fnt\n|faint|p1a: Basculegion\n|\n|upkeep\n|\n|t:|1699073948\n|switch|p1a: Marshadow|Marshadow|100\/100\n|-activate|p1a: Marshadow|move: Sticky Web\n|-unboost|p1a: Marshadow|spe|1\n|-damage|p1a: Marshadow|94\/100|[from] Stealth Rock\n|turn|17\n|\n|t:|1699073956\n|move|p2a: Miau|Ice Spinner|p1a: Marshadow\n|-damage|p1a: Marshadow|0 fnt\n|faint|p1a: Marshadow\n|\n|upkeep\n|\n|t:|1699073959\n|switch|p1a: Gholdengo|Gholdengo, shiny|100\/100\n|-activate|p1a: Gholdengo|move: Sticky Web\n|-unboost|p1a: Gholdengo|spe|1\n|-damage|p1a: Gholdengo|94\/100|[from] Stealth Rock\n|turn|18\n|\n|t:|1699073970\n|-terastallize|p2a: Miau|Dark\n|move|p2a: Miau|Ice Spinner|p1a: Gholdengo\n|-resisted|p1a: Gholdengo\n|-damage|p1a: Gholdengo|0 fnt\n|faint|p1a: Gholdengo\n|\n|upkeep\n|\n|t:|1699073976\n|switch|p1a: Zoroark|Zoroark-Hisui, M, shiny|100\/100\n|-activate|p1a: Zoroark|move: Sticky Web\n|-unboost|p1a: Zoroark|spe|1\n|-damage|p1a: Zoroark|88\/100|[from] Stealth Rock\n|turn|19\n|\n|t:|1699073985\n|move|p2a: Miau|Sucker Punch|p1a: Zoroark\n|-supereffective|p1a: Zoroark\n|-damage|p1a: Zoroark|0 fnt\n|faint|p1a: Zoroark\n|\n|win|Vicente_NMG\n|l|\u2606AdrianGarcia1604\n","uploadtime":1699073996,"views":8,"p1id":"adriangarcia1604","p2id":"vicentenmg","formatid":"gen9nationaldexubers","rating":0,"private":0,"password":""}