{"id":"gen9nationaldexubers-1989734108","p1":"JimmyJohto","p2":"SylverOmega","format":"[Gen 9] National Dex Ubers","log":"|j|\u2606JimmyJohto\n|j|\u2606SylverOmega\n|t:|1699891160\n|gametype|singles\n|player|p1|JimmyJohto|170|\n|player|p2|SylverOmega|palmer|\n|teamsize|p1|6\n|teamsize|p2|6\n|gen|9\n|tier|[Gen 9] National Dex Ubers\n|rule|HP Percentage Mod: HP is shown in percentages\n|rule|Endless Battle Clause: Forcing endless battles is banned\n|rule|OHKO Clause: OHKO moves are banned\n|rule|Evasion Moves Clause: Evasion moves are banned\n|rule|Evasion Items Clause: Evasion items are banned\n|rule|Species Clause: Limit one of each Pok\u00e9mon\n|rule|Sleep Clause Mod: Limit one foe put to sleep\n|rule|Mega Rayquaza Clause: You cannot mega evolve Rayquaza\n|clearpoke\n|poke|p1|Greninja-*, M|\n|poke|p1|Dragonite, F|\n|poke|p1|Ninetales-Alola, M|\n|poke|p1|Hatterene, F|\n|poke|p1|Blaziken, M|\n|poke|p1|Corviknight, M|\n|poke|p2|Cinderace, M|\n|poke|p2|Greninja-*, M|\n|poke|p2|Corviknight, F|\n|poke|p2|Rillaboom, F|\n|poke|p2|Dragonite, F|\n|poke|p2|Zoroark-Hisui, F|\n|teampreview\n|inactive|Battle timer is ON: inactive players will automatically lose when time's up. (requested by SylverOmega)\n|c|\u2606JimmyJohto|gl\n|c|\u2606JimmyJohto|todo o nada\n|inactive|SylverOmega has 270 seconds left.\n|\n|t:|1699891202\n|start\n|switch|p1a: Dragonite|Dragonite, F|100\/100\n|switch|p2a: Dragonite|Dragonite, F|100\/100\n|turn|1\n|c|\u2606SylverOmega|Hf\n|\n|t:|1699891212\n|move|p1a: Dragonite|Dragon Dance|p1a: Dragonite\n|-boost|p1a: Dragonite|atk|1\n|-boost|p1a: Dragonite|spe|1\n|move|p2a: Dragonite|Ice Punch|p1a: Dragonite\n|-supereffective|p1a: Dragonite\n|-damage|p1a: Dragonite|39\/100\n|\n|upkeep\n|turn|2\n|\n|t:|1699891224\n|switch|p1a: Corviknight|Corviknight, M|100\/100\n|-ability|p1a: Corviknight|Pressure\n|move|p2a: Dragonite|Ice Punch|p1a: Corviknight\n|-damage|p1a: Corviknight|83\/100\n|-damage|p2a: Dragonite|84\/100|[from] item: Rocky Helmet|[of] p1a: Corviknight\n|\n|-heal|p2a: Dragonite|90\/100|[from] item: Leftovers\n|upkeep\n|turn|3\n|\n|t:|1699891240\n|switch|p2a: Narutito|Greninja, M|100\/100\n|move|p1a: Corviknight|Brave Bird|p2a: Narutito\n|-damage|p2a: Narutito|25\/100\n|replace|p2a: Zoroark|Zoroark-Hisui, F\n|-end|p2a: Zoroark|Illusion\n|-damage|p1a: Corviknight|67\/100|[from] Recoil\n|\n|upkeep\n|turn|4\n|\n|t:|1699891251\n|move|p2a: Zoroark|Hyper Voice|p1a: Corviknight\n|-resisted|p1a: Corviknight\n|-damage|p1a: Corviknight|46\/100\n|move|p1a: Corviknight|Brave Bird|p2a: Zoroark\n|-damage|p2a: Zoroark|0 fnt\n|faint|p2a: Zoroark\n|-damage|p1a: Corviknight|41\/100|[from] Recoil\n|\n|upkeep\n|\n|t:|1699891263\n|switch|p2a: Alex Zabel|Cinderace, M, shiny|100\/100\n|turn|5\n|\n|t:|1699891266\n|move|p2a: Alex Zabel|Pyro Ball|p1a: Corviknight\n|-supereffective|p1a: Corviknight\n|-crit|p1a: Corviknight\n|-damage|p1a: Corviknight|0 fnt\n|faint|p1a: Corviknight\n|\n|upkeep\n|\n|t:|1699891274\n|switch|p1a: Greninja|Greninja, M|100\/100\n|turn|6\n|\n|t:|1699891283\n|switch|p2a: Caballera|Corviknight, F, shiny|100\/100\n|move|p1a: Greninja|Ice Beam|p2a: Caballera\n|-damage|p2a: Caballera|80\/100\n|\n|upkeep\n|turn|7\n|\n|t:|1699891290\n|switch|p1a: Dragonite|Dragonite, F|39\/100\n|move|p2a: Caballera|Body Press|p1a: Dragonite\n|-resisted|p1a: Dragonite\n|-damage|p1a: Dragonite|29\/100\n|\n|upkeep\n|turn|8\n|\n|t:|1699891297\n|move|p1a: Dragonite|Dragon Dance|p1a: Dragonite\n|-boost|p1a: Dragonite|atk|1\n|-boost|p1a: Dragonite|spe|1\n|move|p2a: Caballera|Brave Bird|p1a: Dragonite\n|-damage|p1a: Dragonite|0 fnt\n|faint|p1a: Dragonite\n|-damage|p2a: Caballera|72\/100|[from] Recoil\n|\n|upkeep\n|\n|t:|1699891305\n|switch|p1a: Blaziken|Blaziken, M|100\/100\n|turn|9\n|\n|t:|1699891312\n|-terastallize|p2a: Caballera|Flying\n|-zpower|p1a: Blaziken\n|move|p1a: Blaziken|Inferno Overdrive|p2a: Caballera|[zeffect]\n|-damage|p2a: Caballera|0 fnt\n|faint|p2a: Caballera\n|\n|-ability|p1a: Blaziken|Speed Boost|boost\n|-boost|p1a: Blaziken|spe|1\n|upkeep\n|c|\u2606SylverOmega|Mierda\n|\n|t:|1699891340\n|switch|p2a: Narutito|Greninja, M|100\/100\n|turn|10\n|\n|t:|1699891350\n|switch|p1a: Hatterene|Hatterene, F|100\/100\n|move|p2a: Narutito|Scald|p1a: Hatterene\n|-damage|p1a: Hatterene|74\/100\n|-enditem|p1a: Hatterene|Eject Button\n|\n|t:|1699891361\n|switch|p1a: Greninja|Greninja, M|100\/100\n|\n|upkeep\n|turn|11\n|\n|t:|1699891368\n|move|p1a: Greninja|Dark Pulse|p2a: Narutito\n|-resisted|p2a: Narutito\n|-damage|p2a: Narutito|70\/100\n|cant|p2a: Narutito|flinch\n|\n|upkeep\n|turn|12\n|\n|t:|1699891374\n|move|p2a: Narutito|Dark Pulse|p1a: Greninja\n|-resisted|p1a: Greninja\n|-damage|p1a: Greninja|73\/100\n|move|p1a: Greninja|Dark Pulse|p2a: Narutito\n|-resisted|p2a: Narutito\n|-damage|p2a: Narutito|42\/100\n|\n|upkeep\n|turn|13\n|\n|t:|1699891382\n|move|p2a: Narutito|Dark Pulse|p1a: Greninja\n|-resisted|p1a: Greninja\n|-damage|p1a: Greninja|45\/100\n|cant|p1a: Greninja|flinch\n|\n|upkeep\n|turn|14\n|\n|t:|1699891389\n|move|p2a: Narutito|Dark Pulse|p1a: Greninja\n|-resisted|p1a: Greninja\n|-damage|p1a: Greninja|18\/100\n|move|p1a: Greninja|Dark Pulse|p2a: Narutito\n|-resisted|p2a: Narutito\n|-damage|p2a: Narutito|14\/100\n|\n|upkeep\n|turn|15\n|\n|t:|1699891397\n|switch|p2a: Rillaboom|Rillaboom, F|100\/100\n|-fieldstart|move: Grassy Terrain|[from] ability: Grassy Surge|[of] p2a: Rillaboom\n|move|p1a: Greninja|Water Shuriken|p2a: Rillaboom\n|-resisted|p2a: Rillaboom\n|-damage|p2a: Rillaboom|97\/100\n|-resisted|p2a: Rillaboom\n|-damage|p2a: Rillaboom|93\/100\n|-resisted|p2a: Rillaboom\n|-damage|p2a: Rillaboom|89\/100\n|-hitcount|p2a: Rillaboom|3\n|\n|-heal|p1a: Greninja|24\/100|[from] Grassy Terrain\n|-heal|p2a: Rillaboom|95\/100|[from] Grassy Terrain\n|upkeep\n|turn|16\n|\n|t:|1699891412\n|move|p2a: Rillaboom|Grassy Glide|p1a: Greninja\n|-supereffective|p1a: Greninja\n|-damage|p1a: Greninja|0 fnt\n|faint|p1a: Greninja\n|\n|-heal|p2a: Rillaboom|100\/100|[from] Grassy Terrain\n|upkeep\n|\n|t:|1699891418\n|switch|p1a: Blaziken|Blaziken, M|100\/100\n|turn|17\n|\n|t:|1699891424\n|switch|p2a: Dragonite|Dragonite, F|90\/100\n|move|p1a: Blaziken|Swords Dance|p1a: Blaziken\n|-boost|p1a: Blaziken|atk|2\n|\n|-heal|p2a: Dragonite|96\/100|[from] item: Leftovers\n|-ability|p1a: Blaziken|Speed Boost|boost\n|-boost|p1a: Blaziken|spe|1\n|upkeep\n|turn|18\n|\n|t:|1699891435\n|move|p2a: Dragonite|Extreme Speed|p1a: Blaziken\n|-damage|p1a: Blaziken|53\/100\n|move|p1a: Blaziken|Flare Blitz|p2a: Dragonite\n|-resisted|p2a: Dragonite\n|-damage|p2a: Dragonite|38\/100\n|-status|p2a: Dragonite|brn\n|-damage|p1a: Blaziken|29\/100|[from] Recoil\n|\n|-heal|p1a: Blaziken|35\/100|[from] Grassy Terrain\n|-heal|p2a: Dragonite|45\/100 brn|[from] item: Leftovers\n|-damage|p2a: Dragonite|38\/100 brn|[from] brn\n|-ability|p1a: Blaziken|Speed Boost|boost\n|-boost|p1a: Blaziken|spe|1\n|upkeep\n|turn|19\n|\n|t:|1699891451\n|move|p1a: Blaziken|Protect|p1a: Blaziken\n|-singleturn|p1a: Blaziken|Protect\n|move|p2a: Dragonite|Extreme Speed|p1a: Blaziken\n|-activate|p1a: Blaziken|move: Protect\n|\n|-heal|p1a: Blaziken|41\/100|[from] Grassy Terrain\n|-heal|p2a: Dragonite|45\/100 brn|[from] item: Leftovers\n|-damage|p2a: Dragonite|38\/100 brn|[from] brn\n|-fieldend|move: Grassy Terrain\n|-ability|p1a: Blaziken|Speed Boost|boost\n|-boost|p1a: Blaziken|spe|1\n|upkeep\n|turn|20\n|\n|t:|1699891464\n|move|p2a: Dragonite|Extreme Speed|p1a: Blaziken\n|-damage|p1a: Blaziken|21\/100\n|move|p1a: Blaziken|Flare Blitz|p2a: Dragonite\n|-resisted|p2a: Dragonite\n|-damage|p2a: Dragonite|0 fnt\n|faint|p2a: Dragonite\n|-damage|p1a: Blaziken|5\/100|[from] Recoil\n|\n|-ability|p1a: Blaziken|Speed Boost|boost\n|-boost|p1a: Blaziken|spe|1\n|upkeep\n|\n|t:|1699891476\n|switch|p2a: Narutito|Greninja, M|14\/100\n|turn|21\n|\n|t:|1699891480\n|switch|p1a: Hatterene|Hatterene, F|74\/100\n|move|p2a: Narutito|Water Shuriken|p1a: Hatterene\n|-damage|p1a: Hatterene|69\/100\n|-damage|p1a: Hatterene|64\/100\n|-damage|p1a: Hatterene|58\/100\n|-hitcount|p1a: Hatterene|3\n|\n|upkeep\n|turn|22\n|\n|t:|1699891491\n|switch|p2a: Rillaboom|Rillaboom, F|100\/100\n|-fieldstart|move: Grassy Terrain|[from] ability: Grassy Surge|[of] p2a: Rillaboom\n|move|p1a: Hatterene|Nuzzle|p2a: Rillaboom\n|-resisted|p2a: Rillaboom\n|-damage|p2a: Rillaboom|99\/100\n|-status|p2a: Rillaboom|par\n|\n|-heal|p2a: Rillaboom|100\/100 par|[from] Grassy Terrain\n|-heal|p1a: Hatterene|64\/100|[from] Grassy Terrain\n|upkeep\n|turn|23\n|\n|t:|1699891504\n|switch|p1a: Ninetales|Ninetales-Alola, M|100\/100\n|-weather|Snow|[from] ability: Snow Warning|[of] p1a: Ninetales\n|move|p2a: Rillaboom|Grassy Glide|p1a: Ninetales\n|-damage|p1a: Ninetales|53\/100\n|\n|-weather|Snow|[upkeep]\n|-heal|p1a: Ninetales|59\/100|[from] Grassy Terrain\n|upkeep\n|turn|24\n|\n|t:|1699891516\n|switch|p2a: Alex Zabel|Cinderace, M, shiny|100\/100\n|move|p1a: Ninetales|Aurora Veil|p1a: Ninetales\n|-sidestart|p1: JimmyJohto|move: Aurora Veil\n|\n|-weather|Snow|[upkeep]\n|-heal|p1a: Ninetales|65\/100|[from] Grassy Terrain\n|upkeep\n|turn|25\n|\n|t:|1699891526\n|move|p2a: Alex Zabel|Court Change|p2a: Alex Zabel\n|-start|p2a: Alex Zabel|typechange|Normal|[from] ability: Libero\n|-swapsideconditions\n|-activate|p2a: Alex Zabel|move: Court Change\n|move|p1a: Ninetales|Blizzard|p2a: Alex Zabel\n|-damage|p2a: Alex Zabel|73\/100\n|-status|p2a: Alex Zabel|frz\n|\n|-weather|Snow|[upkeep]\n|-heal|p2a: Alex Zabel|79\/100 frz|[from] Grassy Terrain\n|-heal|p1a: Ninetales|71\/100|[from] Grassy Terrain\n|upkeep\n|turn|26\n|c|\u2606SylverOmega|Bro\n|\n|t:|1699891542\n|switch|p1a: Hatterene|Hatterene, F|64\/100\n|-curestatus|p2a: Alex Zabel|frz|[from] move: Pyro Ball\n|move|p2a: Alex Zabel|Pyro Ball|p1a: Hatterene|[miss]\n|-miss|p2a: Alex Zabel|p1a: Hatterene\n|\n|-weather|Snow|[upkeep]\n|-heal|p2a: Alex Zabel|85\/100|[from] Grassy Terrain\n|-heal|p1a: Hatterene|70\/100|[from] Grassy Terrain\n|-fieldend|move: Grassy Terrain\n|upkeep\n|turn|27\n|c|\u2606JimmyJohto|Bro\n|\n|t:|1699891555\n|switch|p2a: Rillaboom|Rillaboom, F|100\/100 par\n|-fieldstart|move: Grassy Terrain|[from] ability: Grassy Surge|[of] p2a: Rillaboom\n|move|p1a: Hatterene|Healing Wish|p1a: Hatterene\n|faint|p1a: Hatterene\n|\n|-weather|none\n|upkeep\n|\n|t:|1699891561\n|switch|p1a: Blaziken|Blaziken, M|5\/100\n|-heal|p1a: Blaziken|100\/100|[from] move: Healing Wish\n|turn|28\n|\n|t:|1699891575\n|cant|p2a: Rillaboom|par\n|move|p1a: Blaziken|Flare Blitz|p2a: Rillaboom\n|-supereffective|p2a: Rillaboom\n|-damage|p2a: Rillaboom|43\/100 par\n|-damage|p1a: Blaziken|75\/100|[from] Recoil\n|\n|-heal|p1a: Blaziken|81\/100|[from] Grassy Terrain\n|-heal|p2a: Rillaboom|49\/100 par|[from] Grassy Terrain\n|-ability|p1a: Blaziken|Speed Boost|boost\n|-boost|p1a: Blaziken|spe|1\n|upkeep\n|turn|29\n|\n|t:|1699891588\n|move|p2a: Rillaboom|Grassy Glide|p1a: Blaziken\n|-resisted|p1a: Blaziken\n|-damage|p1a: Blaziken|44\/100\n|move|p1a: Blaziken|Swords Dance|p1a: Blaziken\n|-boost|p1a: Blaziken|atk|2\n|\n|-heal|p1a: Blaziken|50\/100|[from] Grassy Terrain\n|-heal|p2a: Rillaboom|55\/100 par|[from] Grassy Terrain\n|-ability|p1a: Blaziken|Speed Boost|boost\n|-boost|p1a: Blaziken|spe|1\n|upkeep\n|turn|30\n|\n|t:|1699891600\n|move|p1a: Blaziken|Protect|p1a: Blaziken\n|-singleturn|p1a: Blaziken|Protect\n|cant|p2a: Rillaboom|par\n|\n|-heal|p1a: Blaziken|56\/100|[from] Grassy Terrain\n|-heal|p2a: Rillaboom|62\/100 par|[from] Grassy Terrain\n|-ability|p1a: Blaziken|Speed Boost|boost\n|-boost|p1a: Blaziken|spe|1\n|upkeep\n|turn|31\n|\n|t:|1699891615\n|cant|p2a: Rillaboom|par\n|move|p1a: Blaziken|Flare Blitz|p2a: Rillaboom\n|-supereffective|p2a: Rillaboom\n|-damage|p2a: Rillaboom|0 fnt\n|faint|p2a: Rillaboom\n|-damage|p1a: Blaziken|29\/100|[from] Recoil\n|\n|-heal|p1a: Blaziken|35\/100|[from] Grassy Terrain\n|-sideend|p2: SylverOmega|move: Aurora Veil\n|-fieldend|move: Grassy Terrain\n|-ability|p1a: Blaziken|Speed Boost|boost\n|-boost|p1a: Blaziken|spe|1\n|upkeep\n|\n|t:|1699891628\n|switch|p2a: Narutito|Greninja, M|14\/100\n|turn|32\n|\n|t:|1699891633\n|move|p1a: Blaziken|Protect|p1a: Blaziken\n|-singleturn|p1a: Blaziken|Protect\n|move|p2a: Narutito|Water Shuriken|p1a: Blaziken\n|-activate|p1a: Blaziken|move: Protect\n|\n|-ability|p1a: Blaziken|Speed Boost|boost\n|-boost|p1a: Blaziken|spe|1\n|upkeep\n|turn|33\n|\n|t:|1699891642\n|move|p2a: Narutito|Water Shuriken|p1a: Blaziken\n|-supereffective|p1a: Blaziken\n|-damage|p1a: Blaziken|16\/100\n|-supereffective|p1a: Blaziken\n|-damage|p1a: Blaziken|0 fnt\n|faint|p1a: Blaziken\n|-ability|p2a: Narutito|Battle Bond|boost\n|-boost|p2a: Narutito|atk|1\n|-boost|p2a: Narutito|spa|1\n|-boost|p2a: Narutito|spe|1\n|-activate|p2a: Narutito|ability: Battle Bond\n|-hitcount|p1: Blaziken|2\n|\n|upkeep\n|c|\u2606SylverOmega|Gg\n|\n|t:|1699891651\n|switch|p1a: Ninetales|Ninetales-Alola, M|71\/100\n|-weather|Snow|[from] ability: Snow Warning|[of] p1a: Ninetales\n|turn|34\n|\n|t:|1699891665\n|move|p2a: Narutito|Scald|p1a: Ninetales\n|-damage|p1a: Ninetales|8\/100\n|move|p1a: Ninetales|Aurora Veil|p1a: Ninetales\n|-sidestart|p1: JimmyJohto|move: Aurora Veil\n|\n|-weather|Snow|[upkeep]\n|upkeep\n|turn|35\n|c|\u2606JimmyJohto|gg\n|\n|t:|1699891673\n|move|p2a: Narutito|Scald|p1a: Ninetales\n|-damage|p1a: Ninetales|0 fnt\n|faint|p1a: Ninetales\n|\n|win|SylverOmega\n","uploadtime":1699891681,"views":6,"p1id":"jimmyjohto","p2id":"sylveromega","formatid":"gen9nationaldexubers","rating":0,"private":0,"password":""}