{"id":"gen9nationaldexubers-1991725632","p1":"Fazykins","p2":"Fazy1","format":"[Gen 9] National Dex Ubers","log":"|j|\u2606Fazykins\n|j|\u2606Fazy1\n|t:|1700107416\n|gametype|singles\n|player|p1|Fazykins|2|\n|player|p2|Fazy1|2|\n|teamsize|p1|1\n|teamsize|p2|1\n|gen|9\n|tier|[Gen 9] National Dex Ubers\n|rule|HP Percentage Mod: HP is shown in percentages\n|rule|Endless Battle Clause: Forcing endless battles is banned\n|rule|OHKO Clause: OHKO moves are banned\n|rule|Evasion Moves Clause: Evasion moves are banned\n|rule|Evasion Items Clause: Evasion items are banned\n|rule|Species Clause: Limit one of each Pok\u00e9mon\n|rule|Sleep Clause Mod: Limit one foe put to sleep\n|rule|Mega Rayquaza Clause: You cannot mega evolve Rayquaza\n|clearpoke\n|poke|p1|Blipbug, F|\n|poke|p2|Quaquaval, F|\n|teampreview\n|\n|t:|1700107421\n|start\n|switch|p1a: Blipbug|Blipbug, F|100\/100\n|switch|p2a: Quaquaval|Quaquaval, F|100\/100\n|turn|1\n|\n|t:|1700107426\n|move|p2a: Quaquaval|Aqua Step|p1a: Blipbug\n|-damage|p1a: Blipbug|21\/100\n|-boost|p2a: Quaquaval|spe|1\n|-damage|p2a: Quaquaval|84\/100|[from] item: Rocky Helmet|[of] p1a: Blipbug\n|move|p1a: Blipbug|Supersonic|p2a: Quaquaval\n|-start|p2a: Quaquaval|confusion\n|\n|upkeep\n|turn|2\n|\n|t:|1700107435\n|-activate|p2a: Quaquaval|confusion\n|-damage|p2a: Quaquaval|67\/100|[from] confusion\n|move|p1a: Blipbug|Recover|p1a: Blipbug\n|-heal|p1a: Blipbug|71\/100\n|\n|upkeep\n|turn|3\n|\n|t:|1700107441\n|-activate|p2a: Quaquaval|confusion\n|-damage|p2a: Quaquaval|48\/100|[from] confusion\n|move|p1a: Blipbug|Recover|p1a: Blipbug\n|-heal|p1a: Blipbug|100\/100\n|\n|upkeep\n|turn|4\n|\n|t:|1700107448\n|-activate|p2a: Quaquaval|confusion\n|-damage|p2a: Quaquaval|30\/100|[from] confusion\n|move|p1a: Blipbug|Recover||[still]\n|-fail|p1a: Blipbug|heal\n|\n|upkeep\n|turn|5\n|\n|t:|1700107454\n|-end|p2a: Quaquaval|confusion\n|move|p2a: Quaquaval|Aqua Step|p1a: Blipbug\n|-damage|p1a: Blipbug|21\/100\n|-boost|p2a: Quaquaval|spe|1\n|-damage|p2a: Quaquaval|14\/100|[from] item: Rocky Helmet|[of] p1a: Blipbug\n|move|p1a: Blipbug|Recover|p1a: Blipbug\n|-heal|p1a: Blipbug|71\/100\n|\n|upkeep\n|turn|6\n|\n|t:|1700107465\n|move|p2a: Quaquaval|Aqua Step|p1a: Blipbug\n|-damage|p1a: Blipbug|0 fnt\n|-boost|p2a: Quaquaval|spe|1\n|-damage|p2a: Quaquaval|0 fnt|[from] item: Rocky Helmet|[of] p1a: Blipbug\n|faint|p1a: Blipbug\n|faint|p2a: Quaquaval\n|\n|win|Fazy1\n|l|\u2606Fazykins\n","uploadtime":1700108322,"views":17,"p1id":"fazykins","p2id":"fazy1","formatid":"gen9nationaldexubers","rating":0,"private":0,"password":""}