{"id":"gen9nationaldexubers-1979765483","p1":"Aliva1","p2":"coldwitch21","format":"[Gen 9] National Dex Ubers","log":"|j|\u2606Aliva1\n|j|\u2606coldwitch21\n|t:|1698710949\n|gametype|singles\n|player|p1|Aliva1|lance|1203\n|player|p2|coldwitch21|266|1267\n|teamsize|p1|6\n|teamsize|p2|6\n|gen|9\n|tier|[Gen 9] National Dex Ubers\n|rated|\n|rule|HP Percentage Mod: HP is shown in percentages\n|rule|Endless Battle Clause: Forcing endless battles is banned\n|rule|OHKO Clause: OHKO moves are banned\n|rule|Evasion Moves Clause: Evasion moves are banned\n|rule|Evasion Items Clause: Evasion items are banned\n|rule|Species Clause: Limit one of each Pok\u00e9mon\n|rule|Sleep Clause Mod: Limit one foe put to sleep\n|rule|Mega Rayquaza Clause: You cannot mega evolve Rayquaza\n|clearpoke\n|poke|p1|Roaring Moon|\n|poke|p1|Pinsir, M|\n|poke|p1|Iron Jugulis|\n|poke|p1|Slowbro-Galar, F|\n|poke|p1|Skeledirge, F|\n|poke|p1|Weezing-Galar, M|\n|poke|p2|Espathra, F|\n|poke|p2|Incineroar, F|\n|poke|p2|Clodsire, F|\n|poke|p2|Tapu Lele|\n|poke|p2|Dhelmise|\n|poke|p2|Lopunny, F|\n|teampreview\n|inactive|Battle timer is ON: inactive players will automatically lose when time's up. (requested by Aliva1)\n|\n|t:|1698710978\n|start\n|switch|p1a: Locust|Pinsir, M|100\/100\n|switch|p2a: Dhelmise|Dhelmise, shiny|100\/100\n|turn|1\n|\n|t:|1698710989\n|detailschange|p1a: Locust|Pinsir-Mega, M\n|-mega|p1a: Locust|Pinsir|Pinsirite\n|-terastallize|p2a: Dhelmise|Steel\n|move|p1a: Locust|Return|p2a: Dhelmise\n|-resisted|p2a: Dhelmise\n|-damage|p2a: Dhelmise|59\/100\n|move|p2a: Dhelmise|Anchor Shot|p1a: Locust\n|-damage|p1a: Locust|9\/100\n|-activate|p1a: Locust|trapped\n|\n|upkeep\n|turn|2\n|\n|t:|1698711005\n|move|p1a: Locust|Earthquake|p2a: Dhelmise\n|-supereffective|p2a: Dhelmise\n|-damage|p2a: Dhelmise|0 fnt\n|faint|p2a: Dhelmise\n|\n|upkeep\n|\n|t:|1698711011\n|switch|p2a: Lopunny|Lopunny, F|100\/100\n|turn|3\n|\n|t:|1698711025\n|switch|p1a: Chonky Boi|Skeledirge, F, shiny|100\/100\n|detailschange|p2a: Lopunny|Lopunny-Mega, F\n|-mega|p2a: Lopunny|Lopunny|Lopunnite\n|move|p2a: Lopunny|Triple Axel|p1a: Chonky Boi\n|-resisted|p1a: Chonky Boi\n|-damage|p1a: Chonky Boi|98\/100\n|-resisted|p1a: Chonky Boi\n|-damage|p1a: Chonky Boi|94\/100\n|-resisted|p1a: Chonky Boi\n|-damage|p1a: Chonky Boi|88\/100\n|-hitcount|p1a: Chonky Boi|3\n|\n|-heal|p1a: Chonky Boi|94\/100|[from] item: Leftovers\n|upkeep\n|turn|4\n|\n|t:|1698711039\n|move|p2a: Lopunny|Close Combat|p1a: Chonky Boi\n|-damage|p1a: Chonky Boi|57\/100\n|-unboost|p2a: Lopunny|def|1\n|-unboost|p2a: Lopunny|spd|1\n|move|p1a: Chonky Boi|Torch Song|p2a: Lopunny\n|-damage|p2a: Lopunny|65\/100\n|-boost|p1a: Chonky Boi|spa|1\n|\n|-heal|p1a: Chonky Boi|63\/100|[from] item: Leftovers\n|upkeep\n|turn|5\n|\n|t:|1698711052\n|move|p2a: Lopunny|U-turn|p1a: Chonky Boi\n|-resisted|p1a: Chonky Boi\n|-damage|p1a: Chonky Boi|60\/100\n|\n|t:|1698711058\n|switch|p2a: Fakeout|Incineroar, F|100\/100|[from] U-turn\n|-ability|p2a: Fakeout|Intimidate|boost\n|-unboost|p1a: Chonky Boi|atk|1\n|move|p1a: Chonky Boi|Slack Off|p1a: Chonky Boi\n|-heal|p1a: Chonky Boi|100\/100\n|\n|upkeep\n|turn|6\n|\n|t:|1698711068\n|switch|p1a: Plague|Weezing-Galar, M|100\/100\n|move|p2a: Fakeout|Knock Off|p1a: Plague\n|-resisted|p1a: Plague\n|-damage|p1a: Plague|83\/100\n|-enditem|p1a: Plague|Heavy-Duty Boots|[from] move: Knock Off|[of] p2a: Fakeout\n|\n|upkeep\n|turn|7\n|\n|t:|1698711079\n|switch|p2a: Clodsire|Clodsire, F|100\/100\n|move|p1a: Plague|Strange Steam|p2a: Clodsire\n|-resisted|p2a: Clodsire\n|-damage|p2a: Clodsire|94\/100\n|\n|-heal|p2a: Clodsire|99\/100|[from] item: Leftovers\n|upkeep\n|turn|8\n|\n|t:|1698711090\n|move|p1a: Plague|Pain Split|p2a: Clodsire\n|-sethp|p2a: Clodsire|74\/100|[from] move: Pain Split|[silent]\n|-sethp|p1a: Plague|100\/100|[from] move: Pain Split\n|move|p2a: Clodsire|Stealth Rock|p1a: Plague\n|-sidestart|p1: Aliva1|move: Stealth Rock\n|\n|-heal|p2a: Clodsire|81\/100|[from] item: Leftovers\n|upkeep\n|turn|9\n|\n|t:|1698711097\n|move|p1a: Plague|Defog|p2a: Clodsire\n|-unboost|p2a: Clodsire|evasion|1\n|-sideend|p1: Aliva1|Stealth Rock|[from] move: Defog|[of] p1a: Plague\n|move|p2a: Clodsire|Earthquake|p1a: Plague\n|-immune|p1a: Plague|[from] ability: Levitate\n|\n|-heal|p2a: Clodsire|87\/100|[from] item: Leftovers\n|upkeep\n|turn|10\n|c|\u2606coldwitch21|dang\n|\n|t:|1698711108\n|switch|p1a: Quickbro|Slowbro-Galar, F|100\/100\n|move|p2a: Clodsire|Stealth Rock|p1a: Quickbro\n|-sidestart|p1: Aliva1|move: Stealth Rock\n|\n|-heal|p2a: Clodsire|93\/100|[from] item: Leftovers\n|upkeep\n|turn|11\n|-activate|p1a: Quickbro|ability: Quick Draw\n|\n|t:|1698711116\n|switch|p2a: Fakeout|Incineroar, F|100\/100\n|-ability|p2a: Fakeout|Intimidate|boost\n|-unboost|p1a: Quickbro|atk|1\n|move|p1a: Quickbro|Psychic|p2a: Fakeout\n|-immune|p2a: Fakeout\n|\n|upkeep\n|turn|12\n|inactive|coldwitch21 has 120 seconds left.\n|\n|t:|1698711171\n|switch|p1a: Plague|Weezing-Galar, M|100\/100\n|-damage|p1a: Plague|88\/100|[from] Stealth Rock\n|move|p2a: Fakeout|Knock Off|p1a: Plague\n|-resisted|p1a: Plague\n|-damage|p1a: Plague|78\/100\n|\n|upkeep\n|turn|13\n|\n|t:|1698711184\n|switch|p2a: Lopunny|Lopunny-Mega, F|65\/100\n|move|p1a: Plague|Defog|p2a: Lopunny\n|-unboost|p2a: Lopunny|evasion|1\n|-sideend|p1: Aliva1|Stealth Rock|[from] move: Defog|[of] p1a: Plague\n|\n|upkeep\n|turn|14\n|\n|t:|1698711194\n|switch|p1a: Chonky Boi|Skeledirge, F, shiny|100\/100\n|move|p2a: Lopunny|Fake Out|p1a: Chonky Boi\n|-damage|p1a: Chonky Boi|87\/100\n|\n|-heal|p1a: Chonky Boi|93\/100|[from] item: Leftovers\n|upkeep\n|turn|15\n|\n|t:|1698711202\n|move|p2a: Lopunny|Close Combat|p1a: Chonky Boi\n|-damage|p1a: Chonky Boi|55\/100\n|-unboost|p2a: Lopunny|def|1\n|-unboost|p2a: Lopunny|spd|1\n|move|p1a: Chonky Boi|Torch Song|p2a: Lopunny\n|-damage|p2a: Lopunny|24\/100\n|-boost|p1a: Chonky Boi|spa|1\n|\n|-heal|p1a: Chonky Boi|62\/100|[from] item: Leftovers\n|upkeep\n|turn|16\n|\n|t:|1698711218\n|move|p2a: Lopunny|Close Combat|p1a: Chonky Boi\n|-damage|p1a: Chonky Boi|25\/100\n|-unboost|p2a: Lopunny|def|1\n|-unboost|p2a: Lopunny|spd|1\n|move|p1a: Chonky Boi|Slack Off|p1a: Chonky Boi\n|-heal|p1a: Chonky Boi|75\/100\n|\n|-heal|p1a: Chonky Boi|81\/100|[from] item: Leftovers\n|upkeep\n|turn|17\n|\n|t:|1698711227\n|move|p2a: Lopunny|U-turn|p1a: Chonky Boi\n|-resisted|p1a: Chonky Boi\n|-damage|p1a: Chonky Boi|77\/100\n|\n|t:|1698711236\n|switch|p2a: Fakeout|Incineroar, F|100\/100|[from] U-turn\n|-ability|p2a: Fakeout|Intimidate|boost\n|-unboost|p1a: Chonky Boi|atk|1\n|move|p1a: Chonky Boi|Torch Song|p2a: Fakeout\n|-resisted|p2a: Fakeout\n|-damage|p2a: Fakeout|78\/100\n|-boost|p1a: Chonky Boi|spa|1\n|\n|-heal|p1a: Chonky Boi|83\/100|[from] item: Leftovers\n|upkeep\n|turn|18\n|inactive|Aliva1 has 120 seconds left.\n|\n|t:|1698711275\n|switch|p1a: Plague|Weezing-Galar, M|78\/100\n|move|p2a: Fakeout|Knock Off|p1a: Plague\n|-resisted|p1a: Plague\n|-damage|p1a: Plague|67\/100\n|\n|upkeep\n|turn|19\n|inactive|Aliva1 has 120 seconds left.\n|\n|t:|1698711287\n|move|p1a: Plague|Pain Split|p2a: Fakeout\n|-sethp|p2a: Fakeout|62\/100|[from] move: Pain Split|[silent]\n|-sethp|p1a: Plague|90\/100|[from] move: Pain Split\n|move|p2a: Fakeout|Thunder Punch|p1a: Plague\n|-crit|p1a: Plague\n|-damage|p1a: Plague|65\/100\n|\n|upkeep\n|turn|20\n|\n|t:|1698711295\n|move|p2a: Fakeout|Flare Blitz|p1a: Plague\n|-damage|p1a: Plague|27\/100\n|-damage|p2a: Fakeout|54\/100|[from] Recoil\n|move|p1a: Plague|Strange Steam|p2a: Fakeout\n|-damage|p2a: Fakeout|26\/100\n|\n|upkeep\n|turn|21\n|inactive|coldwitch21 has 120 seconds left.\n|\n|t:|1698711304\n|switch|p1a: Chonky Boi|Skeledirge, F, shiny|83\/100\n|move|p2a: Fakeout|Flare Blitz|p1a: Chonky Boi\n|-resisted|p1a: Chonky Boi\n|-damage|p1a: Chonky Boi|69\/100\n|-damage|p2a: Fakeout|21\/100|[from] Recoil\n|\n|-heal|p1a: Chonky Boi|75\/100|[from] item: Leftovers\n|upkeep\n|turn|22\n|\n|t:|1698711313\n|move|p1a: Chonky Boi|Tera Blast|p2a: Fakeout\n|-damage|p2a: Fakeout|2\/100\n|move|p2a: Fakeout|Knock Off|p1a: Chonky Boi\n|-supereffective|p1a: Chonky Boi\n|-damage|p1a: Chonky Boi|26\/100\n|-enditem|p1a: Chonky Boi|Leftovers|[from] move: Knock Off|[of] p2a: Fakeout\n|\n|upkeep\n|turn|23\n|\n|t:|1698711323\n|move|p1a: Chonky Boi|Slack Off|p1a: Chonky Boi\n|-heal|p1a: Chonky Boi|76\/100\n|move|p2a: Fakeout|Flare Blitz|p1a: Chonky Boi\n|-resisted|p1a: Chonky Boi\n|-damage|p1a: Chonky Boi|62\/100\n|-damage|p2a: Fakeout|0 fnt|[from] Recoil\n|faint|p2a: Fakeout\n|\n|upkeep\n|\n|t:|1698711332\n|switch|p2a: Razzle|Espathra, F, shiny|100\/100\n|turn|24\n|\n|t:|1698711338\n|move|p2a: Razzle|Lumina Crash|p1a: Chonky Boi\n|-damage|p1a: Chonky Boi|21\/100\n|-unboost|p1a: Chonky Boi|spd|2\n|move|p1a: Chonky Boi|Torch Song|p2a: Razzle\n|-crit|p2a: Razzle\n|-damage|p2a: Razzle|26\/100\n|-boost|p1a: Chonky Boi|spa|1\n|\n|-ability|p2a: Razzle|Speed Boost|boost\n|-boost|p2a: Razzle|spe|1\n|upkeep\n|turn|25\n|\n|t:|1698711349\n|switch|p1a: Chaos|Iron Jugulis|100\/100\n|move|p2a: Razzle|Lumina Crash|p1a: Chaos\n|-immune|p1a: Chaos\n|\n|-ability|p2a: Razzle|Speed Boost|boost\n|-boost|p2a: Razzle|spe|1\n|upkeep\n|turn|26\n|\n|t:|1698711366\n|switch|p2a: Lopunny|Lopunny-Mega, F|24\/100\n|move|p1a: Chaos|U-turn|p2a: Lopunny\n|-resisted|p2a: Lopunny\n|-damage|p2a: Lopunny|16\/100\n|\n|t:|1698711372\n|-end|p1a: Chaos|Quark Drive|[silent]\n|switch|p1a: Locust|Pinsir-Mega, M|9\/100|[from] U-turn\n|\n|upkeep\n|turn|27\n|\n|t:|1698711382\n|switch|p1a: Quickbro|Slowbro-Galar, F|100\/100\n|move|p2a: Lopunny|Fake Out|p1a: Quickbro\n|-damage|p1a: Quickbro|79\/100\n|\n|upkeep\n|turn|28\n|-activate|p1a: Quickbro|item: Quick Claw\n|\n|t:|1698711389\n|move|p1a: Quickbro|Psychic|p2a: Lopunny\n|-supereffective|p2a: Lopunny\n|-damage|p2a: Lopunny|0 fnt\n|faint|p2a: Lopunny\n|\n|upkeep\n|\n|t:|1698711405\n|switch|p2a: Tapu Lele|Tapu Lele|100\/100\n|-fieldstart|move: Psychic Terrain|[from] ability: Psychic Surge|[of] p2a: Tapu Lele\n|turn|29\n|-activate|p1a: Quickbro|item: Quick Claw\n|\n|t:|1698711410\n|move|p1a: Quickbro|Calm Mind|p1a: Quickbro\n|-boost|p1a: Quickbro|spa|1\n|-boost|p1a: Quickbro|spd|1\n|move|p2a: Tapu Lele|Psyshock|p1a: Quickbro\n|-damage|p1a: Quickbro|27\/100\n|\n|upkeep\n|turn|30\n|\n|t:|1698711431\n|-terastallize|p1a: Quickbro|Dark\n|move|p2a: Tapu Lele|Psyshock|p1a: Quickbro\n|-immune|p1a: Quickbro\n|move|p1a: Quickbro|Shell Side Arm|p2a: Tapu Lele|[anim] Shell Side Arm Special\n|-supereffective|p2a: Tapu Lele\n|-damage|p2a: Tapu Lele|0 fnt\n|-hint|Special Shell Side Arm\n|faint|p2a: Tapu Lele\n|\n|upkeep\n|\n|t:|1698711444\n|switch|p2a: Razzle|Espathra, F, shiny|26\/100\n|turn|31\n|-activate|p1a: Quickbro|item: Quick Claw\n|\n|t:|1698711448\n|move|p1a: Quickbro|Shell Side Arm|p2a: Razzle|[anim] Shell Side Arm Special\n|-damage|p2a: Razzle|0 fnt\n|-hint|Special Shell Side Arm\n|faint|p2a: Razzle\n|\n|upkeep\n|\n|t:|1698711454\n|switch|p2a: Clodsire|Clodsire, F|93\/100\n|turn|32\n|\n|t:|1698711457\n|move|p1a: Quickbro|Psychic|p2a: Clodsire\n|-supereffective|p2a: Clodsire\n|-damage|p2a: Clodsire|26\/100\n|move|p2a: Clodsire|Toxic|p1a: Quickbro\n|-status|p1a: Quickbro|tox\n|\n|-heal|p2a: Clodsire|32\/100|[from] item: Leftovers\n|-damage|p1a: Quickbro|21\/100 tox|[from] psn\n|upkeep\n|turn|33\n|c|\u2606Aliva1|gg\n|-message|coldwitch21 forfeited.\n|\n|win|Aliva1\n|raw|Aliva1's rating: 1203 &rarr; <strong>1233<\/strong><br \/>(+30 for winning)\n|raw|coldwitch21's rating: 1267 &rarr; <strong>1237<\/strong><br \/>(-30 for losing)\n|l|\u2606coldwitch21\n","uploadtime":1698711473,"views":8,"p1id":"aliva1","p2id":"coldwitch21","formatid":"gen9nationaldexubers","rating":1233,"private":0,"password":""}