{"id":"gen9nationaldexubers-1987383173","p1":"fresh yes","p2":"IrineuJ32323","format":"[Gen 9] National Dex Ubers","log":"|j|\u2606fresh yes\n|j|\u2606IrineuJ32323\n|t:|1699584378\n|gametype|singles\n|player|p1|fresh yes|shauntal|1220\n|player|p2|IrineuJ32323|lucas-gen4pt|1203\n|teamsize|p1|6\n|teamsize|p2|6\n|gen|9\n|tier|[Gen 9] National Dex Ubers\n|rated|\n|rule|HP Percentage Mod: HP is shown in percentages\n|rule|Endless Battle Clause: Forcing endless battles is banned\n|rule|OHKO Clause: OHKO moves are banned\n|rule|Evasion Moves Clause: Evasion moves are banned\n|rule|Evasion Items Clause: Evasion items are banned\n|rule|Species Clause: Limit one of each Pok\u00e9mon\n|rule|Sleep Clause Mod: Limit one foe put to sleep\n|rule|Mega Rayquaza Clause: You cannot mega evolve Rayquaza\n|clearpoke\n|poke|p1|Giratina|\n|poke|p1|Cradily, M|\n|poke|p1|Volcarona, F|\n|poke|p1|Palafin, M|\n|poke|p1|Lopunny, F|\n|poke|p1|Garchomp, M|\n|poke|p2|Blastoise, F|\n|poke|p2|Zoroark, M|\n|poke|p2|Jirachi|\n|poke|p2|Marshadow|\n|poke|p2|Cinderace, M|\n|poke|p2|Rayquaza|\n|teampreview\n|inactive|Battle timer is ON: inactive players will automatically lose when time's up. (requested by fresh yes)\n|\n|t:|1699584393\n|start\n|switch|p1a: DELFINATOR|Palafin, M|100\/100\n|switch|p2a: Blastoise|Blastoise, F|100\/100\n|turn|1\n|\n|t:|1699584398\n|detailschange|p2a: Blastoise|Blastoise-Mega, F\n|-mega|p2a: Blastoise|Blastoise|Blastoisinite\n|move|p2a: Blastoise|Shell Smash|p2a: Blastoise\n|-unboost|p2a: Blastoise|def|1\n|-unboost|p2a: Blastoise|spd|1\n|-boost|p2a: Blastoise|atk|2\n|-boost|p2a: Blastoise|spa|2\n|-boost|p2a: Blastoise|spe|2\n|move|p1a: DELFINATOR|Substitute|p1a: DELFINATOR\n|-start|p1a: DELFINATOR|Substitute\n|-damage|p1a: DELFINATOR|76\/100\n|\n|upkeep\n|turn|2\n|\n|t:|1699584409\n|move|p2a: Blastoise|Aura Sphere|p1a: DELFINATOR\n|-end|p1a: DELFINATOR|Substitute\n|move|p1a: DELFINATOR|Drain Punch|p2a: Blastoise\n|-damage|p2a: Blastoise|71\/100\n|-heal|p1a: DELFINATOR|87\/100|[from] drain|[of] p2a: Blastoise\n|\n|upkeep\n|turn|3\n|\n|t:|1699584438\n|detailschange|p1a: DELFINATOR|Palafin-Hero, M\n|switch|p1a: pete ness|Cradily, M|100\/100\n|move|p2a: Blastoise|Water Pulse|p1a: pete ness\n|-ability|p1a: pete ness|Storm Drain|boost\n|-boost|p1a: pete ness|spa|1\n|\n|upkeep\n|turn|4\n|\n|t:|1699584451\n|-terastallize|p1a: pete ness|Fire\n|move|p2a: Blastoise|Aura Sphere|p1a: pete ness\n|-damage|p1a: pete ness|48\/100\n|move|p1a: pete ness|Giga Drain|p2a: Blastoise\n|-supereffective|p2a: Blastoise\n|-damage|p2a: Blastoise|0 fnt\n|-heal|p1a: pete ness|76\/100|[from] drain|[of] p2a: Blastoise\n|faint|p2a: Blastoise\n|\n|upkeep\n|\n|t:|1699584470\n|switch|p2a: Jirachi|Jirachi, shiny|100\/100\n|turn|5\n|\n|t:|1699584481\n|move|p2a: Jirachi|Thunder Wave|p1a: pete ness\n|-status|p1a: pete ness|par\n|move|p1a: pete ness|Hidden Power|p2a: Jirachi\n|-supereffective|p2a: Jirachi\n|-damage|p2a: Jirachi|53\/100\n|\n|upkeep\n|turn|6\n|\n|t:|1699584490\n|-zpower|p2a: Jirachi\n|move|p2a: Jirachi|Z-Happy Hour|p2a: Jirachi|[anim]Happy Hour\n|-boost|p2a: Jirachi|atk|1|[zeffect]\n|-boost|p2a: Jirachi|def|1|[zeffect]\n|-boost|p2a: Jirachi|spa|1|[zeffect]\n|-boost|p2a: Jirachi|spd|1|[zeffect]\n|-boost|p2a: Jirachi|spe|1|[zeffect]\n|move|p1a: pete ness|Hidden Power|p2a: Jirachi\n|-supereffective|p2a: Jirachi\n|-damage|p2a: Jirachi|22\/100\n|\n|upkeep\n|turn|7\n|\n|t:|1699584507\n|move|p2a: Jirachi|Iron Head|p1a: pete ness\n|-resisted|p1a: pete ness\n|-damage|p1a: pete ness|58\/100 par\n|cant|p1a: pete ness|flinch\n|\n|upkeep\n|turn|8\n|\n|t:|1699584513\n|move|p2a: Jirachi|Zen Headbutt|p1a: pete ness|[miss]\n|-miss|p2a: Jirachi|p1a: pete ness\n|move|p1a: pete ness|Hidden Power|p2a: Jirachi\n|-supereffective|p2a: Jirachi\n|-damage|p2a: Jirachi|0 fnt\n|faint|p2a: Jirachi\n|\n|upkeep\n|\n|t:|1699584538\n|switch|p2a: Rayquaza|Rayquaza|100\/100\n|turn|9\n|\n|t:|1699584542\n|move|p2a: Rayquaza|Sucker Punch|p1a: pete ness\n|-damage|p1a: pete ness|30\/100 par\n|cant|p1a: pete ness|par\n|\n|upkeep\n|turn|10\n|\n|t:|1699584556\n|move|p2a: Rayquaza|Sucker Punch|p1a: pete ness\n|-damage|p1a: pete ness|1\/100 par\n|cant|p1a: pete ness|par\n|\n|upkeep\n|turn|11\n|\n|t:|1699584562\n|switch|p1a: DELFINATOR|Palafin-Hero, M|87\/100\n|-activate|p1a: DELFINATOR|ability: Zero to Hero\n|move|p2a: Rayquaza|Sucker Punch||[still]\n|-fail|p2a: Rayquaza\n|\n|upkeep\n|turn|12\n|\n|t:|1699584569\n|move|p2a: Rayquaza|Sucker Punch||[still]\n|-fail|p2a: Rayquaza\n|move|p1a: DELFINATOR|Substitute|p1a: DELFINATOR\n|-start|p1a: DELFINATOR|Substitute\n|-damage|p1a: DELFINATOR|62\/100\n|\n|upkeep\n|turn|13\n|\n|t:|1699584576\n|move|p2a: Rayquaza|Shadow Claw|p1a: DELFINATOR\n|-activate|p1a: DELFINATOR|move: Substitute|[damage]\n|move|p1a: DELFINATOR|Drain Punch|p2a: Rayquaza\n|-supereffective|p2a: Rayquaza\n|-enditem|p2a: Rayquaza|Focus Sash\n|-damage|p2a: Rayquaza|1\/100\n|-heal|p1a: DELFINATOR|95\/100|[from] drain|[of] p2a: Rayquaza\n|replace|p2a: Zoroark|Zoroark, M\n|-end|p2a: Zoroark|Illusion\n|\n|upkeep\n|turn|14\n|\n|t:|1699584588\n|move|p2a: Zoroark|Sucker Punch|p1a: DELFINATOR\n|-end|p1a: DELFINATOR|Substitute\n|move|p1a: DELFINATOR|Jet Punch|p2a: Zoroark\n|-crit|p2a: Zoroark\n|-damage|p2a: Zoroark|0 fnt\n|faint|p2a: Zoroark\n|\n|upkeep\n|\n|t:|1699584597\n|switch|p2a: Rayquaza|Rayquaza|100\/100\n|-ability|p2a: Rayquaza|Air Lock\n|turn|15\n|\n|t:|1699584602\n|switch|p1a: pete ness|Cradily, M, tera:Fire|1\/100 par\n|-terastallize|p2a: Rayquaza|Normal\n|move|p2a: Rayquaza|Extreme Speed|p1a: pete ness\n|-damage|p1a: pete ness|0 fnt\n|faint|p1a: pete ness\n|\n|upkeep\n|\n|t:|1699584612\n|switch|p1a: Chomps|Garchomp, M, shiny|100\/100\n|turn|16\n|\n|t:|1699584616\n|move|p2a: Rayquaza|Extreme Speed|p1a: Chomps\n|-damage|p1a: Chomps|55\/100\n|-damage|p2a: Rayquaza|88\/100|[from] ability: Rough Skin|[of] p1a: Chomps\n|move|p1a: Chomps|Outrage|p2a: Rayquaza\n|-damage|p2a: Rayquaza|0 fnt\n|faint|p2a: Rayquaza\n|\n|upkeep\n|\n|t:|1699584622\n|switch|p2a: Marshadow|Marshadow|100\/100\n|turn|17\n|\n|t:|1699584624\n|move|p2a: Marshadow|Hidden Power|p1a: Chomps\n|-supereffective|p1a: Chomps\n|-damage|p1a: Chomps|0 fnt\n|faint|p1a: Chomps\n|\n|upkeep\n|\n|t:|1699584628\n|switch|p1a: Sammy|Lopunny, F|100\/100\n|turn|18\n|\n|t:|1699584650\n|detailschange|p1a: Sammy|Lopunny-Mega, F\n|-mega|p1a: Sammy|Lopunny|Lopunnite\n|move|p1a: Sammy|U-turn|p2a: Marshadow\n|-resisted|p2a: Marshadow\n|-damage|p2a: Marshadow|91\/100\n|\n|t:|1699584655\n|switch|p1a: Ld. Renegade|Giratina|100\/100|[from] U-turn\n|-ability|p1a: Ld. Renegade|Pressure\n|move|p2a: Marshadow|Close Combat|p1a: Ld. Renegade\n|-immune|p1a: Ld. Renegade\n|\n|upkeep\n|turn|19\n|inactive|fresh yes has 120 seconds left.\n|\n|t:|1699584685\n|move|p2a: Marshadow|Spectral Thief|p1a: Ld. Renegade\n|-supereffective|p1a: Ld. Renegade\n|-crit|p1a: Ld. Renegade\n|-damage|p1a: Ld. Renegade|15\/100\n|move|p1a: Ld. Renegade|Will-O-Wisp|p2a: Marshadow\n|-status|p2a: Marshadow|brn\n|\n|-heal|p1a: Ld. Renegade|22\/100|[from] item: Leftovers\n|-damage|p2a: Marshadow|85\/100 brn|[from] brn\n|upkeep\n|turn|20\n|inactive|fresh yes has 120 seconds left.\n|\n|t:|1699584693\n|move|p2a: Marshadow|Shadow Sneak|p1a: Ld. Renegade\n|-supereffective|p1a: Ld. Renegade\n|-damage|p1a: Ld. Renegade|3\/100\n|move|p1a: Ld. Renegade|Hex|p2a: Marshadow\n|-supereffective|p2a: Marshadow\n|-damage|p2a: Marshadow|0 fnt\n|faint|p2a: Marshadow\n|\n|-heal|p1a: Ld. Renegade|10\/100|[from] item: Leftovers\n|upkeep\n|\n|t:|1699584698\n|switch|p2a: Cinderace|Cinderace, M|100\/100\n|turn|21\n|\n|t:|1699584704\n|move|p2a: Cinderace|Acrobatics|p1a: Ld. Renegade\n|-start|p2a: Cinderace|typechange|Flying|[from] ability: Libero\n|-damage|p1a: Ld. Renegade|0 fnt\n|faint|p1a: Ld. Renegade\n|\n|upkeep\n|\n|t:|1699584711\n|switch|p1a: Sammy|Lopunny-Mega, F|100\/100\n|turn|22\n|\n|t:|1699584714\n|move|p1a: Sammy|Triple Axel|p2a: Cinderace\n|-supereffective|p2a: Cinderace\n|-damage|p2a: Cinderace|78\/100\n|-supereffective|p2a: Cinderace\n|-damage|p2a: Cinderace|33\/100\n|-supereffective|p2a: Cinderace\n|-damage|p2a: Cinderace|0 fnt\n|faint|p2a: Cinderace\n|-hitcount|p2: Cinderace|3\n|\n|win|fresh yes\n|raw|fresh yes's rating: 1220 &rarr; <strong>1244<\/strong><br \/>(+24 for winning)\n|raw|IrineuJ32323's rating: 1203 &rarr; <strong>1179<\/strong><br \/>(-24 for losing)\n|l|\u2606IrineuJ32323\n","uploadtime":1699584720,"views":5,"p1id":"freshyes","p2id":"irineuj32323","formatid":"gen9nationaldexubers","rating":1179,"private":0,"password":""}