{"id":"gen9nationaldexubers-1981136611","p1":"Neosouls","p2":"DrArkane15","format":"[Gen 9] National Dex Ubers","log":"|j|\u2606Neosouls\n|j|\u2606DrArkane15\n|t:|1698866509\n|gametype|singles\n|player|p1|Neosouls|266|\n|player|p2|DrArkane15|cyrus|\n|teamsize|p1|4\n|teamsize|p2|3\n|gen|9\n|tier|[Gen 9] National Dex Ubers\n|rule|HP Percentage Mod: HP is shown in percentages\n|rule|Endless Battle Clause: Forcing endless battles is banned\n|rule|OHKO Clause: OHKO moves are banned\n|rule|Evasion Moves Clause: Evasion moves are banned\n|rule|Evasion Items Clause: Evasion items are banned\n|rule|Species Clause: Limit one of each Pok\u00e9mon\n|rule|Sleep Clause Mod: Limit one foe put to sleep\n|rule|Mega Rayquaza Clause: You cannot mega evolve Rayquaza\n|clearpoke\n|poke|p1|Charmeleon, L16, M|\n|poke|p1|Staravia, L17, F|\n|poke|p1|Magikarp, L13, M|\n|poke|p1|Mankey, L15, M|\n|poke|p2|Pinsir, L20, F|\n|poke|p2|Charjabug, L16, F|\n|poke|p2|Escavalier, L18, F|\n|teampreview\n|\n|t:|1698866524\n|start\n|switch|p1a: Apollon|Charmeleon, L16, M|100\/100\n|switch|p2a: Escavalier|Escavalier, L18, F|100\/100\n|turn|1\n|j| Half_A_Ako\n|\n|t:|1698866536\n|move|p1a: Apollon|Ember|p2a: Escavalier\n|-supereffective|p2a: Escavalier\n|-damage|p2a: Escavalier|32\/100\n|move|p2a: Escavalier|Acid Spray|p1a: Apollon\n|-damage|p1a: Apollon|86\/100\n|-unboost|p1a: Apollon|spd|2\n|\n|upkeep\n|turn|2\n|\n|t:|1698866545\n|move|p1a: Apollon|Ember|p2a: Escavalier\n|-supereffective|p2a: Escavalier\n|-damage|p2a: Escavalier|0 fnt\n|faint|p2a: Escavalier\n|\n|upkeep\n|\n|t:|1698866557\n|switch|p2a: Pinsir|Pinsir, L20, F|100\/100\n|-ability|p2a: Pinsir|Mold Breaker\n|turn|3\n|\n|t:|1698866565\n|move|p2a: Pinsir|Storm Throw|p1a: Apollon\n|-crit|p1a: Apollon\n|-damage|p1a: Apollon|0 fnt\n|faint|p1a: Apollon\n|\n|upkeep\n|\n|t:|1698866570\n|switch|p1a: Starscreem|Staravia, L17, F|100\/100\n|-ability|p1a: Starscreem|Intimidate|boost\n|-unboost|p2a: Pinsir|atk|1\n|turn|4\n|\n|t:|1698866577\n|move|p2a: Pinsir|Storm Throw|p1a: Starscreem\n|-crit|p1a: Starscreem\n|-damage|p1a: Starscreem|10\/100\n|move|p1a: Starscreem|Wing Attack|p2a: Pinsir\n|-supereffective|p2a: Pinsir\n|-damage|p2a: Pinsir|59\/100\n|\n|upkeep\n|turn|5\n|\n|t:|1698866588\n|move|p2a: Pinsir|Storm Throw|p1a: Starscreem\n|-crit|p1a: Starscreem\n|-damage|p1a: Starscreem|0 fnt\n|faint|p1a: Starscreem\n|\n|upkeep\n|\n|t:|1698866593\n|switch|p1a: Wilder|Mankey, L15, M|100\/100\n|turn|6\n|\n|t:|1698866601\n|move|p2a: Pinsir|Bug Bite|p1a: Wilder\n|-resisted|p1a: Wilder\n|-damage|p1a: Wilder|60\/100\n|move|p1a: Wilder|Low Kick|p2a: Pinsir\n|-resisted|p2a: Pinsir\n|-damage|p2a: Pinsir|44\/100\n|\n|upkeep\n|turn|7\n|c| Half_A_Ako|la wwonte\n|c|\u2606Neosouls|ta race toi x)\n|\n|t:|1698866641\n|move|p2a: Pinsir|Bug Bite|p1a: Wilder\n|-resisted|p1a: Wilder\n|-damage|p1a: Wilder|16\/100\n|move|p1a: Wilder|Fury Swipes|p2a: Pinsir\n|-damage|p2a: Pinsir|39\/100\n|-damage|p2a: Pinsir|34\/100\n|-damage|p2a: Pinsir|28\/100\n|-hitcount|p2a: Pinsir|3\n|\n|upkeep\n|turn|8\n|c| Half_A_Ako|imagine tu perds\n|\n|t:|1698866655\n|move|p2a: Pinsir|Bug Bite|p1a: Wilder\n|-resisted|p1a: Wilder\n|-damage|p1a: Wilder|0 fnt\n|faint|p1a: Wilder\n|\n|upkeep\n|\n|t:|1698866660\n|switch|p1a: Magikarp|Magikarp, L13, M|100\/100\n|turn|9\n|c| Half_A_Ako|force\n|c| Half_A_Ako|gg\n|c| Half_A_Ako|my g\n|\n|t:|1698866666\n|move|p2a: Pinsir|Bug Bite|p1a: Magikarp\n|-damage|p1a: Magikarp|0 fnt\n|faint|p1a: Magikarp\n|\n|win|DrArkane15\n|c| Half_A_Ako|tu t'es bien battu\n|l|\u2606Neosouls\n","uploadtime":1698866676,"views":11,"p1id":"neosouls","p2id":"drarkane15","formatid":"gen9nationaldexubers","rating":0,"private":0,"password":""}