{"id":"gen9nationaldexubers-1993724612","p1":"Vukes","p2":"Tudedude_cooldude","format":"[Gen 9] National Dex Ubers","log":"|j|\u2606Vukes\n|j|\u2606Tudedude_cooldude\n|t:|1700349800\n|gametype|singles\n|player|p1|Vukes|bellelba|\n|player|p2|Tudedude_cooldude|2|\n|teamsize|p1|6\n|teamsize|p2|6\n|gen|9\n|tier|[Gen 9] National Dex Ubers\n|rule|HP Percentage Mod: HP is shown in percentages\n|rule|Endless Battle Clause: Forcing endless battles is banned\n|rule|OHKO Clause: OHKO moves are banned\n|rule|Evasion Moves Clause: Evasion moves are banned\n|rule|Evasion Items Clause: Evasion items are banned\n|rule|Species Clause: Limit one of each Pok\u00e9mon\n|rule|Sleep Clause Mod: Limit one foe put to sleep\n|rule|Mega Rayquaza Clause: You cannot mega evolve Rayquaza\n|clearpoke\n|poke|p1|Landorus-Therian, M|\n|poke|p1|Slowking-Galar, F|\n|poke|p1|Walking Wake|\n|poke|p1|Torkoal, M|\n|poke|p1|Tangrowth, F|\n|poke|p1|Venusaur, M|\n|poke|p2|Beedrill, F|\n|poke|p2|Suicune|\n|poke|p2|Walrein, F|\n|poke|p2|Skarmory, F|\n|poke|p2|Infernape, M|\n|poke|p2|Sandslash, M|\n|teampreview\n|inactive|Battle timer is ON: inactive players will automatically lose when time's up. (requested by Vukes)\n|c|\u2606Vukes|Aight sec might disconnect gonna post the link\n|j| The23rdPower\n|inactive|Vukes has 270 seconds left.\n|l|\u2606Vukes\n|inactive|Vukes disconnected and has 300 seconds to reconnect!\n|player|p1|\n|j| Ibitak\n|j|\u2606Vukes\n|inactive|Vukes reconnected and has 265 seconds left.\n|player|p1|Vukes|bellelba\n|c|\u2606Vukes|Oh alright\n|\n|t:|1700349858\n|start\n|switch|p1a: Torkoal|Torkoal, M|100\/100\n|switch|p2a: otter|Walrein, F|100\/100\n|-weather|SunnyDay|[from] ability: Drought|[of] p1a: Torkoal\n|turn|1\n|c|\u2606Tudedude_cooldude|mobile is crazy\n|\n|t:|1700349866\n|switch|p1a: Slowking|Slowking-Galar, F|100\/100\n|move|p2a: otter|Block|p1a: Slowking\n|-activate|p1a: Slowking|trapped\n|\n|-weather|SunnyDay|[upkeep]\n|upkeep\n|turn|2\n|inactive|Tudedude_cooldude has 270 seconds left.\n|inactiveoff|Battle timer is now OFF.\n|\n|t:|1700349922\n|switch|p2a: Cardi Bee|Beedrill, F|100\/100\n|move|p1a: Slowking|Future Sight|p2a: Cardi Bee\n|-start|p1a: Slowking|move: Future Sight\n|\n|-weather|SunnyDay|[upkeep]\n|upkeep\n|turn|3\n|j| mostgoodX\n|c| mostgoodX|vukes look out that is a fucking bee\n|c| The23rdPower|I can\n|\n|t:|1700349947\n|switch|p1a: Torkoal|Torkoal, M|100\/100\n|detailschange|p2a: Cardi Bee|Beedrill-Mega, F\n|-mega|p2a: Cardi Bee|Beedrill|Beedrillite\n|move|p2a: Cardi Bee|U-turn|p1a: Torkoal\n|-resisted|p1a: Torkoal\n|-damage|p1a: Torkoal|79\/100\n|j| A_Freaking_Beeeee\n|c| The23rdPower|I can't say anything rn but I will say do your best\n|\n|t:|1700349955\n|switch|p2a: otter|Walrein, F|100\/100|[from] U-turn\n|\n|-weather|SunnyDay|[upkeep]\n|upkeep\n|turn|4\n|l| A_Freaking_Beeeee\n|c|\u2606Vukes|Atleast it\u2019s not a wasp\n|c| The23rdPower|*\n|\n|t:|1700349976\n|switch|p1a: Venusaur|Venusaur, M|100\/100\n|move|p2a: otter|Rain Dance|p2a: otter\n|-weather|RainDance\n|\n|-weather|RainDance|[upkeep]\n|-end|p2a: otter|move: Future Sight\n|-damage|p2a: otter|64\/100\n|-heal|p2a: otter|70\/100|[from] item: Leftovers\n|upkeep\n|turn|5\n|c| mostgoodX|HE JUST HAS RAIN DANCE?\n|c| mostgoodX|HES GOATED AS FUCK?\n|c| Ibitak|lmao\n|j| bighabibi\n|l| bighabibi\n|j| bighabibi\n|\n|t:|1700350014\n|switch|p1a: Torkoal|Torkoal, M|79\/100\n|-weather|SunnyDay|[from] ability: Drought|[of] p1a: Torkoal\n|switch|p2a: Cardi Bee|Beedrill-Mega, F|100\/100\n|\n|-weather|SunnyDay|[upkeep]\n|upkeep\n|turn|6\n|c| bighabibi|Let him cook\n|\n|t:|1700350023\n|move|p2a: Cardi Bee|U-turn|p1a: Torkoal\n|-resisted|p1a: Torkoal\n|-damage|p1a: Torkoal|59\/100\n|\n|t:|1700350034\n|switch|p2a: otter|Walrein, F|70\/100|[from] U-turn\n|move|p1a: Torkoal|Yawn|p2a: otter\n|-start|p2a: otter|move: Yawn|[of] p1a: Torkoal\n|\n|-weather|SunnyDay|[upkeep]\n|-heal|p2a: otter|76\/100|[from] item: Leftovers\n|upkeep\n|turn|7\n|c| mostgoodX|im gonna lose it\n|l| bighabibi\n|c| Ibitak|what if his entire set is just rain dance and sleep talk\n|\n|t:|1700350072\n|switch|p2a: Cardi Bee|Beedrill-Mega, F|100\/100\n|move|p1a: Torkoal|Stealth Rock|p2a: Cardi Bee\n|-sidestart|p2: Tudedude_cooldude|move: Stealth Rock\n|\n|-weather|SunnyDay|[upkeep]\n|upkeep\n|turn|8\n|c| Ibitak|and block but who cares\n|j| bighabibi\n|c| mostgoodX|then we're skipping master 8 and tude wins the entire draft\n|\n|t:|1700350096\n|switch|p1a: Venusaur|Venusaur, M|100\/100\n|move|p2a: Cardi Bee|U-turn|p1a: Venusaur\n|-damage|p1a: Venusaur|25\/100\n|c|\u2606Vukes|that\u2019s some big chip man\n|c|\u2606Vukes|Wasp on steroids\n|\n|t:|1700350122\n|switch|p2a: Wyvern|Skarmory, F|100\/100|[from] U-turn\n|-damage|p2a: Wyvern|88\/100|[from] Stealth Rock\n|\n|-weather|SunnyDay|[upkeep]\n|upkeep\n|turn|9\n|\n|t:|1700350134\n|-zpower|p1a: Venusaur\n|move|p1a: Venusaur|Bloom Doom|p2a: Wyvern|[zeffect]\n|-resisted|p2a: Wyvern\n|-damage|p2a: Wyvern|54\/100\n|move|p2a: Wyvern|Spikes|p1a: Venusaur\n|-sidestart|p1: Vukes|Spikes\n|\n|-weather|SunnyDay|[upkeep]\n|upkeep\n|turn|10\n|c| Ibitak|what\n|\n|t:|1700350155\n|move|p1a: Venusaur|Growth|p1a: Venusaur\n|-boost|p1a: Venusaur|atk|2\n|-boost|p1a: Venusaur|spa|2\n|move|p2a: Wyvern|Body Press|p1a: Venusaur\n|-resisted|p1a: Venusaur\n|-damage|p1a: Venusaur|3\/100\n|\n|-weather|SunnyDay|[upkeep]\n|upkeep\n|turn|11\n|c| mostgoodX|corviknight is ass we vibe with skarmory in this house\n|c| bighabibi|Bro chose to do that\n|\n|t:|1700350178\n|move|p1a: Venusaur|Giga Drain|p2a: Wyvern\n|-resisted|p2a: Wyvern\n|-damage|p2a: Wyvern|31\/100\n|-heal|p1a: Venusaur|17\/100|[from] drain|[of] p2a: Wyvern\n|move|p2a: Wyvern|Body Press|p1a: Venusaur\n|-resisted|p1a: Venusaur\n|-damage|p1a: Venusaur|0 fnt\n|faint|p1a: Venusaur\n|\n|-weather|SunnyDay|[upkeep]\n|upkeep\n|\n|t:|1700350190\n|switch|p1a: Landorus|Landorus-Therian, M|100\/100\n|-ability|p1a: Landorus|Intimidate|boost\n|-unboost|p2a: Wyvern|atk|1\n|turn|12\n|c| Ibitak|where is weather ball\n|l| bighabibi\n|\n|t:|1700350245\n|move|p1a: Landorus|U-turn|p2a: Wyvern\n|-resisted|p2a: Wyvern\n|-crit|p2a: Wyvern\n|-damage|p2a: Wyvern|25\/100\n|-damage|p1a: Landorus|84\/100|[from] item: Rocky Helmet|[of] p2a: Wyvern\n|\n|t:|1700350250\n|switch|p1a: Slowking|Slowking-Galar, F|100\/100|[from] U-turn\n|move|p2a: Wyvern|Roost|p2a: Wyvern\n|-heal|p2a: Wyvern|75\/100\n|-singleturn|p2a: Wyvern|move: Roost\n|\n|-weather|none\n|upkeep\n|turn|13\n|c| mostgoodX|i hate to root against you vukes i really do but tude brought mf rain dance walrein and ur also team gacha\n|c| mostgoodX|soooo\n|\n|t:|1700350277\n|move|p2a: Wyvern|Iron Defense|p2a: Wyvern\n|-boost|p2a: Wyvern|def|2\n|move|p1a: Slowking|Future Sight|p2a: Wyvern\n|-start|p1a: Slowking|move: Future Sight\n|\n|upkeep\n|turn|14\n|j| superoinge22\n|c|\u2606Vukes|Idk about Weather ball I thought it would be funny to use Frenzy Plant in a game once\n|c| superoinge22|Tude brough WHAT\n|\n|t:|1700350304\n|move|p2a: Wyvern|Iron Defense|p2a: Wyvern\n|-boost|p2a: Wyvern|def|2\n|move|p1a: Slowking|Flamethrower|p2a: Wyvern\n|-supereffective|p2a: Wyvern\n|-damage|p2a: Wyvern|14\/100\n|-status|p2a: Wyvern|brn\n|\n|-damage|p2a: Wyvern|8\/100 brn|[from] brn\n|upkeep\n|turn|15\n|c| mostgoodX|brother, scroll up or restart the match. Shits wild\n|c| mostgoodX|cannot recount it you gotta see\n|\n|t:|1700350322\n|move|p2a: Wyvern|Roost|p2a: Wyvern\n|-heal|p2a: Wyvern|58\/100 brn\n|-singleturn|p2a: Wyvern|move: Roost\n|move|p1a: Slowking|Toxic Spikes|p2a: Wyvern\n|-sidestart|p2: Tudedude_cooldude|move: Toxic Spikes\n|\n|-end|p2a: Wyvern|move: Future Sight\n|-resisted|p2a: Wyvern\n|-damage|p2a: Wyvern|26\/100 brn\n|-damage|p2a: Wyvern|20\/100 brn|[from] brn\n|upkeep\n|turn|16\n|c| superoinge22|Wait um\n|c| superoinge22|Isnt vukes supposed to have moon for this\n|\n|t:|1700350383\n|move|p2a: Wyvern|Spikes|p1a: Slowking\n|-sidestart|p1: Vukes|Spikes\n|move|p1a: Slowking|Future Sight|p2a: Wyvern\n|-start|p1a: Slowking|move: Future Sight\n|\n|-damage|p2a: Wyvern|14\/100 brn|[from] brn\n|upkeep\n|turn|17\n|c| superoinge22|Or am i tripping\n|\n|t:|1700350391\n|move|p2a: Wyvern|Roost|p2a: Wyvern\n|-heal|p2a: Wyvern|64\/100 brn\n|-singleturn|p2a: Wyvern|move: Roost\n|move|p1a: Slowking|Flamethrower|p2a: Wyvern\n|-supereffective|p2a: Wyvern\n|-damage|p2a: Wyvern|0 fnt\n|faint|p2a: Wyvern\n|\n|upkeep\n|c| mostgoodX|moon?\n|c|\u2606Vukes|Nope Moon is for Week 7\n|c|\u2606Vukes|So against Stick\n|c| superoinge22|Oh this is a week 6 game\n|\n|t:|1700350414\n|switch|p2a: Knuckles|Sandslash, M, shiny|100\/100\n|-damage|p2a: Knuckles|94\/100|[from] Stealth Rock\n|-status|p2a: Knuckles|psn\n|turn|18\n|c| superoinge22|Mb\n|c| mostgoodX|NO KNUCKLES\n|\n|t:|1700350434\n|switch|p1a: Tangrowth|Tangrowth, F|100\/100\n|-damage|p1a: Tangrowth|84\/100|[from] Spikes\n|move|p2a: Knuckles|Rapid Spin|p1a: Tangrowth\n|-damage|p1a: Tangrowth|74\/100\n|-boost|p2a: Knuckles|spe|1\n|-sideend|p2: Tudedude_cooldude|Toxic Spikes|[from] move: Rapid Spin|[of] p2a: Knuckles\n|-sideend|p2: Tudedude_cooldude|Stealth Rock|[from] move: Rapid Spin|[of] p2a: Knuckles\n|\n|-end|p2a: Knuckles|move: Future Sight\n|-damage|p2a: Knuckles|25\/100 psn\n|-damage|p2a: Knuckles|12\/100 psn|[from] psn\n|upkeep\n|turn|19\n|c| superoinge22|W tude\n|c| mostgoodX|SHIII\n|\n|t:|1700350459\n|move|p2a: Knuckles|Rest|p2a: Knuckles\n|-status|p2a: Knuckles|slp|[from] move: Rest\n|-heal|p2a: Knuckles|100\/100 slp|[silent]\n|move|p1a: Tangrowth|Earthquake|p2a: Knuckles\n|-damage|p2a: Knuckles|82\/100 slp\n|\n|upkeep\n|turn|20\n|c| mostgoodX|w h a t\n|\n|t:|1700350466\n|cant|p2a: Knuckles|slp\n|-zpower|p2a: Knuckles\n|move|p2a: Knuckles|Z-Sleep Talk|p2a: Knuckles|[anim]Sleep Talk\n|-start|p2a: Knuckles|move: Focus Energy|[zeffect]\n|move|p2a: Knuckles|Rest||[from]move: Sleep Talk|[still]\n|-fail|p2a: Knuckles\n|move|p1a: Tangrowth|Giga Drain|p2a: Knuckles\n|-supereffective|p2a: Knuckles\n|-damage|p2a: Knuckles|0 fnt\n|-heal|p1a: Tangrowth|100\/100|[from] drain|[of] p2a: Knuckles\n|faint|p2a: Knuckles\n|\n|upkeep\n|c| superoinge22|Man what\n|c|\u2606Tudedude_cooldude|FUCK\n|c| superoinge22|What the fuck am i watching\n|c| mostgoodX|THAT WAS ALMOST SUPER FUCKING COOL MANNNN\n|c|\u2606Vukes|That was funny I\u2019ll give you that lmfao\n|c| superoinge22|23RD WHAT DID YOU DO\n|c| mostgoodX|FUCKING Z SLEEP TALK\n|c|\u2606Tudedude_cooldude|that almost went down in history\n|c|\u2606Vukes|What you ran on that lmao\n|c|\u2606Tudedude_cooldude|Drill run\n|c|\u2606Tudedude_cooldude|1090% crit\n|c|\u2606Tudedude_cooldude|100%\n|c|\u2606Vukes|Praise crit\n|c| superoinge22|Damn a whole 20% to tangrowth\n|c| superoinge22|Huge\n|c| The23rdPower|Tbf\n|\n|t:|1700350539\n|switch|p2a: Cardi Bee|Beedrill-Mega, F|100\/100\n|turn|21\n|c| mostgoodX|that's amazing and terrifying\n|c| The23rdPower|I did not intend him to use that on Tangrowth\n|c| mostgoodX|im sad it did not work out\n|c| superoinge22|Ye i can see that 23rd dw\n|c|\u2606Tudedude_cooldude|dw\n|\n|t:|1700350576\n|-terastallize|p1a: Tangrowth|Steel\n|move|p2a: Cardi Bee|Poison Jab|p1a: Tangrowth\n|-immune|p1a: Tangrowth\n|move|p1a: Tangrowth|Earthquake|p2a: Cardi Bee\n|-damage|p2a: Cardi Bee|41\/100\n|\n|upkeep\n|turn|22\n|c| mostgoodX|fuck\n|c| mostgoodX|actually wait now that im thinking about it eq tangrowth\n|\n|t:|1700350623\n|switch|p1a: Landorus|Landorus-Therian, M|84\/100\n|-ability|p1a: Landorus|Intimidate|boost\n|-unboost|p2a: Cardi Bee|atk|1\n|move|p2a: Cardi Bee|U-turn|p1a: Landorus\n|-resisted|p1a: Landorus\n|-damage|p1a: Landorus|63\/100\n|\n|t:|1700350630\n|switch|p2a: Aoinu|Suicune|100\/100|[from] U-turn\n|-ability|p2a: Aoinu|Pressure\n|\n|upkeep\n|turn|23\n|c| mostgoodX|eh it's got base 100 atk who am i to judge\n|c| mostgoodX|higher than darkrai\n|c| superoinge22|Suicune sweeps here ngl\n|c|\u2606Vukes|So what if I boom\n|\n|t:|1700350668\n|move|p1a: Landorus|U-turn|p2a: Aoinu\n|-damage|p2a: Aoinu|82\/100\n|c| mostgoodX|you better mean boomburst\n|c| superoinge22|Bro tried bluffing in the chat\n|c|\u2606Tudedude_cooldude|rut roh\n|c| superoinge22|Actually deranged behavior\n|c|\u2606Tudedude_cooldude|i already clicked\n|c|\u2606Tudedude_cooldude|w strat tho\n|c| superoinge22|Prolly learned that from gacha\n|c| mostgoodX|vukes brother be careful\n|c| mostgoodX|that suicine has dig\n|c| mostgoodX|suicune\n|c| mostgoodX|whatever\n|c| mostgoodX|that dog has dig\n|\n|t:|1700350744\n|switch|p1a: Walking Wake|Walking Wake|100\/100|[from] U-turn\n|-damage|p1a: Walking Wake|84\/100|[from] Spikes\n|move|p2a: Aoinu|Calm Mind|p2a: Aoinu\n|-boost|p2a: Aoinu|spa|1\n|-boost|p2a: Aoinu|spd|1\n|\n|-heal|p2a: Aoinu|88\/100|[from] item: Leftovers\n|upkeep\n|turn|24\n|c| superoinge22|I wasnt joking btw suicune actually has sweep potential here\n|c| superoinge22|If he plays right\n|c| mostgoodX|i lied i LIED I DECEIVED YOU\n|c| superoinge22|And if vukes throws\n|c|\u2606Vukes|Im ngl Oinge I\u2019m not in for M8 either way I\u2019m here for fu\n|\n|t:|1700350783\n|move|p1a: Walking Wake|Draco Meteor|p2a: Aoinu\n|-damage|p2a: Aoinu|36\/100\n|-unboost|p1a: Walking Wake|spa|2\n|move|p2a: Aoinu|Shadow Ball|p1a: Walking Wake\n|-damage|p1a: Walking Wake|44\/100\n|-unboost|p1a: Walking Wake|spd|1\n|\n|-heal|p2a: Aoinu|42\/100|[from] item: Leftovers\n|upkeep\n|turn|25\n|c| mostgoodX|but if you get m8 you have a chance to kill 23rd\n|\n|t:|1700350806\n|-end|p1a: Walking Wake|Protosynthesis|[silent]\n|switch|p1a: Slowking|Slowking-Galar, F|100\/100\n|move|p2a: Aoinu|Shadow Ball|p1a: Slowking\n|-supereffective|p1a: Slowking\n|-damage|p1a: Slowking|60\/100\n|\n|-heal|p2a: Aoinu|48\/100|[from] item: Leftovers\n|upkeep\n|turn|26\n|c| superoinge22|He cant get m8 most\n|j| goobiathan\n|c| mostgoodX|you cant get m8\n|\n|t:|1700350831\n|move|p2a: Aoinu|Calm Mind|p2a: Aoinu\n|-boost|p2a: Aoinu|spa|1\n|-boost|p2a: Aoinu|spd|1\n|move|p1a: Slowking|Grass Knot|p2a: Aoinu\n|-supereffective|p2a: Aoinu\n|-damage|p2a: Aoinu|29\/100\n|\n|-heal|p2a: Aoinu|35\/100|[from] item: Leftovers\n|upkeep\n|turn|27\n|\n|t:|1700350842\n|move|p2a: Aoinu|Shadow Ball|p1a: Slowking\n|-supereffective|p1a: Slowking\n|-damage|p1a: Slowking|6\/100\n|move|p1a: Slowking|Future Sight|p2a: Aoinu\n|-start|p1a: Slowking|move: Future Sight\n|\n|-heal|p2a: Aoinu|42\/100|[from] item: Leftovers\n|upkeep\n|turn|28\n|c| superoinge22|Now tude\n|c| superoinge22|Do it\n|\n|t:|1700350854\n|move|p2a: Aoinu|Calm Mind|p2a: Aoinu\n|-boost|p2a: Aoinu|spa|1\n|-boost|p2a: Aoinu|spd|1\n|move|p1a: Slowking|Grass Knot|p2a: Aoinu\n|-supereffective|p2a: Aoinu\n|-damage|p2a: Aoinu|24\/100\n|\n|-heal|p2a: Aoinu|31\/100|[from] item: Leftovers\n|upkeep\n|turn|29\n|c| superoinge22|Not that one man\n|c| superoinge22|Other one\n|\n|t:|1700350867\n|move|p2a: Aoinu|Shadow Ball|p1a: Slowking\n|-supereffective|p1a: Slowking\n|-damage|p1a: Slowking|0 fnt\n|faint|p1a: Slowking\n|\n|-end|p2a: Aoinu|move: Future Sight\n|-damage|p2a: Aoinu|16\/100\n|-heal|p2a: Aoinu|22\/100|[from] item: Leftovers\n|upkeep\n|c| mostgoodX|he needed to calm down first\n|\n|t:|1700350869\n|switch|p1a: Landorus|Landorus-Therian, M|63\/100\n|-ability|p1a: Landorus|Intimidate|boost\n|-unboost|p2a: Aoinu|atk|1\n|turn|30\n|c| mostgoodX|give him a second\n|c| superoinge22|Theres no way he doesnt have it man its a 23rd set\n|c| superoinge22|Too late now tho\n|c| mostgoodX|unless you mean toxic i've no idea what you're talking about\n|c|\u2606Vukes|Probably rest?\n|c| The23rdPower|I think I know what Oinge means\n|\n|t:|1700350917\n|move|p1a: Landorus|Earthquake|p2a: Aoinu\n|-damage|p2a: Aoinu|0 fnt\n|faint|p2a: Aoinu\n|\n|upkeep\n|c| The23rdPower|I can't say rn\n|c|\u2606Vukes|Roar?\n|c| superoinge22|I mean rest ye\n|c| The23rdPower|I'll say later\n|c| mostgoodX|you CANNOT mean rest\n|c|\u2606Vukes|It\u2019s dead now so\n|c| mostgoodX|then again rest sandslash\n|c| superoinge22|Ye thats why i said\n|c|\u2606Vukes|Reveal\n|c|\u2606Tudedude_cooldude|didnt have it\n|c| superoinge22|What the fuck\n|c| mostgoodX|shiii\n|c| superoinge22|Why 23rd\n|\n|t:|1700350959\n|switch|p2a: otter|Walrein, F|76\/100\n|turn|31\n|c| superoinge22|Walrein is so badass tho\n|c| mostgoodX|oh shit it's the otter\n|c| superoinge22|What a beast\n|\n|t:|1700350984\n|switch|p1a: Torkoal|Torkoal, M|59\/100\n|-damage|p1a: Torkoal|42\/100|[from] Spikes\n|-weather|SunnyDay|[from] ability: Drought|[of] p1a: Torkoal\n|move|p2a: otter|Surf|p1a: Torkoal\n|-supereffective|p1a: Torkoal\n|-damage|p1a: Torkoal|4\/100\n|\n|-weather|SunnyDay|[upkeep]\n|-heal|p2a: otter|83\/100|[from] item: Leftovers\n|upkeep\n|turn|32\n|\n|t:|1700350996\n|move|p2a: otter|Rain Dance|p2a: otter\n|-weather|RainDance\n|move|p1a: Torkoal|Stealth Rock|p2a: otter\n|-sidestart|p2: Tudedude_cooldude|move: Stealth Rock\n|\n|-weather|RainDance|[upkeep]\n|-heal|p2a: otter|89\/100|[from] item: Leftovers\n|upkeep\n|turn|33\n|\n|t:|1700351003\n|move|p2a: otter|Toxic|p1a: Torkoal|[miss]\n|-miss|p2a: otter|p1a: Torkoal\n|move|p1a: Torkoal|Yawn|p2a: otter\n|-start|p2a: otter|move: Yawn|[of] p1a: Torkoal\n|\n|-weather|RainDance|[upkeep]\n|-heal|p2a: otter|95\/100|[from] item: Leftovers\n|upkeep\n|turn|34\n|c|\u2606Tudedude_cooldude|HBNRO\n|c|\u2606Tudedude_cooldude|BERAHSBfb hED\n|c| The23rdPower|WHAT THE HELL WAS THAT?\n|c| superoinge22|Ummmmm\n|c| Ibitak|why didn\u2018t you just attack\n|\n|t:|1700351025\n|move|p2a: otter|Surf|p1a: Torkoal\n|-supereffective|p1a: Torkoal\n|-damage|p1a: Torkoal|0 fnt\n|faint|p1a: Torkoal\n|\n|-weather|RainDance|[upkeep]\n|-heal|p2a: otter|100\/100|[from] item: Leftovers\n|-end|p2a: otter|move: Yawn|[silent]\n|-status|p2a: otter|slp\n|upkeep\n|c| mostgoodX|expected a switch perhaps?\n|c|\u2606Tudedude_cooldude|ye\n|j| xdd-Rayleigh\n|c| Ibitak|switch to who\n|c|\u2606Tudedude_cooldude|idk\n|c|\u2606Tudedude_cooldude|wen gittam\n|c| mostgoodX|actually in hindsight hes got a steel tangrowth\n|c| superoinge22|Wake i guess\n|c|\u2606Tudedude_cooldude|consider all possibilities\n|c| superoinge22|But surf isnt bad into a wake switch\n|c| The23rdPower|Ok well\n|c| superoinge22|Rain boosted and spikes are up\n|c| The23rdPower|I don't want the set blamed for that turn\n|c| The23rdPower|That's all I'm gonna say\n|\n|t:|1700351076\n|switch|p1a: Walking Wake|Walking Wake|44\/100\n|-damage|p1a: Walking Wake|27\/100|[from] Spikes\n|turn|35\n|c| xdd-Rayleigh|I will be there no matter what\n|\n|t:|1700351111\n|move|p1a: Walking Wake|Draco Meteor|p2a: otter\n|-damage|p2a: otter|20\/100 slp\n|-unboost|p1a: Walking Wake|spa|2\n|cant|p2a: otter|slp\n|\n|-weather|RainDance|[upkeep]\n|-heal|p2a: otter|26\/100 slp|[from] item: Leftovers\n|upkeep\n|turn|36\n|c|\u2606Vukes|Based if this is Sleep Talk Roar\n|c| mostgoodX|nooo ):\n|c| mostgoodX|QUICK CLAW ACTIVATE\n|c|\u2606Tudedude_cooldude|mfers expecting every mon to have sleep talk\n|c|\u2606Tudedude_cooldude|cant hide SHIT\n|c| superoinge22|I'm just confused why suicune of all mons didnt have it he loves that shit\n|c|\u2606Tudedude_cooldude|he did a few weeks ago\n|c| mostgoodX|reverse psychology\n|c| The23rdPower|Other Suicunes had it\n|c|\u2606Tudedude_cooldude|if thats any consolation\n|c| superoinge22|Yea i saw\n|c| superoinge22|Anyways just play\n|\n|t:|1700351195\n|-end|p1a: Walking Wake|Protosynthesis|[silent]\n|switch|p1a: Landorus|Landorus-Therian, M|63\/100\n|-ability|p1a: Landorus|Intimidate|boost\n|-unboost|p2a: otter|atk|1\n|-curestatus|p2a: otter|slp|[msg]\n|move|p2a: otter|Surf|p1a: Landorus\n|-supereffective|p1a: Landorus\n|-damage|p1a: Landorus|0 fnt\n|faint|p1a: Landorus\n|\n|-weather|none\n|-heal|p2a: otter|33\/100|[from] item: Leftovers\n|upkeep\n|c|\u2606Tudedude_cooldude|les go\n|c| superoinge22|LMAO\n|c| mostgoodX|WWWWWWWWWWWWWWWWWWWWWWWWWW\n|c| mostgoodX|but also unfortunate\n|c| Ibitak|why tho\n|c|\u2606Vukes|Legitimate question\n|c|\u2606Tudedude_cooldude|shoot\n|c| superoinge22|Vukes wins here if his sets arent deranged\n|c|\u2606Vukes|can I not count\n|c| superoinge22|He slept when you dracod vukes\n|c| superoinge22|That was the guaranteed\n|c| The23rdPower|I think Vukes loses from here\n|c| The23rdPower|But let's see\n|c| superoinge22|Sorry not vukes why did i say that\n|c| superoinge22|I meant tude\n|c| mostgoodX|that tangrowth has power swap brother it's over\n|c| superoinge22|Tude wins here barring any throws ye\n|c| mostgoodX|not that i like to rush people, however\n|c| mostgoodX|you've two options\n|c| Ibitak|we\u2018ve seen throws like that before\n|c| superoinge22|Lol\n|c| superoinge22|Someone besides me said it thank you most\n|c| superoinge22|We dont have all day man\n|c|\u2606Tudedude_cooldude|we do\n|c| Ibitak|i do\n|c|\u2606Tudedude_cooldude|let him cook\n|c| The23rdPower|There is 1 thing Tude could do to throw massively\n|c| The23rdPower|And I'm praying he does not\n|c| mostgoodX|i'm never reading your mind again oinge\n|c| superoinge22|Wait actually i guess i actually do\n|c| mostgoodX|WHY AM I SUDDENLY ALONE\n|c| superoinge22|But i dont want to be here all day\n|\n|t:|1700351387\n|switch|p1a: Tangrowth|Tangrowth, F, tera:Steel|100\/100\n|-damage|p1a: Tangrowth|84\/100|[from] Spikes\n|turn|37\n|c| Ibitak|ngl that walrein cooked\n|\n|t:|1700351405\n|move|p2a: otter|Toxic|p1a: Tangrowth\n|-immune|p1a: Tangrowth\n|move|p1a: Tangrowth|Giga Drain|p2a: otter\n|-supereffective|p2a: otter\n|-damage|p2a: otter|0 fnt\n|-heal|p1a: Tangrowth|99\/100|[from] drain|[of] p2a: otter\n|faint|p2a: otter\n|\n|upkeep\n|c| superoinge22|Ummmmmm\n|c| Ibitak|bro\n|c|\u2606Tudedude_cooldude|forgor\n|c| The23rdPower|I swear to God man\n|\n|t:|1700351416\n|switch|p2a: noodle boy|Infernape, M|100\/100\n|-damage|p2a: noodle boy|88\/100|[from] Stealth Rock\n|turn|38\n|c| superoinge22|Ummmmmmmmmmmm\n|c| Ibitak|it says right there on the screen\u2026\n|c|\u2606Tudedude_cooldude|forgor\n|c| mostgoodX|brother\n|c| superoinge22|This is simultaneously the best and worst match\n|c| superoinge22|Hard lando on surf into toxic tera steel tangrowth\n|c| superoinge22|5d chess\n|c| The23rdPower|What is taking so long on this turn?\n|c| superoinge22|I have no idea\n|c|\u2606Tudedude_cooldude|he draining me mental stamina\n|c|\u2606Tudedude_cooldude|w\n|c| mostgoodX|gacha is coaching him\n|\n|t:|1700351518\n|move|p2a: noodle boy|Flamethrower|p1a: Tangrowth\n|-supereffective|p1a: Tangrowth\n|-damage|p1a: Tangrowth|45\/100\n|move|p1a: Tangrowth|Sleep Powder|p2a: noodle boy\n|-status|p2a: noodle boy|slp|[from] move: Sleep Powder\n|-enditem|p2a: noodle boy|Lum Berry|[eat]\n|-curestatus|p2a: noodle boy|slp|[msg]\n|\n|upkeep\n|turn|39\n|c| The23rdPower|W\n|c|\u2606Tudedude_cooldude|nice try\n|c| superoinge22|LMAOOOOOO\n|c| mostgoodX|i've no evidence of this claim however it is grounds to ban gachLUM BERRY\n|c| Ibitak|LOOOOOOL\n|\n|t:|1700351532\n|switch|p1a: Walking Wake|Walking Wake|27\/100\n|-damage|p1a: Walking Wake|11\/100|[from] Spikes\n|move|p2a: noodle boy|Flamethrower|p1a: Walking Wake\n|-resisted|p1a: Walking Wake\n|-damage|p1a: Walking Wake|1\/100\n|\n|upkeep\n|turn|40\n|c| superoinge22|BROOOOOO YOU HAVE EQ\n|c| superoinge22|AAAAAAA\n|c|\u2606Tudedude_cooldude|...\n|c| mostgoodX|what the fuck just happened\n|c|\u2606Tudedude_cooldude|...\n|c|\u2606Tudedude_cooldude|....\n|c|\u2606Tudedude_cooldude|......\n|c| Ibitak|if i don\u2018t see mach punch or vacuum wave here\n|l| superoinge22\n|c| Ibitak|he having a dialogue\n|\n|t:|1700351577\n|move|p1a: Walking Wake|Hydro Steam|p2a: noodle boy\n|-supereffective|p2a: noodle boy\n|-damage|p2a: noodle boy|0 fnt\n|faint|p2a: noodle boy\n|\n|upkeep\n|\n|t:|1700351581\n|switch|p2a: Cardi Bee|Beedrill-Mega, F|41\/100\n|-damage|p2a: Cardi Bee|16\/100|[from] Stealth Rock\n|turn|41\n|c|\u2606Vukes|Tbh I thought you would click Fire Blast and went to calc to see if I should gg already\n|c| Ibitak|bro\n|c| mostgoodX|brother.\n|\n|t:|1700351597\n|move|p2a: Cardi Bee|Fell Stinger|p1a: Walking Wake\n|-damage|p1a: Walking Wake|0 fnt\n|faint|p1a: Walking Wake\n|-end|p1a: Walking Wake|Protosynthesis|[silent]\n|-boost|p2a: Cardi Bee|atk|3\n|\n|upkeep\n|c| mostgoodX|I'm gonna fucking lose it\n|\n|t:|1700351600\n|switch|p1a: Tangrowth|Tangrowth, F, tera:Steel|78\/100\n|-damage|p1a: Tangrowth|62\/100|[from] Spikes\n|turn|42\n|c| Ibitak|holup\n|c| mostgoodX|fell stinger\n|c|\u2606Vukes|Drill Run?\n|c| mostgoodX|i'm\n|c|\u2606Tudedude_cooldude|its now or never\n|\n|t:|1700351618\n|move|p2a: Cardi Bee|Drill Run|p1a: Tangrowth\n|-supereffective|p1a: Tangrowth\n|-damage|p1a: Tangrowth|0 fnt\n|faint|p1a: Tangrowth\n|\n|win|Tudedude_cooldude\n|c|\u2606Tudedude_cooldude|gg\n|c| Ibitak|i\u2018m done man\n|c|\u2606Vukes|gg\n|c| The23rdPower|Game\n|c| mostgoodX|fuck just happened?\n","uploadtime":1700351634,"views":63,"p1id":"vukes","p2id":"tudedudecooldude","formatid":"gen9nationaldexubers","rating":0,"private":0,"password":""}