{"id":"gen9nationaldexubers-1991304573","p1":"ShuckLord08","p2":"Slothbaseiscool","format":"[Gen 9] National Dex Ubers","log":"|j|\u2606ShuckLord08\n|j|\u2606Slothbaseiscool\n|t:|1700065940\n|gametype|singles\n|player|p1|ShuckLord08|1|1047\n|player|p2|Slothbaseiscool|101|1000\n|teamsize|p1|6\n|teamsize|p2|6\n|gen|9\n|tier|[Gen 9] National Dex Ubers\n|rated|\n|rule|HP Percentage Mod: HP is shown in percentages\n|rule|Endless Battle Clause: Forcing endless battles is banned\n|rule|OHKO Clause: OHKO moves are banned\n|rule|Evasion Moves Clause: Evasion moves are banned\n|rule|Evasion Items Clause: Evasion items are banned\n|rule|Species Clause: Limit one of each Pok\u00e9mon\n|rule|Sleep Clause Mod: Limit one foe put to sleep\n|rule|Mega Rayquaza Clause: You cannot mega evolve Rayquaza\n|clearpoke\n|poke|p1|Mew|\n|poke|p1|Fezandipiti, M|\n|poke|p1|Hippowdon, F|\n|poke|p1|Quagsire, M|\n|poke|p1|Lucario, F|\n|poke|p1|Tauros-Paldea-Blaze, M|\n|poke|p2|Polteageist-Antique|\n|poke|p2|Minior|\n|poke|p2|Huntail, M|\n|poke|p2|Cloyster, M|\n|poke|p2|Omastar, F|\n|poke|p2|Magcargo, M|\n|teampreview\n|\n|t:|1700065974\n|start\n|switch|p1a: Lucario|Lucario, F|100\/100\n|switch|p2a: Magcargo|Magcargo, M|100\/100\n|turn|1\n|\n|t:|1700065979\n|detailschange|p1a: Lucario|Lucario-Mega, F\n|-mega|p1a: Lucario|Lucario|Lucarionite\n|move|p1a: Lucario|Close Combat|p2a: Magcargo\n|-supereffective|p2a: Magcargo\n|-enditem|p2a: Magcargo|Focus Sash\n|-damage|p2a: Magcargo|1\/100\n|-unboost|p1a: Lucario|def|1\n|-unboost|p1a: Lucario|spd|1\n|-ability|p2a: Magcargo|Weak Armor|boost\n|-unboost|p2a: Magcargo|def|1\n|-boost|p2a: Magcargo|spe|2\n|move|p2a: Magcargo|Shell Smash|p2a: Magcargo\n|-unboost|p2a: Magcargo|def|1\n|-unboost|p2a: Magcargo|spd|1\n|-boost|p2a: Magcargo|atk|2\n|-boost|p2a: Magcargo|spa|2\n|-boost|p2a: Magcargo|spe|2\n|\n|upkeep\n|turn|2\n|\n|t:|1700065995\n|move|p1a: Lucario|Bullet Punch|p2a: Magcargo\n|-damage|p2a: Magcargo|0 fnt\n|faint|p2a: Magcargo\n|\n|upkeep\n|\n|t:|1700066001\n|switch|p2a: Cloyster|Cloyster, M|100\/100\n|turn|3\n|\n|t:|1700066008\n|switch|p1a: Quagsire|Quagsire, M|100\/100\n|move|p2a: Cloyster|Drill Run|p1a: Quagsire\n|-damage|p1a: Quagsire|83\/100\n|\n|-heal|p1a: Quagsire|89\/100|[from] item: Leftovers\n|upkeep\n|turn|4\n|\n|t:|1700066017\n|move|p2a: Cloyster|Icicle Spear|p1a: Quagsire\n|-damage|p1a: Quagsire|82\/100\n|-crit|p1a: Quagsire\n|-damage|p1a: Quagsire|69\/100\n|-damage|p1a: Quagsire|61\/100\n|-damage|p1a: Quagsire|52\/100\n|-crit|p1a: Quagsire\n|-damage|p1a: Quagsire|41\/100\n|-hitcount|p1a: Quagsire|5\n|move|p1a: Quagsire|Toxic|p2a: Cloyster\n|-status|p2a: Cloyster|tox\n|\n|-heal|p1a: Quagsire|47\/100|[from] item: Leftovers\n|-damage|p2a: Cloyster|94\/100 tox|[from] psn\n|upkeep\n|turn|5\n|\n|t:|1700066032\n|move|p2a: Cloyster|Icicle Spear|p1a: Quagsire\n|-damage|p1a: Quagsire|39\/100\n|-damage|p1a: Quagsire|31\/100\n|-damage|p1a: Quagsire|22\/100\n|-damage|p1a: Quagsire|15\/100\n|-damage|p1a: Quagsire|7\/100\n|-hitcount|p1a: Quagsire|5\n|move|p1a: Quagsire|Recover|p1a: Quagsire\n|-heal|p1a: Quagsire|57\/100\n|\n|-heal|p1a: Quagsire|63\/100|[from] item: Leftovers\n|-damage|p2a: Cloyster|82\/100 tox|[from] psn\n|upkeep\n|turn|6\n|\n|t:|1700066047\n|switch|p2a: Minior|Minior|100\/100\n|-formechange|p2a: Minior|Minior-Meteor||[from] ability: Shields Down\n|move|p1a: Quagsire|Recover|p1a: Quagsire\n|-heal|p1a: Quagsire|100\/100\n|\n|upkeep\n|turn|7\n|\n|t:|1700066058\n|move|p2a: Minior|Dazzling Gleam|p1a: Quagsire\n|-crit|p1a: Quagsire\n|-damage|p1a: Quagsire|66\/100\n|move|p1a: Quagsire|Scald|p2a: Minior\n|-supereffective|p2a: Minior\n|-damage|p2a: Minior|52\/100\n|\n|-heal|p1a: Quagsire|73\/100|[from] item: Leftovers\n|upkeep\n|turn|8\n|\n|t:|1700066069\n|switch|p2a: Omastar|Omastar, F|100\/100\n|move|p1a: Quagsire|Recover|p1a: Quagsire\n|-heal|p1a: Quagsire|100\/100\n|\n|upkeep\n|turn|9\n|\n|t:|1700066076\n|move|p2a: Omastar|Ice Beam|p1a: Quagsire\n|-damage|p1a: Quagsire|60\/100\n|move|p1a: Quagsire|Earthquake|p2a: Omastar\n|-supereffective|p2a: Omastar\n|-damage|p2a: Omastar|44\/100\n|-ability|p2a: Omastar|Weak Armor|boost\n|-unboost|p2a: Omastar|def|1\n|-boost|p2a: Omastar|spe|2\n|\n|-heal|p1a: Quagsire|66\/100|[from] item: Leftovers\n|upkeep\n|turn|10\n|\n|t:|1700066087\n|switch|p1a: Lucario|Lucario-Mega, F|100\/100\n|move|p2a: Omastar|Ice Beam|p1a: Lucario\n|-resisted|p1a: Lucario\n|-damage|p1a: Lucario|76\/100\n|-status|p1a: Lucario|frz\n|\n|upkeep\n|turn|11\n|inactive|Battle timer is ON: inactive players will automatically lose when time's up. (requested by Slothbaseiscool)\n|c|\u2606Slothbaseiscool|Lol\n|\n|t:|1700066116\n|switch|p1a: Fezandipiti|Fezandipiti, M|100\/100\n|move|p2a: Omastar|Earth Power|p1a: Fezandipiti\n|-supereffective|p1a: Fezandipiti\n|-damage|p1a: Fezandipiti|48\/100\n|\n|upkeep\n|turn|12\n|\n|t:|1700066123\n|move|p1a: Fezandipiti|Play Rough|p2a: Omastar\n|-crit|p2a: Omastar\n|-damage|p2a: Omastar|0 fnt\n|faint|p2a: Omastar\n|\n|upkeep\n|\n|t:|1700066129\n|switch|p2a: Polteageist|Polteageist-Antique|100\/100\n|turn|13\n|\n|t:|1700066136\n|move|p1a: Fezandipiti|Play Rough|p2a: Polteageist\n|-damage|p2a: Polteageist|27\/100\n|-ability|p2a: Polteageist|Weak Armor|boost\n|-unboost|p2a: Polteageist|def|1\n|-boost|p2a: Polteageist|spe|2\n|move|p2a: Polteageist|Shell Smash|p2a: Polteageist\n|-unboost|p2a: Polteageist|def|1\n|-unboost|p2a: Polteageist|spd|1\n|-boost|p2a: Polteageist|atk|2\n|-boost|p2a: Polteageist|spa|2\n|-boost|p2a: Polteageist|spe|2\n|\n|upkeep\n|turn|14\n|\n|t:|1700066147\n|move|p2a: Polteageist|Stored Power|p1a: Fezandipiti\n|-supereffective|p1a: Fezandipiti\n|-damage|p1a: Fezandipiti|0 fnt\n|faint|p1a: Fezandipiti\n|\n|upkeep\n|\n|t:|1700066169\n|switch|p1a: Quagsire|Quagsire, M|66\/100\n|turn|15\n|\n|t:|1700066173\n|move|p2a: Polteageist|Giga Drain|p1a: Quagsire\n|-supereffective|p1a: Quagsire\n|-damage|p1a: Quagsire|0 fnt\n|-heal|p2a: Polteageist|76\/100|[from] drain|[of] p1a: Quagsire\n|faint|p1a: Quagsire\n|\n|upkeep\n|\n|t:|1700066176\n|switch|p1a: Lucario|Lucario-Mega, F|76\/100 frz\n|turn|16\n|\n|t:|1700066180\n|cant|p1a: Lucario|frz\n|move|p2a: Polteageist|Stored Power|p1a: Lucario\n|-damage|p1a: Lucario|0 fnt\n|faint|p1a: Lucario\n|\n|upkeep\n|\n|t:|1700066184\n|switch|p1a: Tauros|Tauros-Paldea-Blaze, M|100\/100\n|turn|17\n|\n|t:|1700066188\n|move|p1a: Tauros|Endure|p1a: Tauros\n|-singleturn|p1a: Tauros|move: Endure\n|move|p2a: Polteageist|Stored Power|p1a: Tauros\n|-supereffective|p1a: Tauros\n|-activate|p1a: Tauros|move: Endure\n|-damage|p1a: Tauros|1\/100\n|-enditem|p1a: Tauros|Salac Berry|[eat]\n|-boost|p1a: Tauros|spe|1|[from] item: Salac Berry\n|\n|upkeep\n|turn|18\n|\n|t:|1700066196\n|move|p2a: Polteageist|Stored Power|p1a: Tauros\n|-supereffective|p1a: Tauros\n|-damage|p1a: Tauros|0 fnt\n|faint|p1a: Tauros\n|\n|upkeep\n|-message|ShuckLord08 forfeited.\n|\n|win|Slothbaseiscool\n|raw|ShuckLord08's rating: 1047 &rarr; <strong>1028<\/strong><br \/>(-19 for losing)\n|raw|Slothbaseiscool's rating: 1000 &rarr; <strong>1045<\/strong><br \/>(+45 for winning)\n|l|\u2606ShuckLord08\n|c|\u2606Slothbaseiscool|Lol\n","uploadtime":1700066448,"views":35,"p1id":"shucklord08","p2id":"slothbaseiscool","formatid":"gen9nationaldexubers","rating":1028,"private":0,"password":""}