{"id":"gen9nationaldexubers-1980866970","p1":"0100100001101001t","p2":"iio3345","format":"[Gen 9] National Dex Ubers","log":"|j|\u26060100100001101001t\n|j|\u2606iio3345\n|t:|1698844026\n|gametype|singles\n|player|p1|0100100001101001t|ninjaboy|1119\n|player|p2|iio3345|red|1142\n|teamsize|p1|6\n|teamsize|p2|6\n|gen|9\n|tier|[Gen 9] National Dex Ubers\n|rated|\n|rule|HP Percentage Mod: HP is shown in percentages\n|rule|Endless Battle Clause: Forcing endless battles is banned\n|rule|OHKO Clause: OHKO moves are banned\n|rule|Evasion Moves Clause: Evasion moves are banned\n|rule|Evasion Items Clause: Evasion items are banned\n|rule|Species Clause: Limit one of each Pok\u00e9mon\n|rule|Sleep Clause Mod: Limit one foe put to sleep\n|rule|Mega Rayquaza Clause: You cannot mega evolve Rayquaza\n|clearpoke\n|poke|p1|Salamence, F|\n|poke|p1|Xerneas-*|\n|poke|p1|Ho-Oh|\n|poke|p1|Marshadow|\n|poke|p1|Groudon|\n|poke|p1|Urshifu-*, F|\n|poke|p2|Cinderace, F|\n|poke|p2|Magnezone|\n|poke|p2|Lunala|\n|poke|p2|Misdreavus, M|\n|poke|p2|Garchomp, M|\n|poke|p2|Xerneas-*|\n|teampreview\n|inactive|Battle timer is ON: inactive players will automatically lose when time's up. (requested by 0100100001101001t)\n|\n|t:|1698844035\n|start\n|switch|p1a: Ho-Oh|Ho-Oh|100\/100\n|switch|p2a: Garchomp|Garchomp, M|100\/100\n|turn|1\n|\n|t:|1698844046\n|move|p2a: Garchomp|Stealth Rock|p1a: Ho-Oh\n|-sidestart|p1: 0100100001101001t|move: Stealth Rock\n|move|p1a: Ho-Oh|Will-O-Wisp|p2a: Garchomp\n|-status|p2a: Garchomp|brn\n|\n|-damage|p2a: Garchomp|94\/100 brn|[from] brn\n|upkeep\n|turn|2\n|\n|t:|1698844053\n|move|p2a: Garchomp|Spikes|p1a: Ho-Oh\n|-sidestart|p1: 0100100001101001t|Spikes\n|move|p1a: Ho-Oh|Defog|p2a: Garchomp\n|-unboost|p2a: Garchomp|evasion|1\n|-sideend|p1: 0100100001101001t|Spikes|[from] move: Defog|[of] p1a: Ho-Oh\n|-sideend|p1: 0100100001101001t|Stealth Rock|[from] move: Defog|[of] p1a: Ho-Oh\n|\n|-damage|p2a: Garchomp|88\/100 brn|[from] brn\n|upkeep\n|turn|3\n|\n|t:|1698844073\n|move|p1a: Ho-Oh|Sacred Fire|p2a: Garchomp\n|-resisted|p2a: Garchomp\n|-damage|p2a: Garchomp|76\/100 brn\n|move|p2a: Garchomp|Dragon Tail|p1a: Ho-Oh\n|-damage|p1a: Ho-Oh|90\/100\n|drag|p1a: Groudon|Groudon|100\/100\n|detailschange|p1a: Groudon|Groudon-Primal\n|-primal|p1a: Groudon|Red Orb\n|-weather|DesolateLand|[from] ability: Desolate Land|[of] p1a: Groudon\n|\n|-weather|DesolateLand|[upkeep]\n|-damage|p2a: Garchomp|70\/100 brn|[from] brn\n|upkeep\n|turn|4\n|\n|t:|1698844085\n|move|p1a: Groudon|Earth Power|p2a: Garchomp\n|-damage|p2a: Garchomp|12\/100 brn\n|move|p2a: Garchomp|Stealth Rock|p1a: Groudon\n|-sidestart|p1: 0100100001101001t|move: Stealth Rock\n|\n|-weather|DesolateLand|[upkeep]\n|-damage|p2a: Garchomp|5\/100 brn|[from] brn\n|upkeep\n|turn|5\n|\n|t:|1698844092\n|-weather|none\n|switch|p1a: Ho-Oh|Ho-Oh|100\/100\n|move|p2a: Garchomp|Dragon Tail|p1a: Ho-Oh\n|-damage|p1a: Ho-Oh|90\/100\n|drag|p1a: Urshifu|Urshifu, F|100\/100\n|-damage|p1a: Urshifu|94\/100|[from] Stealth Rock\n|\n|-damage|p2a: Garchomp|0 fnt|[from] brn\n|faint|p2a: Garchomp\n|upkeep\n|\n|t:|1698844104\n|switch|p2a: Xerneas|Xerneas|100\/100\n|-ability|p2a: Xerneas|Fairy Aura\n|turn|6\n|\n|t:|1698844114\n|switch|p1a: Ho-Oh|Ho-Oh|100\/100\n|move|p2a: Xerneas|Moonblast|p1a: Ho-Oh\n|-resisted|p1a: Ho-Oh\n|-damage|p1a: Ho-Oh|79\/100\n|\n|upkeep\n|turn|7\n|\n|t:|1698844125\n|switch|p2a: \u30cd\u30a4\u30de\u30fc\u30eb|Cinderace, F|100\/100\n|move|p1a: Ho-Oh|Defog|p2a: \u30cd\u30a4\u30de\u30fc\u30eb\n|-unboost|p2a: \u30cd\u30a4\u30de\u30fc\u30eb|evasion|1\n|-sideend|p1: 0100100001101001t|Stealth Rock|[from] move: Defog|[of] p1a: Ho-Oh\n|\n|upkeep\n|turn|8\n|\n|t:|1698844137\n|move|p2a: \u30cd\u30a4\u30de\u30fc\u30eb|Swords Dance|p2a: \u30cd\u30a4\u30de\u30fc\u30eb\n|-start|p2a: \u30cd\u30a4\u30de\u30fc\u30eb|typechange|Normal|[from] ability: Libero\n|-boost|p2a: \u30cd\u30a4\u30de\u30fc\u30eb|atk|2\n|move|p1a: Ho-Oh|Whirlwind|p2a: \u30cd\u30a4\u30de\u30fc\u30eb\n|drag|p2a: Xerneas|Xerneas|100\/100\n|-ability|p2a: Xerneas|Fairy Aura\n|\n|upkeep\n|turn|9\n|\n|t:|1698844164\n|move|p2a: Xerneas|Thunderbolt|p1a: Ho-Oh\n|-supereffective|p1a: Ho-Oh\n|-damage|p1a: Ho-Oh|35\/100\n|move|p1a: Ho-Oh|Whirlwind|p2a: Xerneas\n|drag|p2a: Magnezone|Magnezone|100\/100\n|\n|upkeep\n|turn|10\n|\n|t:|1698844173\n|switch|p1a: Groudon|Groudon-Primal|100\/100\n|-weather|DesolateLand|[from] ability: Desolate Land|[of] p1a: Groudon\n|move|p2a: Magnezone|Thunderbolt|p1a: Groudon\n|-immune|p1a: Groudon\n|\n|-weather|DesolateLand|[upkeep]\n|upkeep\n|turn|11\n|\n|t:|1698844192\n|move|p1a: Groudon|Rock Polish|p1a: Groudon\n|-boost|p1a: Groudon|spe|2\n|move|p2a: Magnezone|Mirror Coat||[still]\n|-fail|p2a: Magnezone\n|\n|-weather|DesolateLand|[upkeep]\n|upkeep\n|turn|12\n|\n|t:|1698844200\n|move|p1a: Groudon|Earth Power|p2a: Magnezone\n|-supereffective|p2a: Magnezone\n|-damage|p2a: Magnezone|0 fnt\n|faint|p2a: Magnezone\n|\n|-weather|DesolateLand|[upkeep]\n|upkeep\n|\n|t:|1698844212\n|switch|p2a: Misdreavus|Misdreavus, M|100\/100\n|turn|13\n|\n|t:|1698844217\n|move|p1a: Groudon|Rock Polish|p1a: Groudon\n|-boost|p1a: Groudon|spe|2\n|move|p2a: Misdreavus|Perish Song|p2a: Misdreavus\n|-start|p1a: Groudon|perish3|[silent]\n|-start|p2a: Misdreavus|perish3|[silent]\n|-fieldactivate|move: Perish Song\n|\n|-weather|DesolateLand|[upkeep]\n|-start|p1a: Groudon|perish3\n|-start|p2a: Misdreavus|perish3\n|upkeep\n|turn|14\n|\n|t:|1698844226\n|-weather|none\n|switch|p1a: Urshifu|Urshifu, F|94\/100\n|move|p2a: Misdreavus|Pain Split|p1a: Urshifu\n|-sethp|p1a: Urshifu|95\/100|[from] move: Pain Split|[silent]\n|-sethp|p2a: Misdreavus|99\/100|[from] move: Pain Split\n|\n|-start|p2a: Misdreavus|perish2\n|upkeep\n|turn|15\n|\n|t:|1698844239\n|move|p1a: Urshifu|U-turn|p2a: Misdreavus\n|-resisted|p2a: Misdreavus\n|-damage|p2a: Misdreavus|88\/100\n|\n|t:|1698844243\n|switch|p1a: Ho-Oh|Ho-Oh|69\/100|[from] U-turn\n|move|p2a: Misdreavus|Thunder Wave|p1a: Ho-Oh\n|-status|p1a: Ho-Oh|par\n|\n|-start|p2a: Misdreavus|perish1\n|upkeep\n|turn|16\n|\n|t:|1698844254\n|switch|p2a: \u30cd\u30a4\u30de\u30fc\u30eb|Cinderace, F|100\/100\n|switch|p1a: Groudon|Groudon-Primal|100\/100\n|-weather|DesolateLand|[from] ability: Desolate Land|[of] p1a: Groudon\n|\n|-weather|DesolateLand|[upkeep]\n|upkeep\n|turn|17\n|\n|t:|1698844261\n|move|p2a: \u30cd\u30a4\u30de\u30fc\u30eb|Swords Dance|p2a: \u30cd\u30a4\u30de\u30fc\u30eb\n|-start|p2a: \u30cd\u30a4\u30de\u30fc\u30eb|typechange|Normal|[from] ability: Libero\n|-boost|p2a: \u30cd\u30a4\u30de\u30fc\u30eb|atk|2\n|move|p1a: Groudon|Rock Polish|p1a: Groudon\n|-boost|p1a: Groudon|spe|2\n|\n|-weather|DesolateLand|[upkeep]\n|-status|p2a: \u30cd\u30a4\u30de\u30fc\u30eb|brn|[from] item: Flame Orb\n|upkeep\n|turn|18\n|\n|t:|1698844271\n|move|p1a: Groudon|Flamethrower|p2a: \u30cd\u30a4\u30de\u30fc\u30eb\n|-damage|p2a: \u30cd\u30a4\u30de\u30fc\u30eb|0 fnt\n|faint|p2a: \u30cd\u30a4\u30de\u30fc\u30eb\n|\n|-weather|DesolateLand|[upkeep]\n|upkeep\n|-message|iio3345 forfeited.\n|\n|win|0100100001101001t\n|raw|0100100001101001t's rating: 1119 &rarr; <strong>1146<\/strong><br \/>(+27 for winning)\n|raw|iio3345's rating: 1142 &rarr; <strong>1115<\/strong><br \/>(-27 for losing)\n|l|\u2606iio3345\n","uploadtime":1698844303,"views":8,"p1id":"0100100001101001t","p2id":"iio3345","formatid":"gen9nationaldexubers","rating":1115,"private":0,"password":""}