{"id":"gen9nationaldexubers-1987096823","p1":"Mizuharamami","p2":"777Clearnu","format":"[Gen 9] National Dex Ubers","log":"|j|\u2606Mizuharamami\n|j|\u2606777Clearnu\n|t:|1699555774\n|gametype|singles\n|player|p1|Mizuharamami|erika-gen1|1842\n|player|p2|777Clearnu|skier|1753\n|teamsize|p1|6\n|teamsize|p2|6\n|gen|9\n|tier|[Gen 9] National Dex Ubers\n|rated|\n|rule|HP Percentage Mod: HP is shown in percentages\n|rule|Endless Battle Clause: Forcing endless battles is banned\n|rule|OHKO Clause: OHKO moves are banned\n|rule|Evasion Moves Clause: Evasion moves are banned\n|rule|Evasion Items Clause: Evasion items are banned\n|rule|Species Clause: Limit one of each Pok\u00e9mon\n|rule|Sleep Clause Mod: Limit one foe put to sleep\n|rule|Mega Rayquaza Clause: You cannot mega evolve Rayquaza\n|clearpoke\n|poke|p1|Ditto|\n|poke|p1|Necrozma-Dusk-Mane|\n|poke|p1|Magearna|\n|poke|p1|Dondozo, F|\n|poke|p1|Kingambit, M|\n|poke|p1|Arceus-Ground|\n|poke|p2|Glimmora, F|\n|poke|p2|Ho-Oh|\n|poke|p2|Eternatus|\n|poke|p2|Arceus|\n|poke|p2|Groudon|\n|poke|p2|Yveltal|\n|teampreview\n|inactive|Battle timer is ON: inactive players will automatically lose when time's up. (requested by 777Clearnu)\n|inactive|Mizuharamami also wants the timer to be on.\n|\n|t:|1699555791\n|start\n|switch|p1a: Necrozma|Necrozma-Dusk-Mane|100\/100\n|switch|p2a: dance^2|Groudon|100\/100\n|detailschange|p2a: dance^2|Groudon-Primal\n|-primal|p2a: dance^2|Red Orb\n|-weather|DesolateLand|[from] ability: Desolate Land|[of] p2a: dance^2\n|turn|1\n|\n|t:|1699555798\n|-weather|none\n|switch|p2a: Lemon Demon|Yveltal|100\/100\n|-ability|p2a: Lemon Demon|Dark Aura\n|detailschange|p1a: Necrozma|Necrozma-Ultra\n|-burst|p1a: Necrozma|Necrozma|Ultranecrozium Z\n|move|p1a: Necrozma|Stealth Rock|p2a: Lemon Demon\n|-sidestart|p2: 777Clearnu|move: Stealth Rock\n|\n|upkeep\n|turn|2\n|\n|t:|1699555809\n|switch|p1a: Magearna|Magearna|100\/100\n|move|p2a: Lemon Demon|Dark Pulse|p1a: Magearna\n|-resisted|p1a: Magearna\n|-damage|p1a: Magearna|83\/100\n|\n|upkeep\n|turn|3\n|\n|t:|1699555816\n|move|p2a: Lemon Demon|Knock Off|p1a: Magearna\n|-resisted|p1a: Magearna\n|-damage|p1a: Magearna|67\/100\n|move|p1a: Magearna|Fleur Cannon|p2a: Lemon Demon\n|-supereffective|p2a: Lemon Demon\n|-damage|p2a: Lemon Demon|0 fnt\n|-unboost|p1a: Magearna|spa|2\n|faint|p2a: Lemon Demon\n|-ability|p1a: Magearna|Soul-Heart|boost\n|-boost|p1a: Magearna|spa|1\n|\n|upkeep\n|\n|t:|1699555826\n|switch|p2a: birdspam|Ho-Oh|100\/100\n|turn|4\n|\n|t:|1699555829\n|switch|p1a: Dondozo|Dondozo, F|100\/100\n|move|p2a: birdspam|Defog|p1a: Dondozo\n|-unboost|p1a: Dondozo|evasion|1\n|-sideend|p2: 777Clearnu|Stealth Rock|[from] move: Defog|[of] p2a: birdspam\n|\n|upkeep\n|turn|5\n|\n|t:|1699555837\n|switch|p2a: savage spin out|Glimmora, F|100\/100\n|switch|p1a: Arceus|Arceus-Ground|100\/100\n|\n|upkeep\n|turn|6\n|\n|t:|1699555842\n|move|p1a: Arceus|Taunt|p2a: savage spin out\n|-start|p2a: savage spin out|move: Taunt\n|move|p2a: savage spin out|Mortal Spin|p1a: Arceus\n|-resisted|p1a: Arceus\n|-damage|p1a: Arceus|98\/100\n|-status|p1a: Arceus|psn\n|\n|-damage|p1a: Arceus|86\/100 psn|[from] psn\n|upkeep\n|turn|7\n|\n|t:|1699555849\n|switch|p2a: birdspam|Ho-Oh|100\/100\n|move|p1a: Arceus|Judgment|p2a: birdspam\n|-immune|p2a: birdspam\n|\n|-damage|p1a: Arceus|74\/100 psn|[from] psn\n|upkeep\n|turn|8\n|\n|t:|1699555855\n|move|p1a: Arceus|Taunt|p2a: birdspam\n|-start|p2a: birdspam|move: Taunt\n|move|p2a: birdspam|Sacred Fire|p1a: Arceus\n|-damage|p1a: Arceus|45\/100 psn\n|\n|-damage|p1a: Arceus|33\/100 psn|[from] psn\n|upkeep\n|turn|9\n|\n|t:|1699555865\n|switch|p2a: savage spin out|Glimmora, F|100\/100\n|move|p1a: Arceus|Recover|p1a: Arceus\n|-heal|p1a: Arceus|83\/100 psn\n|\n|-damage|p1a: Arceus|70\/100 psn|[from] psn\n|upkeep\n|turn|10\n|\n|t:|1699555870\n|move|p1a: Arceus|Taunt|p2a: savage spin out\n|-start|p2a: savage spin out|move: Taunt\n|cant|p2a: savage spin out|move: Taunt|Stealth Rock\n|\n|-damage|p1a: Arceus|58\/100 psn|[from] psn\n|upkeep\n|turn|11\n|\n|t:|1699555874\n|switch|p2a: birdspam|Ho-Oh|100\/100\n|move|p1a: Arceus|Toxic|p2a: birdspam\n|-status|p2a: birdspam|tox\n|\n|-damage|p1a: Arceus|46\/100 psn|[from] psn\n|-damage|p2a: birdspam|94\/100 tox|[from] psn\n|upkeep\n|turn|12\n|\n|t:|1699555879\n|move|p1a: Arceus|Taunt|p2a: birdspam\n|-start|p2a: birdspam|move: Taunt\n|move|p2a: birdspam|Sacred Fire|p1a: Arceus\n|-damage|p1a: Arceus|17\/100 psn\n|\n|-damage|p1a: Arceus|5\/100 psn|[from] psn\n|-damage|p2a: birdspam|82\/100 tox|[from] psn\n|upkeep\n|turn|13\n|\n|t:|1699555882\n|switch|p2a: savage spin out|Glimmora, F|100\/100\n|move|p1a: Arceus|Recover|p1a: Arceus\n|-heal|p1a: Arceus|55\/100 psn\n|\n|-damage|p1a: Arceus|42\/100 psn|[from] psn\n|upkeep\n|turn|14\n|\n|t:|1699555887\n|move|p1a: Arceus|Taunt|p2a: savage spin out\n|-start|p2a: savage spin out|move: Taunt\n|move|p2a: savage spin out|Power Gem|p1a: Arceus\n|-resisted|p1a: Arceus\n|-damage|p1a: Arceus|29\/100 psn\n|\n|-damage|p1a: Arceus|17\/100 psn|[from] psn\n|upkeep\n|turn|15\n|\n|t:|1699555893\n|switch|p2a: BKC|Arceus|100\/100\n|move|p1a: Arceus|Recover|p1a: Arceus\n|-heal|p1a: Arceus|67\/100 psn\n|\n|-damage|p1a: Arceus|55\/100 psn|[from] psn\n|upkeep\n|turn|16\n|\n|t:|1699555898\n|move|p2a: BKC|Extreme Speed|p1a: Arceus\n|-damage|p1a: Arceus|18\/100 psn\n|-damage|p2a: BKC|91\/100|[from] item: Life Orb\n|move|p1a: Arceus|Toxic|p2a: BKC\n|-status|p2a: BKC|tox\n|\n|-damage|p1a: Arceus|5\/100 psn|[from] psn\n|-damage|p2a: BKC|85\/100 tox|[from] psn\n|upkeep\n|turn|17\n|\n|t:|1699555904\n|switch|p1a: Dondozo|Dondozo, F|100\/100\n|move|p2a: BKC|Swords Dance|p2a: BKC\n|-boost|p2a: BKC|atk|2\n|\n|-damage|p2a: BKC|72\/100 tox|[from] psn\n|upkeep\n|turn|18\n|\n|t:|1699555908\n|switch|p2a: savage spin out|Glimmora, F|100\/100\n|switch|p1a: Arceus|Arceus-Ground|5\/100 psn\n|\n|-damage|p1a: Arceus|0 fnt|[from] psn\n|faint|p1a: Arceus\n|upkeep\n|\n|t:|1699555911\n|switch|p1a: Necrozma|Necrozma-Ultra|100\/100\n|turn|19\n|\n|t:|1699555920\n|move|p1a: Necrozma|Photon Geyser|p2a: savage spin out\n|-supereffective|p2a: savage spin out\n|-enditem|p2a: savage spin out|Focus Sash\n|-damage|p2a: savage spin out|1\/100\n|move|p2a: savage spin out|Mortal Spin|p1a: Necrozma\n|-damage|p1a: Necrozma|94\/100\n|-status|p1a: Necrozma|psn\n|\n|-damage|p1a: Necrozma|82\/100 psn|[from] psn\n|upkeep\n|turn|20\n|\n|t:|1699555935\n|switch|p2a: birdspam|Ho-Oh|100\/100 tox\n|move|p1a: Necrozma|Stealth Rock|p2a: birdspam\n|-sidestart|p2: 777Clearnu|move: Stealth Rock\n|\n|-damage|p1a: Necrozma|69\/100 psn|[from] psn\n|-damage|p2a: birdspam|94\/100 tox|[from] psn\n|upkeep\n|turn|21\n|\n|t:|1699555940\n|move|p1a: Necrozma|Photon Geyser|p2a: birdspam\n|-damage|p2a: birdspam|62\/100 tox\n|move|p2a: birdspam|Defog|p1a: Necrozma\n|-unboost|p1a: Necrozma|evasion|1\n|-sideend|p2: 777Clearnu|Stealth Rock|[from] move: Defog|[of] p2a: birdspam\n|\n|-damage|p1a: Necrozma|57\/100 psn|[from] psn\n|-damage|p2a: birdspam|50\/100 tox|[from] psn\n|upkeep\n|turn|22\n|\n|t:|1699555944\n|switch|p2a: BKC|Arceus|72\/100 tox\n|move|p1a: Necrozma|Stealth Rock|p2a: BKC\n|-sidestart|p2: 777Clearnu|move: Stealth Rock\n|\n|-damage|p1a: Necrozma|44\/100 psn|[from] psn\n|-damage|p2a: BKC|66\/100 tox|[from] psn\n|upkeep\n|turn|23\n|\n|t:|1699555947\n|switch|p1a: Dondozo|Dondozo, F|100\/100\n|move|p2a: BKC|Extreme Speed|p1a: Dondozo\n|-damage|p1a: Dondozo|75\/100\n|-damage|p2a: BKC|56\/100 tox|[from] item: Life Orb\n|\n|-heal|p1a: Dondozo|81\/100|[from] item: Leftovers\n|-damage|p2a: BKC|44\/100 tox|[from] psn\n|upkeep\n|turn|24\n|\n|t:|1699555954\n|switch|p2a: dance^2|Groudon-Primal|100\/100\n|-damage|p2a: dance^2|88\/100|[from] Stealth Rock\n|-weather|DesolateLand|[from] ability: Desolate Land|[of] p2a: dance^2\n|switch|p1a: Magearna|Magearna|67\/100\n|\n|-weather|DesolateLand|[upkeep]\n|upkeep\n|turn|25\n|\n|t:|1699555961\n|move|p2a: dance^2|Eruption|p1a: Magearna\n|-supereffective|p1a: Magearna\n|-damage|p1a: Magearna|0 fnt\n|faint|p1a: Magearna\n|\n|-weather|DesolateLand|[upkeep]\n|upkeep\n|\n|t:|1699555963\n|switch|p1a: Necrozma|Necrozma-Ultra|44\/100 psn\n|turn|26\n|j| Slowlier AF\n|\n|t:|1699555968\n|-weather|none\n|switch|p2a: savage spin out|Glimmora, F|1\/100\n|-damage|p2a: savage spin out|0 fnt|[from] Stealth Rock\n|faint|p2a: savage spin out\n|-zpower|p1a: Necrozma\n|move|p1a: Necrozma|Light That Burns the Sky|p2: savage spin out|[zeffect]|[notarget]\n|-fail|p1a: Necrozma\n|\n|-damage|p1a: Necrozma|32\/100 psn|[from] psn\n|upkeep\n|\n|t:|1699555983\n|switch|p2a: birdspam|Ho-Oh|83\/100 tox\n|turn|27\n|\n|t:|1699555987\n|switch|p1a: Dondozo|Dondozo, F|81\/100\n|move|p2a: birdspam|Defog|p1a: Dondozo\n|-unboost|p1a: Dondozo|evasion|1\n|-sideend|p2: 777Clearnu|Stealth Rock|[from] move: Defog|[of] p2a: birdspam\n|\n|-heal|p1a: Dondozo|87\/100|[from] item: Leftovers\n|-damage|p2a: birdspam|77\/100 tox|[from] psn\n|upkeep\n|turn|28\n|\n|t:|1699555994\n|switch|p2a: cosmic power|Eternatus|100\/100\n|-ability|p2a: cosmic power|Pressure\n|move|p1a: Dondozo|Body Press|p2a: cosmic power\n|-resisted|p2a: cosmic power\n|-damage|p2a: cosmic power|90\/100\n|\n|-heal|p1a: Dondozo|93\/100|[from] item: Leftovers\n|upkeep\n|turn|29\n|\n|t:|1699556002\n|switch|p1a: Kingambit|Kingambit, M, shiny|100\/100\n|-activate|p1a: Kingambit|ability: Supreme Overlord\n|-start|p1a: Kingambit|fallen2|[silent]\n|move|p2a: cosmic power|Meteor Beam||[still]\n|-prepare|p2a: cosmic power|Meteor Beam\n|-boost|p2a: cosmic power|spa|1\n|-enditem|p2a: cosmic power|Power Herb\n|-anim|p2a: cosmic power|Meteor Beam|p1a: Kingambit\n|-resisted|p1a: Kingambit\n|-damage|p1a: Kingambit|65\/100\n|\n|upkeep\n|turn|30\n|\n|t:|1699556007\n|-terastallize|p2a: cosmic power|Ground\n|move|p1a: Kingambit|Sucker Punch|p2a: cosmic power\n|-damage|p2a: cosmic power|44\/100\n|move|p2a: cosmic power|Tera Blast|p1a: Kingambit|[anim] Tera Blast Ground\n|-supereffective|p1a: Kingambit\n|-damage|p1a: Kingambit|0 fnt\n|faint|p1a: Kingambit\n|-end|p1a: Kingambit|fallen2|[silent]\n|\n|upkeep\n|\n|t:|1699556015\n|switch|p1a: Ditto|Ditto, shiny|100\/100\n|-transform|p1a: Ditto|p2a: cosmic power|[from] ability: Imposter\n|-ability|p1a: Ditto|Pressure\n|-start|p1a: Ditto|typechange|Poison\/Dragon|[silent]\n|turn|31\n|\n|t:|1699556023\n|move|p1a: Ditto|Sludge Wave|p2a: cosmic power\n|-resisted|p2a: cosmic power\n|-damage|p2a: cosmic power|8\/100\n|move|p2a: cosmic power|Agility|p2a: cosmic power\n|-boost|p2a: cosmic power|spe|2\n|\n|upkeep\n|turn|32\n|\n|t:|1699556032\n|-terastallize|p1a: Ditto|Ghost\n|move|p2a: cosmic power|Tera Blast|p1a: Ditto|[anim] Tera Blast Ground\n|-damage|p1a: Ditto|17\/100\n|move|p1a: Ditto|Sludge Wave|p2a: cosmic power\n|-resisted|p2a: cosmic power\n|-damage|p2a: cosmic power|0 fnt\n|faint|p2a: cosmic power\n|\n|upkeep\n|\n|t:|1699556042\n|switch|p2a: dance^2|Groudon-Primal|88\/100\n|-weather|DesolateLand|[from] ability: Desolate Land|[of] p2a: dance^2\n|turn|33\n|\n|t:|1699556052\n|move|p1a: Ditto|Sludge Wave|p2a: dance^2\n|-resisted|p2a: dance^2\n|-damage|p2a: dance^2|41\/100\n|move|p2a: dance^2|Solar Beam||[still]\n|-prepare|p2a: dance^2|Solar Beam\n|-anim|p2a: dance^2|Solar Beam|p1a: Ditto\n|-damage|p1a: Ditto|0 fnt\n|faint|p1a: Ditto\n|\n|-weather|DesolateLand|[upkeep]\n|upkeep\n|\n|t:|1699556056\n|switch|p1a: Necrozma|Necrozma-Ultra|32\/100 psn\n|turn|34\n|\n|t:|1699556067\n|-weather|none\n|switch|p2a: birdspam|Ho-Oh|100\/100 tox\n|move|p1a: Necrozma|Photon Geyser|p2a: birdspam\n|-damage|p2a: birdspam|66\/100 tox\n|\n|-damage|p1a: Necrozma|19\/100 psn|[from] psn\n|-damage|p2a: birdspam|60\/100 tox|[from] psn\n|upkeep\n|turn|35\n|\n|t:|1699556073\n|switch|p1a: Dondozo|Dondozo, F|93\/100\n|move|p2a: birdspam|Recover|p2a: birdspam\n|-heal|p2a: birdspam|100\/100 tox\n|\n|-heal|p1a: Dondozo|99\/100|[from] item: Leftovers\n|-damage|p2a: birdspam|88\/100 tox|[from] psn\n|upkeep\n|turn|36\n|\n|t:|1699556081\n|move|p1a: Dondozo|Body Press|p2a: birdspam\n|-resisted|p2a: birdspam\n|-damage|p2a: birdspam|79\/100 tox\n|move|p2a: birdspam|Whirlwind|p1a: Dondozo\n|drag|p1a: Necrozma|Necrozma-Ultra|19\/100 psn\n|\n|-damage|p1a: Necrozma|7\/100 psn|[from] psn\n|-damage|p2a: birdspam|61\/100 tox|[from] psn\n|upkeep\n|turn|37\n|\n|t:|1699556087\n|move|p1a: Necrozma|Stealth Rock|p2a: birdspam\n|-sidestart|p2: 777Clearnu|move: Stealth Rock\n|move|p2a: birdspam|Recover|p2a: birdspam\n|-heal|p2a: birdspam|100\/100 tox\n|\n|-damage|p1a: Necrozma|0 fnt|[from] psn\n|faint|p1a: Necrozma\n|-damage|p2a: birdspam|76\/100 tox|[from] psn\n|upkeep\n|\n|t:|1699556089\n|switch|p1a: Dondozo|Dondozo, F|99\/100\n|turn|38\n|\n|t:|1699556092\n|move|p2a: birdspam|Defog|p1a: Dondozo\n|-unboost|p1a: Dondozo|evasion|1\n|-sideend|p2: 777Clearnu|Stealth Rock|[from] move: Defog|[of] p2a: birdspam\n|move|p1a: Dondozo|Body Press|p2a: birdspam\n|-resisted|p2a: birdspam\n|-damage|p2a: birdspam|67\/100 tox\n|\n|-heal|p1a: Dondozo|100\/100|[from] item: Leftovers\n|-damage|p2a: birdspam|36\/100 tox|[from] psn\n|upkeep\n|turn|39\n|\n|t:|1699556095\n|move|p2a: birdspam|Sacred Fire|p1a: Dondozo\n|-resisted|p1a: Dondozo\n|-damage|p1a: Dondozo|92\/100\n|-status|p1a: Dondozo|brn\n|move|p1a: Dondozo|Body Press|p2a: birdspam\n|-resisted|p2a: birdspam\n|-damage|p2a: birdspam|32\/100 tox\n|\n|-heal|p1a: Dondozo|98\/100 brn|[from] item: Leftovers\n|-damage|p2a: birdspam|0 fnt|[from] psn\n|faint|p2a: birdspam\n|-damage|p1a: Dondozo|92\/100 brn|[from] brn\n|upkeep\n|\n|t:|1699556099\n|switch|p2a: BKC|Arceus|44\/100 tox\n|turn|40\n|\n|t:|1699556102\n|move|p2a: BKC|Extreme Speed|p1a: Dondozo\n|-damage|p1a: Dondozo|68\/100 brn\n|-damage|p2a: BKC|34\/100 tox|[from] item: Life Orb\n|move|p1a: Dondozo|Rest|p1a: Dondozo\n|-status|p1a: Dondozo|slp|[from] move: Rest\n|-heal|p1a: Dondozo|100\/100 slp|[silent]\n|\n|-damage|p2a: BKC|28\/100 tox|[from] psn\n|upkeep\n|turn|41\n|\n|t:|1699556106\n|switch|p2a: dance^2|Groudon-Primal|41\/100\n|-weather|DesolateLand|[from] ability: Desolate Land|[of] p2a: dance^2\n|cant|p1a: Dondozo|slp\n|\n|-weather|DesolateLand|[upkeep]\n|upkeep\n|turn|42\n|\n|t:|1699556110\n|move|p2a: dance^2|Solar Beam||[still]\n|-prepare|p2a: dance^2|Solar Beam\n|-anim|p2a: dance^2|Solar Beam|p1a: Dondozo\n|-supereffective|p1a: Dondozo\n|-damage|p1a: Dondozo|20\/100 slp\n|cant|p1a: Dondozo|slp\n|\n|-weather|DesolateLand|[upkeep]\n|-heal|p1a: Dondozo|26\/100 slp|[from] item: Leftovers\n|upkeep\n|turn|43\n|\n|t:|1699556115\n|move|p2a: dance^2|Solar Beam||[still]\n|-prepare|p2a: dance^2|Solar Beam\n|-anim|p2a: dance^2|Solar Beam|p1a: Dondozo\n|-supereffective|p1a: Dondozo\n|-damage|p1a: Dondozo|0 fnt\n|faint|p1a: Dondozo\n|\n|win|777Clearnu\n|raw|Mizuharamami's rating: 1842 &rarr; <strong>1817<\/strong><br \/>(-25 for losing)\n|raw|777Clearnu's rating: 1753 &rarr; <strong>1778<\/strong><br \/>(+25 for winning)\n|l|\u2606Mizuharamami\n","uploadtime":1699556124,"views":67,"p1id":"mizuharamami","p2id":"777clearnu","formatid":"gen9nationaldexubers","rating":1778,"private":0,"password":""}