{"id":"gen9nationaldexubers-1981336109","p1":"flamingwrench11234","p2":"Walter black 0000","format":"[Gen 9] National Dex Ubers","log":"|j|\u2606flamingwrench11234\n|j|\u2606Walter black 0000\n|t:|1698884916\n|gametype|singles\n|player|p1|flamingwrench11234|2|1573\n|player|p2|Walter black 0000|lance-gen2|1910\n|teamsize|p1|6\n|teamsize|p2|6\n|gen|9\n|tier|[Gen 9] National Dex Ubers\n|rated|\n|rule|HP Percentage Mod: HP is shown in percentages\n|rule|Endless Battle Clause: Forcing endless battles is banned\n|rule|OHKO Clause: OHKO moves are banned\n|rule|Evasion Moves Clause: Evasion moves are banned\n|rule|Evasion Items Clause: Evasion items are banned\n|rule|Species Clause: Limit one of each Pok\u00e9mon\n|rule|Sleep Clause Mod: Limit one foe put to sleep\n|rule|Mega Rayquaza Clause: You cannot mega evolve Rayquaza\n|clearpoke\n|poke|p1|Arceus-Ground|\n|poke|p1|Eternatus|\n|poke|p1|Yveltal|\n|poke|p1|Ho-Oh|\n|poke|p1|Groudon|\n|poke|p1|Marshadow|\n|poke|p2|Eternatus|\n|poke|p2|Arceus-Fairy|\n|poke|p2|Ditto|\n|poke|p2|Necrozma-Dusk-Mane|\n|poke|p2|Zekrom|\n|poke|p2|Kingambit, M|\n|teampreview\n|inactive|Battle timer is ON: inactive players will automatically lose when time's up. (requested by Walter black 0000)\n|\n|t:|1698884929\n|start\n|switch|p1a: Arceus|Arceus-Ground|100\/100\n|switch|p2a: Arceus|Arceus-Fairy|100\/100\n|turn|1\n|\n|t:|1698884933\n|switch|p1a: Eternatus|Eternatus|100\/100\n|-ability|p1a: Eternatus|Pressure\n|move|p2a: Arceus|Taunt|p1a: Eternatus\n|-start|p1a: Eternatus|move: Taunt\n|\n|upkeep\n|turn|2\n|\n|t:|1698884939\n|switch|p2a: Necrozma|Necrozma-Dusk-Mane|100\/100\n|move|p1a: Eternatus|Sludge Bomb|p2a: Necrozma\n|-immune|p2a: Necrozma\n|\n|upkeep\n|turn|3\n|\n|t:|1698884945\n|-terastallize|p1a: Eternatus|Fire\n|move|p1a: Eternatus|Fire Blast|p2a: Necrozma|[miss]\n|-miss|p1a: Eternatus|p2a: Necrozma\n|move|p2a: Necrozma|Stealth Rock|p1a: Eternatus\n|-sidestart|p1: flamingwrench11234|move: Stealth Rock\n|\n|-end|p1a: Eternatus|move: Taunt\n|upkeep\n|turn|4\n|\n|t:|1698884967\n|detailschange|p2a: Necrozma|Necrozma-Ultra\n|-burst|p2a: Necrozma|Necrozma|Ultranecrozium Z\n|move|p1a: Eternatus|Fire Blast|p2a: Necrozma\n|-resisted|p2a: Necrozma\n|-damage|p2a: Necrozma|60\/100\n|-damage|p1a: Eternatus|91\/100|[from] item: Life Orb\n|move|p2a: Necrozma|Earth Power|p1a: Eternatus\n|-supereffective|p1a: Eternatus\n|-damage|p1a: Eternatus|7\/100\n|\n|upkeep\n|turn|5\n|\n|t:|1698884974\n|switch|p2a: Eternatus|Eternatus|100\/100\n|-ability|p2a: Eternatus|Pressure\n|move|p1a: Eternatus|Recover|p1a: Eternatus\n|-heal|p1a: Eternatus|57\/100\n|\n|upkeep\n|turn|6\n|\n|t:|1698884988\n|move|p1a: Eternatus|Dynamax Cannon|p2a: Eternatus\n|-supereffective|p2a: Eternatus\n|-damage|p2a: Eternatus|0 fnt\n|faint|p2a: Eternatus\n|-damage|p1a: Eternatus|47\/100|[from] item: Life Orb\n|\n|upkeep\n|\n|t:|1698885001\n|switch|p2a: Ditto|Ditto, shiny|100\/100\n|-transform|p2a: Ditto|p1a: Eternatus|[from] ability: Imposter\n|-ability|p2a: Ditto|Pressure\n|-start|p2a: Ditto|typechange|Poison\/Dragon|[silent]\n|turn|7\n|\n|t:|1698885012\n|switch|p1a: Arceus|Arceus-Ground|100\/100\n|-damage|p1a: Arceus|94\/100|[from] Stealth Rock\n|move|p2a: Ditto|Dynamax Cannon|p1a: Arceus\n|-damage|p1a: Arceus|56\/100\n|\n|upkeep\n|turn|8\n|\n|t:|1698885018\n|switch|p2a: Arceus|Arceus-Fairy|100\/100\n|move|p1a: Arceus|Judgment|p2a: Arceus\n|-damage|p2a: Arceus|70\/100\n|\n|upkeep\n|turn|9\n|\n|t:|1698885024\n|move|p2a: Arceus|Toxic|p1a: Arceus\n|-status|p1a: Arceus|tox\n|move|p1a: Arceus|Toxic|p2a: Arceus\n|-status|p2a: Arceus|tox\n|\n|-damage|p2a: Arceus|64\/100 tox|[from] psn\n|-damage|p1a: Arceus|50\/100 tox|[from] psn\n|upkeep\n|turn|10\n|\n|t:|1698885030\n|move|p2a: Arceus|Taunt|p1a: Arceus\n|-start|p1a: Arceus|move: Taunt\n|move|p1a: Arceus|Judgment|p2a: Arceus\n|-damage|p2a: Arceus|34\/100 tox\n|\n|-damage|p2a: Arceus|22\/100 tox|[from] psn\n|-damage|p1a: Arceus|37\/100 tox|[from] psn\n|upkeep\n|turn|11\n|\n|t:|1698885035\n|move|p2a: Arceus|Judgment|p1a: Arceus\n|-damage|p1a: Arceus|8\/100 tox\n|move|p1a: Arceus|Judgment|p2a: Arceus\n|-damage|p2a: Arceus|0 fnt\n|faint|p2a: Arceus\n|\n|-damage|p1a: Arceus|0 fnt|[from] psn\n|faint|p1a: Arceus\n|upkeep\n|\n|t:|1698885052\n|switch|p2a: Necrozma|Necrozma-Ultra|60\/100\n|switch|p1a: Eternatus|Eternatus, tera:Fire|47\/100\n|-damage|p1a: Eternatus|22\/100|[from] Stealth Rock\n|-ability|p1a: Eternatus|Pressure\n|turn|12\n|\n|t:|1698885057\n|switch|p2a: Kingambit|Kingambit, M|100\/100\n|-activate|p2a: Kingambit|ability: Supreme Overlord\n|-start|p2a: Kingambit|fallen2|[silent]\n|move|p1a: Eternatus|Dynamax Cannon|p2a: Kingambit\n|-resisted|p2a: Kingambit\n|-damage|p2a: Kingambit|66\/100\n|-damage|p1a: Eternatus|12\/100|[from] item: Life Orb\n|\n|upkeep\n|turn|13\n|\n|t:|1698885063\n|move|p1a: Eternatus|Fire Blast|p2a: Kingambit\n|-supereffective|p2a: Kingambit\n|-damage|p2a: Kingambit|0 fnt\n|faint|p2a: Kingambit\n|-end|p2a: Kingambit|fallen2|[silent]\n|-damage|p1a: Eternatus|2\/100|[from] item: Life Orb\n|\n|upkeep\n|\n|t:|1698885065\n|switch|p2a: Ditto|Ditto, shiny|100\/100\n|-transform|p2a: Ditto|p1a: Eternatus|[from] ability: Imposter\n|-ability|p2a: Ditto|Pressure\n|turn|14\n|\n|t:|1698885071\n|switch|p1a: Ho-Oh|Ho-Oh|100\/100\n|move|p2a: Ditto|Dynamax Cannon|p1a: Ho-Oh\n|-damage|p1a: Ho-Oh|72\/100\n|\n|upkeep\n|turn|15\n|\n|t:|1698885078\n|switch|p2a: Necrozma|Necrozma-Ultra|60\/100\n|move|p1a: Ho-Oh|Sacred Fire|p2a: Necrozma\n|-resisted|p2a: Necrozma\n|-damage|p2a: Necrozma|36\/100\n|\n|upkeep\n|turn|16\n|\n|t:|1698885086\n|move|p2a: Necrozma|Photon Geyser|p1a: Ho-Oh\n|-damage|p1a: Ho-Oh|39\/100\n|move|p1a: Ho-Oh|Brave Bird|p2a: Necrozma\n|-damage|p2a: Necrozma|0 fnt\n|faint|p2a: Necrozma\n|-damage|p1a: Ho-Oh|30\/100|[from] Recoil\n|\n|upkeep\n|\n|t:|1698885090\n|switch|p2a: Zekrom|Zekrom|100\/100\n|-ability|p2a: Zekrom|Teravolt\n|turn|17\n|\n|t:|1698885095\n|switch|p1a: Yveltal|Yveltal|100\/100\n|-damage|p1a: Yveltal|76\/100|[from] Stealth Rock\n|-ability|p1a: Yveltal|Dark Aura\n|move|p2a: Zekrom|Dragon Dance|p2a: Zekrom\n|-boost|p2a: Zekrom|atk|1\n|-boost|p2a: Zekrom|spe|1\n|\n|upkeep\n|turn|18\n|\n|t:|1698885100\n|move|p2a: Zekrom|Bolt Strike|p1a: Yveltal\n|-supereffective|p1a: Yveltal\n|-damage|p1a: Yveltal|0 fnt\n|faint|p1a: Yveltal\n|\n|upkeep\n|\n|t:|1698885102\n|switch|p1a: Groudon|Groudon|100\/100\n|-damage|p1a: Groudon|94\/100|[from] Stealth Rock\n|detailschange|p1a: Groudon|Groudon-Primal\n|-primal|p1a: Groudon|Red Orb\n|-weather|DesolateLand|[from] ability: Desolate Land|[of] p1a: Groudon\n|turn|19\n|\n|t:|1698885107\n|-zpower|p2a: Zekrom\n|move|p2a: Zekrom|Devastating Drake|p1a: Groudon|[zeffect]\n|-damage|p1a: Groudon|0 fnt\n|faint|p1a: Groudon\n|-weather|none\n|\n|upkeep\n|\n|t:|1698885116\n|switch|p1a: Marshadow|Marshadow|100\/100\n|-damage|p1a: Marshadow|94\/100|[from] Stealth Rock\n|turn|20\n|\n|t:|1698885122\n|move|p2a: Zekrom|Outrage|p1a: Marshadow\n|-damage|p1a: Marshadow|0 fnt\n|faint|p1a: Marshadow\n|\n|upkeep\n|-message|flamingwrench11234 forfeited.\n|\n|win|Walter black 0000\n|raw|flamingwrench11234's rating: 1573 &rarr; <strong>1568<\/strong><br \/>(-5 for losing)\n|raw|Walter black 0000's rating: 1910 &rarr; <strong>1915<\/strong><br \/>(+5 for winning)\n|l|\u2606flamingwrench11234\n","uploadtime":1698885132,"views":18,"p1id":"flamingwrench11234","p2id":"walterblack0000","formatid":"gen9nationaldexubers","rating":1568,"private":0,"password":""}