{"id":"gen9nationaldexubers-1983157344","p1":"Amzy128","p2":"Er0dius","format":"[Gen 9] National Dex Ubers","log":"|j|\u2606Amzy128\n|j|\u2606Er0dius\n|t:|1699097667\n|gametype|singles\n|player|p1|Amzy128|marshal|1098\n|player|p2|Er0dius|ethan|1139\n|teamsize|p1|6\n|teamsize|p2|6\n|gen|9\n|tier|[Gen 9] National Dex Ubers\n|rated|\n|rule|HP Percentage Mod: HP is shown in percentages\n|rule|Endless Battle Clause: Forcing endless battles is banned\n|rule|OHKO Clause: OHKO moves are banned\n|rule|Evasion Moves Clause: Evasion moves are banned\n|rule|Evasion Items Clause: Evasion items are banned\n|rule|Species Clause: Limit one of each Pok\u00e9mon\n|rule|Sleep Clause Mod: Limit one foe put to sleep\n|rule|Mega Rayquaza Clause: You cannot mega evolve Rayquaza\n|clearpoke\n|poke|p1|Lucario, M|\n|poke|p1|Rotom-Wash|\n|poke|p1|Umbreon, M|\n|poke|p1|Mamoswine, F|\n|poke|p1|Crobat, M|\n|poke|p1|Chandelure, M|\n|poke|p2|Zygarde-10%|\n|poke|p2|Sneasler, M|\n|poke|p2|Pelipper, M|\n|poke|p2|Overqwil, F|\n|poke|p2|Gholdengo|\n|poke|p2|Ribombee, F|\n|teampreview\n|\n|t:|1699097679\n|start\n|switch|p1a: Crobat|Crobat, M, shiny|100\/100\n|switch|p2a: Ribombee|Ribombee, F|100\/100\n|turn|1\n|\n|t:|1699097694\n|move|p1a: Crobat|Cross Poison|p2a: Ribombee\n|-supereffective|p2a: Ribombee\n|-enditem|p2a: Ribombee|Focus Sash\n|-damage|p2a: Ribombee|1\/100\n|move|p2a: Ribombee|Sticky Web|p1a: Crobat\n|-sidestart|p1: Amzy128|move: Sticky Web\n|\n|upkeep\n|turn|2\n|\n|t:|1699097702\n|move|p1a: Crobat|Cross Poison|p2a: Ribombee\n|-supereffective|p2a: Ribombee\n|-damage|p2a: Ribombee|0 fnt\n|faint|p2a: Ribombee\n|\n|upkeep\n|\n|t:|1699097705\n|switch|p2a: Pelipper|Pelipper, M|100\/100\n|-weather|RainDance|[from] ability: Drizzle|[of] p2a: Pelipper\n|turn|3\n|\n|t:|1699097715\n|move|p1a: Crobat|Brave Bird|p2a: Pelipper\n|-damage|p2a: Pelipper|52\/100\n|-damage|p1a: Crobat|87\/100|[from] Recoil\n|move|p2a: Pelipper|Surf|p1a: Crobat\n|-damage|p1a: Crobat|0 fnt\n|faint|p1a: Crobat\n|\n|-weather|RainDance|[upkeep]\n|upkeep\n|\n|t:|1699097724\n|switch|p1a: Rotom|Rotom-Wash, shiny|100\/100\n|turn|4\n|\n|t:|1699097726\n|move|p2a: Pelipper|Surf|p1a: Rotom\n|-resisted|p1a: Rotom\n|-crit|p1a: Rotom\n|-damage|p1a: Rotom|39\/100\n|move|p1a: Rotom|Defog|p2a: Pelipper\n|-unboost|p2a: Pelipper|evasion|1\n|-sideend|p1: Amzy128|Sticky Web|[from] move: Defog|[of] p1a: Rotom\n|\n|-weather|RainDance|[upkeep]\n|-heal|p1a: Rotom|45\/100|[from] item: Leftovers\n|upkeep\n|turn|5\n|\n|t:|1699097745\n|move|p2a: Pelipper|Surf|p1a: Rotom\n|-resisted|p1a: Rotom\n|-damage|p1a: Rotom|8\/100\n|move|p1a: Rotom|Volt Switch|p2a: Pelipper\n|-supereffective|p2a: Pelipper\n|-damage|p2a: Pelipper|0 fnt\n|faint|p2a: Pelipper\n|\n|t:|1699097754\n|switch|p1a: Umbreon|Umbreon, M, shiny|100\/100|[from] Volt Switch\n|\n|-weather|RainDance|[upkeep]\n|upkeep\n|\n|t:|1699097757\n|switch|p2a: Overqwil|Overqwil, F|100\/100\n|turn|6\n|\n|t:|1699097781\n|move|p2a: Overqwil|Swords Dance|p2a: Overqwil\n|-boost|p2a: Overqwil|atk|2\n|move|p1a: Umbreon|Foul Play|p2a: Overqwil\n|-resisted|p2a: Overqwil\n|-damage|p2a: Overqwil|44\/100\n|\n|-weather|RainDance|[upkeep]\n|upkeep\n|turn|7\n|\n|t:|1699097790\n|move|p2a: Overqwil|Liquidation|p1a: Umbreon\n|-damage|p1a: Umbreon|28\/100\n|move|p1a: Umbreon|Foul Play|p2a: Overqwil\n|-resisted|p2a: Overqwil\n|-damage|p2a: Overqwil|0 fnt\n|faint|p2a: Overqwil\n|\n|-weather|none\n|-heal|p1a: Umbreon|35\/100|[from] item: Leftovers\n|upkeep\n|\n|t:|1699097799\n|switch|p2a: Sneasler|Sneasler, M|100\/100\n|turn|8\n|\n|t:|1699097822\n|move|p2a: Sneasler|Brick Break|p1a: Umbreon\n|-supereffective|p1a: Umbreon\n|-damage|p1a: Umbreon|0 fnt\n|faint|p1a: Umbreon\n|\n|upkeep\n|\n|t:|1699097827\n|switch|p1a: Lucario|Lucario, M, shiny|100\/100\n|turn|9\n|\n|t:|1699097834\n|detailschange|p1a: Lucario|Lucario-Mega, M, shiny\n|-mega|p1a: Lucario|Lucario|Lucarionite\n|move|p1a: Lucario|Vacuum Wave|p2a: Sneasler\n|-resisted|p2a: Sneasler\n|-damage|p2a: Sneasler|79\/100\n|move|p2a: Sneasler|Brick Break|p1a: Lucario\n|-supereffective|p1a: Lucario\n|-damage|p1a: Lucario|0 fnt\n|faint|p1a: Lucario\n|\n|upkeep\n|\n|t:|1699097849\n|switch|p1a: Mamoswine|Mamoswine, F|100\/100\n|turn|10\n|\n|t:|1699097859\n|switch|p2a: Gholdengo|Gholdengo|100\/100\n|-item|p2a: Gholdengo|Air Balloon\n|move|p1a: Mamoswine|Earthquake|p2a: Gholdengo\n|-immune|p2a: Gholdengo\n|\n|upkeep\n|turn|11\n|\n|t:|1699097867\n|move|p1a: Mamoswine|Earthquake|p2a: Gholdengo\n|-immune|p2a: Gholdengo\n|move|p2a: Gholdengo|Focus Blast|p1a: Mamoswine\n|-supereffective|p1a: Mamoswine\n|-damage|p1a: Mamoswine|0 fnt\n|faint|p1a: Mamoswine\n|\n|upkeep\n|\n|t:|1699097873\n|switch|p1a: Rotom|Rotom-Wash, shiny|8\/100\n|turn|12\n|\n|t:|1699097878\n|switch|p1a: Chandelure|Chandelure, M, shiny|100\/100\n|move|p2a: Gholdengo|Shadow Ball|p1a: Chandelure\n|-supereffective|p1a: Chandelure\n|-damage|p1a: Chandelure|0 fnt\n|faint|p1a: Chandelure\n|\n|upkeep\n|\n|t:|1699097884\n|switch|p1a: Rotom|Rotom-Wash, shiny|8\/100\n|turn|13\n|c|\u2606Er0dius|Bro u good ?\n|\n|t:|1699097895\n|move|p2a: Gholdengo|Shadow Ball|p1a: Rotom\n|-damage|p1a: Rotom|0 fnt\n|faint|p1a: Rotom\n|\n|win|Er0dius\n|raw|Amzy128's rating: 1098 &rarr; <strong>1078<\/strong><br \/>(-20 for losing)\n|raw|Er0dius's rating: 1161 &rarr; <strong>1182<\/strong><br \/>(+21 for winning)\n","uploadtime":1699097902,"views":4,"p1id":"amzy128","p2id":"er0dius","formatid":"gen9nationaldexubers","rating":1078,"private":0,"password":""}