{"id":"gen9nationaldexubers-1979316063","p1":"BlackStar150520","p2":"Incredible Gassy","format":"[Gen 9] National Dex Ubers","log":"|j|\u2606BlackStar150520\n|j|\u2606Incredible Gassy\n|t:|1698670380\n|gametype|singles\n|player|p1|BlackStar150520|unknown|1851\n|player|p2|Incredible Gassy|bugcatcher-gen2|1628\n|teamsize|p1|6\n|teamsize|p2|6\n|gen|9\n|tier|[Gen 9] National Dex Ubers\n|rated|\n|rule|HP Percentage Mod: HP is shown in percentages\n|rule|Endless Battle Clause: Forcing endless battles is banned\n|rule|OHKO Clause: OHKO moves are banned\n|rule|Evasion Moves Clause: Evasion moves are banned\n|rule|Evasion Items Clause: Evasion items are banned\n|rule|Species Clause: Limit one of each Pok\u00e9mon\n|rule|Sleep Clause Mod: Limit one foe put to sleep\n|rule|Mega Rayquaza Clause: You cannot mega evolve Rayquaza\n|clearpoke\n|poke|p1|Mewtwo|\n|poke|p1|Necrozma-Dusk-Mane|\n|poke|p1|Kingambit, F|\n|poke|p1|Urshifu-*, F|\n|poke|p1|Ditto|\n|poke|p1|Arceus-Fairy|\n|poke|p2|Groudon|\n|poke|p2|Arceus-Ground|\n|poke|p2|Magearna|\n|poke|p2|Chansey, F|\n|poke|p2|Marshadow|\n|poke|p2|Ho-Oh|\n|teampreview\n|inactive|Battle timer is ON: inactive players will automatically lose when time's up. (requested by Incredible Gassy)\n|inactive|BlackStar150520 also wants the timer to be on.\n|\n|t:|1698670398\n|start\n|switch|p1a: Arceus|Arceus-Fairy|100\/100\n|switch|p2a: Concrete Halls|Groudon, shiny|100\/100\n|detailschange|p2a: Concrete Halls|Groudon-Primal, shiny\n|-primal|p2a: Concrete Halls|Red Orb\n|-weather|DesolateLand|[from] ability: Desolate Land|[of] p2a: Concrete Halls\n|turn|1\n|\n|t:|1698670405\n|move|p1a: Arceus|Toxic|p2a: Concrete Halls\n|-status|p2a: Concrete Halls|tox\n|move|p2a: Concrete Halls|Lava Plume|p1a: Arceus\n|-damage|p1a: Arceus|61\/100\n|\n|-weather|DesolateLand|[upkeep]\n|-damage|p2a: Concrete Halls|94\/100 tox|[from] psn\n|upkeep\n|turn|2\n|\n|t:|1698670409\n|-weather|none\n|switch|p2a: Blind Spots|Magearna|100\/100\n|move|p1a: Arceus|Taunt|p2a: Blind Spots\n|-start|p2a: Blind Spots|move: Taunt\n|\n|upkeep\n|turn|3\n|\n|t:|1698670414\n|switch|p1a: Necrozma|Necrozma-Dusk-Mane, shiny|100\/100\n|switch|p2a: Floating Trees|Chansey, F, shiny|100\/100\n|\n|upkeep\n|turn|4\n|\n|t:|1698670419\n|move|p1a: Necrozma|Photon Geyser|p2a: Floating Trees\n|-damage|p2a: Floating Trees|65\/100\n|move|p2a: Floating Trees|Heal Bell|p2a: Floating Trees\n|-activate|p2a: Floating Trees|move: Heal Bell\n|-curestatus|p2: Concrete Halls|tox|[msg]\n|\n|upkeep\n|turn|5\n|\n|t:|1698670422\n|move|p1a: Necrozma|Stealth Rock|p2a: Floating Trees\n|-sidestart|p2: Incredible Gassy|move: Stealth Rock\n|move|p2a: Floating Trees|Soft-Boiled|p2a: Floating Trees\n|-heal|p2a: Floating Trees|100\/100\n|\n|upkeep\n|turn|6\n|\n|t:|1698670424\n|move|p1a: Necrozma|Photon Geyser|p2a: Floating Trees\n|-damage|p2a: Floating Trees|66\/100\n|move|p2a: Floating Trees|Seismic Toss|p1a: Necrozma\n|-damage|p1a: Necrozma|71\/100\n|\n|upkeep\n|turn|7\n|\n|t:|1698670429\n|move|p1a: Necrozma|Photon Geyser|p2a: Floating Trees\n|-damage|p2a: Floating Trees|33\/100\n|move|p2a: Floating Trees|Soft-Boiled|p2a: Floating Trees\n|-heal|p2a: Floating Trees|83\/100\n|\n|upkeep\n|turn|8\n|\n|t:|1698670432\n|move|p1a: Necrozma|Photon Geyser|p2a: Floating Trees\n|-damage|p2a: Floating Trees|51\/100\n|move|p2a: Floating Trees|Wish|p2a: Floating Trees\n|\n|upkeep\n|turn|9\n|\n|t:|1698670437\n|switch|p1a: Kingambit|Kingambit, F|100\/100\n|move|p2a: Floating Trees|Seismic Toss|p1a: Kingambit\n|-damage|p1a: Kingambit|76\/100\n|\n|-heal|p2a: Floating Trees|100\/100|[from] move: Wish|[wisher] Floating Trees\n|upkeep\n|turn|10\n|\n|t:|1698670445\n|switch|p2a: Concrete Halls|Groudon-Primal, shiny|94\/100\n|-damage|p2a: Concrete Halls|82\/100|[from] Stealth Rock\n|-weather|DesolateLand|[from] ability: Desolate Land|[of] p2a: Concrete Halls\n|move|p1a: Kingambit|Knock Off|p2a: Concrete Halls\n|-damage|p2a: Concrete Halls|63\/100\n|\n|-weather|DesolateLand|[upkeep]\n|upkeep\n|turn|11\n|\n|t:|1698670450\n|-end|p1a: Kingambit|fallenundefined|[silent]\n|switch|p1a: Arceus|Arceus-Fairy|61\/100\n|move|p2a: Concrete Halls|Lava Plume|p1a: Arceus\n|-damage|p1a: Arceus|25\/100\n|\n|-weather|DesolateLand|[upkeep]\n|upkeep\n|turn|12\n|\n|t:|1698670453\n|move|p1a: Arceus|Recover|p1a: Arceus\n|-heal|p1a: Arceus|75\/100\n|move|p2a: Concrete Halls|Spikes|p1a: Arceus\n|-sidestart|p1: BlackStar150520|Spikes\n|\n|-weather|DesolateLand|[upkeep]\n|upkeep\n|turn|13\n|\n|t:|1698670457\n|move|p1a: Arceus|Taunt|p2a: Concrete Halls\n|-start|p2a: Concrete Halls|move: Taunt\n|move|p2a: Concrete Halls|Lava Plume|p1a: Arceus\n|-damage|p1a: Arceus|38\/100\n|\n|-weather|DesolateLand|[upkeep]\n|upkeep\n|turn|14\n|\n|t:|1698670461\n|-weather|none\n|switch|p2a: Blind Spots|Magearna|100\/100\n|-damage|p2a: Blind Spots|94\/100|[from] Stealth Rock\n|move|p1a: Arceus|Toxic|p2a: Blind Spots\n|-immune|p2a: Blind Spots\n|\n|-heal|p2a: Blind Spots|100\/100|[from] item: Leftovers\n|upkeep\n|turn|15\n|\n|t:|1698670468\n|switch|p2a: Warmth|Ho-Oh|100\/100\n|move|p1a: Arceus|Taunt|p2a: Warmth\n|-start|p2a: Warmth|move: Taunt\n|\n|upkeep\n|turn|16\n|\n|t:|1698670474\n|move|p1a: Arceus|Toxic|p2a: Warmth\n|-status|p2a: Warmth|tox\n|move|p2a: Warmth|Sacred Fire|p1a: Arceus\n|-damage|p1a: Arceus|10\/100\n|-status|p1a: Arceus|brn\n|\n|-damage|p2a: Warmth|94\/100 tox|[from] psn\n|-damage|p1a: Arceus|4\/100 brn|[from] brn\n|upkeep\n|turn|17\n|\n|t:|1698670479\n|switch|p2a: Blind Spots|Magearna|100\/100\n|-damage|p2a: Blind Spots|94\/100|[from] Stealth Rock\n|move|p1a: Arceus|Recover|p1a: Arceus\n|-heal|p1a: Arceus|54\/100 brn\n|\n|-heal|p2a: Blind Spots|100\/100|[from] item: Leftovers\n|-damage|p1a: Arceus|48\/100 brn|[from] brn\n|upkeep\n|turn|18\n|\n|t:|1698670483\n|move|p1a: Arceus|Taunt|p2a: Blind Spots\n|-start|p2a: Blind Spots|move: Taunt\n|move|p2a: Blind Spots|Fleur Cannon|p1a: Arceus\n|-damage|p1a: Arceus|1\/100 brn\n|-unboost|p2a: Blind Spots|spa|2\n|\n|-damage|p1a: Arceus|0 fnt|[from] brn\n|faint|p1a: Arceus\n|-ability|p2a: Blind Spots|Soul-Heart|boost\n|-boost|p2a: Blind Spots|spa|1\n|upkeep\n|\n|t:|1698670503\n|switch|p1a: Necrozma|Necrozma-Dusk-Mane, shiny|71\/100\n|-damage|p1a: Necrozma|58\/100|[from] Spikes\n|turn|19\n|\n|t:|1698670507\n|switch|p2a: Floating Trees|Chansey, F, shiny|100\/100\n|-damage|p2a: Floating Trees|88\/100|[from] Stealth Rock\n|move|p1a: Necrozma|Photon Geyser|p2a: Floating Trees\n|-damage|p2a: Floating Trees|56\/100\n|\n|upkeep\n|turn|20\n|\n|t:|1698670517\n|switch|p1a: Urshifu|Urshifu, F|100\/100\n|-damage|p1a: Urshifu|88\/100|[from] Spikes\n|move|p2a: Floating Trees|Soft-Boiled|p2a: Floating Trees\n|-heal|p2a: Floating Trees|100\/100\n|\n|upkeep\n|turn|21\n|\n|t:|1698670524\n|move|p1a: Urshifu|Wicked Blow|p2a: Floating Trees\n|-crit|p2a: Floating Trees\n|-damage|p2a: Floating Trees|49\/100\n|-damage|p1a: Urshifu|78\/100|[from] item: Life Orb\n|move|p2a: Floating Trees|Wish|p2a: Floating Trees\n|\n|upkeep\n|turn|22\n|\n|t:|1698670528\n|switch|p2a: Concrete Halls|Groudon-Primal, shiny|63\/100\n|-damage|p2a: Concrete Halls|51\/100|[from] Stealth Rock\n|-weather|DesolateLand|[from] ability: Desolate Land|[of] p2a: Concrete Halls\n|move|p1a: Urshifu|Wicked Blow|p2a: Concrete Halls\n|-crit|p2a: Concrete Halls\n|-damage|p2a: Concrete Halls|19\/100\n|-damage|p1a: Urshifu|68\/100|[from] item: Life Orb\n|\n|-weather|DesolateLand|[upkeep]\n|-heal|p2a: Concrete Halls|100\/100|[from] move: Wish|[wisher] Floating Trees\n|upkeep\n|turn|23\n|\n|t:|1698670533\n|move|p1a: Urshifu|Wicked Blow|p2a: Concrete Halls\n|-crit|p2a: Concrete Halls\n|-damage|p2a: Concrete Halls|70\/100\n|-damage|p1a: Urshifu|58\/100|[from] item: Life Orb\n|move|p2a: Concrete Halls|Earthquake|p1a: Urshifu\n|-damage|p1a: Urshifu|1\/100\n|\n|-weather|DesolateLand|[upkeep]\n|upkeep\n|turn|24\n|\n|t:|1698670539\n|move|p1a: Urshifu|Wicked Blow|p2a: Concrete Halls\n|-crit|p2a: Concrete Halls\n|-damage|p2a: Concrete Halls|36\/100\n|-damage|p1a: Urshifu|0 fnt|[from] item: Life Orb\n|faint|p1a: Urshifu\n|move|p2a: Concrete Halls|Lava Plume|p1: Urshifu|[notarget]\n|-fail|p2a: Concrete Halls\n|\n|-weather|DesolateLand|[upkeep]\n|upkeep\n|\n|t:|1698670555\n|switch|p1a: Mewtwo|Mewtwo|100\/100\n|-damage|p1a: Mewtwo|88\/100|[from] Spikes\n|-ability|p1a: Mewtwo|Pressure\n|turn|25\n|\n|t:|1698670559\n|-weather|none\n|switch|p2a: Warmth|Ho-Oh|100\/100 tox\n|detailschange|p1a: Mewtwo|Mewtwo-Mega-X\n|-mega|p1a: Mewtwo|Mewtwo|Mewtwonite X\n|move|p1a: Mewtwo|Low Kick|p2a: Warmth\n|-resisted|p2a: Warmth\n|-damage|p2a: Warmth|67\/100 tox\n|\n|-damage|p2a: Warmth|60\/100 tox|[from] psn\n|upkeep\n|turn|26\n|\n|t:|1698670566\n|move|p1a: Mewtwo|Knock Off|p2a: Warmth\n|-damage|p2a: Warmth|18\/100 tox\n|-enditem|p2a: Warmth|Heavy-Duty Boots|[from] move: Knock Off|[of] p1a: Mewtwo\n|move|p2a: Warmth|Defog|p1a: Mewtwo\n|-unboost|p1a: Mewtwo|evasion|1\n|-sideend|p1: BlackStar150520|Spikes|[from] move: Defog|[of] p2a: Warmth\n|-sideend|p2: Incredible Gassy|Stealth Rock|[from] move: Defog|[of] p2a: Warmth\n|\n|-damage|p2a: Warmth|6\/100 tox|[from] psn\n|upkeep\n|turn|27\n|\n|t:|1698670572\n|switch|p2a: The End|Arceus-Ground, shiny|100\/100\n|move|p1a: Mewtwo|Knock Off|p2a: The End\n|-damage|p2a: The End|81\/100\n|\n|upkeep\n|turn|28\n|\n|t:|1698670577\n|switch|p2a: Dead Voxel|Marshadow|100\/100\n|move|p1a: Mewtwo|Low Kick|p2a: Dead Voxel\n|-immune|p2a: Dead Voxel\n|\n|upkeep\n|turn|29\n|j| Tianelfik\n|\n|t:|1698670584\n|move|p1a: Mewtwo|Knock Off|p2a: Dead Voxel\n|-damage|p2a: Dead Voxel|47\/100\n|-enditem|p2a: Dead Voxel|Choice Band|[from] move: Knock Off|[of] p1a: Mewtwo\n|move|p2a: Dead Voxel|Low Kick|p1a: Mewtwo\n|-resisted|p1a: Mewtwo\n|-damage|p1a: Mewtwo|61\/100\n|\n|upkeep\n|turn|30\n|\n|t:|1698670592\n|switch|p1a: Kingambit|Kingambit, F|76\/100\n|-activate|p1a: Kingambit|ability: Supreme Overlord\n|-start|p1a: Kingambit|fallen2|[silent]\n|move|p2a: Dead Voxel|Shadow Sneak|p1a: Kingambit\n|-resisted|p1a: Kingambit\n|-damage|p1a: Kingambit|65\/100\n|\n|upkeep\n|turn|31\n|\n|t:|1698670599\n|switch|p2a: The End|Arceus-Ground, shiny|81\/100\n|move|p1a: Kingambit|Swords Dance|p1a: Kingambit\n|-boost|p1a: Kingambit|atk|2\n|\n|upkeep\n|turn|32\n|\n|t:|1698670604\n|move|p1a: Kingambit|Sucker Punch|p2a: The End\n|-damage|p2a: The End|1\/100\n|move|p2a: The End|Earthquake|p1a: Kingambit\n|-supereffective|p1a: Kingambit\n|-damage|p1a: Kingambit|0 fnt\n|faint|p1a: Kingambit\n|-end|p1a: Kingambit|fallen2|[silent]\n|\n|upkeep\n|c|\u2606Incredible Gassy|never punished\n|\n|t:|1698670612\n|switch|p1a: Mewtwo|Mewtwo-Mega-X|61\/100\n|turn|33\n|\n|t:|1698670617\n|move|p1a: Mewtwo|Knock Off|p2a: The End\n|-damage|p2a: The End|0 fnt\n|faint|p2a: The End\n|\n|upkeep\n|\n|t:|1698670618\n|switch|p2a: Dead Voxel|Marshadow|47\/100\n|turn|34\n|\n|t:|1698670631\n|-terastallize|p2a: Dead Voxel|Ghost\n|move|p2a: Dead Voxel|Shadow Sneak|p1a: Mewtwo\n|-supereffective|p1a: Mewtwo\n|-damage|p1a: Mewtwo|0 fnt\n|faint|p1a: Mewtwo\n|\n|upkeep\n|\n|t:|1698670634\n|switch|p1a: Ditto|Ditto, shiny|100\/100\n|-transform|p1a: Ditto|p2a: Dead Voxel|[from] ability: Imposter\n|-start|p1a: Ditto|typechange|Fighting\/Ghost|[silent]\n|turn|35\n|\n|t:|1698670641\n|switch|p2a: Floating Trees|Chansey, F, shiny|49\/100\n|move|p1a: Ditto|Shadow Sneak|p2a: Floating Trees\n|-immune|p2a: Floating Trees\n|\n|upkeep\n|turn|36\n|-message|BlackStar150520 forfeited.\n|\n|win|Incredible Gassy\n|raw|BlackStar150520's rating: 1851 &rarr; <strong>1820<\/strong><br \/>(-31 for losing)\n|raw|Incredible Gassy's rating: 1628 &rarr; <strong>1659<\/strong><br \/>(+31 for winning)\n|l|\u2606BlackStar150520\n","uploadtime":1698670656,"views":13,"p1id":"blackstar150520","p2id":"incrediblegassy","formatid":"gen9nationaldexubers","rating":1659,"private":0,"password":""}