{"id":"gen9nationaldexubers-1980288096","p1":"Incredible Gassy","p2":"Stallsun9U","format":"[Gen 9] National Dex Ubers","log":"|j|\u2606Incredible Gassy\n|j|\u2606Stallsun9U\n|t:|1698772572\n|gametype|singles\n|player|p1|Incredible Gassy|bugcatcher-gen2|1707\n|player|p2|Stallsun9U|veteran|1720\n|teamsize|p1|6\n|teamsize|p2|6\n|gen|9\n|tier|[Gen 9] National Dex Ubers\n|rated|\n|rule|HP Percentage Mod: HP is shown in percentages\n|rule|Endless Battle Clause: Forcing endless battles is banned\n|rule|OHKO Clause: OHKO moves are banned\n|rule|Evasion Moves Clause: Evasion moves are banned\n|rule|Evasion Items Clause: Evasion items are banned\n|rule|Species Clause: Limit one of each Pok\u00e9mon\n|rule|Sleep Clause Mod: Limit one foe put to sleep\n|rule|Mega Rayquaza Clause: You cannot mega evolve Rayquaza\n|clearpoke\n|poke|p1|Sandy Shocks|\n|poke|p1|Groudon|\n|poke|p1|Gholdengo|\n|poke|p1|Ho-Oh|\n|poke|p1|Marshadow|\n|poke|p1|Eternatus|\n|poke|p2|Deoxys-Speed|\n|poke|p2|Xerneas-*|\n|poke|p2|Kyurem-Black|\n|poke|p2|Arceus|\n|poke|p2|Groudon|\n|poke|p2|Necrozma-Dusk-Mane|\n|teampreview\n|inactive|Battle timer is ON: inactive players will automatically lose when time's up. (requested by Stallsun9U)\n|inactive|Incredible Gassy also wants the timer to be on.\n|\n|t:|1698772581\n|start\n|switch|p1a: hoe ass|Ho-Oh|100\/100\n|switch|p2a: Deoxys|Deoxys-Speed|100\/100\n|-ability|p2a: Deoxys|Pressure\n|turn|1\n|\n|t:|1698772596\n|move|p2a: Deoxys|Stealth Rock|p1a: hoe ass\n|-sidestart|p1: Incredible Gassy|move: Stealth Rock\n|move|p1a: hoe ass|Sacred Fire|p2a: Deoxys\n|-damage|p2a: Deoxys|50\/100\n|-status|p2a: Deoxys|brn\n|\n|-damage|p2a: Deoxys|44\/100 brn|[from] brn\n|upkeep\n|turn|2\n|\n|t:|1698772605\n|move|p2a: Deoxys|Taunt|p1a: hoe ass\n|-start|p1a: hoe ass|move: Taunt\n|cant|p1a: hoe ass|move: Taunt|Defog\n|\n|-damage|p2a: Deoxys|38\/100 brn|[from] brn\n|upkeep\n|turn|3\n|\n|t:|1698772613\n|move|p2a: Deoxys|Psycho Boost|p1a: hoe ass\n|-damage|p1a: hoe ass|79\/100\n|-unboost|p2a: Deoxys|spa|2\n|move|p1a: hoe ass|Sacred Fire|p2a: Deoxys\n|-damage|p2a: Deoxys|0 fnt\n|faint|p2a: Deoxys\n|\n|upkeep\n|\n|t:|1698772627\n|switch|p2a: Groudon|Groudon|100\/100\n|detailschange|p2a: Groudon|Groudon-Primal\n|-primal|p2a: Groudon|Red Orb\n|-weather|DesolateLand|[from] ability: Desolate Land|[of] p2a: Groudon\n|turn|4\n|\n|t:|1698772638\n|switch|p1a: coffee beans|Groudon, shiny|100\/100\n|-damage|p1a: coffee beans|94\/100|[from] Stealth Rock\n|detailschange|p1a: coffee beans|Groudon-Primal, shiny\n|-primal|p1a: coffee beans|Red Orb\n|move|p2a: Groudon|Swords Dance|p2a: Groudon\n|-boost|p2a: Groudon|atk|2\n|\n|-weather|DesolateLand|[upkeep]\n|upkeep\n|turn|5\n|\n|t:|1698772647\n|move|p2a: Groudon|Precipice Blades|p1a: coffee beans\n|-supereffective|p1a: coffee beans\n|-damage|p1a: coffee beans|0 fnt\n|faint|p1a: coffee beans\n|\n|-weather|DesolateLand|[upkeep]\n|upkeep\n|\n|t:|1698772650\n|switch|p1a: NDU needs a hero|Sandy Shocks|100\/100\n|-damage|p1a: NDU needs a hero|94\/100|[from] Stealth Rock\n|turn|6\n|\n|t:|1698772656\n|move|p1a: NDU needs a hero|Earth Power|p2a: Groudon\n|-supereffective|p2a: Groudon\n|-damage|p2a: Groudon|19\/100\n|move|p2a: Groudon|Rock Polish|p2a: Groudon\n|-boost|p2a: Groudon|spe|2\n|\n|-weather|DesolateLand|[upkeep]\n|upkeep\n|turn|7\n|\n|t:|1698772664\n|-terastallize|p1a: NDU needs a hero|Flying\n|move|p2a: Groudon|Heat Crash|p1a: NDU needs a hero\n|-damage|p1a: NDU needs a hero|0 fnt\n|faint|p1a: NDU needs a hero\n|-end|p1a: NDU needs a hero|Protosynthesis|[silent]\n|\n|-weather|DesolateLand|[upkeep]\n|upkeep\n|\n|t:|1698772667\n|switch|p1a: GOOBED!|Marshadow|100\/100\n|-damage|p1a: GOOBED!|94\/100|[from] Stealth Rock\n|turn|8\n|\n|t:|1698772673\n|move|p1a: GOOBED!|Shadow Sneak|p2a: Groudon\n|-damage|p2a: Groudon|0 fnt\n|faint|p2a: Groudon\n|-weather|none\n|\n|upkeep\n|\n|t:|1698772679\n|switch|p2a: Arceus|Arceus|100\/100\n|turn|9\n|\n|t:|1698772686\n|switch|p1a: milk on yo face|Gholdengo|100\/100\n|-damage|p1a: milk on yo face|94\/100|[from] Stealth Rock\n|-item|p1a: milk on yo face|Air Balloon\n|move|p2a: Arceus|Dragon Dance|p2a: Arceus\n|-boost|p2a: Arceus|atk|1\n|-boost|p2a: Arceus|spe|1\n|\n|upkeep\n|turn|10\n|\n|t:|1698772697\n|move|p2a: Arceus|Shadow Claw|p1a: milk on yo face\n|-supereffective|p1a: milk on yo face\n|-damage|p1a: milk on yo face|19\/100\n|-enditem|p1a: milk on yo face|Air Balloon\n|move|p1a: milk on yo face|Make It Rain|p2a: Arceus\n|-damage|p2a: Arceus|58\/100\n|-unboost|p1a: milk on yo face|spa|1\n|\n|upkeep\n|turn|11\n|\n|t:|1698772707\n|move|p2a: Arceus|Shadow Claw|p1a: milk on yo face\n|-supereffective|p1a: milk on yo face\n|-damage|p1a: milk on yo face|0 fnt\n|faint|p1a: milk on yo face\n|\n|upkeep\n|\n|t:|1698772709\n|switch|p1a: el perro|Eternatus|100\/100\n|-damage|p1a: el perro|88\/100|[from] Stealth Rock\n|-ability|p1a: el perro|Pressure\n|turn|12\n|\n|t:|1698772718\n|move|p2a: Arceus|Taunt|p1a: el perro\n|-start|p1a: el perro|move: Taunt\n|move|p1a: el perro|Meteor Beam||[still]\n|-prepare|p1a: el perro|Meteor Beam\n|-boost|p1a: el perro|spa|1\n|-enditem|p1a: el perro|Power Herb\n|-anim|p1a: el perro|Meteor Beam|p2a: Arceus\n|-damage|p2a: Arceus|14\/100\n|\n|upkeep\n|turn|13\n|\n|t:|1698772727\n|move|p2a: Arceus|Extreme Speed|p1a: el perro\n|-damage|p1a: el perro|18\/100\n|move|p1a: el perro|Flamethrower|p2a: Arceus\n|-damage|p2a: Arceus|0 fnt\n|faint|p2a: Arceus\n|\n|upkeep\n|\n|t:|1698772735\n|switch|p2a: Necrozma|Necrozma-Dusk-Mane|100\/100\n|turn|14\n|\n|t:|1698772744\n|move|p1a: el perro|Flamethrower|p2a: Necrozma\n|-supereffective|p2a: Necrozma\n|-damage|p2a: Necrozma|30\/100\n|move|p2a: Necrozma|Photon Geyser|p1a: el perro\n|-supereffective|p1a: el perro\n|-damage|p1a: el perro|0 fnt\n|faint|p1a: el perro\n|\n|upkeep\n|\n|t:|1698772748\n|switch|p1a: GOOBED!|Marshadow|94\/100\n|-damage|p1a: GOOBED!|88\/100|[from] Stealth Rock\n|turn|15\n|\n|t:|1698772761\n|detailschange|p2a: Necrozma|Necrozma-Ultra\n|-burst|p2a: Necrozma|Necrozma|Ultranecrozium Z\n|move|p1a: GOOBED!|Low Kick|p2a: Necrozma\n|-resisted|p2a: Necrozma\n|-damage|p2a: Necrozma|0 fnt\n|faint|p2a: Necrozma\n|\n|upkeep\n|\n|t:|1698772774\n|switch|p2a: Xerneas|Xerneas|100\/100\n|-ability|p2a: Xerneas|Fairy Aura\n|turn|16\n|\n|t:|1698772780\n|switch|p1a: hoe ass|Ho-Oh|100\/100\n|move|p2a: Xerneas|Geomancy||[still]\n|-prepare|p2a: Xerneas|Geomancy\n|-enditem|p2a: Xerneas|Power Herb\n|-anim|p2a: Xerneas|Geomancy|p2a: Xerneas\n|-boost|p2a: Xerneas|spa|2\n|-boost|p2a: Xerneas|spd|2\n|-boost|p2a: Xerneas|spe|2\n|\n|upkeep\n|turn|17\n|\n|t:|1698772789\n|-terastallize|p2a: Xerneas|Electric\n|move|p2a: Xerneas|Thunder|p1a: hoe ass|[miss]\n|-miss|p2a: Xerneas|p1a: hoe ass\n|move|p1a: hoe ass|Toxic|p2a: Xerneas\n|-status|p2a: Xerneas|tox\n|\n|-damage|p2a: Xerneas|94\/100 tox|[from] psn\n|upkeep\n|turn|18\n|\n|t:|1698772799\n|move|p2a: Xerneas|Thunder|p1a: hoe ass|[miss]\n|-miss|p2a: Xerneas|p1a: hoe ass\n|move|p1a: hoe ass|Sacred Fire|p2a: Xerneas\n|-damage|p2a: Xerneas|62\/100 tox\n|\n|-damage|p2a: Xerneas|49\/100 tox|[from] psn\n|upkeep\n|turn|19\n|\n|t:|1698772808\n|move|p2a: Xerneas|Thunder|p1a: hoe ass|[miss]\n|-miss|p2a: Xerneas|p1a: hoe ass\n|move|p1a: hoe ass|Sacred Fire|p2a: Xerneas\n|-damage|p2a: Xerneas|13\/100 tox\n|\n|-damage|p2a: Xerneas|0 fnt|[from] psn\n|faint|p2a: Xerneas\n|upkeep\n|c|\u2606Incredible Gassy|BAILEDY MCBAILEDFACE\n|\n|t:|1698772818\n|switch|p2a: Kyurem|Kyurem-Black|100\/100\n|-ability|p2a: Kyurem|Teravolt\n|turn|20\n|\n|t:|1698772824\n|move|p2a: Kyurem|Dragon Dance|p2a: Kyurem\n|-boost|p2a: Kyurem|atk|1\n|-boost|p2a: Kyurem|spe|1\n|move|p1a: hoe ass|Sacred Fire|p2a: Kyurem\n|-damage|p2a: Kyurem|61\/100\n|\n|upkeep\n|turn|21\n|\n|t:|1698772832\n|move|p2a: Kyurem|Fusion Bolt|p1a: hoe ass\n|-supereffective|p1a: hoe ass\n|-damage|p1a: hoe ass|0 fnt\n|faint|p1a: hoe ass\n|\n|upkeep\n|c|\u2606Incredible Gassy|nvm\n|\n|t:|1698772835\n|switch|p1a: GOOBED!|Marshadow|88\/100\n|-damage|p1a: GOOBED!|82\/100|[from] Stealth Rock\n|turn|22\n|j| usamo 2021\n|\n|t:|1698772841\n|move|p1a: GOOBED!|Shadow Sneak|p2a: Kyurem\n|-damage|p2a: Kyurem|19\/100\n|move|p2a: Kyurem|Icicle Spear|p1a: GOOBED!\n|-damage|p1a: GOOBED!|52\/100\n|-damage|p1a: GOOBED!|22\/100\n|-damage|p1a: GOOBED!|0 fnt\n|faint|p1a: GOOBED!\n|-hitcount|p1: GOOBED!|3\n|\n|win|Stallsun9U\n|raw|Incredible Gassy's rating: 1707 &rarr; <strong>1688<\/strong><br \/>(-19 for losing)\n|raw|Stallsun9U's rating: 1720 &rarr; <strong>1739<\/strong><br \/>(+19 for winning)\n|c|\u2606Stallsun9U|Lmao gg\n|c|\u2606Incredible Gassy|gg\n|c|\u2606Incredible Gassy|lol\n|c|\u2606Stallsun9U|Lol\n","uploadtime":1698772860,"views":6,"p1id":"incrediblegassy","p2id":"stallsun9u","formatid":"gen9nationaldexubers","rating":1688,"private":0,"password":""}