{"id":"gen9nationaldexubers-1990104565","p1":"happy skadi","p2":"C0ld as Ice","format":"[Gen 9] National Dex Ubers","log":"|j|\u2606happy skadi\n|j|\u2606C0ld as Ice\n|t:|1699924998\n|gametype|singles\n|player|p1|happy skadi|102|1618\n|player|p2|C0ld as Ice|170|1865\n|teamsize|p1|6\n|teamsize|p2|6\n|gen|9\n|tier|[Gen 9] National Dex Ubers\n|rated|\n|rule|HP Percentage Mod: HP is shown in percentages\n|rule|Endless Battle Clause: Forcing endless battles is banned\n|rule|OHKO Clause: OHKO moves are banned\n|rule|Evasion Moves Clause: Evasion moves are banned\n|rule|Evasion Items Clause: Evasion items are banned\n|rule|Species Clause: Limit one of each Pok\u00e9mon\n|rule|Sleep Clause Mod: Limit one foe put to sleep\n|rule|Mega Rayquaza Clause: You cannot mega evolve Rayquaza\n|clearpoke\n|poke|p1|Kyurem-Black|\n|poke|p1|Calyrex-Ice|\n|poke|p1|Tapu Fini|\n|poke|p1|Yveltal|\n|poke|p1|Necrozma-Dusk-Mane|\n|poke|p1|Groudon|\n|poke|p2|Chien-Pao|\n|poke|p2|Necrozma-Dusk-Mane|\n|poke|p2|Ho-Oh|\n|poke|p2|Lunala|\n|poke|p2|Groudon, L99|\n|poke|p2|Arceus-Water|\n|teampreview\n|\n|t:|1699925059\n|start\n|switch|p1a: Groudon|Groudon|100\/100\n|switch|p2a: Arceus|Arceus-Water|100\/100\n|detailschange|p1a: Groudon|Groudon-Primal\n|-primal|p1a: Groudon|Red Orb\n|-weather|DesolateLand|[from] ability: Desolate Land|[of] p1a: Groudon\n|turn|1\n|\n|t:|1699925071\n|move|p2a: Arceus|Toxic|p1a: Groudon\n|-status|p1a: Groudon|tox\n|move|p1a: Groudon|Stealth Rock|p2a: Arceus\n|-sidestart|p2: C0ld as Ice|move: Stealth Rock\n|\n|-weather|DesolateLand|[upkeep]\n|-damage|p1a: Groudon|94\/100 tox|[from] psn\n|upkeep\n|turn|2\n|\n|t:|1699925083\n|switch|p2a: Lunala|Lunala, shiny|100\/100\n|-weather|none\n|switch|p1a: Tapu Fini|Tapu Fini|100\/100\n|-fieldstart|move: Misty Terrain|[from] ability: Misty Surge|[of] p1a: Tapu Fini\n|\n|upkeep\n|turn|3\n|\n|t:|1699925090\n|switch|p1a: Yveltal|Yveltal|100\/100\n|-ability|p1a: Yveltal|Dark Aura\n|move|p2a: Lunala|Defog|p1a: Yveltal\n|-unboost|p1a: Yveltal|evasion|1\n|-sideend|p2: C0ld as Ice|Stealth Rock|[from] move: Defog|[of] p2a: Lunala\n|-fieldend|Misty Terrain\n|\n|upkeep\n|turn|4\n|\n|t:|1699925099\n|switch|p2a: Arceus|Arceus-Water|100\/100\n|move|p1a: Yveltal|Dark Pulse|p2a: Arceus\n|-damage|p2a: Arceus|41\/100\n|\n|upkeep\n|turn|5\n|\n|t:|1699925104\n|-terastallize|p2a: Arceus|Fairy\n|move|p2a: Arceus|Recover|p2a: Arceus\n|-heal|p2a: Arceus|91\/100\n|move|p1a: Yveltal|Dark Pulse|p2a: Arceus\n|-resisted|p2a: Arceus\n|-damage|p2a: Arceus|61\/100\n|\n|upkeep\n|turn|6\n|\n|t:|1699925118\n|switch|p1a: Groudon|Groudon-Primal|94\/100 tox\n|-weather|DesolateLand|[from] ability: Desolate Land|[of] p1a: Groudon\n|move|p2a: Arceus|Recover|p2a: Arceus\n|-heal|p2a: Arceus|100\/100\n|\n|-weather|DesolateLand|[upkeep]\n|-damage|p1a: Groudon|88\/100 tox|[from] psn\n|upkeep\n|turn|7\n|\n|t:|1699925126\n|move|p2a: Arceus|Taunt|p1a: Groudon\n|-start|p1a: Groudon|move: Taunt\n|cant|p1a: Groudon|move: Taunt|Stealth Rock\n|\n|-weather|DesolateLand|[upkeep]\n|-damage|p1a: Groudon|76\/100 tox|[from] psn\n|upkeep\n|turn|8\n|\n|t:|1699925131\n|switch|p2a: Lunala|Lunala, shiny|100\/100\n|-weather|none\n|switch|p1a: Tapu Fini|Tapu Fini|100\/100\n|-fieldstart|move: Misty Terrain|[from] ability: Misty Surge|[of] p1a: Tapu Fini\n|\n|upkeep\n|turn|9\n|\n|t:|1699925144\n|switch|p2a: Ho-Oh|Ho-Oh, shiny|100\/100\n|switch|p1a: Yveltal|Yveltal|100\/100\n|-ability|p1a: Yveltal|Dark Aura\n|\n|upkeep\n|turn|10\n|\n|t:|1699925151\n|switch|p2a: Arceus|Arceus-Water, tera:Fairy|100\/100\n|move|p1a: Yveltal|U-turn|p2a: Arceus\n|-resisted|p2a: Arceus\n|-damage|p2a: Arceus|94\/100\n|\n|t:|1699925171\n|switch|p1a: Necrozma|Necrozma-Dusk-Mane|100\/100|[from] U-turn\n|\n|upkeep\n|turn|11\n|\n|t:|1699925183\n|switch|p2a: Lunala|Lunala, shiny|100\/100\n|move|p1a: Necrozma|Photon Geyser|p2a: Lunala\n|-resisted|p2a: Lunala\n|-damage|p2a: Lunala|89\/100\n|\n|upkeep\n|turn|12\n|\n|t:|1699925189\n|move|p2a: Lunala|Moonlight|p2a: Lunala\n|-heal|p2a: Lunala|100\/100\n|move|p1a: Necrozma|Sunsteel Strike|p2a: Lunala\n|-damage|p2a: Lunala|80\/100\n|\n|-fieldend|Misty Terrain\n|upkeep\n|turn|13\n|\n|t:|1699925216\n|switch|p1a: Yveltal|Yveltal|100\/100\n|-ability|p1a: Yveltal|Dark Aura\n|move|p2a: Lunala|Moonlight|p2a: Lunala\n|-heal|p2a: Lunala|100\/100\n|\n|upkeep\n|turn|14\n|\n|t:|1699925229\n|switch|p2a: Ho-Oh|Ho-Oh, shiny|100\/100\n|move|p1a: Yveltal|U-turn|p2a: Ho-Oh\n|-resisted|p2a: Ho-Oh\n|-damage|p2a: Ho-Oh|97\/100\n|\n|t:|1699925235\n|switch|p1a: Tapu Fini|Tapu Fini|100\/100|[from] U-turn\n|-fieldstart|move: Misty Terrain|[from] ability: Misty Surge|[of] p1a: Tapu Fini\n|\n|upkeep\n|turn|15\n|\n|t:|1699925251\n|move|p2a: Ho-Oh|Brave Bird|p1a: Tapu Fini\n|-damage|p1a: Tapu Fini|38\/100\n|-damage|p2a: Ho-Oh|80\/100|[from] Recoil\n|move|p1a: Tapu Fini|Moonblast|p2a: Ho-Oh\n|-resisted|p2a: Ho-Oh\n|-damage|p2a: Ho-Oh|72\/100\n|\n|-heal|p1a: Tapu Fini|44\/100|[from] item: Leftovers\n|upkeep\n|turn|16\n|\n|t:|1699925270\n|switch|p1a: Necrozma|Necrozma-Dusk-Mane|100\/100\n|move|p2a: Ho-Oh|Brave Bird|p1a: Necrozma\n|-resisted|p1a: Necrozma\n|-damage|p1a: Necrozma|68\/100\n|-damage|p2a: Ho-Oh|62\/100|[from] Recoil\n|\n|upkeep\n|turn|17\n|\n|t:|1699925281\n|switch|p2a: Lunala|Lunala, shiny|100\/100\n|switch|p1a: Yveltal|Yveltal|100\/100\n|-ability|p1a: Yveltal|Dark Aura\n|\n|upkeep\n|turn|18\n|\n|t:|1699925295\n|switch|p2a: Ho-Oh|Ho-Oh, shiny|95\/100\n|move|p1a: Yveltal|Dark Pulse|p2a: Ho-Oh\n|-damage|p2a: Ho-Oh|47\/100\n|\n|-fieldend|Misty Terrain\n|upkeep\n|turn|19\n|\n|t:|1699925333\n|switch|p2a: Arceus|Arceus-Water, tera:Fairy|94\/100\n|move|p1a: Yveltal|Dark Pulse|p2a: Arceus\n|-resisted|p2a: Arceus\n|-damage|p2a: Arceus|64\/100\n|\n|upkeep\n|turn|20\n|\n|t:|1699925352\n|move|p2a: Arceus|Judgment|p1a: Yveltal\n|-damage|p1a: Yveltal|55\/100\n|move|p1a: Yveltal|Dark Pulse|p2a: Arceus\n|-resisted|p2a: Arceus\n|-damage|p2a: Arceus|38\/100\n|\n|upkeep\n|turn|21\n|\n|t:|1699925376\n|-terastallize|p1a: Yveltal|Dark\n|move|p2a: Arceus|Recover|p2a: Arceus\n|-heal|p2a: Arceus|88\/100\n|move|p1a: Yveltal|Dark Pulse|p2a: Arceus\n|-resisted|p2a: Arceus\n|-damage|p2a: Arceus|51\/100\n|\n|upkeep\n|turn|22\n|\n|t:|1699925384\n|move|p2a: Arceus|Recover|p2a: Arceus\n|-heal|p2a: Arceus|100\/100\n|move|p1a: Yveltal|Dark Pulse|p2a: Arceus\n|-resisted|p2a: Arceus\n|-damage|p2a: Arceus|62\/100\n|\n|upkeep\n|turn|23\n|\n|t:|1699925397\n|move|p2a: Arceus|Toxic|p1a: Yveltal\n|-status|p1a: Yveltal|tox\n|move|p1a: Yveltal|Dark Pulse|p2a: Arceus\n|-resisted|p2a: Arceus\n|-damage|p2a: Arceus|25\/100\n|\n|-damage|p1a: Yveltal|49\/100 tox|[from] psn\n|upkeep\n|turn|24\n|\n|t:|1699925423\n|switch|p1a: Tapu Fini|Tapu Fini|44\/100\n|-fieldstart|move: Misty Terrain|[from] ability: Misty Surge|[of] p1a: Tapu Fini\n|move|p2a: Arceus|Recover|p2a: Arceus\n|-heal|p2a: Arceus|76\/100\n|\n|-heal|p1a: Tapu Fini|50\/100|[from] item: Leftovers\n|upkeep\n|turn|25\n|\n|t:|1699925444\n|switch|p2a: Ho-Oh|Ho-Oh, shiny|80\/100\n|move|p1a: Tapu Fini|Moonblast|p2a: Ho-Oh\n|-resisted|p2a: Ho-Oh\n|-damage|p2a: Ho-Oh|72\/100\n|-unboost|p2a: Ho-Oh|spa|1\n|\n|-heal|p1a: Tapu Fini|56\/100|[from] item: Leftovers\n|upkeep\n|turn|26\n|\n|t:|1699925455\n|switch|p1a: Groudon|Groudon-Primal|76\/100 tox\n|-weather|DesolateLand|[from] ability: Desolate Land|[of] p1a: Groudon\n|move|p2a: Ho-Oh|Brave Bird|p1a: Groudon\n|-damage|p1a: Groudon|26\/100 tox\n|-damage|p2a: Ho-Oh|56\/100|[from] Recoil\n|\n|-weather|DesolateLand|[upkeep]\n|-damage|p1a: Groudon|20\/100 tox|[from] psn\n|upkeep\n|turn|27\n|\n|t:|1699925461\n|switch|p2a: Lunala|Lunala, shiny|100\/100\n|move|p1a: Groudon|Stealth Rock|p2a: Lunala\n|-sidestart|p2: C0ld as Ice|move: Stealth Rock\n|\n|-weather|DesolateLand|[upkeep]\n|-damage|p1a: Groudon|7\/100 tox|[from] psn\n|upkeep\n|turn|28\n|\n|t:|1699925464\n|move|p2a: Lunala|Defog|p1a: Groudon\n|-unboost|p1a: Groudon|evasion|1\n|-sideend|p2: C0ld as Ice|Stealth Rock|[from] move: Defog|[of] p2a: Lunala\n|-fieldend|Misty Terrain\n|move|p1a: Groudon|Heat Crash|p2a: Lunala\n|-damage|p2a: Lunala|52\/100\n|\n|-weather|DesolateLand|[upkeep]\n|-damage|p1a: Groudon|0 fnt|[from] psn\n|faint|p1a: Groudon\n|-weather|none\n|upkeep\n|\n|t:|1699925475\n|switch|p1a: Kyurem|Kyurem-Black|100\/100\n|-ability|p1a: Kyurem|Teravolt\n|turn|29\n|\n|t:|1699925508\n|move|p1a: Kyurem|Dragon Dance|p1a: Kyurem\n|-boost|p1a: Kyurem|atk|1\n|-boost|p1a: Kyurem|spe|1\n|move|p2a: Lunala|Will-O-Wisp|p1a: Kyurem\n|-status|p1a: Kyurem|brn\n|\n|-damage|p1a: Kyurem|94\/100 brn|[from] brn\n|upkeep\n|turn|30\n|-message|happy skadi forfeited.\n|\n|win|C0ld as Ice\n|raw|happy skadi's rating: 1618 &rarr; <strong>1611<\/strong><br \/>(-7 for losing)\n|raw|C0ld as Ice's rating: 1880 &rarr; <strong>1887<\/strong><br \/>(+7 for winning)\n|l|\u2606happy skadi\n","uploadtime":1699925822,"views":6,"p1id":"happyskadi","p2id":"c0ldasice","formatid":"gen9nationaldexubers","rating":1611,"private":0,"password":""}