{"id":"gen9nationaldexubers-1988706069","p1":"foxxxism","p2":"JamesMcButts","format":"[Gen 9] National Dex Ubers","log":"|j|\u2606foxxxism\n|j|\u2606JamesMcButts\n|t:|1699752969\n|gametype|singles\n|player|p1|foxxxism|101|\n|player|p2|JamesMcButts|swimmer-gen4|\n|teamsize|p1|6\n|teamsize|p2|6\n|gen|9\n|tier|[Gen 9] National Dex Ubers\n|rule|HP Percentage Mod: HP is shown in percentages\n|rule|Endless Battle Clause: Forcing endless battles is banned\n|rule|OHKO Clause: OHKO moves are banned\n|rule|Evasion Moves Clause: Evasion moves are banned\n|rule|Evasion Items Clause: Evasion items are banned\n|rule|Species Clause: Limit one of each Pok\u00e9mon\n|rule|Sleep Clause Mod: Limit one foe put to sleep\n|rule|Mega Rayquaza Clause: You cannot mega evolve Rayquaza\n|clearpoke\n|poke|p1|Kommo-o, F|\n|poke|p1|Dragapult, F|\n|poke|p1|Haxorus, F|\n|poke|p1|Hydreigon, F|\n|poke|p1|Garchomp, M|\n|poke|p1|Baxcalibur, F|\n|poke|p2|Corviknight, F|\n|poke|p2|Aegislash, M|\n|poke|p2|Tinkaton, F|\n|poke|p2|Aggron, M|\n|poke|p2|Mawile, M|\n|poke|p2|Lucario, F|\n|teampreview\n|j| HereticalJ\n|\n|t:|1699753035\n|start\n|switch|p1a: Kommo-o|Kommo-o, F, shiny|100\/100\n|switch|p2a: Aggron|Aggron, M, shiny|100\/100\n|turn|1\n|j| Triggerhappy50\n|\n|t:|1699753056\n|move|p1a: Kommo-o|Fire Punch|p2a: Aggron\n|-damage|p2a: Aggron|85\/100\n|move|p2a: Aggron|Stealth Rock|p1a: Kommo-o\n|-sidestart|p1: foxxxism|move: Stealth Rock\n|\n|-heal|p2a: Aggron|91\/100|[from] item: Leftovers\n|upkeep\n|turn|2\n|\n|t:|1699753086\n|switch|p2a: Mawile|Mawile, M, shiny|100\/100\n|-ability|p2a: Mawile|Intimidate|boost\n|-unboost|p1a: Kommo-o|atk|1\n|move|p1a: Kommo-o|Close Combat|p2a: Mawile\n|-damage|p2a: Mawile|39\/100\n|-unboost|p1a: Kommo-o|def|1\n|-unboost|p1a: Kommo-o|spd|1\n|\n|upkeep\n|turn|3\n|\n|t:|1699753139\n|detailschange|p2a: Mawile|Mawile-Mega, M, shiny\n|-mega|p2a: Mawile|Mawile|Mawilite\n|move|p1a: Kommo-o|Fire Punch|p2a: Mawile\n|-supereffective|p2a: Mawile\n|-damage|p2a: Mawile|2\/100\n|move|p2a: Mawile|Play Rough|p1a: Kommo-o|[miss]\n|-miss|p2a: Mawile|p1a: Kommo-o\n|\n|upkeep\n|turn|4\n|\n|t:|1699753163\n|switch|p2a: Tinkaton|Tinkaton, F, shiny|100\/100\n|-ability|p2a: Tinkaton|Mold Breaker\n|move|p1a: Kommo-o|Thunder Punch|p2a: Tinkaton\n|-damage|p2a: Tinkaton|86\/100\n|-status|p2a: Tinkaton|par\n|\n|-heal|p2a: Tinkaton|92\/100 par|[from] item: Leftovers\n|upkeep\n|turn|5\n|\n|t:|1699753182\n|move|p1a: Kommo-o|Fire Punch|p2a: Tinkaton\n|-supereffective|p2a: Tinkaton\n|-damage|p2a: Tinkaton|60\/100 par\n|move|p2a: Tinkaton|Play Rough|p1a: Kommo-o\n|-supereffective|p1a: Kommo-o\n|-damage|p1a: Kommo-o|0 fnt\n|faint|p1a: Kommo-o\n|\n|-heal|p2a: Tinkaton|67\/100 par|[from] item: Leftovers\n|upkeep\n|\n|t:|1699753259\n|switch|p1a: Haxorus|Haxorus, F, shiny|100\/100\n|-damage|p1a: Haxorus|88\/100|[from] Stealth Rock\n|-ability|p1a: Haxorus|Mold Breaker\n|turn|6\n|\n|t:|1699753294\n|move|p1a: Haxorus|Iron Tail|p2a: Tinkaton\n|-damage|p2a: Tinkaton|32\/100 par\n|move|p2a: Tinkaton|Play Rough|p1a: Haxorus\n|-supereffective|p1a: Haxorus\n|-damage|p1a: Haxorus|23\/100\n|\n|-heal|p2a: Tinkaton|38\/100 par|[from] item: Leftovers\n|upkeep\n|turn|7\n|\n|t:|1699753319\n|switch|p2a: Lucario|Lucario, F|100\/100\n|move|p1a: Haxorus|Earthquake|p2a: Lucario\n|-supereffective|p2a: Lucario\n|-damage|p2a: Lucario|0 fnt\n|faint|p2a: Lucario\n|\n|upkeep\n|\n|t:|1699753333\n|switch|p2a: Aegislash|Aegislash, M, shiny|100\/100\n|turn|8\n|\n|t:|1699753358\n|switch|p1a: Hydreigon|Hydreigon, F, shiny|100\/100\n|-damage|p1a: Hydreigon|88\/100|[from] Stealth Rock\n|-formechange|p2a: Aegislash|Aegislash-Blade||[from] ability: Stance Change\n|move|p2a: Aegislash|Gyro Ball|p1a: Hydreigon\n|-damage|p1a: Hydreigon|7\/100\n|\n|upkeep\n|turn|9\n|\n|t:|1699753381\n|switch|p2a: Corviknight|Corviknight, F, shiny|100\/100\n|move|p1a: Hydreigon|Dark Pulse|p2a: Corviknight\n|-crit|p2a: Corviknight\n|-damage|p2a: Corviknight|38\/100\n|\n|-heal|p2a: Corviknight|44\/100|[from] item: Leftovers\n|upkeep\n|turn|10\n|\n|t:|1699753391\n|move|p1a: Hydreigon|Dark Pulse|p2a: Corviknight\n|-crit|p2a: Corviknight\n|-damage|p2a: Corviknight|0 fnt\n|faint|p2a: Corviknight\n|\n|upkeep\n|\n|t:|1699753403\n|switch|p2a: Aggron|Aggron, M, shiny|91\/100\n|turn|11\n|\n|t:|1699753420\n|move|p2a: Aggron|Protect|p2a: Aggron\n|-singleturn|p2a: Aggron|Protect\n|move|p1a: Hydreigon|Dark Pulse|p2a: Aggron\n|-activate|p2a: Aggron|move: Protect\n|\n|-heal|p2a: Aggron|97\/100|[from] item: Leftovers\n|upkeep\n|turn|12\n|\n|t:|1699753429\n|move|p1a: Hydreigon|Dark Pulse|p2a: Aggron\n|-crit|p2a: Aggron\n|-damage|p2a: Aggron|29\/100\n|move|p2a: Aggron|Head Smash|p1a: Hydreigon\n|-damage|p1a: Hydreigon|0 fnt\n|faint|p1a: Hydreigon\n|\n|-heal|p2a: Aggron|35\/100|[from] item: Leftovers\n|upkeep\n|\n|t:|1699753455\n|switch|p1a: Baxcalibur|Baxcalibur, F|100\/100\n|-damage|p1a: Baxcalibur|76\/100|[from] Stealth Rock\n|turn|13\n|\n|t:|1699753485\n|move|p1a: Baxcalibur|Brick Break|p2a: Aggron\n|-supereffective|p2a: Aggron\n|-damage|p2a: Aggron|0 fnt\n|faint|p2a: Aggron\n|\n|upkeep\n|\n|t:|1699753507\n|switch|p2a: Tinkaton|Tinkaton, F, shiny|38\/100 par\n|-ability|p2a: Tinkaton|Mold Breaker\n|turn|14\n|\n|t:|1699753549\n|move|p1a: Baxcalibur|Blizzard|p2a: Tinkaton\n|-resisted|p2a: Tinkaton\n|-damage|p2a: Tinkaton|23\/100 par\n|move|p2a: Tinkaton|Gigaton Hammer|p1a: Baxcalibur\n|-supereffective|p1a: Baxcalibur\n|-damage|p1a: Baxcalibur|5\/100\n|\n|-heal|p2a: Tinkaton|29\/100 par|[from] item: Leftovers\n|upkeep\n|turn|15\n|\n|t:|1699753585\n|switch|p2a: Aegislash|Aegislash, M, shiny|100\/100\n|move|p1a: Baxcalibur|Draco Meteor|p2a: Aegislash\n|-resisted|p2a: Aegislash\n|-damage|p2a: Aegislash|84\/100\n|-unboost|p1a: Baxcalibur|spa|2\n|\n|upkeep\n|turn|16\n|\n|t:|1699753616\n|-formechange|p2a: Aegislash|Aegislash-Blade||[from] ability: Stance Change\n|move|p2a: Aegislash|Shadow Sneak|p1a: Baxcalibur\n|-damage|p1a: Baxcalibur|0 fnt\n|-damage|p2a: Aegislash|68\/100|[from] item: Rocky Helmet|[of] p1a: Baxcalibur\n|faint|p1a: Baxcalibur\n|\n|upkeep\n|\n|t:|1699753631\n|switch|p1a: Dragapult|Dragapult, F, shiny|100\/100\n|-damage|p1a: Dragapult|88\/100|[from] Stealth Rock\n|turn|17\n|\n|t:|1699753644\n|move|p1a: Dragapult|Shadow Ball|p2a: Aegislash\n|-supereffective|p2a: Aegislash\n|-damage|p2a: Aegislash|0 fnt\n|faint|p2a: Aegislash\n|\n|upkeep\n|\n|t:|1699753659\n|switch|p2a: Mawile|Mawile-Mega, M, shiny|2\/100\n|turn|18\n|\n|t:|1699753672\n|move|p1a: Dragapult|Shadow Ball|p2a: Mawile\n|-damage|p2a: Mawile|0 fnt\n|faint|p2a: Mawile\n|\n|upkeep\n|\n|t:|1699753680\n|switch|p2a: Tinkaton|Tinkaton, F, shiny|29\/100 par\n|-ability|p2a: Tinkaton|Mold Breaker\n|turn|19\n|\n|t:|1699753701\n|move|p1a: Dragapult|Shadow Ball|p2a: Tinkaton\n|-crit|p2a: Tinkaton\n|-damage|p2a: Tinkaton|0 fnt\n|faint|p2a: Tinkaton\n|\n|win|foxxxism\n","uploadtime":1699753718,"views":26,"p1id":"foxxxism","p2id":"jamesmcbutts","formatid":"gen9nationaldexubers","rating":0,"private":0,"password":""}