{"id":"gen9nationaldexubers-1986126232","p1":"grenadee","p2":"Rhyfinn sr.","format":"[Gen 9] National Dex Ubers","log":"|j|\u2606grenadee\n|j|\u2606Rhyfinn sr.\n|t:|1699452722\n|gametype|singles\n|player|p1|grenadee|psychic-gen4|1103\n|player|p2|Rhyfinn sr.|alder|1182\n|teamsize|p1|6\n|teamsize|p2|6\n|gen|9\n|tier|[Gen 9] National Dex Ubers\n|rated|\n|rule|HP Percentage Mod: HP is shown in percentages\n|rule|Endless Battle Clause: Forcing endless battles is banned\n|rule|OHKO Clause: OHKO moves are banned\n|rule|Evasion Moves Clause: Evasion moves are banned\n|rule|Evasion Items Clause: Evasion items are banned\n|rule|Species Clause: Limit one of each Pok\u00e9mon\n|rule|Sleep Clause Mod: Limit one foe put to sleep\n|rule|Mega Rayquaza Clause: You cannot mega evolve Rayquaza\n|clearpoke\n|poke|p1|Lucario, F|\n|poke|p1|Basculegion, M|\n|poke|p1|Crawdaunt, M|\n|poke|p1|Dragalge, M|\n|poke|p1|Basculin, L1, M|\n|poke|p1|Porygon-Z|\n|poke|p2|Groudon|\n|poke|p2|Ho-Oh|\n|poke|p2|Xerneas-*|\n|poke|p2|Marshadow|\n|poke|p2|Necrozma-Dusk-Mane|\n|poke|p2|Kyurem-White|\n|teampreview\n|inactive|Battle timer is ON: inactive players will automatically lose when time's up. (requested by Rhyfinn sr.)\n|c|\u2606grenadee|hi\n|c|\u2606grenadee|gl hf\n|inactive|grenadee has 120 seconds left.\n|\n|t:|1699452756\n|start\n|switch|p1a: Porygon-Z|Porygon-Z|100\/100\n|switch|p2a: Groudon|Groudon, shiny|100\/100\n|detailschange|p2a: Groudon|Groudon-Primal, shiny\n|-primal|p2a: Groudon|Red Orb\n|-weather|DesolateLand|[from] ability: Desolate Land|[of] p2a: Groudon\n|turn|1\n|\n|t:|1699452766\n|-weather|none\n|switch|p2a: Ho-Oh|Ho-Oh, shiny|100\/100\n|move|p1a: Porygon-Z|Tri Attack|p2a: Ho-Oh\n|-crit|p2a: Ho-Oh\n|-damage|p2a: Ho-Oh|47\/100\n|\n|upkeep\n|turn|2\n|\n|t:|1699452779\n|switch|p2a: Kyurem|Kyurem-White, shiny|100\/100\n|-ability|p2a: Kyurem|Turboblaze\n|move|p1a: Porygon-Z|Tri Attack|p2a: Kyurem\n|-damage|p2a: Kyurem|25\/100\n|\n|upkeep\n|turn|3\n|\n|t:|1699452793\n|switch|p1a: Dragalge|Dragalge, M|100\/100\n|move|p2a: Kyurem|Draco Meteor|p1a: Dragalge\n|-supereffective|p1a: Dragalge\n|-damage|p1a: Dragalge|0 fnt\n|-unboost|p2a: Kyurem|spa|2\n|faint|p1a: Dragalge\n|\n|upkeep\n|\n|t:|1699452803\n|switch|p1a: Basculegion|Basculegion, M|100\/100\n|turn|4\n|\n|t:|1699452810\n|switch|p2a: Groudon|Groudon-Primal, shiny|100\/100\n|-weather|DesolateLand|[from] ability: Desolate Land|[of] p2a: Groudon\n|move|p1a: Basculegion|Scale Shot|p2a: Groudon\n|-damage|p2a: Groudon|93\/100\n|-damage|p2a: Groudon|86\/100\n|-damage|p2a: Groudon|79\/100\n|-damage|p2a: Groudon|72\/100\n|-hitcount|p2a: Groudon|4\n|-unboost|p1a: Basculegion|def|1\n|-boost|p1a: Basculegion|spe|1\n|\n|-weather|DesolateLand|[upkeep]\n|upkeep\n|turn|5\n|\n|t:|1699452821\n|-terastallize|p1a: Basculegion|Dragon\n|move|p1a: Basculegion|Scale Shot|p2a: Groudon|[miss]\n|-miss|p1a: Basculegion|p2a: Groudon\n|move|p2a: Groudon|Rock Polish|p2a: Groudon\n|-boost|p2a: Groudon|spe|2\n|\n|-weather|DesolateLand|[upkeep]\n|upkeep\n|turn|6\n|\n|t:|1699452830\n|move|p2a: Groudon|Precipice Blades|p1a: Basculegion\n|-damage|p1a: Basculegion|0 fnt\n|faint|p1a: Basculegion\n|\n|-weather|DesolateLand|[upkeep]\n|upkeep\n|\n|t:|1699452842\n|switch|p1a: Basculin|Basculin, L1, M|100\/100\n|turn|7\n|\n|t:|1699452848\n|move|p2a: Groudon|Flamethrower|p1a: Basculin\n|-resisted|p1a: Basculin\n|-enditem|p1a: Basculin|Focus Sash\n|-damage|p1a: Basculin|9\/100\n|move|p1a: Basculin|Endeavor|p2a: Groudon\n|-damage|p2a: Groudon|1\/100\n|\n|-weather|DesolateLand|[upkeep]\n|upkeep\n|turn|8\n|\n|t:|1699452856\n|-weather|none\n|switch|p2a: Marshadow|Marshadow|100\/100\n|move|p1a: Basculin|Aqua Jet|p2a: Marshadow\n|-damage|p2a: Marshadow|99\/100\n|\n|upkeep\n|turn|9\n|\n|t:|1699452870\n|move|p2a: Marshadow|Shadow Sneak|p1a: Basculin\n|-damage|p1a: Basculin|0 fnt\n|faint|p1a: Basculin\n|\n|upkeep\n|l|\u2606grenadee\n|inactive|grenadee disconnected and has a minute to reconnect!\n|player|p1|\n|inactive|grenadee has 30 seconds to reconnect!\n|inactive|grenadee has 20 seconds to reconnect!\n|inactive|grenadee has 15 seconds to reconnect!\n|inactive|grenadee has 10 seconds to reconnect!\n|inactive|grenadee has 5 seconds to reconnect!\n|-message|grenadee lost due to inactivity.\n|\n|win|Rhyfinn sr.\n|raw|grenadee's rating: 1103 &rarr; <strong>1084<\/strong><br \/>(-19 for losing)\n|raw|Rhyfinn sr.'s rating: 1182 &rarr; <strong>1201<\/strong><br \/>(+19 for winning)\n","uploadtime":1699452934,"views":7,"p1id":"grenadee","p2id":"rhyfinnsr","formatid":"gen9nationaldexubers","rating":1084,"private":0,"password":""}