{"id":"gen9nationaldexubers-1979745466","p1":"Hogstuffer420","p2":"Slumpyboocus","format":"[Gen 9] National Dex Ubers","log":"|j|\u2606Hogstuffer420\n|j|\u2606Slumpyboocus\n|t:|1698708891\n|gametype|singles\n|player|p1|Hogstuffer420|n|\n|player|p2|Slumpyboocus|ash|\n|teamsize|p1|6\n|teamsize|p2|6\n|gen|9\n|tier|[Gen 9] National Dex Ubers\n|rule|HP Percentage Mod: HP is shown in percentages\n|rule|Endless Battle Clause: Forcing endless battles is banned\n|rule|OHKO Clause: OHKO moves are banned\n|rule|Evasion Moves Clause: Evasion moves are banned\n|rule|Evasion Items Clause: Evasion items are banned\n|rule|Species Clause: Limit one of each Pok\u00e9mon\n|rule|Sleep Clause Mod: Limit one foe put to sleep\n|rule|Mega Rayquaza Clause: You cannot mega evolve Rayquaza\n|clearpoke\n|poke|p1|Swampert, M|\n|poke|p1|Pelipper, M|\n|poke|p1|Gholdengo|\n|poke|p1|Glimmora, M|\n|poke|p1|Skarmory, F|\n|poke|p1|Keldeo-Resolute|\n|poke|p2|Celesteela|\n|poke|p2|Zapdos|\n|poke|p2|Roaring Moon|\n|poke|p2|Wo-Chien|\n|poke|p2|Gallade, M|\n|poke|p2|Gastrodon-East, F|\n|teampreview\n|j| sandsword\n|j| Arod2606\n|\n|t:|1698708954\n|start\n|switch|p1a: Chode|Glimmora, M|100\/100\n|switch|p2a: Monica Geller|Zapdos|100\/100\n|turn|1\n|\n|t:|1698708978\n|switch|p2a: Ross Geller|Celesteela|100\/100\n|move|p1a: Chode|Power Gem|p2a: Ross Geller\n|-damage|p2a: Ross Geller|41\/100\n|\n|-heal|p2a: Ross Geller|47\/100|[from] item: Leftovers\n|upkeep\n|turn|2\n|\n|t:|1698708986\n|switch|p2a: Joey Tribbiani|Gastrodon-East, F|100\/100\n|move|p1a: Chode|Power Gem|p2a: Joey Tribbiani\n|-resisted|p2a: Joey Tribbiani\n|-damage|p2a: Joey Tribbiani|66\/100\n|\n|-heal|p2a: Joey Tribbiani|72\/100|[from] item: Leftovers\n|upkeep\n|turn|3\n|\n|t:|1698708995\n|switch|p1a: Rayne Dakota|Skarmory, F|100\/100\n|move|p2a: Joey Tribbiani|Earth Power|p1a: Rayne Dakota\n|-immune|p1a: Rayne Dakota\n|\n|-heal|p2a: Joey Tribbiani|78\/100|[from] item: Leftovers\n|upkeep\n|turn|4\n|\n|t:|1698709006\n|switch|p2a: Monica Geller|Zapdos|100\/100\n|move|p1a: Rayne Dakota|Stealth Rock|p2a: Monica Geller\n|-sidestart|p2: Slumpyboocus|move: Stealth Rock\n|\n|upkeep\n|turn|5\n|\n|t:|1698709015\n|switch|p1a: Chode|Glimmora, M|100\/100\n|move|p2a: Monica Geller|Defog|p1a: Chode\n|-unboost|p1a: Chode|evasion|1\n|-sideend|p2: Slumpyboocus|Stealth Rock|[from] move: Defog|[of] p2a: Monica Geller\n|\n|upkeep\n|turn|6\n|\n|t:|1698709025\n|move|p2a: Monica Geller|Volt Switch|p1a: Chode\n|-damage|p1a: Chode|54\/100\n|\n|t:|1698709034\n|switch|p2a: Joey Tribbiani|Gastrodon-East, F|78\/100|[from] Volt Switch\n|move|p1a: Chode|Energy Ball|p2a: Joey Tribbiani\n|-supereffective|p2a: Joey Tribbiani\n|-damage|p2a: Joey Tribbiani|0 fnt\n|faint|p2a: Joey Tribbiani\n|\n|upkeep\n|\n|t:|1698709044\n|switch|p2a: RIP Chandler Bing|Roaring Moon|100\/100\n|turn|7\n|\n|t:|1698709073\n|switch|p1a: Rayne Dakota|Skarmory, F|100\/100\n|move|p2a: RIP Chandler Bing|Dragon Dance|p2a: RIP Chandler Bing\n|-boost|p2a: RIP Chandler Bing|atk|1\n|-boost|p2a: RIP Chandler Bing|spe|1\n|\n|upkeep\n|turn|8\n|\n|t:|1698709093\n|move|p2a: RIP Chandler Bing|Knock Off|p1a: Rayne Dakota\n|-damage|p1a: Rayne Dakota|43\/100\n|-damage|p2a: RIP Chandler Bing|84\/100|[from] item: Rocky Helmet|[of] p1a: Rayne Dakota\n|-enditem|p1a: Rayne Dakota|Rocky Helmet|[from] move: Knock Off|[of] p2a: RIP Chandler Bing\n|move|p1a: Rayne Dakota|Body Press|p2a: RIP Chandler Bing\n|-supereffective|p2a: RIP Chandler Bing\n|-damage|p2a: RIP Chandler Bing|19\/100\n|\n|-heal|p2a: RIP Chandler Bing|25\/100|[from] item: Leftovers\n|upkeep\n|turn|9\n|\n|t:|1698709106\n|move|p2a: RIP Chandler Bing|Knock Off|p1a: Rayne Dakota\n|-damage|p1a: Rayne Dakota|3\/100\n|move|p1a: Rayne Dakota|Stealth Rock|p2a: RIP Chandler Bing\n|-sidestart|p2: Slumpyboocus|move: Stealth Rock\n|\n|-heal|p2a: RIP Chandler Bing|31\/100|[from] item: Leftovers\n|upkeep\n|turn|10\n|\n|t:|1698709116\n|move|p2a: RIP Chandler Bing|Knock Off|p1a: Rayne Dakota\n|-damage|p1a: Rayne Dakota|0 fnt\n|faint|p1a: Rayne Dakota\n|\n|-heal|p2a: RIP Chandler Bing|37\/100|[from] item: Leftovers\n|upkeep\n|\n|t:|1698709130\n|switch|p1a: Flying Fuck|Pelipper, M, shiny|100\/100\n|-weather|RainDance|[from] ability: Drizzle|[of] p1a: Flying Fuck\n|turn|11\n|\n|t:|1698709149\n|move|p2a: RIP Chandler Bing|Knock Off|p1a: Flying Fuck\n|-damage|p1a: Flying Fuck|45\/100\n|-enditem|p1a: Flying Fuck|Damp Rock|[from] move: Knock Off|[of] p2a: RIP Chandler Bing\n|move|p1a: Flying Fuck|U-turn|p2a: RIP Chandler Bing\n|-supereffective|p2a: RIP Chandler Bing\n|-damage|p2a: RIP Chandler Bing|15\/100\n|\n|t:|1698709156\n|switch|p1a: Fat Fuck|Swampert, M|100\/100|[from] U-turn\n|\n|-weather|RainDance|[upkeep]\n|-heal|p2a: RIP Chandler Bing|21\/100|[from] item: Leftovers\n|upkeep\n|turn|12\n|\n|t:|1698709169\n|detailschange|p1a: Fat Fuck|Swampert-Mega, M\n|-mega|p1a: Fat Fuck|Swampert|Swampertite\n|move|p2a: RIP Chandler Bing|Earthquake|p1a: Fat Fuck\n|-crit|p1a: Fat Fuck\n|-damage|p1a: Fat Fuck|27\/100\n|move|p1a: Fat Fuck|Power-Up Punch|p2a: RIP Chandler Bing\n|-supereffective|p2a: RIP Chandler Bing\n|-damage|p2a: RIP Chandler Bing|0 fnt\n|-boost|p1a: Fat Fuck|atk|1\n|faint|p2a: RIP Chandler Bing\n|-end|p2a: RIP Chandler Bing|Protosynthesis|[silent]\n|\n|-weather|RainDance|[upkeep]\n|upkeep\n|\n|t:|1698709188\n|switch|p2a: Rachel Green|Wo-Chien|100\/100\n|-damage|p2a: Rachel Green|88\/100|[from] Stealth Rock\n|-ability|p2a: Rachel Green|Tablets of Ruin\n|turn|13\n|j| Hotpepper22\n|\n|t:|1698709242\n|move|p2a: Rachel Green|Protect|p2a: Rachel Green\n|-singleturn|p2a: Rachel Green|Protect\n|move|p1a: Fat Fuck|Ice Punch|p2a: Rachel Green\n|-activate|p2a: Rachel Green|move: Protect\n|\n|-weather|RainDance|[upkeep]\n|-heal|p2a: Rachel Green|94\/100|[from] item: Leftovers\n|upkeep\n|turn|14\n|\n|t:|1698709260\n|move|p1a: Fat Fuck|Ice Punch|p2a: Rachel Green\n|-supereffective|p2a: Rachel Green\n|-damage|p2a: Rachel Green|29\/100\n|move|p2a: Rachel Green|Energy Ball|p1a: Fat Fuck\n|-supereffective|p1a: Fat Fuck\n|-damage|p1a: Fat Fuck|0 fnt\n|faint|p1a: Fat Fuck\n|\n|-weather|RainDance|[upkeep]\n|-heal|p2a: Rachel Green|35\/100|[from] item: Leftovers\n|upkeep\n|j| foofoo1\n|\n|t:|1698709304\n|switch|p1a: Moneybagg Brins|Gholdengo|100\/100\n|turn|15\n|\n|t:|1698709331\n|move|p1a: Moneybagg Brins|Make It Rain|p2a: Rachel Green\n|-damage|p2a: Rachel Green|0 fnt\n|-unboost|p1a: Moneybagg Brins|spa|1\n|faint|p2a: Rachel Green\n|\n|-weather|RainDance|[upkeep]\n|upkeep\n|\n|t:|1698709339\n|switch|p2a: Ross Geller|Celesteela|47\/100\n|-damage|p2a: Ross Geller|35\/100|[from] Stealth Rock\n|turn|16\n|\n|t:|1698709361\n|switch|p1a: Flying Fuck|Pelipper, M, shiny|45\/100\n|move|p2a: Ross Geller|Flamethrower|p1a: Flying Fuck\n|-resisted|p1a: Flying Fuck\n|-damage|p1a: Flying Fuck|37\/100\n|\n|-weather|RainDance|[upkeep]\n|-heal|p2a: Ross Geller|41\/100|[from] item: Leftovers\n|upkeep\n|turn|17\n|\n|t:|1698709370\n|move|p1a: Flying Fuck|Roost|p1a: Flying Fuck\n|-heal|p1a: Flying Fuck|87\/100\n|-singleturn|p1a: Flying Fuck|move: Roost\n|move|p2a: Ross Geller|Leech Seed|p1a: Flying Fuck\n|-start|p1a: Flying Fuck|move: Leech Seed\n|\n|-weather|RainDance|[upkeep]\n|-heal|p2a: Ross Geller|47\/100|[from] item: Leftovers\n|-damage|p1a: Flying Fuck|75\/100|[from] Leech Seed|[of] p2a: Ross Geller\n|-heal|p2a: Ross Geller|57\/100|[silent]\n|upkeep\n|turn|18\n|\n|t:|1698709386\n|move|p1a: Flying Fuck|U-turn|p2a: Ross Geller\n|-resisted|p2a: Ross Geller\n|-damage|p2a: Ross Geller|56\/100\n|\n|t:|1698709399\n|switch|p1a: Big 'ol Poker|Keldeo-Resolute|100\/100|[from] U-turn\n|move|p2a: Ross Geller|Energy Ball|p1a: Big 'ol Poker\n|-supereffective|p1a: Big 'ol Poker\n|-damage|p1a: Big 'ol Poker|46\/100\n|\n|-weather|none\n|-heal|p2a: Ross Geller|62\/100|[from] item: Leftovers\n|upkeep\n|turn|19\n|\n|t:|1698709431\n|move|p2a: Ross Geller|Protect|p2a: Ross Geller\n|-singleturn|p2a: Ross Geller|Protect\n|move|p1a: Big 'ol Poker|Sacred Sword|p2a: Ross Geller\n|-activate|p2a: Ross Geller|move: Protect\n|\n|-heal|p2a: Ross Geller|68\/100|[from] item: Leftovers\n|upkeep\n|turn|20\n|\n|t:|1698709440\n|move|p1a: Big 'ol Poker|Sacred Sword|p2a: Ross Geller\n|-damage|p2a: Ross Geller|54\/100\n|move|p2a: Ross Geller|Leech Seed|p1a: Big 'ol Poker\n|-start|p1a: Big 'ol Poker|move: Leech Seed\n|\n|-heal|p2a: Ross Geller|60\/100|[from] item: Leftovers\n|-damage|p1a: Big 'ol Poker|33\/100|[from] Leech Seed|[of] p2a: Ross Geller\n|-heal|p2a: Ross Geller|70\/100|[silent]\n|upkeep\n|turn|21\n|\n|t:|1698709449\n|switch|p1a: Flying Fuck|Pelipper, M, shiny|75\/100\n|-weather|RainDance|[from] ability: Drizzle|[of] p1a: Flying Fuck\n|move|p2a: Ross Geller|Energy Ball|p1a: Flying Fuck\n|-damage|p1a: Flying Fuck|42\/100\n|\n|-weather|RainDance|[upkeep]\n|-heal|p2a: Ross Geller|76\/100|[from] item: Leftovers\n|upkeep\n|turn|22\n|\n|t:|1698709459\n|move|p1a: Flying Fuck|Roost|p1a: Flying Fuck\n|-heal|p1a: Flying Fuck|92\/100\n|-singleturn|p1a: Flying Fuck|move: Roost\n|move|p2a: Ross Geller|Energy Ball|p1a: Flying Fuck\n|-supereffective|p1a: Flying Fuck\n|-damage|p1a: Flying Fuck|27\/100\n|\n|-weather|RainDance|[upkeep]\n|-heal|p2a: Ross Geller|82\/100|[from] item: Leftovers\n|upkeep\n|turn|23\n|\n|t:|1698709484\n|move|p1a: Flying Fuck|Scald|p2a: Ross Geller\n|-damage|p2a: Ross Geller|47\/100\n|-status|p2a: Ross Geller|brn\n|move|p2a: Ross Geller|Energy Ball|p1a: Flying Fuck\n|-crit|p1a: Flying Fuck\n|-damage|p1a: Flying Fuck|0 fnt\n|faint|p1a: Flying Fuck\n|-ability|p2a: Ross Geller|Beast Boost|boost\n|-boost|p2a: Ross Geller|def|1\n|\n|-weather|RainDance|[upkeep]\n|-heal|p2a: Ross Geller|53\/100 brn|[from] item: Leftovers\n|-damage|p2a: Ross Geller|47\/100 brn|[from] brn\n|upkeep\n|\n|t:|1698709505\n|switch|p1a: Moneybagg Brins|Gholdengo|100\/100\n|turn|24\n|\n|t:|1698709517\n|move|p1a: Moneybagg Brins|Shadow Ball|p2a: Ross Geller\n|-damage|p2a: Ross Geller|0 fnt\n|faint|p2a: Ross Geller\n|\n|-weather|RainDance|[upkeep]\n|upkeep\n|\n|t:|1698709529\n|switch|p2a: Monica Geller|Zapdos|100\/100\n|turn|25\n|\n|t:|1698709534\n|move|p2a: Monica Geller|Thunder|p1a: Moneybagg Brins\n|-damage|p1a: Moneybagg Brins|30\/100\n|move|p1a: Moneybagg Brins|Shadow Ball|p2a: Monica Geller\n|-damage|p2a: Monica Geller|28\/100\n|\n|-weather|none\n|upkeep\n|turn|26\n|\n|t:|1698709548\n|switch|p1a: Big 'ol Poker|Keldeo-Resolute|33\/100\n|move|p2a: Monica Geller|Volt Switch|p1a: Big 'ol Poker\n|-supereffective|p1a: Big 'ol Poker\n|-damage|p1a: Big 'ol Poker|0 fnt\n|faint|p1a: Big 'ol Poker\n|j| CryAndComplain23\n|\n|t:|1698709555\n|switch|p2a: Phoebe Buffay|Gallade, M, shiny|100\/100|[from] Volt Switch\n|-damage|p2a: Phoebe Buffay|94\/100|[from] Stealth Rock\n|\n|upkeep\n|\n|t:|1698709579\n|switch|p1a: Moneybagg Brins|Gholdengo|30\/100\n|turn|27\n|\n|t:|1698709585\n|detailschange|p2a: Phoebe Buffay|Gallade-Mega, M, shiny\n|-mega|p2a: Phoebe Buffay|Gallade|Galladite\n|move|p2a: Phoebe Buffay|Knock Off|p1a: Moneybagg Brins\n|-supereffective|p1a: Moneybagg Brins\n|-damage|p1a: Moneybagg Brins|0 fnt\n|-enditem|p1a: Moneybagg Brins|Choice Specs|[from] move: Knock Off|[of] p2a: Phoebe Buffay\n|faint|p1a: Moneybagg Brins\n|\n|upkeep\n|\n|t:|1698709591\n|switch|p1a: Chode|Glimmora, M|54\/100\n|turn|28\n|\n|t:|1698709626\n|move|p2a: Phoebe Buffay|Earthquake|p1a: Chode\n|-supereffective|p1a: Chode\n|-damage|p1a: Chode|0 fnt\n|-activate|p1a: Chode|ability: Toxic Debris\n|-sidestart|p2: Slumpyboocus|move: Toxic Spikes\n|faint|p1a: Chode\n|\n|win|Slumpyboocus\n|l| foofoo1\n|l| CryAndComplain23\n","uploadtime":1698709635,"views":8,"p1id":"hogstuffer420","p2id":"slumpyboocus","formatid":"gen9nationaldexubers","rating":0,"private":0,"password":""}