{"id":"gen9nationaldexubers-1985414381","p1":"Vario 64\u2606\u5f61","p2":"Flames98765","format":"[Gen 9] National Dex Ubers","log":"|j|\u2606Vario 64\u2606\u5f61\n|j|\u2606Flames98765\n|t:|1699372714\n|gametype|singles\n|player|p1|Vario 64\u2606\u5f61|ghetsis|\n|player|p2|Flames98765|jasmine|\n|teamsize|p1|6\n|teamsize|p2|6\n|gen|9\n|tier|[Gen 9] National Dex Ubers\n|rule|HP Percentage Mod: HP is shown in percentages\n|rule|Endless Battle Clause: Forcing endless battles is banned\n|rule|OHKO Clause: OHKO moves are banned\n|rule|Evasion Moves Clause: Evasion moves are banned\n|rule|Evasion Items Clause: Evasion items are banned\n|rule|Species Clause: Limit one of each Pok\u00e9mon\n|rule|Sleep Clause Mod: Limit one foe put to sleep\n|rule|Mega Rayquaza Clause: You cannot mega evolve Rayquaza\n|clearpoke\n|poke|p1|Ribombee, M|\n|poke|p1|Heatran, M|\n|poke|p1|Tapu Koko|\n|poke|p1|Iron Valiant|\n|poke|p1|Scizor, M|\n|poke|p1|Genesect|\n|poke|p2|Tapu Koko|\n|poke|p2|Yveltal|\n|poke|p2|Kyurem|\n|poke|p2|Beedrill, F|\n|poke|p2|Empoleon, M|\n|poke|p2|Clefable, F|\n|teampreview\n|c|\u2606Vario 64\u2606\u5f61|gl hf\n|c|\u2606Flames98765|you too\n|\n|t:|1699372745\n|start\n|switch|p1a: WebSlinger Jones|Ribombee, M|100\/100\n|switch|p2a: Beedrill|Beedrill, F|100\/100\n|turn|1\n|\n|t:|1699372758\n|detailschange|p2a: Beedrill|Beedrill-Mega, F\n|-mega|p2a: Beedrill|Beedrill|Beedrillite\n|move|p2a: Beedrill|Poison Jab|p1a: WebSlinger Jones\n|-supereffective|p1a: WebSlinger Jones\n|-enditem|p1a: WebSlinger Jones|Focus Sash\n|-damage|p1a: WebSlinger Jones|1\/100\n|move|p1a: WebSlinger Jones|Sticky Web|p2a: Beedrill\n|-sidestart|p2: Flames98765|move: Sticky Web\n|\n|upkeep\n|turn|2\n|\n|t:|1699372770\n|switch|p1a: Overkill|Genesect, shiny|100\/100\n|-ability|p1a: Overkill|Download|boost\n|-boost|p1a: Overkill|atk|1\n|move|p2a: Beedrill|Fell Stinger|p1a: Overkill\n|-resisted|p1a: Overkill\n|-damage|p1a: Overkill|75\/100\n|\n|upkeep\n|turn|3\n|\n|t:|1699372814\n|switch|p2a: Empoleon|Empoleon, M|100\/100\n|-item|p2a: Empoleon|Air Balloon\n|move|p1a: Overkill|Extreme Speed|p2a: Empoleon\n|-resisted|p2a: Empoleon\n|-crit|p2a: Empoleon\n|-damage|p2a: Empoleon|52\/100\n|-enditem|p2a: Empoleon|Air Balloon\n|\n|upkeep\n|turn|4\n|j| RenzFlintrock\n|\n|t:|1699372845\n|switch|p1a: WebSlinger Jones|Ribombee, M|1\/100\n|move|p2a: Empoleon|Roost|p2a: Empoleon\n|-heal|p2a: Empoleon|100\/100\n|-singleturn|p2a: Empoleon|move: Roost\n|\n|upkeep\n|turn|5\n|\n|t:|1699372853\n|switch|p2a: Tapu Koko|Tapu Koko|100\/100\n|-activate|p2a: Tapu Koko|move: Sticky Web\n|-unboost|p2a: Tapu Koko|spe|1\n|-fieldstart|move: Electric Terrain|[from] ability: Electric Surge|[of] p2a: Tapu Koko\n|move|p1a: WebSlinger Jones|Stun Spore|p2a: Tapu Koko\n|-immune|p2a: Tapu Koko\n|\n|upkeep\n|turn|6\n|\n|t:|1699372865\n|move|p1a: WebSlinger Jones|Moonblast|p2a: Tapu Koko\n|-damage|p2a: Tapu Koko|38\/100\n|-unboost|p2a: Tapu Koko|spa|1\n|move|p2a: Tapu Koko|U-turn|p1a: WebSlinger Jones\n|-resisted|p1a: WebSlinger Jones\n|-damage|p1a: WebSlinger Jones|0 fnt\n|faint|p1a: WebSlinger Jones\n|\n|t:|1699372906\n|switch|p2a: Empoleon|Empoleon, M|100\/100|[from] U-turn\n|-activate|p2a: Empoleon|move: Sticky Web\n|-unboost|p2a: Empoleon|spe|1\n|-ability|p2a: Empoleon|Competitive|boost\n|-boost|p2a: Empoleon|spa|2\n|\n|upkeep\n|\n|t:|1699372932\n|switch|p1a: Mike Bison|Scizor, M|100\/100\n|turn|7\n|\n|t:|1699372966\n|detailschange|p1a: Mike Bison|Scizor-Mega, M\n|-mega|p1a: Mike Bison|Scizor|Scizorite\n|move|p1a: Mike Bison|Close Combat|p2a: Empoleon\n|-supereffective|p2a: Empoleon\n|-damage|p2a: Empoleon|5\/100\n|-unboost|p1a: Mike Bison|def|1\n|-unboost|p1a: Mike Bison|spd|1\n|move|p2a: Empoleon|Agility|p2a: Empoleon\n|-boost|p2a: Empoleon|spe|2\n|\n|upkeep\n|turn|8\n|\n|t:|1699372979\n|move|p1a: Mike Bison|Bullet Punch|p2a: Empoleon\n|-resisted|p2a: Empoleon\n|-damage|p2a: Empoleon|0 fnt\n|faint|p2a: Empoleon\n|\n|upkeep\n|\n|t:|1699373014\n|switch|p2a: Yveltal|Yveltal|100\/100\n|-ability|p2a: Yveltal|Dark Aura\n|turn|9\n|\n|t:|1699373026\n|switch|p1a: CrazyLegMachine|Iron Valiant|100\/100\n|-activate|p1a: CrazyLegMachine|ability: Quark Drive\n|-start|p1a: CrazyLegMachine|quarkdrivespe\n|move|p2a: Yveltal|Oblivion Wing|p1a: CrazyLegMachine\n|-supereffective|p1a: CrazyLegMachine\n|-crit|p1a: CrazyLegMachine\n|-damage|p1a: CrazyLegMachine|0 fnt\n|faint|p1a: CrazyLegMachine\n|-end|p1a: CrazyLegMachine|Quark Drive|[silent]\n|\n|-fieldend|move: Electric Terrain\n|upkeep\n|\n|t:|1699373055\n|switch|p1a: Terrain Mchine|Tapu Koko|100\/100\n|-fieldstart|move: Electric Terrain|[from] ability: Electric Surge|[of] p1a: Terrain Mchine\n|turn|10\n|\n|t:|1699373078\n|switch|p2a: Tapu Koko|Tapu Koko|38\/100\n|-activate|p2a: Tapu Koko|move: Sticky Web\n|-unboost|p2a: Tapu Koko|spe|1\n|move|p1a: Terrain Mchine|Dazzling Gleam|p2a: Tapu Koko\n|-damage|p2a: Tapu Koko|0 fnt\n|faint|p2a: Tapu Koko\n|\n|upkeep\n|\n|t:|1699373106\n|switch|p2a: Kyurem|Kyurem|100\/100\n|-ability|p2a: Kyurem|Pressure\n|turn|11\n|\n|t:|1699373130\n|-terastallize|p2a: Kyurem|Steel\n|move|p1a: Terrain Mchine|Dazzling Gleam|p2a: Kyurem\n|-resisted|p2a: Kyurem\n|-damage|p2a: Kyurem|90\/100\n|move|p2a: Kyurem|Substitute|p2a: Kyurem\n|-start|p2a: Kyurem|Substitute\n|-damage|p2a: Kyurem|65\/100\n|\n|upkeep\n|turn|12\n|\n|t:|1699373145\n|move|p1a: Terrain Mchine|Thunderbolt|p2a: Kyurem\n|-end|p2a: Kyurem|Substitute\n|move|p2a: Kyurem|Earth Power|p1a: Terrain Mchine\n|-supereffective|p1a: Terrain Mchine\n|-damage|p1a: Terrain Mchine|14\/100\n|-unboost|p1a: Terrain Mchine|spd|1\n|\n|upkeep\n|turn|13\n|\n|t:|1699373158\n|move|p1a: Terrain Mchine|Thunderbolt|p2a: Kyurem\n|-damage|p2a: Kyurem|37\/100\n|-status|p2a: Kyurem|par\n|cant|p2a: Kyurem|par\n|\n|upkeep\n|turn|14\n|\n|t:|1699373170\n|move|p1a: Terrain Mchine|U-turn|p2a: Kyurem\n|-resisted|p2a: Kyurem\n|-damage|p2a: Kyurem|30\/100 par\n|\n|t:|1699373175\n|switch|p1a: Mike Bison|Scizor-Mega, M|100\/100|[from] U-turn\n|move|p2a: Kyurem|Roost|p2a: Kyurem\n|-heal|p2a: Kyurem|80\/100 par\n|\n|upkeep\n|turn|15\n|\n|t:|1699373199\n|move|p1a: Mike Bison|Close Combat|p2a: Kyurem\n|-supereffective|p2a: Kyurem\n|-damage|p2a: Kyurem|0 fnt\n|-unboost|p1a: Mike Bison|def|1\n|-unboost|p1a: Mike Bison|spd|1\n|faint|p2a: Kyurem\n|\n|upkeep\n|\n|t:|1699373210\n|switch|p2a: Yveltal|Yveltal|100\/100\n|-ability|p2a: Yveltal|Dark Aura\n|turn|16\n|\n|t:|1699373225\n|switch|p1a: PomPAIN|Heatran, M|100\/100\n|move|p2a: Yveltal|Oblivion Wing|p1a: PomPAIN\n|-resisted|p1a: PomPAIN\n|-damage|p1a: PomPAIN|84\/100\n|\n|upkeep\n|turn|17\n|\n|t:|1699373243\n|switch|p2a: Clefable|Clefable, F|100\/100\n|-activate|p2a: Clefable|move: Sticky Web\n|-unboost|p2a: Clefable|spe|1\n|move|p1a: PomPAIN|Lava Plume|p2a: Clefable\n|-damage|p2a: Clefable|32\/100\n|-status|p2a: Clefable|brn\n|\n|-heal|p2a: Clefable|38\/100 brn|[from] item: Leftovers\n|-fieldend|move: Electric Terrain\n|upkeep\n|turn|18\n|\n|t:|1699373258\n|move|p1a: PomPAIN|Lava Plume|p2a: Clefable\n|-damage|p2a: Clefable|0 fnt\n|faint|p2a: Clefable\n|\n|upkeep\n|\n|t:|1699373262\n|switch|p2a: Beedrill|Beedrill-Mega, F|100\/100\n|-activate|p2a: Beedrill|move: Sticky Web\n|-unboost|p2a: Beedrill|spe|1\n|turn|19\n|\n|t:|1699373279\n|-terastallize|p1a: PomPAIN|Fire\n|move|p2a: Beedrill|Drill Run|p1a: PomPAIN\n|-supereffective|p1a: PomPAIN\n|-crit|p1a: PomPAIN\n|-damage|p1a: PomPAIN|0 fnt\n|faint|p1a: PomPAIN\n|\n|upkeep\n|c| RenzFlintrock|ouchie\n|\n|t:|1699373297\n|switch|p1a: Overkill|Genesect, shiny|75\/100\n|-ability|p1a: Overkill|Download|boost\n|-boost|p1a: Overkill|atk|1\n|turn|20\n|\n|t:|1699373317\n|move|p1a: Overkill|Extreme Speed|p2a: Beedrill\n|-damage|p2a: Beedrill|0 fnt\n|faint|p2a: Beedrill\n|\n|upkeep\n|\n|t:|1699373322\n|switch|p2a: Yveltal|Yveltal|100\/100\n|-ability|p2a: Yveltal|Dark Aura\n|turn|21\n|\n|t:|1699373350\n|move|p1a: Overkill|Extreme Speed|p2a: Yveltal\n|-damage|p2a: Yveltal|43\/100\n|move|p2a: Yveltal|Oblivion Wing|p1a: Overkill\n|-damage|p1a: Overkill|31\/100\n|-heal|p2a: Yveltal|64\/100|[from] drain|[of] p1a: Overkill\n|\n|upkeep\n|turn|22\n|\n|t:|1699373360\n|move|p1a: Overkill|Extreme Speed|p2a: Yveltal\n|-damage|p2a: Yveltal|8\/100\n|move|p2a: Yveltal|Oblivion Wing|p1a: Overkill\n|-damage|p1a: Overkill|0 fnt\n|-heal|p2a: Yveltal|22\/100|[from] drain|[of] p1a: Overkill\n|faint|p1a: Overkill\n|\n|upkeep\n|\n|t:|1699373372\n|switch|p1a: Terrain Mchine|Tapu Koko|14\/100\n|-fieldstart|move: Electric Terrain|[from] ability: Electric Surge|[of] p1a: Terrain Mchine\n|turn|23\n|\n|t:|1699373378\n|move|p2a: Yveltal|Sucker Punch|p1a: Terrain Mchine\n|-resisted|p1a: Terrain Mchine\n|-damage|p1a: Terrain Mchine|0 fnt\n|faint|p1a: Terrain Mchine\n|\n|upkeep\n|\n|t:|1699373382\n|switch|p1a: Mike Bison|Scizor-Mega, M|100\/100\n|turn|24\n|\n|t:|1699373388\n|move|p1a: Mike Bison|Bullet Punch|p2a: Yveltal\n|-damage|p2a: Yveltal|0 fnt\n|faint|p2a: Yveltal\n|\n|win|Vario 64\u2606\u5f61\n|c|\u2606Flames98765|gg\n|l| RenzFlintrock\n|c|\u2606Vario 64\u2606\u5f61|gg\n|l|\u2606Flames98765\n","uploadtime":1699373398,"views":7,"p1id":"vario64","p2id":"flames98765","formatid":"gen9nationaldexubers","rating":0,"private":0,"password":""}