{"id":"gen9nationaldexubers-1984113273","p1":"alcatel999","p2":"axelzzz09","format":"[Gen 9] National Dex Ubers","log":"|j|\u2606alcatel999\n|j|\u2606axelzzz09\n|t:|1699220037\n|gametype|singles\n|player|p1|alcatel999|rocketgrunt|\n|player|p2|axelzzz09|lance|\n|teamsize|p1|6\n|teamsize|p2|6\n|gen|9\n|tier|[Gen 9] National Dex Ubers\n|rule|HP Percentage Mod: HP is shown in percentages\n|rule|Endless Battle Clause: Forcing endless battles is banned\n|rule|OHKO Clause: OHKO moves are banned\n|rule|Evasion Moves Clause: Evasion moves are banned\n|rule|Evasion Items Clause: Evasion items are banned\n|rule|Species Clause: Limit one of each Pok\u00e9mon\n|rule|Sleep Clause Mod: Limit one foe put to sleep\n|rule|Mega Rayquaza Clause: You cannot mega evolve Rayquaza\n|clearpoke\n|poke|p1|Diancie|\n|poke|p1|Klefki, F|\n|poke|p1|Mimikyu, M|\n|poke|p1|Tapu Fini|\n|poke|p1|Tapu Bulu|\n|poke|p1|Tapu Lele|\n|poke|p2|Garchomp, F|\n|poke|p2|Volcarona, M|\n|poke|p2|Ursaluna-Bloodmoon, M|\n|poke|p2|Sneasler, F|\n|poke|p2|Ceruledge, F|\n|poke|p2|Greninja-*, M|\n|teampreview\n|c|\u2606alcatel999|GL HF\n|c|\u2606alcatel999|oof sneasler\n|c|\u2606alcatel999|pipi\n|c|\u2606alcatel999|tengo miedo\n|\n|t:|1699220064\n|start\n|switch|p1a: LaLlaveDeTuCorazon|Klefki, F|100\/100\n|switch|p2a: Ursaluna|Ursaluna-Bloodmoon, M|100\/100\n|turn|1\n|c|\u2606axelzzz09|ten mucho miedo\n|\n|t:|1699220073\n|move|p1a: LaLlaveDeTuCorazon|Toxic|p2a: Ursaluna\n|-status|p2a: Ursaluna|tox\n|move|p2a: Ursaluna|Calm Mind|p2a: Ursaluna\n|-boost|p2a: Ursaluna|spa|1\n|-boost|p2a: Ursaluna|spd|1\n|\n|-damage|p2a: Ursaluna|94\/100 tox|[from] psn\n|upkeep\n|turn|2\n|\n|t:|1699220082\n|move|p1a: LaLlaveDeTuCorazon|Light Screen|p1a: LaLlaveDeTuCorazon\n|-sidestart|p1: alcatel999|move: Light Screen\n|move|p2a: Ursaluna|Earth Power|p1a: LaLlaveDeTuCorazon\n|-supereffective|p1a: LaLlaveDeTuCorazon\n|-damage|p1a: LaLlaveDeTuCorazon|31\/100\n|\n|-heal|p2a: Ursaluna|100\/100 tox|[from] item: Leftovers\n|-damage|p2a: Ursaluna|88\/100 tox|[from] psn\n|upkeep\n|turn|3\n|\n|t:|1699220091\n|move|p1a: LaLlaveDeTuCorazon|Spikes|p2a: Ursaluna\n|-sidestart|p2: axelzzz09|Spikes\n|move|p2a: Ursaluna|Earth Power|p1a: LaLlaveDeTuCorazon\n|-supereffective|p1a: LaLlaveDeTuCorazon\n|-damage|p1a: LaLlaveDeTuCorazon|0 fnt\n|faint|p1a: LaLlaveDeTuCorazon\n|\n|-heal|p2a: Ursaluna|94\/100 tox|[from] item: Leftovers\n|-damage|p2a: Ursaluna|76\/100 tox|[from] psn\n|upkeep\n|\n|t:|1699220105\n|switch|p1a: Mimigod|Mimikyu, M|100\/100\n|turn|4\n|\n|t:|1699220112\n|move|p1a: Mimigod|Swords Dance|p1a: Mimigod\n|-boost|p1a: Mimigod|atk|2\n|move|p2a: Ursaluna|Earth Power|p1a: Mimigod\n|-activate|p1a: Mimigod|ability: Disguise\n|-damage|p1a: Mimigod|100\/100\n|detailschange|p1a: Mimigod|Mimikyu-Busted, M\n|-damage|p1a: Mimigod|88\/100|[from] pokemon: Mimikyu-Busted\n|\n|-heal|p2a: Ursaluna|82\/100 tox|[from] item: Leftovers\n|-damage|p2a: Ursaluna|58\/100 tox|[from] psn\n|upkeep\n|turn|5\n|\n|t:|1699220123\n|move|p1a: Mimigod|Drain Punch|p2a: Ursaluna\n|-supereffective|p2a: Ursaluna\n|-damage|p2a: Ursaluna|1\/100 tox\n|-heal|p1a: Mimigod|100\/100|[from] drain|[of] p2a: Ursaluna\n|-damage|p1a: Mimigod|91\/100|[from] item: Life Orb\n|move|p2a: Ursaluna|Earth Power|p1a: Mimigod\n|-damage|p1a: Mimigod|52\/100\n|\n|-heal|p2a: Ursaluna|7\/100 tox|[from] item: Leftovers\n|-damage|p2a: Ursaluna|0 fnt|[from] psn\n|faint|p2a: Ursaluna\n|upkeep\n|c|\u2606axelzzz09|xddddddd\n|c|\u2606alcatel999|pipi\n|\n|t:|1699220150\n|switch|p2a: Volcarona|Volcarona, M|100\/100\n|turn|6\n|\n|t:|1699220158\n|move|p1a: Mimigod|Shadow Sneak|p2a: Volcarona\n|-damage|p2a: Volcarona|29\/100\n|-damage|p1a: Mimigod|42\/100|[from] item: Life Orb\n|move|p2a: Volcarona|Quiver Dance|p2a: Volcarona\n|-boost|p2a: Volcarona|spa|1\n|-boost|p2a: Volcarona|spd|1\n|-boost|p2a: Volcarona|spe|1\n|\n|upkeep\n|turn|7\n|c|\u2606axelzzz09|ptm\n|\n|t:|1699220166\n|move|p1a: Mimigod|Shadow Sneak|p2a: Volcarona\n|-damage|p2a: Volcarona|0 fnt\n|faint|p2a: Volcarona\n|-damage|p1a: Mimigod|32\/100|[from] item: Life Orb\n|\n|upkeep\n|j| Maidenhoeenven\n|\n|t:|1699220173\n|switch|p2a: Garchomp|Garchomp, F|100\/100\n|-damage|p2a: Garchomp|88\/100|[from] Spikes\n|turn|8\n|\n|t:|1699220180\n|detailschange|p2a: Garchomp|Garchomp-Mega, F\n|-mega|p2a: Garchomp|Garchomp|Garchompite\n|move|p1a: Mimigod|Play Rough|p2a: Garchomp\n|-supereffective|p2a: Garchomp\n|-damage|p2a: Garchomp|0 fnt\n|faint|p2a: Garchomp\n|-damage|p1a: Mimigod|22\/100|[from] item: Life Orb\n|\n|upkeep\n|c|\u2606axelzzz09|jodaaa\n|\n|t:|1699220190\n|switch|p2a: Sneasler|Sneasler, F|100\/100\n|-damage|p2a: Sneasler|88\/100|[from] Spikes\n|turn|9\n|\n|t:|1699220194\n|move|p1a: Mimigod|Shadow Sneak|p2a: Sneasler\n|-damage|p2a: Sneasler|15\/100\n|-damage|p1a: Mimigod|12\/100|[from] item: Life Orb\n|move|p2a: Sneasler|Dire Claw|p1a: Mimigod\n|-damage|p1a: Mimigod|0 fnt\n|faint|p1a: Mimigod\n|\n|-sideend|p1: alcatel999|move: Light Screen\n|upkeep\n|c|\u2606axelzzz09|me arreche\n|\n|t:|1699220208\n|switch|p1a: TapuBala|Tapu Bulu|100\/100\n|-fieldstart|move: Grassy Terrain|[from] ability: Grassy Surge|[of] p1a: TapuBala\n|turn|10\n|\n|t:|1699220220\n|move|p1a: TapuBala|High Horsepower|p2a: Sneasler\n|-supereffective|p2a: Sneasler\n|-damage|p2a: Sneasler|0 fnt\n|faint|p2a: Sneasler\n|\n|upkeep\n|c|\u2606axelzzz09|... wtf\n|c|\u2606axelzzz09|sacrf?\n|c|\u2606alcatel999|Sis\n|\n|t:|1699220235\n|switch|p2a: Ceruledge|Ceruledge, F|100\/100\n|-damage|p2a: Ceruledge|88\/100|[from] Spikes\n|turn|11\n|\n|t:|1699220242\n|move|p1a: TapuBala|High Horsepower|p2a: Ceruledge|[miss]\n|-miss|p1a: TapuBala|p2a: Ceruledge\n|move|p2a: Ceruledge|Swords Dance|p2a: Ceruledge\n|-boost|p2a: Ceruledge|atk|2\n|\n|-heal|p2a: Ceruledge|94\/100|[from] Grassy Terrain\n|upkeep\n|turn|12\n|c|\u2606axelzzz09|...\n|\n|t:|1699220252\n|move|p1a: TapuBala|High Horsepower|p2a: Ceruledge\n|-supereffective|p2a: Ceruledge\n|-damage|p2a: Ceruledge|1\/100\n|-ability|p2a: Ceruledge|Weak Armor|boost\n|-unboost|p2a: Ceruledge|def|1\n|-boost|p2a: Ceruledge|spe|2\n|move|p2a: Ceruledge|Swords Dance|p2a: Ceruledge\n|-boost|p2a: Ceruledge|atk|2\n|\n|-heal|p2a: Ceruledge|7\/100|[from] Grassy Terrain\n|upkeep\n|turn|13\n|c|\u2606alcatel999|Vali\n|c|\u2606axelzzz09|xddddd\n|c|\u2606alcatel999|pipi\n|c|\u2606axelzzz09|cagastes\n|\n|t:|1699220269\n|move|p2a: Ceruledge|Bitter Blade|p1a: TapuBala\n|-supereffective|p1a: TapuBala\n|-damage|p1a: TapuBala|0 fnt\n|-heal|p2a: Ceruledge|55\/100|[from] drain|[of] p1a: TapuBala\n|faint|p1a: TapuBala\n|\n|-heal|p2a: Ceruledge|62\/100|[from] Grassy Terrain\n|upkeep\n|c|\u2606axelzzz09|con bitter blaze\n|\n|t:|1699220278\n|switch|p1a: LelePancha|Tapu Lele|100\/100\n|-fieldstart|move: Psychic Terrain|[from] ability: Psychic Surge|[of] p1a: LelePancha\n|turn|14\n|c|\u2606axelzzz09|todo un god\n|c|\u2606axelzzz09|c muere?\n|\n|t:|1699220293\n|move|p2a: Ceruledge|Bitter Blade|p1a: LelePancha\n|-damage|p1a: LelePancha|0 fnt\n|-heal|p2a: Ceruledge|100\/100|[from] drain|[of] p1a: LelePancha\n|faint|p1a: LelePancha\n|\n|upkeep\n|c|\u2606axelzzz09|sisas\n|\n|t:|1699220301\n|switch|p1a: FinoSe\u00f1ores|Tapu Fini|100\/100\n|-fieldstart|move: Misty Terrain|[from] ability: Misty Surge|[of] p1a: FinoSe\u00f1ores\n|turn|15\n|c|\u2606alcatel999|pipi\n|c|\u2606alcatel999|fallar ese golpe me cosot\n|c|\u2606axelzzz09|xd si\n|c|\u2606alcatel999|!dt bitter blade\n|raw|<ul class=\"utilichart\"><li class=\"result\"><span class=\"col movenamecol\"><a href=\"https:\/\/dex.pokemonshowdown.com\/moves\/bitterblade\">Bitter Blade<\/a><\/span> <span class=\"col typecol\"><img src=\"\/\/play.pokemonshowdown.com\/sprites\/types\/Fire.png\" alt=\"Fire\" width=\"32\" height=\"14\"><img src=\"\/\/play.pokemonshowdown.com\/sprites\/categories\/Physical.png\" alt=\"Physical\" width=\"32\" height=\"14\"><\/span> <span class=\"col labelcol\"><em>Power<\/em><br>90<\/span> <span class=\"col widelabelcol\"><em>Accuracy<\/em><br>100%<\/span> <span class=\"col pplabelcol\"><em>PP<\/em><br>16<\/span> <span class=\"col movedesccol\">User recovers 50% of the damage dealt.<\/span> <\/li><li style=\"clear:both\"><\/li><\/ul>\n|raw|<font size=\"1\"><font color=\"#686868\">Priority:<\/font> 0&nbsp;|&ThickSpace;<font color=\"#686868\">Gen:<\/font> 9&nbsp;|&ThickSpace;&#10003; Contact&nbsp;|&ThickSpace;&#10003; Slicing move&nbsp;|&ThickSpace;<font color=\"#686868\">Z-Power:<\/font> 175&nbsp;|&ThickSpace;<font color=\"#686868\">Dynamax Power:<\/font> 130&nbsp;|&ThickSpace;<font color=\"#686868\">Target:<\/font> One Adjacent Pok\u00e9mon<\/font>\n\n|c|\u2606axelzzz09|la pregunta es que pasara ahora\n|\n|t:|1699220344\n|-terastallize|p1a: FinoSe\u00f1ores|Ground\n|move|p2a: Ceruledge|Bitter Blade|p1a: FinoSe\u00f1ores\n|-damage|p1a: FinoSe\u00f1ores|0 fnt\n|faint|p1a: FinoSe\u00f1ores\n|\n|upkeep\n|c|\u2606axelzzz09|porque no tengo ataque ficientews\n|\n|t:|1699220349\n|switch|p1a: Di-Vi-Na|Diancie|100\/100\n|turn|16\n|c|\u2606axelzzz09|xddd la cagastes\n|\n|t:|1699220358\n|detailschange|p1a: Di-Vi-Na|Diancie-Mega\n|-mega|p1a: Di-Vi-Na|Diancie|Diancite\n|move|p2a: Ceruledge|Bitter Blade|p1a: Di-Vi-Na\n|-resisted|p1a: Di-Vi-Na\n|-damage|p1a: Di-Vi-Na|17\/100\n|move|p1a: Di-Vi-Na|Earth Power|p2a: Ceruledge\n|-supereffective|p2a: Ceruledge\n|-damage|p2a: Ceruledge|21\/100\n|\n|upkeep\n|turn|17\n|c| Maidenhoeenven|elon musk\n|c|\u2606alcatel999|a\n|\n|t:|1699220367\n|move|p2a: Ceruledge|Bitter Blade|p1a: Di-Vi-Na\n|-resisted|p1a: Di-Vi-Na\n|-damage|p1a: Di-Vi-Na|0 fnt\n|-heal|p2a: Ceruledge|28\/100|[from] drain|[of] p1a: Di-Vi-Na\n|faint|p1a: Di-Vi-Na\n|\n|win|axelzzz09\n|c|\u2606alcatel999|gg\n|c|\u2606axelzzz09|xd la cago bien\n","uploadtime":1699220374,"views":4,"p1id":"alcatel999","p2id":"axelzzz09","formatid":"gen9nationaldexubers","rating":0,"private":0,"password":""}