{"id":"gen9nationaldexubers-1980820600","p1":"aquiles meo","p2":"Alvithesenior","format":"[Gen 9] National Dex Ubers","log":"|j|\u2606aquiles meo\n|j|\u2606Alvithesenior\n|t:|1698838447\n|gametype|singles\n|player|p1|aquiles meo|ethan|1099\n|player|p2|Alvithesenior|cynthia-gen4|1125\n|teamsize|p1|6\n|teamsize|p2|6\n|gen|9\n|tier|[Gen 9] National Dex Ubers\n|rated|\n|rule|HP Percentage Mod: HP is shown in percentages\n|rule|Endless Battle Clause: Forcing endless battles is banned\n|rule|OHKO Clause: OHKO moves are banned\n|rule|Evasion Moves Clause: Evasion moves are banned\n|rule|Evasion Items Clause: Evasion items are banned\n|rule|Species Clause: Limit one of each Pok\u00e9mon\n|rule|Sleep Clause Mod: Limit one foe put to sleep\n|rule|Mega Rayquaza Clause: You cannot mega evolve Rayquaza\n|clearpoke\n|poke|p1|Jirachi|\n|poke|p1|Ho-Oh|\n|poke|p1|Rayquaza|\n|poke|p1|Pidgeot, M|\n|poke|p1|Lucario, M|\n|poke|p1|Luxray, M|\n|poke|p2|Breloom, M|\n|poke|p2|Gliscor, M|\n|poke|p2|Marshadow|\n|poke|p2|Forretress, M|\n|poke|p2|Mawile, F|\n|poke|p2|Dragonite, M|\n|teampreview\n|\n|t:|1698838471\n|start\n|switch|p1a: Jirachi|Jirachi, shiny|100\/100\n|switch|p2a: Forretress|Forretress, M, shiny|100\/100\n|turn|1\n|\n|t:|1698838481\n|move|p1a: Jirachi|Iron Head|p2a: Forretress\n|-resisted|p2a: Forretress\n|-damage|p2a: Forretress|92\/100\n|move|p2a: Forretress|Gyro Ball|p1a: Jirachi\n|-resisted|p1a: Jirachi\n|-damage|p1a: Jirachi|86\/100\n|\n|-heal|p1a: Jirachi|92\/100|[from] item: Leftovers\n|-heal|p2a: Forretress|98\/100|[from] item: Leftovers\n|upkeep\n|turn|2\n|\n|t:|1698838501\n|move|p1a: Jirachi|Iron Head|p2a: Forretress\n|-resisted|p2a: Forretress\n|-damage|p2a: Forretress|90\/100\n|cant|p2a: Forretress|flinch\n|\n|-heal|p1a: Jirachi|98\/100|[from] item: Leftovers\n|-heal|p2a: Forretress|97\/100|[from] item: Leftovers\n|upkeep\n|turn|3\n|\n|t:|1698838522\n|move|p1a: Jirachi|Doom Desire|p2a: Forretress\n|-start|p1a: Jirachi|Doom Desire\n|move|p2a: Forretress|Stealth Rock|p1a: Jirachi\n|-sidestart|p1: aquiles meo|move: Stealth Rock\n|\n|-heal|p1a: Jirachi|100\/100|[from] item: Leftovers\n|-heal|p2a: Forretress|100\/100|[from] item: Leftovers\n|upkeep\n|turn|4\n|\n|t:|1698838538\n|move|p1a: Jirachi|Wish|p1a: Jirachi\n|move|p2a: Forretress|Volt Switch|p1a: Jirachi\n|-damage|p1a: Jirachi|91\/100\n|\n|t:|1698838546\n|switch|p2a: Dragonite|Dragonite, M|100\/100|[from] Volt Switch\n|\n|-heal|p1a: Jirachi|97\/100|[from] item: Leftovers\n|upkeep\n|turn|5\n|\n|t:|1698838569\n|move|p1a: Jirachi|Iron Head|p2a: Dragonite\n|-damage|p2a: Dragonite|84\/100\n|cant|p2a: Dragonite|flinch\n|\n|-end|p2a: Dragonite|move: Doom Desire\n|-crit|p2a: Dragonite\n|-damage|p2a: Dragonite|11\/100\n|-heal|p1a: Jirachi|100\/100|[from] move: Wish|[wisher] Jirachi\n|upkeep\n|turn|6\n|\n|t:|1698838582\n|switch|p2a: Marshadow|Marshadow|100\/100\n|move|p1a: Jirachi|Zen Headbutt|p2a: Marshadow\n|-supereffective|p2a: Marshadow\n|-damage|p2a: Marshadow|25\/100\n|\n|upkeep\n|turn|7\n|\n|t:|1698838593\n|move|p2a: Marshadow|Shadow Sneak|p1a: Jirachi\n|-supereffective|p1a: Jirachi\n|-damage|p1a: Jirachi|43\/100\n|move|p1a: Jirachi|Doom Desire|p2a: Marshadow\n|-start|p1a: Jirachi|Doom Desire\n|\n|-heal|p1a: Jirachi|49\/100|[from] item: Leftovers\n|upkeep\n|turn|8\n|\n|t:|1698838610\n|switch|p1a: Pidgeot|Pidgeot, M, shiny|100\/100\n|-damage|p1a: Pidgeot|76\/100|[from] Stealth Rock\n|move|p2a: Marshadow|Spectral Thief|p1a: Pidgeot\n|-immune|p1a: Pidgeot\n|\n|upkeep\n|turn|9\n|\n|t:|1698838621\n|move|p2a: Marshadow|Spectral Thief|p1a: Pidgeot\n|-immune|p1a: Pidgeot\n|move|p1a: Pidgeot|Tailwind|p1a: Pidgeot\n|-sidestart|p1: aquiles meo|move: Tailwind\n|\n|-end|p2a: Marshadow|move: Doom Desire\n|-damage|p2a: Marshadow|0 fnt\n|faint|p2a: Marshadow\n|upkeep\n|-message|Alvithesenior forfeited.\n|\n|win|aquiles meo\n|raw|aquiles meo's rating: 1099 &rarr; <strong>1126<\/strong><br \/>(+27 for winning)\n|raw|Alvithesenior's rating: 1125 &rarr; <strong>1098<\/strong><br \/>(-27 for losing)\n|l|\u2606Alvithesenior\n","uploadtime":1698838644,"views":6,"p1id":"aquilesmeo","p2id":"alvithesenior","formatid":"gen9nationaldexubers","rating":1098,"private":0,"password":""}