{"id":"gen9nationaldexubers-1981126690","p1":"Moonz_e","p2":"Bug Maniac Swaggy","format":"[Gen 9] National Dex Ubers","log":"|j|\u2606Moonz_e\n|j|\u2606Bug Maniac Swaggy\n|t:|1698865679\n|gametype|singles\n|player|p1|Moonz_e|courtney|\n|player|p2|Bug Maniac Swaggy|whitney|\n|teamsize|p1|6\n|teamsize|p2|6\n|gen|9\n|tier|[Gen 9] National Dex Ubers\n|rule|HP Percentage Mod: HP is shown in percentages\n|rule|Endless Battle Clause: Forcing endless battles is banned\n|rule|OHKO Clause: OHKO moves are banned\n|rule|Evasion Moves Clause: Evasion moves are banned\n|rule|Evasion Items Clause: Evasion items are banned\n|rule|Species Clause: Limit one of each Pok\u00e9mon\n|rule|Sleep Clause Mod: Limit one foe put to sleep\n|rule|Mega Rayquaza Clause: You cannot mega evolve Rayquaza\n|clearpoke\n|poke|p1|Ogerpon-Hearthflame, F|\n|poke|p1|Torkoal, M|\n|poke|p1|Charizard, M|\n|poke|p1|Volcanion|\n|poke|p1|Typhlosion-Hisui, F|\n|poke|p1|Moltres|\n|poke|p2|Charizard, M|\n|poke|p2|Iron Valiant|\n|poke|p2|Sinistcha-Masterpiece|\n|poke|p2|Zapdos|\n|poke|p2|Ferrothorn, F|\n|poke|p2|Landorus-Therian, M|\n|teampreview\n|c|\u2606Bug Maniac Swaggy|glhf\n|c|\u2606Bug Maniac Swaggy|tera is uh\n|c|\u2606Moonz_e|Glhf\n|c|\u2606Bug Maniac Swaggy|water sinistcha\n|c|\u2606Moonz_e|Poison bear\n|j| ArcticIzagi\n|c|\u2606Moonz_e|Oh\n|c|\u2606Moonz_e|Lmao\n|j| AhiruChan\n|c|\u2606Moonz_e|Yeah sorry i went in on auto pilot\n|c|\u2606Bug Maniac Swaggy|its fine\n|c|\u2606Bug Maniac Swaggy|ill remember\n|c|\u2606Bug Maniac Swaggy|poison bear\n|c| ArcticIzagi|good luck\n|j| ILikeSalads\n|c| AhiruChan|Go moonz!\n|c| ILikeSalads|h\n|c|\u2606Bug Maniac Swaggy|i wonder if things will go differently from our practice\n|c| ILikeSalads|go bug person\n|c|\u2606Bug Maniac Swaggy|thanks\n|c| ArcticIzagi|go moonz\n|c|\u2606Bug Maniac Swaggy|aw\n|l| AhiruChan\n|c| ILikeSalads|i side with bug person because bug is based\n|j| AhiruChan\n|\n|t:|1698865807\n|start\n|switch|p1a: Revolt|Volcanion|100\/100\n|switch|p2a: Landorus|Landorus-Therian, M|100\/100\n|-ability|p2a: Landorus|Intimidate|boost\n|-unboost|p1a: Revolt|atk|1\n|turn|1\n|\n|t:|1698865820\n|move|p2a: Landorus|U-turn|p1a: Revolt\n|-resisted|p1a: Revolt\n|-damage|p1a: Revolt|91\/100\n|\n|t:|1698865830\n|switch|p2a: Sinistcha|Sinistcha-Masterpiece|100\/100|[from] U-turn\n|move|p1a: Revolt|Flamethrower|p2a: Sinistcha\n|-supereffective|p2a: Sinistcha\n|-damage|p2a: Sinistcha|55\/100\n|\n|-heal|p2a: Sinistcha|61\/100|[from] item: Leftovers\n|-heal|p1a: Revolt|97\/100|[from] item: Leftovers\n|upkeep\n|turn|2\n|\n|t:|1698865863\n|switch|p1a: Growing Older|Torkoal, M|100\/100\n|-weather|SunnyDay|[from] ability: Drought|[of] p1a: Growing Older\n|-terastallize|p2a: Sinistcha|Water\n|move|p2a: Sinistcha|Matcha Gotcha|p1a: Growing Older\n|-resisted|p1a: Growing Older\n|-damage|p1a: Growing Older|77\/100\n|-heal|p2a: Sinistcha|73\/100|[from] drain|[of] p1a: Growing Older\n|\n|-weather|SunnyDay|[upkeep]\n|-heal|p2a: Sinistcha|79\/100|[from] item: Leftovers\n|upkeep\n|turn|3\n|c| ILikeSalads|volcanion funny\n|\n|t:|1698865882\n|move|p2a: Sinistcha|Calm Mind|p2a: Sinistcha\n|-boost|p2a: Sinistcha|spa|1\n|-boost|p2a: Sinistcha|spd|1\n|move|p1a: Growing Older|Yawn|p2a: Sinistcha\n|-start|p2a: Sinistcha|move: Yawn|[of] p1a: Growing Older\n|\n|-weather|SunnyDay|[upkeep]\n|-heal|p2a: Sinistcha|85\/100|[from] item: Leftovers\n|upkeep\n|turn|4\n|\n|t:|1698865908\n|move|p2a: Sinistcha|Shadow Ball|p1a: Growing Older\n|-damage|p1a: Growing Older|15\/100\n|move|p1a: Growing Older|Stealth Rock|p2a: Sinistcha\n|-sidestart|p2: Bug Maniac Swaggy|move: Stealth Rock\n|\n|-weather|SunnyDay|[upkeep]\n|-heal|p2a: Sinistcha|92\/100|[from] item: Leftovers\n|-end|p2a: Sinistcha|move: Yawn|[silent]\n|-status|p2a: Sinistcha|slp\n|upkeep\n|turn|5\n|j| Destinum\n|\n|t:|1698865928\n|switch|p1a: Not An Option|Typhlosion-Hisui, F|100\/100\n|cant|p2a: Sinistcha|slp\n|\n|-weather|SunnyDay|[upkeep]\n|-heal|p2a: Sinistcha|98\/100 slp|[from] item: Leftovers\n|upkeep\n|turn|6\n|c| AhiruChan|I wanna see ogerpon gamin\n|c| ILikeSalads|wheres the ferrothorn sweep\n|\n|t:|1698865974\n|move|p1a: Not An Option|Solar Beam||[still]\n|-prepare|p1a: Not An Option|Solar Beam\n|-anim|p1a: Not An Option|Solar Beam|p2a: Sinistcha\n|-supereffective|p2a: Sinistcha\n|-damage|p2a: Sinistcha|44\/100 slp\n|cant|p2a: Sinistcha|slp\n|\n|-weather|SunnyDay|[upkeep]\n|-heal|p2a: Sinistcha|50\/100 slp|[from] item: Leftovers\n|upkeep\n|turn|7\n|c| ArcticIzagi|ooh typhlosion time :)\n|\n|t:|1698865999\n|switch|p1a: Everybody Knows|Ogerpon-Hearthflame, F|100\/100\n|-ability|p1a: Everybody Knows|Mold Breaker\n|switch|p2a: Zapdos|Zapdos|100\/100\n|\n|-weather|SunnyDay|[upkeep]\n|upkeep\n|turn|8\n|c| Destinum|Time to bonk.\n|\n|t:|1698866025\n|-terastallize|p1a: Everybody Knows|Fire\n|detailschange|p1a: Everybody Knows|Ogerpon-Hearthflame-Tera, F, tera:Fire\n|-ability|p1a: Everybody Knows|Embody Aspect (Hearthflame)|boost\n|-boost|p1a: Everybody Knows|atk|1\n|move|p1a: Everybody Knows|Ivy Cudgel|p2a: Zapdos\n|-damage|p2a: Zapdos|0 fnt\n|faint|p2a: Zapdos\n|\n|-weather|SunnyDay|[upkeep]\n|upkeep\n|c| AhiruChan|**bonk**\n|\n|t:|1698866034\n|switch|p2a: Landorus|Landorus-Therian, M|100\/100\n|-damage|p2a: Landorus|88\/100|[from] Stealth Rock\n|-ability|p2a: Landorus|Intimidate|boost\n|-unboost|p1a: Everybody Knows|atk|1\n|turn|9\n|c| ArcticIzagi|ogerpon gaming\n|\n|t:|1698866047\n|switch|p1a: Villain|Charizard, M|100\/100\n|move|p2a: Landorus|Earthquake|p1a: Villain\n|-immune|p1a: Villain\n|\n|-weather|none\n|upkeep\n|turn|10\n|c| ILikeSalads|hehe ogerpon\n|\n|t:|1698866066\n|switch|p2a: Charizard|Charizard, M|100\/100\n|-damage|p2a: Charizard|50\/100|[from] Stealth Rock\n|move|p1a: Villain|Dragon Dance|p1a: Villain\n|-boost|p1a: Villain|atk|1\n|-boost|p1a: Villain|spe|1\n|\n|upkeep\n|turn|11\n|c| ILikeSalads|itd be funny if this was a charizard y\n|\n|t:|1698866110\n|detailschange|p1a: Villain|Charizard-Mega-X, M\n|-mega|p1a: Villain|Charizard|Charizardite X\n|move|p1a: Villain|Blaze Kick|p2a: Charizard\n|-resisted|p2a: Charizard\n|-crit|p2a: Charizard\n|-damage|p2a: Charizard|0 fnt\n|faint|p2a: Charizard\n|\n|upkeep\n|\n|t:|1698866118\n|switch|p2a: Landorus|Landorus-Therian, M|88\/100\n|-damage|p2a: Landorus|76\/100|[from] Stealth Rock\n|-ability|p2a: Landorus|Intimidate|boost\n|-unboost|p1a: Villain|atk|1\n|turn|12\n|c| ILikeSalads|a lil silly\n|c| AhiruChan|That kick\n|\n|t:|1698866126\n|switch|p1a: I Need A Surgeon|Moltres|100\/100\n|move|p2a: Landorus|Stone Edge|p1a: I Need A Surgeon\n|-supereffective|p1a: I Need A Surgeon\n|-damage|p1a: I Need A Surgeon|0 fnt\n|faint|p1a: I Need A Surgeon\n|\n|upkeep\n|\n|t:|1698866134\n|switch|p1a: Growing Older|Torkoal, M|15\/100\n|-weather|SunnyDay|[from] ability: Drought|[of] p1a: Growing Older\n|turn|13\n|c|\u2606Bug Maniac Swaggy|if this stone edge misses ill click x\n|\n|t:|1698866158\n|move|p2a: Landorus|Stone Edge|p1a: Growing Older\n|-supereffective|p1a: Growing Older\n|-damage|p1a: Growing Older|0 fnt\n|faint|p1a: Growing Older\n|\n|-weather|SunnyDay|[upkeep]\n|upkeep\n|\n|t:|1698866168\n|switch|p1a: Not An Option|Typhlosion-Hisui, F|100\/100\n|turn|14\n|c| ILikeSalads|why didnt you just use eq\n|c|\u2606Bug Maniac Swaggy|moltres\n|c| ArcticIzagi|choice?\n|c|\u2606Moonz_e|Swaggy\n|c|\u2606Moonz_e|You killed Moltres\n|c| ILikeSalads|nah\n|c| ILikeSalads|wdym\n|c|\u2606Moonz_e|But yeah i think this is banded\n|c|\u2606Bug Maniac Swaggy|ohhhh\n|c| ILikeSalads|moltres is still alive\n|c|\u2606Bug Maniac Swaggy|well i assumed you knew i was choiced already\n|c| ILikeSalads|scarf or band though \ud83e\udd14\n|c|\u2606Moonz_e|Irrelevant\n|\n|t:|1698866330\n|switch|p2a: Ferrothorn|Ferrothorn, F|100\/100\n|-damage|p2a: Ferrothorn|94\/100|[from] Stealth Rock\n|move|p1a: Not An Option|Eruption|p2a: Ferrothorn\n|-supereffective|p2a: Ferrothorn\n|-damage|p2a: Ferrothorn|0 fnt\n|faint|p2a: Ferrothorn\n|\n|-weather|SunnyDay|[upkeep]\n|upkeep\n|\n|t:|1698866340\n|switch|p2a: Sinistcha|Sinistcha-Masterpiece, tera:Water|50\/100 slp\n|-damage|p2a: Sinistcha|38\/100 slp|[from] Stealth Rock\n|turn|15\n|c| AhiruChan|This is just bc of high roll\n|c| AhiruChan|Ferro def survives that\n|c|\u2606Moonz_e|Surely\n|\n|t:|1698866379\n|switch|p1a: Everybody Knows|Ogerpon-Hearthflame-Tera, F, tera:Fire|100\/100\n|-ability|p1a: Everybody Knows|Embody Aspect (Hearthflame)|boost\n|-boost|p1a: Everybody Knows|atk|1\n|-curestatus|p2a: Sinistcha|slp|[msg]\n|move|p2a: Sinistcha|Shadow Ball|p1a: Everybody Knows\n|-damage|p1a: Everybody Knows|64\/100\n|-unboost|p1a: Everybody Knows|spd|1\n|\n|-weather|SunnyDay|[upkeep]\n|-heal|p2a: Sinistcha|44\/100|[from] item: Leftovers\n|upkeep\n|turn|16\n|c| ILikeSalads|damn i just calced it was a 6% chance to ohko\n|c| ArcticIzagi|in sun?\n|c| ILikeSalads|yep\n|c|\u2606Moonz_e|That's a joke Arctic\n|\n|t:|1698866446\n|switch|p2a: Iron Valiant|Iron Valiant|100\/100\n|-damage|p2a: Iron Valiant|94\/100|[from] Stealth Rock\n|move|p1a: Everybody Knows|Horn Leech|p2a: Iron Valiant\n|-damage|p2a: Iron Valiant|10\/100\n|-heal|p1a: Everybody Knows|100\/100|[from] drain|[of] p2a: Iron Valiant\n|\n|-weather|SunnyDay|[upkeep]\n|upkeep\n|turn|17\n|\n|t:|1698866488\n|switch|p1a: Not An Option|Typhlosion-Hisui, F|100\/100\n|move|p2a: Iron Valiant|Shadow Ball|p1a: Not An Option\n|-supereffective|p1a: Not An Option\n|-damage|p1a: Not An Option|2\/100\n|-damage|p2a: Iron Valiant|0 fnt|[from] item: Life Orb\n|faint|p2a: Iron Valiant\n|-end|p2a: Iron Valiant|Quark Drive|[silent]\n|\n|-weather|SunnyDay|[upkeep]\n|upkeep\n|c|\u2606Bug Maniac Swaggy|so close\n|c|\u2606Moonz_e|Not close enough\n|\n|t:|1698866510\n|switch|p2a: Sinistcha|Sinistcha-Masterpiece, tera:Water|44\/100\n|-damage|p2a: Sinistcha|32\/100|[from] Stealth Rock\n|turn|18\n|c| ILikeSalads|okay now that was maybe a roll\n|c|\u2606Moonz_e|Gg\n|\n|t:|1698866532\n|move|p1a: Not An Option|Solar Beam||[still]\n|-prepare|p1a: Not An Option|Solar Beam\n|-anim|p1a: Not An Option|Solar Beam|p2a: Sinistcha\n|-supereffective|p2a: Sinistcha\n|-damage|p2a: Sinistcha|0 fnt\n|faint|p2a: Sinistcha\n|\n|-weather|SunnyDay|[upkeep]\n|upkeep\n|\n|t:|1698866537\n|switch|p2a: Landorus|Landorus-Therian, M|76\/100\n|-damage|p2a: Landorus|64\/100|[from] Stealth Rock\n|-ability|p2a: Landorus|Intimidate|boost\n|-unboost|p1a: Not An Option|atk|1\n|turn|19\n|\n|t:|1698866546\n|move|p1a: Not An Option|Solar Beam||[still]\n|-prepare|p1a: Not An Option|Solar Beam\n|-anim|p1a: Not An Option|Solar Beam|p2a: Landorus\n|-damage|p2a: Landorus|14\/100\n|move|p2a: Landorus|Earthquake|p1a: Not An Option\n|-supereffective|p1a: Not An Option\n|-damage|p1a: Not An Option|0 fnt\n|faint|p1a: Not An Option\n|\n|-weather|SunnyDay|[upkeep]\n|upkeep\n|\n|t:|1698866557\n|switch|p1a: Everybody Knows|Ogerpon-Hearthflame-Tera, F, tera:Fire|100\/100\n|-ability|p1a: Everybody Knows|Embody Aspect (Hearthflame)|boost\n|-boost|p1a: Everybody Knows|atk|1\n|turn|20\n|c|\u2606Bug Maniac Swaggy|gg\n|\n|t:|1698866562\n|move|p2a: Landorus|Earthquake|p1a: Everybody Knows\n|-supereffective|p1a: Everybody Knows\n|-damage|p1a: Everybody Knows|0 fnt\n|faint|p1a: Everybody Knows\n|\n|-weather|none\n|upkeep\n|c|\u2606Moonz_e|Oh it's scard\n|c|\u2606Moonz_e|W\n|c|\u2606Bug Maniac Swaggy|yep\n|c|\u2606Moonz_e|W\n|c|\u2606Moonz_e|Wait\n|\n|t:|1698866583\n|switch|p1a: Revolt|Volcanion|97\/100\n|turn|21\n|c| ILikeSalads|uhhhhhhh\n|c|\u2606Moonz_e|Welp i believe\n|\n|t:|1698866595\n|move|p2a: Landorus|Earthquake|p1a: Revolt\n|-supereffective|p1a: Revolt\n|-damage|p1a: Revolt|13\/100\n|move|p1a: Revolt|Steam Eruption|p2a: Landorus\n|-supereffective|p2a: Landorus\n|-damage|p2a: Landorus|0 fnt\n|faint|p2a: Landorus\n|\n|win|Moonz_e\n|c| ArcticIzagi|come on moonz\n|c|\u2606Bug Maniac Swaggy|oh damn\n|c| ArcticIzagi|yes\n|c|\u2606Moonz_e|Thought so\n|c|\u2606Bug Maniac Swaggy|good shit\n|c|\u2606Moonz_e|Volcanion is buljy af\n|c|\u2606Moonz_e|Gg\n|c|\u2606Bug Maniac Swaggy|gg\n|l|\u2606Bug Maniac Swaggy\n|l| ILikeSalads\n|l| ArcticIzagi\n|l| Destinum\n|j|\u2606Bug Maniac Swaggy\n|player|p2|Bug Maniac Swaggy|whitney\n","uploadtime":1698866604,"views":31,"p1id":"moonze","p2id":"bugmaniacswaggy","formatid":"gen9nationaldexubers","rating":0,"private":0,"password":""}