{"id":"gen9nationaldexubers-1995217633","p1":"David uwu35","p2":"zMesa","format":"[Gen 9] National Dex Ubers","log":"|j|\u2606David uwu35\n|j|\u2606zMesa\n|t:|1700535880\n|gametype|singles\n|player|p1|David uwu35|skier|\n|player|p2|zMesa|blue|\n|teamsize|p1|6\n|teamsize|p2|6\n|gen|9\n|tier|[Gen 9] National Dex Ubers\n|rule|HP Percentage Mod: HP is shown in percentages\n|rule|Endless Battle Clause: Forcing endless battles is banned\n|rule|OHKO Clause: OHKO moves are banned\n|rule|Evasion Moves Clause: Evasion moves are banned\n|rule|Evasion Items Clause: Evasion items are banned\n|rule|Species Clause: Limit one of each Pok\u00e9mon\n|rule|Sleep Clause Mod: Limit one foe put to sleep\n|rule|Mega Rayquaza Clause: You cannot mega evolve Rayquaza\n|clearpoke\n|poke|p1|Dondozo, F|\n|poke|p1|Chien-Pao|\n|poke|p1|Iron Valiant|\n|poke|p1|Sableye, M|\n|poke|p1|Typhlosion-Hisui, M|\n|poke|p1|Lurantis, M|\n|poke|p2|Ribombee, M|\n|poke|p2|Inteleon, M|\n|poke|p2|Aerodactyl, M|\n|poke|p2|Krookodile, F|\n|poke|p2|Blacephalon|\n|poke|p2|Togedemaru, F|\n|teampreview\n|\n|t:|1700535901\n|start\n|switch|p1a: Typhlosion|Typhlosion-Hisui, M|100\/100\n|switch|p2a: Aerodactyl|Aerodactyl, M|100\/100\n|-ability|p2a: Aerodactyl|Pressure\n|turn|1\n|\n|t:|1700536001\n|move|p2a: Aerodactyl|Stealth Rock|p1a: Typhlosion\n|-sidestart|p1: David uwu35|move: Stealth Rock\n|move|p1a: Typhlosion|Flame Charge|p2a: Aerodactyl\n|-resisted|p2a: Aerodactyl\n|-damage|p2a: Aerodactyl|88\/100\n|-boost|p1a: Typhlosion|spe|1\n|\n|upkeep\n|turn|2\n|\n|t:|1700536010\n|move|p1a: Typhlosion|Shadow Ball|p2a: Aerodactyl\n|-damage|p2a: Aerodactyl|22\/100\n|-unboost|p2a: Aerodactyl|spd|1\n|move|p2a: Aerodactyl|Whirlwind|p1a: Typhlosion\n|drag|p1a: Sableye|Sableye, M|100\/100\n|-damage|p1a: Sableye|88\/100|[from] Stealth Rock\n|\n|upkeep\n|turn|3\n|\n|t:|1700536024\n|move|p1a: Sableye|Thunder Wave|p2a: Aerodactyl\n|-status|p2a: Aerodactyl|par\n|move|p2a: Aerodactyl|Taunt|p1a: Sableye\n|-start|p1a: Sableye|move: Taunt\n|\n|upkeep\n|turn|4\n|\n|t:|1700536034\n|detailschange|p2a: Aerodactyl|Aerodactyl-Mega, M\n|-mega|p2a: Aerodactyl|Aerodactyl|Aerodactylite\n|move|p2a: Aerodactyl|Dual Wingbeat|p1a: Sableye\n|-damage|p1a: Sableye|59\/100\n|-damage|p1a: Sableye|29\/100\n|-hitcount|p1a: Sableye|2\n|-enditem|p1a: Sableye|Eject Button\n|\n|t:|1700536066\n|switch|p1a: Typhlosion|Typhlosion-Hisui, M|100\/100\n|-damage|p1a: Typhlosion|76\/100|[from] Stealth Rock\n|\n|upkeep\n|turn|5\n|\n|t:|1700536076\n|move|p1a: Typhlosion|Calm Mind|p1a: Typhlosion\n|-boost|p1a: Typhlosion|spa|1\n|-boost|p1a: Typhlosion|spd|1\n|move|p2a: Aerodactyl|Dual Wingbeat|p1a: Typhlosion\n|-damage|p1a: Typhlosion|41\/100\n|-damage|p1a: Typhlosion|4\/100\n|-hitcount|p1a: Typhlosion|2\n|\n|upkeep\n|turn|6\n|\n|t:|1700536090\n|move|p1a: Typhlosion|Flame Charge|p2a: Aerodactyl\n|-resisted|p2a: Aerodactyl\n|-damage|p2a: Aerodactyl|6\/100 par\n|-boost|p1a: Typhlosion|spe|1\n|move|p2a: Aerodactyl|Dual Wingbeat|p1a: Typhlosion\n|-damage|p1a: Typhlosion|0 fnt\n|faint|p1a: Typhlosion\n|-hitcount|p1: Typhlosion|1\n|\n|upkeep\n|\n|t:|1700536104\n|switch|p1a: Lurantis|Lurantis, M|100\/100\n|-damage|p1a: Lurantis|88\/100|[from] Stealth Rock\n|turn|7\n|\n|t:|1700536119\n|-terastallize|p1a: Lurantis|Water\n|move|p2a: Aerodactyl|Dual Wingbeat|p1a: Lurantis\n|-damage|p1a: Lurantis|58\/100\n|-damage|p1a: Lurantis|27\/100\n|-hitcount|p1a: Lurantis|2\n|move|p1a: Lurantis|Sunny Day|p1a: Lurantis\n|-weather|SunnyDay\n|\n|-weather|SunnyDay|[upkeep]\n|upkeep\n|turn|8\n|\n|t:|1700536130\n|cant|p2a: Aerodactyl|par\n|move|p1a: Lurantis|Swords Dance|p1a: Lurantis\n|-boost|p1a: Lurantis|atk|2\n|\n|-weather|SunnyDay|[upkeep]\n|upkeep\n|turn|9\n|\n|t:|1700536141\n|move|p2a: Aerodactyl|Dual Wingbeat|p1a: Lurantis\n|-damage|p1a: Lurantis|0 fnt\n|faint|p1a: Lurantis\n|-hitcount|p1: Lurantis|1\n|\n|-weather|SunnyDay|[upkeep]\n|upkeep\n|\n|t:|1700536154\n|switch|p1a: Dondozo|Dondozo, F|100\/100\n|-damage|p1a: Dondozo|88\/100|[from] Stealth Rock\n|turn|10\n|\n|t:|1700536166\n|move|p2a: Aerodactyl|Dual Wingbeat|p1a: Dondozo\n|-damage|p1a: Dondozo|72\/100\n|-damage|p1a: Dondozo|57\/100\n|-hitcount|p1a: Dondozo|2\n|move|p1a: Dondozo|Curse|p1a: Dondozo\n|-unboost|p1a: Dondozo|spe|1\n|-boost|p1a: Dondozo|atk|1\n|-boost|p1a: Dondozo|def|1\n|\n|-weather|SunnyDay|[upkeep]\n|upkeep\n|turn|11\n|\n|t:|1700536180\n|cant|p2a: Aerodactyl|par\n|move|p1a: Dondozo|Curse|p1a: Dondozo\n|-unboost|p1a: Dondozo|spe|1\n|-boost|p1a: Dondozo|atk|1\n|-boost|p1a: Dondozo|def|1\n|\n|-weather|none\n|upkeep\n|turn|12\n|\n|t:|1700536194\n|move|p2a: Aerodactyl|Taunt|p1a: Dondozo\n|-start|p1a: Dondozo|move: Taunt\n|cant|p1a: Dondozo|move: Taunt|Curse\n|\n|upkeep\n|turn|13\n|\n|t:|1700536201\n|move|p1a: Dondozo|Liquidation|p2a: Aerodactyl\n|-supereffective|p2a: Aerodactyl\n|-damage|p2a: Aerodactyl|0 fnt\n|faint|p2a: Aerodactyl\n|\n|upkeep\n|\n|t:|1700536216\n|switch|p2a: Ribombee|Ribombee, M|100\/100\n|turn|14\n|\n|t:|1700536226\n|move|p2a: Ribombee|Sticky Web|p1a: Dondozo\n|-sidestart|p1: David uwu35|move: Sticky Web\n|move|p1a: Dondozo|Liquidation|p2a: Ribombee\n|-enditem|p2a: Ribombee|Focus Sash\n|-damage|p2a: Ribombee|1\/100\n|\n|-end|p1a: Dondozo|move: Taunt\n|upkeep\n|turn|15\n|\n|t:|1700536239\n|move|p2a: Ribombee|Bug Buzz|p1a: Dondozo\n|-damage|p1a: Dondozo|25\/100\n|-enditem|p1a: Dondozo|Sitrus Berry|[eat]\n|-heal|p1a: Dondozo|50\/100|[from] item: Sitrus Berry\n|move|p1a: Dondozo|Liquidation|p2a: Ribombee\n|-damage|p2a: Ribombee|0 fnt\n|faint|p2a: Ribombee\n|\n|upkeep\n|\n|t:|1700536269\n|switch|p2a: Inteleon|Inteleon, M, shiny|100\/100\n|turn|16\n|\n|t:|1700536277\n|switch|p2a: Togedemaru|Togedemaru, F|100\/100\n|move|p1a: Dondozo|Body Press|p2a: Togedemaru\n|-supereffective|p2a: Togedemaru\n|-ability|p2a: Togedemaru|Sturdy\n|-damage|p2a: Togedemaru|1\/100\n|-enditem|p2a: Togedemaru|Weakness Policy\n|-boost|p2a: Togedemaru|atk|2|[from] item: Weakness Policy\n|-boost|p2a: Togedemaru|spa|2|[from] item: Weakness Policy\n|\n|upkeep\n|turn|17\n|\n|t:|1700536298\n|switch|p1a: Sableye|Sableye, M|29\/100\n|-damage|p1a: Sableye|17\/100|[from] Stealth Rock\n|-activate|p1a: Sableye|move: Sticky Web\n|-unboost|p1a: Sableye|spe|1\n|move|p2a: Togedemaru|Zing Zap|p1a: Sableye\n|-damage|p1a: Sableye|0 fnt\n|faint|p1a: Sableye\n|\n|upkeep\n|\n|t:|1700536309\n|switch|p1a: Chien-Pao|Chien-Pao|100\/100\n|-damage|p1a: Chien-Pao|76\/100|[from] Stealth Rock\n|-activate|p1a: Chien-Pao|move: Sticky Web\n|-unboost|p1a: Chien-Pao|spe|1\n|-ability|p1a: Chien-Pao|Sword of Ruin\n|turn|18\n|\n|t:|1700536336\n|move|p1a: Chien-Pao|Sucker Punch||[still]\n|-fail|p1a: Chien-Pao\n|move|p2a: Togedemaru|Agility|p2a: Togedemaru\n|-boost|p2a: Togedemaru|spe|2\n|\n|upkeep\n|turn|19\n|\n|t:|1700536350\n|move|p2a: Togedemaru|Zing Zap|p1a: Chien-Pao\n|-damage|p1a: Chien-Pao|0 fnt\n|faint|p1a: Chien-Pao\n|\n|upkeep\n|\n|t:|1700536355\n|switch|p1a: Iron Valiant|Iron Valiant|100\/100\n|-damage|p1a: Iron Valiant|95\/100|[from] Stealth Rock\n|-activate|p1a: Iron Valiant|move: Sticky Web\n|-unboost|p1a: Iron Valiant|spe|1\n|-enditem|p1a: Iron Valiant|Booster Energy\n|-activate|p1a: Iron Valiant|ability: Quark Drive|[fromitem]\n|-start|p1a: Iron Valiant|quarkdrivespa\n|turn|20\n|\n|t:|1700536367\n|move|p2a: Togedemaru|Iron Head|p1a: Iron Valiant\n|-supereffective|p1a: Iron Valiant\n|-damage|p1a: Iron Valiant|0 fnt\n|faint|p1a: Iron Valiant\n|-end|p1a: Iron Valiant|Quark Drive|[silent]\n|\n|upkeep\n|\n|t:|1700536372\n|switch|p1a: Dondozo|Dondozo, F|50\/100\n|-damage|p1a: Dondozo|37\/100|[from] Stealth Rock\n|-activate|p1a: Dondozo|move: Sticky Web\n|-unboost|p1a: Dondozo|spe|1\n|turn|21\n|\n|t:|1700536386\n|-terastallize|p2a: Togedemaru|Electric\n|move|p2a: Togedemaru|Zing Zap|p1a: Dondozo\n|-supereffective|p1a: Dondozo\n|-damage|p1a: Dondozo|0 fnt\n|faint|p1a: Dondozo\n|\n|win|zMesa\n","uploadtime":1700536430,"views":10,"p1id":"daviduwu35","p2id":"zmesa","formatid":"gen9nationaldexubers","rating":0,"private":0,"password":""}