{"id":"gen9nationaldexubers-1982327375","p1":"C0ld as Ice","p2":"KurumiTokisakilove","format":"[Gen 9] National Dex Ubers","log":"|j|\u2606C0ld as Ice\n|j|\u2606KurumiTokisakilove\n|t:|1698998125\n|gametype|singles\n|player|p1|C0ld as Ice|schoolkid-gen4dp|1760\n|player|p2|KurumiTokisakilove|sabrina-gen2|1958\n|teamsize|p1|6\n|teamsize|p2|6\n|gen|9\n|tier|[Gen 9] National Dex Ubers\n|rated|\n|rule|HP Percentage Mod: HP is shown in percentages\n|rule|Endless Battle Clause: Forcing endless battles is banned\n|rule|OHKO Clause: OHKO moves are banned\n|rule|Evasion Moves Clause: Evasion moves are banned\n|rule|Evasion Items Clause: Evasion items are banned\n|rule|Species Clause: Limit one of each Pok\u00e9mon\n|rule|Sleep Clause Mod: Limit one foe put to sleep\n|rule|Mega Rayquaza Clause: You cannot mega evolve Rayquaza\n|clearpoke\n|poke|p1|Arceus-Ground|\n|poke|p1|Zygarde|\n|poke|p1|Yveltal|\n|poke|p1|Ho-Oh|\n|poke|p1|Groudon, L99|\n|poke|p1|Marshadow|\n|poke|p2|Giratina-Origin|\n|poke|p2|Magearna|\n|poke|p2|Ditto|\n|poke|p2|Arceus-Dark|\n|poke|p2|Necrozma-Dusk-Mane|\n|poke|p2|Kingambit, F|\n|teampreview\n|inactive|Battle timer is ON: inactive players will automatically lose when time's up. (requested by KurumiTokisakilove)\n|inactive|C0ld as Ice also wants the timer to be on.\n|\n|t:|1698998148\n|start\n|switch|p1a: Yveltal|Yveltal, shiny|100\/100\n|switch|p2a: Arceus|Arceus-Dark|100\/100\n|-ability|p1a: Yveltal|Dark Aura\n|turn|1\n|\n|t:|1698998160\n|switch|p1a: Ho-Oh|Ho-Oh, shiny|100\/100\n|move|p2a: Arceus|Toxic|p1a: Ho-Oh\n|-status|p1a: Ho-Oh|tox\n|\n|-damage|p1a: Ho-Oh|94\/100 tox|[from] psn\n|upkeep\n|turn|2\n|\n|t:|1698998165\n|switch|p1a: Marshadow|Marshadow|100\/100\n|move|p2a: Arceus|Taunt|p1a: Marshadow\n|-start|p1a: Marshadow|move: Taunt\n|\n|upkeep\n|turn|3\n|\n|t:|1698998178\n|switch|p2a: Magearna|Magearna|100\/100\n|move|p1a: Marshadow|Poltergeist|p2a: Magearna\n|-activate|p2a: Magearna|move: Poltergeist|Normalium Z\n|-damage|p2a: Magearna|31\/100\n|\n|upkeep\n|turn|4\n|\n|t:|1698998183\n|switch|p2a: Arceus|Arceus-Dark|100\/100\n|move|p1a: Marshadow|Poltergeist|p2a: Arceus\n|-activate|p2a: Arceus|move: Poltergeist|Dread Plate\n|-resisted|p2a: Arceus\n|-damage|p2a: Arceus|71\/100\n|\n|-end|p1a: Marshadow|move: Taunt\n|upkeep\n|turn|5\n|\n|t:|1698998187\n|switch|p1a: Ho-Oh|Ho-Oh, shiny|100\/100 tox\n|move|p2a: Arceus|Toxic|p1a: Ho-Oh\n|-fail|p1a: Ho-Oh|tox\n|\n|-damage|p1a: Ho-Oh|94\/100 tox|[from] psn\n|upkeep\n|turn|6\n|\n|t:|1698998192\n|move|p2a: Arceus|Foul Play|p1a: Ho-Oh\n|-damage|p1a: Ho-Oh|63\/100 tox\n|move|p1a: Ho-Oh|Sacred Fire|p2a: Arceus\n|-damage|p2a: Arceus|42\/100\n|-status|p2a: Arceus|brn\n|\n|-damage|p1a: Ho-Oh|51\/100 tox|[from] psn\n|-damage|p2a: Arceus|36\/100 brn|[from] brn\n|upkeep\n|turn|7\n|\n|t:|1698998197\n|switch|p1a: Marshadow|Marshadow|100\/100\n|move|p2a: Arceus|Recover|p2a: Arceus\n|-heal|p2a: Arceus|86\/100 brn\n|\n|-damage|p2a: Arceus|80\/100 brn|[from] brn\n|upkeep\n|turn|8\n|\n|t:|1698998206\n|move|p1a: Marshadow|Close Combat|p2a: Arceus\n|-supereffective|p2a: Arceus\n|-damage|p2a: Arceus|0 fnt\n|-unboost|p1a: Marshadow|def|1\n|-unboost|p1a: Marshadow|spd|1\n|faint|p2a: Arceus\n|\n|upkeep\n|\n|t:|1698998215\n|switch|p2a: Giratina|Giratina-Origin|100\/100\n|turn|9\n|\n|t:|1698998221\n|switch|p1a: Zygarde|Zygarde|100\/100\n|move|p2a: Giratina|Hone Claws|p2a: Giratina\n|-boost|p2a: Giratina|atk|1\n|-boost|p2a: Giratina|accuracy|1\n|\n|upkeep\n|turn|10\n|\n|t:|1698998226\n|-terastallize|p1a: Zygarde|Bug\n|move|p2a: Giratina|Poltergeist|p1a: Zygarde\n|-activate|p1a: Zygarde|move: Poltergeist|Leftovers\n|-damage|p1a: Zygarde|53\/100\n|move|p1a: Zygarde|Glare|p2a: Giratina\n|-status|p2a: Giratina|par\n|\n|-heal|p1a: Zygarde|59\/100|[from] item: Leftovers\n|upkeep\n|turn|11\n|\n|t:|1698998240\n|move|p1a: Zygarde|Haze|p1a: Zygarde\n|-clearallboost\n|move|p2a: Giratina|Stone Edge|p1a: Zygarde|[miss]\n|-miss|p2a: Giratina|p1a: Zygarde\n|\n|-heal|p1a: Zygarde|65\/100|[from] item: Leftovers\n|upkeep\n|turn|12\n|\n|t:|1698998245\n|move|p1a: Zygarde|Thousand Arrows|p2a: Giratina\n|-damage|p2a: Giratina|75\/100 par\n|-start|p2a: Giratina|Smack Down\n|move|p2a: Giratina|Hone Claws|p2a: Giratina\n|-boost|p2a: Giratina|atk|1\n|-boost|p2a: Giratina|accuracy|1\n|\n|-heal|p1a: Zygarde|72\/100|[from] item: Leftovers\n|upkeep\n|turn|13\n|\n|t:|1698998247\n|move|p1a: Zygarde|Haze|p1a: Zygarde\n|-clearallboost\n|move|p2a: Giratina|Stone Edge|p1a: Zygarde\n|-supereffective|p1a: Zygarde\n|-damage|p1a: Zygarde|35\/100\n|\n|-heal|p1a: Zygarde|41\/100|[from] item: Leftovers\n|-activate|p1a: Zygarde|ability: Power Construct\n|detailschange|p1a: Zygarde|Zygarde-Complete, tera:Bug\n|-heal|p1a: Zygarde|62\/100|[silent]\n|upkeep\n|turn|14\n|\n|t:|1698998250\n|move|p1a: Zygarde|Thousand Arrows|p2a: Giratina\n|-damage|p2a: Giratina|51\/100 par\n|move|p2a: Giratina|Stone Edge|p1a: Zygarde\n|-supereffective|p1a: Zygarde\n|-damage|p1a: Zygarde|40\/100\n|\n|-heal|p1a: Zygarde|46\/100|[from] item: Leftovers\n|upkeep\n|turn|15\n|\n|t:|1698998255\n|move|p1a: Zygarde|Thousand Arrows|p2a: Giratina\n|-damage|p2a: Giratina|26\/100 par\n|cant|p2a: Giratina|par\n|\n|-heal|p1a: Zygarde|53\/100|[from] item: Leftovers\n|upkeep\n|turn|16\n|\n|t:|1698998259\n|move|p1a: Zygarde|Thousand Arrows|p2a: Giratina\n|-damage|p2a: Giratina|0 fnt\n|faint|p2a: Giratina\n|\n|-heal|p1a: Zygarde|59\/100|[from] item: Leftovers\n|upkeep\n|\n|t:|1698998270\n|switch|p2a: Necrozma|Necrozma-Dusk-Mane|100\/100\n|turn|17\n|\n|t:|1698998273\n|detailschange|p2a: Necrozma|Necrozma-Ultra\n|-burst|p2a: Necrozma|Necrozma|Ultranecrozium Z\n|move|p2a: Necrozma|Photon Geyser|p1a: Zygarde\n|-damage|p1a: Zygarde|25\/100\n|move|p1a: Zygarde|Glare|p2a: Necrozma\n|-status|p2a: Necrozma|par\n|\n|-heal|p1a: Zygarde|31\/100|[from] item: Leftovers\n|upkeep\n|turn|18\n|\n|t:|1698998285\n|switch|p1a: Ho-Oh|Ho-Oh, shiny|85\/100 tox\n|move|p2a: Necrozma|Stealth Rock|p1a: Ho-Oh\n|-sidestart|p1: C0ld as Ice|move: Stealth Rock\n|\n|-damage|p1a: Ho-Oh|79\/100 tox|[from] psn\n|upkeep\n|turn|19\n|\n|t:|1698998291\n|move|p1a: Ho-Oh|Defog|p2a: Necrozma\n|-unboost|p2a: Necrozma|evasion|1\n|-sideend|p1: C0ld as Ice|Stealth Rock|[from] move: Defog|[of] p1a: Ho-Oh\n|move|p2a: Necrozma|Photon Geyser|p1a: Ho-Oh\n|-damage|p1a: Ho-Oh|43\/100 tox\n|\n|-damage|p1a: Ho-Oh|31\/100 tox|[from] psn\n|upkeep\n|turn|20\n|\n|t:|1698998294\n|switch|p1a: Yveltal|Yveltal, shiny|100\/100\n|-ability|p1a: Yveltal|Dark Aura\n|move|p2a: Necrozma|Stealth Rock|p1a: Yveltal\n|-sidestart|p1: C0ld as Ice|move: Stealth Rock\n|\n|upkeep\n|turn|21\n|\n|t:|1698998299\n|switch|p2a: Magearna|Magearna|31\/100\n|move|p1a: Yveltal|Knock Off|p2a: Magearna\n|-resisted|p2a: Magearna\n|-crit|p2a: Magearna\n|-damage|p2a: Magearna|0 fnt\n|faint|p2a: Magearna\n|-damage|p1a: Yveltal|91\/100|[from] item: Life Orb\n|\n|upkeep\n|\n|t:|1698998313\n|switch|p2a: Kingambit|Kingambit, F|100\/100\n|-activate|p2a: Kingambit|ability: Supreme Overlord\n|-start|p2a: Kingambit|fallen3|[silent]\n|turn|22\n|\n|t:|1698998317\n|switch|p1a: Zygarde|Zygarde-Complete, tera:Bug|31\/100\n|-damage|p1a: Zygarde|6\/100|[from] Stealth Rock\n|move|p2a: Kingambit|Swords Dance|p2a: Kingambit\n|-boost|p2a: Kingambit|atk|2\n|\n|-heal|p1a: Zygarde|13\/100|[from] item: Leftovers\n|upkeep\n|turn|23\n|\n|t:|1698998321\n|move|p1a: Zygarde|Haze|p1a: Zygarde\n|-clearallboost\n|move|p2a: Kingambit|Knock Off|p1a: Zygarde\n|-damage|p1a: Zygarde|0 fnt\n|-enditem|p1a: Zygarde|Leftovers|[from] move: Knock Off|[of] p2a: Kingambit\n|faint|p1a: Zygarde\n|\n|upkeep\n|\n|t:|1698998324\n|switch|p1a: Arceus|Arceus-Ground, shiny|100\/100\n|-damage|p1a: Arceus|94\/100|[from] Stealth Rock\n|turn|24\n|\n|t:|1698998337\n|-end|p2a: Kingambit|fallen3|[silent]\n|switch|p2a: Necrozma|Necrozma-Ultra|100\/100 par\n|move|p1a: Arceus|Judgment|p2a: Necrozma\n|-damage|p2a: Necrozma|53\/100 par\n|\n|upkeep\n|turn|25\n|\n|t:|1698998340\n|switch|p1a: Ho-Oh|Ho-Oh, shiny|64\/100 tox\n|-zpower|p2a: Necrozma\n|move|p2a: Necrozma|Light That Burns the Sky|p1a: Ho-Oh|[zeffect]\n|-crit|p1a: Ho-Oh\n|-damage|p1a: Ho-Oh|0 fnt\n|faint|p1a: Ho-Oh\n|\n|upkeep\n|\n|t:|1698998351\n|switch|p1a: Groudon|Groudon, L99, shiny|100\/100\n|-damage|p1a: Groudon|94\/100|[from] Stealth Rock\n|detailschange|p1a: Groudon|Groudon-Primal, L99, shiny\n|-primal|p1a: Groudon|Red Orb\n|-weather|DesolateLand|[from] ability: Desolate Land|[of] p1a: Groudon\n|turn|26\n|\n|t:|1698998353\n|move|p2a: Necrozma|Earth Power|p1a: Groudon\n|-supereffective|p1a: Groudon\n|-damage|p1a: Groudon|20\/100\n|move|p1a: Groudon|Precipice Blades|p2a: Necrozma\n|-damage|p2a: Necrozma|0 fnt\n|faint|p2a: Necrozma\n|\n|-weather|DesolateLand|[upkeep]\n|upkeep\n|\n|t:|1698998364\n|switch|p2a: Kingambit|Kingambit, F|100\/100\n|-activate|p2a: Kingambit|ability: Supreme Overlord\n|-start|p2a: Kingambit|fallen4|[silent]\n|turn|27\n|\n|t:|1698998367\n|move|p2a: Kingambit|Sucker Punch|p1a: Groudon\n|-damage|p1a: Groudon|0 fnt\n|faint|p1a: Groudon\n|-weather|none\n|\n|upkeep\n|\n|t:|1698998369\n|switch|p1a: Arceus|Arceus-Ground, shiny|94\/100\n|-damage|p1a: Arceus|88\/100|[from] Stealth Rock\n|turn|28\n|\n|t:|1698998381\n|-terastallize|p2a: Kingambit|Ghost\n|move|p1a: Arceus|Judgment|p2a: Kingambit\n|-damage|p2a: Kingambit|50\/100\n|move|p2a: Kingambit|Swords Dance|p2a: Kingambit\n|-boost|p2a: Kingambit|atk|2\n|\n|upkeep\n|turn|29\n|\n|t:|1698998386\n|move|p1a: Arceus|Judgment|p2a: Kingambit\n|-damage|p2a: Kingambit|7\/100\n|move|p2a: Kingambit|Knock Off|p1a: Arceus\n|-damage|p1a: Arceus|8\/100\n|\n|upkeep\n|turn|30\n|\n|t:|1698998392\n|move|p2a: Kingambit|Sucker Punch|p1a: Arceus\n|-damage|p1a: Arceus|0 fnt\n|faint|p1a: Arceus\n|\n|upkeep\n|\n|t:|1698998393\n|switch|p1a: Marshadow|Marshadow|100\/100\n|-damage|p1a: Marshadow|94\/100|[from] Stealth Rock\n|turn|31\n|\n|t:|1698998405\n|move|p1a: Marshadow|Shadow Sneak|p2a: Kingambit\n|-supereffective|p2a: Kingambit\n|-damage|p2a: Kingambit|0 fnt\n|faint|p2a: Kingambit\n|-end|p2a: Kingambit|fallen4|[silent]\n|\n|upkeep\n|\n|t:|1698998407\n|switch|p2a: Ditto|Ditto, shiny|100\/100\n|-transform|p2a: Ditto|p1a: Marshadow|[from] ability: Imposter\n|turn|32\n|\n|t:|1698998415\n|move|p2a: Ditto|Shadow Sneak|p1a: Marshadow\n|-supereffective|p1a: Marshadow\n|-damage|p1a: Marshadow|13\/100\n|move|p1a: Marshadow|Shadow Sneak|p2a: Ditto\n|-supereffective|p2a: Ditto\n|-damage|p2a: Ditto|0 fnt\n|faint|p2a: Ditto\n|\n|win|C0ld as Ice\n|raw|C0ld as Ice's rating: 1760 &rarr; <strong>1790<\/strong><br \/>(+30 for winning)\n|raw|KurumiTokisakilove's rating: 1958 &rarr; <strong>1928<\/strong><br \/>(-30 for losing)\n|l|\u2606KurumiTokisakilove\n|l|\u2606C0ld as Ice\n|j|\u2606C0ld as Ice\n|player|p1|C0ld as Ice|schoolkid-gen4dp\n","uploadtime":1698998424,"views":20,"p1id":"c0ldasice","p2id":"kurumitokisakilove","formatid":"gen9nationaldexubers","rating":1790,"private":0,"password":""}