{"id":"gen9nationaldexubers-1998206490","p1":"Diaboou","p2":"Muralik29","format":"[Gen 9] National Dex Ubers","log":"|j|\u203dDiaboou\n|j|\u2606Muralik29\n|t:|1700912550\n|gametype|singles\n|player|p1|Diaboou|102|1326\n|player|p2|Muralik29|swimmerf-gen4|1519\n|teamsize|p1|6\n|teamsize|p2|6\n|gen|9\n|tier|[Gen 9] National Dex Ubers\n|rated|\n|rule|HP Percentage Mod: HP is shown in percentages\n|rule|Endless Battle Clause: Forcing endless battles is banned\n|rule|OHKO Clause: OHKO moves are banned\n|rule|Evasion Moves Clause: Evasion moves are banned\n|rule|Evasion Items Clause: Evasion items are banned\n|rule|Species Clause: Limit one of each Pok\u00e9mon\n|rule|Sleep Clause Mod: Limit one foe put to sleep\n|rule|Mega Rayquaza Clause: You cannot mega evolve Rayquaza\n|clearpoke\n|poke|p1|Zygarde|\n|poke|p1|Blissey, F|\n|poke|p1|Giratina-Origin|\n|poke|p1|Arceus-Dark|\n|poke|p1|Ho-Oh|\n|poke|p1|Lugia|\n|poke|p2|Ogerpon-Hearthflame, F|\n|poke|p2|Zacian-*|\n|poke|p2|Groudon|\n|poke|p2|Zygarde|\n|poke|p2|Lugia|\n|poke|p2|Xerneas-*|\n|teampreview\n|inactive|Battle timer is ON: inactive players will automatically lose when time's up. (requested by Muralik29)\n|\n|t:|1700912577\n|start\n|switch|p1a: Zygarde|Zygarde|100\/100\n|switch|p2a: Groudon|Groudon, shiny|100\/100\n|detailschange|p2a: Groudon|Groudon-Primal, shiny\n|-primal|p2a: Groudon|Red Orb\n|-weather|DesolateLand|[from] ability: Desolate Land|[of] p2a: Groudon\n|turn|1\n|\n|t:|1700912588\n|move|p2a: Groudon|Rock Polish|p2a: Groudon\n|-boost|p2a: Groudon|spe|2\n|move|p1a: Zygarde|Glare|p2a: Groudon\n|-status|p2a: Groudon|par\n|\n|-weather|DesolateLand|[upkeep]\n|upkeep\n|turn|2\n|\n|t:|1700912592\n|move|p2a: Groudon|Swords Dance|p2a: Groudon\n|-boost|p2a: Groudon|atk|2\n|move|p1a: Zygarde|Coil|p1a: Zygarde\n|-boost|p1a: Zygarde|atk|1\n|-boost|p1a: Zygarde|def|1\n|-boost|p1a: Zygarde|accuracy|1\n|\n|-weather|DesolateLand|[upkeep]\n|upkeep\n|turn|3\n|\n|t:|1700912599\n|move|p2a: Groudon|Earthquake|p1a: Zygarde\n|-damage|p1a: Zygarde|48\/100\n|move|p1a: Zygarde|Coil|p1a: Zygarde\n|-boost|p1a: Zygarde|atk|1\n|-boost|p1a: Zygarde|def|1\n|-boost|p1a: Zygarde|accuracy|1\n|\n|-weather|DesolateLand|[upkeep]\n|-heal|p1a: Zygarde|54\/100|[from] item: Leftovers\n|upkeep\n|turn|4\n|\n|t:|1700912603\n|move|p2a: Groudon|Earthquake|p1a: Zygarde\n|-damage|p1a: Zygarde|18\/100\n|move|p1a: Zygarde|Thousand Arrows|p2a: Groudon\n|-supereffective|p2a: Groudon\n|-damage|p2a: Groudon|22\/100 par\n|\n|-weather|DesolateLand|[upkeep]\n|-heal|p1a: Zygarde|24\/100|[from] item: Leftovers\n|-activate|p1a: Zygarde|ability: Power Construct\n|detailschange|p1a: Zygarde|Zygarde-Complete\n|-heal|p1a: Zygarde|50\/100|[silent]\n|upkeep\n|turn|5\n|\n|t:|1700912607\n|cant|p2a: Groudon|par\n|move|p1a: Zygarde|Thousand Arrows|p2a: Groudon\n|-supereffective|p2a: Groudon\n|-crit|p2a: Groudon\n|-damage|p2a: Groudon|0 fnt\n|faint|p2a: Groudon\n|-weather|none\n|\n|-heal|p1a: Zygarde|56\/100|[from] item: Leftovers\n|upkeep\n|\n|t:|1700912610\n|switch|p2a: Lugia|Lugia|100\/100\n|turn|6\n|\n|t:|1700912614\n|move|p2a: Lugia|Calm Mind|p2a: Lugia\n|-boost|p2a: Lugia|spa|1\n|-boost|p2a: Lugia|spd|1\n|move|p1a: Zygarde|Glare|p2a: Lugia\n|-status|p2a: Lugia|par\n|\n|-heal|p1a: Zygarde|62\/100|[from] item: Leftovers\n|upkeep\n|turn|7\n|\n|t:|1700912618\n|switch|p1a: Ho-Oh|Ho-Oh|100\/100\n|cant|p2a: Lugia|par\n|\n|upkeep\n|turn|8\n|\n|t:|1700912623\n|move|p1a: Ho-Oh|Mystical Fire|p2a: Lugia\n|-damage|p2a: Lugia|96\/100 par\n|-unboost|p2a: Lugia|spa|1\n|move|p2a: Lugia|Aeroblast|p1a: Ho-Oh\n|-damage|p1a: Ho-Oh|83\/100\n|\n|-heal|p2a: Lugia|100\/100 par|[from] item: Leftovers\n|upkeep\n|turn|9\n|\n|t:|1700912627\n|move|p1a: Ho-Oh|Mystical Fire|p2a: Lugia\n|-damage|p2a: Lugia|96\/100 par\n|-unboost|p2a: Lugia|spa|1\n|move|p2a: Lugia|Calm Mind|p2a: Lugia\n|-boost|p2a: Lugia|spa|1\n|-boost|p2a: Lugia|spd|1\n|\n|-heal|p2a: Lugia|100\/100 par|[from] item: Leftovers\n|upkeep\n|turn|10\n|\n|t:|1700912629\n|move|p1a: Ho-Oh|Mystical Fire|p2a: Lugia\n|-damage|p2a: Lugia|97\/100 par\n|-unboost|p2a: Lugia|spa|1\n|move|p2a: Lugia|Calm Mind|p2a: Lugia\n|-boost|p2a: Lugia|spa|1\n|-boost|p2a: Lugia|spd|1\n|\n|-heal|p2a: Lugia|100\/100 par|[from] item: Leftovers\n|upkeep\n|turn|11\n|\n|t:|1700912633\n|move|p1a: Ho-Oh|Mystical Fire|p2a: Lugia\n|-damage|p2a: Lugia|98\/100 par\n|-unboost|p2a: Lugia|spa|1\n|cant|p2a: Lugia|par\n|\n|-heal|p2a: Lugia|100\/100 par|[from] item: Leftovers\n|upkeep\n|turn|12\n|\n|t:|1700912637\n|move|p1a: Ho-Oh|Mystical Fire|p2a: Lugia\n|-damage|p2a: Lugia|98\/100 par\n|-unboost|p2a: Lugia|spa|1\n|cant|p2a: Lugia|par\n|\n|-heal|p2a: Lugia|100\/100 par|[from] item: Leftovers\n|upkeep\n|turn|13\n|\n|t:|1700912641\n|move|p1a: Ho-Oh|Mystical Fire|p2a: Lugia\n|-damage|p2a: Lugia|98\/100 par\n|-unboost|p2a: Lugia|spa|1\n|cant|p2a: Lugia|par\n|\n|-heal|p2a: Lugia|100\/100 par|[from] item: Leftovers\n|upkeep\n|turn|14\n|c|\u2606Muralik29|wow\n|\n|t:|1700912652\n|switch|p2a: Zygarde|Zygarde|100\/100\n|move|p1a: Ho-Oh|Mystical Fire|p2a: Zygarde\n|-resisted|p2a: Zygarde\n|-damage|p2a: Zygarde|87\/100\n|-unboost|p2a: Zygarde|spa|1\n|\n|-heal|p2a: Zygarde|93\/100|[from] item: Leftovers\n|upkeep\n|turn|15\n|\n|t:|1700912662\n|switch|p1a: Arceus|Arceus-Dark|100\/100\n|move|p2a: Zygarde|Thousand Arrows|p1a: Arceus\n|-crit|p1a: Arceus\n|-damage|p1a: Arceus|67\/100\n|\n|-heal|p2a: Zygarde|99\/100|[from] item: Leftovers\n|upkeep\n|turn|16\n|\n|t:|1700912670\n|move|p1a: Arceus|Taunt|p2a: Zygarde\n|-start|p2a: Zygarde|move: Taunt\n|cant|p2a: Zygarde|move: Taunt|Dragon Dance\n|\n|-heal|p2a: Zygarde|100\/100|[from] item: Leftovers\n|upkeep\n|turn|17\n|\n|t:|1700912676\n|move|p1a: Arceus|Recover|p1a: Arceus\n|-heal|p1a: Arceus|100\/100\n|move|p2a: Zygarde|Thousand Arrows|p1a: Arceus\n|-damage|p1a: Arceus|77\/100\n|\n|upkeep\n|turn|18\n|\n|t:|1700912681\n|switch|p2a: Zacian|Zacian-Crowned|100\/100\n|-ability|p2a: Zacian|Intrepid Sword|boost\n|-boost|p2a: Zacian|atk|1\n|move|p1a: Arceus|Foul Play|p2a: Zacian\n|-resisted|p2a: Zacian\n|-damage|p2a: Zacian|56\/100\n|\n|upkeep\n|turn|19\n|\n|t:|1700912691\n|switch|p1a: Ho-Oh|Ho-Oh|100\/100\n|move|p2a: Zacian|Play Rough|p1a: Ho-Oh\n|-resisted|p1a: Ho-Oh\n|-damage|p1a: Ho-Oh|75\/100\n|\n|upkeep\n|turn|20\n|\n|t:|1700912697\n|switch|p2a: Lugia|Lugia|100\/100 par\n|move|p1a: Ho-Oh|Sacred Fire|p2a: Lugia\n|-damage|p2a: Lugia|90\/100 par\n|\n|-heal|p2a: Lugia|96\/100 par|[from] item: Leftovers\n|upkeep\n|turn|21\n|\n|t:|1700912706\n|move|p1a: Ho-Oh|Mystical Fire|p2a: Lugia\n|-damage|p2a: Lugia|82\/100 par\n|-unboost|p2a: Lugia|spa|1\n|move|p2a: Lugia|Aeroblast|p1a: Ho-Oh\n|-crit|p1a: Ho-Oh\n|-damage|p1a: Ho-Oh|50\/100\n|\n|-heal|p2a: Lugia|88\/100 par|[from] item: Leftovers\n|upkeep\n|turn|22\n|\n|t:|1700912721\n|switch|p1a: Giratina|Giratina-Origin|100\/100\n|switch|p2a: Zygarde|Zygarde|100\/100\n|\n|upkeep\n|turn|23\n|\n|t:|1700912727\n|-terastallize|p2a: Zygarde|Normal\n|move|p2a: Zygarde|Dragon Dance|p2a: Zygarde\n|-boost|p2a: Zygarde|atk|1\n|-boost|p2a: Zygarde|spe|1\n|move|p1a: Giratina|Draco Meteor|p2a: Zygarde\n|-damage|p2a: Zygarde|9\/100\n|-unboost|p1a: Giratina|spa|2\n|\n|-heal|p2a: Zygarde|16\/100|[from] item: Leftovers\n|-activate|p2a: Zygarde|ability: Power Construct\n|detailschange|p2a: Zygarde|Zygarde-Complete, tera:Normal\n|-heal|p2a: Zygarde|48\/100|[silent]\n|upkeep\n|turn|24\n|\n|t:|1700912733\n|switch|p1a: Arceus|Arceus-Dark|77\/100\n|move|p2a: Zygarde|Outrage|p1a: Arceus\n|-damage|p1a: Arceus|28\/100\n|\n|-heal|p2a: Zygarde|54\/100|[from] item: Leftovers\n|upkeep\n|turn|25\n|\n|t:|1700912740\n|switch|p1a: Giratina|Giratina-Origin|100\/100\n|move|p2a: Zygarde|Outrage|p1a: Giratina|[from]lockedmove\n|-supereffective|p1a: Giratina\n|-damage|p1a: Giratina|0 fnt\n|faint|p1a: Giratina\n|\n|-heal|p2a: Zygarde|60\/100|[from] item: Leftovers\n|upkeep\n|\n|t:|1700912750\n|switch|p1a: Ho-Oh|Ho-Oh|83\/100\n|turn|26\n|\n|t:|1700912754\n|move|p2a: Zygarde|Outrage|p1a: Ho-Oh|[from]lockedmove\n|-damage|p1a: Ho-Oh|28\/100\n|-start|p2a: Zygarde|confusion|[fatigue]\n|move|p1a: Ho-Oh|Sacred Fire|p2a: Zygarde\n|-damage|p2a: Zygarde|40\/100\n|\n|-heal|p2a: Zygarde|46\/100|[from] item: Leftovers\n|upkeep\n|turn|27\n|\n|t:|1700912761\n|switch|p1a: Lugia|Lugia|100\/100\n|-activate|p2a: Zygarde|confusion\n|-damage|p2a: Zygarde|36\/100|[from] confusion\n|\n|-heal|p2a: Zygarde|42\/100|[from] item: Leftovers\n|upkeep\n|turn|28\n|\n|t:|1700912767\n|-end|p2a: Zygarde|confusion\n|move|p2a: Zygarde|Thousand Arrows|p1a: Lugia\n|-damage|p1a: Lugia|79\/100\n|-start|p1a: Lugia|Smack Down\n|move|p1a: Lugia|Feather Dance|p2a: Zygarde\n|-unboost|p2a: Zygarde|atk|2\n|\n|-heal|p2a: Zygarde|48\/100|[from] item: Leftovers\n|upkeep\n|turn|29\n|\n|t:|1700912779\n|move|p2a: Zygarde|Dragon Dance|p2a: Zygarde\n|-boost|p2a: Zygarde|atk|1\n|-boost|p2a: Zygarde|spe|1\n|move|p1a: Lugia|Roost|p1a: Lugia\n|-heal|p1a: Lugia|100\/100\n|-singleturn|p1a: Lugia|move: Roost\n|\n|-heal|p2a: Zygarde|54\/100|[from] item: Leftovers\n|upkeep\n|turn|30\n|\n|t:|1700912790\n|switch|p2a: Lugia|Lugia|88\/100 par\n|move|p1a: Lugia|Feather Dance|p2a: Lugia\n|-unboost|p2a: Lugia|atk|2\n|\n|-heal|p2a: Lugia|94\/100 par|[from] item: Leftovers\n|upkeep\n|turn|31\n|\n|t:|1700912795\n|switch|p1a: Blissey|Blissey, F|100\/100\n|move|p2a: Lugia|Aeroblast|p1a: Blissey\n|-crit|p1a: Blissey\n|-damage|p1a: Blissey|86\/100\n|\n|-heal|p1a: Blissey|92\/100|[from] item: Leftovers\n|-heal|p2a: Lugia|100\/100 par|[from] item: Leftovers\n|upkeep\n|turn|32\n|\n|t:|1700912800\n|switch|p2a: Ogerpon|Ogerpon-Hearthflame, F|100\/100\n|-ability|p2a: Ogerpon|Mold Breaker\n|move|p1a: Blissey|Wish|p1a: Blissey\n|\n|-heal|p1a: Blissey|98\/100|[from] item: Leftovers\n|upkeep\n|turn|33\n|\n|t:|1700912807\n|switch|p1a: Zygarde|Zygarde-Complete|62\/100\n|move|p2a: Ogerpon|Swords Dance|p2a: Ogerpon\n|-boost|p2a: Ogerpon|atk|2\n|\n|-heal|p1a: Zygarde|100\/100|[from] move: Wish|[wisher] Blissey\n|upkeep\n|turn|34\n|inactive|Muralik29 has 120 seconds left.\n|\n|t:|1700912846\n|move|p2a: Ogerpon|Power Whip|p1a: Zygarde|[miss]\n|-miss|p2a: Ogerpon|p1a: Zygarde\n|move|p1a: Zygarde|Glare|p2a: Ogerpon\n|-status|p2a: Ogerpon|par\n|\n|upkeep\n|turn|35\n|\n|t:|1700912851\n|switch|p1a: Lugia|Lugia|100\/100\n|move|p2a: Ogerpon|Power Whip|p1a: Lugia\n|-resisted|p1a: Lugia\n|-damage|p1a: Lugia|57\/100\n|\n|upkeep\n|turn|36\n|\n|t:|1700912857\n|move|p1a: Lugia|Feather Dance|p2a: Ogerpon\n|-unboost|p2a: Ogerpon|atk|2\n|move|p2a: Ogerpon|Ivy Cudgel|p1a: Lugia|[anim] Ivy Cudgel Fire\n|-damage|p1a: Lugia|20\/100\n|\n|upkeep\n|turn|37\n|\n|t:|1700912863\n|move|p1a: Lugia|Roost|p1a: Lugia\n|-heal|p1a: Lugia|70\/100\n|-singleturn|p1a: Lugia|move: Roost\n|move|p2a: Ogerpon|Ivy Cudgel|p1a: Lugia|[anim] Ivy Cudgel Fire\n|-damage|p1a: Lugia|31\/100\n|\n|upkeep\n|turn|38\n|\n|t:|1700912869\n|move|p1a: Lugia|Roost|p1a: Lugia\n|-heal|p1a: Lugia|81\/100\n|-singleturn|p1a: Lugia|move: Roost\n|move|p2a: Ogerpon|Swords Dance|p2a: Ogerpon\n|-boost|p2a: Ogerpon|atk|2\n|\n|upkeep\n|turn|39\n|\n|t:|1700912873\n|move|p1a: Lugia|Feather Dance|p2a: Ogerpon\n|-unboost|p2a: Ogerpon|atk|2\n|move|p2a: Ogerpon|Ivy Cudgel|p1a: Lugia|[anim] Ivy Cudgel Fire\n|-damage|p1a: Lugia|43\/100\n|\n|upkeep\n|turn|40\n|\n|t:|1700912879\n|move|p1a: Lugia|Feather Dance|p2a: Ogerpon\n|-unboost|p2a: Ogerpon|atk|2\n|move|p2a: Ogerpon|Swords Dance|p2a: Ogerpon\n|-boost|p2a: Ogerpon|atk|2\n|\n|upkeep\n|turn|41\n|\n|t:|1700912883\n|move|p1a: Lugia|Feather Dance|p2a: Ogerpon\n|-unboost|p2a: Ogerpon|atk|2\n|move|p2a: Ogerpon|Ivy Cudgel|p1a: Lugia|[anim] Ivy Cudgel Fire\n|-damage|p1a: Lugia|23\/100\n|\n|upkeep\n|turn|42\n|\n|t:|1700912886\n|move|p1a: Lugia|Roost|p1a: Lugia\n|-heal|p1a: Lugia|73\/100\n|-singleturn|p1a: Lugia|move: Roost\n|cant|p2a: Ogerpon|par\n|\n|upkeep\n|turn|43\n|\n|t:|1700912889\n|move|p1a: Lugia|Feather Dance|p2a: Ogerpon\n|-unboost|p2a: Ogerpon|atk|2\n|move|p2a: Ogerpon|Ivy Cudgel|p1a: Lugia|[anim] Ivy Cudgel Fire\n|-damage|p1a: Lugia|61\/100\n|\n|upkeep\n|turn|44\n|\n|t:|1700912899\n|switch|p2a: Xerneas|Xerneas|100\/100\n|-ability|p2a: Xerneas|Fairy Aura\n|move|p1a: Lugia|Roost|p1a: Lugia\n|-heal|p1a: Lugia|100\/100\n|-singleturn|p1a: Lugia|move: Roost\n|\n|upkeep\n|turn|45\n|\n|t:|1700912913\n|switch|p1a: Ho-Oh|Ho-Oh|61\/100\n|move|p2a: Xerneas|Ingrain|p2a: Xerneas\n|-start|p2a: Xerneas|move: Ingrain\n|\n|upkeep\n|turn|46\n|\n|t:|1700912917\n|-zpower|p2a: Xerneas\n|move|p2a: Xerneas|Z-Geomancy||[anim]Geomancy|[still]\n|-boost|p2a: Xerneas|atk|1|[zeffect]\n|-boost|p2a: Xerneas|def|1|[zeffect]\n|-boost|p2a: Xerneas|spa|1|[zeffect]\n|-boost|p2a: Xerneas|spd|1|[zeffect]\n|-boost|p2a: Xerneas|spe|1|[zeffect]\n|-prepare|p2a: Xerneas|Geomancy\n|move|p1a: Ho-Oh|Mystical Fire|p2a: Xerneas\n|-damage|p2a: Xerneas|87\/100\n|-unboost|p2a: Xerneas|spa|1\n|\n|-heal|p2a: Xerneas|93\/100|[from] Ingrain\n|upkeep\n|turn|47\n|\n|t:|1700912920\n|move|p2a: Xerneas|Geomancy|p2a: Xerneas|[from]lockedmove\n|-boost|p2a: Xerneas|spa|2\n|-boost|p2a: Xerneas|spd|2\n|-boost|p2a: Xerneas|spe|2\n|move|p1a: Ho-Oh|Mystical Fire|p2a: Xerneas\n|-damage|p2a: Xerneas|86\/100\n|-unboost|p2a: Xerneas|spa|1\n|\n|-heal|p2a: Xerneas|92\/100|[from] Ingrain\n|upkeep\n|turn|48\n|\n|t:|1700912925\n|move|p2a: Xerneas|Moonblast|p1a: Ho-Oh\n|-resisted|p1a: Ho-Oh\n|-damage|p1a: Ho-Oh|30\/100\n|move|p1a: Ho-Oh|Mystical Fire|p2a: Xerneas\n|-damage|p2a: Xerneas|84\/100\n|-unboost|p2a: Xerneas|spa|1\n|\n|-heal|p2a: Xerneas|90\/100|[from] Ingrain\n|upkeep\n|turn|49\n|\n|t:|1700912931\n|move|p2a: Xerneas|Moonblast|p1a: Ho-Oh\n|-resisted|p1a: Ho-Oh\n|-damage|p1a: Ho-Oh|11\/100\n|move|p1a: Ho-Oh|Mystical Fire|p2a: Xerneas\n|-damage|p2a: Xerneas|83\/100\n|-unboost|p2a: Xerneas|spa|1\n|\n|-heal|p2a: Xerneas|89\/100|[from] Ingrain\n|upkeep\n|turn|50\n|\n|t:|1700912935\n|switch|p1a: Blissey|Blissey, F|98\/100\n|move|p2a: Xerneas|Moonblast|p1a: Blissey\n|-damage|p1a: Blissey|84\/100\n|-unboost|p1a: Blissey|spa|1\n|\n|-heal|p1a: Blissey|90\/100|[from] item: Leftovers\n|-heal|p2a: Xerneas|95\/100|[from] Ingrain\n|upkeep\n|turn|51\n|\n|t:|1700912938\n|move|p2a: Xerneas|Geomancy||[still]\n|-prepare|p2a: Xerneas|Geomancy\n|move|p1a: Blissey|Wish|p1a: Blissey\n|\n|-heal|p1a: Blissey|96\/100|[from] item: Leftovers\n|-heal|p2a: Xerneas|100\/100|[from] Ingrain\n|upkeep\n|turn|52\n|\n|t:|1700912941\n|switch|p1a: Ho-Oh|Ho-Oh|45\/100\n|move|p2a: Xerneas|Geomancy|p2a: Xerneas|[from]lockedmove\n|-boost|p2a: Xerneas|spa|2\n|-boost|p2a: Xerneas|spd|2\n|-boost|p2a: Xerneas|spe|2\n|\n|-heal|p1a: Ho-Oh|100\/100|[from] move: Wish|[wisher] Blissey\n|upkeep\n|turn|53\n|\n|t:|1700912944\n|move|p2a: Xerneas|Geomancy||[still]\n|-prepare|p2a: Xerneas|Geomancy\n|move|p1a: Ho-Oh|Mystical Fire|p2a: Xerneas\n|-damage|p2a: Xerneas|95\/100\n|-unboost|p2a: Xerneas|spa|1\n|\n|-heal|p2a: Xerneas|100\/100|[from] Ingrain\n|upkeep\n|turn|54\n|\n|t:|1700912953\n|move|p2a: Xerneas|Geomancy|p2a: Xerneas|[from]lockedmove\n|-boost|p2a: Xerneas|spa|2\n|-boost|p2a: Xerneas|spd|1\n|-boost|p2a: Xerneas|spe|1\n|move|p1a: Ho-Oh|Sacred Fire|p2a: Xerneas\n|-damage|p2a: Xerneas|79\/100\n|\n|-heal|p2a: Xerneas|85\/100|[from] Ingrain\n|upkeep\n|turn|55\n|\n|t:|1700912957\n|move|p2a: Xerneas|Moonblast|p1a: Ho-Oh\n|-resisted|p1a: Ho-Oh\n|-damage|p1a: Ho-Oh|60\/100\n|-unboost|p1a: Ho-Oh|spa|1\n|move|p1a: Ho-Oh|Mystical Fire|p2a: Xerneas\n|-damage|p2a: Xerneas|81\/100\n|-unboost|p2a: Xerneas|spa|1\n|\n|-heal|p2a: Xerneas|87\/100|[from] Ingrain\n|upkeep\n|turn|56\n|\n|t:|1700912963\n|switch|p1a: Blissey|Blissey, F|96\/100\n|move|p2a: Xerneas|Geomancy||[still]\n|-prepare|p2a: Xerneas|Geomancy\n|\n|-heal|p1a: Blissey|100\/100|[from] item: Leftovers\n|-heal|p2a: Xerneas|93\/100|[from] Ingrain\n|upkeep\n|turn|57\n|\n|t:|1700912966\n|move|p2a: Xerneas|Geomancy|p2a: Xerneas|[from]lockedmove\n|-boost|p2a: Xerneas|spa|2\n|-boost|p2a: Xerneas|spd|0\n|-boost|p2a: Xerneas|spe|0\n|move|p1a: Blissey|Seismic Toss|p2a: Xerneas\n|-damage|p2a: Xerneas|71\/100\n|\n|-heal|p2a: Xerneas|77\/100|[from] Ingrain\n|upkeep\n|turn|58\n|\n|t:|1700912968\n|move|p2a: Xerneas|Geomancy||[still]\n|-prepare|p2a: Xerneas|Geomancy\n|move|p1a: Blissey|Seismic Toss|p2a: Xerneas\n|-damage|p2a: Xerneas|55\/100\n|\n|-heal|p2a: Xerneas|62\/100|[from] Ingrain\n|upkeep\n|turn|59\n|\n|t:|1700912971\n|move|p2a: Xerneas|Geomancy|p2a: Xerneas|[from]lockedmove\n|-boost|p2a: Xerneas|spa|2\n|-boost|p2a: Xerneas|spd|0\n|-boost|p2a: Xerneas|spe|0\n|move|p1a: Blissey|Seismic Toss|p2a: Xerneas\n|-damage|p2a: Xerneas|40\/100\n|\n|-heal|p2a: Xerneas|46\/100|[from] Ingrain\n|upkeep\n|turn|60\n|\n|t:|1700912977\n|move|p2a: Xerneas|Moonblast|p1a: Blissey\n|-damage|p1a: Blissey|33\/100\n|-unboost|p1a: Blissey|spa|1\n|move|p1a: Blissey|Seismic Toss|p2a: Xerneas\n|-damage|p2a: Xerneas|24\/100\n|\n|-heal|p1a: Blissey|39\/100|[from] item: Leftovers\n|-heal|p2a: Xerneas|30\/100|[from] Ingrain\n|upkeep\n|turn|61\n|\n|t:|1700912988\n|move|p2a: Xerneas|Moonblast|p1a: Blissey\n|-damage|p1a: Blissey|0 fnt\n|faint|p1a: Blissey\n|\n|-heal|p2a: Xerneas|36\/100|[from] Ingrain\n|upkeep\n|\n|t:|1700912991\n|switch|p1a: Ho-Oh|Ho-Oh|93\/100\n|turn|62\n|\n|t:|1700912994\n|move|p2a: Xerneas|Moonblast|p1a: Ho-Oh\n|-resisted|p1a: Ho-Oh\n|-damage|p1a: Ho-Oh|29\/100\n|move|p1a: Ho-Oh|Mystical Fire|p2a: Xerneas\n|-damage|p2a: Xerneas|31\/100\n|-unboost|p2a: Xerneas|spa|1\n|\n|-heal|p2a: Xerneas|37\/100|[from] Ingrain\n|upkeep\n|turn|63\n|\n|t:|1700913002\n|move|p2a: Xerneas|Moonblast|p1a: Ho-Oh\n|-resisted|p1a: Ho-Oh\n|-damage|p1a: Ho-Oh|0 fnt\n|faint|p1a: Ho-Oh\n|\n|-heal|p2a: Xerneas|44\/100|[from] Ingrain\n|upkeep\n|\n|t:|1700913006\n|switch|p1a: Lugia|Lugia|100\/100\n|turn|64\n|\n|t:|1700913012\n|move|p2a: Xerneas|Moonblast|p1a: Lugia\n|-damage|p1a: Lugia|34\/100\n|move|p1a: Lugia|Aeroblast|p2a: Xerneas\n|-damage|p2a: Xerneas|36\/100\n|\n|-heal|p2a: Xerneas|42\/100|[from] Ingrain\n|upkeep\n|turn|65\n|-message|Diaboou forfeited.\n|\n|win|Muralik29\n|raw|Diaboou's rating: 1326 &rarr; <strong>1316<\/strong><br \/>(-10 for losing)\n|raw|Muralik29's rating: 1519 &rarr; <strong>1529<\/strong><br \/>(+10 for winning)\n|l|\u203dDiaboou\n","uploadtime":1700913040,"views":1,"p1id":"diaboou","p2id":"muralik29","formatid":"gen9nationaldexubers","rating":1316,"private":0,"password":""}