{"id":"gen9nationaldexubers-1993455798","p1":"NoahTheGreat6.4","p2":"Weirdmenace","format":"[Gen 9] National Dex Ubers","log":"|j|\u2606NoahTheGreat6.4\n|j|\u2606Weirdmenace\n|t:|1700320086\n|gametype|singles\n|player|p1|NoahTheGreat6.4|giovanni|1354\n|player|p2|Weirdmenace|caitlin|1409\n|teamsize|p1|6\n|teamsize|p2|6\n|gen|9\n|tier|[Gen 9] National Dex Ubers\n|rated|\n|rule|HP Percentage Mod: HP is shown in percentages\n|rule|Endless Battle Clause: Forcing endless battles is banned\n|rule|OHKO Clause: OHKO moves are banned\n|rule|Evasion Moves Clause: Evasion moves are banned\n|rule|Evasion Items Clause: Evasion items are banned\n|rule|Species Clause: Limit one of each Pok\u00e9mon\n|rule|Sleep Clause Mod: Limit one foe put to sleep\n|rule|Mega Rayquaza Clause: You cannot mega evolve Rayquaza\n|clearpoke\n|poke|p1|Kangaskhan, F|\n|poke|p1|Smeargle, M|\n|poke|p1|Arceus|\n|poke|p1|Zoroark-Hisui, F|\n|poke|p1|Ditto|\n|poke|p1|Cyclizar, F|\n|poke|p2|Ho-Oh|\n|poke|p2|Zygarde|\n|poke|p2|Marshadow|\n|poke|p2|Groudon|\n|poke|p2|Arceus-Dark|\n|poke|p2|Kyogre|\n|teampreview\n|\n|t:|1700320100\n|start\n|switch|p1a: Smeargle|Smeargle, M|100\/100\n|switch|p2a: BKC|Arceus-Dark|100\/100\n|turn|1\n|inactive|Battle timer is ON: inactive players will automatically lose when time's up. (requested by Weirdmenace)\n|\n|t:|1700320107\n|move|p2a: BKC|Taunt|p1a: Smeargle\n|-start|p1a: Smeargle|move: Taunt\n|cant|p1a: Smeargle|move: Taunt|Spore\n|\n|upkeep\n|turn|2\n|\n|t:|1700320112\n|move|p2a: BKC|Foul Play|p1a: Smeargle\n|-damage|p1a: Smeargle|68\/100\n|move|p1a: Smeargle|Endeavor|p2a: BKC\n|-damage|p2a: BKC|48\/100\n|\n|upkeep\n|turn|3\n|\n|t:|1700320120\n|move|p1a: Smeargle|Quick Attack|p2a: BKC\n|-damage|p2a: BKC|45\/100\n|move|p2a: BKC|Foul Play|p1a: Smeargle\n|-damage|p1a: Smeargle|39\/100\n|\n|-end|p1a: Smeargle|move: Taunt\n|upkeep\n|turn|4\n|\n|t:|1700320126\n|move|p2a: BKC|Taunt|p1a: Smeargle\n|-start|p1a: Smeargle|move: Taunt\n|cant|p1a: Smeargle|move: Taunt|Sticky Web\n|\n|upkeep\n|turn|5\n|\n|t:|1700320131\n|switch|p1a: Ditto|Ditto|100\/100\n|-transform|p1a: Ditto|p2a: BKC|[from] ability: Imposter\n|move|p2a: BKC|Foul Play|p1a: Ditto\n|-resisted|p1a: Ditto\n|-damage|p1a: Ditto|82\/100\n|\n|upkeep\n|turn|6\n|\n|t:|1700320140\n|switch|p2a: goldfish crackers|Kyogre|100\/100\n|detailschange|p2a: goldfish crackers|Kyogre-Primal\n|-primal|p2a: goldfish crackers|Blue Orb\n|-weather|PrimordialSea|[from] ability: Primordial Sea|[of] p2a: goldfish crackers\n|move|p1a: Ditto|Taunt|p2a: goldfish crackers\n|-start|p2a: goldfish crackers|move: Taunt\n|\n|-weather|PrimordialSea|[upkeep]\n|upkeep\n|turn|7\n|\n|t:|1700320151\n|switch|p1a: Cyclizar|Cyclizar, F|100\/100\n|move|p2a: goldfish crackers|Origin Pulse|p1a: Cyclizar\n|-resisted|p1a: Cyclizar\n|-damage|p1a: Cyclizar|9\/100\n|\n|-weather|PrimordialSea|[upkeep]\n|upkeep\n|turn|8\n|\n|t:|1700320156\n|move|p1a: Cyclizar|Outrage|p2a: goldfish crackers\n|-damage|p2a: goldfish crackers|60\/100\n|move|p2a: goldfish crackers|Origin Pulse|p1a: Cyclizar|[miss]\n|-miss|p2a: goldfish crackers|p1a: Cyclizar\n|\n|-weather|PrimordialSea|[upkeep]\n|-end|p2a: goldfish crackers|move: Taunt\n|upkeep\n|turn|9\n|\n|t:|1700320163\n|-weather|none\n|switch|p2a: kid named eruption|Groudon|100\/100\n|detailschange|p2a: kid named eruption|Groudon-Primal\n|-primal|p2a: kid named eruption|Red Orb\n|-weather|DesolateLand|[from] ability: Desolate Land|[of] p2a: kid named eruption\n|move|p1a: Cyclizar|Outrage|p2a: kid named eruption|[from]lockedmove\n|-damage|p2a: kid named eruption|69\/100\n|-start|p1a: Cyclizar|confusion|[fatigue]\n|\n|-weather|DesolateLand|[upkeep]\n|upkeep\n|turn|10\n|\n|t:|1700320177\n|-activate|p1a: Cyclizar|confusion\n|move|p1a: Cyclizar|Outrage|p2a: kid named eruption\n|-damage|p2a: kid named eruption|42\/100\n|move|p2a: kid named eruption|Precipice Blades|p1a: Cyclizar\n|-damage|p1a: Cyclizar|0 fnt\n|faint|p1a: Cyclizar\n|\n|-weather|DesolateLand|[upkeep]\n|upkeep\n|\n|t:|1700320187\n|switch|p1a: Ditto|Ditto|100\/100\n|turn|11\n|\n|t:|1700320195\n|-terastallize|p1a: Ditto|Normal\n|move|p1a: Ditto|Hyper Voice|p2a: kid named eruption\n|-damage|p2a: kid named eruption|0 fnt\n|faint|p2a: kid named eruption\n|-weather|none\n|\n|upkeep\n|\n|t:|1700320207\n|switch|p2a: goldfish crackers|Kyogre-Primal|60\/100\n|-weather|PrimordialSea|[from] ability: Primordial Sea|[of] p2a: goldfish crackers\n|turn|12\n|\n|t:|1700320225\n|move|p1a: Ditto|Hyper Voice|p2a: goldfish crackers\n|-damage|p2a: goldfish crackers|26\/100\n|move|p2a: goldfish crackers|Origin Pulse|p1a: Ditto|[miss]\n|-miss|p2a: goldfish crackers|p1a: Ditto\n|\n|-weather|PrimordialSea|[upkeep]\n|upkeep\n|turn|13\n|\n|t:|1700320229\n|-weather|none\n|switch|p2a: borzoi|Marshadow|100\/100\n|move|p1a: Ditto|Hyper Voice|p2a: borzoi\n|-immune|p2a: borzoi\n|\n|upkeep\n|turn|14\n|\n|t:|1700320234\n|move|p2a: borzoi|Stone Edge|p1a: Ditto\n|-enditem|p1a: Ditto|Focus Sash\n|-damage|p1a: Ditto|1\/100\n|replace|p1a: Zoroark|Zoroark-Hisui, F\n|-end|p1a: Zoroark|Illusion\n|move|p1a: Zoroark|Shadow Ball|p2a: borzoi\n|-supereffective|p2a: borzoi\n|-damage|p2a: borzoi|0 fnt\n|faint|p2a: borzoi\n|\n|upkeep\n|\n|t:|1700320242\n|switch|p2a: looks at you funny|Zygarde|100\/100\n|turn|15\n|\n|t:|1700320246\n|move|p2a: looks at you funny|Extreme Speed|p1a: Zoroark\n|-damage|p1a: Zoroark|0 fnt\n|faint|p1a: Zoroark\n|\n|upkeep\n|\n|t:|1700320252\n|switch|p1a: Smeargle|Smeargle, M|39\/100\n|turn|16\n|\n|t:|1700320256\n|move|p1a: Smeargle|Sticky Web|p2a: looks at you funny\n|-sidestart|p2: Weirdmenace|move: Sticky Web\n|move|p2a: looks at you funny|Thousand Arrows|p1a: Smeargle\n|-damage|p1a: Smeargle|0 fnt\n|faint|p1a: Smeargle\n|\n|upkeep\n|\n|t:|1700320264\n|switch|p1a: Arceus|Arceus|100\/100\n|turn|17\n|\n|t:|1700320269\n|move|p1a: Arceus|Swords Dance|p1a: Arceus\n|-boost|p1a: Arceus|atk|2\n|move|p2a: looks at you funny|Coil|p2a: looks at you funny\n|-boost|p2a: looks at you funny|atk|1\n|-boost|p2a: looks at you funny|def|1\n|-boost|p2a: looks at you funny|accuracy|1\n|\n|upkeep\n|turn|18\n|\n|t:|1700320273\n|move|p1a: Arceus|Swords Dance|p1a: Arceus\n|-boost|p1a: Arceus|atk|2\n|move|p2a: looks at you funny|Coil|p2a: looks at you funny\n|-boost|p2a: looks at you funny|atk|1\n|-boost|p2a: looks at you funny|def|1\n|-boost|p2a: looks at you funny|accuracy|1\n|\n|upkeep\n|turn|19\n|\n|t:|1700320275\n|move|p1a: Arceus|Earthquake|p2a: looks at you funny\n|-damage|p2a: looks at you funny|71\/100\n|move|p2a: looks at you funny|Coil|p2a: looks at you funny\n|-boost|p2a: looks at you funny|atk|1\n|-boost|p2a: looks at you funny|def|1\n|-boost|p2a: looks at you funny|accuracy|1\n|\n|upkeep\n|turn|20\n|\n|t:|1700320278\n|move|p1a: Arceus|Extreme Speed|p2a: looks at you funny\n|-damage|p2a: looks at you funny|44\/100\n|move|p2a: looks at you funny|Coil|p2a: looks at you funny\n|-boost|p2a: looks at you funny|atk|1\n|-boost|p2a: looks at you funny|def|1\n|-boost|p2a: looks at you funny|accuracy|1\n|\n|-activate|p2a: looks at you funny|ability: Power Construct\n|detailschange|p2a: looks at you funny|Zygarde-Complete\n|-heal|p2a: looks at you funny|63\/100|[silent]\n|upkeep\n|turn|21\n|\n|t:|1700320285\n|move|p1a: Arceus|Swords Dance|p1a: Arceus\n|-boost|p1a: Arceus|atk|2\n|move|p2a: looks at you funny|Thousand Arrows|p1a: Arceus\n|-damage|p1a: Arceus|20\/100\n|\n|-heal|p1a: Arceus|26\/100|[from] item: Leftovers\n|upkeep\n|turn|22\n|\n|t:|1700320290\n|-terastallize|p2a: looks at you funny|Normal\n|move|p1a: Arceus|Extreme Speed|p2a: looks at you funny\n|-damage|p2a: looks at you funny|42\/100\n|move|p2a: looks at you funny|Extreme Speed|p1a: Arceus\n|-damage|p1a: Arceus|0 fnt\n|faint|p1a: Arceus\n|\n|upkeep\n|\n|t:|1700320295\n|switch|p1a: Ditto|Ditto|82\/100\n|-transform|p1a: Ditto|p2a: looks at you funny|[from] ability: Imposter\n|-start|p1a: Ditto|typechange|Dragon\/Ground|[silent]\n|turn|23\n|\n|t:|1700320306\n|move|p1a: Ditto|Thousand Arrows|p2a: looks at you funny\n|-damage|p2a: looks at you funny|31\/100\n|move|p2a: looks at you funny|Rest|p2a: looks at you funny\n|-status|p2a: looks at you funny|slp|[from] move: Rest\n|-heal|p2a: looks at you funny|100\/100 slp|[silent]\n|-enditem|p2a: looks at you funny|Chesto Berry|[eat]\n|-curestatus|p2a: looks at you funny|slp|[msg]\n|\n|upkeep\n|turn|24\n|\n|t:|1700320313\n|move|p1a: Ditto|Thousand Arrows|p2a: looks at you funny\n|-damage|p2a: looks at you funny|87\/100\n|move|p2a: looks at you funny|Thousand Arrows|p1a: Ditto\n|-damage|p1a: Ditto|55\/100\n|\n|upkeep\n|turn|25\n|\n|t:|1700320323\n|switch|p1a: Kangaskhan|Kangaskhan, F|100\/100\n|move|p2a: looks at you funny|Thousand Arrows|p1a: Kangaskhan\n|-damage|p1a: Kangaskhan|0 fnt\n|faint|p1a: Kangaskhan\n|\n|upkeep\n|-message|NoahTheGreat6.4 forfeited.\n|\n|win|Weirdmenace\n|raw|NoahTheGreat6.4's rating: 1354 &rarr; <strong>1337<\/strong><br \/>(-17 for losing)\n|raw|Weirdmenace's rating: 1409 &rarr; <strong>1426<\/strong><br \/>(+17 for winning)\n|l|\u2606Weirdmenace\n","uploadtime":1700320342,"views":6,"p1id":"noahthegreat64","p2id":"weirdmenace","formatid":"gen9nationaldexubers","rating":1337,"private":0,"password":""}