{"id":"gen9nationaldexubers-1996349176","p1":"cheese miestro","p2":"galaxystudios370","format":"[Gen 9] National Dex Ubers","log":"|j|\u2606cheese miestro\n|j|\u2606galaxystudios370\n|t:|1700673581\n|gametype|singles\n|player|p1|cheese miestro|cynthia|\n|player|p2|galaxystudios370|hilbert|\n|teamsize|p1|6\n|teamsize|p2|6\n|gen|9\n|tier|[Gen 9] National Dex Ubers\n|rated|Tournament battle\n|rule|HP Percentage Mod: HP is shown in percentages\n|rule|Endless Battle Clause: Forcing endless battles is banned\n|rule|OHKO Clause: OHKO moves are banned\n|rule|Evasion Moves Clause: Evasion moves are banned\n|rule|Evasion Items Clause: Evasion items are banned\n|rule|Species Clause: Limit one of each Pok\u00e9mon\n|rule|Sleep Clause Mod: Limit one foe put to sleep\n|rule|Mega Rayquaza Clause: You cannot mega evolve Rayquaza\n|clearpoke\n|poke|p1|Groudon|\n|poke|p1|Chien-Pao|\n|poke|p1|Ho-Oh|\n|poke|p1|Necrozma-Dusk-Mane|\n|poke|p1|Zygarde|\n|poke|p1|Banette, M|\n|poke|p2|Hatterene, F|\n|poke|p2|Calyrex-Ice|\n|poke|p2|Necrozma-Dusk-Mane|\n|poke|p2|Lunala|\n|poke|p2|Mewtwo|\n|poke|p2|Tapu Lele|\n|teampreview\n|c|\u2606galaxystudios370|alright\n|c|\u2606galaxystudios370|let's dance\n|c|\u2606cheese miestro|yes let's\n|c|\u2606cheese miestro|glhf\n|inactive|Battle timer is ON: inactive players will automatically lose when time's up. (requested by galaxystudios370)\n|\n|t:|1700673621\n|start\n|switch|p1a: Banette|Banette, M|100\/100\n|switch|p2a: Mistral|Hatterene, F|100\/100\n|turn|1\n|\n|t:|1700673629\n|detailschange|p1a: Banette|Banette-Mega, M\n|-mega|p1a: Banette|Banette|Banettite\n|move|p1a: Banette|Poltergeist|p2a: Mistral\n|-activate|p2a: Mistral|move: Poltergeist|Focus Sash\n|-supereffective|p2a: Mistral\n|-enditem|p2a: Mistral|Focus Sash\n|-damage|p2a: Mistral|1\/100\n|move|p2a: Mistral|Trick Room|p2a: Mistral\n|-fieldstart|move: Trick Room|[of] p2a: Mistral\n|\n|upkeep\n|turn|2\n|\n|t:|1700673636\n|switch|p2a: Monsoon|Tapu Lele|100\/100\n|-fieldstart|move: Psychic Terrain|[from] ability: Psychic Surge|[of] p2a: Monsoon\n|move|p1a: Banette|Shadow Sneak|p2a: Monsoon\n|-activate|p2a: Monsoon|move: Psychic Terrain\n|\n|upkeep\n|turn|3\n|\n|t:|1700673642\n|move|p1a: Banette|Taunt|p2a: Monsoon\n|-activate|p2a: Monsoon|move: Psychic Terrain\n|move|p2a: Monsoon|Psyshock|p1a: Banette\n|-damage|p1a: Banette|25\/100\n|\n|upkeep\n|turn|4\n|c|\u2606cheese miestro|wrong button\n|c|\u2606galaxystudios370|i'm fine with letting this die\n|inactive|cheese miestro has 120 seconds left.\n|\n|t:|1700673695\n|move|p1a: Banette|Destiny Bond|p1a: Banette\n|-singlemove|p1a: Banette|Destiny Bond\n|move|p2a: Monsoon|Psyshock|p1a: Banette\n|-damage|p1a: Banette|0 fnt\n|faint|p1a: Banette\n|-activate|p1a: Banette|move: Destiny Bond\n|faint|p2a: Monsoon\n|\n|upkeep\n|c|\u2606galaxystudios370|i'm faster than you lol\n|inactive|cheese miestro has 90 seconds left.\n|\n|t:|1700673733\n|switch|p1a: Groudon|Groudon|100\/100\n|switch|p2a: Jetstream Sam|Calyrex-Ice|100\/100\n|-ability|p2a: Jetstream Sam|As One\n|-ability|p2a: Jetstream Sam|Unnerve\n|detailschange|p1a: Groudon|Groudon-Primal\n|-primal|p1a: Groudon|Red Orb\n|-weather|DesolateLand|[from] ability: Desolate Land|[of] p1a: Groudon\n|turn|5\n|inactive|cheese miestro has 90 seconds left.\n|\n|t:|1700673760\n|-zpower|p2a: Jetstream Sam\n|move|p2a: Jetstream Sam|Tectonic Rage|p1a: Groudon|[zeffect]\n|-supereffective|p1a: Groudon\n|-damage|p1a: Groudon|10\/100\n|move|p1a: Groudon|Stone Edge|p2a: Jetstream Sam\n|-supereffective|p2a: Jetstream Sam\n|-damage|p2a: Jetstream Sam|38\/100\n|\n|-weather|DesolateLand|[upkeep]\n|-fieldend|move: Trick Room\n|upkeep\n|turn|6\n|\n|t:|1700673769\n|switch|p2a: Armstrong|Mewtwo|100\/100\n|-ability|p2a: Armstrong|Pressure\n|move|p1a: Groudon|Stone Edge|p2a: Armstrong\n|-damage|p2a: Armstrong|46\/100\n|\n|-weather|DesolateLand|[upkeep]\n|-fieldend|move: Psychic Terrain\n|upkeep\n|turn|7\n|inactive|cheese miestro has 60 seconds left.\n|\n|t:|1700673810\n|-weather|none\n|switch|p1a: Chien-Pao|Chien-Pao|100\/100\n|-ability|p1a: Chien-Pao|Sword of Ruin\n|move|p2a: Armstrong|Fire Blast|p1a: Chien-Pao\n|-supereffective|p1a: Chien-Pao\n|-damage|p1a: Chien-Pao|0 fnt\n|faint|p1a: Chien-Pao\n|\n|upkeep\n|\n|t:|1700673827\n|switch|p1a: Necrozma|Necrozma-Dusk-Mane|100\/100\n|turn|8\n|\n|t:|1700673836\n|detailschange|p2a: Armstrong|Mewtwo-Mega-Y\n|-mega|p2a: Armstrong|Mewtwo|Mewtwonite Y\n|detailschange|p1a: Necrozma|Necrozma-Ultra\n|-burst|p1a: Necrozma|Necrozma|Ultranecrozium Z\n|move|p2a: Armstrong|Fire Blast|p1a: Necrozma\n|-resisted|p1a: Necrozma\n|-damage|p1a: Necrozma|73\/100\n|move|p1a: Necrozma|Earthquake|p2a: Armstrong\n|-damage|p2a: Armstrong|0 fnt\n|faint|p2a: Armstrong\n|\n|upkeep\n|\n|t:|1700673839\n|switch|p2a: Blade Wolf|Necrozma-Dusk-Mane|100\/100\n|turn|9\n|c|\u2606galaxystudios370|hear me howl\n|c|\u2606galaxystudios370|time to leave them all behind\n|inactive|cheese miestro has 30 seconds left.\n|\n|t:|1700673867\n|move|p1a: Necrozma|Earthquake|p2a: Blade Wolf\n|-supereffective|p2a: Blade Wolf\n|-damage|p2a: Blade Wolf|45\/100\n|-enditem|p2a: Blade Wolf|Weakness Policy\n|-boost|p2a: Blade Wolf|atk|2|[from] item: Weakness Policy\n|-boost|p2a: Blade Wolf|spa|2|[from] item: Weakness Policy\n|move|p2a: Blade Wolf|Trick Room|p2a: Blade Wolf\n|-fieldstart|move: Trick Room|[of] p2a: Blade Wolf\n|\n|upkeep\n|turn|10\n|c|\u2606galaxystudios370|i'm my own master now\n|inactive|cheese miestro has 30 seconds left.\n|\n|t:|1700673887\n|switch|p1a: Groudon|Groudon-Primal|10\/100\n|-weather|DesolateLand|[from] ability: Desolate Land|[of] p1a: Groudon\n|move|p2a: Blade Wolf|Sunsteel Strike|p1a: Groudon\n|-resisted|p1a: Groudon\n|-damage|p1a: Groudon|0 fnt\n|faint|p1a: Groudon\n|-weather|none\n|\n|upkeep\n|inactive|cheese miestro has 30 seconds left this turn.\n|\n|t:|1700673894\n|switch|p1a: Zygarde|Zygarde|100\/100\n|turn|11\n|inactive|cheese miestro has 30 seconds left.\n|\n|t:|1700673908\n|move|p2a: Blade Wolf|Sunsteel Strike|p1a: Zygarde\n|-damage|p1a: Zygarde|16\/100\n|move|p1a: Zygarde|Thousand Arrows|p2a: Blade Wolf\n|-supereffective|p2a: Blade Wolf\n|-damage|p2a: Blade Wolf|14\/100\n|\n|-heal|p1a: Zygarde|22\/100|[from] item: Leftovers\n|-activate|p1a: Zygarde|ability: Power Construct\n|detailschange|p1a: Zygarde|Zygarde-Complete\n|-heal|p1a: Zygarde|49\/100|[silent]\n|upkeep\n|turn|12\n|inactive|cheese miestro has 30 seconds left.\n|inactive|cheese miestro has 20 seconds left.\n|\n|t:|1700673926\n|move|p2a: Blade Wolf|Sunsteel Strike|p1a: Zygarde\n|-damage|p1a: Zygarde|0 fnt\n|faint|p1a: Zygarde\n|\n|upkeep\n|inactive|cheese miestro has 25 seconds left this turn.\n|\n|t:|1700673931\n|switch|p1a: Ho-Oh|Ho-Oh|100\/100\n|turn|13\n|\n|t:|1700673934\n|move|p2a: Blade Wolf|Stone Edge|p1a: Ho-Oh\n|-supereffective|p1a: Ho-Oh\n|-crit|p1a: Ho-Oh\n|-damage|p1a: Ho-Oh|0 fnt\n|faint|p1a: Ho-Oh\n|\n|-fieldend|move: Trick Room\n|upkeep\n|\n|t:|1700673937\n|switch|p1a: Necrozma|Necrozma-Ultra|73\/100\n|turn|14\n|\n|t:|1700673943\n|move|p1a: Necrozma|Sunsteel Strike|p2a: Blade Wolf\n|-resisted|p2a: Blade Wolf\n|-damage|p2a: Blade Wolf|0 fnt\n|faint|p2a: Blade Wolf\n|\n|upkeep\n|\n|t:|1700673946\n|switch|p2a: Sundowner|Lunala|100\/100\n|turn|15\n|\n|t:|1700673954\n|move|p1a: Necrozma|Sunsteel Strike|p2a: Sundowner\n|-damage|p2a: Sundowner|84\/100\n|move|p2a: Sundowner|Trick Room|p2a: Sundowner\n|-fieldstart|move: Trick Room|[of] p2a: Sundowner\n|\n|upkeep\n|turn|16\n|inactive|cheese miestro has 60 seconds left.\n|c|\u2606galaxystudios370|gg\n|\n|t:|1700673968\n|move|p2a: Sundowner|Moongeist Beam|p1a: Necrozma\n|-supereffective|p1a: Necrozma\n|-damage|p1a: Necrozma|0 fnt\n|faint|p1a: Necrozma\n|\n|win|galaxystudios370\n|n|\u2606cheese miestro|cheesemiestro\n|n|\u2606galaxystudios370|galaxystudios370\n","uploadtime":1700673969,"views":2,"p1id":"cheesemiestro","p2id":"galaxystudios370","formatid":"gen9nationaldexubers","rating":0,"private":0,"password":""}