{"id":"gen9nationaldexubers-1992908438","p1":"Elite Four Spiffy","p2":"yzeetgnuy","format":"[Gen 9] National Dex Ubers","log":"|j|\u2606Elite Four Spiffy\n|j|\u2606yzeetgnuy\n|t:|1700245868\n|gametype|singles\n|player|p1|Elite Four Spiffy|ethan-masters|1109\n|player|p2|yzeetgnuy|burglar|1023\n|teamsize|p1|6\n|teamsize|p2|6\n|gen|9\n|tier|[Gen 9] National Dex Ubers\n|rated|\n|rule|HP Percentage Mod: HP is shown in percentages\n|rule|Endless Battle Clause: Forcing endless battles is banned\n|rule|OHKO Clause: OHKO moves are banned\n|rule|Evasion Moves Clause: Evasion moves are banned\n|rule|Evasion Items Clause: Evasion items are banned\n|rule|Species Clause: Limit one of each Pok\u00e9mon\n|rule|Sleep Clause Mod: Limit one foe put to sleep\n|rule|Mega Rayquaza Clause: You cannot mega evolve Rayquaza\n|clearpoke\n|poke|p1|Kommo-o, F|\n|poke|p1|Goodra-Hisui, F|\n|poke|p1|Hydreigon, F|\n|poke|p1|Baxcalibur, M|\n|poke|p1|Dragapult, M|\n|poke|p1|Salamence, M|\n|poke|p2|Cherrim, F|\n|poke|p2|Steelix, F|\n|poke|p2|Sudowoodo, M|\n|poke|p2|Excadrill, F|\n|poke|p2|Celebi|\n|poke|p2|Hatterene, F|\n|teampreview\n|inactive|Battle timer is ON: inactive players will automatically lose when time's up. (requested by Elite Four Spiffy)\n|\n|t:|1700245872\n|start\n|switch|p1a: Bessie|Goodra-Hisui, F|100\/100\n|switch|p2a: Steelix|Steelix, F|100\/100\n|turn|1\n|\n|t:|1700245879\n|switch|p1a: Hydra|Hydreigon, F|100\/100\n|move|p2a: Steelix|Stealth Rock|p1a: Hydra\n|-sidestart|p1: Elite Four Spiffy|move: Stealth Rock\n|\n|upkeep\n|turn|2\n|\n|t:|1700245884\n|move|p1a: Hydra|Dark Pulse|p2a: Steelix\n|-damage|p2a: Steelix|62\/100\n|move|p2a: Steelix|Sunny Day|p2a: Steelix\n|-weather|SunnyDay\n|\n|-weather|SunnyDay|[upkeep]\n|upkeep\n|turn|3\n|\n|t:|1700245890\n|switch|p2a: Cherrim|Cherrim, F|100\/100\n|-formechange|p2a: Cherrim|Cherrim-Sunshine|[msg]|[from] ability: Flower Gift\n|move|p1a: Hydra|Defog|p2a: Cherrim\n|-unboost|p2a: Cherrim|evasion|1\n|-sideend|p1: Elite Four Spiffy|Stealth Rock|[from] move: Defog|[of] p1a: Hydra\n|\n|-weather|SunnyDay|[upkeep]\n|upkeep\n|turn|4\n|\n|t:|1700245901\n|move|p1a: Hydra|Dragon Pulse|p2a: Cherrim\n|-damage|p2a: Cherrim|56\/100\n|move|p2a: Cherrim|Dazzling Gleam|p1a: Hydra\n|-supereffective|p1a: Hydra\n|-damage|p1a: Hydra|11\/100\n|\n|-weather|SunnyDay|[upkeep]\n|-heal|p1a: Hydra|17\/100|[from] item: Leftovers\n|-heal|p2a: Cherrim|62\/100|[from] item: Leftovers\n|upkeep\n|turn|5\n|\n|t:|1700245910\n|move|p1a: Hydra|Dark Pulse|p2a: Cherrim\n|-damage|p2a: Cherrim|24\/100\n|move|p2a: Cherrim|Dazzling Gleam|p1a: Hydra\n|-supereffective|p1a: Hydra\n|-damage|p1a: Hydra|0 fnt\n|faint|p1a: Hydra\n|\n|-weather|SunnyDay|[upkeep]\n|-heal|p2a: Cherrim|30\/100|[from] item: Leftovers\n|upkeep\n|\n|t:|1700245930\n|switch|p1a: B-2|Dragapult, M|100\/100\n|turn|6\n|\n|t:|1700245934\n|move|p1a: B-2|Dragon Darts|p2a: Cherrim\n|-damage|p2a: Cherrim|0 fnt\n|faint|p2a: Cherrim\n|\n|-weather|none\n|upkeep\n|\n|t:|1700245945\n|switch|p2a: Excadrill|Excadrill, F|100\/100\n|-ability|p2a: Excadrill|Mold Breaker\n|turn|7\n|\n|t:|1700245951\n|move|p1a: B-2|Dragon Dance|p1a: B-2\n|-boost|p1a: B-2|atk|1\n|-boost|p1a: B-2|spe|1\n|move|p2a: Excadrill|Shadow Claw|p1a: B-2\n|-supereffective|p1a: B-2\n|-damage|p1a: B-2|33\/100\n|\n|upkeep\n|turn|8\n|\n|t:|1700245958\n|move|p1a: B-2|Phantom Force||[still]\n|-prepare|p1a: B-2|Phantom Force\n|move|p2a: Excadrill|Shadow Claw|p1a: B-2|[miss]\n|-miss|p2a: Excadrill|p1a: B-2\n|\n|upkeep\n|turn|9\n|\n|t:|1700245967\n|move|p1a: B-2|Phantom Force|p2a: Excadrill|[from]lockedmove\n|-enditem|p2a: Excadrill|Focus Sash\n|-damage|p2a: Excadrill|1\/100\n|move|p2a: Excadrill|Shadow Claw|p1a: B-2\n|-supereffective|p1a: B-2\n|-crit|p1a: B-2\n|-damage|p1a: B-2|0 fnt\n|faint|p1a: B-2\n|\n|upkeep\n|\n|t:|1700245984\n|switch|p1a: Druk|Salamence, M|100\/100\n|-ability|p1a: Druk|Intimidate|boost\n|-unboost|p2a: Excadrill|atk|1\n|turn|10\n|\n|t:|1700245992\n|move|p2a: Excadrill|Poison Jab|p1a: Druk\n|-damage|p1a: Druk|75\/100\n|-status|p1a: Druk|psn\n|move|p1a: Druk|Dragon Claw|p2a: Excadrill\n|-resisted|p2a: Excadrill\n|-damage|p2a: Excadrill|0 fnt\n|faint|p2a: Excadrill\n|\n|-damage|p1a: Druk|62\/100 psn|[from] psn\n|upkeep\n|\n|t:|1700246007\n|switch|p2a: Steelix|Steelix, F|62\/100\n|turn|11\n|\n|t:|1700246012\n|switch|p1a: Nachos|Kommo-o, F|100\/100\n|move|p2a: Steelix|Stealth Rock|p1a: Nachos\n|-sidestart|p1: Elite Four Spiffy|move: Stealth Rock\n|\n|upkeep\n|turn|12\n|\n|t:|1700246022\n|switch|p2a: Hatterene|Hatterene, F, shiny|100\/100\n|move|p1a: Nachos|Rock Polish|p1a: Nachos\n|-boost|p1a: Nachos|spe|2\n|\n|upkeep\n|turn|13\n|\n|t:|1700246028\n|move|p1a: Nachos|Flash Cannon|p2a: Hatterene\n|-supereffective|p2a: Hatterene\n|-damage|p2a: Hatterene|50\/100\n|move|p2a: Hatterene|Dazzling Gleam|p1a: Nachos\n|-supereffective|p1a: Nachos\n|-damage|p1a: Nachos|0 fnt\n|faint|p1a: Nachos\n|\n|-heal|p2a: Hatterene|56\/100|[from] item: Leftovers\n|upkeep\n|\n|t:|1700246037\n|switch|p1a: Bessie|Goodra-Hisui, F|100\/100\n|-damage|p1a: Bessie|94\/100|[from] Stealth Rock\n|turn|14\n|\n|t:|1700246041\n|switch|p2a: Steelix|Steelix, F|62\/100\n|move|p1a: Bessie|Shelter|p1a: Bessie\n|-boost|p1a: Bessie|def|2\n|\n|-heal|p1a: Bessie|100\/100|[from] item: Leftovers\n|upkeep\n|turn|15\n|\n|t:|1700246050\n|move|p1a: Bessie|Dragon Pulse|p2a: Steelix\n|-resisted|p2a: Steelix\n|-damage|p2a: Steelix|42\/100\n|move|p2a: Steelix|Iron Defense|p2a: Steelix\n|-boost|p2a: Steelix|def|2\n|\n|upkeep\n|turn|16\n|\n|t:|1700246056\n|move|p1a: Bessie|Ice Beam|p2a: Steelix\n|-damage|p2a: Steelix|17\/100\n|move|p2a: Steelix|Body Slam|p1a: Bessie\n|-resisted|p1a: Bessie\n|-damage|p1a: Bessie|95\/100\n|-ability|p1a: Bessie|Gooey\n|-unboost|p2a: Steelix|spe|1\n|\n|-heal|p1a: Bessie|100\/100|[from] item: Leftovers\n|upkeep\n|turn|17\n|\n|t:|1700246077\n|move|p1a: Bessie|Ice Beam|p2a: Steelix\n|-damage|p2a: Steelix|0 fnt\n|faint|p2a: Steelix\n|\n|upkeep\n|\n|t:|1700246083\n|switch|p2a: Sudowoodo|Sudowoodo, M|100\/100\n|turn|18\n|\n|t:|1700246088\n|-terastallize|p1a: Bessie|Steel\n|move|p1a: Bessie|Flash Cannon|p2a: Sudowoodo\n|-supereffective|p2a: Sudowoodo\n|-damage|p2a: Sudowoodo|0 fnt\n|faint|p2a: Sudowoodo\n|\n|upkeep\n|\n|t:|1700246095\n|switch|p2a: Hatterene|Hatterene, F, shiny|56\/100\n|turn|19\n|\n|t:|1700246098\n|-terastallize|p2a: Hatterene|Fire\n|move|p1a: Bessie|Flash Cannon|p2a: Hatterene\n|-resisted|p2a: Hatterene\n|-damage|p2a: Hatterene|27\/100\n|move|p2a: Hatterene|Mystical Fire|p1a: Bessie\n|-supereffective|p1a: Bessie\n|-damage|p1a: Bessie|41\/100\n|-unboost|p1a: Bessie|spa|1\n|\n|-heal|p1a: Bessie|47\/100|[from] item: Leftovers\n|-heal|p2a: Hatterene|33\/100|[from] item: Leftovers\n|upkeep\n|turn|20\n|\n|t:|1700246110\n|move|p1a: Bessie|Dragon Pulse|p2a: Hatterene\n|-crit|p2a: Hatterene\n|-damage|p2a: Hatterene|0 fnt\n|faint|p2a: Hatterene\n|\n|-heal|p1a: Bessie|53\/100|[from] item: Leftovers\n|upkeep\n|c|\u2606yzeetgnuy|wow\n|\n|t:|1700246117\n|switch|p2a: Celebi|Celebi, shiny|100\/100\n|turn|21\n|\n|t:|1700246122\n|move|p2a: Celebi|Leech Seed|p1a: Bessie\n|-start|p1a: Bessie|move: Leech Seed\n|move|p1a: Bessie|Ice Beam|p2a: Celebi\n|-supereffective|p2a: Celebi\n|-damage|p2a: Celebi|67\/100\n|\n|-heal|p2a: Celebi|73\/100|[from] item: Leftovers\n|-heal|p1a: Bessie|59\/100|[from] item: Leftovers\n|-damage|p1a: Bessie|46\/100|[from] Leech Seed|[of] p2a: Celebi\n|-heal|p2a: Celebi|85\/100|[silent]\n|upkeep\n|turn|22\n|\n|t:|1700246133\n|switch|p1a: Druk|Salamence, M|62\/100 psn\n|-damage|p1a: Druk|37\/100 psn|[from] Stealth Rock\n|-ability|p1a: Druk|Intimidate|boost\n|-unboost|p2a: Celebi|atk|1\n|move|p2a: Celebi|Psychic|p1a: Druk\n|-damage|p1a: Druk|0 fnt\n|faint|p1a: Druk\n|\n|-heal|p2a: Celebi|91\/100|[from] item: Leftovers\n|upkeep\n|\n|t:|1700246143\n|switch|p1a: Spiny|Baxcalibur, M|100\/100\n|turn|23\n|\n|t:|1700246149\n|move|p1a: Spiny|Icicle Crash|p2a: Celebi\n|-supereffective|p2a: Celebi\n|-damage|p2a: Celebi|3\/100\n|move|p2a: Celebi|Leech Seed|p1a: Spiny\n|-start|p1a: Spiny|move: Leech Seed\n|\n|-heal|p2a: Celebi|9\/100|[from] item: Leftovers\n|-damage|p1a: Spiny|88\/100|[from] Leech Seed|[of] p2a: Celebi\n|-heal|p2a: Celebi|20\/100|[silent]\n|upkeep\n|turn|24\n|c|\u2606yzeetgnuy|gg\n|c|\u2606Elite Four Spiffy|gg\n|\n|t:|1700246161\n|move|p1a: Spiny|Glaive Rush|p2a: Celebi\n|-damage|p2a: Celebi|0 fnt\n|-singlemove|p1a: Spiny|Glaive Rush|[silent]\n|faint|p2a: Celebi\n|\n|win|Elite Four Spiffy\n|raw|Elite Four Spiffy's rating: 1109 &rarr; <strong>1128<\/strong><br \/>(+19 for winning)\n|raw|yzeetgnuy's rating: 1023 &rarr; <strong>1013<\/strong><br \/>(-10 for losing)\n","uploadtime":1700246169,"views":10,"p1id":"elitefourspiffy","p2id":"yzeetgnuy","formatid":"gen9nationaldexubers","rating":1013,"private":0,"password":""}