{"id":"gen9nationaldexubers-1997843335","p1":"TheCoosBiscuit119","p2":"Kuraking","format":"[Gen 9] National Dex Ubers","log":"|j|\u2606TheCoosBiscuit119\n|j|\u2606Kuraking\n|t:|1700858787\n|gametype|singles\n|player|p1|TheCoosBiscuit119|rancher|\n|player|p2|Kuraking|iris|\n|teamsize|p1|6\n|teamsize|p2|6\n|gen|9\n|tier|[Gen 9] National Dex Ubers\n|rule|HP Percentage Mod: HP is shown in percentages\n|rule|Endless Battle Clause: Forcing endless battles is banned\n|rule|OHKO Clause: OHKO moves are banned\n|rule|Evasion Moves Clause: Evasion moves are banned\n|rule|Evasion Items Clause: Evasion items are banned\n|rule|Species Clause: Limit one of each Pok\u00e9mon\n|rule|Sleep Clause Mod: Limit one foe put to sleep\n|rule|Mega Rayquaza Clause: You cannot mega evolve Rayquaza\n|clearpoke\n|poke|p1|Roaring Moon|\n|poke|p1|Gardevoir, M|\n|poke|p1|Dachsbun, F|\n|poke|p1|Gholdengo|\n|poke|p1|Lokix, F|\n|poke|p1|Chi-Yu|\n|poke|p2|Sandaconda, F|\n|poke|p2|Houndstone, F|\n|poke|p2|Landorus, M|\n|poke|p2|Garchomp, F|\n|poke|p2|Sandy Shocks|\n|poke|p2|Gastrodon-East, F|\n|teampreview\n|inactive|Battle timer is ON: inactive players will automatically lose when time's up. (requested by TheCoosBiscuit119)\n|c|\u2606Kuraking|new team\n|c|\u2606TheCoosBiscuit119|Seeing if RNG affects my older nat dex uber team\n|c|\u2606TheCoosBiscuit119|No, this was my very first\n|inactive|TheCoosBiscuit119 has 270 seconds left.\n|\n|t:|1700858819\n|start\n|switch|p1a: Gardevoir|Gardevoir, M|100\/100\n|switch|p2a: Landorus|Landorus, M|100\/100\n|-ability|p1a: Gardevoir|Sand Force|[from] ability: Trace|[of] p2a: Landorus\n|turn|1\n|\n|t:|1700858827\n|move|p1a: Gardevoir|Trick|p2a: Landorus\n|-activate|p1a: Gardevoir|move: Trick|[of] p2a: Landorus\n|-item|p2a: Landorus|Choice Scarf|[from] move: Trick\n|-item|p1a: Gardevoir|Choice Band|[from] move: Trick\n|move|p2a: Landorus|U-turn|p1a: Gardevoir\n|-damage|p1a: Gardevoir|65\/100\n|\n|t:|1700858843\n|switch|p2a: Sandy Shocks|Sandy Shocks|100\/100|[from] U-turn\n|-enditem|p2a: Sandy Shocks|Booster Energy\n|-activate|p2a: Sandy Shocks|ability: Protosynthesis|[fromitem]\n|-start|p2a: Sandy Shocks|protosynthesisspa\n|\n|upkeep\n|turn|2\n|c|\u2606TheCoosBiscuit119|A choiced landorous\n|c|\u2606TheCoosBiscuit119|Didnt expect that\n|\n|t:|1700858860\n|move|p2a: Sandy Shocks|Flash Cannon|p1a: Gardevoir\n|-supereffective|p1a: Gardevoir\n|-damage|p1a: Gardevoir|11\/100\n|move|p1a: Gardevoir|Psychic|p2a: Sandy Shocks\n|-damage|p2a: Sandy Shocks|57\/100\n|\n|upkeep\n|turn|3\n|\n|t:|1700858873\n|move|p2a: Sandy Shocks|Flash Cannon|p1a: Gardevoir\n|-supereffective|p1a: Gardevoir\n|-damage|p1a: Gardevoir|0 fnt\n|faint|p1a: Gardevoir\n|\n|upkeep\n|\n|t:|1700858881\n|switch|p1a: Roaring Moon|Roaring Moon|100\/100\n|-enditem|p1a: Roaring Moon|Booster Energy\n|-activate|p1a: Roaring Moon|ability: Protosynthesis|[fromitem]\n|-start|p1a: Roaring Moon|protosynthesisatk\n|turn|4\n|\n|t:|1700858889\n|move|p1a: Roaring Moon|Dragon Dance|p1a: Roaring Moon\n|-boost|p1a: Roaring Moon|atk|1\n|-boost|p1a: Roaring Moon|spe|1\n|move|p2a: Sandy Shocks|Power Gem|p1a: Roaring Moon\n|-damage|p1a: Roaring Moon|68\/100\n|\n|upkeep\n|turn|5\n|\n|t:|1700858898\n|move|p1a: Roaring Moon|Earthquake|p2a: Sandy Shocks\n|-supereffective|p2a: Sandy Shocks\n|-damage|p2a: Sandy Shocks|0 fnt\n|faint|p2a: Sandy Shocks\n|-end|p2a: Sandy Shocks|Protosynthesis|[silent]\n|\n|upkeep\n|\n|t:|1700858904\n|switch|p2a: Landorus|Landorus, M|100\/100\n|turn|6\n|\n|t:|1700858910\n|move|p1a: Roaring Moon|Dragon Claw|p2a: Landorus\n|-damage|p2a: Landorus|0 fnt\n|faint|p2a: Landorus\n|\n|upkeep\n|\n|t:|1700858914\n|switch|p2a: Gastrodon|Gastrodon-East, F|100\/100\n|turn|7\n|\n|t:|1700858918\n|move|p1a: Roaring Moon|Crunch|p2a: Gastrodon\n|-damage|p2a: Gastrodon|0 fnt\n|faint|p2a: Gastrodon\n|\n|upkeep\n|\n|t:|1700858926\n|switch|p2a: Garchomp|Garchomp, F|100\/100\n|turn|8\n|\n|t:|1700858931\n|detailschange|p2a: Garchomp|Garchomp-Mega, F\n|-mega|p2a: Garchomp|Garchomp|Garchompite\n|move|p1a: Roaring Moon|Dragon Claw|p2a: Garchomp\n|-supereffective|p2a: Garchomp\n|-damage|p2a: Garchomp|0 fnt\n|faint|p2a: Garchomp\n|\n|upkeep\n|\n|t:|1700858937\n|switch|p2a: Sandaconda|Sandaconda, F|100\/100\n|turn|9\n|\n|t:|1700858939\n|move|p1a: Roaring Moon|Crunch|p2a: Sandaconda\n|-damage|p2a: Sandaconda|28\/100\n|-weather|Sandstorm|[from] ability: Sand Spit|[of] p2a: Sandaconda\n|move|p2a: Sandaconda|Glare|p1a: Roaring Moon\n|-status|p1a: Roaring Moon|par\n|\n|-weather|Sandstorm|[upkeep]\n|-damage|p1a: Roaring Moon|62\/100 par|[from] Sandstorm\n|-heal|p2a: Sandaconda|34\/100|[from] item: Leftovers\n|upkeep\n|turn|10\n|\n|t:|1700858957\n|cant|p1a: Roaring Moon|par\n|move|p2a: Sandaconda|Stone Edge|p1a: Roaring Moon\n|-crit|p1a: Roaring Moon\n|-damage|p1a: Roaring Moon|1\/100 par\n|\n|-weather|Sandstorm|[upkeep]\n|-damage|p1a: Roaring Moon|0 fnt|[from] Sandstorm\n|faint|p1a: Roaring Moon\n|-end|p1a: Roaring Moon|Protosynthesis|[silent]\n|-heal|p2a: Sandaconda|40\/100|[from] item: Leftovers\n|upkeep\n|\n|t:|1700858969\n|switch|p1a: Lokix|Lokix, F|100\/100\n|turn|11\n|\n|t:|1700858973\n|move|p1a: Lokix|First Impression|p2a: Sandaconda\n|-damage|p2a: Sandaconda|0 fnt\n|faint|p2a: Sandaconda\n|-damage|p1a: Lokix|91\/100|[from] item: Life Orb\n|\n|-weather|Sandstorm|[upkeep]\n|-damage|p1a: Lokix|85\/100|[from] Sandstorm\n|upkeep\n|\n|t:|1700858977\n|switch|p2a: Houndstone|Houndstone, F|100\/100\n|turn|12\n|\n|t:|1700858985\n|move|p1a: Lokix|Sucker Punch|p2a: Houndstone\n|-supereffective|p2a: Houndstone\n|-damage|p2a: Houndstone|0 fnt\n|faint|p2a: Houndstone\n|-damage|p1a: Lokix|75\/100|[from] item: Life Orb\n|\n|win|TheCoosBiscuit119\n|c|\u2606TheCoosBiscuit119|GGWP\n|c|\u2606Kuraking|oh\n|l|\u2606Kuraking\n|c|\u2606TheCoosBiscuit119|That team was less RNG reliant\n","uploadtime":1700859041,"views":1,"p1id":"thecoosbiscuit119","p2id":"kuraking","formatid":"gen9nationaldexubers","rating":0,"private":0,"password":""}