{"id":"gen9nationaldexubers-1996494007","p1":"Pride_The_Folf","p2":"BuccaneerTPDPurge","format":"[Gen 9] National Dex Ubers","log":"|j|\u2606Pride_The_Folf\n|j|\u2606BuccaneerTPDPurge\n|t:|1700687447\n|gametype|singles\n|player|p1|Pride_The_Folf|101|\n|player|p2|BuccaneerTPDPurge|artist|\n|teamsize|p1|6\n|teamsize|p2|6\n|gen|9\n|tier|[Gen 9] National Dex Ubers\n|rule|HP Percentage Mod: HP is shown in percentages\n|rule|Endless Battle Clause: Forcing endless battles is banned\n|rule|OHKO Clause: OHKO moves are banned\n|rule|Evasion Moves Clause: Evasion moves are banned\n|rule|Evasion Items Clause: Evasion items are banned\n|rule|Species Clause: Limit one of each Pok\u00e9mon\n|rule|Sleep Clause Mod: Limit one foe put to sleep\n|rule|Mega Rayquaza Clause: You cannot mega evolve Rayquaza\n|clearpoke\n|poke|p1|Charizard, M|\n|poke|p1|Cinderace, M|\n|poke|p1|Ninetales, F|\n|poke|p1|Blaziken, F|\n|poke|p1|Braixen, M|\n|poke|p1|Torkoal, M|\n|poke|p2|Beedrill, F|\n|poke|p2|Sneasler, F|\n|poke|p2|Munkidori, M|\n|poke|p2|Nidoking, M|\n|poke|p2|Glimmora, F|\n|poke|p2|Drapion, M|\n|teampreview\n|\n|t:|1700687454\n|start\n|switch|p1a: Charizard|Charizard, M|100\/100\n|switch|p2a: Neko Von Purger|Nidoking, M, shiny|100\/100\n|turn|1\n|\n|t:|1700687463\n|detailschange|p1a: Charizard|Charizard-Mega-Y, M\n|-mega|p1a: Charizard|Charizard|Charizardite Y\n|-weather|SunnyDay|[from] ability: Drought|[of] p1a: Charizard\n|move|p1a: Charizard|Solar Beam||[still]\n|-prepare|p1a: Charizard|Solar Beam\n|-anim|p1a: Charizard|Solar Beam|p2a: Neko Von Purger\n|-damage|p2a: Neko Von Purger|36\/100\n|move|p2a: Neko Von Purger|Thunderbolt|p1a: Charizard\n|-supereffective|p1a: Charizard\n|-damage|p1a: Charizard|18\/100\n|\n|-weather|SunnyDay|[upkeep]\n|upkeep\n|turn|2\n|\n|t:|1700687477\n|switch|p2a: BeePurging|Beedrill, F|100\/100\n|move|p1a: Charizard|Solar Beam||[still]\n|-prepare|p1a: Charizard|Solar Beam\n|-anim|p1a: Charizard|Solar Beam|p2a: BeePurging\n|-resisted|p2a: BeePurging\n|-damage|p2a: BeePurging|83\/100\n|\n|-weather|SunnyDay|[upkeep]\n|upkeep\n|turn|3\n|\n|t:|1700687485\n|detailschange|p2a: BeePurging|Beedrill-Mega, F\n|-mega|p2a: BeePurging|Beedrill|Beedrillite\n|move|p2a: BeePurging|Fell Stinger|p1a: Charizard\n|-resisted|p1a: Charizard\n|-damage|p1a: Charizard|4\/100\n|move|p1a: Charizard|Rest|p1a: Charizard\n|-status|p1a: Charizard|slp|[from] move: Rest\n|-heal|p1a: Charizard|100\/100 slp|[silent]\n|\n|-weather|SunnyDay|[upkeep]\n|upkeep\n|turn|4\n|\n|t:|1700687498\n|switch|p2a: GlimaticoPurge|Glimmora, F|100\/100\n|-item|p2a: GlimaticoPurge|Air Balloon\n|cant|p1a: Charizard|slp\n|\n|-weather|SunnyDay|[upkeep]\n|upkeep\n|turn|5\n|\n|t:|1700687506\n|cant|p1a: Charizard|slp\n|move|p2a: GlimaticoPurge|Stealth Rock|p1a: Charizard\n|-sidestart|p1: Pride_The_Folf|move: Stealth Rock\n|\n|-weather|none\n|upkeep\n|turn|6\n|\n|t:|1700687513\n|-curestatus|p1a: Charizard|slp|[msg]\n|move|p1a: Charizard|Solar Beam||[still]\n|-prepare|p1a: Charizard|Solar Beam\n|move|p2a: GlimaticoPurge|Mortal Spin|p1a: Charizard\n|-damage|p1a: Charizard|91\/100\n|-status|p1a: Charizard|psn\n|\n|-damage|p1a: Charizard|79\/100 psn|[from] psn\n|upkeep\n|turn|7\n|\n|t:|1700687521\n|switch|p2a: BeePurging|Beedrill-Mega, F|83\/100\n|move|p1a: Charizard|Solar Beam|p2a: BeePurging|[from]lockedmove\n|-resisted|p2a: BeePurging\n|-damage|p2a: BeePurging|64\/100\n|\n|-damage|p1a: Charizard|66\/100 psn|[from] psn\n|upkeep\n|turn|8\n|\n|t:|1700687529\n|move|p2a: BeePurging|Poison Jab|p1a: Charizard\n|-damage|p1a: Charizard|0 fnt\n|faint|p1a: Charizard\n|\n|upkeep\n|\n|t:|1700687534\n|switch|p1a: Cinderace|Cinderace, M|100\/100\n|-damage|p1a: Cinderace|76\/100|[from] Stealth Rock\n|turn|9\n|\n|t:|1700687539\n|move|p2a: BeePurging|Drill Run|p1a: Cinderace\n|-supereffective|p1a: Cinderace\n|-damage|p1a: Cinderace|0 fnt\n|faint|p1a: Cinderace\n|\n|upkeep\n|\n|t:|1700687562\n|switch|p1a: Torkoal|Torkoal, M|100\/100\n|-damage|p1a: Torkoal|76\/100|[from] Stealth Rock\n|turn|10\n|\n|t:|1700687569\n|move|p2a: BeePurging|Drill Run|p1a: Torkoal\n|-supereffective|p1a: Torkoal\n|-damage|p1a: Torkoal|31\/100\n|move|p1a: Torkoal|Yawn|p2a: BeePurging\n|-start|p2a: BeePurging|move: Yawn|[of] p1a: Torkoal\n|\n|upkeep\n|turn|11\n|c|\u2606BuccaneerTPDPurge|good job\n|c|\u2606BuccaneerTPDPurge|thats why no glasscannons only\n|\n|t:|1700687590\n|move|p2a: BeePurging|Poison Jab|p1a: Torkoal\n|-damage|p1a: Torkoal|0 fnt\n|faint|p1a: Torkoal\n|\n|-end|p2a: BeePurging|move: Yawn|[silent]\n|-status|p2a: BeePurging|slp\n|upkeep\n|c|\u2606Pride_The_Folf|Thanks\n|\n|t:|1700687611\n|switch|p1a: Blaziken|Blaziken, F|100\/100\n|-damage|p1a: Blaziken|88\/100|[from] Stealth Rock\n|turn|12\n|\n|t:|1700687622\n|switch|p2a: PurgeCarrier|Sneasler, F, shiny|100\/100\n|move|p1a: Blaziken|Earthquake|p2a: PurgeCarrier\n|-supereffective|p2a: PurgeCarrier\n|-damage|p2a: PurgeCarrier|0 fnt\n|faint|p2a: PurgeCarrier\n|\n|-ability|p1a: Blaziken|Speed Boost|boost\n|-boost|p1a: Blaziken|spe|1\n|upkeep\n|\n|t:|1700687626\n|switch|p2a: GlimaticoPurge|Glimmora, F|100\/100\n|-item|p2a: GlimaticoPurge|Air Balloon\n|turn|13\n|\n|t:|1700687635\n|move|p1a: Blaziken|Earthquake|p2a: GlimaticoPurge\n|-immune|p2a: GlimaticoPurge\n|move|p2a: GlimaticoPurge|Mortal Spin|p1a: Blaziken\n|-damage|p1a: Blaziken|79\/100\n|-status|p1a: Blaziken|psn\n|\n|-damage|p1a: Blaziken|67\/100 psn|[from] psn\n|-ability|p1a: Blaziken|Speed Boost|boost\n|-boost|p1a: Blaziken|spe|1\n|upkeep\n|turn|14\n|\n|t:|1700687643\n|move|p2a: GlimaticoPurge|Spiky Shield|p2a: GlimaticoPurge\n|-singleturn|p2a: GlimaticoPurge|move: Protect\n|move|p1a: Blaziken|Flame Charge|p2a: GlimaticoPurge\n|-activate|p2a: GlimaticoPurge|move: Protect\n|-damage|p1a: Blaziken|55\/100 psn|[from] Spiky Shield|[of] p2a: GlimaticoPurge\n|\n|-damage|p1a: Blaziken|42\/100 psn|[from] psn\n|-ability|p1a: Blaziken|Speed Boost|boost\n|-boost|p1a: Blaziken|spe|1\n|upkeep\n|turn|15\n|\n|t:|1700687651\n|move|p1a: Blaziken|Agility|p1a: Blaziken\n|-boost|p1a: Blaziken|spe|2\n|move|p2a: GlimaticoPurge|Dazzling Gleam|p1a: Blaziken\n|-damage|p1a: Blaziken|4\/100 psn\n|\n|-damage|p1a: Blaziken|0 fnt|[from] psn\n|faint|p1a: Blaziken\n|upkeep\n|\n|t:|1700687657\n|switch|p1a: Ninetales|Ninetales, F|100\/100\n|-damage|p1a: Ninetales|76\/100|[from] Stealth Rock\n|-weather|SunnyDay|[from] ability: Drought|[of] p1a: Ninetales\n|turn|16\n|c|\u2606BuccaneerTPDPurge|u should not use agility with flame charge or speed boost\n|\n|t:|1700687677\n|move|p1a: Ninetales|Flamethrower|p2a: GlimaticoPurge\n|-resisted|p2a: GlimaticoPurge\n|-damage|p2a: GlimaticoPurge|78\/100\n|-enditem|p2a: GlimaticoPurge|Air Balloon\n|move|p2a: GlimaticoPurge|Mortal Spin|p1a: Ninetales\n|-damage|p1a: Ninetales|66\/100\n|-status|p1a: Ninetales|psn\n|\n|-weather|SunnyDay|[upkeep]\n|-damage|p1a: Ninetales|54\/100 psn|[from] psn\n|upkeep\n|turn|17\n|\n|t:|1700687691\n|-zpower|p1a: Ninetales\n|move|p1a: Ninetales|Inferno Overdrive|p2a: GlimaticoPurge|[zeffect]\n|-resisted|p2a: GlimaticoPurge\n|-crit|p2a: GlimaticoPurge\n|-damage|p2a: GlimaticoPurge|44\/100\n|-activate|p2a: GlimaticoPurge|ability: Toxic Debris\n|-sidestart|p1: Pride_The_Folf|move: Toxic Spikes\n|move|p2a: GlimaticoPurge|Dazzling Gleam|p1a: Ninetales\n|-resisted|p1a: Ninetales\n|-damage|p1a: Ninetales|38\/100 psn\n|\n|-weather|SunnyDay|[upkeep]\n|-damage|p1a: Ninetales|26\/100 psn|[from] psn\n|upkeep\n|turn|18\n|c|\u2606BuccaneerTPDPurge|we should definetly change that\n|\n|t:|1700687716\n|move|p2a: GlimaticoPurge|Spiky Shield|p2a: GlimaticoPurge\n|-singleturn|p2a: GlimaticoPurge|move: Protect\n|move|p1a: Ninetales|Flame Charge|p2a: GlimaticoPurge\n|-activate|p2a: GlimaticoPurge|move: Protect\n|-damage|p1a: Ninetales|14\/100 psn|[from] Spiky Shield|[of] p2a: GlimaticoPurge\n|\n|-weather|SunnyDay|[upkeep]\n|-damage|p1a: Ninetales|2\/100 psn|[from] psn\n|upkeep\n|turn|19\n|\n|t:|1700687727\n|move|p1a: Ninetales|Calm Mind|p1a: Ninetales\n|-boost|p1a: Ninetales|spa|1\n|-boost|p1a: Ninetales|spd|1\n|move|p2a: GlimaticoPurge|Stealth Rock||[still]\n|-fail|p2a: GlimaticoPurge\n|\n|-weather|SunnyDay|[upkeep]\n|-damage|p1a: Ninetales|0 fnt|[from] psn\n|faint|p1a: Ninetales\n|upkeep\n|\n|t:|1700687731\n|switch|p1a: Braixen|Braixen, M|100\/100\n|-damage|p1a: Braixen|76\/100|[from] Stealth Rock\n|-status|p1a: Braixen|psn\n|turn|20\n|\n|t:|1700687735\n|move|p2a: GlimaticoPurge|Dazzling Gleam|p1a: Braixen\n|-resisted|p1a: Braixen\n|-damage|p1a: Braixen|58\/100 psn\n|move|p1a: Braixen|Calm Mind|p1a: Braixen\n|-boost|p1a: Braixen|spa|1\n|-boost|p1a: Braixen|spd|1\n|\n|-weather|none\n|-damage|p1a: Braixen|46\/100 psn|[from] psn\n|upkeep\n|turn|21\n|\n|t:|1700687739\n|move|p2a: GlimaticoPurge|Dazzling Gleam|p1a: Braixen\n|-resisted|p1a: Braixen\n|-damage|p1a: Braixen|34\/100 psn\n|move|p1a: Braixen|Heat Wave|p2a: GlimaticoPurge\n|-resisted|p2a: GlimaticoPurge\n|-damage|p2a: GlimaticoPurge|16\/100\n|\n|-damage|p1a: Braixen|22\/100 psn|[from] psn\n|upkeep\n|turn|22\n|c|\u2606BuccaneerTPDPurge|gg\n|c|\u2606Pride_The_Folf|I will not go down with out a fight lol\n|c|\u2606Pride_The_Folf|Gg\n|c|\u2606BuccaneerTPDPurge|change agility out for close combat or something\n|c|\u2606Pride_The_Folf|Will do\n|\n|t:|1700687790\n|move|p2a: GlimaticoPurge|Dazzling Gleam|p1a: Braixen\n|-resisted|p1a: Braixen\n|-damage|p1a: Braixen|10\/100 psn\n|move|p1a: Braixen|Fire Blast|p2a: GlimaticoPurge\n|-resisted|p2a: GlimaticoPurge\n|-damage|p2a: GlimaticoPurge|0 fnt\n|faint|p2a: GlimaticoPurge\n|\n|-damage|p1a: Braixen|0 fnt|[from] psn\n|faint|p1a: Braixen\n|\n|win|BuccaneerTPDPurge\n|upkeep\n|c|\u2606BuccaneerTPDPurge|ok good\n|l|\u2606Pride_The_Folf\n|c|\u2606BuccaneerTPDPurge|maybe switch out flame charge for a better fire move\n","uploadtime":1700687944,"views":15,"p1id":"pridethefolf","p2id":"buccaneertpdpurge","formatid":"gen9nationaldexubers","rating":0,"private":0,"password":""}