{"id":"gen9nationaldexubers-1998611524","p1":"MystroPoken","p2":"FierceFlamethrower","format":"[Gen 9] National Dex Ubers","log":"|j|\u2606MystroPoken\n|j|\u2606FierceFlamethrower\n|t:|1700962783\n|gametype|singles\n|player|p1|MystroPoken|crasherwake|\n|player|p2|FierceFlamethrower|169|\n|teamsize|p1|6\n|teamsize|p2|6\n|gen|9\n|tier|[Gen 9] National Dex Ubers\n|rule|HP Percentage Mod: HP is shown in percentages\n|rule|Endless Battle Clause: Forcing endless battles is banned\n|rule|OHKO Clause: OHKO moves are banned\n|rule|Evasion Moves Clause: Evasion moves are banned\n|rule|Evasion Items Clause: Evasion items are banned\n|rule|Species Clause: Limit one of each Pok\u00e9mon\n|rule|Sleep Clause Mod: Limit one foe put to sleep\n|rule|Mega Rayquaza Clause: You cannot mega evolve Rayquaza\n|clearpoke\n|poke|p1|Ho-Oh|\n|poke|p1|Tangela, M|\n|poke|p1|Kingambit, M|\n|poke|p1|Ribombee, M|\n|poke|p1|Dragapult, M|\n|poke|p1|Sandy Shocks|\n|poke|p2|Alomomola, F|\n|poke|p2|Nidoqueen, F|\n|poke|p2|Reshiram|\n|poke|p2|Chien-Pao|\n|poke|p2|Lucario, M|\n|poke|p2|Mew|\n|teampreview\n|c|\u2606MystroPoken|glhf\n|j| AgencyIsOwn\n|c|\u2606FierceFlamethrower|u2\n|\n|t:|1700962851\n|start\n|switch|p1a: Sandy Shocks|Sandy Shocks|100\/100\n|switch|p2a: Nidoqueen|Nidoqueen, F|100\/100\n|turn|1\n|\n|t:|1700962887\n|switch|p2a: Mew|Mew|100\/100\n|move|p1a: Sandy Shocks|Earth Power|p2a: Mew\n|-damage|p2a: Mew|69\/100\n|-unboost|p2a: Mew|spd|1\n|\n|upkeep\n|turn|2\n|\n|t:|1700962903\n|-end|p1a: Sandy Shocks|Protosynthesis|[silent]\n|switch|p1a: Dragapult|Dragapult, M|100\/100\n|move|p2a: Mew|Roost|p2a: Mew\n|-heal|p2a: Mew|100\/100\n|-singleturn|p2a: Mew|move: Roost\n|\n|upkeep\n|turn|3\n|\n|t:|1700962912\n|switch|p2a: Nidoqueen|Nidoqueen, F|100\/100\n|move|p1a: Dragapult|Will-O-Wisp|p2a: Nidoqueen\n|-status|p2a: Nidoqueen|brn\n|\n|-damage|p2a: Nidoqueen|94\/100 brn|[from] brn\n|upkeep\n|turn|4\n|\n|t:|1700962920\n|move|p1a: Dragapult|Light Screen|p1a: Dragapult\n|-sidestart|p1: MystroPoken|move: Light Screen\n|move|p2a: Nidoqueen|Ice Beam|p1a: Dragapult\n|-supereffective|p1a: Dragapult\n|-damage|p1a: Dragapult|78\/100\n|-start|p2a: Nidoqueen|Disable|Ice Beam|[from] ability: Cursed Body|[of] p1a: Dragapult\n|\n|-heal|p2a: Nidoqueen|100\/100 brn|[from] item: Black Sludge\n|-damage|p2a: Nidoqueen|94\/100 brn|[from] brn\n|upkeep\n|turn|5\n|l| AgencyIsOwn\n|j| AgencyIsOwn\n|\n|t:|1700962933\n|move|p1a: Dragapult|Reflect|p1a: Dragapult\n|-sidestart|p1: MystroPoken|Reflect\n|move|p2a: Nidoqueen|Earth Power|p1a: Dragapult\n|-crit|p1a: Dragapult\n|-damage|p1a: Dragapult|24\/100\n|\n|-heal|p2a: Nidoqueen|100\/100 brn|[from] item: Black Sludge\n|-damage|p2a: Nidoqueen|94\/100 brn|[from] brn\n|upkeep\n|turn|6\n|\n|t:|1700962949\n|move|p1a: Dragapult|Shadow Ball|p2a: Nidoqueen\n|-damage|p2a: Nidoqueen|74\/100 brn\n|-unboost|p2a: Nidoqueen|spd|1\n|move|p2a: Nidoqueen|Earth Power|p1a: Dragapult\n|-damage|p1a: Dragapult|5\/100\n|\n|-heal|p2a: Nidoqueen|80\/100 brn|[from] item: Black Sludge\n|-damage|p2a: Nidoqueen|74\/100 brn|[from] brn\n|upkeep\n|turn|7\n|\n|t:|1700962968\n|switch|p1a: Sandy Shocks|Sandy Shocks|100\/100\n|move|p2a: Nidoqueen|Earth Power|p1a: Sandy Shocks\n|-supereffective|p1a: Sandy Shocks\n|-damage|p1a: Sandy Shocks|58\/100\n|\n|-heal|p2a: Nidoqueen|80\/100 brn|[from] item: Black Sludge\n|-damage|p2a: Nidoqueen|74\/100 brn|[from] brn\n|-end|p2a: Nidoqueen|Disable\n|upkeep\n|turn|8\n|\n|t:|1700962982\n|switch|p2a: Mew|Mew|100\/100\n|move|p1a: Sandy Shocks|Zap Cannon|p2a: Mew|[miss]\n|-miss|p1a: Sandy Shocks|p2a: Mew\n|\n|upkeep\n|turn|9\n|\n|t:|1700962995\n|move|p1a: Sandy Shocks|Zap Cannon|p2a: Mew\n|-damage|p2a: Mew|64\/100\n|-status|p2a: Mew|par\n|-activate|p2a: Mew|ability: Synchronize\n|-immune|p1a: Sandy Shocks\n|move|p2a: Mew|Knock Off|p1a: Sandy Shocks\n|-damage|p1a: Sandy Shocks|46\/100\n|-enditem|p1a: Sandy Shocks|Choice Scarf|[from] move: Knock Off|[of] p2a: Mew\n|\n|upkeep\n|turn|10\n|\n|t:|1700963005\n|move|p1a: Sandy Shocks|Volt Switch|p2a: Mew\n|-damage|p2a: Mew|39\/100 par\n|\n|t:|1700963013\n|-end|p1a: Sandy Shocks|Protosynthesis|[silent]\n|switch|p1a: Kingambit|Kingambit, M|100\/100|[from] Volt Switch\n|move|p2a: Mew|Roost|p2a: Mew\n|-heal|p2a: Mew|89\/100 par\n|-singleturn|p2a: Mew|move: Roost\n|\n|upkeep\n|turn|11\n|\n|t:|1700963026\n|-activate|p2a: Mew|move: Pursuit\n|move|p1a: Kingambit|Pursuit|p2a: Mew|[from]Pursuit\n|-supereffective|p2a: Mew\n|-damage|p2a: Mew|11\/100 par\n|switch|p2a: Alomomola|Alomomola, F|100\/100\n|\n|-sideend|p1: MystroPoken|move: Light Screen\n|upkeep\n|turn|12\n|\n|t:|1700963066\n|-end|p1a: Kingambit|fallenundefined|[silent]\n|switch|p1a: Ribombee|Ribombee, M|100\/100\n|move|p2a: Alomomola|Flip Turn|p1a: Ribombee\n|-damage|p1a: Ribombee|86\/100\n|l| AgencyIsOwn\n|j| AgencyIsOwn\n|\n|t:|1700963130\n|switch|p2a: Lucario|Lucario, M|100\/100|[from] Flip Turn\n|\n|-sideend|p1: MystroPoken|Reflect\n|upkeep\n|turn|13\n|\n|t:|1700963149\n|switch|p1a: Ho-Oh|Ho-Oh|100\/100\n|detailschange|p2a: Lucario|Lucario-Mega, M\n|-mega|p2a: Lucario|Lucario|Lucarionite\n|move|p2a: Lucario|Bullet Punch|p1a: Ho-Oh\n|-resisted|p1a: Ho-Oh\n|-damage|p1a: Ho-Oh|90\/100\n|\n|upkeep\n|turn|14\n|\n|t:|1700963163\n|switch|p2a: Alomomola|Alomomola, F|100\/100\n|move|p1a: Ho-Oh|Sacred Fire|p2a: Alomomola\n|-resisted|p2a: Alomomola\n|-damage|p2a: Alomomola|89\/100\n|-status|p2a: Alomomola|brn\n|-enditem|p2a: Alomomola|Red Card|[of] p1a: Ho-Oh\n|drag|p1a: Dragapult|Dragapult, M|5\/100\n|\n|-damage|p2a: Alomomola|83\/100 brn|[from] brn\n|upkeep\n|turn|15\n|\n|t:|1700963181\n|switch|p1a: Tangela|Tangela, M|100\/100\n|move|p2a: Alomomola|Flip Turn|p1a: Tangela\n|-resisted|p1a: Tangela\n|-damage|p1a: Tangela|99\/100\n|\n|t:|1700963196\n|switch|p2a: Nidoqueen|Nidoqueen, F|74\/100 brn|[from] Flip Turn\n|\n|-heal|p2a: Nidoqueen|80\/100 brn|[from] item: Black Sludge\n|-damage|p2a: Nidoqueen|74\/100 brn|[from] brn\n|upkeep\n|turn|16\n|\n|t:|1700963210\n|switch|p1a: Ho-Oh|Ho-Oh|100\/100\n|move|p2a: Nidoqueen|Ice Beam|p1a: Ho-Oh\n|-damage|p1a: Ho-Oh|89\/100\n|\n|-heal|p2a: Nidoqueen|80\/100 brn|[from] item: Black Sludge\n|-damage|p2a: Nidoqueen|74\/100 brn|[from] brn\n|upkeep\n|turn|17\n|\n|t:|1700963227\n|move|p1a: Ho-Oh|Toxic||[still]\n|-fail|p1a: Ho-Oh\n|move|p2a: Nidoqueen|Rock Slide|p1a: Ho-Oh\n|-supereffective|p1a: Ho-Oh\n|-damage|p1a: Ho-Oh|66\/100\n|\n|-heal|p2a: Nidoqueen|80\/100 brn|[from] item: Black Sludge\n|-damage|p2a: Nidoqueen|74\/100 brn|[from] brn\n|upkeep\n|turn|18\n|\n|t:|1700963242\n|switch|p1a: Sandy Shocks|Sandy Shocks|46\/100\n|switch|p2a: Alomomola|Alomomola, F|100\/100 brn\n|\n|-damage|p2a: Alomomola|94\/100 brn|[from] brn\n|upkeep\n|turn|19\n|\n|t:|1700963256\n|switch|p2a: Mew|Mew|11\/100 par\n|move|p1a: Sandy Shocks|Zap Cannon|p2a: Mew|[miss]\n|-miss|p1a: Sandy Shocks|p2a: Mew\n|\n|upkeep\n|turn|20\n|\n|t:|1700963263\n|move|p1a: Sandy Shocks|Earth Power|p2a: Mew\n|-damage|p2a: Mew|0 fnt\n|faint|p2a: Mew\n|\n|upkeep\n|\n|t:|1700963279\n|switch|p2a: Chien-Pao|Chien-Pao|100\/100\n|-ability|p2a: Chien-Pao|Sword of Ruin\n|turn|21\n|\n|t:|1700963294\n|-end|p1a: Sandy Shocks|Protosynthesis|[silent]\n|switch|p1a: Ho-Oh|Ho-Oh|99\/100\n|move|p2a: Chien-Pao|Crunch|p1a: Ho-Oh\n|-damage|p1a: Ho-Oh|66\/100\n|\n|upkeep\n|turn|22\n|\n|t:|1700963305\n|switch|p2a: Alomomola|Alomomola, F|100\/100 brn\n|move|p1a: Ho-Oh|Roost|p1a: Ho-Oh\n|-heal|p1a: Ho-Oh|100\/100\n|-singleturn|p1a: Ho-Oh|move: Roost\n|\n|-damage|p2a: Alomomola|94\/100 brn|[from] brn\n|upkeep\n|turn|23\n|\n|t:|1700963315\n|switch|p1a: Ribombee|Ribombee, M|86\/100\n|move|p2a: Alomomola|Flip Turn|p1a: Ribombee\n|-damage|p1a: Ribombee|69\/100\n|\n|t:|1700963322\n|switch|p2a: Lucario|Lucario-Mega, M|100\/100|[from] Flip Turn\n|\n|upkeep\n|turn|24\n|\n|t:|1700963333\n|switch|p1a: Ho-Oh|Ho-Oh|100\/100\n|move|p2a: Lucario|Stone Edge|p1a: Ho-Oh\n|-supereffective|p1a: Ho-Oh\n|-damage|p1a: Ho-Oh|12\/100\n|\n|upkeep\n|turn|25\n|\n|t:|1700963344\n|switch|p1a: Tangela|Tangela, M|100\/100\n|move|p2a: Lucario|Crunch|p1a: Tangela\n|-damage|p1a: Tangela|86\/100\n|\n|upkeep\n|turn|26\n|\n|t:|1700963359\n|switch|p2a: Nidoqueen|Nidoqueen, F|74\/100 brn\n|move|p1a: Tangela|Leech Seed|p2a: Nidoqueen\n|-start|p2a: Nidoqueen|move: Leech Seed\n|\n|-heal|p2a: Nidoqueen|80\/100 brn|[from] item: Black Sludge\n|-damage|p2a: Nidoqueen|68\/100 brn|[from] Leech Seed|[of] p1a: Tangela\n|-heal|p1a: Tangela|99\/100|[silent]\n|-damage|p2a: Nidoqueen|61\/100 brn|[from] brn\n|upkeep\n|turn|27\n|\n|t:|1700963384\n|switch|p2a: Chien-Pao|Chien-Pao|100\/100\n|-ability|p2a: Chien-Pao|Sword of Ruin\n|move|p1a: Tangela|Protect||[still]\n|-fail|p1a: Tangela\n|\n|upkeep\n|turn|28\n|\n|t:|1700963396\n|switch|p2a: Nidoqueen|Nidoqueen, F|61\/100 brn\n|-terastallize|p1a: Tangela|Water\n|move|p1a: Tangela|Sleep Powder||[still]\n|-fail|p1a: Tangela\n|\n|-heal|p2a: Nidoqueen|68\/100 brn|[from] item: Black Sludge\n|-damage|p2a: Nidoqueen|61\/100 brn|[from] brn\n|upkeep\n|turn|29\n|\n|t:|1700963412\n|move|p2a: Nidoqueen|Earth Power|p1a: Tangela\n|-damage|p1a: Tangela|58\/100\n|move|p1a: Tangela|Leech Seed|p2a: Nidoqueen\n|-start|p2a: Nidoqueen|move: Leech Seed\n|\n|-heal|p2a: Nidoqueen|68\/100 brn|[from] item: Black Sludge\n|-damage|p2a: Nidoqueen|55\/100 brn|[from] Leech Seed|[of] p1a: Tangela\n|-heal|p1a: Tangela|72\/100|[silent]\n|-damage|p2a: Nidoqueen|49\/100 brn|[from] brn\n|upkeep\n|turn|30\n|l| AgencyIsOwn\n|\n|t:|1700963444\n|switch|p2a: Alomomola|Alomomola, F|100\/100 brn\n|move|p1a: Tangela|Leech Seed|p2a: Alomomola\n|-start|p2a: Alomomola|move: Leech Seed\n|\n|-damage|p2a: Alomomola|88\/100 brn|[from] Leech Seed|[of] p1a: Tangela\n|-heal|p1a: Tangela|92\/100|[silent]\n|-damage|p2a: Alomomola|82\/100 brn|[from] brn\n|upkeep\n|turn|31\n|j| AgencyIsOwn\n|\n|t:|1700963460\n|switch|p2a: Lucario|Lucario-Mega, M|100\/100\n|move|p1a: Tangela|Protect||[still]\n|-fail|p1a: Tangela\n|\n|upkeep\n|turn|32\n|l| AgencyIsOwn\n|\n|t:|1700963471\n|switch|p2a: Alomomola|Alomomola, F|100\/100 brn\n|move|p1a: Tangela|Leech Seed|p2a: Alomomola\n|-start|p2a: Alomomola|move: Leech Seed\n|\n|-damage|p2a: Alomomola|88\/100 brn|[from] Leech Seed|[of] p1a: Tangela\n|-heal|p1a: Tangela|100\/100|[silent]\n|-damage|p2a: Alomomola|82\/100 brn|[from] brn\n|upkeep\n|turn|33\n|\n|t:|1700963480\n|move|p2a: Alomomola|Wish|p2a: Alomomola\n|move|p1a: Tangela|Leech Seed||[still]\n|-fail|p1a: Tangela\n|\n|-damage|p2a: Alomomola|70\/100 brn|[from] Leech Seed|[of] p1a: Tangela\n|-damage|p2a: Alomomola|63\/100 brn|[from] brn\n|upkeep\n|turn|34\n|\n|t:|1700963485\n|switch|p2a: Nidoqueen|Nidoqueen, F|49\/100 brn\n|move|p1a: Tangela|Sleep Powder||[still]\n|-fail|p1a: Tangela\n|\n|-heal|p2a: Nidoqueen|100\/100 brn|[from] move: Wish|[wisher] Alomomola\n|-damage|p2a: Nidoqueen|94\/100 brn|[from] brn\n|upkeep\n|turn|35\n|j| AgencyIsOwn\n|\n|t:|1700963511\n|switch|p1a: Sandy Shocks|Sandy Shocks|46\/100\n|move|p2a: Nidoqueen|Rock Slide|p1a: Sandy Shocks\n|-resisted|p1a: Sandy Shocks\n|-damage|p1a: Sandy Shocks|41\/100\n|\n|-heal|p2a: Nidoqueen|100\/100 brn|[from] item: Black Sludge\n|-damage|p2a: Nidoqueen|94\/100 brn|[from] brn\n|upkeep\n|turn|36\n|\n|t:|1700963523\n|move|p1a: Sandy Shocks|Earth Power|p2a: Nidoqueen\n|-supereffective|p2a: Nidoqueen\n|-damage|p2a: Nidoqueen|25\/100 brn\n|move|p2a: Nidoqueen|Earth Power|p1a: Sandy Shocks\n|-supereffective|p1a: Sandy Shocks\n|-damage|p1a: Sandy Shocks|0 fnt\n|faint|p1a: Sandy Shocks\n|-end|p1a: Sandy Shocks|Protosynthesis|[silent]\n|\n|-heal|p2a: Nidoqueen|32\/100 brn|[from] item: Black Sludge\n|-damage|p2a: Nidoqueen|25\/100 brn|[from] brn\n|upkeep\n|l| AgencyIsOwn\n|\n|t:|1700963539\n|switch|p1a: Kingambit|Kingambit, M|100\/100\n|-activate|p1a: Kingambit|ability: Supreme Overlord\n|-start|p1a: Kingambit|fallen1|[silent]\n|turn|37\n|j| AgencyIsOwn\n|\n|t:|1700963549\n|move|p2a: Nidoqueen|Earth Power|p1a: Kingambit\n|-supereffective|p1a: Kingambit\n|-damage|p1a: Kingambit|39\/100\n|move|p1a: Kingambit|Swords Dance|p1a: Kingambit\n|-boost|p1a: Kingambit|atk|2\n|\n|-heal|p2a: Nidoqueen|32\/100 brn|[from] item: Black Sludge\n|-damage|p2a: Nidoqueen|25\/100 brn|[from] brn\n|upkeep\n|turn|38\n|\n|t:|1700963565\n|switch|p2a: Alomomola|Alomomola, F|97\/100 brn\n|move|p1a: Kingambit|Sucker Punch||[still]\n|-fail|p1a: Kingambit\n|\n|-damage|p2a: Alomomola|91\/100 brn|[from] brn\n|upkeep\n|turn|39\n|\n|t:|1700963576\n|move|p2a: Alomomola|Flip Turn|p1a: Kingambit\n|-damage|p1a: Kingambit|33\/100\n|c|\u2606MystroPoken|bro i clicked kowtow\n|c|\u2606MystroPoken|now stop thinnking\n|\n|t:|1700963657\n|switch|p2a: Nidoqueen|Nidoqueen, F|25\/100 brn|[from] Flip Turn\n|move|p1a: Kingambit|Iron Head|p2a: Nidoqueen\n|-damage|p2a: Nidoqueen|0 fnt\n|faint|p2a: Nidoqueen\n|\n|upkeep\n|\n|t:|1700963662\n|switch|p2a: Lucario|Lucario-Mega, M|100\/100\n|turn|40\n|c|\u2606MystroPoken|ok\n|\n|t:|1700963677\n|move|p2a: Lucario|Close Combat|p1a: Kingambit\n|-supereffective|p1a: Kingambit\n|-enditem|p1a: Kingambit|Chople Berry|[eat]\n|-enditem|p1a: Kingambit|Chople Berry|[weaken]\n|-damage|p1a: Kingambit|0 fnt\n|-unboost|p2a: Lucario|def|1\n|-unboost|p2a: Lucario|spd|1\n|faint|p1a: Kingambit\n|-end|p1a: Kingambit|fallen1|[silent]\n|\n|upkeep\n|\n|t:|1700963681\n|switch|p1a: Ho-Oh|Ho-Oh|45\/100\n|turn|41\n|\n|t:|1700963690\n|switch|p1a: Tangela|Tangela, M, tera:Water|100\/100\n|move|p2a: Lucario|Stone Edge|p1a: Tangela\n|-damage|p1a: Tangela|84\/100\n|\n|upkeep\n|turn|42\n|\n|t:|1700963704\n|switch|p2a: Alomomola|Alomomola, F|100\/100 brn\n|switch|p1a: Ho-Oh|Ho-Oh|78\/100\n|\n|-damage|p2a: Alomomola|94\/100 brn|[from] brn\n|upkeep\n|turn|43\n|\n|t:|1700963723\n|switch|p1a: Tangela|Tangela, M, tera:Water|100\/100\n|move|p2a: Alomomola|Flip Turn|p1a: Tangela\n|-resisted|p1a: Tangela\n|-damage|p1a: Tangela|98\/100\n|l| AgencyIsOwn\n|j| The Generates\n|c| The Generates|hi babes\n|c|\u2606MystroPoken|i wish i actually put an attacking move on this thing\n|\n|t:|1700963746\n|switch|p2a: Lucario|Lucario-Mega, M|100\/100|[from] Flip Turn\n|\n|upkeep\n|turn|44\n|c|\u2606MystroPoken|LOL\n|c|\u2606FierceFlamethrower|why is this thing giving me a hard time\n|\n|t:|1700963767\n|switch|p2a: Alomomola|Alomomola, F|100\/100 brn\n|move|p1a: Tangela|Leech Seed|p2a: Alomomola\n|-start|p2a: Alomomola|move: Leech Seed\n|\n|-damage|p2a: Alomomola|88\/100 brn|[from] Leech Seed|[of] p1a: Tangela\n|-heal|p1a: Tangela|100\/100|[silent]\n|-damage|p2a: Alomomola|82\/100 brn|[from] brn\n|upkeep\n|turn|45\n|j| AgencyIsOwn\n|\n|t:|1700963779\n|move|p1a: Tangela|Protect|p1a: Tangela\n|-singleturn|p1a: Tangela|Protect\n|move|p2a: Alomomola|Wish|p2a: Alomomola\n|\n|-damage|p2a: Alomomola|70\/100 brn|[from] Leech Seed|[of] p1a: Tangela\n|-damage|p2a: Alomomola|63\/100 brn|[from] brn\n|upkeep\n|turn|46\n|\n|t:|1700963786\n|switch|p1a: Ho-Oh|Ho-Oh|100\/100\n|move|p2a: Alomomola|Acrobatics|p1a: Ho-Oh\n|-damage|p1a: Ho-Oh|94\/100\n|\n|-heal|p2a: Alomomola|100\/100 brn|[from] move: Wish|[wisher] Alomomola\n|-damage|p2a: Alomomola|88\/100 brn|[from] Leech Seed|[of] p1a: Ho-Oh\n|-heal|p1a: Ho-Oh|100\/100|[silent]\n|-damage|p2a: Alomomola|82\/100 brn|[from] brn\n|upkeep\n|turn|47\n|c| The Generates|ACROBATICS???\n|c|\u2606MystroPoken|pinkacross tech\n|\n|t:|1700963807\n|move|p1a: Ho-Oh|Sacred Fire|p2a: Alomomola|[miss]\n|-miss|p1a: Ho-Oh|p2a: Alomomola\n|move|p2a: Alomomola|Flip Turn|p1a: Ho-Oh\n|-supereffective|p1a: Ho-Oh\n|-damage|p1a: Ho-Oh|91\/100\n|c| The Generates|damn dragon missed a 95% move?\n|c|\u2606MystroPoken|:(\n|\n|t:|1700963822\n|switch|p2a: Lucario|Lucario-Mega, M|100\/100|[from] Flip Turn\n|\n|upkeep\n|turn|48\n|c| The Generates|thats genuinely surprising\n|c|\u2606MystroPoken|fr tho\n|\n|t:|1700963832\n|switch|p2a: Alomomola|Alomomola, F|100\/100 brn\n|switch|p1a: Tangela|Tangela, M, tera:Water|100\/100\n|\n|-damage|p2a: Alomomola|94\/100 brn|[from] brn\n|upkeep\n|turn|49\n|\n|t:|1700963845\n|switch|p1a: Ho-Oh|Ho-Oh|100\/100\n|move|p2a: Alomomola|Wake-Up Slap|p1a: Ho-Oh\n|-resisted|p1a: Ho-Oh\n|-damage|p1a: Ho-Oh|99\/100\n|\n|-damage|p2a: Alomomola|88\/100 brn|[from] brn\n|upkeep\n|turn|50\n|c| AgencyIsOwn|Double regen core\n|c|\u2606MystroPoken|W\n|c|\u2606MystroPoken|W tech\n|c|\u2606MystroPoken|lol\n|l| AgencyIsOwn\n|c|\u2606FierceFlamethrower|but then this ho-oh burned everything grr\n|\n|t:|1700963878\n|move|p1a: Ho-Oh|Defog|p2a: Alomomola\n|-unboost|p2a: Alomomola|evasion|1\n|move|p2a: Alomomola|Flip Turn|p1a: Ho-Oh\n|-supereffective|p1a: Ho-Oh\n|-damage|p1a: Ho-Oh|88\/100\n|\n|t:|1700963884\n|switch|p2a: Reshiram|Reshiram|100\/100|[from] Flip Turn\n|-ability|p2a: Reshiram|Turboblaze\n|\n|upkeep\n|turn|51\n|\n|t:|1700963891\n|switch|p2a: Alomomola|Alomomola, F|100\/100 brn\n|move|p1a: Ho-Oh|Toxic||[still]\n|-fail|p1a: Ho-Oh\n|\n|-damage|p2a: Alomomola|94\/100 brn|[from] brn\n|upkeep\n|turn|52\n|\n|t:|1700963905\n|move|p1a: Ho-Oh|Defog|p2a: Alomomola\n|-unboost|p2a: Alomomola|evasion|1\n|move|p2a: Alomomola|Acrobatics|p1a: Ho-Oh\n|-damage|p1a: Ho-Oh|82\/100\n|\n|-damage|p2a: Alomomola|88\/100 brn|[from] brn\n|upkeep\n|turn|53\n|\n|t:|1700963911\n|move|p1a: Ho-Oh|Defog|p2a: Alomomola\n|-unboost|p2a: Alomomola|evasion|1\n|move|p2a: Alomomola|Flip Turn|p1a: Ho-Oh\n|-supereffective|p1a: Ho-Oh\n|-damage|p1a: Ho-Oh|71\/100\n|\n|t:|1700963913\n|switch|p2a: Lucario|Lucario-Mega, M|100\/100|[from] Flip Turn\n|\n|upkeep\n|turn|54\n|\n|t:|1700963925\n|switch|p1a: Tangela|Tangela, M, tera:Water|100\/100\n|move|p2a: Lucario|Stone Edge|p1a: Tangela|[miss]\n|-miss|p2a: Lucario|p1a: Tangela\n|\n|upkeep\n|turn|55\n|\n|t:|1700963942\n|switch|p1a: Ho-Oh|Ho-Oh|100\/100\n|move|p2a: Lucario|Close Combat|p1a: Ho-Oh\n|-resisted|p1a: Ho-Oh\n|-damage|p1a: Ho-Oh|73\/100\n|-unboost|p2a: Lucario|def|1\n|-unboost|p2a: Lucario|spd|1\n|\n|upkeep\n|turn|56\n|\n|t:|1700963951\n|switch|p2a: Alomomola|Alomomola, F|100\/100 brn\n|switch|p1a: Tangela|Tangela, M, tera:Water|100\/100\n|\n|-damage|p2a: Alomomola|94\/100 brn|[from] brn\n|upkeep\n|turn|57\n|\n|t:|1700963972\n|switch|p1a: Ho-Oh|Ho-Oh|100\/100\n|move|p2a: Alomomola|Acrobatics|p1a: Ho-Oh\n|-damage|p1a: Ho-Oh|94\/100\n|\n|-damage|p2a: Alomomola|88\/100 brn|[from] brn\n|upkeep\n|turn|58\n|\n|t:|1700963984\n|move|p1a: Ho-Oh|Defog|p2a: Alomomola\n|-unboost|p2a: Alomomola|evasion|1\n|move|p2a: Alomomola|Flip Turn|p1a: Ho-Oh\n|-supereffective|p1a: Ho-Oh\n|-damage|p1a: Ho-Oh|83\/100\n|\n|t:|1700963990\n|switch|p2a: Reshiram|Reshiram|100\/100|[from] Flip Turn\n|-ability|p2a: Reshiram|Turboblaze\n|\n|upkeep\n|turn|59\n|\n|t:|1700963995\n|switch|p2a: Alomomola|Alomomola, F|100\/100 brn\n|move|p1a: Ho-Oh|Defog|p2a: Alomomola\n|-unboost|p2a: Alomomola|evasion|1\n|\n|-damage|p2a: Alomomola|94\/100 brn|[from] brn\n|upkeep\n|turn|60\n|\n|t:|1700964011\n|switch|p1a: Tangela|Tangela, M, tera:Water|100\/100\n|move|p2a: Alomomola|Wish|p2a: Alomomola\n|\n|-damage|p2a: Alomomola|88\/100 brn|[from] brn\n|upkeep\n|turn|61\n|\n|t:|1700964020\n|switch|p1a: Ho-Oh|Ho-Oh|100\/100\n|move|p2a: Alomomola|Wake-Up Slap|p1a: Ho-Oh\n|-resisted|p1a: Ho-Oh\n|-damage|p1a: Ho-Oh|99\/100\n|\n|-heal|p2a: Alomomola|100\/100 brn|[from] move: Wish|[wisher] Alomomola\n|-damage|p2a: Alomomola|94\/100 brn|[from] brn\n|upkeep\n|turn|62\n|\n|t:|1700964026\n|switch|p1a: Tangela|Tangela, M, tera:Water|100\/100\n|move|p2a: Alomomola|Flip Turn|p1a: Tangela\n|-resisted|p1a: Tangela\n|-crit|p1a: Tangela\n|-damage|p1a: Tangela|98\/100\n|\n|t:|1700964030\n|switch|p2a: Reshiram|Reshiram|100\/100|[from] Flip Turn\n|-ability|p2a: Reshiram|Turboblaze\n|\n|upkeep\n|turn|63\n|c|\u2606MystroPoken|crit mattered\n|\n|t:|1700964041\n|switch|p2a: Alomomola|Alomomola, F|100\/100 brn\n|switch|p1a: Ho-Oh|Ho-Oh|100\/100\n|\n|-damage|p2a: Alomomola|94\/100 brn|[from] brn\n|upkeep\n|turn|64\n|\n|t:|1700964055\n|switch|p1a: Tangela|Tangela, M, tera:Water|100\/100\n|move|p2a: Alomomola|Flip Turn|p1a: Tangela\n|-resisted|p1a: Tangela\n|-damage|p1a: Tangela|99\/100\n|\n|t:|1700964065\n|switch|p2a: Lucario|Lucario-Mega, M|100\/100|[from] Flip Turn\n|\n|upkeep\n|turn|65\n|\n|t:|1700964074\n|switch|p2a: Alomomola|Alomomola, F|100\/100 brn\n|move|p1a: Tangela|Sleep Powder|p2a: Alomomola|[miss]\n|-miss|p1a: Tangela|p2a: Alomomola\n|\n|-damage|p2a: Alomomola|94\/100 brn|[from] brn\n|upkeep\n|turn|66\n|\n|t:|1700964101\n|switch|p1a: Ho-Oh|Ho-Oh|100\/100\n|move|p2a: Alomomola|Acrobatics|p1a: Ho-Oh\n|-damage|p1a: Ho-Oh|94\/100\n|\n|-damage|p2a: Alomomola|88\/100 brn|[from] brn\n|upkeep\n|turn|67\n|\n|t:|1700964109\n|switch|p1a: Tangela|Tangela, M, tera:Water|100\/100\n|move|p2a: Alomomola|Flip Turn|p1a: Tangela\n|-resisted|p1a: Tangela\n|-damage|p1a: Tangela|99\/100\n|\n|t:|1700964151\n|switch|p2a: Reshiram|Reshiram|100\/100|[from] Flip Turn\n|-ability|p2a: Reshiram|Turboblaze\n|\n|upkeep\n|turn|68\n|c|\u2606MystroPoken|the unstoppable force in alolamola meets teh immovable objects of tangel and hooh\n|\n|t:|1700964174\n|switch|p1a: Ho-Oh|Ho-Oh|100\/100\n|move|p2a: Reshiram|Dragon Dance|p2a: Reshiram\n|-boost|p2a: Reshiram|atk|1\n|-boost|p2a: Reshiram|spe|1\n|\n|upkeep\n|turn|69\n|j| omg real exe\n|c|\u2606MystroPoken|NAH THATS CRAZY\n|\n|t:|1700964182\n|switch|p2a: Alomomola|Alomomola, F|100\/100 brn\n|move|p1a: Ho-Oh|Toxic||[still]\n|-fail|p1a: Ho-Oh\n|\n|-damage|p2a: Alomomola|94\/100 brn|[from] brn\n|upkeep\n|turn|70\n|c|\u2606MystroPoken|and u reveal that now?\n|\n|t:|1700964233\n|switch|p1a: Tangela|Tangela, M, tera:Water|100\/100\n|move|p2a: Alomomola|Flip Turn|p1a: Tangela\n|-resisted|p1a: Tangela\n|-damage|p1a: Tangela|99\/100\n|\n|t:|1700964246\n|switch|p2a: Reshiram|Reshiram|100\/100|[from] Flip Turn\n|-ability|p2a: Reshiram|Turboblaze\n|\n|upkeep\n|turn|71\n|\n|t:|1700964256\n|switch|p1a: Ho-Oh|Ho-Oh|100\/100\n|move|p2a: Reshiram|Dragon Dance|p2a: Reshiram\n|-boost|p2a: Reshiram|atk|1\n|-boost|p2a: Reshiram|spe|1\n|\n|upkeep\n|turn|72\n|\n|t:|1700964267\n|switch|p2a: Alomomola|Alomomola, F|100\/100 brn\n|move|p1a: Ho-Oh|Toxic||[still]\n|-fail|p1a: Ho-Oh\n|\n|-damage|p2a: Alomomola|94\/100 brn|[from] brn\n|upkeep\n|turn|73\n|\n|t:|1700964279\n|switch|p1a: Tangela|Tangela, M, tera:Water|100\/100\n|move|p2a: Alomomola|Flip Turn|p1a: Tangela\n|-resisted|p1a: Tangela\n|-damage|p1a: Tangela|99\/100\n|\n|t:|1700964281\n|switch|p2a: Reshiram|Reshiram|100\/100|[from] Flip Turn\n|-ability|p2a: Reshiram|Turboblaze\n|\n|upkeep\n|turn|74\n|\n|t:|1700964293\n|move|p2a: Reshiram|Dragon Dance|p2a: Reshiram\n|-boost|p2a: Reshiram|atk|1\n|-boost|p2a: Reshiram|spe|1\n|move|p1a: Tangela|Sleep Powder|p2a: Reshiram\n|-status|p2a: Reshiram|slp|[from] move: Sleep Powder\n|\n|upkeep\n|turn|75\n|\n|t:|1700964303\n|switch|p1a: Ribombee|Ribombee, M|69\/100\n|cant|p2a: Reshiram|slp\n|\n|upkeep\n|turn|76\n|\n|t:|1700964326\n|cant|p2a: Reshiram|slp\n|move|p1a: Ribombee|Moonblast|p2a: Reshiram\n|-damage|p2a: Reshiram|52\/100 slp\n|\n|upkeep\n|turn|77\n|\n|t:|1700964352\n|switch|p1a: Ho-Oh|Ho-Oh|100\/100\n|-curestatus|p2a: Reshiram|slp|[msg]\n|move|p2a: Reshiram|Roost|p2a: Reshiram\n|-heal|p2a: Reshiram|100\/100\n|-singleturn|p2a: Reshiram|move: Roost\n|\n|upkeep\n|turn|78\n|\n|t:|1700964378\n|switch|p2a: Alomomola|Alomomola, F|100\/100 brn\n|move|p1a: Ho-Oh|Toxic||[still]\n|-fail|p1a: Ho-Oh\n|\n|-damage|p2a: Alomomola|94\/100 brn|[from] brn\n|upkeep\n|turn|79\n|\n|t:|1700964386\n|switch|p1a: Tangela|Tangela, M, tera:Water|100\/100\n|move|p2a: Alomomola|Flip Turn|p1a: Tangela\n|-resisted|p1a: Tangela\n|-damage|p1a: Tangela|99\/100\n|\n|t:|1700964398\n|switch|p2a: Reshiram|Reshiram|100\/100|[from] Flip Turn\n|-ability|p2a: Reshiram|Turboblaze\n|\n|upkeep\n|turn|80\n|\n|t:|1700964410\n|move|p2a: Reshiram|Dragon Dance|p2a: Reshiram\n|-boost|p2a: Reshiram|atk|1\n|-boost|p2a: Reshiram|spe|1\n|move|p1a: Tangela|Sleep Powder|p2a: Reshiram\n|-status|p2a: Reshiram|slp|[from] move: Sleep Powder\n|\n|upkeep\n|turn|81\n|\n|t:|1700964421\n|switch|p2a: Lucario|Lucario-Mega, M|100\/100\n|switch|p1a: Ribombee|Ribombee, M|69\/100\n|\n|upkeep\n|turn|82\n|\n|t:|1700964430\n|switch|p1a: Tangela|Tangela, M, tera:Water|100\/100\n|move|p2a: Lucario|Bullet Punch|p1a: Tangela\n|-resisted|p1a: Tangela\n|-crit|p1a: Tangela\n|-damage|p1a: Tangela|91\/100\n|\n|upkeep\n|turn|83\n|\n|t:|1700964438\n|move|p1a: Tangela|Protect|p1a: Tangela\n|-singleturn|p1a: Tangela|Protect\n|move|p2a: Lucario|Close Combat|p1a: Tangela\n|-activate|p1a: Tangela|move: Protect\n|\n|upkeep\n|turn|84\n|\n|t:|1700964445\n|switch|p1a: Ho-Oh|Ho-Oh|100\/100\n|move|p2a: Lucario|Close Combat|p1a: Ho-Oh\n|-resisted|p1a: Ho-Oh\n|-damage|p1a: Ho-Oh|74\/100\n|-unboost|p2a: Lucario|def|1\n|-unboost|p2a: Lucario|spd|1\n|\n|upkeep\n|turn|85\n|\n|t:|1700964454\n|switch|p1a: Tangela|Tangela, M, tera:Water|100\/100\n|move|p2a: Lucario|Stone Edge|p1a: Tangela|[miss]\n|-miss|p2a: Lucario|p1a: Tangela\n|\n|upkeep\n|turn|86\n|\n|t:|1700964461\n|move|p2a: Lucario|Crunch|p1a: Tangela\n|-damage|p1a: Tangela|87\/100\n|move|p1a: Tangela|Leech Seed|p2a: Lucario\n|-start|p2a: Lucario|move: Leech Seed\n|\n|-damage|p2a: Lucario|88\/100|[from] Leech Seed|[of] p1a: Tangela\n|-heal|p1a: Tangela|97\/100|[silent]\n|upkeep\n|turn|87\n|\n|t:|1700964470\n|switch|p2a: Alomomola|Alomomola, F|100\/100 brn\n|move|p1a: Tangela|Protect||[still]\n|-fail|p1a: Tangela\n|\n|-damage|p2a: Alomomola|94\/100 brn|[from] brn\n|upkeep\n|turn|88\n|\n|t:|1700964481\n|switch|p1a: Ho-Oh|Ho-Oh|100\/100\n|move|p2a: Alomomola|Wish|p2a: Alomomola\n|\n|-damage|p2a: Alomomola|88\/100 brn|[from] brn\n|upkeep\n|turn|89\n|\n|t:|1700964489\n|switch|p1a: Tangela|Tangela, M, tera:Water|100\/100\n|switch|p2a: Reshiram|Reshiram|100\/100 slp\n|-ability|p2a: Reshiram|Turboblaze\n|\n|upkeep\n|turn|90\n|\n|t:|1700964493\n|cant|p2a: Reshiram|slp\n|move|p1a: Tangela|Leech Seed|p2a: Reshiram\n|-start|p2a: Reshiram|move: Leech Seed\n|\n|-damage|p2a: Reshiram|88\/100 slp|[from] Leech Seed|[of] p1a: Tangela\n|upkeep\n|turn|91\n|\n|t:|1700964503\n|switch|p2a: Alomomola|Alomomola, F|100\/100 brn\n|move|p1a: Tangela|Leech Seed|p2a: Alomomola\n|-start|p2a: Alomomola|move: Leech Seed\n|\n|-damage|p2a: Alomomola|88\/100 brn|[from] Leech Seed|[of] p1a: Tangela\n|-damage|p2a: Alomomola|82\/100 brn|[from] brn\n|upkeep\n|turn|92\n|\n|t:|1700964510\n|move|p1a: Tangela|Protect|p1a: Tangela\n|-singleturn|p1a: Tangela|Protect\n|move|p2a: Alomomola|Wish|p2a: Alomomola\n|\n|-damage|p2a: Alomomola|70\/100 brn|[from] Leech Seed|[of] p1a: Tangela\n|-damage|p2a: Alomomola|63\/100 brn|[from] brn\n|upkeep\n|turn|93\n|\n|t:|1700964523\n|switch|p2a: Reshiram|Reshiram|88\/100 slp\n|-ability|p2a: Reshiram|Turboblaze\n|switch|p1a: Ho-Oh|Ho-Oh|100\/100\n|\n|-heal|p2a: Reshiram|100\/100 slp|[from] move: Wish|[wisher] Alomomola\n|upkeep\n|turn|94\n|\n|t:|1700964534\n|-curestatus|p2a: Reshiram|slp|[msg]\n|move|p2a: Reshiram|Dragon Dance|p2a: Reshiram\n|-boost|p2a: Reshiram|atk|1\n|-boost|p2a: Reshiram|spe|1\n|move|p1a: Ho-Oh|Defog|p2a: Reshiram\n|-unboost|p2a: Reshiram|evasion|1\n|\n|upkeep\n|turn|95\n|\n|t:|1700964544\n|switch|p2a: Alomomola|Alomomola, F|97\/100 brn\n|move|p1a: Ho-Oh|Toxic||[still]\n|-fail|p1a: Ho-Oh\n|\n|-damage|p2a: Alomomola|91\/100 brn|[from] brn\n|upkeep\n|turn|96\n|\n|t:|1700964566\n|switch|p1a: Tangela|Tangela, M, tera:Water|100\/100\n|move|p2a: Alomomola|Wake-Up Slap|p1a: Tangela\n|-damage|p1a: Tangela|98\/100\n|\n|-damage|p2a: Alomomola|84\/100 brn|[from] brn\n|upkeep\n|turn|97\n|\n|t:|1700964581\n|switch|p1a: Ho-Oh|Ho-Oh|100\/100\n|move|p2a: Alomomola|Wish|p2a: Alomomola\n|\n|-damage|p2a: Alomomola|78\/100 brn|[from] brn\n|upkeep\n|turn|98\n|\n|t:|1700964588\n|switch|p1a: Tangela|Tangela, M, tera:Water|100\/100\n|move|p2a: Alomomola|Wake-Up Slap|p1a: Tangela\n|-damage|p1a: Tangela|98\/100\n|\n|-heal|p2a: Alomomola|100\/100 brn|[from] move: Wish|[wisher] Alomomola\n|-damage|p2a: Alomomola|94\/100 brn|[from] brn\n|upkeep\n|turn|99\n|c|\u2606MystroPoken|can u lose already\n|\n|t:|1700964598\n|switch|p2a: Reshiram|Reshiram|100\/100\n|-ability|p2a: Reshiram|Turboblaze\n|switch|p1a: Ho-Oh|Ho-Oh|100\/100\n|\n|upkeep\n|turn|100\n|\n|t:|1700964604\n|switch|p2a: Alomomola|Alomomola, F|100\/100 brn\n|switch|p1a: Tangela|Tangela, M, tera:Water|100\/100\n|\n|-damage|p2a: Alomomola|94\/100 brn|[from] brn\n|upkeep\n|turn|101\n|\n|t:|1700964612\n|switch|p2a: Reshiram|Reshiram|100\/100\n|-ability|p2a: Reshiram|Turboblaze\n|switch|p1a: Ho-Oh|Ho-Oh|100\/100\n|\n|upkeep\n|turn|102\n|\n|t:|1700964618\n|switch|p2a: Alomomola|Alomomola, F|100\/100 brn\n|move|p1a: Ho-Oh|Toxic||[still]\n|-fail|p1a: Ho-Oh\n|\n|-damage|p2a: Alomomola|94\/100 brn|[from] brn\n|upkeep\n|turn|103\n|c|\u2606MystroPoken|pls\n|\n|t:|1700964628\n|switch|p1a: Tangela|Tangela, M, tera:Water|100\/100\n|move|p2a: Alomomola|Flip Turn|p1a: Tangela\n|-resisted|p1a: Tangela\n|-damage|p1a: Tangela|99\/100\n|\n|t:|1700964632\n|switch|p2a: Reshiram|Reshiram|100\/100|[from] Flip Turn\n|-ability|p2a: Reshiram|Turboblaze\n|\n|upkeep\n|turn|104\n|\n|t:|1700964636\n|switch|p2a: Alomomola|Alomomola, F|100\/100 brn\n|move|p1a: Tangela|Sleep Powder||[still]\n|-fail|p1a: Tangela\n|\n|-damage|p2a: Alomomola|94\/100 brn|[from] brn\n|upkeep\n|turn|105\n|\n|t:|1700964645\n|switch|p1a: Ho-Oh|Ho-Oh|100\/100\n|move|p2a: Alomomola|Wake-Up Slap|p1a: Ho-Oh\n|-resisted|p1a: Ho-Oh\n|-damage|p1a: Ho-Oh|99\/100\n|\n|-damage|p2a: Alomomola|88\/100 brn|[from] brn\n|upkeep\n|turn|106\n|\n|t:|1700964654\n|switch|p1a: Tangela|Tangela, M, tera:Water|100\/100\n|move|p2a: Alomomola|Flip Turn|p1a: Tangela\n|-resisted|p1a: Tangela\n|-damage|p1a: Tangela|99\/100\n|\n|t:|1700964664\n|switch|p2a: Chien-Pao|Chien-Pao|100\/100|[from] Flip Turn\n|-ability|p2a: Chien-Pao|Sword of Ruin\n|\n|upkeep\n|turn|107\n|inactive|Battle timer is ON: inactive players will automatically lose when time's up. (requested by MystroPoken)\n|\n|t:|1700964679\n|move|p2a: Chien-Pao|Crunch|p1a: Tangela\n|-crit|p1a: Tangela\n|-damage|p1a: Tangela|64\/100\n|-unboost|p1a: Tangela|def|1\n|move|p1a: Tangela|Sleep Powder|p2a: Chien-Pao\n|-status|p2a: Chien-Pao|slp|[from] move: Sleep Powder\n|\n|upkeep\n|turn|108\n|\n|t:|1700964691\n|switch|p2a: Lucario|Lucario-Mega, M|88\/100\n|switch|p1a: Ribombee|Ribombee, M|69\/100\n|\n|upkeep\n|turn|109\n|\n|t:|1700964699\n|switch|p1a: Tangela|Tangela, M, tera:Water|97\/100\n|move|p2a: Lucario|Bullet Punch|p1a: Tangela\n|-resisted|p1a: Tangela\n|-damage|p1a: Tangela|90\/100\n|\n|upkeep\n|turn|110\n|\n|t:|1700964707\n|move|p1a: Tangela|Protect|p1a: Tangela\n|-singleturn|p1a: Tangela|Protect\n|move|p2a: Lucario|Crunch|p1a: Tangela\n|-activate|p1a: Tangela|move: Protect\n|\n|upkeep\n|turn|111\n|\n|t:|1700964716\n|move|p2a: Lucario|Stone Edge|p1a: Tangela\n|-damage|p1a: Tangela|74\/100\n|move|p1a: Tangela|Sleep Powder|p2a: Lucario|[miss]\n|-miss|p1a: Tangela|p2a: Lucario\n|\n|upkeep\n|turn|112\n|\n|t:|1700964735\n|move|p2a: Lucario|Crunch|p1a: Tangela\n|-damage|p1a: Tangela|60\/100\n|-unboost|p1a: Tangela|def|1\n|move|p1a: Tangela|Sleep Powder|p2a: Lucario\n|-message|Sleep Clause Mod activated.\n|-hint|Sleep Clause Mod prevents players from putting more than one of their opponent's Pok\u00e9mon to sleep at a time\n|\n|upkeep\n|turn|113\n|\n|t:|1700964744\n|switch|p1a: Ho-Oh|Ho-Oh|100\/100\n|move|p2a: Lucario|Stone Edge|p1a: Ho-Oh\n|-supereffective|p1a: Ho-Oh\n|-damage|p1a: Ho-Oh|8\/100\n|\n|upkeep\n|turn|114\n|\n|t:|1700964753\n|switch|p1a: Tangela|Tangela, M, tera:Water|93\/100\n|move|p2a: Lucario|Close Combat|p1a: Tangela\n|-damage|p1a: Tangela|49\/100\n|-unboost|p2a: Lucario|def|1\n|-unboost|p2a: Lucario|spd|1\n|\n|upkeep\n|turn|115\n|\n|t:|1700964762\n|move|p1a: Tangela|Protect|p1a: Tangela\n|-singleturn|p1a: Tangela|Protect\n|move|p2a: Lucario|Close Combat|p1a: Tangela\n|-activate|p1a: Tangela|move: Protect\n|\n|upkeep\n|turn|116\n|\n|t:|1700964769\n|move|p2a: Lucario|Crunch|p1a: Tangela\n|-damage|p1a: Tangela|36\/100\n|move|p1a: Tangela|Leech Seed|p2a: Lucario\n|-start|p2a: Lucario|move: Leech Seed\n|\n|-damage|p2a: Lucario|76\/100|[from] Leech Seed|[of] p1a: Tangela\n|-heal|p1a: Tangela|47\/100|[silent]\n|upkeep\n|turn|117\n|\n|t:|1700964779\n|switch|p2a: Reshiram|Reshiram|100\/100\n|-ability|p2a: Reshiram|Turboblaze\n|move|p1a: Tangela|Protect||[still]\n|-fail|p1a: Tangela\n|\n|upkeep\n|turn|118\n|\n|t:|1700964785\n|switch|p1a: Ho-Oh|Ho-Oh|41\/100\n|move|p2a: Reshiram|Dragon Dance|p2a: Reshiram\n|-boost|p2a: Reshiram|atk|1\n|-boost|p2a: Reshiram|spe|1\n|\n|upkeep\n|turn|119\n|\n|t:|1700964792\n|move|p2a: Reshiram|Dragon Claw|p1a: Ho-Oh\n|-damage|p1a: Ho-Oh|3\/100\n|move|p1a: Ho-Oh|Roost|p1a: Ho-Oh\n|-heal|p1a: Ho-Oh|53\/100\n|-singleturn|p1a: Ho-Oh|move: Roost\n|\n|upkeep\n|turn|120\n|\n|t:|1700964806\n|move|p2a: Reshiram|Dragon Claw|p1a: Ho-Oh\n|-damage|p1a: Ho-Oh|16\/100\n|move|p1a: Ho-Oh|Roost|p1a: Ho-Oh\n|-heal|p1a: Ho-Oh|66\/100\n|-singleturn|p1a: Ho-Oh|move: Roost\n|\n|upkeep\n|turn|121\n|\n|t:|1700964811\n|move|p2a: Reshiram|Dragon Dance|p2a: Reshiram\n|-boost|p2a: Reshiram|atk|1\n|-boost|p2a: Reshiram|spe|1\n|move|p1a: Ho-Oh|Roost|p1a: Ho-Oh\n|-heal|p1a: Ho-Oh|100\/100\n|-singleturn|p1a: Ho-Oh|move: Roost\n|\n|upkeep\n|turn|122\n|\n|t:|1700964816\n|move|p2a: Reshiram|Dragon Claw|p1a: Ho-Oh\n|-damage|p1a: Ho-Oh|51\/100\n|move|p1a: Ho-Oh|Toxic|p2a: Reshiram\n|-status|p2a: Reshiram|tox\n|\n|-damage|p2a: Reshiram|94\/100 tox|[from] psn\n|upkeep\n|turn|123\n|\n|t:|1700964822\n|switch|p1a: Tangela|Tangela, M, tera:Water|80\/100\n|move|p2a: Reshiram|Dragon Claw|p1a: Tangela\n|-damage|p1a: Tangela|43\/100\n|\n|-damage|p2a: Reshiram|82\/100 tox|[from] psn\n|upkeep\n|turn|124\n|inactive|FierceFlamethrower has 270 seconds left.\n|\n|t:|1700964854\n|move|p1a: Tangela|Protect|p1a: Tangela\n|-singleturn|p1a: Tangela|Protect\n|move|p2a: Reshiram|Dragon Claw|p1a: Tangela\n|-activate|p1a: Tangela|move: Protect\n|\n|-damage|p2a: Reshiram|63\/100 tox|[from] psn\n|upkeep\n|turn|125\n|\n|t:|1700964863\n|switch|p1a: Ho-Oh|Ho-Oh|85\/100\n|move|p2a: Reshiram|Flare Blitz|p1a: Ho-Oh\n|-resisted|p1a: Ho-Oh\n|-damage|p1a: Ho-Oh|46\/100\n|-damage|p2a: Reshiram|48\/100 tox|[from] Recoil\n|\n|-damage|p2a: Reshiram|23\/100 tox|[from] psn\n|upkeep\n|turn|126\n|\n|t:|1700964873\n|switch|p2a: Alomomola|Alomomola, F|100\/100 brn\n|switch|p1a: Tangela|Tangela, M, tera:Water|76\/100\n|\n|-damage|p2a: Alomomola|94\/100 brn|[from] brn\n|upkeep\n|turn|127\n|\n|t:|1700964880\n|switch|p1a: Ho-Oh|Ho-Oh|79\/100\n|move|p2a: Alomomola|Wish|p2a: Alomomola\n|\n|-damage|p2a: Alomomola|88\/100 brn|[from] brn\n|upkeep\n|turn|128\n|\n|t:|1700964891\n|switch|p1a: Tangela|Tangela, M, tera:Water|100\/100\n|switch|p2a: Reshiram|Reshiram|23\/100 tox\n|-ability|p2a: Reshiram|Turboblaze\n|\n|-heal|p2a: Reshiram|99\/100 tox|[from] move: Wish|[wisher] Alomomola\n|-damage|p2a: Reshiram|93\/100 tox|[from] psn\n|upkeep\n|turn|129\n|\n|t:|1700964901\n|switch|p2a: Alomomola|Alomomola, F|100\/100 brn\n|move|p1a: Tangela|Leech Seed|p2a: Alomomola\n|-start|p2a: Alomomola|move: Leech Seed\n|\n|-damage|p2a: Alomomola|88\/100 brn|[from] Leech Seed|[of] p1a: Tangela\n|-damage|p2a: Alomomola|82\/100 brn|[from] brn\n|upkeep\n|turn|130\n|\n|t:|1700964908\n|switch|p2a: Reshiram|Reshiram|93\/100 tox\n|-ability|p2a: Reshiram|Turboblaze\n|switch|p1a: Ho-Oh|Ho-Oh|100\/100\n|\n|-damage|p2a: Reshiram|86\/100 tox|[from] psn\n|upkeep\n|turn|131\n|\n|t:|1700964915\n|switch|p2a: Alomomola|Alomomola, F|100\/100 brn\n|switch|p1a: Tangela|Tangela, M, tera:Water|100\/100\n|\n|-damage|p2a: Alomomola|94\/100 brn|[from] brn\n|upkeep\n|turn|132\n|\n|t:|1700964925\n|switch|p2a: Lucario|Lucario-Mega, M|76\/100\n|switch|p1a: Ho-Oh|Ho-Oh|100\/100\n|\n|upkeep\n|turn|133\n|\n|t:|1700964931\n|switch|p2a: Alomomola|Alomomola, F|100\/100 brn\n|move|p1a: Ho-Oh|Sacred Fire|p2a: Alomomola\n|-resisted|p2a: Alomomola\n|-damage|p2a: Alomomola|90\/100 brn\n|\n|-damage|p2a: Alomomola|84\/100 brn|[from] brn\n|upkeep\n|turn|134\n|\n|t:|1700964937\n|switch|p1a: Tangela|Tangela, M, tera:Water|100\/100\n|switch|p2a: Reshiram|Reshiram|86\/100 tox\n|-ability|p2a: Reshiram|Turboblaze\n|\n|-damage|p2a: Reshiram|80\/100 tox|[from] psn\n|upkeep\n|turn|135\n|\n|t:|1700964952\n|switch|p2a: Alomomola|Alomomola, F|100\/100 brn\n|switch|p1a: Ho-Oh|Ho-Oh|100\/100\n|\n|-damage|p2a: Alomomola|94\/100 brn|[from] brn\n|upkeep\n|turn|136\n|\n|t:|1700964961\n|switch|p1a: Tangela|Tangela, M, tera:Water|100\/100\n|move|p2a: Alomomola|Flip Turn|p1a: Tangela\n|-resisted|p1a: Tangela\n|-damage|p1a: Tangela|99\/100\n|\n|t:|1700964967\n|switch|p2a: Lucario|Lucario-Mega, M|76\/100|[from] Flip Turn\n|\n|upkeep\n|turn|137\n|\n|t:|1700964984\n|move|p2a: Lucario|Crunch|p1a: Tangela\n|-damage|p1a: Tangela|84\/100\n|move|p1a: Tangela|Morning Sun|p1a: Tangela\n|-heal|p1a: Tangela|100\/100\n|\n|upkeep\n|turn|138\n|\n|t:|1700964994\n|switch|p2a: Alomomola|Alomomola, F|100\/100 brn\n|switch|p1a: Ho-Oh|Ho-Oh|100\/100\n|\n|-damage|p2a: Alomomola|94\/100 brn|[from] brn\n|upkeep\n|turn|139\n|\n|t:|1700965001\n|switch|p1a: Tangela|Tangela, M, tera:Water|100\/100\n|switch|p2a: Reshiram|Reshiram|80\/100 tox\n|-ability|p2a: Reshiram|Turboblaze\n|\n|-damage|p2a: Reshiram|74\/100 tox|[from] psn\n|upkeep\n|turn|140\n|\n|t:|1700965011\n|switch|p2a: Alomomola|Alomomola, F|100\/100 brn\n|switch|p1a: Ho-Oh|Ho-Oh|100\/100\n|\n|-damage|p2a: Alomomola|94\/100 brn|[from] brn\n|upkeep\n|turn|141\n|\n|t:|1700965017\n|switch|p1a: Tangela|Tangela, M, tera:Water|100\/100\n|switch|p2a: Reshiram|Reshiram|74\/100 tox\n|-ability|p2a: Reshiram|Turboblaze\n|\n|-damage|p2a: Reshiram|68\/100 tox|[from] psn\n|upkeep\n|turn|142\n|\n|t:|1700965026\n|switch|p1a: Ho-Oh|Ho-Oh|100\/100\n|move|p2a: Reshiram|Dragon Claw|p1a: Ho-Oh\n|-damage|p1a: Ho-Oh|77\/100\n|\n|-damage|p2a: Reshiram|55\/100 tox|[from] psn\n|upkeep\n|turn|143\n|\n|t:|1700965033\n|switch|p1a: Tangela|Tangela, M, tera:Water|100\/100\n|move|p2a: Reshiram|Roost|p2a: Reshiram\n|-heal|p2a: Reshiram|100\/100 tox\n|-singleturn|p2a: Reshiram|move: Roost\n|\n|-damage|p2a: Reshiram|82\/100 tox|[from] psn\n|upkeep\n|turn|144\n|\n|t:|1700965041\n|switch|p2a: Alomomola|Alomomola, F|100\/100 brn\n|switch|p1a: Ho-Oh|Ho-Oh|100\/100\n|\n|-damage|p2a: Alomomola|94\/100 brn|[from] brn\n|upkeep\n|turn|145\n|\n|t:|1700965066\n|switch|p1a: Tangela|Tangela, M, tera:Water|100\/100\n|switch|p2a: Reshiram|Reshiram|82\/100 tox\n|-ability|p2a: Reshiram|Turboblaze\n|\n|-damage|p2a: Reshiram|76\/100 tox|[from] psn\n|upkeep\n|turn|146\n|l| omg real exe\n|\n|t:|1700965072\n|switch|p2a: Alomomola|Alomomola, F|100\/100 brn\n|switch|p1a: Ho-Oh|Ho-Oh|100\/100\n|\n|-damage|p2a: Alomomola|94\/100 brn|[from] brn\n|upkeep\n|turn|147\n|j| omg real exe\n|\n|t:|1700965085\n|switch|p1a: Tangela|Tangela, M, tera:Water|100\/100\n|move|p2a: Alomomola|Wish|p2a: Alomomola\n|\n|-damage|p2a: Alomomola|88\/100 brn|[from] brn\n|upkeep\n|turn|148\n|\n|t:|1700965098\n|switch|p2a: Lucario|Lucario-Mega, M|76\/100\n|switch|p1a: Ho-Oh|Ho-Oh|100\/100\n|\n|-heal|p2a: Lucario|100\/100|[from] move: Wish|[wisher] Alomomola\n|upkeep\n|turn|149\n|\n|t:|1700965105\n|switch|p2a: Alomomola|Alomomola, F|100\/100 brn\n|switch|p1a: Tangela|Tangela, M, tera:Water|100\/100\n|\n|-damage|p2a: Alomomola|94\/100 brn|[from] brn\n|upkeep\n|turn|150\n|\n|t:|1700965116\n|switch|p2a: Lucario|Lucario-Mega, M|100\/100\n|switch|p1a: Ho-Oh|Ho-Oh|100\/100\n|\n|upkeep\n|turn|151\n|\n|t:|1700965122\n|switch|p2a: Alomomola|Alomomola, F|100\/100 brn\n|switch|p1a: Tangela|Tangela, M, tera:Water|100\/100\n|\n|-damage|p2a: Alomomola|94\/100 brn|[from] brn\n|upkeep\n|turn|152\n|\n|t:|1700965128\n|switch|p2a: Lucario|Lucario-Mega, M|100\/100\n|switch|p1a: Ho-Oh|Ho-Oh|100\/100\n|\n|upkeep\n|turn|153\n|\n|t:|1700965135\n|switch|p2a: Alomomola|Alomomola, F|100\/100 brn\n|switch|p1a: Tangela|Tangela, M, tera:Water|100\/100\n|\n|-damage|p2a: Alomomola|94\/100 brn|[from] brn\n|upkeep\n|turn|154\n|\n|t:|1700965143\n|switch|p2a: Lucario|Lucario-Mega, M|100\/100\n|switch|p1a: Ho-Oh|Ho-Oh|100\/100\n|\n|upkeep\n|turn|155\n|\n|t:|1700965149\n|switch|p2a: Alomomola|Alomomola, F|100\/100 brn\n|switch|p1a: Tangela|Tangela, M, tera:Water|100\/100\n|\n|-damage|p2a: Alomomola|94\/100 brn|[from] brn\n|upkeep\n|turn|156\n|\n|t:|1700965157\n|switch|p2a: Lucario|Lucario-Mega, M|100\/100\n|switch|p1a: Ho-Oh|Ho-Oh|100\/100\n|\n|upkeep\n|turn|157\n|\n|t:|1700965161\n|switch|p2a: Alomomola|Alomomola, F|100\/100 brn\n|switch|p1a: Tangela|Tangela, M, tera:Water|100\/100\n|\n|-damage|p2a: Alomomola|94\/100 brn|[from] brn\n|upkeep\n|turn|158\n|\n|t:|1700965166\n|switch|p2a: Lucario|Lucario-Mega, M|100\/100\n|switch|p1a: Ho-Oh|Ho-Oh|100\/100\n|\n|upkeep\n|turn|159\n|\n|t:|1700965170\n|switch|p2a: Alomomola|Alomomola, F|100\/100 brn\n|switch|p1a: Tangela|Tangela, M, tera:Water|100\/100\n|\n|-damage|p2a: Alomomola|94\/100 brn|[from] brn\n|upkeep\n|turn|160\n|j| AgencyIsOwn\n|\n|t:|1700965176\n|switch|p2a: Lucario|Lucario-Mega, M|100\/100\n|switch|p1a: Ho-Oh|Ho-Oh|100\/100\n|\n|upkeep\n|turn|161\n|\n|t:|1700965184\n|switch|p2a: Alomomola|Alomomola, F|100\/100 brn\n|switch|p1a: Tangela|Tangela, M, tera:Water|100\/100\n|\n|-damage|p2a: Alomomola|94\/100 brn|[from] brn\n|upkeep\n|turn|162\n|c| AgencyIsOwn|160 turns\n|c|\u2606FierceFlamethrower|;-;\n|c|\u2606MystroPoken|i would draw\n|c|\u2606MystroPoken|but i feel like i win\n|c|\u2606MystroPoken|so no\n|\n|t:|1700965207\n|switch|p2a: Lucario|Lucario-Mega, M|100\/100\n|switch|p1a: Ho-Oh|Ho-Oh|100\/100\n|\n|upkeep\n|turn|163\n|\n|t:|1700965211\n|switch|p2a: Alomomola|Alomomola, F|100\/100 brn\n|switch|p1a: Tangela|Tangela, M, tera:Water|100\/100\n|\n|-damage|p2a: Alomomola|94\/100 brn|[from] brn\n|upkeep\n|turn|164\n|\n|t:|1700965214\n|switch|p2a: Lucario|Lucario-Mega, M|100\/100\n|switch|p1a: Ho-Oh|Ho-Oh|100\/100\n|\n|upkeep\n|turn|165\n|\n|t:|1700965217\n|switch|p2a: Alomomola|Alomomola, F|100\/100 brn\n|switch|p1a: Tangela|Tangela, M, tera:Water|100\/100\n|\n|-damage|p2a: Alomomola|94\/100 brn|[from] brn\n|upkeep\n|turn|166\n|\n|t:|1700965219\n|switch|p2a: Lucario|Lucario-Mega, M|100\/100\n|switch|p1a: Ho-Oh|Ho-Oh|100\/100\n|\n|upkeep\n|turn|167\n|l| AgencyIsOwn\n|\n|t:|1700965222\n|switch|p2a: Alomomola|Alomomola, F|100\/100 brn\n|switch|p1a: Tangela|Tangela, M, tera:Water|100\/100\n|\n|-damage|p2a: Alomomola|94\/100 brn|[from] brn\n|upkeep\n|turn|168\n|\n|t:|1700965227\n|switch|p2a: Lucario|Lucario-Mega, M|100\/100\n|switch|p1a: Ho-Oh|Ho-Oh|100\/100\n|\n|upkeep\n|turn|169\n|\n|t:|1700965232\n|switch|p2a: Alomomola|Alomomola, F|100\/100 brn\n|switch|p1a: Tangela|Tangela, M, tera:Water|100\/100\n|\n|-damage|p2a: Alomomola|94\/100 brn|[from] brn\n|upkeep\n|turn|170\n|\n|t:|1700965235\n|switch|p2a: Lucario|Lucario-Mega, M|100\/100\n|switch|p1a: Ho-Oh|Ho-Oh|100\/100\n|\n|upkeep\n|turn|171\n|c| omg real exe|draw by repetition like in chess rn\n|\n|t:|1700965240\n|switch|p2a: Alomomola|Alomomola, F|100\/100 brn\n|switch|p1a: Tangela|Tangela, M, tera:Water|100\/100\n|\n|-damage|p2a: Alomomola|94\/100 brn|[from] brn\n|upkeep\n|turn|172\n|c|\u2606MystroPoken|frfr\n|c|\u2606FierceFlamethrower|if we draw what happens\n|\n|t:|1700965250\n|switch|p2a: Lucario|Lucario-Mega, M|100\/100\n|switch|p1a: Ho-Oh|Ho-Oh|100\/100\n|\n|upkeep\n|turn|173\n|\n|t:|1700965252\n|switch|p2a: Alomomola|Alomomola, F|100\/100 brn\n|switch|p1a: Tangela|Tangela, M, tera:Water|100\/100\n|\n|-damage|p2a: Alomomola|94\/100 brn|[from] brn\n|upkeep\n|turn|174\n|c| omg real exe|rematch\n|c|\u2606MystroPoken|?\n|c|\u2606MystroPoken|nah\n|\n|t:|1700965267\n|switch|p2a: Lucario|Lucario-Mega, M|100\/100\n|switch|p1a: Ho-Oh|Ho-Oh|100\/100\n|\n|upkeep\n|turn|175\n|c|\u2606FierceFlamethrower|then win smh\n|c| omg real exe|the early game should go differently\n|c|\u2606MystroPoken|can we just do 0.5 to 0.5\n|\n|t:|1700965279\n|switch|p2a: Alomomola|Alomomola, F|100\/100 brn\n|switch|p1a: Tangela|Tangela, M, tera:Water|100\/100\n|\n|-damage|p2a: Alomomola|94\/100 brn|[from] brn\n|upkeep\n|turn|176\n|c| omg real exe|sure ig\n|\n|t:|1700965282\n|switch|p2a: Lucario|Lucario-Mega, M|100\/100\n|switch|p1a: Ho-Oh|Ho-Oh|100\/100\n|\n|upkeep\n|turn|177\n|c|\u2606FierceFlamethrower|wdym\n|c|\u2606MystroPoken|fierce?\n|c|\u2606MystroPoken|u fine with that?\n|c|\u2606MystroPoken|0.5 to me\n|c|\u2606FierceFlamethrower|what is that\n|c|\u2606MystroPoken|0.5 to u\n|c|\u2606FierceFlamethrower|oh\n|c|\u2606MystroPoken|draw\n|c|\u2606MystroPoken|?\n|c|\u2606FierceFlamethrower|ask foop\n|\n|t:|1700965305\n|switch|p2a: Alomomola|Alomomola, F|100\/100 brn\n|switch|p1a: Tangela|Tangela, M, tera:Water|100\/100\n|\n|-damage|p2a: Alomomola|94\/100 brn|[from] brn\n|upkeep\n|turn|178\n|l| omg real exe\n|\n|t:|1700965314\n|switch|p2a: Lucario|Lucario-Mega, M|100\/100\n|switch|p1a: Ho-Oh|Ho-Oh|100\/100\n|\n|upkeep\n|turn|179\n|j| omg real exe\n|c|\u2606FierceFlamethrower|this is endless switch clause LOL\n|\n|t:|1700965323\n|switch|p2a: Alomomola|Alomomola, F|100\/100 brn\n|switch|p1a: Tangela|Tangela, M, tera:Water|100\/100\n|\n|-damage|p2a: Alomomola|94\/100 brn|[from] brn\n|upkeep\n|turn|180\n|\n|t:|1700965328\n|switch|p2a: Lucario|Lucario-Mega, M|100\/100\n|switch|p1a: Ho-Oh|Ho-Oh|100\/100\n|\n|upkeep\n|turn|181\n|c|\u2606MystroPoken|lol\n|\n|t:|1700965331\n|switch|p2a: Alomomola|Alomomola, F|100\/100 brn\n|switch|p1a: Tangela|Tangela, M, tera:Water|100\/100\n|\n|-damage|p2a: Alomomola|94\/100 brn|[from] brn\n|upkeep\n|turn|182\n|c|\u2606FierceFlamethrower|why is reshiram so weak\n|c|\u2606MystroPoken|dk man\n|\n|t:|1700965360\n|switch|p2a: Lucario|Lucario-Mega, M|100\/100\n|switch|p1a: Ho-Oh|Ho-Oh|100\/100\n|\n|upkeep\n|turn|183\n|c| omg real exe|idk maybe don\u2019t bring only one special breaker vs tangela\n|\n|t:|1700965384\n|switch|p2a: Alomomola|Alomomola, F|100\/100 brn\n|switch|p1a: Tangela|Tangela, M, tera:Water|100\/100\n|\n|-damage|p2a: Alomomola|94\/100 brn|[from] brn\n|upkeep\n|turn|184\n|c|\u2606FierceFlamethrower|I honestly forgot he had tangela this was a one minute build\n|c|\u2606FierceFlamethrower|loool\n|c|\u2606MystroPoken|:skull:\n|\n|t:|1700965396\n|switch|p2a: Lucario|Lucario-Mega, M|100\/100\n|switch|p1a: Ho-Oh|Ho-Oh|100\/100\n|\n|upkeep\n|turn|185\n|c|\u2606MystroPoken|draw?\n|c|\u2606FierceFlamethrower|also mu in general sucked\n|\n|t:|1700965410\n|switch|p2a: Alomomola|Alomomola, F|100\/100 brn\n|switch|p1a: Tangela|Tangela, M, tera:Water|100\/100\n|\n|-damage|p2a: Alomomola|94\/100 brn|[from] brn\n|upkeep\n|turn|186\n|c|\u2606MystroPoken|exe allows a draw\n|\n|t:|1700965425\n|switch|p2a: Lucario|Lucario-Mega, M|100\/100\n|switch|p1a: Ho-Oh|Ho-Oh|100\/100\n|\n|upkeep\n|turn|187\n|\n|t:|1700965431\n|switch|p2a: Alomomola|Alomomola, F|100\/100 brn\n|switch|p1a: Tangela|Tangela, M, tera:Water|100\/100\n|\n|-damage|p2a: Alomomola|94\/100 brn|[from] brn\n|upkeep\n|turn|188\n|\n|t:|1700965437\n|switch|p2a: Lucario|Lucario-Mega, M|100\/100\n|switch|p1a: Ho-Oh|Ho-Oh|100\/100\n|\n|upkeep\n|turn|189\n|\n|t:|1700965441\n|switch|p2a: Alomomola|Alomomola, F|100\/100 brn\n|switch|p1a: Tangela|Tangela, M, tera:Water|100\/100\n|\n|-damage|p2a: Alomomola|94\/100 brn|[from] brn\n|upkeep\n|turn|190\n|c|\u2606MystroPoken|bro\n|\n|t:|1700965450\n|switch|p2a: Lucario|Lucario-Mega, M|100\/100\n|switch|p1a: Ho-Oh|Ho-Oh|100\/100\n|\n|upkeep\n|turn|191\n|c|\u2606MystroPoken|if i didnt burn a;lolamola\n|c|\u2606MystroPoken|i couldve toxiced it\n|c|\u2606MystroPoken|LOL\n|c|\u2606FierceFlamethrower|yeah lol\n|c|\u2606MystroPoken|mb\n|\n|t:|1700965465\n|switch|p2a: Alomomola|Alomomola, F|100\/100 brn\n|switch|p1a: Tangela|Tangela, M, tera:Water|100\/100\n|\n|-damage|p2a: Alomomola|94\/100 brn|[from] brn\n|upkeep\n|turn|192\n|\n|t:|1700965468\n|switch|p2a: Lucario|Lucario-Mega, M|100\/100\n|switch|p1a: Ho-Oh|Ho-Oh|100\/100\n|\n|upkeep\n|turn|193\n|\n|t:|1700965471\n|switch|p2a: Alomomola|Alomomola, F|100\/100 brn\n|switch|p1a: Tangela|Tangela, M, tera:Water|100\/100\n|\n|-damage|p2a: Alomomola|94\/100 brn|[from] brn\n|upkeep\n|turn|194\n|c| The Generates|wait this shit hasnt ended?\n|c|\u2606MystroPoken|me when good rng is bad rng:\n|\n|t:|1700965480\n|switch|p2a: Lucario|Lucario-Mega, M|100\/100\n|switch|p1a: Ho-Oh|Ho-Oh|100\/100\n|\n|upkeep\n|turn|195\n|c|\u2606MystroPoken|nop\n|c|\u2606FierceFlamethrower|its an endless battle loop\\\n|\n|t:|1700965486\n|switch|p2a: Alomomola|Alomomola, F|100\/100 brn\n|switch|p1a: Tangela|Tangela, M, tera:Water|100\/100\n|\n|-damage|p2a: Alomomola|94\/100 brn|[from] brn\n|upkeep\n|turn|196\n|c|\u2606MystroPoken|draw?\n|c|\u2606FierceFlamethrower|no one can break the other LOL\n|c|\u2606MystroPoken|draw?\n|\n|t:|1700965494\n|switch|p2a: Lucario|Lucario-Mega, M|100\/100\n|switch|p1a: Ho-Oh|Ho-Oh|100\/100\n|\n|upkeep\n|turn|197\n|c|\u2606MystroPoken|draw?\n|c|\u2606MystroPoken|draw?\n|c|\u2606MystroPoken|draw?\n|c|\u2606MystroPoken|draw?\n|c|\u2606MystroPoken|draw?\n|\n|t:|1700965497\n|switch|p2a: Alomomola|Alomomola, F|100\/100 brn\n|switch|p1a: Tangela|Tangela, M, tera:Water|100\/100\n|\n|-damage|p2a: Alomomola|94\/100 brn|[from] brn\n|upkeep\n|turn|198\n|c| The Generates|are yall allowed to agree on a draw or something\n|\n|t:|1700965501\n|switch|p2a: Lucario|Lucario-Mega, M|100\/100\n|switch|p1a: Ho-Oh|Ho-Oh|100\/100\n|\n|upkeep\n|turn|199\n|c| omg real exe|\/\/draw\n|c| The Generates|i actually dont know if u cant\n|c| omg real exe|enter that\n|c|\u2606MystroPoken|\/\/draw\n|c|\u2606FierceFlamethrower|can we ask foop first\n|\n|t:|1700965523\n|switch|p2a: Alomomola|Alomomola, F|100\/100 brn\n|switch|p1a: Tangela|Tangela, M, tera:Water|100\/100\n|\n|-damage|p2a: Alomomola|94\/100 brn|[from] brn\n|upkeep\n|turn|200\n|c|\u2606MystroPoken|foop is sleeping\n|c| omg real exe|\/\/offerdraw\n|c|\u2606MystroPoken|nerd\n|\n|t:|1700965530\n|switch|p2a: Lucario|Lucario-Mega, M|100\/100\n|switch|p1a: Ho-Oh|Ho-Oh|100\/100\n|\n|upkeep\n|turn|201\n|c| omg real exe|not like anyone can winnanyway\nMystroPoken is offering a tie.\n|c|\u2606MystroPoken|i offered\n|c|\u2606MystroPoken|now accept\n|c|\u2606MystroPoken|bozo\n|c|\u2606FierceFlamethrower|ok fine\nFierceFlamethrower accepted the tie.\n|\n|tie\n","uploadtime":1700965552,"views":39,"p1id":"mystropoken","p2id":"fierceflamethrower","formatid":"gen9nationaldexubers","rating":0,"private":0,"password":""}