{"id":"gen9nationaldexubers-1978810907","p1":"Whatismyteam420","p2":"TheCreatorInKPaint","format":"[Gen 9] National Dex Ubers","log":"|j|\u2606Whatismyteam420\n|j|\u2606TheCreatorInKPaint\n|t:|1698598017\n|gametype|singles\n|player|p1|Whatismyteam420|cheren|\n|player|p2|TheCreatorInKPaint|veteran|\n|teamsize|p1|6\n|teamsize|p2|6\n|gen|9\n|tier|[Gen 9] National Dex Ubers\n|rule|HP Percentage Mod: HP is shown in percentages\n|rule|Endless Battle Clause: Forcing endless battles is banned\n|rule|OHKO Clause: OHKO moves are banned\n|rule|Evasion Moves Clause: Evasion moves are banned\n|rule|Evasion Items Clause: Evasion items are banned\n|rule|Species Clause: Limit one of each Pok\u00e9mon\n|rule|Sleep Clause Mod: Limit one foe put to sleep\n|rule|Mega Rayquaza Clause: You cannot mega evolve Rayquaza\n|clearpoke\n|poke|p1|Lucario, M|\n|poke|p1|Espeon, M|\n|poke|p1|Ursaring, M|\n|poke|p1|Swalot, F|\n|poke|p1|Golisopod, F|\n|poke|p1|Kingambit, M|\n|poke|p2|Inteleon, M|\n|poke|p2|Cinderace, F|\n|poke|p2|Rillaboom, M|\n|poke|p2|Toxtricity, M|\n|poke|p2|Gardevoir, F|\n|poke|p2|Dragapult, M|\n|teampreview\n|\n|t:|1698598050\n|start\n|switch|p1a: Yoda|Espeon, M, shiny|100\/100\n|switch|p2a: Sniper|Inteleon, M|100\/100\n|turn|1\n|\n|t:|1698598056\n|move|p2a: Sniper|Dark Pulse|p1a: Yoda\n|-supereffective|p1a: Yoda\n|-damage|p1a: Yoda|38\/100\n|move|p1a: Yoda|Future Sight|p2a: Sniper\n|-start|p1a: Yoda|move: Future Sight\n|\n|-heal|p1a: Yoda|44\/100|[from] item: Leftovers\n|upkeep\n|turn|2\n|\n|t:|1698598064\n|move|p1a: Yoda|Protect|p1a: Yoda\n|-singleturn|p1a: Yoda|Protect\n|move|p2a: Sniper|U-turn|p1a: Yoda\n|-activate|p1a: Yoda|move: Protect\n|\n|-heal|p1a: Yoda|50\/100|[from] item: Leftovers\n|upkeep\n|turn|3\n|\n|t:|1698598074\n|move|p2a: Sniper|Dark Pulse|p1a: Yoda\n|-supereffective|p1a: Yoda\n|-damage|p1a: Yoda|0 fnt\n|faint|p1a: Yoda\n|\n|-end|p2a: Sniper|move: Future Sight\n|-damage|p2a: Sniper|5\/100\n|upkeep\n|\n|t:|1698598080\n|switch|p1a: Grevious|Golisopod, F, shiny|100\/100\n|turn|4\n|\n|t:|1698598088\n|move|p1a: Grevious|First Impression|p2a: Sniper\n|-damage|p2a: Sniper|0 fnt\n|faint|p2a: Sniper\n|\n|upkeep\n|\n|t:|1698598090\n|switch|p2a: Toxtricity|Toxtricity, M, shiny|100\/100\n|turn|5\n|\n|t:|1698598097\n|move|p2a: Toxtricity|Shift Gear|p2a: Toxtricity\n|-boost|p2a: Toxtricity|spe|2\n|-boost|p2a: Toxtricity|atk|1\n|move|p1a: Grevious|Taunt|p2a: Toxtricity\n|-start|p2a: Toxtricity|move: Taunt\n|\n|upkeep\n|turn|6\n|\n|t:|1698598105\n|-terastallize|p2a: Toxtricity|Normal\n|move|p1a: Grevious|Sucker Punch|p2a: Toxtricity\n|-damage|p2a: Toxtricity|67\/100\n|move|p2a: Toxtricity|Boomburst|p1a: Grevious\n|-damage|p1a: Grevious|0 fnt\n|faint|p1a: Grevious\n|-enditem|p2a: Toxtricity|Throat Spray\n|-boost|p2a: Toxtricity|spa|1|[from] item: Throat Spray\n|\n|upkeep\n|\n|t:|1698598119\n|switch|p1a: Luke|Lucario, M|100\/100\n|turn|7\n|\n|t:|1698598130\n|detailschange|p1a: Luke|Lucario-Mega, M\n|-mega|p1a: Luke|Lucario|Lucarionite\n|move|p2a: Toxtricity|Overdrive|p1a: Luke\n|-damage|p1a: Luke|0 fnt\n|faint|p1a: Luke\n|\n|upkeep\n|\n|t:|1698598177\n|switch|p1a: Chewie|Ursaring, M|100\/100\n|turn|8\n|\n|t:|1698598182\n|move|p2a: Toxtricity|Boomburst|p1a: Chewie\n|-damage|p1a: Chewie|0 fnt\n|faint|p1a: Chewie\n|\n|-end|p2a: Toxtricity|move: Taunt\n|upkeep\n|\n|t:|1698598202\n|switch|p1a: Jabba|Swalot, F, shiny|100\/100\n|turn|9\n|\n|t:|1698598211\n|move|p2a: Toxtricity|Boomburst|p1a: Jabba\n|-damage|p1a: Jabba|7\/100\n|move|p1a: Jabba|Destiny Bond|p1a: Jabba\n|-singlemove|p1a: Jabba|Destiny Bond\n|\n|upkeep\n|turn|10\n|\n|t:|1698598218\n|move|p2a: Toxtricity|Shift Gear|p2a: Toxtricity\n|-boost|p2a: Toxtricity|spe|2\n|-boost|p2a: Toxtricity|atk|1\n|move|p1a: Jabba|Encore|p2a: Toxtricity\n|-start|p2a: Toxtricity|Encore\n|\n|upkeep\n|turn|11\n|\n|t:|1698598227\n|switch|p1a: Vader|Kingambit, M|100\/100\n|-activate|p1a: Vader|ability: Supreme Overlord\n|-start|p1a: Vader|fallen4|[silent]\n|move|p2a: Toxtricity|Shift Gear|p2a: Toxtricity\n|-boost|p2a: Toxtricity|spe|2\n|-boost|p2a: Toxtricity|atk|1\n|\n|upkeep\n|turn|12\n|\n|t:|1698598237\n|move|p2a: Toxtricity|Shift Gear|p2a: Toxtricity\n|-boost|p2a: Toxtricity|spe|0\n|-boost|p2a: Toxtricity|atk|1\n|move|p1a: Vader|Swords Dance|p1a: Vader\n|-boost|p1a: Vader|atk|2\n|\n|upkeep\n|turn|13\n|\n|t:|1698598255\n|move|p2a: Toxtricity|Shift Gear|p2a: Toxtricity\n|-boost|p2a: Toxtricity|spe|0\n|-boost|p2a: Toxtricity|atk|1\n|move|p1a: Vader|Swords Dance|p1a: Vader\n|-boost|p1a: Vader|atk|2\n|\n|-end|p2a: Toxtricity|Encore\n|upkeep\n|turn|14\n|\n|t:|1698598269\n|move|p1a: Vader|Sucker Punch||[still]\n|-fail|p1a: Vader\n|move|p2a: Toxtricity|Shift Gear|p2a: Toxtricity\n|-boost|p2a: Toxtricity|spe|0\n|-boost|p2a: Toxtricity|atk|1\n|\n|upkeep\n|turn|15\n|\n|t:|1698598277\n|move|p1a: Vader|Sucker Punch|p2a: Toxtricity\n|-damage|p2a: Toxtricity|0 fnt\n|faint|p2a: Toxtricity\n|\n|upkeep\n|\n|t:|1698598317\n|switch|p2a: Rocket|Dragapult, M|100\/100\n|turn|16\n|\n|t:|1698598323\n|move|p2a: Rocket|Dragon Dance|p2a: Rocket\n|-boost|p2a: Rocket|atk|1\n|-boost|p2a: Rocket|spe|1\n|move|p1a: Vader|Kowtow Cleave|p2a: Rocket\n|-supereffective|p2a: Rocket\n|-damage|p2a: Rocket|0 fnt\n|faint|p2a: Rocket\n|\n|upkeep\n|\n|t:|1698598326\n|switch|p2a: Bonker|Rillaboom, M|100\/100\n|-fieldstart|move: Grassy Terrain|[from] ability: Grassy Surge|[of] p2a: Bonker\n|turn|17\n|\n|t:|1698598360\n|move|p2a: Bonker|Grassy Glide|p1a: Vader\n|-resisted|p1a: Vader\n|-crit|p1a: Vader\n|-damage|p1a: Vader|70\/100\n|move|p1a: Vader|Sucker Punch||[still]\n|-fail|p1a: Vader\n|\n|-heal|p1a: Vader|76\/100|[from] Grassy Terrain\n|upkeep\n|turn|18\n|\n|t:|1698598369\n|move|p2a: Bonker|Grassy Glide|p1a: Vader\n|-resisted|p1a: Vader\n|-damage|p1a: Vader|55\/100\n|move|p1a: Vader|Kowtow Cleave|p2a: Bonker\n|-damage|p2a: Bonker|0 fnt\n|faint|p2a: Bonker\n|\n|-heal|p1a: Vader|62\/100|[from] Grassy Terrain\n|upkeep\n|\n|t:|1698598376\n|switch|p2a: Bonni|Cinderace, F|100\/100\n|turn|19\n|\n|t:|1698598382\n|-terastallize|p1a: Vader|Dark\n|move|p1a: Vader|Sucker Punch|p2a: Bonni\n|-damage|p2a: Bonni|0 fnt\n|faint|p2a: Bonni\n|\n|-heal|p1a: Vader|68\/100|[from] Grassy Terrain\n|upkeep\n|\n|t:|1698598389\n|switch|p2a: Queen|Gardevoir, F, shiny|100\/100\n|-activate|p2a: Queen|ability: Supreme Overlord\n|-start|p2a: Queen|fallen5|[silent]\n|-ability|p2a: Queen|Supreme Overlord|[from] ability: Trace|[of] p1a: Vader\n|turn|20\n|\n|t:|1698598412\n|move|p1a: Vader|Sucker Punch|p2a: Queen\n|-damage|p2a: Queen|0 fnt\n|faint|p2a: Queen\n|-end|p2a: Queen|fallen5|[silent]\n|\n|win|Whatismyteam420\n|l|\u2606TheCreatorInKPaint\n","uploadtime":1698598499,"views":14,"p1id":"whatismyteam420","p2id":"thecreatorinkpaint","formatid":"gen9nationaldexubers","rating":0,"private":0,"password":""}