{"id":"gen9nationaldexubers-1995016456","p1":"Ahardlakarnis","p2":"GuriaN oF AurA","format":"[Gen 9] National Dex Ubers","log":"|j|\u2606Ahardlakarnis\n|j|\u2606GuriaN oF AurA\n|t:|1700513696\n|gametype|singles\n|player|p1|Ahardlakarnis|skyla|1165\n|player|p2|GuriaN oF AurA|riley|1062\n|teamsize|p1|6\n|teamsize|p2|6\n|gen|9\n|tier|[Gen 9] National Dex Ubers\n|rated|\n|rule|HP Percentage Mod: HP is shown in percentages\n|rule|Endless Battle Clause: Forcing endless battles is banned\n|rule|OHKO Clause: OHKO moves are banned\n|rule|Evasion Moves Clause: Evasion moves are banned\n|rule|Evasion Items Clause: Evasion items are banned\n|rule|Species Clause: Limit one of each Pok\u00e9mon\n|rule|Sleep Clause Mod: Limit one foe put to sleep\n|rule|Mega Rayquaza Clause: You cannot mega evolve Rayquaza\n|clearpoke\n|poke|p1|Dragapult, F|\n|poke|p1|Ferrothorn, F|\n|poke|p1|Incineroar, M|\n|poke|p1|Milotic, M|\n|poke|p1|Greninja-*, F|\n|poke|p1|Lopunny, M|\n|poke|p2|Nosepass, L1, M|\n|poke|p2|Blissey, F|\n|poke|p2|Garchomp, M|\n|poke|p2|Urshifu-*, F|\n|poke|p2|Regieleki|\n|poke|p2|Dragapult, F|\n|teampreview\n|inactive|Battle timer is ON: inactive players will automatically lose when time's up. (requested by Ahardlakarnis)\n|\n|t:|1700513717\n|start\n|switch|p1a: Greninja|Greninja, F|100\/100\n|switch|p2a: I go EggS|Blissey, F, shiny|100\/100\n|turn|1\n|\n|t:|1700513726\n|move|p1a: Greninja|Taunt|p2a: I go EggS\n|-start|p2a: I go EggS|move: Taunt\n|cant|p2a: I go EggS|move: Taunt|Calm Mind\n|\n|upkeep\n|turn|2\n|\n|t:|1700513738\n|switch|p2a: I am fast as fuck|Regieleki|100\/100\n|move|p1a: Greninja|Toxic Spikes|p2a: I am fast as fuck\n|-sidestart|p2: GuriaN oF AurA|move: Toxic Spikes\n|\n|upkeep\n|turn|3\n|\n|t:|1700513746\n|move|p2a: I am fast as fuck|Thunder Cage|p1a: Greninja\n|-supereffective|p1a: Greninja\n|-enditem|p1a: Greninja|Focus Sash\n|-damage|p1a: Greninja|1\/100\n|-activate|p1a: Greninja|move: Thunder Cage|[of] p2a: I am fast as fuck\n|move|p1a: Greninja|Toxic Spikes|p2a: I am fast as fuck\n|-sidestart|p2: GuriaN oF AurA|move: Toxic Spikes\n|\n|-damage|p1a: Greninja|0 fnt|[from] move: Thunder Cage|[partiallytrapped]\n|faint|p1a: Greninja\n|upkeep\n|\n|t:|1700513756\n|switch|p1a: Incineroar|Incineroar, M|100\/100\n|-ability|p1a: Incineroar|Intimidate|boost\n|-unboost|p2a: I am fast as fuck|atk|1\n|turn|4\n|\n|t:|1700513761\n|move|p1a: Incineroar|Fake Out|p2a: I am fast as fuck\n|-damage|p2a: I am fast as fuck|81\/100\n|cant|p2a: I am fast as fuck|flinch\n|\n|-heal|p2a: I am fast as fuck|87\/100|[from] item: Leftovers\n|upkeep\n|turn|5\n|\n|t:|1700513769\n|move|p2a: I am fast as fuck|Reflect|p2a: I am fast as fuck\n|-sidestart|p2: GuriaN oF AurA|Reflect\n|move|p1a: Incineroar|Knock Off|p2a: I am fast as fuck\n|-damage|p2a: I am fast as fuck|48\/100\n|-enditem|p2a: I am fast as fuck|Leftovers|[from] move: Knock Off|[of] p1a: Incineroar\n|\n|upkeep\n|turn|6\n|\n|t:|1700513778\n|move|p2a: I am fast as fuck|Light Screen|p2a: I am fast as fuck\n|-sidestart|p2: GuriaN oF AurA|move: Light Screen\n|move|p1a: Incineroar|Parting Shot|p2a: I am fast as fuck\n|-unboost|p2a: I am fast as fuck|atk|1\n|-unboost|p2a: I am fast as fuck|spa|1\n|\n|t:|1700513784\n|switch|p1a: Lopunny|Lopunny, M|100\/100|[from] Parting Shot\n|\n|upkeep\n|turn|7\n|\n|t:|1700513791\n|detailschange|p1a: Lopunny|Lopunny-Mega, M\n|-mega|p1a: Lopunny|Lopunny|Lopunnite\n|move|p1a: Lopunny|Fake Out|p2a: I am fast as fuck\n|-damage|p2a: I am fast as fuck|27\/100\n|cant|p2a: I am fast as fuck|flinch\n|\n|upkeep\n|turn|8\n|\n|t:|1700513799\n|move|p2a: I am fast as fuck|Thunder Cage|p1a: Lopunny\n|-damage|p1a: Lopunny|64\/100\n|-activate|p1a: Lopunny|move: Thunder Cage|[of] p2a: I am fast as fuck\n|move|p1a: Lopunny|Return|p2a: I am fast as fuck\n|-damage|p2a: I am fast as fuck|0 fnt\n|faint|p2a: I am fast as fuck\n|\n|-end|p1a: Lopunny|Thunder Cage|[partiallytrapped]|[silent]\n|upkeep\n|\n|t:|1700513807\n|switch|p2a: NoseGoD|Nosepass, L1, M, shiny|100\/100\n|-status|p2a: NoseGoD|tox\n|turn|9\n|\n|t:|1700513825\n|switch|p1a: Dragapult|Dragapult, F|100\/100\n|move|p2a: NoseGoD|Pain Split|p1a: Dragapult\n|-sethp|p1a: Dragapult|52\/100|[from] move: Pain Split|[silent]\n|-sethp|p2a: NoseGoD|100\/100 tox|[from] move: Pain Split\n|\n|-damage|p2a: NoseGoD|91\/100 tox|[from] psn\n|-sideend|p2: GuriaN oF AurA|Reflect\n|upkeep\n|turn|10\n|\n|t:|1700513837\n|move|p1a: Dragapult|Hex|p2a: NoseGoD\n|-damage|p2a: NoseGoD|0 fnt\n|faint|p2a: NoseGoD\n|\n|-sideend|p2: GuriaN oF AurA|move: Light Screen\n|upkeep\n|\n|t:|1700513844\n|switch|p2a: I kill my children|Dragapult, F, shiny|100\/100\n|-status|p2a: I kill my children|tox\n|turn|11\n|\n|t:|1700513860\n|switch|p1a: Incineroar|Incineroar, M|100\/100\n|-ability|p1a: Incineroar|Intimidate|boost\n|-fail|p2a: I kill my children|unboost|[from] ability: Clear Body|[of] p2a: I kill my children\n|move|p2a: I kill my children|Outrage|p1a: Incineroar\n|-damage|p1a: Incineroar|25\/100\n|-damage|p2a: I kill my children|91\/100 tox|[from] item: Life Orb\n|\n|-damage|p2a: I kill my children|85\/100 tox|[from] psn\n|upkeep\n|turn|12\n|\n|t:|1700513873\n|switch|p1a: Ferrothorn|Ferrothorn, F|100\/100\n|move|p2a: I kill my children|Outrage|p1a: Ferrothorn|[from]lockedmove\n|-resisted|p1a: Ferrothorn\n|-damage|p1a: Ferrothorn|76\/100\n|-damage|p2a: I kill my children|73\/100 tox|[from] ability: Iron Barbs|[of] p1a: Ferrothorn\n|-damage|p2a: I kill my children|56\/100 tox|[from] item: Rocky Helmet|[of] p1a: Ferrothorn\n|-damage|p2a: I kill my children|46\/100 tox|[from] item: Life Orb\n|\n|-damage|p2a: I kill my children|34\/100 tox|[from] psn\n|upkeep\n|turn|13\n|\n|t:|1700513887\n|move|p2a: I kill my children|Outrage|p1a: Ferrothorn|[from]lockedmove\n|-resisted|p1a: Ferrothorn\n|-damage|p1a: Ferrothorn|50\/100\n|-damage|p2a: I kill my children|22\/100 tox|[from] ability: Iron Barbs|[of] p1a: Ferrothorn\n|-damage|p2a: I kill my children|5\/100 tox|[from] item: Rocky Helmet|[of] p1a: Ferrothorn\n|-damage|p2a: I kill my children|0 fnt|[from] item: Life Orb\n|faint|p2a: I kill my children\n|move|p1a: Ferrothorn|Leech Seed|p2: I kill my children|[notarget]\n|-fail|p1a: Ferrothorn\n|\n|upkeep\n|\n|t:|1700513899\n|switch|p2a: Forgot to swim|Garchomp, M|100\/100\n|-status|p2a: Forgot to swim|tox\n|turn|14\n|\n|t:|1700513904\n|move|p2a: Forgot to swim|Swords Dance|p2a: Forgot to swim\n|-boost|p2a: Forgot to swim|atk|2\n|move|p1a: Ferrothorn|Leech Seed|p2a: Forgot to swim\n|-start|p2a: Forgot to swim|move: Leech Seed\n|\n|-damage|p2a: Forgot to swim|88\/100 tox|[from] Leech Seed|[of] p1a: Ferrothorn\n|-heal|p1a: Ferrothorn|63\/100|[silent]\n|-damage|p2a: Forgot to swim|82\/100 tox|[from] psn\n|upkeep\n|turn|15\n|\n|t:|1700513916\n|move|p2a: Forgot to swim|Earthquake|p1a: Ferrothorn\n|-damage|p1a: Ferrothorn|0 fnt\n|faint|p1a: Ferrothorn\n|\n|-damage|p2a: Forgot to swim|70\/100 tox|[from] psn\n|upkeep\n|\n|t:|1700513921\n|switch|p1a: Dragapult|Dragapult, F|52\/100\n|turn|16\n|\n|t:|1700513927\n|move|p1a: Dragapult|Draco Meteor|p2a: Forgot to swim\n|-supereffective|p2a: Forgot to swim\n|-damage|p2a: Forgot to swim|0 fnt\n|-unboost|p1a: Dragapult|spa|2\n|faint|p2a: Forgot to swim\n|\n|upkeep\n|\n|t:|1700513934\n|switch|p2a: I go EggS|Blissey, F, shiny|100\/100\n|-status|p2a: I go EggS|tox\n|turn|17\n|\n|t:|1700513940\n|switch|p1a: Incineroar|Incineroar, M|25\/100\n|-ability|p1a: Incineroar|Intimidate|boost\n|-unboost|p2a: I go EggS|atk|1\n|move|p2a: I go EggS|Calm Mind|p2a: I go EggS\n|-boost|p2a: I go EggS|spa|1\n|-boost|p2a: I go EggS|spd|1\n|\n|-damage|p2a: I go EggS|94\/100 tox|[from] psn\n|upkeep\n|turn|18\n|\n|t:|1700513950\n|move|p2a: I go EggS|Protect|p2a: I go EggS\n|-singleturn|p2a: I go EggS|Protect\n|move|p1a: Incineroar|Fake Out|p2a: I go EggS\n|-activate|p2a: I go EggS|move: Protect\n|\n|-heal|p2a: I go EggS|100\/100 tox|[from] item: Leftovers\n|-damage|p2a: I go EggS|88\/100 tox|[from] psn\n|upkeep\n|turn|19\n|\n|t:|1700513959\n|move|p1a: Incineroar|Knock Off|p2a: I go EggS\n|-damage|p2a: I go EggS|20\/100 tox\n|-enditem|p2a: I go EggS|Leftovers|[from] move: Knock Off|[of] p1a: Incineroar\n|move|p2a: I go EggS|Calm Mind|p2a: I go EggS\n|-boost|p2a: I go EggS|spa|1\n|-boost|p2a: I go EggS|spd|1\n|\n|-damage|p2a: I go EggS|1\/100 tox|[from] psn\n|upkeep\n|turn|20\n|\n|t:|1700513970\n|move|p1a: Incineroar|Knock Off|p2a: I go EggS\n|-damage|p2a: I go EggS|0 fnt\n|faint|p2a: I go EggS\n|\n|upkeep\n|\n|t:|1700513974\n|switch|p2a: Bear|Urshifu-Rapid-Strike, F|100\/100\n|-status|p2a: Bear|tox\n|turn|21\n|\n|t:|1700513984\n|switch|p1a: Dragapult|Dragapult, F|52\/100\n|move|p2a: Bear|Bulk Up|p2a: Bear\n|-boost|p2a: Bear|atk|1\n|-boost|p2a: Bear|def|1\n|\n|-damage|p2a: Bear|94\/100 tox|[from] psn\n|upkeep\n|turn|22\n|\n|t:|1700513992\n|-terastallize|p2a: Bear|Water\n|move|p2a: Bear|Aqua Jet|p1a: Dragapult\n|-resisted|p1a: Dragapult\n|-damage|p1a: Dragapult|26\/100\n|move|p1a: Dragapult|Hex|p2a: Bear\n|-damage|p2a: Bear|0 fnt\n|faint|p2a: Bear\n|\n|win|Ahardlakarnis\n|raw|Ahardlakarnis's rating: 1165 &rarr; <strong>1183<\/strong><br \/>(+18 for winning)\n|raw|GuriaN oF AurA's rating: 1062 &rarr; <strong>1048<\/strong><br \/>(-14 for losing)\n|l|\u2606GuriaN oF AurA\n","uploadtime":1700514008,"views":18,"p1id":"ahardlakarnis","p2id":"gurianofaura","formatid":"gen9nationaldexubers","rating":1048,"private":0,"password":""}