{"id":"gen9nationaldexubers-1998403096","p1":"killme22222","p2":"Soyeon is a cutie","format":"[Gen 9] National Dex Ubers","log":"|j|\u2606killme22222\n|j|\u2606Soyeon is a cutie\n|t:|1700938408\n|gametype|singles\n|player|p1|killme22222|ghetsis|1515\n|player|p2|Soyeon is a cutie|idol|1611\n|teamsize|p1|6\n|teamsize|p2|6\n|gen|9\n|tier|[Gen 9] National Dex Ubers\n|rated|\n|rule|HP Percentage Mod: HP is shown in percentages\n|rule|Endless Battle Clause: Forcing endless battles is banned\n|rule|OHKO Clause: OHKO moves are banned\n|rule|Evasion Moves Clause: Evasion moves are banned\n|rule|Evasion Items Clause: Evasion items are banned\n|rule|Species Clause: Limit one of each Pok\u00e9mon\n|rule|Sleep Clause Mod: Limit one foe put to sleep\n|rule|Mega Rayquaza Clause: You cannot mega evolve Rayquaza\n|clearpoke\n|poke|p1|Chien-Pao|\n|poke|p1|Flutter Mane|\n|poke|p1|Ho-Oh|\n|poke|p1|Zacian-*|\n|poke|p1|Groudon|\n|poke|p1|Zygarde|\n|poke|p2|Zekrom|\n|poke|p2|Ditto|\n|poke|p2|Ho-Oh|\n|poke|p2|Arceus-Dark|\n|poke|p2|Necrozma-Dusk-Mane|\n|poke|p2|Giratina-Origin|\n|teampreview\n|inactive|Battle timer is ON: inactive players will automatically lose when time's up. (requested by Soyeon is a cutie)\n|\n|t:|1700938415\n|start\n|switch|p1a: Chien-Pao|Chien-Pao|100\/100\n|switch|p2a: Ho-Oh|Ho-Oh|100\/100\n|-ability|p1a: Chien-Pao|Sword of Ruin\n|turn|1\n|\n|t:|1700938431\n|switch|p1a: Groudon|Groudon, shiny|100\/100\n|detailschange|p1a: Groudon|Groudon-Primal, shiny\n|-primal|p1a: Groudon|Red Orb\n|-weather|DesolateLand|[from] ability: Desolate Land|[of] p1a: Groudon\n|move|p2a: Ho-Oh|Toxic|p1a: Groudon\n|-status|p1a: Groudon|tox\n|\n|-weather|DesolateLand|[upkeep]\n|-damage|p1a: Groudon|94\/100 tox|[from] psn\n|upkeep\n|turn|2\n|\n|t:|1700938435\n|switch|p2a: Giratina|Giratina-Origin|100\/100\n|move|p1a: Groudon|Stone Edge|p2a: Giratina\n|-damage|p2a: Giratina|68\/100\n|\n|-weather|DesolateLand|[upkeep]\n|-damage|p1a: Groudon|82\/100 tox|[from] psn\n|upkeep\n|turn|3\n|\n|t:|1700938440\n|move|p2a: Giratina|Hone Claws|p2a: Giratina\n|-boost|p2a: Giratina|atk|1\n|-boost|p2a: Giratina|accuracy|1\n|move|p1a: Groudon|Stealth Rock|p2a: Giratina\n|-sidestart|p2: Soyeon is a cutie|move: Stealth Rock\n|\n|-weather|DesolateLand|[upkeep]\n|-damage|p1a: Groudon|64\/100 tox|[from] psn\n|upkeep\n|turn|4\n|\n|t:|1700938445\n|-weather|none\n|switch|p1a: Chien-Pao|Chien-Pao|100\/100\n|-ability|p1a: Chien-Pao|Sword of Ruin\n|move|p2a: Giratina|Poltergeist|p1a: Chien-Pao\n|-activate|p1a: Chien-Pao|move: Poltergeist|Focus Sash\n|-resisted|p1a: Chien-Pao\n|-damage|p1a: Chien-Pao|35\/100\n|\n|upkeep\n|turn|5\n|\n|t:|1700938460\n|-terastallize|p2a: Giratina|Fairy\n|move|p1a: Chien-Pao|Icicle Crash|p2a: Giratina\n|-damage|p2a: Giratina|27\/100\n|move|p2a: Giratina|Poltergeist|p1a: Chien-Pao\n|-activate|p1a: Chien-Pao|move: Poltergeist|Focus Sash\n|-resisted|p1a: Chien-Pao\n|-damage|p1a: Chien-Pao|0 fnt\n|faint|p1a: Chien-Pao\n|\n|upkeep\n|\n|t:|1700938469\n|switch|p1a: Groudon|Groudon-Primal, shiny|64\/100 tox\n|-weather|DesolateLand|[from] ability: Desolate Land|[of] p1a: Groudon\n|turn|6\n|\n|t:|1700938473\n|move|p2a: Giratina|Poltergeist|p1a: Groudon\n|-activate|p1a: Groudon|move: Poltergeist|Red Orb\n|-damage|p1a: Groudon|0 fnt\n|faint|p1a: Groudon\n|-weather|none\n|\n|upkeep\n|\n|t:|1700938477\n|switch|p1a: Flutter Mane|Flutter Mane|100\/100\n|turn|7\n|\n|t:|1700938481\n|move|p2a: Giratina|Shadow Sneak|p1a: Flutter Mane\n|-supereffective|p1a: Flutter Mane\n|-damage|p1a: Flutter Mane|0 fnt\n|faint|p1a: Flutter Mane\n|-end|p1a: Flutter Mane|Protosynthesis|[silent]\n|\n|upkeep\n|-message|killme22222 forfeited.\n|\n|win|Soyeon is a cutie\n|raw|killme22222's rating: 1515 &rarr; <strong>1500<\/strong><br \/>(-15 for losing)\n|raw|Soyeon is a cutie's rating: 1611 &rarr; <strong>1626<\/strong><br \/>(+15 for winning)\n|l|\u2606killme22222\n","uploadtime":1700938491,"views":2,"p1id":"killme22222","p2id":"soyeonisacutie","formatid":"gen9nationaldexubers","rating":1500,"private":0,"password":""}