{"id":"gen9nationaldexubers-1996295867","p1":"AlolanSandslashOU","p2":"Aroma Nobody","format":"[Gen 9] National Dex Ubers","log":"|j|\u2606AlolanSandslashOU\n|j|\u2606Aroma Nobody\n|t:|1700668532\n|gametype|singles\n|player|p1|AlolanSandslashOU|volkner|\n|player|p2|Aroma Nobody|turo-ai|\n|teamsize|p1|6\n|teamsize|p2|6\n|gen|9\n|tier|[Gen 9] National Dex Ubers\n|rule|HP Percentage Mod: HP is shown in percentages\n|rule|Endless Battle Clause: Forcing endless battles is banned\n|rule|OHKO Clause: OHKO moves are banned\n|rule|Evasion Moves Clause: Evasion moves are banned\n|rule|Evasion Items Clause: Evasion items are banned\n|rule|Species Clause: Limit one of each Pok\u00e9mon\n|rule|Sleep Clause Mod: Limit one foe put to sleep\n|rule|Mega Rayquaza Clause: You cannot mega evolve Rayquaza\n|clearpoke\n|poke|p1|Sneasler, F|\n|poke|p1|Greninja-*, M|\n|poke|p1|Zapdos|\n|poke|p1|Iron Moth|\n|poke|p1|Kartana|\n|poke|p1|Great Tusk|\n|poke|p2|Deoxys-Speed|\n|poke|p2|Hoopa-Unbound|\n|poke|p2|Slowking-Galar, M|\n|poke|p2|Indeedee-F, F|\n|poke|p2|Gallade, M|\n|poke|p2|Blaziken, F|\n|teampreview\n|c|\u2606Aroma Nobody|glhf\n|c|\u2606AlolanSandslashOU|Blaziken\n|c|\u2606AlolanSandslashOU|thats cool\n|c|\u2606Aroma Nobody|I got hungry\n|\n|t:|1700668565\n|start\n|switch|p1a: Zapdos|Zapdos|100\/100\n|switch|p2a: Slowking|Slowking-Galar, M|100\/100\n|turn|1\n|c|\u2606Aroma Nobody|Needed some kfc\n|\n|t:|1700668573\n|move|p1a: Zapdos|Hurricane|p2a: Slowking\n|-damage|p2a: Slowking|65\/100\n|move|p2a: Slowking|Chilly Reception|p2a: Slowking\n|-weather|Snow\n|\n|t:|1700668584\n|switch|p2a: Indeedee|Indeedee-F, F|100\/100|[from] Chilly Reception\n|-fieldstart|move: Psychic Terrain|[from] ability: Psychic Surge|[of] p2a: Indeedee\n|\n|-weather|Snow|[upkeep]\n|upkeep\n|turn|2\n|c|\u2606AlolanSandslashOU|Don\u2019t eat the blaziken!!\n|\n|t:|1700668595\n|move|p2a: Indeedee|Calm Mind|p2a: Indeedee\n|-boost|p2a: Indeedee|spa|1\n|-boost|p2a: Indeedee|spd|1\n|move|p1a: Zapdos|Volt Switch|p2a: Indeedee\n|-damage|p2a: Indeedee|71\/100\n|\n|t:|1700668600\n|switch|p1a: Sneasler|Sneasler, F|100\/100|[from] Volt Switch\n|\n|-weather|Snow|[upkeep]\n|upkeep\n|turn|3\n|c|\u2606Aroma Nobody|too late, already started the fire\n|c|\u2606AlolanSandslashOU|:(\n|c|\u2606AlolanSandslashOU|free blaziken smh\u2026\n|\n|t:|1700668648\n|move|p1a: Sneasler|U-turn|p2a: Indeedee\n|-supereffective|p2a: Indeedee\n|-damage|p2a: Indeedee|0 fnt\n|faint|p2a: Indeedee\n|\n|t:|1700668650\n|switch|p1a: Zapdos|Zapdos|100\/100|[from] U-turn\n|\n|-weather|Snow|[upkeep]\n|upkeep\n|\n|t:|1700668659\n|switch|p2a: Hoopa|Hoopa-Unbound|100\/100\n|turn|4\n|\n|t:|1700668671\n|-terastallize|p2a: Hoopa|Dark\n|move|p2a: Hoopa|Hyperspace Fury|p1a: Zapdos\n|-damage|p1a: Zapdos|2\/100\n|-unboost|p2a: Hoopa|def|1\n|move|p1a: Zapdos|Roost|p1a: Zapdos\n|-heal|p1a: Zapdos|52\/100\n|-singleturn|p1a: Zapdos|move: Roost\n|\n|-weather|Snow|[upkeep]\n|upkeep\n|turn|5\n|c|\u2606AlolanSandslashOU|That\u2019s\n|c|\u2606Aroma Nobody|dang imagine living that\n|c|\u2606AlolanSandslashOU|damaging\n|\n|t:|1700668690\n|switch|p1a: Great Tusk|Great Tusk, shiny|100\/100\n|move|p2a: Hoopa|Hyperspace Fury|p1a: Great Tusk\n|-resisted|p1a: Great Tusk\n|-damage|p1a: Great Tusk|72\/100\n|-unboost|p2a: Hoopa|def|1\n|\n|-weather|none\n|-fieldend|move: Psychic Terrain\n|upkeep\n|turn|6\n|\n|t:|1700668703\n|switch|p2a: Deoxys|Deoxys-Speed|100\/100\n|-ability|p2a: Deoxys|Pressure\n|move|p1a: Great Tusk|Earthquake|p2a: Deoxys\n|-damage|p2a: Deoxys|30\/100\n|\n|upkeep\n|turn|7\n|\n|t:|1700668722\n|move|p2a: Deoxys|Stealth Rock|p1a: Great Tusk\n|-sidestart|p1: AlolanSandslashOU|move: Stealth Rock\n|move|p1a: Great Tusk|Knock Off|p2a: Deoxys\n|-supereffective|p2a: Deoxys\n|-damage|p2a: Deoxys|0 fnt\n|-enditem|p2a: Deoxys|Focus Sash|[from] move: Knock Off|[of] p1a: Great Tusk\n|faint|p2a: Deoxys\n|\n|upkeep\n|\n|t:|1700668742\n|switch|p2a: Gallade|Gallade, M|100\/100\n|turn|8\n|c|\u2606AlolanSandslashOU|Yeah focus sash\n|\n|t:|1700668748\n|detailschange|p2a: Gallade|Gallade-Mega, M\n|-mega|p2a: Gallade|Gallade|Galladite\n|move|p2a: Gallade|Zen Headbutt|p1a: Great Tusk\n|-supereffective|p1a: Great Tusk\n|-damage|p1a: Great Tusk|9\/100\n|move|p1a: Great Tusk|Rapid Spin|p2a: Gallade\n|-damage|p2a: Gallade|75\/100\n|-boost|p1a: Great Tusk|spe|1\n|-sideend|p1: AlolanSandslashOU|Stealth Rock|[from] move: Rapid Spin|[of] p1a: Great Tusk\n|\n|upkeep\n|turn|9\n|\n|t:|1700668759\n|move|p2a: Gallade|Knock Off|p1a: Great Tusk\n|-resisted|p1a: Great Tusk\n|-damage|p1a: Great Tusk|0 fnt\n|-enditem|p1a: Great Tusk|Heavy-Duty Boots|[from] move: Knock Off|[of] p2a: Gallade\n|faint|p1a: Great Tusk\n|-end|p1a: Great Tusk|Protosynthesis|[silent]\n|\n|upkeep\n|\n|t:|1700668781\n|switch|p1a: Greninja|Greninja, M|100\/100\n|turn|10\n|\n|t:|1700668785\n|move|p1a: Greninja|Surf|p2a: Gallade\n|-damage|p2a: Gallade|19\/100\n|-damage|p1a: Greninja|91\/100|[from] item: Life Orb\n|move|p2a: Gallade|Close Combat|p1a: Greninja\n|-supereffective|p1a: Greninja\n|-damage|p1a: Greninja|0 fnt\n|-unboost|p2a: Gallade|def|1\n|-unboost|p2a: Gallade|spd|1\n|faint|p1a: Greninja\n|\n|upkeep\n|\n|t:|1700668790\n|switch|p1a: Iron Moth|Iron Moth, shiny|100\/100\n|-enditem|p1a: Iron Moth|Booster Energy\n|-activate|p1a: Iron Moth|ability: Quark Drive|[fromitem]\n|-start|p1a: Iron Moth|quarkdrivespe\n|turn|11\n|c|\u2606Aroma Nobody|bulky gallade for the win\n|\n|t:|1700668797\n|move|p1a: Iron Moth|Fiery Dance|p2a: Gallade\n|-damage|p2a: Gallade|0 fnt\n|-boost|p1a: Iron Moth|spa|1\n|faint|p2a: Gallade\n|\n|upkeep\n|c|\u2606Aroma Nobody|oh no\n|\n|t:|1700668803\n|switch|p2a: Slowking|Slowking-Galar, M|99\/100\n|turn|12\n|\n|t:|1700668808\n|move|p1a: Iron Moth|Substitute|p1a: Iron Moth\n|-start|p1a: Iron Moth|Substitute\n|-damage|p1a: Iron Moth|76\/100\n|move|p2a: Slowking|Thunder Wave||[still]\n|-fail|p2a: Slowking\n|\n|upkeep\n|turn|13\n|\n|t:|1700668811\n|-terastallize|p1a: Iron Moth|Fire\n|move|p1a: Iron Moth|Fiery Dance|p2a: Slowking\n|-damage|p2a: Slowking|52\/100\n|move|p2a: Slowking|Future Sight|p1a: Iron Moth\n|-start|p2a: Slowking|move: Future Sight\n|\n|upkeep\n|turn|14\n|\n|t:|1700668817\n|move|p1a: Iron Moth|Fiery Dance|p2a: Slowking\n|-damage|p2a: Slowking|5\/100\n|-boost|p1a: Iron Moth|spa|1\n|move|p2a: Slowking|Chilly Reception|p2a: Slowking\n|-weather|Snow\n|\n|t:|1700668821\n|switch|p2a: Blaziken|Blaziken, F|100\/100|[from] Chilly Reception\n|\n|-weather|Snow|[upkeep]\n|upkeep\n|turn|15\n|\n|t:|1700668839\n|move|p1a: Iron Moth|Psychic|p2a: Blaziken\n|-supereffective|p2a: Blaziken\n|-damage|p2a: Blaziken|0 fnt\n|faint|p2a: Blaziken\n|\n|-weather|Snow|[upkeep]\n|-end|p1a: Iron Moth|move: Future Sight\n|-end|p1a: Iron Moth|Substitute\n|upkeep\n|\n|t:|1700668843\n|switch|p2a: Hoopa|Hoopa-Unbound, tera:Dark|100\/100\n|turn|16\n|c|\u2606Aroma Nobody|gg\n|\n|t:|1700668850\n|move|p1a: Iron Moth|Fiery Dance|p2a: Hoopa\n|-damage|p2a: Hoopa|3\/100\n|move|p2a: Hoopa|Hyperspace Fury|p1a: Iron Moth\n|-damage|p1a: Iron Moth|0 fnt\n|-unboost|p2a: Hoopa|def|1\n|faint|p1a: Iron Moth\n|-end|p1a: Iron Moth|Quark Drive|[silent]\n|\n|-weather|Snow|[upkeep]\n|upkeep\n|c|\u2606Aroma Nobody|<.<\n|c|\u2606Aroma Nobody|I lived\n|c|\u2606AlolanSandslashOU|Now living THAT\n|c|\u2606AlolanSandslashOU|is insane\n|\n|t:|1700668868\n|switch|p1a: Kartana|Kartana, shiny|100\/100\n|turn|17\n|\n|t:|1700668874\n|move|p1a: Kartana|Knock Off|p2a: Hoopa\n|-resisted|p2a: Hoopa\n|-damage|p2a: Hoopa|0 fnt\n|-enditem|p2a: Hoopa|Choice Scarf|[from] move: Knock Off|[of] p1a: Kartana\n|faint|p2a: Hoopa\n|-ability|p1a: Kartana|Beast Boost|boost\n|-boost|p1a: Kartana|atk|1\n|\n|-weather|Snow|[upkeep]\n|upkeep\n|c|\u2606Aroma Nobody|aw scarf\n|\n|t:|1700668880\n|switch|p2a: Slowking|Slowking-Galar, M|38\/100\n|turn|18\n|c|\u2606Aroma Nobody|gg\n|c|\u2606AlolanSandslashOU|Dude that wasn\u2019t banded and that did that much to zap\n|c|\u2606AlolanSandslashOU|god damn\n|c|\u2606Aroma Nobody|ye\n|\n|t:|1700668895\n|move|p1a: Kartana|Knock Off|p2a: Slowking\n|-supereffective|p2a: Slowking\n|-damage|p2a: Slowking|0 fnt\n|-enditem|p2a: Slowking|Heavy-Duty Boots|[from] move: Knock Off|[of] p1a: Kartana\n|faint|p2a: Slowking\n|\n|win|AlolanSandslashOU\n|c|\u2606Aroma Nobody|!dt hoopa unbound\n|raw|<div class=\"message\"><ul class=\"utilichart\"><li class=\"result\"><span class=\"col numcol\">OU<\/span> <span class=\"col iconcol\"><psicon pokemon=\"hoopaunbound\"\/><\/span> <span class=\"col pokemonnamecol\" style=\"white-space:nowrap\"><a href=\"https:\/\/dex.pokemonshowdown.com\/pokemon\/hoopaunbound\" target=\"_blank\">Hoopa-Unbound<\/a><\/span> <span class=\"col typecol\"><img src=\"https:\/\/play.pokemonshowdown.com\/sprites\/types\/Psychic.png\" alt=\"Psychic\" height=\"14\" width=\"32\"><img src=\"https:\/\/play.pokemonshowdown.com\/sprites\/types\/Dark.png\" alt=\"Dark\" height=\"14\" width=\"32\"><\/span> <span style=\"float:left;min-height:26px\"><span class=\"col abilitycol\">Magician<\/span><span class=\"col abilitycol\"><\/span><\/span><span style=\"float:left;min-height:26px\"><span class=\"col statcol\"><em>HP<\/em><br \/>80<\/span> <span class=\"col statcol\"><em>Atk<\/em><br \/>160<\/span> <span class=\"col statcol\"><em>Def<\/em><br \/>60<\/span> <span class=\"col statcol\"><em>SpA<\/em><br \/>170<\/span> <span class=\"col statcol\"><em>SpD<\/em><br \/>130<\/span> <span class=\"col statcol\"><em>Spe<\/em><br \/>80<\/span> <span class=\"col bstcol\"><em>BST<br \/>680<\/em><\/span> <\/span><\/li><li style=\"clear:both\"><\/li><\/ul><\/div>\n|raw|<font size=\"1\"><font color=\"#686868\">Dex#:<\/font> 720&nbsp;|&ThickSpace;<font color=\"#686868\">Gen:<\/font> 6&nbsp;|&ThickSpace;<font color=\"#686868\">Height:<\/font> 6.5 m&nbsp;|&ThickSpace;<font color=\"#686868\">Weight:<\/font> 490 kg <em>(120 BP)<\/em>&nbsp;|&ThickSpace;<font color=\"#686868\">Dex Colour:<\/font> Purple&nbsp;|&ThickSpace;<font color=\"#686868\">Egg Group(s):<\/font> Undiscovered&nbsp;|&ThickSpace;<font color=\"#686868\">Does Not Evolve<\/font><\/font>\n\n|c|\u2606AlolanSandslashOU|GOD\n|c|\u2606Aroma Nobody|it's gross\n|c|\u2606AlolanSandslashOU|Base 160\n|c|\u2606Aroma Nobody|170 special\n|c|\u2606Aroma Nobody|if it had more speed it'd be ubers easy\n|c|\u2606AlolanSandslashOU|Easily\n","uploadtime":1700668944,"views":3,"p1id":"alolansandslashou","p2id":"aromanobody","formatid":"gen9nationaldexubers","rating":0,"private":0,"password":""}