{"id":"gen9nationaldexubers-1980405055","p1":"Guj Genera","p2":"Xoviet Yunion","format":"[Gen 9] National Dex Ubers","log":"|j|\u2606Guj Genera\n|j|\u2606Xoviet Yunion\n|t:|1698782019\n|gametype|singles\n|player|p1|Guj Genera|red|\n|player|p2|Xoviet Yunion|shauntal|\n|teamsize|p1|6\n|teamsize|p2|6\n|gen|9\n|tier|[Gen 9] National Dex Ubers\n|rule|HP Percentage Mod: HP is shown in percentages\n|rule|Endless Battle Clause: Forcing endless battles is banned\n|rule|OHKO Clause: OHKO moves are banned\n|rule|Evasion Moves Clause: Evasion moves are banned\n|rule|Evasion Items Clause: Evasion items are banned\n|rule|Species Clause: Limit one of each Pok\u00e9mon\n|rule|Sleep Clause Mod: Limit one foe put to sleep\n|rule|Mega Rayquaza Clause: You cannot mega evolve Rayquaza\n|clearpoke\n|poke|p1|Zeraora|\n|poke|p1|Cinderace, F|\n|poke|p1|Diancie|\n|poke|p1|Landorus-Therian, M|\n|poke|p1|Kartana|\n|poke|p1|Kommo-o, M|\n|poke|p2|Zamazenta-*|\n|poke|p2|Lilligant-Hisui, F|\n|poke|p2|Zapdos-Galar|\n|poke|p2|Blaziken, M|\n|poke|p2|Iron Hands|\n|poke|p2|Sneasler, M|\n|teampreview\n|inactive|Battle timer is ON: inactive players will automatically lose when time's up. (requested by Guj Genera)\n|\n|t:|1698782044\n|start\n|switch|p1a: Kartana|Kartana, shiny|100\/100\n|switch|p2a: \u200bZoruark|Blaziken, M, shiny|100\/100\n|-item|p2a: \u200bZoruark|Air Balloon\n|turn|1\n|\n|t:|1698782058\n|switch|p2a: Zoruark\u200b\u200b\u200b|Iron Hands|100\/100\n|move|p1a: Kartana|Psycho Cut|p2a: Zoruark\u200b\u200b\u200b\n|-supereffective|p2a: Zoruark\u200b\u200b\u200b\n|-crit|p2a: Zoruark\u200b\u200b\u200b\n|-damage|p2a: Zoruark\u200b\u200b\u200b|51\/100\n|\n|upkeep\n|turn|2\n|\n|t:|1698782063\n|move|p1a: Kartana|Psycho Cut|p2a: Zoruark\u200b\u200b\u200b\n|-supereffective|p2a: Zoruark\u200b\u200b\u200b\n|-damage|p2a: Zoruark\u200b\u200b\u200b|18\/100\n|move|p2a: Zoruark\u200b\u200b\u200b|Drain Punch|p1a: Kartana\n|-supereffective|p1a: Kartana\n|-crit|p1a: Kartana\n|-damage|p1a: Kartana|0 fnt\n|-heal|p2a: Zoruark\u200b\u200b\u200b|44\/100|[from] drain|[of] p1a: Kartana\n|faint|p1a: Kartana\n|\n|upkeep\n|\n|t:|1698782066\n|switch|p1a: Kommo-o|Kommo-o, M, shiny|100\/100\n|turn|3\n|\n|t:|1698782076\n|-zpower|p1a: Kommo-o\n|move|p1a: Kommo-o|Clangorous Soulblaze|p2a: Zoruark\u200b\u200b\u200b|[zeffect]\n|-damage|p2a: Zoruark\u200b\u200b\u200b|0 fnt\n|faint|p2a: Zoruark\u200b\u200b\u200b\n|-end|p2a: Zoruark\u200b\u200b\u200b|Quark Drive|[silent]\n|-boost|p1a: Kommo-o|atk|1\n|-boost|p1a: Kommo-o|def|1\n|-boost|p1a: Kommo-o|spa|1\n|-boost|p1a: Kommo-o|spd|1\n|-boost|p1a: Kommo-o|spe|1\n|\n|upkeep\n|\n|t:|1698782098\n|switch|p2a: Zoruar\u200b\u200b\u200bk|Zapdos-Galar|100\/100\n|turn|4\n|\n|t:|1698782102\n|move|p2a: Zoruar\u200b\u200b\u200bk|Brave Bird|p1a: Kommo-o\n|-supereffective|p1a: Kommo-o\n|-damage|p1a: Kommo-o|26\/100\n|-damage|p2a: Zoruar\u200b\u200b\u200bk|78\/100|[from] Recoil\n|move|p1a: Kommo-o|Dragon Claw|p2a: Zoruar\u200b\u200b\u200bk\n|-damage|p2a: Zoruar\u200b\u200b\u200bk|1\/100\n|\n|upkeep\n|turn|5\n|\n|t:|1698782110\n|move|p2a: Zoruar\u200b\u200b\u200bk|Brave Bird|p1a: Kommo-o\n|-supereffective|p1a: Kommo-o\n|-damage|p1a: Kommo-o|0 fnt\n|faint|p1a: Kommo-o\n|-damage|p2a: Zoruar\u200b\u200b\u200bk|0 fnt|[from] Recoil\n|faint|p2a: Zoruar\u200b\u200b\u200bk\n|\n|upkeep\n|\n|t:|1698782117\n|switch|p2a: \u200bZoruark|Blaziken, M, shiny|100\/100\n|switch|p1a: Diancie|Diancie, shiny|100\/100\n|-item|p2a: \u200bZoruark|Air Balloon\n|turn|6\n|\n|t:|1698782126\n|detailschange|p1a: Diancie|Diancie-Mega, shiny\n|-mega|p1a: Diancie|Diancie|Diancite\n|move|p1a: Diancie|Moonblast|p2a: \u200bZoruark\n|-crit|p2a: \u200bZoruark\n|-damage|p2a: \u200bZoruark|0 fnt\n|-enditem|p2a: \u200bZoruark|Air Balloon\n|faint|p2a: \u200bZoruark\n|\n|upkeep\n|\n|t:|1698782137\n|switch|p2a: Zoruark\u200b|Sneasler, M|100\/100\n|turn|7\n|\n|t:|1698782151\n|move|p2a: Zoruark\u200b|Close Combat|p1a: Diancie\n|-damage|p1a: Diancie|0 fnt\n|-unboost|p2a: Zoruark\u200b|def|1\n|-unboost|p2a: Zoruark\u200b|spd|1\n|faint|p1a: Diancie\n|\n|upkeep\n|\n|t:|1698782154\n|switch|p1a: Landorus|Landorus-Therian, M, shiny|100\/100\n|-ability|p1a: Landorus|Intimidate|boost\n|-unboost|p2a: Zoruark\u200b|atk|1\n|turn|8\n|\n|t:|1698782159\n|move|p2a: Zoruark\u200b|Close Combat|p1a: Landorus\n|-resisted|p1a: Landorus\n|-damage|p1a: Landorus|76\/100\n|-unboost|p2a: Zoruark\u200b|def|1\n|-unboost|p2a: Zoruark\u200b|spd|1\n|-damage|p2a: Zoruark\u200b|84\/100|[from] item: Rocky Helmet|[of] p1a: Landorus\n|move|p1a: Landorus|Earthquake|p2a: Zoruark\u200b\n|-supereffective|p2a: Zoruark\u200b\n|-damage|p2a: Zoruark\u200b|0 fnt\n|faint|p2a: Zoruark\u200b\n|\n|upkeep\n|\n|t:|1698782167\n|switch|p2a: Zorua\u200b\u200b\u200b\u200b\u200b\u200b\u200b\u200b\u200brk|Lilligant-Hisui, F, shiny|100\/100\n|turn|9\n|\n|t:|1698782171\n|move|p2a: Zorua\u200b\u200b\u200b\u200b\u200b\u200b\u200b\u200b\u200brk|Victory Dance|p2a: Zorua\u200b\u200b\u200b\u200b\u200b\u200b\u200b\u200b\u200brk\n|-boost|p2a: Zorua\u200b\u200b\u200b\u200b\u200b\u200b\u200b\u200b\u200brk|atk|1\n|-boost|p2a: Zorua\u200b\u200b\u200b\u200b\u200b\u200b\u200b\u200b\u200brk|def|1\n|-boost|p2a: Zorua\u200b\u200b\u200b\u200b\u200b\u200b\u200b\u200b\u200brk|spe|1\n|move|p1a: Landorus|Earthquake|p2a: Zorua\u200b\u200b\u200b\u200b\u200b\u200b\u200b\u200b\u200brk\n|-resisted|p2a: Zorua\u200b\u200b\u200b\u200b\u200b\u200b\u200b\u200b\u200brk\n|-damage|p2a: Zorua\u200b\u200b\u200b\u200b\u200b\u200b\u200b\u200b\u200brk|76\/100\n|\n|upkeep\n|turn|10\n|\n|t:|1698782174\n|move|p2a: Zorua\u200b\u200b\u200b\u200b\u200b\u200b\u200b\u200b\u200brk|Ice Spinner|p1a: Landorus|[miss]\n|-miss|p2a: Zorua\u200b\u200b\u200b\u200b\u200b\u200b\u200b\u200b\u200brk|p1a: Landorus\n|move|p1a: Landorus|Toxic|p2a: Zorua\u200b\u200b\u200b\u200b\u200b\u200b\u200b\u200b\u200brk|[miss]\n|-miss|p1a: Landorus|p2a: Zorua\u200b\u200b\u200b\u200b\u200b\u200b\u200b\u200b\u200brk\n|\n|upkeep\n|turn|11\n|\n|t:|1698782177\n|move|p2a: Zorua\u200b\u200b\u200b\u200b\u200b\u200b\u200b\u200b\u200brk|Ice Spinner|p1a: Landorus\n|-supereffective|p1a: Landorus\n|-damage|p1a: Landorus|0 fnt\n|-damage|p2a: Zorua\u200b\u200b\u200b\u200b\u200b\u200b\u200b\u200b\u200brk|60\/100|[from] item: Rocky Helmet|[of] p1a: Landorus\n|faint|p1a: Landorus\n|\n|upkeep\n|\n|t:|1698782183\n|switch|p1a: Cinderace|Cinderace, F, shiny|100\/100\n|turn|12\n|\n|t:|1698782187\n|-zpower|p2a: Zorua\u200b\u200b\u200b\u200b\u200b\u200b\u200b\u200b\u200brk\n|move|p2a: Zorua\u200b\u200b\u200b\u200b\u200b\u200b\u200b\u200b\u200brk|All-Out Pummeling|p1a: Cinderace|[zeffect]\n|-damage|p1a: Cinderace|0 fnt\n|faint|p1a: Cinderace\n|\n|upkeep\n|\n|t:|1698782189\n|switch|p1a: Zeraora|Zeraora, shiny|100\/100\n|turn|13\n|\n|t:|1698782191\n|move|p2a: Zorua\u200b\u200b\u200b\u200b\u200b\u200b\u200b\u200b\u200brk|Close Combat|p1a: Zeraora\n|-damage|p1a: Zeraora|0 fnt\n|-unboost|p2a: Zorua\u200b\u200b\u200b\u200b\u200b\u200b\u200b\u200b\u200brk|def|1\n|-unboost|p2a: Zorua\u200b\u200b\u200b\u200b\u200b\u200b\u200b\u200b\u200brk|spd|1\n|faint|p1a: Zeraora\n|\n|win|Xoviet Yunion\n|c|\u2606Xoviet Yunion|gg\n|c|\u2606Guj Genera|Gg\n","uploadtime":1698782198,"views":20,"p1id":"gujgenera","p2id":"xovietyunion","formatid":"gen9nationaldexubers","rating":0,"private":0,"password":""}