{"id":"gen9nationaldexubers-1979101682","p1":"The23rdPower","p2":"xdd-Rayleigh","format":"[Gen 9] National Dex Ubers","log":"|j|\u2606The23rdPower\n|j|\u2606xdd-Rayleigh\n|t:|1698632375\n|gametype|singles\n|player|p1|The23rdPower|brendan-gen3|\n|player|p2|xdd-Rayleigh|acetrainercouple|\n|teamsize|p1|6\n|teamsize|p2|6\n|gen|9\n|tier|[Gen 9] National Dex Ubers\n|rule|HP Percentage Mod: HP is shown in percentages\n|rule|Endless Battle Clause: Forcing endless battles is banned\n|rule|OHKO Clause: OHKO moves are banned\n|rule|Evasion Moves Clause: Evasion moves are banned\n|rule|Evasion Items Clause: Evasion items are banned\n|rule|Species Clause: Limit one of each Pok\u00e9mon\n|rule|Sleep Clause Mod: Limit one foe put to sleep\n|rule|Mega Rayquaza Clause: You cannot mega evolve Rayquaza\n|clearpoke\n|poke|p1|Barbaracle, M|\n|poke|p1|Excadrill, M|\n|poke|p1|Togekiss, F|\n|poke|p1|Latias, F|\n|poke|p1|Charizard, M|\n|poke|p1|Iron Hands|\n|poke|p2|Shuckle, F|\n|poke|p2|Grimmsnarl, M|\n|poke|p2|Roaring Moon|\n|poke|p2|Serperior, F|\n|poke|p2|Charizard, F|\n|poke|p2|Gholdengo|\n|teampreview\n|j| mostgoodX\n|j| danbultheman\n|c| mostgoodX|gl to you both\n|j| NotMHP\n|\n|t:|1698632482\n|start\n|switch|p1a: Barbaracle|Barbaracle, M|100\/100\n|switch|p2a: The Mast|Shuckle, F|100\/100\n|turn|1\n|\n|t:|1698632489\n|-terastallize|p1a: Barbaracle|Ghost\n|move|p1a: Barbaracle|Shell Smash|p1a: Barbaracle\n|-unboost|p1a: Barbaracle|def|1\n|-unboost|p1a: Barbaracle|spd|1\n|-boost|p1a: Barbaracle|atk|2\n|-boost|p1a: Barbaracle|spa|2\n|-boost|p1a: Barbaracle|spe|2\n|move|p2a: The Mast|Encore|p1a: Barbaracle\n|-start|p1a: Barbaracle|Encore\n|\n|upkeep\n|turn|2\n|\n|t:|1698632497\n|switch|p2a: The End|Roaring Moon|100\/100\n|move|p1a: Barbaracle|Shell Smash|p1a: Barbaracle\n|-unboost|p1a: Barbaracle|def|1\n|-unboost|p1a: Barbaracle|spd|1\n|-boost|p1a: Barbaracle|atk|2\n|-boost|p1a: Barbaracle|spa|2\n|-boost|p1a: Barbaracle|spe|2\n|-enditem|p2a: The End|Mirror Herb\n|-boost|p2a: The End|atk|2|[from] item: Mirror Herb\n|-boost|p2a: The End|spa|2|[from] item: Mirror Herb\n|-boost|p2a: The End|spe|2|[from] item: Mirror Herb\n|\n|upkeep\n|turn|3\n|\n|t:|1698632501\n|switch|p1a: Togekiss|Togekiss, F|100\/100\n|move|p2a: The End|Knock Off|p1a: Togekiss\n|-resisted|p1a: Togekiss\n|-damage|p1a: Togekiss|67\/100\n|-enditem|p1a: Togekiss|Babiri Berry|[from] move: Knock Off|[of] p2a: The End\n|\n|upkeep\n|turn|4\n|\n|t:|1698632505\n|move|p2a: The End|Iron Head|p1a: Togekiss\n|-supereffective|p1a: Togekiss\n|-damage|p1a: Togekiss|0 fnt\n|faint|p1a: Togekiss\n|\n|upkeep\n|c| danbultheman|OH MY GOD\n|c| danbultheman|ITS OVER\n|\n|t:|1698632512\n|switch|p1a: Iron Hands|Iron Hands|100\/100\n|turn|5\n|\n|t:|1698632515\n|move|p2a: The End|Earthquake|p1a: Iron Hands\n|-supereffective|p1a: Iron Hands\n|-damage|p1a: Iron Hands|8\/100\n|move|p1a: Iron Hands|Drain Punch|p2a: The End\n|-supereffective|p2a: The End\n|-damage|p2a: The End|0 fnt\n|-heal|p1a: Iron Hands|47\/100|[from] drain|[of] p2a: The End\n|faint|p2a: The End\n|-end|p2a: The End|Protosynthesis|[silent]\n|\n|upkeep\n|c| NotMHP|MIRROR HERB\n|c|\u2606The23rdPower|Phew\n|\n|t:|1698632547\n|switch|p2a: The Yearn|Charizard, F|100\/100\n|turn|6\n|\n|t:|1698632552\n|-end|p1a: Iron Hands|Quark Drive|[silent]\n|switch|p1a: Latias|Latias, F|100\/100\n|detailschange|p2a: The Yearn|Charizard-Mega-Y, F\n|-mega|p2a: The Yearn|Charizard|Charizardite Y\n|-weather|SunnyDay|[from] ability: Drought|[of] p2a: The Yearn\n|move|p2a: The Yearn|Weather Ball|p1a: Latias\n|-resisted|p1a: Latias\n|-damage|p1a: Latias|63\/100\n|\n|-weather|SunnyDay|[upkeep]\n|upkeep\n|turn|7\n|\n|t:|1698632559\n|switch|p2a: The Pay Off|Gholdengo|100\/100\n|-item|p2a: The Pay Off|Air Balloon\n|detailschange|p1a: Latias|Latias-Mega, F\n|-mega|p1a: Latias|Latias|Latiasite\n|move|p1a: Latias|Light Screen|p1a: Latias\n|-sidestart|p1: The23rdPower|move: Light Screen\n|\n|-weather|SunnyDay|[upkeep]\n|upkeep\n|turn|8\n|\n|t:|1698632567\n|switch|p1a: Charizard|Charizard, M, shiny|100\/100\n|move|p2a: The Pay Off|Nasty Plot|p2a: The Pay Off\n|-boost|p2a: The Pay Off|spa|2\n|\n|-weather|SunnyDay|[upkeep]\n|upkeep\n|turn|9\n|\n|t:|1698632571\n|switch|p2a: The Yearn|Charizard-Mega-Y, F|100\/100\n|move|p1a: Charizard|Flamethrower|p2a: The Yearn\n|-resisted|p2a: The Yearn\n|-damage|p2a: The Yearn|75\/100\n|\n|-weather|SunnyDay|[upkeep]\n|upkeep\n|turn|10\n|\n|t:|1698632579\n|switch|p2a: The Sheath|Grimmsnarl, M, shiny|100\/100\n|move|p1a: Charizard|Toxic|p2a: The Sheath\n|-status|p2a: The Sheath|tox\n|\n|-weather|none\n|-damage|p2a: The Sheath|94\/100 tox|[from] psn\n|upkeep\n|turn|11\n|\n|t:|1698632583\n|move|p2a: The Sheath|Light Screen|p2a: The Sheath\n|-sidestart|p2: xdd-Rayleigh|move: Light Screen\n|move|p1a: Charizard|Roar|p2a: The Sheath\n|drag|p2a: The Pay Off|Gholdengo|100\/100\n|-item|p2a: The Pay Off|Air Balloon\n|\n|-sideend|p1: The23rdPower|move: Light Screen\n|upkeep\n|turn|12\n|c| danbultheman|23rd where is solar power\n|c| danbultheman|ur not cooking rn\n|\n|t:|1698632591\n|switch|p2a: The Sheath|Grimmsnarl, M, shiny|94\/100 tox\n|move|p1a: Charizard|Roar|p2a: The Sheath\n|drag|p2a: The Pay Off|Gholdengo|100\/100\n|-item|p2a: The Pay Off|Air Balloon\n|\n|upkeep\n|turn|13\n|\n|t:|1698632602\n|switch|p2a: The Sheath|Grimmsnarl, M, shiny|94\/100 tox\n|move|p1a: Charizard|Flamethrower|p2a: The Sheath\n|-damage|p2a: The Sheath|81\/100 tox\n|\n|-damage|p2a: The Sheath|75\/100 tox|[from] psn\n|upkeep\n|turn|14\n|\n|t:|1698632610\n|switch|p1a: Excadrill|Excadrill, M|100\/100\n|-ability|p1a: Excadrill|Mold Breaker\n|move|p2a: The Sheath|Parting Shot|p1a: Excadrill\n|-unboost|p1a: Excadrill|atk|1\n|-unboost|p1a: Excadrill|spa|1\n|\n|t:|1698632613\n|switch|p2a: The Wrapper|Serperior, F|100\/100|[from] Parting Shot\n|\n|upkeep\n|turn|15\n|\n|t:|1698632618\n|switch|p1a: Charizard|Charizard, M, shiny|100\/100\n|move|p2a: The Wrapper|Substitute|p2a: The Wrapper\n|-start|p2a: The Wrapper|Substitute\n|-damage|p2a: The Wrapper|76\/100\n|\n|-heal|p2a: The Wrapper|82\/100|[from] item: Leftovers\n|upkeep\n|turn|16\n|\n|t:|1698632621\n|move|p2a: The Wrapper|Leaf Storm|p1a: Charizard\n|-resisted|p1a: Charizard\n|-damage|p1a: Charizard|92\/100\n|-boost|p2a: The Wrapper|spa|2\n|move|p1a: Charizard|Flamethrower|p2a: The Wrapper\n|-supereffective|p2a: The Wrapper\n|-end|p2a: The Wrapper|Substitute\n|\n|-heal|p2a: The Wrapper|88\/100|[from] item: Leftovers\n|upkeep\n|turn|17\n|\n|t:|1698632626\n|-terastallize|p2a: The Wrapper|Dragon\n|move|p2a: The Wrapper|Dragon Pulse|p1a: Charizard\n|-damage|p1a: Charizard|41\/100\n|move|p1a: Charizard|Roar|p2a: The Wrapper\n|drag|p2a: The Yearn|Charizard-Mega-Y, F|75\/100\n|-weather|SunnyDay|[from] ability: Drought|[of] p2a: The Yearn\n|\n|-weather|SunnyDay|[upkeep]\n|upkeep\n|turn|18\n|\n|t:|1698632631\n|move|p2a: The Yearn|Weather Ball|p1a: Charizard\n|-resisted|p1a: Charizard\n|-damage|p1a: Charizard|7\/100\n|move|p1a: Charizard|Roost|p1a: Charizard\n|-heal|p1a: Charizard|57\/100\n|-singleturn|p1a: Charizard|move: Roost\n|\n|-weather|SunnyDay|[upkeep]\n|-sideend|p2: xdd-Rayleigh|move: Light Screen\n|upkeep\n|turn|19\n|c| danbultheman|thats a nice 8%%\n|\n|t:|1698632634\n|switch|p2a: The Mast|Shuckle, F|100\/100\n|move|p1a: Charizard|Roost|p1a: Charizard\n|-heal|p1a: Charizard|100\/100\n|-singleturn|p1a: Charizard|move: Roost\n|\n|-weather|SunnyDay|[upkeep]\n|upkeep\n|turn|20\n|c| danbultheman|LOL\n|j| superoinge22\n|c| superoinge22|Man wtf did i miss\n|c|\u2606The23rdPower|Mirror Herb\n|c|\u2606xdd-Rayleigh|hold on im trying to process new info from pwapy\n|c| superoinge22|Oh just iron hands being that guy\n|c|\u2606xdd-Rayleigh|dont look up yike\n|c| superoinge22|Hes so fucking good man\n|\n|t:|1698632699\n|switch|p1a: Barbaracle|Barbaracle, M, tera:Ghost|100\/100\n|switch|p2a: The Sheath|Grimmsnarl, M, shiny|75\/100 tox\n|\n|-weather|SunnyDay|[upkeep]\n|-damage|p2a: The Sheath|69\/100 tox|[from] psn\n|upkeep\n|turn|21\n|c| mostgoodX|That mirror herb was terrifying\n|\n|t:|1698632719\n|move|p2a: The Sheath|Taunt|p1a: Barbaracle\n|-start|p1a: Barbaracle|move: Taunt\n|cant|p1a: Barbaracle|move: Taunt|Shell Smash\n|\n|-weather|none\n|-damage|p2a: The Sheath|57\/100 tox|[from] psn\n|upkeep\n|turn|22\n|\n|t:|1698632724\n|move|p2a: The Sheath|Reflect|p2a: The Sheath\n|-sidestart|p2: xdd-Rayleigh|Reflect\n|move|p1a: Barbaracle|Liquidation|p2a: The Sheath\n|-damage|p2a: The Sheath|24\/100 tox\n|\n|-damage|p2a: The Sheath|5\/100 tox|[from] psn\n|upkeep\n|turn|23\n|\n|t:|1698632726\n|move|p2a: The Sheath|Parting Shot|p1a: Barbaracle\n|-unboost|p1a: Barbaracle|atk|1\n|-unboost|p1a: Barbaracle|spa|1\n|\n|t:|1698632731\n|switch|p2a: The Wrapper|Serperior, F, tera:Dragon|88\/100|[from] Parting Shot\n|move|p1a: Barbaracle|Brick Break|p2a: The Wrapper\n|-sideend|p2: xdd-Rayleigh|Reflect\n|-damage|p2a: The Wrapper|60\/100\n|\n|-heal|p2a: The Wrapper|66\/100|[from] item: Leftovers\n|-end|p1a: Barbaracle|move: Taunt\n|upkeep\n|turn|24\n|\n|t:|1698632739\n|switch|p1a: Charizard|Charizard, M, shiny|100\/100\n|move|p2a: The Wrapper|Substitute|p2a: The Wrapper\n|-start|p2a: The Wrapper|Substitute\n|-damage|p2a: The Wrapper|42\/100\n|\n|-heal|p2a: The Wrapper|48\/100|[from] item: Leftovers\n|upkeep\n|turn|25\n|\n|t:|1698632742\n|move|p2a: The Wrapper|Wring Out|p1a: Charizard\n|-damage|p1a: Charizard|79\/100\n|move|p1a: Charizard|Roar|p2a: The Wrapper\n|drag|p2a: The Pay Off|Gholdengo|100\/100\n|-item|p2a: The Pay Off|Air Balloon\n|\n|upkeep\n|turn|26\n|\n|t:|1698632761\n|move|p1a: Charizard|Flamethrower|p2a: The Pay Off\n|-supereffective|p2a: The Pay Off\n|-crit|p2a: The Pay Off\n|-damage|p2a: The Pay Off|20\/100\n|-enditem|p2a: The Pay Off|Air Balloon\n|move|p2a: The Pay Off|Shadow Ball|p1a: Charizard\n|-damage|p1a: Charizard|51\/100\n|\n|upkeep\n|turn|27\n|c| danbultheman|ROAR CHARIZARD\n|c| danbultheman|POP OFF\n|c| mostgoodX|Gooo 23rd\n|c| superoinge22|Bulky zard is actually him\n|c|\u2606The23rdPower|This is why you don't give up after Mirror Herb Roaring Moon\n|c| superoinge22|How does gacha even break this\n|c|\u2606xdd-Rayleigh|that crit really hurts a special defensive dengo hard\n|\n|t:|1698632849\n|switch|p2a: The Mast|Shuckle, F|100\/100\n|move|p1a: Charizard|Roost|p1a: Charizard\n|-heal|p1a: Charizard|100\/100\n|-singleturn|p1a: Charizard|move: Roost\n|\n|upkeep\n|turn|28\n|\n|t:|1698632891\n|switch|p1a: Excadrill|Excadrill, M|100\/100\n|-ability|p1a: Excadrill|Mold Breaker\n|move|p2a: The Mast|Sticky Web|p1a: Excadrill\n|-sidestart|p1: The23rdPower|move: Sticky Web\n|\n|upkeep\n|turn|29\n|\n|t:|1698632896\n|move|p1a: Excadrill|Stealth Rock|p2a: The Mast\n|-sidestart|p2: xdd-Rayleigh|move: Stealth Rock\n|move|p2a: The Mast|Encore|p1a: Excadrill\n|-start|p1a: Excadrill|Encore\n|\n|upkeep\n|turn|30\n|\n|t:|1698632913\n|switch|p1a: Barbaracle|Barbaracle, M, tera:Ghost|100\/100\n|-activate|p1a: Barbaracle|move: Sticky Web\n|-unboost|p1a: Barbaracle|spe|1\n|move|p2a: The Mast|Stealth Rock|p1a: Barbaracle\n|-sidestart|p1: The23rdPower|move: Stealth Rock\n|\n|upkeep\n|turn|31\n|\n|t:|1698632917\n|move|p1a: Barbaracle|Rock Blast|p2a: The Mast\n|-supereffective|p2a: The Mast\n|-damage|p2a: The Mast|81\/100\n|-supereffective|p2a: The Mast\n|-damage|p2a: The Mast|60\/100\n|-supereffective|p2a: The Mast\n|-damage|p2a: The Mast|40\/100\n|-supereffective|p2a: The Mast\n|-damage|p2a: The Mast|20\/100\n|-supereffective|p2a: The Mast\n|-damage|p2a: The Mast|0 fnt\n|faint|p2a: The Mast\n|-hitcount|p2: The Mast|5\n|\n|upkeep\n|c| superoinge22|Its beautiful\n|\n|t:|1698632941\n|switch|p2a: The Pay Off|Gholdengo|20\/100\n|-damage|p2a: The Pay Off|13\/100|[from] Stealth Rock\n|turn|32\n|\n|t:|1698632945\n|switch|p1a: Charizard|Charizard, M, shiny|100\/100\n|move|p2a: The Pay Off|Recover|p2a: The Pay Off\n|-heal|p2a: The Pay Off|63\/100\n|\n|upkeep\n|turn|33\n|\n|t:|1698632951\n|move|p1a: Charizard|Flamethrower|p2a: The Pay Off\n|-supereffective|p2a: The Pay Off\n|-damage|p2a: The Pay Off|8\/100\n|move|p2a: The Pay Off|Recover|p2a: The Pay Off\n|-heal|p2a: The Pay Off|58\/100\n|\n|upkeep\n|turn|34\n|\n|t:|1698632956\n|switch|p2a: The Sheath|Grimmsnarl, M, shiny|5\/100 tox\n|-damage|p2a: The Sheath|0 fnt|[from] Stealth Rock\n|faint|p2a: The Sheath\n|move|p1a: Charizard|Flamethrower|p2: The Sheath|[notarget]\n|-fail|p1a: Charizard\n|\n|upkeep\n|l| mostgoodX\n|\n|t:|1698633010\n|switch|p2a: The Wrapper|Serperior, F, tera:Dragon|48\/100\n|-damage|p2a: The Wrapper|36\/100|[from] Stealth Rock\n|turn|35\n|\n|t:|1698633018\n|move|p2a: The Wrapper|Dragon Pulse|p1a: Charizard\n|-crit|p1a: Charizard\n|-damage|p1a: Charizard|66\/100\n|move|p1a: Charizard|Roar|p2a: The Wrapper\n|drag|p2a: The Yearn|Charizard-Mega-Y, F|75\/100\n|-damage|p2a: The Yearn|25\/100|[from] Stealth Rock\n|-weather|SunnyDay|[from] ability: Drought|[of] p2a: The Yearn\n|\n|-weather|SunnyDay|[upkeep]\n|upkeep\n|turn|36\n|\n|t:|1698633023\n|move|p2a: The Yearn|Weather Ball|p1a: Charizard\n|-resisted|p1a: Charizard\n|-damage|p1a: Charizard|32\/100\n|move|p1a: Charizard|Roost|p1a: Charizard\n|-heal|p1a: Charizard|82\/100\n|-singleturn|p1a: Charizard|move: Roost\n|\n|-weather|SunnyDay|[upkeep]\n|upkeep\n|turn|37\n|\n|t:|1698633026\n|move|p2a: The Yearn|Weather Ball|p1a: Charizard\n|-resisted|p1a: Charizard\n|-damage|p1a: Charizard|46\/100\n|move|p1a: Charizard|Roost|p1a: Charizard\n|-heal|p1a: Charizard|96\/100\n|-singleturn|p1a: Charizard|move: Roost\n|\n|-weather|SunnyDay|[upkeep]\n|upkeep\n|turn|38\n|\n|t:|1698633028\n|move|p2a: The Yearn|Weather Ball|p1a: Charizard\n|-resisted|p1a: Charizard\n|-damage|p1a: Charizard|59\/100\n|move|p1a: Charizard|Toxic|p2a: The Yearn\n|-status|p2a: The Yearn|tox\n|\n|-weather|SunnyDay|[upkeep]\n|-damage|p2a: The Yearn|19\/100 tox|[from] psn\n|upkeep\n|turn|39\n|\n|t:|1698633031\n|move|p2a: The Yearn|Weather Ball|p1a: Charizard\n|-resisted|p1a: Charizard\n|-damage|p1a: Charizard|23\/100\n|move|p1a: Charizard|Roost|p1a: Charizard\n|-heal|p1a: Charizard|73\/100\n|-singleturn|p1a: Charizard|move: Roost\n|\n|-weather|none\n|-damage|p2a: The Yearn|7\/100 tox|[from] psn\n|upkeep\n|turn|40\n|\n|t:|1698633038\n|move|p2a: The Yearn|Sunny Day|p2a: The Yearn\n|-weather|SunnyDay\n|move|p1a: Charizard|Roar|p2a: The Yearn\n|drag|p2a: The Pay Off|Gholdengo|58\/100\n|-damage|p2a: The Pay Off|52\/100|[from] Stealth Rock\n|\n|-weather|SunnyDay|[upkeep]\n|upkeep\n|turn|41\n|c| NotMHP|Mexican makes his Roaring Moon Jolly instead of Adamant\n|c| NotMHP|loses draft game\n|c|\u2606xdd-Rayleigh|LOL\n|c|\u2606The23rdPower|Thanks for the sun\n|\n|t:|1698633070\n|move|p1a: Charizard|Flamethrower|p2a: The Pay Off\n|-supereffective|p2a: The Pay Off\n|-damage|p2a: The Pay Off|0 fnt\n|faint|p2a: The Pay Off\n|\n|-weather|SunnyDay|[upkeep]\n|upkeep\n|c| superoinge22|23rd savoring this so hard rn\n|c| superoinge22|I can feel his satisfaction\n|\n|t:|1698633099\n|switch|p2a: The Wrapper|Serperior, F, tera:Dragon|36\/100\n|-damage|p2a: The Wrapper|23\/100|[from] Stealth Rock\n|turn|42\n|\n|t:|1698633105\n|move|p2a: The Wrapper|Leaf Storm|p1a: Charizard\n|-resisted|p1a: Charizard\n|-damage|p1a: Charizard|64\/100\n|-boost|p2a: The Wrapper|spa|2\n|move|p1a: Charizard|Toxic|p2a: The Wrapper\n|-status|p2a: The Wrapper|tox\n|\n|-weather|SunnyDay|[upkeep]\n|-heal|p2a: The Wrapper|29\/100 tox|[from] item: Leftovers\n|-damage|p2a: The Wrapper|23\/100 tox|[from] psn\n|upkeep\n|turn|43\n|\n|t:|1698633116\n|move|p2a: The Wrapper|Dragon Pulse|p1a: Charizard\n|-damage|p1a: Charizard|13\/100\n|move|p1a: Charizard|Roar|p2a: The Wrapper\n|drag|p2a: The Yearn|Charizard-Mega-Y, F|7\/100 tox\n|-damage|p2a: The Yearn|0 fnt|[from] Stealth Rock\n|faint|p2a: The Yearn\n|\n|-weather|SunnyDay|[upkeep]\n|upkeep\n|\n|t:|1698633117\n|switch|p2a: The Wrapper|Serperior, F, tera:Dragon|23\/100 tox\n|-damage|p2a: The Wrapper|11\/100 tox|[from] Stealth Rock\n|turn|44\n|\n|t:|1698633131\n|switch|p1a: Excadrill|Excadrill, M|100\/100\n|-activate|p1a: Excadrill|move: Sticky Web\n|-unboost|p1a: Excadrill|spe|1\n|-damage|p1a: Excadrill|98\/100|[from] Stealth Rock\n|-ability|p1a: Excadrill|Mold Breaker\n|move|p2a: The Wrapper|Dragon Pulse|p1a: Excadrill\n|-resisted|p1a: Excadrill\n|-damage|p1a: Excadrill|82\/100\n|\n|-weather|none\n|-heal|p2a: The Wrapper|17\/100 tox|[from] item: Leftovers\n|-heal|p1a: Excadrill|88\/100|[from] item: Leftovers\n|-damage|p2a: The Wrapper|11\/100 tox|[from] psn\n|upkeep\n|turn|45\n|\n|t:|1698633139\n|switch|p1a: Latias|Latias-Mega, F|63\/100\n|-damage|p1a: Latias|51\/100|[from] Stealth Rock\n|move|p2a: The Wrapper|Leaf Storm|p1a: Latias\n|-resisted|p1a: Latias\n|-damage|p1a: Latias|36\/100\n|-boost|p2a: The Wrapper|spa|2\n|\n|-heal|p2a: The Wrapper|17\/100 tox|[from] item: Leftovers\n|-damage|p2a: The Wrapper|5\/100 tox|[from] psn\n|upkeep\n|turn|46\n|c| superoinge22|W differential preservation\n|\n|t:|1698633158\n|move|p2a: The Wrapper|Leaf Storm|p1a: Latias\n|-resisted|p1a: Latias\n|-damage|p1a: Latias|8\/100\n|-boost|p2a: The Wrapper|spa|2\n|move|p1a: Latias|Dragon Pulse|p2a: The Wrapper\n|-supereffective|p2a: The Wrapper\n|-damage|p2a: The Wrapper|0 fnt\n|faint|p2a: The Wrapper\n|\n|win|The23rdPower\n|c|\u2606The23rdPower|Gg\n|j| realjumpman\n|l| realjumpman\n|l|\u2606xdd-Rayleigh\n|j| Pwapy\n|l| superoinge22\n","uploadtime":1698633210,"views":37,"p1id":"the23rdpower","p2id":"xddrayleigh","formatid":"gen9nationaldexubers","rating":0,"private":0,"password":""}