{"id":"gen9nationaldexubers-1990652122","p1":"85792195wwww","p2":"Victreenie","format":"[Gen 9] National Dex Ubers","log":"|j|\u260685792195wwww\n|j|\u2606Victreenie\n|t:|1699988911\n|gametype|singles\n|player|p1|85792195wwww|mira|1728\n|player|p2|Victreenie|n|1524\n|teamsize|p1|6\n|teamsize|p2|6\n|gen|9\n|tier|[Gen 9] National Dex Ubers\n|rated|\n|rule|HP Percentage Mod: HP is shown in percentages\n|rule|Endless Battle Clause: Forcing endless battles is banned\n|rule|OHKO Clause: OHKO moves are banned\n|rule|Evasion Moves Clause: Evasion moves are banned\n|rule|Evasion Items Clause: Evasion items are banned\n|rule|Species Clause: Limit one of each Pok\u00e9mon\n|rule|Sleep Clause Mod: Limit one foe put to sleep\n|rule|Mega Rayquaza Clause: You cannot mega evolve Rayquaza\n|clearpoke\n|poke|p1|Arceus-Ground|\n|poke|p1|Deoxys-Speed|\n|poke|p1|Landorus, M|\n|poke|p1|Zacian-*|\n|poke|p1|Groudon|\n|poke|p1|Zekrom|\n|poke|p2|Groudon|\n|poke|p2|Mewtwo|\n|poke|p2|Xerneas-*|\n|poke|p2|Spectrier|\n|poke|p2|Dialga|\n|poke|p2|Lunala|\n|teampreview\n|j| usamo 2021\n|\n|t:|1699988922\n|start\n|switch|p1a: Deoxys|Deoxys-Speed|100\/100\n|switch|p2a: Spectrier|Spectrier|100\/100\n|-ability|p1a: Deoxys|Pressure\n|turn|1\n|\n|t:|1699988945\n|move|p1a: Deoxys|Stealth Rock|p2a: Spectrier\n|-sidestart|p2: Victreenie|move: Stealth Rock\n|move|p2a: Spectrier|Shadow Ball|p1a: Deoxys\n|-supereffective|p1a: Deoxys\n|-damage|p1a: Deoxys|0 fnt\n|faint|p1a: Deoxys\n|-ability|p2a: Spectrier|Grim Neigh|boost\n|-boost|p2a: Spectrier|spa|1\n|\n|upkeep\n|\n|t:|1699988965\n|switch|p1a: Zacian|Zacian-Crowned|100\/100\n|-ability|p1a: Zacian|Intrepid Sword|boost\n|-boost|p1a: Zacian|atk|1\n|turn|2\n|\n|t:|1699988971\n|move|p1a: Zacian|Behemoth Blade|p2a: Spectrier\n|-damage|p2a: Spectrier|0 fnt\n|faint|p2a: Spectrier\n|\n|upkeep\n|\n|t:|1699988976\n|switch|p2a: Groudon|Groudon, shiny|100\/100\n|-damage|p2a: Groudon|94\/100|[from] Stealth Rock\n|detailschange|p2a: Groudon|Groudon-Primal, shiny\n|-primal|p2a: Groudon|Red Orb\n|-weather|DesolateLand|[from] ability: Desolate Land|[of] p2a: Groudon\n|turn|3\n|\n|t:|1699988984\n|-terastallize|p1a: Zacian|Ground\n|move|p1a: Zacian|Tera Blast|p2a: Groudon|[anim] Tera Blast Ground\n|-supereffective|p2a: Groudon\n|-damage|p2a: Groudon|6\/100\n|move|p2a: Groudon|Rock Polish|p2a: Groudon\n|-boost|p2a: Groudon|spe|2\n|\n|-weather|DesolateLand|[upkeep]\n|upkeep\n|turn|4\n|\n|t:|1699988993\n|move|p2a: Groudon|Overheat|p1a: Zacian\n|-damage|p1a: Zacian|0 fnt\n|-unboost|p2a: Groudon|spa|2\n|faint|p1a: Zacian\n|\n|-weather|DesolateLand|[upkeep]\n|upkeep\n|\n|t:|1699989015\n|switch|p1a: Landorus|Landorus, M|100\/100\n|turn|5\n|\n|t:|1699989019\n|move|p2a: Groudon|Hidden Power|p1a: Landorus\n|-supereffective|p1a: Landorus\n|-damage|p1a: Landorus|30\/100\n|move|p1a: Landorus|Earth Power|p2a: Groudon\n|-supereffective|p2a: Groudon\n|-damage|p2a: Groudon|0 fnt\n|faint|p2a: Groudon\n|-weather|none\n|\n|upkeep\n|\n|t:|1699989025\n|switch|p2a: Mewtwo|Mewtwo, shiny|100\/100\n|-damage|p2a: Mewtwo|88\/100|[from] Stealth Rock\n|-ability|p2a: Mewtwo|Pressure\n|turn|6\n|\n|t:|1699989033\n|detailschange|p2a: Mewtwo|Mewtwo-Mega-Y, shiny\n|-mega|p2a: Mewtwo|Mewtwo|Mewtwonite Y\n|move|p2a: Mewtwo|Calm Mind|p2a: Mewtwo\n|-boost|p2a: Mewtwo|spa|1\n|-boost|p2a: Mewtwo|spd|1\n|move|p1a: Landorus|Earth Power|p2a: Mewtwo\n|-damage|p2a: Mewtwo|47\/100\n|\n|upkeep\n|turn|7\n|\n|t:|1699989042\n|move|p2a: Mewtwo|Psystrike|p1a: Landorus\n|-damage|p1a: Landorus|0 fnt\n|faint|p1a: Landorus\n|\n|upkeep\n|\n|t:|1699989049\n|switch|p1a: Arceus|Arceus-Ground|100\/100\n|turn|8\n|\n|t:|1699989052\n|move|p2a: Mewtwo|Psystrike|p1a: Arceus\n|-damage|p1a: Arceus|29\/100\n|move|p1a: Arceus|Dragon Dance|p1a: Arceus\n|-boost|p1a: Arceus|atk|1\n|-boost|p1a: Arceus|spe|1\n|\n|upkeep\n|turn|9\n|\n|t:|1699989060\n|move|p1a: Arceus|Earthquake|p2a: Mewtwo\n|-damage|p2a: Mewtwo|0 fnt\n|faint|p2a: Mewtwo\n|\n|upkeep\n|\n|t:|1699989065\n|switch|p2a: Dialga|Dialga, shiny|100\/100\n|-damage|p2a: Dialga|94\/100|[from] Stealth Rock\n|-ability|p2a: Dialga|Pressure\n|turn|10\n|\n|t:|1699989071\n|-terastallize|p2a: Dialga|Flying\n|move|p1a: Arceus|Earthquake|p2a: Dialga\n|-immune|p2a: Dialga\n|move|p2a: Dialga|Flash Cannon|p1a: Arceus\n|-damage|p1a: Arceus|0 fnt\n|faint|p1a: Arceus\n|\n|-heal|p2a: Dialga|100\/100|[from] item: Leftovers\n|upkeep\n|\n|t:|1699989085\n|switch|p1a: Zekrom|Zekrom|100\/100\n|-ability|p1a: Zekrom|Teravolt\n|turn|11\n|\n|t:|1699989091\n|move|p1a: Zekrom|Substitute|p1a: Zekrom\n|-start|p1a: Zekrom|Substitute\n|-damage|p1a: Zekrom|76\/100\n|move|p2a: Dialga|Thunder Wave||[still]\n|-fail|p2a: Dialga\n|\n|upkeep\n|turn|12\n|\n|t:|1699989098\n|move|p1a: Zekrom|Bolt Strike|p2a: Dialga\n|-supereffective|p2a: Dialga\n|-crit|p2a: Dialga\n|-damage|p2a: Dialga|0 fnt\n|faint|p2a: Dialga\n|\n|upkeep\n|\n|t:|1699989101\n|switch|p2a: Xerneas|Xerneas, shiny|100\/100\n|-damage|p2a: Xerneas|88\/100|[from] Stealth Rock\n|-ability|p2a: Xerneas|Fairy Aura\n|turn|13\n|\n|t:|1699989110\n|move|p2a: Xerneas|Geomancy||[still]\n|-prepare|p2a: Xerneas|Geomancy\n|-enditem|p2a: Xerneas|Power Herb\n|-anim|p2a: Xerneas|Geomancy|p2a: Xerneas\n|-boost|p2a: Xerneas|spa|2\n|-boost|p2a: Xerneas|spd|2\n|-boost|p2a: Xerneas|spe|2\n|move|p1a: Zekrom|Bolt Strike|p2a: Xerneas\n|-damage|p2a: Xerneas|21\/100\n|\n|upkeep\n|turn|14\n|\n|t:|1699989119\n|move|p2a: Xerneas|Moonblast|p1a: Zekrom\n|-supereffective|p1a: Zekrom\n|-end|p1a: Zekrom|Substitute\n|move|p1a: Zekrom|Bolt Strike|p2a: Xerneas\n|-damage|p2a: Xerneas|0 fnt\n|faint|p2a: Xerneas\n|\n|upkeep\n|\n|t:|1699989121\n|switch|p2a: Lunala|Lunala, shiny|100\/100\n|-damage|p2a: Lunala|88\/100|[from] Stealth Rock\n|turn|15\n|\n|t:|1699989131\n|move|p2a: Lunala|Ice Beam|p1a: Zekrom\n|-supereffective|p1a: Zekrom\n|-damage|p1a: Zekrom|15\/100\n|move|p1a: Zekrom|Dragon Dance|p1a: Zekrom\n|-boost|p1a: Zekrom|atk|1\n|-boost|p1a: Zekrom|spe|1\n|\n|upkeep\n|turn|16\n|\n|t:|1699989139\n|move|p1a: Zekrom|Outrage|p2a: Lunala\n|-damage|p2a: Lunala|0 fnt\n|faint|p2a: Lunala\n|\n|win|85792195wwww\n|raw|85792195wwww's rating: 1728 &rarr; <strong>1737<\/strong><br \/>(+9 for winning)\n|raw|Victreenie's rating: 1524 &rarr; <strong>1515<\/strong><br \/>(-9 for losing)\n|l|\u2606Victreenie\n","uploadtime":1699989146,"views":5,"p1id":"85792195wwww","p2id":"victreenie","formatid":"gen9nationaldexubers","rating":1515,"private":0,"password":""}