{"id":"gen9nationaldexubers-1988512227","p1":"masterbharath","p2":"Girlhero","format":"[Gen 9] National Dex Ubers","log":"|j|\u2606masterbharath\n|j|\u2606Girlhero\n|t:|1699730854\n|gametype|singles\n|player|p1|masterbharath|102|1335\n|player|p2|Girlhero|iris|1221\n|teamsize|p1|6\n|teamsize|p2|6\n|gen|9\n|tier|[Gen 9] National Dex Ubers\n|rated|\n|rule|HP Percentage Mod: HP is shown in percentages\n|rule|Endless Battle Clause: Forcing endless battles is banned\n|rule|OHKO Clause: OHKO moves are banned\n|rule|Evasion Moves Clause: Evasion moves are banned\n|rule|Evasion Items Clause: Evasion items are banned\n|rule|Species Clause: Limit one of each Pok\u00e9mon\n|rule|Sleep Clause Mod: Limit one foe put to sleep\n|rule|Mega Rayquaza Clause: You cannot mega evolve Rayquaza\n|clearpoke\n|poke|p1|Celesteela|\n|poke|p1|Urshifu-*, F|\n|poke|p1|Mewtwo|\n|poke|p1|Glimmora, F|\n|poke|p1|Umbreon, M|\n|poke|p1|Groudon|\n|poke|p2|Darmanitan-Galar, M|\n|poke|p2|Kyogre|\n|poke|p2|Salamence, F|\n|poke|p2|Zacian-*|\n|poke|p2|Groudon|\n|poke|p2|Arceus-Fairy|\n|teampreview\n|\n|t:|1699730877\n|start\n|switch|p1a: Glimmora|Glimmora, F|100\/100\n|switch|p2a: Groudon|Groudon|100\/100\n|detailschange|p2a: Groudon|Groudon-Primal\n|-primal|p2a: Groudon|Red Orb\n|-weather|DesolateLand|[from] ability: Desolate Land|[of] p2a: Groudon\n|turn|1\n|\n|t:|1699730887\n|move|p1a: Glimmora|Stealth Rock|p2a: Groudon\n|-sidestart|p2: Girlhero|move: Stealth Rock\n|move|p2a: Groudon|Stealth Rock|p1a: Glimmora\n|-sidestart|p1: masterbharath|move: Stealth Rock\n|\n|-weather|DesolateLand|[upkeep]\n|upkeep\n|turn|2\n|\n|t:|1699730893\n|move|p1a: Glimmora|Mortal Spin|p2a: Groudon\n|-resisted|p2a: Groudon\n|-damage|p2a: Groudon|99\/100\n|-status|p2a: Groudon|psn\n|-sideend|p1: masterbharath|Stealth Rock|[from] move: Mortal Spin|[of] p1a: Glimmora\n|move|p2a: Groudon|Precipice Blades|p1a: Glimmora|[miss]\n|-miss|p2a: Groudon|p1a: Glimmora\n|\n|-weather|DesolateLand|[upkeep]\n|-damage|p2a: Groudon|87\/100 psn|[from] psn\n|upkeep\n|turn|3\n|\n|t:|1699730909\n|move|p1a: Glimmora|Earth Power|p2a: Groudon\n|-supereffective|p2a: Groudon\n|-damage|p2a: Groudon|40\/100 psn\n|move|p2a: Groudon|Precipice Blades|p1a: Glimmora\n|-supereffective|p1a: Glimmora\n|-enditem|p1a: Glimmora|Focus Sash\n|-damage|p1a: Glimmora|1\/100\n|-activate|p1a: Glimmora|ability: Toxic Debris\n|-sidestart|p2: Girlhero|move: Toxic Spikes\n|\n|-weather|DesolateLand|[upkeep]\n|-damage|p2a: Groudon|27\/100 psn|[from] psn\n|upkeep\n|turn|4\n|\n|t:|1699730922\n|-weather|none\n|switch|p2a: Salamence|Salamence, F|100\/100\n|-damage|p2a: Salamence|76\/100|[from] Stealth Rock\n|-ability|p2a: Salamence|Intimidate|boost\n|-unboost|p1a: Glimmora|atk|1\n|move|p1a: Glimmora|Earth Power|p2a: Salamence\n|-immune|p2a: Salamence\n|\n|upkeep\n|turn|5\n|\n|t:|1699730933\n|detailschange|p2a: Salamence|Salamence-Mega, F\n|-mega|p2a: Salamence|Salamence|Salamencite\n|move|p2a: Salamence|Body Slam|p1a: Glimmora\n|-resisted|p1a: Glimmora\n|-damage|p1a: Glimmora|0 fnt\n|-activate|p1a: Glimmora|ability: Toxic Debris\n|-sidestart|p2: Girlhero|move: Toxic Spikes\n|faint|p1a: Glimmora\n|\n|upkeep\n|\n|t:|1699730944\n|switch|p1a: Celesteela|Celesteela|100\/100\n|turn|6\n|\n|t:|1699730956\n|switch|p2a: Arceus|Arceus-Fairy|100\/100\n|-damage|p2a: Arceus|88\/100|[from] Stealth Rock\n|-status|p2a: Arceus|tox\n|move|p1a: Celesteela|Leech Seed|p2a: Arceus|[miss]\n|-miss|p1a: Celesteela|p2a: Arceus\n|\n|-damage|p2a: Arceus|82\/100 tox|[from] psn\n|upkeep\n|turn|7\n|\n|t:|1699730965\n|move|p2a: Arceus|Defog|p1a: Celesteela\n|-unboost|p1a: Celesteela|evasion|1\n|-sideend|p2: Girlhero|Toxic Spikes|[from] move: Defog|[of] p2a: Arceus\n|-sideend|p2: Girlhero|Stealth Rock|[from] move: Defog|[of] p2a: Arceus\n|move|p1a: Celesteela|Leech Seed|p2a: Arceus\n|-start|p2a: Arceus|move: Leech Seed\n|\n|-damage|p2a: Arceus|70\/100 tox|[from] Leech Seed|[of] p1a: Celesteela\n|-damage|p2a: Arceus|57\/100 tox|[from] psn\n|upkeep\n|turn|8\n|\n|t:|1699730979\n|switch|p2a: Kyogre|Kyogre|100\/100\n|detailschange|p2a: Kyogre|Kyogre-Primal\n|-primal|p2a: Kyogre|Blue Orb\n|-weather|PrimordialSea|[from] ability: Primordial Sea|[of] p2a: Kyogre\n|move|p1a: Celesteela|Protect||[still]\n|-fail|p1a: Celesteela\n|\n|-weather|PrimordialSea|[upkeep]\n|upkeep\n|turn|9\n|\n|t:|1699730986\n|move|p1a: Celesteela|Protect|p1a: Celesteela\n|-singleturn|p1a: Celesteela|Protect\n|move|p2a: Kyogre|Calm Mind|p2a: Kyogre\n|-boost|p2a: Kyogre|spa|1\n|-boost|p2a: Kyogre|spd|1\n|\n|-weather|PrimordialSea|[upkeep]\n|upkeep\n|turn|10\n|\n|t:|1699730993\n|move|p2a: Kyogre|Thunder|p1a: Celesteela\n|-supereffective|p1a: Celesteela\n|-damage|p1a: Celesteela|18\/100\n|move|p1a: Celesteela|Leech Seed|p2a: Kyogre\n|-start|p2a: Kyogre|move: Leech Seed\n|\n|-weather|PrimordialSea|[upkeep]\n|-heal|p1a: Celesteela|24\/100|[from] item: Leftovers\n|-damage|p2a: Kyogre|88\/100|[from] Leech Seed|[of] p1a: Celesteela\n|-heal|p1a: Celesteela|35\/100|[silent]\n|upkeep\n|turn|11\n|\n|t:|1699731003\n|move|p1a: Celesteela|Protect|p1a: Celesteela\n|-singleturn|p1a: Celesteela|Protect\n|move|p2a: Kyogre|Thunder|p1a: Celesteela\n|-activate|p1a: Celesteela|move: Protect\n|\n|-weather|PrimordialSea|[upkeep]\n|-heal|p1a: Celesteela|41\/100|[from] item: Leftovers\n|-damage|p2a: Kyogre|76\/100|[from] Leech Seed|[of] p1a: Celesteela\n|-heal|p1a: Celesteela|51\/100|[silent]\n|upkeep\n|turn|12\n|\n|t:|1699731017\n|-terastallize|p1a: Celesteela|Steel\n|move|p2a: Kyogre|Origin Pulse|p1a: Celesteela\n|-damage|p1a: Celesteela|0 fnt\n|faint|p1a: Celesteela\n|\n|-weather|PrimordialSea|[upkeep]\n|upkeep\n|\n|t:|1699731032\n|switch|p1a: Groudon|Groudon|100\/100\n|detailschange|p1a: Groudon|Groudon-Primal\n|-primal|p1a: Groudon|Red Orb\n|-weather|DesolateLand|[from] ability: Desolate Land|[of] p1a: Groudon\n|turn|13\n|\n|t:|1699731045\n|switch|p2a: Salamence|Salamence-Mega, F|76\/100\n|move|p1a: Groudon|Precipice Blades|p2a: Salamence\n|-immune|p2a: Salamence\n|\n|-weather|DesolateLand|[upkeep]\n|upkeep\n|turn|14\n|\n|t:|1699731053\n|move|p2a: Salamence|Earthquake|p1a: Groudon\n|-supereffective|p1a: Groudon\n|-damage|p1a: Groudon|60\/100\n|move|p1a: Groudon|Stone Edge|p2a: Salamence\n|-supereffective|p2a: Salamence\n|-damage|p2a: Salamence|10\/100\n|\n|-weather|DesolateLand|[upkeep]\n|upkeep\n|turn|15\n|\n|t:|1699731060\n|move|p2a: Salamence|Earthquake|p1a: Groudon\n|-supereffective|p1a: Groudon\n|-damage|p1a: Groudon|19\/100\n|move|p1a: Groudon|Stone Edge|p2a: Salamence\n|-supereffective|p2a: Salamence\n|-damage|p2a: Salamence|0 fnt\n|faint|p2a: Salamence\n|\n|-weather|DesolateLand|[upkeep]\n|upkeep\n|\n|t:|1699731067\n|switch|p2a: Kyogre|Kyogre-Primal|76\/100\n|-weather|PrimordialSea|[from] ability: Primordial Sea|[of] p2a: Kyogre\n|turn|16\n|\n|t:|1699731075\n|move|p2a: Kyogre|Ice Beam|p1a: Groudon\n|-damage|p1a: Groudon|0 fnt\n|faint|p1a: Groudon\n|\n|-weather|PrimordialSea|[upkeep]\n|upkeep\n|\n|t:|1699731085\n|switch|p1a: Urshifu|Urshifu, F|100\/100\n|turn|17\n|\n|t:|1699731099\n|-weather|none\n|switch|p2a: Groudon|Groudon-Primal|27\/100 psn\n|-weather|DesolateLand|[from] ability: Desolate Land|[of] p2a: Groudon\n|move|p1a: Urshifu|Wicked Blow|p2a: Groudon\n|-crit|p2a: Groudon\n|-damage|p2a: Groudon|0 fnt\n|faint|p2a: Groudon\n|-weather|none\n|\n|upkeep\n|\n|t:|1699731108\n|switch|p2a: Zacian|Zacian-Crowned|100\/100\n|-ability|p2a: Zacian|Intrepid Sword|boost\n|-boost|p2a: Zacian|atk|1\n|turn|18\n|\n|t:|1699731115\n|move|p2a: Zacian|Play Rough|p1a: Urshifu\n|-supereffective|p1a: Urshifu\n|-enditem|p1a: Urshifu|Focus Sash\n|-damage|p1a: Urshifu|1\/100\n|move|p1a: Urshifu|Low Kick|p2a: Zacian\n|-damage|p2a: Zacian|34\/100\n|\n|upkeep\n|turn|19\n|\n|t:|1699731130\n|move|p1a: Urshifu|Sucker Punch|p2a: Zacian\n|-resisted|p2a: Zacian\n|-damage|p2a: Zacian|15\/100\n|move|p2a: Zacian|Behemoth Blade|p1a: Urshifu\n|-damage|p1a: Urshifu|0 fnt\n|faint|p1a: Urshifu\n|\n|upkeep\n|\n|t:|1699731140\n|switch|p1a: Mewtwo|Mewtwo|100\/100\n|-ability|p1a: Mewtwo|Pressure\n|turn|20\n|\n|t:|1699731147\n|detailschange|p1a: Mewtwo|Mewtwo-Mega-Y\n|-mega|p1a: Mewtwo|Mewtwo|Mewtwonite Y\n|move|p2a: Zacian|Play Rough|p1a: Mewtwo\n|-damage|p1a: Mewtwo|2\/100\n|move|p1a: Mewtwo|Fire Blast|p2a: Zacian\n|-supereffective|p2a: Zacian\n|-damage|p2a: Zacian|0 fnt\n|faint|p2a: Zacian\n|\n|upkeep\n|\n|t:|1699731156\n|switch|p2a: Darmanitan|Darmanitan-Galar, M|100\/100\n|turn|21\n|\n|t:|1699731160\n|move|p2a: Darmanitan|U-turn|p1a: Mewtwo\n|-supereffective|p1a: Mewtwo\n|-damage|p1a: Mewtwo|0 fnt\n|faint|p1a: Mewtwo\n|\n|t:|1699731167\n|switch|p2a: Arceus|Arceus-Fairy|57\/100 tox|[from] U-turn\n|\n|-damage|p2a: Arceus|51\/100 tox|[from] psn\n|upkeep\n|\n|t:|1699731169\n|switch|p1a: Umbreon|Umbreon, M|100\/100\n|turn|22\n|\n|t:|1699731175\n|move|p1a: Umbreon|Protect|p1a: Umbreon\n|-singleturn|p1a: Umbreon|Protect\n|move|p2a: Arceus|Judgment|p1a: Umbreon\n|-activate|p1a: Umbreon|move: Protect\n|\n|-damage|p2a: Arceus|39\/100 tox|[from] psn\n|upkeep\n|turn|23\n|\n|t:|1699731182\n|move|p2a: Arceus|Judgment|p1a: Umbreon\n|-supereffective|p1a: Umbreon\n|-damage|p1a: Umbreon|49\/100\n|move|p1a: Umbreon|Moonlight|p1a: Umbreon\n|-heal|p1a: Umbreon|99\/100\n|\n|-heal|p1a: Umbreon|100\/100|[from] item: Leftovers\n|-damage|p2a: Arceus|21\/100 tox|[from] psn\n|upkeep\n|turn|24\n|\n|t:|1699731193\n|move|p2a: Arceus|Calm Mind|p2a: Arceus\n|-boost|p2a: Arceus|spa|1\n|-boost|p2a: Arceus|spd|1\n|move|p1a: Umbreon|Moonlight|p1a: Umbreon\n|-fail|p1a: Umbreon|heal\n|\n|-damage|p2a: Arceus|0 fnt|[from] psn\n|faint|p2a: Arceus\n|upkeep\n|\n|t:|1699731203\n|switch|p2a: Darmanitan|Darmanitan-Galar, M|100\/100\n|turn|25\n|\n|t:|1699731209\n|-terastallize|p2a: Darmanitan|Ice\n|move|p2a: Darmanitan|Icicle Crash|p1a: Umbreon\n|-damage|p1a: Umbreon|22\/100\n|move|p1a: Umbreon|Foul Play|p2a: Darmanitan\n|-crit|p2a: Darmanitan\n|-damage|p2a: Darmanitan|0 fnt\n|faint|p2a: Darmanitan\n|\n|-heal|p1a: Umbreon|28\/100|[from] item: Leftovers\n|upkeep\n|\n|t:|1699731217\n|switch|p2a: Kyogre|Kyogre-Primal|76\/100\n|-weather|PrimordialSea|[from] ability: Primordial Sea|[of] p2a: Kyogre\n|turn|26\n|\n|t:|1699731222\n|move|p1a: Umbreon|Protect|p1a: Umbreon\n|-singleturn|p1a: Umbreon|Protect\n|move|p2a: Kyogre|Thunder|p1a: Umbreon\n|-activate|p1a: Umbreon|move: Protect\n|\n|-weather|PrimordialSea|[upkeep]\n|-heal|p1a: Umbreon|34\/100|[from] item: Leftovers\n|upkeep\n|turn|27\n|\n|t:|1699731229\n|move|p2a: Kyogre|Origin Pulse|p1a: Umbreon|[miss]\n|-miss|p2a: Kyogre|p1a: Umbreon\n|move|p1a: Umbreon|Moonlight|p1a: Umbreon\n|-heal|p1a: Umbreon|59\/100\n|\n|-weather|PrimordialSea|[upkeep]\n|-heal|p1a: Umbreon|65\/100|[from] item: Leftovers\n|upkeep\n|turn|28\n|\n|t:|1699731237\n|move|p1a: Umbreon|Protect|p1a: Umbreon\n|-singleturn|p1a: Umbreon|Protect\n|move|p2a: Kyogre|Calm Mind|p2a: Kyogre\n|-boost|p2a: Kyogre|spa|1\n|-boost|p2a: Kyogre|spd|1\n|\n|-weather|PrimordialSea|[upkeep]\n|-heal|p1a: Umbreon|71\/100|[from] item: Leftovers\n|upkeep\n|turn|29\n|\n|t:|1699731245\n|move|p2a: Kyogre|Origin Pulse|p1a: Umbreon\n|-damage|p1a: Umbreon|0 fnt\n|faint|p1a: Umbreon\n|\n|win|Girlhero\n|raw|masterbharath's rating: 1335 &rarr; <strong>1309<\/strong><br \/>(-26 for losing)\n|raw|Girlhero's rating: 1221 &rarr; <strong>1254<\/strong><br \/>(+33 for winning)\n|l|\u2606masterbharath\n|l|\u2606Girlhero\n|j|\u2606Girlhero\n|player|p2|Girlhero|iris\n","uploadtime":1699731522,"views":6,"p1id":"masterbharath","p2id":"girlhero","formatid":"gen9nationaldexubers","rating":1254,"private":0,"password":""}