{"id":"gen9nationaldexubers-1994168905","p1":"Ezael_Stormblood","p2":"Dragonoux","format":"[Gen 9] National Dex Ubers","log":"|j|\u2606Ezael_Stormblood\n|j|\u2606Dragonoux\n|t:|1700414811\n|gametype|singles\n|player|p1|Ezael_Stormblood|hiker-gen4|1182\n|player|p2|Dragonoux|101|1150\n|teamsize|p1|6\n|teamsize|p2|6\n|gen|9\n|tier|[Gen 9] National Dex Ubers\n|rated|\n|rule|HP Percentage Mod: HP is shown in percentages\n|rule|Endless Battle Clause: Forcing endless battles is banned\n|rule|OHKO Clause: OHKO moves are banned\n|rule|Evasion Moves Clause: Evasion moves are banned\n|rule|Evasion Items Clause: Evasion items are banned\n|rule|Species Clause: Limit one of each Pok\u00e9mon\n|rule|Sleep Clause Mod: Limit one foe put to sleep\n|rule|Mega Rayquaza Clause: You cannot mega evolve Rayquaza\n|clearpoke\n|poke|p1|Mewtwo|\n|poke|p1|Groudon|\n|poke|p1|Arceus-Dragon|\n|poke|p1|Reshiram|\n|poke|p1|Spectrier|\n|poke|p1|Necrozma-Dusk-Mane|\n|poke|p2|Kyurem-Black|\n|poke|p2|Magearna|\n|poke|p2|Regieleki|\n|poke|p2|Banette, M|\n|poke|p2|Ursaluna-Bloodmoon, M|\n|poke|p2|Urshifu-*, M|\n|teampreview\n|inactive|Battle timer is ON: inactive players will automatically lose when time's up. (requested by Dragonoux)\n|\n|t:|1700414825\n|start\n|switch|p1a: Mewtwo|Mewtwo|100\/100\n|switch|p2a: Kyurem|Kyurem-Black|100\/100\n|-ability|p1a: Mewtwo|Pressure\n|-ability|p2a: Kyurem|Teravolt\n|turn|1\n|\n|t:|1700414838\n|detailschange|p1a: Mewtwo|Mewtwo-Mega-Y\n|-mega|p1a: Mewtwo|Mewtwo|Mewtwonite Y\n|move|p1a: Mewtwo|Future Sight|p2a: Kyurem\n|-start|p1a: Mewtwo|move: Future Sight\n|move|p2a: Kyurem|Dragon Dance|p2a: Kyurem\n|-boost|p2a: Kyurem|atk|1\n|-boost|p2a: Kyurem|spe|1\n|\n|upkeep\n|turn|2\n|\n|t:|1700414858\n|-terastallize|p2a: Kyurem|Steel\n|move|p2a: Kyurem|Fusion Bolt|p1a: Mewtwo\n|-damage|p1a: Mewtwo|0 fnt\n|faint|p1a: Mewtwo\n|-damage|p2a: Kyurem|91\/100|[from] item: Life Orb\n|\n|upkeep\n|\n|t:|1700414865\n|switch|p1a: Groudon|Groudon|100\/100\n|detailschange|p1a: Groudon|Groudon-Primal\n|-primal|p1a: Groudon|Red Orb\n|-weather|DesolateLand|[from] ability: Desolate Land|[of] p1a: Groudon\n|turn|3\n|\n|t:|1700414885\n|move|p2a: Kyurem|Icicle Spear|p1a: Groudon\n|-damage|p1a: Groudon|82\/100\n|-damage|p1a: Groudon|65\/100\n|-damage|p1a: Groudon|47\/100\n|-hitcount|p1a: Groudon|3\n|-damage|p2a: Kyurem|81\/100|[from] item: Life Orb\n|move|p1a: Groudon|Precipice Blades|p2a: Kyurem\n|-supereffective|p2a: Kyurem\n|-damage|p2a: Kyurem|0 fnt\n|faint|p2a: Kyurem\n|\n|-weather|DesolateLand|[upkeep]\n|-hint|Future Sight did not hit because the target is fainted.\n|upkeep\n|inactive|Dragonoux has 120 seconds left.\n|\n|t:|1700414902\n|switch|p2a: Ursaluna|Ursaluna-Bloodmoon, M|100\/100\n|turn|4\n|inactive|Dragonoux has 120 seconds left.\n|\n|t:|1700414914\n|move|p1a: Groudon|Precipice Blades|p2a: Ursaluna\n|-damage|p2a: Ursaluna|47\/100\n|move|p2a: Ursaluna|Calm Mind|p2a: Ursaluna\n|-boost|p2a: Ursaluna|spa|1\n|-boost|p2a: Ursaluna|spd|1\n|\n|-weather|DesolateLand|[upkeep]\n|-heal|p2a: Ursaluna|53\/100|[from] item: Leftovers\n|upkeep\n|turn|5\n|inactive|Dragonoux has 120 seconds left.\n|\n|t:|1700414926\n|move|p1a: Groudon|Precipice Blades|p2a: Ursaluna\n|-damage|p2a: Ursaluna|0 fnt\n|faint|p2a: Ursaluna\n|\n|-weather|DesolateLand|[upkeep]\n|upkeep\n|inactive|Dragonoux has 120 seconds left.\n|\n|t:|1700414937\n|switch|p2a: Banette|Banette, M|100\/100\n|turn|6\n|inactive|Dragonoux has 120 seconds left.\n|\n|t:|1700414946\n|move|p1a: Groudon|Swords Dance|p1a: Groudon\n|-boost|p1a: Groudon|atk|2\n|move|p2a: Banette|Swords Dance|p2a: Banette\n|-boost|p2a: Banette|atk|2\n|\n|-weather|DesolateLand|[upkeep]\n|upkeep\n|turn|7\n|inactive|Dragonoux has 120 seconds left.\n|\n|t:|1700414956\n|detailschange|p2a: Banette|Banette-Mega, M\n|-mega|p2a: Banette|Banette|Banettite\n|move|p2a: Banette|Sucker Punch|p1a: Groudon\n|-damage|p1a: Groudon|16\/100\n|move|p1a: Groudon|Heat Crash|p2a: Banette\n|-damage|p2a: Banette|0 fnt\n|faint|p2a: Banette\n|\n|-weather|DesolateLand|[upkeep]\n|upkeep\n|inactive|Dragonoux has 120 seconds left.\n|c|\u2606Ezael_Stormblood|check\n|c|\u2606Ezael_Stormblood|bulky groudon is better then HO groudon\n|\n|t:|1700414979\n|switch|p2a: Regieleki|Regieleki|100\/100\n|turn|8\n|\n|t:|1700414985\n|move|p2a: Regieleki|Tera Blast|p1a: Groudon\n|-damage|p1a: Groudon|0 fnt\n|faint|p1a: Groudon\n|-weather|none\n|\n|upkeep\n|\n|t:|1700414990\n|switch|p1a: Necrozma|Necrozma-Dusk-Mane|100\/100\n|turn|9\n|inactive|Dragonoux has 120 seconds left.\n|\n|t:|1700414998\n|detailschange|p1a: Necrozma|Necrozma-Ultra\n|-burst|p1a: Necrozma|Necrozma|Ultranecrozium Z\n|move|p2a: Regieleki|Thunderbolt|p1a: Necrozma\n|-resisted|p1a: Necrozma\n|-damage|p1a: Necrozma|73\/100\n|-status|p1a: Necrozma|par\n|cant|p1a: Necrozma|par\n|\n|upkeep\n|turn|10\n|inactive|Dragonoux has 120 seconds left.\n|\n|t:|1700415010\n|move|p2a: Regieleki|Tera Blast|p1a: Necrozma\n|-damage|p1a: Necrozma|47\/100 par\n|cant|p1a: Necrozma|par\n|\n|upkeep\n|turn|11\n|c|\u2606Ezael_Stormblood|wut\n|\n|t:|1700415018\n|move|p2a: Regieleki|Thunderbolt|p1a: Necrozma\n|-resisted|p1a: Necrozma\n|-damage|p1a: Necrozma|20\/100 par\n|move|p1a: Necrozma|Earthquake|p2a: Regieleki\n|-supereffective|p2a: Regieleki\n|-enditem|p2a: Regieleki|Focus Sash\n|-damage|p2a: Regieleki|1\/100\n|\n|upkeep\n|turn|12\n|\n|t:|1700415028\n|move|p2a: Regieleki|Thunderbolt|p1a: Necrozma\n|-resisted|p1a: Necrozma\n|-damage|p1a: Necrozma|0 fnt\n|faint|p1a: Necrozma\n|\n|upkeep\n|\n|t:|1700415034\n|switch|p1a: Arceus|Arceus-Dragon|100\/100\n|turn|13\n|\n|t:|1700415038\n|move|p2a: Regieleki|Thunderbolt|p1a: Arceus\n|-resisted|p1a: Arceus\n|-crit|p1a: Arceus\n|-damage|p1a: Arceus|71\/100\n|move|p1a: Arceus|Judgment|p2a: Regieleki\n|-damage|p2a: Regieleki|0 fnt\n|faint|p2a: Regieleki\n|\n|upkeep\n|\n|t:|1700415049\n|switch|p2a: Magearna|Magearna|100\/100\n|turn|14\n|\n|t:|1700415057\n|move|p1a: Arceus|Flash Cannon|p2a: Magearna\n|-damage|p2a: Magearna|77\/100\n|move|p2a: Magearna|Draining Kiss|p1a: Arceus\n|-supereffective|p1a: Arceus\n|-damage|p1a: Arceus|30\/100\n|-heal|p2a: Magearna|100\/100|[from] drain|[of] p1a: Arceus\n|\n|upkeep\n|turn|15\n|\n|t:|1700415069\n|switch|p1a: Spectrier|Spectrier|100\/100\n|move|p2a: Magearna|Draining Kiss|p1a: Spectrier\n|-damage|p1a: Spectrier|68\/100\n|\n|upkeep\n|turn|16\n|\n|t:|1700415077\n|move|p1a: Spectrier|Nasty Plot|p1a: Spectrier\n|-boost|p1a: Spectrier|spa|2\n|move|p2a: Magearna|Volt Switch|p1a: Spectrier\n|-damage|p1a: Spectrier|33\/100\n|\n|t:|1700415087\n|switch|p2a: Urshifu|Urshifu-Rapid-Strike, M|100\/100|[from] Volt Switch\n|\n|upkeep\n|turn|17\n|\n|t:|1700415095\n|move|p1a: Spectrier|Draining Kiss|p2a: Urshifu\n|-supereffective|p2a: Urshifu\n|-crit|p2a: Urshifu\n|-enditem|p2a: Urshifu|Focus Sash\n|-damage|p2a: Urshifu|1\/100\n|-heal|p1a: Spectrier|100\/100|[from] drain|[of] p2a: Urshifu\n|move|p2a: Urshifu|Surging Strikes|p1a: Spectrier\n|-crit|p1a: Spectrier\n|-damage|p1a: Spectrier|71\/100\n|-crit|p1a: Spectrier\n|-damage|p1a: Spectrier|40\/100\n|-crit|p1a: Spectrier\n|-damage|p1a: Spectrier|12\/100\n|-hitcount|p1a: Spectrier|3\n|\n|upkeep\n|turn|18\n|\n|t:|1700415111\n|move|p2a: Urshifu|Aqua Jet|p1a: Spectrier\n|-damage|p1a: Spectrier|0 fnt\n|faint|p1a: Spectrier\n|\n|upkeep\n|\n|t:|1700415115\n|switch|p1a: Arceus|Arceus-Dragon|30\/100\n|turn|19\n|\n|t:|1700415125\n|move|p2a: Urshifu|Aqua Jet|p1a: Arceus\n|-resisted|p1a: Arceus\n|-damage|p1a: Arceus|22\/100\n|move|p1a: Arceus|Recover|p1a: Arceus\n|-heal|p1a: Arceus|72\/100\n|\n|upkeep\n|turn|20\n|\n|t:|1700415134\n|move|p1a: Arceus|Cosmic Power|p1a: Arceus\n|-boost|p1a: Arceus|def|1\n|-boost|p1a: Arceus|spd|1\n|move|p2a: Urshifu|Close Combat|p1a: Arceus\n|-damage|p1a: Arceus|41\/100\n|-unboost|p2a: Urshifu|def|1\n|-unboost|p2a: Urshifu|spd|1\n|\n|upkeep\n|turn|21\n|\n|t:|1700415146\n|move|p1a: Arceus|Recover|p1a: Arceus\n|-heal|p1a: Arceus|91\/100\n|move|p2a: Urshifu|Swords Dance|p2a: Urshifu\n|-boost|p2a: Urshifu|atk|2\n|\n|upkeep\n|turn|22\n|\n|t:|1700415155\n|move|p1a: Arceus|Judgment|p2a: Urshifu\n|-damage|p2a: Urshifu|0 fnt\n|faint|p2a: Urshifu\n|\n|upkeep\n|\n|t:|1700415161\n|switch|p2a: Magearna|Magearna|100\/100\n|turn|23\n|\n|t:|1700415170\n|move|p1a: Arceus|Flash Cannon|p2a: Magearna\n|-damage|p2a: Magearna|78\/100\n|move|p2a: Magearna|Draining Kiss|p1a: Arceus\n|-supereffective|p1a: Arceus\n|-damage|p1a: Arceus|59\/100\n|-heal|p2a: Magearna|100\/100|[from] drain|[of] p1a: Arceus\n|\n|upkeep\n|turn|24\n|\n|t:|1700415181\n|move|p1a: Arceus|Flash Cannon|p2a: Magearna\n|-damage|p2a: Magearna|78\/100\n|move|p2a: Magearna|Ice Beam|p1a: Arceus\n|-supereffective|p1a: Arceus\n|-damage|p1a: Arceus|25\/100\n|\n|-heal|p2a: Magearna|84\/100|[from] item: Leftovers\n|upkeep\n|turn|25\n|\n|t:|1700415195\n|move|p1a: Arceus|Flash Cannon|p2a: Magearna\n|-damage|p2a: Magearna|63\/100\n|move|p2a: Magearna|Draining Kiss|p1a: Arceus\n|-supereffective|p1a: Arceus\n|-damage|p1a: Arceus|0 fnt\n|-heal|p2a: Magearna|82\/100|[from] drain|[of] p1a: Arceus\n|faint|p1a: Arceus\n|-ability|p2a: Magearna|Soul-Heart|boost\n|-boost|p2a: Magearna|spa|1\n|\n|-heal|p2a: Magearna|88\/100|[from] item: Leftovers\n|upkeep\n|\n|t:|1700415199\n|switch|p1a: Reshiram|Reshiram|100\/100\n|-ability|p1a: Reshiram|Turboblaze\n|turn|26\n|\n|t:|1700415225\n|move|p1a: Reshiram|Blue Flare|p2a: Magearna\n|-supereffective|p2a: Magearna\n|-damage|p2a: Magearna|0 fnt\n|faint|p2a: Magearna\n|\n|win|Ezael_Stormblood\n|raw|Ezael_Stormblood's rating: 1182 &rarr; <strong>1205<\/strong><br \/>(+23 for winning)\n|raw|Dragonoux's rating: 1150 &rarr; <strong>1127<\/strong><br \/>(-23 for losing)\n|c|\u2606Ezael_Stormblood|ggs\n","uploadtime":1700415278,"views":5,"p1id":"ezaelstormblood","p2id":"dragonoux","formatid":"gen9nationaldexubers","rating":1127,"private":0,"password":""}