{"id":"gen9nationaldexubers-1996412984","p1":"kalebthegardevoir","p2":"Calemninja","format":"[Gen 9] National Dex Ubers","log":"|j|\u2606kalebthegardevoir\n|j|\u2606Calemninja\n|t:|1700679600\n|gametype|singles\n|player|p1|kalebthegardevoir|169|\n|player|p2|Calemninja|lucas|\n|teamsize|p1|6\n|teamsize|p2|6\n|gen|9\n|tier|[Gen 9] National Dex Ubers\n|rule|HP Percentage Mod: HP is shown in percentages\n|rule|Endless Battle Clause: Forcing endless battles is banned\n|rule|OHKO Clause: OHKO moves are banned\n|rule|Evasion Moves Clause: Evasion moves are banned\n|rule|Evasion Items Clause: Evasion items are banned\n|rule|Species Clause: Limit one of each Pok\u00e9mon\n|rule|Sleep Clause Mod: Limit one foe put to sleep\n|rule|Mega Rayquaza Clause: You cannot mega evolve Rayquaza\n|clearpoke\n|poke|p1|Kyogre|\n|poke|p1|Groudon|\n|poke|p1|Annihilape, F|\n|poke|p1|Gardevoir, F|\n|poke|p1|Tyranitar, M|\n|poke|p1|Leafeon, F|\n|poke|p2|Greninja-*, M|\n|poke|p2|Charizard, F|\n|poke|p2|Zygarde|\n|poke|p2|Sylveon, F|\n|poke|p2|Silvally-*|\n|poke|p2|Gengar, M|\n|teampreview\n|inactive|Battle timer is ON: inactive players will automatically lose when time's up. (requested by Calemninja)\n|inactive|kalebthegardevoir has 270 seconds left.\n|inactive|Calemninja has 270 seconds left.\n|c|\u2606Calemninja|!@#$%^&*()_+-=`~\n|inactive|kalebthegardevoir has 240 seconds left.\n|c|\u2606Calemninja|r u using anuhalape strat\n|c|\u2606Calemninja|????????\n|c|\u2606Calemninja|??????\n|c|\u2606Calemninja|?????\n|c|\u2606Calemninja|????\/\n|\n|t:|1700679697\n|start\n|switch|p1a: Annihilape|Annihilape, F|100\/100\n|switch|p2a: Silvally|Silvally-Fairy|100\/100\n|turn|1\n|c|\u2606Calemninja|'\n|c|\u2606Calemninja|'xsadcefkowptinhjdk\n|c|\u2606Calemninja|erebgt\n|c|\u2606Calemninja|g\n|c|\u2606Calemninja|hr\n|c|\u2606Calemninja|jyukm\n|c|\u2606Calemninja|nh\n|c|\u2606Calemninja|yjkmu\n|c|\u2606Calemninja|uki\n|c|\u2606Calemninja|f\n|c|\u2606Calemninja|dsvbjhfhfffgrhdskjc\n|c|\u2606Calemninja|gtrnjyuh\n|c|\u2606Calemninja|njunh\n|c|\u2606Calemninja|b\n|c|\u2606Calemninja|g\n|c|\u2606Calemninja|hyt\n|c|\u2606Calemninja|rg\n|c|\u2606Calemninja|r\n|c|\u2606Calemninja|g\n|c|\u2606Calemninja|ergyn\n|c|\u2606Calemninja|t\n|c|\u2606Calemninja|r\n|c|\u2606Calemninja|fg\n|inactive|kalebthegardevoir has 270 seconds left.\n|inactive|Calemninja has 270 seconds left.\n|c|\u2606kalebthegardevoir|shut the hell up you fucking pice of shit bitch\n|inactive|kalebthegardevoir has 240 seconds left.\n|\n|t:|1700679748\n|switch|p1a: hi|Kyogre|100\/100\n|detailschange|p1a: hi|Kyogre-Primal\n|-primal|p1a: hi|Blue Orb\n|-weather|PrimordialSea|[from] ability: Primordial Sea|[of] p1a: hi\n|move|p2a: Silvally|Multi-Attack|p1a: hi\n|-damage|p1a: hi|55\/100\n|\n|-weather|PrimordialSea|[upkeep]\n|upkeep\n|turn|2\n|inactive|Calemninja has 270 seconds left.\n|inactive|kalebthegardevoir has 240 seconds left.\n|inactive|Calemninja has 240 seconds left.\n|\n|t:|1700679804\n|move|p2a: Silvally|Draco Meteor|p1a: hi\n|-damage|p1a: hi|32\/100\n|-unboost|p2a: Silvally|spa|2\n|move|p1a: hi|Ice Beam|p2a: Silvally\n|-damage|p2a: Silvally|55\/100\n|\n|-weather|PrimordialSea|[upkeep]\n|upkeep\n|turn|3\n|inactive|kalebthegardevoir has 240 seconds left.\n|\n|t:|1700679829\n|move|p2a: Silvally|Multi-Attack|p1a: hi\n|-damage|p1a: hi|0 fnt\n|faint|p1a: hi\n|-weather|none\n|\n|upkeep\n|\n|t:|1700679848\n|switch|p1a: dinsaur|Groudon|100\/100\n|detailschange|p1a: dinsaur|Groudon-Primal\n|-primal|p1a: dinsaur|Red Orb\n|-weather|DesolateLand|[from] ability: Desolate Land|[of] p1a: dinsaur\n|turn|4\n|\n|t:|1700679864\n|move|p2a: Silvally|Air Slash|p1a: dinsaur\n|-damage|p1a: dinsaur|89\/100\n|cant|p1a: dinsaur|flinch\n|\n|-weather|DesolateLand|[upkeep]\n|upkeep\n|turn|5\n|\n|t:|1700679879\n|move|p2a: Silvally|Air Slash|p1a: dinsaur\n|-damage|p1a: dinsaur|77\/100\n|cant|p1a: dinsaur|flinch\n|\n|-weather|DesolateLand|[upkeep]\n|upkeep\n|turn|6\n|\n|t:|1700679883\n|move|p2a: Silvally|Air Slash|p1a: dinsaur\n|-damage|p1a: dinsaur|66\/100\n|move|p1a: dinsaur|Earthquake|p2a: Silvally\n|-crit|p2a: Silvally\n|-damage|p2a: Silvally|0 fnt\n|faint|p2a: Silvally\n|\n|-weather|DesolateLand|[upkeep]\n|upkeep\n|c|\u2606kalebthegardevoir|no\n|\n|t:|1700679904\n|switch|p2a: Zygarde|Zygarde|100\/100\n|turn|7\n|inactive|kalebthegardevoir has 240 seconds left.\n|c|\u2606kalebthegardevoir|you take every thing so badly\n|\n|t:|1700679927\n|move|p2a: Zygarde|Thousand Waves|p1a: dinsaur\n|-supereffective|p1a: dinsaur\n|-damage|p1a: dinsaur|13\/100\n|-activate|p1a: dinsaur|trapped\n|move|p1a: dinsaur|Dragon Tail|p2a: Zygarde\n|-supereffective|p2a: Zygarde\n|-damage|p2a: Zygarde|64\/100\n|drag|p2a: Greninja|Greninja, M|100\/100\n|\n|-weather|DesolateLand|[upkeep]\n|upkeep\n|turn|8\n|inactive|Calemninja has 210 seconds left.\n|\n|t:|1700679957\n|-weather|none\n|switch|p1a: r leaf|Leafeon, F|100\/100\n|move|p2a: Greninja|Water Shuriken|p1a: r leaf\n|-resisted|p1a: r leaf\n|-damage|p1a: r leaf|95\/100\n|-resisted|p1a: r leaf\n|-damage|p1a: r leaf|88\/100\n|-resisted|p1a: r leaf\n|-damage|p1a: r leaf|82\/100\n|-resisted|p1a: r leaf\n|-damage|p1a: r leaf|75\/100\n|-resisted|p1a: r leaf\n|-damage|p1a: r leaf|69\/100\n|-hitcount|p1a: r leaf|5\n|\n|upkeep\n|turn|9\n|\n|t:|1700679965\n|move|p2a: Greninja|Blizzard|p1a: r leaf\n|-supereffective|p1a: r leaf\n|-damage|p1a: r leaf|0 fnt\n|faint|p1a: r leaf\n|-ability|p2a: Greninja|Battle Bond|boost\n|-boost|p2a: Greninja|atk|1\n|-boost|p2a: Greninja|spa|1\n|-boost|p2a: Greninja|spe|1\n|-activate|p2a: Greninja|ability: Battle Bond\n|\n|upkeep\n|\n|t:|1700679970\n|switch|p1a: Annihilape|Annihilape, F|100\/100\n|turn|10\n|inactive|Calemninja has 210 seconds left.\n|\n|t:|1700680007\n|-terastallize|p1a: Annihilape|Water\n|move|p2a: Greninja|Water Shuriken|p1a: Annihilape\n|-resisted|p1a: Annihilape\n|-damage|p1a: Annihilape|97\/100\n|-resisted|p1a: Annihilape\n|-damage|p1a: Annihilape|94\/100\n|-resisted|p1a: Annihilape\n|-damage|p1a: Annihilape|91\/100\n|-resisted|p1a: Annihilape\n|-damage|p1a: Annihilape|88\/100\n|-resisted|p1a: Annihilape\n|-damage|p1a: Annihilape|85\/100\n|-hitcount|p1a: Annihilape|5\n|move|p1a: Annihilape|Bulk Up|p1a: Annihilape\n|-boost|p1a: Annihilape|atk|1\n|-boost|p1a: Annihilape|def|1\n|\n|-heal|p1a: Annihilape|91\/100|[from] item: Leftovers\n|upkeep\n|turn|11\n|inactive|Calemninja has 180 seconds left.\n|\n|t:|1700680033\n|move|p2a: Greninja|Dark Pulse|p1a: Annihilape\n|-damage|p1a: Annihilape|59\/100\n|move|p1a: Annihilape|Drain Punch|p2a: Greninja\n|-supereffective|p2a: Greninja\n|-damage|p2a: Greninja|0 fnt\n|-heal|p1a: Annihilape|93\/100|[from] drain|[of] p2a: Greninja\n|faint|p2a: Greninja\n|\n|-heal|p1a: Annihilape|99\/100|[from] item: Leftovers\n|upkeep\n|inactive|Calemninja has 180 seconds left.\n|\n|t:|1700680057\n|switch|p2a: Gengar|Gengar, M|100\/100\n|turn|12\n|\n|t:|1700680063\n|move|p2a: Gengar|Thunderbolt|p1a: Annihilape\n|-supereffective|p1a: Annihilape\n|-damage|p1a: Annihilape|40\/100\n|move|p1a: Annihilape|Rage Fist|p2a: Gengar\n|-supereffective|p2a: Gengar\n|-damage|p2a: Gengar|0 fnt\n|faint|p2a: Gengar\n|\n|-heal|p1a: Annihilape|46\/100|[from] item: Leftovers\n|upkeep\n|\n|t:|1700680086\n|switch|p2a: Sylveon|Sylveon, F|100\/100\n|turn|13\n|inactive|Calemninja has 150 seconds left.\n|\n|t:|1700680118\n|-terastallize|p2a: Sylveon|Fairy\n|move|p1a: Annihilape|Rage Fist|p2a: Sylveon\n|-damage|p2a: Sylveon|0 fnt\n|faint|p2a: Sylveon\n|\n|-heal|p1a: Annihilape|53\/100|[from] item: Leftovers\n|upkeep\n|\n|t:|1700680124\n|switch|p2a: Zygarde|Zygarde|64\/100\n|turn|14\n|inactive|Calemninja has 120 seconds left.\n|inactive|Calemninja has 90 seconds left.\n|\n|t:|1700680180\n|-zpower|p2a: Zygarde\n|move|p2a: Zygarde|Devastating Drake|p1a: Annihilape|[zeffect]\n|-damage|p1a: Annihilape|28\/100\n|move|p1a: Annihilape|Drain Punch|p2a: Zygarde\n|-damage|p2a: Zygarde|35\/100\n|-heal|p1a: Annihilape|42\/100|[from] drain|[of] p2a: Zygarde\n|\n|-heal|p1a: Annihilape|48\/100|[from] item: Leftovers\n|-activate|p2a: Zygarde|ability: Power Construct\n|detailschange|p2a: Zygarde|Zygarde-Complete\n|-heal|p2a: Zygarde|57\/100|[silent]\n|upkeep\n|turn|15\n|inactive|Calemninja has 90 seconds left.\n|inactive|kalebthegardevoir has 240 seconds left.\n|\n|t:|1700680212\n|switch|p1a: Gardevoir|Gardevoir, F|100\/100\n|move|p2a: Zygarde|Dragon Tail|p1a: Gardevoir\n|-immune|p1a: Gardevoir\n|\n|upkeep\n|turn|16\n|inactive|Calemninja has 90 seconds left.\n|\n|t:|1700680228\n|switch|p2a: Charizard|Charizard, F|100\/100\n|-ability|p1a: Gardevoir|Blaze|[from] ability: Trace|[of] p2a: Charizard\n|move|p1a: Gardevoir|Moonblast|p2a: Charizard\n|-resisted|p2a: Charizard\n|-damage|p2a: Charizard|68\/100\n|\n|upkeep\n|turn|17\n|\n|t:|1700680241\n|switch|p1a: t|Tyranitar, M|100\/100\n|-weather|Sandstorm|[from] ability: Sand Stream|[of] p1a: t\n|detailschange|p2a: Charizard|Charizard-Mega-Y, F\n|-mega|p2a: Charizard|Charizard|Charizardite Y\n|-weather|SunnyDay|[from] ability: Drought|[of] p2a: Charizard\n|move|p2a: Charizard|Solar Beam||[still]\n|-prepare|p2a: Charizard|Solar Beam\n|-anim|p2a: Charizard|Solar Beam|p1a: t\n|-supereffective|p1a: t\n|-damage|p1a: t|19\/100\n|\n|-weather|SunnyDay|[upkeep]\n|upkeep\n|turn|18\n|inactive|Calemninja has 90 seconds left.\n|\n|t:|1700680257\n|detailschange|p1a: t|Tyranitar-Mega, M\n|-mega|p1a: t|Tyranitar|Tyranitarite\n|-weather|Sandstorm|[from] ability: Sand Stream|[of] p1a: t\n|move|p2a: Charizard|Solar Beam||[still]\n|-prepare|p2a: Charizard|Solar Beam\n|move|p1a: t|Aqua Tail|p2a: Charizard\n|-supereffective|p2a: Charizard\n|-damage|p2a: Charizard|0 fnt\n|faint|p2a: Charizard\n|\n|-weather|Sandstorm|[upkeep]\n|upkeep\n|\n|t:|1700680262\n|switch|p2a: Zygarde|Zygarde-Complete|57\/100\n|turn|19\n|\n|t:|1700680275\n|move|p2a: Zygarde|Thousand Waves|p1a: t\n|-supereffective|p1a: t\n|-damage|p1a: t|0 fnt\n|faint|p1a: t\n|\n|-weather|Sandstorm|[upkeep]\n|upkeep\n|\n|t:|1700680283\n|switch|p1a: Gardevoir|Gardevoir, F|100\/100\n|turn|20\n|inactive|Calemninja has 90 seconds left.\n|c|\u2606Calemninja|gg\n|\n|t:|1700680310\n|move|p1a: Gardevoir|Moonblast|p2a: Zygarde\n|-supereffective|p2a: Zygarde\n|-crit|p2a: Zygarde\n|-damage|p2a: Zygarde|0 fnt\n|faint|p2a: Zygarde\n|\n|win|kalebthegardevoir\n|l|\u2606kalebthegardevoir\n|j|\u2606kalebthegardevoir\n|player|p1|kalebthegardevoir|169\n","uploadtime":1700680322,"views":0,"p1id":"kalebthegardevoir","p2id":"calemninja","formatid":"gen9nationaldexubers","rating":0,"private":0,"password":""}