{"id":"gen9nationaldexubers-1987222612","p1":"spidernoculus","p2":"BeRad773","format":"[Gen 9] National Dex Ubers","log":"|j|\u2606spidernoculus\n|j|\u2606BeRad773\n|t:|1699566733\n|gametype|singles\n|player|p1|spidernoculus|rosa|\n|player|p2|BeRad773|266|\n|teamsize|p1|6\n|teamsize|p2|6\n|gen|9\n|tier|[Gen 9] National Dex Ubers\n|rule|HP Percentage Mod: HP is shown in percentages\n|rule|Endless Battle Clause: Forcing endless battles is banned\n|rule|OHKO Clause: OHKO moves are banned\n|rule|Evasion Moves Clause: Evasion moves are banned\n|rule|Evasion Items Clause: Evasion items are banned\n|rule|Species Clause: Limit one of each Pok\u00e9mon\n|rule|Sleep Clause Mod: Limit one foe put to sleep\n|rule|Mega Rayquaza Clause: You cannot mega evolve Rayquaza\n|clearpoke\n|poke|p1|Arceus-Ice|\n|poke|p1|Kyogre|\n|poke|p1|Palkia|\n|poke|p1|Walking Wake|\n|poke|p1|Regieleki|\n|poke|p1|Deoxys-Defense|\n|poke|p2|Kyurem-Black|\n|poke|p2|Genesect|\n|poke|p2|Blaziken, F|\n|poke|p2|Mewtwo|\n|poke|p2|Groudon|\n|poke|p2|Zacian-*|\n|teampreview\n|c|\u2606spidernoculus|GL HF\n|\n|t:|1699566747\n|start\n|switch|p1a: Deoxys|Deoxys-Defense|100\/100\n|switch|p2a: Groudon|Groudon|100\/100\n|-weather|SunnyDay|[from] ability: Drought|[of] p2a: Groudon\n|-ability|p1a: Deoxys|Pressure\n|turn|1\n|\n|t:|1699566759\n|move|p2a: Groudon|Precipice Blades|p1a: Deoxys\n|-damage|p1a: Deoxys|16\/100\n|move|p1a: Deoxys|Stealth Rock|p2a: Groudon\n|-sidestart|p2: BeRad773|move: Stealth Rock\n|\n|-weather|SunnyDay|[upkeep]\n|-heal|p1a: Deoxys|23\/100|[from] item: Leftovers\n|upkeep\n|turn|2\n|\n|t:|1699566774\n|switch|p1a: Kyogre|Kyogre|100\/100\n|-weather|RainDance|[from] ability: Drizzle|[of] p1a: Kyogre\n|move|p2a: Groudon|Precipice Blades|p1a: Kyogre\n|-damage|p1a: Kyogre|8\/100\n|\n|-weather|RainDance|[upkeep]\n|-heal|p1a: Kyogre|14\/100|[from] item: Leftovers\n|upkeep\n|turn|3\n|\n|t:|1699566785\n|move|p2a: Groudon|Precipice Blades|p1a: Kyogre\n|-damage|p1a: Kyogre|0 fnt\n|faint|p1a: Kyogre\n|\n|-weather|RainDance|[upkeep]\n|upkeep\n|\n|t:|1699566791\n|switch|p1a: Palkia|Palkia|100\/100\n|-ability|p1a: Palkia|Pressure\n|turn|4\n|\n|t:|1699566802\n|switch|p2a: Kyurem|Kyurem-Black|100\/100\n|-damage|p2a: Kyurem|76\/100|[from] Stealth Rock\n|-ability|p2a: Kyurem|Teravolt\n|move|p1a: Palkia|Substitute|p1a: Palkia\n|-start|p1a: Palkia|Substitute\n|-damage|p1a: Palkia|76\/100\n|\n|-weather|RainDance|[upkeep]\n|upkeep\n|turn|5\n|\n|t:|1699566814\n|move|p1a: Palkia|Spacial Rend|p2a: Kyurem\n|-supereffective|p2a: Kyurem\n|-damage|p2a: Kyurem|0 fnt\n|faint|p2a: Kyurem\n|\n|-weather|RainDance|[upkeep]\n|upkeep\n|\n|t:|1699566826\n|switch|p2a: Genesect|Genesect|100\/100\n|-damage|p2a: Genesect|88\/100|[from] Stealth Rock\n|-ability|p2a: Genesect|Download|boost\n|-boost|p2a: Genesect|atk|1\n|turn|6\n|\n|t:|1699566836\n|move|p1a: Palkia|Surf|p2a: Genesect\n|-damage|p2a: Genesect|0 fnt\n|faint|p2a: Genesect\n|\n|-weather|none\n|upkeep\n|\n|t:|1699566848\n|switch|p2a: Groudon|Groudon|100\/100\n|-damage|p2a: Groudon|94\/100|[from] Stealth Rock\n|-weather|SunnyDay|[from] ability: Drought|[of] p2a: Groudon\n|turn|7\n|\n|t:|1699566859\n|move|p1a: Palkia|Surf|p2a: Groudon\n|-supereffective|p2a: Groudon\n|-damage|p2a: Groudon|29\/100\n|move|p2a: Groudon|Dragon Claw|p1a: Palkia\n|-supereffective|p1a: Palkia\n|-end|p1a: Palkia|Substitute\n|\n|-weather|SunnyDay|[upkeep]\n|upkeep\n|turn|8\n|\n|t:|1699566868\n|move|p1a: Palkia|Surf|p2a: Groudon\n|-supereffective|p2a: Groudon\n|-damage|p2a: Groudon|0 fnt\n|faint|p2a: Groudon\n|\n|-weather|SunnyDay|[upkeep]\n|upkeep\n|\n|t:|1699566875\n|switch|p2a: Zacian|Zacian|100\/100\n|-damage|p2a: Zacian|88\/100|[from] Stealth Rock\n|-ability|p2a: Zacian|Intrepid Sword|boost\n|-boost|p2a: Zacian|atk|1\n|turn|9\n|\n|t:|1699566885\n|-terastallize|p1a: Palkia|Steel\n|move|p2a: Zacian|Play Rough|p1a: Palkia\n|-resisted|p1a: Palkia\n|-damage|p1a: Palkia|42\/100\n|move|p1a: Palkia|Substitute|p1a: Palkia\n|-start|p1a: Palkia|Substitute\n|-damage|p1a: Palkia|17\/100\n|\n|-weather|SunnyDay|[upkeep]\n|upkeep\n|turn|10\n|\n|t:|1699566897\n|move|p2a: Zacian|Close Combat|p1a: Palkia\n|-supereffective|p1a: Palkia\n|-end|p1a: Palkia|Substitute\n|-unboost|p2a: Zacian|def|1\n|-unboost|p2a: Zacian|spd|1\n|move|p1a: Palkia|Earth Power|p2a: Zacian\n|-damage|p2a: Zacian|43\/100\n|\n|-weather|SunnyDay|[upkeep]\n|upkeep\n|turn|11\n|\n|t:|1699566908\n|move|p2a: Zacian|Close Combat|p1a: Palkia\n|-supereffective|p1a: Palkia\n|-damage|p1a: Palkia|0 fnt\n|-unboost|p2a: Zacian|def|1\n|-unboost|p2a: Zacian|spd|1\n|faint|p1a: Palkia\n|\n|-weather|none\n|upkeep\n|\n|t:|1699566917\n|switch|p1a: Regieleki|Regieleki|100\/100\n|turn|12\n|\n|t:|1699566924\n|move|p1a: Regieleki|Thunderbolt|p2a: Zacian\n|-damage|p2a: Zacian|0 fnt\n|faint|p2a: Zacian\n|\n|upkeep\n|\n|t:|1699566930\n|switch|p2a: Mewtwo|Mewtwo|100\/100\n|-damage|p2a: Mewtwo|88\/100|[from] Stealth Rock\n|-ability|p2a: Mewtwo|Pressure\n|turn|13\n|\n|t:|1699566940\n|move|p1a: Regieleki|Thunderbolt|p2a: Mewtwo\n|-damage|p2a: Mewtwo|36\/100\n|move|p2a: Mewtwo|Psystrike|p1a: Regieleki\n|-enditem|p1a: Regieleki|Focus Sash\n|-damage|p1a: Regieleki|1\/100\n|\n|upkeep\n|turn|14\n|\n|t:|1699566948\n|move|p1a: Regieleki|Thunderbolt|p2a: Mewtwo\n|-damage|p2a: Mewtwo|0 fnt\n|faint|p2a: Mewtwo\n|\n|upkeep\n|\n|t:|1699566953\n|switch|p2a: Blaziken|Blaziken, F|100\/100\n|-damage|p2a: Blaziken|88\/100|[from] Stealth Rock\n|turn|15\n|\n|t:|1699566963\n|detailschange|p2a: Blaziken|Blaziken-Mega, F\n|-mega|p2a: Blaziken|Blaziken|Blazikenite\n|move|p1a: Regieleki|Thunderbolt|p2a: Blaziken\n|-damage|p2a: Blaziken|16\/100\n|move|p2a: Blaziken|Close Combat|p1a: Regieleki\n|-damage|p1a: Regieleki|0 fnt\n|-unboost|p2a: Blaziken|def|1\n|-unboost|p2a: Blaziken|spd|1\n|faint|p1a: Regieleki\n|\n|-ability|p2a: Blaziken|Speed Boost|boost\n|-boost|p2a: Blaziken|spe|1\n|upkeep\n|\n|t:|1699566974\n|switch|p1a: Walking Wake|Walking Wake|100\/100\n|turn|16\n|\n|t:|1699566982\n|move|p2a: Blaziken|Brave Bird|p1a: Walking Wake\n|-damage|p1a: Walking Wake|38\/100\n|-damage|p2a: Blaziken|0 fnt|[from] Recoil\n|faint|p2a: Blaziken\n|\n|win|spidernoculus\n|c|\u2606spidernoculus|gg\n|c|\u2606BeRad773|Gg\n|l|\u2606spidernoculus\n","uploadtime":1699567007,"views":5,"p1id":"spidernoculus","p2id":"berad773","formatid":"gen9nationaldexubers","rating":0,"private":0,"password":""}