{"id":"gen9nationaldexubers-1981938728","p1":"Moonz_e","p2":"notastalecookie","format":"[Gen 9] National Dex Ubers","log":"|j|\u2606Moonz_e\n|j|\u2606notastalecookie\n|t:|1698953293\n|gametype|singles\n|player|p1|Moonz_e|courtney|\n|player|p2|notastalecookie|hilbert|\n|teamsize|p1|6\n|teamsize|p2|6\n|gen|9\n|tier|[Gen 9] National Dex Ubers\n|rule|HP Percentage Mod: HP is shown in percentages\n|rule|Endless Battle Clause: Forcing endless battles is banned\n|rule|OHKO Clause: OHKO moves are banned\n|rule|Evasion Moves Clause: Evasion moves are banned\n|rule|Evasion Items Clause: Evasion items are banned\n|rule|Species Clause: Limit one of each Pok\u00e9mon\n|rule|Sleep Clause Mod: Limit one foe put to sleep\n|rule|Mega Rayquaza Clause: You cannot mega evolve Rayquaza\n|clearpoke\n|poke|p1|Ninetales-Alola, F|\n|poke|p1|Baxcalibur, M|\n|poke|p1|Ursaluna-Bloodmoon, M|\n|poke|p1|Diancie|\n|poke|p1|Landorus-Therian, M|\n|poke|p1|Rotom-Wash|\n|poke|p2|Tyranitar, F|\n|poke|p2|Lycanroc, F|\n|poke|p2|Ogerpon-Cornerstone, F|\n|poke|p2|Glimmora, M|\n|poke|p2|Kleavor, F|\n|poke|p2|Coalossal, M|\n|teampreview\n|j| Bug Maniac Swaggy\n|c|\u2606Moonz_e|Fuck\n|j| ZakDoe\n|j| Destinum\n|c|\u2606Moonz_e|Did you get the replay?\n|c|\u2606Moonz_e|I forgor\n|c|\u2606notastalecookie|yeah dw\n|j| Astro Rifk\n|c|\u2606Moonz_e|Ok\n|c|\u2606Moonz_e|Poison Bear\n|j| ArcticIzagi\n|c| ZakDoe|you can just go to the replays section on showdown anyways\n|c|\u2606Moonz_e|Glhf\n|c|\u2606Moonz_e|The what now?\n|c|\u2606notastalecookie|glhf\n|\n|t:|1698953358\n|start\n|switch|p1a: Rotom|Rotom-Wash|100\/100\n|switch|p2a: no thoughts|Tyranitar, F|100\/100\n|-weather|Sandstorm|[from] ability: Sand Stream|[of] p2a: no thoughts\n|turn|1\n|\n|t:|1698953386\n|move|p1a: Rotom|Volt Switch|p2a: no thoughts\n|-damage|p2a: no thoughts|82\/100\n|\n|t:|1698953389\n|switch|p1a: Ninetales|Ninetales-Alola, F|100\/100|[from] Volt Switch\n|-weather|Snow|[from] ability: Snow Warning|[of] p1a: Ninetales\n|move|p2a: no thoughts|Knock Off|p1a: Ninetales\n|-resisted|p1a: Ninetales\n|-damage|p1a: Ninetales|78\/100\n|-enditem|p1a: Ninetales|Light Clay|[from] move: Knock Off|[of] p2a: no thoughts\n|\n|-weather|Snow|[upkeep]\n|-heal|p2a: no thoughts|89\/100|[from] item: Leftovers\n|upkeep\n|turn|2\n|c| ArcticIzagi|av ttar?\n|c| ZakDoe|nah, that would've done less if it was av\n|c|\u2606Moonz_e|That's just the sand sp. Def boost\n|\n|t:|1698953416\n|switch|p2a: kevin|Kleavor, F|100\/100\n|move|p1a: Ninetales|Aurora Veil|p1a: Ninetales\n|-sidestart|p1: Moonz_e|move: Aurora Veil\n|\n|-weather|Snow|[upkeep]\n|upkeep\n|turn|3\n|c| ArcticIzagi|thought nota would be based\n|c|\u2606notastalecookie|it got leftovers .-.\n|c|\u2606notastalecookie|my other monorock team had av ttar\n|c|\u2606notastalecookie|but not this one\n|c| ArcticIzagi|anyways moonz you got this\n|\n|t:|1698953447\n|switch|p1a: Ursaluna|Ursaluna-Bloodmoon, M|100\/100\n|move|p2a: kevin|Stone Axe|p1a: Ursaluna\n|-resisted|p1a: Ursaluna\n|-damage|p1a: Ursaluna|94\/100\n|-sidestart|p1: Moonz_e|move: Stealth Rock\n|\n|-weather|Snow|[upkeep]\n|-heal|p1a: Ursaluna|99\/100|[from] item: Leftovers\n|upkeep\n|turn|4\n|c| ZakDoe|anyways nota you got this\n|c|\u2606Moonz_e|I mean, i lose the tie breaker anyway\n|c|\u2606Moonz_e|But sure\n|\n|t:|1698953457\n|switch|p2a: shine|Glimmora, M|100\/100\n|-item|p2a: shine|Air Balloon\n|move|p1a: Ursaluna|Calm Mind|p1a: Ursaluna\n|-boost|p1a: Ursaluna|spa|1\n|-boost|p1a: Ursaluna|spd|1\n|\n|-weather|Snow|[upkeep]\n|-heal|p1a: Ursaluna|100\/100|[from] item: Leftovers\n|upkeep\n|turn|5\n|\n|t:|1698953468\n|move|p2a: shine|Toxic|p1a: Ursaluna\n|-status|p1a: Ursaluna|tox\n|move|p1a: Ursaluna|Blood Moon|p2a: shine\n|-resisted|p2a: shine\n|-damage|p2a: shine|36\/100\n|-enditem|p2a: shine|Air Balloon\n|\n|-weather|none\n|-damage|p1a: Ursaluna|94\/100 tox|[from] psn\n|upkeep\n|turn|6\n|c|\u2606Moonz_e|Should've tera Poisoned\n|c|\u2606Moonz_e|Oh well\n|c|\u2606Moonz_e|Can you survive 5 turns at freddy's?\n|c| ZakDoe|nah nah nah\n|\n|t:|1698953498\n|move|p2a: shine|Earth Power|p1a: Ursaluna\n|-damage|p1a: Ursaluna|82\/100 tox\n|move|p1a: Ursaluna|Earth Power|p2a: shine\n|-supereffective|p2a: shine\n|-damage|p2a: shine|0 fnt\n|faint|p2a: shine\n|\n|-heal|p1a: Ursaluna|88\/100 tox|[from] item: Leftovers\n|-damage|p1a: Ursaluna|76\/100 tox|[from] psn\n|-sideend|p1: Moonz_e|move: Aurora Veil\n|upkeep\n|c| ZakDoe|corrosion glimm is crazy\n|\n|t:|1698953504\n|switch|p2a: no thoughts|Tyranitar, F|89\/100\n|-weather|Sandstorm|[from] ability: Sand Stream|[of] p2a: no thoughts\n|turn|7\n|c| Bug Maniac Swaggy|wait woah i didnt know glimm got corrosion\n|c| ArcticIzagi|corrosion works against poison too?\n|c| Bug Maniac Swaggy|yeah\n|c| ZakDoe|yh\n|c| ArcticIzagi|hidden ability\n|\n|t:|1698953532\n|move|p2a: no thoughts|Low Kick|p1a: Ursaluna\n|-supereffective|p1a: Ursaluna\n|-damage|p1a: Ursaluna|30\/100 tox\n|move|p1a: Ursaluna|Moonlight|p1a: Ursaluna\n|-heal|p1a: Ursaluna|54\/100 tox\n|\n|-weather|Sandstorm|[upkeep]\n|-heal|p2a: no thoughts|95\/100|[from] item: Leftovers\n|-heal|p1a: Ursaluna|60\/100 tox|[from] item: Leftovers\n|-damage|p1a: Ursaluna|42\/100 tox|[from] psn\n|upkeep\n|turn|8\n|c|\u2606Moonz_e|Oh i forgro\n|c| ZakDoe|TTAR THE GOAT\n|c|\u2606Moonz_e|Skull\n|c|\u2606Moonz_e|Eh, who.cares\n|c|\u2606Moonz_e|I lose the tie breaker\n|\n|t:|1698953558\n|move|p2a: no thoughts|Low Kick|p1a: Ursaluna\n|-supereffective|p1a: Ursaluna\n|-damage|p1a: Ursaluna|0 fnt\n|faint|p1a: Ursaluna\n|\n|-weather|Sandstorm|[upkeep]\n|-heal|p2a: no thoughts|100\/100|[from] item: Leftovers\n|upkeep\n|c| Astro Rifk|watch this super ultra mega ice power blast\n|c| Astro Rifk|oh\n|\n|t:|1698953574\n|switch|p1a: Ninetales|Ninetales-Alola, F|78\/100\n|-damage|p1a: Ninetales|53\/100|[from] Stealth Rock\n|-weather|Snow|[from] ability: Snow Warning|[of] p1a: Ninetales\n|turn|9\n|\n|t:|1698953582\n|move|p1a: Ninetales|Aurora Veil|p1a: Ninetales\n|-sidestart|p1: Moonz_e|move: Aurora Veil\n|move|p2a: no thoughts|Heavy Slam|p1a: Ninetales\n|-supereffective|p1a: Ninetales\n|-damage|p1a: Ninetales|0 fnt\n|faint|p1a: Ninetales\n|\n|-weather|Snow|[upkeep]\n|upkeep\n|\n|t:|1698953606\n|switch|p1a: Baxcalibur|Baxcalibur, M|100\/100\n|-damage|p1a: Baxcalibur|76\/100|[from] Stealth Rock\n|turn|10\n|\n|t:|1698953624\n|switch|p2a: kevin|Kleavor, F|100\/100\n|move|p1a: Baxcalibur|Swords Dance|p1a: Baxcalibur\n|-boost|p1a: Baxcalibur|atk|2\n|\n|-weather|Snow|[upkeep]\n|upkeep\n|turn|11\n|\n|t:|1698953637\n|move|p2a: kevin|Close Combat|p1a: Baxcalibur\n|-supereffective|p1a: Baxcalibur\n|-damage|p1a: Baxcalibur|47\/100\n|-unboost|p2a: kevin|def|1\n|-unboost|p2a: kevin|spd|1\n|move|p1a: Baxcalibur|Scale Shot|p2a: kevin\n|-damage|p2a: kevin|43\/100\n|-damage|p2a: kevin|0 fnt\n|faint|p2a: kevin\n|-hitcount|p2: kevin|2\n|-unboost|p1a: Baxcalibur|def|1\n|-boost|p1a: Baxcalibur|spe|1\n|\n|-weather|Snow|[upkeep]\n|upkeep\n|c| ZakDoe|kevin boutta get a devious crit\n|c| ZakDoe|nvm\n|c| ArcticIzagi|bax gaming?\n|c|\u2606notastalecookie|kevin did nothing damn\n|c| Destinum|Bax 'bout to bring it back.\n|c| ZakDoe|nah\n|c| ZakDoe|lycanroc chilling rn\n|\n|t:|1698953666\n|switch|p2a: no thoughts|Tyranitar, F|100\/100\n|-weather|Sandstorm|[from] ability: Sand Stream|[of] p2a: no thoughts\n|turn|12\n|\n|t:|1698953687\n|move|p1a: Baxcalibur|Earthquake|p2a: no thoughts\n|-supereffective|p2a: no thoughts\n|-damage|p2a: no thoughts|0 fnt\n|faint|p2a: no thoughts\n|\n|-weather|Sandstorm|[upkeep]\n|-damage|p1a: Baxcalibur|41\/100|[from] Sandstorm\n|upkeep\n|\n|t:|1698953690\n|switch|p2a: schpeed|Lycanroc, F|100\/100\n|turn|13\n|\n|t:|1698953706\n|move|p2a: schpeed|Close Combat|p1a: Baxcalibur\n|-supereffective|p1a: Baxcalibur\n|-damage|p1a: Baxcalibur|0 fnt\n|-unboost|p2a: schpeed|def|1\n|-unboost|p2a: schpeed|spd|1\n|faint|p1a: Baxcalibur\n|\n|-weather|Sandstorm|[upkeep]\n|-sideend|p1: Moonz_e|move: Aurora Veil\n|upkeep\n|\n|t:|1698953714\n|switch|p1a: Landorus|Landorus-Therian, M|100\/100\n|-damage|p1a: Landorus|88\/100|[from] Stealth Rock\n|-ability|p1a: Landorus|Intimidate|boost\n|-unboost|p2a: schpeed|atk|1\n|turn|14\n|\n|t:|1698953722\n|switch|p2a: want the smoke|Coalossal, M|100\/100\n|move|p1a: Landorus|Stealth Rock|p2a: want the smoke\n|-sidestart|p2: notastalecookie|move: Stealth Rock\n|\n|-weather|Sandstorm|[upkeep]\n|-heal|p1a: Landorus|94\/100|[from] item: Leftovers\n|upkeep\n|turn|15\n|\n|t:|1698953731\n|move|p1a: Landorus|Earthquake|p2a: want the smoke\n|-supereffective|p2a: want the smoke\n|-damage|p2a: want the smoke|10\/100\n|move|p2a: want the smoke|Rapid Spin|p1a: Landorus\n|-damage|p1a: Landorus|85\/100\n|-boost|p2a: want the smoke|spe|1\n|-sideend|p2: notastalecookie|Stealth Rock|[from] move: Rapid Spin|[of] p2a: want the smoke\n|\n|-weather|Sandstorm|[upkeep]\n|-heal|p1a: Landorus|91\/100|[from] item: Leftovers\n|upkeep\n|turn|16\n|c| ZakDoe|tf\n|c| ZakDoe|it tanked an eq?\n|c| Bug Maniac Swaggy|the hell\n|c| Destinum|Extra thicc.\n|c| ZakDoe|coalossal wants all the smoke\n|c| Astro Rifk|coal the goat\n|\n|t:|1698953754\n|switch|p1a: Rotom|Rotom-Wash|100\/100\n|-damage|p1a: Rotom|88\/100|[from] Stealth Rock\n|move|p2a: want the smoke|Rapid Spin|p1a: Rotom\n|-damage|p1a: Rotom|76\/100\n|-boost|p2a: want the smoke|spe|1\n|\n|-weather|none\n|upkeep\n|turn|17\n|c| Bug Maniac Swaggy|coalossal is secretly the goat\n|\n|t:|1698953769\n|move|p1a: Rotom|Volt Switch|p2a: want the smoke\n|-damage|p2a: want the smoke|0 fnt\n|faint|p2a: want the smoke\n|\n|t:|1698953785\n|switch|p1a: Landorus|Landorus-Therian, M|91\/100|[from] Volt Switch\n|-damage|p1a: Landorus|79\/100|[from] Stealth Rock\n|\n|-heal|p1a: Landorus|85\/100|[from] item: Leftovers\n|upkeep\n|\n|t:|1698953790\n|switch|p2a: bonk|Ogerpon-Cornerstone, F|100\/100\n|turn|18\n|\n|t:|1698953796\n|move|p2a: bonk|Power Whip|p1a: Landorus\n|-damage|p1a: Landorus|16\/100\n|move|p1a: Landorus|U-turn|p2a: bonk\n|-supereffective|p2a: bonk\n|-damage|p2a: bonk|43\/100\n|\n|t:|1698953802\n|switch|p1a: Rotom|Rotom-Wash|76\/100|[from] U-turn\n|-damage|p1a: Rotom|63\/100|[from] Stealth Rock\n|\n|upkeep\n|turn|19\n|\n|t:|1698953811\n|move|p1a: Rotom|Hydro Pump|p2a: bonk\n|-damage|p2a: bonk|0 fnt\n|faint|p2a: bonk\n|\n|upkeep\n|\n|t:|1698953814\n|switch|p2a: schpeed|Lycanroc, F|100\/100\n|turn|20\n|c|\u2606Moonz_e|OMG IT DIDN'T MISS\n|c| ZakDoe|iron head lycan boutta clutch\n|c| ArcticIzagi|YOOO\n|c|\u2606Moonz_e|ARCTIC THIS IS A HUGE WASHTOM SUCCESS STORY\n|\n|t:|1698953831\n|-terastallize|p2a: schpeed|Rock\n|move|p1a: Rotom|Hydro Pump|p2a: schpeed|[miss]\n|-miss|p1a: Rotom|p2a: schpeed\n|move|p2a: schpeed|Stone Edge|p1a: Rotom\n|-damage|p1a: Rotom|0 fnt\n|faint|p1a: Rotom\n|\n|upkeep\n|c|\u2606notastalecookie|...\n|c|\u2606Moonz_e|Owh\n|c| ZakDoe|lmao\n|c| Bug Maniac Swaggy|welp\n|c| ArcticIzagi|GOD DAMN IT\n|\n|t:|1698953840\n|switch|p1a: Landorus|Landorus-Therian, M|16\/100\n|-damage|p1a: Landorus|4\/100|[from] Stealth Rock\n|-ability|p1a: Landorus|Intimidate|boost\n|-unboost|p2a: schpeed|atk|1\n|turn|21\n|c| Astro Rifk|LMFAO\n|c|\u2606notastalecookie|i think diancie wins anyways dw\n|\n|t:|1698953849\n|move|p2a: schpeed|Stone Edge|p1a: Landorus\n|-damage|p1a: Landorus|0 fnt\n|faint|p1a: Landorus\n|\n|upkeep\n|\n|t:|1698953855\n|switch|p1a: Diancie|Diancie|100\/100\n|-damage|p1a: Diancie|88\/100|[from] Stealth Rock\n|turn|22\n|c| Astro Rifk|nah crit dropsmtrust\n|c| ZakDoe|unfortunate stone edge crit incoming\n|c| Bug Maniac Swaggy|shhhh\n|\n|t:|1698953870\n|detailschange|p1a: Diancie|Diancie-Mega\n|-mega|p1a: Diancie|Diancie|Diancite\n|move|p1a: Diancie|Earth Power|p2a: schpeed\n|-supereffective|p2a: schpeed\n|-damage|p2a: schpeed|0 fnt\n|faint|p2a: schpeed\n|\n|win|Moonz_e\n|c| Astro Rifk|asiant sea\n|c|\u2606Moonz_e|Gg\n|c| ZakDoe|oh damn\n|c| ZakDoe|tf\n|c|\u2606Moonz_e|Why are you not max speed?\n|c| Bug Maniac Swaggy|oh hes adamant\n|c| Astro Rifk|adamant moment\n|c| Bug Maniac Swaggy|because sand rush\n|l| Astro Rifk\n|c| Destinum|Sand Rush.\n|c|\u2606notastalecookie|sand rush\n|c|\u2606Moonz_e|Adamant moment\n|c|\u2606Moonz_e|Gg\n|c|\u2606notastalecookie|gg\n|c|\u2606Moonz_e|Time to lose the tie breaker\n|l| ZakDoe\n|l|\u2606Moonz_e\n","uploadtime":1698953878,"views":11,"p1id":"moonze","p2id":"notastalecookie","formatid":"gen9nationaldexubers","rating":0,"private":0,"password":""}