{"id":"gen9nationaldexubers-1996309460","p1":"IncandescentCandle","p2":"A_Gamer8414","format":"[Gen 9] National Dex Ubers","log":"|j|\u2606IncandescentCandle\n|j|\u2606A_Gamer8414\n|t:|1700669833\n|gametype|singles\n|player|p1|IncandescentCandle|dawn|\n|player|p2|A_Gamer8414|102|\n|teamsize|p1|6\n|teamsize|p2|6\n|gen|9\n|tier|[Gen 9] National Dex Ubers\n|rule|HP Percentage Mod: HP is shown in percentages\n|rule|Endless Battle Clause: Forcing endless battles is banned\n|rule|OHKO Clause: OHKO moves are banned\n|rule|Evasion Moves Clause: Evasion moves are banned\n|rule|Evasion Items Clause: Evasion items are banned\n|rule|Species Clause: Limit one of each Pok\u00e9mon\n|rule|Sleep Clause Mod: Limit one foe put to sleep\n|rule|Mega Rayquaza Clause: You cannot mega evolve Rayquaza\n|clearpoke\n|poke|p1|Tapu Bulu|\n|poke|p1|Blissey, F|\n|poke|p1|Corviknight, M|\n|poke|p1|Weavile, F|\n|poke|p1|Latias, F|\n|poke|p1|Skeledirge, M|\n|poke|p2|Diancie|\n|poke|p2|Iron Valiant|\n|poke|p2|Tapu Koko|\n|poke|p2|Klefki, M|\n|poke|p2|Xerneas-*|\n|poke|p2|Zacian-*|\n|teampreview\n|c|\u2606IncandescentCandle|glhf\n|c|\u2606IncandescentCandle|ice weavile\n|\n|t:|1700669878\n|start\n|switch|p1a: Fight The Swarm|Tapu Bulu|100\/100\n|switch|p2a: Klefki|Klefki, M|100\/100\n|-fieldstart|move: Grassy Terrain|[from] ability: Grassy Surge|[of] p1a: Fight The Swarm\n|turn|1\n|\n|t:|1700669888\n|switch|p1a: Shield Of Body|Corviknight, M|100\/100\n|-ability|p1a: Shield Of Body|Pressure\n|move|p2a: Klefki|Thunder Wave|p1a: Shield Of Body\n|-status|p1a: Shield Of Body|par\n|\n|upkeep\n|turn|2\n|\n|t:|1700669897\n|move|p2a: Klefki|Reflect|p2a: Klefki\n|-sidestart|p2: A_Gamer8414|Reflect\n|move|p1a: Shield Of Body|Iron Head|p2a: Klefki\n|-damage|p2a: Klefki|90\/100\n|\n|-heal|p2a: Klefki|96\/100|[from] Grassy Terrain\n|upkeep\n|turn|3\n|j| Astro Rifk\n|\n|t:|1700669908\n|move|p2a: Klefki|Light Screen|p2a: Klefki\n|-sidestart|p2: A_Gamer8414|move: Light Screen\n|cant|p1a: Shield Of Body|par\n|\n|-heal|p2a: Klefki|100\/100|[from] Grassy Terrain\n|upkeep\n|turn|4\n|\n|t:|1700669920\n|switch|p2a: Tapu Koko|Tapu Koko|100\/100\n|-fieldstart|move: Electric Terrain|[from] ability: Electric Surge|[of] p2a: Tapu Koko\n|cant|p1a: Shield Of Body|par\n|\n|upkeep\n|turn|5\n|c|\u2606IncandescentCandle|ok then\n|\n|t:|1700669943\n|switch|p1a: Shield Of Mind|Blissey, F|100\/100\n|move|p2a: Tapu Koko|Discharge|p1a: Shield Of Mind\n|-damage|p1a: Shield Of Mind|87\/100\n|-status|p1a: Shield Of Mind|par\n|\n|-heal|p1a: Shield Of Mind|93\/100 par|[from] item: Leftovers\n|upkeep\n|turn|6\n|j| AhiruChan\n|\n|t:|1700669984\n|move|p2a: Tapu Koko|U-turn|p1a: Shield Of Mind\n|-damage|p1a: Shield Of Mind|78\/100 par\n|\n|t:|1700669987\n|switch|p2a: Iron Valiant|Iron Valiant|100\/100|[from] U-turn\n|-activate|p2a: Iron Valiant|ability: Quark Drive\n|-start|p2a: Iron Valiant|quarkdrivespe\n|move|p1a: Shield Of Mind|Toxic|p2a: Iron Valiant\n|-status|p2a: Iron Valiant|tox\n|\n|-heal|p1a: Shield Of Mind|84\/100 par|[from] item: Leftovers\n|-damage|p2a: Iron Valiant|94\/100 tox|[from] psn\n|upkeep\n|turn|7\n|c| AhiruChan|gamer have a zacian damn\n|\n|t:|1700670007\n|-curestatus|p1a: Shield Of Mind|par|[from] ability: Natural Cure\n|switch|p1a: Funeral March In D|Skeledirge, M|100\/100\n|move|p2a: Iron Valiant|Trick|p1a: Funeral March In D\n|-activate|p2a: Iron Valiant|move: Trick|[of] p1a: Funeral March In D\n|-item|p1a: Funeral March In D|Choice Specs|[from] move: Trick\n|-item|p2a: Iron Valiant|Leftovers|[from] move: Trick\n|\n|-heal|p2a: Iron Valiant|100\/100 tox|[from] item: Leftovers\n|-damage|p2a: Iron Valiant|88\/100 tox|[from] psn\n|upkeep\n|turn|8\n|c|\u2606IncandescentCandle|i lose to zacian now\n|c|\u2606IncandescentCandle|gg\n|\n|t:|1700670023\n|move|p2a: Iron Valiant|Shadow Ball|p1a: Funeral March In D\n|-supereffective|p1a: Funeral March In D\n|-damage|p1a: Funeral March In D|45\/100\n|move|p1a: Funeral March In D|Torch Song|p2a: Iron Valiant\n|-damage|p2a: Iron Valiant|47\/100 tox\n|-boost|p1a: Funeral March In D|spa|1\n|\n|-heal|p2a: Iron Valiant|53\/100 tox|[from] item: Leftovers\n|-damage|p2a: Iron Valiant|34\/100 tox|[from] psn\n|-fieldend|move: Electric Terrain\n|-end|p2a: Iron Valiant|Quark Drive\n|upkeep\n|turn|9\n|\n|t:|1700670029\n|switch|p1a: Shield Of Mind|Blissey, F|84\/100\n|move|p2a: Iron Valiant|Shadow Ball|p1a: Shield Of Mind\n|-immune|p1a: Shield Of Mind\n|\n|-heal|p2a: Iron Valiant|41\/100 tox|[from] item: Leftovers\n|-heal|p1a: Shield Of Mind|90\/100|[from] item: Leftovers\n|-damage|p2a: Iron Valiant|16\/100 tox|[from] psn\n|-sideend|p2: A_Gamer8414|Reflect\n|upkeep\n|turn|10\n|\n|t:|1700670073\n|-end|p2a: Iron Valiant|Quark Drive|[silent]\n|switch|p2a: Klefki|Klefki, M|100\/100\n|move|p1a: Shield Of Mind|Seismic Toss|p2a: Klefki\n|-damage|p2a: Klefki|69\/100\n|\n|-heal|p1a: Shield Of Mind|97\/100|[from] item: Leftovers\n|-sideend|p2: A_Gamer8414|move: Light Screen\n|upkeep\n|turn|11\n|\n|t:|1700670087\n|switch|p1a: Funeral March In D|Skeledirge, M|45\/100\n|move|p2a: Klefki|Reflect|p2a: Klefki\n|-sidestart|p2: A_Gamer8414|Reflect\n|\n|upkeep\n|turn|12\n|\n|t:|1700670094\n|move|p2a: Klefki|Light Screen|p2a: Klefki\n|-sidestart|p2: A_Gamer8414|move: Light Screen\n|move|p1a: Funeral March In D|Slack Off|p1a: Funeral March In D\n|-heal|p1a: Funeral March In D|95\/100\n|\n|upkeep\n|turn|13\n|\n|t:|1700670103\n|switch|p1a: Shield Of Body|Corviknight, M|100\/100 par\n|-ability|p1a: Shield Of Body|Pressure\n|move|p2a: Klefki|Thunder Wave|p1a: Shield Of Body\n|-fail|p1a: Shield Of Body|par\n|\n|upkeep\n|turn|14\n|\n|t:|1700670114\n|switch|p2a: Tapu Koko|Tapu Koko|100\/100\n|-fieldstart|move: Electric Terrain|[from] ability: Electric Surge|[of] p2a: Tapu Koko\n|cant|p1a: Shield Of Body|par\n|\n|upkeep\n|turn|15\n|\n|t:|1700670121\n|switch|p1a: Shield Of Mind|Blissey, F|97\/100\n|move|p2a: Tapu Koko|U-turn|p1a: Shield Of Mind\n|-damage|p1a: Shield Of Mind|82\/100\n|\n|t:|1700670132\n|switch|p2a: Zacian|Zacian-Crowned|100\/100|[from] U-turn\n|-ability|p2a: Zacian|Intrepid Sword|boost\n|-boost|p2a: Zacian|atk|1\n|\n|-heal|p1a: Shield Of Mind|88\/100|[from] item: Leftovers\n|upkeep\n|turn|16\n|\n|t:|1700670141\n|switch|p1a: Funeral March In D|Skeledirge, M|95\/100\n|move|p2a: Zacian|Swords Dance|p2a: Zacian\n|-boost|p2a: Zacian|atk|2\n|\n|upkeep\n|turn|17\n|\n|t:|1700670155\n|move|p2a: Zacian|Crunch|p1a: Funeral March In D\n|-supereffective|p1a: Funeral March In D\n|-damage|p1a: Funeral March In D|59\/100\n|move|p1a: Funeral March In D|Will-O-Wisp|p2a: Zacian\n|-status|p2a: Zacian|brn\n|\n|-damage|p2a: Zacian|94\/100 brn|[from] brn\n|upkeep\n|turn|18\n|\n|t:|1700670162\n|switch|p1a: Fight The Swarm|Tapu Bulu|100\/100\n|-fieldstart|move: Grassy Terrain|[from] ability: Grassy Surge|[of] p1a: Fight The Swarm\n|move|p2a: Zacian|Crunch|p1a: Fight The Swarm\n|-resisted|p1a: Fight The Swarm\n|-damage|p1a: Fight The Swarm|88\/100\n|-unboost|p1a: Fight The Swarm|def|1\n|\n|-heal|p2a: Zacian|100\/100 brn|[from] Grassy Terrain\n|-heal|p1a: Fight The Swarm|94\/100|[from] Grassy Terrain\n|-heal|p1a: Fight The Swarm|99\/100|[from] item: Leftovers\n|-damage|p2a: Zacian|94\/100 brn|[from] brn\n|-sideend|p2: A_Gamer8414|Reflect\n|upkeep\n|turn|19\n|\n|t:|1700670186\n|switch|p1a: Funeral March In D|Skeledirge, M|59\/100\n|move|p2a: Zacian|Behemoth Blade|p1a: Funeral March In D\n|-resisted|p1a: Funeral March In D\n|-damage|p1a: Funeral March In D|50\/100\n|\n|-heal|p2a: Zacian|100\/100 brn|[from] Grassy Terrain\n|-heal|p1a: Funeral March In D|56\/100|[from] Grassy Terrain\n|-damage|p2a: Zacian|94\/100 brn|[from] brn\n|-sideend|p2: A_Gamer8414|move: Light Screen\n|upkeep\n|turn|20\n|\n|t:|1700670194\n|move|p2a: Zacian|Crunch|p1a: Funeral March In D\n|-supereffective|p1a: Funeral March In D\n|-damage|p1a: Funeral March In D|38\/100\n|move|p1a: Funeral March In D|Torch Song|p2a: Zacian\n|-supereffective|p2a: Zacian\n|-damage|p2a: Zacian|6\/100 brn\n|-boost|p1a: Funeral March In D|spa|1\n|\n|-heal|p2a: Zacian|12\/100 brn|[from] Grassy Terrain\n|-heal|p1a: Funeral March In D|44\/100|[from] Grassy Terrain\n|-damage|p2a: Zacian|6\/100 brn|[from] brn\n|upkeep\n|turn|21\n|\n|t:|1700670204\n|switch|p1a: Fight The Swarm|Tapu Bulu|99\/100\n|move|p2a: Zacian|Crunch|p1a: Fight The Swarm\n|-resisted|p1a: Fight The Swarm\n|-damage|p1a: Fight The Swarm|88\/100\n|\n|-heal|p2a: Zacian|12\/100 brn|[from] Grassy Terrain\n|-heal|p1a: Fight The Swarm|94\/100|[from] Grassy Terrain\n|-heal|p1a: Fight The Swarm|100\/100|[from] item: Leftovers\n|-damage|p2a: Zacian|6\/100 brn|[from] brn\n|upkeep\n|turn|22\n|\n|t:|1700670219\n|switch|p1a: Funeral March In D|Skeledirge, M|44\/100\n|move|p2a: Zacian|Behemoth Blade|p1a: Funeral March In D\n|-resisted|p1a: Funeral March In D\n|-damage|p1a: Funeral March In D|35\/100\n|\n|-heal|p2a: Zacian|12\/100 brn|[from] Grassy Terrain\n|-heal|p1a: Funeral March In D|42\/100|[from] Grassy Terrain\n|-damage|p2a: Zacian|6\/100 brn|[from] brn\n|-fieldend|move: Grassy Terrain\n|upkeep\n|turn|23\n|\n|t:|1700670222\n|move|p2a: Zacian|Crunch|p1a: Funeral March In D\n|-supereffective|p1a: Funeral March In D\n|-damage|p1a: Funeral March In D|24\/100\n|-unboost|p1a: Funeral March In D|def|1\n|move|p1a: Funeral March In D|Slack Off|p1a: Funeral March In D\n|-heal|p1a: Funeral March In D|74\/100\n|\n|-damage|p2a: Zacian|0 fnt|[from] brn\n|faint|p2a: Zacian\n|upkeep\n|j| AegiSwaggy\n|\n|t:|1700670241\n|switch|p2a: Diancie|Diancie|100\/100\n|turn|24\n|c| AegiSwaggy|yo gamer can i fight you next\n|l| AhiruChan\n|\n|t:|1700670257\n|switch|p1a: Fight The Swarm|Tapu Bulu|100\/100\n|-fieldstart|move: Grassy Terrain|[from] ability: Grassy Surge|[of] p1a: Fight The Swarm\n|detailschange|p2a: Diancie|Diancie-Mega\n|-mega|p2a: Diancie|Diancie|Diancite\n|move|p2a: Diancie|Diamond Storm|p1a: Fight The Swarm\n|-crit|p1a: Fight The Swarm\n|-damage|p1a: Fight The Swarm|50\/100\n|\n|-heal|p1a: Fight The Swarm|56\/100|[from] Grassy Terrain\n|-heal|p1a: Fight The Swarm|63\/100|[from] item: Leftovers\n|upkeep\n|turn|25\n|c|\u2606A_Gamer8414|sure\n|j| AhiruChan\n|\n|t:|1700670302\n|switch|p1a: Eon Guardian|Latias, F|100\/100\n|move|p2a: Diancie|Mystical Fire|p1a: Eon Guardian\n|-resisted|p1a: Eon Guardian\n|-damage|p1a: Eon Guardian|89\/100\n|-unboost|p1a: Eon Guardian|spa|1\n|\n|upkeep\n|turn|26\n|\n|t:|1700670312\n|switch|p1a: Shield Of Body|Corviknight, M|100\/100 par\n|-ability|p1a: Shield Of Body|Pressure\n|move|p2a: Diancie|Moonblast|p1a: Shield Of Body\n|-resisted|p1a: Shield Of Body\n|-damage|p1a: Shield Of Body|73\/100 par\n|\n|-heal|p1a: Shield Of Body|80\/100 par|[from] item: Leftovers\n|upkeep\n|turn|27\n|\n|t:|1700670324\n|move|p2a: Diancie|Mystical Fire|p1a: Shield Of Body\n|-supereffective|p1a: Shield Of Body\n|-damage|p1a: Shield Of Body|17\/100 par\n|-unboost|p1a: Shield Of Body|spa|1\n|move|p1a: Shield Of Body|Iron Head|p2a: Diancie\n|-supereffective|p2a: Diancie\n|-damage|p2a: Diancie|0 fnt\n|faint|p2a: Diancie\n|\n|-heal|p1a: Shield Of Body|23\/100 par|[from] item: Leftovers\n|upkeep\n|c|\u2606IncandescentCandle|good job corv\n|\n|t:|1700670348\n|switch|p2a: Klefki|Klefki, M|69\/100\n|turn|28\n|\n|t:|1700670351\n|move|p2a: Klefki|Reflect|p2a: Klefki\n|-sidestart|p2: A_Gamer8414|Reflect\n|move|p1a: Shield Of Body|Roost|p1a: Shield Of Body\n|-heal|p1a: Shield Of Body|73\/100 par\n|-singleturn|p1a: Shield Of Body|move: Roost\n|\n|-heal|p2a: Klefki|75\/100|[from] Grassy Terrain\n|-heal|p1a: Shield Of Body|79\/100 par|[from] Grassy Terrain\n|-heal|p1a: Shield Of Body|85\/100 par|[from] item: Leftovers\n|-fieldend|move: Grassy Terrain\n|upkeep\n|turn|29\n|\n|t:|1700670356\n|move|p2a: Klefki|Light Screen|p2a: Klefki\n|-sidestart|p2: A_Gamer8414|move: Light Screen\n|move|p1a: Shield Of Body|Defog|p2a: Klefki\n|-unboost|p2a: Klefki|evasion|1\n|-sideend|p2: A_Gamer8414|Reflect\n|-sideend|p2: A_Gamer8414|move: Light Screen\n|\n|-heal|p1a: Shield Of Body|92\/100 par|[from] item: Leftovers\n|upkeep\n|turn|30\n|c| AhiruChan|Why didnt u went for the kill\n|c|\u2606A_Gamer8414|why does reflect have 32 pp but light screen have 48\n|c|\u2606IncandescentCandle|good question gamer\n|\n|t:|1700670398\n|switch|p1a: Funeral March In D|Skeledirge, M|74\/100\n|move|p2a: Klefki|Reflect|p2a: Klefki\n|-sidestart|p2: A_Gamer8414|Reflect\n|\n|upkeep\n|turn|31\n|\n|t:|1700670405\n|move|p2a: Klefki|Thunder Wave|p1a: Funeral March In D\n|-status|p1a: Funeral March In D|par\n|move|p1a: Funeral March In D|Torch Song|p2a: Klefki\n|-supereffective|p2a: Klefki\n|-damage|p2a: Klefki|0 fnt\n|-boost|p1a: Funeral March In D|spa|1\n|faint|p2a: Klefki\n|\n|upkeep\n|c| AhiruChan|That's an interesting game design choice\n|\n|t:|1700670418\n|switch|p2a: Xerneas|Xerneas|100\/100\n|-ability|p2a: Xerneas|Fairy Aura\n|turn|32\n|\n|t:|1700670421\n|switch|p1a: Shield Of Mind|Blissey, F|88\/100\n|move|p2a: Xerneas|Geomancy||[still]\n|-prepare|p2a: Xerneas|Geomancy\n|-enditem|p2a: Xerneas|Power Herb\n|-anim|p2a: Xerneas|Geomancy|p2a: Xerneas\n|-boost|p2a: Xerneas|spa|2\n|-boost|p2a: Xerneas|spd|2\n|-boost|p2a: Xerneas|spe|2\n|\n|-heal|p1a: Shield Of Mind|95\/100|[from] item: Leftovers\n|upkeep\n|turn|33\n|\n|t:|1700670437\n|-terastallize|p2a: Xerneas|Fairy\n|move|p2a: Xerneas|Moonblast|p1a: Shield Of Mind\n|-damage|p1a: Shield Of Mind|34\/100\n|move|p1a: Shield Of Mind|Confide|p2a: Xerneas\n|-unboost|p2a: Xerneas|spa|1\n|\n|-heal|p1a: Shield Of Mind|41\/100|[from] item: Leftovers\n|upkeep\n|turn|34\n|c|\u2606IncandescentCandle|pls pls pls dont be psyshock im begging im pleading im on my knees\n|c|\u2606IncandescentCandle|hm\n|c|\u2606A_Gamer8414|acording to shoowdex, psyshock and moonblast did the same amount of damage\n|c|\u2606IncandescentCandle|wtf lmao\n|c|\u2606IncandescentCandle|most balanced xern moment\n|\n|t:|1700670501\n|switch|p1a: Fight The Swarm|Tapu Bulu|63\/100\n|-fieldstart|move: Grassy Terrain|[from] ability: Grassy Surge|[of] p1a: Fight The Swarm\n|move|p2a: Xerneas|Moonblast|p1a: Fight The Swarm\n|-damage|p1a: Fight The Swarm|0 fnt\n|faint|p1a: Fight The Swarm\n|\n|upkeep\n|\n|t:|1700670506\n|switch|p1a: Shield Of Body|Corviknight, M|92\/100 par\n|-ability|p1a: Shield Of Body|Pressure\n|turn|35\n|c| AhiruChan|I mean double stab does seems = non stab 80 bp move\n|c|\u2606A_Gamer8414|no it was regular stab\n|c| AhiruChan|Oh\n|c|\u2606A_Gamer8414|i decioded to tera to do more damage\n|\n|t:|1700670534\n|move|p2a: Xerneas|Thunderbolt|p1a: Shield Of Body\n|-supereffective|p1a: Shield Of Body\n|-damage|p1a: Shield Of Body|0 fnt\n|faint|p1a: Shield Of Body\n|\n|upkeep\n|\n|t:|1700670539\n|switch|p1a: Funeral March In D|Skeledirge, M|74\/100 par\n|turn|36\n|\n|t:|1700670551\n|move|p2a: Xerneas|Moonblast|p1a: Funeral March In D\n|-resisted|p1a: Funeral March In D\n|-damage|p1a: Funeral March In D|26\/100 par\n|move|p1a: Funeral March In D|Torch Song|p2a: Xerneas\n|-damage|p2a: Xerneas|63\/100\n|-boost|p1a: Funeral March In D|spa|1\n|\n|-heal|p2a: Xerneas|69\/100|[from] Grassy Terrain\n|-heal|p1a: Funeral March In D|33\/100 par|[from] Grassy Terrain\n|upkeep\n|turn|37\n|c| AhiruChan|This is some thick deer\n|c|\u2606IncandescentCandle|47.\n|c|\u2606IncandescentCandle|a\n|\n|t:|1700670569\n|switch|p1a: Eon Guardian|Latias, F|89\/100\n|move|p2a: Xerneas|Moonblast|p1a: Eon Guardian\n|-supereffective|p1a: Eon Guardian\n|-damage|p1a: Eon Guardian|0 fnt\n|faint|p1a: Eon Guardian\n|\n|-heal|p2a: Xerneas|75\/100|[from] Grassy Terrain\n|-sideend|p2: A_Gamer8414|Reflect\n|upkeep\n|\n|t:|1700670570\n|switch|p1a: Group Rascal|Weavile, F|100\/100\n|turn|38\n|\n|t:|1700670581\n|-terastallize|p1a: Group Rascal|Ice\n|move|p1a: Group Rascal|Ice Shard|p2a: Xerneas\n|-damage|p2a: Xerneas|52\/100\n|move|p2a: Xerneas|Moonblast|p1a: Group Rascal\n|-damage|p1a: Group Rascal|0 fnt\n|faint|p1a: Group Rascal\n|\n|-heal|p2a: Xerneas|59\/100|[from] Grassy Terrain\n|-fieldend|move: Grassy Terrain\n|upkeep\n|c|\u2606IncandescentCandle|im sorry\n|c| AhiruChan|Gamefreak's most balanced pokemon:\n|c|\u2606IncandescentCandle|what\n|\n|t:|1700670592\n|switch|p1a: Shield Of Mind|Blissey, F|41\/100\n|turn|39\n|\n|t:|1700670596\n|move|p2a: Xerneas|Moonblast|p1a: Shield Of Mind\n|-damage|p1a: Shield Of Mind|0 fnt\n|faint|p1a: Shield Of Mind\n|\n|upkeep\n|-message|IncandescentCandle forfeited.\n|\n|win|A_Gamer8414\n|c|\u2606A_Gamer8414|funny deer\n|c| AegiSwaggy|scary deer\n|c| AhiruChan|I like how offensive gamer is\n|c| AegiSwaggy|alr gamer lets go\n|c| AhiruChan|It's unholy\n|l| AhiruChan\n|l| AegiSwaggy\n|j| Destinum\n","uploadtime":1700670913,"views":0,"p1id":"incandescentcandle","p2id":"agamer8414","formatid":"gen9nationaldexubers","rating":0,"private":0,"password":""}