{"id":"gen9nationaldexubers-1986521545","p1":"JOUUU","p2":"Oukix","format":"[Gen 9] National Dex Ubers","log":"|j|\u2606JOUUU\n|j|\u2606Oukix\n|t:|1699487686\n|gametype|singles\n|player|p1|JOUUU|101|\n|player|p2|Oukix|102|\n|teamsize|p1|2\n|teamsize|p2|3\n|gen|9\n|tier|[Gen 9] National Dex Ubers\n|rule|HP Percentage Mod: HP is shown in percentages\n|rule|Endless Battle Clause: Forcing endless battles is banned\n|rule|OHKO Clause: OHKO moves are banned\n|rule|Evasion Moves Clause: Evasion moves are banned\n|rule|Evasion Items Clause: Evasion items are banned\n|rule|Species Clause: Limit one of each Pok\u00e9mon\n|rule|Sleep Clause Mod: Limit one foe put to sleep\n|rule|Mega Rayquaza Clause: You cannot mega evolve Rayquaza\n|clearpoke\n|poke|p1|Dustox, L14, M|\n|poke|p1|Wooper, L14, M|\n|poke|p2|Azurill, L12, F|\n|poke|p2|Pidove, L13, M|\n|poke|p2|Girafarig, L14, M|\n|teampreview\n|\n|t:|1699487694\n|start\n|switch|p1a: Wilson|Wooper, L14, M|100\/100\n|switch|p2a: Azurill|Azurill, L12, F|100\/100\n|turn|1\n|\n|t:|1699487707\n|move|p1a: Wilson|Sandstorm|p1a: Wilson\n|-weather|Sandstorm\n|move|p2a: Azurill|Draining Kiss|p1a: Wilson\n|-damage|p1a: Wilson|61\/100\n|\n|-weather|Sandstorm|[upkeep]\n|-damage|p2a: Azurill|96\/100|[from] Sandstorm\n|upkeep\n|turn|2\n|\n|t:|1699487720\n|move|p1a: Wilson|Rollout|p2a: Azurill\n|-damage|p2a: Azurill|79\/100\n|move|p2a: Azurill|Draining Kiss|p1a: Wilson\n|-damage|p1a: Wilson|17\/100\n|-heal|p2a: Azurill|100\/100|[from] drain|[of] p1a: Wilson\n|\n|-weather|Sandstorm|[upkeep]\n|-damage|p2a: Azurill|96\/100|[from] Sandstorm\n|upkeep\n|turn|3\n|\n|t:|1699487734\n|switch|p2a: Pidove|Pidove, L13, M|100\/100\n|move|p1a: Wilson|Rollout|p2a: Pidove|[from]lockedmove\n|-supereffective|p2a: Pidove\n|-damage|p2a: Pidove|48\/100\n|\n|-weather|Sandstorm|[upkeep]\n|-damage|p2a: Pidove|43\/100|[from] Sandstorm\n|upkeep\n|turn|4\n|\n|t:|1699487743\n|move|p2a: Pidove|Echoed Voice|p1a: Wilson\n|-damage|p1a: Wilson|0 fnt\n|faint|p1a: Wilson\n|\n|-weather|Sandstorm|[upkeep]\n|-damage|p2a: Pidove|39\/100|[from] Sandstorm\n|upkeep\n|\n|t:|1699487751\n|switch|p1a: Piyon|Dustox, L14, M|100\/100\n|turn|5\n|\n|t:|1699487758\n|-terastallize|p1a: Piyon|Electric\n|move|p1a: Piyon|Poison Powder|p2a: Pidove\n|-status|p2a: Pidove|psn\n|move|p2a: Pidove|Echoed Voice|p1a: Piyon\n|-damage|p1a: Piyon|85\/100\n|\n|-weather|none\n|-heal|p1a: Piyon|89\/100|[from] item: Leftovers\n|-damage|p2a: Pidove|27\/100 psn|[from] psn\n|upkeep\n|turn|6\n|\n|t:|1699487772\n|switch|p2a: Girafarig|Girafarig, L14, M|100\/100\n|move|p1a: Piyon|Venoshock|p2a: Girafarig\n|-damage|p2a: Girafarig|72\/100\n|\n|-heal|p1a: Piyon|94\/100|[from] item: Leftovers\n|upkeep\n|turn|7\n|\n|t:|1699487786\n|move|p2a: Girafarig|Twin Beam|p1a: Piyon\n|-damage|p1a: Piyon|74\/100\n|-damage|p1a: Piyon|52\/100\n|-hitcount|p1a: Piyon|2\n|move|p1a: Piyon|Poison Powder|p2a: Girafarig\n|-status|p2a: Girafarig|psn\n|\n|-heal|p1a: Piyon|56\/100|[from] item: Leftovers\n|-damage|p2a: Girafarig|60\/100 psn|[from] psn\n|upkeep\n|turn|8\n|\n|t:|1699487800\n|move|p2a: Girafarig|Confusion|p1a: Piyon\n|-damage|p1a: Piyon|27\/100\n|move|p1a: Piyon|Venoshock|p2a: Girafarig\n|-damage|p2a: Girafarig|2\/100 psn\n|\n|-heal|p1a: Piyon|32\/100|[from] item: Leftovers\n|-damage|p2a: Girafarig|0 fnt|[from] psn\n|faint|p2a: Girafarig\n|upkeep\n|\n|t:|1699487809\n|switch|p2a: Azurill|Azurill, L12, F|96\/100\n|turn|9\n|\n|t:|1699487822\n|switch|p2a: Pidove|Pidove, L13, M|27\/100 psn\n|move|p1a: Piyon|Venoshock|p2a: Pidove\n|-damage|p2a: Pidove|0 fnt\n|faint|p2a: Pidove\n|\n|-heal|p1a: Piyon|36\/100|[from] item: Leftovers\n|upkeep\n|\n|t:|1699487829\n|switch|p2a: Azurill|Azurill, L12, F|96\/100\n|turn|10\n|\n|t:|1699487844\n|move|p1a: Piyon|Swagger|p2a: Azurill|[miss]\n|-miss|p1a: Piyon|p2a: Azurill\n|move|p2a: Azurill|Draining Kiss|p1a: Piyon\n|-damage|p1a: Piyon|20\/100\n|-heal|p2a: Azurill|100\/100|[from] drain|[of] p1a: Piyon\n|\n|-heal|p1a: Piyon|25\/100|[from] item: Leftovers\n|upkeep\n|turn|11\n|\n|t:|1699487854\n|move|p1a: Piyon|Swagger|p2a: Azurill\n|-boost|p2a: Azurill|atk|2\n|-start|p2a: Azurill|confusion\n|-activate|p2a: Azurill|confusion\n|move|p2a: Azurill|Draining Kiss|p1a: Piyon\n|-damage|p1a: Piyon|9\/100\n|\n|-heal|p1a: Piyon|14\/100|[from] item: Leftovers\n|upkeep\n|turn|12\n|\n|t:|1699487865\n|move|p1a: Piyon|Venoshock|p2a: Azurill\n|-supereffective|p2a: Azurill\n|-damage|p2a: Azurill|0 fnt\n|faint|p2a: Azurill\n|\n|win|JOUUU\n","uploadtime":1699487875,"views":30,"p1id":"jouuu","p2id":"oukix","formatid":"gen9nationaldexubers","rating":0,"private":0,"password":""}