{"id":"gen9nationaldexubers-1997246289","p1":"Ash Ketchum344","p2":"meghan machim 78","format":"[Gen 9] National Dex Ubers","log":"|j|\u2606Ash Ketchum344\n|j|\u2606meghan machim 78\n|t:|1700779957\n|gametype|singles\n|player|p1|Ash Ketchum344|lucas-gen4pt|1083\n|player|p2|meghan machim 78|pokemonranger-gen4|1192\n|teamsize|p1|6\n|teamsize|p2|6\n|gen|9\n|tier|[Gen 9] National Dex Ubers\n|rated|\n|rule|HP Percentage Mod: HP is shown in percentages\n|rule|Endless Battle Clause: Forcing endless battles is banned\n|rule|OHKO Clause: OHKO moves are banned\n|rule|Evasion Moves Clause: Evasion moves are banned\n|rule|Evasion Items Clause: Evasion items are banned\n|rule|Species Clause: Limit one of each Pok\u00e9mon\n|rule|Sleep Clause Mod: Limit one foe put to sleep\n|rule|Mega Rayquaza Clause: You cannot mega evolve Rayquaza\n|clearpoke\n|poke|p1|Pikachu, F|\n|poke|p1|Lucario, M|\n|poke|p1|Dragonite, F|\n|poke|p1|Dracovish|\n|poke|p1|Gengar, M|\n|poke|p1|Sirfetch\u2019d, M|\n|poke|p2|Mewtwo|\n|poke|p2|Yveltal|\n|poke|p2|Tapu Koko|\n|poke|p2|Ogerpon-Hearthflame, F|\n|poke|p2|Naganadel|\n|poke|p2|Grafaiai, F|\n|teampreview\n|\n|t:|1700779962\n|start\n|switch|p1a: Pikachu|Pikachu, F|100\/100\n|switch|p2a: Grafaiai|Grafaiai, F|100\/100\n|turn|1\n|inactive|Battle timer is ON: inactive players will automatically lose when time's up. (requested by meghan machim 78)\n|\n|t:|1700779965\n|move|p1a: Pikachu|Fake Out|p2a: Grafaiai\n|-damage|p2a: Grafaiai|77\/100\n|cant|p2a: Grafaiai|flinch\n|\n|upkeep\n|turn|2\n|\n|t:|1700779971\n|move|p1a: Pikachu|Extreme Speed|p2a: Grafaiai\n|-damage|p2a: Grafaiai|27\/100\n|move|p2a: Grafaiai|Parting Shot|p1a: Pikachu\n|-unboost|p1a: Pikachu|atk|1\n|-unboost|p1a: Pikachu|spa|1\n|\n|t:|1700779980\n|switch|p2a: Mewtwo|Mewtwo|100\/100|[from] Parting Shot\n|-ability|p2a: Mewtwo|Unnerve\n|\n|upkeep\n|turn|3\n|\n|t:|1700779985\n|detailschange|p2a: Mewtwo|Mewtwo-Mega-X\n|-mega|p2a: Mewtwo|Mewtwo|Mewtwonite X\n|move|p1a: Pikachu|Extreme Speed|p2a: Mewtwo\n|-damage|p2a: Mewtwo|78\/100\n|move|p2a: Mewtwo|Trailblaze|p1a: Pikachu\n|-damage|p1a: Pikachu|28\/100\n|-boost|p2a: Mewtwo|spe|1\n|\n|upkeep\n|turn|4\n|\n|t:|1700779989\n|move|p1a: Pikachu|Extreme Speed|p2a: Mewtwo\n|-damage|p2a: Mewtwo|55\/100\n|move|p2a: Mewtwo|Trailblaze|p1a: Pikachu\n|-damage|p1a: Pikachu|0 fnt\n|-boost|p2a: Mewtwo|spe|1\n|faint|p1a: Pikachu\n|\n|upkeep\n|\n|t:|1700779992\n|switch|p1a: Sirfetch\u2019d|Sirfetch\u2019d, M|100\/100\n|turn|5\n|\n|t:|1700779994\n|move|p1a: Sirfetch\u2019d|First Impression|p2a: Mewtwo\n|-damage|p2a: Mewtwo|8\/100\n|move|p2a: Mewtwo|Psycho Cut|p1a: Sirfetch\u2019d\n|-supereffective|p1a: Sirfetch\u2019d\n|-damage|p1a: Sirfetch\u2019d|0 fnt\n|faint|p1a: Sirfetch\u2019d\n|\n|upkeep\n|j| RunningMoss4544\n|\n|t:|1700780022\n|switch|p1a: Dracovish|Dracovish|100\/100\n|turn|6\n|\n|t:|1700780026\n|move|p2a: Mewtwo|Drain Punch|p1a: Dracovish\n|-damage|p1a: Dracovish|44\/100\n|-heal|p2a: Mewtwo|34\/100|[from] drain|[of] p1a: Dracovish\n|move|p1a: Dracovish|Fishious Rend|p2a: Mewtwo\n|-damage|p2a: Mewtwo|0 fnt\n|faint|p2a: Mewtwo\n|\n|upkeep\n|\n|t:|1700780039\n|switch|p2a: Grafaiai|Grafaiai, F|27\/100\n|turn|7\n|\n|t:|1700780042\n|move|p2a: Grafaiai|Parting Shot|p1a: Dracovish\n|-unboost|p1a: Dracovish|atk|1\n|-unboost|p1a: Dracovish|spa|1\n|\n|t:|1700780047\n|switch|p2a: Tapu Koko|Tapu Koko|100\/100|[from] Parting Shot\n|-fieldstart|move: Electric Terrain|[from] ability: Electric Surge|[of] p2a: Tapu Koko\n|move|p1a: Dracovish|Fishious Rend|p2a: Tapu Koko\n|-enditem|p2a: Tapu Koko|Focus Sash\n|-damage|p2a: Tapu Koko|1\/100\n|\n|upkeep\n|turn|8\n|\n|t:|1700780058\n|move|p1a: Dracovish|Fishious Rend|p2a: Tapu Koko\n|-damage|p2a: Tapu Koko|0 fnt\n|faint|p2a: Tapu Koko\n|\n|upkeep\n|\n|t:|1700780062\n|switch|p2a: Naganadel|Naganadel|100\/100\n|turn|9\n|\n|t:|1700780065\n|move|p1a: Dracovish|Fishious Rend|p2a: Naganadel\n|-resisted|p2a: Naganadel\n|-damage|p2a: Naganadel|43\/100\n|move|p2a: Naganadel|Dragon Pulse|p1a: Dracovish\n|-supereffective|p1a: Dracovish\n|-damage|p1a: Dracovish|0 fnt\n|faint|p1a: Dracovish\n|-ability|p2a: Naganadel|Beast Boost|boost\n|-boost|p2a: Naganadel|spe|1\n|\n|upkeep\n|\n|t:|1700780071\n|switch|p1a: Lucario|Lucario, M|100\/100\n|turn|10\n|\n|t:|1700780076\n|detailschange|p1a: Lucario|Lucario-Mega, M\n|-mega|p1a: Lucario|Lucario|Lucarionite\n|move|p2a: Naganadel|Flamethrower|p1a: Lucario\n|-supereffective|p1a: Lucario\n|-damage|p1a: Lucario|2\/100\n|-status|p1a: Lucario|brn\n|move|p1a: Lucario|Bulk Up|p1a: Lucario\n|-boost|p1a: Lucario|atk|1\n|-boost|p1a: Lucario|def|1\n|\n|-damage|p1a: Lucario|0 fnt|[from] brn\n|faint|p1a: Lucario\n|upkeep\n|\n|t:|1700780085\n|switch|p1a: Dragonite|Dragonite, F|100\/100\n|turn|11\n|\n|t:|1700780088\n|move|p2a: Naganadel|Dragon Pulse|p1a: Dragonite\n|-supereffective|p1a: Dragonite\n|-damage|p1a: Dragonite|64\/100\n|move|p1a: Dragonite|Dragon Dance|p1a: Dragonite\n|-boost|p1a: Dragonite|atk|1\n|-boost|p1a: Dragonite|spe|1\n|\n|-fieldend|move: Electric Terrain\n|upkeep\n|turn|12\n|\n|t:|1700780101\n|-terastallize|p1a: Dragonite|Normal\n|move|p1a: Dragonite|Extreme Speed|p2a: Naganadel\n|-damage|p2a: Naganadel|0 fnt\n|faint|p2a: Naganadel\n|\n|upkeep\n|\n|t:|1700780107\n|switch|p2a: Yveltal|Yveltal|100\/100\n|-ability|p2a: Yveltal|Dark Aura\n|turn|13\n|\n|t:|1700780112\n|-terastallize|p2a: Yveltal|Dark\n|move|p1a: Dragonite|Extreme Speed|p2a: Yveltal\n|-damage|p2a: Yveltal|44\/100\n|move|p2a: Yveltal|Dark Pulse|p1a: Dragonite\n|-damage|p1a: Dragonite|1\/100\n|\n|upkeep\n|turn|14\n|\n|t:|1700780116\n|move|p1a: Dragonite|Extreme Speed|p2a: Yveltal\n|-damage|p2a: Yveltal|0 fnt\n|faint|p2a: Yveltal\n|\n|upkeep\n|\n|t:|1700780121\n|switch|p2a: Grafaiai|Grafaiai, F|27\/100\n|turn|15\n|\n|t:|1700780124\n|move|p1a: Dragonite|Extreme Speed|p2a: Grafaiai\n|-damage|p2a: Grafaiai|0 fnt\n|faint|p2a: Grafaiai\n|\n|upkeep\n|l| RunningMoss4544\n|\n|t:|1700780126\n|switch|p2a: Ogerpon|Ogerpon-Hearthflame, F|100\/100\n|-ability|p2a: Ogerpon|Mold Breaker\n|turn|16\n|\n|t:|1700780130\n|move|p1a: Dragonite|Extreme Speed|p2a: Ogerpon\n|-damage|p2a: Ogerpon|13\/100\n|move|p2a: Ogerpon|Horn Leech|p1a: Dragonite\n|-damage|p1a: Dragonite|0 fnt\n|-heal|p2a: Ogerpon|14\/100|[from] drain|[of] p1a: Dragonite\n|faint|p1a: Dragonite\n|\n|upkeep\n|\n|t:|1700780134\n|switch|p1a: Gengar|Gengar, M|100\/100\n|turn|17\n|\n|t:|1700780139\n|move|p2a: Ogerpon|Ivy Cudgel|p1a: Gengar|[anim] Ivy Cudgel Fire\n|-damage|p1a: Gengar|0 fnt\n|faint|p1a: Gengar\n|\n|win|meghan machim 78\n|raw|Ash Ketchum344's rating: 1083 &rarr; <strong>1067<\/strong><br \/>(-16 for losing)\n|raw|meghan machim 78's rating: 1192 &rarr; <strong>1209<\/strong><br \/>(+17 for winning)\n|l|\u2606meghan machim 78\n","uploadtime":1700780150,"views":5,"p1id":"ashketchum344","p2id":"meghanmachim78","formatid":"gen9nationaldexubers","rating":1067,"private":0,"password":""}