{"id":"gen9nationaldexubers-1990111667","p1":"IConsumeChairs","p2":"C0ld as Ice","format":"[Gen 9] National Dex Ubers","log":"|j|\u2606IConsumeChairs\n|j|\u2606C0ld as Ice\n|t:|1699925778\n|gametype|singles\n|player|p1|IConsumeChairs|lucas|1687\n|player|p2|C0ld as Ice|170|1895\n|teamsize|p1|6\n|teamsize|p2|6\n|gen|9\n|tier|[Gen 9] National Dex Ubers\n|rated|\n|rule|HP Percentage Mod: HP is shown in percentages\n|rule|Endless Battle Clause: Forcing endless battles is banned\n|rule|OHKO Clause: OHKO moves are banned\n|rule|Evasion Moves Clause: Evasion moves are banned\n|rule|Evasion Items Clause: Evasion items are banned\n|rule|Species Clause: Limit one of each Pok\u00e9mon\n|rule|Sleep Clause Mod: Limit one foe put to sleep\n|rule|Mega Rayquaza Clause: You cannot mega evolve Rayquaza\n|clearpoke\n|poke|p1|Rayquaza|\n|poke|p1|Xerneas-*|\n|poke|p1|Ho-Oh|\n|poke|p1|Groudon|\n|poke|p1|Arceus-Ground|\n|poke|p1|Yveltal|\n|poke|p2|Chien-Pao|\n|poke|p2|Necrozma-Dusk-Mane|\n|poke|p2|Ho-Oh|\n|poke|p2|Lunala|\n|poke|p2|Groudon, L99|\n|poke|p2|Arceus-Water|\n|teampreview\n|inactive|Battle timer is ON: inactive players will automatically lose when time's up. (requested by IConsumeChairs)\n|\n|t:|1699925825\n|start\n|switch|p1a: Rayquaza|Rayquaza|100\/100\n|switch|p2a: Arceus|Arceus-Water|100\/100\n|-ability|p1a: Rayquaza|Air Lock\n|turn|1\n|\n|t:|1699925834\n|switch|p2a: Lunala|Lunala, shiny|100\/100\n|move|p1a: Rayquaza|Dragon Ascent|p2a: Lunala\n|-damage|p2a: Lunala|72\/100\n|-unboost|p1a: Rayquaza|def|1\n|-unboost|p1a: Rayquaza|spd|1\n|-damage|p1a: Rayquaza|91\/100|[from] item: Life Orb\n|\n|upkeep\n|turn|2\n|\n|t:|1699925840\n|switch|p1a: Ho-Oh|Ho-Oh|100\/100\n|move|p2a: Lunala|Will-O-Wisp|p1a: Ho-Oh\n|-immune|p1a: Ho-Oh\n|\n|upkeep\n|turn|3\n|\n|t:|1699925847\n|switch|p2a: Ho-Oh|Ho-Oh, shiny|100\/100\n|move|p1a: Ho-Oh|Sacred Fire|p2a: Ho-Oh\n|-resisted|p2a: Ho-Oh\n|-damage|p2a: Ho-Oh|84\/100\n|\n|upkeep\n|turn|4\n|\n|t:|1699925851\n|move|p2a: Ho-Oh|Brave Bird|p1a: Ho-Oh\n|-damage|p1a: Ho-Oh|40\/100\n|-damage|p2a: Ho-Oh|64\/100|[from] Recoil\n|move|p1a: Ho-Oh|Toxic|p2a: Ho-Oh\n|-status|p2a: Ho-Oh|tox\n|\n|-damage|p2a: Ho-Oh|58\/100 tox|[from] psn\n|upkeep\n|turn|5\n|\n|t:|1699925857\n|switch|p1a: Arceus|Arceus-Ground|100\/100\n|move|p2a: Ho-Oh|Brave Bird|p1a: Arceus\n|-damage|p1a: Arceus|44\/100\n|-damage|p2a: Ho-Oh|38\/100 tox|[from] Recoil\n|\n|-damage|p2a: Ho-Oh|26\/100 tox|[from] psn\n|upkeep\n|turn|6\n|\n|t:|1699925865\n|switch|p2a: Arceus|Arceus-Water|100\/100\n|move|p1a: Arceus|Recover|p1a: Arceus\n|-heal|p1a: Arceus|94\/100\n|\n|upkeep\n|turn|7\n|\n|t:|1699925873\n|switch|p1a: Groudon|Groudon|100\/100\n|detailschange|p1a: Groudon|Groudon-Primal\n|-primal|p1a: Groudon|Red Orb\n|-weather|DesolateLand|[from] ability: Desolate Land|[of] p1a: Groudon\n|move|p2a: Arceus|Toxic|p1a: Groudon\n|-status|p1a: Groudon|tox\n|\n|-weather|DesolateLand|[upkeep]\n|-damage|p1a: Groudon|94\/100 tox|[from] psn\n|upkeep\n|turn|8\n|\n|t:|1699925883\n|switch|p2a: Lunala|Lunala, shiny|72\/100\n|-weather|none\n|switch|p1a: Yveltal|Yveltal|100\/100\n|-ability|p1a: Yveltal|Dark Aura\n|\n|upkeep\n|turn|9\n|\n|t:|1699925889\n|switch|p2a: Arceus|Arceus-Water|100\/100\n|move|p1a: Yveltal|Knock Off|p2a: Arceus\n|-damage|p2a: Arceus|76\/100\n|\n|upkeep\n|turn|10\n|\n|t:|1699925894\n|move|p2a: Arceus|Recover|p2a: Arceus\n|-heal|p2a: Arceus|100\/100\n|move|p1a: Yveltal|Dark Pulse|p2a: Arceus\n|-damage|p2a: Arceus|65\/100\n|\n|upkeep\n|turn|11\n|\n|t:|1699925903\n|move|p2a: Arceus|Recover|p2a: Arceus\n|-heal|p2a: Arceus|100\/100\n|move|p1a: Yveltal|Dark Pulse|p2a: Arceus\n|-damage|p2a: Arceus|60\/100\n|\n|upkeep\n|turn|12\n|\n|t:|1699925907\n|move|p2a: Arceus|Recover|p2a: Arceus\n|-heal|p2a: Arceus|100\/100\n|move|p1a: Yveltal|Dark Pulse|p2a: Arceus\n|-damage|p2a: Arceus|63\/100\n|\n|upkeep\n|turn|13\n|\n|t:|1699925909\n|move|p2a: Arceus|Toxic|p1a: Yveltal\n|-status|p1a: Yveltal|tox\n|move|p1a: Yveltal|Dark Pulse|p2a: Arceus\n|-damage|p2a: Arceus|25\/100\n|\n|-damage|p1a: Yveltal|94\/100 tox|[from] psn\n|upkeep\n|turn|14\n|\n|t:|1699925914\n|switch|p1a: Xerneas|Xerneas|100\/100\n|-ability|p1a: Xerneas|Fairy Aura\n|move|p2a: Arceus|Recover|p2a: Arceus\n|-heal|p2a: Arceus|75\/100\n|\n|upkeep\n|turn|15\n|\n|t:|1699925921\n|move|p2a: Arceus|Taunt|p1a: Xerneas\n|-start|p1a: Xerneas|move: Taunt\n|move|p1a: Xerneas|Moonblast|p2a: Arceus\n|-damage|p2a: Arceus|29\/100\n|-unboost|p2a: Arceus|spa|1\n|\n|upkeep\n|turn|16\n|\n|t:|1699925929\n|switch|p2a: Necrozma|Necrozma-Dusk-Mane, shiny|100\/100\n|switch|p1a: Arceus|Arceus-Ground|94\/100\n|\n|upkeep\n|turn|17\n|\n|t:|1699925935\n|switch|p2a: Ho-Oh|Ho-Oh, shiny|59\/100 tox\n|move|p1a: Arceus|Judgment|p2a: Ho-Oh\n|-immune|p2a: Ho-Oh\n|\n|-damage|p2a: Ho-Oh|53\/100 tox|[from] psn\n|upkeep\n|turn|18\n|\n|t:|1699925938\n|move|p1a: Arceus|Ice Beam|p2a: Ho-Oh\n|-damage|p2a: Ho-Oh|40\/100 tox\n|move|p2a: Ho-Oh|Sacred Fire|p1a: Arceus\n|-damage|p1a: Arceus|46\/100\n|\n|-damage|p2a: Ho-Oh|28\/100 tox|[from] psn\n|upkeep\n|turn|19\n|\n|t:|1699925943\n|switch|p2a: Arceus|Arceus-Water|29\/100\n|move|p1a: Arceus|Recover|p1a: Arceus\n|-heal|p1a: Arceus|96\/100\n|\n|upkeep\n|turn|20\n|\n|t:|1699925945\n|move|p2a: Arceus|Recover|p2a: Arceus\n|-heal|p2a: Arceus|79\/100\n|move|p1a: Arceus|Taunt|p2a: Arceus\n|-start|p2a: Arceus|move: Taunt\n|\n|upkeep\n|turn|21\n|\n|t:|1699925952\n|switch|p1a: Xerneas|Xerneas|100\/100\n|-ability|p1a: Xerneas|Fairy Aura\n|switch|p2a: Ho-Oh|Ho-Oh, shiny|61\/100 tox\n|\n|-damage|p2a: Ho-Oh|55\/100 tox|[from] psn\n|upkeep\n|turn|22\n|\n|t:|1699925961\n|switch|p2a: Necrozma|Necrozma-Dusk-Mane, shiny|100\/100\n|move|p1a: Xerneas|Aromatherapy|p1a: Xerneas\n|-activate|p1a: Xerneas|move: Aromatherapy\n|-curestatus|p1: Yveltal|tox|[msg]\n|-curestatus|p1: Groudon|tox|[msg]\n|\n|upkeep\n|turn|23\n|\n|t:|1699925969\n|switch|p1a: Yveltal|Yveltal|94\/100\n|-ability|p1a: Yveltal|Dark Aura\n|move|p2a: Necrozma|Dragon Dance|p2a: Necrozma\n|-boost|p2a: Necrozma|atk|1\n|-boost|p2a: Necrozma|spe|1\n|\n|upkeep\n|turn|24\n|\n|t:|1699925982\n|switch|p1a: Groudon|Groudon-Primal|94\/100\n|-weather|DesolateLand|[from] ability: Desolate Land|[of] p1a: Groudon\n|-zpower|p2a: Necrozma\n|move|p2a: Necrozma|Searing Sunraze Smash|p1a: Groudon|[zeffect]\n|-resisted|p1a: Groudon\n|-damage|p1a: Groudon|57\/100\n|\n|-weather|DesolateLand|[upkeep]\n|upkeep\n|turn|25\n|\n|t:|1699925989\n|switch|p2a: Lunala|Lunala, shiny|72\/100\n|move|p1a: Groudon|Stealth Rock|p2a: Lunala\n|-sidestart|p2: C0ld as Ice|move: Stealth Rock\n|\n|-weather|DesolateLand|[upkeep]\n|upkeep\n|turn|26\n|\n|t:|1699925999\n|move|p2a: Lunala|Defog|p1a: Groudon\n|-unboost|p1a: Groudon|evasion|1\n|-sideend|p2: C0ld as Ice|Stealth Rock|[from] move: Defog|[of] p2a: Lunala\n|move|p1a: Groudon|Precipice Blades|p2a: Lunala\n|-damage|p2a: Lunala|16\/100\n|\n|-weather|DesolateLand|[upkeep]\n|upkeep\n|turn|27\n|\n|t:|1699926005\n|move|p2a: Lunala|Psychic|p1a: Groudon\n|-damage|p1a: Groudon|21\/100\n|move|p1a: Groudon|Overheat|p2a: Lunala\n|-damage|p2a: Lunala|0 fnt\n|-unboost|p1a: Groudon|spa|2\n|faint|p2a: Lunala\n|\n|-weather|DesolateLand|[upkeep]\n|upkeep\n|\n|t:|1699926009\n|switch|p2a: Chien-Pao|Chien-Pao|100\/100\n|-ability|p2a: Chien-Pao|Sword of Ruin\n|turn|28\n|\n|t:|1699926017\n|move|p2a: Chien-Pao|Icicle Crash|p1a: Groudon\n|-damage|p1a: Groudon|0 fnt\n|faint|p1a: Groudon\n|-weather|none\n|\n|upkeep\n|\n|t:|1699926022\n|switch|p1a: Xerneas|Xerneas|100\/100\n|-ability|p1a: Xerneas|Fairy Aura\n|turn|29\n|\n|t:|1699926028\n|switch|p2a: Necrozma|Necrozma-Dusk-Mane, shiny|100\/100\n|move|p1a: Xerneas|Moonblast|p2a: Necrozma\n|-resisted|p2a: Necrozma\n|-damage|p2a: Necrozma|76\/100\n|-unboost|p2a: Necrozma|spa|1\n|\n|upkeep\n|turn|30\n|\n|t:|1699926035\n|switch|p1a: Ho-Oh|Ho-Oh|74\/100\n|move|p2a: Necrozma|Moonlight|p2a: Necrozma\n|-heal|p2a: Necrozma|100\/100\n|\n|upkeep\n|turn|31\n|\n|t:|1699926045\n|switch|p2a: Ho-Oh|Ho-Oh, shiny|88\/100 tox\n|switch|p1a: Arceus|Arceus-Ground|96\/100\n|\n|-damage|p2a: Ho-Oh|82\/100 tox|[from] psn\n|upkeep\n|turn|32\n|\n|t:|1699926053\n|switch|p1a: Ho-Oh|Ho-Oh|100\/100\n|move|p2a: Ho-Oh|Sacred Fire|p1a: Ho-Oh\n|-resisted|p1a: Ho-Oh\n|-damage|p1a: Ho-Oh|74\/100\n|\n|-damage|p2a: Ho-Oh|70\/100 tox|[from] psn\n|upkeep\n|turn|33\n|\n|t:|1699926060\n|switch|p2a: Groudon|Groudon, L99, shiny|100\/100\n|detailschange|p2a: Groudon|Groudon-Primal, L99, shiny\n|-primal|p2a: Groudon|Red Orb\n|-weather|DesolateLand|[from] ability: Desolate Land|[of] p2a: Groudon\n|move|p1a: Ho-Oh|Toxic|p2a: Groudon\n|-status|p2a: Groudon|tox\n|\n|-weather|DesolateLand|[upkeep]\n|-damage|p2a: Groudon|94\/100 tox|[from] psn\n|upkeep\n|turn|34\n|\n|t:|1699926063\n|switch|p1a: Arceus|Arceus-Ground|96\/100\n|move|p2a: Groudon|Spikes|p1a: Arceus\n|-sidestart|p1: IConsumeChairs|Spikes\n|\n|-weather|DesolateLand|[upkeep]\n|-damage|p2a: Groudon|82\/100 tox|[from] psn\n|upkeep\n|turn|35\n|\n|t:|1699926070\n|switch|p1a: Ho-Oh|Ho-Oh|100\/100\n|-weather|none\n|switch|p2a: Ho-Oh|Ho-Oh, shiny|100\/100 tox\n|\n|-damage|p2a: Ho-Oh|94\/100 tox|[from] psn\n|upkeep\n|turn|36\n|\n|t:|1699926073\n|move|p2a: Ho-Oh|Brave Bird|p1a: Ho-Oh\n|-damage|p1a: Ho-Oh|38\/100\n|-damage|p2a: Ho-Oh|74\/100 tox|[from] Recoil\n|move|p1a: Ho-Oh|Defog|p2a: Ho-Oh\n|-unboost|p2a: Ho-Oh|evasion|1\n|-sideend|p1: IConsumeChairs|Spikes|[from] move: Defog|[of] p1a: Ho-Oh\n|\n|-damage|p2a: Ho-Oh|62\/100 tox|[from] psn\n|upkeep\n|turn|37\n|\n|t:|1699926076\n|switch|p1a: Arceus|Arceus-Ground|96\/100\n|move|p2a: Ho-Oh|Brave Bird|p1a: Arceus\n|-damage|p1a: Arceus|42\/100\n|-damage|p2a: Ho-Oh|43\/100 tox|[from] Recoil\n|\n|-damage|p2a: Ho-Oh|25\/100 tox|[from] psn\n|upkeep\n|turn|38\n|\n|t:|1699926082\n|switch|p2a: Chien-Pao|Chien-Pao|100\/100\n|-ability|p2a: Chien-Pao|Sword of Ruin\n|move|p1a: Arceus|Recover|p1a: Arceus\n|-heal|p1a: Arceus|92\/100\n|\n|upkeep\n|turn|39\n|\n|t:|1699926087\n|switch|p1a: Xerneas|Xerneas|100\/100\n|-ability|p1a: Xerneas|Fairy Aura\n|-terastallize|p2a: Chien-Pao|Dark\n|move|p2a: Chien-Pao|Crunch|p1a: Xerneas\n|-resisted|p1a: Xerneas\n|-damage|p1a: Xerneas|59\/100\n|-unboost|p1a: Xerneas|def|1\n|\n|upkeep\n|turn|40\n|\n|t:|1699926096\n|move|p2a: Chien-Pao|Crunch|p1a: Xerneas\n|-resisted|p1a: Xerneas\n|-damage|p1a: Xerneas|2\/100\n|move|p1a: Xerneas|Moonblast|p2a: Chien-Pao\n|-supereffective|p2a: Chien-Pao\n|-damage|p2a: Chien-Pao|0 fnt\n|faint|p2a: Chien-Pao\n|\n|upkeep\n|\n|t:|1699926100\n|switch|p2a: Groudon|Groudon-Primal, L99, shiny|82\/100 tox\n|-weather|DesolateLand|[from] ability: Desolate Land|[of] p2a: Groudon\n|turn|41\n|\n|t:|1699926103\n|move|p1a: Xerneas|Moonblast|p2a: Groudon\n|-resisted|p2a: Groudon\n|-damage|p2a: Groudon|49\/100 tox\n|move|p2a: Groudon|Spikes|p1a: Xerneas\n|-sidestart|p1: IConsumeChairs|Spikes\n|\n|-weather|DesolateLand|[upkeep]\n|-damage|p2a: Groudon|43\/100 tox|[from] psn\n|upkeep\n|turn|42\n|\n|t:|1699926107\n|move|p1a: Xerneas|Moonblast|p2a: Groudon\n|-resisted|p2a: Groudon\n|-damage|p2a: Groudon|11\/100 tox\n|move|p2a: Groudon|Precipice Blades|p1a: Xerneas\n|-damage|p1a: Xerneas|0 fnt\n|faint|p1a: Xerneas\n|\n|-weather|DesolateLand|[upkeep]\n|-damage|p2a: Groudon|0 fnt|[from] psn\n|faint|p2a: Groudon\n|-weather|none\n|upkeep\n|\n|t:|1699926114\n|switch|p1a: Ho-Oh|Ho-Oh|71\/100\n|switch|p2a: Arceus|Arceus-Water|79\/100\n|turn|43\n|\n|t:|1699926121\n|switch|p1a: Yveltal|Yveltal|94\/100\n|-ability|p1a: Yveltal|Dark Aura\n|move|p2a: Arceus|Taunt|p1a: Yveltal\n|-start|p1a: Yveltal|move: Taunt\n|\n|upkeep\n|turn|44\n|\n|t:|1699926134\n|move|p2a: Arceus|Toxic|p1a: Yveltal|[miss]\n|-miss|p2a: Arceus|p1a: Yveltal\n|move|p1a: Yveltal|Dark Pulse|p2a: Arceus\n|-damage|p2a: Arceus|37\/100\n|\n|upkeep\n|turn|45\n|\n|t:|1699926139\n|-terastallize|p1a: Yveltal|Dark\n|move|p2a: Arceus|Toxic|p1a: Yveltal|[miss]\n|-miss|p2a: Arceus|p1a: Yveltal\n|move|p1a: Yveltal|Dark Pulse|p2a: Arceus\n|-damage|p2a: Arceus|0 fnt\n|faint|p2a: Arceus\n|\n|-end|p1a: Yveltal|move: Taunt\n|upkeep\n|\n|t:|1699926142\n|switch|p2a: Ho-Oh|Ho-Oh, shiny|58\/100 tox\n|turn|46\n|-message|C0ld as Ice forfeited.\n|\n|win|IConsumeChairs\n|raw|IConsumeChairs's rating: 1687 &rarr; <strong>1718<\/strong><br \/>(+31 for winning)\n|raw|C0ld as Ice's rating: 1895 &rarr; <strong>1864<\/strong><br \/>(-31 for losing)\n|l|\u2606C0ld as Ice\n|l|\u2606IConsumeChairs\n","uploadtime":1699926207,"views":11,"p1id":"iconsumechairs","p2id":"c0ldasice","formatid":"gen9nationaldexubers","rating":1718,"private":0,"password":""}