{"id":"gen9nationaldexubers-1979039216","p1":"HeatInferno","p2":"OrcLoose","format":"[Gen 9] National Dex Ubers","log":"|j|\u2606HeatInferno\n|j|\u2606OrcLoose\n|t:|1698624412\n|gametype|singles\n|player|p1|HeatInferno|steven|1351\n|player|p2|OrcLoose|winona|1257\n|teamsize|p1|6\n|teamsize|p2|6\n|gen|9\n|tier|[Gen 9] National Dex Ubers\n|rated|\n|rule|HP Percentage Mod: HP is shown in percentages\n|rule|Endless Battle Clause: Forcing endless battles is banned\n|rule|OHKO Clause: OHKO moves are banned\n|rule|Evasion Moves Clause: Evasion moves are banned\n|rule|Evasion Items Clause: Evasion items are banned\n|rule|Species Clause: Limit one of each Pok\u00e9mon\n|rule|Sleep Clause Mod: Limit one foe put to sleep\n|rule|Mega Rayquaza Clause: You cannot mega evolve Rayquaza\n|clearpoke\n|poke|p1|Ferrothorn, M|\n|poke|p1|Ho-Oh|\n|poke|p1|Lopunny, F|\n|poke|p1|Xerneas-*|\n|poke|p1|Chi-Yu|\n|poke|p1|Necrozma-Dusk-Mane|\n|poke|p2|Chien-Pao|\n|poke|p2|Blaziken, M|\n|poke|p2|Raikou|\n|poke|p2|Sylveon, F|\n|poke|p2|Donphan, F|\n|poke|p2|Pidgeot, F|\n|teampreview\n|inactive|Battle timer is ON: inactive players will automatically lose when time's up. (requested by OrcLoose)\n|\n|t:|1698624419\n|start\n|switch|p1a: Chi-Yu|Chi-Yu|100\/100\n|switch|p2a: Raikou|Raikou|100\/100\n|-ability|p2a: Raikou|Pressure\n|-ability|p1a: Chi-Yu|Beads of Ruin\n|turn|1\n|\n|t:|1698624429\n|move|p2a: Raikou|Thunderbolt|p1a: Chi-Yu\n|-damage|p1a: Chi-Yu|53\/100\n|-status|p1a: Chi-Yu|par\n|-zpower|p1a: Chi-Yu\n|move|p1a: Chi-Yu|Inferno Overdrive|p2a: Raikou|[zeffect]\n|-damage|p2a: Raikou|0 fnt\n|faint|p2a: Raikou\n|\n|upkeep\n|\n|t:|1698624439\n|switch|p2a: Blaziken|Blaziken, M|100\/100\n|turn|2\n|\n|t:|1698624442\n|move|p2a: Blaziken|Rock Slide|p1a: Chi-Yu\n|-supereffective|p1a: Chi-Yu\n|-damage|p1a: Chi-Yu|0 fnt\n|faint|p1a: Chi-Yu\n|-damage|p2a: Blaziken|91\/100|[from] item: Life Orb\n|\n|-ability|p2a: Blaziken|Speed Boost|boost\n|-boost|p2a: Blaziken|spe|1\n|upkeep\n|\n|t:|1698624447\n|switch|p1a: Lopunny|Lopunny, F|100\/100\n|turn|3\n|\n|t:|1698624450\n|detailschange|p1a: Lopunny|Lopunny-Mega, F\n|-mega|p1a: Lopunny|Lopunny|Lopunnite\n|move|p2a: Blaziken|Protect|p2a: Blaziken\n|-singleturn|p2a: Blaziken|Protect\n|move|p1a: Lopunny|Fake Out|p2a: Blaziken\n|-activate|p2a: Blaziken|move: Protect\n|\n|-ability|p2a: Blaziken|Speed Boost|boost\n|-boost|p2a: Blaziken|spe|1\n|upkeep\n|turn|4\n|\n|t:|1698624457\n|switch|p1a: Ho-Oh|Ho-Oh|100\/100\n|move|p2a: Blaziken|Close Combat|p1a: Ho-Oh\n|-resisted|p1a: Ho-Oh\n|-damage|p1a: Ho-Oh|71\/100\n|-unboost|p2a: Blaziken|def|1\n|-unboost|p2a: Blaziken|spd|1\n|-damage|p2a: Blaziken|81\/100|[from] item: Life Orb\n|\n|-ability|p2a: Blaziken|Speed Boost|boost\n|-boost|p2a: Blaziken|spe|1\n|upkeep\n|turn|5\n|\n|t:|1698624468\n|switch|p1a: Lopunny|Lopunny-Mega, F|100\/100\n|move|p2a: Blaziken|Rock Slide|p1a: Lopunny\n|-resisted|p1a: Lopunny\n|-damage|p1a: Lopunny|77\/100\n|-damage|p2a: Blaziken|71\/100|[from] item: Life Orb\n|\n|-ability|p2a: Blaziken|Speed Boost|boost\n|-boost|p2a: Blaziken|spe|1\n|upkeep\n|turn|6\n|\n|t:|1698624476\n|move|p2a: Blaziken|Protect|p2a: Blaziken\n|-singleturn|p2a: Blaziken|Protect\n|move|p1a: Lopunny|Fake Out|p2a: Blaziken\n|-activate|p2a: Blaziken|move: Protect\n|\n|-ability|p2a: Blaziken|Speed Boost|boost\n|-boost|p2a: Blaziken|spe|1\n|upkeep\n|turn|7\n|\n|t:|1698624486\n|move|p2a: Blaziken|Close Combat|p1a: Lopunny\n|-supereffective|p1a: Lopunny\n|-damage|p1a: Lopunny|0 fnt\n|-unboost|p2a: Blaziken|def|1\n|-unboost|p2a: Blaziken|spd|1\n|faint|p1a: Lopunny\n|-damage|p2a: Blaziken|61\/100|[from] item: Life Orb\n|\n|-ability|p2a: Blaziken|Speed Boost|boost\n|-boost|p2a: Blaziken|spe|1\n|upkeep\n|\n|t:|1698624490\n|switch|p1a: Necrozma|Necrozma-Dusk-Mane|100\/100\n|turn|8\n|\n|t:|1698624494\n|move|p2a: Blaziken|Blaze Kick|p1a: Necrozma\n|-supereffective|p1a: Necrozma\n|-damage|p1a: Necrozma|30\/100\n|-enditem|p1a: Necrozma|Weakness Policy\n|-boost|p1a: Necrozma|atk|2|[from] item: Weakness Policy\n|-boost|p1a: Necrozma|spa|2|[from] item: Weakness Policy\n|-damage|p2a: Blaziken|51\/100|[from] item: Life Orb\n|move|p1a: Necrozma|Dragon Dance|p1a: Necrozma\n|-boost|p1a: Necrozma|atk|1\n|-boost|p1a: Necrozma|spe|1\n|\n|upkeep\n|turn|9\n|\n|t:|1698624502\n|move|p2a: Blaziken|Close Combat|p1a: Necrozma\n|-damage|p1a: Necrozma|0 fnt\n|-unboost|p2a: Blaziken|def|1\n|-unboost|p2a: Blaziken|spd|1\n|faint|p1a: Necrozma\n|-damage|p2a: Blaziken|41\/100|[from] item: Life Orb\n|\n|upkeep\n|\n|t:|1698624508\n|switch|p1a: Xerneas|Xerneas|100\/100\n|-ability|p1a: Xerneas|Fairy Aura\n|turn|10\n|\n|t:|1698624515\n|move|p2a: Blaziken|Blaze Kick|p1a: Xerneas\n|-damage|p1a: Xerneas|44\/100\n|-damage|p2a: Blaziken|31\/100|[from] item: Life Orb\n|move|p1a: Xerneas|Geomancy||[still]\n|-prepare|p1a: Xerneas|Geomancy\n|-enditem|p1a: Xerneas|Power Herb\n|-anim|p1a: Xerneas|Geomancy|p1a: Xerneas\n|-boost|p1a: Xerneas|spa|2\n|-boost|p1a: Xerneas|spd|2\n|-boost|p1a: Xerneas|spe|2\n|\n|upkeep\n|turn|11\n|\n|t:|1698624523\n|move|p2a: Blaziken|Blaze Kick|p1a: Xerneas\n|-crit|p1a: Xerneas\n|-damage|p1a: Xerneas|0 fnt\n|faint|p1a: Xerneas\n|-damage|p2a: Blaziken|21\/100|[from] item: Life Orb\n|\n|upkeep\n|\n|t:|1698624527\n|switch|p1a: Ferrothorn|Ferrothorn, M|100\/100\n|turn|12\n|\n|t:|1698624533\n|-terastallize|p1a: Ferrothorn|Fairy\n|move|p2a: Blaziken|Blaze Kick|p1a: Ferrothorn\n|-damage|p1a: Ferrothorn|67\/100\n|-damage|p2a: Blaziken|8\/100|[from] ability: Iron Barbs|[of] p1a: Ferrothorn\n|-damage|p2a: Blaziken|0 fnt|[from] item: Life Orb\n|faint|p2a: Blaziken\n|move|p1a: Ferrothorn|Gyro Ball|p2: Blaziken|[notarget]\n|-fail|p1a: Ferrothorn\n|\n|-heal|p1a: Ferrothorn|73\/100|[from] item: Leftovers\n|upkeep\n|\n|t:|1698624538\n|switch|p2a: Pidgeot|Pidgeot, F|100\/100\n|turn|13\n|\n|t:|1698624545\n|detailschange|p2a: Pidgeot|Pidgeot-Mega, F\n|-mega|p2a: Pidgeot|Pidgeot|Pidgeotite\n|move|p2a: Pidgeot|Hurricane|p1a: Ferrothorn\n|-damage|p1a: Ferrothorn|24\/100\n|move|p1a: Ferrothorn|Leech Seed|p2a: Pidgeot\n|-start|p2a: Pidgeot|move: Leech Seed\n|\n|-heal|p1a: Ferrothorn|30\/100|[from] item: Leftovers\n|-damage|p2a: Pidgeot|88\/100|[from] Leech Seed|[of] p1a: Ferrothorn\n|-heal|p1a: Ferrothorn|40\/100|[silent]\n|upkeep\n|turn|14\n|\n|t:|1698624553\n|move|p1a: Ferrothorn|Protect|p1a: Ferrothorn\n|-singleturn|p1a: Ferrothorn|Protect\n|move|p2a: Pidgeot|U-turn|p1a: Ferrothorn\n|-activate|p1a: Ferrothorn|move: Protect\n|\n|-heal|p1a: Ferrothorn|46\/100|[from] item: Leftovers\n|-damage|p2a: Pidgeot|76\/100|[from] Leech Seed|[of] p1a: Ferrothorn\n|-heal|p1a: Ferrothorn|57\/100|[silent]\n|upkeep\n|turn|15\n|\n|t:|1698624560\n|move|p2a: Pidgeot|Hurricane|p1a: Ferrothorn\n|-damage|p1a: Ferrothorn|3\/100\n|move|p1a: Ferrothorn|Leech Seed||[still]\n|-fail|p1a: Ferrothorn\n|\n|-heal|p1a: Ferrothorn|9\/100|[from] item: Leftovers\n|-damage|p2a: Pidgeot|63\/100|[from] Leech Seed|[of] p1a: Ferrothorn\n|-heal|p1a: Ferrothorn|20\/100|[silent]\n|upkeep\n|turn|16\n|\n|t:|1698624565\n|move|p1a: Ferrothorn|Protect|p1a: Ferrothorn\n|-singleturn|p1a: Ferrothorn|Protect\n|move|p2a: Pidgeot|Hurricane|p1a: Ferrothorn\n|-activate|p1a: Ferrothorn|move: Protect\n|\n|-heal|p1a: Ferrothorn|26\/100|[from] item: Leftovers\n|-damage|p2a: Pidgeot|51\/100|[from] Leech Seed|[of] p1a: Ferrothorn\n|-heal|p1a: Ferrothorn|37\/100|[silent]\n|upkeep\n|turn|17\n|\n|t:|1698624572\n|switch|p1a: Ho-Oh|Ho-Oh|100\/100\n|move|p2a: Pidgeot|Hurricane|p1a: Ho-Oh\n|-damage|p1a: Ho-Oh|68\/100\n|\n|-damage|p2a: Pidgeot|39\/100|[from] Leech Seed|[of] p1a: Ho-Oh\n|-heal|p1a: Ho-Oh|77\/100|[silent]\n|upkeep\n|turn|18\n|\n|t:|1698624578\n|switch|p1a: Ferrothorn|Ferrothorn, M, tera:Fairy|37\/100\n|move|p2a: Pidgeot|Hurricane|p1a: Ferrothorn\n|-damage|p1a: Ferrothorn|0 fnt\n|faint|p1a: Ferrothorn\n|\n|upkeep\n|\n|t:|1698624583\n|switch|p1a: Ho-Oh|Ho-Oh|100\/100\n|turn|19\n|\n|t:|1698624587\n|move|p2a: Pidgeot|Hurricane|p1a: Ho-Oh\n|-damage|p1a: Ho-Oh|68\/100\n|move|p1a: Ho-Oh|Sacred Fire|p2a: Pidgeot\n|-damage|p2a: Pidgeot|0 fnt\n|faint|p2a: Pidgeot\n|\n|upkeep\n|\n|t:|1698624595\n|switch|p2a: Chien-Pao|Chien-Pao|100\/100\n|-ability|p2a: Chien-Pao|Sword of Ruin\n|turn|20\n|\n|t:|1698624599\n|-terastallize|p2a: Chien-Pao|Dark\n|move|p2a: Chien-Pao|Crunch|p1a: Ho-Oh\n|-damage|p1a: Ho-Oh|4\/100\n|move|p1a: Ho-Oh|Sacred Fire|p2a: Chien-Pao\n|-damage|p2a: Chien-Pao|41\/100\n|\n|upkeep\n|turn|21\n|\n|t:|1698624607\n|move|p2a: Chien-Pao|Crunch|p1a: Ho-Oh\n|-damage|p1a: Ho-Oh|0 fnt\n|faint|p1a: Ho-Oh\n|\n|win|OrcLoose\n|raw|HeatInferno's rating: 1351 &rarr; <strong>1326<\/strong><br \/>(-25 for losing)\n|raw|OrcLoose's rating: 1257 &rarr; <strong>1289<\/strong><br \/>(+32 for winning)\n|l|\u2606HeatInferno\n|l|\u2606OrcLoose\n|j|\u2606OrcLoose\n|player|p2|OrcLoose|winona\n","uploadtime":1698624639,"views":13,"p1id":"heatinferno","p2id":"orcloose","formatid":"gen9nationaldexubers","rating":1289,"private":0,"password":""}