{"id":"gen9nationaldexubers-1979124069","p1":"Youkirou","p2":"Siraegi","format":"[Gen 9] National Dex Ubers","log":"|j|\u2606Youkirou\n|j|\u2606Siraegi\n|t:|1698635441\n|gametype|singles\n|player|p1|Youkirou|1|\n|player|p2|Siraegi|cynthia-gen4|\n|teamsize|p1|6\n|teamsize|p2|6\n|gen|9\n|tier|[Gen 9] National Dex Ubers\n|rule|HP Percentage Mod: HP is shown in percentages\n|rule|Endless Battle Clause: Forcing endless battles is banned\n|rule|OHKO Clause: OHKO moves are banned\n|rule|Evasion Moves Clause: Evasion moves are banned\n|rule|Evasion Items Clause: Evasion items are banned\n|rule|Species Clause: Limit one of each Pok\u00e9mon\n|rule|Sleep Clause Mod: Limit one foe put to sleep\n|rule|Mega Rayquaza Clause: You cannot mega evolve Rayquaza\n|clearpoke\n|poke|p1|Parasect, M|\n|poke|p1|Poliwrath, F|\n|poke|p1|Golem, F|\n|poke|p1|Lapras, F|\n|poke|p1|Pinsir, F|\n|poke|p1|Jolteon, F|\n|poke|p2|Chansey, F|\n|poke|p2|Tauros, M|\n|poke|p2|Kangaskhan, F|\n|poke|p2|Dugtrio, M|\n|poke|p2|Vaporeon, F|\n|poke|p2|Slowbro, M|\n|teampreview\n|\n|t:|1698635453\n|start\n|switch|p1a: Jolteon|Jolteon, F|100\/100\n|switch|p2a: Dugtrio|Dugtrio, M, shiny|100\/100\n|turn|1\n|\n|t:|1698635467\n|move|p2a: Dugtrio|Earthquake|p1a: Jolteon\n|-supereffective|p1a: Jolteon\n|-damage|p1a: Jolteon|0 fnt\n|faint|p1a: Jolteon\n|\n|upkeep\n|\n|t:|1698635489\n|switch|p1a: Golem|Golem, F|100\/100\n|turn|2\n|\n|t:|1698635496\n|move|p1a: Golem|Sucker Punch||[still]\n|-fail|p1a: Golem\n|move|p2a: Dugtrio|Stealth Rock|p1a: Golem\n|-sidestart|p1: Youkirou|move: Stealth Rock\n|\n|upkeep\n|turn|3\n|\n|t:|1698635513\n|move|p1a: Golem|Sucker Punch||[still]\n|-fail|p1a: Golem\n|move|p2a: Dugtrio|Toxic|p1a: Golem\n|-status|p1a: Golem|tox\n|\n|-damage|p1a: Golem|95\/100 tox|[from] psn\n|upkeep\n|turn|4\n|\n|t:|1698635526\n|-terastallize|p1a: Golem|Normal\n|move|p2a: Dugtrio|Earthquake|p1a: Golem\n|-damage|p1a: Golem|58\/100 tox\n|move|p1a: Golem|Explosion|p2a: Dugtrio\n|-enditem|p2a: Dugtrio|Focus Sash\n|-damage|p2a: Dugtrio|1\/100\n|faint|p1a: Golem\n|\n|upkeep\n|\n|t:|1698635536\n|switch|p1a: Poliwrath|Poliwrath, F|100\/100\n|-damage|p1a: Poliwrath|94\/100|[from] Stealth Rock\n|turn|5\n|\n|t:|1698635556\n|move|p1a: Poliwrath|Vacuum Wave|p2a: Dugtrio\n|-damage|p2a: Dugtrio|0 fnt\n|faint|p2a: Dugtrio\n|\n|-heal|p1a: Poliwrath|100\/100|[from] item: Leftovers\n|upkeep\n|\n|t:|1698635569\n|switch|p2a: Chansey|Chansey, F|100\/100\n|turn|6\n|\n|t:|1698635574\n|-terastallize|p2a: Chansey|Ghost\n|move|p1a: Poliwrath|Toxic|p2a: Chansey\n|-status|p2a: Chansey|tox\n|move|p2a: Chansey|Toxic|p1a: Poliwrath\n|-status|p1a: Poliwrath|tox\n|\n|-damage|p1a: Poliwrath|94\/100 tox|[from] psn\n|-damage|p2a: Chansey|94\/100 tox|[from] psn\n|upkeep\n|turn|7\n|\n|t:|1698635585\n|move|p1a: Poliwrath|Scald|p2a: Chansey\n|-damage|p2a: Chansey|86\/100 tox\n|move|p2a: Chansey|Seismic Toss|p1a: Poliwrath\n|-damage|p1a: Poliwrath|68\/100 tox\n|\n|-heal|p1a: Poliwrath|74\/100 tox|[from] item: Leftovers\n|-damage|p1a: Poliwrath|62\/100 tox|[from] psn\n|-damage|p2a: Chansey|74\/100 tox|[from] psn\n|upkeep\n|turn|8\n|\n|t:|1698635601\n|switch|p1a: Parasect|Parasect, M|100\/100\n|-damage|p1a: Parasect|75\/100|[from] Stealth Rock\n|-curestatus|p2a: Chansey|tox|[from] ability: Natural Cure\n|switch|p2a: Vaporeon|Vaporeon, F, shiny|100\/100\n|\n|upkeep\n|turn|9\n|\n|t:|1698635627\n|switch|p2a: Slowbro|Slowbro, M, shiny|100\/100\n|move|p1a: Parasect|Spore|p2a: Slowbro\n|-status|p2a: Slowbro|slp|[from] move: Spore\n|\n|upkeep\n|turn|10\n|\n|t:|1698635634\n|switch|p2a: Vaporeon|Vaporeon, F, shiny|100\/100\n|move|p1a: Parasect|Knock Off|p2a: Vaporeon\n|-damage|p2a: Vaporeon|84\/100\n|-enditem|p2a: Vaporeon|Leftovers|[from] move: Knock Off|[of] p1a: Parasect\n|-heal|p1a: Parasect|78\/100|[from] item: Shell Bell|[of] p2a: Vaporeon\n|\n|upkeep\n|turn|11\n|\n|t:|1698635643\n|move|p2a: Vaporeon|Heal Bell|p2a: Vaporeon\n|-activate|p2a: Vaporeon|move: Heal Bell\n|-curestatus|p2: Slowbro|slp|[msg]\n|move|p1a: Parasect|Leech Seed|p2a: Vaporeon\n|-start|p2a: Vaporeon|move: Leech Seed\n|\n|-damage|p2a: Vaporeon|72\/100|[from] Leech Seed|[of] p1a: Parasect\n|-heal|p1a: Parasect|96\/100|[silent]\n|upkeep\n|turn|12\n|\n|t:|1698635651\n|move|p2a: Vaporeon|Wish|p2a: Vaporeon\n|move|p1a: Parasect|Knock Off|p2a: Vaporeon\n|-damage|p2a: Vaporeon|61\/100\n|-heal|p1a: Parasect|97\/100|[from] item: Shell Bell|[of] p2a: Vaporeon\n|\n|-damage|p2a: Vaporeon|49\/100|[from] Leech Seed|[of] p1a: Parasect\n|-heal|p1a: Parasect|100\/100|[silent]\n|upkeep\n|turn|13\n|\n|t:|1698635659\n|move|p2a: Vaporeon|Scald|p1a: Parasect\n|-resisted|p1a: Parasect\n|-damage|p1a: Parasect|86\/100\n|move|p1a: Parasect|Knock Off|p2a: Vaporeon\n|-damage|p2a: Vaporeon|38\/100\n|-heal|p1a: Parasect|88\/100|[from] item: Shell Bell|[of] p2a: Vaporeon\n|\n|-heal|p2a: Vaporeon|88\/100|[from] move: Wish|[wisher] Vaporeon\n|-damage|p2a: Vaporeon|75\/100|[from] Leech Seed|[of] p1a: Parasect\n|-heal|p1a: Parasect|100\/100|[silent]\n|upkeep\n|turn|14\n|\n|t:|1698635678\n|switch|p2a: Slowbro|Slowbro, M, shiny|100\/100\n|move|p1a: Parasect|Leech Life|p2a: Slowbro\n|-supereffective|p2a: Slowbro\n|-damage|p2a: Slowbro|67\/100\n|\n|upkeep\n|turn|15\n|\n|t:|1698635685\n|move|p2a: Slowbro|Ice Beam|p1a: Parasect\n|-supereffective|p1a: Parasect\n|-damage|p1a: Parasect|60\/100\n|move|p1a: Parasect|Leech Seed|p2a: Slowbro\n|-start|p2a: Slowbro|move: Leech Seed\n|\n|-damage|p2a: Slowbro|55\/100|[from] Leech Seed|[of] p1a: Parasect\n|-heal|p1a: Parasect|75\/100|[silent]\n|upkeep\n|turn|16\n|\n|t:|1698635700\n|move|p2a: Slowbro|Slack Off|p2a: Slowbro\n|-heal|p2a: Slowbro|100\/100\n|move|p1a: Parasect|Leech Life|p2a: Slowbro\n|-supereffective|p2a: Slowbro\n|-damage|p2a: Slowbro|66\/100\n|-heal|p1a: Parasect|96\/100|[from] drain|[of] p2a: Slowbro\n|-heal|p1a: Parasect|100\/100|[from] item: Shell Bell|[of] p2a: Slowbro\n|\n|-damage|p2a: Slowbro|54\/100|[from] Leech Seed|[of] p1a: Parasect\n|upkeep\n|turn|17\n|\n|t:|1698635834\n|move|p2a: Slowbro|Thunder Wave|p1a: Parasect\n|-status|p1a: Parasect|par\n|move|p1a: Parasect|Knock Off|p2a: Slowbro\n|-supereffective|p2a: Slowbro\n|-damage|p2a: Slowbro|29\/100\n|-enditem|p2a: Slowbro|Heavy-Duty Boots|[from] move: Knock Off|[of] p1a: Parasect\n|\n|-damage|p2a: Slowbro|16\/100|[from] Leech Seed|[of] p1a: Parasect\n|upkeep\n|turn|18\n|\n|t:|1698635847\n|move|p2a: Slowbro|Slack Off|p2a: Slowbro\n|-heal|p2a: Slowbro|66\/100\n|move|p1a: Parasect|Leech Life|p2a: Slowbro\n|-supereffective|p2a: Slowbro\n|-damage|p2a: Slowbro|31\/100\n|\n|-damage|p2a: Slowbro|18\/100|[from] Leech Seed|[of] p1a: Parasect\n|upkeep\n|turn|19\n|\n|t:|1698635857\n|move|p2a: Slowbro|Ice Beam|p1a: Parasect\n|-supereffective|p1a: Parasect\n|-damage|p1a: Parasect|59\/100 par\n|cant|p1a: Parasect|par\n|\n|-damage|p2a: Slowbro|6\/100|[from] Leech Seed|[of] p1a: Parasect\n|-heal|p1a: Parasect|74\/100 par|[silent]\n|upkeep\n|turn|20\n|\n|t:|1698635864\n|move|p2a: Slowbro|Slack Off|p2a: Slowbro\n|-heal|p2a: Slowbro|56\/100\n|move|p1a: Parasect|Spore|p2a: Slowbro\n|-status|p2a: Slowbro|slp|[from] move: Spore\n|\n|-damage|p2a: Slowbro|43\/100 slp|[from] Leech Seed|[of] p1a: Parasect\n|-heal|p1a: Parasect|89\/100 par|[silent]\n|upkeep\n|turn|21\n|\n|t:|1698635873\n|switch|p2a: Chansey|Chansey, F, tera:Ghost|74\/100\n|move|p1a: Parasect|Leech Life|p2a: Chansey\n|-resisted|p2a: Chansey\n|-crit|p2a: Chansey\n|-damage|p2a: Chansey|61\/100\n|-heal|p1a: Parasect|100\/100 par|[from] drain|[of] p2a: Chansey\n|\n|upkeep\n|turn|22\n|\n|t:|1698635883\n|move|p2a: Chansey|Soft-Boiled|p2a: Chansey\n|-heal|p2a: Chansey|100\/100\n|move|p1a: Parasect|Knock Off|p2a: Chansey\n|-supereffective|p2a: Chansey\n|-damage|p2a: Chansey|75\/100\n|-enditem|p2a: Chansey|Eviolite|[from] move: Knock Off|[of] p1a: Parasect\n|\n|upkeep\n|turn|23\n|\n|t:|1698635894\n|move|p2a: Chansey|Seismic Toss|p1a: Parasect\n|-damage|p1a: Parasect|70\/100 par\n|-message|Sleep Clause Mod activated.\n|-hint|Sleep Clause Mod prevents players from putting more than one of their opponent's Pok\u00e9mon to sleep at a time\n|cant|p1a: Parasect|par\n|\n|upkeep\n|turn|24\n|\n|t:|1698635902\n|move|p2a: Chansey|Seismic Toss|p1a: Parasect\n|-damage|p1a: Parasect|39\/100 par\n|-status|p2a: Chansey|psn|[from] ability: Effect Spore|[of] p1a: Parasect\n|move|p1a: Parasect|Leech Seed|p2a: Chansey\n|-start|p2a: Chansey|move: Leech Seed\n|\n|-damage|p2a: Chansey|62\/100 psn|[from] Leech Seed|[of] p1a: Parasect\n|-heal|p1a: Parasect|66\/100 par|[silent]\n|-damage|p2a: Chansey|50\/100 psn|[from] psn\n|upkeep\n|turn|25\n|\n|t:|1698635916\n|move|p2a: Chansey|Seismic Toss|p1a: Parasect\n|-damage|p1a: Parasect|35\/100 par\n|move|p1a: Parasect|Leech Life|p2a: Chansey\n|-resisted|p2a: Chansey\n|-damage|p2a: Chansey|37\/100 psn\n|-heal|p1a: Parasect|49\/100 par|[from] drain|[of] p2a: Chansey\n|-heal|p1a: Parasect|53\/100 par|[from] item: Shell Bell|[of] p2a: Chansey\n|\n|-damage|p2a: Chansey|24\/100 psn|[from] Leech Seed|[of] p1a: Parasect\n|-heal|p1a: Parasect|80\/100 par|[silent]\n|-damage|p2a: Chansey|12\/100 psn|[from] psn\n|upkeep\n|turn|26\n|\n|t:|1698635927\n|move|p2a: Chansey|Soft-Boiled|p2a: Chansey\n|-heal|p2a: Chansey|62\/100 psn\n|move|p1a: Parasect|Knock Off|p2a: Chansey\n|-supereffective|p2a: Chansey\n|-damage|p2a: Chansey|35\/100 psn\n|-heal|p1a: Parasect|87\/100 par|[from] item: Shell Bell|[of] p2a: Chansey\n|\n|-damage|p2a: Chansey|23\/100 psn|[from] Leech Seed|[of] p1a: Parasect\n|-heal|p1a: Parasect|100\/100 par|[silent]\n|-damage|p2a: Chansey|10\/100 psn|[from] psn\n|upkeep\n|turn|27\n|\n|t:|1698635937\n|move|p2a: Chansey|Soft-Boiled|p2a: Chansey\n|-heal|p2a: Chansey|60\/100 psn\n|move|p1a: Parasect|Knock Off|p2a: Chansey\n|-supereffective|p2a: Chansey\n|-damage|p2a: Chansey|34\/100 psn\n|\n|-damage|p2a: Chansey|22\/100 psn|[from] Leech Seed|[of] p1a: Parasect\n|-damage|p2a: Chansey|9\/100 psn|[from] psn\n|upkeep\n|turn|28\n|\n|t:|1698635945\n|move|p2a: Chansey|Soft-Boiled|p2a: Chansey\n|-heal|p2a: Chansey|59\/100 psn\n|move|p1a: Parasect|Knock Off|p2a: Chansey\n|-supereffective|p2a: Chansey\n|-damage|p2a: Chansey|30\/100 psn\n|\n|-damage|p2a: Chansey|18\/100 psn|[from] Leech Seed|[of] p1a: Parasect\n|-damage|p2a: Chansey|6\/100 psn|[from] psn\n|upkeep\n|turn|29\n|\n|t:|1698635953\n|move|p2a: Chansey|Soft-Boiled|p2a: Chansey\n|-heal|p2a: Chansey|56\/100 psn\n|move|p1a: Parasect|Knock Off|p2a: Chansey\n|-supereffective|p2a: Chansey\n|-damage|p2a: Chansey|30\/100 psn\n|\n|-damage|p2a: Chansey|18\/100 psn|[from] Leech Seed|[of] p1a: Parasect\n|-damage|p2a: Chansey|6\/100 psn|[from] psn\n|upkeep\n|turn|30\n|\n|t:|1698635962\n|move|p2a: Chansey|Soft-Boiled|p2a: Chansey\n|-heal|p2a: Chansey|56\/100 psn\n|move|p1a: Parasect|Knock Off|p2a: Chansey\n|-supereffective|p2a: Chansey\n|-damage|p2a: Chansey|30\/100 psn\n|\n|-damage|p2a: Chansey|17\/100 psn|[from] Leech Seed|[of] p1a: Parasect\n|-damage|p2a: Chansey|5\/100 psn|[from] psn\n|upkeep\n|turn|31\n|\n|t:|1698635971\n|move|p2a: Chansey|Soft-Boiled|p2a: Chansey\n|-heal|p2a: Chansey|55\/100 psn\n|move|p1a: Parasect|Knock Off|p2a: Chansey\n|-supereffective|p2a: Chansey\n|-damage|p2a: Chansey|30\/100 psn\n|\n|-damage|p2a: Chansey|17\/100 psn|[from] Leech Seed|[of] p1a: Parasect\n|-damage|p2a: Chansey|5\/100 psn|[from] psn\n|upkeep\n|turn|32\n|\n|t:|1698635981\n|move|p2a: Chansey|Soft-Boiled|p2a: Chansey\n|-heal|p2a: Chansey|55\/100 psn\n|move|p1a: Parasect|Knock Off|p2a: Chansey\n|-supereffective|p2a: Chansey\n|-damage|p2a: Chansey|29\/100 psn\n|\n|-damage|p2a: Chansey|17\/100 psn|[from] Leech Seed|[of] p1a: Parasect\n|-damage|p2a: Chansey|4\/100 psn|[from] psn\n|upkeep\n|turn|33\n|\n|t:|1698635992\n|-curestatus|p2a: Chansey|psn|[from] ability: Natural Cure\n|switch|p2a: Vaporeon|Vaporeon, F, shiny|75\/100\n|cant|p1a: Parasect|par\n|\n|upkeep\n|turn|34\n|\n|t:|1698636006\n|move|p2a: Vaporeon|Heal Bell|p2a: Vaporeon\n|-activate|p2a: Vaporeon|move: Heal Bell\n|-curestatus|p2: Slowbro|slp|[msg]\n|move|p1a: Parasect|Leech Seed|p2a: Vaporeon\n|-start|p2a: Vaporeon|move: Leech Seed\n|\n|-damage|p2a: Vaporeon|63\/100|[from] Leech Seed|[of] p1a: Parasect\n|upkeep\n|turn|35\n|\n|t:|1698636014\n|move|p2a: Vaporeon|Wish|p2a: Vaporeon\n|move|p1a: Parasect|Knock Off|p2a: Vaporeon\n|-damage|p2a: Vaporeon|52\/100\n|\n|-damage|p2a: Vaporeon|39\/100|[from] Leech Seed|[of] p1a: Parasect\n|upkeep\n|turn|36\n|\n|t:|1698636020\n|move|p2a: Vaporeon|Protect|p2a: Vaporeon\n|-singleturn|p2a: Vaporeon|Protect\n|cant|p1a: Parasect|par\n|\n|-heal|p2a: Vaporeon|89\/100|[from] move: Wish|[wisher] Vaporeon\n|-damage|p2a: Vaporeon|77\/100|[from] Leech Seed|[of] p1a: Parasect\n|upkeep\n|turn|37\n|\n|t:|1698636063\n|switch|p2a: Tauros|Tauros, M|100\/100\n|-ability|p2a: Tauros|Intimidate|boost\n|-unboost|p1a: Parasect|atk|1\n|cant|p1a: Parasect|par\n|\n|upkeep\n|turn|38\n|\n|t:|1698636075\n|move|p2a: Tauros|Return|p1a: Parasect\n|-crit|p1a: Parasect\n|-damage|p1a: Parasect|0 fnt\n|-status|p2a: Tauros|par|[from] ability: Effect Spore|[of] p1a: Parasect\n|faint|p1a: Parasect\n|-damage|p2a: Tauros|91\/100 par|[from] item: Life Orb\n|\n|upkeep\n|\n|t:|1698636089\n|switch|p1a: Pinsir|Pinsir, F|100\/100\n|-damage|p1a: Pinsir|76\/100|[from] Stealth Rock\n|turn|39\n|\n|t:|1698636115\n|detailschange|p1a: Pinsir|Pinsir-Mega, F\n|-mega|p1a: Pinsir|Pinsir|Pinsirite\n|move|p1a: Pinsir|Close Combat|p2a: Tauros\n|-supereffective|p2a: Tauros\n|-damage|p2a: Tauros|0 fnt\n|-unboost|p1a: Pinsir|def|1\n|-unboost|p1a: Pinsir|spd|1\n|faint|p2a: Tauros\n|\n|upkeep\n|\n|t:|1698636144\n|switch|p2a: Slowbro|Slowbro, M, shiny|77\/100\n|turn|40\n|\n|t:|1698636151\n|move|p1a: Pinsir|Return|p2a: Slowbro\n|-damage|p2a: Slowbro|29\/100\n|move|p2a: Slowbro|Ice Beam|p1a: Pinsir\n|-supereffective|p1a: Pinsir\n|-damage|p1a: Pinsir|0 fnt\n|faint|p1a: Pinsir\n|\n|upkeep\n|\n|t:|1698636170\n|switch|p1a: Poliwrath|Poliwrath, F|62\/100 tox\n|-damage|p1a: Poliwrath|56\/100 tox|[from] Stealth Rock\n|turn|41\n|\n|t:|1698636176\n|move|p1a: Poliwrath|Toxic|p2a: Slowbro|[miss]\n|-miss|p1a: Poliwrath|p2a: Slowbro\n|move|p2a: Slowbro|Slack Off|p2a: Slowbro\n|-heal|p2a: Slowbro|79\/100\n|\n|-heal|p1a: Poliwrath|62\/100 tox|[from] item: Leftovers\n|-damage|p1a: Poliwrath|56\/100 tox|[from] psn\n|upkeep\n|turn|42\n|\n|t:|1698636188\n|move|p1a: Poliwrath|Toxic|p2a: Slowbro\n|-status|p2a: Slowbro|tox\n|move|p2a: Slowbro|Ice Beam|p1a: Poliwrath\n|-resisted|p1a: Poliwrath\n|-crit|p1a: Poliwrath\n|-damage|p1a: Poliwrath|41\/100 tox\n|\n|-heal|p1a: Poliwrath|48\/100 tox|[from] item: Leftovers\n|-damage|p1a: Poliwrath|35\/100 tox|[from] psn\n|-damage|p2a: Slowbro|73\/100 tox|[from] psn\n|upkeep\n|turn|43\n|\n|t:|1698636199\n|switch|p1a: Lapras|Lapras, F|100\/100\n|-damage|p1a: Lapras|75\/100|[from] Stealth Rock\n|move|p2a: Slowbro|Ice Beam|p1a: Lapras\n|-resisted|p1a: Lapras\n|-damage|p1a: Lapras|73\/100\n|\n|-damage|p2a: Slowbro|60\/100 tox|[from] psn\n|upkeep\n|turn|44\n|\n|t:|1698636217\n|switch|p2a: Vaporeon|Vaporeon, F, shiny|77\/100\n|move|p1a: Lapras|Thunderbolt|p2a: Vaporeon\n|-supereffective|p2a: Vaporeon\n|-crit|p2a: Vaporeon\n|-damage|p2a: Vaporeon|18\/100\n|\n|upkeep\n|turn|45\n|\n|t:|1698636236\n|move|p2a: Vaporeon|Wish|p2a: Vaporeon\n|move|p1a: Lapras|Thunderbolt|p2a: Vaporeon\n|-supereffective|p2a: Vaporeon\n|-damage|p2a: Vaporeon|0 fnt\n|faint|p2a: Vaporeon\n|\n|upkeep\n|\n|t:|1698636247\n|switch|p2a: Chansey|Chansey, F, tera:Ghost|4\/100\n|turn|46\n|\n|t:|1698636257\n|move|p1a: Lapras|Freeze-Dry|p2a: Chansey\n|-damage|p2a: Chansey|0 fnt\n|faint|p2a: Chansey\n|\n|upkeep\n|\n|t:|1698636263\n|switch|p2a: Kangaskhan|Kangaskhan, F, shiny|100\/100\n|turn|47\n|\n|t:|1698636274\n|move|p2a: Kangaskhan|Fake Out|p1a: Lapras\n|-damage|p1a: Lapras|57\/100\n|cant|p1a: Lapras|flinch\n|\n|upkeep\n|turn|48\n|\n|t:|1698636283\n|detailschange|p2a: Kangaskhan|Kangaskhan-Mega, F, shiny\n|-mega|p2a: Kangaskhan|Kangaskhan|Kangaskhanite\n|move|p2a: Kangaskhan|Return|p1a: Lapras\n|-damage|p1a: Lapras|5\/100\n|-damage|p1a: Lapras|0 fnt\n|faint|p1a: Lapras\n|-hitcount|p1: Lapras|2\n|\n|upkeep\n|\n|t:|1698636291\n|switch|p1a: Poliwrath|Poliwrath, F|35\/100 tox\n|-damage|p1a: Poliwrath|29\/100 tox|[from] Stealth Rock\n|turn|49\n|\n|t:|1698636297\n|move|p2a: Kangaskhan|Sucker Punch|p1a: Poliwrath\n|-resisted|p1a: Poliwrath\n|-damage|p1a: Poliwrath|16\/100 tox\n|-resisted|p1a: Poliwrath\n|-damage|p1a: Poliwrath|14\/100 tox\n|-hitcount|p1a: Poliwrath|2\n|move|p1a: Poliwrath|Vacuum Wave|p2a: Kangaskhan\n|-supereffective|p2a: Kangaskhan\n|-damage|p2a: Kangaskhan|75\/100\n|\n|-heal|p1a: Poliwrath|20\/100 tox|[from] item: Leftovers\n|-damage|p1a: Poliwrath|14\/100 tox|[from] psn\n|upkeep\n|turn|50\n|\n|t:|1698636307\n|move|p2a: Kangaskhan|Sucker Punch|p1a: Poliwrath\n|-resisted|p1a: Poliwrath\n|-damage|p1a: Poliwrath|2\/100 tox\n|-resisted|p1a: Poliwrath\n|-damage|p1a: Poliwrath|0 fnt\n|faint|p1a: Poliwrath\n|-hitcount|p1: Poliwrath|2\n|\n|win|Siraegi\n","uploadtime":1698636333,"views":10,"p1id":"youkirou","p2id":"siraegi","formatid":"gen9nationaldexubers","rating":0,"private":0,"password":""}