{"id":"gen9nationaldexubers-1994369665","p1":"ShriveledMonkey","p2":"lucasgostosao","format":"[Gen 9] National Dex Ubers","log":"|j|\u2606ShriveledMonkey\n|j|\u2606lucasgostosao\n|t:|1700436106\n|gametype|singles\n|player|p1|ShriveledMonkey|170|1081\n|player|p2|lucasgostosao|hilbert|1070\n|teamsize|p1|6\n|teamsize|p2|5\n|gen|9\n|tier|[Gen 9] National Dex Ubers\n|rated|\n|rule|HP Percentage Mod: HP is shown in percentages\n|rule|Endless Battle Clause: Forcing endless battles is banned\n|rule|OHKO Clause: OHKO moves are banned\n|rule|Evasion Moves Clause: Evasion moves are banned\n|rule|Evasion Items Clause: Evasion items are banned\n|rule|Species Clause: Limit one of each Pok\u00e9mon\n|rule|Sleep Clause Mod: Limit one foe put to sleep\n|rule|Mega Rayquaza Clause: You cannot mega evolve Rayquaza\n|clearpoke\n|poke|p1|Orbeetle, F|\n|poke|p1|Articuno-Galar|\n|poke|p1|Golduck, M|\n|poke|p1|Skeledirge, M|\n|poke|p1|Xatu, F|\n|poke|p1|Annihilape, F|\n|poke|p2|Groudon|\n|poke|p2|Torkoal, F|\n|poke|p2|Trevenant, F|\n|poke|p2|Victreebel, F|\n|poke|p2|Tapu Bulu|\n|teampreview\n|inactive|Battle timer is ON: inactive players will automatically lose when time's up. (requested by lucasgostosao)\n|\n|t:|1700436112\n|start\n|switch|p1a: Orbeetle|Orbeetle, F|100\/100\n|switch|p2a: Torkoal|Torkoal, F|100\/100\n|-item|p2a: Torkoal|Heat Rock|[from] ability: Frisk|[of] p1a: Orbeetle|[identify]\n|-weather|SunnyDay|[from] ability: Drought|[of] p2a: Torkoal\n|turn|1\n|\n|t:|1700436122\n|move|p1a: Orbeetle|Calm Mind|p1a: Orbeetle\n|-boost|p1a: Orbeetle|spa|1\n|-boost|p1a: Orbeetle|spd|1\n|move|p2a: Torkoal|Eruption|p1a: Orbeetle\n|-supereffective|p1a: Orbeetle\n|-damage|p1a: Orbeetle|0 fnt\n|faint|p1a: Orbeetle\n|\n|-weather|SunnyDay|[upkeep]\n|upkeep\n|\n|t:|1700436134\n|switch|p1a: Golduck|Golduck, M|100\/100\n|turn|2\n|\n|t:|1700436138\n|move|p1a: Golduck|Nasty Plot|p1a: Golduck\n|-boost|p1a: Golduck|spa|2\n|move|p2a: Torkoal|Solar Beam||[still]\n|-prepare|p2a: Torkoal|Solar Beam\n|-anim|p2a: Torkoal|Solar Beam|p1a: Golduck\n|-supereffective|p1a: Golduck\n|-damage|p1a: Golduck|19\/100\n|\n|-weather|SunnyDay|[upkeep]\n|upkeep\n|turn|3\n|\n|t:|1700436148\n|move|p1a: Golduck|Surf|p2a: Torkoal\n|-supereffective|p2a: Torkoal\n|-damage|p2a: Torkoal|0 fnt\n|faint|p2a: Torkoal\n|-damage|p1a: Golduck|9\/100|[from] item: Life Orb\n|\n|-weather|SunnyDay|[upkeep]\n|upkeep\n|\n|t:|1700436155\n|switch|p2a: Trevenant|Trevenant, F|100\/100\n|turn|4\n|\n|t:|1700436168\n|move|p2a: Trevenant|Sucker Punch|p1a: Golduck\n|-damage|p1a: Golduck|0 fnt\n|faint|p1a: Golduck\n|\n|-weather|SunnyDay|[upkeep]\n|upkeep\n|\n|t:|1700436173\n|switch|p1a: Skeledirge|Skeledirge, M|100\/100\n|turn|5\n|\n|t:|1700436183\n|move|p2a: Trevenant|Endure|p2a: Trevenant\n|-singleturn|p2a: Trevenant|move: Endure\n|move|p1a: Skeledirge|Will-O-Wisp|p2a: Trevenant\n|-status|p2a: Trevenant|brn\n|\n|-weather|SunnyDay|[upkeep]\n|-damage|p2a: Trevenant|94\/100 brn|[from] brn\n|upkeep\n|turn|6\n|\n|t:|1700436195\n|move|p2a: Trevenant|Sucker Punch|p1a: Skeledirge\n|-supereffective|p1a: Skeledirge\n|-damage|p1a: Skeledirge|81\/100\n|move|p1a: Skeledirge|Torch Song|p2a: Trevenant\n|-supereffective|p2a: Trevenant\n|-damage|p2a: Trevenant|0 fnt\n|-boost|p1a: Skeledirge|spa|1\n|faint|p2a: Trevenant\n|-enditem|p1a: Skeledirge|Throat Spray\n|-boost|p1a: Skeledirge|spa|1|[from] item: Throat Spray\n|\n|-weather|SunnyDay|[upkeep]\n|upkeep\n|\n|t:|1700436208\n|switch|p2a: Victreebel|Victreebel, F|100\/100\n|turn|7\n|\n|t:|1700436213\n|move|p2a: Victreebel|Swords Dance|p2a: Victreebel\n|-boost|p2a: Victreebel|atk|2\n|move|p1a: Skeledirge|Will-O-Wisp|p2a: Victreebel\n|-status|p2a: Victreebel|brn\n|\n|-weather|SunnyDay|[upkeep]\n|-damage|p2a: Victreebel|95\/100 brn|[from] brn\n|upkeep\n|turn|8\n|\n|t:|1700436222\n|move|p1a: Skeledirge|Protect|p1a: Skeledirge\n|-singleturn|p1a: Skeledirge|Protect\n|move|p2a: Victreebel|Poison Jab|p1a: Skeledirge\n|-activate|p1a: Skeledirge|move: Protect\n|\n|-weather|none\n|-damage|p2a: Victreebel|89\/100 brn|[from] brn\n|upkeep\n|turn|9\n|\n|t:|1700436231\n|move|p2a: Victreebel|Poison Jab|p1a: Skeledirge\n|-resisted|p1a: Skeledirge\n|-damage|p1a: Skeledirge|64\/100\n|move|p1a: Skeledirge|Torch Song|p2a: Victreebel\n|-supereffective|p2a: Victreebel\n|-damage|p2a: Victreebel|0 fnt\n|-boost|p1a: Skeledirge|spa|1\n|faint|p2a: Victreebel\n|\n|upkeep\n|\n|t:|1700436240\n|switch|p2a: Groudon|Groudon|100\/100\n|-weather|SunnyDay|[from] ability: Drought|[of] p2a: Groudon\n|turn|10\n|\n|t:|1700436250\n|move|p2a: Groudon|Earthquake|p1a: Skeledirge\n|-supereffective|p1a: Skeledirge\n|-damage|p1a: Skeledirge|0 fnt\n|faint|p1a: Skeledirge\n|\n|-weather|SunnyDay|[upkeep]\n|upkeep\n|\n|t:|1700436262\n|switch|p1a: Xatu|Xatu, F|100\/100\n|turn|11\n|\n|t:|1700436267\n|move|p2a: Groudon|Fire Punch|p1a: Xatu\n|-damage|p1a: Xatu|62\/100\n|-damage|p2a: Groudon|84\/100|[from] item: Rocky Helmet|[of] p1a: Xatu\n|move|p1a: Xatu|Psychic|p2a: Groudon\n|-damage|p2a: Groudon|54\/100\n|\n|-weather|SunnyDay|[upkeep]\n|upkeep\n|turn|12\n|\n|t:|1700436277\n|move|p2a: Groudon|Swords Dance|p2a: Groudon\n|-boost|p2a: Groudon|atk|2\n|move|p1a: Xatu|Psychic|p2a: Groudon\n|-damage|p2a: Groudon|20\/100\n|\n|-weather|SunnyDay|[upkeep]\n|upkeep\n|turn|13\n|\n|t:|1700436286\n|-terastallize|p1a: Xatu|Fire\n|move|p2a: Groudon|Fire Punch|p1a: Xatu\n|-resisted|p1a: Xatu\n|-damage|p1a: Xatu|23\/100\n|-damage|p2a: Groudon|4\/100|[from] item: Rocky Helmet|[of] p1a: Xatu\n|move|p1a: Xatu|Psychic|p2a: Groudon\n|-damage|p2a: Groudon|0 fnt\n|faint|p2a: Groudon\n|\n|-weather|SunnyDay|[upkeep]\n|upkeep\n|\n|t:|1700436297\n|switch|p2a: Tapu Bulu|Tapu Bulu|100\/100\n|-fieldstart|move: Grassy Terrain|[from] ability: Grassy Surge|[of] p2a: Tapu Bulu\n|turn|14\n|\n|t:|1700436302\n|move|p2a: Tapu Bulu|High Horsepower|p1a: Xatu\n|-supereffective|p1a: Xatu\n|-damage|p1a: Xatu|0 fnt\n|-damage|p2a: Tapu Bulu|84\/100|[from] item: Rocky Helmet|[of] p1a: Xatu\n|faint|p1a: Xatu\n|\n|-weather|SunnyDay|[upkeep]\n|-heal|p2a: Tapu Bulu|90\/100|[from] Grassy Terrain\n|upkeep\n|\n|t:|1700436310\n|switch|p1a: Articuno|Articuno-Galar|100\/100\n|turn|15\n|\n|t:|1700436316\n|move|p1a: Articuno|Calm Mind|p1a: Articuno\n|-boost|p1a: Articuno|spa|1\n|-boost|p1a: Articuno|spd|1\n|move|p2a: Tapu Bulu|Darkest Lariat|p1a: Articuno\n|-supereffective|p1a: Articuno\n|-damage|p1a: Articuno|29\/100\n|\n|-weather|SunnyDay|[upkeep]\n|-heal|p2a: Tapu Bulu|96\/100|[from] Grassy Terrain\n|upkeep\n|turn|16\n|\n|t:|1700436325\n|move|p1a: Articuno|Hurricane|p2a: Tapu Bulu|[miss]\n|-miss|p1a: Articuno|p2a: Tapu Bulu\n|move|p2a: Tapu Bulu|Darkest Lariat|p1a: Articuno\n|-supereffective|p1a: Articuno\n|-crit|p1a: Articuno\n|-damage|p1a: Articuno|0 fnt\n|faint|p1a: Articuno\n|\n|-weather|SunnyDay|[upkeep]\n|-heal|p2a: Tapu Bulu|100\/100|[from] Grassy Terrain\n|upkeep\n|\n|t:|1700436334\n|switch|p1a: Annihilape|Annihilape, F|100\/100\n|turn|17\n|\n|t:|1700436340\n|move|p2a: Tapu Bulu|High Horsepower|p1a: Annihilape\n|-damage|p1a: Annihilape|67\/100\n|move|p1a: Annihilape|Bulk Up|p1a: Annihilape\n|-boost|p1a: Annihilape|atk|1\n|-boost|p1a: Annihilape|def|1\n|\n|-weather|none\n|-heal|p1a: Annihilape|73\/100|[from] Grassy Terrain\n|-heal|p1a: Annihilape|80\/100|[from] item: Leftovers\n|upkeep\n|turn|18\n|\n|t:|1700436351\n|move|p2a: Tapu Bulu|Horn Leech|p1a: Annihilape\n|-damage|p1a: Annihilape|44\/100\n|move|p1a: Annihilape|Rage Fist|p2a: Tapu Bulu\n|-damage|p2a: Tapu Bulu|12\/100\n|\n|-heal|p2a: Tapu Bulu|18\/100|[from] Grassy Terrain\n|-heal|p1a: Annihilape|50\/100|[from] Grassy Terrain\n|-heal|p1a: Annihilape|56\/100|[from] item: Leftovers\n|upkeep\n|turn|19\n|\n|t:|1700436362\n|move|p2a: Tapu Bulu|Horn Leech|p1a: Annihilape\n|-crit|p1a: Annihilape\n|-damage|p1a: Annihilape|0 fnt\n|-heal|p2a: Tapu Bulu|59\/100|[from] drain|[of] p1a: Annihilape\n|faint|p1a: Annihilape\n|\n|win|lucasgostosao\n|raw|ShriveledMonkey's rating: 1081 &rarr; <strong>1058<\/strong><br \/>(-23 for losing)\n|raw|lucasgostosao's rating: 1070 &rarr; <strong>1100<\/strong><br \/>(+30 for winning)\n|c|\u2606ShriveledMonkey|gg\n|c|\u2606lucasgostosao|Gg\n","uploadtime":1700436377,"views":3,"p1id":"shriveledmonkey","p2id":"lucasgostosao","formatid":"gen9nationaldexubers","rating":1058,"private":0,"password":""}