{"id":"gen9nationaldexubers-1983494232","p1":"Guj Genera","p2":"Shlartog","format":"[Gen 9] National Dex Ubers","log":"|j|\u2606Guj Genera\n|j|\u2606Shlartog\n|t:|1699136160\n|gametype|singles\n|player|p1|Guj Genera|2|\n|player|p2|Shlartog|1|\n|teamsize|p1|6\n|teamsize|p2|6\n|gen|9\n|tier|[Gen 9] National Dex Ubers\n|rule|HP Percentage Mod: HP is shown in percentages\n|rule|Endless Battle Clause: Forcing endless battles is banned\n|rule|OHKO Clause: OHKO moves are banned\n|rule|Evasion Moves Clause: Evasion moves are banned\n|rule|Evasion Items Clause: Evasion items are banned\n|rule|Species Clause: Limit one of each Pok\u00e9mon\n|rule|Sleep Clause Mod: Limit one foe put to sleep\n|rule|Mega Rayquaza Clause: You cannot mega evolve Rayquaza\n|clearpoke\n|poke|p1|Zeraora|\n|poke|p1|Inteleon, M|\n|poke|p1|Kommo-o, M|\n|poke|p1|Cinderace, M|\n|poke|p1|Landorus-Therian, M|\n|poke|p1|Diancie|\n|poke|p2|Scizor, M|\n|poke|p2|Shuckle, F|\n|poke|p2|Lokix, M|\n|poke|p2|Buzzwole|\n|poke|p2|Slither Wing|\n|poke|p2|Volcarona, M|\n|teampreview\n|inactive|Battle timer is ON: inactive players will automatically lose when time's up. (requested by Guj Genera)\n|c|\u2606Guj Genera|glhf\n|j| Xoviet Yunion\n|c|\u2606Shlartog|You too\n|\n|t:|1699136176\n|start\n|switch|p1a: Diancie|Diancie, shiny|100\/100\n|switch|p2a: Ruby|Scizor, M|100\/100\n|turn|1\n|\n|t:|1699136181\n|switch|p1a: Landorus|Landorus-Therian, M, shiny|100\/100\n|-ability|p1a: Landorus|Intimidate|boost\n|-unboost|p2a: Ruby|atk|1\n|detailschange|p2a: Ruby|Scizor-Mega, M\n|-mega|p2a: Ruby|Scizor|Scizorite\n|move|p2a: Ruby|Bullet Punch|p1a: Landorus\n|-damage|p1a: Landorus|86\/100\n|-damage|p2a: Ruby|84\/100|[from] item: Rocky Helmet|[of] p1a: Landorus\n|\n|upkeep\n|turn|2\n|\n|t:|1699136184\n|move|p1a: Landorus|U-turn|p2a: Ruby\n|-resisted|p2a: Ruby\n|-crit|p2a: Ruby\n|-damage|p2a: Ruby|74\/100\n|\n|t:|1699136186\n|switch|p1a: Diancie|Diancie, shiny|100\/100|[from] U-turn\n|move|p2a: Ruby|Swords Dance|p2a: Ruby\n|-boost|p2a: Ruby|atk|2\n|\n|upkeep\n|turn|3\n|\n|t:|1699136206\n|switch|p1a: Landorus|Landorus-Therian, M, shiny|86\/100\n|-ability|p1a: Landorus|Intimidate|boost\n|-unboost|p2a: Ruby|atk|1\n|move|p2a: Ruby|Bullet Punch|p1a: Landorus\n|-damage|p1a: Landorus|62\/100\n|-damage|p2a: Ruby|57\/100|[from] item: Rocky Helmet|[of] p1a: Landorus\n|\n|upkeep\n|turn|4\n|\n|t:|1699136211\n|move|p1a: Landorus|Stealth Rock|p2a: Ruby\n|-sidestart|p2: Shlartog|move: Stealth Rock\n|move|p2a: Ruby|Roost|p2a: Ruby\n|-heal|p2a: Ruby|100\/100\n|-singleturn|p2a: Ruby|move: Roost\n|\n|upkeep\n|turn|5\n|j| Cr0ssHeart\n|\n|t:|1699136216\n|move|p1a: Landorus|Earthquake|p2a: Ruby\n|-damage|p2a: Ruby|70\/100\n|move|p2a: Ruby|Swords Dance|p2a: Ruby\n|-boost|p2a: Ruby|atk|2\n|\n|upkeep\n|turn|6\n|\n|t:|1699136221\n|move|p1a: Landorus|Earthquake|p2a: Ruby\n|-damage|p2a: Ruby|42\/100\n|move|p2a: Ruby|Swords Dance|p2a: Ruby\n|-boost|p2a: Ruby|atk|2\n|\n|upkeep\n|turn|7\n|\n|t:|1699136224\n|move|p1a: Landorus|Earthquake|p2a: Ruby\n|-damage|p2a: Ruby|12\/100\n|move|p2a: Ruby|Roost|p2a: Ruby\n|-heal|p2a: Ruby|62\/100\n|-singleturn|p2a: Ruby|move: Roost\n|\n|upkeep\n|turn|8\n|\n|t:|1699136230\n|move|p1a: Landorus|U-turn|p2a: Ruby\n|-resisted|p2a: Ruby\n|-damage|p2a: Ruby|54\/100\n|\n|t:|1699136234\n|switch|p1a: Cinderace|Cinderace, M, shiny|100\/100|[from] U-turn\n|move|p2a: Ruby|Roost|p2a: Ruby\n|-heal|p2a: Ruby|100\/100\n|-singleturn|p2a: Ruby|move: Roost\n|\n|upkeep\n|turn|9\n|\n|t:|1699136237\n|move|p2a: Ruby|Bullet Punch|p1a: Cinderace\n|-resisted|p1a: Cinderace\n|-damage|p1a: Cinderace|34\/100\n|move|p1a: Cinderace|Pyro Ball|p2a: Ruby|[miss]\n|-miss|p1a: Cinderace|p2a: Ruby\n|\n|upkeep\n|turn|10\n|\n|t:|1699136240\n|move|p2a: Ruby|Bullet Punch|p1a: Cinderace\n|-resisted|p1a: Cinderace\n|-damage|p1a: Cinderace|0 fnt\n|faint|p1a: Cinderace\n|\n|upkeep\n|\n|t:|1699136245\n|switch|p1a: Kommo-o|Kommo-o, M, shiny|100\/100\n|turn|11\n|c| Xoviet Yunion|oof\n|c|\u2606Guj Genera|Crap. That miss\n|\n|t:|1699136256\n|move|p2a: Ruby|Bullet Punch|p1a: Kommo-o\n|-damage|p1a: Kommo-o|22\/100\n|-zpower|p1a: Kommo-o\n|move|p1a: Kommo-o|Clangorous Soulblaze|p2a: Ruby|[zeffect]\n|-resisted|p2a: Ruby\n|-damage|p2a: Ruby|73\/100\n|-boost|p1a: Kommo-o|atk|1\n|-boost|p1a: Kommo-o|def|1\n|-boost|p1a: Kommo-o|spa|1\n|-boost|p1a: Kommo-o|spd|1\n|-boost|p1a: Kommo-o|spe|1\n|\n|upkeep\n|turn|12\n|\n|t:|1699136260\n|move|p2a: Ruby|Bullet Punch|p1a: Kommo-o\n|-damage|p1a: Kommo-o|0 fnt\n|faint|p1a: Kommo-o\n|\n|upkeep\n|\n|t:|1699136262\n|switch|p1a: Landorus|Landorus-Therian, M, shiny|62\/100\n|-ability|p1a: Landorus|Intimidate|boost\n|-unboost|p2a: Ruby|atk|1\n|turn|13\n|\n|t:|1699136265\n|move|p1a: Landorus|Earthquake|p2a: Ruby\n|-damage|p2a: Ruby|46\/100\n|move|p2a: Ruby|Swords Dance|p2a: Ruby\n|-boost|p2a: Ruby|atk|2\n|\n|upkeep\n|turn|14\n|\n|t:|1699136268\n|move|p1a: Landorus|Earthquake|p2a: Ruby\n|-damage|p2a: Ruby|17\/100\n|move|p2a: Ruby|Roost|p2a: Ruby\n|-heal|p2a: Ruby|67\/100\n|-singleturn|p2a: Ruby|move: Roost\n|\n|upkeep\n|turn|15\n|\n|t:|1699136271\n|move|p2a: Ruby|Bullet Punch|p1a: Landorus\n|-damage|p1a: Landorus|0 fnt\n|-damage|p2a: Ruby|50\/100|[from] item: Rocky Helmet|[of] p1a: Landorus\n|faint|p1a: Landorus\n|\n|upkeep\n|\n|t:|1699136276\n|switch|p1a: Zeraora|Zeraora, shiny|100\/100\n|turn|16\n|\n|t:|1699136287\n|move|p2a: Ruby|Bullet Punch|p1a: Zeraora\n|-resisted|p1a: Zeraora\n|-damage|p1a: Zeraora|22\/100\n|move|p1a: Zeraora|Plasma Fists|p2a: Ruby\n|-damage|p2a: Ruby|23\/100\n|-fieldactivate|move: Ion Deluge\n|-hint|Normal-type moves become Electric-type after using Plasma Fists.\n|\n|upkeep\n|turn|17\n|\n|t:|1699136291\n|move|p2a: Ruby|Bullet Punch|p1a: Zeraora\n|-resisted|p1a: Zeraora\n|-damage|p1a: Zeraora|0 fnt\n|faint|p1a: Zeraora\n|\n|upkeep\n|\n|t:|1699136294\n|switch|p1a: Inteleon|Inteleon, M, shiny|100\/100\n|turn|18\n|\n|t:|1699136296\n|move|p2a: Ruby|Bullet Punch|p1a: Inteleon\n|-resisted|p1a: Inteleon\n|-damage|p1a: Inteleon|17\/100\n|move|p1a: Inteleon|Snipe Shot|p2a: Ruby\n|-damage|p2a: Ruby|0 fnt\n|faint|p2a: Ruby\n|\n|upkeep\n|\n|t:|1699136300\n|switch|p2a: Jasper|Buzzwole|100\/100\n|-damage|p2a: Jasper|88\/100|[from] Stealth Rock\n|turn|19\n|\n|t:|1699136302\n|move|p2a: Jasper|Earthquake|p1a: Inteleon\n|-damage|p1a: Inteleon|0 fnt\n|faint|p1a: Inteleon\n|-ability|p2a: Jasper|Beast Boost|boost\n|-boost|p2a: Jasper|atk|1\n|\n|upkeep\n|\n|t:|1699136304\n|switch|p1a: Diancie|Diancie, shiny|100\/100\n|turn|20\n|c|\u2606Shlartog|GG\n|\n|t:|1699136307\n|detailschange|p1a: Diancie|Diancie-Mega, shiny\n|-mega|p1a: Diancie|Diancie|Diancite\n|move|p2a: Jasper|Earthquake|p1a: Diancie\n|-supereffective|p1a: Diancie\n|-damage|p1a: Diancie|0 fnt\n|faint|p1a: Diancie\n|\n|win|Shlartog\n|l| Xoviet Yunion\n|c|\u2606Guj Genera|gg\n|c|\u2606Guj Genera|wp\n|l| Cr0ssHeart\n","uploadtime":1699136314,"views":18,"p1id":"gujgenera","p2id":"shlartog","formatid":"gen9nationaldexubers","rating":0,"private":0,"password":""}