{"id":"gen9nationaldexubers-1986984728","p1":"Aldo Mango","p2":"3eveeJ","format":"[Gen 9] National Dex Ubers","log":"|j|\u2606Aldo Mango\n|j|\u26063eveeJ\n|t:|1699546662\n|gametype|singles\n|player|p1|Aldo Mango|hilbert|1057\n|player|p2|3eveeJ|cheryl|1072\n|teamsize|p1|6\n|teamsize|p2|6\n|gen|9\n|tier|[Gen 9] National Dex Ubers\n|rated|\n|rule|HP Percentage Mod: HP is shown in percentages\n|rule|Endless Battle Clause: Forcing endless battles is banned\n|rule|OHKO Clause: OHKO moves are banned\n|rule|Evasion Moves Clause: Evasion moves are banned\n|rule|Evasion Items Clause: Evasion items are banned\n|rule|Species Clause: Limit one of each Pok\u00e9mon\n|rule|Sleep Clause Mod: Limit one foe put to sleep\n|rule|Mega Rayquaza Clause: You cannot mega evolve Rayquaza\n|clearpoke\n|poke|p1|Empoleon, M|\n|poke|p1|Groudon|\n|poke|p1|Salamence, M|\n|poke|p1|Rotom-Mow|\n|poke|p1|Marshadow|\n|poke|p1|Chien-Pao|\n|poke|p2|Turtonator, F|\n|poke|p2|Toxapex, M|\n|poke|p2|Lilligant-Hisui, F|\n|poke|p2|Clefable, F|\n|poke|p2|Darmanitan-Galar, M|\n|poke|p2|Dragapult, M|\n|teampreview\n|\n|t:|1699546668\n|start\n|switch|p1a: Salamence|Salamence, M|100\/100\n|switch|p2a: Lilligant|Lilligant-Hisui, F|100\/100\n|turn|1\n|inactive|Battle timer is ON: inactive players will automatically lose when time's up. (requested by Aldo Mango)\n|\n|t:|1699546675\n|switch|p2a: Toxapex|Toxapex, M|100\/100\n|detailschange|p1a: Salamence|Salamence-Mega, M\n|-mega|p1a: Salamence|Salamence|Salamencite\n|move|p1a: Salamence|Dragon Dance|p1a: Salamence\n|-boost|p1a: Salamence|atk|1\n|-boost|p1a: Salamence|spe|1\n|\n|upkeep\n|turn|2\n|\n|t:|1699546683\n|move|p1a: Salamence|Iron Head|p2a: Toxapex\n|-resisted|p2a: Toxapex\n|-damage|p2a: Toxapex|85\/100\n|move|p2a: Toxapex|Toxic|p1a: Salamence\n|-status|p1a: Salamence|tox\n|\n|-heal|p2a: Toxapex|92\/100|[from] item: Black Sludge\n|-damage|p1a: Salamence|94\/100 tox|[from] psn\n|upkeep\n|turn|3\n|\n|t:|1699546692\n|move|p1a: Salamence|Dragon Dance|p1a: Salamence\n|-boost|p1a: Salamence|atk|1\n|-boost|p1a: Salamence|spe|1\n|move|p2a: Toxapex|Toxic Spikes|p1a: Salamence\n|-sidestart|p1: Aldo Mango|move: Toxic Spikes\n|\n|-heal|p2a: Toxapex|98\/100|[from] item: Black Sludge\n|-damage|p1a: Salamence|82\/100 tox|[from] psn\n|upkeep\n|turn|4\n|\n|t:|1699546699\n|move|p1a: Salamence|Dragon Dance|p1a: Salamence\n|-boost|p1a: Salamence|atk|1\n|-boost|p1a: Salamence|spe|1\n|move|p2a: Toxapex|Toxic Spikes|p1a: Salamence\n|-sidestart|p1: Aldo Mango|move: Toxic Spikes\n|\n|-heal|p2a: Toxapex|100\/100|[from] item: Black Sludge\n|-damage|p1a: Salamence|64\/100 tox|[from] psn\n|upkeep\n|turn|5\n|\n|t:|1699546707\n|move|p1a: Salamence|Dragon Dance|p1a: Salamence\n|-boost|p1a: Salamence|atk|1\n|-boost|p1a: Salamence|spe|1\n|move|p2a: Toxapex|Sludge Bomb|p1a: Salamence\n|-damage|p1a: Salamence|42\/100 tox\n|\n|-damage|p1a: Salamence|17\/100 tox|[from] psn\n|upkeep\n|turn|6\n|\n|t:|1699546715\n|move|p1a: Salamence|Dual Wingbeat|p2a: Toxapex\n|-damage|p2a: Toxapex|57\/100\n|-damage|p2a: Toxapex|9\/100\n|-hitcount|p2a: Toxapex|2\n|move|p2a: Toxapex|Sludge Bomb|p1a: Salamence\n|-damage|p1a: Salamence|0 fnt\n|faint|p1a: Salamence\n|\n|-heal|p2a: Toxapex|16\/100|[from] item: Black Sludge\n|upkeep\n|\n|t:|1699546721\n|switch|p1a: Empoleon|Empoleon, M|100\/100\n|turn|7\n|\n|t:|1699546729\n|switch|p2a: Clefable|Clefable, F|100\/100\n|move|p1a: Empoleon|Agility|p1a: Empoleon\n|-boost|p1a: Empoleon|spe|2\n|\n|upkeep\n|turn|8\n|\n|t:|1699546736\n|move|p1a: Empoleon|Flash Cannon|p2a: Clefable\n|-supereffective|p2a: Clefable\n|-crit|p2a: Clefable\n|-damage|p2a: Clefable|24\/100\n|move|p2a: Clefable|Drain Punch|p1a: Empoleon\n|-supereffective|p1a: Empoleon\n|-damage|p1a: Empoleon|76\/100\n|-heal|p2a: Clefable|33\/100|[from] drain|[of] p1a: Empoleon\n|-enditem|p1a: Empoleon|Weakness Policy\n|-boost|p1a: Empoleon|atk|2|[from] item: Weakness Policy\n|-boost|p1a: Empoleon|spa|2|[from] item: Weakness Policy\n|\n|upkeep\n|turn|9\n|\n|t:|1699546746\n|move|p1a: Empoleon|Flash Cannon|p2a: Clefable\n|-supereffective|p2a: Clefable\n|-damage|p2a: Clefable|0 fnt\n|faint|p2a: Clefable\n|\n|upkeep\n|\n|t:|1699546751\n|switch|p2a: Lilligant|Lilligant-Hisui, F|100\/100\n|turn|10\n|\n|t:|1699546755\n|move|p1a: Empoleon|Ice Beam|p2a: Lilligant\n|-supereffective|p2a: Lilligant\n|-enditem|p2a: Lilligant|Focus Sash\n|-damage|p2a: Lilligant|1\/100\n|move|p2a: Lilligant|Victory Dance|p2a: Lilligant\n|-boost|p2a: Lilligant|atk|1\n|-boost|p2a: Lilligant|def|1\n|-boost|p2a: Lilligant|spe|1\n|\n|upkeep\n|turn|11\n|\n|t:|1699546764\n|move|p2a: Lilligant|Close Combat|p1a: Empoleon\n|-supereffective|p1a: Empoleon\n|-damage|p1a: Empoleon|0 fnt\n|-unboost|p2a: Lilligant|def|1\n|-unboost|p2a: Lilligant|spd|1\n|faint|p1a: Empoleon\n|\n|upkeep\n|\n|t:|1699546771\n|switch|p1a: Rotom|Rotom-Mow|100\/100\n|turn|12\n|\n|t:|1699546778\n|move|p2a: Lilligant|Acrobatics|p1a: Rotom\n|-damage|p1a: Rotom|32\/100\n|move|p1a: Rotom|Discharge|p2a: Lilligant\n|-resisted|p2a: Lilligant\n|-crit|p2a: Lilligant\n|-damage|p2a: Lilligant|0 fnt\n|faint|p2a: Lilligant\n|\n|-heal|p1a: Rotom|38\/100|[from] item: Leftovers\n|upkeep\n|\n|t:|1699546789\n|switch|p2a: Turtonator|Turtonator, F|100\/100\n|turn|13\n|\n|t:|1699546794\n|move|p1a: Rotom|Defog|p2a: Turtonator\n|-unboost|p2a: Turtonator|evasion|1\n|-sideend|p1: Aldo Mango|Toxic Spikes|[from] move: Defog|[of] p1a: Rotom\n|-enditem|p2a: Turtonator|White Herb\n|-clearnegativeboost|p2a: Turtonator|[silent]\n|move|p2a: Turtonator|Shell Smash|p2a: Turtonator\n|-unboost|p2a: Turtonator|def|1\n|-unboost|p2a: Turtonator|spd|1\n|-boost|p2a: Turtonator|atk|2\n|-boost|p2a: Turtonator|spa|2\n|-boost|p2a: Turtonator|spe|2\n|\n|-heal|p1a: Rotom|44\/100|[from] item: Leftovers\n|upkeep\n|turn|14\n|\n|t:|1699546809\n|switch|p1a: Marshadow|Marshadow|100\/100\n|move|p2a: Turtonator|Heat Crash|p1a: Marshadow\n|-damage|p1a: Marshadow|9\/100\n|\n|upkeep\n|turn|15\n|\n|t:|1699546818\n|move|p1a: Marshadow|Spectral Thief||[still]\n|-clearpositiveboost|p2a: Turtonator|p1a: Marshadow|move: Spectral Thief\n|-boost|p1a: Marshadow|atk|2\n|-boost|p1a: Marshadow|spa|2\n|-boost|p1a: Marshadow|spe|2\n|-anim|p1a: Marshadow|Spectral Thief|p2a: Turtonator\n|-damage|p2a: Turtonator|1\/100\n|move|p2a: Turtonator|Rapid Spin|p1a: Marshadow\n|-immune|p1a: Marshadow\n|\n|upkeep\n|turn|16\n|\n|t:|1699546835\n|move|p1a: Marshadow|Shadow Sneak|p2a: Turtonator\n|-damage|p2a: Turtonator|0 fnt\n|faint|p2a: Turtonator\n|\n|upkeep\n|\n|t:|1699546839\n|switch|p2a: Toxapex|Toxapex, M|49\/100\n|turn|17\n|\n|t:|1699546857\n|-zpower|p1a: Marshadow\n|move|p1a: Marshadow|Soul-Stealing 7-Star Strike|p2a: Toxapex|[zeffect]\n|-damage|p2a: Toxapex|0 fnt\n|faint|p2a: Toxapex\n|\n|upkeep\n|\n|t:|1699546867\n|switch|p2a: Dragapult|Dragapult, M|100\/100\n|turn|18\n|\n|t:|1699546876\n|-terastallize|p2a: Dragapult|Normal\n|move|p1a: Marshadow|Shadow Sneak|p2a: Dragapult\n|-immune|p2a: Dragapult\n|move|p2a: Dragapult|Phantom Force||[still]\n|-prepare|p2a: Dragapult|Phantom Force\n|\n|upkeep\n|turn|19\n|\n|t:|1699546886\n|move|p1a: Marshadow|Bulk Up|p1a: Marshadow\n|-boost|p1a: Marshadow|atk|1\n|-boost|p1a: Marshadow|def|1\n|move|p2a: Dragapult|Phantom Force|p1a: Marshadow|[from]lockedmove\n|-supereffective|p1a: Marshadow\n|-damage|p1a: Marshadow|0 fnt\n|faint|p1a: Marshadow\n|-damage|p2a: Dragapult|91\/100|[from] item: Life Orb\n|\n|upkeep\n|\n|t:|1699546895\n|switch|p1a: Rotom|Rotom-Mow|44\/100\n|turn|20\n|\n|t:|1699546904\n|move|p2a: Dragapult|Flamethrower|p1a: Rotom\n|-supereffective|p1a: Rotom\n|-damage|p1a: Rotom|0 fnt\n|faint|p1a: Rotom\n|-damage|p2a: Dragapult|81\/100|[from] item: Life Orb\n|\n|upkeep\n|\n|t:|1699546907\n|switch|p1a: Groudon|Groudon|100\/100\n|detailschange|p1a: Groudon|Groudon-Primal\n|-primal|p1a: Groudon|Red Orb\n|-weather|DesolateLand|[from] ability: Desolate Land|[of] p1a: Groudon\n|turn|21\n|\n|t:|1699546915\n|move|p2a: Dragapult|Tri Attack|p1a: Groudon\n|-damage|p1a: Groudon|64\/100\n|-damage|p2a: Dragapult|71\/100|[from] item: Life Orb\n|move|p1a: Groudon|Hone Claws|p1a: Groudon\n|-boost|p1a: Groudon|atk|1\n|-boost|p1a: Groudon|accuracy|1\n|\n|-weather|DesolateLand|[upkeep]\n|upkeep\n|turn|22\n|\n|t:|1699546922\n|move|p2a: Dragapult|Tri Attack|p1a: Groudon\n|-damage|p1a: Groudon|25\/100\n|-damage|p2a: Dragapult|61\/100|[from] item: Life Orb\n|move|p1a: Groudon|Precipice Blades|p2a: Dragapult\n|-damage|p2a: Dragapult|0 fnt\n|faint|p2a: Dragapult\n|\n|-weather|DesolateLand|[upkeep]\n|upkeep\n|\n|t:|1699546930\n|switch|p2a: Darmanitan|Darmanitan-Galar, M|100\/100\n|turn|23\n|\n|t:|1699546936\n|move|p2a: Darmanitan|Iron Head|p1a: Groudon\n|-resisted|p1a: Groudon\n|-damage|p1a: Groudon|11\/100\n|cant|p1a: Groudon|flinch\n|\n|-weather|DesolateLand|[upkeep]\n|upkeep\n|turn|24\n|\n|t:|1699546941\n|move|p2a: Darmanitan|Iron Head|p1a: Groudon\n|-resisted|p1a: Groudon\n|-damage|p1a: Groudon|0 fnt\n|faint|p1a: Groudon\n|-weather|none\n|\n|upkeep\n|\n|t:|1699546943\n|switch|p1a: Chien-Pao|Chien-Pao|100\/100\n|-ability|p1a: Chien-Pao|Sword of Ruin\n|turn|25\n|\n|t:|1699546949\n|move|p2a: Darmanitan|Iron Head|p1a: Chien-Pao\n|-supereffective|p1a: Chien-Pao\n|-enditem|p1a: Chien-Pao|Focus Sash\n|-damage|p1a: Chien-Pao|1\/100\n|cant|p1a: Chien-Pao|flinch\n|\n|upkeep\n|turn|26\n|\n|t:|1699546955\n|move|p2a: Darmanitan|Iron Head|p1a: Chien-Pao\n|-supereffective|p1a: Chien-Pao\n|-damage|p1a: Chien-Pao|0 fnt\n|faint|p1a: Chien-Pao\n|\n|win|3eveeJ\n|raw|Aldo Mango's rating: 1057 &rarr; <strong>1039<\/strong><br \/>(-18 for losing)\n|raw|3eveeJ's rating: 1072 &rarr; <strong>1100<\/strong><br \/>(+28 for winning)\n|c|\u26063eveeJ|gg\n|l|\u2606Aldo Mango\n","uploadtime":1699546966,"views":26,"p1id":"aldomango","p2id":"3eveej","formatid":"gen9nationaldexubers","rating":1039,"private":0,"password":""}