{"id":"gen9nationaldexubers-1986262232","p1":"DavyCricket","p2":"WinterWait","format":"[Gen 9] National Dex Ubers","log":"|j|\u2606DavyCricket\n|j|\u2606WinterWait\n|t:|1699464341\n|gametype|singles\n|player|p1|DavyCricket|1|1068\n|player|p2|WinterWait|pokemonbreederf|1040\n|teamsize|p1|6\n|teamsize|p2|6\n|gen|9\n|tier|[Gen 9] National Dex Ubers\n|rated|\n|rule|HP Percentage Mod: HP is shown in percentages\n|rule|Endless Battle Clause: Forcing endless battles is banned\n|rule|OHKO Clause: OHKO moves are banned\n|rule|Evasion Moves Clause: Evasion moves are banned\n|rule|Evasion Items Clause: Evasion items are banned\n|rule|Species Clause: Limit one of each Pok\u00e9mon\n|rule|Sleep Clause Mod: Limit one foe put to sleep\n|rule|Mega Rayquaza Clause: You cannot mega evolve Rayquaza\n|clearpoke\n|poke|p1|Rillaboom, M|\n|poke|p1|Corviknight, M|\n|poke|p1|Drednaw, F|\n|poke|p1|Darmanitan-Galar, M|\n|poke|p1|Dragapult, M|\n|poke|p1|Urshifu-*, M|\n|poke|p2|Pheromosa|\n|poke|p2|Lilligant-Hisui, F|\n|poke|p2|Vespiquen, F|\n|poke|p2|Nincada, F|\n|poke|p2|Leavanny, F|\n|poke|p2|Purugly, F|\n|teampreview\n|\n|t:|1699464350\n|start\n|switch|p1a: Frosty|Darmanitan-Galar, M|100\/100\n|switch|p2a: Cut|Nincada, F|100\/100\n|turn|1\n|\n|t:|1699464355\n|move|p1a: Frosty|Fire Punch|p2a: Cut\n|-supereffective|p2a: Cut\n|-damage|p2a: Cut|0 fnt\n|faint|p2a: Cut\n|\n|upkeep\n|\n|t:|1699464361\n|switch|p2a: Weaver|Leavanny, F|100\/100\n|turn|2\n|\n|t:|1699464365\n|move|p2a: Weaver|String Shot|p1a: Frosty\n|-unboost|p1a: Frosty|spe|2\n|move|p1a: Frosty|Icicle Crash|p2a: Weaver\n|-supereffective|p2a: Weaver\n|-enditem|p2a: Weaver|Focus Sash\n|-damage|p2a: Weaver|1\/100\n|\n|upkeep\n|turn|3\n|\n|t:|1699464373\n|switch|p1a: Glory|Drednaw, F|100\/100\n|move|p2a: Weaver|X-Scissor|p1a: Glory\n|-crit|p1a: Glory\n|-damage|p1a: Glory|49\/100\n|-damage|p2a: Weaver|0 fnt|[from] item: Rocky Helmet|[of] p1a: Glory\n|faint|p2a: Weaver\n|\n|upkeep\n|\n|t:|1699464380\n|switch|p2a: Phera|Pheromosa|100\/100\n|turn|4\n|\n|t:|1699464383\n|move|p1a: Glory|Protect|p1a: Glory\n|-singleturn|p1a: Glory|Protect\n|move|p2a: Phera|Quiver Dance|p2a: Phera\n|-boost|p2a: Phera|spa|1\n|-boost|p2a: Phera|spd|1\n|-boost|p2a: Phera|spe|1\n|\n|upkeep\n|turn|5\n|\n|t:|1699464389\n|move|p2a: Phera|Hidden Power|p1a: Glory\n|-supereffective|p1a: Glory\n|-crit|p1a: Glory\n|-damage|p1a: Glory|0 fnt\n|faint|p1a: Glory\n|-ability|p2a: Phera|Beast Boost|boost\n|-boost|p2a: Phera|spa|1\n|\n|upkeep\n|\n|t:|1699464392\n|switch|p1a: Brock|Dragapult, M|100\/100\n|turn|6\n|\n|t:|1699464396\n|move|p2a: Phera|Ice Beam|p1a: Brock\n|-supereffective|p1a: Brock\n|-damage|p1a: Brock|0 fnt\n|faint|p1a: Brock\n|-ability|p2a: Phera|Beast Boost|boost\n|-boost|p2a: Phera|spa|1\n|\n|upkeep\n|\n|t:|1699464400\n|switch|p1a: Metal Lee|Urshifu, M|100\/100\n|turn|7\n|\n|t:|1699464405\n|move|p2a: Phera|Bug Buzz|p1a: Metal Lee\n|-enditem|p1a: Metal Lee|Focus Sash\n|-damage|p1a: Metal Lee|1\/100\n|move|p1a: Metal Lee|Wicked Blow|p2a: Phera\n|-resisted|p2a: Phera\n|-crit|p2a: Phera\n|-damage|p2a: Phera|46\/100\n|\n|upkeep\n|turn|8\n|\n|t:|1699464412\n|move|p1a: Metal Lee|Sucker Punch|p2a: Phera\n|-resisted|p2a: Phera\n|-damage|p2a: Phera|15\/100\n|move|p2a: Phera|Bug Buzz|p1a: Metal Lee\n|-damage|p1a: Metal Lee|0 fnt\n|faint|p1a: Metal Lee\n|-ability|p2a: Phera|Beast Boost|boost\n|-boost|p2a: Phera|spa|1\n|\n|upkeep\n|\n|t:|1699464414\n|switch|p1a: Monk-E|Rillaboom, M|100\/100\n|-fieldstart|move: Grassy Terrain|[from] ability: Grassy Surge|[of] p1a: Monk-E\n|turn|9\n|\n|t:|1699464417\n|move|p1a: Monk-E|Grassy Glide|p2a: Phera\n|-resisted|p2a: Phera\n|-damage|p2a: Phera|0 fnt\n|faint|p2a: Phera\n|\n|upkeep\n|inactive|Battle timer is ON: inactive players will automatically lose when time's up. (requested by DavyCricket)\n|\n|t:|1699464422\n|switch|p2a: Alli|Lilligant-Hisui, F, shiny|100\/100\n|turn|10\n|\n|t:|1699464425\n|move|p1a: Monk-E|Drum Beating|p2a: Alli\n|-resisted|p2a: Alli\n|-damage|p2a: Alli|56\/100\n|-unboost|p2a: Alli|spe|1\n|move|p2a: Alli|Ice Spinner|p1a: Monk-E\n|-supereffective|p1a: Monk-E\n|-damage|p1a: Monk-E|30\/100\n|-fieldend|move: Grassy Terrain\n|\n|upkeep\n|turn|11\n|\n|t:|1699464433\n|switch|p1a: Frosty|Darmanitan-Galar, M|100\/100\n|move|p2a: Alli|Ice Spinner|p1a: Frosty\n|-resisted|p1a: Frosty\n|-damage|p1a: Frosty|76\/100\n|\n|upkeep\n|turn|12\n|\n|t:|1699464439\n|move|p1a: Frosty|Icicle Crash|p2a: Alli\n|-supereffective|p2a: Alli\n|-damage|p2a: Alli|0 fnt\n|faint|p2a: Alli\n|\n|upkeep\n|\n|t:|1699464443\n|switch|p2a: Alcinal|Purugly, F|100\/100\n|turn|13\n|\n|t:|1699464446\n|move|p2a: Alcinal|Covet|p1a: Frosty\n|-damage|p1a: Frosty|50\/100\n|-item|p2a: Alcinal|Salac Berry|[from] move: Covet|[of] p1a: Frosty\n|move|p1a: Frosty|Icicle Crash|p2a: Alcinal\n|-damage|p2a: Alcinal|70\/100\n|\n|-formechange|p1a: Frosty|Darmanitan-Galar-Zen|\n|upkeep\n|turn|14\n|\n|t:|1699464456\n|move|p1a: Frosty|Icicle Crash|p2a: Alcinal|[miss]\n|-miss|p1a: Frosty|p2a: Alcinal\n|move|p2a: Alcinal|Body Slam|p1a: Frosty\n|-damage|p1a: Frosty|12\/100\n|\n|upkeep\n|turn|15\n|\n|t:|1699464463\n|move|p1a: Frosty|Icicle Crash|p2a: Alcinal\n|-damage|p2a: Alcinal|38\/100\n|cant|p2a: Alcinal|flinch\n|\n|upkeep\n|turn|16\n|\n|t:|1699464468\n|-formechange|p1a: Frosty|Darmanitan-Galar|[silent]|[from] ability: Zen Mode\n|switch|p1a: Aloysius|Corviknight, M|100\/100\n|move|p2a: Alcinal|Body Slam|p1a: Aloysius\n|-resisted|p1a: Aloysius\n|-damage|p1a: Aloysius|93\/100\n|-status|p1a: Aloysius|par\n|\n|-heal|p1a: Aloysius|99\/100 par|[from] item: Leftovers\n|upkeep\n|turn|17\n|\n|t:|1699464479\n|move|p2a: Alcinal|Work Up|p2a: Alcinal\n|-boost|p2a: Alcinal|atk|1\n|-boost|p2a: Alcinal|spa|1\n|move|p1a: Aloysius|Iron Head|p2a: Alcinal\n|-crit|p2a: Alcinal\n|-damage|p2a: Alcinal|0 fnt\n|faint|p2a: Alcinal\n|\n|-heal|p1a: Aloysius|100\/100 par|[from] item: Leftovers\n|upkeep\n|\n|t:|1699464482\n|switch|p2a: Elizabeth|Vespiquen, F|100\/100\n|-ability|p2a: Elizabeth|Pressure\n|turn|18\n|\n|t:|1699464493\n|move|p2a: Elizabeth|Defend Order|p2a: Elizabeth\n|-boost|p2a: Elizabeth|def|1\n|-boost|p2a: Elizabeth|spd|1\n|move|p1a: Aloysius|Fly||[still]\n|-prepare|p1a: Aloysius|Fly\n|\n|upkeep\n|turn|19\n|\n|t:|1699464498\n|move|p2a: Elizabeth|Defend Order|p2a: Elizabeth\n|-boost|p2a: Elizabeth|def|1\n|-boost|p2a: Elizabeth|spd|1\n|move|p1a: Aloysius|Fly|p2a: Elizabeth|[from]lockedmove\n|-supereffective|p2a: Elizabeth\n|-damage|p2a: Elizabeth|71\/100\n|\n|-heal|p2a: Elizabeth|77\/100|[from] item: Leftovers\n|upkeep\n|turn|20\n|\n|t:|1699464504\n|switch|p1a: Frosty|Darmanitan-Galar, M|12\/100\n|move|p2a: Elizabeth|Defend Order|p2a: Elizabeth\n|-boost|p2a: Elizabeth|def|1\n|-boost|p2a: Elizabeth|spd|1\n|\n|-heal|p2a: Elizabeth|83\/100|[from] item: Leftovers\n|-formechange|p1a: Frosty|Darmanitan-Galar-Zen|\n|upkeep\n|turn|21\n|\n|t:|1699464509\n|move|p1a: Frosty|Icicle Crash|p2a: Elizabeth\n|-supereffective|p2a: Elizabeth\n|-damage|p2a: Elizabeth|42\/100\n|move|p2a: Elizabeth|Attack Order|p1a: Frosty\n|-resisted|p1a: Frosty\n|-damage|p1a: Frosty|0 fnt\n|faint|p1a: Frosty\n|\n|-heal|p2a: Elizabeth|48\/100|[from] item: Leftovers\n|upkeep\n|\n|t:|1699464514\n|switch|p1a: Monk-E|Rillaboom, M|30\/100\n|-fieldstart|move: Grassy Terrain|[from] ability: Grassy Surge|[of] p1a: Monk-E\n|turn|22\n|\n|t:|1699464519\n|-terastallize|p1a: Monk-E|Rock\n|move|p1a: Monk-E|Drum Beating|p2a: Elizabeth\n|-resisted|p2a: Elizabeth\n|-damage|p2a: Elizabeth|41\/100\n|-unboost|p2a: Elizabeth|spe|1\n|move|p2a: Elizabeth|Heal Order|p2a: Elizabeth\n|-heal|p2a: Elizabeth|91\/100\n|\n|-heal|p1a: Monk-E|36\/100|[from] Grassy Terrain\n|-heal|p2a: Elizabeth|97\/100|[from] item: Leftovers\n|upkeep\n|turn|23\n|-message|DavyCricket forfeited.\n|\n|win|WinterWait\n|raw|DavyCricket's rating: 1068 &rarr; <strong>1046<\/strong><br \/>(-22 for losing)\n|raw|WinterWait's rating: 1040 &rarr; <strong>1077<\/strong><br \/>(+37 for winning)\n|l|\u2606DavyCricket\n","uploadtime":1699464533,"views":10,"p1id":"davycricket","p2id":"winterwait","formatid":"gen9nationaldexubers","rating":1046,"private":0,"password":""}