{"id":"gen9nationaldexubers-1978127193","p1":"JustMonika_CARR","p2":"kimmaksim","format":"[Gen 9] National Dex Ubers","log":"|j|\u2606JustMonika_CARR\n|j|\u2606kimmaksim\n|t:|1698502731\n|gametype|singles\n|player|p1|JustMonika_CARR|dawn|1384\n|player|p2|kimmaksim|tate|1275\n|teamsize|p1|6\n|teamsize|p2|6\n|gen|9\n|tier|[Gen 9] National Dex Ubers\n|rated|\n|rule|HP Percentage Mod: HP is shown in percentages\n|rule|Endless Battle Clause: Forcing endless battles is banned\n|rule|OHKO Clause: OHKO moves are banned\n|rule|Evasion Moves Clause: Evasion moves are banned\n|rule|Evasion Items Clause: Evasion items are banned\n|rule|Species Clause: Limit one of each Pok\u00e9mon\n|rule|Sleep Clause Mod: Limit one foe put to sleep\n|rule|Mega Rayquaza Clause: You cannot mega evolve Rayquaza\n|clearpoke\n|poke|p1|Marshadow|\n|poke|p1|Lopunny, F|\n|poke|p1|Dialga|\n|poke|p1|Forretress, F|\n|poke|p1|Pheromosa|\n|poke|p1|Grimmsnarl, M|\n|poke|p2|Minior|\n|poke|p2|Nihilego|\n|poke|p2|Lucario, F|\n|poke|p2|Melmetal|\n|poke|p2|Dracovish|\n|poke|p2|Kyogre|\n|teampreview\n|inactive|Battle timer is ON: inactive players will automatically lose when time's up. (requested by kimmaksim)\n|\n|t:|1698502745\n|start\n|switch|p1a: Forretress|Forretress, F, shiny|100\/100\n|switch|p2a: No Water|Nihilego, shiny|100\/100\n|turn|1\n|\n|t:|1698502753\n|move|p2a: No Water|Meteor Beam||[still]\n|-prepare|p2a: No Water|Meteor Beam\n|-boost|p2a: No Water|spa|1\n|-enditem|p2a: No Water|Power Herb\n|-anim|p2a: No Water|Meteor Beam|p1a: Forretress\n|-ability|p1a: Forretress|Sturdy\n|-damage|p1a: Forretress|1\/100\n|-enditem|p1a: Forretress|Red Card|[of] p2a: No Water\n|drag|p2a: Rayquaza's Food|Minior|100\/100\n|-formechange|p2a: Rayquaza's Food|Minior-Meteor||[from] ability: Shields Down\n|move|p1a: Forretress|Stealth Rock|p2a: Rayquaza's Food\n|-sidestart|p2: kimmaksim|move: Stealth Rock\n|\n|upkeep\n|turn|2\n|\n|t:|1698502767\n|move|p2a: Rayquaza's Food|Shell Smash|p2a: Rayquaza's Food\n|-unboost|p2a: Rayquaza's Food|def|1\n|-unboost|p2a: Rayquaza's Food|spd|1\n|-boost|p2a: Rayquaza's Food|atk|2\n|-boost|p2a: Rayquaza's Food|spa|2\n|-boost|p2a: Rayquaza's Food|spe|2\n|move|p1a: Forretress|Toxic Spikes|p2a: Rayquaza's Food\n|-sidestart|p2: kimmaksim|move: Toxic Spikes\n|\n|upkeep\n|turn|3\n|\n|t:|1698502774\n|move|p2a: Rayquaza's Food|Acrobatics|p1a: Forretress\n|-damage|p1a: Forretress|0 fnt\n|faint|p1a: Forretress\n|\n|upkeep\n|\n|t:|1698502780\n|switch|p1a: Marshadow|Marshadow|100\/100\n|turn|4\n|\n|t:|1698502783\n|move|p2a: Rayquaza's Food|Acrobatics|p1a: Marshadow\n|-supereffective|p1a: Marshadow\n|-damage|p1a: Marshadow|13\/100\n|move|p1a: Marshadow|Spectral Thief||[still]\n|-clearpositiveboost|p2a: Rayquaza's Food|p1a: Marshadow|move: Spectral Thief\n|-boost|p1a: Marshadow|atk|2\n|-boost|p1a: Marshadow|spa|2\n|-boost|p1a: Marshadow|spe|2\n|-anim|p1a: Marshadow|Spectral Thief|p2a: Rayquaza's Food\n|-enditem|p2a: Rayquaza's Food|Focus Sash\n|-damage|p2a: Rayquaza's Food|1\/100\n|\n|-formechange|p2a: Rayquaza's Food|Minior||[from] ability: Shields Down\n|upkeep\n|turn|5\n|\n|t:|1698502798\n|move|p1a: Marshadow|Shadow Sneak|p2a: Rayquaza's Food\n|-damage|p2a: Rayquaza's Food|0 fnt\n|faint|p2a: Rayquaza's Food\n|\n|upkeep\n|\n|t:|1698502802\n|switch|p2a: Giga Nut|Melmetal|100\/100\n|-damage|p2a: Giga Nut|94\/100|[from] Stealth Rock\n|turn|6\n|\n|t:|1698502807\n|-terastallize|p2a: Giga Nut|Fighting\n|move|p1a: Marshadow|Drain Punch|p2a: Giga Nut\n|-damage|p2a: Giga Nut|54\/100\n|-heal|p1a: Marshadow|39\/100|[from] drain|[of] p2a: Giga Nut\n|move|p2a: Giga Nut|Ice Punch|p1a: Marshadow\n|-damage|p1a: Marshadow|0 fnt\n|faint|p1a: Marshadow\n|\n|-heal|p2a: Giga Nut|60\/100|[from] item: Leftovers\n|upkeep\n|c|\u2606JustMonika_CARR|Not banded? Interesting\n|inactive|JustMonika_CARR has 120 seconds left.\n|c|\u2606JustMonika_CARR|That's rare\n|\n|t:|1698502846\n|switch|p1a: Grimmsnarl|Grimmsnarl, M, shiny|100\/100\n|turn|7\n|\n|t:|1698502850\n|move|p1a: Grimmsnarl|Reflect|p1a: Grimmsnarl\n|-sidestart|p1: JustMonika_CARR|Reflect\n|move|p2a: Giga Nut|Acid Armor|p2a: Giga Nut\n|-boost|p2a: Giga Nut|def|2\n|\n|-heal|p2a: Giga Nut|66\/100|[from] item: Leftovers\n|upkeep\n|turn|8\n|\n|t:|1698502858\n|move|p1a: Grimmsnarl|Taunt|p2a: Giga Nut\n|-start|p2a: Giga Nut|move: Taunt\n|cant|p2a: Giga Nut|move: Taunt|Acid Armor\n|\n|-heal|p2a: Giga Nut|72\/100|[from] item: Leftovers\n|upkeep\n|turn|9\n|\n|t:|1698502865\n|move|p1a: Grimmsnarl|Spirit Break|p2a: Giga Nut\n|-supereffective|p2a: Giga Nut\n|-damage|p2a: Giga Nut|55\/100\n|-unboost|p2a: Giga Nut|spa|1\n|move|p2a: Giga Nut|Double Iron Bash|p1a: Grimmsnarl\n|-supereffective|p1a: Grimmsnarl\n|-damage|p1a: Grimmsnarl|55\/100\n|-supereffective|p1a: Grimmsnarl\n|-damage|p1a: Grimmsnarl|12\/100\n|-hitcount|p1a: Grimmsnarl|2\n|\n|-heal|p1a: Grimmsnarl|18\/100|[from] item: Leftovers\n|-heal|p2a: Giga Nut|61\/100|[from] item: Leftovers\n|upkeep\n|turn|10\n|\n|t:|1698502878\n|move|p1a: Grimmsnarl|Spirit Break|p2a: Giga Nut\n|-supereffective|p2a: Giga Nut\n|-damage|p2a: Giga Nut|45\/100\n|-unboost|p2a: Giga Nut|spa|1\n|move|p2a: Giga Nut|Body Press|p1a: Grimmsnarl\n|-damage|p1a: Grimmsnarl|0 fnt\n|faint|p1a: Grimmsnarl\n|\n|-heal|p2a: Giga Nut|51\/100|[from] item: Leftovers\n|-end|p2a: Giga Nut|move: Taunt\n|upkeep\n|\n|t:|1698502892\n|switch|p1a: Dialga|Dialga, shiny|100\/100\n|-ability|p1a: Dialga|Pressure\n|turn|11\n|\n|t:|1698502897\n|-terastallize|p1a: Dialga|Ground\n|move|p1a: Dialga|Earth Power|p2a: Giga Nut\n|-crit|p2a: Giga Nut\n|-damage|p2a: Giga Nut|0 fnt\n|faint|p2a: Giga Nut\n|\n|-sideend|p1: JustMonika_CARR|Reflect\n|upkeep\n|\n|t:|1698502902\n|switch|p2a: CHOMP!|Dracovish|100\/100\n|-damage|p2a: CHOMP!|88\/100|[from] Stealth Rock\n|-status|p2a: CHOMP!|psn\n|turn|12\n|\n|t:|1698502911\n|move|p1a: Dialga|Earth Power|p2a: CHOMP!\n|-damage|p2a: CHOMP!|14\/100 psn\n|move|p2a: CHOMP!|Fishious Rend|p1a: Dialga\n|-supereffective|p1a: Dialga\n|-damage|p1a: Dialga|13\/100\n|\n|-damage|p2a: CHOMP!|2\/100 psn|[from] psn\n|upkeep\n|turn|13\n|\n|t:|1698502919\n|move|p1a: Dialga|Earth Power|p2a: CHOMP!\n|-damage|p2a: CHOMP!|0 fnt\n|faint|p2a: CHOMP!\n|\n|upkeep\n|\n|t:|1698502922\n|switch|p2a: STUPID LIZARD!|Kyogre, shiny|100\/100\n|-damage|p2a: STUPID LIZARD!|88\/100|[from] Stealth Rock\n|-status|p2a: STUPID LIZARD!|psn\n|detailschange|p2a: STUPID LIZARD!|Kyogre-Primal, shiny\n|-primal|p2a: STUPID LIZARD!|Blue Orb\n|-weather|PrimordialSea|[from] ability: Primordial Sea|[of] p2a: STUPID LIZARD!\n|turn|14\n|\n|t:|1698502930\n|move|p1a: Dialga|Earth Power|p2a: STUPID LIZARD!\n|-damage|p2a: STUPID LIZARD!|49\/100 psn\n|-unboost|p2a: STUPID LIZARD!|spd|1\n|move|p2a: STUPID LIZARD!|Ice Beam|p1a: Dialga\n|-supereffective|p1a: Dialga\n|-damage|p1a: Dialga|0 fnt\n|faint|p1a: Dialga\n|\n|-weather|PrimordialSea|[upkeep]\n|-damage|p2a: STUPID LIZARD!|36\/100 psn|[from] psn\n|upkeep\n|\n|t:|1698502942\n|switch|p1a: Pheromosa|Pheromosa, shiny|100\/100\n|turn|15\n|\n|t:|1698502945\n|move|p1a: Pheromosa|Bug Buzz|p2a: STUPID LIZARD!\n|-damage|p2a: STUPID LIZARD!|0 fnt\n|faint|p2a: STUPID LIZARD!\n|-weather|none\n|-ability|p1a: Pheromosa|Beast Boost|boost\n|-boost|p1a: Pheromosa|spa|1\n|\n|upkeep\n|\n|t:|1698502956\n|switch|p2a: Horny|Lucario, F|100\/100\n|-damage|p2a: Horny|98\/100|[from] Stealth Rock\n|turn|16\n|\n|t:|1698502966\n|detailschange|p2a: Horny|Lucario-Mega, F\n|-mega|p2a: Horny|Lucario|Lucarionite\n|move|p1a: Pheromosa|Close Combat|p2a: Horny\n|-supereffective|p2a: Horny\n|-damage|p2a: Horny|0 fnt\n|-unboost|p1a: Pheromosa|def|1\n|-unboost|p1a: Pheromosa|spd|1\n|faint|p2a: Horny\n|-ability|p1a: Pheromosa|Beast Boost|boost\n|-boost|p1a: Pheromosa|spa|1\n|\n|upkeep\n|-message|kimmaksim forfeited.\n|\n|win|JustMonika_CARR\n|raw|JustMonika_CARR's rating: 1384 &rarr; <strong>1398<\/strong><br \/>(+14 for winning)\n|raw|kimmaksim's rating: 1275 &rarr; <strong>1258<\/strong><br \/>(-17 for losing)\n|l|\u2606kimmaksim\n","uploadtime":1698502983,"views":7,"p1id":"justmonikacarr","p2id":"kimmaksim","formatid":"gen9nationaldexubers","rating":1258,"private":0,"password":""}