{"id":"gen9nationaldexubers-1990231338","p1":"Maxbcc","p2":"TIKIMAN_Yo","format":"[Gen 9] National Dex Ubers","log":"|j|\u2606Maxbcc\n|j|\u2606TIKIMAN_Yo\n|t:|1699941240\n|gametype|singles\n|player|p1|Maxbcc|1|1199\n|player|p2|TIKIMAN_Yo|2|1217\n|teamsize|p1|6\n|teamsize|p2|6\n|gen|9\n|tier|[Gen 9] National Dex Ubers\n|rated|\n|rule|HP Percentage Mod: HP is shown in percentages\n|rule|Endless Battle Clause: Forcing endless battles is banned\n|rule|OHKO Clause: OHKO moves are banned\n|rule|Evasion Moves Clause: Evasion moves are banned\n|rule|Evasion Items Clause: Evasion items are banned\n|rule|Species Clause: Limit one of each Pok\u00e9mon\n|rule|Sleep Clause Mod: Limit one foe put to sleep\n|rule|Mega Rayquaza Clause: You cannot mega evolve Rayquaza\n|clearpoke\n|poke|p1|Marshadow|\n|poke|p1|Xerneas-*|\n|poke|p1|Greninja-*, M|\n|poke|p1|Groudon|\n|poke|p1|Shuckle, F|\n|poke|p1|Metagross|\n|poke|p2|Dragonite, F|\n|poke|p2|Giratina|\n|poke|p2|Salamence, F|\n|poke|p2|Arceus-Fairy|\n|poke|p2|Solgaleo|\n|poke|p2|Xerneas-*|\n|teampreview\n|inactive|Battle timer is ON: inactive players will automatically lose when time's up. (requested by Maxbcc)\n|\n|t:|1699941243\n|start\n|switch|p1a: Shuckle|Shuckle, F|100\/100\n|switch|p2a: Solgaleo|Solgaleo, shiny|100\/100\n|turn|1\n|\n|t:|1699941251\n|move|p2a: Solgaleo|Sunsteel Strike|p1a: Shuckle\n|-supereffective|p1a: Shuckle\n|-damage|p1a: Shuckle|41\/100\n|move|p1a: Shuckle|Power Split|p2a: Solgaleo\n|-activate|p1a: Shuckle|move: Power Split|[of] p2a: Solgaleo\n|\n|-heal|p1a: Shuckle|47\/100|[from] item: Leftovers\n|upkeep\n|turn|2\n|\n|t:|1699941255\n|move|p2a: Solgaleo|Sunsteel Strike|p1a: Shuckle\n|-supereffective|p1a: Shuckle\n|-damage|p1a: Shuckle|10\/100\n|move|p1a: Shuckle|Stealth Rock|p2a: Solgaleo\n|-sidestart|p2: TIKIMAN_Yo|move: Stealth Rock\n|\n|-heal|p1a: Shuckle|16\/100|[from] item: Leftovers\n|upkeep\n|turn|3\n|\n|t:|1699941263\n|move|p2a: Solgaleo|Sunsteel Strike|p1a: Shuckle\n|-supereffective|p1a: Shuckle\n|-damage|p1a: Shuckle|0 fnt\n|faint|p1a: Shuckle\n|\n|upkeep\n|\n|t:|1699941266\n|switch|p1a: Groudon|Groudon|100\/100\n|detailschange|p1a: Groudon|Groudon-Primal\n|-primal|p1a: Groudon|Red Orb\n|-weather|DesolateLand|[from] ability: Desolate Land|[of] p1a: Groudon\n|turn|4\n|\n|t:|1699941268\n|move|p1a: Groudon|Rock Polish|p1a: Groudon\n|-boost|p1a: Groudon|spe|2\n|move|p2a: Solgaleo|Future Sight|p1a: Groudon\n|-start|p2a: Solgaleo|move: Future Sight\n|\n|-weather|DesolateLand|[upkeep]\n|upkeep\n|turn|5\n|\n|t:|1699941274\n|move|p1a: Groudon|Earthquake|p2a: Solgaleo\n|-supereffective|p2a: Solgaleo\n|-damage|p2a: Solgaleo|34\/100\n|move|p2a: Solgaleo|Sunsteel Strike|p1a: Groudon\n|-resisted|p1a: Groudon\n|-crit|p1a: Groudon\n|-damage|p1a: Groudon|86\/100\n|\n|-weather|DesolateLand|[upkeep]\n|-heal|p2a: Solgaleo|40\/100|[from] item: Leftovers\n|upkeep\n|turn|6\n|\n|t:|1699941282\n|move|p1a: Groudon|Earthquake|p2a: Solgaleo\n|-supereffective|p2a: Solgaleo\n|-damage|p2a: Solgaleo|0 fnt\n|faint|p2a: Solgaleo\n|\n|-weather|DesolateLand|[upkeep]\n|-end|p1a: Groudon|move: Future Sight\n|-damage|p1a: Groudon|40\/100\n|upkeep\n|\n|t:|1699941290\n|switch|p2a: Arceus|Arceus-Fairy|100\/100\n|-damage|p2a: Arceus|88\/100|[from] Stealth Rock\n|turn|7\n|\n|t:|1699941302\n|move|p1a: Groudon|Earthquake|p2a: Arceus\n|-damage|p2a: Arceus|40\/100\n|move|p2a: Arceus|Iron Defense|p2a: Arceus\n|-boost|p2a: Arceus|def|2\n|\n|-weather|DesolateLand|[upkeep]\n|upkeep\n|turn|8\n|\n|t:|1699941325\n|move|p1a: Groudon|Earthquake|p2a: Arceus\n|-damage|p2a: Arceus|14\/100\n|move|p2a: Arceus|Recover|p2a: Arceus\n|-heal|p2a: Arceus|64\/100\n|\n|-weather|DesolateLand|[upkeep]\n|upkeep\n|turn|9\n|\n|t:|1699941327\n|move|p1a: Groudon|Earthquake|p2a: Arceus\n|-damage|p2a: Arceus|41\/100\n|move|p2a: Arceus|Recover|p2a: Arceus\n|-heal|p2a: Arceus|91\/100\n|\n|-weather|DesolateLand|[upkeep]\n|upkeep\n|turn|10\n|\n|t:|1699941335\n|move|p1a: Groudon|Fire Punch|p2a: Arceus\n|-damage|p2a: Arceus|64\/100\n|move|p2a: Arceus|Judgment|p1a: Groudon\n|-resisted|p1a: Groudon\n|-damage|p1a: Groudon|13\/100\n|\n|-weather|DesolateLand|[upkeep]\n|upkeep\n|turn|11\n|\n|t:|1699941342\n|move|p1a: Groudon|Fire Punch|p2a: Arceus\n|-damage|p2a: Arceus|37\/100\n|move|p2a: Arceus|Judgment|p1a: Groudon\n|-resisted|p1a: Groudon\n|-damage|p1a: Groudon|0 fnt\n|faint|p1a: Groudon\n|-weather|none\n|\n|upkeep\n|\n|t:|1699941350\n|switch|p1a: Marshadow|Marshadow|100\/100\n|turn|12\n|\n|t:|1699941358\n|move|p1a: Marshadow|Spectral Thief||[still]\n|-clearpositiveboost|p2a: Arceus|p1a: Marshadow|move: Spectral Thief\n|-boost|p1a: Marshadow|def|2\n|-anim|p1a: Marshadow|Spectral Thief|p2a: Arceus\n|-damage|p2a: Arceus|5\/100\n|move|p2a: Arceus|Judgment|p1a: Marshadow\n|-supereffective|p1a: Marshadow\n|-enditem|p1a: Marshadow|Focus Sash\n|-damage|p1a: Marshadow|1\/100\n|\n|upkeep\n|turn|13\n|\n|t:|1699941367\n|move|p1a: Marshadow|Iron Head|p2a: Arceus\n|-supereffective|p2a: Arceus\n|-crit|p2a: Arceus\n|-damage|p2a: Arceus|0 fnt\n|faint|p2a: Arceus\n|\n|upkeep\n|\n|t:|1699941370\n|switch|p2a: Giratina|Giratina, shiny|100\/100\n|-ability|p2a: Giratina|Pressure\n|turn|14\n|\n|t:|1699941385\n|-terastallize|p2a: Giratina|Normal\n|move|p1a: Marshadow|Spectral Thief|p2a: Giratina\n|-immune|p2a: Giratina\n|move|p2a: Giratina|Hex|p1a: Marshadow\n|-supereffective|p1a: Marshadow\n|-damage|p1a: Marshadow|0 fnt\n|faint|p1a: Marshadow\n|\n|upkeep\n|\n|t:|1699941392\n|switch|p1a: Xerneas|Xerneas, shiny|100\/100\n|-ability|p1a: Xerneas|Fairy Aura\n|turn|15\n|\n|t:|1699941397\n|move|p1a: Xerneas|Geomancy||[still]\n|-prepare|p1a: Xerneas|Geomancy\n|-enditem|p1a: Xerneas|Power Herb\n|-anim|p1a: Xerneas|Geomancy|p1a: Xerneas\n|-boost|p1a: Xerneas|spa|2\n|-boost|p1a: Xerneas|spd|2\n|-boost|p1a: Xerneas|spe|2\n|move|p2a: Giratina|Toxic|p1a: Xerneas\n|-status|p1a: Xerneas|tox\n|\n|-damage|p1a: Xerneas|94\/100 tox|[from] psn\n|upkeep\n|turn|16\n|\n|t:|1699941406\n|move|p1a: Xerneas|Focus Blast|p2a: Giratina\n|-supereffective|p2a: Giratina\n|-damage|p2a: Giratina|24\/100\n|move|p2a: Giratina|Defog|p1a: Xerneas\n|-unboost|p1a: Xerneas|evasion|1\n|-sideend|p2: TIKIMAN_Yo|Stealth Rock|[from] move: Defog|[of] p2a: Giratina\n|\n|-damage|p1a: Xerneas|82\/100 tox|[from] psn\n|upkeep\n|turn|17\n|\n|t:|1699941410\n|move|p1a: Xerneas|Moonblast|p2a: Giratina\n|-damage|p2a: Giratina|0 fnt\n|faint|p2a: Giratina\n|\n|-damage|p1a: Xerneas|64\/100 tox|[from] psn\n|upkeep\n|\n|t:|1699941416\n|switch|p2a: Xerneas|Xerneas|100\/100\n|-ability|p2a: Xerneas|Fairy Aura\n|turn|18\n|\n|t:|1699941419\n|-terastallize|p1a: Xerneas|Fairy\n|move|p1a: Xerneas|Moonblast|p2a: Xerneas\n|-damage|p2a: Xerneas|0 fnt\n|faint|p2a: Xerneas\n|\n|-damage|p1a: Xerneas|39\/100 tox|[from] psn\n|upkeep\n|\n|t:|1699941427\n|switch|p2a: Dragonite|Dragonite, F, shiny|100\/100\n|turn|19\n|\n|t:|1699941438\n|move|p1a: Xerneas|Moonblast|p2a: Dragonite\n|-supereffective|p2a: Dragonite\n|-damage|p2a: Dragonite|0 fnt\n|faint|p2a: Dragonite\n|\n|-damage|p1a: Xerneas|9\/100 tox|[from] psn\n|upkeep\n|\n|t:|1699941442\n|switch|p2a: Salamence|Salamence, F|100\/100\n|-ability|p2a: Salamence|Intimidate|boost\n|-unboost|p1a: Xerneas|atk|1\n|turn|20\n|\n|t:|1699941449\n|detailschange|p2a: Salamence|Salamence-Mega, F\n|-mega|p2a: Salamence|Salamence|Salamencite\n|move|p1a: Xerneas|Moonblast|p2a: Salamence\n|-supereffective|p2a: Salamence\n|-crit|p2a: Salamence\n|-damage|p2a: Salamence|0 fnt\n|faint|p2a: Salamence\n|\n|win|Maxbcc\n|raw|Maxbcc's rating: 1199 &rarr; <strong>1225<\/strong><br \/>(+26 for winning)\n|raw|TIKIMAN_Yo's rating: 1217 &rarr; <strong>1191<\/strong><br \/>(-26 for losing)\n|l|\u2606TIKIMAN_Yo\n","uploadtime":1699941514,"views":8,"p1id":"maxbcc","p2id":"tikimanyo","formatid":"gen9nationaldexubers","rating":1191,"private":0,"password":""}