{"id":"gen9nationaldexubers-1986958930","p1":"loch2009","p2":"Rafa_LS444","format":"[Gen 9] National Dex Ubers","log":"|j|\u2606loch2009\n|j|\u2606Rafa_LS444\n|t:|1699544493\n|gametype|singles\n|player|p1|loch2009|lance|1139\n|player|p2|Rafa_LS444|palmer|1263\n|teamsize|p1|6\n|teamsize|p2|6\n|gen|9\n|tier|[Gen 9] National Dex Ubers\n|rated|\n|rule|HP Percentage Mod: HP is shown in percentages\n|rule|Endless Battle Clause: Forcing endless battles is banned\n|rule|OHKO Clause: OHKO moves are banned\n|rule|Evasion Moves Clause: Evasion moves are banned\n|rule|Evasion Items Clause: Evasion items are banned\n|rule|Species Clause: Limit one of each Pok\u00e9mon\n|rule|Sleep Clause Mod: Limit one foe put to sleep\n|rule|Mega Rayquaza Clause: You cannot mega evolve Rayquaza\n|clearpoke\n|poke|p1|Melmetal|\n|poke|p1|Porygon2|\n|poke|p1|Dusclops, F|\n|poke|p1|Ampharos, M|\n|poke|p1|Cofagrigus, F|\n|poke|p1|Ursaluna-Bloodmoon, M|\n|poke|p2|Swampert, M|\n|poke|p2|Garchomp, M|\n|poke|p2|Metagross|\n|poke|p2|Kingambit, M|\n|poke|p2|Infernape, M|\n|poke|p2|Gallade, M|\n|teampreview\n|\n|t:|1699544497\n|start\n|switch|p1a: Porygon2|Porygon2|100\/100\n|switch|p2a: Garchomp|Garchomp, M|100\/100\n|-ability|p1a: Porygon2|Rough Skin|[from] ability: Trace|[of] p2a: Garchomp\n|turn|1\n|inactive|Battle timer is ON: inactive players will automatically lose when time's up. (requested by Rafa_LS444)\n|\n|t:|1699544502\n|move|p2a: Garchomp|Earthquake|p1a: Porygon2\n|-damage|p1a: Porygon2|69\/100\n|move|p1a: Porygon2|Trick Room|p1a: Porygon2\n|-fieldstart|move: Trick Room|[of] p1a: Porygon2\n|\n|upkeep\n|turn|2\n|\n|t:|1699544505\n|move|p1a: Porygon2|Ice Beam|p2a: Garchomp\n|-supereffective|p2a: Garchomp\n|-damage|p2a: Garchomp|0 fnt\n|faint|p2a: Garchomp\n|\n|upkeep\n|\n|t:|1699544509\n|switch|p2a: Infernape|Infernape, M|100\/100\n|turn|3\n|\n|t:|1699544512\n|move|p2a: Infernape|Close Combat|p1a: Porygon2\n|-supereffective|p1a: Porygon2\n|-damage|p1a: Porygon2|0 fnt\n|-unboost|p2a: Infernape|def|1\n|-unboost|p2a: Infernape|spd|1\n|-damage|p2a: Infernape|88\/100|[from] ability: Rough Skin|[of] p1a: Porygon2\n|faint|p1a: Porygon2\n|-damage|p2a: Infernape|78\/100|[from] item: Life Orb\n|\n|upkeep\n|\n|t:|1699544525\n|switch|p1a: Melmetal|Melmetal|100\/100\n|turn|4\n|\n|t:|1699544530\n|move|p1a: Melmetal|Earthquake|p2a: Infernape\n|-supereffective|p2a: Infernape\n|-damage|p2a: Infernape|0 fnt\n|faint|p2a: Infernape\n|\n|upkeep\n|\n|t:|1699544537\n|switch|p2a: Gallade|Gallade, M, shiny|100\/100\n|turn|5\n|\n|t:|1699544541\n|detailschange|p2a: Gallade|Gallade-Mega, M, shiny\n|-mega|p2a: Gallade|Gallade|Galladite\n|move|p1a: Melmetal|Double Iron Bash|p2a: Gallade\n|-damage|p2a: Gallade|46\/100\n|-crit|p2a: Gallade\n|-damage|p2a: Gallade|0 fnt\n|faint|p2a: Gallade\n|-hitcount|p2: Gallade|2\n|\n|-fieldend|move: Trick Room\n|upkeep\n|\n|t:|1699544546\n|switch|p2a: Swampert|Swampert, M|100\/100\n|turn|6\n|\n|t:|1699544562\n|move|p2a: Swampert|Earthquake|p1a: Melmetal\n|-supereffective|p1a: Melmetal\n|-damage|p1a: Melmetal|42\/100\n|move|p1a: Melmetal|Double Iron Bash|p2a: Swampert\n|-resisted|p2a: Swampert\n|-damage|p2a: Swampert|79\/100\n|-resisted|p2a: Swampert\n|-damage|p2a: Swampert|59\/100\n|-hitcount|p2a: Swampert|2\n|\n|upkeep\n|turn|7\n|\n|t:|1699544568\n|move|p2a: Swampert|Earthquake|p1a: Melmetal\n|-supereffective|p1a: Melmetal\n|-damage|p1a: Melmetal|0 fnt\n|faint|p1a: Melmetal\n|\n|upkeep\n|\n|t:|1699544575\n|switch|p1a: Ursaluna|Ursaluna-Bloodmoon, M|100\/100\n|turn|8\n|\n|t:|1699544581\n|move|p2a: Swampert|Liquidation|p1a: Ursaluna\n|-supereffective|p1a: Ursaluna\n|-damage|p1a: Ursaluna|45\/100\n|move|p1a: Ursaluna|Blood Moon|p2a: Swampert\n|-damage|p2a: Swampert|0 fnt\n|faint|p2a: Swampert\n|\n|upkeep\n|\n|t:|1699544585\n|switch|p2a: Metagross|Metagross|100\/100\n|-item|p2a: Metagross|Air Balloon\n|turn|9\n|\n|t:|1699544590\n|move|p2a: Metagross|Ice Punch|p1a: Ursaluna\n|-supereffective|p1a: Ursaluna\n|-damage|p1a: Ursaluna|1\/100\n|move|p1a: Ursaluna|Hyper Voice|p2a: Metagross\n|-resisted|p2a: Metagross\n|-damage|p2a: Metagross|72\/100\n|-enditem|p2a: Metagross|Air Balloon\n|\n|upkeep\n|turn|10\n|\n|t:|1699544595\n|move|p2a: Metagross|Bullet Punch|p1a: Ursaluna\n|-damage|p1a: Ursaluna|0 fnt\n|faint|p1a: Ursaluna\n|\n|upkeep\n|\n|t:|1699544599\n|switch|p1a: Cofagrigus|Cofagrigus, F|100\/100\n|turn|11\n|\n|t:|1699544603\n|move|p2a: Metagross|Zen Headbutt|p1a: Cofagrigus\n|-damage|p1a: Cofagrigus|66\/100\n|-activate|p1a: Cofagrigus|ability: Mummy|Clear Body|[of] p2a: Metagross\n|move|p1a: Cofagrigus|Will-O-Wisp|p2a: Metagross\n|-status|p2a: Metagross|brn\n|\n|-heal|p1a: Cofagrigus|72\/100|[from] item: Leftovers\n|-damage|p2a: Metagross|66\/100 brn|[from] brn\n|upkeep\n|turn|12\n|\n|t:|1699544608\n|move|p2a: Metagross|Zen Headbutt|p1a: Cofagrigus\n|-damage|p1a: Cofagrigus|55\/100\n|move|p1a: Cofagrigus|Hex|p2a: Metagross\n|-supereffective|p2a: Metagross\n|-damage|p2a: Metagross|0 fnt\n|faint|p2a: Metagross\n|\n|-heal|p1a: Cofagrigus|61\/100|[from] item: Leftovers\n|upkeep\n|\n|t:|1699544611\n|switch|p2a: Kingambit|Kingambit, M|100\/100\n|-activate|p2a: Kingambit|ability: Supreme Overlord\n|-start|p2a: Kingambit|fallen5|[silent]\n|turn|13\n|\n|t:|1699544618\n|move|p2a: Kingambit|Shadow Claw|p1a: Cofagrigus\n|-supereffective|p1a: Cofagrigus\n|-damage|p1a: Cofagrigus|0 fnt\n|-end|p2a: Kingambit|fallen5|[silent]\n|-activate|p1a: Cofagrigus|ability: Mummy|Supreme Overlord|[of] p2a: Kingambit\n|faint|p1a: Cofagrigus\n|\n|upkeep\n|\n|t:|1699544625\n|switch|p1a: Dusclops|Dusclops, F|100\/100\n|-item|p2a: Kingambit|Focus Sash|[from] ability: Frisk|[of] p1a: Dusclops|[identify]\n|turn|14\n|\n|t:|1699544627\n|move|p2a: Kingambit|Shadow Claw|p1a: Dusclops\n|-supereffective|p1a: Dusclops\n|-damage|p1a: Dusclops|67\/100\n|move|p1a: Dusclops|Will-O-Wisp|p2a: Kingambit\n|-status|p2a: Kingambit|brn\n|\n|-damage|p2a: Kingambit|94\/100 brn|[from] brn\n|upkeep\n|turn|15\n|\n|t:|1699544631\n|move|p2a: Kingambit|Iron Head|p1a: Dusclops\n|-damage|p1a: Dusclops|54\/100\n|cant|p1a: Dusclops|flinch\n|\n|-damage|p2a: Kingambit|88\/100 brn|[from] brn\n|upkeep\n|turn|16\n|\n|t:|1699544636\n|move|p2a: Kingambit|Iron Head|p1a: Dusclops\n|-damage|p1a: Dusclops|40\/100\n|move|p1a: Dusclops|Night Shade|p2a: Kingambit\n|-damage|p2a: Kingambit|63\/100 brn\n|\n|-damage|p2a: Kingambit|57\/100 brn|[from] brn\n|upkeep\n|turn|17\n|\n|t:|1699544640\n|move|p2a: Kingambit|Iron Head|p1a: Dusclops\n|-damage|p1a: Dusclops|27\/100\n|move|p1a: Dusclops|Night Shade|p2a: Kingambit\n|-damage|p2a: Kingambit|32\/100 brn\n|\n|-damage|p2a: Kingambit|26\/100 brn|[from] brn\n|upkeep\n|turn|18\n|\n|t:|1699544642\n|move|p2a: Kingambit|Shadow Claw|p1a: Dusclops\n|-supereffective|p1a: Dusclops\n|-damage|p1a: Dusclops|12\/100\n|move|p1a: Dusclops|Night Shade|p2a: Kingambit\n|-damage|p2a: Kingambit|1\/100 brn\n|\n|-damage|p2a: Kingambit|0 fnt|[from] brn\n|faint|p2a: Kingambit\n|\n|win|loch2009\n|upkeep\n|raw|loch2009's rating: 1139 &rarr; <strong>1173<\/strong><br \/>(+34 for winning)\n|raw|Rafa_LS444's rating: 1263 &rarr; <strong>1229<\/strong><br \/>(-34 for losing)\n|c|\u2606loch2009|gg\n|l|\u2606Rafa_LS444\n","uploadtime":1699544651,"views":17,"p1id":"loch2009","p2id":"rafals444","formatid":"gen9nationaldexubers","rating":1173,"private":0,"password":""}