{"id":"gen9nationaldexubers-1982811838","p1":"BidoofDaLegend","p2":"CrazyCynic","format":"[Gen 9] National Dex Ubers","log":"|j|\u2606BidoofDaLegend\n|j|\u2606CrazyCynic\n|t:|1699047254\n|gametype|singles\n|player|p1|BidoofDaLegend|gambler|1319\n|player|p2|CrazyCynic|palmer|1243\n|teamsize|p1|6\n|teamsize|p2|6\n|gen|9\n|tier|[Gen 9] National Dex Ubers\n|rated|\n|rule|HP Percentage Mod: HP is shown in percentages\n|rule|Endless Battle Clause: Forcing endless battles is banned\n|rule|OHKO Clause: OHKO moves are banned\n|rule|Evasion Moves Clause: Evasion moves are banned\n|rule|Evasion Items Clause: Evasion items are banned\n|rule|Species Clause: Limit one of each Pok\u00e9mon\n|rule|Sleep Clause Mod: Limit one foe put to sleep\n|rule|Mega Rayquaza Clause: You cannot mega evolve Rayquaza\n|clearpoke\n|poke|p1|Groudon|\n|poke|p1|Shaymin-Sky|\n|poke|p1|Pheromosa|\n|poke|p1|Ferrothorn, F|\n|poke|p1|Zoroark-Hisui, F|\n|poke|p1|Regieleki|\n|poke|p2|Uxie|\n|poke|p2|Mesprit|\n|poke|p2|Azelf|\n|poke|p2|Dialga|\n|poke|p2|Palkia|\n|poke|p2|Giratina-Origin|\n|teampreview\n|inactive|Battle timer is ON: inactive players will automatically lose when time's up. (requested by CrazyCynic)\n|\n|t:|1699047273\n|start\n|switch|p1a: Pheromosa|Pheromosa|100\/100\n|switch|p2a: Mesprit|Mesprit|100\/100\n|turn|1\n|\n|t:|1699047288\n|move|p1a: Pheromosa|Will-O-Wisp|p2a: Mesprit\n|-status|p2a: Mesprit|brn\n|move|p2a: Mesprit|Stealth Rock|p1a: Pheromosa\n|-sidestart|p1: BidoofDaLegend|move: Stealth Rock\n|\n|-damage|p2a: Mesprit|94\/100 brn|[from] brn\n|upkeep\n|turn|2\n|\n|t:|1699047299\n|move|p1a: Pheromosa|Bitter Malice|p2a: Mesprit\n|-supereffective|p2a: Mesprit\n|-damage|p2a: Mesprit|48\/100 brn\n|-unboost|p2a: Mesprit|atk|1\n|move|p2a: Mesprit|Mystical Power|p1a: Pheromosa\n|-damage|p1a: Pheromosa|43\/100\n|-boost|p2a: Mesprit|spa|1\n|replace|p1a: Zoroark|Zoroark-Hisui, F\n|-end|p1a: Zoroark|Illusion\n|\n|-damage|p2a: Mesprit|42\/100 brn|[from] brn\n|upkeep\n|turn|3\n|\n|t:|1699047316\n|move|p1a: Zoroark|Bitter Malice|p2a: Mesprit\n|-supereffective|p2a: Mesprit\n|-damage|p2a: Mesprit|0 fnt\n|faint|p2a: Mesprit\n|\n|upkeep\n|inactive|CrazyCynic has 120 seconds left.\n|\n|t:|1699047342\n|switch|p2a: Uxie|Uxie|100\/100\n|turn|4\n|\n|t:|1699047355\n|-terastallize|p2a: Uxie|Poison\n|move|p1a: Zoroark|Curse|p2a: Uxie\n|-start|p2a: Uxie|Curse|[of] p1a: Zoroark\n|-damage|p1a: Zoroark|0 fnt\n|faint|p1a: Zoroark\n|move|p2a: Uxie|Mystical Power|p1: Zoroark|[notarget]\n|-fail|p2a: Uxie\n|\n|-damage|p2a: Uxie|76\/100|[from] Curse\n|upkeep\n|\n|t:|1699047367\n|switch|p1a: Regieleki|Regieleki|100\/100\n|turn|5\n|\n|t:|1699047371\n|switch|p2a: Dialga|Dialga|100\/100\n|-ability|p2a: Dialga|Pressure\n|move|p1a: Regieleki|Rapid Spin|p2a: Dialga\n|-resisted|p2a: Dialga\n|-crit|p2a: Dialga\n|-damage|p2a: Dialga|95\/100\n|-boost|p1a: Regieleki|spe|1\n|-sideend|p1: BidoofDaLegend|Stealth Rock|[from] move: Rapid Spin|[of] p1a: Regieleki\n|\n|upkeep\n|turn|6\n|inactive|CrazyCynic has 120 seconds left.\n|\n|t:|1699047390\n|move|p1a: Regieleki|Light Screen|p1a: Regieleki\n|-sidestart|p1: BidoofDaLegend|move: Light Screen\n|move|p2a: Dialga|Draco Meteor|p1a: Regieleki\n|-damage|p1a: Regieleki|12\/100\n|-unboost|p2a: Dialga|spa|2\n|\n|upkeep\n|turn|7\n|\n|t:|1699047398\n|move|p1a: Regieleki|Volt Switch|p2a: Dialga\n|-resisted|p2a: Dialga\n|-damage|p2a: Dialga|76\/100\n|\n|t:|1699047404\n|switch|p1a: Pheromosa|Pheromosa|100\/100|[from] Volt Switch\n|move|p2a: Dialga|Earth Power|p1a: Pheromosa\n|-resisted|p1a: Pheromosa\n|-damage|p1a: Pheromosa|88\/100\n|\n|upkeep\n|turn|8\n|\n|t:|1699047415\n|switch|p2a: Giratina|Giratina-Origin, shiny|100\/100\n|move|p1a: Pheromosa|High Jump Kick|p2a: Giratina\n|-immune|p2a: Giratina\n|-damage|p1a: Pheromosa|38\/100|[from] highjumpkick\n|\n|upkeep\n|turn|9\n|\n|t:|1699047425\n|move|p2a: Giratina|Shadow Sneak|p1a: Pheromosa\n|-damage|p1a: Pheromosa|0 fnt\n|faint|p1a: Pheromosa\n|\n|upkeep\n|\n|t:|1699047437\n|switch|p1a: Ferrothorn|Ferrothorn, F|100\/100\n|turn|10\n|\n|t:|1699047455\n|switch|p2a: Dialga|Dialga|76\/100\n|-ability|p2a: Dialga|Pressure\n|move|p1a: Ferrothorn|Thunder Wave|p2a: Dialga\n|-status|p2a: Dialga|par\n|\n|-sideend|p1: BidoofDaLegend|move: Light Screen\n|upkeep\n|turn|11\n|\n|t:|1699047464\n|move|p2a: Dialga|Aura Sphere|p1a: Ferrothorn\n|-supereffective|p1a: Ferrothorn\n|-damage|p1a: Ferrothorn|48\/100\n|move|p1a: Ferrothorn|Leech Seed|p2a: Dialga|[miss]\n|-miss|p1a: Ferrothorn|p2a: Dialga\n|\n|-heal|p1a: Ferrothorn|54\/100|[from] item: Leftovers\n|upkeep\n|turn|12\n|\n|t:|1699047473\n|cant|p2a: Dialga|par\n|move|p1a: Ferrothorn|Leech Seed|p2a: Dialga\n|-start|p2a: Dialga|move: Leech Seed\n|\n|-heal|p1a: Ferrothorn|60\/100|[from] item: Leftovers\n|-damage|p2a: Dialga|63\/100 par|[from] Leech Seed|[of] p1a: Ferrothorn\n|-heal|p1a: Ferrothorn|78\/100|[silent]\n|upkeep\n|turn|13\n|\n|t:|1699047481\n|move|p2a: Dialga|Aura Sphere|p1a: Ferrothorn\n|-supereffective|p1a: Ferrothorn\n|-damage|p1a: Ferrothorn|18\/100\n|move|p1a: Ferrothorn|Spikes|p2a: Dialga\n|-sidestart|p2: CrazyCynic|Spikes\n|\n|-heal|p1a: Ferrothorn|24\/100|[from] item: Leftovers\n|-damage|p2a: Dialga|51\/100 par|[from] Leech Seed|[of] p1a: Ferrothorn\n|-heal|p1a: Ferrothorn|42\/100|[silent]\n|upkeep\n|turn|14\n|\n|t:|1699047497\n|switch|p1a: Groudon|Groudon|100\/100\n|detailschange|p1a: Groudon|Groudon-Primal\n|-primal|p1a: Groudon|Red Orb\n|-weather|DesolateLand|[from] ability: Desolate Land|[of] p1a: Groudon\n|move|p2a: Dialga|Aura Sphere|p1a: Groudon\n|-damage|p1a: Groudon|64\/100\n|\n|-weather|DesolateLand|[upkeep]\n|-damage|p2a: Dialga|39\/100 par|[from] Leech Seed|[of] p1a: Groudon\n|-heal|p1a: Groudon|78\/100|[silent]\n|upkeep\n|turn|15\n|\n|t:|1699047513\n|move|p1a: Groudon|Stealth Rock|p2a: Dialga\n|-sidestart|p2: CrazyCynic|move: Stealth Rock\n|move|p2a: Dialga|Earth Power|p1a: Groudon\n|-supereffective|p1a: Groudon\n|-damage|p1a: Groudon|2\/100\n|-unboost|p1a: Groudon|spd|1\n|\n|-weather|DesolateLand|[upkeep]\n|-damage|p2a: Dialga|26\/100 par|[from] Leech Seed|[of] p1a: Groudon\n|-heal|p1a: Groudon|15\/100|[silent]\n|upkeep\n|turn|16\n|\n|t:|1699047524\n|move|p1a: Groudon|Fire Punch|p2a: Dialga\n|-damage|p2a: Dialga|0 fnt\n|faint|p2a: Dialga\n|\n|-weather|DesolateLand|[upkeep]\n|upkeep\n|\n|t:|1699047530\n|switch|p2a: Uxie|Uxie, tera:Poison|76\/100\n|-damage|p2a: Uxie|63\/100|[from] Stealth Rock\n|turn|17\n|\n|t:|1699047540\n|move|p2a: Uxie|Mystical Power|p1a: Groudon\n|-damage|p1a: Groudon|0 fnt\n|-boost|p2a: Uxie|spa|1\n|faint|p1a: Groudon\n|-weather|none\n|\n|upkeep\n|\n|t:|1699047549\n|switch|p1a: Shaymin|Shaymin-Sky|100\/100\n|turn|18\n|\n|t:|1699047559\n|move|p1a: Shaymin|Air Slash|p2a: Uxie\n|-damage|p2a: Uxie|44\/100\n|cant|p2a: Uxie|flinch\n|\n|upkeep\n|turn|19\n|\n|t:|1699047565\n|move|p1a: Shaymin|Air Slash|p2a: Uxie\n|-damage|p2a: Uxie|24\/100\n|cant|p2a: Uxie|flinch\n|\n|upkeep\n|turn|20\n|\n|t:|1699047570\n|move|p1a: Shaymin|Air Slash|p2a: Uxie\n|-damage|p2a: Uxie|4\/100\n|cant|p2a: Uxie|flinch\n|\n|upkeep\n|turn|21\n|\n|t:|1699047575\n|move|p1a: Shaymin|Air Slash|p2a: Uxie|[miss]\n|-miss|p1a: Shaymin|p2a: Uxie\n|move|p2a: Uxie|Draining Kiss|p1a: Shaymin\n|-damage|p1a: Shaymin|74\/100\n|-heal|p2a: Uxie|23\/100|[from] drain|[of] p1a: Shaymin\n|\n|upkeep\n|turn|22\n|\n|t:|1699047584\n|move|p1a: Shaymin|Air Slash|p2a: Uxie\n|-damage|p2a: Uxie|5\/100\n|cant|p2a: Uxie|flinch\n|\n|upkeep\n|turn|23\n|\n|t:|1699047592\n|move|p1a: Shaymin|Air Slash|p2a: Uxie\n|-damage|p2a: Uxie|0 fnt\n|faint|p2a: Uxie\n|\n|upkeep\n|\n|t:|1699047602\n|switch|p2a: Giratina|Giratina-Origin, shiny|100\/100\n|-damage|p2a: Giratina|88\/100|[from] Stealth Rock\n|turn|24\n|\n|t:|1699047613\n|switch|p1a: Ferrothorn|Ferrothorn, F|42\/100\n|move|p2a: Giratina|Poltergeist|p1a: Ferrothorn\n|-activate|p1a: Ferrothorn|move: Poltergeist|Leftovers\n|-damage|p1a: Ferrothorn|0 fnt\n|faint|p1a: Ferrothorn\n|\n|upkeep\n|\n|t:|1699047623\n|switch|p1a: Shaymin|Shaymin-Sky|74\/100\n|turn|25\n|\n|t:|1699047627\n|move|p2a: Giratina|Shadow Sneak|p1a: Shaymin\n|-damage|p1a: Shaymin|43\/100\n|move|p1a: Shaymin|Air Slash|p2a: Giratina\n|-damage|p2a: Giratina|65\/100\n|\n|upkeep\n|turn|26\n|\n|t:|1699047633\n|move|p2a: Giratina|Shadow Sneak|p1a: Shaymin\n|-damage|p1a: Shaymin|8\/100\n|move|p1a: Shaymin|Air Slash|p2a: Giratina\n|-damage|p2a: Giratina|40\/100\n|\n|upkeep\n|turn|27\n|\n|t:|1699047640\n|move|p2a: Giratina|Shadow Sneak|p1a: Shaymin\n|-damage|p1a: Shaymin|0 fnt\n|faint|p1a: Shaymin\n|\n|upkeep\n|\n|t:|1699047644\n|switch|p1a: Regieleki|Regieleki|12\/100\n|turn|28\n|\n|t:|1699047648\n|-terastallize|p1a: Regieleki|Electric\n|move|p2a: Giratina|Shadow Sneak|p1a: Regieleki\n|-damage|p1a: Regieleki|0 fnt\n|faint|p1a: Regieleki\n|\n|win|CrazyCynic\n|raw|BidoofDaLegend's rating: 1319 &rarr; <strong>1295<\/strong><br \/>(-24 for losing)\n|raw|CrazyCynic's rating: 1243 &rarr; <strong>1273<\/strong><br \/>(+30 for winning)\n|l|\u2606BidoofDaLegend\n","uploadtime":1699047679,"views":7,"p1id":"bidoofdalegend","p2id":"crazycynic","formatid":"gen9nationaldexubers","rating":1273,"private":0,"password":""}