{"id":"gen9nationaldexubers-1987279570","p1":"straightoutta14BC","p2":"Hyjinks","format":"[Gen 9] National Dex Ubers","log":"|j|\u2606straightoutta14BC\n|j|\u2606Hyjinks\n|inactive|Battle timer is ON: inactive players will automatically lose when time's up.\n|t:|1699572548\n|gametype|singles\n|player|p1|straightoutta14BC|2|\n|player|p2|Hyjinks|proton|\n|teamsize|p1|6\n|teamsize|p2|6\n|gen|9\n|tier|[Gen 9] National Dex Ubers\n|rated|Tournament battle\n|rule|HP Percentage Mod: HP is shown in percentages\n|rule|Endless Battle Clause: Forcing endless battles is banned\n|rule|OHKO Clause: OHKO moves are banned\n|rule|Evasion Moves Clause: Evasion moves are banned\n|rule|Evasion Items Clause: Evasion items are banned\n|rule|Species Clause: Limit one of each Pok\u00e9mon\n|rule|Sleep Clause Mod: Limit one foe put to sleep\n|rule|Mega Rayquaza Clause: You cannot mega evolve Rayquaza\n|rule|Dynamax Clause: You cannot dynamax\n|rule|Terastal Clause: You cannot Terastallize\n|rule|Same Type Clause: Pok\u00e9mon in a team must share a type\n|clearpoke\n|poke|p1|Klinklang|\n|poke|p1|Bronzong|\n|poke|p1|Mawile, F|\n|poke|p1|Melmetal|\n|poke|p1|Stakataka|\n|poke|p1|Ferrothorn, F|\n|poke|p2|Xerneas-*|\n|poke|p2|Magearna-Original|\n|poke|p2|Flutter Mane|\n|poke|p2|Grimmsnarl, M|\n|poke|p2|Iron Valiant|\n|poke|p2|Tapu Fini|\n|teampreview\n|j|+FadedCharm\n|j| kirblaster\n|\n|t:|1699572573\n|start\n|switch|p1a: Shenzhou|Klinklang|100\/100\n|switch|p2a: Grimmsnarl|Grimmsnarl, M|100\/100\n|turn|1\n|\n|t:|1699572587\n|move|p2a: Grimmsnarl|Taunt|p1a: Shenzhou\n|-start|p1a: Shenzhou|move: Taunt\n|move|p1a: Shenzhou|Volt Switch|p2a: Grimmsnarl\n|-damage|p2a: Grimmsnarl|86\/100\n|\n|t:|1699572590\n|switch|p1a: Nova|Melmetal|100\/100|[from] Volt Switch\n|\n|upkeep\n|turn|2\n|\n|t:|1699572595\n|move|p2a: Grimmsnarl|Reflect|p2a: Grimmsnarl\n|-sidestart|p2: Hyjinks|Reflect\n|move|p1a: Nova|Double Iron Bash|p2a: Grimmsnarl\n|-supereffective|p2a: Grimmsnarl\n|-damage|p2a: Grimmsnarl|1\/100\n|-supereffective|p2a: Grimmsnarl\n|-damage|p2a: Grimmsnarl|0 fnt\n|faint|p2a: Grimmsnarl\n|-hitcount|p2: Grimmsnarl|2\n|\n|upkeep\n|\n|t:|1699572598\n|switch|p2a: Tapu Fini|Tapu Fini|100\/100\n|-fieldstart|move: Misty Terrain|[from] ability: Misty Surge|[of] p2a: Tapu Fini\n|turn|3\n|inactive|straightoutta14BC has 120 seconds left.\n|\n|t:|1699572631\n|move|p2a: Tapu Fini|Iron Defense|p2a: Tapu Fini\n|-boost|p2a: Tapu Fini|def|2\n|move|p1a: Nova|Double Iron Bash|p2a: Tapu Fini\n|-damage|p2a: Tapu Fini|90\/100\n|-damage|p2a: Tapu Fini|79\/100\n|-hitcount|p2a: Tapu Fini|2\n|\n|-heal|p2a: Tapu Fini|85\/100|[from] item: Leftovers\n|upkeep\n|turn|4\n|\n|t:|1699572639\n|switch|p1a: Venera|Ferrothorn, F|100\/100\n|move|p2a: Tapu Fini|Iron Defense|p2a: Tapu Fini\n|-boost|p2a: Tapu Fini|def|2\n|\n|-heal|p2a: Tapu Fini|91\/100|[from] item: Leftovers\n|upkeep\n|turn|5\n|\n|t:|1699572647\n|move|p2a: Tapu Fini|Calm Mind|p2a: Tapu Fini\n|-boost|p2a: Tapu Fini|spa|1\n|-boost|p2a: Tapu Fini|spd|1\n|move|p1a: Venera|Leech Seed|p2a: Tapu Fini\n|-start|p2a: Tapu Fini|move: Leech Seed\n|\n|-heal|p2a: Tapu Fini|97\/100|[from] item: Leftovers\n|-damage|p2a: Tapu Fini|85\/100|[from] Leech Seed|[of] p1a: Venera\n|upkeep\n|turn|6\n|\n|t:|1699572660\n|switch|p1a: Shenzhou|Klinklang|100\/100\n|move|p2a: Tapu Fini|Calm Mind|p2a: Tapu Fini\n|-boost|p2a: Tapu Fini|spa|1\n|-boost|p2a: Tapu Fini|spd|1\n|\n|-heal|p2a: Tapu Fini|91\/100|[from] item: Leftovers\n|-damage|p2a: Tapu Fini|78\/100|[from] Leech Seed|[of] p1a: Shenzhou\n|upkeep\n|turn|7\n|\n|t:|1699572665\n|switch|p1a: Venera|Ferrothorn, F|100\/100\n|move|p2a: Tapu Fini|Calm Mind|p2a: Tapu Fini\n|-boost|p2a: Tapu Fini|spa|1\n|-boost|p2a: Tapu Fini|spd|1\n|\n|-heal|p2a: Tapu Fini|85\/100|[from] item: Leftovers\n|-damage|p2a: Tapu Fini|72\/100|[from] Leech Seed|[of] p1a: Venera\n|-fieldend|Misty Terrain\n|upkeep\n|turn|8\n|\n|t:|1699572672\n|move|p2a: Tapu Fini|Iron Defense|p2a: Tapu Fini\n|-boost|p2a: Tapu Fini|def|2\n|move|p1a: Venera|Leech Seed||[still]\n|-fail|p1a: Venera\n|\n|-heal|p2a: Tapu Fini|78\/100|[from] item: Leftovers\n|-damage|p2a: Tapu Fini|66\/100|[from] Leech Seed|[of] p1a: Venera\n|upkeep\n|turn|9\n|\n|t:|1699572675\n|move|p2a: Tapu Fini|Calm Mind|p2a: Tapu Fini\n|-boost|p2a: Tapu Fini|spa|1\n|-boost|p2a: Tapu Fini|spd|1\n|move|p1a: Venera|Power Whip|p2a: Tapu Fini\n|-supereffective|p2a: Tapu Fini\n|-damage|p2a: Tapu Fini|58\/100\n|\n|-heal|p2a: Tapu Fini|64\/100|[from] item: Leftovers\n|-damage|p2a: Tapu Fini|51\/100|[from] Leech Seed|[of] p1a: Venera\n|-sideend|p2: Hyjinks|Reflect\n|upkeep\n|turn|10\n|\n|t:|1699572682\n|move|p2a: Tapu Fini|Stored Power|p1a: Venera\n|-resisted|p1a: Venera\n|-damage|p1a: Venera|15\/100\n|move|p1a: Venera|Power Whip|p2a: Tapu Fini\n|-supereffective|p2a: Tapu Fini\n|-damage|p2a: Tapu Fini|34\/100\n|\n|-heal|p2a: Tapu Fini|40\/100|[from] item: Leftovers\n|-heal|p1a: Venera|22\/100|[from] item: Leftovers\n|-damage|p2a: Tapu Fini|28\/100|[from] Leech Seed|[of] p1a: Venera\n|-heal|p1a: Venera|34\/100|[silent]\n|upkeep\n|turn|11\n|\n|t:|1699572692\n|move|p1a: Venera|Protect|p1a: Venera\n|-singleturn|p1a: Venera|Protect\n|move|p2a: Tapu Fini|Stored Power|p1a: Venera\n|-activate|p1a: Venera|move: Protect\n|\n|-heal|p2a: Tapu Fini|34\/100|[from] item: Leftovers\n|-heal|p1a: Venera|40\/100|[from] item: Leftovers\n|-damage|p2a: Tapu Fini|21\/100|[from] Leech Seed|[of] p1a: Venera\n|-heal|p1a: Venera|52\/100|[silent]\n|upkeep\n|turn|12\n|\n|t:|1699572706\n|move|p2a: Tapu Fini|Stored Power|p1a: Venera\n|-resisted|p1a: Venera\n|-damage|p1a: Venera|0 fnt\n|faint|p1a: Venera\n|\n|-heal|p2a: Tapu Fini|27\/100|[from] item: Leftovers\n|upkeep\n|\n|t:|1699572712\n|switch|p1a: Shenzhou|Klinklang|100\/100\n|turn|13\n|\n|t:|1699572713\n|move|p2a: Tapu Fini|Draining Kiss|p1a: Shenzhou\n|-resisted|p1a: Shenzhou\n|-damage|p1a: Shenzhou|68\/100\n|-heal|p2a: Tapu Fini|50\/100|[from] drain|[of] p1a: Shenzhou\n|move|p1a: Shenzhou|Trick Room|p1a: Shenzhou\n|-fieldstart|move: Trick Room|[of] p1a: Shenzhou\n|\n|-heal|p2a: Tapu Fini|56\/100|[from] item: Leftovers\n|-damage|p2a: Tapu Fini|44\/100|[from] Leech Seed|[of] p1a: Shenzhou\n|-heal|p1a: Shenzhou|81\/100|[silent]\n|upkeep\n|turn|14\n|\n|t:|1699572717\n|move|p1a: Shenzhou|Steel Beam|p2a: Tapu Fini\n|-damage|p2a: Tapu Fini|29\/100\n|-damage|p1a: Shenzhou|31\/100|[from] steelbeam\n|move|p2a: Tapu Fini|Stored Power|p1a: Shenzhou\n|-resisted|p1a: Shenzhou\n|-damage|p1a: Shenzhou|0 fnt\n|faint|p1a: Shenzhou\n|\n|-heal|p2a: Tapu Fini|35\/100|[from] item: Leftovers\n|upkeep\n|\n|t:|1699572723\n|switch|p1a: Nova|Melmetal|100\/100\n|turn|15\n|\n|t:|1699572725\n|move|p1a: Nova|Double Iron Bash|p2a: Tapu Fini\n|-damage|p2a: Tapu Fini|24\/100\n|-damage|p2a: Tapu Fini|14\/100\n|-hitcount|p2a: Tapu Fini|2\n|move|p2a: Tapu Fini|Stored Power|p1a: Nova\n|-resisted|p1a: Nova\n|-damage|p1a: Nova|0 fnt\n|faint|p1a: Nova\n|\n|-heal|p2a: Tapu Fini|20\/100|[from] item: Leftovers\n|upkeep\n|-message|straightoutta14BC forfeited.\n|\n|win|Hyjinks\n|n|\u2606straightoutta14BC|straightoutta14bc\n|n|\u2606Hyjinks|hyjinks\n|n| FadedCharm|fadedcharm\n|n| kirblaster|kirblaster\n|l|\u2606Hyjinks\n|l| FadedCharm\n|l| kirblaster\n|j| bruised thighs\u2661\n|l| bruised thighs\u2661\n|j| hoarahlouxwarriorr\n|l| hoarahlouxwarriorr\n","uploadtime":1699572734,"views":5,"p1id":"straightoutta14bc","p2id":"hyjinks","formatid":"gen9nationaldexubers","rating":0,"private":0,"password":""}