{"id":"gen9nationaldexubers-1984575266","p1":"Kalwyn","p2":"XiaoWoawa","format":"[Gen 9] National Dex Ubers","log":"|j|\u2606Kalwyn\n|j|\u2606XiaoWoawa\n|t:|1699281245\n|gametype|singles\n|player|p1|Kalwyn|proton|1188\n|player|p2|XiaoWoawa|n-masters3|1196\n|teamsize|p1|6\n|teamsize|p2|6\n|gen|9\n|tier|[Gen 9] National Dex Ubers\n|rated|\n|rule|HP Percentage Mod: HP is shown in percentages\n|rule|Endless Battle Clause: Forcing endless battles is banned\n|rule|OHKO Clause: OHKO moves are banned\n|rule|Evasion Moves Clause: Evasion moves are banned\n|rule|Evasion Items Clause: Evasion items are banned\n|rule|Species Clause: Limit one of each Pok\u00e9mon\n|rule|Sleep Clause Mod: Limit one foe put to sleep\n|rule|Mega Rayquaza Clause: You cannot mega evolve Rayquaza\n|clearpoke\n|poke|p1|Cetitan, M|\n|poke|p1|Tyrantrum, M|\n|poke|p1|Sharpedo, F|\n|poke|p1|Aerodactyl, F|\n|poke|p1|Malamar, M|\n|poke|p1|Dondozo, M|\n|poke|p2|Kyogre|\n|poke|p2|Whimsicott, M|\n|poke|p2|Landorus, M|\n|poke|p2|Xerneas-*|\n|poke|p2|Arceus|\n|poke|p2|Melmetal|\n|teampreview\n|inactive|Battle timer is ON: inactive players will automatically lose when time's up. (requested by XiaoWoawa)\n|\n|t:|1699281250\n|start\n|switch|p1a: Ghost|Tyrantrum, M, shiny|100\/100\n|switch|p2a: \u9ed1\u5fc3\u68c9|Whimsicott, M|100\/100\n|turn|1\n|\n|t:|1699281258\n|move|p2a: \u9ed1\u5fc3\u68c9|Tailwind|p2a: \u9ed1\u5fc3\u68c9\n|-sidestart|p2: XiaoWoawa|move: Tailwind\n|move|p1a: Ghost|Stealth Rock|p2a: \u9ed1\u5fc3\u68c9\n|-sidestart|p2: XiaoWoawa|move: Stealth Rock\n|\n|upkeep\n|turn|2\n|\n|t:|1699281265\n|switch|p1a: Alfred|Malamar, M, shiny|100\/100\n|move|p2a: \u9ed1\u5fc3\u68c9|Encore|p1a: Alfred\n|-hint|Since gen 7, Dark is immune to Prankster moves.\n|-immune|p1a: Alfred\n|\n|upkeep\n|turn|3\n|\n|t:|1699281275\n|move|p2a: \u9ed1\u5fc3\u68c9|Memento|p1a: Alfred\n|-hint|Since gen 7, Dark is immune to Prankster moves.\n|-immune|p1a: Alfred\n|move|p1a: Alfred|Acupressure|p1a: Alfred\n|-boost|p1a: Alfred|spe|2\n|\n|upkeep\n|turn|4\n|\n|t:|1699281292\n|move|p2a: \u9ed1\u5fc3\u68c9|Encore|p1a: Alfred\n|-hint|Since gen 7, Dark is immune to Prankster moves.\n|-immune|p1a: Alfred\n|move|p1a: Alfred|Acupressure|p1a: Alfred\n|-boost|p1a: Alfred|spd|2\n|\n|-sideend|p2: XiaoWoawa|move: Tailwind\n|upkeep\n|turn|5\n|\n|t:|1699281299\n|move|p1a: Alfred|Acupressure|p1a: Alfred\n|-boost|p1a: Alfred|spa|2\n|move|p2a: \u9ed1\u5fc3\u68c9|Endeavor|p1a: Alfred\n|-damage|p1a: Alfred|87\/100\n|\n|-heal|p1a: Alfred|93\/100|[from] item: Leftovers\n|upkeep\n|turn|6\n|inactive|XiaoWoawa has 120 seconds left.\n|\n|t:|1699281330\n|move|p2a: \u9ed1\u5fc3\u68c9|Encore|p1a: Alfred\n|-hint|Since gen 7, Dark is immune to Prankster moves.\n|-immune|p1a: Alfred\n|move|p1a: Alfred|Acupressure|p1a: Alfred\n|-boost|p1a: Alfred|spa|2\n|\n|-heal|p1a: Alfred|99\/100|[from] item: Leftovers\n|upkeep\n|turn|7\n|inactive|XiaoWoawa has 120 seconds left.\n|c|\u2606XiaoWoawa|\u8279\n|\n|t:|1699281347\n|move|p2a: \u9ed1\u5fc3\u68c9|Encore|p1a: Alfred\n|-hint|Since gen 7, Dark is immune to Prankster moves.\n|-immune|p1a: Alfred\n|move|p1a: Alfred|Acupressure|p1a: Alfred\n|-boost|p1a: Alfred|accuracy|2\n|\n|-heal|p1a: Alfred|100\/100|[from] item: Leftovers\n|upkeep\n|turn|8\n|c|\u2606Kalwyn|++\n|inactive|XiaoWoawa has 120 seconds left.\n|\n|t:|1699281356\n|move|p1a: Alfred|Acupressure|p1a: Alfred\n|-boost|p1a: Alfred|def|2\n|move|p2a: \u9ed1\u5fc3\u68c9|Endeavor|p1a: Alfred\n|-damage|p1a: Alfred|87\/100\n|\n|-heal|p1a: Alfred|93\/100|[from] item: Leftovers\n|upkeep\n|turn|9\n|inactive|XiaoWoawa has 120 seconds left.\n|\n|t:|1699281368\n|move|p2a: \u9ed1\u5fc3\u68c9|Memento|p1a: Alfred\n|-hint|Since gen 7, Dark is immune to Prankster moves.\n|-immune|p1a: Alfred\n|move|p1a: Alfred|Acupressure|p1a: Alfred\n|-boost|p1a: Alfred|spa|2\n|\n|-heal|p1a: Alfred|99\/100|[from] item: Leftovers\n|upkeep\n|turn|10\n|\n|t:|1699281378\n|move|p2a: \u9ed1\u5fc3\u68c9|Tailwind|p2a: \u9ed1\u5fc3\u68c9\n|-sidestart|p2: XiaoWoawa|move: Tailwind\n|move|p1a: Alfred|Acupressure|p1a: Alfred\n|-boost|p1a: Alfred|atk|2\n|\n|-heal|p1a: Alfred|100\/100|[from] item: Leftovers\n|upkeep\n|turn|11\n|\n|t:|1699281388\n|move|p2a: \u9ed1\u5fc3\u68c9|Tailwind||[still]\n|-fail|p2a: \u9ed1\u5fc3\u68c9\n|move|p1a: Alfred|Acupressure|p1a: Alfred\n|-boost|p1a: Alfred|spd|2\n|\n|upkeep\n|turn|12\n|\n|t:|1699281396\n|move|p2a: \u9ed1\u5fc3\u68c9|Memento|p1a: Alfred\n|-hint|Since gen 7, Dark is immune to Prankster moves.\n|-immune|p1a: Alfred\n|move|p1a: Alfred|Acupressure|p1a: Alfred\n|-boost|p1a: Alfred|def|2\n|\n|upkeep\n|turn|13\n|\n|t:|1699281405\n|move|p2a: \u9ed1\u5fc3\u68c9|Memento|p1a: Alfred\n|-hint|Since gen 7, Dark is immune to Prankster moves.\n|-immune|p1a: Alfred\n|move|p1a: Alfred|Acupressure|p1a: Alfred\n|-boost|p1a: Alfred|spd|2\n|\n|-sideend|p2: XiaoWoawa|move: Tailwind\n|upkeep\n|turn|14\n|\n|t:|1699281415\n|move|p2a: \u9ed1\u5fc3\u68c9|Memento|p1a: Alfred\n|-hint|Since gen 7, Dark is immune to Prankster moves.\n|-immune|p1a: Alfred\n|move|p1a: Alfred|Acupressure|p1a: Alfred\n|-boost|p1a: Alfred|spe|2\n|\n|upkeep\n|turn|15\n|\n|t:|1699281423\n|move|p2a: \u9ed1\u5fc3\u68c9|Memento|p1a: Alfred\n|-hint|Since gen 7, Dark is immune to Prankster moves.\n|-immune|p1a: Alfred\n|move|p1a: Alfred|Acupressure|p1a: Alfred\n|-boost|p1a: Alfred|evasion|2\n|\n|upkeep\n|turn|16\n|\n|t:|1699281433\n|move|p2a: \u9ed1\u5fc3\u68c9|Memento|p1a: Alfred\n|-hint|Since gen 7, Dark is immune to Prankster moves.\n|-immune|p1a: Alfred\n|move|p1a: Alfred|Acupressure|p1a: Alfred\n|-boost|p1a: Alfred|atk|2\n|\n|upkeep\n|turn|17\n|\n|t:|1699281441\n|move|p2a: \u9ed1\u5fc3\u68c9|Encore|p1a: Alfred\n|-hint|Since gen 7, Dark is immune to Prankster moves.\n|-immune|p1a: Alfred\n|move|p1a: Alfred|Acupressure|p1a: Alfred\n|-boost|p1a: Alfred|atk|2\n|\n|upkeep\n|turn|18\n|\n|t:|1699281459\n|move|p2a: \u9ed1\u5fc3\u68c9|Encore|p1a: Alfred\n|-hint|Since gen 7, Dark is immune to Prankster moves.\n|-immune|p1a: Alfred\n|move|p1a: Alfred|Acupressure|p1a: Alfred\n|-boost|p1a: Alfred|accuracy|2\n|\n|upkeep\n|turn|19\n|\n|t:|1699281466\n|move|p2a: \u9ed1\u5fc3\u68c9|Encore|p1a: Alfred\n|-hint|Since gen 7, Dark is immune to Prankster moves.\n|-immune|p1a: Alfred\n|move|p1a: Alfred|Acupressure|p1a: Alfred\n|-boost|p1a: Alfred|evasion|2\n|\n|upkeep\n|turn|20\n|c|\u2606Kalwyn|You don't switch ?\n|\n|t:|1699281491\n|move|p1a: Alfred|Acupressure|p1a: Alfred\n|-boost|p1a: Alfred|accuracy|2\n|move|p2a: \u9ed1\u5fc3\u68c9|Endeavor|p1a: Alfred|[miss]\n|-miss|p2a: \u9ed1\u5fc3\u68c9|p1a: Alfred\n|\n|upkeep\n|turn|21\n|\n|t:|1699281500\n|move|p2a: \u9ed1\u5fc3\u68c9|Tailwind|p2a: \u9ed1\u5fc3\u68c9\n|-sidestart|p2: XiaoWoawa|move: Tailwind\n|move|p1a: Alfred|Acupressure|p1a: Alfred\n|-boost|p1a: Alfred|evasion|2\n|\n|upkeep\n|turn|22\n|\n|t:|1699281506\n|move|p1a: Alfred|Acupressure|p1a: Alfred\n|-boost|p1a: Alfred|def|2\n|move|p2a: \u9ed1\u5fc3\u68c9|Endeavor|p1a: Alfred|[miss]\n|-miss|p2a: \u9ed1\u5fc3\u68c9|p1a: Alfred\n|\n|upkeep\n|turn|23\n|\n|t:|1699281513\n|move|p1a: Alfred|Acupressure|p1a: Alfred\n|-boost|p1a: Alfred|spe|2\n|move|p2a: \u9ed1\u5fc3\u68c9|Endeavor|p1a: Alfred|[miss]\n|-miss|p2a: \u9ed1\u5fc3\u68c9|p1a: Alfred\n|\n|upkeep\n|turn|24\n|\n|t:|1699281527\n|move|p2a: \u9ed1\u5fc3\u68c9|Encore|p1a: Alfred\n|-hint|Since gen 7, Dark is immune to Prankster moves.\n|-immune|p1a: Alfred\n|move|p1a: Alfred|Acupressure||[still]\n|-fail|p1a: Alfred\n|\n|-sideend|p2: XiaoWoawa|move: Tailwind\n|upkeep\n|turn|25\n|\n|t:|1699281537\n|move|p1a: Alfred|Stored Power|p2a: \u9ed1\u5fc3\u68c9\n|-enditem|p2a: \u9ed1\u5fc3\u68c9|Focus Sash\n|-damage|p2a: \u9ed1\u5fc3\u68c9|1\/100\n|move|p2a: \u9ed1\u5fc3\u68c9|Endeavor|p1a: Alfred|[miss]\n|-miss|p2a: \u9ed1\u5fc3\u68c9|p1a: Alfred\n|\n|upkeep\n|turn|26\n|\n|t:|1699281546\n|move|p1a: Alfred|Stored Power|p2a: \u9ed1\u5fc3\u68c9\n|-damage|p2a: \u9ed1\u5fc3\u68c9|0 fnt\n|faint|p2a: \u9ed1\u5fc3\u68c9\n|\n|upkeep\n|-message|XiaoWoawa forfeited.\n|\n|win|Kalwyn\n|raw|Kalwyn's rating: 1188 &rarr; <strong>1214<\/strong><br \/>(+26 for winning)\n|raw|XiaoWoawa's rating: 1196 &rarr; <strong>1170<\/strong><br \/>(-26 for losing)\n|l|\u2606XiaoWoawa\n","uploadtime":1699281560,"views":7,"p1id":"kalwyn","p2id":"xiaowoawa","formatid":"gen9nationaldexubers","rating":1170,"private":0,"password":""}