{"id":"gen9nationaldexubers-1999164988","p1":"galaxystudios370","p2":"ToastTheDragon777","format":"[Gen 9] National Dex Ubers","log":"|j|\u2606galaxystudios370\n|j|\u2606ToastTheDragon777\n|inactive|Battle timer is ON: inactive players will automatically lose when time's up.\n|t:|1701040347\n|gametype|singles\n|player|p1|galaxystudios370|hilbert|\n|player|p2|ToastTheDragon777|benga|\n|teamsize|p1|6\n|teamsize|p2|6\n|gen|9\n|tier|[Gen 9] National Dex Ubers\n|rated|Tournament battle\n|rule|HP Percentage Mod: HP is shown in percentages\n|rule|Endless Battle Clause: Forcing endless battles is banned\n|rule|OHKO Clause: OHKO moves are banned\n|rule|Evasion Moves Clause: Evasion moves are banned\n|rule|Evasion Items Clause: Evasion items are banned\n|rule|Species Clause: Limit one of each Pok\u00e9mon\n|rule|Sleep Clause Mod: Limit one foe put to sleep\n|rule|Mega Rayquaza Clause: You cannot mega evolve Rayquaza\n|rule|Dynamax Clause: You cannot dynamax\n|rule|Terastal Clause: You cannot Terastallize\n|rule|Same Type Clause: Pok\u00e9mon in a team must share a type\n|clearpoke\n|poke|p1|Hatterene, F|\n|poke|p1|Calyrex-Ice|\n|poke|p1|Necrozma-Dusk-Mane|\n|poke|p1|Lunala|\n|poke|p1|Mewtwo|\n|poke|p1|Tapu Lele|\n|poke|p2|Chi-Yu|\n|poke|p2|Volcarona, F|\n|poke|p2|Ho-Oh|\n|poke|p2|Blaziken, F|\n|poke|p2|Blacephalon|\n|poke|p2|Ogerpon-Hearthflame, F|\n|teampreview\n|inactive|ToastTheDragon777 also wants the timer to be on.\n|\n|t:|1701040358\n|start\n|switch|p1a: Mistral|Hatterene, F|100\/100\n|switch|p2a: Volcarona|Volcarona, F|100\/100\n|turn|1\n|\n|t:|1701040360\n|move|p2a: Volcarona|Quiver Dance|p2a: Volcarona\n|-boost|p2a: Volcarona|spa|1\n|-boost|p2a: Volcarona|spd|1\n|-boost|p2a: Volcarona|spe|1\n|move|p1a: Mistral|Trick Room|p1a: Mistral\n|-fieldstart|move: Trick Room|[of] p1a: Mistral\n|\n|upkeep\n|turn|2\n|j| NoahTheGreat6\n|\n|t:|1701040367\n|move|p1a: Mistral|Mystical Fire|p2a: Volcarona\n|-damage|p2a: Volcarona|81\/100\n|-unboost|p2a: Volcarona|spa|1\n|move|p2a: Volcarona|Fiery Dance|p1a: Mistral\n|-damage|p1a: Mistral|55\/100\n|\n|upkeep\n|turn|3\n|\n|t:|1701040371\n|move|p1a: Mistral|Healing Wish|p1a: Mistral\n|faint|p1a: Mistral\n|move|p2a: Volcarona|Fiery Dance|p1: Mistral|[notarget]\n|-fail|p2a: Volcarona\n|\n|upkeep\n|\n|t:|1701040374\n|switch|p1a: Blade Wolf|Necrozma-Dusk-Mane|100\/100\n|turn|4\n|\n|t:|1701040378\n|move|p1a: Blade Wolf|Stone Edge|p2a: Volcarona\n|-supereffective|p2a: Volcarona\n|-damage|p2a: Volcarona|0 fnt\n|faint|p2a: Volcarona\n|\n|upkeep\n|\n|t:|1701040383\n|switch|p2a: Blaziken|Blaziken, F|100\/100\n|turn|5\n|\n|t:|1701040386\n|detailschange|p2a: Blaziken|Blaziken-Mega, F\n|-mega|p2a: Blaziken|Blaziken|Blazikenite\n|move|p2a: Blaziken|Protect|p2a: Blaziken\n|-singleturn|p2a: Blaziken|Protect\n|move|p1a: Blade Wolf|Earthquake|p2a: Blaziken\n|-activate|p2a: Blaziken|move: Protect\n|\n|-fieldend|move: Trick Room\n|-ability|p2a: Blaziken|Speed Boost|boost\n|-boost|p2a: Blaziken|spe|1\n|upkeep\n|turn|6\n|\n|t:|1701040393\n|move|p2a: Blaziken|High Jump Kick|p1a: Blade Wolf\n|-damage|p1a: Blade Wolf|50\/100\n|move|p1a: Blade Wolf|Trick Room|p1a: Blade Wolf\n|-fieldstart|move: Trick Room|[of] p1a: Blade Wolf\n|\n|-ability|p2a: Blaziken|Speed Boost|boost\n|-boost|p2a: Blaziken|spe|1\n|upkeep\n|turn|7\n|\n|t:|1701040403\n|move|p2a: Blaziken|Protect|p2a: Blaziken\n|-singleturn|p2a: Blaziken|Protect\n|move|p1a: Blade Wolf|Earthquake|p2a: Blaziken\n|-activate|p2a: Blaziken|move: Protect\n|\n|-ability|p2a: Blaziken|Speed Boost|boost\n|-boost|p2a: Blaziken|spe|1\n|upkeep\n|turn|8\n|\n|t:|1701040408\n|move|p1a: Blade Wolf|Earthquake|p2a: Blaziken\n|-supereffective|p2a: Blaziken\n|-damage|p2a: Blaziken|0 fnt\n|faint|p2a: Blaziken\n|\n|upkeep\n|\n|t:|1701040415\n|switch|p2a: Ho-Oh|Ho-Oh|100\/100\n|turn|9\n|\n|t:|1701040419\n|move|p1a: Blade Wolf|Stone Edge|p2a: Ho-Oh\n|-supereffective|p2a: Ho-Oh\n|-damage|p2a: Ho-Oh|0 fnt\n|faint|p2a: Ho-Oh\n|\n|upkeep\n|\n|t:|1701040430\n|switch|p2a: Ogerpon|Ogerpon-Hearthflame, F|100\/100\n|-ability|p2a: Ogerpon|Mold Breaker\n|turn|10\n|c|\u2606galaxystudios370|i've been taking this team to the nd ubers ladder\n|\n|t:|1701040443\n|move|p1a: Blade Wolf|Stone Edge|p2a: Ogerpon\n|-supereffective|p2a: Ogerpon\n|-damage|p2a: Ogerpon|0 fnt\n|faint|p2a: Ogerpon\n|\n|-fieldend|move: Trick Room\n|upkeep\n|\n|t:|1701040452\n|switch|p2a: Blacephalon|Blacephalon|100\/100\n|turn|11\n|\n|t:|1701040456\n|switch|p1a: Monsoon|Tapu Lele|100\/100\n|-fieldstart|move: Psychic Terrain|[from] ability: Psychic Surge|[of] p1a: Monsoon\n|move|p2a: Blacephalon|Shadow Ball|p1a: Monsoon\n|-supereffective|p1a: Monsoon\n|-damage|p1a: Monsoon|0 fnt\n|faint|p1a: Monsoon\n|-ability|p2a: Blacephalon|Beast Boost|boost\n|-boost|p2a: Blacephalon|spa|1\n|\n|upkeep\n|\n|t:|1701040461\n|switch|p1a: Blade Wolf|Necrozma-Dusk-Mane|50\/100\n|-heal|p1a: Blade Wolf|100\/100|[from] move: Healing Wish\n|turn|12\n|\n|t:|1701040463\n|move|p2a: Blacephalon|Shadow Ball|p1a: Blade Wolf\n|-supereffective|p1a: Blade Wolf\n|-damage|p1a: Blade Wolf|18\/100\n|-enditem|p1a: Blade Wolf|Weakness Policy\n|-boost|p1a: Blade Wolf|atk|2|[from] item: Weakness Policy\n|-boost|p1a: Blade Wolf|spa|2|[from] item: Weakness Policy\n|move|p1a: Blade Wolf|Earthquake|p2a: Blacephalon\n|-supereffective|p2a: Blacephalon\n|-damage|p2a: Blacephalon|0 fnt\n|faint|p2a: Blacephalon\n|\n|upkeep\n|\n|t:|1701040466\n|switch|p2a: Chi-Yu|Chi-Yu|100\/100\n|-ability|p2a: Chi-Yu|Beads of Ruin\n|turn|13\n|\n|t:|1701040470\n|move|p2a: Chi-Yu|Dark Pulse|p1a: Blade Wolf\n|-supereffective|p1a: Blade Wolf\n|-damage|p1a: Blade Wolf|0 fnt\n|faint|p1a: Blade Wolf\n|\n|upkeep\n|\n|t:|1701040473\n|switch|p1a: Jetstream Sam|Calyrex-Ice|100\/100\n|-ability|p1a: Jetstream Sam|As One\n|-ability|p1a: Jetstream Sam|Unnerve\n|turn|14\n|\n|t:|1701040476\n|move|p2a: Chi-Yu|Dark Pulse|p1a: Jetstream Sam\n|-supereffective|p1a: Jetstream Sam\n|-damage|p1a: Jetstream Sam|0 fnt\n|faint|p1a: Jetstream Sam\n|\n|upkeep\n|\n|t:|1701040483\n|switch|p1a: Armstrong|Mewtwo|100\/100\n|-ability|p1a: Armstrong|Pressure\n|turn|15\n|\n|t:|1701040485\n|detailschange|p1a: Armstrong|Mewtwo-Mega-Y\n|-mega|p1a: Armstrong|Mewtwo|Mewtwonite Y\n|move|p1a: Armstrong|Focus Blast|p2a: Chi-Yu\n|-supereffective|p2a: Chi-Yu\n|-damage|p2a: Chi-Yu|0 fnt\n|faint|p2a: Chi-Yu\n|\n|win|galaxystudios370\n|n|\u2606galaxystudios370|galaxystudios370\n|n|\u2606ToastTheDragon777|toastthedragon777\n|n| NoahTheGreat6|noahthegreat6\n|c|\u2606ToastTheDragon777|gg\n|c|\u2606galaxystudios370|gg\n|l|\u2606galaxystudios370\n|l|\u2606ToastTheDragon777\n|j|\u2606galaxystudios370\n|player|p1|galaxystudios370|hilbert\n","uploadtime":1701040508,"views":11,"p1id":"galaxystudios370","p2id":"toastthedragon777","formatid":"gen9nationaldexubers","rating":0,"private":0,"password":""}