{"id":"gen9nationaldexubers-1991261142","p1":"El!te 00f","p2":"Pauliepoop","format":"[Gen 9] National Dex Ubers","log":"|j|\u2606El!te 00f\n|j|\u2606Pauliepoop\n|t:|1700062226\n|gametype|singles\n|player|p1|El!te 00f|serena-masters2|1150\n|player|p2|Pauliepoop|265|1223\n|teamsize|p1|6\n|teamsize|p2|6\n|gen|9\n|tier|[Gen 9] National Dex Ubers\n|rated|\n|rule|HP Percentage Mod: HP is shown in percentages\n|rule|Endless Battle Clause: Forcing endless battles is banned\n|rule|OHKO Clause: OHKO moves are banned\n|rule|Evasion Moves Clause: Evasion moves are banned\n|rule|Evasion Items Clause: Evasion items are banned\n|rule|Species Clause: Limit one of each Pok\u00e9mon\n|rule|Sleep Clause Mod: Limit one foe put to sleep\n|rule|Mega Rayquaza Clause: You cannot mega evolve Rayquaza\n|clearpoke\n|poke|p1|Pelipper, M|\n|poke|p1|Cyclizar, F|\n|poke|p1|Kingdra, F|\n|poke|p1|Manectric, M|\n|poke|p1|Durant, F|\n|poke|p1|Amoonguss, M|\n|poke|p2|Kyogre|\n|poke|p2|Groudon|\n|poke|p2|Deoxys-Attack|\n|poke|p2|Zygarde|\n|poke|p2|Necrozma-Dusk-Mane|\n|poke|p2|Regieleki|\n|teampreview\n|\n|t:|1700062231\n|start\n|switch|p1a: TheySeeMeRollin'|Cyclizar, F, shiny|100\/100\n|switch|p2a: Zygarde|Zygarde|100\/100\n|turn|1\n|\n|t:|1700062237\n|move|p1a: TheySeeMeRollin'|Shed Tail|p1a: TheySeeMeRollin'\n|-start|p1a: TheySeeMeRollin'|Substitute|[from] move: Shed Tail\n|-damage|p1a: TheySeeMeRollin'|50\/100\n|\n|t:|1700062240\n|switch|p1a: \u00bfQuieres Agua?|Pelipper, M|100\/100|[from] Shed Tail\n|-weather|RainDance|[from] ability: Drizzle|[of] p1a: \u00bfQuieres Agua?\n|move|p2a: Zygarde|Substitute|p2a: Zygarde\n|-start|p2a: Zygarde|Substitute\n|-damage|p2a: Zygarde|75\/100\n|\n|-weather|RainDance|[upkeep]\n|-heal|p2a: Zygarde|82\/100|[from] item: Leftovers\n|upkeep\n|turn|2\n|\n|t:|1700062250\n|-terastallize|p2a: Zygarde|Water\n|move|p2a: Zygarde|Coil|p2a: Zygarde\n|-boost|p2a: Zygarde|atk|1\n|-boost|p2a: Zygarde|def|1\n|-boost|p2a: Zygarde|accuracy|1\n|move|p1a: \u00bfQuieres Agua?|Surf|p2a: Zygarde\n|-resisted|p2a: Zygarde\n|-activate|p2a: Zygarde|move: Substitute|[damage]\n|\n|-weather|RainDance|[upkeep]\n|-heal|p2a: Zygarde|88\/100|[from] item: Leftovers\n|upkeep\n|turn|3\n|\n|t:|1700062264\n|move|p2a: Zygarde|Coil|p2a: Zygarde\n|-boost|p2a: Zygarde|atk|1\n|-boost|p2a: Zygarde|def|1\n|-boost|p2a: Zygarde|accuracy|1\n|move|p1a: \u00bfQuieres Agua?|U-turn|p2a: Zygarde\n|-activate|p2a: Zygarde|move: Substitute|[damage]\n|\n|t:|1700062266\n|switch|p1a: TheySeeMeRollin'|Cyclizar, F, shiny|84\/100|[from] U-turn\n|\n|-weather|RainDance|[upkeep]\n|-heal|p2a: Zygarde|94\/100|[from] item: Leftovers\n|upkeep\n|turn|4\n|\n|t:|1700062276\n|move|p1a: TheySeeMeRollin'|Shed Tail|p1a: TheySeeMeRollin'\n|-start|p1a: TheySeeMeRollin'|Substitute|[from] move: Shed Tail\n|-damage|p1a: TheySeeMeRollin'|33\/100\n|\n|t:|1700062278\n|switch|p1a: Goofy Lookin' MoFo|Manectric, M, shiny|100\/100|[from] Shed Tail\n|move|p2a: Zygarde|Coil|p2a: Zygarde\n|-boost|p2a: Zygarde|atk|1\n|-boost|p2a: Zygarde|def|1\n|-boost|p2a: Zygarde|accuracy|1\n|\n|-weather|RainDance|[upkeep]\n|-heal|p2a: Zygarde|99\/100|[from] item: Leftovers\n|upkeep\n|turn|5\n|\n|t:|1700062288\n|detailschange|p1a: Goofy Lookin' MoFo|Manectric-Mega, M, shiny\n|-mega|p1a: Goofy Lookin' MoFo|Manectric|Manectite\n|-ability|p1a: Goofy Lookin' MoFo|Intimidate|boost\n|-immune|p2a: Zygarde\n|move|p1a: Goofy Lookin' MoFo|Thunder|p2a: Zygarde\n|-supereffective|p2a: Zygarde\n|-end|p2a: Zygarde|Substitute\n|move|p2a: Zygarde|Thousand Arrows|p1a: Goofy Lookin' MoFo\n|-supereffective|p1a: Goofy Lookin' MoFo\n|-end|p1a: Goofy Lookin' MoFo|Substitute\n|\n|-weather|RainDance|[upkeep]\n|-heal|p2a: Zygarde|100\/100|[from] item: Leftovers\n|upkeep\n|turn|6\n|\n|t:|1700062301\n|move|p1a: Goofy Lookin' MoFo|Thunder|p2a: Zygarde\n|-supereffective|p2a: Zygarde\n|-damage|p2a: Zygarde|0 fnt\n|faint|p2a: Zygarde\n|\n|-weather|RainDance|[upkeep]\n|upkeep\n|\n|t:|1700062307\n|switch|p2a: Groudon|Groudon|100\/100\n|detailschange|p2a: Groudon|Groudon-Primal\n|-primal|p2a: Groudon|Red Orb\n|-weather|DesolateLand|[from] ability: Desolate Land|[of] p2a: Groudon\n|turn|7\n|\n|t:|1700062322\n|move|p1a: Goofy Lookin' MoFo|Thunder Wave|p2a: Groudon\n|-immune|p2a: Groudon\n|move|p2a: Groudon|Fire Punch|p1a: Goofy Lookin' MoFo\n|-damage|p1a: Goofy Lookin' MoFo|0 fnt\n|faint|p1a: Goofy Lookin' MoFo\n|\n|-weather|DesolateLand|[upkeep]\n|upkeep\n|c|\u2606Pauliepoop|y\n|\n|t:|1700062334\n|switch|p1a: TheySeeMeRollin'|Cyclizar, F, shiny|67\/100\n|turn|8\n|c|\u2606El!te 00f|?\n|\n|t:|1700062343\n|move|p1a: TheySeeMeRollin'|Shed Tail|p1a: TheySeeMeRollin'\n|-start|p1a: TheySeeMeRollin'|Substitute|[from] move: Shed Tail\n|-damage|p1a: TheySeeMeRollin'|17\/100\n|\n|t:|1700062348\n|switch|p1a: Queendra|Kingdra, F, shiny|100\/100|[from] Shed Tail\n|move|p2a: Groudon|Fire Punch|p1a: Queendra\n|-resisted|p1a: Queendra\n|-activate|p1a: Queendra|move: Substitute|[damage]\n|\n|-weather|DesolateLand|[upkeep]\n|upkeep\n|turn|9\n|c|\u2606Pauliepoop|why would you use thunder wave on primal groudon?\n|c|\u2606El!te 00f|let's be honest\n|c|\u2606El!te 00f|am I winning this match\n|c|\u2606Pauliepoop|no\n|c|\u2606Pauliepoop|lol\n|c|\u2606Pauliepoop|why are you using this in ubers?\n|c|\u2606El!te 00f|cause theres a chance people won't be using full ubers teams\n|c|\u2606Pauliepoop|then why not just do OU\/UU?\n|inactive|Battle timer is ON: inactive players will automatically lose when time's up. (requested by Pauliepoop)\n|c|\u2606El!te 00f|because I can't use cyclizar\n|c|\u2606El!te 00f|shed tail is banned\n|\n|t:|1700062439\n|move|p2a: Groudon|Precipice Blades|p1a: Queendra\n|-end|p1a: Queendra|Substitute\n|move|p1a: Queendra|Draco Meteor|p2a: Groudon\n|-damage|p2a: Groudon|15\/100\n|-unboost|p1a: Queendra|spa|2\n|\n|-weather|DesolateLand|[upkeep]\n|upkeep\n|turn|10\n|\n|t:|1700062449\n|switch|p1a: \u00bfQuieres Agua?|Pelipper, M|100\/100\n|-ability|p1a: \u00bfQuieres Agua?|Drizzle|[from] desolateland|[fail]\n|move|p2a: Groudon|Precipice Blades|p1a: \u00bfQuieres Agua?\n|-immune|p1a: \u00bfQuieres Agua?\n|\n|-weather|DesolateLand|[upkeep]\n|upkeep\n|turn|11\n|\n|t:|1700062457\n|-weather|none\n|switch|p2a: Regieleki|Regieleki|100\/100\n|move|p1a: \u00bfQuieres Agua?|Surf|p2a: Regieleki\n|-crit|p2a: Regieleki\n|-damage|p2a: Regieleki|9\/100\n|\n|upkeep\n|turn|12\n|\n|t:|1700062465\n|switch|p1a: \u00bfCom\u00f3 estas usted?|Durant, F|100\/100\n|move|p2a: Regieleki|Electro Ball|p1a: \u00bfCom\u00f3 estas usted?\n|-damage|p1a: \u00bfCom\u00f3 estas usted?|9\/100\n|\n|upkeep\n|turn|13\n|c|\u2606El!te 00f|and sometimes\n|\n|t:|1700062473\n|move|p1a: \u00bfCom\u00f3 estas usted?|First Impression|p2a: Regieleki\n|-damage|p2a: Regieleki|0 fnt\n|faint|p2a: Regieleki\n|\n|upkeep\n|c|\u2606El!te 00f|people underestimate them\n|\n|t:|1700062478\n|switch|p2a: Necrozma|Necrozma-Dusk-Mane|100\/100\n|turn|14\n|\n|t:|1700062485\n|move|p1a: \u00bfCom\u00f3 estas usted?|Stomping Tantrum|p2a: Necrozma\n|-supereffective|p2a: Necrozma\n|-damage|p2a: Necrozma|62\/100\n|move|p2a: Necrozma|Sunsteel Strike|p1a: \u00bfCom\u00f3 estas usted?\n|-resisted|p1a: \u00bfCom\u00f3 estas usted?\n|-damage|p1a: \u00bfCom\u00f3 estas usted?|0 fnt\n|faint|p1a: \u00bfCom\u00f3 estas usted?\n|\n|upkeep\n|\n|t:|1700062488\n|switch|p1a: I'm Boutta Vent|Amoonguss, M|100\/100\n|turn|15\n|c|\u2606Pauliepoop|ambatuvent?\n|\n|t:|1700062506\n|-terastallize|p1a: I'm Boutta Vent|Steel\n|move|p2a: Necrozma|Sunsteel Strike|p1a: I'm Boutta Vent\n|-resisted|p1a: I'm Boutta Vent\n|-damage|p1a: I'm Boutta Vent|78\/100\n|-damage|p2a: Necrozma|45\/100|[from] item: Rocky Helmet|[of] p1a: I'm Boutta Vent\n|move|p1a: I'm Boutta Vent|Spore|p2a: Necrozma\n|-status|p2a: Necrozma|slp|[from] move: Spore\n|\n|upkeep\n|turn|16\n|c|\u2606El!te 00f|he vented into a steel type\n|\n|t:|1700062519\n|cant|p2a: Necrozma|slp\n|move|p1a: I'm Boutta Vent|Foul Play|p2a: Necrozma\n|-supereffective|p2a: Necrozma\n|-damage|p2a: Necrozma|8\/100 slp\n|\n|upkeep\n|turn|17\n|\n|t:|1700062525\n|cant|p2a: Necrozma|slp\n|move|p1a: I'm Boutta Vent|Foul Play|p2a: Necrozma\n|-supereffective|p2a: Necrozma\n|-crit|p2a: Necrozma\n|-damage|p2a: Necrozma|0 fnt\n|faint|p2a: Necrozma\n|\n|upkeep\n|\n|t:|1700062534\n|switch|p2a: Kyogre|Kyogre|100\/100\n|detailschange|p2a: Kyogre|Kyogre-Primal\n|-primal|p2a: Kyogre|Blue Orb\n|-weather|PrimordialSea|[from] ability: Primordial Sea|[of] p2a: Kyogre\n|turn|18\n|\n|t:|1700062541\n|move|p2a: Kyogre|Water Spout|p1a: I'm Boutta Vent\n|-damage|p1a: I'm Boutta Vent|0 fnt\n|faint|p1a: I'm Boutta Vent\n|\n|-weather|PrimordialSea|[upkeep]\n|upkeep\n|\n|t:|1700062555\n|switch|p1a: TheySeeMeRollin'|Cyclizar, F, shiny|50\/100\n|turn|19\n|\n|t:|1700062568\n|move|p1a: TheySeeMeRollin'|Draco Meteor|p2a: Kyogre\n|-damage|p2a: Kyogre|76\/100\n|-unboost|p1a: TheySeeMeRollin'|spa|2\n|move|p2a: Kyogre|Ice Beam|p1a: TheySeeMeRollin'\n|-supereffective|p1a: TheySeeMeRollin'\n|-damage|p1a: TheySeeMeRollin'|0 fnt\n|faint|p1a: TheySeeMeRollin'\n|\n|-weather|PrimordialSea|[upkeep]\n|upkeep\n|\n|t:|1700062589\n|switch|p1a: Queendra|Kingdra, F, shiny|100\/100\n|turn|20\n|\n|t:|1700062596\n|move|p1a: Queendra|Draco Meteor|p2a: Kyogre\n|-crit|p2a: Kyogre\n|-damage|p2a: Kyogre|0 fnt\n|-unboost|p1a: Queendra|spa|2\n|faint|p2a: Kyogre\n|-weather|none\n|\n|upkeep\n|\n|t:|1700062605\n|switch|p2a: Deoxys|Deoxys-Attack|100\/100\n|-ability|p2a: Deoxys|Pressure\n|turn|21\n|c|\u2606El!te 00f|crit mattered\n|\n|t:|1700062616\n|switch|p1a: \u00bfQuieres Agua?|Pelipper, M|100\/100\n|-weather|RainDance|[from] ability: Drizzle|[of] p1a: \u00bfQuieres Agua?\n|move|p2a: Deoxys|Energy Ball|p1a: \u00bfQuieres Agua?\n|-damage|p1a: \u00bfQuieres Agua?|47\/100\n|\n|-weather|RainDance|[upkeep]\n|upkeep\n|turn|22\n|\n|t:|1700062643\n|move|p2a: Deoxys|Energy Ball|p1a: \u00bfQuieres Agua?\n|-damage|p1a: \u00bfQuieres Agua?|0 fnt\n|faint|p1a: \u00bfQuieres Agua?\n|\n|-weather|RainDance|[upkeep]\n|upkeep\n|\n|t:|1700062645\n|switch|p1a: Queendra|Kingdra, F, shiny|100\/100\n|turn|23\n|c|\u2606Pauliepoop|assuming your kingdra has a choice attachment\n|\n|t:|1700062655\n|move|p1a: Queendra|Draco Meteor|p2a: Deoxys|[miss]\n|-miss|p1a: Queendra|p2a: Deoxys\n|move|p2a: Deoxys|Psycho Boost|p1a: Queendra|[miss]\n|-miss|p2a: Deoxys|p1a: Queendra\n|\n|-weather|RainDance|[upkeep]\n|upkeep\n|turn|24\n|c|\u2606El!te 00f|and you're sash?\n|\n|t:|1700062666\n|move|p1a: Queendra|Draco Meteor|p2a: Deoxys\n|-enditem|p2a: Deoxys|Focus Sash\n|-damage|p2a: Deoxys|1\/100\n|-unboost|p1a: Queendra|spa|2\n|move|p2a: Deoxys|Ice Beam|p1a: Queendra\n|-damage|p1a: Queendra|55\/100\n|\n|-weather|RainDance|[upkeep]\n|upkeep\n|turn|25\n|c|\u2606Pauliepoop|hmmmmm\n|c|\u2606El!te 00f|yep\n|c|\u2606Pauliepoop|perhaps\n|\n|t:|1700062679\n|move|p1a: Queendra|Draco Meteor|p2a: Deoxys\n|-damage|p2a: Deoxys|0 fnt\n|-unboost|p1a: Queendra|spa|2\n|faint|p2a: Deoxys\n|\n|-weather|RainDance|[upkeep]\n|upkeep\n|c|\u2606Pauliepoop|yea I got cucked lmfao\n|\n|t:|1700062688\n|switch|p2a: Groudon|Groudon-Primal|15\/100\n|-weather|DesolateLand|[from] ability: Desolate Land|[of] p2a: Groudon\n|turn|26\n|c|\u2606Pauliepoop|or did i\n|c|\u2606El!te 00f|Will struggle kill?\n|c|\u2606Pauliepoop|no\n|c|\u2606El!te 00f|I have no PP?\n|c|\u2606Pauliepoop|lol\n|\n|t:|1700062705\n|move|p2a: Groudon|Precipice Blades|p1a: Queendra\n|-damage|p1a: Queendra|0 fnt\n|faint|p1a: Queendra\n|\n|win|Pauliepoop\n|raw|El!te 00f's rating: 1150 &rarr; <strong>1130<\/strong><br \/>(-20 for losing)\n|raw|Pauliepoop's rating: 1223 &rarr; <strong>1243<\/strong><br \/>(+20 for winning)\n|c|\u2606El!te 00f|almost\n|c|\u2606Pauliepoop|struggle does nothing\n|c|\u2606El!te 00f|gg\n|c|\u2606Pauliepoop|gg\n|c|\u2606Pauliepoop|good strats\n|l|\u2606Pauliepoop\n","uploadtime":1700062757,"views":14,"p1id":"elte00f","p2id":"pauliepoop","formatid":"gen9nationaldexubers","rating":1130,"private":0,"password":""}