{"id":"gen9nationaldexubers-1985035695","p1":"onaerybluer","p2":"85792195wwww","format":"[Gen 9] National Dex Ubers","log":"|j|\u2606onaerybluer\n|j|\u260685792195wwww\n|t:|1699323138\n|gametype|singles\n|player|p1|onaerybluer|bellelba|1520\n|player|p2|85792195wwww|mira|1786\n|teamsize|p1|6\n|teamsize|p2|6\n|gen|9\n|tier|[Gen 9] National Dex Ubers\n|rated|\n|rule|HP Percentage Mod: HP is shown in percentages\n|rule|Endless Battle Clause: Forcing endless battles is banned\n|rule|OHKO Clause: OHKO moves are banned\n|rule|Evasion Moves Clause: Evasion moves are banned\n|rule|Evasion Items Clause: Evasion items are banned\n|rule|Species Clause: Limit one of each Pok\u00e9mon\n|rule|Sleep Clause Mod: Limit one foe put to sleep\n|rule|Mega Rayquaza Clause: You cannot mega evolve Rayquaza\n|clearpoke\n|poke|p1|Kangaskhan, F|\n|poke|p1|Kingambit, M|\n|poke|p1|Groudon|\n|poke|p1|Kyogre|\n|poke|p1|Marshadow|\n|poke|p1|Darmanitan-Galar, M|\n|poke|p2|Zacian-*|\n|poke|p2|Groudon|\n|poke|p2|Krookodile, M|\n|poke|p2|Blaziken, F|\n|poke|p2|Xerneas-*|\n|poke|p2|Arceus|\n|teampreview\n|inactive|Battle timer is ON: inactive players will automatically lose when time's up. (requested by onaerybluer)\n|\n|t:|1699323150\n|start\n|switch|p1a: Darmanitan|Darmanitan-Galar, M|100\/100\n|switch|p2a: Krookodile|Krookodile, M|100\/100\n|-ability|p2a: Krookodile|Intimidate|boost\n|-unboost|p1a: Darmanitan|atk|1\n|turn|1\n|\n|t:|1699323163\n|move|p1a: Darmanitan|Icicle Crash|p2a: Krookodile\n|-supereffective|p2a: Krookodile\n|-enditem|p2a: Krookodile|Focus Sash\n|-damage|p2a: Krookodile|1\/100\n|cant|p2a: Krookodile|flinch\n|\n|upkeep\n|turn|2\n|\n|t:|1699323171\n|switch|p2a: Zacian|Zacian-Crowned|100\/100\n|-ability|p2a: Zacian|Intrepid Sword|boost\n|-boost|p2a: Zacian|atk|1\n|move|p1a: Darmanitan|Icicle Crash|p2a: Zacian\n|-resisted|p2a: Zacian\n|-damage|p2a: Zacian|78\/100\n|\n|upkeep\n|turn|3\n|\n|t:|1699323180\n|switch|p1a: Kangaskhan|Kangaskhan, F|100\/100\n|switch|p2a: Krookodile|Krookodile, M|1\/100\n|-ability|p2a: Krookodile|Intimidate|boost\n|-fail|p1a: Kangaskhan|unboost|Attack|[from] ability: Scrappy|[of] p1a: Kangaskhan\n|\n|upkeep\n|turn|4\n|\n|t:|1699323188\n|switch|p2a: Zacian|Zacian-Crowned|78\/100\n|detailschange|p1a: Kangaskhan|Kangaskhan-Mega, F\n|-mega|p1a: Kangaskhan|Kangaskhan|Kangaskhanite\n|move|p1a: Kangaskhan|Fake Out|p2a: Zacian\n|-resisted|p2a: Zacian\n|-damage|p2a: Zacian|68\/100\n|-resisted|p2a: Zacian\n|-damage|p2a: Zacian|66\/100\n|-hitcount|p2a: Zacian|2\n|\n|upkeep\n|turn|5\n|\n|t:|1699323199\n|switch|p1a: Groudon|Groudon|100\/100\n|detailschange|p1a: Groudon|Groudon-Primal\n|-primal|p1a: Groudon|Red Orb\n|-weather|DesolateLand|[from] ability: Desolate Land|[of] p1a: Groudon\n|move|p2a: Zacian|Close Combat|p1a: Groudon\n|-damage|p1a: Groudon|68\/100\n|-unboost|p2a: Zacian|def|1\n|-unboost|p2a: Zacian|spd|1\n|\n|-weather|DesolateLand|[upkeep]\n|upkeep\n|turn|6\n|\n|t:|1699323210\n|switch|p2a: Krookodile|Krookodile, M|1\/100\n|-ability|p2a: Krookodile|Intimidate|boost\n|-unboost|p1a: Groudon|atk|1\n|move|p1a: Groudon|Rock Polish|p1a: Groudon\n|-boost|p1a: Groudon|spe|2\n|\n|-weather|DesolateLand|[upkeep]\n|upkeep\n|turn|7\n|\n|t:|1699323220\n|move|p1a: Groudon|Heat Crash|p2a: Krookodile\n|-damage|p2a: Krookodile|0 fnt\n|faint|p2a: Krookodile\n|\n|-weather|DesolateLand|[upkeep]\n|upkeep\n|\n|t:|1699323233\n|switch|p2a: Xerneas|Xerneas|100\/100\n|-ability|p2a: Xerneas|Fairy Aura\n|turn|8\n|\n|t:|1699323239\n|move|p1a: Groudon|Heat Crash|p2a: Xerneas\n|-damage|p2a: Xerneas|54\/100\n|move|p2a: Xerneas|Geomancy||[still]\n|-prepare|p2a: Xerneas|Geomancy\n|-enditem|p2a: Xerneas|Power Herb\n|-anim|p2a: Xerneas|Geomancy|p2a: Xerneas\n|-boost|p2a: Xerneas|spa|2\n|-boost|p2a: Xerneas|spd|2\n|-boost|p2a: Xerneas|spe|2\n|\n|-weather|DesolateLand|[upkeep]\n|upkeep\n|turn|9\n|\n|t:|1699323251\n|move|p1a: Groudon|Heat Crash|p2a: Xerneas\n|-damage|p2a: Xerneas|9\/100\n|move|p2a: Xerneas|Grass Knot|p1a: Groudon\n|-damage|p1a: Groudon|0 fnt\n|faint|p1a: Groudon\n|-weather|none\n|\n|upkeep\n|\n|t:|1699323253\n|switch|p1a: Marshadow|Marshadow|100\/100\n|turn|10\n|\n|t:|1699323261\n|move|p2a: Xerneas|Moonblast|p1a: Marshadow\n|-supereffective|p1a: Marshadow\n|-enditem|p1a: Marshadow|Focus Sash\n|-damage|p1a: Marshadow|1\/100\n|move|p1a: Marshadow|Spectral Thief||[still]\n|-clearpositiveboost|p2a: Xerneas|p1a: Marshadow|move: Spectral Thief\n|-boost|p1a: Marshadow|spa|2\n|-boost|p1a: Marshadow|spd|2\n|-boost|p1a: Marshadow|spe|2\n|-anim|p1a: Marshadow|Spectral Thief|p2a: Xerneas\n|-damage|p2a: Xerneas|0 fnt\n|faint|p2a: Xerneas\n|\n|upkeep\n|\n|t:|1699323280\n|switch|p2a: Zacian|Zacian-Crowned|66\/100\n|turn|11\n|\n|t:|1699323295\n|move|p1a: Marshadow|Spectral Thief|p2a: Zacian\n|-damage|p2a: Zacian|25\/100\n|move|p2a: Zacian|Behemoth Blade|p1a: Marshadow\n|-damage|p1a: Marshadow|0 fnt\n|faint|p1a: Marshadow\n|\n|upkeep\n|\n|t:|1699323308\n|switch|p1a: Darmanitan|Darmanitan-Galar, M|100\/100\n|turn|12\n|\n|t:|1699323312\n|move|p1a: Darmanitan|Earthquake|p2a: Zacian\n|-supereffective|p2a: Zacian\n|-damage|p2a: Zacian|0 fnt\n|faint|p2a: Zacian\n|\n|upkeep\n|\n|t:|1699323318\n|switch|p2a: Arceus|Arceus|100\/100\n|turn|13\n|\n|t:|1699323322\n|switch|p1a: Kangaskhan|Kangaskhan-Mega, F|100\/100\n|move|p2a: Arceus|Earthquake|p1a: Kangaskhan\n|-damage|p1a: Kangaskhan|60\/100\n|-damage|p2a: Arceus|91\/100|[from] item: Life Orb\n|\n|upkeep\n|turn|14\n|\n|t:|1699323331\n|switch|p2a: Blaziken|Blaziken, F|100\/100\n|move|p1a: Kangaskhan|Fake Out|p2a: Blaziken\n|-damage|p2a: Blaziken|71\/100\n|-damage|p2a: Blaziken|64\/100\n|-hitcount|p2a: Blaziken|2\n|\n|upkeep\n|turn|15\n|\n|t:|1699323341\n|detailschange|p2a: Blaziken|Blaziken-Mega, F\n|-mega|p2a: Blaziken|Blaziken|Blazikenite\n|move|p1a: Kangaskhan|Body Slam|p2a: Blaziken\n|-damage|p2a: Blaziken|13\/100\n|-damage|p2a: Blaziken|0 fnt\n|faint|p2a: Blaziken\n|-hitcount|p2: Blaziken|2\n|\n|upkeep\n|\n|t:|1699323361\n|switch|p2a: Arceus|Arceus|91\/100\n|turn|16\n|\n|t:|1699323365\n|move|p2a: Arceus|Swords Dance|p2a: Arceus\n|-boost|p2a: Arceus|atk|2\n|move|p1a: Kangaskhan|Seismic Toss|p2a: Arceus\n|-damage|p2a: Arceus|65\/100\n|-damage|p2a: Arceus|39\/100\n|-hitcount|p2a: Arceus|2\n|\n|upkeep\n|turn|17\n|\n|t:|1699323374\n|move|p2a: Arceus|Extreme Speed|p1a: Kangaskhan\n|-damage|p1a: Kangaskhan|0 fnt\n|faint|p1a: Kangaskhan\n|-damage|p2a: Arceus|30\/100|[from] item: Life Orb\n|\n|upkeep\n|\n|t:|1699323378\n|switch|p1a: Kingambit|Kingambit, M|100\/100\n|-activate|p1a: Kingambit|ability: Supreme Overlord\n|-start|p1a: Kingambit|fallen3|[silent]\n|turn|18\n|\n|t:|1699323384\n|move|p2a: Arceus|Earthquake|p1a: Kingambit\n|-supereffective|p1a: Kingambit\n|-damage|p1a: Kingambit|0 fnt\n|faint|p1a: Kingambit\n|-end|p1a: Kingambit|fallen3|[silent]\n|-damage|p2a: Arceus|20\/100|[from] item: Life Orb\n|\n|upkeep\n|\n|t:|1699323389\n|switch|p1a: Kyogre|Kyogre|100\/100\n|detailschange|p1a: Kyogre|Kyogre-Primal\n|-primal|p1a: Kyogre|Blue Orb\n|-weather|PrimordialSea|[from] ability: Primordial Sea|[of] p1a: Kyogre\n|turn|19\n|\n|t:|1699323396\n|-terastallize|p2a: Arceus|Normal\n|move|p2a: Arceus|Extreme Speed|p1a: Kyogre\n|-damage|p1a: Kyogre|0 fnt\n|faint|p1a: Kyogre\n|-weather|none\n|-damage|p2a: Arceus|10\/100|[from] item: Life Orb\n|\n|upkeep\n|\n|t:|1699323401\n|switch|p1a: Darmanitan|Darmanitan-Galar, M|100\/100\n|turn|20\n|\n|t:|1699323406\n|move|p2a: Arceus|Extreme Speed|p1a: Darmanitan\n|-damage|p1a: Darmanitan|0 fnt\n|faint|p1a: Darmanitan\n|-damage|p2a: Arceus|0 fnt|[from] item: Life Orb\n|faint|p2a: Arceus\n|\n|win|85792195wwww\n|raw|onaerybluer's rating: 1520 &rarr; <strong>1513<\/strong><br \/>(-7 for losing)\n|raw|85792195wwww's rating: 1786 &rarr; <strong>1793<\/strong><br \/>(+7 for winning)\n|l|\u2606onaerybluer\n|l|\u260685792195wwww\n","uploadtime":1699323411,"views":6,"p1id":"onaerybluer","p2id":"85792195wwww","formatid":"gen9nationaldexubers","rating":1513,"private":0,"password":""}