{"id":"gen9nationaldexubers-1990908851","p1":"KJ.nyc","p2":"Poopoo2","format":"[Gen 9] National Dex Ubers","log":"|j|\u2606KJ.nyc\n|j|\u2606Poopoo2\n|t:|1700013947\n|gametype|singles\n|player|p1|KJ.nyc|hilbert|1218\n|player|p2|Poopoo2|unknown|1159\n|teamsize|p1|6\n|teamsize|p2|6\n|gen|9\n|tier|[Gen 9] National Dex Ubers\n|rated|\n|rule|HP Percentage Mod: HP is shown in percentages\n|rule|Endless Battle Clause: Forcing endless battles is banned\n|rule|OHKO Clause: OHKO moves are banned\n|rule|Evasion Moves Clause: Evasion moves are banned\n|rule|Evasion Items Clause: Evasion items are banned\n|rule|Species Clause: Limit one of each Pok\u00e9mon\n|rule|Sleep Clause Mod: Limit one foe put to sleep\n|rule|Mega Rayquaza Clause: You cannot mega evolve Rayquaza\n|clearpoke\n|poke|p1|Pikachu, M|\n|poke|p1|Dragonite, F|\n|poke|p1|Gengar, M|\n|poke|p1|Lucario, M|\n|poke|p1|Sirfetch\u2019d, M|\n|poke|p1|Dracovish|\n|poke|p2|Blastoise, M|\n|poke|p2|Clefable, F|\n|poke|p2|Golem, M|\n|poke|p2|Gengar, M|\n|poke|p2|Chansey, F|\n|poke|p2|Zapdos|\n|teampreview\n|c|\u2606KJ.nyc|glhf\n|inactive|Battle timer is ON: inactive players will automatically lose when time's up. (requested by KJ.nyc)\n|inactive|Poopoo2 has 120 seconds left.\n|\n|t:|1700013986\n|start\n|switch|p1a: Dracovish|Dracovish|100\/100\n|switch|p2a: Golem|Golem, M|100\/100\n|turn|1\n|\n|t:|1700013991\n|move|p1a: Dracovish|Fishious Rend|p2a: Golem\n|-supereffective|p2a: Golem\n|-ability|p2a: Golem|Sturdy\n|-damage|p2a: Golem|1\/100\n|move|p2a: Golem|Stealth Rock|p1a: Dracovish\n|-sidestart|p1: KJ.nyc|move: Stealth Rock\n|\n|upkeep\n|turn|2\n|-enditem|p2a: Golem|Custap Berry|[eat]\n|-activate|p2a: Golem|item: Custap Berry|[consumed]\n|\n|t:|1700013997\n|move|p2a: Golem|Explosion|p1a: Dracovish\n|-damage|p1a: Dracovish|4\/100\n|faint|p2a: Golem\n|move|p1a: Dracovish|Fishious Rend|p2: Golem|[notarget]\n|-fail|p1a: Dracovish\n|\n|upkeep\n|\n|t:|1700014007\n|switch|p2a: Blastoise|Blastoise, M|100\/100\n|turn|3\n|\n|t:|1700014013\n|detailschange|p2a: Blastoise|Blastoise-Mega, M\n|-mega|p2a: Blastoise|Blastoise|Blastoisinite\n|move|p2a: Blastoise|Dark Pulse|p1a: Dracovish\n|-damage|p1a: Dracovish|0 fnt\n|faint|p1a: Dracovish\n|\n|upkeep\n|\n|t:|1700014018\n|switch|p1a: Pikachu|Pikachu, M|100\/100\n|-damage|p1a: Pikachu|88\/100|[from] Stealth Rock\n|turn|4\n|\n|t:|1700014022\n|switch|p2a: Chansey|Chansey, F, shiny|100\/100\n|move|p1a: Pikachu|Thunderbolt|p2a: Chansey\n|-damage|p2a: Chansey|86\/100\n|\n|upkeep\n|turn|5\n|\n|t:|1700014028\n|move|p1a: Pikachu|Iron Tail|p2a: Chansey\n|-damage|p2a: Chansey|65\/100\n|move|p2a: Chansey|Seismic Toss|p1a: Pikachu\n|-damage|p1a: Pikachu|41\/100\n|\n|upkeep\n|turn|6\n|\n|t:|1700014034\n|move|p1a: Pikachu|Volt Tackle|p2a: Chansey\n|-damage|p2a: Chansey|28\/100\n|-damage|p1a: Pikachu|0 fnt|[from] Recoil\n|faint|p1a: Pikachu\n|move|p2a: Chansey|Soft-Boiled|p2a: Chansey\n|-heal|p2a: Chansey|78\/100\n|\n|upkeep\n|\n|t:|1700014039\n|switch|p1a: Sirfetch\u2019d|Sirfetch\u2019d, M|100\/100\n|-damage|p1a: Sirfetch\u2019d|95\/100|[from] Stealth Rock\n|turn|7\n|\n|t:|1700014043\n|switch|p2a: Zapdos|Zapdos|100\/100\n|move|p1a: Sirfetch\u2019d|Close Combat|p2a: Zapdos\n|-resisted|p2a: Zapdos\n|-damage|p2a: Zapdos|68\/100\n|-unboost|p1a: Sirfetch\u2019d|def|1\n|-unboost|p1a: Sirfetch\u2019d|spd|1\n|\n|upkeep\n|turn|8\n|\n|t:|1700014048\n|switch|p1a: Dragonite|Dragonite, F|100\/100\n|-damage|p1a: Dragonite|76\/100|[from] Stealth Rock\n|move|p2a: Zapdos|Hurricane|p1a: Dragonite\n|-damage|p1a: Dragonite|30\/100\n|\n|-heal|p1a: Dragonite|36\/100|[from] item: Leftovers\n|upkeep\n|turn|9\n|\n|t:|1700014054\n|move|p2a: Zapdos|Volt Switch|p1a: Dragonite\n|-damage|p1a: Dragonite|5\/100\n|\n|t:|1700014056\n|switch|p2a: Clefable|Clefable, F|100\/100|[from] Volt Switch\n|move|p1a: Dragonite|Dragon Claw|p2a: Clefable\n|-immune|p2a: Clefable\n|\n|-heal|p1a: Dragonite|11\/100|[from] item: Leftovers\n|upkeep\n|turn|10\n|\n|t:|1700014059\n|move|p1a: Dragonite|Fire Punch|p2a: Clefable\n|-damage|p2a: Clefable|78\/100\n|move|p2a: Clefable|Moonblast|p1a: Dragonite\n|-supereffective|p1a: Dragonite\n|-crit|p1a: Dragonite\n|-damage|p1a: Dragonite|0 fnt\n|faint|p1a: Dragonite\n|\n|-heal|p2a: Clefable|85\/100|[from] item: Leftovers\n|upkeep\n|\n|t:|1700014063\n|switch|p1a: Lucario|Lucario, M|100\/100\n|-damage|p1a: Lucario|98\/100|[from] Stealth Rock\n|turn|11\n|\n|t:|1700014066\n|switch|p2a: Zapdos|Zapdos|68\/100\n|detailschange|p1a: Lucario|Lucario-Mega, M\n|-mega|p1a: Lucario|Lucario|Lucarionite\n|move|p1a: Lucario|Meteor Mash|p2a: Zapdos\n|-resisted|p2a: Zapdos\n|-crit|p2a: Zapdos\n|-damage|p2a: Zapdos|27\/100\n|-boost|p1a: Lucario|atk|1\n|\n|upkeep\n|turn|12\n|\n|t:|1700014074\n|move|p1a: Lucario|Ice Punch|p2a: Zapdos\n|-supereffective|p2a: Zapdos\n|-damage|p2a: Zapdos|0 fnt\n|faint|p2a: Zapdos\n|\n|upkeep\n|\n|t:|1700014079\n|switch|p2a: Clefable|Clefable, F|85\/100\n|turn|13\n|\n|t:|1700014083\n|-terastallize|p2a: Clefable|Steel\n|move|p1a: Lucario|Meteor Mash|p2a: Clefable\n|-resisted|p2a: Clefable\n|-damage|p2a: Clefable|61\/100\n|move|p2a: Clefable|Flamethrower|p1a: Lucario\n|-supereffective|p1a: Lucario\n|-damage|p1a: Lucario|36\/100\n|\n|-heal|p2a: Clefable|67\/100|[from] item: Leftovers\n|upkeep\n|turn|14\n|\n|t:|1700014087\n|move|p1a: Lucario|Aura Sphere|p2a: Clefable\n|-supereffective|p2a: Clefable\n|-damage|p2a: Clefable|0 fnt\n|faint|p2a: Clefable\n|\n|upkeep\n|\n|t:|1700014095\n|switch|p2a: Gengar|Gengar, M|100\/100\n|turn|15\n|\n|t:|1700014099\n|move|p1a: Lucario|Meteor Mash|p2a: Gengar\n|-enditem|p2a: Gengar|Focus Sash\n|-damage|p2a: Gengar|1\/100\n|move|p2a: Gengar|Shadow Ball|p1a: Lucario\n|-crit|p1a: Lucario\n|-damage|p1a: Lucario|0 fnt\n|faint|p1a: Lucario\n|\n|upkeep\n|\n|t:|1700014105\n|switch|p1a: Sirfetch\u2019d|Sirfetch\u2019d, M|95\/100\n|-damage|p1a: Sirfetch\u2019d|89\/100|[from] Stealth Rock\n|turn|16\n|\n|t:|1700014107\n|switch|p2a: Blastoise|Blastoise-Mega, M|100\/100\n|move|p1a: Sirfetch\u2019d|First Impression|p2a: Blastoise\n|-damage|p2a: Blastoise|64\/100\n|\n|upkeep\n|turn|17\n|\n|t:|1700014111\n|move|p2a: Blastoise|Water Pulse|p1a: Sirfetch\u2019d\n|-damage|p1a: Sirfetch\u2019d|14\/100\n|move|p1a: Sirfetch\u2019d|Close Combat|p2a: Blastoise\n|-damage|p2a: Blastoise|0 fnt\n|-unboost|p1a: Sirfetch\u2019d|def|1\n|-unboost|p1a: Sirfetch\u2019d|spd|1\n|faint|p2a: Blastoise\n|\n|upkeep\n|\n|t:|1700014116\n|switch|p2a: Gengar|Gengar, M|1\/100\n|turn|18\n|\n|t:|1700014118\n|move|p2a: Gengar|Shadow Ball|p1a: Sirfetch\u2019d\n|-damage|p1a: Sirfetch\u2019d|0 fnt\n|faint|p1a: Sirfetch\u2019d\n|\n|upkeep\n|\n|t:|1700014120\n|switch|p1a: Gengar|Gengar, M|100\/100\n|-damage|p1a: Gengar|88\/100|[from] Stealth Rock\n|turn|19\n|\n|t:|1700014123\n|move|p1a: Gengar|Shadow Ball|p2a: Gengar\n|-supereffective|p2a: Gengar\n|-damage|p2a: Gengar|0 fnt\n|faint|p2a: Gengar\n|\n|upkeep\n|\n|t:|1700014125\n|switch|p2a: Chansey|Chansey, F, shiny|78\/100\n|turn|20\n|\n|t:|1700014128\n|move|p1a: Gengar|Sludge Bomb|p2a: Chansey\n|-damage|p2a: Chansey|62\/100\n|move|p2a: Chansey|Thunder Wave|p1a: Gengar|[miss]\n|-miss|p2a: Chansey|p1a: Gengar\n|\n|upkeep\n|turn|21\n|\n|t:|1700014133\n|move|p1a: Gengar|Sludge Bomb|p2a: Chansey\n|-damage|p2a: Chansey|48\/100\n|move|p2a: Chansey|Thunder Wave|p1a: Gengar\n|-status|p1a: Gengar|par\n|\n|upkeep\n|turn|22\n|\n|t:|1700014136\n|cant|p1a: Gengar|par\n|move|p2a: Chansey|Soft-Boiled|p2a: Chansey\n|-heal|p2a: Chansey|98\/100\n|\n|upkeep\n|turn|23\n|\n|t:|1700014139\n|cant|p1a: Gengar|par\n|move|p2a: Chansey|Copycat|p2a: Chansey\n|move|p2a: Chansey|Soft-Boiled|p2a: Chansey|[from]move: Copycat\n|-heal|p2a: Chansey|100\/100\n|\n|upkeep\n|turn|24\n|\n|t:|1700014142\n|move|p1a: Gengar|Sludge Bomb|p2a: Chansey\n|-damage|p2a: Chansey|85\/100\n|-status|p2a: Chansey|psn\n|move|p2a: Chansey|Copycat|p2a: Chansey\n|move|p2a: Chansey|Sludge Bomb|p1a: Gengar|[from]move: Copycat\n|-resisted|p1a: Gengar\n|-damage|p1a: Gengar|84\/100 par\n|\n|-damage|p2a: Chansey|73\/100 psn|[from] psn\n|upkeep\n|turn|25\n|\n|t:|1700014159\n|move|p1a: Gengar|Sludge Bomb|p2a: Chansey\n|-damage|p2a: Chansey|58\/100 psn\n|move|p2a: Chansey|Copycat|p2a: Chansey\n|move|p2a: Chansey|Sludge Bomb|p1a: Gengar|[from]move: Copycat\n|-resisted|p1a: Gengar\n|-damage|p1a: Gengar|81\/100 par\n|-start|p2a: Chansey|Disable|Copycat|[from] ability: Cursed Body|[of] p1a: Gengar\n|\n|-damage|p2a: Chansey|46\/100 psn|[from] psn\n|upkeep\n|turn|26\n|\n|t:|1700014168\n|move|p1a: Gengar|Sludge Bomb|p2a: Chansey\n|-damage|p2a: Chansey|32\/100 psn\n|move|p2a: Chansey|Soft-Boiled|p2a: Chansey\n|-heal|p2a: Chansey|82\/100 psn\n|\n|-damage|p2a: Chansey|70\/100 psn|[from] psn\n|upkeep\n|turn|27\n|\n|t:|1700014173\n|move|p1a: Gengar|Icy Wind|p2a: Chansey\n|-damage|p2a: Chansey|63\/100 psn\n|-unboost|p2a: Chansey|spe|1\n|move|p2a: Chansey|Soft-Boiled|p2a: Chansey\n|-heal|p2a: Chansey|100\/100 psn\n|\n|-damage|p2a: Chansey|88\/100 psn|[from] psn\n|upkeep\n|turn|28\n|\n|t:|1700014177\n|move|p1a: Gengar|Icy Wind|p2a: Chansey\n|-damage|p2a: Chansey|82\/100 psn\n|-unboost|p2a: Chansey|spe|1\n|move|p2a: Chansey|Thunder Wave|p1a: Gengar\n|-fail|p1a: Gengar|par\n|\n|-damage|p2a: Chansey|69\/100 psn|[from] psn\n|-end|p2a: Chansey|Disable\n|upkeep\n|turn|29\n|\n|t:|1700014182\n|cant|p1a: Gengar|par\n|move|p2a: Chansey|Copycat|p2a: Chansey\n|move|p2a: Chansey|Thunder Wave|p1a: Gengar|[from]move: Copycat\n|-fail|p1a: Gengar|par\n|\n|-damage|p2a: Chansey|57\/100 psn|[from] psn\n|upkeep\n|turn|30\n|\n|t:|1700014199\n|move|p1a: Gengar|Dazzling Gleam|p2a: Chansey\n|-crit|p2a: Chansey\n|-damage|p2a: Chansey|44\/100 psn\n|move|p2a: Chansey|Copycat|p2a: Chansey\n|move|p2a: Chansey|Dazzling Gleam|p1a: Gengar|[from]move: Copycat\n|-resisted|p1a: Gengar\n|-damage|p1a: Gengar|74\/100 par\n|-start|p2a: Chansey|Disable|Copycat|[from] ability: Cursed Body|[of] p1a: Gengar\n|\n|-damage|p2a: Chansey|32\/100 psn|[from] psn\n|upkeep\n|turn|31\n|\n|t:|1700014209\n|move|p1a: Gengar|Sludge Bomb|p2a: Chansey\n|-damage|p2a: Chansey|17\/100 psn\n|move|p2a: Chansey|Soft-Boiled|p2a: Chansey\n|-heal|p2a: Chansey|67\/100 psn\n|\n|-damage|p2a: Chansey|54\/100 psn|[from] psn\n|upkeep\n|turn|32\n|\n|t:|1700014218\n|move|p1a: Gengar|Sludge Bomb|p2a: Chansey\n|-damage|p2a: Chansey|39\/100 psn\n|move|p2a: Chansey|Soft-Boiled|p2a: Chansey\n|-heal|p2a: Chansey|89\/100 psn\n|\n|-damage|p2a: Chansey|77\/100 psn|[from] psn\n|upkeep\n|turn|33\n|\n|t:|1700014225\n|move|p1a: Gengar|Sludge Bomb|p2a: Chansey\n|-damage|p2a: Chansey|62\/100 psn\n|move|p2a: Chansey|Soft-Boiled|p2a: Chansey\n|-heal|p2a: Chansey|100\/100 psn\n|\n|-damage|p2a: Chansey|88\/100 psn|[from] psn\n|-end|p2a: Chansey|Disable\n|upkeep\n|turn|34\n|\n|t:|1700014234\n|move|p1a: Gengar|Dazzling Gleam|p2a: Chansey\n|-damage|p2a: Chansey|79\/100 psn\n|move|p2a: Chansey|Copycat|p2a: Chansey\n|move|p2a: Chansey|Dazzling Gleam|p1a: Gengar|[from]move: Copycat\n|-resisted|p1a: Gengar\n|-damage|p1a: Gengar|67\/100 par\n|-start|p2a: Chansey|Disable|Copycat|[from] ability: Cursed Body|[of] p1a: Gengar\n|\n|-damage|p2a: Chansey|66\/100 psn|[from] psn\n|upkeep\n|turn|35\n|-message|Poopoo2 forfeited.\n|\n|win|KJ.nyc\n|raw|KJ.nyc's rating: 1218 &rarr; <strong>1239<\/strong><br \/>(+21 for winning)\n|raw|Poopoo2's rating: 1159 &rarr; <strong>1138<\/strong><br \/>(-21 for losing)\n|l|\u2606Poopoo2\n|c|\u2606KJ.nyc|gg\n","uploadtime":1700014244,"views":7,"p1id":"kjnyc","p2id":"poopoo2","formatid":"gen9nationaldexubers","rating":1138,"private":0,"password":""}