{"id":"gen9nationaldexubers-1988336917","p1":"WRLD_Endu","p2":"The_Garry_13","format":"[Gen 9] National Dex Ubers","log":"|j|\u2606WRLD_Endu\n|j|\u2606The_Garry_13\n|t:|1699710523\n|gametype|singles\n|player|p1|WRLD_Endu|shadowtriad|1427\n|player|p2|The_Garry_13|lance-gen1|1417\n|teamsize|p1|6\n|teamsize|p2|6\n|gen|9\n|tier|[Gen 9] National Dex Ubers\n|rated|\n|rule|HP Percentage Mod: HP is shown in percentages\n|rule|Endless Battle Clause: Forcing endless battles is banned\n|rule|OHKO Clause: OHKO moves are banned\n|rule|Evasion Moves Clause: Evasion moves are banned\n|rule|Evasion Items Clause: Evasion items are banned\n|rule|Species Clause: Limit one of each Pok\u00e9mon\n|rule|Sleep Clause Mod: Limit one foe put to sleep\n|rule|Mega Rayquaza Clause: You cannot mega evolve Rayquaza\n|clearpoke\n|poke|p1|Torkoal, M|\n|poke|p1|Great Tusk|\n|poke|p1|Chi-Yu|\n|poke|p1|Roaring Moon|\n|poke|p1|Dragapult, M|\n|poke|p1|Charizard, F|\n|poke|p2|Marshadow|\n|poke|p2|Groudon|\n|poke|p2|Kyogre|\n|poke|p2|Darkrai|\n|poke|p2|Rayquaza|\n|poke|p2|Lugia|\n|teampreview\n|inactive|Battle timer is ON: inactive players will automatically lose when time's up. (requested by WRLD_Endu)\n|\n|t:|1699710532\n|start\n|switch|p1a: Torkoal|Torkoal, M, shiny|100\/100\n|switch|p2a: Kyogre|Kyogre|100\/100\n|-weather|RainDance|[from] ability: Drizzle|[of] p2a: Kyogre\n|-weather|SunnyDay|[from] ability: Drought|[of] p1a: Torkoal\n|turn|1\n|\n|t:|1699710555\n|switch|p2a: Lugia|Lugia|100\/100\n|switch|p1a: Dragapult|Dragapult, M|100\/100\n|\n|-weather|SunnyDay|[upkeep]\n|upkeep\n|turn|2\n|\n|t:|1699710563\n|move|p1a: Dragapult|Shadow Ball|p2a: Lugia\n|-supereffective|p2a: Lugia\n|-damage|p2a: Lugia|78\/100\n|move|p2a: Lugia|Toxic|p1a: Dragapult\n|-status|p1a: Dragapult|tox\n|\n|-weather|SunnyDay|[upkeep]\n|-heal|p2a: Lugia|84\/100|[from] item: Leftovers\n|-damage|p1a: Dragapult|95\/100 tox|[from] psn\n|upkeep\n|turn|3\n|\n|t:|1699710573\n|move|p1a: Dragapult|Shadow Ball|p2a: Lugia\n|-supereffective|p2a: Lugia\n|-crit|p2a: Lugia\n|-damage|p2a: Lugia|21\/100\n|move|p2a: Lugia|Roost|p2a: Lugia\n|-heal|p2a: Lugia|71\/100\n|-singleturn|p2a: Lugia|move: Roost\n|\n|-weather|SunnyDay|[upkeep]\n|-heal|p2a: Lugia|77\/100|[from] item: Leftovers\n|-damage|p1a: Dragapult|83\/100 tox|[from] psn\n|upkeep\n|turn|4\n|\n|t:|1699710585\n|switch|p1a: Charizard|Charizard, F, shiny|100\/100\n|move|p2a: Lugia|Roost|p2a: Lugia\n|-heal|p2a: Lugia|100\/100\n|-singleturn|p2a: Lugia|move: Roost\n|\n|-weather|SunnyDay|[upkeep]\n|upkeep\n|turn|5\n|\n|t:|1699710597\n|switch|p1a: Dragapult|Dragapult, M|83\/100 tox\n|move|p2a: Lugia|Toxic|p1a: Dragapult|[miss]\n|-miss|p2a: Lugia|p1a: Dragapult\n|\n|-weather|SunnyDay|[upkeep]\n|-damage|p1a: Dragapult|77\/100 tox|[from] psn\n|upkeep\n|turn|6\n|\n|t:|1699710608\n|move|p1a: Dragapult|U-turn|p2a: Lugia\n|-damage|p2a: Lugia|94\/100\n|\n|t:|1699710612\n|switch|p1a: Great Tusk|Great Tusk, shiny|100\/100|[from] U-turn\n|-activate|p1a: Great Tusk|ability: Protosynthesis\n|-start|p1a: Great Tusk|protosynthesisdef\n|move|p2a: Lugia|Aeroblast|p1a: Great Tusk\n|-supereffective|p1a: Great Tusk\n|-damage|p1a: Great Tusk|62\/100\n|\n|-weather|SunnyDay|[upkeep]\n|-heal|p2a: Lugia|100\/100|[from] item: Leftovers\n|upkeep\n|turn|7\n|\n|t:|1699710624\n|move|p1a: Great Tusk|Knock Off|p2a: Lugia\n|-supereffective|p2a: Lugia\n|-damage|p2a: Lugia|81\/100\n|-enditem|p2a: Lugia|Leftovers|[from] move: Knock Off|[of] p1a: Great Tusk\n|move|p2a: Lugia|Toxic|p1a: Great Tusk\n|-status|p1a: Great Tusk|tox\n|\n|-weather|SunnyDay|[upkeep]\n|-damage|p1a: Great Tusk|55\/100 tox|[from] psn\n|upkeep\n|turn|8\n|\n|t:|1699710635\n|move|p1a: Great Tusk|Knock Off|p2a: Lugia\n|-supereffective|p2a: Lugia\n|-damage|p2a: Lugia|56\/100\n|move|p2a: Lugia|Roost|p2a: Lugia\n|-heal|p2a: Lugia|100\/100\n|-singleturn|p2a: Lugia|move: Roost\n|\n|-weather|none\n|-end|p1a: Great Tusk|Protosynthesis\n|-damage|p1a: Great Tusk|43\/100 tox|[from] psn\n|upkeep\n|turn|9\n|\n|t:|1699710655\n|-end|p1a: Great Tusk|Protosynthesis|[silent]\n|switch|p1a: Torkoal|Torkoal, M, shiny|100\/100\n|-weather|SunnyDay|[from] ability: Drought|[of] p1a: Torkoal\n|move|p2a: Lugia|Aeroblast|p1a: Torkoal\n|-damage|p1a: Torkoal|59\/100\n|\n|-weather|SunnyDay|[upkeep]\n|upkeep\n|turn|10\n|\n|t:|1699710664\n|move|p2a: Lugia|Toxic|p1a: Torkoal\n|-status|p1a: Torkoal|tox\n|move|p1a: Torkoal|Stealth Rock|p2a: Lugia\n|-sidestart|p2: The_Garry_13|move: Stealth Rock\n|\n|-weather|SunnyDay|[upkeep]\n|-damage|p1a: Torkoal|52\/100 tox|[from] psn\n|upkeep\n|turn|11\n|c|\u2606WRLD_Endu|piece of sh-it\n|\n|t:|1699710683\n|switch|p1a: Charizard|Charizard, F, shiny|100\/100\n|move|p2a: Lugia|Defog|p1a: Charizard\n|-unboost|p1a: Charizard|evasion|1\n|-sideend|p2: The_Garry_13|Stealth Rock|[from] move: Defog|[of] p2a: Lugia\n|\n|-weather|SunnyDay|[upkeep]\n|upkeep\n|turn|12\n|\n|t:|1699710697\n|detailschange|p1a: Charizard|Charizard-Mega-Y, F, shiny\n|-mega|p1a: Charizard|Charizard|Charizardite Y\n|move|p1a: Charizard|Overheat|p2a: Lugia\n|-damage|p2a: Lugia|77\/100\n|-unboost|p1a: Charizard|spa|2\n|move|p2a: Lugia|Toxic|p1a: Charizard\n|-status|p1a: Charizard|tox\n|\n|-weather|SunnyDay|[upkeep]\n|-damage|p1a: Charizard|94\/100 tox|[from] psn\n|upkeep\n|turn|13\n|\n|t:|1699710711\n|move|p1a: Charizard|Overheat|p2a: Lugia\n|-damage|p2a: Lugia|51\/100\n|-unboost|p1a: Charizard|spa|2\n|move|p2a: Lugia|Aeroblast|p1a: Charizard\n|-crit|p1a: Charizard\n|-damage|p1a: Charizard|43\/100 tox\n|\n|-weather|SunnyDay|[upkeep]\n|-damage|p1a: Charizard|30\/100 tox|[from] psn\n|upkeep\n|turn|14\n|c|\u2606WRLD_Endu|you fuck-ing loser\n|inactive|WRLD_Endu has 120 seconds left.\n|c|\u2606WRLD_Endu|have fun im going to waste your time\n|inactive|WRLD_Endu has 90 seconds left.\n|inactive|WRLD_Endu has 60 seconds left.\n|inactive|WRLD_Endu has 30 seconds left.\n|inactive|WRLD_Endu has 20 seconds left.\n|\n|t:|1699710844\n|switch|p1a: Dragapult|Dragapult, M|77\/100 tox\n|move|p2a: Lugia|Roost|p2a: Lugia\n|-heal|p2a: Lugia|100\/100\n|-singleturn|p2a: Lugia|move: Roost\n|\n|-weather|SunnyDay|[upkeep]\n|-damage|p1a: Dragapult|71\/100 tox|[from] psn\n|upkeep\n|turn|15\n|inactive|WRLD_Endu has 30 seconds left this turn.\n|\n|t:|1699710861\n|switch|p1a: Charizard|Charizard-Mega-Y, F, shiny|30\/100 tox\n|move|p2a: Lugia|Aeroblast|p1a: Charizard\n|-damage|p1a: Charizard|0 fnt\n|faint|p1a: Charizard\n|\n|-weather|SunnyDay|[upkeep]\n|upkeep\n|inactive|WRLD_Endu has 30 seconds left.\n|\n|t:|1699710868\n|switch|p1a: Dragapult|Dragapult, M|71\/100 tox\n|turn|16\n|\n|t:|1699710880\n|switch|p1a: Roaring Moon|Roaring Moon, shiny|100\/100\n|-activate|p1a: Roaring Moon|ability: Protosynthesis\n|-start|p1a: Roaring Moon|protosynthesisspe\n|move|p2a: Lugia|Aeroblast|p1a: Roaring Moon\n|-damage|p1a: Roaring Moon|72\/100\n|\n|-weather|none\n|-end|p1a: Roaring Moon|Protosynthesis\n|upkeep\n|turn|17\n|c|\u2606The_Garry_13|Np i report u\n|c|\u2606The_Garry_13|1 sec\n|inactive|WRLD_Endu has 30 seconds left.\n|inactive|The_Garry_13 has 120 seconds left.\n|\n|t:|1699710920\n|-end|p1a: Roaring Moon|Protosynthesis|[silent]\n|switch|p1a: Dragapult|Dragapult, M|71\/100 tox\n|move|p2a: Lugia|Toxic|p1a: Dragapult\n|-fail|p1a: Dragapult|tox\n|\n|-damage|p1a: Dragapult|65\/100 tox|[from] psn\n|upkeep\n|turn|18\n|inactive|WRLD_Endu has 30 seconds left.\n|\n|t:|1699710941\n|switch|p1a: Great Tusk|Great Tusk, shiny|43\/100 tox\n|move|p2a: Lugia|Aeroblast|p1a: Great Tusk\n|-supereffective|p1a: Great Tusk\n|-damage|p1a: Great Tusk|4\/100 tox\n|\n|-damage|p1a: Great Tusk|0 fnt|[from] psn\n|faint|p1a: Great Tusk\n|-end|p1a: Great Tusk|Protosynthesis|[silent]\n|upkeep\n|inactive|WRLD_Endu has 30 seconds left.\n|\n|t:|1699710950\n|switch|p1a: Torkoal|Torkoal, M, shiny|52\/100 tox\n|-weather|SunnyDay|[from] ability: Drought|[of] p1a: Torkoal\n|turn|19\n|\n|t:|1699710956\n|switch|p1a: Dragapult|Dragapult, M|65\/100 tox\n|move|p2a: Lugia|Aeroblast|p1a: Dragapult\n|-damage|p1a: Dragapult|23\/100 tox\n|\n|-weather|SunnyDay|[upkeep]\n|-damage|p1a: Dragapult|17\/100 tox|[from] psn\n|upkeep\n|turn|20\n|inactive|The_Garry_13 has 120 seconds left.\n|\n|t:|1699710965\n|move|p1a: Dragapult|Thunderbolt|p2a: Lugia\n|-supereffective|p2a: Lugia\n|-crit|p2a: Lugia\n|-damage|p2a: Lugia|76\/100\n|-status|p2a: Lugia|par\n|move|p2a: Lugia|Aeroblast|p1a: Dragapult\n|-damage|p1a: Dragapult|0 fnt\n|faint|p1a: Dragapult\n|\n|-weather|SunnyDay|[upkeep]\n|upkeep\n|\n|t:|1699710973\n|switch|p1a: Roaring Moon|Roaring Moon, shiny|72\/100\n|-activate|p1a: Roaring Moon|ability: Protosynthesis\n|-start|p1a: Roaring Moon|protosynthesisspe\n|turn|21\n|\n|t:|1699710980\n|switch|p2a: Groudon|Groudon, shiny|100\/100\n|detailschange|p2a: Groudon|Groudon-Primal, shiny\n|-primal|p2a: Groudon|Red Orb\n|-weather|DesolateLand|[from] ability: Desolate Land|[of] p2a: Groudon\n|-end|p1a: Roaring Moon|Protosynthesis\n|move|p1a: Roaring Moon|Crunch|p2a: Groudon\n|-damage|p2a: Groudon|70\/100\n|\n|-weather|DesolateLand|[upkeep]\n|upkeep\n|turn|22\n|c|\u2606WRLD_Endu|such a loser\n|\n|t:|1699710994\n|-end|p1a: Roaring Moon|Protosynthesis|[silent]\n|switch|p1a: Torkoal|Torkoal, M, shiny|52\/100 tox\n|-ability|p1a: Torkoal|Drought|[from] desolateland|[fail]\n|move|p2a: Groudon|Heat Crash|p1a: Torkoal\n|-resisted|p1a: Torkoal\n|-damage|p1a: Torkoal|16\/100 tox\n|\n|-weather|DesolateLand|[upkeep]\n|-damage|p1a: Torkoal|10\/100 tox|[from] psn\n|upkeep\n|turn|23\n|\n|t:|1699711005\n|move|p2a: Groudon|Earthquake|p1a: Torkoal\n|-supereffective|p1a: Torkoal\n|-damage|p1a: Torkoal|0 fnt\n|faint|p1a: Torkoal\n|\n|-weather|DesolateLand|[upkeep]\n|upkeep\n|inactive|WRLD_Endu has 60 seconds left.\n|\n|t:|1699711016\n|switch|p1a: Chi-Yu|Chi-Yu|100\/100\n|-ability|p1a: Chi-Yu|Beads of Ruin\n|turn|24\n|c|\u2606The_Garry_13|6vs0\n|c|\u2606The_Garry_13|Nice Battle\n|inactive|WRLD_Endu has 60 seconds left.\n|c|\u2606WRLD_Endu|cause ur team is reta-rded like u reta-rd\n|\n|t:|1699711049\n|move|p1a: Chi-Yu|Overheat|p2a: Groudon\n|-resisted|p2a: Groudon\n|-damage|p2a: Groudon|0 fnt\n|-unboost|p1a: Chi-Yu|spa|2\n|faint|p2a: Groudon\n|-weather|none\n|\n|upkeep\n|\n|t:|1699711065\n|switch|p2a: Kyogre|Kyogre|100\/100\n|-weather|RainDance|[from] ability: Drizzle|[of] p2a: Kyogre\n|turn|25\n|c|\u2606The_Garry_13|Ty for that\n|c|\u2606The_Garry_13|Another report\n|c|\u2606WRLD_Endu|look at this no innovation ur probs boring irl\n|inactive|WRLD_Endu has 30 seconds left.\n|inactive|The_Garry_13 has 120 seconds left.\n|c|\u2606WRLD_Endu|no friends just in a dark room\n|c|\u2606WRLD_Endu|playing games all day\n|inactive|The_Garry_13 has 90 seconds left.\n|\n|t:|1699711126\n|switch|p1a: Roaring Moon|Roaring Moon, shiny|72\/100\n|move|p2a: Kyogre|Water Spout|p1a: Roaring Moon\n|-resisted|p1a: Roaring Moon\n|-damage|p1a: Roaring Moon|4\/100\n|\n|-weather|RainDance|[upkeep]\n|upkeep\n|turn|26\n|inactive|WRLD_Endu has 30 seconds left.\n|inactive|WRLD_Endu has 20 seconds left.\n|n|\u203dWRLD_Endu|wrldendu\n|inactive|The_Garry_13 has 60 seconds left.\n|\n|t:|1699711162\n|move|p2a: Kyogre|Water Spout|p1a: Roaring Moon\n|-resisted|p1a: Roaring Moon\n|-crit|p1a: Roaring Moon\n|-damage|p1a: Roaring Moon|0 fnt\n|faint|p1a: Roaring Moon\n|-end|p1a: Roaring Moon|Protosynthesis|[silent]\n|\n|-weather|RainDance|[upkeep]\n|upkeep\n|inactive|WRLD_Endu has 25 seconds left this turn.\n|inactive|WRLD_Endu has 20 seconds left.\n|inactive|WRLD_Endu has 15 seconds left.\n|inactive|WRLD_Endu has 10 seconds left.\n|c|\u2606The_Garry_13|UPS\n|\n|t:|1699711182\n|switch|p1a: Chi-Yu|Chi-Yu|100\/100\n|-ability|p1a: Chi-Yu|Beads of Ruin\n|turn|27\n|inactive|WRLD_Endu has 20 seconds left this turn.\n|inactive|WRLD_Endu has 15 seconds left.\n|inactive|WRLD_Endu has 10 seconds left.\n|inactive|The_Garry_13 has 60 seconds left.\n|c|\u2606The_Garry_13|Why not say smth now?\n|inactive|WRLD_Endu has 5 seconds left.\n|-message|WRLD_Endu lost due to inactivity.\n|\n|win|The_Garry_13\n|raw|WRLD_Endu's rating: 1444 &rarr; <strong>1422<\/strong><br \/>(-22 for losing)\n|raw|The_Garry_13's rating: 1417 &rarr; <strong>1439<\/strong><br \/>(+22 for winning)\n","uploadtime":1699710732,"views":5,"p1id":"wrldendu","p2id":"thegarry13","formatid":"gen9nationaldexubers","rating":1422,"private":0,"password":""}