{"id":"gen9nationaldexubers-1994299268","p1":"700club","p2":"alexmp45","format":"[Gen 9] National Dex Ubers","log":"|j|\u2606700club\n|j|\u2606alexmp45\n|t:|1700428523\n|gametype|singles\n|player|p1|700club|shadowtriad|1332\n|player|p2|alexmp45|101|1216\n|teamsize|p1|6\n|teamsize|p2|6\n|gen|9\n|tier|[Gen 9] National Dex Ubers\n|rated|\n|rule|HP Percentage Mod: HP is shown in percentages\n|rule|Endless Battle Clause: Forcing endless battles is banned\n|rule|OHKO Clause: OHKO moves are banned\n|rule|Evasion Moves Clause: Evasion moves are banned\n|rule|Evasion Items Clause: Evasion items are banned\n|rule|Species Clause: Limit one of each Pok\u00e9mon\n|rule|Sleep Clause Mod: Limit one foe put to sleep\n|rule|Mega Rayquaza Clause: You cannot mega evolve Rayquaza\n|clearpoke\n|poke|p1|Ogerpon-Hearthflame, F|\n|poke|p1|Ditto|\n|poke|p1|Deoxys-Speed|\n|poke|p1|Mewtwo|\n|poke|p1|Necrozma-Dusk-Mane|\n|poke|p1|Genesect|\n|poke|p2|Sandy Shocks|\n|poke|p2|Ogerpon-Wellspring, F|\n|poke|p2|Kartana|\n|poke|p2|Venusaur, M|\n|poke|p2|Torterra, F|\n|poke|p2|Rotom-Wash|\n|teampreview\n|c|\u2606700club|hi\n|c|\u2606alexmp45|hi\n|\n|t:|1700428542\n|start\n|switch|p1a: Deoxys|Deoxys-Speed|100\/100\n|switch|p2a: Sandy Shocks|Sandy Shocks|100\/100\n|-ability|p1a: Deoxys|Pressure\n|turn|1\n|\n|t:|1700428561\n|move|p1a: Deoxys|Taunt|p2a: Sandy Shocks\n|-start|p2a: Sandy Shocks|move: Taunt\n|move|p2a: Sandy Shocks|Volt Switch|p1a: Deoxys\n|-damage|p1a: Deoxys|59\/100\n|\n|t:|1700428566\n|-end|p2a: Sandy Shocks|Protosynthesis|[silent]\n|switch|p2a: Torterra|Torterra, F|100\/100|[from] Volt Switch\n|\n|upkeep\n|turn|2\n|\n|t:|1700428573\n|move|p1a: Deoxys|Stealth Rock|p2a: Torterra\n|-sidestart|p2: alexmp45|move: Stealth Rock\n|move|p2a: Torterra|Shell Smash|p2a: Torterra\n|-unboost|p2a: Torterra|def|1\n|-unboost|p2a: Torterra|spd|1\n|-boost|p2a: Torterra|atk|2\n|-boost|p2a: Torterra|spa|2\n|-boost|p2a: Torterra|spe|2\n|\n|upkeep\n|turn|3\n|\n|t:|1700428592\n|move|p1a: Deoxys|Reflect|p1a: Deoxys\n|-sidestart|p1: 700club|Reflect\n|move|p2a: Torterra|Seed Bomb|p1a: Deoxys\n|-damage|p1a: Deoxys|12\/100\n|\n|upkeep\n|turn|4\n|\n|t:|1700428598\n|move|p1a: Deoxys|Taunt|p2a: Torterra\n|-start|p2a: Torterra|move: Taunt\n|move|p2a: Torterra|Earthquake|p1a: Deoxys\n|-damage|p1a: Deoxys|0 fnt\n|faint|p1a: Deoxys\n|\n|upkeep\n|\n|t:|1700428619\n|switch|p1a: Mewtwo|Mewtwo|100\/100\n|-ability|p1a: Mewtwo|Unnerve\n|turn|5\n|\n|t:|1700428635\n|detailschange|p1a: Mewtwo|Mewtwo-Mega-Y\n|-mega|p1a: Mewtwo|Mewtwo|Mewtwonite Y\n|move|p2a: Torterra|Seed Bomb|p1a: Mewtwo\n|-damage|p1a: Mewtwo|50\/100\n|move|p1a: Mewtwo|Ice Beam|p2a: Torterra\n|-supereffective|p2a: Torterra\n|-enditem|p2a: Torterra|Focus Sash\n|-damage|p2a: Torterra|1\/100\n|\n|upkeep\n|turn|6\n|\n|t:|1700428645\n|move|p2a: Torterra|Earthquake|p1a: Mewtwo\n|-damage|p1a: Mewtwo|0 fnt\n|faint|p1a: Mewtwo\n|\n|-end|p2a: Torterra|move: Taunt\n|upkeep\n|\n|t:|1700428660\n|switch|p1a: Genesect|Genesect|100\/100\n|-ability|p1a: Genesect|Download|boost\n|-boost|p1a: Genesect|spa|1\n|turn|7\n|\n|t:|1700428674\n|switch|p2a: Rotom|Rotom-Wash|100\/100\n|-damage|p2a: Rotom|88\/100|[from] Stealth Rock\n|move|p1a: Genesect|U-turn|p2a: Rotom\n|-damage|p2a: Rotom|62\/100\n|\n|t:|1700428692\n|switch|p1a: Ogerpon|Ogerpon-Hearthflame, F|100\/100|[from] U-turn\n|-ability|p1a: Ogerpon|Mold Breaker\n|\n|-heal|p2a: Rotom|69\/100|[from] item: Leftovers\n|-sideend|p1: 700club|Reflect\n|upkeep\n|turn|8\n|\n|t:|1700428711\n|move|p1a: Ogerpon|Substitute|p1a: Ogerpon\n|-start|p1a: Ogerpon|Substitute\n|-damage|p1a: Ogerpon|76\/100\n|move|p2a: Rotom|Toxic|p1a: Ogerpon|[miss]\n|-miss|p2a: Rotom|p1a: Ogerpon\n|\n|-heal|p2a: Rotom|75\/100|[from] item: Leftovers\n|upkeep\n|turn|9\n|\n|t:|1700428720\n|move|p1a: Ogerpon|Horn Leech|p2a: Rotom\n|-supereffective|p2a: Rotom\n|-damage|p2a: Rotom|14\/100\n|-heal|p1a: Ogerpon|100\/100|[from] drain|[of] p2a: Rotom\n|move|p2a: Rotom|Defog|p1a: Ogerpon\n|-sideend|p2: alexmp45|Stealth Rock|[from] move: Defog|[of] p2a: Rotom\n|\n|-heal|p2a: Rotom|20\/100|[from] item: Leftovers\n|upkeep\n|turn|10\n|\n|t:|1700428735\n|switch|p2a: Torterra|Torterra, F|1\/100\n|move|p1a: Ogerpon|Horn Leech|p2a: Torterra\n|-damage|p2a: Torterra|0 fnt\n|faint|p2a: Torterra\n|\n|upkeep\n|\n|t:|1700428754\n|switch|p2a: Venusaur|Venusaur, M|100\/100\n|turn|11\n|\n|t:|1700428764\n|detailschange|p2a: Venusaur|Venusaur-Mega, M\n|-mega|p2a: Venusaur|Venusaur|Venusaurite\n|-terastallize|p1a: Ogerpon|Fire\n|detailschange|p1a: Ogerpon|Ogerpon-Hearthflame-Tera, F, tera:Fire\n|-ability|p1a: Ogerpon|Embody Aspect (Hearthflame)|boost\n|-boost|p1a: Ogerpon|atk|1\n|move|p1a: Ogerpon|Ivy Cudgel|p2a: Venusaur|[anim] Ivy Cudgel Fire\n|-supereffective|p2a: Venusaur\n|-damage|p2a: Venusaur|28\/100\n|move|p2a: Venusaur|Roar|p1a: Ogerpon\n|drag|p1a: Ditto|Ditto|100\/100\n|-transform|p1a: Ditto|p2a: Venusaur|[from] ability: Imposter\n|\n|upkeep\n|turn|12\n|\n|t:|1700428799\n|switch|p1a: Ogerpon|Ogerpon-Hearthflame-Tera, F, tera:Fire|100\/100\n|-ability|p1a: Ogerpon|Embody Aspect (Hearthflame)|boost\n|-boost|p1a: Ogerpon|atk|1\n|move|p2a: Venusaur|Synthesis|p2a: Venusaur\n|-heal|p2a: Venusaur|78\/100\n|\n|upkeep\n|turn|13\n|\n|t:|1700428814\n|switch|p2a: Rotom|Rotom-Wash|20\/100\n|move|p1a: Ogerpon|Ivy Cudgel|p2a: Rotom|[anim] Ivy Cudgel Fire\n|-resisted|p2a: Rotom\n|-damage|p2a: Rotom|0 fnt\n|faint|p2a: Rotom\n|\n|upkeep\n|\n|t:|1700428818\n|switch|p2a: Sandy Shocks|Sandy Shocks|100\/100\n|turn|14\n|\n|t:|1700428838\n|move|p2a: Sandy Shocks|Earth Power|p1a: Ogerpon\n|-supereffective|p1a: Ogerpon\n|-damage|p1a: Ogerpon|21\/100\n|move|p1a: Ogerpon|Ivy Cudgel|p2a: Sandy Shocks|[anim] Ivy Cudgel Fire\n|-crit|p2a: Sandy Shocks\n|-damage|p2a: Sandy Shocks|0 fnt\n|faint|p2a: Sandy Shocks\n|-end|p2a: Sandy Shocks|Protosynthesis|[silent]\n|\n|upkeep\n|\n|t:|1700428845\n|switch|p2a: Kartana|Kartana|100\/100\n|turn|15\n|\n|t:|1700428873\n|move|p2a: Kartana|Knock Off|p1a: Ogerpon\n|-damage|p1a: Ogerpon|0 fnt\n|faint|p1a: Ogerpon\n|-ability|p2a: Kartana|Beast Boost|boost\n|-boost|p2a: Kartana|atk|1\n|\n|upkeep\n|\n|t:|1700428882\n|switch|p1a: Ditto|Ditto|100\/100\n|-transform|p1a: Ditto|p2a: Kartana|[from] ability: Imposter\n|turn|16\n|\n|t:|1700428901\n|move|p1a: Ditto|Knock Off|p2a: Kartana\n|-damage|p2a: Kartana|38\/100\n|-enditem|p2a: Kartana|Choice Scarf|[from] move: Knock Off|[of] p1a: Ditto\n|move|p2a: Kartana|Knock Off|p1a: Ditto\n|-damage|p1a: Ditto|42\/100\n|-enditem|p1a: Ditto|Choice Scarf|[from] move: Knock Off|[of] p2a: Kartana\n|\n|upkeep\n|turn|17\n|\n|t:|1700428946\n|move|p2a: Kartana|Knock Off|p1a: Ditto\n|-damage|p1a: Ditto|0 fnt\n|faint|p1a: Ditto\n|-ability|p2a: Kartana|Beast Boost|boost\n|-boost|p2a: Kartana|atk|1\n|\n|upkeep\n|\n|t:|1700428958\n|switch|p1a: Genesect|Genesect|100\/100\n|-ability|p1a: Genesect|Download|boost\n|-boost|p1a: Genesect|spa|1\n|turn|18\n|\n|t:|1700428966\n|move|p1a: Genesect|Flamethrower|p2a: Kartana\n|-supereffective|p2a: Kartana\n|-crit|p2a: Kartana\n|-damage|p2a: Kartana|0 fnt\n|faint|p2a: Kartana\n|\n|upkeep\n|\n|t:|1700428987\n|switch|p2a: Venusaur|Venusaur-Mega, M|78\/100\n|turn|19\n|\n|t:|1700429012\n|move|p1a: Genesect|Flamethrower|p2a: Venusaur\n|-supereffective|p2a: Venusaur\n|-damage|p2a: Venusaur|56\/100\n|move|p2a: Venusaur|Synthesis|p2a: Venusaur\n|-heal|p2a: Venusaur|100\/100\n|\n|upkeep\n|turn|20\n|\n|t:|1700429018\n|switch|p1a: Necrozma|Necrozma-Dusk-Mane|100\/100\n|move|p2a: Venusaur|Leech Seed|p1a: Necrozma\n|-start|p1a: Necrozma|move: Leech Seed\n|\n|-damage|p1a: Necrozma|88\/100|[from] Leech Seed|[of] p2a: Venusaur\n|upkeep\n|turn|21\n|\n|t:|1700429027\n|move|p1a: Necrozma|Dragon Dance|p1a: Necrozma\n|-boost|p1a: Necrozma|atk|1\n|-boost|p1a: Necrozma|spe|1\n|move|p2a: Venusaur|Roar|p1a: Necrozma\n|drag|p1a: Genesect|Genesect|100\/100\n|-ability|p1a: Genesect|Download|boost\n|-boost|p1a: Genesect|atk|1\n|\n|upkeep\n|turn|22\n|\n|t:|1700429049\n|switch|p1a: Necrozma|Necrozma-Dusk-Mane|88\/100\n|move|p2a: Venusaur|Leech Seed|p1a: Necrozma\n|-start|p1a: Necrozma|move: Leech Seed\n|\n|-damage|p1a: Necrozma|76\/100|[from] Leech Seed|[of] p2a: Venusaur\n|upkeep\n|turn|23\n|\n|t:|1700429058\n|detailschange|p1a: Necrozma|Necrozma-Ultra\n|-burst|p1a: Necrozma|Necrozma|Ultranecrozium Z\n|move|p1a: Necrozma|Photon Geyser|p2a: Venusaur\n|-supereffective|p2a: Venusaur\n|-damage|p2a: Venusaur|0 fnt\n|faint|p2a: Venusaur\n|\n|upkeep\n|\n|t:|1700429066\n|switch|p2a: Ogerpon|Ogerpon-Wellspring, F|100\/100\n|turn|24\n|\n|t:|1700429074\n|-zpower|p1a: Necrozma\n|move|p1a: Necrozma|Light That Burns the Sky|p2a: Ogerpon|[zeffect]\n|-damage|p2a: Ogerpon|0 fnt\n|faint|p2a: Ogerpon\n|\n|win|700club\n|raw|700club's rating: 1332 &rarr; <strong>1346<\/strong><br \/>(+14 for winning)\n|raw|alexmp45's rating: 1216 &rarr; <strong>1199<\/strong><br \/>(-17 for losing)\n|c|\u2606700club|gg\n|l|\u2606alexmp45\n|c|\u2606700club|very wp\n","uploadtime":1700429103,"views":5,"p1id":"700club","p2id":"alexmp45","formatid":"gen9nationaldexubers","rating":1199,"private":0,"password":""}