{"id":"gen9nationaldexubers-1989126884","p1":"RaVeDreNch","p2":"Xanvoir","format":"[Gen 9] National Dex Ubers","log":"|j|\u2606RaVeDreNch\n|j|\u2606Xanvoir\n|t:|1699815107\n|gametype|singles\n|player|p1|RaVeDreNch|caitlin|\n|player|p2|Xanvoir|grimsley|\n|teamsize|p1|6\n|teamsize|p2|6\n|gen|9\n|tier|[Gen 9] National Dex Ubers\n|rule|HP Percentage Mod: HP is shown in percentages\n|rule|Endless Battle Clause: Forcing endless battles is banned\n|rule|OHKO Clause: OHKO moves are banned\n|rule|Evasion Moves Clause: Evasion moves are banned\n|rule|Evasion Items Clause: Evasion items are banned\n|rule|Species Clause: Limit one of each Pok\u00e9mon\n|rule|Sleep Clause Mod: Limit one foe put to sleep\n|rule|Mega Rayquaza Clause: You cannot mega evolve Rayquaza\n|clearpoke\n|poke|p1|Excadrill, M|\n|poke|p1|Garchomp, M|\n|poke|p1|Mamoswine, M|\n|poke|p1|Gliscor, F|\n|poke|p1|Tyranitar, F|\n|poke|p1|Great Tusk|\n|poke|p2|Sableye, M|\n|poke|p2|Weavile, F|\n|poke|p2|Mandibuzz, F|\n|poke|p2|Meowscarada, F|\n|poke|p2|Roaring Moon|\n|poke|p2|Kingambit, M|\n|teampreview\n|\n|t:|1699815121\n|start\n|switch|p1a: Great Tusk|Great Tusk|100\/100\n|switch|p2a: Sableye|Sableye, M|100\/100\n|-enditem|p1a: Great Tusk|Booster Energy\n|-activate|p1a: Great Tusk|ability: Protosynthesis|[fromitem]\n|-start|p1a: Great Tusk|protosynthesisspe\n|turn|1\n|\n|t:|1699815134\n|detailschange|p2a: Sableye|Sableye-Mega, M\n|-mega|p2a: Sableye|Sableye|Sablenite\n|move|p1a: Great Tusk|Bulk Up|p1a: Great Tusk\n|-boost|p1a: Great Tusk|atk|1\n|-boost|p1a: Great Tusk|def|1\n|move|p2a: Sableye|Will-O-Wisp|p1a: Great Tusk\n|-status|p1a: Great Tusk|brn\n|\n|-damage|p1a: Great Tusk|94\/100 brn|[from] brn\n|upkeep\n|turn|2\n|\n|t:|1699815153\n|move|p1a: Great Tusk|Headlong Rush|p2a: Sableye\n|-damage|p2a: Sableye|62\/100\n|-unboost|p1a: Great Tusk|def|1\n|-unboost|p1a: Great Tusk|spd|1\n|move|p2a: Sableye|Reflect|p2a: Sableye\n|-sidestart|p2: Xanvoir|Reflect\n|\n|-damage|p1a: Great Tusk|88\/100 brn|[from] brn\n|upkeep\n|turn|3\n|\n|t:|1699815163\n|move|p1a: Great Tusk|Headlong Rush|p2a: Sableye\n|-damage|p2a: Sableye|43\/100\n|-unboost|p1a: Great Tusk|def|1\n|-unboost|p1a: Great Tusk|spd|1\n|move|p2a: Sableye|Foul Play|p1a: Great Tusk\n|-resisted|p1a: Great Tusk\n|-damage|p1a: Great Tusk|57\/100 brn\n|\n|-damage|p1a: Great Tusk|50\/100 brn|[from] brn\n|upkeep\n|turn|4\n|\n|t:|1699815175\n|switch|p2a: Mandibuzz|Mandibuzz, F|100\/100\n|move|p1a: Great Tusk|Headlong Rush|p2a: Mandibuzz\n|-immune|p2a: Mandibuzz\n|\n|-damage|p1a: Great Tusk|44\/100 brn|[from] brn\n|upkeep\n|turn|5\n|\n|t:|1699815183\n|move|p1a: Great Tusk|Ice Spinner|p2a: Mandibuzz\n|-supereffective|p2a: Mandibuzz\n|-damage|p2a: Mandibuzz|91\/100\n|move|p2a: Mandibuzz|Brave Bird|p1a: Great Tusk\n|-supereffective|p1a: Great Tusk\n|-damage|p1a: Great Tusk|0 fnt\n|faint|p1a: Great Tusk\n|-end|p1a: Great Tusk|Protosynthesis|[silent]\n|-damage|p2a: Mandibuzz|76\/100|[from] Recoil\n|\n|-heal|p2a: Mandibuzz|82\/100|[from] item: Leftovers\n|upkeep\n|\n|t:|1699815192\n|switch|p1a: Gliscor|Gliscor, F, shiny|100\/100\n|turn|6\n|\n|t:|1699815204\n|move|p1a: Gliscor|Toxic|p2a: Mandibuzz\n|-status|p2a: Mandibuzz|tox\n|move|p2a: Mandibuzz|U-turn|p1a: Gliscor\n|-resisted|p1a: Gliscor\n|-damage|p1a: Gliscor|97\/100\n|\n|t:|1699815205\n|switch|p2a: Weavile|Weavile, F|100\/100|[from] U-turn\n|-ability|p2a: Weavile|Pressure\n|\n|-sideend|p2: Xanvoir|Reflect\n|-status|p1a: Gliscor|tox|[from] item: Toxic Orb\n|upkeep\n|turn|7\n|\n|t:|1699815214\n|move|p1a: Gliscor|Protect|p1a: Gliscor\n|-singleturn|p1a: Gliscor|Protect\n|move|p2a: Weavile|Triple Axel|p1a: Gliscor\n|-activate|p1a: Gliscor|move: Protect\n|\n|-heal|p1a: Gliscor|100\/100 tox|[from] ability: Poison Heal\n|upkeep\n|turn|8\n|\n|t:|1699815224\n|move|p2a: Weavile|Triple Axel|p1a: Gliscor\n|-supereffective|p1a: Gliscor\n|-damage|p1a: Gliscor|77\/100 tox\n|-supereffective|p1a: Gliscor\n|-damage|p1a: Gliscor|23\/100 tox\n|-supereffective|p1a: Gliscor\n|-damage|p1a: Gliscor|0 fnt\n|faint|p1a: Gliscor\n|-hitcount|p1: Gliscor|3\n|\n|upkeep\n|\n|t:|1699815234\n|switch|p1a: Mamoswine|Mamoswine, M|100\/100\n|turn|9\n|\n|t:|1699815242\n|move|p2a: Weavile|Swords Dance|p2a: Weavile\n|-boost|p2a: Weavile|atk|2\n|move|p1a: Mamoswine|Earthquake|p2a: Weavile\n|-damage|p2a: Weavile|9\/100\n|\n|upkeep\n|turn|10\n|\n|t:|1699815248\n|move|p2a: Weavile|Triple Axel|p1a: Mamoswine|[miss]\n|-miss|p2a: Weavile|p1a: Mamoswine\n|move|p1a: Mamoswine|Icicle Spear|p2a: Weavile\n|-resisted|p2a: Weavile\n|-damage|p2a: Weavile|0 fnt\n|faint|p2a: Weavile\n|-hitcount|p2: Weavile|1\n|\n|upkeep\n|\n|t:|1699815251\n|switch|p2a: Meowscarada|Meowscarada, F|100\/100\n|turn|11\n|\n|t:|1699815260\n|move|p2a: Meowscarada|Flower Trick|p1a: Mamoswine\n|-supereffective|p1a: Mamoswine\n|-crit|p1a: Mamoswine\n|-damage|p1a: Mamoswine|0 fnt\n|faint|p1a: Mamoswine\n|\n|upkeep\n|\n|t:|1699815266\n|switch|p1a: Garchomp|Garchomp, M|100\/100\n|turn|12\n|\n|t:|1699815276\n|detailschange|p1a: Garchomp|Garchomp-Mega, M\n|-mega|p1a: Garchomp|Garchomp|Garchompite\n|move|p2a: Meowscarada|Flower Trick|p1a: Garchomp\n|-crit|p1a: Garchomp\n|-damage|p1a: Garchomp|34\/100\n|move|p1a: Garchomp|Swords Dance|p1a: Garchomp\n|-boost|p1a: Garchomp|atk|2\n|\n|upkeep\n|turn|13\n|\n|t:|1699815285\n|move|p2a: Meowscarada|Flower Trick|p1a: Garchomp\n|-crit|p1a: Garchomp\n|-damage|p1a: Garchomp|0 fnt\n|faint|p1a: Garchomp\n|\n|upkeep\n|\n|t:|1699815292\n|switch|p1a: Tyranitar|Tyranitar, F|100\/100\n|-weather|Sandstorm|[from] ability: Sand Stream|[of] p1a: Tyranitar\n|turn|14\n|\n|t:|1699815298\n|-terastallize|p1a: Tyranitar|Ground\n|move|p2a: Meowscarada|Flower Trick|p1a: Tyranitar\n|-supereffective|p1a: Tyranitar\n|-crit|p1a: Tyranitar\n|-damage|p1a: Tyranitar|0 fnt\n|faint|p1a: Tyranitar\n|\n|-weather|Sandstorm|[upkeep]\n|-damage|p2a: Meowscarada|94\/100|[from] Sandstorm\n|upkeep\n|\n|t:|1699815305\n|switch|p1a: Excadrill|Excadrill, M, shiny|100\/100\n|turn|15\n|\n|t:|1699815313\n|move|p1a: Excadrill|X-Scissor|p2a: Meowscarada\n|-supereffective|p2a: Meowscarada\n|-damage|p2a: Meowscarada|0 fnt\n|faint|p2a: Meowscarada\n|\n|-weather|Sandstorm|[upkeep]\n|upkeep\n|\n|t:|1699815324\n|switch|p2a: Mandibuzz|Mandibuzz, F|82\/100 tox\n|turn|16\n|\n|t:|1699815328\n|move|p1a: Excadrill|X-Scissor|p2a: Mandibuzz\n|-damage|p2a: Mandibuzz|54\/100 tox\n|move|p2a: Mandibuzz|Foul Play|p1a: Excadrill\n|-damage|p1a: Excadrill|18\/100\n|\n|-weather|Sandstorm|[upkeep]\n|-heal|p2a: Mandibuzz|60\/100 tox|[from] item: Leftovers\n|-damage|p2a: Mandibuzz|54\/100 tox|[from] psn\n|upkeep\n|turn|17\n|\n|t:|1699815337\n|move|p1a: Excadrill|X-Scissor|p2a: Mandibuzz\n|-damage|p2a: Mandibuzz|26\/100 tox\n|move|p2a: Mandibuzz|Foul Play|p1a: Excadrill\n|-damage|p1a: Excadrill|0 fnt\n|faint|p1a: Excadrill\n|\n|win|Xanvoir\n|c|\u2606Xanvoir|Gg\n|c|\u2606RaVeDreNch|gg\n|l|\u2606RaVeDreNch\n","uploadtime":1699815349,"views":21,"p1id":"ravedrench","p2id":"xanvoir","formatid":"gen9nationaldexubers","rating":0,"private":0,"password":""}