{"id":"gen9nationaldexubers-1987938096","p1":"EABL XD","p2":"Slumpyboocus","format":"[Gen 9] National Dex Ubers","log":"|j|\u2606EABL XD\n|j|\u2606Slumpyboocus\n|t:|1699651055\n|gametype|singles\n|player|p1|EABL XD|gambler|1350\n|player|p2|Slumpyboocus|ash|1197\n|teamsize|p1|6\n|teamsize|p2|6\n|gen|9\n|tier|[Gen 9] National Dex Ubers\n|rated|\n|rule|HP Percentage Mod: HP is shown in percentages\n|rule|Endless Battle Clause: Forcing endless battles is banned\n|rule|OHKO Clause: OHKO moves are banned\n|rule|Evasion Moves Clause: Evasion moves are banned\n|rule|Evasion Items Clause: Evasion items are banned\n|rule|Species Clause: Limit one of each Pok\u00e9mon\n|rule|Sleep Clause Mod: Limit one foe put to sleep\n|rule|Mega Rayquaza Clause: You cannot mega evolve Rayquaza\n|clearpoke\n|poke|p1|Ho-Oh|\n|poke|p1|Lucario, M|\n|poke|p1|Shaymin-Sky|\n|poke|p1|Galvantula, F|\n|poke|p1|Great Tusk|\n|poke|p1|Groudon|\n|poke|p2|Zapdos|\n|poke|p2|Celesteela|\n|poke|p2|Scream Tail|\n|poke|p2|Roaring Moon|\n|poke|p2|Wo-Chien|\n|poke|p2|Mimikyu, M|\n|teampreview\n|\n|t:|1699651068\n|start\n|switch|p1a: P\u00e1jaro feo|Ho-Oh, shiny|100\/100\n|switch|p2a: Dada|Wo-Chien|100\/100\n|-ability|p2a: Dada|Tablets of Ruin\n|turn|1\n|\n|t:|1699651078\n|switch|p1a: Tula|Galvantula, F|100\/100\n|move|p2a: Dada|Leech Seed|p1a: Tula|[miss]\n|-miss|p2a: Dada|p1a: Tula\n|\n|upkeep\n|turn|2\n|\n|t:|1699651086\n|switch|p2a: Zapdos|Zapdos|100\/100\n|move|p1a: Tula|Sticky Web|p2a: Zapdos\n|-sidestart|p2: Slumpyboocus|move: Sticky Web\n|\n|upkeep\n|turn|3\n|\n|t:|1699651099\n|move|p1a: Tula|Thunder|p2a: Zapdos\n|-crit|p2a: Zapdos\n|-damage|p2a: Zapdos|21\/100\n|move|p2a: Zapdos|Defog|p1a: Tula\n|-unboost|p1a: Tula|evasion|1\n|-sideend|p2: Slumpyboocus|Sticky Web|[from] move: Defog|[of] p2a: Zapdos\n|\n|upkeep\n|turn|4\n|\n|t:|1699651107\n|move|p1a: Tula|Sticky Web|p2a: Zapdos\n|-sidestart|p2: Slumpyboocus|move: Sticky Web\n|move|p2a: Zapdos|Hurricane|p1a: Tula\n|-damage|p1a: Tula|7\/100\n|-start|p1a: Tula|confusion\n|\n|upkeep\n|turn|5\n|\n|t:|1699651117\n|-activate|p1a: Tula|confusion\n|move|p1a: Tula|Thunder|p2a: Zapdos\n|-damage|p2a: Zapdos|0 fnt\n|faint|p2a: Zapdos\n|\n|upkeep\n|\n|t:|1699651122\n|switch|p2a: Pappy|Mimikyu, M, shiny|100\/100\n|-activate|p2a: Pappy|move: Sticky Web\n|-unboost|p2a: Pappy|spe|1\n|turn|6\n|\n|t:|1699651127\n|switch|p1a: Don|Groudon, shiny|100\/100\n|detailschange|p1a: Don|Groudon-Primal, shiny\n|-primal|p1a: Don|Red Orb\n|-weather|DesolateLand|[from] ability: Desolate Land|[of] p1a: Don\n|move|p2a: Pappy|Shadow Sneak|p1a: Don\n|-damage|p1a: Don|90\/100\n|\n|-weather|DesolateLand|[upkeep]\n|upkeep\n|turn|7\n|\n|t:|1699651136\n|move|p1a: Don|Heavy Slam|p2a: Pappy\n|-activate|p2a: Pappy|ability: Disguise\n|-damage|p2a: Pappy|100\/100\n|detailschange|p2a: Pappy|Mimikyu-Busted, M, shiny\n|-damage|p2a: Pappy|88\/100|[from] pokemon: Mimikyu-Busted\n|move|p2a: Pappy|Swords Dance|p2a: Pappy\n|-boost|p2a: Pappy|atk|2\n|\n|-weather|DesolateLand|[upkeep]\n|-heal|p2a: Pappy|94\/100|[from] item: Leftovers\n|upkeep\n|turn|8\n|\n|t:|1699651146\n|move|p2a: Pappy|Shadow Sneak|p1a: Don\n|-damage|p1a: Don|68\/100\n|move|p1a: Don|Heavy Slam|p2a: Pappy\n|-supereffective|p2a: Pappy\n|-damage|p2a: Pappy|0 fnt\n|faint|p2a: Pappy\n|\n|-weather|DesolateLand|[upkeep]\n|upkeep\n|\n|t:|1699651154\n|switch|p2a: Paps|Celesteela|100\/100\n|turn|9\n|\n|t:|1699651159\n|move|p1a: Don|Heat Crash|p2a: Paps\n|-supereffective|p2a: Paps\n|-damage|p2a: Paps|49\/100\n|move|p2a: Paps|Leech Seed|p1a: Don\n|-start|p1a: Don|move: Leech Seed\n|\n|-weather|DesolateLand|[upkeep]\n|-heal|p2a: Paps|55\/100|[from] item: Leftovers\n|-damage|p1a: Don|55\/100|[from] Leech Seed|[of] p2a: Paps\n|-heal|p2a: Paps|66\/100|[silent]\n|upkeep\n|turn|10\n|\n|t:|1699651167\n|-weather|none\n|switch|p1a: P\u00e1jaro feo|Ho-Oh, shiny|100\/100\n|move|p2a: Paps|Protect||[still]\n|-fail|p2a: Paps\n|\n|-heal|p2a: Paps|72\/100|[from] item: Leftovers\n|upkeep\n|turn|11\n|\n|t:|1699651174\n|move|p2a: Paps|Protect|p2a: Paps\n|-singleturn|p2a: Paps|Protect\n|-zpower|p1a: P\u00e1jaro feo\n|move|p1a: P\u00e1jaro feo|Z-Celebrate|p1a: P\u00e1jaro feo|[anim]Celebrate\n|-boost|p1a: P\u00e1jaro feo|atk|1|[zeffect]\n|-boost|p1a: P\u00e1jaro feo|def|1|[zeffect]\n|-boost|p1a: P\u00e1jaro feo|spa|1|[zeffect]\n|-boost|p1a: P\u00e1jaro feo|spd|1|[zeffect]\n|-boost|p1a: P\u00e1jaro feo|spe|1|[zeffect]\n|-activate|p1a: P\u00e1jaro feo|move: Celebrate\n|\n|-heal|p2a: Paps|78\/100|[from] item: Leftovers\n|upkeep\n|turn|12\n|\n|t:|1699651185\n|move|p1a: P\u00e1jaro feo|Sacred Fire|p2a: Paps\n|-supereffective|p2a: Paps\n|-damage|p2a: Paps|0 fnt\n|faint|p2a: Paps\n|\n|upkeep\n|\n|t:|1699651195\n|switch|p2a: Dada|Wo-Chien|100\/100\n|-activate|p2a: Dada|move: Sticky Web\n|-unboost|p2a: Dada|spe|1\n|-ability|p2a: Dada|Tablets of Ruin\n|turn|13\n|\n|t:|1699651202\n|move|p1a: P\u00e1jaro feo|Sacred Fire|p2a: Dada\n|-supereffective|p2a: Dada\n|-damage|p2a: Dada|0 fnt\n|faint|p2a: Dada\n|\n|upkeep\n|-message|Slumpyboocus forfeited.\n|\n|win|EABL XD\n|raw|EABL XD's rating: 1350 &rarr; <strong>1362<\/strong><br \/>(+12 for winning)\n|raw|Slumpyboocus's rating: 1197 &rarr; <strong>1182<\/strong><br \/>(-15 for losing)\n|l|\u2606Slumpyboocus\n","uploadtime":1699651208,"views":6,"p1id":"eablxd","p2id":"slumpyboocus","formatid":"gen9nationaldexubers","rating":1182,"private":0,"password":""}