{"id":"gen9nationaldexubers-1989672332","p1":"KarmaKazama0","p2":"MangeMortx","format":"[Gen 9] National Dex Ubers","log":"|j|\u2606KarmaKazama0\n|j|\u2606MangeMortx\n|t:|1699885469\n|gametype|singles\n|player|p1|KarmaKazama0|266|1401\n|player|p2|MangeMortx|parasollady|1437\n|teamsize|p1|6\n|teamsize|p2|6\n|gen|9\n|tier|[Gen 9] National Dex Ubers\n|rated|\n|rule|HP Percentage Mod: HP is shown in percentages\n|rule|Endless Battle Clause: Forcing endless battles is banned\n|rule|OHKO Clause: OHKO moves are banned\n|rule|Evasion Moves Clause: Evasion moves are banned\n|rule|Evasion Items Clause: Evasion items are banned\n|rule|Species Clause: Limit one of each Pok\u00e9mon\n|rule|Sleep Clause Mod: Limit one foe put to sleep\n|rule|Mega Rayquaza Clause: You cannot mega evolve Rayquaza\n|clearpoke\n|poke|p1|Groudon|\n|poke|p1|Zygarde|\n|poke|p1|Arceus-Water|\n|poke|p1|Magearna|\n|poke|p1|Yveltal|\n|poke|p1|Necrozma-Dusk-Mane|\n|poke|p2|Deoxys-Speed|\n|poke|p2|Xerneas-*|\n|poke|p2|Arceus|\n|poke|p2|Eternatus|\n|poke|p2|Marshadow|\n|poke|p2|Necrozma-Dusk-Mane|\n|teampreview\n|inactive|Battle timer is ON: inactive players will automatically lose when time's up. (requested by KarmaKazama0)\n|\n|t:|1699885481\n|start\n|switch|p1a: Yveltal|Yveltal|100\/100\n|switch|p2a: Deoxys|Deoxys-Speed|100\/100\n|-ability|p2a: Deoxys|Pressure\n|-ability|p1a: Yveltal|Dark Aura\n|turn|1\n|\n|t:|1699885485\n|move|p2a: Deoxys|Spikes|p1a: Yveltal\n|-sidestart|p1: KarmaKazama0|Spikes\n|move|p1a: Yveltal|Foul Play|p2a: Deoxys\n|-supereffective|p2a: Deoxys\n|-damage|p2a: Deoxys|25\/100\n|-damage|p1a: Yveltal|84\/100|[from] item: Rocky Helmet|[of] p2a: Deoxys\n|\n|upkeep\n|turn|2\n|\n|t:|1699885492\n|move|p2a: Deoxys|Spikes|p1a: Yveltal\n|-sidestart|p1: KarmaKazama0|Spikes\n|move|p1a: Yveltal|Foul Play|p2a: Deoxys\n|-supereffective|p2a: Deoxys\n|-damage|p2a: Deoxys|0 fnt\n|-damage|p1a: Yveltal|68\/100|[from] item: Rocky Helmet|[of] p2a: Deoxys\n|faint|p2a: Deoxys\n|\n|upkeep\n|\n|t:|1699885509\n|switch|p2a: Eternatus|Eternatus|100\/100\n|-ability|p2a: Eternatus|Pressure\n|turn|3\n|\n|t:|1699885516\n|switch|p1a: Magearna|Magearna|100\/100\n|-damage|p1a: Magearna|84\/100|[from] Spikes\n|move|p2a: Eternatus|Meteor Beam||[still]\n|-prepare|p2a: Eternatus|Meteor Beam\n|-boost|p2a: Eternatus|spa|1\n|-enditem|p2a: Eternatus|Power Herb\n|-anim|p2a: Eternatus|Meteor Beam|p1a: Magearna\n|-resisted|p1a: Magearna\n|-damage|p1a: Magearna|70\/100\n|\n|upkeep\n|turn|4\n|\n|t:|1699885527\n|move|p2a: Eternatus|Flamethrower|p1a: Magearna\n|-supereffective|p1a: Magearna\n|-damage|p1a: Magearna|20\/100\n|move|p1a: Magearna|Volt Switch|p2a: Eternatus\n|-resisted|p2a: Eternatus\n|-damage|p2a: Eternatus|93\/100\n|\n|t:|1699885540\n|switch|p1a: Arceus|Arceus-Water|100\/100|[from] Volt Switch\n|-damage|p1a: Arceus|84\/100|[from] Spikes\n|\n|upkeep\n|turn|5\n|\n|t:|1699885548\n|move|p2a: Eternatus|Dynamax Cannon|p1a: Arceus\n|-damage|p1a: Arceus|32\/100\n|move|p1a: Arceus|Defog|p2a: Eternatus\n|-unboost|p2a: Eternatus|evasion|1\n|-sideend|p1: KarmaKazama0|Spikes|[from] move: Defog|[of] p1a: Arceus\n|\n|upkeep\n|turn|6\n|\n|t:|1699885565\n|move|p2a: Eternatus|Dynamax Cannon|p1a: Arceus\n|-damage|p1a: Arceus|0 fnt\n|faint|p1a: Arceus\n|\n|upkeep\n|\n|t:|1699885569\n|switch|p1a: Zygarde|Zygarde|100\/100\n|turn|7\n|\n|t:|1699885575\n|move|p2a: Eternatus|Dynamax Cannon|p1a: Zygarde\n|-supereffective|p1a: Zygarde\n|-enditem|p1a: Zygarde|Focus Sash\n|-damage|p1a: Zygarde|1\/100\n|move|p1a: Zygarde|Dragon Dance|p1a: Zygarde\n|-boost|p1a: Zygarde|atk|1\n|-boost|p1a: Zygarde|spe|1\n|\n|-activate|p1a: Zygarde|ability: Power Construct\n|detailschange|p1a: Zygarde|Zygarde-Complete\n|-heal|p1a: Zygarde|38\/100|[silent]\n|upkeep\n|turn|8\n|\n|t:|1699885587\n|-terastallize|p2a: Eternatus|Fire\n|move|p1a: Zygarde|Thousand Arrows|p2a: Eternatus\n|-supereffective|p2a: Eternatus\n|-damage|p2a: Eternatus|0 fnt\n|faint|p2a: Eternatus\n|\n|upkeep\n|\n|t:|1699885595\n|switch|p2a: Marshadow|Marshadow|100\/100\n|turn|9\n|\n|t:|1699885599\n|switch|p1a: Magearna|Magearna|20\/100\n|move|p2a: Marshadow|Spectral Thief|p1a: Magearna\n|-damage|p1a: Magearna|0 fnt\n|faint|p1a: Magearna\n|\n|upkeep\n|\n|t:|1699885604\n|switch|p1a: Yveltal|Yveltal|68\/100\n|-ability|p1a: Yveltal|Dark Aura\n|turn|10\n|\n|t:|1699885609\n|move|p2a: Marshadow|Swagger|p1a: Yveltal\n|-boost|p1a: Yveltal|atk|2\n|-enditem|p2a: Marshadow|Mirror Herb\n|-boost|p2a: Marshadow|atk|2|[from] item: Mirror Herb\n|-start|p1a: Yveltal|confusion\n|-activate|p1a: Yveltal|confusion\n|move|p1a: Yveltal|Toxic|p2a: Marshadow\n|-status|p2a: Marshadow|tox\n|\n|-damage|p2a: Marshadow|94\/100 tox|[from] psn\n|upkeep\n|turn|11\n|\n|t:|1699885618\n|move|p2a: Marshadow|Spectral Thief||[still]\n|-clearpositiveboost|p1a: Yveltal|p2a: Marshadow|move: Spectral Thief\n|-boost|p2a: Marshadow|atk|2\n|-anim|p2a: Marshadow|Spectral Thief|p1a: Yveltal\n|-resisted|p1a: Yveltal\n|-damage|p1a: Yveltal|26\/100\n|-activate|p1a: Yveltal|confusion\n|move|p1a: Yveltal|Foul Play|p2a: Marshadow\n|-damage|p2a: Marshadow|0 fnt\n|faint|p2a: Marshadow\n|\n|upkeep\n|\n|t:|1699885622\n|switch|p2a: Xerneas|Xerneas|100\/100\n|-ability|p2a: Xerneas|Fairy Aura\n|turn|12\n|\n|t:|1699885634\n|-end|p1a: Yveltal|confusion\n|move|p1a: Yveltal|Toxic|p2a: Xerneas\n|-status|p2a: Xerneas|tox\n|move|p2a: Xerneas|Substitute|p2a: Xerneas\n|-start|p2a: Xerneas|Substitute\n|-damage|p2a: Xerneas|76\/100 tox\n|\n|-damage|p2a: Xerneas|69\/100 tox|[from] psn\n|upkeep\n|turn|13\n|\n|t:|1699885641\n|move|p1a: Yveltal|Taunt|p2a: Xerneas\n|-start|p2a: Xerneas|move: Taunt\n|cant|p2a: Xerneas|move: Taunt|Geomancy\n|\n|-damage|p2a: Xerneas|57\/100 tox|[from] psn\n|upkeep\n|turn|14\n|\n|t:|1699885651\n|-terastallize|p1a: Yveltal|Ghost\n|move|p1a: Yveltal|Roost|p1a: Yveltal\n|-heal|p1a: Yveltal|77\/100\n|move|p2a: Xerneas|Moonblast|p1a: Yveltal\n|-damage|p1a: Yveltal|28\/100\n|\n|-damage|p2a: Xerneas|39\/100 tox|[from] psn\n|upkeep\n|turn|15\n|\n|t:|1699885657\n|move|p1a: Yveltal|Roost|p1a: Yveltal\n|-heal|p1a: Yveltal|78\/100\n|move|p2a: Xerneas|Moonblast|p1a: Yveltal\n|-crit|p1a: Yveltal\n|-damage|p1a: Yveltal|0 fnt\n|faint|p1a: Yveltal\n|\n|-damage|p2a: Xerneas|14\/100 tox|[from] psn\n|-end|p2a: Xerneas|move: Taunt\n|upkeep\n|\n|t:|1699885663\n|switch|p1a: Necrozma|Necrozma-Dusk-Mane|100\/100\n|turn|16\n|\n|t:|1699885668\n|move|p2a: Xerneas|Moonblast|p1a: Necrozma\n|-resisted|p1a: Necrozma\n|-damage|p1a: Necrozma|73\/100\n|move|p1a: Necrozma|Dragon Dance|p1a: Necrozma\n|-boost|p1a: Necrozma|atk|1\n|-boost|p1a: Necrozma|spe|1\n|\n|-damage|p2a: Xerneas|0 fnt|[from] psn\n|faint|p2a: Xerneas\n|upkeep\n|\n|t:|1699885673\n|switch|p2a: Necrozma|Necrozma-Dusk-Mane|100\/100\n|turn|17\n|\n|t:|1699885681\n|-zpower|p1a: Necrozma\n|move|p1a: Necrozma|Searing Sunraze Smash|p2a: Necrozma|[zeffect]\n|-resisted|p2a: Necrozma\n|-damage|p2a: Necrozma|36\/100\n|move|p2a: Necrozma|Trick Room|p2a: Necrozma\n|-fieldstart|move: Trick Room|[of] p2a: Necrozma\n|\n|upkeep\n|turn|18\n|\n|t:|1699885691\n|switch|p1a: Zygarde|Zygarde-Complete|38\/100\n|move|p2a: Necrozma|Earthquake|p1a: Zygarde\n|-damage|p1a: Zygarde|16\/100\n|\n|upkeep\n|turn|19\n|\n|t:|1699885695\n|move|p1a: Zygarde|Extreme Speed|p2a: Necrozma\n|-resisted|p2a: Necrozma\n|-damage|p2a: Necrozma|27\/100\n|move|p2a: Necrozma|Sunsteel Strike|p1a: Zygarde\n|-damage|p1a: Zygarde|0 fnt\n|faint|p1a: Zygarde\n|\n|upkeep\n|\n|t:|1699885703\n|switch|p1a: Groudon|Groudon|100\/100\n|detailschange|p1a: Groudon|Groudon-Primal\n|-primal|p1a: Groudon|Red Orb\n|-weather|DesolateLand|[from] ability: Desolate Land|[of] p1a: Groudon\n|turn|20\n|\n|t:|1699885706\n|move|p2a: Necrozma|Earthquake|p1a: Groudon\n|-supereffective|p1a: Groudon\n|-damage|p1a: Groudon|54\/100\n|move|p1a: Groudon|Fire Punch|p2a: Necrozma\n|-supereffective|p2a: Necrozma\n|-damage|p2a: Necrozma|0 fnt\n|faint|p2a: Necrozma\n|\n|-weather|DesolateLand|[upkeep]\n|upkeep\n|\n|t:|1699885709\n|switch|p2a: Arceus|Arceus|100\/100\n|turn|21\n|\n|t:|1699885715\n|move|p1a: Groudon|Precipice Blades|p2a: Arceus\n|-damage|p2a: Arceus|43\/100\n|move|p2a: Arceus|Swords Dance|p2a: Arceus\n|-boost|p2a: Arceus|atk|2\n|\n|-weather|DesolateLand|[upkeep]\n|-fieldend|move: Trick Room\n|upkeep\n|turn|22\n|\n|t:|1699885721\n|move|p2a: Arceus|Extreme Speed|p1a: Groudon\n|-damage|p1a: Groudon|12\/100\n|move|p1a: Groudon|Precipice Blades|p2a: Arceus\n|-damage|p2a: Arceus|0 fnt\n|faint|p2a: Arceus\n|\n|win|KarmaKazama0\n|raw|KarmaKazama0's rating: 1401 &rarr; <strong>1423<\/strong><br \/>(+22 for winning)\n|raw|MangeMortx's rating: 1437 &rarr; <strong>1415<\/strong><br \/>(-22 for losing)\n|l|\u2606MangeMortx\n|l|\u2606KarmaKazama0\n|j|\u2606KarmaKazama0\n|player|p1|KarmaKazama0|266\n","uploadtime":1699885736,"views":8,"p1id":"karmakazama0","p2id":"mangemortx","formatid":"gen9nationaldexubers","rating":1415,"private":0,"password":""}