{"id":"gen9nationaldexubers-1990283518","p1":"Regimidas","p2":"princess zmx","format":"[Gen 9] National Dex Ubers","log":"|j|\u2606Regimidas\n|j|\u2606princess zmx\n|t:|1699950430\n|gametype|singles\n|player|p1|Regimidas|blue|1131\n|player|p2|princess zmx|169|1349\n|teamsize|p1|6\n|teamsize|p2|6\n|gen|9\n|tier|[Gen 9] National Dex Ubers\n|rated|\n|rule|HP Percentage Mod: HP is shown in percentages\n|rule|Endless Battle Clause: Forcing endless battles is banned\n|rule|OHKO Clause: OHKO moves are banned\n|rule|Evasion Moves Clause: Evasion moves are banned\n|rule|Evasion Items Clause: Evasion items are banned\n|rule|Species Clause: Limit one of each Pok\u00e9mon\n|rule|Sleep Clause Mod: Limit one foe put to sleep\n|rule|Mega Rayquaza Clause: You cannot mega evolve Rayquaza\n|clearpoke\n|poke|p1|Ho-Oh|\n|poke|p1|Zygarde|\n|poke|p1|Marshadow|\n|poke|p1|Groudon|\n|poke|p1|Arceus-Dark|\n|poke|p1|Kyogre|\n|poke|p2|Kyurem-Black|\n|poke|p2|Groudon|\n|poke|p2|Marshadow|\n|poke|p2|Zygarde|\n|poke|p2|Regieleki|\n|poke|p2|Dragapult, F|\n|teampreview\n|inactive|Battle timer is ON: inactive players will automatically lose when time's up. (requested by Regimidas)\n|\n|t:|1699950447\n|start\n|switch|p1a: Kid named Eruption|Groudon|100\/100\n|switch|p2a: Groudon|Groudon, shiny|100\/100\n|detailschange|p2a: Groudon|Groudon-Primal, shiny\n|-primal|p2a: Groudon|Red Orb\n|-weather|DesolateLand|[from] ability: Desolate Land|[of] p2a: Groudon\n|detailschange|p1a: Kid named Eruption|Groudon-Primal\n|-primal|p1a: Kid named Eruption|Red Orb\n|turn|1\n|\n|t:|1699950453\n|move|p2a: Groudon|Spikes|p1a: Kid named Eruption\n|-sidestart|p1: Regimidas|Spikes\n|move|p1a: Kid named Eruption|Precipice Blades|p2a: Groudon|[miss]\n|-miss|p1a: Kid named Eruption|p2a: Groudon\n|\n|-weather|DesolateLand|[upkeep]\n|upkeep\n|turn|2\n|\n|t:|1699950467\n|move|p2a: Groudon|Spikes|p1a: Kid named Eruption\n|-sidestart|p1: Regimidas|Spikes\n|move|p1a: Kid named Eruption|Precipice Blades|p2a: Groudon\n|-supereffective|p2a: Groudon\n|-damage|p2a: Groudon|16\/100\n|\n|-weather|DesolateLand|[upkeep]\n|upkeep\n|turn|3\n|\n|t:|1699950479\n|switch|p1a: Birdspam|Ho-Oh|100\/100\n|move|p2a: Groudon|Earthquake|p1a: Birdspam\n|-immune|p1a: Birdspam\n|\n|-weather|DesolateLand|[upkeep]\n|upkeep\n|turn|4\n|\n|t:|1699950487\n|move|p2a: Groudon|Thunder Punch|p1a: Birdspam\n|-supereffective|p1a: Birdspam\n|-damage|p1a: Birdspam|59\/100\n|move|p1a: Birdspam|Defog|p2a: Groudon\n|-unboost|p2a: Groudon|evasion|1\n|-sideend|p1: Regimidas|Spikes|[from] move: Defog|[of] p1a: Birdspam\n|\n|-weather|DesolateLand|[upkeep]\n|upkeep\n|turn|5\n|\n|t:|1699950500\n|move|p2a: Groudon|Spikes|p1a: Birdspam\n|-sidestart|p1: Regimidas|Spikes\n|move|p1a: Birdspam|Recover|p1a: Birdspam\n|-heal|p1a: Birdspam|100\/100\n|\n|-weather|DesolateLand|[upkeep]\n|upkeep\n|turn|6\n|\n|t:|1699950506\n|move|p2a: Groudon|Toxic|p1a: Birdspam\n|-status|p1a: Birdspam|tox\n|move|p1a: Birdspam|Defog|p2a: Groudon\n|-unboost|p2a: Groudon|evasion|1\n|-sideend|p1: Regimidas|Spikes|[from] move: Defog|[of] p1a: Birdspam\n|\n|-weather|DesolateLand|[upkeep]\n|-damage|p1a: Birdspam|94\/100 tox|[from] psn\n|upkeep\n|turn|7\n|\n|t:|1699950512\n|move|p2a: Groudon|Thunder Punch|p1a: Birdspam\n|-supereffective|p1a: Birdspam\n|-damage|p1a: Birdspam|58\/100 tox\n|move|p1a: Birdspam|Sacred Fire|p2a: Groudon\n|-resisted|p2a: Groudon\n|-damage|p2a: Groudon|1\/100\n|\n|-weather|DesolateLand|[upkeep]\n|-damage|p1a: Birdspam|46\/100 tox|[from] psn\n|upkeep\n|turn|8\n|\n|t:|1699950521\n|move|p2a: Groudon|Spikes|p1a: Birdspam\n|-sidestart|p1: Regimidas|Spikes\n|move|p1a: Birdspam|Toxic|p2a: Groudon\n|-status|p2a: Groudon|tox\n|\n|-weather|DesolateLand|[upkeep]\n|-damage|p2a: Groudon|0 fnt|[from] psn\n|faint|p2a: Groudon\n|-weather|none\n|-damage|p1a: Birdspam|28\/100 tox|[from] psn\n|upkeep\n|\n|t:|1699950535\n|switch|p2a: Dragapult|Dragapult, F, shiny|100\/100\n|turn|9\n|l|\u2606Regimidas\n|inactive|Regimidas disconnected and has a minute to reconnect!\n|player|p1|\n|inactive|Regimidas has 30 seconds to reconnect!\n|inactive|Regimidas has 20 seconds to reconnect!\n|j|\u2606Regimidas\n|inactive|Regimidas reconnected and has 105 seconds left.\n|player|p1|Regimidas|blue\n|\n|t:|1699950590\n|move|p2a: Dragapult|Substitute|p2a: Dragapult\n|-start|p2a: Dragapult|Substitute\n|-damage|p2a: Dragapult|76\/100\n|move|p1a: Birdspam|Toxic||[still]\n|-fail|p1a: Birdspam\n|\n|-damage|p1a: Birdspam|4\/100 tox|[from] psn\n|upkeep\n|turn|10\n|\n|t:|1699950596\n|move|p2a: Dragapult|Dragon Dance|p2a: Dragapult\n|-boost|p2a: Dragapult|atk|1\n|-boost|p2a: Dragapult|spe|1\n|move|p1a: Birdspam|Defog|p2a: Dragapult\n|-sideend|p1: Regimidas|Spikes|[from] move: Defog|[of] p1a: Birdspam\n|\n|-damage|p1a: Birdspam|0 fnt|[from] psn\n|faint|p1a: Birdspam\n|upkeep\n|\n|t:|1699950608\n|switch|p1a: Goldfish Crackers|Kyogre|100\/100\n|detailschange|p1a: Goldfish Crackers|Kyogre-Primal\n|-primal|p1a: Goldfish Crackers|Blue Orb\n|-weather|PrimordialSea|[from] ability: Primordial Sea|[of] p1a: Goldfish Crackers\n|turn|11\n|\n|t:|1699950615\n|move|p2a: Dragapult|Phantom Force||[still]\n|-prepare|p2a: Dragapult|Phantom Force\n|move|p1a: Goldfish Crackers|Ice Beam|p2a: Dragapult|[miss]\n|-miss|p1a: Goldfish Crackers|p2a: Dragapult\n|\n|-weather|PrimordialSea|[upkeep]\n|upkeep\n|turn|12\n|\n|t:|1699950619\n|move|p2a: Dragapult|Phantom Force|p1a: Goldfish Crackers|[from]lockedmove\n|-damage|p1a: Goldfish Crackers|31\/100\n|-damage|p2a: Dragapult|66\/100|[from] item: Life Orb\n|move|p1a: Goldfish Crackers|Ice Beam|p2a: Dragapult\n|-supereffective|p2a: Dragapult\n|-end|p2a: Dragapult|Substitute\n|\n|-weather|PrimordialSea|[upkeep]\n|upkeep\n|turn|13\n|\n|t:|1699950634\n|move|p2a: Dragapult|Dragon Darts|p1a: Goldfish Crackers\n|-damage|p1a: Goldfish Crackers|0 fnt\n|faint|p1a: Goldfish Crackers\n|-weather|none\n|-damage|p2a: Dragapult|56\/100|[from] item: Life Orb\n|\n|upkeep\n|\n|t:|1699950644\n|switch|p1a: Mar(sash)adow|Marshadow|100\/100\n|turn|14\n|\n|t:|1699950650\n|-terastallize|p2a: Dragapult|Dragon\n|move|p1a: Mar(sash)adow|Shadow Sneak|p2a: Dragapult\n|-damage|p2a: Dragapult|0 fnt\n|faint|p2a: Dragapult\n|\n|upkeep\n|\n|t:|1699950673\n|switch|p2a: Regieleki|Regieleki, shiny|100\/100\n|turn|15\n|\n|t:|1699950680\n|switch|p2a: Zygarde|Zygarde, shiny|100\/100\n|switch|p1a: Kid named Eruption|Groudon-Primal|100\/100\n|-weather|DesolateLand|[from] ability: Desolate Land|[of] p1a: Kid named Eruption\n|\n|-weather|DesolateLand|[upkeep]\n|upkeep\n|turn|16\n|\n|t:|1699950691\n|move|p1a: Kid named Eruption|Swords Dance|p1a: Kid named Eruption\n|-boost|p1a: Kid named Eruption|atk|2\n|move|p2a: Zygarde|Glare|p1a: Kid named Eruption\n|-status|p1a: Kid named Eruption|par\n|\n|-weather|DesolateLand|[upkeep]\n|upkeep\n|turn|17\n|\n|t:|1699950696\n|move|p2a: Zygarde|Coil|p2a: Zygarde\n|-boost|p2a: Zygarde|atk|1\n|-boost|p2a: Zygarde|def|1\n|-boost|p2a: Zygarde|accuracy|1\n|move|p1a: Kid named Eruption|Precipice Blades|p2a: Zygarde\n|-damage|p2a: Zygarde|16\/100\n|\n|-weather|DesolateLand|[upkeep]\n|-heal|p2a: Zygarde|22\/100|[from] item: Leftovers\n|-activate|p2a: Zygarde|ability: Power Construct\n|detailschange|p2a: Zygarde|Zygarde-Complete, shiny\n|-heal|p2a: Zygarde|49\/100|[silent]\n|upkeep\n|turn|18\n|\n|t:|1699950705\n|move|p2a: Zygarde|Thousand Arrows|p1a: Kid named Eruption\n|-supereffective|p1a: Kid named Eruption\n|-damage|p1a: Kid named Eruption|28\/100 par\n|move|p1a: Kid named Eruption|Precipice Blades|p2a: Zygarde|[miss]\n|-miss|p1a: Kid named Eruption|p2a: Zygarde\n|\n|-weather|DesolateLand|[upkeep]\n|-heal|p2a: Zygarde|55\/100|[from] item: Leftovers\n|upkeep\n|turn|19\n|\n|t:|1699950710\n|move|p2a: Zygarde|Thousand Arrows|p1a: Kid named Eruption\n|-supereffective|p1a: Kid named Eruption\n|-damage|p1a: Kid named Eruption|0 fnt\n|faint|p1a: Kid named Eruption\n|-weather|none\n|\n|-heal|p2a: Zygarde|61\/100|[from] item: Leftovers\n|upkeep\n|\n|t:|1699950713\n|switch|p1a: BKC|Arceus-Dark|100\/100\n|turn|20\n|\n|t:|1699950726\n|move|p1a: BKC|Will-O-Wisp|p2a: Zygarde\n|-status|p2a: Zygarde|brn\n|move|p2a: Zygarde|Glare|p1a: BKC\n|-status|p1a: BKC|par\n|\n|-heal|p2a: Zygarde|67\/100 brn|[from] item: Leftovers\n|-damage|p2a: Zygarde|61\/100 brn|[from] brn\n|upkeep\n|turn|21\n|\n|t:|1699950731\n|move|p2a: Zygarde|Thousand Arrows|p1a: BKC\n|-damage|p1a: BKC|79\/100 par\n|move|p1a: BKC|Taunt|p2a: Zygarde\n|-start|p2a: Zygarde|move: Taunt\n|\n|-heal|p2a: Zygarde|67\/100 brn|[from] item: Leftovers\n|-damage|p2a: Zygarde|61\/100 brn|[from] brn\n|upkeep\n|turn|22\n|\n|t:|1699950738\n|move|p2a: Zygarde|Thousand Arrows|p1a: BKC\n|-damage|p1a: BKC|57\/100 par\n|move|p1a: BKC|Foul Play|p2a: Zygarde\n|-damage|p2a: Zygarde|38\/100 brn\n|\n|-heal|p2a: Zygarde|45\/100 brn|[from] item: Leftovers\n|-damage|p2a: Zygarde|38\/100 brn|[from] brn\n|upkeep\n|turn|23\n|\n|t:|1699950744\n|move|p2a: Zygarde|Thousand Arrows|p1a: BKC\n|-damage|p1a: BKC|36\/100 par\n|move|p1a: BKC|Recover|p1a: BKC\n|-heal|p1a: BKC|86\/100 par\n|\n|-heal|p2a: Zygarde|45\/100 brn|[from] item: Leftovers\n|-damage|p2a: Zygarde|38\/100 brn|[from] brn\n|upkeep\n|turn|24\n|\n|t:|1699950748\n|move|p2a: Zygarde|Thousand Arrows|p1a: BKC\n|-damage|p1a: BKC|65\/100 par\n|cant|p1a: BKC|par\n|\n|-heal|p2a: Zygarde|45\/100 brn|[from] item: Leftovers\n|-damage|p2a: Zygarde|38\/100 brn|[from] brn\n|-end|p2a: Zygarde|move: Taunt\n|upkeep\n|turn|25\n|\n|t:|1699950754\n|move|p2a: Zygarde|Coil|p2a: Zygarde\n|-boost|p2a: Zygarde|atk|1\n|-boost|p2a: Zygarde|def|1\n|-boost|p2a: Zygarde|accuracy|1\n|move|p1a: BKC|Taunt|p2a: Zygarde\n|-start|p2a: Zygarde|move: Taunt\n|\n|-heal|p2a: Zygarde|45\/100 brn|[from] item: Leftovers\n|-damage|p2a: Zygarde|38\/100 brn|[from] brn\n|upkeep\n|turn|26\n|\n|t:|1699950759\n|move|p2a: Zygarde|Thousand Arrows|p1a: BKC\n|-damage|p1a: BKC|36\/100 par\n|cant|p1a: BKC|par\n|\n|-heal|p2a: Zygarde|45\/100 brn|[from] item: Leftovers\n|-damage|p2a: Zygarde|38\/100 brn|[from] brn\n|upkeep\n|turn|27\n|\n|t:|1699950763\n|move|p2a: Zygarde|Thousand Arrows|p1a: BKC\n|-damage|p1a: BKC|7\/100 par\n|cant|p1a: BKC|par\n|\n|-heal|p2a: Zygarde|45\/100 brn|[from] item: Leftovers\n|-damage|p2a: Zygarde|38\/100 brn|[from] brn\n|upkeep\n|turn|28\n|\n|t:|1699950767\n|move|p2a: Zygarde|Extreme Speed|p1a: BKC\n|-damage|p1a: BKC|0 fnt\n|faint|p1a: BKC\n|\n|-heal|p2a: Zygarde|45\/100 brn|[from] item: Leftovers\n|-damage|p2a: Zygarde|38\/100 brn|[from] brn\n|-end|p2a: Zygarde|move: Taunt\n|upkeep\n|\n|t:|1699950771\n|switch|p1a: Looks at you funny|Zygarde|100\/100\n|turn|29\n|\n|t:|1699950776\n|move|p1a: Looks at you funny|Coil|p1a: Looks at you funny\n|-boost|p1a: Looks at you funny|atk|1\n|-boost|p1a: Looks at you funny|def|1\n|-boost|p1a: Looks at you funny|accuracy|1\n|move|p2a: Zygarde|Glare|p1a: Looks at you funny\n|-status|p1a: Looks at you funny|par\n|\n|-heal|p2a: Zygarde|45\/100 brn|[from] item: Leftovers\n|-damage|p2a: Zygarde|38\/100 brn|[from] brn\n|upkeep\n|turn|30\n|\n|t:|1699950780\n|move|p2a: Zygarde|Thousand Arrows|p1a: Looks at you funny\n|-damage|p1a: Looks at you funny|83\/100 par\n|move|p1a: Looks at you funny|Coil|p1a: Looks at you funny\n|-boost|p1a: Looks at you funny|atk|1\n|-boost|p1a: Looks at you funny|def|1\n|-boost|p1a: Looks at you funny|accuracy|1\n|\n|-heal|p2a: Zygarde|45\/100 brn|[from] item: Leftovers\n|-damage|p2a: Zygarde|38\/100 brn|[from] brn\n|upkeep\n|turn|31\n|\n|t:|1699950787\n|switch|p2a: Marshadow|Marshadow|100\/100\n|move|p1a: Looks at you funny|Coil|p1a: Looks at you funny\n|-boost|p1a: Looks at you funny|atk|1\n|-boost|p1a: Looks at you funny|def|1\n|-boost|p1a: Looks at you funny|accuracy|1\n|\n|upkeep\n|turn|32\n|\n|t:|1699950792\n|-terastallize|p1a: Looks at you funny|Normal\n|move|p2a: Marshadow|Spectral Thief|p1a: Looks at you funny\n|-immune|p1a: Looks at you funny\n|move|p1a: Looks at you funny|Rest|p1a: Looks at you funny\n|-status|p1a: Looks at you funny|slp|[from] move: Rest\n|-heal|p1a: Looks at you funny|100\/100 slp|[silent]\n|-enditem|p1a: Looks at you funny|Chesto Berry|[eat]\n|-curestatus|p1a: Looks at you funny|slp|[msg]\n|\n|upkeep\n|turn|33\n|\n|t:|1699950797\n|switch|p2a: Regieleki|Regieleki, shiny|100\/100\n|move|p1a: Looks at you funny|Thousand Arrows|p2a: Regieleki\n|-supereffective|p2a: Regieleki\n|-damage|p2a: Regieleki|0 fnt\n|faint|p2a: Regieleki\n|\n|upkeep\n|\n|t:|1699950806\n|switch|p2a: Kyurem|Kyurem-Black, shiny|100\/100\n|-ability|p2a: Kyurem|Teravolt\n|turn|34\n|\n|t:|1699950814\n|move|p2a: Kyurem|Substitute|p2a: Kyurem\n|-start|p2a: Kyurem|Substitute\n|-damage|p2a: Kyurem|76\/100\n|move|p1a: Looks at you funny|Thousand Arrows|p2a: Kyurem\n|-end|p2a: Kyurem|Substitute\n|\n|-heal|p2a: Kyurem|82\/100|[from] item: Leftovers\n|upkeep\n|turn|35\n|\n|t:|1699950822\n|move|p2a: Kyurem|Icicle Spear|p1a: Looks at you funny\n|-damage|p1a: Looks at you funny|96\/100\n|-damage|p1a: Looks at you funny|91\/100\n|-damage|p1a: Looks at you funny|87\/100\n|-damage|p1a: Looks at you funny|82\/100\n|-hitcount|p1a: Looks at you funny|4\n|move|p1a: Looks at you funny|Thousand Arrows|p2a: Kyurem\n|-damage|p2a: Kyurem|7\/100\n|\n|-heal|p2a: Kyurem|13\/100|[from] item: Leftovers\n|upkeep\n|turn|36\n|\n|t:|1699950825\n|move|p1a: Looks at you funny|Extreme Speed|p2a: Kyurem\n|-damage|p2a: Kyurem|0 fnt\n|faint|p2a: Kyurem\n|\n|upkeep\n|\n|t:|1699950828\n|switch|p2a: Marshadow|Marshadow|100\/100\n|turn|37\n|\n|t:|1699950830\n|move|p2a: Marshadow|Close Combat|p1a: Looks at you funny\n|-supereffective|p1a: Looks at you funny\n|-damage|p1a: Looks at you funny|54\/100\n|-unboost|p2a: Marshadow|def|1\n|-unboost|p2a: Marshadow|spd|1\n|move|p1a: Looks at you funny|Thousand Arrows|p2a: Marshadow\n|-damage|p2a: Marshadow|0 fnt\n|faint|p2a: Marshadow\n|\n|upkeep\n|\n|t:|1699950834\n|switch|p2a: Zygarde|Zygarde-Complete, shiny|38\/100 brn\n|turn|38\n|\n|t:|1699950837\n|move|p1a: Looks at you funny|Extreme Speed|p2a: Zygarde\n|-damage|p2a: Zygarde|8\/100 brn\n|move|p2a: Zygarde|Thousand Arrows|p1a: Looks at you funny\n|-damage|p1a: Looks at you funny|49\/100\n|\n|-heal|p2a: Zygarde|14\/100 brn|[from] item: Leftovers\n|-damage|p2a: Zygarde|8\/100 brn|[from] brn\n|-activate|p1a: Looks at you funny|ability: Power Construct\n|detailschange|p1a: Looks at you funny|Zygarde-Complete, tera:Normal\n|-heal|p1a: Looks at you funny|66\/100|[silent]\n|upkeep\n|turn|39\n|-message|princess zmx forfeited.\n|\n|win|Regimidas\n|raw|Regimidas's rating: 1131 &rarr; <strong>1170<\/strong><br \/>(+39 for winning)\n|raw|princess zmx's rating: 1349 &rarr; <strong>1318<\/strong><br \/>(-31 for losing)\n|l|\u2606princess zmx\n","uploadtime":1699950845,"views":6,"p1id":"regimidas","p2id":"princesszmx","formatid":"gen9nationaldexubers","rating":1170,"private":0,"password":""}