{"id":"gen9nationaldexubers-1981993342","p1":"CallmeSac","p2":"onaerybluer","format":"[Gen 9] National Dex Ubers","log":"|j|\u2606CallmeSac\n|j|\u2606onaerybluer\n|t:|1698957868\n|gametype|singles\n|player|p1|CallmeSac|169|1215\n|player|p2|onaerybluer|bellelba|1357\n|teamsize|p1|6\n|teamsize|p2|6\n|gen|9\n|tier|[Gen 9] National Dex Ubers\n|rated|\n|rule|HP Percentage Mod: HP is shown in percentages\n|rule|Endless Battle Clause: Forcing endless battles is banned\n|rule|OHKO Clause: OHKO moves are banned\n|rule|Evasion Moves Clause: Evasion moves are banned\n|rule|Evasion Items Clause: Evasion items are banned\n|rule|Species Clause: Limit one of each Pok\u00e9mon\n|rule|Sleep Clause Mod: Limit one foe put to sleep\n|rule|Mega Rayquaza Clause: You cannot mega evolve Rayquaza\n|clearpoke\n|poke|p1|Lucario, F|\n|poke|p1|Great Tusk|\n|poke|p1|Landorus-Therian, M|\n|poke|p1|Ribombee, M|\n|poke|p1|Xerneas-*|\n|poke|p1|Palafin, F|\n|poke|p2|Kangaskhan, F|\n|poke|p2|Blissey, F|\n|poke|p2|Gholdengo|\n|poke|p2|Chien-Pao|\n|poke|p2|Flutter Mane|\n|poke|p2|Kingambit, F|\n|teampreview\n|inactive|Battle timer is ON: inactive players will automatically lose when time's up. (requested by onaerybluer)\n|\n|t:|1698957877\n|start\n|switch|p1a: Ribombee|Ribombee, M|100\/100\n|switch|p2a: Gholdengo|Gholdengo|100\/100\n|turn|1\n|\n|t:|1698957885\n|move|p2a: Gholdengo|Make It Rain|p1a: Ribombee\n|-supereffective|p1a: Ribombee\n|-enditem|p1a: Ribombee|Focus Sash\n|-damage|p1a: Ribombee|1\/100\n|-unboost|p2a: Gholdengo|spa|1\n|move|p1a: Ribombee|Sticky Web|p2a: Gholdengo\n|-sidestart|p2: onaerybluer|move: Sticky Web\n|\n|upkeep\n|turn|2\n|\n|t:|1698957896\n|move|p2a: Gholdengo|Make It Rain|p1a: Ribombee\n|-supereffective|p1a: Ribombee\n|-damage|p1a: Ribombee|0 fnt\n|-unboost|p2a: Gholdengo|spa|1\n|faint|p1a: Ribombee\n|\n|upkeep\n|inactive|CallmeSac has 120 seconds left.\n|\n|t:|1698957925\n|switch|p1a: Palafin|Palafin, F|100\/100\n|turn|3\n|\n|t:|1698957929\n|move|p2a: Gholdengo|Make It Rain|p1a: Palafin\n|-resisted|p1a: Palafin\n|-damage|p1a: Palafin|77\/100\n|-unboost|p2a: Gholdengo|spa|1\n|move|p1a: Palafin|Flip Turn|p2a: Gholdengo\n|-damage|p2a: Gholdengo|64\/100\n|\n|t:|1698957937\n|detailschange|p1a: Palafin|Palafin-Hero, F\n|switch|p1a: Landorus|Landorus-Therian, M|100\/100|[from] Flip Turn\n|-ability|p1a: Landorus|Intimidate|boost\n|-unboost|p2a: Gholdengo|atk|1\n|\n|upkeep\n|turn|4\n|\n|t:|1698957943\n|switch|p2a: Blissey|Blissey, F|100\/100\n|move|p1a: Landorus|Swords Dance|p1a: Landorus\n|-boost|p1a: Landorus|atk|2\n|\n|upkeep\n|turn|5\n|\n|t:|1698957950\n|move|p1a: Landorus|Swords Dance|p1a: Landorus\n|-boost|p1a: Landorus|atk|2\n|move|p2a: Blissey|Seismic Toss|p1a: Landorus\n|-damage|p1a: Landorus|69\/100\n|\n|upkeep\n|turn|6\n|\n|t:|1698957959\n|move|p1a: Landorus|Earthquake|p2a: Blissey\n|-damage|p2a: Blissey|0 fnt\n|faint|p2a: Blissey\n|-damage|p1a: Landorus|59\/100|[from] item: Life Orb\n|\n|upkeep\n|\n|t:|1698957961\n|switch|p2a: Chien-Pao|Chien-Pao|100\/100\n|-activate|p2a: Chien-Pao|move: Sticky Web\n|-unboost|p2a: Chien-Pao|spe|1\n|-ability|p2a: Chien-Pao|Sword of Ruin\n|turn|7\n|\n|t:|1698957971\n|move|p2a: Chien-Pao|Ice Shard|p1a: Landorus\n|-supereffective|p1a: Landorus\n|-damage|p1a: Landorus|0 fnt\n|faint|p1a: Landorus\n|\n|upkeep\n|\n|t:|1698957998\n|switch|p1a: Palafin|Palafin-Hero, F|77\/100\n|-activate|p1a: Palafin|ability: Zero to Hero\n|turn|8\n|\n|t:|1698958027\n|switch|p2a: Gholdengo|Gholdengo|64\/100\n|-activate|p2a: Gholdengo|move: Sticky Web\n|-unboost|p2a: Gholdengo|spe|1\n|move|p1a: Palafin|Drain Punch|p2a: Gholdengo\n|-immune|p2a: Gholdengo\n|\n|upkeep\n|turn|9\n|\n|t:|1698958045\n|switch|p1a: Great Tusk|Great Tusk|100\/100\n|-enditem|p1a: Great Tusk|Booster Energy\n|-activate|p1a: Great Tusk|ability: Protosynthesis|[fromitem]\n|-start|p1a: Great Tusk|protosynthesisatk\n|move|p2a: Gholdengo|Trick|p1a: Great Tusk\n|-activate|p2a: Gholdengo|move: Trick|[of] p1a: Great Tusk\n|-item|p1a: Great Tusk|Choice Scarf|[from] move: Trick\n|-enditem|p2a: Gholdengo|Choice Scarf|[silent]|[from] move: Trick\n|\n|upkeep\n|turn|10\n|\n|t:|1698958062\n|move|p1a: Great Tusk|Headlong Rush|p2a: Gholdengo\n|-supereffective|p2a: Gholdengo\n|-damage|p2a: Gholdengo|0 fnt\n|-unboost|p1a: Great Tusk|def|1\n|-unboost|p1a: Great Tusk|spd|1\n|faint|p2a: Gholdengo\n|\n|upkeep\n|\n|t:|1698958071\n|switch|p2a: Kangaskhan|Kangaskhan, F|100\/100\n|-activate|p2a: Kangaskhan|move: Sticky Web\n|-unboost|p2a: Kangaskhan|spe|1\n|turn|11\n|\n|t:|1698958075\n|detailschange|p2a: Kangaskhan|Kangaskhan-Mega, F\n|-mega|p2a: Kangaskhan|Kangaskhan|Kangaskhanite\n|move|p2a: Kangaskhan|Fake Out|p1a: Great Tusk\n|-damage|p1a: Great Tusk|81\/100\n|-crit|p1a: Great Tusk\n|-damage|p1a: Great Tusk|75\/100\n|-hitcount|p1a: Great Tusk|2\n|cant|p1a: Great Tusk|flinch\n|\n|upkeep\n|turn|12\n|\n|t:|1698958084\n|move|p1a: Great Tusk|Headlong Rush|p2a: Kangaskhan\n|-damage|p2a: Kangaskhan|15\/100\n|-unboost|p1a: Great Tusk|def|1\n|-unboost|p1a: Great Tusk|spd|1\n|move|p2a: Kangaskhan|Body Slam|p1a: Great Tusk\n|-damage|p1a: Great Tusk|27\/100\n|-damage|p1a: Great Tusk|15\/100\n|-status|p1a: Great Tusk|par\n|-hitcount|p1a: Great Tusk|2\n|\n|upkeep\n|turn|13\n|\n|t:|1698958094\n|move|p2a: Kangaskhan|Body Slam|p1a: Great Tusk\n|-damage|p1a: Great Tusk|0 fnt\n|faint|p1a: Great Tusk\n|-end|p1a: Great Tusk|Protosynthesis|[silent]\n|-hitcount|p1: Great Tusk|1\n|\n|upkeep\n|\n|t:|1698958115\n|switch|p1a: Palafin|Palafin-Hero, F|77\/100\n|turn|14\n|\n|t:|1698958121\n|move|p1a: Palafin|Flip Turn|p2a: Kangaskhan\n|-damage|p2a: Kangaskhan|0 fnt\n|faint|p2a: Kangaskhan\n|inactive|CallmeSac has 120 seconds left.\n|\n|t:|1698958147\n|switch|p1a: Lucario|Lucario, F|100\/100|[from] Flip Turn\n|\n|upkeep\n|\n|t:|1698958165\n|switch|p2a: Chien-Pao|Chien-Pao|100\/100\n|-activate|p2a: Chien-Pao|move: Sticky Web\n|-unboost|p2a: Chien-Pao|spe|1\n|-ability|p2a: Chien-Pao|Sword of Ruin\n|turn|15\n|inactive|CallmeSac has 120 seconds left.\n|\n|t:|1698958184\n|detailschange|p1a: Lucario|Lucario-Mega, F\n|-mega|p1a: Lucario|Lucario|Lucarionite\n|-terastallize|p2a: Chien-Pao|Dark\n|move|p1a: Lucario|Bullet Punch|p2a: Chien-Pao\n|-damage|p2a: Chien-Pao|59\/100\n|move|p2a: Chien-Pao|Sacred Sword|p1a: Lucario\n|-supereffective|p1a: Lucario\n|-damage|p1a: Lucario|0 fnt\n|faint|p1a: Lucario\n|\n|upkeep\n|\n|t:|1698958203\n|switch|p1a: Palafin|Palafin-Hero, F|77\/100\n|turn|16\n|\n|t:|1698958208\n|move|p1a: Palafin|Drain Punch|p2a: Chien-Pao\n|-supereffective|p2a: Chien-Pao\n|-damage|p2a: Chien-Pao|0 fnt\n|-heal|p1a: Palafin|100\/100|[from] drain|[of] p2a: Chien-Pao\n|faint|p2a: Chien-Pao\n|\n|upkeep\n|\n|t:|1698958210\n|switch|p2a: Flutter Mane|Flutter Mane|100\/100\n|-activate|p2a: Flutter Mane|move: Sticky Web\n|-unboost|p2a: Flutter Mane|spe|1\n|turn|17\n|inactive|CallmeSac has 120 seconds left.\n|\n|t:|1698958220\n|switch|p1a: Xerneas|Xerneas|100\/100\n|-ability|p1a: Xerneas|Fairy Aura\n|-zpower|p2a: Flutter Mane\n|move|p2a: Flutter Mane|Twinkle Tackle|p1a: Xerneas|[zeffect]\n|-damage|p1a: Xerneas|0 fnt\n|faint|p1a: Xerneas\n|\n|upkeep\n|inactive|CallmeSac has 120 seconds left.\n|\n|t:|1698958230\n|switch|p1a: Palafin|Palafin-Hero, F|100\/100\n|turn|18\n|inactive|CallmeSac has 120 seconds left.\n|\n|t:|1698958239\n|move|p1a: Palafin|Wave Crash|p2a: Flutter Mane\n|-damage|p2a: Flutter Mane|0 fnt\n|faint|p2a: Flutter Mane\n|-end|p2a: Flutter Mane|Protosynthesis|[silent]\n|-damage|p1a: Palafin|76\/100|[from] Recoil\n|\n|upkeep\n|\n|t:|1698958241\n|switch|p2a: Kingambit|Kingambit, F|100\/100\n|-activate|p2a: Kingambit|move: Sticky Web\n|-unboost|p2a: Kingambit|spe|1\n|-activate|p2a: Kingambit|ability: Supreme Overlord\n|-start|p2a: Kingambit|fallen5|[silent]\n|turn|19\n|\n|t:|1698958250\n|move|p2a: Kingambit|Sucker Punch|p1a: Palafin\n|-damage|p1a: Palafin|8\/100\n|move|p1a: Palafin|Wave Crash|p2a: Kingambit\n|-damage|p2a: Kingambit|7\/100\n|-damage|p1a: Palafin|0 fnt|[from] Recoil\n|faint|p1a: Palafin\n|\n|win|onaerybluer\n|raw|CallmeSac's rating: 1215 &rarr; <strong>1200<\/strong><br \/>(-15 for losing)\n|raw|onaerybluer's rating: 1357 &rarr; <strong>1369<\/strong><br \/>(+12 for winning)\n","uploadtime":1698958262,"views":15,"p1id":"callmesac","p2id":"onaerybluer","formatid":"gen9nationaldexubers","rating":1200,"private":0,"password":""}