{"id":"gen9nationaldexubers-1988312266","p1":"Jothis","p2":"12Danil345","format":"[Gen 9] National Dex Ubers","log":"|j|\u2606Jothis\n|j|\u260612Danil345\n|t:|1699706639\n|gametype|singles\n|player|p1|Jothis|palmer|\n|player|p2|12Danil345|wattson|\n|teamsize|p1|6\n|teamsize|p2|6\n|gen|9\n|tier|[Gen 9] National Dex Ubers\n|rule|HP Percentage Mod: HP is shown in percentages\n|rule|Endless Battle Clause: Forcing endless battles is banned\n|rule|OHKO Clause: OHKO moves are banned\n|rule|Evasion Moves Clause: Evasion moves are banned\n|rule|Evasion Items Clause: Evasion items are banned\n|rule|Species Clause: Limit one of each Pok\u00e9mon\n|rule|Sleep Clause Mod: Limit one foe put to sleep\n|rule|Mega Rayquaza Clause: You cannot mega evolve Rayquaza\n|clearpoke\n|poke|p1|Dracovish|\n|poke|p1|Glimmora, M|\n|poke|p1|Arceus-Ghost|\n|poke|p1|Darmanitan-Galar, M|\n|poke|p1|Ogerpon-Hearthflame, F|\n|poke|p1|Zacian-*|\n|poke|p2|Chansey, F|\n|poke|p2|Lugia|\n|poke|p2|Registeel|\n|poke|p2|Tyranitar, M|\n|poke|p2|Regieleki|\n|poke|p2|Dondozo, M|\n|teampreview\n|inactive|Battle timer is ON: inactive players will automatically lose when time's up. (requested by Jothis)\n|\n|t:|1699706659\n|start\n|switch|p1a: Zacian|Zacian-Crowned, shiny|100\/100\n|switch|p2a: Regieleki|Regieleki|100\/100\n|-item|p2a: Regieleki|Air Balloon\n|-ability|p1a: Zacian|Intrepid Sword|boost\n|-boost|p1a: Zacian|atk|1\n|turn|1\n|\n|t:|1699706668\n|move|p2a: Regieleki|Volt Switch|p1a: Zacian\n|-damage|p1a: Zacian|59\/100\n|\n|t:|1699706671\n|switch|p2a: Dondozo|Dondozo, M|100\/100|[from] Volt Switch\n|move|p1a: Zacian|Trailblaze|p2a: Dondozo\n|-supereffective|p2a: Dondozo\n|-damage|p2a: Dondozo|83\/100\n|-boost|p1a: Zacian|spe|1\n|\n|-heal|p2a: Dondozo|89\/100|[from] item: Leftovers\n|upkeep\n|turn|2\n|\n|t:|1699706682\n|-terastallize|p1a: Zacian|Fighting\n|move|p1a: Zacian|Close Combat|p2a: Dondozo\n|-crit|p2a: Dondozo\n|-damage|p2a: Dondozo|43\/100\n|-unboost|p1a: Zacian|def|1\n|-unboost|p1a: Zacian|spd|1\n|move|p2a: Dondozo|Curse|p2a: Dondozo\n|-unboost|p2a: Dondozo|spe|1\n|-boost|p2a: Dondozo|atk|1\n|-boost|p2a: Dondozo|def|1\n|\n|-heal|p2a: Dondozo|49\/100|[from] item: Leftovers\n|upkeep\n|turn|3\n|\n|t:|1699706688\n|move|p1a: Zacian|Close Combat|p2a: Dondozo\n|-damage|p2a: Dondozo|27\/100\n|-unboost|p1a: Zacian|def|1\n|-unboost|p1a: Zacian|spd|1\n|move|p2a: Dondozo|Rest|p2a: Dondozo\n|-status|p2a: Dondozo|slp|[from] move: Rest\n|-heal|p2a: Dondozo|100\/100 slp|[silent]\n|\n|upkeep\n|turn|4\n|\n|t:|1699706698\n|move|p1a: Zacian|Close Combat|p2a: Dondozo\n|-damage|p2a: Dondozo|79\/100 slp\n|-unboost|p1a: Zacian|def|1\n|-unboost|p1a: Zacian|spd|1\n|cant|p2a: Dondozo|slp\n|move|p2a: Dondozo|Sleep Talk|p2a: Dondozo\n|move|p2a: Dondozo|Liquidation|p1a: Zacian|[from]move: Sleep Talk\n|-damage|p1a: Zacian|24\/100\n|\n|-heal|p2a: Dondozo|85\/100 slp|[from] item: Leftovers\n|upkeep\n|turn|5\n|\n|t:|1699706705\n|move|p1a: Zacian|Close Combat|p2a: Dondozo\n|-damage|p2a: Dondozo|62\/100 slp\n|-unboost|p1a: Zacian|def|1\n|-unboost|p1a: Zacian|spd|1\n|cant|p2a: Dondozo|slp\n|move|p2a: Dondozo|Sleep Talk|p2a: Dondozo\n|move|p2a: Dondozo|Rest||[from]move: Sleep Talk|[still]\n|-fail|p2a: Dondozo\n|\n|-heal|p2a: Dondozo|69\/100 slp|[from] item: Leftovers\n|upkeep\n|turn|6\n|\n|t:|1699706710\n|move|p1a: Zacian|Close Combat|p2a: Dondozo\n|-damage|p2a: Dondozo|49\/100 slp\n|-unboost|p1a: Zacian|def|1\n|-unboost|p1a: Zacian|spd|1\n|-curestatus|p2a: Dondozo|slp|[msg]\n|move|p2a: Dondozo|Liquidation|p1a: Zacian\n|-damage|p1a: Zacian|0 fnt\n|faint|p1a: Zacian\n|\n|-heal|p2a: Dondozo|55\/100|[from] item: Leftovers\n|upkeep\n|\n|t:|1699706713\n|switch|p1a: Arceus|Arceus-Ghost|100\/100\n|turn|7\n|\n|t:|1699706716\n|switch|p2a: Chansey|Chansey, F|100\/100\n|move|p1a: Arceus|Judgment|p2a: Chansey\n|-immune|p2a: Chansey\n|\n|upkeep\n|turn|8\n|\n|t:|1699706723\n|switch|p1a: Glimmora|Glimmora, M|100\/100\n|move|p2a: Chansey|Wish|p2a: Chansey\n|\n|upkeep\n|turn|9\n|\n|t:|1699706728\n|move|p1a: Glimmora|Stealth Rock|p2a: Chansey\n|-sidestart|p2: 12Danil345|move: Stealth Rock\n|move|p2a: Chansey|Seismic Toss|p1a: Glimmora\n|-damage|p1a: Glimmora|73\/100\n|-activate|p1a: Glimmora|ability: Toxic Debris\n|-sidestart|p2: 12Danil345|move: Toxic Spikes\n|\n|upkeep\n|turn|10\n|\n|t:|1699706735\n|move|p1a: Glimmora|Toxic|p2a: Chansey\n|-status|p2a: Chansey|tox\n|move|p2a: Chansey|Seismic Toss|p1a: Glimmora\n|-damage|p1a: Glimmora|46\/100\n|-activate|p1a: Glimmora|ability: Toxic Debris\n|-sidestart|p2: 12Danil345|move: Toxic Spikes\n|\n|-damage|p2a: Chansey|94\/100 tox|[from] psn\n|upkeep\n|turn|11\n|\n|t:|1699706741\n|switch|p1a: Arceus|Arceus-Ghost|100\/100\n|move|p2a: Chansey|Seismic Toss|p1a: Arceus\n|-immune|p1a: Arceus\n|\n|-damage|p2a: Chansey|82\/100 tox|[from] psn\n|upkeep\n|turn|12\n|\n|t:|1699706751\n|switch|p1a: Glimmora|Glimmora, M|46\/100\n|move|p2a: Chansey|Wish|p2a: Chansey\n|\n|-damage|p2a: Chansey|63\/100 tox|[from] psn\n|upkeep\n|turn|13\n|\n|t:|1699706761\n|move|p1a: Glimmora|Power Gem|p2a: Chansey\n|-damage|p2a: Chansey|54\/100 tox\n|move|p2a: Chansey|Aromatherapy|p2a: Chansey\n|-activate|p2a: Chansey|move: Aromatherapy\n|-curestatus|p2a: Chansey|tox|[msg]\n|\n|-heal|p2a: Chansey|100\/100|[from] move: Wish|[wisher] Chansey\n|upkeep\n|turn|14\n|\n|t:|1699706765\n|move|p1a: Glimmora|Toxic|p2a: Chansey\n|-status|p2a: Chansey|tox\n|move|p2a: Chansey|Seismic Toss|p1a: Glimmora\n|-damage|p1a: Glimmora|19\/100\n|\n|-damage|p2a: Chansey|94\/100 tox|[from] psn\n|upkeep\n|turn|15\n|\n|t:|1699706774\n|switch|p1a: Arceus|Arceus-Ghost|100\/100\n|move|p2a: Chansey|Seismic Toss|p1a: Arceus\n|-immune|p1a: Arceus\n|\n|-damage|p2a: Chansey|82\/100 tox|[from] psn\n|upkeep\n|turn|16\n|\n|t:|1699706788\n|move|p1a: Arceus|Draco Meteor|p2a: Chansey\n|-damage|p2a: Chansey|70\/100 tox\n|-unboost|p1a: Arceus|spa|2\n|move|p2a: Chansey|Wish|p2a: Chansey\n|\n|-damage|p2a: Chansey|52\/100 tox|[from] psn\n|upkeep\n|turn|17\n|\n|t:|1699706797\n|switch|p1a: Dracovish|Dracovish|100\/100\n|move|p2a: Chansey|Aromatherapy|p2a: Chansey\n|-activate|p2a: Chansey|move: Aromatherapy\n|-curestatus|p2a: Chansey|tox|[msg]\n|\n|-heal|p2a: Chansey|100\/100|[from] move: Wish|[wisher] Chansey\n|upkeep\n|turn|18\n|\n|t:|1699706805\n|switch|p2a: Dondozo|Dondozo, M|55\/100\n|-damage|p2a: Dondozo|42\/100|[from] Stealth Rock\n|-status|p2a: Dondozo|tox\n|move|p1a: Dracovish|Fishious Rend|p2a: Dondozo\n|-resisted|p2a: Dondozo\n|-damage|p2a: Dondozo|19\/100 tox\n|\n|-heal|p2a: Dondozo|25\/100 tox|[from] item: Leftovers\n|-damage|p2a: Dondozo|19\/100 tox|[from] psn\n|upkeep\n|turn|19\n|inactive|12Danil345 has 270 seconds left.\n|\n|t:|1699706858\n|switch|p2a: Tyranitar|Tyranitar, M, shiny|100\/100\n|-damage|p2a: Tyranitar|88\/100|[from] Stealth Rock\n|-status|p2a: Tyranitar|tox\n|-weather|Sandstorm|[from] ability: Sand Stream|[of] p2a: Tyranitar\n|move|p1a: Dracovish|Fishious Rend|p2a: Tyranitar\n|-supereffective|p2a: Tyranitar\n|-damage|p2a: Tyranitar|0 fnt\n|faint|p2a: Tyranitar\n|\n|-weather|Sandstorm|[upkeep]\n|-damage|p1a: Dracovish|94\/100|[from] Sandstorm\n|upkeep\n|\n|t:|1699706862\n|switch|p2a: Lugia|Lugia|100\/100\n|-damage|p2a: Lugia|76\/100|[from] Stealth Rock\n|turn|20\n|\n|t:|1699706869\n|move|p1a: Dracovish|Fishious Rend|p2a: Lugia\n|-crit|p2a: Lugia\n|-damage|p2a: Lugia|2\/100\n|-damage|p1a: Dracovish|78\/100|[from] item: Rocky Helmet|[of] p2a: Lugia\n|move|p2a: Lugia|Whirlwind|p1a: Dracovish\n|drag|p1a: Arceus|Arceus-Ghost|100\/100\n|\n|-weather|Sandstorm|[upkeep]\n|-damage|p1a: Arceus|94\/100|[from] Sandstorm\n|-damage|p2a: Lugia|0 fnt|[from] Sandstorm\n|faint|p2a: Lugia\n|upkeep\n|inactive|12Danil345 has 240 seconds left.\n|\n|t:|1699706904\n|switch|p2a: Registeel|Registeel|100\/100\n|-damage|p2a: Registeel|94\/100|[from] Stealth Rock\n|turn|21\n|\n|t:|1699706910\n|move|p1a: Arceus|Judgment|p2a: Registeel\n|-damage|p2a: Registeel|62\/100\n|move|p2a: Registeel|Toxic|p1a: Arceus\n|-status|p1a: Arceus|tox\n|\n|-weather|Sandstorm|[upkeep]\n|-damage|p1a: Arceus|88\/100 tox|[from] Sandstorm\n|-heal|p2a: Registeel|68\/100|[from] item: Leftovers\n|-damage|p1a: Arceus|82\/100 tox|[from] psn\n|upkeep\n|turn|22\n|inactive|12Danil345 has 240 seconds left.\n|\n|t:|1699706920\n|move|p1a: Arceus|Judgment|p2a: Registeel\n|-damage|p2a: Registeel|38\/100\n|move|p2a: Registeel|Rest|p2a: Registeel\n|-status|p2a: Registeel|slp|[from] move: Rest\n|-heal|p2a: Registeel|100\/100 slp|[silent]\n|\n|-weather|Sandstorm|[upkeep]\n|-damage|p1a: Arceus|76\/100 tox|[from] Sandstorm\n|-damage|p1a: Arceus|64\/100 tox|[from] psn\n|upkeep\n|turn|23\n|\n|t:|1699706926\n|switch|p1a: Ogerpon|Ogerpon-Hearthflame, F|100\/100\n|-ability|p1a: Ogerpon|Mold Breaker\n|cant|p2a: Registeel|slp\n|\n|-weather|none\n|upkeep\n|turn|24\n|\n|t:|1699706943\n|-terastallize|p2a: Registeel|Water\n|move|p1a: Ogerpon|Ivy Cudgel|p2a: Registeel\n|-resisted|p2a: Registeel\n|-crit|p2a: Registeel\n|-damage|p2a: Registeel|70\/100 slp\n|cant|p2a: Registeel|slp\n|\n|-heal|p2a: Registeel|76\/100 slp|[from] item: Leftovers\n|upkeep\n|turn|25\n|inactive|12Danil345 has 240 seconds left.\n|\n|t:|1699706962\n|switch|p2a: Regieleki|Regieleki|100\/100\n|-damage|p2a: Regieleki|88\/100|[from] Stealth Rock\n|-item|p2a: Regieleki|Air Balloon\n|move|p1a: Ogerpon|Horn Leech|p2a: Regieleki\n|-damage|p2a: Regieleki|4\/100\n|-enditem|p2a: Regieleki|Air Balloon\n|\n|upkeep\n|turn|26\n|\n|t:|1699706976\n|move|p1a: Ogerpon|Spiky Shield|p1a: Ogerpon\n|-singleturn|p1a: Ogerpon|move: Protect\n|move|p2a: Regieleki|Rapid Spin|p1a: Ogerpon\n|-activate|p1a: Ogerpon|move: Protect\n|-damage|p2a: Regieleki|0 fnt|[from] Spiky Shield|[of] p1a: Ogerpon\n|faint|p2a: Regieleki\n|\n|upkeep\n|inactive|12Danil345 has 240 seconds left.\n|\n|t:|1699706995\n|switch|p2a: Registeel|Registeel, tera:Water|76\/100 slp\n|-damage|p2a: Registeel|63\/100 slp|[from] Stealth Rock\n|turn|27\n|inactive|12Danil345 has 240 seconds left.\n|\n|t:|1699707001\n|move|p1a: Ogerpon|Horn Leech|p2a: Registeel\n|-supereffective|p2a: Registeel\n|-damage|p2a: Registeel|4\/100 slp\n|-curestatus|p2a: Registeel|slp|[msg]\n|move|p2a: Registeel|Iron Defense|p2a: Registeel\n|-boost|p2a: Registeel|def|2\n|\n|-heal|p2a: Registeel|10\/100|[from] item: Leftovers\n|upkeep\n|turn|28\n|\n|t:|1699707010\n|move|p1a: Ogerpon|Horn Leech|p2a: Registeel\n|-supereffective|p2a: Registeel\n|-damage|p2a: Registeel|0 fnt\n|faint|p2a: Registeel\n|\n|upkeep\n|\n|t:|1699707015\n|switch|p2a: Dondozo|Dondozo, M|19\/100 tox\n|-damage|p2a: Dondozo|7\/100 tox|[from] Stealth Rock\n|turn|29\n|\n|t:|1699707025\n|move|p1a: Ogerpon|Trailblaze|p2a: Dondozo\n|-supereffective|p2a: Dondozo\n|-damage|p2a: Dondozo|0 fnt\n|-boost|p1a: Ogerpon|spe|1\n|faint|p2a: Dondozo\n|\n|upkeep\n|\n|t:|1699707033\n|switch|p2a: Chansey|Chansey, F|100\/100\n|-damage|p2a: Chansey|88\/100|[from] Stealth Rock\n|-status|p2a: Chansey|tox\n|turn|30\n|\n|t:|1699707036\n|move|p1a: Ogerpon|Ivy Cudgel|p2a: Chansey\n|-damage|p2a: Chansey|0 fnt\n|faint|p2a: Chansey\n|\n|win|Jothis\n|l|\u260612Danil345\n","uploadtime":1699707043,"views":10,"p1id":"jothis","p2id":"12danil345","formatid":"gen9nationaldexubers","rating":0,"private":0,"password":""}