{"id":"gen9nationaldexubers-1982084652","p1":"SpareRib24","p2":"schiroj11","format":"[Gen 9] National Dex Ubers","log":"|j|\u2606SpareRib24\n|j|\u2606schiroj11\n|t:|1698966276\n|gametype|singles\n|player|p1|SpareRib24|2|\n|player|p2|schiroj11|265|\n|teamsize|p1|6\n|teamsize|p2|6\n|gen|9\n|tier|[Gen 9] National Dex Ubers\n|rule|HP Percentage Mod: HP is shown in percentages\n|rule|Endless Battle Clause: Forcing endless battles is banned\n|rule|OHKO Clause: OHKO moves are banned\n|rule|Evasion Moves Clause: Evasion moves are banned\n|rule|Evasion Items Clause: Evasion items are banned\n|rule|Species Clause: Limit one of each Pok\u00e9mon\n|rule|Sleep Clause Mod: Limit one foe put to sleep\n|rule|Mega Rayquaza Clause: You cannot mega evolve Rayquaza\n|clearpoke\n|poke|p1|Gardevoir, M|\n|poke|p1|Rotom-Wash|\n|poke|p1|Nihilego|\n|poke|p1|Nidoking, M|\n|poke|p1|Gliscor, M|\n|poke|p1|Inteleon, F|\n|poke|p2|Dragapult, M|\n|poke|p2|Scizor, M|\n|poke|p2|Iron Hands|\n|poke|p2|Skeledirge, M|\n|poke|p2|Mew|\n|poke|p2|Togekiss, M|\n|teampreview\n|j| mattlap31\n|\n|t:|1698966296\n|start\n|switch|p1a: Nidoking|Nidoking, M|100\/100\n|switch|p2a: Scizor|Scizor, M|100\/100\n|turn|1\n|c| mattlap31|weak scizor\n|\n|t:|1698966339\n|switch|p2a: Mew|Mew|100\/100\n|move|p1a: Nidoking|Flamethrower|p2a: Mew\n|-damage|p2a: Mew|80\/100\n|\n|-heal|p2a: Mew|86\/100|[from] item: Leftovers\n|upkeep\n|turn|2\n|l|\u2606SpareRib24\n|player|p1|\n|j|\u2606SpareRib24\n|player|p1|SpareRib24|2\n|\n|t:|1698966384\n|switch|p1a: Rotom|Rotom-Wash|100\/100\n|move|p2a: Mew|Ice Beam|p1a: Rotom\n|-resisted|p1a: Rotom\n|-damage|p1a: Rotom|87\/100\n|\n|-heal|p2a: Mew|93\/100|[from] item: Leftovers\n|-heal|p1a: Rotom|94\/100|[from] item: Leftovers\n|upkeep\n|turn|3\n|\n|t:|1698966420\n|move|p2a: Mew|Energy Ball|p1a: Rotom\n|-supereffective|p1a: Rotom\n|-damage|p1a: Rotom|39\/100\n|move|p1a: Rotom|Volt Switch|p2a: Mew\n|-damage|p2a: Mew|75\/100\n|j| Salvatore14\n|\n|t:|1698966443\n|switch|p1a: Inteleon|Inteleon, F|100\/100|[from] Volt Switch\n|\n|-heal|p2a: Mew|81\/100|[from] item: Leftovers\n|upkeep\n|turn|4\n|l| Salvatore14\n|\n|t:|1698966512\n|switch|p2a: Togekiss|Togekiss, M|100\/100\n|move|p1a: Inteleon|U-turn|p2a: Togekiss\n|-resisted|p2a: Togekiss\n|-damage|p2a: Togekiss|98\/100\n|j| quebecquagsires\n|\n|t:|1698966522\n|switch|p1a: Rotom|Rotom-Wash|39\/100|[from] U-turn\n|\n|-heal|p1a: Rotom|45\/100|[from] item: Leftovers\n|upkeep\n|turn|5\n|\n|t:|1698966553\n|switch|p2a: Iron Hands|Iron Hands|100\/100\n|move|p1a: Rotom|Pain Split|p2a: Iron Hands\n|-sethp|p2a: Iron Hands|66\/100|[from] move: Pain Split|[silent]\n|-sethp|p1a: Rotom|97\/100|[from] move: Pain Split\n|\n|-heal|p1a: Rotom|100\/100|[from] item: Leftovers\n|-heal|p2a: Iron Hands|72\/100|[from] item: Leftovers\n|upkeep\n|turn|6\n|\n|t:|1698966567\n|move|p1a: Rotom|Will-O-Wisp|p2a: Iron Hands\n|-status|p2a: Iron Hands|brn\n|move|p2a: Iron Hands|Drain Punch|p1a: Rotom\n|-damage|p1a: Rotom|83\/100\n|-heal|p2a: Iron Hands|78\/100 brn|[from] drain|[of] p1a: Rotom\n|\n|-heal|p1a: Rotom|90\/100|[from] item: Leftovers\n|-heal|p2a: Iron Hands|84\/100 brn|[from] item: Leftovers\n|-damage|p2a: Iron Hands|78\/100 brn|[from] brn\n|upkeep\n|turn|7\n|\n|t:|1698966581\n|-end|p2a: Iron Hands|Quark Drive|[silent]\n|switch|p2a: Mew|Mew|81\/100\n|move|p1a: Rotom|Volt Switch|p2a: Mew\n|-damage|p2a: Mew|61\/100\n|\n|t:|1698966586\n|switch|p1a: Inteleon|Inteleon, F|100\/100|[from] Volt Switch\n|\n|-heal|p2a: Mew|68\/100|[from] item: Leftovers\n|upkeep\n|turn|8\n|\n|t:|1698966611\n|move|p1a: Inteleon|Hydro Pump|p2a: Mew\n|-damage|p2a: Mew|26\/100\n|move|p2a: Mew|Roost|p2a: Mew\n|-heal|p2a: Mew|76\/100\n|-singleturn|p2a: Mew|move: Roost\n|\n|-heal|p2a: Mew|82\/100|[from] item: Leftovers\n|upkeep\n|turn|9\n|j| Joepells1608\n|j| Matts Mommy\n|\n|t:|1698966641\n|switch|p1a: Rotom|Rotom-Wash|90\/100\n|move|p2a: Mew|Energy Ball|p1a: Rotom\n|-supereffective|p1a: Rotom\n|-damage|p1a: Rotom|37\/100\n|\n|-heal|p2a: Mew|88\/100|[from] item: Leftovers\n|-heal|p1a: Rotom|43\/100|[from] item: Leftovers\n|upkeep\n|turn|10\n|\n|t:|1698966656\n|move|p2a: Mew|Energy Ball|p1a: Rotom\n|-supereffective|p1a: Rotom\n|-damage|p1a: Rotom|0 fnt\n|faint|p1a: Rotom\n|\n|-heal|p2a: Mew|95\/100|[from] item: Leftovers\n|upkeep\n|\n|t:|1698966672\n|switch|p1a: Nidoking|Nidoking, M|100\/100\n|turn|11\n|\n|t:|1698966690\n|move|p1a: Nidoking|Shadow Ball|p2a: Mew\n|-supereffective|p2a: Mew\n|-damage|p2a: Mew|54\/100\n|move|p2a: Mew|Ice Beam|p1a: Nidoking\n|-supereffective|p1a: Nidoking\n|-damage|p1a: Nidoking|21\/100\n|\n|-heal|p2a: Mew|60\/100|[from] item: Leftovers\n|upkeep\n|turn|12\n|\n|t:|1698966701\n|move|p1a: Nidoking|Shadow Ball|p2a: Mew\n|-supereffective|p2a: Mew\n|-damage|p2a: Mew|23\/100\n|move|p2a: Mew|Roost|p2a: Mew\n|-heal|p2a: Mew|74\/100\n|-singleturn|p2a: Mew|move: Roost\n|\n|-heal|p2a: Mew|80\/100|[from] item: Leftovers\n|upkeep\n|turn|13\n|\n|t:|1698966711\n|move|p1a: Nidoking|Shadow Ball|p2a: Mew\n|-supereffective|p2a: Mew\n|-damage|p2a: Mew|43\/100\n|move|p2a: Mew|Ice Beam|p1a: Nidoking\n|-supereffective|p1a: Nidoking\n|-damage|p1a: Nidoking|0 fnt\n|faint|p1a: Nidoking\n|\n|-heal|p2a: Mew|49\/100|[from] item: Leftovers\n|upkeep\n|\n|t:|1698966721\n|switch|p1a: Nihilego|Nihilego|100\/100\n|turn|14\n|\n|t:|1698966737\n|-terastallize|p1a: Nihilego|Grass\n|move|p1a: Nihilego|Meteor Beam||[still]\n|-prepare|p1a: Nihilego|Meteor Beam\n|-boost|p1a: Nihilego|spa|1\n|-enditem|p1a: Nihilego|Power Herb\n|-anim|p1a: Nihilego|Meteor Beam|p2a: Mew\n|-damage|p2a: Mew|0 fnt\n|faint|p2a: Mew\n|-ability|p1a: Nihilego|Beast Boost|boost\n|-boost|p1a: Nihilego|spe|1\n|\n|upkeep\n|\n|t:|1698966763\n|switch|p2a: Togekiss|Togekiss, M|98\/100\n|turn|15\n|\n|t:|1698966771\n|switch|p2a: Scizor|Scizor, M|100\/100\n|move|p1a: Nihilego|Sludge Wave|p2a: Scizor\n|-immune|p2a: Scizor\n|\n|upkeep\n|turn|16\n|\n|t:|1698966813\n|detailschange|p2a: Scizor|Scizor-Mega, M\n|-mega|p2a: Scizor|Scizor|Scizorite\n|move|p1a: Nihilego|Meteor Beam||[still]\n|-prepare|p1a: Nihilego|Meteor Beam\n|-boost|p1a: Nihilego|spa|1\n|move|p2a: Scizor|U-turn|p1a: Nihilego\n|-supereffective|p1a: Nihilego\n|-damage|p1a: Nihilego|0 fnt\n|faint|p1a: Nihilego\n|c| mattlap31|omyogod\n|\n|t:|1698966847\n|switch|p2a: Dragapult|Dragapult, M|100\/100|[from] U-turn\n|\n|upkeep\n|\n|t:|1698966857\n|switch|p1a: Inteleon|Inteleon, F|100\/100\n|turn|17\n|\n|t:|1698966876\n|switch|p2a: Scizor|Scizor-Mega, M|100\/100\n|move|p1a: Inteleon|Ice Beam|p2a: Scizor\n|-resisted|p2a: Scizor\n|-damage|p2a: Scizor|83\/100\n|\n|upkeep\n|turn|18\n|\n|t:|1698966891\n|switch|p1a: Gliscor|Gliscor, M|100\/100\n|move|p2a: Scizor|Swords Dance|p2a: Scizor\n|-boost|p2a: Scizor|atk|2\n|\n|-status|p1a: Gliscor|tox|[from] item: Toxic Orb\n|upkeep\n|turn|19\n|\n|t:|1698966900\n|move|p1a: Gliscor|Swords Dance|p1a: Gliscor\n|-boost|p1a: Gliscor|atk|2\n|move|p2a: Scizor|Swords Dance|p2a: Scizor\n|-boost|p2a: Scizor|atk|2\n|\n|upkeep\n|turn|20\n|\n|t:|1698966906\n|move|p2a: Scizor|Bullet Punch|p1a: Gliscor\n|-damage|p1a: Gliscor|19\/100 tox\n|move|p1a: Gliscor|Swords Dance|p1a: Gliscor\n|-boost|p1a: Gliscor|atk|2\n|\n|-heal|p1a: Gliscor|31\/100 tox|[from] ability: Poison Heal\n|upkeep\n|turn|21\n|\n|t:|1698966914\n|move|p2a: Scizor|Bullet Punch|p1a: Gliscor\n|-damage|p1a: Gliscor|0 fnt\n|faint|p1a: Gliscor\n|\n|upkeep\n|\n|t:|1698966921\n|switch|p1a: Inteleon|Inteleon, F|100\/100\n|turn|22\n|\n|t:|1698966927\n|move|p1a: Inteleon|Hydro Pump|p2a: Scizor\n|-damage|p2a: Scizor|20\/100\n|move|p2a: Scizor|Swords Dance|p2a: Scizor\n|-boost|p2a: Scizor|atk|2\n|\n|upkeep\n|turn|23\n|\n|t:|1698966934\n|move|p2a: Scizor|Bullet Punch|p1a: Inteleon\n|-resisted|p1a: Inteleon\n|-damage|p1a: Inteleon|0 fnt\n|faint|p1a: Inteleon\n|\n|upkeep\n|\n|t:|1698966939\n|switch|p1a: Gardevoir|Gardevoir, M|100\/100\n|turn|24\n|\n|t:|1698966946\n|detailschange|p1a: Gardevoir|Gardevoir-Mega, M\n|-mega|p1a: Gardevoir|Gardevoir|Gardevoirite\n|move|p2a: Scizor|Bullet Punch|p1a: Gardevoir\n|-supereffective|p1a: Gardevoir\n|-damage|p1a: Gardevoir|0 fnt\n|faint|p1a: Gardevoir\n|\n|win|schiroj11\n|c| quebecquagsires|ohhhh my lanta\n|l|\u2606SpareRib24\n","uploadtime":1698966956,"views":16,"p1id":"sparerib24","p2id":"schiroj11","formatid":"gen9nationaldexubers","rating":0,"private":0,"password":""}