{"id":"gen9nationaldexubers-1989953101","p1":"Guj Genera","p2":"Pex Hater","format":"[Gen 9] National Dex Ubers","log":"|j|\u2606Guj Genera\n|j|\u2606Pex Hater\n|t:|1699909715\n|gametype|singles\n|player|p1|Guj Genera|red|\n|player|p2|Pex Hater|steven|\n|teamsize|p1|6\n|teamsize|p2|6\n|gen|9\n|tier|[Gen 9] National Dex Ubers\n|rule|HP Percentage Mod: HP is shown in percentages\n|rule|Endless Battle Clause: Forcing endless battles is banned\n|rule|OHKO Clause: OHKO moves are banned\n|rule|Evasion Moves Clause: Evasion moves are banned\n|rule|Evasion Items Clause: Evasion items are banned\n|rule|Species Clause: Limit one of each Pok\u00e9mon\n|rule|Sleep Clause Mod: Limit one foe put to sleep\n|rule|Mega Rayquaza Clause: You cannot mega evolve Rayquaza\n|clearpoke\n|poke|p1|Cinderace, M|\n|poke|p1|Landorus-Therian, M|\n|poke|p1|Inteleon, F|\n|poke|p1|Kommo-o, F|\n|poke|p1|Diancie|\n|poke|p1|Cryogonal|\n|poke|p2|Venusaur, F|\n|poke|p2|Gengar, M|\n|poke|p2|Slowking-Galar, M|\n|poke|p2|Toxapex, F|\n|poke|p2|Overqwil, F|\n|poke|p2|Weezing-Galar, M|\n|teampreview\n|inactive|Battle timer is ON: inactive players will automatically lose when time's up. (requested by Guj Genera)\n|c|\u2606Guj Genera|Glhf\n|c|\u2606Pex Hater|u 2\n|inactive|Guj Genera has 270 seconds left.\n|\n|t:|1699909759\n|start\n|switch|p1a: Cinderace|Cinderace, M, shiny|100\/100\n|switch|p2a: Ebony Stem|Venusaur, F|100\/100\n|turn|1\n|\n|t:|1699909764\n|detailschange|p2a: Ebony Stem|Venusaur-Mega, F\n|-mega|p2a: Ebony Stem|Venusaur|Venusaurite\n|move|p1a: Cinderace|Gunk Shot|p2a: Ebony Stem\n|-start|p1a: Cinderace|typechange|Poison|[from] ability: Libero\n|-damage|p2a: Ebony Stem|46\/100\n|move|p2a: Ebony Stem|Synthesis|p2a: Ebony Stem\n|-heal|p2a: Ebony Stem|96\/100\n|\n|upkeep\n|turn|2\n|\n|t:|1699909771\n|switch|p2a: Fluid Sac|Toxapex, F|100\/100\n|move|p1a: Cinderace|Gunk Shot|p2a: Fluid Sac\n|-resisted|p2a: Fluid Sac\n|-damage|p2a: Fluid Sac|76\/100\n|\n|upkeep\n|turn|3\n|\n|t:|1699909775\n|move|p1a: Cinderace|Gunk Shot|p2a: Fluid Sac\n|-resisted|p2a: Fluid Sac\n|-damage|p2a: Fluid Sac|51\/100\n|move|p2a: Fluid Sac|Toxic Spikes|p1a: Cinderace\n|-sidestart|p1: Guj Genera|move: Toxic Spikes\n|\n|upkeep\n|turn|4\n|\n|t:|1699909781\n|switch|p1a: Landorus|Landorus-Therian, M, shiny|100\/100\n|-ability|p1a: Landorus|Intimidate|boost\n|-unboost|p2a: Fluid Sac|atk|1\n|move|p2a: Fluid Sac|Recover|p2a: Fluid Sac\n|-heal|p2a: Fluid Sac|100\/100\n|\n|upkeep\n|turn|5\n|\n|t:|1699909786\n|switch|p2a: Sunshower|Weezing-Galar, M|100\/100\n|move|p1a: Landorus|Stealth Rock|p2a: Sunshower\n|-sidestart|p2: Pex Hater|move: Stealth Rock\n|\n|upkeep\n|turn|6\n|\n|t:|1699909790\n|move|p1a: Landorus|U-turn|p2a: Sunshower\n|-resisted|p2a: Sunshower\n|-damage|p2a: Sunshower|97\/100\n|\n|t:|1699909803\n|switch|p1a: Cryogonal|Cryogonal, shiny|100\/100|[from] U-turn\n|move|p2a: Sunshower|Will-O-Wisp|p1a: Cryogonal\n|-status|p1a: Cryogonal|brn\n|\n|-heal|p2a: Sunshower|100\/100|[from] item: Black Sludge\n|-damage|p1a: Cryogonal|94\/100 brn|[from] brn\n|upkeep\n|turn|7\n|\n|t:|1699909808\n|switch|p2a: Impending Day|Slowking-Galar, M|100\/100\n|-damage|p2a: Impending Day|88\/100|[from] Stealth Rock\n|move|p1a: Cryogonal|Rapid Spin|p2a: Impending Day\n|-damage|p2a: Impending Day|85\/100\n|-boost|p1a: Cryogonal|spe|1\n|-sideend|p1: Guj Genera|Toxic Spikes|[from] move: Rapid Spin|[of] p1a: Cryogonal\n|\n|-damage|p1a: Cryogonal|88\/100 brn|[from] brn\n|upkeep\n|turn|8\n|\n|t:|1699909813\n|move|p1a: Cryogonal|Freeze-Dry|p2a: Impending Day\n|-damage|p2a: Impending Day|75\/100\n|move|p2a: Impending Day|Future Sight|p1a: Cryogonal\n|-start|p2a: Impending Day|move: Future Sight\n|\n|-damage|p1a: Cryogonal|82\/100 brn|[from] brn\n|upkeep\n|turn|9\n|\n|t:|1699909822\n|move|p1a: Cryogonal|Rapid Spin|p2a: Impending Day\n|-damage|p2a: Impending Day|73\/100\n|-boost|p1a: Cryogonal|spe|1\n|move|p2a: Impending Day|Sludge Bomb|p1a: Cryogonal\n|-damage|p1a: Cryogonal|57\/100 brn\n|\n|-damage|p1a: Cryogonal|51\/100 brn|[from] brn\n|upkeep\n|turn|10\n|j| AstroSammy\n|\n|t:|1699909836\n|switch|p1a: Diancie|Diancie, shiny|100\/100\n|move|p2a: Impending Day|Sludge Bomb|p1a: Diancie\n|-damage|p1a: Diancie|64\/100\n|-status|p1a: Diancie|psn\n|\n|-end|p1a: Diancie|move: Future Sight\n|-damage|p1a: Diancie|18\/100 psn\n|-damage|p1a: Diancie|6\/100 psn|[from] psn\n|upkeep\n|turn|11\n|\n|t:|1699909848\n|detailschange|p1a: Diancie|Diancie-Mega, shiny\n|-mega|p1a: Diancie|Diancie|Diancite\n|move|p1a: Diancie|Diamond Storm|p2a: Impending Day\n|-damage|p2a: Impending Day|23\/100\n|-boost|p1a: Diancie|def|2\n|move|p2a: Impending Day|Future Sight|p1a: Diancie\n|-start|p2a: Impending Day|move: Future Sight\n|\n|-damage|p1a: Diancie|0 fnt|[from] psn\n|faint|p1a: Diancie\n|upkeep\n|\n|t:|1699909854\n|switch|p1a: Cinderace|Cinderace, M, shiny|100\/100\n|turn|12\n|\n|t:|1699909861\n|switch|p2a: Fluid Sac|Toxapex, F|100\/100\n|-damage|p2a: Fluid Sac|88\/100|[from] Stealth Rock\n|move|p1a: Cinderace|Double-Edge|p2a: Fluid Sac\n|-start|p1a: Cinderace|typechange|Normal|[from] ability: Libero\n|-damage|p2a: Fluid Sac|32\/100\n|-damage|p1a: Cinderace|82\/100|[from] Recoil\n|\n|upkeep\n|turn|13\n|\n|t:|1699909864\n|switch|p2a: Hex Nail|Gengar, M|100\/100\n|-damage|p2a: Hex Nail|88\/100|[from] Stealth Rock\n|move|p1a: Cinderace|Double-Edge|p2a: Hex Nail\n|-immune|p2a: Hex Nail\n|\n|-end|p1a: Cinderace|move: Future Sight\n|-damage|p1a: Cinderace|20\/100\n|upkeep\n|turn|14\n|\n|t:|1699909871\n|switch|p1a: Landorus|Landorus-Therian, M, shiny|100\/100\n|-ability|p1a: Landorus|Intimidate|boost\n|-unboost|p2a: Hex Nail|atk|1\n|move|p2a: Hex Nail|Substitute|p2a: Hex Nail\n|-start|p2a: Hex Nail|Substitute\n|-damage|p2a: Hex Nail|63\/100\n|\n|upkeep\n|turn|15\n|\n|t:|1699909879\n|move|p2a: Hex Nail|Shadow Ball|p1a: Landorus\n|-damage|p1a: Landorus|59\/100\n|-unboost|p1a: Landorus|spd|1\n|move|p1a: Landorus|U-turn|p2a: Hex Nail\n|-resisted|p2a: Hex Nail\n|-activate|p2a: Hex Nail|move: Substitute|[damage]\n|\n|t:|1699909886\n|switch|p1a: Inteleon|Inteleon, F, shiny|100\/100|[from] U-turn\n|\n|upkeep\n|turn|16\n|\n|t:|1699909889\n|move|p1a: Inteleon|Dark Pulse|p2a: Hex Nail\n|-supereffective|p2a: Hex Nail\n|-end|p2a: Hex Nail|Substitute\n|-zpower|p2a: Hex Nail\n|move|p2a: Hex Nail|All-Out Pummeling|p1a: Inteleon|[zeffect]\n|-damage|p1a: Inteleon|0 fnt\n|faint|p1a: Inteleon\n|\n|upkeep\n|\n|t:|1699909897\n|switch|p1a: Cinderace|Cinderace, M, shiny|20\/100\n|turn|17\n|\n|t:|1699909906\n|move|p1a: Cinderace|Pyro Ball|p2a: Hex Nail|[miss]\n|-miss|p1a: Cinderace|p2a: Hex Nail\n|move|p2a: Hex Nail|Shadow Ball|p1a: Cinderace\n|-damage|p1a: Cinderace|0 fnt\n|faint|p1a: Cinderace\n|\n|upkeep\n|\n|t:|1699909910\n|switch|p1a: Landorus|Landorus-Therian, M, shiny|59\/100\n|-ability|p1a: Landorus|Intimidate|boost\n|-unboost|p2a: Hex Nail|atk|1\n|turn|18\n|\n|t:|1699909913\n|switch|p2a: Sunshower|Weezing-Galar, M|100\/100\n|-damage|p2a: Sunshower|88\/100|[from] Stealth Rock\n|move|p1a: Landorus|Earthquake|p2a: Sunshower\n|-immune|p2a: Sunshower|[from] ability: Levitate\n|\n|-heal|p2a: Sunshower|94\/100|[from] item: Black Sludge\n|upkeep\n|turn|19\n|\n|t:|1699909917\n|move|p1a: Landorus|U-turn|p2a: Sunshower\n|-resisted|p2a: Sunshower\n|-crit|p2a: Sunshower\n|-damage|p2a: Sunshower|89\/100\n|\n|t:|1699909918\n|switch|p1a: Cryogonal|Cryogonal, shiny|51\/100 brn|[from] U-turn\n|move|p2a: Sunshower|Defog|p1a: Cryogonal\n|-unboost|p1a: Cryogonal|evasion|1\n|-sideend|p2: Pex Hater|Stealth Rock|[from] move: Defog|[of] p2a: Sunshower\n|\n|-heal|p2a: Sunshower|95\/100|[from] item: Black Sludge\n|-damage|p1a: Cryogonal|45\/100 brn|[from] brn\n|upkeep\n|turn|20\n|\n|t:|1699909922\n|switch|p2a: Impending Day|Slowking-Galar, M|57\/100\n|move|p1a: Cryogonal|Freeze-Dry|p2a: Impending Day\n|-damage|p2a: Impending Day|47\/100\n|\n|-damage|p1a: Cryogonal|39\/100 brn|[from] brn\n|upkeep\n|turn|21\n|\n|t:|1699909924\n|move|p1a: Cryogonal|Freeze-Dry|p2a: Impending Day\n|-damage|p2a: Impending Day|37\/100\n|move|p2a: Impending Day|Future Sight|p1a: Cryogonal\n|-start|p2a: Impending Day|move: Future Sight\n|\n|-damage|p1a: Cryogonal|33\/100 brn|[from] brn\n|upkeep\n|turn|22\n|\n|t:|1699909928\n|move|p1a: Cryogonal|Recover|p1a: Cryogonal\n|-heal|p1a: Cryogonal|83\/100 brn\n|move|p2a: Impending Day|Sludge Bomb|p1a: Cryogonal\n|-damage|p1a: Cryogonal|58\/100 brn\n|\n|-damage|p1a: Cryogonal|51\/100 brn|[from] brn\n|upkeep\n|turn|23\n|\n|t:|1699909933\n|move|p1a: Cryogonal|Recover|p1a: Cryogonal\n|-heal|p1a: Cryogonal|100\/100 brn\n|move|p2a: Impending Day|Sludge Bomb|p1a: Cryogonal\n|-damage|p1a: Cryogonal|75\/100 brn\n|\n|-end|p1a: Cryogonal|move: Future Sight\n|-damage|p1a: Cryogonal|43\/100 brn\n|-damage|p1a: Cryogonal|37\/100 brn|[from] brn\n|upkeep\n|turn|24\n|\n|t:|1699909939\n|move|p1a: Cryogonal|Recover|p1a: Cryogonal\n|-heal|p1a: Cryogonal|87\/100 brn\n|move|p2a: Impending Day|Future Sight|p1a: Cryogonal\n|-start|p2a: Impending Day|move: Future Sight\n|\n|-damage|p1a: Cryogonal|81\/100 brn|[from] brn\n|upkeep\n|turn|25\n|\n|t:|1699909945\n|switch|p2a: Roseate Desire|Overqwil, F|100\/100\n|-ability|p2a: Roseate Desire|Intimidate|boost\n|-unboost|p1a: Cryogonal|atk|1\n|move|p1a: Cryogonal|Freeze-Dry|p2a: Roseate Desire\n|-damage|p2a: Roseate Desire|70\/100\n|\n|-heal|p2a: Roseate Desire|76\/100|[from] item: Black Sludge\n|-damage|p1a: Cryogonal|75\/100 brn|[from] brn\n|upkeep\n|turn|26\n|\n|t:|1699909955\n|move|p1a: Cryogonal|Recover|p1a: Cryogonal\n|-heal|p1a: Cryogonal|100\/100 brn\n|move|p2a: Roseate Desire|Crunch|p1a: Cryogonal\n|-damage|p1a: Cryogonal|51\/100 brn\n|\n|-end|p1a: Cryogonal|move: Future Sight\n|-damage|p1a: Cryogonal|18\/100 brn\n|-heal|p2a: Roseate Desire|82\/100|[from] item: Black Sludge\n|-damage|p1a: Cryogonal|12\/100 brn|[from] brn\n|upkeep\n|turn|27\n|\n|t:|1699909961\n|move|p1a: Cryogonal|Recover|p1a: Cryogonal\n|-heal|p1a: Cryogonal|62\/100 brn\n|move|p2a: Roseate Desire|Crunch|p1a: Cryogonal\n|-damage|p1a: Cryogonal|9\/100 brn\n|\n|-heal|p2a: Roseate Desire|88\/100|[from] item: Black Sludge\n|-damage|p1a: Cryogonal|3\/100 brn|[from] brn\n|upkeep\n|turn|28\n|\n|t:|1699909964\n|move|p1a: Cryogonal|Recover|p1a: Cryogonal\n|-heal|p1a: Cryogonal|53\/100 brn\n|move|p2a: Roseate Desire|Crunch|p1a: Cryogonal\n|-damage|p1a: Cryogonal|7\/100 brn\n|\n|-heal|p2a: Roseate Desire|94\/100|[from] item: Black Sludge\n|-damage|p1a: Cryogonal|0 fnt|[from] brn\n|faint|p1a: Cryogonal\n|upkeep\n|\n|t:|1699909970\n|switch|p1a: Kommo-o|Kommo-o, F, shiny|100\/100\n|turn|29\n|\n|t:|1699909972\n|switch|p2a: Sunshower|Weezing-Galar, M|95\/100\n|move|p1a: Kommo-o|Close Combat|p2a: Sunshower\n|-resisted|p2a: Sunshower\n|-damage|p2a: Sunshower|85\/100\n|-unboost|p1a: Kommo-o|def|1\n|-unboost|p1a: Kommo-o|spd|1\n|\n|-heal|p2a: Sunshower|91\/100|[from] item: Black Sludge\n|upkeep\n|turn|30\n|\n|t:|1699909978\n|move|p1a: Kommo-o|Close Combat|p2a: Sunshower\n|-resisted|p2a: Sunshower\n|-damage|p2a: Sunshower|81\/100\n|-unboost|p1a: Kommo-o|def|1\n|-unboost|p1a: Kommo-o|spd|1\n|move|p2a: Sunshower|Strange Steam|p1a: Kommo-o\n|-supereffective|p1a: Kommo-o\n|-damage|p1a: Kommo-o|0 fnt\n|faint|p1a: Kommo-o\n|\n|-heal|p2a: Sunshower|87\/100|[from] item: Black Sludge\n|upkeep\n|\n|t:|1699909980\n|switch|p1a: Landorus|Landorus-Therian, M, shiny|59\/100\n|-ability|p1a: Landorus|Intimidate|boost\n|-unboost|p2a: Sunshower|atk|1\n|turn|31\n|\n|t:|1699909983\n|move|p1a: Landorus|U-turn|p2a: Sunshower\n|-resisted|p2a: Sunshower\n|-damage|p2a: Sunshower|83\/100\n|move|p2a: Sunshower|Strange Steam|p1a: Landorus\n|-damage|p1a: Landorus|31\/100\n|\n|-heal|p2a: Sunshower|89\/100|[from] item: Black Sludge\n|upkeep\n|turn|32\n|\n|t:|1699909985\n|move|p1a: Landorus|U-turn|p2a: Sunshower\n|-resisted|p2a: Sunshower\n|-damage|p2a: Sunshower|86\/100\n|move|p2a: Sunshower|Strange Steam|p1a: Landorus\n|-damage|p1a: Landorus|4\/100\n|\n|-heal|p2a: Sunshower|92\/100|[from] item: Black Sludge\n|upkeep\n|turn|33\n|\n|t:|1699909987\n|move|p1a: Landorus|U-turn|p2a: Sunshower\n|-resisted|p2a: Sunshower\n|-damage|p2a: Sunshower|88\/100\n|move|p2a: Sunshower|Strange Steam|p1a: Landorus\n|-damage|p1a: Landorus|0 fnt\n|faint|p1a: Landorus\n|\n|win|Pex Hater\n|c|\u2606Pex Hater|gg\n|c|\u2606Guj Genera|Gg\n|c|\u2606Pex Hater|unlucky miss\n|c|\u2606Pex Hater|for cinderace\n","uploadtime":1699910001,"views":28,"p1id":"gujgenera","p2id":"pexhater","formatid":"gen9nationaldexubers","rating":0,"private":0,"password":""}