{"id":"gen9nationaldexubers-1994518332","p1":"JLeafWasForgotten","p2":"jljlkk","format":"[Gen 9] National Dex Ubers","log":"|j|\u2606JLeafWasForgotten\n|j|\u2606jljlkk\n|t:|1700453608\n|gametype|singles\n|player|p1|JLeafWasForgotten|wattson|\n|player|p2|jljlkk|101|\n|teamsize|p1|6\n|teamsize|p2|6\n|gen|9\n|tier|[Gen 9] National Dex Ubers\n|rule|HP Percentage Mod: HP is shown in percentages\n|rule|Endless Battle Clause: Forcing endless battles is banned\n|rule|OHKO Clause: OHKO moves are banned\n|rule|Evasion Moves Clause: Evasion moves are banned\n|rule|Evasion Items Clause: Evasion items are banned\n|rule|Species Clause: Limit one of each Pok\u00e9mon\n|rule|Sleep Clause Mod: Limit one foe put to sleep\n|rule|Mega Rayquaza Clause: You cannot mega evolve Rayquaza\n|clearpoke\n|poke|p1|Urshifu-*, M|\n|poke|p1|Goodra-Hisui, F|\n|poke|p1|Venusaur, F|\n|poke|p1|Zapdos|\n|poke|p1|Pelipper, F|\n|poke|p1|Barraskewda, M|\n|poke|p2|Tangrowth, M|\n|poke|p2|Toxapex, M|\n|poke|p2|Ting-Lu|\n|poke|p2|Gholdengo|\n|poke|p2|Gyarados, F|\n|poke|p2|Ditto|\n|teampreview\n|c|\u2606jljlkk|omg hi\n|c|\u2606JLeafWasForgotten|omg hiii\n|j| Necriotic\n|\n|t:|1700453735\n|start\n|switch|p1a: Venusaur|Venusaur, F|100\/100\n|switch|p2a: Ting-Lu|Ting-Lu|100\/100\n|-ability|p2a: Ting-Lu|Vessel of Ruin\n|turn|1\n|\n|t:|1700453762\n|detailschange|p1a: Venusaur|Venusaur-Mega, F\n|-mega|p1a: Venusaur|Venusaur|Venusaurite\n|move|p1a: Venusaur|Leech Seed|p2a: Ting-Lu\n|-start|p2a: Ting-Lu|move: Leech Seed\n|move|p2a: Ting-Lu|Stealth Rock|p1a: Venusaur\n|-sidestart|p1: JLeafWasForgotten|move: Stealth Rock\n|\n|-damage|p2a: Ting-Lu|88\/100|[from] Leech Seed|[of] p1a: Venusaur\n|upkeep\n|turn|2\n|j| Coromeia\n|\n|t:|1700453796\n|switch|p2a: Gholdengo|Gholdengo|100\/100\n|move|p1a: Venusaur|Sludge Bomb|p2a: Gholdengo\n|-immune|p2a: Gholdengo\n|\n|upkeep\n|turn|3\n|\n|t:|1700453814\n|switch|p1a: Goodra|Goodra-Hisui, F|100\/100\n|-damage|p1a: Goodra|94\/100|[from] Stealth Rock\n|move|p2a: Gholdengo|Thunder Wave|p1a: Goodra\n|-status|p1a: Goodra|par\n|\n|upkeep\n|turn|4\n|c|\u2606jljlkk|teehee\n|\n|t:|1700453852\n|switch|p2a: Tangrowth|Tangrowth, M|100\/100\n|move|p1a: Goodra|Earthquake|p2a: Tangrowth\n|-resisted|p2a: Tangrowth\n|-damage|p2a: Tangrowth|92\/100\n|\n|upkeep\n|turn|5\n|\n|t:|1700453864\n|move|p2a: Tangrowth|Knock Off|p1a: Goodra\n|-damage|p1a: Goodra|75\/100 par\n|-ability|p1a: Goodra|Gooey\n|-unboost|p2a: Tangrowth|spe|1\n|-enditem|p1a: Goodra|Assault Vest|[from] move: Knock Off|[of] p2a: Tangrowth\n|move|p1a: Goodra|Sludge Wave|p2a: Tangrowth\n|-supereffective|p2a: Tangrowth\n|-damage|p2a: Tangrowth|57\/100\n|\n|upkeep\n|turn|6\n|\n|t:|1700453897\n|switch|p2a: Toxapex|Toxapex, M|100\/100\n|move|p1a: Goodra|Earthquake|p2a: Toxapex\n|-supereffective|p2a: Toxapex\n|-damage|p2a: Toxapex|74\/100\n|\n|-heal|p2a: Toxapex|80\/100|[from] item: Black Sludge\n|upkeep\n|turn|7\n|\n|t:|1700453912\n|move|p2a: Toxapex|Baneful Bunker|p2a: Toxapex\n|-singleturn|p2a: Toxapex|move: Protect\n|move|p1a: Goodra|Thunderbolt|p2a: Toxapex\n|-activate|p2a: Toxapex|move: Protect\n|\n|-heal|p2a: Toxapex|86\/100|[from] item: Black Sludge\n|upkeep\n|turn|8\n|c| Necriotic|omg hiii\n|\n|t:|1700453926\n|switch|p2a: Tangrowth|Tangrowth, M|90\/100\n|cant|p1a: Goodra|par\n|\n|upkeep\n|turn|9\n|\n|t:|1700453941\n|switch|p1a: Zapdos|Zapdos|100\/100\n|move|p2a: Tangrowth|Earthquake|p1a: Zapdos\n|-immune|p1a: Zapdos\n|\n|upkeep\n|turn|10\n|j| TsuNakatsukasa\n|j| Vaeternum\n|\n|t:|1700453957\n|move|p2a: Tangrowth|Knock Off|p1a: Zapdos\n|-damage|p1a: Zapdos|65\/100\n|-status|p2a: Tangrowth|par|[from] ability: Static|[of] p1a: Zapdos\n|-enditem|p1a: Zapdos|Heavy-Duty Boots|[from] move: Knock Off|[of] p2a: Tangrowth\n|move|p1a: Zapdos|Whirlwind|p2a: Tangrowth\n|drag|p2a: Toxapex|Toxapex, M|100\/100\n|\n|upkeep\n|turn|11\n|c|\u2606jljlkk|brudge\n|j| Bad Opinions\n|c|\u2606JLeafWasForgotten|i forgor to change zapdos teehee\n|c| Bad Opinions|gaming\n|c| Bad Opinions|tee hee\n|\n|t:|1700453995\n|switch|p2a: Ting-Lu|Ting-Lu|88\/100\n|-ability|p2a: Ting-Lu|Vessel of Ruin\n|move|p1a: Zapdos|Roost|p1a: Zapdos\n|-heal|p1a: Zapdos|100\/100\n|-singleturn|p1a: Zapdos|move: Roost\n|\n|-heal|p2a: Ting-Lu|94\/100|[from] item: Leftovers\n|upkeep\n|turn|12\n|\n|t:|1700454008\n|move|p2a: Ting-Lu|Ruination|p1a: Zapdos\n|-damage|p1a: Zapdos|51\/100\n|move|p1a: Zapdos|Whirlwind|p2a: Ting-Lu\n|drag|p2a: Ditto|Ditto|100\/100\n|-transform|p2a: Ditto|p1a: Zapdos|[from] ability: Imposter\n|\n|upkeep\n|turn|13\n|c|\u2606jljlkk|hmmmmm Zapdos moves\n|l| Coromeia\n|\n|t:|1700454084\n|switch|p1a: Pelipper|Pelipper, F|100\/100\n|-damage|p1a: Pelipper|76\/100|[from] Stealth Rock\n|-weather|RainDance|[from] ability: Drizzle|[of] p1a: Pelipper\n|move|p2a: Ditto|Whirlwind|p1a: Pelipper\n|drag|p1a: Zapdos|Zapdos|51\/100\n|-damage|p1a: Zapdos|26\/100|[from] Stealth Rock\n|\n|-weather|RainDance|[upkeep]\n|upkeep\n|turn|14\n|\n|t:|1700454108\n|switch|p1a: Pelipper|Pelipper, F|76\/100\n|-damage|p1a: Pelipper|51\/100|[from] Stealth Rock\n|move|p2a: Ditto|Whirlwind|p1a: Pelipper\n|drag|p1a: Urshifu|Urshifu-Rapid-Strike, M|100\/100\n|-damage|p1a: Urshifu|94\/100|[from] Stealth Rock\n|\n|-weather|RainDance|[upkeep]\n|upkeep\n|turn|15\n|c| Necriotic|zappy lookin low\n|c|\u2606JLeafWasForgotten|lol\n|c| Bad Opinions|LMAO\n|c|\u2606jljlkk|monkaW\n|c| Necriotic|the rocks damage lmao\n|c| Bad Opinions|scarf whirlwind goes insane\n|\n|t:|1700454135\n|switch|p2a: Toxapex|Toxapex, M|100\/100\n|move|p1a: Urshifu|Surging Strikes|p2a: Toxapex\n|-resisted|p2a: Toxapex\n|-crit|p2a: Toxapex\n|-damage|p2a: Toxapex|91\/100\n|-resisted|p2a: Toxapex\n|-crit|p2a: Toxapex\n|-damage|p2a: Toxapex|80\/100\n|-resisted|p2a: Toxapex\n|-crit|p2a: Toxapex\n|-damage|p2a: Toxapex|70\/100\n|-hitcount|p2a: Toxapex|3\n|\n|-weather|RainDance|[upkeep]\n|-heal|p2a: Toxapex|76\/100|[from] item: Black Sludge\n|upkeep\n|turn|16\n|c| Necriotic|huge damage\n|c|\u2606jljlkk|big\n|\n|t:|1700454149\n|move|p1a: Urshifu|Bulk Up|p1a: Urshifu\n|-boost|p1a: Urshifu|atk|1\n|-boost|p1a: Urshifu|def|1\n|move|p2a: Toxapex|Scald|p1a: Urshifu\n|-resisted|p1a: Urshifu\n|-damage|p1a: Urshifu|78\/100\n|\n|-weather|RainDance|[upkeep]\n|-heal|p2a: Toxapex|83\/100|[from] item: Black Sludge\n|upkeep\n|turn|17\n|c| Bad Opinions|possible 8hko\n|c| Bad Opinions|monkaw\n|j| clockrens\n|\n|t:|1700454166\n|switch|p2a: Gyarados|Gyarados, F|100\/100\n|-ability|p2a: Gyarados|Intimidate|boost\n|-unboost|p1a: Urshifu|atk|1\n|move|p1a: Urshifu|Bulk Up|p1a: Urshifu\n|-boost|p1a: Urshifu|atk|1\n|-boost|p1a: Urshifu|def|1\n|\n|-weather|RainDance|[upkeep]\n|upkeep\n|turn|18\n|c| Necriotic|oh shit ok\n|c| Bad Opinions|MONKAW\n|c| Necriotic|hes HUGE\n|c| TsuNakatsukasa|mate, you look *uge*\n|c| Vaeternum|big bear\n|c| Bad Opinions|ladies! whats good\n|c| TsuNakatsukasa|*COUNTER*\n|c| Necriotic|lmao\n|\n|t:|1700454216\n|switch|p2a: Gholdengo|Gholdengo|100\/100\n|move|p1a: Urshifu|Drain Punch|p2a: Gholdengo\n|-immune|p2a: Gholdengo\n|\n|-weather|RainDance|[upkeep]\n|upkeep\n|turn|19\n|c| Necriotic|LOOOL\n|c| Bad Opinions|HES CRAZY\n|c| Necriotic|impressive]\n|c|\u2606JLeafWasForgotten|it was a 50\/50 and I guessed wrong\n|c| Necriotic|dude if he clicked surging strikes you got owned\n|c| Necriotic|literally what takes a surgin strikes there tbh\n|c| Bad Opinions|click strikes and its not a 5050\n|c| Necriotic|lmao\n|\n|t:|1700454246\n|move|p1a: Urshifu|Surging Strikes|p2a: Gholdengo\n|-crit|p2a: Gholdengo\n|-damage|p2a: Gholdengo|57\/100\n|-crit|p2a: Gholdengo\n|-damage|p2a: Gholdengo|12\/100\n|-crit|p2a: Gholdengo\n|-damage|p2a: Gholdengo|0 fnt\n|faint|p2a: Gholdengo\n|-hitcount|p2: Gholdengo|3\n|\n|-weather|RainDance|[upkeep]\n|upkeep\n|c| Necriotic|OH HES FASTER\n|c| Bad Opinions|slowdengo\n|c|\u2606jljlkk|ah it's speed\n|\n|t:|1700454260\n|switch|p2a: Toxapex|Toxapex, M|100\/100\n|turn|20\n|c| Necriotic|this takes 40\n|c| Necriotic|i think\n|c| Necriotic|hmmmm\n|\n|t:|1700454275\n|move|p2a: Toxapex|Baneful Bunker|p2a: Toxapex\n|-singleturn|p2a: Toxapex|move: Protect\n|move|p1a: Urshifu|Bulk Up|p1a: Urshifu\n|-boost|p1a: Urshifu|atk|1\n|-boost|p1a: Urshifu|def|1\n|\n|-weather|none\n|upkeep\n|turn|21\n|c| Necriotic|OH SHIT\n|c|\u2606JLeafWasForgotten|stoopid\n|c| Necriotic|HES HUGE\n|c|\u2606jljlkk|thought so\n|c| Bad Opinions|MASSIVE\n|c| Bad Opinions|bigass bear\n|\n|t:|1700454297\n|switch|p2a: Tangrowth|Tangrowth, M|100\/100 par\n|move|p1a: Urshifu|Surging Strikes|p2a: Tangrowth\n|-resisted|p2a: Tangrowth\n|-crit|p2a: Tangrowth\n|-damage|p2a: Tangrowth|83\/100 par\n|-resisted|p2a: Tangrowth\n|-crit|p2a: Tangrowth\n|-damage|p2a: Tangrowth|65\/100 par\n|-resisted|p2a: Tangrowth\n|-crit|p2a: Tangrowth\n|-damage|p2a: Tangrowth|46\/100 par\n|-hitcount|p2a: Tangrowth|3\n|\n|upkeep\n|turn|22\n|c| Bad Opinions|holy shamoly\n|c| Necriotic|resisted btw\n|c|\u2606jljlkk|I definitely mismanaged that\n|\n|t:|1700454319\n|move|p1a: Urshifu|Surging Strikes|p2a: Tangrowth\n|-resisted|p2a: Tangrowth\n|-crit|p2a: Tangrowth\n|-damage|p2a: Tangrowth|29\/100 par\n|-resisted|p2a: Tangrowth\n|-crit|p2a: Tangrowth\n|-damage|p2a: Tangrowth|12\/100 par\n|-resisted|p2a: Tangrowth\n|-crit|p2a: Tangrowth\n|-damage|p2a: Tangrowth|0 fnt\n|faint|p2a: Tangrowth\n|-hitcount|p2: Tangrowth|3\n|\n|upkeep\n|\n|t:|1700454325\n|switch|p2a: Ditto|Ditto|100\/100\n|-transform|p2a: Ditto|p1a: Urshifu|[from] ability: Imposter\n|turn|23\n|c| Necriotic|its ok u clutchup\n|c| Necriotic|HUGE\n|c|\u2606JLeafWasForgotten|it's okay, I lost here lol\n|c| Necriotic|HUUUUGE BEAR\n|c| Bad Opinions|ok dox lastmove\n|c| Necriotic|nah nah nah\n|c|\u2606jljlkk|oshit I forgot to set the correct tera type\n|c|\u2606jljlkk|I'm so bad\n|c| Necriotic|surely u dont instantly lose pepehands\n|c| Bad Opinions|LMAO oh no\n|c| Necriotic|OH NO\n|c| Necriotic|hey at least it isnt limber\n|c|\u2606jljlkk|I planned for this exact situation\n|c|\u2606jljlkk|dude\n|c|\u2606jljlkk|ugh\n|c| Necriotic|SURELY HE WONT MISMANAGE HIS DITTO TWICE IN A ROW\n|c| TsuNakatsukasa|Tera Normal if giga chad\n|c|\u2606jljlkk|Today has been really terrible\n|c| Necriotic|bro\n|c| Necriotic|you know\n|c| Necriotic|surely he knows\n|c|\u2606JLeafWasForgotten|I also fucked up my tera too\n|c| clockrens|it's okay i failed to make sure my silvally had ice beam\n|c| Bad Opinions|does he know\n|c| Necriotic|i dont think he does\n|c| Necriotic|but if he does he may win on the spot\n|c| Bad Opinions|the nose knows\n|c|\u2606jljlkk|hmmmm\n|c| Bad Opinions|i am knowing\n|c|\u2606JLeafWasForgotten|surely we both bulk up to max?\n|c| Bad Opinions|any knowers?\n|c| Bad Opinions|gigachad\n|c| Bad Opinions|scarf bulk up\n|c| clockrens|oh i know\n|c| clockrens|i just got it\n|c| Bad Opinions|keith when he recieves the pipe bomb\n|c| clockrens|true!\n|c| Necriotic|LOL\n|c|\u2606jljlkk|I have to think really hard\n|c| Necriotic|luca please\n|c|\u2606JLeafWasForgotten|luca do I need the timer :l\n|c| Bad Opinions|thonkin rn\n|c|\u2606jljlkk|shut jarrett today is not great for me give me time\n|c| Necriotic|i have faith in luca rn\n|c| Bad Opinions|real brain activity\n|c| Necriotic|i believe hes goign to intuition into the right answer\n|c|\u2606jljlkk|spent 9hrs on that stupid ass bus\n|c| clockrens|let's be proud of these two for playing more turns than minutes in the game so far\n|c| TsuNakatsukasa|Any day I wake up is a bad day\n|c| Vaeternum|real\n|c|\u2606JLeafWasForgotten|I could be resetting raid dens for a 10% encounter that is a 50\/50 chance for the right ability\n|j| Coromeia\n|l| Coromeia\n|c| clockrens|why aren't you jarrett\n|c| clockrens|it's turn based\n|c| Vaeternum|do it at the same time\n|c|\u2606JLeafWasForgotten|you think I have the brain capacity, funny\n|c| TsuNakatsukasa|LMAO\n|c| TsuNakatsukasa|incredibly based\n|\n|t:|1700454591\n|move|p2a: Ditto|Surging Strikes|p1a: Urshifu\n|-resisted|p1a: Urshifu\n|-crit|p1a: Urshifu\n|-damage|p1a: Urshifu|59\/100\n|-resisted|p1a: Urshifu\n|-crit|p1a: Urshifu\n|-damage|p1a: Urshifu|39\/100\n|-resisted|p1a: Urshifu\n|-crit|p1a: Urshifu\n|-damage|p1a: Urshifu|20\/100\n|-hitcount|p1a: Urshifu|3\n|move|p1a: Urshifu|Drain Punch|p2a: Ditto\n|-damage|p2a: Ditto|63\/100\n|-heal|p1a: Urshifu|36\/100|[from] drain|[of] p2a: Ditto\n|\n|upkeep\n|turn|24\n|c|\u2606JLeafWasForgotten|eatin dinner, watchin luca\n|j| Coromeia\n|c| Bad Opinions|this thing is THICK\n|c| Bad Opinions|why did it eat that\n|c|\u2606jljlkk|phew\n|c| clockrens|yeah wtf\n|c|\u2606jljlkk|Ditto is him\n|l| Coromeia\n|\n|t:|1700454632\n|move|p2a: Ditto|Surging Strikes|p1a: Urshifu\n|-resisted|p1a: Urshifu\n|-crit|p1a: Urshifu\n|-damage|p1a: Urshifu|16\/100\n|-resisted|p1a: Urshifu\n|-crit|p1a: Urshifu\n|-damage|p1a: Urshifu|0 fnt\n|faint|p1a: Urshifu\n|-hitcount|p1: Urshifu|2\n|\n|upkeep\n|c| clockrens|jarrett you didn't 252 its def or something right?\n|c|\u2606JLeafWasForgotten|maybe 4 in def at best\n|\n|t:|1700454664\n|switch|p1a: Venusaur|Venusaur-Mega, F|100\/100\n|-damage|p1a: Venusaur|88\/100|[from] Stealth Rock\n|turn|25\n|c|\u2606jljlkk|I have his stats and he doesn't have choice item dw\n|c| Necriotic|i def thought that would do more tyo urshifu ngl\n|c|\u2606JLeafWasForgotten|2.5x def, 2xatk\n|c| clockrens|+2 shifu surging strikes nve doing 60%...\n|c| Bad Opinions|the def doesnt matter jart\n|c| Bad Opinions|its a crit\n|c|\u2606JLeafWasForgotten|so true\n|c|\u2606JLeafWasForgotten|mods, take this bum back to the onion\n|c|\u2606jljlkk|venusaur is thick...\n|c| Bad Opinions|venusaur is thick as fuck\n|c| Bad Opinions|thats my goat\n|\n|t:|1700454804\n|switch|p2a: Toxapex|Toxapex, M|100\/100\n|move|p1a: Venusaur|Giga Drain|p2a: Toxapex\n|-damage|p2a: Toxapex|68\/100\n|-heal|p1a: Venusaur|100\/100|[from] drain|[of] p2a: Toxapex\n|\n|-heal|p2a: Toxapex|74\/100|[from] item: Black Sludge\n|upkeep\n|turn|26\n|\n|t:|1700454829\n|move|p1a: Venusaur|Earth Power|p2a: Toxapex\n|-supereffective|p2a: Toxapex\n|-damage|p2a: Toxapex|23\/100\n|move|p2a: Toxapex|Scald|p1a: Venusaur\n|-resisted|p1a: Venusaur\n|-damage|p1a: Venusaur|94\/100\n|\n|-heal|p2a: Toxapex|29\/100|[from] item: Black Sludge\n|upkeep\n|turn|27\n|c|\u2606jljlkk|oshit\n|c|\u2606jljlkk|I forgot venusaur has that\n|\n|t:|1700454848\n|switch|p2a: Gyarados|Gyarados, F|100\/100\n|-ability|p2a: Gyarados|Intimidate|boost\n|-unboost|p1a: Venusaur|atk|1\n|move|p1a: Venusaur|Leech Seed|p2a: Gyarados\n|-start|p2a: Gyarados|move: Leech Seed\n|\n|-damage|p2a: Gyarados|88\/100|[from] Leech Seed|[of] p1a: Venusaur\n|-heal|p1a: Venusaur|100\/100|[silent]\n|upkeep\n|turn|28\n|\n|t:|1700454860\n|move|p2a: Gyarados|Dragon Dance|p2a: Gyarados\n|-boost|p2a: Gyarados|atk|1\n|-boost|p2a: Gyarados|spe|1\n|move|p1a: Venusaur|Giga Drain|p2a: Gyarados\n|-damage|p2a: Gyarados|48\/100\n|\n|-damage|p2a: Gyarados|36\/100|[from] Leech Seed|[of] p1a: Venusaur\n|upkeep\n|turn|29\n|c| Bad Opinions|VENU IS THIIIICK\n|c| Bad Opinions|thats MY GOAT\n|c|\u2606JLeafWasForgotten|huh, isn't he supposed to mega if he uses a move?\n|c|\u2606jljlkk|no\n|c| Necriotic|boondocksread.gif\n|c| Bad Opinions|nah you dont HAVE to\n|c| clockrens|jarrett I am playing Sharpedo\n|\n|t:|1700454893\n|detailschange|p2a: Gyarados|Gyarados-Mega, F\n|-mega|p2a: Gyarados|Gyarados|Gyaradosite\n|-ability|p2a: Gyarados|Mold Breaker\n|move|p2a: Gyarados|Ice Fang|p1a: Venusaur\n|-supereffective|p1a: Venusaur\n|-damage|p1a: Venusaur|17\/100\n|move|p1a: Venusaur|Giga Drain|p2a: Gyarados\n|-supereffective|p2a: Gyarados\n|-damage|p2a: Gyarados|0 fnt\n|-heal|p1a: Venusaur|36\/100|[from] drain|[of] p2a: Gyarados\n|faint|p2a: Gyarados\n|\n|upkeep\n|c|\u2606jljlkk|I forgot about leech seed ngl\n|c| Necriotic|RIP\n|\n|t:|1700454911\n|switch|p2a: Ditto|Ditto|63\/100\n|-transform|p2a: Ditto|p1a: Venusaur|[from] ability: Imposter\n|turn|30\n|c| TsuNakatsukasa|capitalized \"Sharpedo\" and not \"Jarrett\"\n|c| clockrens|yes :gigachad:\n|c| Bad Opinions|flinch or freeze and the game ends there lmfao\n|c| Bad Opinions|holy scary\n|c| Necriotic|so scary\n|\n|t:|1700454938\n|switch|p1a: Zapdos|Zapdos|26\/100\n|-damage|p1a: Zapdos|1\/100|[from] Stealth Rock\n|move|p2a: Ditto|Sludge Bomb|p1a: Zapdos\n|-damage|p1a: Zapdos|0 fnt\n|faint|p1a: Zapdos\n|\n|upkeep\n|\n|t:|1700454946\n|switch|p1a: Pelipper|Pelipper, F|51\/100\n|-damage|p1a: Pelipper|26\/100|[from] Stealth Rock\n|-weather|RainDance|[from] ability: Drizzle|[of] p1a: Pelipper\n|turn|31\n|\n|t:|1700454956\n|move|p1a: Pelipper|Protect|p1a: Pelipper\n|-singleturn|p1a: Pelipper|Protect\n|move|p2a: Ditto|Sludge Bomb|p1a: Pelipper\n|-activate|p1a: Pelipper|move: Protect\n|\n|-weather|RainDance|[upkeep]\n|upkeep\n|turn|32\n|\n|t:|1700454976\n|move|p2a: Ditto|Sludge Bomb|p1a: Pelipper\n|-damage|p1a: Pelipper|0 fnt\n|faint|p1a: Pelipper\n|\n|-weather|RainDance|[upkeep]\n|upkeep\n|\n|t:|1700454981\n|switch|p1a: Barraskewda|Barraskewda, M|100\/100\n|-damage|p1a: Barraskewda|88\/100|[from] Stealth Rock\n|turn|33\n|\n|t:|1700455053\n|switch|p2a: Toxapex|Toxapex, M|62\/100\n|move|p1a: Barraskewda|Drill Run|p2a: Toxapex\n|-supereffective|p2a: Toxapex\n|-damage|p2a: Toxapex|9\/100\n|\n|-weather|RainDance|[upkeep]\n|-heal|p2a: Toxapex|15\/100|[from] item: Black Sludge\n|upkeep\n|turn|34\n|c|\u2606JLeafWasForgotten|zamn\n|c| Bad Opinions|DRILL RUN LMAOOOO\n|c| Vaeternum|gigachad\n|c| TsuNakatsukasa|GIGA CHAD\n|\n|t:|1700455106\n|switch|p1a: Goodra|Goodra-Hisui, F|75\/100 par\n|-damage|p1a: Goodra|69\/100 par|[from] Stealth Rock\n|move|p2a: Toxapex|Baneful Bunker||[still]\n|-fail|p2a: Toxapex\n|\n|-weather|RainDance|[upkeep]\n|-heal|p2a: Toxapex|22\/100|[from] item: Black Sludge\n|upkeep\n|turn|35\n|c| TsuNakatsukasa|this Drill Run is the Drill Run that will pierce the heavens\n|\n|t:|1700455122\n|switch|p2a: Ting-Lu|Ting-Lu|94\/100\n|-ability|p2a: Ting-Lu|Vessel of Ruin\n|cant|p1a: Goodra|par\n|\n|-weather|RainDance|[upkeep]\n|-heal|p2a: Ting-Lu|100\/100|[from] item: Leftovers\n|upkeep\n|turn|36\n|\n|t:|1700455142\n|move|p2a: Ting-Lu|Spikes|p1a: Goodra\n|-sidestart|p1: JLeafWasForgotten|Spikes\n|move|p1a: Goodra|Surf|p2a: Ting-Lu\n|-supereffective|p2a: Ting-Lu\n|-damage|p2a: Ting-Lu|64\/100\n|\n|-weather|RainDance|[upkeep]\n|-heal|p2a: Ting-Lu|70\/100|[from] item: Leftovers\n|upkeep\n|turn|37\n|\n|t:|1700455159\n|switch|p2a: Toxapex|Toxapex, M|55\/100\n|move|p1a: Goodra|Earthquake|p2a: Toxapex\n|-supereffective|p2a: Toxapex\n|-damage|p2a: Toxapex|28\/100\n|\n|-weather|RainDance|[upkeep]\n|-heal|p2a: Toxapex|34\/100|[from] item: Black Sludge\n|upkeep\n|turn|38\n|c| Bad Opinions|DAMN HES GOOD\n|\n|t:|1700455171\n|move|p2a: Toxapex|Recover|p2a: Toxapex\n|-heal|p2a: Toxapex|84\/100\n|move|p1a: Goodra|Earthquake|p2a: Toxapex\n|-supereffective|p2a: Toxapex\n|-damage|p2a: Toxapex|57\/100\n|\n|-weather|none\n|-heal|p2a: Toxapex|63\/100|[from] item: Black Sludge\n|upkeep\n|turn|39\n|\n|t:|1700455201\n|move|p2a: Toxapex|Knock Off|p1a: Goodra\n|-damage|p1a: Goodra|62\/100 par\n|-ability|p1a: Goodra|Gooey\n|-unboost|p2a: Toxapex|spe|1\n|move|p1a: Goodra|Thunderbolt|p2a: Toxapex\n|-supereffective|p2a: Toxapex\n|-damage|p2a: Toxapex|24\/100\n|-status|p2a: Toxapex|par\n|\n|-heal|p2a: Toxapex|30\/100 par|[from] item: Black Sludge\n|upkeep\n|turn|40\n|c| Bad Opinions|LOOOOOL\n|c| Bad Opinions|gigachad goodra\n|c| Necriotic|thats the first time ive seen tbolt para in forever\n|\n|t:|1700455227\n|switch|p2a: Ting-Lu|Ting-Lu|70\/100\n|-ability|p2a: Ting-Lu|Vessel of Ruin\n|move|p1a: Goodra|Earthquake|p2a: Ting-Lu\n|-damage|p2a: Ting-Lu|58\/100\n|\n|-heal|p2a: Ting-Lu|64\/100|[from] item: Leftovers\n|upkeep\n|turn|41\n|\n|t:|1700455241\n|move|p2a: Ting-Lu|Ruination|p1a: Goodra\n|-damage|p1a: Goodra|31\/100 par\n|move|p1a: Goodra|Surf|p2a: Ting-Lu\n|-supereffective|p2a: Ting-Lu\n|-damage|p2a: Ting-Lu|40\/100\n|\n|-heal|p2a: Ting-Lu|46\/100|[from] item: Leftovers\n|upkeep\n|turn|42\n|\n|t:|1700455264\n|switch|p1a: Venusaur|Venusaur-Mega, F|36\/100\n|-damage|p1a: Venusaur|24\/100|[from] Stealth Rock\n|-damage|p1a: Venusaur|11\/100|[from] Spikes\n|move|p2a: Ting-Lu|Earthquake|p1a: Venusaur\n|-damage|p1a: Venusaur|0 fnt\n|faint|p1a: Venusaur\n|\n|-heal|p2a: Ting-Lu|53\/100|[from] item: Leftovers\n|upkeep\n|\n|t:|1700455274\n|switch|p1a: Barraskewda|Barraskewda, M|88\/100\n|-damage|p1a: Barraskewda|76\/100|[from] Stealth Rock\n|-damage|p1a: Barraskewda|64\/100|[from] Spikes\n|turn|43\n|\n|t:|1700455301\n|switch|p2a: Toxapex|Toxapex, M|63\/100 par\n|move|p1a: Barraskewda|Close Combat|p2a: Toxapex\n|-resisted|p2a: Toxapex\n|-damage|p2a: Toxapex|45\/100 par\n|-unboost|p1a: Barraskewda|def|1\n|-unboost|p1a: Barraskewda|spd|1\n|\n|-heal|p2a: Toxapex|51\/100 par|[from] item: Black Sludge\n|upkeep\n|turn|44\n|\n|t:|1700455319\n|switch|p1a: Goodra|Goodra-Hisui, F|31\/100 par\n|-damage|p1a: Goodra|25\/100 par|[from] Stealth Rock\n|-damage|p1a: Goodra|13\/100 par|[from] Spikes\n|move|p2a: Toxapex|Baneful Bunker||[still]\n|-fail|p2a: Toxapex\n|\n|-heal|p2a: Toxapex|57\/100 par|[from] item: Black Sludge\n|upkeep\n|turn|45\n|c|\u2606JLeafWasForgotten|yea it's joever\n|c|\u2606jljlkk|hmmm\n|c| Necriotic|not yet\n|c|\u2606JLeafWasForgotten|bro blease just wrap it up\n|inactive|Battle timer is ON: inactive players will automatically lose when time's up. (requested by JLeafWasForgotten)\n|c|\u2606jljlkk|DUDE\n|c|\u2606jljlkk|I have to make sure to not throw man\n|c| Necriotic|jarrett\n|c| Necriotic|dont turn on the timer\n|c|\u2606jljlkk|is it possible to turn it off\n|c| Necriotic|yes\n|c| Bad Opinions|yeah\n|c| Bad Opinions|he can turn it off\n|c| Necriotic|you can just unclick on it\n|inactive|jljlkk has 270 seconds left.\n|c| Necriotic|jarrett turn off the timer\n|c|\u2606JLeafWasForgotten|he already won but I'm playing it out\n|inactive|jljlkk has 240 seconds left.\n|c| Necriotic|not yet\n|c| Bad Opinions|yeah turn the timer off\n|c| Necriotic|its not over but turn it off my guy\n|c|\u2606jljlkk|It's still scary for me\n|c| Necriotic|mhm he can still lose\n|c| TsuNakatsukasa|Attitude is a bit weird, just turn off the timer. If you're playing it out play it out honorably\n|inactive|jljlkk has 210 seconds left.\n|c| Necriotic|^^^\n|\n|t:|1700455471\n|switch|p2a: Ting-Lu|Ting-Lu|53\/100\n|-ability|p2a: Ting-Lu|Vessel of Ruin\n|cant|p1a: Goodra|par\n|\n|-heal|p2a: Ting-Lu|59\/100|[from] item: Leftovers\n|upkeep\n|turn|46\n|c| TsuNakatsukasa|Believe in the me that believes in you\n|\n|t:|1700455481\n|move|p2a: Ting-Lu|Earthquake|p1a: Goodra\n|-supereffective|p1a: Goodra\n|-damage|p1a: Goodra|0 fnt\n|faint|p1a: Goodra\n|\n|-heal|p2a: Ting-Lu|65\/100|[from] item: Leftovers\n|upkeep\n|c| Necriotic|para hax man\n|c| Necriotic|this is not a good clean match\n|\n|t:|1700455487\n|switch|p1a: Barraskewda|Barraskewda, M|64\/100\n|-damage|p1a: Barraskewda|52\/100|[from] Stealth Rock\n|-damage|p1a: Barraskewda|40\/100|[from] Spikes\n|turn|47\n|c|\u2606jljlkk|That twave on gholdengo was so worth\n|inactive|jljlkk has 270 seconds left.\n|\n|t:|1700455499\n|switch|p2a: Toxapex|Toxapex, M|91\/100 par\n|-terastallize|p1a: Barraskewda|Water\n|move|p1a: Barraskewda|Drill Run|p2a: Toxapex\n|-supereffective|p2a: Toxapex\n|-crit|p2a: Toxapex\n|-damage|p2a: Toxapex|16\/100 par\n|\n|-heal|p2a: Toxapex|22\/100 par|[from] item: Black Sludge\n|upkeep\n|turn|48\n|c|\u2606jljlkk|crit no way\n|inactive|jljlkk has 270 seconds left.\n|c| Necriotic|HOYL MOLY\n|\n|t:|1700455511\n|cant|p2a: Toxapex|par\n|move|p1a: Barraskewda|Drill Run|p2a: Toxapex\n|-supereffective|p2a: Toxapex\n|-damage|p2a: Toxapex|0 fnt\n|faint|p2a: Toxapex\n|\n|upkeep\n|c|\u2606jljlkk|BRO\n|inactive|jljlkk has 270 seconds left.\n|c|\u2606JLeafWasForgotten|it band\n|c| Bad Opinions|barra LMAO\n|c| Necriotic|ITS NO OVER YET\n|\n|t:|1700455524\n|switch|p2a: Ditto|Ditto|63\/100\n|-transform|p2a: Ditto|p1a: Barraskewda|[from] ability: Imposter\n|turn|49\n|c|\u2606JLeafWasForgotten|it's over\n|c| Bad Opinions|its over yet bro\n|inactive|jljlkk has 270 seconds left.\n|c|\u2606JLeafWasForgotten|he got scarf\n|\n|t:|1700455534\n|move|p2a: Ditto|Liquidation|p1a: Barraskewda\n|-resisted|p1a: Barraskewda\n|-damage|p1a: Barraskewda|0 fnt\n|faint|p1a: Barraskewda\n|\n|win|jljlkk\n|c|\u2606JLeafWasForgotten|I got band\n|c| Bad Opinions|crit cosmically funny\n|c|\u2606jljlkk|ok phew\n|c|\u2606jljlkk|ggs\n|c| Vaeternum|nice try\n|c|\u2606JLeafWasForgotten|ggs\n|c| Necriotic|extrememly funny\n|c| Necriotic|its over yet\n|c| Necriotic|GGs WP\n|l|\u2606JLeafWasForgotten\n|c|\u2606jljlkk|scary game\n|l| clockrens\n|l| TsuNakatsukasa\n","uploadtime":1700455565,"views":26,"p1id":"jleafwasforgotten","p2id":"jljlkk","formatid":"gen9nationaldexubers","rating":0,"private":0,"password":""}