{"id":"gen9nationaldexubers-1986733429","p1":"3antar","p2":"flamingwrench11234","format":"[Gen 9] National Dex Ubers","log":"|j|\u26063antar\n|j|\u2606flamingwrench11234\n|t:|1699516215\n|gametype|singles\n|player|p1|3antar|brycenman|1532\n|player|p2|flamingwrench11234|101|1619\n|teamsize|p1|6\n|teamsize|p2|6\n|gen|9\n|tier|[Gen 9] National Dex Ubers\n|rated|\n|rule|HP Percentage Mod: HP is shown in percentages\n|rule|Endless Battle Clause: Forcing endless battles is banned\n|rule|OHKO Clause: OHKO moves are banned\n|rule|Evasion Moves Clause: Evasion moves are banned\n|rule|Evasion Items Clause: Evasion items are banned\n|rule|Species Clause: Limit one of each Pok\u00e9mon\n|rule|Sleep Clause Mod: Limit one foe put to sleep\n|rule|Mega Rayquaza Clause: You cannot mega evolve Rayquaza\n|clearpoke\n|poke|p1|Yveltal|\n|poke|p1|Marshadow|\n|poke|p1|Kyogre|\n|poke|p1|Ribombee, M|\n|poke|p1|Zacian-*|\n|poke|p1|Landorus, M|\n|poke|p2|Gothitelle, F|\n|poke|p2|Xerneas-*|\n|poke|p2|Groudon, L99|\n|poke|p2|Ho-Oh|\n|poke|p2|Marshadow|\n|poke|p2|Arceus-Ground|\n|teampreview\n|c|\u26063antar|glhf\n|\n|t:|1699516236\n|start\n|switch|p1a: Ribombee|Ribombee, M|100\/100\n|switch|p2a: Marshadow|Marshadow|100\/100\n|turn|1\n|\n|t:|1699516245\n|move|p2a: Marshadow|Spectral Thief|p1a: Ribombee\n|-enditem|p1a: Ribombee|Focus Sash\n|-damage|p1a: Ribombee|1\/100\n|move|p1a: Ribombee|Stun Spore|p2a: Marshadow\n|-status|p2a: Marshadow|par\n|\n|upkeep\n|turn|2\n|\n|t:|1699516250\n|move|p1a: Ribombee|Sticky Web|p2a: Marshadow\n|-sidestart|p2: flamingwrench11234|move: Sticky Web\n|move|p2a: Marshadow|Spectral Thief|p1a: Ribombee\n|-damage|p1a: Ribombee|0 fnt\n|faint|p1a: Ribombee\n|\n|upkeep\n|c|\u26063antar|level 99 groudon to underspeed or to flex?\n|c|\u2606flamingwrench11234|Underspeed\n|\n|t:|1699516277\n|switch|p1a: Landorus|Landorus, M|100\/100\n|turn|3\n|\n|t:|1699516280\n|move|p1a: Landorus|Psychic|p2a: Marshadow\n|-supereffective|p2a: Marshadow\n|-damage|p2a: Marshadow|0 fnt\n|faint|p2a: Marshadow\n|\n|upkeep\n|\n|t:|1699516284\n|switch|p2a: Toxic Flamethrower|Ho-Oh|100\/100\n|turn|4\n|\n|t:|1699516298\n|switch|p1a: Zacian|Zacian-Crowned|100\/100\n|-ability|p1a: Zacian|Intrepid Sword|boost\n|-boost|p1a: Zacian|atk|1\n|move|p2a: Toxic Flamethrower|Defog|p1a: Zacian\n|-unboost|p1a: Zacian|evasion|1\n|-sideend|p2: flamingwrench11234|Sticky Web|[from] move: Defog|[of] p2a: Toxic Flamethrower\n|\n|upkeep\n|turn|5\n|\n|t:|1699516313\n|move|p1a: Zacian|Swords Dance|p1a: Zacian\n|-boost|p1a: Zacian|atk|2\n|move|p2a: Toxic Flamethrower|Sacred Fire|p1a: Zacian\n|-supereffective|p1a: Zacian\n|-damage|p1a: Zacian|22\/100\n|\n|upkeep\n|turn|6\n|\n|t:|1699516325\n|move|p1a: Zacian|Wild Charge|p2a: Toxic Flamethrower\n|-supereffective|p2a: Toxic Flamethrower\n|-damage|p2a: Toxic Flamethrower|0 fnt\n|faint|p2a: Toxic Flamethrower\n|-damage|p1a: Zacian|0 fnt|[from] Recoil\n|faint|p1a: Zacian\n|\n|upkeep\n|\n|t:|1699516338\n|switch|p1a: Landorus|Landorus, M|100\/100\n|switch|p2a: Volcanic dude|Groudon, L99, shiny|100\/100\n|detailschange|p2a: Volcanic dude|Groudon-Primal, L99, shiny\n|-primal|p2a: Volcanic dude|Red Orb\n|-weather|DesolateLand|[from] ability: Desolate Land|[of] p2a: Volcanic dude\n|turn|7\n|\n|t:|1699516345\n|-weather|none\n|switch|p2a: Arceus|Arceus-Ground|100\/100\n|-terastallize|p1a: Landorus|Ground\n|move|p1a: Landorus|Earth Power|p2a: Arceus\n|-damage|p2a: Arceus|30\/100\n|\n|upkeep\n|turn|8\n|\n|t:|1699516352\n|switch|p1a: Kyogre|Kyogre|100\/100\n|detailschange|p1a: Kyogre|Kyogre-Primal\n|-primal|p1a: Kyogre|Blue Orb\n|-weather|PrimordialSea|[from] ability: Primordial Sea|[of] p1a: Kyogre\n|-terastallize|p2a: Arceus|Ground\n|move|p2a: Arceus|Judgment|p1a: Kyogre\n|-damage|p1a: Kyogre|59\/100\n|\n|-weather|PrimordialSea|[upkeep]\n|upkeep\n|turn|9\n|\n|t:|1699516356\n|switch|p2a: Volcanic dude|Groudon-Primal, L99, shiny|100\/100\n|-weather|DesolateLand|[from] ability: Desolate Land|[of] p2a: Volcanic dude\n|move|p1a: Kyogre|Ice Beam|p2a: Volcanic dude\n|-damage|p2a: Volcanic dude|65\/100\n|\n|-weather|DesolateLand|[upkeep]\n|upkeep\n|turn|10\n|\n|t:|1699516363\n|switch|p1a: Yveltal|Yveltal, shiny|100\/100\n|-ability|p1a: Yveltal|Dark Aura\n|move|p2a: Volcanic dude|Precipice Blades|p1a: Yveltal\n|-immune|p1a: Yveltal\n|\n|-weather|DesolateLand|[upkeep]\n|upkeep\n|turn|11\n|\n|t:|1699516380\n|move|p1a: Yveltal|Foul Play|p2a: Volcanic dude\n|-damage|p2a: Volcanic dude|24\/100\n|move|p2a: Volcanic dude|Stealth Rock|p1a: Yveltal\n|-sidestart|p1: 3antar|move: Stealth Rock\n|\n|-weather|DesolateLand|[upkeep]\n|upkeep\n|turn|12\n|\n|t:|1699516386\n|move|p1a: Yveltal|Foul Play|p2a: Volcanic dude\n|-damage|p2a: Volcanic dude|0 fnt\n|faint|p2a: Volcanic dude\n|-weather|none\n|\n|upkeep\n|\n|t:|1699516388\n|switch|p2a: Xerneas|Xerneas|100\/100\n|-ability|p2a: Xerneas|Fairy Aura\n|turn|13\n|\n|t:|1699516395\n|move|p2a: Xerneas|Geomancy||[still]\n|-prepare|p2a: Xerneas|Geomancy\n|-enditem|p2a: Xerneas|Power Herb\n|-anim|p2a: Xerneas|Geomancy|p2a: Xerneas\n|-boost|p2a: Xerneas|spa|2\n|-boost|p2a: Xerneas|spd|2\n|-boost|p2a: Xerneas|spe|2\n|move|p1a: Yveltal|Defog|p2a: Xerneas\n|-unboost|p2a: Xerneas|evasion|1\n|-sideend|p1: 3antar|Stealth Rock|[from] move: Defog|[of] p1a: Yveltal\n|\n|upkeep\n|turn|14\n|\n|t:|1699516402\n|move|p1a: Yveltal|Sucker Punch|p2a: Xerneas\n|-resisted|p2a: Xerneas\n|-damage|p2a: Xerneas|84\/100\n|move|p2a: Xerneas|Moonblast|p1a: Yveltal\n|-supereffective|p1a: Yveltal\n|-damage|p1a: Yveltal|0 fnt\n|faint|p1a: Yveltal\n|\n|upkeep\n|\n|t:|1699516406\n|switch|p1a: Landorus|Landorus, M, tera:Ground|100\/100\n|turn|15\n|\n|t:|1699516412\n|move|p2a: Xerneas|Moonblast|p1a: Landorus\n|-damage|p1a: Landorus|0 fnt\n|faint|p1a: Landorus\n|\n|upkeep\n|\n|t:|1699516415\n|switch|p1a: Marshadow|Marshadow|100\/100\n|turn|16\n|\n|t:|1699516430\n|switch|p2a: Gothitelle|Gothitelle, F|100\/100\n|move|p1a: Marshadow|Spectral Thief|p2a: Gothitelle\n|-supereffective|p2a: Gothitelle\n|-crit|p2a: Gothitelle\n|-damage|p2a: Gothitelle|0 fnt\n|faint|p2a: Gothitelle\n|\n|upkeep\n|\n|t:|1699516434\n|switch|p2a: Xerneas|Xerneas|84\/100\n|-ability|p2a: Xerneas|Fairy Aura\n|turn|17\n|\n|t:|1699516440\n|switch|p1a: Kyogre|Kyogre-Primal|59\/100\n|-weather|PrimordialSea|[from] ability: Primordial Sea|[of] p1a: Kyogre\n|move|p2a: Xerneas|Moonblast|p1a: Kyogre\n|-damage|p1a: Kyogre|22\/100\n|-unboost|p1a: Kyogre|spa|1\n|\n|-weather|PrimordialSea|[upkeep]\n|upkeep\n|turn|18\n|\n|t:|1699516448\n|move|p2a: Xerneas|Moonblast|p1a: Kyogre\n|-damage|p1a: Kyogre|0 fnt\n|faint|p1a: Kyogre\n|-weather|none\n|\n|upkeep\n|\n|t:|1699516454\n|switch|p1a: Marshadow|Marshadow|100\/100\n|turn|19\n|\n|t:|1699516458\n|move|p1a: Marshadow|Spectral Thief|p2a: Xerneas\n|-damage|p2a: Xerneas|48\/100\n|move|p2a: Xerneas|Moonblast|p1a: Marshadow\n|-supereffective|p1a: Marshadow\n|-damage|p1a: Marshadow|0 fnt\n|faint|p1a: Marshadow\n|\n|win|flamingwrench11234\n|raw|3antar's rating: 1532 &rarr; <strong>1517<\/strong><br \/>(-15 for losing)\n|raw|flamingwrench11234's rating: 1619 &rarr; <strong>1634<\/strong><br \/>(+15 for winning)\n|c|\u26063antar|ggwp\n|l|\u2606flamingwrench11234\n|l|\u26063antar\n","uploadtime":1699518192,"views":26,"p1id":"3antar","p2id":"flamingwrench11234","formatid":"gen9nationaldexubers","rating":1517,"private":0,"password":""}