{"id":"gen9nationaldexubers-1999895996","p1":"Marioipod","p2":"mgunga","format":"[Gen 9] National Dex Ubers","log":"|j|\u203dMarioipod\n|j|\u2606mgunga\n|t:|1701127438\n|gametype|singles\n|player|p1|Marioipod|may-gen3rs|1139\n|player|p2|mgunga|101|1111\n|teamsize|p1|6\n|teamsize|p2|6\n|gen|9\n|tier|[Gen 9] National Dex Ubers\n|rated|\n|rule|HP Percentage Mod: HP is shown in percentages\n|rule|Endless Battle Clause: Forcing endless battles is banned\n|rule|OHKO Clause: OHKO moves are banned\n|rule|Evasion Moves Clause: Evasion moves are banned\n|rule|Evasion Items Clause: Evasion items are banned\n|rule|Species Clause: Limit one of each Pok\u00e9mon\n|rule|Sleep Clause Mod: Limit one foe put to sleep\n|rule|Mega Rayquaza Clause: You cannot mega evolve Rayquaza\n|clearpoke\n|poke|p1|Arceus|\n|poke|p1|Zygarde|\n|poke|p1|Metagross|\n|poke|p1|Kyogre|\n|poke|p1|Giratina-Origin|\n|poke|p1|Kyurem-Black|\n|poke|p2|Arceus|\n|poke|p2|Yveltal|\n|poke|p2|Mewtwo|\n|poke|p2|Cyclizar, M|\n|poke|p2|Magearna|\n|poke|p2|Dialga|\n|teampreview\n|inactive|Battle timer is ON: inactive players will automatically lose when time's up. (requested by mgunga)\n|\n|t:|1701127448\n|start\n|switch|p1a: Zygarde|Zygarde|100\/100\n|switch|p2a: Dialga|Dialga|100\/100\n|-ability|p2a: Dialga|Pressure\n|-item|p2a: Dialga|Air Balloon\n|turn|1\n|\n|t:|1701127452\n|move|p1a: Zygarde|Coil|p1a: Zygarde\n|-boost|p1a: Zygarde|atk|1\n|-boost|p1a: Zygarde|def|1\n|-boost|p1a: Zygarde|accuracy|1\n|move|p2a: Dialga|Stealth Rock|p1a: Zygarde\n|-sidestart|p1: Marioipod|move: Stealth Rock\n|\n|upkeep\n|turn|2\n|\n|t:|1701127456\n|move|p1a: Zygarde|Thousand Arrows|p2a: Dialga\n|-supereffective|p2a: Dialga\n|-crit|p2a: Dialga\n|-damage|p2a: Dialga|0 fnt\n|-enditem|p2a: Dialga|Air Balloon\n|faint|p2a: Dialga\n|\n|upkeep\n|\n|t:|1701127478\n|switch|p2a: Arceus|Arceus|100\/100\n|turn|3\n|\n|t:|1701127481\n|move|p2a: Arceus|Dragon Tail|p1a: Zygarde\n|-supereffective|p1a: Zygarde\n|-damage|p1a: Zygarde|80\/100\n|drag|p1a: Giratina|Giratina-Origin|100\/100\n|-damage|p1a: Giratina|88\/100|[from] Stealth Rock\n|\n|upkeep\n|turn|4\n|\n|t:|1701127490\n|switch|p2a: Yveltal|Yveltal|100\/100\n|-ability|p2a: Yveltal|Dark Aura\n|move|p1a: Giratina|Will-O-Wisp|p2a: Yveltal\n|-status|p2a: Yveltal|brn\n|\n|-damage|p2a: Yveltal|94\/100 brn|[from] brn\n|upkeep\n|turn|5\n|\n|t:|1701127498\n|switch|p1a: Zygarde|Zygarde|80\/100\n|-damage|p1a: Zygarde|74\/100|[from] Stealth Rock\n|move|p2a: Yveltal|Dark Pulse|p1a: Zygarde\n|-damage|p1a: Zygarde|22\/100\n|\n|-heal|p1a: Zygarde|28\/100|[from] item: Leftovers\n|-damage|p2a: Yveltal|88\/100 brn|[from] brn\n|-activate|p1a: Zygarde|ability: Power Construct\n|detailschange|p1a: Zygarde|Zygarde-Complete\n|-heal|p1a: Zygarde|53\/100|[silent]\n|upkeep\n|turn|6\n|\n|t:|1701127508\n|move|p2a: Yveltal|Dark Pulse|p1a: Zygarde\n|-damage|p1a: Zygarde|17\/100\n|move|p1a: Zygarde|Thousand Arrows|p2a: Yveltal\n|-damage|p2a: Yveltal|48\/100 brn\n|-start|p2a: Yveltal|Smack Down\n|\n|-heal|p1a: Zygarde|23\/100|[from] item: Leftovers\n|-damage|p2a: Yveltal|42\/100 brn|[from] brn\n|upkeep\n|turn|7\n|\n|t:|1701127517\n|move|p2a: Yveltal|Dark Pulse|p1a: Zygarde\n|-damage|p1a: Zygarde|0 fnt\n|faint|p1a: Zygarde\n|\n|-damage|p2a: Yveltal|36\/100 brn|[from] brn\n|upkeep\n|\n|t:|1701127519\n|switch|p1a: Kyurem|Kyurem-Black|100\/100\n|-damage|p1a: Kyurem|76\/100|[from] Stealth Rock\n|-ability|p1a: Kyurem|Teravolt\n|turn|8\n|\n|t:|1701127527\n|switch|p2a: Magearna|Magearna|100\/100\n|move|p1a: Kyurem|Dragon Dance|p1a: Kyurem\n|-boost|p1a: Kyurem|atk|1\n|-boost|p1a: Kyurem|spe|1\n|\n|upkeep\n|turn|9\n|\n|t:|1701127531\n|-terastallize|p1a: Kyurem|Electric\n|move|p1a: Kyurem|Fusion Bolt|p2a: Magearna\n|-damage|p2a: Magearna|0 fnt\n|faint|p2a: Magearna\n|\n|upkeep\n|\n|t:|1701127549\n|switch|p2a: Arceus|Arceus|100\/100\n|turn|10\n|\n|t:|1701127553\n|move|p1a: Kyurem|Scale Shot|p2a: Arceus\n|-damage|p2a: Arceus|79\/100\n|-damage|p2a: Arceus|58\/100\n|-damage|p2a: Arceus|37\/100\n|-damage|p2a: Arceus|17\/100\n|-hitcount|p2a: Arceus|4\n|-unboost|p1a: Kyurem|def|1\n|-boost|p1a: Kyurem|spe|1\n|move|p2a: Arceus|Dragon Tail|p1a: Kyurem\n|-damage|p1a: Kyurem|50\/100\n|drag|p1a: Giratina|Giratina-Origin|88\/100\n|-damage|p1a: Giratina|75\/100|[from] Stealth Rock\n|\n|upkeep\n|turn|11\n|\n|t:|1701127567\n|switch|p2a: Cyclizar|Cyclizar, M|100\/100\n|move|p1a: Giratina|Draco Meteor|p2a: Cyclizar\n|-supereffective|p2a: Cyclizar\n|-damage|p2a: Cyclizar|0 fnt\n|-unboost|p1a: Giratina|spa|2\n|faint|p2a: Cyclizar\n|\n|upkeep\n|\n|t:|1701127573\n|switch|p2a: Yveltal|Yveltal|36\/100 brn\n|-ability|p2a: Yveltal|Dark Aura\n|turn|12\n|\n|t:|1701127578\n|move|p2a: Yveltal|Oblivion Wing|p1a: Giratina\n|-damage|p1a: Giratina|46\/100\n|-heal|p2a: Yveltal|64\/100 brn|[from] drain|[of] p1a: Giratina\n|move|p1a: Giratina|Draco Meteor|p2a: Yveltal\n|-damage|p2a: Yveltal|35\/100 brn\n|-unboost|p1a: Giratina|spa|2\n|\n|-damage|p2a: Yveltal|29\/100 brn|[from] brn\n|upkeep\n|turn|13\n|\n|t:|1701127585\n|move|p2a: Yveltal|Oblivion Wing|p1a: Giratina\n|-damage|p1a: Giratina|14\/100\n|-heal|p2a: Yveltal|60\/100 brn|[from] drain|[of] p1a: Giratina\n|move|p1a: Giratina|Tailwind|p1a: Giratina\n|-sidestart|p1: Marioipod|move: Tailwind\n|\n|-damage|p2a: Yveltal|54\/100 brn|[from] brn\n|upkeep\n|turn|14\n|\n|t:|1701127593\n|move|p2a: Yveltal|Oblivion Wing|p1a: Giratina\n|-damage|p1a: Giratina|0 fnt\n|-heal|p2a: Yveltal|67\/100 brn|[from] drain|[of] p1a: Giratina\n|faint|p1a: Giratina\n|\n|-damage|p2a: Yveltal|61\/100 brn|[from] brn\n|upkeep\n|\n|t:|1701127595\n|switch|p1a: Kyogre|Kyogre|100\/100\n|-damage|p1a: Kyogre|88\/100|[from] Stealth Rock\n|detailschange|p1a: Kyogre|Kyogre-Primal\n|-primal|p1a: Kyogre|Blue Orb\n|-weather|PrimordialSea|[from] ability: Primordial Sea|[of] p1a: Kyogre\n|turn|15\n|\n|t:|1701127598\n|move|p1a: Kyogre|Water Spout|p2a: Yveltal\n|-damage|p2a: Yveltal|0 fnt\n|faint|p2a: Yveltal\n|\n|-weather|PrimordialSea|[upkeep]\n|upkeep\n|\n|t:|1701127602\n|switch|p2a: Arceus|Arceus|17\/100\n|turn|16\n|\n|t:|1701127604\n|-terastallize|p2a: Arceus|Normal\n|move|p2a: Arceus|Extreme Speed|p1a: Kyogre\n|-damage|p1a: Kyogre|17\/100\n|move|p1a: Kyogre|Origin Pulse|p2a: Arceus\n|-damage|p2a: Arceus|0 fnt\n|faint|p2a: Arceus\n|\n|-weather|PrimordialSea|[upkeep]\n|-sideend|p1: Marioipod|move: Tailwind\n|upkeep\n|\n|t:|1701127611\n|switch|p2a: Mewtwo|Mewtwo|100\/100\n|-ability|p2a: Mewtwo|Pressure\n|turn|17\n|\n|t:|1701127615\n|detailschange|p2a: Mewtwo|Mewtwo-Mega-X\n|-mega|p2a: Mewtwo|Mewtwo|Mewtwonite X\n|move|p2a: Mewtwo|Bulk Up|p2a: Mewtwo\n|-boost|p2a: Mewtwo|atk|1\n|-boost|p2a: Mewtwo|def|1\n|move|p1a: Kyogre|Origin Pulse|p2a: Mewtwo\n|-damage|p2a: Mewtwo|0 fnt\n|faint|p2a: Mewtwo\n|\n|win|Marioipod\n|raw|Marioipod's rating: 1139 &rarr; <strong>1162<\/strong><br \/>(+23 for winning)\n|raw|mgunga's rating: 1111 &rarr; <strong>1088<\/strong><br \/>(-23 for losing)\n","uploadtime":1701127619,"views":1,"p1id":"marioipod","p2id":"mgunga","formatid":"gen9nationaldexubers","rating":1088,"private":0,"password":""}