{"id":"gen9nationaldexubers-1988007275","p1":"straightoutta14BC","p2":"Astro Koo","format":"[Gen 9] National Dex Ubers","log":"|j|\u2606straightoutta14BC\n|j|\u2606Astro Koo\n|inactive|Battle timer is ON: inactive players will automatically lose when time's up.\n|t:|1699658462\n|gametype|singles\n|player|p1|straightoutta14BC|2|\n|player|p2|Astro Koo|nessa-masters|\n|teamsize|p1|6\n|teamsize|p2|6\n|gen|9\n|tier|[Gen 9] National Dex Ubers\n|rated|Tournament battle\n|rule|HP Percentage Mod: HP is shown in percentages\n|rule|Endless Battle Clause: Forcing endless battles is banned\n|rule|OHKO Clause: OHKO moves are banned\n|rule|Evasion Moves Clause: Evasion moves are banned\n|rule|Evasion Items Clause: Evasion items are banned\n|rule|Species Clause: Limit one of each Pok\u00e9mon\n|rule|Sleep Clause Mod: Limit one foe put to sleep\n|rule|Mega Rayquaza Clause: You cannot mega evolve Rayquaza\n|rule|Dynamax Clause: You cannot dynamax\n|rule|Terastal Clause: You cannot Terastallize\n|rule|Same Type Clause: Pok\u00e9mon in a team must share a type\n|clearpoke\n|poke|p1|Klefki, F|\n|poke|p1|Mawile, F|\n|poke|p1|Dialga|\n|poke|p1|Necrozma-Dusk-Mane|\n|poke|p1|Kartana|\n|poke|p1|Excadrill, M|\n|poke|p2|Arceus-Ghost|\n|poke|p2|Houndstone, F|\n|poke|p2|Flutter Mane|\n|poke|p2|Dragapult, F|\n|poke|p2|Froslass, F|\n|poke|p2|Annihilape, F|\n|teampreview\n|inactive|Astro Koo also wants the timer to be on.\n|j| League Normal\n|inactive|straightoutta14BC has 120 seconds left.\n|j|+bruised thighs\n|j| Franko159\n|\n|t:|1699658521\n|start\n|switch|p1a: Valentina|Mawile, F|100\/100\n|switch|p2a: Froslass|Froslass, F|100\/100\n|-ability|p1a: Valentina|Intimidate|boost\n|-unboost|p2a: Froslass|atk|1\n|turn|1\n|\n|t:|1699658531\n|switch|p1a: Pioneer|Dialga|100\/100\n|-ability|p1a: Pioneer|Pressure\n|move|p2a: Froslass|Spikes|p1a: Pioneer\n|-sidestart|p1: straightoutta14BC|Spikes\n|\n|upkeep\n|turn|2\n|\n|t:|1699658539\n|move|p2a: Froslass|Spikes|p1a: Pioneer\n|-sidestart|p1: straightoutta14BC|Spikes\n|move|p1a: Pioneer|Fire Blast|p2a: Froslass\n|-supereffective|p2a: Froslass\n|-enditem|p2a: Froslass|Focus Sash\n|-damage|p2a: Froslass|1\/100\n|-start|p1a: Pioneer|Disable|Fire Blast|[from] ability: Cursed Body|[of] p2a: Froslass\n|\n|upkeep\n|turn|3\n|c| League Normal|What do you identify as brusied thighs?\n|\n|t:|1699658549\n|move|p2a: Froslass|Destiny Bond|p2a: Froslass\n|-singlemove|p2a: Froslass|Destiny Bond\n|move|p1a: Pioneer|Draco Meteor|p2a: Froslass\n|-damage|p2a: Froslass|0 fnt\n|-unboost|p1a: Pioneer|spa|2\n|faint|p2a: Froslass\n|-activate|p2a: Froslass|move: Destiny Bond\n|faint|p1a: Pioneer\n|\n|upkeep\n|\n|t:|1699658564\n|switch|p2a: Annihilape|Annihilape, F|100\/100\n|switch|p1a: Mir|Klefki, F|100\/100\n|-damage|p1a: Mir|84\/100|[from] Spikes\n|turn|4\n|\n|t:|1699658567\n|move|p1a: Mir|Reflect|p1a: Mir\n|-sidestart|p1: straightoutta14BC|Reflect\n|move|p2a: Annihilape|Taunt|p1a: Mir\n|-start|p1a: Mir|move: Taunt\n|\n|upkeep\n|turn|5\n|\n|t:|1699658571\n|switch|p1a: Valentina|Mawile, F|100\/100\n|-damage|p1a: Valentina|84\/100|[from] Spikes\n|-ability|p1a: Valentina|Intimidate|boost\n|-unboost|p2a: Annihilape|atk|1\n|-ability|p2a: Annihilape|Defiant|boost\n|-boost|p2a: Annihilape|atk|2\n|move|p2a: Annihilape|Bulk Up|p2a: Annihilape\n|-boost|p2a: Annihilape|atk|1\n|-boost|p2a: Annihilape|def|1\n|\n|upkeep\n|turn|6\n|\n|t:|1699658583\n|detailschange|p1a: Valentina|Mawile-Mega, F\n|-mega|p1a: Valentina|Mawile|Mawilite\n|move|p2a: Annihilape|Bulk Up|p2a: Annihilape\n|-boost|p2a: Annihilape|atk|1\n|-boost|p2a: Annihilape|def|1\n|move|p1a: Valentina|Play Rough|p2a: Annihilape|[miss]\n|-miss|p1a: Valentina|p2a: Annihilape\n|\n|upkeep\n|turn|7\n|\n|t:|1699658588\n|move|p2a: Annihilape|Drain Punch|p1a: Valentina\n|-damage|p1a: Valentina|52\/100\n|move|p1a: Valentina|Play Rough|p2a: Annihilape|[miss]\n|-miss|p1a: Valentina|p2a: Annihilape\n|\n|upkeep\n|turn|8\n|c|\u2606Astro Koo|mb\n|\n|t:|1699658594\n|move|p2a: Annihilape|Drain Punch|p1a: Valentina\n|-damage|p1a: Valentina|18\/100\n|move|p1a: Valentina|Play Rough|p2a: Annihilape\n|-supereffective|p2a: Annihilape\n|-damage|p2a: Annihilape|12\/100\n|\n|-heal|p2a: Annihilape|18\/100|[from] item: Leftovers\n|-sideend|p1: straightoutta14BC|Reflect\n|upkeep\n|turn|9\n|\n|t:|1699658601\n|move|p1a: Valentina|Sucker Punch||[still]\n|-fail|p1a: Valentina\n|move|p2a: Annihilape|Bulk Up|p2a: Annihilape\n|-boost|p2a: Annihilape|atk|1\n|-boost|p2a: Annihilape|def|1\n|\n|-heal|p2a: Annihilape|24\/100|[from] item: Leftovers\n|upkeep\n|turn|10\n|\n|t:|1699658607\n|move|p1a: Valentina|Sucker Punch|p2a: Annihilape\n|-damage|p2a: Annihilape|5\/100\n|move|p2a: Annihilape|Drain Punch|p1a: Valentina\n|-damage|p1a: Valentina|0 fnt\n|-heal|p2a: Annihilape|11\/100|[from] drain|[of] p1a: Valentina\n|faint|p1a: Valentina\n|\n|-heal|p2a: Annihilape|18\/100|[from] item: Leftovers\n|upkeep\n|-message|straightoutta14BC forfeited.\n|\n|win|Astro Koo\n|n|\u2606straightoutta14BC|straightoutta14bc\n|n|\u2606Astro Koo|astrokoo\n|n| League Normal|leaguenormal\n|n| bruised thighs|bruisedthighs\n|n| Franko159|franko159\n","uploadtime":1699658629,"views":6,"p1id":"straightoutta14bc","p2id":"astrokoo","formatid":"gen9nationaldexubers","rating":0,"private":0,"password":""}