{"id":"gen9nationaldexubers-2000647508","p1":"frostytko","p2":"IrisFP","format":"[Gen 9] National Dex Ubers","log":"|j|\u2606frostytko\n|j|\u2606IrisFP\n|t:|1701214260\n|gametype|singles\n|player|p1|frostytko|170|1253\n|player|p2|IrisFP|iris|1302\n|teamsize|p1|6\n|teamsize|p2|6\n|gen|9\n|tier|[Gen 9] National Dex Ubers\n|rated|\n|rule|HP Percentage Mod: HP is shown in percentages\n|rule|Endless Battle Clause: Forcing endless battles is banned\n|rule|OHKO Clause: OHKO moves are banned\n|rule|Evasion Moves Clause: Evasion moves are banned\n|rule|Evasion Items Clause: Evasion items are banned\n|rule|Species Clause: Limit one of each Pok\u00e9mon\n|rule|Sleep Clause Mod: Limit one foe put to sleep\n|rule|Mega Rayquaza Clause: You cannot mega evolve Rayquaza\n|clearpoke\n|poke|p1|Iron Bundle|\n|poke|p1|Deoxys-Attack|\n|poke|p1|Zacian-*|\n|poke|p1|Ceruledge, M|\n|poke|p1|Ho-Oh|\n|poke|p1|Groudon|\n|poke|p2|Chien-Pao|\n|poke|p2|Magearna|\n|poke|p2|Palafin, M|\n|poke|p2|Regieleki|\n|poke|p2|Yveltal|\n|poke|p2|Iron Valiant|\n|teampreview\n|inactive|Battle timer is ON: inactive players will automatically lose when time's up. (requested by frostytko)\n|\n|t:|1701214283\n|start\n|switch|p1a: Iron Bundle|Iron Bundle|100\/100\n|switch|p2a: Palafin|Palafin, M|100\/100\n|turn|1\n|\n|t:|1701214291\n|detailschange|p2a: Palafin|Palafin-Hero, M\n|switch|p2a: Magearna|Magearna|100\/100\n|move|p1a: Iron Bundle|Freeze-Dry|p2a: Magearna\n|-resisted|p2a: Magearna\n|-damage|p2a: Magearna|86\/100\n|\n|-heal|p2a: Magearna|92\/100|[from] item: Leftovers\n|upkeep\n|turn|2\n|\n|t:|1701214301\n|-end|p1a: Iron Bundle|Quark Drive|[silent]\n|switch|p1a: Ho-Oh|Ho-Oh|100\/100\n|move|p2a: Magearna|Shift Gear|p2a: Magearna\n|-boost|p2a: Magearna|spe|2\n|-boost|p2a: Magearna|atk|1\n|\n|-heal|p2a: Magearna|98\/100|[from] item: Leftovers\n|upkeep\n|turn|3\n|\n|t:|1701214307\n|-terastallize|p2a: Magearna|Fairy\n|move|p2a: Magearna|Calm Mind|p2a: Magearna\n|-boost|p2a: Magearna|spa|1\n|-boost|p2a: Magearna|spd|1\n|move|p1a: Ho-Oh|Sacred Fire|p2a: Magearna\n|-damage|p2a: Magearna|62\/100\n|\n|-heal|p2a: Magearna|68\/100|[from] item: Leftovers\n|upkeep\n|turn|4\n|\n|t:|1701214326\n|move|p2a: Magearna|Stored Power|p1a: Ho-Oh\n|-damage|p1a: Ho-Oh|65\/100\n|move|p1a: Ho-Oh|Sacred Fire|p2a: Magearna\n|-damage|p2a: Magearna|30\/100\n|\n|-heal|p2a: Magearna|36\/100|[from] item: Leftovers\n|-heal|p1a: Ho-Oh|71\/100|[from] item: Leftovers\n|upkeep\n|turn|5\n|\n|t:|1701214336\n|move|p2a: Magearna|Calm Mind|p2a: Magearna\n|-boost|p2a: Magearna|spa|1\n|-boost|p2a: Magearna|spd|1\n|move|p1a: Ho-Oh|Sacred Fire|p2a: Magearna\n|-damage|p2a: Magearna|0 fnt\n|faint|p2a: Magearna\n|\n|-heal|p1a: Ho-Oh|77\/100|[from] item: Leftovers\n|upkeep\n|\n|t:|1701214343\n|switch|p2a: Palafin|Palafin-Hero, M|100\/100\n|-activate|p2a: Palafin|ability: Zero to Hero\n|turn|6\n|\n|t:|1701214347\n|switch|p1a: Groudon|Groudon|100\/100\n|detailschange|p1a: Groudon|Groudon-Primal\n|-primal|p1a: Groudon|Red Orb\n|-weather|DesolateLand|[from] ability: Desolate Land|[of] p1a: Groudon\n|move|p2a: Palafin|Jet Punch||[still]\n|-fail|p2a: Palafin|Jet Punch|[from] Desolate Land\n|\n|-weather|DesolateLand|[upkeep]\n|upkeep\n|turn|7\n|\n|t:|1701214368\n|switch|p2a: Yveltal|Yveltal|100\/100\n|-ability|p2a: Yveltal|Dark Aura\n|move|p1a: Groudon|Stone Edge|p2a: Yveltal|[miss]\n|-miss|p1a: Groudon|p2a: Yveltal\n|\n|-weather|DesolateLand|[upkeep]\n|upkeep\n|turn|8\n|\n|t:|1701214378\n|move|p2a: Yveltal|Dark Pulse|p1a: Groudon\n|-damage|p1a: Groudon|21\/100\n|move|p1a: Groudon|Brick Break|p2a: Yveltal\n|-damage|p2a: Yveltal|68\/100\n|\n|-weather|DesolateLand|[upkeep]\n|upkeep\n|turn|9\n|\n|t:|1701214391\n|-weather|none\n|switch|p1a: Ho-Oh|Ho-Oh|100\/100\n|move|p2a: Yveltal|Dark Pulse|p1a: Ho-Oh\n|-damage|p1a: Ho-Oh|56\/100\n|\n|-heal|p1a: Ho-Oh|62\/100|[from] item: Leftovers\n|upkeep\n|turn|10\n|\n|t:|1701214399\n|move|p2a: Yveltal|Dark Pulse|p1a: Ho-Oh\n|-damage|p1a: Ho-Oh|20\/100\n|move|p1a: Ho-Oh|Recover|p1a: Ho-Oh\n|-heal|p1a: Ho-Oh|71\/100\n|\n|-heal|p1a: Ho-Oh|77\/100|[from] item: Leftovers\n|upkeep\n|turn|11\n|\n|t:|1701214405\n|move|p2a: Yveltal|Dark Pulse|p1a: Ho-Oh\n|-crit|p1a: Ho-Oh\n|-damage|p1a: Ho-Oh|13\/100\n|move|p1a: Ho-Oh|Recover|p1a: Ho-Oh\n|-heal|p1a: Ho-Oh|63\/100\n|\n|-heal|p1a: Ho-Oh|69\/100|[from] item: Leftovers\n|upkeep\n|turn|12\n|\n|t:|1701214410\n|move|p2a: Yveltal|Dark Pulse|p1a: Ho-Oh\n|-damage|p1a: Ho-Oh|22\/100\n|move|p1a: Ho-Oh|Recover|p1a: Ho-Oh\n|-heal|p1a: Ho-Oh|72\/100\n|\n|-heal|p1a: Ho-Oh|78\/100|[from] item: Leftovers\n|upkeep\n|turn|13\n|\n|t:|1701214415\n|move|p2a: Yveltal|Dark Pulse|p1a: Ho-Oh\n|-damage|p1a: Ho-Oh|32\/100\n|move|p1a: Ho-Oh|Recover|p1a: Ho-Oh\n|-heal|p1a: Ho-Oh|82\/100\n|\n|-heal|p1a: Ho-Oh|88\/100|[from] item: Leftovers\n|upkeep\n|turn|14\n|\n|t:|1701214424\n|move|p2a: Yveltal|Dark Pulse|p1a: Ho-Oh\n|-damage|p1a: Ho-Oh|43\/100\n|cant|p1a: Ho-Oh|flinch\n|\n|-heal|p1a: Ho-Oh|49\/100|[from] item: Leftovers\n|upkeep\n|turn|15\n|\n|t:|1701214429\n|move|p2a: Yveltal|Dark Pulse|p1a: Ho-Oh\n|-damage|p1a: Ho-Oh|2\/100\n|move|p1a: Ho-Oh|Recover|p1a: Ho-Oh\n|-heal|p1a: Ho-Oh|52\/100\n|\n|-heal|p1a: Ho-Oh|58\/100|[from] item: Leftovers\n|upkeep\n|turn|16\n|\n|t:|1701214434\n|move|p2a: Yveltal|Dark Pulse|p1a: Ho-Oh\n|-damage|p1a: Ho-Oh|14\/100\n|cant|p1a: Ho-Oh|flinch\n|\n|-heal|p1a: Ho-Oh|20\/100|[from] item: Leftovers\n|upkeep\n|turn|17\n|c|\u2606frostytko|L\n|\n|t:|1701214443\n|switch|p1a: Iron Bundle|Iron Bundle|100\/100\n|move|p2a: Yveltal|Dark Pulse|p1a: Iron Bundle\n|-enditem|p1a: Iron Bundle|Focus Sash\n|-damage|p1a: Iron Bundle|1\/100\n|\n|upkeep\n|turn|18\n|\n|t:|1701214461\n|switch|p2a: Chien-Pao|Chien-Pao|100\/100\n|-ability|p2a: Chien-Pao|Sword of Ruin\n|move|p1a: Iron Bundle|Ice Beam|p2a: Chien-Pao\n|-resisted|p2a: Chien-Pao\n|-damage|p2a: Chien-Pao|67\/100\n|\n|upkeep\n|turn|19\n|\n|t:|1701214478\n|-end|p1a: Iron Bundle|Quark Drive|[silent]\n|switch|p1a: Zacian|Zacian-Crowned|100\/100\n|-ability|p1a: Zacian|Intrepid Sword|boost\n|-boost|p1a: Zacian|atk|1\n|move|p2a: Chien-Pao|Ice Shard|p1a: Zacian\n|-resisted|p1a: Zacian\n|-damage|p1a: Zacian|88\/100\n|\n|upkeep\n|turn|20\n|\n|t:|1701214483\n|move|p1a: Zacian|Behemoth Blade|p2a: Chien-Pao\n|-supereffective|p2a: Chien-Pao\n|-damage|p2a: Chien-Pao|0 fnt\n|faint|p2a: Chien-Pao\n|\n|upkeep\n|\n|t:|1701214488\n|switch|p2a: Regieleki|Regieleki|100\/100\n|turn|21\n|\n|t:|1701214497\n|switch|p1a: Groudon|Groudon-Primal|21\/100\n|-weather|DesolateLand|[from] ability: Desolate Land|[of] p1a: Groudon\n|-zpower|p2a: Regieleki\n|move|p2a: Regieleki|Gigavolt Havoc|p1a: Groudon|[zeffect]\n|-immune|p1a: Groudon\n|\n|-weather|DesolateLand|[upkeep]\n|upkeep\n|turn|22\n|\n|t:|1701214505\n|switch|p2a: Yveltal|Yveltal|68\/100\n|-ability|p2a: Yveltal|Dark Aura\n|move|p1a: Groudon|Stone Edge|p2a: Yveltal\n|-supereffective|p2a: Yveltal\n|-crit|p2a: Yveltal\n|-damage|p2a: Yveltal|0 fnt\n|faint|p2a: Yveltal\n|\n|-weather|DesolateLand|[upkeep]\n|upkeep\n|\n|t:|1701214513\n|switch|p2a: Iron Valiant|Iron Valiant|100\/100\n|turn|23\n|\n|t:|1701214539\n|-end|p2a: Iron Valiant|Quark Drive|[silent]\n|switch|p2a: Palafin|Palafin-Hero, M|100\/100\n|-weather|none\n|switch|p1a: Iron Bundle|Iron Bundle|1\/100\n|\n|upkeep\n|turn|24\n|\n|t:|1701214553\n|-end|p1a: Iron Bundle|Quark Drive|[silent]\n|switch|p1a: Groudon|Groudon-Primal|21\/100\n|-weather|DesolateLand|[from] ability: Desolate Land|[of] p1a: Groudon\n|move|p2a: Palafin|Jet Punch||[still]\n|-fail|p2a: Palafin|Jet Punch|[from] Desolate Land\n|\n|-weather|DesolateLand|[upkeep]\n|upkeep\n|turn|25\n|\n|t:|1701214565\n|switch|p2a: Iron Valiant|Iron Valiant|100\/100\n|move|p1a: Groudon|Precipice Blades|p2a: Iron Valiant\n|-damage|p2a: Iron Valiant|0 fnt\n|faint|p2a: Iron Valiant\n|-end|p2a: Iron Valiant|Quark Drive|[silent]\n|\n|-weather|DesolateLand|[upkeep]\n|upkeep\n|\n|t:|1701214571\n|switch|p2a: Regieleki|Regieleki|100\/100\n|turn|26\n|\n|t:|1701214576\n|move|p2a: Regieleki|Rapid Spin|p1a: Groudon\n|-damage|p1a: Groudon|15\/100\n|-boost|p2a: Regieleki|spe|1\n|move|p1a: Groudon|Precipice Blades|p2a: Regieleki\n|-supereffective|p2a: Regieleki\n|-damage|p2a: Regieleki|0 fnt\n|faint|p2a: Regieleki\n|\n|-weather|DesolateLand|[upkeep]\n|upkeep\n|-message|IrisFP forfeited.\n|\n|win|frostytko\n|raw|frostytko's rating: 1253 &rarr; <strong>1282<\/strong><br \/>(+29 for winning)\n|raw|IrisFP's rating: 1302 &rarr; <strong>1279<\/strong><br \/>(-23 for losing)\n|l|\u2606IrisFP\n|c|\u2606frostytko|gg\n","uploadtime":1701214588,"views":2,"p1id":"frostytko","p2id":"irisfp","formatid":"gen9nationaldexubers","rating":1279,"private":0,"password":""}