{"id":"gen9nationaldexubers-1993679004","p1":"OscarToscar","p2":"TTeTyLLloK","format":"[Gen 9] National Dex Ubers","log":"|j|\u2606OscarToscar\n|j|\u2606TTeTyLLloK\n|t:|1700344692\n|gametype|singles\n|player|p1|OscarToscar|ash|1540\n|player|p2|TTeTyLLloK|bruno|1457\n|teamsize|p1|6\n|teamsize|p2|6\n|gen|9\n|tier|[Gen 9] National Dex Ubers\n|rated|\n|rule|HP Percentage Mod: HP is shown in percentages\n|rule|Endless Battle Clause: Forcing endless battles is banned\n|rule|OHKO Clause: OHKO moves are banned\n|rule|Evasion Moves Clause: Evasion moves are banned\n|rule|Evasion Items Clause: Evasion items are banned\n|rule|Species Clause: Limit one of each Pok\u00e9mon\n|rule|Sleep Clause Mod: Limit one foe put to sleep\n|rule|Mega Rayquaza Clause: You cannot mega evolve Rayquaza\n|clearpoke\n|poke|p1|Necrozma-Dusk-Mane|\n|poke|p1|Zygarde|\n|poke|p1|Arceus-Fairy|\n|poke|p1|Eternatus|\n|poke|p1|Ho-Oh|\n|poke|p1|Yveltal|\n|poke|p2|Chesnaught, F|\n|poke|p2|Dugtrio, F|\n|poke|p2|Deoxys-Speed|\n|poke|p2|Slaking, M|\n|poke|p2|Mewtwo|\n|poke|p2|Ribombee, M|\n|teampreview\n|inactive|Battle timer is ON: inactive players will automatically lose when time's up. (requested by TTeTyLLloK)\n|inactive|OscarToscar also wants the timer to be on.\n|\n|t:|1700344721\n|start\n|switch|p1a: Ho-Oh|Ho-Oh|100\/100\n|switch|p2a: Deoxys|Deoxys-Speed|100\/100\n|-ability|p2a: Deoxys|Pressure\n|turn|1\n|\n|t:|1700344727\n|move|p2a: Deoxys|Stealth Rock|p1a: Ho-Oh\n|-sidestart|p1: OscarToscar|move: Stealth Rock\n|move|p1a: Ho-Oh|Sacred Fire|p2a: Deoxys\n|-damage|p2a: Deoxys|38\/100\n|-status|p2a: Deoxys|brn\n|\n|-damage|p2a: Deoxys|32\/100 brn|[from] brn\n|upkeep\n|turn|2\n|\n|t:|1700344734\n|move|p2a: Deoxys|Taunt|p1a: Ho-Oh\n|-start|p1a: Ho-Oh|move: Taunt\n|move|p1a: Ho-Oh|Sacred Fire|p2a: Deoxys\n|-damage|p2a: Deoxys|0 fnt\n|faint|p2a: Deoxys\n|\n|upkeep\n|\n|t:|1700344745\n|switch|p2a: Slaking|Slaking, M|100\/100\n|turn|3\n|\n|t:|1700344751\n|switch|p1a: Yveltal|Yveltal|100\/100\n|-damage|p1a: Yveltal|76\/100|[from] Stealth Rock\n|-ability|p1a: Yveltal|Dark Aura\n|move|p2a: Slaking|Giga Impact|p1a: Yveltal\n|-damage|p1a: Yveltal|0 fnt\n|-mustrecharge|p2a: Slaking\n|faint|p1a: Yveltal\n|\n|upkeep\n|inactive|OscarToscar has 120 seconds left.\n|inactive|OscarToscar has 90 seconds left.\n|\n|t:|1700344828\n|switch|p1a: Arceus|Arceus-Fairy|100\/100\n|-damage|p1a: Arceus|88\/100|[from] Stealth Rock\n|turn|4\n|\n|t:|1700344831\n|move|p1a: Arceus|Judgment|p2a: Slaking\n|-damage|p2a: Slaking|47\/100\n|cant|p2a: Slaking|recharge\n|\n|upkeep\n|turn|5\n|\n|t:|1700344836\n|move|p1a: Arceus|Judgment|p2a: Slaking\n|-damage|p2a: Slaking|0 fnt\n|faint|p2a: Slaking\n|\n|upkeep\n|\n|t:|1700344839\n|switch|p2a: Ribombee|Ribombee, M|100\/100\n|turn|6\n|\n|t:|1700344847\n|move|p2a: Ribombee|Stun Spore|p1a: Arceus\n|-status|p1a: Arceus|par\n|move|p1a: Arceus|Judgment|p2a: Ribombee\n|-damage|p2a: Ribombee|19\/100\n|\n|upkeep\n|turn|7\n|\n|t:|1700344853\n|move|p2a: Ribombee|Sticky Web|p1a: Arceus\n|-sidestart|p1: OscarToscar|move: Sticky Web\n|cant|p1a: Arceus|par\n|\n|upkeep\n|turn|8\n|\n|t:|1700344856\n|move|p2a: Ribombee|Moonblast|p1a: Arceus\n|-damage|p1a: Arceus|61\/100 par\n|move|p1a: Arceus|Judgment|p2a: Ribombee\n|-damage|p2a: Ribombee|0 fnt\n|faint|p2a: Ribombee\n|\n|upkeep\n|\n|t:|1700344864\n|switch|p2a: Mewtwo|Mewtwo|100\/100\n|-ability|p2a: Mewtwo|Unnerve\n|turn|9\n|inactive|OscarToscar has 120 seconds left.\n|\n|t:|1700344883\n|detailschange|p2a: Mewtwo|Mewtwo-Mega-Y\n|-mega|p2a: Mewtwo|Mewtwo|Mewtwonite Y\n|move|p2a: Mewtwo|Nasty Plot|p2a: Mewtwo\n|-boost|p2a: Mewtwo|spa|2\n|cant|p1a: Arceus|par\n|\n|upkeep\n|turn|10\n|\n|t:|1700344887\n|move|p2a: Mewtwo|Psystrike|p1a: Arceus\n|-damage|p1a: Arceus|0 fnt\n|faint|p1a: Arceus\n|\n|upkeep\n|inactive|OscarToscar has 120 seconds left.\n|\n|t:|1700344909\n|switch|p1a: Necrozma|Necrozma-Dusk-Mane|100\/100\n|-damage|p1a: Necrozma|94\/100|[from] Stealth Rock\n|-activate|p1a: Necrozma|move: Sticky Web\n|-unboost|p1a: Necrozma|spe|1\n|turn|11\n|\n|t:|1700344914\n|move|p2a: Mewtwo|Flamethrower|p1a: Necrozma\n|-supereffective|p1a: Necrozma\n|-damage|p1a: Necrozma|0 fnt\n|faint|p1a: Necrozma\n|\n|upkeep\n|\n|t:|1700344922\n|switch|p1a: Zygarde|Zygarde|100\/100\n|-damage|p1a: Zygarde|94\/100|[from] Stealth Rock\n|-activate|p1a: Zygarde|move: Sticky Web\n|-unboost|p1a: Zygarde|spe|1\n|turn|12\n|\n|t:|1700344927\n|-terastallize|p1a: Zygarde|Water\n|move|p2a: Mewtwo|Psystrike|p1a: Zygarde\n|-damage|p1a: Zygarde|24\/100\n|move|p1a: Zygarde|Glare|p2a: Mewtwo\n|-status|p2a: Mewtwo|par\n|\n|-heal|p1a: Zygarde|31\/100|[from] item: Leftovers\n|-activate|p1a: Zygarde|ability: Power Construct\n|detailschange|p1a: Zygarde|Zygarde-Complete, tera:Water\n|-heal|p1a: Zygarde|55\/100|[silent]\n|upkeep\n|turn|13\n|\n|t:|1700344947\n|move|p2a: Mewtwo|Thunderbolt|p1a: Zygarde\n|-supereffective|p1a: Zygarde\n|-damage|p1a: Zygarde|0 fnt\n|faint|p1a: Zygarde\n|\n|upkeep\n|\n|t:|1700344950\n|switch|p1a: Eternatus|Eternatus|100\/100\n|-damage|p1a: Eternatus|88\/100|[from] Stealth Rock\n|-activate|p1a: Eternatus|move: Sticky Web\n|-unboost|p1a: Eternatus|spe|1\n|-ability|p1a: Eternatus|Pressure\n|turn|14\n|\n|t:|1700344957\n|move|p1a: Eternatus|Dynamax Cannon|p2a: Mewtwo\n|-damage|p2a: Mewtwo|56\/100 par\n|move|p2a: Mewtwo|Psystrike|p1a: Eternatus\n|-supereffective|p1a: Eternatus\n|-damage|p1a: Eternatus|0 fnt\n|faint|p1a: Eternatus\n|\n|upkeep\n|\n|t:|1700344960\n|switch|p1a: Ho-Oh|Ho-Oh|100\/100\n|turn|15\n|\n|t:|1700344965\n|move|p1a: Ho-Oh|Sacred Fire|p2a: Mewtwo\n|-damage|p2a: Mewtwo|0 fnt\n|faint|p2a: Mewtwo\n|\n|upkeep\n|\n|t:|1700344975\n|switch|p2a: Chesnaught|Chesnaught, F|100\/100\n|turn|16\n|\n|t:|1700344980\n|-terastallize|p2a: Chesnaught|Water\n|move|p2a: Chesnaught|Belly Drum|p2a: Chesnaught\n|-damage|p2a: Chesnaught|50\/100\n|-setboost|p2a: Chesnaught|atk|6|[from] move: Belly Drum\n|-enditem|p2a: Chesnaught|Sitrus Berry|[eat]\n|-heal|p2a: Chesnaught|75\/100|[from] item: Sitrus Berry\n|move|p1a: Ho-Oh|Sacred Fire|p2a: Chesnaught\n|-resisted|p2a: Chesnaught\n|-crit|p2a: Chesnaught\n|-damage|p2a: Chesnaught|44\/100\n|\n|upkeep\n|turn|17\n|\n|t:|1700344988\n|move|p2a: Chesnaught|Rock Slide|p1a: Ho-Oh\n|-supereffective|p1a: Ho-Oh\n|-damage|p1a: Ho-Oh|0 fnt\n|faint|p1a: Ho-Oh\n|\n|win|TTeTyLLloK\n|raw|OscarToscar's rating: 1540 &rarr; <strong>1515<\/strong><br \/>(-25 for losing)\n|raw|TTeTyLLloK's rating: 1457 &rarr; <strong>1482<\/strong><br \/>(+25 for winning)\n","uploadtime":1700344992,"views":7,"p1id":"oscartoscar","p2id":"ttetylllok","formatid":"gen9nationaldexubers","rating":1482,"private":0,"password":""}