{"id":"gen9nationaldexubers-1998173324","p1":"SpudShed","p2":"LanceTopG","format":"[Gen 9] National Dex Ubers","log":"|j|\u2606SpudShed\n|j|\u2606LanceTopG\n|t:|1700906072\n|gametype|singles\n|player|p1|SpudShed|riley|1137\n|player|p2|LanceTopG|lance|1000\n|teamsize|p1|6\n|teamsize|p2|6\n|gen|9\n|tier|[Gen 9] National Dex Ubers\n|rated|\n|rule|HP Percentage Mod: HP is shown in percentages\n|rule|Endless Battle Clause: Forcing endless battles is banned\n|rule|OHKO Clause: OHKO moves are banned\n|rule|Evasion Moves Clause: Evasion moves are banned\n|rule|Evasion Items Clause: Evasion items are banned\n|rule|Species Clause: Limit one of each Pok\u00e9mon\n|rule|Sleep Clause Mod: Limit one foe put to sleep\n|rule|Mega Rayquaza Clause: You cannot mega evolve Rayquaza\n|clearpoke\n|poke|p1|Mudsdale, F|\n|poke|p1|Steelix, F|\n|poke|p1|Garchomp, F|\n|poke|p1|Nidoking, M|\n|poke|p1|Ursaluna, M|\n|poke|p1|Rhydon, F|\n|poke|p2|Breloom, M|\n|poke|p2|Lucario, M|\n|poke|p2|Blaziken, M|\n|poke|p2|Kommo-o, M|\n|poke|p2|Urshifu-*, M|\n|poke|p2|Infernape, M|\n|teampreview\n|c|\u2606SpudShed|fighting vs ground who will win\n|\n|t:|1700906096\n|start\n|switch|p1a: Steelix|Steelix, F|100\/100\n|switch|p2a: Infernape|Infernape, M|100\/100\n|turn|1\n|c|\u2606LanceTopG|You\n|c|\u2606LanceTopG|I lose\n|c|\u2606SpudShed|this is bad for me\n|\n|t:|1700906114\n|detailschange|p1a: Steelix|Steelix-Mega, F\n|-mega|p1a: Steelix|Steelix|Steelixite\n|move|p2a: Infernape|Swords Dance|p2a: Infernape\n|-boost|p2a: Infernape|atk|2\n|move|p1a: Steelix|Psychic Fangs|p2a: Infernape\n|-supereffective|p2a: Infernape\n|-damage|p2a: Infernape|11\/100\n|\n|upkeep\n|turn|2\n|\n|t:|1700906124\n|move|p2a: Infernape|Fire Punch|p1a: Steelix\n|-supereffective|p1a: Steelix\n|-damage|p1a: Steelix|20\/100\n|move|p1a: Steelix|Rock Slide|p2a: Infernape\n|-damage|p2a: Infernape|0 fnt\n|faint|p2a: Infernape\n|\n|upkeep\n|c|\u2606SpudShed|bruv\n|\n|t:|1700906132\n|switch|p2a: Blaziken|Blaziken, M|100\/100\n|turn|3\n|c|\u2606SpudShed|i dont got a ground move on this\n|\n|t:|1700906141\n|move|p2a: Blaziken|Swords Dance|p2a: Blaziken\n|-boost|p2a: Blaziken|atk|2\n|move|p1a: Steelix|Psychic Fangs|p2a: Blaziken\n|-supereffective|p2a: Blaziken\n|-damage|p2a: Blaziken|5\/100\n|\n|-ability|p2a: Blaziken|Speed Boost|boost\n|-boost|p2a: Blaziken|spe|1\n|upkeep\n|turn|4\n|c|\u2606SpudShed|shit shit shit shit shit shit sh\\\\it\n|\n|t:|1700906161\n|move|p2a: Blaziken|Blaze Kick|p1a: Steelix\n|-supereffective|p1a: Steelix\n|-damage|p1a: Steelix|0 fnt\n|faint|p1a: Steelix\n|\n|-ability|p2a: Blaziken|Speed Boost|boost\n|-boost|p2a: Blaziken|spe|1\n|upkeep\n|\n|t:|1700906177\n|switch|p1a: Mudsdale|Mudsdale, F|100\/100\n|turn|5\n|\n|t:|1700906182\n|move|p2a: Blaziken|Sky Uppercut|p1a: Mudsdale\n|-damage|p1a: Mudsdale|29\/100\n|-ability|p1a: Mudsdale|Stamina|boost\n|-boost|p1a: Mudsdale|def|1\n|move|p1a: Mudsdale|Heavy Slam|p2a: Blaziken\n|-resisted|p2a: Blaziken\n|-damage|p2a: Blaziken|0 fnt\n|faint|p2a: Blaziken\n|\n|upkeep\n|\n|t:|1700906190\n|switch|p2a: Breloom|Breloom, M|100\/100\n|turn|6\n|c|\u2606SpudShed|that did damage\n|\n|t:|1700906196\n|move|p2a: Breloom|Spore|p1a: Mudsdale\n|-status|p1a: Mudsdale|slp|[from] move: Spore\n|cant|p1a: Mudsdale|slp\n|\n|upkeep\n|turn|7\n|-activate|p2a: Breloom|item: Quick Claw\n|\n|t:|1700906219\n|move|p2a: Breloom|Swords Dance|p2a: Breloom\n|-boost|p2a: Breloom|atk|2\n|-curestatus|p1a: Mudsdale|slp|[msg]\n|move|p1a: Mudsdale|Heavy Slam|p2a: Breloom\n|-damage|p2a: Breloom|34\/100\n|\n|upkeep\n|turn|8\n|\n|t:|1700906227\n|move|p2a: Breloom|Mach Punch|p1a: Mudsdale\n|-damage|p1a: Mudsdale|0 fnt\n|faint|p1a: Mudsdale\n|\n|upkeep\n|\n|t:|1700906233\n|switch|p1a: Nidoking|Nidoking, M|100\/100\n|turn|9\n|\n|t:|1700906238\n|move|p1a: Nidoking|Ice Beam|p2a: Breloom\n|-supereffective|p2a: Breloom\n|-damage|p2a: Breloom|0 fnt\n|faint|p2a: Breloom\n|\n|upkeep\n|\n|t:|1700906244\n|switch|p2a: Urshifu|Urshifu-Rapid-Strike, M|100\/100\n|turn|10\n|\n|t:|1700906250\n|move|p1a: Nidoking|Thunderbolt|p2a: Urshifu\n|-supereffective|p2a: Urshifu\n|-damage|p2a: Urshifu|0 fnt\n|faint|p2a: Urshifu\n|\n|upkeep\n|\n|t:|1700906255\n|switch|p2a: Kommo-o|Kommo-o, M|100\/100\n|turn|11\n|c|\u2606SpudShed|sheer force expert belt\n|\n|t:|1700906263\n|move|p2a: Kommo-o|Clangorous Soul|p2a: Kommo-o\n|-boost|p2a: Kommo-o|atk|1\n|-boost|p2a: Kommo-o|def|1\n|-boost|p2a: Kommo-o|spa|1\n|-boost|p2a: Kommo-o|spd|1\n|-boost|p2a: Kommo-o|spe|1\n|-damage|p2a: Kommo-o|68\/100\n|move|p1a: Nidoking|Ice Beam|p2a: Kommo-o\n|-supereffective|p2a: Kommo-o\n|-damage|p2a: Kommo-o|2\/100\n|\n|upkeep\n|turn|12\n|c|\u2606SpudShed|i have tip for u\n|\n|t:|1700906279\n|-zpower|p2a: Kommo-o\n|move|p2a: Kommo-o|Clangorous Soulblaze|p1a: Nidoking|[zeffect]\n|-damage|p1a: Nidoking|0 fnt\n|faint|p1a: Nidoking\n|-boost|p2a: Kommo-o|atk|1\n|-boost|p2a: Kommo-o|def|1\n|-boost|p2a: Kommo-o|spa|1\n|-boost|p2a: Kommo-o|spd|1\n|-boost|p2a: Kommo-o|spe|1\n|\n|upkeep\n|c|\u2606SpudShed|wow\n|c|\u2606SpudShed|that wat i was gonna say\n|\n|t:|1700906300\n|switch|p1a: Garchomp|Garchomp, F|100\/100\n|turn|13\n|c|\u2606LanceTopG|Nederlands?\n|\n|t:|1700906322\n|move|p2a: Kommo-o|Clanging Scales|p1a: Garchomp\n|-supereffective|p1a: Garchomp\n|-damage|p1a: Garchomp|0 fnt\n|faint|p1a: Garchomp\n|-unboost|p2a: Kommo-o|def|1\n|\n|upkeep\n|c|\u2606SpudShed|VEVADALEVIDAVIDA\n|\n|t:|1700906343\n|switch|p1a: Ursaluna|Ursaluna, M|100\/100\n|turn|14\n|\n|t:|1700906348\n|move|p2a: Kommo-o|Drain Punch|p1a: Ursaluna\n|-supereffective|p1a: Ursaluna\n|-damage|p1a: Ursaluna|4\/100\n|-heal|p2a: Kommo-o|69\/100|[from] drain|[of] p1a: Ursaluna\n|move|p1a: Ursaluna|Trailblaze|p2a: Kommo-o\n|-resisted|p2a: Kommo-o\n|-damage|p2a: Kommo-o|62\/100\n|-boost|p1a: Ursaluna|spe|1\n|\n|-status|p1a: Ursaluna|brn|[from] item: Flame Orb\n|upkeep\n|turn|15\n|\n|t:|1700906360\n|move|p2a: Kommo-o|Drain Punch|p1a: Ursaluna\n|-supereffective|p1a: Ursaluna\n|-damage|p1a: Ursaluna|0 fnt\n|-heal|p2a: Kommo-o|64\/100|[from] drain|[of] p1a: Ursaluna\n|faint|p1a: Ursaluna\n|\n|upkeep\n|\n|t:|1700906366\n|switch|p1a: Rhydon|Rhydon, F|100\/100\n|turn|16\n|\n|t:|1700906370\n|move|p2a: Kommo-o|Drain Punch|p1a: Rhydon\n|-supereffective|p1a: Rhydon\n|-damage|p1a: Rhydon|48\/100\n|-heal|p2a: Kommo-o|100\/100|[from] drain|[of] p1a: Rhydon\n|move|p1a: Rhydon|Ice Punch|p2a: Kommo-o\n|-supereffective|p2a: Kommo-o\n|-damage|p2a: Kommo-o|66\/100\n|\n|upkeep\n|turn|17\n|-message|SpudShed forfeited.\n|\n|win|LanceTopG\n|raw|SpudShed's rating: 1137 &rarr; <strong>1103<\/strong><br \/>(-34 for losing)\n|raw|LanceTopG's rating: 1000 &rarr; <strong>1055<\/strong><br \/>(+55 for winning)\n|l|\u2606SpudShed\n","uploadtime":1700906160,"views":4,"p1id":"spudshed","p2id":"lancetopg","formatid":"gen9nationaldexubers","rating":1055,"private":0,"password":""}