{"id":"gen9nationaldexubers-1987977519","p1":"NewBreathOfDurian","p2":"aquiles meo","format":"[Gen 9] National Dex Ubers","log":"|j|\u2606NewBreathOfDurian\n|j|\u2606aquiles meo\n|t:|1699655203\n|gametype|singles\n|player|p1|NewBreathOfDurian|roughneck|1138\n|player|p2|aquiles meo|ethan|1121\n|teamsize|p1|6\n|teamsize|p2|6\n|gen|9\n|tier|[Gen 9] National Dex Ubers\n|rated|\n|rule|HP Percentage Mod: HP is shown in percentages\n|rule|Endless Battle Clause: Forcing endless battles is banned\n|rule|OHKO Clause: OHKO moves are banned\n|rule|Evasion Moves Clause: Evasion moves are banned\n|rule|Evasion Items Clause: Evasion items are banned\n|rule|Species Clause: Limit one of each Pok\u00e9mon\n|rule|Sleep Clause Mod: Limit one foe put to sleep\n|rule|Mega Rayquaza Clause: You cannot mega evolve Rayquaza\n|clearpoke\n|poke|p1|Decidueye-Hisui, M|\n|poke|p1|Arcanine-Hisui, F|\n|poke|p1|Armarouge, M|\n|poke|p1|Flutter Mane|\n|poke|p1|Calyrex-Ice|\n|poke|p1|Samurott-Hisui, F|\n|poke|p2|Jirachi|\n|poke|p2|Ho-Oh|\n|poke|p2|Rayquaza|\n|poke|p2|Pidgeot, M|\n|poke|p2|Lucario, M|\n|poke|p2|Luxray, M|\n|teampreview\n|\n|t:|1699655206\n|start\n|switch|p1a: Samurott|Samurott-Hisui, F, shiny|100\/100\n|switch|p2a: Jirachi|Jirachi|100\/100\n|turn|1\n|\n|t:|1699655216\n|move|p2a: Jirachi|Iron Head|p1a: Samurott\n|-resisted|p1a: Samurott\n|-damage|p1a: Samurott|82\/100\n|cant|p1a: Samurott|flinch\n|\n|upkeep\n|turn|2\n|\n|t:|1699655226\n|move|p2a: Jirachi|Iron Head|p1a: Samurott\n|-resisted|p1a: Samurott\n|-damage|p1a: Samurott|58\/100\n|cant|p1a: Samurott|flinch\n|\n|upkeep\n|turn|3\n|\n|t:|1699655236\n|move|p2a: Jirachi|Iron Head|p1a: Samurott\n|-resisted|p1a: Samurott\n|-damage|p1a: Samurott|33\/100\n|cant|p1a: Samurott|flinch\n|\n|upkeep\n|turn|4\n|\n|t:|1699655243\n|switch|p1a: Armarouge|Armarouge, M|100\/100\n|move|p2a: Jirachi|Iron Head|p1a: Armarouge\n|-resisted|p1a: Armarouge\n|-damage|p1a: Armarouge|81\/100\n|\n|upkeep\n|turn|5\n|\n|t:|1699655256\n|move|p2a: Jirachi|Iron Head|p1a: Armarouge\n|-resisted|p1a: Armarouge\n|-damage|p1a: Armarouge|56\/100\n|cant|p1a: Armarouge|flinch\n|\n|upkeep\n|turn|6\n|\n|t:|1699655266\n|move|p2a: Jirachi|Iron Head|p1a: Armarouge\n|-resisted|p1a: Armarouge\n|-damage|p1a: Armarouge|29\/100\n|move|p1a: Armarouge|Psychic|p2a: Jirachi\n|-resisted|p2a: Jirachi\n|-damage|p2a: Jirachi|89\/100\n|\n|upkeep\n|turn|7\n|\n|t:|1699655277\n|move|p2a: Jirachi|Ancient Power|p1a: Armarouge\n|-supereffective|p1a: Armarouge\n|-damage|p1a: Armarouge|2\/100\n|move|p1a: Armarouge|Trick Room|p1a: Armarouge\n|-fieldstart|move: Trick Room|[of] p1a: Armarouge\n|\n|upkeep\n|turn|8\n|\n|t:|1699655286\n|move|p1a: Armarouge|Armor Cannon|p2a: Jirachi\n|-supereffective|p2a: Jirachi\n|-crit|p2a: Jirachi\n|-damage|p2a: Jirachi|0 fnt\n|-unboost|p1a: Armarouge|def|1\n|-unboost|p1a: Armarouge|spd|1\n|faint|p2a: Jirachi\n|\n|upkeep\n|\n|t:|1699655302\n|switch|p2a: Ho-Oh|Ho-Oh|100\/100\n|turn|9\n|\n|t:|1699655307\n|move|p1a: Armarouge|Psychic|p2a: Ho-Oh\n|-damage|p2a: Ho-Oh|69\/100\n|move|p2a: Ho-Oh|Ancient Power|p1a: Armarouge\n|-supereffective|p1a: Armarouge\n|-damage|p1a: Armarouge|0 fnt\n|faint|p1a: Armarouge\n|\n|upkeep\n|\n|t:|1699655315\n|switch|p1a: Samurott|Samurott-Hisui, F, shiny|33\/100\n|turn|10\n|\n|t:|1699655340\n|switch|p2a: Luxray|Luxray, M, shiny|100\/100\n|move|p1a: Samurott|Aqua Cutter|p2a: Luxray\n|-crit|p2a: Luxray\n|-damage|p2a: Luxray|19\/100\n|\n|upkeep\n|turn|11\n|\n|t:|1699655354\n|switch|p1a: Arcanine|Arcanine-Hisui, F, shiny|100\/100\n|-zpower|p2a: Luxray\n|move|p2a: Luxray|Gigavolt Havoc|p1a: Arcanine|[zeffect]\n|-damage|p1a: Arcanine|6\/100\n|\n|-fieldend|move: Trick Room\n|upkeep\n|turn|12\n|\n|t:|1699655385\n|switch|p2a: Ho-Oh|Ho-Oh|100\/100\n|move|p1a: Arcanine|Flame Charge|p2a: Ho-Oh\n|-resisted|p2a: Ho-Oh\n|-crit|p2a: Ho-Oh\n|-damage|p2a: Ho-Oh|81\/100\n|-boost|p1a: Arcanine|spe|1\n|\n|upkeep\n|turn|13\n|\n|t:|1699655397\n|switch|p1a: Flutter Mane|Flutter Mane, shiny|100\/100\n|move|p2a: Ho-Oh|Ancient Power|p1a: Flutter Mane\n|-damage|p1a: Flutter Mane|81\/100\n|\n|upkeep\n|turn|14\n|\n|t:|1699655411\n|move|p1a: Flutter Mane|Dazzling Gleam|p2a: Ho-Oh\n|-resisted|p2a: Ho-Oh\n|-damage|p2a: Ho-Oh|63\/100\n|move|p2a: Ho-Oh|Burn Up|p1a: Flutter Mane\n|-damage|p1a: Flutter Mane|16\/100\n|-start|p2a: Ho-Oh|typechange|???\/Flying|[from] move: Burn Up\n|\n|upkeep\n|turn|15\n|\n|t:|1699655424\n|switch|p2a: Pidgeot|Pidgeot, M|100\/100\n|move|p1a: Flutter Mane|Perish Song|p1a: Flutter Mane\n|-start|p1a: Flutter Mane|perish3|[silent]\n|-start|p2a: Pidgeot|perish3|[silent]\n|-fieldactivate|move: Perish Song\n|\n|-start|p1a: Flutter Mane|perish3\n|-start|p2a: Pidgeot|perish3\n|upkeep\n|turn|16\n|\n|t:|1699655445\n|-end|p1a: Flutter Mane|Protosynthesis|[silent]\n|switch|p1a: Calyrex|Calyrex-Ice|100\/100\n|-ability|p1a: Calyrex|As One\n|-ability|p1a: Calyrex|Unnerve\n|move|p2a: Pidgeot|Tailwind|p2a: Pidgeot\n|-sidestart|p2: aquiles meo|move: Tailwind\n|\n|-start|p2a: Pidgeot|perish2\n|upkeep\n|turn|17\n|\n|t:|1699655469\n|-terastallize|p1a: Calyrex|Fire\n|move|p2a: Pidgeot|Hurricane|p1a: Calyrex\n|-damage|p1a: Calyrex|79\/100\n|move|p1a: Calyrex|Glacial Lance|p2a: Pidgeot\n|-supereffective|p2a: Pidgeot\n|-damage|p2a: Pidgeot|0 fnt\n|faint|p2a: Pidgeot\n|-ability|p1a: Calyrex|Chilling Neigh|boost\n|-boost|p1a: Calyrex|atk|1\n|\n|upkeep\n|\n|t:|1699655494\n|switch|p2a: Ho-Oh|Ho-Oh|96\/100\n|turn|18\n|\n|t:|1699655498\n|move|p2a: Ho-Oh|Ancient Power|p1a: Calyrex\n|-supereffective|p1a: Calyrex\n|-damage|p1a: Calyrex|52\/100\n|move|p1a: Calyrex|Megahorn|p2a: Ho-Oh\n|-resisted|p2a: Ho-Oh\n|-damage|p2a: Ho-Oh|76\/100\n|\n|upkeep\n|turn|19\n|\n|t:|1699655512\n|move|p2a: Ho-Oh|Earth Power|p1a: Calyrex\n|-supereffective|p1a: Calyrex\n|-crit|p1a: Calyrex\n|-damage|p1a: Calyrex|0 fnt\n|faint|p1a: Calyrex\n|\n|-sideend|p2: aquiles meo|move: Tailwind\n|upkeep\n|\n|t:|1699655520\n|switch|p1a: Samurott|Samurott-Hisui, F, shiny|33\/100\n|turn|20\n|c|\u2606aquiles meo|!dt oshawott hisui\n|error|No Pok\u00e9mon, item, move, ability or nature named 'oshawott hisui' was found. (Check your spelling?)\n|c|\u2606aquiles meo|Why though\n|\n|t:|1699655566\n|move|p1a: Samurott|Aqua Cutter|p2a: Ho-Oh\n|-supereffective|p2a: Ho-Oh\n|-damage|p2a: Ho-Oh|0 fnt\n|faint|p2a: Ho-Oh\n|\n|upkeep\n|\n|t:|1699655572\n|switch|p2a: Luxray|Luxray, M, shiny|19\/100\n|turn|21\n|c|\u2606NewBreathOfDurian|Cause he's good\n|\n|t:|1699655582\n|switch|p1a: Decidueye|Decidueye-Hisui, M, shiny|100\/100\n|move|p2a: Luxray|Wild Charge|p1a: Decidueye\n|-resisted|p1a: Decidueye\n|-damage|p1a: Decidueye|80\/100\n|-damage|p2a: Luxray|13\/100|[from] Recoil\n|\n|upkeep\n|turn|22\n|c|\u2606aquiles meo|No why\n|c|\u2606aquiles meo|did nintendo\n|c|\u2606aquiles meo|create\n|c|\u2606aquiles meo|a hisui version of oshawott\n|c|\u2606aquiles meo|of all pokemon\n|c|\u2606aquiles meo|sorry\n|c|\u2606aquiles meo|I meant samurott\n|c|\u2606aquiles meo|see this is what I mean\n|c|\u2606NewBreathOfDurian|Probably based on popularity\n|c|\u2606aquiles meo|How does it extend only to samurott but not oshawott\n|\n|t:|1699655638\n|move|p2a: Luxray|Psychic Fangs|p1a: Decidueye\n|-supereffective|p1a: Decidueye\n|-damage|p1a: Decidueye|30\/100\n|move|p1a: Decidueye|Seed Bomb|p2a: Luxray\n|-damage|p2a: Luxray|0 fnt\n|faint|p2a: Luxray\n|\n|upkeep\n|\n|t:|1699655650\n|switch|p2a: Lucario|Lucario, M, shiny|100\/100\n|turn|23\n|\n|t:|1699655663\n|detailschange|p2a: Lucario|Lucario-Mega, M, shiny\n|-mega|p2a: Lucario|Lucario|Lucarionite\n|move|p2a: Lucario|Shadow Ball|p1a: Decidueye\n|-damage|p1a: Decidueye|9\/100\n|move|p1a: Decidueye|Knock Off|p2a: Lucario\n|-resisted|p2a: Lucario\n|-damage|p2a: Lucario|87\/100\n|\n|upkeep\n|turn|24\n|c|\u2606aquiles meo|this cant be a zoroark\n|c|\u2606aquiles meo|!weak deciduete\n|c| aquiles meo|\/raw <div class=\"infobox\">deciduete isn't a recognized type or Pokemon.<\/div>\n|c|\u2606aquiles meo|!weak decidueye\n|c| aquiles meo|\/raw <div class=\"infobox\">Decidueye (ignoring abilities):<br \/><span class=\"message-effect-weak\">Weaknesses<\/span>: Dark, Fire, Flying, Ghost, Ice<br \/><span class=\"message-effect-resist\">Resistances<\/span>: Electric, Grass, Ground, Water<br \/><span class=\"message-effect-immune\">Immunities<\/span>: Fighting, Normal, Powder moves, Trapping<\/div>\n|c|\u2606aquiles meo|the shadow ball, if not kill, should have been super effective\n|\n|t:|1699655711\n|switch|p1a: Samurott|Samurott-Hisui, F, shiny|33\/100\n|move|p2a: Lucario|Bullet Punch|p1a: Samurott\n|-resisted|p1a: Samurott\n|-damage|p1a: Samurott|15\/100\n|\n|upkeep\n|turn|25\n|c|\u2606NewBreathOfDurian|I had no idea we could do that in the match lmfao\n|c|\u2606aquiles meo|what\n|c|\u2606aquiles meo|check weaknesses?\n|\n|t:|1699655735\n|move|p2a: Lucario|Bullet Punch|p1a: Samurott\n|-resisted|p1a: Samurott\n|-damage|p1a: Samurott|0 fnt\n|faint|p1a: Samurott\n|\n|upkeep\n|c|\u2606NewBreathOfDurian|Ye\n|\n|t:|1699655742\n|switch|p1a: Arcanine|Arcanine-Hisui, F, shiny|6\/100\n|turn|26\n|\n|t:|1699655752\n|move|p2a: Lucario|Aura Sphere|p1a: Arcanine\n|-supereffective|p1a: Arcanine\n|-damage|p1a: Arcanine|0 fnt\n|faint|p1a: Arcanine\n|\n|upkeep\n|\n|t:|1699655761\n|switch|p1a: Decidueye|Decidueye-Hisui, M, shiny|9\/100\n|turn|27\n|\n|t:|1699655768\n|move|p2a: Lucario|Bullet Punch|p1a: Decidueye\n|-damage|p1a: Decidueye|0 fnt\n|faint|p1a: Decidueye\n|\n|upkeep\n|c|\u2606NewBreathOfDurian|Gg\n|c|\u2606aquiles meo|my guy said R K O\n|\n|t:|1699655779\n|switch|p1a: Flutter Mane|Flutter Mane, shiny|16\/100\n|turn|28\n|c|\u2606aquiles meo|gg are you holding back\n|\n|t:|1699655785\n|move|p2a: Lucario|Bullet Punch|p1a: Flutter Mane\n|-supereffective|p1a: Flutter Mane\n|-damage|p1a: Flutter Mane|0 fnt\n|faint|p1a: Flutter Mane\n|-end|p1a: Flutter Mane|Protosynthesis|[silent]\n|\n|win|aquiles meo\n|raw|NewBreathOfDurian's rating: 1138 &rarr; <strong>1112<\/strong><br \/>(-26 for losing)\n|raw|aquiles meo's rating: 1121 &rarr; <strong>1147<\/strong><br \/>(+26 for winning)\n|c|\u2606NewBreathOfDurian|I'm not lol\n|c|\u2606aquiles meo|Damn good one\n","uploadtime":1699655800,"views":13,"p1id":"newbreathofdurian","p2id":"aquilesmeo","formatid":"gen9nationaldexubers","rating":1112,"private":0,"password":""}