{"id":"gen9nationaldexubers-2000406225","p1":"Mistery Gold","p2":"Arnaenaed \u223e","format":"[Gen 9] National Dex Ubers","log":"|j|\u2606Mistery Gold\n|j|\u2606Arnaenaed \u223e\n|t:|1701192131\n|gametype|singles\n|player|p1|Mistery Gold|tate|\n|player|p2|Arnaenaed \u223e|unknown|\n|teamsize|p1|6\n|teamsize|p2|6\n|gen|9\n|tier|[Gen 9] National Dex Ubers\n|rule|HP Percentage Mod: HP is shown in percentages\n|rule|Endless Battle Clause: Forcing endless battles is banned\n|rule|OHKO Clause: OHKO moves are banned\n|rule|Evasion Moves Clause: Evasion moves are banned\n|rule|Evasion Items Clause: Evasion items are banned\n|rule|Species Clause: Limit one of each Pok\u00e9mon\n|rule|Sleep Clause Mod: Limit one foe put to sleep\n|rule|Mega Rayquaza Clause: You cannot mega evolve Rayquaza\n|clearpoke\n|poke|p1|Mewtwo|\n|poke|p1|Zacian-*|\n|poke|p1|Arceus-Bug|\n|poke|p1|Naganadel|\n|poke|p1|Xerneas-*|\n|poke|p1|Kyogre|\n|poke|p2|Dondozo, F|\n|poke|p2|Clodsire, M|\n|poke|p2|Chansey, F|\n|poke|p2|Cresselia, F|\n|poke|p2|Garganacl, M|\n|poke|p2|Scizor, M|\n|teampreview\n|\n|t:|1701192153\n|start\n|switch|p1a: Naganadel|Naganadel|100\/100\n|switch|p2a: Chansey|Chansey, F|100\/100\n|turn|1\n|\n|t:|1701192160\n|move|p1a: Naganadel|Nasty Plot|p1a: Naganadel\n|-boost|p1a: Naganadel|spa|2\n|move|p2a: Chansey|Stealth Rock|p1a: Naganadel\n|-sidestart|p1: Mistery Gold|move: Stealth Rock\n|\n|upkeep\n|turn|2\n|\n|t:|1701192170\n|switch|p2a: Clodsire|Clodsire, M|100\/100\n|move|p1a: Naganadel|Nasty Plot|p1a: Naganadel\n|-boost|p1a: Naganadel|spa|2\n|\n|upkeep\n|turn|3\n|\n|t:|1701192192\n|move|p1a: Naganadel|Dragon Pulse|p2a: Clodsire\n|-damage|p2a: Clodsire|71\/100\n|-damage|p1a: Naganadel|91\/100|[from] item: Life Orb\n|move|p2a: Clodsire|Curse|p2a: Clodsire\n|-unboost|p2a: Clodsire|spe|1\n|-boost|p2a: Clodsire|atk|1\n|-boost|p2a: Clodsire|def|1\n|\n|upkeep\n|turn|4\n|\n|t:|1701192204\n|move|p1a: Naganadel|Dragon Pulse|p2a: Clodsire\n|-damage|p2a: Clodsire|39\/100\n|-damage|p1a: Naganadel|81\/100|[from] item: Life Orb\n|move|p2a: Clodsire|Amnesia|p2a: Clodsire\n|-boost|p2a: Clodsire|spd|2\n|\n|upkeep\n|turn|5\n|j| s.daninja\n|\n|t:|1701192210\n|move|p1a: Naganadel|Air Slash|p2a: Clodsire\n|-damage|p2a: Clodsire|31\/100\n|-damage|p1a: Naganadel|71\/100|[from] item: Life Orb\n|move|p2a: Clodsire|Recover|p2a: Clodsire\n|-heal|p2a: Clodsire|81\/100\n|\n|upkeep\n|turn|6\n|\n|t:|1701192217\n|switch|p1a: Arceus|Arceus-Bug|100\/100\n|-damage|p1a: Arceus|76\/100|[from] Stealth Rock\n|move|p2a: Clodsire|Curse|p2a: Clodsire\n|-unboost|p2a: Clodsire|spe|1\n|-boost|p2a: Clodsire|atk|1\n|-boost|p2a: Clodsire|def|1\n|\n|upkeep\n|turn|7\n|c| s.daninja|Uuuu\n|\n|t:|1701192227\n|move|p1a: Arceus|Dragon Dance|p1a: Arceus\n|-boost|p1a: Arceus|atk|1\n|-boost|p1a: Arceus|spe|1\n|move|p2a: Clodsire|Curse|p2a: Clodsire\n|-unboost|p2a: Clodsire|spe|1\n|-boost|p2a: Clodsire|atk|1\n|-boost|p2a: Clodsire|def|1\n|\n|upkeep\n|turn|8\n|c|\u2606Mistery Gold|Ptm arnau\n|c|\u2606Arnaenaed \u223e|que\n|c|\u2606Arnaenaed \u223e|ataca\n|c|\u2606Mistery Gold|Porque te bosteas tanto XD\n|\n|t:|1701192249\n|move|p1a: Arceus|Dragon Dance|p1a: Arceus\n|-boost|p1a: Arceus|atk|1\n|-boost|p1a: Arceus|spe|1\n|move|p2a: Clodsire|Curse|p2a: Clodsire\n|-unboost|p2a: Clodsire|spe|1\n|-boost|p2a: Clodsire|atk|1\n|-boost|p2a: Clodsire|def|1\n|\n|upkeep\n|turn|9\n|c|\u2606Arnaenaed \u223e|nose\n|c|\u2606Arnaenaed \u223e|tu?\n|c|\u2606Arnaenaed \u223e|te lo deberia preguna yo xd\n|c|\u2606Mistery Gold|Jajaja\n|\n|t:|1701192267\n|move|p1a: Arceus|Dragon Dance|p1a: Arceus\n|-boost|p1a: Arceus|atk|1\n|-boost|p1a: Arceus|spe|1\n|move|p2a: Clodsire|Earthquake|p1a: Arceus\n|-resisted|p1a: Arceus\n|-damage|p1a: Arceus|47\/100\n|\n|upkeep\n|turn|10\n|c| s.daninja|Gold no sabe de unaware arnau\n|l| s.daninja\n|\n|t:|1701192274\n|move|p1a: Arceus|Earthquake|p2a: Clodsire\n|-supereffective|p2a: Clodsire\n|-damage|p2a: Clodsire|55\/100\n|move|p2a: Clodsire|Curse|p2a: Clodsire\n|-unboost|p2a: Clodsire|spe|1\n|-boost|p2a: Clodsire|atk|1\n|-boost|p2a: Clodsire|def|1\n|\n|upkeep\n|turn|11\n|\n|t:|1701192295\n|move|p1a: Arceus|Dragon Dance|p1a: Arceus\n|-boost|p1a: Arceus|atk|1\n|-boost|p1a: Arceus|spe|1\n|move|p2a: Clodsire|Recover|p2a: Clodsire\n|-heal|p2a: Clodsire|100\/100\n|\n|upkeep\n|turn|12\n|\n|t:|1701192301\n|move|p1a: Arceus|Dragon Dance|p1a: Arceus\n|-boost|p1a: Arceus|atk|1\n|-boost|p1a: Arceus|spe|1\n|move|p2a: Clodsire|Curse|p2a: Clodsire\n|-unboost|p2a: Clodsire|spe|1\n|-boost|p2a: Clodsire|atk|1\n|-boost|p2a: Clodsire|def|1\n|\n|upkeep\n|turn|13\n|\n|t:|1701192307\n|move|p1a: Arceus|Dragon Dance|p1a: Arceus\n|-boost|p1a: Arceus|atk|1\n|-boost|p1a: Arceus|spe|1\n|move|p2a: Clodsire|Earthquake|p1a: Arceus\n|-resisted|p1a: Arceus\n|-damage|p1a: Arceus|4\/100\n|\n|upkeep\n|turn|14\n|\n|t:|1701192310\n|move|p1a: Arceus|Earthquake|p2a: Clodsire\n|-supereffective|p2a: Clodsire\n|-damage|p2a: Clodsire|80\/100\n|move|p2a: Clodsire|Earthquake|p1a: Arceus\n|-resisted|p1a: Arceus\n|-damage|p1a: Arceus|0 fnt\n|faint|p1a: Arceus\n|\n|upkeep\n|\n|t:|1701192321\n|switch|p1a: Kyogre|Kyogre|100\/100\n|-damage|p1a: Kyogre|88\/100|[from] Stealth Rock\n|detailschange|p1a: Kyogre|Kyogre-Primal\n|-primal|p1a: Kyogre|Blue Orb\n|-weather|PrimordialSea|[from] ability: Primordial Sea|[of] p1a: Kyogre\n|turn|15\n|\n|t:|1701192333\n|-terastallize|p2a: Clodsire|Dark\n|move|p1a: Kyogre|Water Spout|p2a: Clodsire\n|-damage|p2a: Clodsire|41\/100\n|move|p2a: Clodsire|Earthquake|p1a: Kyogre\n|-damage|p1a: Kyogre|0 fnt\n|faint|p1a: Kyogre\n|-weather|none\n|\n|upkeep\n|\n|t:|1701192341\n|switch|p1a: Mewtwo|Mewtwo|100\/100\n|-damage|p1a: Mewtwo|88\/100|[from] Stealth Rock\n|-ability|p1a: Mewtwo|Pressure\n|turn|16\n|\n|t:|1701192346\n|detailschange|p1a: Mewtwo|Mewtwo-Mega-X\n|-mega|p1a: Mewtwo|Mewtwo|Mewtwonite X\n|move|p1a: Mewtwo|Power-Up Punch|p2a: Clodsire\n|-supereffective|p2a: Clodsire\n|-damage|p2a: Clodsire|25\/100\n|-boost|p1a: Mewtwo|atk|1\n|move|p2a: Clodsire|Recover|p2a: Clodsire\n|-heal|p2a: Clodsire|75\/100\n|\n|upkeep\n|turn|17\n|\n|t:|1701192352\n|move|p1a: Mewtwo|Power-Up Punch|p2a: Clodsire\n|-supereffective|p2a: Clodsire\n|-damage|p2a: Clodsire|59\/100\n|-boost|p1a: Mewtwo|atk|1\n|move|p2a: Clodsire|Earthquake|p1a: Mewtwo\n|-damage|p1a: Mewtwo|0 fnt\n|faint|p1a: Mewtwo\n|\n|upkeep\n|\n|t:|1701192362\n|switch|p1a: Xerneas|Xerneas|100\/100\n|-damage|p1a: Xerneas|88\/100|[from] Stealth Rock\n|-ability|p1a: Xerneas|Fairy Aura\n|turn|18\n|\n|t:|1701192365\n|move|p1a: Xerneas|Geomancy||[still]\n|-prepare|p1a: Xerneas|Geomancy\n|-enditem|p1a: Xerneas|Power Herb\n|-anim|p1a: Xerneas|Geomancy|p1a: Xerneas\n|-boost|p1a: Xerneas|spa|2\n|-boost|p1a: Xerneas|spd|2\n|-boost|p1a: Xerneas|spe|2\n|move|p2a: Clodsire|Earthquake|p1a: Xerneas\n|-damage|p1a: Xerneas|0 fnt\n|faint|p1a: Xerneas\n|\n|upkeep\n|\n|t:|1701192370\n|switch|p1a: Zacian|Zacian-Crowned|100\/100\n|-damage|p1a: Zacian|94\/100|[from] Stealth Rock\n|-ability|p1a: Zacian|Intrepid Sword|boost\n|-boost|p1a: Zacian|atk|1\n|turn|19\n|\n|t:|1701192374\n|-terastallize|p1a: Zacian|Fairy\n|move|p1a: Zacian|Play Rough|p2a: Clodsire\n|-supereffective|p2a: Clodsire\n|-damage|p2a: Clodsire|18\/100\n|move|p2a: Clodsire|Earthquake|p1a: Zacian\n|-damage|p1a: Zacian|0 fnt\n|faint|p1a: Zacian\n|\n|upkeep\n|\n|t:|1701192379\n|switch|p1a: Naganadel|Naganadel|71\/100\n|-damage|p1a: Naganadel|59\/100|[from] Stealth Rock\n|turn|20\n|\n|t:|1701192387\n|move|p1a: Naganadel|Dragon Pulse|p2a: Clodsire\n|-damage|p2a: Clodsire|2\/100\n|-damage|p1a: Naganadel|49\/100|[from] item: Life Orb\n|move|p2a: Clodsire|Recover|p2a: Clodsire\n|-heal|p2a: Clodsire|52\/100\n|\n|upkeep\n|turn|21\n|\n|t:|1701192392\n|move|p1a: Naganadel|Air Slash|p2a: Clodsire\n|-damage|p2a: Clodsire|43\/100\n|-damage|p1a: Naganadel|40\/100|[from] item: Life Orb\n|cant|p2a: Clodsire|flinch\n|\n|upkeep\n|turn|22\n|\n|t:|1701192397\n|move|p1a: Naganadel|Air Slash|p2a: Clodsire\n|-damage|p2a: Clodsire|34\/100\n|-damage|p1a: Naganadel|30\/100|[from] item: Life Orb\n|move|p2a: Clodsire|Recover|p2a: Clodsire\n|-heal|p2a: Clodsire|84\/100\n|\n|upkeep\n|turn|23\n|\n|t:|1701192405\n|move|p1a: Naganadel|Air Slash|p2a: Clodsire\n|-damage|p2a: Clodsire|74\/100\n|-damage|p1a: Naganadel|20\/100|[from] item: Life Orb\n|cant|p2a: Clodsire|flinch\n|\n|upkeep\n|turn|24\n|\n|t:|1701192412\n|move|p1a: Naganadel|Air Slash|p2a: Clodsire\n|-damage|p2a: Clodsire|65\/100\n|-damage|p1a: Naganadel|10\/100|[from] item: Life Orb\n|move|p2a: Clodsire|Recover|p2a: Clodsire\n|-heal|p2a: Clodsire|100\/100\n|\n|upkeep\n|turn|25\n|c|\u2606Mistery Gold|Me voy a automatar XD\n|\n|t:|1701192422\n|move|p1a: Naganadel|Air Slash|p2a: Clodsire\n|-damage|p2a: Clodsire|92\/100\n|-damage|p1a: Naganadel|0 fnt|[from] item: Life Orb\n|faint|p1a: Naganadel\n|\n|win|Arnaenaed \u223e\n|c|\u2606Arnaenaed \u223e|puede ser\n|c|\u2606Mistery Gold|Me automate\n","uploadtime":1701192477,"views":1,"p1id":"misterygold","p2id":"arnaenaed","formatid":"gen9nationaldexubers","rating":0,"private":0,"password":""}