{"id":"gen9nationaldexubers-1993755643","p1":"85792195wwww","p2":"UnderAlias_","format":"[Gen 9] National Dex Ubers","log":"|j|\u260685792195wwww\n|j|\u2606UnderAlias_\n|t:|1700353450\n|gametype|singles\n|player|p1|85792195wwww|mira|1622\n|player|p2|UnderAlias_|266|1553\n|teamsize|p1|6\n|teamsize|p2|6\n|gen|9\n|tier|[Gen 9] National Dex Ubers\n|rated|\n|rule|HP Percentage Mod: HP is shown in percentages\n|rule|Endless Battle Clause: Forcing endless battles is banned\n|rule|OHKO Clause: OHKO moves are banned\n|rule|Evasion Moves Clause: Evasion moves are banned\n|rule|Evasion Items Clause: Evasion items are banned\n|rule|Species Clause: Limit one of each Pok\u00e9mon\n|rule|Sleep Clause Mod: Limit one foe put to sleep\n|rule|Mega Rayquaza Clause: You cannot mega evolve Rayquaza\n|clearpoke\n|poke|p1|Arceus|\n|poke|p1|Marshadow|\n|poke|p1|Xerneas-*|\n|poke|p1|Mewtwo|\n|poke|p1|Krookodile, F|\n|poke|p1|Groudon|\n|poke|p2|Marshadow|\n|poke|p2|Xerneas-*|\n|poke|p2|Zygarde|\n|poke|p2|Blaziken, F|\n|poke|p2|Blastoise, M|\n|poke|p2|Kyogre|\n|teampreview\n|\n|t:|1700353473\n|start\n|switch|p1a: Xerneas|Xerneas|100\/100\n|switch|p2a: Blastoise|Blastoise, M|100\/100\n|-ability|p1a: Xerneas|Fairy Aura\n|turn|1\n|\n|t:|1700353486\n|detailschange|p2a: Blastoise|Blastoise-Mega, M\n|-mega|p2a: Blastoise|Blastoise|Blastoisinite\n|move|p2a: Blastoise|Water Pulse|p1a: Xerneas\n|-damage|p1a: Xerneas|57\/100\n|move|p1a: Xerneas|Geomancy||[still]\n|-prepare|p1a: Xerneas|Geomancy\n|-enditem|p1a: Xerneas|Power Herb\n|-anim|p1a: Xerneas|Geomancy|p1a: Xerneas\n|-boost|p1a: Xerneas|spa|2\n|-boost|p1a: Xerneas|spd|2\n|-boost|p1a: Xerneas|spe|2\n|\n|upkeep\n|turn|2\n|\n|t:|1700353500\n|move|p1a: Xerneas|Grass Knot|p2a: Blastoise\n|-supereffective|p2a: Blastoise\n|-damage|p2a: Blastoise|0 fnt\n|faint|p2a: Blastoise\n|\n|upkeep\n|\n|t:|1700353508\n|switch|p2a: Zygarde|Zygarde|100\/100\n|turn|3\n|\n|t:|1700353512\n|move|p1a: Xerneas|Moonblast|p2a: Zygarde\n|-supereffective|p2a: Zygarde\n|-damage|p2a: Zygarde|0 fnt\n|faint|p2a: Zygarde\n|\n|upkeep\n|\n|t:|1700353518\n|switch|p2a: Marshadow|Marshadow|100\/100\n|turn|4\n|\n|t:|1700353521\n|move|p1a: Xerneas|Moonblast|p2a: Marshadow\n|-supereffective|p2a: Marshadow\n|-enditem|p2a: Marshadow|Focus Sash\n|-damage|p2a: Marshadow|1\/100\n|move|p2a: Marshadow|Spectral Thief||[still]\n|-clearpositiveboost|p1a: Xerneas|p2a: Marshadow|move: Spectral Thief\n|-boost|p2a: Marshadow|spa|2\n|-boost|p2a: Marshadow|spd|2\n|-boost|p2a: Marshadow|spe|2\n|-anim|p2a: Marshadow|Spectral Thief|p1a: Xerneas\n|-damage|p1a: Xerneas|23\/100\n|\n|upkeep\n|turn|5\n|j| cheese miestro\n|\n|t:|1700353535\n|move|p2a: Marshadow|Spectral Thief|p1a: Xerneas\n|-damage|p1a: Xerneas|0 fnt\n|faint|p1a: Xerneas\n|\n|upkeep\n|\n|t:|1700353542\n|switch|p1a: Krookodile|Krookodile, F|100\/100\n|-ability|p1a: Krookodile|Intimidate|boost\n|-unboost|p2a: Marshadow|atk|1\n|turn|6\n|\n|t:|1700353547\n|move|p2a: Marshadow|Drain Punch|p1a: Krookodile\n|-supereffective|p1a: Krookodile\n|-damage|p1a: Krookodile|37\/100\n|-heal|p2a: Marshadow|34\/100|[from] drain|[of] p1a: Krookodile\n|move|p1a: Krookodile|Stealth Rock|p2a: Marshadow\n|-sidestart|p2: UnderAlias_|move: Stealth Rock\n|\n|upkeep\n|turn|7\n|\n|t:|1700353559\n|move|p2a: Marshadow|Drain Punch|p1a: Krookodile\n|-supereffective|p1a: Krookodile\n|-damage|p1a: Krookodile|0 fnt\n|-heal|p2a: Marshadow|53\/100|[from] drain|[of] p1a: Krookodile\n|faint|p1a: Krookodile\n|\n|upkeep\n|\n|t:|1700353566\n|switch|p1a: Mewtwo|Mewtwo|100\/100\n|-ability|p1a: Mewtwo|Pressure\n|turn|8\n|\n|t:|1700353572\n|move|p2a: Marshadow|Shadow Sneak|p1a: Mewtwo\n|-supereffective|p1a: Mewtwo\n|-crit|p1a: Mewtwo\n|-damage|p1a: Mewtwo|13\/100\n|move|p1a: Mewtwo|Psystrike|p2a: Marshadow\n|-supereffective|p2a: Marshadow\n|-damage|p2a: Marshadow|0 fnt\n|faint|p2a: Marshadow\n|\n|upkeep\n|\n|t:|1700353582\n|switch|p2a: Xerneas|Xerneas|100\/100\n|-damage|p2a: Xerneas|88\/100|[from] Stealth Rock\n|-ability|p2a: Xerneas|Fairy Aura\n|turn|9\n|\n|t:|1700353589\n|detailschange|p1a: Mewtwo|Mewtwo-Mega-Y\n|-mega|p1a: Mewtwo|Mewtwo|Mewtwonite Y\n|move|p1a: Mewtwo|Psystrike|p2a: Xerneas\n|-damage|p2a: Xerneas|31\/100\n|-zpower|p2a: Xerneas\n|move|p2a: Xerneas|Z-Geomancy||[anim]Geomancy|[still]\n|-boost|p2a: Xerneas|atk|1|[zeffect]\n|-boost|p2a: Xerneas|def|1|[zeffect]\n|-boost|p2a: Xerneas|spa|1|[zeffect]\n|-boost|p2a: Xerneas|spd|1|[zeffect]\n|-boost|p2a: Xerneas|spe|1|[zeffect]\n|-prepare|p2a: Xerneas|Geomancy\n|\n|upkeep\n|turn|10\n|\n|t:|1700353601\n|move|p1a: Mewtwo|Psystrike|p2a: Xerneas\n|-damage|p2a: Xerneas|0 fnt\n|faint|p2a: Xerneas\n|\n|upkeep\n|\n|t:|1700353614\n|switch|p2a: Blaziken|Blaziken, F|100\/100\n|-damage|p2a: Blaziken|88\/100|[from] Stealth Rock\n|turn|11\n|\n|t:|1700353621\n|move|p1a: Mewtwo|Psystrike|p2a: Blaziken\n|-supereffective|p2a: Blaziken\n|-damage|p2a: Blaziken|0 fnt\n|faint|p2a: Blaziken\n|\n|upkeep\n|\n|t:|1700353625\n|switch|p2a: Kyogre|Kyogre|100\/100\n|-damage|p2a: Kyogre|88\/100|[from] Stealth Rock\n|-weather|RainDance|[from] ability: Drizzle|[of] p2a: Kyogre\n|turn|12\n|\n|t:|1700353635\n|move|p2a: Kyogre|Water Spout|p1a: Mewtwo\n|-damage|p1a: Mewtwo|0 fnt\n|faint|p1a: Mewtwo\n|\n|-weather|RainDance|[upkeep]\n|upkeep\n|-message|UnderAlias_ forfeited.\n|\n|win|85792195wwww\n|raw|85792195wwww's rating: 1622 &rarr; <strong>1638<\/strong><br \/>(+16 for winning)\n|raw|UnderAlias_'s rating: 1553 &rarr; <strong>1537<\/strong><br \/>(-16 for losing)\n","uploadtime":1700353645,"views":6,"p1id":"85792195wwww","p2id":"underalias","formatid":"gen9nationaldexubers","rating":1537,"private":0,"password":""}