{"id":"gen9nationaldexubers-1984260474","p1":"Ghjhfgj","p2":"realjumpman","format":"[Gen 9] National Dex Ubers","log":"|j|\u2606Ghjhfgj\n|j|\u2606realjumpman\n|t:|1699236126\n|gametype|singles\n|player|p1|Ghjhfgj|101|1000\n|player|p2|realjumpman|hilbert|1043\n|teamsize|p1|6\n|teamsize|p2|6\n|gen|9\n|tier|[Gen 9] National Dex Ubers\n|rated|\n|rule|HP Percentage Mod: HP is shown in percentages\n|rule|Endless Battle Clause: Forcing endless battles is banned\n|rule|OHKO Clause: OHKO moves are banned\n|rule|Evasion Moves Clause: Evasion moves are banned\n|rule|Evasion Items Clause: Evasion items are banned\n|rule|Species Clause: Limit one of each Pok\u00e9mon\n|rule|Sleep Clause Mod: Limit one foe put to sleep\n|rule|Mega Rayquaza Clause: You cannot mega evolve Rayquaza\n|clearpoke\n|poke|p1|Incineroar, M|\n|poke|p1|Torterra, M|\n|poke|p1|Smeargle, F|\n|poke|p1|Magnezone|\n|poke|p1|Alakazam, M|\n|poke|p1|Quaquaval, M|\n|poke|p2|Arceus|\n|poke|p2|Yveltal|\n|poke|p2|Zacian-*|\n|poke|p2|Groudon|\n|poke|p2|Xerneas-*|\n|poke|p2|Necrozma-Dusk-Mane|\n|teampreview\n|inactive|Battle timer is ON: inactive players will automatically lose when time's up. (requested by Ghjhfgj)\n|\n|t:|1699236139\n|start\n|switch|p1a: Smeargle|Smeargle, F|100\/100\n|switch|p2a: Necrozma|Necrozma-Dusk-Mane|100\/100\n|turn|1\n|\n|t:|1699236150\n|move|p1a: Smeargle|Spore|p2a: Necrozma\n|-status|p2a: Necrozma|slp|[from] move: Spore\n|cant|p2a: Necrozma|slp\n|\n|upkeep\n|turn|2\n|\n|t:|1699236164\n|switch|p2a: Zacian|Zacian-Crowned|100\/100\n|-ability|p2a: Zacian|Intrepid Sword|boost\n|-boost|p2a: Zacian|atk|1\n|move|p1a: Smeargle|Sticky Web|p2a: Zacian\n|-sidestart|p2: realjumpman|move: Sticky Web\n|\n|upkeep\n|turn|3\n|\n|t:|1699236175\n|move|p2a: Zacian|Sacred Sword|p1a: Smeargle\n|-supereffective|p1a: Smeargle\n|-enditem|p1a: Smeargle|Focus Sash\n|-damage|p1a: Smeargle|1\/100\n|move|p1a: Smeargle|Whirlwind|p2a: Zacian\n|drag|p2a: Groudon|Groudon|100\/100\n|-activate|p2a: Groudon|move: Sticky Web\n|-unboost|p2a: Groudon|spe|1\n|detailschange|p2a: Groudon|Groudon-Primal\n|-primal|p2a: Groudon|Red Orb\n|-weather|DesolateLand|[from] ability: Desolate Land|[of] p2a: Groudon\n|\n|-weather|DesolateLand|[upkeep]\n|upkeep\n|turn|4\n|\n|t:|1699236187\n|move|p2a: Groudon|Stealth Rock|p1a: Smeargle\n|-sidestart|p1: Ghjhfgj|move: Stealth Rock\n|move|p1a: Smeargle|Whirlwind|p2a: Groudon\n|-weather|none\n|drag|p2a: Arceus|Arceus|100\/100\n|-activate|p2a: Arceus|move: Sticky Web\n|-unboost|p2a: Arceus|spe|1\n|\n|upkeep\n|turn|5\n|\n|t:|1699236195\n|move|p2a: Arceus|Extreme Speed|p1a: Smeargle\n|-damage|p1a: Smeargle|0 fnt\n|faint|p1a: Smeargle\n|\n|upkeep\n|\n|t:|1699236203\n|switch|p1a: Quaquaval|Quaquaval, M|100\/100\n|-damage|p1a: Quaquaval|94\/100|[from] Stealth Rock\n|turn|6\n|inactive|realjumpman has 120 seconds left.\n|\n|t:|1699236235\n|switch|p2a: Zacian|Zacian-Crowned|100\/100\n|-activate|p2a: Zacian|move: Sticky Web\n|-unboost|p2a: Zacian|spe|1\n|move|p1a: Quaquaval|Brick Break|p2a: Zacian\n|-damage|p2a: Zacian|63\/100\n|\n|upkeep\n|turn|7\n|inactive|realjumpman has 120 seconds left.\n|\n|t:|1699236247\n|move|p1a: Quaquaval|Aqua Step|p2a: Zacian\n|-damage|p2a: Zacian|20\/100\n|-boost|p1a: Quaquaval|spe|1\n|move|p2a: Zacian|Play Rough|p1a: Quaquaval\n|-supereffective|p1a: Quaquaval\n|-damage|p1a: Quaquaval|0 fnt\n|faint|p1a: Quaquaval\n|\n|upkeep\n|-message|Ghjhfgj forfeited.\n|\n|win|realjumpman\n|raw|Ghjhfgj's rating: 1000 &rarr; <strong>1000<\/strong><br \/>(+0 for losing)\n|raw|realjumpman's rating: 1043 &rarr; <strong>1072<\/strong><br \/>(+29 for winning)\n|l|\u2606Ghjhfgj\n|c|\u2606realjumpman|???\n","uploadtime":1699236261,"views":5,"p1id":"ghjhfgj","p2id":"realjumpman","formatid":"gen9nationaldexubers","rating":1000,"private":0,"password":""}