{"id":"gen9nationaldexubers-1996341252","p1":"asusnub","p2":"Naryisthebest","format":"[Gen 9] National Dex Ubers","log":"|j|\u2606asusnub\n|j|\u2606Naryisthebest\n|t:|1700672840\n|gametype|singles\n|player|p1|asusnub|266|1081\n|player|p2|Naryisthebest|1|1013\n|teamsize|p1|6\n|teamsize|p2|6\n|gen|9\n|tier|[Gen 9] National Dex Ubers\n|rated|\n|rule|HP Percentage Mod: HP is shown in percentages\n|rule|Endless Battle Clause: Forcing endless battles is banned\n|rule|OHKO Clause: OHKO moves are banned\n|rule|Evasion Moves Clause: Evasion moves are banned\n|rule|Evasion Items Clause: Evasion items are banned\n|rule|Species Clause: Limit one of each Pok\u00e9mon\n|rule|Sleep Clause Mod: Limit one foe put to sleep\n|rule|Mega Rayquaza Clause: You cannot mega evolve Rayquaza\n|clearpoke\n|poke|p1|Typhlosion, F|\n|poke|p1|Ferrothorn, M|\n|poke|p1|Annihilape, M|\n|poke|p1|Toxapex, F|\n|poke|p1|Gliscor, F|\n|poke|p1|Chien-Pao|\n|poke|p2|Mienshao, F|\n|poke|p2|Greedent, F|\n|poke|p2|Kingambit, M|\n|poke|p2|Eternatus|\n|poke|p2|Slowbro, F|\n|poke|p2|Mewtwo|\n|teampreview\n|\n|t:|1700672852\n|start\n|switch|p1a: Ferrothorn|Ferrothorn, M, shiny|100\/100\n|switch|p2a: Slowbro|Slowbro, F|100\/100\n|turn|1\n|\n|t:|1700672865\n|switch|p2a: Kingambit|Kingambit, M|100\/100\n|move|p1a: Ferrothorn|Leech Seed|p2a: Kingambit|[miss]\n|-miss|p1a: Ferrothorn|p2a: Kingambit\n|\n|upkeep\n|turn|2\n|inactive|Battle timer is ON: inactive players will automatically lose when time's up. (requested by asusnub)\n|\n|t:|1700672881\n|-end|p2a: Kingambit|fallenundefined|[silent]\n|switch|p2a: Eternatus|Eternatus|100\/100\n|-ability|p2a: Eternatus|Pressure\n|move|p1a: Ferrothorn|Protect||[still]\n|-fail|p1a: Ferrothorn\n|\n|upkeep\n|turn|3\n|\n|t:|1700672902\n|move|p1a: Ferrothorn|Protect|p1a: Ferrothorn\n|-singleturn|p1a: Ferrothorn|Protect\n|move|p2a: Eternatus|Flamethrower|p1a: Ferrothorn\n|-activate|p1a: Ferrothorn|move: Protect\n|\n|upkeep\n|turn|4\n|\n|t:|1700672910\n|switch|p1a: Canada|Typhlosion, F|100\/100\n|move|p2a: Eternatus|Flamethrower|p1a: Canada\n|-start|p1a: Canada|ability: Flash Fire\n|\n|upkeep\n|turn|5\n|\n|t:|1700672918\n|move|p1a: Canada|Focus Blast|p2a: Eternatus|[miss]\n|-miss|p1a: Canada|p2a: Eternatus\n|move|p2a: Eternatus|Dynamax Cannon|p1a: Canada\n|-damage|p1a: Canada|16\/100\n|\n|upkeep\n|turn|6\n|\n|t:|1700672945\n|-end|p1a: Canada|ability: Flash Fire|[silent]\n|switch|p1a: Toxapex|Toxapex, F, shiny|100\/100\n|move|p2a: Eternatus|Dynamax Cannon|p1a: Toxapex\n|-damage|p1a: Toxapex|62\/100\n|\n|-heal|p1a: Toxapex|68\/100|[from] item: Black Sludge\n|upkeep\n|turn|7\n|inactive|Naryisthebest has 120 seconds left.\n|\n|t:|1700672961\n|switch|p2a: Greedent|Greedent, F|100\/100\n|move|p1a: Toxapex|Baneful Bunker||[still]\n|-fail|p1a: Toxapex\n|\n|-heal|p1a: Toxapex|74\/100|[from] item: Black Sludge\n|upkeep\n|turn|8\n|inactive|Naryisthebest has 120 seconds left.\n|\n|t:|1700672977\n|move|p1a: Toxapex|Toxic Spikes|p2a: Greedent\n|-sidestart|p2: Naryisthebest|move: Toxic Spikes\n|move|p2a: Greedent|Earthquake|p1a: Toxapex\n|-supereffective|p1a: Toxapex\n|-damage|p1a: Toxapex|24\/100\n|\n|-heal|p1a: Toxapex|30\/100|[from] item: Black Sludge\n|upkeep\n|turn|9\n|\n|t:|1700672991\n|switch|p1a: Gliscor|Gliscor, F|100\/100\n|move|p2a: Greedent|Earthquake|p1a: Gliscor\n|-immune|p1a: Gliscor\n|\n|-status|p1a: Gliscor|tox|[from] item: Toxic Orb\n|upkeep\n|turn|10\n|\n|t:|1700673007\n|move|p1a: Gliscor|Fling|p2a: Greedent\n|-damage|p2a: Greedent|95\/100\n|-status|p2a: Greedent|tox\n|-enditem|p1a: Gliscor|Toxic Orb|[from] move: Fling\n|move|p2a: Greedent|Bullet Seed|p1a: Gliscor\n|-damage|p1a: Gliscor|95\/100 tox\n|-damage|p1a: Gliscor|90\/100 tox\n|-hitcount|p1a: Gliscor|2\n|\n|-heal|p1a: Gliscor|100\/100 tox|[from] ability: Poison Heal\n|-damage|p2a: Greedent|89\/100 tox|[from] psn\n|upkeep\n|turn|11\n|\n|t:|1700673022\n|switch|p1a: KFC|Annihilape, M|100\/100\n|switch|p2a: Kingambit|Kingambit, M|100\/100\n|\n|upkeep\n|turn|12\n|\n|t:|1700673037\n|switch|p1a: Ferrothorn|Ferrothorn, M, shiny|100\/100\n|-zpower|p2a: Kingambit\n|move|p2a: Kingambit|Corkscrew Crash|p1a: Ferrothorn|[zeffect]\n|-resisted|p1a: Ferrothorn\n|-damage|p1a: Ferrothorn|75\/100\n|\n|upkeep\n|turn|13\n|\n|t:|1700673049\n|move|p2a: Kingambit|Poison Jab|p1a: Ferrothorn\n|-immune|p1a: Ferrothorn\n|move|p1a: Ferrothorn|Leech Seed|p2a: Kingambit\n|-start|p2a: Kingambit|move: Leech Seed\n|\n|-damage|p2a: Kingambit|88\/100|[from] Leech Seed|[of] p1a: Ferrothorn\n|-heal|p1a: Ferrothorn|90\/100|[silent]\n|upkeep\n|turn|14\n|inactive|asusnub has 120 seconds left.\n|inactive|asusnub has 90 seconds left.\n|\n|t:|1700673109\n|-end|p2a: Kingambit|fallenundefined|[silent]\n|switch|p2a: Mewtwo|Mewtwo|100\/100\n|-status|p2a: Mewtwo|psn\n|-ability|p2a: Mewtwo|Pressure\n|move|p1a: Ferrothorn|Protect||[still]\n|-fail|p1a: Ferrothorn\n|\n|-damage|p2a: Mewtwo|88\/100 psn|[from] psn\n|upkeep\n|turn|15\n|\n|t:|1700673125\n|detailschange|p2a: Mewtwo|Mewtwo-Mega-X\n|-mega|p2a: Mewtwo|Mewtwo|Mewtwonite X\n|move|p1a: Ferrothorn|Protect|p1a: Ferrothorn\n|-singleturn|p1a: Ferrothorn|Protect\n|move|p2a: Mewtwo|Psystrike|p1a: Ferrothorn\n|-activate|p1a: Ferrothorn|move: Protect\n|\n|-damage|p2a: Mewtwo|76\/100 psn|[from] psn\n|upkeep\n|turn|16\n|\n|t:|1700673144\n|move|p2a: Mewtwo|Shadow Ball|p1a: Ferrothorn\n|-damage|p1a: Ferrothorn|64\/100\n|move|p1a: Ferrothorn|Gyro Ball|p2a: Mewtwo\n|-damage|p2a: Mewtwo|25\/100 psn\n|\n|-damage|p2a: Mewtwo|12\/100 psn|[from] psn\n|upkeep\n|turn|17\n|-message|Naryisthebest forfeited.\n|\n|win|asusnub\n|raw|asusnub's rating: 1081 &rarr; <strong>1103<\/strong><br \/>(+22 for winning)\n|raw|Naryisthebest's rating: 1013 &rarr; <strong>1003<\/strong><br \/>(-10 for losing)\n|l|\u2606Naryisthebest\n","uploadtime":1700673340,"views":0,"p1id":"asusnub","p2id":"naryisthebest","formatid":"gen9nationaldexubers","rating":1003,"private":0,"password":""}