{"id":"gen9nationaldexubers-1998121680","p1":"ib71","p2":"WehateJustinRPG","format":"[Gen 9] National Dex Ubers","log":"|j|\u2606ib71\n|j|\u2606WehateJustinRPG\n|t:|1700895225\n|gametype|singles\n|player|p1|ib71|steven|1108\n|player|p2|WehateJustinRPG|unknown|1073\n|teamsize|p1|6\n|teamsize|p2|6\n|gen|9\n|tier|[Gen 9] National Dex Ubers\n|rated|\n|rule|HP Percentage Mod: HP is shown in percentages\n|rule|Endless Battle Clause: Forcing endless battles is banned\n|rule|OHKO Clause: OHKO moves are banned\n|rule|Evasion Moves Clause: Evasion moves are banned\n|rule|Evasion Items Clause: Evasion items are banned\n|rule|Species Clause: Limit one of each Pok\u00e9mon\n|rule|Sleep Clause Mod: Limit one foe put to sleep\n|rule|Mega Rayquaza Clause: You cannot mega evolve Rayquaza\n|clearpoke\n|poke|p1|Sceptile, F|\n|poke|p1|Zarude|\n|poke|p1|Kartana|\n|poke|p1|Virizion|\n|poke|p1|Celebi|\n|poke|p1|Flapple, F|\n|poke|p2|Haxorus, M|\n|poke|p2|Aerodactyl, F|\n|poke|p2|Electrode|\n|poke|p2|Salamence, M|\n|poke|p2|Groudon|\n|poke|p2|Kyogre|\n|teampreview\n|inactive|Battle timer is ON: inactive players will automatically lose when time's up. (requested by ib71)\n|\n|t:|1700895235\n|start\n|switch|p1a: Sceptile|Sceptile, F|100\/100\n|switch|p2a: Aerodactyl|Aerodactyl, F|100\/100\n|-ability|p2a: Aerodactyl|Pressure\n|turn|1\n|\n|t:|1700895243\n|detailschange|p1a: Sceptile|Sceptile-Mega, F\n|-mega|p1a: Sceptile|Sceptile|Sceptilite\n|move|p2a: Aerodactyl|Taunt|p1a: Sceptile\n|-start|p1a: Sceptile|move: Taunt\n|cant|p1a: Sceptile|move: Taunt|Dragon Dance\n|\n|upkeep\n|turn|2\n|\n|t:|1700895249\n|move|p2a: Aerodactyl|Stealth Rock|p1a: Sceptile\n|-sidestart|p1: ib71|move: Stealth Rock\n|move|p1a: Sceptile|Outrage|p2a: Aerodactyl\n|-damage|p2a: Aerodactyl|39\/100\n|\n|upkeep\n|turn|3\n|\n|t:|1700895254\n|move|p2a: Aerodactyl|Tailwind|p2a: Aerodactyl\n|-sidestart|p2: WehateJustinRPG|move: Tailwind\n|move|p1a: Sceptile|Outrage|p2a: Aerodactyl|[from]lockedmove\n|-damage|p2a: Aerodactyl|0 fnt\n|faint|p2a: Aerodactyl\n|-start|p1a: Sceptile|confusion|[fatigue]\n|\n|-end|p1a: Sceptile|move: Taunt\n|upkeep\n|\n|t:|1700895263\n|switch|p2a: Napalm|Electrode|100\/100\n|turn|4\n|\n|t:|1700895268\n|move|p2a: Napalm|Taunt|p1a: Sceptile\n|-start|p1a: Sceptile|move: Taunt\n|cant|p1a: Sceptile|move: Taunt|Dragon Dance\n|\n|upkeep\n|turn|5\n|\n|t:|1700895273\n|move|p2a: Napalm|Reflect|p2a: Napalm\n|-sidestart|p2: WehateJustinRPG|Reflect\n|-activate|p1a: Sceptile|confusion\n|move|p1a: Sceptile|Earthquake|p2a: Napalm\n|-supereffective|p2a: Napalm\n|-damage|p2a: Napalm|62\/100\n|\n|upkeep\n|turn|6\n|\n|t:|1700895279\n|move|p2a: Napalm|Light Screen|p2a: Napalm\n|-sidestart|p2: WehateJustinRPG|move: Light Screen\n|-activate|p1a: Sceptile|confusion\n|move|p1a: Sceptile|Outrage|p2a: Napalm\n|-damage|p2a: Napalm|27\/100\n|\n|-end|p1a: Sceptile|move: Taunt\n|-sideend|p2: WehateJustinRPG|move: Tailwind\n|upkeep\n|turn|7\n|\n|t:|1700895285\n|move|p2a: Napalm|Taunt|p1a: Sceptile\n|-start|p1a: Sceptile|move: Taunt\n|-end|p1a: Sceptile|confusion\n|move|p1a: Sceptile|Outrage|p2a: Napalm|[from]lockedmove\n|-damage|p2a: Napalm|0 fnt\n|-damage|p1a: Sceptile|76\/100|[from] ability: Aftermath|[of] p2a: Napalm\n|faint|p2a: Napalm\n|-start|p1a: Sceptile|confusion|[fatigue]\n|\n|upkeep\n|\n|t:|1700895295\n|switch|p2a: Hulk|Haxorus, M|100\/100\n|-ability|p2a: Hulk|Mold Breaker\n|turn|8\n|c|\u2606ib71|to bau magyan mariba be sala\n|\n|t:|1700895310\n|-activate|p1a: Sceptile|confusion\n|move|p1a: Sceptile|Outrage|p2a: Hulk\n|-supereffective|p2a: Hulk\n|-damage|p2a: Hulk|42\/100\n|move|p2a: Hulk|Dragon Dance|p2a: Hulk\n|-boost|p2a: Hulk|atk|1\n|-boost|p2a: Hulk|spe|1\n|\n|upkeep\n|turn|9\n|\n|t:|1700895318\n|move|p2a: Hulk|Outrage|p1a: Sceptile\n|-supereffective|p1a: Sceptile\n|-damage|p1a: Sceptile|0 fnt\n|faint|p1a: Sceptile\n|\n|upkeep\n|\n|t:|1700895327\n|switch|p1a: Virizion|Virizion|100\/100\n|-damage|p1a: Virizion|94\/100|[from] Stealth Rock\n|turn|10\n|c|\u2606WehateJustinRPG|?\n|c|\u2606ib71|what\n|\n|t:|1700895344\n|move|p2a: Hulk|Outrage|p1a: Virizion|[from]lockedmove\n|-damage|p1a: Virizion|0 fnt\n|faint|p1a: Virizion\n|-start|p2a: Hulk|confusion|[fatigue]\n|\n|upkeep\n|c|\u2606WehateJustinRPG|What did u say\n|\n|t:|1700895353\n|switch|p1a: Flapple|Flapple, F|100\/100\n|-damage|p1a: Flapple|88\/100|[from] Stealth Rock\n|turn|11\n|\n|t:|1700895357\n|-activate|p2a: Hulk|confusion\n|move|p2a: Hulk|Poison Jab|p1a: Flapple\n|-supereffective|p1a: Flapple\n|-damage|p1a: Flapple|0 fnt\n|faint|p1a: Flapple\n|\n|upkeep\n|\n|t:|1700895361\n|switch|p1a: Zarude|Zarude|100\/100\n|-damage|p1a: Zarude|88\/100|[from] Stealth Rock\n|turn|12\n|\n|t:|1700895365\n|-end|p2a: Hulk|confusion\n|move|p2a: Hulk|Poison Jab|p1a: Zarude\n|-supereffective|p1a: Zarude\n|-damage|p1a: Zarude|6\/100\n|-status|p1a: Zarude|psn\n|-zpower|p1a: Zarude\n|move|p1a: Zarude|Bloom Doom|p2a: Hulk|[zeffect]\n|-resisted|p2a: Hulk\n|-damage|p2a: Hulk|16\/100\n|\n|-damage|p1a: Zarude|0 fnt|[from] psn\n|faint|p1a: Zarude\n|-sideend|p2: WehateJustinRPG|Reflect\n|upkeep\n|\n|t:|1700895376\n|switch|p1a: Kartana|Kartana|100\/100\n|-damage|p1a: Kartana|94\/100|[from] Stealth Rock\n|turn|13\n|\n|t:|1700895381\n|move|p2a: Hulk|Earthquake|p1a: Kartana\n|-damage|p1a: Kartana|41\/100\n|move|p1a: Kartana|Smart Strike|p2a: Hulk\n|-damage|p2a: Hulk|0 fnt\n|faint|p2a: Hulk\n|-ability|p1a: Kartana|Beast Boost|boost\n|-boost|p1a: Kartana|atk|1\n|\n|-sideend|p2: WehateJustinRPG|move: Light Screen\n|upkeep\n|\n|t:|1700895391\n|switch|p2a: Behemoth|Groudon|100\/100\n|detailschange|p2a: Behemoth|Groudon-Primal\n|-primal|p2a: Behemoth|Red Orb\n|-weather|DesolateLand|[from] ability: Desolate Land|[of] p2a: Behemoth\n|turn|14\n|c|\u2606ib71|to bau gandi re purai debi\n|c|\u2606WehateJustinRPG|?\n|\n|t:|1700895409\n|move|p1a: Kartana|Sacred Sword|p2a: Behemoth\n|-damage|p2a: Behemoth|63\/100\n|move|p2a: Behemoth|Precipice Blades|p1a: Kartana\n|-damage|p1a: Kartana|0 fnt\n|faint|p1a: Kartana\n|\n|-weather|DesolateLand|[upkeep]\n|upkeep\n|c|\u2606ib71|to bau doodh chati pi debi\n|inactive|ib71 has 120 seconds left.\n|c|\u2606WehateJustinRPG|?\n|c|\u2606ib71|ta gandim rampi debi\n|\n|t:|1700895446\n|switch|p1a: Celebi|Celebi|100\/100\n|-damage|p1a: Celebi|88\/100|[from] Stealth Rock\n|turn|15\n|c|\u2606WehateJustinRPG|?\n|c|\u2606ib71|u girl or boy\n|c|\u2606WehateJustinRPG|Boy\n|inactive|ib71 has 90 seconds left.\n|c|\u2606ib71|ojh\n|c|\u2606WehateJustinRPG|Only understand english\n|c|\u2606ib71|tahle mo dudha piiyunu\n|c|\u2606WehateJustinRPG|?\n|inactive|ib71 has 60 seconds left.\n|c|\u2606ib71|mo gandi chate\n|\n|t:|1700895508\n|move|p2a: Behemoth|Dragon Claw|p1a: Celebi\n|-damage|p1a: Celebi|56\/100\n|move|p1a: Celebi|Future Sight|p2a: Behemoth\n|-start|p1a: Celebi|move: Future Sight\n|\n|-weather|DesolateLand|[upkeep]\n|-heal|p1a: Celebi|62\/100|[from] item: Leftovers\n|upkeep\n|turn|16\n|c|\u2606WehateJustinRPG|?\n|inactive|ib71 has 60 seconds left.\n|\n|t:|1700895517\n|move|p2a: Behemoth|Precipice Blades|p1a: Celebi\n|-resisted|p1a: Celebi\n|-damage|p1a: Celebi|24\/100\n|move|p1a: Celebi|Earth Power|p2a: Behemoth\n|-supereffective|p2a: Behemoth\n|-damage|p2a: Behemoth|14\/100\n|\n|-weather|DesolateLand|[upkeep]\n|-heal|p1a: Celebi|30\/100|[from] item: Leftovers\n|upkeep\n|turn|17\n|inactive|ib71 has 60 seconds left.\n|c|\u2606ib71|mate chumi daunu\n|c|\u2606WehateJustinRPG|?\n|c|\u2606WehateJustinRPG|??????????????????\n|c|\u2606ib71|u wannt to lick\n|inactive|ib71 has 30 seconds left.\n|c|\u2606WehateJustinRPG|No never\n|c|\u2606ib71|groudon\n|inactive|ib71 has 20 seconds left.\n|inactive|ib71 has 15 seconds left.\n|c|\u2606WehateJustinRPG|Yeah, but what\n|\n|t:|1700895576\n|move|p2a: Behemoth|Dragon Claw|p1a: Celebi\n|-damage|p1a: Celebi|0 fnt\n|faint|p1a: Celebi\n|\n|win|WehateJustinRPG\n|inactive|ib71 has 20 seconds left this turn.\n|raw|ib71's rating: 1108 &rarr; <strong>1080<\/strong><br \/>(-28 for losing)\n|raw|WehateJustinRPG's rating: 1073 &rarr; <strong>1105<\/strong><br \/>(+32 for winning)\n","uploadtime":1700895506,"views":3,"p1id":"ib71","p2id":"wehatejustinrpg","formatid":"gen9nationaldexubers","rating":1080,"private":0,"password":""}