{"id":"gen9nationaldexubers-1981625816","p1":"Chaitanya15","p2":"OKCCTV","format":"[Gen 9] National Dex Ubers","log":"|j|\u2606Chaitanya15\n|j|\u2606OKCCTV\n|t:|1698927565\n|gametype|singles\n|player|p1|Chaitanya15|169|1381\n|player|p2|OKCCTV|lucas|1383\n|teamsize|p1|6\n|teamsize|p2|6\n|gen|9\n|tier|[Gen 9] National Dex Ubers\n|rated|\n|rule|HP Percentage Mod: HP is shown in percentages\n|rule|Endless Battle Clause: Forcing endless battles is banned\n|rule|OHKO Clause: OHKO moves are banned\n|rule|Evasion Moves Clause: Evasion moves are banned\n|rule|Evasion Items Clause: Evasion items are banned\n|rule|Species Clause: Limit one of each Pok\u00e9mon\n|rule|Sleep Clause Mod: Limit one foe put to sleep\n|rule|Mega Rayquaza Clause: You cannot mega evolve Rayquaza\n|clearpoke\n|poke|p1|Kingambit, M|\n|poke|p1|Basculegion, M|\n|poke|p1|Pikachu, F|\n|poke|p1|Kyogre|\n|poke|p1|Flutter Mane|\n|poke|p1|Deoxys-Speed|\n|poke|p2|Dracovish|\n|poke|p2|Lucario, M|\n|poke|p2|Xerneas-*|\n|poke|p2|Kingambit, F|\n|poke|p2|Kyogre|\n|poke|p2|Ditto|\n|teampreview\n|\n|t:|1698927576\n|start\n|switch|p1a: Deoxys|Deoxys-Speed|100\/100\n|switch|p2a: Ditto|Ditto|100\/100\n|-ability|p1a: Deoxys|Pressure\n|-transform|p2a: Ditto|p1a: Deoxys|[from] ability: Imposter\n|-ability|p2a: Ditto|Pressure\n|turn|1\n|\n|t:|1698927587\n|move|p2a: Ditto|Stealth Rock|p1a: Deoxys\n|-sidestart|p1: Chaitanya15|move: Stealth Rock\n|move|p1a: Deoxys|Stealth Rock|p2a: Ditto\n|-sidestart|p2: OKCCTV|move: Stealth Rock\n|\n|upkeep\n|turn|2\n|\n|t:|1698927593\n|switch|p2a: Kingambit|Kingambit, F|100\/100\n|-damage|p2a: Kingambit|94\/100|[from] Stealth Rock\n|move|p1a: Deoxys|Spikes|p2a: Kingambit\n|-sidestart|p2: OKCCTV|Spikes\n|\n|upkeep\n|turn|3\n|\n|t:|1698927602\n|move|p1a: Deoxys|Spikes|p2a: Kingambit\n|-sidestart|p2: OKCCTV|Spikes\n|move|p2a: Kingambit|Swords Dance|p2a: Kingambit\n|-boost|p2a: Kingambit|atk|2\n|\n|upkeep\n|turn|4\n|\n|t:|1698927608\n|move|p1a: Deoxys|Spikes|p2a: Kingambit\n|-sidestart|p2: OKCCTV|Spikes\n|move|p2a: Kingambit|Swords Dance|p2a: Kingambit\n|-boost|p2a: Kingambit|atk|2\n|\n|upkeep\n|turn|5\n|inactive|Battle timer is ON: inactive players will automatically lose when time's up. (requested by OKCCTV)\n|\n|t:|1698927626\n|move|p1a: Deoxys|Extreme Speed|p2a: Kingambit\n|-resisted|p2a: Kingambit\n|-damage|p2a: Kingambit|89\/100\n|move|p2a: Kingambit|Swords Dance|p2a: Kingambit\n|-boost|p2a: Kingambit|atk|2\n|\n|upkeep\n|turn|6\n|\n|t:|1698927635\n|move|p1a: Deoxys|Extreme Speed|p2a: Kingambit\n|-resisted|p2a: Kingambit\n|-crit|p2a: Kingambit\n|-damage|p2a: Kingambit|79\/100\n|move|p2a: Kingambit|Iron Head|p1a: Deoxys\n|-enditem|p1a: Deoxys|Focus Sash\n|-damage|p1a: Deoxys|1\/100\n|\n|upkeep\n|turn|7\n|\n|t:|1698927646\n|move|p1a: Deoxys|Extreme Speed|p2a: Kingambit\n|-resisted|p2a: Kingambit\n|-damage|p2a: Kingambit|72\/100\n|move|p2a: Kingambit|Iron Head|p1a: Deoxys\n|-damage|p1a: Deoxys|0 fnt\n|faint|p1a: Deoxys\n|\n|upkeep\n|\n|t:|1698927668\n|switch|p1a: Kyogre|Kyogre|100\/100\n|-damage|p1a: Kyogre|88\/100|[from] Stealth Rock\n|-weather|RainDance|[from] ability: Drizzle|[of] p1a: Kyogre\n|turn|8\n|\n|t:|1698927678\n|move|p2a: Kingambit|Sucker Punch|p1a: Kyogre\n|-damage|p1a: Kyogre|0 fnt\n|faint|p1a: Kyogre\n|\n|-weather|RainDance|[upkeep]\n|upkeep\n|inactive|Chaitanya15 has 120 seconds left.\n|\n|t:|1698927696\n|switch|p1a: Pikachu|Pikachu, F|100\/100\n|-damage|p1a: Pikachu|88\/100|[from] Stealth Rock\n|turn|9\n|\n|t:|1698927704\n|move|p1a: Pikachu|Fake Out|p2a: Kingambit\n|-resisted|p2a: Kingambit\n|-damage|p2a: Kingambit|66\/100\n|cant|p2a: Kingambit|flinch\n|\n|-weather|RainDance|[upkeep]\n|upkeep\n|turn|10\n|\n|t:|1698927711\n|move|p1a: Pikachu|Extreme Speed|p2a: Kingambit\n|-resisted|p2a: Kingambit\n|-damage|p2a: Kingambit|54\/100\n|move|p2a: Kingambit|Sucker Punch||[still]\n|-fail|p2a: Kingambit\n|\n|-weather|RainDance|[upkeep]\n|upkeep\n|turn|11\n|\n|t:|1698927719\n|move|p1a: Pikachu|Brick Break|p2a: Kingambit\n|-supereffective|p2a: Kingambit\n|-damage|p2a: Kingambit|0 fnt\n|faint|p2a: Kingambit\n|-end|p2a: Kingambit|fallenundefined|[silent]\n|\n|-weather|RainDance|[upkeep]\n|upkeep\n|\n|t:|1698927724\n|switch|p2a: Xerneas|Xerneas|100\/100\n|-damage|p2a: Xerneas|88\/100|[from] Stealth Rock\n|-damage|p2a: Xerneas|63\/100|[from] Spikes\n|-ability|p2a: Xerneas|Fairy Aura\n|turn|12\n|\n|t:|1698927734\n|move|p2a: Xerneas|Geomancy||[still]\n|-prepare|p2a: Xerneas|Geomancy\n|-enditem|p2a: Xerneas|Power Herb\n|-anim|p2a: Xerneas|Geomancy|p2a: Xerneas\n|-boost|p2a: Xerneas|spa|2\n|-boost|p2a: Xerneas|spd|2\n|-boost|p2a: Xerneas|spe|2\n|move|p1a: Pikachu|Volt Tackle|p2a: Xerneas\n|-damage|p2a: Xerneas|0 fnt\n|faint|p2a: Xerneas\n|-damage|p1a: Pikachu|50\/100|[from] Recoil\n|\n|-weather|none\n|upkeep\n|\n|t:|1698927748\n|switch|p2a: Lucario|Lucario, M|100\/100\n|-damage|p2a: Lucario|98\/100|[from] Stealth Rock\n|-damage|p2a: Lucario|73\/100|[from] Spikes\n|turn|13\n|\n|t:|1698927754\n|detailschange|p2a: Lucario|Lucario-Mega, M\n|-mega|p2a: Lucario|Lucario|Lucarionite\n|move|p2a: Lucario|Meteor Mash|p1a: Pikachu\n|-resisted|p1a: Pikachu\n|-damage|p1a: Pikachu|0 fnt\n|-boost|p2a: Lucario|atk|1\n|faint|p1a: Pikachu\n|\n|upkeep\n|\n|t:|1698927768\n|switch|p1a: Basculegion|Basculegion, M|100\/100\n|-damage|p1a: Basculegion|88\/100|[from] Stealth Rock\n|turn|14\n|\n|t:|1698927774\n|move|p2a: Lucario|Meteor Mash|p1a: Basculegion\n|-resisted|p1a: Basculegion\n|-damage|p1a: Basculegion|23\/100\n|move|p1a: Basculegion|Last Respects|p2a: Lucario\n|-damage|p2a: Lucario|0 fnt\n|faint|p2a: Lucario\n|\n|upkeep\n|\n|t:|1698927784\n|switch|p2a: Dracovish|Dracovish|100\/100\n|-damage|p2a: Dracovish|88\/100|[from] Stealth Rock\n|-damage|p2a: Dracovish|63\/100|[from] Spikes\n|turn|15\n|\n|t:|1698927791\n|move|p2a: Dracovish|Fishious Rend|p1a: Basculegion\n|-resisted|p1a: Basculegion\n|-damage|p1a: Basculegion|0 fnt\n|faint|p1a: Basculegion\n|\n|upkeep\n|\n|t:|1698927802\n|switch|p1a: Flutter Mane|Flutter Mane|100\/100\n|-damage|p1a: Flutter Mane|88\/100|[from] Stealth Rock\n|-enditem|p1a: Flutter Mane|Booster Energy\n|-activate|p1a: Flutter Mane|ability: Protosynthesis|[fromitem]\n|-start|p1a: Flutter Mane|protosynthesisspe\n|turn|16\n|\n|t:|1698927820\n|switch|p2a: Kyogre|Kyogre|100\/100\n|-damage|p2a: Kyogre|88\/100|[from] Stealth Rock\n|-damage|p2a: Kyogre|63\/100|[from] Spikes\n|detailschange|p2a: Kyogre|Kyogre-Primal\n|-primal|p2a: Kyogre|Blue Orb\n|-weather|PrimordialSea|[from] ability: Primordial Sea|[of] p2a: Kyogre\n|move|p1a: Flutter Mane|Moonblast|p2a: Kyogre\n|-crit|p2a: Kyogre\n|-damage|p2a: Kyogre|12\/100\n|\n|-weather|PrimordialSea|[upkeep]\n|upkeep\n|turn|17\n|\n|t:|1698927841\n|move|p1a: Flutter Mane|Moonblast|p2a: Kyogre\n|-crit|p2a: Kyogre\n|-damage|p2a: Kyogre|0 fnt\n|faint|p2a: Kyogre\n|-weather|none\n|\n|upkeep\n|\n|t:|1698927844\n|switch|p2a: Ditto|Ditto|100\/100\n|-damage|p2a: Ditto|88\/100|[from] Stealth Rock\n|-damage|p2a: Ditto|63\/100|[from] Spikes\n|-transform|p2a: Ditto|p1a: Flutter Mane|[from] ability: Imposter\n|turn|18\n|\n|t:|1698927866\n|move|p1a: Flutter Mane|Shadow Ball|p2a: Ditto\n|-supereffective|p2a: Ditto\n|-damage|p2a: Ditto|0 fnt\n|faint|p2a: Ditto\n|-end|p2a: Ditto|Protosynthesis|[silent]\n|\n|upkeep\n|l|\u2606OKCCTV\n|inactive|OKCCTV disconnected and has a minute to reconnect!\n|player|p2|\n|inactive|OKCCTV has 30 seconds to reconnect!\n|inactive|OKCCTV has 20 seconds to reconnect!\n|inactive|OKCCTV has 15 seconds to reconnect!\n|inactive|OKCCTV has 10 seconds to reconnect!\n|inactive|OKCCTV has 5 seconds to reconnect!\n|-message|OKCCTV lost due to inactivity.\n|\n|win|Chaitanya15\n|raw|Chaitanya15's rating: 1381 &rarr; <strong>1401<\/strong><br \/>(+20 for winning)\n|raw|OKCCTV's rating: 1383 &rarr; <strong>1363<\/strong><br \/>(-20 for losing)\n","uploadtime":1698927942,"views":7,"p1id":"chaitanya15","p2id":"okcctv","formatid":"gen9nationaldexubers","rating":1363,"private":0,"password":""}