{"id":"gen9nationaldexubers-1982171262","p1":"D. Lawrenzz","p2":"XX_1nfinity_XX","format":"[Gen 9] National Dex Ubers","log":"|j|\u2606D. Lawrenzz\n|j|\u2606XX_1nfinity_XX\n|t:|1698975272\n|gametype|singles\n|player|p1|D. Lawrenzz|blue-masters|\n|player|p2|XX_1nfinity_XX|blackbelt-gen4dp|\n|teamsize|p1|6\n|teamsize|p2|6\n|gen|9\n|tier|[Gen 9] National Dex Ubers\n|rule|HP Percentage Mod: HP is shown in percentages\n|rule|Endless Battle Clause: Forcing endless battles is banned\n|rule|OHKO Clause: OHKO moves are banned\n|rule|Evasion Moves Clause: Evasion moves are banned\n|rule|Evasion Items Clause: Evasion items are banned\n|rule|Species Clause: Limit one of each Pok\u00e9mon\n|rule|Sleep Clause Mod: Limit one foe put to sleep\n|rule|Mega Rayquaza Clause: You cannot mega evolve Rayquaza\n|clearpoke\n|poke|p1|Ribombee, M|\n|poke|p1|Lopunny, F|\n|poke|p1|Great Tusk|\n|poke|p1|Ogerpon-Wellspring, F|\n|poke|p1|Bisharp, F|\n|poke|p1|Iron Moth|\n|poke|p2|Flutter Mane|\n|poke|p2|Zoroark-Hisui, M|\n|poke|p2|Sableye, M|\n|poke|p2|Cofagrigus, M|\n|poke|p2|Cinderace, F|\n|poke|p2|Skeledirge, F|\n|teampreview\n|inactive|Battle timer is ON: inactive players will automatically lose when time's up. (requested by XX_1nfinity_XX)\n|inactive|D. Lawrenzz also wants the timer to be on.\n|\n|t:|1698975280\n|start\n|switch|p1a: Ribombee|Ribombee, M, shiny|100\/100\n|switch|p2a: Sableye|Sableye, M|100\/100\n|turn|1\n|\n|t:|1698975287\n|move|p2a: Sableye|Flamethrower|p1a: Ribombee\n|-supereffective|p1a: Ribombee\n|-damage|p1a: Ribombee|2\/100\n|move|p1a: Ribombee|Skill Swap||[still]\n|-fail|p1a: Ribombee\n|\n|upkeep\n|turn|2\n|\n|t:|1698975291\n|move|p2a: Sableye|Flamethrower|p1a: Ribombee\n|-supereffective|p1a: Ribombee\n|-damage|p1a: Ribombee|0 fnt\n|faint|p1a: Ribombee\n|\n|upkeep\n|c|\u2606XX_1nfinity_XX|heheh\n|\n|t:|1698975299\n|switch|p1a: Lopunny|Lopunny, F|100\/100\n|turn|3\n|\n|t:|1698975302\n|switch|p2a: Cofagrigus|Cofagrigus, M|100\/100\n|detailschange|p1a: Lopunny|Lopunny-Mega, F\n|-mega|p1a: Lopunny|Lopunny|Lopunnite\n|move|p1a: Lopunny|Fake Out|p2a: Cofagrigus\n|-damage|p2a: Cofagrigus|84\/100\n|-activate|p2a: Cofagrigus|ability: Mummy|Scrappy|[of] p1a: Lopunny\n|\n|-heal|p2a: Cofagrigus|90\/100|[from] item: Leftovers\n|upkeep\n|turn|4\n|\n|t:|1698975313\n|move|p1a: Lopunny|Triple Axel|p2a: Cofagrigus\n|-damage|p2a: Cofagrigus|84\/100\n|-damage|p2a: Cofagrigus|73\/100\n|-damage|p2a: Cofagrigus|57\/100\n|-hitcount|p2a: Cofagrigus|3\n|move|p2a: Cofagrigus|Will-O-Wisp|p1a: Lopunny\n|-status|p1a: Lopunny|brn\n|\n|-heal|p2a: Cofagrigus|63\/100|[from] item: Leftovers\n|-damage|p1a: Lopunny|95\/100 brn|[from] brn\n|upkeep\n|turn|5\n|\n|t:|1698975318\n|switch|p1a: Bisharp|Bisharp, F, shiny|100\/100\n|move|p2a: Cofagrigus|Pain Split|p1a: Bisharp\n|-sethp|p1a: Bisharp|83\/100|[from] move: Pain Split|[silent]\n|-sethp|p2a: Cofagrigus|79\/100|[from] move: Pain Split\n|\n|-heal|p2a: Cofagrigus|85\/100|[from] item: Leftovers\n|upkeep\n|turn|6\n|\n|t:|1698975322\n|move|p1a: Bisharp|Knock Off|p2a: Cofagrigus\n|-supereffective|p2a: Cofagrigus\n|-damage|p2a: Cofagrigus|0 fnt\n|-activate|p2a: Cofagrigus|ability: Mummy|Defiant|[of] p1a: Bisharp\n|-enditem|p2a: Cofagrigus|Leftovers|[from] move: Knock Off|[of] p1a: Bisharp\n|faint|p2a: Cofagrigus\n|\n|upkeep\n|\n|t:|1698975340\n|switch|p2a: Flutter Mane|Flutter Mane|100\/100\n|turn|7\n|\n|t:|1698975345\n|move|p1a: Bisharp|Sucker Punch||[still]\n|-fail|p1a: Bisharp\n|move|p2a: Flutter Mane|Substitute|p2a: Flutter Mane\n|-start|p2a: Flutter Mane|Substitute\n|-damage|p2a: Flutter Mane|76\/100\n|\n|upkeep\n|turn|8\n|\n|t:|1698975348\n|-zpower|p2a: Flutter Mane\n|move|p2a: Flutter Mane|Inferno Overdrive|p1a: Bisharp|[zeffect]\n|-supereffective|p1a: Bisharp\n|-crit|p1a: Bisharp\n|-damage|p1a: Bisharp|0 fnt\n|faint|p1a: Bisharp\n|\n|upkeep\n|\n|t:|1698975372\n|switch|p1a: Iron Moth|Iron Moth, shiny|100\/100\n|-enditem|p1a: Iron Moth|Booster Energy\n|-activate|p1a: Iron Moth|ability: Quark Drive|[fromitem]\n|-start|p1a: Iron Moth|quarkdrivespa\n|turn|9\n|\n|t:|1698975378\n|move|p2a: Flutter Mane|Shadow Ball|p1a: Iron Moth\n|-damage|p1a: Iron Moth|52\/100\n|-unboost|p1a: Iron Moth|spd|1\n|move|p1a: Iron Moth|Sludge Wave|p2a: Flutter Mane\n|-end|p2a: Flutter Mane|Substitute\n|\n|upkeep\n|turn|10\n|\n|t:|1698975396\n|-end|p1a: Iron Moth|Quark Drive|[silent]\n|switch|p1a: Lopunny|Lopunny-Mega, F|95\/100 brn\n|move|p2a: Flutter Mane|Shadow Ball|p1a: Lopunny\n|-immune|p1a: Lopunny\n|\n|-damage|p1a: Lopunny|89\/100 brn|[from] brn\n|upkeep\n|turn|11\n|\n|t:|1698975399\n|-end|p2a: Flutter Mane|Protosynthesis|[silent]\n|switch|p2a: Cinderace|Cinderace, F|100\/100\n|move|p1a: Lopunny|Fake Out|p2a: Cinderace\n|-damage|p2a: Cinderace|86\/100\n|\n|-damage|p1a: Lopunny|83\/100 brn|[from] brn\n|upkeep\n|turn|12\n|\n|t:|1698975403\n|move|p1a: Lopunny|High Jump Kick|p2a: Cinderace\n|-damage|p2a: Cinderace|38\/100\n|move|p2a: Cinderace|U-turn|p1a: Lopunny\n|-start|p2a: Cinderace|typechange|Bug|[from] ability: Libero\n|-resisted|p1a: Lopunny\n|-damage|p1a: Lopunny|61\/100 brn\n|\n|t:|1698975410\n|switch|p2a: Sableye|Sableye, M|100\/100|[from] U-turn\n|\n|-damage|p1a: Lopunny|55\/100 brn|[from] brn\n|upkeep\n|turn|13\n|\n|t:|1698975424\n|move|p2a: Sableye|Hyper Voice|p1a: Lopunny\n|-damage|p1a: Lopunny|0 fnt\n|faint|p1a: Lopunny\n|\n|upkeep\n|\n|t:|1698975435\n|switch|p1a: Ogerpon|Ogerpon-Wellspring, F|100\/100\n|turn|14\n|\n|t:|1698975439\n|-terastallize|p2a: Sableye|Normal\n|move|p2a: Sableye|Hyper Voice|p1a: Ogerpon\n|-damage|p1a: Ogerpon|30\/100\n|move|p1a: Ogerpon|Knock Off|p2a: Sableye\n|-damage|p2a: Sableye|22\/100\n|replace|p2a: Zoroark|Zoroark-Hisui, M\n|-end|p2a: Zoroark|Illusion\n|-enditem|p2a: Zoroark|Choice Scarf|[from] move: Knock Off|[of] p1a: Ogerpon\n|\n|upkeep\n|turn|15\n|c|\u2606XX_1nfinity_XX|rude\n|\n|t:|1698975451\n|switch|p2a: Sableye|Sableye, M|100\/100\n|move|p1a: Ogerpon|Ivy Cudgel|p2a: Sableye\n|-crit|p2a: Sableye\n|-damage|p2a: Sableye|0 fnt\n|faint|p2a: Sableye\n|\n|upkeep\n|\n|t:|1698975454\n|switch|p2a: Cinderace|Cinderace, F|38\/100\n|turn|16\n|\n|t:|1698975483\n|move|p2a: Cinderace|U-turn|p1a: Ogerpon\n|-start|p2a: Cinderace|typechange|Bug|[from] ability: Libero\n|-supereffective|p1a: Ogerpon\n|-damage|p1a: Ogerpon|0 fnt\n|faint|p1a: Ogerpon\n|\n|t:|1698975487\n|switch|p2a: Cinderace|Cinderace, F, tera:Normal|22\/100|[from] U-turn\n|\n|upkeep\n|\n|t:|1698975491\n|switch|p1a: Great Tusk|Great Tusk, shiny|100\/100\n|-enditem|p1a: Great Tusk|Booster Energy\n|-activate|p1a: Great Tusk|ability: Protosynthesis|[fromitem]\n|-start|p1a: Great Tusk|protosynthesisatk\n|turn|17\n|\n|t:|1698975497\n|-terastallize|p1a: Great Tusk|Ground\n|move|p2a: Cinderace|Hyper Voice|p1a: Great Tusk\n|-damage|p1a: Great Tusk|19\/100\n|move|p1a: Great Tusk|Knock Off|p2a: Cinderace\n|-damage|p2a: Cinderace|0 fnt\n|replace|p2a: Zoroark|Zoroark-Hisui, M\n|-end|p2a: Zoroark|Illusion\n|faint|p2a: Zoroark\n|\n|upkeep\n|c|\u2606D. Lawrenzz|gg\n|c|\u2606D. Lawrenzz|i lost\n|c|\u2606XX_1nfinity_XX|ggs\n|\n|t:|1698975511\n|switch|p2a: Cinderace|Cinderace, F|38\/100\n|turn|18\n|\n|t:|1698975513\n|move|p2a: Cinderace|U-turn|p1a: Great Tusk\n|-start|p2a: Cinderace|typechange|Bug|[from] ability: Libero\n|-damage|p1a: Great Tusk|0 fnt\n|faint|p1a: Great Tusk\n|-end|p1a: Great Tusk|Protosynthesis|[silent]\n|\n|t:|1698975518\n|switch|p2a: Skeledirge|Skeledirge, F|100\/100|[from] U-turn\n|\n|upkeep\n|\n|t:|1698975520\n|switch|p1a: Iron Moth|Iron Moth, shiny|52\/100\n|turn|19\n|\n|t:|1698975525\n|move|p1a: Iron Moth|Dazzling Gleam|p2a: Skeledirge\n|-resisted|p2a: Skeledirge\n|-damage|p2a: Skeledirge|90\/100\n|move|p2a: Skeledirge|Hex|p1a: Iron Moth\n|-damage|p1a: Iron Moth|28\/100\n|\n|upkeep\n|turn|20\n|\n|t:|1698975529\n|move|p1a: Iron Moth|Fiery Dance|p2a: Skeledirge\n|-resisted|p2a: Skeledirge\n|-crit|p2a: Skeledirge\n|-damage|p2a: Skeledirge|65\/100\n|move|p2a: Skeledirge|Torch Song|p1a: Iron Moth\n|-resisted|p1a: Iron Moth\n|-damage|p1a: Iron Moth|12\/100\n|-boost|p2a: Skeledirge|spa|1\n|\n|upkeep\n|turn|21\n|\n|t:|1698975534\n|move|p1a: Iron Moth|Sludge Wave|p2a: Skeledirge\n|-resisted|p2a: Skeledirge\n|-damage|p2a: Skeledirge|47\/100\n|move|p2a: Skeledirge|Slack Off|p2a: Skeledirge\n|-heal|p2a: Skeledirge|98\/100\n|\n|upkeep\n|turn|22\n|\n|t:|1698975537\n|move|p1a: Iron Moth|Fiery Dance|p2a: Skeledirge\n|-resisted|p2a: Skeledirge\n|-damage|p2a: Skeledirge|83\/100\n|-boost|p1a: Iron Moth|spa|1\n|move|p2a: Skeledirge|Torch Song|p1a: Iron Moth\n|-resisted|p1a: Iron Moth\n|-damage|p1a: Iron Moth|0 fnt\n|-boost|p2a: Skeledirge|spa|1\n|faint|p1a: Iron Moth\n|-end|p1a: Iron Moth|Quark Drive|[silent]\n|\n|win|XX_1nfinity_XX\n","uploadtime":1698975541,"views":7,"p1id":"dlawrenzz","p2id":"xx1nfinityxx","formatid":"gen9nationaldexubers","rating":0,"private":0,"password":""}