{"id":"gen9nationaldexubers-1996878526","p1":"Moonlight_th07","p2":"megaskibidi593","format":"[Gen 9] National Dex Ubers","log":"|j|\u2606Moonlight_th07\n|j|\u2606megaskibidi593\n|t:|1700739300\n|gametype|singles\n|player|p1|Moonlight_th07|dawn-gen4pt|1182\n|player|p2|megaskibidi593|unknown|1000\n|teamsize|p1|6\n|teamsize|p2|6\n|gen|9\n|tier|[Gen 9] National Dex Ubers\n|rated|\n|rule|HP Percentage Mod: HP is shown in percentages\n|rule|Endless Battle Clause: Forcing endless battles is banned\n|rule|OHKO Clause: OHKO moves are banned\n|rule|Evasion Moves Clause: Evasion moves are banned\n|rule|Evasion Items Clause: Evasion items are banned\n|rule|Species Clause: Limit one of each Pok\u00e9mon\n|rule|Sleep Clause Mod: Limit one foe put to sleep\n|rule|Mega Rayquaza Clause: You cannot mega evolve Rayquaza\n|clearpoke\n|poke|p1|Morpeko, M|\n|poke|p1|Lilligant, F|\n|poke|p1|Dracovish|\n|poke|p1|Kingambit, M|\n|poke|p1|Garchomp, F|\n|poke|p1|Marshadow|\n|poke|p2|Zebstrika, M|\n|poke|p2|Slowpoke, F|\n|poke|p2|Cetitan, F|\n|poke|p2|Kingambit, M|\n|poke|p2|Nincada, F|\n|poke|p2|Gothorita, M|\n|teampreview\n|inactive|Battle timer is ON: inactive players will automatically lose when time's up. (requested by Moonlight_th07)\n|inactive|megaskibidi593 has 120 seconds left.\n|\n|t:|1700739339\n|start\n|switch|p1a: Morpeko|Morpeko, M|100\/100\n|switch|p2a: Nincada|Nincada, F|100\/100\n|turn|1\n|\n|t:|1700739354\n|move|p2a: Nincada|Protect|p2a: Nincada\n|-singleturn|p2a: Nincada|Protect\n|move|p1a: Morpeko|Parting Shot|p2a: Nincada\n|-activate|p2a: Nincada|move: Protect\n|\n|-formechange|p1a: Morpeko|Morpeko-Hangry||[from] ability: Hunger Switch\n|upkeep\n|turn|2\n|\n|t:|1700739363\n|move|p1a: Morpeko|Parting Shot|p2a: Nincada\n|-unboost|p2a: Nincada|atk|1\n|-unboost|p2a: Nincada|spa|1\n|\n|t:|1700739370\n|switch|p1a: Kingambit|Kingambit, M|100\/100|[from] Parting Shot\n|move|p2a: Nincada|Toxic|p1a: Kingambit\n|-immune|p1a: Kingambit\n|\n|upkeep\n|turn|3\n|\n|t:|1700739384\n|move|p2a: Nincada|Protect|p2a: Nincada\n|-singleturn|p2a: Nincada|Protect\n|move|p1a: Kingambit|Swords Dance|p1a: Kingambit\n|-boost|p1a: Kingambit|atk|2\n|\n|upkeep\n|turn|4\n|\n|t:|1700739391\n|move|p2a: Nincada|Final Gambit|p1a: Kingambit\n|-damage|p1a: Kingambit|23\/100\n|faint|p2a: Nincada\n|move|p1a: Kingambit|Swords Dance|p1a: Kingambit\n|-boost|p1a: Kingambit|atk|2\n|\n|upkeep\n|inactive|megaskibidi593 has 120 seconds left.\n|\n|t:|1700739430\n|switch|p2a: Gothorita|Gothorita, M|100\/100\n|turn|5\n|\n|t:|1700739434\n|move|p2a: Gothorita|Fake Out|p1a: Kingambit\n|-resisted|p1a: Kingambit\n|-damage|p1a: Kingambit|21\/100\n|cant|p1a: Kingambit|flinch\n|\n|upkeep\n|turn|6\n|inactive|megaskibidi593 has 120 seconds left.\n|\n|t:|1700739458\n|switch|p2a: Zebstrika|Zebstrika, M|100\/100\n|move|p1a: Kingambit|Kowtow Cleave|p2a: Zebstrika\n|-crit|p2a: Zebstrika\n|-damage|p2a: Zebstrika|0 fnt\n|faint|p2a: Zebstrika\n|\n|upkeep\n|\n|t:|1700739481\n|switch|p2a: Kingambit|Kingambit, M|100\/100\n|-activate|p2a: Kingambit|ability: Supreme Overlord\n|-start|p2a: Kingambit|fallen2|[silent]\n|turn|7\n|inactive|megaskibidi593 has 90 seconds left.\n|\n|t:|1700739508\n|move|p1a: Kingambit|Sucker Punch|p2a: Kingambit\n|-resisted|p2a: Kingambit\n|-damage|p2a: Kingambit|51\/100\n|move|p2a: Kingambit|Kowtow Cleave|p1a: Kingambit\n|-resisted|p1a: Kingambit\n|-damage|p1a: Kingambit|0 fnt\n|faint|p1a: Kingambit\n|\n|upkeep\n|\n|t:|1700739517\n|switch|p1a: Garchomp|Garchomp, F|100\/100\n|turn|8\n|inactive|megaskibidi593 has 90 seconds left.\n|inactive|megaskibidi593 has 60 seconds left.\n|\n|t:|1700739557\n|-end|p2a: Kingambit|fallen2|[silent]\n|switch|p2a: Gothorita|Gothorita, M|100\/100\n|move|p1a: Garchomp|Earthquake|p2a: Gothorita\n|-damage|p2a: Gothorita|41\/100\n|\n|upkeep\n|turn|9\n|\n|t:|1700739565\n|move|p2a: Gothorita|Fake Out|p1a: Garchomp\n|-damage|p1a: Garchomp|96\/100\n|-damage|p2a: Gothorita|29\/100|[from] ability: Rough Skin|[of] p1a: Garchomp\n|cant|p1a: Garchomp|flinch\n|\n|upkeep\n|turn|10\n|\n|t:|1700739573\n|move|p1a: Garchomp|Swords Dance|p1a: Garchomp\n|-boost|p1a: Garchomp|atk|2\n|move|p2a: Gothorita|Trick Room|p2a: Gothorita\n|-fieldstart|move: Trick Room|[of] p2a: Gothorita\n|\n|upkeep\n|turn|11\n|\n|t:|1700739583\n|move|p2a: Gothorita|Toxic|p1a: Garchomp\n|-status|p1a: Garchomp|tox\n|move|p1a: Garchomp|Scale Shot|p2a: Gothorita\n|-damage|p2a: Gothorita|0 fnt\n|faint|p2a: Gothorita\n|-hitcount|p2: Gothorita|1\n|-unboost|p1a: Garchomp|def|1\n|-boost|p1a: Garchomp|spe|1\n|\n|-damage|p1a: Garchomp|90\/100 tox|[from] psn\n|upkeep\n|\n|t:|1700739589\n|switch|p2a: Cetitan|Cetitan, F|100\/100\n|turn|12\n|\n|t:|1700739601\n|-terastallize|p1a: Garchomp|Steel\n|move|p2a: Cetitan|Icicle Crash|p1a: Garchomp\n|-resisted|p1a: Garchomp\n|-damage|p1a: Garchomp|50\/100 tox\n|move|p1a: Garchomp|Fire Fang|p2a: Cetitan\n|-supereffective|p2a: Cetitan\n|-damage|p2a: Cetitan|17\/100\n|-enditem|p2a: Cetitan|Sitrus Berry|[eat]\n|-heal|p2a: Cetitan|42\/100|[from] item: Sitrus Berry\n|\n|-damage|p1a: Garchomp|37\/100 tox|[from] psn\n|upkeep\n|turn|13\n|\n|t:|1700739614\n|move|p2a: Cetitan|Earthquake|p1a: Garchomp\n|-supereffective|p1a: Garchomp\n|-damage|p1a: Garchomp|0 fnt\n|faint|p1a: Garchomp\n|\n|upkeep\n|\n|t:|1700739620\n|switch|p1a: Marshadow|Marshadow|100\/100\n|turn|14\n|\n|t:|1700739635\n|move|p2a: Cetitan|Ice Shard|p1a: Marshadow\n|-damage|p1a: Marshadow|77\/100\n|move|p1a: Marshadow|Force Palm|p2a: Cetitan\n|-supereffective|p2a: Cetitan\n|-damage|p2a: Cetitan|0 fnt\n|faint|p2a: Cetitan\n|-damage|p1a: Marshadow|67\/100|[from] item: Life Orb\n|\n|-fieldend|move: Trick Room\n|upkeep\n|\n|t:|1700739643\n|switch|p2a: Slowpoke|Slowpoke, F|100\/100\n|turn|15\n|\n|t:|1700739666\n|-terastallize|p2a: Slowpoke|Steel\n|move|p1a: Marshadow|Shadow Sneak|p2a: Slowpoke\n|-damage|p2a: Slowpoke|76\/100\n|-damage|p1a: Marshadow|57\/100|[from] item: Life Orb\n|move|p2a: Slowpoke|Yawn|p1a: Marshadow\n|-start|p1a: Marshadow|move: Yawn|[of] p2a: Slowpoke\n|\n|upkeep\n|turn|16\n|\n|t:|1700739679\n|switch|p1a: Morpeko|Morpeko, M|100\/100\n|move|p2a: Slowpoke|Trick Room|p2a: Slowpoke\n|-fieldstart|move: Trick Room|[of] p2a: Slowpoke\n|\n|-formechange|p1a: Morpeko|Morpeko-Hangry||[from] ability: Hunger Switch\n|upkeep\n|turn|17\n|\n|t:|1700739687\n|move|p1a: Morpeko|Thunder Wave|p2a: Slowpoke\n|-status|p2a: Slowpoke|par\n|cant|p2a: Slowpoke|par\n|\n|-formechange|p1a: Morpeko|Morpeko||[from] ability: Hunger Switch\n|upkeep\n|turn|18\n|\n|t:|1700739707\n|move|p1a: Morpeko|Knock Off|p2a: Slowpoke\n|-damage|p2a: Slowpoke|49\/100 par\n|-enditem|p2a: Slowpoke|Eviolite|[from] move: Knock Off|[of] p1a: Morpeko\n|move|p2a: Slowpoke|Teleport|p2a: Slowpoke\n|inactive|megaskibidi593 has 90 seconds left.\n|\n|t:|1700739718\n|switch|p2a: Kingambit|Kingambit, M|51\/100|[from] Teleport\n|-activate|p2a: Kingambit|ability: Supreme Overlord\n|-start|p2a: Kingambit|fallen4|[silent]\n|\n|-formechange|p1a: Morpeko|Morpeko-Hangry||[from] ability: Hunger Switch\n|upkeep\n|turn|19\n|inactive|megaskibidi593 has 90 seconds left.\n|\n|t:|1700739752\n|switch|p1a: Dracovish|Dracovish|100\/100\n|move|p2a: Kingambit|Swords Dance|p2a: Kingambit\n|-boost|p2a: Kingambit|atk|2\n|\n|upkeep\n|turn|20\n|\n|t:|1700739760\n|move|p2a: Kingambit|Kowtow Cleave|p1a: Dracovish\n|-damage|p1a: Dracovish|0 fnt\n|faint|p1a: Dracovish\n|\n|-fieldend|move: Trick Room\n|upkeep\n|\n|t:|1700739767\n|switch|p1a: Marshadow|Marshadow|57\/100\n|turn|21\n|\n|t:|1700739778\n|move|p2a: Kingambit|Sucker Punch|p1a: Marshadow\n|-damage|p1a: Marshadow|0 fnt\n|faint|p1a: Marshadow\n|\n|upkeep\n|\n|t:|1700739783\n|switch|p1a: Lilligant|Lilligant, F|100\/100\n|turn|22\n|\n|t:|1700739801\n|-end|p2a: Kingambit|fallen4|[silent]\n|switch|p2a: Slowpoke|Slowpoke, F, tera:Steel|83\/100 par\n|move|p1a: Lilligant|Quiver Dance|p1a: Lilligant\n|-boost|p1a: Lilligant|spa|1\n|-boost|p1a: Lilligant|spd|1\n|-boost|p1a: Lilligant|spe|1\n|\n|upkeep\n|turn|23\n|\n|t:|1700739810\n|move|p1a: Lilligant|Giga Drain|p2a: Slowpoke\n|-resisted|p2a: Slowpoke\n|-damage|p2a: Slowpoke|37\/100 par\n|move|p2a: Slowpoke|Yawn|p1a: Lilligant\n|-start|p1a: Lilligant|move: Yawn|[of] p2a: Slowpoke\n|\n|upkeep\n|turn|24\n|\n|t:|1700739819\n|switch|p1a: Morpeko|Morpeko, M|100\/100\n|cant|p2a: Slowpoke|par\n|\n|-formechange|p1a: Morpeko|Morpeko-Hangry||[from] ability: Hunger Switch\n|upkeep\n|turn|25\n|inactive|megaskibidi593 has 90 seconds left.\n|\n|t:|1700739832\n|move|p1a: Morpeko|Parting Shot|p2a: Slowpoke\n|-unboost|p2a: Slowpoke|atk|1\n|-unboost|p2a: Slowpoke|spa|1\n|\n|t:|1700739835\n|switch|p1a: Lilligant|Lilligant, F|100\/100|[from] Parting Shot\n|move|p2a: Slowpoke|Trick Room|p2a: Slowpoke\n|-fieldstart|move: Trick Room|[of] p2a: Slowpoke\n|\n|upkeep\n|turn|26\n|inactive|megaskibidi593 has 90 seconds left.\n|\n|t:|1700739857\n|switch|p1a: Morpeko|Morpeko, M|100\/100\n|move|p2a: Slowpoke|Teleport|p2a: Slowpoke\n|\n|t:|1700739859\n|switch|p2a: Kingambit|Kingambit, M|51\/100|[from] Teleport\n|-activate|p2a: Kingambit|ability: Supreme Overlord\n|-start|p2a: Kingambit|fallen4|[silent]\n|\n|-formechange|p1a: Morpeko|Morpeko-Hangry||[from] ability: Hunger Switch\n|upkeep\n|turn|27\n|inactive|megaskibidi593 has 90 seconds left.\n|\n|t:|1700739893\n|move|p2a: Kingambit|Swords Dance|p2a: Kingambit\n|-boost|p2a: Kingambit|atk|2\n|move|p1a: Morpeko|Thunder Wave|p2a: Kingambit\n|-status|p2a: Kingambit|par\n|\n|-formechange|p1a: Morpeko|Morpeko||[from] ability: Hunger Switch\n|upkeep\n|turn|28\n|\n|t:|1700739907\n|move|p2a: Kingambit|Kowtow Cleave|p1a: Morpeko\n|-resisted|p1a: Morpeko\n|-enditem|p1a: Morpeko|Focus Sash\n|-damage|p1a: Morpeko|1\/100\n|move|p1a: Morpeko|Parting Shot|p2a: Kingambit\n|-unboost|p2a: Kingambit|atk|1\n|-unboost|p2a: Kingambit|spa|1\n|\n|t:|1700739919\n|switch|p1a: Lilligant|Lilligant, F|100\/100|[from] Parting Shot\n|\n|upkeep\n|turn|29\n|\n|t:|1700739924\n|move|p2a: Kingambit|Kowtow Cleave|p1a: Lilligant\n|-damage|p1a: Lilligant|0 fnt\n|faint|p1a: Lilligant\n|\n|-fieldend|move: Trick Room\n|upkeep\n|\n|t:|1700739931\n|switch|p1a: Morpeko|Morpeko, M|1\/100\n|turn|30\n|inactive|megaskibidi593 has 90 seconds left.\n|\n|t:|1700739962\n|cant|p2a: Kingambit|par\n|move|p1a: Morpeko|Aura Wheel|p2a: Kingambit\n|-damage|p2a: Kingambit|17\/100 par\n|-boost|p1a: Morpeko|spe|1\n|\n|-formechange|p1a: Morpeko|Morpeko-Hangry||[from] ability: Hunger Switch\n|upkeep\n|turn|31\n|\n|t:|1700739982\n|cant|p2a: Kingambit|par\n|move|p1a: Morpeko|Aura Wheel|p2a: Kingambit\n|-resisted|p2a: Kingambit\n|-damage|p2a: Kingambit|1\/100 par\n|-boost|p1a: Morpeko|spe|1\n|\n|-formechange|p1a: Morpeko|Morpeko||[from] ability: Hunger Switch\n|upkeep\n|turn|32\n|\n|t:|1700739992\n|move|p2a: Kingambit|Sucker Punch|p1a: Morpeko\n|-resisted|p1a: Morpeko\n|-damage|p1a: Morpeko|0 fnt\n|faint|p1a: Morpeko\n|\n|win|megaskibidi593\n|raw|Moonlight_th07's rating: 1182 &rarr; <strong>1145<\/strong><br \/>(-37 for losing)\n|raw|megaskibidi593's rating: 1000 &rarr; <strong>1059<\/strong><br \/>(+59 for winning)\n|l|\u2606Moonlight_th07\n|c|\u2606megaskibidi593|gg\n","uploadtime":1700740005,"views":12,"p1id":"moonlightth07","p2id":"megaskibidi593","formatid":"gen9nationaldexubers","rating":1059,"private":0,"password":""}