{"id":"gen9nationaldexubers-1984115781","p1":"huhyhhhhhh","p2":"Seandotexe","format":"[Gen 9] National Dex Ubers","log":"|j|\u2606huhyhhhhhh\n|j|\u2606Seandotexe\n|t:|1699220300\n|gametype|singles\n|player|p1|huhyhhhhhh|zinzolin|1000\n|player|p2|Seandotexe|pilot|1000\n|teamsize|p1|6\n|teamsize|p2|2\n|gen|9\n|tier|[Gen 9] National Dex Ubers\n|rated|\n|rule|HP Percentage Mod: HP is shown in percentages\n|rule|Endless Battle Clause: Forcing endless battles is banned\n|rule|OHKO Clause: OHKO moves are banned\n|rule|Evasion Moves Clause: Evasion moves are banned\n|rule|Evasion Items Clause: Evasion items are banned\n|rule|Species Clause: Limit one of each Pok\u00e9mon\n|rule|Sleep Clause Mod: Limit one foe put to sleep\n|rule|Mega Rayquaza Clause: You cannot mega evolve Rayquaza\n|clearpoke\n|poke|p1|Deoxys-Attack|\n|poke|p1|Kyogre|\n|poke|p1|Blaziken, M|\n|poke|p1|Landorus-Therian, M|\n|poke|p1|Manaphy|\n|poke|p1|Palafin, F|\n|poke|p2|Durant, F|\n|poke|p2|Dugtrio, M|\n|teampreview\n|inactive|Battle timer is ON: inactive players will automatically lose when time's up. (requested by huhyhhhhhh)\n|\n|t:|1699220309\n|start\n|switch|p1a: Landorus|Landorus-Therian, M, shiny|100\/100\n|switch|p2a: Durant|Durant, F|100\/100\n|-ability|p1a: Landorus|Intimidate|boost\n|-unboost|p2a: Durant|atk|1\n|turn|1\n|\n|t:|1699220334\n|move|p2a: Durant|Entrainment|p1a: Landorus\n|-endability|p1a: Landorus|Intimidate|[from] move: Entrainment\n|-ability|p1a: Landorus|Truant|[from] move: Entrainment\n|move|p1a: Landorus|Taunt|p2a: Durant\n|-start|p2a: Durant|move: Taunt\n|\n|upkeep\n|turn|2\n|\n|t:|1699220345\n|switch|p2a: Dugtrio|Dugtrio, M|100\/100\n|switch|p1a: Manaphy|Manaphy, shiny|100\/100\n|\n|upkeep\n|turn|3\n|\n|t:|1699220351\n|switch|p2a: Durant|Durant, F|100\/100\n|move|p1a: Manaphy|Acid Armor|p1a: Manaphy\n|-boost|p1a: Manaphy|def|2\n|\n|upkeep\n|turn|4\n|\n|t:|1699220370\n|move|p2a: Durant|Entrainment|p1a: Manaphy\n|-endability|p1a: Manaphy|Hydration|[from] move: Entrainment\n|-ability|p1a: Manaphy|Truant|[from] move: Entrainment\n|move|p1a: Manaphy|Scald|p2a: Durant\n|-damage|p2a: Durant|34\/100\n|\n|upkeep\n|turn|5\n|\n|t:|1699220376\n|switch|p2a: Dugtrio|Dugtrio, M|100\/100\n|switch|p1a: Landorus|Landorus-Therian, M, shiny|100\/100\n|-ability|p1a: Landorus|Intimidate|boost\n|-unboost|p2a: Dugtrio|atk|1\n|\n|upkeep\n|turn|6\n|\n|t:|1699220384\n|switch|p2a: Durant|Durant, F|34\/100\n|switch|p1a: Blaziken|Blaziken, M, shiny|100\/100\n|\n|upkeep\n|turn|7\n|\n|t:|1699220388\n|move|p2a: Durant|Protect|p2a: Durant\n|-singleturn|p2a: Durant|Protect\n|move|p1a: Blaziken|Protect||[still]\n|-fail|p1a: Blaziken\n|\n|-ability|p1a: Blaziken|Speed Boost|boost\n|-boost|p1a: Blaziken|spe|1\n|upkeep\n|turn|8\n|\n|t:|1699220393\n|move|p1a: Blaziken|Flare Blitz|p2a: Durant\n|-supereffective|p2a: Durant\n|-damage|p2a: Durant|0 fnt\n|faint|p2a: Durant\n|-damage|p1a: Blaziken|91\/100|[from] Recoil\n|\n|-ability|p1a: Blaziken|Speed Boost|boost\n|-boost|p1a: Blaziken|spe|1\n|upkeep\n|-message|Seandotexe forfeited.\n|\n|win|huhyhhhhhh\n|raw|huhyhhhhhh's rating: 1000 &rarr; <strong>1040<\/strong><br \/>(+40 for winning)\n|raw|Seandotexe's rating: 1000 &rarr; <strong>1000<\/strong><br \/>(+0 for losing)\n|l|\u2606Seandotexe\n","uploadtime":1699220402,"views":3,"p1id":"huhyhhhhhh","p2id":"seandotexe","formatid":"gen9nationaldexubers","rating":1000,"private":0,"password":""}