{"id":"gen9nationaldexubers-1978511850","p1":"aguinaldo124","p2":"fgjhfox","format":"[Gen 9] National Dex Ubers","log":"|j|\u2606aguinaldo124\n|j|\u2606fgjhfox\n|t:|1698548680\n|gametype|singles\n|player|p1|aguinaldo124|red|1162\n|player|p2|fgjhfox|170|1115\n|teamsize|p1|6\n|teamsize|p2|6\n|gen|9\n|tier|[Gen 9] National Dex Ubers\n|rated|\n|rule|HP Percentage Mod: HP is shown in percentages\n|rule|Endless Battle Clause: Forcing endless battles is banned\n|rule|OHKO Clause: OHKO moves are banned\n|rule|Evasion Moves Clause: Evasion moves are banned\n|rule|Evasion Items Clause: Evasion items are banned\n|rule|Species Clause: Limit one of each Pok\u00e9mon\n|rule|Sleep Clause Mod: Limit one foe put to sleep\n|rule|Mega Rayquaza Clause: You cannot mega evolve Rayquaza\n|clearpoke\n|poke|p1|Hydreigon, M|\n|poke|p1|Grimmsnarl, M|\n|poke|p1|Mandibuzz, F|\n|poke|p1|Bisharp, F|\n|poke|p1|Sableye, M|\n|poke|p1|Greninja-*, M|\n|poke|p2|Ursaluna, F|\n|poke|p2|Garchomp, M|\n|poke|p2|Iron Bundle|\n|poke|p2|Landorus-Therian, M|\n|poke|p2|Skeledirge, M|\n|poke|p2|Decidueye-Hisui, M|\n|teampreview\n|inactive|Battle timer is ON: inactive players will automatically lose when time's up. (requested by aguinaldo124)\n|\n|t:|1698548695\n|start\n|switch|p1a: Grimmsnarl|Grimmsnarl, M|100\/100\n|switch|p2a: Decidueye|Decidueye-Hisui, M|100\/100\n|turn|1\n|\n|t:|1698548704\n|-terastallize|p2a: Decidueye|Fighting\n|move|p1a: Grimmsnarl|Reflect|p1a: Grimmsnarl\n|-sidestart|p1: aguinaldo124|Reflect\n|move|p2a: Decidueye|Triple Arrows|p1a: Grimmsnarl\n|-damage|p1a: Grimmsnarl|48\/100\n|-unboost|p1a: Grimmsnarl|def|1\n|\n|upkeep\n|turn|2\n|\n|t:|1698548713\n|move|p1a: Grimmsnarl|Light Screen|p1a: Grimmsnarl\n|-sidestart|p1: aguinaldo124|move: Light Screen\n|move|p2a: Decidueye|Triple Arrows|p1a: Grimmsnarl\n|-damage|p1a: Grimmsnarl|0 fnt\n|faint|p1a: Grimmsnarl\n|\n|upkeep\n|\n|t:|1698548729\n|switch|p1a: Sableye|Sableye, M|100\/100\n|turn|3\n|\n|t:|1698548733\n|move|p1a: Sableye|Toxic|p2a: Decidueye\n|-status|p2a: Decidueye|tox\n|move|p2a: Decidueye|Triple Arrows|p1a: Sableye\n|-supereffective|p1a: Sableye\n|-damage|p1a: Sableye|0 fnt\n|faint|p1a: Sableye\n|\n|-damage|p2a: Decidueye|94\/100 tox|[from] psn\n|upkeep\n|\n|t:|1698548750\n|switch|p1a: Bisharp|Bisharp, F|100\/100\n|turn|4\n|\n|t:|1698548753\n|move|p1a: Bisharp|Swords Dance|p1a: Bisharp\n|-boost|p1a: Bisharp|atk|2\n|move|p2a: Decidueye|Triple Arrows|p1a: Bisharp\n|-supereffective|p1a: Bisharp\n|-enditem|p1a: Bisharp|Focus Sash\n|-damage|p1a: Bisharp|1\/100\n|\n|-damage|p2a: Decidueye|82\/100 tox|[from] psn\n|upkeep\n|turn|5\n|\n|t:|1698548766\n|move|p1a: Bisharp|Iron Head|p2a: Decidueye\n|-damage|p2a: Decidueye|0 fnt\n|faint|p2a: Decidueye\n|\n|upkeep\n|\n|t:|1698548771\n|switch|p2a: Garchomp|Garchomp, M, shiny|100\/100\n|turn|6\n|\n|t:|1698548778\n|move|p2a: Garchomp|Scale Shot|p1a: Bisharp\n|-resisted|p1a: Bisharp\n|-damage|p1a: Bisharp|0 fnt\n|faint|p1a: Bisharp\n|-hitcount|p1: Bisharp|1\n|-unboost|p2a: Garchomp|def|1\n|-boost|p2a: Garchomp|spe|1\n|\n|upkeep\n|\n|t:|1698548787\n|switch|p1a: Greninja|Greninja, M|100\/100\n|turn|7\n|\n|t:|1698548791\n|move|p2a: Garchomp|Earthquake|p1a: Greninja\n|-damage|p1a: Greninja|60\/100\n|move|p1a: Greninja|Ice Beam|p2a: Garchomp\n|-supereffective|p2a: Garchomp\n|-damage|p2a: Garchomp|0 fnt\n|faint|p2a: Garchomp\n|-ability|p1a: Greninja|Battle Bond|boost\n|-boost|p1a: Greninja|atk|1\n|-boost|p1a: Greninja|spa|1\n|-boost|p1a: Greninja|spe|1\n|-activate|p1a: Greninja|ability: Battle Bond\n|-damage|p1a: Greninja|50\/100|[from] item: Life Orb\n|\n|upkeep\n|\n|t:|1698548796\n|switch|p2a: Iron Bundle|Iron Bundle|100\/100\n|-enditem|p2a: Iron Bundle|Booster Energy\n|-activate|p2a: Iron Bundle|ability: Quark Drive|[fromitem]\n|-start|p2a: Iron Bundle|quarkdrivespe\n|turn|8\n|\n|t:|1698548808\n|move|p1a: Greninja|Grass Knot|p2a: Iron Bundle\n|-supereffective|p2a: Iron Bundle\n|-damage|p2a: Iron Bundle|0 fnt\n|faint|p2a: Iron Bundle\n|-end|p2a: Iron Bundle|Quark Drive|[silent]\n|-damage|p1a: Greninja|40\/100|[from] item: Life Orb\n|\n|-sideend|p1: aguinaldo124|Reflect\n|upkeep\n|\n|t:|1698548812\n|switch|p2a: Landorus|Landorus-Therian, M|100\/100\n|-ability|p2a: Landorus|Intimidate|boost\n|-unboost|p1a: Greninja|atk|1\n|turn|9\n|\n|t:|1698548819\n|move|p1a: Greninja|Ice Beam|p2a: Landorus\n|-supereffective|p2a: Landorus\n|-damage|p2a: Landorus|0 fnt\n|faint|p2a: Landorus\n|-damage|p1a: Greninja|30\/100|[from] item: Life Orb\n|\n|-sideend|p1: aguinaldo124|move: Light Screen\n|upkeep\n|\n|t:|1698548822\n|switch|p2a: Skeledirge|Skeledirge, M, shiny|100\/100\n|turn|10\n|\n|t:|1698548830\n|move|p1a: Greninja|Dark Pulse|p2a: Skeledirge\n|-supereffective|p2a: Skeledirge\n|-damage|p2a: Skeledirge|10\/100\n|-damage|p1a: Greninja|20\/100|[from] item: Life Orb\n|move|p2a: Skeledirge|Torch Song|p1a: Greninja\n|-resisted|p1a: Greninja\n|-damage|p1a: Greninja|0 fnt\n|-boost|p2a: Skeledirge|spa|1\n|faint|p1a: Greninja\n|\n|-heal|p2a: Skeledirge|16\/100|[from] item: Leftovers\n|upkeep\n|\n|t:|1698548846\n|switch|p1a: Hydreigon|Hydreigon, M|100\/100\n|turn|11\n|\n|t:|1698548853\n|move|p1a: Hydreigon|Earth Power|p2a: Skeledirge\n|-supereffective|p2a: Skeledirge\n|-damage|p2a: Skeledirge|0 fnt\n|faint|p2a: Skeledirge\n|\n|upkeep\n|\n|t:|1698548855\n|switch|p2a: Ursaluna|Ursaluna, F, shiny|100\/100\n|turn|12\n|\n|t:|1698548861\n|move|p1a: Hydreigon|Earth Power|p2a: Ursaluna\n|-damage|p2a: Ursaluna|62\/100\n|move|p2a: Ursaluna|Avalanche|p1a: Hydreigon\n|-supereffective|p1a: Hydreigon\n|-damage|p1a: Hydreigon|0 fnt\n|faint|p1a: Hydreigon\n|\n|-status|p2a: Ursaluna|brn|[from] item: Flame Orb\n|upkeep\n|\n|t:|1698548871\n|switch|p1a: Mandibuzz|Mandibuzz, F|100\/100\n|turn|13\n|\n|t:|1698548876\n|move|p1a: Mandibuzz|Foul Play|p2a: Ursaluna\n|-damage|p2a: Ursaluna|23\/100 brn\n|move|p2a: Ursaluna|Headlong Rush|p1a: Mandibuzz\n|-immune|p1a: Mandibuzz\n|\n|-damage|p2a: Ursaluna|16\/100 brn|[from] brn\n|upkeep\n|turn|14\n|\n|t:|1698548886\n|move|p1a: Mandibuzz|Foul Play|p2a: Ursaluna\n|-damage|p2a: Ursaluna|0 fnt\n|faint|p2a: Ursaluna\n|\n|win|aguinaldo124\n|raw|aguinaldo124's rating: 1162 &rarr; <strong>1184<\/strong><br \/>(+22 for winning)\n|raw|fgjhfox's rating: 1115 &rarr; <strong>1093<\/strong><br \/>(-22 for losing)\n|l|\u2606fgjhfox\n","uploadtime":1698548891,"views":9,"p1id":"aguinaldo124","p2id":"fgjhfox","formatid":"gen9nationaldexubers","rating":1093,"private":0,"password":""}