{"id":"gen9nationaldexubers-1984841670","p1":"Guj Genera","p2":"Cold Finally","format":"[Gen 9] National Dex Ubers","log":"|j|\u2606Guj Genera\n|j|\u2606Cold Finally\n|t:|1699303585\n|gametype|singles\n|player|p1|Guj Genera|red|\n|player|p2|Cold Finally|iris-masters|\n|teamsize|p1|6\n|teamsize|p2|6\n|gen|9\n|tier|[Gen 9] National Dex Ubers\n|rule|HP Percentage Mod: HP is shown in percentages\n|rule|Endless Battle Clause: Forcing endless battles is banned\n|rule|OHKO Clause: OHKO moves are banned\n|rule|Evasion Moves Clause: Evasion moves are banned\n|rule|Evasion Items Clause: Evasion items are banned\n|rule|Species Clause: Limit one of each Pok\u00e9mon\n|rule|Sleep Clause Mod: Limit one foe put to sleep\n|rule|Mega Rayquaza Clause: You cannot mega evolve Rayquaza\n|clearpoke\n|poke|p1|Cinderace, M|\n|poke|p1|Landorus-Therian, M|\n|poke|p1|Zeraora|\n|poke|p1|Kartana|\n|poke|p1|Inteleon, M|\n|poke|p1|Diancie|\n|poke|p2|Tapu Bulu|\n|poke|p2|Grimmsnarl, M|\n|poke|p2|Mawile, F|\n|poke|p2|Delphox, F|\n|poke|p2|Hatterene, F|\n|poke|p2|Tapu Koko|\n|teampreview\n|inactive|Battle timer is ON: inactive players will automatically lose when time's up. (requested by Guj Genera)\n|c|\u2606Guj Genera|Gl\n|c|\u2606Cold Finally|glhf\n|inactive|Cold Finally has 270 seconds left.\n|\n|t:|1699303616\n|start\n|switch|p1a: Diancie|Diancie, shiny|100\/100\n|switch|p2a: ass goblin|Grimmsnarl, M, shiny|100\/100\n|turn|1\n|c|\u2606Guj Genera|hopefully I don\u2019t lag from a dead zone\n|j| Xoviet Yunion\n|\n|t:|1699303638\n|detailschange|p1a: Diancie|Diancie-Mega, shiny\n|-mega|p1a: Diancie|Diancie|Diancite\n|move|p2a: ass goblin|Parting Shot|p1a: Diancie\n|move|p1a: Diancie|Parting Shot|p2a: ass goblin|[from]ability: Magic Bounce\n|-unboost|p2a: ass goblin|atk|1\n|-unboost|p2a: ass goblin|spa|1\n|c| Xoviet Yunion|Luv the dumb tech\n|\n|t:|1699303659\n|switch|p1a: Landorus|Landorus-Therian, M, shiny|100\/100|[from] Parting Shot\n|-ability|p1a: Landorus|Intimidate|boost\n|-unboost|p2a: ass goblin|atk|1\n|\n|upkeep\n|turn|2\n|\n|t:|1699303669\n|switch|p1a: Diancie|Diancie-Mega, shiny|100\/100\n|move|p2a: ass goblin|Parting Shot|p1a: Diancie\n|move|p1a: Diancie|Parting Shot|p2a: ass goblin|[from]ability: Magic Bounce\n|-unboost|p2a: ass goblin|atk|1\n|-unboost|p2a: ass goblin|spa|1\n|\n|t:|1699303673\n|switch|p1a: Landorus|Landorus-Therian, M, shiny|100\/100|[from] Parting Shot\n|-ability|p1a: Landorus|Intimidate|boost\n|-unboost|p2a: ass goblin|atk|1\n|\n|upkeep\n|turn|3\n|j| Fact of Life\n|\n|t:|1699303683\n|move|p2a: ass goblin|Parting Shot|p1a: Landorus\n|-unboost|p1a: Landorus|atk|1\n|-unboost|p1a: Landorus|spa|1\n|\n|t:|1699303702\n|switch|p2a: Hollywood|Hatterene, F|100\/100|[from] Parting Shot\n|move|p1a: Landorus|U-turn|p2a: Hollywood\n|-crit|p2a: Hollywood\n|-damage|p2a: Hollywood|75\/100\n|\n|t:|1699303710\n|switch|p1a: Diancie|Diancie-Mega, shiny|100\/100|[from] U-turn\n|\n|-heal|p2a: Hollywood|81\/100|[from] item: Leftovers\n|upkeep\n|turn|4\n|\n|t:|1699303723\n|move|p1a: Diancie|Diamond Storm|p2a: Hollywood\n|-damage|p2a: Hollywood|36\/100\n|move|p2a: Hollywood|Nuzzle|p1a: Diancie\n|-crit|p1a: Diancie\n|-damage|p1a: Diancie|92\/100\n|-status|p1a: Diancie|par\n|\n|-heal|p2a: Hollywood|42\/100|[from] item: Leftovers\n|upkeep\n|turn|5\n|j| AstroSammy\n|c|\u2606Guj Genera|Nuzzle is cringe\n|inactive|Cold Finally has 270 seconds left.\n|j| Big Chungus irl\n|l| Big Chungus irl\n|inactiveoff|Battle timer is now OFF.\n|l| Fact of Life\n|\n|t:|1699303789\n|switch|p2a: ass goblin|Grimmsnarl, M, shiny|100\/100\n|move|p1a: Diancie|Diamond Storm|p2a: ass goblin\n|-damage|p2a: ass goblin|35\/100\n|-boost|p1a: Diancie|def|2\n|\n|upkeep\n|turn|6\n|c| AstroSammy|Nuzzle is defo cringe. Hate that move\n|c| AstroSammy|Unless I'm using it :]\n|\n|t:|1699303797\n|move|p2a: ass goblin|Parting Shot|p1a: Diancie\n|move|p1a: Diancie|Parting Shot|p2a: ass goblin|[from]ability: Magic Bounce\n|-unboost|p2a: ass goblin|atk|1\n|-unboost|p2a: ass goblin|spa|1\n|\n|t:|1699303799\n|switch|p1a: Landorus|Landorus-Therian, M, shiny|100\/100|[from] Parting Shot\n|-ability|p1a: Landorus|Intimidate|boost\n|-unboost|p2a: ass goblin|atk|1\n|\n|upkeep\n|turn|7\n|\n|t:|1699303804\n|move|p2a: ass goblin|Reflect|p2a: ass goblin\n|-sidestart|p2: Cold Finally|Reflect\n|move|p1a: Landorus|U-turn|p2a: ass goblin\n|-damage|p2a: ass goblin|22\/100\n|\n|t:|1699303813\n|switch|p1a: Diancie|Diancie-Mega, shiny|92\/100 par|[from] U-turn\n|\n|upkeep\n|turn|8\n|j| Fact of Life\n|c| Xoviet Yunion|Priority roar getting alot of use\n|\n|t:|1699303820\n|move|p2a: ass goblin|Parting Shot|p1a: Diancie\n|move|p1a: Diancie|Parting Shot|p2a: ass goblin|[from]ability: Magic Bounce\n|-unboost|p2a: ass goblin|atk|1\n|-unboost|p2a: ass goblin|spa|1\n|\n|t:|1699303823\n|switch|p1a: Landorus|Landorus-Therian, M, shiny|100\/100|[from] Parting Shot\n|-ability|p1a: Landorus|Intimidate|boost\n|-unboost|p2a: ass goblin|atk|1\n|\n|upkeep\n|turn|9\n|\n|t:|1699303830\n|move|p2a: ass goblin|Light Screen|p2a: ass goblin\n|-sidestart|p2: Cold Finally|move: Light Screen\n|move|p1a: Landorus|U-turn|p2a: ass goblin\n|-damage|p2a: ass goblin|8\/100\n|\n|t:|1699303833\n|switch|p1a: Diancie|Diancie-Mega, shiny|92\/100 par|[from] U-turn\n|\n|upkeep\n|turn|10\n|\n|t:|1699303840\n|move|p2a: ass goblin|Parting Shot|p1a: Diancie\n|move|p1a: Diancie|Parting Shot|p2a: ass goblin|[from]ability: Magic Bounce\n|-unboost|p2a: ass goblin|atk|1\n|-unboost|p2a: ass goblin|spa|1\n|\n|t:|1699303844\n|switch|p1a: Landorus|Landorus-Therian, M, shiny|100\/100|[from] Parting Shot\n|-ability|p1a: Landorus|Intimidate|boost\n|-unboost|p2a: ass goblin|atk|1\n|\n|upkeep\n|turn|11\n|\n|t:|1699303862\n|move|p2a: ass goblin|Parting Shot|p1a: Landorus\n|-unboost|p1a: Landorus|atk|1\n|-unboost|p1a: Landorus|spa|1\n|\n|t:|1699303871\n|switch|p2a: Hollywood|Hatterene, F|42\/100|[from] Parting Shot\n|move|p1a: Landorus|U-turn|p2a: Hollywood\n|-damage|p2a: Hollywood|37\/100\n|\n|t:|1699303878\n|switch|p1a: Zeraora|Zeraora, shiny|100\/100|[from] U-turn\n|\n|-heal|p2a: Hollywood|43\/100|[from] item: Leftovers\n|upkeep\n|turn|12\n|\n|t:|1699303909\n|move|p1a: Zeraora|Plasma Fists|p2a: Hollywood\n|-damage|p2a: Hollywood|25\/100\n|-fieldactivate|move: Ion Deluge\n|-hint|Normal-type moves become Electric-type after using Plasma Fists.\n|move|p2a: Hollywood|Future Sight|p1a: Zeraora\n|-start|p2a: Hollywood|move: Future Sight\n|\n|-heal|p2a: Hollywood|31\/100|[from] item: Leftovers\n|upkeep\n|turn|13\n|\n|t:|1699303922\n|move|p1a: Zeraora|Plasma Fists|p2a: Hollywood\n|-damage|p2a: Hollywood|14\/100\n|-fieldactivate|move: Ion Deluge\n|-hint|Normal-type moves become Electric-type after using Plasma Fists.\n|move|p2a: Hollywood|Draining Kiss|p1a: Zeraora\n|-damage|p1a: Zeraora|72\/100\n|-heal|p2a: Hollywood|35\/100|[from] drain|[of] p1a: Zeraora\n|\n|-heal|p2a: Hollywood|41\/100|[from] item: Leftovers\n|upkeep\n|turn|14\n|\n|t:|1699303949\n|switch|p1a: Kartana|Kartana, shiny|100\/100\n|move|p2a: Hollywood|Draining Kiss|p1a: Kartana\n|-resisted|p1a: Kartana\n|-damage|p1a: Kartana|65\/100\n|-heal|p2a: Hollywood|63\/100|[from] drain|[of] p1a: Kartana\n|\n|-end|p1a: Kartana|move: Future Sight\n|-resisted|p1a: Kartana\n|-damage|p1a: Kartana|0 fnt\n|faint|p1a: Kartana\n|-heal|p2a: Hollywood|69\/100|[from] item: Leftovers\n|-sideend|p2: Cold Finally|Reflect\n|upkeep\n|c|\u2606Cold Finally|lmao\n|\n|t:|1699303959\n|switch|p1a: Cinderace|Cinderace, M, shiny|100\/100\n|turn|15\n|c| Xoviet Yunion|Oop forgor\n|\n|t:|1699303996\n|move|p1a: Cinderace|Double-Edge|p2a: Hollywood\n|-start|p1a: Cinderace|typechange|Normal|[from] ability: Libero\n|-damage|p2a: Hollywood|0 fnt\n|faint|p2a: Hollywood\n|-damage|p1a: Cinderace|77\/100|[from] Recoil\n|\n|upkeep\n|\n|t:|1699304014\n|switch|p2a: the Beast|Tapu Bulu, shiny|100\/100\n|-fieldstart|move: Grassy Terrain|[from] ability: Grassy Surge|[of] p2a: the Beast\n|turn|16\n|\n|t:|1699304024\n|move|p2a: the Beast|Wood Hammer|p1a: Cinderace\n|-damage|p1a: Cinderace|0 fnt\n|faint|p1a: Cinderace\n|-damage|p2a: the Beast|73\/100|[from] Recoil\n|\n|-heal|p2a: the Beast|80\/100|[from] Grassy Terrain\n|-sideend|p2: Cold Finally|move: Light Screen\n|upkeep\n|\n|t:|1699304031\n|switch|p1a: Inteleon|Inteleon, M, shiny|100\/100\n|turn|17\n|\n|t:|1699304044\n|move|p2a: the Beast|Wood Hammer|p1a: Inteleon\n|-supereffective|p1a: Inteleon\n|-damage|p1a: Inteleon|0 fnt\n|faint|p1a: Inteleon\n|-damage|p2a: the Beast|46\/100|[from] Recoil\n|\n|-heal|p2a: the Beast|52\/100|[from] Grassy Terrain\n|upkeep\n|\n|t:|1699304052\n|switch|p1a: Zeraora|Zeraora, shiny|72\/100\n|turn|18\n|\n|t:|1699304055\n|move|p1a: Zeraora|Plasma Fists|p2a: the Beast\n|-resisted|p2a: the Beast\n|-damage|p2a: the Beast|26\/100\n|-fieldactivate|move: Ion Deluge\n|-hint|Normal-type moves become Electric-type after using Plasma Fists.\n|move|p2a: the Beast|Wood Hammer|p1a: Zeraora\n|-damage|p1a: Zeraora|0 fnt\n|faint|p1a: Zeraora\n|-damage|p2a: the Beast|0 fnt|[from] Recoil\n|faint|p2a: the Beast\n|\n|upkeep\n|\n|t:|1699304067\n|switch|p1a: Diancie|Diancie-Mega, shiny|92\/100 par\n|switch|p2a: ass goblin|Grimmsnarl, M, shiny|8\/100\n|turn|19\n|\n|t:|1699304074\n|move|p2a: ass goblin|Light Screen|p2a: ass goblin\n|-sidestart|p2: Cold Finally|move: Light Screen\n|move|p1a: Diancie|Diamond Storm|p2a: ass goblin\n|-damage|p2a: ass goblin|0 fnt\n|faint|p2a: ass goblin\n|\n|-heal|p1a: Diancie|98\/100 par|[from] Grassy Terrain\n|upkeep\n|\n|t:|1699304105\n|switch|p2a: Gothmo|Mawile, F|100\/100\n|-ability|p2a: Gothmo|Intimidate|boost\n|-unboost|p1a: Diancie|atk|1\n|turn|20\n|\n|t:|1699304109\n|switch|p1a: Landorus|Landorus-Therian, M, shiny|100\/100\n|-ability|p1a: Landorus|Intimidate|boost\n|-unboost|p2a: Gothmo|atk|1\n|detailschange|p2a: Gothmo|Mawile-Mega, F\n|-mega|p2a: Gothmo|Mawile|Mawilite\n|move|p2a: Gothmo|Swords Dance|p2a: Gothmo\n|-boost|p2a: Gothmo|atk|2\n|\n|-fieldend|move: Grassy Terrain\n|upkeep\n|turn|21\n|\n|t:|1699304122\n|move|p2a: Gothmo|Sucker Punch|p1a: Landorus\n|-damage|p1a: Landorus|45\/100\n|-damage|p2a: Gothmo|84\/100|[from] item: Rocky Helmet|[of] p1a: Landorus\n|move|p1a: Landorus|Earthquake|p2a: Gothmo\n|-supereffective|p2a: Gothmo\n|-damage|p2a: Gothmo|0 fnt\n|faint|p2a: Gothmo\n|\n|upkeep\n|\n|t:|1699304167\n|switch|p2a: Hot Koko|Tapu Koko, shiny|100\/100\n|-fieldstart|move: Electric Terrain|[from] ability: Electric Surge|[of] p2a: Hot Koko\n|turn|22\n|\n|t:|1699304181\n|switch|p1a: Diancie|Diancie-Mega, shiny|98\/100 par\n|move|p2a: Hot Koko|Dazzling Gleam|p1a: Diancie\n|-damage|p1a: Diancie|35\/100 par\n|\n|upkeep\n|turn|23\n|\n|t:|1699304186\n|move|p2a: Hot Koko|Dazzling Gleam|p1a: Diancie\n|-damage|p1a: Diancie|0 fnt\n|faint|p1a: Diancie\n|\n|upkeep\n|\n|t:|1699304188\n|switch|p1a: Landorus|Landorus-Therian, M, shiny|45\/100\n|-ability|p1a: Landorus|Intimidate|boost\n|-unboost|p2a: Hot Koko|atk|1\n|turn|24\n|\n|t:|1699304193\n|move|p2a: Hot Koko|Dazzling Gleam|p1a: Landorus\n|-damage|p1a: Landorus|0 fnt\n|faint|p1a: Landorus\n|\n|win|Cold Finally\n|c|\u2606Guj Genera|Ggwp\n|c|\u2606Cold Finally|gg\n|l| AstroSammy\n|l|\u2606Guj Genera\n","uploadtime":1699304236,"views":7,"p1id":"gujgenera","p2id":"coldfinally","formatid":"gen9nationaldexubers","rating":0,"private":0,"password":""}