{"id":"gen9nationaldexubers-1990163960","p1":"Siege Team","p2":"Popzinki","format":"[Gen 9] National Dex Ubers","log":"|j|\u2606Siege Team\n|j|\u2606Popzinki\n|t:|1699931646\n|gametype|singles\n|player|p1|Siege Team|veteran|1611\n|player|p2|Popzinki|nanu|1408\n|teamsize|p1|6\n|teamsize|p2|6\n|gen|9\n|tier|[Gen 9] National Dex Ubers\n|rated|\n|rule|HP Percentage Mod: HP is shown in percentages\n|rule|Endless Battle Clause: Forcing endless battles is banned\n|rule|OHKO Clause: OHKO moves are banned\n|rule|Evasion Moves Clause: Evasion moves are banned\n|rule|Evasion Items Clause: Evasion items are banned\n|rule|Species Clause: Limit one of each Pok\u00e9mon\n|rule|Sleep Clause Mod: Limit one foe put to sleep\n|rule|Mega Rayquaza Clause: You cannot mega evolve Rayquaza\n|clearpoke\n|poke|p1|Annihilape, M|\n|poke|p1|Arceus-Flying|\n|poke|p1|Groudon|\n|poke|p1|Necrozma-Dusk-Mane|\n|poke|p1|Yveltal|\n|poke|p1|Genesect-Shock|\n|poke|p2|Kyogre|\n|poke|p2|Groudon|\n|poke|p2|Yveltal|\n|poke|p2|Necrozma-Dusk-Mane|\n|poke|p2|Eternatus|\n|poke|p2|Ho-Oh|\n|teampreview\n|\n|t:|1699931661\n|start\n|switch|p1a: Annihilape|Annihilape, M|100\/100\n|switch|p2a: Yveltal|Yveltal|100\/100\n|-ability|p2a: Yveltal|Dark Aura\n|turn|1\n|inactive|Battle timer is ON: inactive players will automatically lose when time's up. (requested by Siege Team)\n|\n|t:|1699931674\n|move|p1a: Annihilape|Final Gambit|p2a: Yveltal\n|-damage|p2a: Yveltal|0 fnt\n|faint|p1a: Annihilape\n|faint|p2a: Yveltal\n|\n|upkeep\n|\n|t:|1699931681\n|switch|p1a: Arceus|Arceus-Flying|100\/100\n|switch|p2a: Groudon|Groudon|100\/100\n|detailschange|p2a: Groudon|Groudon-Primal\n|-primal|p2a: Groudon|Red Orb\n|-weather|DesolateLand|[from] ability: Desolate Land|[of] p2a: Groudon\n|turn|2\n|\n|t:|1699931686\n|move|p1a: Arceus|Judgment|p2a: Groudon\n|-damage|p2a: Groudon|45\/100\n|move|p2a: Groudon|Rock Slide|p1a: Arceus\n|-supereffective|p1a: Arceus\n|-damage|p1a: Arceus|46\/100\n|\n|-weather|DesolateLand|[upkeep]\n|upkeep\n|turn|3\n|\n|t:|1699931695\n|move|p1a: Arceus|Judgment|p2a: Groudon\n|-damage|p2a: Groudon|0 fnt\n|faint|p2a: Groudon\n|-weather|none\n|\n|upkeep\n|\n|t:|1699931701\n|switch|p2a: Necrozma|Necrozma-Dusk-Mane|100\/100\n|turn|4\n|\n|t:|1699931704\n|switch|p1a: Necrozma|Necrozma-Dusk-Mane|100\/100\n|move|p2a: Necrozma|Autotomize|p2a: Necrozma\n|-boost|p2a: Necrozma|spe|2\n|-start|p2a: Necrozma|Autotomize\n|\n|upkeep\n|turn|5\n|\n|t:|1699931711\n|move|p2a: Necrozma|Earthquake|p1a: Necrozma\n|-supereffective|p1a: Necrozma\n|-damage|p1a: Necrozma|55\/100\n|-enditem|p1a: Necrozma|Weakness Policy\n|-boost|p1a: Necrozma|atk|2|[from] item: Weakness Policy\n|-boost|p1a: Necrozma|spa|2|[from] item: Weakness Policy\n|move|p1a: Necrozma|Trick Room|p1a: Necrozma\n|-fieldstart|move: Trick Room|[of] p1a: Necrozma\n|\n|upkeep\n|turn|6\n|\n|t:|1699931717\n|-terastallize|p1a: Necrozma|Ground\n|move|p1a: Necrozma|Earthquake|p2a: Necrozma\n|-supereffective|p2a: Necrozma\n|-damage|p2a: Necrozma|0 fnt\n|faint|p2a: Necrozma\n|\n|upkeep\n|\n|t:|1699931724\n|switch|p2a: Ho-Oh|Ho-Oh|100\/100\n|turn|7\n|\n|t:|1699931729\n|move|p1a: Necrozma|Psychic Fangs|p2a: Ho-Oh\n|-damage|p2a: Ho-Oh|19\/100\n|move|p2a: Ho-Oh|Sacred Fire|p1a: Necrozma\n|-damage|p1a: Necrozma|18\/100\n|-status|p1a: Necrozma|brn\n|\n|-damage|p1a: Necrozma|12\/100 brn|[from] brn\n|upkeep\n|turn|8\n|\n|t:|1699931737\n|switch|p2a: Eternatus|Eternatus|100\/100\n|-ability|p2a: Eternatus|Pressure\n|move|p1a: Necrozma|Psychic Fangs|p2a: Eternatus\n|-supereffective|p2a: Eternatus\n|-damage|p2a: Eternatus|11\/100\n|\n|-heal|p2a: Eternatus|18\/100|[from] item: Leftovers\n|-damage|p1a: Necrozma|6\/100 brn|[from] brn\n|upkeep\n|turn|9\n|\n|t:|1699931746\n|move|p1a: Necrozma|Psychic Fangs|p2a: Eternatus\n|-supereffective|p2a: Eternatus\n|-damage|p2a: Eternatus|0 fnt\n|faint|p2a: Eternatus\n|\n|-damage|p1a: Necrozma|0 fnt|[from] brn\n|faint|p1a: Necrozma\n|-fieldend|move: Trick Room\n|upkeep\n|\n|t:|1699931754\n|switch|p2a: Ho-Oh|Ho-Oh|52\/100\n|switch|p1a: Genesect|Genesect-Shock|100\/100\n|-ability|p1a: Genesect|Download|boost\n|-boost|p1a: Genesect|atk|1\n|turn|10\n|\n|t:|1699931761\n|move|p1a: Genesect|Techno Blast|p2a: Ho-Oh\n|-supereffective|p2a: Ho-Oh\n|-damage|p2a: Ho-Oh|9\/100\n|move|p2a: Ho-Oh|Sacred Fire|p1a: Genesect\n|-supereffective|p1a: Genesect\n|-damage|p1a: Genesect|0 fnt\n|faint|p1a: Genesect\n|\n|upkeep\n|\n|t:|1699931771\n|switch|p1a: Arceus|Arceus-Flying|46\/100\n|turn|11\n|\n|t:|1699931776\n|switch|p2a: Kyogre|Kyogre|100\/100\n|-weather|RainDance|[from] ability: Drizzle|[of] p2a: Kyogre\n|move|p1a: Arceus|Judgment|p2a: Kyogre\n|-damage|p2a: Kyogre|59\/100\n|\n|-weather|RainDance|[upkeep]\n|upkeep\n|turn|12\n|\n|t:|1699931783\n|move|p2a: Kyogre|Ice Beam|p1a: Arceus\n|-supereffective|p1a: Arceus\n|-damage|p1a: Arceus|0 fnt\n|faint|p1a: Arceus\n|\n|-weather|RainDance|[upkeep]\n|upkeep\n|\n|t:|1699931788\n|switch|p1a: Groudon|Groudon|100\/100\n|detailschange|p1a: Groudon|Groudon-Primal\n|-primal|p1a: Groudon|Red Orb\n|-weather|DesolateLand|[from] ability: Desolate Land|[of] p1a: Groudon\n|turn|13\n|\n|t:|1699931793\n|move|p2a: Kyogre|Ice Beam|p1a: Groudon\n|-damage|p1a: Groudon|69\/100\n|move|p1a: Groudon|Rock Tomb|p2a: Kyogre\n|-damage|p2a: Kyogre|33\/100\n|-unboost|p2a: Kyogre|spe|1\n|\n|-weather|DesolateLand|[upkeep]\n|upkeep\n|turn|14\n|\n|t:|1699931800\n|move|p1a: Groudon|Heat Crash|p2a: Kyogre\n|-resisted|p2a: Kyogre\n|-damage|p2a: Kyogre|6\/100\n|move|p2a: Kyogre|Ice Beam|p1a: Groudon\n|-damage|p1a: Groudon|39\/100\n|\n|-weather|DesolateLand|[upkeep]\n|upkeep\n|turn|15\n|\n|t:|1699931806\n|move|p1a: Groudon|Heat Crash|p2a: Kyogre\n|-resisted|p2a: Kyogre\n|-damage|p2a: Kyogre|0 fnt\n|faint|p2a: Kyogre\n|\n|-weather|DesolateLand|[upkeep]\n|upkeep\n|\n|t:|1699931809\n|switch|p2a: Ho-Oh|Ho-Oh|42\/100\n|turn|16\n|\n|t:|1699931812\n|move|p1a: Groudon|Rock Tomb|p2a: Ho-Oh\n|-supereffective|p2a: Ho-Oh\n|-damage|p2a: Ho-Oh|0 fnt\n|faint|p2a: Ho-Oh\n|\n|win|Siege Team\n|raw|Siege Team's rating: 1611 &rarr; <strong>1620<\/strong><br \/>(+9 for winning)\n|raw|Popzinki's rating: 1408 &rarr; <strong>1399<\/strong><br \/>(-9 for losing)\n","uploadtime":1699931816,"views":7,"p1id":"siegeteam","p2id":"popzinki","formatid":"gen9nationaldexubers","rating":1399,"private":0,"password":""}