{"id":"gen9nationaldexubers-1989247941","p1":"cdjcjdn","p2":"KingoftheTitans","format":"[Gen 9] National Dex Ubers","log":"|j|\u2606cdjcjdn\n|j|\u2606KingoftheTitans\n|t:|1699827774\n|gametype|singles\n|player|p1|cdjcjdn|benga|1104\n|player|p2|KingoftheTitans|2|1230\n|teamsize|p1|6\n|teamsize|p2|6\n|gen|9\n|tier|[Gen 9] National Dex Ubers\n|rated|\n|rule|HP Percentage Mod: HP is shown in percentages\n|rule|Endless Battle Clause: Forcing endless battles is banned\n|rule|OHKO Clause: OHKO moves are banned\n|rule|Evasion Moves Clause: Evasion moves are banned\n|rule|Evasion Items Clause: Evasion items are banned\n|rule|Species Clause: Limit one of each Pok\u00e9mon\n|rule|Sleep Clause Mod: Limit one foe put to sleep\n|rule|Mega Rayquaza Clause: You cannot mega evolve Rayquaza\n|clearpoke\n|poke|p1|Ninjask, F|\n|poke|p1|Annihilape, F|\n|poke|p1|Mewtwo|\n|poke|p1|Blaziken, M|\n|poke|p1|Kyogre|\n|poke|p1|Necrozma-Dusk-Mane|\n|poke|p2|Diancie|\n|poke|p2|Volcarona, F|\n|poke|p2|Ursaluna-Bloodmoon, M|\n|poke|p2|Dragonite, M|\n|poke|p2|Ogerpon-Wellspring, F|\n|poke|p2|Lycanroc-Dusk, M|\n|teampreview\n|inactive|Battle timer is ON: inactive players will automatically lose when time's up. (requested by cdjcjdn)\n|\n|t:|1699827780\n|start\n|switch|p1a: Ninjask|Ninjask, F, shiny|100\/100\n|switch|p2a: Lycanroc|Lycanroc-Dusk, M|100\/100\n|turn|1\n|\n|t:|1699827796\n|move|p1a: Ninjask|Protect|p1a: Ninjask\n|-singleturn|p1a: Ninjask|Protect\n|move|p2a: Lycanroc|Stone Edge|p1a: Ninjask\n|-activate|p1a: Ninjask|move: Protect\n|\n|-ability|p1a: Ninjask|Speed Boost|boost\n|-boost|p1a: Ninjask|spe|1\n|upkeep\n|turn|2\n|\n|t:|1699827803\n|move|p1a: Ninjask|Swords Dance|p1a: Ninjask\n|-boost|p1a: Ninjask|atk|2\n|move|p2a: Lycanroc|Stone Edge|p1a: Ninjask\n|-supereffective|p1a: Ninjask\n|-enditem|p1a: Ninjask|Focus Sash\n|-damage|p1a: Ninjask|1\/100\n|\n|-ability|p1a: Ninjask|Speed Boost|boost\n|-boost|p1a: Ninjask|spe|1\n|upkeep\n|turn|3\n|\n|t:|1699827811\n|move|p1a: Ninjask|Protect|p1a: Ninjask\n|-singleturn|p1a: Ninjask|Protect\n|move|p2a: Lycanroc|Accelerock|p1a: Ninjask\n|-activate|p1a: Ninjask|move: Protect\n|\n|-ability|p1a: Ninjask|Speed Boost|boost\n|-boost|p1a: Ninjask|spe|1\n|upkeep\n|turn|4\n|\n|t:|1699827818\n|move|p2a: Lycanroc|Accelerock|p1a: Ninjask\n|-supereffective|p1a: Ninjask\n|-damage|p1a: Ninjask|0 fnt\n|faint|p1a: Ninjask\n|\n|upkeep\n|\n|t:|1699827825\n|switch|p1a: Blaziken|Blaziken, M|100\/100\n|turn|5\n|\n|t:|1699827828\n|move|p1a: Blaziken|Protect|p1a: Blaziken\n|-singleturn|p1a: Blaziken|Protect\n|-zpower|p2a: Lycanroc\n|move|p2a: Lycanroc|Splintered Stormshards|p1a: Blaziken|[zeffect]\n|-zbroken|p1a: Blaziken\n|-damage|p1a: Blaziken|64\/100\n|\n|-ability|p1a: Blaziken|Speed Boost|boost\n|-boost|p1a: Blaziken|spe|1\n|upkeep\n|turn|6\n|\n|t:|1699827839\n|move|p1a: Blaziken|Swords Dance|p1a: Blaziken\n|-boost|p1a: Blaziken|atk|2\n|move|p2a: Lycanroc|Stone Edge|p1a: Blaziken\n|-damage|p1a: Blaziken|0 fnt\n|faint|p1a: Blaziken\n|\n|upkeep\n|c|\u2606cdjcjdn|hehehe\n|c|\u2606cdjcjdn|oh\n|\n|t:|1699827847\n|switch|p1a: Kyogre|Kyogre|100\/100\n|detailschange|p1a: Kyogre|Kyogre-Primal\n|-primal|p1a: Kyogre|Blue Orb\n|-weather|PrimordialSea|[from] ability: Primordial Sea|[of] p1a: Kyogre\n|turn|7\n|c|\u2606KingoftheTitans|Oh shoot\n|\n|t:|1699827854\n|move|p2a: Lycanroc|Stone Edge|p1a: Kyogre|[miss]\n|-miss|p2a: Lycanroc|p1a: Kyogre\n|move|p1a: Kyogre|Origin Pulse|p2a: Lycanroc\n|-supereffective|p2a: Lycanroc\n|-crit|p2a: Lycanroc\n|-damage|p2a: Lycanroc|0 fnt\n|faint|p2a: Lycanroc\n|\n|-weather|PrimordialSea|[upkeep]\n|upkeep\n|c|\u2606KingoftheTitans|NO\n|\n|t:|1699827864\n|switch|p2a: Ogerpon|Ogerpon-Wellspring, F|100\/100\n|turn|8\n|\n|t:|1699827872\n|move|p2a: Ogerpon|Horn Leech|p1a: Kyogre\n|-supereffective|p1a: Kyogre\n|-damage|p1a: Kyogre|10\/100\n|move|p1a: Kyogre|Signal Beam|p2a: Ogerpon\n|-supereffective|p2a: Ogerpon\n|-damage|p2a: Ogerpon|27\/100\n|\n|-weather|PrimordialSea|[upkeep]\n|upkeep\n|turn|9\n|\n|t:|1699827878\n|move|p2a: Ogerpon|Horn Leech|p1a: Kyogre\n|-supereffective|p1a: Kyogre\n|-damage|p1a: Kyogre|0 fnt\n|-heal|p2a: Ogerpon|33\/100|[from] drain|[of] p1a: Kyogre\n|faint|p1a: Kyogre\n|-weather|none\n|\n|upkeep\n|\n|t:|1699827884\n|switch|p1a: Annihilape|Annihilape, F, shiny|100\/100\n|turn|10\n|\n|t:|1699827890\n|move|p2a: Ogerpon|Swords Dance|p2a: Ogerpon\n|-boost|p2a: Ogerpon|atk|2\n|move|p1a: Annihilape|Drain Punch|p2a: Ogerpon\n|-damage|p2a: Ogerpon|0 fnt\n|faint|p2a: Ogerpon\n|\n|upkeep\n|c|\u2606KingoftheTitans|Oh\n|\n|t:|1699827898\n|switch|p2a: Ursaluna|Ursaluna-Bloodmoon, M|100\/100\n|turn|11\n|\n|t:|1699827914\n|move|p1a: Annihilape|Drain Punch|p2a: Ursaluna\n|-supereffective|p2a: Ursaluna\n|-damage|p2a: Ursaluna|41\/100\n|move|p2a: Ursaluna|Blood Moon|p1a: Annihilape\n|-damage|p1a: Annihilape|30\/100\n|\n|-heal|p1a: Annihilape|37\/100|[from] item: Leftovers\n|-heal|p2a: Ursaluna|47\/100|[from] item: Leftovers\n|upkeep\n|turn|12\n|\n|t:|1699827922\n|move|p2a: Ursaluna|Vacuum Wave|p1a: Annihilape\n|-damage|p1a: Annihilape|21\/100\n|move|p1a: Annihilape|Drain Punch|p2a: Ursaluna\n|-supereffective|p2a: Ursaluna\n|-damage|p2a: Ursaluna|0 fnt\n|-heal|p1a: Annihilape|43\/100|[from] drain|[of] p2a: Ursaluna\n|faint|p2a: Ursaluna\n|\n|-heal|p1a: Annihilape|49\/100|[from] item: Leftovers\n|upkeep\n|\n|t:|1699827932\n|switch|p2a: Dragonite|Dragonite, M|100\/100\n|turn|13\n|\n|t:|1699827940\n|-terastallize|p2a: Dragonite|Normal\n|move|p2a: Dragonite|Dragon Dance|p2a: Dragonite\n|-boost|p2a: Dragonite|atk|1\n|-boost|p2a: Dragonite|spe|1\n|move|p1a: Annihilape|Rage Fist|p2a: Dragonite\n|-immune|p2a: Dragonite\n|\n|-heal|p1a: Annihilape|55\/100|[from] item: Leftovers\n|upkeep\n|turn|14\n|\n|t:|1699827949\n|move|p2a: Dragonite|Dragon Dance|p2a: Dragonite\n|-boost|p2a: Dragonite|atk|1\n|-boost|p2a: Dragonite|spe|1\n|move|p1a: Annihilape|Drain Punch|p2a: Dragonite\n|-supereffective|p2a: Dragonite\n|-damage|p2a: Dragonite|57\/100\n|-heal|p1a: Annihilape|71\/100|[from] drain|[of] p2a: Dragonite\n|\n|-heal|p2a: Dragonite|64\/100|[from] item: Leftovers\n|-heal|p1a: Annihilape|78\/100|[from] item: Leftovers\n|upkeep\n|turn|15\n|\n|t:|1699827964\n|-terastallize|p1a: Annihilape|Steel\n|move|p2a: Dragonite|Dual Wingbeat|p1a: Annihilape\n|-resisted|p1a: Annihilape\n|-damage|p1a: Annihilape|57\/100\n|-resisted|p1a: Annihilape\n|-damage|p1a: Annihilape|37\/100\n|-hitcount|p1a: Annihilape|2\n|move|p1a: Annihilape|Drain Punch|p2a: Dragonite\n|-supereffective|p2a: Dragonite\n|-damage|p2a: Dragonite|0 fnt\n|-heal|p1a: Annihilape|61\/100|[from] drain|[of] p2a: Dragonite\n|faint|p2a: Dragonite\n|\n|-heal|p1a: Annihilape|67\/100|[from] item: Leftovers\n|upkeep\n|\n|t:|1699827976\n|switch|p2a: Volcarona|Volcarona, F|100\/100\n|turn|16\n|c|\u2606cdjcjdn|hard read\n|\n|t:|1699827982\n|move|p2a: Volcarona|Fiery Dance|p1a: Annihilape\n|-supereffective|p1a: Annihilape\n|-damage|p1a: Annihilape|0 fnt\n|-boost|p2a: Volcarona|spa|1\n|faint|p1a: Annihilape\n|\n|upkeep\n|\n|t:|1699827986\n|switch|p1a: Necrozma|Necrozma-Dusk-Mane|100\/100\n|turn|17\n|\n|t:|1699827991\n|detailschange|p1a: Necrozma|Necrozma-Ultra\n|-burst|p1a: Necrozma|Necrozma|Ultranecrozium Z\n|move|p1a: Necrozma|Dragon Dance|p1a: Necrozma\n|-boost|p1a: Necrozma|atk|1\n|-boost|p1a: Necrozma|spe|1\n|move|p2a: Volcarona|Quiver Dance|p2a: Volcarona\n|-boost|p2a: Volcarona|spa|1\n|-boost|p2a: Volcarona|spd|1\n|-boost|p2a: Volcarona|spe|1\n|\n|upkeep\n|turn|18\n|\n|t:|1699828002\n|move|p1a: Necrozma|Outrage|p2a: Volcarona\n|-damage|p2a: Volcarona|0 fnt\n|-status|p1a: Necrozma|brn|[from] ability: Flame Body|[of] p2a: Volcarona\n|faint|p2a: Volcarona\n|\n|-damage|p1a: Necrozma|95\/100 brn|[from] brn\n|upkeep\n|c|\u2606KingoftheTitans|???????????\n|\n|t:|1699828009\n|switch|p2a: Diancie|Diancie|100\/100\n|turn|19\n|\n|t:|1699828012\n|detailschange|p2a: Diancie|Diancie-Mega\n|-mega|p2a: Diancie|Diancie|Diancite\n|move|p1a: Necrozma|Outrage|p2a: Diancie|[from]lockedmove\n|-immune|p2a: Diancie\n|move|p2a: Diancie|Moonblast|p1a: Necrozma\n|-supereffective|p1a: Necrozma\n|-damage|p1a: Necrozma|0 fnt\n|faint|p1a: Necrozma\n|\n|upkeep\n|\n|t:|1699828016\n|switch|p1a: Mewtwo|Mewtwo|100\/100\n|-ability|p1a: Mewtwo|Pressure\n|turn|20\n|\n|t:|1699828027\n|detailschange|p1a: Mewtwo|Mewtwo-Mega-Y\n|-mega|p1a: Mewtwo|Mewtwo|Mewtwonite Y\n|move|p1a: Mewtwo|Energy Ball|p2a: Diancie\n|-supereffective|p2a: Diancie\n|-damage|p2a: Diancie|0 fnt\n|faint|p2a: Diancie\n|\n|win|cdjcjdn\n|raw|cdjcjdn's rating: 1104 &rarr; <strong>1138<\/strong><br \/>(+34 for winning)\n|raw|KingoftheTitans's rating: 1230 &rarr; <strong>1196<\/strong><br \/>(-34 for losing)\n|c|\u2606KingoftheTitans|WOAH\n","uploadtime":1699828039,"views":7,"p1id":"cdjcjdn","p2id":"kingofthetitans","formatid":"gen9nationaldexubers","rating":1138,"private":0,"password":""}