{"id":"gen9nationaldexubers-1985689920","p1":"disco 2003","p2":"Zygarde is Bae","format":"[Gen 9] National Dex Ubers","log":"|j|\u2606disco 2003\n|j|\u2606Zygarde is Bae\n|t:|1699396047\n|gametype|singles\n|player|p1|disco 2003|1|\n|player|p2|Zygarde is Bae|erika-masters|\n|teamsize|p1|6\n|teamsize|p2|6\n|gen|9\n|tier|[Gen 9] National Dex Ubers\n|rule|HP Percentage Mod: HP is shown in percentages\n|rule|Endless Battle Clause: Forcing endless battles is banned\n|rule|OHKO Clause: OHKO moves are banned\n|rule|Evasion Moves Clause: Evasion moves are banned\n|rule|Evasion Items Clause: Evasion items are banned\n|rule|Species Clause: Limit one of each Pok\u00e9mon\n|rule|Sleep Clause Mod: Limit one foe put to sleep\n|rule|Mega Rayquaza Clause: You cannot mega evolve Rayquaza\n|clearpoke\n|poke|p1|Ninetales-Alola, F|\n|poke|p1|Hatterene, F|\n|poke|p1|Magnezone|\n|poke|p1|Lopunny, M|\n|poke|p1|Baxcalibur, M|\n|poke|p1|Ogerpon-Wellspring, F|\n|poke|p2|Greninja-*, M|\n|poke|p2|Slowbro, M|\n|poke|p2|Tornadus-Therian, M|\n|poke|p2|Tapu Fini|\n|poke|p2|Gastrodon-East, M|\n|poke|p2|Rotom-Wash|\n|teampreview\n|j| Pex Hater\n|j| Cr0ssHeart\n|j| Qontent\n|c| Pex Hater|i got in ez pz\n|j| Birkenstock\n|\n|t:|1699396163\n|start\n|switch|p1a: Buneary+|Lopunny, M|100\/100\n|switch|p2a: Lose Yourself|Greninja, M|100\/100\n|turn|1\n|c| Birkenstock|Cock\n|c| Cr0ssHeart|balls\n|c| Birkenstock|:3\n|c| Pex Hater|Bock and Call\n|\n|t:|1699396238\n|switch|p2a: Telekinetic|Slowbro, M|100\/100\n|detailschange|p1a: Buneary+|Lopunny-Mega, M\n|-mega|p1a: Buneary+|Lopunny|Lopunnite\n|move|p1a: Buneary+|Return|p2a: Telekinetic\n|-damage|p2a: Telekinetic|69\/100\n|\n|upkeep\n|turn|2\n|\n|t:|1699396275\n|switch|p2a: Sinking Sand|Tornadus-Therian, M, shiny|100\/100\n|move|p1a: Buneary+|U-turn|p2a: Sinking Sand\n|-resisted|p2a: Sinking Sand\n|-damage|p2a: Sinking Sand|84\/100\n|\n|t:|1699396304\n|switch|p1a: Hey Oh|Ninetales-Alola, F|100\/100|[from] U-turn\n|-weather|Snow|[from] ability: Snow Warning|[of] p1a: Hey Oh\n|\n|-weather|Snow|[upkeep]\n|upkeep\n|turn|3\n|\n|t:|1699396328\n|move|p2a: Sinking Sand|Heat Wave|p1a: Hey Oh\n|-supereffective|p1a: Hey Oh\n|-damage|p1a: Hey Oh|48\/100\n|move|p1a: Hey Oh|Aurora Veil|p1a: Hey Oh\n|-sidestart|p1: disco 2003|move: Aurora Veil\n|\n|-weather|Snow|[upkeep]\n|upkeep\n|turn|4\n|c| Birkenstock|Uh oh\n|\n|t:|1699396349\n|move|p2a: Sinking Sand|Heat Wave|p1a: Hey Oh\n|-supereffective|p1a: Hey Oh\n|-damage|p1a: Hey Oh|18\/100\n|move|p1a: Hey Oh|Freeze-Dry|p2a: Sinking Sand\n|-supereffective|p2a: Sinking Sand\n|-damage|p2a: Sinking Sand|32\/100\n|\n|-weather|Snow|[upkeep]\n|upkeep\n|turn|5\n|\n|t:|1699396382\n|switch|p1a: Mirror Mirror|Hatterene, F, shiny|100\/100\n|-zpower|p2a: Sinking Sand\n|move|p2a: Sinking Sand|All-Out Pummeling|p1a: Mirror Mirror|[zeffect]\n|-resisted|p1a: Mirror Mirror\n|-damage|p1a: Mirror Mirror|93\/100\n|\n|-weather|Snow|[upkeep]\n|-heal|p1a: Mirror Mirror|99\/100|[from] item: Leftovers\n|upkeep\n|turn|6\n|c| Birkenstock|1%\n|\n|t:|1699396404\n|switch|p2a: Telekinetic|Slowbro, M|100\/100\n|move|p1a: Mirror Mirror|Calm Mind|p1a: Mirror Mirror\n|-boost|p1a: Mirror Mirror|spa|1\n|-boost|p1a: Mirror Mirror|spd|1\n|\n|-weather|none\n|-heal|p1a: Mirror Mirror|100\/100|[from] item: Leftovers\n|upkeep\n|turn|7\n|\n|t:|1699396421\n|move|p1a: Mirror Mirror|Calm Mind|p1a: Mirror Mirror\n|-boost|p1a: Mirror Mirror|spa|1\n|-boost|p1a: Mirror Mirror|spd|1\n|move|p2a: Telekinetic|Calm Mind|p2a: Telekinetic\n|-boost|p2a: Telekinetic|spa|1\n|-boost|p2a: Telekinetic|spd|1\n|\n|upkeep\n|turn|8\n|\n|t:|1699396429\n|detailschange|p2a: Telekinetic|Slowbro-Mega, M\n|-mega|p2a: Telekinetic|Slowbro|Slowbronite\n|move|p1a: Mirror Mirror|Calm Mind|p1a: Mirror Mirror\n|-boost|p1a: Mirror Mirror|spa|1\n|-boost|p1a: Mirror Mirror|spd|1\n|move|p2a: Telekinetic|Calm Mind|p2a: Telekinetic\n|-boost|p2a: Telekinetic|spa|1\n|-boost|p2a: Telekinetic|spd|1\n|\n|upkeep\n|turn|9\n|\n|t:|1699396435\n|move|p1a: Mirror Mirror|Calm Mind|p1a: Mirror Mirror\n|-boost|p1a: Mirror Mirror|spa|1\n|-boost|p1a: Mirror Mirror|spd|1\n|move|p2a: Telekinetic|Calm Mind|p2a: Telekinetic\n|-boost|p2a: Telekinetic|spa|1\n|-boost|p2a: Telekinetic|spd|1\n|\n|upkeep\n|turn|10\n|\n|t:|1699396439\n|move|p1a: Mirror Mirror|Calm Mind|p1a: Mirror Mirror\n|-boost|p1a: Mirror Mirror|spa|1\n|-boost|p1a: Mirror Mirror|spd|1\n|move|p2a: Telekinetic|Calm Mind|p2a: Telekinetic\n|-boost|p2a: Telekinetic|spa|1\n|-boost|p2a: Telekinetic|spd|1\n|\n|-sideend|p1: disco 2003|move: Aurora Veil\n|upkeep\n|turn|11\n|\n|t:|1699396444\n|move|p1a: Mirror Mirror|Calm Mind|p1a: Mirror Mirror\n|-boost|p1a: Mirror Mirror|spa|1\n|-boost|p1a: Mirror Mirror|spd|1\n|move|p2a: Telekinetic|Calm Mind|p2a: Telekinetic\n|-boost|p2a: Telekinetic|spa|1\n|-boost|p2a: Telekinetic|spd|1\n|\n|upkeep\n|turn|12\n|\n|t:|1699396448\n|move|p1a: Mirror Mirror|Mystical Fire|p2a: Telekinetic\n|-resisted|p2a: Telekinetic\n|-damage|p2a: Telekinetic|88\/100\n|-unboost|p2a: Telekinetic|spa|1\n|move|p2a: Telekinetic|Calm Mind|p2a: Telekinetic\n|-boost|p2a: Telekinetic|spa|1\n|-boost|p2a: Telekinetic|spd|1\n|\n|upkeep\n|turn|13\n|\n|t:|1699396454\n|move|p1a: Mirror Mirror|Mystical Fire|p2a: Telekinetic\n|-resisted|p2a: Telekinetic\n|-damage|p2a: Telekinetic|77\/100\n|-unboost|p2a: Telekinetic|spa|1\n|move|p2a: Telekinetic|Scald|p1a: Mirror Mirror\n|-damage|p1a: Mirror Mirror|75\/100\n|\n|-heal|p1a: Mirror Mirror|81\/100|[from] item: Leftovers\n|upkeep\n|turn|14\n|c| Birkenstock|Why tho\n|\n|t:|1699396462\n|move|p1a: Mirror Mirror|Mystical Fire|p2a: Telekinetic\n|-resisted|p2a: Telekinetic\n|-damage|p2a: Telekinetic|65\/100\n|-unboost|p2a: Telekinetic|spa|1\n|move|p2a: Telekinetic|Scald|p1a: Mirror Mirror\n|-damage|p1a: Mirror Mirror|56\/100\n|-status|p1a: Mirror Mirror|brn\n|\n|-heal|p1a: Mirror Mirror|62\/100 brn|[from] item: Leftovers\n|-damage|p1a: Mirror Mirror|56\/100 brn|[from] brn\n|upkeep\n|turn|15\n|\n|t:|1699396470\n|move|p1a: Mirror Mirror|Draining Kiss|p2a: Telekinetic\n|-damage|p2a: Telekinetic|40\/100\n|-heal|p1a: Mirror Mirror|79\/100 brn|[from] drain|[of] p2a: Telekinetic\n|move|p2a: Telekinetic|Slack Off|p2a: Telekinetic\n|-heal|p2a: Telekinetic|90\/100\n|\n|-heal|p1a: Mirror Mirror|85\/100 brn|[from] item: Leftovers\n|-damage|p1a: Mirror Mirror|79\/100 brn|[from] brn\n|upkeep\n|turn|16\n|\n|t:|1699396475\n|move|p1a: Mirror Mirror|Draining Kiss|p2a: Telekinetic\n|-damage|p2a: Telekinetic|66\/100\n|-heal|p1a: Mirror Mirror|100\/100 brn|[from] drain|[of] p2a: Telekinetic\n|move|p2a: Telekinetic|Psyshock|p1a: Mirror Mirror\n|-resisted|p1a: Mirror Mirror\n|-damage|p1a: Mirror Mirror|61\/100 brn\n|\n|-heal|p1a: Mirror Mirror|67\/100 brn|[from] item: Leftovers\n|-damage|p1a: Mirror Mirror|61\/100 brn|[from] brn\n|upkeep\n|turn|17\n|\n|t:|1699396482\n|move|p1a: Mirror Mirror|Draining Kiss|p2a: Telekinetic\n|-damage|p2a: Telekinetic|43\/100\n|-heal|p1a: Mirror Mirror|83\/100 brn|[from] drain|[of] p2a: Telekinetic\n|move|p2a: Telekinetic|Slack Off|p2a: Telekinetic\n|-heal|p2a: Telekinetic|93\/100\n|\n|-heal|p1a: Mirror Mirror|89\/100 brn|[from] item: Leftovers\n|-damage|p1a: Mirror Mirror|83\/100 brn|[from] brn\n|upkeep\n|turn|18\n|l| Cr0ssHeart\n|\n|t:|1699396490\n|move|p1a: Mirror Mirror|Mystical Fire|p2a: Telekinetic\n|-resisted|p2a: Telekinetic\n|-damage|p2a: Telekinetic|82\/100\n|-unboost|p2a: Telekinetic|spa|1\n|move|p2a: Telekinetic|Psyshock|p1a: Mirror Mirror\n|-resisted|p1a: Mirror Mirror\n|-damage|p1a: Mirror Mirror|54\/100 brn\n|\n|-heal|p1a: Mirror Mirror|60\/100 brn|[from] item: Leftovers\n|-damage|p1a: Mirror Mirror|54\/100 brn|[from] brn\n|upkeep\n|turn|19\n|j| Cr0ssHeart\n|\n|t:|1699396500\n|move|p1a: Mirror Mirror|Draining Kiss|p2a: Telekinetic\n|-damage|p2a: Telekinetic|57\/100\n|-heal|p1a: Mirror Mirror|77\/100 brn|[from] drain|[of] p2a: Telekinetic\n|move|p2a: Telekinetic|Psyshock|p1a: Mirror Mirror\n|-resisted|p1a: Mirror Mirror\n|-damage|p1a: Mirror Mirror|49\/100 brn\n|\n|-heal|p1a: Mirror Mirror|55\/100 brn|[from] item: Leftovers\n|-damage|p1a: Mirror Mirror|49\/100 brn|[from] brn\n|upkeep\n|turn|20\n|\n|t:|1699396509\n|move|p1a: Mirror Mirror|Draining Kiss|p2a: Telekinetic\n|-damage|p2a: Telekinetic|34\/100\n|-heal|p1a: Mirror Mirror|71\/100 brn|[from] drain|[of] p2a: Telekinetic\n|move|p2a: Telekinetic|Slack Off|p2a: Telekinetic\n|-heal|p2a: Telekinetic|84\/100\n|\n|-heal|p1a: Mirror Mirror|77\/100 brn|[from] item: Leftovers\n|-damage|p1a: Mirror Mirror|71\/100 brn|[from] brn\n|upkeep\n|turn|21\n|\n|t:|1699396524\n|move|p1a: Mirror Mirror|Draining Kiss|p2a: Telekinetic\n|-damage|p2a: Telekinetic|60\/100\n|-heal|p1a: Mirror Mirror|93\/100 brn|[from] drain|[of] p2a: Telekinetic\n|move|p2a: Telekinetic|Psyshock|p1a: Mirror Mirror\n|-resisted|p1a: Mirror Mirror\n|-damage|p1a: Mirror Mirror|64\/100 brn\n|\n|-heal|p1a: Mirror Mirror|70\/100 brn|[from] item: Leftovers\n|-damage|p1a: Mirror Mirror|64\/100 brn|[from] brn\n|upkeep\n|turn|22\n|\n|t:|1699396531\n|move|p1a: Mirror Mirror|Draining Kiss|p2a: Telekinetic\n|-damage|p2a: Telekinetic|36\/100\n|-heal|p1a: Mirror Mirror|86\/100 brn|[from] drain|[of] p2a: Telekinetic\n|move|p2a: Telekinetic|Psyshock|p1a: Mirror Mirror\n|-resisted|p1a: Mirror Mirror\n|-damage|p1a: Mirror Mirror|58\/100 brn\n|\n|-heal|p1a: Mirror Mirror|64\/100 brn|[from] item: Leftovers\n|-damage|p1a: Mirror Mirror|58\/100 brn|[from] brn\n|upkeep\n|turn|23\n|\n|t:|1699396540\n|move|p1a: Mirror Mirror|Draining Kiss|p2a: Telekinetic\n|-damage|p2a: Telekinetic|11\/100\n|-heal|p1a: Mirror Mirror|81\/100 brn|[from] drain|[of] p2a: Telekinetic\n|move|p2a: Telekinetic|Slack Off|p2a: Telekinetic\n|-heal|p2a: Telekinetic|61\/100\n|\n|-heal|p1a: Mirror Mirror|87\/100 brn|[from] item: Leftovers\n|-damage|p1a: Mirror Mirror|81\/100 brn|[from] brn\n|upkeep\n|turn|24\n|\n|t:|1699396546\n|move|p1a: Mirror Mirror|Psyshock|p2a: Telekinetic\n|-resisted|p2a: Telekinetic\n|-damage|p2a: Telekinetic|33\/100\n|move|p2a: Telekinetic|Slack Off|p2a: Telekinetic\n|-heal|p2a: Telekinetic|83\/100\n|\n|-heal|p1a: Mirror Mirror|87\/100 brn|[from] item: Leftovers\n|-damage|p1a: Mirror Mirror|81\/100 brn|[from] brn\n|upkeep\n|turn|25\n|\n|t:|1699396553\n|move|p1a: Mirror Mirror|Psyshock|p2a: Telekinetic\n|-resisted|p2a: Telekinetic\n|-damage|p2a: Telekinetic|52\/100\n|move|p2a: Telekinetic|Psyshock|p1a: Mirror Mirror\n|-resisted|p1a: Mirror Mirror\n|-damage|p1a: Mirror Mirror|50\/100 brn\n|\n|-heal|p1a: Mirror Mirror|56\/100 brn|[from] item: Leftovers\n|-damage|p1a: Mirror Mirror|50\/100 brn|[from] brn\n|upkeep\n|turn|26\n|\n|t:|1699396560\n|move|p1a: Mirror Mirror|Draining Kiss|p2a: Telekinetic\n|-damage|p2a: Telekinetic|30\/100\n|-heal|p1a: Mirror Mirror|71\/100 brn|[from] drain|[of] p2a: Telekinetic\n|move|p2a: Telekinetic|Slack Off|p2a: Telekinetic\n|-heal|p2a: Telekinetic|80\/100\n|\n|-heal|p1a: Mirror Mirror|77\/100 brn|[from] item: Leftovers\n|-damage|p1a: Mirror Mirror|71\/100 brn|[from] brn\n|upkeep\n|turn|27\n|\n|t:|1699396570\n|move|p1a: Mirror Mirror|Draining Kiss|p2a: Telekinetic\n|-damage|p2a: Telekinetic|58\/100\n|-heal|p1a: Mirror Mirror|92\/100 brn|[from] drain|[of] p2a: Telekinetic\n|move|p2a: Telekinetic|Psyshock|p1a: Mirror Mirror\n|-resisted|p1a: Mirror Mirror\n|-damage|p1a: Mirror Mirror|65\/100 brn\n|\n|-heal|p1a: Mirror Mirror|71\/100 brn|[from] item: Leftovers\n|-damage|p1a: Mirror Mirror|65\/100 brn|[from] brn\n|upkeep\n|turn|28\n|\n|t:|1699396577\n|move|p1a: Mirror Mirror|Psyshock|p2a: Telekinetic\n|-resisted|p2a: Telekinetic\n|-damage|p2a: Telekinetic|28\/100\n|move|p2a: Telekinetic|Slack Off|p2a: Telekinetic\n|-heal|p2a: Telekinetic|78\/100\n|\n|-heal|p1a: Mirror Mirror|71\/100 brn|[from] item: Leftovers\n|-damage|p1a: Mirror Mirror|65\/100 brn|[from] brn\n|upkeep\n|turn|29\n|\n|t:|1699396584\n|move|p1a: Mirror Mirror|Draining Kiss|p2a: Telekinetic\n|-damage|p2a: Telekinetic|53\/100\n|-heal|p1a: Mirror Mirror|88\/100 brn|[from] drain|[of] p2a: Telekinetic\n|move|p2a: Telekinetic|Psyshock|p1a: Mirror Mirror\n|-resisted|p1a: Mirror Mirror\n|-damage|p1a: Mirror Mirror|57\/100 brn\n|\n|-heal|p1a: Mirror Mirror|63\/100 brn|[from] item: Leftovers\n|-damage|p1a: Mirror Mirror|57\/100 brn|[from] brn\n|upkeep\n|turn|30\n|\n|t:|1699396592\n|move|p1a: Mirror Mirror|Draining Kiss|p2a: Telekinetic\n|-damage|p2a: Telekinetic|31\/100\n|-heal|p1a: Mirror Mirror|77\/100 brn|[from] drain|[of] p2a: Telekinetic\n|move|p2a: Telekinetic|Slack Off|p2a: Telekinetic\n|-heal|p2a: Telekinetic|81\/100\n|\n|-heal|p1a: Mirror Mirror|83\/100 brn|[from] item: Leftovers\n|-damage|p1a: Mirror Mirror|77\/100 brn|[from] brn\n|upkeep\n|turn|31\n|\n|t:|1699396599\n|move|p1a: Mirror Mirror|Draining Kiss|p2a: Telekinetic\n|-damage|p2a: Telekinetic|60\/100\n|-heal|p1a: Mirror Mirror|98\/100 brn|[from] drain|[of] p2a: Telekinetic\n|move|p2a: Telekinetic|Psyshock|p1a: Mirror Mirror\n|-resisted|p1a: Mirror Mirror\n|-damage|p1a: Mirror Mirror|69\/100 brn\n|\n|-heal|p1a: Mirror Mirror|75\/100 brn|[from] item: Leftovers\n|-damage|p1a: Mirror Mirror|69\/100 brn|[from] brn\n|upkeep\n|turn|32\n|\n|t:|1699396612\n|move|p1a: Mirror Mirror|Psyshock|p2a: Telekinetic\n|-resisted|p2a: Telekinetic\n|-damage|p2a: Telekinetic|28\/100\n|move|p2a: Telekinetic|Psyshock|p1a: Mirror Mirror\n|-resisted|p1a: Mirror Mirror\n|-damage|p1a: Mirror Mirror|40\/100 brn\n|\n|-heal|p1a: Mirror Mirror|46\/100 brn|[from] item: Leftovers\n|-damage|p1a: Mirror Mirror|40\/100 brn|[from] brn\n|upkeep\n|turn|33\n|\n|t:|1699396623\n|move|p1a: Mirror Mirror|Draining Kiss|p2a: Telekinetic\n|-damage|p2a: Telekinetic|5\/100\n|-heal|p1a: Mirror Mirror|61\/100 brn|[from] drain|[of] p2a: Telekinetic\n|move|p2a: Telekinetic|Psyshock|p1a: Mirror Mirror\n|-resisted|p1a: Mirror Mirror\n|-damage|p1a: Mirror Mirror|32\/100 brn\n|\n|-heal|p1a: Mirror Mirror|38\/100 brn|[from] item: Leftovers\n|-damage|p1a: Mirror Mirror|32\/100 brn|[from] brn\n|upkeep\n|turn|34\n|c| Birkenstock|Click X\n|\n|t:|1699396631\n|move|p1a: Mirror Mirror|Psyshock|p2a: Telekinetic\n|-resisted|p2a: Telekinetic\n|-damage|p2a: Telekinetic|0 fnt\n|faint|p2a: Telekinetic\n|\n|-heal|p1a: Mirror Mirror|38\/100 brn|[from] item: Leftovers\n|-damage|p1a: Mirror Mirror|32\/100 brn|[from] brn\n|upkeep\n|\n|t:|1699396633\n|switch|p2a: Lose Yourself|Greninja, M|100\/100\n|turn|35\n|\n|t:|1699396636\n|switch|p1a: Comeback Szn|Magnezone|100\/100\n|move|p2a: Lose Yourself|Gunk Shot|p1a: Comeback Szn\n|-start|p2a: Lose Yourself|typechange|Poison|[from] ability: Protean\n|-immune|p1a: Comeback Szn\n|\n|upkeep\n|turn|36\n|\n|t:|1699396645\n|switch|p2a: In Between|Gastrodon-East, M|100\/100\n|move|p1a: Comeback Szn|Flash Cannon|p2a: In Between\n|-resisted|p2a: In Between\n|-damage|p2a: In Between|76\/100\n|-unboost|p2a: In Between|spd|1\n|\n|upkeep\n|turn|37\n|\n|t:|1699396713\n|switch|p2a: Leave Me Behind|Rotom-Wash|100\/100\n|move|p1a: Comeback Szn|Flash Cannon|p2a: Leave Me Behind\n|-resisted|p2a: Leave Me Behind\n|-damage|p2a: Leave Me Behind|84\/100\n|\n|-heal|p2a: Leave Me Behind|90\/100|[from] item: Leftovers\n|upkeep\n|turn|38\n|c| Birkenstock|6-0???\n|\n|t:|1699396745\n|move|p2a: Leave Me Behind|Volt Switch|p1a: Comeback Szn\n|-resisted|p1a: Comeback Szn\n|-damage|p1a: Comeback Szn|84\/100\n|\n|t:|1699396747\n|switch|p2a: In Between|Gastrodon-East, M|76\/100|[from] Volt Switch\n|move|p1a: Comeback Szn|Flash Cannon|p2a: In Between\n|-resisted|p2a: In Between\n|-damage|p2a: In Between|55\/100\n|-unboost|p2a: In Between|spd|1\n|\n|upkeep\n|turn|39\n|\n|t:|1699396778\n|switch|p1a: Mask Off|Ogerpon-Wellspring, F|100\/100\n|move|p2a: In Between|Recover|p2a: In Between\n|-heal|p2a: In Between|100\/100\n|\n|upkeep\n|turn|40\n|\n|t:|1699396792\n|switch|p2a: Sinking Sand|Tornadus-Therian, M, shiny|65\/100\n|move|p1a: Mask Off|Ivy Cudgel|p2a: Sinking Sand\n|-damage|p2a: Sinking Sand|0 fnt\n|faint|p2a: Sinking Sand\n|\n|upkeep\n|\n|t:|1699396794\n|switch|p2a: Lose Yourself|Greninja, M|100\/100\n|turn|41\n|\n|t:|1699396811\n|switch|p1a: Mirror Mirror|Hatterene, F, shiny|32\/100 brn\n|move|p2a: Lose Yourself|Hidden Power|p1a: Mirror Mirror\n|-start|p2a: Lose Yourself|typechange|Fire|[from] ability: Protean\n|-damage|p1a: Mirror Mirror|2\/100 brn\n|\n|-heal|p1a: Mirror Mirror|8\/100 brn|[from] item: Leftovers\n|-damage|p1a: Mirror Mirror|2\/100 brn|[from] brn\n|upkeep\n|turn|42\n|j| Fact of Life\n|\n|t:|1699396833\n|switch|p1a: Buneary+|Lopunny-Mega, M|100\/100\n|move|p2a: Lose Yourself|Ice Beam|p1a: Buneary+\n|-damage|p1a: Buneary+|66\/100\n|-status|p1a: Buneary+|frz\n|\n|upkeep\n|turn|43\n|c| Birkenstock|\"Winnable\" when the grass resist is dead\n|c| Birkenstock|Skull\n|raw|<div class=\"broadcast-red\"><strong>Moderated chat was set to +!<\/strong><br \/>Only users of rank + and higher can talk.<\/div>\n|\n|t:|1699396876\n|switch|p1a: Mirror Mirror|Hatterene, F, shiny|2\/100 brn\n|switch|p2a: Leave Me Behind|Rotom-Wash|90\/100\n|\n|-heal|p2a: Leave Me Behind|96\/100|[from] item: Leftovers\n|-heal|p1a: Mirror Mirror|8\/100 brn|[from] item: Leftovers\n|-damage|p1a: Mirror Mirror|2\/100 brn|[from] brn\n|upkeep\n|turn|44\n|\n|t:|1699396882\n|move|p2a: Leave Me Behind|Volt Switch|p1a: Mirror Mirror\n|-damage|p1a: Mirror Mirror|0 fnt\n|faint|p1a: Mirror Mirror\n|n|+Qontent|qontent\n|n|+Qontent|qontent\n|c|\u2606Zygarde is Bae|\/log Qontent was promoted to Room Voice by Zygarde is Bae.\n|n|+Qontent|qontent\n|c|+Qontent|!dt stench\n|raw|<ul class=\"utilichart\"><li class=\"result\"><span class=\"col namecol\"><a href=\"https:\/\/dex.pokemonshowdown.com\/abilities\/stench\">Stench<\/a><\/span> <span class=\"col abilitydesccol\">This Pokemon's attacks without a chance to flinch gain a 10% chance to flinch.<\/span> <\/li><li style=\"clear:both\"><\/li><\/ul>\n|raw|<font size=\"1\"><font color=\"#686868\">Gen:<\/font> 3<\/font>\n\n|\n|t:|1699396897\n|switch|p2a: Lose Yourself|Greninja, M|100\/100|[from] Volt Switch\n|\n|upkeep\n|\n|t:|1699396958\n|switch|p1a: DDuraludon|Baxcalibur, M|100\/100\n|turn|45\n|\n|t:|1699396968\n|switch|p2a: Dear Maria|Tapu Fini, shiny|100\/100\n|-fieldstart|move: Misty Terrain|[from] ability: Misty Surge|[of] p2a: Dear Maria\n|switch|p1a: Comeback Szn|Magnezone|84\/100\n|\n|upkeep\n|turn|46\n|\n|t:|1699396976\n|switch|p2a: Leave Me Behind|Rotom-Wash|96\/100\n|switch|p1a: Mask Off|Ogerpon-Wellspring, F|100\/100\n|\n|-heal|p2a: Leave Me Behind|100\/100|[from] item: Leftovers\n|upkeep\n|turn|47\n|\n|t:|1699397004\n|move|p1a: Mask Off|Horn Leech|p2a: Leave Me Behind\n|-supereffective|p2a: Leave Me Behind\n|-damage|p2a: Leave Me Behind|27\/100\n|move|p2a: Leave Me Behind|Volt Switch|p1a: Mask Off\n|-damage|p1a: Mask Off|71\/100\n|\n|t:|1699397010\n|switch|p2a: Lose Yourself|Greninja, M|100\/100|[from] Volt Switch\n|\n|upkeep\n|turn|48\n|\n|t:|1699397063\n|switch|p1a: Comeback Szn|Magnezone|84\/100\n|move|p2a: Lose Yourself|Gunk Shot|p1a: Comeback Szn\n|-start|p2a: Lose Yourself|typechange|Poison|[from] ability: Protean\n|-immune|p1a: Comeback Szn\n|\n|upkeep\n|turn|49\n|\n|t:|1699397080\n|switch|p2a: In Between|Gastrodon-East, M|100\/100\n|move|p1a: Comeback Szn|Flash Cannon|p2a: In Between\n|-resisted|p2a: In Between\n|-damage|p2a: In Between|79\/100\n|\n|-fieldend|Misty Terrain\n|upkeep\n|turn|50\n|\n|t:|1699397100\n|move|p1a: Comeback Szn|Flash Cannon|p2a: In Between\n|-resisted|p2a: In Between\n|-damage|p2a: In Between|54\/100\n|move|p2a: In Between|Stealth Rock|p1a: Comeback Szn\n|-sidestart|p1: disco 2003|move: Stealth Rock\n|\n|upkeep\n|turn|51\n|\n|t:|1699397134\n|move|p1a: Comeback Szn|Flash Cannon|p2a: In Between\n|-resisted|p2a: In Between\n|-damage|p2a: In Between|30\/100\n|move|p2a: In Between|Earth Power|p1a: Comeback Szn\n|-supereffective|p1a: Comeback Szn\n|-damage|p1a: Comeback Szn|0 fnt\n|faint|p1a: Comeback Szn\n|\n|upkeep\n|\n|t:|1699397149\n|switch|p1a: Buneary+|Lopunny-Mega, M|66\/100 frz\n|-damage|p1a: Buneary+|60\/100 frz|[from] Stealth Rock\n|turn|52\n|\n|t:|1699397158\n|cant|p1a: Buneary+|frz\n|move|p2a: In Between|Earth Power|p1a: Buneary+\n|-damage|p1a: Buneary+|22\/100 frz\n|\n|upkeep\n|turn|53\n|\n|t:|1699397164\n|cant|p1a: Buneary+|frz\n|move|p2a: In Between|Earth Power|p1a: Buneary+\n|-damage|p1a: Buneary+|0 fnt\n|faint|p1a: Buneary+\n|\n|upkeep\n|\n|t:|1699397185\n|switch|p1a: Mask Off|Ogerpon-Wellspring, F|71\/100\n|-damage|p1a: Mask Off|58\/100|[from] Stealth Rock\n|turn|54\n|\n|t:|1699397248\n|move|p1a: Mask Off|Swords Dance|p1a: Mask Off\n|-boost|p1a: Mask Off|atk|2\n|move|p2a: In Between|Earth Power|p1a: Mask Off\n|-resisted|p1a: Mask Off\n|-damage|p1a: Mask Off|42\/100\n|\n|upkeep\n|turn|55\n|\n|t:|1699397255\n|move|p1a: Mask Off|Horn Leech|p2a: In Between\n|-supereffective|p2a: In Between\n|-damage|p2a: In Between|0 fnt\n|-heal|p1a: Mask Off|63\/100|[from] drain|[of] p2a: In Between\n|faint|p2a: In Between\n|\n|upkeep\n|\n|t:|1699397257\n|switch|p2a: Lose Yourself|Greninja, M|100\/100\n|turn|56\n|\n|t:|1699397265\n|switch|p1a: Hey Oh|Ninetales-Alola, F|18\/100\n|-damage|p1a: Hey Oh|0 fnt|[from] Stealth Rock\n|faint|p1a: Hey Oh\n|move|p2a: Lose Yourself|Gunk Shot|p1: Hey Oh|[notarget]\n|-fail|p2a: Lose Yourself\n|\n|upkeep\n|\n|t:|1699397271\n|switch|p1a: DDuraludon|Baxcalibur, M|100\/100\n|-damage|p1a: DDuraludon|76\/100|[from] Stealth Rock\n|turn|57\n|\n|t:|1699397390\n|switch|p2a: Dear Maria|Tapu Fini, shiny|100\/100\n|-fieldstart|move: Misty Terrain|[from] ability: Misty Surge|[of] p2a: Dear Maria\n|move|p1a: DDuraludon|Scale Shot|p2a: Dear Maria\n|-immune|p2a: Dear Maria\n|\n|upkeep\n|turn|58\n|\n|t:|1699397412\n|move|p1a: DDuraludon|Earthquake|p2a: Dear Maria\n|-damage|p2a: Dear Maria|76\/100\n|move|p2a: Dear Maria|Moonblast|p1a: DDuraludon\n|-supereffective|p1a: DDuraludon\n|-damage|p1a: DDuraludon|14\/100\n|-unboost|p1a: DDuraludon|spa|1\n|\n|-heal|p2a: Dear Maria|82\/100|[from] item: Leftovers\n|upkeep\n|turn|59\n|\n|t:|1699397418\n|move|p1a: DDuraludon|Earthquake|p2a: Dear Maria\n|-damage|p2a: Dear Maria|58\/100\n|move|p2a: Dear Maria|Moonblast|p1a: DDuraludon\n|-supereffective|p1a: DDuraludon\n|-damage|p1a: DDuraludon|0 fnt\n|faint|p1a: DDuraludon\n|\n|-heal|p2a: Dear Maria|64\/100|[from] item: Leftovers\n|upkeep\n|\n|t:|1699397421\n|switch|p1a: Mask Off|Ogerpon-Wellspring, F|63\/100\n|-damage|p1a: Mask Off|51\/100|[from] Stealth Rock\n|turn|60\n|\n|t:|1699397470\n|switch|p2a: Leave Me Behind|Rotom-Wash|27\/100\n|move|p1a: Mask Off|Swords Dance|p1a: Mask Off\n|-boost|p1a: Mask Off|atk|2\n|\n|-heal|p2a: Leave Me Behind|33\/100|[from] item: Leftovers\n|upkeep\n|turn|61\n|\n|t:|1699397475\n|move|p1a: Mask Off|Horn Leech|p2a: Leave Me Behind\n|-supereffective|p2a: Leave Me Behind\n|-damage|p2a: Leave Me Behind|0 fnt\n|-heal|p1a: Mask Off|67\/100|[from] drain|[of] p2a: Leave Me Behind\n|faint|p2a: Leave Me Behind\n|\n|-fieldend|Misty Terrain\n|upkeep\n|\n|t:|1699397484\n|switch|p2a: Lose Yourself|Greninja, M|100\/100\n|turn|62\n|\n|t:|1699397512\n|move|p2a: Lose Yourself|Gunk Shot|p1a: Mask Off\n|-start|p2a: Lose Yourself|typechange|Poison|[from] ability: Protean\n|-supereffective|p1a: Mask Off\n|-damage|p1a: Mask Off|0 fnt\n|faint|p1a: Mask Off\n|\n|win|Zygarde is Bae\n|c|\u2606disco 2003|gg\n","uploadtime":1699397520,"views":29,"p1id":"disco2003","p2id":"zygardeisbae","formatid":"gen9nationaldexubers","rating":0,"private":0,"password":""}