{"id":"gen9nationaldexubers-1992793589","p1":"fyzmelm","p2":"southeast sirius","format":"[Gen 9] National Dex Ubers","log":"|j|\u2606fyzmelm\n|j|\u2606southeast sirius\n|t:|1700235960\n|gametype|singles\n|player|p1|fyzmelm|hooligans|\n|player|p2|southeast sirius|swimmerf-gen6|\n|teamsize|p1|6\n|teamsize|p2|6\n|gen|9\n|tier|[Gen 9] National Dex Ubers\n|rule|HP Percentage Mod: HP is shown in percentages\n|rule|Endless Battle Clause: Forcing endless battles is banned\n|rule|OHKO Clause: OHKO moves are banned\n|rule|Evasion Moves Clause: Evasion moves are banned\n|rule|Evasion Items Clause: Evasion items are banned\n|rule|Sleep Clause Mod: Limit one foe put to sleep\n|rule|Mega Rayquaza Clause: You cannot mega evolve Rayquaza\n|clearpoke\n|poke|p1|Emolga, F|\n|poke|p1|Azelf|\n|poke|p1|Banette-Mega, F|\n|poke|p1|Azumarill, M|\n|poke|p1|Gholdengo|\n|poke|p1|Chien-Pao|\n|poke|p2|Xerneas-*|\n|poke|p2|Necrozma-Dusk-Mane|\n|poke|p2|Marshadow|\n|poke|p2|Yveltal|\n|poke|p2|Groudon-Primal|\n|poke|p2|Salamence-Mega, M|\n|teampreview\n|\n|t:|1700235968\n|start\n|switch|p1a: taoke|Azelf|100\/100\n|switch|p2a: Groudon|Groudon-Primal|100\/100\n|-weather|DesolateLand|[from] ability: Desolate Land|[of] p2a: Groudon\n|turn|1\n|c|\u2606fyzmelm|\u7b97\u4e86\n|\n|t:|1700235978\n|move|p1a: taoke|Stone Axe|p2a: Groudon\n|-damage|p2a: Groudon|90\/100\n|-sidestart|p2: southeast sirius|move: Stealth Rock\n|move|p2a: Groudon|Thunder Wave|p1a: taoke\n|-status|p1a: taoke|par\n|\n|-weather|DesolateLand|[upkeep]\n|upkeep\n|turn|2\n|c|\u2606fyzmelm|\uff1f\n|\n|t:|1700236024\n|move|p2a: Groudon|Stealth Rock|p1a: taoke\n|-sidestart|p1: fyzmelm|move: Stealth Rock\n|move|p1a: taoke|Clangorous Soulblaze|p2a: Groudon\n|-damage|p2a: Groudon|42\/100\n|-boost|p1a: taoke|atk|1\n|-boost|p1a: taoke|def|1\n|-boost|p1a: taoke|spa|1\n|-boost|p1a: taoke|spd|1\n|-boost|p1a: taoke|spe|1\n|\n|-weather|DesolateLand|[upkeep]\n|upkeep\n|turn|3\n|c|\u2606southeast sirius|\u725b\u903c\n|c|\u2606southeast sirius|\u53ef\u4ee5\u5e26\u4e0d\u5408\u6cd5\u6280\u80fd\u662f\u5427\n|\n|t:|1700236039\n|cant|p1a: taoke|par\n|move|p2a: Groudon|Overheat|p1a: taoke\n|-damage|p1a: taoke|39\/100 par\n|-unboost|p2a: Groudon|spa|2\n|\n|-weather|DesolateLand|[upkeep]\n|upkeep\n|turn|4\n|\n|t:|1700236044\n|move|p1a: taoke|Ceaseless Edge|p2a: Groudon\n|-damage|p2a: Groudon|25\/100\n|-sidestart|p2: southeast sirius|Spikes\n|move|p2a: Groudon|Overheat|p1a: taoke\n|-damage|p1a: taoke|9\/100 par\n|-unboost|p2a: Groudon|spa|2\n|\n|-weather|DesolateLand|[upkeep]\n|upkeep\n|turn|5\n|\n|t:|1700236050\n|cant|p1a: taoke|par\n|move|p2a: Groudon|Overheat|p1a: taoke\n|-damage|p1a: taoke|0 fnt\n|-unboost|p2a: Groudon|spa|2\n|faint|p1a: taoke\n|\n|-weather|DesolateLand|[upkeep]\n|upkeep\n|\n|t:|1700236053\n|switch|p1a: neycwang|Banette-Mega, F|100\/100\n|-damage|p1a: neycwang|88\/100|[from] Stealth Rock\n|turn|6\n|\n|t:|1700236059\n|move|p1a: neycwang|Shadow Sneak|p2a: Groudon\n|-damage|p2a: Groudon|0 fnt\n|faint|p2a: Groudon\n|-weather|none\n|\n|upkeep\n|\n|t:|1700236063\n|switch|p2a: Yveltal|Yveltal|100\/100\n|-ability|p2a: Yveltal|Dark Aura\n|turn|7\n|\n|t:|1700236067\n|move|p2a: Yveltal|Defog|p1a: neycwang\n|-unboost|p1a: neycwang|evasion|1\n|-sideend|p1: fyzmelm|Stealth Rock|[from] move: Defog|[of] p2a: Yveltal\n|-sideend|p2: southeast sirius|Spikes|[from] move: Defog|[of] p2a: Yveltal\n|-sideend|p2: southeast sirius|Stealth Rock|[from] move: Defog|[of] p2a: Yveltal\n|move|p1a: neycwang|Trick Room|p1a: neycwang\n|-fieldstart|move: Trick Room|[of] p1a: neycwang\n|\n|upkeep\n|turn|8\n|\n|t:|1700236073\n|move|p1a: neycwang|Swords Dance|p1a: neycwang\n|-boost|p1a: neycwang|atk|2\n|move|p2a: Yveltal|Foul Play|p1a: neycwang\n|-supereffective|p1a: neycwang\n|-damage|p1a: neycwang|0 fnt\n|faint|p1a: neycwang\n|\n|upkeep\n|c|\u2606southeast sirius|\u4e50\u4e50\n|c|\u2606fyzmelm|\u8279\n|\n|t:|1700236085\n|switch|p1a: KarpeSan|Azumarill, M|100\/100\n|turn|9\n|\n|t:|1700236095\n|move|p1a: KarpeSan|Magical Torque|p2a: Yveltal\n|-supereffective|p2a: Yveltal\n|-damage|p2a: Yveltal|0 fnt\n|faint|p2a: Yveltal\n|\n|upkeep\n|\n|t:|1700236100\n|switch|p2a: Marshadow|Marshadow|100\/100\n|turn|10\n|\n|t:|1700236107\n|move|p1a: KarpeSan|Magical Torque|p2a: Marshadow\n|-supereffective|p2a: Marshadow\n|-enditem|p2a: Marshadow|Focus Sash\n|-damage|p2a: Marshadow|1\/100\n|move|p2a: Marshadow|Endeavor|p1a: KarpeSan\n|-damage|p1a: KarpeSan|1\/100\n|\n|upkeep\n|turn|11\n|c|\u2606fyzmelm|\u7edd\u6d3b\u597d\u5427\n|\n|t:|1700236112\n|move|p2a: Marshadow|Shadow Sneak|p1a: KarpeSan\n|-damage|p1a: KarpeSan|0 fnt\n|faint|p1a: KarpeSan\n|\n|-fieldend|move: Trick Room\n|upkeep\n|c|\u2606southeast sirius|\u7edd\u6d3b\n|\n|t:|1700236117\n|switch|p1a: bobochan|Emolga, F|100\/100\n|-weather|DeltaStream|[from] ability: Delta Stream|[of] p1a: bobochan\n|turn|12\n|\n|t:|1700236126\n|-weather|none\n|switch|p1a: gewwge|Gholdengo|100\/100\n|move|p2a: Marshadow|Endeavor|p1a: gewwge\n|-immune|p1a: gewwge\n|\n|upkeep\n|turn|13\n|\n|t:|1700236137\n|-terastallize|p1a: gewwge|Steel\n|move|p2a: Marshadow|Spectral Thief|p1a: gewwge\n|-damage|p1a: gewwge|69\/100\n|move|p1a: gewwge|Geomancy||[still]\n|-prepare|p1a: gewwge|Geomancy\n|-enditem|p1a: gewwge|Power Herb\n|-anim|p1a: gewwge|Geomancy|p1a: gewwge\n|-boost|p1a: gewwge|spa|2\n|-boost|p1a: gewwge|spd|2\n|-boost|p1a: gewwge|spe|2\n|\n|upkeep\n|turn|14\n|\n|t:|1700236145\n|-terastallize|p2a: Marshadow|Normal\n|move|p1a: gewwge|Draining Kiss|p2a: Marshadow\n|-damage|p2a: Marshadow|0 fnt\n|-heal|p1a: gewwge|70\/100|[from] drain|[of] p2a: Marshadow\n|faint|p2a: Marshadow\n|\n|upkeep\n|c|\u2606southeast sirius|\u725b\u903c\n|c|\u2606fyzmelm|mua~\n|\n|t:|1700236160\n|switch|p2a: Salamence|Salamence-Mega, M|100\/100\n|turn|15\n|\n|t:|1700236163\n|move|p1a: gewwge|Draining Kiss|p2a: Salamence\n|-supereffective|p2a: Salamence\n|-damage|p2a: Salamence|23\/100\n|-heal|p1a: gewwge|100\/100|[from] drain|[of] p2a: Salamence\n|move|p2a: Salamence|Earthquake|p1a: gewwge\n|-supereffective|p1a: gewwge\n|-damage|p1a: gewwge|42\/100\n|\n|upkeep\n|turn|16\n|\n|t:|1700236166\n|move|p1a: gewwge|Draining Kiss|p2a: Salamence\n|-supereffective|p2a: Salamence\n|-damage|p2a: Salamence|0 fnt\n|-heal|p1a: gewwge|57\/100|[from] drain|[of] p2a: Salamence\n|faint|p2a: Salamence\n|\n|upkeep\n|\n|t:|1700236168\n|switch|p2a: Necrozma|Necrozma-Dusk-Mane|100\/100\n|turn|17\n|\n|t:|1700236172\n|move|p1a: gewwge|Astral Barrage|p2a: Necrozma\n|-supereffective|p2a: Necrozma\n|-damage|p2a: Necrozma|0 fnt\n|faint|p2a: Necrozma\n|\n|upkeep\n|-message|southeast sirius forfeited.\n|\n|win|fyzmelm\n|l|\u2606southeast sirius\n|c|\u2606fyzmelm|\u8bb2\u4e86\u6253\u4e0d\u8fc7\n|l|\u2606fyzmelm\n|j|\u2606fyzmelm\n|player|p1|fyzmelm|hooligans\n","uploadtime":1700236206,"views":7,"p1id":"fyzmelm","p2id":"southeastsirius","formatid":"gen9nationaldexubers","rating":0,"private":0,"password":""}