{"id":"gen9nationaldexubers-1988118401","p1":"HarmTurtle","p2":"Rio34","format":"[Gen 9] National Dex Ubers","log":"|j|\u2606HarmTurtle\n|j|\u2606Rio34\n|t:|1699671802\n|gametype|singles\n|player|p1|HarmTurtle|carmine-festival|\n|player|p2|Rio34|riley|\n|teamsize|p1|6\n|teamsize|p2|6\n|gen|9\n|tier|[Gen 9] National Dex Ubers\n|rule|HP Percentage Mod: HP is shown in percentages\n|rule|Endless Battle Clause: Forcing endless battles is banned\n|rule|OHKO Clause: OHKO moves are banned\n|rule|Evasion Moves Clause: Evasion moves are banned\n|rule|Evasion Items Clause: Evasion items are banned\n|rule|Species Clause: Limit one of each Pok\u00e9mon\n|rule|Sleep Clause Mod: Limit one foe put to sleep\n|rule|Mega Rayquaza Clause: You cannot mega evolve Rayquaza\n|clearpoke\n|poke|p1|Veluza, F|\n|poke|p1|Mr. Rime, F|\n|poke|p1|Tauros, M|\n|poke|p1|Azumarill, F|\n|poke|p1|Brute Bonnet|\n|poke|p1|Sandy Shocks|\n|poke|p2|Weavile, F|\n|poke|p2|Umbreon, M|\n|poke|p2|Obstagoon, M|\n|poke|p2|Krookodile, M|\n|poke|p2|Grimmsnarl, M|\n|poke|p2|Zoroark, M|\n|teampreview\n|c|\u2606HarmTurtle|gl hf!\n|\n|t:|1699671835\n|start\n|switch|p1a: fizzy pop|Azumarill, F|100\/100\n|switch|p2a: Krookodile|Krookodile, M|100\/100\n|turn|1\n|\n|t:|1699671857\n|move|p2a: Krookodile|Trick|p1a: fizzy pop\n|-activate|p2a: Krookodile|move: Trick|[of] p1a: fizzy pop\n|-item|p1a: fizzy pop|Choice Scarf|[from] move: Trick\n|-item|p2a: Krookodile|Choice Band|[from] move: Trick\n|move|p1a: fizzy pop|Liquidation|p2a: Krookodile\n|-damage|p2a: Krookodile|0 fnt\n|replace|p2a: Zoroark|Zoroark, M\n|-end|p2a: Zoroark|Illusion\n|faint|p2a: Zoroark\n|\n|upkeep\n|\n|t:|1699671882\n|switch|p2a: Obstagoon|Obstagoon, M|100\/100\n|turn|2\n|\n|t:|1699671891\n|switch|p1a: sandy socks|Sandy Shocks|100\/100\n|-enditem|p1a: sandy socks|Booster Energy\n|-activate|p1a: sandy socks|ability: Protosynthesis|[fromitem]\n|-start|p1a: sandy socks|protosynthesisspe\n|move|p2a: Obstagoon|Obstruct||[still]\n|-fail|p2a: Obstagoon\n|\n|-status|p2a: Obstagoon|brn|[from] item: Flame Orb\n|upkeep\n|turn|3\n|\n|t:|1699671901\n|move|p1a: sandy socks|Stealth Rock|p2a: Obstagoon\n|-sidestart|p2: Rio34|move: Stealth Rock\n|move|p2a: Obstagoon|Knock Off|p1a: sandy socks\n|-damage|p1a: sandy socks|59\/100\n|\n|-damage|p2a: Obstagoon|94\/100 brn|[from] brn\n|upkeep\n|turn|4\n|\n|t:|1699671918\n|move|p1a: sandy socks|Spikes|p2a: Obstagoon\n|-sidestart|p2: Rio34|Spikes\n|move|p2a: Obstagoon|Facade|p1a: sandy socks\n|-damage|p1a: sandy socks|0 fnt\n|faint|p1a: sandy socks\n|-end|p1a: sandy socks|Protosynthesis|[silent]\n|\n|-damage|p2a: Obstagoon|88\/100 brn|[from] brn\n|upkeep\n|\n|t:|1699671933\n|switch|p1a: the OG|Tauros, M|100\/100\n|turn|5\n|\n|t:|1699671938\n|move|p1a: the OG|Close Combat|p2a: Obstagoon\n|-supereffective|p2a: Obstagoon\n|-damage|p2a: Obstagoon|0 fnt\n|-unboost|p1a: the OG|def|1\n|-unboost|p1a: the OG|spd|1\n|faint|p2a: Obstagoon\n|-damage|p1a: the OG|91\/100|[from] item: Life Orb\n|\n|upkeep\n|\n|t:|1699671954\n|switch|p2a: Grimmsnarl|Grimmsnarl, M|100\/100\n|-damage|p2a: Grimmsnarl|88\/100|[from] Stealth Rock\n|-damage|p2a: Grimmsnarl|76\/100|[from] Spikes\n|turn|6\n|\n|t:|1699671965\n|switch|p1a: ye ol' rimes|Mr. Rime, F, shiny|100\/100\n|move|p2a: Grimmsnarl|Bulk Up|p2a: Grimmsnarl\n|-boost|p2a: Grimmsnarl|atk|1\n|-boost|p2a: Grimmsnarl|def|1\n|\n|upkeep\n|turn|7\n|\n|t:|1699671975\n|move|p2a: Grimmsnarl|Taunt|p1a: ye ol' rimes\n|-start|p1a: ye ol' rimes|move: Taunt\n|cant|p1a: ye ol' rimes|move: Taunt|Taunt\n|\n|upkeep\n|turn|8\n|\n|t:|1699672001\n|switch|p1a: the OG|Tauros, M|91\/100\n|move|p2a: Grimmsnarl|Bulk Up|p2a: Grimmsnarl\n|-boost|p2a: Grimmsnarl|atk|1\n|-boost|p2a: Grimmsnarl|def|1\n|\n|upkeep\n|turn|9\n|\n|t:|1699672013\n|move|p1a: the OG|Iron Head|p2a: Grimmsnarl\n|-supereffective|p2a: Grimmsnarl\n|-enditem|p2a: Grimmsnarl|Babiri Berry|[eat]\n|-enditem|p2a: Grimmsnarl|Babiri Berry|[weaken]\n|-damage|p2a: Grimmsnarl|53\/100\n|move|p2a: Grimmsnarl|Darkest Lariat|p1a: the OG\n|-damage|p1a: the OG|0 fnt\n|faint|p1a: the OG\n|\n|upkeep\n|\n|t:|1699672019\n|switch|p1a: still a luzer|Veluza, F|100\/100\n|turn|10\n|\n|t:|1699672026\n|move|p1a: still a luzer|Final Gambit|p2a: Grimmsnarl\n|-damage|p2a: Grimmsnarl|0 fnt\n|faint|p1a: still a luzer\n|faint|p2a: Grimmsnarl\n|\n|upkeep\n|\n|t:|1699672044\n|switch|p1a: brutish bonbon|Brute Bonnet|100\/100\n|switch|p2a: Layla|Weavile, F|100\/100\n|-damage|p2a: Layla|76\/100|[from] Stealth Rock\n|-damage|p2a: Layla|63\/100|[from] Spikes\n|-ability|p2a: Layla|Pressure\n|turn|11\n|\n|t:|1699672053\n|-end|p1a: brutish bonbon|Protosynthesis|[silent]\n|switch|p1a: fizzy pop|Azumarill, F|100\/100\n|move|p2a: Layla|Fake Out|p1a: fizzy pop\n|-damage|p1a: fizzy pop|84\/100\n|\n|upkeep\n|turn|12\n|\n|t:|1699672070\n|move|p2a: Layla|Knock Off|p1a: fizzy pop\n|-resisted|p1a: fizzy pop\n|-damage|p1a: fizzy pop|55\/100\n|-enditem|p1a: fizzy pop|Choice Scarf|[from] move: Knock Off|[of] p2a: Layla\n|move|p1a: fizzy pop|Liquidation|p2a: Layla\n|-damage|p2a: Layla|0 fnt\n|faint|p2a: Layla\n|\n|upkeep\n|\n|t:|1699672080\n|switch|p2a: Umbreon|Umbreon, M, shiny|100\/100\n|-damage|p2a: Umbreon|88\/100|[from] Stealth Rock\n|-damage|p2a: Umbreon|76\/100|[from] Spikes\n|turn|13\n|\n|t:|1699672090\n|move|p1a: fizzy pop|Play Rough|p2a: Umbreon\n|-supereffective|p2a: Umbreon\n|-damage|p2a: Umbreon|0 fnt\n|faint|p2a: Umbreon\n|\n|upkeep\n|\n|t:|1699672094\n|switch|p2a: Krookodile|Krookodile, M|100\/100\n|-damage|p2a: Krookodile|94\/100|[from] Stealth Rock\n|-damage|p2a: Krookodile|82\/100|[from] Spikes\n|turn|14\n|\n|t:|1699672106\n|-terastallize|p2a: Krookodile|Ground\n|move|p2a: Krookodile|Earthquake|p1a: fizzy pop\n|-damage|p1a: fizzy pop|0 fnt\n|faint|p1a: fizzy pop\n|-ability|p2a: Krookodile|Moxie|boost\n|-boost|p2a: Krookodile|atk|1\n|\n|upkeep\n|\n|t:|1699672119\n|switch|p1a: brutish bonbon|Brute Bonnet|100\/100\n|turn|15\n|\n|t:|1699672127\n|-terastallize|p1a: brutish bonbon|Fighting\n|move|p2a: Krookodile|Earthquake|p1a: brutish bonbon\n|-damage|p1a: brutish bonbon|11\/100\n|move|p1a: brutish bonbon|Spore|p2a: Krookodile\n|-status|p2a: Krookodile|slp|[from] move: Spore\n|\n|upkeep\n|turn|16\n|\n|t:|1699672139\n|cant|p2a: Krookodile|slp\n|move|p1a: brutish bonbon|Bullet Seed|p2a: Krookodile\n|-supereffective|p2a: Krookodile\n|-damage|p2a: Krookodile|44\/100 slp\n|-supereffective|p2a: Krookodile\n|-damage|p2a: Krookodile|6\/100 slp\n|-supereffective|p2a: Krookodile\n|-damage|p2a: Krookodile|0 fnt\n|faint|p2a: Krookodile\n|-hitcount|p2: Krookodile|3\n|\n|win|HarmTurtle\n|l|\u2606Rio34\n","uploadtime":1699672228,"views":13,"p1id":"harmturtle","p2id":"rio34","formatid":"gen9nationaldexubers","rating":0,"private":0,"password":""}