{"id":"gen9nationaldexubers-1982848152","p1":"FunInDaSun","p2":"fidgety42","format":"[Gen 9] National Dex Ubers","log":"|j|\u2606FunInDaSun\n|j|\u2606fidgety42\n|t:|1699050916\n|gametype|singles\n|player|p1|FunInDaSun|bugcatcher|\n|player|p2|fidgety42|1|\n|teamsize|p1|6\n|teamsize|p2|6\n|gen|9\n|tier|[Gen 9] National Dex Ubers\n|rule|HP Percentage Mod: HP is shown in percentages\n|rule|Endless Battle Clause: Forcing endless battles is banned\n|rule|OHKO Clause: OHKO moves are banned\n|rule|Evasion Moves Clause: Evasion moves are banned\n|rule|Evasion Items Clause: Evasion items are banned\n|rule|Species Clause: Limit one of each Pok\u00e9mon\n|rule|Sleep Clause Mod: Limit one foe put to sleep\n|rule|Mega Rayquaza Clause: You cannot mega evolve Rayquaza\n|clearpoke\n|poke|p1|Mewtwo|\n|poke|p1|Palkia-Origin|\n|poke|p1|Magearna|\n|poke|p1|Landorus, M|\n|poke|p1|Heatran, F|\n|poke|p1|Tapu Lele|\n|poke|p2|Eternatus|\n|poke|p2|Dialga|\n|poke|p2|Lugia|\n|poke|p2|Gliscor, M|\n|poke|p2|Lopunny, M|\n|poke|p2|Zamazenta-*|\n|teampreview\n|j| Smelliot sniff\n|c| Smelliot sniff|The other mewtwo\n|\n|t:|1699051007\n|start\n|switch|p1a: Pilot|Landorus, M|100\/100\n|switch|p2a: Dialga|Dialga|100\/100\n|-ability|p2a: Dialga|Pressure\n|turn|1\n|c| Smelliot sniff|I\u2019m the only unprotected mewtwo in the league\n|\n|t:|1699051027\n|switch|p2a: Lugia|Lugia|100\/100\n|move|p1a: Pilot|Bulk Up|p1a: Pilot\n|-boost|p1a: Pilot|atk|1\n|-boost|p1a: Pilot|def|1\n|\n|upkeep\n|turn|2\n|\n|t:|1699051036\n|-terastallize|p1a: Pilot|Rock\n|move|p2a: Lugia|Substitute|p2a: Lugia\n|-start|p2a: Lugia|Substitute\n|-damage|p2a: Lugia|76\/100\n|move|p1a: Pilot|Rock Slide|p2a: Lugia\n|-supereffective|p2a: Lugia\n|-end|p2a: Lugia|Substitute\n|\n|upkeep\n|turn|3\n|\n|t:|1699051049\n|switch|p2a: Zamazenta|Zamazenta-Crowned|100\/100\n|-ability|p2a: Zamazenta|Dauntless Shield|boost\n|-boost|p2a: Zamazenta|def|1\n|move|p1a: Pilot|Rock Slide|p2a: Zamazenta|[miss]\n|-miss|p1a: Pilot|p2a: Zamazenta\n|\n|upkeep\n|turn|4\n|\n|t:|1699051092\n|switch|p1a: Cricketer|Mewtwo|100\/100\n|-ability|p1a: Cricketer|Pressure\n|move|p2a: Zamazenta|Body Press|p1a: Cricketer\n|-resisted|p1a: Cricketer\n|-damage|p1a: Cricketer|73\/100\n|\n|upkeep\n|turn|5\n|\n|t:|1699051112\n|detailschange|p1a: Cricketer|Mewtwo-Mega-X\n|-mega|p1a: Cricketer|Mewtwo|Mewtwonite X\n|move|p1a: Cricketer|Ice Punch|p2a: Zamazenta\n|-resisted|p2a: Zamazenta\n|-damage|p2a: Zamazenta|94\/100\n|move|p2a: Zamazenta|Behemoth Bash|p1a: Cricketer\n|-damage|p1a: Cricketer|39\/100\n|\n|upkeep\n|turn|6\n|\n|t:|1699051123\n|switch|p2a: Gliscor|Gliscor, M|100\/100\n|move|p1a: Cricketer|Recover|p1a: Cricketer\n|-heal|p1a: Cricketer|90\/100\n|\n|-status|p2a: Gliscor|tox|[from] item: Toxic Orb\n|upkeep\n|turn|7\n|\n|t:|1699051136\n|move|p2a: Gliscor|Protect|p2a: Gliscor\n|-singleturn|p2a: Gliscor|Protect\n|move|p1a: Cricketer|Taunt|p2a: Gliscor\n|-activate|p2a: Gliscor|move: Protect\n|\n|upkeep\n|turn|8\n|\n|t:|1699051149\n|move|p1a: Cricketer|Ice Punch|p2a: Gliscor\n|-supereffective|p2a: Gliscor\n|-damage|p2a: Gliscor|4\/100 tox\n|move|p2a: Gliscor|Spikes|p1a: Cricketer\n|-sidestart|p1: FunInDaSun|Spikes\n|\n|-heal|p2a: Gliscor|17\/100 tox|[from] ability: Poison Heal\n|upkeep\n|turn|9\n|\n|t:|1699051157\n|move|p2a: Gliscor|Protect|p2a: Gliscor\n|-singleturn|p2a: Gliscor|Protect\n|move|p1a: Cricketer|Recover|p1a: Cricketer\n|-heal|p1a: Cricketer|100\/100\n|\n|-heal|p2a: Gliscor|29\/100 tox|[from] ability: Poison Heal\n|upkeep\n|turn|10\n|c| Smelliot sniff|That lived???\n|c| Smelliot sniff|190 base attack\n|c| Smelliot sniff|tf\n|c|\u2606FunInDaSun|im more surprised it learns spikes\n|c|\u2606FunInDaSun|when did it get spikes\n|c|\u2606fidgety42|sv buff\n|c| Smelliot sniff|Ye I knew that\n|c|\u2606fidgety42|its being suspected for it\n|\n|t:|1699051198\n|switch|p2a: Zamazenta|Zamazenta-Crowned|94\/100\n|move|p1a: Cricketer|Ice Punch|p2a: Zamazenta\n|-resisted|p2a: Zamazenta\n|-damage|p2a: Zamazenta|84\/100\n|\n|upkeep\n|turn|11\n|c| Smelliot sniff|everything with rocks now has spikes basically\n|c| Smelliot sniff|not everything\n|c| Smelliot sniff|but most\n|\n|t:|1699051216\n|switch|p2a: Lugia|Lugia|76\/100\n|move|p1a: Cricketer|Brick Break|p2a: Lugia\n|-resisted|p2a: Lugia\n|-damage|p2a: Lugia|68\/100\n|\n|upkeep\n|turn|12\n|c|\u2606fidgety42|thats what i was looking for\n|c|\u2606FunInDaSun|heh\n|\n|t:|1699051243\n|switch|p1a: Destroy India|Heatran, F|100\/100\n|-damage|p1a: Destroy India|88\/100|[from] Spikes\n|move|p2a: Lugia|Roost|p2a: Lugia\n|-heal|p2a: Lugia|100\/100\n|-singleturn|p2a: Lugia|move: Roost\n|\n|-heal|p1a: Destroy India|94\/100|[from] item: Leftovers\n|upkeep\n|turn|13\n|\n|t:|1699051256\n|move|p2a: Lugia|Substitute|p2a: Lugia\n|-start|p2a: Lugia|Substitute\n|-damage|p2a: Lugia|76\/100\n|move|p1a: Destroy India|Magma Storm|p2a: Lugia\n|-end|p2a: Lugia|Substitute\n|\n|-heal|p1a: Destroy India|100\/100|[from] item: Leftovers\n|upkeep\n|turn|14\n|\n|t:|1699051263\n|switch|p2a: Eternatus|Eternatus|100\/100\n|-ability|p2a: Eternatus|Pressure\n|move|p1a: Destroy India|Taunt|p2a: Eternatus\n|-start|p2a: Eternatus|move: Taunt\n|\n|upkeep\n|turn|15\n|\n|t:|1699051271\n|-terastallize|p2a: Eternatus|Ground\n|move|p1a: Destroy India|Protect|p1a: Destroy India\n|-singleturn|p1a: Destroy India|Protect\n|move|p2a: Eternatus|Tera Blast|p1a: Destroy India|[anim] Tera Blast Ground\n|-activate|p1a: Destroy India|move: Protect\n|\n|upkeep\n|turn|16\n|c| Smelliot sniff|Oh you did Tera ground\n|c| Smelliot sniff|nice\n|l| Smelliot sniff\n|\n|t:|1699051399\n|switch|p1a: Educational Instit|Tapu Lele|100\/100\n|-damage|p1a: Educational Instit|88\/100|[from] Spikes\n|-fieldstart|move: Psychic Terrain|[from] ability: Psychic Surge|[of] p1a: Educational Instit\n|move|p2a: Eternatus|Sludge Wave|p1a: Educational Instit\n|-supereffective|p1a: Educational Instit\n|-damage|p1a: Educational Instit|0 fnt\n|faint|p1a: Educational Instit\n|\n|-end|p2a: Eternatus|move: Taunt\n|upkeep\n|c|\u2606fidgety42|GOT EM\n|\n|t:|1699051413\n|switch|p1a: Army|Palkia-Origin|100\/100\n|-damage|p1a: Army|88\/100|[from] Spikes\n|-ability|p1a: Army|Pressure\n|turn|17\n|c|\u2606FunInDaSun|that was rough\n|\n|t:|1699051419\n|move|p2a: Eternatus|Dynamax Cannon|p1a: Army\n|-supereffective|p1a: Army\n|-crit|p1a: Army\n|-damage|p1a: Army|0 fnt\n|faint|p1a: Army\n|\n|upkeep\n|c|\u2606fidgety42|pretty sure that didn't matter\n|c|\u2606FunInDaSun|i had some bulk\n|c|\u2606fidgety42|how much\n|\n|t:|1699051464\n|switch|p1a: Cricketer|Mewtwo-Mega-X|100\/100\n|-damage|p1a: Cricketer|88\/100|[from] Spikes\n|turn|18\n|j| Smelliot sniff\n|c|\u2606FunInDaSun|252 SpA Tera Ground Eternatus Dynamax Cannon vs. 144 HP \/ 0 SpD Palkia-Origin: 306-360 (85.7 - 100.8%) -- 6.3% chance to OHKO\n|c|\u2606FunInDaSun|not enough to make a difference\n|c|\u2606fidgety42|ebelt\n|c|\u2606FunInDaSun|lol\n|c|\u2606FunInDaSun|ah shite\n|\n|t:|1699051505\n|move|p2a: Eternatus|Dynamax Cannon|p1a: Cricketer\n|-damage|p1a: Cricketer|45\/100\n|move|p1a: Cricketer|Ice Punch|p2a: Eternatus\n|-supereffective|p2a: Eternatus\n|-damage|p2a: Eternatus|58\/100\n|\n|upkeep\n|turn|19\n|\n|t:|1699051517\n|move|p1a: Cricketer|Recover|p1a: Cricketer\n|-heal|p1a: Cricketer|95\/100\n|move|p2a: Eternatus|Dynamax Cannon|p1a: Cricketer\n|-damage|p1a: Cricketer|50\/100\n|\n|upkeep\n|turn|20\n|\n|t:|1699051533\n|switch|p2a: Dialga|Dialga|100\/100\n|-ability|p2a: Dialga|Pressure\n|move|p1a: Cricketer|Recover|p1a: Cricketer\n|-heal|p1a: Cricketer|100\/100\n|\n|-fieldend|move: Psychic Terrain\n|upkeep\n|turn|21\n|\n|t:|1699051574\n|switch|p1a: Pilot|Landorus, M, tera:Rock|100\/100\n|-damage|p1a: Pilot|88\/100|[from] Spikes\n|move|p2a: Dialga|Flash Cannon|p1a: Pilot\n|-supereffective|p1a: Pilot\n|-damage|p1a: Pilot|0 fnt\n|faint|p1a: Pilot\n|\n|upkeep\n|c|\u2606fidgety42|figured you were low attack\n|\n|t:|1699051607\n|switch|p1a: Grape|Magearna|100\/100\n|-damage|p1a: Grape|88\/100|[from] Spikes\n|turn|22\n|\n|t:|1699051614\n|move|p2a: Dialga|Stealth Rock|p1a: Grape\n|-sidestart|p1: FunInDaSun|move: Stealth Rock\n|move|p1a: Grape|Calm Mind|p1a: Grape\n|-boost|p1a: Grape|spa|1\n|-boost|p1a: Grape|spd|1\n|\n|-heal|p1a: Grape|94\/100|[from] item: Leftovers\n|upkeep\n|turn|23\n|\n|t:|1699051622\n|move|p1a: Grape|Fleur Cannon|p2a: Dialga\n|-damage|p2a: Dialga|40\/100\n|-unboost|p1a: Grape|spa|2\n|move|p2a: Dialga|Roar|p1a: Grape\n|drag|p1a: Destroy India|Heatran, F|100\/100\n|-damage|p1a: Destroy India|88\/100|[from] Spikes\n|-damage|p1a: Destroy India|76\/100|[from] Stealth Rock\n|\n|-heal|p1a: Destroy India|82\/100|[from] item: Leftovers\n|upkeep\n|turn|24\n|c|\u2606fidgety42|between scor living and the cannon damage\n|\n|t:|1699051649\n|switch|p2a: Lugia|Lugia|76\/100\n|move|p1a: Destroy India|Stealth Rock|p2a: Lugia\n|-sidestart|p2: fidgety42|move: Stealth Rock\n|\n|-heal|p1a: Destroy India|88\/100|[from] item: Leftovers\n|upkeep\n|turn|25\n|\n|t:|1699051655\n|move|p2a: Lugia|Substitute|p2a: Lugia\n|-start|p2a: Lugia|Substitute\n|-damage|p2a: Lugia|51\/100\n|move|p1a: Destroy India|Taunt|p2a: Lugia\n|-start|p2a: Lugia|move: Taunt\n|\n|-heal|p1a: Destroy India|94\/100|[from] item: Leftovers\n|upkeep\n|turn|26\n|\n|t:|1699051663\n|move|p1a: Destroy India|Protect|p1a: Destroy India\n|-singleturn|p1a: Destroy India|Protect\n|move|p2a: Lugia|Dragon Tail|p1a: Destroy India\n|-activate|p1a: Destroy India|move: Protect\n|\n|-heal|p1a: Destroy India|100\/100|[from] item: Leftovers\n|upkeep\n|turn|27\n|c|\u2606fidgety42|surprise motherfucker\n|\n|t:|1699051671\n|move|p1a: Destroy India|Magma Storm|p2a: Lugia|[miss]\n|-miss|p1a: Destroy India|p2a: Lugia\n|move|p2a: Lugia|Dragon Tail|p1a: Destroy India\n|-resisted|p1a: Destroy India\n|-damage|p1a: Destroy India|96\/100\n|drag|p1a: Cricketer|Mewtwo-Mega-X|100\/100\n|-damage|p1a: Cricketer|88\/100|[from] Spikes\n|-damage|p1a: Cricketer|82\/100|[from] Stealth Rock\n|\n|upkeep\n|turn|28\n|\n|t:|1699051686\n|switch|p1a: Grape|Magearna|94\/100\n|-damage|p1a: Grape|82\/100|[from] Spikes\n|-damage|p1a: Grape|76\/100|[from] Stealth Rock\n|move|p2a: Lugia|Dragon Tail|p1a: Grape\n|-immune|p1a: Grape\n|\n|-heal|p1a: Grape|82\/100|[from] item: Leftovers\n|-end|p2a: Lugia|move: Taunt\n|upkeep\n|turn|29\n|\n|t:|1699051697\n|switch|p2a: Zamazenta|Zamazenta-Crowned|84\/100\n|-damage|p2a: Zamazenta|81\/100|[from] Stealth Rock\n|move|p1a: Grape|Iron Defense|p1a: Grape\n|-boost|p1a: Grape|def|2\n|\n|-heal|p1a: Grape|88\/100|[from] item: Leftovers\n|upkeep\n|turn|30\n|\n|t:|1699051703\n|move|p2a: Zamazenta|Body Press|p1a: Grape\n|-damage|p1a: Grape|74\/100\n|move|p1a: Grape|Calm Mind|p1a: Grape\n|-boost|p1a: Grape|spa|1\n|-boost|p1a: Grape|spd|1\n|\n|-heal|p1a: Grape|81\/100|[from] item: Leftovers\n|upkeep\n|turn|31\n|c| Smelliot sniff|It gets dragon tail?\n|c|\u2606fidgety42|has forevery\n|\n|t:|1699051718\n|move|p2a: Zamazenta|Iron Defense|p2a: Zamazenta\n|-boost|p2a: Zamazenta|def|2\n|move|p1a: Grape|Calm Mind|p1a: Grape\n|-boost|p1a: Grape|spa|1\n|-boost|p1a: Grape|spd|1\n|\n|-heal|p1a: Grape|87\/100|[from] item: Leftovers\n|upkeep\n|turn|32\n|\n|t:|1699051726\n|move|p2a: Zamazenta|Iron Defense|p2a: Zamazenta\n|-boost|p2a: Zamazenta|def|2\n|move|p1a: Grape|Fleur Cannon|p2a: Zamazenta\n|-damage|p2a: Zamazenta|0 fnt\n|-unboost|p1a: Grape|spa|2\n|faint|p2a: Zamazenta\n|-ability|p1a: Grape|Soul-Heart|boost\n|-boost|p1a: Grape|spa|1\n|\n|-heal|p1a: Grape|93\/100|[from] item: Leftovers\n|upkeep\n|\n|t:|1699051730\n|switch|p2a: Lopunny|Lopunny, M|100\/100\n|-damage|p2a: Lopunny|88\/100|[from] Stealth Rock\n|turn|33\n|\n|t:|1699051738\n|detailschange|p2a: Lopunny|Lopunny-Mega, M\n|-mega|p2a: Lopunny|Lopunny|Lopunnite\n|move|p2a: Lopunny|High Jump Kick|p1a: Grape\n|-damage|p1a: Grape|68\/100\n|move|p1a: Grape|Calm Mind|p1a: Grape\n|-boost|p1a: Grape|spa|1\n|-boost|p1a: Grape|spd|1\n|\n|-heal|p1a: Grape|74\/100|[from] item: Leftovers\n|upkeep\n|turn|34\n|\n|t:|1699051745\n|move|p2a: Lopunny|High Jump Kick|p1a: Grape\n|-damage|p1a: Grape|52\/100\n|move|p1a: Grape|Pain Split|p2a: Lopunny\n|-sethp|p2a: Lopunny|79\/100|[from] move: Pain Split|[silent]\n|-sethp|p1a: Grape|59\/100|[from] move: Pain Split\n|\n|-heal|p1a: Grape|65\/100|[from] item: Leftovers\n|upkeep\n|turn|35\n|c|\u2606fidgety42|i just need 1 crit\n|\n|t:|1699051789\n|move|p2a: Lopunny|High Jump Kick|p1a: Grape\n|-damage|p1a: Grape|42\/100\n|move|p1a: Grape|Fleur Cannon|p2a: Lopunny\n|-supereffective|p2a: Lopunny\n|-damage|p2a: Lopunny|0 fnt\n|-unboost|p1a: Grape|spa|2\n|faint|p2a: Lopunny\n|-ability|p1a: Grape|Soul-Heart|boost\n|-boost|p1a: Grape|spa|1\n|\n|-heal|p1a: Grape|48\/100|[from] item: Leftovers\n|upkeep\n|\n|t:|1699051794\n|switch|p2a: Gliscor|Gliscor, M|29\/100 tox\n|-damage|p2a: Gliscor|17\/100 tox|[from] Stealth Rock\n|turn|36\n|\n|t:|1699051821\n|move|p2a: Gliscor|Earthquake|p1a: Grape\n|-supereffective|p1a: Grape\n|-damage|p1a: Grape|28\/100\n|move|p1a: Grape|Fleur Cannon|p2a: Gliscor\n|-damage|p2a: Gliscor|0 fnt\n|-unboost|p1a: Grape|spa|2\n|faint|p2a: Gliscor\n|-ability|p1a: Grape|Soul-Heart|boost\n|-boost|p1a: Grape|spa|1\n|\n|-heal|p1a: Grape|34\/100|[from] item: Leftovers\n|upkeep\n|\n|t:|1699051827\n|switch|p2a: Dialga|Dialga|40\/100\n|-damage|p2a: Dialga|34\/100|[from] Stealth Rock\n|-ability|p2a: Dialga|Pressure\n|turn|37\n|\n|t:|1699051837\n|-zpower|p2a: Dialga\n|move|p2a: Dialga|Corkscrew Crash|p1a: Grape|[zeffect]\n|-damage|p1a: Grape|7\/100\n|move|p1a: Grape|Fleur Cannon|p2a: Dialga\n|-crit|p2a: Dialga\n|-damage|p2a: Dialga|0 fnt\n|-unboost|p1a: Grape|spa|2\n|faint|p2a: Dialga\n|-ability|p1a: Grape|Soul-Heart|boost\n|-boost|p1a: Grape|spa|1\n|\n|-heal|p1a: Grape|13\/100|[from] item: Leftovers\n|upkeep\n|\n|t:|1699051840\n|switch|p2a: Eternatus|Eternatus, tera:Ground|58\/100\n|-damage|p2a: Eternatus|52\/100|[from] Stealth Rock\n|-ability|p2a: Eternatus|Pressure\n|turn|38\n|c|\u2606FunInDaSun|WHY DID YOU Z MOVE\n|c|\u2606fidgety42|trying to force damage\n|c|\u2606FunInDaSun|z moved banned bru!\n|c|\u2606fidgety42|fuck i'm fucking exhasted from working all week and didn't spot it in the doc while building\n|c|\u2606FunInDaSun|billy\n|c|\u2606FunInDaSun|should we just say it was a crit\n|c| Smelliot sniff|It was a crit?\n|c|\u2606FunInDaSun|the zmove\n|c| Smelliot sniff|what do u mean?\n|c|\u2606FunInDaSun|pretend it was a crit :p\n|c| Smelliot sniff|realistically you should replay\n|c| Smelliot sniff|or somethint\n|c|\u2606FunInDaSun|38 turns in\n|c| Smelliot sniff|Idk\n|c|\u2606FunInDaSun|:p\n|\n|t:|1699051963\n|move|p2a: Eternatus|Tera Blast|p1a: Grape|[anim] Tera Blast Ground\n|-supereffective|p1a: Grape\n|-damage|p1a: Grape|0 fnt\n|faint|p1a: Grape\n|\n|upkeep\n|\n|t:|1699051968\n|switch|p1a: Cricketer|Mewtwo-Mega-X|82\/100\n|-damage|p1a: Cricketer|70\/100|[from] Spikes\n|-damage|p1a: Cricketer|64\/100|[from] Stealth Rock\n|turn|39\n|c| Smelliot sniff|i thought z moves wre legal cos I didn\u2019t read doc and fidgety messaged me about it\n|c| Smelliot sniff|i shouldve read doc and corrected\n|c| Smelliot sniff|so also my fault\n|\n|t:|1699051991\n|move|p1a: Cricketer|Recover|p1a: Cricketer\n|-heal|p1a: Cricketer|100\/100\n|move|p2a: Eternatus|Sludge Wave|p1a: Cricketer\n|-damage|p1a: Cricketer|56\/100\n|\n|upkeep\n|turn|40\n|c|\u2606FunInDaSun|all the important text is in bold\n|\n|t:|1699052038\n|switch|p2a: Lugia|Lugia|51\/100\n|move|p1a: Cricketer|Ice Punch|p2a: Lugia\n|-supereffective|p2a: Lugia\n|-damage|p2a: Lugia|10\/100\n|-status|p2a: Lugia|frz\n|\n|upkeep\n|turn|41\n|\n|t:|1699052043\n|move|p1a: Cricketer|Recover|p1a: Cricketer\n|-heal|p1a: Cricketer|100\/100\n|cant|p2a: Lugia|frz\n|\n|upkeep\n|turn|42\n|\n|t:|1699052048\n|move|p1a: Cricketer|Ice Punch|p2a: Lugia\n|-supereffective|p2a: Lugia\n|-damage|p2a: Lugia|0 fnt\n|faint|p2a: Lugia\n|\n|upkeep\n|c| Smelliot sniff|I\u2019ll make sure my team is legal like 10 mins before I plau\n|\n|t:|1699052054\n|switch|p2a: Eternatus|Eternatus, tera:Ground|52\/100\n|-damage|p2a: Eternatus|46\/100|[from] Stealth Rock\n|-ability|p2a: Eternatus|Pressure\n|turn|43\n|\n|t:|1699052057\n|move|p1a: Cricketer|Ice Punch|p2a: Eternatus\n|-supereffective|p2a: Eternatus\n|-damage|p2a: Eternatus|3\/100\n|move|p2a: Eternatus|Dynamax Cannon|p1a: Cricketer\n|-damage|p1a: Cricketer|59\/100\n|\n|upkeep\n|turn|44\n|\n|t:|1699052063\n|move|p2a: Eternatus|Dynamax Cannon|p1a: Cricketer\n|-damage|p1a: Cricketer|15\/100\n|move|p1a: Cricketer|Brick Break|p2a: Eternatus\n|-damage|p2a: Eternatus|0 fnt\n|faint|p2a: Eternatus\n|\n|win|FunInDaSun\n|c|\u2606FunInDaSun|gg\n|c|\u2606fidgety42|gg\n|l|\u2606fidgety42\n","uploadtime":1699052092,"views":16,"p1id":"funindasun","p2id":"fidgety42","formatid":"gen9nationaldexubers","rating":0,"private":0,"password":""}