{"id":"gen9nationaldexubers-1991166113","p1":"zgszgs123","p2":"dcrownd","format":"[Gen 9] National Dex Ubers","log":"|j|\u2606zgszgs123\n|j|\u2606dcrownd\n|t:|1700052543\n|gametype|singles\n|player|p1|zgszgs123|265|\n|player|p2|dcrownd|giovanni|\n|teamsize|p1|6\n|teamsize|p2|6\n|gen|9\n|tier|[Gen 9] National Dex Ubers\n|rule|HP Percentage Mod: HP is shown in percentages\n|rule|Endless Battle Clause: Forcing endless battles is banned\n|rule|OHKO Clause: OHKO moves are banned\n|rule|Evasion Moves Clause: Evasion moves are banned\n|rule|Evasion Items Clause: Evasion items are banned\n|rule|Species Clause: Limit one of each Pok\u00e9mon\n|rule|Sleep Clause Mod: Limit one foe put to sleep\n|rule|Mega Rayquaza Clause: You cannot mega evolve Rayquaza\n|clearpoke\n|poke|p1|Shuckle, M|\n|poke|p1|Tyranitar, M|\n|poke|p1|Kleavor, F|\n|poke|p1|Glimmora, M|\n|poke|p1|Garganacl, M|\n|poke|p1|Aggron, L1, F|\n|poke|p2|Veluza, M|\n|poke|p2|Metagross|\n|poke|p2|Bruxish, F|\n|poke|p2|Hatterene, F|\n|poke|p2|Malamar, F|\n|poke|p2|Slowking, M|\n|teampreview\n|\n|t:|1700052575\n|start\n|switch|p1a: Shuckle|Shuckle, M|100\/100\n|switch|p2a: Hatterene|Hatterene, F|100\/100\n|turn|1\n|\n|t:|1700052588\n|move|p2a: Hatterene|Calm Mind|p2a: Hatterene\n|-boost|p2a: Hatterene|spa|1\n|-boost|p2a: Hatterene|spd|1\n|move|p1a: Shuckle|Encore|p2a: Hatterene\n|move|p2a: Hatterene|Encore||[from]ability: Magic Bounce|[still]\n|-fail|p2a: Hatterene\n|\n|upkeep\n|turn|2\n|\n|t:|1700052599\n|switch|p1a: Tyranitar|Tyranitar, M|100\/100\n|-weather|Sandstorm|[from] ability: Sand Stream|[of] p1a: Tyranitar\n|move|p2a: Hatterene|Draining Kiss|p1a: Tyranitar\n|-supereffective|p1a: Tyranitar\n|-damage|p1a: Tyranitar|58\/100\n|-enditem|p1a: Tyranitar|Weakness Policy\n|-boost|p1a: Tyranitar|atk|2|[from] item: Weakness Policy\n|-boost|p1a: Tyranitar|spa|2|[from] item: Weakness Policy\n|\n|-weather|Sandstorm|[upkeep]\n|-damage|p2a: Hatterene|95\/100|[from] Sandstorm\n|-heal|p2a: Hatterene|100\/100|[from] item: Leftovers\n|upkeep\n|turn|3\n|\n|t:|1700052627\n|move|p1a: Tyranitar|Dragon Dance|p1a: Tyranitar\n|-boost|p1a: Tyranitar|atk|1\n|-boost|p1a: Tyranitar|spe|1\n|move|p2a: Hatterene|Draining Kiss|p1a: Tyranitar\n|-supereffective|p1a: Tyranitar\n|-damage|p1a: Tyranitar|14\/100\n|\n|-weather|Sandstorm|[upkeep]\n|-damage|p2a: Hatterene|95\/100|[from] Sandstorm\n|-heal|p2a: Hatterene|100\/100|[from] item: Leftovers\n|upkeep\n|turn|4\n|\n|t:|1700052644\n|move|p1a: Tyranitar|Earthquake|p2a: Hatterene\n|-damage|p2a: Hatterene|28\/100\n|move|p2a: Hatterene|Draining Kiss|p1a: Tyranitar\n|-supereffective|p1a: Tyranitar\n|-damage|p1a: Tyranitar|0 fnt\n|-heal|p2a: Hatterene|39\/100|[from] drain|[of] p1a: Tyranitar\n|faint|p1a: Tyranitar\n|\n|-weather|Sandstorm|[upkeep]\n|-damage|p2a: Hatterene|33\/100|[from] Sandstorm\n|-heal|p2a: Hatterene|39\/100|[from] item: Leftovers\n|upkeep\n|\n|t:|1700052661\n|switch|p1a: Kleavor|Kleavor, F|100\/100\n|turn|5\n|l|\u2606dcrownd\n|player|p2|\n|j|\u2606dcrownd\n|player|p2|dcrownd|giovanni\n|\n|t:|1700052721\n|switch|p2a: Metagross|Metagross|100\/100\n|move|p1a: Kleavor|Stone Axe|p2a: Metagross\n|-resisted|p2a: Metagross\n|-damage|p2a: Metagross|82\/100\n|-sidestart|p2: dcrownd|move: Stealth Rock\n|\n|-weather|Sandstorm|[upkeep]\n|upkeep\n|turn|6\n|\n|t:|1700052734\n|switch|p1a: Shuckle|Shuckle, M|100\/100\n|detailschange|p2a: Metagross|Metagross-Mega\n|-mega|p2a: Metagross|Metagross|Metagrossite\n|move|p2a: Metagross|Meteor Mash|p1a: Shuckle\n|-supereffective|p1a: Shuckle\n|-damage|p1a: Shuckle|31\/100\n|\n|-weather|none\n|upkeep\n|turn|7\n|\n|t:|1700052746\n|move|p2a: Metagross|Meteor Mash|p1a: Shuckle\n|-supereffective|p1a: Shuckle\n|-damage|p1a: Shuckle|0 fnt\n|-boost|p2a: Metagross|atk|1\n|faint|p1a: Shuckle\n|\n|upkeep\n|inactive|Battle timer is ON: inactive players will automatically lose when time's up. (requested by dcrownd)\n|\n|t:|1700052761\n|switch|p1a: Glimmora|Glimmora, M|100\/100\n|turn|8\n|\n|t:|1700052770\n|move|p2a: Metagross|Earthquake|p1a: Glimmora\n|-supereffective|p1a: Glimmora\n|-enditem|p1a: Glimmora|Focus Sash\n|-damage|p1a: Glimmora|1\/100\n|-activate|p1a: Glimmora|ability: Toxic Debris\n|-sidestart|p2: dcrownd|move: Toxic Spikes\n|move|p1a: Glimmora|Earth Power|p2a: Metagross\n|-supereffective|p2a: Metagross\n|-damage|p2a: Metagross|29\/100\n|\n|upkeep\n|turn|9\n|\n|t:|1700052781\n|move|p2a: Metagross|Earthquake|p1a: Glimmora\n|-supereffective|p1a: Glimmora\n|-damage|p1a: Glimmora|0 fnt\n|-activate|p1a: Glimmora|ability: Toxic Debris\n|-sidestart|p2: dcrownd|move: Toxic Spikes\n|faint|p1a: Glimmora\n|\n|upkeep\n|\n|t:|1700052790\n|switch|p1a: Garganacl|Garganacl, M|100\/100\n|turn|10\n|\n|t:|1700052800\n|move|p2a: Metagross|Meteor Mash|p1a: Garganacl\n|-supereffective|p1a: Garganacl\n|-damage|p1a: Garganacl|0 fnt\n|-boost|p2a: Metagross|atk|1\n|-damage|p2a: Metagross|12\/100|[from] item: Rocky Helmet|[of] p1a: Garganacl\n|faint|p1a: Garganacl\n|\n|upkeep\n|\n|t:|1700052806\n|switch|p1a: Kleavor|Kleavor, F|100\/100\n|turn|11\n|\n|t:|1700052816\n|move|p2a: Metagross|Meteor Mash|p1a: Kleavor\n|-supereffective|p1a: Kleavor\n|-enditem|p1a: Kleavor|Focus Sash\n|-damage|p1a: Kleavor|1\/100\n|-boost|p2a: Metagross|atk|1\n|move|p1a: Kleavor|Swords Dance|p1a: Kleavor\n|-boost|p1a: Kleavor|atk|2\n|\n|upkeep\n|turn|12\n|\n|t:|1700052828\n|move|p1a: Kleavor|Quick Attack|p2a: Metagross\n|-resisted|p2a: Metagross\n|-damage|p2a: Metagross|4\/100\n|move|p2a: Metagross|Meteor Mash|p1a: Kleavor\n|-supereffective|p1a: Kleavor\n|-damage|p1a: Kleavor|0 fnt\n|faint|p1a: Kleavor\n|\n|upkeep\n|\n|t:|1700052836\n|switch|p1a: Aggron|Aggron, L1, F|100\/100\n|turn|13\n|\n|t:|1700052841\n|move|p2a: Metagross|Earthquake|p1a: Aggron\n|-supereffective|p1a: Aggron\n|-ability|p1a: Aggron|Sturdy\n|-damage|p1a: Aggron|9\/100\n|move|p1a: Aggron|Endeavor|p2a: Metagross\n|-damage|p2a: Metagross|1\/100\n|-heal|p1a: Aggron|17\/100|[from] item: Shell Bell|[of] p2a: Metagross\n|\n|upkeep\n|turn|14\n|-message|zgszgs123 forfeited.\n|\n|win|dcrownd\n|l|\u2606zgszgs123\n","uploadtime":1700052862,"views":7,"p1id":"zgszgs123","p2id":"dcrownd","formatid":"gen9nationaldexubers","rating":0,"private":0,"password":""}