{"id":"gen9nationaldexubers-1978296544","p1":"Eraedus","p2":"jeelio","format":"[Gen 9] National Dex Ubers","log":"|j|\u2606Eraedus\n|j|\u2606jeelio\n|t:|1698522129\n|gametype|singles\n|player|p1|Eraedus|ethan|\n|player|p2|jeelio|benga|\n|teamsize|p1|6\n|teamsize|p2|6\n|gen|9\n|tier|[Gen 9] National Dex Ubers\n|rule|HP Percentage Mod: HP is shown in percentages\n|rule|Endless Battle Clause: Forcing endless battles is banned\n|rule|OHKO Clause: OHKO moves are banned\n|rule|Evasion Moves Clause: Evasion moves are banned\n|rule|Evasion Items Clause: Evasion items are banned\n|rule|Species Clause: Limit one of each Pok\u00e9mon\n|rule|Sleep Clause Mod: Limit one foe put to sleep\n|rule|Mega Rayquaza Clause: You cannot mega evolve Rayquaza\n|clearpoke\n|poke|p1|Medicham, M|\n|poke|p1|Registeel|\n|poke|p1|Weezing-Galar, F|\n|poke|p1|Samurott-Hisui, F|\n|poke|p1|Zapdos|\n|poke|p1|Regice|\n|poke|p2|Electrode-Hisui|\n|poke|p2|Lycanroc-Dusk, F|\n|poke|p2|Gyarados, F|\n|poke|p2|Dragonite, M|\n|poke|p2|Espathra, M|\n|poke|p2|Uxie|\n|teampreview\n|c|\u2606jeelio|gl hf\n|c|\u2606Eraedus|ah yes\n|c|\u2606Eraedus|the team of my nightmares\n|c|\u2606Eraedus|gl hf to u2 man\n|c|\u2606jeelio|your registeel is scaring me already\n|c|\u2606Eraedus|:)\n|\n|t:|1698522178\n|start\n|switch|p1a: Samurott|Samurott-Hisui, F|100\/100\n|switch|p2a: Uxie|Uxie|100\/100\n|turn|1\n|\n|t:|1698522215\n|move|p1a: Samurott|Ceaseless Edge|p2a: Uxie\n|-supereffective|p2a: Uxie\n|-damage|p2a: Uxie|28\/100\n|-sidestart|p2: jeelio|Spikes\n|move|p2a: Uxie|U-turn|p1a: Samurott\n|-supereffective|p1a: Samurott\n|-damage|p1a: Samurott|69\/100\n|\n|t:|1698522232\n|switch|p2a: Dragonite|Dragonite, M|100\/100|[from] U-turn\n|\n|upkeep\n|turn|2\n|\n|t:|1698522265\n|switch|p1a: Registeel|Registeel, shiny|100\/100\n|move|p2a: Dragonite|Curse|p2a: Dragonite\n|-unboost|p2a: Dragonite|spe|1\n|-boost|p2a: Dragonite|atk|1\n|-boost|p2a: Dragonite|def|1\n|\n|upkeep\n|turn|3\n|\n|t:|1698522283\n|move|p1a: Registeel|Thunder Punch|p2a: Dragonite\n|-damage|p2a: Dragonite|96\/100\n|move|p2a: Dragonite|Curse|p2a: Dragonite\n|-unboost|p2a: Dragonite|spe|1\n|-boost|p2a: Dragonite|atk|1\n|-boost|p2a: Dragonite|def|1\n|\n|upkeep\n|turn|4\n|\n|t:|1698522290\n|switch|p1a: trust|Regice, shiny|100\/100\n|move|p2a: Dragonite|Curse|p2a: Dragonite\n|-unboost|p2a: Dragonite|spe|1\n|-boost|p2a: Dragonite|atk|1\n|-boost|p2a: Dragonite|def|1\n|\n|upkeep\n|turn|5\n|\n|t:|1698522350\n|switch|p2a: Lycanroc|Lycanroc-Dusk, F|100\/100\n|-damage|p2a: Lycanroc|88\/100|[from] Spikes\n|move|p1a: trust|Hail|p1a: trust\n|-weather|Hail\n|\n|-weather|Hail|[upkeep]\n|-damage|p2a: Lycanroc|82\/100|[from] Hail\n|upkeep\n|turn|6\n|\n|t:|1698522369\n|switch|p1a: Medicham|Medicham, M|100\/100\n|move|p2a: Lycanroc|Stone Edge|p1a: Medicham\n|-resisted|p1a: Medicham\n|-damage|p1a: Medicham|46\/100\n|-damage|p2a: Lycanroc|72\/100|[from] item: Life Orb\n|\n|-weather|Hail|[upkeep]\n|-damage|p2a: Lycanroc|66\/100|[from] Hail\n|-damage|p1a: Medicham|40\/100|[from] Hail\n|upkeep\n|turn|7\n|\n|t:|1698522388\n|switch|p2a: Uxie|Uxie|28\/100\n|detailschange|p1a: Medicham|Medicham-Mega, M\n|-mega|p1a: Medicham|Medicham|Medichamite\n|move|p1a: Medicham|Fake Out|p2a: Uxie\n|-damage|p2a: Uxie|11\/100\n|-enditem|p2a: Uxie|Wiki Berry|[eat]\n|-heal|p2a: Uxie|44\/100|[from] item: Wiki Berry\n|\n|-weather|Hail|[upkeep]\n|-damage|p1a: Medicham|33\/100|[from] Hail\n|-damage|p2a: Uxie|38\/100|[from] Hail\n|upkeep\n|turn|8\n|\n|t:|1698522414\n|switch|p1a: trust|Regice, shiny|100\/100\n|move|p2a: Uxie|Yawn|p1a: trust\n|-start|p1a: trust|move: Yawn|[of] p2a: Uxie\n|\n|-weather|Hail|[upkeep]\n|-damage|p2a: Uxie|32\/100|[from] Hail\n|upkeep\n|turn|9\n|\n|t:|1698522424\n|move|p2a: Uxie|Stealth Rock|p1a: trust\n|-sidestart|p1: Eraedus|move: Stealth Rock\n|move|p1a: trust|Aurora Veil|p1a: trust\n|-sidestart|p1: Eraedus|move: Aurora Veil\n|\n|-weather|Hail|[upkeep]\n|-damage|p2a: Uxie|25\/100|[from] Hail\n|-end|p1a: trust|move: Yawn|[silent]\n|-status|p1a: trust|slp\n|upkeep\n|turn|10\n|\n|t:|1698522437\n|switch|p2a: Dragonite|Dragonite, M|96\/100\n|cant|p1a: trust|slp\n|\n|-weather|Hail|[upkeep]\n|-damage|p2a: Dragonite|90\/100|[from] Hail\n|upkeep\n|turn|11\n|\n|t:|1698522457\n|move|p2a: Dragonite|Earthquake|p1a: trust\n|-damage|p1a: trust|82\/100 slp\n|cant|p1a: trust|slp\n|\n|-weather|Hail|[upkeep]\n|-damage|p2a: Dragonite|84\/100|[from] Hail\n|upkeep\n|turn|12\n|\n|t:|1698522466\n|move|p2a: Dragonite|Earthquake|p1a: trust\n|-damage|p1a: trust|65\/100 slp\n|-curestatus|p1a: trust|slp|[msg]\n|move|p1a: trust|Blizzard|p2a: Dragonite\n|-supereffective|p2a: Dragonite\n|-damage|p2a: Dragonite|0 fnt\n|faint|p2a: Dragonite\n|\n|-weather|none\n|upkeep\n|c|\u2606jeelio|:(\n|c|\u2606Eraedus|:)\n|\n|t:|1698522523\n|switch|p2a: Electrode|Electrode-Hisui|100\/100\n|turn|13\n|\n|t:|1698522537\n|move|p2a: Electrode|Thunder Wave|p1a: trust\n|-status|p1a: trust|par\n|cant|p1a: trust|par\n|\n|-sideend|p1: Eraedus|move: Aurora Veil\n|upkeep\n|turn|14\n|\n|t:|1698522551\n|move|p2a: Electrode|Thunderbolt|p1a: trust\n|-damage|p1a: trust|47\/100 par\n|move|p1a: trust|Hail|p1a: trust\n|-weather|Hail\n|\n|-weather|Hail|[upkeep]\n|-damage|p2a: Electrode|94\/100|[from] Hail\n|upkeep\n|turn|15\n|\n|t:|1698522579\n|move|p2a: Electrode|Volt Switch|p1a: trust\n|-damage|p1a: trust|33\/100 par\n|\n|t:|1698522581\n|switch|p2a: Gyarados|Gyarados, F|100\/100|[from] Volt Switch\n|move|p1a: trust|Blizzard|p2a: Gyarados\n|-damage|p2a: Gyarados|52\/100\n|\n|-weather|Hail|[upkeep]\n|-damage|p2a: Gyarados|46\/100|[from] Hail\n|upkeep\n|turn|16\n|\n|t:|1698522596\n|move|p2a: Gyarados|Waterfall|p1a: trust\n|-damage|p1a: trust|0 fnt\n|faint|p1a: trust\n|-ability|p2a: Gyarados|Moxie|boost\n|-boost|p2a: Gyarados|atk|1\n|\n|-weather|Hail|[upkeep]\n|-damage|p2a: Gyarados|40\/100|[from] Hail\n|upkeep\n|\n|t:|1698522623\n|switch|p1a: Zapdos|Zapdos|100\/100\n|-damage|p1a: Zapdos|76\/100|[from] Stealth Rock\n|turn|17\n|\n|t:|1698522632\n|move|p2a: Gyarados|Waterfall|p1a: Zapdos\n|-damage|p1a: Zapdos|20\/100\n|cant|p1a: Zapdos|flinch\n|\n|-weather|Hail|[upkeep]\n|-damage|p2a: Gyarados|34\/100|[from] Hail\n|upkeep\n|turn|18\n|c|\u2606Eraedus|NO WAY\n|c|\u2606jeelio|unlucky\n|\n|t:|1698522645\n|move|p2a: Gyarados|Waterfall|p1a: Zapdos\n|-damage|p1a: Zapdos|0 fnt\n|-status|p2a: Gyarados|par|[from] ability: Static|[of] p1a: Zapdos\n|-enditem|p2a: Gyarados|Lum Berry|[eat]\n|-curestatus|p2a: Gyarados|par|[msg]\n|faint|p1a: Zapdos\n|-ability|p2a: Gyarados|Moxie|boost\n|-boost|p2a: Gyarados|atk|1\n|\n|-weather|Hail|[upkeep]\n|-damage|p2a: Gyarados|28\/100|[from] Hail\n|upkeep\n|c|\u2606Eraedus|i did not need that to flinch oh god\n|\n|t:|1698522667\n|switch|p1a: Registeel|Registeel, shiny|100\/100\n|-damage|p1a: Registeel|94\/100|[from] Stealth Rock\n|turn|19\n|c|\u2606jeelio|yeah no that was suoer unfortunate\n|\n|t:|1698522674\n|move|p2a: Gyarados|Earthquake|p1a: Registeel\n|-supereffective|p1a: Registeel\n|-damage|p1a: Registeel|20\/100\n|move|p1a: Registeel|Thunder Punch|p2a: Gyarados\n|-supereffective|p2a: Gyarados\n|-damage|p2a: Gyarados|0 fnt\n|faint|p2a: Gyarados\n|\n|-weather|Hail|[upkeep]\n|-damage|p1a: Registeel|14\/100|[from] Hail\n|-heal|p1a: Registeel|20\/100|[from] item: Leftovers\n|upkeep\n|\n|t:|1698522693\n|switch|p2a: Electrode|Electrode-Hisui|94\/100\n|turn|20\n|\n|t:|1698522708\n|move|p2a: Electrode|Thunderbolt|p1a: Registeel\n|-damage|p1a: Registeel|0 fnt\n|faint|p1a: Registeel\n|\n|-weather|Hail|[upkeep]\n|-damage|p2a: Electrode|88\/100|[from] Hail\n|upkeep\n|\n|t:|1698522716\n|switch|p1a: Weezing|Weezing-Galar, F|100\/100\n|-ability|p1a: Weezing|Neutralizing Gas\n|-damage|p1a: Weezing|88\/100|[from] Stealth Rock\n|turn|21\n|\n|t:|1698522725\n|move|p2a: Electrode|Thunderbolt|p1a: Weezing\n|-damage|p1a: Weezing|56\/100\n|move|p1a: Weezing|Flamethrower|p2a: Electrode\n|-supereffective|p2a: Electrode\n|-damage|p2a: Electrode|39\/100\n|\n|-weather|none\n|-heal|p1a: Weezing|62\/100|[from] item: Black Sludge\n|upkeep\n|turn|22\n|\n|t:|1698522748\n|move|p2a: Electrode|Volt Switch|p1a: Weezing\n|-damage|p1a: Weezing|35\/100\n|\n|t:|1698522750\n|switch|p2a: Uxie|Uxie|25\/100|[from] Volt Switch\n|-damage|p2a: Uxie|13\/100|[from] Spikes\n|move|p1a: Weezing|Flamethrower|p2a: Uxie\n|-damage|p2a: Uxie|0 fnt\n|faint|p2a: Uxie\n|\n|-heal|p1a: Weezing|41\/100|[from] item: Black Sludge\n|upkeep\n|\n|t:|1698522757\n|switch|p2a: Espathra|Espathra, M|100\/100\n|-damage|p2a: Espathra|88\/100|[from] Spikes\n|turn|23\n|\n|t:|1698522771\n|move|p2a: Espathra|Calm Mind|p2a: Espathra\n|-boost|p2a: Espathra|spa|1\n|-boost|p2a: Espathra|spd|1\n|move|p1a: Weezing|Pain Split|p2a: Espathra\n|-sethp|p2a: Espathra|63\/100|[from] move: Pain Split|[silent]\n|-sethp|p1a: Weezing|69\/100|[from] move: Pain Split\n|\n|-heal|p2a: Espathra|69\/100|[from] item: Leftovers\n|-heal|p1a: Weezing|75\/100|[from] item: Black Sludge\n|upkeep\n|turn|24\n|\n|t:|1698522783\n|move|p2a: Espathra|Calm Mind|p2a: Espathra\n|-boost|p2a: Espathra|spa|1\n|-boost|p2a: Espathra|spd|1\n|move|p1a: Weezing|Toxic|p2a: Espathra\n|-status|p2a: Espathra|tox\n|\n|-heal|p2a: Espathra|75\/100 tox|[from] item: Leftovers\n|-heal|p1a: Weezing|81\/100|[from] item: Black Sludge\n|-damage|p2a: Espathra|69\/100 tox|[from] psn\n|upkeep\n|turn|25\n|\n|t:|1698522793\n|move|p2a: Espathra|Roost|p2a: Espathra\n|-heal|p2a: Espathra|100\/100 tox\n|-singleturn|p2a: Espathra|move: Roost\n|move|p1a: Weezing|Strange Steam|p2a: Espathra\n|-damage|p2a: Espathra|79\/100 tox\n|-start|p2a: Espathra|confusion\n|\n|-heal|p2a: Espathra|86\/100 tox|[from] item: Leftovers\n|-heal|p1a: Weezing|87\/100|[from] item: Black Sludge\n|-damage|p2a: Espathra|73\/100 tox|[from] psn\n|upkeep\n|turn|26\n|\n|t:|1698522813\n|-activate|p2a: Espathra|confusion\n|move|p2a: Espathra|Stored Power|p1a: Weezing\n|-supereffective|p1a: Weezing\n|-damage|p1a: Weezing|0 fnt\n|faint|p1a: Weezing\n|-end|p1a: Weezing|ability: Neutralizing Gas\n|\n|-heal|p2a: Espathra|79\/100 tox|[from] item: Leftovers\n|-damage|p2a: Espathra|61\/100 tox|[from] psn\n|-ability|p2a: Espathra|Speed Boost|boost\n|-boost|p2a: Espathra|spe|1\n|upkeep\n|\n|t:|1698522829\n|switch|p1a: Samurott|Samurott-Hisui, F|69\/100\n|-damage|p1a: Samurott|57\/100|[from] Stealth Rock\n|turn|27\n|\n|t:|1698522840\n|move|p1a: Samurott|X-Scissor|p2a: Espathra\n|-supereffective|p2a: Espathra\n|-damage|p2a: Espathra|0 fnt\n|faint|p2a: Espathra\n|\n|upkeep\n|\n|t:|1698522862\n|switch|p2a: Electrode|Electrode-Hisui|39\/100\n|turn|28\n|\n|t:|1698522875\n|move|p1a: Samurott|X-Scissor|p2a: Electrode\n|-supereffective|p2a: Electrode\n|-damage|p2a: Electrode|0 fnt\n|-status|p1a: Samurott|par|[from] ability: Static|[of] p2a: Electrode\n|faint|p2a: Electrode\n|\n|upkeep\n|\n|t:|1698522879\n|switch|p2a: Lycanroc|Lycanroc-Dusk, F|66\/100\n|-damage|p2a: Lycanroc|54\/100|[from] Spikes\n|turn|29\n|c|\u2606Eraedus|my heart is POUNDING\n|\n|t:|1698522928\n|switch|p1a: Medicham|Medicham-Mega, M|33\/100\n|-damage|p1a: Medicham|27\/100|[from] Stealth Rock\n|move|p2a: Lycanroc|Play Rough|p1a: Medicham\n|-supereffective|p1a: Medicham\n|-damage|p1a: Medicham|0 fnt\n|faint|p1a: Medicham\n|-damage|p2a: Lycanroc|44\/100|[from] item: Life Orb\n|\n|upkeep\n|\n|t:|1698522941\n|switch|p1a: Samurott|Samurott-Hisui, F|57\/100 par\n|-damage|p1a: Samurott|44\/100 par|[from] Stealth Rock\n|turn|30\n|\n|t:|1698522974\n|move|p2a: Lycanroc|Accelerock|p1a: Samurott\n|-damage|p1a: Samurott|3\/100 par\n|-damage|p2a: Lycanroc|34\/100|[from] item: Life Orb\n|cant|p1a: Samurott|par\n|\n|upkeep\n|turn|31\n|c|\u2606Eraedus|FUCK ME\n|c|\u2606jeelio|OH MY\n|\n|t:|1698522987\n|move|p2a: Lycanroc|Accelerock|p1a: Samurott\n|-damage|p1a: Samurott|0 fnt\n|faint|p1a: Samurott\n|-damage|p2a: Lycanroc|24\/100|[from] item: Life Orb\n|\n|win|jeelio\n|c|\u2606Eraedus|god DAMIT\n|c|\u2606Eraedus|gg\n|c|\u2606jeelio|GG\n|c|\u2606jeelio|you got super unlucky\n|c|\u2606Eraedus|ugh\n|c|\u2606Eraedus|that stings so hard\n|c|\u2606Eraedus|wp man\n|c|\u2606jeelio|ive been getting bailed out the whole season\n|c|\u2606jeelio|the luck is bound to run out\n|c|\u2606jeelio|ggs\n|c|\u2606Eraedus|lmao yea\n|c|\u2606Eraedus|u can share it i need to go recover\n|l|\u2606Eraedus\n|c|\u2606jeelio|the scarf samurott was scary\n","uploadtime":1698523032,"views":31,"p1id":"eraedus","p2id":"jeelio","formatid":"gen9nationaldexubers","rating":0,"private":0,"password":""}