{"id":"gen9nationaldexubers-1979039103","p1":"dangvu2k5D","p2":"Godspeed06","format":"[Gen 9] National Dex Ubers","log":"|j|\u2606dangvu2k5D\n|j|\u2606Godspeed06\n|t:|1698624397\n|gametype|singles\n|player|p1|dangvu2k5D|266|1115\n|player|p2|Godspeed06|sabrina|1304\n|teamsize|p1|6\n|teamsize|p2|6\n|gen|9\n|tier|[Gen 9] National Dex Ubers\n|rated|\n|rule|HP Percentage Mod: HP is shown in percentages\n|rule|Endless Battle Clause: Forcing endless battles is banned\n|rule|OHKO Clause: OHKO moves are banned\n|rule|Evasion Moves Clause: Evasion moves are banned\n|rule|Evasion Items Clause: Evasion items are banned\n|rule|Species Clause: Limit one of each Pok\u00e9mon\n|rule|Sleep Clause Mod: Limit one foe put to sleep\n|rule|Mega Rayquaza Clause: You cannot mega evolve Rayquaza\n|clearpoke\n|poke|p1|Zangoose, F|\n|poke|p1|Torkoal, M|\n|poke|p1|Purugly, F|\n|poke|p1|Sigilyph, M|\n|poke|p1|Darmanitan-Galar, M|\n|poke|p1|Dondozo, M|\n|poke|p2|Groudon|\n|poke|p2|Chi-Yu|\n|poke|p2|Blaziken, M|\n|poke|p2|Grimmsnarl, M|\n|poke|p2|Giratina-Origin|\n|poke|p2|Flygon, M|\n|teampreview\n|inactive|Battle timer is ON: inactive players will automatically lose when time's up. (requested by Godspeed06)\n|\n|t:|1698624404\n|start\n|switch|p1a: Purugly|Purugly, F|100\/100\n|switch|p2a: Grimmsnarl|Grimmsnarl, M|100\/100\n|turn|1\n|\n|t:|1698624411\n|move|p1a: Purugly|Fake Out|p2a: Grimmsnarl\n|-damage|p2a: Grimmsnarl|85\/100\n|cant|p2a: Grimmsnarl|flinch\n|\n|upkeep\n|turn|2\n|\n|t:|1698624418\n|move|p2a: Grimmsnarl|Reflect|p2a: Grimmsnarl\n|-sidestart|p2: Godspeed06|Reflect\n|move|p1a: Purugly|Knock Off|p2a: Grimmsnarl\n|-resisted|p2a: Grimmsnarl\n|-damage|p2a: Grimmsnarl|82\/100\n|-enditem|p2a: Grimmsnarl|Light Clay|[from] move: Knock Off|[of] p1a: Purugly\n|\n|upkeep\n|turn|3\n|\n|t:|1698624426\n|move|p2a: Grimmsnarl|False Surrender|p1a: Purugly\n|-damage|p1a: Purugly|51\/100\n|move|p1a: Purugly|Roar|p2a: Grimmsnarl\n|drag|p2a: Giratina|Giratina-Origin|100\/100\n|\n|upkeep\n|turn|4\n|\n|t:|1698624436\n|switch|p2a: Grimmsnarl|Grimmsnarl, M|82\/100\n|move|p1a: Purugly|Knock Off|p2a: Grimmsnarl\n|-resisted|p2a: Grimmsnarl\n|-crit|p2a: Grimmsnarl\n|-damage|p2a: Grimmsnarl|77\/100\n|\n|upkeep\n|turn|5\n|\n|t:|1698624444\n|move|p2a: Grimmsnarl|False Surrender|p1a: Purugly\n|-damage|p1a: Purugly|8\/100\n|-enditem|p1a: Purugly|Figy Berry|[eat]\n|-heal|p1a: Purugly|42\/100|[from] item: Figy Berry\n|move|p1a: Purugly|Roar|p2a: Grimmsnarl\n|drag|p2a: Flygon|Flygon, M|100\/100\n|\n|upkeep\n|turn|6\n|\n|t:|1698624453\n|move|p2a: Flygon|Earthquake|p1a: Purugly\n|-damage|p1a: Purugly|0 fnt\n|faint|p1a: Purugly\n|\n|upkeep\n|\n|t:|1698624465\n|switch|p1a: Sigilyph|Sigilyph, M|100\/100\n|turn|7\n|\n|t:|1698624470\n|switch|p2a: Grimmsnarl|Grimmsnarl, M|77\/100\n|-zpower|p1a: Sigilyph\n|move|p1a: Sigilyph|Shattered Psyche|p2a: Grimmsnarl|[zeffect]\n|-immune|p2a: Grimmsnarl\n|\n|upkeep\n|turn|8\n|\n|t:|1698624478\n|move|p2a: Grimmsnarl|Light Screen|p2a: Grimmsnarl\n|-sidestart|p2: Godspeed06|move: Light Screen\n|move|p1a: Sigilyph|Air Slash|p2a: Grimmsnarl\n|-damage|p2a: Grimmsnarl|64\/100\n|\n|upkeep\n|turn|9\n|\n|t:|1698624485\n|move|p1a: Sigilyph|Calm Mind|p1a: Sigilyph\n|-boost|p1a: Sigilyph|spa|1\n|-boost|p1a: Sigilyph|spd|1\n|move|p2a: Grimmsnarl|False Surrender|p1a: Sigilyph\n|-supereffective|p1a: Sigilyph\n|-damage|p1a: Sigilyph|13\/100\n|\n|-sideend|p2: Godspeed06|Reflect\n|upkeep\n|turn|10\n|\n|t:|1698624493\n|move|p1a: Sigilyph|Air Slash|p2a: Grimmsnarl\n|-damage|p2a: Grimmsnarl|46\/100\n|move|p2a: Grimmsnarl|False Surrender|p1a: Sigilyph\n|-supereffective|p1a: Sigilyph\n|-damage|p1a: Sigilyph|0 fnt\n|faint|p1a: Sigilyph\n|\n|upkeep\n|\n|t:|1698624505\n|switch|p1a: Zangoose|Zangoose, F|100\/100\n|turn|11\n|\n|t:|1698624520\n|move|p2a: Grimmsnarl|Reflect|p2a: Grimmsnarl\n|-sidestart|p2: Godspeed06|Reflect\n|move|p1a: Zangoose|Agility|p1a: Zangoose\n|-boost|p1a: Zangoose|spe|2\n|\n|-status|p1a: Zangoose|tox|[from] item: Toxic Orb\n|upkeep\n|turn|12\n|\n|t:|1698624531\n|move|p2a: Grimmsnarl|Parting Shot|p1a: Zangoose\n|-unboost|p1a: Zangoose|atk|1\n|-unboost|p1a: Zangoose|spa|1\n|\n|t:|1698624535\n|switch|p2a: Giratina|Giratina-Origin|100\/100|[from] Parting Shot\n|move|p1a: Zangoose|Facade|p2a: Giratina\n|-immune|p2a: Giratina\n|\n|-damage|p1a: Zangoose|94\/100 tox|[from] psn\n|-sideend|p2: Godspeed06|move: Light Screen\n|upkeep\n|turn|13\n|\n|t:|1698624550\n|switch|p1a: Darmanitan|Darmanitan-Galar, M|100\/100\n|move|p2a: Giratina|Dragon Tail|p1a: Darmanitan\n|-damage|p1a: Darmanitan|49\/100\n|drag|p1a: Dondozo|Dondozo, M|100\/100\n|\n|upkeep\n|turn|14\n|\n|t:|1698624559\n|move|p2a: Giratina|Will-O-Wisp|p1a: Dondozo|[miss]\n|-miss|p2a: Giratina|p1a: Dondozo\n|move|p1a: Dondozo|Curse|p1a: Dondozo\n|-unboost|p1a: Dondozo|spe|1\n|-boost|p1a: Dondozo|atk|1\n|-boost|p1a: Dondozo|def|1\n|\n|upkeep\n|turn|15\n|\n|t:|1698624572\n|move|p1a: Dondozo|Curse|p1a: Dondozo\n|-unboost|p1a: Dondozo|spe|1\n|-boost|p1a: Dondozo|atk|1\n|-boost|p1a: Dondozo|def|1\n|move|p2a: Giratina|Dragon Tail|p1a: Dondozo\n|-damage|p1a: Dondozo|90\/100\n|-damage|p2a: Giratina|84\/100|[from] item: Rocky Helmet|[of] p1a: Dondozo\n|drag|p1a: Torkoal|Torkoal, M|100\/100\n|-weather|SunnyDay|[from] ability: Drought|[of] p1a: Torkoal\n|\n|-weather|SunnyDay|[upkeep]\n|-sideend|p2: Godspeed06|Reflect\n|upkeep\n|turn|16\n|\n|t:|1698624590\n|switch|p2a: Blaziken|Blaziken, M|100\/100\n|move|p1a: Torkoal|Yawn|p2a: Blaziken\n|-start|p2a: Blaziken|move: Yawn|[of] p1a: Torkoal\n|\n|-weather|SunnyDay|[upkeep]\n|upkeep\n|turn|17\n|\n|t:|1698624602\n|switch|p2a: Grimmsnarl|Grimmsnarl, M|46\/100\n|move|p1a: Torkoal|Body Press|p2a: Grimmsnarl\n|-crit|p2a: Grimmsnarl\n|-damage|p2a: Grimmsnarl|0 fnt\n|faint|p2a: Grimmsnarl\n|\n|-weather|SunnyDay|[upkeep]\n|upkeep\n|\n|t:|1698624609\n|switch|p2a: Flygon|Flygon, M|100\/100\n|turn|18\n|\n|t:|1698624626\n|move|p2a: Flygon|Earthquake|p1a: Torkoal\n|-supereffective|p1a: Torkoal\n|-damage|p1a: Torkoal|34\/100\n|move|p1a: Torkoal|Lava Plume|p2a: Flygon\n|-resisted|p2a: Flygon\n|-damage|p2a: Flygon|74\/100\n|-status|p2a: Flygon|brn\n|\n|-weather|SunnyDay|[upkeep]\n|-heal|p1a: Torkoal|40\/100|[from] item: Leftovers\n|-damage|p2a: Flygon|68\/100 brn|[from] brn\n|upkeep\n|turn|19\n|inactive|dangvu2k5D has 120 seconds left.\n|\n|t:|1698624651\n|switch|p1a: Dondozo|Dondozo, M|90\/100\n|move|p2a: Flygon|Earthquake|p1a: Dondozo\n|-damage|p1a: Dondozo|76\/100\n|\n|-weather|none\n|-damage|p2a: Flygon|62\/100 brn|[from] brn\n|upkeep\n|turn|20\n|inactive|dangvu2k5D has 120 seconds left.\n|\n|t:|1698624661\n|switch|p2a: Giratina|Giratina-Origin|84\/100\n|move|p1a: Dondozo|Curse|p1a: Dondozo\n|-unboost|p1a: Dondozo|spe|1\n|-boost|p1a: Dondozo|atk|1\n|-boost|p1a: Dondozo|def|1\n|\n|upkeep\n|turn|21\n|inactive|dangvu2k5D has 120 seconds left.\n|\n|t:|1698624671\n|move|p2a: Giratina|Will-O-Wisp|p1a: Dondozo\n|-status|p1a: Dondozo|brn\n|move|p1a: Dondozo|Wave Crash|p2a: Giratina\n|-resisted|p2a: Giratina\n|-damage|p2a: Giratina|75\/100\n|-damage|p1a: Dondozo|73\/100 brn|[from] Recoil\n|\n|-damage|p1a: Dondozo|67\/100 brn|[from] brn\n|upkeep\n|turn|22\n|inactive|dangvu2k5D has 120 seconds left.\n|\n|t:|1698624684\n|move|p1a: Dondozo|Curse|p1a: Dondozo\n|-unboost|p1a: Dondozo|spe|1\n|-boost|p1a: Dondozo|atk|1\n|-boost|p1a: Dondozo|def|1\n|move|p2a: Giratina|Dragon Tail|p1a: Dondozo\n|-damage|p1a: Dondozo|58\/100 brn\n|-damage|p2a: Giratina|58\/100|[from] item: Rocky Helmet|[of] p1a: Dondozo\n|drag|p1a: Torkoal|Torkoal, M|40\/100\n|-weather|SunnyDay|[from] ability: Drought|[of] p1a: Torkoal\n|\n|-weather|SunnyDay|[upkeep]\n|-heal|p1a: Torkoal|46\/100|[from] item: Leftovers\n|upkeep\n|turn|23\n|inactive|dangvu2k5D has 120 seconds left.\n|\n|t:|1698624697\n|move|p2a: Giratina|Earthquake|p1a: Torkoal\n|-supereffective|p1a: Torkoal\n|-damage|p1a: Torkoal|0 fnt\n|faint|p1a: Torkoal\n|\n|-weather|SunnyDay|[upkeep]\n|upkeep\n|inactive|dangvu2k5D has 120 seconds left.\n|\n|t:|1698624704\n|switch|p1a: Darmanitan|Darmanitan-Galar, M|49\/100\n|turn|24\n|\n|t:|1698624718\n|-terastallize|p1a: Darmanitan|Ice\n|-terastallize|p2a: Giratina|Steel\n|move|p1a: Darmanitan|Icicle Crash|p2a: Giratina\n|-resisted|p2a: Giratina\n|-damage|p2a: Giratina|28\/100\n|move|p2a: Giratina|Earthquake|p1a: Darmanitan\n|-crit|p1a: Darmanitan\n|-damage|p1a: Darmanitan|0 fnt\n|faint|p1a: Darmanitan\n|\n|-weather|SunnyDay|[upkeep]\n|upkeep\n|\n|t:|1698624731\n|switch|p1a: Zangoose|Zangoose, F|94\/100 tox\n|turn|25\n|\n|t:|1698624745\n|switch|p2a: Groudon|Groudon|100\/100\n|detailschange|p2a: Groudon|Groudon-Primal\n|-primal|p2a: Groudon|Red Orb\n|-weather|DesolateLand|[from] ability: Desolate Land|[of] p2a: Groudon\n|move|p1a: Zangoose|Agility|p1a: Zangoose\n|-boost|p1a: Zangoose|spe|2\n|\n|-weather|DesolateLand|[upkeep]\n|-damage|p1a: Zangoose|88\/100 tox|[from] psn\n|upkeep\n|turn|26\n|\n|t:|1698624758\n|move|p1a: Zangoose|Facade|p2a: Groudon\n|-damage|p2a: Groudon|42\/100\n|move|p2a: Groudon|Stone Edge|p1a: Zangoose\n|-crit|p1a: Zangoose\n|-damage|p1a: Zangoose|0 fnt\n|faint|p1a: Zangoose\n|\n|-weather|DesolateLand|[upkeep]\n|upkeep\n|-message|dangvu2k5D forfeited.\n|\n|win|Godspeed06\n|raw|dangvu2k5D's rating: 1115 &rarr; <strong>1102<\/strong><br \/>(-13 for losing)\n|raw|Godspeed06's rating: 1304 &rarr; <strong>1314<\/strong><br \/>(+10 for winning)\n|l|\u2606dangvu2k5D\n","uploadtime":1698624774,"views":15,"p1id":"dangvu2k5d","p2id":"godspeed06","formatid":"gen9nationaldexubers","rating":1102,"private":0,"password":""}