{"id":"gen9nationaldexubers-1996857363","p1":"Serena1111","p2":"Nathan Blackthorn","format":"[Gen 9] National Dex Ubers","log":"|j|\u2606Serena1111\n|j|\u2606Nathan Blackthorn\n|t:|1700736271\n|gametype|singles\n|player|p1|Serena1111|serena|1172\n|player|p2|Nathan Blackthorn|clerk|1180\n|teamsize|p1|6\n|teamsize|p2|6\n|gen|9\n|tier|[Gen 9] National Dex Ubers\n|rated|\n|rule|HP Percentage Mod: HP is shown in percentages\n|rule|Endless Battle Clause: Forcing endless battles is banned\n|rule|OHKO Clause: OHKO moves are banned\n|rule|Evasion Moves Clause: Evasion moves are banned\n|rule|Evasion Items Clause: Evasion items are banned\n|rule|Species Clause: Limit one of each Pok\u00e9mon\n|rule|Sleep Clause Mod: Limit one foe put to sleep\n|rule|Mega Rayquaza Clause: You cannot mega evolve Rayquaza\n|clearpoke\n|poke|p1|Xerneas-*|\n|poke|p1|Groudon|\n|poke|p1|Ogerpon-Hearthflame, F|\n|poke|p1|Gothitelle, F|\n|poke|p1|Durant, F|\n|poke|p1|Marshadow|\n|poke|p2|Corsola-Galar, F|\n|poke|p2|Frosmoth, F|\n|poke|p2|Vivillon-Icy Snow, F|\n|poke|p2|Aggron, M|\n|poke|p2|Obstagoon, M|\n|poke|p2|Absol, M|\n|teampreview\n|inactive|Battle timer is ON: inactive players will automatically lose when time's up. (requested by Nathan Blackthorn)\n|inactive|Serena1111 also wants the timer to be on.\n|\n|t:|1700736280\n|start\n|switch|p1a: Groudon|Groudon|100\/100\n|switch|p2a: \ud835\udd8c\ud835\udd86\ud835\udd87\ud835\udd97\ud835\udd8e\ud835\udd8a\ud835\udd91|Absol, M|100\/100\n|detailschange|p1a: Groudon|Groudon-Primal\n|-primal|p1a: Groudon|Red Orb\n|-weather|DesolateLand|[from] ability: Desolate Land|[of] p1a: Groudon\n|turn|1\n|\n|t:|1700736288\n|detailschange|p2a: \ud835\udd8c\ud835\udd86\ud835\udd87\ud835\udd97\ud835\udd8e\ud835\udd8a\ud835\udd91|Absol-Mega, M\n|-mega|p2a: \ud835\udd8c\ud835\udd86\ud835\udd87\ud835\udd97\ud835\udd8e\ud835\udd8a\ud835\udd91|Absol|Absolite\n|move|p2a: \ud835\udd8c\ud835\udd86\ud835\udd87\ud835\udd97\ud835\udd8e\ud835\udd8a\ud835\udd91|Knock Off|p1a: Groudon\n|-damage|p1a: Groudon|82\/100\n|move|p1a: Groudon|Rock Polish|p1a: Groudon\n|-boost|p1a: Groudon|spe|2\n|\n|-weather|DesolateLand|[upkeep]\n|upkeep\n|turn|2\n|\n|t:|1700736300\n|move|p2a: \ud835\udd8c\ud835\udd86\ud835\udd87\ud835\udd97\ud835\udd8e\ud835\udd8a\ud835\udd91|Sucker Punch||[still]\n|-fail|p2a: \ud835\udd8c\ud835\udd86\ud835\udd87\ud835\udd97\ud835\udd8e\ud835\udd8a\ud835\udd91\n|move|p1a: Groudon|Hone Claws|p1a: Groudon\n|-boost|p1a: Groudon|atk|1\n|-boost|p1a: Groudon|accuracy|1\n|\n|-weather|DesolateLand|[upkeep]\n|upkeep\n|turn|3\n|c|\u2606Serena1111|good font\n|\n|t:|1700736311\n|move|p1a: Groudon|Heat Crash|p2a: \ud835\udd8c\ud835\udd86\ud835\udd87\ud835\udd97\ud835\udd8e\ud835\udd8a\ud835\udd91\n|-damage|p2a: \ud835\udd8c\ud835\udd86\ud835\udd87\ud835\udd97\ud835\udd8e\ud835\udd8a\ud835\udd91|0 fnt\n|faint|p2a: \ud835\udd8c\ud835\udd86\ud835\udd87\ud835\udd97\ud835\udd8e\ud835\udd8a\ud835\udd91\n|\n|-weather|DesolateLand|[upkeep]\n|upkeep\n|l|\u2606Nathan Blackthorn\n|inactive|Nathan Blackthorn disconnected and has a minute to reconnect!\n|player|p2|\n|j|\u2606Nathan Blackthorn\n|inactive|Nathan Blackthorn reconnected and has 140 seconds left.\n|player|p2|Nathan Blackthorn|clerk\n|\n|t:|1700736326\n|switch|p2a: \ud835\udd99\ud835\udd8e\ud835\udd99\ud835\udd86\ud835\udd93|Aggron, M|100\/100\n|turn|4\n|\n|t:|1700736334\n|move|p1a: Groudon|Precipice Blades|p2a: \ud835\udd99\ud835\udd8e\ud835\udd99\ud835\udd86\ud835\udd93\n|-supereffective|p2a: \ud835\udd99\ud835\udd8e\ud835\udd99\ud835\udd86\ud835\udd93\n|-ability|p2a: \ud835\udd99\ud835\udd8e\ud835\udd99\ud835\udd86\ud835\udd93|Sturdy\n|-damage|p2a: \ud835\udd99\ud835\udd8e\ud835\udd99\ud835\udd86\ud835\udd93|1\/100\n|move|p2a: \ud835\udd99\ud835\udd8e\ud835\udd99\ud835\udd86\ud835\udd93|Metal Burst|p1a: Groudon\n|-damage|p1a: Groudon|0 fnt\n|faint|p1a: Groudon\n|-weather|none\n|\n|upkeep\n|\n|t:|1700736356\n|switch|p1a: Marshadow|Marshadow|100\/100\n|turn|5\n|\n|t:|1700736362\n|move|p1a: Marshadow|Shadow Sneak|p2a: \ud835\udd99\ud835\udd8e\ud835\udd99\ud835\udd86\ud835\udd93\n|-damage|p2a: \ud835\udd99\ud835\udd8e\ud835\udd99\ud835\udd86\ud835\udd93|0 fnt\n|faint|p2a: \ud835\udd99\ud835\udd8e\ud835\udd99\ud835\udd86\ud835\udd93\n|\n|upkeep\n|\n|t:|1700736373\n|switch|p2a: \ud835\udd99\ud835\udd8e\ud835\udd8b\ud835\udd8b\ud835\udd86\ud835\udd93\ud835\udd9e|Corsola-Galar, F|100\/100\n|turn|6\n|inactive|Serena1111 has 120 seconds left.\n|\n|t:|1700736405\n|move|p1a: Marshadow|Spectral Thief|p2a: \ud835\udd99\ud835\udd8e\ud835\udd8b\ud835\udd8b\ud835\udd86\ud835\udd93\ud835\udd9e\n|-supereffective|p2a: \ud835\udd99\ud835\udd8e\ud835\udd8b\ud835\udd8b\ud835\udd86\ud835\udd93\ud835\udd9e\n|-damage|p2a: \ud835\udd99\ud835\udd8e\ud835\udd8b\ud835\udd8b\ud835\udd86\ud835\udd93\ud835\udd9e|38\/100\n|move|p2a: \ud835\udd99\ud835\udd8e\ud835\udd8b\ud835\udd8b\ud835\udd86\ud835\udd93\ud835\udd9e|Strength Sap|p1a: Marshadow\n|-unboost|p1a: Marshadow|atk|1\n|-heal|p2a: \ud835\udd99\ud835\udd8e\ud835\udd8b\ud835\udd8b\ud835\udd86\ud835\udd93\ud835\udd9e|100\/100\n|\n|upkeep\n|turn|7\n|inactive|Serena1111 has 120 seconds left.\n|\n|t:|1700736426\n|switch|p1a: Ogerpon|Ogerpon-Hearthflame, F|100\/100\n|-ability|p1a: Ogerpon|Mold Breaker\n|move|p2a: \ud835\udd99\ud835\udd8e\ud835\udd8b\ud835\udd8b\ud835\udd86\ud835\udd93\ud835\udd9e|Strength Sap|p1a: Ogerpon\n|-unboost|p1a: Ogerpon|atk|1\n|\n|upkeep\n|turn|8\n|\n|t:|1700736435\n|move|p1a: Ogerpon|Focus Energy|p1a: Ogerpon\n|-start|p1a: Ogerpon|move: Focus Energy\n|move|p2a: \ud835\udd99\ud835\udd8e\ud835\udd8b\ud835\udd8b\ud835\udd86\ud835\udd93\ud835\udd9e|Strength Sap|p1a: Ogerpon\n|-unboost|p1a: Ogerpon|atk|1\n|\n|upkeep\n|turn|9\n|\n|t:|1700736439\n|move|p1a: Ogerpon|Swords Dance|p1a: Ogerpon\n|-boost|p1a: Ogerpon|atk|2\n|move|p2a: \ud835\udd99\ud835\udd8e\ud835\udd8b\ud835\udd8b\ud835\udd86\ud835\udd93\ud835\udd9e|Whirlpool|p1a: Ogerpon\n|-damage|p1a: Ogerpon|91\/100\n|-activate|p1a: Ogerpon|move: Whirlpool|[of] p2a: \ud835\udd99\ud835\udd8e\ud835\udd8b\ud835\udd8b\ud835\udd86\ud835\udd93\ud835\udd9e\n|\n|-damage|p1a: Ogerpon|79\/100|[from] move: Whirlpool|[partiallytrapped]\n|upkeep\n|turn|10\n|\n|t:|1700736450\n|-terastallize|p1a: Ogerpon|Fire\n|detailschange|p1a: Ogerpon|Ogerpon-Hearthflame-Tera, F, tera:Fire\n|-ability|p1a: Ogerpon|Embody Aspect (Hearthflame)|boost\n|-boost|p1a: Ogerpon|atk|1\n|move|p1a: Ogerpon|Ivy Cudgel|p2a: \ud835\udd99\ud835\udd8e\ud835\udd8b\ud835\udd8b\ud835\udd86\ud835\udd93\ud835\udd9e|[anim] Ivy Cudgel Fire\n|-crit|p2a: \ud835\udd99\ud835\udd8e\ud835\udd8b\ud835\udd8b\ud835\udd86\ud835\udd93\ud835\udd9e\n|-damage|p2a: \ud835\udd99\ud835\udd8e\ud835\udd8b\ud835\udd8b\ud835\udd86\ud835\udd93\ud835\udd9e|0 fnt\n|-start|p1a: Ogerpon|Disable|Ivy Cudgel|[from] ability: Cursed Body|[of] p2a: \ud835\udd99\ud835\udd8e\ud835\udd8b\ud835\udd8b\ud835\udd86\ud835\udd93\ud835\udd9e\n|faint|p2a: \ud835\udd99\ud835\udd8e\ud835\udd8b\ud835\udd8b\ud835\udd86\ud835\udd93\ud835\udd9e\n|\n|-end|p1a: Ogerpon|Whirlpool|[partiallytrapped]|[silent]\n|upkeep\n|\n|t:|1700736462\n|switch|p2a: \ud835\udd87\ud835\udd8e\ud835\udd86\ud835\udd93\ud835\udd88\ud835\udd86|Frosmoth, F|100\/100\n|turn|11\n|\n|t:|1700736481\n|-terastallize|p2a: \ud835\udd87\ud835\udd8e\ud835\udd86\ud835\udd93\ud835\udd88\ud835\udd86|Fire\n|move|p1a: Ogerpon|Horn Leech|p2a: \ud835\udd87\ud835\udd8e\ud835\udd86\ud835\udd93\ud835\udd88\ud835\udd86\n|-resisted|p2a: \ud835\udd87\ud835\udd8e\ud835\udd86\ud835\udd93\ud835\udd88\ud835\udd86\n|-damage|p2a: \ud835\udd87\ud835\udd8e\ud835\udd86\ud835\udd93\ud835\udd88\ud835\udd86|35\/100\n|-heal|p1a: Ogerpon|100\/100|[from] drain|[of] p2a: \ud835\udd87\ud835\udd8e\ud835\udd86\ud835\udd93\ud835\udd88\ud835\udd86\n|move|p2a: \ud835\udd87\ud835\udd8e\ud835\udd86\ud835\udd93\ud835\udd88\ud835\udd86|Quiver Dance|p2a: \ud835\udd87\ud835\udd8e\ud835\udd86\ud835\udd93\ud835\udd88\ud835\udd86\n|-boost|p2a: \ud835\udd87\ud835\udd8e\ud835\udd86\ud835\udd93\ud835\udd88\ud835\udd86|spa|1\n|-boost|p2a: \ud835\udd87\ud835\udd8e\ud835\udd86\ud835\udd93\ud835\udd88\ud835\udd86|spd|1\n|-boost|p2a: \ud835\udd87\ud835\udd8e\ud835\udd86\ud835\udd93\ud835\udd88\ud835\udd86|spe|1\n|\n|upkeep\n|turn|12\n|\n|t:|1700736494\n|move|p2a: \ud835\udd87\ud835\udd8e\ud835\udd86\ud835\udd93\ud835\udd88\ud835\udd86|Tera Blast|p1a: Ogerpon|[anim] Tera Blast Fire\n|-resisted|p1a: Ogerpon\n|-damage|p1a: Ogerpon|65\/100\n|move|p1a: Ogerpon|Horn Leech|p2a: \ud835\udd87\ud835\udd8e\ud835\udd86\ud835\udd93\ud835\udd88\ud835\udd86\n|-resisted|p2a: \ud835\udd87\ud835\udd8e\ud835\udd86\ud835\udd93\ud835\udd88\ud835\udd86\n|-crit|p2a: \ud835\udd87\ud835\udd8e\ud835\udd86\ud835\udd93\ud835\udd88\ud835\udd86\n|-damage|p2a: \ud835\udd87\ud835\udd8e\ud835\udd86\ud835\udd93\ud835\udd88\ud835\udd86|0 fnt\n|-heal|p1a: Ogerpon|81\/100|[from] drain|[of] p2a: \ud835\udd87\ud835\udd8e\ud835\udd86\ud835\udd93\ud835\udd88\ud835\udd86\n|faint|p2a: \ud835\udd87\ud835\udd8e\ud835\udd86\ud835\udd93\ud835\udd88\ud835\udd86\n|\n|upkeep\n|-message|Nathan Blackthorn forfeited.\n|\n|win|Serena1111\n|raw|Serena1111's rating: 1172 &rarr; <strong>1198<\/strong><br \/>(+26 for winning)\n|raw|Nathan Blackthorn's rating: 1180 &rarr; <strong>1154<\/strong><br \/>(-26 for losing)\n|l|\u2606Nathan Blackthorn\n","uploadtime":1700736510,"views":6,"p1id":"serena1111","p2id":"nathanblackthorn","formatid":"gen9nationaldexubers","rating":1154,"private":0,"password":""}