{"id":"gen9nationaldexubers-1990638285","p1":"dudusao","p2":"bdjbfd","format":"[Gen 9] National Dex Ubers","log":"|j|\u2606dudusao\n|j|\u2606bdjbfd\n|t:|1699987777\n|gametype|singles\n|player|p1|dudusao|byron|1162\n|player|p2|bdjbfd|101|1071\n|teamsize|p1|6\n|teamsize|p2|6\n|gen|9\n|tier|[Gen 9] National Dex Ubers\n|rated|\n|rule|HP Percentage Mod: HP is shown in percentages\n|rule|Endless Battle Clause: Forcing endless battles is banned\n|rule|OHKO Clause: OHKO moves are banned\n|rule|Evasion Moves Clause: Evasion moves are banned\n|rule|Evasion Items Clause: Evasion items are banned\n|rule|Species Clause: Limit one of each Pok\u00e9mon\n|rule|Sleep Clause Mod: Limit one foe put to sleep\n|rule|Mega Rayquaza Clause: You cannot mega evolve Rayquaza\n|clearpoke\n|poke|p1|Kartana|\n|poke|p1|Iron Jugulis|\n|poke|p1|Alomomola, M|\n|poke|p1|Landorus-Therian, M|\n|poke|p1|Moltres|\n|poke|p1|Gardevoir, F|\n|poke|p2|Salamence, M|\n|poke|p2|Alcremie, F|\n|poke|p2|Ditto|\n|poke|p2|Cinderace, M|\n|poke|p2|Sableye, F|\n|poke|p2|Marshadow|\n|teampreview\n|\n|t:|1699987794\n|start\n|switch|p1a: Landorus|Landorus-Therian, M|100\/100\n|switch|p2a: Sableye|Sableye, F|100\/100\n|-ability|p1a: Landorus|Intimidate|boost\n|-unboost|p2a: Sableye|atk|1\n|turn|1\n|\n|t:|1699987810\n|move|p1a: Landorus|Knock Off|p2a: Sableye\n|-damage|p2a: Sableye|57\/100\n|-enditem|p2a: Sableye|Focus Sash|[from] move: Knock Off|[of] p1a: Landorus\n|move|p2a: Sableye|Hex|p1a: Landorus\n|-damage|p1a: Landorus|81\/100\n|\n|-heal|p1a: Landorus|87\/100|[from] item: Leftovers\n|upkeep\n|turn|2\n|\n|t:|1699987818\n|move|p2a: Sableye|Endure|p2a: Sableye\n|-singleturn|p2a: Sableye|move: Endure\n|move|p1a: Landorus|Stealth Rock|p2a: Sableye\n|-sidestart|p2: bdjbfd|move: Stealth Rock\n|\n|-heal|p1a: Landorus|93\/100|[from] item: Leftovers\n|upkeep\n|turn|3\n|\n|t:|1699987830\n|move|p2a: Sableye|Pain Split|p1a: Landorus\n|-sethp|p1a: Landorus|64\/100|[from] move: Pain Split|[silent]\n|-sethp|p2a: Sableye|100\/100|[from] move: Pain Split\n|move|p1a: Landorus|Earth Power|p2a: Sableye\n|-damage|p2a: Sableye|53\/100\n|\n|-heal|p1a: Landorus|70\/100|[from] item: Leftovers\n|upkeep\n|turn|4\n|\n|t:|1699987839\n|move|p2a: Sableye|Pain Split|p1a: Landorus\n|-sethp|p1a: Landorus|52\/100|[from] move: Pain Split|[silent]\n|-sethp|p2a: Sableye|82\/100|[from] move: Pain Split\n|move|p1a: Landorus|U-turn|p2a: Sableye\n|-crit|p2a: Sableye\n|-damage|p2a: Sableye|38\/100\n|\n|t:|1699987846\n|switch|p1a: Gardevoir|Gardevoir, F, shiny|100\/100|[from] U-turn\n|\n|upkeep\n|turn|5\n|\n|t:|1699987852\n|detailschange|p1a: Gardevoir|Gardevoir-Mega, F, shiny\n|-mega|p1a: Gardevoir|Gardevoir|Gardevoirite\n|move|p2a: Sableye|Thunder Wave|p1a: Gardevoir\n|-status|p1a: Gardevoir|par\n|cant|p1a: Gardevoir|par\n|\n|upkeep\n|turn|6\n|\n|t:|1699987861\n|move|p2a: Sableye|Endure|p2a: Sableye\n|-singleturn|p2a: Sableye|move: Endure\n|move|p1a: Gardevoir|Hyper Voice|p2a: Sableye\n|-supereffective|p2a: Sableye\n|-activate|p2a: Sableye|move: Endure\n|-damage|p2a: Sableye|1\/100\n|\n|upkeep\n|turn|7\n|\n|t:|1699987868\n|move|p2a: Sableye|Pain Split|p1a: Gardevoir\n|-sethp|p1a: Gardevoir|51\/100 par|[from] move: Pain Split|[silent]\n|-sethp|p2a: Sableye|58\/100|[from] move: Pain Split\n|move|p1a: Gardevoir|Calm Mind|p1a: Gardevoir\n|-boost|p1a: Gardevoir|spa|1\n|-boost|p1a: Gardevoir|spd|1\n|\n|upkeep\n|turn|8\n|\n|t:|1699987881\n|move|p2a: Sableye|Endure|p2a: Sableye\n|-singleturn|p2a: Sableye|move: Endure\n|move|p1a: Gardevoir|Hyper Voice|p2a: Sableye\n|-supereffective|p2a: Sableye\n|-activate|p2a: Sableye|move: Endure\n|-damage|p2a: Sableye|1\/100\n|\n|upkeep\n|turn|9\n|\n|t:|1699987890\n|move|p2a: Sableye|Pain Split|p1a: Gardevoir\n|-sethp|p1a: Gardevoir|26\/100 par|[from] move: Pain Split|[silent]\n|-sethp|p2a: Sableye|30\/100|[from] move: Pain Split\n|move|p1a: Gardevoir|Hyper Voice|p2a: Sableye\n|-supereffective|p2a: Sableye\n|-damage|p2a: Sableye|0 fnt\n|faint|p2a: Sableye\n|\n|upkeep\n|\n|t:|1699987898\n|switch|p2a: Ditto|Ditto|100\/100\n|-damage|p2a: Ditto|88\/100|[from] Stealth Rock\n|-transform|p2a: Ditto|p1a: Gardevoir|[from] ability: Imposter\n|turn|10\n|\n|t:|1699987918\n|switch|p1a: Landorus|Landorus-Therian, M|52\/100\n|-ability|p1a: Landorus|Intimidate|boost\n|-unboost|p2a: Ditto|atk|1\n|move|p2a: Ditto|Hyper Voice|p1a: Landorus\n|-damage|p1a: Landorus|0 fnt\n|faint|p1a: Landorus\n|\n|upkeep\n|\n|t:|1699987924\n|switch|p1a: Alomomola|Alomomola, M|100\/100\n|turn|11\n|\n|t:|1699987929\n|move|p2a: Ditto|Hyper Voice|p1a: Alomomola\n|-damage|p1a: Alomomola|0 fnt\n|faint|p1a: Alomomola\n|\n|upkeep\n|inactive|Battle timer is ON: inactive players will automatically lose when time's up. (requested by bdjbfd)\n|\n|t:|1699987948\n|switch|p1a: Kartana|Kartana, shiny|100\/100\n|turn|12\n|\n|t:|1699987957\n|-terastallize|p1a: Kartana|Water\n|-terastallize|p2a: Ditto|Steel\n|move|p1a: Kartana|Leaf Blade|p2a: Ditto\n|-resisted|p2a: Ditto\n|-damage|p2a: Ditto|28\/100\n|move|p2a: Ditto|Hyper Voice|p1a: Kartana\n|-damage|p1a: Kartana|0 fnt\n|faint|p1a: Kartana\n|\n|upkeep\n|\n|t:|1699987969\n|switch|p1a: Moltres|Moltres|100\/100\n|turn|13\n|\n|t:|1699987972\n|move|p2a: Ditto|Hyper Voice|p1a: Moltres\n|-resisted|p1a: Moltres\n|-damage|p1a: Moltres|44\/100\n|move|p1a: Moltres|Scorching Sands|p2a: Ditto\n|-supereffective|p2a: Ditto\n|-damage|p2a: Ditto|0 fnt\n|faint|p2a: Ditto\n|\n|upkeep\n|\n|t:|1699987980\n|switch|p2a: Cinderace|Cinderace, M|100\/100\n|turn|14\n|\n|t:|1699987984\n|move|p2a: Cinderace|Court Change|p2a: Cinderace\n|-start|p2a: Cinderace|typechange|Normal|[from] ability: Libero\n|-swapsideconditions\n|-activate|p2a: Cinderace|move: Court Change\n|move|p1a: Moltres|Scorching Sands|p2a: Cinderace\n|-damage|p2a: Cinderace|65\/100\n|\n|upkeep\n|turn|15\n|\n|t:|1699987991\n|move|p2a: Cinderace|Sucker Punch||[still]\n|-fail|p2a: Cinderace\n|move|p1a: Moltres|Defog|p2a: Cinderace\n|-unboost|p2a: Cinderace|evasion|1\n|-sideend|p1: dudusao|Stealth Rock|[from] move: Defog|[of] p1a: Moltres\n|\n|upkeep\n|turn|16\n|\n|t:|1699987998\n|move|p2a: Cinderace|Quick Attack|p1a: Moltres\n|-damage|p1a: Moltres|20\/100\n|move|p1a: Moltres|Heat Wave|p2a: Cinderace\n|-damage|p2a: Cinderace|0 fnt\n|faint|p2a: Cinderace\n|\n|upkeep\n|\n|t:|1699988005\n|switch|p2a: Alcremie|Alcremie, F|100\/100\n|turn|17\n|\n|t:|1699988016\n|switch|p2a: Marshadow|Marshadow|100\/100\n|move|p1a: Moltres|Defog|p2a: Marshadow\n|-unboost|p2a: Marshadow|evasion|1\n|\n|upkeep\n|turn|18\n|\n|t:|1699988022\n|move|p2a: Marshadow|Shadow Sneak|p1a: Moltres\n|-damage|p1a: Moltres|0 fnt\n|faint|p1a: Moltres\n|\n|upkeep\n|\n|t:|1699988028\n|switch|p1a: Iron Jugulis|Iron Jugulis|100\/100\n|-enditem|p1a: Iron Jugulis|Booster Energy\n|-activate|p1a: Iron Jugulis|ability: Quark Drive|[fromitem]\n|-start|p1a: Iron Jugulis|quarkdrivespe\n|turn|19\n|\n|t:|1699988036\n|move|p2a: Marshadow|Shadow Sneak|p1a: Iron Jugulis\n|-resisted|p1a: Iron Jugulis\n|-damage|p1a: Iron Jugulis|81\/100\n|move|p1a: Iron Jugulis|Hurricane|p2a: Marshadow|[miss]\n|-miss|p1a: Iron Jugulis|p2a: Marshadow\n|\n|upkeep\n|turn|20\n|\n|t:|1699988044\n|move|p2a: Marshadow|Shadow Sneak|p1a: Iron Jugulis\n|-resisted|p1a: Iron Jugulis\n|-damage|p1a: Iron Jugulis|63\/100\n|move|p1a: Iron Jugulis|Hurricane|p2a: Marshadow\n|-supereffective|p2a: Marshadow\n|-enditem|p2a: Marshadow|Focus Sash\n|-damage|p2a: Marshadow|1\/100\n|\n|upkeep\n|turn|21\n|\n|t:|1699988051\n|move|p2a: Marshadow|Shadow Sneak|p1a: Iron Jugulis\n|-resisted|p1a: Iron Jugulis\n|-damage|p1a: Iron Jugulis|43\/100\n|move|p1a: Iron Jugulis|Hurricane|p2a: Marshadow\n|-supereffective|p2a: Marshadow\n|-damage|p2a: Marshadow|0 fnt\n|faint|p2a: Marshadow\n|\n|upkeep\n|\n|t:|1699988070\n|switch|p2a: Salamence|Salamence, M|100\/100\n|-ability|p2a: Salamence|Intimidate|boost\n|-unboost|p1a: Iron Jugulis|atk|1\n|turn|22\n|\n|t:|1699988078\n|-end|p1a: Iron Jugulis|Quark Drive|[silent]\n|switch|p1a: Gardevoir|Gardevoir-Mega, F, shiny|26\/100 par\n|detailschange|p2a: Salamence|Salamence-Mega, M\n|-mega|p2a: Salamence|Salamence|Salamencite\n|move|p2a: Salamence|Return|p1a: Gardevoir\n|-damage|p1a: Gardevoir|0 fnt\n|faint|p1a: Gardevoir\n|\n|upkeep\n|\n|t:|1699988085\n|switch|p1a: Iron Jugulis|Iron Jugulis|43\/100\n|turn|23\n|\n|t:|1699988091\n|move|p1a: Iron Jugulis|Hurricane|p2a: Salamence\n|-damage|p2a: Salamence|39\/100\n|move|p2a: Salamence|Dragon Dance|p2a: Salamence\n|-boost|p2a: Salamence|atk|1\n|-boost|p2a: Salamence|spe|1\n|\n|upkeep\n|turn|24\n|\n|t:|1699988097\n|move|p2a: Salamence|Dragon Dance|p2a: Salamence\n|-boost|p2a: Salamence|atk|1\n|-boost|p2a: Salamence|spe|1\n|move|p1a: Iron Jugulis|Hurricane|p2a: Salamence\n|-damage|p2a: Salamence|0 fnt\n|faint|p2a: Salamence\n|\n|upkeep\n|\n|t:|1699988104\n|switch|p2a: Alcremie|Alcremie, F|100\/100\n|turn|25\n|\n|t:|1699988107\n|move|p2a: Alcremie|Endure|p2a: Alcremie\n|-singleturn|p2a: Alcremie|move: Endure\n|move|p1a: Iron Jugulis|Earth Power|p2a: Alcremie\n|-damage|p2a: Alcremie|65\/100\n|\n|upkeep\n|turn|26\n|\n|t:|1699988113\n|move|p1a: Iron Jugulis|Hurricane|p2a: Alcremie\n|-damage|p2a: Alcremie|8\/100\n|-start|p2a: Alcremie|confusion\n|-activate|p2a: Alcremie|confusion\n|move|p2a: Alcremie|Misty Explosion|p1a: Iron Jugulis\n|-supereffective|p1a: Iron Jugulis\n|-damage|p1a: Iron Jugulis|0 fnt\n|faint|p2a: Alcremie\n|faint|p1a: Iron Jugulis\n|-end|p1a: Iron Jugulis|Quark Drive|[silent]\n|\n|win|dudusao\n|raw|dudusao's rating: 1162 &rarr; <strong>1181<\/strong><br \/>(+19 for winning)\n|raw|bdjbfd's rating: 1071 &rarr; <strong>1056<\/strong><br \/>(-15 for losing)\n","uploadtime":1699988124,"views":9,"p1id":"dudusao","p2id":"bdjbfd","formatid":"gen9nationaldexubers","rating":1056,"private":0,"password":""}