{"id":"gen9nationaldexubers-1999235887","p1":"Elibungo23","p2":"Critian Caceorte","format":"[Gen 9] National Dex Ubers","log":"|j|\u2606Elibungo23\n|j|\u2606Critian Caceorte\n|t:|1701048998\n|gametype|singles\n|player|p1|Elibungo23|policeman-gen4|1136\n|player|p2|Critian Caceorte|hilda|1201\n|teamsize|p1|6\n|teamsize|p2|6\n|gen|9\n|tier|[Gen 9] National Dex Ubers\n|rated|\n|rule|HP Percentage Mod: HP is shown in percentages\n|rule|Endless Battle Clause: Forcing endless battles is banned\n|rule|OHKO Clause: OHKO moves are banned\n|rule|Evasion Moves Clause: Evasion moves are banned\n|rule|Evasion Items Clause: Evasion items are banned\n|rule|Species Clause: Limit one of each Pok\u00e9mon\n|rule|Sleep Clause Mod: Limit one foe put to sleep\n|rule|Mega Rayquaza Clause: You cannot mega evolve Rayquaza\n|clearpoke\n|poke|p1|Groudon|\n|poke|p1|Dialga|\n|poke|p1|Palkia|\n|poke|p1|Giratina-Origin|\n|poke|p1|Mewtwo|\n|poke|p1|Metagross|\n|poke|p2|Dracovish|\n|poke|p2|Tyranitar, F|\n|poke|p2|Hippowdon, F|\n|poke|p2|Excadrill, F|\n|poke|p2|Houndstone, F|\n|poke|p2|Garganacl, F|\n|teampreview\n|inactive|Battle timer is ON: inactive players will automatically lose when time's up. (requested by Elibungo23)\n|\n|t:|1701049003\n|start\n|switch|p1a: AAAAAAAAAAAA|Mewtwo, shiny|100\/100\n|switch|p2a: Hippowdon|Hippowdon, F|100\/100\n|-ability|p1a: AAAAAAAAAAAA|Unnerve\n|-weather|Sandstorm|[from] ability: Sand Stream|[of] p2a: Hippowdon\n|turn|1\n|\n|t:|1701049012\n|detailschange|p1a: AAAAAAAAAAAA|Mewtwo-Mega-X, shiny\n|-mega|p1a: AAAAAAAAAAAA|Mewtwo|Mewtwonite X\n|move|p1a: AAAAAAAAAAAA|Drain Punch|p2a: Hippowdon\n|-damage|p2a: Hippowdon|75\/100\n|move|p2a: Hippowdon|Toxic|p1a: AAAAAAAAAAAA\n|-status|p1a: AAAAAAAAAAAA|tox\n|\n|-weather|Sandstorm|[upkeep]\n|-damage|p1a: AAAAAAAAAAAA|94\/100 tox|[from] Sandstorm\n|-damage|p1a: AAAAAAAAAAAA|88\/100 tox|[from] psn\n|upkeep\n|turn|2\n|\n|t:|1701049026\n|switch|p2a: Garganacl|Garganacl, F|100\/100\n|move|p1a: AAAAAAAAAAAA|Psycho Cut|p2a: Garganacl\n|-damage|p2a: Garganacl|68\/100\n|\n|-weather|Sandstorm|[upkeep]\n|-damage|p1a: AAAAAAAAAAAA|82\/100 tox|[from] Sandstorm\n|-heal|p2a: Garganacl|74\/100|[from] item: Leftovers\n|-damage|p1a: AAAAAAAAAAAA|69\/100 tox|[from] psn\n|upkeep\n|turn|3\n|\n|t:|1701049038\n|move|p1a: AAAAAAAAAAAA|Drain Punch|p2a: Garganacl\n|-supereffective|p2a: Garganacl\n|-damage|p2a: Garganacl|0 fnt\n|-heal|p1a: AAAAAAAAAAAA|100\/100 tox|[from] drain|[of] p2a: Garganacl\n|faint|p2a: Garganacl\n|\n|-weather|Sandstorm|[upkeep]\n|-damage|p1a: AAAAAAAAAAAA|94\/100 tox|[from] Sandstorm\n|-damage|p1a: AAAAAAAAAAAA|76\/100 tox|[from] psn\n|upkeep\n|\n|t:|1701049046\n|switch|p2a: Dracovish|Dracovish|100\/100\n|turn|4\n|\n|t:|1701049050\n|move|p2a: Dracovish|Fishious Rend|p1a: AAAAAAAAAAAA\n|-crit|p1a: AAAAAAAAAAAA\n|-damage|p1a: AAAAAAAAAAAA|0 fnt\n|faint|p1a: AAAAAAAAAAAA\n|\n|-weather|Sandstorm|[upkeep]\n|upkeep\n|\n|t:|1701049056\n|switch|p1a: jajajaja|Groudon, shiny|100\/100\n|detailschange|p1a: jajajaja|Groudon-Primal, shiny\n|-primal|p1a: jajajaja|Red Orb\n|-weather|DesolateLand|[from] ability: Desolate Land|[of] p1a: jajajaja\n|turn|5\n|\n|t:|1701049070\n|switch|p2a: Tyranitar|Tyranitar, F|100\/100\n|-ability|p2a: Tyranitar|Sand Stream|[from] desolateland|[fail]\n|move|p1a: jajajaja|Earthquake|p2a: Tyranitar\n|-supereffective|p2a: Tyranitar\n|-crit|p2a: Tyranitar\n|-damage|p2a: Tyranitar|0 fnt\n|faint|p2a: Tyranitar\n|\n|-weather|DesolateLand|[upkeep]\n|upkeep\n|\n|t:|1701049081\n|switch|p2a: Dracovish|Dracovish|100\/100\n|turn|6\n|\n|t:|1701049084\n|move|p1a: jajajaja|Earthquake|p2a: Dracovish\n|-damage|p2a: Dracovish|26\/100\n|move|p2a: Dracovish|Earthquake|p1a: jajajaja\n|-supereffective|p1a: jajajaja\n|-damage|p1a: jajajaja|49\/100\n|\n|-weather|DesolateLand|[upkeep]\n|upkeep\n|turn|7\n|\n|t:|1701049090\n|move|p1a: jajajaja|Earthquake|p2a: Dracovish\n|-damage|p2a: Dracovish|0 fnt\n|faint|p2a: Dracovish\n|\n|-weather|DesolateLand|[upkeep]\n|upkeep\n|\n|t:|1701049095\n|switch|p2a: Excadrill|Excadrill, F|100\/100\n|turn|8\n|\n|t:|1701049098\n|move|p1a: jajajaja|Earthquake|p2a: Excadrill\n|-supereffective|p2a: Excadrill\n|-damage|p2a: Excadrill|0 fnt\n|faint|p2a: Excadrill\n|\n|-weather|DesolateLand|[upkeep]\n|upkeep\n|\n|t:|1701049104\n|switch|p2a: Hippowdon|Hippowdon, F|75\/100\n|-ability|p2a: Hippowdon|Sand Stream|[from] desolateland|[fail]\n|turn|9\n|\n|t:|1701049110\n|move|p1a: jajajaja|Lava Plume|p2a: Hippowdon\n|-damage|p2a: Hippowdon|7\/100\n|move|p2a: Hippowdon|Earthquake|p1a: jajajaja\n|-supereffective|p1a: jajajaja\n|-damage|p1a: jajajaja|0 fnt\n|faint|p1a: jajajaja\n|-weather|none\n|\n|upkeep\n|\n|t:|1701049118\n|switch|p1a: Time|Dialga, shiny|100\/100\n|-ability|p1a: Time|Pressure\n|turn|10\n|\n|t:|1701049129\n|switch|p2a: Houndstone|Houndstone, F|100\/100\n|move|p1a: Time|Ice Beam|p2a: Houndstone\n|-damage|p2a: Houndstone|60\/100\n|\n|upkeep\n|turn|11\n|\n|t:|1701049135\n|switch|p2a: Hippowdon|Hippowdon, F|7\/100\n|-weather|Sandstorm|[from] ability: Sand Stream|[of] p2a: Hippowdon\n|-terastallize|p1a: Time|Steel\n|move|p1a: Time|Flash Cannon|p2a: Hippowdon\n|-damage|p2a: Hippowdon|0 fnt\n|faint|p2a: Hippowdon\n|\n|-weather|Sandstorm|[upkeep]\n|upkeep\n|\n|t:|1701049144\n|switch|p2a: Houndstone|Houndstone, F|60\/100\n|turn|12\n|\n|t:|1701049152\n|-terastallize|p2a: Houndstone|Ghost\n|move|p2a: Houndstone|Last Respects|p1a: Time\n|-damage|p1a: Time|0 fnt\n|faint|p1a: Time\n|\n|-weather|Sandstorm|[upkeep]\n|upkeep\n|\n|t:|1701049158\n|switch|p1a: Crutchet League|Metagross, shiny|100\/100\n|turn|13\n|\n|t:|1701049171\n|move|p1a: Crutchet League|Bullet Punch|p2a: Houndstone\n|-damage|p2a: Houndstone|28\/100\n|-damage|p1a: Crutchet League|91\/100|[from] item: Life Orb\n|move|p2a: Houndstone|Last Respects|p1a: Crutchet League\n|-supereffective|p1a: Crutchet League\n|-damage|p1a: Crutchet League|0 fnt\n|faint|p1a: Crutchet League\n|\n|-weather|Sandstorm|[upkeep]\n|upkeep\n|\n|t:|1701049182\n|switch|p1a: Space|Palkia, shiny|100\/100\n|-ability|p1a: Space|Pressure\n|turn|14\n|\n|t:|1701049192\n|switch|p1a: i need help|Giratina-Origin|100\/100\n|move|p2a: Houndstone|Last Respects|p1a: i need help\n|-supereffective|p1a: i need help\n|-damage|p1a: i need help|0 fnt\n|faint|p1a: i need help\n|\n|-weather|Sandstorm|[upkeep]\n|upkeep\n|\n|t:|1701049200\n|switch|p1a: Space|Palkia, shiny|100\/100\n|-ability|p1a: Space|Pressure\n|turn|15\n|\n|t:|1701049204\n|move|p2a: Houndstone|Last Respects|p1a: Space\n|-damage|p1a: Space|0 fnt\n|faint|p1a: Space\n|\n|win|Critian Caceorte\n|raw|Elibungo23's rating: 1136 &rarr; <strong>1116<\/strong><br \/>(-20 for losing)\n|raw|Critian Caceorte's rating: 1201 &rarr; <strong>1221<\/strong><br \/>(+20 for winning)\n|c|\u2606Critian Caceorte|gg\n|l|\u2606Elibungo23\n","uploadtime":1701049215,"views":1,"p1id":"elibungo23","p2id":"critiancaceorte","formatid":"gen9nationaldexubers","rating":1116,"private":0,"password":""}