{"id":"gen9nationaldexubers-1986803005","p1":"Szymszym134","p2":"arafatr871","format":"[Gen 9] National Dex Ubers","log":"|j|\u2606Szymszym134\n|j|\u2606arafatr871\n|t:|1699527538\n|gametype|singles\n|player|p1|Szymszym134|elesa|1624\n|player|p2|arafatr871|silver|1666\n|teamsize|p1|6\n|teamsize|p2|6\n|gen|9\n|tier|[Gen 9] National Dex Ubers\n|rated|\n|rule|HP Percentage Mod: HP is shown in percentages\n|rule|Endless Battle Clause: Forcing endless battles is banned\n|rule|OHKO Clause: OHKO moves are banned\n|rule|Evasion Moves Clause: Evasion moves are banned\n|rule|Evasion Items Clause: Evasion items are banned\n|rule|Species Clause: Limit one of each Pok\u00e9mon\n|rule|Sleep Clause Mod: Limit one foe put to sleep\n|rule|Mega Rayquaza Clause: You cannot mega evolve Rayquaza\n|clearpoke\n|poke|p1|Mewtwo|\n|poke|p1|Kingambit, M|\n|poke|p1|Garganacl, F|\n|poke|p1|Arceus-Ground|\n|poke|p1|Ditto|\n|poke|p1|Kyurem-Black|\n|poke|p2|Groudon|\n|poke|p2|Dondozo, F|\n|poke|p2|Yveltal|\n|poke|p2|Zacian-*|\n|poke|p2|Kyogre|\n|poke|p2|Samurott-Hisui, F|\n|teampreview\n|inactive|Battle timer is ON: inactive players will automatically lose when time's up. (requested by Szymszym134)\n|inactive|arafatr871 also wants the timer to be on.\n|\n|t:|1699527554\n|start\n|switch|p1a: Kyurem|Kyurem-Black|100\/100\n|switch|p2a: Kyogre|Kyogre|100\/100\n|-ability|p1a: Kyurem|Teravolt\n|detailschange|p2a: Kyogre|Kyogre-Primal\n|-primal|p2a: Kyogre|Blue Orb\n|-weather|PrimordialSea|[from] ability: Primordial Sea|[of] p2a: Kyogre\n|turn|1\n|\n|t:|1699527565\n|-terastallize|p1a: Kyurem|Electric\n|move|p1a: Kyurem|Dragon Dance|p1a: Kyurem\n|-boost|p1a: Kyurem|atk|1\n|-boost|p1a: Kyurem|spe|1\n|move|p2a: Kyogre|Water Spout|p1a: Kyurem\n|-damage|p1a: Kyurem|0 fnt\n|faint|p1a: Kyurem\n|\n|-weather|PrimordialSea|[upkeep]\n|upkeep\n|\n|t:|1699527577\n|switch|p1a: Mewtwo|Mewtwo|100\/100\n|-ability|p1a: Mewtwo|Unnerve\n|turn|2\n|\n|t:|1699527579\n|detailschange|p1a: Mewtwo|Mewtwo-Mega-Y\n|-mega|p1a: Mewtwo|Mewtwo|Mewtwonite Y\n|move|p1a: Mewtwo|Psystrike|p2a: Kyogre\n|-damage|p2a: Kyogre|36\/100\n|move|p2a: Kyogre|Scald|p1a: Mewtwo\n|-damage|p1a: Mewtwo|26\/100\n|\n|-weather|PrimordialSea|[upkeep]\n|upkeep\n|turn|3\n|\n|t:|1699527585\n|-weather|none\n|switch|p2a: Yveltal|Yveltal, shiny|100\/100\n|-ability|p2a: Yveltal|Dark Aura\n|move|p1a: Mewtwo|Psystrike|p2a: Yveltal\n|-immune|p2a: Yveltal\n|\n|upkeep\n|turn|4\n|\n|t:|1699527589\n|switch|p1a: Garganacl|Garganacl, F|100\/100\n|move|p2a: Yveltal|Sucker Punch||[still]\n|-fail|p2a: Yveltal\n|\n|upkeep\n|turn|5\n|\n|t:|1699527591\n|move|p2a: Yveltal|Knock Off|p1a: Garganacl\n|-damage|p1a: Garganacl|50\/100\n|-enditem|p1a: Garganacl|Leftovers|[from] move: Knock Off|[of] p2a: Yveltal\n|-damage|p2a: Yveltal|91\/100|[from] item: Life Orb\n|move|p1a: Garganacl|Salt Cure|p2a: Yveltal\n|-supereffective|p2a: Yveltal\n|-damage|p2a: Yveltal|63\/100\n|-start|p2a: Yveltal|Salt Cure\n|\n|-damage|p2a: Yveltal|51\/100|[from] Salt Cure\n|upkeep\n|turn|6\n|\n|t:|1699527595\n|switch|p2a: Samurott|Samurott-Hisui, F, shiny|100\/100\n|move|p1a: Garganacl|Recover|p1a: Garganacl\n|-heal|p1a: Garganacl|99\/100\n|\n|upkeep\n|turn|7\n|\n|t:|1699527599\n|move|p2a: Samurott|Ceaseless Edge|p1a: Garganacl\n|-damage|p1a: Garganacl|73\/100\n|-sidestart|p1: Szymszym134|Spikes\n|move|p1a: Garganacl|Salt Cure|p2a: Samurott\n|-damage|p2a: Samurott|83\/100\n|-start|p2a: Samurott|Salt Cure\n|\n|-damage|p2a: Samurott|58\/100|[from] Salt Cure\n|upkeep\n|turn|8\n|\n|t:|1699527605\n|move|p2a: Samurott|Sacred Sword|p1a: Garganacl\n|-supereffective|p1a: Garganacl\n|-damage|p1a: Garganacl|21\/100\n|move|p1a: Garganacl|Stealth Rock|p2a: Samurott\n|-sidestart|p2: arafatr871|move: Stealth Rock\n|\n|-damage|p2a: Samurott|33\/100|[from] Salt Cure\n|upkeep\n|turn|9\n|\n|t:|1699527608\n|move|p1a: Garganacl|Protect|p1a: Garganacl\n|-singleturn|p1a: Garganacl|Protect\n|move|p2a: Samurott|Ceaseless Edge|p1a: Garganacl\n|-activate|p1a: Garganacl|move: Protect\n|\n|-damage|p2a: Samurott|8\/100|[from] Salt Cure\n|upkeep\n|turn|10\n|\n|t:|1699527615\n|move|p2a: Samurott|Ceaseless Edge|p1a: Garganacl\n|-damage|p1a: Garganacl|0 fnt\n|-sidestart|p1: Szymszym134|Spikes\n|faint|p1a: Garganacl\n|\n|-damage|p2a: Samurott|0 fnt|[from] Salt Cure\n|faint|p2a: Samurott\n|upkeep\n|\n|t:|1699527629\n|switch|p2a: Yveltal|Yveltal, shiny|51\/100\n|switch|p1a: Arceus|Arceus-Ground|100\/100\n|-damage|p2a: Yveltal|26\/100|[from] Stealth Rock\n|-ability|p2a: Yveltal|Dark Aura\n|-damage|p1a: Arceus|84\/100|[from] Spikes\n|turn|11\n|\n|t:|1699527632\n|move|p2a: Yveltal|Knock Off|p1a: Arceus\n|-damage|p1a: Arceus|51\/100\n|-damage|p2a: Yveltal|16\/100|[from] item: Life Orb\n|move|p1a: Arceus|Toxic|p2a: Yveltal\n|-status|p2a: Yveltal|tox\n|\n|-damage|p2a: Yveltal|10\/100 tox|[from] psn\n|upkeep\n|turn|12\n|\n|t:|1699527638\n|move|p2a: Yveltal|Dual Wingbeat|p1a: Arceus\n|-damage|p1a: Arceus|36\/100\n|-crit|p1a: Arceus\n|-damage|p1a: Arceus|14\/100\n|-hitcount|p1a: Arceus|2\n|-damage|p2a: Yveltal|0 fnt|[from] item: Life Orb\n|faint|p2a: Yveltal\n|move|p1a: Arceus|Recover|p1a: Arceus\n|-heal|p1a: Arceus|64\/100\n|\n|upkeep\n|\n|t:|1699527643\n|switch|p2a: Dondozo|Dondozo, F, shiny|100\/100\n|-damage|p2a: Dondozo|88\/100|[from] Stealth Rock\n|turn|13\n|\n|t:|1699527650\n|move|p1a: Arceus|Toxic|p2a: Dondozo\n|-status|p2a: Dondozo|tox\n|move|p2a: Dondozo|Liquidation|p1a: Arceus\n|-supereffective|p1a: Arceus\n|-damage|p1a: Arceus|23\/100\n|\n|-heal|p2a: Dondozo|94\/100 tox|[from] item: Leftovers\n|-damage|p2a: Dondozo|88\/100 tox|[from] psn\n|upkeep\n|turn|14\n|\n|t:|1699527654\n|move|p1a: Arceus|Recover|p1a: Arceus\n|-heal|p1a: Arceus|73\/100\n|move|p2a: Dondozo|Liquidation|p1a: Arceus\n|-supereffective|p1a: Arceus\n|-damage|p1a: Arceus|29\/100\n|\n|-heal|p2a: Dondozo|94\/100 tox|[from] item: Leftovers\n|-damage|p2a: Dondozo|82\/100 tox|[from] psn\n|upkeep\n|turn|15\n|\n|t:|1699527658\n|move|p1a: Arceus|Recover|p1a: Arceus\n|-heal|p1a: Arceus|79\/100\n|move|p2a: Dondozo|Curse|p2a: Dondozo\n|-unboost|p2a: Dondozo|spe|1\n|-boost|p2a: Dondozo|atk|1\n|-boost|p2a: Dondozo|def|1\n|\n|-heal|p2a: Dondozo|88\/100 tox|[from] item: Leftovers\n|-damage|p2a: Dondozo|70\/100 tox|[from] psn\n|upkeep\n|turn|16\n|\n|t:|1699527663\n|move|p1a: Arceus|Judgment|p2a: Dondozo\n|-crit|p2a: Dondozo\n|-damage|p2a: Dondozo|1\/100 tox\n|move|p2a: Dondozo|Curse|p2a: Dondozo\n|-unboost|p2a: Dondozo|spe|1\n|-boost|p2a: Dondozo|atk|1\n|-boost|p2a: Dondozo|def|1\n|\n|-heal|p2a: Dondozo|7\/100 tox|[from] item: Leftovers\n|-damage|p2a: Dondozo|0 fnt|[from] psn\n|faint|p2a: Dondozo\n|upkeep\n|\n|t:|1699527667\n|switch|p2a: Kyogre|Kyogre-Primal|36\/100\n|-damage|p2a: Kyogre|24\/100|[from] Stealth Rock\n|-weather|PrimordialSea|[from] ability: Primordial Sea|[of] p2a: Kyogre\n|turn|17\n|\n|t:|1699527670\n|move|p1a: Arceus|Judgment|p2a: Kyogre\n|-damage|p2a: Kyogre|0 fnt\n|faint|p2a: Kyogre\n|-weather|none\n|\n|upkeep\n|\n|t:|1699527674\n|switch|p2a: Zacian|Zacian-Crowned|100\/100\n|-damage|p2a: Zacian|94\/100|[from] Stealth Rock\n|-ability|p2a: Zacian|Intrepid Sword|boost\n|-boost|p2a: Zacian|atk|1\n|turn|18\n|\n|t:|1699527678\n|-terastallize|p2a: Zacian|Ground\n|move|p2a: Zacian|Behemoth Blade|p1a: Arceus\n|-damage|p1a: Arceus|29\/100\n|move|p1a: Arceus|Judgment|p2a: Zacian\n|-damage|p2a: Zacian|47\/100\n|\n|upkeep\n|turn|19\n|\n|t:|1699527688\n|move|p2a: Zacian|Behemoth Blade|p1a: Arceus\n|-damage|p1a: Arceus|0 fnt\n|faint|p1a: Arceus\n|\n|upkeep\n|\n|t:|1699527691\n|switch|p1a: Ditto|Ditto|100\/100\n|-damage|p1a: Ditto|84\/100|[from] Spikes\n|-transform|p1a: Ditto|p2a: Zacian|[from] ability: Imposter\n|-ability|p1a: Ditto|Intrepid Sword|boost\n|-boost|p1a: Ditto|atk|1\n|-start|p1a: Ditto|typechange|Fairy\/Steel|[silent]\n|turn|20\n|\n|t:|1699527695\n|move|p1a: Ditto|Close Combat|p2a: Zacian\n|-damage|p2a: Zacian|0 fnt\n|-unboost|p1a: Ditto|def|1\n|-unboost|p1a: Ditto|spd|1\n|faint|p2a: Zacian\n|\n|upkeep\n|\n|t:|1699527697\n|switch|p2a: Groudon|Groudon, shiny|100\/100\n|-damage|p2a: Groudon|94\/100|[from] Stealth Rock\n|detailschange|p2a: Groudon|Groudon-Primal, shiny\n|-primal|p2a: Groudon|Red Orb\n|-weather|DesolateLand|[from] ability: Desolate Land|[of] p2a: Groudon\n|turn|21\n|\n|t:|1699527705\n|move|p1a: Ditto|Close Combat|p2a: Groudon\n|-damage|p2a: Groudon|33\/100\n|-unboost|p1a: Ditto|def|1\n|-unboost|p1a: Ditto|spd|1\n|move|p2a: Groudon|Rock Polish|p2a: Groudon\n|-boost|p2a: Groudon|spe|2\n|\n|-weather|DesolateLand|[upkeep]\n|upkeep\n|turn|22\n|\n|t:|1699527708\n|move|p1a: Ditto|Close Combat|p2a: Groudon\n|-damage|p2a: Groudon|0 fnt\n|-unboost|p1a: Ditto|def|1\n|-unboost|p1a: Ditto|spd|1\n|faint|p2a: Groudon\n|-weather|none\n|\n|win|Szymszym134\n|raw|Szymszym134's rating: 1624 &rarr; <strong>1646<\/strong><br \/>(+22 for winning)\n|raw|arafatr871's rating: 1666 &rarr; <strong>1644<\/strong><br \/>(-22 for losing)\n|l|\u2606Szymszym134\n","uploadtime":1699527748,"views":5,"p1id":"szymszym134","p2id":"arafatr871","formatid":"gen9nationaldexubers","rating":1644,"private":0,"password":""}