{"id":"gen9nationaldexubers-1983846605","p1":"yvucfuyigvl","p2":"sussuspotussus","format":"[Gen 9] National Dex Ubers","log":"|j|\u2606yvucfuyigvl\n|j|\u2606sussuspotussus\n|t:|1699191058\n|gametype|singles\n|player|p1|yvucfuyigvl|roark|\n|player|p2|sussuspotussus|acetrainer|\n|teamsize|p1|6\n|teamsize|p2|6\n|gen|9\n|tier|[Gen 9] National Dex Ubers\n|rule|HP Percentage Mod: HP is shown in percentages\n|rule|Endless Battle Clause: Forcing endless battles is banned\n|rule|OHKO Clause: OHKO moves are banned\n|rule|Evasion Moves Clause: Evasion moves are banned\n|rule|Evasion Items Clause: Evasion items are banned\n|rule|Species Clause: Limit one of each Pok\u00e9mon\n|rule|Sleep Clause Mod: Limit one foe put to sleep\n|rule|Mega Rayquaza Clause: You cannot mega evolve Rayquaza\n|clearpoke\n|poke|p1|Tyranitar, F|\n|poke|p1|Garganacl, F|\n|poke|p1|Aggron, M|\n|poke|p1|Glimmora, M|\n|poke|p1|Cradily, F|\n|poke|p1|Probopass, L1, F|\n|poke|p2|Blastoise, M|\n|poke|p2|Bruxish, M|\n|poke|p2|Quagsire, M|\n|poke|p2|Palkia-Origin|\n|poke|p2|Kyogre|\n|poke|p2|Volcanion|\n|teampreview\n|inactive|Battle timer is ON: inactive players will automatically lose when time's up. (requested by sussuspotussus)\n|c|\u2606sussuspotussus|okat THIS time\n|c|\u2606yvucfuyigvl|OH JEEZ\n|c|\u2606yvucfuyigvl|I FEEL BAD FOR YOU\n|c|\u2606sussuspotussus|watch me lose lol\n|c|\u2606yvucfuyigvl|YOU LEGIT THINK THIS IS GOING TO HELP YOU WIN\n|c|\u2606sussuspotussus|yes i know cradily\n|c|\u2606sussuspotussus|kind of\n|inactive|yvucfuyigvl has 270 seconds left.\n|inactive|sussuspotussus has 270 seconds left.\n|\n|t:|1699191104\n|start\n|switch|p1a: Cradily|Cradily, F|100\/100\n|switch|p2a: Kyogre|Kyogre|100\/100\n|detailschange|p2a: Kyogre|Kyogre-Primal\n|-primal|p2a: Kyogre|Blue Orb\n|-weather|PrimordialSea|[from] ability: Primordial Sea|[of] p2a: Kyogre\n|turn|1\n|\n|t:|1699191111\n|move|p2a: Kyogre|Calm Mind|p2a: Kyogre\n|-boost|p2a: Kyogre|spa|1\n|-boost|p2a: Kyogre|spd|1\n|move|p1a: Cradily|Leech Seed|p2a: Kyogre\n|-start|p2a: Kyogre|move: Leech Seed\n|\n|-weather|PrimordialSea|[upkeep]\n|-damage|p2a: Kyogre|88\/100|[from] Leech Seed|[of] p1a: Cradily\n|upkeep\n|turn|2\n|c|\u2606yvucfuyigvl|ICE BEAM\n|c|\u2606yvucfuyigvl|WHAT IS THIS DISRESPECT\n|\n|t:|1699191120\n|switch|p1a: Probopass|Probopass, L1, F|100\/100\n|move|p2a: Kyogre|Calm Mind|p2a: Kyogre\n|-boost|p2a: Kyogre|spa|1\n|-boost|p2a: Kyogre|spd|1\n|\n|-weather|PrimordialSea|[upkeep]\n|-damage|p2a: Kyogre|76\/100|[from] Leech Seed|[of] p1a: Probopass\n|upkeep\n|turn|3\n|c|\u2606yvucfuyigvl|U LOSE HALF YOUR HP FOR THAT\n|\n|t:|1699191129\n|-weather|none\n|switch|p2a: Quagsire|Quagsire, M|100\/100\n|move|p1a: Probopass|Pain Split|p2a: Quagsire\n|-sethp|p2a: Quagsire|52\/100|[from] move: Pain Split|[silent]\n|-sethp|p1a: Probopass|100\/100|[from] move: Pain Split\n|\n|-heal|p2a: Quagsire|58\/100|[from] item: Leftovers\n|upkeep\n|turn|4\n|\n|t:|1699191137\n|switch|p1a: Glimmora|Glimmora, M|100\/100\n|move|p2a: Quagsire|Stealth Rock|p1a: Glimmora\n|-sidestart|p1: yvucfuyigvl|move: Stealth Rock\n|\n|-heal|p2a: Quagsire|64\/100|[from] item: Leftovers\n|upkeep\n|turn|5\n|\n|t:|1699191142\n|move|p1a: Glimmora|Mortal Spin|p2a: Quagsire\n|-resisted|p2a: Quagsire\n|-damage|p2a: Quagsire|62\/100\n|-status|p2a: Quagsire|psn\n|-sideend|p1: yvucfuyigvl|Stealth Rock|[from] move: Mortal Spin|[of] p1a: Glimmora\n|move|p2a: Quagsire|Earthquake|p1a: Glimmora\n|-supereffective|p1a: Glimmora\n|-damage|p1a: Glimmora|0 fnt\n|-activate|p1a: Glimmora|ability: Toxic Debris\n|-sidestart|p2: sussuspotussus|move: Toxic Spikes\n|faint|p1a: Glimmora\n|\n|-heal|p2a: Quagsire|68\/100 psn|[from] item: Leftovers\n|-damage|p2a: Quagsire|56\/100 psn|[from] psn\n|upkeep\n|\n|t:|1699191148\n|switch|p1a: Cradily|Cradily, F|100\/100\n|turn|6\n|c|\u2606sussuspotussus|already going better\n|\n|t:|1699191154\n|move|p1a: Cradily|Block|p2a: Quagsire\n|-activate|p2a: Quagsire|trapped\n|move|p2a: Quagsire|Toxic|p1a: Cradily\n|-status|p1a: Cradily|tox\n|\n|-heal|p2a: Quagsire|62\/100 psn|[from] item: Leftovers\n|-damage|p1a: Cradily|94\/100 tox|[from] psn\n|-damage|p2a: Quagsire|49\/100 psn|[from] psn\n|upkeep\n|turn|7\n|c|\u2606yvucfuyigvl|ALL PART OF THE PLAN\n|\n|t:|1699191164\n|move|p1a: Cradily|Leech Seed|p2a: Quagsire|[miss]\n|-miss|p1a: Cradily|p2a: Quagsire\n|move|p2a: Quagsire|Recover|p2a: Quagsire\n|-heal|p2a: Quagsire|99\/100 psn\n|\n|-heal|p2a: Quagsire|100\/100 psn|[from] item: Leftovers\n|-damage|p1a: Cradily|82\/100 tox|[from] psn\n|-damage|p2a: Quagsire|88\/100 psn|[from] psn\n|upkeep\n|turn|8\n|\n|t:|1699191186\n|move|p1a: Cradily|Leech Seed|p2a: Quagsire\n|-start|p2a: Quagsire|move: Leech Seed\n|move|p2a: Quagsire|Stealth Rock|p1a: Cradily\n|-sidestart|p1: yvucfuyigvl|move: Stealth Rock\n|\n|-heal|p2a: Quagsire|94\/100 psn|[from] item: Leftovers\n|-damage|p2a: Quagsire|82\/100 psn|[from] Leech Seed|[of] p1a: Cradily\n|-heal|p1a: Cradily|95\/100 tox|[silent]\n|-damage|p1a: Cradily|77\/100 tox|[from] psn\n|-damage|p2a: Quagsire|69\/100 psn|[from] psn\n|upkeep\n|turn|9\n|\n|t:|1699191190\n|move|p1a: Cradily|Rest|p1a: Cradily\n|-status|p1a: Cradily|slp|[from] move: Rest\n|-heal|p1a: Cradily|100\/100 slp|[silent]\n|move|p2a: Quagsire|Recover|p2a: Quagsire\n|-heal|p2a: Quagsire|100\/100 psn\n|\n|-damage|p2a: Quagsire|88\/100 psn|[from] Leech Seed|[of] p1a: Cradily\n|-damage|p2a: Quagsire|76\/100 psn|[from] psn\n|upkeep\n|turn|10\n|c|\u2606yvucfuyigvl|RIGHT GOOD LUCK\n|\n|t:|1699191199\n|cant|p1a: Cradily|slp\n|move|p2a: Quagsire|Earthquake|p1a: Cradily\n|-damage|p1a: Cradily|80\/100 slp\n|\n|-heal|p2a: Quagsire|82\/100 psn|[from] item: Leftovers\n|-damage|p2a: Quagsire|69\/100 psn|[from] Leech Seed|[of] p1a: Cradily\n|-heal|p1a: Cradily|93\/100 slp|[silent]\n|-damage|p2a: Quagsire|57\/100 psn|[from] psn\n|upkeep\n|turn|11\n|\n|t:|1699191208\n|cant|p1a: Cradily|slp\n|move|p2a: Quagsire|Earthquake|p1a: Cradily\n|-damage|p1a: Cradily|74\/100 slp\n|\n|-heal|p2a: Quagsire|63\/100 psn|[from] item: Leftovers\n|-damage|p2a: Quagsire|50\/100 psn|[from] Leech Seed|[of] p1a: Cradily\n|-heal|p1a: Cradily|87\/100 slp|[silent]\n|-damage|p2a: Quagsire|38\/100 psn|[from] psn\n|upkeep\n|turn|12\n|c|\u2606sussuspotussus|!dt cradily\n|raw|<div class=\"message\"><ul class=\"utilichart\"><li class=\"result\"><span class=\"col numcol\">RU<\/span> <span class=\"col iconcol\"><psicon pokemon=\"cradily\"\/><\/span> <span class=\"col pokemonnamecol\" style=\"white-space:nowrap\"><a href=\"https:\/\/dex.pokemonshowdown.com\/pokemon\/cradily\" target=\"_blank\">Cradily<\/a><\/span> <span class=\"col typecol\"><img src=\"https:\/\/play.pokemonshowdown.com\/sprites\/types\/Rock.png\" alt=\"Rock\" height=\"14\" width=\"32\"><img src=\"https:\/\/play.pokemonshowdown.com\/sprites\/types\/Grass.png\" alt=\"Grass\" height=\"14\" width=\"32\"><\/span> <span style=\"float:left;min-height:26px\"><span class=\"col abilitycol\">Suction Cups<\/span><span class=\"col abilitycol\"><em>Storm Drain<\/em><\/span><\/span><span style=\"float:left;min-height:26px\"><span class=\"col statcol\"><em>HP<\/em><br \/>86<\/span> <span class=\"col statcol\"><em>Atk<\/em><br \/>81<\/span> <span class=\"col statcol\"><em>Def<\/em><br \/>97<\/span> <span class=\"col statcol\"><em>SpA<\/em><br \/>81<\/span> <span class=\"col statcol\"><em>SpD<\/em><br \/>107<\/span> <span class=\"col statcol\"><em>Spe<\/em><br \/>43<\/span> <span class=\"col bstcol\"><em>BST<br \/>495<\/em><\/span> <\/span><\/li><li style=\"clear:both\"><\/li><\/ul><\/div>\n|raw|<font size=\"1\"><font color=\"#686868\">Dex#:<\/font> 346&nbsp;|&ThickSpace;<font color=\"#686868\">Gen:<\/font> 3&nbsp;|&ThickSpace;<font color=\"#686868\">Height:<\/font> 1.5 m&nbsp;|&ThickSpace;<font color=\"#686868\">Weight:<\/font> 60.4 kg <em>(80 BP)<\/em>&nbsp;|&ThickSpace;<font color=\"#686868\">Dex Colour:<\/font> Green&nbsp;|&ThickSpace;<font color=\"#686868\">Egg Group(s):<\/font> Water 3&nbsp;|&ThickSpace;<font color=\"#686868\">Pre-Evolution:<\/font> Lileep&nbsp;|&ThickSpace;<font color=\"#686868\">Does Not Evolve<\/font><\/font>\n\n|c|\u2606yvucfuyigvl|PLEASE DON'T TOXIC ME BRO\n|c|\u2606sussuspotussus|i wont\n|c|\u2606yvucfuyigvl|U WILL AND U WILL DIE FOR IT\n|\n|t:|1699191237\n|-curestatus|p1a: Cradily|slp|[msg]\n|move|p1a: Cradily|Infestation|p2a: Quagsire\n|-damage|p2a: Quagsire|34\/100 psn\n|-activate|p2a: Quagsire|move: Infestation|[of] p1a: Cradily\n|move|p2a: Quagsire|Earthquake|p1a: Cradily\n|-damage|p1a: Cradily|66\/100\n|\n|-heal|p2a: Quagsire|40\/100 psn|[from] item: Leftovers\n|-damage|p2a: Quagsire|28\/100 psn|[from] Leech Seed|[of] p1a: Cradily\n|-heal|p1a: Cradily|79\/100|[silent]\n|-damage|p2a: Quagsire|15\/100 psn|[from] psn\n|-damage|p2a: Quagsire|0 fnt|[from] move: Infestation|[partiallytrapped]\n|faint|p2a: Quagsire\n|upkeep\n|inactive|sussuspotussus has 270 seconds left.\n|\n|t:|1699191252\n|switch|p2a: Volcanion|Volcanion|100\/100\n|-status|p2a: Volcanion|psn\n|turn|13\n|\n|t:|1699191260\n|switch|p1a: Aggron|Aggron, M|100\/100\n|-damage|p1a: Aggron|94\/100|[from] Stealth Rock\n|move|p2a: Volcanion|Substitute|p2a: Volcanion\n|-start|p2a: Volcanion|Substitute\n|-damage|p2a: Volcanion|76\/100 psn\n|\n|-heal|p2a: Volcanion|82\/100 psn|[from] item: Leftovers\n|-damage|p2a: Volcanion|69\/100 psn|[from] psn\n|upkeep\n|turn|14\n|\n|t:|1699191266\n|detailschange|p1a: Aggron|Aggron-Mega, M\n|-mega|p1a: Aggron|Aggron|Aggronite\n|move|p2a: Volcanion|Steam Eruption|p1a: Aggron\n|-damage|p1a: Aggron|19\/100\n|move|p1a: Aggron|Body Press|p2a: Volcanion\n|-end|p2a: Volcanion|Substitute\n|\n|-heal|p2a: Volcanion|75\/100 psn|[from] item: Leftovers\n|-damage|p2a: Volcanion|63\/100 psn|[from] psn\n|upkeep\n|turn|15\n|\n|t:|1699191272\n|move|p2a: Volcanion|Heat Wave|p1a: Aggron|[miss]\n|-miss|p2a: Volcanion|p1a: Aggron\n|move|p1a: Aggron|Body Press|p2a: Volcanion\n|-damage|p2a: Volcanion|25\/100 psn\n|\n|-heal|p2a: Volcanion|31\/100 psn|[from] item: Leftovers\n|-damage|p2a: Volcanion|19\/100 psn|[from] psn\n|upkeep\n|turn|16\n|c|\u2606yvucfuyigvl|LOL\n|\n|t:|1699191280\n|move|p2a: Volcanion|Steam Eruption|p1a: Aggron\n|-damage|p1a: Aggron|0 fnt\n|faint|p1a: Aggron\n|\n|-heal|p2a: Volcanion|25\/100 psn|[from] item: Leftovers\n|-damage|p2a: Volcanion|13\/100 psn|[from] psn\n|upkeep\n|c|\u2606sussuspotussus|YES\n|c|\u2606sussuspotussus|FINALLY\n|c|\u2606sussuspotussus|GODDAMN\n|\n|t:|1699191294\n|switch|p1a: Garganacl|Garganacl, F|100\/100\n|-damage|p1a: Garganacl|88\/100|[from] Stealth Rock\n|turn|17\n|c|\u2606sussuspotussus|anyways\n|\n|t:|1699191300\n|-terastallize|p1a: Garganacl|Ghost\n|move|p2a: Volcanion|Steam Eruption|p1a: Garganacl\n|-damage|p1a: Garganacl|48\/100\n|-enditem|p1a: Garganacl|Maranga Berry|[eat]\n|-boost|p1a: Garganacl|spd|1|[from] item: Maranga Berry\n|move|p1a: Garganacl|Recover|p1a: Garganacl\n|-heal|p1a: Garganacl|98\/100\n|\n|-heal|p2a: Volcanion|19\/100 psn|[from] item: Leftovers\n|-damage|p2a: Volcanion|6\/100 psn|[from] psn\n|upkeep\n|turn|18\n|\n|t:|1699191310\n|move|p2a: Volcanion|Steam Eruption|p1a: Garganacl\n|-damage|p1a: Garganacl|70\/100\n|move|p1a: Garganacl|Recover|p1a: Garganacl\n|-heal|p1a: Garganacl|100\/100\n|\n|-heal|p2a: Volcanion|12\/100 psn|[from] item: Leftovers\n|-damage|p2a: Volcanion|0 fnt|[from] psn\n|faint|p2a: Volcanion\n|upkeep\n|\n|t:|1699191319\n|switch|p2a: Bruxish|Bruxish, M|100\/100\n|-status|p2a: Bruxish|psn\n|turn|19\n|\n|t:|1699191326\n|move|p2a: Bruxish|Crunch|p1a: Garganacl\n|-supereffective|p1a: Garganacl\n|-damage|p1a: Garganacl|52\/100\n|move|p1a: Garganacl|Salt Cure|p2a: Bruxish\n|-damage|p2a: Bruxish|77\/100 psn\n|-start|p2a: Bruxish|Salt Cure\n|\n|-damage|p2a: Bruxish|65\/100 psn|[from] psn\n|-damage|p2a: Bruxish|40\/100 psn|[from] Salt Cure\n|upkeep\n|turn|20\n|c|\u2606yvucfuyigvl|GOOD LORD\n|\n|t:|1699191334\n|move|p2a: Bruxish|Crunch|p1a: Garganacl\n|-supereffective|p1a: Garganacl\n|-damage|p1a: Garganacl|6\/100\n|move|p1a: Garganacl|Recover|p1a: Garganacl\n|-heal|p1a: Garganacl|56\/100\n|\n|-damage|p2a: Bruxish|28\/100 psn|[from] psn\n|-damage|p2a: Bruxish|3\/100 psn|[from] Salt Cure\n|upkeep\n|turn|21\n|\n|t:|1699191338\n|move|p2a: Bruxish|Crunch|p1a: Garganacl\n|-supereffective|p1a: Garganacl\n|-damage|p1a: Garganacl|5\/100\n|move|p1a: Garganacl|Recover|p1a: Garganacl\n|-heal|p1a: Garganacl|55\/100\n|\n|-damage|p2a: Bruxish|0 fnt|[from] psn\n|faint|p2a: Bruxish\n|upkeep\n|\n|t:|1699191347\n|switch|p2a: Kyogre|Kyogre-Primal|76\/100\n|-status|p2a: Kyogre|psn\n|-weather|PrimordialSea|[from] ability: Primordial Sea|[of] p2a: Kyogre\n|turn|22\n|\n|t:|1699191355\n|move|p2a: Kyogre|Calm Mind|p2a: Kyogre\n|-boost|p2a: Kyogre|spa|1\n|-boost|p2a: Kyogre|spd|1\n|move|p1a: Garganacl|Recover|p1a: Garganacl\n|-heal|p1a: Garganacl|100\/100\n|\n|-weather|PrimordialSea|[upkeep]\n|-damage|p2a: Kyogre|64\/100 psn|[from] psn\n|upkeep\n|turn|23\n|c|\u2606yvucfuyigvl|WAIT\n|c|\u2606yvucfuyigvl|LETS TALK ABOUT THIS\n|c|\u2606sussuspotussus|okay\n|\n|t:|1699191381\n|move|p2a: Kyogre|Calm Mind|p2a: Kyogre\n|-boost|p2a: Kyogre|spa|1\n|-boost|p2a: Kyogre|spd|1\n|move|p1a: Garganacl|Salt Cure|p2a: Kyogre\n|-damage|p2a: Kyogre|49\/100 psn\n|-start|p2a: Kyogre|Salt Cure\n|\n|-weather|PrimordialSea|[upkeep]\n|-damage|p2a: Kyogre|37\/100 psn|[from] psn\n|-damage|p2a: Kyogre|12\/100 psn|[from] Salt Cure\n|upkeep\n|turn|24\n|c|\u2606yvucfuyigvl|THANKS\n|\n|t:|1699191391\n|move|p2a: Kyogre|Origin Pulse|p1a: Garganacl\n|-crit|p1a: Garganacl\n|-damage|p1a: Garganacl|0 fnt\n|faint|p1a: Garganacl\n|\n|-weather|PrimordialSea|[upkeep]\n|-damage|p2a: Kyogre|0 fnt|[from] psn\n|faint|p2a: Kyogre\n|-weather|none\n|upkeep\n|c|\u2606sussuspotussus|CRIT\n|c|\u2606yvucfuyigvl|NOOOOOOOOOOOOOOO\n|c|\u2606sussuspotussus|LETD GOOOO\n|c|\u2606yvucfuyigvl|OH BOY\n|c|\u2606yvucfuyigvl|NOW IM MAD\n|inactive|yvucfuyigvl has 270 seconds left.\n|c|\u2606yvucfuyigvl|NOW I'M REALLY **REALLY** MAD\n|c|\u2606sussuspotussus|time to not have fun\n|\n|t:|1699191423\n|switch|p2a: Palkia|Palkia-Origin|100\/100\n|switch|p1a: Cradily|Cradily, F|79\/100\n|-status|p2a: Palkia|psn\n|-ability|p2a: Palkia|Pressure\n|-damage|p1a: Cradily|67\/100|[from] Stealth Rock\n|turn|25\n|c|\u2606sussuspotussus|how do you bold your words btw\n|\n|t:|1699191430\n|switch|p1a: Tyranitar|Tyranitar, F|100\/100\n|-damage|p1a: Tyranitar|88\/100|[from] Stealth Rock\n|-weather|Sandstorm|[from] ability: Sand Stream|[of] p1a: Tyranitar\n|move|p2a: Palkia|Substitute|p2a: Palkia\n|-start|p2a: Palkia|Substitute\n|-damage|p2a: Palkia|76\/100 psn\n|\n|-weather|Sandstorm|[upkeep]\n|-damage|p2a: Palkia|69\/100 psn|[from] Sandstorm\n|-damage|p2a: Palkia|57\/100 psn|[from] psn\n|upkeep\n|turn|26\n|\n|t:|1699191435\n|move|p2a: Palkia|Hydro Pump|p1a: Tyranitar\n|-supereffective|p1a: Tyranitar\n|-damage|p1a: Tyranitar|48\/100\n|move|p1a: Tyranitar|Rock Blast|p2a: Palkia\n|-activate|p2a: Palkia|move: Substitute|[damage]\n|-end|p2a: Palkia|Substitute\n|-damage|p2a: Palkia|44\/100 psn\n|-damage|p2a: Palkia|33\/100 psn\n|-hitcount|p2a: Palkia|4\n|\n|-weather|Sandstorm|[upkeep]\n|-damage|p2a: Palkia|26\/100 psn|[from] Sandstorm\n|-damage|p2a: Palkia|14\/100 psn|[from] psn\n|upkeep\n|turn|27\n|\n|t:|1699191446\n|switch|p1a: Cradily|Cradily, F|67\/100\n|-damage|p1a: Cradily|54\/100|[from] Stealth Rock\n|move|p2a: Palkia|Hydro Pump|p1a: Cradily\n|-ability|p1a: Cradily|Storm Drain|boost\n|-boost|p1a: Cradily|spa|1\n|\n|-weather|Sandstorm|[upkeep]\n|-damage|p2a: Palkia|8\/100 psn|[from] Sandstorm\n|-damage|p2a: Palkia|0 fnt|[from] psn\n|faint|p2a: Palkia\n|upkeep\n|c|\u2606yvucfuyigvl|I'M LIVID\n|\n|t:|1699191454\n|switch|p2a: Blastoise|Blastoise, M|100\/100\n|-status|p2a: Blastoise|psn\n|turn|28\n|\n|t:|1699191461\n|detailschange|p2a: Blastoise|Blastoise-Mega, M\n|-mega|p2a: Blastoise|Blastoise|Blastoisinite\n|move|p2a: Blastoise|Ice Beam|p1a: Cradily\n|-supereffective|p1a: Cradily\n|-damage|p1a: Cradily|13\/100\n|move|p1a: Cradily|Leech Seed|p2a: Blastoise\n|-start|p2a: Blastoise|move: Leech Seed\n|\n|-weather|Sandstorm|[upkeep]\n|-damage|p2a: Blastoise|94\/100 psn|[from] Sandstorm\n|-damage|p2a: Blastoise|82\/100 psn|[from] Leech Seed|[of] p1a: Cradily\n|-heal|p1a: Cradily|24\/100|[silent]\n|-damage|p2a: Blastoise|70\/100 psn|[from] psn\n|upkeep\n|turn|29\n|c|\u2606yvucfuyigvl|ENRAGED\n|-message|sussuspotussus forfeited.\n|\n|win|yvucfuyigvl\n|c|\u2606sussuspotussus|4th time\n|l|\u2606sussuspotussus\n|c|\u2606yvucfuyigvl|LOL\n","uploadtime":1699191476,"views":9,"p1id":"yvucfuyigvl","p2id":"sussuspotussus","formatid":"gen9nationaldexubers","rating":0,"private":0,"password":""}