{"id":"gen9nationaldexubers-1994296630","p1":"Autometalogolex11","p2":"The_OxAlChemist","format":"[Gen 9] National Dex Ubers","log":"|j|\u2606Autometalogolex11\n|j|\u2606The_OxAlChemist\n|t:|1700428252\n|gametype|singles\n|player|p1|Autometalogolex11|n|\n|player|p2|The_OxAlChemist|colress|\n|teamsize|p1|4\n|teamsize|p2|4\n|gen|9\n|tier|[Gen 9] National Dex Ubers\n|rule|HP Percentage Mod: HP is shown in percentages\n|rule|Endless Battle Clause: Forcing endless battles is banned\n|rule|OHKO Clause: OHKO moves are banned\n|rule|Evasion Moves Clause: Evasion moves are banned\n|rule|Evasion Items Clause: Evasion items are banned\n|rule|Species Clause: Limit one of each Pok\u00e9mon\n|rule|Sleep Clause Mod: Limit one foe put to sleep\n|rule|Mega Rayquaza Clause: You cannot mega evolve Rayquaza\n|clearpoke\n|poke|p1|Sneasler, F|\n|poke|p1|Necrozma-Dusk-Mane|\n|poke|p1|Gholdengo|\n|poke|p1|Pyroar, M|\n|poke|p2|Reuniclus, M|\n|poke|p2|Quaquaval, M|\n|poke|p2|Gengar, F|\n|poke|p2|Flapple, M|\n|teampreview\n|\n|t:|1700428267\n|start\n|switch|p1a: long sneasel|Sneasler, F|100\/100\n|switch|p2a: I CANT DANCE|Quaquaval, M|100\/100\n|turn|1\n|\n|t:|1700428276\n|move|p1a: long sneasel|Fling|p2a: I CANT DANCE\n|-resisted|p2a: I CANT DANCE\n|-damage|p2a: I CANT DANCE|78\/100\n|-enditem|p1a: long sneasel|Big Nugget|[from] move: Fling\n|move|p2a: I CANT DANCE|Aqua Step|p1a: long sneasel\n|-damage|p1a: long sneasel|47\/100\n|-boost|p2a: I CANT DANCE|spe|1\n|\n|-heal|p2a: I CANT DANCE|84\/100|[from] item: Leftovers\n|upkeep\n|turn|2\n|\n|t:|1700428286\n|move|p1a: long sneasel|U-turn|p2a: I CANT DANCE\n|-resisted|p2a: I CANT DANCE\n|-damage|p2a: I CANT DANCE|71\/100\n|\n|t:|1700428292\n|switch|p1a: The Boy Who Lives|Necrozma-Dusk-Mane|100\/100|[from] U-turn\n|move|p2a: I CANT DANCE|Bulk Up|p2a: I CANT DANCE\n|-boost|p2a: I CANT DANCE|atk|1\n|-boost|p2a: I CANT DANCE|def|1\n|\n|-heal|p2a: I CANT DANCE|77\/100|[from] item: Leftovers\n|upkeep\n|turn|3\n|\n|t:|1700428299\n|move|p2a: I CANT DANCE|Close Combat|p1a: The Boy Who Lives\n|-damage|p1a: The Boy Who Lives|47\/100\n|-unboost|p2a: I CANT DANCE|def|1\n|-unboost|p2a: I CANT DANCE|spd|1\n|move|p1a: The Boy Who Lives|Confusion|p2a: I CANT DANCE\n|-supereffective|p2a: I CANT DANCE\n|-damage|p2a: I CANT DANCE|0 fnt\n|faint|p2a: I CANT DANCE\n|\n|upkeep\n|\n|t:|1700428306\n|switch|p2a: Fun Police|Gengar, F|100\/100\n|turn|4\n|\n|t:|1700428309\n|move|p2a: Fun Police|Shadow Ball|p1a: The Boy Who Lives\n|-supereffective|p1a: The Boy Who Lives\n|-damage|p1a: The Boy Who Lives|0 fnt\n|faint|p1a: The Boy Who Lives\n|\n|upkeep\n|\n|t:|1700428316\n|switch|p1a: long sneasel|Sneasler, F|47\/100\n|turn|5\n|\n|t:|1700428329\n|move|p1a: long sneasel|Thief|p2a: Fun Police\n|-supereffective|p2a: Fun Police\n|-damage|p2a: Fun Police|19\/100\n|-enditem|p2a: Fun Police|Black Sludge|[silent]|[from] move: Thief|[of] p1a: long sneasel\n|-item|p1a: long sneasel|Black Sludge|[from] move: Thief|[of] p2a: Fun Police\n|move|p2a: Fun Police|Shadow Ball|p1a: long sneasel\n|-crit|p1a: long sneasel\n|-damage|p1a: long sneasel|0 fnt\n|faint|p1a: long sneasel\n|\n|upkeep\n|\n|t:|1700428337\n|switch|p1a: Angsty Redhead|Pyroar, M|100\/100\n|turn|6\n|c|\u2606The_OxAlChemist|Oh now that's a cool set\n|\n|t:|1700428346\n|switch|p2a: Blueberry Jello|Reuniclus, M|100\/100\n|move|p1a: Angsty Redhead|Flamethrower|p2a: Blueberry Jello\n|-damage|p2a: Blueberry Jello|60\/100\n|-damage|p1a: Angsty Redhead|91\/100|[from] item: Life Orb\n|\n|upkeep\n|turn|7\n|\n|t:|1700428357\n|move|p1a: Angsty Redhead|Flamethrower|p2a: Blueberry Jello\n|-damage|p2a: Blueberry Jello|22\/100\n|-damage|p1a: Angsty Redhead|81\/100|[from] item: Life Orb\n|move|p2a: Blueberry Jello|Focus Blast|p1a: Angsty Redhead|[miss]\n|-miss|p2a: Blueberry Jello|p1a: Angsty Redhead\n|\n|upkeep\n|turn|8\n|c|\u2606The_OxAlChemist|Good ol' Focus miss\n|\n|t:|1700428369\n|move|p1a: Angsty Redhead|Flamethrower|p2a: Blueberry Jello\n|-damage|p2a: Blueberry Jello|0 fnt\n|faint|p2a: Blueberry Jello\n|-damage|p1a: Angsty Redhead|71\/100|[from] item: Life Orb\n|\n|upkeep\n|\n|t:|1700428371\n|switch|p2a: WyrmInMyApple|Flapple, M|100\/100\n|turn|9\n|c|\u2606Autometalogolex11|maybe reuniclus should focus on connecting its focus blasts\n|\n|t:|1700428393\n|move|p2a: WyrmInMyApple|Sucker Punch|p1a: Angsty Redhead\n|-damage|p1a: Angsty Redhead|23\/100\n|move|p1a: Angsty Redhead|Flamethrower|p2a: WyrmInMyApple\n|-damage|p2a: WyrmInMyApple|0 fnt\n|faint|p2a: WyrmInMyApple\n|-damage|p1a: Angsty Redhead|13\/100|[from] item: Life Orb\n|\n|upkeep\n|\n|t:|1700428400\n|switch|p2a: Fun Police|Gengar, F|19\/100\n|turn|10\n|\n|t:|1700428405\n|move|p2a: Fun Police|Clear Smog|p1a: Angsty Redhead\n|-damage|p1a: Angsty Redhead|0 fnt\n|-clearboost|p1a: Angsty Redhead\n|faint|p1a: Angsty Redhead\n|\n|upkeep\n|\n|t:|1700428407\n|switch|p1a: gold experience|Gholdengo|100\/100\n|turn|11\n|\n|t:|1700428411\n|move|p2a: Fun Police|Shadow Ball|p1a: gold experience\n|-supereffective|p1a: gold experience\n|-damage|p1a: gold experience|23\/100\n|move|p1a: gold experience|Hex|p2a: Fun Police\n|-supereffective|p2a: Fun Police\n|-damage|p2a: Fun Police|0 fnt\n|faint|p2a: Fun Police\n|\n|win|Autometalogolex11\n|c|\u2606Autometalogolex11|gg\n|c|\u2606The_OxAlChemist|GG\n","uploadtime":1700428421,"views":12,"p1id":"autometalogolex11","p2id":"theoxalchemist","formatid":"gen9nationaldexubers","rating":0,"private":0,"password":""}