{"id":"gen9nationaldexubers-1995054310","p1":"kokomi36","p2":"D1 master","format":"[Gen 9] National Dex Ubers","log":"|j|\u2606kokomi36\n|j|\u2606D1 master\n|t:|1700517615\n|gametype|singles\n|player|p1|kokomi36|wallace|1053\n|player|p2|D1 master|266|1043\n|teamsize|p1|6\n|teamsize|p2|6\n|gen|9\n|tier|[Gen 9] National Dex Ubers\n|rated|\n|rule|HP Percentage Mod: HP is shown in percentages\n|rule|Endless Battle Clause: Forcing endless battles is banned\n|rule|OHKO Clause: OHKO moves are banned\n|rule|Evasion Moves Clause: Evasion moves are banned\n|rule|Evasion Items Clause: Evasion items are banned\n|rule|Species Clause: Limit one of each Pok\u00e9mon\n|rule|Sleep Clause Mod: Limit one foe put to sleep\n|rule|Mega Rayquaza Clause: You cannot mega evolve Rayquaza\n|clearpoke\n|poke|p1|Blaziken, M|\n|poke|p1|Primarina, M|\n|poke|p1|Xerneas-*|\n|poke|p1|Milotic, M|\n|poke|p1|Metagross|\n|poke|p1|Gallade, M|\n|poke|p2|Infernape, M|\n|poke|p2|Aegislash, F|\n|poke|p2|Snorlax, F|\n|poke|p2|Torterra, F|\n|poke|p2|Lapras, M|\n|poke|p2|Ampharos, M|\n|teampreview\n|inactive|Battle timer is ON: inactive players will automatically lose when time's up. (requested by kokomi36)\n|\n|t:|1700517624\n|start\n|switch|p1a: Gallade|Gallade, M, shiny|100\/100\n|switch|p2a: Torterra|Torterra, F|100\/100\n|turn|1\n|\n|t:|1700517632\n|move|p1a: Gallade|Will-O-Wisp|p2a: Torterra\n|-status|p2a: Torterra|brn\n|move|p2a: Torterra|Trailblaze|p1a: Gallade\n|-damage|p1a: Gallade|74\/100\n|-boost|p2a: Torterra|spe|1\n|\n|-damage|p2a: Torterra|94\/100 brn|[from] brn\n|upkeep\n|turn|2\n|\n|t:|1700517651\n|switch|p1a: Milotic|Milotic, M|100\/100\n|move|p2a: Torterra|Earthquake|p1a: Milotic\n|-damage|p1a: Milotic|76\/100\n|\n|-damage|p2a: Torterra|88\/100 brn|[from] brn\n|upkeep\n|turn|3\n|\n|t:|1700517661\n|move|p1a: Milotic|Protect|p1a: Milotic\n|-singleturn|p1a: Milotic|Protect\n|move|p2a: Torterra|Trailblaze|p1a: Milotic\n|-activate|p1a: Milotic|move: Protect\n|\n|-damage|p2a: Torterra|82\/100 brn|[from] brn\n|upkeep\n|turn|4\n|\n|t:|1700517670\n|switch|p2a: Infernape|Infernape, M|100\/100\n|move|p1a: Milotic|Ice Beam|p2a: Infernape\n|-resisted|p2a: Infernape\n|-damage|p2a: Infernape|79\/100\n|\n|-heal|p2a: Infernape|85\/100|[from] item: Leftovers\n|upkeep\n|turn|5\n|\n|t:|1700517678\n|move|p2a: Infernape|Thunder Punch|p1a: Milotic\n|-supereffective|p1a: Milotic\n|-damage|p1a: Milotic|19\/100\n|move|p1a: Milotic|Scald|p2a: Infernape\n|-supereffective|p2a: Infernape\n|-damage|p2a: Infernape|0 fnt\n|faint|p2a: Infernape\n|\n|upkeep\n|\n|t:|1700517686\n|switch|p2a: Lapras|Lapras, M|100\/100\n|turn|6\n|\n|t:|1700517694\n|move|p1a: Milotic|Protect|p1a: Milotic\n|-singleturn|p1a: Milotic|Protect\n|move|p2a: Lapras|Freeze-Dry|p1a: Milotic\n|-activate|p1a: Milotic|move: Protect\n|\n|upkeep\n|turn|7\n|\n|t:|1700517701\n|switch|p1a: Metagross|Metagross|100\/100\n|move|p2a: Lapras|Freeze-Dry|p1a: Metagross\n|-resisted|p1a: Metagross\n|-damage|p1a: Metagross|89\/100\n|\n|upkeep\n|turn|8\n|\n|t:|1700517710\n|switch|p2a: Torterra|Torterra, F|82\/100 brn\n|move|p1a: Metagross|Meteor Mash|p2a: Torterra\n|-damage|p2a: Torterra|38\/100 brn\n|\n|-damage|p2a: Torterra|32\/100 brn|[from] brn\n|upkeep\n|turn|9\n|\n|t:|1700517718\n|move|p1a: Metagross|Zen Headbutt|p2a: Torterra\n|-damage|p2a: Torterra|0 fnt\n|faint|p2a: Torterra\n|\n|upkeep\n|\n|t:|1700517722\n|switch|p2a: Aegislash|Aegislash, F|100\/100\n|-item|p2a: Aegislash|Air Balloon\n|turn|10\n|\n|t:|1700517730\n|move|p1a: Metagross|Bullet Punch|p2a: Aegislash\n|-resisted|p2a: Aegislash\n|-damage|p2a: Aegislash|90\/100\n|-enditem|p2a: Aegislash|Air Balloon\n|-formechange|p2a: Aegislash|Aegislash-Blade||[from] ability: Stance Change\n|move|p2a: Aegislash|Shadow Sneak|p1a: Metagross\n|-supereffective|p1a: Metagross\n|-damage|p1a: Metagross|47\/100\n|\n|upkeep\n|turn|11\n|\n|t:|1700517738\n|move|p2a: Aegislash|Shadow Sneak|p1a: Metagross\n|-supereffective|p1a: Metagross\n|-damage|p1a: Metagross|6\/100\n|move|p1a: Metagross|Earthquake|p2a: Aegislash\n|-supereffective|p2a: Aegislash\n|-damage|p2a: Aegislash|0 fnt\n|faint|p2a: Aegislash\n|\n|upkeep\n|\n|t:|1700517743\n|switch|p2a: Snorlax|Snorlax, F|100\/100\n|turn|12\n|\n|t:|1700517747\n|move|p1a: Metagross|Bullet Punch|p2a: Snorlax\n|-damage|p2a: Snorlax|79\/100\n|move|p2a: Snorlax|Earthquake|p1a: Metagross\n|-supereffective|p1a: Metagross\n|-damage|p1a: Metagross|0 fnt\n|faint|p1a: Metagross\n|\n|-heal|p2a: Snorlax|85\/100|[from] item: Leftovers\n|upkeep\n|\n|t:|1700517757\n|switch|p1a: Xerneas|Xerneas|100\/100\n|-ability|p1a: Xerneas|Fairy Aura\n|turn|13\n|\n|t:|1700517770\n|-terastallize|p2a: Snorlax|Normal\n|move|p1a: Xerneas|Geomancy||[still]\n|-prepare|p1a: Xerneas|Geomancy\n|-enditem|p1a: Xerneas|Power Herb\n|-anim|p1a: Xerneas|Geomancy|p1a: Xerneas\n|-boost|p1a: Xerneas|spa|2\n|-boost|p1a: Xerneas|spd|2\n|-boost|p1a: Xerneas|spe|2\n|move|p2a: Snorlax|Body Slam|p1a: Xerneas\n|-damage|p1a: Xerneas|44\/100\n|\n|-heal|p2a: Snorlax|91\/100|[from] item: Leftovers\n|upkeep\n|turn|14\n|\n|t:|1700517781\n|-terastallize|p1a: Xerneas|Fairy\n|move|p1a: Xerneas|Moonblast|p2a: Snorlax\n|-damage|p2a: Snorlax|0 fnt\n|faint|p2a: Snorlax\n|\n|upkeep\n|\n|t:|1700517789\n|switch|p2a: Lapras|Lapras, M|100\/100\n|turn|15\n|\n|t:|1700517794\n|move|p1a: Xerneas|Moonblast|p2a: Lapras\n|-damage|p2a: Lapras|3\/100\n|move|p2a: Lapras|Freeze-Dry|p1a: Xerneas\n|-damage|p1a: Xerneas|31\/100\n|\n|upkeep\n|turn|16\n|\n|t:|1700517800\n|move|p1a: Xerneas|Moonblast|p2a: Lapras\n|-damage|p2a: Lapras|0 fnt\n|faint|p2a: Lapras\n|\n|upkeep\n|\n|t:|1700517803\n|switch|p2a: Ampharos|Ampharos, M|100\/100\n|turn|17\n|\n|t:|1700517810\n|detailschange|p2a: Ampharos|Ampharos-Mega, M\n|-mega|p2a: Ampharos|Ampharos|Ampharosite\n|-ability|p2a: Ampharos|Mold Breaker\n|move|p1a: Xerneas|Moonblast|p2a: Ampharos\n|-supereffective|p2a: Ampharos\n|-damage|p2a: Ampharos|0 fnt\n|faint|p2a: Ampharos\n|\n|win|kokomi36\n|raw|kokomi36's rating: 1053 &rarr; <strong>1084<\/strong><br \/>(+31 for winning)\n|raw|D1 master's rating: 1043 &rarr; <strong>1027<\/strong><br \/>(-16 for losing)\n|l|\u2606D1 master\n","uploadtime":1700517820,"views":4,"p1id":"kokomi36","p2id":"d1master","formatid":"gen9nationaldexubers","rating":1027,"private":0,"password":""}