{"id":"gen9nationaldexubers-2000362855","p1":"ShinyScarfy","p2":"asugamingpoke","format":"[Gen 9] National Dex Ubers","log":"|j|\u2606ShinyScarfy\n|j|\u2606asugamingpoke\n|t:|1701188438\n|gametype|singles\n|player|p1|ShinyScarfy|alec-anime|1360\n|player|p2|asugamingpoke|morty-masters2|1359\n|teamsize|p1|6\n|teamsize|p2|6\n|gen|9\n|tier|[Gen 9] National Dex Ubers\n|rated|\n|rule|HP Percentage Mod: HP is shown in percentages\n|rule|Endless Battle Clause: Forcing endless battles is banned\n|rule|OHKO Clause: OHKO moves are banned\n|rule|Evasion Moves Clause: Evasion moves are banned\n|rule|Evasion Items Clause: Evasion items are banned\n|rule|Species Clause: Limit one of each Pok\u00e9mon\n|rule|Sleep Clause Mod: Limit one foe put to sleep\n|rule|Mega Rayquaza Clause: You cannot mega evolve Rayquaza\n|clearpoke\n|poke|p1|Lugia|\n|poke|p1|Lunala|\n|poke|p1|Lucario, M|\n|poke|p1|Pheromosa|\n|poke|p1|Arceus-Fire|\n|poke|p1|Darmanitan-Galar, M|\n|poke|p2|Dragonite, M|\n|poke|p2|Zygarde|\n|poke|p2|Salamence, F|\n|poke|p2|Necrozma-Dusk-Mane|\n|poke|p2|Kyurem-Black|\n|poke|p2|Baxcalibur, F|\n|teampreview\n|inactive|Battle timer is ON: inactive players will automatically lose when time's up. (requested by ShinyScarfy)\n|\n|t:|1701188446\n|start\n|switch|p1a: Pheromosa|Pheromosa, shiny|100\/100\n|switch|p2a: porunga?|Dragonite, M|100\/100\n|turn|1\n|\n|t:|1701188459\n|move|p1a: Pheromosa|Triple Axel|p2a: porunga?\n|-supereffective|p2a: porunga?\n|-damage|p2a: porunga?|83\/100\n|-enditem|p2a: porunga?|Weakness Policy\n|-boost|p2a: porunga?|atk|2|[from] item: Weakness Policy\n|-boost|p2a: porunga?|spa|2|[from] item: Weakness Policy\n|-supereffective|p2a: porunga?\n|-damage|p2a: porunga?|11\/100\n|-supereffective|p2a: porunga?\n|-damage|p2a: porunga?|0 fnt\n|faint|p2a: porunga?\n|-ability|p1a: Pheromosa|Beast Boost|boost\n|-boost|p1a: Pheromosa|atk|1\n|-hitcount|p2: porunga?|3\n|\n|upkeep\n|\n|t:|1701188465\n|switch|p2a: supa porunga|Baxcalibur, F|100\/100\n|turn|2\n|\n|t:|1701188473\n|switch|p2a: salaman|Salamence, F|100\/100\n|-ability|p2a: salaman|Intimidate|boost\n|-unboost|p1a: Pheromosa|atk|1\n|move|p1a: Pheromosa|Triple Axel|p2a: salaman\n|-supereffective|p2a: salaman\n|-damage|p2a: salaman|61\/100\n|-supereffective|p2a: salaman\n|-damage|p2a: salaman|0 fnt\n|faint|p2a: salaman\n|-ability|p1a: Pheromosa|Beast Boost|boost\n|-boost|p1a: Pheromosa|atk|1\n|-hitcount|p2: salaman|2\n|\n|upkeep\n|\n|t:|1701188480\n|switch|p2a: michael jackson|Necrozma-Dusk-Mane|100\/100\n|turn|3\n|\n|t:|1701188490\n|switch|p1a: Arceus|Arceus-Fire|100\/100\n|move|p2a: michael jackson|Dragon Dance|p2a: michael jackson\n|-boost|p2a: michael jackson|atk|1\n|-boost|p2a: michael jackson|spe|1\n|\n|upkeep\n|turn|4\n|\n|t:|1701188498\n|detailschange|p2a: michael jackson|Necrozma-Ultra\n|-burst|p2a: michael jackson|Necrozma|Ultranecrozium Z\n|move|p2a: michael jackson|Earthquake|p1a: Arceus\n|-supereffective|p1a: Arceus\n|-damage|p1a: Arceus|0 fnt\n|faint|p1a: Arceus\n|\n|upkeep\n|\n|t:|1701188519\n|switch|p1a: Lunala|Lunala, shiny|100\/100\n|turn|5\n|\n|t:|1701188528\n|-terastallize|p1a: Lunala|Fairy\n|move|p2a: michael jackson|Sunsteel Strike|p1a: Lunala\n|-supereffective|p1a: Lunala\n|-damage|p1a: Lunala|16\/100\n|move|p1a: Lunala|Agility|p1a: Lunala\n|-boost|p1a: Lunala|spe|2\n|\n|upkeep\n|turn|6\n|\n|t:|1701188534\n|move|p1a: Lunala|Moongeist Beam|p2a: michael jackson\n|-supereffective|p2a: michael jackson\n|-damage|p2a: michael jackson|0 fnt\n|faint|p2a: michael jackson\n|\n|upkeep\n|\n|t:|1701188544\n|switch|p2a: ice ice baby|Kyurem-Black|100\/100\n|-ability|p2a: ice ice baby|Teravolt\n|turn|7\n|\n|t:|1701188547\n|move|p1a: Lunala|Moonblast|p2a: ice ice baby\n|-supereffective|p2a: ice ice baby\n|-damage|p2a: ice ice baby|0 fnt\n|faint|p2a: ice ice baby\n|\n|upkeep\n|\n|t:|1701188549\n|switch|p2a: mega dunsparce|Zygarde|100\/100\n|turn|8\n|\n|t:|1701188554\n|-terastallize|p2a: mega dunsparce|Steel\n|move|p1a: Lunala|Moonblast|p2a: mega dunsparce\n|-resisted|p2a: mega dunsparce\n|-damage|p2a: mega dunsparce|74\/100\n|move|p2a: mega dunsparce|Thousand Arrows|p1a: Lunala\n|-damage|p1a: Lunala|0 fnt\n|faint|p1a: Lunala\n|\n|-heal|p2a: mega dunsparce|80\/100|[from] item: Leftovers\n|upkeep\n|\n|t:|1701188561\n|switch|p1a: Pheromosa|Pheromosa, shiny|100\/100\n|turn|9\n|\n|t:|1701188568\n|move|p1a: Pheromosa|Close Combat|p2a: mega dunsparce\n|-supereffective|p2a: mega dunsparce\n|-damage|p2a: mega dunsparce|0 fnt\n|-unboost|p1a: Pheromosa|def|1\n|-unboost|p1a: Pheromosa|spd|1\n|faint|p2a: mega dunsparce\n|-ability|p1a: Pheromosa|Beast Boost|boost\n|-boost|p1a: Pheromosa|atk|1\n|\n|upkeep\n|-message|asugamingpoke forfeited.\n|\n|win|ShinyScarfy\n|raw|ShinyScarfy's rating: 1360 &rarr; <strong>1380<\/strong><br \/>(+20 for winning)\n|raw|asugamingpoke's rating: 1359 &rarr; <strong>1339<\/strong><br \/>(-20 for losing)\n|l|\u2606asugamingpoke\n","uploadtime":1701188584,"views":4,"p1id":"shinyscarfy","p2id":"asugamingpoke","formatid":"gen9nationaldexubers","rating":1339,"private":0,"password":""}