{"id":"gen9nationaldexubers-1980852279","p1":"tulenisthebest1","p2":"Techvast","format":"[Gen 9] National Dex Ubers","log":"|j|\u2606tulenisthebest1\n|j|\u2606Techvast\n|t:|1698842410\n|gametype|singles\n|player|p1|tulenisthebest1|170|1140\n|player|p2|Techvast|pilot|1186\n|teamsize|p1|6\n|teamsize|p2|6\n|gen|9\n|tier|[Gen 9] National Dex Ubers\n|rated|\n|rule|HP Percentage Mod: HP is shown in percentages\n|rule|Endless Battle Clause: Forcing endless battles is banned\n|rule|OHKO Clause: OHKO moves are banned\n|rule|Evasion Moves Clause: Evasion moves are banned\n|rule|Evasion Items Clause: Evasion items are banned\n|rule|Species Clause: Limit one of each Pok\u00e9mon\n|rule|Sleep Clause Mod: Limit one foe put to sleep\n|rule|Mega Rayquaza Clause: You cannot mega evolve Rayquaza\n|clearpoke\n|poke|p1|Gliscor, F|\n|poke|p1|Kingambit, M|\n|poke|p1|Meowscarada, F|\n|poke|p1|Grimmsnarl, M|\n|poke|p1|Manectric, M|\n|poke|p1|Dragonite, M|\n|poke|p2|Volcarona, F|\n|poke|p2|Ferrothorn, F|\n|poke|p2|Sableye, F|\n|poke|p2|Rotom-Wash|\n|poke|p2|Dragapult, F|\n|poke|p2|Toxapex, M|\n|teampreview\n|\n|t:|1698842417\n|start\n|switch|p1a: Grimmsnarl|Grimmsnarl, M|100\/100\n|switch|p2a: Dragapult|Dragapult, F|100\/100\n|turn|1\n|\n|t:|1698842444\n|switch|p2a: Ferrothorn|Ferrothorn, F|100\/100\n|move|p1a: Grimmsnarl|Taunt|p2a: Ferrothorn\n|-start|p2a: Ferrothorn|move: Taunt\n|\n|upkeep\n|turn|2\n|\n|t:|1698842465\n|switch|p1a: Manectric|Manectric, M|100\/100\n|switch|p2a: Volcarona|Volcarona, F|100\/100\n|\n|upkeep\n|turn|3\n|\n|t:|1698842492\n|detailschange|p1a: Manectric|Manectric-Mega, M\n|-mega|p1a: Manectric|Manectric|Manectite\n|-ability|p1a: Manectric|Intimidate|boost\n|-unboost|p2a: Volcarona|atk|1\n|move|p1a: Manectric|Flamethrower|p2a: Volcarona\n|-damage|p2a: Volcarona|72\/100\n|move|p2a: Volcarona|Quiver Dance|p2a: Volcarona\n|-boost|p2a: Volcarona|spa|1\n|-boost|p2a: Volcarona|spd|1\n|-boost|p2a: Volcarona|spe|1\n|\n|upkeep\n|turn|4\n|\n|t:|1698842516\n|move|p2a: Volcarona|Quiver Dance|p2a: Volcarona\n|-boost|p2a: Volcarona|spa|1\n|-boost|p2a: Volcarona|spd|1\n|-boost|p2a: Volcarona|spe|1\n|move|p1a: Manectric|Volt Switch|p2a: Volcarona\n|-damage|p2a: Volcarona|55\/100\n|\n|t:|1698842522\n|switch|p1a: Kingambit|Kingambit, M|100\/100|[from] Volt Switch\n|\n|upkeep\n|turn|5\n|\n|t:|1698842527\n|move|p1a: Kingambit|Sucker Punch|p2a: Volcarona\n|-damage|p2a: Volcarona|6\/100\n|move|p2a: Volcarona|Flamethrower|p1a: Kingambit\n|-supereffective|p1a: Kingambit\n|-damage|p1a: Kingambit|0 fnt\n|faint|p1a: Kingambit\n|\n|upkeep\n|\n|t:|1698842544\n|switch|p1a: Dragonite|Dragonite, M|100\/100\n|turn|6\n|\n|t:|1698842551\n|move|p2a: Volcarona|Roost|p2a: Volcarona\n|-heal|p2a: Volcarona|56\/100\n|-singleturn|p2a: Volcarona|move: Roost\n|move|p1a: Dragonite|Dragon Claw|p2a: Volcarona\n|-damage|p2a: Volcarona|10\/100\n|\n|upkeep\n|turn|7\n|\n|t:|1698842569\n|move|p2a: Volcarona|Roost|p2a: Volcarona\n|-heal|p2a: Volcarona|61\/100\n|-singleturn|p2a: Volcarona|move: Roost\n|move|p1a: Dragonite|Dragon Dance|p1a: Dragonite\n|-boost|p1a: Dragonite|atk|1\n|-boost|p1a: Dragonite|spe|1\n|\n|upkeep\n|turn|8\n|\n|t:|1698842577\n|-terastallize|p2a: Volcarona|Fairy\n|move|p2a: Volcarona|Tera Blast|p1a: Dragonite|[anim] Tera Blast Fairy\n|-supereffective|p1a: Dragonite\n|-damage|p1a: Dragonite|44\/100\n|move|p1a: Dragonite|Dragon Claw|p2a: Volcarona\n|-immune|p2a: Volcarona\n|\n|-heal|p1a: Dragonite|50\/100|[from] item: Leftovers\n|upkeep\n|turn|9\n|\n|t:|1698842597\n|move|p2a: Volcarona|Tera Blast|p1a: Dragonite|[anim] Tera Blast Fairy\n|-supereffective|p1a: Dragonite\n|-damage|p1a: Dragonite|0 fnt\n|faint|p1a: Dragonite\n|\n|upkeep\n|l|\u2606tulenisthebest1\n|player|p1|\n|inactive|Battle timer is ON: inactive players will automatically lose when time's up. (requested by Techvast)\n|j|\u2606tulenisthebest1\n|inactive|tulenisthebest1 reconnected and has 150 seconds left.\n|player|p1|tulenisthebest1|170\n|\n|t:|1698842661\n|switch|p1a: Meowscarada|Meowscarada, F|100\/100\n|turn|10\n|l|\u2606tulenisthebest1\n|inactive|tulenisthebest1 disconnected and has a minute to reconnect!\n|player|p1|\n|j|\u2606tulenisthebest1\n|inactive|tulenisthebest1 reconnected and has 135 seconds left.\n|player|p1|tulenisthebest1|170\n|\n|t:|1698842691\n|move|p2a: Volcarona|Flamethrower|p1a: Meowscarada\n|-supereffective|p1a: Meowscarada\n|-crit|p1a: Meowscarada\n|-damage|p1a: Meowscarada|0 fnt\n|faint|p1a: Meowscarada\n|\n|upkeep\n|\n|t:|1698842699\n|switch|p1a: Gliscor|Gliscor, F|100\/100\n|turn|11\n|\n|t:|1698842725\n|move|p2a: Volcarona|Tera Blast|p1a: Gliscor|[anim] Tera Blast Fairy\n|-damage|p1a: Gliscor|9\/100\n|move|p1a: Gliscor|Toxic|p2a: Volcarona\n|-status|p2a: Volcarona|tox\n|\n|-damage|p2a: Volcarona|54\/100 tox|[from] psn\n|-status|p1a: Gliscor|tox|[from] item: Toxic Orb\n|upkeep\n|turn|12\n|\n|t:|1698842733\n|move|p1a: Gliscor|Protect|p1a: Gliscor\n|-singleturn|p1a: Gliscor|Protect\n|move|p2a: Volcarona|Flamethrower|p1a: Gliscor\n|-activate|p1a: Gliscor|move: Protect\n|\n|-damage|p2a: Volcarona|42\/100 tox|[from] psn\n|-heal|p1a: Gliscor|21\/100 tox|[from] ability: Poison Heal\n|upkeep\n|turn|13\n|\n|t:|1698842742\n|move|p2a: Volcarona|Flamethrower|p1a: Gliscor\n|-damage|p1a: Gliscor|0 fnt\n|faint|p1a: Gliscor\n|\n|-damage|p2a: Volcarona|24\/100 tox|[from] psn\n|upkeep\n|\n|t:|1698842750\n|switch|p1a: Grimmsnarl|Grimmsnarl, M|100\/100\n|turn|14\n|\n|t:|1698842753\n|move|p2a: Volcarona|Roost|p2a: Volcarona\n|-heal|p2a: Volcarona|74\/100 tox\n|move|p1a: Grimmsnarl|Thief|p2a: Volcarona\n|-resisted|p2a: Volcarona\n|-damage|p2a: Volcarona|58\/100 tox\n|\n|-damage|p2a: Volcarona|33\/100 tox|[from] psn\n|upkeep\n|turn|15\n|\n|t:|1698842770\n|move|p1a: Grimmsnarl|Taunt|p2a: Volcarona\n|-start|p2a: Volcarona|move: Taunt\n|move|p2a: Volcarona|Tera Blast|p1a: Grimmsnarl|[anim] Tera Blast Fairy\n|-supereffective|p1a: Grimmsnarl\n|-damage|p1a: Grimmsnarl|0 fnt\n|faint|p1a: Grimmsnarl\n|\n|-damage|p2a: Volcarona|2\/100 tox|[from] psn\n|upkeep\n|\n|t:|1698842789\n|switch|p1a: Manectric|Manectric-Mega, M|100\/100\n|-ability|p1a: Manectric|Intimidate|boost\n|-unboost|p2a: Volcarona|atk|1\n|turn|16\n|l|\u2606tulenisthebest1\n|inactive|tulenisthebest1 disconnected and has a minute to reconnect!\n|player|p1|\n|\n|t:|1698842816\n|move|p2a: Volcarona|Tera Blast|p1a: Manectric|[anim] Tera Blast Fairy\n|-damage|p1a: Manectric|0 fnt\n|faint|p1a: Manectric\n|\n|win|Techvast\n|raw|tulenisthebest1's rating: 1140 &rarr; <strong>1118<\/strong><br \/>(-22 for losing)\n|raw|Techvast's rating: 1186 &rarr; <strong>1208<\/strong><br \/>(+22 for winning)\n","uploadtime":1698842822,"views":14,"p1id":"tulenisthebest1","p2id":"techvast","formatid":"gen9nationaldexubers","rating":1118,"private":0,"password":""}