{"id":"gen9nationaldexubers-1985878631","p1":"Foopus Muhammad","p2":"Scywave","format":"[Gen 9] National Dex Ubers","log":"|j|\u2606Foopus Muhammad\n|j|\u2606Scywave\n|t:|1699416588\n|gametype|singles\n|player|p1|Foopus Muhammad|worker-gen4|\n|player|p2|Scywave|leon|\n|teamsize|p1|6\n|teamsize|p2|6\n|gen|9\n|tier|[Gen 9] National Dex Ubers\n|rule|HP Percentage Mod: HP is shown in percentages\n|rule|Endless Battle Clause: Forcing endless battles is banned\n|rule|OHKO Clause: OHKO moves are banned\n|rule|Evasion Moves Clause: Evasion moves are banned\n|rule|Evasion Items Clause: Evasion items are banned\n|rule|Species Clause: Limit one of each Pok\u00e9mon\n|rule|Sleep Clause Mod: Limit one foe put to sleep\n|rule|Mega Rayquaza Clause: You cannot mega evolve Rayquaza\n|clearpoke\n|poke|p1|Necrozma-Dawn-Wings|\n|poke|p1|Tapu Koko|\n|poke|p1|Porygon2|\n|poke|p1|Palkia|\n|poke|p1|Raichu-Alola, F|\n|poke|p1|Tangrowth, F|\n|poke|p2|Mewtwo|\n|poke|p2|Bisharp, F|\n|poke|p2|Iron Valiant|\n|poke|p2|Rotom-Wash|\n|poke|p2|Garchomp, M|\n|poke|p2|Genesect|\n|teampreview\n|j| omg real exe\n|\n|t:|1699416662\n|start\n|switch|p1a: Porygon2|Porygon2|100\/100\n|switch|p2a: Bisharp|Bisharp, F|100\/100\n|-ability|p1a: Porygon2|Defiant|[from] ability: Trace|[of] p2a: Bisharp\n|turn|1\n|\n|t:|1699416680\n|switch|p1a: Tangrowth|Tangrowth, F|100\/100\n|move|p2a: Bisharp|Knock Off|p1a: Tangrowth\n|-damage|p1a: Tangrowth|71\/100\n|-damage|p2a: Bisharp|84\/100|[from] item: Rocky Helmet|[of] p1a: Tangrowth\n|-enditem|p1a: Tangrowth|Rocky Helmet|[from] move: Knock Off|[of] p2a: Bisharp\n|\n|upkeep\n|turn|2\n|\n|t:|1699416698\n|switch|p2a: Garchomp|Garchomp, M|100\/100\n|move|p1a: Tangrowth|Stun Spore|p2a: Garchomp\n|-status|p2a: Garchomp|par\n|\n|upkeep\n|turn|3\n|\n|t:|1699416706\n|switch|p1a: Porygon2|Porygon2|100\/100\n|-ability|p1a: Porygon2|Rough Skin|[from] ability: Trace|[of] p2a: Garchomp\n|move|p2a: Garchomp|Stealth Rock|p1a: Porygon2\n|-sidestart|p1: Foopus Muhammad|move: Stealth Rock\n|\n|upkeep\n|turn|4\n|\n|t:|1699416718\n|-terastallize|p1a: Porygon2|Fairy\n|move|p2a: Garchomp|Spikes|p1a: Porygon2\n|-sidestart|p1: Foopus Muhammad|Spikes\n|move|p1a: Porygon2|Teleport|p1a: Porygon2\n|\n|t:|1699416752\n|switch|p1a: Palkia|Palkia|100\/100|[from] Teleport\n|-damage|p1a: Palkia|88\/100|[from] Stealth Rock\n|-damage|p1a: Palkia|76\/100|[from] Spikes\n|-ability|p1a: Palkia|Pressure\n|\n|upkeep\n|turn|5\n|\n|t:|1699416765\n|move|p1a: Palkia|Surf|p2a: Garchomp\n|-damage|p2a: Garchomp|54\/100 par\n|cant|p2a: Garchomp|par\n|\n|upkeep\n|turn|6\n|\n|t:|1699416771\n|move|p1a: Palkia|Surf|p2a: Garchomp\n|-damage|p2a: Garchomp|3\/100 par\n|move|p2a: Garchomp|Earth Power|p1a: Palkia\n|-damage|p1a: Palkia|42\/100\n|\n|upkeep\n|turn|7\n|\n|t:|1699416776\n|move|p1a: Palkia|Surf|p2a: Garchomp\n|-damage|p2a: Garchomp|0 fnt\n|faint|p2a: Garchomp\n|\n|upkeep\n|\n|t:|1699416797\n|switch|p2a: Rotom|Rotom-Wash|100\/100\n|turn|8\n|\n|t:|1699416804\n|switch|p1a: Tangrowth|Tangrowth, F|100\/100\n|-damage|p1a: Tangrowth|88\/100|[from] Stealth Rock\n|-damage|p1a: Tangrowth|76\/100|[from] Spikes\n|move|p2a: Rotom|Volt Switch|p1a: Tangrowth\n|-resisted|p1a: Tangrowth\n|-crit|p1a: Tangrowth\n|-damage|p1a: Tangrowth|52\/100\n|\n|t:|1699416820\n|switch|p2a: Genesect|Genesect|100\/100|[from] Volt Switch\n|-ability|p2a: Genesect|Download|boost\n|-boost|p2a: Genesect|spa|1\n|\n|upkeep\n|turn|9\n|\n|t:|1699416829\n|switch|p1a: Porygon2|Porygon2, tera:Fairy|100\/100\n|-damage|p1a: Porygon2|88\/100|[from] Stealth Rock\n|-damage|p1a: Porygon2|76\/100|[from] Spikes\n|-ability|p1a: Porygon2|Download|boost\n|-boost|p1a: Porygon2|atk|1\n|-ability|p1a: Porygon2|Download|[from] ability: Trace|[of] p2a: Genesect\n|move|p2a: Genesect|U-turn|p1a: Porygon2\n|-resisted|p1a: Porygon2\n|-damage|p1a: Porygon2|67\/100\n|\n|t:|1699416836\n|switch|p2a: Bisharp|Bisharp, F|84\/100|[from] U-turn\n|\n|upkeep\n|turn|10\n|\n|t:|1699416850\n|switch|p1a: Raichu|Raichu-Alola, F|100\/100\n|-damage|p1a: Raichu|88\/100|[from] Stealth Rock\n|-damage|p1a: Raichu|76\/100|[from] Spikes\n|move|p2a: Bisharp|Iron Head|p1a: Raichu\n|-resisted|p1a: Raichu\n|-damage|p1a: Raichu|30\/100\n|\n|upkeep\n|turn|11\n|\n|t:|1699416870\n|switch|p2a: Rotom|Rotom-Wash|100\/100\n|move|p1a: Raichu|Nasty Plot|p1a: Raichu\n|-boost|p1a: Raichu|spa|2\n|\n|upkeep\n|turn|12\n|\n|t:|1699416881\n|-zpower|p1a: Raichu\n|move|p1a: Raichu|Stoked Sparksurfer|p2a: Rotom|[zeffect]\n|-damage|p2a: Rotom|0 fnt\n|faint|p2a: Rotom\n|\n|upkeep\n|\n|t:|1699416888\n|switch|p2a: Iron Valiant|Iron Valiant|100\/100\n|-enditem|p2a: Iron Valiant|Booster Energy\n|-activate|p2a: Iron Valiant|ability: Quark Drive|[fromitem]\n|-start|p2a: Iron Valiant|quarkdrivespe\n|turn|13\n|\n|t:|1699416910\n|switch|p1a: Porygon2|Porygon2, tera:Fairy|67\/100\n|-damage|p1a: Porygon2|55\/100|[from] Stealth Rock\n|-damage|p1a: Porygon2|43\/100|[from] Spikes\n|move|p2a: Iron Valiant|Moonblast|p1a: Porygon2\n|-damage|p1a: Porygon2|22\/100\n|\n|upkeep\n|turn|14\n|\n|t:|1699416922\n|move|p2a: Iron Valiant|Taunt|p1a: Porygon2\n|-start|p1a: Porygon2|move: Taunt\n|cant|p1a: Porygon2|move: Taunt|Recover\n|\n|upkeep\n|turn|15\n|\n|t:|1699416925\n|move|p2a: Iron Valiant|Moonblast|p1a: Porygon2\n|-damage|p1a: Porygon2|0 fnt\n|faint|p1a: Porygon2\n|\n|upkeep\n|c|\u2606Foopus Muhammad|shit ass useless fucking magic coat porygon\n|\n|t:|1699416944\n|switch|p1a: Tapu Koko|Tapu Koko|100\/100\n|-fieldstart|move: Electric Terrain|[from] ability: Electric Surge|[of] p1a: Tapu Koko\n|turn|16\n|\n|t:|1699416959\n|move|p2a: Iron Valiant|Moonblast|p1a: Tapu Koko\n|-damage|p1a: Tapu Koko|31\/100\n|move|p1a: Tapu Koko|Dazzling Gleam|p2a: Iron Valiant\n|-supereffective|p2a: Iron Valiant\n|-damage|p2a: Iron Valiant|0 fnt\n|faint|p2a: Iron Valiant\n|-end|p2a: Iron Valiant|Quark Drive|[silent]\n|\n|upkeep\n|\n|t:|1699416964\n|switch|p2a: Bisharp|Bisharp, F|84\/100\n|turn|17\n|c|\u2606Foopus Muhammad|useless milf really doesnt have calm mind\n|c|\u2606Scywave|Wait fuck I Misclicked so hard\n|\n|t:|1699416994\n|switch|p1a: Raichu|Raichu-Alola, F|30\/100\n|-damage|p1a: Raichu|18\/100|[from] Stealth Rock\n|-damage|p1a: Raichu|6\/100|[from] Spikes\n|switch|p2a: Genesect|Genesect|100\/100\n|-ability|p2a: Genesect|Download|boost\n|-boost|p2a: Genesect|atk|1\n|\n|upkeep\n|turn|18\n|\n|t:|1699417016\n|move|p1a: Raichu|Thunderbolt|p2a: Genesect\n|-damage|p2a: Genesect|64\/100\n|move|p2a: Genesect|Light Screen|p2a: Genesect\n|-sidestart|p2: Scywave|move: Light Screen\n|\n|upkeep\n|turn|19\n|\n|t:|1699417054\n|move|p1a: Raichu|Encore|p2a: Genesect\n|-start|p2a: Genesect|Encore\n|move|p2a: Genesect|Light Screen||[still]\n|-fail|p2a: Genesect\n|\n|upkeep\n|turn|20\n|\n|t:|1699417061\n|switch|p2a: Bisharp|Bisharp, F|84\/100\n|move|p1a: Raichu|Nasty Plot|p1a: Raichu\n|-boost|p1a: Raichu|spa|2\n|\n|-fieldend|move: Electric Terrain\n|upkeep\n|turn|21\n|\n|t:|1699417074\n|move|p2a: Bisharp|Sucker Punch|p1a: Raichu\n|-supereffective|p1a: Raichu\n|-damage|p1a: Raichu|0 fnt\n|faint|p1a: Raichu\n|\n|upkeep\n|\n|t:|1699417106\n|switch|p1a: Tangrowth|Tangrowth, F|85\/100\n|-damage|p1a: Tangrowth|72\/100|[from] Stealth Rock\n|-damage|p1a: Tangrowth|60\/100|[from] Spikes\n|turn|22\n|\n|t:|1699417111\n|switch|p2a: Genesect|Genesect|64\/100\n|-ability|p2a: Genesect|Download|boost\n|-boost|p2a: Genesect|spa|1\n|move|p1a: Tangrowth|Leech Seed|p2a: Genesect\n|-start|p2a: Genesect|move: Leech Seed\n|\n|-damage|p2a: Genesect|51\/100|[from] Leech Seed|[of] p1a: Tangrowth\n|-heal|p1a: Tangrowth|71\/100|[silent]\n|upkeep\n|turn|23\n|\n|t:|1699417125\n|move|p2a: Genesect|Reflect|p2a: Genesect\n|-sidestart|p2: Scywave|Reflect\n|move|p1a: Tangrowth|Knock Off|p2a: Genesect\n|-damage|p2a: Genesect|39\/100\n|-enditem|p2a: Genesect|Light Clay|[from] move: Knock Off|[of] p1a: Tangrowth\n|\n|-damage|p2a: Genesect|27\/100|[from] Leech Seed|[of] p1a: Tangrowth\n|-heal|p1a: Tangrowth|81\/100|[silent]\n|upkeep\n|turn|24\n|\n|t:|1699417134\n|move|p2a: Genesect|U-turn|p1a: Tangrowth\n|-supereffective|p1a: Tangrowth\n|-damage|p1a: Tangrowth|52\/100\n|\n|t:|1699417136\n|switch|p2a: Bisharp|Bisharp, F|84\/100|[from] U-turn\n|move|p1a: Tangrowth|Stun Spore|p2a: Bisharp\n|-status|p2a: Bisharp|par\n|\n|upkeep\n|turn|25\n|\n|t:|1699417143\n|switch|p2a: Genesect|Genesect|27\/100\n|-ability|p2a: Genesect|Download|boost\n|-boost|p2a: Genesect|spa|1\n|move|p1a: Tangrowth|Leech Seed|p2a: Genesect\n|-start|p2a: Genesect|move: Leech Seed\n|\n|-damage|p2a: Genesect|14\/100|[from] Leech Seed|[of] p1a: Tangrowth\n|-heal|p1a: Tangrowth|62\/100|[silent]\n|-sideend|p2: Scywave|move: Light Screen\n|upkeep\n|turn|26\n|\n|t:|1699417160\n|move|p2a: Genesect|Light Screen|p2a: Genesect\n|-sidestart|p2: Scywave|move: Light Screen\n|move|p1a: Tangrowth|Knock Off|p2a: Genesect\n|-crit|p2a: Genesect\n|-damage|p2a: Genesect|0 fnt\n|faint|p2a: Genesect\n|\n|upkeep\n|\n|t:|1699417165\n|switch|p2a: Mewtwo|Mewtwo|100\/100\n|-ability|p2a: Mewtwo|Pressure\n|turn|27\n|\n|t:|1699417170\n|move|p2a: Mewtwo|Substitute|p2a: Mewtwo\n|-start|p2a: Mewtwo|Substitute\n|-damage|p2a: Mewtwo|75\/100\n|move|p1a: Tangrowth|Knock Off|p2a: Mewtwo\n|-supereffective|p2a: Mewtwo\n|-activate|p2a: Mewtwo|move: Substitute|[damage]\n|\n|-heal|p2a: Mewtwo|82\/100|[from] item: Leftovers\n|upkeep\n|turn|28\n|\n|t:|1699417185\n|switch|p1a: Tapu Koko|Tapu Koko|31\/100\n|-fieldstart|move: Electric Terrain|[from] ability: Electric Surge|[of] p1a: Tapu Koko\n|move|p2a: Mewtwo|Calm Mind|p2a: Mewtwo\n|-boost|p2a: Mewtwo|spa|1\n|-boost|p2a: Mewtwo|spd|1\n|\n|-heal|p2a: Mewtwo|88\/100|[from] item: Leftovers\n|upkeep\n|turn|29\n|\n|t:|1699417205\n|move|p1a: Tapu Koko|Thunderbolt|p2a: Mewtwo\n|-end|p2a: Mewtwo|Substitute\n|move|p2a: Mewtwo|Barrier|p2a: Mewtwo\n|-boost|p2a: Mewtwo|def|2\n|\n|-heal|p2a: Mewtwo|94\/100|[from] item: Leftovers\n|upkeep\n|turn|30\n|\n|t:|1699417223\n|move|p1a: Tapu Koko|Defog|p2a: Mewtwo\n|-unboost|p2a: Mewtwo|evasion|1\n|-sideend|p2: Scywave|Reflect\n|-sideend|p2: Scywave|move: Light Screen\n|-sideend|p1: Foopus Muhammad|Spikes|[from] move: Defog|[of] p1a: Tapu Koko\n|-sideend|p1: Foopus Muhammad|Stealth Rock|[from] move: Defog|[of] p1a: Tapu Koko\n|-fieldend|move: Electric Terrain\n|move|p2a: Mewtwo|Substitute|p2a: Mewtwo\n|-start|p2a: Mewtwo|Substitute\n|-damage|p2a: Mewtwo|69\/100\n|\n|-heal|p2a: Mewtwo|75\/100|[from] item: Leftovers\n|upkeep\n|turn|31\n|\n|t:|1699417231\n|switch|p1a: Necrozma|Necrozma-Dawn-Wings|100\/100\n|move|p2a: Mewtwo|Calm Mind|p2a: Mewtwo\n|-boost|p2a: Mewtwo|spa|1\n|-boost|p2a: Mewtwo|spd|1\n|\n|-heal|p2a: Mewtwo|82\/100|[from] item: Leftovers\n|upkeep\n|turn|32\n|\n|t:|1699417239\n|move|p2a: Mewtwo|Stored Power|p1a: Necrozma\n|-resisted|p1a: Necrozma\n|-damage|p1a: Necrozma|49\/100\n|move|p1a: Necrozma|Swords Dance|p1a: Necrozma\n|-boost|p1a: Necrozma|atk|2\n|\n|-heal|p2a: Mewtwo|88\/100|[from] item: Leftovers\n|upkeep\n|turn|33\n|\n|t:|1699417245\n|move|p2a: Mewtwo|Stored Power|p1a: Necrozma\n|-resisted|p1a: Necrozma\n|-damage|p1a: Necrozma|0 fnt\n|faint|p1a: Necrozma\n|\n|-heal|p2a: Mewtwo|94\/100|[from] item: Leftovers\n|upkeep\n|c|\u2606Foopus Muhammad|necrozma u are truly useless\n|\n|t:|1699417277\n|switch|p1a: Tapu Koko|Tapu Koko|31\/100\n|-fieldstart|move: Electric Terrain|[from] ability: Electric Surge|[of] p1a: Tapu Koko\n|turn|34\n|\n|t:|1699417293\n|move|p1a: Tapu Koko|Thunderbolt|p2a: Mewtwo\n|-activate|p2a: Mewtwo|move: Substitute|[damage]\n|move|p2a: Mewtwo|Stored Power|p1a: Tapu Koko\n|-damage|p1a: Tapu Koko|0 fnt\n|faint|p1a: Tapu Koko\n|\n|-heal|p2a: Mewtwo|100\/100|[from] item: Leftovers\n|upkeep\n|\n|t:|1699417299\n|switch|p1a: Palkia|Palkia|42\/100\n|-ability|p1a: Palkia|Pressure\n|turn|35\n|\n|t:|1699417301\n|move|p1a: Palkia|Spacial Rend|p2a: Mewtwo\n|-end|p2a: Mewtwo|Substitute\n|move|p2a: Mewtwo|Stored Power|p1a: Palkia\n|-damage|p1a: Palkia|0 fnt\n|faint|p1a: Palkia\n|\n|upkeep\n|\n|t:|1699417304\n|switch|p1a: Tangrowth|Tangrowth, F|96\/100\n|turn|36\n|\n|t:|1699417307\n|move|p2a: Mewtwo|Stored Power|p1a: Tangrowth\n|-damage|p1a: Tangrowth|0 fnt\n|faint|p1a: Tangrowth\n|\n|win|Scywave\n","uploadtime":1699417311,"views":52,"p1id":"foopusmuhammad","p2id":"scywave","formatid":"gen9nationaldexubers","rating":0,"private":0,"password":""}