{"id":"gen9nationaldexubers-1984294058","p1":"m444rf","p2":"ColdSobaNoodle","format":"[Gen 9] National Dex Ubers","log":"|j|\u2606m444rf\n|j|\u2606ColdSobaNoodle\n|t:|1699240046\n|gametype|singles\n|player|p1|m444rf|1|\n|player|p2|ColdSobaNoodle|cynthia|\n|teamsize|p1|6\n|teamsize|p2|6\n|gen|9\n|tier|[Gen 9] National Dex Ubers\n|rule|HP Percentage Mod: HP is shown in percentages\n|rule|Endless Battle Clause: Forcing endless battles is banned\n|rule|OHKO Clause: OHKO moves are banned\n|rule|Evasion Moves Clause: Evasion moves are banned\n|rule|Evasion Items Clause: Evasion items are banned\n|rule|Species Clause: Limit one of each Pok\u00e9mon\n|rule|Sleep Clause Mod: Limit one foe put to sleep\n|rule|Mega Rayquaza Clause: You cannot mega evolve Rayquaza\n|clearpoke\n|poke|p1|Dragapult, F|\n|poke|p1|Moltres|\n|poke|p1|Glimmet, M|\n|poke|p1|Rotom-Mow|\n|poke|p1|Great Tusk|\n|poke|p1|Slowking, M|\n|poke|p2|Absol, M|\n|poke|p2|Ninetales-Alola, F|\n|poke|p2|Zygarde-10%|\n|poke|p2|Corviknight, M|\n|poke|p2|Torterra, F|\n|poke|p2|Delphox, F|\n|teampreview\n|j| Lunar Sloth\n|j| Smackey_5\n|j| MiniBearGrahams\n|j| Demolution545\n|j| Keaton_fgc\n|\n|t:|1699240104\n|start\n|switch|p1a: Glimmet|Glimmet, M|100\/100\n|switch|p2a: \u767d\u6fa4|Absol, M|100\/100\n|turn|1\n|\n|t:|1699240112\n|switch|p1a: Great Tusk|Great Tusk|100\/100\n|detailschange|p2a: \u767d\u6fa4|Absol-Mega, M\n|-mega|p2a: \u767d\u6fa4|Absol|Absolite\n|move|p2a: \u767d\u6fa4|Close Combat|p1a: Great Tusk\n|-damage|p1a: Great Tusk|77\/100\n|-unboost|p2a: \u767d\u6fa4|def|1\n|-unboost|p2a: \u767d\u6fa4|spd|1\n|\n|-heal|p1a: Great Tusk|83\/100|[from] item: Leftovers\n|upkeep\n|turn|2\n|j| VoIteon\n|\n|t:|1699240135\n|switch|p2a: \u7a32\u8377|Ninetales-Alola, F, shiny|100\/100\n|-weather|Snow|[from] ability: Snow Warning|[of] p2a: \u7a32\u8377\n|move|p1a: Great Tusk|Brick Break|p2a: \u7a32\u8377\n|-damage|p2a: \u7a32\u8377|74\/100\n|\n|-weather|Snow|[upkeep]\n|-heal|p1a: Great Tusk|89\/100|[from] item: Leftovers\n|upkeep\n|turn|3\n|\n|t:|1699240144\n|-end|p1a: Great Tusk|Protosynthesis|[silent]\n|switch|p1a: Moltres|Moltres|100\/100\n|-ability|p1a: Moltres|Pressure\n|move|p2a: \u7a32\u8377|Freeze-Dry|p1a: Moltres\n|-damage|p1a: Moltres|74\/100\n|\n|-weather|Snow|[upkeep]\n|-heal|p1a: Moltres|80\/100|[from] item: Leftovers\n|upkeep\n|turn|4\n|\n|t:|1699240154\n|move|p2a: \u7a32\u8377|Aurora Veil|p2a: \u7a32\u8377\n|-sidestart|p2: ColdSobaNoodle|move: Aurora Veil\n|move|p1a: Moltres|Flamethrower|p2a: \u7a32\u8377\n|-supereffective|p2a: \u7a32\u8377\n|-damage|p2a: \u7a32\u8377|32\/100\n|\n|-weather|Snow|[upkeep]\n|-heal|p1a: Moltres|86\/100|[from] item: Leftovers\n|upkeep\n|turn|5\n|\n|t:|1699240160\n|switch|p2a: \u8cdc\u7269|Delphox, F, shiny|100\/100\n|move|p1a: Moltres|U-turn|p2a: \u8cdc\u7269\n|-damage|p2a: \u8cdc\u7269|90\/100\n|\n|t:|1699240162\n|switch|p1a: Dragapult|Dragapult, F|100\/100|[from] U-turn\n|\n|-weather|Snow|[upkeep]\n|upkeep\n|turn|6\n|\n|t:|1699240172\n|switch|p2a: \u767d\u6fa4|Absol-Mega, M|100\/100\n|move|p1a: Dragapult|Shadow Ball|p2a: \u767d\u6fa4\n|-resisted|p2a: \u767d\u6fa4\n|-damage|p2a: \u767d\u6fa4|55\/100\n|-unboost|p2a: \u767d\u6fa4|spd|1\n|\n|-weather|none\n|upkeep\n|turn|7\n|\n|t:|1699240178\n|-activate|p1a: Dragapult|move: Pursuit\n|move|p2a: \u767d\u6fa4|Pursuit|p1a: Dragapult|[from]Pursuit\n|-supereffective|p1a: Dragapult\n|-damage|p1a: Dragapult|0 fnt\n|faint|p1a: Dragapult\n|-hint|A Pokemon can't switch between when it runs out of HP and when it faints\n|\n|upkeep\n|\n|t:|1699240184\n|switch|p1a: Great Tusk|Great Tusk|89\/100\n|turn|8\n|\n|t:|1699240194\n|switch|p2a: Rook|Corviknight, M, shiny|100\/100\n|-ability|p2a: Rook|Pressure\n|move|p1a: Great Tusk|Brick Break|p2a: Rook\n|-sideend|p2: ColdSobaNoodle|move: Aurora Veil\n|-damage|p2a: Rook|81\/100\n|-damage|p1a: Great Tusk|73\/100|[from] item: Rocky Helmet|[of] p2a: Rook\n|\n|-heal|p1a: Great Tusk|79\/100|[from] item: Leftovers\n|upkeep\n|turn|9\n|c| Smackey_5|Uh oh\n|\n|t:|1699240212\n|-end|p1a: Great Tusk|Protosynthesis|[silent]\n|switch|p1a: Glimmet|Glimmet, M|100\/100\n|move|p2a: Rook|U-turn|p1a: Glimmet\n|-resisted|p1a: Glimmet\n|-damage|p1a: Glimmet|80\/100\n|-activate|p1a: Glimmet|ability: Toxic Debris\n|-sidestart|p2: ColdSobaNoodle|move: Toxic Spikes\n|\n|t:|1699240220\n|switch|p2a: \u8cdc\u7269|Delphox, F, shiny|90\/100|[from] U-turn\n|-status|p2a: \u8cdc\u7269|psn\n|\n|-damage|p2a: \u8cdc\u7269|78\/100 psn|[from] psn\n|upkeep\n|turn|10\n|\n|t:|1699240225\n|move|p2a: \u8cdc\u7269|Wish|p2a: \u8cdc\u7269\n|move|p1a: Glimmet|Stealth Rock|p2a: \u8cdc\u7269\n|-sidestart|p2: ColdSobaNoodle|move: Stealth Rock\n|\n|-damage|p2a: \u8cdc\u7269|65\/100 psn|[from] psn\n|upkeep\n|turn|11\n|\n|t:|1699240236\n|switch|p1a: Moltres|Moltres|86\/100\n|-ability|p1a: Moltres|Pressure\n|move|p2a: \u8cdc\u7269|Will-O-Wisp|p1a: Moltres\n|-immune|p1a: Moltres\n|\n|-heal|p2a: \u8cdc\u7269|100\/100 psn|[from] move: Wish|[wisher] \u8cdc\u7269\n|-heal|p1a: Moltres|92\/100|[from] item: Leftovers\n|-damage|p2a: \u8cdc\u7269|88\/100 psn|[from] psn\n|upkeep\n|turn|12\n|\n|t:|1699240240\n|move|p2a: \u8cdc\u7269|Wish|p2a: \u8cdc\u7269\n|move|p1a: Moltres|U-turn|p2a: \u8cdc\u7269\n|-damage|p2a: \u8cdc\u7269|66\/100 psn\n|\n|t:|1699240245\n|switch|p1a: Glimmet|Glimmet, M|80\/100|[from] U-turn\n|\n|-damage|p2a: \u8cdc\u7269|53\/100 psn|[from] psn\n|upkeep\n|turn|13\n|\n|t:|1699240247\n|switch|p2a: \u7a32\u8377|Ninetales-Alola, F, shiny|32\/100\n|-status|p2a: \u7a32\u8377|psn\n|-damage|p2a: \u7a32\u8377|8\/100 psn|[from] Stealth Rock\n|-weather|Snow|[from] ability: Snow Warning|[of] p2a: \u7a32\u8377\n|switch|p1a: Moltres|Moltres|92\/100\n|-ability|p1a: Moltres|Pressure\n|\n|-weather|Snow|[upkeep]\n|-heal|p2a: \u7a32\u8377|54\/100 psn|[from] move: Wish|[wisher] \u8cdc\u7269\n|-heal|p1a: Moltres|99\/100|[from] item: Leftovers\n|-damage|p2a: \u7a32\u8377|42\/100 psn|[from] psn\n|upkeep\n|turn|14\n|\n|t:|1699240252\n|move|p2a: \u7a32\u8377|Aurora Veil|p2a: \u7a32\u8377\n|-sidestart|p2: ColdSobaNoodle|move: Aurora Veil\n|move|p1a: Moltres|Flamethrower|p2a: \u7a32\u8377\n|-supereffective|p2a: \u7a32\u8377\n|-damage|p2a: \u7a32\u8377|3\/100 psn\n|\n|-weather|Snow|[upkeep]\n|-heal|p1a: Moltres|100\/100|[from] item: Leftovers\n|-damage|p2a: \u7a32\u8377|0 fnt|[from] psn\n|faint|p2a: \u7a32\u8377\n|upkeep\n|\n|t:|1699240261\n|switch|p2a: Rook|Corviknight, M, shiny|81\/100\n|-damage|p2a: Rook|68\/100|[from] Stealth Rock\n|-ability|p2a: Rook|Pressure\n|turn|15\n|\n|t:|1699240263\n|move|p1a: Moltres|Flamethrower|p2a: Rook\n|-supereffective|p2a: Rook\n|-damage|p2a: Rook|31\/100\n|move|p2a: Rook|Defog|p1a: Moltres\n|-unboost|p1a: Moltres|evasion|1\n|-sideend|p2: ColdSobaNoodle|Toxic Spikes|[from] move: Defog|[of] p2a: Rook\n|-sideend|p2: ColdSobaNoodle|Stealth Rock|[from] move: Defog|[of] p2a: Rook\n|\n|-weather|Snow|[upkeep]\n|upkeep\n|turn|16\n|\n|t:|1699240272\n|move|p1a: Moltres|Flamethrower|p2a: Rook\n|-supereffective|p2a: Rook\n|-damage|p2a: Rook|0 fnt\n|faint|p2a: Rook\n|\n|-weather|Snow|[upkeep]\n|upkeep\n|\n|t:|1699240275\n|switch|p2a: Minecraft|Torterra, F|100\/100\n|turn|17\n|\n|t:|1699240279\n|-terastallize|p2a: Minecraft|Fire\n|move|p1a: Moltres|Will-O-Wisp|p2a: Minecraft|[miss]\n|-miss|p1a: Moltres|p2a: Minecraft\n|move|p2a: Minecraft|Shell Smash|p2a: Minecraft\n|-unboost|p2a: Minecraft|def|1\n|-unboost|p2a: Minecraft|spd|1\n|-boost|p2a: Minecraft|atk|2\n|-boost|p2a: Minecraft|spa|2\n|-boost|p2a: Minecraft|spe|2\n|\n|-weather|none\n|upkeep\n|turn|18\n|\n|t:|1699240291\n|switch|p1a: Glimmet|Glimmet, M|80\/100\n|move|p2a: Minecraft|Shell Smash|p2a: Minecraft\n|-unboost|p2a: Minecraft|def|1\n|-unboost|p2a: Minecraft|spd|1\n|-boost|p2a: Minecraft|atk|2\n|-boost|p2a: Minecraft|spa|2\n|-boost|p2a: Minecraft|spe|2\n|\n|upkeep\n|turn|19\n|c| Lunar Sloth|whew\n|\n|t:|1699240303\n|move|p2a: Minecraft|Bullet Seed|p1a: Glimmet\n|-damage|p1a: Glimmet|0 fnt\n|-activate|p1a: Glimmet|ability: Toxic Debris\n|-sidestart|p2: ColdSobaNoodle|move: Toxic Spikes\n|faint|p1a: Glimmet\n|-hitcount|p1: Glimmet|1\n|\n|upkeep\n|c| VoIteon|its over\n|c|\u2606m444rf|erm\n|\n|t:|1699240320\n|switch|p1a: Great Tusk|Great Tusk|79\/100\n|turn|20\n|\n|t:|1699240326\n|-terastallize|p1a: Great Tusk|Fire\n|move|p2a: Minecraft|Bullet Seed|p1a: Great Tusk\n|-resisted|p1a: Great Tusk\n|-damage|p1a: Great Tusk|70\/100\n|-resisted|p1a: Great Tusk\n|-damage|p1a: Great Tusk|61\/100\n|-resisted|p1a: Great Tusk\n|-damage|p1a: Great Tusk|51\/100\n|-resisted|p1a: Great Tusk\n|-crit|p1a: Great Tusk\n|-damage|p1a: Great Tusk|37\/100\n|-hitcount|p1a: Great Tusk|4\n|move|p1a: Great Tusk|Brick Break|p2a: Minecraft\n|-sideend|p2: ColdSobaNoodle|move: Aurora Veil\n|-damage|p2a: Minecraft|33\/100\n|\n|-heal|p1a: Great Tusk|43\/100|[from] item: Leftovers\n|upkeep\n|turn|21\n|\n|t:|1699240340\n|move|p2a: Minecraft|Rock Blast|p1a: Great Tusk\n|-supereffective|p1a: Great Tusk\n|-damage|p1a: Great Tusk|21\/100\n|-supereffective|p1a: Great Tusk\n|-damage|p1a: Great Tusk|0 fnt\n|faint|p1a: Great Tusk\n|-end|p1a: Great Tusk|Protosynthesis|[silent]\n|-hitcount|p1: Great Tusk|2\n|\n|upkeep\n|\n|t:|1699240353\n|switch|p1a: Rotom|Rotom-Mow|100\/100\n|turn|22\n|\n|t:|1699240355\n|move|p2a: Minecraft|Tera Blast|p1a: Rotom|[anim] Tera Blast Fire\n|-supereffective|p1a: Rotom\n|-damage|p1a: Rotom|0 fnt\n|faint|p1a: Rotom\n|\n|upkeep\n|\n|t:|1699240357\n|switch|p1a: Moltres|Moltres|100\/100\n|-ability|p1a: Moltres|Pressure\n|turn|23\n|\n|t:|1699240364\n|move|p2a: Minecraft|Rock Blast|p1a: Moltres\n|-supereffective|p1a: Moltres\n|-damage|p1a: Moltres|28\/100\n|-supereffective|p1a: Moltres\n|-damage|p1a: Moltres|0 fnt\n|faint|p1a: Moltres\n|-hitcount|p1: Moltres|2\n|\n|upkeep\n|\n|t:|1699240365\n|switch|p1a: Slowking|Slowking, M|100\/100\n|turn|24\n|\n|t:|1699240372\n|move|p2a: Minecraft|Bullet Seed|p1a: Slowking\n|-supereffective|p1a: Slowking\n|-damage|p1a: Slowking|25\/100\n|-supereffective|p1a: Slowking\n|-damage|p1a: Slowking|0 fnt\n|faint|p1a: Slowking\n|-hitcount|p1: Slowking|2\n|\n|win|ColdSobaNoodle\n|c|\u2606ColdSobaNoodle|HOLY\n|l| MiniBearGrahams\n|c|\u2606ColdSobaNoodle|ggs\n|c| Smackey_5|Xan first game!\n|c|\u2606ColdSobaNoodle|MY FIRST W\n|l| Keaton_fgc\n","uploadtime":1699240395,"views":5,"p1id":"m444rf","p2id":"coldsobanoodle","formatid":"gen9nationaldexubers","rating":0,"private":0,"password":""}