{"id":"gen9nationaldexubers-1989943102","p1":"Levi200","p2":"yzeetgnuy","format":"[Gen 9] National Dex Ubers","log":"|j|\u2606Levi200\n|j|\u2606yzeetgnuy\n|t:|1699908809\n|gametype|singles\n|player|p1|Levi200|266|1042\n|player|p2|yzeetgnuy|burglar|1086\n|teamsize|p1|6\n|teamsize|p2|6\n|gen|9\n|tier|[Gen 9] National Dex Ubers\n|rated|\n|rule|HP Percentage Mod: HP is shown in percentages\n|rule|Endless Battle Clause: Forcing endless battles is banned\n|rule|OHKO Clause: OHKO moves are banned\n|rule|Evasion Moves Clause: Evasion moves are banned\n|rule|Evasion Items Clause: Evasion items are banned\n|rule|Species Clause: Limit one of each Pok\u00e9mon\n|rule|Sleep Clause Mod: Limit one foe put to sleep\n|rule|Mega Rayquaza Clause: You cannot mega evolve Rayquaza\n|clearpoke\n|poke|p1|Lugia|\n|poke|p1|Lopunny, F|\n|poke|p1|Lokix, M|\n|poke|p1|Lilligant-Hisui, F|\n|poke|p1|Leafeon, M|\n|poke|p1|Latios, M|\n|poke|p2|Volcarona, M|\n|poke|p2|Orbeetle, F|\n|poke|p2|Komala, M|\n|poke|p2|Zacian-*|\n|poke|p2|Iron Leaves|\n|poke|p2|Spidops, F|\n|teampreview\n|\n|t:|1699908813\n|start\n|switch|p1a: Latios|Latios, M|100\/100\n|switch|p2a: Spidops|Spidops, F|100\/100\n|turn|1\n|\n|t:|1699908822\n|move|p1a: Latios|Magic Coat|p1a: Latios\n|-singleturn|p1a: Latios|move: Magic Coat\n|move|p2a: Spidops|Sticky Web|p1a: Latios\n|move|p1a: Latios|Sticky Web|p2a: Spidops|[from]Magic Coat\n|-sidestart|p2: yzeetgnuy|move: Sticky Web\n|\n|upkeep\n|turn|2\n|\n|t:|1699908842\n|move|p1a: Latios|Sunny Day|p1a: Latios\n|-weather|SunnyDay\n|move|p2a: Spidops|Sticky Web|p1a: Latios\n|-sidestart|p1: Levi200|move: Sticky Web\n|\n|-weather|SunnyDay|[upkeep]\n|upkeep\n|turn|3\n|\n|t:|1699908849\n|move|p1a: Latios|Draco Meteor|p2a: Spidops\n|-damage|p2a: Spidops|25\/100\n|-unboost|p1a: Latios|spa|2\n|move|p2a: Spidops|Circle Throw|p1a: Latios\n|-resisted|p1a: Latios\n|-damage|p1a: Latios|94\/100\n|drag|p1a: Lokix|Lokix, M|100\/100\n|-activate|p1a: Lokix|move: Sticky Web\n|-unboost|p1a: Lokix|spe|1\n|\n|-weather|SunnyDay|[upkeep]\n|upkeep\n|turn|4\n|\n|t:|1699908859\n|move|p1a: Lokix|Knock Off|p2a: Spidops\n|-damage|p2a: Spidops|0 fnt\n|-enditem|p2a: Spidops|Weakness Policy|[from] move: Knock Off|[of] p1a: Lokix\n|faint|p2a: Spidops\n|\n|-weather|SunnyDay|[upkeep]\n|upkeep\n|\n|t:|1699908868\n|switch|p2a: Volcarona|Volcarona, M|100\/100\n|-activate|p2a: Volcarona|move: Sticky Web\n|-unboost|p2a: Volcarona|spe|1\n|turn|5\n|\n|t:|1699908873\n|move|p2a: Volcarona|Quiver Dance|p2a: Volcarona\n|-boost|p2a: Volcarona|spa|1\n|-boost|p2a: Volcarona|spd|1\n|-boost|p2a: Volcarona|spe|1\n|move|p1a: Lokix|Knock Off|p2a: Volcarona\n|-damage|p2a: Volcarona|0 fnt\n|-enditem|p2a: Volcarona|Leftovers|[from] move: Knock Off|[of] p1a: Lokix\n|faint|p2a: Volcarona\n|\n|-weather|SunnyDay|[upkeep]\n|upkeep\n|-message|yzeetgnuy forfeited.\n|\n|win|Levi200\n|raw|Levi200's rating: 1042 &rarr; <strong>1080<\/strong><br \/>(+38 for winning)\n|raw|yzeetgnuy's rating: 1086 &rarr; <strong>1060<\/strong><br \/>(-26 for losing)\n|l|\u2606yzeetgnuy\n","uploadtime":1699908902,"views":7,"p1id":"levi200","p2id":"yzeetgnuy","formatid":"gen9nationaldexubers","rating":1060,"private":0,"password":""}