{"id":"gen9nationaldexubers-1994199504","p1":"SKELETON-SKS","p2":"Tudedude_cooldude","format":"[Gen 9] National Dex Ubers","log":"|j|\u2606SKELETON-SKS\n|j|\u2606Tudedude_cooldude\n|t:|1700418104\n|gametype|singles\n|player|p1|SKELETON-SKS|hiker-gen4|\n|player|p2|Tudedude_cooldude|2|\n|teamsize|p1|6\n|teamsize|p2|6\n|gen|9\n|tier|[Gen 9] National Dex Ubers\n|rule|HP Percentage Mod: HP is shown in percentages\n|rule|Endless Battle Clause: Forcing endless battles is banned\n|rule|OHKO Clause: OHKO moves are banned\n|rule|Evasion Moves Clause: Evasion moves are banned\n|rule|Evasion Items Clause: Evasion items are banned\n|rule|Species Clause: Limit one of each Pok\u00e9mon\n|rule|Sleep Clause Mod: Limit one foe put to sleep\n|rule|Mega Rayquaza Clause: You cannot mega evolve Rayquaza\n|clearpoke\n|poke|p1|Ursaluna-Bloodmoon, M|\n|poke|p1|Great Tusk|\n|poke|p1|Ninetales-Alola, M|\n|poke|p1|Cloyster, M|\n|poke|p1|Clodsire, F|\n|poke|p1|Sandy Shocks|\n|poke|p2|Suicune|\n|poke|p2|Walrein, M|\n|poke|p2|Skarmory, F|\n|poke|p2|Infernape, M|\n|poke|p2|Clefairy, F|\n|poke|p2|Serperior, M|\n|teampreview\n|j| Ibitak\n|j| The23rdPower\n|c| Ibitak|clefairy cook\n|\n|t:|1700418159\n|start\n|switch|p1a: \ud835\udc20\ud835\udc1a\ud835\udc32 \ud835\udc1f\ud835\udc28\ud835\udc31|Ninetales-Alola, M, shiny|100\/100\n|switch|p2a: Chamsey|Clefairy, F|100\/100\n|-weather|Snow|[from] ability: Snow Warning|[of] p1a: \ud835\udc20\ud835\udc1a\ud835\udc32 \ud835\udc1f\ud835\udc28\ud835\udc31\n|turn|1\n|j| superoinge22\n|\n|t:|1700418173\n|move|p1a: \ud835\udc20\ud835\udc1a\ud835\udc32 \ud835\udc1f\ud835\udc28\ud835\udc31|Aurora Veil|p1a: \ud835\udc20\ud835\udc1a\ud835\udc32 \ud835\udc1f\ud835\udc28\ud835\udc31\n|-sidestart|p1: SKELETON-SKS|move: Aurora Veil\n|move|p2a: Chamsey|Brick Break|p1a: \ud835\udc20\ud835\udc1a\ud835\udc32 \ud835\udc1f\ud835\udc28\ud835\udc31\n|-sideend|p1: SKELETON-SKS|move: Aurora Veil\n|-damage|p1a: \ud835\udc20\ud835\udc1a\ud835\udc32 \ud835\udc1f\ud835\udc28\ud835\udc31|91\/100\n|\n|-weather|Snow|[upkeep]\n|upkeep\n|turn|2\n|j| goobiathan\n|j| mostgoodX\n|j| danbultheman\n|c| superoinge22|Brick break clefairy W\n|c| danbultheman|owned\n|\n|t:|1700418192\n|move|p1a: \ud835\udc20\ud835\udc1a\ud835\udc32 \ud835\udc1f\ud835\udc28\ud835\udc31|Encore|p2a: Chamsey\n|-start|p2a: Chamsey|Encore\n|move|p2a: Chamsey|Brick Break|p1a: \ud835\udc20\ud835\udc1a\ud835\udc32 \ud835\udc1f\ud835\udc28\ud835\udc31\n|-damage|p1a: \ud835\udc20\ud835\udc1a\ud835\udc32 \ud835\udc1f\ud835\udc28\ud835\udc31|83\/100\n|\n|-weather|Snow|[upkeep]\n|upkeep\n|turn|3\n|c| mostgoodX|oh damn\n|c| danbultheman|forgor that gacha and tude traded serp and rilla\n|\n|t:|1700418221\n|switch|p1a: \u0299\u1d1c\u1d1b\u1d1b\u1d00\u029c \u1d05\u1d00\u1d21\u0262|Clodsire, F|100\/100\n|move|p2a: Chamsey|Brick Break|p1a: \u0299\u1d1c\u1d1b\u1d1b\u1d00\u029c \u1d05\u1d00\u1d21\u0262\n|-resisted|p1a: \u0299\u1d1c\u1d1b\u1d1b\u1d00\u029c \u1d05\u1d00\u1d21\u0262\n|-damage|p1a: \u0299\u1d1c\u1d1b\u1d1b\u1d00\u029c \u1d05\u1d00\u1d21\u0262|95\/100\n|\n|-weather|Snow|[upkeep]\n|-heal|p1a: \u0299\u1d1c\u1d1b\u1d1b\u1d00\u029c \u1d05\u1d00\u1d21\u0262|100\/100|[from] item: Leftovers\n|upkeep\n|turn|4\n|j| BigHabibi1629\n|c| BigHabibi1629|let him cook\n|\n|t:|1700418262\n|switch|p2a: otter|Walrein, M|100\/100\n|move|p1a: \u0299\u1d1c\u1d1b\u1d1b\u1d00\u029c \u1d05\u1d00\u1d21\u0262|Stealth Rock|p2a: otter\n|-sidestart|p2: Tudedude_cooldude|move: Stealth Rock\n|\n|-weather|Snow|[upkeep]\n|upkeep\n|turn|5\n|\n|t:|1700418281\n|switch|p1a: \ud835\udc20\ud835\udc1a\ud835\udc32 \ud835\udc1f\ud835\udc28\ud835\udc31|Ninetales-Alola, M, shiny|83\/100\n|move|p2a: otter|Curse|p2a: otter\n|-unboost|p2a: otter|spe|1\n|-boost|p2a: otter|atk|1\n|-boost|p2a: otter|def|1\n|\n|-weather|Snow|[upkeep]\n|upkeep\n|turn|6\n|c| Ibitak|ayo\n|c| mostgoodX|You have got to be kidding me\n|c| BigHabibi1629|let bro cook\n|\n|t:|1700418324\n|move|p1a: \ud835\udc20\ud835\udc1a\ud835\udc32 \ud835\udc1f\ud835\udc28\ud835\udc31|Encore|p2a: otter\n|-start|p2a: otter|Encore\n|move|p2a: otter|Curse|p2a: otter\n|-unboost|p2a: otter|spe|1\n|-boost|p2a: otter|atk|1\n|-boost|p2a: otter|def|1\n|\n|-weather|Snow|[upkeep]\n|upkeep\n|turn|7\n|c| mostgoodX|He can have the damn kitchen\n|c|\u2606SKELETON-SKS|never let it be said that i cant cook\n|\n|t:|1700418351\n|switch|p2a: Chamsey|Clefairy, F|100\/100\n|move|p1a: \ud835\udc20\ud835\udc1a\ud835\udc32 \ud835\udc1f\ud835\udc28\ud835\udc31|Aurora Veil|p1a: \ud835\udc20\ud835\udc1a\ud835\udc32 \ud835\udc1f\ud835\udc28\ud835\udc31\n|-sidestart|p1: SKELETON-SKS|move: Aurora Veil\n|\n|-weather|Snow|[upkeep]\n|upkeep\n|turn|8\n|\n|t:|1700418358\n|switch|p1a: \u0299\u1d1c\u1d1b\u1d1b\u1d00\u029c \u1d05\u1d00\u1d21\u0262|Clodsire, F|100\/100\n|move|p2a: Chamsey|Brick Break|p1a: \u0299\u1d1c\u1d1b\u1d1b\u1d00\u029c \u1d05\u1d00\u1d21\u0262\n|-sideend|p1: SKELETON-SKS|move: Aurora Veil\n|-resisted|p1a: \u0299\u1d1c\u1d1b\u1d1b\u1d00\u029c \u1d05\u1d00\u1d21\u0262\n|-damage|p1a: \u0299\u1d1c\u1d1b\u1d1b\u1d00\u029c \u1d05\u1d00\u1d21\u0262|95\/100\n|\n|-weather|none\n|-heal|p1a: \u0299\u1d1c\u1d1b\u1d1b\u1d00\u029c \u1d05\u1d00\u1d21\u0262|100\/100|[from] item: Leftovers\n|upkeep\n|turn|9\n|l| superoinge22\n|\n|t:|1700418384\n|switch|p2a: Wyvern|Skarmory, F|100\/100\n|-damage|p2a: Wyvern|88\/100|[from] Stealth Rock\n|move|p1a: \u0299\u1d1c\u1d1b\u1d1b\u1d00\u029c \u1d05\u1d00\u1d21\u0262|Toxic|p2a: Wyvern\n|-immune|p2a: Wyvern\n|\n|upkeep\n|turn|10\n|c| mostgoodX|now this is a fight\n|\n|t:|1700418405\n|switch|p1a: \u0271\u03b5\u01ad\u0266 \u0271\u03b1\u0e23\u01ad\u03b5\u0ae8|Sandy Shocks|100\/100\n|-enditem|p1a: \u0271\u03b5\u01ad\u0266 \u0271\u03b1\u0e23\u01ad\u03b5\u0ae8|Booster Energy\n|-activate|p1a: \u0271\u03b5\u01ad\u0266 \u0271\u03b1\u0e23\u01ad\u03b5\u0ae8|ability: Protosynthesis|[fromitem]\n|-start|p1a: \u0271\u03b5\u01ad\u0266 \u0271\u03b1\u0e23\u01ad\u03b5\u0ae8|protosynthesisspe\n|move|p2a: Wyvern|Defog|p1a: \u0271\u03b5\u01ad\u0266 \u0271\u03b1\u0e23\u01ad\u03b5\u0ae8\n|-unboost|p1a: \u0271\u03b5\u01ad\u0266 \u0271\u03b1\u0e23\u01ad\u03b5\u0ae8|evasion|1\n|-sideend|p2: Tudedude_cooldude|Stealth Rock|[from] move: Defog|[of] p2a: Wyvern\n|\n|upkeep\n|turn|11\n|j| superoinge22\n|c| danbultheman|defog skarm\n|c| mostgoodX|damn meth master with the new font\n|c| BigHabibi1629|gordan ramsey\n|\n|t:|1700418448\n|switch|p2a: Emboar >>>>>>>>|Serperior, M|100\/100\n|move|p1a: \u0271\u03b5\u01ad\u0266 \u0271\u03b1\u0e23\u01ad\u03b5\u0ae8|Spikes|p2a: Emboar >>>>>>>>\n|-sidestart|p2: Tudedude_cooldude|Spikes\n|\n|upkeep\n|turn|12\n|\n|t:|1700418460\n|-terastallize|p1a: \u0271\u03b5\u01ad\u0266 \u0271\u03b1\u0e23\u01ad\u03b5\u0ae8|Ice\n|move|p2a: Emboar >>>>>>>>|Light Screen|p2a: Emboar >>>>>>>>\n|-sidestart|p2: Tudedude_cooldude|move: Light Screen\n|move|p1a: \u0271\u03b5\u01ad\u0266 \u0271\u03b1\u0e23\u01ad\u03b5\u0ae8|Tera Blast|p2a: Emboar >>>>>>>>|[anim] Tera Blast Ice\n|-supereffective|p2a: Emboar >>>>>>>>\n|-damage|p2a: Emboar >>>>>>>>|52\/100\n|\n|upkeep\n|turn|13\n|c| mostgoodX|oh bro nvm please kill him skele\n|c| danbultheman|WHAT\n|c| BigHabibi1629|LET BRO COOK\n|c| mostgoodX|HUH\n|c| BigHabibi1629|THE GOAT\n|c| danbultheman|im not gonna say it\n|c| danbultheman|im just so confused\n|l| superoinge22\n|c| goobiathan|Emboar >\n|\n|t:|1700418522\n|switch|p2a: noodle boy|Infernape, M|100\/100\n|-damage|p2a: noodle boy|88\/100|[from] Spikes\n|move|p1a: \u0271\u03b5\u01ad\u0266 \u0271\u03b1\u0e23\u01ad\u03b5\u0ae8|Tera Blast|p2a: noodle boy|[anim] Tera Blast Ice\n|-resisted|p2a: noodle boy\n|-damage|p2a: noodle boy|75\/100\n|\n|upkeep\n|turn|14\n|l| mostgoodX\n|c| Ibitak|noodle\n|\n|t:|1700418565\n|-end|p1a: \u0271\u03b5\u01ad\u0266 \u0271\u03b1\u0e23\u01ad\u03b5\u0ae8|Protosynthesis|[silent]\n|switch|p1a: \u0299\u1d1c\u1d1b\u1d1b\u1d00\u029c \u1d05\u1d00\u1d21\u0262|Clodsire, F|100\/100\n|move|p2a: noodle boy|Fire Punch|p1a: \u0299\u1d1c\u1d1b\u1d1b\u1d00\u029c \u1d05\u1d00\u1d21\u0262\n|-damage|p1a: \u0299\u1d1c\u1d1b\u1d1b\u1d00\u029c \u1d05\u1d00\u1d21\u0262|36\/100\n|\n|-heal|p1a: \u0299\u1d1c\u1d1b\u1d1b\u1d00\u029c \u1d05\u1d00\u1d21\u0262|43\/100|[from] item: Leftovers\n|upkeep\n|turn|15\n|j| mostgoodX\n|c|\u2606SKELETON-SKS|guhhh\n|j| superoinge22\n|c|\u2606SKELETON-SKS|autism be damned that monkey can punch\n|c|\u2606Tudedude_cooldude|noodle got them guns man\n|\n|t:|1700418603\n|move|p2a: noodle boy|Fire Punch|p1a: \u0299\u1d1c\u1d1b\u1d1b\u1d00\u029c \u1d05\u1d00\u1d21\u0262\n|-damage|p1a: \u0299\u1d1c\u1d1b\u1d1b\u1d00\u029c \u1d05\u1d00\u1d21\u0262|0 fnt\n|faint|p1a: \u0299\u1d1c\u1d1b\u1d1b\u1d00\u029c \u1d05\u1d00\u1d21\u0262\n|\n|upkeep\n|\n|t:|1700418611\n|switch|p1a: s\u1d00\u1d0d \u029c\u028f\u1d05\u1d07|Great Tusk|100\/100\n|-enditem|p1a: s\u1d00\u1d0d \u029c\u028f\u1d05\u1d07|Booster Energy\n|-activate|p1a: s\u1d00\u1d0d \u029c\u028f\u1d05\u1d07|ability: Protosynthesis|[fromitem]\n|-start|p1a: s\u1d00\u1d0d \u029c\u028f\u1d05\u1d07|protosynthesisspe\n|turn|16\n|c|\u2606SKELETON-SKS|ok\n|c|\u2606SKELETON-SKS|its gaming time\n|c|\u2606SKELETON-SKS|*in extremely god voice* fuk u\n|\n|t:|1700418654\n|switch|p2a: Wyvern|Skarmory, F|88\/100\n|move|p1a: s\u1d00\u1d0d \u029c\u028f\u1d05\u1d07|Earthquake|p2a: Wyvern\n|-immune|p2a: Wyvern\n|\n|-sideend|p2: Tudedude_cooldude|move: Light Screen\n|upkeep\n|turn|17\n|c| mostgoodX|By god is that the crypto guy\n|\n|t:|1700418685\n|-end|p1a: s\u1d00\u1d0d \u029c\u028f\u1d05\u1d07|Protosynthesis|[silent]\n|switch|p1a: \u0271\u03b5\u01ad\u0266 \u0271\u03b1\u0e23\u01ad\u03b5\u0ae8|Sandy Shocks, tera:Ice|100\/100\n|move|p2a: Wyvern|Defog|p1a: \u0271\u03b5\u01ad\u0266 \u0271\u03b1\u0e23\u01ad\u03b5\u0ae8\n|-unboost|p1a: \u0271\u03b5\u01ad\u0266 \u0271\u03b1\u0e23\u01ad\u03b5\u0ae8|evasion|1\n|-sideend|p2: Tudedude_cooldude|Spikes|[from] move: Defog|[of] p2a: Wyvern\n|\n|upkeep\n|turn|18\n|l| The23rdPower\n|\n|t:|1700418709\n|switch|p2a: noodle boy|Infernape, M|75\/100\n|move|p1a: \u0271\u03b5\u01ad\u0266 \u0271\u03b1\u0e23\u01ad\u03b5\u0ae8|Earth Power|p2a: noodle boy\n|-supereffective|p2a: noodle boy\n|-damage|p2a: noodle boy|0 fnt\n|faint|p2a: noodle boy\n|\n|upkeep\n|c| mostgoodX|oh\n|c| Ibitak|owned\n|c| superoinge22|Well played skele\n|c|\u2606SKELETON-SKS|get that chimp outta here\n|c| mostgoodX|NOODLE NOOO\n|\n|t:|1700418746\n|switch|p2a: Emboar >>>>>>>>|Serperior, M|52\/100\n|turn|19\n|\n|t:|1700418751\n|move|p2a: Emboar >>>>>>>>|Leaf Storm|p1a: \u0271\u03b5\u01ad\u0266 \u0271\u03b1\u0e23\u01ad\u03b5\u0ae8\n|-damage|p1a: \u0271\u03b5\u01ad\u0266 \u0271\u03b1\u0e23\u01ad\u03b5\u0ae8|48\/100\n|-boost|p2a: Emboar >>>>>>>>|spa|2\n|move|p1a: \u0271\u03b5\u01ad\u0266 \u0271\u03b1\u0e23\u01ad\u03b5\u0ae8|Tera Blast|p2a: Emboar >>>>>>>>|[anim] Tera Blast Ice\n|-supereffective|p2a: Emboar >>>>>>>>\n|-damage|p2a: Emboar >>>>>>>>|0 fnt\n|faint|p2a: Emboar >>>>>>>>\n|\n|upkeep\n|c|\u2606SKELETON-SKS|me when i kill u\n|c| superoinge22|Only 1 pokemon can save tude.\n|c|\u2606SKELETON-SKS|meth and its consequences have been a disaster for pokekind\n|\n|t:|1700418817\n|switch|p2a: Chamsey|Clefairy, F|100\/100\n|turn|20\n|j| The23rdPower\n|c| mostgoodX|I do not see assault vest Giratina alter\n|\n|t:|1700418832\n|move|p1a: \u0271\u03b5\u01ad\u0266 \u0271\u03b1\u0e23\u01ad\u03b5\u0ae8|Spikes|p2a: Chamsey\n|-sidestart|p2: Tudedude_cooldude|Spikes\n|move|p2a: Chamsey|Toxic|p1a: \u0271\u03b5\u01ad\u0266 \u0271\u03b1\u0e23\u01ad\u03b5\u0ae8\n|-status|p1a: \u0271\u03b5\u01ad\u0266 \u0271\u03b1\u0e23\u01ad\u03b5\u0ae8|tox\n|\n|-damage|p1a: \u0271\u03b5\u01ad\u0266 \u0271\u03b1\u0e23\u01ad\u03b5\u0ae8|42\/100 tox|[from] psn\n|upkeep\n|turn|21\n|\n|t:|1700418839\n|move|p1a: \u0271\u03b5\u01ad\u0266 \u0271\u03b1\u0e23\u01ad\u03b5\u0ae8|Spikes|p2a: Chamsey\n|-sidestart|p2: Tudedude_cooldude|Spikes\n|move|p2a: Chamsey|Stealth Rock|p1a: \u0271\u03b5\u01ad\u0266 \u0271\u03b1\u0e23\u01ad\u03b5\u0ae8\n|-sidestart|p1: SKELETON-SKS|move: Stealth Rock\n|\n|-damage|p1a: \u0271\u03b5\u01ad\u0266 \u0271\u03b1\u0e23\u01ad\u03b5\u0ae8|30\/100 tox|[from] psn\n|upkeep\n|turn|22\n|\n|t:|1700418846\n|move|p1a: \u0271\u03b5\u01ad\u0266 \u0271\u03b1\u0e23\u01ad\u03b5\u0ae8|Spikes|p2a: Chamsey\n|-sidestart|p2: Tudedude_cooldude|Spikes\n|move|p2a: Chamsey|Brick Break|p1a: \u0271\u03b5\u01ad\u0266 \u0271\u03b1\u0e23\u01ad\u03b5\u0ae8\n|-supereffective|p1a: \u0271\u03b5\u01ad\u0266 \u0271\u03b1\u0e23\u01ad\u03b5\u0ae8\n|-damage|p1a: \u0271\u03b5\u01ad\u0266 \u0271\u03b1\u0e23\u01ad\u03b5\u0ae8|9\/100 tox\n|\n|-damage|p1a: \u0271\u03b5\u01ad\u0266 \u0271\u03b1\u0e23\u01ad\u03b5\u0ae8|0 fnt|[from] psn\n|faint|p1a: \u0271\u03b5\u01ad\u0266 \u0271\u03b1\u0e23\u01ad\u03b5\u0ae8\n|-end|p1a: \u0271\u03b5\u01ad\u0266 \u0271\u03b1\u0e23\u01ad\u03b5\u0ae8|Protosynthesis|[silent]\n|upkeep\n|\n|t:|1700418853\n|switch|p1a: GAU-8 Avenger|Cloyster, M, shiny|100\/100\n|-damage|p1a: GAU-8 Avenger|76\/100|[from] Stealth Rock\n|turn|23\n|c|\u2606SKELETON-SKS|METH MASTER\n|c|\u2606SKELETON-SKS|MY FINAL HAMON\n|\n|t:|1700418865\n|move|p1a: GAU-8 Avenger|Shell Smash|p1a: GAU-8 Avenger\n|-unboost|p1a: GAU-8 Avenger|def|1\n|-unboost|p1a: GAU-8 Avenger|spd|1\n|-boost|p1a: GAU-8 Avenger|atk|2\n|-boost|p1a: GAU-8 Avenger|spa|2\n|-boost|p1a: GAU-8 Avenger|spe|2\n|-enditem|p1a: GAU-8 Avenger|White Herb\n|-clearnegativeboost|p1a: GAU-8 Avenger|[silent]\n|move|p2a: Chamsey|Toxic|p1a: GAU-8 Avenger\n|-status|p1a: GAU-8 Avenger|tox\n|\n|-damage|p1a: GAU-8 Avenger|69\/100 tox|[from] psn\n|upkeep\n|turn|24\n|c| mostgoodX|Unfortunately magic guard protects against the effects of drugs..\n|\n|t:|1700418883\n|move|p1a: GAU-8 Avenger|Icicle Spear|p2a: Chamsey\n|-damage|p2a: Chamsey|75\/100\n|-damage|p2a: Chamsey|47\/100\n|-damage|p2a: Chamsey|21\/100\n|-damage|p2a: Chamsey|0 fnt\n|faint|p2a: Chamsey\n|-hitcount|p2: Chamsey|4\n|\n|-damage|p1a: GAU-8 Avenger|57\/100 tox|[from] psn\n|upkeep\n|c| danbultheman|wild\n|c|\u2606SKELETON-SKS|TAKE IIIIIIIIIIIIIIT\n|\n|t:|1700418948\n|switch|p2a: Wyvern|Skarmory, F|88\/100\n|turn|25\n|\n|t:|1700418955\n|move|p1a: GAU-8 Avenger|Explosion|p2a: Wyvern\n|-resisted|p2a: Wyvern\n|-damage|p2a: Wyvern|45\/100\n|faint|p1a: GAU-8 Avenger\n|move|p2a: Wyvern|Defog|p1: GAU-8 Avenger|[notarget]\n|-fail|p2a: Wyvern\n|\n|upkeep\n|c| danbultheman|BALLER\n|\n|t:|1700418962\n|switch|p1a: \ud835\udc20\ud835\udc1a\ud835\udc32 \ud835\udc1f\ud835\udc28\ud835\udc31|Ninetales-Alola, M, shiny|83\/100\n|-damage|p1a: \ud835\udc20\ud835\udc1a\ud835\udc32 \ud835\udc1f\ud835\udc28\ud835\udc31|58\/100|[from] Stealth Rock\n|-weather|Snow|[from] ability: Snow Warning|[of] p1a: \ud835\udc20\ud835\udc1a\ud835\udc32 \ud835\udc1f\ud835\udc28\ud835\udc31\n|turn|26\n|c| superoinge22|Lmao\n|c| mostgoodX|BROTHER\n|c| Ibitak|why\n|c| superoinge22|Its just funny man\n|c| superoinge22|All good\n|c| danbultheman|if this kills that explosion would be huge\n|\n|t:|1700418979\n|move|p1a: \ud835\udc20\ud835\udc1a\ud835\udc32 \ud835\udc1f\ud835\udc28\ud835\udc31|Aurora Veil|p1a: \ud835\udc20\ud835\udc1a\ud835\udc32 \ud835\udc1f\ud835\udc28\ud835\udc31\n|-sidestart|p1: SKELETON-SKS|move: Aurora Veil\n|move|p2a: Wyvern|Roost|p2a: Wyvern\n|-heal|p2a: Wyvern|95\/100\n|-singleturn|p2a: Wyvern|move: Roost\n|\n|-weather|Snow|[upkeep]\n|upkeep\n|turn|27\n|c| danbultheman|to keep spikes up\n|c| danbultheman|ok nvm\n|\n|t:|1700418989\n|switch|p1a: \u1d18\u029f\u1d00\u028f\u0299\u1d0f\u026a \u1d04\u1d00\u0280\u1d1b\u026a|Ursaluna-Bloodmoon, M|100\/100\n|-damage|p1a: \u1d18\u029f\u1d00\u028f\u0299\u1d0f\u026a \u1d04\u1d00\u0280\u1d1b\u026a|94\/100|[from] Stealth Rock\n|move|p2a: Wyvern|Defog|p1a: \u1d18\u029f\u1d00\u028f\u0299\u1d0f\u026a \u1d04\u1d00\u0280\u1d1b\u026a\n|-unboost|p1a: \u1d18\u029f\u1d00\u028f\u0299\u1d0f\u026a \u1d04\u1d00\u0280\u1d1b\u026a|evasion|1\n|-sideend|p1: SKELETON-SKS|move: Aurora Veil\n|-sideend|p1: SKELETON-SKS|Stealth Rock|[from] move: Defog|[of] p2a: Wyvern\n|-sideend|p2: Tudedude_cooldude|Spikes|[from] move: Defog|[of] p2a: Wyvern\n|\n|-weather|Snow|[upkeep]\n|-heal|p1a: \u1d18\u029f\u1d00\u028f\u0299\u1d0f\u026a \u1d04\u1d00\u0280\u1d1b\u026a|100\/100|[from] item: Leftovers\n|upkeep\n|turn|28\n|c|\u2606SKELETON-SKS|its gaming time\n|\n|t:|1700419015\n|switch|p2a: otter|Walrein, M|100\/100\n|move|p1a: \u1d18\u029f\u1d00\u028f\u0299\u1d0f\u026a \u1d04\u1d00\u0280\u1d1b\u026a|Calm Mind|p1a: \u1d18\u029f\u1d00\u028f\u0299\u1d0f\u026a \u1d04\u1d00\u0280\u1d1b\u026a\n|-boost|p1a: \u1d18\u029f\u1d00\u028f\u0299\u1d0f\u026a \u1d04\u1d00\u0280\u1d1b\u026a|spa|1\n|-boost|p1a: \u1d18\u029f\u1d00\u028f\u0299\u1d0f\u026a \u1d04\u1d00\u0280\u1d1b\u026a|spd|1\n|\n|-weather|Snow|[upkeep]\n|upkeep\n|turn|29\n|c| Ibitak|this bear makes me sick\n|\n|t:|1700419033\n|move|p2a: otter|Curse|p2a: otter\n|-unboost|p2a: otter|spe|1\n|-boost|p2a: otter|atk|1\n|-boost|p2a: otter|def|1\n|move|p1a: \u1d18\u029f\u1d00\u028f\u0299\u1d0f\u026a \u1d04\u1d00\u0280\u1d1b\u026a|Calm Mind|p1a: \u1d18\u029f\u1d00\u028f\u0299\u1d0f\u026a \u1d04\u1d00\u0280\u1d1b\u026a\n|-boost|p1a: \u1d18\u029f\u1d00\u028f\u0299\u1d0f\u026a \u1d04\u1d00\u0280\u1d1b\u026a|spa|1\n|-boost|p1a: \u1d18\u029f\u1d00\u028f\u0299\u1d0f\u026a \u1d04\u1d00\u0280\u1d1b\u026a|spd|1\n|\n|-weather|Snow|[upkeep]\n|upkeep\n|turn|30\n|c| mostgoodX|Aight so who wins Cocaine Bear or cursed walrus\n|c| danbultheman|cocaine bear\n|c| mostgoodX|yeah it\u2019s cocaine bear\n|\n|t:|1700419044\n|move|p1a: \u1d18\u029f\u1d00\u028f\u0299\u1d0f\u026a \u1d04\u1d00\u0280\u1d1b\u026a|Earth Power|p2a: otter\n|-damage|p2a: otter|30\/100\n|move|p2a: otter|Curse|p2a: otter\n|-unboost|p2a: otter|spe|1\n|-boost|p2a: otter|atk|1\n|-boost|p2a: otter|def|1\n|\n|-weather|Snow|[upkeep]\n|-heal|p2a: otter|37\/100|[from] ability: Ice Body\n|-heal|p2a: otter|43\/100|[from] item: Leftovers\n|upkeep\n|turn|31\n|c| Ibitak|tude trying to set up on blood moon i\u2018m crying\n|c| The23rdPower|TUDE NO\n|c| mostgoodX|You FOOL\n|c| mostgoodX|He\u2019s looking death in the eye\n|c| The23rdPower|If he had just attacked there man\n|c|\u2606SKELETON-SKS|playboi carti you have to stop\n|\n|t:|1700419126\n|switch|p2a: Wyvern|Skarmory, F|95\/100\n|move|p1a: \u1d18\u029f\u1d00\u028f\u0299\u1d0f\u026a \u1d04\u1d00\u0280\u1d1b\u026a|Blood Moon|p2a: Wyvern\n|-resisted|p2a: Wyvern\n|-damage|p2a: Wyvern|0 fnt\n|faint|p2a: Wyvern\n|\n|-weather|Snow|[upkeep]\n|upkeep\n|c|\u2606SKELETON-SKS|you smoke too tough\n|c| danbultheman|tude casually forgetting his speed gets lowered\n|c| danbultheman|OH MY GOD\n|c|\u2606SKELETON-SKS|your smag too different\n|c|\u2606SKELETON-SKS|your bitch too bad\n|\n|t:|1700419139\n|switch|p2a: Aoinu|Suicune|100\/100\n|-ability|p2a: Aoinu|Pressure\n|turn|32\n|c| mostgoodX|AAAAAAAAAAAA\n|c|\u2606SKELETON-SKS|they'll kill you\n|c|\u2606SKELETON-SKS|playboi carti:\n|\n|t:|1700419154\n|move|p2a: Aoinu|Hydro Pump|p1a: \u1d18\u029f\u1d00\u028f\u0299\u1d0f\u026a \u1d04\u1d00\u0280\u1d1b\u026a\n|-supereffective|p1a: \u1d18\u029f\u1d00\u028f\u0299\u1d0f\u026a \u1d04\u1d00\u0280\u1d1b\u026a\n|-damage|p1a: \u1d18\u029f\u1d00\u028f\u0299\u1d0f\u026a \u1d04\u1d00\u0280\u1d1b\u026a|46\/100\n|move|p1a: \u1d18\u029f\u1d00\u028f\u0299\u1d0f\u026a \u1d04\u1d00\u0280\u1d1b\u026a|Earth Power|p2a: Aoinu\n|-damage|p2a: Aoinu|1\/100\n|-unboost|p2a: Aoinu|spd|1\n|\n|-weather|Snow|[upkeep]\n|-heal|p1a: \u1d18\u029f\u1d00\u028f\u0299\u1d0f\u026a \u1d04\u1d00\u0280\u1d1b\u026a|52\/100|[from] item: Leftovers\n|upkeep\n|turn|33\n|c| Ibitak|thank god this mon isn\u2018t in the m8\n|c|\u2606Tudedude_cooldude|LES GO\n|c| danbultheman|skarmory didnt even get to say bye to the husband and kids man\n|c| Ibitak|WHAT\n|\n|t:|1700419169\n|move|p1a: \u1d18\u029f\u1d00\u028f\u0299\u1d0f\u026a \u1d04\u1d00\u0280\u1d1b\u026a|Vacuum Wave|p2a: Aoinu\n|-damage|p2a: Aoinu|0 fnt\n|faint|p2a: Aoinu\n|\n|-weather|none\n|-heal|p1a: \u1d18\u029f\u1d00\u028f\u0299\u1d0f\u026a \u1d04\u1d00\u0280\u1d1b\u026a|58\/100|[from] item: Leftovers\n|upkeep\n|c| danbultheman|LOL\n|\n|t:|1700419176\n|switch|p2a: otter|Walrein, M|43\/100\n|turn|34\n|c|\u2606SKELETON-SKS|VACUUM WAVE SWEEP\n|\n|t:|1700419217\n|move|p1a: \u1d18\u029f\u1d00\u028f\u0299\u1d0f\u026a \u1d04\u1d00\u0280\u1d1b\u026a|Blood Moon|p2a: otter\n|-damage|p2a: otter|0 fnt\n|faint|p2a: otter\n|\n|win|SKELETON-SKS\n|l| The23rdPower\n|c| danbultheman|first time since week 1 we've seen bloodmoon dominate a game?\n|c|\u2606Tudedude_cooldude|ghg\n|c| superoinge22|Gg\n|j| The23rdPower\n|l| Ibitak\n|c|\u2606SKELETON-SKS|gg\n|c| danbultheman|gg\n|c| The23rdPower|Gg\n|l| mostgoodX\n","uploadtime":1700419247,"views":32,"p1id":"skeletonsks","p2id":"tudedudecooldude","formatid":"gen9nationaldexubers","rating":0,"private":0,"password":""}