{"id":"gen9nationaldexubers-1989071343","p1":"Autumn kings","p2":"imjustthatawsom","format":"[Gen 9] National Dex Ubers","log":"|j|\u2606Autumn kings\n|j|\u2606imjustthatawsom\n|t:|1699809025\n|gametype|singles\n|player|p1|Autumn kings|1|\n|player|p2|imjustthatawsom|101|\n|teamsize|p1|6\n|teamsize|p2|6\n|gen|9\n|tier|[Gen 9] National Dex Ubers\n|rule|HP Percentage Mod: HP is shown in percentages\n|rule|Endless Battle Clause: Forcing endless battles is banned\n|rule|OHKO Clause: OHKO moves are banned\n|rule|Evasion Moves Clause: Evasion moves are banned\n|rule|Evasion Items Clause: Evasion items are banned\n|rule|Species Clause: Limit one of each Pok\u00e9mon\n|rule|Sleep Clause Mod: Limit one foe put to sleep\n|rule|Mega Rayquaza Clause: You cannot mega evolve Rayquaza\n|clearpoke\n|poke|p1|Kilowattrel, F|\n|poke|p1|Klawf, M|\n|poke|p1|Breloom, M|\n|poke|p1|Ceruledge, M|\n|poke|p1|Ting-Lu|\n|poke|p1|Kingambit, F|\n|poke|p2|Grafaiai, M|\n|poke|p2|Vaporeon, F|\n|poke|p2|Sableye, F|\n|poke|p2|Bronzong|\n|poke|p2|Dragonite, M|\n|poke|p2|Regigigas|\n|teampreview\n|\n|t:|1699809049\n|start\n|switch|p1a: Kilowattrel|Kilowattrel, F|100\/100\n|switch|p2a: Dragonite|Dragonite, M|100\/100\n|turn|1\n|\n|t:|1699809061\n|move|p1a: Kilowattrel|Tailwind|p1a: Kilowattrel\n|-sidestart|p1: Autumn kings|move: Tailwind\n|-start|p1a: Kilowattrel|Charge|Tailwind|[from] ability: Wind Power\n|move|p2a: Dragonite|Dragon Dance|p2a: Dragonite\n|-boost|p2a: Dragonite|atk|1\n|-boost|p2a: Dragonite|spe|1\n|\n|upkeep\n|turn|2\n|\n|t:|1699809069\n|move|p2a: Dragonite|Extreme Speed|p1a: Kilowattrel\n|-damage|p1a: Kilowattrel|7\/100\n|move|p1a: Kilowattrel|Electro Ball|p2a: Dragonite\n|-damage|p2a: Dragonite|64\/100\n|-end|p1a: Kilowattrel|Charge|[silent]\n|\n|upkeep\n|turn|3\n|\n|t:|1699809078\n|move|p2a: Dragonite|Extreme Speed|p1a: Kilowattrel\n|-damage|p1a: Kilowattrel|0 fnt\n|faint|p1a: Kilowattrel\n|\n|upkeep\n|\n|t:|1699809082\n|switch|p1a: Klawf|Klawf, M|100\/100\n|turn|4\n|\n|t:|1699809088\n|move|p1a: Klawf|Swords Dance|p1a: Klawf\n|-boost|p1a: Klawf|atk|2\n|move|p2a: Dragonite|Earthquake|p1a: Klawf\n|-supereffective|p1a: Klawf\n|-damage|p1a: Klawf|3\/100\n|-ability|p1a: Klawf|Anger Shell|boost\n|-boost|p1a: Klawf|atk|1\n|-boost|p1a: Klawf|spa|1\n|-boost|p1a: Klawf|spe|1\n|-unboost|p1a: Klawf|def|1\n|-unboost|p1a: Klawf|spd|1\n|\n|-sideend|p1: Autumn kings|move: Tailwind\n|upkeep\n|turn|5\n|\n|t:|1699809098\n|move|p2a: Dragonite|Extreme Speed|p1a: Klawf\n|-resisted|p1a: Klawf\n|-damage|p1a: Klawf|0 fnt\n|faint|p1a: Klawf\n|\n|upkeep\n|\n|t:|1699809103\n|switch|p1a: Breloom|Breloom, M, shiny|100\/100\n|turn|6\n|\n|t:|1699809113\n|move|p2a: Dragonite|Dragon Claw|p1a: Breloom\n|-damage|p1a: Breloom|0 fnt\n|faint|p1a: Breloom\n|\n|upkeep\n|\n|t:|1699809117\n|switch|p1a: Ceruledge|Ceruledge, M|100\/100\n|turn|7\n|\n|t:|1699809123\n|move|p1a: Ceruledge|Swords Dance|p1a: Ceruledge\n|-boost|p1a: Ceruledge|atk|2\n|move|p2a: Dragonite|Earthquake|p1a: Ceruledge\n|-supereffective|p1a: Ceruledge\n|-damage|p1a: Ceruledge|0 fnt\n|faint|p1a: Ceruledge\n|\n|upkeep\n|\n|t:|1699809130\n|switch|p1a: Ting-Lu|Ting-Lu|100\/100\n|-ability|p1a: Ting-Lu|Vessel of Ruin\n|turn|8\n|\n|t:|1699809138\n|move|p2a: Dragonite|Dragon Claw|p1a: Ting-Lu\n|-crit|p1a: Ting-Lu\n|-damage|p1a: Ting-Lu|48\/100\n|move|p1a: Ting-Lu|Whirlwind|p2a: Dragonite\n|drag|p2a: Vaporeon|Vaporeon, F|100\/100\n|\n|-heal|p1a: Ting-Lu|54\/100|[from] item: Leftovers\n|upkeep\n|turn|9\n|\n|t:|1699809149\n|move|p2a: Vaporeon|Calm Mind|p2a: Vaporeon\n|-boost|p2a: Vaporeon|spa|1\n|-boost|p2a: Vaporeon|spd|1\n|move|p1a: Ting-Lu|Ruination|p2a: Vaporeon\n|-damage|p2a: Vaporeon|50\/100\n|\n|-heal|p2a: Vaporeon|57\/100|[from] item: Leftovers\n|-heal|p1a: Ting-Lu|60\/100|[from] item: Leftovers\n|upkeep\n|turn|10\n|\n|t:|1699809158\n|move|p2a: Vaporeon|Scald|p1a: Ting-Lu\n|-supereffective|p1a: Ting-Lu\n|-damage|p1a: Ting-Lu|0 fnt\n|faint|p1a: Ting-Lu\n|\n|-heal|p2a: Vaporeon|63\/100|[from] item: Leftovers\n|upkeep\n|\n|t:|1699809165\n|switch|p1a: Kingambit|Kingambit, F|100\/100\n|-activate|p1a: Kingambit|ability: Supreme Overlord\n|-start|p1a: Kingambit|fallen5|[silent]\n|turn|11\n|\n|t:|1699809173\n|move|p2a: Vaporeon|Scald|p1a: Kingambit\n|-crit|p1a: Kingambit\n|-damage|p1a: Kingambit|44\/100\n|move|p1a: Kingambit|Knock Off|p2a: Vaporeon\n|-damage|p2a: Vaporeon|0 fnt\n|-enditem|p2a: Vaporeon|Leftovers|[from] move: Knock Off|[of] p1a: Kingambit\n|faint|p2a: Vaporeon\n|\n|upkeep\n|\n|t:|1699809196\n|switch|p2a: Grafaiai|Grafaiai, M|100\/100\n|turn|12\n|\n|t:|1699809209\n|move|p2a: Grafaiai|Swagger|p1a: Kingambit|[miss]\n|-miss|p2a: Grafaiai|p1a: Kingambit\n|move|p1a: Kingambit|Iron Head|p2a: Grafaiai\n|-damage|p2a: Grafaiai|0 fnt\n|faint|p2a: Grafaiai\n|\n|upkeep\n|\n|t:|1699809216\n|switch|p2a: Dragonite|Dragonite, M|64\/100\n|turn|13\n|\n|t:|1699809223\n|move|p2a: Dragonite|Earthquake|p1a: Kingambit\n|-supereffective|p1a: Kingambit\n|-damage|p1a: Kingambit|0 fnt\n|faint|p1a: Kingambit\n|-end|p1a: Kingambit|fallen5|[silent]\n|\n|win|imjustthatawsom\n|c|\u2606imjustthatawsom|gg\n","uploadtime":1699809249,"views":35,"p1id":"autumnkings","p2id":"imjustthatawsom","formatid":"gen9nationaldexubers","rating":0,"private":0,"password":""}