{"id":"gen9nationaldexubers-1988044497","p1":"Neo Destruction","p2":"AlchemyAlign7","format":"[Gen 9] National Dex Ubers","log":"|j|\u2606Neo Destruction\n|j|\u2606AlchemyAlign7\n|t:|1699662752\n|gametype|singles\n|player|p1|Neo Destruction|lance-lgpe|1134\n|player|p2|AlchemyAlign7|dawn|1327\n|teamsize|p1|6\n|teamsize|p2|6\n|gen|9\n|tier|[Gen 9] National Dex Ubers\n|rated|\n|rule|HP Percentage Mod: HP is shown in percentages\n|rule|Endless Battle Clause: Forcing endless battles is banned\n|rule|OHKO Clause: OHKO moves are banned\n|rule|Evasion Moves Clause: Evasion moves are banned\n|rule|Evasion Items Clause: Evasion items are banned\n|rule|Species Clause: Limit one of each Pok\u00e9mon\n|rule|Sleep Clause Mod: Limit one foe put to sleep\n|rule|Mega Rayquaza Clause: You cannot mega evolve Rayquaza\n|clearpoke\n|poke|p1|Decidueye, F|\n|poke|p1|Blaziken, M|\n|poke|p1|Swampert, M|\n|poke|p1|Corviknight, M|\n|poke|p1|Garchomp, M|\n|poke|p1|Mewtwo|\n|poke|p2|Dialga|\n|poke|p2|Eternatus|\n|poke|p2|Landorus, M|\n|poke|p2|Yveltal|\n|poke|p2|Zekrom|\n|poke|p2|Lugia|\n|teampreview\n|inactive|Battle timer is ON: inactive players will automatically lose when time's up. (requested by AlchemyAlign7)\n|\n|t:|1699662764\n|start\n|switch|p1a: Decidueye|Decidueye, F|100\/100\n|switch|p2a: Dialga|Dialga|100\/100\n|-ability|p2a: Dialga|Pressure\n|turn|1\n|\n|t:|1699662774\n|move|p2a: Dialga|Thunder Wave|p1a: Decidueye\n|-status|p1a: Decidueye|par\n|cant|p1a: Decidueye|par\n|\n|upkeep\n|turn|2\n|\n|t:|1699662778\n|move|p2a: Dialga|Stealth Rock|p1a: Decidueye\n|-sidestart|p1: Neo Destruction|move: Stealth Rock\n|move|p1a: Decidueye|Defog|p2a: Dialga\n|-unboost|p2a: Dialga|evasion|1\n|-sideend|p1: Neo Destruction|Stealth Rock|[from] move: Defog|[of] p1a: Decidueye\n|\n|upkeep\n|turn|3\n|\n|t:|1699662783\n|move|p2a: Dialga|Stealth Rock|p1a: Decidueye\n|-sidestart|p1: Neo Destruction|move: Stealth Rock\n|move|p1a: Decidueye|Night Shade|p2a: Dialga\n|-damage|p2a: Dialga|76\/100\n|\n|-heal|p2a: Dialga|82\/100|[from] item: Leftovers\n|upkeep\n|turn|4\n|\n|t:|1699662790\n|move|p2a: Dialga|Flash Cannon|p1a: Decidueye\n|-damage|p1a: Decidueye|62\/100 par\n|move|p1a: Decidueye|Night Shade|p2a: Dialga\n|-damage|p2a: Dialga|57\/100\n|\n|-heal|p2a: Dialga|63\/100|[from] item: Leftovers\n|upkeep\n|turn|5\n|\n|t:|1699662798\n|move|p2a: Dialga|Flash Cannon|p1a: Decidueye\n|-damage|p1a: Decidueye|26\/100 par\n|move|p1a: Decidueye|Night Shade|p2a: Dialga\n|-damage|p2a: Dialga|39\/100\n|\n|-heal|p2a: Dialga|45\/100|[from] item: Leftovers\n|upkeep\n|turn|6\n|\n|t:|1699662803\n|move|p2a: Dialga|Flash Cannon|p1a: Decidueye\n|-damage|p1a: Decidueye|0 fnt\n|faint|p1a: Decidueye\n|\n|-heal|p2a: Dialga|51\/100|[from] item: Leftovers\n|upkeep\n|\n|t:|1699662805\n|switch|p1a: Blaziken|Blaziken, M|100\/100\n|-damage|p1a: Blaziken|88\/100|[from] Stealth Rock\n|turn|7\n|\n|t:|1699662819\n|switch|p2a: Landorus|Landorus, M|100\/100\n|move|p1a: Blaziken|Protect||[still]\n|-fail|p1a: Blaziken\n|\n|-heal|p1a: Blaziken|94\/100|[from] item: Leftovers\n|-ability|p1a: Blaziken|Speed Boost|boost\n|-boost|p1a: Blaziken|spe|1\n|upkeep\n|turn|8\n|\n|t:|1699662835\n|move|p1a: Blaziken|Flare Blitz|p2a: Landorus\n|-damage|p2a: Landorus|30\/100\n|-damage|p1a: Blaziken|70\/100|[from] Recoil\n|move|p2a: Landorus|Sandsear Storm|p1a: Blaziken\n|-supereffective|p1a: Blaziken\n|-damage|p1a: Blaziken|0 fnt\n|faint|p1a: Blaziken\n|\n|upkeep\n|\n|t:|1699662848\n|switch|p1a: Swampert|Swampert, M|100\/100\n|-damage|p1a: Swampert|94\/100|[from] Stealth Rock\n|turn|9\n|\n|t:|1699662868\n|switch|p2a: Eternatus|Eternatus|100\/100\n|-ability|p2a: Eternatus|Pressure\n|move|p1a: Swampert|Ice Punch|p2a: Eternatus\n|-supereffective|p2a: Eternatus\n|-damage|p2a: Eternatus|62\/100\n|\n|-heal|p2a: Eternatus|68\/100|[from] item: Black Sludge\n|upkeep\n|turn|10\n|\n|t:|1699662878\n|switch|p2a: Yveltal|Yveltal|100\/100\n|-ability|p2a: Yveltal|Dark Aura\n|move|p1a: Swampert|Earthquake|p2a: Yveltal\n|-immune|p2a: Yveltal\n|\n|upkeep\n|turn|11\n|\n|t:|1699662886\n|move|p2a: Yveltal|Knock Off|p1a: Swampert\n|-damage|p1a: Swampert|17\/100\n|-enditem|p1a: Swampert|Muscle Band|[from] move: Knock Off|[of] p2a: Yveltal\n|move|p1a: Swampert|Ice Punch|p2a: Yveltal\n|-supereffective|p2a: Yveltal\n|-damage|p2a: Yveltal|60\/100\n|\n|upkeep\n|turn|12\n|\n|t:|1699662894\n|move|p2a: Yveltal|Sucker Punch|p1a: Swampert\n|-damage|p1a: Swampert|0 fnt\n|faint|p1a: Swampert\n|\n|upkeep\n|\n|t:|1699662911\n|switch|p1a: Corviknight|Corviknight, M|100\/100\n|-damage|p1a: Corviknight|88\/100|[from] Stealth Rock\n|turn|13\n|\n|t:|1699662919\n|move|p2a: Yveltal|Knock Off|p1a: Corviknight\n|-damage|p1a: Corviknight|19\/100\n|-enditem|p1a: Corviknight|Leftovers|[from] move: Knock Off|[of] p2a: Yveltal\n|move|p1a: Corviknight|Bulk Up|p1a: Corviknight\n|-boost|p1a: Corviknight|atk|1\n|-boost|p1a: Corviknight|def|1\n|\n|upkeep\n|turn|14\n|\n|t:|1699662947\n|move|p2a: Yveltal|Knock Off|p1a: Corviknight\n|-damage|p1a: Corviknight|0 fnt\n|faint|p1a: Corviknight\n|\n|upkeep\n|\n|t:|1699662950\n|switch|p1a: Garchomp|Garchomp, M|100\/100\n|-damage|p1a: Garchomp|94\/100|[from] Stealth Rock\n|turn|15\n|\n|t:|1699662959\n|-terastallize|p1a: Garchomp|Steel\n|move|p1a: Garchomp|Hone Claws|p1a: Garchomp\n|-boost|p1a: Garchomp|atk|1\n|-boost|p1a: Garchomp|accuracy|1\n|move|p2a: Yveltal|Knock Off|p1a: Garchomp\n|-damage|p1a: Garchomp|5\/100\n|-damage|p2a: Yveltal|47\/100|[from] ability: Rough Skin|[of] p1a: Garchomp\n|-enditem|p1a: Garchomp|Yache Berry|[from] move: Knock Off|[of] p2a: Yveltal\n|\n|upkeep\n|turn|16\n|\n|t:|1699662966\n|move|p2a: Yveltal|Sucker Punch|p1a: Garchomp\n|-damage|p1a: Garchomp|0 fnt\n|-damage|p2a: Yveltal|35\/100|[from] ability: Rough Skin|[of] p1a: Garchomp\n|faint|p1a: Garchomp\n|\n|upkeep\n|\n|t:|1699662968\n|switch|p1a: Mewtwo|Mewtwo|100\/100\n|-damage|p1a: Mewtwo|88\/100|[from] Stealth Rock\n|-ability|p1a: Mewtwo|Pressure\n|turn|17\n|\n|t:|1699662978\n|detailschange|p1a: Mewtwo|Mewtwo-Mega-Y\n|-mega|p1a: Mewtwo|Mewtwo|Mewtwonite Y\n|move|p1a: Mewtwo|Aura Sphere|p2a: Yveltal\n|-damage|p2a: Yveltal|1\/100\n|move|p2a: Yveltal|Knock Off|p1a: Mewtwo\n|-supereffective|p1a: Mewtwo\n|-damage|p1a: Mewtwo|0 fnt\n|faint|p1a: Mewtwo\n|\n|win|AlchemyAlign7\n|raw|Neo Destruction's rating: 1134 &rarr; <strong>1122<\/strong><br \/>(-12 for losing)\n|raw|AlchemyAlign7's rating: 1327 &rarr; <strong>1337<\/strong><br \/>(+10 for winning)\n","uploadtime":1699662994,"views":16,"p1id":"neodestruction","p2id":"alchemyalign7","formatid":"gen9nationaldexubers","rating":1122,"private":0,"password":""}