{"id":"gen9nationaldexubers-1984851049","p1":"Guj Genera","p2":"Xoviet Yunion","format":"[Gen 9] National Dex Ubers","log":"|j|\u2606Guj Genera\n|j|\u2606Xoviet Yunion\n|t:|1699304431\n|gametype|singles\n|player|p1|Guj Genera|red|\n|player|p2|Xoviet Yunion|shauntal|\n|teamsize|p1|6\n|teamsize|p2|6\n|gen|9\n|tier|[Gen 9] National Dex Ubers\n|rule|HP Percentage Mod: HP is shown in percentages\n|rule|Endless Battle Clause: Forcing endless battles is banned\n|rule|OHKO Clause: OHKO moves are banned\n|rule|Evasion Moves Clause: Evasion moves are banned\n|rule|Evasion Items Clause: Evasion items are banned\n|rule|Species Clause: Limit one of each Pok\u00e9mon\n|rule|Sleep Clause Mod: Limit one foe put to sleep\n|rule|Mega Rayquaza Clause: You cannot mega evolve Rayquaza\n|clearpoke\n|poke|p1|Cinderace, F|\n|poke|p1|Landorus-Therian, M|\n|poke|p1|Zeraora|\n|poke|p1|Kartana|\n|poke|p1|Inteleon, F|\n|poke|p1|Kommo-o, F|\n|poke|p2|Lilligant-Hisui, F|\n|poke|p2|Buzzwole|\n|poke|p2|Escavalier, M|\n|poke|p2|Sneasler, F|\n|poke|p2|Zamazenta-*|\n|poke|p2|Medicham, F|\n|teampreview\n|inactive|Battle timer is ON: inactive players will automatically lose when time's up. (requested by Guj Genera)\n|c|\u2606Xoviet Yunion|glhf\n|c|\u2606Guj Genera|Glhf\n|\n|t:|1699304457\n|start\n|switch|p1a: Kommo-o|Kommo-o, F, shiny|100\/100\n|switch|p2a: Annihilape\u200b|Sneasler, F|100\/100\n|turn|1\n|\n|t:|1699304477\n|move|p2a: Annihilape\u200b|Close Combat|p1a: Kommo-o\n|-damage|p1a: Kommo-o|8\/100\n|-unboost|p2a: Annihilape\u200b|def|1\n|-unboost|p2a: Annihilape\u200b|spd|1\n|-status|p1a: Kommo-o|psn|[from] ability: Poison Touch|[of] p2a: Annihilape\u200b\n|-zpower|p1a: Kommo-o\n|move|p1a: Kommo-o|Clangorous Soulblaze|p2a: Annihilape\u200b|[zeffect]\n|-damage|p2a: Annihilape\u200b|0 fnt\n|faint|p2a: Annihilape\u200b\n|-boost|p1a: Kommo-o|atk|1\n|-boost|p1a: Kommo-o|def|1\n|-boost|p1a: Kommo-o|spa|1\n|-boost|p1a: Kommo-o|spd|1\n|-boost|p1a: Kommo-o|spe|1\n|\n|-damage|p1a: Kommo-o|0 fnt|[from] psn\n|faint|p1a: Kommo-o\n|upkeep\n|\n|t:|1699304493\n|switch|p2a: Annihilap\u200b\u200b\u200b\u200be|Zamazenta, shiny|100\/100\n|switch|p1a: Inteleon|Inteleon, F, shiny|100\/100\n|-ability|p2a: Annihilap\u200b\u200b\u200b\u200be|Dauntless Shield|boost\n|-boost|p2a: Annihilap\u200b\u200b\u200b\u200be|def|1\n|turn|2\n|\n|t:|1699304509\n|switch|p2a: Annihil\u200bape|Escavalier, M|100\/100\n|move|p1a: Inteleon|Snipe Shot|p2a: Annihil\u200bape\n|-damage|p2a: Annihil\u200bape|72\/100\n|\n|upkeep\n|turn|3\n|\n|t:|1699304520\n|switch|p1a: Zeraora|Zeraora, shiny|100\/100\n|move|p2a: Annihil\u200bape|Knock Off|p1a: Zeraora\n|-damage|p1a: Zeraora|54\/100\n|-enditem|p1a: Zeraora|Expert Belt|[from] move: Knock Off|[of] p2a: Annihil\u200bape\n|\n|upkeep\n|turn|4\n|\n|t:|1699304533\n|switch|p2a: Annihilap\u200be|Buzzwole|100\/100\n|move|p1a: Zeraora|Close Combat|p2a: Annihilap\u200be\n|-resisted|p2a: Annihilap\u200be\n|-damage|p2a: Annihilap\u200be|91\/100\n|-unboost|p1a: Zeraora|def|1\n|-unboost|p1a: Zeraora|spd|1\n|-damage|p1a: Zeraora|38\/100|[from] item: Rocky Helmet|[of] p2a: Annihilap\u200be\n|\n|upkeep\n|turn|5\n|\n|t:|1699304552\n|move|p1a: Zeraora|Play Rough|p2a: Annihilap\u200be\n|-supereffective|p2a: Annihilap\u200be\n|-damage|p2a: Annihilap\u200be|67\/100\n|-damage|p1a: Zeraora|22\/100|[from] item: Rocky Helmet|[of] p2a: Annihilap\u200be\n|move|p2a: Annihilap\u200be|Toxic|p1a: Zeraora|[miss]\n|-miss|p2a: Annihilap\u200be|p1a: Zeraora\n|\n|upkeep\n|turn|6\n|\n|t:|1699304557\n|move|p1a: Zeraora|Play Rough|p2a: Annihilap\u200be\n|-supereffective|p2a: Annihilap\u200be\n|-damage|p2a: Annihilap\u200be|40\/100\n|-damage|p1a: Zeraora|5\/100|[from] item: Rocky Helmet|[of] p2a: Annihilap\u200be\n|move|p2a: Annihilap\u200be|Roost|p2a: Annihilap\u200be\n|-heal|p2a: Annihilap\u200be|90\/100\n|-singleturn|p2a: Annihilap\u200be|move: Roost\n|\n|upkeep\n|turn|7\n|\n|t:|1699304561\n|move|p1a: Zeraora|Play Rough|p2a: Annihilap\u200be\n|-supereffective|p2a: Annihilap\u200be\n|-damage|p2a: Annihilap\u200be|62\/100\n|-damage|p1a: Zeraora|0 fnt|[from] item: Rocky Helmet|[of] p2a: Annihilap\u200be\n|faint|p1a: Zeraora\n|move|p2a: Annihilap\u200be|Roost|p2a: Annihilap\u200be\n|-heal|p2a: Annihilap\u200be|100\/100\n|-singleturn|p2a: Annihilap\u200be|move: Roost\n|\n|upkeep\n|\n|t:|1699304566\n|switch|p1a: Cinderace|Cinderace, F, shiny|100\/100\n|turn|8\n|\n|t:|1699304582\n|move|p1a: Cinderace|Pyro Ball|p2a: Annihilap\u200be\n|-supereffective|p2a: Annihilap\u200be\n|-damage|p2a: Annihilap\u200be|15\/100\n|move|p2a: Annihilap\u200be|Close Combat|p1a: Cinderace\n|-damage|p1a: Cinderace|24\/100\n|-unboost|p2a: Annihilap\u200be|def|1\n|-unboost|p2a: Annihilap\u200be|spd|1\n|\n|upkeep\n|turn|9\n|\n|t:|1699304585\n|move|p1a: Cinderace|Pyro Ball|p2a: Annihilap\u200be\n|-supereffective|p2a: Annihilap\u200be\n|-damage|p2a: Annihilap\u200be|0 fnt\n|faint|p2a: Annihilap\u200be\n|\n|upkeep\n|\n|t:|1699304610\n|switch|p2a: Annihilap\u200b\u200b\u200b\u200be|Zamazenta, shiny|100\/100\n|turn|10\n|\n|t:|1699304614\n|move|p2a: Annihilap\u200b\u200b\u200b\u200be|Close Combat|p1a: Cinderace\n|-damage|p1a: Cinderace|0 fnt\n|-unboost|p2a: Annihilap\u200b\u200b\u200b\u200be|def|1\n|-unboost|p2a: Annihilap\u200b\u200b\u200b\u200be|spd|1\n|faint|p1a: Cinderace\n|\n|upkeep\n|\n|t:|1699304617\n|switch|p1a: Kartana|Kartana, shiny|100\/100\n|turn|11\n|\n|t:|1699304620\n|switch|p2a: Annihil\u200bape|Escavalier, M|72\/100\n|move|p1a: Kartana|Psycho Cut|p2a: Annihil\u200bape\n|-resisted|p2a: Annihil\u200bape\n|-damage|p2a: Annihil\u200bape|57\/100\n|\n|upkeep\n|turn|12\n|\n|t:|1699304626\n|switch|p1a: Inteleon|Inteleon, F, shiny|100\/100\n|move|p2a: Annihil\u200bape|Knock Off|p1a: Inteleon\n|-damage|p1a: Inteleon|54\/100\n|-enditem|p1a: Inteleon|Choice Specs|[from] move: Knock Off|[of] p2a: Annihil\u200bape\n|\n|upkeep\n|turn|13\n|\n|t:|1699304634\n|move|p1a: Inteleon|Snipe Shot|p2a: Annihil\u200bape\n|-damage|p2a: Annihil\u200bape|39\/100\n|move|p2a: Annihil\u200bape|Knock Off|p1a: Inteleon\n|-damage|p1a: Inteleon|24\/100\n|\n|upkeep\n|turn|14\n|\n|t:|1699304656\n|move|p1a: Inteleon|Ice Beam|p2a: Annihil\u200bape\n|-resisted|p2a: Annihil\u200bape\n|-damage|p2a: Annihil\u200bape|33\/100\n|move|p2a: Annihil\u200bape|Knock Off|p1a: Inteleon\n|-damage|p1a: Inteleon|0 fnt\n|faint|p1a: Inteleon\n|\n|upkeep\n|\n|t:|1699304663\n|switch|p1a: Kartana|Kartana, shiny|100\/100\n|turn|15\n|\n|t:|1699304687\n|move|p1a: Kartana|Psycho Cut|p2a: Annihil\u200bape\n|-resisted|p2a: Annihil\u200bape\n|-damage|p2a: Annihil\u200bape|18\/100\n|move|p2a: Annihil\u200bape|Drill Run|p1a: Kartana\n|-crit|p1a: Kartana\n|-damage|p1a: Kartana|65\/100\n|\n|upkeep\n|turn|16\n|\n|t:|1699304700\n|move|p1a: Kartana|Psycho Cut|p2a: Annihil\u200bape\n|-resisted|p2a: Annihil\u200bape\n|-damage|p2a: Annihil\u200bape|3\/100\n|move|p2a: Annihil\u200bape|Knock Off|p1a: Kartana\n|-damage|p1a: Kartana|35\/100\n|-enditem|p1a: Kartana|Choice Scarf|[from] move: Knock Off|[of] p2a: Annihil\u200bape\n|\n|upkeep\n|turn|17\n|\n|t:|1699304703\n|move|p1a: Kartana|Psycho Cut|p2a: Annihil\u200bape\n|-resisted|p2a: Annihil\u200bape\n|-damage|p2a: Annihil\u200bape|0 fnt\n|faint|p2a: Annihil\u200bape\n|-ability|p1a: Kartana|Beast Boost|boost\n|-boost|p1a: Kartana|atk|1\n|\n|upkeep\n|\n|t:|1699304706\n|switch|p2a: Annihilap\u200b\u200b\u200b\u200be|Zamazenta, shiny|100\/100\n|turn|18\n|\n|t:|1699304708\n|move|p2a: Annihilap\u200b\u200b\u200b\u200be|Close Combat|p1a: Kartana\n|-supereffective|p1a: Kartana\n|-damage|p1a: Kartana|0 fnt\n|-unboost|p2a: Annihilap\u200b\u200b\u200b\u200be|def|1\n|-unboost|p2a: Annihilap\u200b\u200b\u200b\u200be|spd|1\n|faint|p1a: Kartana\n|\n|upkeep\n|\n|t:|1699304710\n|switch|p1a: Landorus|Landorus-Therian, M, shiny|100\/100\n|-ability|p1a: Landorus|Intimidate|boost\n|-unboost|p2a: Annihilap\u200b\u200b\u200b\u200be|atk|1\n|turn|19\n|\n|t:|1699304713\n|move|p2a: Annihilap\u200b\u200b\u200b\u200be|Reflect|p2a: Annihilap\u200b\u200b\u200b\u200be\n|-sidestart|p2: Xoviet Yunion|Reflect\n|move|p1a: Landorus|Earthquake|p2a: Annihilap\u200b\u200b\u200b\u200be\n|-damage|p2a: Annihilap\u200b\u200b\u200b\u200be|70\/100\n|\n|upkeep\n|turn|20\n|\n|t:|1699304716\n|switch|p2a: Annihil\u200b\u200b\u200bape|Lilligant-Hisui, F, shiny|100\/100\n|move|p1a: Landorus|Earthquake|p2a: Annihil\u200b\u200b\u200bape\n|-resisted|p2a: Annihil\u200b\u200b\u200bape\n|-crit|p2a: Annihil\u200b\u200b\u200bape\n|-damage|p2a: Annihil\u200b\u200b\u200bape|44\/100\n|\n|upkeep\n|turn|21\n|\n|t:|1699304724\n|move|p2a: Annihil\u200b\u200b\u200bape|Ice Spinner|p1a: Landorus\n|-supereffective|p1a: Landorus\n|-damage|p1a: Landorus|0 fnt\n|-damage|p2a: Annihil\u200b\u200b\u200bape|27\/100|[from] item: Rocky Helmet|[of] p1a: Landorus\n|faint|p1a: Landorus\n|\n|win|Xoviet Yunion\n|c|\u2606Xoviet Yunion|gg\n|c|\u2606Guj Genera|Gg\n","uploadtime":1699304732,"views":10,"p1id":"gujgenera","p2id":"xovietyunion","formatid":"gen9nationaldexubers","rating":0,"private":0,"password":""}