{"id":"gen9nationaldexubers-1984531248","p1":"85792195wwww","p2":"mega qy","format":"[Gen 9] National Dex Ubers","log":"|j|\u260685792195wwww\n|j|\u2606mega qy\n|t:|1699276814\n|gametype|singles\n|player|p1|85792195wwww|mira|1825\n|player|p2|mega qy|lusamine-nihilego|1731\n|teamsize|p1|6\n|teamsize|p2|6\n|gen|9\n|tier|[Gen 9] National Dex Ubers\n|rated|\n|rule|HP Percentage Mod: HP is shown in percentages\n|rule|Endless Battle Clause: Forcing endless battles is banned\n|rule|OHKO Clause: OHKO moves are banned\n|rule|Evasion Moves Clause: Evasion moves are banned\n|rule|Evasion Items Clause: Evasion items are banned\n|rule|Species Clause: Limit one of each Pok\u00e9mon\n|rule|Sleep Clause Mod: Limit one foe put to sleep\n|rule|Mega Rayquaza Clause: You cannot mega evolve Rayquaza\n|clearpoke\n|poke|p1|Arceus|\n|poke|p1|Xerneas-*|\n|poke|p1|Groudon|\n|poke|p1|Zacian-*|\n|poke|p1|Krookodile, F|\n|poke|p1|Kyurem-Black|\n|poke|p2|Hatterene, F|\n|poke|p2|Calyrex-Ice|\n|poke|p2|Cresselia, F|\n|poke|p2|Arceus|\n|poke|p2|Melmetal|\n|poke|p2|Groudon|\n|teampreview\n|\n|t:|1699276823\n|start\n|switch|p1a: Arceus|Arceus|100\/100\n|switch|p2a: \u9752\u6625\u97f3\u7bb1\u87c0\u4e0d\u4f1a\u68a6\u89c1\u9b54\u5973\u5b66\u59d0|Hatterene, F, shiny|100\/100\n|turn|1\n|inactive|Battle timer is ON: inactive players will automatically lose when time's up. (requested by mega qy)\n|\n|t:|1699276831\n|move|p1a: Arceus|Swords Dance|p1a: Arceus\n|-boost|p1a: Arceus|atk|2\n|move|p2a: \u9752\u6625\u97f3\u7bb1\u87c0\u4e0d\u4f1a\u68a6\u89c1\u9b54\u5973\u5b66\u59d0|Trick Room|p2a: \u9752\u6625\u97f3\u7bb1\u87c0\u4e0d\u4f1a\u68a6\u89c1\u9b54\u5973\u5b66\u59d0\n|-fieldstart|move: Trick Room|[of] p2a: \u9752\u6625\u97f3\u7bb1\u87c0\u4e0d\u4f1a\u68a6\u89c1\u9b54\u5973\u5b66\u59d0\n|\n|upkeep\n|turn|2\n|\n|t:|1699276837\n|switch|p2a: \u6211\u8981\u51b0\u5c01\u8fd9\u4e2a\u4e16\u754c|Calyrex-Ice|100\/100\n|-ability|p2a: \u6211\u8981\u51b0\u5c01\u8fd9\u4e2a\u4e16\u754c|As One\n|-ability|p2a: \u6211\u8981\u51b0\u5c01\u8fd9\u4e2a\u4e16\u754c|Unnerve\n|-terastallize|p1a: Arceus|Ghost\n|move|p1a: Arceus|Shadow Force||[still]\n|-prepare|p1a: Arceus|Shadow Force\n|\n|upkeep\n|turn|3\n|\n|t:|1699276861\n|-terastallize|p2a: \u6211\u8981\u51b0\u5c01\u8fd9\u4e2a\u4e16\u754c|Ice\n|move|p2a: \u6211\u8981\u51b0\u5c01\u8fd9\u4e2a\u4e16\u754c|Glacial Lance|p1a: Arceus|[miss]\n|-miss|p2a: \u6211\u8981\u51b0\u5c01\u8fd9\u4e2a\u4e16\u754c|p1a: Arceus\n|move|p1a: Arceus|Shadow Force|p2a: \u6211\u8981\u51b0\u5c01\u8fd9\u4e2a\u4e16\u754c|[from]lockedmove\n|-damage|p2a: \u6211\u8981\u51b0\u5c01\u8fd9\u4e2a\u4e16\u754c|2\/100\n|-damage|p1a: Arceus|91\/100|[from] item: Life Orb\n|\n|upkeep\n|turn|4\n|\n|t:|1699276876\n|switch|p2a: \u5c0f\u667a\u51a0\u519b\u5927\u9171|Melmetal|100\/100\n|move|p1a: Arceus|Extreme Speed|p2a: \u5c0f\u667a\u51a0\u519b\u5927\u9171\n|-resisted|p2a: \u5c0f\u667a\u51a0\u519b\u5927\u9171\n|-damage|p2a: \u5c0f\u667a\u51a0\u519b\u5927\u9171|69\/100\n|-damage|p1a: Arceus|81\/100|[from] item: Life Orb\n|\n|upkeep\n|turn|5\n|j| Incredible Gassy\n|\n|t:|1699276900\n|switch|p1a: Kyurem|Kyurem-Black|100\/100\n|-ability|p1a: Kyurem|Teravolt\n|move|p2a: \u5c0f\u667a\u51a0\u519b\u5927\u9171|Double Iron Bash|p1a: Kyurem\n|-supereffective|p1a: Kyurem\n|-damage|p1a: Kyurem|0 fnt\n|faint|p1a: Kyurem\n|-hitcount|p1: Kyurem|1\n|\n|-fieldend|move: Trick Room\n|upkeep\n|\n|t:|1699276914\n|switch|p1a: Krookodile|Krookodile, F|100\/100\n|-ability|p1a: Krookodile|Intimidate|boost\n|-unboost|p2a: \u5c0f\u667a\u51a0\u519b\u5927\u9171|atk|1\n|turn|6\n|\n|t:|1699276925\n|switch|p2a: \u4eca\u665a\u505a\u4e2a\u597d\u68a6\u5427|Cresselia, F|100\/100\n|move|p1a: Krookodile|Knock Off|p2a: \u4eca\u665a\u505a\u4e2a\u597d\u68a6\u5427\n|-supereffective|p2a: \u4eca\u665a\u505a\u4e2a\u597d\u68a6\u5427\n|-enditem|p2a: \u4eca\u665a\u505a\u4e2a\u597d\u68a6\u5427|Colbur Berry|[eat]\n|-enditem|p2a: \u4eca\u665a\u505a\u4e2a\u597d\u68a6\u5427|Colbur Berry|[weaken]\n|-damage|p2a: \u4eca\u665a\u505a\u4e2a\u597d\u68a6\u5427|67\/100\n|\n|upkeep\n|turn|7\n|\n|t:|1699276933\n|move|p1a: Krookodile|Taunt|p2a: \u4eca\u665a\u505a\u4e2a\u597d\u68a6\u5427\n|-start|p2a: \u4eca\u665a\u505a\u4e2a\u597d\u68a6\u5427|move: Taunt\n|cant|p2a: \u4eca\u665a\u505a\u4e2a\u597d\u68a6\u5427|move: Taunt|Trick Room\n|\n|upkeep\n|turn|8\n|\n|t:|1699276940\n|switch|p2a: \u6700\u5f3a\u6218\u795e\u5b99\u65af|Arceus|100\/100\n|move|p1a: Krookodile|Knock Off|p2a: \u6700\u5f3a\u6218\u795e\u5b99\u65af\n|-damage|p2a: \u6700\u5f3a\u6218\u795e\u5b99\u65af|79\/100\n|-enditem|p2a: \u6700\u5f3a\u6218\u795e\u5b99\u65af|Mental Herb|[from] move: Knock Off|[of] p1a: Krookodile\n|\n|upkeep\n|turn|9\n|\n|t:|1699276951\n|switch|p2a: \u9752\u6625\u97f3\u7bb1\u87c0\u4e0d\u4f1a\u68a6\u89c1\u9b54\u5973\u5b66\u59d0|Hatterene, F, shiny|100\/100\n|move|p1a: Krookodile|Stealth Rock|p2a: \u9752\u6625\u97f3\u7bb1\u87c0\u4e0d\u4f1a\u68a6\u89c1\u9b54\u5973\u5b66\u59d0\n|move|p2a: \u9752\u6625\u97f3\u7bb1\u87c0\u4e0d\u4f1a\u68a6\u89c1\u9b54\u5973\u5b66\u59d0|Stealth Rock|p1a: Krookodile|[from]ability: Magic Bounce\n|-sidestart|p1: 85792195wwww|move: Stealth Rock\n|\n|upkeep\n|turn|10\n|\n|t:|1699276959\n|move|p1a: Krookodile|Knock Off|p2a: \u9752\u6625\u97f3\u7bb1\u87c0\u4e0d\u4f1a\u68a6\u89c1\u9b54\u5973\u5b66\u59d0\n|-damage|p2a: \u9752\u6625\u97f3\u7bb1\u87c0\u4e0d\u4f1a\u68a6\u89c1\u9b54\u5973\u5b66\u59d0|52\/100\n|-enditem|p2a: \u9752\u6625\u97f3\u7bb1\u87c0\u4e0d\u4f1a\u68a6\u89c1\u9b54\u5973\u5b66\u59d0|Focus Sash|[from] move: Knock Off|[of] p1a: Krookodile\n|move|p2a: \u9752\u6625\u97f3\u7bb1\u87c0\u4e0d\u4f1a\u68a6\u89c1\u9b54\u5973\u5b66\u59d0|Trick Room|p2a: \u9752\u6625\u97f3\u7bb1\u87c0\u4e0d\u4f1a\u68a6\u89c1\u9b54\u5973\u5b66\u59d0\n|-fieldstart|move: Trick Room|[of] p2a: \u9752\u6625\u97f3\u7bb1\u87c0\u4e0d\u4f1a\u68a6\u89c1\u9b54\u5973\u5b66\u59d0\n|\n|upkeep\n|turn|11\n|\n|t:|1699276966\n|move|p2a: \u9752\u6625\u97f3\u7bb1\u87c0\u4e0d\u4f1a\u68a6\u89c1\u9b54\u5973\u5b66\u59d0|Misty Explosion|p1a: Krookodile\n|-supereffective|p1a: Krookodile\n|-enditem|p1a: Krookodile|Focus Sash\n|-damage|p1a: Krookodile|1\/100\n|faint|p2a: \u9752\u6625\u97f3\u7bb1\u87c0\u4e0d\u4f1a\u68a6\u89c1\u9b54\u5973\u5b66\u59d0\n|move|p1a: Krookodile|Stealth Rock|p2: \u9752\u6625\u97f3\u7bb1\u87c0\u4e0d\u4f1a\u68a6\u89c1\u9b54\u5973\u5b66\u59d0\n|-sidestart|p2: mega qy|move: Stealth Rock\n|\n|upkeep\n|\n|t:|1699276980\n|switch|p2a: \u5c0f\u667a\u51a0\u519b\u5927\u9171|Melmetal|69\/100\n|-damage|p2a: \u5c0f\u667a\u51a0\u519b\u5927\u9171|63\/100|[from] Stealth Rock\n|turn|12\n|\n|t:|1699276987\n|move|p2a: \u5c0f\u667a\u51a0\u519b\u5927\u9171|Double Iron Bash|p1a: Krookodile\n|-damage|p1a: Krookodile|0 fnt\n|faint|p1a: Krookodile\n|-hitcount|p1: Krookodile|1\n|\n|upkeep\n|\n|t:|1699276998\n|switch|p1a: Xerneas|Xerneas|100\/100\n|-damage|p1a: Xerneas|88\/100|[from] Stealth Rock\n|-ability|p1a: Xerneas|Fairy Aura\n|turn|13\n|\n|t:|1699277005\n|move|p2a: \u5c0f\u667a\u51a0\u519b\u5927\u9171|Double Iron Bash|p1a: Xerneas\n|-supereffective|p1a: Xerneas\n|-damage|p1a: Xerneas|0 fnt\n|faint|p1a: Xerneas\n|-hitcount|p1: Xerneas|1\n|\n|upkeep\n|\n|t:|1699277014\n|switch|p1a: Zacian|Zacian-Crowned|100\/100\n|-damage|p1a: Zacian|94\/100|[from] Stealth Rock\n|-ability|p1a: Zacian|Intrepid Sword|boost\n|-boost|p1a: Zacian|atk|1\n|turn|14\n|\n|t:|1699277022\n|move|p2a: \u5c0f\u667a\u51a0\u519b\u5927\u9171|Double Iron Bash|p1a: Zacian\n|-damage|p1a: Zacian|30\/100\n|-damage|p1a: Zacian|0 fnt\n|faint|p1a: Zacian\n|-hitcount|p1: Zacian|2\n|\n|-fieldend|move: Trick Room\n|upkeep\n|\n|t:|1699277030\n|switch|p1a: Groudon|Groudon|100\/100\n|-damage|p1a: Groudon|94\/100|[from] Stealth Rock\n|detailschange|p1a: Groudon|Groudon-Primal\n|-primal|p1a: Groudon|Red Orb\n|-weather|DesolateLand|[from] ability: Desolate Land|[of] p1a: Groudon\n|turn|15\n|\n|t:|1699277038\n|move|p1a: Groudon|Swords Dance|p1a: Groudon\n|-boost|p1a: Groudon|atk|2\n|move|p2a: \u5c0f\u667a\u51a0\u519b\u5927\u9171|Double Iron Bash|p1a: Groudon\n|-resisted|p1a: Groudon\n|-damage|p1a: Groudon|76\/100\n|-resisted|p1a: Groudon\n|-damage|p1a: Groudon|56\/100\n|-hitcount|p1a: Groudon|2\n|\n|-weather|DesolateLand|[upkeep]\n|upkeep\n|turn|16\n|\n|t:|1699277047\n|move|p1a: Groudon|Precipice Blades|p2a: \u5c0f\u667a\u51a0\u519b\u5927\u9171\n|-supereffective|p2a: \u5c0f\u667a\u51a0\u519b\u5927\u9171\n|-damage|p2a: \u5c0f\u667a\u51a0\u519b\u5927\u9171|0 fnt\n|faint|p2a: \u5c0f\u667a\u51a0\u519b\u5927\u9171\n|\n|-weather|DesolateLand|[upkeep]\n|upkeep\n|\n|t:|1699277054\n|switch|p2a: \u6700\u5f3a\u6218\u795e\u5b99\u65af|Arceus|79\/100\n|-damage|p2a: \u6700\u5f3a\u6218\u795e\u5b99\u65af|66\/100|[from] Stealth Rock\n|turn|17\n|\n|t:|1699277059\n|move|p1a: Groudon|Heat Crash|p2a: \u6700\u5f3a\u6218\u795e\u5b99\u65af\n|-damage|p2a: \u6700\u5f3a\u6218\u795e\u5b99\u65af|0 fnt\n|faint|p2a: \u6700\u5f3a\u6218\u795e\u5b99\u65af\n|\n|-weather|DesolateLand|[upkeep]\n|upkeep\n|\n|t:|1699277071\n|switch|p2a: \u8fd9\u4e2a\u4e16\u754c\u5371\u5728\u65e6\u5915|Groudon|100\/100\n|-damage|p2a: \u8fd9\u4e2a\u4e16\u754c\u5371\u5728\u65e6\u5915|94\/100|[from] Stealth Rock\n|detailschange|p2a: \u8fd9\u4e2a\u4e16\u754c\u5371\u5728\u65e6\u5915|Groudon-Primal\n|-primal|p2a: \u8fd9\u4e2a\u4e16\u754c\u5371\u5728\u65e6\u5915|Red Orb\n|turn|18\n|\n|t:|1699277077\n|move|p1a: Groudon|Precipice Blades|p2a: \u8fd9\u4e2a\u4e16\u754c\u5371\u5728\u65e6\u5915\n|-supereffective|p2a: \u8fd9\u4e2a\u4e16\u754c\u5371\u5728\u65e6\u5915\n|-damage|p2a: \u8fd9\u4e2a\u4e16\u754c\u5371\u5728\u65e6\u5915|0 fnt\n|faint|p2a: \u8fd9\u4e2a\u4e16\u754c\u5371\u5728\u65e6\u5915\n|\n|-weather|DesolateLand|[upkeep]\n|upkeep\n|\n|t:|1699277079\n|switch|p2a: \u4eca\u665a\u505a\u4e2a\u597d\u68a6\u5427|Cresselia, F|67\/100\n|-damage|p2a: \u4eca\u665a\u505a\u4e2a\u597d\u68a6\u5427|55\/100|[from] Stealth Rock\n|turn|19\n|\n|t:|1699277086\n|move|p1a: Groudon|Heat Crash|p2a: \u4eca\u665a\u505a\u4e2a\u597d\u68a6\u5427\n|-damage|p2a: \u4eca\u665a\u505a\u4e2a\u597d\u68a6\u5427|0 fnt\n|faint|p2a: \u4eca\u665a\u505a\u4e2a\u597d\u68a6\u5427\n|\n|-weather|DesolateLand|[upkeep]\n|upkeep\n|-message|mega qy forfeited.\n|\n|win|85792195wwww\n|raw|85792195wwww's rating: 1825 &rarr; <strong>1840<\/strong><br \/>(+15 for winning)\n|raw|mega qy's rating: 1731 &rarr; <strong>1716<\/strong><br \/>(-15 for losing)\n|l|\u2606mega qy\n","uploadtime":1699277097,"views":8,"p1id":"85792195wwww","p2id":"megaqy","formatid":"gen9nationaldexubers","rating":1716,"private":0,"password":""}