{"id":"gen9nationaldexubers-1985880428","p1":"Zanty-Chan","p2":"Elin Baecil","format":"[Gen 9] National Dex Ubers","log":"|j|\u2606Zanty-Chan\n|j|\u2606Elin Baecil\n|t:|1699416830\n|gametype|singles\n|player|p1|Zanty-Chan|red|\n|player|p2|Elin Baecil|leon-masters|\n|teamsize|p1|6\n|teamsize|p2|6\n|gen|9\n|tier|[Gen 9] National Dex Ubers\n|rule|HP Percentage Mod: HP is shown in percentages\n|rule|Endless Battle Clause: Forcing endless battles is banned\n|rule|OHKO Clause: OHKO moves are banned\n|rule|Evasion Moves Clause: Evasion moves are banned\n|rule|Evasion Items Clause: Evasion items are banned\n|rule|Species Clause: Limit one of each Pok\u00e9mon\n|rule|Sleep Clause Mod: Limit one foe put to sleep\n|rule|Mega Rayquaza Clause: You cannot mega evolve Rayquaza\n|clearpoke\n|poke|p1|Chansey, F|\n|poke|p1|Dondozo, M|\n|poke|p1|Porygon-Z|\n|poke|p1|Chandelure, F|\n|poke|p1|Blastoise, M|\n|poke|p1|Scizor, F|\n|poke|p2|Ursaluna-Bloodmoon, M|\n|poke|p2|Dragonite, M|\n|poke|p2|Cyclizar, F|\n|poke|p2|Kangaskhan, F|\n|poke|p2|Porygon-Z|\n|poke|p2|Chansey, F|\n|teampreview\n|inactive|Battle timer is ON: inactive players will automatically lose when time's up. (requested by Zanty-Chan)\n|inactive|Elin Baecil has 270 seconds left.\n|\n|t:|1699416865\n|start\n|switch|p1a: Chandelure|Chandelure, F|100\/100\n|switch|p2a: Cyclizar|Cyclizar, F|100\/100\n|turn|1\n|l|\u2606Zanty-Chan\n|inactive|Zanty-Chan disconnected and has 300 seconds to reconnect!\n|player|p1|\n|j|\u2606Zanty-Chan\n|inactive|Zanty-Chan reconnected and has 295 seconds left.\n|player|p1|Zanty-Chan|red\n|\n|t:|1699416917\n|move|p1a: Chandelure|Trick|p2a: Cyclizar\n|-activate|p1a: Chandelure|move: Trick|[of] p2a: Cyclizar\n|-item|p2a: Cyclizar|Choice Scarf|[from] move: Trick\n|-item|p1a: Chandelure|Heavy-Duty Boots|[from] move: Trick\n|move|p2a: Cyclizar|Shed Tail|p2a: Cyclizar\n|-start|p2a: Cyclizar|Substitute|[from] move: Shed Tail\n|-damage|p2a: Cyclizar|50\/100\n|\n|t:|1699416929\n|switch|p2a: Porygon-Z|Porygon-Z|100\/100|[from] Shed Tail\n|-ability|p2a: Porygon-Z|Download|boost\n|-boost|p2a: Porygon-Z|atk|1\n|\n|upkeep\n|turn|2\n|c|\u2606Zanty-Chan|Oe, se me va a acabar la bater\u00eda\n|inactive|Zanty-Chan has 270 seconds left.\n|\n|t:|1699416967\n|-zpower|p2a: Porygon-Z\n|move|p2a: Porygon-Z|Z-Conversion|p2a: Porygon-Z|[anim]Conversion\n|-boost|p2a: Porygon-Z|atk|1|[zeffect]\n|-boost|p2a: Porygon-Z|def|1|[zeffect]\n|-boost|p2a: Porygon-Z|spa|1|[zeffect]\n|-boost|p2a: Porygon-Z|spd|1|[zeffect]\n|-boost|p2a: Porygon-Z|spe|1|[zeffect]\n|-start|p2a: Porygon-Z|typechange|Ghost\n|move|p1a: Chandelure|Dark Pulse|p2a: Porygon-Z\n|-supereffective|p2a: Porygon-Z\n|-damage|p2a: Porygon-Z|44\/100\n|\n|upkeep\n|turn|3\n|c|\u2606Elin Baecil|Puedes irte, pero contar\u00eda como tu segundo intento\n|\n|t:|1699416982\n|switch|p1a: Chansey|Chansey, F|100\/100\n|move|p2a: Porygon-Z|Shadow Ball|p1a: Chansey\n|-immune|p1a: Chansey\n|\n|upkeep\n|turn|4\n|inactive|Zanty-Chan has 240 seconds left.\n|c|\u2606Zanty-Chan|Rayos\n|inactive|Zanty-Chan has 210 seconds left.\n|\n|t:|1699417057\n|switch|p1a: Scizor|Scizor, F|100\/100\n|move|p2a: Porygon-Z|Psyshock|p1a: Scizor\n|-resisted|p1a: Scizor\n|-damage|p1a: Scizor|76\/100\n|\n|upkeep\n|turn|5\n|\n|t:|1699417066\n|move|p1a: Scizor|Bullet Punch|p2a: Porygon-Z\n|-end|p2a: Porygon-Z|Substitute\n|-damage|p1a: Scizor|66\/100|[from] item: Life Orb\n|move|p2a: Porygon-Z|Shadow Ball|p1a: Scizor\n|-damage|p1a: Scizor|0 fnt\n|faint|p1a: Scizor\n|\n|upkeep\n|inactive|Zanty-Chan has 180 seconds left.\n|\n|t:|1699417096\n|switch|p1a: Chansey|Chansey, F|100\/100\n|turn|6\n|\n|t:|1699417101\n|move|p2a: Porygon-Z|Psyshock|p1a: Chansey\n|-damage|p1a: Chansey|68\/100\n|move|p1a: Chansey|Toxic|p2a: Porygon-Z\n|-status|p2a: Porygon-Z|tox\n|\n|-damage|p2a: Porygon-Z|38\/100 tox|[from] psn\n|upkeep\n|turn|7\n|\n|t:|1699417107\n|move|p2a: Porygon-Z|Psyshock|p1a: Chansey\n|-damage|p1a: Chansey|37\/100\n|move|p1a: Chansey|Soft-Boiled|p1a: Chansey\n|-heal|p1a: Chansey|87\/100\n|\n|-damage|p2a: Porygon-Z|26\/100 tox|[from] psn\n|upkeep\n|turn|8\n|\n|t:|1699417112\n|move|p2a: Porygon-Z|Psyshock|p1a: Chansey\n|-damage|p1a: Chansey|55\/100\n|move|p1a: Chansey|Soft-Boiled|p1a: Chansey\n|-heal|p1a: Chansey|100\/100\n|\n|-damage|p2a: Porygon-Z|7\/100 tox|[from] psn\n|upkeep\n|turn|9\n|\n|t:|1699417118\n|move|p2a: Porygon-Z|Psyshock|p1a: Chansey\n|-damage|p1a: Chansey|72\/100\n|move|p1a: Chansey|Soft-Boiled|p1a: Chansey\n|-heal|p1a: Chansey|100\/100\n|\n|-damage|p2a: Porygon-Z|0 fnt|[from] psn\n|faint|p2a: Porygon-Z\n|upkeep\n|\n|t:|1699417122\n|switch|p2a: Cyclizar|Cyclizar, F|83\/100\n|turn|10\n|inactive|Zanty-Chan has 210 seconds left.\n|\n|t:|1699417137\n|move|p2a: Cyclizar|Shed Tail|p2a: Cyclizar\n|-start|p2a: Cyclizar|Substitute|[from] move: Shed Tail\n|-damage|p2a: Cyclizar|33\/100\n|\n|t:|1699417161\n|switch|p2a: Dragonite|Dragonite, M|100\/100|[from] Shed Tail\n|move|p1a: Chansey|Seismic Toss|p2a: Dragonite\n|-end|p2a: Dragonite|Substitute\n|\n|upkeep\n|turn|11\n|inactive|Zanty-Chan has 210 seconds left.\n|\n|t:|1699417173\n|-terastallize|p2a: Dragonite|Normal\n|-terastallize|p1a: Chansey|Ghost\n|move|p2a: Dragonite|Encore|p1a: Chansey\n|-start|p1a: Chansey|Encore\n|move|p1a: Chansey|Seismic Toss|p2a: Dragonite\n|-damage|p2a: Dragonite|70\/100\n|\n|upkeep\n|turn|12\n|inactive|Zanty-Chan has 210 seconds left.\n|\n|t:|1699417181\n|move|p2a: Dragonite|Extreme Speed|p1a: Chansey\n|-immune|p1a: Chansey\n|move|p1a: Chansey|Seismic Toss|p2a: Dragonite\n|-damage|p2a: Dragonite|39\/100\n|\n|upkeep\n|turn|13\n|\n|t:|1699417193\n|move|p2a: Dragonite|Earthquake|p1a: Chansey\n|-damage|p1a: Chansey|73\/100\n|move|p1a: Chansey|Seismic Toss|p2a: Dragonite\n|-damage|p2a: Dragonite|8\/100\n|\n|-end|p1a: Chansey|Encore\n|upkeep\n|turn|14\n|\n|t:|1699417211\n|switch|p1a: Dondozo|Dondozo, M|100\/100\n|move|p2a: Dragonite|Encore||[still]\n|-fail|p2a: Dragonite\n|\n|upkeep\n|turn|15\n|\n|t:|1699417221\n|move|p2a: Dragonite|Extreme Speed|p1a: Dondozo\n|-damage|p1a: Dondozo|77\/100\n|move|p1a: Dondozo|Body Press|p2a: Dragonite\n|-supereffective|p2a: Dragonite\n|-damage|p2a: Dragonite|0 fnt\n|faint|p2a: Dragonite\n|\n|-heal|p1a: Dondozo|83\/100|[from] item: Leftovers\n|upkeep\n|\n|t:|1699417228\n|switch|p2a: Kangaskhan|Kangaskhan, F|100\/100\n|turn|16\n|\n|t:|1699417239\n|switch|p1a: Chansey|Chansey, F, tera:Ghost|73\/100\n|detailschange|p2a: Kangaskhan|Kangaskhan-Mega, F\n|-mega|p2a: Kangaskhan|Kangaskhan|Kangaskhanite\n|move|p2a: Kangaskhan|Earthquake|p1a: Chansey\n|-damage|p1a: Chansey|51\/100\n|-damage|p1a: Chansey|45\/100\n|-hitcount|p1a: Chansey|2\n|\n|upkeep\n|turn|17\n|\n|t:|1699417257\n|switch|p2a: Cyclizar|Cyclizar, F|66\/100\n|move|p1a: Chansey|Counter||[still]\n|-fail|p1a: Chansey\n|\n|upkeep\n|turn|18\n|\n|t:|1699417261\n|move|p2a: Cyclizar|Knock Off|p1a: Chansey\n|-supereffective|p1a: Chansey\n|-damage|p1a: Chansey|3\/100\n|-enditem|p1a: Chansey|Eviolite|[from] move: Knock Off|[of] p2a: Cyclizar\n|move|p1a: Chansey|Seismic Toss|p2a: Cyclizar\n|-damage|p2a: Cyclizar|31\/100\n|\n|upkeep\n|turn|19\n|\n|t:|1699417269\n|move|p2a: Cyclizar|Knock Off|p1a: Chansey\n|-supereffective|p1a: Chansey\n|-damage|p1a: Chansey|0 fnt\n|faint|p1a: Chansey\n|\n|upkeep\n|\n|t:|1699417280\n|switch|p1a: Blastoise|Blastoise, M|100\/100\n|turn|20\n|\n|t:|1699417284\n|switch|p2a: Chansey|Chansey, F|100\/100\n|detailschange|p1a: Blastoise|Blastoise-Mega, M\n|-mega|p1a: Blastoise|Blastoise|Blastoisinite\n|move|p1a: Blastoise|Shell Smash|p1a: Blastoise\n|-unboost|p1a: Blastoise|def|1\n|-unboost|p1a: Blastoise|spd|1\n|-boost|p1a: Blastoise|atk|2\n|-boost|p1a: Blastoise|spa|2\n|-boost|p1a: Blastoise|spe|2\n|\n|upkeep\n|turn|21\n|\n|t:|1699417288\n|move|p1a: Blastoise|Aura Sphere|p2a: Chansey\n|-supereffective|p2a: Chansey\n|-damage|p2a: Chansey|48\/100\n|move|p2a: Chansey|Toxic|p1a: Blastoise\n|-status|p1a: Blastoise|tox\n|\n|-damage|p1a: Blastoise|94\/100 tox|[from] psn\n|upkeep\n|turn|22\n|\n|t:|1699417293\n|move|p1a: Blastoise|Aura Sphere|p2a: Chansey\n|-supereffective|p2a: Chansey\n|-damage|p2a: Chansey|0 fnt\n|faint|p2a: Chansey\n|\n|-damage|p1a: Blastoise|82\/100 tox|[from] psn\n|upkeep\n|\n|t:|1699417296\n|switch|p2a: Kangaskhan|Kangaskhan-Mega, F|100\/100\n|turn|23\n|\n|t:|1699417300\n|move|p2a: Kangaskhan|Fake Out|p1a: Blastoise\n|-damage|p1a: Blastoise|57\/100 tox\n|-damage|p1a: Blastoise|51\/100 tox\n|-hitcount|p1a: Blastoise|2\n|cant|p1a: Blastoise|flinch\n|\n|-damage|p1a: Blastoise|33\/100 tox|[from] psn\n|upkeep\n|turn|24\n|\n|t:|1699417316\n|switch|p2a: Cyclizar|Cyclizar, F|64\/100\n|move|p1a: Blastoise|Aura Sphere|p2a: Cyclizar\n|-supereffective|p2a: Cyclizar\n|-damage|p2a: Cyclizar|0 fnt\n|faint|p2a: Cyclizar\n|\n|-damage|p1a: Blastoise|8\/100 tox|[from] psn\n|upkeep\n|\n|t:|1699417318\n|switch|p2a: Kangaskhan|Kangaskhan-Mega, F|100\/100\n|turn|25\n|inactive|Zanty-Chan has 270 seconds left.\n|\n|t:|1699417357\n|switch|p1a: Dondozo|Dondozo, M|83\/100\n|move|p2a: Kangaskhan|Fake Out|p1a: Dondozo\n|-damage|p1a: Dondozo|73\/100\n|-damage|p1a: Dondozo|71\/100\n|-hitcount|p1a: Dondozo|2\n|\n|-heal|p1a: Dondozo|77\/100|[from] item: Leftovers\n|upkeep\n|turn|26\n|\n|t:|1699417378\n|switch|p1a: Blastoise|Blastoise-Mega, M|8\/100 tox\n|move|p2a: Kangaskhan|Seismic Toss|p1a: Blastoise\n|-damage|p1a: Blastoise|0 fnt\n|faint|p1a: Blastoise\n|-hitcount|p1: Blastoise|1\n|\n|upkeep\n|\n|t:|1699417388\n|switch|p1a: Porygon-Z|Porygon-Z|100\/100\n|turn|27\n|\n|t:|1699417395\n|move|p2a: Kangaskhan|Earthquake|p1a: Porygon-Z\n|-damage|p1a: Porygon-Z|55\/100\n|-damage|p1a: Porygon-Z|42\/100\n|-hitcount|p1a: Porygon-Z|2\n|-zpower|p1a: Porygon-Z\n|move|p1a: Porygon-Z|Z-Conversion|p1a: Porygon-Z|[anim]Conversion\n|-boost|p1a: Porygon-Z|atk|1|[zeffect]\n|-boost|p1a: Porygon-Z|def|1|[zeffect]\n|-boost|p1a: Porygon-Z|spa|1|[zeffect]\n|-boost|p1a: Porygon-Z|spd|1|[zeffect]\n|-boost|p1a: Porygon-Z|spe|1|[zeffect]\n|-start|p1a: Porygon-Z|typechange|Ghost\n|\n|upkeep\n|turn|28\n|\n|t:|1699417402\n|move|p1a: Porygon-Z|Hidden Power|p2a: Kangaskhan\n|-supereffective|p2a: Kangaskhan\n|-damage|p2a: Kangaskhan|38\/100\n|move|p2a: Kangaskhan|Earthquake|p1a: Porygon-Z\n|-damage|p1a: Porygon-Z|13\/100\n|-damage|p1a: Porygon-Z|5\/100\n|-hitcount|p1a: Porygon-Z|2\n|\n|upkeep\n|turn|29\n|\n|t:|1699417413\n|move|p1a: Porygon-Z|Hidden Power|p2a: Kangaskhan\n|-supereffective|p2a: Kangaskhan\n|-damage|p2a: Kangaskhan|0 fnt\n|faint|p2a: Kangaskhan\n|\n|upkeep\n|\n|t:|1699417415\n|switch|p2a: Ursaluna|Ursaluna-Bloodmoon, M|100\/100\n|turn|30\n|inactive|Zanty-Chan has 270 seconds left.\n|\n|t:|1699417422\n|move|p1a: Porygon-Z|Hidden Power|p2a: Ursaluna\n|-supereffective|p2a: Ursaluna\n|-damage|p2a: Ursaluna|23\/100\n|move|p2a: Ursaluna|Calm Mind|p2a: Ursaluna\n|-boost|p2a: Ursaluna|spa|1\n|-boost|p2a: Ursaluna|spd|1\n|\n|-heal|p2a: Ursaluna|29\/100|[from] item: Leftovers\n|upkeep\n|turn|31\n|\n|t:|1699417428\n|move|p1a: Porygon-Z|Hidden Power|p2a: Ursaluna\n|-supereffective|p2a: Ursaluna\n|-damage|p2a: Ursaluna|0 fnt\n|faint|p2a: Ursaluna\n|\n|win|Zanty-Chan\n|c|\u2606Elin Baecil|gg\n","uploadtime":1699417437,"views":5,"p1id":"zantychan","p2id":"elinbaecil","formatid":"gen9nationaldexubers","rating":0,"private":0,"password":""}