{"id":"gen9nationaldexubers-1986824056","p1":"unglitchedlatios8","p2":"ThaGodd","format":"[Gen 9] National Dex Ubers","log":"|j|\u2606unglitchedlatios8\n|j|\u2606ThaGodd\n|t:|1699530555\n|gametype|singles\n|player|p1|unglitchedlatios8|iono|1046\n|player|p2|ThaGodd|265|1106\n|teamsize|p1|6\n|teamsize|p2|6\n|gen|9\n|tier|[Gen 9] National Dex Ubers\n|rated|\n|rule|HP Percentage Mod: HP is shown in percentages\n|rule|Endless Battle Clause: Forcing endless battles is banned\n|rule|OHKO Clause: OHKO moves are banned\n|rule|Evasion Moves Clause: Evasion moves are banned\n|rule|Evasion Items Clause: Evasion items are banned\n|rule|Species Clause: Limit one of each Pok\u00e9mon\n|rule|Sleep Clause Mod: Limit one foe put to sleep\n|rule|Mega Rayquaza Clause: You cannot mega evolve Rayquaza\n|clearpoke\n|poke|p1|Zacian-*|\n|poke|p1|Arceus-Ghost|\n|poke|p1|Groudon|\n|poke|p1|Chansey, F|\n|poke|p1|Salamence, M|\n|poke|p1|Xerneas-*|\n|poke|p2|Necrozma-Dusk-Mane|\n|poke|p2|Pyukumuku, M|\n|poke|p2|Zeraora|\n|poke|p2|Zygarde|\n|poke|p2|Mandibuzz, F|\n|poke|p2|Shuckle, M|\n|teampreview\n|\n|t:|1699530560\n|start\n|switch|p1a: Groudon|Groudon, shiny|100\/100\n|switch|p2a: Shuckle|Shuckle, M|100\/100\n|detailschange|p1a: Groudon|Groudon-Primal, shiny\n|-primal|p1a: Groudon|Red Orb\n|-weather|DesolateLand|[from] ability: Desolate Land|[of] p1a: Groudon\n|turn|1\n|\n|t:|1699530568\n|move|p1a: Groudon|Stealth Rock|p2a: Shuckle\n|-sidestart|p2: ThaGodd|move: Stealth Rock\n|move|p2a: Shuckle|Toxic|p1a: Groudon\n|-status|p1a: Groudon|tox\n|\n|-weather|DesolateLand|[upkeep]\n|-damage|p1a: Groudon|94\/100 tox|[from] psn\n|upkeep\n|turn|2\n|\n|t:|1699530577\n|move|p1a: Groudon|Earth Power|p2a: Shuckle\n|-damage|p2a: Shuckle|72\/100\n|move|p2a: Shuckle|Sticky Web|p1a: Groudon\n|-sidestart|p1: unglitchedlatios8|move: Sticky Web\n|\n|-weather|DesolateLand|[upkeep]\n|-damage|p1a: Groudon|82\/100 tox|[from] psn\n|upkeep\n|turn|3\n|\n|t:|1699530584\n|move|p1a: Groudon|Fire Blast|p2a: Shuckle\n|-damage|p2a: Shuckle|13\/100\n|move|p2a: Shuckle|Stealth Rock|p1a: Groudon\n|-sidestart|p1: unglitchedlatios8|move: Stealth Rock\n|\n|-weather|DesolateLand|[upkeep]\n|-damage|p1a: Groudon|63\/100 tox|[from] psn\n|upkeep\n|turn|4\n|\n|t:|1699530589\n|move|p1a: Groudon|Earth Power|p2a: Shuckle\n|-damage|p2a: Shuckle|0 fnt\n|faint|p2a: Shuckle\n|\n|-weather|DesolateLand|[upkeep]\n|-damage|p1a: Groudon|39\/100 tox|[from] psn\n|upkeep\n|\n|t:|1699530603\n|switch|p2a: Zeraora|Zeraora, shiny|100\/100\n|-damage|p2a: Zeraora|88\/100|[from] Stealth Rock\n|turn|5\n|\n|t:|1699530611\n|move|p2a: Zeraora|Play Rough|p1a: Groudon\n|-resisted|p1a: Groudon\n|-damage|p1a: Groudon|29\/100 tox\n|move|p1a: Groudon|Earth Power|p2a: Zeraora\n|-supereffective|p2a: Zeraora\n|-damage|p2a: Zeraora|0 fnt\n|faint|p2a: Zeraora\n|\n|-weather|DesolateLand|[upkeep]\n|-damage|p1a: Groudon|0 fnt|[from] psn\n|faint|p1a: Groudon\n|-weather|none\n|upkeep\n|\n|t:|1699530620\n|switch|p2a: Zygarde|Zygarde, shiny|100\/100\n|switch|p1a: Arceus|Arceus-Ghost|100\/100\n|-activate|p1a: Arceus|move: Sticky Web\n|-unboost|p1a: Arceus|spe|1\n|-damage|p1a: Arceus|88\/100|[from] Stealth Rock\n|-damage|p2a: Zygarde|94\/100|[from] Stealth Rock\n|turn|6\n|\n|t:|1699530624\n|move|p2a: Zygarde|Substitute|p2a: Zygarde\n|-start|p2a: Zygarde|Substitute\n|-damage|p2a: Zygarde|69\/100\n|move|p1a: Arceus|Swords Dance|p1a: Arceus\n|-boost|p1a: Arceus|atk|2\n|\n|-heal|p2a: Zygarde|75\/100|[from] item: Leftovers\n|upkeep\n|turn|7\n|\n|t:|1699530626\n|move|p1a: Arceus|Extreme Speed|p2a: Zygarde\n|-end|p2a: Zygarde|Substitute\n|move|p2a: Zygarde|Dragon Dance|p2a: Zygarde\n|-boost|p2a: Zygarde|atk|1\n|-boost|p2a: Zygarde|spe|1\n|\n|-heal|p2a: Zygarde|82\/100|[from] item: Leftovers\n|upkeep\n|turn|8\n|\n|t:|1699530630\n|move|p2a: Zygarde|Substitute|p2a: Zygarde\n|-start|p2a: Zygarde|Substitute\n|-damage|p2a: Zygarde|57\/100\n|-zpower|p1a: Arceus\n|move|p1a: Arceus|Never-Ending Nightmare|p2a: Zygarde|[zeffect]\n|-end|p2a: Zygarde|Substitute\n|\n|-heal|p2a: Zygarde|63\/100|[from] item: Leftovers\n|upkeep\n|turn|9\n|\n|t:|1699530635\n|move|p1a: Arceus|Extreme Speed|p2a: Zygarde\n|-damage|p2a: Zygarde|25\/100\n|move|p2a: Zygarde|Crunch|p1a: Arceus\n|-supereffective|p1a: Arceus\n|-damage|p1a: Arceus|42\/100\n|\n|-heal|p2a: Zygarde|31\/100|[from] item: Leftovers\n|-activate|p2a: Zygarde|ability: Power Construct\n|detailschange|p2a: Zygarde|Zygarde-Complete, shiny\n|-heal|p2a: Zygarde|56\/100|[silent]\n|upkeep\n|turn|10\n|\n|t:|1699530645\n|-terastallize|p2a: Zygarde|Dragon\n|move|p1a: Arceus|Extreme Speed|p2a: Zygarde\n|-damage|p2a: Zygarde|31\/100\n|move|p2a: Zygarde|Crunch|p1a: Arceus\n|-supereffective|p1a: Arceus\n|-damage|p1a: Arceus|0 fnt\n|faint|p1a: Arceus\n|\n|-heal|p2a: Zygarde|37\/100|[from] item: Leftovers\n|upkeep\n|\n|t:|1699530657\n|switch|p1a: Xerneas|Xerneas, shiny|100\/100\n|-activate|p1a: Xerneas|move: Sticky Web\n|-unboost|p1a: Xerneas|spe|1\n|-damage|p1a: Xerneas|88\/100|[from] Stealth Rock\n|-ability|p1a: Xerneas|Fairy Aura\n|turn|11\n|\n|t:|1699530685\n|move|p2a: Zygarde|Thousand Arrows|p1a: Xerneas\n|-damage|p1a: Xerneas|39\/100\n|move|p1a: Xerneas|Geomancy||[still]\n|-prepare|p1a: Xerneas|Geomancy\n|-enditem|p1a: Xerneas|Power Herb\n|-anim|p1a: Xerneas|Geomancy|p1a: Xerneas\n|-boost|p1a: Xerneas|spa|2\n|-boost|p1a: Xerneas|spd|2\n|-boost|p1a: Xerneas|spe|2\n|\n|-heal|p2a: Zygarde|44\/100|[from] item: Leftovers\n|upkeep\n|turn|12\n|\n|t:|1699530694\n|move|p1a: Xerneas|Draining Kiss|p2a: Zygarde\n|-supereffective|p2a: Zygarde\n|-damage|p2a: Zygarde|0 fnt\n|-heal|p1a: Xerneas|82\/100|[from] drain|[of] p2a: Zygarde\n|faint|p2a: Zygarde\n|\n|upkeep\n|\n|t:|1699530699\n|switch|p2a: Pyukumuku|Pyukumuku, M|100\/100\n|-damage|p2a: Pyukumuku|88\/100|[from] Stealth Rock\n|turn|13\n|\n|t:|1699530704\n|move|p2a: Pyukumuku|Protect|p2a: Pyukumuku\n|-singleturn|p2a: Pyukumuku|Protect\n|move|p1a: Xerneas|Geomancy||[still]\n|-prepare|p1a: Xerneas|Geomancy\n|\n|-heal|p2a: Pyukumuku|94\/100|[from] item: Leftovers\n|upkeep\n|turn|14\n|\n|t:|1699530709\n|move|p1a: Xerneas|Geomancy|p1a: Xerneas|[from]lockedmove\n|-boost|p1a: Xerneas|spa|2\n|-boost|p1a: Xerneas|spd|2\n|-boost|p1a: Xerneas|spe|2\n|move|p2a: Pyukumuku|Toxic|p1a: Xerneas\n|-status|p1a: Xerneas|tox\n|\n|-heal|p2a: Pyukumuku|99\/100|[from] item: Leftovers\n|-damage|p1a: Xerneas|75\/100 tox|[from] psn\n|upkeep\n|turn|15\n|\n|t:|1699530715\n|move|p2a: Pyukumuku|Protect|p2a: Pyukumuku\n|-singleturn|p2a: Pyukumuku|Protect\n|move|p1a: Xerneas|Draining Kiss|p2a: Pyukumuku\n|-activate|p2a: Pyukumuku|move: Protect\n|\n|-heal|p2a: Pyukumuku|100\/100|[from] item: Leftovers\n|-damage|p1a: Xerneas|63\/100 tox|[from] psn\n|upkeep\n|turn|16\n|\n|t:|1699530720\n|move|p1a: Xerneas|Draining Kiss|p2a: Pyukumuku\n|-crit|p2a: Pyukumuku\n|-damage|p2a: Pyukumuku|68\/100\n|-heal|p1a: Xerneas|80\/100 tox|[from] drain|[of] p2a: Pyukumuku\n|move|p2a: Pyukumuku|Recover|p2a: Pyukumuku\n|-heal|p2a: Pyukumuku|100\/100\n|\n|-damage|p1a: Xerneas|62\/100 tox|[from] psn\n|upkeep\n|turn|17\n|\n|t:|1699530724\n|move|p2a: Pyukumuku|Protect|p2a: Pyukumuku\n|-singleturn|p2a: Pyukumuku|Protect\n|move|p1a: Xerneas|Thunderbolt|p2a: Pyukumuku\n|-activate|p2a: Pyukumuku|move: Protect\n|\n|-damage|p1a: Xerneas|37\/100 tox|[from] psn\n|upkeep\n|turn|18\n|\n|t:|1699530727\n|move|p1a: Xerneas|Thunderbolt|p2a: Pyukumuku\n|-supereffective|p2a: Pyukumuku\n|-damage|p2a: Pyukumuku|58\/100\n|move|p2a: Pyukumuku|Recover|p2a: Pyukumuku\n|-heal|p2a: Pyukumuku|100\/100\n|\n|-damage|p1a: Xerneas|6\/100 tox|[from] psn\n|upkeep\n|turn|19\n|\n|t:|1699530732\n|move|p2a: Pyukumuku|Protect|p2a: Pyukumuku\n|-singleturn|p2a: Pyukumuku|Protect\n|move|p1a: Xerneas|Draining Kiss|p2a: Pyukumuku\n|-activate|p2a: Pyukumuku|move: Protect\n|\n|-damage|p1a: Xerneas|0 fnt|[from] psn\n|faint|p1a: Xerneas\n|upkeep\n|c|\u2606ThaGodd|:3\n|\n|t:|1699530734\n|switch|p1a: Salamence|Salamence, M, shiny|100\/100\n|-damage|p1a: Salamence|76\/100|[from] Stealth Rock\n|-ability|p1a: Salamence|Intimidate|boost\n|-unboost|p2a: Pyukumuku|atk|1\n|turn|20\n|\n|t:|1699530740\n|detailschange|p1a: Salamence|Salamence-Mega, M, shiny\n|-mega|p1a: Salamence|Salamence|Salamencite\n|move|p1a: Salamence|Dragon Dance|p1a: Salamence\n|-boost|p1a: Salamence|atk|1\n|-boost|p1a: Salamence|spe|1\n|move|p2a: Pyukumuku|Toxic|p1a: Salamence\n|-status|p1a: Salamence|tox\n|\n|-damage|p1a: Salamence|70\/100 tox|[from] psn\n|upkeep\n|turn|21\n|\n|t:|1699530743\n|move|p2a: Pyukumuku|Protect|p2a: Pyukumuku\n|-singleturn|p2a: Pyukumuku|Protect\n|move|p1a: Salamence|Dragon Dance|p1a: Salamence\n|-boost|p1a: Salamence|atk|1\n|-boost|p1a: Salamence|spe|1\n|\n|-damage|p1a: Salamence|57\/100 tox|[from] psn\n|upkeep\n|turn|22\n|\n|t:|1699530747\n|move|p1a: Salamence|Dragon Dance|p1a: Salamence\n|-boost|p1a: Salamence|atk|1\n|-boost|p1a: Salamence|spe|1\n|move|p2a: Pyukumuku|Recover||[still]\n|-fail|p2a: Pyukumuku|heal\n|\n|-damage|p1a: Salamence|39\/100 tox|[from] psn\n|upkeep\n|turn|23\n|c|\u2606ThaGodd|thx bro\n|c|\u2606ThaGodd|i win\n|\n|t:|1699530759\n|move|p2a: Pyukumuku|Protect|p2a: Pyukumuku\n|-singleturn|p2a: Pyukumuku|Protect\n|move|p1a: Salamence|Roost|p1a: Salamence\n|-heal|p1a: Salamence|89\/100 tox\n|-singleturn|p1a: Salamence|move: Roost\n|\n|-damage|p1a: Salamence|65\/100 tox|[from] psn\n|upkeep\n|turn|24\n|\n|t:|1699530768\n|move|p1a: Salamence|Return|p2a: Pyukumuku\n|-damage|p2a: Pyukumuku|59\/100\n|move|p2a: Pyukumuku|Recover|p2a: Pyukumuku\n|-heal|p2a: Pyukumuku|100\/100\n|\n|-damage|p1a: Salamence|34\/100 tox|[from] psn\n|upkeep\n|turn|25\n|\n|t:|1699530772\n|move|p2a: Pyukumuku|Protect|p2a: Pyukumuku\n|-singleturn|p2a: Pyukumuku|Protect\n|move|p1a: Salamence|Dragon Dance|p1a: Salamence\n|-boost|p1a: Salamence|atk|1\n|-boost|p1a: Salamence|spe|1\n|\n|-damage|p1a: Salamence|0 fnt|[from] psn\n|faint|p1a: Salamence\n|upkeep\n|\n|t:|1699530775\n|switch|p1a: Zacian|Zacian-Crowned, shiny|100\/100\n|-activate|p1a: Zacian|move: Sticky Web\n|-unboost|p1a: Zacian|spe|1\n|-damage|p1a: Zacian|94\/100|[from] Stealth Rock\n|-ability|p1a: Zacian|Intrepid Sword|boost\n|-boost|p1a: Zacian|atk|1\n|turn|26\n|\n|t:|1699530779\n|move|p1a: Zacian|Swords Dance|p1a: Zacian\n|-boost|p1a: Zacian|atk|2\n|move|p2a: Pyukumuku|Soak|p1a: Zacian\n|-start|p1a: Zacian|typechange|Water\n|\n|upkeep\n|turn|27\n|\n|t:|1699530786\n|move|p1a: Zacian|Swords Dance|p1a: Zacian\n|-boost|p1a: Zacian|atk|2\n|move|p2a: Pyukumuku|Toxic|p1a: Zacian\n|-status|p1a: Zacian|tox\n|\n|-damage|p1a: Zacian|88\/100 tox|[from] psn\n|upkeep\n|turn|28\n|\n|t:|1699530788\n|move|p2a: Pyukumuku|Protect|p2a: Pyukumuku\n|-singleturn|p2a: Pyukumuku|Protect\n|move|p1a: Zacian|Swords Dance|p1a: Zacian\n|-boost|p1a: Zacian|atk|1\n|\n|-damage|p1a: Zacian|76\/100 tox|[from] psn\n|upkeep\n|turn|29\n|\n|t:|1699530792\n|-terastallize|p1a: Zacian|Fairy\n|move|p1a: Zacian|Play Rough|p2a: Pyukumuku\n|-damage|p2a: Pyukumuku|64\/100\n|move|p2a: Pyukumuku|Recover|p2a: Pyukumuku\n|-heal|p2a: Pyukumuku|100\/100\n|\n|-damage|p1a: Zacian|57\/100 tox|[from] psn\n|upkeep\n|turn|30\n|\n|t:|1699530796\n|move|p2a: Pyukumuku|Protect|p2a: Pyukumuku\n|-singleturn|p2a: Pyukumuku|Protect\n|move|p1a: Zacian|Play Rough|p2a: Pyukumuku\n|-activate|p2a: Pyukumuku|move: Protect\n|\n|-damage|p1a: Zacian|33\/100 tox|[from] psn\n|upkeep\n|turn|31\n|\n|t:|1699530799\n|move|p2a: Pyukumuku|Protect|p2a: Pyukumuku\n|-singleturn|p2a: Pyukumuku|Protect\n|move|p1a: Zacian|Play Rough|p2a: Pyukumuku\n|-activate|p2a: Pyukumuku|move: Protect\n|\n|-damage|p1a: Zacian|2\/100 tox|[from] psn\n|upkeep\n|turn|32\n|c|\u2606unglitchedlatios8|are you serious\n|c|\u2606ThaGodd|too ez\n|c|\u2606unglitchedlatios8|why othing can be effective\n|c|\u2606ThaGodd|u suck asf,thats why\n|inactive|Battle timer is ON: inactive players will automatically lose when time's up. (requested by ThaGodd)\n|c|\u2606ThaGodd|read the ability\n|c|\u2606ThaGodd|lmao\n|c|\u2606ThaGodd|\"unaware\"\n|c|\u2606ThaGodd|all your boost doesn't matter\n|c|\u2606unglitchedlatios8|im changing my team now\n|c|\u2606ThaGodd|with that ability\n|c|\u2606ThaGodd|lel\n|inactive|unglitchedlatios8 has 120 seconds left.\n|\n|t:|1699530856\n|switch|p1a: Chansey|Chansey, F, shiny|100\/100\n|-activate|p1a: Chansey|move: Sticky Web\n|-unboost|p1a: Chansey|spe|1\n|-damage|p1a: Chansey|88\/100|[from] Stealth Rock\n|move|p2a: Pyukumuku|Recover||[still]\n|-fail|p2a: Pyukumuku|heal\n|\n|upkeep\n|turn|33\n|\n|t:|1699530865\n|switch|p2a: Necrozma|Necrozma-Dusk-Mane, shiny|100\/100\n|-damage|p2a: Necrozma|95\/100|[from] Stealth Rock\n|move|p1a: Chansey|Wish|p1a: Chansey\n|\n|-heal|p2a: Necrozma|100\/100|[from] item: Leftovers\n|upkeep\n|turn|34\n|\n|t:|1699530872\n|move|p2a: Necrozma|Dragon Dance|p2a: Necrozma\n|-boost|p2a: Necrozma|atk|1\n|-boost|p2a: Necrozma|spe|1\n|move|p1a: Chansey|Wish||[still]\n|-fail|p1a: Chansey\n|\n|-heal|p1a: Chansey|100\/100|[from] move: Wish|[wisher] Chansey\n|upkeep\n|turn|35\n|\n|t:|1699530876\n|move|p2a: Necrozma|Dragon Dance|p2a: Necrozma\n|-boost|p2a: Necrozma|atk|1\n|-boost|p2a: Necrozma|spe|1\n|move|p1a: Chansey|Wish|p1a: Chansey\n|\n|upkeep\n|turn|36\n|\n|t:|1699530879\n|move|p2a: Necrozma|Dragon Dance|p2a: Necrozma\n|-boost|p2a: Necrozma|atk|1\n|-boost|p2a: Necrozma|spe|1\n|move|p1a: Chansey|Wish||[still]\n|-fail|p1a: Chansey\n|\n|upkeep\n|turn|37\n|c|\u2606ThaGodd|i literally fu ck ur ass up\n|inactive|unglitchedlatios8 has 120 seconds left.\n|c|\u2606unglitchedlatios8|well im going to bring taunt next time\n|-message|unglitchedlatios8 forfeited.\n|\n|win|ThaGodd\n|raw|unglitchedlatios8's rating: 1046 &rarr; <strong>1032<\/strong><br \/>(-14 for losing)\n|raw|ThaGodd's rating: 1106 &rarr; <strong>1127<\/strong><br \/>(+21 for winning)\n","uploadtime":1699530900,"views":4,"p1id":"unglitchedlatios8","p2id":"thagodd","formatid":"gen9nationaldexubers","rating":1032,"private":0,"password":""}