{"id":"gen9nationaldexubers-1978042030","p1":"TheEliteNerd","p2":"Superpowerguy11","format":"[Gen 9] National Dex Ubers","log":"|j|\u2606TheEliteNerd\n|j|\u2606Superpowerguy11\n|t:|1698489898\n|gametype|singles\n|player|p1|TheEliteNerd|hilbert-wonderlauncher|1173\n|player|p2|Superpowerguy11|unknown|1237\n|teamsize|p1|6\n|teamsize|p2|6\n|gen|9\n|tier|[Gen 9] National Dex Ubers\n|rated|\n|rule|HP Percentage Mod: HP is shown in percentages\n|rule|Endless Battle Clause: Forcing endless battles is banned\n|rule|OHKO Clause: OHKO moves are banned\n|rule|Evasion Moves Clause: Evasion moves are banned\n|rule|Evasion Items Clause: Evasion items are banned\n|rule|Species Clause: Limit one of each Pok\u00e9mon\n|rule|Sleep Clause Mod: Limit one foe put to sleep\n|rule|Mega Rayquaza Clause: You cannot mega evolve Rayquaza\n|clearpoke\n|poke|p1|Zoroark-Hisui, M|\n|poke|p1|Sableye, F|\n|poke|p1|Ceruledge, M|\n|poke|p1|Basculegion, M|\n|poke|p1|Trevenant, F|\n|poke|p1|Dhelmise|\n|poke|p2|Dondozo, M|\n|poke|p2|Chansey, F|\n|poke|p2|Shaymin-Sky|\n|poke|p2|Ditto|\n|poke|p2|Arceus-Dark|\n|poke|p2|Deoxys-Attack|\n|teampreview\n|inactive|Battle timer is ON: inactive players will automatically lose when time's up. (requested by Superpowerguy11)\n|c|\u2606TheEliteNerd|Glhf\n|c|\u2606Superpowerguy11|are you a newbie?\n|c|\u2606TheEliteNerd|No\n|c|\u2606TheEliteNerd|Why?\n|inactive|Superpowerguy11 has 120 seconds left.\n|c|\u2606Superpowerguy11|then why ur elo is low\n|\n|t:|1698489934\n|start\n|switch|p1a: Sableye|Sableye, F, shiny|100\/100\n|switch|p2a: Ace|Deoxys-Attack|100\/100\n|-ability|p2a: Ace|Pressure\n|turn|1\n|c|\u2606TheEliteNerd|Cos I don't play that often\n|c|\u2606Superpowerguy11|ok\n|\n|t:|1698489955\n|switch|p2a: Anti Prankster-God|Arceus-Dark|100\/100\n|move|p1a: Sableye|Fake Out|p2a: Anti Prankster-God\n|-damage|p2a: Anti Prankster-God|94\/100\n|\n|upkeep\n|turn|2\n|c|\u2606TheEliteNerd|Are you a newbie?\n|inactive|TheEliteNerd has 120 seconds left.\n|\n|t:|1698489978\n|move|p1a: Sableye|Will-O-Wisp|p2a: Anti Prankster-God\n|-hint|Since gen 7, Dark is immune to Prankster moves.\n|-immune|p2a: Anti Prankster-God\n|move|p2a: Anti Prankster-God|Judgment|p1a: Sableye\n|-damage|p1a: Sableye|16\/100\n|\n|upkeep\n|turn|3\n|c|\u2606Superpowerguy11|no\n|inactive|TheEliteNerd has 120 seconds left.\n|c|\u2606TheEliteNerd|I keep forgetting to mega before I do that\n|\n|t:|1698490004\n|move|p1a: Sableye|Recover|p1a: Sableye\n|-heal|p1a: Sableye|67\/100\n|move|p2a: Anti Prankster-God|Judgment|p1a: Sableye\n|-damage|p1a: Sableye|0 fnt\n|faint|p1a: Sableye\n|\n|upkeep\n|c|\u2606Superpowerguy11|well dark is immune to prankster\n|inactive|TheEliteNerd has 90 seconds left.\n|\n|t:|1698490025\n|switch|p1a: Basculegion|Basculegion, M|100\/100\n|turn|4\n|c|\u2606Superpowerguy11|don't u know that?\n|inactive|TheEliteNerd has 90 seconds left.\n|c|\u2606TheEliteNerd|Mfer I just said I keep forgetting to mega\n|c|\u2606Superpowerguy11|Mfer?\n|c|\u2606Superpowerguy11|what is Mfer\n|c|\u2606TheEliteNerd|Mega Sable's ability is magic bounce\n|inactive|TheEliteNerd has 60 seconds left.\n|c|\u2606Superpowerguy11|yes ik\n|c|\u2606TheEliteNerd|Mfer is motherfucker\n|c|\u2606Superpowerguy11|hey\n|\n|t:|1698490090\n|switch|p1a: Trevenant|Trevenant, F|100\/100\n|move|p2a: Anti Prankster-God|Judgment|p1a: Trevenant\n|-supereffective|p1a: Trevenant\n|-damage|p1a: Trevenant|0 fnt\n|faint|p1a: Trevenant\n|\n|upkeep\n|c|\u2606Superpowerguy11|how long have u played this game\n|inactive|TheEliteNerd has 30 seconds left.\n|inactive|TheEliteNerd has 20 seconds left.\n|c|\u2606TheEliteNerd|Long enough. But I'm an idiot so I forget to do stuff sometimes\n|inactive|TheEliteNerd has 15 seconds left.\n|\n|t:|1698490116\n|switch|p1a: Ceruledge|Ceruledge, M|100\/100\n|turn|5\n|inactive|TheEliteNerd has 25 seconds left this turn.\n|c|\u2606Superpowerguy11|ur ghost mono type\n|\n|t:|1698490135\n|move|p2a: Anti Prankster-God|Judgment|p1a: Ceruledge\n|-supereffective|p1a: Ceruledge\n|-enditem|p1a: Ceruledge|Focus Sash\n|-damage|p1a: Ceruledge|1\/100\n|move|p1a: Ceruledge|Bitter Blade|p2a: Anti Prankster-God\n|-damage|p2a: Anti Prankster-God|61\/100\n|-heal|p1a: Ceruledge|23\/100|[from] drain|[of] p2a: Anti Prankster-God\n|\n|upkeep\n|turn|6\n|inactive|TheEliteNerd has 30 seconds left.\n|c|\u2606Superpowerguy11|I played this game for almost 3 yeaars\n|c|\u2606TheEliteNerd|Yes\n|\n|t:|1698490149\n|move|p1a: Ceruledge|Shadow Sneak|p2a: Anti Prankster-God\n|-resisted|p2a: Anti Prankster-God\n|-damage|p2a: Anti Prankster-God|52\/100\n|move|p2a: Anti Prankster-God|Judgment|p1a: Ceruledge\n|-supereffective|p1a: Ceruledge\n|-damage|p1a: Ceruledge|0 fnt\n|faint|p1a: Ceruledge\n|\n|upkeep\n|inactive|TheEliteNerd has 30 seconds left this turn.\n|inactive|TheEliteNerd has 20 seconds left.\n|\n|t:|1698490164\n|switch|p1a: Basculegion|Basculegion, M|100\/100\n|turn|7\n|inactive|TheEliteNerd has 30 seconds left this turn.\n|c|\u2606Superpowerguy11|ur ghost is weak to my dark arceus\n|c|\u2606Superpowerguy11|sad\n|\n|t:|1698490173\n|move|p1a: Basculegion|Wave Crash|p2a: Anti Prankster-God\n|-damage|p2a: Anti Prankster-God|0 fnt\n|faint|p2a: Anti Prankster-God\n|-damage|p1a: Basculegion|83\/100|[from] Recoil\n|\n|upkeep\n|c|\u2606TheEliteNerd|Shame isn't it\n|\n|t:|1698490182\n|switch|p2a: Imposter|Ditto, shiny|100\/100\n|-transform|p2a: Imposter|p1a: Basculegion|[from] ability: Imposter\n|turn|8\n|\n|t:|1698490188\n|switch|p1a: Dhelmise|Dhelmise|100\/100\n|move|p2a: Imposter|Last Respects|p1a: Dhelmise\n|-immune|p1a: Dhelmise\n|\n|upkeep\n|turn|9\n|c|\u2606Superpowerguy11|hahaha\n|c|\u2606Superpowerguy11|its zoroark\n|c|\u2606Superpowerguy11|I knew it\n|\n|t:|1698490215\n|switch|p2a: Support|Chansey, F|100\/100\n|move|p1a: Dhelmise|Calm Mind|p1a: Dhelmise\n|-boost|p1a: Dhelmise|spa|1\n|-boost|p1a: Dhelmise|spd|1\n|\n|upkeep\n|turn|10\n|c|\u2606TheEliteNerd|No that's clearly an anchor\n|c|\u2606TheEliteNerd|What's zoroark?\n|c|\u2606Superpowerguy11|pokemon\n|inactive|Superpowerguy11 has 120 seconds left.\n|c|\u2606TheEliteNerd|Gen 10?\n|\n|t:|1698490246\n|move|p1a: Dhelmise|Sludge Bomb|p2a: Support\n|-damage|p2a: Support|86\/100\n|-damage|p1a: Dhelmise|91\/100|[from] item: Life Orb\n|move|p2a: Support|Toxic|p1a: Dhelmise\n|-status|p1a: Dhelmise|tox\n|\n|-damage|p1a: Dhelmise|85\/100 tox|[from] psn\n|upkeep\n|turn|11\n|c|\u2606TheEliteNerd|Never heard of him\n|c|\u2606Superpowerguy11|your team is literally a zoroark\n|c|\u2606Superpowerguy11|zoroark hisui\n|inactive|Superpowerguy11 has 90 seconds left.\n|c|\u2606TheEliteNerd|No I Don't think so\n|\n|t:|1698490281\n|switch|p2a: Fortune|Shaymin-Sky, shiny|100\/100\n|move|p1a: Dhelmise|Flamethrower|p2a: Fortune\n|-supereffective|p2a: Fortune\n|-damage|p2a: Fortune|0 fnt\n|faint|p2a: Fortune\n|-damage|p1a: Dhelmise|75\/100 tox|[from] item: Life Orb\n|\n|-damage|p1a: Dhelmise|63\/100 tox|[from] psn\n|upkeep\n|\n|t:|1698490286\n|switch|p2a: Ace|Deoxys-Attack|100\/100\n|-ability|p2a: Ace|Pressure\n|turn|12\n|\n|t:|1698490297\n|move|p2a: Ace|Ice Beam|p1a: Dhelmise\n|-damage|p1a: Dhelmise|5\/100 tox\n|replace|p1a: Zoroark|Zoroark-Hisui, M, shiny\n|-end|p1a: Zoroark|Illusion\n|move|p1a: Zoroark|Shadow Ball|p2a: Ace\n|-supereffective|p2a: Ace\n|-enditem|p2a: Ace|Focus Sash\n|-damage|p2a: Ace|1\/100\n|-damage|p1a: Zoroark|0 fnt|[from] item: Life Orb\n|faint|p1a: Zoroark\n|\n|upkeep\n|c|\u2606Superpowerguy11|caught\n|c|\u2606TheEliteNerd|Ohhh that's a zoroark\n|\n|t:|1698490316\n|switch|p1a: Basculegion|Basculegion, M|83\/100\n|turn|13\n|\n|t:|1698490321\n|switch|p2a: Anti-Boost|Dondozo, M|100\/100\n|move|p1a: Basculegion|Aqua Jet|p2a: Anti-Boost\n|-resisted|p2a: Anti-Boost\n|-damage|p2a: Anti-Boost|95\/100\n|-damage|p1a: Basculegion|67\/100|[from] item: Rocky Helmet|[of] p2a: Anti-Boost\n|\n|upkeep\n|turn|14\n|\n|t:|1698490330\n|switch|p1a: Dhelmise|Dhelmise|100\/100\n|move|p2a: Anti-Boost|Crunch|p1a: Dhelmise\n|-supereffective|p1a: Dhelmise\n|-damage|p1a: Dhelmise|72\/100\n|\n|-heal|p1a: Dhelmise|78\/100|[from] item: Leftovers\n|upkeep\n|turn|15\n|inactive|Superpowerguy11 has 120 seconds left.\n|\n|t:|1698490342\n|move|p1a: Dhelmise|Power Whip|p2a: Anti-Boost\n|-supereffective|p2a: Anti-Boost\n|-damage|p2a: Anti-Boost|48\/100\n|-damage|p1a: Dhelmise|62\/100|[from] item: Rocky Helmet|[of] p2a: Anti-Boost\n|move|p2a: Anti-Boost|Crunch|p1a: Dhelmise\n|-supereffective|p1a: Dhelmise\n|-damage|p1a: Dhelmise|37\/100\n|\n|-heal|p1a: Dhelmise|43\/100|[from] item: Leftovers\n|upkeep\n|turn|16\n|inactive|Superpowerguy11 has 120 seconds left.\n|c|\u2606TheEliteNerd|I have a problem now\n|inactive|TheEliteNerd has 30 seconds left.\n|c|\u2606TheEliteNerd|Cant last respects win\n|\n|t:|1698490390\n|move|p1a: Dhelmise|Power Whip|p2a: Anti-Boost\n|-supereffective|p2a: Anti-Boost\n|-damage|p2a: Anti-Boost|0 fnt\n|-damage|p1a: Dhelmise|26\/100|[from] item: Rocky Helmet|[of] p2a: Anti-Boost\n|faint|p2a: Anti-Boost\n|\n|-heal|p1a: Dhelmise|32\/100|[from] item: Leftovers\n|upkeep\n|inactive|TheEliteNerd has 30 seconds left this turn.\n|\n|t:|1698490395\n|switch|p2a: Imposter|Ditto, shiny|100\/100\n|-transform|p2a: Imposter|p1a: Dhelmise|[from] ability: Imposter\n|turn|17\n|\n|t:|1698490404\n|move|p2a: Imposter|Knock Off|p1a: Dhelmise\n|-supereffective|p1a: Dhelmise\n|-damage|p1a: Dhelmise|0 fnt\n|-enditem|p1a: Dhelmise|Leftovers|[from] move: Knock Off|[of] p2a: Imposter\n|faint|p1a: Dhelmise\n|\n|upkeep\n|\n|t:|1698490410\n|switch|p1a: Basculegion|Basculegion, M|67\/100\n|turn|18\n|c|\u2606TheEliteNerd|Let's try this\n|\n|t:|1698490430\n|switch|p2a: Ace|Deoxys-Attack|1\/100\n|-ability|p2a: Ace|Pressure\n|-terastallize|p1a: Basculegion|Ghost\n|move|p1a: Basculegion|Crunch|p2a: Ace\n|-supereffective|p2a: Ace\n|-damage|p2a: Ace|0 fnt\n|faint|p2a: Ace\n|\n|upkeep\n|\n|t:|1698490439\n|switch|p2a: Support|Chansey, F|86\/100\n|turn|19\n|\n|t:|1698490446\n|move|p1a: Basculegion|Crunch|p2a: Support\n|-crit|p2a: Support\n|-damage|p2a: Support|25\/100\n|move|p2a: Support|Toxic|p1a: Basculegion\n|-status|p1a: Basculegion|tox\n|\n|-damage|p1a: Basculegion|61\/100 tox|[from] psn\n|upkeep\n|turn|20\n|c|\u2606TheEliteNerd|Nom\n|inactive|TheEliteNerd has 60 seconds left.\n|\n|t:|1698490457\n|move|p1a: Basculegion|Crunch|p2a: Support\n|-damage|p2a: Support|0 fnt\n|faint|p2a: Support\n|\n|-damage|p1a: Basculegion|49\/100 tox|[from] psn\n|upkeep\n|inactive|Superpowerguy11 has 120 seconds left.\n|c|\u2606TheEliteNerd|Lets test the speed of our spin attacks\n|inactive|Superpowerguy11 has 90 seconds left.\n|c|\u2606TheEliteNerd|You may know what I'm about to do. But I know what you're gonna do. Strange isnt it?\n|inactive|Superpowerguy11 has 60 seconds left.\n|\n|t:|1698490551\n|switch|p2a: Imposter|Ditto, shiny|100\/100\n|-transform|p2a: Imposter|p1a: Basculegion|[from] ability: Imposter\n|-start|p2a: Imposter|typechange|Water\/Ghost|[silent]\n|turn|21\n|inactive|Superpowerguy11 has 30 seconds left.\n|c|\u2606TheEliteNerd|420 speed vs 420 speed\n|\n|t:|1698490576\n|-terastallize|p2a: Imposter|Normal\n|move|p2a: Imposter|Last Respects|p1a: Basculegion\n|-supereffective|p1a: Basculegion\n|-damage|p1a: Basculegion|0 fnt\n|faint|p1a: Basculegion\n|\n|win|Superpowerguy11\n|inactive|Superpowerguy11 has 30 seconds left this turn.\n|raw|TheEliteNerd's rating: 1173 &rarr; <strong>1153<\/strong><br \/>(-20 for losing)\n|raw|Superpowerguy11's rating: 1237 &rarr; <strong>1257<\/strong><br \/>(+20 for winning)\n","uploadtime":1698490071,"views":4,"p1id":"theelitenerd","p2id":"superpowerguy11","formatid":"gen9nationaldexubers","rating":1153,"private":0,"password":""}