{"id":"gen9nationaldexubers-1986763605","p1":"coffepants7878","p2":"mdjsk","format":"[Gen 9] National Dex Ubers","log":"|j|\u2606coffepants7878\n|j|\u2606mdjsk\n|t:|1699521381\n|gametype|singles\n|player|p1|coffepants7878|schoolkidf|1042\n|player|p2|mdjsk|ghetsis-gen5bw|1104\n|teamsize|p1|6\n|teamsize|p2|6\n|gen|9\n|tier|[Gen 9] National Dex Ubers\n|rated|\n|rule|HP Percentage Mod: HP is shown in percentages\n|rule|Endless Battle Clause: Forcing endless battles is banned\n|rule|OHKO Clause: OHKO moves are banned\n|rule|Evasion Moves Clause: Evasion moves are banned\n|rule|Evasion Items Clause: Evasion items are banned\n|rule|Species Clause: Limit one of each Pok\u00e9mon\n|rule|Sleep Clause Mod: Limit one foe put to sleep\n|rule|Mega Rayquaza Clause: You cannot mega evolve Rayquaza\n|clearpoke\n|poke|p1|Kyurem-White|\n|poke|p1|Kangaskhan, F|\n|poke|p1|Kingambit, M|\n|poke|p1|Ogerpon-Hearthflame, F|\n|poke|p1|Necrozma-Dusk-Mane|\n|poke|p1|Kyogre|\n|poke|p2|Melmetal|\n|poke|p2|Xerneas-*|\n|poke|p2|Arceus|\n|poke|p2|Ursaluna, M|\n|poke|p2|Pawmot, M|\n|poke|p2|Scovillain, F|\n|teampreview\n|\n|t:|1699521390\n|start\n|switch|p1a: Big Mama|Kangaskhan, F|100\/100\n|switch|p2a: Scovillain|Scovillain, F|100\/100\n|turn|1\n|n|!coffepants7878|coffepants7878\n|\n|t:|1699521408\n|detailschange|p1a: Big Mama|Kangaskhan-Mega, F\n|-mega|p1a: Big Mama|Kangaskhan|Kangaskhanite\n|move|p1a: Big Mama|Fake Out|p2a: Scovillain\n|-damage|p2a: Scovillain|72\/100\n|-damage|p2a: Scovillain|65\/100\n|-hitcount|p2a: Scovillain|2\n|cant|p2a: Scovillain|flinch\n|\n|-ability|p2a: Scovillain|Moody|boost\n|-boost|p2a: Scovillain|atk|2\n|-unboost|p2a: Scovillain|def|1\n|upkeep\n|turn|2\n|\n|t:|1699521426\n|move|p1a: Big Mama|Drain Punch|p2a: Scovillain\n|-damage|p2a: Scovillain|10\/100\n|-damage|p2a: Scovillain|0 fnt\n|faint|p2a: Scovillain\n|-hitcount|p2: Scovillain|2\n|\n|upkeep\n|\n|t:|1699521440\n|switch|p2a: Ursaluna|Ursaluna, M|100\/100\n|turn|3\n|\n|t:|1699521444\n|move|p1a: Big Mama|Disable||[still]\n|-fail|p1a: Big Mama\n|move|p2a: Ursaluna|Swords Dance|p2a: Ursaluna\n|-boost|p2a: Ursaluna|atk|2\n|\n|-status|p2a: Ursaluna|brn|[from] item: Flame Orb\n|upkeep\n|turn|4\n|\n|t:|1699521453\n|move|p1a: Big Mama|Drain Punch|p2a: Ursaluna\n|-supereffective|p2a: Ursaluna\n|-damage|p2a: Ursaluna|62\/100 brn\n|-supereffective|p2a: Ursaluna\n|-damage|p2a: Ursaluna|53\/100 brn\n|-hitcount|p2a: Ursaluna|2\n|move|p2a: Ursaluna|Drain Punch|p1a: Big Mama\n|-supereffective|p1a: Big Mama\n|-damage|p1a: Big Mama|0 fnt\n|-heal|p2a: Ursaluna|91\/100 brn|[from] drain|[of] p1a: Big Mama\n|faint|p1a: Big Mama\n|\n|-damage|p2a: Ursaluna|85\/100 brn|[from] brn\n|upkeep\n|\n|t:|1699521466\n|switch|p1a: Snowflake|Kyurem-White, shiny|100\/100\n|-ability|p1a: Snowflake|Turboblaze\n|turn|5\n|\n|t:|1699521489\n|move|p1a: Snowflake|Ice Burn||[still]\n|-prepare|p1a: Snowflake|Ice Burn\n|move|p2a: Ursaluna|Facade|p1a: Snowflake\n|-damage|p1a: Snowflake|0 fnt\n|faint|p1a: Snowflake\n|\n|-damage|p2a: Ursaluna|79\/100 brn|[from] brn\n|upkeep\n|-message|coffepants7878 forfeited.\n|\n|win|mdjsk\n|raw|coffepants7878's rating: 1042 &rarr; <strong>1029<\/strong><br \/>(-13 for losing)\n|raw|mdjsk's rating: 1104 &rarr; <strong>1125<\/strong><br \/>(+21 for winning)\n|l|!coffepants7878\n","uploadtime":1699521403,"views":5,"p1id":"coffepants7878","p2id":"mdjsk","formatid":"gen9nationaldexubers","rating":1029,"private":0,"password":""}