{"id":"gen9nationaldexubers-1982899343","p1":"tbor2002","p2":"HeirEhm","format":"[Gen 9] National Dex Ubers","log":"|j|\u2606tbor2002\n|j|\u2606HeirEhm\n|t:|1699056394\n|gametype|singles\n|player|p1|tbor2002|wattson|\n|player|p2|HeirEhm|cynthia-gen7|\n|teamsize|p1|6\n|teamsize|p2|6\n|gen|9\n|tier|[Gen 9] National Dex Ubers\n|rule|HP Percentage Mod: HP is shown in percentages\n|rule|Endless Battle Clause: Forcing endless battles is banned\n|rule|OHKO Clause: OHKO moves are banned\n|rule|Evasion Moves Clause: Evasion moves are banned\n|rule|Evasion Items Clause: Evasion items are banned\n|rule|Species Clause: Limit one of each Pok\u00e9mon\n|rule|Sleep Clause Mod: Limit one foe put to sleep\n|rule|Mega Rayquaza Clause: You cannot mega evolve Rayquaza\n|clearpoke\n|poke|p1|Walking Wake|\n|poke|p1|Muk-Alola, F|\n|poke|p1|Jolteon, M|\n|poke|p1|Toxicroak, F|\n|poke|p1|Falinks|\n|poke|p1|Glimmet, M|\n|poke|p2|Garganacl, M|\n|poke|p2|Ceruledge, F|\n|poke|p2|Klefki, F|\n|poke|p2|Electrode-Hisui|\n|poke|p2|Zangoose, M|\n|poke|p2|Murkrow, M|\n|teampreview\n|\n|t:|1699056407\n|start\n|switch|p1a: Glimmet|Glimmet, M|100\/100\n|switch|p2a: RegiSalt|Garganacl, M, shiny|100\/100\n|turn|1\n|\n|t:|1699056419\n|move|p1a: Glimmet|Stealth Rock|p2a: RegiSalt\n|-sidestart|p2: HeirEhm|move: Stealth Rock\n|move|p2a: RegiSalt|Salt Cure|p1a: Glimmet\n|-damage|p1a: Glimmet|60\/100\n|-start|p1a: Glimmet|Salt Cure\n|-activate|p1a: Glimmet|ability: Toxic Debris\n|-sidestart|p2: HeirEhm|move: Toxic Spikes\n|\n|-damage|p1a: Glimmet|48\/100|[from] Salt Cure\n|upkeep\n|turn|2\n|\n|t:|1699056429\n|move|p1a: Glimmet|Spikes|p2a: RegiSalt\n|-sidestart|p2: HeirEhm|Spikes\n|move|p2a: RegiSalt|Iron Defense|p2a: RegiSalt\n|-boost|p2a: RegiSalt|def|2\n|\n|-damage|p1a: Glimmet|36\/100|[from] Salt Cure\n|upkeep\n|turn|3\n|\n|t:|1699056436\n|move|p1a: Glimmet|Spikes|p2a: RegiSalt\n|-sidestart|p2: HeirEhm|Spikes\n|move|p2a: RegiSalt|Iron Defense|p2a: RegiSalt\n|-boost|p2a: RegiSalt|def|2\n|\n|-damage|p1a: Glimmet|23\/100|[from] Salt Cure\n|upkeep\n|turn|4\n|\n|t:|1699056444\n|move|p1a: Glimmet|Sludge Bomb|p2a: RegiSalt\n|-resisted|p2a: RegiSalt\n|-damage|p2a: RegiSalt|88\/100\n|move|p2a: RegiSalt|Iron Defense|p2a: RegiSalt\n|-boost|p2a: RegiSalt|def|2\n|\n|-heal|p2a: RegiSalt|94\/100|[from] item: Leftovers\n|-damage|p1a: Glimmet|11\/100|[from] Salt Cure\n|upkeep\n|turn|5\n|\n|t:|1699056455\n|move|p1a: Glimmet|Spikes|p2a: RegiSalt\n|-sidestart|p2: HeirEhm|Spikes\n|move|p2a: RegiSalt|Salt Cure|p1a: Glimmet\n|-damage|p1a: Glimmet|0 fnt\n|-activate|p1a: Glimmet|ability: Toxic Debris\n|-sidestart|p2: HeirEhm|move: Toxic Spikes\n|faint|p1a: Glimmet\n|\n|-heal|p2a: RegiSalt|100\/100|[from] item: Leftovers\n|upkeep\n|\n|t:|1699056466\n|switch|p1a: Walking Wake|Walking Wake|100\/100\n|turn|6\n|\n|t:|1699056485\n|-terastallize|p2a: RegiSalt|Ghost\n|move|p1a: Walking Wake|Hydro Steam|p2a: RegiSalt\n|-damage|p2a: RegiSalt|63\/100\n|move|p2a: RegiSalt|Salt Cure|p1a: Walking Wake\n|-damage|p1a: Walking Wake|84\/100\n|-start|p1a: Walking Wake|Salt Cure\n|\n|-heal|p2a: RegiSalt|69\/100|[from] item: Leftovers\n|-damage|p1a: Walking Wake|59\/100|[from] Salt Cure\n|upkeep\n|turn|7\n|\n|t:|1699056521\n|move|p1a: Walking Wake|Hydro Steam|p2a: RegiSalt\n|-damage|p2a: RegiSalt|32\/100\n|move|p2a: RegiSalt|Recover|p2a: RegiSalt\n|-heal|p2a: RegiSalt|82\/100\n|\n|-heal|p2a: RegiSalt|88\/100|[from] item: Leftovers\n|-damage|p1a: Walking Wake|34\/100|[from] Salt Cure\n|upkeep\n|turn|8\n|\n|t:|1699056532\n|move|p1a: Walking Wake|Hydro Steam|p2a: RegiSalt\n|-damage|p2a: RegiSalt|46\/100\n|move|p2a: RegiSalt|Recover|p2a: RegiSalt\n|-heal|p2a: RegiSalt|96\/100\n|\n|-heal|p2a: RegiSalt|100\/100|[from] item: Leftovers\n|-damage|p1a: Walking Wake|9\/100|[from] Salt Cure\n|upkeep\n|turn|9\n|\n|t:|1699056562\n|move|p1a: Walking Wake|Hydro Steam|p2a: RegiSalt\n|-damage|p2a: RegiSalt|60\/100\n|move|p2a: RegiSalt|Recover|p2a: RegiSalt\n|-heal|p2a: RegiSalt|100\/100\n|\n|-damage|p1a: Walking Wake|0 fnt|[from] Salt Cure\n|faint|p1a: Walking Wake\n|-end|p1a: Walking Wake|Protosynthesis|[silent]\n|upkeep\n|\n|t:|1699056616\n|switch|p1a: Falinks|Falinks|100\/100\n|turn|10\n|\n|t:|1699056623\n|-terastallize|p1a: Falinks|Ghost\n|move|p1a: Falinks|No Retreat|p1a: Falinks\n|-boost|p1a: Falinks|atk|1\n|-boost|p1a: Falinks|def|1\n|-boost|p1a: Falinks|spa|1\n|-boost|p1a: Falinks|spd|1\n|-boost|p1a: Falinks|spe|1\n|-start|p1a: Falinks|move: No Retreat\n|move|p2a: RegiSalt|Salt Cure|p1a: Falinks\n|-damage|p1a: Falinks|88\/100\n|-start|p1a: Falinks|Salt Cure\n|\n|-damage|p1a: Falinks|76\/100|[from] Salt Cure\n|upkeep\n|turn|11\n|\n|t:|1699056637\n|move|p1a: Falinks|Tera Blast|p2a: RegiSalt|[anim] Tera Blast Ghost\n|-supereffective|p2a: RegiSalt\n|-damage|p2a: RegiSalt|91\/100\n|move|p2a: RegiSalt|Recover|p2a: RegiSalt\n|-heal|p2a: RegiSalt|100\/100\n|\n|-damage|p1a: Falinks|64\/100|[from] Salt Cure\n|upkeep\n|turn|12\n|\n|t:|1699056665\n|move|p1a: Falinks|Rock Slide|p2a: RegiSalt\n|-damage|p2a: RegiSalt|95\/100\n|cant|p2a: RegiSalt|flinch\n|\n|-heal|p2a: RegiSalt|100\/100|[from] item: Leftovers\n|-damage|p1a: Falinks|52\/100|[from] Salt Cure\n|upkeep\n|turn|13\n|\n|t:|1699056714\n|move|p1a: Falinks|Rock Slide|p2a: RegiSalt\n|-damage|p2a: RegiSalt|95\/100\n|cant|p2a: RegiSalt|flinch\n|\n|-heal|p2a: RegiSalt|100\/100|[from] item: Leftovers\n|-damage|p1a: Falinks|40\/100|[from] Salt Cure\n|upkeep\n|turn|14\n|\n|t:|1699056734\n|move|p1a: Falinks|Rock Slide|p2a: RegiSalt\n|-damage|p2a: RegiSalt|95\/100\n|cant|p2a: RegiSalt|flinch\n|\n|-heal|p2a: RegiSalt|100\/100|[from] item: Leftovers\n|-damage|p1a: Falinks|27\/100|[from] Salt Cure\n|upkeep\n|turn|15\n|\n|t:|1699056742\n|move|p1a: Falinks|Rock Slide|p2a: RegiSalt\n|-damage|p2a: RegiSalt|95\/100\n|move|p2a: RegiSalt|Salt Cure|p1a: Falinks\n|-crit|p1a: Falinks\n|-damage|p1a: Falinks|3\/100\n|\n|-heal|p2a: RegiSalt|100\/100|[from] item: Leftovers\n|-damage|p1a: Falinks|0 fnt|[from] Salt Cure\n|faint|p1a: Falinks\n|upkeep\n|\n|t:|1699056761\n|switch|p1a: Muk|Muk-Alola, F|100\/100\n|turn|16\n|\n|t:|1699056766\n|move|p1a: Muk|Knock Off|p2a: RegiSalt\n|-supereffective|p2a: RegiSalt\n|-damage|p2a: RegiSalt|90\/100\n|-enditem|p2a: RegiSalt|Leftovers|[from] move: Knock Off|[of] p1a: Muk\n|move|p2a: RegiSalt|Salt Cure|p1a: Muk\n|-damage|p1a: Muk|85\/100\n|-start|p1a: Muk|Salt Cure\n|\n|-damage|p1a: Muk|72\/100|[from] Salt Cure\n|upkeep\n|turn|17\n|\n|t:|1699056774\n|move|p1a: Muk|Poison Jab|p2a: RegiSalt\n|-resisted|p2a: RegiSalt\n|-damage|p2a: RegiSalt|87\/100\n|move|p2a: RegiSalt|Body Press|p1a: Muk\n|-damage|p1a: Muk|0 fnt\n|faint|p1a: Muk\n|\n|upkeep\n|\n|t:|1699056786\n|switch|p1a: Toxicroak|Toxicroak, F|100\/100\n|turn|18\n|\n|t:|1699056793\n|move|p1a: Toxicroak|Gunk Shot|p2a: RegiSalt\n|-resisted|p2a: RegiSalt\n|-damage|p2a: RegiSalt|82\/100\n|-damage|p1a: Toxicroak|91\/100|[from] item: Life Orb\n|move|p2a: RegiSalt|Salt Cure|p1a: Toxicroak\n|-resisted|p1a: Toxicroak\n|-damage|p1a: Toxicroak|80\/100\n|-start|p1a: Toxicroak|Salt Cure\n|\n|-damage|p1a: Toxicroak|67\/100|[from] Salt Cure\n|upkeep\n|turn|19\n|\n|t:|1699056802\n|move|p1a: Toxicroak|Gunk Shot|p2a: RegiSalt\n|-resisted|p2a: RegiSalt\n|-damage|p2a: RegiSalt|76\/100\n|-damage|p1a: Toxicroak|58\/100|[from] item: Life Orb\n|move|p2a: RegiSalt|Salt Cure|p1a: Toxicroak\n|-resisted|p1a: Toxicroak\n|-damage|p1a: Toxicroak|46\/100\n|\n|-damage|p1a: Toxicroak|34\/100|[from] Salt Cure\n|upkeep\n|turn|20\n|\n|t:|1699056821\n|move|p1a: Toxicroak|Gunk Shot|p2a: RegiSalt\n|-resisted|p2a: RegiSalt\n|-damage|p2a: RegiSalt|70\/100\n|-damage|p1a: Toxicroak|24\/100|[from] item: Life Orb\n|move|p2a: RegiSalt|Body Press|p1a: Toxicroak\n|-resisted|p1a: Toxicroak\n|-damage|p1a: Toxicroak|0 fnt\n|faint|p1a: Toxicroak\n|\n|upkeep\n|\n|t:|1699056829\n|switch|p1a: Jolteon|Jolteon, M|100\/100\n|turn|21\n|\n|t:|1699056843\n|move|p1a: Jolteon|Thunderbolt|p2a: RegiSalt\n|-damage|p2a: RegiSalt|43\/100\n|move|p2a: RegiSalt|Body Press|p1a: Jolteon\n|-damage|p1a: Jolteon|0 fnt\n|faint|p1a: Jolteon\n|\n|win|HeirEhm\n|l|\u2606tbor2002\n","uploadtime":1699056858,"views":11,"p1id":"tbor2002","p2id":"heirehm","formatid":"gen9nationaldexubers","rating":0,"private":0,"password":""}