{"id":"gen9nationaldexubers-1996237822","p1":"danish13","p2":"85792195wwww","format":"[Gen 9] National Dex Ubers","log":"|j|\u2606danish13\n|j|\u260685792195wwww\n|t:|1700662682\n|gametype|singles\n|player|p1|danish13|lance|1571\n|player|p2|85792195wwww|mira|1636\n|teamsize|p1|6\n|teamsize|p2|6\n|gen|9\n|tier|[Gen 9] National Dex Ubers\n|rated|\n|rule|HP Percentage Mod: HP is shown in percentages\n|rule|Endless Battle Clause: Forcing endless battles is banned\n|rule|OHKO Clause: OHKO moves are banned\n|rule|Evasion Moves Clause: Evasion moves are banned\n|rule|Evasion Items Clause: Evasion items are banned\n|rule|Species Clause: Limit one of each Pok\u00e9mon\n|rule|Sleep Clause Mod: Limit one foe put to sleep\n|rule|Mega Rayquaza Clause: You cannot mega evolve Rayquaza\n|clearpoke\n|poke|p1|Salamence, M|\n|poke|p1|Yveltal|\n|poke|p1|Arceus|\n|poke|p1|Rayquaza|\n|poke|p1|Groudon|\n|poke|p1|Zygarde|\n|poke|p2|Arceus|\n|poke|p2|Kingambit, M|\n|poke|p2|Xerneas-*|\n|poke|p2|Kyurem-Black|\n|poke|p2|Groudon|\n|poke|p2|Necrozma-Dusk-Mane|\n|teampreview\n|inactive|Battle timer is ON: inactive players will automatically lose when time's up. (requested by danish13)\n|\n|t:|1700662704\n|start\n|switch|p1a: Zygarde|Zygarde|100\/100\n|switch|p2a: Necrozma|Necrozma-Dusk-Mane|100\/100\n|turn|1\n|\n|t:|1700662721\n|detailschange|p2a: Necrozma|Necrozma-Ultra\n|-burst|p2a: Necrozma|Necrozma|Ultranecrozium Z\n|move|p2a: Necrozma|Photon Geyser|p1a: Zygarde\n|-damage|p1a: Zygarde|45\/100\n|move|p1a: Zygarde|Coil|p1a: Zygarde\n|-boost|p1a: Zygarde|atk|1\n|-boost|p1a: Zygarde|def|1\n|-boost|p1a: Zygarde|accuracy|1\n|\n|-heal|p1a: Zygarde|51\/100|[from] item: Leftovers\n|upkeep\n|turn|2\n|\n|t:|1700662736\n|switch|p1a: Yveltal|Yveltal|100\/100\n|-ability|p1a: Yveltal|Dark Aura\n|move|p2a: Necrozma|Photon Geyser|p1a: Yveltal\n|-immune|p1a: Yveltal\n|\n|upkeep\n|turn|3\n|\n|t:|1700662747\n|move|p2a: Necrozma|Stealth Rock|p1a: Yveltal\n|-sidestart|p1: danish13|move: Stealth Rock\n|move|p1a: Yveltal|Foul Play|p2a: Necrozma\n|-supereffective|p2a: Necrozma\n|-damage|p2a: Necrozma|0 fnt\n|faint|p2a: Necrozma\n|\n|upkeep\n|\n|t:|1700662755\n|switch|p2a: Xerneas|Xerneas|100\/100\n|-ability|p2a: Xerneas|Fairy Aura\n|turn|4\n|\n|t:|1700662761\n|move|p1a: Yveltal|Knock Off|p2a: Xerneas\n|-resisted|p2a: Xerneas\n|-damage|p2a: Xerneas|80\/100\n|-enditem|p2a: Xerneas|Choice Specs|[from] move: Knock Off|[of] p1a: Yveltal\n|move|p2a: Xerneas|Moonblast|p1a: Yveltal\n|-supereffective|p1a: Yveltal\n|-damage|p1a: Yveltal|25\/100\n|\n|upkeep\n|turn|5\n|\n|t:|1700662771\n|switch|p1a: Groudon|Groudon|100\/100\n|-damage|p1a: Groudon|94\/100|[from] Stealth Rock\n|-weather|SunnyDay|[from] ability: Drought|[of] p1a: Groudon\n|move|p2a: Xerneas|Moonblast|p1a: Groudon\n|-crit|p1a: Groudon\n|-damage|p1a: Groudon|0 fnt\n|faint|p1a: Groudon\n|\n|-weather|SunnyDay|[upkeep]\n|upkeep\n|\n|t:|1700662781\n|switch|p1a: Rayquaza|Rayquaza|100\/100\n|-damage|p1a: Rayquaza|76\/100|[from] Stealth Rock\n|-ability|p1a: Rayquaza|Air Lock\n|turn|6\n|\n|t:|1700662787\n|switch|p2a: Kingambit|Kingambit, M|100\/100\n|-activate|p2a: Kingambit|ability: Supreme Overlord\n|-start|p2a: Kingambit|fallen1|[silent]\n|-terastallize|p1a: Rayquaza|Fire\n|move|p1a: Rayquaza|Flamethrower|p2a: Kingambit\n|-supereffective|p2a: Kingambit\n|-damage|p2a: Kingambit|0 fnt\n|faint|p2a: Kingambit\n|-end|p2a: Kingambit|fallen1|[silent]\n|-damage|p1a: Rayquaza|66\/100|[from] item: Life Orb\n|\n|-weather|SunnyDay|[upkeep]\n|upkeep\n|\n|t:|1700662808\n|switch|p2a: Arceus|Arceus|100\/100\n|turn|7\n|\n|t:|1700662812\n|switch|p1a: Zygarde|Zygarde|51\/100\n|-damage|p1a: Zygarde|45\/100|[from] Stealth Rock\n|move|p2a: Arceus|Swords Dance|p2a: Arceus\n|-boost|p2a: Arceus|atk|2\n|\n|-weather|SunnyDay|[upkeep]\n|-heal|p1a: Zygarde|51\/100|[from] item: Leftovers\n|upkeep\n|turn|8\n|\n|t:|1700662823\n|move|p2a: Arceus|Extreme Speed|p1a: Zygarde\n|-damage|p1a: Zygarde|0 fnt\n|faint|p1a: Zygarde\n|-damage|p2a: Arceus|91\/100|[from] item: Life Orb\n|\n|-weather|SunnyDay|[upkeep]\n|upkeep\n|-message|danish13 forfeited.\n|\n|win|85792195wwww\n|raw|danish13's rating: 1571 &rarr; <strong>1555<\/strong><br \/>(-16 for losing)\n|raw|85792195wwww's rating: 1636 &rarr; <strong>1652<\/strong><br \/>(+16 for winning)\n|l|\u2606danish13\n|l|\u260685792195wwww\n","uploadtime":1700662846,"views":0,"p1id":"danish13","p2id":"85792195wwww","formatid":"gen9nationaldexubers","rating":1555,"private":0,"password":""}