{"id":"gen9nationaldexubers-1981431486","p1":"yousweattoomuch","p2":"Ezael_Stormblood","format":"[Gen 9] National Dex Ubers","log":"|j|\u2606yousweattoomuch\n|j|\u2606Ezael_Stormblood\n|t:|1698895189\n|gametype|singles\n|player|p1|yousweattoomuch|iris|\n|player|p2|Ezael_Stormblood|hiker-gen4|\n|teamsize|p1|6\n|teamsize|p2|6\n|gen|9\n|tier|[Gen 9] National Dex Ubers\n|rule|HP Percentage Mod: HP is shown in percentages\n|rule|Endless Battle Clause: Forcing endless battles is banned\n|rule|OHKO Clause: OHKO moves are banned\n|rule|Evasion Moves Clause: Evasion moves are banned\n|rule|Evasion Items Clause: Evasion items are banned\n|rule|Species Clause: Limit one of each Pok\u00e9mon\n|rule|Sleep Clause Mod: Limit one foe put to sleep\n|rule|Mega Rayquaza Clause: You cannot mega evolve Rayquaza\n|clearpoke\n|poke|p1|Smeargle, M|\n|poke|p1|Chien-Pao|\n|poke|p1|Necrozma-Dusk-Mane|\n|poke|p1|Kangaskhan, F|\n|poke|p1|Genesect|\n|poke|p1|Pheromosa|\n|poke|p2|Ninetales, F|\n|poke|p2|Reshiram|\n|poke|p2|Groudon|\n|poke|p2|Xerneas-*|\n|poke|p2|Mewtwo|\n|poke|p2|Torkoal, F|\n|teampreview\n|c|\u2606Ezael_Stormblood|yo\n|c|\u2606yousweattoomuch|sup\n|\n|t:|1698895197\n|start\n|switch|p1a: Smeargle|Smeargle, M|100\/100\n|switch|p2a: Ninetales|Ninetales, F, shiny|100\/100\n|-weather|SunnyDay|[from] ability: Drought|[of] p2a: Ninetales\n|turn|1\n|\n|t:|1698895205\n|move|p2a: Ninetales|Weather Ball|p1a: Smeargle\n|-enditem|p1a: Smeargle|Focus Sash\n|-damage|p1a: Smeargle|1\/100\n|move|p1a: Smeargle|Spore|p2a: Ninetales\n|-status|p2a: Ninetales|slp|[from] move: Spore\n|\n|-weather|SunnyDay|[upkeep]\n|upkeep\n|turn|2\n|c|\u2606Ezael_Stormblood|ugh\n|c|\u2606Ezael_Stormblood|sleep moves\n|c|\u2606yousweattoomuch|what else does smeargle do\n|c|\u2606yousweattoomuch|lol\n|c|\u2606Ezael_Stormblood|hate them\n|\n|t:|1698895224\n|cant|p2a: Ninetales|slp\n|move|p1a: Smeargle|Sticky Web|p2a: Ninetales\n|-sidestart|p2: Ezael_Stormblood|move: Sticky Web\n|\n|-weather|SunnyDay|[upkeep]\n|upkeep\n|turn|3\n|\n|t:|1698895235\n|-singleturn|p1a: Smeargle|move: Beak Blast\n|-curestatus|p2a: Ninetales|slp|[msg]\n|move|p2a: Ninetales|Weather Ball|p1a: Smeargle\n|-damage|p1a: Smeargle|0 fnt\n|faint|p1a: Smeargle\n|\n|-weather|SunnyDay|[upkeep]\n|upkeep\n|\n|t:|1698895238\n|switch|p1a: Kangaskhan|Kangaskhan, F|100\/100\n|turn|4\n|\n|t:|1698895249\n|detailschange|p1a: Kangaskhan|Kangaskhan-Mega, F\n|-mega|p1a: Kangaskhan|Kangaskhan|Kangaskhanite\n|move|p1a: Kangaskhan|Fake Out|p2a: Ninetales\n|-damage|p2a: Ninetales|75\/100\n|-damage|p2a: Ninetales|69\/100\n|-hitcount|p2a: Ninetales|2\n|cant|p2a: Ninetales|flinch\n|\n|-weather|SunnyDay|[upkeep]\n|upkeep\n|turn|5\n|\n|t:|1698895257\n|move|p2a: Ninetales|Weather Ball|p1a: Kangaskhan\n|-damage|p1a: Kangaskhan|56\/100\n|move|p1a: Kangaskhan|Seismic Toss|p2a: Ninetales\n|-damage|p2a: Ninetales|34\/100\n|-damage|p2a: Ninetales|0 fnt\n|faint|p2a: Ninetales\n|-hitcount|p2: Ninetales|2\n|\n|-weather|SunnyDay|[upkeep]\n|upkeep\n|\n|t:|1698895264\n|switch|p2a: Torkoal|Torkoal, F|100\/100\n|-activate|p2a: Torkoal|move: Sticky Web\n|-unboost|p2a: Torkoal|spe|1\n|turn|6\n|\n|t:|1698895270\n|move|p1a: Kangaskhan|Wish|p1a: Kangaskhan\n|move|p2a: Torkoal|Rapid Spin|p1a: Kangaskhan\n|-damage|p1a: Kangaskhan|50\/100\n|-boost|p2a: Torkoal|spe|1\n|-sideend|p2: Ezael_Stormblood|Sticky Web|[from] move: Rapid Spin|[of] p2a: Torkoal\n|\n|-weather|SunnyDay|[upkeep]\n|upkeep\n|turn|7\n|\n|t:|1698895281\n|move|p1a: Kangaskhan|Protect|p1a: Kangaskhan\n|-singleturn|p1a: Kangaskhan|Protect\n|move|p2a: Torkoal|Eruption|p1a: Kangaskhan\n|-activate|p1a: Kangaskhan|move: Protect\n|\n|-weather|SunnyDay|[upkeep]\n|-heal|p1a: Kangaskhan|100\/100|[from] move: Wish|[wisher] Kangaskhan\n|upkeep\n|turn|8\n|\n|t:|1698895290\n|move|p1a: Kangaskhan|Seismic Toss|p2a: Torkoal\n|-damage|p2a: Torkoal|65\/100\n|-damage|p2a: Torkoal|30\/100\n|-hitcount|p2a: Torkoal|2\n|move|p2a: Torkoal|Eruption|p1a: Kangaskhan\n|-damage|p1a: Kangaskhan|78\/100\n|\n|-weather|none\n|upkeep\n|turn|9\n|\n|t:|1698895305\n|move|p1a: Kangaskhan|Wish|p1a: Kangaskhan\n|move|p2a: Torkoal|Eruption|p1a: Kangaskhan\n|-damage|p1a: Kangaskhan|65\/100\n|\n|upkeep\n|turn|10\n|\n|t:|1698895312\n|move|p1a: Kangaskhan|Seismic Toss|p2a: Torkoal\n|-damage|p2a: Torkoal|0 fnt\n|faint|p2a: Torkoal\n|-hitcount|p2: Torkoal|1\n|\n|-heal|p1a: Kangaskhan|100\/100|[from] move: Wish|[wisher] Kangaskhan\n|upkeep\n|\n|t:|1698895318\n|switch|p2a: Mewtwo|Mewtwo|100\/100\n|-ability|p2a: Mewtwo|Pressure\n|turn|11\n|\n|t:|1698895326\n|detailschange|p2a: Mewtwo|Mewtwo-Mega-Y\n|-mega|p2a: Mewtwo|Mewtwo|Mewtwonite Y\n|move|p2a: Mewtwo|Fire Blast|p1a: Kangaskhan\n|-damage|p1a: Kangaskhan|59\/100\n|move|p1a: Kangaskhan|Seismic Toss|p2a: Mewtwo\n|-damage|p2a: Mewtwo|72\/100\n|-damage|p2a: Mewtwo|44\/100\n|-hitcount|p2a: Mewtwo|2\n|\n|upkeep\n|turn|12\n|\n|t:|1698895340\n|move|p2a: Mewtwo|Fire Blast|p1a: Kangaskhan\n|-damage|p1a: Kangaskhan|18\/100\n|move|p1a: Kangaskhan|Wish|p1a: Kangaskhan\n|\n|upkeep\n|turn|13\n|\n|t:|1698895344\n|move|p1a: Kangaskhan|Protect|p1a: Kangaskhan\n|-singleturn|p1a: Kangaskhan|Protect\n|move|p2a: Mewtwo|Fire Blast|p1a: Kangaskhan\n|-activate|p1a: Kangaskhan|move: Protect\n|\n|-heal|p1a: Kangaskhan|68\/100|[from] move: Wish|[wisher] Kangaskhan\n|upkeep\n|turn|14\n|\n|t:|1698895350\n|move|p2a: Mewtwo|Fire Blast|p1a: Kangaskhan\n|-damage|p1a: Kangaskhan|27\/100\n|-status|p1a: Kangaskhan|brn\n|move|p1a: Kangaskhan|Seismic Toss|p2a: Mewtwo\n|-damage|p2a: Mewtwo|16\/100\n|-damage|p2a: Mewtwo|0 fnt\n|faint|p2a: Mewtwo\n|-hitcount|p2: Mewtwo|2\n|\n|-damage|p1a: Kangaskhan|21\/100 brn|[from] brn\n|upkeep\n|c|\u2606yousweattoomuch|oops\n|\n|t:|1698895359\n|switch|p2a: Xerneas|Xerneas|100\/100\n|-ability|p2a: Xerneas|Fairy Aura\n|turn|15\n|c|\u2606yousweattoomuch|missclick\n|\n|t:|1698895367\n|-terastallize|p2a: Xerneas|Fairy\n|move|p2a: Xerneas|Moonblast|p1a: Kangaskhan\n|-damage|p1a: Kangaskhan|0 fnt\n|faint|p1a: Kangaskhan\n|\n|upkeep\n|\n|t:|1698895378\n|switch|p1a: Genesect|Genesect, shiny|100\/100\n|-ability|p1a: Genesect|Download|boost\n|-boost|p1a: Genesect|atk|1\n|turn|16\n|c|\u2606Ezael_Stormblood|this is why I don't do battles\n|c|\u2606yousweattoomuch|why?\n|c|\u2606Ezael_Stormblood|because I always lose\n|\n|t:|1698895397\n|switch|p2a: Groudon|Groudon|100\/100\n|detailschange|p2a: Groudon|Groudon-Primal\n|-primal|p2a: Groudon|Red Orb\n|-weather|DesolateLand|[from] ability: Desolate Land|[of] p2a: Groudon\n|move|p1a: Genesect|Shift Gear|p1a: Genesect\n|-boost|p1a: Genesect|spe|2\n|-boost|p1a: Genesect|atk|1\n|\n|-weather|DesolateLand|[upkeep]\n|upkeep\n|turn|17\n|c|\u2606yousweattoomuch|you can still win\n|\n|t:|1698895407\n|move|p1a: Genesect|Iron Head|p2a: Groudon\n|-resisted|p2a: Groudon\n|-crit|p2a: Groudon\n|-damage|p2a: Groudon|56\/100\n|cant|p2a: Groudon|flinch\n|\n|-weather|DesolateLand|[upkeep]\n|upkeep\n|turn|18\n|\n|t:|1698895414\n|move|p1a: Genesect|Iron Head|p2a: Groudon\n|-resisted|p2a: Groudon\n|-damage|p2a: Groudon|28\/100\n|move|p2a: Groudon|Heat Crash|p1a: Genesect\n|-supereffective|p1a: Genesect\n|-damage|p1a: Genesect|0 fnt\n|faint|p1a: Genesect\n|\n|-weather|DesolateLand|[upkeep]\n|upkeep\n|c|\u2606Ezael_Stormblood|not a chance\n|\n|t:|1698895424\n|switch|p1a: Chien-Pao|Chien-Pao|100\/100\n|-ability|p1a: Chien-Pao|Sword of Ruin\n|turn|19\n|\n|t:|1698895430\n|move|p1a: Chien-Pao|Ice Spinner|p2a: Groudon\n|-damage|p2a: Groudon|0 fnt\n|faint|p2a: Groudon\n|-weather|none\n|\n|upkeep\n|c|\u2606yousweattoomuch|you still have reshiram\n|c|\u2606Ezael_Stormblood|yeah\n|c|\u2606Ezael_Stormblood|you have resh's worst counter\n|c|\u2606Ezael_Stormblood|fast sweepers\n|c|\u2606yousweattoomuch|which is?\n|c|\u2606yousweattoomuch|ah.\n|\n|t:|1698895451\n|switch|p2a: Reshiram|Reshiram, shiny|100\/100\n|-ability|p2a: Reshiram|Turboblaze\n|turn|20\n|\n|t:|1698895456\n|move|p1a: Chien-Pao|Ice Spinner|p2a: Reshiram\n|-damage|p2a: Reshiram|46\/100\n|move|p2a: Reshiram|Blue Flare|p1a: Chien-Pao\n|-supereffective|p1a: Chien-Pao\n|-damage|p1a: Chien-Pao|0 fnt\n|faint|p1a: Chien-Pao\n|\n|upkeep\n|c|\u2606Ezael_Stormblood|!dt blue flare\n|raw|<ul class=\"utilichart\"><li class=\"result\"><span class=\"col movenamecol\"><a href=\"https:\/\/dex.pokemonshowdown.com\/moves\/blueflare\">Blue Flare<\/a><\/span> <span class=\"col typecol\"><img src=\"\/\/play.pokemonshowdown.com\/sprites\/types\/Fire.png\" alt=\"Fire\" width=\"32\" height=\"14\"><img src=\"\/\/play.pokemonshowdown.com\/sprites\/categories\/Special.png\" alt=\"Special\" width=\"32\" height=\"14\"><\/span> <span class=\"col labelcol\"><em>Power<\/em><br>130<\/span> <span class=\"col widelabelcol\"><em>Accuracy<\/em><br>85%<\/span> <span class=\"col pplabelcol\"><em>PP<\/em><br>8<\/span> <span class=\"col movedesccol\">20% chance to burn the target.<\/span> <\/li><li style=\"clear:both\"><\/li><\/ul>\n|raw|<font size=\"1\"><font color=\"#686868\">Priority:<\/font> 0&nbsp;|&ThickSpace;<font color=\"#686868\">Gen:<\/font> 5&nbsp;|&ThickSpace;&#10007; Past Gens Only&nbsp;|&ThickSpace;&#10003; Boosted by Sheer Force&nbsp;|&ThickSpace;<font color=\"#686868\">Z-Power:<\/font> 195&nbsp;|&ThickSpace;<font color=\"#686868\">Dynamax Power:<\/font> 140&nbsp;|&ThickSpace;<font color=\"#686868\">Target:<\/font> One Adjacent Pok\u00e9mon<\/font>\n\n|\n|t:|1698895469\n|switch|p1a: Pheromosa|Pheromosa|100\/100\n|turn|21\n|\n|t:|1698895473\n|move|p1a: Pheromosa|High Jump Kick|p2a: Reshiram\n|-damage|p2a: Reshiram|0 fnt\n|faint|p2a: Reshiram\n|-ability|p1a: Pheromosa|Beast Boost|boost\n|-boost|p1a: Pheromosa|atk|1\n|\n|upkeep\n|c|\u2606Ezael_Stormblood|rrrg\n|\n|t:|1698895480\n|switch|p2a: Xerneas|Xerneas, tera:Fairy|100\/100\n|-ability|p2a: Xerneas|Fairy Aura\n|turn|22\n|\n|t:|1698895489\n|move|p1a: Pheromosa|Triple Axel|p2a: Xerneas\n|-damage|p2a: Xerneas|90\/100\n|-damage|p2a: Xerneas|68\/100\n|-damage|p2a: Xerneas|35\/100\n|-hitcount|p2a: Xerneas|3\n|move|p2a: Xerneas|Thunder Wave|p1a: Pheromosa\n|-status|p1a: Pheromosa|par\n|\n|upkeep\n|turn|23\n|c|\u2606Ezael_Stormblood|I hate phero users\n|c|\u2606yousweattoomuch|really?\n|c|\u2606yousweattoomuch|why?\n|\n|t:|1698895498\n|move|p2a: Xerneas|Moonblast|p1a: Pheromosa\n|-supereffective|p1a: Pheromosa\n|-damage|p1a: Pheromosa|0 fnt\n|faint|p1a: Pheromosa\n|\n|upkeep\n|\n|t:|1698895501\n|switch|p1a: Necrozma|Necrozma-Dusk-Mane, shiny|100\/100\n|turn|24\n|c|\u2606Ezael_Stormblood|so annoying\n|c|\u2606Ezael_Stormblood|this is where I lose\n|\n|t:|1698895511\n|move|p2a: Xerneas|Geomancy||[still]\n|-prepare|p2a: Xerneas|Geomancy\n|move|p1a: Necrozma|Sunsteel Strike|p2a: Xerneas\n|-supereffective|p2a: Xerneas\n|-damage|p2a: Xerneas|0 fnt\n|faint|p2a: Xerneas\n|\n|win|yousweattoomuch\n|c|\u2606Ezael_Stormblood|see?\n|l|\u2606Ezael_Stormblood\n|c|\u2606yousweattoomuch|gg\n|c|\u2606yousweattoomuch|you played really well\n","uploadtime":1698895529,"views":8,"p1id":"yousweattoomuch","p2id":"ezaelstormblood","formatid":"gen9nationaldexubers","rating":0,"private":0,"password":""}