{"id":"gen9nationaldexubers-1998186289","p1":"killgaldo","p2":"Speedcuber05","format":"[Gen 9] National Dex Ubers","log":"|j|\u2606killgaldo\n|j|\u2606Speedcuber05\n|t:|1700908720\n|gametype|singles\n|player|p1|killgaldo|lance|1159\n|player|p2|Speedcuber05|giovanni|1248\n|teamsize|p1|6\n|teamsize|p2|6\n|gen|9\n|tier|[Gen 9] National Dex Ubers\n|rated|\n|rule|HP Percentage Mod: HP is shown in percentages\n|rule|Endless Battle Clause: Forcing endless battles is banned\n|rule|OHKO Clause: OHKO moves are banned\n|rule|Evasion Moves Clause: Evasion moves are banned\n|rule|Evasion Items Clause: Evasion items are banned\n|rule|Species Clause: Limit one of each Pok\u00e9mon\n|rule|Sleep Clause Mod: Limit one foe put to sleep\n|rule|Mega Rayquaza Clause: You cannot mega evolve Rayquaza\n|clearpoke\n|poke|p1|Ribombee, F|\n|poke|p1|Xerneas-*|\n|poke|p1|Charizard, M|\n|poke|p1|Diggersby, F|\n|poke|p1|Zamazenta-*|\n|poke|p1|Xurkitree|\n|poke|p2|Charizard, F|\n|poke|p2|Walking Wake|\n|poke|p2|Zeraora|\n|poke|p2|Melmetal|\n|poke|p2|Calyrex-Ice|\n|poke|p2|Ogerpon-Hearthflame, F|\n|teampreview\n|inactive|Battle timer is ON: inactive players will automatically lose when time's up. (requested by Speedcuber05)\n|\n|t:|1700908729\n|start\n|switch|p1a: Ribombee|Ribombee, F|100\/100\n|switch|p2a: Charizard|Charizard, F, shiny|100\/100\n|turn|1\n|\n|t:|1700908748\n|detailschange|p2a: Charizard|Charizard-Mega-Y, F, shiny\n|-mega|p2a: Charizard|Charizard|Charizardite Y\n|-weather|SunnyDay|[from] ability: Drought|[of] p2a: Charizard\n|move|p1a: Ribombee|Light Screen|p1a: Ribombee\n|-sidestart|p1: killgaldo|move: Light Screen\n|move|p2a: Charizard|Flamethrower|p1a: Ribombee\n|-supereffective|p1a: Ribombee\n|-damage|p1a: Ribombee|0 fnt\n|faint|p1a: Ribombee\n|\n|-weather|SunnyDay|[upkeep]\n|upkeep\n|\n|t:|1700908763\n|switch|p1a: Xerneas|Xerneas|100\/100\n|-ability|p1a: Xerneas|Fairy Aura\n|turn|2\n|\n|t:|1700908781\n|move|p2a: Charizard|Flamethrower|p1a: Xerneas\n|-damage|p1a: Xerneas|65\/100\n|move|p1a: Xerneas|Geomancy||[still]\n|-prepare|p1a: Xerneas|Geomancy\n|-enditem|p1a: Xerneas|Power Herb\n|-anim|p1a: Xerneas|Geomancy|p1a: Xerneas\n|-boost|p1a: Xerneas|spa|2\n|-boost|p1a: Xerneas|spd|2\n|-boost|p1a: Xerneas|spe|2\n|\n|-weather|SunnyDay|[upkeep]\n|upkeep\n|turn|3\n|\n|t:|1700908790\n|switch|p2a: Melmetal|Melmetal|100\/100\n|move|p1a: Xerneas|Thunderbolt|p2a: Melmetal\n|-damage|p2a: Melmetal|36\/100\n|\n|-weather|SunnyDay|[upkeep]\n|-heal|p2a: Melmetal|42\/100|[from] item: Leftovers\n|upkeep\n|turn|4\n|inactive|Speedcuber05 has 120 seconds left.\n|\n|t:|1700908824\n|move|p1a: Xerneas|Thunderbolt|p2a: Melmetal\n|-crit|p2a: Melmetal\n|-damage|p2a: Melmetal|0 fnt\n|faint|p2a: Melmetal\n|\n|-weather|SunnyDay|[upkeep]\n|upkeep\n|inactive|Speedcuber05 has 120 seconds left.\n|\n|t:|1700908843\n|switch|p2a: Calyrex|Calyrex-Ice|100\/100\n|-ability|p2a: Calyrex|As One\n|-ability|p2a: Calyrex|Unnerve\n|turn|5\n|\n|t:|1700908848\n|move|p1a: Xerneas|Moonblast|p2a: Calyrex\n|-damage|p2a: Calyrex|8\/100\n|move|p2a: Calyrex|Agility|p2a: Calyrex\n|-boost|p2a: Calyrex|spe|2\n|\n|-weather|none\n|upkeep\n|turn|6\n|\n|t:|1700908860\n|move|p1a: Xerneas|Moonblast|p2a: Calyrex\n|-damage|p2a: Calyrex|0 fnt\n|faint|p2a: Calyrex\n|\n|upkeep\n|\n|t:|1700908862\n|switch|p2a: Charizard|Charizard-Mega-Y, F, shiny|100\/100\n|-weather|SunnyDay|[from] ability: Drought|[of] p2a: Charizard\n|turn|7\n|\n|t:|1700908866\n|move|p1a: Xerneas|Thunderbolt|p2a: Charizard\n|-supereffective|p2a: Charizard\n|-damage|p2a: Charizard|0 fnt\n|faint|p2a: Charizard\n|\n|-weather|SunnyDay|[upkeep]\n|upkeep\n|\n|t:|1700908870\n|switch|p2a: Ogerpon|Ogerpon-Hearthflame, F|100\/100\n|-ability|p2a: Ogerpon|Mold Breaker\n|turn|8\n|\n|t:|1700908876\n|move|p1a: Xerneas|Aurora Beam|p2a: Ogerpon\n|-damage|p2a: Ogerpon|48\/100\n|move|p2a: Ogerpon|Solar Blade||[still]\n|-prepare|p2a: Ogerpon|Solar Blade\n|-anim|p2a: Ogerpon|Solar Blade|p1a: Xerneas\n|-damage|p1a: Xerneas|3\/100\n|\n|-weather|SunnyDay|[upkeep]\n|-sideend|p1: killgaldo|move: Light Screen\n|upkeep\n|turn|9\n|\n|t:|1700908887\n|move|p1a: Xerneas|Moonblast|p2a: Ogerpon\n|-resisted|p2a: Ogerpon\n|-damage|p2a: Ogerpon|0 fnt\n|faint|p2a: Ogerpon\n|\n|-weather|SunnyDay|[upkeep]\n|upkeep\n|\n|t:|1700908890\n|switch|p2a: Zeraora|Zeraora|100\/100\n|turn|10\n|\n|t:|1700908893\n|move|p2a: Zeraora|Fake Out|p1a: Xerneas\n|-damage|p1a: Xerneas|0 fnt\n|faint|p1a: Xerneas\n|\n|-weather|SunnyDay|[upkeep]\n|upkeep\n|\n|t:|1700908899\n|switch|p1a: Xurkitree|Xurkitree|100\/100\n|turn|11\n|\n|t:|1700908907\n|move|p2a: Zeraora|Play Rough|p1a: Xurkitree|[miss]\n|-miss|p2a: Zeraora|p1a: Xurkitree\n|move|p1a: Xurkitree|Hypnosis|p2a: Zeraora|[miss]\n|-miss|p1a: Xurkitree|p2a: Zeraora\n|-enditem|p1a: Xurkitree|Blunder Policy\n|-boost|p1a: Xurkitree|spe|2\n|\n|-weather|none\n|upkeep\n|turn|12\n|\n|t:|1700908923\n|move|p1a: Xurkitree|Tail Glow|p1a: Xurkitree\n|-boost|p1a: Xurkitree|spa|3\n|move|p2a: Zeraora|Play Rough|p1a: Xurkitree\n|-damage|p1a: Xurkitree|58\/100\n|\n|upkeep\n|turn|13\n|\n|t:|1700908931\n|move|p1a: Xurkitree|Energy Ball|p2a: Zeraora\n|-damage|p2a: Zeraora|0 fnt\n|faint|p2a: Zeraora\n|-ability|p1a: Xurkitree|Beast Boost|boost\n|-boost|p1a: Xurkitree|spa|1\n|\n|upkeep\n|\n|t:|1700908935\n|switch|p2a: Walking Wake|Walking Wake|100\/100\n|-enditem|p2a: Walking Wake|Booster Energy\n|-activate|p2a: Walking Wake|ability: Protosynthesis|[fromitem]\n|-start|p2a: Walking Wake|protosynthesisspe\n|turn|14\n|inactive|Speedcuber05 has 120 seconds left.\n|\n|t:|1700908968\n|move|p1a: Xurkitree|Thunderbolt|p2a: Walking Wake\n|-damage|p2a: Walking Wake|0 fnt\n|faint|p2a: Walking Wake\n|-end|p2a: Walking Wake|Protosynthesis|[silent]\n|\n|win|killgaldo\n|raw|killgaldo's rating: 1159 &rarr; <strong>1190<\/strong><br \/>(+31 for winning)\n|raw|Speedcuber05's rating: 1248 &rarr; <strong>1217<\/strong><br \/>(-31 for losing)\n|l|\u2606Speedcuber05\n","uploadtime":1700908972,"views":12,"p1id":"killgaldo","p2id":"speedcuber05","formatid":"gen9nationaldexubers","rating":1190,"private":0,"password":""}