{"id":"gen9nationaldexubers-1986435256","p1":"I like Glaceon yay","p2":"BigPengSus","format":"[Gen 9] National Dex Ubers","log":"|j|\u2606I like Glaceon yay\n|j|\u2606BigPengSus\n|t:|1699478931\n|gametype|singles\n|player|p1|I like Glaceon yay|pokekid|1119\n|player|p2|BigPengSus|linebacker|1108\n|teamsize|p1|6\n|teamsize|p2|6\n|gen|9\n|tier|[Gen 9] National Dex Ubers\n|rated|\n|rule|HP Percentage Mod: HP is shown in percentages\n|rule|Endless Battle Clause: Forcing endless battles is banned\n|rule|OHKO Clause: OHKO moves are banned\n|rule|Evasion Moves Clause: Evasion moves are banned\n|rule|Evasion Items Clause: Evasion items are banned\n|rule|Species Clause: Limit one of each Pok\u00e9mon\n|rule|Sleep Clause Mod: Limit one foe put to sleep\n|rule|Mega Rayquaza Clause: You cannot mega evolve Rayquaza\n|clearpoke\n|poke|p1|Zekrom|\n|poke|p1|Arceus-Fairy|\n|poke|p1|Deoxys-Attack|\n|poke|p1|Charizard, F|\n|poke|p1|Groudon|\n|poke|p1|Kyurem-White|\n|poke|p2|Espeon, F|\n|poke|p2|Zoroark-Hisui, F|\n|poke|p2|Galvantula, M|\n|poke|p2|Diglett, F|\n|poke|p2|Gallade, M|\n|poke|p2|Groudon|\n|teampreview\n|inactive|Battle timer is ON: inactive players will automatically lose when time's up. (requested by I like Glaceon yay)\n|inactive|BigPengSus has 120 seconds left.\n|\n|t:|1699478976\n|start\n|switch|p1a: RUN FROM ME|Charizard, F|100\/100\n|switch|p2a: Aldrya|Galvantula, M|100\/100\n|turn|1\n|\n|t:|1699478983\n|detailschange|p1a: RUN FROM ME|Charizard-Mega-X, F\n|-mega|p1a: RUN FROM ME|Charizard|Charizardite X\n|move|p2a: Aldrya|Sticky Web|p1a: RUN FROM ME\n|-sidestart|p1: I like Glaceon yay|move: Sticky Web\n|move|p1a: RUN FROM ME|Flare Blitz|p2a: Aldrya\n|-supereffective|p2a: Aldrya\n|-enditem|p2a: Aldrya|Focus Sash\n|-damage|p2a: Aldrya|1\/100\n|-damage|p1a: RUN FROM ME|70\/100|[from] Recoil\n|\n|upkeep\n|turn|2\n|\n|t:|1699478992\n|move|p2a: Aldrya|Thunder|p1a: RUN FROM ME\n|-resisted|p1a: RUN FROM ME\n|-crit|p1a: RUN FROM ME\n|-damage|p1a: RUN FROM ME|20\/100\n|move|p1a: RUN FROM ME|Dragon Pulse|p2a: Aldrya\n|-damage|p2a: Aldrya|0 fnt\n|faint|p2a: Aldrya\n|\n|upkeep\n|\n|t:|1699479000\n|switch|p2a: Deimos|Diglett, F, shiny|100\/100\n|turn|3\n|\n|t:|1699479007\n|move|p2a: Deimos|Sucker Punch||[still]\n|-fail|p2a: Deimos\n|move|p1a: RUN FROM ME|Roost|p1a: RUN FROM ME\n|-heal|p1a: RUN FROM ME|70\/100\n|-singleturn|p1a: RUN FROM ME|move: Roost\n|\n|upkeep\n|turn|4\n|\n|t:|1699479013\n|move|p1a: RUN FROM ME|Roost|p1a: RUN FROM ME\n|-heal|p1a: RUN FROM ME|100\/100\n|-singleturn|p1a: RUN FROM ME|move: Roost\n|move|p2a: Deimos|Earthquake|p1a: RUN FROM ME\n|-supereffective|p1a: RUN FROM ME\n|-damage|p1a: RUN FROM ME|40\/100\n|\n|upkeep\n|turn|5\n|\n|t:|1699479021\n|move|p1a: RUN FROM ME|Flare Blitz|p2a: Deimos\n|-enditem|p2a: Deimos|Focus Sash\n|-damage|p2a: Deimos|1\/100\n|-damage|p1a: RUN FROM ME|22\/100|[from] Recoil\n|move|p2a: Deimos|Earthquake|p1a: RUN FROM ME\n|-supereffective|p1a: RUN FROM ME\n|-damage|p1a: RUN FROM ME|0 fnt\n|faint|p1a: RUN FROM ME\n|\n|upkeep\n|\n|t:|1699479029\n|switch|p1a: Arceus|Arceus-Fairy|100\/100\n|-activate|p1a: Arceus|move: Sticky Web\n|-unboost|p1a: Arceus|spe|1\n|turn|6\n|\n|t:|1699479034\n|switch|p2a: Esper|Espeon, F, shiny|100\/100\n|move|p1a: Arceus|Extreme Speed|p2a: Esper\n|-damage|p2a: Esper|59\/100\n|\n|upkeep\n|turn|7\n|\n|t:|1699479043\n|move|p2a: Esper|Psychic Terrain|p2a: Esper\n|-fieldstart|move: Psychic Terrain\n|move|p1a: Arceus|Judgment|p2a: Esper\n|-damage|p2a: Esper|9\/100\n|\n|upkeep\n|turn|8\n|\n|t:|1699479048\n|move|p1a: Arceus|Extreme Speed|p2a: Esper\n|-activate|p2a: Esper|move: Psychic Terrain\n|move|p2a: Esper|Wish|p2a: Esper\n|\n|upkeep\n|turn|9\n|\n|t:|1699479058\n|switch|p2a: Humakht|Groudon, shiny|100\/100\n|detailschange|p2a: Humakht|Groudon-Primal, shiny\n|-primal|p2a: Humakht|Red Orb\n|-weather|DesolateLand|[from] ability: Desolate Land|[of] p2a: Humakht\n|move|p1a: Arceus|Judgment|p2a: Humakht\n|-resisted|p2a: Humakht\n|-crit|p2a: Humakht\n|-damage|p2a: Humakht|70\/100\n|\n|-weather|DesolateLand|[upkeep]\n|-heal|p2a: Humakht|100\/100|[from] move: Wish|[wisher] Esper\n|upkeep\n|turn|10\n|\n|t:|1699479068\n|move|p2a: Humakht|Stealth Rock|p1a: Arceus\n|-sidestart|p1: I like Glaceon yay|move: Stealth Rock\n|move|p1a: Arceus|Shadow Force||[still]\n|-prepare|p1a: Arceus|Shadow Force\n|\n|-weather|DesolateLand|[upkeep]\n|upkeep\n|turn|11\n|\n|t:|1699479072\n|move|p2a: Humakht|Hone Claws|p2a: Humakht\n|-boost|p2a: Humakht|atk|1\n|-boost|p2a: Humakht|accuracy|1\n|move|p1a: Arceus|Shadow Force|p2a: Humakht|[from]lockedmove\n|-damage|p2a: Humakht|72\/100\n|\n|-weather|DesolateLand|[upkeep]\n|upkeep\n|turn|12\n|\n|t:|1699479082\n|move|p2a: Humakht|Precipice Blades|p1a: Arceus\n|-damage|p1a: Arceus|23\/100\n|move|p1a: Arceus|Judgment|p2a: Humakht\n|-resisted|p2a: Humakht\n|-damage|p2a: Humakht|50\/100\n|\n|-weather|DesolateLand|[upkeep]\n|upkeep\n|turn|13\n|\n|t:|1699479092\n|move|p1a: Arceus|Extreme Speed|p2a: Humakht\n|-activate|p2a: Humakht|move: Psychic Terrain\n|move|p2a: Humakht|Stone Edge|p1a: Arceus\n|-damage|p1a: Arceus|0 fnt\n|faint|p1a: Arceus\n|\n|-weather|DesolateLand|[upkeep]\n|upkeep\n|\n|t:|1699479097\n|switch|p1a: Groudon|Groudon|100\/100\n|-activate|p1a: Groudon|move: Sticky Web\n|-unboost|p1a: Groudon|spe|1\n|-damage|p1a: Groudon|94\/100|[from] Stealth Rock\n|detailschange|p1a: Groudon|Groudon-Primal\n|-primal|p1a: Groudon|Red Orb\n|turn|14\n|\n|t:|1699479104\n|move|p2a: Humakht|Precipice Blades|p1a: Groudon\n|-supereffective|p1a: Groudon\n|-damage|p1a: Groudon|0 fnt\n|faint|p1a: Groudon\n|\n|-weather|DesolateLand|[upkeep]\n|-fieldend|move: Psychic Terrain\n|upkeep\n|\n|t:|1699479109\n|switch|p1a: ATTACK SQUID|Deoxys-Attack, shiny|100\/100\n|-activate|p1a: ATTACK SQUID|move: Sticky Web\n|-unboost|p1a: ATTACK SQUID|spe|1\n|-damage|p1a: ATTACK SQUID|88\/100|[from] Stealth Rock\n|-ability|p1a: ATTACK SQUID|Pressure\n|turn|15\n|\n|t:|1699479138\n|move|p1a: ATTACK SQUID|Poison Jab|p2a: Humakht\n|-resisted|p2a: Humakht\n|-damage|p2a: Humakht|35\/100\n|-status|p2a: Humakht|psn\n|move|p2a: Humakht|Precipice Blades|p1a: ATTACK SQUID\n|-damage|p1a: ATTACK SQUID|0 fnt\n|faint|p1a: ATTACK SQUID\n|\n|-weather|DesolateLand|[upkeep]\n|-damage|p2a: Humakht|22\/100 psn|[from] psn\n|upkeep\n|\n|t:|1699479147\n|switch|p1a: Kyurem|Kyurem-White|100\/100\n|-activate|p1a: Kyurem|move: Sticky Web\n|-unboost|p1a: Kyurem|spe|1\n|-damage|p1a: Kyurem|76\/100|[from] Stealth Rock\n|-ability|p1a: Kyurem|Turboblaze\n|turn|16\n|\n|t:|1699479152\n|move|p2a: Humakht|Precipice Blades|p1a: Kyurem\n|-damage|p1a: Kyurem|0 fnt\n|faint|p1a: Kyurem\n|\n|-weather|DesolateLand|[upkeep]\n|-damage|p2a: Humakht|10\/100 psn|[from] psn\n|upkeep\n|\n|t:|1699479154\n|switch|p1a: Zekrom|Zekrom|100\/100\n|-activate|p1a: Zekrom|move: Sticky Web\n|-unboost|p1a: Zekrom|spe|1\n|-damage|p1a: Zekrom|88\/100|[from] Stealth Rock\n|-ability|p1a: Zekrom|Teravolt\n|turn|17\n|\n|t:|1699479161\n|move|p2a: Humakht|Precipice Blades|p1a: Zekrom\n|-supereffective|p1a: Zekrom\n|-crit|p1a: Zekrom\n|-damage|p1a: Zekrom|0 fnt\n|faint|p1a: Zekrom\n|\n|win|BigPengSus\n|raw|I like Glaceon yay's rating: 1119 &rarr; <strong>1093<\/strong><br \/>(-26 for losing)\n|raw|BigPengSus's rating: 1108 &rarr; <strong>1134<\/strong><br \/>(+26 for winning)\n|c|\u2606I like Glaceon yay|?\n","uploadtime":1699479203,"views":10,"p1id":"ilikeglaceonyay","p2id":"bigpengsus","formatid":"gen9nationaldexubers","rating":1093,"private":0,"password":""}