{"id":"gen9nationaldexubers-1985643169","p1":"Poundtown-101","p2":"crab game","format":"[Gen 9] National Dex Ubers","log":"|j|\u2606Poundtown-101\n|j|\u2606crab game\n|t:|1699391715\n|gametype|singles\n|player|p1|Poundtown-101|hiker-gen4|1223\n|player|p2|crab game|red|1236\n|teamsize|p1|6\n|teamsize|p2|6\n|gen|9\n|tier|[Gen 9] National Dex Ubers\n|rated|\n|rule|HP Percentage Mod: HP is shown in percentages\n|rule|Endless Battle Clause: Forcing endless battles is banned\n|rule|OHKO Clause: OHKO moves are banned\n|rule|Evasion Moves Clause: Evasion moves are banned\n|rule|Evasion Items Clause: Evasion items are banned\n|rule|Species Clause: Limit one of each Pok\u00e9mon\n|rule|Sleep Clause Mod: Limit one foe put to sleep\n|rule|Mega Rayquaza Clause: You cannot mega evolve Rayquaza\n|clearpoke\n|poke|p1|Groudon|\n|poke|p1|Kyogre|\n|poke|p1|Ho-Oh|\n|poke|p1|Xerneas-*|\n|poke|p1|Bibarel, F|\n|poke|p1|Victini|\n|poke|p2|Chien-Pao|\n|poke|p2|Zacian-*|\n|poke|p2|Zygarde|\n|poke|p2|Volcarona, M|\n|poke|p2|Alakazam, F|\n|poke|p2|Dragapult, F|\n|teampreview\n|\n|t:|1699391727\n|start\n|switch|p1a: Victini|Victini|100\/100\n|switch|p2a: Zygarde|Zygarde, shiny|100\/100\n|turn|1\n|\n|t:|1699391785\n|switch|p1a: Xerneas|Xerneas|100\/100\n|-ability|p1a: Xerneas|Fairy Aura\n|move|p2a: Zygarde|Thousand Arrows|p1a: Xerneas\n|-damage|p1a: Xerneas|78\/100\n|\n|upkeep\n|turn|2\n|\n|t:|1699391796\n|-terastallize|p2a: Zygarde|Steel\n|move|p1a: Xerneas|Geomancy||[still]\n|-prepare|p1a: Xerneas|Geomancy\n|-enditem|p1a: Xerneas|Power Herb\n|-anim|p1a: Xerneas|Geomancy|p1a: Xerneas\n|-boost|p1a: Xerneas|spa|2\n|-boost|p1a: Xerneas|spd|2\n|-boost|p1a: Xerneas|spe|2\n|move|p2a: Zygarde|Dragon Dance|p2a: Zygarde\n|-boost|p2a: Zygarde|atk|1\n|-boost|p2a: Zygarde|spe|1\n|\n|upkeep\n|turn|3\n|\n|t:|1699391846\n|move|p1a: Xerneas|Moonblast|p2a: Zygarde\n|-resisted|p2a: Zygarde\n|-damage|p2a: Zygarde|51\/100\n|-unboost|p2a: Zygarde|spa|1\n|move|p2a: Zygarde|Thousand Arrows|p1a: Xerneas\n|-damage|p1a: Xerneas|42\/100\n|\n|-heal|p2a: Zygarde|57\/100|[from] item: Leftovers\n|upkeep\n|turn|4\n|\n|t:|1699391857\n|move|p1a: Xerneas|Moonblast|p2a: Zygarde\n|-resisted|p2a: Zygarde\n|-damage|p2a: Zygarde|15\/100\n|move|p2a: Zygarde|Thousand Arrows|p1a: Xerneas\n|-damage|p1a: Xerneas|4\/100\n|\n|-heal|p2a: Zygarde|21\/100|[from] item: Leftovers\n|-activate|p2a: Zygarde|ability: Power Construct\n|detailschange|p2a: Zygarde|Zygarde-Complete, shiny, tera:Steel\n|-heal|p2a: Zygarde|48\/100|[silent]\n|upkeep\n|turn|5\n|\n|t:|1699391869\n|move|p2a: Zygarde|Extreme Speed|p1a: Xerneas\n|-damage|p1a: Xerneas|0 fnt\n|faint|p1a: Xerneas\n|\n|-heal|p2a: Zygarde|54\/100|[from] item: Leftovers\n|upkeep\n|\n|t:|1699391874\n|switch|p1a: Victini|Victini|100\/100\n|turn|6\n|\n|t:|1699391878\n|move|p1a: Victini|Blaze Kick|p2a: Zygarde\n|-supereffective|p2a: Zygarde\n|-damage|p2a: Zygarde|25\/100\n|move|p2a: Zygarde|Thousand Arrows|p1a: Victini\n|-supereffective|p1a: Victini\n|-damage|p1a: Victini|0 fnt\n|faint|p1a: Victini\n|\n|-heal|p2a: Zygarde|31\/100|[from] item: Leftovers\n|upkeep\n|\n|t:|1699391883\n|switch|p1a: Ho-Oh|Ho-Oh, shiny|100\/100\n|turn|7\n|\n|t:|1699391888\n|move|p2a: Zygarde|Thousand Arrows|p1a: Ho-Oh\n|-damage|p1a: Ho-Oh|62\/100\n|-start|p1a: Ho-Oh|Smack Down\n|-zpower|p1a: Ho-Oh\n|move|p1a: Ho-Oh|Z-Celebrate|p1a: Ho-Oh|[anim]Celebrate\n|-boost|p1a: Ho-Oh|atk|1|[zeffect]\n|-boost|p1a: Ho-Oh|def|1|[zeffect]\n|-boost|p1a: Ho-Oh|spa|1|[zeffect]\n|-boost|p1a: Ho-Oh|spd|1|[zeffect]\n|-boost|p1a: Ho-Oh|spe|1|[zeffect]\n|-activate|p1a: Ho-Oh|move: Celebrate\n|\n|-heal|p2a: Zygarde|37\/100|[from] item: Leftovers\n|upkeep\n|turn|8\n|\n|t:|1699391904\n|move|p1a: Ho-Oh|Flame Charge|p2a: Zygarde\n|-supereffective|p2a: Zygarde\n|-damage|p2a: Zygarde|8\/100\n|-boost|p1a: Ho-Oh|spe|1\n|move|p2a: Zygarde|Thousand Arrows|p1a: Ho-Oh\n|-supereffective|p1a: Ho-Oh\n|-damage|p1a: Ho-Oh|7\/100\n|\n|-heal|p2a: Zygarde|14\/100|[from] item: Leftovers\n|upkeep\n|turn|9\n|\n|t:|1699391916\n|move|p2a: Zygarde|Extreme Speed|p1a: Ho-Oh\n|-damage|p1a: Ho-Oh|0 fnt\n|faint|p1a: Ho-Oh\n|\n|-heal|p2a: Zygarde|20\/100|[from] item: Leftovers\n|upkeep\n|\n|t:|1699391921\n|switch|p1a: Groudon|Groudon|100\/100\n|detailschange|p1a: Groudon|Groudon-Primal\n|-primal|p1a: Groudon|Red Orb\n|-weather|DesolateLand|[from] ability: Desolate Land|[of] p1a: Groudon\n|turn|10\n|\n|t:|1699391927\n|move|p2a: Zygarde|Thousand Arrows|p1a: Groudon\n|-supereffective|p1a: Groudon\n|-damage|p1a: Groudon|30\/100\n|move|p1a: Groudon|Rock Polish|p1a: Groudon\n|-boost|p1a: Groudon|spe|2\n|\n|-weather|DesolateLand|[upkeep]\n|-heal|p2a: Zygarde|26\/100|[from] item: Leftovers\n|upkeep\n|turn|11\n|\n|t:|1699391937\n|move|p2a: Zygarde|Extreme Speed|p1a: Groudon\n|-damage|p1a: Groudon|8\/100\n|move|p1a: Groudon|Power-Up Punch|p2a: Zygarde\n|-supereffective|p2a: Zygarde\n|-damage|p2a: Zygarde|14\/100\n|-boost|p1a: Groudon|atk|1\n|\n|-weather|DesolateLand|[upkeep]\n|-heal|p2a: Zygarde|20\/100|[from] item: Leftovers\n|upkeep\n|turn|12\n|\n|t:|1699391946\n|move|p2a: Zygarde|Extreme Speed|p1a: Groudon\n|-damage|p1a: Groudon|0 fnt\n|faint|p1a: Groudon\n|-weather|none\n|\n|-heal|p2a: Zygarde|26\/100|[from] item: Leftovers\n|upkeep\n|\n|t:|1699391950\n|switch|p1a: Kyogre|Kyogre|100\/100\n|detailschange|p1a: Kyogre|Kyogre-Primal\n|-primal|p1a: Kyogre|Blue Orb\n|-weather|PrimordialSea|[from] ability: Primordial Sea|[of] p1a: Kyogre\n|turn|13\n|\n|t:|1699391959\n|move|p2a: Zygarde|Thousand Arrows|p1a: Kyogre\n|-damage|p1a: Kyogre|54\/100\n|move|p1a: Kyogre|Thunder|p2a: Zygarde\n|-damage|p2a: Zygarde|2\/100\n|\n|-weather|PrimordialSea|[upkeep]\n|-heal|p2a: Zygarde|8\/100|[from] item: Leftovers\n|upkeep\n|turn|14\n|l|\u2606Poundtown-101\n|player|p1|\n|inactive|Battle timer is ON: inactive players will automatically lose when time's up. (requested by crab game)\n|inactive|Poundtown-101 has 30 seconds to reconnect!\n|inactive|Poundtown-101 has 20 seconds to reconnect!\n|inactive|Poundtown-101 has 15 seconds to reconnect!\n|inactive|Poundtown-101 has 10 seconds to reconnect!\n|inactive|Poundtown-101 has 5 seconds to reconnect!\n|-message|Poundtown-101 lost due to inactivity.\n|\n|win|crab game\n|raw|Poundtown-101's rating: 1223 &rarr; <strong>1199<\/strong><br \/>(-24 for losing)\n|raw|crab game's rating: 1236 &rarr; <strong>1260<\/strong><br \/>(+24 for winning)\n","uploadtime":1699392084,"views":4,"p1id":"poundtown101","p2id":"crabgame","formatid":"gen9nationaldexubers","rating":1199,"private":0,"password":""}