{"id":"gen9nationaldexubers-1999597606","p1":"Loooooppp","p2":"Marioipod","format":"[Gen 9] National Dex Ubers","log":"|j|\u2606Loooooppp\n|j|\u203dMarioipod\n|t:|1701099770\n|gametype|singles\n|player|p1|Loooooppp|170|1158\n|player|p2|Marioipod|lucas-gen4pt|1078\n|teamsize|p1|6\n|teamsize|p2|6\n|gen|9\n|tier|[Gen 9] National Dex Ubers\n|rated|\n|rule|HP Percentage Mod: HP is shown in percentages\n|rule|Endless Battle Clause: Forcing endless battles is banned\n|rule|OHKO Clause: OHKO moves are banned\n|rule|Evasion Moves Clause: Evasion moves are banned\n|rule|Evasion Items Clause: Evasion items are banned\n|rule|Species Clause: Limit one of each Pok\u00e9mon\n|rule|Sleep Clause Mod: Limit one foe put to sleep\n|rule|Mega Rayquaza Clause: You cannot mega evolve Rayquaza\n|clearpoke\n|poke|p1|Dragapult, F|\n|poke|p1|Genesect-Burn|\n|poke|p1|Shaymin-Sky|\n|poke|p1|Darmanitan-Galar, F|\n|poke|p1|Melmetal|\n|poke|p1|Altaria, M|\n|poke|p2|Roaring Moon|\n|poke|p2|Zygarde|\n|poke|p2|Mewtwo|\n|poke|p2|Kyogre|\n|poke|p2|Giratina-Origin|\n|poke|p2|Kyurem-Black|\n|teampreview\n|\n|t:|1701099779\n|start\n|switch|p1a: Dragapult|Dragapult, F|100\/100\n|switch|p2a: Roaring Moon|Roaring Moon, shiny|100\/100\n|-enditem|p2a: Roaring Moon|Booster Energy\n|-activate|p2a: Roaring Moon|ability: Protosynthesis|[fromitem]\n|-start|p2a: Roaring Moon|protosynthesisspe\n|turn|1\n|\n|t:|1701099788\n|move|p2a: Roaring Moon|Dragon Dance|p2a: Roaring Moon\n|-boost|p2a: Roaring Moon|atk|1\n|-boost|p2a: Roaring Moon|spe|1\n|move|p1a: Dragapult|Will-O-Wisp|p2a: Roaring Moon\n|-status|p2a: Roaring Moon|brn\n|\n|-damage|p2a: Roaring Moon|95\/100 brn|[from] brn\n|upkeep\n|turn|2\n|\n|t:|1701099793\n|move|p2a: Roaring Moon|Knock Off|p1a: Dragapult\n|-supereffective|p1a: Dragapult\n|-enditem|p1a: Dragapult|Focus Sash\n|-damage|p1a: Dragapult|1\/100\n|move|p1a: Dragapult|U-turn|p2a: Roaring Moon\n|-supereffective|p2a: Roaring Moon\n|-damage|p2a: Roaring Moon|37\/100 brn\n|\n|t:|1701099801\n|switch|p1a: Melmetal|Melmetal|100\/100|[from] U-turn\n|\n|-damage|p2a: Roaring Moon|31\/100 brn|[from] brn\n|upkeep\n|turn|3\n|\n|t:|1701099804\n|move|p2a: Roaring Moon|Knock Off|p1a: Melmetal\n|-damage|p1a: Melmetal|82\/100\n|-enditem|p1a: Melmetal|Assault Vest|[from] move: Knock Off|[of] p2a: Roaring Moon\n|move|p1a: Melmetal|Double Iron Bash|p2a: Roaring Moon\n|-damage|p2a: Roaring Moon|0 fnt\n|faint|p2a: Roaring Moon\n|-end|p2a: Roaring Moon|Protosynthesis|[silent]\n|-hitcount|p2: Roaring Moon|1\n|\n|upkeep\n|\n|t:|1701099812\n|switch|p2a: Giratina|Giratina-Origin|100\/100\n|turn|4\n|\n|t:|1701099825\n|move|p2a: Giratina|Will-O-Wisp|p1a: Melmetal\n|-status|p1a: Melmetal|brn\n|move|p1a: Melmetal|Double Iron Bash|p2a: Giratina\n|-damage|p2a: Giratina|88\/100\n|-crit|p2a: Giratina\n|-damage|p2a: Giratina|69\/100\n|-hitcount|p2a: Giratina|2\n|\n|-damage|p1a: Melmetal|75\/100 brn|[from] brn\n|upkeep\n|turn|5\n|\n|t:|1701099831\n|move|p2a: Giratina|Tailwind|p2a: Giratina\n|-sidestart|p2: Marioipod|move: Tailwind\n|move|p1a: Melmetal|Double Iron Bash|p2a: Giratina\n|-damage|p2a: Giratina|56\/100\n|-damage|p2a: Giratina|42\/100\n|-hitcount|p2a: Giratina|2\n|\n|-damage|p1a: Melmetal|69\/100 brn|[from] brn\n|upkeep\n|turn|6\n|\n|t:|1701099834\n|move|p2a: Giratina|Draco Meteor|p1a: Melmetal\n|-resisted|p1a: Melmetal\n|-damage|p1a: Melmetal|37\/100 brn\n|-unboost|p2a: Giratina|spa|2\n|move|p1a: Melmetal|Double Iron Bash|p2a: Giratina\n|-damage|p2a: Giratina|29\/100\n|-damage|p2a: Giratina|15\/100\n|-hitcount|p2a: Giratina|2\n|\n|-damage|p1a: Melmetal|31\/100 brn|[from] brn\n|upkeep\n|turn|7\n|\n|t:|1701099846\n|move|p2a: Giratina|Shadow Force||[still]\n|-prepare|p2a: Giratina|Shadow Force\n|move|p1a: Melmetal|Double Iron Bash|p2a: Giratina|[miss]\n|-miss|p1a: Melmetal|p2a: Giratina\n|\n|-damage|p1a: Melmetal|25\/100 brn|[from] brn\n|upkeep\n|turn|8\n|inactive|Battle timer is ON: inactive players will automatically lose when time's up. (requested by Marioipod)\n|\n|t:|1701099870\n|switch|p1a: Darmanitan|Darmanitan-Galar, F|100\/100\n|move|p2a: Giratina|Shadow Force|p1a: Darmanitan|[from]lockedmove\n|-damage|p1a: Darmanitan|3\/100\n|-enditem|p1a: Darmanitan|Figy Berry|[eat]\n|-heal|p1a: Darmanitan|37\/100|[from] item: Figy Berry\n|\n|-sideend|p2: Marioipod|move: Tailwind\n|-formechange|p1a: Darmanitan|Darmanitan-Galar-Zen|\n|upkeep\n|turn|9\n|\n|t:|1701099875\n|move|p1a: Darmanitan|Earthquake|p2a: Giratina\n|-immune|p2a: Giratina|[from] ability: Levitate\n|move|p2a: Giratina|Tailwind|p2a: Giratina\n|-sidestart|p2: Marioipod|move: Tailwind\n|\n|upkeep\n|turn|10\n|\n|t:|1701099880\n|move|p2a: Giratina|Draco Meteor|p1a: Darmanitan\n|-damage|p1a: Darmanitan|0 fnt\n|-unboost|p2a: Giratina|spa|2\n|faint|p1a: Darmanitan\n|\n|upkeep\n|\n|t:|1701099883\n|switch|p1a: Melmetal|Melmetal|25\/100 brn\n|turn|11\n|\n|t:|1701099884\n|move|p2a: Giratina|Draco Meteor|p1a: Melmetal\n|-resisted|p1a: Melmetal\n|-damage|p1a: Melmetal|15\/100 brn\n|-unboost|p2a: Giratina|spa|2\n|move|p1a: Melmetal|Double Iron Bash|p2a: Giratina\n|-damage|p2a: Giratina|2\/100\n|-damage|p2a: Giratina|0 fnt\n|faint|p2a: Giratina\n|-hitcount|p2: Giratina|2\n|\n|-damage|p1a: Melmetal|9\/100 brn|[from] brn\n|upkeep\n|\n|t:|1701099887\n|switch|p2a: Kyogre|Kyogre|100\/100\n|detailschange|p2a: Kyogre|Kyogre-Primal\n|-primal|p2a: Kyogre|Blue Orb\n|-weather|PrimordialSea|[from] ability: Primordial Sea|[of] p2a: Kyogre\n|turn|12\n|\n|t:|1701099892\n|move|p2a: Kyogre|Water Spout|p1a: Melmetal\n|-damage|p1a: Melmetal|0 fnt\n|faint|p1a: Melmetal\n|\n|-weather|PrimordialSea|[upkeep]\n|-sideend|p2: Marioipod|move: Tailwind\n|upkeep\n|\n|t:|1701099895\n|switch|p1a: Shaymin|Shaymin-Sky|100\/100\n|turn|13\n|c|\u2606Loooooppp|forgot about lev lol\n|\n|t:|1701099905\n|-weather|none\n|switch|p2a: Mewtwo|Mewtwo|100\/100\n|-ability|p2a: Mewtwo|Unnerve\n|move|p1a: Shaymin|Seed Flare|p2a: Mewtwo\n|-damage|p2a: Mewtwo|25\/100\n|-damage|p1a: Shaymin|91\/100|[from] item: Life Orb\n|\n|upkeep\n|turn|14\n|\n|t:|1701099912\n|detailschange|p2a: Mewtwo|Mewtwo-Mega-Y\n|-mega|p2a: Mewtwo|Mewtwo|Mewtwonite Y\n|move|p2a: Mewtwo|Hurricane|p1a: Shaymin\n|-supereffective|p1a: Shaymin\n|-damage|p1a: Shaymin|0 fnt\n|faint|p1a: Shaymin\n|\n|upkeep\n|\n|t:|1701099918\n|switch|p1a: Genesect|Genesect-Burn, shiny|100\/100\n|-ability|p1a: Genesect|Download|boost\n|-boost|p1a: Genesect|atk|1\n|turn|15\n|\n|t:|1701099920\n|move|p1a: Genesect|Extreme Speed|p2a: Mewtwo\n|-damage|p2a: Mewtwo|0 fnt\n|faint|p2a: Mewtwo\n|\n|upkeep\n|\n|t:|1701099927\n|switch|p2a: Zygarde|Zygarde|100\/100\n|turn|16\n|\n|t:|1701099935\n|move|p1a: Genesect|Leech Life|p2a: Zygarde\n|-damage|p2a: Zygarde|64\/100\n|move|p2a: Zygarde|Coil|p2a: Zygarde\n|-boost|p2a: Zygarde|atk|1\n|-boost|p2a: Zygarde|def|1\n|-boost|p2a: Zygarde|accuracy|1\n|\n|-heal|p2a: Zygarde|70\/100|[from] item: Leftovers\n|upkeep\n|turn|17\n|\n|t:|1701099943\n|switch|p1a: Dragapult|Dragapult, F|1\/100\n|move|p2a: Zygarde|Dragon Tail|p1a: Dragapult\n|-supereffective|p1a: Dragapult\n|-crit|p1a: Dragapult\n|-damage|p1a: Dragapult|0 fnt\n|faint|p1a: Dragapult\n|\n|-heal|p2a: Zygarde|76\/100|[from] item: Leftovers\n|upkeep\n|\n|t:|1701099945\n|switch|p1a: Altaria|Altaria, M|100\/100\n|-ability|p1a: Altaria|Cloud Nine\n|turn|18\n|\n|t:|1701099948\n|detailschange|p1a: Altaria|Altaria-Mega, M\n|-mega|p1a: Altaria|Altaria|Altarianite\n|move|p2a: Zygarde|Iron Tail|p1a: Altaria\n|-supereffective|p1a: Altaria\n|-damage|p1a: Altaria|18\/100\n|move|p1a: Altaria|Dragon Dance|p1a: Altaria\n|-boost|p1a: Altaria|atk|1\n|-boost|p1a: Altaria|spe|1\n|\n|-heal|p2a: Zygarde|83\/100|[from] item: Leftovers\n|upkeep\n|turn|19\n|\n|t:|1701099955\n|move|p1a: Altaria|Return|p2a: Zygarde\n|-supereffective|p2a: Zygarde\n|-damage|p2a: Zygarde|12\/100\n|move|p2a: Zygarde|Iron Tail|p1a: Altaria\n|-supereffective|p1a: Altaria\n|-damage|p1a: Altaria|0 fnt\n|faint|p1a: Altaria\n|\n|-heal|p2a: Zygarde|18\/100|[from] item: Leftovers\n|-activate|p2a: Zygarde|ability: Power Construct\n|detailschange|p2a: Zygarde|Zygarde-Complete\n|-heal|p2a: Zygarde|46\/100|[silent]\n|upkeep\n|\n|t:|1701099958\n|switch|p1a: Genesect|Genesect-Burn, shiny|100\/100\n|-ability|p1a: Genesect|Download|boost\n|-boost|p1a: Genesect|spa|1\n|turn|20\n|\n|t:|1701099962\n|-terastallize|p1a: Genesect|Fire\n|move|p1a: Genesect|Techno Blast|p2a: Zygarde\n|-resisted|p2a: Zygarde\n|-damage|p2a: Zygarde|25\/100\n|move|p2a: Zygarde|Thousand Arrows|p1a: Genesect\n|-supereffective|p1a: Genesect\n|-damage|p1a: Genesect|0 fnt\n|faint|p1a: Genesect\n|\n|win|Marioipod\n|raw|Loooooppp's rating: 1158 &rarr; <strong>1127<\/strong><br \/>(-31 for losing)\n|raw|Marioipod's rating: 1078 &rarr; <strong>1113<\/strong><br \/>(+35 for winning)\n","uploadtime":1701099965,"views":1,"p1id":"loooooppp","p2id":"marioipod","formatid":"gen9nationaldexubers","rating":1113,"private":0,"password":""}