{"id":"gen9nationaldexubers-1986741682","p1":"Kapoora","p2":"zhangdinglong\u589e\u706b\u9f99\u4fa0","format":"[Gen 9] National Dex Ubers","log":"|j|\u2606Kapoora\n|j|\u2606zhangdinglong\u589e\u706b\u9f99\u4fa0\n|t:|1699517670\n|gametype|singles\n|player|p1|Kapoora|steven|1745\n|player|p2|zhangdinglong\u589e\u706b\u9f99\u4fa0|elesa-masters|1581\n|teamsize|p1|6\n|teamsize|p2|6\n|gen|9\n|tier|[Gen 9] National Dex Ubers\n|rated|\n|rule|HP Percentage Mod: HP is shown in percentages\n|rule|Endless Battle Clause: Forcing endless battles is banned\n|rule|OHKO Clause: OHKO moves are banned\n|rule|Evasion Moves Clause: Evasion moves are banned\n|rule|Evasion Items Clause: Evasion items are banned\n|rule|Species Clause: Limit one of each Pok\u00e9mon\n|rule|Sleep Clause Mod: Limit one foe put to sleep\n|rule|Mega Rayquaza Clause: You cannot mega evolve Rayquaza\n|clearpoke\n|poke|p1|Groudon|\n|poke|p1|Ho-Oh|\n|poke|p1|Arceus-Ground|\n|poke|p1|Yveltal|\n|poke|p1|Zygarde|\n|poke|p1|Eternatus|\n|poke|p2|Cresselia, F|\n|poke|p2|Hatterene, F|\n|poke|p2|Melmetal|\n|poke|p2|Arceus|\n|poke|p2|Calyrex-Ice|\n|poke|p2|Necrozma-Dusk-Mane|\n|teampreview\n|\n|t:|1699517682\n|start\n|switch|p1a: Yveltal|Yveltal|100\/100\n|switch|p2a: Necrozma|Necrozma-Dusk-Mane|100\/100\n|-ability|p1a: Yveltal|Dark Aura\n|turn|1\n|\n|t:|1699517685\n|move|p1a: Yveltal|Foul Play|p2a: Necrozma\n|-supereffective|p2a: Necrozma\n|-damage|p2a: Necrozma|19\/100\n|-enditem|p2a: Necrozma|Weakness Policy\n|-boost|p2a: Necrozma|atk|2|[from] item: Weakness Policy\n|-boost|p2a: Necrozma|spa|2|[from] item: Weakness Policy\n|move|p2a: Necrozma|Stealth Rock|p1a: Yveltal\n|-sidestart|p1: Kapoora|move: Stealth Rock\n|\n|upkeep\n|turn|2\n|\n|t:|1699517692\n|move|p1a: Yveltal|Foul Play|p2a: Necrozma\n|-supereffective|p2a: Necrozma\n|-damage|p2a: Necrozma|0 fnt\n|faint|p2a: Necrozma\n|\n|upkeep\n|\n|t:|1699517697\n|switch|p2a: \u5de5\u5177\u4eba|Hatterene, F, shiny|100\/100\n|turn|3\n|\n|t:|1699517699\n|move|p1a: Yveltal|Knock Off|p2a: \u5de5\u5177\u4eba\n|-damage|p2a: \u5de5\u5177\u4eba|51\/100\n|-enditem|p2a: \u5de5\u5177\u4eba|Focus Sash|[from] move: Knock Off|[of] p1a: Yveltal\n|move|p2a: \u5de5\u5177\u4eba|Trick Room|p2a: \u5de5\u5177\u4eba\n|-fieldstart|move: Trick Room|[of] p2a: \u5de5\u5177\u4eba\n|\n|upkeep\n|turn|4\n|\n|t:|1699517705\n|switch|p1a: Ho-Oh|Ho-Oh|100\/100\n|move|p2a: \u5de5\u5177\u4eba|Misty Explosion|p1a: Ho-Oh\n|-resisted|p1a: Ho-Oh\n|-damage|p1a: Ho-Oh|88\/100\n|faint|p2a: \u5de5\u5177\u4eba\n|\n|upkeep\n|\n|t:|1699517708\n|switch|p2a: Calyrex|Calyrex-Ice|100\/100\n|-ability|p2a: Calyrex|As One\n|-ability|p2a: Calyrex|Unnerve\n|turn|5\n|\n|t:|1699517721\n|-terastallize|p2a: Calyrex|Ice\n|move|p2a: Calyrex|Glacial Lance|p1a: Ho-Oh\n|-damage|p1a: Ho-Oh|0 fnt\n|faint|p1a: Ho-Oh\n|-ability|p2a: Calyrex|Chilling Neigh|boost\n|-boost|p2a: Calyrex|atk|1\n|\n|upkeep\n|\n|t:|1699517725\n|switch|p1a: Zygarde|Zygarde|100\/100\n|-damage|p1a: Zygarde|94\/100|[from] Stealth Rock\n|turn|6\n|\n|t:|1699517729\n|-terastallize|p1a: Zygarde|Water\n|move|p2a: Calyrex|Glacial Lance|p1a: Zygarde\n|-resisted|p1a: Zygarde\n|-damage|p1a: Zygarde|32\/100\n|move|p1a: Zygarde|Coil|p1a: Zygarde\n|-boost|p1a: Zygarde|atk|1\n|-boost|p1a: Zygarde|def|1\n|-boost|p1a: Zygarde|accuracy|1\n|\n|-heal|p1a: Zygarde|38\/100|[from] item: Leftovers\n|-activate|p1a: Zygarde|ability: Power Construct\n|detailschange|p1a: Zygarde|Zygarde-Complete, tera:Water\n|-heal|p1a: Zygarde|60\/100|[silent]\n|upkeep\n|turn|7\n|\n|t:|1699517736\n|move|p2a: Calyrex|Glacial Lance|p1a: Zygarde\n|-resisted|p1a: Zygarde\n|-damage|p1a: Zygarde|33\/100\n|move|p1a: Zygarde|Coil|p1a: Zygarde\n|-boost|p1a: Zygarde|atk|1\n|-boost|p1a: Zygarde|def|1\n|-boost|p1a: Zygarde|accuracy|1\n|\n|-heal|p1a: Zygarde|39\/100|[from] item: Leftovers\n|-fieldend|move: Trick Room\n|upkeep\n|turn|8\n|\n|t:|1699517742\n|switch|p2a: Arceus|Arceus|100\/100\n|move|p1a: Zygarde|Thousand Arrows|p2a: Arceus\n|-damage|p2a: Arceus|68\/100\n|\n|-heal|p1a: Zygarde|45\/100|[from] item: Leftovers\n|upkeep\n|turn|9\n|\n|t:|1699517747\n|move|p2a: Arceus|Grass Knot|p1a: Zygarde\n|-supereffective|p1a: Zygarde\n|-damage|p1a: Zygarde|7\/100\n|move|p1a: Zygarde|Toxic|p2a: Arceus\n|-status|p2a: Arceus|tox\n|\n|-heal|p1a: Zygarde|13\/100|[from] item: Leftovers\n|-damage|p2a: Arceus|62\/100 tox|[from] psn\n|upkeep\n|turn|10\n|\n|t:|1699517754\n|switch|p1a: Yveltal|Yveltal|100\/100\n|-ability|p1a: Yveltal|Dark Aura\n|move|p2a: Arceus|Grass Knot|p1a: Yveltal\n|-resisted|p1a: Yveltal\n|-damage|p1a: Yveltal|87\/100\n|\n|-damage|p2a: Arceus|50\/100 tox|[from] psn\n|upkeep\n|turn|11\n|\n|t:|1699517769\n|switch|p1a: Arceus|Arceus-Ground|100\/100\n|-damage|p1a: Arceus|94\/100|[from] Stealth Rock\n|move|p2a: Arceus|Trick Room|p2a: Arceus\n|-fieldstart|move: Trick Room|[of] p2a: Arceus\n|\n|-damage|p2a: Arceus|32\/100 tox|[from] psn\n|upkeep\n|turn|12\n|\n|t:|1699517788\n|move|p2a: Arceus|Grass Knot|p1a: Arceus\n|-supereffective|p1a: Arceus\n|-damage|p1a: Arceus|44\/100\n|move|p1a: Arceus|Earthquake|p2a: Arceus\n|-damage|p2a: Arceus|0 fnt\n|faint|p2a: Arceus\n|\n|upkeep\n|\n|t:|1699517797\n|switch|p2a: Calyrex|Calyrex-Ice, tera:Ice|100\/100\n|-ability|p2a: Calyrex|As One\n|-ability|p2a: Calyrex|Unnerve\n|turn|13\n|\n|t:|1699517805\n|switch|p1a: Groudon|Groudon|100\/100\n|-damage|p1a: Groudon|94\/100|[from] Stealth Rock\n|detailschange|p1a: Groudon|Groudon-Primal\n|-primal|p1a: Groudon|Red Orb\n|-weather|DesolateLand|[from] ability: Desolate Land|[of] p1a: Groudon\n|move|p2a: Calyrex|Glacial Lance|p1a: Groudon\n|-damage|p1a: Groudon|4\/100\n|\n|-weather|DesolateLand|[upkeep]\n|upkeep\n|turn|14\n|\n|t:|1699517815\n|move|p2a: Calyrex|Glacial Lance|p1a: Groudon\n|-damage|p1a: Groudon|0 fnt\n|faint|p1a: Groudon\n|-weather|none\n|-ability|p2a: Calyrex|Chilling Neigh|boost\n|-boost|p2a: Calyrex|atk|1\n|\n|upkeep\n|\n|t:|1699517818\n|switch|p1a: Arceus|Arceus-Ground|44\/100\n|-damage|p1a: Arceus|38\/100|[from] Stealth Rock\n|turn|15\n|\n|t:|1699517822\n|move|p2a: Calyrex|Glacial Lance|p1a: Arceus\n|-supereffective|p1a: Arceus\n|-damage|p1a: Arceus|0 fnt\n|faint|p1a: Arceus\n|-ability|p2a: Calyrex|Chilling Neigh|boost\n|-boost|p2a: Calyrex|atk|1\n|\n|-fieldend|move: Trick Room\n|upkeep\n|\n|t:|1699517824\n|switch|p1a: Zygarde|Zygarde-Complete, tera:Water|13\/100\n|-damage|p1a: Zygarde|0 fnt|[from] Stealth Rock\n|faint|p1a: Zygarde\n|-message|Kapoora forfeited.\n|\n|win|zhangdinglong\u589e\u706b\u9f99\u4fa0\n|raw|Kapoora's rating: 1745 &rarr; <strong>1716<\/strong><br \/>(-29 for losing)\n|raw|zhangdinglong\u589e\u706b\u9f99\u4fa0's rating: 1581 &rarr; <strong>1610<\/strong><br \/>(+29 for winning)\n|l|\u2606Kapoora\n","uploadtime":1699517847,"views":32,"p1id":"kapoora","p2id":"zhangdinglong","formatid":"gen9nationaldexubers","rating":1610,"private":0,"password":""}