{"id":"gen9nationaldexubers-1986811683","p1":"itay7689","p2":"zomboks134","format":"[Gen 9] National Dex Ubers","log":"|j|\u2606itay7689\n|j|\u2606zomboks134\n|t:|1699528818\n|gametype|singles\n|player|p1|itay7689|cynthia-gen4|1341\n|player|p2|zomboks134|pokemaniac|1591\n|teamsize|p1|6\n|teamsize|p2|6\n|gen|9\n|tier|[Gen 9] National Dex Ubers\n|rated|\n|rule|HP Percentage Mod: HP is shown in percentages\n|rule|Endless Battle Clause: Forcing endless battles is banned\n|rule|OHKO Clause: OHKO moves are banned\n|rule|Evasion Moves Clause: Evasion moves are banned\n|rule|Evasion Items Clause: Evasion items are banned\n|rule|Species Clause: Limit one of each Pok\u00e9mon\n|rule|Sleep Clause Mod: Limit one foe put to sleep\n|rule|Mega Rayquaza Clause: You cannot mega evolve Rayquaza\n|clearpoke\n|poke|p1|Basculegion, M|\n|poke|p1|Pelipper, M|\n|poke|p1|Ceruledge, F|\n|poke|p1|Corviknight, M|\n|poke|p1|Darmanitan-Galar, M|\n|poke|p1|Naganadel|\n|poke|p2|Garganacl, M|\n|poke|p2|Kingambit, F|\n|poke|p2|Ditto|\n|poke|p2|Mewtwo|\n|poke|p2|Arceus-Ground|\n|poke|p2|Ho-Oh|\n|teampreview\n|inactive|Battle timer is ON: inactive players will automatically lose when time's up. (requested by zomboks134)\n|inactive|itay7689 also wants the timer to be on.\n|inactive|itay7689 has 120 seconds left.\n|\n|t:|1699528877\n|start\n|switch|p1a: Darmanitan|Darmanitan-Galar, M|100\/100\n|switch|p2a: Arceus|Arceus-Ground|100\/100\n|turn|1\n|\n|t:|1699528902\n|move|p1a: Darmanitan|Icicle Crash|p2a: Arceus\n|-supereffective|p2a: Arceus\n|-damage|p2a: Arceus|12\/100\n|cant|p2a: Arceus|flinch\n|\n|upkeep\n|turn|2\n|c|\u2606zomboks134|Xd\n|c|\u2606zomboks134|Cf\n|c|\u2606zomboks134|Xd\n|c|\u2606zomboks134|Xd\n|c|\u2606zomboks134|Xd\n|c|\u2606zomboks134|Xd\n|inactive|zomboks134 has 120 seconds left.\n|\n|t:|1699528937\n|switch|p2a: Garganacl|Garganacl, M|100\/100\n|move|p1a: Darmanitan|Icicle Crash|p2a: Garganacl\n|-damage|p2a: Garganacl|60\/100\n|\n|-heal|p2a: Garganacl|66\/100|[from] item: Leftovers\n|upkeep\n|turn|3\n|\n|t:|1699528949\n|switch|p1a: Corviknight|Corviknight, M|100\/100\n|move|p2a: Garganacl|Salt Cure|p1a: Corviknight\n|-damage|p1a: Corviknight|90\/100\n|-start|p1a: Corviknight|Salt Cure\n|\n|-heal|p1a: Corviknight|96\/100|[from] item: Leftovers\n|-heal|p2a: Garganacl|73\/100|[from] item: Leftovers\n|-damage|p1a: Corviknight|71\/100|[from] Salt Cure\n|upkeep\n|turn|4\n|inactive|zomboks134 has 120 seconds left.\n|\n|t:|1699528965\n|switch|p2a: Ho-Oh|Ho-Oh|100\/100\n|move|p1a: Corviknight|Bulk Up|p1a: Corviknight\n|-boost|p1a: Corviknight|atk|1\n|-boost|p1a: Corviknight|def|1\n|\n|-heal|p1a: Corviknight|77\/100|[from] item: Leftovers\n|-damage|p1a: Corviknight|52\/100|[from] Salt Cure\n|upkeep\n|turn|5\n|\n|t:|1699528969\n|move|p2a: Ho-Oh|Sacred Fire|p1a: Corviknight\n|-supereffective|p1a: Corviknight\n|-damage|p1a: Corviknight|13\/100\n|move|p1a: Corviknight|Brave Bird|p2a: Ho-Oh\n|-damage|p2a: Ho-Oh|54\/100\n|-damage|p1a: Corviknight|0 fnt|[from] Recoil\n|faint|p1a: Corviknight\n|\n|upkeep\n|\n|t:|1699528976\n|switch|p1a: Darmanitan|Darmanitan-Galar, M|100\/100\n|turn|6\n|\n|t:|1699528979\n|switch|p2a: Garganacl|Garganacl, M|73\/100\n|move|p1a: Darmanitan|Icicle Crash|p2a: Garganacl\n|-damage|p2a: Garganacl|32\/100\n|\n|-heal|p2a: Garganacl|38\/100|[from] item: Leftovers\n|upkeep\n|turn|7\n|\n|t:|1699528984\n|move|p1a: Darmanitan|Icicle Crash|p2a: Garganacl\n|-damage|p2a: Garganacl|0 fnt\n|faint|p2a: Garganacl\n|\n|upkeep\n|\n|t:|1699529003\n|switch|p2a: Kingambit|Kingambit, F|100\/100\n|-activate|p2a: Kingambit|ability: Supreme Overlord\n|-start|p2a: Kingambit|fallen1|[silent]\n|turn|8\n|\n|t:|1699529017\n|switch|p1a: Ceruledge|Ceruledge, F|100\/100\n|move|p2a: Kingambit|Swords Dance|p2a: Kingambit\n|-boost|p2a: Kingambit|atk|2\n|\n|upkeep\n|turn|9\n|\n|t:|1699529028\n|-end|p2a: Kingambit|fallen1|[silent]\n|switch|p2a: Ho-Oh|Ho-Oh|87\/100\n|move|p1a: Ceruledge|Close Combat|p2a: Ho-Oh\n|-resisted|p2a: Ho-Oh\n|-damage|p2a: Ho-Oh|66\/100\n|-unboost|p1a: Ceruledge|def|1\n|-unboost|p1a: Ceruledge|spd|1\n|\n|upkeep\n|turn|10\n|\n|t:|1699529036\n|move|p1a: Ceruledge|Swords Dance|p1a: Ceruledge\n|-boost|p1a: Ceruledge|atk|2\n|move|p2a: Ho-Oh|Toxic|p1a: Ceruledge\n|-status|p1a: Ceruledge|tox\n|\n|-damage|p1a: Ceruledge|94\/100 tox|[from] psn\n|upkeep\n|turn|11\n|\n|t:|1699529041\n|move|p1a: Ceruledge|Shadow Claw|p2a: Ho-Oh\n|-damage|p2a: Ho-Oh|0 fnt\n|faint|p2a: Ho-Oh\n|\n|-damage|p1a: Ceruledge|82\/100 tox|[from] psn\n|upkeep\n|\n|t:|1699529060\n|switch|p2a: Kingambit|Kingambit, F|100\/100\n|-activate|p2a: Kingambit|ability: Supreme Overlord\n|-start|p2a: Kingambit|fallen2|[silent]\n|turn|12\n|\n|t:|1699529070\n|move|p2a: Kingambit|Sucker Punch|p1a: Ceruledge\n|-supereffective|p1a: Ceruledge\n|-damage|p1a: Ceruledge|0 fnt\n|faint|p1a: Ceruledge\n|\n|upkeep\n|\n|t:|1699529073\n|switch|p1a: Darmanitan|Darmanitan-Galar, M|100\/100\n|turn|13\n|inactive|zomboks134 has 120 seconds left.\n|\n|t:|1699529104\n|-end|p2a: Kingambit|fallen2|[silent]\n|switch|p2a: Arceus|Arceus-Ground|12\/100\n|move|p1a: Darmanitan|Superpower|p2a: Arceus\n|-damage|p2a: Arceus|0 fnt\n|-unboost|p1a: Darmanitan|atk|1\n|-unboost|p1a: Darmanitan|def|1\n|faint|p2a: Arceus\n|\n|upkeep\n|inactive|zomboks134 has 120 seconds left.\n|\n|t:|1699529109\n|switch|p2a: Ditto|Ditto|100\/100\n|-transform|p2a: Ditto|p1a: Darmanitan|[from] ability: Imposter\n|turn|14\n|\n|t:|1699529116\n|move|p2a: Ditto|Flare Blitz|p1a: Darmanitan\n|-supereffective|p1a: Darmanitan\n|-damage|p1a: Darmanitan|0 fnt\n|faint|p1a: Darmanitan\n|-damage|p2a: Ditto|62\/100|[from] Recoil\n|\n|upkeep\n|\n|t:|1699529119\n|switch|p1a: Sagoli|Naganadel|100\/100\n|turn|15\n|\n|t:|1699529129\n|switch|p2a: Mewtwo|Mewtwo|100\/100\n|-ability|p2a: Mewtwo|Pressure\n|move|p1a: Sagoli|Flamethrower|p2a: Mewtwo\n|-damage|p2a: Mewtwo|67\/100\n|\n|upkeep\n|turn|16\n|\n|t:|1699529144\n|switch|p1a: Pelipper|Pelipper, M|100\/100\n|-weather|RainDance|[from] ability: Drizzle|[of] p1a: Pelipper\n|detailschange|p2a: Mewtwo|Mewtwo-Mega-Y\n|-mega|p2a: Mewtwo|Mewtwo|Mewtwonite Y\n|move|p2a: Mewtwo|Ice Beam|p1a: Pelipper\n|-damage|p1a: Pelipper|52\/100\n|\n|-weather|RainDance|[upkeep]\n|upkeep\n|turn|17\n|inactive|zomboks134 has 120 seconds left.\n|\n|t:|1699529185\n|move|p2a: Mewtwo|Ice Beam|p1a: Pelipper\n|-damage|p1a: Pelipper|5\/100\n|move|p1a: Pelipper|U-turn|p2a: Mewtwo\n|-supereffective|p2a: Mewtwo\n|-damage|p2a: Mewtwo|45\/100\n|\n|t:|1699529192\n|switch|p1a: Basculegion|Basculegion, M|100\/100|[from] U-turn\n|\n|-weather|RainDance|[upkeep]\n|upkeep\n|turn|18\n|inactive|zomboks134 has 120 seconds left.\n|\n|t:|1699529203\n|-terastallize|p1a: Basculegion|Ghost\n|move|p1a: Basculegion|Last Respects|p2a: Mewtwo\n|-supereffective|p2a: Mewtwo\n|-damage|p2a: Mewtwo|0 fnt\n|faint|p2a: Mewtwo\n|\n|-weather|RainDance|[upkeep]\n|upkeep\n|\n|t:|1699529208\n|switch|p2a: Kingambit|Kingambit, F|100\/100\n|-activate|p2a: Kingambit|ability: Supreme Overlord\n|-start|p2a: Kingambit|fallen4|[silent]\n|turn|19\n|inactive|zomboks134 has 120 seconds left.\n|\n|t:|1699529222\n|switch|p1a: Sagoli|Naganadel|100\/100\n|-terastallize|p2a: Kingambit|Dark\n|move|p2a: Kingambit|Sucker Punch||[still]\n|-fail|p2a: Kingambit\n|\n|-weather|RainDance|[upkeep]\n|upkeep\n|turn|20\n|inactive|zomboks134 has 120 seconds left.\n|\n|t:|1699529247\n|move|p1a: Sagoli|Draco Meteor|p2a: Kingambit\n|-damage|p2a: Kingambit|30\/100\n|-unboost|p1a: Sagoli|spa|2\n|move|p2a: Kingambit|Knock Off|p1a: Sagoli\n|-damage|p1a: Sagoli|0 fnt\n|-enditem|p1a: Sagoli|Choice Scarf|[from] move: Knock Off|[of] p2a: Kingambit\n|faint|p1a: Sagoli\n|\n|-weather|RainDance|[upkeep]\n|upkeep\n|\n|t:|1699529256\n|switch|p1a: Basculegion|Basculegion, M, tera:Ghost|100\/100\n|turn|21\n|inactive|zomboks134 has 120 seconds left.\n|\n|t:|1699529264\n|move|p1a: Basculegion|Aqua Jet|p2a: Kingambit\n|-damage|p2a: Kingambit|0 fnt\n|faint|p2a: Kingambit\n|-end|p2a: Kingambit|fallen4|[silent]\n|\n|-weather|RainDance|[upkeep]\n|upkeep\n|\n|t:|1699529268\n|switch|p2a: Ditto|Ditto|62\/100\n|-transform|p2a: Ditto|p1a: Basculegion|[from] ability: Imposter\n|turn|22\n|\n|t:|1699529272\n|switch|p1a: Pelipper|Pelipper, M|5\/100\n|move|p2a: Ditto|Last Respects|p1a: Pelipper\n|-damage|p1a: Pelipper|0 fnt\n|faint|p1a: Pelipper\n|\n|-weather|RainDance|[upkeep]\n|upkeep\n|\n|t:|1699529275\n|switch|p1a: Basculegion|Basculegion, M, tera:Ghost|100\/100\n|turn|23\n|\n|t:|1699529280\n|move|p2a: Ditto|Last Respects|p1a: Basculegion\n|-supereffective|p1a: Basculegion\n|-damage|p1a: Basculegion|0 fnt\n|faint|p1a: Basculegion\n|\n|win|zomboks134\n|raw|itay7689's rating: 1341 &rarr; <strong>1333<\/strong><br \/>(-8 for losing)\n|raw|zomboks134's rating: 1591 &rarr; <strong>1599<\/strong><br \/>(+8 for winning)\n|l|\u2606zomboks134\n","uploadtime":1699529328,"views":4,"p1id":"itay7689","p2id":"zomboks134","formatid":"gen9nationaldexubers","rating":1333,"private":0,"password":""}