{"id":"gen9nationaldexubers-1985694068","p1":"KingoftheTitans","p2":"itay7689","format":"[Gen 9] National Dex Ubers","log":"|j|\u2606KingoftheTitans\n|j|\u2606itay7689\n|t:|1699396462\n|gametype|singles\n|player|p1|KingoftheTitans|170|1339\n|player|p2|itay7689|cynthia-gen4|1442\n|teamsize|p1|6\n|teamsize|p2|6\n|gen|9\n|tier|[Gen 9] National Dex Ubers\n|rated|\n|rule|HP Percentage Mod: HP is shown in percentages\n|rule|Endless Battle Clause: Forcing endless battles is banned\n|rule|OHKO Clause: OHKO moves are banned\n|rule|Evasion Moves Clause: Evasion moves are banned\n|rule|Evasion Items Clause: Evasion items are banned\n|rule|Species Clause: Limit one of each Pok\u00e9mon\n|rule|Sleep Clause Mod: Limit one foe put to sleep\n|rule|Mega Rayquaza Clause: You cannot mega evolve Rayquaza\n|clearpoke\n|poke|p1|Porygon-Z|\n|poke|p1|Absol, F|\n|poke|p1|Iron Valiant|\n|poke|p1|Heatran, M|\n|poke|p1|Genesect|\n|poke|p1|Rotom-Wash|\n|poke|p2|Basculegion, M|\n|poke|p2|Pelipper, F|\n|poke|p2|Ceruledge, M|\n|poke|p2|Corviknight, F|\n|poke|p2|Darmanitan-Galar, M|\n|poke|p2|Naganadel|\n|teampreview\n|inactive|Battle timer is ON: inactive players will automatically lose when time's up. (requested by itay7689)\n|\n|t:|1699396473\n|start\n|switch|p1a: Genesect|Genesect, shiny|100\/100\n|switch|p2a: Darmanitan|Darmanitan-Galar, M|100\/100\n|-ability|p1a: Genesect|Download|boost\n|-boost|p1a: Genesect|spa|1\n|turn|1\n|\n|t:|1699396479\n|move|p1a: Genesect|Iron Head|p2a: Darmanitan\n|-supereffective|p2a: Darmanitan\n|-damage|p2a: Darmanitan|0 fnt\n|faint|p2a: Darmanitan\n|\n|upkeep\n|\n|t:|1699396483\n|switch|p2a: Ceruledge|Ceruledge, M|100\/100\n|turn|2\n|\n|t:|1699396488\n|switch|p1a: Heatran|Heatran, M|100\/100\n|-item|p1a: Heatran|Air Balloon\n|move|p2a: Ceruledge|Bitter Blade|p1a: Heatran\n|-start|p1a: Heatran|ability: Flash Fire\n|\n|upkeep\n|turn|3\n|\n|t:|1699396495\n|move|p2a: Ceruledge|Swords Dance|p2a: Ceruledge\n|-boost|p2a: Ceruledge|atk|2\n|move|p1a: Heatran|Earth Power|p2a: Ceruledge\n|-supereffective|p2a: Ceruledge\n|-damage|p2a: Ceruledge|24\/100\n|\n|upkeep\n|turn|4\n|\n|t:|1699396501\n|move|p2a: Ceruledge|Close Combat|p1a: Heatran\n|-supereffective|p1a: Heatran\n|-damage|p1a: Heatran|0 fnt\n|-unboost|p2a: Ceruledge|def|1\n|-unboost|p2a: Ceruledge|spd|1\n|-enditem|p1a: Heatran|Air Balloon\n|faint|p1a: Heatran\n|\n|upkeep\n|\n|t:|1699396509\n|switch|p1a: Porygon-Z|Porygon-Z|100\/100\n|turn|5\n|\n|t:|1699396513\n|move|p1a: Porygon-Z|Shadow Ball|p2a: Ceruledge\n|-supereffective|p2a: Ceruledge\n|-damage|p2a: Ceruledge|0 fnt\n|faint|p2a: Ceruledge\n|-damage|p1a: Porygon-Z|91\/100|[from] item: Life Orb\n|\n|upkeep\n|\n|t:|1699396519\n|switch|p2a: Corviknight|Corviknight, F|100\/100\n|turn|6\n|\n|t:|1699396523\n|switch|p1a: Rotom|Rotom-Wash|100\/100\n|move|p2a: Corviknight|Bulk Up|p2a: Corviknight\n|-boost|p2a: Corviknight|atk|1\n|-boost|p2a: Corviknight|def|1\n|\n|upkeep\n|turn|7\n|\n|t:|1699396529\n|switch|p2a: Sagoli|Naganadel|100\/100\n|move|p1a: Rotom|Thunderbolt|p2a: Sagoli\n|-resisted|p2a: Sagoli\n|-damage|p2a: Sagoli|69\/100\n|-status|p2a: Sagoli|par\n|\n|upkeep\n|turn|8\n|\n|t:|1699396535\n|move|p1a: Rotom|Hydro Pump|p2a: Sagoli\n|-resisted|p2a: Sagoli\n|-damage|p2a: Sagoli|33\/100 par\n|cant|p2a: Sagoli|par\n|\n|upkeep\n|turn|9\n|\n|t:|1699396540\n|move|p1a: Rotom|Hydro Pump|p2a: Sagoli|[miss]\n|-miss|p1a: Rotom|p2a: Sagoli\n|move|p2a: Sagoli|Sludge Wave|p1a: Rotom\n|-damage|p1a: Rotom|33\/100\n|\n|-heal|p1a: Rotom|40\/100|[from] item: Leftovers\n|upkeep\n|turn|10\n|\n|t:|1699396548\n|move|p1a: Rotom|Hydro Pump|p2a: Sagoli\n|-resisted|p2a: Sagoli\n|-damage|p2a: Sagoli|0 fnt\n|faint|p2a: Sagoli\n|\n|-heal|p1a: Rotom|46\/100|[from] item: Leftovers\n|upkeep\n|\n|t:|1699396552\n|switch|p2a: Corviknight|Corviknight, F|100\/100\n|turn|11\n|\n|t:|1699396558\n|move|p1a: Rotom|Thunderbolt|p2a: Corviknight\n|-supereffective|p2a: Corviknight\n|-damage|p2a: Corviknight|29\/100\n|move|p2a: Corviknight|Brave Bird|p1a: Rotom\n|-resisted|p1a: Rotom\n|-damage|p1a: Rotom|22\/100\n|-damage|p2a: Corviknight|24\/100|[from] Recoil\n|\n|-heal|p1a: Rotom|28\/100|[from] item: Leftovers\n|-heal|p2a: Corviknight|30\/100|[from] item: Leftovers\n|upkeep\n|turn|12\n|\n|t:|1699396568\n|move|p1a: Rotom|Thunderbolt|p2a: Corviknight\n|-supereffective|p2a: Corviknight\n|-damage|p2a: Corviknight|0 fnt\n|faint|p2a: Corviknight\n|\n|-heal|p1a: Rotom|34\/100|[from] item: Leftovers\n|upkeep\n|\n|t:|1699396587\n|switch|p2a: Pelipper|Pelipper, F|100\/100\n|-weather|RainDance|[from] ability: Drizzle|[of] p2a: Pelipper\n|turn|13\n|\n|t:|1699396602\n|move|p1a: Rotom|Thunderbolt|p2a: Pelipper\n|-supereffective|p2a: Pelipper\n|-damage|p2a: Pelipper|0 fnt\n|faint|p2a: Pelipper\n|\n|-weather|RainDance|[upkeep]\n|-heal|p1a: Rotom|40\/100|[from] item: Leftovers\n|upkeep\n|\n|t:|1699396605\n|switch|p2a: Basculegion|Basculegion, M|100\/100\n|turn|14\n|\n|t:|1699396613\n|-terastallize|p2a: Basculegion|Ghost\n|move|p2a: Basculegion|Wave Crash|p1a: Rotom\n|-resisted|p1a: Rotom\n|-damage|p1a: Rotom|0 fnt\n|faint|p1a: Rotom\n|-damage|p2a: Basculegion|92\/100|[from] Recoil\n|\n|-weather|RainDance|[upkeep]\n|upkeep\n|\n|t:|1699396621\n|switch|p1a: Genesect|Genesect, shiny|100\/100\n|-ability|p1a: Genesect|Download|boost\n|-boost|p1a: Genesect|atk|1\n|turn|15\n|\n|t:|1699396625\n|move|p2a: Basculegion|Wave Crash|p1a: Genesect\n|-damage|p1a: Genesect|0 fnt\n|faint|p1a: Genesect\n|-damage|p2a: Basculegion|68\/100|[from] Recoil\n|\n|-weather|RainDance|[upkeep]\n|upkeep\n|\n|t:|1699396631\n|switch|p1a: Iron Valiant|Iron Valiant|100\/100\n|-enditem|p1a: Iron Valiant|Booster Energy\n|-activate|p1a: Iron Valiant|ability: Quark Drive|[fromitem]\n|-start|p1a: Iron Valiant|quarkdrivespe\n|turn|16\n|\n|t:|1699396643\n|move|p1a: Iron Valiant|Shadow Ball|p2a: Basculegion\n|-supereffective|p2a: Basculegion\n|-damage|p2a: Basculegion|4\/100\n|move|p2a: Basculegion|Wave Crash|p1a: Iron Valiant\n|-damage|p1a: Iron Valiant|0 fnt\n|faint|p1a: Iron Valiant\n|-end|p1a: Iron Valiant|Quark Drive|[silent]\n|-damage|p2a: Basculegion|0 fnt|[from] Recoil\n|faint|p2a: Basculegion\n|\n|win|KingoftheTitans\n|raw|KingoftheTitans's rating: 1339 &rarr; <strong>1365<\/strong><br \/>(+26 for winning)\n|raw|itay7689's rating: 1442 &rarr; <strong>1416<\/strong><br \/>(-26 for losing)\n|c|\u2606KingoftheTitans|gg\n","uploadtime":1699396656,"views":6,"p1id":"kingofthetitans","p2id":"itay7689","formatid":"gen9nationaldexubers","rating":1365,"private":0,"password":""}