{"id":"gen9nationaldexubers-1997026537","p1":"Ahardlakarnis","p2":"DabyRs","format":"[Gen 9] National Dex Ubers","log":"|j|\u2606Ahardlakarnis\n|j|\u2606DabyRs\n|t:|1700757067\n|gametype|singles\n|player|p1|Ahardlakarnis|skyla|1159\n|player|p2|DabyRs|artist-gen4|1102\n|teamsize|p1|6\n|teamsize|p2|6\n|gen|9\n|tier|[Gen 9] National Dex Ubers\n|rated|\n|rule|HP Percentage Mod: HP is shown in percentages\n|rule|Endless Battle Clause: Forcing endless battles is banned\n|rule|OHKO Clause: OHKO moves are banned\n|rule|Evasion Moves Clause: Evasion moves are banned\n|rule|Evasion Items Clause: Evasion items are banned\n|rule|Species Clause: Limit one of each Pok\u00e9mon\n|rule|Sleep Clause Mod: Limit one foe put to sleep\n|rule|Mega Rayquaza Clause: You cannot mega evolve Rayquaza\n|clearpoke\n|poke|p1|Lugia|\n|poke|p1|Marshadow|\n|poke|p1|Heatran, F|\n|poke|p1|Rotom-Wash|\n|poke|p1|Charizard, M|\n|poke|p1|Dragapult, F|\n|poke|p2|Marshadow|\n|poke|p2|Mewtwo|\n|poke|p2|Rayquaza|\n|poke|p2|Zacian-*|\n|poke|p2|Kyogre|\n|poke|p2|Groudon|\n|teampreview\n|inactive|Battle timer is ON: inactive players will automatically lose when time's up. (requested by Ahardlakarnis)\n|\n|t:|1700757078\n|start\n|switch|p1a: Stepbro I\u2019m stuck|Rotom-Wash|100\/100\n|switch|p2a: Groudon|Groudon|100\/100\n|detailschange|p2a: Groudon|Groudon-Primal\n|-primal|p2a: Groudon|Red Orb\n|-weather|DesolateLand|[from] ability: Desolate Land|[of] p2a: Groudon\n|turn|1\n|\n|t:|1700757087\n|switch|p1a: Great wall|Lugia|100\/100\n|move|p2a: Groudon|Swords Dance|p2a: Groudon\n|-boost|p2a: Groudon|atk|2\n|\n|-weather|DesolateLand|[upkeep]\n|upkeep\n|turn|2\n|\n|t:|1700757093\n|move|p2a: Groudon|Stone Edge|p1a: Great wall\n|-supereffective|p1a: Great wall\n|-damage|p1a: Great wall|51\/100\n|move|p1a: Great wall|Whirlwind|p2a: Groudon\n|-weather|none\n|drag|p2a: Mewtwo|Mewtwo|100\/100\n|-ability|p2a: Mewtwo|Unnerve\n|\n|upkeep\n|turn|3\n|\n|t:|1700757107\n|switch|p1a: Tank|Heatran, F|100\/100\n|detailschange|p2a: Mewtwo|Mewtwo-Mega-Y\n|-mega|p2a: Mewtwo|Mewtwo|Mewtwonite Y\n|move|p2a: Mewtwo|Calm Mind|p2a: Mewtwo\n|-boost|p2a: Mewtwo|spa|1\n|-boost|p2a: Mewtwo|spd|1\n|\n|upkeep\n|turn|4\n|\n|t:|1700757117\n|move|p2a: Mewtwo|Psystrike|p1a: Tank\n|-resisted|p1a: Tank\n|-damage|p1a: Tank|59\/100\n|move|p1a: Tank|Stealth Rock|p2a: Mewtwo\n|-sidestart|p2: DabyRs|move: Stealth Rock\n|\n|-heal|p1a: Tank|66\/100|[from] item: Leftovers\n|upkeep\n|turn|5\n|\n|t:|1700757132\n|move|p2a: Mewtwo|Fire Blast|p1a: Tank\n|-start|p1a: Tank|ability: Flash Fire\n|move|p1a: Tank|Magma Storm|p2a: Mewtwo\n|-damage|p2a: Mewtwo|63\/100\n|-activate|p2a: Mewtwo|move: Magma Storm|[of] p1a: Tank\n|\n|-heal|p1a: Tank|72\/100|[from] item: Leftovers\n|-damage|p2a: Mewtwo|50\/100|[from] move: Magma Storm|[partiallytrapped]\n|upkeep\n|turn|6\n|\n|t:|1700757142\n|move|p2a: Mewtwo|Ice Beam|p1a: Tank\n|-resisted|p1a: Tank\n|-damage|p1a: Tank|62\/100\n|move|p1a: Tank|Toxic|p2a: Mewtwo\n|-status|p2a: Mewtwo|tox\n|\n|-heal|p1a: Tank|68\/100|[from] item: Leftovers\n|-damage|p2a: Mewtwo|44\/100 tox|[from] psn\n|-damage|p2a: Mewtwo|32\/100 tox|[from] move: Magma Storm|[partiallytrapped]\n|upkeep\n|turn|7\n|\n|t:|1700757155\n|move|p2a: Mewtwo|Psystrike|p1a: Tank\n|-resisted|p1a: Tank\n|-damage|p1a: Tank|27\/100\n|move|p1a: Tank|Earth Power|p2a: Mewtwo\n|-damage|p2a: Mewtwo|16\/100 tox\n|\n|-heal|p1a: Tank|33\/100|[from] item: Leftovers\n|-damage|p2a: Mewtwo|3\/100 tox|[from] psn\n|-damage|p2a: Mewtwo|0 fnt|[from] move: Magma Storm|[partiallytrapped]\n|faint|p2a: Mewtwo\n|upkeep\n|\n|t:|1700757167\n|switch|p2a: Groudon|Groudon-Primal|100\/100\n|-damage|p2a: Groudon|88\/100|[from] Stealth Rock\n|-weather|DesolateLand|[from] ability: Desolate Land|[of] p2a: Groudon\n|turn|8\n|\n|t:|1700757179\n|move|p2a: Groudon|Swords Dance|p2a: Groudon\n|-boost|p2a: Groudon|atk|2\n|move|p1a: Tank|Earth Power|p2a: Groudon\n|-supereffective|p2a: Groudon\n|-damage|p2a: Groudon|37\/100\n|\n|-weather|DesolateLand|[upkeep]\n|-heal|p1a: Tank|39\/100|[from] item: Leftovers\n|upkeep\n|turn|9\n|\n|t:|1700757187\n|move|p2a: Groudon|Precipice Blades|p1a: Tank\n|-supereffective|p1a: Tank\n|-damage|p1a: Tank|0 fnt\n|faint|p1a: Tank\n|\n|-weather|DesolateLand|[upkeep]\n|upkeep\n|\n|t:|1700757195\n|switch|p1a: Bro wtf is this|Marshadow|100\/100\n|turn|10\n|\n|t:|1700757200\n|move|p1a: Bro wtf is this|Spectral Thief||[still]\n|-clearpositiveboost|p2a: Groudon|p1a: Bro wtf is this|move: Spectral Thief\n|-boost|p1a: Bro wtf is this|atk|2\n|-anim|p1a: Bro wtf is this|Spectral Thief|p2a: Groudon\n|-damage|p2a: Groudon|0 fnt\n|faint|p2a: Groudon\n|-weather|none\n|-damage|p1a: Bro wtf is this|91\/100|[from] item: Life Orb\n|\n|upkeep\n|\n|t:|1700757210\n|switch|p2a: Marshadow|Marshadow|100\/100\n|-damage|p2a: Marshadow|94\/100|[from] Stealth Rock\n|turn|11\n|\n|t:|1700757217\n|-terastallize|p2a: Marshadow|Fighting\n|move|p1a: Bro wtf is this|Shadow Sneak|p2a: Marshadow\n|-damage|p2a: Marshadow|0 fnt\n|faint|p2a: Marshadow\n|-damage|p1a: Bro wtf is this|81\/100|[from] item: Life Orb\n|\n|upkeep\n|\n|t:|1700757227\n|switch|p2a: Zacian|Zacian-Crowned|100\/100\n|-damage|p2a: Zacian|94\/100|[from] Stealth Rock\n|-ability|p2a: Zacian|Intrepid Sword|boost\n|-boost|p2a: Zacian|atk|1\n|turn|12\n|\n|t:|1700757237\n|move|p1a: Bro wtf is this|Shadow Sneak|p2a: Zacian\n|-damage|p2a: Zacian|25\/100\n|-damage|p1a: Bro wtf is this|71\/100|[from] item: Life Orb\n|move|p2a: Zacian|Crunch|p1a: Bro wtf is this\n|-damage|p1a: Bro wtf is this|11\/100\n|-unboost|p1a: Bro wtf is this|def|1\n|\n|upkeep\n|turn|13\n|\n|t:|1700757246\n|move|p1a: Bro wtf is this|Shadow Sneak|p2a: Zacian\n|-damage|p2a: Zacian|0 fnt\n|faint|p2a: Zacian\n|-damage|p1a: Bro wtf is this|1\/100|[from] item: Life Orb\n|\n|upkeep\n|\n|t:|1700757252\n|switch|p2a: Rayquaza|Rayquaza|100\/100\n|-damage|p2a: Rayquaza|76\/100|[from] Stealth Rock\n|-ability|p2a: Rayquaza|Air Lock\n|turn|14\n|\n|t:|1700757257\n|move|p2a: Rayquaza|Extreme Speed|p1a: Bro wtf is this\n|-immune|p1a: Bro wtf is this\n|move|p1a: Bro wtf is this|Rock Tomb|p2a: Rayquaza|[miss]\n|-miss|p1a: Bro wtf is this|p2a: Rayquaza\n|\n|upkeep\n|turn|15\n|\n|t:|1700757267\n|switch|p2a: Kyogre|Kyogre|100\/100\n|-damage|p2a: Kyogre|88\/100|[from] Stealth Rock\n|detailschange|p2a: Kyogre|Kyogre-Primal\n|-primal|p2a: Kyogre|Blue Orb\n|-weather|PrimordialSea|[from] ability: Primordial Sea|[of] p2a: Kyogre\n|move|p1a: Bro wtf is this|Rock Tomb|p2a: Kyogre\n|-damage|p2a: Kyogre|3\/100\n|-unboost|p2a: Kyogre|spe|1\n|-damage|p1a: Bro wtf is this|0 fnt|[from] item: Life Orb\n|faint|p1a: Bro wtf is this\n|\n|-weather|PrimordialSea|[upkeep]\n|upkeep\n|\n|t:|1700757282\n|switch|p1a: Dragapult|Dragapult, F|100\/100\n|turn|16\n|\n|t:|1700757290\n|move|p1a: Dragapult|Dragon Darts|p2a: Kyogre\n|-damage|p2a: Kyogre|0 fnt\n|faint|p2a: Kyogre\n|-weather|none\n|-damage|p1a: Dragapult|91\/100|[from] item: Life Orb\n|\n|upkeep\n|\n|t:|1700757294\n|switch|p2a: Rayquaza|Rayquaza|76\/100\n|-damage|p2a: Rayquaza|51\/100|[from] Stealth Rock\n|-ability|p2a: Rayquaza|Air Lock\n|turn|17\n|\n|t:|1700757301\n|move|p1a: Dragapult|Dragon Darts|p2a: Rayquaza\n|-supereffective|p2a: Rayquaza\n|-damage|p2a: Rayquaza|0 fnt\n|faint|p2a: Rayquaza\n|-damage|p1a: Dragapult|81\/100|[from] item: Life Orb\n|\n|win|Ahardlakarnis\n|raw|Ahardlakarnis's rating: 1159 &rarr; <strong>1180<\/strong><br \/>(+21 for winning)\n|raw|DabyRs's rating: 1102 &rarr; <strong>1081<\/strong><br \/>(-21 for losing)\n|l|\u2606DabyRs\n","uploadtime":1700757309,"views":5,"p1id":"ahardlakarnis","p2id":"dabyrs","formatid":"gen9nationaldexubers","rating":1081,"private":0,"password":""}