{"id":"gen9nationaldexubers-1993781694","p1":"grrrryeah","p2":"wughead","format":"[Gen 9] National Dex Ubers","log":"|j|\u2606grrrryeah\n|j|\u2606wughead\n|t:|1700356547\n|gametype|singles\n|player|p1|grrrryeah|102|\n|player|p2|wughead|backpacker|\n|teamsize|p1|6\n|teamsize|p2|6\n|gen|9\n|tier|[Gen 9] National Dex Ubers\n|rule|HP Percentage Mod: HP is shown in percentages\n|rule|Endless Battle Clause: Forcing endless battles is banned\n|rule|OHKO Clause: OHKO moves are banned\n|rule|Evasion Moves Clause: Evasion moves are banned\n|rule|Evasion Items Clause: Evasion items are banned\n|rule|Species Clause: Limit one of each Pok\u00e9mon\n|rule|Sleep Clause Mod: Limit one foe put to sleep\n|rule|Mega Rayquaza Clause: You cannot mega evolve Rayquaza\n|clearpoke\n|poke|p1|Gliscor, F|\n|poke|p1|Ting-Lu|\n|poke|p1|Cinccino, M|\n|poke|p1|Solgaleo|\n|poke|p1|Gholdengo|\n|poke|p1|Victini|\n|poke|p2|Kyogre|\n|poke|p2|Flutter Mane|\n|poke|p2|Rotom-Heat|\n|poke|p2|Arcanine-Hisui, F|\n|poke|p2|Muk-Alola, M|\n|poke|p2|Metagross|\n|teampreview\n|c|\u2606wughead|glhf!\n|c|\u2606grrrryeah|Since when u have arc\n|c|\u2606grrrryeah|Tf\n|l|\u2606grrrryeah\n|player|p1|\n|c|\u2606wughead|i definitely drafted it..\n|j|\u2606grrrryeah\n|player|p1|grrrryeah|102\n|c|\u2606wughead|oh shit\n|\n|t:|1700356605\n|start\n|switch|p1a: Victini|Victini|100\/100\n|switch|p2a: Kyogre|Kyogre|100\/100\n|detailschange|p2a: Kyogre|Kyogre-Primal\n|-primal|p2a: Kyogre|Blue Orb\n|-weather|PrimordialSea|[from] ability: Primordial Sea|[of] p2a: Kyogre\n|turn|1\n|c|\u2606wughead|i didn't draft it lmao\n|c|\u2606wughead|redo?\n|c|\u2606grrrryeah|Told you\n|c|\u2606grrrryeah|yeah\n|c|\u2606grrrryeah|but now u know my mons\n|j| Adrian3210\n|l|\u2606grrrryeah\n|player|p1|\n|c|\u2606wughead|well let's play it out and if i win with arc i'll give you the win\n|c| Adrian3210|it's an auto-win for omari regardless\n|c|\u2606wughead|ah okay\n|c|\u2606wughead|sorry\n|j|\u2606grrrryeah\n|player|p1|grrrryeah|102\n|c| Adrian3210|just play for fun\n|\n|t:|1700356733\n|-weather|none\n|switch|p2a: Rotom|Rotom-Heat|100\/100\n|move|p1a: Victini|U-turn|p2a: Rotom\n|-resisted|p2a: Rotom\n|-damage|p2a: Rotom|91\/100\n|\n|t:|1700356743\n|switch|p1a: Ting-Lu|Ting-Lu|100\/100|[from] U-turn\n|-ability|p1a: Ting-Lu|Vessel of Ruin\n|\n|upkeep\n|turn|2\n|\n|t:|1700356758\n|switch|p2a: Kyogre|Kyogre-Primal|100\/100\n|-weather|PrimordialSea|[from] ability: Primordial Sea|[of] p2a: Kyogre\n|move|p1a: Ting-Lu|Stealth Rock|p2a: Kyogre\n|-sidestart|p2: wughead|move: Stealth Rock\n|\n|-weather|PrimordialSea|[upkeep]\n|upkeep\n|turn|3\n|\n|t:|1700356805\n|move|p2a: Kyogre|Water Spout|p1a: Ting-Lu\n|-supereffective|p1a: Ting-Lu\n|-crit|p1a: Ting-Lu\n|-damage|p1a: Ting-Lu|0 fnt\n|faint|p1a: Ting-Lu\n|\n|-weather|PrimordialSea|[upkeep]\n|upkeep\n|\n|t:|1700356807\n|switch|p1a: Cinccino|Cinccino, M|100\/100\n|turn|4\n|\n|t:|1700356832\n|-weather|none\n|switch|p2a: Arcanine|Arcanine-Hisui, F|100\/100\n|move|p1a: Cinccino|Tail Slap|p2a: Arcanine\n|-resisted|p2a: Arcanine\n|-damage|p2a: Arcanine|91\/100\n|-resisted|p2a: Arcanine\n|-damage|p2a: Arcanine|81\/100\n|-resisted|p2a: Arcanine\n|-damage|p2a: Arcanine|72\/100\n|-resisted|p2a: Arcanine\n|-damage|p2a: Arcanine|63\/100\n|-hitcount|p2a: Arcanine|4\n|\n|upkeep\n|turn|5\n|\n|t:|1700356856\n|switch|p1a: Gliscor|Gliscor, F|100\/100\n|move|p2a: Arcanine|Flame Charge|p1a: Gliscor\n|-damage|p1a: Gliscor|85\/100\n|-boost|p2a: Arcanine|spe|1\n|\n|-status|p1a: Gliscor|tox|[from] item: Toxic Orb\n|upkeep\n|turn|6\n|\n|t:|1700356867\n|move|p2a: Arcanine|Head Smash|p1a: Gliscor\n|-damage|p1a: Gliscor|41\/100 tox\n|move|p1a: Gliscor|Toxic|p2a: Arcanine\n|-status|p2a: Arcanine|tox\n|\n|-damage|p2a: Arcanine|57\/100 tox|[from] psn\n|-heal|p1a: Gliscor|54\/100 tox|[from] ability: Poison Heal\n|upkeep\n|turn|7\n|\n|t:|1700356891\n|switch|p2a: Rotom|Rotom-Heat|91\/100\n|-damage|p2a: Rotom|66\/100|[from] Stealth Rock\n|move|p1a: Gliscor|Protect||[still]\n|-fail|p1a: Gliscor\n|\n|-heal|p1a: Gliscor|66\/100 tox|[from] ability: Poison Heal\n|upkeep\n|turn|8\n|\n|t:|1700356898\n|move|p2a: Rotom|Hex|p1a: Gliscor\n|-damage|p1a: Gliscor|0 fnt\n|faint|p1a: Gliscor\n|\n|upkeep\n|\n|t:|1700356917\n|switch|p1a: Cinccino|Cinccino, M|100\/100\n|turn|9\n|l|\u2606grrrryeah\n|player|p1|\n|\n|t:|1700356941\n|switch|p2a: Metagross|Metagross|100\/100\n|-damage|p2a: Metagross|94\/100|[from] Stealth Rock\n|move|p1a: Cinccino|Bullet Seed|p2a: Metagross\n|-resisted|p2a: Metagross\n|-damage|p2a: Metagross|90\/100\n|-resisted|p2a: Metagross\n|-damage|p2a: Metagross|86\/100\n|-resisted|p2a: Metagross\n|-damage|p2a: Metagross|81\/100\n|-resisted|p2a: Metagross\n|-damage|p2a: Metagross|77\/100\n|-hitcount|p2a: Metagross|4\n|\n|upkeep\n|turn|10\n|j|\u2606grrrryeah\n|player|p1|grrrryeah|102\n|\n|t:|1700356951\n|switch|p1a: Victini|Victini|100\/100\n|detailschange|p2a: Metagross|Metagross-Mega\n|-mega|p2a: Metagross|Metagross|Metagrossite\n|move|p2a: Metagross|Stealth Rock|p1a: Victini\n|-sidestart|p1: grrrryeah|move: Stealth Rock\n|\n|upkeep\n|turn|11\n|inactive|Battle timer is ON: inactive players will automatically lose when time's up. (requested by grrrryeah)\n|\n|t:|1700356976\n|switch|p2a: Arcanine|Arcanine-Hisui, F|57\/100 tox\n|move|p1a: Victini|Psychic|p2a: Arcanine\n|-damage|p2a: Arcanine|10\/100 tox\n|\n|-damage|p2a: Arcanine|3\/100 tox|[from] psn\n|upkeep\n|turn|12\n|\n|t:|1700356980\n|move|p2a: Arcanine|Extreme Speed|p1a: Victini\n|-damage|p1a: Victini|75\/100\n|move|p1a: Victini|Psychic|p2a: Arcanine\n|-damage|p2a: Arcanine|0 fnt\n|faint|p2a: Arcanine\n|\n|upkeep\n|\n|t:|1700356992\n|switch|p2a: Kyogre|Kyogre-Primal|100\/100\n|-damage|p2a: Kyogre|88\/100|[from] Stealth Rock\n|-weather|PrimordialSea|[from] ability: Primordial Sea|[of] p2a: Kyogre\n|turn|13\n|\n|t:|1700357005\n|move|p1a: Victini|Psychic|p2a: Kyogre\n|-damage|p2a: Kyogre|64\/100\n|move|p2a: Kyogre|Origin Pulse|p1a: Victini\n|-supereffective|p1a: Victini\n|-damage|p1a: Victini|0 fnt\n|faint|p1a: Victini\n|\n|-weather|PrimordialSea|[upkeep]\n|upkeep\n|\n|t:|1700357010\n|switch|p1a: Cinccino|Cinccino, M|100\/100\n|-damage|p1a: Cinccino|88\/100|[from] Stealth Rock\n|turn|14\n|\n|t:|1700357031\n|-weather|none\n|switch|p2a: Metagross|Metagross-Mega|77\/100\n|-damage|p2a: Metagross|71\/100|[from] Stealth Rock\n|move|p1a: Cinccino|Bullet Seed|p2a: Metagross\n|-resisted|p2a: Metagross\n|-damage|p2a: Metagross|67\/100\n|-resisted|p2a: Metagross\n|-crit|p2a: Metagross\n|-damage|p2a: Metagross|62\/100\n|-resisted|p2a: Metagross\n|-damage|p2a: Metagross|58\/100\n|-resisted|p2a: Metagross\n|-damage|p2a: Metagross|54\/100\n|-resisted|p2a: Metagross\n|-damage|p2a: Metagross|50\/100\n|-hitcount|p2a: Metagross|5\n|\n|upkeep\n|turn|15\n|\n|t:|1700357041\n|move|p1a: Cinccino|Tail Slap|p2a: Metagross\n|-resisted|p2a: Metagross\n|-damage|p2a: Metagross|44\/100\n|-resisted|p2a: Metagross\n|-damage|p2a: Metagross|39\/100\n|-resisted|p2a: Metagross\n|-damage|p2a: Metagross|33\/100\n|-resisted|p2a: Metagross\n|-damage|p2a: Metagross|27\/100\n|-hitcount|p2a: Metagross|4\n|move|p2a: Metagross|Earthquake|p1a: Cinccino\n|-damage|p1a: Cinccino|17\/100\n|\n|upkeep\n|turn|16\n|\n|t:|1700357049\n|move|p2a: Metagross|Bullet Punch|p1a: Cinccino\n|-damage|p1a: Cinccino|0 fnt\n|faint|p1a: Cinccino\n|\n|upkeep\n|\n|t:|1700357051\n|switch|p1a: Solgaleo|Solgaleo|100\/100\n|-damage|p1a: Solgaleo|94\/100|[from] Stealth Rock\n|turn|17\n|inactive|wughead has 270 seconds left.\n|\n|t:|1700357088\n|switch|p2a: Kyogre|Kyogre-Primal|64\/100\n|-damage|p2a: Kyogre|52\/100|[from] Stealth Rock\n|-weather|PrimordialSea|[from] ability: Primordial Sea|[of] p2a: Kyogre\n|move|p1a: Solgaleo|Agility|p1a: Solgaleo\n|-boost|p1a: Solgaleo|spe|2\n|\n|-weather|PrimordialSea|[upkeep]\n|upkeep\n|turn|18\n|inactive|wughead has 270 seconds left.\n|\n|t:|1700357097\n|move|p1a: Solgaleo|Zen Headbutt|p2a: Kyogre\n|-damage|p2a: Kyogre|5\/100\n|move|p2a: Kyogre|Thunder Wave|p1a: Solgaleo\n|-status|p1a: Solgaleo|par\n|\n|-weather|PrimordialSea|[upkeep]\n|upkeep\n|turn|19\n|\n|t:|1700357104\n|move|p2a: Kyogre|Origin Pulse|p1a: Solgaleo\n|-damage|p1a: Solgaleo|0 fnt\n|faint|p1a: Solgaleo\n|\n|-weather|PrimordialSea|[upkeep]\n|upkeep\n|\n|t:|1700357106\n|switch|p1a: Gholdengo|Gholdengo|100\/100\n|-damage|p1a: Gholdengo|94\/100|[from] Stealth Rock\n|turn|20\n|\n|t:|1700357111\n|move|p2a: Kyogre|Origin Pulse|p1a: Gholdengo\n|-damage|p1a: Gholdengo|0 fnt\n|faint|p1a: Gholdengo\n|\n|win|wughead\n|l|\u2606grrrryeah\n|l| Adrian3210\n","uploadtime":1700357118,"views":18,"p1id":"grrrryeah","p2id":"wughead","formatid":"gen9nationaldexubers","rating":0,"private":0,"password":""}