{"id":"gen9nationaldexubers-1996337403","p1":"Aroma Nobody","p2":"Razorgliscor472","format":"[Gen 9] National Dex Ubers","log":"|j|\u2606Aroma Nobody\n|j|\u2606Razorgliscor472\n|t:|1700672471\n|gametype|singles\n|player|p1|Aroma Nobody|turo-ai|\n|player|p2|Razorgliscor472|170|\n|teamsize|p1|6\n|teamsize|p2|6\n|gen|9\n|tier|[Gen 9] National Dex Ubers\n|rule|HP Percentage Mod: HP is shown in percentages\n|rule|Endless Battle Clause: Forcing endless battles is banned\n|rule|OHKO Clause: OHKO moves are banned\n|rule|Evasion Moves Clause: Evasion moves are banned\n|rule|Evasion Items Clause: Evasion items are banned\n|rule|Species Clause: Limit one of each Pok\u00e9mon\n|rule|Sleep Clause Mod: Limit one foe put to sleep\n|rule|Mega Rayquaza Clause: You cannot mega evolve Rayquaza\n|clearpoke\n|poke|p1|Tyranitar, M|\n|poke|p1|Houndstone, M|\n|poke|p1|Quagsire, F|\n|poke|p1|Iron Hands|\n|poke|p1|Scizor, F|\n|poke|p1|Aegislash, M|\n|poke|p2|Gastrodon, F|\n|poke|p2|Excadrill, F|\n|poke|p2|Zygarde|\n|poke|p2|Landorus-Therian, M|\n|poke|p2|Cresselia, F|\n|poke|p2|Ting-Lu|\n|teampreview\n|c|\u2606Aroma Nobody|glhf\n|c|\u2606Razorgliscor472|Sorry for ignoring\n|c|\u2606Razorgliscor472|I forgot you were challenging me\n|c|\u2606Aroma Nobody|you're good, I saw you were doing background stuff XD\n|\n|t:|1700672502\n|start\n|switch|p1a: Scizor|Scizor, F|100\/100\n|switch|p2a: Gastrodon|Gastrodon, F|100\/100\n|turn|1\n|\n|t:|1700672514\n|move|p1a: Scizor|U-turn|p2a: Gastrodon\n|-damage|p2a: Gastrodon|60\/100\n|\n|t:|1700672532\n|switch|p1a: Iron Hands|Iron Hands|100\/100|[from] U-turn\n|move|p2a: Gastrodon|Stealth Rock|p1a: Iron Hands\n|-sidestart|p1: Aroma Nobody|move: Stealth Rock\n|\n|-heal|p2a: Gastrodon|66\/100|[from] item: Leftovers\n|upkeep\n|turn|2\n|\n|t:|1700672546\n|move|p1a: Iron Hands|Close Combat|p2a: Gastrodon\n|-damage|p2a: Gastrodon|0 fnt\n|-unboost|p1a: Iron Hands|def|1\n|-unboost|p1a: Iron Hands|spd|1\n|faint|p2a: Gastrodon\n|\n|upkeep\n|\n|t:|1700672549\n|switch|p2a: Landorus|Landorus-Therian, M|100\/100\n|-ability|p2a: Landorus|Intimidate|boost\n|-unboost|p1a: Iron Hands|atk|1\n|turn|3\n|\n|t:|1700672556\n|-end|p1a: Iron Hands|Quark Drive|[silent]\n|switch|p1a: Quagsire|Quagsire, F|100\/100\n|-damage|p1a: Quagsire|94\/100|[from] Stealth Rock\n|move|p2a: Landorus|Bulk Up|p2a: Landorus\n|-boost|p2a: Landorus|atk|1\n|-boost|p2a: Landorus|def|1\n|\n|upkeep\n|turn|4\n|\n|t:|1700672566\n|move|p2a: Landorus|Substitute|p2a: Landorus\n|-start|p2a: Landorus|Substitute\n|-damage|p2a: Landorus|76\/100\n|move|p1a: Quagsire|Avalanche|p2a: Landorus\n|-supereffective|p2a: Landorus\n|-end|p2a: Landorus|Substitute\n|\n|-heal|p2a: Landorus|82\/100|[from] item: Leftovers\n|upkeep\n|turn|5\n|c|\u2606Aroma Nobody|:)\n|\n|t:|1700672575\n|switch|p2a: Cresselia|Cresselia, F|100\/100\n|move|p1a: Quagsire|Avalanche|p2a: Cresselia\n|-damage|p2a: Cresselia|88\/100\n|\n|-heal|p2a: Cresselia|94\/100|[from] item: Leftovers\n|upkeep\n|turn|6\n|c|\u2606Aroma Nobody|wait that's illegal\n|c|\u2606Aroma Nobody|D:\n|\n|t:|1700672604\n|switch|p1a: Tyranitar|Tyranitar, M|100\/100\n|-damage|p1a: Tyranitar|88\/100|[from] Stealth Rock\n|-weather|Sandstorm|[from] ability: Sand Stream|[of] p1a: Tyranitar\n|-terastallize|p2a: Cresselia|Poison\n|move|p2a: Cresselia|Calm Mind|p2a: Cresselia\n|-boost|p2a: Cresselia|spa|1\n|-boost|p2a: Cresselia|spd|1\n|\n|-weather|Sandstorm|[upkeep]\n|-damage|p2a: Cresselia|88\/100|[from] Sandstorm\n|-heal|p2a: Cresselia|94\/100|[from] item: Leftovers\n|upkeep\n|turn|7\n|\n|t:|1700672612\n|move|p1a: Tyranitar|Stone Edge|p2a: Cresselia\n|-damage|p2a: Cresselia|49\/100\n|move|p2a: Cresselia|Moonblast|p1a: Tyranitar\n|-supereffective|p1a: Tyranitar\n|-damage|p1a: Tyranitar|55\/100\n|\n|-weather|Sandstorm|[upkeep]\n|-damage|p2a: Cresselia|43\/100|[from] Sandstorm\n|-heal|p2a: Cresselia|49\/100|[from] item: Leftovers\n|upkeep\n|turn|8\n|\n|t:|1700672625\n|switch|p1a: Scizor|Scizor, F|100\/100\n|-damage|p1a: Scizor|88\/100|[from] Stealth Rock\n|switch|p2a: Ting-Lu|Ting-Lu|100\/100\n|-ability|p2a: Ting-Lu|Vessel of Ruin\n|\n|-weather|Sandstorm|[upkeep]\n|upkeep\n|turn|9\n|\n|t:|1700672637\n|switch|p2a: Landorus|Landorus-Therian, M|82\/100\n|-ability|p2a: Landorus|Intimidate|boost\n|-unboost|p1a: Scizor|atk|1\n|move|p1a: Scizor|Close Combat|p2a: Landorus\n|-resisted|p2a: Landorus\n|-damage|p2a: Landorus|60\/100\n|-unboost|p1a: Scizor|def|1\n|-unboost|p1a: Scizor|spd|1\n|\n|-weather|Sandstorm|[upkeep]\n|-heal|p2a: Landorus|66\/100|[from] item: Leftovers\n|upkeep\n|turn|10\n|c|\u2606Aroma Nobody|you're no z-moves right?\n|\n|t:|1700672648\n|switch|p2a: Ting-Lu|Ting-Lu|100\/100\n|-ability|p2a: Ting-Lu|Vessel of Ruin\n|switch|p1a: Quagsire|Quagsire, F|94\/100\n|-damage|p1a: Quagsire|88\/100|[from] Stealth Rock\n|\n|-weather|none\n|upkeep\n|turn|11\n|\n|t:|1700672655\n|move|p2a: Ting-Lu|Spikes|p1a: Quagsire\n|-sidestart|p1: Aroma Nobody|Spikes\n|move|p1a: Quagsire|Liquidation|p2a: Ting-Lu\n|-supereffective|p2a: Ting-Lu\n|-damage|p2a: Ting-Lu|39\/100\n|\n|-heal|p2a: Ting-Lu|46\/100|[from] item: Leftovers\n|upkeep\n|turn|12\n|c|\u2606Razorgliscor472|Yeah\n|c|\u2606Razorgliscor472|No Zs\n|c|\u2606Aroma Nobody|ok just making sure so I don't click it\n|\n|t:|1700672678\n|move|p2a: Ting-Lu|Ruination|p1a: Quagsire\n|-damage|p1a: Quagsire|44\/100\n|move|p1a: Quagsire|Liquidation|p2a: Ting-Lu\n|-supereffective|p2a: Ting-Lu\n|-damage|p2a: Ting-Lu|0 fnt\n|faint|p2a: Ting-Lu\n|\n|upkeep\n|\n|t:|1700672690\n|switch|p2a: Cresselia|Cresselia, F, tera:Poison|49\/100\n|turn|13\n|\n|t:|1700672700\n|switch|p1a: Scizor|Scizor, F|88\/100\n|-damage|p1a: Scizor|76\/100|[from] Stealth Rock\n|-damage|p1a: Scizor|63\/100|[from] Spikes\n|move|p2a: Cresselia|Moonlight|p2a: Cresselia\n|-heal|p2a: Cresselia|99\/100\n|\n|-heal|p2a: Cresselia|100\/100|[from] item: Leftovers\n|upkeep\n|turn|14\n|\n|t:|1700672708\n|move|p1a: Scizor|Knock Off|p2a: Cresselia\n|-damage|p2a: Cresselia|73\/100\n|-enditem|p2a: Cresselia|Leftovers|[from] move: Knock Off|[of] p1a: Scizor\n|move|p2a: Cresselia|Calm Mind|p2a: Cresselia\n|-boost|p2a: Cresselia|spa|1\n|-boost|p2a: Cresselia|spd|1\n|\n|upkeep\n|turn|15\n|\n|t:|1700672727\n|switch|p1a: Houndstone|Houndstone, M|100\/100\n|-damage|p1a: Houndstone|88\/100|[from] Stealth Rock\n|-damage|p1a: Houndstone|76\/100|[from] Spikes\n|move|p2a: Cresselia|Moonlight|p2a: Cresselia\n|-heal|p2a: Cresselia|100\/100\n|\n|upkeep\n|turn|16\n|\n|t:|1700672735\n|move|p1a: Houndstone|Trick|p2a: Cresselia\n|-activate|p1a: Houndstone|move: Trick|[of] p2a: Cresselia\n|-item|p2a: Cresselia|Choice Band|[from] move: Trick\n|-enditem|p1a: Houndstone|Choice Band|[silent]|[from] move: Trick\n|move|p2a: Cresselia|Psyshock|p1a: Houndstone\n|-damage|p1a: Houndstone|38\/100\n|\n|upkeep\n|turn|17\n|\n|t:|1700672745\n|switch|p2a: Excadrill|Excadrill, F|100\/100\n|-ability|p2a: Excadrill|Mold Breaker\n|move|p1a: Houndstone|Poltergeist|p2a: Excadrill\n|-activate|p2a: Excadrill|move: Poltergeist|Choice Scarf\n|-damage|p2a: Excadrill|20\/100\n|\n|upkeep\n|turn|18\n|\n|t:|1700672754\n|move|p1a: Houndstone|Shadow Sneak|p2a: Excadrill\n|-damage|p2a: Excadrill|0 fnt\n|faint|p2a: Excadrill\n|\n|upkeep\n|\n|t:|1700672760\n|switch|p2a: Zygarde|Zygarde|100\/100\n|-ability|p2a: Zygarde|Aura Break\n|turn|19\n|c|\u2606Aroma Nobody|who said doggy needed last resorts?\n|\n|t:|1700672773\n|move|p1a: Houndstone|Poltergeist|p2a: Zygarde\n|-activate|p2a: Zygarde|move: Poltergeist|Leftovers\n|-damage|p2a: Zygarde|61\/100\n|move|p2a: Zygarde|Coil|p2a: Zygarde\n|-boost|p2a: Zygarde|atk|1\n|-boost|p2a: Zygarde|def|1\n|-boost|p2a: Zygarde|accuracy|1\n|\n|-heal|p2a: Zygarde|67\/100|[from] item: Leftovers\n|upkeep\n|turn|20\n|\n|t:|1700672794\n|switch|p1a: Iron Hands|Iron Hands|100\/100\n|-damage|p1a: Iron Hands|94\/100|[from] Stealth Rock\n|-damage|p1a: Iron Hands|82\/100|[from] Spikes\n|move|p2a: Zygarde|Glare|p1a: Iron Hands\n|-immune|p1a: Iron Hands\n|\n|-heal|p2a: Zygarde|73\/100|[from] item: Leftovers\n|upkeep\n|turn|21\n|\n|t:|1700672801\n|move|p2a: Zygarde|Thousand Arrows|p1a: Iron Hands\n|-supereffective|p1a: Iron Hands\n|-damage|p1a: Iron Hands|20\/100\n|move|p1a: Iron Hands|Ice Punch|p2a: Zygarde\n|-supereffective|p2a: Zygarde\n|-crit|p2a: Zygarde\n|-damage|p2a: Zygarde|0 fnt\n|faint|p2a: Zygarde\n|\n|upkeep\n|\n|t:|1700672806\n|switch|p2a: Cresselia|Cresselia, F, tera:Poison|100\/100\n|turn|22\n|c|\u2606Aroma Nobody|<.< it lived\n|c|\u2606Aroma Nobody|that was supposed to be a sack\n|\n|t:|1700672817\n|move|p2a: Cresselia|Moonblast|p1a: Iron Hands\n|-supereffective|p1a: Iron Hands\n|-damage|p1a: Iron Hands|0 fnt\n|faint|p1a: Iron Hands\n|-end|p1a: Iron Hands|Quark Drive|[silent]\n|\n|upkeep\n|\n|t:|1700672823\n|switch|p1a: Scizor|Scizor, F|63\/100\n|-damage|p1a: Scizor|51\/100|[from] Stealth Rock\n|-damage|p1a: Scizor|38\/100|[from] Spikes\n|turn|23\n|\n|t:|1700672832\n|-terastallize|p1a: Scizor|Steel\n|move|p1a: Scizor|Bullet Punch|p2a: Cresselia\n|-damage|p2a: Cresselia|65\/100\n|move|p2a: Cresselia|Moonblast|p1a: Scizor\n|-resisted|p1a: Scizor\n|-damage|p1a: Scizor|26\/100\n|\n|upkeep\n|turn|24\n|\n|t:|1700672837\n|switch|p2a: Landorus|Landorus-Therian, M|66\/100\n|-ability|p2a: Landorus|Intimidate|boost\n|-unboost|p1a: Scizor|atk|1\n|move|p1a: Scizor|Bullet Punch|p2a: Landorus\n|-damage|p2a: Landorus|22\/100\n|\n|-heal|p2a: Landorus|28\/100|[from] item: Leftovers\n|upkeep\n|turn|25\n|\n|t:|1700672848\n|move|p1a: Scizor|Bullet Punch|p2a: Landorus\n|-damage|p2a: Landorus|0 fnt\n|faint|p2a: Landorus\n|\n|upkeep\n|\n|t:|1700672849\n|switch|p2a: Cresselia|Cresselia, F, tera:Poison|65\/100\n|turn|26\n|\n|t:|1700672852\n|move|p1a: Scizor|Bullet Punch|p2a: Cresselia\n|-damage|p2a: Cresselia|42\/100\n|move|p2a: Cresselia|Psyshock|p1a: Scizor\n|-resisted|p1a: Scizor\n|-damage|p1a: Scizor|13\/100\n|\n|upkeep\n|turn|27\n|\n|t:|1700672856\n|move|p1a: Scizor|Bullet Punch|p2a: Cresselia\n|-damage|p2a: Cresselia|19\/100\n|move|p2a: Cresselia|Psyshock|p1a: Scizor\n|-resisted|p1a: Scizor\n|-damage|p1a: Scizor|0 fnt\n|faint|p1a: Scizor\n|\n|upkeep\n|\n|t:|1700672861\n|switch|p1a: Aegislash|Aegislash, M|100\/100\n|-damage|p1a: Aegislash|94\/100|[from] Stealth Rock\n|-damage|p1a: Aegislash|82\/100|[from] Spikes\n|turn|28\n|c|\u2606Razorgliscor472|Ok im confused\n|c|\u2606Aroma Nobody|gg\n|c|\u2606Razorgliscor472|How did Quag do so much to TingLu\n|\n|t:|1700672873\n|-formechange|p1a: Aegislash|Aegislash-Blade||[from] ability: Stance Change\n|move|p1a: Aegislash|Iron Head|p2a: Cresselia\n|-damage|p2a: Cresselia|0 fnt\n|faint|p2a: Cresselia\n|\n|win|Aroma Nobody\n|c|\u2606Aroma Nobody|want me to dm you the team?\n|c|\u2606Razorgliscor472|No just the quag set\n|c|\u2606Razorgliscor472|Do showset 3\n|c|\u2606Aroma Nobody|it'll reveal the gimmick\n","uploadtime":1700672909,"views":1,"p1id":"aromanobody","p2id":"razorgliscor472","formatid":"gen9nationaldexubers","rating":0,"private":0,"password":""}