{"id":"gen9nationaldexubers-1991582859","p1":"Philip Lombard","p2":"Eddeboi201","format":"[Gen 9] National Dex Ubers","log":"|j|\u2606Philip Lombard\n|j|\u2606Eddeboi201\n|t:|1700090856\n|gametype|singles\n|player|p1|Philip Lombard|erika|1286\n|player|p2|Eddeboi201|fisherman-gen4|1330\n|teamsize|p1|6\n|teamsize|p2|6\n|gen|9\n|tier|[Gen 9] National Dex Ubers\n|rated|\n|rule|HP Percentage Mod: HP is shown in percentages\n|rule|Endless Battle Clause: Forcing endless battles is banned\n|rule|OHKO Clause: OHKO moves are banned\n|rule|Evasion Moves Clause: Evasion moves are banned\n|rule|Evasion Items Clause: Evasion items are banned\n|rule|Species Clause: Limit one of each Pok\u00e9mon\n|rule|Sleep Clause Mod: Limit one foe put to sleep\n|rule|Mega Rayquaza Clause: You cannot mega evolve Rayquaza\n|clearpoke\n|poke|p1|Flutter Mane|\n|poke|p1|Groudon|\n|poke|p1|Ho-Oh|\n|poke|p1|Kingambit, F|\n|poke|p1|Ogerpon-Hearthflame, F|\n|poke|p1|Walking Wake|\n|poke|p2|Ho-Oh|\n|poke|p2|Alomomola, M|\n|poke|p2|Toxapex, M|\n|poke|p2|Chansey, F|\n|poke|p2|Garganacl, M|\n|poke|p2|Ferrothorn, F|\n|teampreview\n|inactive|Battle timer is ON: inactive players will automatically lose when time's up. (requested by Eddeboi201)\n|\n|t:|1700090866\n|start\n|switch|p1a: Crusader|Ogerpon-Hearthflame, F|100\/100\n|switch|p2a: Alomomola|Alomomola, M|100\/100\n|-ability|p1a: Crusader|Mold Breaker\n|turn|1\n|\n|t:|1700090875\n|switch|p2a: Ho-Oh|Ho-Oh|100\/100\n|move|p1a: Crusader|U-turn|p2a: Ho-Oh\n|-resisted|p2a: Ho-Oh\n|-damage|p2a: Ho-Oh|94\/100\n|\n|t:|1700090881\n|switch|p1a: LET THERE BE LIGHT|Groudon|100\/100|[from] U-turn\n|-weather|SunnyDay|[from] ability: Drought|[of] p1a: LET THERE BE LIGHT\n|\n|-weather|SunnyDay|[upkeep]\n|upkeep\n|turn|2\n|\n|t:|1700090887\n|switch|p2a: Alomomola|Alomomola, M|100\/100\n|move|p1a: LET THERE BE LIGHT|Stealth Rock|p2a: Alomomola\n|-sidestart|p2: Eddeboi201|move: Stealth Rock\n|\n|-weather|SunnyDay|[upkeep]\n|upkeep\n|turn|3\n|\n|t:|1700090901\n|-terastallize|p1a: LET THERE BE LIGHT|Steel\n|move|p1a: LET THERE BE LIGHT|Precipice Blades|p2a: Alomomola\n|-damage|p2a: Alomomola|58\/100\n|move|p2a: Alomomola|Toxic|p1a: LET THERE BE LIGHT\n|-immune|p1a: LET THERE BE LIGHT\n|\n|-weather|SunnyDay|[upkeep]\n|upkeep\n|turn|4\n|\n|t:|1700090909\n|move|p1a: LET THERE BE LIGHT|Precipice Blades|p2a: Alomomola\n|-damage|p2a: Alomomola|19\/100\n|move|p2a: Alomomola|Wish|p2a: Alomomola\n|\n|-weather|SunnyDay|[upkeep]\n|upkeep\n|turn|5\n|\n|t:|1700090915\n|switch|p1a: Crusader|Ogerpon-Hearthflame, F|100\/100\n|-ability|p1a: Crusader|Mold Breaker\n|move|p2a: Alomomola|Protect||[still]\n|-fail|p2a: Alomomola\n|\n|-weather|SunnyDay|[upkeep]\n|-heal|p2a: Alomomola|69\/100|[from] move: Wish|[wisher] Alomomola\n|upkeep\n|turn|6\n|\n|t:|1700090928\n|switch|p2a: Ho-Oh|Ho-Oh|100\/100\n|move|p1a: Crusader|Ivy Cudgel|p2a: Ho-Oh|[anim] Ivy Cudgel Fire\n|-resisted|p2a: Ho-Oh\n|-damage|p2a: Ho-Oh|63\/100\n|\n|-weather|SunnyDay|[upkeep]\n|upkeep\n|turn|7\n|\n|t:|1700090937\n|move|p1a: Crusader|U-turn|p2a: Ho-Oh\n|-resisted|p2a: Ho-Oh\n|-damage|p2a: Ho-Oh|57\/100\n|\n|t:|1700090941\n|switch|p1a: Fallen Angel|Walking Wake|100\/100|[from] U-turn\n|-activate|p1a: Fallen Angel|ability: Protosynthesis\n|-start|p1a: Fallen Angel|protosynthesisspe\n|move|p2a: Ho-Oh|Toxic|p1a: Fallen Angel|[miss]\n|-miss|p2a: Ho-Oh|p1a: Fallen Angel\n|\n|-weather|SunnyDay|[upkeep]\n|upkeep\n|turn|8\n|\n|t:|1700090949\n|switch|p2a: Chansey|Chansey, F|100\/100\n|-damage|p2a: Chansey|88\/100|[from] Stealth Rock\n|move|p1a: Fallen Angel|Hydro Steam|p2a: Chansey\n|-damage|p2a: Chansey|68\/100\n|-damage|p1a: Fallen Angel|91\/100|[from] item: Life Orb\n|\n|-weather|none\n|-end|p1a: Fallen Angel|Protosynthesis\n|upkeep\n|turn|9\n|\n|t:|1700090958\n|move|p1a: Fallen Angel|Flip Turn|p2a: Chansey\n|-damage|p2a: Chansey|52\/100\n|-damage|p1a: Fallen Angel|81\/100|[from] item: Life Orb\n|\n|t:|1700090965\n|-end|p1a: Fallen Angel|Protosynthesis|[silent]\n|switch|p1a: Battle Monk|Kingambit, F|100\/100|[from] Flip Turn\n|move|p2a: Chansey|Toxic|p1a: Battle Monk\n|-immune|p1a: Battle Monk\n|\n|upkeep\n|turn|10\n|\n|t:|1700090977\n|switch|p2a: Toxapex|Toxapex, M|100\/100\n|-damage|p2a: Toxapex|88\/100|[from] Stealth Rock\n|move|p1a: Battle Monk|Kowtow Cleave|p2a: Toxapex\n|-damage|p2a: Toxapex|59\/100\n|\n|-heal|p2a: Toxapex|66\/100|[from] item: Leftovers\n|upkeep\n|turn|11\n|\n|t:|1700090992\n|-end|p1a: Battle Monk|fallenundefined|[silent]\n|switch|p1a: Fallen Angel|Walking Wake|81\/100\n|move|p2a: Toxapex|Scald|p1a: Fallen Angel\n|-resisted|p1a: Fallen Angel\n|-damage|p1a: Fallen Angel|76\/100\n|\n|-heal|p2a: Toxapex|72\/100|[from] item: Leftovers\n|upkeep\n|turn|12\n|\n|t:|1700091012\n|switch|p2a: Chansey|Chansey, F|52\/100\n|-damage|p2a: Chansey|39\/100|[from] Stealth Rock\n|move|p1a: Fallen Angel|Draco Meteor|p2a: Chansey\n|-damage|p2a: Chansey|19\/100\n|-unboost|p1a: Fallen Angel|spa|2\n|-damage|p1a: Fallen Angel|67\/100|[from] item: Life Orb\n|\n|upkeep\n|turn|13\n|\n|t:|1700091021\n|move|p1a: Fallen Angel|Flip Turn|p2a: Chansey\n|-damage|p2a: Chansey|3\/100\n|-damage|p1a: Fallen Angel|57\/100|[from] item: Life Orb\n|\n|t:|1700091029\n|-end|p1a: Fallen Angel|Protosynthesis|[silent]\n|switch|p1a: LET THERE BE LIGHT|Groudon, tera:Steel|100\/100|[from] Flip Turn\n|-weather|SunnyDay|[from] ability: Drought|[of] p1a: LET THERE BE LIGHT\n|move|p2a: Chansey|Soft-Boiled|p2a: Chansey\n|-heal|p2a: Chansey|53\/100\n|\n|-weather|SunnyDay|[upkeep]\n|upkeep\n|turn|14\n|\n|t:|1700091044\n|switch|p2a: Alomomola|Alomomola, M|100\/100\n|move|p1a: LET THERE BE LIGHT|Stone Edge|p2a: Alomomola\n|-damage|p2a: Alomomola|76\/100\n|\n|-weather|SunnyDay|[upkeep]\n|upkeep\n|turn|15\n|\n|t:|1700091055\n|switch|p1a: Crusader|Ogerpon-Hearthflame, F|100\/100\n|-ability|p1a: Crusader|Mold Breaker\n|move|p2a: Alomomola|Wish|p2a: Alomomola\n|\n|-weather|SunnyDay|[upkeep]\n|upkeep\n|turn|16\n|\n|t:|1700091065\n|switch|p2a: Ho-Oh|Ho-Oh|90\/100\n|move|p1a: Crusader|Solar Blade||[still]\n|-prepare|p1a: Crusader|Solar Blade\n|-anim|p1a: Crusader|Solar Blade|p2a: Ho-Oh\n|-resisted|p2a: Ho-Oh\n|-damage|p2a: Ho-Oh|73\/100\n|\n|-weather|SunnyDay|[upkeep]\n|-heal|p2a: Ho-Oh|100\/100|[from] move: Wish|[wisher] Alomomola\n|upkeep\n|turn|17\n|\n|t:|1700091077\n|move|p1a: Crusader|U-turn|p2a: Ho-Oh\n|-resisted|p2a: Ho-Oh\n|-damage|p2a: Ho-Oh|95\/100\n|\n|t:|1700091081\n|switch|p1a: Miracle|Ho-Oh|100\/100|[from] U-turn\n|move|p2a: Ho-Oh|Sacred Fire|p1a: Miracle\n|-resisted|p1a: Miracle\n|-damage|p1a: Miracle|74\/100\n|\n|-weather|SunnyDay|[upkeep]\n|upkeep\n|turn|18\n|\n|t:|1700091091\n|switch|p2a: Toxapex|Toxapex, M|100\/100\n|-damage|p2a: Toxapex|88\/100|[from] Stealth Rock\n|move|p1a: Miracle|Toxic|p2a: Toxapex\n|-immune|p2a: Toxapex\n|\n|-weather|SunnyDay|[upkeep]\n|-heal|p2a: Toxapex|94\/100|[from] item: Leftovers\n|upkeep\n|turn|19\n|\n|t:|1700091104\n|switch|p1a: Battle Monk|Kingambit, F|100\/100\n|move|p2a: Toxapex|Toxic|p1a: Battle Monk\n|-immune|p1a: Battle Monk\n|\n|-weather|SunnyDay|[upkeep]\n|-heal|p2a: Toxapex|100\/100|[from] item: Leftovers\n|upkeep\n|turn|20\n|\n|t:|1700091111\n|move|p2a: Toxapex|Baneful Bunker|p2a: Toxapex\n|-singleturn|p2a: Toxapex|move: Protect\n|move|p1a: Battle Monk|Kowtow Cleave|p2a: Toxapex\n|-activate|p2a: Toxapex|move: Protect\n|\n|-weather|none\n|upkeep\n|turn|21\n|\n|t:|1700091117\n|move|p1a: Battle Monk|Kowtow Cleave|p2a: Toxapex\n|-damage|p2a: Toxapex|70\/100\n|move|p2a: Toxapex|Scald|p1a: Battle Monk\n|-damage|p1a: Battle Monk|91\/100\n|\n|-heal|p2a: Toxapex|76\/100|[from] item: Leftovers\n|upkeep\n|turn|22\n|\n|t:|1700091126\n|-end|p1a: Battle Monk|fallenundefined|[silent]\n|switch|p1a: Fallen Angel|Walking Wake|57\/100\n|move|p2a: Toxapex|Recover|p2a: Toxapex\n|-heal|p2a: Toxapex|100\/100\n|\n|upkeep\n|turn|23\n|\n|t:|1700091133\n|switch|p2a: Ferrothorn|Ferrothorn, F|100\/100\n|-damage|p2a: Ferrothorn|94\/100|[from] Stealth Rock\n|move|p1a: Fallen Angel|Draco Meteor|p2a: Ferrothorn\n|-resisted|p2a: Ferrothorn\n|-damage|p2a: Ferrothorn|56\/100\n|-unboost|p1a: Fallen Angel|spa|2\n|-damage|p1a: Fallen Angel|47\/100|[from] item: Life Orb\n|\n|-heal|p2a: Ferrothorn|63\/100|[from] item: Leftovers\n|upkeep\n|turn|24\n|\n|t:|1700091148\n|-end|p1a: Fallen Angel|Protosynthesis|[silent]\n|switch|p1a: Crusader|Ogerpon-Hearthflame, F|100\/100\n|-ability|p1a: Crusader|Mold Breaker\n|move|p2a: Ferrothorn|Toxic|p1a: Crusader|[miss]\n|-miss|p2a: Ferrothorn|p1a: Crusader\n|\n|-heal|p2a: Ferrothorn|69\/100|[from] item: Leftovers\n|upkeep\n|turn|25\n|\n|t:|1700091157\n|switch|p2a: Ho-Oh|Ho-Oh|100\/100\n|move|p1a: Crusader|Ivy Cudgel|p2a: Ho-Oh|[anim] Ivy Cudgel Fire\n|-resisted|p2a: Ho-Oh\n|-damage|p2a: Ho-Oh|74\/100\n|\n|upkeep\n|turn|26\n|\n|t:|1700091168\n|move|p1a: Crusader|Ivy Cudgel|p2a: Ho-Oh|[anim] Ivy Cudgel Fire\n|-resisted|p2a: Ho-Oh\n|-damage|p2a: Ho-Oh|46\/100\n|move|p2a: Ho-Oh|Toxic|p1a: Crusader\n|-status|p1a: Crusader|tox\n|\n|-damage|p1a: Crusader|95\/100 tox|[from] psn\n|upkeep\n|turn|27\n|\n|t:|1700091177\n|move|p1a: Crusader|U-turn|p2a: Ho-Oh\n|-resisted|p2a: Ho-Oh\n|-damage|p2a: Ho-Oh|39\/100\n|\n|t:|1700091180\n|switch|p1a: Fallen Angel|Walking Wake|47\/100|[from] U-turn\n|move|p2a: Ho-Oh|Roost|p2a: Ho-Oh\n|-heal|p2a: Ho-Oh|89\/100\n|-singleturn|p2a: Ho-Oh|move: Roost\n|\n|upkeep\n|turn|28\n|\n|t:|1700091187\n|switch|p2a: Chansey|Chansey, F|53\/100\n|-damage|p2a: Chansey|41\/100|[from] Stealth Rock\n|move|p1a: Fallen Angel|Flip Turn|p2a: Chansey\n|-crit|p2a: Chansey\n|-damage|p2a: Chansey|16\/100\n|-damage|p1a: Fallen Angel|37\/100|[from] item: Life Orb\n|\n|t:|1700091205\n|-end|p1a: Fallen Angel|Protosynthesis|[silent]\n|switch|p1a: The Holy Spirit|Flutter Mane|100\/100|[from] Flip Turn\n|\n|upkeep\n|turn|29\n|\n|t:|1700091216\n|move|p1a: The Holy Spirit|Moonblast|p2a: Chansey\n|-crit|p2a: Chansey\n|-damage|p2a: Chansey|0 fnt\n|faint|p2a: Chansey\n|\n|upkeep\n|\n|t:|1700091227\n|switch|p2a: Ho-Oh|Ho-Oh|100\/100\n|turn|30\n|\n|t:|1700091234\n|-end|p1a: The Holy Spirit|Protosynthesis|[silent]\n|switch|p1a: Miracle|Ho-Oh|100\/100\n|move|p2a: Ho-Oh|Toxic|p1a: Miracle\n|-status|p1a: Miracle|tox\n|\n|-damage|p1a: Miracle|94\/100 tox|[from] psn\n|upkeep\n|turn|31\n|\n|t:|1700091241\n|switch|p2a: Toxapex|Toxapex, M|100\/100\n|-damage|p2a: Toxapex|88\/100|[from] Stealth Rock\n|move|p1a: Miracle|Sacred Fire|p2a: Toxapex\n|-resisted|p2a: Toxapex\n|-damage|p2a: Toxapex|74\/100\n|-status|p2a: Toxapex|brn\n|\n|-heal|p2a: Toxapex|80\/100 brn|[from] item: Leftovers\n|-damage|p1a: Miracle|82\/100 tox|[from] psn\n|-damage|p2a: Toxapex|74\/100 brn|[from] brn\n|upkeep\n|turn|32\n|\n|t:|1700091253\n|switch|p1a: Fallen Angel|Walking Wake|37\/100\n|move|p2a: Toxapex|Scald|p1a: Fallen Angel\n|-resisted|p1a: Fallen Angel\n|-damage|p1a: Fallen Angel|32\/100\n|-status|p1a: Fallen Angel|brn\n|\n|-heal|p2a: Toxapex|80\/100 brn|[from] item: Leftovers\n|-damage|p1a: Fallen Angel|26\/100 brn|[from] brn\n|-damage|p2a: Toxapex|74\/100 brn|[from] brn\n|upkeep\n|turn|33\n|\n|t:|1700091267\n|move|p2a: Toxapex|Baneful Bunker|p2a: Toxapex\n|-singleturn|p2a: Toxapex|move: Protect\n|move|p1a: Fallen Angel|Draco Meteor|p2a: Toxapex\n|-activate|p2a: Toxapex|move: Protect\n|\n|-heal|p2a: Toxapex|80\/100 brn|[from] item: Leftovers\n|-damage|p1a: Fallen Angel|20\/100 brn|[from] brn\n|-damage|p2a: Toxapex|74\/100 brn|[from] brn\n|upkeep\n|turn|34\n|\n|t:|1700091278\n|switch|p2a: Ferrothorn|Ferrothorn, F|69\/100\n|-damage|p2a: Ferrothorn|63\/100|[from] Stealth Rock\n|move|p1a: Fallen Angel|Draco Meteor|p2a: Ferrothorn\n|-resisted|p2a: Ferrothorn\n|-damage|p2a: Ferrothorn|26\/100\n|-unboost|p1a: Fallen Angel|spa|2\n|-damage|p1a: Fallen Angel|10\/100 brn|[from] item: Life Orb\n|\n|-heal|p2a: Ferrothorn|32\/100|[from] item: Leftovers\n|-damage|p1a: Fallen Angel|4\/100 brn|[from] brn\n|upkeep\n|turn|35\n|\n|t:|1700091290\n|move|p1a: Fallen Angel|Draco Meteor|p2a: Ferrothorn\n|-resisted|p2a: Ferrothorn\n|-damage|p2a: Ferrothorn|13\/100\n|-unboost|p1a: Fallen Angel|spa|2\n|-damage|p1a: Fallen Angel|0 fnt|[from] item: Life Orb\n|faint|p1a: Fallen Angel\n|-end|p1a: Fallen Angel|Protosynthesis|[silent]\n|move|p2a: Ferrothorn|Leech Seed|p1: Fallen Angel|[notarget]\n|-fail|p2a: Ferrothorn\n|\n|-heal|p2a: Ferrothorn|19\/100|[from] item: Leftovers\n|upkeep\n|\n|t:|1700091306\n|switch|p1a: LET THERE BE LIGHT|Groudon, tera:Steel|100\/100\n|-weather|SunnyDay|[from] ability: Drought|[of] p1a: LET THERE BE LIGHT\n|turn|36\n|\n|t:|1700091312\n|switch|p2a: Alomomola|Alomomola, M|100\/100\n|move|p1a: LET THERE BE LIGHT|Stone Edge|p2a: Alomomola\n|-damage|p2a: Alomomola|77\/100\n|\n|-weather|SunnyDay|[upkeep]\n|upkeep\n|turn|37\n|\n|t:|1700091319\n|move|p1a: LET THERE BE LIGHT|Precipice Blades|p2a: Alomomola\n|-damage|p2a: Alomomola|39\/100\n|move|p2a: Alomomola|Wish|p2a: Alomomola\n|\n|-weather|SunnyDay|[upkeep]\n|upkeep\n|turn|38\n|\n|t:|1700091325\n|switch|p1a: Crusader|Ogerpon-Hearthflame, F|95\/100 tox\n|-ability|p1a: Crusader|Mold Breaker\n|move|p2a: Alomomola|Protect||[still]\n|-fail|p2a: Alomomola\n|\n|-weather|SunnyDay|[upkeep]\n|-heal|p2a: Alomomola|89\/100|[from] move: Wish|[wisher] Alomomola\n|-damage|p1a: Crusader|89\/100 tox|[from] psn\n|upkeep\n|turn|39\n|\n|t:|1700091335\n|switch|p2a: Ho-Oh|Ho-Oh|100\/100\n|move|p1a: Crusader|U-turn|p2a: Ho-Oh\n|-resisted|p2a: Ho-Oh\n|-damage|p2a: Ho-Oh|94\/100\n|\n|t:|1700091346\n|switch|p1a: LET THERE BE LIGHT|Groudon, tera:Steel|100\/100|[from] U-turn\n|\n|-weather|SunnyDay|[upkeep]\n|upkeep\n|turn|40\n|\n|t:|1700091361\n|switch|p2a: Alomomola|Alomomola, M|100\/100\n|move|p1a: LET THERE BE LIGHT|Stone Edge|p2a: Alomomola\n|-damage|p2a: Alomomola|79\/100\n|\n|-weather|SunnyDay|[upkeep]\n|upkeep\n|turn|41\n|\n|t:|1700091369\n|switch|p1a: Battle Monk|Kingambit, F|91\/100\n|-activate|p1a: Battle Monk|ability: Supreme Overlord\n|-start|p1a: Battle Monk|fallen1|[silent]\n|move|p2a: Alomomola|Wish|p2a: Alomomola\n|\n|-weather|SunnyDay|[upkeep]\n|upkeep\n|turn|42\n|\n|t:|1700091377\n|move|p1a: Battle Monk|Kowtow Cleave|p2a: Alomomola\n|-damage|p2a: Alomomola|49\/100\n|move|p2a: Alomomola|Flip Turn|p1a: Battle Monk\n|-damage|p1a: Battle Monk|85\/100\n|\n|t:|1700091381\n|switch|p2a: Ferrothorn|Ferrothorn, F|19\/100|[from] Flip Turn\n|-damage|p2a: Ferrothorn|13\/100|[from] Stealth Rock\n|\n|-weather|SunnyDay|[upkeep]\n|-heal|p2a: Ferrothorn|89\/100|[from] move: Wish|[wisher] Alomomola\n|-heal|p2a: Ferrothorn|95\/100|[from] item: Leftovers\n|upkeep\n|turn|43\n|\n|t:|1700091393\n|-end|p1a: Battle Monk|fallen1|[silent]\n|switch|p1a: Miracle|Ho-Oh|100\/100 tox\n|move|p2a: Ferrothorn|Leech Seed|p1a: Miracle\n|-start|p1a: Miracle|move: Leech Seed\n|\n|-weather|none\n|-heal|p2a: Ferrothorn|100\/100|[from] item: Leftovers\n|-damage|p1a: Miracle|88\/100 tox|[from] Leech Seed|[of] p2a: Ferrothorn\n|-damage|p1a: Miracle|82\/100 tox|[from] psn\n|upkeep\n|turn|44\n|\n|t:|1700091403\n|move|p2a: Ferrothorn|Protect|p2a: Ferrothorn\n|-singleturn|p2a: Ferrothorn|Protect\n|move|p1a: Miracle|Recover|p1a: Miracle\n|-heal|p1a: Miracle|100\/100 tox\n|\n|-damage|p1a: Miracle|88\/100 tox|[from] Leech Seed|[of] p2a: Ferrothorn\n|-damage|p1a: Miracle|76\/100 tox|[from] psn\n|upkeep\n|turn|45\n|\n|t:|1700091411\n|switch|p2a: Toxapex|Toxapex, M|100\/100 brn\n|-damage|p2a: Toxapex|88\/100 brn|[from] Stealth Rock\n|move|p1a: Miracle|Sacred Fire|p2a: Toxapex\n|-resisted|p2a: Toxapex\n|-damage|p2a: Toxapex|74\/100 brn\n|\n|-heal|p2a: Toxapex|80\/100 brn|[from] item: Leftovers\n|-damage|p1a: Miracle|64\/100 tox|[from] Leech Seed|[of] p2a: Toxapex\n|-heal|p2a: Toxapex|97\/100 brn|[silent]\n|-damage|p1a: Miracle|46\/100 tox|[from] psn\n|-damage|p2a: Toxapex|91\/100 brn|[from] brn\n|upkeep\n|turn|46\n|\n|t:|1700091427\n|switch|p1a: Crusader|Ogerpon-Hearthflame, F|89\/100 tox\n|-ability|p1a: Crusader|Mold Breaker\n|move|p2a: Toxapex|Scald|p1a: Crusader\n|-crit|p1a: Crusader\n|-damage|p1a: Crusader|57\/100 tox\n|\n|-heal|p2a: Toxapex|97\/100 brn|[from] item: Leftovers\n|-damage|p1a: Crusader|51\/100 tox|[from] psn\n|-damage|p2a: Toxapex|91\/100 brn|[from] brn\n|upkeep\n|turn|47\n|\n|t:|1700091438\n|move|p2a: Toxapex|Baneful Bunker|p2a: Toxapex\n|-singleturn|p2a: Toxapex|move: Protect\n|move|p1a: Crusader|Synthesis|p1a: Crusader\n|-heal|p1a: Crusader|100\/100 tox\n|\n|-heal|p2a: Toxapex|97\/100 brn|[from] item: Leftovers\n|-damage|p1a: Crusader|89\/100 tox|[from] psn\n|-damage|p2a: Toxapex|91\/100 brn|[from] brn\n|upkeep\n|turn|48\n|\n|t:|1700091449\n|switch|p2a: Ho-Oh|Ho-Oh|100\/100\n|move|p1a: Crusader|U-turn|p2a: Ho-Oh\n|-resisted|p2a: Ho-Oh\n|-damage|p2a: Ho-Oh|95\/100\n|\n|t:|1700091457\n|switch|p1a: The Holy Spirit|Flutter Mane|100\/100|[from] U-turn\n|\n|upkeep\n|turn|49\n|\n|t:|1700091462\n|move|p1a: The Holy Spirit|Shadow Ball|p2a: Ho-Oh\n|-damage|p2a: Ho-Oh|68\/100\n|-unboost|p2a: Ho-Oh|spd|1\n|move|p2a: Ho-Oh|Toxic|p1a: The Holy Spirit\n|-status|p1a: The Holy Spirit|tox\n|\n|-damage|p1a: The Holy Spirit|95\/100 tox|[from] psn\n|upkeep\n|turn|50\n|\n|t:|1700091487\n|switch|p2a: Toxapex|Toxapex, M|100\/100 brn\n|-damage|p2a: Toxapex|88\/100 brn|[from] Stealth Rock\n|move|p1a: The Holy Spirit|Shadow Ball|p2a: Toxapex\n|-damage|p2a: Toxapex|35\/100 brn\n|\n|-heal|p2a: Toxapex|41\/100 brn|[from] item: Leftovers\n|-damage|p1a: The Holy Spirit|83\/100 tox|[from] psn\n|-damage|p2a: Toxapex|35\/100 brn|[from] brn\n|upkeep\n|turn|51\n|\n|t:|1700091497\n|-end|p1a: The Holy Spirit|Protosynthesis|[silent]\n|switch|p1a: LET THERE BE LIGHT|Groudon, tera:Steel|100\/100\n|-weather|SunnyDay|[from] ability: Drought|[of] p1a: LET THERE BE LIGHT\n|move|p2a: Toxapex|Baneful Bunker||[still]\n|-fail|p2a: Toxapex\n|\n|-weather|SunnyDay|[upkeep]\n|-heal|p2a: Toxapex|41\/100 brn|[from] item: Leftovers\n|-damage|p2a: Toxapex|35\/100 brn|[from] brn\n|upkeep\n|turn|52\n|\n|t:|1700091508\n|switch|p2a: Alomomola|Alomomola, M|83\/100\n|move|p1a: LET THERE BE LIGHT|Precipice Blades|p2a: Alomomola\n|-damage|p2a: Alomomola|40\/100\n|\n|-weather|SunnyDay|[upkeep]\n|upkeep\n|turn|53\n|\n|t:|1700091514\n|move|p2a: Alomomola|Protect|p2a: Alomomola\n|-singleturn|p2a: Alomomola|Protect\n|move|p1a: LET THERE BE LIGHT|Precipice Blades|p2a: Alomomola\n|-activate|p2a: Alomomola|move: Protect\n|\n|-weather|SunnyDay|[upkeep]\n|upkeep\n|turn|54\n|\n|t:|1700091536\n|switch|p2a: Garganacl|Garganacl, M|100\/100\n|-damage|p2a: Garganacl|88\/100|[from] Stealth Rock\n|move|p1a: LET THERE BE LIGHT|Precipice Blades|p2a: Garganacl\n|-supereffective|p2a: Garganacl\n|-damage|p2a: Garganacl|0 fnt\n|faint|p2a: Garganacl\n|\n|-weather|SunnyDay|[upkeep]\n|upkeep\n|inactive|Eddeboi201 has 120 seconds left.\n|\n|t:|1700091564\n|switch|p2a: Alomomola|Alomomola, M|73\/100\n|turn|55\n|\n|t:|1700091571\n|move|p1a: LET THERE BE LIGHT|Rock Polish|p1a: LET THERE BE LIGHT\n|-boost|p1a: LET THERE BE LIGHT|spe|2\n|move|p2a: Alomomola|Wish|p2a: Alomomola\n|\n|-weather|SunnyDay|[upkeep]\n|upkeep\n|turn|56\n|inactive|Eddeboi201 has 120 seconds left.\n|\n|t:|1700091591\n|move|p1a: LET THERE BE LIGHT|Rock Polish|p1a: LET THERE BE LIGHT\n|-boost|p1a: LET THERE BE LIGHT|spe|2\n|move|p2a: Alomomola|Flip Turn|p1a: LET THERE BE LIGHT\n|-damage|p1a: LET THERE BE LIGHT|95\/100\n|\n|t:|1700091597\n|switch|p2a: Ferrothorn|Ferrothorn, F|100\/100|[from] Flip Turn\n|-damage|p2a: Ferrothorn|94\/100|[from] Stealth Rock\n|\n|-weather|SunnyDay|[upkeep]\n|-heal|p2a: Ferrothorn|100\/100|[from] move: Wish|[wisher] Alomomola\n|upkeep\n|turn|57\n|inactive|Eddeboi201 has 120 seconds left.\n|\n|t:|1700091606\n|switch|p1a: Crusader|Ogerpon-Hearthflame, F|89\/100 tox\n|-ability|p1a: Crusader|Mold Breaker\n|-terastallize|p2a: Ferrothorn|Water\n|move|p2a: Ferrothorn|Leech Seed|p1a: Crusader\n|-immune|p1a: Crusader\n|\n|-weather|SunnyDay|[upkeep]\n|-damage|p1a: Crusader|83\/100 tox|[from] psn\n|upkeep\n|turn|58\n|\n|t:|1700091619\n|move|p2a: Ferrothorn|Protect|p2a: Ferrothorn\n|-singleturn|p2a: Ferrothorn|Protect\n|move|p1a: Crusader|Solar Blade||[still]\n|-prepare|p1a: Crusader|Solar Blade\n|-anim|p1a: Crusader|Solar Blade|p2a: Ferrothorn\n|-activate|p2a: Ferrothorn|move: Protect\n|\n|-weather|none\n|-damage|p1a: Crusader|71\/100 tox|[from] psn\n|upkeep\n|turn|59\n|\n|t:|1700091627\n|move|p1a: Crusader|U-turn|p2a: Ferrothorn\n|-damage|p2a: Ferrothorn|85\/100\n|-damage|p1a: Crusader|58\/100 tox|[from] ability: Iron Barbs|[of] p2a: Ferrothorn\n|\n|t:|1700091635\n|switch|p1a: The Holy Spirit|Flutter Mane|83\/100 tox|[from] U-turn\n|move|p2a: Ferrothorn|Knock Off|p1a: The Holy Spirit\n|-damage|p1a: The Holy Spirit|34\/100 tox\n|-enditem|p1a: The Holy Spirit|Choice Specs|[from] move: Knock Off|[of] p2a: Ferrothorn\n|\n|-heal|p2a: Ferrothorn|92\/100|[from] item: Leftovers\n|-damage|p1a: The Holy Spirit|28\/100 tox|[from] psn\n|upkeep\n|turn|60\n|\n|t:|1700091644\n|move|p2a: Ferrothorn|Protect|p2a: Ferrothorn\n|-singleturn|p2a: Ferrothorn|Protect\n|move|p1a: The Holy Spirit|Energy Ball|p2a: Ferrothorn\n|-activate|p2a: Ferrothorn|move: Protect\n|\n|-heal|p2a: Ferrothorn|98\/100|[from] item: Leftovers\n|-damage|p1a: The Holy Spirit|16\/100 tox|[from] psn\n|upkeep\n|turn|61\n|\n|t:|1700091657\n|switch|p2a: Ho-Oh|Ho-Oh|100\/100\n|move|p1a: The Holy Spirit|Shadow Ball|p2a: Ho-Oh\n|-damage|p2a: Ho-Oh|82\/100\n|\n|-damage|p1a: The Holy Spirit|0 fnt|[from] psn\n|faint|p1a: The Holy Spirit\n|-end|p1a: The Holy Spirit|Protosynthesis|[silent]\n|upkeep\n|\n|t:|1700091665\n|switch|p1a: LET THERE BE LIGHT|Groudon, tera:Steel|95\/100\n|-weather|SunnyDay|[from] ability: Drought|[of] p1a: LET THERE BE LIGHT\n|turn|62\n|\n|t:|1700091673\n|switch|p2a: Ferrothorn|Ferrothorn, F, tera:Water|98\/100\n|-damage|p2a: Ferrothorn|85\/100|[from] Stealth Rock\n|move|p1a: LET THERE BE LIGHT|Precipice Blades|p2a: Ferrothorn\n|-damage|p2a: Ferrothorn|43\/100\n|\n|-weather|SunnyDay|[upkeep]\n|-heal|p2a: Ferrothorn|50\/100|[from] item: Leftovers\n|upkeep\n|turn|63\n|\n|t:|1700091682\n|switch|p1a: Crusader|Ogerpon-Hearthflame, F|58\/100 tox\n|-ability|p1a: Crusader|Mold Breaker\n|move|p2a: Ferrothorn|Protect||[still]\n|-fail|p2a: Ferrothorn\n|\n|-weather|SunnyDay|[upkeep]\n|-heal|p2a: Ferrothorn|56\/100|[from] item: Leftovers\n|-damage|p1a: Crusader|52\/100 tox|[from] psn\n|upkeep\n|turn|64\n|\n|t:|1700091691\n|switch|p2a: Ho-Oh|Ho-Oh|100\/100\n|move|p1a: Crusader|Synthesis|p1a: Crusader\n|-heal|p1a: Crusader|100\/100 tox\n|\n|-weather|SunnyDay|[upkeep]\n|-damage|p1a: Crusader|89\/100 tox|[from] psn\n|upkeep\n|turn|65\n|\n|t:|1700091699\n|move|p1a: Crusader|U-turn|p2a: Ho-Oh\n|-resisted|p2a: Ho-Oh\n|-damage|p2a: Ho-Oh|95\/100\n|\n|t:|1700091703\n|switch|p1a: Miracle|Ho-Oh|79\/100 tox|[from] U-turn\n|move|p2a: Ho-Oh|Sacred Fire|p1a: Miracle\n|-resisted|p1a: Miracle\n|-damage|p1a: Miracle|51\/100 tox\n|\n|-weather|SunnyDay|[upkeep]\n|-damage|p1a: Miracle|45\/100 tox|[from] psn\n|upkeep\n|turn|66\n|\n|t:|1700091712\n|switch|p2a: Toxapex|Toxapex, M|68\/100 brn\n|-damage|p2a: Toxapex|55\/100 brn|[from] Stealth Rock\n|move|p1a: Miracle|Recover|p1a: Miracle\n|-heal|p1a: Miracle|95\/100 tox\n|\n|-weather|SunnyDay|[upkeep]\n|-heal|p2a: Toxapex|62\/100 brn|[from] item: Leftovers\n|-damage|p1a: Miracle|83\/100 tox|[from] psn\n|-damage|p2a: Toxapex|55\/100 brn|[from] brn\n|upkeep\n|turn|67\n|\n|t:|1700091726\n|move|p1a: Miracle|Sacred Fire|p2a: Toxapex\n|-resisted|p2a: Toxapex\n|-damage|p2a: Toxapex|37\/100 brn\n|move|p2a: Toxapex|Scald|p1a: Miracle\n|-supereffective|p1a: Miracle\n|-damage|p1a: Miracle|76\/100 tox\n|\n|-weather|SunnyDay|[upkeep]\n|-heal|p2a: Toxapex|43\/100 brn|[from] item: Leftovers\n|-damage|p1a: Miracle|58\/100 tox|[from] psn\n|-damage|p2a: Toxapex|37\/100 brn|[from] brn\n|upkeep\n|turn|68\n|\n|t:|1700091741\n|switch|p1a: Crusader|Ogerpon-Hearthflame, F|89\/100 tox\n|-ability|p1a: Crusader|Mold Breaker\n|move|p2a: Toxapex|Recover|p2a: Toxapex\n|-heal|p2a: Toxapex|87\/100 brn\n|\n|-weather|SunnyDay|[upkeep]\n|-heal|p2a: Toxapex|93\/100 brn|[from] item: Leftovers\n|-damage|p1a: Crusader|83\/100 tox|[from] psn\n|-damage|p2a: Toxapex|87\/100 brn|[from] brn\n|upkeep\n|turn|69\n|\n|t:|1700091753\n|move|p2a: Toxapex|Baneful Bunker|p2a: Toxapex\n|-singleturn|p2a: Toxapex|move: Protect\n|move|p1a: Crusader|Solar Blade||[still]\n|-prepare|p1a: Crusader|Solar Blade\n|-anim|p1a: Crusader|Solar Blade|p2a: Toxapex\n|-activate|p2a: Toxapex|move: Protect\n|\n|-weather|none\n|-heal|p2a: Toxapex|93\/100 brn|[from] item: Leftovers\n|-damage|p1a: Crusader|71\/100 tox|[from] psn\n|-damage|p2a: Toxapex|87\/100 brn|[from] brn\n|upkeep\n|turn|70\n|\n|t:|1700091767\n|move|p1a: Crusader|Ivy Cudgel|p2a: Toxapex|[anim] Ivy Cudgel Fire\n|-resisted|p2a: Toxapex\n|-damage|p2a: Toxapex|67\/100 brn\n|move|p2a: Toxapex|Scald|p1a: Crusader\n|-damage|p1a: Crusader|51\/100 tox\n|\n|-heal|p2a: Toxapex|74\/100 brn|[from] item: Leftovers\n|-damage|p1a: Crusader|33\/100 tox|[from] psn\n|-damage|p2a: Toxapex|67\/100 brn|[from] brn\n|upkeep\n|turn|71\n|\n|t:|1700091779\n|move|p1a: Crusader|Synthesis|p1a: Crusader\n|-heal|p1a: Crusader|83\/100 tox\n|move|p2a: Toxapex|Recover|p2a: Toxapex\n|-heal|p2a: Toxapex|100\/100 brn\n|\n|-damage|p1a: Crusader|59\/100 tox|[from] psn\n|-damage|p2a: Toxapex|94\/100 brn|[from] brn\n|upkeep\n|turn|72\n|\n|t:|1700091786\n|move|p1a: Crusader|U-turn|p2a: Toxapex\n|-resisted|p2a: Toxapex\n|-damage|p2a: Toxapex|85\/100 brn\n|\n|t:|1700091792\n|switch|p1a: Miracle|Ho-Oh|91\/100 tox|[from] U-turn\n|move|p2a: Toxapex|Scald|p1a: Miracle\n|-supereffective|p1a: Miracle\n|-damage|p1a: Miracle|77\/100 tox\n|\n|-heal|p2a: Toxapex|92\/100 brn|[from] item: Leftovers\n|-damage|p1a: Miracle|71\/100 tox|[from] psn\n|-damage|p2a: Toxapex|85\/100 brn|[from] brn\n|upkeep\n|turn|73\n|\n|t:|1700091805\n|move|p2a: Toxapex|Baneful Bunker|p2a: Toxapex\n|-singleturn|p2a: Toxapex|move: Protect\n|move|p1a: Miracle|Sacred Fire|p2a: Toxapex\n|-activate|p2a: Toxapex|move: Protect\n|\n|-heal|p2a: Toxapex|92\/100 brn|[from] item: Leftovers\n|-damage|p1a: Miracle|59\/100 tox|[from] psn\n|-damage|p2a: Toxapex|85\/100 brn|[from] brn\n|upkeep\n|turn|74\n|\n|t:|1700091817\n|move|p1a: Miracle|Recover|p1a: Miracle\n|-heal|p1a: Miracle|100\/100 tox\n|move|p2a: Toxapex|Scald|p1a: Miracle\n|-supereffective|p1a: Miracle\n|-damage|p1a: Miracle|85\/100 tox\n|\n|-heal|p2a: Toxapex|92\/100 brn|[from] item: Leftovers\n|-damage|p1a: Miracle|67\/100 tox|[from] psn\n|-damage|p2a: Toxapex|85\/100 brn|[from] brn\n|upkeep\n|turn|75\n|\n|t:|1700091828\n|switch|p1a: Crusader|Ogerpon-Hearthflame, F|59\/100 tox\n|-ability|p1a: Crusader|Mold Breaker\n|switch|p2a: Alomomola|Alomomola, M|100\/100\n|\n|-damage|p1a: Crusader|53\/100 tox|[from] psn\n|upkeep\n|turn|76\n|\n|t:|1700091836\n|move|p1a: Crusader|Synthesis|p1a: Crusader\n|-heal|p1a: Crusader|100\/100 tox\n|move|p2a: Alomomola|Wish|p2a: Alomomola\n|\n|-damage|p1a: Crusader|89\/100 tox|[from] psn\n|upkeep\n|turn|77\n|\n|t:|1700091843\n|switch|p1a: LET THERE BE LIGHT|Groudon, tera:Steel|95\/100\n|-weather|SunnyDay|[from] ability: Drought|[of] p1a: LET THERE BE LIGHT\n|move|p2a: Alomomola|Flip Turn|p1a: LET THERE BE LIGHT\n|-damage|p1a: LET THERE BE LIGHT|90\/100\n|\n|t:|1700091848\n|switch|p2a: Ferrothorn|Ferrothorn, F, tera:Water|56\/100|[from] Flip Turn\n|-damage|p2a: Ferrothorn|43\/100|[from] Stealth Rock\n|\n|-weather|SunnyDay|[upkeep]\n|-heal|p2a: Ferrothorn|100\/100|[from] move: Wish|[wisher] Alomomola\n|upkeep\n|turn|78\n|\n|t:|1700091869\n|switch|p1a: Battle Monk|Kingambit, F|85\/100\n|-activate|p1a: Battle Monk|ability: Supreme Overlord\n|-start|p1a: Battle Monk|fallen2|[silent]\n|move|p2a: Ferrothorn|Leech Seed|p1a: Battle Monk\n|-start|p1a: Battle Monk|move: Leech Seed\n|\n|-weather|SunnyDay|[upkeep]\n|-damage|p1a: Battle Monk|73\/100|[from] Leech Seed|[of] p2a: Ferrothorn\n|upkeep\n|turn|79\n|\n|t:|1700091877\n|-end|p1a: Battle Monk|fallen2|[silent]\n|switch|p1a: Crusader|Ogerpon-Hearthflame, F|89\/100 tox\n|-ability|p1a: Crusader|Mold Breaker\n|move|p2a: Ferrothorn|Protect||[still]\n|-fail|p2a: Ferrothorn\n|\n|-weather|SunnyDay|[upkeep]\n|-damage|p1a: Crusader|83\/100 tox|[from] psn\n|upkeep\n|turn|80\n|\n|t:|1700091885\n|switch|p2a: Ho-Oh|Ho-Oh|100\/100\n|move|p1a: Crusader|Solar Blade||[still]\n|-prepare|p1a: Crusader|Solar Blade\n|-anim|p1a: Crusader|Solar Blade|p2a: Ho-Oh\n|-resisted|p2a: Ho-Oh\n|-damage|p2a: Ho-Oh|85\/100\n|\n|-weather|SunnyDay|[upkeep]\n|-damage|p1a: Crusader|71\/100 tox|[from] psn\n|upkeep\n|turn|81\n|\n|t:|1700091894\n|move|p1a: Crusader|U-turn|p2a: Ho-Oh\n|-resisted|p2a: Ho-Oh\n|-damage|p2a: Ho-Oh|79\/100\n|\n|t:|1700091899\n|switch|p1a: Miracle|Ho-Oh|99\/100 tox|[from] U-turn\n|move|p2a: Ho-Oh|Sacred Fire|p1a: Miracle\n|-resisted|p1a: Miracle\n|-damage|p1a: Miracle|68\/100 tox\n|\n|-weather|SunnyDay|[upkeep]\n|-damage|p1a: Miracle|62\/100 tox|[from] psn\n|upkeep\n|turn|82\n|\n|t:|1700091908\n|switch|p2a: Toxapex|Toxapex, M|100\/100 brn\n|-damage|p2a: Toxapex|88\/100 brn|[from] Stealth Rock\n|move|p1a: Miracle|Toxic||[still]\n|-fail|p1a: Miracle\n|\n|-weather|SunnyDay|[upkeep]\n|-heal|p2a: Toxapex|94\/100 brn|[from] item: Leftovers\n|-damage|p1a: Miracle|50\/100 tox|[from] psn\n|-damage|p2a: Toxapex|88\/100 brn|[from] brn\n|upkeep\n|turn|83\n|\n|t:|1700091918\n|move|p1a: Miracle|Recover|p1a: Miracle\n|-heal|p1a: Miracle|99\/100 tox\n|move|p2a: Toxapex|Scald|p1a: Miracle\n|-supereffective|p1a: Miracle\n|-damage|p1a: Miracle|93\/100 tox\n|\n|-weather|SunnyDay|[upkeep]\n|-heal|p2a: Toxapex|94\/100 brn|[from] item: Leftovers\n|-damage|p1a: Miracle|75\/100 tox|[from] psn\n|-damage|p2a: Toxapex|88\/100 brn|[from] brn\n|upkeep\n|turn|84\n|\n|t:|1700091928\n|move|p1a: Miracle|Sacred Fire|p2a: Toxapex\n|-resisted|p2a: Toxapex\n|-damage|p2a: Toxapex|67\/100 brn\n|move|p2a: Toxapex|Scald|p1a: Miracle\n|-supereffective|p1a: Miracle\n|-damage|p1a: Miracle|68\/100 tox\n|\n|-weather|none\n|-heal|p2a: Toxapex|74\/100 brn|[from] item: Leftovers\n|-damage|p1a: Miracle|44\/100 tox|[from] psn\n|-damage|p2a: Toxapex|67\/100 brn|[from] brn\n|upkeep\n|turn|85\n|\n|t:|1700091939\n|move|p1a: Miracle|Recover|p1a: Miracle\n|-heal|p1a: Miracle|94\/100 tox\n|move|p2a: Toxapex|Scald|p1a: Miracle\n|-supereffective|p1a: Miracle\n|-damage|p1a: Miracle|79\/100 tox\n|\n|-heal|p2a: Toxapex|74\/100 brn|[from] item: Leftovers\n|-damage|p1a: Miracle|49\/100 tox|[from] psn\n|-damage|p2a: Toxapex|67\/100 brn|[from] brn\n|upkeep\n|turn|86\n|\n|t:|1700091952\n|switch|p1a: Crusader|Ogerpon-Hearthflame, F|71\/100 tox\n|-ability|p1a: Crusader|Mold Breaker\n|move|p2a: Toxapex|Scald|p1a: Crusader\n|-damage|p1a: Crusader|52\/100 tox\n|\n|-heal|p2a: Toxapex|74\/100 brn|[from] item: Leftovers\n|-damage|p1a: Crusader|46\/100 tox|[from] psn\n|-damage|p2a: Toxapex|67\/100 brn|[from] brn\n|upkeep\n|turn|87\n|\n|t:|1700091965\n|move|p1a: Crusader|Synthesis|p1a: Crusader\n|-heal|p1a: Crusader|96\/100 tox\n|move|p2a: Toxapex|Scald|p1a: Crusader\n|-damage|p1a: Crusader|77\/100 tox\n|\n|-heal|p2a: Toxapex|74\/100 brn|[from] item: Leftovers\n|-damage|p1a: Crusader|65\/100 tox|[from] psn\n|-damage|p2a: Toxapex|67\/100 brn|[from] brn\n|upkeep\n|turn|88\n|inactive|Philip Lombard has 120 seconds left.\n|\n|t:|1700091980\n|move|p1a: Crusader|U-turn|p2a: Toxapex\n|-resisted|p2a: Toxapex\n|-damage|p2a: Toxapex|59\/100 brn\n|inactive|Philip Lombard has 120 seconds left.\n|\n|t:|1700091992\n|switch|p1a: Miracle|Ho-Oh|82\/100 tox|[from] U-turn\n|move|p2a: Toxapex|Scald|p1a: Miracle\n|-supereffective|p1a: Miracle\n|-damage|p1a: Miracle|67\/100 tox\n|\n|-heal|p2a: Toxapex|65\/100 brn|[from] item: Leftovers\n|-damage|p1a: Miracle|61\/100 tox|[from] psn\n|-damage|p2a: Toxapex|59\/100 brn|[from] brn\n|upkeep\n|turn|89\n|\n|t:|1700092012\n|move|p1a: Miracle|Sacred Fire|p2a: Toxapex\n|-resisted|p2a: Toxapex\n|-damage|p2a: Toxapex|45\/100 brn\n|move|p2a: Toxapex|Scald|p1a: Miracle\n|-supereffective|p1a: Miracle\n|-damage|p1a: Miracle|46\/100 tox\n|\n|-heal|p2a: Toxapex|51\/100 brn|[from] item: Leftovers\n|-damage|p1a: Miracle|34\/100 tox|[from] psn\n|-damage|p2a: Toxapex|45\/100 brn|[from] brn\n|upkeep\n|turn|90\n|\n|t:|1700092022\n|move|p1a: Miracle|Recover|p1a: Miracle\n|-heal|p1a: Miracle|84\/100 tox\n|move|p2a: Toxapex|Scald|p1a: Miracle\n|-supereffective|p1a: Miracle\n|-damage|p1a: Miracle|71\/100 tox\n|\n|-heal|p2a: Toxapex|51\/100 brn|[from] item: Leftovers\n|-damage|p1a: Miracle|53\/100 tox|[from] psn\n|-damage|p2a: Toxapex|45\/100 brn|[from] brn\n|upkeep\n|turn|91\n|\n|t:|1700092033\n|switch|p1a: Crusader|Ogerpon-Hearthflame, F|65\/100 tox\n|-ability|p1a: Crusader|Mold Breaker\n|move|p2a: Toxapex|Recover|p2a: Toxapex\n|-heal|p2a: Toxapex|95\/100 brn\n|\n|-heal|p2a: Toxapex|100\/100 brn|[from] item: Leftovers\n|-damage|p1a: Crusader|59\/100 tox|[from] psn\n|-damage|p2a: Toxapex|94\/100 brn|[from] brn\n|upkeep\n|turn|92\n|inactive|Philip Lombard has 90 seconds left.\n|\n|t:|1700092049\n|switch|p2a: Ho-Oh|Ho-Oh|100\/100\n|move|p1a: Crusader|Ivy Cudgel|p2a: Ho-Oh|[anim] Ivy Cudgel Fire\n|-resisted|p2a: Ho-Oh\n|-damage|p2a: Ho-Oh|72\/100\n|\n|-damage|p1a: Crusader|47\/100 tox|[from] psn\n|upkeep\n|turn|93\n|inactive|Philip Lombard has 90 seconds left.\n|\n|t:|1700092059\n|move|p1a: Crusader|U-turn|p2a: Ho-Oh\n|-resisted|p2a: Ho-Oh\n|-damage|p2a: Ho-Oh|66\/100\n|inactive|Philip Lombard has 90 seconds left.\n|\n|t:|1700092065\n|switch|p1a: Miracle|Ho-Oh|86\/100 tox|[from] U-turn\n|move|p2a: Ho-Oh|Defog|p1a: Miracle\n|-unboost|p1a: Miracle|evasion|1\n|-sideend|p2: Eddeboi201|Stealth Rock|[from] move: Defog|[of] p2a: Ho-Oh\n|\n|-damage|p1a: Miracle|80\/100 tox|[from] psn\n|upkeep\n|turn|94\n|inactive|Philip Lombard has 90 seconds left.\n|\n|t:|1700092075\n|switch|p2a: Toxapex|Toxapex, M|100\/100 brn\n|move|p1a: Miracle|Toxic||[still]\n|-fail|p1a: Miracle\n|\n|-damage|p1a: Miracle|68\/100 tox|[from] psn\n|-damage|p2a: Toxapex|94\/100 brn|[from] brn\n|upkeep\n|turn|95\n|\n|t:|1700092090\n|move|p1a: Miracle|Sacred Fire|p2a: Toxapex|[miss]\n|-miss|p1a: Miracle|p2a: Toxapex\n|move|p2a: Toxapex|Scald|p1a: Miracle\n|-supereffective|p1a: Miracle\n|-damage|p1a: Miracle|51\/100 tox\n|\n|-heal|p2a: Toxapex|100\/100 brn|[from] item: Leftovers\n|-damage|p1a: Miracle|33\/100 tox|[from] psn\n|-damage|p2a: Toxapex|94\/100 brn|[from] brn\n|upkeep\n|turn|96\n|\n|t:|1700092108\n|move|p1a: Miracle|Recover|p1a: Miracle\n|-heal|p1a: Miracle|83\/100 tox\n|move|p2a: Toxapex|Scald|p1a: Miracle\n|-supereffective|p1a: Miracle\n|-crit|p1a: Miracle\n|-damage|p1a: Miracle|60\/100 tox\n|\n|-heal|p2a: Toxapex|100\/100 brn|[from] item: Leftovers\n|-damage|p1a: Miracle|36\/100 tox|[from] psn\n|-damage|p2a: Toxapex|94\/100 brn|[from] brn\n|upkeep\n|turn|97\n|\n|t:|1700092122\n|switch|p1a: Crusader|Ogerpon-Hearthflame, F|47\/100 tox\n|-ability|p1a: Crusader|Mold Breaker\n|move|p2a: Toxapex|Scald|p1a: Crusader\n|-crit|p1a: Crusader\n|-damage|p1a: Crusader|19\/100 tox\n|\n|-heal|p2a: Toxapex|100\/100 brn|[from] item: Leftovers\n|-damage|p1a: Crusader|13\/100 tox|[from] psn\n|-damage|p2a: Toxapex|94\/100 brn|[from] brn\n|upkeep\n|turn|98\n|inactive|Philip Lombard has 60 seconds left.\n|\n|t:|1700092135\n|switch|p2a: Ho-Oh|Ho-Oh|99\/100\n|move|p1a: Crusader|Synthesis|p1a: Crusader\n|-heal|p1a: Crusader|63\/100 tox\n|\n|-damage|p1a: Crusader|51\/100 tox|[from] psn\n|upkeep\n|turn|99\n|inactive|Philip Lombard has 60 seconds left.\n|\n|t:|1700092147\n|move|p1a: Crusader|U-turn|p2a: Ho-Oh\n|-resisted|p2a: Ho-Oh\n|-damage|p2a: Ho-Oh|94\/100\n|\n|t:|1700092150\n|switch|p1a: Miracle|Ho-Oh|69\/100 tox|[from] U-turn\n|move|p2a: Ho-Oh|Defog|p1a: Miracle\n|-unboost|p1a: Miracle|evasion|1\n|\n|-damage|p1a: Miracle|63\/100 tox|[from] psn\n|upkeep\n|turn|100\n|\n|t:|1700092159\n|switch|p2a: Toxapex|Toxapex, M|100\/100 brn\n|move|p1a: Miracle|Sacred Fire|p2a: Toxapex\n|-resisted|p2a: Toxapex\n|-damage|p2a: Toxapex|87\/100 brn\n|\n|-heal|p2a: Toxapex|93\/100 brn|[from] item: Leftovers\n|-damage|p1a: Miracle|51\/100 tox|[from] psn\n|-damage|p2a: Toxapex|87\/100 brn|[from] brn\n|upkeep\n|turn|101\n|\n|t:|1700092168\n|move|p2a: Toxapex|Baneful Bunker|p2a: Toxapex\n|-singleturn|p2a: Toxapex|move: Protect\n|move|p1a: Miracle|Recover|p1a: Miracle\n|-heal|p1a: Miracle|100\/100 tox\n|\n|-heal|p2a: Toxapex|93\/100 brn|[from] item: Leftovers\n|-damage|p1a: Miracle|82\/100 tox|[from] psn\n|-damage|p2a: Toxapex|87\/100 brn|[from] brn\n|upkeep\n|turn|102\n|\n|t:|1700092177\n|move|p1a: Miracle|Defog|p2a: Toxapex\n|-unboost|p2a: Toxapex|evasion|1\n|move|p2a: Toxapex|Scald|p1a: Miracle\n|-supereffective|p1a: Miracle\n|-crit|p1a: Miracle\n|-damage|p1a: Miracle|62\/100 tox\n|\n|-heal|p2a: Toxapex|93\/100 brn|[from] item: Leftovers\n|-damage|p1a: Miracle|38\/100 tox|[from] psn\n|-damage|p2a: Toxapex|87\/100 brn|[from] brn\n|upkeep\n|turn|103\n|inactive|Philip Lombard has 60 seconds left.\n|\n|t:|1700092188\n|switch|p1a: Crusader|Ogerpon-Hearthflame, F|51\/100 tox\n|-ability|p1a: Crusader|Mold Breaker\n|move|p2a: Toxapex|Baneful Bunker||[still]\n|-fail|p2a: Toxapex\n|\n|-heal|p2a: Toxapex|93\/100 brn|[from] item: Leftovers\n|-damage|p1a: Crusader|45\/100 tox|[from] psn\n|-damage|p2a: Toxapex|87\/100 brn|[from] brn\n|upkeep\n|turn|104\n|inactive|Philip Lombard has 60 seconds left.\n|\n|t:|1700092198\n|switch|p2a: Ho-Oh|Ho-Oh|100\/100\n|move|p1a: Crusader|Synthesis|p1a: Crusader\n|-heal|p1a: Crusader|95\/100 tox\n|\n|-damage|p1a: Crusader|83\/100 tox|[from] psn\n|upkeep\n|turn|105\n|inactive|Philip Lombard has 60 seconds left.\n|\n|t:|1700092206\n|move|p1a: Crusader|U-turn|p2a: Ho-Oh\n|-resisted|p2a: Ho-Oh\n|-damage|p2a: Ho-Oh|94\/100\n|\n|t:|1700092209\n|switch|p1a: Miracle|Ho-Oh|71\/100 tox|[from] U-turn\n|move|p2a: Ho-Oh|Defog|p1a: Miracle\n|-unboost|p1a: Miracle|evasion|1\n|\n|-damage|p1a: Miracle|65\/100 tox|[from] psn\n|upkeep\n|turn|106\n|\n|t:|1700092216\n|switch|p2a: Toxapex|Toxapex, M|100\/100 brn\n|move|p1a: Miracle|Toxic||[still]\n|-fail|p1a: Miracle\n|\n|-damage|p1a: Miracle|53\/100 tox|[from] psn\n|-damage|p2a: Toxapex|94\/100 brn|[from] brn\n|upkeep\n|turn|107\n|\n|t:|1700092224\n|switch|p1a: Crusader|Ogerpon-Hearthflame, F|83\/100 tox\n|-ability|p1a: Crusader|Mold Breaker\n|move|p2a: Toxapex|Scald|p1a: Crusader\n|-damage|p1a: Crusader|64\/100 tox\n|\n|-heal|p2a: Toxapex|100\/100 brn|[from] item: Leftovers\n|-damage|p1a: Crusader|58\/100 tox|[from] psn\n|-damage|p2a: Toxapex|94\/100 brn|[from] brn\n|upkeep\n|turn|108\n|inactive|Philip Lombard has 60 seconds left.\n|\n|t:|1700092240\n|move|p1a: Crusader|Ivy Cudgel|p2a: Toxapex|[anim] Ivy Cudgel Fire\n|-resisted|p2a: Toxapex\n|-damage|p2a: Toxapex|75\/100 brn\n|move|p2a: Toxapex|Toxic|p1a: Crusader\n|-fail|p1a: Crusader|tox\n|\n|-heal|p2a: Toxapex|82\/100 brn|[from] item: Leftovers\n|-damage|p1a: Crusader|46\/100 tox|[from] psn\n|-damage|p2a: Toxapex|75\/100 brn|[from] brn\n|upkeep\n|turn|109\n|inactive|Philip Lombard has 60 seconds left.\n|\n|t:|1700092250\n|move|p2a: Toxapex|Baneful Bunker|p2a: Toxapex\n|-singleturn|p2a: Toxapex|move: Protect\n|move|p1a: Crusader|Synthesis|p1a: Crusader\n|-heal|p1a: Crusader|96\/100 tox\n|\n|-heal|p2a: Toxapex|82\/100 brn|[from] item: Leftovers\n|-damage|p1a: Crusader|78\/100 tox|[from] psn\n|-damage|p2a: Toxapex|75\/100 brn|[from] brn\n|upkeep\n|turn|110\n|\n|t:|1700092261\n|move|p1a: Crusader|U-turn|p2a: Toxapex\n|-resisted|p2a: Toxapex\n|-damage|p2a: Toxapex|68\/100 brn\n|\n|t:|1700092264\n|switch|p1a: Miracle|Ho-Oh|86\/100 tox|[from] U-turn\n|move|p2a: Toxapex|Toxic|p1a: Miracle\n|-fail|p1a: Miracle|tox\n|\n|-heal|p2a: Toxapex|74\/100 brn|[from] item: Leftovers\n|-damage|p1a: Miracle|80\/100 tox|[from] psn\n|-damage|p2a: Toxapex|68\/100 brn|[from] brn\n|upkeep\n|turn|111\n|\n|t:|1700092273\n|move|p2a: Toxapex|Baneful Bunker|p2a: Toxapex\n|-singleturn|p2a: Toxapex|move: Protect\n|move|p1a: Miracle|Defog|p2a: Toxapex\n|-activate|p2a: Toxapex|move: Protect\n|\n|-heal|p2a: Toxapex|74\/100 brn|[from] item: Leftovers\n|-damage|p1a: Miracle|68\/100 tox|[from] psn\n|-damage|p2a: Toxapex|68\/100 brn|[from] brn\n|upkeep\n|turn|112\n|\n|t:|1700092294\n|switch|p1a: Crusader|Ogerpon-Hearthflame, F|78\/100 tox\n|-ability|p1a: Crusader|Mold Breaker\n|move|p2a: Toxapex|Scald|p1a: Crusader\n|-damage|p1a: Crusader|58\/100 tox\n|\n|-heal|p2a: Toxapex|74\/100 brn|[from] item: Leftovers\n|-damage|p1a: Crusader|52\/100 tox|[from] psn\n|-damage|p2a: Toxapex|68\/100 brn|[from] brn\n|upkeep\n|turn|113\n|\n|t:|1700092306\n|switch|p1a: Miracle|Ho-Oh|100\/100 tox\n|switch|p2a: Ho-Oh|Ho-Oh|100\/100\n|\n|-damage|p1a: Miracle|94\/100 tox|[from] psn\n|upkeep\n|turn|114\n|\n|t:|1700092313\n|switch|p2a: Toxapex|Toxapex, M|100\/100 brn\n|move|p1a: Miracle|Defog|p2a: Toxapex\n|-unboost|p2a: Toxapex|evasion|1\n|\n|-damage|p1a: Miracle|82\/100 tox|[from] psn\n|-damage|p2a: Toxapex|94\/100 brn|[from] brn\n|upkeep\n|turn|115\n|\n|t:|1700092322\n|switch|p1a: Crusader|Ogerpon-Hearthflame, F|52\/100 tox\n|-ability|p1a: Crusader|Mold Breaker\n|move|p2a: Toxapex|Toxic|p1a: Crusader\n|-fail|p1a: Crusader|tox\n|\n|-heal|p2a: Toxapex|100\/100 brn|[from] item: Leftovers\n|-damage|p1a: Crusader|46\/100 tox|[from] psn\n|-damage|p2a: Toxapex|94\/100 brn|[from] brn\n|upkeep\n|turn|116\n|\n|t:|1700092333\n|move|p1a: Crusader|U-turn|p2a: Toxapex\n|-resisted|p2a: Toxapex\n|-damage|p2a: Toxapex|87\/100 brn\n|\n|t:|1700092335\n|switch|p1a: Miracle|Ho-Oh|100\/100 tox|[from] U-turn\n|move|p2a: Toxapex|Toxic|p1a: Miracle\n|-fail|p1a: Miracle|tox\n|\n|-heal|p2a: Toxapex|93\/100 brn|[from] item: Leftovers\n|-damage|p1a: Miracle|94\/100 tox|[from] psn\n|-damage|p2a: Toxapex|87\/100 brn|[from] brn\n|upkeep\n|turn|117\n|\n|t:|1700092345\n|move|p1a: Miracle|Defog|p2a: Toxapex\n|-unboost|p2a: Toxapex|evasion|1\n|move|p2a: Toxapex|Toxic|p1a: Miracle\n|-fail|p1a: Miracle|tox\n|\n|-heal|p2a: Toxapex|93\/100 brn|[from] item: Leftovers\n|-damage|p1a: Miracle|82\/100 tox|[from] psn\n|-damage|p2a: Toxapex|87\/100 brn|[from] brn\n|upkeep\n|turn|118\n|\n|t:|1700092354\n|switch|p1a: LET THERE BE LIGHT|Groudon, tera:Steel|90\/100\n|-weather|SunnyDay|[from] ability: Drought|[of] p1a: LET THERE BE LIGHT\n|move|p2a: Toxapex|Toxic|p1a: LET THERE BE LIGHT\n|-immune|p1a: LET THERE BE LIGHT\n|\n|-weather|SunnyDay|[upkeep]\n|-heal|p2a: Toxapex|93\/100 brn|[from] item: Leftovers\n|-damage|p2a: Toxapex|87\/100 brn|[from] brn\n|upkeep\n|turn|119\n|\n|t:|1700092367\n|switch|p1a: Miracle|Ho-Oh|100\/100 tox\n|switch|p2a: Ferrothorn|Ferrothorn, F, tera:Water|100\/100\n|\n|-weather|SunnyDay|[upkeep]\n|-damage|p1a: Miracle|94\/100 tox|[from] psn\n|upkeep\n|turn|120\n|\n|t:|1700092375\n|switch|p2a: Toxapex|Toxapex, M|100\/100 brn\n|move|p1a: Miracle|Toxic||[still]\n|-fail|p1a: Miracle\n|\n|-weather|SunnyDay|[upkeep]\n|-damage|p1a: Miracle|82\/100 tox|[from] psn\n|-damage|p2a: Toxapex|94\/100 brn|[from] brn\n|upkeep\n|turn|121\n|\n|t:|1700092382\n|move|p1a: Miracle|Defog|p2a: Toxapex\n|-unboost|p2a: Toxapex|evasion|1\n|move|p2a: Toxapex|Toxic|p1a: Miracle\n|-fail|p1a: Miracle|tox\n|\n|-weather|SunnyDay|[upkeep]\n|-heal|p2a: Toxapex|100\/100 brn|[from] item: Leftovers\n|-damage|p1a: Miracle|64\/100 tox|[from] psn\n|-damage|p2a: Toxapex|94\/100 brn|[from] brn\n|upkeep\n|turn|122\n|\n|t:|1700092395\n|switch|p1a: Crusader|Ogerpon-Hearthflame, F|46\/100 tox\n|-ability|p1a: Crusader|Mold Breaker\n|move|p2a: Toxapex|Toxic|p1a: Crusader\n|-fail|p1a: Crusader|tox\n|\n|-weather|SunnyDay|[upkeep]\n|-heal|p2a: Toxapex|100\/100 brn|[from] item: Leftovers\n|-damage|p1a: Crusader|40\/100 tox|[from] psn\n|-damage|p2a: Toxapex|94\/100 brn|[from] brn\n|upkeep\n|turn|123\n|inactive|Philip Lombard has 30 seconds left.\n|\n|t:|1700092406\n|move|p2a: Toxapex|Baneful Bunker|p2a: Toxapex\n|-singleturn|p2a: Toxapex|move: Protect\n|move|p1a: Crusader|U-turn|p2a: Toxapex\n|-activate|p2a: Toxapex|move: Protect\n|\n|-weather|SunnyDay|[upkeep]\n|-heal|p2a: Toxapex|100\/100 brn|[from] item: Leftovers\n|-damage|p1a: Crusader|28\/100 tox|[from] psn\n|-damage|p2a: Toxapex|94\/100 brn|[from] brn\n|upkeep\n|turn|124\n|inactive|Philip Lombard has 30 seconds left.\n|\n|t:|1700092416\n|switch|p1a: Miracle|Ho-Oh|98\/100 tox\n|move|p2a: Toxapex|Toxic|p1a: Miracle\n|-fail|p1a: Miracle|tox\n|\n|-weather|SunnyDay|[upkeep]\n|-heal|p2a: Toxapex|100\/100 brn|[from] item: Leftovers\n|-damage|p1a: Miracle|92\/100 tox|[from] psn\n|-damage|p2a: Toxapex|94\/100 brn|[from] brn\n|upkeep\n|turn|125\n|inactive|Philip Lombard has 30 seconds left.\n|\n|t:|1700092424\n|move|p1a: Miracle|Defog|p2a: Toxapex\n|-unboost|p2a: Toxapex|evasion|1\n|move|p2a: Toxapex|Toxic|p1a: Miracle\n|-fail|p1a: Miracle|tox\n|\n|-weather|none\n|-heal|p2a: Toxapex|100\/100 brn|[from] item: Leftovers\n|-damage|p1a: Miracle|80\/100 tox|[from] psn\n|-damage|p2a: Toxapex|94\/100 brn|[from] brn\n|upkeep\n|turn|126\n|inactive|Philip Lombard has 30 seconds left.\n|\n|t:|1700092434\n|move|p1a: Miracle|Defog|p2a: Toxapex\n|-unboost|p2a: Toxapex|evasion|1\n|move|p2a: Toxapex|Toxic|p1a: Miracle\n|-fail|p1a: Miracle|tox\n|\n|-heal|p2a: Toxapex|100\/100 brn|[from] item: Leftovers\n|-damage|p1a: Miracle|61\/100 tox|[from] psn\n|-damage|p2a: Toxapex|94\/100 brn|[from] brn\n|upkeep\n|turn|127\n|inactive|Philip Lombard has 30 seconds left.\n|\n|t:|1700092443\n|switch|p1a: Crusader|Ogerpon-Hearthflame, F|28\/100 tox\n|-ability|p1a: Crusader|Mold Breaker\n|move|p2a: Toxapex|Toxic|p1a: Crusader\n|-fail|p1a: Crusader|tox\n|\n|-heal|p2a: Toxapex|100\/100 brn|[from] item: Leftovers\n|-damage|p1a: Crusader|22\/100 tox|[from] psn\n|-damage|p2a: Toxapex|94\/100 brn|[from] brn\n|upkeep\n|turn|128\n|inactive|Philip Lombard has 30 seconds left.\n|\n|t:|1700092453\n|switch|p1a: Miracle|Ho-Oh|95\/100 tox\n|move|p2a: Toxapex|Baneful Bunker||[still]\n|-fail|p2a: Toxapex\n|\n|-heal|p2a: Toxapex|100\/100 brn|[from] item: Leftovers\n|-damage|p1a: Miracle|89\/100 tox|[from] psn\n|-damage|p2a: Toxapex|94\/100 brn|[from] brn\n|upkeep\n|turn|129\n|inactive|Philip Lombard has 30 seconds left.\n|\n|t:|1700092463\n|move|p1a: Miracle|Defog|p2a: Toxapex\n|-unboost|p2a: Toxapex|evasion|1\n|move|p2a: Toxapex|Toxic|p1a: Miracle\n|-fail|p1a: Miracle|tox\n|\n|-heal|p2a: Toxapex|100\/100 brn|[from] item: Leftovers\n|-damage|p1a: Miracle|77\/100 tox|[from] psn\n|-damage|p2a: Toxapex|94\/100 brn|[from] brn\n|upkeep\n|turn|130\n|inactive|Philip Lombard has 30 seconds left.\n|\n|t:|1700092472\n|move|p1a: Miracle|Defog|p2a: Toxapex\n|-unboost|p2a: Toxapex|evasion|1\n|move|p2a: Toxapex|Toxic|p1a: Miracle\n|-fail|p1a: Miracle|tox\n|\n|-heal|p2a: Toxapex|100\/100 brn|[from] item: Leftovers\n|-damage|p1a: Miracle|59\/100 tox|[from] psn\n|-damage|p2a: Toxapex|94\/100 brn|[from] brn\n|upkeep\n|turn|131\n|inactive|Philip Lombard has 30 seconds left.\n|\n|t:|1700092481\n|switch|p1a: Crusader|Ogerpon-Hearthflame, F|22\/100 tox\n|-ability|p1a: Crusader|Mold Breaker\n|move|p2a: Toxapex|Toxic|p1a: Crusader\n|-fail|p1a: Crusader|tox\n|\n|-heal|p2a: Toxapex|100\/100 brn|[from] item: Leftovers\n|-damage|p1a: Crusader|16\/100 tox|[from] psn\n|-damage|p2a: Toxapex|94\/100 brn|[from] brn\n|upkeep\n|turn|132\n|inactive|Philip Lombard has 30 seconds left.\n|\n|t:|1700092495\n|switch|p1a: Miracle|Ho-Oh|92\/100 tox\n|move|p2a: Toxapex|Baneful Bunker||[still]\n|-fail|p2a: Toxapex\n|\n|-heal|p2a: Toxapex|100\/100 brn|[from] item: Leftovers\n|-damage|p1a: Miracle|86\/100 tox|[from] psn\n|-damage|p2a: Toxapex|94\/100 brn|[from] brn\n|upkeep\n|turn|133\n|inactive|Philip Lombard has 30 seconds left this turn.\n|\n|t:|1700092507\n|switch|p2a: Alomomola|Alomomola, M|100\/100\n|move|p1a: Miracle|Defog|p2a: Alomomola\n|-unboost|p2a: Alomomola|evasion|1\n|\n|-damage|p1a: Miracle|74\/100 tox|[from] psn\n|upkeep\n|turn|134\n|inactive|Philip Lombard has 30 seconds left this turn.\n|\n|t:|1700092515\n|switch|p1a: LET THERE BE LIGHT|Groudon, tera:Steel|90\/100\n|-weather|SunnyDay|[from] ability: Drought|[of] p1a: LET THERE BE LIGHT\n|move|p2a: Alomomola|Protect||[still]\n|-fail|p2a: Alomomola\n|\n|-weather|SunnyDay|[upkeep]\n|upkeep\n|turn|135\n|inactive|Philip Lombard has 30 seconds left this turn.\n|\n|t:|1700092524\n|move|p1a: LET THERE BE LIGHT|Stealth Rock|p2a: Alomomola\n|-sidestart|p2: Eddeboi201|move: Stealth Rock\n|move|p2a: Alomomola|Wish|p2a: Alomomola\n|\n|-weather|SunnyDay|[upkeep]\n|upkeep\n|turn|136\n|inactive|Philip Lombard has 30 seconds left this turn.\n|\n|t:|1700092533\n|move|p1a: LET THERE BE LIGHT|Rock Polish|p1a: LET THERE BE LIGHT\n|-boost|p1a: LET THERE BE LIGHT|spe|2\n|move|p2a: Alomomola|Flip Turn|p1a: LET THERE BE LIGHT\n|-damage|p1a: LET THERE BE LIGHT|84\/100\n|\n|t:|1700092537\n|switch|p2a: Ferrothorn|Ferrothorn, F, tera:Water|100\/100|[from] Flip Turn\n|-damage|p2a: Ferrothorn|88\/100|[from] Stealth Rock\n|\n|-weather|SunnyDay|[upkeep]\n|-heal|p2a: Ferrothorn|100\/100|[from] move: Wish|[wisher] Alomomola\n|upkeep\n|turn|137\n|inactive|Philip Lombard has 30 seconds left.\n|\n|t:|1700092550\n|switch|p1a: Crusader|Ogerpon-Hearthflame, F|16\/100 tox\n|-ability|p1a: Crusader|Mold Breaker\n|move|p2a: Ferrothorn|Leech Seed|p1a: Crusader\n|-immune|p1a: Crusader\n|\n|-weather|SunnyDay|[upkeep]\n|-damage|p1a: Crusader|10\/100 tox|[from] psn\n|upkeep\n|turn|138\n|inactive|Philip Lombard has 30 seconds left.\n|inactive|Philip Lombard has 20 seconds left.\n|\n|t:|1700092567\n|move|p2a: Ferrothorn|Protect|p2a: Ferrothorn\n|-singleturn|p2a: Ferrothorn|Protect\n|move|p1a: Crusader|Solar Blade||[still]\n|-prepare|p1a: Crusader|Solar Blade\n|-anim|p1a: Crusader|Solar Blade|p2a: Ferrothorn\n|-activate|p2a: Ferrothorn|move: Protect\n|\n|-weather|SunnyDay|[upkeep]\n|-damage|p1a: Crusader|0 fnt|[from] psn\n|faint|p1a: Crusader\n|upkeep\n|inactive|Philip Lombard has 25 seconds left this turn.\n|inactive|Philip Lombard has 20 seconds left.\n|inactive|Philip Lombard has 15 seconds left.\n|inactive|Philip Lombard has 10 seconds left.\n|\n|t:|1700092584\n|switch|p1a: Miracle|Ho-Oh|100\/100 tox\n|turn|139\n|inactive|Philip Lombard has 15 seconds left this turn.\n|\n|t:|1700092589\n|switch|p2a: Toxapex|Toxapex, M|100\/100 brn\n|-damage|p2a: Toxapex|88\/100 brn|[from] Stealth Rock\n|move|p1a: Miracle|Toxic||[still]\n|-fail|p1a: Miracle\n|\n|-weather|SunnyDay|[upkeep]\n|-heal|p2a: Toxapex|94\/100 brn|[from] item: Leftovers\n|-damage|p1a: Miracle|94\/100 tox|[from] psn\n|-damage|p2a: Toxapex|88\/100 brn|[from] brn\n|upkeep\n|turn|140\n|inactive|Philip Lombard has 20 seconds left this turn.\n|inactive|Philip Lombard has 15 seconds left.\n|\n|t:|1700092606\n|move|p2a: Toxapex|Baneful Bunker|p2a: Toxapex\n|-singleturn|p2a: Toxapex|move: Protect\n|move|p1a: Miracle|Defog|p2a: Toxapex\n|-activate|p2a: Toxapex|move: Protect\n|\n|-weather|SunnyDay|[upkeep]\n|-heal|p2a: Toxapex|94\/100 brn|[from] item: Leftovers\n|-damage|p1a: Miracle|82\/100 tox|[from] psn\n|-damage|p2a: Toxapex|88\/100 brn|[from] brn\n|upkeep\n|turn|141\n|inactive|Philip Lombard has 20 seconds left this turn.\n|inactive|Philip Lombard has 15 seconds left.\n|\n|t:|1700092616\n|move|p2a: Toxapex|Baneful Bunker|p2a: Toxapex\n|-singleturn|p2a: Toxapex|move: Protect\n|move|p1a: Miracle|Defog|p2a: Toxapex\n|-activate|p2a: Toxapex|move: Protect\n|\n|-weather|none\n|-heal|p2a: Toxapex|94\/100 brn|[from] item: Leftovers\n|-damage|p1a: Miracle|64\/100 tox|[from] psn\n|-damage|p2a: Toxapex|88\/100 brn|[from] brn\n|upkeep\n|turn|142\n|inactive|Philip Lombard has 20 seconds left this turn.\n|inactive|Philip Lombard has 15 seconds left.\n|inactive|Philip Lombard has 10 seconds left.\n|\n|t:|1700092626\n|switch|p1a: Battle Monk|Kingambit, F|73\/100\n|-activate|p1a: Battle Monk|ability: Supreme Overlord\n|-start|p1a: Battle Monk|fallen3|[silent]\n|move|p2a: Toxapex|Scald|p1a: Battle Monk\n|-damage|p1a: Battle Monk|62\/100\n|\n|-heal|p2a: Toxapex|94\/100 brn|[from] item: Leftovers\n|-damage|p2a: Toxapex|88\/100 brn|[from] brn\n|upkeep\n|turn|143\n|inactive|Philip Lombard has 15 seconds left this turn.\n|inactive|Philip Lombard has 10 seconds left.\n|\n|t:|1700092636\n|-end|p1a: Battle Monk|fallen3|[silent]\n|switch|p1a: LET THERE BE LIGHT|Groudon, tera:Steel|84\/100\n|-weather|SunnyDay|[from] ability: Drought|[of] p1a: LET THERE BE LIGHT\n|move|p2a: Toxapex|Scald|p1a: LET THERE BE LIGHT\n|-damage|p1a: LET THERE BE LIGHT|76\/100\n|-status|p1a: LET THERE BE LIGHT|brn\n|\n|-weather|SunnyDay|[upkeep]\n|-heal|p2a: Toxapex|94\/100 brn|[from] item: Leftovers\n|-damage|p1a: LET THERE BE LIGHT|69\/100 brn|[from] brn\n|-damage|p2a: Toxapex|88\/100 brn|[from] brn\n|upkeep\n|turn|144\n|inactive|Philip Lombard has 15 seconds left this turn.\n|\n|t:|1700092642\n|move|p2a: Toxapex|Baneful Bunker|p2a: Toxapex\n|-singleturn|p2a: Toxapex|move: Protect\n|move|p1a: LET THERE BE LIGHT|Precipice Blades|p2a: Toxapex\n|-activate|p2a: Toxapex|move: Protect\n|\n|-weather|SunnyDay|[upkeep]\n|-heal|p2a: Toxapex|94\/100 brn|[from] item: Leftovers\n|-damage|p1a: LET THERE BE LIGHT|63\/100 brn|[from] brn\n|-damage|p2a: Toxapex|88\/100 brn|[from] brn\n|upkeep\n|turn|145\n|inactive|Philip Lombard has 20 seconds left this turn.\n|\n|t:|1700092650\n|switch|p2a: Ferrothorn|Ferrothorn, F, tera:Water|100\/100\n|-damage|p2a: Ferrothorn|88\/100|[from] Stealth Rock\n|move|p1a: LET THERE BE LIGHT|Precipice Blades|p2a: Ferrothorn\n|-damage|p2a: Ferrothorn|65\/100\n|\n|-weather|SunnyDay|[upkeep]\n|-heal|p2a: Ferrothorn|71\/100|[from] item: Leftovers\n|-damage|p1a: LET THERE BE LIGHT|57\/100 brn|[from] brn\n|upkeep\n|turn|146\n|inactive|Philip Lombard has 25 seconds left this turn.\n|inactive|Philip Lombard has 20 seconds left.\n|\n|t:|1700092656\n|switch|p1a: Miracle|Ho-Oh|98\/100 tox\n|move|p2a: Ferrothorn|Leech Seed|p1a: Miracle\n|-start|p1a: Miracle|move: Leech Seed\n|\n|-weather|SunnyDay|[upkeep]\n|-heal|p2a: Ferrothorn|77\/100|[from] item: Leftovers\n|-damage|p1a: Miracle|85\/100 tox|[from] Leech Seed|[of] p2a: Ferrothorn\n|-heal|p2a: Ferrothorn|92\/100|[silent]\n|-damage|p1a: Miracle|79\/100 tox|[from] psn\n|upkeep\n|turn|147\n|inactive|Philip Lombard has 25 seconds left this turn.\n|\n|t:|1700092661\n|switch|p1a: Battle Monk|Kingambit, F|62\/100\n|-activate|p1a: Battle Monk|ability: Supreme Overlord\n|-start|p1a: Battle Monk|fallen3|[silent]\n|switch|p2a: Toxapex|Toxapex, M|100\/100 brn\n|-damage|p2a: Toxapex|88\/100 brn|[from] Stealth Rock\n|\n|-weather|SunnyDay|[upkeep]\n|-heal|p2a: Toxapex|94\/100 brn|[from] item: Leftovers\n|-damage|p2a: Toxapex|88\/100 brn|[from] brn\n|upkeep\n|turn|148\n|inactive|Philip Lombard has 30 seconds left this turn.\n|\n|t:|1700092671\n|switch|p2a: Ferrothorn|Ferrothorn, F, tera:Water|92\/100\n|-damage|p2a: Ferrothorn|79\/100|[from] Stealth Rock\n|move|p1a: Battle Monk|Kowtow Cleave|p2a: Ferrothorn\n|-damage|p2a: Ferrothorn|38\/100\n|-damage|p1a: Battle Monk|50\/100|[from] ability: Iron Barbs|[of] p2a: Ferrothorn\n|\n|-weather|SunnyDay|[upkeep]\n|-heal|p2a: Ferrothorn|44\/100|[from] item: Leftovers\n|upkeep\n|turn|149\n|inactive|Philip Lombard has 30 seconds left this turn.\n|\n|t:|1700092676\n|move|p2a: Ferrothorn|Protect|p2a: Ferrothorn\n|-singleturn|p2a: Ferrothorn|Protect\n|move|p1a: Battle Monk|Kowtow Cleave|p2a: Ferrothorn\n|-activate|p2a: Ferrothorn|move: Protect\n|\n|-weather|SunnyDay|[upkeep]\n|-heal|p2a: Ferrothorn|50\/100|[from] item: Leftovers\n|upkeep\n|turn|150\n|\n|t:|1700092680\n|move|p1a: Battle Monk|Kowtow Cleave|p2a: Ferrothorn\n|-damage|p2a: Ferrothorn|12\/100\n|-damage|p1a: Battle Monk|38\/100|[from] ability: Iron Barbs|[of] p2a: Ferrothorn\n|move|p2a: Ferrothorn|Leech Seed|p1a: Battle Monk\n|-start|p1a: Battle Monk|move: Leech Seed\n|\n|-weather|none\n|-heal|p2a: Ferrothorn|18\/100|[from] item: Leftovers\n|-damage|p1a: Battle Monk|25\/100|[from] Leech Seed|[of] p2a: Ferrothorn\n|-heal|p2a: Ferrothorn|32\/100|[silent]\n|upkeep\n|turn|151\n|\n|t:|1700092685\n|-end|p1a: Battle Monk|fallen3|[silent]\n|switch|p1a: LET THERE BE LIGHT|Groudon, tera:Steel|57\/100 brn\n|-weather|SunnyDay|[from] ability: Drought|[of] p1a: LET THERE BE LIGHT\n|move|p2a: Ferrothorn|Protect||[still]\n|-fail|p2a: Ferrothorn\n|\n|-weather|SunnyDay|[upkeep]\n|-heal|p2a: Ferrothorn|39\/100|[from] item: Leftovers\n|-damage|p1a: LET THERE BE LIGHT|51\/100 brn|[from] brn\n|upkeep\n|turn|152\n|\n|t:|1700092691\n|move|p2a: Ferrothorn|Protect|p2a: Ferrothorn\n|-singleturn|p2a: Ferrothorn|Protect\n|move|p1a: LET THERE BE LIGHT|Precipice Blades|p2a: Ferrothorn\n|-activate|p2a: Ferrothorn|move: Protect\n|\n|-weather|SunnyDay|[upkeep]\n|-heal|p2a: Ferrothorn|45\/100|[from] item: Leftovers\n|-damage|p1a: LET THERE BE LIGHT|45\/100 brn|[from] brn\n|upkeep\n|turn|153\n|\n|t:|1700092701\n|switch|p2a: Alomomola|Alomomola, M|100\/100\n|move|p1a: LET THERE BE LIGHT|Precipice Blades|p2a: Alomomola\n|-damage|p2a: Alomomola|79\/100\n|\n|-weather|SunnyDay|[upkeep]\n|-damage|p1a: LET THERE BE LIGHT|39\/100 brn|[from] brn\n|upkeep\n|turn|154\n|\n|t:|1700092704\n|switch|p1a: Miracle|Ho-Oh|100\/100 tox\n|move|p2a: Alomomola|Wish|p2a: Alomomola\n|\n|-weather|SunnyDay|[upkeep]\n|-damage|p1a: Miracle|94\/100 tox|[from] psn\n|upkeep\n|turn|155\n|\n|t:|1700092719\n|move|p1a: Miracle|Toxic|p2a: Alomomola\n|-status|p2a: Alomomola|tox\n|move|p2a: Alomomola|Flip Turn|p1a: Miracle\n|-supereffective|p1a: Miracle\n|-crit|p1a: Miracle\n|-damage|p1a: Miracle|74\/100 tox\n|\n|t:|1700092722\n|switch|p2a: Ferrothorn|Ferrothorn, F, tera:Water|45\/100|[from] Flip Turn\n|-damage|p2a: Ferrothorn|32\/100|[from] Stealth Rock\n|\n|-weather|SunnyDay|[upkeep]\n|-heal|p2a: Ferrothorn|100\/100|[from] move: Wish|[wisher] Alomomola\n|-damage|p1a: Miracle|62\/100 tox|[from] psn\n|upkeep\n|turn|156\n|\n|t:|1700092727\n|switch|p2a: Toxapex|Toxapex, M|100\/100 brn\n|-damage|p2a: Toxapex|88\/100 brn|[from] Stealth Rock\n|move|p1a: Miracle|Toxic||[still]\n|-fail|p1a: Miracle\n|\n|-weather|SunnyDay|[upkeep]\n|-heal|p2a: Toxapex|94\/100 brn|[from] item: Leftovers\n|-damage|p1a: Miracle|44\/100 tox|[from] psn\n|-damage|p2a: Toxapex|88\/100 brn|[from] brn\n|upkeep\n|turn|157\n|\n|t:|1700092734\n|switch|p1a: LET THERE BE LIGHT|Groudon, tera:Steel|39\/100 brn\n|move|p2a: Toxapex|Recover|p2a: Toxapex\n|-heal|p2a: Toxapex|100\/100 brn\n|\n|-weather|SunnyDay|[upkeep]\n|-damage|p1a: LET THERE BE LIGHT|32\/100 brn|[from] brn\n|-damage|p2a: Toxapex|94\/100 brn|[from] brn\n|upkeep\n|turn|158\n|\n|t:|1700092745\n|switch|p1a: Miracle|Ho-Oh|77\/100 tox\n|switch|p2a: Ferrothorn|Ferrothorn, F, tera:Water|100\/100\n|-damage|p2a: Ferrothorn|88\/100|[from] Stealth Rock\n|\n|-weather|none\n|-heal|p2a: Ferrothorn|94\/100|[from] item: Leftovers\n|-damage|p1a: Miracle|71\/100 tox|[from] psn\n|upkeep\n|turn|159\n|\n|t:|1700092749\n|switch|p2a: Toxapex|Toxapex, M|100\/100 brn\n|-damage|p2a: Toxapex|88\/100 brn|[from] Stealth Rock\n|move|p1a: Miracle|Toxic||[still]\n|-fail|p1a: Miracle\n|\n|-heal|p2a: Toxapex|94\/100 brn|[from] item: Leftovers\n|-damage|p1a: Miracle|59\/100 tox|[from] psn\n|-damage|p2a: Toxapex|88\/100 brn|[from] brn\n|upkeep\n|turn|160\n|\n|t:|1700092756\n|switch|p1a: LET THERE BE LIGHT|Groudon, tera:Steel|32\/100 brn\n|-weather|SunnyDay|[from] ability: Drought|[of] p1a: LET THERE BE LIGHT\n|move|p2a: Toxapex|Recover|p2a: Toxapex\n|-heal|p2a: Toxapex|100\/100 brn\n|\n|-weather|SunnyDay|[upkeep]\n|-damage|p1a: LET THERE BE LIGHT|26\/100 brn|[from] brn\n|-damage|p2a: Toxapex|94\/100 brn|[from] brn\n|upkeep\n|turn|161\n|\n|t:|1700092762\n|switch|p2a: Ferrothorn|Ferrothorn, F, tera:Water|94\/100\n|-damage|p2a: Ferrothorn|82\/100|[from] Stealth Rock\n|move|p1a: LET THERE BE LIGHT|Stone Edge|p2a: Ferrothorn\n|-damage|p2a: Ferrothorn|70\/100\n|\n|-weather|SunnyDay|[upkeep]\n|-heal|p2a: Ferrothorn|76\/100|[from] item: Leftovers\n|-damage|p1a: LET THERE BE LIGHT|20\/100 brn|[from] brn\n|upkeep\n|turn|162\n|\n|t:|1700092768\n|move|p1a: LET THERE BE LIGHT|Precipice Blades|p2a: Ferrothorn\n|-damage|p2a: Ferrothorn|53\/100\n|move|p2a: Ferrothorn|Leech Seed|p1a: LET THERE BE LIGHT\n|-start|p1a: LET THERE BE LIGHT|move: Leech Seed\n|\n|-weather|SunnyDay|[upkeep]\n|-heal|p2a: Ferrothorn|59\/100|[from] item: Leftovers\n|-damage|p1a: LET THERE BE LIGHT|8\/100 brn|[from] Leech Seed|[of] p2a: Ferrothorn\n|-heal|p2a: Ferrothorn|71\/100|[silent]\n|-damage|p1a: LET THERE BE LIGHT|2\/100 brn|[from] brn\n|upkeep\n|turn|163\n|\n|t:|1700092773\n|move|p2a: Ferrothorn|Protect|p2a: Ferrothorn\n|-singleturn|p2a: Ferrothorn|Protect\n|move|p1a: LET THERE BE LIGHT|Rock Polish|p1a: LET THERE BE LIGHT\n|-boost|p1a: LET THERE BE LIGHT|spe|2\n|\n|-weather|SunnyDay|[upkeep]\n|-heal|p2a: Ferrothorn|77\/100|[from] item: Leftovers\n|-damage|p1a: LET THERE BE LIGHT|0 fnt|[from] Leech Seed|[of] p2a: Ferrothorn\n|-heal|p2a: Ferrothorn|78\/100|[silent]\n|faint|p1a: LET THERE BE LIGHT\n|upkeep\n|\n|t:|1700092778\n|switch|p1a: Miracle|Ho-Oh|92\/100 tox\n|turn|164\n|\n|t:|1700092782\n|switch|p2a: Toxapex|Toxapex, M|100\/100 brn\n|-damage|p2a: Toxapex|88\/100 brn|[from] Stealth Rock\n|move|p1a: Miracle|Toxic||[still]\n|-fail|p1a: Miracle\n|\n|-weather|SunnyDay|[upkeep]\n|-heal|p2a: Toxapex|94\/100 brn|[from] item: Leftovers\n|-damage|p1a: Miracle|86\/100 tox|[from] psn\n|-damage|p2a: Toxapex|88\/100 brn|[from] brn\n|upkeep\n|turn|165\n|\n|t:|1700092787\n|move|p1a: Miracle|Defog|p2a: Toxapex\n|-unboost|p2a: Toxapex|evasion|1\n|-sideend|p2: Eddeboi201|Stealth Rock|[from] move: Defog|[of] p1a: Miracle\n|move|p2a: Toxapex|Recover|p2a: Toxapex\n|-heal|p2a: Toxapex|100\/100 brn\n|\n|-weather|SunnyDay|[upkeep]\n|-damage|p1a: Miracle|74\/100 tox|[from] psn\n|-damage|p2a: Toxapex|94\/100 brn|[from] brn\n|upkeep\n|turn|166\n|\n|t:|1700092790\n|move|p1a: Miracle|Defog|p2a: Toxapex\n|-unboost|p2a: Toxapex|evasion|1\n|move|p2a: Toxapex|Recover|p2a: Toxapex\n|-heal|p2a: Toxapex|100\/100 brn\n|\n|-weather|SunnyDay|[upkeep]\n|-damage|p1a: Miracle|56\/100 tox|[from] psn\n|-damage|p2a: Toxapex|94\/100 brn|[from] brn\n|upkeep\n|turn|167\n|\n|t:|1700092794\n|switch|p1a: Battle Monk|Kingambit, F|25\/100\n|-activate|p1a: Battle Monk|ability: Supreme Overlord\n|-start|p1a: Battle Monk|fallen4|[silent]\n|switch|p2a: Alomomola|Alomomola, M|100\/100 tox\n|\n|-weather|none\n|-damage|p2a: Alomomola|94\/100 tox|[from] psn\n|upkeep\n|turn|168\n|\n|t:|1700092800\n|move|p1a: Battle Monk|Kowtow Cleave|p2a: Alomomola\n|-damage|p2a: Alomomola|56\/100 tox\n|move|p2a: Alomomola|Wish|p2a: Alomomola\n|\n|-damage|p2a: Alomomola|44\/100 tox|[from] psn\n|upkeep\n|turn|169\n|\n|t:|1700092811\n|-end|p1a: Battle Monk|fallen4|[silent]\n|switch|p1a: Miracle|Ho-Oh|89\/100 tox\n|switch|p2a: Ferrothorn|Ferrothorn, F, tera:Water|78\/100\n|\n|-heal|p2a: Ferrothorn|100\/100|[from] move: Wish|[wisher] Alomomola\n|-damage|p1a: Miracle|83\/100 tox|[from] psn\n|upkeep\n|turn|170\n|\n|t:|1700092815\n|switch|p2a: Toxapex|Toxapex, M|100\/100 brn\n|move|p1a: Miracle|Toxic||[still]\n|-fail|p1a: Miracle\n|\n|-damage|p1a: Miracle|71\/100 tox|[from] psn\n|-damage|p2a: Toxapex|94\/100 brn|[from] brn\n|upkeep\n|turn|171\n|\n|t:|1700092819\n|switch|p2a: Alomomola|Alomomola, M|77\/100 tox\n|move|p1a: Miracle|Defog|p2a: Alomomola\n|-unboost|p2a: Alomomola|evasion|1\n|\n|-damage|p1a: Miracle|53\/100 tox|[from] psn\n|-damage|p2a: Alomomola|71\/100 tox|[from] psn\n|upkeep\n|turn|172\n|\n|t:|1700092823\n|switch|p1a: Battle Monk|Kingambit, F|25\/100\n|-activate|p1a: Battle Monk|ability: Supreme Overlord\n|-start|p1a: Battle Monk|fallen4|[silent]\n|switch|p2a: Toxapex|Toxapex, M|100\/100 brn\n|\n|-damage|p2a: Toxapex|94\/100 brn|[from] brn\n|upkeep\n|turn|173\n|\n|t:|1700092828\n|switch|p2a: Ferrothorn|Ferrothorn, F, tera:Water|100\/100\n|move|p1a: Battle Monk|Kowtow Cleave|p2a: Ferrothorn\n|-crit|p2a: Ferrothorn\n|-damage|p2a: Ferrothorn|43\/100\n|-damage|p1a: Battle Monk|13\/100|[from] ability: Iron Barbs|[of] p2a: Ferrothorn\n|\n|-heal|p2a: Ferrothorn|49\/100|[from] item: Leftovers\n|upkeep\n|turn|174\n|\n|t:|1700092833\n|move|p2a: Ferrothorn|Protect|p2a: Ferrothorn\n|-singleturn|p2a: Ferrothorn|Protect\n|move|p1a: Battle Monk|Kowtow Cleave|p2a: Ferrothorn\n|-activate|p2a: Ferrothorn|move: Protect\n|\n|-heal|p2a: Ferrothorn|56\/100|[from] item: Leftovers\n|upkeep\n|turn|175\n|\n|t:|1700092838\n|move|p1a: Battle Monk|Kowtow Cleave|p2a: Ferrothorn\n|-damage|p2a: Ferrothorn|13\/100\n|-damage|p1a: Battle Monk|0 fnt|[from] ability: Iron Barbs|[of] p2a: Ferrothorn\n|faint|p1a: Battle Monk\n|-end|p1a: Battle Monk|fallen4|[silent]\n|move|p2a: Ferrothorn|Leech Seed|p1: Battle Monk|[notarget]\n|-fail|p2a: Ferrothorn\n|\n|-heal|p2a: Ferrothorn|19\/100|[from] item: Leftovers\n|upkeep\n|\n|t:|1700092840\n|switch|p1a: Miracle|Ho-Oh|86\/100 tox\n|turn|176\n|\n|t:|1700092844\n|switch|p2a: Toxapex|Toxapex, M|100\/100 brn\n|move|p1a: Miracle|Toxic||[still]\n|-fail|p1a: Miracle\n|\n|-damage|p1a: Miracle|80\/100 tox|[from] psn\n|-damage|p2a: Toxapex|94\/100 brn|[from] brn\n|upkeep\n|turn|177\n|\n|t:|1700092847\n|switch|p2a: Alomomola|Alomomola, M|100\/100 tox\n|move|p1a: Miracle|Defog|p2a: Alomomola\n|-unboost|p2a: Alomomola|evasion|1\n|\n|-damage|p1a: Miracle|68\/100 tox|[from] psn\n|-damage|p2a: Alomomola|94\/100 tox|[from] psn\n|upkeep\n|turn|178\n|\n|t:|1700092850\n|switch|p2a: Toxapex|Toxapex, M|100\/100 brn\n|move|p1a: Miracle|Defog|p2a: Toxapex\n|-unboost|p2a: Toxapex|evasion|1\n|\n|-damage|p1a: Miracle|50\/100 tox|[from] psn\n|-damage|p2a: Toxapex|94\/100 brn|[from] brn\n|upkeep\n|turn|179\n|\n|t:|1700092853\n|switch|p2a: Alomomola|Alomomola, M|100\/100 tox\n|move|p1a: Miracle|Defog|p2a: Alomomola\n|-unboost|p2a: Alomomola|evasion|1\n|\n|-damage|p1a: Miracle|26\/100 tox|[from] psn\n|-damage|p2a: Alomomola|94\/100 tox|[from] psn\n|upkeep\n|turn|180\n|\n|t:|1700092856\n|switch|p2a: Toxapex|Toxapex, M|100\/100 brn\n|move|p1a: Miracle|Defog|p2a: Toxapex\n|-unboost|p2a: Toxapex|evasion|1\n|\n|-damage|p1a: Miracle|0 fnt|[from] psn\n|faint|p1a: Miracle\n|\n|win|Eddeboi201\n|upkeep\n|raw|Philip Lombard's rating: 1286 &rarr; <strong>1264<\/strong><br \/>(-22 for losing)\n|raw|Eddeboi201's rating: 1330 &rarr; <strong>1347<\/strong><br \/>(+17 for winning)\n|c|\u2606Eddeboi201|gg\n|c|\u2606Philip Lombard|holy crap\n|c|\u2606Philip Lombard|gg\n|l|\u2606Eddeboi201\n","uploadtime":1700092874,"views":23,"p1id":"philiplombard","p2id":"eddeboi201","formatid":"gen9nationaldexubers","rating":1264,"private":0,"password":""}