{"id":"gen9nationaldexubers-1999274333","p1":"Danfire1045","p2":"LuckyPlays10136","format":"[Gen 9] National Dex Ubers","log":"|j|\u2606Danfire1045\n|j|\u203dLuckyPlays10136\n|t:|1701053699\n|gametype|singles\n|player|p1|Danfire1045|marlon|\n|player|p2|LuckyPlays10136|hilbert|\n|teamsize|p1|6\n|teamsize|p2|6\n|gen|9\n|tier|[Gen 9] National Dex Ubers\n|rule|HP Percentage Mod: HP is shown in percentages\n|rule|Endless Battle Clause: Forcing endless battles is banned\n|rule|OHKO Clause: OHKO moves are banned\n|rule|Evasion Moves Clause: Evasion moves are banned\n|rule|Evasion Items Clause: Evasion items are banned\n|rule|Species Clause: Limit one of each Pok\u00e9mon\n|rule|Sleep Clause Mod: Limit one foe put to sleep\n|rule|Mega Rayquaza Clause: You cannot mega evolve Rayquaza\n|clearpoke\n|poke|p1|Samurott-Hisui, M|\n|poke|p1|Gliscor, F|\n|poke|p1|Salazzle, F|\n|poke|p1|Ogerpon-Hearthflame, F|\n|poke|p1|Torterra, F|\n|poke|p1|Walking Wake|\n|poke|p2|Typhlosion-Hisui, M|\n|poke|p2|Ninetales, M|\n|poke|p2|Chi-Yu|\n|poke|p2|Klefki, F|\n|poke|p2|Clodsire, F|\n|poke|p2|Rotom-Wash|\n|teampreview\n|inactive|Battle timer is ON: inactive players will automatically lose when time's up. (requested by LuckyPlays10136)\n|inactive|Danfire1045 also wants the timer to be on.\n|\n|t:|1701053712\n|start\n|switch|p1a: Arlong|Samurott-Hisui, M, shiny|100\/100\n|switch|p2a: Klefki|Klefki, F|100\/100\n|turn|1\n|\n|t:|1701053729\n|move|p2a: Klefki|Reflect|p2a: Klefki\n|-sidestart|p2: LuckyPlays10136|Reflect\n|move|p1a: Arlong|Brick Break|p2a: Klefki\n|-sideend|p2: LuckyPlays10136|Reflect\n|-damage|p2a: Klefki|82\/100\n|\n|upkeep\n|turn|2\n|\n|t:|1701053745\n|move|p1a: Arlong|Ceaseless Edge|p2a: Klefki\n|-resisted|p2a: Klefki\n|-damage|p2a: Klefki|64\/100\n|-sidestart|p2: LuckyPlays10136|Spikes\n|move|p2a: Klefki|Dazzling Gleam|p1a: Arlong\n|-supereffective|p1a: Arlong\n|-damage|p1a: Arlong|56\/100\n|\n|upkeep\n|turn|3\n|\n|t:|1701053757\n|move|p1a: Arlong|Ceaseless Edge|p2a: Klefki\n|-resisted|p2a: Klefki\n|-damage|p2a: Klefki|45\/100\n|-sidestart|p2: LuckyPlays10136|Spikes\n|move|p2a: Klefki|Dazzling Gleam|p1a: Arlong\n|-supereffective|p1a: Arlong\n|-damage|p1a: Arlong|9\/100\n|\n|upkeep\n|turn|4\n|\n|t:|1701053765\n|move|p1a: Arlong|Aqua Cutter|p2a: Klefki\n|-damage|p2a: Klefki|6\/100\n|move|p2a: Klefki|Dazzling Gleam|p1a: Arlong\n|-supereffective|p1a: Arlong\n|-damage|p1a: Arlong|0 fnt\n|faint|p1a: Arlong\n|\n|upkeep\n|\n|t:|1701053776\n|switch|p1a: Dream|Ogerpon-Hearthflame, F|100\/100\n|-ability|p1a: Dream|Mold Breaker\n|turn|5\n|\n|t:|1701053781\n|move|p2a: Klefki|Light Screen|p2a: Klefki\n|-sidestart|p2: LuckyPlays10136|move: Light Screen\n|move|p1a: Dream|Brick Break|p2a: Klefki\n|-sideend|p2: LuckyPlays10136|move: Light Screen\n|-damage|p2a: Klefki|0 fnt\n|faint|p2a: Klefki\n|\n|upkeep\n|inactive|LuckyPlays10136 has 270 seconds left.\n|inactive|LuckyPlays10136 no longer wants the timer on, but the timer is staying on because danfire1045 still does.\n|inactive|LuckyPlays10136 has 240 seconds left.\n|\n|t:|1701053852\n|switch|p2a: Chi-Yu|Chi-Yu|100\/100\n|-damage|p2a: Chi-Yu|84\/100|[from] Spikes\n|-ability|p2a: Chi-Yu|Beads of Ruin\n|turn|6\n|\n|t:|1701053860\n|move|p2a: Chi-Yu|Overheat|p1a: Dream\n|-damage|p1a: Dream|0 fnt\n|-unboost|p2a: Chi-Yu|spa|2\n|faint|p1a: Dream\n|\n|upkeep\n|\n|t:|1701053881\n|switch|p1a: Sub2MandJTV|Gliscor, F, shiny|100\/100\n|turn|7\n|\n|t:|1701053887\n|switch|p2a: Clodsire|Clodsire, F|100\/100\n|-damage|p2a: Clodsire|84\/100|[from] Spikes\n|move|p1a: Sub2MandJTV|Toxic|p2a: Clodsire\n|-immune|p2a: Clodsire\n|\n|-heal|p2a: Clodsire|90\/100|[from] item: Black Sludge\n|-status|p1a: Sub2MandJTV|tox|[from] item: Toxic Orb\n|upkeep\n|turn|8\n|\n|t:|1701053905\n|switch|p1a: Salazzle|Salazzle, F|100\/100\n|switch|p2a: Rotom|Rotom-Wash|100\/100\n|\n|upkeep\n|turn|9\n|\n|t:|1701053920\n|move|p1a: Salazzle|Sludge Bomb|p2a: Rotom\n|-damage|p2a: Rotom|47\/100\n|move|p2a: Rotom|Defog|p1a: Salazzle\n|-unboost|p1a: Salazzle|evasion|1\n|-sideend|p2: LuckyPlays10136|Spikes|[from] move: Defog|[of] p2a: Rotom\n|\n|-heal|p2a: Rotom|53\/100|[from] item: Leftovers\n|upkeep\n|turn|10\n|\n|t:|1701053944\n|move|p2a: Rotom|Protect|p2a: Rotom\n|-singleturn|p2a: Rotom|Protect\n|move|p1a: Salazzle|Sludge Bomb|p2a: Rotom\n|-activate|p2a: Rotom|move: Protect\n|\n|-heal|p2a: Rotom|59\/100|[from] item: Leftovers\n|upkeep\n|turn|11\n|\n|t:|1701053960\n|switch|p1a: DINO DNA|Walking Wake|100\/100\n|-enditem|p1a: DINO DNA|Booster Energy\n|-activate|p1a: DINO DNA|ability: Protosynthesis|[fromitem]\n|-start|p1a: DINO DNA|protosynthesisspa\n|switch|p2a: Clodsire|Clodsire, F|90\/100\n|\n|-heal|p2a: Clodsire|96\/100|[from] item: Black Sludge\n|upkeep\n|turn|12\n|\n|t:|1701053967\n|move|p1a: DINO DNA|Hydro Steam|p2a: Clodsire\n|-supereffective|p2a: Clodsire\n|-damage|p2a: Clodsire|38\/100\n|move|p2a: Clodsire|Toxic|p1a: DINO DNA\n|-status|p1a: DINO DNA|tox\n|\n|-heal|p2a: Clodsire|44\/100|[from] item: Black Sludge\n|-damage|p1a: DINO DNA|94\/100 tox|[from] psn\n|upkeep\n|turn|13\n|inactive|LuckyPlays10136 has 270 seconds left.\n|\n|t:|1701053973\n|move|p2a: Clodsire|Protect|p2a: Clodsire\n|-singleturn|p2a: Clodsire|Protect\n|move|p1a: DINO DNA|Hydro Steam|p2a: Clodsire\n|-activate|p2a: Clodsire|move: Protect\n|\n|-heal|p2a: Clodsire|50\/100|[from] item: Black Sludge\n|-damage|p1a: DINO DNA|82\/100 tox|[from] psn\n|upkeep\n|turn|14\n|inactive|LuckyPlays10136 has 270 seconds left.\n|\n|t:|1701053987\n|move|p1a: DINO DNA|Hydro Steam|p2a: Clodsire\n|-supereffective|p2a: Clodsire\n|-crit|p2a: Clodsire\n|-damage|p2a: Clodsire|0 fnt\n|faint|p2a: Clodsire\n|\n|-damage|p1a: DINO DNA|63\/100 tox|[from] psn\n|upkeep\n|inactive|LuckyPlays10136 has 270 seconds left.\n|\n|t:|1701053993\n|switch|p2a: Rotom|Rotom-Wash|59\/100\n|turn|15\n|\n|t:|1701053996\n|move|p2a: Rotom|Protect|p2a: Rotom\n|-singleturn|p2a: Rotom|Protect\n|move|p1a: DINO DNA|Draco Meteor|p2a: Rotom\n|-activate|p2a: Rotom|move: Protect\n|\n|-heal|p2a: Rotom|65\/100|[from] item: Leftovers\n|-damage|p1a: DINO DNA|39\/100 tox|[from] psn\n|upkeep\n|turn|16\n|\n|t:|1701054004\n|move|p1a: DINO DNA|Draco Meteor|p2a: Rotom\n|-damage|p2a: Rotom|0 fnt\n|-unboost|p1a: DINO DNA|spa|2\n|faint|p2a: Rotom\n|\n|-damage|p1a: DINO DNA|8\/100 tox|[from] psn\n|upkeep\n|\n|t:|1701054009\n|switch|p2a: Ninetales|Ninetales, M|100\/100\n|-weather|SunnyDay|[from] ability: Drought|[of] p2a: Ninetales\n|turn|17\n|\n|t:|1701054015\n|move|p2a: Ninetales|Protect|p2a: Ninetales\n|-singleturn|p2a: Ninetales|Protect\n|move|p1a: DINO DNA|Hydro Steam|p2a: Ninetales\n|-activate|p2a: Ninetales|move: Protect\n|\n|-weather|SunnyDay|[upkeep]\n|-damage|p1a: DINO DNA|0 fnt|[from] psn\n|faint|p1a: DINO DNA\n|-end|p1a: DINO DNA|Protosynthesis|[silent]\n|upkeep\n|\n|t:|1701054021\n|switch|p1a: Salazzle|Salazzle, F|100\/100\n|turn|18\n|\n|t:|1701054032\n|move|p2a: Ninetales|Protect||[still]\n|-fail|p2a: Ninetales\n|move|p1a: Salazzle|Toxic|p2a: Ninetales\n|-status|p2a: Ninetales|tox\n|\n|-weather|SunnyDay|[upkeep]\n|-damage|p2a: Ninetales|94\/100 tox|[from] psn\n|upkeep\n|turn|19\n|\n|t:|1701054041\n|switch|p1a: Sub2MandJTV|Gliscor, F, shiny|100\/100 tox\n|move|p2a: Ninetales|Encore||[still]\n|-fail|p2a: Ninetales\n|\n|-weather|SunnyDay|[upkeep]\n|-damage|p2a: Ninetales|82\/100 tox|[from] psn\n|upkeep\n|turn|20\n|\n|t:|1701054055\n|switch|p2a: Chi-Yu|Chi-Yu|84\/100\n|-ability|p2a: Chi-Yu|Beads of Ruin\n|move|p1a: Sub2MandJTV|Brick Break|p2a: Chi-Yu\n|-supereffective|p2a: Chi-Yu\n|-damage|p2a: Chi-Yu|35\/100\n|\n|-weather|SunnyDay|[upkeep]\n|upkeep\n|turn|21\n|\n|t:|1701054068\n|move|p1a: Sub2MandJTV|Protect|p1a: Sub2MandJTV\n|-singleturn|p1a: Sub2MandJTV|Protect\n|move|p2a: Chi-Yu|Overheat|p1a: Sub2MandJTV\n|-activate|p1a: Sub2MandJTV|move: Protect\n|\n|-weather|SunnyDay|[upkeep]\n|upkeep\n|turn|22\n|\n|t:|1701054083\n|move|p2a: Chi-Yu|Overheat|p1a: Sub2MandJTV\n|-damage|p1a: Sub2MandJTV|0 fnt\n|-unboost|p2a: Chi-Yu|spa|2\n|faint|p1a: Sub2MandJTV\n|\n|-weather|SunnyDay|[upkeep]\n|upkeep\n|\n|t:|1701054108\n|switch|p1a: Master Oogway|Torterra, F|100\/100\n|turn|23\n|inactive|Danfire1045 has 270 seconds left.\n|\n|t:|1701054126\n|switch|p2a: Typhlosion|Typhlosion-Hisui, M|100\/100\n|-terastallize|p1a: Master Oogway|Fighting\n|move|p1a: Master Oogway|Shell Smash|p1a: Master Oogway\n|-unboost|p1a: Master Oogway|def|1\n|-unboost|p1a: Master Oogway|spd|1\n|-boost|p1a: Master Oogway|atk|2\n|-boost|p1a: Master Oogway|spa|2\n|-boost|p1a: Master Oogway|spe|2\n|-enditem|p2a: Typhlosion|Mirror Herb\n|-boost|p2a: Typhlosion|atk|2|[from] item: Mirror Herb\n|-boost|p2a: Typhlosion|spa|2|[from] item: Mirror Herb\n|-boost|p2a: Typhlosion|spe|2|[from] item: Mirror Herb\n|\n|-weather|SunnyDay|[upkeep]\n|upkeep\n|turn|24\n|\n|t:|1701054140\n|move|p2a: Typhlosion|Eruption|p1a: Master Oogway\n|-damage|p1a: Master Oogway|0 fnt\n|faint|p1a: Master Oogway\n|\n|-weather|none\n|upkeep\n|\n|t:|1701054144\n|switch|p1a: Salazzle|Salazzle, F|100\/100\n|turn|25\n|\n|t:|1701054150\n|move|p2a: Typhlosion|Eruption|p1a: Salazzle\n|-resisted|p1a: Salazzle\n|-damage|p1a: Salazzle|0 fnt\n|faint|p1a: Salazzle\n|\n|win|LuckyPlays10136\n|l|\u2606Danfire1045\n","uploadtime":1701054163,"views":23,"p1id":"danfire1045","p2id":"luckyplays10136","formatid":"gen9nationaldexubers","rating":0,"private":0,"password":""}