{"id":"gen9nationaldexubers-1983040268","p1":"YouGetBlocked","p2":"doubletrouble83","format":"[Gen 9] National Dex Ubers","log":"|j|\u2606YouGetBlocked\n|j|\u2606doubletrouble83\n|t:|1699073950\n|gametype|singles\n|player|p1|YouGetBlocked|102|1291\n|player|p2|doubletrouble83|n|1416\n|teamsize|p1|6\n|teamsize|p2|6\n|gen|9\n|tier|[Gen 9] National Dex Ubers\n|rated|\n|rule|HP Percentage Mod: HP is shown in percentages\n|rule|Endless Battle Clause: Forcing endless battles is banned\n|rule|OHKO Clause: OHKO moves are banned\n|rule|Evasion Moves Clause: Evasion moves are banned\n|rule|Evasion Items Clause: Evasion items are banned\n|rule|Species Clause: Limit one of each Pok\u00e9mon\n|rule|Sleep Clause Mod: Limit one foe put to sleep\n|rule|Mega Rayquaza Clause: You cannot mega evolve Rayquaza\n|clearpoke\n|poke|p1|Necrozma-Dusk-Mane|\n|poke|p1|Xerneas-*|\n|poke|p1|Arceus-Dark|\n|poke|p1|Groudon|\n|poke|p1|Yveltal|\n|poke|p1|Flutter Mane|\n|poke|p2|Basculegion, M|\n|poke|p2|Zygarde|\n|poke|p2|Marshadow|\n|poke|p2|Deoxys-Speed|\n|poke|p2|Zacian-*|\n|poke|p2|Pelipper, M|\n|teampreview\n|inactive|Battle timer is ON: inactive players will automatically lose when time's up. (requested by doubletrouble83)\n|\n|t:|1699073963\n|start\n|switch|p1a: Arceus|Arceus-Dark|100\/100\n|switch|p2a: Deoxys|Deoxys-Speed|100\/100\n|-ability|p2a: Deoxys|Pressure\n|turn|1\n|\n|t:|1699073973\n|move|p2a: Deoxys|Taunt|p1a: Arceus\n|-start|p1a: Arceus|move: Taunt\n|move|p1a: Arceus|Judgment|p2a: Deoxys\n|-supereffective|p2a: Deoxys\n|-enditem|p2a: Deoxys|Focus Sash\n|-damage|p2a: Deoxys|1\/100\n|\n|upkeep\n|turn|2\n|\n|t:|1699073980\n|move|p2a: Deoxys|Stealth Rock|p1a: Arceus\n|-sidestart|p1: YouGetBlocked|move: Stealth Rock\n|move|p1a: Arceus|Judgment|p2a: Deoxys\n|-supereffective|p2a: Deoxys\n|-damage|p2a: Deoxys|0 fnt\n|faint|p2a: Deoxys\n|\n|upkeep\n|\n|t:|1699073986\n|switch|p2a: Marshadow|Marshadow|100\/100\n|turn|3\n|\n|t:|1699073989\n|move|p2a: Marshadow|Close Combat|p1a: Arceus\n|-supereffective|p1a: Arceus\n|-damage|p1a: Arceus|18\/100\n|-unboost|p2a: Marshadow|def|1\n|-unboost|p2a: Marshadow|spd|1\n|move|p1a: Arceus|Judgment|p2a: Marshadow\n|-enditem|p2a: Marshadow|Focus Sash\n|-damage|p2a: Marshadow|1\/100\n|\n|-end|p1a: Arceus|move: Taunt\n|upkeep\n|turn|4\n|\n|t:|1699073999\n|move|p2a: Marshadow|Close Combat|p1a: Arceus\n|-supereffective|p1a: Arceus\n|-damage|p1a: Arceus|0 fnt\n|-unboost|p2a: Marshadow|def|1\n|-unboost|p2a: Marshadow|spd|1\n|faint|p1a: Arceus\n|\n|upkeep\n|\n|t:|1699074015\n|switch|p1a: Flutter Mane|Flutter Mane|100\/100\n|-damage|p1a: Flutter Mane|88\/100|[from] Stealth Rock\n|-enditem|p1a: Flutter Mane|Booster Energy\n|-activate|p1a: Flutter Mane|ability: Protosynthesis|[fromitem]\n|-start|p1a: Flutter Mane|protosynthesisspe\n|turn|5\n|\n|t:|1699074021\n|move|p2a: Marshadow|Shadow Sneak|p1a: Flutter Mane\n|-supereffective|p1a: Flutter Mane\n|-damage|p1a: Flutter Mane|0 fnt\n|faint|p1a: Flutter Mane\n|-end|p1a: Flutter Mane|Protosynthesis|[silent]\n|\n|upkeep\n|\n|t:|1699074025\n|switch|p1a: Xerneas|Xerneas|100\/100\n|-damage|p1a: Xerneas|88\/100|[from] Stealth Rock\n|-ability|p1a: Xerneas|Fairy Aura\n|turn|6\n|\n|t:|1699074030\n|move|p2a: Marshadow|Poltergeist|p1a: Xerneas\n|-activate|p1a: Xerneas|move: Poltergeist|Power Herb\n|-damage|p1a: Xerneas|43\/100\n|move|p1a: Xerneas|Geomancy||[still]\n|-prepare|p1a: Xerneas|Geomancy\n|-enditem|p1a: Xerneas|Power Herb\n|-anim|p1a: Xerneas|Geomancy|p1a: Xerneas\n|-boost|p1a: Xerneas|spa|2\n|-boost|p1a: Xerneas|spd|2\n|-boost|p1a: Xerneas|spe|2\n|\n|upkeep\n|turn|7\n|\n|t:|1699074039\n|move|p2a: Marshadow|Shadow Sneak|p1a: Xerneas\n|-damage|p1a: Xerneas|17\/100\n|move|p1a: Xerneas|Moonblast|p2a: Marshadow\n|-supereffective|p2a: Marshadow\n|-damage|p2a: Marshadow|0 fnt\n|faint|p2a: Marshadow\n|\n|upkeep\n|\n|t:|1699074047\n|switch|p2a: Zacian|Zacian-Crowned|100\/100\n|-ability|p2a: Zacian|Intrepid Sword|boost\n|-boost|p2a: Zacian|atk|1\n|turn|8\n|\n|t:|1699074051\n|-terastallize|p1a: Xerneas|Electric\n|move|p1a: Xerneas|Thunder|p2a: Zacian|[miss]\n|-miss|p1a: Xerneas|p2a: Zacian\n|move|p2a: Zacian|Behemoth Blade|p1a: Xerneas\n|-resisted|p1a: Xerneas\n|-damage|p1a: Xerneas|0 fnt\n|faint|p1a: Xerneas\n|\n|upkeep\n|\n|t:|1699074059\n|switch|p1a: Necrozma|Necrozma-Dusk-Mane|100\/100\n|-damage|p1a: Necrozma|94\/100|[from] Stealth Rock\n|turn|9\n|\n|t:|1699074072\n|move|p2a: Zacian|Behemoth Blade|p1a: Necrozma\n|-resisted|p1a: Necrozma\n|-damage|p1a: Necrozma|70\/100\n|move|p1a: Necrozma|Earthquake|p2a: Zacian\n|-supereffective|p2a: Zacian\n|-damage|p2a: Zacian|39\/100\n|\n|-heal|p1a: Necrozma|76\/100|[from] item: Leftovers\n|upkeep\n|turn|10\n|\n|t:|1699074087\n|move|p2a: Zacian|Behemoth Blade|p1a: Necrozma\n|-resisted|p1a: Necrozma\n|-damage|p1a: Necrozma|56\/100\n|move|p1a: Necrozma|Moonlight|p1a: Necrozma\n|-heal|p1a: Necrozma|100\/100\n|\n|upkeep\n|turn|11\n|\n|t:|1699074094\n|move|p2a: Zacian|Behemoth Blade|p1a: Necrozma\n|-resisted|p1a: Necrozma\n|-damage|p1a: Necrozma|77\/100\n|move|p1a: Necrozma|Earthquake|p2a: Zacian\n|-supereffective|p2a: Zacian\n|-damage|p2a: Zacian|0 fnt\n|faint|p2a: Zacian\n|\n|-heal|p1a: Necrozma|83\/100|[from] item: Leftovers\n|upkeep\n|\n|t:|1699074103\n|switch|p2a: Zygarde|Zygarde|100\/100\n|turn|12\n|\n|t:|1699074112\n|move|p2a: Zygarde|Substitute|p2a: Zygarde\n|-start|p2a: Zygarde|Substitute\n|-damage|p2a: Zygarde|76\/100\n|move|p1a: Necrozma|Earthquake|p2a: Zygarde\n|-activate|p2a: Zygarde|move: Substitute|[damage]\n|\n|-heal|p2a: Zygarde|82\/100|[from] item: Leftovers\n|-heal|p1a: Necrozma|89\/100|[from] item: Leftovers\n|upkeep\n|turn|13\n|\n|t:|1699074119\n|move|p2a: Zygarde|Dragon Dance|p2a: Zygarde\n|-boost|p2a: Zygarde|atk|1\n|-boost|p2a: Zygarde|spe|1\n|move|p1a: Necrozma|Earthquake|p2a: Zygarde\n|-end|p2a: Zygarde|Substitute\n|\n|-heal|p2a: Zygarde|88\/100|[from] item: Leftovers\n|-heal|p1a: Necrozma|95\/100|[from] item: Leftovers\n|upkeep\n|turn|14\n|\n|t:|1699074135\n|switch|p1a: Yveltal|Yveltal|100\/100\n|-damage|p1a: Yveltal|76\/100|[from] Stealth Rock\n|-ability|p1a: Yveltal|Dark Aura\n|move|p2a: Zygarde|Thousand Arrows|p1a: Yveltal\n|-damage|p1a: Yveltal|28\/100\n|-start|p1a: Yveltal|Smack Down\n|\n|-heal|p2a: Zygarde|94\/100|[from] item: Leftovers\n|upkeep\n|turn|15\n|\n|t:|1699074146\n|move|p2a: Zygarde|Thousand Arrows|p1a: Yveltal\n|-damage|p1a: Yveltal|0 fnt\n|faint|p1a: Yveltal\n|\n|-heal|p2a: Zygarde|99\/100|[from] item: Leftovers\n|upkeep\n|\n|t:|1699074150\n|switch|p1a: Groudon|Groudon|100\/100\n|-damage|p1a: Groudon|94\/100|[from] Stealth Rock\n|detailschange|p1a: Groudon|Groudon-Primal\n|-primal|p1a: Groudon|Red Orb\n|-weather|DesolateLand|[from] ability: Desolate Land|[of] p1a: Groudon\n|turn|16\n|\n|t:|1699074164\n|move|p2a: Zygarde|Thousand Arrows|p1a: Groudon\n|-supereffective|p1a: Groudon\n|-damage|p1a: Groudon|30\/100\n|move|p1a: Groudon|Earthquake|p2a: Zygarde\n|-damage|p2a: Zygarde|52\/100\n|\n|-weather|DesolateLand|[upkeep]\n|-heal|p2a: Zygarde|58\/100|[from] item: Leftovers\n|upkeep\n|turn|17\n|\n|t:|1699074174\n|move|p2a: Zygarde|Thousand Arrows|p1a: Groudon\n|-supereffective|p1a: Groudon\n|-damage|p1a: Groudon|0 fnt\n|faint|p1a: Groudon\n|-weather|none\n|\n|-heal|p2a: Zygarde|64\/100|[from] item: Leftovers\n|upkeep\n|\n|t:|1699074177\n|switch|p1a: Necrozma|Necrozma-Dusk-Mane|95\/100\n|-damage|p1a: Necrozma|89\/100|[from] Stealth Rock\n|turn|18\n|\n|t:|1699074183\n|move|p2a: Zygarde|Thousand Arrows|p1a: Necrozma\n|-supereffective|p1a: Necrozma\n|-damage|p1a: Necrozma|44\/100\n|move|p1a: Necrozma|Earthquake|p2a: Zygarde\n|-damage|p2a: Zygarde|40\/100\n|\n|-heal|p2a: Zygarde|46\/100|[from] item: Leftovers\n|-heal|p1a: Necrozma|50\/100|[from] item: Leftovers\n|-activate|p2a: Zygarde|ability: Power Construct\n|detailschange|p2a: Zygarde|Zygarde-Complete\n|-heal|p2a: Zygarde|67\/100|[silent]\n|upkeep\n|turn|19\n|-message|YouGetBlocked forfeited.\n|\n|win|doubletrouble83\n|raw|YouGetBlocked's rating: 1291 &rarr; <strong>1275<\/strong><br \/>(-16 for losing)\n|raw|doubletrouble83's rating: 1416 &rarr; <strong>1429<\/strong><br \/>(+13 for winning)\n|l|\u2606YouGetBlocked\n","uploadtime":1699074201,"views":6,"p1id":"yougetblocked","p2id":"doubletrouble83","formatid":"gen9nationaldexubers","rating":1275,"private":0,"password":""}