{"id":"gen9nationaldexubers-1995475052","p1":"saknn","p2":"Remy savage","format":"[Gen 9] National Dex Ubers","log":"|j|\u2606saknn\n|j|\u2606Remy savage\n|t:|1700574917\n|gametype|singles\n|player|p1|saknn|schoolkid-gen4dp|1268\n|player|p2|Remy savage|iono|1429\n|teamsize|p1|6\n|teamsize|p2|6\n|gen|9\n|tier|[Gen 9] National Dex Ubers\n|rated|\n|rule|HP Percentage Mod: HP is shown in percentages\n|rule|Endless Battle Clause: Forcing endless battles is banned\n|rule|OHKO Clause: OHKO moves are banned\n|rule|Evasion Moves Clause: Evasion moves are banned\n|rule|Evasion Items Clause: Evasion items are banned\n|rule|Species Clause: Limit one of each Pok\u00e9mon\n|rule|Sleep Clause Mod: Limit one foe put to sleep\n|rule|Mega Rayquaza Clause: You cannot mega evolve Rayquaza\n|clearpoke\n|poke|p1|Shaymin-Sky|\n|poke|p1|Kangaskhan, F|\n|poke|p1|Heatran, M|\n|poke|p1|Zapdos|\n|poke|p1|Ferrothorn, F|\n|poke|p1|Rotom-Wash|\n|poke|p2|Dialga|\n|poke|p2|Dracovish|\n|poke|p2|Mewtwo|\n|poke|p2|Groudon|\n|poke|p2|Kyogre|\n|poke|p2|Zapdos|\n|teampreview\n|inactive|Battle timer is ON: inactive players will automatically lose when time's up. (requested by Remy savage)\n|\n|t:|1700574935\n|start\n|switch|p1a: Kangaskhan|Kangaskhan, F|100\/100\n|switch|p2a: Demon|Groudon, shiny|100\/100\n|detailschange|p2a: Demon|Groudon-Primal, shiny\n|-primal|p2a: Demon|Red Orb\n|-weather|DesolateLand|[from] ability: Desolate Land|[of] p2a: Demon\n|turn|1\n|\n|t:|1700574944\n|-weather|none\n|switch|p2a: Zapdos|Zapdos|100\/100\n|detailschange|p1a: Kangaskhan|Kangaskhan-Mega, F\n|-mega|p1a: Kangaskhan|Kangaskhan|Kangaskhanite\n|move|p1a: Kangaskhan|Fake Out|p2a: Zapdos\n|-damage|p2a: Zapdos|80\/100\n|-damage|p2a: Zapdos|75\/100\n|-status|p1a: Kangaskhan|par|[from] ability: Static|[of] p2a: Zapdos\n|-hitcount|p2a: Zapdos|2\n|\n|upkeep\n|turn|2\n|\n|t:|1700574959\n|move|p2a: Zapdos|Discharge|p1a: Kangaskhan\n|-damage|p1a: Kangaskhan|61\/100 par\n|move|p1a: Kangaskhan|Power-Up Punch|p2a: Zapdos\n|-resisted|p2a: Zapdos\n|-damage|p2a: Zapdos|69\/100\n|-boost|p1a: Kangaskhan|atk|1\n|-resisted|p2a: Zapdos\n|-damage|p2a: Zapdos|66\/100\n|-boost|p1a: Kangaskhan|atk|1\n|-hitcount|p2a: Zapdos|2\n|\n|upkeep\n|turn|3\n|\n|t:|1700574978\n|move|p2a: Zapdos|Discharge|p1a: Kangaskhan\n|-damage|p1a: Kangaskhan|21\/100 par\n|move|p1a: Kangaskhan|Body Slam|p2a: Zapdos\n|-damage|p2a: Zapdos|0 fnt\n|faint|p2a: Zapdos\n|-hitcount|p2: Zapdos|1\n|\n|upkeep\n|\n|t:|1700574997\n|switch|p2a: Demon|Groudon-Primal, shiny|100\/100\n|-weather|DesolateLand|[from] ability: Desolate Land|[of] p2a: Demon\n|turn|4\n|\n|t:|1700575003\n|cant|p1a: Kangaskhan|par\n|move|p2a: Demon|Rock Polish|p2a: Demon\n|-boost|p2a: Demon|spe|2\n|\n|-weather|DesolateLand|[upkeep]\n|upkeep\n|turn|5\n|\n|t:|1700575013\n|move|p1a: Kangaskhan|Sucker Punch||[still]\n|-fail|p1a: Kangaskhan\n|move|p2a: Demon|Bulk Up|p2a: Demon\n|-boost|p2a: Demon|atk|1\n|-boost|p2a: Demon|def|1\n|\n|-weather|DesolateLand|[upkeep]\n|upkeep\n|turn|6\n|\n|t:|1700575021\n|move|p2a: Demon|Heat Crash|p1a: Kangaskhan\n|-damage|p1a: Kangaskhan|0 fnt\n|faint|p1a: Kangaskhan\n|\n|-weather|DesolateLand|[upkeep]\n|upkeep\n|-message|saknn forfeited.\n|\n|win|Remy savage\n|raw|saknn's rating: 1268 &rarr; <strong>1254<\/strong><br \/>(-14 for losing)\n|raw|Remy savage's rating: 1429 &rarr; <strong>1440<\/strong><br \/>(+11 for winning)\n|l|\u2606saknn\n","uploadtime":1700575061,"views":0,"p1id":"saknn","p2id":"remysavage","formatid":"gen9nationaldexubers","rating":1254,"private":0,"password":""}