{"id":"gen9nationaldexubers-1997407198","p1":"Ash Ketchum344","p2":"bakabanana","format":"[Gen 9] National Dex Ubers","log":"|j|\u2606Ash Ketchum344\n|j|\u2606bakabanana\n|t:|1700800329\n|gametype|singles\n|player|p1|Ash Ketchum344|lucas-gen4pt|1084\n|player|p2|bakabanana|hooligans|1130\n|teamsize|p1|6\n|teamsize|p2|6\n|gen|9\n|tier|[Gen 9] National Dex Ubers\n|rated|\n|rule|HP Percentage Mod: HP is shown in percentages\n|rule|Endless Battle Clause: Forcing endless battles is banned\n|rule|OHKO Clause: OHKO moves are banned\n|rule|Evasion Moves Clause: Evasion moves are banned\n|rule|Evasion Items Clause: Evasion items are banned\n|rule|Species Clause: Limit one of each Pok\u00e9mon\n|rule|Sleep Clause Mod: Limit one foe put to sleep\n|rule|Mega Rayquaza Clause: You cannot mega evolve Rayquaza\n|clearpoke\n|poke|p1|Lucario, M|\n|poke|p1|Dragonite, F|\n|poke|p1|Dracovish|\n|poke|p1|Gengar, M|\n|poke|p1|Sirfetch\u2019d, M|\n|poke|p1|Raichu, F|\n|poke|p2|Flamigo, M|\n|poke|p2|Blaziken, M|\n|poke|p2|Gholdengo|\n|poke|p2|Metagross|\n|poke|p2|Empoleon, M|\n|poke|p2|Salamence, F|\n|teampreview\n|\n|t:|1700800333\n|start\n|switch|p1a: Raichu|Raichu, F|100\/100\n|switch|p2a: Flamigo|Flamigo, M|100\/100\n|turn|1\n|\n|t:|1700800347\n|move|p1a: Raichu|Fake Out|p2a: Flamigo\n|-damage|p2a: Flamigo|86\/100\n|cant|p2a: Flamigo|flinch\n|\n|upkeep\n|turn|2\n|\n|t:|1700800356\n|move|p1a: Raichu|Volt Tackle|p2a: Flamigo\n|-supereffective|p2a: Flamigo\n|-damage|p2a: Flamigo|0 fnt\n|faint|p2a: Flamigo\n|-damage|p1a: Raichu|68\/100|[from] Recoil\n|\n|upkeep\n|\n|t:|1700800362\n|switch|p2a: Blaziken|Blaziken, M|100\/100\n|turn|3\n|\n|t:|1700800367\n|-zpower|p1a: Raichu\n|move|p1a: Raichu|Gigavolt Havoc|p2a: Blaziken|[zeffect]\n|-damage|p2a: Blaziken|0 fnt\n|faint|p2a: Blaziken\n|\n|upkeep\n|\n|t:|1700800374\n|switch|p2a: Gholdengo|Gholdengo|100\/100\n|turn|4\n|\n|t:|1700800378\n|move|p1a: Raichu|Volt Tackle|p2a: Gholdengo\n|-damage|p2a: Gholdengo|47\/100\n|-damage|p1a: Raichu|46\/100|[from] Recoil\n|move|p2a: Gholdengo|Shadow Ball|p1a: Raichu\n|-damage|p1a: Raichu|0 fnt\n|faint|p1a: Raichu\n|\n|upkeep\n|\n|t:|1700800393\n|switch|p1a: Gengar|Gengar, M|100\/100\n|turn|5\n|\n|t:|1700800399\n|-terastallize|p2a: Gholdengo|Steel\n|move|p1a: Gengar|Shadow Ball|p2a: Gholdengo\n|-damage|p2a: Gholdengo|0 fnt\n|faint|p2a: Gholdengo\n|\n|upkeep\n|\n|t:|1700800408\n|switch|p2a: Metagross|Metagross|100\/100\n|turn|6\n|\n|t:|1700800411\n|move|p1a: Gengar|Shadow Ball|p2a: Metagross\n|-supereffective|p2a: Metagross\n|-damage|p2a: Metagross|0 fnt\n|faint|p2a: Metagross\n|\n|upkeep\n|\n|t:|1700800417\n|switch|p2a: Empoleon|Empoleon, M|100\/100\n|turn|7\n|\n|t:|1700800423\n|switch|p1a: Sirfetch\u2019d|Sirfetch\u2019d, M|100\/100\n|move|p2a: Empoleon|Flash Cannon|p1a: Sirfetch\u2019d\n|-damage|p1a: Sirfetch\u2019d|36\/100\n|-unboost|p1a: Sirfetch\u2019d|spd|1\n|\n|upkeep\n|turn|8\n|\n|t:|1700800431\n|move|p1a: Sirfetch\u2019d|First Impression|p2a: Empoleon\n|-resisted|p2a: Empoleon\n|-damage|p2a: Empoleon|78\/100\n|move|p2a: Empoleon|Flash Cannon|p1a: Sirfetch\u2019d\n|-damage|p1a: Sirfetch\u2019d|0 fnt\n|faint|p1a: Sirfetch\u2019d\n|\n|upkeep\n|\n|t:|1700800437\n|switch|p1a: Lucario|Lucario, M|100\/100\n|turn|9\n|\n|t:|1700800440\n|detailschange|p1a: Lucario|Lucario-Mega, M\n|-mega|p1a: Lucario|Lucario|Lucarionite\n|move|p1a: Lucario|Close Combat|p2a: Empoleon\n|-supereffective|p2a: Empoleon\n|-damage|p2a: Empoleon|0 fnt\n|-unboost|p1a: Lucario|def|1\n|-unboost|p1a: Lucario|spd|1\n|faint|p2a: Empoleon\n|\n|upkeep\n|\n|t:|1700800447\n|switch|p2a: Salamence|Salamence, F|100\/100\n|turn|10\n|\n|t:|1700800451\n|move|p1a: Lucario|Ice Punch|p2a: Salamence\n|-supereffective|p2a: Salamence\n|-enditem|p2a: Salamence|Focus Sash\n|-damage|p2a: Salamence|1\/100\n|move|p2a: Salamence|Dragon Dance|p2a: Salamence\n|-boost|p2a: Salamence|atk|1\n|-boost|p2a: Salamence|spe|1\n|\n|upkeep\n|turn|11\n|\n|t:|1700800459\n|move|p1a: Lucario|Bullet Punch|p2a: Salamence\n|-damage|p2a: Salamence|0 fnt\n|faint|p2a: Salamence\n|\n|win|Ash Ketchum344\n|raw|Ash Ketchum344's rating: 1084 &rarr; <strong>1115<\/strong><br \/>(+31 for winning)\n|raw|bakabanana's rating: 1130 &rarr; <strong>1102<\/strong><br \/>(-28 for losing)\n|l|\u2606bakabanana\n","uploadtime":1700800465,"views":4,"p1id":"ashketchum344","p2id":"bakabanana","formatid":"gen9nationaldexubers","rating":1102,"private":0,"password":""}