{"id":"gen9nationaldexubers-1993119439","p1":"tbor2002","p2":"BriefStar","format":"[Gen 9] National Dex Ubers","log":"|j|\u2606tbor2002\n|j|\u2606BriefStar\n|t:|1700267044\n|gametype|singles\n|player|p1|tbor2002|wattson|\n|player|p2|BriefStar|benga|\n|teamsize|p1|6\n|teamsize|p2|6\n|gen|9\n|tier|[Gen 9] National Dex Ubers\n|rule|HP Percentage Mod: HP is shown in percentages\n|rule|Endless Battle Clause: Forcing endless battles is banned\n|rule|OHKO Clause: OHKO moves are banned\n|rule|Evasion Moves Clause: Evasion moves are banned\n|rule|Evasion Items Clause: Evasion items are banned\n|rule|Species Clause: Limit one of each Pok\u00e9mon\n|rule|Sleep Clause Mod: Limit one foe put to sleep\n|rule|Mega Rayquaza Clause: You cannot mega evolve Rayquaza\n|clearpoke\n|poke|p1|Zamazenta-*|\n|poke|p1|Muk-Alola, F|\n|poke|p1|Jolteon, F|\n|poke|p1|Eelektross, F|\n|poke|p1|Crabominable, F|\n|poke|p1|Glimmet, M|\n|poke|p2|Baxcalibur, F|\n|poke|p2|Tinkaton, F|\n|poke|p2|Bellibolt, M|\n|poke|p2|Raichu, F|\n|poke|p2|Charizard, F|\n|poke|p2|Fraxure, F|\n|teampreview\n|\n|t:|1700267056\n|start\n|switch|p1a: Muk|Muk-Alola, F|100\/100\n|switch|p2a: Raichu|Raichu, F|100\/100\n|turn|1\n|\n|t:|1700267064\n|move|p2a: Raichu|Volt Switch|p1a: Muk\n|-damage|p1a: Muk|88\/100\n|\n|t:|1700267073\n|switch|p2a: Megaton|Tinkaton, F|100\/100|[from] Volt Switch\n|-ability|p2a: Megaton|Mold Breaker\n|move|p1a: Muk|Poison Jab|p2a: Megaton\n|-immune|p2a: Megaton\n|\n|upkeep\n|turn|2\n|\n|t:|1700267092\n|switch|p1a: Glimmet|Glimmet, M|100\/100\n|move|p2a: Megaton|Gigaton Hammer|p1a: Glimmet\n|-supereffective|p1a: Glimmet\n|-enditem|p1a: Glimmet|Focus Sash\n|-damage|p1a: Glimmet|1\/100\n|-activate|p1a: Glimmet|ability: Toxic Debris\n|-sidestart|p2: BriefStar|move: Toxic Spikes\n|\n|upkeep\n|turn|3\n|\n|t:|1700267105\n|move|p1a: Glimmet|Stealth Rock|p2a: Megaton\n|-sidestart|p2: BriefStar|move: Stealth Rock\n|move|p2a: Megaton|Knock Off|p1a: Glimmet\n|-damage|p1a: Glimmet|0 fnt\n|-activate|p1a: Glimmet|ability: Toxic Debris\n|-sidestart|p2: BriefStar|move: Toxic Spikes\n|faint|p1a: Glimmet\n|\n|upkeep\n|\n|t:|1700267243\n|switch|p1a: Jolteon|Jolteon, F|100\/100\n|turn|4\n|\n|t:|1700267248\n|move|p1a: Jolteon|Thunderbolt|p2a: Megaton\n|-crit|p2a: Megaton\n|-damage|p2a: Megaton|67\/100\n|move|p2a: Megaton|Gigaton Hammer|p1a: Jolteon\n|-resisted|p1a: Jolteon\n|-damage|p1a: Jolteon|41\/100\n|\n|upkeep\n|turn|5\n|\n|t:|1700267260\n|move|p1a: Jolteon|Thunderbolt|p2a: Megaton\n|-damage|p2a: Megaton|45\/100\n|move|p2a: Megaton|Knock Off|p1a: Jolteon\n|-crit|p1a: Jolteon\n|-damage|p1a: Jolteon|0 fnt\n|-enditem|p1a: Jolteon|Heavy-Duty Boots|[from] move: Knock Off|[of] p2a: Megaton\n|faint|p1a: Jolteon\n|\n|upkeep\n|\n|t:|1700267270\n|switch|p1a: Zamazenta|Zamazenta, shiny|100\/100\n|-ability|p1a: Zamazenta|Dauntless Shield|boost\n|-boost|p1a: Zamazenta|def|1\n|turn|6\n|\n|t:|1700267287\n|-terastallize|p1a: Zamazenta|Steel\n|move|p1a: Zamazenta|Body Press|p2a: Megaton\n|-damage|p2a: Megaton|0 fnt\n|faint|p2a: Megaton\n|\n|upkeep\n|\n|t:|1700267294\n|switch|p2a: Charizard|Charizard, F, shiny|100\/100\n|turn|7\n|\n|t:|1700267300\n|switch|p1a: Muk|Muk-Alola, F|88\/100\n|move|p2a: Charizard|Flamethrower|p1a: Muk\n|-damage|p1a: Muk|64\/100\n|\n|upkeep\n|turn|8\n|\n|t:|1700267309\n|switch|p2a: Raichu|Raichu, F|100\/100\n|-status|p2a: Raichu|tox\n|-damage|p2a: Raichu|88\/100 tox|[from] Stealth Rock\n|move|p1a: Muk|Knock Off|p2a: Raichu\n|-damage|p2a: Raichu|9\/100 tox\n|-enditem|p2a: Raichu|Covert Cloak|[from] move: Knock Off|[of] p1a: Muk\n|\n|-damage|p2a: Raichu|3\/100 tox|[from] psn\n|upkeep\n|turn|9\n|\n|t:|1700267322\n|move|p2a: Raichu|Nuzzle|p1a: Muk\n|-damage|p1a: Muk|58\/100\n|-status|p1a: Muk|par\n|cant|p1a: Muk|par\n|\n|-damage|p2a: Raichu|0 fnt|[from] psn\n|faint|p2a: Raichu\n|upkeep\n|\n|t:|1700267330\n|switch|p2a: Hey There|Fraxure, F|100\/100\n|-status|p2a: Hey There|tox\n|-damage|p2a: Hey There|88\/100 tox|[from] Stealth Rock\n|-ability|p2a: Hey There|Mold Breaker\n|turn|10\n|\n|t:|1700267344\n|move|p2a: Hey There|Dragon Dance|p2a: Hey There\n|-boost|p2a: Hey There|atk|1\n|-boost|p2a: Hey There|spe|1\n|move|p1a: Muk|Clear Smog|p2a: Hey There\n|-damage|p2a: Hey There|69\/100 tox\n|-clearboost|p2a: Hey There\n|\n|-damage|p2a: Hey There|63\/100 tox|[from] psn\n|upkeep\n|turn|11\n|\n|t:|1700267353\n|move|p2a: Hey There|Dragon Dance|p2a: Hey There\n|-boost|p2a: Hey There|atk|1\n|-boost|p2a: Hey There|spe|1\n|move|p1a: Muk|Clear Smog|p2a: Hey There\n|-damage|p2a: Hey There|46\/100 tox\n|-clearboost|p2a: Hey There\n|\n|-damage|p2a: Hey There|34\/100 tox|[from] psn\n|upkeep\n|turn|12\n|\n|t:|1700267362\n|move|p2a: Hey There|Stomping Tantrum|p1a: Muk\n|-supereffective|p1a: Muk\n|-damage|p1a: Muk|11\/100 par\n|move|p1a: Muk|Clear Smog|p2a: Hey There\n|-damage|p2a: Hey There|17\/100 tox\n|-clearboost|p2a: Hey There\n|\n|-damage|p2a: Hey There|0 fnt|[from] psn\n|faint|p2a: Hey There\n|upkeep\n|\n|t:|1700267372\n|switch|p2a: Charizard|Charizard, F, shiny|100\/100\n|turn|13\n|\n|t:|1700267376\n|move|p2a: Charizard|Flamethrower|p1a: Muk\n|-damage|p1a: Muk|0 fnt\n|faint|p1a: Muk\n|\n|upkeep\n|\n|t:|1700267389\n|switch|p1a: Eelektross|Eelektross, F|100\/100\n|turn|14\n|\n|t:|1700267408\n|move|p2a: Charizard|Flamethrower|p1a: Eelektross\n|-damage|p1a: Eelektross|79\/100\n|move|p1a: Eelektross|Discharge|p2a: Charizard\n|-supereffective|p2a: Charizard\n|-crit|p2a: Charizard\n|-damage|p2a: Charizard|0 fnt\n|faint|p2a: Charizard\n|\n|upkeep\n|\n|t:|1700267417\n|switch|p2a: Thy True Name|Baxcalibur, F|100\/100\n|-status|p2a: Thy True Name|tox\n|-damage|p2a: Thy True Name|76\/100 tox|[from] Stealth Rock\n|turn|15\n|\n|t:|1700267429\n|-terastallize|p2a: Thy True Name|Fairy\n|move|p2a: Thy True Name|Icicle Spear|p1a: Eelektross\n|-damage|p1a: Eelektross|62\/100\n|-damage|p1a: Eelektross|45\/100\n|-damage|p1a: Eelektross|30\/100\n|-damage|p1a: Eelektross|14\/100\n|-hitcount|p1a: Eelektross|4\n|move|p1a: Eelektross|Dragon Tail|p2a: Thy True Name\n|-immune|p2a: Thy True Name\n|\n|-damage|p2a: Thy True Name|70\/100 tox|[from] psn\n|upkeep\n|turn|16\n|\n|t:|1700267442\n|move|p2a: Thy True Name|Icicle Spear|p1a: Eelektross\n|-damage|p1a: Eelektross|0 fnt\n|faint|p1a: Eelektross\n|-hitcount|p1: Eelektross|1\n|\n|-damage|p2a: Thy True Name|57\/100 tox|[from] psn\n|upkeep\n|\n|t:|1700267478\n|switch|p1a: Crabominable|Crabominable, F|100\/100\n|turn|17\n|\n|t:|1700267489\n|switch|p2a: Get in MY BELLY|Bellibolt, M|100\/100\n|-status|p2a: Get in MY BELLY|tox\n|-damage|p2a: Get in MY BELLY|88\/100 tox|[from] Stealth Rock\n|move|p1a: Crabominable|Ice Hammer|p2a: Get in MY BELLY\n|-damage|p2a: Get in MY BELLY|43\/100 tox\n|-unboost|p1a: Crabominable|spe|1\n|-start|p2a: Get in MY BELLY|Charge|Ice Hammer|[from] ability: Electromorphosis\n|\n|-heal|p2a: Get in MY BELLY|49\/100 tox|[from] item: Leftovers\n|-damage|p2a: Get in MY BELLY|43\/100 tox|[from] psn\n|upkeep\n|turn|18\n|\n|t:|1700267510\n|move|p2a: Get in MY BELLY|Volt Switch|p1a: Crabominable\n|-damage|p1a: Crabominable|60\/100\n|-end|p2a: Get in MY BELLY|Charge|[silent]\n|\n|t:|1700267513\n|switch|p2a: Thy True Name|Baxcalibur, F, tera:Fairy|57\/100 tox|[from] Volt Switch\n|-damage|p2a: Thy True Name|45\/100 tox|[from] Stealth Rock\n|move|p1a: Crabominable|Earthquake|p2a: Thy True Name\n|-damage|p2a: Thy True Name|6\/100 tox\n|\n|-damage|p2a: Thy True Name|0 fnt|[from] psn\n|faint|p2a: Thy True Name\n|upkeep\n|\n|t:|1700267521\n|switch|p2a: Get in MY BELLY|Bellibolt, M|43\/100 tox\n|-damage|p2a: Get in MY BELLY|30\/100 tox|[from] Stealth Rock\n|turn|19\n|\n|t:|1700267531\n|move|p2a: Get in MY BELLY|Chilling Water|p1a: Crabominable\n|-damage|p1a: Crabominable|49\/100\n|-unboost|p1a: Crabominable|atk|1\n|move|p1a: Crabominable|Earthquake|p2a: Get in MY BELLY\n|-supereffective|p2a: Get in MY BELLY\n|-damage|p2a: Get in MY BELLY|0 fnt\n|faint|p2a: Get in MY BELLY\n|\n|win|tbor2002\n","uploadtime":1700267544,"views":8,"p1id":"tbor2002","p2id":"briefstar","formatid":"gen9nationaldexubers","rating":0,"private":0,"password":""}