{"id":"gen9nationaldexubers-1983764494","p1":"Kabufle","p2":"Ttar2pro","format":"[Gen 9] National Dex Ubers","log":"|j|\u2606Kabufle\n|j|\u2606Ttar2pro\n|t:|1699176447\n|gametype|singles\n|player|p1|Kabufle|170|1314\n|player|p2|Ttar2pro|2|1408\n|teamsize|p1|6\n|teamsize|p2|6\n|gen|9\n|tier|[Gen 9] National Dex Ubers\n|rated|\n|rule|HP Percentage Mod: HP is shown in percentages\n|rule|Endless Battle Clause: Forcing endless battles is banned\n|rule|OHKO Clause: OHKO moves are banned\n|rule|Evasion Moves Clause: Evasion moves are banned\n|rule|Evasion Items Clause: Evasion items are banned\n|rule|Species Clause: Limit one of each Pok\u00e9mon\n|rule|Sleep Clause Mod: Limit one foe put to sleep\n|rule|Mega Rayquaza Clause: You cannot mega evolve Rayquaza\n|clearpoke\n|poke|p1|Deoxys-Attack|\n|poke|p1|Scizor, M|\n|poke|p1|Groudon|\n|poke|p1|Giratina-Origin|\n|poke|p1|Regieleki|\n|poke|p1|Arceus|\n|poke|p2|Chien-Pao|\n|poke|p2|Lugia|\n|poke|p2|Giratina|\n|poke|p2|Xerneas-*|\n|poke|p2|Groudon|\n|poke|p2|Eternatus|\n|teampreview\n|\n|t:|1699176456\n|start\n|switch|p1a: Arceus|Arceus|100\/100\n|switch|p2a: Giratina|Giratina, shiny|100\/100\n|-ability|p2a: Giratina|Pressure\n|turn|1\n|\n|t:|1699176465\n|move|p1a: Arceus|Stealth Rock|p2a: Giratina\n|-sidestart|p2: Ttar2pro|move: Stealth Rock\n|move|p2a: Giratina|Will-O-Wisp|p1a: Arceus\n|-status|p1a: Arceus|brn\n|\n|-damage|p1a: Arceus|94\/100 brn|[from] brn\n|upkeep\n|turn|2\n|\n|t:|1699176473\n|move|p1a: Arceus|Swords Dance|p1a: Arceus\n|-boost|p1a: Arceus|atk|2\n|move|p2a: Giratina|Dragon Tail|p1a: Arceus\n|-damage|p1a: Arceus|82\/100 brn\n|drag|p1a: Giratina|Giratina-Origin|100\/100\n|\n|upkeep\n|turn|3\n|\n|t:|1699176480\n|move|p1a: Giratina|Toxic|p2a: Giratina\n|-status|p2a: Giratina|tox\n|move|p2a: Giratina|Dragon Tail|p1a: Giratina|[miss]\n|-miss|p2a: Giratina|p1a: Giratina\n|\n|-damage|p2a: Giratina|94\/100 tox|[from] psn\n|upkeep\n|turn|4\n|\n|t:|1699176489\n|switch|p2a: Eternatus|Eternatus|100\/100\n|-damage|p2a: Eternatus|88\/100|[from] Stealth Rock\n|-ability|p2a: Eternatus|Pressure\n|-terastallize|p1a: Giratina|Ghost\n|move|p1a: Giratina|Hex|p2a: Eternatus\n|-damage|p2a: Eternatus|44\/100\n|\n|-heal|p2a: Eternatus|50\/100|[from] item: Black Sludge\n|upkeep\n|turn|5\n|\n|t:|1699176502\n|move|p2a: Eternatus|Toxic Spikes|p1a: Giratina\n|-sidestart|p1: Kabufle|move: Toxic Spikes\n|move|p1a: Giratina|Draco Meteor|p2a: Eternatus\n|-supereffective|p2a: Eternatus\n|-damage|p2a: Eternatus|0 fnt\n|-unboost|p1a: Giratina|spa|2\n|faint|p2a: Eternatus\n|\n|upkeep\n|\n|t:|1699176511\n|switch|p2a: Xerneas|Xerneas, shiny|100\/100\n|-damage|p2a: Xerneas|88\/100|[from] Stealth Rock\n|-ability|p2a: Xerneas|Fairy Aura\n|turn|6\n|\n|t:|1699176517\n|-terastallize|p2a: Xerneas|Steel\n|move|p2a: Xerneas|Geomancy||[still]\n|-prepare|p2a: Xerneas|Geomancy\n|-enditem|p2a: Xerneas|Power Herb\n|-anim|p2a: Xerneas|Geomancy|p2a: Xerneas\n|-boost|p2a: Xerneas|spa|2\n|-boost|p2a: Xerneas|spd|2\n|-boost|p2a: Xerneas|spe|2\n|move|p1a: Giratina|Toxic|p2a: Xerneas\n|-immune|p2a: Xerneas\n|\n|upkeep\n|turn|7\n|\n|t:|1699176528\n|switch|p1a: Groudon|Groudon|100\/100\n|-status|p1a: Groudon|psn\n|detailschange|p1a: Groudon|Groudon-Primal\n|-primal|p1a: Groudon|Red Orb\n|-weather|DesolateLand|[from] ability: Desolate Land|[of] p1a: Groudon\n|move|p2a: Xerneas|Moonblast|p1a: Groudon\n|-resisted|p1a: Groudon\n|-damage|p1a: Groudon|36\/100 psn\n|\n|-weather|DesolateLand|[upkeep]\n|-damage|p1a: Groudon|24\/100 psn|[from] psn\n|upkeep\n|turn|8\n|\n|t:|1699176542\n|move|p2a: Xerneas|Moonblast|p1a: Groudon\n|-resisted|p1a: Groudon\n|-damage|p1a: Groudon|0 fnt\n|faint|p1a: Groudon\n|-weather|none\n|\n|upkeep\n|\n|t:|1699176548\n|switch|p1a: Regieleki|Regieleki|100\/100\n|-status|p1a: Regieleki|psn\n|turn|9\n|\n|t:|1699176554\n|move|p1a: Regieleki|Reflect|p1a: Regieleki\n|-sidestart|p1: Kabufle|Reflect\n|move|p2a: Xerneas|Moonblast|p1a: Regieleki\n|-damage|p1a: Regieleki|0 fnt\n|faint|p1a: Regieleki\n|\n|upkeep\n|\n|t:|1699176561\n|switch|p1a: Scizor|Scizor, M|100\/100\n|turn|10\n|\n|t:|1699176567\n|detailschange|p1a: Scizor|Scizor-Mega, M\n|-mega|p1a: Scizor|Scizor|Scizorite\n|move|p2a: Xerneas|Moonblast|p1a: Scizor\n|-resisted|p1a: Scizor\n|-damage|p1a: Scizor|48\/100\n|-unboost|p1a: Scizor|spa|1\n|move|p1a: Scizor|Close Combat|p2a: Xerneas\n|-supereffective|p2a: Xerneas\n|-damage|p2a: Xerneas|20\/100\n|-unboost|p1a: Scizor|def|1\n|-unboost|p1a: Scizor|spd|1\n|\n|upkeep\n|turn|11\n|\n|t:|1699176578\n|move|p1a: Scizor|Bullet Punch|p2a: Xerneas\n|-resisted|p2a: Xerneas\n|-damage|p2a: Xerneas|8\/100\n|move|p2a: Xerneas|Moonblast|p1a: Scizor\n|-resisted|p1a: Scizor\n|-damage|p1a: Scizor|0 fnt\n|faint|p1a: Scizor\n|\n|upkeep\n|\n|t:|1699176582\n|switch|p1a: Deoxys|Deoxys-Attack|100\/100\n|-status|p1a: Deoxys|psn\n|-ability|p1a: Deoxys|Pressure\n|turn|12\n|\n|t:|1699176589\n|move|p1a: Deoxys|Extreme Speed|p2a: Xerneas\n|-resisted|p2a: Xerneas\n|-damage|p2a: Xerneas|0 fnt\n|faint|p2a: Xerneas\n|-damage|p1a: Deoxys|91\/100 psn|[from] item: Life Orb\n|\n|-damage|p1a: Deoxys|78\/100 psn|[from] psn\n|upkeep\n|\n|t:|1699176598\n|switch|p2a: Lugia|Lugia, shiny|100\/100\n|-damage|p2a: Lugia|75\/100|[from] Stealth Rock\n|turn|13\n|\n|t:|1699176603\n|move|p1a: Deoxys|Shadow Ball|p2a: Lugia\n|-supereffective|p2a: Lugia\n|-damage|p2a: Lugia|19\/100\n|-damage|p1a: Deoxys|68\/100 psn|[from] item: Life Orb\n|move|p2a: Lugia|Calm Mind|p2a: Lugia\n|-boost|p2a: Lugia|spa|1\n|-boost|p2a: Lugia|spd|1\n|\n|-heal|p2a: Lugia|25\/100|[from] item: Leftovers\n|-damage|p1a: Deoxys|56\/100 psn|[from] psn\n|upkeep\n|turn|14\n|\n|t:|1699176614\n|move|p1a: Deoxys|Shadow Ball|p2a: Lugia\n|-supereffective|p2a: Lugia\n|-damage|p2a: Lugia|0 fnt\n|faint|p2a: Lugia\n|-damage|p1a: Deoxys|46\/100 psn|[from] item: Life Orb\n|\n|-damage|p1a: Deoxys|33\/100 psn|[from] psn\n|upkeep\n|\n|t:|1699176626\n|switch|p2a: Chien-Pao|Chien-Pao|100\/100\n|-damage|p2a: Chien-Pao|76\/100|[from] Stealth Rock\n|-ability|p2a: Chien-Pao|Sword of Ruin\n|turn|15\n|\n|t:|1699176634\n|switch|p1a: Arceus|Arceus|82\/100 brn\n|move|p2a: Chien-Pao|Ice Shard|p1a: Arceus\n|-damage|p1a: Arceus|69\/100 brn\n|\n|-damage|p1a: Arceus|63\/100 brn|[from] brn\n|upkeep\n|turn|16\n|\n|t:|1699176641\n|move|p2a: Chien-Pao|Ice Shard|p1a: Arceus\n|-damage|p1a: Arceus|49\/100 brn\n|move|p1a: Arceus|Swords Dance|p1a: Arceus\n|-boost|p1a: Arceus|atk|2\n|\n|-damage|p1a: Arceus|43\/100 brn|[from] brn\n|-sideend|p1: Kabufle|Reflect\n|upkeep\n|turn|17\n|\n|t:|1699176649\n|move|p1a: Arceus|Extreme Speed|p2a: Chien-Pao\n|-damage|p2a: Chien-Pao|18\/100\n|move|p2a: Chien-Pao|Ice Shard|p1a: Arceus\n|-damage|p1a: Arceus|17\/100 brn\n|\n|-damage|p1a: Arceus|11\/100 brn|[from] brn\n|upkeep\n|turn|18\n|\n|t:|1699176656\n|move|p1a: Arceus|Extreme Speed|p2a: Chien-Pao\n|-damage|p2a: Chien-Pao|0 fnt\n|faint|p2a: Chien-Pao\n|\n|-damage|p1a: Arceus|5\/100 brn|[from] brn\n|upkeep\n|\n|t:|1699176663\n|switch|p2a: Groudon|Groudon, shiny|100\/100\n|-damage|p2a: Groudon|94\/100|[from] Stealth Rock\n|detailschange|p2a: Groudon|Groudon-Primal, shiny\n|-primal|p2a: Groudon|Red Orb\n|-weather|DesolateLand|[from] ability: Desolate Land|[of] p2a: Groudon\n|turn|19\n|\n|t:|1699176672\n|move|p1a: Arceus|Extreme Speed|p2a: Groudon\n|-damage|p2a: Groudon|71\/100\n|move|p2a: Groudon|Stealth Rock|p1a: Arceus\n|-sidestart|p1: Kabufle|move: Stealth Rock\n|\n|-weather|DesolateLand|[upkeep]\n|-damage|p1a: Arceus|0 fnt|[from] brn\n|faint|p1a: Arceus\n|upkeep\n|\n|t:|1699176677\n|switch|p1a: Giratina|Giratina-Origin, tera:Ghost|100\/100\n|-damage|p1a: Giratina|88\/100|[from] Stealth Rock\n|turn|20\n|\n|t:|1699176686\n|move|p2a: Groudon|Earthquake|p1a: Giratina\n|-immune|p1a: Giratina|[from] ability: Levitate\n|move|p1a: Giratina|Toxic|p2a: Groudon|[miss]\n|-miss|p1a: Giratina|p2a: Groudon\n|\n|-weather|DesolateLand|[upkeep]\n|upkeep\n|turn|21\n|c|\u2606Ttar2pro|oops lol\n|\n|t:|1699176696\n|-weather|none\n|switch|p2a: Giratina|Giratina, shiny|94\/100 tox\n|-damage|p2a: Giratina|82\/100 tox|[from] Stealth Rock\n|-ability|p2a: Giratina|Pressure\n|move|p1a: Giratina|Toxic|p2a: Giratina\n|-fail|p2a: Giratina|tox\n|\n|-heal|p2a: Giratina|88\/100 tox|[from] item: Leftovers\n|-damage|p2a: Giratina|82\/100 tox|[from] psn\n|upkeep\n|turn|22\n|\n|t:|1699176709\n|move|p1a: Giratina|Hex|p2a: Giratina\n|-supereffective|p2a: Giratina\n|-damage|p2a: Giratina|0 fnt\n|faint|p2a: Giratina\n|\n|upkeep\n|\n|t:|1699176715\n|switch|p2a: Groudon|Groudon-Primal, shiny|71\/100\n|-damage|p2a: Groudon|58\/100|[from] Stealth Rock\n|-weather|DesolateLand|[from] ability: Desolate Land|[of] p2a: Groudon\n|turn|23\n|\n|t:|1699176724\n|move|p2a: Groudon|Heat Crash|p1a: Giratina\n|-damage|p1a: Giratina|58\/100\n|move|p1a: Giratina|Toxic|p2a: Groudon\n|-status|p2a: Groudon|tox\n|\n|-weather|DesolateLand|[upkeep]\n|-damage|p2a: Groudon|52\/100 tox|[from] psn\n|upkeep\n|turn|24\n|\n|t:|1699176732\n|move|p2a: Groudon|Stone Edge|p1a: Giratina\n|-damage|p1a: Giratina|27\/100\n|move|p1a: Giratina|Hex|p2a: Groudon\n|-damage|p2a: Groudon|0 fnt\n|faint|p2a: Groudon\n|-weather|none\n|\n|win|Kabufle\n|raw|Kabufle's rating: 1314 &rarr; <strong>1339<\/strong><br \/>(+25 for winning)\n|raw|Ttar2pro's rating: 1408 &rarr; <strong>1383<\/strong><br \/>(-25 for losing)\n|c|\u2606Ttar2pro|gg bud\n|l|\u2606Ttar2pro\n","uploadtime":1699176765,"views":6,"p1id":"kabufle","p2id":"ttar2pro","formatid":"gen9nationaldexubers","rating":1339,"private":0,"password":""}