{"id":"gen9nationaldexubers-1980765816","p1":"iwonregionalsonce","p2":"Chaitanya15","format":"[Gen 9] National Dex Ubers","log":"|j|\u2606iwonregionalsonce\n|j|\u2606Chaitanya15\n|t:|1698828903\n|gametype|singles\n|player|p1|iwonregionalsonce|170|1197\n|player|p2|Chaitanya15|170|1349\n|teamsize|p1|6\n|teamsize|p2|6\n|gen|9\n|tier|[Gen 9] National Dex Ubers\n|rated|\n|rule|HP Percentage Mod: HP is shown in percentages\n|rule|Endless Battle Clause: Forcing endless battles is banned\n|rule|OHKO Clause: OHKO moves are banned\n|rule|Evasion Moves Clause: Evasion moves are banned\n|rule|Evasion Items Clause: Evasion items are banned\n|rule|Species Clause: Limit one of each Pok\u00e9mon\n|rule|Sleep Clause Mod: Limit one foe put to sleep\n|rule|Mega Rayquaza Clause: You cannot mega evolve Rayquaza\n|clearpoke\n|poke|p1|Yveltal|\n|poke|p1|Groudon|\n|poke|p1|Kyogre|\n|poke|p1|Necrozma-Dawn-Wings|\n|poke|p1|Palafin, M|\n|poke|p1|Regieleki|\n|poke|p2|Kingambit, F|\n|poke|p2|Basculegion, M|\n|poke|p2|Pikachu, F|\n|poke|p2|Kyogre|\n|poke|p2|Flutter Mane|\n|poke|p2|Deoxys-Speed|\n|teampreview\n|inactive|Battle timer is ON: inactive players will automatically lose when time's up. (requested by Chaitanya15)\n|\n|t:|1698828913\n|start\n|switch|p1a: Regieleki|Regieleki|100\/100\n|switch|p2a: Deoxys|Deoxys-Speed|100\/100\n|-ability|p2a: Deoxys|Pressure\n|turn|1\n|\n|t:|1698828921\n|move|p1a: Regieleki|Protect|p1a: Regieleki\n|-singleturn|p1a: Regieleki|Protect\n|move|p2a: Deoxys|Stealth Rock|p1a: Regieleki\n|-sidestart|p1: iwonregionalsonce|move: Stealth Rock\n|\n|upkeep\n|turn|2\n|\n|t:|1698828927\n|move|p1a: Regieleki|Thunder Cage|p2a: Deoxys\n|-damage|p2a: Deoxys|45\/100\n|-activate|p2a: Deoxys|move: Thunder Cage|[of] p1a: Regieleki\n|move|p2a: Deoxys|Spikes|p1a: Regieleki\n|-sidestart|p1: iwonregionalsonce|Spikes\n|\n|-damage|p2a: Deoxys|33\/100|[from] move: Thunder Cage|[partiallytrapped]\n|upkeep\n|turn|3\n|\n|t:|1698828936\n|move|p2a: Deoxys|Extreme Speed|p1a: Regieleki\n|-damage|p1a: Regieleki|64\/100\n|move|p1a: Regieleki|Volt Switch|p2a: Deoxys\n|-damage|p2a: Deoxys|0 fnt\n|faint|p2a: Deoxys\n|\n|t:|1698828944\n|switch|p1a: Yveltal|Yveltal|100\/100|[from] Volt Switch\n|-damage|p1a: Yveltal|76\/100|[from] Stealth Rock\n|-ability|p1a: Yveltal|Dark Aura\n|\n|upkeep\n|\n|t:|1698828953\n|switch|p2a: Flutter Mane|Flutter Mane|100\/100\n|-enditem|p2a: Flutter Mane|Booster Energy\n|-activate|p2a: Flutter Mane|ability: Protosynthesis|[fromitem]\n|-start|p2a: Flutter Mane|protosynthesisspe\n|turn|4\n|\n|t:|1698828960\n|move|p2a: Flutter Mane|Moonblast|p1a: Yveltal\n|-supereffective|p1a: Yveltal\n|-damage|p1a: Yveltal|0 fnt\n|faint|p1a: Yveltal\n|\n|upkeep\n|\n|t:|1698828972\n|switch|p1a: Kyogre|Kyogre|100\/100\n|-damage|p1a: Kyogre|88\/100|[from] Stealth Rock\n|-damage|p1a: Kyogre|76\/100|[from] Spikes\n|-weather|RainDance|[from] ability: Drizzle|[of] p1a: Kyogre\n|turn|5\n|\n|t:|1698828980\n|move|p2a: Flutter Mane|Moonblast|p1a: Kyogre\n|-damage|p1a: Kyogre|40\/100\n|move|p1a: Kyogre|Origin Pulse|p2a: Flutter Mane\n|-crit|p2a: Flutter Mane\n|-damage|p2a: Flutter Mane|0 fnt\n|faint|p2a: Flutter Mane\n|-end|p2a: Flutter Mane|Protosynthesis|[silent]\n|\n|-weather|RainDance|[upkeep]\n|upkeep\n|\n|t:|1698828991\n|switch|p2a: Pikachu|Pikachu, F|100\/100\n|turn|6\n|c|\u2606iwonregionalsonce|that was scarfed\n|\n|t:|1698828995\n|move|p2a: Pikachu|Extreme Speed|p1a: Kyogre\n|-damage|p1a: Kyogre|5\/100\n|move|p1a: Kyogre|Origin Pulse|p2a: Pikachu|[miss]\n|-miss|p1a: Kyogre|p2a: Pikachu\n|\n|-weather|RainDance|[upkeep]\n|upkeep\n|turn|7\n|\n|t:|1698829005\n|switch|p1a: Necrozma|Necrozma-Dawn-Wings|100\/100\n|-damage|p1a: Necrozma|88\/100|[from] Stealth Rock\n|-damage|p1a: Necrozma|76\/100|[from] Spikes\n|move|p2a: Pikachu|Extreme Speed|p1a: Necrozma\n|-immune|p1a: Necrozma\n|\n|-weather|RainDance|[upkeep]\n|upkeep\n|turn|8\n|\n|t:|1698829018\n|move|p2a: Pikachu|Volt Tackle|p1a: Necrozma\n|-damage|p1a: Necrozma|15\/100\n|-status|p1a: Necrozma|par\n|-damage|p2a: Pikachu|65\/100|[from] Recoil\n|move|p1a: Necrozma|Trick Room|p1a: Necrozma\n|-fieldstart|move: Trick Room|[of] p1a: Necrozma\n|\n|-weather|RainDance|[upkeep]\n|upkeep\n|turn|9\n|\n|t:|1698829028\n|move|p1a: Necrozma|Photon Geyser|p2a: Pikachu\n|-damage|p2a: Pikachu|0 fnt\n|faint|p2a: Pikachu\n|\n|-weather|none\n|upkeep\n|\n|t:|1698829039\n|switch|p2a: Kingambit|Kingambit, F|100\/100\n|-activate|p2a: Kingambit|ability: Supreme Overlord\n|-start|p2a: Kingambit|fallen3|[silent]\n|turn|10\n|\n|t:|1698829052\n|switch|p1a: Kyogre|Kyogre|5\/100\n|-damage|p1a: Kyogre|0 fnt|[from] Stealth Rock\n|faint|p1a: Kyogre\n|move|p2a: Kingambit|Swords Dance|p2a: Kingambit\n|-boost|p2a: Kingambit|atk|2\n|\n|upkeep\n|\n|t:|1698829059\n|switch|p1a: Groudon|Groudon|100\/100\n|-damage|p1a: Groudon|94\/100|[from] Stealth Rock\n|-damage|p1a: Groudon|82\/100|[from] Spikes\n|detailschange|p1a: Groudon|Groudon-Primal\n|-primal|p1a: Groudon|Red Orb\n|-weather|DesolateLand|[from] ability: Desolate Land|[of] p1a: Groudon\n|turn|11\n|c|\u2606iwonregionalsonce|ok gg\n|\n|t:|1698829081\n|-terastallize|p2a: Kingambit|Dark\n|move|p2a: Kingambit|Kowtow Cleave|p1a: Groudon\n|-damage|p1a: Groudon|0 fnt\n|faint|p1a: Groudon\n|-weather|none\n|-damage|p2a: Kingambit|91\/100|[from] item: Life Orb\n|\n|upkeep\n|c|\u2606iwonregionalsonce|u win\n|\n|t:|1698829092\n|switch|p1a: Necrozma|Necrozma-Dawn-Wings|15\/100 par\n|-damage|p1a: Necrozma|3\/100 par|[from] Stealth Rock\n|-damage|p1a: Necrozma|0 fnt|[from] Spikes\n|faint|p1a: Necrozma\n|\n|t:|1698829100\n|switch|p1a: Regieleki|Regieleki|64\/100\n|-damage|p1a: Regieleki|52\/100|[from] Stealth Rock\n|-damage|p1a: Regieleki|39\/100|[from] Spikes\n|turn|12\n|\n|t:|1698829110\n|move|p2a: Kingambit|Kowtow Cleave|p1a: Regieleki\n|-damage|p1a: Regieleki|0 fnt\n|faint|p1a: Regieleki\n|-damage|p2a: Kingambit|81\/100|[from] item: Life Orb\n|\n|-fieldend|move: Trick Room\n|upkeep\n|\n|t:|1698829120\n|switch|p1a: Palafin|Palafin, M|100\/100\n|-damage|p1a: Palafin|88\/100|[from] Stealth Rock\n|-damage|p1a: Palafin|76\/100|[from] Spikes\n|turn|13\n|\n|t:|1698829127\n|move|p1a: Palafin|Drain Punch|p2a: Kingambit\n|-supereffective|p2a: Kingambit\n|-damage|p2a: Kingambit|44\/100\n|-heal|p1a: Palafin|98\/100|[from] drain|[of] p2a: Kingambit\n|move|p2a: Kingambit|Kowtow Cleave|p1a: Palafin\n|-damage|p1a: Palafin|0 fnt\n|faint|p1a: Palafin\n|-damage|p2a: Kingambit|34\/100|[from] item: Life Orb\n|\n|win|Chaitanya15\n|raw|iwonregionalsonce's rating: 1197 &rarr; <strong>1182<\/strong><br \/>(-15 for losing)\n|raw|Chaitanya15's rating: 1349 &rarr; <strong>1361<\/strong><br \/>(+12 for winning)\n|c|\u2606Chaitanya15|Gg\n|l|\u2606iwonregionalsonce\n","uploadtime":1698829143,"views":11,"p1id":"iwonregionalsonce","p2id":"chaitanya15","formatid":"gen9nationaldexubers","rating":1182,"private":0,"password":""}