{"id":"gen9nationaldexubers-1999677016","p1":"Westpirate","p2":"Grantypoo","format":"[Gen 9] National Dex Ubers","log":"|j|\u2606Westpirate\n|j|\u2606Grantypoo\n|t:|1701106949\n|gametype|singles\n|player|p1|Westpirate|265|1084\n|player|p2|Grantypoo|shauntal|1137\n|teamsize|p1|6\n|teamsize|p2|6\n|gen|9\n|tier|[Gen 9] National Dex Ubers\n|rated|\n|rule|HP Percentage Mod: HP is shown in percentages\n|rule|Endless Battle Clause: Forcing endless battles is banned\n|rule|OHKO Clause: OHKO moves are banned\n|rule|Evasion Moves Clause: Evasion moves are banned\n|rule|Evasion Items Clause: Evasion items are banned\n|rule|Species Clause: Limit one of each Pok\u00e9mon\n|rule|Sleep Clause Mod: Limit one foe put to sleep\n|rule|Mega Rayquaza Clause: You cannot mega evolve Rayquaza\n|clearpoke\n|poke|p1|Necrozma-Dawn-Wings|\n|poke|p1|Absol, M|\n|poke|p1|Vikavolt, M|\n|poke|p1|Corviknight, F|\n|poke|p1|Zeraora|\n|poke|p1|Garchomp, M|\n|poke|p2|Armarouge, F|\n|poke|p2|Nihilego|\n|poke|p2|Naganadel|\n|poke|p2|Genesect-Douse|\n|poke|p2|Corviknight, M|\n|poke|p2|Bronzong|\n|teampreview\n|c|\u2606Grantypoo|Greetings\n|\n|t:|1701106969\n|start\n|switch|p1a: Corviknight|Corviknight, F, shiny|100\/100\n|switch|p2a: Ridley|Naganadel|100\/100\n|-item|p2a: Ridley|Air Balloon\n|turn|1\n|\n|t:|1701106980\n|switch|p2a: Nightmare|Bronzong|100\/100\n|move|p1a: Corviknight|Tailwind|p1a: Corviknight\n|-sidestart|p1: Westpirate|move: Tailwind\n|\n|upkeep\n|turn|2\n|\n|t:|1701106987\n|move|p1a: Corviknight|U-turn|p2a: Nightmare\n|-damage|p2a: Nightmare|82\/100\n|\n|t:|1701106994\n|switch|p1a: Zeraora|Zeraora|100\/100|[from] U-turn\n|-item|p1a: Zeraora|Air Balloon\n|move|p2a: Nightmare|Iron Defense|p2a: Nightmare\n|-boost|p2a: Nightmare|def|2\n|\n|-heal|p2a: Nightmare|88\/100|[from] item: Leftovers\n|upkeep\n|turn|3\n|\n|t:|1701107010\n|move|p1a: Zeraora|Thunder Punch|p2a: Nightmare\n|-damage|p2a: Nightmare|73\/100\n|move|p2a: Nightmare|Iron Defense|p2a: Nightmare\n|-boost|p2a: Nightmare|def|2\n|\n|-heal|p2a: Nightmare|79\/100|[from] item: Leftovers\n|upkeep\n|turn|4\n|\n|t:|1701107019\n|move|p1a: Zeraora|Brick Break|p2a: Nightmare\n|-damage|p2a: Nightmare|71\/100\n|move|p2a: Nightmare|Substitute|p2a: Nightmare\n|-start|p2a: Nightmare|Substitute\n|-damage|p2a: Nightmare|47\/100\n|\n|-heal|p2a: Nightmare|53\/100|[from] item: Leftovers\n|-sideend|p1: Westpirate|move: Tailwind\n|upkeep\n|turn|5\n|\n|t:|1701107028\n|move|p1a: Zeraora|Thunder Punch|p2a: Nightmare\n|-activate|p2a: Nightmare|move: Substitute|[damage]\n|move|p2a: Nightmare|Body Press|p1a: Zeraora\n|-damage|p1a: Zeraora|12\/100\n|-enditem|p1a: Zeraora|Air Balloon\n|\n|-heal|p2a: Nightmare|59\/100|[from] item: Leftovers\n|upkeep\n|turn|6\n|\n|t:|1701107039\n|switch|p1a: Garchomp|Garchomp, M, shiny|100\/100\n|move|p2a: Nightmare|Stored Power|p1a: Garchomp\n|-damage|p1a: Garchomp|71\/100\n|\n|-heal|p2a: Nightmare|65\/100|[from] item: Leftovers\n|upkeep\n|turn|7\n|\n|t:|1701107050\n|move|p1a: Garchomp|Earthquake|p2a: Nightmare\n|-immune|p2a: Nightmare|[from] ability: Levitate\n|move|p2a: Nightmare|Iron Defense|p2a: Nightmare\n|-boost|p2a: Nightmare|def|2\n|\n|-heal|p2a: Nightmare|71\/100|[from] item: Leftovers\n|upkeep\n|turn|8\n|c|\u2606Grantypoo|nah bro\n|\n|t:|1701107059\n|switch|p1a: Necrozma|Necrozma-Dawn-Wings, shiny|100\/100\n|move|p2a: Nightmare|Body Press|p1a: Necrozma\n|-immune|p1a: Necrozma\n|\n|-heal|p2a: Nightmare|78\/100|[from] item: Leftovers\n|upkeep\n|turn|9\n|c|\u2606Grantypoo|oops\n|\n|t:|1701107070\n|move|p1a: Necrozma|Moongeist Beam|p2a: Nightmare\n|-supereffective|p2a: Nightmare\n|-end|p2a: Nightmare|Substitute\n|move|p2a: Nightmare|Stored Power|p1a: Necrozma\n|-resisted|p1a: Necrozma\n|-damage|p1a: Necrozma|84\/100\n|\n|-heal|p2a: Nightmare|84\/100|[from] item: Leftovers\n|upkeep\n|turn|10\n|\n|t:|1701107105\n|move|p1a: Necrozma|Moongeist Beam|p2a: Nightmare\n|-supereffective|p2a: Nightmare\n|-damage|p2a: Nightmare|0 fnt\n|faint|p2a: Nightmare\n|\n|upkeep\n|\n|t:|1701107113\n|switch|p2a: Ridley|Naganadel|100\/100\n|-item|p2a: Ridley|Air Balloon\n|turn|11\n|\n|t:|1701107125\n|move|p2a: Ridley|Dark Pulse|p1a: Necrozma\n|-supereffective|p1a: Necrozma\n|-damage|p1a: Necrozma|12\/100\n|move|p1a: Necrozma|Psyshock|p2a: Ridley\n|-supereffective|p2a: Ridley\n|-damage|p2a: Ridley|0 fnt\n|-enditem|p2a: Ridley|Air Balloon\n|faint|p2a: Ridley\n|\n|upkeep\n|c|\u2606Westpirate|Yikes\n|\n|t:|1701107141\n|switch|p2a: Metroid|Nihilego|100\/100\n|turn|12\n|\n|t:|1701107145\n|move|p1a: Necrozma|Psyshock|p2a: Metroid\n|-supereffective|p2a: Metroid\n|-damage|p2a: Metroid|0 fnt\n|faint|p2a: Metroid\n|\n|upkeep\n|c|\u2606Grantypoo|Shoot\n|\n|t:|1701107156\n|switch|p2a: Samus Aran|Armarouge, F|100\/100\n|turn|13\n|\n|t:|1701107163\n|move|p2a: Samus Aran|Dark Pulse|p1a: Necrozma\n|-supereffective|p1a: Necrozma\n|-damage|p1a: Necrozma|0 fnt\n|faint|p1a: Necrozma\n|\n|upkeep\n|c|\u2606Grantypoo|Finally\n|\n|t:|1701107171\n|switch|p1a: Absol|Absol, M|100\/100\n|turn|14\n|c|\u2606Westpirate|My ace is out now\n|\n|t:|1701107185\n|switch|p2a: Zebesian|Genesect-Douse, shiny|100\/100\n|-ability|p2a: Zebesian|Download|boost\n|-boost|p2a: Zebesian|spa|1\n|detailschange|p1a: Absol|Absol-Mega, M\n|-mega|p1a: Absol|Absol|Absolite\n|move|p1a: Absol|Sucker Punch||[still]\n|-fail|p1a: Absol\n|\n|upkeep\n|turn|15\n|c|\u2606Westpirate|Uh oh\n|c|\u2606Grantypoo|What\n|\n|t:|1701107203\n|switch|p1a: Corviknight|Corviknight, F, shiny|100\/100\n|move|p2a: Zebesian|Shift Gear|p2a: Zebesian\n|-boost|p2a: Zebesian|spe|2\n|-boost|p2a: Zebesian|atk|1\n|\n|upkeep\n|turn|16\n|-activate|p1a: Corviknight|item: Quick Claw\n|\n|t:|1701107213\n|move|p1a: Corviknight|Drill Peck|p2a: Zebesian\n|-damage|p2a: Zebesian|59\/100\n|move|p2a: Zebesian|Techno Blast|p1a: Corviknight\n|-damage|p1a: Corviknight|56\/100\n|\n|upkeep\n|turn|17\n|-activate|p1a: Corviknight|item: Quick Claw\n|\n|t:|1701107221\n|move|p1a: Corviknight|Drill Peck|p2a: Zebesian\n|-damage|p2a: Zebesian|16\/100\n|move|p2a: Zebesian|Techno Blast|p1a: Corviknight\n|-damage|p1a: Corviknight|9\/100\n|\n|upkeep\n|turn|18\n|c|\u2606Westpirate|3rd time?\n|\n|t:|1701107240\n|move|p2a: Zebesian|Techno Blast|p1a: Corviknight\n|-damage|p1a: Corviknight|0 fnt\n|faint|p1a: Corviknight\n|\n|upkeep\n|c|\u2606Grantypoo|whew\n|c|\u2606Westpirate|Nope\n|\n|t:|1701107247\n|switch|p1a: Zeraora|Zeraora|12\/100\n|turn|19\n|\n|t:|1701107252\n|-terastallize|p1a: Zeraora|Flying\n|move|p2a: Zebesian|Leech Life|p1a: Zeraora\n|-resisted|p1a: Zeraora\n|-damage|p1a: Zeraora|0 fnt\n|-heal|p2a: Zebesian|23\/100|[from] drain|[of] p1a: Zeraora\n|faint|p1a: Zeraora\n|\n|upkeep\n|\n|t:|1701107263\n|switch|p1a: Absol|Absol-Mega, M|100\/100\n|turn|20\n|\n|t:|1701107268\n|move|p1a: Absol|Sucker Punch||[still]\n|-fail|p1a: Absol\n|move|p2a: Zebesian|Shift Gear|p2a: Zebesian\n|-boost|p2a: Zebesian|spe|2\n|-boost|p2a: Zebesian|atk|1\n|\n|upkeep\n|turn|21\n|\n|t:|1701107275\n|move|p1a: Absol|Sucker Punch|p2a: Zebesian\n|-damage|p2a: Zebesian|0 fnt\n|faint|p2a: Zebesian\n|\n|upkeep\n|c|\u2606Grantypoo|*sigh*\n|\n|t:|1701107291\n|switch|p2a: Raven Beak|Corviknight, M, shiny|100\/100\n|turn|22\n|\n|t:|1701107299\n|move|p1a: Absol|Knock Off|p2a: Raven Beak\n|-damage|p2a: Raven Beak|64\/100\n|-enditem|p2a: Raven Beak|Leftovers|[from] move: Knock Off|[of] p1a: Absol\n|move|p2a: Raven Beak|Body Press|p1a: Absol\n|-supereffective|p1a: Absol\n|-damage|p1a: Absol|0 fnt\n|faint|p1a: Absol\n|\n|upkeep\n|c|\u2606Grantypoo|Nice\n|c|\u2606Westpirate|Hmmm\n|\n|t:|1701107318\n|switch|p1a: Vikavolt|Vikavolt, M, shiny|100\/100\n|turn|23\n|c|\u2606Westpirate|Shiny vikavolt is pretty cool\n|\n|t:|1701107340\n|switch|p2a: Samus Aran|Armarouge, F|100\/100\n|move|p1a: Vikavolt|Discharge|p2a: Samus Aran\n|-damage|p2a: Samus Aran|48\/100\n|\n|upkeep\n|turn|24\n|c|\u2606Grantypoo|Yeah\n|\n|t:|1701107354\n|move|p2a: Samus Aran|Armor Cannon|p1a: Vikavolt\n|-supereffective|p1a: Vikavolt\n|-damage|p1a: Vikavolt|0 fnt\n|-unboost|p2a: Samus Aran|def|1\n|-unboost|p2a: Samus Aran|spd|1\n|faint|p1a: Vikavolt\n|\n|upkeep\n|c|\u2606Grantypoo|Thank goodness\n|c|\u2606Westpirate|Oh no\n|\n|t:|1701107363\n|switch|p1a: Garchomp|Garchomp, M, shiny|71\/100\n|turn|25\n|\n|t:|1701107374\n|switch|p2a: Raven Beak|Corviknight, M, shiny|64\/100\n|move|p1a: Garchomp|Dragon Claw|p2a: Raven Beak\n|-resisted|p2a: Raven Beak\n|-damage|p2a: Raven Beak|42\/100\n|\n|upkeep\n|turn|26\n|\n|t:|1701107381\n|move|p1a: Garchomp|Dragon Claw|p2a: Raven Beak\n|-resisted|p2a: Raven Beak\n|-damage|p2a: Raven Beak|23\/100\n|move|p2a: Raven Beak|Bulk Up|p2a: Raven Beak\n|-boost|p2a: Raven Beak|atk|1\n|-boost|p2a: Raven Beak|def|1\n|\n|upkeep\n|turn|27\n|\n|t:|1701107390\n|move|p1a: Garchomp|Dragon Claw|p2a: Raven Beak\n|-resisted|p2a: Raven Beak\n|-damage|p2a: Raven Beak|9\/100\n|move|p2a: Raven Beak|Brave Bird|p1a: Garchomp\n|-damage|p1a: Garchomp|7\/100\n|-damage|p2a: Raven Beak|0 fnt|[from] ability: Rough Skin|[of] p1a: Garchomp\n|faint|p2a: Raven Beak\n|\n|upkeep\n|\n|t:|1701107398\n|switch|p2a: Samus Aran|Armarouge, F|48\/100\n|turn|28\n|c|\u2606Grantypoo|Take it home Samus\n|\n|t:|1701107408\n|move|p2a: Samus Aran|Psychic|p1a: Garchomp\n|-damage|p1a: Garchomp|0 fnt\n|faint|p1a: Garchomp\n|\n|win|Grantypoo\n|raw|Westpirate's rating: 1084 &rarr; <strong>1065<\/strong><br \/>(-19 for losing)\n|raw|Grantypoo's rating: 1137 &rarr; <strong>1158<\/strong><br \/>(+21 for winning)\n|c|\u2606Grantypoo|Gg\n|c|\u2606Westpirate|Scarf?\n|c|\u2606Grantypoo|Yes\n|c|\u2606Westpirate|I also was choiced\n|c|\u2606Westpirate|But gg\n|c|\u2606Grantypoo|Yeah\n|l|\u2606Westpirate\n","uploadtime":1701107471,"views":3,"p1id":"westpirate","p2id":"grantypoo","formatid":"gen9nationaldexubers","rating":1065,"private":0,"password":""}