{"id":"gen9nationaldexubers-1979176058","p1":"Hayakawa00aki","p2":"Old McBruh","format":"[Gen 9] National Dex Ubers","log":"|j|\u2606Hayakawa00aki\n|j|\u203dOld McBruh\n|t:|1698644439\n|gametype|singles\n|player|p1|Hayakawa00aki|266|1247\n|player|p2|Old McBruh|colress|1373\n|teamsize|p1|6\n|teamsize|p2|6\n|gen|9\n|tier|[Gen 9] National Dex Ubers\n|rated|\n|rule|HP Percentage Mod: HP is shown in percentages\n|rule|Endless Battle Clause: Forcing endless battles is banned\n|rule|OHKO Clause: OHKO moves are banned\n|rule|Evasion Moves Clause: Evasion moves are banned\n|rule|Evasion Items Clause: Evasion items are banned\n|rule|Species Clause: Limit one of each Pok\u00e9mon\n|rule|Sleep Clause Mod: Limit one foe put to sleep\n|rule|Mega Rayquaza Clause: You cannot mega evolve Rayquaza\n|clearpoke\n|poke|p1|Yveltal|\n|poke|p1|Flutter Mane|\n|poke|p1|Groudon|\n|poke|p1|Glimmora, F|\n|poke|p1|Calyrex-Ice|\n|poke|p1|Cloyster, F|\n|poke|p2|Whimsicott, M|\n|poke|p2|Durant, F|\n|poke|p2|Gothitelle, M|\n|poke|p2|Groudon|\n|poke|p2|Kyurem-Black|\n|poke|p2|Necrozma-Dusk-Mane|\n|teampreview\n|\n|t:|1698644449\n|start\n|switch|p1a: My pet rock|Glimmora, F|100\/100\n|switch|p2a: Whimsicott|Whimsicott, M|100\/100\n|-item|p1a: My pet rock|Air Balloon\n|turn|1\n|inactive|Battle timer is ON: inactive players will automatically lose when time's up. (requested by Hayakawa00aki)\n|\n|t:|1698644458\n|move|p2a: Whimsicott|Tailwind|p2a: Whimsicott\n|-sidestart|p2: Old McBruh|move: Tailwind\n|move|p1a: My pet rock|Mortal Spin|p2a: Whimsicott\n|-supereffective|p2a: Whimsicott\n|-damage|p2a: Whimsicott|59\/100\n|-status|p2a: Whimsicott|psn\n|\n|-damage|p2a: Whimsicott|47\/100 psn|[from] psn\n|upkeep\n|turn|2\n|\n|t:|1698644466\n|move|p2a: Whimsicott|Taunt|p1a: My pet rock\n|-start|p1a: My pet rock|move: Taunt\n|move|p1a: My pet rock|Mortal Spin|p2a: Whimsicott\n|-supereffective|p2a: Whimsicott\n|-damage|p2a: Whimsicott|5\/100 psn\n|\n|-damage|p2a: Whimsicott|0 fnt|[from] psn\n|faint|p2a: Whimsicott\n|upkeep\n|\n|t:|1698644473\n|switch|p2a: Durant|Durant, F|100\/100\n|turn|3\n|\n|t:|1698644481\n|switch|p1a: Real dinosaur|Groudon, shiny|100\/100\n|detailschange|p1a: Real dinosaur|Groudon-Primal, shiny\n|-primal|p1a: Real dinosaur|Red Orb\n|-weather|DesolateLand|[from] ability: Desolate Land|[of] p1a: Real dinosaur\n|move|p2a: Durant|Entrainment|p1a: Real dinosaur\n|-weather|none\n|-endability|p1a: Real dinosaur|Desolate Land|[from] move: Entrainment\n|-ability|p1a: Real dinosaur|Truant|[from] move: Entrainment\n|\n|upkeep\n|turn|4\n|\n|t:|1698644488\n|switch|p1a: My pet rock|Glimmora, F|100\/100\n|-item|p1a: My pet rock|Air Balloon\n|cant|p2a: Durant|ability: Truant\n|\n|-sideend|p2: Old McBruh|move: Tailwind\n|upkeep\n|turn|5\n|\n|t:|1698644496\n|move|p2a: Durant|Entrainment|p1a: My pet rock\n|-endability|p1a: My pet rock|Toxic Debris|[from] move: Entrainment\n|-ability|p1a: My pet rock|Truant|[from] move: Entrainment\n|move|p1a: My pet rock|Spikes|p2a: Durant\n|-sidestart|p2: Old McBruh|Spikes\n|\n|upkeep\n|turn|6\n|\n|t:|1698644504\n|switch|p1a: Bacon thing|Yveltal, shiny|100\/100\n|-ability|p1a: Bacon thing|Dark Aura\n|cant|p2a: Durant|ability: Truant\n|\n|upkeep\n|turn|7\n|\n|t:|1698644511\n|move|p2a: Durant|Entrainment|p1a: Bacon thing\n|-endability|p1a: Bacon thing|Dark Aura|[from] move: Entrainment\n|-ability|p1a: Bacon thing|Truant|[from] move: Entrainment\n|move|p1a: Bacon thing|Dark Pulse|p2a: Durant\n|-damage|p2a: Durant|0 fnt\n|faint|p2a: Durant\n|-damage|p1a: Bacon thing|91\/100|[from] item: Life Orb\n|\n|upkeep\n|\n|t:|1698644518\n|switch|p2a: Gothitelle|Gothitelle, M|100\/100\n|-damage|p2a: Gothitelle|88\/100|[from] Spikes\n|turn|8\n|\n|t:|1698644523\n|move|p2a: Gothitelle|Protect|p2a: Gothitelle\n|-singleturn|p2a: Gothitelle|Protect\n|cant|p1a: Bacon thing|ability: Truant\n|\n|-heal|p2a: Gothitelle|94\/100|[from] item: Leftovers\n|upkeep\n|turn|9\n|\n|t:|1698644530\n|-terastallize|p2a: Gothitelle|Normal\n|move|p1a: Bacon thing|Dark Pulse|p2a: Gothitelle\n|-damage|p2a: Gothitelle|42\/100\n|-damage|p1a: Bacon thing|81\/100|[from] item: Life Orb\n|move|p2a: Gothitelle|Cosmic Power|p2a: Gothitelle\n|-boost|p2a: Gothitelle|def|1\n|-boost|p2a: Gothitelle|spd|1\n|\n|-heal|p2a: Gothitelle|48\/100|[from] item: Leftovers\n|upkeep\n|turn|10\n|\n|t:|1698644541\n|move|p2a: Gothitelle|Protect|p2a: Gothitelle\n|-singleturn|p2a: Gothitelle|Protect\n|cant|p1a: Bacon thing|ability: Truant\n|\n|-heal|p2a: Gothitelle|54\/100|[from] item: Leftovers\n|upkeep\n|turn|11\n|\n|t:|1698644545\n|move|p1a: Bacon thing|Dark Pulse|p2a: Gothitelle\n|-damage|p2a: Gothitelle|22\/100\n|-damage|p1a: Bacon thing|71\/100|[from] item: Life Orb\n|move|p2a: Gothitelle|Cosmic Power|p2a: Gothitelle\n|-boost|p2a: Gothitelle|def|1\n|-boost|p2a: Gothitelle|spd|1\n|\n|-heal|p2a: Gothitelle|28\/100|[from] item: Leftovers\n|upkeep\n|turn|12\n|c|\u2606Hayakawa00aki|Please stop.\n|\n|t:|1698644554\n|cant|p1a: Bacon thing|ability: Truant\n|move|p2a: Gothitelle|Cosmic Power|p2a: Gothitelle\n|-boost|p2a: Gothitelle|def|1\n|-boost|p2a: Gothitelle|spd|1\n|\n|-heal|p2a: Gothitelle|34\/100|[from] item: Leftovers\n|upkeep\n|turn|13\n|\n|t:|1698644558\n|move|p2a: Gothitelle|Protect|p2a: Gothitelle\n|-singleturn|p2a: Gothitelle|Protect\n|move|p1a: Bacon thing|Dark Pulse|p2a: Gothitelle\n|-activate|p2a: Gothitelle|move: Protect\n|\n|-heal|p2a: Gothitelle|40\/100|[from] item: Leftovers\n|upkeep\n|turn|14\n|\n|t:|1698644564\n|-terastallize|p1a: Bacon thing|Dark\n|cant|p1a: Bacon thing|ability: Truant\n|move|p2a: Gothitelle|Cosmic Power|p2a: Gothitelle\n|-boost|p2a: Gothitelle|def|1\n|-boost|p2a: Gothitelle|spd|1\n|\n|-heal|p2a: Gothitelle|46\/100|[from] item: Leftovers\n|upkeep\n|turn|15\n|\n|t:|1698644569\n|move|p2a: Gothitelle|Protect|p2a: Gothitelle\n|-singleturn|p2a: Gothitelle|Protect\n|move|p1a: Bacon thing|Dark Pulse|p2a: Gothitelle\n|-activate|p2a: Gothitelle|move: Protect\n|\n|-heal|p2a: Gothitelle|52\/100|[from] item: Leftovers\n|upkeep\n|turn|16\n|\n|t:|1698644571\n|cant|p1a: Bacon thing|ability: Truant\n|move|p2a: Gothitelle|Cosmic Power|p2a: Gothitelle\n|-boost|p2a: Gothitelle|def|1\n|-boost|p2a: Gothitelle|spd|1\n|\n|-heal|p2a: Gothitelle|59\/100|[from] item: Leftovers\n|upkeep\n|turn|17\n|\n|t:|1698644573\n|move|p2a: Gothitelle|Protect|p2a: Gothitelle\n|-singleturn|p2a: Gothitelle|Protect\n|move|p1a: Bacon thing|Dark Pulse|p2a: Gothitelle\n|-activate|p2a: Gothitelle|move: Protect\n|\n|-heal|p2a: Gothitelle|65\/100|[from] item: Leftovers\n|upkeep\n|turn|18\n|-message|Hayakawa00aki forfeited.\n|\n|win|Old McBruh\n|raw|Hayakawa00aki's rating: 1247 &rarr; <strong>1231<\/strong><br \/>(-16 for losing)\n|raw|Old McBruh's rating: 1373 &rarr; <strong>1386<\/strong><br \/>(+13 for winning)\n|l|\u2606Hayakawa00aki\n","uploadtime":1698644585,"views":15,"p1id":"hayakawa00aki","p2id":"oldmcbruh","formatid":"gen9nationaldexubers","rating":1231,"private":0,"password":""}