{"id":"gen9nationaldexubers-1999995328","p1":"HopeAddict","p2":"AshenAraquanid","format":"[Gen 9] National Dex Ubers","log":"|j|\u2606HopeAddict\n|j|\u2606AshenAraquanid\n|t:|1701138981\n|gametype|singles\n|player|p1|HopeAddict|chili|\n|player|p2|AshenAraquanid|bugmaniac-gen3|\n|teamsize|p1|6\n|teamsize|p2|6\n|gen|9\n|tier|[Gen 9] National Dex Ubers\n|rule|HP Percentage Mod: HP is shown in percentages\n|rule|Endless Battle Clause: Forcing endless battles is banned\n|rule|OHKO Clause: OHKO moves are banned\n|rule|Evasion Moves Clause: Evasion moves are banned\n|rule|Evasion Items Clause: Evasion items are banned\n|rule|Species Clause: Limit one of each Pok\u00e9mon\n|rule|Sleep Clause Mod: Limit one foe put to sleep\n|rule|Mega Rayquaza Clause: You cannot mega evolve Rayquaza\n|clearpoke\n|poke|p1|Samurott-Hisui, F|\n|poke|p1|Ho-Oh|\n|poke|p1|Diancie|\n|poke|p1|Darkrai|\n|poke|p1|Arceus-Ground|\n|poke|p1|Espathra, M|\n|poke|p2|Deoxys-Speed|\n|poke|p2|Ditto|\n|poke|p2|Aegislash, F|\n|poke|p2|Arceus|\n|poke|p2|Ogerpon-Hearthflame, F|\n|poke|p2|Tornadus-Therian, M|\n|teampreview\n|c|\u2606HopeAddict|sup gamer\n|c|\u2606AshenAraquanid|existing\n|c|\u2606AshenAraquanid|what about you gamer\n|j| PaperDrMario\n|j| ah3nny\n|j| AbstractVoid\n|c|\u2606HopeAddict|eating macking cheese from the michael wave\n|c|\u2606AshenAraquanid|don't let anyone stop you\n|\n|t:|1701139053\n|start\n|switch|p1a: nut vids(screamin)|Samurott-Hisui, F|100\/100\n|switch|p2a: Pool Noodle|Deoxys-Speed|100\/100\n|-ability|p2a: Pool Noodle|Pressure\n|turn|1\n|\n|t:|1701139109\n|switch|p2a: shiatsus|Ditto, shiny|100\/100\n|-transform|p2a: shiatsus|p1a: nut vids(screamin)|[from] ability: Imposter\n|move|p1a: nut vids(screamin)|Ceaseless Edge|p2a: shiatsus\n|-resisted|p2a: shiatsus\n|-damage|p2a: shiatsus|69\/100\n|-sidestart|p2: AshenAraquanid|Spikes\n|\n|upkeep\n|turn|2\n|\n|t:|1701139136\n|move|p1a: nut vids(screamin)|Knock Off|p2a: shiatsus\n|-resisted|p2a: shiatsus\n|-damage|p2a: shiatsus|39\/100\n|-enditem|p2a: shiatsus|Metronome|[from] move: Knock Off|[of] p1a: nut vids(screamin)\n|move|p2a: shiatsus|Razor Shell|p1a: nut vids(screamin)\n|-resisted|p1a: nut vids(screamin)\n|-damage|p1a: nut vids(screamin)|67\/100\n|\n|upkeep\n|turn|3\n|c|\u2606HopeAddict|METRONOME\n|c|\u2606AshenAraquanid|i've been figued out\n|\n|t:|1701139175\n|move|p2a: shiatsus|Ceaseless Edge|p1a: nut vids(screamin)\n|-resisted|p1a: nut vids(screamin)\n|-damage|p1a: nut vids(screamin)|38\/100\n|-sidestart|p1: HopeAddict|Spikes\n|move|p1a: nut vids(screamin)|Ceaseless Edge|p2a: shiatsus\n|-resisted|p2a: shiatsus\n|-damage|p2a: shiatsus|10\/100\n|-sidestart|p2: AshenAraquanid|Spikes\n|\n|upkeep\n|turn|4\n|\n|t:|1701139185\n|move|p1a: nut vids(screamin)|Aqua Jet|p2a: shiatsus\n|-resisted|p2a: shiatsus\n|-damage|p2a: shiatsus|0 fnt\n|faint|p2a: shiatsus\n|\n|upkeep\n|\n|t:|1701139211\n|switch|p2a: Here Comes the Sun|Ogerpon-Hearthflame, F|100\/100\n|-damage|p2a: Here Comes the Sun|84\/100|[from] Spikes\n|-ability|p2a: Here Comes the Sun|Mold Breaker\n|turn|5\n|\n|t:|1701139241\n|switch|p1a: SMOKING CRACK?!|Ho-Oh|100\/100\n|move|p2a: Here Comes the Sun|Swords Dance|p2a: Here Comes the Sun\n|-boost|p2a: Here Comes the Sun|atk|2\n|\n|upkeep\n|turn|6\n|c|\u2606AshenAraquanid|omg\n|j| Berryandon\n|c|\u2606HopeAddict|made this name just for you\n|c|\u2606AshenAraquanid|you're right these nicknames are great\n|j| lonly wolf\n|\n|t:|1701139318\n|move|p2a: Here Comes the Sun|Ivy Cudgel|p1a: SMOKING CRACK?!|[anim] Ivy Cudgel Fire\n|-resisted|p1a: SMOKING CRACK?!\n|-damage|p1a: SMOKING CRACK?!|44\/100\n|move|p1a: SMOKING CRACK?!|Brave Bird|p2a: Here Comes the Sun\n|-supereffective|p2a: Here Comes the Sun\n|-damage|p2a: Here Comes the Sun|0 fnt\n|faint|p2a: Here Comes the Sun\n|-damage|p1a: SMOKING CRACK?!|25\/100|[from] Recoil\n|\n|-heal|p1a: SMOKING CRACK?!|31\/100|[from] item: Leftovers\n|upkeep\n|\n|t:|1701139342\n|switch|p2a: DrivingMisdemeanor|Arceus|100\/100\n|-damage|p2a: DrivingMisdemeanor|84\/100|[from] Spikes\n|turn|7\n|\n|t:|1701139367\n|switch|p1a: IEatRock4Breakfast|Diancie|100\/100\n|-damage|p1a: IEatRock4Breakfast|88\/100|[from] Spikes\n|move|p2a: DrivingMisdemeanor|Extreme Speed|p1a: IEatRock4Breakfast\n|-resisted|p1a: IEatRock4Breakfast\n|-damage|p1a: IEatRock4Breakfast|61\/100\n|\n|upkeep\n|turn|8\n|c| Berryandon|Guys if ypu get a discord notification while nkt tabbed in do not try to viee it from the discord bar\n|c| Berryandon|My shit is broken fuck ylu guys\n|c|\u2606AshenAraquanid|uh oh\n|\n|t:|1701139414\n|detailschange|p1a: IEatRock4Breakfast|Diancie-Mega\n|-mega|p1a: IEatRock4Breakfast|Diancie|Diancite\n|move|p2a: DrivingMisdemeanor|Extreme Speed|p1a: IEatRock4Breakfast\n|-resisted|p1a: IEatRock4Breakfast\n|-damage|p1a: IEatRock4Breakfast|25\/100\n|move|p1a: IEatRock4Breakfast|Calm Mind|p1a: IEatRock4Breakfast\n|-boost|p1a: IEatRock4Breakfast|spa|1\n|-boost|p1a: IEatRock4Breakfast|spd|1\n|\n|upkeep\n|turn|9\n|\n|t:|1701139446\n|move|p2a: DrivingMisdemeanor|Extreme Speed|p1a: IEatRock4Breakfast\n|-resisted|p1a: IEatRock4Breakfast\n|-damage|p1a: IEatRock4Breakfast|0 fnt\n|faint|p1a: IEatRock4Breakfast\n|\n|upkeep\n|\n|t:|1701139474\n|switch|p1a: SMOKING CRACK?!|Ho-Oh|64\/100\n|turn|10\n|\n|t:|1701139487\n|move|p2a: DrivingMisdemeanor|Extreme Speed|p1a: SMOKING CRACK?!\n|-damage|p1a: SMOKING CRACK?!|8\/100\n|move|p1a: SMOKING CRACK?!|Toxic|p2a: DrivingMisdemeanor\n|-status|p2a: DrivingMisdemeanor|tox\n|\n|-heal|p1a: SMOKING CRACK?!|14\/100|[from] item: Leftovers\n|-damage|p2a: DrivingMisdemeanor|78\/100 tox|[from] psn\n|upkeep\n|turn|11\n|j| Tazz21\n|\n|t:|1701139500\n|switch|p1a: nut vids(screamin)|Samurott-Hisui, F|38\/100\n|-damage|p1a: nut vids(screamin)|25\/100|[from] Spikes\n|move|p2a: DrivingMisdemeanor|Extreme Speed|p1a: nut vids(screamin)\n|-damage|p1a: nut vids(screamin)|0 fnt\n|faint|p1a: nut vids(screamin)\n|\n|-damage|p2a: DrivingMisdemeanor|66\/100 tox|[from] psn\n|upkeep\n|\n|t:|1701139526\n|switch|p1a: the poop dealer|Arceus-Ground|100\/100\n|-damage|p1a: the poop dealer|88\/100|[from] Spikes\n|turn|12\n|c| PaperDrMario|yo\n|c| PaperDrMario|im looking for some poop\n|c| PaperDrMario|u got any?\n|c| lonly wolf|SMOKING CRACK USED TOXIC\n|c| lonly wolf|JOSE USED TOXIC\n|c| lonly wolf|look  at this guy\n|c|\u2606AshenAraquanid|it's the poop god\n|c|\u2606HopeAddict|baby's first toxic\n|c| lonly wolf|toxic ass bitch\n|c|\u2606AshenAraquanid|i'd be shocked if they didn't\n|\n|t:|1701139566\n|switch|p2a: ImThe(4'7\")Bird|Tornadus-Therian, M, shiny|100\/100\n|move|p1a: the poop dealer|Recover|p1a: the poop dealer\n|-heal|p1a: the poop dealer|100\/100\n|\n|upkeep\n|turn|13\n|c|\u2606HopeAddict|\ud83d\ude2d\ud83d\ude2d\ud83d\ude2d\ud83d\ude2d\ud83d\ude2d\ud83d\ude2d\ud83d\ude2d\ud83d\ude2d\ud83d\ude2d\n|\n|t:|1701139578\n|move|p2a: ImThe(4'7\")Bird|Defog|p1a: the poop dealer\n|-unboost|p1a: the poop dealer|evasion|1\n|-sideend|p1: HopeAddict|Spikes|[from] move: Defog|[of] p2a: ImThe(4'7\")Bird\n|-sideend|p2: AshenAraquanid|Spikes|[from] move: Defog|[of] p2a: ImThe(4'7\")Bird\n|move|p1a: the poop dealer|Ice Beam|p2a: ImThe(4'7\")Bird\n|-supereffective|p2a: ImThe(4'7\")Bird\n|-damage|p2a: ImThe(4'7\")Bird|44\/100\n|\n|upkeep\n|turn|14\n|\n|t:|1701139593\n|move|p2a: ImThe(4'7\")Bird|Tailwind|p2a: ImThe(4'7\")Bird\n|-sidestart|p2: AshenAraquanid|move: Tailwind\n|move|p1a: the poop dealer|Calm Mind|p1a: the poop dealer\n|-boost|p1a: the poop dealer|spa|1\n|-boost|p1a: the poop dealer|spd|1\n|\n|upkeep\n|turn|15\n|\n|t:|1701139611\n|switch|p2a: DrivingMisdemeanor|Arceus|66\/100 tox\n|move|p1a: the poop dealer|Ice Beam|p2a: DrivingMisdemeanor\n|-damage|p2a: DrivingMisdemeanor|32\/100 tox\n|\n|-damage|p2a: DrivingMisdemeanor|26\/100 tox|[from] psn\n|upkeep\n|turn|16\n|c| Berryandon|Uhhh lemme get a bacon egg and uhh smear a lil poop on dere\n|\n|t:|1701139638\n|move|p2a: DrivingMisdemeanor|Outrage|p1a: the poop dealer\n|-damage|p1a: the poop dealer|55\/100\n|move|p1a: the poop dealer|Ice Beam|p2a: DrivingMisdemeanor\n|-damage|p2a: DrivingMisdemeanor|0 fnt\n|faint|p2a: DrivingMisdemeanor\n|\n|upkeep\n|\n|t:|1701139651\n|switch|p2a: Dominos|Aegislash, F|100\/100\n|turn|17\n|\n|t:|1701139698\n|switch|p2a: ImThe(4'7\")Bird|Tornadus-Therian, M, shiny|77\/100\n|move|p1a: the poop dealer|Recover|p1a: the poop dealer\n|-heal|p1a: the poop dealer|100\/100\n|\n|-sideend|p2: AshenAraquanid|move: Tailwind\n|upkeep\n|turn|18\n|\n|t:|1701139712\n|switch|p2a: Dominos|Aegislash, F|100\/100\n|move|p1a: the poop dealer|Ice Beam|p2a: Dominos\n|-resisted|p2a: Dominos\n|-damage|p2a: Dominos|87\/100\n|\n|-heal|p2a: Dominos|93\/100|[from] item: Leftovers\n|upkeep\n|turn|19\n|c| lonly wolf|the fact that arceus is on every team is why people should bring toxic\n|\n|t:|1701139734\n|move|p2a: Dominos|King's Shield|p2a: Dominos\n|-singleturn|p2a: Dominos|Protect\n|move|p1a: the poop dealer|Judgment|p2a: Dominos\n|-activate|p2a: Dominos|move: Protect\n|\n|-heal|p2a: Dominos|99\/100|[from] item: Leftovers\n|upkeep\n|turn|20\n|c| lonly wolf|this thing couldve been dead 19 turns ago if it was poisoned\n|\n|t:|1701139770\n|switch|p2a: ImThe(4'7\")Bird|Tornadus-Therian, M, shiny|100\/100\n|move|p1a: the poop dealer|Judgment|p2a: ImThe(4'7\")Bird\n|-immune|p2a: ImThe(4'7\")Bird\n|\n|upkeep\n|turn|21\n|c| Tazz21|i feel like my arc gets will o wisp'd every time i bring it physical. which is my fault for bringing phys arc and leaving it in on wispers but hey\n|c| Tazz21|its like the same thing\n|c| AbstractVoid|just means you need to hit twice as many dragon dances\n|c| Tazz21|true!!\n|\n|t:|1701139810\n|move|p2a: ImThe(4'7\")Bird|Bleakwind Storm|p1a: the poop dealer\n|-crit|p1a: the poop dealer\n|-damage|p1a: the poop dealer|59\/100\n|-unboost|p1a: the poop dealer|spe|1\n|move|p1a: the poop dealer|Ice Beam|p2a: ImThe(4'7\")Bird\n|-supereffective|p2a: ImThe(4'7\")Bird\n|-damage|p2a: ImThe(4'7\")Bird|15\/100\n|\n|upkeep\n|turn|22\n|c|\u2606HopeAddict|she on my dragon till i dance\n|c| PaperDrMario|i love arceus calm mind i love arceus calm mind\n|\n|t:|1701139846\n|move|p2a: ImThe(4'7\")Bird|Tailwind|p2a: ImThe(4'7\")Bird\n|-sidestart|p2: AshenAraquanid|move: Tailwind\n|move|p1a: the poop dealer|Recover|p1a: the poop dealer\n|-heal|p1a: the poop dealer|100\/100\n|\n|upkeep\n|turn|23\n|\n|t:|1701139856\n|move|p2a: ImThe(4'7\")Bird|Bleakwind Storm|p1a: the poop dealer\n|-damage|p1a: the poop dealer|81\/100\n|move|p1a: the poop dealer|Ice Beam|p2a: ImThe(4'7\")Bird\n|-supereffective|p2a: ImThe(4'7\")Bird\n|-damage|p2a: ImThe(4'7\")Bird|0 fnt\n|faint|p2a: ImThe(4'7\")Bird\n|\n|upkeep\n|\n|t:|1701139877\n|switch|p2a: Dominos|Aegislash, F|99\/100\n|turn|24\n|\n|t:|1701139892\n|-formechange|p2a: Dominos|Aegislash-Blade||[from] ability: Stance Change\n|move|p2a: Dominos|Close Combat|p1a: the poop dealer\n|-damage|p1a: the poop dealer|51\/100\n|-unboost|p2a: Dominos|def|1\n|-unboost|p2a: Dominos|spd|1\n|move|p1a: the poop dealer|Calm Mind|p1a: the poop dealer\n|-boost|p1a: the poop dealer|spa|1\n|-boost|p1a: the poop dealer|spd|1\n|\n|-heal|p2a: Dominos|100\/100|[from] item: Leftovers\n|upkeep\n|turn|25\n|\n|t:|1701139918\n|move|p2a: Dominos|Toxic|p1a: the poop dealer\n|-status|p1a: the poop dealer|tox\n|move|p1a: the poop dealer|Recover|p1a: the poop dealer\n|-heal|p1a: the poop dealer|100\/100 tox\n|\n|-damage|p1a: the poop dealer|94\/100 tox|[from] psn\n|-sideend|p2: AshenAraquanid|move: Tailwind\n|upkeep\n|turn|26\n|c| AbstractVoid|YEAH\n|c| Tazz21|holy shit toxic\n|\n|t:|1701139926\n|-formechange|p2a: Dominos|Aegislash||[from] ability: Stance Change\n|move|p2a: Dominos|King's Shield|p2a: Dominos\n|-singleturn|p2a: Dominos|Protect\n|move|p1a: the poop dealer|Judgment|p2a: Dominos\n|-activate|p2a: Dominos|move: Protect\n|\n|-damage|p1a: the poop dealer|82\/100 tox|[from] psn\n|upkeep\n|turn|27\n|c| lonly wolf|wow\n|l| Berryandon\n|\n|t:|1701139990\n|move|p2a: Dominos|King's Shield||[still]\n|-fail|p2a: Dominos\n|move|p1a: the poop dealer|Judgment|p2a: Dominos\n|-supereffective|p2a: Dominos\n|-damage|p2a: Dominos|0 fnt\n|faint|p2a: Dominos\n|\n|-damage|p1a: the poop dealer|64\/100 tox|[from] psn\n|upkeep\n|\n|t:|1701140000\n|switch|p2a: Pool Noodle|Deoxys-Speed|100\/100\n|-ability|p2a: Pool Noodle|Pressure\n|turn|28\n|\n|t:|1701140014\n|move|p2a: Pool Noodle|Protect|p2a: Pool Noodle\n|-singleturn|p2a: Pool Noodle|Protect\n|move|p1a: the poop dealer|Judgment|p2a: Pool Noodle\n|-activate|p2a: Pool Noodle|move: Protect\n|\n|-damage|p1a: the poop dealer|40\/100 tox|[from] psn\n|upkeep\n|turn|29\n|\n|t:|1701140022\n|move|p2a: Pool Noodle|Nasty Plot|p2a: Pool Noodle\n|-boost|p2a: Pool Noodle|spa|2\n|move|p1a: the poop dealer|Judgment|p2a: Pool Noodle\n|-enditem|p2a: Pool Noodle|Focus Sash\n|-damage|p2a: Pool Noodle|1\/100\n|\n|-damage|p1a: the poop dealer|10\/100 tox|[from] psn\n|upkeep\n|turn|30\n|c|\u2606HopeAddict|whats he schemin\n|c| lonly wolf|let him cook\n|\n|t:|1701140044\n|move|p2a: Pool Noodle|Protect|p2a: Pool Noodle\n|-singleturn|p2a: Pool Noodle|Protect\n|move|p1a: the poop dealer|Judgment|p2a: Pool Noodle\n|-activate|p2a: Pool Noodle|move: Protect\n|\n|-damage|p1a: the poop dealer|0 fnt|[from] psn\n|faint|p1a: the poop dealer\n|upkeep\n|\n|t:|1701140048\n|switch|p1a: dank rye|Darkrai|100\/100\n|turn|31\n|c| lonly wolf|he can hit darkrai\n|\n|t:|1701140054\n|move|p1a: dank rye|Dark Pulse|p2a: Pool Noodle\n|-supereffective|p2a: Pool Noodle\n|-damage|p2a: Pool Noodle|0 fnt\n|faint|p2a: Pool Noodle\n|\n|win|HopeAddict\n|l| Tazz21\n|c|\u2606HopeAddict|gg\n|c|\u2606AshenAraquanid|gg\n|c| lonly wolf|who the fuck runs scarf darkrai\n|c| AbstractVoid|wait did you just outspeed deo speed\n|c| AbstractVoid|good lord\n|c|\u2606AshenAraquanid|jose apparently\n|c|\u2606AshenAraquanid|yeah he did\n|c|\u2606HopeAddict|yessirrrrrrrr\n|c| lonly wolf|why\n|c|\u2606HopeAddict|to outspeed deoxys\n","uploadtime":1701140085,"views":10,"p1id":"hopeaddict","p2id":"ashenaraquanid","formatid":"gen9nationaldexubers","rating":0,"private":0,"password":""}