{"id":"gen9nationaldexubers-1983415928","p1":"medi34","p2":"bobmcforman","format":"[Gen 9] National Dex Ubers","log":"|j|\u2606medi34\n|j|\u2606bobmcforman\n|t:|1699127790\n|gametype|singles\n|player|p1|medi34|265|\n|player|p2|bobmcforman|266|\n|teamsize|p1|6\n|teamsize|p2|6\n|gen|9\n|tier|[Gen 9] National Dex Ubers\n|rule|HP Percentage Mod: HP is shown in percentages\n|rule|Endless Battle Clause: Forcing endless battles is banned\n|rule|OHKO Clause: OHKO moves are banned\n|rule|Evasion Moves Clause: Evasion moves are banned\n|rule|Evasion Items Clause: Evasion items are banned\n|rule|Species Clause: Limit one of each Pok\u00e9mon\n|rule|Sleep Clause Mod: Limit one foe put to sleep\n|rule|Mega Rayquaza Clause: You cannot mega evolve Rayquaza\n|clearpoke\n|poke|p1|Meowscarada, F|\n|poke|p1|Skeledirge, F|\n|poke|p1|Corviknight, M|\n|poke|p1|Baxcalibur, M|\n|poke|p1|Florges-Yellow, F|\n|poke|p1|Groudon|\n|poke|p2|Annihilape, M|\n|poke|p2|Gholdengo|\n|poke|p2|Dondozo, F|\n|poke|p2|Ting-Lu|\n|poke|p2|Iron Moth|\n|poke|p2|Guzzlord|\n|teampreview\n|\n|t:|1699127818\n|start\n|switch|p1a: meow|Meowscarada, F, shiny|100\/100\n|switch|p2a: Tohnathan|Ting-Lu|100\/100\n|-ability|p2a: Tohnathan|Vessel of Ruin\n|turn|1\n|j| cincinnaticynda\n|c|\u2606medi34|glhf\n|\n|t:|1699127853\n|move|p1a: meow|Play Rough|p2a: Tohnathan\n|-start|p1a: meow|typechange|Fairy|[from] ability: Protean\n|-supereffective|p2a: Tohnathan\n|-damage|p2a: Tohnathan|36\/100\n|-enditem|p2a: Tohnathan|Red Card|[of] p1a: meow\n|drag|p1a: cake pop|Florges-Yellow, F, shiny|100\/100\n|move|p2a: Tohnathan|Stealth Rock|p1a: cake pop\n|-sidestart|p1: medi34|move: Stealth Rock\n|\n|upkeep\n|turn|2\n|\n|t:|1699127898\n|move|p1a: cake pop|Moonblast|p2a: Tohnathan\n|-supereffective|p2a: Tohnathan\n|-damage|p2a: Tohnathan|6\/100\n|move|p2a: Tohnathan|Ruination|p1a: cake pop\n|-damage|p1a: cake pop|50\/100\n|\n|upkeep\n|turn|3\n|\n|t:|1699127909\n|move|p1a: cake pop|Moonblast|p2a: Tohnathan\n|-supereffective|p2a: Tohnathan\n|-damage|p2a: Tohnathan|0 fnt\n|faint|p2a: Tohnathan\n|\n|upkeep\n|\n|t:|1699127921\n|switch|p2a: Gohnathan|Gholdengo|100\/100\n|turn|4\n|\n|t:|1699128016\n|move|p2a: Gohnathan|Nasty Plot|p2a: Gohnathan\n|-boost|p2a: Gohnathan|spa|2\n|move|p1a: cake pop|Calm Mind|p1a: cake pop\n|-boost|p1a: cake pop|spa|1\n|-boost|p1a: cake pop|spd|1\n|\n|upkeep\n|turn|5\n|\n|t:|1699128035\n|move|p2a: Gohnathan|Make It Rain|p1a: cake pop\n|-supereffective|p1a: cake pop\n|-damage|p1a: cake pop|0 fnt\n|-unboost|p2a: Gohnathan|spa|1\n|faint|p1a: cake pop\n|\n|upkeep\n|\n|t:|1699128046\n|switch|p1a: meow|Meowscarada, F, shiny|100\/100\n|-damage|p1a: meow|88\/100|[from] Stealth Rock\n|turn|6\n|\n|t:|1699128053\n|move|p1a: meow|Knock Off|p2a: Gohnathan\n|-start|p1a: meow|typechange|Dark|[from] ability: Protean\n|-supereffective|p2a: Gohnathan\n|-damage|p2a: Gohnathan|0 fnt\n|-enditem|p2a: Gohnathan|Heavy-Duty Boots|[from] move: Knock Off|[of] p1a: meow\n|faint|p2a: Gohnathan\n|\n|upkeep\n|\n|t:|1699128071\n|switch|p2a: Dohnathan|Dondozo, F|100\/100\n|turn|7\n|\n|t:|1699128105\n|switch|p1a: dino nugget|Groudon, shiny|100\/100\n|-damage|p1a: dino nugget|94\/100|[from] Stealth Rock\n|-weather|SunnyDay|[from] ability: Drought|[of] p1a: dino nugget\n|move|p2a: Dohnathan|Body Press|p1a: dino nugget\n|-crit|p1a: dino nugget\n|-damage|p1a: dino nugget|75\/100\n|\n|-weather|SunnyDay|[upkeep]\n|-heal|p1a: dino nugget|81\/100|[from] item: Leftovers\n|upkeep\n|turn|8\n|\n|t:|1699128138\n|move|p1a: dino nugget|Thunder Wave|p2a: Dohnathan\n|-status|p2a: Dohnathan|par\n|move|p2a: Dohnathan|Liquidation|p1a: dino nugget\n|-supereffective|p1a: dino nugget\n|-damage|p1a: dino nugget|66\/100\n|\n|-weather|SunnyDay|[upkeep]\n|-heal|p1a: dino nugget|72\/100|[from] item: Leftovers\n|upkeep\n|turn|9\n|\n|t:|1699128152\n|move|p1a: dino nugget|Protect|p1a: dino nugget\n|-singleturn|p1a: dino nugget|Protect\n|move|p2a: Dohnathan|Liquidation|p1a: dino nugget\n|-activate|p1a: dino nugget|move: Protect\n|\n|-weather|SunnyDay|[upkeep]\n|-heal|p1a: dino nugget|78\/100|[from] item: Leftovers\n|upkeep\n|turn|10\n|\n|t:|1699128191\n|move|p1a: dino nugget|Solar Beam||[still]\n|-prepare|p1a: dino nugget|Solar Beam\n|-anim|p1a: dino nugget|Solar Beam|p2a: Dohnathan\n|-supereffective|p2a: Dohnathan\n|-damage|p2a: Dohnathan|54\/100 par\n|cant|p2a: Dohnathan|par\n|\n|-weather|SunnyDay|[upkeep]\n|-heal|p1a: dino nugget|85\/100|[from] item: Leftovers\n|upkeep\n|turn|11\n|\n|t:|1699128202\n|move|p1a: dino nugget|Earthquake|p2a: Dohnathan\n|-damage|p2a: Dohnathan|34\/100 par\n|move|p2a: Dohnathan|Liquidation|p1a: dino nugget\n|-supereffective|p1a: dino nugget\n|-damage|p1a: dino nugget|70\/100\n|\n|-weather|none\n|-heal|p1a: dino nugget|76\/100|[from] item: Leftovers\n|upkeep\n|turn|12\n|\n|t:|1699128275\n|move|p1a: dino nugget|Earthquake|p2a: Dohnathan\n|-damage|p2a: Dohnathan|13\/100 par\n|move|p2a: Dohnathan|Rest|p2a: Dohnathan\n|-status|p2a: Dohnathan|slp|[from] move: Rest\n|-heal|p2a: Dohnathan|100\/100 slp|[silent]\n|\n|-heal|p1a: dino nugget|82\/100|[from] item: Leftovers\n|upkeep\n|turn|13\n|\n|t:|1699128305\n|move|p1a: dino nugget|Protect|p1a: dino nugget\n|-singleturn|p1a: dino nugget|Protect\n|cant|p2a: Dohnathan|slp\n|move|p2a: Dohnathan|Sleep Talk|p2a: Dohnathan\n|move|p2a: Dohnathan|Liquidation|p1a: dino nugget|[from]move: Sleep Talk\n|-activate|p1a: dino nugget|move: Protect\n|\n|-heal|p1a: dino nugget|88\/100|[from] item: Leftovers\n|upkeep\n|turn|14\n|\n|t:|1699128322\n|switch|p1a: Great Value Skarm|Corviknight, M, shiny|100\/100\n|-damage|p1a: Great Value Skarm|88\/100|[from] Stealth Rock\n|cant|p2a: Dohnathan|slp\n|move|p2a: Dohnathan|Sleep Talk|p2a: Dohnathan\n|move|p2a: Dohnathan|Rest||[from]move: Sleep Talk|[still]\n|-fail|p2a: Dohnathan\n|\n|upkeep\n|turn|15\n|\n|t:|1699128354\n|move|p1a: Great Value Skarm|Defog|p2a: Dohnathan\n|-unboost|p2a: Dohnathan|evasion|1\n|-sideend|p1: medi34|Stealth Rock|[from] move: Defog|[of] p1a: Great Value Skarm\n|-curestatus|p2a: Dohnathan|slp|[msg]\n|move|p2a: Dohnathan|Sleep Talk||[still]\n|-fail|p2a: Dohnathan\n|\n|upkeep\n|turn|16\n|\n|t:|1699128379\n|move|p1a: Great Value Skarm|U-turn|p2a: Dohnathan\n|-damage|p2a: Dohnathan|94\/100\n|-damage|p1a: Great Value Skarm|72\/100|[from] item: Rocky Helmet|[of] p2a: Dohnathan\n|\n|t:|1699128413\n|switch|p1a: dino nugget|Groudon, shiny|88\/100|[from] U-turn\n|-weather|SunnyDay|[from] ability: Drought|[of] p1a: dino nugget\n|move|p2a: Dohnathan|Body Press|p1a: dino nugget\n|-damage|p1a: dino nugget|74\/100\n|\n|-weather|SunnyDay|[upkeep]\n|-heal|p1a: dino nugget|80\/100|[from] item: Leftovers\n|upkeep\n|turn|17\n|\n|t:|1699128459\n|switch|p2a: Guzzy|Guzzlord, shiny|100\/100\n|move|p1a: dino nugget|Thunder Wave|p2a: Guzzy\n|-status|p2a: Guzzy|par\n|\n|-weather|SunnyDay|[upkeep]\n|-heal|p1a: dino nugget|87\/100|[from] item: Leftovers\n|upkeep\n|turn|18\n|\n|t:|1699128494\n|move|p1a: dino nugget|Protect|p1a: dino nugget\n|-singleturn|p1a: dino nugget|Protect\n|move|p2a: Guzzy|Draco Meteor|p1a: dino nugget\n|-activate|p1a: dino nugget|move: Protect\n|\n|-weather|SunnyDay|[upkeep]\n|-heal|p1a: dino nugget|93\/100|[from] item: Leftovers\n|upkeep\n|turn|19\n|c|\u2606bobmcforman|guzzy got my back\n|c|\u2606medi34|once again, elite shiny\n|\n|t:|1699128520\n|move|p1a: dino nugget|Earthquake|p2a: Guzzy\n|-damage|p2a: Guzzy|58\/100 par\n|cant|p2a: Guzzy|par\n|\n|-weather|SunnyDay|[upkeep]\n|-heal|p1a: dino nugget|99\/100|[from] item: Leftovers\n|upkeep\n|turn|20\n|\n|t:|1699128548\n|move|p1a: dino nugget|Earthquake|p2a: Guzzy\n|-damage|p2a: Guzzy|19\/100 par\n|move|p2a: Guzzy|Draco Meteor|p1a: dino nugget\n|-damage|p1a: dino nugget|9\/100\n|-unboost|p2a: Guzzy|spa|2\n|\n|-weather|none\n|-heal|p1a: dino nugget|15\/100|[from] item: Leftovers\n|upkeep\n|turn|21\n|\n|t:|1699128604\n|move|p1a: dino nugget|Earthquake|p2a: Guzzy\n|-damage|p2a: Guzzy|0 fnt\n|faint|p2a: Guzzy\n|\n|-heal|p1a: dino nugget|21\/100|[from] item: Leftovers\n|upkeep\n|j| chikinwang\n|c|\u2606medi34|90% is crazy, what a hit\n|c| chikinwang|Fire name\n|c|\u2606medi34|bows*\n|\n|t:|1699128659\n|switch|p2a: Mohnathan|Iron Moth|100\/100\n|-enditem|p2a: Mohnathan|Booster Energy\n|-activate|p2a: Mohnathan|ability: Quark Drive|[fromitem]\n|-start|p2a: Mohnathan|quarkdrivespe\n|turn|22\n|\n|t:|1699128677\n|move|p1a: dino nugget|Protect|p1a: dino nugget\n|-singleturn|p1a: dino nugget|Protect\n|move|p2a: Mohnathan|Energy Ball|p1a: dino nugget\n|-activate|p1a: dino nugget|move: Protect\n|\n|-heal|p1a: dino nugget|27\/100|[from] item: Leftovers\n|upkeep\n|turn|23\n|c| chikinwang|Love the name scheme codesworth\n|\n|t:|1699128712\n|switch|p1a: Arthur|Baxcalibur, M, shiny|100\/100\n|move|p2a: Mohnathan|Energy Ball|p1a: Arthur\n|-resisted|p1a: Arthur\n|-damage|p1a: Arthur|89\/100\n|\n|upkeep\n|turn|24\n|\n|t:|1699128736\n|move|p2a: Mohnathan|Fiery Dance|p1a: Arthur\n|-damage|p1a: Arthur|59\/100\n|-boost|p2a: Mohnathan|spa|1\n|-ability|p1a: Arthur|Thermal Exchange|boost\n|-boost|p1a: Arthur|atk|1\n|move|p1a: Arthur|Earthquake|p2a: Mohnathan\n|-supereffective|p2a: Mohnathan\n|-damage|p2a: Mohnathan|0 fnt\n|faint|p2a: Mohnathan\n|-end|p2a: Mohnathan|Quark Drive|[silent]\n|\n|upkeep\n|\n|t:|1699128750\n|switch|p2a: Johnathan|Annihilape, M|100\/100\n|turn|25\n|\n|t:|1699128798\n|-terastallize|p1a: Arthur|Fairy\n|move|p1a: Arthur|Glaive Rush|p2a: Johnathan\n|-damage|p2a: Johnathan|0 fnt\n|-singlemove|p1a: Arthur|Glaive Rush|[silent]\n|faint|p2a: Johnathan\n|\n|upkeep\n|\n|t:|1699128837\n|switch|p2a: Dohnathan|Dondozo, F|94\/100\n|turn|26\n|\n|t:|1699128843\n|move|p1a: Arthur|Glaive Rush|p2a: Dohnathan\n|-damage|p2a: Dohnathan|58\/100\n|-singlemove|p1a: Arthur|Glaive Rush|[silent]\n|-damage|p1a: Arthur|42\/100|[from] item: Rocky Helmet|[of] p2a: Dohnathan\n|move|p2a: Dohnathan|Body Press|p1a: Arthur\n|-resisted|p1a: Arthur\n|-damage|p1a: Arthur|14\/100\n|\n|upkeep\n|turn|27\n|\n|t:|1699128854\n|move|p1a: Arthur|Glaive Rush|p2a: Dohnathan\n|-damage|p2a: Dohnathan|25\/100\n|-singlemove|p1a: Arthur|Glaive Rush|[silent]\n|-damage|p1a: Arthur|0 fnt|[from] item: Rocky Helmet|[of] p2a: Dohnathan\n|faint|p1a: Arthur\n|move|p2a: Dohnathan|Body Press|p1: Arthur|[notarget]\n|-fail|p2a: Dohnathan\n|\n|upkeep\n|\n|t:|1699128857\n|switch|p1a: meow|Meowscarada, F, shiny|88\/100\n|turn|28\n|\n|t:|1699128864\n|move|p1a: meow|Flower Trick|p2a: Dohnathan\n|-start|p1a: meow|typechange|Grass|[from] ability: Protean\n|-supereffective|p2a: Dohnathan\n|-crit|p2a: Dohnathan\n|-damage|p2a: Dohnathan|0 fnt\n|faint|p2a: Dohnathan\n|\n|win|medi34\n|c|\u2606medi34|gg\n|c|\u2606bobmcforman|gg\n","uploadtime":1699128875,"views":10,"p1id":"medi34","p2id":"bobmcforman","formatid":"gen9nationaldexubers","rating":0,"private":0,"password":""}