{"id":"gen9nationaldexubers-1989272453","p1":"Zanty-Chan","p2":"AgenteDino","format":"[Gen 9] National Dex Ubers","log":"|j|\u2606Zanty-Chan\n|j|\u2606AgenteDino\n|t:|1699830431\n|gametype|singles\n|player|p1|Zanty-Chan|red|\n|player|p2|AgenteDino|marnie|\n|teamsize|p1|6\n|teamsize|p2|6\n|gen|9\n|tier|[Gen 9] National Dex Ubers\n|rule|HP Percentage Mod: HP is shown in percentages\n|rule|Endless Battle Clause: Forcing endless battles is banned\n|rule|OHKO Clause: OHKO moves are banned\n|rule|Evasion Moves Clause: Evasion moves are banned\n|rule|Evasion Items Clause: Evasion items are banned\n|rule|Species Clause: Limit one of each Pok\u00e9mon\n|rule|Sleep Clause Mod: Limit one foe put to sleep\n|rule|Mega Rayquaza Clause: You cannot mega evolve Rayquaza\n|clearpoke\n|poke|p1|Xerneas-*|\n|poke|p1|Aegislash, F|\n|poke|p1|Goodra, F|\n|poke|p1|Greninja-*, M|\n|poke|p1|Klefki, F|\n|poke|p1|Malamar, M|\n|poke|p2|Xerneas-*|\n|poke|p2|Yveltal|\n|poke|p2|Zygarde|\n|poke|p2|Greninja-*, M|\n|poke|p2|Goodra, M|\n|poke|p2|Aegislash, M|\n|teampreview\n|inactive|Battle timer is ON: inactive players will automatically lose when time's up. (requested by Zanty-Chan)\n|\n|t:|1699830455\n|start\n|switch|p1a: Klefki|Klefki, F|100\/100\n|switch|p2a: Goodra|Goodra, M|100\/100\n|turn|1\n|\n|t:|1699830475\n|move|p1a: Klefki|Light Screen|p1a: Klefki\n|-sidestart|p1: Zanty-Chan|move: Light Screen\n|move|p2a: Goodra|Knock Off|p1a: Klefki\n|-resisted|p1a: Klefki\n|-damage|p1a: Klefki|87\/100\n|-enditem|p1a: Klefki|Light Clay|[from] move: Knock Off|[of] p2a: Goodra\n|\n|upkeep\n|turn|2\n|l|\u2606Zanty-Chan\n|inactive|Zanty-Chan disconnected and has 300 seconds to reconnect!\n|player|p1|\n|inactive|Zanty-Chan has 270 seconds to reconnect!\n|j|\u2606Zanty-Chan\n|inactive|Zanty-Chan reconnected and has 285 seconds left.\n|player|p1|Zanty-Chan|red\n|inactive|Zanty-Chan has 270 seconds left.\n|inactive|AgenteDino has 270 seconds left.\n|\n|t:|1699830543\n|switch|p2a: Aegislash|Aegislash, M|100\/100\n|move|p1a: Klefki|Reflect|p1a: Klefki\n|-sidestart|p1: Zanty-Chan|Reflect\n|\n|upkeep\n|turn|3\n|inactive|Zanty-Chan has 270 seconds left.\n|\n|t:|1699830556\n|switch|p1a: Aegislash|Aegislash, F|100\/100\n|move|p2a: Aegislash|Substitute|p2a: Aegislash\n|-start|p2a: Aegislash|Substitute\n|-damage|p2a: Aegislash|76\/100\n|\n|-heal|p2a: Aegislash|82\/100|[from] item: Leftovers\n|upkeep\n|turn|4\n|\n|t:|1699830562\n|move|p1a: Aegislash|Substitute|p1a: Aegislash\n|-start|p1a: Aegislash|Substitute\n|-damage|p1a: Aegislash|75\/100\n|-formechange|p2a: Aegislash|Aegislash-Blade||[from] ability: Stance Change\n|move|p2a: Aegislash|Gyro Ball|p1a: Aegislash\n|-resisted|p1a: Aegislash\n|-activate|p1a: Aegislash|move: Substitute|[damage]\n|\n|-heal|p1a: Aegislash|82\/100|[from] item: Leftovers\n|-heal|p2a: Aegislash|88\/100|[from] item: Leftovers\n|upkeep\n|turn|5\n|\n|t:|1699830575\n|-formechange|p2a: Aegislash|Aegislash||[from] ability: Stance Change\n|move|p2a: Aegislash|King's Shield|p2a: Aegislash\n|-singleturn|p2a: Aegislash|Protect\n|move|p1a: Aegislash|King's Shield||[still]\n|-fail|p1a: Aegislash\n|\n|-heal|p2a: Aegislash|94\/100|[from] item: Leftovers\n|-heal|p1a: Aegislash|88\/100|[from] item: Leftovers\n|upkeep\n|turn|6\n|\n|t:|1699830588\n|move|p1a: Aegislash|King's Shield|p1a: Aegislash\n|-singleturn|p1a: Aegislash|Protect\n|-formechange|p2a: Aegislash|Aegislash-Blade||[from] ability: Stance Change\n|move|p2a: Aegislash|Gyro Ball|p1a: Aegislash\n|-activate|p1a: Aegislash|move: Protect\n|-unboost|p2a: Aegislash|atk|1\n|\n|-heal|p2a: Aegislash|100\/100|[from] item: Leftovers\n|-heal|p1a: Aegislash|94\/100|[from] item: Leftovers\n|-sideend|p1: Zanty-Chan|Reflect\n|upkeep\n|turn|7\n|\n|t:|1699830598\n|-formechange|p2a: Aegislash|Aegislash||[from] ability: Stance Change\n|move|p2a: Aegislash|King's Shield|p2a: Aegislash\n|-singleturn|p2a: Aegislash|Protect\n|move|p1a: Aegislash|Toxic||[still]\n|-fail|p1a: Aegislash\n|\n|-heal|p1a: Aegislash|99\/100|[from] item: Leftovers\n|upkeep\n|turn|8\n|\n|t:|1699830609\n|-formechange|p2a: Aegislash|Aegislash-Blade||[from] ability: Stance Change\n|move|p2a: Aegislash|Gyro Ball|p1a: Aegislash\n|-resisted|p1a: Aegislash\n|-activate|p1a: Aegislash|move: Substitute|[damage]\n|-formechange|p1a: Aegislash|Aegislash-Blade||[from] ability: Stance Change\n|move|p1a: Aegislash|Gyro Ball|p2a: Aegislash\n|-resisted|p2a: Aegislash\n|-activate|p2a: Aegislash|move: Substitute|[damage]\n|\n|-heal|p1a: Aegislash|100\/100|[from] item: Leftovers\n|-sideend|p1: Zanty-Chan|move: Light Screen\n|upkeep\n|turn|9\n|inactive|Zanty-Chan has 270 seconds left.\n|\n|t:|1699830648\n|switch|p1a: Greninja|Greninja, M|100\/100\n|-formechange|p2a: Aegislash|Aegislash||[from] ability: Stance Change\n|move|p2a: Aegislash|King's Shield||[still]\n|-fail|p2a: Aegislash\n|\n|upkeep\n|turn|10\n|inactive|Zanty-Chan has 270 seconds left.\n|\n|t:|1699830657\n|move|p2a: Aegislash|King's Shield|p2a: Aegislash\n|-singleturn|p2a: Aegislash|Protect\n|move|p1a: Greninja|Shadow Sneak|p2a: Aegislash\n|-start|p1a: Greninja|typechange|Ghost|[from] ability: Protean\n|-activate|p2a: Aegislash|move: Protect\n|-unboost|p1a: Greninja|atk|1\n|\n|upkeep\n|turn|11\n|\n|t:|1699830667\n|move|p1a: Greninja|U-turn|p2a: Aegislash\n|-resisted|p2a: Aegislash\n|-activate|p2a: Aegislash|move: Substitute|[damage]\n|-damage|p1a: Greninja|91\/100|[from] item: Life Orb\n|\n|t:|1699830672\n|switch|p1a: Aegislash|Aegislash, F|100\/100|[from] U-turn\n|move|p2a: Aegislash|Toxic|p1a: Aegislash\n|-immune|p1a: Aegislash\n|\n|upkeep\n|turn|12\n|\n|t:|1699830679\n|-formechange|p2a: Aegislash|Aegislash-Blade||[from] ability: Stance Change\n|move|p2a: Aegislash|Gyro Ball|p1a: Aegislash\n|-resisted|p1a: Aegislash\n|-damage|p1a: Aegislash|97\/100\n|move|p1a: Aegislash|Substitute|p1a: Aegislash\n|-start|p1a: Aegislash|Substitute\n|-damage|p1a: Aegislash|72\/100\n|\n|-heal|p1a: Aegislash|78\/100|[from] item: Leftovers\n|upkeep\n|turn|13\n|\n|t:|1699830690\n|-formechange|p2a: Aegislash|Aegislash||[from] ability: Stance Change\n|move|p2a: Aegislash|King's Shield|p2a: Aegislash\n|-singleturn|p2a: Aegislash|Protect\n|move|p1a: Aegislash|Toxic||[still]\n|-fail|p1a: Aegislash\n|\n|-heal|p1a: Aegislash|84\/100|[from] item: Leftovers\n|upkeep\n|turn|14\n|\n|t:|1699830701\n|-formechange|p2a: Aegislash|Aegislash-Blade||[from] ability: Stance Change\n|move|p2a: Aegislash|Gyro Ball|p1a: Aegislash\n|-resisted|p1a: Aegislash\n|-activate|p1a: Aegislash|move: Substitute|[damage]\n|-formechange|p1a: Aegislash|Aegislash-Blade||[from] ability: Stance Change\n|move|p1a: Aegislash|Gyro Ball|p2a: Aegislash\n|-resisted|p2a: Aegislash\n|-end|p2a: Aegislash|Substitute\n|\n|-heal|p1a: Aegislash|91\/100|[from] item: Leftovers\n|upkeep\n|turn|15\n|inactive|Zanty-Chan has 270 seconds left.\n|inactive|Zanty-Chan has 240 seconds left.\n|\n|t:|1699830763\n|switch|p1a: Klefki|Klefki, F|87\/100\n|move|p2a: Aegislash|Substitute|p2a: Aegislash\n|-start|p2a: Aegislash|Substitute\n|-damage|p2a: Aegislash|76\/100\n|\n|-heal|p2a: Aegislash|82\/100|[from] item: Leftovers\n|upkeep\n|turn|16\n|\n|t:|1699830776\n|move|p1a: Klefki|Reflect|p1a: Klefki\n|-sidestart|p1: Zanty-Chan|Reflect\n|move|p2a: Aegislash|Gyro Ball|p1a: Klefki\n|-damage|p1a: Klefki|78\/100\n|\n|-heal|p2a: Aegislash|88\/100|[from] item: Leftovers\n|upkeep\n|turn|17\n|\n|t:|1699830784\n|move|p1a: Klefki|Defog||[still]\n|-fail|p1a: Klefki\n|move|p2a: Aegislash|Gyro Ball|p1a: Klefki\n|-damage|p1a: Klefki|71\/100\n|\n|-heal|p2a: Aegislash|94\/100|[from] item: Leftovers\n|upkeep\n|turn|18\n|inactive|Zanty-Chan has 240 seconds left.\n|\n|t:|1699830837\n|switch|p1a: Aegislash|Aegislash, F|91\/100\n|switch|p2a: Zygarde|Zygarde|100\/100\n|\n|-heal|p1a: Aegislash|97\/100|[from] item: Leftovers\n|upkeep\n|turn|19\n|inactive|Zanty-Chan has 210 seconds left.\n|\n|t:|1699830858\n|move|p2a: Zygarde|Coil|p2a: Zygarde\n|-boost|p2a: Zygarde|atk|1\n|-boost|p2a: Zygarde|def|1\n|-boost|p2a: Zygarde|accuracy|1\n|move|p1a: Aegislash|Substitute|p1a: Aegislash\n|-start|p1a: Aegislash|Substitute\n|-damage|p1a: Aegislash|72\/100\n|\n|-heal|p1a: Aegislash|78\/100|[from] item: Leftovers\n|upkeep\n|turn|20\n|\n|t:|1699830864\n|move|p2a: Zygarde|Coil|p2a: Zygarde\n|-boost|p2a: Zygarde|atk|1\n|-boost|p2a: Zygarde|def|1\n|-boost|p2a: Zygarde|accuracy|1\n|move|p1a: Aegislash|Toxic|p2a: Zygarde\n|-status|p2a: Zygarde|tox\n|\n|-heal|p1a: Aegislash|84\/100|[from] item: Leftovers\n|-damage|p2a: Zygarde|94\/100 tox|[from] psn\n|-sideend|p1: Zanty-Chan|Reflect\n|upkeep\n|turn|21\n|\n|t:|1699830875\n|move|p1a: Aegislash|King's Shield|p1a: Aegislash\n|-singleturn|p1a: Aegislash|Protect\n|move|p2a: Zygarde|Thousand Arrows|p1a: Aegislash\n|-activate|p1a: Aegislash|move: Protect\n|\n|-heal|p2a: Zygarde|100\/100 tox|[from] item: Leftovers\n|-heal|p1a: Aegislash|90\/100|[from] item: Leftovers\n|-damage|p2a: Zygarde|88\/100 tox|[from] psn\n|upkeep\n|turn|22\n|\n|t:|1699830881\n|move|p2a: Zygarde|Coil|p2a: Zygarde\n|-boost|p2a: Zygarde|atk|1\n|-boost|p2a: Zygarde|def|1\n|-boost|p2a: Zygarde|accuracy|1\n|move|p1a: Aegislash|Substitute|p1a: Aegislash\n|-fail|p1a: Aegislash|move: Substitute\n|\n|-heal|p2a: Zygarde|94\/100 tox|[from] item: Leftovers\n|-heal|p1a: Aegislash|96\/100|[from] item: Leftovers\n|-damage|p2a: Zygarde|75\/100 tox|[from] psn\n|upkeep\n|turn|23\n|\n|t:|1699830885\n|move|p2a: Zygarde|Coil|p2a: Zygarde\n|-boost|p2a: Zygarde|atk|1\n|-boost|p2a: Zygarde|def|1\n|-boost|p2a: Zygarde|accuracy|1\n|move|p1a: Aegislash|Substitute|p1a: Aegislash\n|-fail|p1a: Aegislash|move: Substitute\n|\n|-heal|p2a: Zygarde|82\/100 tox|[from] item: Leftovers\n|-heal|p1a: Aegislash|100\/100|[from] item: Leftovers\n|-damage|p2a: Zygarde|57\/100 tox|[from] psn\n|upkeep\n|turn|24\n|\n|t:|1699830889\n|move|p1a: Aegislash|King's Shield|p1a: Aegislash\n|-singleturn|p1a: Aegislash|Protect\n|move|p2a: Zygarde|Rest|p2a: Zygarde\n|-status|p2a: Zygarde|slp|[from] move: Rest\n|-heal|p2a: Zygarde|100\/100 slp|[silent]\n|\n|upkeep\n|turn|25\n|inactive|Zanty-Chan has 240 seconds left.\n|\n|t:|1699830921\n|switch|p1a: Goodra|Goodra, F|100\/100\n|cant|p2a: Zygarde|slp\n|\n|upkeep\n|turn|26\n|\n|t:|1699830931\n|-terastallize|p2a: Zygarde|Normal\n|cant|p2a: Zygarde|slp\n|move|p1a: Goodra|Draco Meteor|p2a: Zygarde\n|-damage|p2a: Zygarde|46\/100 slp\n|-unboost|p1a: Goodra|spa|2\n|\n|-heal|p2a: Zygarde|52\/100 slp|[from] item: Leftovers\n|upkeep\n|turn|27\n|\n|t:|1699830952\n|switch|p1a: Klefki|Klefki, F|71\/100\n|-curestatus|p2a: Zygarde|slp|[msg]\n|move|p2a: Zygarde|Thousand Arrows|p1a: Klefki\n|-supereffective|p1a: Klefki\n|-damage|p1a: Klefki|0 fnt\n|faint|p1a: Klefki\n|\n|-heal|p2a: Zygarde|59\/100|[from] item: Leftovers\n|upkeep\n|\n|t:|1699830956\n|switch|p1a: Aegislash|Aegislash, F|100\/100\n|turn|28\n|\n|t:|1699830963\n|move|p1a: Aegislash|King's Shield|p1a: Aegislash\n|-singleturn|p1a: Aegislash|Protect\n|move|p2a: Zygarde|Thousand Arrows|p1a: Aegislash\n|-activate|p1a: Aegislash|move: Protect\n|\n|-heal|p2a: Zygarde|65\/100|[from] item: Leftovers\n|upkeep\n|turn|29\n|\n|t:|1699830975\n|move|p2a: Zygarde|Thousand Arrows|p1a: Aegislash\n|-supereffective|p1a: Aegislash\n|-damage|p1a: Aegislash|0 fnt\n|faint|p1a: Aegislash\n|\n|-heal|p2a: Zygarde|71\/100|[from] item: Leftovers\n|upkeep\n|\n|t:|1699830995\n|switch|p1a: Greninja|Greninja, M|91\/100\n|turn|30\n|\n|t:|1699831004\n|move|p2a: Zygarde|Extreme Speed|p1a: Greninja\n|-damage|p1a: Greninja|0 fnt\n|faint|p1a: Greninja\n|\n|-heal|p2a: Zygarde|77\/100|[from] item: Leftovers\n|upkeep\n|\n|t:|1699831016\n|switch|p1a: Xerneas|Xerneas|100\/100\n|-ability|p1a: Xerneas|Fairy Aura\n|turn|31\n|\n|t:|1699831029\n|-terastallize|p1a: Xerneas|Steel\n|move|p2a: Zygarde|Extreme Speed|p1a: Xerneas\n|-resisted|p1a: Xerneas\n|-damage|p1a: Xerneas|61\/100\n|move|p1a: Xerneas|Flash Cannon|p2a: Zygarde\n|-crit|p2a: Zygarde\n|-damage|p2a: Zygarde|22\/100\n|-unboost|p2a: Zygarde|spd|1\n|\n|-heal|p2a: Zygarde|29\/100|[from] item: Leftovers\n|-activate|p2a: Zygarde|ability: Power Construct\n|detailschange|p2a: Zygarde|Zygarde-Complete, tera:Normal\n|-heal|p2a: Zygarde|54\/100|[silent]\n|upkeep\n|turn|32\n|\n|t:|1699831044\n|move|p1a: Xerneas|Draining Kiss|p2a: Zygarde\n|-damage|p2a: Zygarde|23\/100\n|-heal|p1a: Xerneas|97\/100|[from] drain|[of] p2a: Zygarde\n|move|p2a: Zygarde|Thousand Arrows|p1a: Xerneas\n|-supereffective|p1a: Xerneas\n|-damage|p1a: Xerneas|0 fnt\n|faint|p1a: Xerneas\n|\n|-heal|p2a: Zygarde|29\/100|[from] item: Leftovers\n|upkeep\n|\n|t:|1699831053\n|switch|p1a: Malamar|Malamar, M|100\/100\n|turn|33\n|\n|t:|1699831057\n|move|p2a: Zygarde|Extreme Speed|p1a: Malamar\n|-damage|p1a: Malamar|2\/100\n|move|p1a: Malamar|Superpower|p2a: Zygarde\n|-supereffective|p2a: Zygarde\n|-damage|p2a: Zygarde|21\/100\n|-boost|p1a: Malamar|atk|1\n|-boost|p1a: Malamar|def|1\n|\n|-heal|p2a: Zygarde|27\/100|[from] item: Leftovers\n|upkeep\n|turn|34\n|\n|t:|1699831064\n|move|p2a: Zygarde|Extreme Speed|p1a: Malamar\n|-damage|p1a: Malamar|0 fnt\n|faint|p1a: Malamar\n|\n|-heal|p2a: Zygarde|33\/100|[from] item: Leftovers\n|upkeep\n|\n|t:|1699831066\n|switch|p1a: Goodra|Goodra, F|100\/100\n|turn|35\n|inactive|Zanty-Chan has 240 seconds left.\n|\n|t:|1699831074\n|move|p2a: Zygarde|Rest|p2a: Zygarde\n|-status|p2a: Zygarde|slp|[from] move: Rest\n|-heal|p2a: Zygarde|100\/100 slp|[silent]\n|move|p1a: Goodra|Sludge Wave|p2a: Zygarde\n|-damage|p2a: Zygarde|75\/100 slp\n|\n|-heal|p2a: Zygarde|81\/100 slp|[from] item: Leftovers\n|upkeep\n|turn|36\n|\n|t:|1699831083\n|cant|p2a: Zygarde|slp\n|move|p1a: Goodra|Sludge Wave|p2a: Zygarde\n|-damage|p2a: Zygarde|51\/100 slp\n|\n|-heal|p2a: Zygarde|57\/100 slp|[from] item: Leftovers\n|upkeep\n|turn|37\n|\n|t:|1699831096\n|cant|p2a: Zygarde|slp\n|move|p1a: Goodra|Sludge Wave|p2a: Zygarde\n|-damage|p2a: Zygarde|28\/100 slp\n|\n|-heal|p2a: Zygarde|34\/100 slp|[from] item: Leftovers\n|upkeep\n|turn|38\n|\n|t:|1699831110\n|-curestatus|p2a: Zygarde|slp|[msg]\n|move|p2a: Zygarde|Thousand Arrows|p1a: Goodra\n|-damage|p1a: Goodra|0 fnt\n|faint|p1a: Goodra\n|\n|win|AgenteDino\n","uploadtime":1699831117,"views":7,"p1id":"zantychan","p2id":"agentedino","formatid":"gen9nationaldexubers","rating":0,"private":0,"password":""}