{"id":"gen9nationaldexubers-1993578556","p1":"caduhellfire","p2":"Kdisue","format":"[Gen 9] National Dex Ubers","log":"|j|\u2606caduhellfire\n|j|\u2606Kdisue\n|t:|1700333794\n|gametype|singles\n|player|p1|caduhellfire|lucas|1029\n|player|p2|Kdisue|266|1075\n|teamsize|p1|6\n|teamsize|p2|6\n|gen|9\n|tier|[Gen 9] National Dex Ubers\n|rated|\n|rule|HP Percentage Mod: HP is shown in percentages\n|rule|Endless Battle Clause: Forcing endless battles is banned\n|rule|OHKO Clause: OHKO moves are banned\n|rule|Evasion Moves Clause: Evasion moves are banned\n|rule|Evasion Items Clause: Evasion items are banned\n|rule|Species Clause: Limit one of each Pok\u00e9mon\n|rule|Sleep Clause Mod: Limit one foe put to sleep\n|rule|Mega Rayquaza Clause: You cannot mega evolve Rayquaza\n|clearpoke\n|poke|p1|Skeledirge, M|\n|poke|p1|Iron Valiant|\n|poke|p1|Abomasnow, M|\n|poke|p1|Palafin, M|\n|poke|p1|Pawmot, F|\n|poke|p1|Kingambit, M|\n|poke|p2|Deoxys-Defense|\n|poke|p2|Chansey, F|\n|poke|p2|Ferrothorn, M|\n|poke|p2|Rotom-Wash|\n|poke|p2|Ho-Oh|\n|poke|p2|Lugia|\n|teampreview\n|inactive|Battle timer is ON: inactive players will automatically lose when time's up. (requested by Kdisue)\n|\n|t:|1700333802\n|start\n|switch|p1a: Kingambit|Kingambit, M|100\/100\n|switch|p2a: Lugia|Lugia|100\/100\n|turn|1\n|\n|t:|1700333817\n|switch|p2a: Washington|Rotom-Wash|100\/100\n|move|p1a: Kingambit|Flash Cannon|p2a: Washington\n|-resisted|p2a: Washington\n|-damage|p2a: Washington|94\/100\n|\n|upkeep\n|turn|2\n|\n|t:|1700333826\n|-end|p1a: Kingambit|fallenundefined|[silent]\n|switch|p1a: Abomasnow|Abomasnow, M|100\/100\n|-weather|Snow|[from] ability: Snow Warning|[of] p1a: Abomasnow\n|move|p2a: Washington|Volt Switch|p1a: Abomasnow\n|-resisted|p1a: Abomasnow\n|-damage|p1a: Abomasnow|79\/100\n|\n|t:|1700333834\n|switch|p2a: Ho-Oh|Ho-Oh|100\/100|[from] Volt Switch\n|\n|-weather|Snow|[upkeep]\n|upkeep\n|turn|3\n|\n|t:|1700333842\n|switch|p1a: Pawmot|Pawmot, F|100\/100\n|move|p2a: Ho-Oh|Sacred Fire|p1a: Pawmot\n|-damage|p1a: Pawmot|50\/100\n|-enditem|p1a: Pawmot|Sitrus Berry|[eat]\n|-heal|p1a: Pawmot|75\/100|[from] item: Sitrus Berry\n|\n|-weather|Snow|[upkeep]\n|upkeep\n|turn|4\n|\n|t:|1700333858\n|move|p1a: Pawmot|Discharge|p2a: Ho-Oh\n|-supereffective|p2a: Ho-Oh\n|-damage|p2a: Ho-Oh|89\/100\n|move|p2a: Ho-Oh|Earthquake|p1a: Pawmot\n|-supereffective|p1a: Pawmot\n|-damage|p1a: Pawmot|9\/100\n|\n|-weather|Snow|[upkeep]\n|upkeep\n|turn|5\n|\n|t:|1700333868\n|switch|p2a: Washington|Rotom-Wash|94\/100\n|move|p1a: Pawmot|Mach Punch|p2a: Washington\n|-damage|p2a: Washington|73\/100\n|\n|-weather|Snow|[upkeep]\n|upkeep\n|turn|6\n|\n|t:|1700333877\n|switch|p1a: Abomasnow|Abomasnow, M|79\/100\n|move|p2a: Washington|Hydro Pump|p1a: Abomasnow|[miss]\n|-miss|p2a: Washington|p1a: Abomasnow\n|\n|-weather|none\n|upkeep\n|turn|7\n|\n|t:|1700333888\n|switch|p2a: Iron boy|Ferrothorn, M|100\/100\n|move|p1a: Abomasnow|Leaf Storm|p2a: Iron boy\n|-resisted|p2a: Iron boy\n|-damage|p2a: Iron boy|92\/100\n|-unboost|p1a: Abomasnow|spa|2\n|\n|upkeep\n|turn|8\n|\n|t:|1700333897\n|switch|p1a: Skeledirge|Skeledirge, M|100\/100\n|move|p2a: Iron boy|Gyro Ball|p1a: Skeledirge\n|-resisted|p1a: Skeledirge\n|-damage|p1a: Skeledirge|75\/100\n|\n|upkeep\n|turn|9\n|\n|t:|1700333906\n|switch|p2a: Ho-Oh|Ho-Oh|100\/100\n|move|p1a: Skeledirge|Torch Song|p2a: Ho-Oh\n|-resisted|p2a: Ho-Oh\n|-damage|p2a: Ho-Oh|95\/100\n|-boost|p1a: Skeledirge|spa|1\n|\n|upkeep\n|turn|10\n|-message|caduhellfire forfeited.\n|\n|win|Kdisue\n|raw|caduhellfire's rating: 1029 &rarr; <strong>1017<\/strong><br \/>(-12 for losing)\n|raw|Kdisue's rating: 1075 &rarr; <strong>1100<\/strong><br \/>(+25 for winning)\n|l|\u2606caduhellfire\n","uploadtime":1700333917,"views":6,"p1id":"caduhellfire","p2id":"kdisue","formatid":"gen9nationaldexubers","rating":1017,"private":0,"password":""}