{"id":"gen9nationaldexubers-1991079691","p1":"ContraFinality","p2":"HYDRO-MODE\ufe0f\ufe0f\ufe0f\u267e\ufe0f","format":"[Gen 9] National Dex Ubers","log":"|j|\u2606ContraFinality\n|j|\u2606HYDRO-MODE\ufe0f\ufe0f\ufe0f\u267e\ufe0f\n|t:|1700039606\n|gametype|singles\n|player|p1|ContraFinality|gambler|1161\n|player|p2|HYDRO-MODE\ufe0f\ufe0f\ufe0f\u267e\ufe0f|nessa|1066\n|teamsize|p1|6\n|teamsize|p2|6\n|gen|9\n|tier|[Gen 9] National Dex Ubers\n|rated|\n|rule|HP Percentage Mod: HP is shown in percentages\n|rule|Endless Battle Clause: Forcing endless battles is banned\n|rule|OHKO Clause: OHKO moves are banned\n|rule|Evasion Moves Clause: Evasion moves are banned\n|rule|Evasion Items Clause: Evasion items are banned\n|rule|Species Clause: Limit one of each Pok\u00e9mon\n|rule|Sleep Clause Mod: Limit one foe put to sleep\n|rule|Mega Rayquaza Clause: You cannot mega evolve Rayquaza\n|clearpoke\n|poke|p1|Decidueye, M|\n|poke|p1|Mimikyu, M|\n|poke|p1|Mewtwo|\n|poke|p1|Kyogre|\n|poke|p1|Zacian-*|\n|poke|p1|Ceruledge, F|\n|poke|p2|Quaquaval, F|\n|poke|p2|Pelipper, M|\n|poke|p2|Palafin, M|\n|poke|p2|Feraligatr, M|\n|poke|p2|Empoleon, M|\n|poke|p2|Dracovish|\n|teampreview\n|\n|t:|1700039623\n|start\n|switch|p1a: Mimikyu|Mimikyu, M|100\/100\n|switch|p2a: \ud83d\udca7PELIPPER\ud83d\udca7\ud83c\udf27|Pelipper, M, shiny|100\/100\n|-weather|RainDance|[from] ability: Drizzle|[of] p2a: \ud83d\udca7PELIPPER\ud83d\udca7\ud83c\udf27\n|turn|1\n|\n|t:|1700039632\n|move|p1a: Mimikyu|Bulk Up|p1a: Mimikyu\n|-boost|p1a: Mimikyu|atk|1\n|-boost|p1a: Mimikyu|def|1\n|move|p2a: \ud83d\udca7PELIPPER\ud83d\udca7\ud83c\udf27|U-turn|p1a: Mimikyu\n|-activate|p1a: Mimikyu|ability: Disguise\n|-damage|p1a: Mimikyu|100\/100\n|detailschange|p1a: Mimikyu|Mimikyu-Busted, M\n|-damage|p1a: Mimikyu|88\/100|[from] pokemon: Mimikyu-Busted\n|\n|t:|1700039659\n|switch|p2a: \ud83d\udca7DRACOFISH\ud83d\udca7|Dracovish|100\/100|[from] U-turn\n|\n|-weather|RainDance|[upkeep]\n|upkeep\n|turn|2\n|\n|t:|1700039671\n|-terastallize|p2a: \ud83d\udca7DRACOFISH\ud83d\udca7|Water\n|move|p2a: \ud83d\udca7DRACOFISH\ud83d\udca7|Fishious Rend|p1a: Mimikyu\n|-damage|p1a: Mimikyu|0 fnt\n|faint|p1a: Mimikyu\n|\n|-weather|RainDance|[upkeep]\n|upkeep\n|\n|t:|1700039678\n|switch|p1a: Kyogre|Kyogre|100\/100\n|detailschange|p1a: Kyogre|Kyogre-Primal\n|-primal|p1a: Kyogre|Blue Orb\n|-weather|PrimordialSea|[from] ability: Primordial Sea|[of] p1a: Kyogre\n|turn|3\n|\n|t:|1700039687\n|move|p2a: \ud83d\udca7DRACOFISH\ud83d\udca7|Fishious Rend|p1a: Kyogre\n|-resisted|p1a: Kyogre\n|-damage|p1a: Kyogre|0 fnt\n|faint|p1a: Kyogre\n|-weather|none\n|\n|upkeep\n|\n|t:|1700039692\n|switch|p1a: Decidueye|Decidueye, M|100\/100\n|turn|4\n|\n|t:|1700039704\n|switch|p2a: \ud83d\udca7PELIPPER\ud83d\udca7\ud83c\udf27|Pelipper, M, shiny|100\/100\n|-weather|RainDance|[from] ability: Drizzle|[of] p2a: \ud83d\udca7PELIPPER\ud83d\udca7\ud83c\udf27\n|move|p1a: Decidueye|Leaf Blade|p2a: \ud83d\udca7PELIPPER\ud83d\udca7\ud83c\udf27\n|-damage|p2a: \ud83d\udca7PELIPPER\ud83d\udca7\ud83c\udf27|63\/100\n|\n|-weather|RainDance|[upkeep]\n|upkeep\n|turn|5\n|\n|t:|1700039721\n|move|p1a: Decidueye|Leaf Blade|p2a: \ud83d\udca7PELIPPER\ud83d\udca7\ud83c\udf27\n|-damage|p2a: \ud83d\udca7PELIPPER\ud83d\udca7\ud83c\udf27|24\/100\n|move|p2a: \ud83d\udca7PELIPPER\ud83d\udca7\ud83c\udf27|Chilling Water|p1a: Decidueye\n|-resisted|p1a: Decidueye\n|-damage|p1a: Decidueye|87\/100\n|-unboost|p1a: Decidueye|atk|1\n|\n|-weather|RainDance|[upkeep]\n|upkeep\n|turn|6\n|\n|t:|1700039733\n|switch|p2a: \ud83d\udca7\ud83d\udca7EMPOLEON\ud83d\udca7\ud83d\udca7|Empoleon, M, shiny|100\/100\n|move|p1a: Decidueye|Spirit Shackle|p2a: \ud83d\udca7\ud83d\udca7EMPOLEON\ud83d\udca7\ud83d\udca7\n|-damage|p2a: \ud83d\udca7\ud83d\udca7EMPOLEON\ud83d\udca7\ud83d\udca7|75\/100\n|-activate|p2a: \ud83d\udca7\ud83d\udca7EMPOLEON\ud83d\udca7\ud83d\udca7|trapped\n|\n|-weather|RainDance|[upkeep]\n|upkeep\n|turn|7\n|\n|t:|1700039746\n|move|p1a: Decidueye|Pluck|p2a: \ud83d\udca7\ud83d\udca7EMPOLEON\ud83d\udca7\ud83d\udca7\n|-resisted|p2a: \ud83d\udca7\ud83d\udca7EMPOLEON\ud83d\udca7\ud83d\udca7\n|-damage|p2a: \ud83d\udca7\ud83d\udca7EMPOLEON\ud83d\udca7\ud83d\udca7|69\/100\n|move|p2a: \ud83d\udca7\ud83d\udca7EMPOLEON\ud83d\udca7\ud83d\udca7|Hydro Pump|p1a: Decidueye\n|-resisted|p1a: Decidueye\n|-damage|p1a: Decidueye|29\/100\n|\n|-weather|RainDance|[upkeep]\n|upkeep\n|turn|8\n|\n|t:|1700039756\n|move|p1a: Decidueye|Leaf Blade|p2a: \ud83d\udca7\ud83d\udca7EMPOLEON\ud83d\udca7\ud83d\udca7\n|-damage|p2a: \ud83d\udca7\ud83d\udca7EMPOLEON\ud83d\udca7\ud83d\udca7|29\/100\n|move|p2a: \ud83d\udca7\ud83d\udca7EMPOLEON\ud83d\udca7\ud83d\udca7|Hydro Pump|p1a: Decidueye\n|-resisted|p1a: Decidueye\n|-damage|p1a: Decidueye|0 fnt\n|faint|p1a: Decidueye\n|\n|-weather|RainDance|[upkeep]\n|upkeep\n|\n|t:|1700039765\n|switch|p1a: Zacian|Zacian-Crowned|100\/100\n|-ability|p1a: Zacian|Intrepid Sword|boost\n|-boost|p1a: Zacian|atk|1\n|turn|9\n|\n|t:|1700039774\n|move|p1a: Zacian|Swords Dance|p1a: Zacian\n|-boost|p1a: Zacian|atk|2\n|move|p2a: \ud83d\udca7\ud83d\udca7EMPOLEON\ud83d\udca7\ud83d\udca7|Hydro Cannon|p1a: Zacian\n|-damage|p1a: Zacian|0 fnt\n|-mustrecharge|p2a: \ud83d\udca7\ud83d\udca7EMPOLEON\ud83d\udca7\ud83d\udca7\n|faint|p1a: Zacian\n|\n|-weather|RainDance|[upkeep]\n|upkeep\n|\n|t:|1700039781\n|switch|p1a: Ceruledge|Ceruledge, F|100\/100\n|turn|10\n|\n|t:|1700039788\n|move|p1a: Ceruledge|Swords Dance|p1a: Ceruledge\n|-boost|p1a: Ceruledge|atk|2\n|cant|p2a: \ud83d\udca7\ud83d\udca7EMPOLEON\ud83d\udca7\ud83d\udca7|recharge\n|\n|-weather|RainDance|[upkeep]\n|upkeep\n|turn|11\n|\n|t:|1700039796\n|move|p1a: Ceruledge|Shadow Claw|p2a: \ud83d\udca7\ud83d\udca7EMPOLEON\ud83d\udca7\ud83d\udca7\n|-damage|p2a: \ud83d\udca7\ud83d\udca7EMPOLEON\ud83d\udca7\ud83d\udca7|0 fnt\n|faint|p2a: \ud83d\udca7\ud83d\udca7EMPOLEON\ud83d\udca7\ud83d\udca7\n|\n|-weather|none\n|upkeep\n|\n|t:|1700039808\n|switch|p2a: \ud83d\udca7PELIPPER\ud83d\udca7\ud83c\udf27|Pelipper, M, shiny|24\/100\n|-weather|RainDance|[from] ability: Drizzle|[of] p2a: \ud83d\udca7PELIPPER\ud83d\udca7\ud83c\udf27\n|turn|12\n|\n|t:|1700039813\n|move|p1a: Ceruledge|Shadow Sneak|p2a: \ud83d\udca7PELIPPER\ud83d\udca7\ud83c\udf27\n|-damage|p2a: \ud83d\udca7PELIPPER\ud83d\udca7\ud83c\udf27|0 fnt\n|faint|p2a: \ud83d\udca7PELIPPER\ud83d\udca7\ud83c\udf27\n|\n|-weather|RainDance|[upkeep]\n|upkeep\n|\n|t:|1700039831\n|switch|p2a: \ud83d\udca7DRACOFISH\ud83d\udca7|Dracovish, tera:Water|100\/100\n|turn|13\n|\n|t:|1700039835\n|move|p1a: Ceruledge|Shadow Sneak|p2a: \ud83d\udca7DRACOFISH\ud83d\udca7\n|-damage|p2a: \ud83d\udca7DRACOFISH\ud83d\udca7|62\/100\n|move|p2a: \ud83d\udca7DRACOFISH\ud83d\udca7|Fishious Rend|p1a: Ceruledge\n|-supereffective|p1a: Ceruledge\n|-damage|p1a: Ceruledge|0 fnt\n|faint|p1a: Ceruledge\n|\n|-weather|RainDance|[upkeep]\n|upkeep\n|\n|t:|1700039842\n|switch|p1a: Mewtwo|Mewtwo|100\/100\n|-ability|p1a: Mewtwo|Pressure\n|turn|14\n|c|\u2606ContraFinality|gg\n|\n|t:|1700039849\n|detailschange|p1a: Mewtwo|Mewtwo-Mega-X\n|-mega|p1a: Mewtwo|Mewtwo|Mewtwonite X\n|move|p2a: \ud83d\udca7DRACOFISH\ud83d\udca7|Fishious Rend|p1a: Mewtwo\n|-damage|p1a: Mewtwo|0 fnt\n|faint|p1a: Mewtwo\n|\n|win|HYDRO-MODE\ufe0f\ufe0f\ufe0f\u267e\ufe0f\n|raw|ContraFinality's rating: 1161 &rarr; <strong>1129<\/strong><br \/>(-32 for losing)\n|raw|HYDRO-MODE\ufe0f\ufe0f\ufe0f\u267e\ufe0f's rating: 1066 &rarr; <strong>1104<\/strong><br \/>(+38 for winning)\n|l|\u2606ContraFinality\n","uploadtime":1700040106,"views":12,"p1id":"contrafinality","p2id":"hydromode","formatid":"gen9nationaldexubers","rating":1104,"private":0,"password":""}