{"id":"gen9nationaldexubers-1985747808","p1":"1 em trach thu","p2":"Fartconsumer","format":"[Gen 9] National Dex Ubers","log":"|j|\u26061 em trach thu\n|j|\u2606Fartconsumer\n|t:|1699402011\n|gametype|singles\n|player|p1|1 em trach thu|169|1622\n|player|p2|Fartconsumer|169|1673\n|teamsize|p1|6\n|teamsize|p2|6\n|gen|9\n|tier|[Gen 9] National Dex Ubers\n|rated|\n|rule|HP Percentage Mod: HP is shown in percentages\n|rule|Endless Battle Clause: Forcing endless battles is banned\n|rule|OHKO Clause: OHKO moves are banned\n|rule|Evasion Moves Clause: Evasion moves are banned\n|rule|Evasion Items Clause: Evasion items are banned\n|rule|Species Clause: Limit one of each Pok\u00e9mon\n|rule|Sleep Clause Mod: Limit one foe put to sleep\n|rule|Mega Rayquaza Clause: You cannot mega evolve Rayquaza\n|clearpoke\n|poke|p1|Kyogre|\n|poke|p1|Groudon|\n|poke|p1|Zacian-*|\n|poke|p1|Arceus|\n|poke|p1|Rayquaza|\n|poke|p1|Banette, M|\n|poke|p2|Groudon|\n|poke|p2|Yveltal|\n|poke|p2|Necrozma-Dusk-Mane|\n|poke|p2|Tapu Fini|\n|poke|p2|Ho-Oh|\n|poke|p2|Arceus-Ghost|\n|teampreview\n|inactive|Battle timer is ON: inactive players will automatically lose when time's up. (requested by 1 em trach thu)\n|\n|t:|1699402023\n|start\n|switch|p1a: Arceus|Arceus|100\/100\n|switch|p2a: Yveltal|Yveltal|100\/100\n|-ability|p2a: Yveltal|Dark Aura\n|turn|1\n|\n|t:|1699402031\n|move|p1a: Arceus|Stealth Rock|p2a: Yveltal\n|-sidestart|p2: Fartconsumer|move: Stealth Rock\n|move|p2a: Yveltal|Knock Off|p1a: Arceus\n|-damage|p1a: Arceus|67\/100\n|-enditem|p1a: Arceus|Leftovers|[from] move: Knock Off|[of] p2a: Yveltal\n|\n|upkeep\n|turn|2\n|\n|t:|1699402038\n|move|p1a: Arceus|Toxic|p2a: Yveltal\n|-status|p2a: Yveltal|tox\n|move|p2a: Yveltal|Foul Play|p1a: Arceus\n|-damage|p1a: Arceus|35\/100\n|\n|-damage|p2a: Yveltal|94\/100 tox|[from] psn\n|upkeep\n|turn|3\n|\n|t:|1699402047\n|switch|p2a: Ho-Oh|Ho-Oh|100\/100\n|move|p1a: Arceus|Extreme Speed|p2a: Ho-Oh\n|-damage|p2a: Ho-Oh|79\/100\n|\n|upkeep\n|turn|4\n|\n|t:|1699402055\n|move|p1a: Arceus|Toxic|p2a: Ho-Oh\n|-status|p2a: Ho-Oh|tox\n|move|p2a: Ho-Oh|Defog|p1a: Arceus\n|-unboost|p1a: Arceus|evasion|1\n|-sideend|p2: Fartconsumer|Stealth Rock|[from] move: Defog|[of] p2a: Ho-Oh\n|\n|-damage|p2a: Ho-Oh|73\/100 tox|[from] psn\n|upkeep\n|turn|5\n|\n|t:|1699402065\n|switch|p2a: Necrozma|Necrozma-Dusk-Mane|100\/100\n|move|p1a: Arceus|Stealth Rock|p2a: Necrozma\n|-sidestart|p2: Fartconsumer|move: Stealth Rock\n|\n|upkeep\n|turn|6\n|\n|t:|1699402073\n|switch|p1a: Banette|Banette, M|100\/100\n|-item|p2a: Necrozma|Leftovers|[from] ability: Frisk|[of] p1a: Banette|[identify]\n|move|p2a: Necrozma|Stealth Rock|p1a: Banette\n|-sidestart|p1: 1 em trach thu|move: Stealth Rock\n|\n|upkeep\n|turn|7\n|\n|t:|1699402083\n|detailschange|p1a: Banette|Banette-Mega, M\n|-mega|p1a: Banette|Banette|Banettite\n|move|p1a: Banette|Knock Off|p2a: Necrozma\n|-supereffective|p2a: Necrozma\n|-damage|p2a: Necrozma|53\/100\n|-enditem|p2a: Necrozma|Leftovers|[from] move: Knock Off|[of] p1a: Banette\n|move|p2a: Necrozma|Sunsteel Strike|p1a: Banette\n|-damage|p1a: Banette|15\/100\n|\n|upkeep\n|turn|8\n|\n|t:|1699402106\n|move|p1a: Banette|Destiny Bond|p1a: Banette\n|-singlemove|p1a: Banette|Destiny Bond\n|move|p2a: Necrozma|Sunsteel Strike|p1a: Banette\n|-damage|p1a: Banette|0 fnt\n|faint|p1a: Banette\n|-activate|p1a: Banette|move: Destiny Bond\n|faint|p2a: Necrozma\n|\n|upkeep\n|\n|t:|1699402117\n|switch|p1a: Arceus|Arceus|35\/100\n|switch|p2a: Arceus|Arceus-Ghost|100\/100\n|-damage|p1a: Arceus|23\/100|[from] Stealth Rock\n|-damage|p2a: Arceus|88\/100|[from] Stealth Rock\n|turn|9\n|\n|t:|1699402132\n|move|p1a: Arceus|Toxic|p2a: Arceus\n|-status|p2a: Arceus|tox\n|move|p2a: Arceus|Taunt|p1a: Arceus\n|-start|p1a: Arceus|move: Taunt\n|\n|-damage|p2a: Arceus|82\/100 tox|[from] psn\n|upkeep\n|turn|10\n|\n|t:|1699402142\n|move|p1a: Arceus|Extreme Speed|p2a: Arceus\n|-immune|p2a: Arceus\n|move|p2a: Arceus|Dragon Dance|p2a: Arceus\n|-boost|p2a: Arceus|atk|1\n|-boost|p2a: Arceus|spe|1\n|\n|-damage|p2a: Arceus|70\/100 tox|[from] psn\n|upkeep\n|turn|11\n|\n|t:|1699402152\n|move|p2a: Arceus|Extreme Speed|p1a: Arceus\n|-damage|p1a: Arceus|0 fnt\n|faint|p1a: Arceus\n|\n|-damage|p2a: Arceus|52\/100 tox|[from] psn\n|upkeep\n|\n|t:|1699402161\n|switch|p1a: Groudon|Groudon|100\/100\n|-damage|p1a: Groudon|94\/100|[from] Stealth Rock\n|detailschange|p1a: Groudon|Groudon-Primal\n|-primal|p1a: Groudon|Red Orb\n|-weather|DesolateLand|[from] ability: Desolate Land|[of] p1a: Groudon\n|turn|12\n|\n|t:|1699402173\n|move|p2a: Arceus|Shadow Force||[still]\n|-prepare|p2a: Arceus|Shadow Force\n|move|p1a: Groudon|Heat Crash|p2a: Arceus|[miss]\n|-miss|p1a: Groudon|p2a: Arceus\n|\n|-weather|DesolateLand|[upkeep]\n|-damage|p2a: Arceus|28\/100 tox|[from] psn\n|upkeep\n|turn|13\n|\n|t:|1699402187\n|-weather|none\n|switch|p1a: Rayquaza|Rayquaza|100\/100\n|-damage|p1a: Rayquaza|76\/100|[from] Stealth Rock\n|-ability|p1a: Rayquaza|Air Lock\n|move|p2a: Arceus|Shadow Force|p1a: Rayquaza|[from]lockedmove\n|-damage|p1a: Rayquaza|0 fnt\n|faint|p1a: Rayquaza\n|\n|-damage|p2a: Arceus|0 fnt|[from] psn\n|faint|p2a: Arceus\n|upkeep\n|\n|t:|1699402203\n|switch|p2a: Yveltal|Yveltal|94\/100 tox\n|switch|p1a: Groudon|Groudon-Primal|94\/100\n|-ability|p2a: Yveltal|Dark Aura\n|-damage|p1a: Groudon|82\/100|[from] Stealth Rock\n|-weather|DesolateLand|[from] ability: Desolate Land|[of] p1a: Groudon\n|turn|14\n|\n|t:|1699402212\n|move|p2a: Yveltal|Foul Play|p1a: Groudon\n|-damage|p1a: Groudon|30\/100\n|move|p1a: Groudon|Heat Crash|p2a: Yveltal\n|-damage|p2a: Yveltal|31\/100 tox\n|\n|-weather|DesolateLand|[upkeep]\n|-damage|p2a: Yveltal|25\/100 tox|[from] psn\n|upkeep\n|turn|15\n|inactive|Fartconsumer has 120 seconds left.\n|\n|t:|1699402256\n|move|p2a: Yveltal|Foul Play|p1a: Groudon\n|-damage|p1a: Groudon|0 fnt\n|faint|p1a: Groudon\n|-weather|none\n|\n|-damage|p2a: Yveltal|13\/100 tox|[from] psn\n|upkeep\n|\n|t:|1699402278\n|switch|p1a: Zacian|Zacian-Crowned|100\/100\n|-damage|p1a: Zacian|94\/100|[from] Stealth Rock\n|-ability|p1a: Zacian|Intrepid Sword|boost\n|-boost|p1a: Zacian|atk|1\n|turn|16\n|inactive|Fartconsumer has 120 seconds left.\n|\n|t:|1699402302\n|move|p1a: Zacian|Swords Dance|p1a: Zacian\n|-boost|p1a: Zacian|atk|2\n|move|p2a: Yveltal|Foul Play|p1a: Zacian\n|-resisted|p1a: Zacian\n|-damage|p1a: Zacian|10\/100\n|\n|-damage|p2a: Yveltal|0 fnt|[from] psn\n|faint|p2a: Yveltal\n|upkeep\n|\n|t:|1699402311\n|switch|p2a: Ho-Oh|Ho-Oh|100\/100 tox\n|turn|17\n|\n|t:|1699402323\n|move|p1a: Zacian|Wild Charge|p2a: Ho-Oh\n|-supereffective|p2a: Ho-Oh\n|-damage|p2a: Ho-Oh|0 fnt\n|faint|p2a: Ho-Oh\n|-damage|p1a: Zacian|0 fnt|[from] Recoil\n|faint|p1a: Zacian\n|\n|upkeep\n|inactive|Fartconsumer has 120 seconds left.\n|\n|t:|1699402338\n|switch|p1a: Kyogre|Kyogre|100\/100\n|switch|p2a: Tapu Fini|Tapu Fini, shiny|100\/100\n|-damage|p1a: Kyogre|88\/100|[from] Stealth Rock\n|-damage|p2a: Tapu Fini|88\/100|[from] Stealth Rock\n|-fieldstart|move: Misty Terrain|[from] ability: Misty Surge|[of] p2a: Tapu Fini\n|detailschange|p1a: Kyogre|Kyogre-Primal\n|-primal|p1a: Kyogre|Blue Orb\n|-weather|PrimordialSea|[from] ability: Primordial Sea|[of] p1a: Kyogre\n|turn|18\n|\n|t:|1699402355\n|move|p1a: Kyogre|Hidden Power|p2a: Tapu Fini\n|-damage|p2a: Tapu Fini|71\/100\n|move|p2a: Tapu Fini|Taunt|p1a: Kyogre\n|-start|p1a: Kyogre|move: Taunt\n|\n|-weather|PrimordialSea|[upkeep]\n|-heal|p2a: Tapu Fini|77\/100|[from] item: Leftovers\n|upkeep\n|turn|19\n|\n|t:|1699402364\n|move|p1a: Kyogre|Thunder|p2a: Tapu Fini\n|-supereffective|p2a: Tapu Fini\n|-damage|p2a: Tapu Fini|12\/100\n|move|p2a: Tapu Fini|Nature's Madness|p1a: Kyogre\n|-damage|p1a: Kyogre|44\/100\n|\n|-weather|PrimordialSea|[upkeep]\n|-heal|p2a: Tapu Fini|18\/100|[from] item: Leftovers\n|upkeep\n|turn|20\n|inactive|Fartconsumer has 120 seconds left.\n|\n|t:|1699402379\n|move|p1a: Kyogre|Thunder|p2a: Tapu Fini\n|-supereffective|p2a: Tapu Fini\n|-damage|p2a: Tapu Fini|0 fnt\n|faint|p2a: Tapu Fini\n|\n|-weather|PrimordialSea|[upkeep]\n|upkeep\n|\n|t:|1699402381\n|switch|p2a: Groudon|Groudon, shiny|100\/100\n|-damage|p2a: Groudon|94\/100|[from] Stealth Rock\n|detailschange|p2a: Groudon|Groudon-Primal, shiny\n|-primal|p2a: Groudon|Red Orb\n|-weather|DesolateLand|[from] ability: Desolate Land|[of] p2a: Groudon\n|turn|21\n|\n|t:|1699402393\n|move|p1a: Kyogre|Hidden Power|p2a: Groudon\n|-supereffective|p2a: Groudon\n|-damage|p2a: Groudon|36\/100\n|move|p2a: Groudon|Precipice Blades|p1a: Kyogre\n|-damage|p1a: Kyogre|0 fnt\n|faint|p1a: Kyogre\n|\n|win|Fartconsumer\n|raw|1 em trach thu's rating: 1622 &rarr; <strong>1605<\/strong><br \/>(-17 for losing)\n|raw|Fartconsumer's rating: 1673 &rarr; <strong>1690<\/strong><br \/>(+17 for winning)\n|l|\u26061 em trach thu\n|l|\u2606Fartconsumer\n","uploadtime":1699402461,"views":5,"p1id":"1emtrachthu","p2id":"fartconsumer","formatid":"gen9nationaldexubers","rating":1605,"private":0,"password":""}