{"id":"gen9nationaldexubers-1992885619","p1":"3eveeJ","p2":"ozzey","format":"[Gen 9] National Dex Ubers","log":"|j|\u26063eveeJ\n|j|\u2606ozzey\n|t:|1700243881\n|gametype|singles\n|player|p1|3eveeJ|cheryl|\n|player|p2|ozzey|bugcatcher-gen4dp|\n|teamsize|p1|6\n|teamsize|p2|6\n|gen|9\n|tier|[Gen 9] National Dex Ubers\n|rule|HP Percentage Mod: HP is shown in percentages\n|rule|Endless Battle Clause: Forcing endless battles is banned\n|rule|OHKO Clause: OHKO moves are banned\n|rule|Evasion Moves Clause: Evasion moves are banned\n|rule|Evasion Items Clause: Evasion items are banned\n|rule|Species Clause: Limit one of each Pok\u00e9mon\n|rule|Sleep Clause Mod: Limit one foe put to sleep\n|rule|Mega Rayquaza Clause: You cannot mega evolve Rayquaza\n|clearpoke\n|poke|p1|Ceruledge, M|\n|poke|p1|Ferrothorn, F|\n|poke|p1|Gyarados, M|\n|poke|p1|Farigiraf, M|\n|poke|p1|Gliscor, M|\n|poke|p1|Kingambit, M|\n|poke|p2|Sneasler, F|\n|poke|p2|Blaziken, M|\n|poke|p2|Primarina, M|\n|poke|p2|Volcarona, F|\n|poke|p2|Ursaluna-Bloodmoon, M|\n|poke|p2|Dhelmise|\n|teampreview\n|inactive|Battle timer is ON: inactive players will automatically lose when time's up. (requested by ozzey)\n|c|\u26063eveeJ|ok. gimme a moment\n|inactive|3eveeJ has 270 seconds left.\n|\n|t:|1700243920\n|start\n|switch|p1a: Ferrothorn|Ferrothorn, F|100\/100\n|switch|p2a: Baxter|Dhelmise|100\/100\n|turn|1\n|c|\u2606ozzey|Glhf\n|\n|t:|1700243929\n|move|p2a: Baxter|Anchor Shot|p1a: Ferrothorn\n|-resisted|p1a: Ferrothorn\n|-damage|p1a: Ferrothorn|88\/100\n|-activate|p1a: Ferrothorn|trapped\n|-damage|p2a: Baxter|88\/100|[from] ability: Iron Barbs|[of] p1a: Ferrothorn\n|-damage|p2a: Baxter|72\/100|[from] item: Rocky Helmet|[of] p1a: Ferrothorn\n|move|p1a: Ferrothorn|Spikes|p2a: Baxter\n|-sidestart|p2: ozzey|Spikes\n|\n|upkeep\n|turn|2\n|c|\u26063eveeJ|you too\n|j| El!te 00f\n|\n|t:|1700243958\n|switch|p2a: My baby <3|Volcarona, F|100\/100\n|-damage|p2a: My baby <3|88\/100|[from] Spikes\n|move|p1a: Ferrothorn|Iron Defense|p1a: Ferrothorn\n|-boost|p1a: Ferrothorn|def|2\n|\n|upkeep\n|turn|3\n|c| El!te 00f|MORTAL KOMBAT\n|\n|t:|1700243965\n|move|p1a: Ferrothorn|Protect|p1a: Ferrothorn\n|-singleturn|p1a: Ferrothorn|Protect\n|move|p2a: My baby <3|Fiery Dance|p1a: Ferrothorn\n|-activate|p1a: Ferrothorn|move: Protect\n|\n|upkeep\n|turn|4\n|j| femurdeeznuts\n|\n|t:|1700243974\n|switch|p1a: Gliscor|Gliscor, M|100\/100\n|move|p2a: My baby <3|Fiery Dance|p1a: Gliscor\n|-damage|p1a: Gliscor|54\/100\n|\n|-status|p1a: Gliscor|tox|[from] item: Toxic Orb\n|upkeep\n|turn|5\n|\n|t:|1700243993\n|move|p2a: My baby <3|Fiery Dance|p1a: Gliscor\n|-damage|p1a: Gliscor|6\/100 tox\n|-boost|p2a: My baby <3|spa|1\n|move|p1a: Gliscor|Earthquake|p2a: My baby <3\n|-damage|p2a: My baby <3|41\/100\n|\n|-heal|p1a: Gliscor|19\/100 tox|[from] ability: Poison Heal\n|upkeep\n|turn|6\n|\n|t:|1700244009\n|move|p2a: My baby <3|Bug Buzz|p1a: Gliscor\n|-resisted|p1a: Gliscor\n|-damage|p1a: Gliscor|0 fnt\n|faint|p1a: Gliscor\n|-enditem|p2a: My baby <3|Throat Spray\n|-boost|p2a: My baby <3|spa|1|[from] item: Throat Spray\n|\n|upkeep\n|\n|t:|1700244016\n|switch|p1a: Gyarados|Gyarados, M|100\/100\n|-ability|p1a: Gyarados|Intimidate|boost\n|-unboost|p2a: My baby <3|atk|1\n|turn|7\n|\n|t:|1700244023\n|detailschange|p1a: Gyarados|Gyarados-Mega, M\n|-mega|p1a: Gyarados|Gyarados|Gyaradosite\n|-ability|p1a: Gyarados|Mold Breaker\n|move|p2a: My baby <3|Giga Drain|p1a: Gyarados\n|-supereffective|p1a: Gyarados\n|-damage|p1a: Gyarados|18\/100\n|-heal|p2a: My baby <3|85\/100|[from] drain|[of] p1a: Gyarados\n|move|p1a: Gyarados|Dragon Dance|p1a: Gyarados\n|-boost|p1a: Gyarados|atk|1\n|-boost|p1a: Gyarados|spe|1\n|\n|upkeep\n|turn|8\n|\n|t:|1700244038\n|-terastallize|p2a: My baby <3|Bug\n|move|p1a: Gyarados|Aqua Tail|p2a: My baby <3\n|-damage|p2a: My baby <3|0 fnt\n|faint|p2a: My baby <3\n|\n|upkeep\n|\n|t:|1700244058\n|switch|p2a: Vegemite|Primarina, M|100\/100\n|-damage|p2a: Vegemite|88\/100|[from] Spikes\n|turn|9\n|\n|t:|1700244073\n|move|p1a: Gyarados|Aqua Tail|p2a: Vegemite\n|-resisted|p2a: Vegemite\n|-damage|p2a: Vegemite|41\/100\n|move|p2a: Vegemite|Moonblast|p1a: Gyarados\n|-supereffective|p1a: Gyarados\n|-damage|p1a: Gyarados|0 fnt\n|faint|p1a: Gyarados\n|\n|upkeep\n|\n|t:|1700244080\n|switch|p1a: Ferrothorn|Ferrothorn, F|88\/100\n|turn|10\n|\n|t:|1700244084\n|move|p2a: Vegemite|Scald|p1a: Ferrothorn\n|-resisted|p1a: Ferrothorn\n|-damage|p1a: Ferrothorn|69\/100\n|-status|p1a: Ferrothorn|brn\n|move|p1a: Ferrothorn|Iron Defense|p1a: Ferrothorn\n|-boost|p1a: Ferrothorn|def|2\n|\n|-damage|p1a: Ferrothorn|63\/100 brn|[from] brn\n|upkeep\n|turn|11\n|c| El!te 00f|why is primarina vegemite?\n|\n|t:|1700244099\n|move|p2a: Vegemite|Scald|p1a: Ferrothorn\n|-resisted|p1a: Ferrothorn\n|-damage|p1a: Ferrothorn|42\/100 brn\n|move|p1a: Ferrothorn|Body Press|p2a: Vegemite\n|-resisted|p2a: Vegemite\n|-damage|p2a: Vegemite|24\/100\n|\n|-damage|p1a: Ferrothorn|36\/100 brn|[from] brn\n|upkeep\n|turn|12\n|\n|t:|1700244108\n|move|p2a: Vegemite|Scald|p1a: Ferrothorn\n|-resisted|p1a: Ferrothorn\n|-damage|p1a: Ferrothorn|18\/100 brn\n|move|p1a: Ferrothorn|Spikes|p2a: Vegemite\n|-sidestart|p2: ozzey|Spikes\n|\n|-damage|p1a: Ferrothorn|12\/100 brn|[from] brn\n|upkeep\n|turn|13\n|\n|t:|1700244116\n|move|p2a: Vegemite|Scald|p1a: Ferrothorn\n|-resisted|p1a: Ferrothorn\n|-damage|p1a: Ferrothorn|0 fnt\n|faint|p1a: Ferrothorn\n|\n|upkeep\n|\n|t:|1700244120\n|switch|p1a: Farigiraf|Farigiraf, M|100\/100\n|turn|14\n|c|\u2606ozzey|Idk\n|c|\u2606ozzey|I just find primarina Australian\n|\n|t:|1700244142\n|move|p2a: Vegemite|Moonblast|p1a: Farigiraf\n|-damage|p1a: Farigiraf|46\/100\n|move|p1a: Farigiraf|Trick Room|p1a: Farigiraf\n|-fieldstart|move: Trick Room|[of] p1a: Farigiraf\n|\n|upkeep\n|turn|15\n|\n|t:|1700244151\n|move|p1a: Farigiraf|Psychic|p2a: Vegemite\n|-damage|p2a: Vegemite|0 fnt\n|faint|p2a: Vegemite\n|-damage|p1a: Farigiraf|36\/100|[from] item: Life Orb\n|\n|upkeep\n|\n|t:|1700244153\n|switch|p2a: Baxter|Dhelmise|72\/100\n|turn|16\n|\n|t:|1700244160\n|-terastallize|p1a: Farigiraf|Fire\n|move|p2a: Baxter|Earthquake|p1a: Farigiraf\n|-supereffective|p1a: Farigiraf\n|-damage|p1a: Farigiraf|0 fnt\n|faint|p1a: Farigiraf\n|\n|upkeep\n|\n|t:|1700244165\n|switch|p1a: Ceruledge|Ceruledge, M|100\/100\n|turn|17\n|\n|t:|1700244169\n|move|p1a: Ceruledge|Endure|p1a: Ceruledge\n|-singleturn|p1a: Ceruledge|move: Endure\n|move|p2a: Baxter|Poltergeist|p1a: Ceruledge|[miss]\n|-miss|p2a: Baxter|p1a: Ceruledge\n|\n|upkeep\n|turn|18\n|\n|t:|1700244176\n|move|p1a: Ceruledge|Endure||[still]\n|-fail|p1a: Ceruledge\n|move|p2a: Baxter|Poltergeist|p1a: Ceruledge\n|-activate|p1a: Ceruledge|move: Poltergeist|Figy Berry\n|-supereffective|p1a: Ceruledge\n|-damage|p1a: Ceruledge|0 fnt\n|faint|p1a: Ceruledge\n|\n|-fieldend|move: Trick Room\n|upkeep\n|c|\u26063eveeJ|well crap\n|\n|t:|1700244188\n|switch|p1a: Kingambit|Kingambit, M|100\/100\n|-activate|p1a: Kingambit|ability: Supreme Overlord\n|-start|p1a: Kingambit|fallen5|[silent]\n|turn|19\n|c| femurdeeznuts|kingambit is scary here\n|\n|t:|1700244196\n|move|p1a: Kingambit|Sucker Punch|p2a: Baxter\n|-supereffective|p2a: Baxter\n|-damage|p2a: Baxter|0 fnt\n|faint|p2a: Baxter\n|\n|upkeep\n|\n|t:|1700244198\n|switch|p2a: *throws nugget*|Sneasler, F|100\/100\n|-damage|p2a: *throws nugget*|84\/100|[from] Spikes\n|turn|20\n|\n|t:|1700244204\n|move|p2a: *throws nugget*|Fake Out|p1a: Kingambit\n|-enditem|p2a: *throws nugget*|Normal Gem|[from] gem\n|-resisted|p1a: Kingambit\n|-damage|p1a: Kingambit|94\/100\n|cant|p1a: Kingambit|flinch\n|\n|-heal|p1a: Kingambit|100\/100|[from] item: Leftovers\n|upkeep\n|turn|21\n|c| femurdeeznuts|not the big nugget fling\n|\n|t:|1700244214\n|move|p1a: Kingambit|Sucker Punch|p2a: *throws nugget*\n|-resisted|p2a: *throws nugget*\n|-damage|p2a: *throws nugget*|27\/100\n|move|p2a: *throws nugget*|U-turn|p1a: Kingambit\n|-damage|p1a: Kingambit|84\/100\n|\n|t:|1700244217\n|switch|p2a: Fedy fatbear|Ursaluna-Bloodmoon, M|100\/100|[from] U-turn\n|-damage|p2a: Fedy fatbear|84\/100|[from] Spikes\n|\n|-heal|p2a: Fedy fatbear|90\/100|[from] item: Leftovers\n|-heal|p1a: Kingambit|90\/100|[from] item: Leftovers\n|upkeep\n|turn|22\n|c| El!te 00f|bro\n|c| El!te 00f|cc\n|c| El!te 00f|they don't have tera\n|\n|t:|1700244233\n|move|p1a: Kingambit|Sucker Punch|p2a: Fedy fatbear\n|-damage|p2a: Fedy fatbear|46\/100\n|move|p2a: Fedy fatbear|Focus Blast|p1a: Kingambit\n|-supereffective|p1a: Kingambit\n|-damage|p1a: Kingambit|0 fnt\n|faint|p1a: Kingambit\n|-end|p1a: Kingambit|fallen5|[silent]\n|\n|win|ozzey\n|c|\u26063eveeJ|gg\n|l|\u26063eveeJ\n|c| femurdeeznuts|1 - 0 ozzey?\n|c| El!te 00f|ye\n|l| femurdeeznuts\n|l|\u2606ozzey\n|j| femurdeeznuts\n|l| femurdeeznuts\n|j|\u2606ozzey\n|player|p2|ozzey|bugcatcher-gen4dp\n|l|\u2606ozzey\n|player|p2|\n|j|\u2606ozzey\n|player|p2|ozzey|bugcatcher-gen4dp\n|j| Ryusui7\n|l| Ryusui7\n|j| Ryusui7\n|l| El!te 00f\n|j| El!te 00f\n|l| El!te 00f\n","uploadtime":1700244251,"views":25,"p1id":"3eveej","p2id":"ozzey","formatid":"gen9nationaldexubers","rating":0,"private":0,"password":""}