{"id":"gen9nationaldexubers-1988954705","p1":"zhubiwsh","p2":"B1ACKM3W","format":"[Gen 9] National Dex Ubers","log":"|j|\u2606zhubiwsh\n|j|\u2606B1ACKM3W\n|t:|1699793978\n|gametype|singles\n|player|p1|zhubiwsh|iono|1076\n|player|p2|B1ACKM3W|265|1171\n|teamsize|p1|6\n|teamsize|p2|6\n|gen|9\n|tier|[Gen 9] National Dex Ubers\n|rated|\n|rule|HP Percentage Mod: HP is shown in percentages\n|rule|Endless Battle Clause: Forcing endless battles is banned\n|rule|OHKO Clause: OHKO moves are banned\n|rule|Evasion Moves Clause: Evasion moves are banned\n|rule|Evasion Items Clause: Evasion items are banned\n|rule|Species Clause: Limit one of each Pok\u00e9mon\n|rule|Sleep Clause Mod: Limit one foe put to sleep\n|rule|Mega Rayquaza Clause: You cannot mega evolve Rayquaza\n|clearpoke\n|poke|p1|Groudon|\n|poke|p1|Yveltal|\n|poke|p1|Ho-Oh|\n|poke|p1|Necrozma-Dusk-Mane|\n|poke|p1|Xerneas-*|\n|poke|p1|Arceus|\n|poke|p2|Kingambit, M|\n|poke|p2|Ceruledge, M|\n|poke|p2|Armarouge, M|\n|poke|p2|Quagsire, M|\n|poke|p2|Clodsire, F|\n|poke|p2|Pheromosa|\n|teampreview\n|inactive|Battle timer is ON: inactive players will automatically lose when time's up. (requested by zhubiwsh)\n|\n|t:|1699793989\n|start\n|switch|p1a: Groudon|Groudon, shiny|100\/100\n|switch|p2a: Ceruledge|Ceruledge, M|100\/100\n|detailschange|p1a: Groudon|Groudon-Primal, shiny\n|-primal|p1a: Groudon|Red Orb\n|-weather|DesolateLand|[from] ability: Desolate Land|[of] p1a: Groudon\n|turn|1\n|\n|t:|1699793998\n|switch|p2a: Quagsire|Quagsire, M|100\/100\n|move|p1a: Groudon|Stealth Rock|p2a: Quagsire\n|-sidestart|p2: B1ACKM3W|move: Stealth Rock\n|\n|-weather|DesolateLand|[upkeep]\n|upkeep\n|turn|2\n|\n|t:|1699794006\n|-weather|none\n|switch|p1a: Yveltal|Yveltal, shiny|100\/100\n|-ability|p1a: Yveltal|Dark Aura\n|move|p2a: Quagsire|Toxic|p1a: Yveltal|[miss]\n|-miss|p2a: Quagsire|p1a: Yveltal\n|\n|upkeep\n|turn|3\n|\n|t:|1699794015\n|switch|p2a: Clodsire|Clodsire, F|100\/100\n|-damage|p2a: Clodsire|94\/100|[from] Stealth Rock\n|move|p1a: Yveltal|Dark Pulse|p2a: Clodsire\n|-damage|p2a: Clodsire|65\/100\n|\n|-heal|p2a: Clodsire|71\/100|[from] item: Leftovers\n|upkeep\n|turn|4\n|\n|t:|1699794025\n|move|p1a: Yveltal|U-turn|p2a: Clodsire\n|-resisted|p2a: Clodsire\n|-damage|p2a: Clodsire|61\/100\n|\n|t:|1699794031\n|switch|p1a: Necrozma|Necrozma-Dusk-Mane, shiny|100\/100|[from] U-turn\n|move|p2a: Clodsire|Toxic Spikes|p1a: Necrozma\n|-sidestart|p1: zhubiwsh|move: Toxic Spikes\n|\n|-heal|p2a: Clodsire|67\/100|[from] item: Leftovers\n|upkeep\n|turn|5\n|\n|t:|1699794048\n|switch|p2a: Quagsire|Quagsire, M|100\/100\n|-damage|p2a: Quagsire|94\/100|[from] Stealth Rock\n|move|p1a: Necrozma|Earthquake|p2a: Quagsire\n|-damage|p2a: Quagsire|65\/100\n|\n|-heal|p2a: Quagsire|71\/100|[from] item: Leftovers\n|upkeep\n|turn|6\n|\n|t:|1699794057\n|move|p1a: Necrozma|Photon Geyser|p2a: Quagsire\n|-damage|p2a: Quagsire|30\/100\n|move|p2a: Quagsire|Scald|p1a: Necrozma\n|-damage|p1a: Necrozma|86\/100\n|-status|p1a: Necrozma|brn\n|\n|-heal|p1a: Necrozma|92\/100 brn|[from] item: Leftovers\n|-heal|p2a: Quagsire|36\/100|[from] item: Leftovers\n|-damage|p1a: Necrozma|86\/100 brn|[from] brn\n|upkeep\n|turn|7\n|\n|t:|1699794071\n|switch|p1a: Ho-Oh|Ho-Oh, shiny|100\/100\n|move|p2a: Quagsire|Recover|p2a: Quagsire\n|-heal|p2a: Quagsire|86\/100\n|\n|-heal|p2a: Quagsire|92\/100|[from] item: Leftovers\n|upkeep\n|turn|8\n|\n|t:|1699794083\n|move|p1a: Ho-Oh|Defog|p2a: Quagsire\n|-unboost|p2a: Quagsire|evasion|1\n|-sideend|p2: B1ACKM3W|Stealth Rock|[from] move: Defog|[of] p1a: Ho-Oh\n|-sideend|p1: zhubiwsh|Toxic Spikes|[from] move: Defog|[of] p1a: Ho-Oh\n|move|p2a: Quagsire|Toxic|p1a: Ho-Oh\n|-status|p1a: Ho-Oh|tox\n|\n|-heal|p2a: Quagsire|98\/100|[from] item: Leftovers\n|-damage|p1a: Ho-Oh|94\/100 tox|[from] psn\n|upkeep\n|turn|9\n|\n|t:|1699794095\n|switch|p1a: Arceus|Arceus, shiny|100\/100\n|move|p2a: Quagsire|Scald|p1a: Arceus\n|-damage|p1a: Arceus|88\/100\n|-status|p1a: Arceus|brn\n|\n|-heal|p2a: Quagsire|100\/100|[from] item: Leftovers\n|-damage|p1a: Arceus|82\/100 brn|[from] brn\n|upkeep\n|turn|10\n|-message|zhubiwsh forfeited.\n|\n|win|B1ACKM3W\n|raw|zhubiwsh's rating: 1076 &rarr; <strong>1060<\/strong><br \/>(-16 for losing)\n|raw|B1ACKM3W's rating: 1171 &rarr; <strong>1189<\/strong><br \/>(+18 for winning)\n|l|\u2606zhubiwsh\n","uploadtime":1699794124,"views":19,"p1id":"zhubiwsh","p2id":"b1ackm3w","formatid":"gen9nationaldexubers","rating":1060,"private":0,"password":""}