{"id":"gen9nationaldexubers-1982367101","p1":"jeyO12","p2":"The_Man71","format":"[Gen 9] National Dex Ubers","log":"|j|\u2606jeyO12\n|j|\u2606The_Man71\n|t:|1699004985\n|gametype|singles\n|player|p1|jeyO12|ingo|1159\n|player|p2|The_Man71|camper|1188\n|teamsize|p1|6\n|teamsize|p2|6\n|gen|9\n|tier|[Gen 9] National Dex Ubers\n|rated|\n|rule|HP Percentage Mod: HP is shown in percentages\n|rule|Endless Battle Clause: Forcing endless battles is banned\n|rule|OHKO Clause: OHKO moves are banned\n|rule|Evasion Moves Clause: Evasion moves are banned\n|rule|Evasion Items Clause: Evasion items are banned\n|rule|Species Clause: Limit one of each Pok\u00e9mon\n|rule|Sleep Clause Mod: Limit one foe put to sleep\n|rule|Mega Rayquaza Clause: You cannot mega evolve Rayquaza\n|clearpoke\n|poke|p1|Sylveon, M|\n|poke|p1|Blaziken, F|\n|poke|p1|Alakazam, M|\n|poke|p1|Mandibuzz, F|\n|poke|p1|Toxapex, M|\n|poke|p1|Ferrothorn, M|\n|poke|p2|Yveltal|\n|poke|p2|Necrozma-Dawn-Wings|\n|poke|p2|Calyrex-Ice|\n|poke|p2|Kangaskhan, F|\n|poke|p2|Genesect-Burn|\n|poke|p2|Kyogre|\n|teampreview\n|inactive|Battle timer is ON: inactive players will automatically lose when time's up. (requested by jeyO12)\n|\n|t:|1699004993\n|start\n|switch|p1a: Mandibuzz|Mandibuzz, F|100\/100\n|switch|p2a: Necrozma|Necrozma-Dawn-Wings|100\/100\n|turn|1\n|\n|t:|1699005002\n|detailschange|p2a: Necrozma|Necrozma-Ultra\n|-burst|p2a: Necrozma|Necrozma|Ultranecrozium Z\n|move|p2a: Necrozma|Dragon Pulse|p1a: Mandibuzz\n|-damage|p1a: Mandibuzz|67\/100\n|move|p1a: Mandibuzz|Foul Play|p2a: Necrozma\n|-supereffective|p2a: Necrozma\n|-damage|p2a: Necrozma|41\/100\n|\n|-heal|p1a: Mandibuzz|73\/100|[from] item: Leftovers\n|upkeep\n|turn|2\n|\n|t:|1699005011\n|move|p2a: Necrozma|Iron Defense|p2a: Necrozma\n|-boost|p2a: Necrozma|def|2\n|move|p1a: Mandibuzz|Foul Play|p2a: Necrozma\n|-supereffective|p2a: Necrozma\n|-damage|p2a: Necrozma|9\/100\n|\n|-heal|p1a: Mandibuzz|79\/100|[from] item: Leftovers\n|upkeep\n|turn|3\n|c|\u2606jeyO12|what you have that move for\n|\n|t:|1699005023\n|move|p2a: Necrozma|Dragon Pulse|p1a: Mandibuzz\n|-damage|p1a: Mandibuzz|44\/100\n|move|p1a: Mandibuzz|Foul Play|p2a: Necrozma\n|-supereffective|p2a: Necrozma\n|-damage|p2a: Necrozma|0 fnt\n|faint|p2a: Necrozma\n|\n|-heal|p1a: Mandibuzz|50\/100|[from] item: Leftovers\n|upkeep\n|inactive|The_Man71 has 120 seconds left.\n|\n|t:|1699005053\n|switch|p2a: Genesect|Genesect-Burn|100\/100\n|-ability|p2a: Genesect|Download|boost\n|-boost|p2a: Genesect|spa|1\n|turn|4\n|inactive|The_Man71 has 120 seconds left.\n|\n|t:|1699005075\n|switch|p1a: Ferrothorn|Ferrothorn, M|100\/100\n|move|p2a: Genesect|Techno Blast|p1a: Ferrothorn\n|-supereffective|p1a: Ferrothorn\n|-damage|p1a: Ferrothorn|0 fnt\n|faint|p1a: Ferrothorn\n|\n|upkeep\n|\n|t:|1699005098\n|switch|p1a: Blaziken|Blaziken, F|100\/100\n|turn|5\n|\n|t:|1699005105\n|detailschange|p1a: Blaziken|Blaziken-Mega, F\n|-mega|p1a: Blaziken|Blaziken|Blazikenite\n|move|p1a: Blaziken|Power-Up Punch|p2a: Genesect\n|-damage|p2a: Genesect|68\/100\n|-boost|p1a: Blaziken|atk|1\n|move|p2a: Genesect|Toxic|p1a: Blaziken\n|-status|p1a: Blaziken|tox\n|\n|-damage|p1a: Blaziken|95\/100 tox|[from] psn\n|-ability|p1a: Blaziken|Speed Boost|boost\n|-boost|p1a: Blaziken|spe|1\n|upkeep\n|turn|6\n|inactive|The_Man71 has 120 seconds left.\n|c|\u2606The_Man71|i'm srry\n|\n|t:|1699005144\n|-terastallize|p2a: Genesect|Bug\n|move|p1a: Blaziken|Flare Blitz|p2a: Genesect\n|-supereffective|p2a: Genesect\n|-damage|p2a: Genesect|0 fnt\n|faint|p2a: Genesect\n|-damage|p1a: Blaziken|74\/100 tox|[from] Recoil\n|\n|-damage|p1a: Blaziken|62\/100 tox|[from] psn\n|-ability|p1a: Blaziken|Speed Boost|boost\n|-boost|p1a: Blaziken|spe|1\n|upkeep\n|\n|t:|1699005157\n|switch|p2a: Kyogre|Kyogre|100\/100\n|detailschange|p2a: Kyogre|Kyogre-Primal\n|-primal|p2a: Kyogre|Blue Orb\n|-weather|PrimordialSea|[from] ability: Primordial Sea|[of] p2a: Kyogre\n|turn|7\n|\n|t:|1699005173\n|move|p1a: Blaziken|High Jump Kick|p2a: Kyogre\n|-damage|p2a: Kyogre|7\/100\n|move|p2a: Kyogre|Chilling Water|p1a: Blaziken\n|-supereffective|p1a: Blaziken\n|-damage|p1a: Blaziken|0 fnt\n|faint|p1a: Blaziken\n|\n|-weather|PrimordialSea|[upkeep]\n|upkeep\n|\n|t:|1699005183\n|switch|p1a: Alakazam|Alakazam, M|100\/100\n|turn|8\n|inactive|jeyO12 has 120 seconds left.\n|\n|t:|1699005208\n|move|p1a: Alakazam|Focus Blast|p2a: Kyogre\n|-damage|p2a: Kyogre|0 fnt\n|faint|p2a: Kyogre\n|-weather|none\n|\n|upkeep\n|\n|t:|1699005218\n|switch|p2a: Calyrex|Calyrex-Ice|100\/100\n|-ability|p2a: Calyrex|As One\n|-ability|p2a: Calyrex|Unnerve\n|turn|9\n|inactive|jeyO12 has 120 seconds left.\n|\n|t:|1699005234\n|move|p1a: Alakazam|Focus Blast|p2a: Calyrex\n|-damage|p2a: Calyrex|72\/100\n|move|p2a: Calyrex|Trailblaze|p1a: Alakazam\n|-crit|p1a: Alakazam\n|-damage|p1a: Alakazam|4\/100\n|-boost|p2a: Calyrex|spe|1\n|\n|upkeep\n|turn|10\n|inactive|jeyO12 has 120 seconds left.\n|c|\u2606jeyO12|tf\n|\n|t:|1699005245\n|switch|p1a: Toxapex|Toxapex, M|100\/100\n|move|p2a: Calyrex|Trailblaze|p1a: Toxapex\n|-damage|p1a: Toxapex|83\/100\n|-boost|p2a: Calyrex|spe|1\n|\n|-heal|p1a: Toxapex|89\/100|[from] item: Black Sludge\n|upkeep\n|turn|11\n|inactive|jeyO12 has 120 seconds left.\n|\n|t:|1699005261\n|switch|p2a: Kangaskhan|Kangaskhan, F|100\/100\n|move|p1a: Toxapex|Scald|p2a: Kangaskhan\n|-damage|p2a: Kangaskhan|85\/100\n|-status|p2a: Kangaskhan|brn\n|\n|-heal|p1a: Toxapex|95\/100|[from] item: Black Sludge\n|-damage|p2a: Kangaskhan|79\/100 brn|[from] brn\n|upkeep\n|turn|12\n|inactive|jeyO12 has 120 seconds left.\n|\n|t:|1699005278\n|switch|p1a: Mandibuzz|Mandibuzz, F|50\/100\n|detailschange|p2a: Kangaskhan|Kangaskhan-Mega, F\n|-mega|p2a: Kangaskhan|Kangaskhan|Kangaskhanite\n|move|p2a: Kangaskhan|Bulldoze|p1a: Mandibuzz\n|-immune|p1a: Mandibuzz\n|\n|-heal|p1a: Mandibuzz|56\/100|[from] item: Leftovers\n|-damage|p2a: Kangaskhan|73\/100 brn|[from] brn\n|upkeep\n|turn|13\n|\n|t:|1699005289\n|move|p2a: Kangaskhan|Body Slam|p1a: Mandibuzz\n|-crit|p1a: Mandibuzz\n|-damage|p1a: Mandibuzz|39\/100\n|-status|p1a: Mandibuzz|par\n|-damage|p1a: Mandibuzz|37\/100 par\n|-hitcount|p1a: Mandibuzz|2\n|move|p1a: Mandibuzz|Roost|p1a: Mandibuzz\n|-heal|p1a: Mandibuzz|87\/100 par\n|-singleturn|p1a: Mandibuzz|move: Roost\n|\n|-heal|p1a: Mandibuzz|93\/100 par|[from] item: Leftovers\n|-damage|p2a: Kangaskhan|67\/100 brn|[from] brn\n|upkeep\n|turn|14\n|\n|t:|1699005301\n|switch|p1a: Toxapex|Toxapex, M|95\/100\n|move|p2a: Kangaskhan|Power-Up Punch|p1a: Toxapex\n|-resisted|p1a: Toxapex\n|-damage|p1a: Toxapex|94\/100\n|-boost|p2a: Kangaskhan|atk|1\n|-resisted|p1a: Toxapex\n|-damage|p1a: Toxapex|93\/100\n|-boost|p2a: Kangaskhan|atk|1\n|-hitcount|p1a: Toxapex|2\n|\n|-heal|p1a: Toxapex|99\/100|[from] item: Black Sludge\n|-damage|p2a: Kangaskhan|60\/100 brn|[from] brn\n|upkeep\n|turn|15\n|inactive|The_Man71 has 90 seconds left.\n|\n|t:|1699005318\n|move|p2a: Kangaskhan|Drain Punch|p1a: Toxapex\n|-resisted|p1a: Toxapex\n|-damage|p1a: Toxapex|93\/100\n|-heal|p2a: Kangaskhan|63\/100 brn|[from] drain|[of] p1a: Toxapex\n|-resisted|p1a: Toxapex\n|-damage|p1a: Toxapex|91\/100\n|-heal|p2a: Kangaskhan|64\/100 brn|[from] drain|[of] p1a: Toxapex\n|-hitcount|p1a: Toxapex|2\n|move|p1a: Toxapex|Haze|p1a: Toxapex\n|-clearallboost\n|\n|-heal|p1a: Toxapex|97\/100|[from] item: Black Sludge\n|-damage|p2a: Kangaskhan|57\/100 brn|[from] brn\n|upkeep\n|turn|16\n|inactive|The_Man71 has 90 seconds left.\n|\n|t:|1699005334\n|move|p2a: Kangaskhan|Power-Up Punch|p1a: Toxapex\n|-resisted|p1a: Toxapex\n|-damage|p1a: Toxapex|96\/100\n|-boost|p2a: Kangaskhan|atk|1\n|-resisted|p1a: Toxapex\n|-damage|p1a: Toxapex|95\/100\n|-boost|p2a: Kangaskhan|atk|1\n|-hitcount|p1a: Toxapex|2\n|move|p1a: Toxapex|Scald|p2a: Kangaskhan\n|-damage|p2a: Kangaskhan|44\/100 brn\n|\n|-heal|p1a: Toxapex|100\/100|[from] item: Black Sludge\n|-damage|p2a: Kangaskhan|38\/100 brn|[from] brn\n|upkeep\n|turn|17\n|inactive|The_Man71 has 90 seconds left.\n|\n|t:|1699005349\n|move|p2a: Kangaskhan|Bulldoze|p1a: Toxapex\n|-supereffective|p1a: Toxapex\n|-damage|p1a: Toxapex|81\/100\n|-unboost|p1a: Toxapex|spe|1\n|-supereffective|p1a: Toxapex\n|-damage|p1a: Toxapex|75\/100\n|-unboost|p1a: Toxapex|spe|1\n|-hitcount|p1a: Toxapex|2\n|move|p1a: Toxapex|Scald|p2a: Kangaskhan\n|-damage|p2a: Kangaskhan|25\/100 brn\n|\n|-heal|p1a: Toxapex|82\/100|[from] item: Black Sludge\n|-damage|p2a: Kangaskhan|19\/100 brn|[from] brn\n|upkeep\n|turn|18\n|inactive|The_Man71 has 90 seconds left.\n|\n|t:|1699005362\n|move|p2a: Kangaskhan|Body Slam|p1a: Toxapex\n|-damage|p1a: Toxapex|59\/100\n|-damage|p1a: Toxapex|54\/100\n|-hitcount|p1a: Toxapex|2\n|move|p1a: Toxapex|Recover|p1a: Toxapex\n|-heal|p1a: Toxapex|100\/100\n|\n|-damage|p2a: Kangaskhan|12\/100 brn|[from] brn\n|upkeep\n|turn|19\n|inactive|The_Man71 has 90 seconds left.\n|\n|t:|1699005372\n|switch|p1a: Mandibuzz|Mandibuzz, F|93\/100 par\n|move|p2a: Kangaskhan|Body Slam|p1a: Mandibuzz\n|-damage|p1a: Mandibuzz|71\/100 par\n|-damage|p1a: Mandibuzz|66\/100 par\n|-hitcount|p1a: Mandibuzz|2\n|\n|-heal|p1a: Mandibuzz|72\/100 par|[from] item: Leftovers\n|-damage|p2a: Kangaskhan|6\/100 brn|[from] brn\n|upkeep\n|turn|20\n|inactive|The_Man71 has 90 seconds left.\n|\n|t:|1699005386\n|move|p2a: Kangaskhan|Drain Punch|p1a: Mandibuzz\n|-damage|p1a: Mandibuzz|59\/100 par\n|-heal|p2a: Kangaskhan|13\/100 brn|[from] drain|[of] p1a: Mandibuzz\n|-damage|p1a: Mandibuzz|56\/100 par\n|-heal|p2a: Kangaskhan|15\/100 brn|[from] drain|[of] p1a: Mandibuzz\n|-hitcount|p1a: Mandibuzz|2\n|move|p1a: Mandibuzz|Roost|p1a: Mandibuzz\n|-heal|p1a: Mandibuzz|100\/100 par\n|-singleturn|p1a: Mandibuzz|move: Roost\n|\n|-damage|p2a: Kangaskhan|9\/100 brn|[from] brn\n|upkeep\n|turn|21\n|inactive|The_Man71 has 90 seconds left.\n|\n|t:|1699005399\n|move|p2a: Kangaskhan|Drain Punch|p1a: Mandibuzz\n|-damage|p1a: Mandibuzz|89\/100 par\n|-heal|p2a: Kangaskhan|15\/100 brn|[from] drain|[of] p1a: Mandibuzz\n|-damage|p1a: Mandibuzz|86\/100 par\n|-heal|p2a: Kangaskhan|17\/100 brn|[from] drain|[of] p1a: Mandibuzz\n|-hitcount|p1a: Mandibuzz|2\n|move|p1a: Mandibuzz|Foul Play|p2a: Kangaskhan\n|-damage|p2a: Kangaskhan|0 fnt\n|faint|p2a: Kangaskhan\n|\n|-heal|p1a: Mandibuzz|92\/100 par|[from] item: Leftovers\n|upkeep\n|inactive|The_Man71 has 90 seconds left.\n|\n|t:|1699005414\n|switch|p2a: Calyrex|Calyrex-Ice|72\/100\n|-ability|p2a: Calyrex|As One\n|-ability|p2a: Calyrex|Unnerve\n|turn|22\n|\n|t:|1699005434\n|switch|p2a: Yveltal|Yveltal|100\/100\n|-ability|p2a: Yveltal|Dark Aura\n|cant|p1a: Mandibuzz|par\n|\n|-heal|p1a: Mandibuzz|98\/100 par|[from] item: Leftovers\n|upkeep\n|turn|23\n|\n|t:|1699005446\n|switch|p1a: Sylveon|Sylveon, M|100\/100\n|move|p2a: Yveltal|Oblivion Wing|p1a: Sylveon\n|-damage|p1a: Sylveon|72\/100\n|\n|upkeep\n|turn|24\n|\n|t:|1699005455\n|switch|p2a: Calyrex|Calyrex-Ice|72\/100\n|-ability|p2a: Calyrex|As One\n|-ability|p2a: Calyrex|Unnerve\n|move|p1a: Sylveon|Moonblast|p2a: Calyrex\n|-damage|p2a: Calyrex|51\/100\n|-unboost|p2a: Calyrex|spa|1\n|\n|upkeep\n|turn|25\n|\n|t:|1699005467\n|move|p1a: Sylveon|Shadow Ball|p2a: Calyrex\n|-supereffective|p2a: Calyrex\n|-damage|p2a: Calyrex|28\/100\n|move|p2a: Calyrex|Glacial Lance|p1a: Sylveon\n|-damage|p1a: Sylveon|0 fnt\n|faint|p1a: Sylveon\n|-ability|p2a: Calyrex|Chilling Neigh|boost\n|-boost|p2a: Calyrex|atk|1\n|\n|upkeep\n|\n|t:|1699005482\n|switch|p1a: Alakazam|Alakazam, M|4\/100\n|turn|26\n|\n|t:|1699005488\n|switch|p2a: Yveltal|Yveltal|100\/100\n|-ability|p2a: Yveltal|Dark Aura\n|move|p1a: Alakazam|Shadow Ball|p2a: Yveltal\n|-resisted|p2a: Yveltal\n|-damage|p2a: Yveltal|90\/100\n|\n|upkeep\n|turn|27\n|inactive|The_Man71 has 90 seconds left.\n|\n|t:|1699005498\n|switch|p1a: Toxapex|Toxapex, M|100\/100\n|move|p2a: Yveltal|Tailwind|p2a: Yveltal\n|-sidestart|p2: The_Man71|move: Tailwind\n|\n|upkeep\n|turn|28\n|inactive|The_Man71 has 90 seconds left.\n|\n|t:|1699005507\n|move|p2a: Yveltal|Dark Pulse|p1a: Toxapex\n|-damage|p1a: Toxapex|58\/100\n|move|p1a: Toxapex|Scald|p2a: Yveltal\n|-damage|p2a: Yveltal|79\/100\n|\n|-heal|p1a: Toxapex|64\/100|[from] item: Black Sludge\n|upkeep\n|turn|29\n|\n|t:|1699005516\n|switch|p1a: Mandibuzz|Mandibuzz, F|98\/100 par\n|move|p2a: Yveltal|Dark Pulse|p1a: Mandibuzz\n|-resisted|p1a: Mandibuzz\n|-damage|p1a: Mandibuzz|77\/100 par\n|\n|-heal|p1a: Mandibuzz|84\/100 par|[from] item: Leftovers\n|upkeep\n|turn|30\n|\n|t:|1699005526\n|move|p2a: Yveltal|Oblivion Wing|p1a: Mandibuzz\n|-damage|p1a: Mandibuzz|53\/100 par\n|-heal|p2a: Yveltal|100\/100|[from] drain|[of] p1a: Mandibuzz\n|move|p1a: Mandibuzz|Toxic|p2a: Yveltal\n|-status|p2a: Yveltal|tox\n|\n|-heal|p1a: Mandibuzz|59\/100 par|[from] item: Leftovers\n|-damage|p2a: Yveltal|94\/100 tox|[from] psn\n|-sideend|p2: The_Man71|move: Tailwind\n|upkeep\n|turn|31\n|\n|t:|1699005538\n|move|p2a: Yveltal|Oblivion Wing|p1a: Mandibuzz\n|-damage|p1a: Mandibuzz|27\/100 par\n|-heal|p2a: Yveltal|100\/100 tox|[from] drain|[of] p1a: Mandibuzz\n|cant|p1a: Mandibuzz|par\n|\n|-heal|p1a: Mandibuzz|33\/100 par|[from] item: Leftovers\n|-damage|p2a: Yveltal|88\/100 tox|[from] psn\n|upkeep\n|turn|32\n|\n|t:|1699005548\n|move|p2a: Yveltal|Oblivion Wing|p1a: Mandibuzz\n|-damage|p1a: Mandibuzz|0 fnt\n|-heal|p2a: Yveltal|100\/100 tox|[from] drain|[of] p1a: Mandibuzz\n|faint|p1a: Mandibuzz\n|\n|-damage|p2a: Yveltal|82\/100 tox|[from] psn\n|upkeep\n|\n|t:|1699005554\n|switch|p1a: Toxapex|Toxapex, M|64\/100\n|turn|33\n|c|\u2606The_Man71|F U\n|\n|t:|1699005562\n|move|p2a: Yveltal|Dark Pulse|p1a: Toxapex\n|-damage|p1a: Toxapex|18\/100\n|move|p1a: Toxapex|Scald|p2a: Yveltal\n|-damage|p2a: Yveltal|70\/100 tox\n|\n|-heal|p1a: Toxapex|24\/100|[from] item: Black Sludge\n|-damage|p2a: Yveltal|46\/100 tox|[from] psn\n|upkeep\n|turn|34\n|\n|t:|1699005571\n|move|p1a: Toxapex|Baneful Bunker|p1a: Toxapex\n|-singleturn|p1a: Toxapex|move: Protect\n|move|p2a: Yveltal|Tailwind|p2a: Yveltal\n|-sidestart|p2: The_Man71|move: Tailwind\n|\n|-heal|p1a: Toxapex|30\/100|[from] item: Black Sludge\n|-damage|p2a: Yveltal|15\/100 tox|[from] psn\n|upkeep\n|turn|35\n|inactive|The_Man71 has 120 seconds left.\n|\n|t:|1699005584\n|switch|p1a: Alakazam|Alakazam, M|4\/100\n|move|p2a: Yveltal|Oblivion Wing|p1a: Alakazam\n|-damage|p1a: Alakazam|0 fnt\n|-heal|p2a: Yveltal|17\/100 tox|[from] drain|[of] p1a: Alakazam\n|faint|p1a: Alakazam\n|\n|-damage|p2a: Yveltal|0 fnt|[from] psn\n|faint|p2a: Yveltal\n|upkeep\n|inactive|The_Man71 has 120 seconds left.\n|\n|t:|1699005595\n|switch|p1a: Toxapex|Toxapex, M|30\/100\n|switch|p2a: Calyrex|Calyrex-Ice|28\/100\n|-ability|p2a: Calyrex|As One\n|-ability|p2a: Calyrex|Unnerve\n|turn|36\n|\n|t:|1699005607\n|move|p1a: Toxapex|Baneful Bunker|p1a: Toxapex\n|-singleturn|p1a: Toxapex|move: Protect\n|move|p2a: Calyrex|Zen Headbutt|p1a: Toxapex\n|-activate|p1a: Toxapex|move: Protect\n|-status|p2a: Calyrex|psn\n|\n|-heal|p1a: Toxapex|37\/100|[from] item: Black Sludge\n|-damage|p2a: Calyrex|16\/100 psn|[from] psn\n|upkeep\n|turn|37\n|\n|t:|1699005620\n|move|p2a: Calyrex|Zen Headbutt|p1a: Toxapex|[miss]\n|-miss|p2a: Calyrex|p1a: Toxapex\n|move|p1a: Toxapex|Recover|p1a: Toxapex\n|-heal|p1a: Toxapex|87\/100\n|\n|-heal|p1a: Toxapex|93\/100|[from] item: Black Sludge\n|-damage|p2a: Calyrex|3\/100 psn|[from] psn\n|-sideend|p2: The_Man71|move: Tailwind\n|upkeep\n|turn|38\n|c|\u2606jeyO12|gg\n|n|!The_Man71|theman71\n|inactive|The_Man71 has 120 seconds left.\n|-message|The_Man71 forfeited.\n|\n|win|jeyO12\n|raw|jeyO12's rating: 1159 &rarr; <strong>1186<\/strong><br \/>(+27 for winning)\n|raw|The_Man71's rating: 1188 &rarr; <strong>1161<\/strong><br \/>(-27 for losing)\n","uploadtime":1699005641,"views":7,"p1id":"jeyo12","p2id":"theman71","formatid":"gen9nationaldexubers","rating":1161,"private":0,"password":""}