{"id":"gen9nationaldexubers-1993503686","p1":"Viviexists","p2":"TheLunarVixen","format":"[Gen 9] National Dex Ubers","log":"|j|\u2606Viviexists\n|j|\u2606TheLunarVixen\n|t:|1700325628\n|gametype|singles\n|player|p1|Viviexists|mela|\n|player|p2|TheLunarVixen|acetrainerf|\n|teamsize|p1|6\n|teamsize|p2|6\n|gen|9\n|tier|[Gen 9] National Dex Ubers\n|rule|HP Percentage Mod: HP is shown in percentages\n|rule|Endless Battle Clause: Forcing endless battles is banned\n|rule|OHKO Clause: OHKO moves are banned\n|rule|Evasion Moves Clause: Evasion moves are banned\n|rule|Evasion Items Clause: Evasion items are banned\n|rule|Species Clause: Limit one of each Pok\u00e9mon\n|rule|Sleep Clause Mod: Limit one foe put to sleep\n|rule|Mega Rayquaza Clause: You cannot mega evolve Rayquaza\n|clearpoke\n|poke|p1|Torterra, F|\n|poke|p1|Urshifu-*, F|\n|poke|p1|Ninetales-Alola, M|\n|poke|p1|Arctozolt|\n|poke|p1|Volcarona, F|\n|poke|p1|Aerodactyl, M|\n|poke|p2|Melmetal|\n|poke|p2|Corviknight, F|\n|poke|p2|Ferrothorn, M|\n|poke|p2|Gholdengo|\n|poke|p2|Heatran, M|\n|poke|p2|Scizor, F|\n|teampreview\n|c|\u2606TheLunarVixen|glhf\n|\n|t:|1700325645\n|start\n|switch|p1a: Plastic Love|Ninetales-Alola, M|100\/100\n|switch|p2a: Pyribbit|Heatran, M|100\/100\n|-weather|Snow|[from] ability: Snow Warning|[of] p1a: Plastic Love\n|turn|1\n|\n|t:|1700325650\n|move|p2a: Pyribbit|Flash Cannon|p1a: Plastic Love\n|-supereffective|p1a: Plastic Love\n|-damage|p1a: Plastic Love|0 fnt\n|faint|p1a: Plastic Love\n|\n|-weather|Snow|[upkeep]\n|upkeep\n|\n|t:|1700325655\n|switch|p1a: One Step At A Time|Urshifu-Rapid-Strike, F|100\/100\n|turn|2\n|\n|t:|1700325668\n|switch|p2a: 02|Ferrothorn, M|100\/100\n|move|p1a: One Step At A Time|Swords Dance|p1a: One Step At A Time\n|-boost|p1a: One Step At A Time|atk|2\n|\n|-weather|Snow|[upkeep]\n|upkeep\n|turn|3\n|\n|t:|1700325679\n|move|p1a: One Step At A Time|Trailblaze|p2a: 02\n|-resisted|p2a: 02\n|-damage|p2a: 02|96\/100\n|-boost|p1a: One Step At A Time|spe|1\n|-damage|p1a: One Step At A Time|88\/100|[from] ability: Iron Barbs|[of] p2a: 02\n|move|p2a: 02|Seed Bomb|p1a: One Step At A Time\n|-supereffective|p1a: One Step At A Time\n|-damage|p1a: One Step At A Time|35\/100\n|\n|-weather|Snow|[upkeep]\n|-heal|p2a: 02|100\/100|[from] item: Leftovers\n|upkeep\n|turn|4\n|\n|t:|1700325687\n|move|p1a: One Step At A Time|Close Combat|p2a: 02\n|-supereffective|p2a: 02\n|-damage|p2a: 02|0 fnt\n|-unboost|p1a: One Step At A Time|def|1\n|-unboost|p1a: One Step At A Time|spd|1\n|-damage|p1a: One Step At A Time|23\/100|[from] ability: Iron Barbs|[of] p2a: 02\n|faint|p2a: 02\n|\n|-weather|Snow|[upkeep]\n|upkeep\n|\n|t:|1700325700\n|switch|p2a: Meta Knight|Scizor, F|100\/100\n|turn|5\n|\n|t:|1700325706\n|switch|p1a: Let Me Dance|Volcarona, F|100\/100\n|detailschange|p2a: Meta Knight|Scizor-Mega, F\n|-mega|p2a: Meta Knight|Scizor|Scizorite\n|move|p2a: Meta Knight|Bullet Punch|p1a: Let Me Dance\n|-resisted|p1a: Let Me Dance\n|-damage|p1a: Let Me Dance|72\/100\n|-status|p2a: Meta Knight|brn|[from] ability: Flame Body|[of] p1a: Let Me Dance\n|\n|-weather|none\n|-damage|p2a: Meta Knight|94\/100 brn|[from] brn\n|upkeep\n|turn|6\n|c|\u2606TheLunarVixen|oml\n|\n|t:|1700325718\n|switch|p1a: Spring Thief|Torterra, F|100\/100\n|move|p2a: Meta Knight|Bug Bite|p1a: Spring Thief\n|-supereffective|p1a: Spring Thief\n|-damage|p1a: Spring Thief|43\/100\n|\n|-damage|p2a: Meta Knight|88\/100 brn|[from] brn\n|upkeep\n|turn|7\n|\n|t:|1700325735\n|-terastallize|p1a: Spring Thief|Ice\n|move|p1a: Spring Thief|Headlong Rush|p2a: Meta Knight\n|-damage|p2a: Meta Knight|42\/100 brn\n|-unboost|p1a: Spring Thief|def|1\n|-unboost|p1a: Spring Thief|spd|1\n|move|p2a: Meta Knight|Bug Bite|p1a: Spring Thief\n|-damage|p1a: Spring Thief|4\/100\n|\n|-damage|p2a: Meta Knight|36\/100 brn|[from] brn\n|upkeep\n|turn|8\n|\n|t:|1700325741\n|move|p2a: Meta Knight|Bullet Punch|p1a: Spring Thief\n|-supereffective|p1a: Spring Thief\n|-damage|p1a: Spring Thief|0 fnt\n|faint|p1a: Spring Thief\n|\n|-damage|p2a: Meta Knight|30\/100 brn|[from] brn\n|upkeep\n|\n|t:|1700325748\n|switch|p1a: One Step At A Time|Urshifu-Rapid-Strike, F|23\/100\n|turn|9\n|\n|t:|1700325756\n|move|p2a: Meta Knight|Bullet Punch|p1a: One Step At A Time\n|-resisted|p1a: One Step At A Time\n|-damage|p1a: One Step At A Time|13\/100\n|move|p1a: One Step At A Time|Trailblaze|p2a: Meta Knight\n|-resisted|p2a: Meta Knight\n|-damage|p2a: Meta Knight|26\/100 brn\n|-boost|p1a: One Step At A Time|spe|1\n|\n|-damage|p2a: Meta Knight|20\/100 brn|[from] brn\n|upkeep\n|turn|10\n|\n|t:|1700325766\n|move|p2a: Meta Knight|Bullet Punch|p1a: One Step At A Time\n|-resisted|p1a: One Step At A Time\n|-damage|p1a: One Step At A Time|4\/100\n|move|p1a: One Step At A Time|Surging Strikes|p2a: Meta Knight\n|-crit|p2a: Meta Knight\n|-damage|p2a: Meta Knight|3\/100 brn\n|-crit|p2a: Meta Knight\n|-damage|p2a: Meta Knight|0 fnt\n|faint|p2a: Meta Knight\n|-hitcount|p2: Meta Knight|2\n|\n|upkeep\n|\n|t:|1700325776\n|switch|p2a: Dynablade|Corviknight, F|100\/100\n|turn|11\n|\n|t:|1700325778\n|move|p1a: One Step At A Time|Surging Strikes|p2a: Dynablade\n|-crit|p2a: Dynablade\n|-damage|p2a: Dynablade|88\/100\n|-crit|p2a: Dynablade\n|-damage|p2a: Dynablade|75\/100\n|-crit|p2a: Dynablade\n|-damage|p2a: Dynablade|63\/100\n|-hitcount|p2a: Dynablade|3\n|move|p2a: Dynablade|Body Press|p1a: One Step At A Time\n|-damage|p1a: One Step At A Time|0 fnt\n|faint|p1a: One Step At A Time\n|\n|-heal|p2a: Dynablade|69\/100|[from] item: Leftovers\n|upkeep\n|\n|t:|1700325793\n|switch|p1a: Citrus Love|Arctozolt|100\/100\n|turn|12\n|\n|t:|1700325801\n|move|p1a: Citrus Love|Bolt Beak|p2a: Dynablade\n|-supereffective|p2a: Dynablade\n|-damage|p2a: Dynablade|0 fnt\n|faint|p2a: Dynablade\n|\n|upkeep\n|\n|t:|1700325807\n|switch|p2a: Void Termina|Melmetal|100\/100\n|turn|13\n|\n|t:|1700325816\n|-terastallize|p2a: Void Termina|Steel\n|move|p1a: Citrus Love|Bolt Beak|p2a: Void Termina\n|-damage|p2a: Void Termina|57\/100\n|move|p2a: Void Termina|Double Iron Bash|p1a: Citrus Love\n|-damage|p1a: Citrus Love|36\/100\n|-damage|p1a: Citrus Love|0 fnt\n|faint|p1a: Citrus Love\n|-hitcount|p1: Citrus Love|2\n|\n|upkeep\n|\n|t:|1700325826\n|switch|p1a: Let Me Dance|Volcarona, F|72\/100\n|turn|14\n|\n|t:|1700325832\n|move|p1a: Let Me Dance|Fiery Dance|p2a: Void Termina\n|-supereffective|p2a: Void Termina\n|-damage|p2a: Void Termina|0 fnt\n|faint|p2a: Void Termina\n|\n|upkeep\n|\n|t:|1700325837\n|switch|p2a: Pyribbit|Heatran, M|100\/100\n|turn|15\n|\n|t:|1700325841\n|move|p2a: Pyribbit|Eruption|p1a: Let Me Dance\n|-damage|p1a: Let Me Dance|0 fnt\n|faint|p1a: Let Me Dance\n|\n|upkeep\n|\n|t:|1700325844\n|switch|p1a: Repeat|Aerodactyl, M|100\/100\n|turn|16\n|\n|t:|1700325849\n|detailschange|p1a: Repeat|Aerodactyl-Mega, M\n|-mega|p1a: Repeat|Aerodactyl|Aerodactylite\n|move|p2a: Pyribbit|Eruption|p1a: Repeat\n|-resisted|p1a: Repeat\n|-damage|p1a: Repeat|51\/100\n|move|p1a: Repeat|Dragon Dance|p1a: Repeat\n|-boost|p1a: Repeat|atk|1\n|-boost|p1a: Repeat|spe|1\n|\n|upkeep\n|turn|17\n|\n|t:|1700325858\n|move|p1a: Repeat|Earthquake|p2a: Pyribbit\n|-supereffective|p2a: Pyribbit\n|-damage|p2a: Pyribbit|0 fnt\n|faint|p2a: Pyribbit\n|\n|upkeep\n|\n|t:|1700325861\n|switch|p2a: Magolor|Gholdengo|100\/100\n|turn|18\n|\n|t:|1700325865\n|move|p1a: Repeat|Earthquake|p2a: Magolor\n|-supereffective|p2a: Magolor\n|-damage|p2a: Magolor|0 fnt\n|faint|p2a: Magolor\n|\n|win|Viviexists\n|c|\u2606Viviexists|Gg\n|c|\u2606TheLunarVixen|gg\n|l|\u2606TheLunarVixen\n","uploadtime":1700325891,"views":24,"p1id":"viviexists","p2id":"thelunarvixen","formatid":"gen9nationaldexubers","rating":0,"private":0,"password":""}