{"id":"gen9nationaldexubers-1983248767","p1":"arafatr871","p2":"85792195wwww","format":"[Gen 9] National Dex Ubers","log":"|j|\u2606arafatr871\n|j|\u260685792195wwww\n|t:|1699110250\n|gametype|singles\n|player|p1|arafatr871|steven|1622\n|player|p2|85792195wwww|102|1851\n|teamsize|p1|6\n|teamsize|p2|6\n|gen|9\n|tier|[Gen 9] National Dex Ubers\n|rated|\n|rule|HP Percentage Mod: HP is shown in percentages\n|rule|Endless Battle Clause: Forcing endless battles is banned\n|rule|OHKO Clause: OHKO moves are banned\n|rule|Evasion Moves Clause: Evasion moves are banned\n|rule|Evasion Items Clause: Evasion items are banned\n|rule|Species Clause: Limit one of each Pok\u00e9mon\n|rule|Sleep Clause Mod: Limit one foe put to sleep\n|rule|Mega Rayquaza Clause: You cannot mega evolve Rayquaza\n|clearpoke\n|poke|p1|Groudon|\n|poke|p1|Kyogre|\n|poke|p1|Dondozo, F|\n|poke|p1|Yveltal|\n|poke|p1|Zacian-*|\n|poke|p1|Necrozma-Dusk-Mane|\n|poke|p2|Arceus|\n|poke|p2|Xerneas-*|\n|poke|p2|Groudon|\n|poke|p2|Zacian-*|\n|poke|p2|Samurott-Hisui, F|\n|poke|p2|Rayquaza|\n|teampreview\n|inactive|Battle timer is ON: inactive players will automatically lose when time's up. (requested by arafatr871)\n|\n|t:|1699110261\n|start\n|switch|p1a: Groudon|Groudon, shiny|100\/100\n|switch|p2a: Samurott|Samurott-Hisui, F|100\/100\n|detailschange|p1a: Groudon|Groudon-Primal, shiny\n|-primal|p1a: Groudon|Red Orb\n|-weather|DesolateLand|[from] ability: Desolate Land|[of] p1a: Groudon\n|turn|1\n|\n|t:|1699110271\n|move|p1a: Groudon|Rock Polish|p1a: Groudon\n|-boost|p1a: Groudon|spe|2\n|move|p2a: Samurott|Ceaseless Edge|p1a: Groudon\n|-damage|p1a: Groudon|67\/100\n|-sidestart|p1: arafatr871|Spikes\n|\n|-weather|DesolateLand|[upkeep]\n|upkeep\n|turn|2\n|\n|t:|1699110281\n|move|p1a: Groudon|Heat Crash|p2a: Samurott\n|-resisted|p2a: Samurott\n|-damage|p2a: Samurott|18\/100\n|move|p2a: Samurott|Encore|p1a: Groudon\n|-start|p1a: Groudon|Encore\n|\n|-weather|DesolateLand|[upkeep]\n|upkeep\n|turn|3\n|\n|t:|1699110288\n|switch|p2a: Rayquaza|Rayquaza|100\/100\n|-ability|p2a: Rayquaza|Air Lock\n|move|p1a: Groudon|Heat Crash|p2a: Rayquaza\n|-resisted|p2a: Rayquaza\n|-damage|p2a: Rayquaza|63\/100\n|\n|-weather|DesolateLand|[upkeep]\n|upkeep\n|turn|4\n|\n|t:|1699110298\n|move|p1a: Groudon|Heat Crash|p2a: Rayquaza\n|-resisted|p2a: Rayquaza\n|-damage|p2a: Rayquaza|26\/100\n|move|p2a: Rayquaza|Dragon Ascent|p1a: Groudon\n|-damage|p1a: Groudon|0 fnt\n|-unboost|p2a: Rayquaza|def|1\n|-unboost|p2a: Rayquaza|spd|1\n|faint|p1a: Groudon\n|-weather|none\n|\n|upkeep\n|\n|t:|1699110307\n|switch|p1a: Yveltal|Yveltal, shiny|100\/100\n|-ability|p1a: Yveltal|Dark Aura\n|turn|5\n|\n|t:|1699110317\n|switch|p2a: Zacian|Zacian-Crowned|100\/100\n|-ability|p2a: Zacian|Intrepid Sword|boost\n|-boost|p2a: Zacian|atk|1\n|move|p1a: Yveltal|Knock Off|p2a: Zacian\n|-resisted|p2a: Zacian\n|-damage|p2a: Zacian|75\/100\n|-damage|p1a: Yveltal|91\/100|[from] item: Life Orb\n|\n|upkeep\n|turn|6\n|\n|t:|1699110326\n|switch|p1a: Dondozo|Dondozo, F, shiny|100\/100\n|-damage|p1a: Dondozo|88\/100|[from] Spikes\n|move|p2a: Zacian|Wild Charge|p1a: Dondozo\n|-supereffective|p1a: Dondozo\n|-damage|p1a: Dondozo|56\/100\n|-damage|p2a: Zacian|63\/100|[from] Recoil\n|\n|-heal|p1a: Dondozo|62\/100|[from] item: Leftovers\n|upkeep\n|turn|7\n|\n|t:|1699110339\n|switch|p2a: Samurott|Samurott-Hisui, F|18\/100\n|move|p1a: Dondozo|Earthquake|p2a: Samurott\n|-damage|p2a: Samurott|0 fnt\n|faint|p2a: Samurott\n|\n|-heal|p1a: Dondozo|69\/100|[from] item: Leftovers\n|upkeep\n|\n|t:|1699110349\n|switch|p2a: Rayquaza|Rayquaza|26\/100\n|-ability|p2a: Rayquaza|Air Lock\n|turn|8\n|\n|t:|1699110355\n|move|p2a: Rayquaza|Dragon Ascent|p1a: Dondozo\n|-damage|p1a: Dondozo|13\/100\n|-unboost|p2a: Rayquaza|def|1\n|-unboost|p2a: Rayquaza|spd|1\n|move|p1a: Dondozo|Liquidation|p2a: Rayquaza\n|-resisted|p2a: Rayquaza\n|-damage|p2a: Rayquaza|12\/100\n|\n|-heal|p1a: Dondozo|19\/100|[from] item: Leftovers\n|upkeep\n|turn|9\n|\n|t:|1699110366\n|move|p2a: Rayquaza|Dragon Ascent|p1a: Dondozo\n|-damage|p1a: Dondozo|0 fnt\n|-unboost|p2a: Rayquaza|def|1\n|-unboost|p2a: Rayquaza|spd|1\n|faint|p1a: Dondozo\n|\n|upkeep\n|\n|t:|1699110369\n|switch|p1a: Zacian|Zacian-Crowned|100\/100\n|-damage|p1a: Zacian|88\/100|[from] Spikes\n|-ability|p1a: Zacian|Intrepid Sword|boost\n|-boost|p1a: Zacian|atk|1\n|turn|10\n|\n|t:|1699110378\n|move|p1a: Zacian|Behemoth Blade|p2a: Rayquaza\n|-crit|p2a: Rayquaza\n|-damage|p2a: Rayquaza|0 fnt\n|faint|p2a: Rayquaza\n|\n|upkeep\n|\n|t:|1699110391\n|switch|p2a: Zacian|Zacian-Crowned|63\/100\n|turn|11\n|\n|t:|1699110395\n|-terastallize|p1a: Zacian|Ground\n|move|p1a: Zacian|Tera Blast|p2a: Zacian|[anim] Tera Blast Ground\n|-supereffective|p2a: Zacian\n|-damage|p2a: Zacian|0 fnt\n|faint|p2a: Zacian\n|\n|upkeep\n|\n|t:|1699110404\n|switch|p2a: Arceus|Arceus|100\/100\n|turn|12\n|\n|t:|1699110414\n|move|p1a: Zacian|Close Combat|p2a: Arceus\n|-supereffective|p2a: Arceus\n|-damage|p2a: Arceus|0 fnt\n|-unboost|p1a: Zacian|def|1\n|-unboost|p1a: Zacian|spd|1\n|faint|p2a: Arceus\n|\n|upkeep\n|\n|t:|1699110421\n|switch|p2a: Groudon|Groudon|100\/100\n|detailschange|p2a: Groudon|Groudon-Primal\n|-primal|p2a: Groudon|Red Orb\n|-weather|DesolateLand|[from] ability: Desolate Land|[of] p2a: Groudon\n|turn|13\n|\n|t:|1699110428\n|move|p1a: Zacian|Tera Blast|p2a: Groudon|[anim] Tera Blast Ground\n|-supereffective|p2a: Groudon\n|-damage|p2a: Groudon|18\/100\n|move|p2a: Groudon|Rock Polish|p2a: Groudon\n|-boost|p2a: Groudon|spe|2\n|\n|-weather|DesolateLand|[upkeep]\n|upkeep\n|turn|14\n|\n|t:|1699110437\n|move|p2a: Groudon|Heat Crash|p1a: Zacian\n|-damage|p1a: Zacian|0 fnt\n|faint|p1a: Zacian\n|\n|-weather|DesolateLand|[upkeep]\n|upkeep\n|\n|t:|1699110441\n|switch|p1a: Yveltal|Yveltal, shiny|91\/100\n|-ability|p1a: Yveltal|Dark Aura\n|turn|15\n|\n|t:|1699110447\n|move|p1a: Yveltal|Sucker Punch|p2a: Groudon\n|-damage|p2a: Groudon|0 fnt\n|faint|p2a: Groudon\n|-weather|none\n|-damage|p1a: Yveltal|81\/100|[from] item: Life Orb\n|\n|upkeep\n|\n|t:|1699110454\n|switch|p2a: Xerneas|Xerneas|100\/100\n|-ability|p2a: Xerneas|Fairy Aura\n|turn|16\n|\n|t:|1699110459\n|move|p1a: Yveltal|Knock Off|p2a: Xerneas\n|-resisted|p2a: Xerneas\n|-damage|p2a: Xerneas|71\/100\n|-enditem|p2a: Xerneas|Power Herb|[from] move: Knock Off|[of] p1a: Yveltal\n|-damage|p1a: Yveltal|71\/100|[from] item: Life Orb\n|move|p2a: Xerneas|Geomancy||[still]\n|-prepare|p2a: Xerneas|Geomancy\n|\n|upkeep\n|turn|17\n|\n|t:|1699110468\n|move|p1a: Yveltal|Dual Wingbeat|p2a: Xerneas\n|-damage|p2a: Xerneas|52\/100\n|-damage|p2a: Xerneas|32\/100\n|-hitcount|p2a: Xerneas|2\n|-damage|p1a: Yveltal|61\/100|[from] item: Life Orb\n|move|p2a: Xerneas|Geomancy|p2a: Xerneas|[from]lockedmove\n|-boost|p2a: Xerneas|spa|2\n|-boost|p2a: Xerneas|spd|2\n|-boost|p2a: Xerneas|spe|2\n|\n|upkeep\n|turn|18\n|\n|t:|1699110480\n|move|p1a: Yveltal|Sucker Punch|p2a: Xerneas\n|-resisted|p2a: Xerneas\n|-damage|p2a: Xerneas|8\/100\n|-damage|p1a: Yveltal|51\/100|[from] item: Life Orb\n|move|p2a: Xerneas|Moonblast|p1a: Yveltal\n|-supereffective|p1a: Yveltal\n|-damage|p1a: Yveltal|0 fnt\n|faint|p1a: Yveltal\n|\n|upkeep\n|\n|t:|1699110487\n|switch|p1a: Necrozma|Necrozma-Dusk-Mane, shiny|100\/100\n|-damage|p1a: Necrozma|88\/100|[from] Spikes\n|turn|19\n|\n|t:|1699110495\n|-terastallize|p2a: Xerneas|Fairy\n|move|p2a: Xerneas|Moonblast|p1a: Necrozma\n|-resisted|p1a: Necrozma\n|-crit|p1a: Necrozma\n|-damage|p1a: Necrozma|0 fnt\n|faint|p1a: Necrozma\n|\n|upkeep\n|\n|t:|1699110502\n|switch|p1a: Kyogre|Kyogre, shiny|100\/100\n|-damage|p1a: Kyogre|88\/100|[from] Spikes\n|detailschange|p1a: Kyogre|Kyogre-Primal, shiny\n|-primal|p1a: Kyogre|Blue Orb\n|-weather|PrimordialSea|[from] ability: Primordial Sea|[of] p1a: Kyogre\n|turn|20\n|\n|t:|1699110510\n|move|p2a: Xerneas|Thunder|p1a: Kyogre\n|-supereffective|p1a: Kyogre\n|-damage|p1a: Kyogre|0 fnt\n|faint|p1a: Kyogre\n|-weather|none\n|\n|win|85792195wwww\n|raw|arafatr871's rating: 1622 &rarr; <strong>1614<\/strong><br \/>(-8 for losing)\n|raw|85792195wwww's rating: 1851 &rarr; <strong>1859<\/strong><br \/>(+8 for winning)\n","uploadtime":1699110517,"views":6,"p1id":"arafatr871","p2id":"85792195wwww","formatid":"gen9nationaldexubers","rating":1614,"private":0,"password":""}