{"id":"gen9nationaldexubers-1990470784","p1":"Happinirekt","p2":"Commander_Burn72","format":"[Gen 9] National Dex Ubers","log":"|j|\u2606Happinirekt\n|j|\u2606Commander_Burn72\n|t:|1699974000\n|gametype|singles\n|player|p1|Happinirekt|hilbert-masters|\n|player|p2|Commander_Burn72|veteran|\n|teamsize|p1|6\n|teamsize|p2|6\n|gen|9\n|tier|[Gen 9] National Dex Ubers\n|rule|HP Percentage Mod: HP is shown in percentages\n|rule|Endless Battle Clause: Forcing endless battles is banned\n|rule|OHKO Clause: OHKO moves are banned\n|rule|Evasion Moves Clause: Evasion moves are banned\n|rule|Evasion Items Clause: Evasion items are banned\n|rule|Species Clause: Limit one of each Pok\u00e9mon\n|rule|Sleep Clause Mod: Limit one foe put to sleep\n|rule|Mega Rayquaza Clause: You cannot mega evolve Rayquaza\n|clearpoke\n|poke|p1|Lopunny, M|\n|poke|p1|Rotom-Wash|\n|poke|p1|Ogerpon-Hearthflame, F|\n|poke|p1|Gholdengo|\n|poke|p1|Great Tusk|\n|poke|p1|Murkrow, M|\n|poke|p2|Aerodactyl, M|\n|poke|p2|Great Tusk|\n|poke|p2|Jolteon, M|\n|poke|p2|Clefable, F|\n|poke|p2|Chi-Yu|\n|poke|p2|Torterra, M|\n|teampreview\n|\n|t:|1699974101\n|start\n|switch|p1a: Gholdengo|Gholdengo|100\/100\n|switch|p2a: Torterra|Torterra, M, shiny|100\/100\n|turn|1\n|\n|t:|1699974129\n|switch|p1a: Shrek|Ogerpon-Hearthflame, F|100\/100\n|-ability|p1a: Shrek|Mold Breaker\n|move|p2a: Torterra|Shell Smash|p2a: Torterra\n|-unboost|p2a: Torterra|def|1\n|-unboost|p2a: Torterra|spd|1\n|-boost|p2a: Torterra|atk|2\n|-boost|p2a: Torterra|spa|2\n|-boost|p2a: Torterra|spe|2\n|-enditem|p2a: Torterra|White Herb\n|-clearnegativeboost|p2a: Torterra|[silent]\n|\n|upkeep\n|turn|2\n|\n|t:|1699974145\n|move|p2a: Torterra|Earthquake|p1a: Shrek\n|-damage|p1a: Shrek|0 fnt\n|faint|p1a: Shrek\n|\n|upkeep\n|\n|t:|1699974148\n|switch|p1a: Murkrow|Murkrow, M, shiny|100\/100\n|turn|3\n|\n|t:|1699974159\n|move|p1a: Murkrow|Haze|p1a: Murkrow\n|-clearallboost\n|move|p2a: Torterra|Heavy Slam|p1a: Murkrow\n|-crit|p1a: Murkrow\n|-damage|p1a: Murkrow|18\/100\n|\n|upkeep\n|turn|4\n|\n|t:|1699974291\n|move|p1a: Murkrow|Tailwind|p1a: Murkrow\n|-sidestart|p1: Happinirekt|move: Tailwind\n|move|p2a: Torterra|Heavy Slam|p1a: Murkrow\n|-damage|p1a: Murkrow|0 fnt\n|faint|p1a: Murkrow\n|\n|upkeep\n|\n|t:|1699974297\n|switch|p1a: Chad|Lopunny, M, shiny|100\/100\n|turn|5\n|\n|t:|1699974308\n|detailschange|p1a: Chad|Lopunny-Mega, M, shiny\n|-mega|p1a: Chad|Lopunny|Lopunnite\n|move|p1a: Chad|Drain Punch|p2a: Torterra\n|-damage|p2a: Torterra|60\/100\n|move|p2a: Torterra|Wood Hammer|p1a: Chad\n|-damage|p1a: Chad|20\/100\n|-damage|p2a: Torterra|38\/100|[from] Recoil\n|\n|upkeep\n|turn|6\n|\n|t:|1699974316\n|move|p1a: Chad|Triple Axel|p2a: Torterra\n|-supereffective|p2a: Torterra\n|-damage|p2a: Torterra|9\/100\n|-hitcount|p2a: Torterra|1\n|move|p2a: Torterra|Wood Hammer|p1a: Chad\n|-damage|p1a: Chad|0 fnt\n|faint|p1a: Chad\n|-damage|p2a: Torterra|4\/100|[from] Recoil\n|\n|upkeep\n|\n|t:|1699974324\n|switch|p1a: Great Tusk|Great Tusk|100\/100\n|-enditem|p1a: Great Tusk|Booster Energy\n|-activate|p1a: Great Tusk|ability: Protosynthesis|[fromitem]\n|-start|p1a: Great Tusk|protosynthesisatk\n|turn|7\n|\n|t:|1699974331\n|move|p1a: Great Tusk|Rapid Spin|p2a: Torterra\n|-damage|p2a: Torterra|0 fnt\n|-boost|p1a: Great Tusk|spe|1\n|faint|p2a: Torterra\n|\n|-sideend|p1: Happinirekt|move: Tailwind\n|upkeep\n|\n|t:|1699974342\n|switch|p2a: Aerodactyl|Aerodactyl, M|100\/100\n|-ability|p2a: Aerodactyl|Pressure\n|turn|8\n|\n|t:|1699974518\n|detailschange|p2a: Aerodactyl|Aerodactyl-Mega, M\n|-mega|p2a: Aerodactyl|Aerodactyl|Aerodactylite\n|move|p1a: Great Tusk|Ice Spinner|p2a: Aerodactyl\n|-supereffective|p2a: Aerodactyl\n|-damage|p2a: Aerodactyl|12\/100\n|move|p2a: Aerodactyl|Dual Wingbeat|p1a: Great Tusk\n|-supereffective|p1a: Great Tusk\n|-damage|p1a: Great Tusk|60\/100\n|-supereffective|p1a: Great Tusk\n|-damage|p1a: Great Tusk|14\/100\n|-hitcount|p1a: Great Tusk|2\n|\n|upkeep\n|turn|9\n|\n|t:|1699974545\n|move|p1a: Great Tusk|Ice Spinner|p2a: Aerodactyl\n|-supereffective|p2a: Aerodactyl\n|-damage|p2a: Aerodactyl|0 fnt\n|faint|p2a: Aerodactyl\n|\n|upkeep\n|\n|t:|1699974553\n|switch|p2a: Great Tusk|Great Tusk|100\/100\n|-enditem|p2a: Great Tusk|Booster Energy\n|-activate|p2a: Great Tusk|ability: Protosynthesis|[fromitem]\n|-start|p2a: Great Tusk|protosynthesisatk\n|turn|10\n|\n|t:|1699974560\n|move|p1a: Great Tusk|Ice Spinner|p2a: Great Tusk\n|-supereffective|p2a: Great Tusk\n|-damage|p2a: Great Tusk|48\/100\n|move|p2a: Great Tusk|Ice Spinner|p1a: Great Tusk\n|-supereffective|p1a: Great Tusk\n|-damage|p1a: Great Tusk|0 fnt\n|faint|p1a: Great Tusk\n|-end|p1a: Great Tusk|Protosynthesis|[silent]\n|\n|upkeep\n|\n|t:|1699974641\n|switch|p1a: Gholdengo|Gholdengo|100\/100\n|turn|11\n|\n|t:|1699974722\n|move|p1a: Gholdengo|Dazzling Gleam|p2a: Great Tusk\n|-supereffective|p2a: Great Tusk\n|-damage|p2a: Great Tusk|0 fnt\n|faint|p2a: Great Tusk\n|-end|p2a: Great Tusk|Protosynthesis|[silent]\n|\n|upkeep\n|\n|t:|1699974727\n|switch|p2a: Chi-Yu|Chi-Yu|100\/100\n|-ability|p2a: Chi-Yu|Beads of Ruin\n|turn|12\n|\n|t:|1699974733\n|switch|p1a: Rotom|Rotom-Wash|100\/100\n|move|p2a: Chi-Yu|Overheat|p1a: Rotom\n|-resisted|p1a: Rotom\n|-damage|p1a: Rotom|4\/100\n|-unboost|p2a: Chi-Yu|spa|2\n|\n|upkeep\n|turn|13\n|\n|t:|1699974740\n|-terastallize|p2a: Chi-Yu|Grass\n|move|p2a: Chi-Yu|Overheat|p1a: Rotom\n|-resisted|p1a: Rotom\n|-damage|p1a: Rotom|0 fnt\n|-unboost|p2a: Chi-Yu|spa|2\n|faint|p1a: Rotom\n|\n|upkeep\n|\n|t:|1699974743\n|switch|p1a: Gholdengo|Gholdengo|100\/100\n|turn|14\n|\n|t:|1699974752\n|switch|p2a: Clefable|Clefable, F|100\/100\n|-terastallize|p1a: Gholdengo|Steel\n|move|p1a: Gholdengo|Flash Cannon|p2a: Clefable\n|-supereffective|p2a: Clefable\n|-damage|p2a: Clefable|25\/100\n|\n|upkeep\n|turn|15\n|\n|t:|1699974765\n|move|p1a: Gholdengo|Flash Cannon|p2a: Clefable\n|-supereffective|p2a: Clefable\n|-damage|p2a: Clefable|0 fnt\n|faint|p2a: Clefable\n|\n|upkeep\n|\n|t:|1699974770\n|switch|p2a: Chi-Yu|Chi-Yu, tera:Grass|100\/100\n|-ability|p2a: Chi-Yu|Beads of Ruin\n|turn|16\n|l|\u2606Commander_Burn72\n|player|p2|\n|\n|t:|1699974852\n|move|p1a: Gholdengo|Flash Cannon|p2a: Chi-Yu\n|-damage|p2a: Chi-Yu|37\/100\n|move|p2a: Chi-Yu|Overheat|p1a: Gholdengo\n|-supereffective|p1a: Gholdengo\n|-damage|p1a: Gholdengo|0 fnt\n|-unboost|p2a: Chi-Yu|spa|2\n|faint|p1a: Gholdengo\n|\n|win|Commander_Burn72\n|c|\u2606Happinirekt|gg\n|l|\u2606Happinirekt\n|j|\u2606Happinirekt\n|player|p1|Happinirekt|hilbert-masters\n","uploadtime":1699975255,"views":6,"p1id":"happinirekt","p2id":"commanderburn72","formatid":"gen9nationaldexubers","rating":0,"private":0,"password":""}