{"id":"gen9nationaldexubers-1992734076","p1":"olivia rodrig","p2":"Kamel 11","format":"[Gen 9] National Dex Ubers","log":"|j|\u2606olivia rodrig\n|j|\u2606Kamel 11\n|t:|1700230388\n|gametype|singles\n|player|p1|olivia rodrig|1|1165\n|player|p2|Kamel 11|wallace|1223\n|teamsize|p1|6\n|teamsize|p2|6\n|gen|9\n|tier|[Gen 9] National Dex Ubers\n|rated|\n|rule|HP Percentage Mod: HP is shown in percentages\n|rule|Endless Battle Clause: Forcing endless battles is banned\n|rule|OHKO Clause: OHKO moves are banned\n|rule|Evasion Moves Clause: Evasion moves are banned\n|rule|Evasion Items Clause: Evasion items are banned\n|rule|Species Clause: Limit one of each Pok\u00e9mon\n|rule|Sleep Clause Mod: Limit one foe put to sleep\n|rule|Mega Rayquaza Clause: You cannot mega evolve Rayquaza\n|clearpoke\n|poke|p1|Giratina-Origin|\n|poke|p1|Palkia-Origin|\n|poke|p1|Arceus|\n|poke|p1|Groudon|\n|poke|p1|Eternatus|\n|poke|p1|Zamazenta-*|\n|poke|p2|Palkia|\n|poke|p2|Arceus|\n|poke|p2|Darkrai|\n|poke|p2|Heatran, M|\n|poke|p2|Gliscor, M|\n|poke|p2|Shaymin-Sky|\n|teampreview\n|c|\u2606Kamel 11|wow only legendary\n|\n|t:|1700230415\n|start\n|switch|p1a: Zamazenta|Zamazenta, shiny|100\/100\n|switch|p2a: Arceus|Arceus|100\/100\n|-ability|p1a: Zamazenta|Dauntless Shield|boost\n|-boost|p1a: Zamazenta|def|1\n|turn|1\n|c|\u2606olivia rodrig|bro ur only no legend its gliscor\n|c|\u2606olivia rodrig|shut up\n|\n|t:|1700230436\n|switch|p2a: Gliscor|Gliscor, M|100\/100\n|move|p1a: Zamazenta|Substitute|p1a: Zamazenta\n|-start|p1a: Zamazenta|Substitute\n|-damage|p1a: Zamazenta|76\/100\n|\n|-heal|p1a: Zamazenta|82\/100|[from] item: Leftovers\n|-status|p2a: Gliscor|tox|[from] item: Toxic Orb\n|upkeep\n|turn|2\n|c|\u2606Kamel 11|bro i am only use gen 4\n|c|\u2606olivia rodrig|and?\n|c|\u2606olivia rodrig|i dont care\n|c|\u2606olivia rodrig|just play\n|c|\u2606Kamel 11|i dont know nothing about new gens\n|\n|t:|1700230478\n|move|p1a: Zamazenta|Iron Defense|p1a: Zamazenta\n|-boost|p1a: Zamazenta|def|2\n|move|p2a: Gliscor|Knock Off|p1a: Zamazenta\n|-resisted|p1a: Zamazenta\n|-activate|p1a: Zamazenta|move: Substitute|[damage]\n|\n|-heal|p1a: Zamazenta|88\/100|[from] item: Leftovers\n|upkeep\n|turn|3\n|\n|t:|1700230498\n|move|p1a: Zamazenta|Iron Defense|p1a: Zamazenta\n|-boost|p1a: Zamazenta|def|2\n|move|p2a: Gliscor|Earthquake|p1a: Zamazenta\n|-activate|p1a: Zamazenta|move: Substitute|[damage]\n|\n|-heal|p1a: Zamazenta|94\/100|[from] item: Leftovers\n|upkeep\n|turn|4\n|\n|t:|1700230506\n|move|p1a: Zamazenta|Body Press|p2a: Gliscor\n|-resisted|p2a: Gliscor\n|-damage|p2a: Gliscor|34\/100 tox\n|move|p2a: Gliscor|Earthquake|p1a: Zamazenta\n|-end|p1a: Zamazenta|Substitute\n|\n|-heal|p1a: Zamazenta|99\/100|[from] item: Leftovers\n|-heal|p2a: Gliscor|47\/100 tox|[from] ability: Poison Heal\n|upkeep\n|turn|5\n|\n|t:|1700230521\n|switch|p2a: Darkrai|Darkrai|100\/100\n|move|p1a: Zamazenta|Substitute|p1a: Zamazenta\n|-start|p1a: Zamazenta|Substitute\n|-damage|p1a: Zamazenta|75\/100\n|\n|-heal|p1a: Zamazenta|81\/100|[from] item: Leftovers\n|upkeep\n|turn|6\n|\n|t:|1700230533\n|-terastallize|p2a: Darkrai|Psychic\n|move|p1a: Zamazenta|Body Press|p2a: Darkrai\n|-resisted|p2a: Darkrai\n|-damage|p2a: Darkrai|11\/100\n|move|p2a: Darkrai|Dark Pulse|p1a: Zamazenta\n|-resisted|p1a: Zamazenta\n|-end|p1a: Zamazenta|Substitute\n|-damage|p2a: Darkrai|1\/100|[from] item: Life Orb\n|\n|-heal|p1a: Zamazenta|88\/100|[from] item: Leftovers\n|upkeep\n|turn|7\n|\n|t:|1700230549\n|move|p1a: Zamazenta|Body Press|p2a: Darkrai\n|-resisted|p2a: Darkrai\n|-damage|p2a: Darkrai|0 fnt\n|faint|p2a: Darkrai\n|\n|-heal|p1a: Zamazenta|94\/100|[from] item: Leftovers\n|upkeep\n|\n|t:|1700230561\n|switch|p2a: Shaymin|Shaymin-Sky|100\/100\n|turn|8\n|\n|t:|1700230567\n|-terastallize|p1a: Zamazenta|Steel\n|move|p1a: Zamazenta|Substitute|p1a: Zamazenta\n|-start|p1a: Zamazenta|Substitute\n|-damage|p1a: Zamazenta|69\/100\n|move|p2a: Shaymin|Endeavor|p1a: Zamazenta\n|-immune|p1a: Zamazenta\n|\n|-heal|p1a: Zamazenta|75\/100|[from] item: Leftovers\n|upkeep\n|turn|9\n|\n|t:|1700230579\n|move|p1a: Zamazenta|Body Press|p2a: Shaymin\n|-resisted|p2a: Shaymin\n|-damage|p2a: Shaymin|13\/100\n|move|p2a: Shaymin|Seed Flare|p1a: Zamazenta\n|-resisted|p1a: Zamazenta\n|-end|p1a: Zamazenta|Substitute\n|-damage|p2a: Shaymin|3\/100|[from] item: Life Orb\n|\n|-heal|p1a: Zamazenta|81\/100|[from] item: Leftovers\n|upkeep\n|turn|10\n|\n|t:|1700230589\n|move|p1a: Zamazenta|Body Press|p2a: Shaymin\n|-resisted|p2a: Shaymin\n|-crit|p2a: Shaymin\n|-damage|p2a: Shaymin|0 fnt\n|faint|p2a: Shaymin\n|\n|-heal|p1a: Zamazenta|87\/100|[from] item: Leftovers\n|upkeep\n|\n|t:|1700230601\n|switch|p2a: Gliscor|Gliscor, M|47\/100 tox\n|turn|11\n|c|\u2606olivia rodrig|r u losing to 1 pokemon?\n|\n|t:|1700230609\n|move|p1a: Zamazenta|Substitute|p1a: Zamazenta\n|-start|p1a: Zamazenta|Substitute\n|-damage|p1a: Zamazenta|62\/100\n|move|p2a: Gliscor|Earthquake|p1a: Zamazenta\n|-supereffective|p1a: Zamazenta\n|-activate|p1a: Zamazenta|move: Substitute|[damage]\n|\n|-heal|p1a: Zamazenta|68\/100|[from] item: Leftovers\n|-heal|p2a: Gliscor|59\/100 tox|[from] ability: Poison Heal\n|upkeep\n|turn|12\n|\n|t:|1700230621\n|move|p1a: Zamazenta|Body Press|p2a: Gliscor\n|-resisted|p2a: Gliscor\n|-damage|p2a: Gliscor|0 fnt\n|faint|p2a: Gliscor\n|\n|-heal|p1a: Zamazenta|75\/100|[from] item: Leftovers\n|upkeep\n|\n|t:|1700230629\n|switch|p2a: Palkia|Palkia|100\/100\n|turn|13\n|\n|t:|1700230633\n|move|p1a: Zamazenta|Body Press|p2a: Palkia\n|-crit|p2a: Palkia\n|-damage|p2a: Palkia|0 fnt\n|faint|p2a: Palkia\n|\n|-heal|p1a: Zamazenta|81\/100|[from] item: Leftovers\n|upkeep\n|c|\u2606olivia rodrig|!dt body press\n|raw|<ul class=\"utilichart\"><li class=\"result\"><span class=\"col movenamecol\"><a href=\"https:\/\/dex.pokemonshowdown.com\/moves\/bodypress\">Body Press<\/a><\/span> <span class=\"col typecol\"><img src=\"\/\/play.pokemonshowdown.com\/sprites\/types\/Fighting.png\" alt=\"Fighting\" width=\"32\" height=\"14\"><img src=\"\/\/play.pokemonshowdown.com\/sprites\/categories\/Physical.png\" alt=\"Physical\" width=\"32\" height=\"14\"><\/span> <span class=\"col labelcol\"><em>Power<\/em><br>80<\/span> <span class=\"col widelabelcol\"><em>Accuracy<\/em><br>100%<\/span> <span class=\"col pplabelcol\"><em>PP<\/em><br>16<\/span> <span class=\"col movedesccol\">Uses user's Def stat as Atk in damage calculation.<\/span> <\/li><li style=\"clear:both\"><\/li><\/ul>\n|raw|<font size=\"1\"><font color=\"#686868\">Priority:<\/font> 0&nbsp;|&ThickSpace;<font color=\"#686868\">Gen:<\/font> 8&nbsp;|&ThickSpace;&#10003; Contact&nbsp;|&ThickSpace;<font color=\"#686868\">Z-Power:<\/font> 160&nbsp;|&ThickSpace;<font color=\"#686868\">Dynamax Power:<\/font> 90&nbsp;|&ThickSpace;<font color=\"#686868\">Target:<\/font> One Adjacent Pok\u00e9mon<\/font>\n\n|c|\u2606olivia rodrig|im 1151 def\n|c|\u2606Kamel 11|ohhh\n|c|\u2606Kamel 11|thats why\n|c|\u2606Kamel 11|i didnt know about that move\n|\n|t:|1700230687\n|switch|p2a: Heatran|Heatran, M|100\/100\n|turn|14\n|\n|t:|1700230693\n|move|p1a: Zamazenta|Body Press|p2a: Heatran\n|-supereffective|p2a: Heatran\n|-damage|p2a: Heatran|0 fnt\n|faint|p2a: Heatran\n|\n|-heal|p1a: Zamazenta|87\/100|[from] item: Leftovers\n|upkeep\n|\n|t:|1700230700\n|switch|p2a: Arceus|Arceus|100\/100\n|turn|15\n|\n|t:|1700230709\n|move|p2a: Arceus|Extreme Speed|p1a: Zamazenta\n|-resisted|p1a: Zamazenta\n|-end|p1a: Zamazenta|Substitute\n|move|p1a: Zamazenta|Body Press|p2a: Arceus\n|-supereffective|p2a: Arceus\n|-damage|p2a: Arceus|0 fnt\n|faint|p2a: Arceus\n|\n|win|olivia rodrig\n|raw|olivia rodrig's rating: 1165 &rarr; <strong>1194<\/strong><br \/>(+29 for winning)\n|raw|Kamel 11's rating: 1223 &rarr; <strong>1194<\/strong><br \/>(-29 for losing)\n|c|\u2606olivia rodrig|gg\n|c|\u2606Kamel 11|gg\n|l|\u2606Kamel 11\n","uploadtime":1700230724,"views":7,"p1id":"oliviarodrig","p2id":"kamel11","formatid":"gen9nationaldexubers","rating":1194,"private":0,"password":""}