{"id":"gen9nationaldexubers-1994834852","p1":"AlolanSandslashOU","p2":"Just B3A$T","format":"[Gen 9] National Dex Ubers","log":"|j|\u2606AlolanSandslashOU\n|j|\u2606Just B3A$T\n|t:|1700497138\n|gametype|singles\n|player|p1|AlolanSandslashOU|volkner|\n|player|p2|Just B3A$T|bruno|\n|teamsize|p1|6\n|teamsize|p2|6\n|gen|9\n|tier|[Gen 9] National Dex Ubers\n|rule|HP Percentage Mod: HP is shown in percentages\n|rule|Endless Battle Clause: Forcing endless battles is banned\n|rule|OHKO Clause: OHKO moves are banned\n|rule|Evasion Moves Clause: Evasion moves are banned\n|rule|Evasion Items Clause: Evasion items are banned\n|rule|Species Clause: Limit one of each Pok\u00e9mon\n|rule|Sleep Clause Mod: Limit one foe put to sleep\n|rule|Mega Rayquaza Clause: You cannot mega evolve Rayquaza\n|clearpoke\n|poke|p1|Chien-Pao|\n|poke|p1|Ting-Lu|\n|poke|p1|Greninja-*, M|\n|poke|p1|Weavile, M|\n|poke|p1|Urshifu-*, M|\n|poke|p1|Annihilape, M|\n|poke|p2|Rillaboom, M|\n|poke|p2|Samurott-Hisui, M|\n|poke|p2|Diancie|\n|poke|p2|Gholdengo|\n|poke|p2|Alomomola, F|\n|poke|p2|Moltres|\n|teampreview\n|inactive|Battle timer is ON: inactive players will automatically lose when time's up. (requested by Just B3A$T)\n|c|\u2606AlolanSandslashOU|I added monke\n|c|\u2606Just B3A$T|true\n|c|\u2606Just B3A$T|let's begin\n|c|\u2606Just B3A$T|!!!\n|\n|t:|1700497163\n|start\n|switch|p1a: Annihilape|Annihilape, M|100\/100\n|switch|p2a: edge pro max|Samurott-Hisui, M, shiny|100\/100\n|turn|1\n|\n|t:|1700497179\n|switch|p2a: budget Ho-oh|Moltres|100\/100\n|move|p1a: Annihilape|Drain Punch|p2a: budget Ho-oh\n|-resisted|p2a: budget Ho-oh\n|-damage|p2a: budget Ho-oh|87\/100\n|-status|p1a: Annihilape|brn|[from] ability: Flame Body|[of] p2a: budget Ho-oh\n|\n|-damage|p1a: Annihilape|94\/100 brn|[from] brn\n|upkeep\n|turn|2\n|c|\u2606Just B3A$T|hah\n|c|\u2606AlolanSandslashOU|Bru\n|\n|t:|1700497187\n|move|p1a: Annihilape|Taunt|p2a: budget Ho-oh\n|-start|p2a: budget Ho-oh|move: Taunt\n|move|p2a: budget Ho-oh|Hurricane|p1a: Annihilape\n|-supereffective|p1a: Annihilape\n|-damage|p1a: Annihilape|32\/100 brn\n|-start|p1a: Annihilape|confusion\n|\n|-heal|p1a: Annihilape|38\/100 brn|[from] item: Leftovers\n|-damage|p1a: Annihilape|32\/100 brn|[from] brn\n|upkeep\n|turn|3\n|\n|t:|1700497192\n|switch|p1a: Ting-Lu|Ting-Lu|100\/100\n|-ability|p1a: Ting-Lu|Vessel of Ruin\n|move|p2a: budget Ho-oh|Hurricane|p1a: Ting-Lu|[miss]\n|-miss|p2a: budget Ho-oh|p1a: Ting-Lu\n|\n|upkeep\n|turn|4\n|\n|t:|1700497197\n|switch|p2a: FEESH|Alomomola, F, shiny|100\/100\n|move|p1a: Ting-Lu|Spikes|p2a: FEESH\n|-sidestart|p2: Just B3A$T|Spikes\n|\n|upkeep\n|turn|5\n|\n|t:|1700497200\n|move|p2a: FEESH|Scald|p1a: Ting-Lu\n|-supereffective|p1a: Ting-Lu\n|-damage|p1a: Ting-Lu|90\/100\n|move|p1a: Ting-Lu|Spikes|p2a: FEESH\n|-sidestart|p2: Just B3A$T|Spikes\n|\n|-heal|p1a: Ting-Lu|96\/100|[from] item: Leftovers\n|upkeep\n|turn|6\n|\n|t:|1700497202\n|move|p2a: FEESH|Scald|p1a: Ting-Lu\n|-supereffective|p1a: Ting-Lu\n|-damage|p1a: Ting-Lu|85\/100\n|move|p1a: Ting-Lu|Spikes|p2a: FEESH\n|-sidestart|p2: Just B3A$T|Spikes\n|\n|-heal|p1a: Ting-Lu|91\/100|[from] item: Leftovers\n|upkeep\n|turn|7\n|\n|t:|1700497205\n|move|p2a: FEESH|Scald|p1a: Ting-Lu\n|-supereffective|p1a: Ting-Lu\n|-damage|p1a: Ting-Lu|80\/100\n|-status|p1a: Ting-Lu|brn\n|move|p1a: Ting-Lu|Ruination|p2a: FEESH\n|-damage|p2a: FEESH|50\/100\n|\n|-heal|p1a: Ting-Lu|86\/100 brn|[from] item: Leftovers\n|-damage|p1a: Ting-Lu|80\/100 brn|[from] brn\n|upkeep\n|turn|8\n|\n|t:|1700497207\n|move|p2a: FEESH|Wish|p2a: FEESH\n|move|p1a: Ting-Lu|Whirlwind|p2a: FEESH\n|drag|p2a: budget Ho-oh|Moltres|87\/100\n|\n|-heal|p1a: Ting-Lu|86\/100 brn|[from] item: Leftovers\n|-damage|p1a: Ting-Lu|80\/100 brn|[from] brn\n|upkeep\n|turn|9\n|\n|t:|1700497211\n|move|p2a: budget Ho-oh|Defog|p1a: Ting-Lu\n|-unboost|p1a: Ting-Lu|evasion|1\n|-sideend|p2: Just B3A$T|Spikes|[from] move: Defog|[of] p2a: budget Ho-oh\n|move|p1a: Ting-Lu|Whirlwind|p2a: budget Ho-oh\n|drag|p2a: Profit!|Gholdengo|100\/100\n|-item|p2a: Profit!|Air Balloon\n|\n|-heal|p1a: Ting-Lu|86\/100 brn|[from] item: Leftovers\n|-damage|p1a: Ting-Lu|80\/100 brn|[from] brn\n|upkeep\n|turn|10\n|\n|t:|1700497216\n|switch|p2a: budget Ho-oh|Moltres|87\/100\n|move|p1a: Ting-Lu|Ruination|p2a: budget Ho-oh\n|-damage|p2a: budget Ho-oh|44\/100\n|\n|-heal|p1a: Ting-Lu|86\/100 brn|[from] item: Leftovers\n|-damage|p1a: Ting-Lu|80\/100 brn|[from] brn\n|upkeep\n|turn|11\n|\n|t:|1700497219\n|move|p2a: budget Ho-oh|Roost|p2a: budget Ho-oh\n|-heal|p2a: budget Ho-oh|94\/100\n|-singleturn|p2a: budget Ho-oh|move: Roost\n|move|p1a: Ting-Lu|Whirlwind|p2a: budget Ho-oh\n|drag|p2a: FEESH|Alomomola, F, shiny|84\/100\n|\n|-heal|p1a: Ting-Lu|86\/100 brn|[from] item: Leftovers\n|-damage|p1a: Ting-Lu|80\/100 brn|[from] brn\n|upkeep\n|turn|12\n|\n|t:|1700497225\n|move|p2a: FEESH|Scald|p1a: Ting-Lu\n|-supereffective|p1a: Ting-Lu\n|-damage|p1a: Ting-Lu|68\/100 brn\n|move|p1a: Ting-Lu|Ruination|p2a: FEESH\n|-damage|p2a: FEESH|42\/100\n|\n|-heal|p1a: Ting-Lu|74\/100 brn|[from] item: Leftovers\n|-damage|p1a: Ting-Lu|68\/100 brn|[from] brn\n|upkeep\n|turn|13\n|\n|t:|1700497228\n|move|p2a: FEESH|Wish|p2a: FEESH\n|move|p1a: Ting-Lu|Whirlwind|p2a: FEESH\n|drag|p2a: Stone Ocean|Diancie, shiny|100\/100\n|\n|-heal|p1a: Ting-Lu|74\/100 brn|[from] item: Leftovers\n|-damage|p1a: Ting-Lu|68\/100 brn|[from] brn\n|upkeep\n|turn|14\n|\n|t:|1700497232\n|switch|p2a: budget Ho-oh|Moltres|94\/100\n|move|p1a: Ting-Lu|Ruination|p2a: budget Ho-oh\n|-damage|p2a: budget Ho-oh|47\/100\n|\n|-heal|p2a: budget Ho-oh|100\/100|[from] move: Wish|[wisher] FEESH\n|-heal|p1a: Ting-Lu|74\/100 brn|[from] item: Leftovers\n|-damage|p1a: Ting-Lu|68\/100 brn|[from] brn\n|upkeep\n|turn|15\n|\n|t:|1700497236\n|move|p2a: budget Ho-oh|Hurricane|p1a: Ting-Lu\n|-damage|p1a: Ting-Lu|49\/100 brn\n|move|p1a: Ting-Lu|Ruination|p2a: budget Ho-oh\n|-damage|p2a: budget Ho-oh|51\/100\n|\n|-heal|p1a: Ting-Lu|55\/100 brn|[from] item: Leftovers\n|-damage|p1a: Ting-Lu|49\/100 brn|[from] brn\n|upkeep\n|turn|16\n|\n|t:|1700497240\n|move|p2a: budget Ho-oh|Roost|p2a: budget Ho-oh\n|-heal|p2a: budget Ho-oh|100\/100\n|-singleturn|p2a: budget Ho-oh|move: Roost\n|move|p1a: Ting-Lu|Whirlwind|p2a: budget Ho-oh\n|drag|p2a: edge pro max|Samurott-Hisui, M, shiny|100\/100\n|\n|-heal|p1a: Ting-Lu|55\/100 brn|[from] item: Leftovers\n|-damage|p1a: Ting-Lu|49\/100 brn|[from] brn\n|upkeep\n|turn|17\n|\n|t:|1700497244\n|move|p2a: edge pro max|Flip Turn|p1a: Ting-Lu\n|-supereffective|p1a: Ting-Lu\n|-crit|p1a: Ting-Lu\n|-damage|p1a: Ting-Lu|3\/100 brn\n|\n|t:|1700497247\n|switch|p2a: budget Ho-oh|Moltres|100\/100|[from] Flip Turn\n|move|p1a: Ting-Lu|Ruination|p2a: budget Ho-oh\n|-damage|p2a: budget Ho-oh|51\/100\n|\n|-heal|p1a: Ting-Lu|10\/100 brn|[from] item: Leftovers\n|-damage|p1a: Ting-Lu|3\/100 brn|[from] brn\n|upkeep\n|turn|18\n|\n|t:|1700497251\n|move|p2a: budget Ho-oh|Roost|p2a: budget Ho-oh\n|-heal|p2a: budget Ho-oh|100\/100\n|-singleturn|p2a: budget Ho-oh|move: Roost\n|move|p1a: Ting-Lu|Whirlwind|p2a: budget Ho-oh\n|drag|p2a: Profit!|Gholdengo|100\/100\n|-item|p2a: Profit!|Air Balloon\n|\n|-heal|p1a: Ting-Lu|10\/100 brn|[from] item: Leftovers\n|-damage|p1a: Ting-Lu|3\/100 brn|[from] brn\n|upkeep\n|turn|19\n|\n|t:|1700497256\n|move|p2a: Profit!|Dazzling Gleam|p1a: Ting-Lu\n|-supereffective|p1a: Ting-Lu\n|-damage|p1a: Ting-Lu|0 fnt\n|faint|p1a: Ting-Lu\n|\n|upkeep\n|\n|t:|1700497267\n|switch|p1a: Weavile|Weavile, M|100\/100\n|-ability|p1a: Weavile|Pressure\n|turn|20\n|\n|t:|1700497270\n|switch|p2a: FEESH|Alomomola, F, shiny|76\/100\n|move|p1a: Weavile|Knock Off|p2a: FEESH\n|-damage|p2a: FEESH|50\/100\n|-damage|p1a: Weavile|84\/100|[from] item: Rocky Helmet|[of] p2a: FEESH\n|-enditem|p2a: FEESH|Rocky Helmet|[from] move: Knock Off|[of] p1a: Weavile\n|\n|upkeep\n|turn|21\n|\n|t:|1700497277\n|switch|p1a: Urshifu|Urshifu, M|100\/100\n|move|p2a: FEESH|Wish|p2a: FEESH\n|\n|upkeep\n|turn|22\n|\n|t:|1700497282\n|move|p1a: Urshifu|Wicked Blow|p2a: FEESH\n|-crit|p2a: FEESH\n|-damage|p2a: FEESH|5\/100\n|move|p2a: FEESH|Scald|p1a: Urshifu\n|-damage|p1a: Urshifu|79\/100\n|\n|-heal|p2a: FEESH|55\/100|[from] move: Wish|[wisher] FEESH\n|upkeep\n|turn|23\n|\n|t:|1700497285\n|move|p1a: Urshifu|Wicked Blow|p2a: FEESH\n|-crit|p2a: FEESH\n|-damage|p2a: FEESH|4\/100\n|move|p2a: FEESH|Wish|p2a: FEESH\n|\n|upkeep\n|turn|24\n|\n|t:|1700497288\n|switch|p2a: budget Ho-oh|Moltres|100\/100\n|move|p1a: Urshifu|Wicked Blow|p2a: budget Ho-oh\n|-crit|p2a: budget Ho-oh\n|-damage|p2a: budget Ho-oh|8\/100\n|\n|-heal|p2a: budget Ho-oh|78\/100|[from] move: Wish|[wisher] FEESH\n|upkeep\n|turn|25\n|\n|t:|1700497291\n|switch|p1a: Greninja|Greninja, M|100\/100\n|move|p2a: budget Ho-oh|Roost|p2a: budget Ho-oh\n|-heal|p2a: budget Ho-oh|100\/100\n|-singleturn|p2a: budget Ho-oh|move: Roost\n|\n|upkeep\n|turn|26\n|\n|t:|1700497297\n|switch|p2a: FEESH|Alomomola, F, shiny|38\/100\n|move|p1a: Greninja|Surf|p2a: FEESH\n|-start|p1a: Greninja|typechange|Water|[from] ability: Protean\n|-resisted|p2a: FEESH\n|-damage|p2a: FEESH|4\/100\n|\n|upkeep\n|turn|27\n|\n|t:|1700497305\n|switch|p1a: Weavile|Weavile, M|84\/100\n|-ability|p1a: Weavile|Pressure\n|switch|p2a: MONKE|Rillaboom, M|100\/100\n|-fieldstart|move: Grassy Terrain|[from] ability: Grassy Surge|[of] p2a: MONKE\n|\n|-heal|p1a: Weavile|90\/100|[from] Grassy Terrain\n|upkeep\n|turn|28\n|\n|t:|1700497310\n|move|p2a: MONKE|Grassy Glide|p1a: Weavile\n|-damage|p1a: Weavile|13\/100\n|-damage|p2a: MONKE|91\/100|[from] item: Life Orb\n|move|p1a: Weavile|Knock Off|p2a: MONKE\n|-damage|p2a: MONKE|35\/100\n|-enditem|p2a: MONKE|Life Orb|[from] move: Knock Off|[of] p1a: Weavile\n|\n|-heal|p1a: Weavile|19\/100|[from] Grassy Terrain\n|-heal|p2a: MONKE|41\/100|[from] Grassy Terrain\n|upkeep\n|turn|29\n|\n|t:|1700497317\n|move|p1a: Weavile|Ice Shard|p2a: MONKE\n|-supereffective|p2a: MONKE\n|-damage|p2a: MONKE|0 fnt\n|faint|p2a: MONKE\n|\n|-heal|p1a: Weavile|25\/100|[from] Grassy Terrain\n|upkeep\n|c|\u2606Just B3A$T|stupid\n|c|\u2606Just B3A$T|smh\n|c|\u2606Just B3A$T|!!!\n|\n|t:|1700497329\n|switch|p2a: edge pro max|Samurott-Hisui, M, shiny|100\/100\n|turn|30\n|\n|t:|1700497332\n|switch|p1a: Annihilape|Annihilape, M|32\/100 brn\n|move|p2a: edge pro max|Flip Turn|p1a: Annihilape\n|-damage|p1a: Annihilape|4\/100 brn\n|\n|t:|1700497342\n|switch|p2a: Stone Ocean|Diancie, shiny|100\/100|[from] Flip Turn\n|\n|-heal|p1a: Annihilape|10\/100 brn|[from] Grassy Terrain\n|-heal|p1a: Annihilape|16\/100 brn|[from] item: Leftovers\n|-damage|p1a: Annihilape|10\/100 brn|[from] brn\n|upkeep\n|turn|31\n|\n|t:|1700497346\n|detailschange|p2a: Stone Ocean|Diancie-Mega, shiny\n|-mega|p2a: Stone Ocean|Diancie|Diancite\n|move|p2a: Stone Ocean|Moonblast|p1a: Annihilape\n|-supereffective|p1a: Annihilape\n|-damage|p1a: Annihilape|0 fnt\n|faint|p1a: Annihilape\n|\n|-fieldend|move: Grassy Terrain\n|upkeep\n|\n|t:|1700497355\n|switch|p1a: Weavile|Weavile, M|25\/100\n|-ability|p1a: Weavile|Pressure\n|turn|32\n|\n|t:|1700497360\n|move|p1a: Weavile|Triple Axel|p2a: Stone Ocean\n|-damage|p2a: Stone Ocean|88\/100\n|-damage|p2a: Stone Ocean|62\/100\n|-damage|p2a: Stone Ocean|20\/100\n|-hitcount|p2a: Stone Ocean|3\n|move|p2a: Stone Ocean|Moonblast|p1a: Weavile\n|-supereffective|p1a: Weavile\n|-damage|p1a: Weavile|0 fnt\n|faint|p1a: Weavile\n|\n|upkeep\n|\n|t:|1700497366\n|switch|p1a: Greninja|Greninja, M|100\/100\n|turn|33\n|\n|t:|1700497369\n|switch|p2a: FEESH|Alomomola, F, shiny|38\/100\n|move|p1a: Greninja|Surf|p2a: FEESH\n|-start|p1a: Greninja|typechange|Water|[from] ability: Protean\n|-resisted|p2a: FEESH\n|-damage|p2a: FEESH|5\/100\n|\n|upkeep\n|turn|34\n|\n|t:|1700497382\n|move|p1a: Greninja|Surf|p2a: FEESH\n|-resisted|p2a: FEESH\n|-damage|p2a: FEESH|0 fnt\n|faint|p2a: FEESH\n|\n|upkeep\n|\n|t:|1700497387\n|switch|p2a: edge pro max|Samurott-Hisui, M, shiny|100\/100\n|turn|35\n|\n|t:|1700497390\n|move|p2a: edge pro max|Ceaseless Edge|p1a: Greninja\n|-damage|p1a: Greninja|26\/100\n|-sidestart|p1: AlolanSandslashOU|Spikes\n|move|p1a: Greninja|Surf|p2a: edge pro max\n|-resisted|p2a: edge pro max\n|-damage|p2a: edge pro max|58\/100\n|\n|upkeep\n|turn|36\n|\n|t:|1700497396\n|move|p2a: edge pro max|Ceaseless Edge|p1a: Greninja\n|-damage|p1a: Greninja|0 fnt\n|-sidestart|p1: AlolanSandslashOU|Spikes\n|faint|p1a: Greninja\n|\n|upkeep\n|\n|t:|1700497399\n|switch|p1a: Urshifu|Urshifu, M|79\/100\n|-damage|p1a: Urshifu|63\/100|[from] Spikes\n|turn|37\n|\n|t:|1700497404\n|switch|p2a: budget Ho-oh|Moltres|100\/100\n|move|p1a: Urshifu|Close Combat|p2a: budget Ho-oh\n|-resisted|p2a: budget Ho-oh\n|-damage|p2a: budget Ho-oh|56\/100\n|-unboost|p1a: Urshifu|def|1\n|-unboost|p1a: Urshifu|spd|1\n|\n|upkeep\n|turn|38\n|\n|t:|1700497409\n|move|p1a: Urshifu|Close Combat|p2a: budget Ho-oh\n|-resisted|p2a: budget Ho-oh\n|-damage|p2a: budget Ho-oh|14\/100\n|-unboost|p1a: Urshifu|def|1\n|-unboost|p1a: Urshifu|spd|1\n|-status|p1a: Urshifu|brn|[from] ability: Flame Body|[of] p2a: budget Ho-oh\n|move|p2a: budget Ho-oh|Roost|p2a: budget Ho-oh\n|-heal|p2a: budget Ho-oh|64\/100\n|-singleturn|p2a: budget Ho-oh|move: Roost\n|\n|-damage|p1a: Urshifu|57\/100 brn|[from] brn\n|upkeep\n|turn|39\n|c|\u2606Just B3A$T|i feel smart\n|\n|t:|1700497415\n|move|p1a: Urshifu|Close Combat|p2a: budget Ho-oh\n|-resisted|p2a: budget Ho-oh\n|-damage|p2a: budget Ho-oh|42\/100\n|-unboost|p1a: Urshifu|def|1\n|-unboost|p1a: Urshifu|spd|1\n|move|p2a: budget Ho-oh|Roost|p2a: budget Ho-oh\n|-heal|p2a: budget Ho-oh|92\/100\n|-singleturn|p2a: budget Ho-oh|move: Roost\n|\n|-damage|p1a: Urshifu|50\/100 brn|[from] brn\n|upkeep\n|turn|40\n|c|\u2606AlolanSandslashOU|Wtf are these hacks\n|\n|t:|1700497424\n|move|p1a: Urshifu|Close Combat|p2a: budget Ho-oh\n|-resisted|p2a: budget Ho-oh\n|-damage|p2a: budget Ho-oh|70\/100\n|-unboost|p1a: Urshifu|def|1\n|-unboost|p1a: Urshifu|spd|1\n|move|p2a: budget Ho-oh|Hurricane|p1a: Urshifu\n|-supereffective|p1a: Urshifu\n|-damage|p1a: Urshifu|0 fnt\n|faint|p1a: Urshifu\n|\n|upkeep\n|\n|t:|1700497427\n|switch|p1a: Chien-Pao|Chien-Pao|100\/100\n|-damage|p1a: Chien-Pao|84\/100|[from] Spikes\n|-ability|p1a: Chien-Pao|Sword of Ruin\n|turn|41\n|c|\u2606Just B3A$T|it's SKILL\n|\n|t:|1700497437\n|move|p1a: Chien-Pao|Ice Spinner|p2a: budget Ho-oh\n|-damage|p2a: budget Ho-oh|0 fnt\n|-status|p1a: Chien-Pao|brn|[from] ability: Flame Body|[of] p2a: budget Ho-oh\n|faint|p2a: budget Ho-oh\n|\n|-damage|p1a: Chien-Pao|78\/100 brn|[from] brn\n|upkeep\n|c|\u2606Just B3A$T|bingo\n|c|\u2606AlolanSandslashOU|DUDE WHAT THE FUCK\n|\n|t:|1700497446\n|switch|p2a: Profit!|Gholdengo|100\/100\n|-item|p2a: Profit!|Air Balloon\n|turn|42\n|\n|t:|1700497451\n|-terastallize|p1a: Chien-Pao|Poison\n|move|p1a: Chien-Pao|Ice Spinner|p2a: Profit!\n|-resisted|p2a: Profit!\n|-damage|p2a: Profit!|83\/100\n|-enditem|p2a: Profit!|Air Balloon\n|move|p2a: Profit!|Make It Rain|p1a: Chien-Pao\n|-damage|p1a: Chien-Pao|0 fnt\n|-unboost|p2a: Profit!|spa|1\n|faint|p1a: Chien-Pao\n|\n|win|Just B3A$T\n|c|\u2606Just B3A$T|gg\n|c|\u2606Just B3A$T|we ball\n|c|\u2606AlolanSandslashOU|no\n|c|\u2606Just B3A$T|!!!\n|c|\u2606AlolanSandslashOU|You got so many bullshit burns\n|c|\u2606Just B3A$T|well\n|c|\u2606Just B3A$T|flame body\n|c|\u2606Just B3A$T|is annoying\n|c|\u2606AlolanSandslashOU|just like\n|c|\u2606Just B3A$T|pesky little ability\n|c|\u2606AlolanSandslashOU|you\n|c|\u2606AlolanSandslashOU|Real\n|c|\u2606Just B3A$T|noe\n|l|\u2606AlolanSandslashOU\n|j|\u2606AlolanSandslashOU\n|player|p1|AlolanSandslashOU|volkner\n","uploadtime":1700497583,"views":4,"p1id":"alolansandslashou","p2id":"justb3at","formatid":"gen9nationaldexubers","rating":0,"private":0,"password":""}