{"id":"gen9nationaldexubers-1978893562","p1":"Gocdd10","p2":"XJohnson","format":"[Gen 9] National Dex Ubers","log":"|j|\u2606Gocdd10\n|j|\u2606XJohnson\n|t:|1698607378\n|gametype|singles\n|player|p1|Gocdd10|265|1236\n|player|p2|XJohnson|swimmer|1172\n|teamsize|p1|6\n|teamsize|p2|6\n|gen|9\n|tier|[Gen 9] National Dex Ubers\n|rated|\n|rule|HP Percentage Mod: HP is shown in percentages\n|rule|Endless Battle Clause: Forcing endless battles is banned\n|rule|OHKO Clause: OHKO moves are banned\n|rule|Evasion Moves Clause: Evasion moves are banned\n|rule|Evasion Items Clause: Evasion items are banned\n|rule|Species Clause: Limit one of each Pok\u00e9mon\n|rule|Sleep Clause Mod: Limit one foe put to sleep\n|rule|Mega Rayquaza Clause: You cannot mega evolve Rayquaza\n|clearpoke\n|poke|p1|Lugia|\n|poke|p1|Chansey, F|\n|poke|p1|Ferrothorn, M|\n|poke|p1|Rotom-Wash|\n|poke|p1|Sableye, M|\n|poke|p1|Darmanitan-Galar, F|\n|poke|p2|Shaymin|\n|poke|p2|Tapu Lele|\n|poke|p2|Iron Leaves|\n|poke|p2|Whimsicott, F|\n|poke|p2|Mewtwo|\n|poke|p2|Garchomp, M|\n|teampreview\n|\n|t:|1698607399\n|start\n|switch|p1a: Darmanitan|Darmanitan-Galar, F|100\/100\n|switch|p2a: Former Threat|Garchomp, M|100\/100\n|turn|1\n|\n|t:|1698607406\n|move|p1a: Darmanitan|Icicle Crash|p2a: Former Threat\n|-supereffective|p2a: Former Threat\n|-damage|p2a: Former Threat|0 fnt\n|faint|p2a: Former Threat\n|\n|upkeep\n|\n|t:|1698607414\n|switch|p2a: Unite\u2019s best|Mewtwo|100\/100\n|-ability|p2a: Unite\u2019s best|Pressure\n|turn|2\n|\n|t:|1698607423\n|switch|p2a: Uku Lele|Tapu Lele|100\/100\n|-fieldstart|move: Psychic Terrain|[from] ability: Psychic Surge|[of] p2a: Uku Lele\n|move|p1a: Darmanitan|Icicle Crash|p2a: Uku Lele\n|-damage|p2a: Uku Lele|0 fnt\n|faint|p2a: Uku Lele\n|\n|upkeep\n|\n|t:|1698607425\n|switch|p2a: Unite\u2019s best|Mewtwo|100\/100\n|-ability|p2a: Unite\u2019s best|Pressure\n|turn|3\n|\n|t:|1698607430\n|move|p1a: Darmanitan|Icicle Crash|p2a: Unite\u2019s best\n|-damage|p2a: Unite\u2019s best|23\/100\n|move|p2a: Unite\u2019s best|Expanding Force|p1a: Darmanitan\n|-crit|p1a: Darmanitan\n|-damage|p1a: Darmanitan|0 fnt\n|faint|p1a: Darmanitan\n|\n|upkeep\n|\n|t:|1698607468\n|switch|p1a: Lugia|Lugia|100\/100\n|turn|4\n|\n|t:|1698607479\n|detailschange|p2a: Unite\u2019s best|Mewtwo-Mega-Y\n|-mega|p2a: Unite\u2019s best|Mewtwo|Mewtwonite Y\n|move|p2a: Unite\u2019s best|Calm Mind|p2a: Unite\u2019s best\n|-boost|p2a: Unite\u2019s best|spa|1\n|-boost|p2a: Unite\u2019s best|spd|1\n|move|p1a: Lugia|Thunderbolt|p2a: Unite\u2019s best\n|-damage|p2a: Unite\u2019s best|12\/100\n|\n|upkeep\n|turn|5\n|\n|t:|1698607488\n|move|p2a: Unite\u2019s best|Expanding Force|p1a: Lugia\n|-resisted|p1a: Lugia\n|-damage|p1a: Lugia|76\/100\n|move|p1a: Lugia|Whirlwind|p2a: Unite\u2019s best\n|drag|p2a: Bush whacker|Iron Leaves|100\/100\n|-enditem|p2a: Bush whacker|Booster Energy\n|-activate|p2a: Bush whacker|ability: Quark Drive|[fromitem]\n|-start|p2a: Bush whacker|quarkdriveatk\n|\n|-heal|p1a: Lugia|83\/100|[from] item: Leftovers\n|upkeep\n|turn|6\n|\n|t:|1698607499\n|-end|p2a: Bush whacker|Quark Drive|[silent]\n|switch|p2a: Whimsicott|Whimsicott, F, shiny|100\/100\n|move|p1a: Lugia|Substitute|p1a: Lugia\n|-start|p1a: Lugia|Substitute\n|-damage|p1a: Lugia|58\/100\n|\n|-heal|p1a: Lugia|64\/100|[from] item: Leftovers\n|upkeep\n|turn|7\n|\n|t:|1698607511\n|move|p2a: Whimsicott|Encore|p1a: Lugia\n|-start|p1a: Lugia|Encore\n|move|p1a: Lugia|Substitute|p1a: Lugia\n|-fail|p1a: Lugia|move: Substitute\n|\n|-heal|p1a: Lugia|70\/100|[from] item: Leftovers\n|upkeep\n|turn|8\n|\n|t:|1698607524\n|switch|p1a: Sableye|Sableye, M|100\/100\n|move|p2a: Whimsicott|Taunt|p1a: Sableye\n|-activate|p1a: Sableye|move: Psychic Terrain\n|\n|upkeep\n|turn|9\n|\n|t:|1698607536\n|detailschange|p1a: Sableye|Sableye-Mega, M\n|-mega|p1a: Sableye|Sableye|Sablenite\n|move|p2a: Whimsicott|U-turn|p1a: Sableye\n|-damage|p1a: Sableye|90\/100\n|\n|t:|1698607541\n|switch|p2a: Mallow\u2019s bush|Shaymin|100\/100|[from] U-turn\n|move|p1a: Sableye|Hex|p2a: Mallow\u2019s bush\n|-damage|p2a: Mallow\u2019s bush|87\/100\n|\n|-heal|p2a: Mallow\u2019s bush|93\/100|[from] item: Leftovers\n|-fieldend|move: Psychic Terrain\n|upkeep\n|turn|10\n|\n|t:|1698607555\n|switch|p1a: Ferrothorn|Ferrothorn, M|100\/100\n|move|p2a: Mallow\u2019s bush|Substitute|p2a: Mallow\u2019s bush\n|-start|p2a: Mallow\u2019s bush|Substitute\n|-damage|p2a: Mallow\u2019s bush|68\/100\n|\n|-heal|p2a: Mallow\u2019s bush|75\/100|[from] item: Leftovers\n|upkeep\n|turn|11\n|\n|t:|1698607561\n|switch|p2a: Bush whacker|Iron Leaves|100\/100\n|move|p1a: Ferrothorn|Gyro Ball|p2a: Bush whacker\n|-damage|p2a: Bush whacker|37\/100\n|\n|upkeep\n|turn|12\n|\n|t:|1698607576\n|switch|p1a: Rotom|Rotom-Wash|100\/100\n|-terastallize|p2a: Bush whacker|Fighting\n|move|p2a: Bush whacker|Close Combat|p1a: Rotom\n|-damage|p1a: Rotom|32\/100\n|-unboost|p2a: Bush whacker|def|1\n|-unboost|p2a: Bush whacker|spd|1\n|\n|-heal|p1a: Rotom|38\/100|[from] item: Leftovers\n|upkeep\n|turn|13\n|\n|t:|1698607587\n|move|p2a: Bush whacker|Trailblaze|p1a: Rotom\n|-supereffective|p1a: Rotom\n|-crit|p1a: Rotom\n|-damage|p1a: Rotom|0 fnt\n|-boost|p2a: Bush whacker|spe|1\n|faint|p1a: Rotom\n|\n|upkeep\n|\n|t:|1698607595\n|switch|p1a: Sableye|Sableye-Mega, M|90\/100\n|turn|14\n|\n|t:|1698607604\n|-end|p2a: Bush whacker|Quark Drive|[silent]\n|switch|p2a: Whimsicott|Whimsicott, F, shiny|100\/100\n|move|p1a: Sableye|Hex|p2a: Whimsicott\n|-damage|p2a: Whimsicott|71\/100\n|\n|upkeep\n|turn|15\n|\n|t:|1698607619\n|move|p2a: Whimsicott|U-turn|p1a: Sableye\n|-damage|p1a: Sableye|79\/100\n|\n|t:|1698607621\n|switch|p2a: Mallow\u2019s bush|Shaymin|75\/100|[from] U-turn\n|move|p1a: Sableye|Hex|p2a: Mallow\u2019s bush\n|-damage|p2a: Mallow\u2019s bush|62\/100\n|\n|-heal|p2a: Mallow\u2019s bush|68\/100|[from] item: Leftovers\n|upkeep\n|turn|16\n|\n|t:|1698607630\n|move|p2a: Mallow\u2019s bush|Substitute|p2a: Mallow\u2019s bush\n|-start|p2a: Mallow\u2019s bush|Substitute\n|-damage|p2a: Mallow\u2019s bush|43\/100\n|move|p1a: Sableye|Snarl|p2a: Mallow\u2019s bush\n|-damage|p2a: Mallow\u2019s bush|34\/100\n|-unboost|p2a: Mallow\u2019s bush|spa|1\n|\n|-heal|p2a: Mallow\u2019s bush|40\/100|[from] item: Leftovers\n|upkeep\n|turn|17\n|\n|t:|1698607639\n|move|p2a: Mallow\u2019s bush|Giga Drain|p1a: Sableye\n|-damage|p1a: Sableye|62\/100\n|-heal|p2a: Mallow\u2019s bush|45\/100|[from] drain|[of] p1a: Sableye\n|move|p1a: Sableye|Hex|p2a: Mallow\u2019s bush\n|-activate|p2a: Mallow\u2019s bush|move: Substitute|[damage]\n|\n|-heal|p2a: Mallow\u2019s bush|51\/100|[from] item: Leftovers\n|upkeep\n|turn|18\n|\n|t:|1698607650\n|move|p2a: Mallow\u2019s bush|Giga Drain|p1a: Sableye\n|-crit|p1a: Sableye\n|-damage|p1a: Sableye|27\/100\n|-heal|p2a: Mallow\u2019s bush|62\/100|[from] drain|[of] p1a: Sableye\n|move|p1a: Sableye|Snarl|p2a: Mallow\u2019s bush\n|-damage|p2a: Mallow\u2019s bush|51\/100\n|-unboost|p2a: Mallow\u2019s bush|spa|1\n|\n|-heal|p2a: Mallow\u2019s bush|58\/100|[from] item: Leftovers\n|upkeep\n|turn|19\n|\n|t:|1698607660\n|switch|p2a: Bush whacker|Iron Leaves, tera:Fighting|37\/100\n|move|p1a: Sableye|Recover|p1a: Sableye\n|-heal|p1a: Sableye|77\/100\n|\n|upkeep\n|turn|20\n|\n|t:|1698607673\n|move|p2a: Bush whacker|Leaf Blade|p1a: Sableye\n|-crit|p1a: Sableye\n|-damage|p1a: Sableye|11\/100\n|move|p1a: Sableye|Hex|p2a: Bush whacker\n|-damage|p2a: Bush whacker|16\/100\n|\n|upkeep\n|turn|21\n|\n|t:|1698607686\n|switch|p1a: Lugia|Lugia|70\/100\n|move|p2a: Bush whacker|Close Combat|p1a: Lugia\n|-resisted|p1a: Lugia\n|-damage|p1a: Lugia|60\/100\n|-unboost|p2a: Bush whacker|def|1\n|-unboost|p2a: Bush whacker|spd|1\n|\n|-heal|p1a: Lugia|66\/100|[from] item: Leftovers\n|upkeep\n|turn|22\n|\n|t:|1698607694\n|-end|p2a: Bush whacker|Quark Drive|[silent]\n|switch|p2a: Whimsicott|Whimsicott, F, shiny|71\/100\n|move|p1a: Lugia|Thunderbolt|p2a: Whimsicott\n|-resisted|p2a: Whimsicott\n|-damage|p2a: Whimsicott|57\/100\n|\n|-heal|p1a: Lugia|72\/100|[from] item: Leftovers\n|upkeep\n|turn|23\n|\n|t:|1698607701\n|move|p1a: Lugia|Thunderbolt|p2a: Whimsicott\n|-resisted|p2a: Whimsicott\n|-damage|p2a: Whimsicott|46\/100\n|-status|p2a: Whimsicott|par\n|move|p2a: Whimsicott|U-turn|p1a: Lugia\n|-damage|p1a: Lugia|64\/100\n|\n|t:|1698607705\n|switch|p2a: Mallow\u2019s bush|Shaymin|58\/100|[from] U-turn\n|\n|-heal|p1a: Lugia|70\/100|[from] item: Leftovers\n|-heal|p2a: Mallow\u2019s bush|64\/100|[from] item: Leftovers\n|upkeep\n|turn|24\n|\n|t:|1698607713\n|switch|p2a: Whimsicott|Whimsicott, F, shiny|46\/100 par\n|move|p1a: Lugia|Substitute|p1a: Lugia\n|-start|p1a: Lugia|Substitute\n|-damage|p1a: Lugia|45\/100\n|\n|-heal|p1a: Lugia|51\/100|[from] item: Leftovers\n|upkeep\n|turn|25\n|\n|t:|1698607717\n|move|p2a: Whimsicott|Encore|p1a: Lugia\n|-start|p1a: Lugia|Encore\n|move|p1a: Lugia|Substitute|p1a: Lugia\n|-fail|p1a: Lugia|move: Substitute\n|\n|-heal|p1a: Lugia|57\/100|[from] item: Leftovers\n|upkeep\n|turn|26\n|\n|t:|1698607721\n|move|p2a: Whimsicott|Taunt|p1a: Lugia\n|-start|p1a: Lugia|move: Taunt\n|cant|p1a: Lugia|move: Taunt|Substitute\n|\n|-heal|p1a: Lugia|64\/100|[from] item: Leftovers\n|upkeep\n|turn|27\n|\n|t:|1698607733\n|switch|p1a: Ferrothorn|Ferrothorn, M|100\/100\n|move|p2a: Whimsicott|U-turn|p1a: Ferrothorn\n|-damage|p1a: Ferrothorn|92\/100\n|-damage|p2a: Whimsicott|33\/100 par|[from] ability: Iron Barbs|[of] p1a: Ferrothorn\n|\n|t:|1698607740\n|switch|p2a: Bush whacker|Iron Leaves, tera:Fighting|16\/100|[from] U-turn\n|\n|-heal|p1a: Ferrothorn|98\/100|[from] item: Leftovers\n|upkeep\n|turn|28\n|\n|t:|1698607749\n|move|p2a: Bush whacker|Close Combat|p1a: Ferrothorn\n|-supereffective|p1a: Ferrothorn\n|-damage|p1a: Ferrothorn|0 fnt\n|-unboost|p2a: Bush whacker|def|1\n|-unboost|p2a: Bush whacker|spd|1\n|-damage|p2a: Bush whacker|4\/100|[from] ability: Iron Barbs|[of] p1a: Ferrothorn\n|faint|p1a: Ferrothorn\n|\n|upkeep\n|\n|t:|1698607763\n|switch|p1a: Lugia|Lugia|64\/100\n|turn|29\n|\n|t:|1698607766\n|switch|p1a: Sableye|Sableye-Mega, M|11\/100\n|-end|p2a: Bush whacker|Quark Drive|[silent]\n|switch|p2a: Whimsicott|Whimsicott, F, shiny|33\/100 par\n|\n|upkeep\n|turn|30\n|\n|t:|1698607771\n|move|p2a: Whimsicott|U-turn|p1a: Sableye\n|-damage|p1a: Sableye|0 fnt\n|faint|p1a: Sableye\n|\n|t:|1698607775\n|switch|p2a: Mallow\u2019s bush|Shaymin|64\/100|[from] U-turn\n|\n|-heal|p2a: Mallow\u2019s bush|70\/100|[from] item: Leftovers\n|upkeep\n|\n|t:|1698607782\n|switch|p1a: Chansey|Chansey, F|100\/100\n|turn|31\n|\n|t:|1698607786\n|move|p2a: Mallow\u2019s bush|Substitute|p2a: Mallow\u2019s bush\n|-start|p2a: Mallow\u2019s bush|Substitute\n|-damage|p2a: Mallow\u2019s bush|45\/100\n|move|p1a: Chansey|Seismic Toss|p2a: Mallow\u2019s bush\n|-end|p2a: Mallow\u2019s bush|Substitute\n|\n|-heal|p2a: Mallow\u2019s bush|51\/100|[from] item: Leftovers\n|upkeep\n|turn|32\n|\n|t:|1698607793\n|move|p2a: Mallow\u2019s bush|Leech Seed|p1a: Chansey\n|-start|p1a: Chansey|move: Leech Seed\n|move|p1a: Chansey|Seismic Toss|p2a: Mallow\u2019s bush\n|-damage|p2a: Mallow\u2019s bush|27\/100\n|\n|-heal|p2a: Mallow\u2019s bush|33\/100|[from] item: Leftovers\n|-damage|p1a: Chansey|88\/100|[from] Leech Seed|[of] p2a: Mallow\u2019s bush\n|-heal|p2a: Mallow\u2019s bush|55\/100|[silent]\n|upkeep\n|turn|33\n|-message|Gocdd10 forfeited.\n|\n|win|XJohnson\n|raw|Gocdd10's rating: 1236 &rarr; <strong>1206<\/strong><br \/>(-30 for losing)\n|raw|XJohnson's rating: 1172 &rarr; <strong>1202<\/strong><br \/>(+30 for winning)\n|l|\u2606Gocdd10\n","uploadtime":1698607803,"views":15,"p1id":"gocdd10","p2id":"xjohnson","formatid":"gen9nationaldexubers","rating":1202,"private":0,"password":""}