{"id":"gen9nationaldexubers-1995076840","p1":"dreepy airlines","p2":"Razorgliscor472","format":"[Gen 9] National Dex Ubers","log":"|j|\u2606dreepy airlines\n|j|\u2606Razorgliscor472\n|t:|1700520005\n|gametype|singles\n|player|p1|dreepy airlines|waitress-gen6|\n|player|p2|Razorgliscor472|170|\n|teamsize|p1|6\n|teamsize|p2|6\n|gen|9\n|tier|[Gen 9] National Dex Ubers\n|rule|HP Percentage Mod: HP is shown in percentages\n|rule|Endless Battle Clause: Forcing endless battles is banned\n|rule|OHKO Clause: OHKO moves are banned\n|rule|Evasion Moves Clause: Evasion moves are banned\n|rule|Evasion Items Clause: Evasion items are banned\n|rule|Species Clause: Limit one of each Pok\u00e9mon\n|rule|Sleep Clause Mod: Limit one foe put to sleep\n|rule|Mega Rayquaza Clause: You cannot mega evolve Rayquaza\n|clearpoke\n|poke|p1|Tapu Koko|\n|poke|p1|Regieleki|\n|poke|p1|Urshifu-*, M|\n|poke|p1|Iron Bundle|\n|poke|p1|Landorus-Therian, M|\n|poke|p1|Serperior, M|\n|poke|p2|Gastrodon, M|\n|poke|p2|Excadrill, F|\n|poke|p2|Ogerpon-Hearthflame, F|\n|poke|p2|Clodsire, F|\n|poke|p2|Zygarde|\n|poke|p2|Landorus-Therian, M|\n|teampreview\n|inactive|Battle timer is ON: inactive players will automatically lose when time's up. (requested by dreepy airlines)\n|c|\u2606Razorgliscor472|glhf\n|c|\u2606dreepy airlines|its eleking time\n|c|\u2606dreepy airlines|hf\n|\n|t:|1700520031\n|start\n|switch|p1a: Iron Bundle|Iron Bundle|100\/100\n|switch|p2a: Zygarde|Zygarde|100\/100\n|-ability|p2a: Zygarde|Aura Break\n|turn|1\n|\n|t:|1700520044\n|switch|p2a: Excadrill|Excadrill, F|100\/100\n|-ability|p2a: Excadrill|Mold Breaker\n|move|p1a: Iron Bundle|Ice Beam|p2a: Excadrill\n|-damage|p2a: Excadrill|5\/100\n|\n|upkeep\n|turn|2\n|\n|t:|1700520054\n|-end|p1a: Iron Bundle|Quark Drive|[silent]\n|switch|p1a: Landorus|Landorus-Therian, M|100\/100\n|-ability|p1a: Landorus|Intimidate|boost\n|-unboost|p2a: Excadrill|atk|1\n|move|p2a: Excadrill|Iron Head|p1a: Landorus\n|-crit|p1a: Landorus\n|-damage|p1a: Landorus|59\/100\n|-damage|p2a: Excadrill|0 fnt|[from] item: Rocky Helmet|[of] p1a: Landorus\n|faint|p2a: Excadrill\n|\n|upkeep\n|c|\u2606Razorgliscor472|helm???\n|c|\u2606Razorgliscor472|ok\n|c|\u2606dreepy airlines|yep\n|\n|t:|1700520074\n|switch|p2a: Zygarde|Zygarde|100\/100\n|-ability|p2a: Zygarde|Aura Break\n|turn|3\n|\n|t:|1700520083\n|move|p2a: Zygarde|Substitute|p2a: Zygarde\n|-start|p2a: Zygarde|Substitute\n|-damage|p2a: Zygarde|75\/100\n|move|p1a: Landorus|Toxic||[still]\n|-fail|p1a: Landorus\n|\n|-heal|p2a: Zygarde|82\/100|[from] item: Leftovers\n|upkeep\n|turn|4\n|c|\u2606dreepy airlines|nuts\n|\n|t:|1700520097\n|move|p2a: Zygarde|Coil|p2a: Zygarde\n|-boost|p2a: Zygarde|atk|1\n|-boost|p2a: Zygarde|def|1\n|-boost|p2a: Zygarde|accuracy|1\n|move|p1a: Landorus|Earthquake|p2a: Zygarde\n|-activate|p2a: Zygarde|move: Substitute|[damage]\n|\n|-heal|p2a: Zygarde|88\/100|[from] item: Leftovers\n|upkeep\n|turn|5\n|c|\u2606dreepy airlines|surely 100% isnt allowed\n|c|\u2606Razorgliscor472|no\n|c|\u2606Razorgliscor472|its aura\n|\n|t:|1700520123\n|move|p2a: Zygarde|Coil|p2a: Zygarde\n|-boost|p2a: Zygarde|atk|1\n|-boost|p2a: Zygarde|def|1\n|-boost|p2a: Zygarde|accuracy|1\n|move|p1a: Landorus|U-turn|p2a: Zygarde\n|-end|p2a: Zygarde|Substitute\n|c|\u2606dreepy airlines|phew\n|\n|t:|1700520129\n|switch|p1a: Iron Bundle|Iron Bundle|100\/100|[from] U-turn\n|\n|-heal|p2a: Zygarde|94\/100|[from] item: Leftovers\n|upkeep\n|turn|6\n|\n|t:|1700520141\n|-terastallize|p2a: Zygarde|Steel\n|move|p1a: Iron Bundle|Ice Beam|p2a: Zygarde\n|-resisted|p2a: Zygarde\n|-damage|p2a: Zygarde|73\/100\n|move|p2a: Zygarde|Substitute|p2a: Zygarde\n|-start|p2a: Zygarde|Substitute\n|-damage|p2a: Zygarde|48\/100\n|\n|-heal|p2a: Zygarde|54\/100|[from] item: Leftovers\n|upkeep\n|turn|7\n|\n|t:|1700520158\n|-end|p1a: Iron Bundle|Quark Drive|[silent]\n|switch|p1a: Tapu Koko|Tapu Koko|100\/100\n|-fieldstart|move: Electric Terrain|[from] ability: Electric Surge|[of] p1a: Tapu Koko\n|move|p2a: Zygarde|Glare|p1a: Tapu Koko\n|-immune|p1a: Tapu Koko\n|\n|-heal|p2a: Zygarde|61\/100|[from] item: Leftovers\n|upkeep\n|turn|8\n|\n|t:|1700520172\n|move|p1a: Tapu Koko|Thunderbolt|p2a: Zygarde\n|-end|p2a: Zygarde|Substitute\n|move|p2a: Zygarde|Thousand Arrows|p1a: Tapu Koko\n|-supereffective|p1a: Tapu Koko\n|-damage|p1a: Tapu Koko|0 fnt\n|faint|p1a: Tapu Koko\n|\n|-heal|p2a: Zygarde|67\/100|[from] item: Leftovers\n|upkeep\n|\n|t:|1700520181\n|switch|p1a: Regieleki|Regieleki|100\/100\n|turn|9\n|\n|t:|1700520190\n|switch|p2a: Clodsire|Clodsire, F|100\/100\n|move|p1a: Regieleki|Rising Voltage|p2a: Clodsire\n|-immune|p2a: Clodsire\n|\n|upkeep\n|turn|10\n|\n|t:|1700520196\n|switch|p1a: Landorus|Landorus-Therian, M|59\/100\n|-ability|p1a: Landorus|Intimidate|boost\n|-unboost|p2a: Clodsire|atk|1\n|move|p2a: Clodsire|Stealth Rock|p1a: Landorus\n|-sidestart|p1: dreepy airlines|move: Stealth Rock\n|\n|upkeep\n|turn|11\n|\n|t:|1700520207\n|switch|p2a: Landorus|Landorus-Therian, M|100\/100\n|-ability|p2a: Landorus|Intimidate|boost\n|-unboost|p1a: Landorus|atk|1\n|move|p1a: Landorus|U-turn|p2a: Landorus\n|-resisted|p2a: Landorus\n|-damage|p2a: Landorus|94\/100\n|\n|t:|1700520210\n|switch|p1a: Serperior|Serperior, M|100\/100|[from] U-turn\n|-damage|p1a: Serperior|88\/100|[from] Stealth Rock\n|\n|-heal|p2a: Landorus|99\/100|[from] item: Leftovers\n|-fieldend|move: Electric Terrain\n|upkeep\n|turn|12\n|\n|t:|1700520229\n|switch|p2a: Clodsire|Clodsire, F|100\/100\n|move|p1a: Serperior|Defog|p2a: Clodsire\n|-unboost|p2a: Clodsire|evasion|1\n|-sideend|p1: dreepy airlines|Stealth Rock|[from] move: Defog|[of] p1a: Serperior\n|\n|upkeep\n|turn|13\n|c|\u2606dreepy airlines|no way its unaware over wa\n|c|\u2606dreepy airlines|well you do have gasto\n|\n|t:|1700520259\n|switch|p1a: Urshifu|Urshifu-Rapid-Strike, M|100\/100\n|move|p2a: Clodsire|Stealth Rock|p1a: Urshifu\n|-sidestart|p1: dreepy airlines|move: Stealth Rock\n|\n|upkeep\n|turn|14\n|\n|t:|1700520269\n|switch|p2a: Gastrodon|Gastrodon, M|100\/100\n|move|p1a: Urshifu|Taunt|p2a: Gastrodon\n|-start|p2a: Gastrodon|move: Taunt\n|\n|upkeep\n|turn|15\n|\n|t:|1700520276\n|move|p1a: Urshifu|Swords Dance|p1a: Urshifu\n|-boost|p1a: Urshifu|atk|2\n|move|p2a: Gastrodon|Scald|p1a: Urshifu\n|-resisted|p1a: Urshifu\n|-damage|p1a: Urshifu|82\/100\n|\n|upkeep\n|turn|16\n|c|\u2606dreepy airlines|0.0\n|c|\u2606dreepy airlines|whoopsie\n|\n|t:|1700520293\n|move|p1a: Urshifu|Close Combat|p2a: Gastrodon\n|-damage|p2a: Gastrodon|8\/100\n|-unboost|p1a: Urshifu|def|1\n|-unboost|p1a: Urshifu|spd|1\n|move|p2a: Gastrodon|Scald|p1a: Urshifu\n|-resisted|p1a: Urshifu\n|-damage|p1a: Urshifu|53\/100\n|\n|-heal|p2a: Gastrodon|14\/100|[from] item: Leftovers\n|-end|p2a: Gastrodon|move: Taunt\n|upkeep\n|turn|17\n|c|\u2606dreepy airlines|lmao\n|c|\u2606Razorgliscor472|L\n|\n|t:|1700520305\n|switch|p2a: Landorus|Landorus-Therian, M|99\/100\n|-ability|p2a: Landorus|Intimidate|boost\n|-unboost|p1a: Urshifu|atk|1\n|move|p1a: Urshifu|Close Combat|p2a: Landorus\n|-resisted|p2a: Landorus\n|-damage|p2a: Landorus|57\/100\n|-unboost|p1a: Urshifu|def|1\n|-unboost|p1a: Urshifu|spd|1\n|\n|-heal|p2a: Landorus|63\/100|[from] item: Leftovers\n|upkeep\n|turn|18\n|\n|t:|1700520316\n|switch|p2a: Gastrodon|Gastrodon, M|14\/100\n|move|p1a: Urshifu|Surging Strikes|p2a: Gastrodon\n|-ability|p2a: Gastrodon|Storm Drain|boost\n|-boost|p2a: Gastrodon|spa|1\n|\n|-heal|p2a: Gastrodon|20\/100|[from] item: Leftovers\n|upkeep\n|turn|19\n|\n|t:|1700520325\n|move|p1a: Urshifu|Close Combat|p2a: Gastrodon\n|-damage|p2a: Gastrodon|0 fnt\n|-unboost|p1a: Urshifu|def|1\n|-unboost|p1a: Urshifu|spd|1\n|faint|p2a: Gastrodon\n|\n|upkeep\n|c|\u2606Razorgliscor472|i forget not absorb\n|\n|t:|1700520337\n|switch|p2a: Ogerpon|Ogerpon-Hearthflame, F|100\/100\n|-ability|p2a: Ogerpon|Mold Breaker\n|turn|20\n|\n|t:|1700520350\n|switch|p1a: Regieleki|Regieleki|100\/100\n|-damage|p1a: Regieleki|88\/100|[from] Stealth Rock\n|move|p2a: Ogerpon|Horn Leech|p1a: Regieleki\n|-damage|p1a: Regieleki|0 fnt\n|faint|p1a: Regieleki\n|\n|upkeep\n|\n|t:|1700520359\n|switch|p1a: Landorus|Landorus-Therian, M|59\/100\n|-damage|p1a: Landorus|46\/100|[from] Stealth Rock\n|-ability|p1a: Landorus|Intimidate|boost\n|-unboost|p2a: Ogerpon|atk|1\n|turn|21\n|\n|t:|1700520368\n|switch|p2a: Landorus|Landorus-Therian, M|63\/100\n|-ability|p2a: Landorus|Intimidate|boost\n|-unboost|p1a: Landorus|atk|1\n|move|p1a: Landorus|U-turn|p2a: Landorus\n|-resisted|p2a: Landorus\n|-damage|p2a: Landorus|56\/100\n|\n|t:|1700520375\n|switch|p1a: Serperior|Serperior, M|88\/100|[from] U-turn\n|-damage|p1a: Serperior|76\/100|[from] Stealth Rock\n|\n|-heal|p2a: Landorus|62\/100|[from] item: Leftovers\n|upkeep\n|turn|22\n|\n|t:|1700520381\n|switch|p2a: Clodsire|Clodsire, F|100\/100\n|move|p1a: Serperior|Defog|p2a: Clodsire\n|-unboost|p2a: Clodsire|evasion|1\n|-sideend|p1: dreepy airlines|Stealth Rock|[from] move: Defog|[of] p1a: Serperior\n|\n|upkeep\n|turn|23\n|\n|t:|1700520390\n|switch|p1a: Urshifu|Urshifu-Rapid-Strike, M|53\/100\n|move|p2a: Clodsire|Poison Jab|p1a: Urshifu\n|-damage|p1a: Urshifu|31\/100\n|-status|p1a: Urshifu|psn\n|\n|-damage|p1a: Urshifu|19\/100 psn|[from] psn\n|upkeep\n|turn|24\n|\n|t:|1700520401\n|move|p1a: Urshifu|Surging Strikes|p2a: Clodsire\n|-supereffective|p2a: Clodsire\n|-crit|p2a: Clodsire\n|-damage|p2a: Clodsire|59\/100\n|-supereffective|p2a: Clodsire\n|-crit|p2a: Clodsire\n|-damage|p2a: Clodsire|21\/100\n|-supereffective|p2a: Clodsire\n|-crit|p2a: Clodsire\n|-damage|p2a: Clodsire|0 fnt\n|faint|p2a: Clodsire\n|-hitcount|p2: Clodsire|3\n|\n|-damage|p1a: Urshifu|7\/100 psn|[from] psn\n|upkeep\n|\n|t:|1700520408\n|switch|p2a: Ogerpon|Ogerpon-Hearthflame, F|100\/100\n|-ability|p2a: Ogerpon|Mold Breaker\n|turn|25\n|\n|t:|1700520415\n|move|p2a: Ogerpon|Ivy Cudgel|p1a: Urshifu|[anim] Ivy Cudgel Fire\n|-resisted|p1a: Urshifu\n|-damage|p1a: Urshifu|0 fnt\n|faint|p1a: Urshifu\n|\n|upkeep\n|\n|t:|1700520421\n|switch|p1a: Landorus|Landorus-Therian, M|46\/100\n|-ability|p1a: Landorus|Intimidate|boost\n|-unboost|p2a: Ogerpon|atk|1\n|turn|26\n|\n|t:|1700520445\n|switch|p2a: Landorus|Landorus-Therian, M|62\/100\n|-ability|p2a: Landorus|Intimidate|boost\n|-unboost|p1a: Landorus|atk|1\n|move|p1a: Landorus|Stealth Rock|p2a: Landorus\n|-sidestart|p2: Razorgliscor472|move: Stealth Rock\n|\n|-heal|p2a: Landorus|68\/100|[from] item: Leftovers\n|upkeep\n|turn|27\n|\n|t:|1700520453\n|move|p2a: Landorus|Substitute|p2a: Landorus\n|-start|p2a: Landorus|Substitute\n|-damage|p2a: Landorus|43\/100\n|move|p1a: Landorus|Toxic||[still]\n|-fail|p1a: Landorus\n|\n|-heal|p2a: Landorus|49\/100|[from] item: Leftovers\n|upkeep\n|turn|28\n|\n|t:|1700520463\n|move|p2a: Landorus|Bulk Up|p2a: Landorus\n|-boost|p2a: Landorus|atk|1\n|-boost|p2a: Landorus|def|1\n|move|p1a: Landorus|U-turn|p2a: Landorus\n|-resisted|p2a: Landorus\n|-activate|p2a: Landorus|move: Substitute|[damage]\n|\n|t:|1700520469\n|switch|p1a: Serperior|Serperior, M|76\/100|[from] U-turn\n|\n|-heal|p2a: Landorus|55\/100|[from] item: Leftovers\n|upkeep\n|turn|29\n|\n|t:|1700520474\n|move|p1a: Serperior|Leaf Storm|p2a: Landorus|[miss]\n|-miss|p1a: Serperior|p2a: Landorus\n|move|p2a: Landorus|Earthquake|p1a: Serperior\n|-resisted|p1a: Serperior\n|-damage|p1a: Serperior|34\/100\n|\n|-heal|p2a: Landorus|61\/100|[from] item: Leftovers\n|upkeep\n|turn|30\n|c|\u2606Razorgliscor472|mb\n|\n|t:|1700520483\n|move|p1a: Serperior|Leaf Storm|p2a: Landorus\n|-end|p2a: Landorus|Substitute\n|-boost|p1a: Serperior|spa|2\n|move|p2a: Landorus|Earthquake|p1a: Serperior\n|-resisted|p1a: Serperior\n|-damage|p1a: Serperior|0 fnt\n|faint|p1a: Serperior\n|\n|-heal|p2a: Landorus|67\/100|[from] item: Leftovers\n|upkeep\n|c|\u2606dreepy airlines|nah i lucked you earlier\n|c|\u2606dreepy airlines|its good\n|\n|t:|1700520491\n|switch|p1a: Iron Bundle|Iron Bundle|100\/100\n|turn|31\n|\n|t:|1700520501\n|move|p1a: Iron Bundle|Ice Beam|p2a: Landorus\n|-supereffective|p2a: Landorus\n|-damage|p2a: Landorus|0 fnt\n|faint|p2a: Landorus\n|\n|upkeep\n|\n|t:|1700520506\n|switch|p2a: Zygarde|Zygarde, tera:Steel|67\/100\n|-damage|p2a: Zygarde|61\/100|[from] Stealth Rock\n|-ability|p2a: Zygarde|Aura Break\n|turn|32\n|\n|t:|1700520511\n|-end|p1a: Iron Bundle|Quark Drive|[silent]\n|switch|p1a: Landorus|Landorus-Therian, M|46\/100\n|-ability|p1a: Landorus|Intimidate|boost\n|-unboost|p2a: Zygarde|atk|1\n|move|p2a: Zygarde|Glare|p1a: Landorus\n|-status|p1a: Landorus|par\n|\n|-heal|p2a: Zygarde|67\/100|[from] item: Leftovers\n|upkeep\n|turn|33\n|\n|t:|1700520520\n|move|p2a: Zygarde|Substitute|p2a: Zygarde\n|-start|p2a: Zygarde|Substitute\n|-damage|p2a: Zygarde|42\/100\n|move|p1a: Landorus|Earthquake|p2a: Zygarde\n|-supereffective|p2a: Zygarde\n|-end|p2a: Zygarde|Substitute\n|\n|-heal|p2a: Zygarde|48\/100|[from] item: Leftovers\n|upkeep\n|turn|34\n|\n|t:|1700520532\n|move|p2a: Zygarde|Thousand Arrows|p1a: Landorus\n|-damage|p1a: Landorus|31\/100 par\n|-start|p1a: Landorus|Smack Down\n|move|p1a: Landorus|Earthquake|p2a: Zygarde\n|-supereffective|p2a: Zygarde\n|-damage|p2a: Zygarde|0 fnt\n|faint|p2a: Zygarde\n|\n|upkeep\n|\n|t:|1700520537\n|switch|p2a: Ogerpon|Ogerpon-Hearthflame, F|100\/100\n|-damage|p2a: Ogerpon|76\/100|[from] Stealth Rock\n|-ability|p2a: Ogerpon|Mold Breaker\n|turn|35\n|\n|t:|1700520544\n|move|p2a: Ogerpon|Horn Leech|p1a: Landorus\n|-damage|p1a: Landorus|2\/100 par\n|-heal|p2a: Ogerpon|94\/100|[from] drain|[of] p1a: Landorus\n|-damage|p2a: Ogerpon|78\/100|[from] item: Rocky Helmet|[of] p1a: Landorus\n|move|p1a: Landorus|Earthquake|p2a: Ogerpon\n|-damage|p2a: Ogerpon|15\/100\n|\n|upkeep\n|turn|36\n|c|\u2606Razorgliscor472|LMAO\n|c|\u2606Razorgliscor472|ggs\n|c|\u2606dreepy airlines|gg\n|\n|t:|1700520553\n|move|p2a: Ogerpon|Horn Leech|p1a: Landorus\n|-damage|p1a: Landorus|0 fnt\n|-heal|p2a: Ogerpon|16\/100|[from] drain|[of] p1a: Landorus\n|-damage|p2a: Ogerpon|0 fnt|[from] item: Rocky Helmet|[of] p1a: Landorus\n|faint|p1a: Landorus\n|faint|p2a: Ogerpon\n|\n|win|dreepy airlines\n","uploadtime":1700520559,"views":2,"p1id":"dreepyairlines","p2id":"razorgliscor472","formatid":"gen9nationaldexubers","rating":0,"private":0,"password":""}