{"id":"gen9nationaldexubers-1992362571","p1":"Arnaenaed \u223e","p2":"Mistery Gold","format":"[Gen 9] National Dex Ubers","log":"|j|\u2606Arnaenaed \u223e\n|j|\u2606Mistery Gold\n|t:|1700178879\n|gametype|singles\n|player|p1|Arnaenaed \u223e|birdkeeper-gen3|\n|player|p2|Mistery Gold|tate|\n|teamsize|p1|6\n|teamsize|p2|6\n|gen|9\n|tier|[Gen 9] National Dex Ubers\n|rule|HP Percentage Mod: HP is shown in percentages\n|rule|Endless Battle Clause: Forcing endless battles is banned\n|rule|OHKO Clause: OHKO moves are banned\n|rule|Evasion Moves Clause: Evasion moves are banned\n|rule|Evasion Items Clause: Evasion items are banned\n|rule|Species Clause: Limit one of each Pok\u00e9mon\n|rule|Sleep Clause Mod: Limit one foe put to sleep\n|rule|Mega Rayquaza Clause: You cannot mega evolve Rayquaza\n|clearpoke\n|poke|p1|Xerneas-*|\n|poke|p1|Zygarde|\n|poke|p1|Delphox, M|\n|poke|p1|Greninja-*, M|\n|poke|p1|Avalugg, F|\n|poke|p1|Hawlucha, F|\n|poke|p2|Florges-Blue, F|\n|poke|p2|Talonflame, M|\n|poke|p2|Aurorus, F|\n|poke|p2|Hawlucha, M|\n|poke|p2|Goodra, M|\n|poke|p2|Xerneas-*|\n|teampreview\n|\n|t:|1700178908\n|start\n|switch|p1a: Greninja|Greninja, M|100\/100\n|switch|p2a: Xerneas|Xerneas|100\/100\n|-ability|p2a: Xerneas|Fairy Aura\n|turn|1\n|\n|t:|1700178914\n|move|p1a: Greninja|U-turn|p2a: Xerneas\n|-start|p1a: Greninja|typechange|Bug|[from] ability: Protean\n|-resisted|p2a: Xerneas\n|-damage|p2a: Xerneas|91\/100\n|\n|t:|1700178919\n|switch|p1a: Delphox|Delphox, M|100\/100|[from] U-turn\n|move|p2a: Xerneas|Moonblast|p1a: Delphox\n|-resisted|p1a: Delphox\n|-damage|p1a: Delphox|64\/100\n|\n|upkeep\n|turn|2\n|\n|t:|1700178940\n|move|p1a: Delphox|Calm Mind|p1a: Delphox\n|-boost|p1a: Delphox|spa|1\n|-boost|p1a: Delphox|spd|1\n|move|p2a: Xerneas|Moonblast|p1a: Delphox\n|-resisted|p1a: Delphox\n|-damage|p1a: Delphox|38\/100\n|\n|upkeep\n|turn|3\n|\n|t:|1700178959\n|move|p1a: Delphox|Flamethrower|p2a: Xerneas\n|-damage|p2a: Xerneas|37\/100\n|move|p2a: Xerneas|Geomancy||[still]\n|-prepare|p2a: Xerneas|Geomancy\n|-enditem|p2a: Xerneas|Power Herb\n|-anim|p2a: Xerneas|Geomancy|p2a: Xerneas\n|-boost|p2a: Xerneas|spa|2\n|-boost|p2a: Xerneas|spd|2\n|-boost|p2a: Xerneas|spe|2\n|-enditem|p1a: Delphox|Mirror Herb\n|-boost|p1a: Delphox|spa|2|[from] item: Mirror Herb\n|-boost|p1a: Delphox|spd|2|[from] item: Mirror Herb\n|-boost|p1a: Delphox|spe|2|[from] item: Mirror Herb\n|\n|upkeep\n|turn|4\n|\n|t:|1700178969\n|-terastallize|p2a: Xerneas|Fairy\n|move|p1a: Delphox|Flamethrower|p2a: Xerneas\n|-damage|p2a: Xerneas|0 fnt\n|faint|p2a: Xerneas\n|\n|upkeep\n|\n|t:|1700178989\n|switch|p2a: Talonflame|Talonflame, M|100\/100\n|turn|5\n|\n|t:|1700178994\n|move|p2a: Talonflame|Dual Wingbeat|p1a: Delphox\n|-damage|p1a: Delphox|15\/100\n|-damage|p1a: Delphox|0 fnt\n|faint|p1a: Delphox\n|-hitcount|p1: Delphox|2\n|\n|upkeep\n|c|\u2606Mistery Gold|Que fue lo que pas\u00f3 ?\n|\n|t:|1700179037\n|switch|p1a: Avalugg|Avalugg, F|100\/100\n|turn|6\n|c|\u2606Mistery Gold|Cuando Delphox subi\u00f3 tanto \ud83e\udd72\n|\n|t:|1700179049\n|move|p2a: Talonflame|Swords Dance|p2a: Talonflame\n|-boost|p2a: Talonflame|atk|2\n|move|p1a: Avalugg|Ice Spinner|p2a: Talonflame\n|-damage|p2a: Talonflame|36\/100\n|\n|upkeep\n|turn|7\n|\n|t:|1700179054\n|move|p2a: Talonflame|Dual Wingbeat|p1a: Avalugg\n|-damage|p1a: Avalugg|84\/100\n|-damage|p1a: Avalugg|65\/100\n|-hitcount|p1a: Avalugg|2\n|move|p1a: Avalugg|Ice Spinner|p2a: Talonflame\n|-damage|p2a: Talonflame|0 fnt\n|faint|p2a: Talonflame\n|\n|upkeep\n|\n|t:|1700179063\n|switch|p2a: Pochi|Hawlucha, M|100\/100\n|turn|8\n|\n|t:|1700179066\n|move|p2a: Pochi|Swords Dance|p2a: Pochi\n|-boost|p2a: Pochi|atk|2\n|move|p1a: Avalugg|Ice Spinner|p2a: Pochi\n|-supereffective|p2a: Pochi\n|-enditem|p2a: Pochi|Focus Sash\n|-damage|p2a: Pochi|1\/100\n|\n|upkeep\n|turn|9\n|\n|t:|1700179075\n|move|p2a: Pochi|Drain Punch|p1a: Avalugg\n|-supereffective|p1a: Avalugg\n|-damage|p1a: Avalugg|0 fnt\n|-heal|p2a: Pochi|44\/100|[from] drain|[of] p1a: Avalugg\n|faint|p1a: Avalugg\n|\n|upkeep\n|\n|t:|1700179095\n|switch|p1a: Greninja|Greninja, M|100\/100\n|turn|10\n|\n|t:|1700179099\n|move|p2a: Pochi|Drain Punch|p1a: Greninja\n|-supereffective|p1a: Greninja\n|-enditem|p1a: Greninja|Focus Sash\n|-damage|p1a: Greninja|1\/100\n|-heal|p2a: Pochi|92\/100|[from] drain|[of] p1a: Greninja\n|move|p1a: Greninja|Ice Beam|p2a: Pochi\n|-start|p1a: Greninja|typechange|Ice|[from] ability: Protean\n|-supereffective|p2a: Pochi\n|-damage|p2a: Pochi|0 fnt\n|faint|p2a: Pochi\n|\n|upkeep\n|\n|t:|1700179111\n|switch|p2a: Florges|Florges-Blue, F|100\/100\n|turn|11\n|\n|t:|1700179118\n|move|p1a: Greninja|Toxic Spikes|p2a: Florges\n|-sidestart|p2: Mistery Gold|move: Toxic Spikes\n|move|p2a: Florges|Wish|p2a: Florges\n|\n|upkeep\n|turn|12\n|\n|t:|1700179122\n|move|p1a: Greninja|Toxic Spikes|p2a: Florges\n|-sidestart|p2: Mistery Gold|move: Toxic Spikes\n|move|p2a: Florges|Moonblast|p1a: Greninja\n|-damage|p1a: Greninja|0 fnt\n|faint|p1a: Greninja\n|\n|upkeep\n|\n|t:|1700179142\n|switch|p1a: Hawlucha|Hawlucha, F|100\/100\n|turn|13\n|\n|t:|1700179150\n|move|p1a: Hawlucha|Swords Dance|p1a: Hawlucha\n|-boost|p1a: Hawlucha|atk|2\n|move|p2a: Florges|Toxic|p1a: Hawlucha|[miss]\n|-miss|p2a: Florges|p1a: Hawlucha\n|\n|upkeep\n|turn|14\n|\n|t:|1700179156\n|move|p1a: Hawlucha|Swords Dance|p1a: Hawlucha\n|-boost|p1a: Hawlucha|atk|2\n|move|p2a: Florges|Toxic|p1a: Hawlucha\n|-status|p1a: Hawlucha|tox\n|\n|-damage|p1a: Hawlucha|94\/100 tox|[from] psn\n|upkeep\n|turn|15\n|\n|t:|1700179159\n|move|p1a: Hawlucha|Acrobatics|p2a: Florges\n|-damage|p2a: Florges|15\/100\n|move|p2a: Florges|Moonblast|p1a: Hawlucha\n|-supereffective|p1a: Hawlucha\n|-crit|p1a: Hawlucha\n|-damage|p1a: Hawlucha|0 fnt\n|faint|p1a: Hawlucha\n|\n|-heal|p2a: Florges|21\/100|[from] item: Leftovers\n|upkeep\n|\n|t:|1700179166\n|switch|p1a: Xerneas|Xerneas|100\/100\n|-ability|p1a: Xerneas|Fairy Aura\n|turn|16\n|\n|t:|1700179170\n|move|p1a: Xerneas|Geomancy||[still]\n|-prepare|p1a: Xerneas|Geomancy\n|-enditem|p1a: Xerneas|Power Herb\n|-anim|p1a: Xerneas|Geomancy|p1a: Xerneas\n|-boost|p1a: Xerneas|spa|2\n|-boost|p1a: Xerneas|spd|2\n|-boost|p1a: Xerneas|spe|2\n|move|p2a: Florges|Toxic|p1a: Xerneas|[miss]\n|-miss|p2a: Florges|p1a: Xerneas\n|\n|-heal|p2a: Florges|27\/100|[from] item: Leftovers\n|upkeep\n|turn|17\n|\n|t:|1700179177\n|move|p1a: Xerneas|Moonblast|p2a: Florges\n|-crit|p2a: Florges\n|-damage|p2a: Florges|0 fnt\n|faint|p2a: Florges\n|\n|upkeep\n|\n|t:|1700179179\n|switch|p2a: Aurora|Aurorus, F|100\/100\n|-status|p2a: Aurora|tox\n|-weather|Snow|[from] ability: Snow Warning|[of] p2a: Aurora\n|turn|18\n|\n|t:|1700179185\n|move|p1a: Xerneas|Flash Cannon|p2a: Aurora\n|-supereffective|p2a: Aurora\n|-enditem|p2a: Aurora|Babiri Berry|[eat]\n|-enditem|p2a: Aurora|Babiri Berry|[weaken]\n|-damage|p2a: Aurora|11\/100 tox\n|-unboost|p2a: Aurora|spd|1\n|move|p2a: Aurora|Encore|p1a: Xerneas\n|-start|p1a: Xerneas|Encore\n|\n|-weather|Snow|[upkeep]\n|-damage|p2a: Aurora|4\/100 tox|[from] psn\n|upkeep\n|turn|19\n|\n|t:|1700179194\n|move|p1a: Xerneas|Flash Cannon|p2a: Aurora\n|-supereffective|p2a: Aurora\n|-damage|p2a: Aurora|0 fnt\n|faint|p2a: Aurora\n|\n|-weather|Snow|[upkeep]\n|upkeep\n|\n|t:|1700179196\n|switch|p2a: Goodra|Goodra, M|100\/100\n|-status|p2a: Goodra|tox\n|turn|20\n|\n|t:|1700179199\n|move|p1a: Xerneas|Flash Cannon|p2a: Goodra\n|-damage|p2a: Goodra|57\/100 tox\n|move|p2a: Goodra|Knock Off|p1a: Xerneas\n|-resisted|p1a: Xerneas\n|-damage|p1a: Xerneas|95\/100\n|\n|-weather|Snow|[upkeep]\n|-heal|p2a: Goodra|64\/100 tox|[from] item: Leftovers\n|-damage|p2a: Goodra|57\/100 tox|[from] psn\n|upkeep\n|turn|21\n|\n|t:|1700179211\n|move|p1a: Xerneas|Flash Cannon|p2a: Goodra\n|-damage|p2a: Goodra|15\/100 tox\n|move|p2a: Goodra|Thunderbolt|p1a: Xerneas\n|-damage|p1a: Xerneas|82\/100\n|\n|-weather|Snow|[upkeep]\n|-heal|p2a: Goodra|22\/100 tox|[from] item: Leftovers\n|-damage|p2a: Goodra|9\/100 tox|[from] psn\n|-end|p1a: Xerneas|Encore\n|upkeep\n|turn|22\n|\n|t:|1700179217\n|move|p1a: Xerneas|Geomancy||[still]\n|-prepare|p1a: Xerneas|Geomancy\n|move|p2a: Goodra|Thunderbolt|p1a: Xerneas\n|-damage|p1a: Xerneas|69\/100\n|\n|-weather|none\n|-heal|p2a: Goodra|15\/100 tox|[from] item: Leftovers\n|-damage|p2a: Goodra|0 fnt|[from] psn\n|faint|p2a: Goodra\n|\n|win|Arnaenaed \u223e\n|upkeep\n","uploadtime":1700179225,"views":10,"p1id":"arnaenaed","p2id":"misterygold","formatid":"gen9nationaldexubers","rating":0,"private":0,"password":""}