{"id":"gen9nationaldexubers-1977920877","p1":"nylithist","p2":"bearyo00000","format":"[Gen 9] National Dex Ubers","log":"|j|\u2606nylithist\n|j|\u2606bearyo00000\n|t:|1698466710\n|gametype|singles\n|player|p1|nylithist|caitlin|1130\n|player|p2|bearyo00000|1|1134\n|teamsize|p1|2\n|teamsize|p2|6\n|gen|9\n|tier|[Gen 9] National Dex Ubers\n|rated|\n|rule|HP Percentage Mod: HP is shown in percentages\n|rule|Endless Battle Clause: Forcing endless battles is banned\n|rule|OHKO Clause: OHKO moves are banned\n|rule|Evasion Moves Clause: Evasion moves are banned\n|rule|Evasion Items Clause: Evasion items are banned\n|rule|Species Clause: Limit one of each Pok\u00e9mon\n|rule|Sleep Clause Mod: Limit one foe put to sleep\n|rule|Mega Rayquaza Clause: You cannot mega evolve Rayquaza\n|clearpoke\n|poke|p1|Froslass, F|\n|poke|p1|Kyogre|\n|poke|p2|Ninetales, M|\n|poke|p2|Torkoal, F|\n|poke|p2|Scovillain, F|\n|poke|p2|Infernape, F|\n|poke|p2|Houndoom, F|\n|poke|p2|Charizard, M|\n|teampreview\n|\n|t:|1698466729\n|start\n|switch|p1a: Froslass|Froslass, F|100\/100\n|switch|p2a: Ninetales|Ninetales, M, shiny|100\/100\n|-weather|SunnyDay|[from] ability: Drought|[of] p2a: Ninetales\n|turn|1\n|\n|t:|1698466744\n|-terastallize|p2a: Ninetales|Fire\n|move|p2a: Ninetales|Flamethrower|p1a: Froslass\n|-supereffective|p1a: Froslass\n|-damage|p1a: Froslass|0 fnt\n|faint|p1a: Froslass\n|\n|-weather|SunnyDay|[upkeep]\n|upkeep\n|\n|t:|1698466751\n|switch|p1a: Kyogre|Kyogre|100\/100\n|detailschange|p1a: Kyogre|Kyogre-Primal\n|-primal|p1a: Kyogre|Blue Orb\n|-weather|PrimordialSea|[from] ability: Primordial Sea|[of] p1a: Kyogre\n|turn|2\n|\n|t:|1698466759\n|move|p2a: Ninetales|Solar Beam||[still]\n|-prepare|p2a: Ninetales|Solar Beam\n|move|p1a: Kyogre|Origin Pulse|p2a: Ninetales\n|-supereffective|p2a: Ninetales\n|-damage|p2a: Ninetales|0 fnt\n|faint|p2a: Ninetales\n|\n|-weather|PrimordialSea|[upkeep]\n|upkeep\n|\n|t:|1698466765\n|switch|p2a: Charizard|Charizard, M, shiny|100\/100\n|turn|3\n|\n|t:|1698466772\n|move|p2a: Charizard|Air Slash|p1a: Kyogre\n|-damage|p1a: Kyogre|71\/100\n|-damage|p2a: Charizard|91\/100|[from] item: Life Orb\n|cant|p1a: Kyogre|flinch\n|\n|-weather|PrimordialSea|[upkeep]\n|upkeep\n|turn|4\n|\n|t:|1698466783\n|move|p2a: Charizard|Air Slash|p1a: Kyogre\n|-damage|p1a: Kyogre|41\/100\n|-damage|p2a: Charizard|81\/100|[from] item: Life Orb\n|cant|p1a: Kyogre|flinch\n|\n|-weather|PrimordialSea|[upkeep]\n|upkeep\n|turn|5\n|\n|t:|1698466789\n|move|p2a: Charizard|Air Slash|p1a: Kyogre\n|-damage|p1a: Kyogre|12\/100\n|-damage|p2a: Charizard|71\/100|[from] item: Life Orb\n|cant|p1a: Kyogre|flinch\n|\n|-weather|PrimordialSea|[upkeep]\n|upkeep\n|turn|6\n|c|\u2606nylithist|lmfao what\n|\n|t:|1698466802\n|move|p2a: Charizard|Air Slash|p1a: Kyogre\n|-damage|p1a: Kyogre|0 fnt\n|faint|p1a: Kyogre\n|-weather|none\n|-damage|p2a: Charizard|61\/100|[from] item: Life Orb\n|\n|win|bearyo00000\n|raw|nylithist's rating: 1130 &rarr; <strong>1105<\/strong><br \/>(-25 for losing)\n|raw|bearyo00000's rating: 1134 &rarr; <strong>1159<\/strong><br \/>(+25 for winning)\n|player|p1|nylithist|caitlin\n|l|\u2606bearyo00000\n","uploadtime":1698466826,"views":12,"p1id":"nylithist","p2id":"bearyo00000","formatid":"gen9nationaldexubers","rating":1105,"private":0,"password":""}