{"id":"gen9nationaldexubers-1981444059","p1":"shadow shy man","p2":"aquiles meo","format":"[Gen 9] National Dex Ubers","log":"|j|\u2606shadow shy man\n|j|\u2606aquiles meo\n|t:|1698896766\n|gametype|singles\n|player|p1|shadow shy man|marlon|1080\n|player|p2|aquiles meo|2|1112\n|teamsize|p1|6\n|teamsize|p2|6\n|gen|9\n|tier|[Gen 9] National Dex Ubers\n|rated|\n|rule|HP Percentage Mod: HP is shown in percentages\n|rule|Endless Battle Clause: Forcing endless battles is banned\n|rule|OHKO Clause: OHKO moves are banned\n|rule|Evasion Moves Clause: Evasion moves are banned\n|rule|Evasion Items Clause: Evasion items are banned\n|rule|Species Clause: Limit one of each Pok\u00e9mon\n|rule|Sleep Clause Mod: Limit one foe put to sleep\n|rule|Mega Rayquaza Clause: You cannot mega evolve Rayquaza\n|clearpoke\n|poke|p1|Necrozma|\n|poke|p1|Marshadow|\n|poke|p1|Hydreigon, M|\n|poke|p1|Drapion, M|\n|poke|p1|Ceruledge, M|\n|poke|p1|Aegislash, M|\n|poke|p2|Jirachi|\n|poke|p2|Ho-Oh|\n|poke|p2|Rayquaza|\n|poke|p2|Pidgeot, M|\n|poke|p2|Lucario, M|\n|poke|p2|Luxray, M|\n|teampreview\n|\n|t:|1698896777\n|start\n|switch|p1a: Aegislash|Aegislash, M, shiny|100\/100\n|switch|p2a: Jirachi|Jirachi, shiny|100\/100\n|turn|1\n|\n|t:|1698896786\n|move|p2a: Jirachi|Iron Head|p1a: Aegislash\n|-resisted|p1a: Aegislash\n|-damage|p1a: Aegislash|86\/100\n|cant|p1a: Aegislash|flinch\n|\n|upkeep\n|turn|2\n|\n|t:|1698896802\n|move|p2a: Jirachi|Iron Head|p1a: Aegislash\n|-resisted|p1a: Aegislash\n|-damage|p1a: Aegislash|71\/100\n|cant|p1a: Aegislash|flinch\n|\n|upkeep\n|turn|3\n|\n|t:|1698896817\n|move|p2a: Jirachi|Iron Head|p1a: Aegislash\n|-resisted|p1a: Aegislash\n|-damage|p1a: Aegislash|57\/100\n|cant|p1a: Aegislash|flinch\n|\n|upkeep\n|turn|4\n|\n|t:|1698896831\n|move|p2a: Jirachi|Iron Head|p1a: Aegislash\n|-resisted|p1a: Aegislash\n|-damage|p1a: Aegislash|43\/100\n|-formechange|p1a: Aegislash|Aegislash-Blade||[from] ability: Stance Change\n|move|p1a: Aegislash|Night Slash|p2a: Jirachi\n|-supereffective|p2a: Jirachi\n|-damage|p2a: Jirachi|58\/100\n|\n|-heal|p2a: Jirachi|64\/100|[from] item: Leftovers\n|upkeep\n|turn|5\n|\n|t:|1698896845\n|switch|p1a: Ceruledge|Ceruledge, M|100\/100\n|move|p2a: Jirachi|Doom Desire|p1a: Ceruledge\n|-start|p2a: Jirachi|Doom Desire\n|\n|-heal|p2a: Jirachi|70\/100|[from] item: Leftovers\n|upkeep\n|turn|6\n|\n|t:|1698896871\n|-terastallize|p2a: Jirachi|Water\n|move|p2a: Jirachi|Wish|p2a: Jirachi\n|move|p1a: Ceruledge|Bitter Blade|p2a: Jirachi\n|-resisted|p2a: Jirachi\n|-damage|p2a: Jirachi|50\/100\n|\n|-heal|p2a: Jirachi|56\/100|[from] item: Leftovers\n|upkeep\n|turn|7\n|\n|t:|1698896902\n|switch|p1a: Hydreigon|Hydreigon, M|100\/100\n|move|p2a: Jirachi|Iron Head|p1a: Hydreigon\n|-damage|p1a: Hydreigon|77\/100\n|\n|-end|p1a: Hydreigon|move: Doom Desire\n|-damage|p1a: Hydreigon|38\/100\n|-heal|p2a: Jirachi|100\/100|[from] move: Wish|[wisher] Jirachi\n|upkeep\n|turn|8\n|\n|t:|1698896922\n|move|p2a: Jirachi|Doom Desire|p1a: Hydreigon\n|-start|p2a: Jirachi|Doom Desire\n|move|p1a: Hydreigon|Crunch|p2a: Jirachi\n|-damage|p2a: Jirachi|75\/100\n|-unboost|p2a: Jirachi|def|1\n|\n|-heal|p2a: Jirachi|81\/100|[from] item: Leftovers\n|upkeep\n|turn|9\n|\n|t:|1698896939\n|move|p2a: Jirachi|Wish|p2a: Jirachi\n|move|p1a: Hydreigon|Draco Meteor|p2a: Jirachi\n|-damage|p2a: Jirachi|30\/100\n|-unboost|p1a: Hydreigon|spa|2\n|\n|-heal|p2a: Jirachi|36\/100|[from] item: Leftovers\n|upkeep\n|turn|10\n|\n|t:|1698896960\n|move|p2a: Jirachi|Iron Head|p1a: Hydreigon\n|-damage|p1a: Hydreigon|13\/100\n|cant|p1a: Hydreigon|flinch\n|\n|-end|p1a: Hydreigon|move: Doom Desire\n|-damage|p1a: Hydreigon|0 fnt\n|faint|p1a: Hydreigon\n|-heal|p2a: Jirachi|86\/100|[from] move: Wish|[wisher] Jirachi\n|-heal|p2a: Jirachi|92\/100|[from] item: Leftovers\n|upkeep\n|\n|t:|1698896975\n|switch|p1a: Drapion|Drapion, M|100\/100\n|turn|11\n|\n|t:|1698896986\n|move|p2a: Jirachi|Iron Head|p1a: Drapion\n|-damage|p1a: Drapion|72\/100\n|move|p1a: Drapion|Swords Dance|p1a: Drapion\n|-boost|p1a: Drapion|atk|2\n|\n|-heal|p2a: Jirachi|98\/100|[from] item: Leftovers\n|upkeep\n|turn|12\n|\n|t:|1698897012\n|move|p2a: Jirachi|Iron Head|p1a: Drapion\n|-damage|p1a: Drapion|43\/100\n|move|p1a: Drapion|Swords Dance|p1a: Drapion\n|-boost|p1a: Drapion|atk|2\n|\n|-heal|p2a: Jirachi|100\/100|[from] item: Leftovers\n|upkeep\n|turn|13\n|\n|t:|1698897042\n|move|p2a: Jirachi|Iron Head|p1a: Drapion\n|-damage|p1a: Drapion|15\/100\n|move|p1a: Drapion|Crunch|p2a: Jirachi\n|-damage|p2a: Jirachi|0 fnt\n|faint|p2a: Jirachi\n|\n|upkeep\n|\n|t:|1698897053\n|switch|p2a: Ho-Oh|Ho-Oh, shiny|100\/100\n|turn|14\n|\n|t:|1698897062\n|move|p1a: Drapion|Crunch|p2a: Ho-Oh\n|-damage|p2a: Ho-Oh|19\/100\n|move|p2a: Ho-Oh|Ancient Power|p1a: Drapion\n|-damage|p1a: Drapion|0 fnt\n|faint|p1a: Drapion\n|\n|upkeep\n|\n|t:|1698897073\n|switch|p1a: Ceruledge|Ceruledge, M|100\/100\n|turn|15\n|\n|t:|1698897097\n|switch|p2a: Pidgeot|Pidgeot, M, shiny|100\/100\n|move|p1a: Ceruledge|Swords Dance|p1a: Ceruledge\n|-boost|p1a: Ceruledge|atk|2\n|\n|upkeep\n|turn|16\n|\n|t:|1698897110\n|detailschange|p2a: Pidgeot|Pidgeot-Mega, M, shiny\n|-mega|p2a: Pidgeot|Pidgeot|Pidgeotite\n|move|p2a: Pidgeot|Ominous Wind|p1a: Ceruledge\n|-supereffective|p1a: Ceruledge\n|-damage|p1a: Ceruledge|53\/100\n|-boost|p2a: Pidgeot|atk|1\n|-boost|p2a: Pidgeot|def|1\n|-boost|p2a: Pidgeot|spa|1\n|-boost|p2a: Pidgeot|spd|1\n|-boost|p2a: Pidgeot|spe|1\n|move|p1a: Ceruledge|Swords Dance|p1a: Ceruledge\n|-boost|p1a: Ceruledge|atk|2\n|\n|upkeep\n|turn|17\n|\n|t:|1698897129\n|move|p2a: Pidgeot|Ominous Wind|p1a: Ceruledge\n|-supereffective|p1a: Ceruledge\n|-damage|p1a: Ceruledge|0 fnt\n|faint|p1a: Ceruledge\n|\n|upkeep\n|\n|t:|1698897146\n|switch|p1a: Aegislash|Aegislash, M, shiny|43\/100\n|turn|18\n|\n|t:|1698897160\n|move|p2a: Pidgeot|Ominous Wind|p1a: Aegislash\n|-supereffective|p1a: Aegislash\n|-damage|p1a: Aegislash|0 fnt\n|faint|p1a: Aegislash\n|\n|upkeep\n|\n|t:|1698897171\n|switch|p1a: Necrozma|Necrozma|100\/100\n|turn|19\n|\n|t:|1698897181\n|-terastallize|p1a: Necrozma|Dark\n|move|p2a: Pidgeot|Ominous Wind|p1a: Necrozma\n|-resisted|p1a: Necrozma\n|-damage|p1a: Necrozma|87\/100\n|-boost|p2a: Pidgeot|atk|1\n|-boost|p2a: Pidgeot|def|1\n|-boost|p2a: Pidgeot|spa|1\n|-boost|p2a: Pidgeot|spd|1\n|-boost|p2a: Pidgeot|spe|1\n|move|p1a: Necrozma|Calm Mind|p1a: Necrozma\n|-boost|p1a: Necrozma|spa|1\n|-boost|p1a: Necrozma|spd|1\n|\n|-heal|p1a: Necrozma|93\/100|[from] item: Leftovers\n|upkeep\n|turn|20\n|\n|t:|1698897206\n|move|p2a: Pidgeot|Hurricane|p1a: Necrozma\n|-damage|p1a: Necrozma|29\/100\n|-start|p1a: Necrozma|confusion\n|-activate|p1a: Necrozma|confusion\n|move|p1a: Necrozma|Calm Mind|p1a: Necrozma\n|-boost|p1a: Necrozma|spa|1\n|-boost|p1a: Necrozma|spd|1\n|\n|-heal|p1a: Necrozma|35\/100|[from] item: Leftovers\n|upkeep\n|turn|21\n|\n|t:|1698897220\n|move|p2a: Pidgeot|Hurricane|p1a: Necrozma\n|-damage|p1a: Necrozma|0 fnt\n|faint|p1a: Necrozma\n|\n|upkeep\n|\n|t:|1698897225\n|switch|p1a: Marshadow|Marshadow|100\/100\n|turn|22\n|\n|t:|1698897244\n|move|p2a: Pidgeot|Hurricane|p1a: Marshadow\n|-supereffective|p1a: Marshadow\n|-damage|p1a: Marshadow|0 fnt\n|faint|p1a: Marshadow\n|\n|win|aquiles meo\n|raw|shadow shy man's rating: 1080 &rarr; <strong>1060<\/strong><br \/>(-20 for losing)\n|raw|aquiles meo's rating: 1112 &rarr; <strong>1135<\/strong><br \/>(+23 for winning)\n|l|\u2606shadow shy man\n","uploadtime":1698897252,"views":5,"p1id":"shadowshyman","p2id":"aquilesmeo","formatid":"gen9nationaldexubers","rating":1060,"private":0,"password":""}