{"id":"gen9nationaldexubers-1998915997","p1":"BeentoShira","p2":"SCARCITY25","format":"[Gen 9] National Dex Ubers","log":"|j|\u2606BeentoShira\n|j|\u2606SCARCITY25\n|t:|1701012669\n|gametype|singles\n|player|p1|BeentoShira|waitress-gen4|\n|player|p2|SCARCITY25|cynthia-gen4|\n|teamsize|p1|6\n|teamsize|p2|6\n|gen|9\n|tier|[Gen 9] National Dex Ubers\n|rule|HP Percentage Mod: HP is shown in percentages\n|rule|Endless Battle Clause: Forcing endless battles is banned\n|rule|OHKO Clause: OHKO moves are banned\n|rule|Evasion Moves Clause: Evasion moves are banned\n|rule|Evasion Items Clause: Evasion items are banned\n|rule|Species Clause: Limit one of each Pok\u00e9mon\n|rule|Sleep Clause Mod: Limit one foe put to sleep\n|rule|Mega Rayquaza Clause: You cannot mega evolve Rayquaza\n|clearpoke\n|poke|p1|Gholdengo|\n|poke|p1|Dragonite, M|\n|poke|p1|Heatran, M|\n|poke|p1|Ogerpon-Wellspring, F|\n|poke|p1|Samurott-Hisui, M|\n|poke|p1|Great Tusk|\n|poke|p2|Dialga|\n|poke|p2|Dragapult, M|\n|poke|p2|Haxorus, M|\n|poke|p2|Latios, M|\n|poke|p2|Dragonite, F|\n|poke|p2|Kommo-o, M|\n|teampreview\n|c|\u2606SCARCITY25|glhf\n|\n|t:|1701012676\n|start\n|switch|p1a: Numby|Heatran, M|100\/100\n|switch|p2a: Latios|Latios, M|100\/100\n|-item|p1a: Numby|Air Balloon\n|turn|1\n|\n|t:|1701012683\n|move|p2a: Latios|Light Screen|p2a: Latios\n|-sidestart|p2: SCARCITY25|move: Light Screen\n|move|p1a: Numby|Magma Storm|p2a: Latios|[miss]\n|-miss|p1a: Numby|p2a: Latios\n|\n|upkeep\n|turn|2\n|\n|t:|1701012686\n|move|p2a: Latios|Reflect|p2a: Latios\n|-sidestart|p2: SCARCITY25|Reflect\n|move|p1a: Numby|Stealth Rock|p2a: Latios\n|-sidestart|p2: SCARCITY25|move: Stealth Rock\n|\n|upkeep\n|turn|3\n|\n|t:|1701012697\n|move|p2a: Latios|Thunder Wave|p1a: Numby\n|-status|p1a: Numby|par\n|move|p1a: Numby|Will-O-Wisp|p2a: Latios\n|-status|p2a: Latios|brn\n|\n|-damage|p2a: Latios|94\/100 brn|[from] brn\n|upkeep\n|turn|4\n|\n|t:|1701012712\n|move|p2a: Latios|Memento|p1a: Numby\n|-unboost|p1a: Numby|atk|2\n|-unboost|p1a: Numby|spa|2\n|faint|p2a: Latios\n|cant|p1a: Numby|par\n|\n|upkeep\n|inactive|Battle timer is ON: inactive players will automatically lose when time's up. (requested by BeentoShira)\n|\n|t:|1701012779\n|switch|p2a: Haxorus|Haxorus, M|100\/100\n|-damage|p2a: Haxorus|88\/100|[from] Stealth Rock\n|-ability|p2a: Haxorus|Mold Breaker\n|turn|5\n|\n|t:|1701012791\n|switch|p1a: Topaz|Gholdengo|100\/100\n|-item|p1a: Topaz|Air Balloon\n|move|p2a: Haxorus|Aqua Tail|p1a: Topaz\n|-damage|p1a: Topaz|60\/100\n|-enditem|p1a: Topaz|Air Balloon\n|-damage|p2a: Haxorus|78\/100|[from] item: Life Orb\n|\n|-sideend|p2: SCARCITY25|move: Light Screen\n|upkeep\n|turn|6\n|\n|t:|1701012806\n|switch|p1a: Numby|Heatran, M|100\/100 par\n|-item|p1a: Numby|Air Balloon\n|move|p2a: Haxorus|Crunch|p1a: Numby\n|-damage|p1a: Numby|69\/100 par\n|-enditem|p1a: Numby|Air Balloon\n|-damage|p2a: Haxorus|68\/100|[from] item: Life Orb\n|\n|-sideend|p2: SCARCITY25|Reflect\n|upkeep\n|turn|7\n|\n|t:|1701012814\n|move|p2a: Haxorus|Dragon Dance|p2a: Haxorus\n|-boost|p2a: Haxorus|atk|1\n|-boost|p2a: Haxorus|spe|1\n|move|p1a: Numby|Earth Power|p2a: Haxorus\n|-damage|p2a: Haxorus|14\/100\n|\n|upkeep\n|turn|8\n|\n|t:|1701012822\n|switch|p1a: Furina|Ogerpon-Wellspring, F|100\/100\n|move|p2a: Haxorus|Aqua Tail|p1a: Furina\n|-resisted|p1a: Furina\n|-damage|p1a: Furina|78\/100\n|-damage|p2a: Haxorus|4\/100|[from] item: Life Orb\n|\n|upkeep\n|turn|9\n|\n|t:|1701012830\n|switch|p1a: Numby|Heatran, M|69\/100 par\n|move|p2a: Haxorus|Crunch|p1a: Numby\n|-damage|p1a: Numby|19\/100 par\n|-unboost|p1a: Numby|def|1\n|-damage|p2a: Haxorus|0 fnt|[from] item: Life Orb\n|faint|p2a: Haxorus\n|\n|upkeep\n|c|\u2606BeentoShira|mold breaker\n|c|\u2606BeentoShira|bruh\n|\n|t:|1701012846\n|switch|p2a: Kommo-o|Kommo-o, M|100\/100\n|-damage|p2a: Kommo-o|94\/100|[from] Stealth Rock\n|turn|10\n|j| Just B3A$T\n|\n|t:|1701012851\n|-zpower|p2a: Kommo-o\n|move|p2a: Kommo-o|Clangorous Soulblaze|p1a: Numby|[zeffect]\n|-resisted|p1a: Numby\n|-damage|p1a: Numby|0 fnt\n|faint|p1a: Numby\n|-boost|p2a: Kommo-o|atk|1\n|-boost|p2a: Kommo-o|def|1\n|-boost|p2a: Kommo-o|spa|1\n|-boost|p2a: Kommo-o|spd|1\n|-boost|p2a: Kommo-o|spe|1\n|\n|upkeep\n|\n|t:|1701012860\n|switch|p1a: owo|Dragonite, M|100\/100\n|turn|11\n|c| Just B3A$T|so like\n|\n|t:|1701012869\n|-terastallize|p1a: owo|Fairy\n|move|p2a: Kommo-o|Scale Shot|p1a: owo\n|-immune|p1a: owo\n|move|p1a: owo|Dragon Dance|p1a: owo\n|-boost|p1a: owo|atk|1\n|-boost|p1a: owo|spe|1\n|\n|upkeep\n|turn|12\n|c| Just B3A$T|i lost against edras before yo\n|c|\u2606SCARCITY25|ur not allowed to tera\n|c|\u2606BeentoShira|omfg\n|c| Just B3A$T|but im gonna use a pass\n|c|\u2606BeentoShira|i forgor\n|c|\u2606SCARCITY25|the restriction in this gyms tera\n|c|\u2606BeentoShira|gg ig then\n|c|\u2606SCARCITY25|well gg ig lol\n|inactive|SCARCITY25 has 270 seconds left.\n|-message|BeentoShira forfeited.\n|\n|win|SCARCITY25\n|l|\u2606BeentoShira\n","uploadtime":1701012907,"views":2,"p1id":"beentoshira","p2id":"scarcity25","formatid":"gen9nationaldexubers","rating":0,"private":0,"password":""}