{"id":"gen9nationaldexubers-1987274441","p1":"Yakkosalabama","p2":"TurboTurtlevgc","format":"[Gen 9] National Dex Ubers","log":"|j|\u2606Yakkosalabama\n|j|\u2606TurboTurtlevgc\n|t:|1699571997\n|gametype|singles\n|player|p1|Yakkosalabama|volo|1350\n|player|p2|TurboTurtlevgc|nanu|1450\n|teamsize|p1|6\n|teamsize|p2|6\n|gen|9\n|tier|[Gen 9] National Dex Ubers\n|rated|\n|rule|HP Percentage Mod: HP is shown in percentages\n|rule|Endless Battle Clause: Forcing endless battles is banned\n|rule|OHKO Clause: OHKO moves are banned\n|rule|Evasion Moves Clause: Evasion moves are banned\n|rule|Evasion Items Clause: Evasion items are banned\n|rule|Species Clause: Limit one of each Pok\u00e9mon\n|rule|Sleep Clause Mod: Limit one foe put to sleep\n|rule|Mega Rayquaza Clause: You cannot mega evolve Rayquaza\n|clearpoke\n|poke|p1|Groudon|\n|poke|p1|Zacian-*|\n|poke|p1|Skeledirge, M|\n|poke|p1|Necrozma-Dusk-Mane|\n|poke|p1|Ho-Oh|\n|poke|p1|Kangaskhan, F|\n|poke|p2|Deoxys-Attack|\n|poke|p2|Genesect|\n|poke|p2|Kyurem-White|\n|poke|p2|Ribombee, M|\n|poke|p2|Landorus, M|\n|poke|p2|Blastoise, M|\n|teampreview\n|inactive|Battle timer is ON: inactive players will automatically lose when time's up. (requested by Yakkosalabama)\n|c|\u2606Yakkosalabama|Hi\n|\n|t:|1699572017\n|start\n|switch|p1a: Kangaskhan|Kangaskhan, F|100\/100\n|switch|p2a: Deoxys|Deoxys-Attack, shiny|100\/100\n|-ability|p2a: Deoxys|Pressure\n|turn|1\n|\n|t:|1699572025\n|switch|p2a: Genesect|Genesect, shiny|100\/100\n|-ability|p2a: Genesect|Download|boost\n|-boost|p2a: Genesect|atk|1\n|detailschange|p1a: Kangaskhan|Kangaskhan-Mega, F\n|-mega|p1a: Kangaskhan|Kangaskhan|Kangaskhanite\n|move|p1a: Kangaskhan|Fake Out|p2a: Genesect\n|-resisted|p2a: Genesect\n|-damage|p2a: Genesect|86\/100\n|-resisted|p2a: Genesect\n|-damage|p2a: Genesect|83\/100\n|-hitcount|p2a: Genesect|2\n|\n|upkeep\n|turn|2\n|\n|t:|1699572031\n|move|p2a: Genesect|Iron Head|p1a: Kangaskhan\n|-damage|p1a: Kangaskhan|50\/100\n|move|p1a: Kangaskhan|Power-Up Punch|p2a: Genesect\n|-damage|p2a: Genesect|64\/100\n|-boost|p1a: Kangaskhan|atk|1\n|-damage|p2a: Genesect|57\/100\n|-boost|p1a: Kangaskhan|atk|1\n|-hitcount|p2a: Genesect|2\n|\n|upkeep\n|turn|3\n|\n|t:|1699572036\n|move|p2a: Genesect|Iron Head|p1a: Kangaskhan\n|-damage|p1a: Kangaskhan|2\/100\n|move|p1a: Kangaskhan|Drain Punch|p2a: Genesect\n|-damage|p2a: Genesect|0 fnt\n|-heal|p1a: Kangaskhan|25\/100|[from] drain|[of] p2a: Genesect\n|faint|p2a: Genesect\n|-hitcount|p2: Genesect|1\n|\n|upkeep\n|\n|t:|1699572043\n|switch|p2a: Ribombee|Ribombee, M, shiny|100\/100\n|turn|4\n|\n|t:|1699572046\n|move|p2a: Ribombee|Moonblast|p1a: Kangaskhan\n|-damage|p1a: Kangaskhan|0 fnt\n|faint|p1a: Kangaskhan\n|\n|upkeep\n|\n|t:|1699572049\n|switch|p1a: Necrozma|Necrozma-Dusk-Mane|100\/100\n|turn|5\n|\n|t:|1699572057\n|switch|p2a: Deoxys|Deoxys-Attack, shiny|100\/100\n|-ability|p2a: Deoxys|Pressure\n|move|p1a: Necrozma|Dragon Dance|p1a: Necrozma\n|-boost|p1a: Necrozma|atk|1\n|-boost|p1a: Necrozma|spe|1\n|\n|upkeep\n|turn|6\n|\n|t:|1699572062\n|move|p1a: Necrozma|Sunsteel Strike|p2a: Deoxys\n|-damage|p2a: Deoxys|0 fnt\n|faint|p2a: Deoxys\n|\n|upkeep\n|\n|t:|1699572068\n|switch|p2a: Blastoise|Blastoise, M, shiny|100\/100\n|turn|7\n|\n|t:|1699572071\n|detailschange|p1a: Necrozma|Necrozma-Ultra\n|-burst|p1a: Necrozma|Necrozma|Ultranecrozium Z\n|detailschange|p2a: Blastoise|Blastoise-Mega, M, shiny\n|-mega|p2a: Blastoise|Blastoise|Blastoisinite\n|move|p1a: Necrozma|Outrage|p2a: Blastoise\n|-damage|p2a: Blastoise|0 fnt\n|faint|p2a: Blastoise\n|\n|upkeep\n|\n|t:|1699572078\n|switch|p2a: Ribombee|Ribombee, M, shiny|100\/100\n|turn|8\n|\n|t:|1699572079\n|move|p1a: Necrozma|Outrage|p2a: Ribombee|[from]lockedmove\n|-immune|p2a: Ribombee\n|-start|p1a: Necrozma|confusion|[fatigue]\n|move|p2a: Ribombee|Moonblast|p1a: Necrozma\n|-supereffective|p1a: Necrozma\n|-damage|p1a: Necrozma|13\/100\n|-unboost|p1a: Necrozma|spa|1\n|\n|upkeep\n|turn|9\n|\n|t:|1699572086\n|-activate|p1a: Necrozma|confusion\n|move|p1a: Necrozma|Sunsteel Strike|p2a: Ribombee\n|-supereffective|p2a: Ribombee\n|-enditem|p2a: Ribombee|Focus Sash\n|-damage|p2a: Ribombee|1\/100\n|move|p2a: Ribombee|Moonblast|p1a: Necrozma\n|-supereffective|p1a: Necrozma\n|-damage|p1a: Necrozma|0 fnt\n|faint|p1a: Necrozma\n|\n|upkeep\n|\n|t:|1699572091\n|switch|p1a: Zacian|Zacian-Crowned|100\/100\n|-ability|p1a: Zacian|Intrepid Sword|boost\n|-boost|p1a: Zacian|atk|1\n|turn|10\n|\n|t:|1699572093\n|move|p1a: Zacian|Swords Dance|p1a: Zacian\n|-boost|p1a: Zacian|atk|2\n|move|p2a: Ribombee|Sticky Web|p1a: Zacian\n|-sidestart|p1: Yakkosalabama|move: Sticky Web\n|\n|upkeep\n|turn|11\n|\n|t:|1699572098\n|switch|p2a: Landorus|Landorus, M|100\/100\n|move|p1a: Zacian|Play Rough|p2a: Landorus\n|-crit|p2a: Landorus\n|-damage|p2a: Landorus|0 fnt\n|faint|p2a: Landorus\n|\n|upkeep\n|-message|TurboTurtlevgc forfeited.\n|\n|win|Yakkosalabama\n|raw|Yakkosalabama's rating: 1350 &rarr; <strong>1376<\/strong><br \/>(+26 for winning)\n|raw|TurboTurtlevgc's rating: 1450 &rarr; <strong>1424<\/strong><br \/>(-26 for losing)\n|l|\u2606TurboTurtlevgc\n","uploadtime":1699572105,"views":5,"p1id":"yakkosalabama","p2id":"turboturtlevgc","formatid":"gen9nationaldexubers","rating":1376,"private":0,"password":""}