{"id":"gen9nationaldexubers-1980641370","p1":"NekroDono","p2":"Ragnar_san","format":"[Gen 9] National Dex Ubers","log":"|j|\u2606NekroDono\n|j|\u2606Ragnar_san\n|t:|1698806649\n|gametype|singles\n|player|p1|NekroDono|cynthia-masters|\n|player|p2|Ragnar_san|101|\n|teamsize|p1|6\n|teamsize|p2|6\n|gen|9\n|tier|[Gen 9] National Dex Ubers\n|rule|HP Percentage Mod: HP is shown in percentages\n|rule|Endless Battle Clause: Forcing endless battles is banned\n|rule|OHKO Clause: OHKO moves are banned\n|rule|Evasion Moves Clause: Evasion moves are banned\n|rule|Evasion Items Clause: Evasion items are banned\n|rule|Species Clause: Limit one of each Pok\u00e9mon\n|rule|Sleep Clause Mod: Limit one foe put to sleep\n|rule|Mega Rayquaza Clause: You cannot mega evolve Rayquaza\n|clearpoke\n|poke|p1|Garchomp, M|\n|poke|p1|Milotic, F|\n|poke|p1|Lucario, F|\n|poke|p1|Togekiss, M|\n|poke|p1|Roserade, M|\n|poke|p1|Spiritomb, F|\n|poke|p2|Greninja-*, M|\n|poke|p2|Iron Moth|\n|poke|p2|Corviknight, F|\n|poke|p2|Rillaboom, M|\n|poke|p2|Gardevoir, F|\n|poke|p2|Zeraora|\n|teampreview\n|\n|t:|1698806666\n|start\n|switch|p1a: Lucario|Lucario, F|100\/100\n|switch|p2a: Zeraora|Zeraora|100\/100\n|turn|1\n|\n|t:|1698806684\n|switch|p1a: Garchomp|Garchomp, M|100\/100\n|move|p2a: Zeraora|Thunder Wave|p1a: Garchomp\n|-immune|p1a: Garchomp\n|\n|upkeep\n|turn|2\n|\n|t:|1698806696\n|switch|p2a: Greninja|Greninja, M|100\/100\n|move|p1a: Garchomp|Dragon Claw|p2a: Greninja\n|-damage|p2a: Greninja|42\/100\n|\n|upkeep\n|turn|3\n|\n|t:|1698806709\n|switch|p1a: Roserade|Roserade, M|100\/100\n|-terastallize|p2a: Greninja|Water\n|move|p2a: Greninja|Ice Beam|p1a: Roserade\n|-supereffective|p1a: Roserade\n|-damage|p1a: Roserade|34\/100\n|\n|-heal|p1a: Roserade|40\/100|[from] item: Leftovers\n|upkeep\n|turn|4\n|\n|t:|1698806736\n|switch|p1a: Milotic|Milotic, F|100\/100\n|move|p2a: Greninja|Ice Beam|p1a: Milotic\n|-resisted|p1a: Milotic\n|-damage|p1a: Milotic|91\/100\n|\n|-status|p1a: Milotic|brn|[from] item: Flame Orb\n|upkeep\n|turn|5\n|\n|t:|1698806749\n|switch|p2a: Zeraora|Zeraora|100\/100\n|move|p1a: Milotic|Ice Beam|p2a: Zeraora\n|-damage|p2a: Zeraora|64\/100\n|\n|-damage|p1a: Milotic|84\/100 brn|[from] brn\n|upkeep\n|turn|6\n|\n|t:|1698806758\n|switch|p1a: Garchomp|Garchomp, M|100\/100\n|move|p2a: Zeraora|Electric Terrain|p2a: Zeraora\n|-fieldstart|move: Electric Terrain\n|\n|upkeep\n|turn|7\n|\n|t:|1698806769\n|switch|p2a: Greninja|Greninja, M, tera:Water|42\/100\n|move|p1a: Garchomp|Earthquake|p2a: Greninja\n|-damage|p2a: Greninja|0 fnt\n|faint|p2a: Greninja\n|\n|upkeep\n|\n|t:|1698806776\n|switch|p2a: Iron Moth|Iron Moth|100\/100\n|-activate|p2a: Iron Moth|ability: Quark Drive\n|-start|p2a: Iron Moth|quarkdrivespa\n|turn|8\n|\n|t:|1698806788\n|move|p2a: Iron Moth|Toxic Spikes|p1a: Garchomp\n|-sidestart|p1: NekroDono|move: Toxic Spikes\n|move|p1a: Garchomp|Earthquake|p2a: Iron Moth\n|-supereffective|p2a: Iron Moth\n|-damage|p2a: Iron Moth|0 fnt\n|faint|p2a: Iron Moth\n|-end|p2a: Iron Moth|Quark Drive|[silent]\n|\n|upkeep\n|\n|t:|1698806814\n|switch|p2a: Gardevoir|Gardevoir, F|100\/100\n|turn|9\n|\n|t:|1698806826\n|switch|p1a: Roserade|Roserade, M|40\/100\n|-sideend|p1: NekroDono|move: Toxic Spikes|[of] p1a: Roserade\n|move|p2a: Gardevoir|Moonblast|p1a: Roserade\n|-resisted|p1a: Roserade\n|-damage|p1a: Roserade|0 fnt\n|faint|p1a: Roserade\n|-damage|p2a: Gardevoir|91\/100|[from] item: Life Orb\n|\n|upkeep\n|\n|t:|1698806832\n|switch|p1a: Lucario|Lucario, F|100\/100\n|turn|10\n|\n|t:|1698806837\n|switch|p2a: Zeraora|Zeraora|64\/100\n|move|p1a: Lucario|Bullet Punch|p2a: Zeraora\n|-resisted|p2a: Zeraora\n|-damage|p2a: Zeraora|46\/100\n|\n|-fieldend|move: Electric Terrain\n|upkeep\n|turn|11\n|\n|t:|1698806849\n|switch|p2a: Gardevoir|Gardevoir, F|91\/100\n|switch|p1a: Garchomp|Garchomp, M|100\/100\n|\n|upkeep\n|turn|12\n|\n|t:|1698806866\n|switch|p1a: Milotic|Milotic, F|84\/100 brn\n|move|p2a: Gardevoir|Psychic|p1a: Milotic\n|-crit|p1a: Milotic\n|-damage|p1a: Milotic|7\/100 brn\n|-damage|p2a: Gardevoir|81\/100|[from] item: Life Orb\n|\n|-damage|p1a: Milotic|1\/100 brn|[from] brn\n|upkeep\n|turn|13\n|\n|t:|1698806881\n|switch|p1a: Spiritomb|Spiritomb, F|100\/100\n|-ability|p1a: Spiritomb|Pressure\n|switch|p2a: Zeraora|Zeraora|46\/100\n|\n|upkeep\n|turn|14\n|\n|t:|1698806891\n|move|p2a: Zeraora|Thunder Wave|p1a: Spiritomb\n|-status|p1a: Spiritomb|par\n|move|p1a: Spiritomb|Will-O-Wisp|p2a: Zeraora\n|-status|p2a: Zeraora|brn\n|\n|-damage|p2a: Zeraora|40\/100 brn|[from] brn\n|upkeep\n|turn|15\n|\n|t:|1698806900\n|switch|p2a: Gardevoir|Gardevoir, F|81\/100\n|cant|p1a: Spiritomb|par\n|\n|upkeep\n|turn|16\n|\n|t:|1698806906\n|move|p2a: Gardevoir|Moonblast|p1a: Spiritomb\n|-supereffective|p1a: Spiritomb\n|-damage|p1a: Spiritomb|0 fnt\n|faint|p1a: Spiritomb\n|-damage|p2a: Gardevoir|71\/100|[from] item: Life Orb\n|\n|upkeep\n|\n|t:|1698806910\n|switch|p1a: Lucario|Lucario, F|100\/100\n|turn|17\n|\n|t:|1698806918\n|switch|p2a: Zeraora|Zeraora|40\/100 brn\n|move|p1a: Lucario|Bullet Punch|p2a: Zeraora\n|-resisted|p2a: Zeraora\n|-damage|p2a: Zeraora|22\/100 brn\n|\n|-damage|p2a: Zeraora|16\/100 brn|[from] brn\n|upkeep\n|turn|18\n|\n|t:|1698806941\n|switch|p2a: Gardevoir|Gardevoir, F|71\/100\n|move|p1a: Lucario|Bullet Punch|p2a: Gardevoir\n|-supereffective|p2a: Gardevoir\n|-damage|p2a: Gardevoir|0 fnt\n|faint|p2a: Gardevoir\n|\n|upkeep\n|\n|t:|1698806948\n|switch|p2a: Zeraora|Zeraora|16\/100 brn\n|turn|19\n|\n|t:|1698806951\n|move|p1a: Lucario|Bullet Punch|p2a: Zeraora\n|-resisted|p2a: Zeraora\n|-damage|p2a: Zeraora|0 fnt\n|faint|p2a: Zeraora\n|\n|upkeep\n|\n|t:|1698806956\n|switch|p2a: Rillaboom|Rillaboom, M|100\/100\n|-fieldstart|move: Grassy Terrain|[from] ability: Grassy Surge|[of] p2a: Rillaboom\n|turn|20\n|\n|t:|1698806967\n|switch|p1a: Garchomp|Garchomp, M|100\/100\n|move|p2a: Rillaboom|Drum Beating|p1a: Garchomp\n|-damage|p1a: Garchomp|60\/100\n|-unboost|p1a: Garchomp|spe|1\n|-damage|p2a: Rillaboom|91\/100|[from] item: Life Orb\n|\n|-heal|p2a: Rillaboom|97\/100|[from] Grassy Terrain\n|-heal|p1a: Garchomp|67\/100|[from] Grassy Terrain\n|upkeep\n|turn|21\n|\n|t:|1698806977\n|switch|p2a: Corviknight|Corviknight, F|100\/100\n|-ability|p2a: Corviknight|Pressure\n|move|p1a: Garchomp|Sandstorm|p1a: Garchomp\n|-weather|Sandstorm\n|\n|-weather|Sandstorm|[upkeep]\n|-heal|p1a: Garchomp|73\/100|[from] Grassy Terrain\n|upkeep\n|turn|22\n|\n|t:|1698806984\n|move|p2a: Corviknight|Iron Defense|p2a: Corviknight\n|-boost|p2a: Corviknight|def|2\n|move|p1a: Garchomp|Swords Dance|p1a: Garchomp\n|-boost|p1a: Garchomp|atk|2\n|\n|-weather|Sandstorm|[upkeep]\n|-heal|p1a: Garchomp|79\/100|[from] Grassy Terrain\n|upkeep\n|turn|23\n|\n|t:|1698806992\n|move|p2a: Corviknight|Body Press|p1a: Garchomp\n|-damage|p1a: Garchomp|49\/100\n|-damage|p2a: Corviknight|88\/100|[from] ability: Rough Skin|[of] p1a: Garchomp\n|-damage|p2a: Corviknight|71\/100|[from] item: Rocky Helmet|[of] p1a: Garchomp\n|move|p1a: Garchomp|Swords Dance|p1a: Garchomp\n|-boost|p1a: Garchomp|atk|2\n|\n|-weather|Sandstorm|[upkeep]\n|-heal|p2a: Corviknight|78\/100|[from] item: Leftovers\n|-heal|p1a: Garchomp|55\/100|[from] Grassy Terrain\n|upkeep\n|turn|24\n|\n|t:|1698807004\n|move|p2a: Corviknight|Iron Defense|p2a: Corviknight\n|-boost|p2a: Corviknight|def|2\n|move|p1a: Garchomp|Swords Dance|p1a: Garchomp\n|-boost|p1a: Garchomp|atk|2\n|\n|-weather|Sandstorm|[upkeep]\n|-heal|p2a: Corviknight|84\/100|[from] item: Leftovers\n|-heal|p1a: Garchomp|61\/100|[from] Grassy Terrain\n|-fieldend|move: Grassy Terrain\n|upkeep\n|turn|25\n|\n|t:|1698807013\n|move|p2a: Corviknight|Iron Defense|p2a: Corviknight\n|-boost|p2a: Corviknight|def|2\n|move|p1a: Garchomp|Dragon Claw|p2a: Corviknight\n|-resisted|p2a: Corviknight\n|-damage|p2a: Corviknight|72\/100\n|\n|-weather|none\n|-heal|p2a: Corviknight|78\/100|[from] item: Leftovers\n|upkeep\n|turn|26\n|\n|t:|1698807021\n|move|p2a: Corviknight|Body Press|p1a: Garchomp\n|-damage|p1a: Garchomp|2\/100\n|-damage|p2a: Corviknight|66\/100|[from] ability: Rough Skin|[of] p1a: Garchomp\n|-damage|p2a: Corviknight|49\/100|[from] item: Rocky Helmet|[of] p1a: Garchomp\n|move|p1a: Garchomp|Sandstorm|p1a: Garchomp\n|-weather|Sandstorm\n|\n|-weather|Sandstorm|[upkeep]\n|-heal|p2a: Corviknight|56\/100|[from] item: Leftovers\n|upkeep\n|turn|27\n|\n|t:|1698807031\n|move|p2a: Corviknight|Body Press|p1a: Garchomp\n|-damage|p1a: Garchomp|0 fnt\n|-damage|p2a: Corviknight|43\/100|[from] ability: Rough Skin|[of] p1a: Garchomp\n|-damage|p2a: Corviknight|26\/100|[from] item: Rocky Helmet|[of] p1a: Garchomp\n|faint|p1a: Garchomp\n|\n|-weather|Sandstorm|[upkeep]\n|-heal|p2a: Corviknight|33\/100|[from] item: Leftovers\n|upkeep\n|\n|t:|1698807034\n|switch|p1a: Milotic|Milotic, F|1\/100 brn\n|turn|28\n|\n|t:|1698807046\n|move|p1a: Milotic|Ice Beam|p2a: Corviknight\n|-damage|p2a: Corviknight|9\/100\n|move|p2a: Corviknight|Roost|p2a: Corviknight\n|-heal|p2a: Corviknight|59\/100\n|-singleturn|p2a: Corviknight|move: Roost\n|\n|-weather|Sandstorm|[upkeep]\n|-damage|p1a: Milotic|0 fnt|[from] Sandstorm\n|faint|p1a: Milotic\n|-heal|p2a: Corviknight|65\/100|[from] item: Leftovers\n|upkeep\n|\n|t:|1698807050\n|switch|p1a: Lucario|Lucario, F|100\/100\n|turn|29\n|\n|t:|1698807057\n|move|p1a: Lucario|Stone Edge|p2a: Corviknight\n|-damage|p2a: Corviknight|57\/100\n|move|p2a: Corviknight|Body Press|p1a: Lucario\n|-supereffective|p1a: Lucario\n|-damage|p1a: Lucario|0 fnt\n|faint|p1a: Lucario\n|\n|-weather|Sandstorm|[upkeep]\n|-heal|p2a: Corviknight|63\/100|[from] item: Leftovers\n|upkeep\n|\n|t:|1698807061\n|switch|p1a: Togekiss|Togekiss, M|100\/100\n|turn|30\n|\n|t:|1698807068\n|move|p1a: Togekiss|Dazzling Gleam|p2a: Corviknight\n|-resisted|p2a: Corviknight\n|-damage|p2a: Corviknight|45\/100\n|move|p2a: Corviknight|Body Press|p1a: Togekiss\n|-resisted|p1a: Togekiss\n|-damage|p1a: Togekiss|71\/100\n|\n|-weather|none\n|-heal|p1a: Togekiss|77\/100|[from] item: Leftovers\n|-heal|p2a: Corviknight|51\/100|[from] item: Leftovers\n|upkeep\n|turn|31\n|\n|t:|1698807102\n|move|p1a: Togekiss|Thunder Wave|p2a: Corviknight\n|-status|p2a: Corviknight|par\n|move|p2a: Corviknight|Roost|p2a: Corviknight\n|-heal|p2a: Corviknight|100\/100 par\n|-singleturn|p2a: Corviknight|move: Roost\n|\n|-heal|p1a: Togekiss|83\/100|[from] item: Leftovers\n|upkeep\n|turn|32\n|\n|t:|1698807110\n|move|p1a: Togekiss|Air Slash|p2a: Corviknight\n|-resisted|p2a: Corviknight\n|-damage|p2a: Corviknight|81\/100 par\n|cant|p2a: Corviknight|flinch\n|\n|-heal|p1a: Togekiss|89\/100|[from] item: Leftovers\n|-heal|p2a: Corviknight|87\/100 par|[from] item: Leftovers\n|upkeep\n|turn|33\n|\n|t:|1698807125\n|move|p1a: Togekiss|Air Slash|p2a: Corviknight\n|-resisted|p2a: Corviknight\n|-damage|p2a: Corviknight|69\/100 par\n|cant|p2a: Corviknight|flinch\n|\n|-heal|p1a: Togekiss|95\/100|[from] item: Leftovers\n|-heal|p2a: Corviknight|75\/100 par|[from] item: Leftovers\n|upkeep\n|turn|34\n|\n|t:|1698807133\n|move|p1a: Togekiss|Air Slash|p2a: Corviknight\n|-resisted|p2a: Corviknight\n|-damage|p2a: Corviknight|58\/100 par\n|move|p2a: Corviknight|Defog|p1a: Togekiss\n|-unboost|p1a: Togekiss|evasion|1\n|\n|-heal|p1a: Togekiss|100\/100|[from] item: Leftovers\n|-heal|p2a: Corviknight|64\/100 par|[from] item: Leftovers\n|upkeep\n|turn|35\n|\n|t:|1698807142\n|move|p1a: Togekiss|Air Slash|p2a: Corviknight\n|-resisted|p2a: Corviknight\n|-damage|p2a: Corviknight|45\/100 par\n|move|p2a: Corviknight|Body Press|p1a: Togekiss\n|-resisted|p1a: Togekiss\n|-damage|p1a: Togekiss|75\/100\n|\n|-heal|p1a: Togekiss|82\/100|[from] item: Leftovers\n|-heal|p2a: Corviknight|51\/100 par|[from] item: Leftovers\n|upkeep\n|turn|36\n|\n|t:|1698807150\n|move|p1a: Togekiss|Air Slash|p2a: Corviknight\n|-resisted|p2a: Corviknight\n|-damage|p2a: Corviknight|35\/100 par\n|cant|p2a: Corviknight|flinch\n|\n|-heal|p1a: Togekiss|88\/100|[from] item: Leftovers\n|-heal|p2a: Corviknight|41\/100 par|[from] item: Leftovers\n|upkeep\n|turn|37\n|\n|t:|1698807157\n|move|p1a: Togekiss|Air Slash|p2a: Corviknight\n|-resisted|p2a: Corviknight\n|-damage|p2a: Corviknight|23\/100 par\n|cant|p2a: Corviknight|flinch\n|\n|-heal|p1a: Togekiss|94\/100|[from] item: Leftovers\n|-heal|p2a: Corviknight|29\/100 par|[from] item: Leftovers\n|upkeep\n|turn|38\n|\n|t:|1698807164\n|move|p1a: Togekiss|Air Slash|p2a: Corviknight\n|-resisted|p2a: Corviknight\n|-damage|p2a: Corviknight|10\/100 par\n|cant|p2a: Corviknight|flinch\n|\n|-heal|p1a: Togekiss|99\/100|[from] item: Leftovers\n|-heal|p2a: Corviknight|17\/100 par|[from] item: Leftovers\n|upkeep\n|turn|39\n|\n|t:|1698807172\n|move|p1a: Togekiss|Air Slash|p2a: Corviknight\n|-resisted|p2a: Corviknight\n|-damage|p2a: Corviknight|0 fnt\n|faint|p2a: Corviknight\n|\n|-heal|p1a: Togekiss|100\/100|[from] item: Leftovers\n|upkeep\n|\n|t:|1698807178\n|switch|p2a: Rillaboom|Rillaboom, M|97\/100\n|-fieldstart|move: Grassy Terrain|[from] ability: Grassy Surge|[of] p2a: Rillaboom\n|turn|40\n|\n|t:|1698807184\n|move|p2a: Rillaboom|Grassy Glide|p1a: Togekiss\n|-resisted|p1a: Togekiss\n|-damage|p1a: Togekiss|75\/100\n|-damage|p2a: Rillaboom|87\/100|[from] item: Life Orb\n|move|p1a: Togekiss|Air Slash|p2a: Rillaboom|[miss]\n|-miss|p1a: Togekiss|p2a: Rillaboom\n|\n|-heal|p1a: Togekiss|82\/100|[from] item: Leftovers\n|-heal|p2a: Rillaboom|93\/100|[from] Grassy Terrain\n|upkeep\n|turn|41\n|\n|t:|1698807193\n|move|p1a: Togekiss|Roost|p1a: Togekiss\n|-heal|p1a: Togekiss|100\/100\n|-singleturn|p1a: Togekiss|move: Roost\n|move|p2a: Rillaboom|Leech Seed|p1a: Togekiss\n|-start|p1a: Togekiss|move: Leech Seed\n|\n|-heal|p2a: Rillaboom|99\/100|[from] Grassy Terrain\n|-damage|p1a: Togekiss|88\/100|[from] Leech Seed|[of] p2a: Rillaboom\n|-heal|p2a: Rillaboom|100\/100|[silent]\n|upkeep\n|turn|42\n|\n|t:|1698807202\n|move|p1a: Togekiss|Air Slash|p2a: Rillaboom\n|-supereffective|p2a: Rillaboom\n|-damage|p2a: Rillaboom|11\/100\n|cant|p2a: Rillaboom|flinch\n|\n|-heal|p1a: Togekiss|94\/100|[from] item: Leftovers\n|-heal|p2a: Rillaboom|18\/100|[from] Grassy Terrain\n|-damage|p1a: Togekiss|82\/100|[from] Leech Seed|[of] p2a: Rillaboom\n|-heal|p2a: Rillaboom|27\/100|[silent]\n|upkeep\n|turn|43\n|\n|t:|1698807212\n|move|p2a: Rillaboom|Grassy Glide|p1a: Togekiss\n|-resisted|p1a: Togekiss\n|-damage|p1a: Togekiss|56\/100\n|-damage|p2a: Rillaboom|17\/100|[from] item: Life Orb\n|move|p1a: Togekiss|Air Slash|p2a: Rillaboom\n|-supereffective|p2a: Rillaboom\n|-damage|p2a: Rillaboom|0 fnt\n|faint|p2a: Rillaboom\n|\n|win|NekroDono\n","uploadtime":1698807233,"views":8,"p1id":"nekrodono","p2id":"ragnarsan","formatid":"gen9nationaldexubers","rating":0,"private":0,"password":""}