{"id":"gen9nationaldexubers-1999633548","p1":"NotGlitchXD","p2":"ItzNotGhost_DD","format":"[Gen 9] National Dex Ubers","log":"|j|\u2606NotGlitchXD\n|j|\u2606ItzNotGhost_DD\n|t:|1701103076\n|gametype|singles\n|player|p1|NotGlitchXD|backpackerf|\n|player|p2|ItzNotGhost_DD|cynthia-gen4|\n|teamsize|p1|6\n|teamsize|p2|6\n|gen|9\n|tier|[Gen 9] National Dex Ubers\n|rule|HP Percentage Mod: HP is shown in percentages\n|rule|Endless Battle Clause: Forcing endless battles is banned\n|rule|OHKO Clause: OHKO moves are banned\n|rule|Evasion Moves Clause: Evasion moves are banned\n|rule|Evasion Items Clause: Evasion items are banned\n|rule|Species Clause: Limit one of each Pok\u00e9mon\n|rule|Sleep Clause Mod: Limit one foe put to sleep\n|rule|Mega Rayquaza Clause: You cannot mega evolve Rayquaza\n|clearpoke\n|poke|p1|Arceus-Ice|\n|poke|p1|Basculegion, M|\n|poke|p1|Gallade, M|\n|poke|p1|Rillaboom, F|\n|poke|p1|Cloyster, M|\n|poke|p1|Ditto|\n|poke|p2|Zacian-*|\n|poke|p2|Dragonite, M|\n|poke|p2|Eternatus|\n|poke|p2|Weavile, M|\n|poke|p2|Electrode-Hisui|\n|poke|p2|Swampert, M|\n|teampreview\n|c|\u2606NotGlitchXD|FINALLY\n|c|\u2606NotGlitchXD|READY\n|c|\u2606NotGlitchXD|SWEEP TOME\n|inactive|Battle timer is ON: inactive players will automatically lose when time's up. (requested by NotGlitchXD)\n|c|\u2606ItzNotGhost_DD|learn soelling\n|c|\u2606NotGlitchXD|Ok\n|c|\u2606ItzNotGhost_DD|spelling\n|c|\u2606NotGlitchXD|We'll see\n|c|\u2606NotGlitchXD|U dont teach me\n|c|\u2606ItzNotGhost_DD|k\n|c|\u2606NotGlitchXD|What's spelling\n|inactive|ItzNotGhost_DD has 270 seconds left.\n|c|\u2606NotGlitchXD|Spelling\n|c|\u2606NotGlitchXD|S o e lling\n|c|\u2606NotGlitchXD|What's that da\n|c|\u2606ItzNotGhost_DD|my bed\n|c|\u2606NotGlitchXD|Ok\n|inactive|ItzNotGhost_DD has 240 seconds left.\n|c|\u2606NotGlitchXD|Play\n|c|\u2606ItzNotGhost_DD|oh my bed\n|c|\u2606NotGlitchXD|Ok\n|c|\u2606NotGlitchXD|Ure bad\n|c|\u2606ItzNotGhost_DD|network issue\n|c|\u2606NotGlitchXD|Gandu\n|c|\u2606NotGlitchXD|Come da\n|inactive|ItzNotGhost_DD has 210 seconds left.\n|c|\u2606ItzNotGhost_DD|not hapaning\n|c|\u2606NotGlitchXD|Choose one kokemon\n|c|\u2606ItzNotGhost_DD|kokemon XD\n|inactive|ItzNotGhost_DD has 180 seconds left.\n|c|\u2606NotGlitchXD|Click on zacian\n|c|\u2606ItzNotGhost_DD|zack\n|c|\u2606NotGlitchXD|Yeah\n|c|\u2606ItzNotGhost_DD|not hapaning\n|inactive|ItzNotGhost_DD has 150 seconds left.\n|c|\u2606NotGlitchXD|Refresh\n|c|\u2606ItzNotGhost_DD|did\n|c|\u2606NotGlitchXD|Please ma\n|c|\u2606NotGlitchXD|Play\n|c|\u2606NotGlitchXD|I'm bored\n|c|\u2606ItzNotGhost_DD|network issue baya\n|inactive|ItzNotGhost_DD has 120 seconds left.\n|c|\u2606NotGlitchXD|U go die\n|c|\u2606ItzNotGhost_DD|ooo i have to click\n|c|\u2606NotGlitchXD|Scared\n|c|\u2606NotGlitchXD|Yeah\n|c|\u2606ItzNotGhost_DD|forgot\n|\n|t:|1701103298\n|start\n|switch|p1a: ForgottenTwin|Ditto|100\/100\n|switch|p2a: Zacian|Zacian-Crowned|100\/100\n|-ability|p2a: Zacian|Intrepid Sword|boost\n|-boost|p2a: Zacian|atk|1\n|-transform|p1a: ForgottenTwin|p2a: Zacian|[from] ability: Imposter\n|-ability|p1a: ForgottenTwin|Intrepid Sword|boost\n|-boost|p1a: ForgottenTwin|atk|1\n|turn|1\n|c|\u2606NotGlitchXD|Oh\n|c|\u2606NotGlitchXD|What happened\n|\n|t:|1701103315\n|move|p1a: ForgottenTwin|Behemoth Blade|p2a: Zacian\n|-damage|p2a: Zacian|0 fnt\n|faint|p2a: Zacian\n|\n|upkeep\n|c|\u2606ItzNotGhost_DD|oii\n|c|\u2606NotGlitchXD|Oi\n|c|\u2606NotGlitchXD|What\n|c|\u2606ItzNotGhost_DD|ime to sweep\n|inactive|ItzNotGhost_DD has 150 seconds left.\n|\n|t:|1701103336\n|switch|p2a: Swampert|Swampert, M|100\/100\n|turn|2\n|\n|t:|1701103341\n|detailschange|p2a: Swampert|Swampert-Mega, M\n|-mega|p2a: Swampert|Swampert|Swampertite\n|move|p1a: ForgottenTwin|Behemoth Blade|p2a: Swampert\n|-resisted|p2a: Swampert\n|-damage|p2a: Swampert|49\/100\n|move|p2a: Swampert|Earthquake|p1a: ForgottenTwin\n|-supereffective|p1a: ForgottenTwin\n|-damage|p1a: ForgottenTwin|0 fnt\n|faint|p1a: ForgottenTwin\n|\n|upkeep\n|c|\u2606ItzNotGhost_DD|oi\n|\n|t:|1701103354\n|switch|p1a: Sigma|Rillaboom, F|100\/100\n|-fieldstart|move: Grassy Terrain|[from] ability: Grassy Surge|[of] p1a: Sigma\n|turn|3\n|\n|t:|1701103363\n|switch|p2a: Eternatus|Eternatus|100\/100\n|-ability|p2a: Eternatus|Pressure\n|move|p1a: Sigma|Knock Off|p2a: Eternatus\n|-damage|p2a: Eternatus|82\/100\n|\n|-heal|p2a: Eternatus|88\/100|[from] Grassy Terrain\n|upkeep\n|turn|4\n|\n|t:|1701103378\n|move|p2a: Eternatus|Dynamax Cannon|p1a: Sigma\n|-damage|p1a: Sigma|32\/100\n|move|p1a: Sigma|Swords Dance|p1a: Sigma\n|-boost|p1a: Sigma|atk|2\n|\n|-heal|p2a: Eternatus|94\/100|[from] Grassy Terrain\n|-heal|p1a: Sigma|38\/100|[from] Grassy Terrain\n|-heal|p1a: Sigma|45\/100|[from] item: Leftovers\n|upkeep\n|turn|5\n|c|\u2606ItzNotGhost_DD|sigma itseems\n|c|\u2606ItzNotGhost_DD|looks like u only\n|\n|t:|1701103395\n|move|p2a: Eternatus|Dynamax Cannon|p1a: Sigma\n|-damage|p1a: Sigma|0 fnt\n|faint|p1a: Sigma\n|\n|-heal|p2a: Eternatus|99\/100|[from] Grassy Terrain\n|upkeep\n|\n|t:|1701103401\n|switch|p1a: Cloyster|Cloyster, M|100\/100\n|turn|6\n|\n|t:|1701103421\n|switch|p2a: Electrode|Electrode-Hisui|100\/100\n|move|p1a: Cloyster|Shell Smash|p1a: Cloyster\n|-unboost|p1a: Cloyster|def|1\n|-unboost|p1a: Cloyster|spd|1\n|-boost|p1a: Cloyster|atk|2\n|-boost|p1a: Cloyster|spa|2\n|-boost|p1a: Cloyster|spe|2\n|-enditem|p1a: Cloyster|White Herb\n|-clearnegativeboost|p1a: Cloyster|[silent]\n|\n|upkeep\n|turn|7\n|c|\u2606NotGlitchXD|Gg ma\n|\n|t:|1701103439\n|move|p1a: Cloyster|Icicle Spear|p2a: Electrode\n|-supereffective|p2a: Electrode\n|-damage|p2a: Electrode|22\/100\n|-supereffective|p2a: Electrode\n|-damage|p2a: Electrode|0 fnt\n|faint|p2a: Electrode\n|-hitcount|p2: Electrode|2\n|\n|-fieldend|move: Grassy Terrain\n|upkeep\n|\n|t:|1701103448\n|switch|p2a: Weavile|Weavile, M|100\/100\n|-ability|p2a: Weavile|Pressure\n|turn|8\n|\n|t:|1701103457\n|move|p2a: Weavile|Ice Shard|p1a: Cloyster\n|-resisted|p1a: Cloyster\n|-damage|p1a: Cloyster|94\/100\n|move|p1a: Cloyster|Drill Run|p2a: Weavile\n|-crit|p2a: Weavile\n|-damage|p2a: Weavile|0 fnt\n|faint|p2a: Weavile\n|\n|upkeep\n|\n|t:|1701103465\n|switch|p2a: Eternatus|Eternatus|99\/100\n|-ability|p2a: Eternatus|Pressure\n|turn|9\n|\n|t:|1701103471\n|move|p1a: Cloyster|Icicle Spear|p2a: Eternatus\n|-supereffective|p2a: Eternatus\n|-damage|p2a: Eternatus|59\/100\n|-supereffective|p2a: Eternatus\n|-damage|p2a: Eternatus|20\/100\n|-supereffective|p2a: Eternatus\n|-damage|p2a: Eternatus|0 fnt\n|faint|p2a: Eternatus\n|-hitcount|p2: Eternatus|3\n|\n|upkeep\n|c|\u2606ItzNotGhost_DD|???\n|c|\u2606NotGlitchXD|Gg\n|c|\u2606NotGlitchXD|Told u\n|c|\u2606ItzNotGhost_DD|i played good\n|inactive|ItzNotGhost_DD has 150 seconds left.\n|c|\u2606NotGlitchXD|I soloed u\n|\n|t:|1701103506\n|switch|p2a: Swampert|Swampert-Mega, M|49\/100\n|turn|10\n|\n|t:|1701103511\n|move|p1a: Cloyster|Drill Run|p2a: Swampert\n|-damage|p2a: Swampert|6\/100\n|move|p2a: Swampert|Earthquake|p1a: Cloyster\n|-crit|p1a: Cloyster\n|-damage|p1a: Cloyster|18\/100\n|\n|upkeep\n|turn|11\n|\n|t:|1701103526\n|switch|p2a: Dragonite|Dragonite, M|100\/100\n|move|p1a: Cloyster|Drill Run|p2a: Dragonite\n|-immune|p2a: Dragonite\n|\n|upkeep\n|turn|12\n|\n|t:|1701103534\n|move|p2a: Dragonite|Extreme Speed|p1a: Cloyster\n|-damage|p1a: Cloyster|0 fnt\n|faint|p1a: Cloyster\n|\n|upkeep\n|c|\u2606NotGlitchXD|Oooooooooooooooooooooo\n|c|\u2606NotGlitchXD|Eman\n|\n|t:|1701103548\n|switch|p1a: God|Arceus-Ice|100\/100\n|turn|13\n|\n|t:|1701103557\n|-terastallize|p2a: Dragonite|Normal\n|-zpower|p1a: God\n|move|p1a: God|Subzero Slammer|p2a: Dragonite|[zeffect]\n|-damage|p2a: Dragonite|57\/100\n|move|p2a: Dragonite|Earthquake|p1a: God\n|-damage|p1a: God|72\/100\n|\n|upkeep\n|turn|14\n|\n|t:|1701103571\n|move|p1a: God|Calm Mind|p1a: God\n|-boost|p1a: God|spa|1\n|-boost|p1a: God|spd|1\n|move|p2a: Dragonite|Dragon Dance|p2a: Dragonite\n|-boost|p2a: Dragonite|atk|1\n|-boost|p2a: Dragonite|spe|1\n|\n|upkeep\n|turn|15\n|\n|t:|1701103580\n|move|p2a: Dragonite|Extreme Speed|p1a: God\n|-damage|p1a: God|25\/100\n|move|p1a: God|Fire Blast|p2a: Dragonite\n|-damage|p2a: Dragonite|6\/100\n|-status|p2a: Dragonite|brn\n|\n|-damage|p2a: Dragonite|0 fnt|[from] brn\n|faint|p2a: Dragonite\n|upkeep\n|c|\u2606ItzNotGhost_DD|nooooooooo\n|\n|t:|1701103594\n|switch|p2a: Swampert|Swampert-Mega, M|6\/100\n|turn|16\n|c|\u2606NotGlitchXD|Lol\n|\n|t:|1701103606\n|move|p1a: God|Ice Beam|p2a: Swampert\n|-damage|p2a: Swampert|0 fnt\n|faint|p2a: Swampert\n|\n|win|NotGlitchXD\n|c|\u2606ItzNotGhost_DD|i played good\n|l|\u2606NotGlitchXD\n|j|\u2606NotGlitchXD\n|player|p1|NotGlitchXD|backpackerf\n|c|\u2606NotGlitchXD|Play\n|c|\u2606ItzNotGhost_DD|cheating\n|c|\u2606NotGlitchXD|Again\n|l|\u2606ItzNotGhost_DD\n","uploadtime":1701103737,"views":1,"p1id":"notglitchxd","p2id":"itznotghostdd","formatid":"gen9nationaldexubers","rating":0,"private":0,"password":""}