{"id":"gen9nationaldexubers-1996884008","p1":"VVizard_Monkey","p2":"SyntaxError614","format":"[Gen 9] National Dex Ubers","log":"|j|\u2606VVizard_Monkey\n|j|\u2606SyntaxError614\n|t:|1700740058\n|gametype|singles\n|player|p1|VVizard_Monkey|brycenman|1202\n|player|p2|SyntaxError614|proton|1164\n|teamsize|p1|6\n|teamsize|p2|6\n|gen|9\n|tier|[Gen 9] National Dex Ubers\n|rated|\n|rule|HP Percentage Mod: HP is shown in percentages\n|rule|Endless Battle Clause: Forcing endless battles is banned\n|rule|OHKO Clause: OHKO moves are banned\n|rule|Evasion Moves Clause: Evasion moves are banned\n|rule|Evasion Items Clause: Evasion items are banned\n|rule|Species Clause: Limit one of each Pok\u00e9mon\n|rule|Sleep Clause Mod: Limit one foe put to sleep\n|rule|Mega Rayquaza Clause: You cannot mega evolve Rayquaza\n|clearpoke\n|poke|p1|Empoleon, F|\n|poke|p1|Gliscor, M|\n|poke|p1|Lopunny, M|\n|poke|p1|Darkrai|\n|poke|p1|Dudunsparce-*, F|\n|poke|p1|Rotom-Heat|\n|poke|p2|Deoxys-Speed|\n|poke|p2|Blastoise, F|\n|poke|p2|Ferrothorn, F|\n|poke|p2|Greninja-*, F|\n|poke|p2|Darmanitan-Galar, F|\n|poke|p2|Kingambit, F|\n|teampreview\n|\n|t:|1700740078\n|start\n|switch|p1a: Lopunny|Lopunny, M|100\/100\n|switch|p2a: Deoxys|Deoxys-Speed|100\/100\n|-ability|p2a: Deoxys|Pressure\n|turn|1\n|\n|t:|1700740082\n|detailschange|p1a: Lopunny|Lopunny-Mega, M\n|-mega|p1a: Lopunny|Lopunny|Lopunnite\n|move|p1a: Lopunny|Fake Out|p2a: Deoxys\n|-damage|p2a: Deoxys|75\/100\n|cant|p2a: Deoxys|flinch\n|\n|upkeep\n|turn|2\n|\n|t:|1700740096\n|move|p2a: Deoxys|Stealth Rock|p1a: Lopunny\n|-sidestart|p1: VVizard_Monkey|move: Stealth Rock\n|move|p1a: Lopunny|U-turn|p2a: Deoxys\n|-supereffective|p2a: Deoxys\n|-damage|p2a: Deoxys|9\/100\n|\n|t:|1700740117\n|switch|p1a: Gliscor|Gliscor, M|100\/100|[from] U-turn\n|-damage|p1a: Gliscor|88\/100|[from] Stealth Rock\n|\n|-status|p1a: Gliscor|tox|[from] item: Toxic Orb\n|upkeep\n|turn|3\n|\n|t:|1700740130\n|move|p2a: Deoxys|Skill Swap|p1a: Gliscor\n|-activate|p2a: Deoxys|move: Skill Swap|Poison Heal|Pressure|[of] p1a: Gliscor\n|-ability|p1a: Gliscor|Pressure\n|move|p1a: Gliscor|U-turn|p2a: Deoxys\n|-supereffective|p2a: Deoxys\n|-damage|p2a: Deoxys|0 fnt\n|faint|p2a: Deoxys\n|\n|t:|1700740146\n|switch|p1a: Darkrai|Darkrai|100\/100|[from] U-turn\n|\n|upkeep\n|\n|t:|1700740150\n|switch|p2a: Blastoise|Blastoise, F|100\/100\n|turn|4\n|\n|t:|1700740155\n|-terastallize|p1a: Darkrai|Dark\n|move|p1a: Darkrai|Dark Pulse|p2a: Blastoise\n|-damage|p2a: Blastoise|43\/100\n|move|p2a: Blastoise|Shell Smash|p2a: Blastoise\n|-unboost|p2a: Blastoise|def|1\n|-unboost|p2a: Blastoise|spd|1\n|-boost|p2a: Blastoise|atk|2\n|-boost|p2a: Blastoise|spa|2\n|-boost|p2a: Blastoise|spe|2\n|\n|upkeep\n|turn|5\n|\n|t:|1700740165\n|switch|p1a: Empoleon|Empoleon, F|100\/100\n|-damage|p1a: Empoleon|94\/100|[from] Stealth Rock\n|detailschange|p2a: Blastoise|Blastoise-Mega, F\n|-mega|p2a: Blastoise|Blastoise|Blastoisinite\n|move|p2a: Blastoise|Aura Sphere|p1a: Empoleon\n|-supereffective|p1a: Empoleon\n|-damage|p1a: Empoleon|0 fnt\n|faint|p1a: Empoleon\n|\n|upkeep\n|\n|t:|1700740169\n|switch|p1a: Lopunny|Lopunny-Mega, M|100\/100\n|-damage|p1a: Lopunny|95\/100|[from] Stealth Rock\n|turn|6\n|\n|t:|1700740174\n|move|p1a: Lopunny|Fake Out|p2a: Blastoise\n|-damage|p2a: Blastoise|15\/100\n|cant|p2a: Blastoise|flinch\n|\n|upkeep\n|turn|7\n|\n|t:|1700740185\n|switch|p1a: Rotom|Rotom-Heat|100\/100\n|-damage|p1a: Rotom|76\/100|[from] Stealth Rock\n|move|p2a: Blastoise|Aura Sphere|p1a: Rotom\n|-damage|p1a: Rotom|0 fnt\n|faint|p1a: Rotom\n|\n|upkeep\n|\n|t:|1700740188\n|switch|p1a: Lopunny|Lopunny-Mega, M|95\/100\n|-damage|p1a: Lopunny|89\/100|[from] Stealth Rock\n|turn|8\n|\n|t:|1700740200\n|move|p1a: Lopunny|Fake Out|p2a: Blastoise\n|-damage|p2a: Blastoise|0 fnt\n|faint|p2a: Blastoise\n|\n|upkeep\n|\n|t:|1700740207\n|switch|p2a: Greninja|Greninja, F|100\/100\n|turn|9\n|\n|t:|1700740214\n|move|p2a: Greninja|Gunk Shot|p1a: Lopunny\n|-start|p2a: Greninja|typechange|Poison|[from] ability: Protean\n|-damage|p1a: Lopunny|22\/100\n|move|p1a: Lopunny|Close Combat|p2a: Greninja\n|-resisted|p2a: Greninja\n|-damage|p2a: Greninja|44\/100\n|-unboost|p1a: Lopunny|def|1\n|-unboost|p1a: Lopunny|spd|1\n|\n|upkeep\n|turn|10\n|\n|t:|1700740227\n|switch|p1a: Gliscor|Gliscor, M|88\/100 tox\n|-damage|p1a: Gliscor|76\/100 tox|[from] Stealth Rock\n|move|p2a: Greninja|Gunk Shot|p1a: Gliscor\n|-resisted|p1a: Gliscor\n|-damage|p1a: Gliscor|62\/100 tox\n|\n|-heal|p1a: Gliscor|74\/100 tox|[from] ability: Poison Heal\n|upkeep\n|turn|11\n|\n|t:|1700740230\n|switch|p2a: Ferrothorn|Ferrothorn, F|100\/100\n|move|p1a: Gliscor|Spikes|p2a: Ferrothorn\n|-sidestart|p2: SyntaxError614|Spikes\n|\n|-heal|p1a: Gliscor|87\/100 tox|[from] ability: Poison Heal\n|upkeep\n|turn|12\n|\n|t:|1700740238\n|move|p1a: Gliscor|Spikes|p2a: Ferrothorn\n|-sidestart|p2: SyntaxError614|Spikes\n|move|p2a: Ferrothorn|Gyro Ball|p1a: Gliscor\n|-damage|p1a: Gliscor|64\/100 tox\n|\n|-heal|p1a: Gliscor|76\/100 tox|[from] ability: Poison Heal\n|upkeep\n|turn|13\n|\n|t:|1700740244\n|move|p1a: Gliscor|Spikes|p2a: Ferrothorn\n|-sidestart|p2: SyntaxError614|Spikes\n|move|p2a: Ferrothorn|Leech Seed|p1a: Gliscor|[miss]\n|-miss|p2a: Ferrothorn|p1a: Gliscor\n|\n|-heal|p1a: Gliscor|89\/100 tox|[from] ability: Poison Heal\n|upkeep\n|turn|14\n|\n|t:|1700740251\n|move|p1a: Gliscor|Knock Off|p2a: Ferrothorn\n|-damage|p2a: Ferrothorn|82\/100\n|-damage|p1a: Gliscor|76\/100 tox|[from] ability: Iron Barbs|[of] p2a: Ferrothorn\n|-enditem|p2a: Ferrothorn|Leftovers|[from] move: Knock Off|[of] p1a: Gliscor\n|move|p2a: Ferrothorn|Leech Seed|p1a: Gliscor\n|-start|p1a: Gliscor|move: Leech Seed\n|\n|-damage|p1a: Gliscor|64\/100 tox|[from] Leech Seed|[of] p2a: Ferrothorn\n|-heal|p2a: Ferrothorn|97\/100|[silent]\n|-heal|p1a: Gliscor|76\/100 tox|[from] ability: Poison Heal\n|upkeep\n|turn|15\n|\n|t:|1700740263\n|switch|p1a: Dudunsparce|Dudunsparce-Three-Segment, F|100\/100\n|-damage|p1a: Dudunsparce|88\/100|[from] Stealth Rock\n|move|p2a: Ferrothorn|Substitute|p2a: Ferrothorn\n|-start|p2a: Ferrothorn|Substitute\n|-damage|p2a: Ferrothorn|73\/100\n|\n|upkeep\n|turn|16\n|\n|t:|1700740269\n|move|p1a: Dudunsparce|Glare||[still]\n|-fail|p1a: Dudunsparce\n|move|p2a: Ferrothorn|Thunder Wave|p1a: Dudunsparce\n|-status|p1a: Dudunsparce|par\n|\n|upkeep\n|turn|17\n|\n|t:|1700740272\n|cant|p1a: Dudunsparce|par\n|move|p2a: Ferrothorn|Leech Seed|p1a: Dudunsparce\n|-start|p1a: Dudunsparce|move: Leech Seed\n|\n|-damage|p1a: Dudunsparce|76\/100 par|[from] Leech Seed|[of] p2a: Ferrothorn\n|-heal|p2a: Ferrothorn|89\/100|[silent]\n|upkeep\n|turn|18\n|\n|t:|1700740276\n|move|p1a: Dudunsparce|Shadow Ball|p2a: Ferrothorn\n|-activate|p2a: Ferrothorn|move: Substitute|[damage]\n|move|p2a: Ferrothorn|Gyro Ball|p1a: Dudunsparce\n|-damage|p1a: Dudunsparce|66\/100 par\n|-damage|p2a: Ferrothorn|73\/100|[from] item: Rocky Helmet|[of] p1a: Dudunsparce\n|\n|-damage|p1a: Dudunsparce|53\/100 par|[from] Leech Seed|[of] p2a: Ferrothorn\n|-heal|p2a: Ferrothorn|89\/100|[silent]\n|upkeep\n|turn|19\n|j| C0ld as Ice\n|\n|t:|1700740285\n|cant|p1a: Dudunsparce|par\n|move|p2a: Ferrothorn|Gyro Ball|p1a: Dudunsparce\n|-damage|p1a: Dudunsparce|44\/100 par\n|-damage|p2a: Ferrothorn|73\/100|[from] item: Rocky Helmet|[of] p1a: Dudunsparce\n|\n|-damage|p1a: Dudunsparce|32\/100 par|[from] Leech Seed|[of] p2a: Ferrothorn\n|-heal|p2a: Ferrothorn|89\/100|[silent]\n|upkeep\n|turn|20\n|\n|t:|1700740289\n|switch|p1a: Gliscor|Gliscor, M|76\/100 tox\n|-damage|p1a: Gliscor|64\/100 tox|[from] Stealth Rock\n|move|p2a: Ferrothorn|Gyro Ball|p1a: Gliscor\n|-damage|p1a: Gliscor|38\/100 tox\n|\n|-heal|p1a: Gliscor|50\/100 tox|[from] ability: Poison Heal\n|upkeep\n|turn|21\n|\n|t:|1700740292\n|move|p1a: Gliscor|Roost|p1a: Gliscor\n|-heal|p1a: Gliscor|99\/100 tox\n|-singleturn|p1a: Gliscor|move: Roost\n|move|p2a: Ferrothorn|Leech Seed|p1a: Gliscor|[miss]\n|-miss|p2a: Ferrothorn|p1a: Gliscor\n|\n|-heal|p1a: Gliscor|100\/100 tox|[from] ability: Poison Heal\n|upkeep\n|turn|22\n|\n|t:|1700740296\n|move|p1a: Gliscor|U-turn|p2a: Ferrothorn\n|-crit|p2a: Ferrothorn\n|-end|p2a: Ferrothorn|Substitute\n|\n|t:|1700740299\n|switch|p1a: Lopunny|Lopunny-Mega, M|22\/100|[from] U-turn\n|-damage|p1a: Lopunny|16\/100|[from] Stealth Rock\n|move|p2a: Ferrothorn|Leech Seed|p1a: Lopunny\n|-start|p1a: Lopunny|move: Leech Seed\n|\n|-damage|p1a: Lopunny|4\/100|[from] Leech Seed|[of] p2a: Ferrothorn\n|-heal|p2a: Ferrothorn|100\/100|[silent]\n|upkeep\n|turn|23\n|\n|t:|1700740306\n|move|p1a: Lopunny|Close Combat|p2a: Ferrothorn\n|-supereffective|p2a: Ferrothorn\n|-damage|p2a: Ferrothorn|0 fnt\n|-unboost|p1a: Lopunny|def|1\n|-unboost|p1a: Lopunny|spd|1\n|-damage|p1a: Lopunny|0 fnt|[from] ability: Iron Barbs|[of] p2a: Ferrothorn\n|faint|p2a: Ferrothorn\n|faint|p1a: Lopunny\n|\n|upkeep\n|\n|t:|1700740322\n|switch|p1a: Gliscor|Gliscor, M|100\/100 tox\n|switch|p2a: Darmanitan|Darmanitan-Galar, F|100\/100\n|-damage|p2a: Darmanitan|76\/100|[from] Spikes\n|-damage|p1a: Gliscor|88\/100 tox|[from] Stealth Rock\n|turn|24\n|\n|t:|1700740333\n|switch|p1a: Dudunsparce|Dudunsparce-Three-Segment, F|32\/100 par\n|-damage|p1a: Dudunsparce|20\/100 par|[from] Stealth Rock\n|-terastallize|p2a: Darmanitan|Ice\n|move|p2a: Darmanitan|Icicle Crash|p1a: Dudunsparce|[miss]\n|-miss|p2a: Darmanitan|p1a: Dudunsparce\n|\n|upkeep\n|turn|25\n|\n|t:|1700740337\n|move|p2a: Darmanitan|Icicle Crash|p1a: Dudunsparce\n|-damage|p1a: Dudunsparce|0 fnt\n|faint|p1a: Dudunsparce\n|\n|upkeep\n|\n|t:|1700740339\n|switch|p1a: Darkrai|Darkrai, tera:Dark|100\/100\n|turn|26\n|\n|t:|1700740342\n|move|p2a: Darmanitan|Icicle Crash|p1a: Darkrai\n|-damage|p1a: Darkrai|0 fnt\n|faint|p1a: Darkrai\n|\n|upkeep\n|-message|VVizard_Monkey forfeited.\n|\n|win|SyntaxError614\n|raw|VVizard_Monkey's rating: 1202 &rarr; <strong>1174<\/strong><br \/>(-28 for losing)\n|raw|SyntaxError614's rating: 1164 &rarr; <strong>1192<\/strong><br \/>(+28 for winning)\n|l|\u2606VVizard_Monkey\n","uploadtime":1700740351,"views":0,"p1id":"vvizardmonkey","p2id":"syntaxerror614","formatid":"gen9nationaldexubers","rating":1174,"private":0,"password":""}