{"id":"gen9nationaldexubers-1989029681","p1":"daywrwy","p2":"WEGWWSgs","format":"[Gen 9] National Dex Ubers","log":"|j|\u2606daywrwy\n|j|\u2606WEGWWSgs\n|t:|1699804189\n|gametype|singles\n|player|p1|daywrwy|169|1060\n|player|p2|WEGWWSgs|cheren|1000\n|teamsize|p1|6\n|teamsize|p2|6\n|gen|9\n|tier|[Gen 9] National Dex Ubers\n|rated|\n|rule|HP Percentage Mod: HP is shown in percentages\n|rule|Endless Battle Clause: Forcing endless battles is banned\n|rule|OHKO Clause: OHKO moves are banned\n|rule|Evasion Moves Clause: Evasion moves are banned\n|rule|Evasion Items Clause: Evasion items are banned\n|rule|Species Clause: Limit one of each Pok\u00e9mon\n|rule|Sleep Clause Mod: Limit one foe put to sleep\n|rule|Mega Rayquaza Clause: You cannot mega evolve Rayquaza\n|clearpoke\n|poke|p1|Arceus|\n|poke|p1|Pikachu, F|\n|poke|p1|Veluza, M|\n|poke|p1|Solgaleo|\n|poke|p1|Mimikyu, M|\n|poke|p1|Incineroar, F|\n|poke|p2|Galvantula, F|\n|poke|p2|Wo-Chien|\n|poke|p2|Lugia|\n|poke|p2|Ogerpon-Hearthflame, F|\n|poke|p2|Cyclizar, M|\n|poke|p2|Landorus-Therian, M|\n|teampreview\n|inactive|Battle timer is ON: inactive players will automatically lose when time's up. (requested by WEGWWSgs)\n|\n|t:|1699804194\n|start\n|switch|p1a: Arceus|Arceus|100\/100\n|switch|p2a: Galvantula|Galvantula, F|100\/100\n|turn|1\n|\n|t:|1699804202\n|-terastallize|p1a: Arceus|Normal\n|move|p1a: Arceus|Extreme Speed|p2a: Galvantula\n|-enditem|p2a: Galvantula|Focus Sash\n|-damage|p2a: Galvantula|1\/100\n|move|p2a: Galvantula|Sticky Web|p1a: Arceus\n|-sidestart|p1: daywrwy|move: Sticky Web\n|\n|upkeep\n|turn|2\n|\n|t:|1699804211\n|move|p1a: Arceus|Extreme Speed|p2a: Galvantula\n|-damage|p2a: Galvantula|0 fnt\n|faint|p2a: Galvantula\n|\n|upkeep\n|\n|t:|1699804215\n|switch|p2a: Landorus|Landorus-Therian, M|100\/100\n|-ability|p2a: Landorus|Intimidate|boost\n|-unboost|p1a: Arceus|atk|1\n|turn|3\n|\n|t:|1699804220\n|move|p1a: Arceus|Extreme Speed|p2a: Landorus\n|-damage|p2a: Landorus|38\/100\n|move|p2a: Landorus|Toxic|p1a: Arceus\n|-status|p1a: Arceus|tox\n|\n|-heal|p2a: Landorus|44\/100|[from] item: Leftovers\n|-damage|p1a: Arceus|94\/100 tox|[from] psn\n|upkeep\n|turn|4\n|\n|t:|1699804230\n|switch|p2a: Cyclizar|Cyclizar, M|100\/100\n|move|p1a: Arceus|Extreme Speed|p2a: Cyclizar\n|-damage|p2a: Cyclizar|0 fnt\n|faint|p2a: Cyclizar\n|\n|-damage|p1a: Arceus|82\/100 tox|[from] psn\n|upkeep\n|\n|t:|1699804236\n|switch|p2a: Landorus|Landorus-Therian, M|44\/100\n|-ability|p2a: Landorus|Intimidate|boost\n|-unboost|p1a: Arceus|atk|1\n|turn|5\n|\n|t:|1699804242\n|move|p1a: Arceus|Extreme Speed|p2a: Landorus\n|-damage|p2a: Landorus|0 fnt\n|faint|p2a: Landorus\n|\n|-damage|p1a: Arceus|64\/100 tox|[from] psn\n|upkeep\n|\n|t:|1699804249\n|switch|p2a: Mighty Wall|Wo-Chien|100\/100\n|-ability|p2a: Mighty Wall|Tablets of Ruin\n|turn|6\n|\n|t:|1699804253\n|move|p1a: Arceus|Extreme Speed|p2a: Mighty Wall\n|-damage|p2a: Mighty Wall|73\/100\n|move|p2a: Mighty Wall|Substitute|p2a: Mighty Wall\n|-start|p2a: Mighty Wall|Substitute\n|-damage|p2a: Mighty Wall|48\/100\n|\n|-heal|p2a: Mighty Wall|55\/100|[from] item: Leftovers\n|-damage|p1a: Arceus|40\/100 tox|[from] psn\n|upkeep\n|turn|7\n|\n|t:|1699804264\n|move|p2a: Mighty Wall|Protect|p2a: Mighty Wall\n|-singleturn|p2a: Mighty Wall|Protect\n|move|p1a: Arceus|Extreme Speed|p2a: Mighty Wall\n|-activate|p2a: Mighty Wall|move: Protect\n|\n|-heal|p2a: Mighty Wall|61\/100|[from] item: Leftovers\n|-damage|p1a: Arceus|9\/100 tox|[from] psn\n|upkeep\n|turn|8\n|\n|t:|1699804273\n|move|p1a: Arceus|Extreme Speed|p2a: Mighty Wall\n|-end|p2a: Mighty Wall|Substitute\n|move|p2a: Mighty Wall|Substitute|p2a: Mighty Wall\n|-start|p2a: Mighty Wall|Substitute\n|-damage|p2a: Mighty Wall|36\/100\n|\n|-heal|p2a: Mighty Wall|42\/100|[from] item: Leftovers\n|-damage|p1a: Arceus|0 fnt|[from] psn\n|faint|p1a: Arceus\n|upkeep\n|\n|t:|1699804286\n|switch|p1a: Solgaleo|Solgaleo|100\/100\n|-activate|p1a: Solgaleo|move: Sticky Web\n|-fail|p1a: Solgaleo|unboost|[from] ability: Full Metal Body|[of] p1a: Solgaleo\n|turn|9\n|\n|t:|1699804293\n|move|p1a: Solgaleo|Flamethrower|p2a: Mighty Wall\n|-supereffective|p2a: Mighty Wall\n|-end|p2a: Mighty Wall|Substitute\n|move|p2a: Mighty Wall|Leech Seed|p1a: Solgaleo|[miss]\n|-miss|p2a: Mighty Wall|p1a: Solgaleo\n|\n|-heal|p2a: Mighty Wall|48\/100|[from] item: Leftovers\n|upkeep\n|turn|10\n|\n|t:|1699804302\n|-terastallize|p2a: Mighty Wall|Water\n|move|p1a: Solgaleo|Flamethrower|p2a: Mighty Wall\n|-resisted|p2a: Mighty Wall\n|-damage|p2a: Mighty Wall|40\/100\n|move|p2a: Mighty Wall|Leech Seed|p1a: Solgaleo\n|-start|p1a: Solgaleo|move: Leech Seed\n|\n|-heal|p2a: Mighty Wall|46\/100|[from] item: Leftovers\n|-damage|p1a: Solgaleo|88\/100|[from] Leech Seed|[of] p2a: Mighty Wall\n|-heal|p2a: Mighty Wall|62\/100|[silent]\n|upkeep\n|turn|11\n|\n|t:|1699804314\n|move|p1a: Solgaleo|Thunderbolt|p2a: Mighty Wall\n|-supereffective|p2a: Mighty Wall\n|-damage|p2a: Mighty Wall|29\/100\n|-status|p2a: Mighty Wall|par\n|move|p2a: Mighty Wall|Substitute|p2a: Mighty Wall\n|-start|p2a: Mighty Wall|Substitute\n|-damage|p2a: Mighty Wall|4\/100 par\n|\n|-heal|p2a: Mighty Wall|10\/100 par|[from] item: Leftovers\n|-damage|p1a: Solgaleo|76\/100|[from] Leech Seed|[of] p2a: Mighty Wall\n|-heal|p2a: Mighty Wall|26\/100 par|[silent]\n|upkeep\n|turn|12\n|\n|t:|1699804325\n|move|p2a: Mighty Wall|Protect|p2a: Mighty Wall\n|-singleturn|p2a: Mighty Wall|Protect\n|move|p1a: Solgaleo|Thunderbolt|p2a: Mighty Wall\n|-activate|p2a: Mighty Wall|move: Protect\n|\n|-heal|p2a: Mighty Wall|32\/100 par|[from] item: Leftovers\n|-damage|p1a: Solgaleo|63\/100|[from] Leech Seed|[of] p2a: Mighty Wall\n|-heal|p2a: Mighty Wall|48\/100 par|[silent]\n|upkeep\n|turn|13\n|\n|t:|1699804335\n|move|p1a: Solgaleo|Thunderbolt|p2a: Mighty Wall\n|-supereffective|p2a: Mighty Wall\n|-end|p2a: Mighty Wall|Substitute\n|move|p2a: Mighty Wall|Substitute|p2a: Mighty Wall\n|-start|p2a: Mighty Wall|Substitute\n|-damage|p2a: Mighty Wall|23\/100 par\n|\n|-heal|p2a: Mighty Wall|29\/100 par|[from] item: Leftovers\n|-damage|p1a: Solgaleo|51\/100|[from] Leech Seed|[of] p2a: Mighty Wall\n|-heal|p2a: Mighty Wall|45\/100 par|[silent]\n|upkeep\n|turn|14\n|\n|t:|1699804345\n|move|p2a: Mighty Wall|Protect|p2a: Mighty Wall\n|-singleturn|p2a: Mighty Wall|Protect\n|move|p1a: Solgaleo|Thunderbolt|p2a: Mighty Wall\n|-activate|p2a: Mighty Wall|move: Protect\n|\n|-heal|p2a: Mighty Wall|51\/100 par|[from] item: Leftovers\n|-damage|p1a: Solgaleo|39\/100|[from] Leech Seed|[of] p2a: Mighty Wall\n|-heal|p2a: Mighty Wall|67\/100 par|[silent]\n|upkeep\n|turn|15\n|\n|t:|1699804355\n|move|p1a: Solgaleo|Thunderbolt|p2a: Mighty Wall\n|-supereffective|p2a: Mighty Wall\n|-end|p2a: Mighty Wall|Substitute\n|move|p2a: Mighty Wall|Knock Off|p1a: Solgaleo\n|-supereffective|p1a: Solgaleo\n|-damage|p1a: Solgaleo|12\/100\n|\n|-heal|p2a: Mighty Wall|73\/100 par|[from] item: Leftovers\n|-damage|p1a: Solgaleo|0 fnt|[from] Leech Seed|[of] p2a: Mighty Wall\n|-heal|p2a: Mighty Wall|88\/100 par|[silent]\n|faint|p1a: Solgaleo\n|upkeep\n|\n|t:|1699804366\n|switch|p1a: Pikachu|Pikachu, F|100\/100\n|-activate|p1a: Pikachu|move: Sticky Web\n|-unboost|p1a: Pikachu|spe|1\n|turn|16\n|\n|t:|1699804372\n|-zpower|p1a: Pikachu\n|move|p1a: Pikachu|Catastropika|p2a: Mighty Wall|[zeffect]\n|-supereffective|p2a: Mighty Wall\n|-damage|p2a: Mighty Wall|7\/100 par\n|cant|p2a: Mighty Wall|par\n|\n|-heal|p2a: Mighty Wall|13\/100 par|[from] item: Leftovers\n|upkeep\n|turn|17\n|\n|t:|1699804384\n|move|p2a: Mighty Wall|Protect|p2a: Mighty Wall\n|-singleturn|p2a: Mighty Wall|Protect\n|move|p1a: Pikachu|Discharge|p2a: Mighty Wall\n|-activate|p2a: Mighty Wall|move: Protect\n|\n|-heal|p2a: Mighty Wall|19\/100 par|[from] item: Leftovers\n|upkeep\n|turn|18\n|\n|t:|1699804393\n|move|p1a: Pikachu|Discharge|p2a: Mighty Wall\n|-supereffective|p2a: Mighty Wall\n|-damage|p2a: Mighty Wall|1\/100 par\n|move|p2a: Mighty Wall|Leech Seed|p1a: Pikachu\n|-start|p1a: Pikachu|move: Leech Seed\n|\n|-heal|p2a: Mighty Wall|7\/100 par|[from] item: Leftovers\n|-damage|p1a: Pikachu|88\/100|[from] Leech Seed|[of] p2a: Mighty Wall\n|-heal|p2a: Mighty Wall|14\/100 par|[silent]\n|upkeep\n|turn|19\n|\n|t:|1699804403\n|move|p2a: Mighty Wall|Protect|p2a: Mighty Wall\n|-singleturn|p2a: Mighty Wall|Protect\n|move|p1a: Pikachu|Discharge|p2a: Mighty Wall\n|-activate|p2a: Mighty Wall|move: Protect\n|\n|-heal|p2a: Mighty Wall|21\/100 par|[from] item: Leftovers\n|-damage|p1a: Pikachu|76\/100|[from] Leech Seed|[of] p2a: Mighty Wall\n|-heal|p2a: Mighty Wall|28\/100 par|[silent]\n|upkeep\n|turn|20\n|\n|t:|1699804417\n|move|p1a: Pikachu|Discharge|p2a: Mighty Wall\n|-supereffective|p2a: Mighty Wall\n|-damage|p2a: Mighty Wall|8\/100 par\n|move|p2a: Mighty Wall|Knock Off|p1a: Pikachu\n|-damage|p1a: Pikachu|9\/100\n|\n|-heal|p2a: Mighty Wall|14\/100 par|[from] item: Leftovers\n|-damage|p1a: Pikachu|0 fnt|[from] Leech Seed|[of] p2a: Mighty Wall\n|-heal|p2a: Mighty Wall|19\/100 par|[silent]\n|faint|p1a: Pikachu\n|upkeep\n|\n|t:|1699804430\n|switch|p1a: Mimikyu|Mimikyu, M|100\/100\n|-activate|p1a: Mimikyu|move: Sticky Web\n|-unboost|p1a: Mimikyu|spe|1\n|turn|21\n|\n|t:|1699804438\n|move|p1a: Mimikyu|Shadow Claw|p2a: Mighty Wall\n|-damage|p2a: Mighty Wall|2\/100 par\n|move|p2a: Mighty Wall|Leech Seed|p1a: Mimikyu\n|-start|p1a: Mimikyu|move: Leech Seed\n|\n|-heal|p2a: Mighty Wall|8\/100 par|[from] item: Leftovers\n|-damage|p1a: Mimikyu|88\/100|[from] Leech Seed|[of] p2a: Mighty Wall\n|-heal|p2a: Mighty Wall|16\/100 par|[silent]\n|upkeep\n|turn|22\n|\n|t:|1699804447\n|move|p1a: Mimikyu|Shadow Claw|p2a: Mighty Wall\n|-damage|p2a: Mighty Wall|0 fnt\n|faint|p2a: Mighty Wall\n|\n|upkeep\n|\n|t:|1699804451\n|switch|p2a: Ogerpon|Ogerpon-Hearthflame, F|100\/100\n|-ability|p2a: Ogerpon|Mold Breaker\n|turn|23\n|\n|t:|1699804457\n|move|p2a: Ogerpon|Spiky Shield|p2a: Ogerpon\n|-singleturn|p2a: Ogerpon|move: Protect\n|move|p1a: Mimikyu|Play Rough|p2a: Ogerpon\n|-activate|p2a: Ogerpon|move: Protect\n|-damage|p1a: Mimikyu|76\/100|[from] Spiky Shield|[of] p2a: Ogerpon\n|\n|-damage|p1a: Mimikyu|63\/100|[from] Leech Seed|[of] p2a: Ogerpon\n|upkeep\n|turn|24\n|\n|t:|1699804467\n|move|p2a: Ogerpon|Swords Dance|p2a: Ogerpon\n|-boost|p2a: Ogerpon|atk|2\n|move|p1a: Mimikyu|Destiny Bond|p1a: Mimikyu\n|-singlemove|p1a: Mimikyu|Destiny Bond\n|\n|-damage|p1a: Mimikyu|51\/100|[from] Leech Seed|[of] p2a: Ogerpon\n|upkeep\n|turn|25\n|\n|t:|1699804478\n|move|p2a: Ogerpon|Spiky Shield|p2a: Ogerpon\n|-singleturn|p2a: Ogerpon|move: Protect\n|move|p1a: Mimikyu|Play Rough|p2a: Ogerpon\n|-activate|p2a: Ogerpon|move: Protect\n|-damage|p1a: Mimikyu|39\/100|[from] Spiky Shield|[of] p2a: Ogerpon\n|\n|-damage|p1a: Mimikyu|26\/100|[from] Leech Seed|[of] p2a: Ogerpon\n|upkeep\n|turn|26\n|\n|t:|1699804488\n|move|p2a: Ogerpon|Horn Leech|p1a: Mimikyu\n|-damage|p1a: Mimikyu|0 fnt\n|faint|p1a: Mimikyu\n|\n|upkeep\n|\n|t:|1699804496\n|switch|p1a: Veluza|Veluza, M|100\/100\n|-activate|p1a: Veluza|move: Sticky Web\n|-unboost|p1a: Veluza|spe|1\n|turn|27\n|\n|t:|1699804504\n|move|p2a: Ogerpon|Horn Leech|p1a: Veluza\n|-supereffective|p1a: Veluza\n|-enditem|p1a: Veluza|Focus Sash\n|-damage|p1a: Veluza|1\/100\n|move|p1a: Veluza|Aqua Cutter|p2a: Ogerpon\n|-damage|p2a: Ogerpon|31\/100\n|\n|upkeep\n|turn|28\n|\n|t:|1699804515\n|move|p2a: Ogerpon|Spiky Shield|p2a: Ogerpon\n|-singleturn|p2a: Ogerpon|move: Protect\n|move|p1a: Veluza|Aqua Cutter|p2a: Ogerpon\n|-activate|p2a: Ogerpon|move: Protect\n|\n|upkeep\n|turn|29\n|\n|t:|1699804524\n|move|p2a: Ogerpon|Horn Leech|p1a: Veluza\n|-supereffective|p1a: Veluza\n|-damage|p1a: Veluza|0 fnt\n|-heal|p2a: Ogerpon|32\/100|[from] drain|[of] p1a: Veluza\n|faint|p1a: Veluza\n|\n|upkeep\n|\n|t:|1699804531\n|switch|p1a: Incineroar|Incineroar, F|100\/100\n|-activate|p1a: Incineroar|move: Sticky Web\n|-unboost|p1a: Incineroar|spe|1\n|-ability|p1a: Incineroar|Intimidate|boost\n|-unboost|p2a: Ogerpon|atk|1\n|turn|30\n|\n|t:|1699804542\n|move|p2a: Ogerpon|Spiky Shield|p2a: Ogerpon\n|-singleturn|p2a: Ogerpon|move: Protect\n|move|p1a: Incineroar|Darkest Lariat|p2a: Ogerpon\n|-activate|p2a: Ogerpon|move: Protect\n|-damage|p1a: Incineroar|88\/100|[from] Spiky Shield|[of] p2a: Ogerpon\n|\n|upkeep\n|turn|31\n|\n|t:|1699804553\n|move|p2a: Ogerpon|Ivy Cudgel|p1a: Incineroar\n|-resisted|p1a: Incineroar\n|-damage|p1a: Incineroar|48\/100\n|move|p1a: Incineroar|Darkest Lariat|p2a: Ogerpon\n|-damage|p2a: Ogerpon|0 fnt\n|faint|p2a: Ogerpon\n|\n|upkeep\n|\n|t:|1699804556\n|switch|p2a: Lugia|Lugia|100\/100\n|turn|32\n|\n|t:|1699804566\n|move|p2a: Lugia|Protect|p2a: Lugia\n|-singleturn|p2a: Lugia|Protect\n|move|p1a: Incineroar|Darkest Lariat|p2a: Lugia\n|-activate|p2a: Lugia|move: Protect\n|\n|upkeep\n|turn|33\n|\n|t:|1699804573\n|move|p2a: Lugia|Toxic|p1a: Incineroar\n|-status|p1a: Incineroar|tox\n|move|p1a: Incineroar|Darkest Lariat|p2a: Lugia\n|-supereffective|p2a: Lugia\n|-damage|p2a: Lugia|77\/100\n|\n|-heal|p2a: Lugia|83\/100|[from] item: Leftovers\n|-damage|p1a: Incineroar|42\/100 tox|[from] psn\n|upkeep\n|turn|34\n|\n|t:|1699804588\n|move|p2a: Lugia|Protect|p2a: Lugia\n|-singleturn|p2a: Lugia|Protect\n|move|p1a: Incineroar|Darkest Lariat|p2a: Lugia\n|-activate|p2a: Lugia|move: Protect\n|\n|-heal|p2a: Lugia|89\/100|[from] item: Leftovers\n|-damage|p1a: Incineroar|29\/100 tox|[from] psn\n|upkeep\n|turn|35\n|\n|t:|1699804600\n|move|p2a: Lugia|Substitute|p2a: Lugia\n|-start|p2a: Lugia|Substitute\n|-damage|p2a: Lugia|64\/100\n|move|p1a: Incineroar|Low Kick|p2a: Lugia\n|-resisted|p2a: Lugia\n|-activate|p2a: Lugia|move: Substitute|[damage]\n|\n|-heal|p2a: Lugia|70\/100|[from] item: Leftovers\n|-damage|p1a: Incineroar|11\/100 tox|[from] psn\n|upkeep\n|turn|36\n|\n|t:|1699804610\n|move|p2a: Lugia|Protect|p2a: Lugia\n|-singleturn|p2a: Lugia|Protect\n|move|p1a: Incineroar|Darkest Lariat|p2a: Lugia\n|-activate|p2a: Lugia|move: Protect\n|\n|-heal|p2a: Lugia|76\/100|[from] item: Leftovers\n|-damage|p1a: Incineroar|0 fnt|[from] psn\n|faint|p1a: Incineroar\n|\n|win|WEGWWSgs\n|upkeep\n|raw|daywrwy's rating: 1060 &rarr; <strong>1038<\/strong><br \/>(-22 for losing)\n|raw|WEGWWSgs's rating: 1000 &rarr; <strong>1047<\/strong><br \/>(+47 for winning)\n|l|\u2606daywrwy\n","uploadtime":1699804622,"views":13,"p1id":"daywrwy","p2id":"wegwwsgs","formatid":"gen9nationaldexubers","rating":1038,"private":0,"password":""}