{"id":"gen9nationaldexubers-1987357234","p1":"Rhyfinn sr.","p2":"85792195wwww","format":"[Gen 9] National Dex Ubers","log":"|j|\u2606Rhyfinn sr.\n|j|\u260685792195wwww\n|t:|1699581319\n|gametype|singles\n|player|p1|Rhyfinn sr.|alder|1372\n|player|p2|85792195wwww|mira|1506\n|teamsize|p1|6\n|teamsize|p2|6\n|gen|9\n|tier|[Gen 9] National Dex Ubers\n|rated|\n|rule|HP Percentage Mod: HP is shown in percentages\n|rule|Endless Battle Clause: Forcing endless battles is banned\n|rule|OHKO Clause: OHKO moves are banned\n|rule|Evasion Moves Clause: Evasion moves are banned\n|rule|Evasion Items Clause: Evasion items are banned\n|rule|Species Clause: Limit one of each Pok\u00e9mon\n|rule|Sleep Clause Mod: Limit one foe put to sleep\n|rule|Mega Rayquaza Clause: You cannot mega evolve Rayquaza\n|clearpoke\n|poke|p1|Groudon|\n|poke|p1|Xerneas-*|\n|poke|p1|Marshadow|\n|poke|p1|Necrozma-Dusk-Mane|\n|poke|p1|Deoxys-Speed|\n|poke|p1|Rayquaza|\n|poke|p2|Kyurem-Black|\n|poke|p2|Krookodile, M|\n|poke|p2|Gholdengo|\n|poke|p2|Groudon|\n|poke|p2|Arceus-Ground|\n|poke|p2|Ribombee, M|\n|teampreview\n|inactive|Battle timer is ON: inactive players will automatically lose when time's up. (requested by Rhyfinn sr.)\n|\n|t:|1699581326\n|start\n|switch|p1a: Deoxys|Deoxys-Speed|100\/100\n|switch|p2a: Krookodile|Krookodile, M|100\/100\n|-ability|p1a: Deoxys|Pressure\n|-ability|p2a: Krookodile|Intimidate|boost\n|-unboost|p1a: Deoxys|atk|1\n|turn|1\n|\n|t:|1699581335\n|move|p1a: Deoxys|Stealth Rock|p2a: Krookodile\n|-sidestart|p2: 85792195wwww|move: Stealth Rock\n|move|p2a: Krookodile|Bulldoze|p1a: Deoxys\n|-damage|p1a: Deoxys|67\/100\n|-unboost|p1a: Deoxys|spe|1\n|\n|upkeep\n|turn|2\n|\n|t:|1699581342\n|move|p1a: Deoxys|Taunt|p2a: Krookodile\n|-start|p2a: Krookodile|move: Taunt\n|cant|p2a: Krookodile|move: Taunt|Stealth Rock\n|\n|upkeep\n|turn|3\n|\n|t:|1699581352\n|switch|p2a: Ribombee|Ribombee, M|100\/100\n|-damage|p2a: Ribombee|76\/100|[from] Stealth Rock\n|move|p1a: Deoxys|Spikes|p2a: Ribombee\n|-sidestart|p2: 85792195wwww|Spikes\n|\n|upkeep\n|turn|4\n|\n|t:|1699581359\n|move|p1a: Deoxys|Magic Coat|p1a: Deoxys\n|-singleturn|p1a: Deoxys|move: Magic Coat\n|move|p2a: Ribombee|Sticky Web|p1a: Deoxys\n|move|p1a: Deoxys|Sticky Web|p2a: Ribombee|[from]Magic Coat\n|-sidestart|p2: 85792195wwww|move: Sticky Web\n|\n|upkeep\n|turn|5\n|\n|t:|1699581375\n|move|p2a: Ribombee|Defog|p1a: Deoxys\n|-unboost|p1a: Deoxys|evasion|1\n|-sideend|p2: 85792195wwww|Spikes|[from] move: Defog|[of] p2a: Ribombee\n|-sideend|p2: 85792195wwww|Stealth Rock|[from] move: Defog|[of] p2a: Ribombee\n|-sideend|p2: 85792195wwww|Sticky Web|[from] move: Defog|[of] p2a: Ribombee\n|move|p1a: Deoxys|Taunt|p2a: Ribombee\n|-start|p2a: Ribombee|move: Taunt\n|\n|upkeep\n|turn|6\n|\n|t:|1699581384\n|switch|p2a: Krookodile|Krookodile, M|100\/100\n|-ability|p2a: Krookodile|Intimidate|boost\n|-unboost|p1a: Deoxys|atk|1\n|move|p1a: Deoxys|Stealth Rock|p2a: Krookodile\n|-sidestart|p2: 85792195wwww|move: Stealth Rock\n|\n|upkeep\n|turn|7\n|\n|t:|1699581393\n|move|p1a: Deoxys|Taunt|p2a: Krookodile\n|-start|p2a: Krookodile|move: Taunt\n|move|p2a: Krookodile|Bulldoze|p1a: Deoxys\n|-damage|p1a: Deoxys|32\/100\n|-unboost|p1a: Deoxys|spe|1\n|\n|upkeep\n|turn|8\n|\n|t:|1699581403\n|switch|p2a: Ribombee|Ribombee, M|76\/100\n|-damage|p2a: Ribombee|51\/100|[from] Stealth Rock\n|move|p1a: Deoxys|Magic Coat|p1a: Deoxys\n|-singleturn|p1a: Deoxys|move: Magic Coat\n|\n|upkeep\n|turn|9\n|\n|t:|1699581419\n|move|p2a: Ribombee|Defog|p1a: Deoxys\n|-unboost|p1a: Deoxys|evasion|1\n|-sideend|p2: 85792195wwww|Stealth Rock|[from] move: Defog|[of] p2a: Ribombee\n|move|p1a: Deoxys|Taunt|p2a: Ribombee\n|-start|p2a: Ribombee|move: Taunt\n|\n|upkeep\n|turn|10\n|\n|t:|1699581426\n|move|p2a: Ribombee|Moonblast|p1a: Deoxys\n|-damage|p1a: Deoxys|0 fnt\n|faint|p1a: Deoxys\n|\n|upkeep\n|\n|t:|1699581442\n|switch|p1a: Necrozma|Necrozma-Dusk-Mane, shiny|100\/100\n|turn|11\n|\n|t:|1699581447\n|switch|p2a: Krookodile|Krookodile, M|100\/100\n|-ability|p2a: Krookodile|Intimidate|boost\n|-unboost|p1a: Necrozma|atk|1\n|move|p1a: Necrozma|Dragon Dance|p1a: Necrozma\n|-boost|p1a: Necrozma|atk|1\n|-boost|p1a: Necrozma|spe|1\n|\n|upkeep\n|turn|12\n|\n|t:|1699581456\n|move|p1a: Necrozma|Dragon Dance|p1a: Necrozma\n|-boost|p1a: Necrozma|atk|1\n|-boost|p1a: Necrozma|spe|1\n|move|p2a: Krookodile|Bulldoze|p1a: Necrozma\n|-supereffective|p1a: Necrozma\n|-damage|p1a: Necrozma|63\/100\n|-unboost|p1a: Necrozma|spe|1\n|\n|upkeep\n|turn|13\n|\n|t:|1699581467\n|move|p1a: Necrozma|Sunsteel Strike|p2a: Krookodile\n|-enditem|p2a: Krookodile|Focus Sash\n|-damage|p2a: Krookodile|1\/100\n|move|p2a: Krookodile|Bulldoze|p1a: Necrozma\n|-supereffective|p1a: Necrozma\n|-damage|p1a: Necrozma|28\/100\n|-unboost|p1a: Necrozma|spe|1\n|\n|upkeep\n|turn|14\n|\n|t:|1699581481\n|move|p2a: Krookodile|Stealth Rock|p1a: Necrozma\n|-sidestart|p1: Rhyfinn sr.|move: Stealth Rock\n|move|p1a: Necrozma|Sunsteel Strike|p2a: Krookodile\n|-damage|p2a: Krookodile|0 fnt\n|faint|p2a: Krookodile\n|\n|upkeep\n|\n|t:|1699581503\n|switch|p2a: Arceus|Arceus-Ground|100\/100\n|turn|15\n|\n|t:|1699581513\n|detailschange|p1a: Necrozma|Necrozma-Ultra, shiny\n|-burst|p1a: Necrozma|Necrozma|Ultranecrozium Z\n|move|p1a: Necrozma|Photon Geyser|p2a: Arceus\n|-damage|p2a: Arceus|30\/100\n|move|p2a: Arceus|Earthquake|p1a: Necrozma\n|-damage|p1a: Necrozma|0 fnt\n|faint|p1a: Necrozma\n|\n|upkeep\n|\n|t:|1699581527\n|switch|p1a: Rayquaza|Rayquaza|100\/100\n|-damage|p1a: Rayquaza|76\/100|[from] Stealth Rock\n|-ability|p1a: Rayquaza|Air Lock\n|turn|16\n|\n|t:|1699581533\n|move|p1a: Rayquaza|Dragon Ascent|p2a: Arceus\n|-damage|p2a: Arceus|0 fnt\n|-unboost|p1a: Rayquaza|def|1\n|-unboost|p1a: Rayquaza|spd|1\n|faint|p2a: Arceus\n|\n|upkeep\n|\n|t:|1699581544\n|switch|p2a: Kyurem|Kyurem-Black|100\/100\n|-ability|p2a: Kyurem|Teravolt\n|turn|17\n|\n|t:|1699581561\n|switch|p1a: Groudon|Groudon, shiny|100\/100\n|-damage|p1a: Groudon|94\/100|[from] Stealth Rock\n|detailschange|p1a: Groudon|Groudon-Primal, shiny\n|-primal|p1a: Groudon|Red Orb\n|-weather|DesolateLand|[from] ability: Desolate Land|[of] p1a: Groudon\n|move|p2a: Kyurem|Dragon Dance|p2a: Kyurem\n|-boost|p2a: Kyurem|atk|1\n|-boost|p2a: Kyurem|spe|1\n|\n|-weather|DesolateLand|[upkeep]\n|upkeep\n|turn|18\n|\n|t:|1699581573\n|move|p2a: Kyurem|Icicle Spear|p1a: Groudon\n|-damage|p1a: Groudon|78\/100\n|-damage|p1a: Groudon|60\/100\n|-damage|p1a: Groudon|43\/100\n|-damage|p1a: Groudon|25\/100\n|-hitcount|p1a: Groudon|4\n|move|p1a: Groudon|Flamethrower|p2a: Kyurem\n|-damage|p2a: Kyurem|23\/100\n|\n|-weather|DesolateLand|[upkeep]\n|upkeep\n|turn|19\n|\n|t:|1699581584\n|move|p2a: Kyurem|Icicle Spear|p1a: Groudon\n|-damage|p1a: Groudon|6\/100\n|-damage|p1a: Groudon|0 fnt\n|faint|p1a: Groudon\n|-weather|none\n|-hitcount|p1: Groudon|2\n|\n|upkeep\n|\n|t:|1699581603\n|switch|p1a: Marshadow|Marshadow|100\/100\n|-damage|p1a: Marshadow|94\/100|[from] Stealth Rock\n|turn|20\n|\n|t:|1699581608\n|move|p1a: Marshadow|Shadow Sneak|p2a: Kyurem\n|-damage|p2a: Kyurem|0 fnt\n|faint|p2a: Kyurem\n|\n|upkeep\n|\n|t:|1699581618\n|switch|p2a: Ribombee|Ribombee, M|51\/100\n|turn|21\n|\n|t:|1699581633\n|move|p1a: Marshadow|Shadow Sneak|p2a: Ribombee\n|-damage|p2a: Ribombee|0 fnt\n|faint|p2a: Ribombee\n|\n|upkeep\n|-message|85792195wwww forfeited.\n|\n|win|Rhyfinn sr.\n|raw|Rhyfinn sr.'s rating: 1372 &rarr; <strong>1399<\/strong><br \/>(+27 for winning)\n|raw|85792195wwww's rating: 1506 &rarr; <strong>1479<\/strong><br \/>(-27 for losing)\n|l|\u260685792195wwww\n","uploadtime":1699581649,"views":4,"p1id":"rhyfinnsr","p2id":"85792195wwww","formatid":"gen9nationaldexubers","rating":1399,"private":0,"password":""}