{"id":"gen9nationaldexubers-1998110092","p1":"loch2009","p2":"Adheen010","format":"[Gen 9] National Dex Ubers","log":"|j|\u2606loch2009\n|j|\u2606Adheen010\n|t:|1700893043\n|gametype|singles\n|player|p1|loch2009|lance-gen3|1183\n|player|p2|Adheen010|riley|1163\n|teamsize|p1|6\n|teamsize|p2|6\n|gen|9\n|tier|[Gen 9] National Dex Ubers\n|rated|\n|rule|HP Percentage Mod: HP is shown in percentages\n|rule|Endless Battle Clause: Forcing endless battles is banned\n|rule|OHKO Clause: OHKO moves are banned\n|rule|Evasion Moves Clause: Evasion moves are banned\n|rule|Evasion Items Clause: Evasion items are banned\n|rule|Species Clause: Limit one of each Pok\u00e9mon\n|rule|Sleep Clause Mod: Limit one foe put to sleep\n|rule|Mega Rayquaza Clause: You cannot mega evolve Rayquaza\n|clearpoke\n|poke|p1|Alakazam, M|\n|poke|p1|Kyogre|\n|poke|p1|Arceus-Steel|\n|poke|p1|Landorus, M|\n|poke|p1|Urshifu-*, F|\n|poke|p1|Kyurem-White|\n|poke|p2|Eternatus|\n|poke|p2|Rayquaza|\n|poke|p2|Kyogre|\n|poke|p2|Groudon|\n|poke|p2|Palkia|\n|poke|p2|Mewtwo|\n|teampreview\n|c|\u2606loch2009|glhf\n|\n|t:|1700893070\n|start\n|switch|p1a: Alakazam|Alakazam, M|100\/100\n|switch|p2a: Kyogre|Kyogre|100\/100\n|detailschange|p2a: Kyogre|Kyogre-Primal\n|-primal|p2a: Kyogre|Blue Orb\n|-weather|PrimordialSea|[from] ability: Primordial Sea|[of] p2a: Kyogre\n|turn|1\n|\n|t:|1700893083\n|switch|p1a: Kyogre|Kyogre|100\/100\n|detailschange|p1a: Kyogre|Kyogre-Primal\n|-primal|p1a: Kyogre|Blue Orb\n|move|p2a: Kyogre|Calm Mind|p2a: Kyogre\n|-boost|p2a: Kyogre|spa|1\n|-boost|p2a: Kyogre|spd|1\n|\n|-weather|PrimordialSea|[upkeep]\n|upkeep\n|turn|2\n|\n|t:|1700893091\n|move|p2a: Kyogre|Thunder|p1a: Kyogre\n|-supereffective|p1a: Kyogre\n|-damage|p1a: Kyogre|15\/100\n|move|p1a: Kyogre|Thunder|p2a: Kyogre\n|-supereffective|p2a: Kyogre\n|-damage|p2a: Kyogre|61\/100\n|-status|p2a: Kyogre|par\n|\n|-weather|PrimordialSea|[upkeep]\n|upkeep\n|turn|3\n|\n|t:|1700893099\n|move|p1a: Kyogre|Thunder|p2a: Kyogre\n|-supereffective|p2a: Kyogre\n|-damage|p2a: Kyogre|24\/100 par\n|move|p2a: Kyogre|Thunder|p1a: Kyogre\n|-supereffective|p1a: Kyogre\n|-damage|p1a: Kyogre|0 fnt\n|faint|p1a: Kyogre\n|\n|-weather|PrimordialSea|[upkeep]\n|upkeep\n|\n|t:|1700893112\n|switch|p1a: Urshifu|Urshifu, F|100\/100\n|turn|4\n|\n|t:|1700893119\n|move|p1a: Urshifu|Wicked Blow|p2a: Kyogre\n|-crit|p2a: Kyogre\n|-damage|p2a: Kyogre|0 fnt\n|faint|p2a: Kyogre\n|-weather|none\n|\n|upkeep\n|\n|t:|1700893134\n|switch|p2a: Palkia|Palkia|100\/100\n|-ability|p2a: Palkia|Pressure\n|turn|5\n|\n|t:|1700893145\n|move|p1a: Urshifu|Wicked Blow|p2a: Palkia\n|-crit|p2a: Palkia\n|-damage|p2a: Palkia|37\/100\n|move|p2a: Palkia|Spacial Rend|p1a: Urshifu\n|-damage|p1a: Urshifu|2\/100\n|\n|upkeep\n|turn|6\n|\n|t:|1700893152\n|move|p2a: Palkia|Protect|p2a: Palkia\n|-singleturn|p2a: Palkia|Protect\n|move|p1a: Urshifu|Wicked Blow|p2a: Palkia\n|-crit|p2a: Palkia\n|-damage|p2a: Palkia|0 fnt\n|faint|p2a: Palkia\n|\n|upkeep\n|\n|t:|1700893164\n|switch|p2a: Mewtwo|Mewtwo|100\/100\n|-ability|p2a: Mewtwo|Pressure\n|turn|7\n|\n|t:|1700893190\n|detailschange|p2a: Mewtwo|Mewtwo-Mega-Y\n|-mega|p2a: Mewtwo|Mewtwo|Mewtwonite Y\n|move|p1a: Urshifu|Wicked Blow|p2a: Mewtwo\n|-supereffective|p2a: Mewtwo\n|-crit|p2a: Mewtwo\n|-damage|p2a: Mewtwo|0 fnt\n|faint|p2a: Mewtwo\n|\n|upkeep\n|-message|Adheen010 forfeited.\n|\n|win|loch2009\n|raw|loch2009's rating: 1183 &rarr; <strong>1207<\/strong><br \/>(+24 for winning)\n|raw|Adheen010's rating: 1163 &rarr; <strong>1139<\/strong><br \/>(-24 for losing)\n|l|\u2606Adheen010\n","uploadtime":1700893208,"views":8,"p1id":"loch2009","p2id":"adheen010","formatid":"gen9nationaldexubers","rating":1139,"private":0,"password":""}