{"id":"gen9nationaldexubers-1998783327","p1":"PokemonTrainerMaxy","p2":"IcebergyIC","format":"[Gen 9] National Dex Ubers","log":"|j|\u2606PokemonTrainerMaxy\n|j|\u2606IcebergyIC\n|t:|1700989979\n|gametype|singles\n|player|p1|PokemonTrainerMaxy|bugcatcher-gen4dp|\n|player|p2|IcebergyIC|pokekid|\n|teamsize|p1|6\n|teamsize|p2|6\n|gen|9\n|tier|[Gen 9] National Dex Ubers\n|rule|HP Percentage Mod: HP is shown in percentages\n|rule|Endless Battle Clause: Forcing endless battles is banned\n|rule|OHKO Clause: OHKO moves are banned\n|rule|Evasion Moves Clause: Evasion moves are banned\n|rule|Evasion Items Clause: Evasion items are banned\n|rule|Species Clause: Limit one of each Pok\u00e9mon\n|rule|Sleep Clause Mod: Limit one foe put to sleep\n|rule|Mega Rayquaza Clause: You cannot mega evolve Rayquaza\n|clearpoke\n|poke|p1|Crobat, M|\n|poke|p1|Orbeetle, M|\n|poke|p1|Vikavolt, M|\n|poke|p1|Skuntank, M|\n|poke|p1|Charizard, M|\n|poke|p1|Mewtwo|\n|poke|p2|Charizard, F|\n|poke|p2|Pidgeot, F|\n|poke|p2|Snorlax, F|\n|poke|p2|Lapras, F|\n|poke|p2|Bulbasaur, F|\n|poke|p2|Pikachu-Partner, M|\n|teampreview\n|\n|t:|1700990015\n|start\n|switch|p1a: Crobat|Crobat, M|100\/100\n|switch|p2a: Bulbasaur|Bulbasaur, F|100\/100\n|turn|1\n|\n|t:|1700990031\n|move|p2a: Bulbasaur|Endure|p2a: Bulbasaur\n|-singleturn|p2a: Bulbasaur|move: Endure\n|move|p1a: Crobat|Acrobatics|p2a: Bulbasaur\n|-supereffective|p2a: Bulbasaur\n|-activate|p2a: Bulbasaur|move: Endure\n|-damage|p2a: Bulbasaur|1\/100\n|\n|upkeep\n|turn|2\n|\n|t:|1700990042\n|move|p2a: Bulbasaur|Protect||[still]\n|-fail|p2a: Bulbasaur\n|move|p1a: Crobat|Acrobatics|p2a: Bulbasaur\n|-supereffective|p2a: Bulbasaur\n|-damage|p2a: Bulbasaur|0 fnt\n|faint|p2a: Bulbasaur\n|\n|upkeep\n|\n|t:|1700990059\n|switch|p2a: Pidgeot|Pidgeot, F|100\/100\n|turn|3\n|\n|t:|1700990071\n|detailschange|p2a: Pidgeot|Pidgeot-Mega, F\n|-mega|p2a: Pidgeot|Pidgeot|Pidgeotite\n|move|p1a: Crobat|Shadow Ball|p2a: Pidgeot\n|-immune|p2a: Pidgeot\n|move|p2a: Pidgeot|Brave Bird|p1a: Crobat\n|-damage|p1a: Crobat|50\/100\n|-damage|p2a: Pidgeot|87\/100|[from] Recoil\n|\n|upkeep\n|turn|4\n|\n|t:|1700990088\n|move|p1a: Crobat|Air Slash|p2a: Pidgeot\n|-damage|p2a: Pidgeot|66\/100\n|cant|p2a: Pidgeot|flinch\n|\n|upkeep\n|turn|5\n|\n|t:|1700990097\n|move|p1a: Crobat|Air Slash|p2a: Pidgeot\n|-damage|p2a: Pidgeot|43\/100\n|move|p2a: Pidgeot|Brave Bird|p1a: Crobat\n|-damage|p1a: Crobat|0 fnt\n|faint|p1a: Crobat\n|-damage|p2a: Pidgeot|30\/100|[from] Recoil\n|\n|upkeep\n|\n|t:|1700990106\n|switch|p1a: Orbeetle|Orbeetle, M|100\/100\n|turn|6\n|\n|t:|1700990130\n|move|p2a: Pidgeot|Brave Bird|p1a: Orbeetle\n|-supereffective|p1a: Orbeetle\n|-damage|p1a: Orbeetle|11\/100\n|-damage|p2a: Pidgeot|9\/100|[from] Recoil\n|move|p1a: Orbeetle|Psychic|p2a: Pidgeot\n|-damage|p2a: Pidgeot|0 fnt\n|faint|p2a: Pidgeot\n|\n|upkeep\n|\n|t:|1700990139\n|switch|p2a: Snorlax|Snorlax, F|100\/100\n|turn|7\n|\n|t:|1700990147\n|move|p1a: Orbeetle|Zen Headbutt|p2a: Snorlax\n|-damage|p2a: Snorlax|85\/100\n|move|p2a: Snorlax|Darkest Lariat|p1a: Orbeetle\n|-supereffective|p1a: Orbeetle\n|-damage|p1a: Orbeetle|0 fnt\n|faint|p1a: Orbeetle\n|\n|upkeep\n|\n|t:|1700990156\n|switch|p1a: Vikavolt|Vikavolt, M|100\/100\n|turn|8\n|\n|t:|1700990162\n|move|p1a: Vikavolt|Thunderbolt|p2a: Snorlax\n|-damage|p2a: Snorlax|53\/100\n|move|p2a: Snorlax|High Horsepower|p1a: Vikavolt\n|-immune|p1a: Vikavolt|[from] ability: Levitate\n|\n|upkeep\n|turn|9\n|\n|t:|1700990176\n|move|p1a: Vikavolt|Acrobatics|p2a: Snorlax\n|-damage|p2a: Snorlax|36\/100\n|-enditem|p2a: Snorlax|Sitrus Berry|[eat]\n|-heal|p2a: Snorlax|61\/100|[from] item: Sitrus Berry\n|move|p2a: Snorlax|Belly Drum|p2a: Snorlax\n|-damage|p2a: Snorlax|11\/100\n|-setboost|p2a: Snorlax|atk|6|[from] move: Belly Drum\n|\n|upkeep\n|turn|10\n|\n|t:|1700990198\n|move|p1a: Vikavolt|Poison Jab|p2a: Snorlax\n|-damage|p2a: Snorlax|0 fnt\n|faint|p2a: Snorlax\n|\n|upkeep\n|\n|t:|1700990210\n|switch|p2a: Charizard|Charizard, F|100\/100\n|turn|11\n|\n|t:|1700990218\n|move|p2a: Charizard|Flare Blitz|p1a: Vikavolt\n|-supereffective|p1a: Vikavolt\n|-damage|p1a: Vikavolt|0 fnt\n|faint|p1a: Vikavolt\n|-damage|p2a: Charizard|61\/100|[from] Recoil\n|\n|upkeep\n|\n|t:|1700990225\n|switch|p1a: Skuntank|Skuntank, M|100\/100\n|turn|12\n|\n|t:|1700990233\n|move|p2a: Charizard|Brick Break|p1a: Skuntank\n|-damage|p1a: Skuntank|73\/100\n|move|p1a: Skuntank|Payback|p2a: Charizard\n|-damage|p2a: Charizard|5\/100\n|\n|upkeep\n|turn|13\n|\n|t:|1700990245\n|move|p2a: Charizard|Protect|p2a: Charizard\n|-singleturn|p2a: Charizard|Protect\n|move|p1a: Skuntank|Fire Blast|p2a: Charizard\n|-activate|p2a: Charizard|move: Protect\n|\n|upkeep\n|turn|14\n|\n|t:|1700990255\n|move|p2a: Charizard|Flare Blitz|p1a: Skuntank\n|-damage|p1a: Skuntank|0 fnt\n|faint|p1a: Skuntank\n|-damage|p2a: Charizard|0 fnt|[from] Recoil\n|faint|p2a: Charizard\n|\n|upkeep\n|\n|t:|1700990287\n|switch|p2a: Pikachu|Pikachu-Partner, M|100\/100\n|switch|p1a: Charizard|Charizard, M|100\/100\n|turn|15\n|\n|t:|1700990323\n|move|p1a: Charizard|Dual Wingbeat|p2a: Pikachu\n|-resisted|p2a: Pikachu\n|-damage|p2a: Pikachu|71\/100\n|-resisted|p2a: Pikachu\n|-damage|p2a: Pikachu|43\/100\n|-hitcount|p2a: Pikachu|2\n|move|p2a: Pikachu|Thunderbolt|p1a: Charizard\n|-supereffective|p1a: Charizard\n|-damage|p1a: Charizard|55\/100\n|\n|upkeep\n|turn|16\n|\n|t:|1700990346\n|move|p1a: Charizard|Dual Wingbeat|p2a: Pikachu\n|-resisted|p2a: Pikachu\n|-damage|p2a: Pikachu|12\/100\n|-resisted|p2a: Pikachu\n|-damage|p2a: Pikachu|0 fnt\n|faint|p2a: Pikachu\n|-hitcount|p2: Pikachu|2\n|\n|upkeep\n|\n|t:|1700990353\n|switch|p2a: Lapras|Lapras, F|100\/100\n|turn|17\n|\n|t:|1700990363\n|move|p1a: Charizard|Fire Fang|p2a: Lapras\n|-damage|p2a: Lapras|79\/100\n|move|p2a: Lapras|Waterfall|p1a: Charizard\n|-supereffective|p1a: Charizard\n|-damage|p1a: Charizard|0 fnt\n|faint|p1a: Charizard\n|\n|upkeep\n|\n|t:|1700990372\n|switch|p1a: Mewtwo|Mewtwo|100\/100\n|-ability|p1a: Mewtwo|Unnerve\n|turn|18\n|\n|t:|1700990385\n|detailschange|p1a: Mewtwo|Mewtwo-Mega-Y\n|-mega|p1a: Mewtwo|Mewtwo|Mewtwonite Y\n|move|p1a: Mewtwo|Ice Punch|p2a: Lapras\n|-resisted|p2a: Lapras\n|-damage|p2a: Lapras|74\/100\n|move|p2a: Lapras|Megahorn|p1a: Mewtwo|[miss]\n|-miss|p2a: Lapras|p1a: Mewtwo\n|\n|upkeep\n|turn|19\n|\n|t:|1700990398\n|move|p1a: Mewtwo|Grass Knot|p2a: Lapras\n|-supereffective|p2a: Lapras\n|-damage|p2a: Lapras|7\/100\n|move|p2a: Lapras|Megahorn|p1a: Mewtwo\n|-supereffective|p1a: Mewtwo\n|-damage|p1a: Mewtwo|30\/100\n|\n|upkeep\n|turn|20\n|\n|t:|1700990414\n|move|p1a: Mewtwo|Thunderbolt|p2a: Lapras\n|-supereffective|p2a: Lapras\n|-damage|p2a: Lapras|0 fnt\n|faint|p2a: Lapras\n|\n|win|PokemonTrainerMaxy\n|l|\u2606IcebergyIC\n","uploadtime":1700990864,"views":1,"p1id":"pokemontrainermaxy","p2id":"icebergyic","formatid":"gen9nationaldexubers","rating":0,"private":0,"password":""}