{"id":"gen9nationaldexubers-1993692019","p1":"dstacuba","p2":"FrostBv","format":"[Gen 9] National Dex Ubers","log":"|j|\u2606dstacuba\n|j|\u2606FrostBv\n|t:|1700346131\n|gametype|singles\n|player|p1|dstacuba|twins-gen4|1209\n|player|p2|FrostBv|giovanni|1288\n|teamsize|p1|6\n|teamsize|p2|6\n|gen|9\n|tier|[Gen 9] National Dex Ubers\n|rated|\n|rule|HP Percentage Mod: HP is shown in percentages\n|rule|Endless Battle Clause: Forcing endless battles is banned\n|rule|OHKO Clause: OHKO moves are banned\n|rule|Evasion Moves Clause: Evasion moves are banned\n|rule|Evasion Items Clause: Evasion items are banned\n|rule|Species Clause: Limit one of each Pok\u00e9mon\n|rule|Sleep Clause Mod: Limit one foe put to sleep\n|rule|Mega Rayquaza Clause: You cannot mega evolve Rayquaza\n|clearpoke\n|poke|p1|Xurkitree|\n|poke|p1|Cottonee, L1, F|\n|poke|p1|Durant, M|\n|poke|p1|Arceus|\n|poke|p1|Gothitelle, F|\n|poke|p1|Iron Valiant|\n|poke|p2|Deoxys-Defense|\n|poke|p2|Yveltal|\n|poke|p2|Groudon|\n|poke|p2|Dragapult, M|\n|poke|p2|Metagross|\n|poke|p2|Zygarde|\n|teampreview\n|\n|t:|1700346137\n|start\n|switch|p1a: Durant|Durant, M|100\/100\n|switch|p2a: Deoxys|Deoxys-Defense|100\/100\n|-ability|p2a: Deoxys|Pressure\n|turn|1\n|\n|t:|1700346146\n|move|p1a: Durant|Entrainment|p2a: Deoxys\n|-endability|p2a: Deoxys|Pressure|[from] move: Entrainment\n|-ability|p2a: Deoxys|Truant|[from] move: Entrainment\n|move|p2a: Deoxys|Stealth Rock|p1a: Durant\n|-sidestart|p1: dstacuba|move: Stealth Rock\n|\n|upkeep\n|turn|2\n|\n|t:|1700346155\n|cant|p1a: Durant|ability: Truant\n|cant|p2a: Deoxys|ability: Truant\n|\n|upkeep\n|turn|3\n|\n|t:|1700346167\n|switch|p1a: Gothitelle|Gothitelle, F|100\/100\n|-damage|p1a: Gothitelle|88\/100|[from] Stealth Rock\n|move|p2a: Deoxys|Ice Beam|p1a: Gothitelle\n|-damage|p1a: Gothitelle|75\/100\n|\n|upkeep\n|turn|4\n|\n|t:|1700346178\n|cant|p2a: Deoxys|ability: Truant\n|move|p1a: Gothitelle|Cosmic Power|p1a: Gothitelle\n|-boost|p1a: Gothitelle|def|1\n|-boost|p1a: Gothitelle|spd|1\n|\n|upkeep\n|turn|5\n|\n|t:|1700346193\n|move|p2a: Deoxys|Toxic|p1a: Gothitelle\n|-status|p1a: Gothitelle|tox\n|move|p1a: Gothitelle|Cosmic Power|p1a: Gothitelle\n|-boost|p1a: Gothitelle|def|1\n|-boost|p1a: Gothitelle|spd|1\n|\n|-damage|p1a: Gothitelle|69\/100 tox|[from] psn\n|upkeep\n|turn|6\n|\n|t:|1700346202\n|cant|p2a: Deoxys|ability: Truant\n|move|p1a: Gothitelle|Cosmic Power|p1a: Gothitelle\n|-boost|p1a: Gothitelle|def|1\n|-boost|p1a: Gothitelle|spd|1\n|\n|-damage|p1a: Gothitelle|57\/100 tox|[from] psn\n|upkeep\n|turn|7\n|\n|t:|1700346210\n|move|p2a: Deoxys|Ice Beam|p1a: Gothitelle\n|-damage|p1a: Gothitelle|51\/100 tox\n|move|p1a: Gothitelle|Cosmic Power|p1a: Gothitelle\n|-boost|p1a: Gothitelle|def|1\n|-boost|p1a: Gothitelle|spd|1\n|\n|-damage|p1a: Gothitelle|33\/100 tox|[from] psn\n|upkeep\n|turn|8\n|\n|t:|1700346219\n|cant|p2a: Deoxys|ability: Truant\n|move|p1a: Gothitelle|Rest|p1a: Gothitelle\n|-status|p1a: Gothitelle|slp|[from] move: Rest\n|-heal|p1a: Gothitelle|100\/100 slp|[silent]\n|\n|upkeep\n|turn|9\n|\n|t:|1700346226\n|move|p2a: Deoxys|Ice Beam|p1a: Gothitelle\n|-damage|p1a: Gothitelle|96\/100 slp\n|cant|p1a: Gothitelle|slp\n|\n|upkeep\n|turn|10\n|\n|t:|1700346232\n|cant|p2a: Deoxys|ability: Truant\n|cant|p1a: Gothitelle|slp\n|\n|upkeep\n|turn|11\n|\n|t:|1700346238\n|move|p2a: Deoxys|Ice Beam|p1a: Gothitelle\n|-damage|p1a: Gothitelle|91\/100 slp\n|-curestatus|p1a: Gothitelle|slp|[msg]\n|move|p1a: Gothitelle|Cosmic Power|p1a: Gothitelle\n|-boost|p1a: Gothitelle|def|1\n|-boost|p1a: Gothitelle|spd|1\n|\n|upkeep\n|turn|12\n|\n|t:|1700346246\n|cant|p2a: Deoxys|ability: Truant\n|move|p1a: Gothitelle|Cosmic Power|p1a: Gothitelle\n|-boost|p1a: Gothitelle|def|1\n|-boost|p1a: Gothitelle|spd|1\n|\n|upkeep\n|turn|13\n|\n|t:|1700346254\n|move|p2a: Deoxys|Toxic|p1a: Gothitelle\n|-status|p1a: Gothitelle|tox\n|move|p1a: Gothitelle|Dark Pulse|p2a: Deoxys\n|-supereffective|p2a: Deoxys\n|-damage|p2a: Deoxys|75\/100\n|\n|-heal|p2a: Deoxys|81\/100|[from] item: Leftovers\n|-damage|p1a: Gothitelle|85\/100 tox|[from] psn\n|upkeep\n|turn|14\n|\n|t:|1700346264\n|cant|p2a: Deoxys|ability: Truant\n|move|p1a: Gothitelle|Dark Pulse|p2a: Deoxys\n|-supereffective|p2a: Deoxys\n|-damage|p2a: Deoxys|57\/100\n|\n|-heal|p2a: Deoxys|63\/100|[from] item: Leftovers\n|-damage|p1a: Gothitelle|73\/100 tox|[from] psn\n|upkeep\n|turn|15\n|\n|t:|1700346273\n|move|p2a: Deoxys|Recover|p2a: Deoxys\n|-heal|p2a: Deoxys|100\/100\n|move|p1a: Gothitelle|Dark Pulse|p2a: Deoxys\n|-supereffective|p2a: Deoxys\n|-damage|p2a: Deoxys|74\/100\n|\n|-heal|p2a: Deoxys|80\/100|[from] item: Leftovers\n|-damage|p1a: Gothitelle|54\/100 tox|[from] psn\n|upkeep\n|turn|16\n|\n|t:|1700346285\n|cant|p2a: Deoxys|ability: Truant\n|move|p1a: Gothitelle|Dark Pulse|p2a: Deoxys\n|-supereffective|p2a: Deoxys\n|-damage|p2a: Deoxys|57\/100\n|\n|-heal|p2a: Deoxys|63\/100|[from] item: Leftovers\n|-damage|p1a: Gothitelle|30\/100 tox|[from] psn\n|upkeep\n|turn|17\n|\n|t:|1700346294\n|move|p2a: Deoxys|Recover|p2a: Deoxys\n|-heal|p2a: Deoxys|100\/100\n|move|p1a: Gothitelle|Rest|p1a: Gothitelle\n|-status|p1a: Gothitelle|slp|[from] move: Rest\n|-heal|p1a: Gothitelle|100\/100 slp|[silent]\n|\n|upkeep\n|turn|18\n|\n|t:|1700346308\n|cant|p2a: Deoxys|ability: Truant\n|cant|p1a: Gothitelle|slp\n|\n|upkeep\n|turn|19\n|\n|t:|1700346313\n|move|p2a: Deoxys|Ice Beam|p1a: Gothitelle\n|-damage|p1a: Gothitelle|97\/100 slp\n|cant|p1a: Gothitelle|slp\n|\n|upkeep\n|turn|20\n|\n|t:|1700346320\n|cant|p2a: Deoxys|ability: Truant\n|-curestatus|p1a: Gothitelle|slp|[msg]\n|move|p1a: Gothitelle|Dark Pulse|p2a: Deoxys\n|-supereffective|p2a: Deoxys\n|-damage|p2a: Deoxys|74\/100\n|\n|-heal|p2a: Deoxys|80\/100|[from] item: Leftovers\n|upkeep\n|turn|21\n|\n|t:|1700346329\n|move|p2a: Deoxys|Toxic|p1a: Gothitelle\n|-status|p1a: Gothitelle|tox\n|move|p1a: Gothitelle|Dark Pulse|p2a: Deoxys\n|-supereffective|p2a: Deoxys\n|-damage|p2a: Deoxys|53\/100\n|\n|-heal|p2a: Deoxys|60\/100|[from] item: Leftovers\n|-damage|p1a: Gothitelle|91\/100 tox|[from] psn\n|upkeep\n|turn|22\n|\n|t:|1700346339\n|cant|p2a: Deoxys|ability: Truant\n|move|p1a: Gothitelle|Dark Pulse|p2a: Deoxys\n|-supereffective|p2a: Deoxys\n|-damage|p2a: Deoxys|35\/100\n|\n|-heal|p2a: Deoxys|41\/100|[from] item: Leftovers\n|-damage|p1a: Gothitelle|78\/100 tox|[from] psn\n|upkeep\n|turn|23\n|\n|t:|1700346348\n|move|p2a: Deoxys|Recover|p2a: Deoxys\n|-heal|p2a: Deoxys|91\/100\n|move|p1a: Gothitelle|Dark Pulse|p2a: Deoxys\n|-supereffective|p2a: Deoxys\n|-damage|p2a: Deoxys|67\/100\n|\n|-heal|p2a: Deoxys|73\/100|[from] item: Leftovers\n|-damage|p1a: Gothitelle|60\/100 tox|[from] psn\n|upkeep\n|turn|24\n|\n|t:|1700346358\n|cant|p2a: Deoxys|ability: Truant\n|move|p1a: Gothitelle|Dark Pulse|p2a: Deoxys\n|-supereffective|p2a: Deoxys\n|-damage|p2a: Deoxys|47\/100\n|\n|-heal|p2a: Deoxys|53\/100|[from] item: Leftovers\n|-damage|p1a: Gothitelle|36\/100 tox|[from] psn\n|upkeep\n|turn|25\n|\n|t:|1700346368\n|move|p2a: Deoxys|Recover|p2a: Deoxys\n|-heal|p2a: Deoxys|100\/100\n|move|p1a: Gothitelle|Rest|p1a: Gothitelle\n|-status|p1a: Gothitelle|slp|[from] move: Rest\n|-heal|p1a: Gothitelle|100\/100 slp|[silent]\n|\n|upkeep\n|turn|26\n|c|\u2606FrostBv|xd\n|\n|t:|1700346381\n|cant|p2a: Deoxys|ability: Truant\n|cant|p1a: Gothitelle|slp\n|\n|upkeep\n|turn|27\n|\n|t:|1700346386\n|move|p2a: Deoxys|Ice Beam|p1a: Gothitelle\n|-damage|p1a: Gothitelle|97\/100 slp\n|cant|p1a: Gothitelle|slp\n|\n|upkeep\n|turn|28\n|\n|t:|1700346392\n|cant|p2a: Deoxys|ability: Truant\n|-curestatus|p1a: Gothitelle|slp|[msg]\n|move|p1a: Gothitelle|Dark Pulse|p2a: Deoxys\n|-supereffective|p2a: Deoxys\n|-damage|p2a: Deoxys|77\/100\n|\n|-heal|p2a: Deoxys|83\/100|[from] item: Leftovers\n|upkeep\n|turn|29\n|\n|t:|1700346402\n|move|p2a: Deoxys|Toxic|p1a: Gothitelle|[miss]\n|-miss|p2a: Deoxys|p1a: Gothitelle\n|move|p1a: Gothitelle|Dark Pulse|p2a: Deoxys\n|-supereffective|p2a: Deoxys\n|-damage|p2a: Deoxys|57\/100\n|\n|-heal|p2a: Deoxys|64\/100|[from] item: Leftovers\n|upkeep\n|turn|30\n|\n|t:|1700346411\n|cant|p2a: Deoxys|ability: Truant\n|move|p1a: Gothitelle|Dark Pulse|p2a: Deoxys\n|-supereffective|p2a: Deoxys\n|-damage|p2a: Deoxys|37\/100\n|\n|-heal|p2a: Deoxys|44\/100|[from] item: Leftovers\n|upkeep\n|turn|31\n|\n|t:|1700346419\n|move|p2a: Deoxys|Recover|p2a: Deoxys\n|-heal|p2a: Deoxys|94\/100\n|move|p1a: Gothitelle|Dark Pulse|p2a: Deoxys\n|-supereffective|p2a: Deoxys\n|-damage|p2a: Deoxys|67\/100\n|\n|-heal|p2a: Deoxys|73\/100|[from] item: Leftovers\n|upkeep\n|turn|32\n|\n|t:|1700346428\n|cant|p2a: Deoxys|ability: Truant\n|move|p1a: Gothitelle|Dark Pulse|p2a: Deoxys\n|-supereffective|p2a: Deoxys\n|-damage|p2a: Deoxys|47\/100\n|\n|-heal|p2a: Deoxys|53\/100|[from] item: Leftovers\n|upkeep\n|turn|33\n|\n|t:|1700346437\n|move|p2a: Deoxys|Toxic|p1a: Gothitelle\n|-status|p1a: Gothitelle|tox\n|move|p1a: Gothitelle|Dark Pulse|p2a: Deoxys\n|-supereffective|p2a: Deoxys\n|-damage|p2a: Deoxys|26\/100\n|\n|-heal|p2a: Deoxys|33\/100|[from] item: Leftovers\n|-damage|p1a: Gothitelle|91\/100 tox|[from] psn\n|upkeep\n|turn|34\n|\n|t:|1700346447\n|cant|p2a: Deoxys|ability: Truant\n|move|p1a: Gothitelle|Dark Pulse|p2a: Deoxys\n|-supereffective|p2a: Deoxys\n|-damage|p2a: Deoxys|6\/100\n|\n|-heal|p2a: Deoxys|13\/100|[from] item: Leftovers\n|-damage|p1a: Gothitelle|79\/100 tox|[from] psn\n|upkeep\n|turn|35\n|\n|t:|1700346456\n|move|p2a: Deoxys|Recover|p2a: Deoxys\n|-heal|p2a: Deoxys|63\/100\n|move|p1a: Gothitelle|Dark Pulse|p2a: Deoxys\n|-supereffective|p2a: Deoxys\n|-damage|p2a: Deoxys|38\/100\n|\n|-heal|p2a: Deoxys|45\/100|[from] item: Leftovers\n|-damage|p1a: Gothitelle|60\/100 tox|[from] psn\n|upkeep\n|turn|36\n|\n|t:|1700346466\n|cant|p2a: Deoxys|ability: Truant\n|move|p1a: Gothitelle|Dark Pulse|p2a: Deoxys\n|-supereffective|p2a: Deoxys\n|-damage|p2a: Deoxys|21\/100\n|\n|-heal|p2a: Deoxys|27\/100|[from] item: Leftovers\n|-damage|p1a: Gothitelle|36\/100 tox|[from] psn\n|upkeep\n|turn|37\n|\n|t:|1700346477\n|move|p2a: Deoxys|Recover|p2a: Deoxys\n|-heal|p2a: Deoxys|77\/100\n|move|p1a: Gothitelle|Rest|p1a: Gothitelle\n|-status|p1a: Gothitelle|slp|[from] move: Rest\n|-heal|p1a: Gothitelle|100\/100 slp|[silent]\n|\n|-heal|p2a: Deoxys|83\/100|[from] item: Leftovers\n|upkeep\n|turn|38\n|\n|t:|1700346491\n|cant|p2a: Deoxys|ability: Truant\n|cant|p1a: Gothitelle|slp\n|\n|-heal|p2a: Deoxys|90\/100|[from] item: Leftovers\n|upkeep\n|turn|39\n|\n|t:|1700346499\n|move|p2a: Deoxys|Ice Beam|p1a: Gothitelle\n|-damage|p1a: Gothitelle|97\/100 slp\n|cant|p1a: Gothitelle|slp\n|\n|-heal|p2a: Deoxys|96\/100|[from] item: Leftovers\n|upkeep\n|turn|40\n|\n|t:|1700346514\n|cant|p2a: Deoxys|ability: Truant\n|-curestatus|p1a: Gothitelle|slp|[msg]\n|move|p1a: Gothitelle|Dark Pulse|p2a: Deoxys\n|-supereffective|p2a: Deoxys\n|-damage|p2a: Deoxys|69\/100\n|\n|-heal|p2a: Deoxys|75\/100|[from] item: Leftovers\n|upkeep\n|turn|41\n|\n|t:|1700346524\n|move|p2a: Deoxys|Toxic|p1a: Gothitelle|[miss]\n|-miss|p2a: Deoxys|p1a: Gothitelle\n|move|p1a: Gothitelle|Dark Pulse|p2a: Deoxys\n|-supereffective|p2a: Deoxys\n|-damage|p2a: Deoxys|48\/100\n|\n|-heal|p2a: Deoxys|54\/100|[from] item: Leftovers\n|upkeep\n|turn|42\n|\n|t:|1700346533\n|cant|p2a: Deoxys|ability: Truant\n|move|p1a: Gothitelle|Dark Pulse|p2a: Deoxys\n|-supereffective|p2a: Deoxys\n|-damage|p2a: Deoxys|27\/100\n|\n|-heal|p2a: Deoxys|34\/100|[from] item: Leftovers\n|upkeep\n|turn|43\n|\n|t:|1700346547\n|move|p2a: Deoxys|Recover|p2a: Deoxys\n|-heal|p2a: Deoxys|84\/100\n|move|p1a: Gothitelle|Dark Pulse|p2a: Deoxys\n|-supereffective|p2a: Deoxys\n|-damage|p2a: Deoxys|57\/100\n|\n|-heal|p2a: Deoxys|63\/100|[from] item: Leftovers\n|upkeep\n|turn|44\n|\n|t:|1700346556\n|cant|p2a: Deoxys|ability: Truant\n|move|p1a: Gothitelle|Dark Pulse|p2a: Deoxys\n|-supereffective|p2a: Deoxys\n|-damage|p2a: Deoxys|37\/100\n|\n|-heal|p2a: Deoxys|43\/100|[from] item: Leftovers\n|upkeep\n|turn|45\n|\n|t:|1700346564\n|move|p2a: Deoxys|Toxic|p1a: Gothitelle\n|-status|p1a: Gothitelle|tox\n|move|p1a: Gothitelle|Dark Pulse|p2a: Deoxys\n|-supereffective|p2a: Deoxys\n|-damage|p2a: Deoxys|17\/100\n|\n|-heal|p2a: Deoxys|23\/100|[from] item: Leftovers\n|-damage|p1a: Gothitelle|91\/100 tox|[from] psn\n|upkeep\n|turn|46\n|\n|t:|1700346576\n|cant|p2a: Deoxys|ability: Truant\n|move|p1a: Gothitelle|Rest|p1a: Gothitelle\n|-status|p1a: Gothitelle|slp|[from] move: Rest\n|-heal|p1a: Gothitelle|100\/100 slp|[silent]\n|\n|-heal|p2a: Deoxys|29\/100|[from] item: Leftovers\n|upkeep\n|turn|47\n|\n|t:|1700346587\n|move|p2a: Deoxys|Ice Beam|p1a: Gothitelle\n|-damage|p1a: Gothitelle|96\/100 slp\n|cant|p1a: Gothitelle|slp\n|\n|-heal|p2a: Deoxys|35\/100|[from] item: Leftovers\n|upkeep\n|turn|48\n|c|\u2606dstacuba|I'm trying new things\n|\n|t:|1700346609\n|cant|p2a: Deoxys|ability: Truant\n|cant|p1a: Gothitelle|slp\n|\n|-heal|p2a: Deoxys|42\/100|[from] item: Leftovers\n|upkeep\n|turn|49\n|\n|t:|1700346617\n|move|p2a: Deoxys|Ice Beam|p1a: Gothitelle\n|-damage|p1a: Gothitelle|93\/100 slp\n|-curestatus|p1a: Gothitelle|slp|[msg]\n|move|p1a: Gothitelle|Cosmic Power|p1a: Gothitelle\n|-boost|p1a: Gothitelle|def|0\n|-boost|p1a: Gothitelle|spd|0\n|\n|-heal|p2a: Deoxys|48\/100|[from] item: Leftovers\n|upkeep\n|turn|50\n|\n|t:|1700346633\n|cant|p2a: Deoxys|ability: Truant\n|move|p1a: Gothitelle|Cosmic Power|p1a: Gothitelle\n|-boost|p1a: Gothitelle|def|0\n|-boost|p1a: Gothitelle|spd|0\n|\n|-heal|p2a: Deoxys|54\/100|[from] item: Leftovers\n|upkeep\n|turn|51\n|\n|t:|1700346643\n|move|p2a: Deoxys|Toxic|p1a: Gothitelle\n|-status|p1a: Gothitelle|tox\n|move|p1a: Gothitelle|Mean Look|p2a: Deoxys\n|-activate|p2a: Deoxys|trapped\n|\n|-heal|p2a: Deoxys|60\/100|[from] item: Leftovers\n|-damage|p1a: Gothitelle|87\/100 tox|[from] psn\n|upkeep\n|turn|52\n|\n|t:|1700346656\n|cant|p2a: Deoxys|ability: Truant\n|move|p1a: Gothitelle|Mean Look||[still]\n|-fail|p1a: Gothitelle\n|\n|-heal|p2a: Deoxys|67\/100|[from] item: Leftovers\n|-damage|p1a: Gothitelle|75\/100 tox|[from] psn\n|upkeep\n|turn|53\n|\n|t:|1700346664\n|move|p2a: Deoxys|Stealth Rock||[still]\n|-fail|p2a: Deoxys\n|move|p1a: Gothitelle|Mean Look||[still]\n|-fail|p1a: Gothitelle\n|\n|-heal|p2a: Deoxys|73\/100|[from] item: Leftovers\n|-damage|p1a: Gothitelle|56\/100 tox|[from] psn\n|upkeep\n|turn|54\n|\n|t:|1700346673\n|cant|p2a: Deoxys|ability: Truant\n|move|p1a: Gothitelle|Mean Look||[still]\n|-fail|p1a: Gothitelle\n|\n|-heal|p2a: Deoxys|79\/100|[from] item: Leftovers\n|-damage|p1a: Gothitelle|32\/100 tox|[from] psn\n|upkeep\n|turn|55\n|\n|t:|1700346685\n|move|p2a: Deoxys|Stealth Rock||[still]\n|-fail|p2a: Deoxys\n|move|p1a: Gothitelle|Mean Look||[still]\n|-fail|p1a: Gothitelle\n|\n|-heal|p2a: Deoxys|85\/100|[from] item: Leftovers\n|-damage|p1a: Gothitelle|1\/100 tox|[from] psn\n|upkeep\n|turn|56\n|\n|t:|1700346697\n|cant|p2a: Deoxys|ability: Truant\n|move|p1a: Gothitelle|Rest|p1a: Gothitelle\n|-status|p1a: Gothitelle|slp|[from] move: Rest\n|-heal|p1a: Gothitelle|100\/100 slp|[silent]\n|\n|-heal|p2a: Deoxys|92\/100|[from] item: Leftovers\n|upkeep\n|turn|57\n|\n|t:|1700346711\n|move|p2a: Deoxys|Stealth Rock||[still]\n|-fail|p2a: Deoxys\n|cant|p1a: Gothitelle|slp\n|\n|-heal|p2a: Deoxys|98\/100|[from] item: Leftovers\n|upkeep\n|turn|58\n|\n|t:|1700346719\n|cant|p2a: Deoxys|ability: Truant\n|cant|p1a: Gothitelle|slp\n|\n|-heal|p2a: Deoxys|100\/100|[from] item: Leftovers\n|upkeep\n|turn|59\n|\n|t:|1700346726\n|move|p2a: Deoxys|Stealth Rock||[still]\n|-fail|p2a: Deoxys\n|-curestatus|p1a: Gothitelle|slp|[msg]\n|move|p1a: Gothitelle|Cosmic Power|p1a: Gothitelle\n|-boost|p1a: Gothitelle|def|0\n|-boost|p1a: Gothitelle|spd|0\n|\n|upkeep\n|turn|60\n|\n|t:|1700346736\n|cant|p2a: Deoxys|ability: Truant\n|move|p1a: Gothitelle|Mean Look||[still]\n|-fail|p1a: Gothitelle\n|\n|upkeep\n|turn|61\n|\n|t:|1700346742\n|move|p2a: Deoxys|Toxic|p1a: Gothitelle\n|-status|p1a: Gothitelle|tox\n|move|p1a: Gothitelle|Mean Look||[still]\n|-fail|p1a: Gothitelle\n|\n|-damage|p1a: Gothitelle|94\/100 tox|[from] psn\n|upkeep\n|turn|62\n|\n|t:|1700346750\n|cant|p2a: Deoxys|ability: Truant\n|move|p1a: Gothitelle|Mean Look||[still]\n|-fail|p1a: Gothitelle\n|\n|-damage|p1a: Gothitelle|82\/100 tox|[from] psn\n|upkeep\n|turn|63\n|\n|t:|1700346759\n|move|p2a: Deoxys|Ice Beam|p1a: Gothitelle\n|-damage|p1a: Gothitelle|79\/100 tox\n|move|p1a: Gothitelle|Cosmic Power|p1a: Gothitelle\n|-boost|p1a: Gothitelle|def|0\n|-boost|p1a: Gothitelle|spd|0\n|\n|-damage|p1a: Gothitelle|60\/100 tox|[from] psn\n|upkeep\n|turn|64\n|\n|t:|1700346768\n|cant|p2a: Deoxys|ability: Truant\n|move|p1a: Gothitelle|Cosmic Power|p1a: Gothitelle\n|-boost|p1a: Gothitelle|def|0\n|-boost|p1a: Gothitelle|spd|0\n|\n|-damage|p1a: Gothitelle|36\/100 tox|[from] psn\n|upkeep\n|turn|65\n|\n|t:|1700346776\n|move|p2a: Deoxys|Ice Beam|p1a: Gothitelle\n|-damage|p1a: Gothitelle|32\/100 tox\n|move|p1a: Gothitelle|Rest|p1a: Gothitelle\n|-status|p1a: Gothitelle|slp|[from] move: Rest\n|-heal|p1a: Gothitelle|100\/100 slp|[silent]\n|\n|upkeep\n|turn|66\n|\n|t:|1700346783\n|cant|p2a: Deoxys|ability: Truant\n|cant|p1a: Gothitelle|slp\n|\n|upkeep\n|turn|67\n|\n|t:|1700346790\n|move|p2a: Deoxys|Stealth Rock||[still]\n|-fail|p2a: Deoxys\n|cant|p1a: Gothitelle|slp\n|\n|upkeep\n|turn|68\n|\n|t:|1700346795\n|cant|p2a: Deoxys|ability: Truant\n|-curestatus|p1a: Gothitelle|slp|[msg]\n|move|p1a: Gothitelle|Cosmic Power|p1a: Gothitelle\n|-boost|p1a: Gothitelle|def|0\n|-boost|p1a: Gothitelle|spd|0\n|\n|upkeep\n|turn|69\n|\n|t:|1700346803\n|move|p2a: Deoxys|Stealth Rock||[still]\n|-fail|p2a: Deoxys\n|move|p1a: Gothitelle|Cosmic Power|p1a: Gothitelle\n|-boost|p1a: Gothitelle|def|0\n|-boost|p1a: Gothitelle|spd|0\n|\n|upkeep\n|turn|70\n|\n|t:|1700346810\n|cant|p2a: Deoxys|ability: Truant\n|move|p1a: Gothitelle|Cosmic Power|p1a: Gothitelle\n|-boost|p1a: Gothitelle|def|0\n|-boost|p1a: Gothitelle|spd|0\n|\n|upkeep\n|turn|71\n|\n|t:|1700346821\n|move|p2a: Deoxys|Toxic|p1a: Gothitelle\n|-status|p1a: Gothitelle|tox\n|move|p1a: Gothitelle|Cosmic Power|p1a: Gothitelle\n|-boost|p1a: Gothitelle|def|0\n|-boost|p1a: Gothitelle|spd|0\n|\n|-damage|p1a: Gothitelle|94\/100 tox|[from] psn\n|upkeep\n|turn|72\n|\n|t:|1700346853\n|cant|p2a: Deoxys|ability: Truant\n|move|p1a: Gothitelle|Cosmic Power|p1a: Gothitelle\n|-boost|p1a: Gothitelle|def|0\n|-boost|p1a: Gothitelle|spd|0\n|\n|-damage|p1a: Gothitelle|82\/100 tox|[from] psn\n|upkeep\n|turn|73\n|\n|t:|1700346872\n|move|p2a: Deoxys|Ice Beam|p1a: Gothitelle\n|-damage|p1a: Gothitelle|78\/100 tox\n|move|p1a: Gothitelle|Cosmic Power|p1a: Gothitelle\n|-boost|p1a: Gothitelle|def|0\n|-boost|p1a: Gothitelle|spd|0\n|\n|-damage|p1a: Gothitelle|60\/100 tox|[from] psn\n|upkeep\n|turn|74\n|\n|t:|1700346882\n|cant|p2a: Deoxys|ability: Truant\n|move|p1a: Gothitelle|Cosmic Power|p1a: Gothitelle\n|-boost|p1a: Gothitelle|def|0\n|-boost|p1a: Gothitelle|spd|0\n|\n|-damage|p1a: Gothitelle|36\/100 tox|[from] psn\n|upkeep\n|turn|75\n|\n|t:|1700346894\n|move|p2a: Deoxys|Stealth Rock||[still]\n|-fail|p2a: Deoxys\n|move|p1a: Gothitelle|Cosmic Power|p1a: Gothitelle\n|-boost|p1a: Gothitelle|def|0\n|-boost|p1a: Gothitelle|spd|0\n|\n|-damage|p1a: Gothitelle|5\/100 tox|[from] psn\n|upkeep\n|turn|76\n|\n|t:|1700346902\n|cant|p2a: Deoxys|ability: Truant\n|move|p1a: Gothitelle|Rest|p1a: Gothitelle\n|-status|p1a: Gothitelle|slp|[from] move: Rest\n|-heal|p1a: Gothitelle|100\/100 slp|[silent]\n|\n|upkeep\n|turn|77\n|\n|t:|1700346913\n|move|p2a: Deoxys|Ice Beam|p1a: Gothitelle\n|-damage|p1a: Gothitelle|97\/100 slp\n|cant|p1a: Gothitelle|slp\n|\n|upkeep\n|turn|78\n|\n|t:|1700346919\n|cant|p2a: Deoxys|ability: Truant\n|cant|p1a: Gothitelle|slp\n|\n|upkeep\n|turn|79\n|\n|t:|1700346924\n|move|p2a: Deoxys|Ice Beam|p1a: Gothitelle\n|-damage|p1a: Gothitelle|93\/100 slp\n|-curestatus|p1a: Gothitelle|slp|[msg]\n|move|p1a: Gothitelle|Cosmic Power|p1a: Gothitelle\n|-boost|p1a: Gothitelle|def|0\n|-boost|p1a: Gothitelle|spd|0\n|\n|upkeep\n|turn|80\n|\n|t:|1700346932\n|cant|p2a: Deoxys|ability: Truant\n|move|p1a: Gothitelle|Cosmic Power|p1a: Gothitelle\n|-boost|p1a: Gothitelle|def|0\n|-boost|p1a: Gothitelle|spd|0\n|\n|upkeep\n|turn|81\n|\n|t:|1700346938\n|move|p2a: Deoxys|Ice Beam|p1a: Gothitelle\n|-damage|p1a: Gothitelle|89\/100\n|move|p1a: Gothitelle|Cosmic Power|p1a: Gothitelle\n|-boost|p1a: Gothitelle|def|0\n|-boost|p1a: Gothitelle|spd|0\n|\n|upkeep\n|turn|82\n|\n|t:|1700346945\n|cant|p2a: Deoxys|ability: Truant\n|move|p1a: Gothitelle|Cosmic Power|p1a: Gothitelle\n|-boost|p1a: Gothitelle|def|0\n|-boost|p1a: Gothitelle|spd|0\n|\n|upkeep\n|turn|83\n|\n|t:|1700346951\n|move|p2a: Deoxys|Ice Beam|p1a: Gothitelle\n|-damage|p1a: Gothitelle|86\/100\n|move|p1a: Gothitelle|Cosmic Power|p1a: Gothitelle\n|-boost|p1a: Gothitelle|def|0\n|-boost|p1a: Gothitelle|spd|0\n|\n|upkeep\n|turn|84\n|\n|t:|1700346960\n|cant|p2a: Deoxys|ability: Truant\n|move|p1a: Gothitelle|Cosmic Power|p1a: Gothitelle\n|-boost|p1a: Gothitelle|def|0\n|-boost|p1a: Gothitelle|spd|0\n|\n|upkeep\n|turn|85\n|\n|t:|1700346967\n|move|p2a: Deoxys|Stealth Rock||[still]\n|-fail|p2a: Deoxys\n|move|p1a: Gothitelle|Cosmic Power|p1a: Gothitelle\n|-boost|p1a: Gothitelle|def|0\n|-boost|p1a: Gothitelle|spd|0\n|\n|upkeep\n|turn|86\n|\n|t:|1700346975\n|cant|p2a: Deoxys|ability: Truant\n|move|p1a: Gothitelle|Cosmic Power|p1a: Gothitelle\n|-boost|p1a: Gothitelle|def|0\n|-boost|p1a: Gothitelle|spd|0\n|\n|upkeep\n|turn|87\n|\n|t:|1700346982\n|move|p2a: Deoxys|Stealth Rock||[still]\n|-fail|p2a: Deoxys\n|move|p1a: Gothitelle|Cosmic Power|p1a: Gothitelle\n|-boost|p1a: Gothitelle|def|0\n|-boost|p1a: Gothitelle|spd|0\n|\n|upkeep\n|turn|88\n|\n|t:|1700346988\n|cant|p2a: Deoxys|ability: Truant\n|move|p1a: Gothitelle|Cosmic Power|p1a: Gothitelle\n|-boost|p1a: Gothitelle|def|0\n|-boost|p1a: Gothitelle|spd|0\n|\n|upkeep\n|turn|89\n|\n|t:|1700346995\n|move|p2a: Deoxys|Stealth Rock||[still]\n|-fail|p2a: Deoxys\n|move|p1a: Gothitelle|Cosmic Power|p1a: Gothitelle\n|-boost|p1a: Gothitelle|def|0\n|-boost|p1a: Gothitelle|spd|0\n|\n|upkeep\n|turn|90\n|\n|t:|1700347001\n|cant|p2a: Deoxys|ability: Truant\n|move|p1a: Gothitelle|Cosmic Power|p1a: Gothitelle\n|-boost|p1a: Gothitelle|def|0\n|-boost|p1a: Gothitelle|spd|0\n|\n|upkeep\n|turn|91\n|\n|t:|1700347018\n|move|p2a: Deoxys|Stealth Rock||[still]\n|-fail|p2a: Deoxys\n|move|p1a: Gothitelle|Cosmic Power|p1a: Gothitelle\n|-boost|p1a: Gothitelle|def|0\n|-boost|p1a: Gothitelle|spd|0\n|\n|upkeep\n|turn|92\n|\n|t:|1700347025\n|cant|p2a: Deoxys|ability: Truant\n|-activate|p1a: Gothitelle|move: Struggle\n|move|p1a: Gothitelle|Struggle|p2a: Deoxys\n|-damage|p2a: Deoxys|96\/100\n|-damage|p1a: Gothitelle|61\/100|[from] recoil\n|\n|-heal|p2a: Deoxys|100\/100|[from] item: Leftovers\n|upkeep\n|turn|93\n|\n|t:|1700347034\n|move|p2a: Deoxys|Stealth Rock||[still]\n|-fail|p2a: Deoxys\n|-activate|p1a: Gothitelle|move: Struggle\n|move|p1a: Gothitelle|Struggle|p2a: Deoxys\n|-damage|p2a: Deoxys|97\/100\n|-damage|p1a: Gothitelle|36\/100|[from] recoil\n|\n|-heal|p2a: Deoxys|100\/100|[from] item: Leftovers\n|upkeep\n|turn|94\n|c|\u2606dstacuba|Oh no\n|\n|t:|1700347044\n|cant|p2a: Deoxys|ability: Truant\n|-activate|p1a: Gothitelle|move: Struggle\n|move|p1a: Gothitelle|Struggle|p2a: Deoxys\n|-damage|p2a: Deoxys|97\/100\n|-damage|p1a: Gothitelle|11\/100|[from] recoil\n|\n|-heal|p2a: Deoxys|100\/100|[from] item: Leftovers\n|upkeep\n|turn|95\n|\n|t:|1700347055\n|move|p2a: Deoxys|Stealth Rock||[still]\n|-fail|p2a: Deoxys\n|-activate|p1a: Gothitelle|move: Struggle\n|move|p1a: Gothitelle|Struggle|p2a: Deoxys\n|-damage|p2a: Deoxys|97\/100\n|-damage|p1a: Gothitelle|0 fnt|[from] recoil\n|faint|p1a: Gothitelle\n|\n|-heal|p2a: Deoxys|100\/100|[from] item: Leftovers\n|upkeep\n|\n|t:|1700347065\n|switch|p1a: Cottonee|Cottonee, L1, F|100\/100\n|-damage|p1a: Cottonee|92\/100|[from] Stealth Rock\n|turn|96\n|\n|t:|1700347073\n|move|p1a: Cottonee|Leech Seed|p2a: Deoxys\n|-start|p2a: Deoxys|move: Leech Seed\n|cant|p2a: Deoxys|ability: Truant\n|\n|-damage|p2a: Deoxys|88\/100|[from] Leech Seed|[of] p1a: Cottonee\n|-heal|p1a: Cottonee|100\/100|[silent]\n|upkeep\n|turn|97\n|\n|t:|1700347082\n|move|p1a: Cottonee|Substitute|p1a: Cottonee\n|-start|p1a: Cottonee|Substitute\n|-damage|p1a: Cottonee|75\/100\n|move|p2a: Deoxys|Toxic||[still]\n|-fail|p2a: Deoxys\n|\n|-heal|p2a: Deoxys|94\/100|[from] item: Leftovers\n|-damage|p2a: Deoxys|82\/100|[from] Leech Seed|[of] p1a: Cottonee\n|-heal|p1a: Cottonee|100\/100|[silent]\n|upkeep\n|turn|98\n|\n|t:|1700347091\n|switch|p2a: Yveltal|Yveltal|100\/100\n|-ability|p2a: Yveltal|Dark Aura\n|move|p1a: Cottonee|Protect||[still]\n|-fail|p1a: Cottonee\n|\n|upkeep\n|turn|99\n|\n|t:|1700347098\n|move|p1a: Cottonee|Leech Seed|p2a: Yveltal\n|-hint|Since gen 7, Dark is immune to Prankster moves.\n|-immune|p2a: Yveltal\n|move|p2a: Yveltal|Oblivion Wing|p1a: Cottonee\n|-supereffective|p1a: Cottonee\n|-end|p1a: Cottonee|Substitute\n|\n|upkeep\n|turn|100\n|\n|t:|1700347112\n|move|p1a: Cottonee|Substitute|p1a: Cottonee\n|-start|p1a: Cottonee|Substitute\n|-damage|p1a: Cottonee|75\/100\n|move|p2a: Yveltal|Oblivion Wing|p1a: Cottonee\n|-supereffective|p1a: Cottonee\n|-end|p1a: Cottonee|Substitute\n|\n|upkeep\n|turn|101\n|\n|t:|1700347121\n|move|p1a: Cottonee|Protect|p1a: Cottonee\n|-singleturn|p1a: Cottonee|Protect\n|move|p2a: Yveltal|Hidden Power|p1a: Cottonee\n|-activate|p1a: Cottonee|move: Protect\n|\n|upkeep\n|turn|102\n|\n|t:|1700347128\n|move|p1a: Cottonee|Substitute|p1a: Cottonee\n|-start|p1a: Cottonee|Substitute\n|-damage|p1a: Cottonee|50\/100\n|move|p2a: Yveltal|Hidden Power|p1a: Cottonee\n|-supereffective|p1a: Cottonee\n|-end|p1a: Cottonee|Substitute\n|\n|upkeep\n|turn|103\n|\n|t:|1700347135\n|move|p1a: Cottonee|Protect|p1a: Cottonee\n|-singleturn|p1a: Cottonee|Protect\n|move|p2a: Yveltal|Hidden Power|p1a: Cottonee\n|-activate|p1a: Cottonee|move: Protect\n|\n|upkeep\n|turn|104\n|\n|t:|1700347142\n|move|p1a: Cottonee|Substitute|p1a: Cottonee\n|-start|p1a: Cottonee|Substitute\n|-damage|p1a: Cottonee|25\/100\n|move|p2a: Yveltal|Hidden Power|p1a: Cottonee\n|-supereffective|p1a: Cottonee\n|-end|p1a: Cottonee|Substitute\n|\n|upkeep\n|turn|105\n|\n|t:|1700347149\n|move|p1a: Cottonee|Protect|p1a: Cottonee\n|-singleturn|p1a: Cottonee|Protect\n|move|p2a: Yveltal|Hidden Power|p1a: Cottonee\n|-activate|p1a: Cottonee|move: Protect\n|\n|upkeep\n|turn|106\n|\n|t:|1700347157\n|move|p1a: Cottonee|Encore|p2a: Yveltal\n|-hint|Since gen 7, Dark is immune to Prankster moves.\n|-immune|p2a: Yveltal\n|move|p2a: Yveltal|Hidden Power|p1a: Cottonee\n|-supereffective|p1a: Cottonee\n|-damage|p1a: Cottonee|0 fnt\n|faint|p1a: Cottonee\n|\n|upkeep\n|\n|t:|1700347175\n|switch|p1a: Durant|Durant, M|100\/100\n|-damage|p1a: Durant|88\/100|[from] Stealth Rock\n|turn|107\n|\n|t:|1700347180\n|move|p1a: Durant|Entrainment|p2a: Yveltal\n|-endability|p2a: Yveltal|Dark Aura|[from] move: Entrainment\n|-ability|p2a: Yveltal|Truant|[from] move: Entrainment\n|move|p2a: Yveltal|Oblivion Wing|p1a: Durant\n|-damage|p1a: Durant|0 fnt\n|faint|p1a: Durant\n|\n|upkeep\n|\n|t:|1700347203\n|switch|p1a: Arceus|Arceus|100\/100\n|-damage|p1a: Arceus|88\/100|[from] Stealth Rock\n|turn|108\n|\n|t:|1700347208\n|move|p1a: Arceus|Cosmic Power|p1a: Arceus\n|-boost|p1a: Arceus|def|1\n|-boost|p1a: Arceus|spd|1\n|cant|p2a: Yveltal|ability: Truant\n|\n|-heal|p1a: Arceus|94\/100|[from] item: Leftovers\n|upkeep\n|turn|109\n|\n|t:|1700347216\n|move|p1a: Arceus|Cosmic Power|p1a: Arceus\n|-boost|p1a: Arceus|def|1\n|-boost|p1a: Arceus|spd|1\n|move|p2a: Yveltal|Toxic|p1a: Arceus\n|-status|p1a: Arceus|tox\n|\n|-heal|p1a: Arceus|99\/100 tox|[from] item: Leftovers\n|-damage|p1a: Arceus|94\/100 tox|[from] psn\n|upkeep\n|turn|110\n|\n|t:|1700347227\n|move|p1a: Arceus|Cosmic Power|p1a: Arceus\n|-boost|p1a: Arceus|def|1\n|-boost|p1a: Arceus|spd|1\n|cant|p2a: Yveltal|ability: Truant\n|\n|-heal|p1a: Arceus|99\/100 tox|[from] item: Leftovers\n|-damage|p1a: Arceus|88\/100 tox|[from] psn\n|upkeep\n|turn|111\n|\n|t:|1700347236\n|move|p1a: Arceus|Body Press|p2a: Yveltal\n|-damage|p2a: Yveltal|42\/100\n|move|p2a: Yveltal|Knock Off|p1a: Arceus\n|-damage|p1a: Arceus|77\/100 tox\n|-enditem|p1a: Arceus|Leftovers|[from] move: Knock Off|[of] p2a: Yveltal\n|\n|-damage|p1a: Arceus|58\/100 tox|[from] psn\n|upkeep\n|turn|112\n|\n|t:|1700347245\n|move|p1a: Arceus|Body Press|p2a: Yveltal\n|-damage|p2a: Yveltal|0 fnt\n|faint|p2a: Yveltal\n|\n|-damage|p1a: Arceus|34\/100 tox|[from] psn\n|upkeep\n|\n|t:|1700347251\n|switch|p2a: Deoxys|Deoxys-Defense|82\/100\n|-ability|p2a: Deoxys|Pressure\n|turn|113\n|\n|t:|1700347256\n|move|p1a: Arceus|Recover|p1a: Arceus\n|-heal|p1a: Arceus|84\/100 tox\n|move|p2a: Deoxys|Stealth Rock||[still]\n|-fail|p2a: Deoxys\n|\n|-heal|p2a: Deoxys|88\/100|[from] item: Leftovers\n|-damage|p1a: Arceus|54\/100 tox|[from] psn\n|upkeep\n|turn|114\n|\n|t:|1700347266\n|move|p1a: Arceus|Stored Power|p2a: Deoxys\n|-resisted|p2a: Deoxys\n|-damage|p2a: Deoxys|78\/100\n|move|p2a: Deoxys|Stealth Rock||[still]\n|-fail|p2a: Deoxys\n|\n|-heal|p2a: Deoxys|84\/100|[from] item: Leftovers\n|-damage|p1a: Arceus|17\/100 tox|[from] psn\n|upkeep\n|turn|115\n|\n|t:|1700347276\n|move|p1a: Arceus|Recover|p1a: Arceus\n|-heal|p1a: Arceus|67\/100 tox\n|move|p2a: Deoxys|Stealth Rock||[still]\n|-fail|p2a: Deoxys\n|\n|-heal|p2a: Deoxys|90\/100|[from] item: Leftovers\n|-damage|p1a: Arceus|25\/100 tox|[from] psn\n|upkeep\n|turn|116\n|\n|t:|1700347286\n|move|p1a: Arceus|Recover|p1a: Arceus\n|-heal|p1a: Arceus|75\/100 tox\n|move|p2a: Deoxys|Stealth Rock||[still]\n|-fail|p2a: Deoxys\n|\n|-heal|p2a: Deoxys|97\/100|[from] item: Leftovers\n|-damage|p1a: Arceus|26\/100 tox|[from] psn\n|upkeep\n|turn|117\n|\n|t:|1700347299\n|move|p1a: Arceus|Recover|p1a: Arceus\n|-heal|p1a: Arceus|76\/100 tox\n|move|p2a: Deoxys|Stealth Rock||[still]\n|-fail|p2a: Deoxys\n|\n|-heal|p2a: Deoxys|100\/100|[from] item: Leftovers\n|-damage|p1a: Arceus|21\/100 tox|[from] psn\n|upkeep\n|turn|118\n|\n|t:|1700347307\n|move|p1a: Arceus|Recover|p1a: Arceus\n|-heal|p1a: Arceus|71\/100 tox\n|move|p2a: Deoxys|Stealth Rock||[still]\n|-fail|p2a: Deoxys\n|\n|-damage|p1a: Arceus|10\/100 tox|[from] psn\n|upkeep\n|turn|119\n|\n|t:|1700347315\n|move|p1a: Arceus|Recover|p1a: Arceus\n|-heal|p1a: Arceus|60\/100 tox\n|move|p2a: Deoxys|Stealth Rock||[still]\n|-fail|p2a: Deoxys\n|\n|-damage|p1a: Arceus|0 fnt|[from] psn\n|faint|p1a: Arceus\n|upkeep\n|\n|t:|1700347334\n|switch|p1a: Iron Valiant|Iron Valiant|100\/100\n|-damage|p1a: Iron Valiant|94\/100|[from] Stealth Rock\n|-enditem|p1a: Iron Valiant|Booster Energy\n|-activate|p1a: Iron Valiant|ability: Quark Drive|[fromitem]\n|-start|p1a: Iron Valiant|quarkdrivespe\n|turn|120\n|\n|t:|1700347345\n|move|p1a: Iron Valiant|Encore|p2a: Deoxys\n|-start|p2a: Deoxys|Encore\n|move|p2a: Deoxys|Stealth Rock||[still]\n|-fail|p2a: Deoxys\n|\n|upkeep\n|turn|121\n|\n|t:|1700347350\n|move|p1a: Iron Valiant|Swords Dance|p1a: Iron Valiant\n|-boost|p1a: Iron Valiant|atk|2\n|move|p2a: Deoxys|Stealth Rock||[still]\n|-fail|p2a: Deoxys\n|\n|upkeep\n|turn|122\n|\n|t:|1700347356\n|move|p1a: Iron Valiant|Swords Dance|p1a: Iron Valiant\n|-boost|p1a: Iron Valiant|atk|2\n|move|p2a: Deoxys|Stealth Rock||[still]\n|-fail|p2a: Deoxys\n|\n|-end|p2a: Deoxys|Encore\n|upkeep\n|turn|123\n|\n|t:|1700347367\n|move|p1a: Iron Valiant|Spirit Break|p2a: Deoxys\n|-damage|p2a: Deoxys|20\/100\n|-unboost|p2a: Deoxys|spa|1\n|move|p2a: Deoxys|Toxic|p1a: Iron Valiant\n|-status|p1a: Iron Valiant|tox\n|\n|-heal|p2a: Deoxys|26\/100|[from] item: Leftovers\n|-damage|p1a: Iron Valiant|88\/100 tox|[from] psn\n|upkeep\n|turn|124\n|\n|t:|1700347377\n|move|p1a: Iron Valiant|Spirit Break|p2a: Deoxys\n|-damage|p2a: Deoxys|0 fnt\n|faint|p2a: Deoxys\n|\n|-damage|p1a: Iron Valiant|76\/100 tox|[from] psn\n|upkeep\n|\n|t:|1700347385\n|switch|p2a: Groudon|Groudon|100\/100\n|detailschange|p2a: Groudon|Groudon-Primal\n|-primal|p2a: Groudon|Red Orb\n|-weather|DesolateLand|[from] ability: Desolate Land|[of] p2a: Groudon\n|turn|125\n|\n|t:|1700347393\n|move|p1a: Iron Valiant|Close Combat|p2a: Groudon\n|-damage|p2a: Groudon|0 fnt\n|-unboost|p1a: Iron Valiant|def|1\n|-unboost|p1a: Iron Valiant|spd|1\n|faint|p2a: Groudon\n|-weather|none\n|\n|-damage|p1a: Iron Valiant|57\/100 tox|[from] psn\n|upkeep\n|\n|t:|1700347403\n|switch|p2a: Dragapult|Dragapult, M|100\/100\n|turn|126\n|\n|t:|1700347406\n|move|p1a: Iron Valiant|Spirit Break|p2a: Dragapult\n|-supereffective|p2a: Dragapult\n|-damage|p2a: Dragapult|0 fnt\n|faint|p2a: Dragapult\n|\n|-damage|p1a: Iron Valiant|32\/100 tox|[from] psn\n|upkeep\n|\n|t:|1700347412\n|switch|p2a: Metagross|Metagross, shiny|100\/100\n|turn|127\n|\n|t:|1700347416\n|detailschange|p2a: Metagross|Metagross-Mega, shiny\n|-mega|p2a: Metagross|Metagross|Metagrossite\n|move|p2a: Metagross|Bullet Punch|p1a: Iron Valiant\n|-supereffective|p1a: Iron Valiant\n|-damage|p1a: Iron Valiant|0 fnt\n|faint|p1a: Iron Valiant\n|-end|p1a: Iron Valiant|Quark Drive|[silent]\n|\n|upkeep\n|\n|t:|1700347423\n|switch|p1a: Xurkitree|Xurkitree|100\/100\n|-damage|p1a: Xurkitree|88\/100|[from] Stealth Rock\n|turn|128\n|\n|t:|1700347428\n|move|p2a: Metagross|Earthquake|p1a: Xurkitree\n|-supereffective|p1a: Xurkitree\n|-damage|p1a: Xurkitree|0 fnt\n|faint|p1a: Xurkitree\n|\n|win|FrostBv\n|raw|dstacuba's rating: 1209 &rarr; <strong>1190<\/strong><br \/>(-19 for losing)\n|raw|FrostBv's rating: 1288 &rarr; <strong>1307<\/strong><br \/>(+19 for winning)\n|c|\u2606FrostBv|gg\n|c|\u2606dstacuba|Gg\n","uploadtime":1700347436,"views":16,"p1id":"dstacuba","p2id":"frostbv","formatid":"gen9nationaldexubers","rating":1190,"private":0,"password":""}