{"id":"gen9nationaldexubers-1986566805","p1":"alcatel999","p2":"axelzzz09","format":"[Gen 9] National Dex Ubers","log":"|j|\u2606alcatel999\n|j|\u2606axelzzz09\n|t:|1699492758\n|gametype|singles\n|player|p1|alcatel999|rocketgrunt|\n|player|p2|axelzzz09|lance|\n|teamsize|p1|6\n|teamsize|p2|6\n|gen|9\n|tier|[Gen 9] National Dex Ubers\n|rule|HP Percentage Mod: HP is shown in percentages\n|rule|Endless Battle Clause: Forcing endless battles is banned\n|rule|OHKO Clause: OHKO moves are banned\n|rule|Evasion Moves Clause: Evasion moves are banned\n|rule|Evasion Items Clause: Evasion items are banned\n|rule|Species Clause: Limit one of each Pok\u00e9mon\n|rule|Sleep Clause Mod: Limit one foe put to sleep\n|rule|Mega Rayquaza Clause: You cannot mega evolve Rayquaza\n|clearpoke\n|poke|p1|Altaria, F|\n|poke|p1|Sylveon, M|\n|poke|p1|Clefable, F|\n|poke|p1|Azumarill, F|\n|poke|p1|Enamorus, F|\n|poke|p1|Tapu Koko|\n|poke|p2|Volcarona, M|\n|poke|p2|Ursaluna-Bloodmoon, M|\n|poke|p2|Ceruledge, F|\n|poke|p2|Kommo-o, M|\n|poke|p2|Charizard, M|\n|poke|p2|Sneasler, F|\n|teampreview\n|c|\u2606axelzzz09|NOO YA ME DIO MIEDO\n|\n|t:|1699492784\n|start\n|switch|p1a: HuevoKinder|Azumarill, F|100\/100\n|switch|p2a: Sneasler|Sneasler, F|100\/100\n|turn|1\n|\n|t:|1699492791\n|-terastallize|p1a: HuevoKinder|Water\n|move|p2a: Sneasler|Fake Out|p1a: HuevoKinder\n|-damage|p1a: HuevoKinder|86\/100\n|cant|p1a: HuevoKinder|flinch\n|\n|upkeep\n|turn|2\n|c|\u2606axelzzz09|xddd\n|\n|t:|1699492796\n|move|p2a: Sneasler|Dire Claw|p1a: HuevoKinder\n|-damage|p1a: HuevoKinder|43\/100\n|-enditem|p1a: HuevoKinder|Sitrus Berry|[eat]\n|-heal|p1a: HuevoKinder|68\/100|[from] item: Sitrus Berry\n|move|p1a: HuevoKinder|Belly Drum|p1a: HuevoKinder\n|-damage|p1a: HuevoKinder|18\/100\n|-setboost|p1a: HuevoKinder|atk|6|[from] move: Belly Drum\n|\n|upkeep\n|turn|3\n|\n|t:|1699492810\n|move|p1a: HuevoKinder|Aqua Jet|p2a: Sneasler\n|-damage|p2a: Sneasler|0 fnt\n|faint|p2a: Sneasler\n|\n|upkeep\n|\n|t:|1699492817\n|switch|p2a: Ceruledge|Ceruledge, F|100\/100\n|turn|4\n|\n|t:|1699492821\n|move|p1a: HuevoKinder|Aqua Jet|p2a: Ceruledge\n|-supereffective|p2a: Ceruledge\n|-enditem|p2a: Ceruledge|Focus Sash\n|-damage|p2a: Ceruledge|1\/100\n|-ability|p2a: Ceruledge|Weak Armor|boost\n|-unboost|p2a: Ceruledge|def|1\n|-boost|p2a: Ceruledge|spe|2\n|move|p2a: Ceruledge|Swords Dance|p2a: Ceruledge\n|-boost|p2a: Ceruledge|atk|2\n|\n|upkeep\n|turn|5\n|c|\u2606axelzzz09|saca provecho\n|\n|t:|1699492831\n|move|p2a: Ceruledge|Shadow Sneak|p1a: HuevoKinder\n|-crit|p1a: HuevoKinder\n|-damage|p1a: HuevoKinder|0 fnt\n|faint|p1a: HuevoKinder\n|\n|upkeep\n|\n|t:|1699492853\n|switch|p1a: AlgodonDeAzucar|Altaria, F|100\/100\n|turn|6\n|\n|t:|1699492869\n|detailschange|p1a: AlgodonDeAzucar|Altaria-Mega, F\n|-mega|p1a: AlgodonDeAzucar|Altaria|Altarianite\n|move|p2a: Ceruledge|Poltergeist|p1a: AlgodonDeAzucar\n|-activate|p1a: AlgodonDeAzucar|move: Poltergeist|Altarianite\n|-damage|p1a: AlgodonDeAzucar|0 fnt\n|faint|p1a: AlgodonDeAzucar\n|\n|upkeep\n|c|\u2606axelzzz09|xddd\n|c|\u2606alcatel999|Potente\n|c|\u2606axelzzz09|pense que ya se moriria\n|c|\u2606axelzzz09|xdddd\n|c|\u2606axelzzz09|ni yo me lo esperaba\n|\n|t:|1699492899\n|switch|p1a: RellenitoDeAmor|Clefable, F|100\/100\n|turn|7\n|\n|t:|1699492904\n|move|p2a: Ceruledge|Bitter Blade|p1a: RellenitoDeAmor\n|-damage|p1a: RellenitoDeAmor|20\/100\n|-heal|p2a: Ceruledge|55\/100|[from] drain|[of] p1a: RellenitoDeAmor\n|move|p1a: RellenitoDeAmor|Moonblast|p2a: Ceruledge\n|-resisted|p2a: Ceruledge\n|-damage|p2a: Ceruledge|32\/100\n|\n|upkeep\n|turn|8\n|\n|t:|1699492912\n|move|p2a: Ceruledge|Bitter Blade|p1a: RellenitoDeAmor\n|-damage|p1a: RellenitoDeAmor|0 fnt\n|-heal|p2a: Ceruledge|45\/100|[from] drain|[of] p1a: RellenitoDeAmor\n|faint|p1a: RellenitoDeAmor\n|\n|upkeep\n|\n|t:|1699492917\n|switch|p1a: ElRasho|Tapu Koko|100\/100\n|-fieldstart|move: Electric Terrain|[from] ability: Electric Surge|[of] p1a: ElRasho\n|turn|9\n|\n|t:|1699492925\n|move|p2a: Ceruledge|Bitter Blade|p1a: ElRasho\n|-damage|p1a: ElRasho|0 fnt\n|-heal|p2a: Ceruledge|93\/100|[from] drain|[of] p1a: ElRasho\n|faint|p1a: ElRasho\n|\n|upkeep\n|c|\u2606alcatel999|oof ese pokemon es dificil de parar\n|c|\u2606axelzzz09|xddd\n|\n|t:|1699492930\n|switch|p1a: ChikiBaby|Enamorus, F|100\/100\n|turn|10\n|c|\u2606axelzzz09|xd si\n|j| Dio_Brando275\n|\n|t:|1699492933\n|move|p2a: Ceruledge|Bitter Blade|p1a: ChikiBaby\n|-damage|p1a: ChikiBaby|0 fnt\n|-heal|p2a: Ceruledge|100\/100|[from] drain|[of] p1a: ChikiBaby\n|faint|p1a: ChikiBaby\n|\n|upkeep\n|\n|t:|1699492936\n|switch|p1a: SabiasQue...|Sylveon, M|100\/100\n|turn|11\n|\n|t:|1699492940\n|move|p2a: Ceruledge|Bitter Blade|p1a: SabiasQue...\n|-damage|p1a: SabiasQue...|0 fnt\n|faint|p1a: SabiasQue...\n|\n|win|axelzzz09\n|c|\u2606alcatel999|Gg\n|c|\u2606axelzzz09|xeru god\n","uploadtime":1699492947,"views":6,"p1id":"alcatel999","p2id":"axelzzz09","formatid":"gen9nationaldexubers","rating":0,"private":0,"password":""}