{"id":"gen9nationaldexubers-1999236424","p1":"JLeafWasForgotten","p2":"dogkin4","format":"[Gen 9] National Dex Ubers","log":"|j|\u2606JLeafWasForgotten\n|j|\u2606dogkin4\n|t:|1701049060\n|gametype|singles\n|player|p1|JLeafWasForgotten|wattson|\n|player|p2|dogkin4|shauntal|\n|teamsize|p1|6\n|teamsize|p2|6\n|gen|9\n|tier|[Gen 9] National Dex Ubers\n|rule|HP Percentage Mod: HP is shown in percentages\n|rule|Endless Battle Clause: Forcing endless battles is banned\n|rule|OHKO Clause: OHKO moves are banned\n|rule|Evasion Moves Clause: Evasion moves are banned\n|rule|Evasion Items Clause: Evasion items are banned\n|rule|Species Clause: Limit one of each Pok\u00e9mon\n|rule|Sleep Clause Mod: Limit one foe put to sleep\n|rule|Mega Rayquaza Clause: You cannot mega evolve Rayquaza\n|clearpoke\n|poke|p1|Goodra-Hisui, F|\n|poke|p1|Venusaur, F|\n|poke|p1|Zapdos|\n|poke|p1|Pelipper, F|\n|poke|p1|Mr. Mime-Galar, F|\n|poke|p1|Minior|\n|poke|p2|Clodsire, F|\n|poke|p2|Dracovish|\n|poke|p2|Kartana|\n|poke|p2|Skeledirge, M|\n|poke|p2|Orbeetle, F|\n|poke|p2|Jirachi|\n|teampreview\n|j| amitis\n|j| Necriotic\n|c| Necriotic|Good evening\n|c| Necriotic|Morgan lurks once again\n|\n|t:|1701049163\n|start\n|switch|p1a: Venusaur|Venusaur, F|100\/100\n|switch|p2a: The Pain|Orbeetle, F, shiny|100\/100\n|-item|p1a: Venusaur|Venusaurite|[from] ability: Frisk|[of] p2a: The Pain|[identify]\n|turn|1\n|\n|t:|1701049181\n|switch|p1a: Pelipper|Pelipper, F|100\/100\n|-weather|RainDance|[from] ability: Drizzle|[of] p1a: Pelipper\n|move|p2a: The Pain|Light Screen|p2a: The Pain\n|-sidestart|p2: dogkin4|move: Light Screen\n|\n|-weather|RainDance|[upkeep]\n|upkeep\n|turn|2\n|c| Necriotic|NO NICKNAMES\n|c| Necriotic|SURELY HE WOULDNT BRING THE RAIN SSTTED AGAINST THE GUY WITH DRACOVISH\n|\n|t:|1701049212\n|move|p2a: The Pain|Sticky Web|p1a: Pelipper\n|-sidestart|p1: JLeafWasForgotten|move: Sticky Web\n|move|p1a: Pelipper|Scald|p2a: The Pain\n|-damage|p2a: The Pain|82\/100\n|-status|p2a: The Pain|brn\n|\n|-weather|RainDance|[upkeep]\n|-damage|p2a: The Pain|75\/100 brn|[from] brn\n|upkeep\n|turn|3\n|c| Necriotic|SETTER\n|c| amitis|\ud83d\udc40\n|\n|t:|1701049228\n|move|p2a: The Pain|U-turn|p1a: Pelipper\n|-resisted|p1a: Pelipper\n|-damage|p1a: Pelipper|98\/100\n|\n|t:|1701049248\n|switch|p2a: The Sorrow|Jirachi|100\/100|[from] U-turn\n|move|p1a: Pelipper|Hurricane|p2a: The Sorrow\n|-resisted|p2a: The Sorrow\n|-damage|p2a: The Sorrow|91\/100\n|-start|p2a: The Sorrow|confusion\n|\n|-weather|RainDance|[upkeep]\n|-heal|p2a: The Sorrow|97\/100|[from] item: Leftovers\n|upkeep\n|turn|4\n|\n|t:|1701049275\n|-activate|p2a: The Sorrow|confusion\n|move|p2a: The Sorrow|Calm Mind|p2a: The Sorrow\n|-boost|p2a: The Sorrow|spa|1\n|-boost|p2a: The Sorrow|spd|1\n|move|p1a: Pelipper|Defog|p2a: The Sorrow\n|-unboost|p2a: The Sorrow|evasion|1\n|-sideend|p2: dogkin4|move: Light Screen\n|-sideend|p1: JLeafWasForgotten|Sticky Web|[from] move: Defog|[of] p1a: Pelipper\n|\n|-weather|RainDance|[upkeep]\n|-heal|p2a: The Sorrow|100\/100|[from] item: Leftovers\n|upkeep\n|turn|5\n|\n|t:|1701049301\n|-activate|p2a: The Sorrow|confusion\n|-damage|p2a: The Sorrow|93\/100|[from] confusion\n|move|p1a: Pelipper|Scald|p2a: The Sorrow\n|-damage|p2a: The Sorrow|66\/100\n|\n|-weather|RainDance|[upkeep]\n|-heal|p2a: The Sorrow|72\/100|[from] item: Leftovers\n|upkeep\n|turn|6\n|\n|t:|1701049311\n|-activate|p2a: The Sorrow|confusion\n|-damage|p2a: The Sorrow|65\/100|[from] confusion\n|move|p1a: Pelipper|Scald|p2a: The Sorrow\n|-damage|p2a: The Sorrow|37\/100\n|-status|p2a: The Sorrow|brn\n|\n|-weather|RainDance|[upkeep]\n|-heal|p2a: The Sorrow|43\/100 brn|[from] item: Leftovers\n|-damage|p2a: The Sorrow|37\/100 brn|[from] brn\n|upkeep\n|turn|7\n|c| Necriotic|damn that thing hurts\n|j| BadGambles\n|c|\u2606JLeafWasForgotten|loool\n|c| Necriotic|DAMN\n|c| Necriotic|2 in a row\n|\n|t:|1701049330\n|-end|p2a: The Sorrow|confusion\n|move|p2a: The Sorrow|Wish|p2a: The Sorrow\n|move|p1a: Pelipper|Hurricane|p2a: The Sorrow\n|-resisted|p2a: The Sorrow\n|-damage|p2a: The Sorrow|25\/100 brn\n|\n|-weather|RainDance|[upkeep]\n|-heal|p2a: The Sorrow|31\/100 brn|[from] item: Leftovers\n|-damage|p2a: The Sorrow|25\/100 brn|[from] brn\n|upkeep\n|turn|8\n|\n|t:|1701049340\n|move|p2a: The Sorrow|Thunderbolt|p1a: Pelipper\n|-supereffective|p1a: Pelipper\n|-damage|p1a: Pelipper|0 fnt\n|faint|p1a: Pelipper\n|\n|-weather|none\n|-heal|p2a: The Sorrow|75\/100 brn|[from] move: Wish|[wisher] The Sorrow\n|-heal|p2a: The Sorrow|81\/100 brn|[from] item: Leftovers\n|-damage|p2a: The Sorrow|75\/100 brn|[from] brn\n|upkeep\n|c| Necriotic|Smoked\n|\n|t:|1701049355\n|switch|p1a: Goodra|Goodra-Hisui, F|100\/100\n|turn|9\n|c| Necriotic|Surely he has earth power and surely it will do a lot\n|c| Necriotic|Clueless\n|\n|t:|1701049383\n|switch|p2a: The Pain|Orbeetle, F, shiny|75\/100 brn\n|-item|p1a: Goodra|Assault Vest|[from] ability: Frisk|[of] p2a: The Pain|[identify]\n|move|p1a: Goodra|Earthquake|p2a: The Pain\n|-resisted|p2a: The Pain\n|-damage|p2a: The Pain|63\/100 brn\n|\n|-damage|p2a: The Pain|57\/100 brn|[from] brn\n|upkeep\n|turn|10\n|\n|t:|1701049402\n|move|p2a: The Pain|Light Screen|p2a: The Pain\n|-sidestart|p2: dogkin4|move: Light Screen\n|move|p1a: Goodra|Flamethrower|p2a: The Pain\n|-supereffective|p2a: The Pain\n|-damage|p2a: The Pain|37\/100 brn\n|\n|-damage|p2a: The Pain|31\/100 brn|[from] brn\n|upkeep\n|turn|11\n|\n|t:|1701049423\n|move|p2a: The Pain|Sticky Web|p1a: Goodra\n|-sidestart|p1: JLeafWasForgotten|move: Sticky Web\n|move|p1a: Goodra|Thunderbolt|p2a: The Pain\n|-damage|p2a: The Pain|19\/100 brn\n|\n|-damage|p2a: The Pain|13\/100 brn|[from] brn\n|upkeep\n|turn|12\n|\n|t:|1701049466\n|switch|p2a: The End|Dracovish|100\/100\n|move|p1a: Goodra|Thunderbolt|p2a: The End\n|-damage|p2a: The End|86\/100\n|\n|upkeep\n|turn|13\n|c| Necriotic|Vish time\n|c| Necriotic|Probably does like 25 to this goodra tbh\n|c|\u2606JLeafWasForgotten|I believe\n|\n|t:|1701049509\n|move|p2a: The End|Low Kick|p1a: Goodra\n|-supereffective|p1a: Goodra\n|-damage|p1a: Goodra|50\/100\n|move|p1a: Goodra|Flamethrower|p2a: The End\n|-resisted|p2a: The End\n|-damage|p2a: The End|82\/100\n|\n|upkeep\n|turn|14\n|c| Necriotic|You are NOT fishing for burn\n|c|\u2606dogkin4|madman going for flamethrower burn\n|c| Necriotic|With flamethrower\n|c|\u2606dogkin4|I respect it so hard\n|j| Vaeternum\n|j| Timburr2\n|\n|t:|1701049544\n|move|p2a: The End|Low Kick|p1a: Goodra\n|-supereffective|p1a: Goodra\n|-damage|p1a: Goodra|0 fnt\n|faint|p1a: Goodra\n|\n|upkeep\n|\n|t:|1701049549\n|switch|p1a: Venusaur|Venusaur, F|100\/100\n|-activate|p1a: Venusaur|move: Sticky Web\n|-unboost|p1a: Venusaur|spe|1\n|turn|15\n|\n|t:|1701049590\n|switch|p2a: The Sorrow|Jirachi|75\/100 brn\n|detailschange|p1a: Venusaur|Venusaur-Mega, F\n|-mega|p1a: Venusaur|Venusaur|Venusaurite\n|move|p1a: Venusaur|Leech Seed|p2a: The Sorrow\n|-start|p2a: The Sorrow|move: Leech Seed\n|\n|-heal|p2a: The Sorrow|81\/100 brn|[from] item: Leftovers\n|-damage|p2a: The Sorrow|69\/100 brn|[from] Leech Seed|[of] p1a: Venusaur\n|-damage|p2a: The Sorrow|63\/100 brn|[from] brn\n|upkeep\n|turn|16\n|\n|t:|1701049603\n|move|p2a: The Sorrow|Wish|p2a: The Sorrow\n|move|p1a: Venusaur|Earth Power|p2a: The Sorrow\n|-supereffective|p2a: The Sorrow\n|-damage|p2a: The Sorrow|28\/100 brn\n|\n|-heal|p2a: The Sorrow|34\/100 brn|[from] item: Leftovers\n|-damage|p2a: The Sorrow|22\/100 brn|[from] Leech Seed|[of] p1a: Venusaur\n|-damage|p2a: The Sorrow|16\/100 brn|[from] brn\n|upkeep\n|turn|17\n|c| Necriotic|Well\n|c| Necriotic|Whos getting the wish\n|\n|t:|1701049644\n|switch|p2a: The Pain|Orbeetle, F, shiny|13\/100 brn\n|-item|p1a: Venusaur|Venusaurite|[from] ability: Frisk|[of] p2a: The Pain|[identify]\n|switch|p1a: Minior|Minior|100\/100\n|-formechange|p1a: Minior|Minior-Meteor||[from] ability: Shields Down\n|\n|-heal|p2a: The Pain|68\/100 brn|[from] move: Wish|[wisher] The Sorrow\n|-damage|p2a: The Pain|62\/100 brn|[from] brn\n|-sideend|p2: dogkin4|move: Light Screen\n|upkeep\n|turn|18\n|c| Timburr2|this dude running wish no protect :pointnadlaugh:\n|\n|t:|1701049670\n|move|p2a: The Pain|Reflect|p2a: The Pain\n|-sidestart|p2: dogkin4|Reflect\n|move|p1a: Minior|Acrobatics|p2a: The Pain\n|-supereffective|p2a: The Pain\n|-crit|p2a: The Pain\n|-damage|p2a: The Pain|7\/100 brn\n|\n|-damage|p2a: The Pain|0 fnt|[from] brn\n|faint|p2a: The Pain\n|upkeep\n|l| Timburr2\n|c| Necriotic|Wait who are you\n|\n|t:|1701049690\n|switch|p2a: The Fury|Skeledirge, M|100\/100\n|turn|19\n|c| Vaeternum|gone like an ash in the wind\n|\n|t:|1701049700\n|move|p1a: Minior|Shell Smash|p1a: Minior\n|-unboost|p1a: Minior|def|1\n|-unboost|p1a: Minior|spd|1\n|-boost|p1a: Minior|atk|2\n|-boost|p1a: Minior|spa|2\n|-boost|p1a: Minior|spe|2\n|move|p2a: The Fury|Will-O-Wisp|p1a: Minior\n|-immune|p1a: Minior|[from] ability: Shields Down\n|\n|upkeep\n|turn|20\n|c|\u2606dogkin4|I FORGOR\n|l| Necriotic\n|c|\u2606JLeafWasForgotten|same here LOL\n|\n|t:|1701049729\n|move|p1a: Minior|Earthquake|p2a: The Fury\n|-supereffective|p2a: The Fury\n|-damage|p2a: The Fury|86\/100\n|move|p2a: The Fury|Torch Song|p1a: Minior\n|-resisted|p1a: Minior\n|-damage|p1a: Minior|78\/100\n|-boost|p2a: The Fury|spa|1\n|\n|-heal|p2a: The Fury|92\/100|[from] item: Leftovers\n|upkeep\n|turn|21\n|j| Necriotic\n|c|\u2606JLeafWasForgotten|DAMN that's fat\n|c| Necriotic|Wait it cant be bruned\n|c| Necriotic|Jarrett\n|c| Necriotic|Its unaware\n|c|\u2606JLeafWasForgotten|I didn't click his sheet\n|\n|t:|1701049775\n|switch|p2a: The End|Dracovish|82\/100\n|move|p1a: Minior|Earthquake|p2a: The End\n|-damage|p2a: The End|58\/100\n|\n|upkeep\n|turn|22\n|c| Necriotic|You dont know????? He literally runs it every week\n|c| Necriotic|Why would you ever use blaze skeledirge\n|c|\u2606dogkin4|trick room torch song obvs\n|c|\u2606JLeafWasForgotten|you think I look at things and study???\n|\n|t:|1701049830\n|move|p2a: The End|Fishious Rend|p1a: Minior\n|-supereffective|p1a: Minior\n|-damage|p1a: Minior|0 fnt\n|faint|p1a: Minior\n|\n|upkeep\n|\n|t:|1701049839\n|switch|p1a: Venusaur|Venusaur-Mega, F|100\/100\n|-activate|p1a: Venusaur|move: Sticky Web\n|-unboost|p1a: Venusaur|spe|1\n|turn|23\n|c| Necriotic|Im thinking you know what most pokemons abilities are\n|c| Necriotic|Especially the most recent gen\n|c|\u2606JLeafWasForgotten|I don't know shit about starters\n|\n|t:|1701049886\n|move|p2a: The End|Fishious Rend|p1a: Venusaur\n|-resisted|p1a: Venusaur\n|-damage|p1a: Venusaur|48\/100\n|move|p1a: Venusaur|Leech Seed|p2a: The End\n|-start|p2a: The End|move: Leech Seed\n|\n|-damage|p2a: The End|46\/100|[from] Leech Seed|[of] p1a: Venusaur\n|-heal|p1a: Venusaur|61\/100|[silent]\n|upkeep\n|turn|24\n|c| Necriotic|Ahh okok\n|c| Necriotic|I honestly thought u did\n|c|\u2606JLeafWasForgotten|haven't used a starter frfr since gen3\n|\n|t:|1701049963\n|switch|p2a: The Boss (\uff61\u25d5\u203f\u203f\u25d5\uff61)|Clodsire, F|100\/100\n|move|p1a: Venusaur|Earth Power|p2a: The Boss (\uff61\u25d5\u203f\u203f\u25d5\uff61)\n|-supereffective|p2a: The Boss (\uff61\u25d5\u203f\u203f\u25d5\uff61)\n|-damage|p2a: The Boss (\uff61\u25d5\u203f\u203f\u25d5\uff61)|68\/100\n|\n|-heal|p2a: The Boss (\uff61\u25d5\u203f\u203f\u25d5\uff61)|74\/100|[from] item: Leftovers\n|upkeep\n|turn|25\n|\n|t:|1701049971\n|move|p1a: Venusaur|Leech Seed|p2a: The Boss (\uff61\u25d5\u203f\u203f\u25d5\uff61)\n|-start|p2a: The Boss (\uff61\u25d5\u203f\u203f\u25d5\uff61)|move: Leech Seed\n|move|p2a: The Boss (\uff61\u25d5\u203f\u203f\u25d5\uff61)|Stealth Rock|p1a: Venusaur\n|-sidestart|p1: JLeafWasForgotten|move: Stealth Rock\n|\n|-heal|p2a: The Boss (\uff61\u25d5\u203f\u203f\u25d5\uff61)|80\/100|[from] item: Leftovers\n|-damage|p2a: The Boss (\uff61\u25d5\u203f\u203f\u25d5\uff61)|67\/100|[from] Leech Seed|[of] p1a: Venusaur\n|-heal|p1a: Venusaur|80\/100|[silent]\n|-sideend|p2: dogkin4|Reflect\n|upkeep\n|turn|26\n|\n|t:|1701050030\n|switch|p2a: The End|Dracovish|46\/100\n|move|p1a: Venusaur|Earth Power|p2a: The End\n|-damage|p2a: The End|3\/100\n|-unboost|p2a: The End|spd|1\n|\n|upkeep\n|turn|27\n|\n|t:|1701050055\n|move|p2a: The End|Psychic Fangs|p1a: Venusaur\n|-supereffective|p1a: Venusaur\n|-damage|p1a: Venusaur|11\/100\n|move|p1a: Venusaur|Leech Seed|p2a: The End\n|-start|p2a: The End|move: Leech Seed\n|\n|-damage|p2a: The End|0 fnt|[from] Leech Seed|[of] p1a: Venusaur\n|-heal|p1a: Venusaur|14\/100|[silent]\n|faint|p2a: The End\n|upkeep\n|c|\u2606JLeafWasForgotten|worth\n|\n|t:|1701050068\n|switch|p2a: The Fear|Kartana, shiny|100\/100\n|turn|28\n|c|\u2606JLeafWasForgotten|(not really)\n|c| Necriotic|indeed\n|\n|t:|1701050090\n|switch|p1a: Zapdos|Zapdos|100\/100\n|move|p2a: The Fear|Knock Off|p1a: Zapdos\n|-crit|p1a: Zapdos\n|-damage|p1a: Zapdos|1\/100\n|-enditem|p1a: Zapdos|Heavy-Duty Boots|[from] move: Knock Off|[of] p2a: The Fear\n|-damage|p2a: The Fear|90\/100|[from] item: Life Orb\n|\n|upkeep\n|turn|29\n|c| Necriotic|holy shizay\n|\n|t:|1701050110\n|move|p2a: The Fear|Knock Off|p1a: Zapdos\n|-damage|p1a: Zapdos|0 fnt\n|faint|p1a: Zapdos\n|-ability|p2a: The Fear|Beast Boost|boost\n|-boost|p2a: The Fear|atk|1\n|-damage|p2a: The Fear|80\/100|[from] item: Life Orb\n|\n|upkeep\n|\n|t:|1701050117\n|switch|p1a: Mr. Mime|Mr. Mime-Galar, F|100\/100\n|-activate|p1a: Mr. Mime|move: Sticky Web\n|-unboost|p1a: Mr. Mime|spe|1\n|-damage|p1a: Mr. Mime|76\/100|[from] Stealth Rock\n|turn|30\n|c|\u2606JLeafWasForgotten|yup ggs\n|c|\u2606dogkin4|pulling a luca real quick this is throwable\n|c|\u2606JLeafWasForgotten|lol not possible, you seen the speed on that thing?\n|c|\u2606dogkin4|i know this mf scarfed\n|c|\u2606JLeafWasForgotten|I mean, yea\n|\n|t:|1701050228\n|switch|p2a: The Boss (\uff61\u25d5\u203f\u203f\u25d5\uff61)|Clodsire, F|67\/100\n|move|p1a: Mr. Mime|Shadow Ball|p2a: The Boss (\uff61\u25d5\u203f\u203f\u25d5\uff61)\n|-damage|p2a: The Boss (\uff61\u25d5\u203f\u203f\u25d5\uff61)|55\/100\n|\n|-heal|p2a: The Boss (\uff61\u25d5\u203f\u203f\u25d5\uff61)|61\/100|[from] item: Leftovers\n|upkeep\n|turn|31\n|\n|t:|1701050237\n|move|p1a: Mr. Mime|Shadow Ball|p2a: The Boss (\uff61\u25d5\u203f\u203f\u25d5\uff61)\n|-damage|p2a: The Boss (\uff61\u25d5\u203f\u203f\u25d5\uff61)|49\/100\n|move|p2a: The Boss (\uff61\u25d5\u203f\u203f\u25d5\uff61)|Recover|p2a: The Boss (\uff61\u25d5\u203f\u203f\u25d5\uff61)\n|-heal|p2a: The Boss (\uff61\u25d5\u203f\u203f\u25d5\uff61)|99\/100\n|\n|-heal|p2a: The Boss (\uff61\u25d5\u203f\u203f\u25d5\uff61)|100\/100|[from] item: Leftovers\n|upkeep\n|turn|32\n|\n|t:|1701050245\n|switch|p1a: Venusaur|Venusaur-Mega, F|14\/100\n|-activate|p1a: Venusaur|move: Sticky Web\n|-unboost|p1a: Venusaur|spe|1\n|-damage|p1a: Venusaur|1\/100|[from] Stealth Rock\n|move|p2a: The Boss (\uff61\u25d5\u203f\u203f\u25d5\uff61)|Earthquake|p1a: Venusaur\n|-damage|p1a: Venusaur|0 fnt\n|faint|p1a: Venusaur\n|\n|upkeep\n|\n|t:|1701050253\n|switch|p1a: Mr. Mime|Mr. Mime-Galar, F|76\/100\n|-activate|p1a: Mr. Mime|move: Sticky Web\n|-unboost|p1a: Mr. Mime|spe|1\n|-damage|p1a: Mr. Mime|51\/100|[from] Stealth Rock\n|turn|33\n|\n|t:|1701050269\n|move|p1a: Mr. Mime|Expanding Force|p2a: The Boss (\uff61\u25d5\u203f\u203f\u25d5\uff61)\n|-supereffective|p2a: The Boss (\uff61\u25d5\u203f\u203f\u25d5\uff61)\n|-damage|p2a: The Boss (\uff61\u25d5\u203f\u203f\u25d5\uff61)|65\/100\n|move|p2a: The Boss (\uff61\u25d5\u203f\u203f\u25d5\uff61)|Earthquake|p1a: Mr. Mime\n|-damage|p1a: Mr. Mime|0 fnt\n|faint|p1a: Mr. Mime\n|\n|win|dogkin4\n|c|\u2606JLeafWasForgotten|ggs\n|c|\u2606dogkin4|ggsggs\n|l|\u2606JLeafWasForgotten\n","uploadtime":1701050293,"views":5,"p1id":"jleafwasforgotten","p2id":"dogkin4","formatid":"gen9nationaldexubers","rating":0,"private":0,"password":""}