{"id":"gen9nationaldexubers-1999980194","p1":"Jeklabo","p2":"kabrador","format":"[Gen 9] National Dex Ubers","log":"|j|\u2606Jeklabo\n|j|\u2606kabrador\n|t:|1701137182\n|gametype|singles\n|player|p1|Jeklabo|169|\n|player|p2|kabrador|hilda|\n|teamsize|p1|6\n|teamsize|p2|6\n|gen|9\n|tier|[Gen 9] National Dex Ubers\n|rule|HP Percentage Mod: HP is shown in percentages\n|rule|Endless Battle Clause: Forcing endless battles is banned\n|rule|OHKO Clause: OHKO moves are banned\n|rule|Evasion Moves Clause: Evasion moves are banned\n|rule|Evasion Items Clause: Evasion items are banned\n|rule|Species Clause: Limit one of each Pok\u00e9mon\n|rule|Sleep Clause Mod: Limit one foe put to sleep\n|rule|Mega Rayquaza Clause: You cannot mega evolve Rayquaza\n|clearpoke\n|poke|p1|Darkrai|\n|poke|p1|Toxapex, F|\n|poke|p1|Dipplin, M|\n|poke|p1|Gengar, M|\n|poke|p1|Cloyster, F|\n|poke|p1|Talonflame, M|\n|poke|p2|Lugia|\n|poke|p2|Sinistcha|\n|poke|p2|Mawile, F|\n|poke|p2|Sneasler, M|\n|poke|p2|Haxorus, M|\n|poke|p2|Perrserker, M|\n|teampreview\n|j| MoistestofMoose\n|j| CrossingTheDelta\n|\n|t:|1701137195\n|start\n|switch|p1a: Cloyster|Cloyster, F|100\/100\n|switch|p2a: Perrserker|Perrserker, M, shiny|100\/100\n|turn|1\n|j| alitar100\n|\n|t:|1701137214\n|move|p1a: Cloyster|Spikes|p2a: Perrserker\n|-sidestart|p2: kabrador|Spikes\n|move|p2a: Perrserker|Iron Head|p1a: Cloyster\n|-damage|p1a: Cloyster|78\/100\n|\n|upkeep\n|turn|2\n|\n|t:|1701137220\n|move|p1a: Cloyster|Spikes|p2a: Perrserker\n|-sidestart|p2: kabrador|Spikes\n|move|p2a: Perrserker|Close Combat|p1a: Cloyster\n|-supereffective|p1a: Cloyster\n|-damage|p1a: Cloyster|35\/100\n|-unboost|p2a: Perrserker|def|1\n|-unboost|p2a: Perrserker|spd|1\n|\n|upkeep\n|turn|3\n|\n|t:|1701137228\n|move|p1a: Cloyster|Spikes|p2a: Perrserker\n|-sidestart|p2: kabrador|Spikes\n|move|p2a: Perrserker|Close Combat|p1a: Cloyster\n|-supereffective|p1a: Cloyster\n|-damage|p1a: Cloyster|0 fnt\n|-unboost|p2a: Perrserker|def|1\n|-unboost|p2a: Perrserker|spd|1\n|faint|p1a: Cloyster\n|\n|upkeep\n|\n|t:|1701137271\n|switch|p1a: Dipplin|Dipplin, M|100\/100\n|-ability|p1a: Dipplin|Supersweet Syrup\n|-ability|p1a: Dipplin|Supersweet Syrup|boost\n|-unboost|p2a: Perrserker|evasion|1\n|turn|4\n|\n|t:|1701137290\n|move|p2a: Perrserker|U-turn|p1a: Dipplin\n|-supereffective|p1a: Dipplin\n|-damage|p1a: Dipplin|81\/100\n|\n|t:|1701137340\n|switch|p2a: Haxorus|Haxorus, M, shiny|100\/100|[from] U-turn\n|-damage|p2a: Haxorus|76\/100|[from] Spikes\n|-ability|p2a: Haxorus|Mold Breaker\n|move|p1a: Dipplin|Syrup Bomb|p2a: Haxorus\n|-resisted|p2a: Haxorus\n|-crit|p2a: Haxorus\n|-damage|p2a: Haxorus|51\/100\n|-start|p2a: Haxorus|Syrup Bomb\n|\n|-unboost|p2a: Haxorus|spe|1\n|upkeep\n|turn|5\n|\n|t:|1701137363\n|-terastallize|p1a: Dipplin|Steel\n|move|p2a: Haxorus|Scale Shot|p1a: Dipplin\n|-resisted|p1a: Dipplin\n|-damage|p1a: Dipplin|78\/100\n|-resisted|p1a: Dipplin\n|-damage|p1a: Dipplin|75\/100\n|-resisted|p1a: Dipplin\n|-damage|p1a: Dipplin|72\/100\n|-resisted|p1a: Dipplin\n|-damage|p1a: Dipplin|69\/100\n|-resisted|p1a: Dipplin\n|-damage|p1a: Dipplin|66\/100\n|-hitcount|p1a: Dipplin|5\n|-unboost|p2a: Haxorus|def|1\n|-boost|p2a: Haxorus|spe|1\n|move|p1a: Dipplin|Dragon Tail|p2a: Haxorus\n|-supereffective|p2a: Haxorus\n|-damage|p2a: Haxorus|0 fnt\n|faint|p2a: Haxorus\n|\n|upkeep\n|\n|t:|1701137411\n|switch|p2a: Perrserker|Perrserker, M, shiny|100\/100\n|-damage|p2a: Perrserker|76\/100|[from] Spikes\n|turn|6\n|\n|t:|1701137420\n|move|p2a: Perrserker|Close Combat|p1a: Dipplin\n|-supereffective|p1a: Dipplin\n|-damage|p1a: Dipplin|36\/100\n|-unboost|p2a: Perrserker|def|1\n|-unboost|p2a: Perrserker|spd|1\n|move|p1a: Dipplin|Dragon Tail|p2a: Perrserker\n|-resisted|p2a: Perrserker\n|-damage|p2a: Perrserker|66\/100\n|drag|p2a: Mawile|Mawile, F, shiny|100\/100\n|-damage|p2a: Mawile|76\/100|[from] Spikes\n|\n|upkeep\n|turn|7\n|\n|t:|1701137436\n|detailschange|p2a: Mawile|Mawile-Mega, F, shiny\n|-mega|p2a: Mawile|Mawile|Mawilite\n|move|p2a: Mawile|Knock Off|p1a: Dipplin\n|-damage|p1a: Dipplin|8\/100\n|-enditem|p1a: Dipplin|Eviolite|[from] move: Knock Off|[of] p2a: Mawile\n|move|p1a: Dipplin|Recover|p1a: Dipplin\n|-heal|p1a: Dipplin|58\/100\n|\n|upkeep\n|turn|8\n|\n|t:|1701137475\n|switch|p2a: Perrserker|Perrserker, M, shiny|66\/100\n|-damage|p2a: Perrserker|42\/100|[from] Spikes\n|switch|p1a: Toxapex|Toxapex, F|100\/100\n|\n|upkeep\n|turn|9\n|\n|t:|1701137498\n|move|p2a: Perrserker|Stealth Rock|p1a: Toxapex\n|-sidestart|p1: Jeklabo|move: Stealth Rock\n|move|p1a: Toxapex|Toxic Spikes|p2a: Perrserker\n|-sidestart|p2: kabrador|move: Toxic Spikes\n|\n|upkeep\n|turn|10\n|\n|t:|1701137508\n|move|p2a: Perrserker|Iron Head|p1a: Toxapex\n|-resisted|p1a: Toxapex\n|-damage|p1a: Toxapex|85\/100\n|move|p1a: Toxapex|Scald|p2a: Perrserker\n|-damage|p2a: Perrserker|16\/100\n|\n|-heal|p1a: Toxapex|91\/100|[from] item: Leftovers\n|upkeep\n|turn|11\n|\n|t:|1701137521\n|move|p2a: Perrserker|Iron Head|p1a: Toxapex\n|-resisted|p1a: Toxapex\n|-damage|p1a: Toxapex|77\/100\n|cant|p1a: Toxapex|flinch\n|\n|-heal|p1a: Toxapex|83\/100|[from] item: Leftovers\n|upkeep\n|turn|12\n|\n|t:|1701137528\n|move|p2a: Perrserker|Iron Head|p1a: Toxapex\n|-resisted|p1a: Toxapex\n|-damage|p1a: Toxapex|69\/100\n|move|p1a: Toxapex|Scald|p2a: Perrserker\n|-damage|p2a: Perrserker|0 fnt\n|faint|p2a: Perrserker\n|\n|-heal|p1a: Toxapex|75\/100|[from] item: Leftovers\n|upkeep\n|\n|t:|1701137537\n|switch|p2a: Sneasler|Sneasler, M, shiny|100\/100\n|-damage|p2a: Sneasler|76\/100|[from] Spikes\n|-sideend|p2: kabrador|move: Toxic Spikes|[of] p2a: Sneasler\n|turn|13\n|\n|t:|1701137545\n|move|p2a: Sneasler|Switcheroo|p1a: Toxapex\n|-activate|p2a: Sneasler|move: Trick|[of] p1a: Toxapex\n|-item|p1a: Toxapex|Choice Scarf|[from] move: Switcheroo\n|-item|p2a: Sneasler|Leftovers|[from] move: Switcheroo\n|move|p1a: Toxapex|Scald|p2a: Sneasler\n|-damage|p2a: Sneasler|53\/100\n|-status|p2a: Sneasler|brn\n|\n|-heal|p2a: Sneasler|59\/100 brn|[from] item: Leftovers\n|-damage|p2a: Sneasler|53\/100 brn|[from] brn\n|upkeep\n|turn|14\n|\n|t:|1701137592\n|move|p2a: Sneasler|Dire Claw|p1a: Toxapex\n|-resisted|p1a: Toxapex\n|-damage|p1a: Toxapex|67\/100\n|-status|p1a: Toxapex|par\n|move|p1a: Toxapex|Scald|p2a: Sneasler\n|-damage|p2a: Sneasler|30\/100 brn\n|\n|-heal|p2a: Sneasler|36\/100 brn|[from] item: Leftovers\n|-damage|p2a: Sneasler|30\/100 brn|[from] brn\n|upkeep\n|turn|15\n|\n|t:|1701137664\n|move|p2a: Sneasler|U-turn|p1a: Toxapex\n|-resisted|p1a: Toxapex\n|-damage|p1a: Toxapex|62\/100 par\n|\n|t:|1701137667\n|switch|p2a: Lugia|Lugia, shiny|100\/100|[from] U-turn\n|move|p1a: Toxapex|Scald|p2a: Lugia\n|-damage|p2a: Lugia|96\/100\n|-status|p2a: Lugia|brn\n|\n|-damage|p2a: Lugia|90\/100 brn|[from] brn\n|upkeep\n|turn|16\n|\n|t:|1701137680\n|switch|p1a: Darkrai|Darkrai|100\/100\n|-damage|p1a: Darkrai|88\/100|[from] Stealth Rock\n|-terastallize|p2a: Lugia|Water\n|move|p2a: Lugia|Psychic|p1a: Darkrai\n|-immune|p1a: Darkrai\n|\n|-damage|p2a: Lugia|84\/100 brn|[from] brn\n|upkeep\n|turn|17\n|\n|t:|1701137734\n|switch|p1a: Toxapex|Toxapex, F|95\/100 par\n|-damage|p1a: Toxapex|83\/100 par|[from] Stealth Rock\n|move|p2a: Lugia|Thunder Wave|p1a: Toxapex|[miss]\n|-miss|p2a: Lugia|p1a: Toxapex\n|\n|-damage|p2a: Lugia|78\/100 brn|[from] brn\n|upkeep\n|turn|18\n|\n|t:|1701137758\n|move|p2a: Lugia|Aeroblast|p1a: Toxapex\n|-damage|p1a: Toxapex|62\/100 par\n|move|p1a: Toxapex|Scald|p2a: Lugia\n|-resisted|p2a: Lugia\n|-damage|p2a: Lugia|74\/100 brn\n|\n|-damage|p2a: Lugia|67\/100 brn|[from] brn\n|upkeep\n|turn|19\n|\n|t:|1701137767\n|move|p2a: Lugia|Recover|p2a: Lugia\n|-heal|p2a: Lugia|100\/100 brn\n|move|p1a: Toxapex|Scald|p2a: Lugia\n|-resisted|p2a: Lugia\n|-damage|p2a: Lugia|98\/100 brn\n|\n|-damage|p2a: Lugia|92\/100 brn|[from] brn\n|upkeep\n|turn|20\n|\n|t:|1701137783\n|move|p2a: Lugia|Psychic|p1a: Toxapex\n|-supereffective|p1a: Toxapex\n|-damage|p1a: Toxapex|25\/100 par\n|move|p1a: Toxapex|Scald|p2a: Lugia\n|-resisted|p2a: Lugia\n|-damage|p2a: Lugia|87\/100 brn\n|\n|-damage|p2a: Lugia|81\/100 brn|[from] brn\n|upkeep\n|turn|21\n|\n|t:|1701137791\n|move|p2a: Lugia|Psychic|p1a: Toxapex\n|-supereffective|p1a: Toxapex\n|-damage|p1a: Toxapex|0 fnt\n|faint|p1a: Toxapex\n|\n|-damage|p2a: Lugia|75\/100 brn|[from] brn\n|upkeep\n|\n|t:|1701137797\n|switch|p1a: Dipplin|Dipplin, M, tera:Steel|58\/100\n|-damage|p1a: Dipplin|52\/100|[from] Stealth Rock\n|turn|22\n|\n|t:|1701137818\n|move|p2a: Lugia|Thunder Wave|p1a: Dipplin\n|-status|p1a: Dipplin|par\n|move|p1a: Dipplin|Recover|p1a: Dipplin\n|-heal|p1a: Dipplin|100\/100 par\n|\n|-damage|p2a: Lugia|69\/100 brn|[from] brn\n|upkeep\n|turn|23\n|\n|t:|1701137832\n|move|p2a: Lugia|Psychic|p1a: Dipplin\n|-resisted|p1a: Dipplin\n|-damage|p1a: Dipplin|85\/100 par\n|move|p1a: Dipplin|Syrup Bomb|p2a: Lugia\n|-supereffective|p2a: Lugia\n|-damage|p2a: Lugia|47\/100 brn\n|-start|p2a: Lugia|Syrup Bomb\n|\n|-damage|p2a: Lugia|41\/100 brn|[from] brn\n|-unboost|p2a: Lugia|spe|1\n|upkeep\n|turn|24\n|\n|t:|1701137848\n|move|p2a: Lugia|Recover|p2a: Lugia\n|-heal|p2a: Lugia|91\/100 brn\n|cant|p1a: Dipplin|par\n|\n|-damage|p2a: Lugia|85\/100 brn|[from] brn\n|-unboost|p2a: Lugia|spe|1\n|upkeep\n|turn|25\n|\n|t:|1701137871\n|move|p2a: Lugia|Aeroblast|p1a: Dipplin\n|-resisted|p1a: Dipplin\n|-damage|p1a: Dipplin|68\/100 par\n|cant|p1a: Dipplin|par\n|\n|-damage|p2a: Lugia|79\/100 brn|[from] brn\n|-unboost|p2a: Lugia|spe|1\n|upkeep\n|turn|26\n|\n|t:|1701137921\n|move|p2a: Lugia|Psychic|p1a: Dipplin\n|-resisted|p1a: Dipplin\n|-damage|p1a: Dipplin|53\/100 par\n|move|p1a: Dipplin|Syrup Bomb|p2a: Lugia\n|-supereffective|p2a: Lugia\n|-damage|p2a: Lugia|58\/100 brn\n|\n|-damage|p2a: Lugia|52\/100 brn|[from] brn\n|-end|p2a: Lugia|Syrup Bomb|[silent]\n|upkeep\n|turn|27\n|\n|t:|1701137933\n|move|p2a: Lugia|Recover|p2a: Lugia\n|-heal|p2a: Lugia|100\/100 brn\n|cant|p1a: Dipplin|par\n|\n|-damage|p2a: Lugia|94\/100 brn|[from] brn\n|upkeep\n|turn|28\n|\n|t:|1701138076\n|move|p2a: Lugia|Psychic|p1a: Dipplin\n|-resisted|p1a: Dipplin\n|-damage|p1a: Dipplin|38\/100 par\n|move|p1a: Dipplin|Syrup Bomb|p2a: Lugia|[miss]\n|-miss|p1a: Dipplin|p2a: Lugia\n|\n|-damage|p2a: Lugia|88\/100 brn|[from] brn\n|upkeep\n|turn|29\n|\n|t:|1701138085\n|move|p2a: Lugia|Psychic|p1a: Dipplin\n|-resisted|p1a: Dipplin\n|-damage|p1a: Dipplin|22\/100 par\n|cant|p1a: Dipplin|par\n|\n|-damage|p2a: Lugia|82\/100 brn|[from] brn\n|upkeep\n|turn|30\n|\n|t:|1701138092\n|move|p2a: Lugia|Psychic|p1a: Dipplin\n|-resisted|p1a: Dipplin\n|-damage|p1a: Dipplin|6\/100 par\n|cant|p1a: Dipplin|par\n|\n|-damage|p2a: Lugia|76\/100 brn|[from] brn\n|upkeep\n|turn|31\n|\n|t:|1701138098\n|move|p2a: Lugia|Psychic|p1a: Dipplin\n|-resisted|p1a: Dipplin\n|-damage|p1a: Dipplin|0 fnt\n|faint|p1a: Dipplin\n|\n|-damage|p2a: Lugia|70\/100 brn|[from] brn\n|upkeep\n|\n|t:|1701138173\n|switch|p1a: Talonflame|Talonflame, M|100\/100\n|-damage|p1a: Talonflame|51\/100|[from] Stealth Rock\n|turn|32\n|\n|t:|1701138237\n|move|p1a: Talonflame|Brave Bird|p2a: Lugia\n|-damage|p2a: Lugia|49\/100 brn\n|-damage|p1a: Talonflame|41\/100|[from] Recoil\n|move|p2a: Lugia|Psychic|p1a: Talonflame\n|-damage|p1a: Talonflame|0 fnt\n|faint|p1a: Talonflame\n|\n|-damage|p2a: Lugia|43\/100 brn|[from] brn\n|upkeep\n|\n|t:|1701138248\n|switch|p1a: Darkrai|Darkrai|88\/100\n|-damage|p1a: Darkrai|76\/100|[from] Stealth Rock\n|turn|33\n|\n|t:|1701138252\n|move|p1a: Darkrai|Nasty Plot|p1a: Darkrai\n|-boost|p1a: Darkrai|spa|2\n|move|p2a: Lugia|Recover|p2a: Lugia\n|-heal|p2a: Lugia|93\/100 brn\n|\n|-damage|p2a: Lugia|87\/100 brn|[from] brn\n|upkeep\n|turn|34\n|\n|t:|1701138263\n|move|p1a: Darkrai|Dark Pulse|p2a: Lugia\n|-damage|p2a: Lugia|28\/100 brn\n|-damage|p1a: Darkrai|66\/100|[from] item: Life Orb\n|cant|p2a: Lugia|flinch\n|\n|-damage|p2a: Lugia|22\/100 brn|[from] brn\n|upkeep\n|turn|35\n|\n|t:|1701138272\n|move|p1a: Darkrai|Dark Pulse|p2a: Lugia\n|-damage|p2a: Lugia|0 fnt\n|faint|p2a: Lugia\n|-damage|p1a: Darkrai|56\/100|[from] item: Life Orb\n|\n|upkeep\n|\n|t:|1701138289\n|switch|p2a: Mawile|Mawile-Mega, F, shiny|76\/100\n|-damage|p2a: Mawile|51\/100|[from] Spikes\n|turn|36\n|\n|t:|1701138295\n|move|p1a: Darkrai|Hypnosis|p2a: Mawile\n|-status|p2a: Mawile|slp|[from] move: Hypnosis\n|cant|p2a: Mawile|slp\n|\n|-damage|p2a: Mawile|39\/100 slp|[from] ability: Bad Dreams|[of] p1a: Darkrai\n|upkeep\n|turn|37\n|\n|t:|1701138301\n|move|p1a: Darkrai|Dark Pulse|p2a: Mawile\n|-resisted|p2a: Mawile\n|-damage|p2a: Mawile|0 fnt\n|faint|p2a: Mawile\n|-damage|p1a: Darkrai|46\/100|[from] item: Life Orb\n|\n|upkeep\n|\n|t:|1701138472\n|switch|p2a: Sinistcha|Sinistcha, shiny|100\/100\n|-damage|p2a: Sinistcha|76\/100|[from] Spikes\n|turn|38\n|\n|t:|1701138476\n|move|p1a: Darkrai|Dark Pulse|p2a: Sinistcha\n|-supereffective|p2a: Sinistcha\n|-damage|p2a: Sinistcha|0 fnt\n|faint|p2a: Sinistcha\n|-damage|p1a: Darkrai|36\/100|[from] item: Life Orb\n|\n|upkeep\n|\n|t:|1701138481\n|switch|p2a: Sneasler|Sneasler, M, shiny|30\/100 brn\n|-damage|p2a: Sneasler|5\/100 brn|[from] Spikes\n|turn|39\n|\n|t:|1701138508\n|move|p1a: Darkrai|Dark Pulse|p2a: Sneasler\n|-resisted|p2a: Sneasler\n|-damage|p2a: Sneasler|0 fnt\n|faint|p2a: Sneasler\n|-damage|p1a: Darkrai|26\/100|[from] item: Life Orb\n|\n|win|Jeklabo\n","uploadtime":1701138527,"views":2,"p1id":"jeklabo","p2id":"kabrador","formatid":"gen9nationaldexubers","rating":0,"private":0,"password":""}