{"id":"gen9nationaldexubers-2000235583","p1":"Hayer","p2":"Soyeon is a cutie","format":"[Gen 9] National Dex Ubers","log":"|j|\u2606Hayer\n|j|\u2606Soyeon is a cutie\n|t:|1701175799\n|gametype|singles\n|player|p1|Hayer|blue-gen1|1752\n|player|p2|Soyeon is a cutie|idol|1738\n|teamsize|p1|6\n|teamsize|p2|6\n|gen|9\n|tier|[Gen 9] National Dex Ubers\n|rated|\n|rule|HP Percentage Mod: HP is shown in percentages\n|rule|Endless Battle Clause: Forcing endless battles is banned\n|rule|OHKO Clause: OHKO moves are banned\n|rule|Evasion Moves Clause: Evasion moves are banned\n|rule|Evasion Items Clause: Evasion items are banned\n|rule|Species Clause: Limit one of each Pok\u00e9mon\n|rule|Sleep Clause Mod: Limit one foe put to sleep\n|rule|Mega Rayquaza Clause: You cannot mega evolve Rayquaza\n|clearpoke\n|poke|p1|Magearna|\n|poke|p1|Dondozo, M|\n|poke|p1|Ho-Oh|\n|poke|p1|Groudon|\n|poke|p1|Arceus-Ground|\n|poke|p1|Yveltal|\n|poke|p2|Ho-Oh|\n|poke|p2|Arceus-Water|\n|poke|p2|Ditto|\n|poke|p2|Eternatus|\n|poke|p2|Deoxys-Speed|\n|poke|p2|Giratina-Origin|\n|teampreview\n|inactive|Battle timer is ON: inactive players will automatically lose when time's up. (requested by Soyeon is a cutie)\n|\n|t:|1701175822\n|start\n|switch|p1a: \u0637\u0627\u0626\u0631 \u0623\u0633\u0648\u062f|Yveltal|100\/100\n|switch|p2a: Ho-Oh|Ho-Oh|100\/100\n|-ability|p1a: \u0637\u0627\u0626\u0631 \u0623\u0633\u0648\u062f|Dark Aura\n|turn|1\n|\n|t:|1701175830\n|switch|p2a: Eternatus|Eternatus|100\/100\n|-ability|p2a: Eternatus|Pressure\n|move|p1a: \u0637\u0627\u0626\u0631 \u0623\u0633\u0648\u062f|Knock Off|p2a: Eternatus\n|-damage|p2a: Eternatus|64\/100\n|-enditem|p2a: Eternatus|Leftovers|[from] move: Knock Off|[of] p1a: \u0637\u0627\u0626\u0631 \u0623\u0633\u0648\u062f\n|\n|upkeep\n|turn|2\n|\n|t:|1701175835\n|switch|p1a: \u0627\u0644\u0628\u0637\u0627\u0637\u0633|Arceus-Ground|100\/100\n|move|p2a: Eternatus|Toxic Spikes|p1a: \u0627\u0644\u0628\u0637\u0627\u0637\u0633\n|-sidestart|p1: Hayer|move: Toxic Spikes\n|\n|upkeep\n|turn|3\n|\n|t:|1701175840\n|switch|p2a: Arceus|Arceus-Water|100\/100\n|move|p1a: \u0627\u0644\u0628\u0637\u0627\u0637\u0633|Judgment|p2a: Arceus\n|-damage|p2a: Arceus|68\/100\n|\n|upkeep\n|turn|4\n|\n|t:|1701175847\n|move|p1a: \u0627\u0644\u0628\u0637\u0627\u0637\u0633|Toxic|p2a: Arceus\n|-status|p2a: Arceus|tox\n|move|p2a: Arceus|Toxic|p1a: \u0627\u0644\u0628\u0637\u0627\u0637\u0633\n|-status|p1a: \u0627\u0644\u0628\u0637\u0627\u0637\u0633|tox\n|\n|-damage|p1a: \u0627\u0644\u0628\u0637\u0627\u0637\u0633|94\/100 tox|[from] psn\n|-damage|p2a: Arceus|62\/100 tox|[from] psn\n|upkeep\n|turn|5\n|\n|t:|1701175851\n|switch|p1a: \u0637\u0627\u0626\u0631|Ho-Oh|100\/100\n|switch|p2a: Ho-Oh|Ho-Oh|100\/100\n|\n|upkeep\n|turn|6\n|\n|t:|1701175854\n|switch|p2a: Eternatus|Eternatus|64\/100\n|-ability|p2a: Eternatus|Pressure\n|move|p1a: \u0637\u0627\u0626\u0631|Toxic|p2a: Eternatus\n|-immune|p2a: Eternatus\n|\n|upkeep\n|turn|7\n|\n|t:|1701175856\n|move|p2a: Eternatus|Toxic Spikes|p1a: \u0637\u0627\u0626\u0631\n|-sidestart|p1: Hayer|move: Toxic Spikes\n|move|p1a: \u0637\u0627\u0626\u0631|Sacred Fire|p2a: Eternatus\n|-resisted|p2a: Eternatus\n|-damage|p2a: Eternatus|41\/100\n|\n|upkeep\n|turn|8\n|\n|t:|1701175859\n|move|p2a: Eternatus|Recover|p2a: Eternatus\n|-heal|p2a: Eternatus|91\/100\n|move|p1a: \u0637\u0627\u0626\u0631|Brave Bird|p2a: Eternatus\n|-damage|p2a: Eternatus|43\/100\n|-damage|p1a: \u0637\u0627\u0626\u0631|82\/100|[from] Recoil\n|\n|upkeep\n|turn|9\n|\n|t:|1701175862\n|move|p2a: Eternatus|Recover|p2a: Eternatus\n|-heal|p2a: Eternatus|93\/100\n|move|p1a: \u0637\u0627\u0626\u0631|Sacred Fire|p2a: Eternatus\n|-resisted|p2a: Eternatus\n|-damage|p2a: Eternatus|73\/100\n|\n|upkeep\n|turn|10\n|\n|t:|1701175867\n|switch|p2a: Ho-Oh|Ho-Oh|100\/100\n|move|p1a: \u0637\u0627\u0626\u0631|Brave Bird|p2a: Ho-Oh\n|-damage|p2a: Ho-Oh|28\/100\n|-damage|p1a: \u0637\u0627\u0626\u0631|62\/100|[from] Recoil\n|\n|upkeep\n|turn|11\n|\n|t:|1701175873\n|move|p2a: Ho-Oh|Brave Bird|p1a: \u0637\u0627\u0626\u0631\n|-damage|p1a: \u0637\u0627\u0626\u0631|0 fnt\n|faint|p1a: \u0637\u0627\u0626\u0631\n|-damage|p2a: Ho-Oh|4\/100|[from] Recoil\n|\n|upkeep\n|\n|t:|1701175876\n|switch|p1a: \u0637\u0627\u0626\u0631 \u0623\u0633\u0648\u062f|Yveltal|100\/100\n|-ability|p1a: \u0637\u0627\u0626\u0631 \u0623\u0633\u0648\u062f|Dark Aura\n|turn|12\n|\n|t:|1701175882\n|switch|p2a: Eternatus|Eternatus|73\/100\n|-ability|p2a: Eternatus|Pressure\n|move|p1a: \u0637\u0627\u0626\u0631 \u0623\u0633\u0648\u062f|Knock Off|p2a: Eternatus\n|-damage|p2a: Eternatus|47\/100\n|\n|upkeep\n|turn|13\n|\n|t:|1701175890\n|move|p2a: Eternatus|Recover|p2a: Eternatus\n|-heal|p2a: Eternatus|97\/100\n|move|p1a: \u0637\u0627\u0626\u0631 \u0623\u0633\u0648\u062f|Knock Off|p2a: Eternatus\n|-damage|p2a: Eternatus|71\/100\n|\n|upkeep\n|turn|14\n|\n|t:|1701175894\n|switch|p1a: \u0627\u0644\u0628\u0637\u0627\u0637\u0633|Arceus-Ground|94\/100 tox\n|move|p2a: Eternatus|Sludge Bomb|p1a: \u0627\u0644\u0628\u0637\u0627\u0637\u0633\n|-resisted|p1a: \u0627\u0644\u0628\u0637\u0627\u0637\u0633\n|-damage|p1a: \u0627\u0644\u0628\u0637\u0627\u0637\u0633|80\/100 tox\n|\n|-damage|p1a: \u0627\u0644\u0628\u0637\u0627\u0637\u0633|74\/100 tox|[from] psn\n|upkeep\n|turn|15\n|\n|t:|1701175900\n|switch|p2a: Arceus|Arceus-Water|62\/100 tox\n|move|p1a: \u0627\u0644\u0628\u0637\u0627\u0637\u0633|Toxic|p2a: Arceus\n|-fail|p2a: Arceus|tox\n|\n|-damage|p1a: \u0627\u0644\u0628\u0637\u0627\u0637\u0633|62\/100 tox|[from] psn\n|-damage|p2a: Arceus|56\/100 tox|[from] psn\n|upkeep\n|turn|16\n|\n|t:|1701175906\n|switch|p1a: \u0625\u0646\u0633\u0627\u0646 \u0622\u0644\u064a|Magearna|100\/100\n|switch|p2a: Ho-Oh|Ho-Oh|38\/100\n|\n|upkeep\n|turn|17\n|\n|t:|1701175911\n|switch|p1a: \u0643\u0631\u064a\u062a|Groudon|100\/100\n|-status|p1a: \u0643\u0631\u064a\u062a|tox\n|detailschange|p1a: \u0643\u0631\u064a\u062a|Groudon-Primal\n|-primal|p1a: \u0643\u0631\u064a\u062a|Red Orb\n|-weather|DesolateLand|[from] ability: Desolate Land|[of] p1a: \u0643\u0631\u064a\u062a\n|move|p2a: Ho-Oh|Sacred Fire|p1a: \u0643\u0631\u064a\u062a\n|-resisted|p1a: \u0643\u0631\u064a\u062a\n|-damage|p1a: \u0643\u0631\u064a\u062a|66\/100 tox\n|\n|-weather|DesolateLand|[upkeep]\n|-damage|p1a: \u0643\u0631\u064a\u062a|60\/100 tox|[from] psn\n|upkeep\n|turn|18\n|\n|t:|1701175915\n|switch|p2a: Giratina|Giratina-Origin|100\/100\n|move|p1a: \u0643\u0631\u064a\u062a|Stealth Rock|p2a: Giratina\n|-sidestart|p2: Soyeon is a cutie|move: Stealth Rock\n|\n|-weather|DesolateLand|[upkeep]\n|-damage|p1a: \u0643\u0631\u064a\u062a|48\/100 tox|[from] psn\n|upkeep\n|turn|19\n|\n|t:|1701175919\n|-weather|none\n|switch|p1a: \u062d\u0648\u062a|Dondozo, M|100\/100\n|-status|p1a: \u062d\u0648\u062a|tox\n|move|p2a: Giratina|Hex|p1a: \u062d\u0648\u062a\n|-damage|p1a: \u062d\u0648\u062a|27\/100 tox\n|\n|-heal|p1a: \u062d\u0648\u062a|33\/100 tox|[from] item: Leftovers\n|-damage|p1a: \u062d\u0648\u062a|27\/100 tox|[from] psn\n|upkeep\n|turn|20\n|\n|t:|1701175925\n|switch|p1a: \u0625\u0646\u0633\u0627\u0646 \u0622\u0644\u064a|Magearna|100\/100\n|move|p2a: Giratina|Hex|p1a: \u0625\u0646\u0633\u0627\u0646 \u0622\u0644\u064a\n|-damage|p1a: \u0625\u0646\u0633\u0627\u0646 \u0622\u0644\u064a|78\/100\n|\n|-heal|p1a: \u0625\u0646\u0633\u0627\u0646 \u0622\u0644\u064a|84\/100|[from] item: Leftovers\n|upkeep\n|turn|21\n|\n|t:|1701175930\n|switch|p2a: Ditto|Ditto, shiny|100\/100\n|-damage|p2a: Ditto|88\/100|[from] Stealth Rock\n|-transform|p2a: Ditto|p1a: \u0625\u0646\u0633\u0627\u0646 \u0622\u0644\u064a|[from] ability: Imposter\n|switch|p1a: \u0637\u0627\u0626\u0631 \u0623\u0633\u0648\u062f|Yveltal|100\/100\n|-ability|p1a: \u0637\u0627\u0626\u0631 \u0623\u0633\u0648\u062f|Dark Aura\n|\n|upkeep\n|turn|22\n|\n|t:|1701175934\n|switch|p1a: \u0625\u0646\u0633\u0627\u0646 \u0622\u0644\u064a|Magearna|84\/100\n|move|p2a: Ditto|Heal Bell|p2a: Ditto\n|-activate|p2a: Ditto|move: Heal Bell\n|-curestatus|p2: Arceus|tox|[msg]\n|\n|-heal|p1a: \u0625\u0646\u0633\u0627\u0646 \u0622\u0644\u064a|90\/100|[from] item: Leftovers\n|upkeep\n|turn|23\n|\n|t:|1701175940\n|switch|p2a: Arceus|Arceus-Water|56\/100\n|-damage|p2a: Arceus|43\/100|[from] Stealth Rock\n|switch|p1a: \u0637\u0627\u0626\u0631 \u0623\u0633\u0648\u062f|Yveltal|100\/100\n|-ability|p1a: \u0637\u0627\u0626\u0631 \u0623\u0633\u0648\u062f|Dark Aura\n|\n|upkeep\n|turn|24\n|\n|t:|1701175945\n|move|p2a: Arceus|Taunt|p1a: \u0637\u0627\u0626\u0631 \u0623\u0633\u0648\u062f\n|-start|p1a: \u0637\u0627\u0626\u0631 \u0623\u0633\u0648\u062f|move: Taunt\n|move|p1a: \u0637\u0627\u0626\u0631 \u0623\u0633\u0648\u062f|U-turn|p2a: Arceus\n|-damage|p2a: Arceus|30\/100\n|\n|t:|1701175953\n|switch|p1a: \u0627\u0644\u0628\u0637\u0627\u0637\u0633|Arceus-Ground|62\/100 tox|[from] U-turn\n|\n|-damage|p1a: \u0627\u0644\u0628\u0637\u0627\u0637\u0633|56\/100 tox|[from] psn\n|upkeep\n|turn|25\n|\n|t:|1701175957\n|move|p2a: Arceus|Judgment|p1a: \u0627\u0644\u0628\u0637\u0627\u0637\u0633\n|-supereffective|p1a: \u0627\u0644\u0628\u0637\u0627\u0637\u0633\n|-damage|p1a: \u0627\u0644\u0628\u0637\u0627\u0637\u0633|0 fnt\n|faint|p1a: \u0627\u0644\u0628\u0637\u0627\u0637\u0633\n|\n|upkeep\n|\n|t:|1701175963\n|switch|p1a: \u0625\u0646\u0633\u0627\u0646 \u0622\u0644\u064a|Magearna|90\/100\n|turn|26\n|\n|t:|1701175967\n|move|p2a: Arceus|Recover|p2a: Arceus\n|-heal|p2a: Arceus|80\/100\n|move|p1a: \u0625\u0646\u0633\u0627\u0646 \u0622\u0644\u064a|Fleur Cannon|p2a: Arceus\n|-damage|p2a: Arceus|41\/100\n|-unboost|p1a: \u0625\u0646\u0633\u0627\u0646 \u0622\u0644\u064a|spa|2\n|\n|-heal|p1a: \u0625\u0646\u0633\u0627\u0646 \u0622\u0644\u064a|96\/100|[from] item: Leftovers\n|upkeep\n|turn|27\n|-message|Hayer forfeited.\n|\n|win|Soyeon is a cutie\n|raw|Hayer's rating: 1752 &rarr; <strong>1731<\/strong><br \/>(-21 for losing)\n|raw|Soyeon is a cutie's rating: 1738 &rarr; <strong>1759<\/strong><br \/>(+21 for winning)\n|l|\u2606Hayer\n","uploadtime":1701175977,"views":1,"p1id":"hayer","p2id":"soyeonisacutie","formatid":"gen9nationaldexubers","rating":1731,"private":0,"password":""}