{"id":"gen9nationaldexubers-1985500135","p1":"Irfanayan","p2":"BlackStar150520","format":"[Gen 9] National Dex Ubers","log":"|j|\u2606Irfanayan\n|j|\u2606BlackStar150520\n|t:|1699379755\n|gametype|singles\n|player|p1|Irfanayan|170|1678\n|player|p2|BlackStar150520|unknown|1756\n|teamsize|p1|6\n|teamsize|p2|6\n|gen|9\n|tier|[Gen 9] National Dex Ubers\n|rated|\n|rule|HP Percentage Mod: HP is shown in percentages\n|rule|Endless Battle Clause: Forcing endless battles is banned\n|rule|OHKO Clause: OHKO moves are banned\n|rule|Evasion Moves Clause: Evasion moves are banned\n|rule|Evasion Items Clause: Evasion items are banned\n|rule|Species Clause: Limit one of each Pok\u00e9mon\n|rule|Sleep Clause Mod: Limit one foe put to sleep\n|rule|Mega Rayquaza Clause: You cannot mega evolve Rayquaza\n|clearpoke\n|poke|p1|Groudon|\n|poke|p1|Xerneas-*|\n|poke|p1|Arceus|\n|poke|p1|Necrozma-Dusk-Mane|\n|poke|p1|Zygarde|\n|poke|p1|Lugia|\n|poke|p2|Arceus-Dark|\n|poke|p2|Dondozo, M|\n|poke|p2|Magearna|\n|poke|p2|Ditto|\n|poke|p2|Zygarde|\n|poke|p2|Necrozma-Dusk-Mane|\n|teampreview\n|inactive|Battle timer is ON: inactive players will automatically lose when time's up. (requested by BlackStar150520)\n|\n|t:|1699379769\n|start\n|switch|p1a: Xerneas|Xerneas|100\/100\n|switch|p2a: Necrozma|Necrozma-Dusk-Mane|100\/100\n|-ability|p1a: Xerneas|Fairy Aura\n|turn|1\n|\n|t:|1699379777\n|switch|p1a: Lugia|Lugia|100\/100\n|move|p2a: Necrozma|Stealth Rock|p1a: Lugia\n|-sidestart|p1: Irfanayan|move: Stealth Rock\n|\n|upkeep\n|turn|2\n|\n|t:|1699379789\n|move|p2a: Necrozma|Stealth Rock||[still]\n|-fail|p2a: Necrozma\n|move|p1a: Lugia|Whirlpool|p2a: Necrozma\n|-damage|p2a: Necrozma|94\/100\n|-activate|p2a: Necrozma|move: Whirlpool|[of] p1a: Lugia\n|\n|-damage|p2a: Necrozma|81\/100|[from] move: Whirlpool|[partiallytrapped]\n|upkeep\n|turn|3\n|\n|t:|1699379799\n|move|p2a: Necrozma|Photon Geyser|p1a: Lugia\n|-resisted|p1a: Lugia\n|-crit|p1a: Lugia\n|-damage|p1a: Lugia|82\/100\n|move|p1a: Lugia|Whirlpool|p2a: Necrozma\n|-damage|p2a: Necrozma|74\/100\n|\n|-heal|p1a: Lugia|88\/100|[from] item: Leftovers\n|-damage|p2a: Necrozma|62\/100|[from] move: Whirlpool|[partiallytrapped]\n|upkeep\n|turn|4\n|\n|t:|1699379821\n|move|p2a: Necrozma|Photon Geyser|p1a: Lugia\n|-resisted|p1a: Lugia\n|-damage|p1a: Lugia|75\/100\n|move|p1a: Lugia|Whirlpool|p2a: Necrozma\n|-damage|p2a: Necrozma|54\/100\n|\n|-heal|p1a: Lugia|82\/100|[from] item: Leftovers\n|-damage|p2a: Necrozma|42\/100|[from] move: Whirlpool|[partiallytrapped]\n|upkeep\n|turn|5\n|inactive|Irfanayan has 120 seconds left.\n|\n|t:|1699379858\n|move|p2a: Necrozma|Photon Geyser|p1a: Lugia\n|-resisted|p1a: Lugia\n|-damage|p1a: Lugia|69\/100\n|move|p1a: Lugia|Whirlpool|p2a: Necrozma\n|-damage|p2a: Necrozma|34\/100\n|\n|-heal|p1a: Lugia|75\/100|[from] item: Leftovers\n|-damage|p2a: Necrozma|21\/100|[from] move: Whirlpool|[partiallytrapped]\n|upkeep\n|turn|6\n|inactive|Irfanayan has 120 seconds left.\n|\n|t:|1699379871\n|detailschange|p2a: Necrozma|Necrozma-Ultra\n|-burst|p2a: Necrozma|Necrozma|Ultranecrozium Z\n|move|p2a: Necrozma|Dragon Pulse|p1a: Lugia\n|-damage|p1a: Lugia|42\/100\n|move|p1a: Lugia|Whirlpool|p2a: Necrozma\n|-resisted|p2a: Necrozma\n|-damage|p2a: Necrozma|18\/100\n|\n|-heal|p1a: Lugia|49\/100|[from] item: Leftovers\n|-end|p2a: Necrozma|Whirlpool|[partiallytrapped]\n|upkeep\n|turn|7\n|inactive|Irfanayan has 120 seconds left.\n|\n|t:|1699379884\n|switch|p2a: Arceus|Arceus-Dark|100\/100\n|move|p1a: Lugia|Roost|p1a: Lugia\n|-heal|p1a: Lugia|99\/100\n|-singleturn|p1a: Lugia|move: Roost\n|\n|-heal|p1a: Lugia|100\/100|[from] item: Leftovers\n|upkeep\n|turn|8\n|inactive|Irfanayan has 120 seconds left.\n|\n|t:|1699379893\n|move|p2a: Arceus|Taunt|p1a: Lugia\n|-start|p1a: Lugia|move: Taunt\n|move|p1a: Lugia|Whirlpool|p2a: Arceus\n|-damage|p2a: Arceus|96\/100\n|-activate|p2a: Arceus|move: Whirlpool|[of] p1a: Lugia\n|\n|-damage|p2a: Arceus|83\/100|[from] move: Whirlpool|[partiallytrapped]\n|upkeep\n|turn|9\n|inactive|Irfanayan has 120 seconds left.\n|\n|t:|1699379906\n|move|p2a: Arceus|Toxic|p1a: Lugia\n|-status|p1a: Lugia|tox\n|move|p1a: Lugia|Whirlpool|p2a: Arceus\n|-damage|p2a: Arceus|79\/100\n|\n|-damage|p1a: Lugia|94\/100 tox|[from] psn\n|-damage|p2a: Arceus|66\/100|[from] move: Whirlpool|[partiallytrapped]\n|upkeep\n|turn|10\n|inactive|Irfanayan has 120 seconds left.\n|\n|t:|1699379916\n|move|p2a: Arceus|Recover|p2a: Arceus\n|-heal|p2a: Arceus|100\/100\n|move|p1a: Lugia|Whirlpool|p2a: Arceus\n|-damage|p2a: Arceus|95\/100\n|\n|-heal|p1a: Lugia|100\/100 tox|[from] item: Leftovers\n|-damage|p1a: Lugia|88\/100 tox|[from] psn\n|-damage|p2a: Arceus|83\/100|[from] move: Whirlpool|[partiallytrapped]\n|-end|p1a: Lugia|move: Taunt\n|upkeep\n|turn|11\n|inactive|Irfanayan has 120 seconds left.\n|\n|t:|1699379931\n|move|p2a: Arceus|Taunt|p1a: Lugia\n|-start|p1a: Lugia|move: Taunt\n|cant|p1a: Lugia|move: Taunt|Toxic\n|\n|-heal|p1a: Lugia|94\/100 tox|[from] item: Leftovers\n|-damage|p1a: Lugia|75\/100 tox|[from] psn\n|-damage|p2a: Arceus|70\/100|[from] move: Whirlpool|[partiallytrapped]\n|upkeep\n|turn|12\n|\n|t:|1699379940\n|move|p2a: Arceus|Foul Play|p1a: Lugia\n|-supereffective|p1a: Lugia\n|-damage|p1a: Lugia|49\/100 tox\n|move|p1a: Lugia|Whirlpool|p2a: Arceus\n|-damage|p2a: Arceus|66\/100\n|\n|-heal|p1a: Lugia|55\/100 tox|[from] item: Leftovers\n|-damage|p1a: Lugia|30\/100 tox|[from] psn\n|-damage|p2a: Arceus|53\/100|[from] move: Whirlpool|[partiallytrapped]\n|upkeep\n|turn|13\n|\n|t:|1699379952\n|move|p2a: Arceus|Recover|p2a: Arceus\n|-heal|p2a: Arceus|100\/100\n|move|p1a: Lugia|Whirlpool|p2a: Arceus\n|-damage|p2a: Arceus|96\/100\n|\n|-heal|p1a: Lugia|37\/100 tox|[from] item: Leftovers\n|-damage|p1a: Lugia|5\/100 tox|[from] psn\n|-end|p2a: Arceus|Whirlpool|[partiallytrapped]\n|-end|p1a: Lugia|move: Taunt\n|upkeep\n|turn|14\n|\n|t:|1699379963\n|move|p2a: Arceus|Foul Play|p1a: Lugia\n|-supereffective|p1a: Lugia\n|-damage|p1a: Lugia|0 fnt\n|faint|p1a: Lugia\n|\n|upkeep\n|\n|t:|1699379973\n|switch|p1a: Xerneas|Xerneas|100\/100\n|-damage|p1a: Xerneas|88\/100|[from] Stealth Rock\n|-ability|p1a: Xerneas|Fairy Aura\n|turn|15\n|\n|t:|1699379979\n|switch|p2a: Magearna|Magearna|100\/100\n|move|p1a: Xerneas|Geomancy||[still]\n|-prepare|p1a: Xerneas|Geomancy\n|-enditem|p1a: Xerneas|Power Herb\n|-anim|p1a: Xerneas|Geomancy|p1a: Xerneas\n|-boost|p1a: Xerneas|spa|2\n|-boost|p1a: Xerneas|spd|2\n|-boost|p1a: Xerneas|spe|2\n|\n|upkeep\n|turn|16\n|\n|t:|1699379999\n|switch|p1a: Necrozma|Necrozma-Dusk-Mane|100\/100\n|-damage|p1a: Necrozma|94\/100|[from] Stealth Rock\n|move|p2a: Magearna|Heart Swap|p1a: Necrozma\n|-swapboost|p2a: Magearna|p1a: Necrozma|[from] move: Heart Swap\n|\n|upkeep\n|turn|17\n|\n|t:|1699380009\n|switch|p2a: Arceus|Arceus-Dark|96\/100\n|move|p1a: Necrozma|Earth Power|p2a: Arceus\n|-damage|p2a: Arceus|77\/100\n|\n|upkeep\n|turn|18\n|\n|t:|1699380017\n|switch|p1a: Xerneas|Xerneas|88\/100\n|-damage|p1a: Xerneas|76\/100|[from] Stealth Rock\n|-ability|p1a: Xerneas|Fairy Aura\n|move|p2a: Arceus|Foul Play|p1a: Xerneas\n|-resisted|p1a: Xerneas\n|-damage|p1a: Xerneas|60\/100\n|\n|upkeep\n|turn|19\n|\n|t:|1699380027\n|switch|p2a: Magearna|Magearna|100\/100\n|move|p1a: Xerneas|Thunderbolt|p2a: Magearna\n|-damage|p2a: Magearna|80\/100\n|\n|upkeep\n|turn|20\n|\n|t:|1699380038\n|switch|p1a: Arceus|Arceus|100\/100\n|-damage|p1a: Arceus|88\/100|[from] Stealth Rock\n|move|p2a: Magearna|Fleur Cannon|p1a: Arceus\n|-damage|p1a: Arceus|44\/100\n|-unboost|p2a: Magearna|spa|2\n|\n|upkeep\n|turn|21\n|\n|t:|1699380047\n|switch|p2a: Dondozo|Dondozo, M|100\/100\n|move|p1a: Arceus|Earthquake|p2a: Dondozo\n|-damage|p2a: Dondozo|79\/100\n|-damage|p1a: Arceus|34\/100|[from] item: Life Orb\n|\n|-heal|p2a: Dondozo|85\/100|[from] item: Leftovers\n|upkeep\n|turn|22\n|\n|t:|1699380057\n|move|p1a: Arceus|Taunt|p2a: Dondozo\n|-start|p2a: Dondozo|move: Taunt\n|move|p2a: Dondozo|Body Press|p1a: Arceus\n|-supereffective|p1a: Arceus\n|-damage|p1a: Arceus|0 fnt\n|faint|p1a: Arceus\n|\n|-heal|p2a: Dondozo|92\/100|[from] item: Leftovers\n|upkeep\n|\n|t:|1699380069\n|switch|p1a: Groudon|Groudon|100\/100\n|-damage|p1a: Groudon|94\/100|[from] Stealth Rock\n|detailschange|p1a: Groudon|Groudon-Primal\n|-primal|p1a: Groudon|Red Orb\n|-weather|DesolateLand|[from] ability: Desolate Land|[of] p1a: Groudon\n|turn|23\n|\n|t:|1699380076\n|switch|p2a: Zygarde|Zygarde, shiny|100\/100\n|move|p1a: Groudon|Precipice Blades|p2a: Zygarde\n|-damage|p2a: Zygarde|30\/100\n|\n|-weather|DesolateLand|[upkeep]\n|-heal|p2a: Zygarde|36\/100|[from] item: Leftovers\n|-activate|p2a: Zygarde|ability: Power Construct\n|detailschange|p2a: Zygarde|Zygarde-Complete, shiny\n|-heal|p2a: Zygarde|60\/100|[silent]\n|upkeep\n|turn|24\n|\n|t:|1699380089\n|-weather|none\n|switch|p1a: Xerneas|Xerneas|60\/100\n|-damage|p1a: Xerneas|48\/100|[from] Stealth Rock\n|-ability|p1a: Xerneas|Fairy Aura\n|move|p2a: Zygarde|Thousand Arrows|p1a: Xerneas\n|-damage|p1a: Xerneas|22\/100\n|\n|-heal|p2a: Zygarde|66\/100|[from] item: Leftovers\n|upkeep\n|turn|25\n|\n|t:|1699380104\n|move|p2a: Zygarde|Thousand Arrows|p1a: Xerneas\n|-damage|p1a: Xerneas|0 fnt\n|faint|p1a: Xerneas\n|\n|-heal|p2a: Zygarde|72\/100|[from] item: Leftovers\n|upkeep\n|\n|t:|1699380112\n|switch|p1a: Necrozma|Necrozma-Dusk-Mane|94\/100\n|-damage|p1a: Necrozma|88\/100|[from] Stealth Rock\n|turn|26\n|l|\u2606Irfanayan\n|inactive|Irfanayan disconnected and has a minute to reconnect!\n|player|p1|\n|j|\u2606Irfanayan\n|inactive|Irfanayan reconnected and has 125 seconds left.\n|player|p1|Irfanayan|170\n|inactive|Irfanayan has 120 seconds left.\n|\n|t:|1699380143\n|switch|p2a: Magearna|Magearna|80\/100\n|detailschange|p1a: Necrozma|Necrozma-Ultra\n|-burst|p1a: Necrozma|Necrozma|Ultranecrozium Z\n|move|p1a: Necrozma|Dragon Pulse|p2a: Magearna\n|-immune|p2a: Magearna\n|\n|upkeep\n|turn|27\n|inactive|Irfanayan has 120 seconds left.\n|\n|t:|1699380153\n|move|p1a: Necrozma|Earth Power|p2a: Magearna\n|-supereffective|p2a: Magearna\n|-damage|p2a: Magearna|24\/100\n|move|p2a: Magearna|Fleur Cannon|p1a: Necrozma\n|-supereffective|p1a: Necrozma\n|-damage|p1a: Necrozma|0 fnt\n|-unboost|p2a: Magearna|spa|2\n|faint|p1a: Necrozma\n|-ability|p2a: Magearna|Soul-Heart|boost\n|-boost|p2a: Magearna|spa|1\n|\n|upkeep\n|inactive|Irfanayan has 120 seconds left.\n|\n|t:|1699380165\n|switch|p1a: Groudon|Groudon-Primal|94\/100\n|-damage|p1a: Groudon|82\/100|[from] Stealth Rock\n|-weather|DesolateLand|[from] ability: Desolate Land|[of] p1a: Groudon\n|turn|28\n|inactive|Irfanayan has 120 seconds left.\n|\n|t:|1699380171\n|move|p1a: Groudon|Precipice Blades|p2a: Magearna\n|-supereffective|p2a: Magearna\n|-damage|p2a: Magearna|0 fnt\n|faint|p2a: Magearna\n|\n|-weather|DesolateLand|[upkeep]\n|upkeep\n|\n|t:|1699380174\n|switch|p2a: Necrozma|Necrozma-Ultra|18\/100\n|turn|29\n|\n|t:|1699380180\n|move|p2a: Necrozma|Earth Power|p1a: Groudon\n|-supereffective|p1a: Groudon\n|-damage|p1a: Groudon|0 fnt\n|faint|p1a: Groudon\n|-weather|none\n|\n|upkeep\n|\n|t:|1699380188\n|switch|p1a: Zygarde|Zygarde|100\/100\n|-damage|p1a: Zygarde|94\/100|[from] Stealth Rock\n|turn|30\n|\n|t:|1699380199\n|-terastallize|p1a: Zygarde|Poison\n|-zpower|p2a: Necrozma\n|move|p2a: Necrozma|Light That Burns the Sky|p1a: Zygarde|[zeffect]\n|-supereffective|p1a: Zygarde\n|-damage|p1a: Zygarde|0 fnt\n|faint|p1a: Zygarde\n|\n|win|BlackStar150520\n|raw|Irfanayan's rating: 1678 &rarr; <strong>1662<\/strong><br \/>(-16 for losing)\n|raw|BlackStar150520's rating: 1756 &rarr; <strong>1772<\/strong><br \/>(+16 for winning)\n|l|\u2606BlackStar150520\n|l|\u2606Irfanayan\n","uploadtime":1699380596,"views":5,"p1id":"irfanayan","p2id":"blackstar150520","formatid":"gen9nationaldexubers","rating":1662,"private":0,"password":""}