{"id":"gen9nationaldexubers-1995494596","p1":"krisimport","p2":"gtantoine2003","format":"[Gen 9] National Dex Ubers","log":"|j|\u2606krisimport\n|j|\u203dgtantoine2003\n|t:|1700576922\n|gametype|singles\n|player|p1|krisimport|102|\n|player|p2|gtantoine2003|1|\n|teamsize|p1|6\n|teamsize|p2|6\n|gen|9\n|tier|[Gen 9] National Dex Ubers\n|rule|HP Percentage Mod: HP is shown in percentages\n|rule|Endless Battle Clause: Forcing endless battles is banned\n|rule|OHKO Clause: OHKO moves are banned\n|rule|Evasion Moves Clause: Evasion moves are banned\n|rule|Evasion Items Clause: Evasion items are banned\n|rule|Species Clause: Limit one of each Pok\u00e9mon\n|rule|Sleep Clause Mod: Limit one foe put to sleep\n|rule|Mega Rayquaza Clause: You cannot mega evolve Rayquaza\n|clearpoke\n|poke|p1|Greninja-*, M|\n|poke|p1|Darkrai|\n|poke|p1|Weavile, F|\n|poke|p1|Meowscarada, M|\n|poke|p1|Grimmsnarl, M|\n|poke|p1|Ting-Lu|\n|poke|p2|Scream Tail|\n|poke|p2|Torkoal, M|\n|poke|p2|Great Tusk|\n|poke|p2|Roaring Moon|\n|poke|p2|Slither Wing|\n|poke|p2|Garganacl, M|\n|teampreview\n|inactive|Battle timer is ON: inactive players will automatically lose when time's up. (requested by gtantoine2003)\n|\n|t:|1700576926\n|start\n|switch|p1a: Darkrai|Darkrai|100\/100\n|switch|p2a: Torkoal|Torkoal, M|100\/100\n|-weather|SunnyDay|[from] ability: Drought|[of] p2a: Torkoal\n|turn|1\n|\n|t:|1700576955\n|move|p1a: Darkrai|Hypnosis|p2a: Torkoal|[miss]\n|-miss|p1a: Darkrai|p2a: Torkoal\n|move|p2a: Torkoal|Stealth Rock|p1a: Darkrai\n|-sidestart|p1: krisimport|move: Stealth Rock\n|\n|-weather|SunnyDay|[upkeep]\n|upkeep\n|turn|2\n|\n|t:|1700576974\n|switch|p2a: Slither Wing|Slither Wing|100\/100\n|-activate|p2a: Slither Wing|ability: Protosynthesis\n|-start|p2a: Slither Wing|protosynthesisatk\n|move|p1a: Darkrai|Nasty Plot|p1a: Darkrai\n|-boost|p1a: Darkrai|spa|2\n|\n|-weather|SunnyDay|[upkeep]\n|upkeep\n|turn|3\n|\n|t:|1700576985\n|move|p2a: Slither Wing|First Impression|p1a: Darkrai\n|-supereffective|p1a: Darkrai\n|-damage|p1a: Darkrai|0 fnt\n|faint|p1a: Darkrai\n|-damage|p2a: Slither Wing|91\/100|[from] item: Life Orb\n|\n|-weather|SunnyDay|[upkeep]\n|upkeep\n|\n|t:|1700576997\n|switch|p1a: Ting-Lu|Ting-Lu|100\/100\n|-damage|p1a: Ting-Lu|94\/100|[from] Stealth Rock\n|-ability|p1a: Ting-Lu|Vessel of Ruin\n|turn|4\n|\n|t:|1700577004\n|move|p2a: Slither Wing|Close Combat|p1a: Ting-Lu\n|-supereffective|p1a: Ting-Lu\n|-damage|p1a: Ting-Lu|0 fnt\n|-unboost|p2a: Slither Wing|def|1\n|-unboost|p2a: Slither Wing|spd|1\n|faint|p1a: Ting-Lu\n|-damage|p2a: Slither Wing|81\/100|[from] item: Life Orb\n|\n|-weather|SunnyDay|[upkeep]\n|upkeep\n|\n|t:|1700577013\n|switch|p1a: Greninja|Greninja, M|100\/100\n|-damage|p1a: Greninja|88\/100|[from] Stealth Rock\n|turn|5\n|\n|t:|1700577020\n|move|p1a: Greninja|Dark Pulse|p2a: Slither Wing\n|-resisted|p2a: Slither Wing\n|-damage|p2a: Slither Wing|45\/100\n|-damage|p1a: Greninja|78\/100|[from] item: Life Orb\n|move|p2a: Slither Wing|Leech Life|p1a: Greninja\n|-supereffective|p1a: Greninja\n|-damage|p1a: Greninja|0 fnt\n|-heal|p2a: Slither Wing|80\/100|[from] drain|[of] p1a: Greninja\n|faint|p1a: Greninja\n|-damage|p2a: Slither Wing|70\/100|[from] item: Life Orb\n|\n|-weather|none\n|-end|p2a: Slither Wing|Protosynthesis\n|upkeep\n|\n|t:|1700577035\n|switch|p1a: Grimmsnarl|Grimmsnarl, M|100\/100\n|-damage|p1a: Grimmsnarl|88\/100|[from] Stealth Rock\n|turn|6\n|\n|t:|1700577041\n|move|p2a: Slither Wing|Leech Life|p1a: Grimmsnarl\n|-damage|p1a: Grimmsnarl|15\/100\n|-heal|p2a: Slither Wing|100\/100|[from] drain|[of] p1a: Grimmsnarl\n|-damage|p2a: Slither Wing|91\/100|[from] item: Life Orb\n|move|p1a: Grimmsnarl|Play Rough|p2a: Slither Wing\n|-supereffective|p2a: Slither Wing\n|-damage|p2a: Slither Wing|0 fnt\n|faint|p2a: Slither Wing\n|-end|p2a: Slither Wing|Protosynthesis|[silent]\n|\n|upkeep\n|\n|t:|1700577054\n|switch|p2a: Torkoal|Torkoal, M|100\/100\n|-weather|SunnyDay|[from] ability: Drought|[of] p2a: Torkoal\n|turn|7\n|\n|t:|1700577060\n|move|p1a: Grimmsnarl|Play Rough|p2a: Torkoal|[miss]\n|-miss|p1a: Grimmsnarl|p2a: Torkoal\n|move|p2a: Torkoal|Flamethrower|p1a: Grimmsnarl\n|-damage|p1a: Grimmsnarl|0 fnt\n|faint|p1a: Grimmsnarl\n|\n|-weather|SunnyDay|[upkeep]\n|upkeep\n|\n|t:|1700577071\n|switch|p1a: Weavile|Weavile, F|100\/100\n|-ability|p1a: Weavile|Pressure\n|turn|8\n|\n|t:|1700577076\n|move|p1a: Weavile|Night Slash|p2a: Torkoal\n|-damage|p2a: Torkoal|74\/100\n|move|p2a: Torkoal|Flamethrower|p1a: Weavile\n|-supereffective|p1a: Weavile\n|-damage|p1a: Weavile|0 fnt\n|faint|p1a: Weavile\n|\n|-weather|SunnyDay|[upkeep]\n|upkeep\n|\n|t:|1700577086\n|switch|p1a: Meowscarada|Meowscarada, M|100\/100\n|turn|9\n|j| quentinteug\n|\n|t:|1700577095\n|-terastallize|p1a: Meowscarada|Dark\n|move|p1a: Meowscarada|Flower Trick|p2a: Torkoal\n|-resisted|p2a: Torkoal\n|-crit|p2a: Torkoal\n|-damage|p2a: Torkoal|55\/100\n|move|p2a: Torkoal|Flamethrower|p1a: Meowscarada\n|-damage|p1a: Meowscarada|5\/100\n|\n|-weather|SunnyDay|[upkeep]\n|upkeep\n|turn|10\n|\n|t:|1700577108\n|move|p1a: Meowscarada|Knock Off|p2a: Torkoal\n|-damage|p2a: Torkoal|8\/100\n|-enditem|p2a: Torkoal|Heavy-Duty Boots|[from] move: Knock Off|[of] p1a: Meowscarada\n|move|p2a: Torkoal|Rapid Spin|p1a: Meowscarada\n|-damage|p1a: Meowscarada|0 fnt\n|-boost|p2a: Torkoal|spe|1\n|faint|p1a: Meowscarada\n|\n|win|gtantoine2003\n|l|\u2606krisimport\n","uploadtime":1700577118,"views":0,"p1id":"krisimport","p2id":"gtantoine2003","formatid":"gen9nationaldexubers","rating":0,"private":0,"password":""}