{"id":"gen9nationaldexubers-1989650255","p1":"ImGoodATM","p2":"RealHarryStyles","format":"[Gen 9] National Dex Ubers","log":"|j|\u2606ImGoodATM\n|j|\u2606RealHarryStyles\n|t:|1699883197\n|gametype|singles\n|player|p1|ImGoodATM|will|\n|player|p2|RealHarryStyles|1|\n|teamsize|p1|6\n|teamsize|p2|6\n|gen|9\n|tier|[Gen 9] National Dex Ubers\n|rule|HP Percentage Mod: HP is shown in percentages\n|rule|Endless Battle Clause: Forcing endless battles is banned\n|rule|OHKO Clause: OHKO moves are banned\n|rule|Evasion Moves Clause: Evasion moves are banned\n|rule|Evasion Items Clause: Evasion items are banned\n|rule|Species Clause: Limit one of each Pok\u00e9mon\n|rule|Sleep Clause Mod: Limit one foe put to sleep\n|rule|Mega Rayquaza Clause: You cannot mega evolve Rayquaza\n|clearpoke\n|poke|p1|Naganadel|\n|poke|p1|Sneasler, F|\n|poke|p1|Drapion, F|\n|poke|p1|Beedrill, F|\n|poke|p1|Crobat, M|\n|poke|p1|Slowking-Galar, M|\n|poke|p2|Blaziken, F|\n|poke|p2|Arcanine-Hisui, F|\n|poke|p2|Ninetales, F|\n|poke|p2|Typhlosion-Hisui, M|\n|poke|p2|Cinderace, F|\n|poke|p2|Iron Moth|\n|teampreview\n|inactive|Battle timer is ON: inactive players will automatically lose when time's up. (requested by ImGoodATM)\n|\n|t:|1699883213\n|start\n|switch|p1a: Drapion|Drapion, F|100\/100\n|switch|p2a: Typhlosion|Typhlosion-Hisui, M|100\/100\n|turn|1\n|\n|t:|1699883226\n|switch|p2a: Blaziken|Blaziken, F|100\/100\n|move|p1a: Drapion|Night Slash|p2a: Blaziken\n|-resisted|p2a: Blaziken\n|-damage|p2a: Blaziken|77\/100\n|\n|upkeep\n|turn|2\n|\n|t:|1699883235\n|move|p1a: Drapion|Earthquake|p2a: Blaziken\n|-supereffective|p2a: Blaziken\n|-damage|p2a: Blaziken|0 fnt\n|faint|p2a: Blaziken\n|\n|upkeep\n|\n|t:|1699883244\n|switch|p2a: Ninetales|Ninetales, F|100\/100\n|-weather|SunnyDay|[from] ability: Drought|[of] p2a: Ninetales\n|turn|3\n|\n|t:|1699883248\n|move|p2a: Ninetales|Scorching Sands|p1a: Drapion\n|-supereffective|p1a: Drapion\n|-damage|p1a: Drapion|46\/100\n|-status|p1a: Drapion|brn\n|move|p1a: Drapion|Earthquake|p2a: Ninetales\n|-supereffective|p2a: Ninetales\n|-crit|p2a: Ninetales\n|-damage|p2a: Ninetales|13\/100\n|\n|-weather|SunnyDay|[upkeep]\n|-damage|p1a: Drapion|40\/100 brn|[from] brn\n|upkeep\n|turn|4\n|\n|t:|1699883258\n|move|p2a: Ninetales|Weather Ball|p1a: Drapion\n|-damage|p1a: Drapion|0 fnt\n|faint|p1a: Drapion\n|\n|-weather|SunnyDay|[upkeep]\n|upkeep\n|\n|t:|1699883263\n|switch|p1a: Crobat|Crobat, M|100\/100\n|turn|5\n|\n|t:|1699883267\n|move|p1a: Crobat|Cross Poison|p2a: Ninetales\n|-damage|p2a: Ninetales|0 fnt\n|faint|p2a: Ninetales\n|\n|-weather|SunnyDay|[upkeep]\n|upkeep\n|\n|t:|1699883270\n|switch|p2a: Typhlosion|Typhlosion-Hisui, M|100\/100\n|turn|6\n|\n|t:|1699883276\n|-terastallize|p2a: Typhlosion|Fire\n|move|p2a: Typhlosion|Eruption|p1a: Crobat\n|-damage|p1a: Crobat|0 fnt\n|faint|p1a: Crobat\n|\n|-weather|SunnyDay|[upkeep]\n|upkeep\n|\n|t:|1699883281\n|switch|p1a: Slowking|Slowking-Galar, M|100\/100\n|turn|7\n|\n|t:|1699883285\n|move|p2a: Typhlosion|Eruption|p1a: Slowking\n|-crit|p1a: Slowking\n|-damage|p1a: Slowking|0 fnt\n|faint|p1a: Slowking\n|\n|-weather|SunnyDay|[upkeep]\n|upkeep\n|\n|t:|1699883291\n|switch|p1a: Sneasler|Sneasler, F|100\/100\n|turn|8\n|\n|t:|1699883311\n|switch|p2a: Cinderace|Cinderace, F|100\/100\n|-item|p2a: Cinderace|Air Balloon\n|move|p1a: Sneasler|Fake Out|p2a: Cinderace\n|-enditem|p1a: Sneasler|Normal Gem|[from] gem\n|-damage|p2a: Cinderace|74\/100\n|-enditem|p2a: Cinderace|Air Balloon\n|\n|-weather|SunnyDay|[upkeep]\n|upkeep\n|turn|9\n|\n|t:|1699883321\n|-terastallize|p1a: Sneasler|Fighting\n|move|p1a: Sneasler|Close Combat|p2a: Cinderace\n|-damage|p2a: Cinderace|0 fnt\n|-unboost|p1a: Sneasler|def|1\n|-unboost|p1a: Sneasler|spd|1\n|faint|p2a: Cinderace\n|\n|-weather|SunnyDay|[upkeep]\n|upkeep\n|\n|t:|1699883327\n|switch|p2a: Typhlosion|Typhlosion-Hisui, M, tera:Fire|100\/100\n|turn|10\n|\n|t:|1699883332\n|move|p1a: Sneasler|Close Combat|p2a: Typhlosion\n|-damage|p2a: Typhlosion|0 fnt\n|-unboost|p1a: Sneasler|def|1\n|-unboost|p1a: Sneasler|spd|1\n|faint|p2a: Typhlosion\n|\n|-weather|none\n|upkeep\n|\n|t:|1699883335\n|switch|p2a: Iron Moth|Iron Moth|100\/100\n|turn|11\n|\n|t:|1699883346\n|move|p1a: Sneasler|Close Combat|p2a: Iron Moth\n|-resisted|p2a: Iron Moth\n|-damage|p2a: Iron Moth|27\/100\n|-unboost|p1a: Sneasler|def|1\n|-unboost|p1a: Sneasler|spd|1\n|move|p2a: Iron Moth|Fiery Dance|p1a: Sneasler\n|-damage|p1a: Sneasler|0 fnt\n|faint|p1a: Sneasler\n|\n|upkeep\n|\n|t:|1699883351\n|switch|p1a: Naganadel|Naganadel|100\/100\n|turn|12\n|\n|t:|1699883362\n|move|p1a: Naganadel|Dragon Pulse|p2a: Iron Moth\n|-damage|p2a: Iron Moth|0 fnt\n|faint|p2a: Iron Moth\n|-end|p2a: Iron Moth|Quark Drive|[silent]\n|-ability|p1a: Naganadel|Beast Boost|boost\n|-boost|p1a: Naganadel|spe|1\n|\n|upkeep\n|\n|t:|1699883367\n|switch|p2a: Arcanine|Arcanine-Hisui, F, shiny|100\/100\n|-ability|p2a: Arcanine|Intimidate|boost\n|-unboost|p1a: Naganadel|atk|1\n|turn|13\n|\n|t:|1699883375\n|move|p2a: Arcanine|Extreme Speed|p1a: Naganadel\n|-damage|p1a: Naganadel|39\/100\n|move|p1a: Naganadel|Dragon Pulse|p2a: Arcanine\n|-damage|p2a: Arcanine|51\/100\n|\n|upkeep\n|turn|14\n|\n|t:|1699883397\n|move|p2a: Arcanine|Extreme Speed|p1a: Naganadel\n|-damage|p1a: Naganadel|0 fnt\n|faint|p1a: Naganadel\n|\n|upkeep\n|\n|t:|1699883399\n|switch|p1a: Beedrill|Beedrill, F|100\/100\n|turn|15\n|\n|t:|1699883401\n|detailschange|p1a: Beedrill|Beedrill-Mega, F\n|-mega|p1a: Beedrill|Beedrill|Beedrillite\n|move|p2a: Arcanine|Extreme Speed|p1a: Beedrill\n|-damage|p1a: Beedrill|0 fnt\n|faint|p1a: Beedrill\n|\n|win|RealHarryStyles\n|c|\u2606RealHarryStyles|gg\n","uploadtime":1699883411,"views":12,"p1id":"imgoodatm","p2id":"realharrystyles","formatid":"gen9nationaldexubers","rating":0,"private":0,"password":""}