{"id":"gen9nationaldexubers-1992595596","p1":"Wisper2ng","p2":"AaPilleri","format":"[Gen 9] National Dex Ubers","log":"|j|\u2606Wisper2ng\n|j|\u2606AaPilleri\n|t:|1700211913\n|gametype|singles\n|player|p1|Wisper2ng|wallace|1000\n|player|p2|AaPilleri|shadowtriad|1025\n|teamsize|p1|1\n|teamsize|p2|6\n|gen|9\n|tier|[Gen 9] National Dex Ubers\n|rated|\n|rule|HP Percentage Mod: HP is shown in percentages\n|rule|Endless Battle Clause: Forcing endless battles is banned\n|rule|OHKO Clause: OHKO moves are banned\n|rule|Evasion Moves Clause: Evasion moves are banned\n|rule|Evasion Items Clause: Evasion items are banned\n|rule|Species Clause: Limit one of each Pok\u00e9mon\n|rule|Sleep Clause Mod: Limit one foe put to sleep\n|rule|Mega Rayquaza Clause: You cannot mega evolve Rayquaza\n|clearpoke\n|poke|p1|Kangaskhan, F|\n|poke|p2|Quagsire, F|\n|poke|p2|Oddish, F|\n|poke|p2|Ninetales, F|\n|poke|p2|Bidoof, M|\n|poke|p2|Eternatus|\n|poke|p2|Wigglytuff, F|\n|teampreview\n|inactive|Battle timer is ON: inactive players will automatically lose when time's up. (requested by Wisper2ng)\n|\n|t:|1700211919\n|start\n|switch|p1a: Kangaskhan|Kangaskhan, F|100\/100\n|switch|p2a: Kitsune|Ninetales, F, shiny|100\/100\n|turn|1\n|c|\u2606Wisper2ng|Videos?\n|c|\u2606Wisper2ng|bidoof?\n|\n|t:|1700211930\n|move|p2a: Kitsune|Sunny Day|p2a: Kitsune\n|-weather|SunnyDay\n|move|p1a: Kangaskhan|Focus Energy|p1a: Kangaskhan\n|-start|p1a: Kangaskhan|move: Focus Energy\n|\n|-weather|SunnyDay|[upkeep]\n|upkeep\n|turn|2\n|c|\u2606AaPilleri|Hii\n|\n|t:|1700211945\n|detailschange|p1a: Kangaskhan|Kangaskhan-Mega, F\n|-mega|p1a: Kangaskhan|Kangaskhan|Kangaskhanite\n|move|p1a: Kangaskhan|Power-Up Punch|p2a: Kitsune\n|-crit|p2a: Kitsune\n|-damage|p2a: Kitsune|72\/100\n|-boost|p1a: Kangaskhan|atk|1\n|-crit|p2a: Kitsune\n|-damage|p2a: Kitsune|62\/100\n|-boost|p1a: Kangaskhan|atk|1\n|-hitcount|p2a: Kitsune|2\n|move|p2a: Kitsune|Calm Mind|p2a: Kitsune\n|-boost|p2a: Kitsune|spa|1\n|-boost|p2a: Kitsune|spd|1\n|\n|-weather|SunnyDay|[upkeep]\n|upkeep\n|turn|3\n|\n|t:|1700211960\n|move|p2a: Kitsune|Fire Blast|p1a: Kangaskhan\n|-damage|p1a: Kangaskhan|22\/100\n|move|p1a: Kangaskhan|Power-Up Punch|p2a: Kitsune\n|-crit|p2a: Kitsune\n|-damage|p2a: Kitsune|7\/100\n|-boost|p1a: Kangaskhan|atk|1\n|-damage|p2a: Kitsune|0 fnt\n|-boost|p1a: Kangaskhan|atk|1\n|faint|p2a: Kitsune\n|-hitcount|p2: Kitsune|2\n|\n|-weather|SunnyDay|[upkeep]\n|upkeep\n|\n|t:|1700211971\n|switch|p2a: Berry|Oddish, F|100\/100\n|turn|4\n|c|\u2606Wisper2ng|!!!\n|c|\u2606AaPilleri|:(\n|\n|t:|1700211994\n|move|p2a: Berry|Leech Seed|p1a: Kangaskhan\n|-start|p1a: Kangaskhan|move: Leech Seed\n|move|p1a: Kangaskhan|Drain Punch|p2a: Berry\n|-resisted|p2a: Berry\n|-crit|p2a: Berry\n|-damage|p2a: Berry|3\/100\n|-heal|p1a: Kangaskhan|61\/100|[from] drain|[of] p2a: Berry\n|-resisted|p2a: Berry\n|-crit|p2a: Berry\n|-damage|p2a: Berry|0 fnt\n|-heal|p1a: Kangaskhan|62\/100|[from] drain|[of] p2a: Berry\n|faint|p2a: Berry\n|-hitcount|p2: Berry|2\n|\n|-weather|SunnyDay|[upkeep]\n|upkeep\n|inactive|AaPilleri has 120 seconds left.\n|\n|t:|1700212017\n|switch|p2a: Wadaa|Quagsire, F, shiny|100\/100\n|turn|5\n|\n|t:|1700212025\n|move|p1a: Kangaskhan|Drain Punch|p2a: Wadaa\n|-crit|p2a: Wadaa\n|-damage|p2a: Wadaa|68\/100\n|-heal|p1a: Kangaskhan|80\/100|[from] drain|[of] p2a: Wadaa\n|-damage|p2a: Wadaa|62\/100\n|-heal|p1a: Kangaskhan|83\/100|[from] drain|[of] p2a: Wadaa\n|-hitcount|p2a: Wadaa|2\n|move|p2a: Wadaa|Counter|p1a: Kangaskhan\n|-damage|p1a: Kangaskhan|71\/100\n|\n|-weather|none\n|-damage|p1a: Kangaskhan|59\/100|[from] Leech Seed|[of] p2a: Wadaa\n|-heal|p2a: Wadaa|74\/100|[silent]\n|upkeep\n|turn|6\n|inactive|AaPilleri has 120 seconds left.\n|\n|t:|1700212042\n|move|p1a: Kangaskhan|Power-Up Punch|p2a: Wadaa\n|-crit|p2a: Wadaa\n|-damage|p2a: Wadaa|57\/100\n|-boost|p1a: Kangaskhan|atk|1\n|-crit|p2a: Wadaa\n|-damage|p2a: Wadaa|52\/100\n|-boost|p1a: Kangaskhan|atk|1\n|-hitcount|p2a: Wadaa|2\n|move|p2a: Wadaa|Counter|p1a: Kangaskhan\n|-damage|p1a: Kangaskhan|49\/100\n|\n|-damage|p1a: Kangaskhan|37\/100|[from] Leech Seed|[of] p2a: Wadaa\n|-heal|p2a: Wadaa|64\/100|[silent]\n|upkeep\n|turn|7\n|inactive|AaPilleri has 120 seconds left.\n|\n|t:|1700212066\n|move|p1a: Kangaskhan|Power-Up Punch|p2a: Wadaa\n|-crit|p2a: Wadaa\n|-damage|p2a: Wadaa|44\/100\n|-crit|p2a: Wadaa\n|-damage|p2a: Wadaa|39\/100\n|-hitcount|p2a: Wadaa|2\n|move|p2a: Wadaa|Counter|p1a: Kangaskhan\n|-damage|p1a: Kangaskhan|28\/100\n|\n|-damage|p1a: Kangaskhan|15\/100|[from] Leech Seed|[of] p2a: Wadaa\n|-heal|p2a: Wadaa|51\/100|[silent]\n|upkeep\n|turn|8\n|inactive|AaPilleri has 120 seconds left.\n|\n|t:|1700212094\n|move|p1a: Kangaskhan|Drain Punch|p2a: Wadaa\n|-damage|p2a: Wadaa|27\/100\n|-heal|p1a: Kangaskhan|28\/100|[from] drain|[of] p2a: Wadaa\n|-crit|p2a: Wadaa\n|-damage|p2a: Wadaa|18\/100\n|-heal|p1a: Kangaskhan|33\/100|[from] drain|[of] p2a: Wadaa\n|-hitcount|p2a: Wadaa|2\n|move|p2a: Wadaa|Counter|p1a: Kangaskhan\n|-damage|p1a: Kangaskhan|14\/100\n|\n|-damage|p1a: Kangaskhan|2\/100|[from] Leech Seed|[of] p2a: Wadaa\n|-heal|p2a: Wadaa|30\/100|[silent]\n|upkeep\n|turn|9\n|c|\u2606Wisper2ng|Pls crit\n|\n|t:|1700212110\n|move|p1a: Kangaskhan|Drain Punch|p2a: Wadaa\n|-damage|p2a: Wadaa|5\/100\n|-heal|p1a: Kangaskhan|15\/100|[from] drain|[of] p2a: Wadaa\n|-crit|p2a: Wadaa\n|-damage|p2a: Wadaa|0 fnt\n|-heal|p1a: Kangaskhan|17\/100|[from] drain|[of] p2a: Wadaa\n|faint|p2a: Wadaa\n|-hitcount|p2: Wadaa|2\n|\n|upkeep\n|c|\u2606Wisper2ng|Yes\n|\n|t:|1700212118\n|switch|p2a: Bidoof|Bidoof, M|100\/100\n|turn|10\n|c|\u2606Wisper2ng|Oh gof\n|inactive|AaPilleri has 90 seconds left.\n|\n|t:|1700212139\n|move|p1a: Kangaskhan|Drain Punch|p2a: Bidoof\n|-supereffective|p2a: Bidoof\n|-damage|p2a: Bidoof|0 fnt\n|-heal|p1a: Kangaskhan|61\/100|[from] drain|[of] p2a: Bidoof\n|faint|p2a: Bidoof\n|-hitcount|p2: Bidoof|1\n|\n|upkeep\n|\n|t:|1700212147\n|switch|p2a: Wigglytuff|Wigglytuff, F|100\/100\n|turn|11\n|inactive|AaPilleri has 90 seconds left.\n|c|\u2606AaPilleri|You killed him :(\n|c|\u2606AaPilleri|How could you\n|inactive|Wisper2ng has 120 seconds left.\n|\n|t:|1700212190\n|move|p1a: Kangaskhan|Drain Punch|p2a: Wigglytuff\n|-damage|p2a: Wigglytuff|0 fnt\n|-heal|p1a: Kangaskhan|100\/100|[from] drain|[of] p2a: Wigglytuff\n|faint|p2a: Wigglytuff\n|-hitcount|p2: Wigglytuff|1\n|\n|upkeep\n|\n|t:|1700212196\n|switch|p2a: Eternatus|Eternatus|100\/100\n|-ability|p2a: Eternatus|Pressure\n|turn|12\n|c|\u2606Wisper2ng|Gg\n|inactive|Wisper2ng has 120 seconds left.\n|c|\u2606AaPilleri|Gg, you played so well, thankss\n|inactive|AaPilleri has 60 seconds left.\n|c|\u2606AaPilleri|That where I lose\n|\n|t:|1700212225\n|move|p2a: Eternatus|Dragon Dance|p2a: Eternatus\n|-boost|p2a: Eternatus|atk|1\n|-boost|p2a: Eternatus|spe|1\n|move|p1a: Kangaskhan|Drain Punch|p2a: Eternatus\n|-resisted|p2a: Eternatus\n|-crit|p2a: Eternatus\n|-damage|p2a: Eternatus|46\/100\n|-resisted|p2a: Eternatus\n|-crit|p2a: Eternatus\n|-damage|p2a: Eternatus|33\/100\n|-hitcount|p2a: Eternatus|2\n|\n|-heal|p2a: Eternatus|39\/100|[from] item: Leftovers\n|-damage|p1a: Kangaskhan|88\/100|[from] Leech Seed|[of] p2a: Eternatus\n|-heal|p2a: Eternatus|48\/100|[silent]\n|upkeep\n|turn|13\n|\n|t:|1700212246\n|move|p2a: Eternatus|Cosmic Power|p2a: Eternatus\n|-boost|p2a: Eternatus|def|1\n|-boost|p2a: Eternatus|spd|1\n|move|p1a: Kangaskhan|Drain Punch|p2a: Eternatus\n|-resisted|p2a: Eternatus\n|-crit|p2a: Eternatus\n|-damage|p2a: Eternatus|0 fnt\n|-heal|p1a: Kangaskhan|100\/100|[from] drain|[of] p2a: Eternatus\n|faint|p2a: Eternatus\n|-hitcount|p2: Eternatus|1\n|\n|win|Wisper2ng\n|raw|Wisper2ng's rating: 1000 &rarr; <strong>1043<\/strong><br \/>(+43 for winning)\n|raw|AaPilleri's rating: 1025 &rarr; <strong>1010<\/strong><br \/>(-15 for losing)\n|c|\u2606Wisper2ng|Wait do you want to rematch\n|c|\u2606AaPilleri|Okii\n","uploadtime":1700212261,"views":13,"p1id":"wisper2ng","p2id":"aapilleri","formatid":"gen9nationaldexubers","rating":1010,"private":0,"password":""}