{"id":"gen9nationaldexubers-1989234051","p1":"HarukaSlowpoke","p2":"Themastergp","format":"[Gen 9] National Dex Ubers","log":"|j|\u2606HarukaSlowpoke\n|j|\u2606Themastergp\n|t:|1699826272\n|gametype|singles\n|player|p1|HarukaSlowpoke|veteran|\n|player|p2|Themastergp|hugh|\n|teamsize|p1|6\n|teamsize|p2|6\n|gen|9\n|tier|[Gen 9] National Dex Ubers\n|rule|HP Percentage Mod: HP is shown in percentages\n|rule|Endless Battle Clause: Forcing endless battles is banned\n|rule|OHKO Clause: OHKO moves are banned\n|rule|Evasion Moves Clause: Evasion moves are banned\n|rule|Evasion Items Clause: Evasion items are banned\n|rule|Species Clause: Limit one of each Pok\u00e9mon\n|rule|Sleep Clause Mod: Limit one foe put to sleep\n|rule|Mega Rayquaza Clause: You cannot mega evolve Rayquaza\n|clearpoke\n|poke|p1|Slowbro, M|\n|poke|p1|Hatterene, F|\n|poke|p1|Grimmsnarl, M|\n|poke|p1|Skeledirge, F|\n|poke|p1|Meowscarada, M|\n|poke|p1|Excadrill, F|\n|poke|p2|Garchomp, M|\n|poke|p2|Landorus-Therian, M|\n|poke|p2|Greninja-*, M|\n|poke|p2|Great Tusk|\n|poke|p2|Gengar, M|\n|poke|p2|Rotom-Wash|\n|teampreview\n|inactive|Battle timer is ON: inactive players will automatically lose when time's up. (requested by HarukaSlowpoke)\n|\n|t:|1699826291\n|start\n|switch|p1a: Grimmsnarl|Grimmsnarl, M|100\/100\n|switch|p2a: Great Tusk|Great Tusk|100\/100\n|turn|1\n|\n|t:|1699826302\n|-end|p2a: Great Tusk|Protosynthesis|[silent]\n|switch|p2a: Greninja|Greninja, M|100\/100\n|switch|p1a: Skeledirge|Skeledirge, F|100\/100\n|\n|upkeep\n|turn|2\n|\n|t:|1699826311\n|switch|p1a: Meowscarada|Meowscarada, M|100\/100\n|move|p2a: Greninja|Surf|p1a: Meowscarada\n|-resisted|p1a: Meowscarada\n|-damage|p1a: Meowscarada|67\/100\n|\n|upkeep\n|turn|3\n|\n|t:|1699826334\n|switch|p2a: Gengar|Gengar, M|100\/100\n|move|p1a: Meowscarada|Protect||[still]\n|-fail|p1a: Meowscarada\n|\n|upkeep\n|turn|4\n|\n|t:|1699826343\n|move|p2a: Gengar|Ice Punch|p1a: Meowscarada\n|-supereffective|p1a: Meowscarada\n|-damage|p1a: Meowscarada|25\/100\n|-enditem|p1a: Meowscarada|Sitrus Berry|[eat]\n|-heal|p1a: Meowscarada|50\/100|[from] item: Sitrus Berry\n|move|p1a: Meowscarada|Trick Room|p1a: Meowscarada\n|-start|p1a: Meowscarada|typechange|Psychic|[from] ability: Protean\n|-fieldstart|move: Trick Room|[of] p1a: Meowscarada\n|\n|upkeep\n|turn|5\n|\n|t:|1699826359\n|switch|p1a: Grimmsnarl|Grimmsnarl, M|100\/100\n|move|p2a: Gengar|Psychic|p1a: Grimmsnarl\n|-immune|p1a: Grimmsnarl\n|\n|upkeep\n|turn|6\n|\n|t:|1699826369\n|move|p1a: Grimmsnarl|Sucker Punch|p2a: Gengar\n|-supereffective|p2a: Gengar\n|-enditem|p2a: Gengar|Focus Sash\n|-damage|p2a: Gengar|1\/100\n|move|p2a: Gengar|Ice Punch|p1a: Grimmsnarl\n|-damage|p1a: Grimmsnarl|85\/100\n|\n|upkeep\n|turn|7\n|\n|t:|1699826382\n|switch|p2a: Greninja|Greninja, M|100\/100\n|move|p1a: Grimmsnarl|Light Screen|p1a: Grimmsnarl\n|-sidestart|p1: HarukaSlowpoke|move: Light Screen\n|\n|upkeep\n|turn|8\n|\n|t:|1699826393\n|switch|p1a: Hatterene|Hatterene, F|100\/100\n|move|p2a: Greninja|Ice Beam|p1a: Hatterene\n|-damage|p1a: Hatterene|86\/100\n|\n|-heal|p1a: Hatterene|92\/100|[from] item: Leftovers\n|-fieldend|move: Trick Room\n|upkeep\n|turn|9\n|\n|t:|1699826404\n|move|p2a: Greninja|U-turn|p1a: Hatterene\n|-damage|p1a: Hatterene|75\/100\n|\n|t:|1699826407\n|switch|p2a: Landorus|Landorus-Therian, M|100\/100|[from] U-turn\n|-ability|p2a: Landorus|Intimidate|boost\n|-unboost|p1a: Hatterene|atk|1\n|move|p1a: Hatterene|Trick Room|p1a: Hatterene\n|-fieldstart|move: Trick Room|[of] p1a: Hatterene\n|\n|-heal|p1a: Hatterene|81\/100|[from] item: Leftovers\n|upkeep\n|turn|10\n|\n|t:|1699826428\n|switch|p1a: Slowbro|Slowbro, M|100\/100\n|move|p2a: Landorus|Stealth Rock|p1a: Slowbro\n|-sidestart|p1: HarukaSlowpoke|move: Stealth Rock\n|\n|upkeep\n|turn|11\n|\n|t:|1699826437\n|detailschange|p1a: Slowbro|Slowbro-Mega, M\n|-mega|p1a: Slowbro|Slowbro|Slowbronite\n|move|p1a: Slowbro|Nasty Plot|p1a: Slowbro\n|-boost|p1a: Slowbro|spa|2\n|move|p2a: Landorus|Swords Dance|p2a: Landorus\n|-boost|p2a: Landorus|atk|2\n|\n|-sideend|p1: HarukaSlowpoke|move: Light Screen\n|upkeep\n|turn|12\n|\n|t:|1699826449\n|move|p1a: Slowbro|Scald|p2a: Landorus\n|-supereffective|p2a: Landorus\n|-enditem|p2a: Landorus|Focus Sash\n|-damage|p2a: Landorus|1\/100\n|-status|p2a: Landorus|brn\n|move|p2a: Landorus|Earthquake|p1a: Slowbro\n|-damage|p1a: Slowbro|70\/100\n|\n|-damage|p2a: Landorus|0 fnt|[from] brn\n|faint|p2a: Landorus\n|upkeep\n|\n|t:|1699826463\n|switch|p2a: Rotom|Rotom-Wash|100\/100\n|turn|13\n|\n|t:|1699826472\n|move|p1a: Slowbro|Psychic|p2a: Rotom\n|-damage|p2a: Rotom|0 fnt\n|faint|p2a: Rotom\n|\n|-fieldend|move: Trick Room\n|upkeep\n|\n|t:|1699826484\n|switch|p2a: Greninja|Greninja, M|100\/100\n|turn|14\n|\n|t:|1699826504\n|switch|p1a: Meowscarada|Meowscarada, M|50\/100\n|-damage|p1a: Meowscarada|38\/100|[from] Stealth Rock\n|move|p2a: Greninja|Dark Pulse|p1a: Meowscarada\n|-resisted|p1a: Meowscarada\n|-damage|p1a: Meowscarada|9\/100\n|\n|upkeep\n|turn|15\n|\n|t:|1699826513\n|move|p1a: Meowscarada|Flower Trick|p2a: Greninja\n|-start|p1a: Meowscarada|typechange|Grass|[from] ability: Protean\n|-supereffective|p2a: Greninja\n|-crit|p2a: Greninja\n|-enditem|p2a: Greninja|Focus Sash\n|-damage|p2a: Greninja|1\/100\n|move|p2a: Greninja|U-turn|p1a: Meowscarada\n|-supereffective|p1a: Meowscarada\n|-damage|p1a: Meowscarada|0 fnt\n|faint|p1a: Meowscarada\n|-ability|p2a: Greninja|Battle Bond|boost\n|-boost|p2a: Greninja|atk|1\n|-boost|p2a: Greninja|spa|1\n|-boost|p2a: Greninja|spe|1\n|-activate|p2a: Greninja|ability: Battle Bond\n|\n|t:|1699826530\n|switch|p2a: Garchomp|Garchomp, M|100\/100|[from] U-turn\n|\n|upkeep\n|\n|t:|1699826538\n|switch|p1a: Slowbro|Slowbro-Mega, M|70\/100\n|-damage|p1a: Slowbro|57\/100|[from] Stealth Rock\n|turn|16\n|\n|t:|1699826547\n|move|p2a: Garchomp|Rock Slide|p1a: Slowbro\n|-damage|p1a: Slowbro|40\/100\n|-damage|p2a: Garchomp|91\/100|[from] item: Life Orb\n|move|p1a: Slowbro|Trick Room|p1a: Slowbro\n|-fieldstart|move: Trick Room|[of] p1a: Slowbro\n|\n|upkeep\n|turn|17\n|j| RositaV (TRAINER)\n|\n|t:|1699826556\n|move|p1a: Slowbro|Nasty Plot|p1a: Slowbro\n|-boost|p1a: Slowbro|spa|2\n|move|p2a: Garchomp|Earthquake|p1a: Slowbro\n|-damage|p1a: Slowbro|3\/100\n|-damage|p2a: Garchomp|81\/100|[from] item: Life Orb\n|\n|upkeep\n|turn|18\n|\n|t:|1699826566\n|move|p1a: Slowbro|Psychic|p2a: Garchomp\n|-damage|p2a: Garchomp|0 fnt\n|faint|p2a: Garchomp\n|\n|upkeep\n|\n|t:|1699826572\n|switch|p2a: Great Tusk|Great Tusk|100\/100\n|turn|19\n|\n|t:|1699826582\n|move|p1a: Slowbro|Scald|p2a: Great Tusk\n|-supereffective|p2a: Great Tusk\n|-damage|p2a: Great Tusk|0 fnt\n|faint|p2a: Great Tusk\n|-end|p2a: Great Tusk|Protosynthesis|[silent]\n|\n|upkeep\n|\n|t:|1699826589\n|switch|p2a: Gengar|Gengar, M|1\/100\n|turn|20\n|\n|t:|1699826592\n|move|p1a: Slowbro|Psychic|p2a: Gengar\n|-supereffective|p2a: Gengar\n|-damage|p2a: Gengar|0 fnt\n|faint|p2a: Gengar\n|\n|-fieldend|move: Trick Room\n|upkeep\n|\n|t:|1699826599\n|switch|p2a: Greninja|Greninja, M|1\/100\n|turn|21\n|\n|t:|1699826606\n|switch|p1a: Grimmsnarl|Grimmsnarl, M|85\/100\n|-damage|p1a: Grimmsnarl|73\/100|[from] Stealth Rock\n|move|p2a: Greninja|U-turn|p1a: Grimmsnarl\n|-damage|p1a: Grimmsnarl|54\/100\n|\n|upkeep\n|turn|22\n|\n|t:|1699826614\n|move|p1a: Grimmsnarl|Sucker Punch|p2a: Greninja\n|-resisted|p2a: Greninja\n|-damage|p2a: Greninja|0 fnt\n|faint|p2a: Greninja\n|\n|win|HarukaSlowpoke\n|l| RositaV (TRAINER)\n|j| RositaV (TRAINER)\n","uploadtime":1699826637,"views":6,"p1id":"harukaslowpoke","p2id":"themastergp","formatid":"gen9nationaldexubers","rating":0,"private":0,"password":""}