{"id":"gen9nationaldexubers-1979858798","p1":"weewoomikeymoo","p2":"Hajime8680","format":"[Gen 9] National Dex Ubers","log":"|j|\u2606weewoomikeymoo\n|j|\u2606Hajime8680\n|t:|1698720902\n|gametype|singles\n|player|p1|weewoomikeymoo|clown|\n|player|p2|Hajime8680|ninjaboy|\n|teamsize|p1|6\n|teamsize|p2|6\n|gen|9\n|tier|[Gen 9] National Dex Ubers\n|rule|HP Percentage Mod: HP is shown in percentages\n|rule|Endless Battle Clause: Forcing endless battles is banned\n|rule|OHKO Clause: OHKO moves are banned\n|rule|Evasion Moves Clause: Evasion moves are banned\n|rule|Evasion Items Clause: Evasion items are banned\n|rule|Species Clause: Limit one of each Pok\u00e9mon\n|rule|Sleep Clause Mod: Limit one foe put to sleep\n|rule|Mega Rayquaza Clause: You cannot mega evolve Rayquaza\n|clearpoke\n|poke|p1|Articuno-Galar, L97|\n|poke|p1|Ponyta-Galar, F|\n|poke|p1|Farfetch\u2019d-Galar, L87, M|\n|poke|p1|Togekiss, L89, F|\n|poke|p1|Bewear, L90, M|\n|poke|p1|Sylveon, L92, F|\n|poke|p2|Miltank, L79, F|\n|poke|p2|Diggersby, L81, M|\n|poke|p2|Porygon-Z, L83|\n|poke|p2|Zoroark-Hisui, L80, F|\n|poke|p2|Lopunny, L83, F|\n|poke|p2|Pyroar, L82, M|\n|teampreview\n|\n|t:|1698720933\n|start\n|switch|p1a: Snuggles|Bewear, L90, M|100\/100\n|switch|p2a: Diggersby|Diggersby, L81, M|100\/100\n|turn|1\n|\n|t:|1698720948\n|move|p1a: Snuggles|Ice Punch|p2a: Diggersby\n|-supereffective|p2a: Diggersby\n|-crit|p2a: Diggersby\n|-damage|p2a: Diggersby|19\/100\n|move|p2a: Diggersby|Spikes|p1a: Snuggles\n|-sidestart|p1: weewoomikeymoo|Spikes\n|\n|upkeep\n|turn|2\n|\n|t:|1698720963\n|move|p1a: Snuggles|Ice Punch|p2a: Diggersby\n|-supereffective|p2a: Diggersby\n|-damage|p2a: Diggersby|0 fnt\n|faint|p2a: Diggersby\n|\n|upkeep\n|\n|t:|1698720969\n|switch|p2a: Miltank|Miltank, L79, F|100\/100\n|turn|3\n|\n|t:|1698720980\n|move|p1a: Snuggles|Drain Punch|p2a: Miltank\n|-supereffective|p2a: Miltank\n|-damage|p2a: Miltank|47\/100\n|move|p2a: Miltank|Stealth Rock|p1a: Snuggles\n|-sidestart|p1: weewoomikeymoo|move: Stealth Rock\n|\n|upkeep\n|turn|4\n|\n|t:|1698720994\n|move|p1a: Snuggles|Close Combat|p2a: Miltank\n|-supereffective|p2a: Miltank\n|-damage|p2a: Miltank|0 fnt\n|-unboost|p1a: Snuggles|def|1\n|-unboost|p1a: Snuggles|spd|1\n|faint|p2a: Miltank\n|\n|upkeep\n|\n|t:|1698721012\n|switch|p2a: Pyroar|Pyroar, L82, M|100\/100\n|turn|5\n|\n|t:|1698721030\n|move|p2a: Pyroar|Psychic Fangs|p1a: Snuggles\n|-supereffective|p1a: Snuggles\n|-damage|p1a: Snuggles|74\/100\n|-damage|p2a: Pyroar|84\/100|[from] item: Rocky Helmet|[of] p1a: Snuggles\n|move|p1a: Snuggles|Drain Punch|p2a: Pyroar\n|-supereffective|p2a: Pyroar\n|-damage|p2a: Pyroar|0 fnt\n|-heal|p1a: Snuggles|100\/100|[from] drain|[of] p2a: Pyroar\n|faint|p2a: Pyroar\n|\n|upkeep\n|\n|t:|1698721044\n|switch|p2a: Lopunny|Lopunny, L80, F|100\/100\n|turn|6\n|\n|t:|1698721057\n|move|p2a: Lopunny|Calm Mind|p2a: Lopunny\n|-boost|p2a: Lopunny|spa|1\n|-boost|p2a: Lopunny|spd|1\n|move|p1a: Snuggles|Close Combat|p2a: Lopunny\n|-immune|p2a: Lopunny\n|\n|upkeep\n|turn|7\n|\n|t:|1698721066\n|move|p2a: Lopunny|Swords Dance|p2a: Lopunny\n|-boost|p2a: Lopunny|atk|2\n|move|p1a: Snuggles|Ice Punch|p2a: Lopunny\n|-damage|p2a: Lopunny|43\/100\n|-status|p2a: Lopunny|frz\n|replace|p2a: Zoroark|Zoroark-Hisui, L80, F\n|-end|p2a: Zoroark|Illusion\n|\n|upkeep\n|turn|8\n|\n|t:|1698721079\n|cant|p2a: Zoroark|frz\n|move|p1a: Snuggles|Ice Punch|p2a: Zoroark\n|-damage|p2a: Zoroark|0 fnt\n|faint|p2a: Zoroark\n|\n|upkeep\n|\n|t:|1698721090\n|switch|p2a: Porygon-Z|Porygon-Z, L83|100\/100\n|turn|9\n|\n|t:|1698721100\n|move|p2a: Porygon-Z|Psychic|p1a: Snuggles\n|-supereffective|p1a: Snuggles\n|-damage|p1a: Snuggles|0 fnt\n|faint|p1a: Snuggles\n|\n|upkeep\n|\n|t:|1698721108\n|switch|p1a: Quackers|Farfetch\u2019d-Galar, L87, M, shiny|100\/100\n|-damage|p1a: Quackers|88\/100|[from] Spikes\n|-damage|p1a: Quackers|82\/100|[from] Stealth Rock\n|turn|10\n|\n|t:|1698721117\n|move|p2a: Porygon-Z|Psychic|p1a: Quackers\n|-supereffective|p1a: Quackers\n|-crit|p1a: Quackers\n|-damage|p1a: Quackers|0 fnt\n|faint|p1a: Quackers\n|\n|upkeep\n|\n|t:|1698721125\n|switch|p1a: Articuno|Articuno-Galar, L97|100\/100\n|-damage|p1a: Articuno|75\/100|[from] Stealth Rock\n|turn|11\n|\n|t:|1698721141\n|move|p1a: Articuno|Hurricane|p2a: Porygon-Z|[miss]\n|-miss|p1a: Articuno|p2a: Porygon-Z\n|move|p2a: Porygon-Z|Foul Play|p1a: Articuno\n|-supereffective|p1a: Articuno\n|-damage|p1a: Articuno|44\/100\n|\n|upkeep\n|turn|12\n|\n|t:|1698721165\n|move|p1a: Articuno|Future Sight|p2a: Porygon-Z\n|-start|p1a: Articuno|move: Future Sight\n|move|p2a: Porygon-Z|Foul Play|p1a: Articuno\n|-supereffective|p1a: Articuno\n|-damage|p1a: Articuno|13\/100\n|\n|upkeep\n|turn|13\n|\n|t:|1698721178\n|move|p1a: Articuno|Light Screen|p1a: Articuno\n|-sidestart|p1: weewoomikeymoo|move: Light Screen\n|move|p2a: Porygon-Z|Foul Play|p1a: Articuno\n|-supereffective|p1a: Articuno\n|-damage|p1a: Articuno|0 fnt\n|faint|p1a: Articuno\n|\n|upkeep\n|\n|t:|1698721196\n|switch|p1a: Loverly|Sylveon, L92, F|100\/100\n|turn|14\n|\n|t:|1698721207\n|move|p2a: Porygon-Z|Toxic|p1a: Loverly\n|-status|p1a: Loverly|tox\n|move|p1a: Loverly|Draining Kiss|p2a: Porygon-Z\n|-damage|p2a: Porygon-Z|69\/100\n|\n|-end|p2a: Porygon-Z|move: Future Sight\n|-damage|p2a: Porygon-Z|0 fnt\n|faint|p2a: Porygon-Z\n|-damage|p1a: Loverly|95\/100 tox|[from] psn\n|upkeep\n|\n|t:|1698721217\n|switch|p2a: Lopunny|Lopunny, L83, F|100\/100\n|turn|15\n|\n|t:|1698721229\n|detailschange|p2a: Lopunny|Lopunny-Mega, L83, F\n|-mega|p2a: Lopunny|Lopunny|Lopunnite\n|move|p2a: Lopunny|Fake Out|p1a: Loverly\n|-damage|p1a: Loverly|72\/100 tox\n|cant|p1a: Loverly|flinch\n|\n|-damage|p1a: Loverly|60\/100 tox|[from] psn\n|upkeep\n|turn|16\n|\n|t:|1698721252\n|move|p2a: Lopunny|Frustration|p1a: Loverly\n|-damage|p1a: Loverly|0 fnt\n|faint|p1a: Loverly\n|\n|upkeep\n|\n|t:|1698721259\n|switch|p1a: Candy|Ponyta-Galar, F|100\/100\n|-damage|p1a: Candy|88\/100|[from] Spikes\n|-damage|p1a: Candy|75\/100|[from] Stealth Rock\n|turn|17\n|\n|t:|1698721272\n|move|p2a: Lopunny|Frustration|p1a: Candy\n|-damage|p1a: Candy|1\/100\n|-enditem|p1a: Candy|Aguav Berry|[eat]\n|-heal|p1a: Candy|35\/100|[from] item: Aguav Berry\n|move|p1a: Candy|High Horsepower|p2a: Lopunny\n|-damage|p2a: Lopunny|62\/100\n|\n|-sideend|p1: weewoomikeymoo|move: Light Screen\n|upkeep\n|turn|18\n|\n|t:|1698721285\n|move|p2a: Lopunny|Frustration|p1a: Candy\n|-damage|p1a: Candy|0 fnt\n|faint|p1a: Candy\n|\n|upkeep\n|\n|t:|1698721290\n|switch|p1a: Selena|Togekiss, L89, F|100\/100\n|-damage|p1a: Selena|76\/100|[from] Stealth Rock\n|turn|19\n|\n|t:|1698721299\n|move|p2a: Lopunny|Thunderbolt|p1a: Selena\n|-supereffective|p1a: Selena\n|-damage|p1a: Selena|53\/100\n|move|p1a: Selena|Fire Blast|p2a: Lopunny|[miss]\n|-miss|p1a: Selena|p2a: Lopunny\n|\n|-heal|p1a: Selena|59\/100|[from] item: Leftovers\n|upkeep\n|turn|20\n|\n|t:|1698721312\n|move|p2a: Lopunny|Frustration|p1a: Selena\n|-damage|p1a: Selena|12\/100\n|move|p1a: Selena|Fire Blast|p2a: Lopunny\n|-damage|p2a: Lopunny|20\/100\n|\n|-heal|p1a: Selena|18\/100|[from] item: Leftovers\n|upkeep\n|turn|21\n|\n|t:|1698721325\n|move|p2a: Lopunny|Frustration|p1a: Selena\n|-crit|p1a: Selena\n|-damage|p1a: Selena|0 fnt\n|faint|p1a: Selena\n|\n|win|Hajime8680\n","uploadtime":1698721338,"views":15,"p1id":"weewoomikeymoo","p2id":"hajime8680","formatid":"gen9nationaldexubers","rating":0,"private":0,"password":""}