{"id":"gen9nationaldexubers-1995562608","p1":"bob the bidier","p2":"How To Beat Lance","format":"[Gen 9] National Dex Ubers","log":"|j|\u2606bob the bidier\n|j|\u2606How To Beat Lance\n|t:|1700583127\n|gametype|singles\n|player|p1|bob the bidier|nate|1051\n|player|p2|How To Beat Lance|steven|1054\n|teamsize|p1|6\n|teamsize|p2|6\n|gen|9\n|tier|[Gen 9] National Dex Ubers\n|rated|\n|rule|HP Percentage Mod: HP is shown in percentages\n|rule|Endless Battle Clause: Forcing endless battles is banned\n|rule|OHKO Clause: OHKO moves are banned\n|rule|Evasion Moves Clause: Evasion moves are banned\n|rule|Evasion Items Clause: Evasion items are banned\n|rule|Species Clause: Limit one of each Pok\u00e9mon\n|rule|Sleep Clause Mod: Limit one foe put to sleep\n|rule|Mega Rayquaza Clause: You cannot mega evolve Rayquaza\n|clearpoke\n|poke|p1|Gliscor, M|\n|poke|p1|Breloom, M|\n|poke|p1|Arcanine-Hisui, M|\n|poke|p1|Necrozma-Dawn-Wings|\n|poke|p1|Porygon-Z|\n|poke|p1|Altaria, M|\n|poke|p2|Metagross|\n|poke|p2|Skarmory, F|\n|poke|p2|Cradily, M|\n|poke|p2|Claydol|\n|poke|p2|Aggron, F|\n|poke|p2|Armaldo, M|\n|teampreview\n|\n|t:|1700583156\n|start\n|switch|p1a: Gliscor|Gliscor, M, shiny|100\/100\n|switch|p2a: Armaldo|Armaldo, M|100\/100\n|turn|1\n|\n|t:|1700583167\n|move|p1a: Gliscor|Swords Dance|p1a: Gliscor\n|-boost|p1a: Gliscor|atk|2\n|move|p2a: Armaldo|Knock Off|p1a: Gliscor\n|-damage|p1a: Gliscor|65\/100\n|-enditem|p1a: Gliscor|Toxic Orb|[from] move: Knock Off|[of] p2a: Armaldo\n|\n|upkeep\n|turn|2\n|\n|t:|1700583174\n|move|p1a: Gliscor|Crunch|p2a: Armaldo\n|-damage|p2a: Armaldo|57\/100\n|move|p2a: Armaldo|Rock Slide|p1a: Gliscor\n|-damage|p1a: Gliscor|25\/100\n|\n|upkeep\n|turn|3\n|\n|t:|1700583179\n|move|p1a: Gliscor|Crunch|p2a: Armaldo\n|-damage|p2a: Armaldo|15\/100\n|-unboost|p2a: Armaldo|def|1\n|move|p2a: Armaldo|Rock Slide|p1a: Gliscor\n|-damage|p1a: Gliscor|0 fnt\n|faint|p1a: Gliscor\n|\n|upkeep\n|\n|t:|1700583187\n|switch|p1a: Mr Toxic|Breloom, M, shiny|100\/100\n|turn|4\n|\n|t:|1700583223\n|move|p1a: Mr Toxic|Drain Punch|p2a: Armaldo\n|-damage|p2a: Armaldo|0 fnt\n|faint|p2a: Armaldo\n|\n|-status|p1a: Mr Toxic|tox|[from] item: Toxic Orb\n|upkeep\n|\n|t:|1700583255\n|switch|p2a: Aggron|Aggron, F|100\/100\n|turn|5\n|\n|t:|1700583262\n|move|p1a: Mr Toxic|Facade|p2a: Aggron\n|-resisted|p2a: Aggron\n|-damage|p2a: Aggron|94\/100\n|move|p2a: Aggron|Stealth Rock|p1a: Mr Toxic\n|-sidestart|p1: bob the bidier|move: Stealth Rock\n|\n|upkeep\n|turn|6\n|\n|t:|1700583269\n|move|p1a: Mr Toxic|Drain Punch|p2a: Aggron\n|-supereffective|p2a: Aggron\n|-damage|p2a: Aggron|14\/100\n|move|p2a: Aggron|Iron Head|p1a: Mr Toxic\n|-damage|p1a: Mr Toxic|51\/100 tox\n|\n|-heal|p1a: Mr Toxic|63\/100 tox|[from] ability: Poison Heal\n|upkeep\n|turn|7\n|-enditem|p2a: Aggron|Custap Berry|[eat]\n|-activate|p2a: Aggron|item: Custap Berry|[consumed]\n|\n|t:|1700583276\n|move|p2a: Aggron|Iron Head|p1a: Mr Toxic\n|-damage|p1a: Mr Toxic|13\/100 tox\n|move|p1a: Mr Toxic|Drain Punch|p2a: Aggron\n|-supereffective|p2a: Aggron\n|-damage|p2a: Aggron|0 fnt\n|-heal|p1a: Mr Toxic|22\/100 tox|[from] drain|[of] p2a: Aggron\n|faint|p2a: Aggron\n|\n|-heal|p1a: Mr Toxic|34\/100 tox|[from] ability: Poison Heal\n|upkeep\n|c|\u2606How To Beat Lance|free chip\n|\n|t:|1700583288\n|switch|p2a: Metagross|Metagross, shiny|100\/100\n|turn|8\n|\n|t:|1700583295\n|detailschange|p2a: Metagross|Metagross-Mega, shiny\n|-mega|p2a: Metagross|Metagross|Metagrossite\n|move|p2a: Metagross|Bullet Punch|p1a: Mr Toxic\n|-damage|p1a: Mr Toxic|0 fnt\n|faint|p1a: Mr Toxic\n|\n|upkeep\n|\n|t:|1700583300\n|switch|p1a: Porygon-Z|Porygon-Z, shiny|100\/100\n|-damage|p1a: Porygon-Z|88\/100|[from] Stealth Rock\n|turn|9\n|\n|t:|1700583304\n|move|p2a: Metagross|Meteor Mash|p1a: Porygon-Z\n|-damage|p1a: Porygon-Z|0 fnt\n|-boost|p2a: Metagross|atk|1\n|faint|p1a: Porygon-Z\n|\n|upkeep\n|\n|t:|1700583310\n|switch|p1a: Altaria|Altaria, M|100\/100\n|-damage|p1a: Altaria|76\/100|[from] Stealth Rock\n|turn|10\n|\n|t:|1700583319\n|move|p2a: Metagross|Meteor Mash|p1a: Altaria\n|-damage|p1a: Altaria|0 fnt\n|faint|p1a: Altaria\n|\n|upkeep\n|-message|bob the bidier forfeited.\n|\n|win|How To Beat Lance\n|raw|bob the bidier's rating: 1051 &rarr; <strong>1034<\/strong><br \/>(-17 for losing)\n|raw|How To Beat Lance's rating: 1054 &rarr; <strong>1086<\/strong><br \/>(+32 for winning)\n|l|\u2606bob the bidier\n|c|\u2606How To Beat Lance|gg\n","uploadtime":1700583328,"views":3,"p1id":"bobthebidier","p2id":"howtobeatlance","formatid":"gen9nationaldexubers","rating":1034,"private":0,"password":""}