{"id":"gen9nationaldexubers-1983177156","p1":"Qishan","p2":"KurumiTokisakilove","format":"[Gen 9] National Dex Ubers","log":"|j|\u2606Qishan\n|j|\u2606KurumiTokisakilove\n|t:|1699100914\n|gametype|singles\n|player|p1|Qishan|bruno|1561\n|player|p2|KurumiTokisakilove|sabrina-gen2|1893\n|teamsize|p1|6\n|teamsize|p2|6\n|gen|9\n|tier|[Gen 9] National Dex Ubers\n|rated|\n|rule|HP Percentage Mod: HP is shown in percentages\n|rule|Endless Battle Clause: Forcing endless battles is banned\n|rule|OHKO Clause: OHKO moves are banned\n|rule|Evasion Moves Clause: Evasion moves are banned\n|rule|Evasion Items Clause: Evasion items are banned\n|rule|Species Clause: Limit one of each Pok\u00e9mon\n|rule|Sleep Clause Mod: Limit one foe put to sleep\n|rule|Mega Rayquaza Clause: You cannot mega evolve Rayquaza\n|clearpoke\n|poke|p1|Deoxys-Attack|\n|poke|p1|Arceus|\n|poke|p1|Serperior, M|\n|poke|p1|Xerneas-*|\n|poke|p1|Necrozma-Dusk-Mane|\n|poke|p1|Kyurem-Black|\n|poke|p2|Zygarde|\n|poke|p2|Magearna|\n|poke|p2|Ditto|\n|poke|p2|Rayquaza|\n|poke|p2|Arceus-Water|\n|poke|p2|Necrozma-Dusk-Mane|\n|teampreview\n|inactive|Battle timer is ON: inactive players will automatically lose when time's up. (requested by KurumiTokisakilove)\n|inactive|Qishan has 120 seconds left.\n|\n|t:|1699100948\n|start\n|switch|p1a: Deoxys|Deoxys-Attack, shiny|100\/100\n|switch|p2a: Rayquaza|Rayquaza|100\/100\n|-ability|p1a: Deoxys|Pressure\n|-ability|p2a: Rayquaza|Air Lock\n|turn|1\n|\n|t:|1699100960\n|move|p2a: Rayquaza|Extreme Speed|p1a: Deoxys\n|-crit|p1a: Deoxys\n|-enditem|p1a: Deoxys|Focus Sash\n|-damage|p1a: Deoxys|1\/100\n|move|p1a: Deoxys|Psycho Boost|p2a: Rayquaza\n|-damage|p2a: Rayquaza|4\/100\n|-unboost|p1a: Deoxys|spa|2\n|\n|upkeep\n|turn|2\n|\n|t:|1699100969\n|move|p1a: Deoxys|Extreme Speed|p2a: Rayquaza\n|-damage|p2a: Rayquaza|0 fnt\n|faint|p2a: Rayquaza\n|\n|upkeep\n|\n|t:|1699100973\n|switch|p2a: Arceus|Arceus-Water|100\/100\n|turn|3\n|\n|t:|1699100978\n|move|p1a: Deoxys|Stealth Rock|p2a: Arceus\n|-sidestart|p2: KurumiTokisakilove|move: Stealth Rock\n|move|p2a: Arceus|Judgment|p1a: Deoxys\n|-damage|p1a: Deoxys|0 fnt\n|faint|p1a: Deoxys\n|\n|upkeep\n|\n|t:|1699100987\n|switch|p1a: Serperior|Serperior, M, shiny|100\/100\n|turn|4\n|\n|t:|1699100990\n|switch|p2a: Magearna|Magearna|100\/100\n|-damage|p2a: Magearna|94\/100|[from] Stealth Rock\n|move|p1a: Serperior|Leaf Storm|p2a: Magearna\n|-resisted|p2a: Magearna\n|-damage|p2a: Magearna|80\/100\n|-boost|p1a: Serperior|spa|2\n|\n|upkeep\n|turn|5\n|\n|t:|1699100998\n|move|p1a: Serperior|Glare|p2a: Magearna\n|-status|p2a: Magearna|par\n|move|p2a: Magearna|Heart Swap|p1a: Serperior\n|-swapboost|p2a: Magearna|p1a: Serperior|[from] move: Heart Swap\n|\n|upkeep\n|turn|6\n|\n|t:|1699101005\n|move|p1a: Serperior|Leaf Storm|p2a: Magearna|[miss]\n|-miss|p1a: Serperior|p2a: Magearna\n|move|p2a: Magearna|Fleur Cannon|p1a: Serperior\n|-damage|p1a: Serperior|0 fnt\n|-unboost|p2a: Magearna|spa|2\n|faint|p1a: Serperior\n|-ability|p2a: Magearna|Soul-Heart|boost\n|-boost|p2a: Magearna|spa|1\n|\n|upkeep\n|\n|t:|1699101016\n|switch|p1a: Necrozma|Necrozma-Dusk-Mane, shiny|100\/100\n|turn|7\n|\n|t:|1699101023\n|switch|p2a: Arceus|Arceus-Water|100\/100\n|-damage|p2a: Arceus|88\/100|[from] Stealth Rock\n|move|p1a: Necrozma|Dragon Dance|p1a: Necrozma\n|-boost|p1a: Necrozma|atk|1\n|-boost|p1a: Necrozma|spe|1\n|\n|upkeep\n|turn|8\n|\n|t:|1699101032\n|detailschange|p1a: Necrozma|Necrozma-Ultra, shiny\n|-burst|p1a: Necrozma|Necrozma|Ultranecrozium Z\n|move|p1a: Necrozma|Photon Geyser|p2a: Arceus\n|-damage|p2a: Arceus|25\/100\n|move|p2a: Arceus|Judgment|p1a: Necrozma\n|-resisted|p1a: Necrozma\n|-damage|p1a: Necrozma|80\/100\n|\n|upkeep\n|turn|9\n|\n|t:|1699101043\n|move|p1a: Necrozma|Photon Geyser|p2a: Arceus\n|-damage|p2a: Arceus|0 fnt\n|faint|p2a: Arceus\n|\n|upkeep\n|\n|t:|1699101046\n|switch|p2a: Necrozma|Necrozma-Dusk-Mane|100\/100\n|-damage|p2a: Necrozma|94\/100|[from] Stealth Rock\n|turn|10\n|\n|t:|1699101055\n|detailschange|p2a: Necrozma|Necrozma-Ultra\n|-burst|p2a: Necrozma|Necrozma|Ultranecrozium Z\n|move|p1a: Necrozma|Earthquake|p2a: Necrozma\n|-damage|p2a: Necrozma|23\/100\n|move|p2a: Necrozma|Dragon Pulse|p1a: Necrozma\n|-supereffective|p1a: Necrozma\n|-damage|p1a: Necrozma|0 fnt\n|faint|p1a: Necrozma\n|\n|upkeep\n|\n|t:|1699101078\n|switch|p1a: Arceus|Arceus, shiny|100\/100\n|turn|11\n|\n|t:|1699101083\n|-zpower|p2a: Necrozma\n|move|p2a: Necrozma|Light That Burns the Sky|p1a: Arceus|[zeffect]\n|-damage|p1a: Arceus|25\/100\n|move|p1a: Arceus|Thunder Wave|p2a: Necrozma\n|-status|p2a: Necrozma|par\n|\n|upkeep\n|turn|12\n|\n|t:|1699101091\n|switch|p2a: Magearna|Magearna|80\/100 par\n|-damage|p2a: Magearna|74\/100 par|[from] Stealth Rock\n|move|p1a: Arceus|Light Screen|p1a: Arceus\n|-sidestart|p1: Qishan|move: Light Screen\n|\n|upkeep\n|turn|13\n|\n|t:|1699101097\n|move|p1a: Arceus|Reflect|p1a: Arceus\n|-sidestart|p1: Qishan|Reflect\n|move|p2a: Magearna|Heal Bell|p2a: Magearna\n|-activate|p2a: Magearna|move: Heal Bell\n|-curestatus|p2a: Magearna|par|[msg]\n|-curestatus|p2: Necrozma|par|[msg]\n|\n|upkeep\n|turn|14\n|\n|t:|1699101106\n|move|p1a: Arceus|Thunder Wave|p2a: Magearna\n|-status|p2a: Magearna|par\n|move|p2a: Magearna|Fleur Cannon|p1a: Arceus\n|-damage|p1a: Arceus|6\/100\n|-unboost|p2a: Magearna|spa|2\n|\n|upkeep\n|turn|15\n|\n|t:|1699101120\n|move|p1a: Arceus|Healing Wish|p1a: Arceus\n|faint|p1a: Arceus\n|-ability|p2a: Magearna|Soul-Heart|boost\n|-boost|p2a: Magearna|spa|1\n|move|p2a: Magearna|Heal Bell|p2a: Magearna\n|-activate|p2a: Magearna|move: Heal Bell\n|-curestatus|p2a: Magearna|par|[msg]\n|\n|upkeep\n|\n|t:|1699101131\n|switch|p1a: Xerneas|Xerneas, shiny|100\/100\n|-ability|p1a: Xerneas|Fairy Aura\n|turn|16\n|\n|t:|1699101150\n|move|p1a: Xerneas|Hidden Power|p2a: Magearna\n|-supereffective|p2a: Magearna\n|-damage|p2a: Magearna|47\/100\n|move|p2a: Magearna|Heart Swap|p1a: Xerneas\n|-swapboost|p2a: Magearna|p1a: Xerneas|[from] move: Heart Swap\n|\n|upkeep\n|turn|17\n|\n|t:|1699101162\n|switch|p1a: Kyurem|Kyurem-Black, shiny|100\/100\n|-ability|p1a: Kyurem|Teravolt\n|move|p2a: Magearna|Pain Split|p1a: Kyurem\n|-sethp|p1a: Kyurem|72\/100|[from] move: Pain Split|[silent]\n|-sethp|p2a: Magearna|77\/100|[from] move: Pain Split\n|\n|upkeep\n|turn|18\n|\n|t:|1699101173\n|move|p1a: Kyurem|Fusion Bolt|p2a: Magearna\n|-damage|p2a: Magearna|40\/100\n|move|p2a: Magearna|Fleur Cannon|p1a: Kyurem\n|-supereffective|p1a: Kyurem\n|-damage|p1a: Kyurem|23\/100\n|-unboost|p2a: Magearna|spa|2\n|\n|upkeep\n|turn|19\n|\n|t:|1699101192\n|move|p1a: Kyurem|Dragon Dance|p1a: Kyurem\n|-boost|p1a: Kyurem|atk|1\n|-boost|p1a: Kyurem|spe|1\n|move|p2a: Magearna|Fleur Cannon|p1a: Kyurem\n|-supereffective|p1a: Kyurem\n|-damage|p1a: Kyurem|0 fnt\n|-unboost|p2a: Magearna|spa|2\n|faint|p1a: Kyurem\n|-ability|p2a: Magearna|Soul-Heart|boost\n|-boost|p2a: Magearna|spa|1\n|\n|-sideend|p1: Qishan|move: Light Screen\n|upkeep\n|-message|Qishan forfeited.\n|\n|win|KurumiTokisakilove\n|raw|Qishan's rating: 1561 &rarr; <strong>1556<\/strong><br \/>(-5 for losing)\n|raw|KurumiTokisakilove's rating: 1893 &rarr; <strong>1898<\/strong><br \/>(+5 for winning)\n|l|\u2606Qishan\n|l|\u2606KurumiTokisakilove\n","uploadtime":1699101510,"views":20,"p1id":"qishan","p2id":"kurumitokisakilove","formatid":"gen9nationaldexubers","rating":1556,"private":0,"password":""}