{"id":"gen9nationaldexubers-1986053543","p1":"topszy","p2":"MommyMikuNakano","format":"[Gen 9] National Dex Ubers","log":"|j|\u2606topszy\n|j|\u2606MommyMikuNakano\n|t:|1699444439\n|gametype|singles\n|player|p1|topszy|2|1755\n|player|p2|MommyMikuNakano|erika-gen1|1796\n|teamsize|p1|6\n|teamsize|p2|6\n|gen|9\n|tier|[Gen 9] National Dex Ubers\n|rated|\n|rule|HP Percentage Mod: HP is shown in percentages\n|rule|Endless Battle Clause: Forcing endless battles is banned\n|rule|OHKO Clause: OHKO moves are banned\n|rule|Evasion Moves Clause: Evasion moves are banned\n|rule|Evasion Items Clause: Evasion items are banned\n|rule|Species Clause: Limit one of each Pok\u00e9mon\n|rule|Sleep Clause Mod: Limit one foe put to sleep\n|rule|Mega Rayquaza Clause: You cannot mega evolve Rayquaza\n|clearpoke\n|poke|p1|Yveltal|\n|poke|p1|Groudon|\n|poke|p1|Marshadow|\n|poke|p1|Ho-Oh|\n|poke|p1|Xerneas-*|\n|poke|p1|Zygarde|\n|poke|p2|Ditto|\n|poke|p2|Kyogre|\n|poke|p2|Giratina-Origin|\n|poke|p2|Arceus-Dark|\n|poke|p2|Necrozma-Dusk-Mane|\n|poke|p2|Kyurem-Black|\n|teampreview\n|inactive|Battle timer is ON: inactive players will automatically lose when time's up. (requested by MommyMikuNakano)\n|\n|t:|1699444450\n|start\n|switch|p1a: Xerneas|Xerneas|100\/100\n|switch|p2a: Necrozma|Necrozma-Dusk-Mane|100\/100\n|-ability|p1a: Xerneas|Fairy Aura\n|turn|1\n|\n|t:|1699444456\n|switch|p1a: Ho-Oh|Ho-Oh|100\/100\n|move|p2a: Necrozma|Stealth Rock|p1a: Ho-Oh\n|-sidestart|p1: topszy|move: Stealth Rock\n|\n|upkeep\n|turn|2\n|\n|t:|1699444472\n|switch|p2a: Ditto|Ditto, shiny|100\/100\n|-transform|p2a: Ditto|p1a: Ho-Oh|[from] ability: Imposter\n|move|p1a: Ho-Oh|Defog|p2a: Ditto\n|-unboost|p2a: Ditto|evasion|1\n|-sideend|p1: topszy|Stealth Rock|[from] move: Defog|[of] p1a: Ho-Oh\n|\n|upkeep\n|turn|3\n|\n|t:|1699444482\n|move|p2a: Ditto|Toxic|p1a: Ho-Oh\n|-status|p1a: Ho-Oh|tox\n|move|p1a: Ho-Oh|Toxic|p2a: Ditto\n|-status|p2a: Ditto|tox\n|\n|-damage|p2a: Ditto|94\/100 tox|[from] psn\n|-damage|p1a: Ho-Oh|94\/100 tox|[from] psn\n|upkeep\n|turn|4\n|\n|t:|1699444497\n|move|p2a: Ditto|Toxic|p1a: Ho-Oh\n|-fail|p1a: Ho-Oh|tox\n|move|p1a: Ho-Oh|Sacred Fire|p2a: Ditto\n|-resisted|p2a: Ditto\n|-damage|p2a: Ditto|67\/100 tox\n|\n|-damage|p2a: Ditto|56\/100 tox|[from] psn\n|-damage|p1a: Ho-Oh|82\/100 tox|[from] psn\n|upkeep\n|turn|5\n|\n|t:|1699444501\n|switch|p2a: Necrozma|Necrozma-Dusk-Mane|100\/100\n|move|p1a: Ho-Oh|Toxic|p2a: Necrozma\n|-immune|p2a: Necrozma\n|\n|-damage|p1a: Ho-Oh|64\/100 tox|[from] psn\n|upkeep\n|turn|6\n|\n|t:|1699444504\n|switch|p1a: Zygarde|Zygarde|100\/100\n|move|p2a: Necrozma|Stealth Rock|p1a: Zygarde\n|-sidestart|p1: topszy|move: Stealth Rock\n|\n|upkeep\n|turn|7\n|\n|t:|1699444510\n|switch|p2a: Ditto|Ditto, shiny|89\/100 tox\n|-transform|p2a: Ditto|p1a: Zygarde|[from] ability: Imposter\n|move|p1a: Zygarde|Thousand Arrows|p2a: Ditto\n|-damage|p2a: Ditto|64\/100 tox\n|\n|-damage|p2a: Ditto|58\/100 tox|[from] psn\n|upkeep\n|turn|8\n|\n|t:|1699444519\n|move|p2a: Ditto|Glare|p1a: Zygarde\n|-status|p1a: Zygarde|par\n|move|p1a: Zygarde|Coil|p1a: Zygarde\n|-boost|p1a: Zygarde|atk|1\n|-boost|p1a: Zygarde|def|1\n|-boost|p1a: Zygarde|accuracy|1\n|\n|-damage|p2a: Ditto|46\/100 tox|[from] psn\n|upkeep\n|turn|9\n|\n|t:|1699444521\n|switch|p2a: Giratina|Giratina-Origin|100\/100\n|move|p1a: Zygarde|Thousand Arrows|p2a: Giratina\n|-damage|p2a: Giratina|73\/100\n|-start|p2a: Giratina|Smack Down\n|\n|upkeep\n|turn|10\n|\n|t:|1699444526\n|switch|p1a: Ho-Oh|Ho-Oh|98\/100 tox\n|move|p2a: Giratina|Hex|p1a: Ho-Oh\n|-damage|p1a: Ho-Oh|69\/100 tox\n|\n|-damage|p1a: Ho-Oh|63\/100 tox|[from] psn\n|upkeep\n|turn|11\n|\n|t:|1699444530\n|move|p1a: Ho-Oh|Defog|p2a: Giratina\n|-unboost|p2a: Giratina|evasion|1\n|-sideend|p1: topszy|Stealth Rock|[from] move: Defog|[of] p1a: Ho-Oh\n|move|p2a: Giratina|Hex|p1a: Ho-Oh\n|-damage|p1a: Ho-Oh|34\/100 tox\n|\n|-damage|p1a: Ho-Oh|22\/100 tox|[from] psn\n|upkeep\n|turn|12\n|\n|t:|1699444535\n|switch|p1a: Yveltal|Yveltal|100\/100\n|-ability|p1a: Yveltal|Dark Aura\n|move|p2a: Giratina|Draco Meteor|p1a: Yveltal|[miss]\n|-miss|p2a: Giratina|p1a: Yveltal\n|\n|upkeep\n|turn|13\n|\n|t:|1699444542\n|switch|p2a: Arceus|Arceus-Dark|100\/100\n|move|p1a: Yveltal|U-turn|p2a: Arceus\n|-supereffective|p2a: Arceus\n|-damage|p2a: Arceus|78\/100\n|\n|t:|1699444551\n|switch|p1a: Marshadow|Marshadow|100\/100|[from] U-turn\n|\n|upkeep\n|turn|14\n|\n|t:|1699444567\n|-terastallize|p2a: Arceus|Poison\n|move|p2a: Arceus|Foul Play|p1a: Marshadow\n|-crit|p1a: Marshadow\n|-enditem|p1a: Marshadow|Focus Sash\n|-damage|p1a: Marshadow|1\/100\n|move|p1a: Marshadow|Close Combat|p2a: Arceus\n|-resisted|p2a: Arceus\n|-damage|p2a: Arceus|57\/100\n|-unboost|p1a: Marshadow|def|1\n|-unboost|p1a: Marshadow|spd|1\n|\n|upkeep\n|turn|15\n|\n|t:|1699444580\n|switch|p1a: Yveltal|Yveltal|100\/100\n|-ability|p1a: Yveltal|Dark Aura\n|move|p2a: Arceus|Foul Play|p1a: Yveltal\n|-resisted|p1a: Yveltal\n|-damage|p1a: Yveltal|76\/100\n|\n|upkeep\n|turn|16\n|\n|t:|1699444586\n|-terastallize|p1a: Yveltal|Dark\n|move|p2a: Arceus|Toxic|p1a: Yveltal\n|-status|p1a: Yveltal|tox\n|move|p1a: Yveltal|Dark Pulse|p2a: Arceus\n|-damage|p2a: Arceus|0 fnt\n|faint|p2a: Arceus\n|\n|-damage|p1a: Yveltal|69\/100 tox|[from] psn\n|upkeep\n|\n|t:|1699444591\n|switch|p2a: Kyogre|Kyogre|100\/100\n|-weather|RainDance|[from] ability: Drizzle|[of] p2a: Kyogre\n|turn|17\n|\n|t:|1699444594\n|switch|p1a: Groudon|Groudon|100\/100\n|detailschange|p1a: Groudon|Groudon-Primal\n|-primal|p1a: Groudon|Red Orb\n|-weather|DesolateLand|[from] ability: Desolate Land|[of] p1a: Groudon\n|move|p2a: Kyogre|Water Spout||[still]\n|-fail|p2a: Kyogre|Water Spout|[from] Desolate Land\n|\n|-weather|DesolateLand|[upkeep]\n|upkeep\n|turn|18\n|\n|t:|1699444602\n|move|p2a: Kyogre|Water Spout||[still]\n|-fail|p2a: Kyogre|Water Spout|[from] Desolate Land\n|move|p1a: Groudon|Heat Crash|p2a: Kyogre\n|-resisted|p2a: Kyogre\n|-damage|p2a: Kyogre|61\/100\n|\n|-weather|DesolateLand|[upkeep]\n|upkeep\n|turn|19\n|\n|t:|1699444610\n|switch|p2a: Giratina|Giratina-Origin|73\/100\n|move|p1a: Groudon|Heat Crash|p2a: Giratina\n|-resisted|p2a: Giratina\n|-damage|p2a: Giratina|60\/100\n|\n|-weather|DesolateLand|[upkeep]\n|upkeep\n|turn|20\n|\n|t:|1699444619\n|-weather|none\n|switch|p1a: Ho-Oh|Ho-Oh|55\/100 tox\n|move|p2a: Giratina|Hex|p1a: Ho-Oh\n|-damage|p1a: Ho-Oh|28\/100 tox\n|\n|-damage|p1a: Ho-Oh|22\/100 tox|[from] psn\n|upkeep\n|turn|21\n|\n|t:|1699444633\n|move|p1a: Ho-Oh|Sacred Fire|p2a: Giratina|[miss]\n|-miss|p1a: Ho-Oh|p2a: Giratina\n|move|p2a: Giratina|Hex|p1a: Ho-Oh\n|-damage|p1a: Ho-Oh|0 fnt\n|faint|p1a: Ho-Oh\n|\n|upkeep\n|\n|t:|1699444636\n|switch|p1a: Marshadow|Marshadow|1\/100\n|turn|22\n|\n|t:|1699444639\n|move|p2a: Giratina|Shadow Sneak|p1a: Marshadow\n|-supereffective|p1a: Marshadow\n|-crit|p1a: Marshadow\n|-damage|p1a: Marshadow|0 fnt\n|faint|p1a: Marshadow\n|\n|upkeep\n|\n|t:|1699444641\n|switch|p1a: Yveltal|Yveltal, tera:Dark|69\/100 tox\n|-ability|p1a: Yveltal|Dark Aura\n|turn|23\n|\n|t:|1699444651\n|switch|p2a: Ditto|Ditto, shiny|46\/100 tox\n|-transform|p2a: Ditto|p1a: Yveltal|[from] ability: Imposter\n|-ability|p2a: Ditto|Dark Aura\n|move|p1a: Yveltal|Dark Pulse|p2a: Ditto\n|-resisted|p2a: Ditto\n|-damage|p2a: Ditto|0 fnt\n|faint|p2a: Ditto\n|\n|-damage|p1a: Yveltal|63\/100 tox|[from] psn\n|upkeep\n|\n|t:|1699444655\n|switch|p2a: Kyogre|Kyogre|61\/100\n|-weather|RainDance|[from] ability: Drizzle|[of] p2a: Kyogre\n|turn|24\n|\n|t:|1699444658\n|switch|p1a: Groudon|Groudon-Primal|100\/100\n|-weather|DesolateLand|[from] ability: Desolate Land|[of] p1a: Groudon\n|move|p2a: Kyogre|Ice Beam|p1a: Groudon\n|-damage|p1a: Groudon|65\/100\n|\n|-weather|DesolateLand|[upkeep]\n|upkeep\n|turn|25\n|\n|t:|1699444662\n|switch|p2a: Giratina|Giratina-Origin|60\/100\n|move|p1a: Groudon|Precipice Blades|p2a: Giratina\n|-immune|p2a: Giratina|[from] ability: Levitate\n|\n|-weather|DesolateLand|[upkeep]\n|upkeep\n|turn|26\n|inactive|MommyMikuNakano has 120 seconds left.\n|\n|t:|1699444698\n|-weather|none\n|switch|p1a: Xerneas|Xerneas|100\/100\n|-ability|p1a: Xerneas|Fairy Aura\n|move|p2a: Giratina|Draco Meteor|p1a: Xerneas\n|-immune|p1a: Xerneas\n|\n|upkeep\n|turn|27\n|\n|t:|1699444704\n|switch|p2a: Necrozma|Necrozma-Dusk-Mane|100\/100\n|move|p1a: Xerneas|Aromatherapy|p1a: Xerneas\n|-activate|p1a: Xerneas|move: Aromatherapy\n|-curestatus|p1: Yveltal|tox|[msg]\n|-curestatus|p1: Zygarde|par|[msg]\n|\n|upkeep\n|turn|28\n|\n|t:|1699444708\n|switch|p1a: Zygarde|Zygarde|100\/100\n|move|p2a: Necrozma|Stealth Rock|p1a: Zygarde\n|-sidestart|p1: topszy|move: Stealth Rock\n|\n|upkeep\n|turn|29\n|\n|t:|1699444712\n|detailschange|p2a: Necrozma|Necrozma-Ultra\n|-burst|p2a: Necrozma|Necrozma|Ultranecrozium Z\n|move|p2a: Necrozma|Dragon Pulse|p1a: Zygarde\n|-supereffective|p1a: Zygarde\n|-damage|p1a: Zygarde|0 fnt\n|faint|p1a: Zygarde\n|\n|upkeep\n|\n|t:|1699444723\n|switch|p1a: Yveltal|Yveltal, tera:Dark|63\/100\n|-damage|p1a: Yveltal|51\/100|[from] Stealth Rock\n|-ability|p1a: Yveltal|Dark Aura\n|turn|30\n|\n|t:|1699444740\n|switch|p2a: Giratina|Giratina-Origin|60\/100\n|move|p1a: Yveltal|Dark Pulse|p2a: Giratina\n|-supereffective|p2a: Giratina\n|-damage|p2a: Giratina|0 fnt\n|faint|p2a: Giratina\n|\n|upkeep\n|\n|t:|1699444742\n|switch|p2a: Kyogre|Kyogre|61\/100\n|-weather|RainDance|[from] ability: Drizzle|[of] p2a: Kyogre\n|turn|31\n|\n|t:|1699444753\n|switch|p1a: Groudon|Groudon-Primal|65\/100\n|-damage|p1a: Groudon|53\/100|[from] Stealth Rock\n|-weather|DesolateLand|[from] ability: Desolate Land|[of] p1a: Groudon\n|move|p2a: Kyogre|Ice Beam|p1a: Groudon\n|-damage|p1a: Groudon|19\/100\n|\n|-weather|DesolateLand|[upkeep]\n|upkeep\n|turn|32\n|\n|t:|1699444763\n|switch|p2a: Necrozma|Necrozma-Ultra|100\/100\n|move|p1a: Groudon|Rock Polish|p1a: Groudon\n|-boost|p1a: Groudon|spe|2\n|\n|-weather|DesolateLand|[upkeep]\n|upkeep\n|turn|33\n|\n|t:|1699444772\n|move|p1a: Groudon|Precipice Blades|p2a: Necrozma\n|-damage|p2a: Necrozma|14\/100\n|move|p2a: Necrozma|Dragon Pulse|p1a: Groudon\n|-damage|p1a: Groudon|0 fnt\n|faint|p1a: Groudon\n|-weather|none\n|\n|upkeep\n|\n|t:|1699444799\n|switch|p1a: Xerneas|Xerneas|100\/100\n|-damage|p1a: Xerneas|88\/100|[from] Stealth Rock\n|-ability|p1a: Xerneas|Fairy Aura\n|turn|34\n|\n|t:|1699444805\n|-zpower|p2a: Necrozma\n|move|p2a: Necrozma|Light That Burns the Sky|p1a: Xerneas|[zeffect]\n|-damage|p1a: Xerneas|0 fnt\n|faint|p1a: Xerneas\n|\n|upkeep\n|\n|t:|1699444807\n|switch|p1a: Yveltal|Yveltal, tera:Dark|51\/100\n|-damage|p1a: Yveltal|38\/100|[from] Stealth Rock\n|-ability|p1a: Yveltal|Dark Aura\n|turn|35\n|\n|t:|1699444809\n|move|p2a: Necrozma|Dragon Pulse|p1a: Yveltal\n|-damage|p1a: Yveltal|0 fnt\n|faint|p1a: Yveltal\n|\n|win|MommyMikuNakano\n|raw|topszy's rating: 1755 &rarr; <strong>1737<\/strong><br \/>(-18 for losing)\n|raw|MommyMikuNakano's rating: 1796 &rarr; <strong>1814<\/strong><br \/>(+18 for winning)\n|l|\u2606topszy\n|l|\u2606MommyMikuNakano\n","uploadtime":1699444818,"views":9,"p1id":"topszy","p2id":"mommymikunakano","formatid":"gen9nationaldexubers","rating":1737,"private":0,"password":""}