{"id":"gen9nationaldexubers-1981913772","p1":"alexzapad","p2":"analglandtickler","format":"[Gen 9] National Dex Ubers","log":"|j|\u203dalexzapad\n|j|\u2606analglandtickler\n|t:|1698951236\n|gametype|singles\n|player|p1|alexzapad|265|1076\n|player|p2|analglandtickler|266|1167\n|teamsize|p1|3\n|teamsize|p2|6\n|gen|9\n|tier|[Gen 9] National Dex Ubers\n|rated|\n|rule|HP Percentage Mod: HP is shown in percentages\n|rule|Endless Battle Clause: Forcing endless battles is banned\n|rule|OHKO Clause: OHKO moves are banned\n|rule|Evasion Moves Clause: Evasion moves are banned\n|rule|Evasion Items Clause: Evasion items are banned\n|rule|Species Clause: Limit one of each Pok\u00e9mon\n|rule|Sleep Clause Mod: Limit one foe put to sleep\n|rule|Mega Rayquaza Clause: You cannot mega evolve Rayquaza\n|clearpoke\n|poke|p1|Pyukumuku, F|\n|poke|p1|Serperior, M|\n|poke|p1|Volcarona, M|\n|poke|p2|Volcarona, M|\n|poke|p2|Excadrill, F|\n|poke|p2|Darmanitan-Galar, F|\n|poke|p2|Cloyster, F|\n|poke|p2|Blastoise, M|\n|poke|p2|Magearna|\n|teampreview\n|inactive|Battle timer is ON: inactive players will automatically lose when time's up. (requested by alexzapad)\n|c|\u2606analglandtickler|clickbait youtube video ahh team\n|\n|t:|1698951273\n|start\n|switch|p1a: Volcarona|Volcarona, M|100\/100\n|switch|p2a: Volcarona|Volcarona, M|100\/100\n|turn|1\n|\n|t:|1698951279\n|move|p1a: Volcarona|Quiver Dance|p1a: Volcarona\n|-boost|p1a: Volcarona|spa|1\n|-boost|p1a: Volcarona|spd|1\n|-boost|p1a: Volcarona|spe|1\n|move|p2a: Volcarona|Quiver Dance|p2a: Volcarona\n|-boost|p2a: Volcarona|spa|1\n|-boost|p2a: Volcarona|spd|1\n|-boost|p2a: Volcarona|spe|1\n|\n|upkeep\n|turn|2\n|\n|t:|1698951288\n|move|p1a: Volcarona|Quiver Dance|p1a: Volcarona\n|-boost|p1a: Volcarona|spa|1\n|-boost|p1a: Volcarona|spd|1\n|-boost|p1a: Volcarona|spe|1\n|move|p2a: Volcarona|Quiver Dance|p2a: Volcarona\n|-boost|p2a: Volcarona|spa|1\n|-boost|p2a: Volcarona|spd|1\n|-boost|p2a: Volcarona|spe|1\n|\n|upkeep\n|turn|3\n|\n|t:|1698951298\n|move|p1a: Volcarona|Quiver Dance|p1a: Volcarona\n|-boost|p1a: Volcarona|spa|1\n|-boost|p1a: Volcarona|spd|1\n|-boost|p1a: Volcarona|spe|1\n|move|p2a: Volcarona|Psychic|p1a: Volcarona\n|-damage|p1a: Volcarona|73\/100\n|\n|upkeep\n|turn|4\n|\n|t:|1698951309\n|move|p1a: Volcarona|Fiery Dance|p2a: Volcarona\n|-damage|p2a: Volcarona|46\/100\n|-boost|p1a: Volcarona|spa|1\n|move|p2a: Volcarona|Quiver Dance|p2a: Volcarona\n|-boost|p2a: Volcarona|spa|1\n|-boost|p2a: Volcarona|spd|1\n|-boost|p2a: Volcarona|spe|1\n|\n|upkeep\n|turn|5\n|\n|t:|1698951317\n|move|p1a: Volcarona|Fiery Dance|p2a: Volcarona\n|-damage|p2a: Volcarona|0 fnt\n|-boost|p1a: Volcarona|spa|1\n|faint|p2a: Volcarona\n|\n|upkeep\n|\n|t:|1698951326\n|switch|p2a: Cloyster|Cloyster, F|100\/100\n|turn|6\n|\n|t:|1698951337\n|move|p1a: Volcarona|Fiery Dance|p2a: Cloyster\n|-enditem|p2a: Cloyster|Focus Sash\n|-damage|p2a: Cloyster|1\/100\n|-boost|p1a: Volcarona|spa|1\n|move|p2a: Cloyster|Rock Blast|p1a: Volcarona\n|-supereffective|p1a: Volcarona\n|-damage|p1a: Volcarona|25\/100\n|-supereffective|p1a: Volcarona\n|-damage|p1a: Volcarona|0 fnt\n|faint|p1a: Volcarona\n|-hitcount|p1: Volcarona|2\n|\n|upkeep\n|\n|t:|1698951350\n|switch|p1a: Serperior|Serperior, M|100\/100\n|turn|7\n|\n|t:|1698951353\n|move|p1a: Serperior|Leaf Storm|p2a: Cloyster\n|-supereffective|p2a: Cloyster\n|-damage|p2a: Cloyster|0 fnt\n|-boost|p1a: Serperior|spa|2\n|faint|p2a: Cloyster\n|\n|upkeep\n|\n|t:|1698951360\n|switch|p2a: Darmanitan|Darmanitan-Galar, F|100\/100\n|turn|8\n|\n|t:|1698951381\n|move|p1a: Serperior|Leaf Storm|p2a: Darmanitan\n|-damage|p2a: Darmanitan|0 fnt\n|-boost|p1a: Serperior|spa|2\n|faint|p2a: Darmanitan\n|\n|upkeep\n|\n|t:|1698951388\n|switch|p2a: Magearna|Magearna|100\/100\n|turn|9\n|\n|t:|1698951393\n|move|p1a: Serperior|Leaf Storm|p2a: Magearna\n|-resisted|p2a: Magearna\n|-damage|p2a: Magearna|25\/100\n|-boost|p1a: Serperior|spa|2\n|-zpower|p2a: Magearna\n|move|p2a: Magearna|Twinkle Tackle|p1a: Serperior|[zeffect]\n|-damage|p1a: Serperior|0 fnt\n|faint|p1a: Serperior\n|-ability|p2a: Magearna|Soul-Heart|boost\n|-boost|p2a: Magearna|spa|1\n|\n|upkeep\n|\n|t:|1698951403\n|switch|p1a: Pyukumuku|Pyukumuku, F|100\/100\n|turn|10\n|\n|t:|1698951411\n|move|p2a: Magearna|Calm Mind|p2a: Magearna\n|-boost|p2a: Magearna|spa|1\n|-boost|p2a: Magearna|spd|1\n|move|p1a: Pyukumuku|Soak|p2a: Magearna\n|-start|p2a: Magearna|typechange|Water\n|\n|upkeep\n|turn|11\n|\n|t:|1698951417\n|move|p2a: Magearna|Fleur Cannon|p1a: Pyukumuku\n|-damage|p1a: Pyukumuku|62\/100\n|-unboost|p2a: Magearna|spa|2\n|move|p1a: Pyukumuku|Toxic|p2a: Magearna\n|-status|p2a: Magearna|tox\n|\n|-heal|p1a: Pyukumuku|68\/100|[from] item: Leftovers\n|-damage|p2a: Magearna|19\/100 tox|[from] psn\n|upkeep\n|turn|12\n|\n|t:|1698951425\n|move|p1a: Pyukumuku|Protect|p1a: Pyukumuku\n|-singleturn|p1a: Pyukumuku|Protect\n|move|p2a: Magearna|Fleur Cannon|p1a: Pyukumuku\n|-activate|p1a: Pyukumuku|move: Protect\n|\n|-heal|p1a: Pyukumuku|74\/100|[from] item: Leftovers\n|-damage|p2a: Magearna|7\/100 tox|[from] psn\n|upkeep\n|turn|13\n|\n|t:|1698951433\n|move|p2a: Magearna|Fleur Cannon|p1a: Pyukumuku\n|-damage|p1a: Pyukumuku|34\/100\n|-unboost|p2a: Magearna|spa|2\n|move|p1a: Pyukumuku|Recover|p1a: Pyukumuku\n|-heal|p1a: Pyukumuku|84\/100\n|\n|-heal|p1a: Pyukumuku|90\/100|[from] item: Leftovers\n|-damage|p2a: Magearna|0 fnt|[from] psn\n|faint|p2a: Magearna\n|upkeep\n|\n|t:|1698951448\n|switch|p2a: Excadrill|Excadrill, F|100\/100\n|-ability|p2a: Excadrill|Mold Breaker\n|turn|14\n|\n|t:|1698951458\n|-terastallize|p2a: Excadrill|Ground\n|move|p2a: Excadrill|Earthquake|p1a: Pyukumuku\n|-damage|p1a: Pyukumuku|41\/100\n|move|p1a: Pyukumuku|Soak|p2a: Excadrill\n|-fail|p2a: Excadrill\n|\n|-heal|p1a: Pyukumuku|47\/100|[from] item: Leftovers\n|upkeep\n|turn|15\n|\n|t:|1698951466\n|move|p1a: Pyukumuku|Protect|p1a: Pyukumuku\n|-singleturn|p1a: Pyukumuku|Protect\n|move|p2a: Excadrill|Earthquake|p1a: Pyukumuku\n|-activate|p1a: Pyukumuku|move: Protect\n|\n|-heal|p1a: Pyukumuku|53\/100|[from] item: Leftovers\n|upkeep\n|turn|16\n|\n|t:|1698951477\n|move|p2a: Excadrill|Earthquake|p1a: Pyukumuku\n|-damage|p1a: Pyukumuku|3\/100\n|move|p1a: Pyukumuku|Recover|p1a: Pyukumuku\n|-heal|p1a: Pyukumuku|53\/100\n|\n|-heal|p1a: Pyukumuku|59\/100|[from] item: Leftovers\n|upkeep\n|turn|17\n|\n|t:|1698951483\n|move|p2a: Excadrill|Earthquake|p1a: Pyukumuku\n|-damage|p1a: Pyukumuku|13\/100\n|move|p1a: Pyukumuku|Recover|p1a: Pyukumuku\n|-heal|p1a: Pyukumuku|63\/100\n|\n|-heal|p1a: Pyukumuku|69\/100|[from] item: Leftovers\n|upkeep\n|turn|18\n|\n|t:|1698951491\n|move|p2a: Excadrill|Earthquake|p1a: Pyukumuku\n|-damage|p1a: Pyukumuku|26\/100\n|move|p1a: Pyukumuku|Recover|p1a: Pyukumuku\n|-heal|p1a: Pyukumuku|76\/100\n|\n|-heal|p1a: Pyukumuku|82\/100|[from] item: Leftovers\n|upkeep\n|turn|19\n|\n|t:|1698951498\n|move|p2a: Excadrill|Earthquake|p1a: Pyukumuku\n|-damage|p1a: Pyukumuku|37\/100\n|move|p1a: Pyukumuku|Recover|p1a: Pyukumuku\n|-heal|p1a: Pyukumuku|87\/100\n|\n|-heal|p1a: Pyukumuku|93\/100|[from] item: Leftovers\n|upkeep\n|turn|20\n|\n|t:|1698951505\n|move|p1a: Pyukumuku|Protect|p1a: Pyukumuku\n|-singleturn|p1a: Pyukumuku|Protect\n|move|p2a: Excadrill|Earthquake|p1a: Pyukumuku\n|-activate|p1a: Pyukumuku|move: Protect\n|\n|-heal|p1a: Pyukumuku|99\/100|[from] item: Leftovers\n|upkeep\n|turn|21\n|\n|t:|1698951512\n|move|p2a: Excadrill|Earthquake|p1a: Pyukumuku\n|-damage|p1a: Pyukumuku|53\/100\n|move|p1a: Pyukumuku|Toxic|p2a: Excadrill\n|-status|p2a: Excadrill|tox\n|\n|-heal|p1a: Pyukumuku|59\/100|[from] item: Leftovers\n|-damage|p2a: Excadrill|94\/100 tox|[from] psn\n|upkeep\n|turn|22\n|\n|t:|1698951520\n|move|p2a: Excadrill|Earthquake|p1a: Pyukumuku\n|-damage|p1a: Pyukumuku|14\/100\n|move|p1a: Pyukumuku|Recover|p1a: Pyukumuku\n|-heal|p1a: Pyukumuku|64\/100\n|\n|-heal|p1a: Pyukumuku|70\/100|[from] item: Leftovers\n|-damage|p2a: Excadrill|82\/100 tox|[from] psn\n|upkeep\n|turn|23\n|\n|t:|1698951529\n|move|p1a: Pyukumuku|Protect|p1a: Pyukumuku\n|-singleturn|p1a: Pyukumuku|Protect\n|move|p2a: Excadrill|Earthquake|p1a: Pyukumuku\n|-activate|p1a: Pyukumuku|move: Protect\n|\n|-heal|p1a: Pyukumuku|76\/100|[from] item: Leftovers\n|-damage|p2a: Excadrill|64\/100 tox|[from] psn\n|upkeep\n|turn|24\n|\n|t:|1698951538\n|move|p2a: Excadrill|Earthquake|p1a: Pyukumuku\n|-damage|p1a: Pyukumuku|30\/100\n|move|p1a: Pyukumuku|Recover|p1a: Pyukumuku\n|-heal|p1a: Pyukumuku|80\/100\n|\n|-heal|p1a: Pyukumuku|86\/100|[from] item: Leftovers\n|-damage|p2a: Excadrill|40\/100 tox|[from] psn\n|upkeep\n|turn|25\n|\n|t:|1698951546\n|switch|p2a: Blastoise|Blastoise, M|100\/100\n|move|p1a: Pyukumuku|Protect||[still]\n|-fail|p1a: Pyukumuku\n|\n|-heal|p1a: Pyukumuku|92\/100|[from] item: Leftovers\n|upkeep\n|turn|26\n|\n|t:|1698951554\n|detailschange|p2a: Blastoise|Blastoise-Mega, M\n|-mega|p2a: Blastoise|Blastoise|Blastoisinite\n|move|p2a: Blastoise|Shell Smash|p2a: Blastoise\n|-unboost|p2a: Blastoise|def|1\n|-unboost|p2a: Blastoise|spd|1\n|-boost|p2a: Blastoise|atk|2\n|-boost|p2a: Blastoise|spa|2\n|-boost|p2a: Blastoise|spe|2\n|move|p1a: Pyukumuku|Toxic|p2a: Blastoise\n|-status|p2a: Blastoise|tox\n|\n|-heal|p1a: Pyukumuku|98\/100|[from] item: Leftovers\n|-damage|p2a: Blastoise|94\/100 tox|[from] psn\n|upkeep\n|turn|27\n|\n|t:|1698951570\n|move|p1a: Pyukumuku|Protect|p1a: Pyukumuku\n|-singleturn|p1a: Pyukumuku|Protect\n|move|p2a: Blastoise|Shell Smash|p2a: Blastoise\n|-unboost|p2a: Blastoise|def|1\n|-unboost|p2a: Blastoise|spd|1\n|-boost|p2a: Blastoise|atk|2\n|-boost|p2a: Blastoise|spa|2\n|-boost|p2a: Blastoise|spe|2\n|\n|-heal|p1a: Pyukumuku|100\/100|[from] item: Leftovers\n|-damage|p2a: Blastoise|82\/100 tox|[from] psn\n|upkeep\n|turn|28\n|\n|t:|1698951584\n|move|p2a: Blastoise|Dark Pulse|p1a: Pyukumuku\n|-damage|p1a: Pyukumuku|62\/100\n|cant|p1a: Pyukumuku|flinch\n|\n|-heal|p1a: Pyukumuku|68\/100|[from] item: Leftovers\n|-damage|p2a: Blastoise|64\/100 tox|[from] psn\n|upkeep\n|turn|29\n|\n|t:|1698951598\n|move|p2a: Blastoise|Dark Pulse|p1a: Pyukumuku\n|-damage|p1a: Pyukumuku|28\/100\n|move|p1a: Pyukumuku|Toxic|p2a: Blastoise\n|-fail|p2a: Blastoise|tox\n|\n|-heal|p1a: Pyukumuku|34\/100|[from] item: Leftovers\n|-damage|p2a: Blastoise|40\/100 tox|[from] psn\n|upkeep\n|turn|30\n|\n|t:|1698951608\n|move|p1a: Pyukumuku|Protect|p1a: Pyukumuku\n|-singleturn|p1a: Pyukumuku|Protect\n|move|p2a: Blastoise|Dark Pulse|p1a: Pyukumuku\n|-activate|p1a: Pyukumuku|move: Protect\n|\n|-heal|p1a: Pyukumuku|40\/100|[from] item: Leftovers\n|-damage|p2a: Blastoise|10\/100 tox|[from] psn\n|upkeep\n|turn|31\n|\n|t:|1698951616\n|move|p2a: Blastoise|Dark Pulse|p1a: Pyukumuku\n|-damage|p1a: Pyukumuku|1\/100\n|move|p1a: Pyukumuku|Recover|p1a: Pyukumuku\n|-heal|p1a: Pyukumuku|51\/100\n|\n|-heal|p1a: Pyukumuku|57\/100|[from] item: Leftovers\n|-damage|p2a: Blastoise|0 fnt|[from] psn\n|faint|p2a: Blastoise\n|upkeep\n|\n|t:|1698951624\n|switch|p2a: Excadrill|Excadrill, F, tera:Ground|40\/100 tox\n|-ability|p2a: Excadrill|Mold Breaker\n|turn|32\n|\n|t:|1698951629\n|move|p1a: Pyukumuku|Protect|p1a: Pyukumuku\n|-singleturn|p1a: Pyukumuku|Protect\n|move|p2a: Excadrill|Earthquake|p1a: Pyukumuku\n|-activate|p1a: Pyukumuku|move: Protect\n|\n|-heal|p1a: Pyukumuku|63\/100|[from] item: Leftovers\n|-damage|p2a: Excadrill|33\/100 tox|[from] psn\n|upkeep\n|turn|33\n|\n|t:|1698951641\n|move|p1a: Pyukumuku|Protect||[still]\n|-fail|p1a: Pyukumuku\n|move|p2a: Excadrill|Earthquake|p1a: Pyukumuku\n|-damage|p1a: Pyukumuku|15\/100\n|\n|-heal|p1a: Pyukumuku|21\/100|[from] item: Leftovers\n|-damage|p2a: Excadrill|21\/100 tox|[from] psn\n|upkeep\n|turn|34\n|\n|t:|1698951649\n|move|p1a: Pyukumuku|Protect|p1a: Pyukumuku\n|-singleturn|p1a: Pyukumuku|Protect\n|move|p2a: Excadrill|Earthquake|p1a: Pyukumuku\n|-activate|p1a: Pyukumuku|move: Protect\n|\n|-heal|p1a: Pyukumuku|27\/100|[from] item: Leftovers\n|-damage|p2a: Excadrill|3\/100 tox|[from] psn\n|upkeep\n|turn|35\n|c|\u2606analglandtickler|poo poo\n|\n|t:|1698951664\n|-terastallize|p1a: Pyukumuku|Water\n|move|p1a: Pyukumuku|Protect|p1a: Pyukumuku\n|-singleturn|p1a: Pyukumuku|Protect\n|move|p2a: Excadrill|Earthquake|p1a: Pyukumuku\n|-activate|p1a: Pyukumuku|move: Protect\n|\n|-heal|p1a: Pyukumuku|33\/100|[from] item: Leftovers\n|-damage|p2a: Excadrill|0 fnt|[from] psn\n|faint|p2a: Excadrill\n|\n|win|alexzapad\n|upkeep\n|raw|alexzapad's rating: 1076 &rarr; <strong>1112<\/strong><br \/>(+36 for winning)\n|raw|analglandtickler's rating: 1167 &rarr; <strong>1136<\/strong><br \/>(-31 for losing)\n|l|\u2606analglandtickler\n","uploadtime":1698952024,"views":11,"p1id":"alexzapad","p2id":"analglandtickler","formatid":"gen9nationaldexubers","rating":1112,"private":0,"password":""}