{"id":"gen9nationaldexubers-1979689353","p1":"GaoMayo","p2":"frostcrush","format":"[Gen 9] National Dex Ubers","log":"|j|\u2606GaoMayo\n|j|\u2606frostcrush\n|t:|1698703508\n|gametype|singles\n|player|p1|GaoMayo|skyla|1453\n|player|p2|frostcrush|2|1528\n|teamsize|p1|6\n|teamsize|p2|6\n|gen|9\n|tier|[Gen 9] National Dex Ubers\n|rated|\n|rule|HP Percentage Mod: HP is shown in percentages\n|rule|Endless Battle Clause: Forcing endless battles is banned\n|rule|OHKO Clause: OHKO moves are banned\n|rule|Evasion Moves Clause: Evasion moves are banned\n|rule|Evasion Items Clause: Evasion items are banned\n|rule|Species Clause: Limit one of each Pok\u00e9mon\n|rule|Sleep Clause Mod: Limit one foe put to sleep\n|rule|Mega Rayquaza Clause: You cannot mega evolve Rayquaza\n|clearpoke\n|poke|p1|Necrozma-Dusk-Mane|\n|poke|p1|Groudon|\n|poke|p1|Zacian-*|\n|poke|p1|Yveltal|\n|poke|p1|Marshadow|\n|poke|p1|Ho-Oh|\n|poke|p2|Ho-Oh|\n|poke|p2|Dialga-Origin|\n|poke|p2|Ditto|\n|poke|p2|Arceus-Water|\n|poke|p2|Great Tusk|\n|poke|p2|Mewtwo|\n|teampreview\n|\n|t:|1698703511\n|start\n|switch|p1a: Marbled Gohma|Groudon, shiny|100\/100\n|switch|p2a: Great Tusk|Great Tusk|100\/100\n|detailschange|p1a: Marbled Gohma|Groudon-Primal, shiny\n|-primal|p1a: Marbled Gohma|Red Orb\n|-weather|DesolateLand|[from] ability: Desolate Land|[of] p1a: Marbled Gohma\n|turn|1\n|\n|t:|1698703517\n|move|p2a: Great Tusk|Earthquake|p1a: Marbled Gohma\n|-supereffective|p1a: Marbled Gohma\n|-crit|p1a: Marbled Gohma\n|-damage|p1a: Marbled Gohma|8\/100\n|move|p1a: Marbled Gohma|Swords Dance|p1a: Marbled Gohma\n|-boost|p1a: Marbled Gohma|atk|2\n|\n|-weather|DesolateLand|[upkeep]\n|upkeep\n|turn|2\n|c|\u2606GaoMayo|Nice crit\n|\n|t:|1698703525\n|move|p2a: Great Tusk|Rapid Spin|p1a: Marbled Gohma\n|-damage|p1a: Marbled Gohma|0 fnt\n|-boost|p2a: Great Tusk|spe|1\n|faint|p1a: Marbled Gohma\n|-weather|none\n|\n|upkeep\n|\n|t:|1698703528\n|switch|p1a: Helmaroc king|Yveltal, shiny|100\/100\n|-ability|p1a: Helmaroc king|Dark Aura\n|turn|3\n|c|\u2606frostcrush|didnt matter though\n|c|\u2606frostcrush|wouldve 2hit ko anyway\n|c|\u2606GaoMayo|Did matter but ok\n|c|\u2606GaoMayo|You see, luck is a skill\n|c|\u2606frostcrush|so what did it change with groudon?\n|c|\u2606GaoMayo|Luck is a skill.\n|c|\u2606frostcrush|what did it change with groudon?\n|c|\u2606GaoMayo|Luck is a skill\n|inactive|Battle timer is ON: inactive players will automatically lose when time's up. (requested by GaoMayo)\n|c|\u2606frostcrush|wouldve hit you twice anyway\n|\n|t:|1698703586\n|move|p2a: Great Tusk|Head Smash|p1a: Helmaroc king\n|-supereffective|p1a: Helmaroc king\n|-damage|p1a: Helmaroc king|6\/100\n|-damage|p2a: Great Tusk|43\/100|[from] Recoil\n|move|p1a: Helmaroc king|Oblivion Wing|p2a: Great Tusk\n|-supereffective|p2a: Great Tusk\n|-damage|p2a: Great Tusk|0 fnt\n|-heal|p1a: Helmaroc king|32\/100|[from] drain|[of] p2a: Great Tusk\n|faint|p2a: Great Tusk\n|-end|p2a: Great Tusk|Protosynthesis|[silent]\n|\n|upkeep\n|\n|t:|1698703594\n|switch|p2a: Arceus|Arceus-Water|100\/100\n|turn|4\n|\n|t:|1698703599\n|move|p2a: Arceus|Judgment|p1a: Helmaroc king\n|-damage|p1a: Helmaroc king|0 fnt\n|faint|p1a: Helmaroc king\n|\n|upkeep\n|\n|t:|1698703603\n|switch|p1a: Folgo|Zacian-Crowned, shiny|100\/100\n|-ability|p1a: Folgo|Intrepid Sword|boost\n|-boost|p1a: Folgo|atk|1\n|turn|5\n|\n|t:|1698703608\n|move|p1a: Folgo|Wild Charge|p2a: Arceus\n|-supereffective|p2a: Arceus\n|-damage|p2a: Arceus|28\/100\n|-damage|p1a: Folgo|76\/100|[from] Recoil\n|move|p2a: Arceus|Earth Power|p1a: Folgo\n|-supereffective|p1a: Folgo\n|-damage|p1a: Folgo|31\/100\n|\n|upkeep\n|turn|6\n|\n|t:|1698703618\n|move|p1a: Folgo|Wild Charge|p2a: Arceus\n|-supereffective|p2a: Arceus\n|-damage|p2a: Arceus|0 fnt\n|faint|p2a: Arceus\n|-damage|p1a: Folgo|21\/100|[from] Recoil\n|\n|upkeep\n|\n|t:|1698703619\n|switch|p2a: Ditto|Ditto|100\/100\n|-transform|p2a: Ditto|p1a: Folgo|[from] ability: Imposter\n|-ability|p2a: Ditto|Intrepid Sword|boost\n|-boost|p2a: Ditto|atk|1\n|turn|7\n|\n|t:|1698703624\n|move|p1a: Folgo|Behemoth Blade|p2a: Ditto\n|-damage|p2a: Ditto|6\/100\n|move|p2a: Ditto|Behemoth Blade|p1a: Folgo\n|-damage|p1a: Folgo|0 fnt\n|faint|p1a: Folgo\n|\n|upkeep\n|\n|t:|1698703629\n|switch|p1a: Morpho Knight|Marshadow|100\/100\n|turn|8\n|\n|t:|1698703634\n|-terastallize|p2a: Ditto|Normal\n|move|p2a: Ditto|Behemoth Blade|p1a: Morpho Knight\n|-enditem|p1a: Morpho Knight|Focus Sash\n|-damage|p1a: Morpho Knight|1\/100\n|move|p1a: Morpho Knight|Spectral Thief|p2a: Ditto\n|-immune|p2a: Ditto\n|\n|upkeep\n|turn|9\n|\n|t:|1698703644\n|move|p2a: Ditto|Behemoth Blade|p1a: Morpho Knight\n|-damage|p1a: Morpho Knight|0 fnt\n|faint|p1a: Morpho Knight\n|\n|upkeep\n|\n|t:|1698703648\n|switch|p1a: Granguignol|Ho-Oh|100\/100\n|turn|10\n|\n|t:|1698703652\n|move|p2a: Ditto|Wild Charge|p1a: Granguignol\n|-supereffective|p1a: Granguignol\n|-damage|p1a: Granguignol|5\/100\n|-damage|p2a: Ditto|0 fnt|[from] Recoil\n|faint|p2a: Ditto\n|move|p1a: Granguignol|Sacred Fire|p2: Ditto|[notarget]\n|-fail|p1a: Granguignol\n|\n|upkeep\n|\n|t:|1698703658\n|switch|p2a: Mewtwo|Mewtwo|100\/100\n|-ability|p2a: Mewtwo|Pressure\n|turn|11\n|\n|t:|1698703662\n|move|p2a: Mewtwo|Psystrike|p1a: Granguignol\n|-damage|p1a: Granguignol|0 fnt\n|faint|p1a: Granguignol\n|\n|upkeep\n|\n|t:|1698703664\n|switch|p1a: Chaos Elfilis|Necrozma-Dusk-Mane, shiny|100\/100\n|turn|12\n|\n|t:|1698703667\n|move|p2a: Mewtwo|Flamethrower|p1a: Chaos Elfilis\n|-supereffective|p1a: Chaos Elfilis\n|-damage|p1a: Chaos Elfilis|41\/100\n|move|p1a: Chaos Elfilis|Dragon Dance|p1a: Chaos Elfilis\n|-boost|p1a: Chaos Elfilis|atk|1\n|-boost|p1a: Chaos Elfilis|spe|1\n|\n|upkeep\n|turn|13\n|\n|t:|1698703681\n|switch|p2a: Dialga|Dialga-Origin|100\/100\n|-ability|p2a: Dialga|Pressure\n|detailschange|p1a: Chaos Elfilis|Necrozma-Ultra, shiny\n|-burst|p1a: Chaos Elfilis|Necrozma|Ultranecrozium Z\n|move|p1a: Chaos Elfilis|Sunsteel Strike|p2a: Dialga\n|-resisted|p2a: Dialga\n|-damage|p2a: Dialga|72\/100\n|\n|upkeep\n|turn|14\n|\n|t:|1698703691\n|move|p1a: Chaos Elfilis|Earthquake|p2a: Dialga\n|-supereffective|p2a: Dialga\n|-damage|p2a: Dialga|0 fnt\n|faint|p2a: Dialga\n|\n|upkeep\n|\n|t:|1698703694\n|switch|p2a: Mewtwo|Mewtwo|100\/100\n|-ability|p2a: Mewtwo|Pressure\n|turn|15\n|\n|t:|1698703701\n|-zpower|p1a: Chaos Elfilis\n|move|p1a: Chaos Elfilis|Light That Burns the Sky|p2a: Mewtwo|[zeffect]\n|-resisted|p2a: Mewtwo\n|-enditem|p2a: Mewtwo|Focus Sash\n|-damage|p2a: Mewtwo|1\/100\n|move|p2a: Mewtwo|Ice Beam|p1a: Chaos Elfilis\n|-supereffective|p1a: Chaos Elfilis\n|-damage|p1a: Chaos Elfilis|0 fnt\n|faint|p1a: Chaos Elfilis\n|\n|win|frostcrush\n|raw|GaoMayo's rating: 1453 &rarr; <strong>1437<\/strong><br \/>(-16 for losing)\n|raw|frostcrush's rating: 1528 &rarr; <strong>1544<\/strong><br \/>(+16 for winning)\n|c|\u2606frostcrush|getting clapped is a skill\n","uploadtime":1698703714,"views":19,"p1id":"gaomayo","p2id":"frostcrush","formatid":"gen9nationaldexubers","rating":1437,"private":0,"password":""}