{"id":"gen9nationaldexubers-1996663286","p1":"yoelvisyt1","p2":"BallBuster87","format":"[Gen 9] National Dex Ubers","log":"|j|\u2606yoelvisyt1\n|j|\u2606BallBuster87\n|t:|1700706766\n|gametype|singles\n|player|p1|yoelvisyt1|169|1188\n|player|p2|BallBuster87|1|1163\n|teamsize|p1|6\n|teamsize|p2|1\n|gen|9\n|tier|[Gen 9] National Dex Ubers\n|rated|\n|rule|HP Percentage Mod: HP is shown in percentages\n|rule|Endless Battle Clause: Forcing endless battles is banned\n|rule|OHKO Clause: OHKO moves are banned\n|rule|Evasion Moves Clause: Evasion moves are banned\n|rule|Evasion Items Clause: Evasion items are banned\n|rule|Species Clause: Limit one of each Pok\u00e9mon\n|rule|Sleep Clause Mod: Limit one foe put to sleep\n|rule|Mega Rayquaza Clause: You cannot mega evolve Rayquaza\n|clearpoke\n|poke|p1|Blastoise, M|\n|poke|p1|Lugia|\n|poke|p1|Rhyperior, M|\n|poke|p1|Roaring Moon|\n|poke|p1|Marshadow|\n|poke|p1|Zeraora|\n|poke|p2|Kyurem-Black|\n|teampreview\n|inactive|Battle timer is ON: inactive players will automatically lose when time's up. (requested by yoelvisyt1)\n|\n|t:|1700706778\n|start\n|switch|p1a: Rhyperior|Rhyperior, M|100\/100\n|switch|p2a: Kyurem|Kyurem-Black|100\/100\n|-ability|p2a: Kyurem|Teravolt\n|turn|1\n|\n|t:|1700706789\n|-terastallize|p2a: Kyurem|Dragon\n|move|p2a: Kyurem|Dragon Dance|p2a: Kyurem\n|-boost|p2a: Kyurem|atk|1\n|-boost|p2a: Kyurem|spe|1\n|move|p1a: Rhyperior|Toxic|p2a: Kyurem|[miss]\n|-miss|p1a: Rhyperior|p2a: Kyurem\n|\n|upkeep\n|turn|2\n|\n|t:|1700706798\n|move|p2a: Kyurem|Icicle Spear|p1a: Rhyperior\n|-supereffective|p1a: Rhyperior\n|-damage|p1a: Rhyperior|68\/100\n|-supereffective|p1a: Rhyperior\n|-damage|p1a: Rhyperior|36\/100\n|-supereffective|p1a: Rhyperior\n|-damage|p1a: Rhyperior|0 fnt\n|faint|p1a: Rhyperior\n|-hitcount|p1: Rhyperior|3\n|\n|upkeep\n|\n|t:|1700706811\n|switch|p1a: Marshadow|Marshadow|100\/100\n|turn|3\n|\n|t:|1700706815\n|move|p2a: Kyurem|Scale Shot|p1a: Marshadow\n|-damage|p1a: Marshadow|58\/100\n|-damage|p1a: Marshadow|15\/100\n|-damage|p1a: Marshadow|0 fnt\n|faint|p1a: Marshadow\n|-hitcount|p1: Marshadow|3\n|-unboost|p2a: Kyurem|def|1\n|-boost|p2a: Kyurem|spe|1\n|\n|upkeep\n|\n|t:|1700706824\n|switch|p1a: Lugia|Lugia|100\/100\n|turn|4\n|\n|t:|1700706834\n|-terastallize|p1a: Lugia|Psychic\n|move|p2a: Kyurem|Icicle Spear|p1a: Lugia\n|-damage|p1a: Lugia|86\/100\n|-damage|p1a: Lugia|72\/100\n|-damage|p1a: Lugia|58\/100\n|-damage|p1a: Lugia|44\/100\n|-damage|p1a: Lugia|31\/100\n|-hitcount|p1a: Lugia|5\n|move|p1a: Lugia|Ice Beam|p2a: Kyurem\n|-supereffective|p2a: Kyurem\n|-damage|p2a: Kyurem|63\/100\n|\n|-heal|p1a: Lugia|37\/100|[from] item: Leftovers\n|upkeep\n|turn|5\n|\n|t:|1700706851\n|move|p2a: Kyurem|Icicle Spear|p1a: Lugia\n|-damage|p1a: Lugia|25\/100\n|-crit|p1a: Lugia\n|-damage|p1a: Lugia|5\/100\n|-damage|p1a: Lugia|0 fnt\n|faint|p1a: Lugia\n|-hitcount|p1: Lugia|3\n|\n|upkeep\n|\n|t:|1700706862\n|switch|p1a: Blastoise|Blastoise, M|100\/100\n|turn|6\n|\n|t:|1700706867\n|detailschange|p1a: Blastoise|Blastoise-Mega, M\n|-mega|p1a: Blastoise|Blastoise|Blastoisinite\n|move|p2a: Kyurem|Fusion Bolt|p1a: Blastoise\n|-supereffective|p1a: Blastoise\n|-damage|p1a: Blastoise|0 fnt\n|faint|p1a: Blastoise\n|\n|upkeep\n|\n|t:|1700706877\n|switch|p1a: Zeraora|Zeraora, shiny|100\/100\n|turn|7\n|\n|t:|1700706883\n|move|p2a: Kyurem|Scale Shot|p1a: Zeraora\n|-damage|p1a: Zeraora|48\/100\n|-damage|p1a: Zeraora|0 fnt\n|faint|p1a: Zeraora\n|-hitcount|p1: Zeraora|2\n|-unboost|p2a: Kyurem|def|1\n|-boost|p2a: Kyurem|spe|1\n|\n|upkeep\n|\n|t:|1700706891\n|switch|p1a: Roaring Moon|Roaring Moon|100\/100\n|-enditem|p1a: Roaring Moon|Booster Energy\n|-activate|p1a: Roaring Moon|ability: Protosynthesis|[fromitem]\n|-start|p1a: Roaring Moon|protosynthesisatk\n|turn|8\n|\n|t:|1700706897\n|move|p2a: Kyurem|Scale Shot|p1a: Roaring Moon\n|-supereffective|p1a: Roaring Moon\n|-damage|p1a: Roaring Moon|21\/100\n|-supereffective|p1a: Roaring Moon\n|-crit|p1a: Roaring Moon\n|-damage|p1a: Roaring Moon|0 fnt\n|faint|p1a: Roaring Moon\n|-end|p1a: Roaring Moon|Protosynthesis|[silent]\n|-hitcount|p1: Roaring Moon|2\n|\n|win|BallBuster87\n|raw|yoelvisyt1's rating: 1188 &rarr; <strong>1161<\/strong><br \/>(-27 for losing)\n|raw|BallBuster87's rating: 1163 &rarr; <strong>1190<\/strong><br \/>(+27 for winning)\n|c|\u2606BallBuster87|gg\n|l|\u2606yoelvisyt1\n","uploadtime":1700706938,"views":13,"p1id":"yoelvisyt1","p2id":"ballbuster87","formatid":"gen9nationaldexubers","rating":1161,"private":0,"password":""}