{"id":"gen9nationaldexubers-1988131294","p1":"renz75642","p2":"poulpws","format":"[Gen 9] National Dex Ubers","log":"|j|\u2606renz75642\n|j|\u2606poulpws\n|t:|1699673461\n|gametype|singles\n|player|p1|renz75642|pokemonranger-gen4|1078\n|player|p2|poulpws|janitor|1203\n|teamsize|p1|6\n|teamsize|p2|6\n|gen|9\n|tier|[Gen 9] National Dex Ubers\n|rated|\n|rule|HP Percentage Mod: HP is shown in percentages\n|rule|Endless Battle Clause: Forcing endless battles is banned\n|rule|OHKO Clause: OHKO moves are banned\n|rule|Evasion Moves Clause: Evasion moves are banned\n|rule|Evasion Items Clause: Evasion items are banned\n|rule|Species Clause: Limit one of each Pok\u00e9mon\n|rule|Sleep Clause Mod: Limit one foe put to sleep\n|rule|Mega Rayquaza Clause: You cannot mega evolve Rayquaza\n|clearpoke\n|poke|p1|Darmanitan, M|\n|poke|p1|Froslass, F|\n|poke|p1|Hydreigon, M|\n|poke|p1|Infernape, M|\n|poke|p1|Mawile, F|\n|poke|p1|Drampa, M|\n|poke|p2|Lugia|\n|poke|p2|Seismitoad, M|\n|poke|p2|Furfrou, F|\n|poke|p2|Ceruledge, M|\n|poke|p2|Dialga|\n|poke|p2|Hoopa-Unbound|\n|teampreview\n|inactive|Battle timer is ON: inactive players will automatically lose when time's up. (requested by renz75642)\n|\n|t:|1699673471\n|start\n|switch|p1a: Darmanitan|Darmanitan, M|100\/100\n|switch|p2a: Ceruledge|Ceruledge, M|100\/100\n|turn|1\n|\n|t:|1699673483\n|move|p1a: Darmanitan|Earthquake|p2a: Ceruledge\n|-supereffective|p2a: Ceruledge\n|-damage|p2a: Ceruledge|0 fnt\n|faint|p2a: Ceruledge\n|\n|upkeep\n|\n|t:|1699673493\n|switch|p2a: Furfrou|Furfrou, F|100\/100\n|turn|2\n|\n|t:|1699673501\n|move|p1a: Darmanitan|Earthquake|p2a: Furfrou\n|-damage|p2a: Furfrou|82\/100\n|move|p2a: Furfrou|Cotton Guard|p2a: Furfrou\n|-boost|p2a: Furfrou|def|3\n|\n|-heal|p2a: Furfrou|88\/100|[from] item: Leftovers\n|upkeep\n|turn|3\n|\n|t:|1699673514\n|switch|p1a: Infernape|Infernape, M|100\/100\n|move|p2a: Furfrou|Toxic|p1a: Infernape\n|-status|p1a: Infernape|tox\n|\n|-heal|p2a: Furfrou|95\/100|[from] item: Leftovers\n|-damage|p1a: Infernape|94\/100 tox|[from] psn\n|upkeep\n|turn|4\n|\n|t:|1699673524\n|move|p1a: Infernape|Close Combat|p2a: Furfrou\n|-supereffective|p2a: Furfrou\n|-damage|p2a: Furfrou|67\/100\n|-unboost|p1a: Infernape|def|1\n|-unboost|p1a: Infernape|spd|1\n|-damage|p1a: Infernape|84\/100 tox|[from] item: Life Orb\n|move|p2a: Furfrou|Cotton Guard|p2a: Furfrou\n|-boost|p2a: Furfrou|def|3\n|\n|-heal|p2a: Furfrou|74\/100|[from] item: Leftovers\n|-damage|p1a: Infernape|72\/100 tox|[from] psn\n|upkeep\n|turn|5\n|\n|t:|1699673540\n|move|p1a: Infernape|Close Combat|p2a: Furfrou\n|-supereffective|p2a: Furfrou\n|-damage|p2a: Furfrou|55\/100\n|-unboost|p1a: Infernape|def|1\n|-unboost|p1a: Infernape|spd|1\n|-damage|p1a: Infernape|62\/100 tox|[from] item: Life Orb\n|move|p2a: Furfrou|Mimic|p1a: Infernape\n|-start|p2a: Furfrou|Mimic|Close Combat\n|\n|-heal|p2a: Furfrou|62\/100|[from] item: Leftovers\n|-damage|p1a: Infernape|44\/100 tox|[from] psn\n|upkeep\n|turn|6\n|\n|t:|1699673553\n|move|p1a: Infernape|Close Combat|p2a: Furfrou\n|-supereffective|p2a: Furfrou\n|-damage|p2a: Furfrou|45\/100\n|-unboost|p1a: Infernape|def|1\n|-unboost|p1a: Infernape|spd|1\n|-damage|p1a: Infernape|34\/100 tox|[from] item: Life Orb\n|move|p2a: Furfrou|Close Combat|p1a: Infernape\n|-damage|p1a: Infernape|0 fnt\n|-unboost|p2a: Furfrou|def|1\n|-unboost|p2a: Furfrou|spd|1\n|faint|p1a: Infernape\n|\n|-heal|p2a: Furfrou|52\/100|[from] item: Leftovers\n|upkeep\n|\n|t:|1699673561\n|switch|p1a: Froslass|Froslass, F|100\/100\n|turn|7\n|\n|t:|1699673572\n|move|p1a: Froslass|Ice Beam|p2a: Furfrou\n|-damage|p2a: Furfrou|0 fnt\n|faint|p2a: Furfrou\n|\n|upkeep\n|\n|t:|1699673584\n|switch|p2a: Hoopa|Hoopa-Unbound|100\/100\n|turn|8\n|\n|t:|1699673591\n|switch|p1a: Mawile|Mawile, F|100\/100\n|-ability|p1a: Mawile|Intimidate|boost\n|-unboost|p2a: Hoopa|atk|1\n|move|p2a: Hoopa|Substitute|p2a: Hoopa\n|-start|p2a: Hoopa|Substitute\n|-damage|p2a: Hoopa|76\/100\n|\n|-heal|p2a: Hoopa|82\/100|[from] item: Leftovers\n|upkeep\n|turn|9\n|\n|t:|1699673602\n|detailschange|p1a: Mawile|Mawile-Mega, F\n|-mega|p1a: Mawile|Mawile|Mawilite\n|move|p2a: Hoopa|Drain Punch|p1a: Mawile\n|-damage|p1a: Mawile|80\/100\n|-heal|p2a: Hoopa|92\/100|[from] drain|[of] p1a: Mawile\n|move|p1a: Mawile|Play Rough|p2a: Hoopa\n|-supereffective|p2a: Hoopa\n|-crit|p2a: Hoopa\n|-end|p2a: Hoopa|Substitute\n|\n|-heal|p2a: Hoopa|98\/100|[from] item: Leftovers\n|upkeep\n|turn|10\n|\n|t:|1699673621\n|switch|p2a: Lugia|Lugia|100\/100\n|move|p1a: Mawile|Play Rough|p2a: Lugia\n|-damage|p2a: Lugia|78\/100\n|\n|-heal|p2a: Lugia|84\/100|[from] item: Leftovers\n|upkeep\n|turn|11\n|\n|t:|1699673630\n|move|p1a: Mawile|Sucker Punch||[still]\n|-fail|p1a: Mawile\n|move|p2a: Lugia|Curse|p2a: Lugia\n|-unboost|p2a: Lugia|spe|1\n|-boost|p2a: Lugia|atk|1\n|-boost|p2a: Lugia|def|1\n|\n|-heal|p2a: Lugia|91\/100|[from] item: Leftovers\n|upkeep\n|turn|12\n|\n|t:|1699673640\n|move|p2a: Lugia|Curse|p2a: Lugia\n|-unboost|p2a: Lugia|spe|1\n|-boost|p2a: Lugia|atk|1\n|-boost|p2a: Lugia|def|1\n|move|p1a: Mawile|Iron Head|p2a: Lugia\n|-damage|p2a: Lugia|70\/100\n|\n|-heal|p2a: Lugia|76\/100|[from] item: Leftovers\n|upkeep\n|turn|13\n|\n|t:|1699673661\n|move|p1a: Mawile|Iron Head|p2a: Lugia\n|-damage|p2a: Lugia|56\/100\n|move|p2a: Lugia|Curse|p2a: Lugia\n|-unboost|p2a: Lugia|spe|1\n|-boost|p2a: Lugia|atk|1\n|-boost|p2a: Lugia|def|1\n|\n|-heal|p2a: Lugia|62\/100|[from] item: Leftovers\n|upkeep\n|turn|14\n|\n|t:|1699673672\n|move|p1a: Mawile|Sucker Punch||[still]\n|-fail|p1a: Mawile\n|move|p2a: Lugia|Roost|p2a: Lugia\n|-heal|p2a: Lugia|100\/100\n|-singleturn|p2a: Lugia|move: Roost\n|\n|upkeep\n|turn|15\n|\n|t:|1699673679\n|move|p1a: Mawile|Iron Head|p2a: Lugia\n|-damage|p2a: Lugia|92\/100\n|cant|p2a: Lugia|flinch\n|\n|-heal|p2a: Lugia|99\/100|[from] item: Leftovers\n|upkeep\n|turn|16\n|\n|t:|1699673688\n|move|p1a: Mawile|Iron Head|p2a: Lugia\n|-crit|p2a: Lugia\n|-damage|p2a: Lugia|38\/100\n|cant|p2a: Lugia|flinch\n|\n|-heal|p2a: Lugia|44\/100|[from] item: Leftovers\n|upkeep\n|turn|17\n|\n|t:|1699673697\n|move|p1a: Mawile|Iron Head|p2a: Lugia\n|-damage|p2a: Lugia|29\/100\n|move|p2a: Lugia|Roost|p2a: Lugia\n|-heal|p2a: Lugia|79\/100\n|-singleturn|p2a: Lugia|move: Roost\n|\n|-heal|p2a: Lugia|85\/100|[from] item: Leftovers\n|upkeep\n|turn|18\n|\n|t:|1699673707\n|move|p1a: Mawile|Iron Head|p2a: Lugia\n|-damage|p2a: Lugia|69\/100\n|cant|p2a: Lugia|flinch\n|\n|-heal|p2a: Lugia|76\/100|[from] item: Leftovers\n|upkeep\n|turn|19\n|\n|t:|1699673715\n|move|p1a: Mawile|Iron Head|p2a: Lugia\n|-damage|p2a: Lugia|61\/100\n|cant|p2a: Lugia|flinch\n|\n|-heal|p2a: Lugia|67\/100|[from] item: Leftovers\n|upkeep\n|turn|20\n|\n|t:|1699673724\n|move|p1a: Mawile|Iron Head|p2a: Lugia\n|-damage|p2a: Lugia|52\/100\n|move|p2a: Lugia|Roost|p2a: Lugia\n|-heal|p2a: Lugia|100\/100\n|-singleturn|p2a: Lugia|move: Roost\n|\n|upkeep\n|turn|21\n|\n|t:|1699673732\n|move|p1a: Mawile|Sucker Punch||[still]\n|-fail|p1a: Mawile\n|move|p2a: Lugia|Curse|p2a: Lugia\n|-unboost|p2a: Lugia|spe|1\n|-boost|p2a: Lugia|atk|1\n|-boost|p2a: Lugia|def|1\n|\n|upkeep\n|turn|22\n|\n|t:|1699673744\n|move|p1a: Mawile|Play Rough|p2a: Lugia\n|-damage|p2a: Lugia|93\/100\n|move|p2a: Lugia|Curse|p2a: Lugia\n|-unboost|p2a: Lugia|spe|1\n|-boost|p2a: Lugia|atk|1\n|-boost|p2a: Lugia|def|1\n|\n|-heal|p2a: Lugia|99\/100|[from] item: Leftovers\n|upkeep\n|turn|23\n|\n|t:|1699673755\n|move|p1a: Mawile|Play Rough|p2a: Lugia|[miss]\n|-miss|p1a: Mawile|p2a: Lugia\n|move|p2a: Lugia|Curse|p2a: Lugia\n|-unboost|p2a: Lugia|spe|1\n|-boost|p2a: Lugia|atk|1\n|-boost|p2a: Lugia|def|1\n|\n|-heal|p2a: Lugia|100\/100|[from] item: Leftovers\n|upkeep\n|turn|24\n|\n|t:|1699673768\n|move|p1a: Mawile|Play Rough|p2a: Lugia\n|-damage|p2a: Lugia|95\/100\n|move|p2a: Lugia|Fly||[still]\n|-prepare|p2a: Lugia|Fly\n|\n|-heal|p2a: Lugia|100\/100|[from] item: Leftovers\n|upkeep\n|turn|25\n|\n|t:|1699673777\n|move|p1a: Mawile|Sucker Punch|p2a: Lugia|[miss]\n|-miss|p1a: Mawile|p2a: Lugia\n|move|p2a: Lugia|Fly|p1a: Mawile|[from]lockedmove\n|-resisted|p1a: Mawile\n|-damage|p1a: Mawile|27\/100\n|\n|upkeep\n|turn|26\n|\n|t:|1699673785\n|move|p1a: Mawile|Sucker Punch|p2a: Lugia\n|-supereffective|p2a: Lugia\n|-damage|p2a: Lugia|95\/100\n|move|p2a: Lugia|Earthquake|p1a: Mawile\n|-supereffective|p1a: Mawile\n|-damage|p1a: Mawile|0 fnt\n|faint|p1a: Mawile\n|\n|-heal|p2a: Lugia|100\/100|[from] item: Leftovers\n|upkeep\n|\n|t:|1699673788\n|switch|p1a: Froslass|Froslass, F|100\/100\n|turn|27\n|\n|t:|1699673798\n|move|p1a: Froslass|Ice Beam|p2a: Lugia\n|-supereffective|p2a: Lugia\n|-damage|p2a: Lugia|71\/100\n|move|p2a: Lugia|Fly||[still]\n|-prepare|p2a: Lugia|Fly\n|\n|-heal|p2a: Lugia|77\/100|[from] item: Leftovers\n|upkeep\n|turn|28\n|\n|t:|1699673806\n|move|p1a: Froslass|Ice Beam|p2a: Lugia|[miss]\n|-miss|p1a: Froslass|p2a: Lugia\n|move|p2a: Lugia|Fly|p1a: Froslass|[from]lockedmove\n|-damage|p1a: Froslass|0 fnt\n|faint|p1a: Froslass\n|\n|-heal|p2a: Lugia|83\/100|[from] item: Leftovers\n|upkeep\n|\n|t:|1699673811\n|switch|p1a: Hydreigon|Hydreigon, M|100\/100\n|turn|29\n|\n|t:|1699673819\n|move|p1a: Hydreigon|Dark Pulse|p2a: Lugia\n|-supereffective|p2a: Lugia\n|-damage|p2a: Lugia|34\/100\n|move|p2a: Lugia|Fly||[still]\n|-prepare|p2a: Lugia|Fly\n|\n|-heal|p2a: Lugia|40\/100|[from] item: Leftovers\n|upkeep\n|turn|30\n|\n|t:|1699673828\n|move|p1a: Hydreigon|Nasty Plot|p1a: Hydreigon\n|-boost|p1a: Hydreigon|spa|2\n|move|p2a: Lugia|Fly|p1a: Hydreigon|[from]lockedmove\n|-damage|p1a: Hydreigon|0 fnt\n|faint|p1a: Hydreigon\n|\n|-heal|p2a: Lugia|46\/100|[from] item: Leftovers\n|upkeep\n|\n|t:|1699673833\n|switch|p1a: Drampa|Drampa, M|100\/100\n|turn|31\n|\n|t:|1699673841\n|move|p1a: Drampa|Hyper Voice|p2a: Lugia\n|-crit|p2a: Lugia\n|-damage|p2a: Lugia|1\/100\n|move|p2a: Lugia|Roost|p2a: Lugia\n|-heal|p2a: Lugia|51\/100\n|-singleturn|p2a: Lugia|move: Roost\n|\n|-heal|p2a: Lugia|58\/100|[from] item: Leftovers\n|upkeep\n|turn|32\n|\n|t:|1699673852\n|move|p1a: Drampa|Hyper Voice|p2a: Lugia\n|-damage|p2a: Lugia|28\/100\n|move|p2a: Lugia|Roost|p2a: Lugia\n|-heal|p2a: Lugia|78\/100\n|-singleturn|p2a: Lugia|move: Roost\n|\n|-heal|p2a: Lugia|84\/100|[from] item: Leftovers\n|upkeep\n|turn|33\n|\n|t:|1699673862\n|move|p1a: Drampa|Calm Mind|p1a: Drampa\n|-boost|p1a: Drampa|spa|1\n|-boost|p1a: Drampa|spd|1\n|move|p2a: Lugia|Roost|p2a: Lugia\n|-heal|p2a: Lugia|100\/100\n|-singleturn|p2a: Lugia|move: Roost\n|\n|upkeep\n|turn|34\n|\n|t:|1699673872\n|move|p1a: Drampa|Calm Mind|p1a: Drampa\n|-boost|p1a: Drampa|spa|1\n|-boost|p1a: Drampa|spd|1\n|move|p2a: Lugia|Earthquake|p1a: Drampa\n|-damage|p1a: Drampa|13\/100\n|-ability|p1a: Drampa|Berserk|boost\n|-boost|p1a: Drampa|spa|1\n|\n|-heal|p1a: Drampa|19\/100|[from] item: Leftovers\n|upkeep\n|turn|35\n|\n|t:|1699673884\n|move|p1a: Drampa|Flamethrower|p2a: Lugia\n|-damage|p2a: Lugia|76\/100\n|move|p2a: Lugia|Earthquake|p1a: Drampa\n|-damage|p1a: Drampa|0 fnt\n|faint|p1a: Drampa\n|\n|-heal|p2a: Lugia|83\/100|[from] item: Leftovers\n|upkeep\n|\n|t:|1699673887\n|switch|p1a: Darmanitan|Darmanitan, M|100\/100\n|turn|36\n|\n|t:|1699673898\n|move|p1a: Darmanitan|Flare Blitz|p2a: Lugia\n|-damage|p2a: Lugia|72\/100\n|-damage|p1a: Darmanitan|96\/100|[from] Recoil\n|move|p2a: Lugia|Earthquake|p1a: Darmanitan\n|-supereffective|p1a: Darmanitan\n|-damage|p1a: Darmanitan|0 fnt\n|faint|p1a: Darmanitan\n|\n|win|poulpws\n|raw|renz75642's rating: 1078 &rarr; <strong>1064<\/strong><br \/>(-14 for losing)\n|raw|poulpws's rating: 1203 &rarr; <strong>1219<\/strong><br \/>(+16 for winning)\n","uploadtime":1699673912,"views":5,"p1id":"renz75642","p2id":"poulpws","formatid":"gen9nationaldexubers","rating":1064,"private":0,"password":""}