{"id":"gen9nationaldexubers-1984461819","p1":"tootmimi","p2":"85792195wwww","format":"[Gen 9] National Dex Ubers","log":"|j|\u2606tootmimi\n|j|\u203d85792195wwww\n|t:|1699267579\n|gametype|singles\n|player|p1|tootmimi|170|1637\n|player|p2|85792195wwww|mira|1879\n|teamsize|p1|6\n|teamsize|p2|6\n|gen|9\n|tier|[Gen 9] National Dex Ubers\n|rated|\n|rule|HP Percentage Mod: HP is shown in percentages\n|rule|Endless Battle Clause: Forcing endless battles is banned\n|rule|OHKO Clause: OHKO moves are banned\n|rule|Evasion Moves Clause: Evasion moves are banned\n|rule|Evasion Items Clause: Evasion items are banned\n|rule|Species Clause: Limit one of each Pok\u00e9mon\n|rule|Sleep Clause Mod: Limit one foe put to sleep\n|rule|Mega Rayquaza Clause: You cannot mega evolve Rayquaza\n|clearpoke\n|poke|p1|Groudon|\n|poke|p1|Yveltal|\n|poke|p1|Calyrex-Ice|\n|poke|p1|Necrozma-Dusk-Mane|\n|poke|p1|Tapu Lele|\n|poke|p1|Zacian-*|\n|poke|p2|Arceus|\n|poke|p2|Xerneas-*|\n|poke|p2|Groudon|\n|poke|p2|Zacian-*|\n|poke|p2|Samurott-Hisui, M|\n|poke|p2|Rayquaza|\n|teampreview\n|\n|t:|1699267589\n|start\n|switch|p1a: Yveltal|Yveltal|100\/100\n|switch|p2a: Xerneas|Xerneas|100\/100\n|-ability|p2a: Xerneas|Fairy Aura\n|-ability|p1a: Yveltal|Dark Aura\n|turn|1\n|\n|t:|1699267598\n|switch|p1a: Necrozma|Necrozma-Dusk-Mane|100\/100\n|move|p2a: Xerneas|Moonblast|p1a: Necrozma\n|-resisted|p1a: Necrozma\n|-damage|p1a: Necrozma|70\/100\n|\n|-heal|p1a: Necrozma|76\/100|[from] item: Leftovers\n|upkeep\n|turn|2\n|inactive|Battle timer is ON: inactive players will automatically lose when time's up. (requested by tootmimi)\n|\n|t:|1699267607\n|switch|p2a: Samurott|Samurott-Hisui, M|100\/100\n|move|p1a: Necrozma|Stealth Rock|p2a: Samurott\n|-sidestart|p2: 85792195wwww|move: Stealth Rock\n|\n|-heal|p1a: Necrozma|82\/100|[from] item: Leftovers\n|upkeep\n|turn|3\n|\n|t:|1699267623\n|switch|p1a: Groudon|Groudon|100\/100\n|detailschange|p1a: Groudon|Groudon-Primal\n|-primal|p1a: Groudon|Red Orb\n|-weather|DesolateLand|[from] ability: Desolate Land|[of] p1a: Groudon\n|move|p2a: Samurott|Ceaseless Edge|p1a: Groudon\n|-damage|p1a: Groudon|74\/100\n|-sidestart|p1: tootmimi|Spikes\n|\n|-weather|DesolateLand|[upkeep]\n|upkeep\n|turn|4\n|\n|t:|1699267633\n|move|p2a: Samurott|Ceaseless Edge|p1a: Groudon\n|-damage|p1a: Groudon|48\/100\n|-sidestart|p1: tootmimi|Spikes\n|move|p1a: Groudon|Earthquake|p2a: Samurott\n|-damage|p2a: Samurott|14\/100\n|\n|-weather|DesolateLand|[upkeep]\n|upkeep\n|turn|5\n|\n|t:|1699267641\n|move|p2a: Samurott|Ceaseless Edge|p1a: Groudon\n|-damage|p1a: Groudon|19\/100\n|-sidestart|p1: tootmimi|Spikes\n|move|p1a: Groudon|Earthquake|p2a: Samurott\n|-damage|p2a: Samurott|0 fnt\n|faint|p2a: Samurott\n|\n|-weather|DesolateLand|[upkeep]\n|upkeep\n|\n|t:|1699267649\n|switch|p2a: Rayquaza|Rayquaza|100\/100\n|-damage|p2a: Rayquaza|76\/100|[from] Stealth Rock\n|-ability|p2a: Rayquaza|Air Lock\n|turn|6\n|\n|t:|1699267655\n|move|p2a: Rayquaza|Dragon Ascent|p1a: Groudon\n|-damage|p1a: Groudon|0 fnt\n|-unboost|p2a: Rayquaza|def|1\n|-unboost|p2a: Rayquaza|spd|1\n|faint|p1a: Groudon\n|-weather|none\n|\n|upkeep\n|\n|t:|1699267663\n|switch|p1a: Tapu Lele|Tapu Lele|100\/100\n|-damage|p1a: Tapu Lele|76\/100|[from] Spikes\n|-fieldstart|move: Psychic Terrain|[from] ability: Psychic Surge|[of] p1a: Tapu Lele\n|turn|7\n|\n|t:|1699267674\n|move|p1a: Tapu Lele|Psychic|p2a: Rayquaza\n|-damage|p2a: Rayquaza|0 fnt\n|faint|p2a: Rayquaza\n|\n|upkeep\n|\n|t:|1699267679\n|switch|p2a: Zacian|Zacian-Crowned|100\/100\n|-damage|p2a: Zacian|94\/100|[from] Stealth Rock\n|-ability|p2a: Zacian|Intrepid Sword|boost\n|-boost|p2a: Zacian|atk|1\n|turn|8\n|\n|t:|1699267686\n|switch|p1a: Necrozma|Necrozma-Dusk-Mane|82\/100\n|-damage|p1a: Necrozma|57\/100|[from] Spikes\n|move|p2a: Zacian|Swords Dance|p2a: Zacian\n|-boost|p2a: Zacian|atk|2\n|\n|-heal|p1a: Necrozma|63\/100|[from] item: Leftovers\n|upkeep\n|turn|9\n|\n|t:|1699267696\n|move|p2a: Zacian|Close Combat|p1a: Necrozma\n|-damage|p1a: Necrozma|0 fnt\n|-unboost|p2a: Zacian|def|1\n|-unboost|p2a: Zacian|spd|1\n|faint|p1a: Necrozma\n|\n|upkeep\n|\n|t:|1699267705\n|switch|p1a: Tapu Lele|Tapu Lele|76\/100\n|-damage|p1a: Tapu Lele|51\/100|[from] Spikes\n|turn|10\n|\n|t:|1699267710\n|move|p1a: Tapu Lele|Psychic|p2a: Zacian\n|-resisted|p2a: Zacian\n|-damage|p2a: Zacian|54\/100\n|move|p2a: Zacian|Behemoth Blade|p1a: Tapu Lele\n|-supereffective|p1a: Tapu Lele\n|-damage|p1a: Tapu Lele|0 fnt\n|faint|p1a: Tapu Lele\n|\n|upkeep\n|\n|t:|1699267720\n|switch|p1a: Zacian|Zacian-Crowned|100\/100\n|-damage|p1a: Zacian|76\/100|[from] Spikes\n|-ability|p1a: Zacian|Intrepid Sword|boost\n|-boost|p1a: Zacian|atk|1\n|turn|11\n|\n|t:|1699267729\n|move|p1a: Zacian|Close Combat|p2a: Zacian\n|-damage|p2a: Zacian|0 fnt\n|-unboost|p1a: Zacian|def|1\n|-unboost|p1a: Zacian|spd|1\n|faint|p2a: Zacian\n|\n|-fieldend|move: Psychic Terrain\n|upkeep\n|c|\u2606tootmimi|:)\n|\n|t:|1699267738\n|switch|p2a: Groudon|Groudon|100\/100\n|-damage|p2a: Groudon|94\/100|[from] Stealth Rock\n|detailschange|p2a: Groudon|Groudon-Primal\n|-primal|p2a: Groudon|Red Orb\n|-weather|DesolateLand|[from] ability: Desolate Land|[of] p2a: Groudon\n|turn|12\n|\n|t:|1699267746\n|move|p1a: Zacian|Close Combat|p2a: Groudon\n|-damage|p2a: Groudon|53\/100\n|-unboost|p1a: Zacian|def|1\n|-unboost|p1a: Zacian|spd|1\n|move|p2a: Groudon|Rock Polish|p2a: Groudon\n|-boost|p2a: Groudon|spe|2\n|\n|-weather|DesolateLand|[upkeep]\n|upkeep\n|turn|13\n|\n|t:|1699267755\n|move|p2a: Groudon|Heat Crash|p1a: Zacian\n|-supereffective|p1a: Zacian\n|-damage|p1a: Zacian|0 fnt\n|faint|p1a: Zacian\n|\n|-weather|DesolateLand|[upkeep]\n|upkeep\n|\n|t:|1699267761\n|switch|p1a: Yveltal|Yveltal|100\/100\n|-ability|p1a: Yveltal|Dark Aura\n|turn|14\n|\n|t:|1699267766\n|move|p1a: Yveltal|Sucker Punch|p2a: Groudon\n|-damage|p2a: Groudon|12\/100\n|move|p2a: Groudon|Heat Crash|p1a: Yveltal\n|-damage|p1a: Yveltal|5\/100\n|\n|-weather|DesolateLand|[upkeep]\n|upkeep\n|turn|15\n|\n|t:|1699267775\n|move|p2a: Groudon|Heat Crash|p1a: Yveltal\n|-damage|p1a: Yveltal|0 fnt\n|faint|p1a: Yveltal\n|\n|-weather|DesolateLand|[upkeep]\n|upkeep\n|\n|t:|1699267780\n|switch|p1a: Calyrex|Calyrex-Ice|100\/100\n|-ability|p1a: Calyrex|As One\n|-ability|p1a: Calyrex|Unnerve\n|turn|16\n|\n|t:|1699267798\n|-terastallize|p1a: Calyrex|Fighting\n|move|p2a: Groudon|Precipice Blades|p1a: Calyrex\n|-damage|p1a: Calyrex|47\/100\n|move|p1a: Calyrex|Trick Room|p1a: Calyrex\n|-fieldstart|move: Trick Room|[of] p1a: Calyrex\n|\n|-weather|DesolateLand|[upkeep]\n|upkeep\n|turn|17\n|\n|t:|1699267806\n|move|p1a: Calyrex|Glacial Lance|p2a: Groudon\n|-damage|p2a: Groudon|0 fnt\n|faint|p2a: Groudon\n|-weather|none\n|-ability|p1a: Calyrex|Chilling Neigh|boost\n|-boost|p1a: Calyrex|atk|1\n|\n|upkeep\n|\n|t:|1699267814\n|switch|p2a: Xerneas|Xerneas|100\/100\n|-damage|p2a: Xerneas|88\/100|[from] Stealth Rock\n|-ability|p2a: Xerneas|Fairy Aura\n|turn|18\n|\n|t:|1699267821\n|move|p1a: Calyrex|Glacial Lance|p2a: Xerneas\n|-damage|p2a: Xerneas|5\/100\n|move|p2a: Xerneas|Moonblast|p1a: Calyrex\n|-supereffective|p1a: Calyrex\n|-damage|p1a: Calyrex|0 fnt\n|faint|p1a: Calyrex\n|\n|win|85792195wwww\n|raw|tootmimi's rating: 1637 &rarr; <strong>1629<\/strong><br \/>(-8 for losing)\n|raw|85792195wwww's rating: 1879 &rarr; <strong>1887<\/strong><br \/>(+8 for winning)\n|l|\u2606tootmimi\n|l|\u203d85792195wwww\n","uploadtime":1699267831,"views":4,"p1id":"tootmimi","p2id":"85792195wwww","formatid":"gen9nationaldexubers","rating":1629,"private":0,"password":""}