{"id":"gen9nationaldexubers-1982397531","p1":"frojad","p2":"Grosel","format":"[Gen 9] National Dex Ubers","log":"|j|\u2606frojad\n|j|\u2606Grosel\n|t:|1699009650\n|gametype|singles\n|player|p1|frojad|fisherman-gen4|1037\n|player|p2|Grosel|drayden|1206\n|teamsize|p1|6\n|teamsize|p2|6\n|gen|9\n|tier|[Gen 9] National Dex Ubers\n|rated|\n|rule|HP Percentage Mod: HP is shown in percentages\n|rule|Endless Battle Clause: Forcing endless battles is banned\n|rule|OHKO Clause: OHKO moves are banned\n|rule|Evasion Moves Clause: Evasion moves are banned\n|rule|Evasion Items Clause: Evasion items are banned\n|rule|Species Clause: Limit one of each Pok\u00e9mon\n|rule|Sleep Clause Mod: Limit one foe put to sleep\n|rule|Mega Rayquaza Clause: You cannot mega evolve Rayquaza\n|clearpoke\n|poke|p1|Sylveon, F|\n|poke|p1|Shaymin-Sky|\n|poke|p1|Feraligatr, F|\n|poke|p1|Garganacl, M|\n|poke|p1|Medicham, F|\n|poke|p1|Rotom-Wash|\n|poke|p2|Grimmsnarl, M|\n|poke|p2|Torterra, F|\n|poke|p2|Blastoise, M|\n|poke|p2|Volcarona, M|\n|poke|p2|Corviknight, F|\n|poke|p2|Hatterene, F|\n|teampreview\n|inactive|Battle timer is ON: inactive players will automatically lose when time's up. (requested by Grosel)\n|\n|t:|1699009671\n|start\n|switch|p1a: Feraligatr|Feraligatr, F|100\/100\n|switch|p2a: Grimmsnarl|Grimmsnarl, M, shiny|100\/100\n|turn|1\n|\n|t:|1699009682\n|move|p2a: Grimmsnarl|Reflect|p2a: Grimmsnarl\n|-sidestart|p2: Grosel|Reflect\n|move|p1a: Feraligatr|Swords Dance|p1a: Feraligatr\n|-boost|p1a: Feraligatr|atk|2\n|\n|upkeep\n|turn|2\n|\n|t:|1699009689\n|move|p2a: Grimmsnarl|Parting Shot|p1a: Feraligatr\n|-unboost|p1a: Feraligatr|atk|1\n|-unboost|p1a: Feraligatr|spa|1\n|\n|t:|1699009693\n|switch|p2a: Corviknight|Corviknight, F, shiny|100\/100|[from] Parting Shot\n|-ability|p2a: Corviknight|Pressure\n|move|p1a: Feraligatr|Swords Dance|p1a: Feraligatr\n|-boost|p1a: Feraligatr|atk|2\n|\n|upkeep\n|turn|3\n|\n|t:|1699009703\n|move|p1a: Feraligatr|Liquidation|p2a: Corviknight\n|-damage|p2a: Corviknight|45\/100\n|move|p2a: Corviknight|Bulk Up|p2a: Corviknight\n|-boost|p2a: Corviknight|atk|1\n|-boost|p2a: Corviknight|def|1\n|\n|-heal|p2a: Corviknight|52\/100|[from] item: Leftovers\n|upkeep\n|turn|4\n|\n|t:|1699009713\n|move|p1a: Feraligatr|Liquidation|p2a: Corviknight\n|-damage|p2a: Corviknight|13\/100\n|move|p2a: Corviknight|Roost|p2a: Corviknight\n|-heal|p2a: Corviknight|63\/100\n|-singleturn|p2a: Corviknight|move: Roost\n|\n|-heal|p2a: Corviknight|70\/100|[from] item: Leftovers\n|upkeep\n|turn|5\n|\n|t:|1699009723\n|-terastallize|p1a: Feraligatr|Water\n|move|p1a: Feraligatr|Liquidation|p2a: Corviknight\n|-damage|p2a: Corviknight|26\/100\n|move|p2a: Corviknight|Roost|p2a: Corviknight\n|-heal|p2a: Corviknight|76\/100\n|-singleturn|p2a: Corviknight|move: Roost\n|\n|-heal|p2a: Corviknight|83\/100|[from] item: Leftovers\n|upkeep\n|turn|6\n|\n|t:|1699009734\n|-terastallize|p2a: Corviknight|Flying\n|move|p1a: Feraligatr|Swords Dance|p1a: Feraligatr\n|-boost|p1a: Feraligatr|atk|2\n|move|p2a: Corviknight|Brave Bird|p1a: Feraligatr\n|-damage|p1a: Feraligatr|32\/100\n|-damage|p2a: Corviknight|61\/100|[from] Recoil\n|\n|-heal|p2a: Corviknight|68\/100|[from] item: Leftovers\n|upkeep\n|turn|7\n|\n|t:|1699009746\n|move|p1a: Feraligatr|Liquidation|p2a: Corviknight\n|-damage|p2a: Corviknight|7\/100\n|move|p2a: Corviknight|Brave Bird|p1a: Feraligatr\n|-damage|p1a: Feraligatr|0 fnt\n|faint|p1a: Feraligatr\n|-damage|p2a: Corviknight|0 fnt|[from] Recoil\n|faint|p2a: Corviknight\n|\n|upkeep\n|\n|t:|1699009766\n|switch|p1a: Medicham|Medicham, F|100\/100\n|switch|p2a: Blastoise|Blastoise, M|100\/100\n|turn|8\n|\n|t:|1699009780\n|detailschange|p1a: Medicham|Medicham-Mega, F\n|-mega|p1a: Medicham|Medicham|Medichamite\n|detailschange|p2a: Blastoise|Blastoise-Mega, M\n|-mega|p2a: Blastoise|Blastoise|Blastoisinite\n|move|p1a: Medicham|Fake Out|p2a: Blastoise\n|-damage|p2a: Blastoise|89\/100\n|cant|p2a: Blastoise|flinch\n|\n|-sideend|p2: Grosel|Reflect\n|upkeep\n|turn|9\n|\n|t:|1699009798\n|move|p1a: Medicham|High Jump Kick|p2a: Blastoise\n|-damage|p2a: Blastoise|0 fnt\n|faint|p2a: Blastoise\n|\n|upkeep\n|inactive|Grosel has 120 seconds left.\n|\n|t:|1699009809\n|switch|p2a: Volcarona|Volcarona, M, shiny|100\/100\n|turn|10\n|\n|t:|1699009816\n|move|p1a: Medicham|Zen Headbutt|p2a: Volcarona\n|-damage|p2a: Volcarona|0 fnt\n|faint|p2a: Volcarona\n|\n|upkeep\n|\n|t:|1699009822\n|switch|p2a: Hatterene|Hatterene, F, shiny|100\/100\n|turn|11\n|\n|t:|1699009827\n|move|p1a: Medicham|Ice Punch|p2a: Hatterene\n|-damage|p2a: Hatterene|53\/100\n|move|p2a: Hatterene|Dazzling Gleam|p1a: Medicham\n|-supereffective|p1a: Medicham\n|-damage|p1a: Medicham|0 fnt\n|faint|p1a: Medicham\n|\n|upkeep\n|\n|t:|1699009836\n|switch|p1a: Shaymin|Shaymin-Sky|100\/100\n|turn|12\n|\n|t:|1699009842\n|move|p1a: Shaymin|Air Slash|p2a: Hatterene\n|-damage|p2a: Hatterene|11\/100\n|cant|p2a: Hatterene|flinch\n|\n|upkeep\n|turn|13\n|\n|t:|1699009847\n|move|p1a: Shaymin|Air Slash|p2a: Hatterene\n|-damage|p2a: Hatterene|0 fnt\n|faint|p2a: Hatterene\n|\n|upkeep\n|\n|t:|1699009850\n|switch|p2a: Grimmsnarl|Grimmsnarl, M, shiny|100\/100\n|turn|14\n|\n|t:|1699009857\n|move|p2a: Grimmsnarl|Light Screen|p2a: Grimmsnarl\n|-sidestart|p2: Grosel|move: Light Screen\n|move|p1a: Shaymin|Air Slash|p2a: Grimmsnarl\n|-crit|p2a: Grimmsnarl\n|-damage|p2a: Grimmsnarl|59\/100\n|\n|upkeep\n|turn|15\n|\n|t:|1699009863\n|move|p1a: Shaymin|Seed Flare|p2a: Grimmsnarl\n|-damage|p2a: Grimmsnarl|36\/100\n|-unboost|p2a: Grimmsnarl|spd|2\n|cant|p2a: Grimmsnarl|flinch\n|\n|upkeep\n|turn|16\n|\n|t:|1699009870\n|move|p1a: Shaymin|Air Slash|p2a: Grimmsnarl\n|-damage|p2a: Grimmsnarl|7\/100\n|move|p2a: Grimmsnarl|Spirit Break|p1a: Shaymin\n|-damage|p1a: Shaymin|65\/100\n|-unboost|p1a: Shaymin|spa|1\n|\n|upkeep\n|turn|17\n|\n|t:|1699009882\n|move|p1a: Shaymin|Air Slash|p2a: Grimmsnarl\n|-damage|p2a: Grimmsnarl|0 fnt\n|faint|p2a: Grimmsnarl\n|\n|upkeep\n|\n|t:|1699009884\n|switch|p2a: Torterra|Torterra, F|100\/100\n|turn|18\n|\n|t:|1699009892\n|move|p1a: Shaymin|Air Slash|p2a: Torterra\n|-supereffective|p2a: Torterra\n|-damage|p2a: Torterra|70\/100\n|cant|p2a: Torterra|flinch\n|\n|upkeep\n|turn|19\n|\n|t:|1699009918\n|move|p1a: Shaymin|Air Slash|p2a: Torterra\n|-supereffective|p2a: Torterra\n|-damage|p2a: Torterra|41\/100\n|cant|p2a: Torterra|flinch\n|\n|upkeep\n|turn|20\n|\n|t:|1699009924\n|move|p1a: Shaymin|Air Slash|p2a: Torterra\n|-supereffective|p2a: Torterra\n|-damage|p2a: Torterra|13\/100\n|move|p2a: Torterra|Shell Smash|p2a: Torterra\n|-unboost|p2a: Torterra|def|1\n|-unboost|p2a: Torterra|spd|1\n|-boost|p2a: Torterra|atk|2\n|-boost|p2a: Torterra|spa|2\n|-boost|p2a: Torterra|spe|2\n|\n|upkeep\n|turn|21\n|\n|t:|1699009933\n|move|p2a: Torterra|Rock Blast|p1a: Shaymin\n|-supereffective|p1a: Shaymin\n|-damage|p1a: Shaymin|29\/100\n|-supereffective|p1a: Shaymin\n|-damage|p1a: Shaymin|0 fnt\n|faint|p1a: Shaymin\n|-hitcount|p1: Shaymin|2\n|\n|-sideend|p2: Grosel|move: Light Screen\n|upkeep\n|\n|t:|1699009941\n|switch|p1a: Rotom|Rotom-Wash|100\/100\n|turn|22\n|\n|t:|1699009947\n|move|p2a: Torterra|Bullet Seed|p1a: Rotom\n|-supereffective|p1a: Rotom\n|-damage|p1a: Rotom|39\/100\n|-supereffective|p1a: Rotom\n|-damage|p1a: Rotom|0 fnt\n|faint|p1a: Rotom\n|-hitcount|p1: Rotom|2\n|\n|upkeep\n|\n|t:|1699009954\n|switch|p1a: Sylveon|Sylveon, F|100\/100\n|turn|23\n|\n|t:|1699009960\n|move|p2a: Torterra|Headlong Rush|p1a: Sylveon\n|-damage|p1a: Sylveon|0 fnt\n|-unboost|p2a: Torterra|def|1\n|-unboost|p2a: Torterra|spd|1\n|faint|p1a: Sylveon\n|\n|upkeep\n|\n|t:|1699009967\n|switch|p1a: Garganacl|Garganacl, M|100\/100\n|turn|24\n|\n|t:|1699009974\n|move|p2a: Torterra|Headlong Rush|p1a: Garganacl\n|-supereffective|p1a: Garganacl\n|-damage|p1a: Garganacl|0 fnt\n|-unboost|p2a: Torterra|def|1\n|-unboost|p2a: Torterra|spd|1\n|faint|p1a: Garganacl\n|\n|win|Grosel\n|raw|frojad's rating: 1037 &rarr; <strong>1028<\/strong><br \/>(-9 for losing)\n|raw|Grosel's rating: 1206 &rarr; <strong>1220<\/strong><br \/>(+14 for winning)\n|l|\u2606frojad\n|c|\u2606Grosel|GG\n","uploadtime":1699009988,"views":12,"p1id":"frojad","p2id":"grosel","formatid":"gen9nationaldexubers","rating":1028,"private":0,"password":""}