{"id":"gen9nationaldexubers-1989840308","p1":"Killerkid1208","p2":"fancyostriches","format":"[Gen 9] National Dex Ubers","log":"|j|\u2606Killerkid1208\n|j|\u2606fancyostriches\n|t:|1699900114\n|gametype|singles\n|player|p1|Killerkid1208|101|\n|player|p2|fancyostriches|pokemaniac|\n|teamsize|p1|6\n|teamsize|p2|6\n|gen|9\n|tier|[Gen 9] National Dex Ubers\n|rule|HP Percentage Mod: HP is shown in percentages\n|rule|Endless Battle Clause: Forcing endless battles is banned\n|rule|OHKO Clause: OHKO moves are banned\n|rule|Evasion Moves Clause: Evasion moves are banned\n|rule|Evasion Items Clause: Evasion items are banned\n|rule|Species Clause: Limit one of each Pok\u00e9mon\n|rule|Sleep Clause Mod: Limit one foe put to sleep\n|rule|Mega Rayquaza Clause: You cannot mega evolve Rayquaza\n|clearpoke\n|poke|p1|Kilowattrel, F|\n|poke|p1|Gholdengo|\n|poke|p1|Charizard, F|\n|poke|p1|Milotic, M|\n|poke|p1|Umbreon, F|\n|poke|p1|Serperior, M|\n|poke|p2|Venomoth, M|\n|poke|p2|Uxie|\n|poke|p2|Quaquaval, F|\n|poke|p2|Minior-Green|\n|poke|p2|Decidueye-Hisui, F|\n|poke|p2|Slowbro-Galar, F|\n|teampreview\n|\n|t:|1699900127\n|start\n|switch|p1a: Kilowattrel|Kilowattrel, F|100\/100\n|switch|p2a: Uxie|Uxie|100\/100\n|turn|1\n|c|\u2606Killerkid1208|your a no life\n|\n|t:|1699900156\n|move|p1a: Kilowattrel|Thunderbolt|p2a: Uxie\n|-damage|p2a: Uxie|73\/100\n|move|p2a: Uxie|Light Screen|p2a: Uxie\n|-sidestart|p2: fancyostriches|move: Light Screen\n|\n|upkeep\n|turn|2\n|\n|t:|1699900162\n|move|p1a: Kilowattrel|Thunderbolt|p2a: Uxie\n|-damage|p2a: Uxie|59\/100\n|move|p2a: Uxie|Stealth Rock|p1a: Kilowattrel\n|-sidestart|p1: Killerkid1208|move: Stealth Rock\n|\n|upkeep\n|turn|3\n|\n|t:|1699900169\n|move|p1a: Kilowattrel|Thunderbolt|p2a: Uxie\n|-damage|p2a: Uxie|45\/100\n|move|p2a: Uxie|Memento|p1a: Kilowattrel\n|-unboost|p1a: Kilowattrel|atk|2\n|-unboost|p1a: Kilowattrel|spa|2\n|faint|p2a: Uxie\n|\n|upkeep\n|\n|t:|1699900178\n|switch|p2a: Quaquaval|Quaquaval, F|100\/100\n|turn|4\n|\n|t:|1699900186\n|move|p1a: Kilowattrel|Thunderbolt|p2a: Quaquaval\n|-supereffective|p2a: Quaquaval\n|-damage|p2a: Quaquaval|71\/100\n|-enditem|p2a: Quaquaval|Weakness Policy\n|-boost|p2a: Quaquaval|atk|2|[from] item: Weakness Policy\n|-boost|p2a: Quaquaval|spa|2|[from] item: Weakness Policy\n|move|p2a: Quaquaval|Aqua Step|p1a: Kilowattrel\n|-damage|p1a: Kilowattrel|0 fnt\n|-boost|p2a: Quaquaval|spe|1\n|faint|p1a: Kilowattrel\n|-ability|p2a: Quaquaval|Moxie|boost\n|-boost|p2a: Quaquaval|atk|1\n|\n|upkeep\n|\n|t:|1699900206\n|switch|p1a: Serperior|Serperior, M|100\/100\n|-damage|p1a: Serperior|88\/100|[from] Stealth Rock\n|turn|5\n|\n|t:|1699900216\n|move|p2a: Quaquaval|Ice Spinner|p1a: Serperior\n|-supereffective|p1a: Serperior\n|-damage|p1a: Serperior|0 fnt\n|faint|p1a: Serperior\n|-ability|p2a: Quaquaval|Moxie|boost\n|-boost|p2a: Quaquaval|atk|1\n|\n|upkeep\n|\n|t:|1699900239\n|switch|p1a: Milotic|Milotic, M|100\/100\n|-damage|p1a: Milotic|88\/100|[from] Stealth Rock\n|turn|6\n|\n|t:|1699900249\n|move|p2a: Quaquaval|Swords Dance|p2a: Quaquaval\n|-boost|p2a: Quaquaval|atk|2\n|move|p1a: Milotic|Toxic|p2a: Quaquaval\n|-status|p2a: Quaquaval|tox\n|\n|-heal|p1a: Milotic|94\/100|[from] item: Leftovers\n|-damage|p2a: Quaquaval|64\/100 tox|[from] psn\n|upkeep\n|turn|7\n|\n|t:|1699900261\n|move|p2a: Quaquaval|Close Combat|p1a: Milotic\n|-damage|p1a: Milotic|0 fnt\n|-unboost|p2a: Quaquaval|def|1\n|-unboost|p2a: Quaquaval|spd|1\n|faint|p1a: Milotic\n|\n|-damage|p2a: Quaquaval|52\/100 tox|[from] psn\n|upkeep\n|\n|t:|1699900270\n|switch|p1a: Gholdengo|Gholdengo|100\/100\n|-damage|p1a: Gholdengo|94\/100|[from] Stealth Rock\n|turn|8\n|\n|t:|1699900280\n|move|p2a: Quaquaval|Aqua Step|p1a: Gholdengo\n|-damage|p1a: Gholdengo|0 fnt\n|-boost|p2a: Quaquaval|spe|1\n|faint|p1a: Gholdengo\n|\n|-damage|p2a: Quaquaval|34\/100 tox|[from] psn\n|-sideend|p2: fancyostriches|move: Light Screen\n|upkeep\n|\n|t:|1699900288\n|switch|p1a: Charizard|Charizard, F|100\/100\n|-damage|p1a: Charizard|50\/100|[from] Stealth Rock\n|turn|9\n|\n|t:|1699900294\n|move|p2a: Quaquaval|Aqua Step|p1a: Charizard\n|-supereffective|p1a: Charizard\n|-damage|p1a: Charizard|0 fnt\n|-boost|p2a: Quaquaval|spe|1\n|faint|p1a: Charizard\n|\n|-damage|p2a: Quaquaval|10\/100 tox|[from] psn\n|upkeep\n|\n|t:|1699900301\n|switch|p1a: Umbreon|Umbreon, F|100\/100\n|-damage|p1a: Umbreon|88\/100|[from] Stealth Rock\n|turn|10\n|\n|t:|1699900306\n|move|p2a: Quaquaval|Close Combat|p1a: Umbreon\n|-supereffective|p1a: Umbreon\n|-damage|p1a: Umbreon|0 fnt\n|-unboost|p2a: Quaquaval|def|1\n|-unboost|p2a: Quaquaval|spd|1\n|-damage|p2a: Quaquaval|0 fnt|[from] item: Rocky Helmet|[of] p1a: Umbreon\n|faint|p1a: Umbreon\n|faint|p2a: Quaquaval\n|\n|win|fancyostriches\n|l|\u2606Killerkid1208\n","uploadtime":1699900317,"views":16,"p1id":"killerkid1208","p2id":"fancyostriches","formatid":"gen9nationaldexubers","rating":0,"private":0,"password":""}