{"id":"gen9nationaldexubers-1996268498","p1":"85792195wwww","p2":"UN BEUG","format":"[Gen 9] National Dex Ubers","log":"|j|\u260685792195wwww\n|j|\u2606UN BEUG\n|t:|1700665846\n|gametype|singles\n|player|p1|85792195wwww|mira|1631\n|player|p2|UN BEUG|elesa|1538\n|teamsize|p1|6\n|teamsize|p2|6\n|gen|9\n|tier|[Gen 9] National Dex Ubers\n|rated|\n|rule|HP Percentage Mod: HP is shown in percentages\n|rule|Endless Battle Clause: Forcing endless battles is banned\n|rule|OHKO Clause: OHKO moves are banned\n|rule|Evasion Moves Clause: Evasion moves are banned\n|rule|Evasion Items Clause: Evasion items are banned\n|rule|Species Clause: Limit one of each Pok\u00e9mon\n|rule|Sleep Clause Mod: Limit one foe put to sleep\n|rule|Mega Rayquaza Clause: You cannot mega evolve Rayquaza\n|clearpoke\n|poke|p1|Arceus|\n|poke|p1|Kingambit, F|\n|poke|p1|Xerneas-*|\n|poke|p1|Kyurem-White|\n|poke|p1|Groudon|\n|poke|p1|Krookodile, M|\n|poke|p2|Groudon|\n|poke|p2|Arceus-Electric|\n|poke|p2|Giratina-Origin|\n|poke|p2|Yveltal|\n|poke|p2|Glimmora, F|\n|poke|p2|Necrozma-Dusk-Mane|\n|teampreview\n|\n|t:|1700665868\n|start\n|switch|p1a: Xerneas|Xerneas|100\/100\n|switch|p2a: Glimmora|Glimmora, F|100\/100\n|-ability|p1a: Xerneas|Fairy Aura\n|turn|1\n|j| Ds_Moon\n|\n|t:|1700665876\n|move|p2a: Glimmora|Mortal Spin|p1a: Xerneas\n|-supereffective|p1a: Xerneas\n|-damage|p1a: Xerneas|91\/100\n|-status|p1a: Xerneas|psn\n|move|p1a: Xerneas|Geomancy||[still]\n|-prepare|p1a: Xerneas|Geomancy\n|-enditem|p1a: Xerneas|Power Herb\n|-anim|p1a: Xerneas|Geomancy|p1a: Xerneas\n|-boost|p1a: Xerneas|spa|2\n|-boost|p1a: Xerneas|spd|2\n|-boost|p1a: Xerneas|spe|2\n|\n|-damage|p1a: Xerneas|79\/100 psn|[from] psn\n|upkeep\n|turn|2\n|l| Ds_Moon\n|\n|t:|1700665890\n|move|p1a: Xerneas|Moonblast|p2a: Glimmora\n|-resisted|p2a: Glimmora\n|-enditem|p2a: Glimmora|Focus Sash\n|-damage|p2a: Glimmora|1\/100\n|move|p2a: Glimmora|Mud Shot|p1a: Xerneas\n|-damage|p1a: Xerneas|71\/100 psn\n|-unboost|p1a: Xerneas|spe|1\n|\n|-damage|p1a: Xerneas|58\/100 psn|[from] psn\n|upkeep\n|turn|3\n|\n|t:|1700665901\n|move|p1a: Xerneas|Moonblast|p2a: Glimmora\n|-resisted|p2a: Glimmora\n|-damage|p2a: Glimmora|0 fnt\n|faint|p2a: Glimmora\n|\n|-damage|p1a: Xerneas|46\/100 psn|[from] psn\n|upkeep\n|\n|t:|1700665930\n|switch|p2a: Groudon|Groudon|100\/100\n|detailschange|p2a: Groudon|Groudon-Primal\n|-primal|p2a: Groudon|Red Orb\n|-weather|DesolateLand|[from] ability: Desolate Land|[of] p2a: Groudon\n|turn|4\n|\n|t:|1700665943\n|move|p1a: Xerneas|Moonblast|p2a: Groudon\n|-resisted|p2a: Groudon\n|-damage|p2a: Groudon|32\/100\n|move|p2a: Groudon|Heat Crash|p1a: Xerneas\n|-damage|p1a: Xerneas|0 fnt\n|faint|p1a: Xerneas\n|\n|-weather|DesolateLand|[upkeep]\n|upkeep\n|\n|t:|1700665951\n|switch|p1a: Kyurem|Kyurem-White|100\/100\n|-ability|p1a: Kyurem|Turboblaze\n|turn|5\n|\n|t:|1700665965\n|move|p1a: Kyurem|Ice Beam|p2a: Groudon\n|-damage|p2a: Groudon|0 fnt\n|faint|p2a: Groudon\n|-weather|none\n|\n|upkeep\n|\n|t:|1700665969\n|switch|p2a: Necrozma|Necrozma-Dusk-Mane|100\/100\n|turn|6\n|\n|t:|1700665976\n|move|p1a: Kyurem|Ice Beam|p2a: Necrozma\n|-resisted|p2a: Necrozma\n|-damage|p2a: Necrozma|62\/100\n|move|p2a: Necrozma|Dragon Dance|p2a: Necrozma\n|-boost|p2a: Necrozma|atk|1\n|-boost|p2a: Necrozma|spe|1\n|\n|upkeep\n|turn|7\n|\n|t:|1700665984\n|switch|p1a: Kingambit|Kingambit, F|100\/100\n|-activate|p1a: Kingambit|ability: Supreme Overlord\n|-start|p1a: Kingambit|fallen1|[silent]\n|move|p2a: Necrozma|Sunsteel Strike|p1a: Kingambit\n|-resisted|p1a: Kingambit\n|-damage|p1a: Kingambit|62\/100\n|\n|upkeep\n|turn|8\n|\n|t:|1700665994\n|move|p2a: Necrozma|Dragon Dance|p2a: Necrozma\n|-boost|p2a: Necrozma|atk|1\n|-boost|p2a: Necrozma|spe|1\n|move|p1a: Kingambit|Swords Dance|p1a: Kingambit\n|-boost|p1a: Kingambit|atk|2\n|\n|upkeep\n|turn|9\n|\n|t:|1700666003\n|move|p1a: Kingambit|Sucker Punch||[still]\n|-fail|p1a: Kingambit\n|move|p2a: Necrozma|Dragon Dance|p2a: Necrozma\n|-boost|p2a: Necrozma|atk|1\n|-boost|p2a: Necrozma|spe|1\n|\n|upkeep\n|turn|10\n|\n|t:|1700666009\n|move|p1a: Kingambit|Sucker Punch|p2a: Necrozma\n|-supereffective|p2a: Necrozma\n|-damage|p2a: Necrozma|0 fnt\n|faint|p2a: Necrozma\n|\n|upkeep\n|\n|t:|1700666014\n|switch|p2a: Yveltal|Yveltal, shiny|100\/100\n|-ability|p2a: Yveltal|Dark Aura\n|turn|11\n|\n|t:|1700666029\n|move|p1a: Kingambit|Sucker Punch|p2a: Yveltal\n|-resisted|p2a: Yveltal\n|-damage|p2a: Yveltal|38\/100\n|move|p2a: Yveltal|Foul Play|p1a: Kingambit\n|-resisted|p1a: Kingambit\n|-damage|p1a: Kingambit|4\/100\n|\n|upkeep\n|turn|12\n|\n|t:|1700666038\n|move|p2a: Yveltal|Sucker Punch|p1a: Kingambit\n|-resisted|p1a: Kingambit\n|-damage|p1a: Kingambit|0 fnt\n|faint|p1a: Kingambit\n|-end|p1a: Kingambit|fallen1|[silent]\n|\n|upkeep\n|\n|t:|1700666051\n|switch|p1a: Kyurem|Kyurem-White|100\/100\n|-ability|p1a: Kyurem|Turboblaze\n|turn|13\n|\n|t:|1700666057\n|switch|p2a: Arceus|Arceus-Electric|100\/100\n|move|p1a: Kyurem|Ice Beam|p2a: Arceus\n|-damage|p2a: Arceus|34\/100\n|\n|upkeep\n|turn|14\n|\n|t:|1700666068\n|move|p2a: Arceus|Ice Beam|p1a: Kyurem\n|-damage|p1a: Kyurem|71\/100\n|move|p1a: Kyurem|Ice Beam|p2a: Arceus\n|-damage|p2a: Arceus|0 fnt\n|faint|p2a: Arceus\n|\n|upkeep\n|-message|UN BEUG forfeited.\n|\n|win|85792195wwww\n|raw|85792195wwww's rating: 1631 &rarr; <strong>1646<\/strong><br \/>(+15 for winning)\n|raw|UN BEUG's rating: 1538 &rarr; <strong>1523<\/strong><br \/>(-15 for losing)\n|l|\u2606UN BEUG\n","uploadtime":1700666086,"views":0,"p1id":"85792195wwww","p2id":"unbeug","formatid":"gen9nationaldexubers","rating":1523,"private":0,"password":""}