{"id":"gen9nationaldexubers-1987185235","p1":"ReeeeSquad123","p2":"astralclash97","format":"[Gen 9] National Dex Ubers","log":"|j|\u2606ReeeeSquad123\n|j|\u2606astralclash97\n|t:|1699563293\n|gametype|singles\n|player|p1|ReeeeSquad123|hilbert-wonderlauncher|1136\n|player|p2|astralclash97|marlon|1193\n|teamsize|p1|6\n|teamsize|p2|6\n|gen|9\n|tier|[Gen 9] National Dex Ubers\n|rated|\n|rule|HP Percentage Mod: HP is shown in percentages\n|rule|Endless Battle Clause: Forcing endless battles is banned\n|rule|OHKO Clause: OHKO moves are banned\n|rule|Evasion Moves Clause: Evasion moves are banned\n|rule|Evasion Items Clause: Evasion items are banned\n|rule|Species Clause: Limit one of each Pok\u00e9mon\n|rule|Sleep Clause Mod: Limit one foe put to sleep\n|rule|Mega Rayquaza Clause: You cannot mega evolve Rayquaza\n|clearpoke\n|poke|p1|Darmanitan-Galar, M|\n|poke|p1|Ribombee, F|\n|poke|p1|Xurkitree|\n|poke|p1|Marshadow|\n|poke|p1|Clefable, F|\n|poke|p1|Mewtwo|\n|poke|p2|Kyurem-White|\n|poke|p2|Marshadow|\n|poke|p2|Smeargle, F|\n|poke|p2|Lucario, F|\n|poke|p2|Arceus|\n|poke|p2|Deoxys-Speed|\n|teampreview\n|inactive|Battle timer is ON: inactive players will automatically lose when time's up. (requested by ReeeeSquad123)\n|\n|t:|1699563303\n|start\n|switch|p1a: Ribombee|Ribombee, F|100\/100\n|switch|p2a: Alien|Deoxys-Speed|100\/100\n|-ability|p2a: Alien|Pressure\n|turn|1\n|\n|t:|1699563319\n|move|p2a: Alien|Stealth Rock|p1a: Ribombee\n|-sidestart|p1: ReeeeSquad123|move: Stealth Rock\n|move|p1a: Ribombee|Sticky Web|p2a: Alien\n|-sidestart|p2: astralclash97|move: Sticky Web\n|\n|upkeep\n|turn|2\n|\n|t:|1699563326\n|move|p2a: Alien|Thunder Wave|p1a: Ribombee\n|-status|p1a: Ribombee|par\n|cant|p1a: Ribombee|par\n|\n|upkeep\n|turn|3\n|\n|t:|1699563339\n|move|p2a: Alien|Psycho Boost|p1a: Ribombee\n|-damage|p1a: Ribombee|31\/100 par\n|-unboost|p2a: Alien|spa|2\n|move|p1a: Ribombee|Stun Spore|p2a: Alien\n|-status|p2a: Alien|par\n|\n|upkeep\n|turn|4\n|\n|t:|1699563352\n|cant|p1a: Ribombee|par\n|move|p2a: Alien|Teleport|p2a: Alien\n|\n|t:|1699563359\n|switch|p2a: God|Arceus|100\/100|[from] Teleport\n|-activate|p2a: God|move: Sticky Web\n|-unboost|p2a: God|spe|1\n|\n|upkeep\n|turn|5\n|\n|t:|1699563366\n|move|p1a: Ribombee|Stun Spore|p2a: God\n|-status|p2a: God|par\n|cant|p2a: God|par\n|\n|upkeep\n|turn|6\n|\n|t:|1699563375\n|move|p1a: Ribombee|Moonblast|p2a: God\n|-damage|p2a: God|81\/100 par\n|cant|p2a: God|par\n|\n|upkeep\n|turn|7\n|\n|t:|1699563388\n|cant|p1a: Ribombee|par\n|cant|p2a: God|par\n|\n|upkeep\n|turn|8\n|\n|t:|1699563400\n|cant|p1a: Ribombee|par\n|move|p2a: God|Swords Dance|p2a: God\n|-boost|p2a: God|atk|2\n|\n|upkeep\n|turn|9\n|\n|t:|1699563410\n|cant|p2a: God|par\n|cant|p1a: Ribombee|par\n|\n|upkeep\n|turn|10\n|\n|t:|1699563417\n|cant|p2a: God|par\n|cant|p1a: Ribombee|par\n|\n|upkeep\n|turn|11\n|\n|t:|1699563445\n|move|p2a: God|Extreme Speed|p1a: Ribombee\n|-damage|p1a: Ribombee|0 fnt\n|faint|p1a: Ribombee\n|\n|upkeep\n|inactive|ReeeeSquad123 has 120 seconds left.\n|\n|t:|1699563456\n|switch|p1a: Clefable|Clefable, F|100\/100\n|-damage|p1a: Clefable|88\/100|[from] Stealth Rock\n|turn|12\n|\n|t:|1699563464\n|cant|p2a: God|par\n|move|p1a: Clefable|Moonblast|p2a: God\n|-damage|p2a: God|59\/100 par\n|-unboost|p2a: God|spa|1\n|\n|-heal|p1a: Clefable|94\/100|[from] item: Leftovers\n|upkeep\n|turn|13\n|\n|t:|1699563471\n|move|p2a: God|Extreme Speed|p1a: Clefable\n|-damage|p1a: Clefable|63\/100\n|move|p1a: Clefable|Psychic|p2a: God\n|-damage|p2a: God|45\/100 par\n|\n|-heal|p1a: Clefable|69\/100|[from] item: Leftovers\n|upkeep\n|turn|14\n|\n|t:|1699563486\n|move|p1a: Clefable|Soft-Boiled|p1a: Clefable\n|-heal|p1a: Clefable|100\/100\n|move|p2a: God|Healing Wish|p2a: God\n|faint|p2a: God\n|\n|upkeep\n|\n|t:|1699563492\n|switch|p2a: Alien|Deoxys-Speed|100\/100 par\n|-heal|p2a: Alien|100\/100|[from] move: Healing Wish\n|-activate|p2a: Alien|move: Sticky Web\n|-unboost|p2a: Alien|spe|1\n|-ability|p2a: Alien|Pressure\n|turn|15\n|inactive|ReeeeSquad123 has 120 seconds left.\n|\n|t:|1699563531\n|move|p2a: Alien|Psycho Boost|p1a: Clefable\n|-damage|p1a: Clefable|53\/100\n|-unboost|p2a: Alien|spa|2\n|move|p1a: Clefable|Calm Mind|p1a: Clefable\n|-boost|p1a: Clefable|spa|1\n|-boost|p1a: Clefable|spd|1\n|\n|-heal|p1a: Clefable|59\/100|[from] item: Leftovers\n|upkeep\n|turn|16\n|inactive|ReeeeSquad123 has 120 seconds left.\n|\n|t:|1699563542\n|switch|p2a: Bluey|Lucario, F|100\/100\n|-activate|p2a: Bluey|move: Sticky Web\n|-unboost|p2a: Bluey|spe|1\n|move|p1a: Clefable|Calm Mind|p1a: Clefable\n|-boost|p1a: Clefable|spa|1\n|-boost|p1a: Clefable|spd|1\n|\n|-heal|p1a: Clefable|65\/100|[from] item: Leftovers\n|upkeep\n|turn|17\n|inactive|ReeeeSquad123 has 120 seconds left.\n|\n|t:|1699563556\n|detailschange|p2a: Bluey|Lucario-Mega, F\n|-mega|p2a: Bluey|Lucario|Lucarionite\n|move|p2a: Bluey|Swords Dance|p2a: Bluey\n|-boost|p2a: Bluey|atk|2\n|move|p1a: Clefable|Moonblast|p2a: Bluey\n|-crit|p2a: Bluey\n|-damage|p2a: Bluey|0 fnt\n|faint|p2a: Bluey\n|\n|-heal|p1a: Clefable|72\/100|[from] item: Leftovers\n|upkeep\n|\n|t:|1699563568\n|switch|p2a: Art is a weapon|Smeargle, F, shiny|100\/100\n|-activate|p2a: Art is a weapon|move: Sticky Web\n|-unboost|p2a: Art is a weapon|spe|1\n|turn|18\n|\n|t:|1699563580\n|move|p2a: Art is a weapon|Astral Barrage|p1a: Clefable\n|-damage|p1a: Clefable|68\/100\n|move|p1a: Clefable|Moonblast|p2a: Art is a weapon\n|-enditem|p2a: Art is a weapon|Focus Sash\n|-damage|p2a: Art is a weapon|1\/100\n|\n|-heal|p1a: Clefable|74\/100|[from] item: Leftovers\n|-ability|p2a: Art is a weapon|Moody|boost\n|-boost|p2a: Art is a weapon|spa|2\n|-unboost|p2a: Art is a weapon|spd|1\n|upkeep\n|turn|19\n|\n|t:|1699563594\n|move|p2a: Art is a weapon|Glacial Lance|p1a: Clefable\n|-damage|p1a: Clefable|60\/100\n|move|p1a: Clefable|Moonblast|p2a: Art is a weapon\n|-damage|p2a: Art is a weapon|0 fnt\n|faint|p2a: Art is a weapon\n|\n|-heal|p1a: Clefable|66\/100|[from] item: Leftovers\n|upkeep\n|-message|astralclash97 forfeited.\n|\n|win|ReeeeSquad123\n|raw|ReeeeSquad123's rating: 1136 &rarr; <strong>1165<\/strong><br \/>(+29 for winning)\n|raw|astralclash97's rating: 1193 &rarr; <strong>1164<\/strong><br \/>(-29 for losing)\n|l|\u2606astralclash97\n","uploadtime":1699563804,"views":11,"p1id":"reeeesquad123","p2id":"astralclash97","formatid":"gen9nationaldexubers","rating":1164,"private":0,"password":""}