{"id":"gen9nationaldexubers-1985221434","p1":"siummmette","p2":"Obito 2001","format":"[Gen 9] National Dex Ubers","log":"|j|\u2606siummmette\n|j|\u2606Obito 2001\n|t:|1699351039\n|gametype|singles\n|player|p1|siummmette|colress|1623\n|player|p2|Obito 2001|blue-gen3two|1887\n|teamsize|p1|6\n|teamsize|p2|6\n|gen|9\n|tier|[Gen 9] National Dex Ubers\n|rated|\n|rule|HP Percentage Mod: HP is shown in percentages\n|rule|Endless Battle Clause: Forcing endless battles is banned\n|rule|OHKO Clause: OHKO moves are banned\n|rule|Evasion Moves Clause: Evasion moves are banned\n|rule|Evasion Items Clause: Evasion items are banned\n|rule|Species Clause: Limit one of each Pok\u00e9mon\n|rule|Sleep Clause Mod: Limit one foe put to sleep\n|rule|Mega Rayquaza Clause: You cannot mega evolve Rayquaza\n|clearpoke\n|poke|p1|Deoxys-Speed|\n|poke|p1|Xerneas-*|\n|poke|p1|Blaziken, M|\n|poke|p1|Necrozma-Dusk-Mane|\n|poke|p1|Arceus|\n|poke|p1|Kyogre|\n|poke|p2|Arceus-Dark|\n|poke|p2|Dondozo, F|\n|poke|p2|Magearna|\n|poke|p2|Ditto|\n|poke|p2|Zygarde|\n|poke|p2|Necrozma-Dusk-Mane|\n|teampreview\n|inactive|Battle timer is ON: inactive players will automatically lose when time's up. (requested by siummmette)\n|inactive|Obito 2001 also wants the timer to be on.\n|\n|t:|1699351049\n|start\n|switch|p1a: Deoxys|Deoxys-Speed|100\/100\n|switch|p2a: Necrozma|Necrozma-Dusk-Mane|100\/100\n|-ability|p1a: Deoxys|Pressure\n|turn|1\n|\n|t:|1699351062\n|move|p1a: Deoxys|Stealth Rock|p2a: Necrozma\n|-sidestart|p2: Obito 2001|move: Stealth Rock\n|move|p2a: Necrozma|Photon Geyser|p1a: Deoxys\n|-resisted|p1a: Deoxys\n|-damage|p1a: Deoxys|72\/100\n|\n|upkeep\n|turn|2\n|\n|t:|1699351066\n|move|p1a: Deoxys|Spikes|p2a: Necrozma\n|-sidestart|p2: Obito 2001|Spikes\n|move|p2a: Necrozma|Stealth Rock|p1a: Deoxys\n|-sidestart|p1: siummmette|move: Stealth Rock\n|\n|upkeep\n|turn|3\n|\n|t:|1699351075\n|detailschange|p2a: Necrozma|Necrozma-Ultra\n|-burst|p2a: Necrozma|Necrozma|Ultranecrozium Z\n|move|p1a: Deoxys|Spikes|p2a: Necrozma\n|-sidestart|p2: Obito 2001|Spikes\n|move|p2a: Necrozma|Dragon Pulse|p1a: Deoxys\n|-damage|p1a: Deoxys|11\/100\n|\n|upkeep\n|turn|4\n|\n|t:|1699351085\n|move|p1a: Deoxys|Skill Swap|p2a: Necrozma\n|-activate|p1a: Deoxys|move: Skill Swap|Neuroforce|Pressure|[of] p2a: Necrozma\n|-ability|p2a: Necrozma|Pressure\n|move|p2a: Necrozma|Dragon Pulse|p1a: Deoxys\n|-damage|p1a: Deoxys|0 fnt\n|faint|p1a: Deoxys\n|\n|upkeep\n|\n|t:|1699351104\n|switch|p1a: Arceus|Arceus|100\/100\n|-damage|p1a: Arceus|88\/100|[from] Stealth Rock\n|turn|5\n|\n|t:|1699351110\n|switch|p2a: Dondozo|Dondozo, F|100\/100\n|-damage|p2a: Dondozo|88\/100|[from] Stealth Rock\n|-damage|p2a: Dondozo|71\/100|[from] Spikes\n|move|p1a: Arceus|Swords Dance|p1a: Arceus\n|-boost|p1a: Arceus|atk|2\n|\n|-heal|p2a: Dondozo|77\/100|[from] item: Leftovers\n|upkeep\n|turn|6\n|\n|t:|1699351124\n|switch|p1a: Kyogre|Kyogre|100\/100\n|-damage|p1a: Kyogre|88\/100|[from] Stealth Rock\n|detailschange|p1a: Kyogre|Kyogre-Primal\n|-primal|p1a: Kyogre|Blue Orb\n|-weather|PrimordialSea|[from] ability: Primordial Sea|[of] p1a: Kyogre\n|move|p2a: Dondozo|Body Press|p1a: Kyogre\n|-crit|p1a: Kyogre\n|-damage|p1a: Kyogre|50\/100\n|\n|-weather|PrimordialSea|[upkeep]\n|-heal|p2a: Dondozo|84\/100|[from] item: Leftovers\n|upkeep\n|turn|7\n|\n|t:|1699351135\n|switch|p2a: Necrozma|Necrozma-Ultra|100\/100\n|-damage|p2a: Necrozma|88\/100|[from] Stealth Rock\n|-damage|p2a: Necrozma|71\/100|[from] Spikes\n|move|p1a: Kyogre|Thunder|p2a: Necrozma\n|-resisted|p2a: Necrozma\n|-damage|p2a: Necrozma|45\/100\n|-status|p2a: Necrozma|par\n|\n|-weather|PrimordialSea|[upkeep]\n|upkeep\n|turn|8\n|\n|t:|1699351143\n|cant|p2a: Necrozma|par\n|move|p1a: Kyogre|Ice Beam|p2a: Necrozma\n|-supereffective|p2a: Necrozma\n|-damage|p2a: Necrozma|0 fnt\n|faint|p2a: Necrozma\n|\n|-weather|PrimordialSea|[upkeep]\n|upkeep\n|\n|t:|1699351153\n|switch|p2a: Ditto|Ditto, shiny|100\/100\n|-damage|p2a: Ditto|88\/100|[from] Stealth Rock\n|-damage|p2a: Ditto|71\/100|[from] Spikes\n|-transform|p2a: Ditto|p1a: Kyogre|[from] ability: Imposter\n|turn|9\n|\n|t:|1699351156\n|move|p2a: Ditto|Thunder|p1a: Kyogre\n|-supereffective|p1a: Kyogre\n|-damage|p1a: Kyogre|0 fnt\n|faint|p1a: Kyogre\n|\n|-weather|PrimordialSea|[upkeep]\n|upkeep\n|\n|t:|1699351180\n|switch|p1a: Arceus|Arceus|88\/100\n|-damage|p1a: Arceus|76\/100|[from] Stealth Rock\n|turn|10\n|\n|t:|1699351185\n|-weather|none\n|switch|p2a: Dondozo|Dondozo, F|84\/100\n|-damage|p2a: Dondozo|71\/100|[from] Stealth Rock\n|-damage|p2a: Dondozo|54\/100|[from] Spikes\n|move|p1a: Arceus|Swords Dance|p1a: Arceus\n|-boost|p1a: Arceus|atk|2\n|\n|-heal|p2a: Dondozo|61\/100|[from] item: Leftovers\n|upkeep\n|turn|11\n|\n|t:|1699351191\n|-terastallize|p1a: Arceus|Normal\n|move|p1a: Arceus|Extreme Speed|p2a: Dondozo\n|-damage|p2a: Dondozo|36\/100\n|move|p2a: Dondozo|Rest|p2a: Dondozo\n|-status|p2a: Dondozo|slp|[from] move: Rest\n|-heal|p2a: Dondozo|100\/100 slp|[silent]\n|\n|upkeep\n|turn|12\n|\n|t:|1699351201\n|switch|p1a: Xerneas|Xerneas|100\/100\n|-damage|p1a: Xerneas|88\/100|[from] Stealth Rock\n|-ability|p1a: Xerneas|Fairy Aura\n|cant|p2a: Dondozo|slp\n|\n|upkeep\n|turn|13\n|\n|t:|1699351211\n|switch|p2a: Magearna|Magearna|100\/100\n|-damage|p2a: Magearna|94\/100|[from] Stealth Rock\n|-damage|p2a: Magearna|78\/100|[from] Spikes\n|move|p1a: Xerneas|Substitute|p1a: Xerneas\n|-start|p1a: Xerneas|Substitute\n|-damage|p1a: Xerneas|63\/100\n|\n|upkeep\n|turn|14\n|\n|t:|1699351215\n|move|p1a: Xerneas|Thunderbolt|p2a: Magearna\n|-damage|p2a: Magearna|60\/100\n|move|p2a: Magearna|Heart Swap|p1a: Xerneas\n|-swapboost|p2a: Magearna|p1a: Xerneas|[from] move: Heart Swap\n|\n|upkeep\n|turn|15\n|\n|t:|1699351221\n|move|p1a: Xerneas|Thunderbolt|p2a: Magearna\n|-damage|p2a: Magearna|41\/100\n|move|p2a: Magearna|Fleur Cannon|p1a: Xerneas\n|-end|p1a: Xerneas|Substitute\n|-unboost|p2a: Magearna|spa|2\n|\n|upkeep\n|turn|16\n|\n|t:|1699351231\n|move|p1a: Xerneas|Thunderbolt|p2a: Magearna\n|-damage|p2a: Magearna|20\/100\n|-zpower|p2a: Magearna\n|move|p2a: Magearna|Z-Heal Bell|p2a: Magearna|[anim]Heal Bell\n|-heal|p2a: Magearna|100\/100|[zeffect]\n|-activate|p2a: Magearna|move: Heal Bell\n|-curestatus|p2: Dondozo|slp|[msg]\n|\n|upkeep\n|turn|17\n|\n|t:|1699351239\n|move|p1a: Xerneas|Substitute|p1a: Xerneas\n|-start|p1a: Xerneas|Substitute\n|-damage|p1a: Xerneas|38\/100\n|move|p2a: Magearna|Heart Swap|p1a: Xerneas\n|-swapboost|p2a: Magearna|p1a: Xerneas|[from] move: Heart Swap\n|\n|upkeep\n|turn|18\n|\n|t:|1699351251\n|move|p1a: Xerneas|Geomancy||[still]\n|-prepare|p1a: Xerneas|Geomancy\n|-enditem|p1a: Xerneas|Power Herb\n|-anim|p1a: Xerneas|Geomancy|p1a: Xerneas\n|-boost|p1a: Xerneas|spa|2\n|-boost|p1a: Xerneas|spd|2\n|-boost|p1a: Xerneas|spe|2\n|move|p2a: Magearna|Fleur Cannon|p1a: Xerneas\n|-end|p1a: Xerneas|Substitute\n|-unboost|p2a: Magearna|spa|2\n|\n|upkeep\n|turn|19\n|\n|t:|1699351256\n|move|p1a: Xerneas|Thunderbolt|p2a: Magearna\n|-damage|p2a: Magearna|81\/100\n|move|p2a: Magearna|Heart Swap|p1a: Xerneas\n|-swapboost|p2a: Magearna|p1a: Xerneas|[from] move: Heart Swap\n|\n|upkeep\n|turn|20\n|\n|t:|1699351260\n|move|p2a: Magearna|Fleur Cannon|p1a: Xerneas|[miss]\n|-miss|p2a: Magearna|p1a: Xerneas\n|move|p1a: Xerneas|Thunderbolt|p2a: Magearna\n|-damage|p2a: Magearna|75\/100\n|\n|upkeep\n|turn|21\n|\n|t:|1699351262\n|move|p2a: Magearna|Fleur Cannon|p1a: Xerneas\n|-damage|p1a: Xerneas|0 fnt\n|-unboost|p2a: Magearna|spa|2\n|faint|p1a: Xerneas\n|-ability|p2a: Magearna|Soul-Heart|boost\n|-boost|p2a: Magearna|spa|1\n|\n|upkeep\n|\n|t:|1699351268\n|switch|p1a: Blaziken|Blaziken, M|100\/100\n|-damage|p1a: Blaziken|88\/100|[from] Stealth Rock\n|turn|22\n|\n|t:|1699351274\n|detailschange|p1a: Blaziken|Blaziken-Mega, M\n|-mega|p1a: Blaziken|Blaziken|Blazikenite\n|move|p2a: Magearna|Fleur Cannon|p1a: Blaziken\n|-damage|p1a: Blaziken|37\/100\n|-unboost|p2a: Magearna|spa|2\n|move|p1a: Blaziken|Swords Dance|p1a: Blaziken\n|-boost|p1a: Blaziken|atk|2\n|\n|-ability|p1a: Blaziken|Speed Boost|boost\n|-boost|p1a: Blaziken|spe|1\n|upkeep\n|turn|23\n|\n|t:|1699351283\n|move|p1a: Blaziken|Close Combat|p2a: Magearna\n|-damage|p2a: Magearna|0 fnt\n|-unboost|p1a: Blaziken|def|1\n|-unboost|p1a: Blaziken|spd|1\n|faint|p2a: Magearna\n|\n|-ability|p1a: Blaziken|Speed Boost|boost\n|-boost|p1a: Blaziken|spe|1\n|upkeep\n|\n|t:|1699351286\n|switch|p2a: Ditto|Ditto, shiny|71\/100\n|-damage|p2a: Ditto|59\/100|[from] Stealth Rock\n|-damage|p2a: Ditto|42\/100|[from] Spikes\n|-transform|p2a: Ditto|p1a: Blaziken|[from] ability: Imposter\n|turn|24\n|\n|t:|1699351293\n|move|p2a: Ditto|Close Combat|p1a: Blaziken\n|-damage|p1a: Blaziken|0 fnt\n|-unboost|p2a: Ditto|def|1\n|-unboost|p2a: Ditto|spd|1\n|faint|p1a: Blaziken\n|\n|-ability|p2a: Ditto|Speed Boost|boost\n|-boost|p2a: Ditto|spe|1\n|upkeep\n|\n|t:|1699351297\n|switch|p1a: Arceus|Arceus, tera:Normal|76\/100\n|-damage|p1a: Arceus|63\/100|[from] Stealth Rock\n|turn|25\n|\n|t:|1699351300\n|-terastallize|p2a: Ditto|Ghost\n|move|p1a: Arceus|Extreme Speed|p2a: Ditto\n|-immune|p2a: Ditto\n|move|p2a: Ditto|Close Combat|p1a: Arceus\n|-supereffective|p1a: Arceus\n|-enditem|p1a: Arceus|Chople Berry|[eat]\n|-enditem|p1a: Arceus|Chople Berry|[weaken]\n|-damage|p1a: Arceus|0 fnt\n|-unboost|p2a: Ditto|def|1\n|-unboost|p2a: Ditto|spd|1\n|faint|p1a: Arceus\n|\n|-ability|p2a: Ditto|Speed Boost|boost\n|-boost|p2a: Ditto|spe|1\n|upkeep\n|\n|t:|1699351308\n|switch|p1a: Necrozma|Necrozma-Dusk-Mane|100\/100\n|-damage|p1a: Necrozma|94\/100|[from] Stealth Rock\n|turn|26\n|\n|t:|1699351311\n|move|p2a: Ditto|Close Combat|p1a: Necrozma\n|-damage|p1a: Necrozma|0 fnt\n|-unboost|p2a: Ditto|def|1\n|-unboost|p2a: Ditto|spd|1\n|faint|p1a: Necrozma\n|\n|win|Obito 2001\n|raw|siummmette's rating: 1623 &rarr; <strong>1616<\/strong><br \/>(-7 for losing)\n|raw|Obito 2001's rating: 1887 &rarr; <strong>1894<\/strong><br \/>(+7 for winning)\n|l|\u2606siummmette\n|l|\u2606Obito 2001\n","uploadtime":1699351317,"views":8,"p1id":"siummmette","p2id":"obito2001","formatid":"gen9nationaldexubers","rating":1616,"private":0,"password":""}