{"id":"gen9nationaldexubers-1998391714","p1":"JustMonika_CARR","p2":"ImSilverLike","format":"[Gen 9] National Dex Ubers","log":"|j|\u2606JustMonika_CARR\n|j|\u2606ImSilverLike\n|t:|1700937109\n|gametype|singles\n|player|p1|JustMonika_CARR|rosa|1507\n|player|p2|ImSilverLike|ghetsis-gen5bw|1627\n|teamsize|p1|6\n|teamsize|p2|6\n|gen|9\n|tier|[Gen 9] National Dex Ubers\n|rated|\n|rule|HP Percentage Mod: HP is shown in percentages\n|rule|Endless Battle Clause: Forcing endless battles is banned\n|rule|OHKO Clause: OHKO moves are banned\n|rule|Evasion Moves Clause: Evasion moves are banned\n|rule|Evasion Items Clause: Evasion items are banned\n|rule|Species Clause: Limit one of each Pok\u00e9mon\n|rule|Sleep Clause Mod: Limit one foe put to sleep\n|rule|Mega Rayquaza Clause: You cannot mega evolve Rayquaza\n|clearpoke\n|poke|p1|Marshadow|\n|poke|p1|Pheromosa|\n|poke|p1|Gothitelle, F|\n|poke|p1|Deoxys-Speed|\n|poke|p1|Arceus|\n|poke|p1|Durant, F|\n|poke|p2|Scolipede, F|\n|poke|p2|Eternatus|\n|poke|p2|Groudon|\n|poke|p2|Necrozma-Dusk-Mane|\n|poke|p2|Mewtwo|\n|poke|p2|Ditto|\n|teampreview\n|inactive|Battle timer is ON: inactive players will automatically lose when time's up. (requested by ImSilverLike)\n|\n|t:|1700937118\n|start\n|switch|p1a: Deoxys|Deoxys-Speed, shiny|100\/100\n|switch|p2a: Scolipede|Scolipede, F|100\/100\n|-ability|p1a: Deoxys|Pressure\n|turn|1\n|\n|t:|1700937122\n|move|p1a: Deoxys|Reflect|p1a: Deoxys\n|-sidestart|p1: JustMonika_CARR|Reflect\n|move|p2a: Scolipede|Rock Tomb|p1a: Deoxys\n|-damage|p1a: Deoxys|92\/100\n|-unboost|p1a: Deoxys|spe|1\n|\n|-ability|p2a: Scolipede|Speed Boost|boost\n|-boost|p2a: Scolipede|spe|1\n|upkeep\n|turn|2\n|\n|t:|1700937129\n|move|p2a: Scolipede|Spikes|p1a: Deoxys\n|-sidestart|p1: JustMonika_CARR|Spikes\n|move|p1a: Deoxys|Stealth Rock|p2a: Scolipede\n|-sidestart|p2: ImSilverLike|move: Stealth Rock\n|\n|-ability|p2a: Scolipede|Speed Boost|boost\n|-boost|p2a: Scolipede|spe|1\n|upkeep\n|turn|3\n|\n|t:|1700937139\n|move|p2a: Scolipede|Toxic Spikes|p1a: Deoxys\n|-sidestart|p1: JustMonika_CARR|move: Toxic Spikes\n|move|p1a: Deoxys|Light Screen|p1a: Deoxys\n|-sidestart|p1: JustMonika_CARR|move: Light Screen\n|\n|-ability|p2a: Scolipede|Speed Boost|boost\n|-boost|p2a: Scolipede|spe|1\n|upkeep\n|turn|4\n|\n|t:|1700937154\n|switch|p1a: Arceus|Arceus|100\/100\n|-damage|p1a: Arceus|88\/100|[from] Spikes\n|-status|p1a: Arceus|psn\n|move|p2a: Scolipede|Spikes|p1a: Arceus\n|-sidestart|p1: JustMonika_CARR|Spikes\n|\n|-damage|p1a: Arceus|76\/100 psn|[from] psn\n|-ability|p2a: Scolipede|Speed Boost|boost\n|-boost|p2a: Scolipede|spe|1\n|upkeep\n|turn|5\n|\n|t:|1700937163\n|move|p2a: Scolipede|Spikes|p1a: Arceus\n|-sidestart|p1: JustMonika_CARR|Spikes\n|move|p1a: Arceus|Cosmic Power|p1a: Arceus\n|-boost|p1a: Arceus|def|1\n|-boost|p1a: Arceus|spd|1\n|\n|-damage|p1a: Arceus|63\/100 psn|[from] psn\n|-ability|p2a: Scolipede|Speed Boost|boost\n|-boost|p2a: Scolipede|spe|1\n|upkeep\n|turn|6\n|\n|t:|1700937169\n|move|p2a: Scolipede|Toxic Spikes|p1a: Arceus\n|-sidestart|p1: JustMonika_CARR|move: Toxic Spikes\n|move|p1a: Arceus|Cosmic Power|p1a: Arceus\n|-boost|p1a: Arceus|def|1\n|-boost|p1a: Arceus|spd|1\n|\n|-damage|p1a: Arceus|51\/100 psn|[from] psn\n|-ability|p2a: Scolipede|Speed Boost|boost\n|-boost|p2a: Scolipede|spe|1\n|upkeep\n|turn|7\n|\n|t:|1700937171\n|move|p2a: Scolipede|Rock Tomb|p1a: Arceus\n|-damage|p1a: Arceus|49\/100 psn\n|-unboost|p1a: Arceus|spe|1\n|move|p1a: Arceus|Cosmic Power|p1a: Arceus\n|-boost|p1a: Arceus|def|1\n|-boost|p1a: Arceus|spd|1\n|\n|-damage|p1a: Arceus|37\/100 psn|[from] psn\n|upkeep\n|turn|8\n|\n|t:|1700937174\n|move|p2a: Scolipede|Rock Tomb|p1a: Arceus\n|-damage|p1a: Arceus|35\/100 psn\n|-unboost|p1a: Arceus|spe|1\n|move|p1a: Arceus|Cosmic Power|p1a: Arceus\n|-boost|p1a: Arceus|def|1\n|-boost|p1a: Arceus|spd|1\n|\n|-damage|p1a: Arceus|23\/100 psn|[from] psn\n|-sideend|p1: JustMonika_CARR|Reflect\n|upkeep\n|turn|9\n|\n|t:|1700937182\n|move|p2a: Scolipede|Rock Tomb|p1a: Arceus\n|-damage|p1a: Arceus|20\/100 psn\n|-unboost|p1a: Arceus|spe|1\n|move|p1a: Arceus|Rest|p1a: Arceus\n|-status|p1a: Arceus|slp|[from] move: Rest\n|-heal|p1a: Arceus|100\/100 slp|[silent]\n|-enditem|p1a: Arceus|Chesto Berry|[eat]\n|-curestatus|p1a: Arceus|slp|[msg]\n|\n|upkeep\n|turn|10\n|\n|t:|1700937189\n|move|p2a: Scolipede|Rock Tomb|p1a: Arceus\n|-damage|p1a: Arceus|98\/100\n|-unboost|p1a: Arceus|spe|1\n|move|p1a: Arceus|Cosmic Power|p1a: Arceus\n|-boost|p1a: Arceus|def|1\n|-boost|p1a: Arceus|spd|1\n|\n|-sideend|p1: JustMonika_CARR|move: Light Screen\n|upkeep\n|turn|11\n|\n|t:|1700937191\n|move|p2a: Scolipede|Rock Tomb|p1a: Arceus\n|-damage|p1a: Arceus|95\/100\n|-unboost|p1a: Arceus|spe|1\n|move|p1a: Arceus|Cosmic Power|p1a: Arceus\n|-boost|p1a: Arceus|def|1\n|-boost|p1a: Arceus|spd|1\n|\n|upkeep\n|turn|12\n|\n|t:|1700937194\n|move|p2a: Scolipede|Rock Tomb|p1a: Arceus\n|-damage|p1a: Arceus|93\/100\n|-unboost|p1a: Arceus|spe|1\n|move|p1a: Arceus|Charge Beam|p2a: Scolipede|[miss]\n|-miss|p1a: Arceus|p2a: Scolipede\n|\n|upkeep\n|turn|13\n|\n|t:|1700937213\n|move|p2a: Scolipede|Rock Tomb|p1a: Arceus\n|-damage|p1a: Arceus|91\/100\n|move|p1a: Arceus|Charge Beam|p2a: Scolipede\n|-damage|p2a: Scolipede|81\/100\n|\n|upkeep\n|turn|14\n|\n|t:|1700937220\n|move|p2a: Scolipede|Endeavor|p1a: Arceus\n|-damage|p1a: Arceus|62\/100\n|move|p1a: Arceus|Charge Beam|p2a: Scolipede\n|-damage|p2a: Scolipede|61\/100\n|-boost|p1a: Arceus|spa|1\n|\n|upkeep\n|turn|15\n|\n|t:|1700937226\n|move|p2a: Scolipede|Endeavor|p1a: Arceus\n|-damage|p1a: Arceus|47\/100\n|move|p1a: Arceus|Stored Power|p2a: Scolipede\n|-supereffective|p2a: Scolipede\n|-damage|p2a: Scolipede|0 fnt\n|faint|p2a: Scolipede\n|\n|upkeep\n|\n|t:|1700937231\n|switch|p2a: Ditto|Ditto|100\/100\n|-damage|p2a: Ditto|88\/100|[from] Stealth Rock\n|-transform|p2a: Ditto|p1a: Arceus|[from] ability: Imposter\n|turn|16\n|\n|t:|1700937238\n|move|p2a: Ditto|Stored Power|p1a: Arceus\n|-damage|p1a: Arceus|29\/100\n|move|p1a: Arceus|Rest|p1a: Arceus\n|-status|p1a: Arceus|slp|[from] move: Rest\n|-heal|p1a: Arceus|100\/100 slp|[silent]\n|\n|upkeep\n|turn|17\n|\n|t:|1700937253\n|move|p2a: Ditto|Stored Power|p1a: Arceus\n|-damage|p1a: Arceus|84\/100 slp\n|cant|p1a: Arceus|slp\n|\n|upkeep\n|turn|18\n|\n|t:|1700937256\n|switch|p2a: Mewtwo|Mewtwo|100\/100\n|-damage|p2a: Mewtwo|88\/100|[from] Stealth Rock\n|-ability|p2a: Mewtwo|Pressure\n|cant|p1a: Arceus|slp\n|\n|upkeep\n|turn|19\n|\n|t:|1700937259\n|switch|p2a: Ditto|Ditto|88\/100\n|-damage|p2a: Ditto|76\/100|[from] Stealth Rock\n|-transform|p2a: Ditto|p1a: Arceus|[from] ability: Imposter\n|-curestatus|p1a: Arceus|slp|[msg]\n|move|p1a: Arceus|Charge Beam|p2a: Ditto\n|-damage|p2a: Ditto|72\/100\n|-boost|p1a: Arceus|spa|1\n|\n|upkeep\n|turn|20\n|\n|t:|1700937264\n|move|p2a: Ditto|Stored Power|p1a: Arceus\n|-damage|p1a: Arceus|69\/100\n|move|p1a: Arceus|Charge Beam|p2a: Ditto\n|-damage|p2a: Ditto|66\/100\n|-boost|p1a: Arceus|spa|1\n|\n|upkeep\n|turn|21\n|\n|t:|1700937268\n|move|p2a: Ditto|Stored Power|p1a: Arceus\n|-damage|p1a: Arceus|52\/100\n|move|p1a: Arceus|Stored Power|p2a: Ditto\n|-damage|p2a: Ditto|26\/100\n|\n|upkeep\n|turn|22\n|\n|t:|1700937282\n|move|p2a: Ditto|Stored Power|p1a: Arceus\n|-damage|p1a: Arceus|37\/100\n|move|p1a: Arceus|Stored Power|p2a: Ditto\n|-damage|p2a: Ditto|0 fnt\n|faint|p2a: Ditto\n|\n|upkeep\n|\n|t:|1700937292\n|switch|p2a: Eternatus|Eternatus|100\/100\n|-damage|p2a: Eternatus|88\/100|[from] Stealth Rock\n|-ability|p2a: Eternatus|Pressure\n|turn|23\n|\n|t:|1700937302\n|move|p2a: Eternatus|Dynamax Cannon|p1a: Arceus\n|-damage|p1a: Arceus|29\/100\n|move|p1a: Arceus|Rest|p1a: Arceus\n|-status|p1a: Arceus|slp|[from] move: Rest\n|-heal|p1a: Arceus|100\/100 slp|[silent]\n|\n|upkeep\n|turn|24\n|\n|t:|1700937307\n|move|p2a: Eternatus|Sludge Wave|p1a: Arceus\n|-damage|p1a: Arceus|93\/100 slp\n|cant|p1a: Arceus|slp\n|\n|upkeep\n|turn|25\n|\n|t:|1700937314\n|move|p2a: Eternatus|Dynamax Cannon|p1a: Arceus\n|-damage|p1a: Arceus|83\/100 slp\n|cant|p1a: Arceus|slp\n|\n|upkeep\n|turn|26\n|\n|t:|1700937317\n|move|p2a: Eternatus|Dynamax Cannon|p1a: Arceus\n|-damage|p1a: Arceus|73\/100 slp\n|-curestatus|p1a: Arceus|slp|[msg]\n|move|p1a: Arceus|Stored Power|p2a: Eternatus\n|-supereffective|p2a: Eternatus\n|-damage|p2a: Eternatus|0 fnt\n|faint|p2a: Eternatus\n|\n|upkeep\n|-message|ImSilverLike forfeited.\n|\n|win|JustMonika_CARR\n|raw|JustMonika_CARR's rating: 1507 &rarr; <strong>1534<\/strong><br \/>(+27 for winning)\n|raw|ImSilverLike's rating: 1627 &rarr; <strong>1600<\/strong><br \/>(-27 for losing)\n|l|\u2606ImSilverLike\n","uploadtime":1700937335,"views":2,"p1id":"justmonikacarr","p2id":"imsilverlike","formatid":"gen9nationaldexubers","rating":1534,"private":0,"password":""}