{"id":"gen9nationaldexubers-1977942040","p1":"The False Pariah","p2":"larsonshark","format":"[Gen 9] National Dex Ubers","log":"|j|\u2606The False Pariah\n|j|\u203dlarsonshark\n|t:|1698470126\n|gametype|singles\n|player|p1|The False Pariah|cameraman|1364\n|player|p2|larsonshark|caitlin|1425\n|teamsize|p1|6\n|teamsize|p2|6\n|gen|9\n|tier|[Gen 9] National Dex Ubers\n|rated|\n|rule|HP Percentage Mod: HP is shown in percentages\n|rule|Endless Battle Clause: Forcing endless battles is banned\n|rule|OHKO Clause: OHKO moves are banned\n|rule|Evasion Moves Clause: Evasion moves are banned\n|rule|Evasion Items Clause: Evasion items are banned\n|rule|Species Clause: Limit one of each Pok\u00e9mon\n|rule|Sleep Clause Mod: Limit one foe put to sleep\n|rule|Mega Rayquaza Clause: You cannot mega evolve Rayquaza\n|clearpoke\n|poke|p1|Groudon|\n|poke|p1|Grimmsnarl, M|\n|poke|p1|Garganacl, M|\n|poke|p1|Zacian-*|\n|poke|p1|Kingambit, M|\n|poke|p1|Dondozo, M|\n|poke|p2|Ho-Oh|\n|poke|p2|Kyurem-Black|\n|poke|p2|Marshadow|\n|poke|p2|Pheromosa|\n|poke|p2|Grimmsnarl, M|\n|poke|p2|Necrozma-Dusk-Mane|\n|teampreview\n|inactive|Battle timer is ON: inactive players will automatically lose when time's up. (requested by larsonshark)\n|inactive|The False Pariah also wants the timer to be on.\n|inactive|larsonshark has 120 seconds left.\n|\n|t:|1698470162\n|start\n|switch|p1a: Zacian|Zacian-Crowned, shiny|100\/100\n|switch|p2a: Grimmsnarl|Grimmsnarl, M, shiny|100\/100\n|-ability|p1a: Zacian|Intrepid Sword|boost\n|-boost|p1a: Zacian|atk|1\n|turn|1\n|\n|t:|1698470178\n|move|p2a: Grimmsnarl|Reflect|p2a: Grimmsnarl\n|-sidestart|p2: larsonshark|Reflect\n|move|p1a: Zacian|Play Rough|p2a: Grimmsnarl\n|-supereffective|p2a: Grimmsnarl\n|-damage|p2a: Grimmsnarl|31\/100\n|\n|upkeep\n|turn|2\n|\n|t:|1698470185\n|move|p2a: Grimmsnarl|Parting Shot|p1a: Zacian\n|-unboost|p1a: Zacian|atk|1\n|-unboost|p1a: Zacian|spa|1\n|\n|t:|1698470188\n|switch|p2a: Necrozma|Necrozma-Dusk-Mane|100\/100|[from] Parting Shot\n|move|p1a: Zacian|Swords Dance|p1a: Zacian\n|-boost|p1a: Zacian|atk|2\n|\n|upkeep\n|turn|3\n|\n|t:|1698470194\n|-terastallize|p1a: Zacian|Ground\n|move|p1a: Zacian|Tera Blast|p2a: Necrozma|[anim] Tera Blast Ground\n|-supereffective|p2a: Necrozma\n|-damage|p2a: Necrozma|44\/100\n|move|p2a: Necrozma|Dragon Dance|p2a: Necrozma\n|-boost|p2a: Necrozma|atk|1\n|-boost|p2a: Necrozma|spe|1\n|\n|upkeep\n|turn|4\n|j| 1 em trach thu\n|\n|t:|1698470203\n|move|p1a: Zacian|Tera Blast|p2a: Necrozma|[anim] Tera Blast Ground\n|-supereffective|p2a: Necrozma\n|-damage|p2a: Necrozma|0 fnt\n|faint|p2a: Necrozma\n|\n|upkeep\n|\n|t:|1698470207\n|switch|p2a: Marshadow|Marshadow|100\/100\n|turn|5\n|\n|t:|1698470214\n|switch|p1a: Grimmsnarl|Grimmsnarl, M, shiny|100\/100\n|move|p2a: Marshadow|Spectral Thief|p1a: Grimmsnarl\n|-resisted|p1a: Grimmsnarl\n|-damage|p1a: Grimmsnarl|79\/100\n|\n|upkeep\n|turn|6\n|\n|t:|1698470224\n|switch|p2a: Kyurem|Kyurem-Black|100\/100\n|-ability|p2a: Kyurem|Teravolt\n|move|p1a: Grimmsnarl|Reflect|p1a: Grimmsnarl\n|-sidestart|p1: The False Pariah|Reflect\n|\n|upkeep\n|turn|7\n|c|\u2606The False Pariah|nob :v\n|\n|t:|1698470231\n|move|p1a: Grimmsnarl|Taunt|p2a: Kyurem\n|-start|p2a: Kyurem|move: Taunt\n|cant|p2a: Kyurem|move: Taunt|Dragon Dance\n|\n|upkeep\n|turn|8\n|\n|t:|1698470236\n|switch|p2a: Pheromosa|Pheromosa|100\/100\n|move|p1a: Grimmsnarl|Light Screen|p1a: Grimmsnarl\n|-sidestart|p1: The False Pariah|move: Light Screen\n|\n|-sideend|p2: larsonshark|Reflect\n|upkeep\n|turn|9\n|\n|t:|1698470242\n|move|p1a: Grimmsnarl|Taunt|p2a: Pheromosa\n|-start|p2a: Pheromosa|move: Taunt\n|move|p2a: Pheromosa|Triple Axel|p1a: Grimmsnarl\n|-damage|p1a: Grimmsnarl|76\/100\n|-damage|p1a: Grimmsnarl|68\/100\n|-damage|p1a: Grimmsnarl|57\/100\n|-hitcount|p1a: Grimmsnarl|3\n|\n|upkeep\n|turn|10\n|\n|t:|1698470252\n|switch|p2a: Ho-Oh|Ho-Oh|100\/100\n|move|p1a: Grimmsnarl|Parting Shot|p2a: Ho-Oh\n|-unboost|p2a: Ho-Oh|atk|1\n|-unboost|p2a: Ho-Oh|spa|1\n|c|\u2606The False Pariah|silly nob :v\n|\n|t:|1698470258\n|switch|p1a: Dondozo|Dondozo, M|100\/100|[from] Parting Shot\n|\n|upkeep\n|turn|11\n|\n|t:|1698470266\n|move|p2a: Ho-Oh|Toxic|p1a: Dondozo\n|-status|p1a: Dondozo|tox\n|move|p1a: Dondozo|Curse|p1a: Dondozo\n|-unboost|p1a: Dondozo|spe|1\n|-boost|p1a: Dondozo|atk|1\n|-boost|p1a: Dondozo|def|1\n|\n|-damage|p1a: Dondozo|94\/100 tox|[from] psn\n|upkeep\n|turn|12\n|\n|t:|1698470270\n|switch|p2a: Grimmsnarl|Grimmsnarl, M, shiny|31\/100\n|move|p1a: Dondozo|Liquidation|p2a: Grimmsnarl\n|-damage|p2a: Grimmsnarl|0 fnt\n|faint|p2a: Grimmsnarl\n|\n|-heal|p1a: Dondozo|100\/100 tox|[from] item: Leftovers\n|-damage|p1a: Dondozo|88\/100 tox|[from] psn\n|upkeep\n|\n|t:|1698470274\n|switch|p2a: Kyurem|Kyurem-Black|100\/100\n|-ability|p2a: Kyurem|Teravolt\n|turn|13\n|\n|t:|1698470278\n|move|p2a: Kyurem|Dragon Dance|p2a: Kyurem\n|-boost|p2a: Kyurem|atk|1\n|-boost|p2a: Kyurem|spe|1\n|move|p1a: Dondozo|Liquidation|p2a: Kyurem\n|-resisted|p2a: Kyurem\n|-damage|p2a: Kyurem|81\/100\n|\n|-heal|p1a: Dondozo|94\/100 tox|[from] item: Leftovers\n|-damage|p1a: Dondozo|76\/100 tox|[from] psn\n|-sideend|p1: The False Pariah|Reflect\n|upkeep\n|turn|14\n|\n|t:|1698470287\n|switch|p1a: BONE|Groudon|100\/100\n|detailschange|p1a: BONE|Groudon-Primal\n|-primal|p1a: BONE|Red Orb\n|-weather|DesolateLand|[from] ability: Desolate Land|[of] p1a: BONE\n|move|p2a: Kyurem|Fusion Bolt|p1a: BONE\n|-immune|p1a: BONE\n|\n|-weather|DesolateLand|[upkeep]\n|upkeep\n|turn|15\n|\n|t:|1698470292\n|move|p2a: Kyurem|Icicle Spear|p1a: BONE\n|-damage|p1a: BONE|84\/100\n|-damage|p1a: BONE|65\/100\n|-damage|p1a: BONE|48\/100\n|-damage|p1a: BONE|30\/100\n|-crit|p1a: BONE\n|-damage|p1a: BONE|3\/100\n|-hitcount|p1a: BONE|5\n|move|p1a: BONE|Heat Crash|p2a: Kyurem\n|-crit|p2a: Kyurem\n|-damage|p2a: Kyurem|0 fnt\n|faint|p2a: Kyurem\n|\n|-weather|DesolateLand|[upkeep]\n|-sideend|p1: The False Pariah|move: Light Screen\n|upkeep\n|c|\u2606The False Pariah|stupid kyurem users\n|\n|t:|1698470297\n|switch|p2a: Pheromosa|Pheromosa|100\/100\n|turn|16\n|c|\u2606The False Pariah|die\n|c|\u2606The False Pariah|foryour actions\n|c|\u2606The False Pariah|die\n|c|\u2606The False Pariah|for even using that\n|c|\u2606The False Pariah|low tier garbage\n|\n|t:|1698470309\n|-weather|none\n|switch|p1a: Dondozo|Dondozo, M|76\/100 tox\n|move|p2a: Pheromosa|Drill Run|p1a: Dondozo\n|-damage|p1a: Dondozo|60\/100 tox\n|\n|-heal|p1a: Dondozo|66\/100 tox|[from] item: Leftovers\n|-damage|p1a: Dondozo|60\/100 tox|[from] psn\n|upkeep\n|turn|17\n|c|\u2606The False Pariah|oh\n|inactive|larsonshark has 120 seconds left.\n|c|\u2606The False Pariah|muted are we\n|\n|t:|1698470343\n|move|p2a: Pheromosa|Close Combat|p1a: Dondozo\n|-damage|p1a: Dondozo|24\/100 tox\n|-unboost|p2a: Pheromosa|def|1\n|-unboost|p2a: Pheromosa|spd|1\n|move|p1a: Dondozo|Liquidation|p2a: Pheromosa\n|-damage|p2a: Pheromosa|26\/100\n|\n|-heal|p1a: Dondozo|30\/100 tox|[from] item: Leftovers\n|-damage|p1a: Dondozo|18\/100 tox|[from] psn\n|upkeep\n|turn|18\n|c|\u2606The False Pariah|wanna talk so bad dont we\n|c|\u2606The False Pariah|awww\n|c|\u2606The False Pariah|poor baby\n|inactive|larsonshark has 120 seconds left.\n|\n|t:|1698470357\n|switch|p1a: Grimmsnarl|Grimmsnarl, M, shiny|57\/100\n|move|p2a: Pheromosa|Close Combat|p1a: Grimmsnarl\n|-damage|p1a: Grimmsnarl|0 fnt\n|-unboost|p2a: Pheromosa|def|1\n|-unboost|p2a: Pheromosa|spd|1\n|faint|p1a: Grimmsnarl\n|-ability|p2a: Pheromosa|Beast Boost|boost\n|-boost|p2a: Pheromosa|atk|1\n|\n|upkeep\n|\n|t:|1698470371\n|switch|p1a: Kingambit|Kingambit, M|100\/100\n|-activate|p1a: Kingambit|ability: Supreme Overlord\n|-start|p1a: Kingambit|fallen1|[silent]\n|turn|19\n|\n|t:|1698470376\n|switch|p2a: Ho-Oh|Ho-Oh|100\/100\n|move|p1a: Kingambit|Sucker Punch||[still]\n|-fail|p1a: Kingambit\n|\n|upkeep\n|turn|20\n|\n|t:|1698470381\n|-end|p1a: Kingambit|fallen1|[silent]\n|switch|p1a: BONE|Groudon-Primal|3\/100\n|-weather|DesolateLand|[from] ability: Desolate Land|[of] p1a: BONE\n|move|p2a: Ho-Oh|Sacred Fire|p1a: BONE\n|-resisted|p1a: BONE\n|-damage|p1a: BONE|0 fnt\n|faint|p1a: BONE\n|-weather|none\n|\n|upkeep\n|\n|t:|1698470384\n|switch|p1a: Zacian|Zacian-Crowned, shiny, tera:Ground|100\/100\n|turn|21\n|\n|t:|1698470390\n|move|p1a: Zacian|Wild Charge|p2a: Ho-Oh\n|-supereffective|p2a: Ho-Oh\n|-damage|p2a: Ho-Oh|54\/100\n|-damage|p1a: Zacian|86\/100|[from] Recoil\n|move|p2a: Ho-Oh|Sacred Fire|p1a: Zacian\n|-damage|p1a: Zacian|42\/100\n|-status|p1a: Zacian|brn\n|\n|-damage|p1a: Zacian|36\/100 brn|[from] brn\n|upkeep\n|turn|22\n|\n|t:|1698470401\n|move|p1a: Zacian|Wild Charge|p2a: Ho-Oh\n|-supereffective|p2a: Ho-Oh\n|-damage|p2a: Ho-Oh|31\/100\n|-damage|p1a: Zacian|29\/100 brn|[from] Recoil\n|move|p2a: Ho-Oh|Sacred Fire|p1a: Zacian\n|-damage|p1a: Zacian|0 fnt\n|faint|p1a: Zacian\n|\n|upkeep\n|\n|t:|1698470404\n|switch|p1a: Guile|Garganacl, M|100\/100\n|turn|23\n|\n|t:|1698470409\n|switch|p2a: Pheromosa|Pheromosa|26\/100\n|move|p1a: Guile|Block|p2a: Pheromosa\n|-activate|p2a: Pheromosa|trapped\n|\n|upkeep\n|turn|24\n|\n|t:|1698470414\n|move|p2a: Pheromosa|Close Combat|p1a: Guile\n|-supereffective|p1a: Guile\n|-damage|p1a: Guile|13\/100\n|-unboost|p2a: Pheromosa|def|1\n|-unboost|p2a: Pheromosa|spd|1\n|move|p1a: Guile|Salt Cure|p2a: Pheromosa\n|-damage|p2a: Pheromosa|0 fnt\n|faint|p2a: Pheromosa\n|\n|-heal|p1a: Guile|19\/100|[from] item: Leftovers\n|upkeep\n|\n|t:|1698470419\n|switch|p2a: Marshadow|Marshadow|100\/100\n|turn|25\n|c|\u2606The False Pariah|no no no\n|\n|t:|1698470424\n|move|p1a: Guile|Protect|p1a: Guile\n|-singleturn|p1a: Guile|Protect\n|move|p2a: Marshadow|Drain Punch|p1a: Guile\n|-activate|p1a: Guile|move: Protect\n|\n|-heal|p1a: Guile|26\/100|[from] item: Leftovers\n|upkeep\n|turn|26\n|\n|t:|1698470428\n|move|p2a: Marshadow|Drain Punch|p1a: Guile\n|-supereffective|p1a: Guile\n|-damage|p1a: Guile|0 fnt\n|faint|p1a: Guile\n|\n|upkeep\n|\n|t:|1698470432\n|switch|p1a: Dondozo|Dondozo, M|18\/100 tox\n|turn|27\n|\n|t:|1698470436\n|move|p2a: Marshadow|Spectral Thief|p1a: Dondozo\n|-damage|p1a: Dondozo|0 fnt\n|faint|p1a: Dondozo\n|\n|upkeep\n|\n|t:|1698470438\n|switch|p1a: Kingambit|Kingambit, M|100\/100\n|-activate|p1a: Kingambit|ability: Supreme Overlord\n|-start|p1a: Kingambit|fallen5|[silent]\n|turn|28\n|\n|t:|1698470445\n|move|p1a: Kingambit|Sucker Punch|p2a: Marshadow\n|-damage|p2a: Marshadow|6\/100\n|-damage|p1a: Kingambit|91\/100|[from] item: Life Orb\n|move|p2a: Marshadow|Drain Punch|p1a: Kingambit\n|-supereffective|p1a: Kingambit\n|-damage|p1a: Kingambit|0 fnt\n|-heal|p2a: Marshadow|54\/100|[from] drain|[of] p1a: Kingambit\n|faint|p1a: Kingambit\n|-end|p1a: Kingambit|fallen5|[silent]\n|\n|win|larsonshark\n|raw|The False Pariah's rating: 1364 &rarr; <strong>1347<\/strong><br \/>(-17 for losing)\n|raw|larsonshark's rating: 1425 &rarr; <strong>1442<\/strong><br \/>(+17 for winning)\n|c|\u2606The False Pariah|oh skeaa\n|c|\u2606The False Pariah|naoooo\n|c|\u2606The False Pariah|naoooo xdddd\n|c|\u2606The False Pariah|naooo\n|c|\u2606The False Pariah|i lost xddd\n|c|\u2606The False Pariah|noob\n|c|\u2606The False Pariah|rematch\n|l|\u2606The False Pariah\n","uploadtime":1698470485,"views":10,"p1id":"thefalsepariah","p2id":"larsonshark","formatid":"gen9nationaldexubers","rating":1347,"private":0,"password":""}