{"id":"gen9nationaldexubers-1994923036","p1":"NoobTrap69","p2":"700club","format":"[Gen 9] National Dex Ubers","log":"|j|\u2606NoobTrap69\n|j|\u2606700club\n|t:|1700505011\n|gametype|singles\n|player|p1|NoobTrap69|hugh|1383\n|player|p2|700club|shadowtriad|1392\n|teamsize|p1|6\n|teamsize|p2|6\n|gen|9\n|tier|[Gen 9] National Dex Ubers\n|rated|\n|rule|HP Percentage Mod: HP is shown in percentages\n|rule|Endless Battle Clause: Forcing endless battles is banned\n|rule|OHKO Clause: OHKO moves are banned\n|rule|Evasion Moves Clause: Evasion moves are banned\n|rule|Evasion Items Clause: Evasion items are banned\n|rule|Species Clause: Limit one of each Pok\u00e9mon\n|rule|Sleep Clause Mod: Limit one foe put to sleep\n|rule|Mega Rayquaza Clause: You cannot mega evolve Rayquaza\n|clearpoke\n|poke|p1|Solgaleo|\n|poke|p1|Naganadel|\n|poke|p1|Genesect|\n|poke|p1|Yveltal|\n|poke|p1|Ho-Oh|\n|poke|p1|Rayquaza|\n|poke|p2|Ogerpon-Hearthflame, F|\n|poke|p2|Ditto|\n|poke|p2|Shuckle, F|\n|poke|p2|Mewtwo|\n|poke|p2|Necrozma-Dusk-Mane|\n|poke|p2|Zacian-*|\n|teampreview\n|c|\u2606700club|hi\n|inactive|Battle timer is ON: inactive players will automatically lose when time's up. (requested by NoobTrap69)\n|\n|t:|1700505032\n|start\n|switch|p1a: Solgaleo|Solgaleo|100\/100\n|switch|p2a: Mewtwo|Mewtwo|100\/100\n|-ability|p2a: Mewtwo|Unnerve\n|turn|1\n|c|\u2606NoobTrap69|hello\n|\n|t:|1700505040\n|detailschange|p2a: Mewtwo|Mewtwo-Mega-Y\n|-mega|p2a: Mewtwo|Mewtwo|Mewtwonite Y\n|move|p2a: Mewtwo|Fire Blast|p1a: Solgaleo\n|-supereffective|p1a: Solgaleo\n|-damage|p1a: Solgaleo|0 fnt\n|faint|p1a: Solgaleo\n|\n|upkeep\n|\n|t:|1700505045\n|switch|p1a: Yveltal|Yveltal|100\/100\n|-ability|p1a: Yveltal|Dark Aura\n|turn|2\n|\n|t:|1700505053\n|move|p2a: Mewtwo|Ice Beam|p1a: Yveltal\n|-supereffective|p1a: Yveltal\n|-damage|p1a: Yveltal|41\/100\n|move|p1a: Yveltal|Foul Play|p2a: Mewtwo\n|-supereffective|p2a: Mewtwo\n|-damage|p2a: Mewtwo|0 fnt\n|faint|p2a: Mewtwo\n|\n|upkeep\n|\n|t:|1700505074\n|switch|p2a: Ogerpon|Ogerpon-Hearthflame, F|100\/100\n|-ability|p2a: Ogerpon|Mold Breaker\n|turn|3\n|inactive|700club has 120 seconds left.\n|\n|t:|1700505102\n|switch|p1a: Ho-Oh|Ho-Oh|100\/100\n|-terastallize|p2a: Ogerpon|Fire\n|detailschange|p2a: Ogerpon|Ogerpon-Hearthflame-Tera, F, tera:Fire\n|-ability|p2a: Ogerpon|Embody Aspect (Hearthflame)|boost\n|-boost|p2a: Ogerpon|atk|1\n|move|p2a: Ogerpon|Ivy Cudgel|p1a: Ho-Oh|[anim] Ivy Cudgel Fire\n|-resisted|p1a: Ho-Oh\n|-damage|p1a: Ho-Oh|67\/100\n|\n|upkeep\n|turn|4\n|inactive|700club has 120 seconds left.\n|\n|t:|1700505133\n|switch|p2a: Zacian|Zacian|100\/100\n|-ability|p2a: Zacian|Intrepid Sword|boost\n|-boost|p2a: Zacian|atk|1\n|move|p1a: Ho-Oh|Whirlwind|p2a: Zacian\n|drag|p2a: Ditto|Ditto|100\/100\n|-transform|p2a: Ditto|p1a: Ho-Oh|[from] ability: Imposter\n|\n|upkeep\n|turn|5\n|\n|t:|1700505146\n|switch|p2a: Zacian|Zacian|100\/100\n|switch|p1a: Genesect|Genesect, shiny|100\/100\n|-ability|p1a: Genesect|Download|boost\n|-boost|p1a: Genesect|atk|1\n|\n|upkeep\n|turn|6\n|inactive|700club has 90 seconds left.\n|\n|t:|1700505183\n|move|p2a: Zacian|Close Combat|p1a: Genesect\n|-damage|p1a: Genesect|30\/100\n|-unboost|p2a: Zacian|def|1\n|-unboost|p2a: Zacian|spd|1\n|move|p1a: Genesect|Shift Gear|p1a: Genesect\n|-boost|p1a: Genesect|spe|2\n|-boost|p1a: Genesect|atk|1\n|\n|upkeep\n|turn|7\n|\n|t:|1700505193\n|move|p1a: Genesect|Blaze Kick|p2a: Zacian\n|-damage|p2a: Zacian|9\/100\n|move|p2a: Zacian|Close Combat|p1a: Genesect\n|-damage|p1a: Genesect|0 fnt\n|-unboost|p2a: Zacian|def|1\n|-unboost|p2a: Zacian|spd|1\n|faint|p1a: Genesect\n|\n|upkeep\n|-message|NoobTrap69 forfeited.\n|\n|win|700club\n|raw|NoobTrap69's rating: 1383 &rarr; <strong>1364<\/strong><br \/>(-19 for losing)\n|raw|700club's rating: 1392 &rarr; <strong>1411<\/strong><br \/>(+19 for winning)\n|l|\u2606NoobTrap69\n","uploadtime":1700505212,"views":4,"p1id":"noobtrap69","p2id":"700club","formatid":"gen9nationaldexubers","rating":1364,"private":0,"password":""}