{"id":"gen9nationaldexubers-1982558946","p1":"The power of ROCK","p2":"Bathroom43_ BTH","format":"[Gen 9] National Dex Ubers","log":"|j|\u2606The power of ROCK\n|j|\u2606Bathroom43_ BTH\n|t:|1699025490\n|gametype|singles\n|player|p1|The power of ROCK|roark|1540\n|player|p2|Bathroom43_ BTH|red|1466\n|teamsize|p1|6\n|teamsize|p2|6\n|gen|9\n|tier|[Gen 9] National Dex Ubers\n|rated|\n|rule|HP Percentage Mod: HP is shown in percentages\n|rule|Endless Battle Clause: Forcing endless battles is banned\n|rule|OHKO Clause: OHKO moves are banned\n|rule|Evasion Moves Clause: Evasion moves are banned\n|rule|Evasion Items Clause: Evasion items are banned\n|rule|Species Clause: Limit one of each Pok\u00e9mon\n|rule|Sleep Clause Mod: Limit one foe put to sleep\n|rule|Mega Rayquaza Clause: You cannot mega evolve Rayquaza\n|clearpoke\n|poke|p1|Tyranitar, M|\n|poke|p1|Garganacl, F|\n|poke|p1|Aggron, M|\n|poke|p1|Glimmora, F|\n|poke|p1|Cradily, M|\n|poke|p1|Probopass, L1, M|\n|poke|p2|Genesect|\n|poke|p2|Lugia|\n|poke|p2|Darkrai|\n|poke|p2|Kyogre|\n|poke|p2|Zacian-*|\n|poke|p2|Arceus|\n|teampreview\n|inactive|Battle timer is ON: inactive players will automatically lose when time's up. (requested by Bathroom43_ BTH)\n|\n|t:|1699025500\n|start\n|switch|p1a: Probopass|Probopass, L1, M|100\/100\n|switch|p2a: Kyogre|Kyogre, shiny|100\/100\n|detailschange|p2a: Kyogre|Kyogre-Primal, shiny\n|-primal|p2a: Kyogre|Blue Orb\n|-weather|PrimordialSea|[from] ability: Primordial Sea|[of] p2a: Kyogre\n|turn|1\n|\n|t:|1699025507\n|move|p2a: Kyogre|Origin Pulse|p1a: Probopass|[miss]\n|-miss|p2a: Kyogre|p1a: Probopass\n|move|p1a: Probopass|Pain Split|p2a: Kyogre\n|-sethp|p2a: Kyogre|52\/100|[from] move: Pain Split|[silent]\n|-sethp|p1a: Probopass|100\/100|[from] move: Pain Split\n|\n|-weather|PrimordialSea|[upkeep]\n|upkeep\n|turn|2\n|\n|t:|1699025513\n|move|p2a: Kyogre|Origin Pulse|p1a: Probopass\n|-supereffective|p1a: Probopass\n|-ability|p1a: Probopass|Sturdy\n|-damage|p1a: Probopass|9\/100\n|move|p1a: Probopass|Pain Split|p2a: Kyogre\n|-sethp|p2a: Kyogre|26\/100|[from] move: Pain Split|[silent]\n|-sethp|p1a: Probopass|100\/100|[from] move: Pain Split\n|\n|-weather|PrimordialSea|[upkeep]\n|upkeep\n|turn|3\n|\n|t:|1699025524\n|move|p2a: Kyogre|Thunder|p1a: Probopass\n|-ability|p1a: Probopass|Sturdy\n|-damage|p1a: Probopass|9\/100\n|move|p1a: Probopass|Pain Split|p2a: Kyogre\n|-sethp|p2a: Kyogre|13\/100|[from] move: Pain Split|[silent]\n|-sethp|p1a: Probopass|100\/100|[from] move: Pain Split\n|\n|-weather|PrimordialSea|[upkeep]\n|upkeep\n|turn|4\n|\n|t:|1699025532\n|switch|p1a: Cradily|Cradily, M|100\/100\n|move|p2a: Kyogre|Thunder|p1a: Cradily\n|-resisted|p1a: Cradily\n|-damage|p1a: Cradily|81\/100\n|\n|-weather|PrimordialSea|[upkeep]\n|upkeep\n|turn|5\n|\n|t:|1699025542\n|move|p2a: Kyogre|Origin Pulse|p1a: Cradily\n|-ability|p1a: Cradily|Storm Drain|boost\n|-boost|p1a: Cradily|spa|1\n|move|p1a: Cradily|Infestation|p2a: Kyogre\n|-damage|p2a: Kyogre|11\/100\n|-activate|p2a: Kyogre|move: Infestation|[of] p1a: Cradily\n|\n|-weather|PrimordialSea|[upkeep]\n|-damage|p2a: Kyogre|0 fnt|[from] move: Infestation|[partiallytrapped]\n|faint|p2a: Kyogre\n|-weather|none\n|upkeep\n|\n|t:|1699025555\n|switch|p2a: Zacian|Zacian-Crowned|100\/100\n|-ability|p2a: Zacian|Intrepid Sword|boost\n|-boost|p2a: Zacian|atk|1\n|turn|6\n|\n|t:|1699025564\n|switch|p1a: Glimmora|Glimmora, F|100\/100\n|move|p2a: Zacian|Swords Dance|p2a: Zacian\n|-boost|p2a: Zacian|atk|2\n|\n|upkeep\n|turn|7\n|c|\u2606The power of ROCK|oh no\n|\n|t:|1699025576\n|move|p1a: Glimmora|Earth Power|p2a: Zacian\n|-supereffective|p2a: Zacian\n|-damage|p2a: Zacian|45\/100\n|move|p2a: Zacian|Sacred Sword|p1a: Glimmora\n|-damage|p1a: Glimmora|2\/100\n|-activate|p1a: Glimmora|ability: Toxic Debris\n|-sidestart|p2: Bathroom43_ BTH|move: Toxic Spikes\n|\n|upkeep\n|turn|8\n|c|\u2606The power of ROCK|HOW DID U NOT KILL\n|c|\u2606The power of ROCK|ZACIAN IS WEAK\n|c|\u2606The power of ROCK|LMAO\n|c|\u2606Bathroom43_ BTH|idk\n|\n|t:|1699025599\n|-terastallize|p2a: Zacian|Flying\n|move|p1a: Glimmora|Earth Power|p2a: Zacian\n|-immune|p2a: Zacian\n|move|p2a: Zacian|Sacred Sword|p1a: Glimmora\n|-damage|p1a: Glimmora|0 fnt\n|-activate|p1a: Glimmora|ability: Toxic Debris\n|-sidestart|p2: Bathroom43_ BTH|move: Toxic Spikes\n|faint|p1a: Glimmora\n|\n|upkeep\n|\n|t:|1699025618\n|switch|p1a: Probopass|Probopass, L1, M|100\/100\n|turn|9\n|\n|t:|1699025625\n|move|p2a: Zacian|Sacred Sword|p1a: Probopass\n|-supereffective|p1a: Probopass\n|-ability|p1a: Probopass|Sturdy\n|-damage|p1a: Probopass|9\/100\n|move|p1a: Probopass|Pain Split|p2a: Zacian\n|-sethp|p2a: Zacian|23\/100|[from] move: Pain Split|[silent]\n|-sethp|p1a: Probopass|100\/100|[from] move: Pain Split\n|\n|upkeep\n|turn|10\n|\n|t:|1699025634\n|move|p2a: Zacian|Sacred Sword|p1a: Probopass\n|-supereffective|p1a: Probopass\n|-ability|p1a: Probopass|Sturdy\n|-damage|p1a: Probopass|9\/100\n|move|p1a: Probopass|Pain Split|p2a: Zacian\n|-sethp|p2a: Zacian|12\/100|[from] move: Pain Split|[silent]\n|-sethp|p1a: Probopass|100\/100|[from] move: Pain Split\n|\n|upkeep\n|turn|11\n|\n|t:|1699025644\n|move|p2a: Zacian|Swords Dance|p2a: Zacian\n|-boost|p2a: Zacian|atk|2\n|move|p1a: Probopass|Pain Split|p2a: Zacian\n|-sethp|p2a: Zacian|8\/100|[from] move: Pain Split|[silent]\n|-sethp|p1a: Probopass|100\/100|[from] move: Pain Split\n|\n|upkeep\n|turn|12\n|c|\u2606Bathroom43_ BTH|:(\n|\n|t:|1699025674\n|switch|p2a: Darkrai|Darkrai|100\/100\n|-status|p2a: Darkrai|tox\n|switch|p1a: Cradily|Cradily, M|81\/100\n|\n|-damage|p2a: Darkrai|94\/100 tox|[from] psn\n|upkeep\n|turn|13\n|\n|t:|1699025683\n|switch|p1a: Tyranitar|Tyranitar, M|100\/100\n|-weather|Sandstorm|[from] ability: Sand Stream|[of] p1a: Tyranitar\n|move|p2a: Darkrai|Hypnosis|p1a: Tyranitar|[miss]\n|-miss|p2a: Darkrai|p1a: Tyranitar\n|\n|-weather|Sandstorm|[upkeep]\n|-damage|p2a: Darkrai|88\/100 tox|[from] Sandstorm\n|-damage|p2a: Darkrai|76\/100 tox|[from] psn\n|upkeep\n|turn|14\n|\n|t:|1699025692\n|move|p2a: Darkrai|Hypnosis|p1a: Tyranitar|[miss]\n|-miss|p2a: Darkrai|p1a: Tyranitar\n|move|p1a: Tyranitar|Knock Off|p2a: Darkrai\n|-resisted|p2a: Darkrai\n|-damage|p2a: Darkrai|48\/100 tox\n|-enditem|p2a: Darkrai|Focus Sash|[from] move: Knock Off|[of] p1a: Tyranitar\n|\n|-weather|Sandstorm|[upkeep]\n|-damage|p2a: Darkrai|42\/100 tox|[from] Sandstorm\n|-damage|p2a: Darkrai|24\/100 tox|[from] psn\n|upkeep\n|turn|15\n|\n|t:|1699025702\n|switch|p1a: Garganacl|Garganacl, F|100\/100\n|move|p2a: Darkrai|Hypnosis|p1a: Garganacl\n|-immune|p1a: Garganacl|[from] ability: Purifying Salt\n|\n|-weather|Sandstorm|[upkeep]\n|-damage|p2a: Darkrai|18\/100 tox|[from] Sandstorm\n|-damage|p2a: Darkrai|0 fnt|[from] psn\n|faint|p2a: Darkrai\n|upkeep\n|\n|t:|1699025717\n|switch|p2a: Genesect|Genesect, shiny|100\/100\n|-ability|p2a: Genesect|Download|boost\n|-boost|p2a: Genesect|atk|1\n|turn|16\n|\n|t:|1699025724\n|-terastallize|p1a: Garganacl|Ghost\n|move|p2a: Genesect|Flash Cannon|p1a: Garganacl\n|-damage|p1a: Garganacl|74\/100\n|-enditem|p1a: Garganacl|Maranga Berry|[eat]\n|-boost|p1a: Garganacl|spd|1|[from] item: Maranga Berry\n|move|p1a: Garganacl|Salt Cure|p2a: Genesect\n|-damage|p2a: Genesect|84\/100\n|-start|p2a: Genesect|Salt Cure\n|\n|-weather|Sandstorm|[upkeep]\n|-damage|p1a: Garganacl|67\/100|[from] Sandstorm\n|-damage|p2a: Genesect|59\/100|[from] Salt Cure\n|upkeep\n|turn|17\n|c|\u2606Bathroom43_ BTH|ggwp\n|-message|Bathroom43_ BTH forfeited.\n|\n|win|The power of ROCK\n|raw|The power of ROCK's rating: 1540 &rarr; <strong>1556<\/strong><br \/>(+16 for winning)\n|raw|Bathroom43_ BTH's rating: 1466 &rarr; <strong>1450<\/strong><br \/>(-16 for losing)\n|l|\u2606Bathroom43_ BTH\n|c|\u2606The power of ROCK|GG\n","uploadtime":1699025745,"views":3,"p1id":"thepowerofrock","p2id":"bathroom43bth","formatid":"gen9nationaldexubers","rating":1450,"private":0,"password":""}