{"id":"gen9nationaldexubers-1996989102","p1":"ikealavike","p2":"09-10a","format":"[Gen 9] National Dex Ubers","log":"|j|\u2606ikealavike\n|j|\u260609-10a\n|t:|1700753069\n|gametype|singles\n|player|p1|ikealavike|101|1587\n|player|p2|09-10a|schoolkid-gen4dp|1775\n|teamsize|p1|6\n|teamsize|p2|6\n|gen|9\n|tier|[Gen 9] National Dex Ubers\n|rated|\n|rule|HP Percentage Mod: HP is shown in percentages\n|rule|Endless Battle Clause: Forcing endless battles is banned\n|rule|OHKO Clause: OHKO moves are banned\n|rule|Evasion Moves Clause: Evasion moves are banned\n|rule|Evasion Items Clause: Evasion items are banned\n|rule|Species Clause: Limit one of each Pok\u00e9mon\n|rule|Sleep Clause Mod: Limit one foe put to sleep\n|rule|Mega Rayquaza Clause: You cannot mega evolve Rayquaza\n|clearpoke\n|poke|p1|Chansey, F|\n|poke|p1|Giratina|\n|poke|p1|Ho-Oh|\n|poke|p1|Dondozo, M|\n|poke|p1|Zygarde|\n|poke|p1|Blissey, F|\n|poke|p2|Scolipede, M|\n|poke|p2|Marshadow|\n|poke|p2|Arceus|\n|poke|p2|Kyogre|\n|poke|p2|Necrozma-Dusk-Mane|\n|poke|p2|Zygarde|\n|teampreview\n|inactive|Battle timer is ON: inactive players will automatically lose when time's up. (requested by 09-10a)\n|\n|t:|1700753077\n|start\n|switch|p1a: Infantry|Zygarde|100\/100\n|switch|p2a: Scolipede|Scolipede, M, shiny|100\/100\n|turn|1\n|\n|t:|1700753082\n|move|p2a: Scolipede|Toxic Spikes|p1a: Infantry\n|-sidestart|p1: ikealavike|move: Toxic Spikes\n|move|p1a: Infantry|Coil|p1a: Infantry\n|-boost|p1a: Infantry|atk|1\n|-boost|p1a: Infantry|def|1\n|-boost|p1a: Infantry|accuracy|1\n|\n|-ability|p2a: Scolipede|Speed Boost|boost\n|-boost|p2a: Scolipede|spe|1\n|upkeep\n|turn|2\n|\n|t:|1700753089\n|move|p2a: Scolipede|Spikes|p1a: Infantry\n|-sidestart|p1: ikealavike|Spikes\n|move|p1a: Infantry|Dragon Tail|p2a: Scolipede\n|-crit|p2a: Scolipede\n|-damage|p2a: Scolipede|5\/100\n|drag|p2a: Necrozma|Necrozma-Dusk-Mane, shiny|100\/100\n|\n|upkeep\n|turn|3\n|\n|t:|1700753096\n|switch|p2a: Scolipede|Scolipede, M, shiny|5\/100\n|move|p1a: Infantry|Dragon Tail|p2a: Scolipede\n|-damage|p2a: Scolipede|0 fnt\n|faint|p2a: Scolipede\n|\n|upkeep\n|\n|t:|1700753099\n|switch|p2a: Kyogre|Kyogre, shiny|100\/100\n|detailschange|p2a: Kyogre|Kyogre-Primal, shiny\n|-primal|p2a: Kyogre|Blue Orb\n|-weather|PrimordialSea|[from] ability: Primordial Sea|[of] p2a: Kyogre\n|turn|4\n|\n|t:|1700753106\n|-weather|none\n|switch|p2a: Zygarde|Zygarde|100\/100\n|-terastallize|p1a: Infantry|Steel\n|move|p1a: Infantry|Thousand Arrows|p2a: Zygarde\n|-damage|p2a: Zygarde|55\/100\n|\n|-heal|p2a: Zygarde|61\/100|[from] item: Leftovers\n|upkeep\n|turn|5\n|\n|t:|1700753115\n|move|p2a: Zygarde|Substitute|p2a: Zygarde\n|-start|p2a: Zygarde|Substitute\n|-damage|p2a: Zygarde|36\/100\n|move|p1a: Infantry|Coil|p1a: Infantry\n|-boost|p1a: Infantry|atk|1\n|-boost|p1a: Infantry|def|1\n|-boost|p1a: Infantry|accuracy|1\n|\n|-heal|p2a: Zygarde|42\/100|[from] item: Leftovers\n|-activate|p2a: Zygarde|ability: Power Construct\n|detailschange|p2a: Zygarde|Zygarde-Complete\n|-heal|p2a: Zygarde|64\/100|[silent]\n|upkeep\n|turn|6\n|\n|t:|1700753131\n|move|p1a: Infantry|Thousand Arrows|p2a: Zygarde\n|-end|p2a: Zygarde|Substitute\n|move|p2a: Zygarde|Dragon Tail|p1a: Infantry\n|-resisted|p1a: Infantry\n|-damage|p1a: Infantry|96\/100\n|drag|p1a: Medic|Chansey, F, shiny|100\/100\n|-status|p1a: Medic|psn\n|-damage|p1a: Medic|88\/100 psn|[from] Spikes\n|\n|-heal|p2a: Zygarde|70\/100|[from] item: Leftovers\n|-damage|p1a: Medic|76\/100 psn|[from] psn\n|upkeep\n|turn|7\n|\n|t:|1700753143\n|-curestatus|p1a: Medic|psn|[from] ability: Natural Cure\n|switch|p1a: Tank|Giratina|100\/100\n|-status|p1a: Tank|psn\n|-damage|p1a: Tank|88\/100 psn|[from] Spikes\n|-ability|p1a: Tank|Pressure\n|move|p2a: Zygarde|Dragon Dance|p2a: Zygarde\n|-boost|p2a: Zygarde|atk|1\n|-boost|p2a: Zygarde|spe|1\n|\n|-heal|p2a: Zygarde|76\/100|[from] item: Leftovers\n|-heal|p1a: Tank|94\/100 psn|[from] item: Leftovers\n|-damage|p1a: Tank|82\/100 psn|[from] psn\n|upkeep\n|turn|8\n|\n|t:|1700753161\n|move|p1a: Tank|Defog|p2a: Zygarde\n|-unboost|p2a: Zygarde|evasion|1\n|-sideend|p1: ikealavike|Spikes|[from] move: Defog|[of] p1a: Tank\n|-sideend|p1: ikealavike|Toxic Spikes|[from] move: Defog|[of] p1a: Tank\n|move|p2a: Zygarde|Dragon Tail|p1a: Tank\n|-supereffective|p1a: Tank\n|-damage|p1a: Tank|50\/100 psn\n|drag|p1a: Infantry|Zygarde, tera:Steel|96\/100\n|\n|-heal|p2a: Zygarde|83\/100|[from] item: Leftovers\n|-heal|p1a: Infantry|100\/100|[from] item: Leftovers\n|upkeep\n|turn|9\n|\n|t:|1700753170\n|move|p2a: Zygarde|Substitute|p2a: Zygarde\n|-start|p2a: Zygarde|Substitute\n|-damage|p2a: Zygarde|58\/100\n|move|p1a: Infantry|Dragon Tail|p2a: Zygarde\n|-supereffective|p2a: Zygarde\n|-end|p2a: Zygarde|Substitute\n|\n|-heal|p2a: Zygarde|64\/100|[from] item: Leftovers\n|upkeep\n|turn|10\n|\n|t:|1700753177\n|move|p1a: Infantry|Extreme Speed|p2a: Zygarde\n|-damage|p2a: Zygarde|53\/100\n|move|p2a: Zygarde|Dragon Tail|p1a: Infantry\n|-resisted|p1a: Infantry\n|-damage|p1a: Infantry|86\/100\n|drag|p1a: Tank|Giratina|50\/100 psn\n|-ability|p1a: Tank|Pressure\n|\n|-heal|p2a: Zygarde|59\/100|[from] item: Leftovers\n|-heal|p1a: Tank|56\/100 psn|[from] item: Leftovers\n|-damage|p1a: Tank|43\/100 psn|[from] psn\n|upkeep\n|turn|11\n|\n|t:|1700753193\n|move|p2a: Zygarde|Substitute|p2a: Zygarde\n|-start|p2a: Zygarde|Substitute\n|-damage|p2a: Zygarde|34\/100\n|move|p1a: Tank|Will-O-Wisp||[still]\n|-fail|p1a: Tank\n|\n|-heal|p2a: Zygarde|40\/100|[from] item: Leftovers\n|-heal|p1a: Tank|49\/100 psn|[from] item: Leftovers\n|-damage|p1a: Tank|37\/100 psn|[from] psn\n|upkeep\n|turn|12\n|\n|t:|1700753202\n|switch|p1a: Medic|Chansey, F, shiny|76\/100\n|move|p2a: Zygarde|Dragon Tail|p1a: Medic\n|-damage|p1a: Medic|51\/100\n|drag|p1a: Infantry|Zygarde, tera:Steel|86\/100\n|\n|-heal|p2a: Zygarde|46\/100|[from] item: Leftovers\n|-heal|p1a: Infantry|93\/100|[from] item: Leftovers\n|upkeep\n|turn|13\n|\n|t:|1700753211\n|move|p2a: Zygarde|Dragon Dance|p2a: Zygarde\n|-boost|p2a: Zygarde|atk|1\n|-boost|p2a: Zygarde|spe|1\n|move|p1a: Infantry|Dragon Tail|p2a: Zygarde\n|-supereffective|p2a: Zygarde\n|-end|p2a: Zygarde|Substitute\n|\n|-heal|p2a: Zygarde|53\/100|[from] item: Leftovers\n|-heal|p1a: Infantry|99\/100|[from] item: Leftovers\n|upkeep\n|turn|14\n|\n|t:|1700753220\n|move|p2a: Zygarde|Thousand Arrows|p1a: Infantry\n|-supereffective|p1a: Infantry\n|-damage|p1a: Infantry|0 fnt\n|faint|p1a: Infantry\n|\n|-heal|p2a: Zygarde|59\/100|[from] item: Leftovers\n|upkeep\n|\n|t:|1700753225\n|switch|p1a: Armored vehicle|Dondozo, M|100\/100\n|turn|15\n|\n|t:|1700753231\n|move|p2a: Zygarde|Substitute|p2a: Zygarde\n|-start|p2a: Zygarde|Substitute\n|-damage|p2a: Zygarde|34\/100\n|move|p1a: Armored vehicle|Curse|p1a: Armored vehicle\n|-unboost|p1a: Armored vehicle|spe|1\n|-boost|p1a: Armored vehicle|atk|1\n|-boost|p1a: Armored vehicle|def|1\n|\n|-heal|p2a: Zygarde|40\/100|[from] item: Leftovers\n|upkeep\n|turn|16\n|\n|t:|1700753239\n|move|p1a: Armored vehicle|Body Press|p2a: Zygarde\n|-activate|p2a: Zygarde|move: Substitute|[damage]\n|move|p2a: Zygarde|Dragon Tail|p1a: Armored vehicle\n|-crit|p1a: Armored vehicle\n|-damage|p1a: Armored vehicle|82\/100\n|drag|p1a: Tank|Giratina|37\/100 psn\n|-ability|p1a: Tank|Pressure\n|\n|-heal|p2a: Zygarde|46\/100|[from] item: Leftovers\n|-heal|p1a: Tank|43\/100 psn|[from] item: Leftovers\n|-damage|p1a: Tank|30\/100 psn|[from] psn\n|upkeep\n|turn|17\n|\n|t:|1700753250\n|move|p2a: Zygarde|Thousand Arrows|p1a: Tank\n|-damage|p1a: Tank|0 fnt\n|faint|p1a: Tank\n|\n|-heal|p2a: Zygarde|53\/100|[from] item: Leftovers\n|upkeep\n|\n|t:|1700753256\n|switch|p1a: Special Ops|Ho-Oh|100\/100\n|turn|18\n|-message|ikealavike forfeited.\n|\n|win|09-10a\n|raw|ikealavike's rating: 1587 &rarr; <strong>1577<\/strong><br \/>(-10 for losing)\n|raw|09-10a's rating: 1775 &rarr; <strong>1785<\/strong><br \/>(+10 for winning)\n|l|\u2606ikealavike\n","uploadtime":1700753290,"views":0,"p1id":"ikealavike","p2id":"0910a","formatid":"gen9nationaldexubers","rating":1577,"private":0,"password":""}