{"id":"gen9nationaldexubers-2000439106","p1":"Tiny Rhino","p2":"emmaloubibbityboo","format":"[Gen 9] National Dex Ubers","log":"|j|\u2606Tiny Rhino\n|j|\u2606emmaloubibbityboo\n|t:|1701194896\n|gametype|singles\n|player|p1|Tiny Rhino|265|\n|player|p2|emmaloubibbityboo|hilda|\n|teamsize|p1|4\n|teamsize|p2|4\n|gen|9\n|tier|[Gen 9] National Dex Ubers\n|rule|HP Percentage Mod: HP is shown in percentages\n|rule|Endless Battle Clause: Forcing endless battles is banned\n|rule|OHKO Clause: OHKO moves are banned\n|rule|Evasion Moves Clause: Evasion moves are banned\n|rule|Evasion Items Clause: Evasion items are banned\n|rule|Species Clause: Limit one of each Pok\u00e9mon\n|rule|Sleep Clause Mod: Limit one foe put to sleep\n|rule|Mega Rayquaza Clause: You cannot mega evolve Rayquaza\n|clearpoke\n|poke|p1|Stoutland, M|\n|poke|p1|Rattata, L1, F|\n|poke|p1|Cramorant, F|\n|poke|p1|Maractus, M|\n|poke|p2|Absol, M|\n|poke|p2|Steelix, M|\n|poke|p2|Klefki, F|\n|poke|p2|Grafaiai, F|\n|teampreview\n|c|\u2606Tiny Rhino|gl hf\n|c|\u2606emmaloubibbityboo|gl hf\n|\n|t:|1701194927\n|start\n|switch|p1a: Fear Me|Rattata, L1, F|100\/100\n|switch|p2a: Group Hug|Absol, M|100\/100\n|turn|1\n|\n|t:|1701194939\n|move|p2a: Group Hug|Punishment|p1a: Fear Me\n|-enditem|p1a: Fear Me|Focus Sash\n|-damage|p1a: Fear Me|10\/100\n|move|p1a: Fear Me|Endeavor|p2a: Group Hug\n|-damage|p2a: Group Hug|1\/100\n|\n|upkeep\n|turn|2\n|\n|t:|1701194952\n|move|p2a: Group Hug|Sucker Punch|p1a: Fear Me\n|-damage|p1a: Fear Me|0 fnt\n|faint|p1a: Fear Me\n|\n|upkeep\n|c|\u2606Tiny Rhino|noo\n|c|\u2606Tiny Rhino|lol\n|c|\u2606emmaloubibbityboo|muahahahaha\n|\n|t:|1701194961\n|switch|p1a: Thcrapth|Stoutland, M|100\/100\n|turn|3\n|\n|t:|1701194970\n|move|p2a: Group Hug|Sucker Punch|p1a: Thcrapth\n|-damage|p1a: Thcrapth|62\/100\n|move|p1a: Thcrapth|Pursuit|p2a: Group Hug\n|-resisted|p2a: Group Hug\n|-damage|p2a: Group Hug|0 fnt\n|faint|p2a: Group Hug\n|\n|upkeep\n|\n|t:|1701194979\n|switch|p2a: Severus Snape|Steelix, M, shiny|100\/100\n|turn|4\n|\n|t:|1701194989\n|switch|p1a: :cram: on sports|Cramorant, F|100\/100\n|detailschange|p2a: Severus Snape|Steelix-Mega, M, shiny\n|-mega|p2a: Severus Snape|Steelix|Steelixite\n|move|p2a: Severus Snape|Curse|p2a: Severus Snape\n|-unboost|p2a: Severus Snape|spe|1\n|-boost|p2a: Severus Snape|atk|1\n|-boost|p2a: Severus Snape|def|1\n|\n|upkeep\n|turn|5\n|\n|t:|1701195002\n|switch|p1a: I'm Trying|Maractus, M|100\/100\n|move|p2a: Severus Snape|Stone Edge|p1a: I'm Trying\n|-damage|p1a: I'm Trying|11\/100\n|\n|upkeep\n|turn|6\n|\n|t:|1701195020\n|move|p1a: I'm Trying|Endeavor|p2a: Severus Snape\n|-damage|p2a: Severus Snape|10\/100\n|move|p2a: Severus Snape|Body Press|p1a: I'm Trying\n|-damage|p1a: I'm Trying|0 fnt\n|faint|p1a: I'm Trying\n|\n|upkeep\n|\n|t:|1701195029\n|switch|p1a: :cram: on sports|Cramorant, F|100\/100\n|turn|7\n|\n|t:|1701195035\n|move|p1a: :cram: on sports|Surf|p2a: Severus Snape\n|-formechange|p1a: :cram: on sports|Cramorant-Gulping|\n|-supereffective|p2a: Severus Snape\n|-damage|p2a: Severus Snape|0 fnt\n|faint|p2a: Severus Snape\n|\n|upkeep\n|\n|t:|1701195043\n|switch|p2a: AverageMOBA Player|Grafaiai, F|100\/100\n|turn|8\n|c|\u2606Tiny Rhino|oh, should say, I'm on my work laptop so don't have discord, so please could you share the replay\n|c|\u2606emmaloubibbityboo|yeah will do\n|c|\u2606Tiny Rhino|ty\n|c|\u2606emmaloubibbityboo|yw\n|\n|t:|1701195089\n|move|p2a: AverageMOBA Player|Toxic|p1a: :cram: on sports\n|-status|p1a: :cram: on sports|tox\n|move|p1a: :cram: on sports|Surf|p2a: AverageMOBA Player\n|-damage|p2a: AverageMOBA Player|45\/100\n|\n|-damage|p1a: :cram: on sports|94\/100 tox|[from] psn\n|upkeep\n|turn|9\n|\n|t:|1701195100\n|move|p2a: AverageMOBA Player|Parting Shot|p1a: :cram: on sports\n|-unboost|p1a: :cram: on sports|atk|1\n|-unboost|p1a: :cram: on sports|spa|1\n|\n|t:|1701195103\n|switch|p2a: ClearlyLevitates|Klefki, F|100\/100|[from] Parting Shot\n|-item|p2a: ClearlyLevitates|Air Balloon\n|move|p1a: :cram: on sports|Surf|p2a: ClearlyLevitates\n|-damage|p2a: ClearlyLevitates|70\/100\n|-enditem|p2a: ClearlyLevitates|Air Balloon\n|\n|-damage|p1a: :cram: on sports|82\/100 tox|[from] psn\n|upkeep\n|turn|10\n|\n|t:|1701195118\n|switch|p1a: Thcrapth|Stoutland, M|62\/100\n|move|p2a: ClearlyLevitates|Dazzling Gleam|p1a: Thcrapth\n|-damage|p1a: Thcrapth|42\/100\n|-item|p2a: ClearlyLevitates|Assault Vest|[from] ability: Magician|[of] p1a: Thcrapth\n|\n|upkeep\n|turn|11\n|c|\u2606Tiny Rhino|oi!\n|\n|t:|1701195130\n|move|p1a: Thcrapth|Stomping Tantrum|p2a: ClearlyLevitates\n|-supereffective|p2a: ClearlyLevitates\n|-damage|p2a: ClearlyLevitates|22\/100\n|move|p2a: ClearlyLevitates|Dazzling Gleam|p1a: Thcrapth\n|-damage|p1a: Thcrapth|12\/100\n|\n|upkeep\n|turn|12\n|c|\u2606emmaloubibbityboo|mine!\n|\n|t:|1701195145\n|move|p1a: Thcrapth|Stomping Tantrum|p2a: ClearlyLevitates\n|-supereffective|p2a: ClearlyLevitates\n|-damage|p2a: ClearlyLevitates|0 fnt\n|faint|p2a: ClearlyLevitates\n|\n|upkeep\n|\n|t:|1701195149\n|switch|p2a: AverageMOBA Player|Grafaiai, F|45\/100\n|turn|13\n|\n|t:|1701195157\n|move|p2a: AverageMOBA Player|Metronome|p2a: AverageMOBA Player\n|move|p2a: AverageMOBA Player|Grass Pledge|p1a: Thcrapth|[from]move: Metronome\n|-damage|p1a: Thcrapth|0 fnt\n|faint|p1a: Thcrapth\n|\n|upkeep\n|\n|t:|1701195160\n|switch|p1a: :cram: on sports|Cramorant, F|82\/100 tox\n|turn|14\n|c|\u2606Tiny Rhino|just don't get metronome thunderbolt\n|c|\u2606emmaloubibbityboo|i think that's my only win-con\n|\n|t:|1701195186\n|move|p2a: AverageMOBA Player|Metronome|p2a: AverageMOBA Player\n|move|p2a: AverageMOBA Player|Aurora Veil||[from]move: Metronome|[still]\n|-fail|p2a: AverageMOBA Player\n|move|p1a: :cram: on sports|Surf|p2a: AverageMOBA Player\n|-formechange|p1a: :cram: on sports|Cramorant-Gulping|\n|-damage|p2a: AverageMOBA Player|0 fnt\n|faint|p2a: AverageMOBA Player\n|\n|win|Tiny Rhino\n|c|\u2606Tiny Rhino|lol\n|c|\u2606emmaloubibbityboo|gg\n|c|\u2606Tiny Rhino|gg\n","uploadtime":1701195196,"views":1,"p1id":"tinyrhino","p2id":"emmaloubibbityboo","formatid":"gen9nationaldexubers","rating":0,"private":0,"password":""}