{"id":"gen9nationaldexubers-1988993728","p1":"wdymthenameisthere","p2":"Anna Ou sksksk","format":"[Gen 9] National Dex Ubers","log":"|j|\u2606wdymthenameisthere\n|j|\u2606Anna Ou sksksk\n|t:|1699799668\n|gametype|singles\n|player|p1|wdymthenameisthere|volkner|1033\n|player|p2|Anna Ou sksksk|beauty|1184\n|teamsize|p1|6\n|teamsize|p2|6\n|gen|9\n|tier|[Gen 9] National Dex Ubers\n|rated|\n|rule|HP Percentage Mod: HP is shown in percentages\n|rule|Endless Battle Clause: Forcing endless battles is banned\n|rule|OHKO Clause: OHKO moves are banned\n|rule|Evasion Moves Clause: Evasion moves are banned\n|rule|Evasion Items Clause: Evasion items are banned\n|rule|Species Clause: Limit one of each Pok\u00e9mon\n|rule|Sleep Clause Mod: Limit one foe put to sleep\n|rule|Mega Rayquaza Clause: You cannot mega evolve Rayquaza\n|clearpoke\n|poke|p1|Dracovish|\n|poke|p1|Aegislash, M|\n|poke|p1|Mewtwo|\n|poke|p1|Regieleki|\n|poke|p1|Gholdengo|\n|poke|p1|Necrozma-Dusk-Mane|\n|poke|p2|Magearna|\n|poke|p2|Pheromosa|\n|poke|p2|Zoroark-Hisui, F|\n|poke|p2|Togedemaru, M|\n|poke|p2|Mewtwo|\n|poke|p2|Brambleghast, M|\n|teampreview\n|inactive|Battle timer is ON: inactive players will automatically lose when time's up. (requested by Anna Ou sksksk)\n|\n|t:|1699799674\n|start\n|switch|p1a: Aegislash|Aegislash, M, shiny|100\/100\n|switch|p2a: Togedemaru|Togedemaru, M|100\/100\n|turn|1\n|\n|t:|1699799681\n|move|p2a: Togedemaru|Nuzzle|p1a: Aegislash\n|-damage|p1a: Aegislash|96\/100\n|-status|p1a: Aegislash|par\n|cant|p1a: Aegislash|par\n|\n|upkeep\n|turn|2\n|\n|t:|1699799691\n|switch|p2a: Brambleghast|Brambleghast, M|100\/100\n|move|p1a: Aegislash|Toxic|p2a: Brambleghast\n|-status|p2a: Brambleghast|tox\n|\n|-damage|p2a: Brambleghast|94\/100 tox|[from] psn\n|upkeep\n|turn|3\n|\n|t:|1699799708\n|switch|p1a: Mewtwo|Mewtwo|100\/100\n|-ability|p1a: Mewtwo|Unnerve\n|move|p2a: Brambleghast|Leech Seed|p1a: Mewtwo\n|-start|p1a: Mewtwo|move: Leech Seed\n|\n|-damage|p1a: Mewtwo|88\/100|[from] Leech Seed|[of] p2a: Brambleghast\n|-heal|p2a: Brambleghast|100\/100 tox|[silent]\n|-damage|p2a: Brambleghast|88\/100 tox|[from] psn\n|upkeep\n|turn|4\n|\n|t:|1699799720\n|detailschange|p1a: Mewtwo|Mewtwo-Mega-Y\n|-mega|p1a: Mewtwo|Mewtwo|Mewtwonite Y\n|move|p1a: Mewtwo|Psystrike|p2a: Brambleghast\n|-damage|p2a: Brambleghast|0 fnt\n|faint|p2a: Brambleghast\n|\n|upkeep\n|\n|t:|1699799728\n|switch|p2a: Pheromosa|Pheromosa|100\/100\n|turn|5\n|\n|t:|1699799732\n|move|p2a: Pheromosa|Throat Chop|p1a: Mewtwo\n|-supereffective|p1a: Mewtwo\n|-damage|p1a: Mewtwo|26\/100\n|-start|p1a: Mewtwo|Throat Chop|[silent]\n|move|p1a: Mewtwo|Teleport|p1a: Mewtwo\n|\n|t:|1699799747\n|switch|p1a: Dracovish|Dracovish|100\/100|[from] Teleport\n|\n|upkeep\n|turn|6\n|\n|t:|1699799754\n|-terastallize|p1a: Dracovish|Water\n|move|p2a: Pheromosa|Close Combat|p1a: Dracovish\n|-damage|p1a: Dracovish|34\/100\n|-unboost|p2a: Pheromosa|def|1\n|-unboost|p2a: Pheromosa|spd|1\n|move|p1a: Dracovish|Fishious Rend|p2a: Pheromosa\n|-damage|p2a: Pheromosa|0 fnt\n|faint|p2a: Pheromosa\n|\n|upkeep\n|\n|t:|1699799758\n|switch|p2a: Togedemaru|Togedemaru, M|100\/100\n|turn|7\n|\n|t:|1699799770\n|switch|p1a: Regieleki|Regieleki, shiny|100\/100\n|move|p2a: Togedemaru|Nuzzle|p1a: Regieleki\n|-resisted|p1a: Regieleki\n|-damage|p1a: Regieleki|94\/100\n|\n|upkeep\n|turn|8\n|\n|t:|1699799779\n|move|p1a: Regieleki|Thunder Cage|p2a: Togedemaru\n|-resisted|p2a: Togedemaru\n|-damage|p2a: Togedemaru|70\/100\n|-activate|p2a: Togedemaru|move: Thunder Cage|[of] p1a: Regieleki\n|move|p2a: Togedemaru|Nuzzle|p1a: Regieleki\n|-resisted|p1a: Regieleki\n|-damage|p1a: Regieleki|87\/100\n|\n|-damage|p2a: Togedemaru|58\/100|[from] move: Thunder Cage|[partiallytrapped]\n|upkeep\n|turn|9\n|\n|t:|1699799788\n|switch|p1a: Gholdengo|Gholdengo|100\/100\n|move|p2a: Togedemaru|Endeavor|p1a: Gholdengo\n|-immune|p1a: Gholdengo\n|\n|-end|p2a: Togedemaru|Thunder Cage|[partiallytrapped]|[silent]\n|upkeep\n|turn|10\n|l|\u2606Anna Ou sksksk\n|inactive|Anna Ou sksksk disconnected and has a minute to reconnect!\n|player|p2|\n|\n|t:|1699799807\n|switch|p1a: Necrozma|Necrozma-Dusk-Mane|100\/100\n|move|p2a: Togedemaru|Nuzzle|p1a: Necrozma\n|-damage|p1a: Necrozma|96\/100\n|-status|p1a: Necrozma|par\n|\n|upkeep\n|turn|11\n|inactive|Anna Ou sksksk has 30 seconds to reconnect!\n|inactive|Anna Ou sksksk has 20 seconds to reconnect!\n|inactive|Anna Ou sksksk has 15 seconds to reconnect!\n|inactive|Anna Ou sksksk has 10 seconds to reconnect!\n|inactive|Anna Ou sksksk has 5 seconds to reconnect!\n|-message|Anna Ou sksksk lost due to inactivity.\n|\n|win|wdymthenameisthere\n|raw|wdymthenameisthere's rating: 1033 &rarr; <strong>1082<\/strong><br \/>(+49 for winning)\n|raw|Anna Ou sksksk's rating: 1184 &rarr; <strong>1149<\/strong><br \/>(-35 for losing)\n","uploadtime":1699799872,"views":7,"p1id":"wdymthenameisthere","p2id":"annaousksksk","formatid":"gen9nationaldexubers","rating":1082,"private":0,"password":""}