{"id":"gen9nationaldexubers-1988126019","p1":"Plasmic Cosmos","p2":"AxeLigh","format":"[Gen 9] National Dex Ubers","log":"|j|\u2606Plasmic Cosmos\n|j|\u2606AxeLigh\n|t:|1699672777\n|gametype|singles\n|player|p1|Plasmic Cosmos|ghetsis|1149\n|player|p2|AxeLigh|266|1049\n|teamsize|p1|6\n|teamsize|p2|6\n|gen|9\n|tier|[Gen 9] National Dex Ubers\n|rated|\n|rule|HP Percentage Mod: HP is shown in percentages\n|rule|Endless Battle Clause: Forcing endless battles is banned\n|rule|OHKO Clause: OHKO moves are banned\n|rule|Evasion Moves Clause: Evasion moves are banned\n|rule|Evasion Items Clause: Evasion items are banned\n|rule|Species Clause: Limit one of each Pok\u00e9mon\n|rule|Sleep Clause Mod: Limit one foe put to sleep\n|rule|Mega Rayquaza Clause: You cannot mega evolve Rayquaza\n|clearpoke\n|poke|p1|Zygarde|\n|poke|p1|Groudon|\n|poke|p1|Ho-Oh|\n|poke|p1|Zacian-*|\n|poke|p1|Arceus-Dark|\n|poke|p1|Kyurem-Black|\n|poke|p2|Alakazam, M|\n|poke|p2|Glimmora, F|\n|poke|p2|Zoroark, F|\n|poke|p2|Ferrothorn, M|\n|poke|p2|Cofagrigus, M|\n|poke|p2|Volcarona, M|\n|teampreview\n|inactive|Battle timer is ON: inactive players will automatically lose when time's up. (requested by Plasmic Cosmos)\n|\n|t:|1699672806\n|start\n|switch|p1a: Groudon|Groudon|100\/100\n|switch|p2a: Glimmora|Glimmora, F|100\/100\n|-item|p2a: Glimmora|Air Balloon\n|detailschange|p1a: Groudon|Groudon-Primal\n|-primal|p1a: Groudon|Red Orb\n|-weather|DesolateLand|[from] ability: Desolate Land|[of] p1a: Groudon\n|turn|1\n|\n|t:|1699672813\n|move|p2a: Glimmora|Dark Pulse|p1a: Groudon\n|-damage|p1a: Groudon|71\/100\n|cant|p1a: Groudon|flinch\n|\n|-weather|DesolateLand|[upkeep]\n|upkeep\n|turn|2\n|\n|t:|1699672818\n|move|p2a: Glimmora|Dark Pulse|p1a: Groudon\n|-damage|p1a: Groudon|41\/100\n|move|p1a: Groudon|Stealth Rock|p2a: Glimmora\n|-sidestart|p2: AxeLigh|move: Stealth Rock\n|\n|-weather|DesolateLand|[upkeep]\n|upkeep\n|turn|3\n|\n|t:|1699672825\n|move|p2a: Glimmora|Dark Pulse|p1a: Groudon\n|-damage|p1a: Groudon|13\/100\n|move|p1a: Groudon|Roar|p2a: Glimmora\n|drag|p2a: Cofagrigus|Cofagrigus, M|100\/100\n|-damage|p2a: Cofagrigus|88\/100|[from] Stealth Rock\n|\n|-weather|DesolateLand|[upkeep]\n|upkeep\n|turn|4\n|\n|t:|1699672842\n|move|p1a: Groudon|Toxic|p2a: Cofagrigus\n|-status|p2a: Cofagrigus|tox\n|move|p2a: Cofagrigus|Trick||[still]\n|-fail|p2a: Cofagrigus\n|\n|-weather|DesolateLand|[upkeep]\n|-damage|p2a: Cofagrigus|82\/100 tox|[from] psn\n|upkeep\n|turn|5\n|\n|t:|1699672854\n|switch|p2a: Glimmora|Glimmora, F|100\/100\n|-damage|p2a: Glimmora|88\/100|[from] Stealth Rock\n|move|p1a: Groudon|Precipice Blades|p2a: Glimmora\n|-supereffective|p2a: Glimmora\n|-damage|p2a: Glimmora|0 fnt\n|-activate|p2a: Glimmora|ability: Toxic Debris\n|-sidestart|p1: Plasmic Cosmos|move: Toxic Spikes\n|faint|p2a: Glimmora\n|\n|-weather|DesolateLand|[upkeep]\n|upkeep\n|\n|t:|1699672861\n|switch|p2a: Alakazam|Alakazam, M|100\/100\n|turn|6\n|\n|t:|1699672866\n|move|p2a: Alakazam|Expanding Force|p1a: Groudon\n|-damage|p1a: Groudon|0 fnt\n|faint|p1a: Groudon\n|-weather|none\n|\n|upkeep\n|\n|t:|1699672876\n|switch|p1a: Zygarde|Zygarde, shiny|100\/100\n|-status|p1a: Zygarde|psn\n|turn|7\n|\n|t:|1699672888\n|move|p2a: Alakazam|Dazzling Gleam|p1a: Zygarde\n|-supereffective|p1a: Zygarde\n|-damage|p1a: Zygarde|29\/100 psn\n|move|p1a: Zygarde|Dragon Dance|p1a: Zygarde\n|-boost|p1a: Zygarde|atk|1\n|-boost|p1a: Zygarde|spe|1\n|\n|-heal|p1a: Zygarde|35\/100 psn|[from] item: Leftovers\n|-damage|p1a: Zygarde|23\/100 psn|[from] psn\n|-activate|p1a: Zygarde|ability: Power Construct\n|detailschange|p1a: Zygarde|Zygarde-Complete, shiny\n|-heal|p1a: Zygarde|51\/100 psn|[silent]\n|upkeep\n|turn|8\n|\n|t:|1699672907\n|move|p2a: Alakazam|Dazzling Gleam|p1a: Zygarde\n|-supereffective|p1a: Zygarde\n|-damage|p1a: Zygarde|4\/100 psn\n|move|p1a: Zygarde|Rest|p1a: Zygarde\n|-status|p1a: Zygarde|slp|[from] move: Rest\n|-heal|p1a: Zygarde|100\/100 slp|[silent]\n|\n|upkeep\n|turn|9\n|\n|t:|1699672919\n|switch|p2a: Volcarona|Volcarona, M|100\/100\n|-damage|p2a: Volcarona|50\/100|[from] Stealth Rock\n|-enditem|p2a: Volcarona|Sitrus Berry|[eat]\n|-heal|p2a: Volcarona|75\/100|[from] item: Sitrus Berry\n|-terastallize|p1a: Zygarde|Fairy\n|cant|p1a: Zygarde|slp\n|\n|upkeep\n|turn|10\n|\n|t:|1699672927\n|move|p2a: Volcarona|Quiver Dance|p2a: Volcarona\n|-boost|p2a: Volcarona|spa|1\n|-boost|p2a: Volcarona|spd|1\n|-boost|p2a: Volcarona|spe|1\n|cant|p1a: Zygarde|slp\n|\n|upkeep\n|turn|11\n|\n|t:|1699672938\n|move|p2a: Volcarona|Fiery Dance|p1a: Zygarde\n|-damage|p1a: Zygarde|62\/100 slp\n|-curestatus|p1a: Zygarde|slp|[msg]\n|move|p1a: Zygarde|Dragon Dance|p1a: Zygarde\n|-boost|p1a: Zygarde|atk|1\n|-boost|p1a: Zygarde|spe|1\n|\n|-heal|p1a: Zygarde|68\/100|[from] item: Leftovers\n|upkeep\n|turn|12\n|\n|t:|1699672946\n|-terastallize|p2a: Volcarona|Bug\n|move|p2a: Volcarona|Fiery Dance|p1a: Zygarde\n|-damage|p1a: Zygarde|29\/100\n|-boost|p2a: Volcarona|spa|1\n|move|p1a: Zygarde|Thousand Arrows|p2a: Volcarona\n|-resisted|p2a: Volcarona\n|-crit|p2a: Volcarona\n|-damage|p2a: Volcarona|0 fnt\n|faint|p2a: Volcarona\n|\n|-heal|p1a: Zygarde|36\/100|[from] item: Leftovers\n|upkeep\n|\n|t:|1699672958\n|switch|p2a: Cofagrigus|Cofagrigus, M|100\/100\n|-damage|p2a: Cofagrigus|88\/100|[from] Stealth Rock\n|-item|p2a: Cofagrigus|Air Balloon\n|turn|13\n|\n|t:|1699672963\n|move|p1a: Zygarde|Thousand Arrows|p2a: Cofagrigus\n|-damage|p2a: Cofagrigus|0 fnt\n|replace|p2a: Zoroark|Zoroark, F\n|-end|p2a: Zoroark|Illusion\n|-enditem|p2a: Zoroark|Air Balloon\n|faint|p2a: Zoroark\n|\n|-heal|p1a: Zygarde|42\/100|[from] item: Leftovers\n|upkeep\n|\n|t:|1699672967\n|switch|p2a: Ferrothorn|Ferrothorn, M|100\/100\n|-damage|p2a: Ferrothorn|94\/100|[from] Stealth Rock\n|turn|14\n|\n|t:|1699672973\n|move|p1a: Zygarde|Dragon Dance|p1a: Zygarde\n|-boost|p1a: Zygarde|atk|1\n|-boost|p1a: Zygarde|spe|1\n|move|p2a: Ferrothorn|Leech Seed|p1a: Zygarde\n|-start|p1a: Zygarde|move: Leech Seed\n|\n|-heal|p1a: Zygarde|48\/100|[from] item: Leftovers\n|-heal|p2a: Ferrothorn|100\/100|[from] item: Leftovers\n|-damage|p1a: Zygarde|36\/100|[from] Leech Seed|[of] p2a: Ferrothorn\n|upkeep\n|turn|15\n|\n|t:|1699672979\n|move|p1a: Zygarde|Thousand Arrows|p2a: Ferrothorn\n|-damage|p2a: Ferrothorn|20\/100\n|move|p2a: Ferrothorn|Poison Jab|p1a: Zygarde\n|-supereffective|p1a: Zygarde\n|-damage|p1a: Zygarde|20\/100\n|\n|-heal|p1a: Zygarde|26\/100|[from] item: Leftovers\n|-heal|p2a: Ferrothorn|26\/100|[from] item: Leftovers\n|-damage|p1a: Zygarde|13\/100|[from] Leech Seed|[of] p2a: Ferrothorn\n|-heal|p2a: Ferrothorn|47\/100|[silent]\n|upkeep\n|turn|16\n|\n|t:|1699672985\n|move|p2a: Ferrothorn|Protect|p2a: Ferrothorn\n|-singleturn|p2a: Ferrothorn|Protect\n|move|p1a: Zygarde|Thousand Arrows|p2a: Ferrothorn\n|-activate|p2a: Ferrothorn|move: Protect\n|\n|-heal|p1a: Zygarde|20\/100|[from] item: Leftovers\n|-heal|p2a: Ferrothorn|54\/100|[from] item: Leftovers\n|-damage|p1a: Zygarde|7\/100|[from] Leech Seed|[of] p2a: Ferrothorn\n|-heal|p2a: Ferrothorn|75\/100|[silent]\n|upkeep\n|turn|17\n|\n|t:|1699672993\n|move|p1a: Zygarde|Thousand Arrows|p2a: Ferrothorn\n|-damage|p2a: Ferrothorn|0 fnt\n|faint|p2a: Ferrothorn\n|\n|-heal|p1a: Zygarde|13\/100|[from] item: Leftovers\n|upkeep\n|\n|t:|1699672998\n|switch|p2a: Cofagrigus|Cofagrigus, M|82\/100 tox\n|-damage|p2a: Cofagrigus|69\/100 tox|[from] Stealth Rock\n|turn|18\n|\n|t:|1699673015\n|move|p1a: Zygarde|Thousand Arrows|p2a: Cofagrigus\n|-damage|p2a: Cofagrigus|8\/100 tox\n|move|p2a: Cofagrigus|Trick|p1a: Zygarde\n|-activate|p2a: Cofagrigus|move: Trick|[of] p1a: Zygarde\n|-item|p1a: Zygarde|Choice Specs|[from] move: Trick\n|-item|p2a: Cofagrigus|Leftovers|[from] move: Trick\n|\n|-heal|p2a: Cofagrigus|14\/100 tox|[from] item: Leftovers\n|-damage|p1a: Zygarde|1\/100|[from] Leech Seed|[of] p2a: Cofagrigus\n|-heal|p2a: Cofagrigus|37\/100 tox|[silent]\n|-damage|p2a: Cofagrigus|31\/100 tox|[from] psn\n|upkeep\n|turn|19\n|\n|t:|1699673027\n|move|p1a: Zygarde|Rest|p1a: Zygarde\n|-status|p1a: Zygarde|slp|[from] move: Rest\n|-heal|p1a: Zygarde|100\/100 slp|[silent]\n|move|p2a: Cofagrigus|Shadow Ball|p1a: Zygarde\n|-damage|p1a: Zygarde|85\/100 slp\n|\n|-heal|p2a: Cofagrigus|37\/100 tox|[from] item: Leftovers\n|-damage|p1a: Zygarde|72\/100 slp|[from] Leech Seed|[of] p2a: Cofagrigus\n|-heal|p2a: Cofagrigus|60\/100 tox|[silent]\n|-damage|p2a: Cofagrigus|48\/100 tox|[from] psn\n|upkeep\n|turn|20\n|\n|t:|1699673044\n|switch|p2a: Alakazam|Alakazam, M|100\/100\n|cant|p1a: Zygarde|slp\n|\n|-damage|p1a: Zygarde|60\/100 slp|[from] Leech Seed|[of] p2a: Alakazam\n|upkeep\n|turn|21\n|\n|t:|1699673047\n|cant|p1a: Zygarde|slp\n|move|p2a: Alakazam|Charge Beam|p1a: Zygarde\n|-crit|p1a: Zygarde\n|-damage|p1a: Zygarde|38\/100 slp\n|\n|-damage|p1a: Zygarde|26\/100 slp|[from] Leech Seed|[of] p2a: Alakazam\n|upkeep\n|turn|22\n|\n|t:|1699673056\n|-curestatus|p1a: Zygarde|slp|[msg]\n|move|p1a: Zygarde|Rest|p1a: Zygarde\n|-status|p1a: Zygarde|slp|[from] move: Rest\n|-heal|p1a: Zygarde|100\/100 slp|[silent]\n|move|p2a: Alakazam|Charge Beam|p1a: Zygarde\n|-damage|p1a: Zygarde|86\/100 slp\n|-boost|p2a: Alakazam|spa|1\n|\n|-damage|p1a: Zygarde|73\/100 slp|[from] Leech Seed|[of] p2a: Alakazam\n|upkeep\n|turn|23\n|\n|t:|1699673069\n|switch|p1a: Ho-Oh|Ho-Oh|100\/100\n|move|p2a: Alakazam|Charge Beam|p1a: Ho-Oh\n|-supereffective|p1a: Ho-Oh\n|-damage|p1a: Ho-Oh|63\/100\n|-boost|p2a: Alakazam|spa|1\n|\n|upkeep\n|turn|24\n|\n|t:|1699673079\n|move|p2a: Alakazam|Expanding Force|p1a: Ho-Oh\n|-damage|p1a: Ho-Oh|2\/100\n|move|p1a: Ho-Oh|Whirlwind|p2a: Alakazam\n|drag|p2a: Cofagrigus|Cofagrigus, M|48\/100 tox\n|-damage|p2a: Cofagrigus|35\/100 tox|[from] Stealth Rock\n|\n|-heal|p2a: Cofagrigus|42\/100 tox|[from] item: Leftovers\n|-damage|p2a: Cofagrigus|35\/100 tox|[from] psn\n|upkeep\n|turn|25\n|\n|t:|1699673088\n|switch|p1a: Arceus|Arceus-Dark|100\/100\n|-status|p1a: Arceus|psn\n|move|p2a: Cofagrigus|Shadow Ball|p1a: Arceus\n|-resisted|p1a: Arceus\n|-damage|p1a: Arceus|92\/100 psn\n|\n|-heal|p2a: Cofagrigus|42\/100 tox|[from] item: Leftovers\n|-damage|p1a: Arceus|79\/100 psn|[from] psn\n|-damage|p2a: Cofagrigus|29\/100 tox|[from] psn\n|upkeep\n|turn|26\n|\n|t:|1699673101\n|move|p1a: Arceus|Judgment|p2a: Cofagrigus\n|-supereffective|p2a: Cofagrigus\n|-damage|p2a: Cofagrigus|0 fnt\n|faint|p2a: Cofagrigus\n|\n|-damage|p1a: Arceus|67\/100 psn|[from] psn\n|upkeep\n|\n|t:|1699673107\n|switch|p2a: Alakazam|Alakazam, M|100\/100\n|turn|27\n|\n|t:|1699673114\n|move|p2a: Alakazam|Dazzling Gleam|p1a: Arceus\n|-supereffective|p1a: Arceus\n|-damage|p1a: Arceus|16\/100 psn\n|move|p1a: Arceus|Judgment|p2a: Alakazam\n|-supereffective|p2a: Alakazam\n|-damage|p2a: Alakazam|0 fnt\n|faint|p2a: Alakazam\n|\n|win|Plasmic Cosmos\n|raw|Plasmic Cosmos's rating: 1149 &rarr; <strong>1167<\/strong><br \/>(+18 for winning)\n|raw|AxeLigh's rating: 1049 &rarr; <strong>1037<\/strong><br \/>(-12 for losing)\n|l|\u2606AxeLigh\n","uploadtime":1699673120,"views":5,"p1id":"plasmiccosmos","p2id":"axeligh","formatid":"gen9nationaldexubers","rating":1037,"private":0,"password":""}