{"id":"gen9nationaldexubers-1981130013","p1":"NeonPickle","p2":"Casey Rae","format":"[Gen 9] National Dex Ubers","log":"|j|\u2606NeonPickle\n|j|\u2606Casey Rae\n|t:|1698865951\n|gametype|singles\n|player|p1|NeonPickle|2|1047\n|player|p2|Casey Rae|backersf|1081\n|teamsize|p1|6\n|teamsize|p2|6\n|gen|9\n|tier|[Gen 9] National Dex Ubers\n|rated|\n|rule|HP Percentage Mod: HP is shown in percentages\n|rule|Endless Battle Clause: Forcing endless battles is banned\n|rule|OHKO Clause: OHKO moves are banned\n|rule|Evasion Moves Clause: Evasion moves are banned\n|rule|Evasion Items Clause: Evasion items are banned\n|rule|Species Clause: Limit one of each Pok\u00e9mon\n|rule|Sleep Clause Mod: Limit one foe put to sleep\n|rule|Mega Rayquaza Clause: You cannot mega evolve Rayquaza\n|clearpoke\n|poke|p1|Serperior, F|\n|poke|p1|Ninetales, F|\n|poke|p1|Heliolisk, F|\n|poke|p1|Heatran, F|\n|poke|p1|Baxcalibur, M|\n|poke|p1|Medicham, M|\n|poke|p2|Wobbuffet, M|\n|poke|p2|Mimikyu, F|\n|poke|p2|Yanmega, M|\n|poke|p2|Dustox, F|\n|poke|p2|Gourgeist-*, M|\n|poke|p2|Seviper, F|\n|teampreview\n|\n|t:|1698865974\n|start\n|switch|p1a: Ninetales|Ninetales, F|100\/100\n|switch|p2a: Dustox|Dustox, F|100\/100\n|-weather|SunnyDay|[from] ability: Drought|[of] p1a: Ninetales\n|turn|1\n|\n|t:|1698865982\n|switch|p2a: Wobbuffet|Wobbuffet, M|100\/100\n|move|p1a: Ninetales|Weather Ball|p2a: Wobbuffet\n|-damage|p2a: Wobbuffet|67\/100\n|\n|-weather|SunnyDay|[upkeep]\n|-heal|p2a: Wobbuffet|73\/100|[from] item: Leftovers\n|upkeep\n|turn|2\n|\n|t:|1698866000\n|move|p1a: Ninetales|Dark Pulse|p2a: Wobbuffet\n|-supereffective|p2a: Wobbuffet\n|-crit|p2a: Wobbuffet\n|-damage|p2a: Wobbuffet|36\/100\n|cant|p2a: Wobbuffet|flinch\n|\n|-weather|SunnyDay|[upkeep]\n|-heal|p2a: Wobbuffet|43\/100|[from] item: Leftovers\n|upkeep\n|turn|3\n|\n|t:|1698866012\n|-terastallize|p1a: Ninetales|Fire\n|move|p1a: Ninetales|Weather Ball|p2a: Wobbuffet\n|-damage|p2a: Wobbuffet|0 fnt\n|faint|p2a: Wobbuffet\n|\n|-weather|SunnyDay|[upkeep]\n|upkeep\n|inactive|Battle timer is ON: inactive players will automatically lose when time's up. (requested by NeonPickle)\n|\n|t:|1698866036\n|switch|p2a: Seviper|Seviper, F|100\/100\n|turn|4\n|\n|t:|1698866043\n|switch|p1a: Heatran|Heatran, F|100\/100\n|-item|p1a: Heatran|Air Balloon\n|move|p2a: Seviper|Earthquake|p1a: Heatran\n|-immune|p1a: Heatran\n|\n|-weather|SunnyDay|[upkeep]\n|upkeep\n|turn|5\n|\n|t:|1698866063\n|switch|p2a: Dustox|Dustox, F|100\/100\n|move|p1a: Heatran|Flamethrower|p2a: Dustox\n|-supereffective|p2a: Dustox\n|-damage|p2a: Dustox|0 fnt\n|faint|p2a: Dustox\n|\n|-weather|SunnyDay|[upkeep]\n|upkeep\n|inactive|Casey Rae has 120 seconds left.\n|l|\u2606NeonPickle\n|inactive|NeonPickle disconnected and has a minute to reconnect!\n|player|p1|\n|\n|t:|1698866098\n|switch|p2a: Yanmega|Yanmega, M|100\/100\n|turn|6\n|inactive|NeonPickle has 30 seconds to reconnect!\n|j|\u2606NeonPickle\n|inactive|NeonPickle reconnected and has 120 seconds left.\n|player|p1|NeonPickle|2\n|\n|t:|1698866132\n|move|p2a: Yanmega|Protect|p2a: Yanmega\n|-singleturn|p2a: Yanmega|Protect\n|move|p1a: Heatran|Flamethrower|p2a: Yanmega\n|-activate|p2a: Yanmega|move: Protect\n|\n|-weather|SunnyDay|[upkeep]\n|-ability|p2a: Yanmega|Speed Boost|boost\n|-boost|p2a: Yanmega|spe|1\n|upkeep\n|turn|7\n|inactive|Casey Rae has 120 seconds left.\n|\n|t:|1698866143\n|move|p2a: Yanmega|Air Slash|p1a: Heatran\n|-resisted|p1a: Heatran\n|-damage|p1a: Heatran|79\/100\n|-enditem|p1a: Heatran|Air Balloon\n|-damage|p2a: Yanmega|91\/100|[from] item: Life Orb\n|move|p1a: Heatran|Flamethrower|p2a: Yanmega\n|-supereffective|p2a: Yanmega\n|-damage|p2a: Yanmega|0 fnt\n|faint|p2a: Yanmega\n|\n|-weather|SunnyDay|[upkeep]\n|upkeep\n|inactive|Casey Rae has 120 seconds left.\n|\n|t:|1698866155\n|switch|p2a: Seviper|Seviper, F|100\/100\n|turn|8\n|inactive|NeonPickle has 120 seconds left.\n|\n|t:|1698866177\n|move|p2a: Seviper|Earthquake|p1a: Heatran\n|-supereffective|p1a: Heatran\n|-damage|p1a: Heatran|0 fnt\n|faint|p1a: Heatran\n|\n|-weather|none\n|upkeep\n|inactive|NeonPickle has 120 seconds left.\n|\n|t:|1698866209\n|switch|p1a: Ninetales|Ninetales, F, tera:Fire|100\/100\n|-weather|SunnyDay|[from] ability: Drought|[of] p1a: Ninetales\n|turn|9\n|\n|t:|1698866215\n|move|p2a: Seviper|Earthquake|p1a: Ninetales\n|-supereffective|p1a: Ninetales\n|-crit|p1a: Ninetales\n|-damage|p1a: Ninetales|0 fnt\n|faint|p1a: Ninetales\n|\n|-weather|SunnyDay|[upkeep]\n|upkeep\n|\n|t:|1698866222\n|switch|p1a: Heliolisk|Heliolisk, F|100\/100\n|turn|10\n|\n|t:|1698866235\n|move|p2a: Seviper|Earthquake|p1a: Heliolisk\n|-supereffective|p1a: Heliolisk\n|-damage|p1a: Heliolisk|0 fnt\n|faint|p1a: Heliolisk\n|\n|-weather|SunnyDay|[upkeep]\n|upkeep\n|inactive|NeonPickle has 90 seconds left.\n|inactive|NeonPickle has 60 seconds left.\n|\n|t:|1698866291\n|switch|p1a: Serperior|Serperior, F|100\/100\n|turn|11\n|\n|t:|1698866296\n|switch|p2a: Gourgeist|Gourgeist-Super, M|100\/100\n|-item|p1a: Serperior|Shell Bell|[from] ability: Frisk|[of] p2a: Gourgeist|[identify]\n|move|p1a: Serperior|Leaf Storm|p2a: Gourgeist\n|-resisted|p2a: Gourgeist\n|-damage|p2a: Gourgeist|80\/100\n|-boost|p1a: Serperior|spa|2\n|\n|-weather|SunnyDay|[upkeep]\n|-heal|p2a: Gourgeist|87\/100|[from] item: Leftovers\n|upkeep\n|turn|12\n|\n|t:|1698866309\n|move|p1a: Serperior|Leaf Storm|p2a: Gourgeist|[miss]\n|-miss|p1a: Serperior|p2a: Gourgeist\n|move|p2a: Gourgeist|Substitute|p2a: Gourgeist\n|-start|p2a: Gourgeist|Substitute\n|-damage|p2a: Gourgeist|62\/100\n|\n|-weather|SunnyDay|[upkeep]\n|-heal|p2a: Gourgeist|68\/100|[from] item: Leftovers\n|upkeep\n|turn|13\n|\n|t:|1698866321\n|move|p1a: Serperior|Leaf Storm|p2a: Gourgeist\n|-resisted|p2a: Gourgeist\n|-end|p2a: Gourgeist|Substitute\n|-boost|p1a: Serperior|spa|2\n|move|p2a: Gourgeist|Seed Bomb|p1a: Serperior\n|-resisted|p1a: Serperior\n|-damage|p1a: Serperior|85\/100\n|\n|-weather|SunnyDay|[upkeep]\n|-heal|p2a: Gourgeist|74\/100|[from] item: Leftovers\n|upkeep\n|turn|14\n|inactive|NeonPickle has 60 seconds left.\n|\n|t:|1698866341\n|move|p1a: Serperior|Synthesis|p1a: Serperior\n|-heal|p1a: Serperior|100\/100\n|move|p2a: Gourgeist|Substitute|p2a: Gourgeist\n|-start|p2a: Gourgeist|Substitute\n|-damage|p2a: Gourgeist|49\/100\n|\n|-weather|SunnyDay|[upkeep]\n|-heal|p2a: Gourgeist|55\/100|[from] item: Leftovers\n|upkeep\n|turn|15\n|inactive|NeonPickle has 60 seconds left.\n|\n|t:|1698866362\n|move|p1a: Serperior|Leaf Storm|p2a: Gourgeist\n|-resisted|p2a: Gourgeist\n|-end|p2a: Gourgeist|Substitute\n|-boost|p1a: Serperior|spa|2\n|move|p2a: Gourgeist|Seed Bomb|p1a: Serperior\n|-resisted|p1a: Serperior\n|-damage|p1a: Serperior|86\/100\n|\n|-weather|SunnyDay|[upkeep]\n|-heal|p2a: Gourgeist|61\/100|[from] item: Leftovers\n|upkeep\n|turn|16\n|\n|t:|1698866373\n|move|p1a: Serperior|Leaf Storm|p2a: Gourgeist\n|-resisted|p2a: Gourgeist\n|-damage|p2a: Gourgeist|0 fnt\n|faint|p2a: Gourgeist\n|-heal|p1a: Serperior|94\/100|[from] item: Shell Bell|[of] p2: Gourgeist\n|\n|-weather|none\n|upkeep\n|\n|t:|1698866381\n|switch|p2a: Seviper|Seviper, F|100\/100\n|turn|17\n|inactive|NeonPickle has 30 seconds left.\n|l|\u2606NeonPickle\n|inactive|NeonPickle disconnected and has a minute to reconnect!\n|player|p1|\n|inactive|NeonPickle has 20 seconds left.\n|inactive|NeonPickle has 15 seconds left.\n|inactive|NeonPickle has 10 seconds left.\n|inactive|NeonPickle has 5 seconds left.\n|j|\u2606NeonPickle\n|inactive|NeonPickle reconnected and has 5 seconds left.\n|player|p1|NeonPickle|2\n|\n|t:|1698866440\n|move|p2a: Seviper|Poison Jab|p1a: Serperior\n|-supereffective|p1a: Serperior\n|-damage|p1a: Serperior|23\/100\n|move|p1a: Serperior|Hidden Power|p2a: Seviper\n|-damage|p2a: Seviper|26\/100\n|-heal|p1a: Serperior|30\/100|[from] item: Shell Bell|[of] p2a: Seviper\n|\n|upkeep\n|turn|18\n|inactive|NeonPickle has 15 seconds left this turn.\n|inactive|NeonPickle has 10 seconds left.\n|\n|t:|1698866448\n|move|p2a: Seviper|Poison Jab|p1a: Serperior\n|-supereffective|p1a: Serperior\n|-damage|p1a: Serperior|0 fnt\n|faint|p1a: Serperior\n|\n|upkeep\n|inactive|NeonPickle has 15 seconds left this turn.\n|inactive|NeonPickle has 10 seconds left.\n|inactive|NeonPickle has 5 seconds left.\n|-message|NeonPickle lost due to inactivity.\n|\n|win|Casey Rae\n|raw|NeonPickle's rating: 1047 &rarr; <strong>1032<\/strong><br \/>(-15 for losing)\n|raw|Casey Rae's rating: 1081 &rarr; <strong>1106<\/strong><br \/>(+25 for winning)\n","uploadtime":1698866474,"views":7,"p1id":"neonpickle","p2id":"caseyrae","formatid":"gen9nationaldexubers","rating":1032,"private":0,"password":""}