{"id":"gen9nationaldexubers-1982724455","p1":"Tiago zei","p2":"waljul190","format":"[Gen 9] National Dex Ubers","log":"|j|\u2606Tiago zei\n|j|\u2606waljul190\n|t:|1699039048\n|gametype|singles\n|player|p1|Tiago zei|266|1050\n|player|p2|waljul190|cynthia-gen4|1000\n|teamsize|p1|6\n|teamsize|p2|6\n|gen|9\n|tier|[Gen 9] National Dex Ubers\n|rated|\n|rule|HP Percentage Mod: HP is shown in percentages\n|rule|Endless Battle Clause: Forcing endless battles is banned\n|rule|OHKO Clause: OHKO moves are banned\n|rule|Evasion Moves Clause: Evasion moves are banned\n|rule|Evasion Items Clause: Evasion items are banned\n|rule|Species Clause: Limit one of each Pok\u00e9mon\n|rule|Sleep Clause Mod: Limit one foe put to sleep\n|rule|Mega Rayquaza Clause: You cannot mega evolve Rayquaza\n|clearpoke\n|poke|p1|Lucario, F|\n|poke|p1|Xerneas-*|\n|poke|p1|Kyogre|\n|poke|p1|Calyrex-Ice|\n|poke|p1|Yveltal|\n|poke|p1|Eternatus|\n|poke|p2|Giratina-Origin|\n|poke|p2|Garchomp, M|\n|poke|p2|Skeledirge, M|\n|poke|p2|Feraligatr, M|\n|poke|p2|Flareon, F|\n|poke|p2|Leafeon, F|\n|teampreview\n|\n|t:|1699039057\n|start\n|switch|p1a: Yveltal|Yveltal|100\/100\n|switch|p2a: king|Feraligatr, M, shiny|100\/100\n|-ability|p1a: Yveltal|Dark Aura\n|turn|1\n|inactive|Battle timer is ON: inactive players will automatically lose when time's up. (requested by Tiago zei)\n|\n|t:|1699039077\n|switch|p1a: Kyogre|Kyogre|100\/100\n|detailschange|p1a: Kyogre|Kyogre-Primal\n|-primal|p1a: Kyogre|Blue Orb\n|-weather|PrimordialSea|[from] ability: Primordial Sea|[of] p1a: Kyogre\n|move|p2a: king|Liquidation|p1a: Kyogre\n|-resisted|p1a: Kyogre\n|-damage|p1a: Kyogre|61\/100\n|\n|-weather|PrimordialSea|[upkeep]\n|upkeep\n|turn|2\n|\n|t:|1699039088\n|move|p1a: Kyogre|Thunder|p2a: king\n|-supereffective|p2a: king\n|-damage|p2a: king|0 fnt\n|faint|p2a: king\n|\n|-weather|PrimordialSea|[upkeep]\n|upkeep\n|\n|t:|1699039103\n|switch|p2a: shadow|Giratina-Origin, shiny|100\/100\n|turn|3\n|\n|t:|1699039119\n|move|p1a: Kyogre|Ice Beam|p2a: shadow\n|-supereffective|p2a: shadow\n|-damage|p2a: shadow|41\/100\n|move|p2a: shadow|Shadow Force||[still]\n|-prepare|p2a: shadow|Shadow Force\n|\n|-weather|PrimordialSea|[upkeep]\n|upkeep\n|turn|4\n|\n|t:|1699039125\n|move|p1a: Kyogre|Ice Beam|p2a: shadow|[miss]\n|-miss|p1a: Kyogre|p2a: shadow\n|move|p2a: shadow|Shadow Force|p1a: Kyogre|[from]lockedmove\n|-damage|p1a: Kyogre|0 fnt\n|faint|p1a: Kyogre\n|-weather|none\n|\n|upkeep\n|\n|t:|1699039130\n|switch|p1a: Yveltal|Yveltal|100\/100\n|-ability|p1a: Yveltal|Dark Aura\n|turn|5\n|\n|t:|1699039134\n|move|p1a: Yveltal|Dark Pulse|p2a: shadow\n|-supereffective|p2a: shadow\n|-damage|p2a: shadow|0 fnt\n|faint|p2a: shadow\n|\n|upkeep\n|\n|t:|1699039141\n|switch|p2a: Abby|Flareon, F, shiny|100\/100\n|turn|6\n|\n|t:|1699039162\n|move|p1a: Yveltal|Dark Pulse|p2a: Abby\n|-damage|p2a: Abby|45\/100\n|move|p2a: Abby|Will-O-Wisp|p1a: Yveltal\n|-status|p1a: Yveltal|brn\n|\n|-damage|p1a: Yveltal|94\/100 brn|[from] brn\n|upkeep\n|turn|7\n|\n|t:|1699039168\n|move|p1a: Yveltal|Dark Pulse|p2a: Abby\n|-damage|p2a: Abby|0 fnt\n|faint|p2a: Abby\n|\n|-damage|p1a: Yveltal|88\/100 brn|[from] brn\n|upkeep\n|\n|t:|1699039171\n|switch|p2a: magma|Skeledirge, M, shiny|100\/100\n|turn|8\n|\n|t:|1699039177\n|move|p1a: Yveltal|Dark Pulse|p2a: magma\n|-supereffective|p2a: magma\n|-damage|p2a: magma|0 fnt\n|faint|p2a: magma\n|\n|-damage|p1a: Yveltal|82\/100 brn|[from] brn\n|upkeep\n|\n|t:|1699039180\n|switch|p2a: dusty|Garchomp, M, shiny|100\/100\n|turn|9\n|\n|t:|1699039184\n|switch|p1a: Eternatus|Eternatus|100\/100\n|-ability|p1a: Eternatus|Pressure\n|move|p2a: dusty|Dragon Rush|p1a: Eternatus|[miss]\n|-miss|p2a: dusty|p1a: Eternatus\n|\n|upkeep\n|turn|10\n|\n|t:|1699039195\n|move|p1a: Eternatus|Eternabeam|p2a: dusty\n|-supereffective|p2a: dusty\n|-crit|p2a: dusty\n|-damage|p2a: dusty|0 fnt\n|-mustrecharge|p1a: Eternatus\n|faint|p2a: dusty\n|-damage|p1a: Eternatus|91\/100|[from] item: Life Orb\n|\n|upkeep\n|-message|waljul190 forfeited.\n|\n|win|Tiago zei\n|raw|Tiago zei's rating: 1050 &rarr; <strong>1078<\/strong><br \/>(+28 for winning)\n|raw|waljul190's rating: 1000 &rarr; <strong>1000<\/strong><br \/>(+0 for losing)\n|l|\u2606waljul190\n","uploadtime":1699039213,"views":7,"p1id":"tiagozei","p2id":"waljul190","formatid":"gen9nationaldexubers","rating":1000,"private":0,"password":""}