{"id":"gen9nationaldexubers-1979518000","p1":"Dark Zerzes","p2":"De1ff","format":"[Gen 9] National Dex Ubers","log":"|j|\u2606Dark Zerzes\n|j|\u2606De1ff\n|t:|1698688980\n|gametype|singles\n|player|p1|Dark Zerzes|grimsley|\n|player|p2|De1ff|fisherman-gen4|\n|teamsize|p1|6\n|teamsize|p2|6\n|gen|9\n|tier|[Gen 9] National Dex Ubers\n|rule|HP Percentage Mod: HP is shown in percentages\n|rule|Endless Battle Clause: Forcing endless battles is banned\n|rule|OHKO Clause: OHKO moves are banned\n|rule|Evasion Moves Clause: Evasion moves are banned\n|rule|Evasion Items Clause: Evasion items are banned\n|rule|Species Clause: Limit one of each Pok\u00e9mon\n|rule|Sleep Clause Mod: Limit one foe put to sleep\n|rule|Mega Rayquaza Clause: You cannot mega evolve Rayquaza\n|clearpoke\n|poke|p1|Galvantula, F|\n|poke|p1|Crobat, M|\n|poke|p1|Mimikyu, M|\n|poke|p1|Toxapex, M|\n|poke|p1|Houndoom, F|\n|poke|p1|Doublade, M|\n|poke|p2|Gliscor, M|\n|poke|p2|Toxapex, F|\n|poke|p2|Gengar, M|\n|poke|p2|Mimikyu, F|\n|poke|p2|Galvantula, F|\n|poke|p2|Chandelure, M|\n|teampreview\n|\n|t:|1698689001\n|start\n|switch|p1a: Elektra Spider|Galvantula, F|100\/100\n|switch|p2a: Galvantula|Galvantula, F, shiny|100\/100\n|turn|1\n|\n|t:|1698689010\n|move|p1a: Elektra Spider|Sticky Web|p2a: Galvantula\n|-sidestart|p2: De1ff|move: Sticky Web\n|move|p2a: Galvantula|Sticky Web|p1a: Elektra Spider\n|-sidestart|p1: Dark Zerzes|move: Sticky Web\n|\n|upkeep\n|turn|2\n|\n|t:|1698689087\n|move|p1a: Elektra Spider|Volt Switch|p2a: Galvantula\n|-resisted|p2a: Galvantula\n|-damage|p2a: Galvantula|80\/100\n|\n|t:|1698689099\n|switch|p1a: Soul Blade's|Doublade, M, shiny|100\/100|[from] Volt Switch\n|-activate|p1a: Soul Blade's|move: Sticky Web\n|-unboost|p1a: Soul Blade's|spe|1\n|move|p2a: Galvantula|Thunder|p1a: Soul Blade's\n|-damage|p1a: Soul Blade's|67\/100\n|-status|p1a: Soul Blade's|par\n|\n|upkeep\n|turn|3\n|\n|t:|1698689132\n|switch|p2a: Gliscor|Gliscor, M|100\/100\n|move|p1a: Soul Blade's|Shadow Claw|p2a: Gliscor\n|-damage|p2a: Gliscor|75\/100\n|\n|-status|p2a: Gliscor|tox|[from] item: Toxic Orb\n|upkeep\n|turn|4\n|\n|t:|1698689183\n|move|p2a: Gliscor|U-turn|p1a: Soul Blade's\n|-resisted|p1a: Soul Blade's\n|-damage|p1a: Soul Blade's|65\/100 par\n|\n|t:|1698689192\n|switch|p2a: Toxapex|Toxapex, F, shiny|100\/100|[from] U-turn\n|-activate|p2a: Toxapex|move: Sticky Web\n|-unboost|p2a: Toxapex|spe|1\n|move|p1a: Soul Blade's|Shadow Claw|p2a: Toxapex\n|-damage|p2a: Toxapex|74\/100\n|\n|upkeep\n|turn|5\n|\n|t:|1698689228\n|move|p2a: Toxapex|Knock Off|p1a: Soul Blade's\n|-supereffective|p1a: Soul Blade's\n|-crit|p1a: Soul Blade's\n|-damage|p1a: Soul Blade's|11\/100 par\n|-enditem|p1a: Soul Blade's|Eviolite|[from] move: Knock Off|[of] p2a: Toxapex\n|move|p1a: Soul Blade's|Shadow Claw|p2a: Toxapex\n|-damage|p2a: Toxapex|49\/100\n|\n|upkeep\n|turn|6\n|\n|t:|1698689242\n|switch|p2a: Gliscor|Gliscor, M|75\/100 tox\n|cant|p1a: Soul Blade's|par\n|\n|-heal|p2a: Gliscor|87\/100 tox|[from] ability: Poison Heal\n|upkeep\n|turn|7\n|\n|t:|1698689264\n|cant|p1a: Soul Blade's|par\n|move|p2a: Gliscor|Earthquake|p1a: Soul Blade's\n|-supereffective|p1a: Soul Blade's\n|-damage|p1a: Soul Blade's|0 fnt\n|faint|p1a: Soul Blade's\n|\n|-heal|p2a: Gliscor|99\/100 tox|[from] ability: Poison Heal\n|upkeep\n|\n|t:|1698689274\n|switch|p1a: Lord of Doom|Houndoom, F|100\/100\n|-ability|p1a: Lord of Doom|Unnerve\n|-activate|p1a: Lord of Doom|move: Sticky Web\n|-unboost|p1a: Lord of Doom|spe|1\n|turn|8\n|\n|t:|1698689299\n|move|p2a: Gliscor|Earthquake|p1a: Lord of Doom\n|-supereffective|p1a: Lord of Doom\n|-damage|p1a: Lord of Doom|0 fnt\n|faint|p1a: Lord of Doom\n|\n|-heal|p2a: Gliscor|100\/100 tox|[from] ability: Poison Heal\n|upkeep\n|\n|t:|1698689314\n|switch|p1a: Knuddelmonster|Mimikyu, M, shiny|100\/100\n|-activate|p1a: Knuddelmonster|move: Sticky Web\n|-unboost|p1a: Knuddelmonster|spe|1\n|turn|9\n|\n|t:|1698689371\n|move|p2a: Gliscor|Earthquake|p1a: Knuddelmonster\n|-activate|p1a: Knuddelmonster|ability: Disguise\n|-damage|p1a: Knuddelmonster|100\/100\n|detailschange|p1a: Knuddelmonster|Mimikyu-Busted, M, shiny\n|-damage|p1a: Knuddelmonster|88\/100|[from] pokemon: Mimikyu-Busted\n|move|p1a: Knuddelmonster|Swords Dance|p1a: Knuddelmonster\n|-boost|p1a: Knuddelmonster|atk|2\n|\n|upkeep\n|turn|10\n|\n|t:|1698689409\n|move|p2a: Gliscor|Earthquake|p1a: Knuddelmonster\n|-damage|p1a: Knuddelmonster|45\/100\n|-zpower|p1a: Knuddelmonster\n|move|p1a: Knuddelmonster|Let's Snuggle Forever|p2a: Gliscor|[zeffect]\n|-damage|p2a: Gliscor|0 fnt\n|faint|p2a: Gliscor\n|\n|upkeep\n|\n|t:|1698689415\n|switch|p2a: Toxapex|Toxapex, F, shiny|82\/100\n|-activate|p2a: Toxapex|move: Sticky Web\n|-unboost|p2a: Toxapex|spe|1\n|turn|11\n|\n|t:|1698689435\n|move|p1a: Knuddelmonster|Play Rough|p2a: Toxapex\n|-resisted|p2a: Toxapex\n|-damage|p2a: Toxapex|59\/100\n|move|p2a: Toxapex|Liquidation|p1a: Knuddelmonster\n|-damage|p1a: Knuddelmonster|0 fnt\n|faint|p1a: Knuddelmonster\n|\n|upkeep\n|\n|t:|1698689444\n|switch|p1a: Elektra Spider|Galvantula, F|100\/100\n|-activate|p1a: Elektra Spider|move: Sticky Web\n|-unboost|p1a: Elektra Spider|spe|1\n|turn|12\n|\n|t:|1698689505\n|switch|p2a: Galvantula|Galvantula, F, shiny|80\/100\n|-activate|p2a: Galvantula|move: Sticky Web\n|-unboost|p2a: Galvantula|spe|1\n|move|p1a: Elektra Spider|Thunder|p2a: Galvantula\n|-resisted|p2a: Galvantula\n|-damage|p2a: Galvantula|52\/100\n|\n|upkeep\n|turn|13\n|\n|t:|1698689529\n|move|p1a: Elektra Spider|Volt Switch|p2a: Galvantula\n|-resisted|p2a: Galvantula\n|-damage|p2a: Galvantula|31\/100\n|\n|t:|1698689540\n|switch|p1a: I am very TOXIC!|Toxapex, M|100\/100|[from] Volt Switch\n|-activate|p1a: I am very TOXIC!|move: Sticky Web\n|-unboost|p1a: I am very TOXIC!|spe|1\n|move|p2a: Galvantula|Thunder|p1a: I am very TOXIC!\n|-supereffective|p1a: I am very TOXIC!\n|-damage|p1a: I am very TOXIC!|47\/100\n|-status|p1a: I am very TOXIC!|par\n|\n|upkeep\n|turn|14\n|c|\u2606De1ff|!dt Thunder\n|raw|<ul class=\"utilichart\"><li class=\"result\"><span class=\"col movenamecol\"><a href=\"https:\/\/dex.pokemonshowdown.com\/moves\/thunder\">Thunder<\/a><\/span> <span class=\"col typecol\"><img src=\"\/\/play.pokemonshowdown.com\/sprites\/types\/Electric.png\" alt=\"Electric\" width=\"32\" height=\"14\"><img src=\"\/\/play.pokemonshowdown.com\/sprites\/categories\/Special.png\" alt=\"Special\" width=\"32\" height=\"14\"><\/span> <span class=\"col labelcol\"><em>Power<\/em><br>110<\/span> <span class=\"col widelabelcol\"><em>Accuracy<\/em><br>70%<\/span> <span class=\"col pplabelcol\"><em>PP<\/em><br>16<\/span> <span class=\"col movedesccol\">30% chance to paralyze. Can't miss in rain.<\/span> <\/li><li style=\"clear:both\"><\/li><\/ul>\n|raw|<font size=\"1\"><font color=\"#686868\">Priority:<\/font> 0&nbsp;|&ThickSpace;<font color=\"#686868\">Gen:<\/font> 1&nbsp;|&ThickSpace;&#10003; Boosted by Sheer Force&nbsp;|&ThickSpace;<font color=\"#686868\">Z-Power:<\/font> 185&nbsp;|&ThickSpace;<font color=\"#686868\">Dynamax Power:<\/font> 140&nbsp;|&ThickSpace;<font color=\"#686868\">Target:<\/font> One Adjacent Pok\u00e9mon<\/font>\n\n|\n|t:|1698689565\n|move|p2a: Galvantula|Thunder|p1a: I am very TOXIC!\n|-supereffective|p1a: I am very TOXIC!\n|-damage|p1a: I am very TOXIC!|0 fnt\n|faint|p1a: I am very TOXIC!\n|\n|upkeep\n|\n|t:|1698689571\n|switch|p1a: Night Slayer|Crobat, M, shiny|100\/100\n|turn|15\n|\n|t:|1698689579\n|move|p1a: Night Slayer|Acrobatics|p2a: Galvantula\n|-damage|p2a: Galvantula|0 fnt\n|faint|p2a: Galvantula\n|\n|upkeep\n|\n|t:|1698689608\n|switch|p2a: Chandelure|Chandelure, M|100\/100\n|-activate|p2a: Chandelure|move: Sticky Web\n|-unboost|p2a: Chandelure|spe|1\n|turn|16\n|\n|t:|1698689631\n|move|p1a: Night Slayer|Curse|p1a: Night Slayer\n|-unboost|p1a: Night Slayer|spe|1\n|-boost|p1a: Night Slayer|atk|1\n|-boost|p1a: Night Slayer|def|1\n|-enditem|p1a: Night Slayer|White Herb\n|-clearnegativeboost|p1a: Night Slayer|[silent]\n|move|p2a: Chandelure|Psychic|p1a: Night Slayer\n|-supereffective|p1a: Night Slayer\n|-damage|p1a: Night Slayer|0 fnt\n|faint|p1a: Night Slayer\n|\n|upkeep\n|\n|t:|1698689641\n|switch|p1a: Elektra Spider|Galvantula, F|100\/100\n|-activate|p1a: Elektra Spider|move: Sticky Web\n|-unboost|p1a: Elektra Spider|spe|1\n|turn|17\n|\n|t:|1698689647\n|move|p1a: Elektra Spider|Thunder|p2a: Chandelure\n|-damage|p2a: Chandelure|29\/100\n|move|p2a: Chandelure|Psychic|p1a: Elektra Spider\n|-damage|p1a: Elektra Spider|15\/100\n|\n|upkeep\n|turn|18\n|\n|t:|1698689655\n|move|p1a: Elektra Spider|Thunder|p2a: Chandelure\n|-damage|p2a: Chandelure|0 fnt\n|faint|p2a: Chandelure\n|\n|upkeep\n|\n|t:|1698689656\n|switch|p2a: Mimikyu|Mimikyu, F, shiny|100\/100\n|-activate|p2a: Mimikyu|move: Sticky Web\n|-unboost|p2a: Mimikyu|spe|1\n|turn|19\n|\n|t:|1698689665\n|move|p2a: Mimikyu|Shadow Sneak|p1a: Elektra Spider\n|-damage|p1a: Elektra Spider|0 fnt\n|faint|p1a: Elektra Spider\n|\n|win|De1ff\n|c|\u2606De1ff|gg\n","uploadtime":1698689671,"views":16,"p1id":"darkzerzes","p2id":"de1ff","formatid":"gen9nationaldexubers","rating":0,"private":0,"password":""}