{"id":"gen9nationaldexubers-1986356977","p1":"Malice Incarnate","p2":"MommyMikuNakano","format":"[Gen 9] National Dex Ubers","log":"|j|\u2606Malice Incarnate\n|j|\u2606MommyMikuNakano\n|t:|1699472010\n|gametype|singles\n|player|p1|Malice Incarnate|palmer|1580\n|player|p2|MommyMikuNakano|erika-gen1|1873\n|teamsize|p1|6\n|teamsize|p2|6\n|gen|9\n|tier|[Gen 9] National Dex Ubers\n|rated|\n|rule|HP Percentage Mod: HP is shown in percentages\n|rule|Endless Battle Clause: Forcing endless battles is banned\n|rule|OHKO Clause: OHKO moves are banned\n|rule|Evasion Moves Clause: Evasion moves are banned\n|rule|Evasion Items Clause: Evasion items are banned\n|rule|Species Clause: Limit one of each Pok\u00e9mon\n|rule|Sleep Clause Mod: Limit one foe put to sleep\n|rule|Mega Rayquaza Clause: You cannot mega evolve Rayquaza\n|clearpoke\n|poke|p1|Groudon|\n|poke|p1|Arceus-Dark|\n|poke|p1|Ho-Oh|\n|poke|p1|Zygarde|\n|poke|p1|Necrozma-Dusk-Mane|\n|poke|p1|Ditto|\n|poke|p2|Ditto|\n|poke|p2|Kyogre|\n|poke|p2|Giratina-Origin|\n|poke|p2|Arceus-Dark|\n|poke|p2|Necrozma-Dusk-Mane|\n|poke|p2|Kyurem-Black|\n|teampreview\n|inactive|Battle timer is ON: inactive players will automatically lose when time's up. (requested by Malice Incarnate)\n|inactive|MommyMikuNakano also wants the timer to be on.\n|\n|t:|1699472023\n|start\n|switch|p1a: Ho-Oh|Ho-Oh|100\/100\n|switch|p2a: Arceus|Arceus-Dark|100\/100\n|turn|1\n|\n|t:|1699472030\n|switch|p1a: Arceus|Arceus-Dark|100\/100\n|move|p2a: Arceus|Taunt|p1a: Arceus\n|-start|p1a: Arceus|move: Taunt\n|\n|upkeep\n|turn|2\n|\n|t:|1699472034\n|switch|p1a: Necrozma|Necrozma-Dusk-Mane|100\/100\n|move|p2a: Arceus|Toxic|p1a: Necrozma\n|-immune|p1a: Necrozma\n|\n|upkeep\n|turn|3\n|\n|t:|1699472043\n|switch|p1a: Groudon|Groudon|100\/100\n|detailschange|p1a: Groudon|Groudon-Primal\n|-primal|p1a: Groudon|Red Orb\n|-weather|DesolateLand|[from] ability: Desolate Land|[of] p1a: Groudon\n|move|p2a: Arceus|Taunt|p1a: Groudon\n|-start|p1a: Groudon|move: Taunt\n|\n|-weather|DesolateLand|[upkeep]\n|upkeep\n|turn|4\n|\n|t:|1699472048\n|move|p2a: Arceus|Toxic|p1a: Groudon\n|-status|p1a: Groudon|tox\n|move|p1a: Groudon|Earthquake|p2a: Arceus\n|-damage|p2a: Arceus|60\/100\n|\n|-weather|DesolateLand|[upkeep]\n|-damage|p1a: Groudon|94\/100 tox|[from] psn\n|upkeep\n|turn|5\n|\n|t:|1699472053\n|move|p2a: Arceus|Recover|p2a: Arceus\n|-heal|p2a: Arceus|100\/100\n|move|p1a: Groudon|Overheat|p2a: Arceus\n|-damage|p2a: Arceus|36\/100\n|-unboost|p1a: Groudon|spa|2\n|\n|-weather|DesolateLand|[upkeep]\n|-damage|p1a: Groudon|82\/100 tox|[from] psn\n|-end|p1a: Groudon|move: Taunt\n|upkeep\n|turn|6\n|\n|t:|1699472060\n|switch|p2a: Giratina|Giratina-Origin|100\/100\n|-weather|none\n|switch|p1a: Zygarde|Zygarde|100\/100\n|\n|upkeep\n|turn|7\n|\n|t:|1699472065\n|switch|p1a: Arceus|Arceus-Dark|100\/100\n|move|p2a: Giratina|Will-O-Wisp|p1a: Arceus|[miss]\n|-miss|p2a: Giratina|p1a: Arceus\n|\n|upkeep\n|turn|8\n|\n|t:|1699472074\n|switch|p2a: Ditto|Ditto, shiny|100\/100\n|-transform|p2a: Ditto|p1a: Arceus|[from] ability: Imposter\n|move|p1a: Arceus|Taunt|p2a: Ditto\n|-start|p2a: Ditto|move: Taunt\n|\n|upkeep\n|turn|9\n|\n|t:|1699472078\n|switch|p2a: Necrozma|Necrozma-Dusk-Mane|100\/100\n|move|p1a: Arceus|Toxic|p2a: Necrozma|[miss]\n|-miss|p1a: Arceus|p2a: Necrozma\n|\n|upkeep\n|turn|10\n|\n|t:|1699472082\n|move|p1a: Arceus|Foul Play|p2a: Necrozma\n|-supereffective|p2a: Necrozma\n|-damage|p2a: Necrozma|37\/100\n|move|p2a: Necrozma|Stealth Rock|p1a: Arceus\n|-sidestart|p1: Malice Incarnate|move: Stealth Rock\n|\n|upkeep\n|turn|11\n|\n|t:|1699472089\n|switch|p2a: Arceus|Arceus-Dark|36\/100\n|move|p1a: Arceus|Taunt|p2a: Arceus\n|-start|p2a: Arceus|move: Taunt\n|\n|upkeep\n|turn|12\n|\n|t:|1699472093\n|switch|p2a: Ditto|Ditto, shiny|100\/100\n|-transform|p2a: Ditto|p1a: Arceus|[from] ability: Imposter\n|move|p1a: Arceus|Toxic|p2a: Ditto\n|-status|p2a: Ditto|tox\n|\n|-damage|p2a: Ditto|94\/100 tox|[from] psn\n|upkeep\n|turn|13\n|\n|t:|1699472097\n|switch|p2a: Arceus|Arceus-Dark|36\/100\n|switch|p1a: Necrozma|Necrozma-Dusk-Mane|100\/100\n|-damage|p1a: Necrozma|95\/100|[from] Stealth Rock\n|\n|upkeep\n|turn|14\n|\n|t:|1699472100\n|move|p2a: Arceus|Recover|p2a: Arceus\n|-heal|p2a: Arceus|86\/100\n|move|p1a: Necrozma|Sunsteel Strike|p2a: Arceus\n|-damage|p2a: Arceus|46\/100\n|\n|upkeep\n|turn|15\n|\n|t:|1699472106\n|switch|p1a: Groudon|Groudon-Primal|82\/100 tox\n|-damage|p1a: Groudon|69\/100 tox|[from] Stealth Rock\n|-weather|DesolateLand|[from] ability: Desolate Land|[of] p1a: Groudon\n|move|p2a: Arceus|Taunt|p1a: Groudon\n|-start|p1a: Groudon|move: Taunt\n|\n|-weather|DesolateLand|[upkeep]\n|-damage|p1a: Groudon|63\/100 tox|[from] psn\n|upkeep\n|turn|16\n|\n|t:|1699472113\n|switch|p2a: Giratina|Giratina-Origin|100\/100\n|move|p1a: Groudon|Overheat|p2a: Giratina\n|-resisted|p2a: Giratina\n|-damage|p2a: Giratina|73\/100\n|-unboost|p1a: Groudon|spa|2\n|\n|-weather|DesolateLand|[upkeep]\n|-damage|p1a: Groudon|51\/100 tox|[from] psn\n|upkeep\n|turn|17\n|\n|t:|1699472117\n|-weather|none\n|switch|p1a: Arceus|Arceus-Dark|100\/100\n|-damage|p1a: Arceus|88\/100|[from] Stealth Rock\n|move|p2a: Giratina|Will-O-Wisp|p1a: Arceus|[miss]\n|-miss|p2a: Giratina|p1a: Arceus\n|\n|upkeep\n|turn|18\n|\n|t:|1699472128\n|switch|p2a: Ditto|Ditto, shiny|94\/100 tox\n|-transform|p2a: Ditto|p1a: Arceus|[from] ability: Imposter\n|move|p1a: Arceus|Taunt|p2a: Ditto\n|-start|p2a: Ditto|move: Taunt\n|\n|-damage|p2a: Ditto|88\/100 tox|[from] psn\n|upkeep\n|turn|19\n|\n|t:|1699472131\n|move|p2a: Ditto|Foul Play|p1a: Arceus\n|-resisted|p1a: Arceus\n|-damage|p1a: Arceus|79\/100\n|move|p1a: Arceus|Toxic|p2a: Ditto\n|-fail|p2a: Ditto|tox\n|\n|-damage|p2a: Ditto|76\/100 tox|[from] psn\n|upkeep\n|turn|20\n|\n|t:|1699472134\n|switch|p2a: Arceus|Arceus-Dark|46\/100\n|move|p1a: Arceus|Taunt|p2a: Arceus\n|-start|p2a: Arceus|move: Taunt\n|\n|upkeep\n|turn|21\n|\n|t:|1699472137\n|switch|p2a: Ditto|Ditto, shiny|76\/100 tox\n|-transform|p2a: Ditto|p1a: Arceus|[from] ability: Imposter\n|move|p1a: Arceus|Toxic|p2a: Ditto\n|-fail|p2a: Ditto|tox\n|\n|-damage|p2a: Ditto|70\/100 tox|[from] psn\n|upkeep\n|turn|22\n|\n|t:|1699472140\n|move|p2a: Ditto|Toxic|p1a: Arceus\n|-status|p1a: Arceus|tox\n|move|p1a: Arceus|Taunt|p2a: Ditto\n|-start|p2a: Ditto|move: Taunt\n|\n|-damage|p2a: Ditto|58\/100 tox|[from] psn\n|-damage|p1a: Arceus|73\/100 tox|[from] psn\n|upkeep\n|turn|23\n|\n|t:|1699472152\n|switch|p1a: Necrozma|Necrozma-Dusk-Mane|95\/100\n|-damage|p1a: Necrozma|89\/100|[from] Stealth Rock\n|-activate|p2a: Ditto|move: Struggle\n|move|p2a: Ditto|Struggle|p1a: Necrozma\n|-damage|p1a: Necrozma|78\/100\n|-damage|p2a: Ditto|33\/100 tox|[from] recoil\n|\n|-damage|p2a: Ditto|15\/100 tox|[from] psn\n|upkeep\n|turn|24\n|\n|t:|1699472159\n|switch|p2a: Arceus|Arceus-Dark|46\/100\n|move|p1a: Necrozma|Dragon Dance|p1a: Necrozma\n|-boost|p1a: Necrozma|atk|1\n|-boost|p1a: Necrozma|spe|1\n|\n|upkeep\n|turn|25\n|\n|t:|1699472170\n|move|p1a: Necrozma|Sunsteel Strike|p2a: Arceus\n|-damage|p2a: Arceus|0 fnt\n|faint|p2a: Arceus\n|\n|upkeep\n|\n|t:|1699472172\n|switch|p2a: Ditto|Ditto, shiny|15\/100 tox\n|-transform|p2a: Ditto|p1a: Necrozma|[from] ability: Imposter\n|turn|26\n|\n|t:|1699472176\n|switch|p1a: Ho-Oh|Ho-Oh|100\/100\n|move|p2a: Ditto|Sunsteel Strike|p1a: Ho-Oh\n|-resisted|p1a: Ho-Oh\n|-crit|p1a: Ho-Oh\n|-damage|p1a: Ho-Oh|60\/100\n|\n|-damage|p2a: Ditto|9\/100 tox|[from] psn\n|upkeep\n|turn|27\n|\n|t:|1699472186\n|switch|p1a: Groudon|Groudon-Primal|51\/100 tox\n|-damage|p1a: Groudon|38\/100 tox|[from] Stealth Rock\n|-weather|DesolateLand|[from] ability: Desolate Land|[of] p1a: Groudon\n|move|p2a: Ditto|Sunsteel Strike|p1a: Groudon\n|-resisted|p1a: Groudon\n|-damage|p1a: Groudon|18\/100 tox\n|\n|-weather|DesolateLand|[upkeep]\n|-damage|p2a: Ditto|0 fnt|[from] psn\n|faint|p2a: Ditto\n|-damage|p1a: Groudon|11\/100 tox|[from] psn\n|upkeep\n|\n|t:|1699472194\n|switch|p2a: Kyurem|Kyurem-Black|100\/100\n|-ability|p2a: Kyurem|Teravolt\n|turn|28\n|\n|t:|1699472197\n|move|p2a: Kyurem|Icicle Spear|p1a: Groudon\n|-damage|p1a: Groudon|3\/100 tox\n|-damage|p1a: Groudon|0 fnt\n|faint|p1a: Groudon\n|-weather|none\n|-hitcount|p1: Groudon|2\n|\n|upkeep\n|\n|t:|1699472206\n|switch|p1a: Necrozma|Necrozma-Dusk-Mane|78\/100\n|-damage|p1a: Necrozma|72\/100|[from] Stealth Rock\n|turn|29\n|\n|t:|1699472217\n|move|p2a: Kyurem|Dragon Dance|p2a: Kyurem\n|-boost|p2a: Kyurem|atk|1\n|-boost|p2a: Kyurem|spe|1\n|move|p1a: Necrozma|Dragon Dance|p1a: Necrozma\n|-boost|p1a: Necrozma|atk|1\n|-boost|p1a: Necrozma|spe|1\n|\n|upkeep\n|turn|30\n|\n|t:|1699472222\n|-terastallize|p2a: Kyurem|Steel\n|move|p2a: Kyurem|Fusion Bolt|p1a: Necrozma\n|-damage|p1a: Necrozma|23\/100\n|move|p1a: Necrozma|Sunsteel Strike|p2a: Kyurem\n|-resisted|p2a: Kyurem\n|-damage|p2a: Kyurem|62\/100\n|\n|upkeep\n|turn|31\n|\n|t:|1699472228\n|move|p2a: Kyurem|Fusion Bolt|p1a: Necrozma\n|-damage|p1a: Necrozma|0 fnt\n|faint|p1a: Necrozma\n|\n|upkeep\n|\n|t:|1699472235\n|switch|p1a: Ditto|Ditto|100\/100\n|-damage|p1a: Ditto|88\/100|[from] Stealth Rock\n|-transform|p1a: Ditto|p2a: Kyurem|[from] ability: Imposter\n|-ability|p1a: Ditto|Teravolt\n|-start|p1a: Ditto|typechange|Dragon\/Ice|[silent]\n|turn|32\n|\n|t:|1699472239\n|move|p1a: Ditto|Fusion Bolt|p2a: Kyurem\n|-crit|p2a: Kyurem\n|-damage|p2a: Kyurem|0 fnt\n|faint|p2a: Kyurem\n|\n|upkeep\n|\n|t:|1699472246\n|switch|p2a: Giratina|Giratina-Origin|73\/100\n|turn|33\n|\n|t:|1699472252\n|switch|p1a: Arceus|Arceus-Dark|73\/100 tox\n|-damage|p1a: Arceus|61\/100 tox|[from] Stealth Rock\n|move|p2a: Giratina|Will-O-Wisp||[still]\n|-fail|p2a: Giratina\n|\n|-damage|p1a: Arceus|54\/100 tox|[from] psn\n|upkeep\n|turn|34\n|\n|t:|1699472258\n|move|p1a: Arceus|Toxic|p2a: Giratina\n|-status|p2a: Giratina|tox\n|move|p2a: Giratina|Hex|p1a: Arceus\n|-resisted|p1a: Arceus\n|-damage|p1a: Arceus|33\/100 tox\n|\n|-damage|p1a: Arceus|21\/100 tox|[from] psn\n|-damage|p2a: Giratina|67\/100 tox|[from] psn\n|upkeep\n|turn|35\n|\n|t:|1699472262\n|move|p1a: Arceus|Recover|p1a: Arceus\n|-heal|p1a: Arceus|71\/100 tox\n|move|p2a: Giratina|Draco Meteor|p1a: Arceus\n|-damage|p1a: Arceus|27\/100 tox\n|-unboost|p2a: Giratina|spa|2\n|\n|-damage|p1a: Arceus|9\/100 tox|[from] psn\n|-damage|p2a: Giratina|54\/100 tox|[from] psn\n|upkeep\n|turn|36\n|\n|t:|1699472266\n|move|p1a: Arceus|Foul Play|p2a: Giratina\n|-supereffective|p2a: Giratina\n|-damage|p2a: Giratina|1\/100 tox\n|move|p2a: Giratina|Will-O-Wisp||[still]\n|-fail|p2a: Giratina\n|\n|-damage|p1a: Arceus|0 fnt|[from] psn\n|faint|p1a: Arceus\n|-damage|p2a: Giratina|0 fnt|[from] psn\n|faint|p2a: Giratina\n|upkeep\n|\n|t:|1699472273\n|switch|p1a: Ho-Oh|Ho-Oh|93\/100\n|switch|p2a: Necrozma|Necrozma-Dusk-Mane|37\/100\n|turn|37\n|\n|t:|1699472279\n|detailschange|p2a: Necrozma|Necrozma-Ultra\n|-burst|p2a: Necrozma|Necrozma|Ultranecrozium Z\n|move|p2a: Necrozma|Photon Geyser|p1a: Ho-Oh\n|-damage|p1a: Ho-Oh|58\/100\n|move|p1a: Ho-Oh|Sacred Fire|p2a: Necrozma\n|-resisted|p2a: Necrozma\n|-damage|p2a: Necrozma|13\/100\n|\n|upkeep\n|turn|38\n|\n|t:|1699472289\n|-zpower|p2a: Necrozma\n|move|p2a: Necrozma|Light That Burns the Sky|p1a: Ho-Oh|[zeffect]\n|-damage|p1a: Ho-Oh|0 fnt\n|faint|p1a: Ho-Oh\n|\n|upkeep\n|\n|t:|1699472291\n|switch|p1a: Ditto|Ditto|88\/100\n|-damage|p1a: Ditto|76\/100|[from] Stealth Rock\n|-transform|p1a: Ditto|p2a: Necrozma|[from] ability: Imposter\n|turn|39\n|\n|t:|1699472298\n|move|p1a: Ditto|Dragon Pulse|p2a: Necrozma\n|-supereffective|p2a: Necrozma\n|-damage|p2a: Necrozma|0 fnt\n|faint|p2a: Necrozma\n|\n|upkeep\n|\n|t:|1699472299\n|switch|p2a: Kyogre|Kyogre|100\/100\n|-weather|RainDance|[from] ability: Drizzle|[of] p2a: Kyogre\n|turn|40\n|\n|t:|1699472303\n|move|p1a: Ditto|Dragon Pulse|p2a: Kyogre\n|-damage|p2a: Kyogre|64\/100\n|move|p2a: Kyogre|Ice Beam|p1a: Ditto\n|-supereffective|p1a: Ditto\n|-damage|p1a: Ditto|0 fnt\n|faint|p1a: Ditto\n|\n|-weather|RainDance|[upkeep]\n|upkeep\n|\n|t:|1699472308\n|switch|p1a: Zygarde|Zygarde|100\/100\n|-damage|p1a: Zygarde|94\/100|[from] Stealth Rock\n|turn|41\n|\n|t:|1699472311\n|-terastallize|p1a: Zygarde|Fairy\n|move|p2a: Kyogre|Ice Beam|p1a: Zygarde\n|-damage|p1a: Zygarde|65\/100\n|-status|p1a: Zygarde|frz\n|cant|p1a: Zygarde|frz\n|\n|-weather|RainDance|[upkeep]\n|-heal|p1a: Zygarde|71\/100 frz|[from] item: Leftovers\n|upkeep\n|turn|42\n|\n|t:|1699472316\n|move|p2a: Kyogre|Ice Beam|p1a: Zygarde\n|-damage|p1a: Zygarde|42\/100 frz\n|cant|p1a: Zygarde|frz\n|\n|-weather|RainDance|[upkeep]\n|-heal|p1a: Zygarde|48\/100 frz|[from] item: Leftovers\n|-activate|p1a: Zygarde|ability: Power Construct\n|detailschange|p1a: Zygarde|Zygarde-Complete, tera:Fairy\n|-heal|p1a: Zygarde|66\/100 frz|[silent]\n|upkeep\n|turn|43\n|\n|t:|1699472320\n|move|p2a: Kyogre|Ice Beam|p1a: Zygarde\n|-damage|p1a: Zygarde|47\/100 frz\n|-curestatus|p1a: Zygarde|frz|[msg]\n|move|p1a: Zygarde|Glare|p2a: Kyogre\n|-status|p2a: Kyogre|par\n|\n|-weather|RainDance|[upkeep]\n|-heal|p1a: Zygarde|53\/100|[from] item: Leftovers\n|upkeep\n|turn|44\n|\n|t:|1699472324\n|move|p2a: Kyogre|Ice Beam|p1a: Zygarde\n|-damage|p1a: Zygarde|32\/100\n|move|p1a: Zygarde|Thousand Arrows|p2a: Kyogre\n|-damage|p2a: Kyogre|27\/100 par\n|\n|-weather|none\n|-heal|p1a: Zygarde|39\/100|[from] item: Leftovers\n|upkeep\n|turn|45\n|\n|t:|1699472329\n|cant|p2a: Kyogre|par\n|move|p1a: Zygarde|Thousand Arrows|p2a: Kyogre\n|-damage|p2a: Kyogre|0 fnt\n|faint|p2a: Kyogre\n|\n|win|Malice Incarnate\n|raw|Malice Incarnate's rating: 1580 &rarr; <strong>1614<\/strong><br \/>(+34 for winning)\n|raw|MommyMikuNakano's rating: 1873 &rarr; <strong>1839<\/strong><br \/>(-34 for losing)\n|l|\u2606MommyMikuNakano\n","uploadtime":1699472337,"views":62,"p1id":"maliceincarnate","p2id":"mommymikunakano","formatid":"gen9nationaldexubers","rating":1614,"private":0,"password":""}