{"id":"gen9nationaldexubers-1977890485","p1":"vespyyy","p2":"Harmony6","format":"[Gen 9] National Dex Ubers","log":"|j|\u2606vespyyy\n|j|\u2606Harmony6\n|t:|1698462392\n|gametype|singles\n|player|p1|vespyyy|juggler|\n|player|p2|Harmony6|red|\n|teamsize|p1|6\n|teamsize|p2|6\n|gen|9\n|tier|[Gen 9] National Dex Ubers\n|rule|HP Percentage Mod: HP is shown in percentages\n|rule|Endless Battle Clause: Forcing endless battles is banned\n|rule|OHKO Clause: OHKO moves are banned\n|rule|Evasion Moves Clause: Evasion moves are banned\n|rule|Evasion Items Clause: Evasion items are banned\n|rule|Species Clause: Limit one of each Pok\u00e9mon\n|rule|Sleep Clause Mod: Limit one foe put to sleep\n|rule|Mega Rayquaza Clause: You cannot mega evolve Rayquaza\n|clearpoke\n|poke|p1|Tapu Lele|\n|poke|p1|Latias, F|\n|poke|p1|Slowbro, F|\n|poke|p1|Latios, M|\n|poke|p1|Slowking-Galar, F|\n|poke|p1|Victini|\n|poke|p2|Kingambit, M|\n|poke|p2|Ninetales-Alola, M|\n|poke|p2|Hatterene, F|\n|poke|p2|Baxcalibur, M|\n|poke|p2|Magnezone|\n|poke|p2|Ogerpon-Wellspring, F|\n|teampreview\n|\n|t:|1698462407\n|start\n|switch|p1a: Slowbro|Slowbro, F|100\/100\n|switch|p2a: Pawn Shop|Kingambit, M|100\/100\n|turn|1\n|\n|t:|1698462422\n|-end|p2a: Pawn Shop|fallenundefined|[silent]\n|switch|p2a: Hey Oh|Ninetales-Alola, M|100\/100\n|-weather|Snow|[from] ability: Snow Warning|[of] p2a: Hey Oh\n|detailschange|p1a: Slowbro|Slowbro-Mega, F\n|-mega|p1a: Slowbro|Slowbro|Slowbronite\n|move|p1a: Slowbro|Body Press|p2a: Hey Oh\n|-damage|p2a: Hey Oh|74\/100\n|\n|-weather|Snow|[upkeep]\n|upkeep\n|turn|2\n|\n|t:|1698462434\n|switch|p1a: Latios|Latios, M, shiny|100\/100\n|move|p2a: Hey Oh|Aurora Veil|p2a: Hey Oh\n|-sidestart|p2: Harmony6|move: Aurora Veil\n|\n|-weather|Snow|[upkeep]\n|upkeep\n|turn|3\n|\n|t:|1698462442\n|switch|p2a: Duraludox|Baxcalibur, M|100\/100\n|move|p1a: Latios|Mystical Fire|p2a: Duraludox\n|-damage|p2a: Duraludox|81\/100\n|-unboost|p2a: Duraludox|spa|1\n|-ability|p2a: Duraludox|Thermal Exchange|boost\n|-boost|p2a: Duraludox|atk|1\n|-damage|p1a: Latios|91\/100|[from] item: Life Orb\n|\n|-weather|Snow|[upkeep]\n|upkeep\n|turn|4\n|\n|t:|1698462449\n|switch|p2a: Mirror Mirror|Hatterene, F, shiny|100\/100\n|move|p1a: Latios|Draco Meteor|p2a: Mirror Mirror\n|-immune|p2a: Mirror Mirror\n|\n|-weather|Snow|[upkeep]\n|upkeep\n|turn|5\n|\n|t:|1698462460\n|switch|p1a: Slowking|Slowking-Galar, F|100\/100\n|move|p2a: Mirror Mirror|Mystical Fire|p1a: Slowking\n|-damage|p1a: Slowking|91\/100\n|-unboost|p1a: Slowking|spa|1\n|\n|-weather|none\n|upkeep\n|turn|6\n|\n|t:|1698462464\n|switch|p2a: Comeback Szn|Magnezone|100\/100\n|switch|p1a: Latias|Latias, F, shiny|100\/100\n|\n|upkeep\n|turn|7\n|\n|t:|1698462469\n|move|p1a: Latias|Defog|p2a: Comeback Szn\n|-unboost|p2a: Comeback Szn|evasion|1\n|-sideend|p2: Harmony6|move: Aurora Veil\n|move|p2a: Comeback Szn|Volt Switch|p1a: Latias\n|-resisted|p1a: Latias\n|-damage|p1a: Latias|74\/100\n|\n|t:|1698462485\n|switch|p2a: Pawn Shop|Kingambit, M|100\/100|[from] Volt Switch\n|\n|upkeep\n|turn|8\n|\n|t:|1698462489\n|switch|p1a: Slowbro|Slowbro-Mega, F|100\/100\n|move|p2a: Pawn Shop|Sucker Punch||[still]\n|-fail|p2a: Pawn Shop\n|\n|upkeep\n|turn|9\n|\n|t:|1698462504\n|-end|p2a: Pawn Shop|fallenundefined|[silent]\n|switch|p2a: Mask Off|Ogerpon-Wellspring, F|100\/100\n|move|p1a: Slowbro|Body Press|p2a: Mask Off\n|-damage|p2a: Mask Off|58\/100\n|\n|upkeep\n|turn|10\n|\n|t:|1698462507\n|move|p2a: Mask Off|Horn Leech|p1a: Slowbro\n|-supereffective|p1a: Slowbro\n|-damage|p1a: Slowbro|59\/100\n|-heal|p2a: Mask Off|85\/100|[from] drain|[of] p1a: Slowbro\n|move|p1a: Slowbro|Iron Defense|p1a: Slowbro\n|-boost|p1a: Slowbro|def|2\n|\n|upkeep\n|turn|11\n|\n|t:|1698462512\n|move|p2a: Mask Off|Taunt|p1a: Slowbro\n|-start|p1a: Slowbro|move: Taunt\n|move|p1a: Slowbro|Body Press|p2a: Mask Off\n|-crit|p2a: Mask Off\n|-damage|p2a: Mask Off|0 fnt\n|faint|p2a: Mask Off\n|\n|upkeep\n|\n|t:|1698462517\n|switch|p2a: Hey Oh|Ninetales-Alola, M|74\/100\n|-weather|Snow|[from] ability: Snow Warning|[of] p2a: Hey Oh\n|turn|12\n|\n|t:|1698462527\n|switch|p1a: Slowking|Slowking-Galar, F|100\/100\n|move|p2a: Hey Oh|Aurora Veil|p2a: Hey Oh\n|-sidestart|p2: Harmony6|move: Aurora Veil\n|\n|-weather|Snow|[upkeep]\n|upkeep\n|turn|13\n|\n|t:|1698462531\n|move|p2a: Hey Oh|Hypnosis|p1a: Slowking\n|-status|p1a: Slowking|slp|[from] move: Hypnosis\n|cant|p1a: Slowking|slp\n|\n|-weather|Snow|[upkeep]\n|upkeep\n|turn|14\n|\n|t:|1698462567\n|switch|p2a: Pawn Shop|Kingambit, M|100\/100\n|-activate|p2a: Pawn Shop|ability: Supreme Overlord\n|-start|p2a: Pawn Shop|fallen1|[silent]\n|switch|p1a: Latios|Latios, M, shiny|91\/100\n|\n|-weather|Snow|[upkeep]\n|upkeep\n|turn|15\n|\n|t:|1698462575\n|move|p1a: Latios|Mystical Fire|p2a: Pawn Shop\n|-supereffective|p2a: Pawn Shop\n|-damage|p2a: Pawn Shop|62\/100\n|-unboost|p2a: Pawn Shop|spa|1\n|-damage|p1a: Latios|81\/100|[from] item: Life Orb\n|move|p2a: Pawn Shop|Swords Dance|p2a: Pawn Shop\n|-boost|p2a: Pawn Shop|atk|2\n|\n|-weather|Snow|[upkeep]\n|upkeep\n|turn|16\n|\n|t:|1698462582\n|move|p2a: Pawn Shop|Sucker Punch|p1a: Latios\n|-supereffective|p1a: Latios\n|-damage|p1a: Latios|0 fnt\n|faint|p1a: Latios\n|\n|-weather|none\n|upkeep\n|\n|t:|1698462583\n|switch|p1a: Tapu Lele|Tapu Lele|100\/100\n|-fieldstart|move: Psychic Terrain|[from] ability: Psychic Surge|[of] p1a: Tapu Lele\n|turn|17\n|\n|t:|1698462590\n|-end|p2a: Pawn Shop|fallen1|[silent]\n|switch|p2a: Hey Oh|Ninetales-Alola, M|74\/100\n|-weather|Snow|[from] ability: Snow Warning|[of] p2a: Hey Oh\n|move|p1a: Tapu Lele|Focus Blast|p2a: Hey Oh\n|-damage|p2a: Hey Oh|54\/100\n|\n|-weather|Snow|[upkeep]\n|upkeep\n|turn|18\n|\n|t:|1698462595\n|switch|p1a: Victini|Victini|100\/100\n|move|p2a: Hey Oh|Encore||[still]\n|-fail|p2a: Hey Oh\n|\n|-weather|Snow|[upkeep]\n|upkeep\n|turn|19\n|\n|t:|1698462609\n|move|p2a: Hey Oh|Encore||[still]\n|-fail|p2a: Hey Oh\n|-zpower|p1a: Victini\n|move|p1a: Victini|Z-Celebrate|p1a: Victini|[anim]Celebrate\n|-boost|p1a: Victini|atk|1|[zeffect]\n|-boost|p1a: Victini|def|1|[zeffect]\n|-boost|p1a: Victini|spa|1|[zeffect]\n|-boost|p1a: Victini|spd|1|[zeffect]\n|-boost|p1a: Victini|spe|1|[zeffect]\n|-activate|p1a: Victini|move: Celebrate\n|\n|-weather|Snow|[upkeep]\n|-sideend|p2: Harmony6|move: Aurora Veil\n|upkeep\n|turn|20\n|\n|t:|1698462612\n|move|p1a: Victini|Searing Shot|p2a: Hey Oh\n|-supereffective|p2a: Hey Oh\n|-damage|p2a: Hey Oh|0 fnt\n|faint|p2a: Hey Oh\n|\n|-weather|Snow|[upkeep]\n|upkeep\n|\n|t:|1698462618\n|switch|p2a: Duraludox|Baxcalibur, M|81\/100\n|turn|21\n|\n|t:|1698462621\n|move|p1a: Victini|Focus Blast|p2a: Duraludox\n|-supereffective|p2a: Duraludox\n|-crit|p2a: Duraludox\n|-damage|p2a: Duraludox|0 fnt\n|faint|p2a: Duraludox\n|\n|-weather|none\n|-fieldend|move: Psychic Terrain\n|upkeep\n|\n|t:|1698462625\n|switch|p2a: Pawn Shop|Kingambit, M|62\/100\n|-activate|p2a: Pawn Shop|ability: Supreme Overlord\n|-start|p2a: Pawn Shop|fallen3|[silent]\n|turn|22\n|\n|t:|1698462628\n|-end|p2a: Pawn Shop|fallen3|[silent]\n|switch|p2a: Mirror Mirror|Hatterene, F, shiny|100\/100\n|move|p1a: Victini|Searing Shot|p2a: Mirror Mirror\n|-damage|p2a: Mirror Mirror|27\/100\n|\n|-heal|p2a: Mirror Mirror|33\/100|[from] item: Leftovers\n|upkeep\n|turn|23\n|\n|t:|1698462631\n|move|p1a: Victini|Searing Shot|p2a: Mirror Mirror\n|-damage|p2a: Mirror Mirror|0 fnt\n|faint|p2a: Mirror Mirror\n|\n|upkeep\n|\n|t:|1698462633\n|switch|p2a: Comeback Szn|Magnezone|100\/100\n|turn|24\n|\n|t:|1698462636\n|move|p1a: Victini|Searing Shot|p2a: Comeback Szn\n|-supereffective|p2a: Comeback Szn\n|-damage|p2a: Comeback Szn|0 fnt\n|faint|p2a: Comeback Szn\n|\n|upkeep\n|\n|t:|1698462638\n|switch|p2a: Pawn Shop|Kingambit, M|62\/100\n|-activate|p2a: Pawn Shop|ability: Supreme Overlord\n|-start|p2a: Pawn Shop|fallen5|[silent]\n|turn|25\n|\n|t:|1698462641\n|move|p2a: Pawn Shop|Sucker Punch||[still]\n|-fail|p2a: Pawn Shop\n|move|p1a: Victini|Celebrate|p1a: Victini\n|-activate|p1a: Victini|move: Celebrate\n|\n|upkeep\n|turn|26\n|\n|t:|1698462651\n|move|p1a: Victini|Searing Shot|p2a: Pawn Shop\n|-supereffective|p2a: Pawn Shop\n|-damage|p2a: Pawn Shop|0 fnt\n|faint|p2a: Pawn Shop\n|-end|p2a: Pawn Shop|fallen5|[silent]\n|\n|win|vespyyy\n|l|\u2606Harmony6\n|l|\u2606vespyyy\n|j|\u2606vespyyy\n|player|p1|vespyyy|juggler\n","uploadtime":1698462761,"views":13,"p1id":"vespyyy","p2id":"harmony6","formatid":"gen9nationaldexubers","rating":0,"private":0,"password":""}