{"id":"gen9nationaldexubers-1995878208","p1":"Djujao","p2":"Aroma Nobody","format":"[Gen 9] National Dex Ubers","log":"|j|\u2606Djujao\n|j|\u2606Aroma Nobody\n|t:|1700612689\n|gametype|singles\n|player|p1|Djujao|pilot|\n|player|p2|Aroma Nobody|turo-ai|\n|teamsize|p1|6\n|teamsize|p2|6\n|gen|9\n|tier|[Gen 9] National Dex Ubers\n|rule|HP Percentage Mod: HP is shown in percentages\n|rule|Endless Battle Clause: Forcing endless battles is banned\n|rule|OHKO Clause: OHKO moves are banned\n|rule|Evasion Moves Clause: Evasion moves are banned\n|rule|Evasion Items Clause: Evasion items are banned\n|rule|Species Clause: Limit one of each Pok\u00e9mon\n|rule|Sleep Clause Mod: Limit one foe put to sleep\n|rule|Mega Rayquaza Clause: You cannot mega evolve Rayquaza\n|clearpoke\n|poke|p1|Iron Bundle|\n|poke|p1|Lopunny, F|\n|poke|p1|Tapu Koko|\n|poke|p1|Clodsire, F|\n|poke|p1|Moltres|\n|poke|p1|Gholdengo|\n|poke|p2|Deoxys-Speed|\n|poke|p2|Tapu Lele|\n|poke|p2|Sneasler, M|\n|poke|p2|Gardevoir, F|\n|poke|p2|Slowbro, F|\n|poke|p2|Victini|\n|teampreview\n|c|\u2606Aroma Nobody|glhf\n|c|\u2606Aroma Nobody|ooh moltres\n|c|\u2606Djujao|glhf!\n|c|\u2606Aroma Nobody|I like it\n|\n|t:|1700612709\n|start\n|switch|p1a: Lopunny|Lopunny, F|100\/100\n|switch|p2a: Deoxys|Deoxys-Speed|100\/100\n|-ability|p2a: Deoxys|Pressure\n|turn|1\n|\n|t:|1700612723\n|switch|p2a: Tapu Lele|Tapu Lele|100\/100\n|-fieldstart|move: Psychic Terrain|[from] ability: Psychic Surge|[of] p2a: Tapu Lele\n|detailschange|p1a: Lopunny|Lopunny-Mega, F\n|-mega|p1a: Lopunny|Lopunny|Lopunnite\n|move|p1a: Lopunny|Fake Out|p2a: Tapu Lele\n|-activate|p2a: Tapu Lele|move: Psychic Terrain\n|\n|upkeep\n|turn|2\n|\n|t:|1700612740\n|switch|p1a: Gholdengo|Gholdengo|100\/100\n|move|p2a: Tapu Lele|Psychic|p1a: Gholdengo\n|-resisted|p1a: Gholdengo\n|-crit|p1a: Gholdengo\n|-damage|p1a: Gholdengo|50\/100\n|\n|upkeep\n|turn|3\n|\n|t:|1700612759\n|switch|p2a: Deoxys|Deoxys-Speed|100\/100\n|-ability|p2a: Deoxys|Pressure\n|move|p1a: Gholdengo|Make It Rain|p2a: Deoxys\n|-damage|p2a: Deoxys|22\/100\n|-unboost|p1a: Gholdengo|spa|1\n|\n|upkeep\n|turn|4\n|\n|t:|1700612788\n|switch|p1a: Moltres|Moltres|100\/100\n|move|p2a: Deoxys|Stealth Rock|p1a: Moltres\n|-sidestart|p1: Djujao|move: Stealth Rock\n|\n|upkeep\n|turn|5\n|\n|t:|1700612794\n|move|p2a: Deoxys|Taunt|p1a: Moltres\n|-start|p1a: Moltres|move: Taunt\n|move|p1a: Moltres|U-turn|p2a: Deoxys\n|-supereffective|p2a: Deoxys\n|-damage|p2a: Deoxys|0 fnt\n|faint|p2a: Deoxys\n|\n|t:|1700612809\n|switch|p1a: Gholdengo|Gholdengo|50\/100|[from] U-turn\n|-damage|p1a: Gholdengo|44\/100|[from] Stealth Rock\n|\n|-fieldend|move: Psychic Terrain\n|upkeep\n|\n|t:|1700612836\n|switch|p2a: Gardevoir|Gardevoir, F|100\/100\n|-ability|p2a: Gardevoir|Good as Gold|[from] ability: Trace|[of] p1a: Gholdengo\n|turn|6\n|\n|t:|1700612870\n|switch|p1a: Moltres|Moltres|100\/100\n|detailschange|p2a: Gardevoir|Gardevoir-Mega, F\n|-mega|p2a: Gardevoir|Gardevoir|Gardevoirite\n|move|p2a: Gardevoir|Mystical Fire|p1a: Moltres\n|-resisted|p1a: Moltres\n|-damage|p1a: Moltres|85\/100\n|-unboost|p1a: Moltres|spa|1\n|\n|upkeep\n|turn|7\n|\n|t:|1700612882\n|switch|p2a: Victini|Victini|100\/100\n|move|p1a: Moltres|U-turn|p2a: Victini\n|-crit|p2a: Victini\n|-damage|p2a: Victini|77\/100\n|\n|t:|1700612897\n|switch|p1a: Clodsire|Clodsire, F|100\/100|[from] U-turn\n|-damage|p1a: Clodsire|94\/100|[from] Stealth Rock\n|\n|-heal|p1a: Clodsire|100\/100|[from] item: Leftovers\n|upkeep\n|turn|8\n|\n|t:|1700612942\n|switch|p2a: Tapu Lele|Tapu Lele|100\/100\n|-fieldstart|move: Psychic Terrain|[from] ability: Psychic Surge|[of] p2a: Tapu Lele\n|move|p1a: Clodsire|Earthquake|p2a: Tapu Lele\n|-damage|p2a: Tapu Lele|62\/100\n|\n|upkeep\n|turn|9\n|\n|t:|1700612962\n|move|p2a: Tapu Lele|Psychic|p1a: Clodsire\n|-supereffective|p1a: Clodsire\n|-damage|p1a: Clodsire|41\/100\n|move|p1a: Clodsire|Spikes|p2a: Tapu Lele\n|-sidestart|p2: Aroma Nobody|Spikes\n|\n|-heal|p1a: Clodsire|47\/100|[from] item: Leftovers\n|upkeep\n|turn|10\n|\n|t:|1700612977\n|move|p2a: Tapu Lele|Psychic|p1a: Clodsire\n|-supereffective|p1a: Clodsire\n|-damage|p1a: Clodsire|0 fnt\n|faint|p1a: Clodsire\n|\n|upkeep\n|\n|t:|1700613015\n|switch|p1a: Tapu Koko|Tapu Koko|100\/100\n|-damage|p1a: Tapu Koko|88\/100|[from] Stealth Rock\n|-fieldstart|move: Electric Terrain|[from] ability: Electric Surge|[of] p1a: Tapu Koko\n|turn|11\n|\n|t:|1700613043\n|switch|p2a: Slowbro|Slowbro, F|100\/100\n|move|p1a: Tapu Koko|Volt Switch|p2a: Slowbro\n|-supereffective|p2a: Slowbro\n|-damage|p2a: Slowbro|0 fnt\n|faint|p2a: Slowbro\n|\n|t:|1700613051\n|switch|p1a: Iron Bundle|Iron Bundle|100\/100|[from] Volt Switch\n|-damage|p1a: Iron Bundle|76\/100|[from] Stealth Rock\n|-activate|p1a: Iron Bundle|ability: Quark Drive\n|-start|p1a: Iron Bundle|quarkdrivespe\n|\n|upkeep\n|c|\u2606Aroma Nobody|thank you for your sacrifice slowbro\n|\n|t:|1700613062\n|switch|p2a: Tapu Lele|Tapu Lele|62\/100\n|-damage|p2a: Tapu Lele|49\/100|[from] Spikes\n|-fieldstart|move: Psychic Terrain|[from] ability: Psychic Surge|[of] p2a: Tapu Lele\n|-end|p1a: Iron Bundle|Quark Drive\n|turn|12\n|c|\u2606Djujao|RIP\n|\n|t:|1700613072\n|-end|p1a: Iron Bundle|Quark Drive|[silent]\n|switch|p1a: Tapu Koko|Tapu Koko|88\/100\n|-damage|p1a: Tapu Koko|76\/100|[from] Stealth Rock\n|-fieldstart|move: Electric Terrain|[from] ability: Electric Surge|[of] p1a: Tapu Koko\n|move|p2a: Tapu Lele|Psychic|p1a: Tapu Koko\n|-damage|p1a: Tapu Koko|9\/100\n|\n|upkeep\n|turn|13\n|\n|t:|1700613087\n|move|p2a: Tapu Lele|Psychic|p1a: Tapu Koko\n|-damage|p1a: Tapu Koko|0 fnt\n|faint|p1a: Tapu Koko\n|\n|upkeep\n|\n|t:|1700613092\n|switch|p1a: Iron Bundle|Iron Bundle|76\/100\n|-damage|p1a: Iron Bundle|51\/100|[from] Stealth Rock\n|-activate|p1a: Iron Bundle|ability: Quark Drive\n|-start|p1a: Iron Bundle|quarkdrivespe\n|turn|14\n|\n|t:|1700613098\n|switch|p2a: Gardevoir|Gardevoir-Mega, F|100\/100\n|-damage|p2a: Gardevoir|88\/100|[from] Spikes\n|move|p1a: Iron Bundle|Hydro Pump|p2a: Gardevoir\n|-damage|p2a: Gardevoir|11\/100\n|\n|upkeep\n|turn|15\n|\n|t:|1700613106\n|move|p1a: Iron Bundle|Hydro Pump|p2a: Gardevoir\n|-damage|p2a: Gardevoir|0 fnt\n|faint|p2a: Gardevoir\n|\n|upkeep\n|\n|t:|1700613117\n|switch|p2a: Tapu Lele|Tapu Lele|49\/100\n|-damage|p2a: Tapu Lele|37\/100|[from] Spikes\n|-fieldstart|move: Psychic Terrain|[from] ability: Psychic Surge|[of] p2a: Tapu Lele\n|-end|p1a: Iron Bundle|Quark Drive\n|turn|16\n|\n|t:|1700613132\n|-end|p1a: Iron Bundle|Quark Drive|[silent]\n|switch|p1a: Moltres|Moltres|85\/100\n|move|p2a: Tapu Lele|Psychic|p1a: Moltres\n|-damage|p1a: Moltres|23\/100\n|\n|upkeep\n|turn|17\n|\n|t:|1700613139\n|-terastallize|p1a: Moltres|Dark\n|move|p2a: Tapu Lele|Psychic|p1a: Moltres\n|-immune|p1a: Moltres\n|move|p1a: Moltres|Roost|p1a: Moltres\n|-heal|p1a: Moltres|73\/100\n|\n|upkeep\n|turn|18\n|c|\u2606Aroma Nobody|that's rude\n|\n|t:|1700613153\n|switch|p2a: Victini|Victini|77\/100\n|-damage|p2a: Victini|65\/100|[from] Spikes\n|move|p1a: Moltres|Will-O-Wisp|p2a: Victini|[miss]\n|-miss|p1a: Moltres|p2a: Victini\n|\n|upkeep\n|turn|19\n|\n|t:|1700613163\n|-zpower|p2a: Victini\n|move|p2a: Victini|Z-Celebrate|p2a: Victini|[anim]Celebrate\n|-boost|p2a: Victini|atk|1|[zeffect]\n|-boost|p2a: Victini|def|1|[zeffect]\n|-boost|p2a: Victini|spa|1|[zeffect]\n|-boost|p2a: Victini|spd|1|[zeffect]\n|-boost|p2a: Victini|spe|1|[zeffect]\n|-activate|p2a: Victini|move: Celebrate\n|move|p1a: Moltres|U-turn|p2a: Victini\n|-damage|p2a: Victini|54\/100\n|c|\u2606Djujao|ruh roh\n|\n|t:|1700613186\n|switch|p1a: Iron Bundle|Iron Bundle|51\/100|[from] U-turn\n|-damage|p1a: Iron Bundle|26\/100|[from] Stealth Rock\n|\n|upkeep\n|turn|20\n|c|\u2606Aroma Nobody|I forgot victini got this\n|\n|t:|1700613194\n|move|p2a: Victini|Thunderbolt|p1a: Iron Bundle\n|-supereffective|p1a: Iron Bundle\n|-damage|p1a: Iron Bundle|0 fnt\n|faint|p1a: Iron Bundle\n|-end|p1a: Iron Bundle|Quark Drive|[silent]\n|\n|-fieldend|move: Psychic Terrain\n|upkeep\n|\n|t:|1700613202\n|switch|p1a: Lopunny|Lopunny-Mega, F|100\/100\n|-damage|p1a: Lopunny|95\/100|[from] Stealth Rock\n|turn|21\n|c|\u2606Aroma Nobody|had to use it as soon as I remembered\n|\n|t:|1700613211\n|move|p1a: Lopunny|Fake Out|p2a: Victini\n|-damage|p2a: Victini|39\/100\n|cant|p2a: Victini|flinch\n|\n|upkeep\n|turn|22\n|\n|t:|1700613217\n|move|p2a: Victini|Stored Power|p1a: Lopunny\n|-supereffective|p1a: Lopunny\n|-damage|p1a: Lopunny|0 fnt\n|faint|p1a: Lopunny\n|\n|upkeep\n|c|\u2606Aroma Nobody|that did so little\n|\n|t:|1700613222\n|switch|p1a: Moltres|Moltres, tera:Dark|73\/100\n|turn|23\n|\n|t:|1700613228\n|move|p2a: Victini|Flamethrower|p1a: Moltres\n|-crit|p1a: Moltres\n|-damage|p1a: Moltres|5\/100\n|move|p1a: Moltres|U-turn|p2a: Victini\n|-damage|p2a: Victini|30\/100\n|\n|t:|1700613233\n|switch|p1a: Gholdengo|Gholdengo|44\/100|[from] U-turn\n|-damage|p1a: Gholdengo|38\/100|[from] Stealth Rock\n|\n|upkeep\n|turn|24\n|c|\u2606Djujao|gg\n|\n|t:|1700613238\n|move|p2a: Victini|Flamethrower|p1a: Gholdengo\n|-supereffective|p1a: Gholdengo\n|-damage|p1a: Gholdengo|0 fnt\n|faint|p1a: Gholdengo\n|\n|upkeep\n|c|\u2606Aroma Nobody|gg\n|\n|t:|1700613243\n|switch|p1a: Moltres|Moltres, tera:Dark|5\/100\n|turn|25\n|c|\u2606Djujao|shouldnt have let clod die\n|\n|t:|1700613256\n|move|p2a: Victini|Flamethrower|p1a: Moltres\n|-damage|p1a: Moltres|0 fnt\n|faint|p1a: Moltres\n|\n|win|Aroma Nobody\n|c|\u2606Aroma Nobody|yeah\n|c|\u2606Aroma Nobody|I mean it was a 2hko anyways\n|c|\u2606Djujao|still\n|c|\u2606Aroma Nobody|unaware doesn't stop stored power\n|c|\u2606Djujao|i had tera dark on it lol\n|c|\u2606Djujao|oh well\n|c|\u2606Djujao|gg\n|l|\u2606Djujao\n|c|\u2606Aroma Nobody|ooooh nice\n|c|\u2606Aroma Nobody|gg\n","uploadtime":1700613342,"views":1,"p1id":"djujao","p2id":"aromanobody","formatid":"gen9nationaldexubers","rating":0,"private":0,"password":""}