{"id":"gen9nationaldexubers-1985390163","p1":"MarcusAurelius345","p2":"fsfs43f","format":"[Gen 9] National Dex Ubers","log":"|j|\u2606MarcusAurelius345\n|j|\u2606fsfs43f\n|t:|1699370679\n|gametype|singles\n|player|p1|MarcusAurelius345|palmer|1028\n|player|p2|fsfs43f|cyclistf-gen4|1084\n|teamsize|p1|6\n|teamsize|p2|6\n|gen|9\n|tier|[Gen 9] National Dex Ubers\n|rated|\n|rule|HP Percentage Mod: HP is shown in percentages\n|rule|Endless Battle Clause: Forcing endless battles is banned\n|rule|OHKO Clause: OHKO moves are banned\n|rule|Evasion Moves Clause: Evasion moves are banned\n|rule|Evasion Items Clause: Evasion items are banned\n|rule|Species Clause: Limit one of each Pok\u00e9mon\n|rule|Sleep Clause Mod: Limit one foe put to sleep\n|rule|Mega Rayquaza Clause: You cannot mega evolve Rayquaza\n|clearpoke\n|poke|p1|Torkoal, M|\n|poke|p1|Venusaur, F|\n|poke|p1|Regieleki|\n|poke|p1|Landorus-Therian, M|\n|poke|p1|Urshifu-*, F|\n|poke|p1|Weavile, F|\n|poke|p2|Giratina|\n|poke|p2|Dondozo, M|\n|poke|p2|Chansey, F|\n|poke|p2|Tyranitar, F|\n|poke|p2|Ho-Oh|\n|poke|p2|Mewtwo|\n|teampreview\n|inactive|Battle timer is ON: inactive players will automatically lose when time's up. (requested by fsfs43f)\n|\n|t:|1699370698\n|start\n|switch|p1a: Torkoal|Torkoal, M|100\/100\n|switch|p2a: Tyranitar|Tyranitar, F|100\/100\n|-weather|Sandstorm|[from] ability: Sand Stream|[of] p2a: Tyranitar\n|-weather|SunnyDay|[from] ability: Drought|[of] p1a: Torkoal\n|turn|1\n|\n|t:|1699370709\n|detailschange|p2a: Tyranitar|Tyranitar-Mega, F\n|-mega|p2a: Tyranitar|Tyranitar|Tyranitarite\n|-weather|Sandstorm|[from] ability: Sand Stream|[of] p2a: Tyranitar\n|move|p2a: Tyranitar|Stealth Rock|p1a: Torkoal\n|-sidestart|p1: MarcusAurelius345|move: Stealth Rock\n|move|p1a: Torkoal|Body Press|p2a: Tyranitar\n|-supereffective|p2a: Tyranitar\n|-damage|p2a: Tyranitar|25\/100\n|\n|-weather|Sandstorm|[upkeep]\n|-damage|p1a: Torkoal|94\/100|[from] Sandstorm\n|upkeep\n|turn|2\n|\n|t:|1699370721\n|switch|p2a: Mewtwo|Mewtwo|100\/100\n|-ability|p2a: Mewtwo|Pressure\n|move|p1a: Torkoal|Stealth Rock|p2a: Mewtwo\n|-sidestart|p2: fsfs43f|move: Stealth Rock\n|\n|-weather|Sandstorm|[upkeep]\n|-damage|p2a: Mewtwo|94\/100|[from] Sandstorm\n|-damage|p1a: Torkoal|88\/100|[from] Sandstorm\n|upkeep\n|turn|3\n|\n|t:|1699370730\n|move|p2a: Mewtwo|Will-O-Wisp|p1a: Torkoal\n|-immune|p1a: Torkoal\n|move|p1a: Torkoal|Toxic|p2a: Mewtwo\n|-status|p2a: Mewtwo|tox\n|\n|-weather|Sandstorm|[upkeep]\n|-damage|p2a: Mewtwo|88\/100 tox|[from] Sandstorm\n|-damage|p1a: Torkoal|82\/100|[from] Sandstorm\n|-damage|p2a: Mewtwo|82\/100 tox|[from] psn\n|upkeep\n|turn|4\n|\n|t:|1699370741\n|move|p2a: Mewtwo|Psystrike|p1a: Torkoal\n|-damage|p1a: Torkoal|55\/100\n|move|p1a: Torkoal|Lava Plume|p2a: Mewtwo\n|-damage|p2a: Mewtwo|58\/100 tox\n|\n|-weather|Sandstorm|[upkeep]\n|-damage|p2a: Mewtwo|52\/100 tox|[from] Sandstorm\n|-damage|p1a: Torkoal|49\/100|[from] Sandstorm\n|-damage|p2a: Mewtwo|40\/100 tox|[from] psn\n|upkeep\n|turn|5\n|\n|t:|1699370752\n|move|p2a: Mewtwo|Recover|p2a: Mewtwo\n|-heal|p2a: Mewtwo|90\/100 tox\n|move|p1a: Torkoal|Lava Plume|p2a: Mewtwo\n|-damage|p2a: Mewtwo|67\/100 tox\n|\n|-weather|none\n|-damage|p2a: Mewtwo|48\/100 tox|[from] psn\n|upkeep\n|turn|6\n|\n|t:|1699370768\n|switch|p2a: Giratina|Giratina|100\/100\n|-damage|p2a: Giratina|88\/100|[from] Stealth Rock\n|-ability|p2a: Giratina|Pressure\n|move|p1a: Torkoal|Lava Plume|p2a: Giratina\n|-resisted|p2a: Giratina\n|-damage|p2a: Giratina|81\/100\n|-status|p2a: Giratina|brn\n|\n|-heal|p2a: Giratina|87\/100 brn|[from] item: Leftovers\n|-damage|p2a: Giratina|81\/100 brn|[from] brn\n|upkeep\n|turn|7\n|\n|t:|1699370793\n|switch|p1a: Weavile|Weavile, F|100\/100\n|move|p2a: Giratina|Toxic|p1a: Weavile|[miss]\n|-miss|p2a: Giratina|p1a: Weavile\n|\n|-heal|p2a: Giratina|87\/100 brn|[from] item: Leftovers\n|-damage|p2a: Giratina|81\/100 brn|[from] brn\n|upkeep\n|turn|8\n|\n|t:|1699370812\n|-terastallize|p2a: Giratina|Poison\n|move|p1a: Weavile|Swords Dance|p1a: Weavile\n|-boost|p1a: Weavile|atk|2\n|move|p2a: Giratina|Toxic|p1a: Weavile\n|-status|p1a: Weavile|tox\n|\n|-heal|p2a: Giratina|87\/100 brn|[from] item: Leftovers\n|-damage|p1a: Weavile|94\/100 tox|[from] psn\n|-damage|p2a: Giratina|81\/100 brn|[from] brn\n|upkeep\n|turn|9\n|\n|t:|1699370827\n|switch|p2a: Dondozo|Dondozo, M|100\/100\n|-damage|p2a: Dondozo|88\/100|[from] Stealth Rock\n|move|p1a: Weavile|Triple Axel|p2a: Dondozo\n|-resisted|p2a: Dondozo\n|-damage|p2a: Dondozo|86\/100\n|-resisted|p2a: Dondozo\n|-damage|p2a: Dondozo|81\/100\n|-resisted|p2a: Dondozo\n|-damage|p2a: Dondozo|75\/100\n|-hitcount|p2a: Dondozo|3\n|\n|-heal|p2a: Dondozo|81\/100|[from] item: Leftovers\n|-damage|p1a: Weavile|82\/100 tox|[from] psn\n|upkeep\n|turn|10\n|\n|t:|1699370842\n|move|p1a: Weavile|Knock Off|p2a: Dondozo\n|-damage|p2a: Dondozo|60\/100\n|-enditem|p2a: Dondozo|Leftovers|[from] move: Knock Off|[of] p1a: Weavile\n|move|p2a: Dondozo|Liquidation|p1a: Weavile\n|-damage|p1a: Weavile|30\/100 tox\n|\n|-damage|p1a: Weavile|12\/100 tox|[from] psn\n|upkeep\n|turn|11\n|\n|t:|1699370853\n|move|p1a: Weavile|Knock Off|p2a: Dondozo\n|-damage|p2a: Dondozo|45\/100\n|move|p2a: Dondozo|Rest|p2a: Dondozo\n|-status|p2a: Dondozo|slp|[from] move: Rest\n|-heal|p2a: Dondozo|100\/100 slp|[silent]\n|\n|-damage|p1a: Weavile|0 fnt|[from] psn\n|faint|p1a: Weavile\n|upkeep\n|\n|t:|1699370862\n|switch|p1a: Regieleki|Regieleki|100\/100\n|turn|12\n|\n|t:|1699370867\n|switch|p2a: Chansey|Chansey, F|100\/100\n|-damage|p2a: Chansey|88\/100|[from] Stealth Rock\n|move|p1a: Regieleki|Electro Ball|p2a: Chansey\n|-damage|p2a: Chansey|68\/100\n|\n|upkeep\n|turn|13\n|\n|t:|1699370876\n|move|p1a: Regieleki|Volt Switch|p2a: Chansey\n|-damage|p2a: Chansey|58\/100\n|\n|t:|1699370879\n|switch|p1a: Urshifu|Urshifu-Rapid-Strike, F|100\/100|[from] Volt Switch\n|-damage|p1a: Urshifu|94\/100|[from] Stealth Rock\n|move|p2a: Chansey|Heal Bell|p2a: Chansey\n|-activate|p2a: Chansey|move: Heal Bell\n|-curestatus|p2: Giratina|brn|[msg]\n|-curestatus|p2: Dondozo|slp|[msg]\n|-curestatus|p2: Mewtwo|tox|[msg]\n|\n|upkeep\n|turn|14\n|\n|t:|1699370895\n|switch|p2a: Dondozo|Dondozo, M|100\/100\n|-damage|p2a: Dondozo|88\/100|[from] Stealth Rock\n|move|p1a: Urshifu|Close Combat|p2a: Dondozo\n|-damage|p2a: Dondozo|50\/100\n|-unboost|p1a: Urshifu|def|1\n|-unboost|p1a: Urshifu|spd|1\n|\n|upkeep\n|turn|15\n|\n|t:|1699370904\n|move|p1a: Urshifu|Close Combat|p2a: Dondozo\n|-damage|p2a: Dondozo|8\/100\n|-unboost|p1a: Urshifu|def|1\n|-unboost|p1a: Urshifu|spd|1\n|move|p2a: Dondozo|Rest|p2a: Dondozo\n|-status|p2a: Dondozo|slp|[from] move: Rest\n|-heal|p2a: Dondozo|100\/100 slp|[silent]\n|\n|upkeep\n|turn|16\n|\n|t:|1699370914\n|switch|p2a: Ho-Oh|Ho-Oh|100\/100\n|move|p1a: Urshifu|Close Combat|p2a: Ho-Oh\n|-resisted|p2a: Ho-Oh\n|-crit|p2a: Ho-Oh\n|-damage|p2a: Ho-Oh|56\/100\n|-unboost|p1a: Urshifu|def|1\n|-unboost|p1a: Urshifu|spd|1\n|\n|upkeep\n|turn|17\n|\n|t:|1699370927\n|switch|p1a: Regieleki|Regieleki|100\/100\n|move|p2a: Ho-Oh|Defog|p1a: Regieleki\n|-unboost|p1a: Regieleki|evasion|1\n|-sideend|p1: MarcusAurelius345|Stealth Rock|[from] move: Defog|[of] p2a: Ho-Oh\n|-sideend|p2: fsfs43f|Stealth Rock|[from] move: Defog|[of] p2a: Ho-Oh\n|\n|upkeep\n|turn|18\n|\n|t:|1699370938\n|switch|p2a: Chansey|Chansey, F|58\/100\n|move|p1a: Regieleki|Thunder Cage|p2a: Chansey\n|-damage|p2a: Chansey|47\/100\n|-activate|p2a: Chansey|move: Thunder Cage|[of] p1a: Regieleki\n|\n|-damage|p2a: Chansey|34\/100|[from] move: Thunder Cage|[partiallytrapped]\n|upkeep\n|turn|19\n|\n|t:|1699370947\n|move|p1a: Regieleki|Volt Switch|p2a: Chansey\n|-damage|p2a: Chansey|25\/100\n|\n|t:|1699370954\n|switch|p1a: Torkoal|Torkoal, M|49\/100|[from] Volt Switch\n|-weather|SunnyDay|[from] ability: Drought|[of] p1a: Torkoal\n|move|p2a: Chansey|Soft-Boiled|p2a: Chansey\n|-heal|p2a: Chansey|75\/100\n|\n|-weather|SunnyDay|[upkeep]\n|-end|p2a: Chansey|Thunder Cage|[partiallytrapped]|[silent]\n|upkeep\n|turn|20\n|\n|t:|1699370964\n|switch|p2a: Giratina|Giratina, tera:Poison|81\/100\n|-ability|p2a: Giratina|Pressure\n|move|p1a: Torkoal|Toxic|p2a: Giratina\n|-immune|p2a: Giratina\n|\n|-weather|SunnyDay|[upkeep]\n|-heal|p2a: Giratina|87\/100|[from] item: Leftovers\n|upkeep\n|turn|21\n|\n|t:|1699370978\n|move|p2a: Giratina|Toxic|p1a: Torkoal\n|-status|p1a: Torkoal|tox\n|move|p1a: Torkoal|Stealth Rock|p2a: Giratina\n|-sidestart|p2: fsfs43f|move: Stealth Rock\n|\n|-weather|SunnyDay|[upkeep]\n|-heal|p2a: Giratina|93\/100|[from] item: Leftovers\n|-damage|p1a: Torkoal|43\/100 tox|[from] psn\n|upkeep\n|turn|22\n|\n|t:|1699370992\n|move|p2a: Giratina|Defog|p1a: Torkoal\n|-unboost|p1a: Torkoal|evasion|1\n|-sideend|p2: fsfs43f|Stealth Rock|[from] move: Defog|[of] p2a: Giratina\n|move|p1a: Torkoal|Lava Plume|p2a: Giratina\n|-damage|p2a: Giratina|70\/100\n|\n|-weather|SunnyDay|[upkeep]\n|-heal|p2a: Giratina|76\/100|[from] item: Leftovers\n|-damage|p1a: Torkoal|31\/100 tox|[from] psn\n|upkeep\n|turn|23\n|\n|t:|1699371003\n|move|p2a: Giratina|Toxic|p1a: Torkoal\n|-fail|p1a: Torkoal|tox\n|move|p1a: Torkoal|Lava Plume|p2a: Giratina\n|-damage|p2a: Giratina|54\/100\n|\n|-weather|SunnyDay|[upkeep]\n|-heal|p2a: Giratina|60\/100|[from] item: Leftovers\n|-damage|p1a: Torkoal|12\/100 tox|[from] psn\n|upkeep\n|turn|24\n|\n|t:|1699371022\n|move|p1a: Torkoal|Lava Plume|p2a: Giratina\n|-damage|p2a: Giratina|38\/100\n|move|p2a: Giratina|Dragon Tail|p1a: Torkoal\n|-damage|p1a: Torkoal|1\/100 tox\n|drag|p1a: Venusaur|Venusaur, F|100\/100\n|\n|-weather|SunnyDay|[upkeep]\n|-heal|p2a: Giratina|44\/100|[from] item: Leftovers\n|upkeep\n|turn|25\n|\n|t:|1699371037\n|switch|p2a: Ho-Oh|Ho-Oh|89\/100\n|move|p1a: Venusaur|Solar Beam||[still]\n|-prepare|p1a: Venusaur|Solar Beam\n|-anim|p1a: Venusaur|Solar Beam|p2a: Ho-Oh\n|-resisted|p2a: Ho-Oh\n|-damage|p2a: Ho-Oh|79\/100\n|-damage|p1a: Venusaur|91\/100|[from] item: Life Orb\n|\n|-weather|SunnyDay|[upkeep]\n|upkeep\n|turn|26\n|\n|t:|1699371050\n|switch|p1a: Regieleki|Regieleki|100\/100\n|move|p2a: Ho-Oh|Sacred Fire|p1a: Regieleki\n|-damage|p1a: Regieleki|0 fnt\n|faint|p1a: Regieleki\n|\n|-weather|none\n|upkeep\n|\n|t:|1699371059\n|switch|p1a: Urshifu|Urshifu-Rapid-Strike, F|94\/100\n|turn|27\n|\n|t:|1699371065\n|switch|p2a: Mewtwo|Mewtwo|48\/100\n|-ability|p2a: Mewtwo|Pressure\n|-terastallize|p1a: Urshifu|Water\n|move|p1a: Urshifu|Surging Strikes|p2a: Mewtwo\n|-crit|p2a: Mewtwo\n|-damage|p2a: Mewtwo|11\/100\n|-damage|p1a: Urshifu|78\/100|[from] item: Rocky Helmet|[of] p2a: Mewtwo\n|-crit|p2a: Mewtwo\n|-damage|p2a: Mewtwo|0 fnt\n|-damage|p1a: Urshifu|61\/100|[from] item: Rocky Helmet|[of] p2a: Mewtwo\n|faint|p2a: Mewtwo\n|-hitcount|p2: Mewtwo|2\n|\n|upkeep\n|\n|t:|1699371071\n|switch|p2a: Dondozo|Dondozo, M|100\/100 slp\n|turn|28\n|\n|t:|1699371086\n|switch|p1a: Venusaur|Venusaur, F|91\/100\n|cant|p2a: Dondozo|slp\n|\n|upkeep\n|turn|29\n|\n|t:|1699371092\n|switch|p2a: Giratina|Giratina, tera:Poison|44\/100\n|-ability|p2a: Giratina|Pressure\n|move|p1a: Venusaur|Solar Beam||[still]\n|-prepare|p1a: Venusaur|Solar Beam\n|\n|-heal|p2a: Giratina|50\/100|[from] item: Leftovers\n|upkeep\n|turn|30\n|\n|t:|1699371101\n|move|p1a: Venusaur|Solar Beam|p2a: Giratina|[from]lockedmove\n|-resisted|p2a: Giratina\n|-damage|p2a: Giratina|30\/100\n|-damage|p1a: Venusaur|81\/100|[from] item: Life Orb\n|move|p2a: Giratina|Dragon Tail|p1a: Venusaur\n|-damage|p1a: Venusaur|53\/100\n|drag|p1a: Urshifu|Urshifu-Rapid-Strike, F, tera:Water|61\/100\n|\n|-heal|p2a: Giratina|36\/100|[from] item: Leftovers\n|upkeep\n|turn|31\n|\n|t:|1699371114\n|switch|p2a: Dondozo|Dondozo, M|100\/100 slp\n|move|p1a: Urshifu|Surging Strikes|p2a: Dondozo\n|-resisted|p2a: Dondozo\n|-crit|p2a: Dondozo\n|-damage|p2a: Dondozo|91\/100 slp\n|-resisted|p2a: Dondozo\n|-crit|p2a: Dondozo\n|-damage|p2a: Dondozo|82\/100 slp\n|-resisted|p2a: Dondozo\n|-crit|p2a: Dondozo\n|-damage|p2a: Dondozo|72\/100 slp\n|-hitcount|p2a: Dondozo|3\n|\n|upkeep\n|turn|32\n|\n|t:|1699371128\n|switch|p1a: Venusaur|Venusaur, F|53\/100\n|cant|p2a: Dondozo|slp\n|\n|upkeep\n|turn|33\n|\n|t:|1699371135\n|switch|p2a: Giratina|Giratina, tera:Poison|36\/100\n|-ability|p2a: Giratina|Pressure\n|move|p1a: Venusaur|Growth|p1a: Venusaur\n|-boost|p1a: Venusaur|atk|1\n|-boost|p1a: Venusaur|spa|1\n|\n|-heal|p2a: Giratina|42\/100|[from] item: Leftovers\n|upkeep\n|turn|34\n|\n|t:|1699371145\n|move|p1a: Venusaur|Earth Power|p2a: Giratina\n|-supereffective|p2a: Giratina\n|-damage|p2a: Giratina|0 fnt\n|faint|p2a: Giratina\n|-damage|p1a: Venusaur|43\/100|[from] item: Life Orb\n|\n|upkeep\n|\n|t:|1699371150\n|switch|p2a: Chansey|Chansey, F|75\/100\n|turn|35\n|\n|t:|1699371157\n|move|p1a: Venusaur|Solar Beam||[still]\n|-prepare|p1a: Venusaur|Solar Beam\n|move|p2a: Chansey|Heal Bell|p2a: Chansey\n|-activate|p2a: Chansey|move: Heal Bell\n|-curestatus|p2: Dondozo|slp|[msg]\n|\n|upkeep\n|turn|36\n|\n|t:|1699371163\n|move|p1a: Venusaur|Solar Beam|p2a: Chansey|[from]lockedmove\n|-damage|p2a: Chansey|49\/100\n|-damage|p1a: Venusaur|33\/100|[from] item: Life Orb\n|move|p2a: Chansey|Seismic Toss|p1a: Venusaur\n|-damage|p1a: Venusaur|0 fnt\n|faint|p1a: Venusaur\n|\n|upkeep\n|\n|t:|1699371176\n|switch|p1a: Landorus|Landorus-Therian, M|100\/100\n|-ability|p1a: Landorus|Intimidate|boost\n|-unboost|p2a: Chansey|atk|1\n|turn|37\n|\n|t:|1699371188\n|move|p1a: Landorus|Knock Off|p2a: Chansey\n|-damage|p2a: Chansey|23\/100\n|-enditem|p2a: Chansey|Eviolite|[from] move: Knock Off|[of] p1a: Landorus\n|move|p2a: Chansey|Seismic Toss|p1a: Landorus\n|-damage|p1a: Landorus|74\/100\n|\n|-heal|p1a: Landorus|80\/100|[from] item: Leftovers\n|upkeep\n|turn|38\n|\n|t:|1699371197\n|move|p1a: Landorus|Earthquake|p2a: Chansey\n|-damage|p2a: Chansey|0 fnt\n|faint|p2a: Chansey\n|\n|-heal|p1a: Landorus|86\/100|[from] item: Leftovers\n|upkeep\n|\n|t:|1699371200\n|switch|p2a: Dondozo|Dondozo, M|72\/100\n|turn|39\n|\n|t:|1699371206\n|move|p1a: Landorus|U-turn|p2a: Dondozo\n|-damage|p2a: Dondozo|63\/100\n|\n|t:|1699371209\n|switch|p1a: Urshifu|Urshifu-Rapid-Strike, F, tera:Water|61\/100|[from] U-turn\n|move|p2a: Dondozo|Curse|p2a: Dondozo\n|-unboost|p2a: Dondozo|spe|1\n|-boost|p2a: Dondozo|atk|1\n|-boost|p2a: Dondozo|def|1\n|\n|upkeep\n|turn|40\n|\n|t:|1699371224\n|move|p1a: Urshifu|Close Combat|p2a: Dondozo\n|-damage|p2a: Dondozo|36\/100\n|-unboost|p1a: Urshifu|def|1\n|-unboost|p1a: Urshifu|spd|1\n|move|p2a: Dondozo|Rest|p2a: Dondozo\n|-status|p2a: Dondozo|slp|[from] move: Rest\n|-heal|p2a: Dondozo|100\/100 slp|[silent]\n|\n|upkeep\n|turn|41\n|\n|t:|1699371234\n|move|p1a: Urshifu|Close Combat|p2a: Dondozo\n|-crit|p2a: Dondozo\n|-damage|p2a: Dondozo|38\/100 slp\n|-unboost|p1a: Urshifu|def|1\n|-unboost|p1a: Urshifu|spd|1\n|cant|p2a: Dondozo|slp\n|\n|upkeep\n|turn|42\n|\n|t:|1699371247\n|switch|p2a: Ho-Oh|Ho-Oh|100\/100\n|move|p1a: Urshifu|Close Combat|p2a: Ho-Oh\n|-resisted|p2a: Ho-Oh\n|-damage|p2a: Ho-Oh|68\/100\n|-unboost|p1a: Urshifu|def|1\n|-unboost|p1a: Urshifu|spd|1\n|\n|upkeep\n|turn|43\n|\n|t:|1699371259\n|switch|p1a: Torkoal|Torkoal, M|1\/100 tox\n|-weather|SunnyDay|[from] ability: Drought|[of] p1a: Torkoal\n|switch|p2a: Dondozo|Dondozo, M|38\/100 slp\n|\n|-weather|SunnyDay|[upkeep]\n|-damage|p1a: Torkoal|0 fnt|[from] psn\n|faint|p1a: Torkoal\n|upkeep\n|\n|t:|1699371270\n|switch|p1a: Urshifu|Urshifu-Rapid-Strike, F, tera:Water|61\/100\n|turn|44\n|\n|t:|1699371275\n|switch|p2a: Ho-Oh|Ho-Oh|100\/100\n|move|p1a: Urshifu|Surging Strikes|p2a: Ho-Oh\n|-supereffective|p2a: Ho-Oh\n|-crit|p2a: Ho-Oh\n|-damage|p2a: Ho-Oh|74\/100\n|-supereffective|p2a: Ho-Oh\n|-crit|p2a: Ho-Oh\n|-damage|p2a: Ho-Oh|47\/100\n|-supereffective|p2a: Ho-Oh\n|-crit|p2a: Ho-Oh\n|-damage|p2a: Ho-Oh|21\/100\n|-hitcount|p2a: Ho-Oh|3\n|\n|-weather|SunnyDay|[upkeep]\n|upkeep\n|turn|45\n|\n|t:|1699371287\n|switch|p2a: Tyranitar|Tyranitar-Mega, F|25\/100\n|-weather|Sandstorm|[from] ability: Sand Stream|[of] p2a: Tyranitar\n|move|p1a: Urshifu|Surging Strikes|p2a: Tyranitar\n|-supereffective|p2a: Tyranitar\n|-crit|p2a: Tyranitar\n|-damage|p2a: Tyranitar|0 fnt\n|faint|p2a: Tyranitar\n|-hitcount|p2: Tyranitar|1\n|\n|-weather|Sandstorm|[upkeep]\n|-damage|p1a: Urshifu|55\/100|[from] Sandstorm\n|upkeep\n|\n|t:|1699371289\n|switch|p2a: Dondozo|Dondozo, M|38\/100 slp\n|turn|46\n|c|\u2606MarcusAurelius345|This was a nice match\n|\n|t:|1699371309\n|move|p1a: Urshifu|Surging Strikes|p2a: Dondozo\n|-resisted|p2a: Dondozo\n|-crit|p2a: Dondozo\n|-damage|p2a: Dondozo|29\/100 slp\n|-resisted|p2a: Dondozo\n|-crit|p2a: Dondozo\n|-damage|p2a: Dondozo|19\/100 slp\n|-resisted|p2a: Dondozo\n|-crit|p2a: Dondozo\n|-damage|p2a: Dondozo|10\/100 slp\n|-hitcount|p2a: Dondozo|3\n|cant|p2a: Dondozo|slp\n|\n|-weather|Sandstorm|[upkeep]\n|-damage|p1a: Urshifu|49\/100|[from] Sandstorm\n|-damage|p2a: Dondozo|4\/100 slp|[from] Sandstorm\n|upkeep\n|turn|47\n|\n|t:|1699371322\n|move|p1a: Urshifu|Surging Strikes|p2a: Dondozo\n|-resisted|p2a: Dondozo\n|-crit|p2a: Dondozo\n|-damage|p2a: Dondozo|0 fnt\n|faint|p2a: Dondozo\n|-hitcount|p2: Dondozo|1\n|\n|-weather|Sandstorm|[upkeep]\n|-damage|p1a: Urshifu|43\/100|[from] Sandstorm\n|upkeep\n|\n|t:|1699371325\n|switch|p2a: Ho-Oh|Ho-Oh|55\/100\n|turn|48\n|\n|t:|1699371333\n|move|p1a: Urshifu|Surging Strikes|p2a: Ho-Oh\n|-supereffective|p2a: Ho-Oh\n|-crit|p2a: Ho-Oh\n|-damage|p2a: Ho-Oh|2\/100\n|-supereffective|p2a: Ho-Oh\n|-crit|p2a: Ho-Oh\n|-damage|p2a: Ho-Oh|0 fnt\n|faint|p2a: Ho-Oh\n|-hitcount|p2: Ho-Oh|2\n|\n|win|MarcusAurelius345\n|raw|MarcusAurelius345's rating: 1028 &rarr; <strong>1070<\/strong><br \/>(+42 for winning)\n|raw|fsfs43f's rating: 1084 &rarr; <strong>1058<\/strong><br \/>(-26 for losing)\n|l|\u2606fsfs43f\n|c|\u2606MarcusAurelius345|Gg\n","uploadtime":1699371355,"views":5,"p1id":"marcusaurelius345","p2id":"fsfs43f","formatid":"gen9nationaldexubers","rating":1058,"private":0,"password":""}