{"id":"gen9nationaldexubers-2000673064","p1":"xElPalex","p2":"muzaza","format":"[Gen 9] National Dex Ubers","log":"|j|\u2606xElPalex\n|j|\u2606muzaza\n|t:|1701217206\n|gametype|singles\n|player|p1|xElPalex|1|1158\n|player|p2|muzaza|2|1110\n|teamsize|p1|6\n|teamsize|p2|6\n|gen|9\n|tier|[Gen 9] National Dex Ubers\n|rated|\n|rule|HP Percentage Mod: HP is shown in percentages\n|rule|Endless Battle Clause: Forcing endless battles is banned\n|rule|OHKO Clause: OHKO moves are banned\n|rule|Evasion Moves Clause: Evasion moves are banned\n|rule|Evasion Items Clause: Evasion items are banned\n|rule|Species Clause: Limit one of each Pok\u00e9mon\n|rule|Sleep Clause Mod: Limit one foe put to sleep\n|rule|Mega Rayquaza Clause: You cannot mega evolve Rayquaza\n|clearpoke\n|poke|p1|Garchomp, F|\n|poke|p1|Tyranitar, M|\n|poke|p1|Ogerpon-Wellspring, F|\n|poke|p1|Kommo-o, M|\n|poke|p1|Enamorus, F|\n|poke|p1|Alakazam, M|\n|poke|p2|Pyukumuku, F|\n|poke|p2|Hitmonlee, M|\n|poke|p2|Mewtwo|\n|poke|p2|Arceus-Steel|\n|poke|p2|Zacian-*|\n|poke|p2|Yveltal|\n|teampreview\n|inactive|Battle timer is ON: inactive players will automatically lose when time's up. (requested by muzaza)\n|\n|t:|1701217243\n|start\n|switch|p1a: Enamorus|Enamorus, F|100\/100\n|switch|p2a: Zacian|Zacian-Crowned|100\/100\n|-ability|p2a: Zacian|Intrepid Sword|boost\n|-boost|p2a: Zacian|atk|1\n|turn|1\n|\n|t:|1701217254\n|move|p2a: Zacian|Swords Dance|p2a: Zacian\n|-boost|p2a: Zacian|atk|2\n|move|p1a: Enamorus|Superpower|p2a: Zacian\n|-damage|p2a: Zacian|66\/100\n|-boost|p1a: Enamorus|atk|1\n|-boost|p1a: Enamorus|def|1\n|\n|upkeep\n|turn|2\n|\n|t:|1701217264\n|move|p2a: Zacian|Behemoth Blade|p1a: Enamorus\n|-supereffective|p1a: Enamorus\n|-damage|p1a: Enamorus|0 fnt\n|faint|p1a: Enamorus\n|\n|upkeep\n|\n|t:|1701217280\n|switch|p1a: Ogerpon|Ogerpon-Wellspring, F|100\/100\n|turn|3\n|\n|t:|1701217285\n|move|p1a: Ogerpon|Spiky Shield|p1a: Ogerpon\n|-singleturn|p1a: Ogerpon|move: Protect\n|move|p2a: Zacian|Behemoth Blade|p1a: Ogerpon\n|-activate|p1a: Ogerpon|move: Protect\n|-damage|p2a: Zacian|54\/100|[from] Spiky Shield|[of] p1a: Ogerpon\n|\n|upkeep\n|turn|4\n|\n|t:|1701217293\n|move|p2a: Zacian|Behemoth Blade|p1a: Ogerpon\n|-resisted|p1a: Ogerpon\n|-damage|p1a: Ogerpon|0 fnt\n|faint|p1a: Ogerpon\n|\n|upkeep\n|\n|t:|1701217299\n|switch|p1a: Alakazam|Alakazam, M|100\/100\n|turn|5\n|\n|t:|1701217310\n|move|p2a: Zacian|Behemoth Blade|p1a: Alakazam\n|-enditem|p1a: Alakazam|Focus Sash\n|-damage|p1a: Alakazam|1\/100\n|move|p1a: Alakazam|Future Sight|p2a: Zacian\n|-start|p1a: Alakazam|move: Future Sight\n|\n|upkeep\n|turn|6\n|\n|t:|1701217321\n|move|p2a: Zacian|Behemoth Blade|p1a: Alakazam\n|-damage|p1a: Alakazam|0 fnt\n|faint|p1a: Alakazam\n|\n|upkeep\n|\n|t:|1701217332\n|switch|p1a: Kommo-o|Kommo-o, M|100\/100\n|turn|7\n|\n|t:|1701217340\n|switch|p1a: Tyranitar|Tyranitar, M|100\/100\n|-weather|Sandstorm|[from] ability: Sand Stream|[of] p1a: Tyranitar\n|-terastallize|p2a: Zacian|Fairy\n|move|p2a: Zacian|Play Rough|p1a: Tyranitar\n|-supereffective|p1a: Tyranitar\n|-damage|p1a: Tyranitar|0 fnt\n|faint|p1a: Tyranitar\n|\n|-weather|Sandstorm|[upkeep]\n|-damage|p2a: Zacian|48\/100|[from] Sandstorm\n|-end|p2a: Zacian|move: Future Sight\n|-damage|p2a: Zacian|0 fnt\n|faint|p2a: Zacian\n|upkeep\n|\n|t:|1701217361\n|switch|p2a: Pyukumuku|Pyukumuku, F|100\/100\n|switch|p1a: Kommo-o|Kommo-o, M|100\/100\n|turn|8\n|inactive|xElPalex has 120 seconds left.\n|\n|t:|1701217387\n|-zpower|p1a: Kommo-o\n|move|p1a: Kommo-o|Clangorous Soulblaze|p2a: Pyukumuku|[zeffect]\n|-damage|p2a: Pyukumuku|28\/100\n|-boost|p1a: Kommo-o|atk|1\n|-boost|p1a: Kommo-o|def|1\n|-boost|p1a: Kommo-o|spa|1\n|-boost|p1a: Kommo-o|spd|1\n|-boost|p1a: Kommo-o|spe|1\n|move|p2a: Pyukumuku|Toxic|p1a: Kommo-o\n|-status|p1a: Kommo-o|tox\n|\n|-weather|Sandstorm|[upkeep]\n|-damage|p2a: Pyukumuku|22\/100|[from] Sandstorm\n|-heal|p2a: Pyukumuku|28\/100|[from] item: Leftovers\n|-damage|p1a: Kommo-o|94\/100 tox|[from] psn\n|upkeep\n|turn|9\n|inactive|xElPalex has 120 seconds left.\n|\n|t:|1701217406\n|move|p1a: Kommo-o|Boomburst|p2a: Pyukumuku\n|-damage|p2a: Pyukumuku|0 fnt\n|faint|p2a: Pyukumuku\n|\n|-weather|Sandstorm|[upkeep]\n|-damage|p1a: Kommo-o|82\/100 tox|[from] psn\n|upkeep\n|\n|t:|1701217414\n|switch|p2a: Hitmonlee|Hitmonlee, M, shiny|100\/100\n|turn|10\n|inactive|xElPalex has 120 seconds left.\n|\n|t:|1701217420\n|move|p2a: Hitmonlee|Fake Out|p1a: Kommo-o\n|-damage|p1a: Kommo-o|73\/100 tox\n|cant|p1a: Kommo-o|flinch\n|\n|-weather|Sandstorm|[upkeep]\n|-damage|p2a: Hitmonlee|94\/100|[from] Sandstorm\n|-damage|p1a: Kommo-o|55\/100 tox|[from] psn\n|upkeep\n|turn|11\n|\n|t:|1701217429\n|move|p2a: Hitmonlee|Endure|p2a: Hitmonlee\n|-singleturn|p2a: Hitmonlee|move: Endure\n|move|p1a: Kommo-o|Clanging Scales|p2a: Hitmonlee\n|-activate|p2a: Hitmonlee|move: Endure\n|-damage|p2a: Hitmonlee|1\/100\n|-enditem|p2a: Hitmonlee|Liechi Berry|[eat]\n|-boost|p2a: Hitmonlee|atk|1|[from] item: Liechi Berry\n|-unboost|p1a: Kommo-o|def|1\n|\n|-weather|none\n|-damage|p1a: Kommo-o|30\/100 tox|[from] psn\n|upkeep\n|turn|12\n|\n|t:|1701217443\n|move|p2a: Hitmonlee|Reversal|p1a: Kommo-o\n|-damage|p1a: Kommo-o|0 fnt\n|faint|p1a: Kommo-o\n|\n|upkeep\n|\n|t:|1701217448\n|switch|p1a: Garchomp|Garchomp, F|100\/100\n|turn|13\n|\n|t:|1701217460\n|move|p2a: Hitmonlee|Reversal|p1a: Garchomp\n|-damage|p1a: Garchomp|0 fnt\n|-damage|p2a: Hitmonlee|0 fnt|[from] ability: Rough Skin|[of] p1a: Garchomp\n|faint|p1a: Garchomp\n|faint|p2a: Hitmonlee\n|\n|win|muzaza\n|raw|xElPalex's rating: 1158 &rarr; <strong>1130<\/strong><br \/>(-28 for losing)\n|raw|muzaza's rating: 1110 &rarr; <strong>1138<\/strong><br \/>(+28 for winning)\n|l|\u2606xElPalex\n","uploadtime":1701217471,"views":11,"p1id":"xelpalex","p2id":"muzaza","formatid":"gen9nationaldexubers","rating":1130,"private":0,"password":""}