{"id":"gen9nationaldexubers-1977800978","p1":"JoeyDeek","p2":"Bakitaladelbarrio","format":"[Gen 9] National Dex Ubers","log":"|j|\u2606JoeyDeek\n|j|\u2606Bakitaladelbarrio\n|t:|1698451234\n|gametype|singles\n|player|p1|JoeyDeek|266|1208\n|player|p2|Bakitaladelbarrio|blue|1281\n|teamsize|p1|6\n|teamsize|p2|6\n|gen|9\n|tier|[Gen 9] National Dex Ubers\n|rated|\n|rule|HP Percentage Mod: HP is shown in percentages\n|rule|Endless Battle Clause: Forcing endless battles is banned\n|rule|OHKO Clause: OHKO moves are banned\n|rule|Evasion Moves Clause: Evasion moves are banned\n|rule|Evasion Items Clause: Evasion items are banned\n|rule|Species Clause: Limit one of each Pok\u00e9mon\n|rule|Sleep Clause Mod: Limit one foe put to sleep\n|rule|Mega Rayquaza Clause: You cannot mega evolve Rayquaza\n|clearpoke\n|poke|p1|Naganadel|\n|poke|p1|Rampardos, F|\n|poke|p1|Darmanitan-Galar, M|\n|poke|p1|Crawdaunt, M|\n|poke|p1|Typhlosion-Hisui, M|\n|poke|p1|Glimmora, M|\n|poke|p2|Hatterene, F|\n|poke|p2|Melmetal|\n|poke|p2|Necrozma-Dawn-Wings|\n|poke|p2|Iron Hands|\n|poke|p2|Magearna|\n|poke|p2|Calyrex-Ice|\n|teampreview\n|inactive|Battle timer is ON: inactive players will automatically lose when time's up. (requested by Bakitaladelbarrio)\n|\n|t:|1698451244\n|start\n|switch|p1a: Typhlosion|Typhlosion-Hisui, M|100\/100\n|switch|p2a: Hatterene|Hatterene, F|100\/100\n|turn|1\n|\n|t:|1698451250\n|move|p1a: Typhlosion|Eruption|p2a: Hatterene\n|-damage|p2a: Hatterene|18\/100\n|move|p2a: Hatterene|Trick Room|p2a: Hatterene\n|-fieldstart|move: Trick Room|[of] p2a: Hatterene\n|\n|upkeep\n|turn|2\n|\n|t:|1698451258\n|switch|p1a: Darmanitan|Darmanitan-Galar, M|100\/100\n|move|p2a: Hatterene|Healing Wish|p2a: Hatterene\n|faint|p2a: Hatterene\n|\n|upkeep\n|\n|t:|1698451265\n|switch|p2a: Melmetal|Melmetal|100\/100\n|turn|3\n|\n|t:|1698451271\n|switch|p1a: Glimmora|Glimmora, M|100\/100\n|-terastallize|p2a: Melmetal|Steel\n|move|p2a: Melmetal|Double Iron Bash|p1a: Glimmora\n|-supereffective|p1a: Glimmora\n|-damage|p1a: Glimmora|0 fnt\n|-activate|p1a: Glimmora|ability: Toxic Debris\n|-sidestart|p2: Bakitaladelbarrio|move: Toxic Spikes\n|faint|p1a: Glimmora\n|-hitcount|p1: Glimmora|1\n|\n|upkeep\n|\n|t:|1698451275\n|switch|p1a: Crawdaunt|Crawdaunt, M|100\/100\n|turn|4\n|\n|t:|1698451284\n|move|p1a: Crawdaunt|Aqua Jet|p2a: Melmetal\n|-damage|p2a: Melmetal|84\/100\n|move|p2a: Melmetal|Double Iron Bash|p1a: Crawdaunt\n|-resisted|p1a: Crawdaunt\n|-damage|p1a: Crawdaunt|34\/100\n|-resisted|p1a: Crawdaunt\n|-damage|p1a: Crawdaunt|0 fnt\n|faint|p1a: Crawdaunt\n|-hitcount|p1: Crawdaunt|2\n|\n|upkeep\n|\n|t:|1698451288\n|switch|p1a: Typhlosion|Typhlosion-Hisui, M|100\/100\n|turn|5\n|\n|t:|1698451296\n|move|p2a: Melmetal|Double Iron Bash|p1a: Typhlosion\n|-resisted|p1a: Typhlosion\n|-damage|p1a: Typhlosion|41\/100\n|-resisted|p1a: Typhlosion\n|-damage|p1a: Typhlosion|0 fnt\n|faint|p1a: Typhlosion\n|-hitcount|p1: Typhlosion|2\n|\n|-fieldend|move: Trick Room\n|upkeep\n|\n|t:|1698451300\n|switch|p1a: Darmanitan|Darmanitan-Galar, M|100\/100\n|turn|6\n|\n|t:|1698451310\n|switch|p2a: Iron Hands|Iron Hands|100\/100\n|-status|p2a: Iron Hands|psn\n|-enditem|p2a: Iron Hands|Booster Energy\n|-activate|p2a: Iron Hands|ability: Quark Drive|[fromitem]\n|-start|p2a: Iron Hands|quarkdriveatk\n|move|p1a: Darmanitan|Flare Blitz|p2a: Iron Hands\n|-damage|p2a: Iron Hands|61\/100 psn\n|-damage|p1a: Darmanitan|82\/100|[from] Recoil\n|\n|-damage|p2a: Iron Hands|49\/100 psn|[from] psn\n|upkeep\n|turn|7\n|\n|t:|1698451322\n|move|p1a: Darmanitan|Flare Blitz|p2a: Iron Hands\n|-damage|p2a: Iron Hands|8\/100 psn\n|-damage|p1a: Darmanitan|62\/100|[from] Recoil\n|move|p2a: Iron Hands|Drain Punch|p1a: Darmanitan\n|-supereffective|p1a: Darmanitan\n|-damage|p1a: Darmanitan|0 fnt\n|-heal|p2a: Iron Hands|29\/100 psn|[from] drain|[of] p1a: Darmanitan\n|faint|p1a: Darmanitan\n|\n|-damage|p2a: Iron Hands|17\/100 psn|[from] psn\n|upkeep\n|\n|t:|1698451337\n|switch|p1a: Naganadel|Naganadel|100\/100\n|turn|8\n|\n|t:|1698451341\n|move|p1a: Naganadel|Fire Blast|p2a: Iron Hands\n|-damage|p2a: Iron Hands|0 fnt\n|faint|p2a: Iron Hands\n|-end|p2a: Iron Hands|Quark Drive|[silent]\n|-ability|p1a: Naganadel|Beast Boost|boost\n|-boost|p1a: Naganadel|spa|1\n|\n|upkeep\n|\n|t:|1698451350\n|switch|p2a: Magearna|Magearna|100\/100\n|turn|9\n|\n|t:|1698451353\n|move|p1a: Naganadel|Fire Blast|p2a: Magearna\n|-supereffective|p2a: Magearna\n|-enditem|p2a: Magearna|Focus Sash\n|-damage|p2a: Magearna|1\/100\n|move|p2a: Magearna|Trick Room|p2a: Magearna\n|-fieldstart|move: Trick Room|[of] p2a: Magearna\n|\n|upkeep\n|turn|10\n|-message|JoeyDeek forfeited.\n|\n|win|Bakitaladelbarrio\n|raw|JoeyDeek's rating: 1208 &rarr; <strong>1188<\/strong><br \/>(-20 for losing)\n|raw|Bakitaladelbarrio's rating: 1281 &rarr; <strong>1301<\/strong><br \/>(+20 for winning)\n|l|\u2606JoeyDeek\n","uploadtime":1698451379,"views":4,"p1id":"joeydeek","p2id":"bakitaladelbarrio","formatid":"gen9nationaldexubers","rating":1188,"private":0,"password":""}