{"id":"gen9nationaldexubers-1988026286","p1":"nascarfan48","p2":"Garchomp8000","format":"[Gen 9] National Dex Ubers","log":"|j|\u2606nascarfan48\n|j|\u2606Garchomp8000\n|t:|1699660640\n|gametype|singles\n|player|p1|nascarfan48|giovanni|1242\n|player|p2|Garchomp8000|policeman-gen4|1359\n|teamsize|p1|6\n|teamsize|p2|6\n|gen|9\n|tier|[Gen 9] National Dex Ubers\n|rated|\n|rule|HP Percentage Mod: HP is shown in percentages\n|rule|Endless Battle Clause: Forcing endless battles is banned\n|rule|OHKO Clause: OHKO moves are banned\n|rule|Evasion Moves Clause: Evasion moves are banned\n|rule|Evasion Items Clause: Evasion items are banned\n|rule|Species Clause: Limit one of each Pok\u00e9mon\n|rule|Sleep Clause Mod: Limit one foe put to sleep\n|rule|Mega Rayquaza Clause: You cannot mega evolve Rayquaza\n|clearpoke\n|poke|p1|Arceus-Dark|\n|poke|p1|Tapu Fini|\n|poke|p1|Eternatus|\n|poke|p1|Pheromosa|\n|poke|p1|Flutter Mane|\n|poke|p1|Lugia|\n|poke|p2|Yveltal|\n|poke|p2|Volcanion|\n|poke|p2|Zekrom|\n|poke|p2|Ditto|\n|poke|p2|Xatu, M|\n|poke|p2|Malamar, M|\n|teampreview\n|inactive|Battle timer is ON: inactive players will automatically lose when time's up. (requested by nascarfan48)\n|\n|t:|1699660647\n|start\n|switch|p1a: Mispookius|Flutter Mane|100\/100\n|switch|p2a: Ditto|Ditto|100\/100\n|-transform|p2a: Ditto|p1a: Mispookius|[from] ability: Imposter\n|turn|1\n|\n|t:|1699660656\n|-end|p1a: Mispookius|Protosynthesis|[silent]\n|switch|p1a: G O D-Dark|Arceus-Dark|100\/100\n|move|p2a: Ditto|Shadow Ball|p1a: G O D-Dark\n|-resisted|p1a: G O D-Dark\n|-damage|p1a: G O D-Dark|87\/100\n|-unboost|p1a: G O D-Dark|spd|1\n|\n|upkeep\n|turn|2\n|\n|t:|1699660660\n|move|p2a: Ditto|Moonblast|p1a: G O D-Dark\n|-supereffective|p1a: G O D-Dark\n|-damage|p1a: G O D-Dark|0 fnt\n|faint|p1a: G O D-Dark\n|\n|upkeep\n|\n|t:|1699660664\n|switch|p1a: Mispookius|Flutter Mane|100\/100\n|turn|3\n|\n|t:|1699660670\n|move|p1a: Mispookius|Shadow Ball|p2a: Ditto\n|-supereffective|p2a: Ditto\n|-damage|p2a: Ditto|0 fnt\n|faint|p2a: Ditto\n|-end|p2a: Ditto|Protosynthesis|[silent]\n|\n|upkeep\n|j| Hec7or\n|l| Hec7or\n|\n|t:|1699660677\n|switch|p2a: Volcanion|Volcanion|100\/100\n|turn|4\n|\n|t:|1699660681\n|move|p1a: Mispookius|Shadow Ball|p2a: Volcanion\n|-damage|p2a: Volcanion|32\/100\n|move|p2a: Volcanion|Steam Eruption|p1a: Mispookius\n|-damage|p1a: Mispookius|38\/100\n|\n|upkeep\n|turn|5\n|\n|t:|1699660687\n|move|p1a: Mispookius|Shadow Ball|p2a: Volcanion\n|-damage|p2a: Volcanion|0 fnt\n|faint|p2a: Volcanion\n|\n|upkeep\n|\n|t:|1699660690\n|switch|p2a: Yveltal|Yveltal|100\/100\n|-ability|p2a: Yveltal|Dark Aura\n|turn|6\n|\n|t:|1699660695\n|-end|p1a: Mispookius|Protosynthesis|[silent]\n|switch|p1a: Reactor|Eternatus|100\/100\n|-ability|p1a: Reactor|Pressure\n|move|p2a: Yveltal|Sucker Punch||[still]\n|-fail|p2a: Yveltal\n|\n|upkeep\n|turn|7\n|\n|t:|1699660700\n|switch|p2a: Xatu|Xatu, M, shiny|100\/100\n|move|p1a: Reactor|Cosmic Power|p1a: Reactor\n|-boost|p1a: Reactor|def|1\n|-boost|p1a: Reactor|spd|1\n|\n|upkeep\n|turn|8\n|\n|t:|1699660706\n|move|p1a: Reactor|Cosmic Power|p1a: Reactor\n|-boost|p1a: Reactor|def|1\n|-boost|p1a: Reactor|spd|1\n|move|p2a: Xatu|Feather Dance|p1a: Reactor\n|-unboost|p1a: Reactor|atk|2\n|\n|upkeep\n|turn|9\n|\n|t:|1699660711\n|move|p1a: Reactor|Cosmic Power|p1a: Reactor\n|-boost|p1a: Reactor|def|1\n|-boost|p1a: Reactor|spd|1\n|move|p2a: Xatu|Calm Mind|p2a: Xatu\n|-boost|p2a: Xatu|spa|1\n|-boost|p2a: Xatu|spd|1\n|\n|upkeep\n|turn|10\n|\n|t:|1699660718\n|move|p1a: Reactor|Fire Spin|p2a: Xatu\n|-damage|p2a: Xatu|88\/100\n|-activate|p2a: Xatu|move: Fire Spin|[of] p1a: Reactor\n|move|p2a: Xatu|Calm Mind|p2a: Xatu\n|-boost|p2a: Xatu|spa|1\n|-boost|p2a: Xatu|spd|1\n|\n|-heal|p2a: Xatu|94\/100|[from] item: Leftovers\n|-damage|p2a: Xatu|82\/100|[from] move: Fire Spin|[partiallytrapped]\n|upkeep\n|turn|11\n|\n|t:|1699660722\n|move|p1a: Reactor|Cosmic Power|p1a: Reactor\n|-boost|p1a: Reactor|def|1\n|-boost|p1a: Reactor|spd|1\n|move|p2a: Xatu|Calm Mind|p2a: Xatu\n|-boost|p2a: Xatu|spa|1\n|-boost|p2a: Xatu|spd|1\n|\n|-heal|p2a: Xatu|88\/100|[from] item: Leftovers\n|-damage|p2a: Xatu|75\/100|[from] move: Fire Spin|[partiallytrapped]\n|upkeep\n|turn|12\n|\n|t:|1699660724\n|move|p1a: Reactor|Cosmic Power|p1a: Reactor\n|-boost|p1a: Reactor|def|1\n|-boost|p1a: Reactor|spd|1\n|move|p2a: Xatu|Calm Mind|p2a: Xatu\n|-boost|p2a: Xatu|spa|1\n|-boost|p2a: Xatu|spd|1\n|\n|-heal|p2a: Xatu|81\/100|[from] item: Leftovers\n|-damage|p2a: Xatu|69\/100|[from] move: Fire Spin|[partiallytrapped]\n|upkeep\n|turn|13\n|\n|t:|1699660726\n|move|p1a: Reactor|Cosmic Power|p1a: Reactor\n|-boost|p1a: Reactor|def|1\n|-boost|p1a: Reactor|spd|1\n|move|p2a: Xatu|Calm Mind|p2a: Xatu\n|-boost|p2a: Xatu|spa|1\n|-boost|p2a: Xatu|spd|1\n|\n|-heal|p2a: Xatu|75\/100|[from] item: Leftovers\n|-damage|p2a: Xatu|63\/100|[from] move: Fire Spin|[partiallytrapped]\n|upkeep\n|turn|14\n|\n|t:|1699660731\n|move|p1a: Reactor|Fire Spin|p2a: Xatu\n|-damage|p2a: Xatu|57\/100\n|move|p2a: Xatu|Calm Mind|p2a: Xatu\n|-boost|p2a: Xatu|spa|1\n|-boost|p2a: Xatu|spd|1\n|\n|-heal|p2a: Xatu|63\/100|[from] item: Leftovers\n|-end|p2a: Xatu|Fire Spin|[partiallytrapped]\n|upkeep\n|turn|15\n|\n|t:|1699660737\n|move|p1a: Reactor|Fire Spin|p2a: Xatu\n|-damage|p2a: Xatu|58\/100\n|-activate|p2a: Xatu|move: Fire Spin|[of] p1a: Reactor\n|move|p2a: Xatu|Dazzling Gleam|p1a: Reactor\n|-damage|p1a: Reactor|85\/100\n|\n|-heal|p2a: Xatu|64\/100|[from] item: Leftovers\n|-damage|p2a: Xatu|52\/100|[from] move: Fire Spin|[partiallytrapped]\n|upkeep\n|turn|16\n|\n|t:|1699660742\n|move|p1a: Reactor|Toxic|p2a: Xatu\n|move|p2a: Xatu|Toxic|p1a: Reactor|[from]ability: Magic Bounce\n|-immune|p1a: Reactor\n|move|p2a: Xatu|Dazzling Gleam|p1a: Reactor\n|-damage|p1a: Reactor|68\/100\n|\n|-heal|p2a: Xatu|58\/100|[from] item: Leftovers\n|-damage|p2a: Xatu|46\/100|[from] move: Fire Spin|[partiallytrapped]\n|upkeep\n|turn|17\n|\n|t:|1699660749\n|move|p1a: Reactor|Fire Spin|p2a: Xatu\n|-damage|p2a: Xatu|41\/100\n|move|p2a: Xatu|Dazzling Gleam|p1a: Reactor\n|-damage|p1a: Reactor|51\/100\n|\n|-heal|p2a: Xatu|47\/100|[from] item: Leftovers\n|-damage|p2a: Xatu|35\/100|[from] move: Fire Spin|[partiallytrapped]\n|upkeep\n|turn|18\n|\n|t:|1699660755\n|move|p1a: Reactor|Fire Spin|p2a: Xatu\n|-damage|p2a: Xatu|29\/100\n|move|p2a: Xatu|Dazzling Gleam|p1a: Reactor\n|-damage|p1a: Reactor|35\/100\n|\n|-heal|p2a: Xatu|35\/100|[from] item: Leftovers\n|-damage|p2a: Xatu|23\/100|[from] move: Fire Spin|[partiallytrapped]\n|upkeep\n|turn|19\n|\n|t:|1699660766\n|move|p1a: Reactor|Recover|p1a: Reactor\n|-heal|p1a: Reactor|85\/100\n|move|p2a: Xatu|Dazzling Gleam|p1a: Reactor\n|-damage|p1a: Reactor|68\/100\n|\n|-heal|p2a: Xatu|29\/100|[from] item: Leftovers\n|-damage|p2a: Xatu|17\/100|[from] move: Fire Spin|[partiallytrapped]\n|upkeep\n|turn|20\n|\n|t:|1699660774\n|move|p1a: Reactor|Fire Spin|p2a: Xatu\n|-damage|p2a: Xatu|12\/100\n|move|p2a: Xatu|Dazzling Gleam|p1a: Reactor\n|-damage|p1a: Reactor|51\/100\n|\n|-heal|p2a: Xatu|17\/100|[from] item: Leftovers\n|-end|p2a: Xatu|Fire Spin|[partiallytrapped]\n|upkeep\n|turn|21\n|\n|t:|1699660778\n|move|p1a: Reactor|Fire Spin|p2a: Xatu\n|-damage|p2a: Xatu|12\/100\n|-activate|p2a: Xatu|move: Fire Spin|[of] p1a: Reactor\n|move|p2a: Xatu|Dazzling Gleam|p1a: Reactor\n|-damage|p1a: Reactor|33\/100\n|\n|-heal|p2a: Xatu|18\/100|[from] item: Leftovers\n|-damage|p2a: Xatu|6\/100|[from] move: Fire Spin|[partiallytrapped]\n|upkeep\n|turn|22\n|\n|t:|1699660781\n|move|p1a: Reactor|Recover|p1a: Reactor\n|-heal|p1a: Reactor|83\/100\n|move|p2a: Xatu|Dazzling Gleam|p1a: Reactor\n|-damage|p1a: Reactor|66\/100\n|\n|-heal|p2a: Xatu|12\/100|[from] item: Leftovers\n|-damage|p2a: Xatu|0 fnt|[from] move: Fire Spin|[partiallytrapped]\n|faint|p2a: Xatu\n|upkeep\n|\n|t:|1699660784\n|switch|p2a: Malamar|Malamar, M|100\/100\n|turn|23\n|\n|t:|1699660787\n|move|p1a: Reactor|Recover|p1a: Reactor\n|-heal|p1a: Reactor|100\/100\n|move|p2a: Malamar|Topsy-Turvy|p1a: Reactor\n|-invertboost|p1a: Reactor|[from] move: Topsy-Turvy\n|\n|upkeep\n|turn|24\n|\n|t:|1699660793\n|move|p1a: Reactor|Toxic|p2a: Malamar\n|-status|p2a: Malamar|tox\n|move|p2a: Malamar|Acupressure|p2a: Malamar\n|-boost|p2a: Malamar|spe|2\n|\n|-damage|p2a: Malamar|94\/100 tox|[from] psn\n|upkeep\n|turn|25\n|\n|t:|1699660799\n|move|p1a: Reactor|Fire Spin|p2a: Malamar\n|-damage|p2a: Malamar|82\/100 tox\n|-activate|p2a: Malamar|move: Fire Spin|[of] p1a: Reactor\n|move|p2a: Malamar|Acupressure|p2a: Malamar\n|-boost|p2a: Malamar|spd|2\n|\n|-damage|p2a: Malamar|70\/100 tox|[from] psn\n|-damage|p2a: Malamar|57\/100 tox|[from] move: Fire Spin|[partiallytrapped]\n|upkeep\n|turn|26\n|\n|t:|1699660805\n|move|p1a: Reactor|Cosmic Power|p1a: Reactor\n|-boost|p1a: Reactor|def|1\n|-boost|p1a: Reactor|spd|1\n|move|p2a: Malamar|Acupressure|p2a: Malamar\n|-boost|p2a: Malamar|evasion|2\n|\n|-damage|p2a: Malamar|39\/100 tox|[from] psn\n|-damage|p2a: Malamar|27\/100 tox|[from] move: Fire Spin|[partiallytrapped]\n|upkeep\n|turn|27\n|\n|t:|1699660812\n|move|p1a: Reactor|Cosmic Power|p1a: Reactor\n|-boost|p1a: Reactor|def|1\n|-boost|p1a: Reactor|spd|1\n|move|p2a: Malamar|Rest|p2a: Malamar\n|-status|p2a: Malamar|slp|[from] move: Rest\n|-heal|p2a: Malamar|100\/100 slp|[silent]\n|\n|-damage|p2a: Malamar|88\/100 slp|[from] move: Fire Spin|[partiallytrapped]\n|upkeep\n|turn|28\n|\n|t:|1699660816\n|move|p1a: Reactor|Cosmic Power|p1a: Reactor\n|-boost|p1a: Reactor|def|1\n|-boost|p1a: Reactor|spd|1\n|cant|p2a: Malamar|slp\n|\n|-damage|p2a: Malamar|76\/100 slp|[from] move: Fire Spin|[partiallytrapped]\n|upkeep\n|turn|29\n|\n|t:|1699660819\n|move|p1a: Reactor|Cosmic Power|p1a: Reactor\n|-boost|p1a: Reactor|def|1\n|-boost|p1a: Reactor|spd|1\n|cant|p2a: Malamar|slp\n|\n|-damage|p2a: Malamar|64\/100 slp|[from] move: Fire Spin|[partiallytrapped]\n|upkeep\n|turn|30\n|\n|t:|1699660823\n|move|p1a: Reactor|Cosmic Power|p1a: Reactor\n|-boost|p1a: Reactor|def|1\n|-boost|p1a: Reactor|spd|1\n|-curestatus|p2a: Malamar|slp|[msg]\n|move|p2a: Malamar|Acupressure|p2a: Malamar\n|-boost|p2a: Malamar|evasion|2\n|\n|-end|p2a: Malamar|Fire Spin|[partiallytrapped]\n|upkeep\n|turn|31\n|\n|t:|1699660829\n|move|p1a: Reactor|Toxic|p2a: Malamar\n|-status|p2a: Malamar|tox\n|move|p2a: Malamar|Acupressure|p2a: Malamar\n|-boost|p2a: Malamar|accuracy|2\n|\n|-damage|p2a: Malamar|58\/100 tox|[from] psn\n|upkeep\n|turn|32\n|\n|t:|1699660834\n|move|p1a: Reactor|Cosmic Power|p1a: Reactor\n|-boost|p1a: Reactor|def|1\n|-boost|p1a: Reactor|spd|1\n|move|p2a: Malamar|Acupressure|p2a: Malamar\n|-boost|p2a: Malamar|spe|2\n|\n|-damage|p2a: Malamar|45\/100 tox|[from] psn\n|upkeep\n|turn|33\n|\n|t:|1699660837\n|move|p2a: Malamar|Acupressure|p2a: Malamar\n|-boost|p2a: Malamar|accuracy|2\n|move|p1a: Reactor|Fire Spin|p2a: Malamar|[miss]\n|-miss|p1a: Reactor|p2a: Malamar\n|\n|-damage|p2a: Malamar|27\/100 tox|[from] psn\n|upkeep\n|turn|34\n|\n|t:|1699660841\n|move|p2a: Malamar|Rest|p2a: Malamar\n|-status|p2a: Malamar|slp|[from] move: Rest\n|-heal|p2a: Malamar|100\/100 slp|[silent]\n|move|p1a: Reactor|Fire Spin|p2a: Malamar\n|-damage|p2a: Malamar|94\/100 slp\n|-activate|p2a: Malamar|move: Fire Spin|[of] p1a: Reactor\n|\n|-damage|p2a: Malamar|82\/100 slp|[from] move: Fire Spin|[partiallytrapped]\n|upkeep\n|turn|35\n|\n|t:|1699660847\n|switch|p1a: Beauty Model|Pheromosa, shiny|100\/100\n|cant|p2a: Malamar|slp\n|\n|-end|p2a: Malamar|Fire Spin|[partiallytrapped]|[silent]\n|upkeep\n|turn|36\n|\n|t:|1699660858\n|-terastallize|p2a: Malamar|Ghost\n|cant|p2a: Malamar|slp\n|move|p1a: Beauty Model|U-turn|p2a: Malamar|[miss]\n|-miss|p1a: Beauty Model|p2a: Malamar\n|\n|upkeep\n|turn|37\n|\n|t:|1699660868\n|switch|p1a: Mispookius|Flutter Mane|38\/100\n|-curestatus|p2a: Malamar|slp|[msg]\n|move|p2a: Malamar|Acupressure|p2a: Malamar\n|-boost|p2a: Malamar|evasion|2\n|\n|upkeep\n|turn|38\n|\n|t:|1699660871\n|move|p2a: Malamar|Stored Power|p1a: Mispookius\n|-damage|p1a: Mispookius|0 fnt\n|faint|p1a: Mispookius\n|-end|p1a: Mispookius|Protosynthesis|[silent]\n|\n|upkeep\n|\n|t:|1699660876\n|switch|p1a: Reactor|Eternatus|100\/100\n|-ability|p1a: Reactor|Pressure\n|turn|39\n|\n|t:|1699660879\n|-terastallize|p1a: Reactor|Dark\n|move|p2a: Malamar|Acupressure|p2a: Malamar\n|-boost|p2a: Malamar|accuracy|2\n|move|p1a: Reactor|Toxic|p2a: Malamar|[miss]\n|-miss|p1a: Reactor|p2a: Malamar\n|\n|upkeep\n|turn|40\n|\n|t:|1699660888\n|move|p2a: Malamar|Acupressure|p2a: Malamar\n|-boost|p2a: Malamar|def|2\n|move|p1a: Reactor|Toxic|p2a: Malamar\n|-status|p2a: Malamar|tox\n|\n|-damage|p2a: Malamar|76\/100 tox|[from] psn\n|upkeep\n|turn|41\n|\n|t:|1699660893\n|move|p2a: Malamar|Acupressure|p2a: Malamar\n|-boost|p2a: Malamar|spd|2\n|move|p1a: Reactor|Fire Spin|p2a: Malamar|[miss]\n|-miss|p1a: Reactor|p2a: Malamar\n|\n|-damage|p2a: Malamar|63\/100 tox|[from] psn\n|upkeep\n|turn|42\n|\n|t:|1699660896\n|move|p2a: Malamar|Acupressure|p2a: Malamar\n|-boost|p2a: Malamar|atk|2\n|move|p1a: Reactor|Fire Spin|p2a: Malamar|[miss]\n|-miss|p1a: Reactor|p2a: Malamar\n|\n|-damage|p2a: Malamar|45\/100 tox|[from] psn\n|upkeep\n|turn|43\n|\n|t:|1699660898\n|move|p2a: Malamar|Acupressure|p2a: Malamar\n|-boost|p2a: Malamar|spa|2\n|move|p1a: Reactor|Fire Spin|p2a: Malamar|[miss]\n|-miss|p1a: Reactor|p2a: Malamar\n|\n|-damage|p2a: Malamar|20\/100 tox|[from] psn\n|upkeep\n|turn|44\n|\n|t:|1699660901\n|move|p2a: Malamar|Rest|p2a: Malamar\n|-status|p2a: Malamar|slp|[from] move: Rest\n|-heal|p2a: Malamar|100\/100 slp|[silent]\n|move|p1a: Reactor|Fire Spin|p2a: Malamar\n|-damage|p2a: Malamar|96\/100 slp\n|-activate|p2a: Malamar|move: Fire Spin|[of] p1a: Reactor\n|\n|-damage|p2a: Malamar|83\/100 slp|[from] move: Fire Spin|[partiallytrapped]\n|upkeep\n|turn|45\n|\n|t:|1699660907\n|cant|p2a: Malamar|slp\n|move|p1a: Reactor|Fire Spin|p2a: Malamar\n|-damage|p2a: Malamar|79\/100 slp\n|\n|-damage|p2a: Malamar|67\/100 slp|[from] move: Fire Spin|[partiallytrapped]\n|upkeep\n|turn|46\n|\n|t:|1699660913\n|cant|p2a: Malamar|slp\n|move|p1a: Reactor|Fire Spin|p2a: Malamar|[miss]\n|-miss|p1a: Reactor|p2a: Malamar\n|\n|-damage|p2a: Malamar|54\/100 slp|[from] move: Fire Spin|[partiallytrapped]\n|upkeep\n|turn|47\n|\n|t:|1699660916\n|-curestatus|p2a: Malamar|slp|[msg]\n|move|p2a: Malamar|Acupressure|p2a: Malamar\n|-boost|p2a: Malamar|atk|2\n|move|p1a: Reactor|Toxic|p2a: Malamar|[miss]\n|-miss|p1a: Reactor|p2a: Malamar\n|\n|-damage|p2a: Malamar|42\/100|[from] move: Fire Spin|[partiallytrapped]\n|upkeep\n|turn|48\n|\n|t:|1699660921\n|move|p2a: Malamar|Acupressure|p2a: Malamar\n|-boost|p2a: Malamar|atk|2\n|move|p1a: Reactor|Toxic|p2a: Malamar\n|-status|p2a: Malamar|tox\n|\n|-damage|p2a: Malamar|36\/100 tox|[from] psn\n|-end|p2a: Malamar|Fire Spin|[partiallytrapped]\n|upkeep\n|turn|49\n|\n|t:|1699660925\n|move|p2a: Malamar|Acupressure|p2a: Malamar\n|-boost|p2a: Malamar|def|2\n|move|p1a: Reactor|Fire Spin|p2a: Malamar|[miss]\n|-miss|p1a: Reactor|p2a: Malamar\n|\n|-damage|p2a: Malamar|24\/100 tox|[from] psn\n|upkeep\n|turn|50\n|\n|t:|1699660931\n|switch|p1a: Tidawhirl|Lugia|100\/100\n|move|p2a: Malamar|Rest|p2a: Malamar\n|-status|p2a: Malamar|slp|[from] move: Rest\n|-heal|p2a: Malamar|100\/100 slp|[silent]\n|\n|upkeep\n|turn|51\n|c|\u2606nascarfan48|Would you believe me if I said this was the first game after I removed Whirlwind from this Lugia?\n|\n|t:|1699660958\n|cant|p2a: Malamar|slp\n|move|p1a: Tidawhirl|Whirlpool|p2a: Malamar|[miss]\n|-miss|p1a: Tidawhirl|p2a: Malamar\n|\n|upkeep\n|turn|52\n|c|\u2606Garchomp8000|Yeah\n|\n|t:|1699660970\n|cant|p2a: Malamar|slp\n|move|p1a: Tidawhirl|Whirlpool|p2a: Malamar\n|-damage|p2a: Malamar|98\/100 slp\n|-activate|p2a: Malamar|move: Whirlpool|[of] p1a: Tidawhirl\n|\n|-damage|p2a: Malamar|85\/100 slp|[from] move: Whirlpool|[partiallytrapped]\n|upkeep\n|turn|53\n|c|\u2606nascarfan48|It is, and boy, is it annoying\n|\n|t:|1699660983\n|-curestatus|p2a: Malamar|slp|[msg]\n|move|p2a: Malamar|Acupressure|p2a: Malamar\n|-boost|p2a: Malamar|spe|2\n|move|p1a: Tidawhirl|Defog|p2a: Malamar\n|-unboost|p2a: Malamar|evasion|1\n|\n|-damage|p2a: Malamar|73\/100|[from] move: Whirlpool|[partiallytrapped]\n|upkeep\n|turn|54\n|c|\u2606Garchomp8000|Though my Malmar has suction cups\n|\n|t:|1699660989\n|move|p2a: Malamar|Stored Power|p1a: Tidawhirl\n|-resisted|p1a: Tidawhirl\n|-damage|p1a: Tidawhirl|55\/100\n|move|p1a: Tidawhirl|Defog|p2a: Malamar\n|-unboost|p2a: Malamar|evasion|1\n|\n|-damage|p2a: Malamar|61\/100|[from] move: Whirlpool|[partiallytrapped]\n|upkeep\n|turn|55\n|\n|t:|1699660996\n|move|p2a: Malamar|Acupressure|p2a: Malamar\n|-boost|p2a: Malamar|evasion|2\n|move|p1a: Tidawhirl|Defog|p2a: Malamar\n|-unboost|p2a: Malamar|evasion|1\n|\n|-damage|p2a: Malamar|48\/100|[from] move: Whirlpool|[partiallytrapped]\n|upkeep\n|turn|56\n|\n|t:|1699661000\n|move|p2a: Malamar|Acupressure|p2a: Malamar\n|-boost|p2a: Malamar|evasion|1\n|move|p1a: Tidawhirl|Roost|p1a: Tidawhirl\n|-heal|p1a: Tidawhirl|100\/100\n|-singleturn|p1a: Tidawhirl|move: Roost\n|\n|-damage|p2a: Malamar|36\/100|[from] move: Whirlpool|[partiallytrapped]\n|upkeep\n|turn|57\n|\n|t:|1699661021\n|move|p2a: Malamar|Stored Power|p1a: Tidawhirl\n|-resisted|p1a: Tidawhirl\n|-damage|p1a: Tidawhirl|52\/100\n|move|p1a: Tidawhirl|Defog|p2a: Malamar\n|-unboost|p2a: Malamar|evasion|1\n|\n|-end|p2a: Malamar|Whirlpool|[partiallytrapped]\n|upkeep\n|turn|58\n|\n|t:|1699661026\n|move|p2a: Malamar|Acupressure|p2a: Malamar\n|-boost|p2a: Malamar|evasion|1\n|move|p1a: Tidawhirl|Defog|p2a: Malamar\n|-unboost|p2a: Malamar|evasion|1\n|\n|upkeep\n|turn|59\n|\n|t:|1699661029\n|move|p2a: Malamar|Acupressure|p2a: Malamar\n|-boost|p2a: Malamar|evasion|1\n|move|p1a: Tidawhirl|Defog|p2a: Malamar\n|-unboost|p2a: Malamar|evasion|1\n|\n|upkeep\n|turn|60\n|c|\u2606nascarfan48|THERE ARE OTHER STATS THAT CAN BE RAISED OTHER THAN EVASION RIGHT NOW\n|\n|t:|1699661047\n|move|p2a: Malamar|Acupressure|p2a: Malamar\n|-boost|p2a: Malamar|def|2\n|move|p1a: Tidawhirl|Defog|p2a: Malamar\n|-unboost|p2a: Malamar|evasion|1\n|\n|upkeep\n|turn|61\n|c|\u2606Garchomp8000|I can't control Acupressure\n|c|\u2606Garchomp8000|Raises a random stat\n|\n|t:|1699661068\n|move|p2a: Malamar|Acupressure|p2a: Malamar\n|-boost|p2a: Malamar|spa|2\n|move|p1a: Tidawhirl|Defog|p2a: Malamar\n|-unboost|p2a: Malamar|evasion|1\n|\n|upkeep\n|turn|62\n|c|\u2606nascarfan48|I know, I was just miffed that it rose Evasion four times when it couldve chosen from like three stats\n|\n|t:|1699661080\n|move|p2a: Malamar|Acupressure|p2a: Malamar\n|-boost|p2a: Malamar|spa|2\n|move|p1a: Tidawhirl|Defog|p2a: Malamar\n|-unboost|p2a: Malamar|evasion|1\n|\n|upkeep\n|turn|63\n|\n|t:|1699661085\n|move|p2a: Malamar|Acupressure|p2a: Malamar\n|-boost|p2a: Malamar|evasion|2\n|move|p1a: Tidawhirl|Toxic|p2a: Malamar|[miss]\n|-miss|p1a: Tidawhirl|p2a: Malamar\n|\n|upkeep\n|turn|64\n|\n|t:|1699661089\n|move|p2a: Malamar|Acupressure|p2a: Malamar\n|-boost|p2a: Malamar|spd|2\n|move|p1a: Tidawhirl|Defog|p2a: Malamar\n|-unboost|p2a: Malamar|evasion|1\n|\n|upkeep\n|turn|65\n|\n|t:|1699661094\n|move|p2a: Malamar|Acupressure|p2a: Malamar\n|-boost|p2a: Malamar|evasion|2\n|move|p1a: Tidawhirl|Toxic|p2a: Malamar|[miss]\n|-miss|p1a: Tidawhirl|p2a: Malamar\n|\n|upkeep\n|turn|66\n|\n|t:|1699661097\n|move|p2a: Malamar|Acupressure|p2a: Malamar\n|-boost|p2a: Malamar|evasion|1\n|move|p1a: Tidawhirl|Toxic|p2a: Malamar\n|-status|p2a: Malamar|tox\n|\n|-damage|p2a: Malamar|30\/100 tox|[from] psn\n|upkeep\n|turn|67\n|\n|t:|1699661100\n|move|p2a: Malamar|Stored Power|p1a: Tidawhirl\n|-resisted|p1a: Tidawhirl\n|-damage|p1a: Tidawhirl|0 fnt\n|faint|p1a: Tidawhirl\n|\n|-damage|p2a: Malamar|18\/100 tox|[from] psn\n|upkeep\n|\n|t:|1699661104\n|switch|p1a: Beauty Model|Pheromosa, shiny|100\/100\n|turn|68\n|\n|t:|1699661109\n|move|p2a: Malamar|Rest|p2a: Malamar\n|-status|p2a: Malamar|slp|[from] move: Rest\n|-heal|p2a: Malamar|100\/100 slp|[silent]\n|move|p1a: Beauty Model|Poison Jab|p2a: Malamar|[miss]\n|-miss|p1a: Beauty Model|p2a: Malamar\n|\n|upkeep\n|turn|69\n|\n|t:|1699661118\n|switch|p1a: Narwhal|Tapu Fini, shiny|100\/100\n|-fieldstart|move: Misty Terrain|[from] ability: Misty Surge|[of] p1a: Narwhal\n|cant|p2a: Malamar|slp\n|\n|upkeep\n|turn|70\n|\n|t:|1699661124\n|cant|p2a: Malamar|slp\n|move|p1a: Narwhal|Calm Mind|p1a: Narwhal\n|-boost|p1a: Narwhal|spa|1\n|-boost|p1a: Narwhal|spd|1\n|\n|upkeep\n|turn|71\n|\n|t:|1699661128\n|-curestatus|p2a: Malamar|slp|[msg]\n|move|p2a: Malamar|Acupressure||[still]\n|-fail|p2a: Malamar\n|move|p1a: Narwhal|Calm Mind|p1a: Narwhal\n|-boost|p1a: Narwhal|spa|1\n|-boost|p1a: Narwhal|spd|1\n|\n|upkeep\n|turn|72\n|\n|t:|1699661133\n|move|p2a: Malamar|Topsy-Turvy|p1a: Narwhal\n|-invertboost|p1a: Narwhal|[from] move: Topsy-Turvy\n|move|p1a: Narwhal|Calm Mind|p1a: Narwhal\n|-boost|p1a: Narwhal|spa|1\n|-boost|p1a: Narwhal|spd|1\n|\n|upkeep\n|turn|73\n|\n|t:|1699661138\n|move|p2a: Malamar|Stored Power|p1a: Narwhal\n|-damage|p1a: Narwhal|0 fnt\n|faint|p1a: Narwhal\n|\n|-fieldend|Misty Terrain\n|upkeep\n|\n|t:|1699661140\n|switch|p1a: Reactor|Eternatus, tera:Dark|100\/100\n|-ability|p1a: Reactor|Pressure\n|turn|74\n|\n|t:|1699661145\n|move|p2a: Malamar|Acupressure||[still]\n|-fail|p2a: Malamar\n|move|p1a: Reactor|Toxic|p2a: Malamar|[miss]\n|-miss|p1a: Reactor|p2a: Malamar\n|\n|upkeep\n|turn|75\n|c|\u2606nascarfan48|You still can't touch Eternatus\n|\n|t:|1699661152\n|move|p2a: Malamar|Acupressure||[still]\n|-fail|p2a: Malamar\n|move|p1a: Reactor|Toxic|p2a: Malamar|[miss]\n|-miss|p1a: Reactor|p2a: Malamar\n|\n|upkeep\n|turn|76\n|c|\u2606nascarfan48|Just put me outta my misery with Zekrom or somethin\n|\n|t:|1699661168\n|move|p2a: Malamar|Acupressure||[still]\n|-fail|p2a: Malamar\n|move|p1a: Reactor|Toxic|p2a: Malamar\n|-status|p2a: Malamar|tox\n|\n|-damage|p2a: Malamar|94\/100 tox|[from] psn\n|upkeep\n|turn|77\n|\n|t:|1699661172\n|move|p2a: Malamar|Acupressure||[still]\n|-fail|p2a: Malamar\n|move|p1a: Reactor|Fire Spin|p2a: Malamar|[miss]\n|-miss|p1a: Reactor|p2a: Malamar\n|\n|-damage|p2a: Malamar|82\/100 tox|[from] psn\n|upkeep\n|turn|78\n|\n|t:|1699661176\n|move|p2a: Malamar|Acupressure||[still]\n|-fail|p2a: Malamar\n|move|p1a: Reactor|Fire Spin|p2a: Malamar\n|-damage|p2a: Malamar|79\/100 tox\n|-activate|p2a: Malamar|move: Fire Spin|[of] p1a: Reactor\n|\n|-damage|p2a: Malamar|60\/100 tox|[from] psn\n|-damage|p2a: Malamar|48\/100 tox|[from] move: Fire Spin|[partiallytrapped]\n|upkeep\n|turn|79\n|c|\u2606Garchomp8000|Hmmm\n|c|\u2606Garchomp8000|Nah\n|\n|t:|1699661184\n|move|p2a: Malamar|Rest|p2a: Malamar\n|-status|p2a: Malamar|slp|[from] move: Rest\n|-heal|p2a: Malamar|100\/100 slp|[silent]\n|move|p1a: Reactor|Fire Spin|p2a: Malamar|[miss]\n|-miss|p1a: Reactor|p2a: Malamar\n|\n|-damage|p2a: Malamar|88\/100 slp|[from] move: Fire Spin|[partiallytrapped]\n|upkeep\n|turn|80\n|\n|t:|1699661193\n|cant|p2a: Malamar|slp\n|move|p1a: Reactor|Fire Spin|p2a: Malamar|[miss]\n|-miss|p1a: Reactor|p2a: Malamar\n|\n|-damage|p2a: Malamar|76\/100 slp|[from] move: Fire Spin|[partiallytrapped]\n|upkeep\n|turn|81\n|c|\u2606nascarfan48|My team's gonna have nightmares tonight about tentacles with a beak\n|\n|t:|1699661214\n|cant|p2a: Malamar|slp\n|move|p1a: Reactor|Fire Spin|p2a: Malamar|[miss]\n|-miss|p1a: Reactor|p2a: Malamar\n|\n|-damage|p2a: Malamar|64\/100 slp|[from] move: Fire Spin|[partiallytrapped]\n|upkeep\n|turn|82\n|c|\u2606Garchomp8000|Sus\n|\n|t:|1699661221\n|-curestatus|p2a: Malamar|slp|[msg]\n|move|p2a: Malamar|Acupressure||[still]\n|-fail|p2a: Malamar\n|move|p1a: Reactor|Toxic|p2a: Malamar|[miss]\n|-miss|p1a: Reactor|p2a: Malamar\n|\n|-end|p2a: Malamar|Fire Spin|[partiallytrapped]\n|upkeep\n|turn|83\n|c|\u2606nascarfan48|I mean, that's exactly what Malamar is\n|c|\u2606nascarfan48|Tentacles, and it has a weird beak\n|\n|t:|1699661236\n|move|p2a: Malamar|Acupressure||[still]\n|-fail|p2a: Malamar\n|move|p1a: Reactor|Toxic|p2a: Malamar\n|-status|p2a: Malamar|tox\n|\n|-damage|p2a: Malamar|58\/100 tox|[from] psn\n|upkeep\n|turn|84\n|c|\u2606Garchomp8000|And a Squid that's upside down\n|\n|t:|1699661244\n|move|p2a: Malamar|Acupressure||[still]\n|-fail|p2a: Malamar\n|move|p1a: Reactor|Fire Spin|p2a: Malamar|[miss]\n|-miss|p1a: Reactor|p2a: Malamar\n|\n|-damage|p2a: Malamar|45\/100 tox|[from] psn\n|upkeep\n|turn|85\n|c|\u2606nascarfan48|Squids are just tentacles and a firework shapes head\n|\n|t:|1699661262\n|move|p2a: Malamar|Acupressure||[still]\n|-fail|p2a: Malamar\n|move|p1a: Reactor|Fire Spin|p2a: Malamar|[miss]\n|-miss|p1a: Reactor|p2a: Malamar\n|\n|-damage|p2a: Malamar|27\/100 tox|[from] psn\n|upkeep\n|turn|86\n|\n|t:|1699661269\n|move|p2a: Malamar|Rest|p2a: Malamar\n|-status|p2a: Malamar|slp|[from] move: Rest\n|-heal|p2a: Malamar|100\/100 slp|[silent]\n|move|p1a: Reactor|Toxic|p2a: Malamar|[miss]\n|-miss|p1a: Reactor|p2a: Malamar\n|\n|upkeep\n|turn|87\n|\n|t:|1699661276\n|cant|p2a: Malamar|slp\n|move|p1a: Reactor|Cosmic Power|p1a: Reactor\n|-boost|p1a: Reactor|def|1\n|-boost|p1a: Reactor|spd|1\n|\n|upkeep\n|turn|88\n|\n|t:|1699661279\n|cant|p2a: Malamar|slp\n|move|p1a: Reactor|Cosmic Power|p1a: Reactor\n|-boost|p1a: Reactor|def|1\n|-boost|p1a: Reactor|spd|1\n|\n|upkeep\n|turn|89\n|\n|t:|1699661283\n|-curestatus|p2a: Malamar|slp|[msg]\n|move|p2a: Malamar|Topsy-Turvy|p1a: Reactor\n|-invertboost|p1a: Reactor|[from] move: Topsy-Turvy\n|move|p1a: Reactor|Cosmic Power|p1a: Reactor\n|-boost|p1a: Reactor|def|1\n|-boost|p1a: Reactor|spd|1\n|\n|upkeep\n|turn|90\n|c|\u2606nascarfan48|Oh boy, I can;t wait to see what attack Malamar uses to take advantage of my lowered stats\n|\n|t:|1699661301\n|move|p2a: Malamar|Acupressure||[still]\n|-fail|p2a: Malamar\n|move|p1a: Reactor|Toxic|p2a: Malamar|[miss]\n|-miss|p1a: Reactor|p2a: Malamar\n|\n|upkeep\n|turn|91\n|\n|t:|1699661307\n|move|p2a: Malamar|Topsy-Turvy|p1a: Reactor\n|-invertboost|p1a: Reactor|[from] move: Topsy-Turvy\n|move|p1a: Reactor|Toxic|p2a: Malamar|[miss]\n|-miss|p1a: Reactor|p2a: Malamar\n|\n|upkeep\n|turn|92\n|\n|t:|1699661311\n|move|p2a: Malamar|Topsy-Turvy|p1a: Reactor\n|-invertboost|p1a: Reactor|[from] move: Topsy-Turvy\n|move|p1a: Reactor|Toxic|p2a: Malamar|[miss]\n|-miss|p1a: Reactor|p2a: Malamar\n|\n|upkeep\n|turn|93\n|\n|t:|1699661318\n|move|p2a: Malamar|Acupressure||[still]\n|-fail|p2a: Malamar\n|move|p1a: Reactor|Cosmic Power|p1a: Reactor\n|-boost|p1a: Reactor|def|1\n|-boost|p1a: Reactor|spd|1\n|\n|upkeep\n|turn|94\n|\n|t:|1699661323\n|move|p2a: Malamar|Acupressure||[still]\n|-fail|p2a: Malamar\n|move|p1a: Reactor|Cosmic Power|p1a: Reactor\n|-boost|p1a: Reactor|def|1\n|-boost|p1a: Reactor|spd|1\n|\n|upkeep\n|turn|95\n|\n|t:|1699661328\n|move|p2a: Malamar|Acupressure||[still]\n|-fail|p2a: Malamar\n|move|p1a: Reactor|Cosmic Power|p1a: Reactor\n|-boost|p1a: Reactor|def|1\n|-boost|p1a: Reactor|spd|1\n|\n|upkeep\n|turn|96\n|\n|t:|1699661333\n|move|p2a: Malamar|Acupressure||[still]\n|-fail|p2a: Malamar\n|move|p1a: Reactor|Cosmic Power|p1a: Reactor\n|-boost|p1a: Reactor|def|1\n|-boost|p1a: Reactor|spd|1\n|\n|upkeep\n|turn|97\n|c|\u2606Garchomp8000|OMG we're gonna reach 100 turns!\n|\n|t:|1699661342\n|move|p2a: Malamar|Acupressure||[still]\n|-fail|p2a: Malamar\n|move|p1a: Reactor|Cosmic Power|p1a: Reactor\n|-boost|p1a: Reactor|def|1\n|-boost|p1a: Reactor|spd|1\n|\n|upkeep\n|turn|98\n|\n|t:|1699661345\n|move|p2a: Malamar|Acupressure||[still]\n|-fail|p2a: Malamar\n|move|p1a: Reactor|Cosmic Power|p1a: Reactor\n|-boost|p1a: Reactor|def|1\n|-boost|p1a: Reactor|spd|1\n|\n|upkeep\n|turn|99\n|c|\u2606nascarfan48|Pretty sure the cap is 100, I hit 320 once in a near softlock\n|\n|t:|1699661359\n|move|p2a: Malamar|Topsy-Turvy|p1a: Reactor\n|-invertboost|p1a: Reactor|[from] move: Topsy-Turvy\n|move|p1a: Reactor|Cosmic Power|p1a: Reactor\n|-boost|p1a: Reactor|def|1\n|-boost|p1a: Reactor|spd|1\n|\n|upkeep\n|turn|100\n|c|\u2606nascarfan48|It was a Chansey vs Spectrier, but Spectrier was paralyzed so Chansey couldnt hit it\n|c|\u2606nascarfan48|And Spectrier only had Shadow Ball\n|inactive|nascarfan48 has 120 seconds left.\n|\n|t:|1699661385\n|move|p2a: Malamar|Acupressure||[still]\n|-fail|p2a: Malamar\n|move|p1a: Reactor|Cosmic Power|p1a: Reactor\n|-boost|p1a: Reactor|def|1\n|-boost|p1a: Reactor|spd|1\n|\n|upkeep\n|turn|101\n|\n|t:|1699661393\n|move|p2a: Malamar|Topsy-Turvy|p1a: Reactor\n|-invertboost|p1a: Reactor|[from] move: Topsy-Turvy\n|move|p1a: Reactor|Cosmic Power|p1a: Reactor\n|-boost|p1a: Reactor|def|1\n|-boost|p1a: Reactor|spd|1\n|\n|upkeep\n|turn|102\n|\n|t:|1699661399\n|move|p2a: Malamar|Topsy-Turvy|p1a: Reactor\n|-invertboost|p1a: Reactor|[from] move: Topsy-Turvy\n|move|p1a: Reactor|Cosmic Power|p1a: Reactor\n|-boost|p1a: Reactor|def|1\n|-boost|p1a: Reactor|spd|1\n|\n|upkeep\n|turn|103\n|\n|t:|1699661407\n|move|p2a: Malamar|Topsy-Turvy|p1a: Reactor\n|-invertboost|p1a: Reactor|[from] move: Topsy-Turvy\n|move|p1a: Reactor|Cosmic Power|p1a: Reactor\n|-boost|p1a: Reactor|def|1\n|-boost|p1a: Reactor|spd|1\n|\n|upkeep\n|turn|104\n|\n|t:|1699661411\n|move|p2a: Malamar|Topsy-Turvy|p1a: Reactor\n|-invertboost|p1a: Reactor|[from] move: Topsy-Turvy\n|move|p1a: Reactor|Cosmic Power|p1a: Reactor\n|-boost|p1a: Reactor|def|1\n|-boost|p1a: Reactor|spd|1\n|\n|upkeep\n|turn|105\n|\n|t:|1699661413\n|move|p2a: Malamar|Topsy-Turvy|p1a: Reactor\n|-invertboost|p1a: Reactor|[from] move: Topsy-Turvy\n|move|p1a: Reactor|Cosmic Power|p1a: Reactor\n|-boost|p1a: Reactor|def|1\n|-boost|p1a: Reactor|spd|1\n|\n|upkeep\n|turn|106\n|\n|t:|1699661418\n|move|p2a: Malamar|Topsy-Turvy|p1a: Reactor\n|-invertboost|p1a: Reactor|[from] move: Topsy-Turvy\n|move|p1a: Reactor|Recover||[still]\n|-fail|p1a: Reactor|heal\n|\n|upkeep\n|turn|107\n|\n|t:|1699661423\n|move|p2a: Malamar|Topsy-Turvy|p1a: Reactor\n|-invertboost|p1a: Reactor|[from] move: Topsy-Turvy\n|move|p1a: Reactor|Recover||[still]\n|-fail|p1a: Reactor|heal\n|\n|upkeep\n|turn|108\n|c|\u2606Garchomp8000|OMG this is mayhem\n|c|\u2606Garchomp8000|LOL\n|c|\u2606nascarfan48|I appreciate the indeciveness on where you want my stats to go\n|\n|t:|1699661453\n|move|p2a: Malamar|Topsy-Turvy|p1a: Reactor\n|-invertboost|p1a: Reactor|[from] move: Topsy-Turvy\n|move|p1a: Reactor|Recover||[still]\n|-fail|p1a: Reactor|heal\n|\n|upkeep\n|turn|109\n|\n|t:|1699661457\n|move|p2a: Malamar|Topsy-Turvy|p1a: Reactor\n|-invertboost|p1a: Reactor|[from] move: Topsy-Turvy\n|move|p1a: Reactor|Cosmic Power|p1a: Reactor\n|-boost|p1a: Reactor|def|1\n|-boost|p1a: Reactor|spd|1\n|\n|upkeep\n|turn|110\n|c|\u2606nascarfan48|I think your poor Malamar's confused\n|\n|t:|1699661469\n|move|p2a: Malamar|Acupressure||[still]\n|-fail|p2a: Malamar\n|move|p1a: Reactor|Recover||[still]\n|-fail|p1a: Reactor|heal\n|\n|upkeep\n|turn|111\n|c|\u2606Garchomp8000|I think you know what my idea is\n|\n|t:|1699661479\n|move|p2a: Malamar|Topsy-Turvy|p1a: Reactor\n|-invertboost|p1a: Reactor|[from] move: Topsy-Turvy\n|move|p1a: Reactor|Cosmic Power|p1a: Reactor\n|-boost|p1a: Reactor|def|1\n|-boost|p1a: Reactor|spd|1\n|\n|upkeep\n|turn|112\n|\n|t:|1699661484\n|move|p2a: Malamar|Acupressure||[still]\n|-fail|p2a: Malamar\n|move|p1a: Reactor|Recover||[still]\n|-fail|p1a: Reactor|heal\n|\n|upkeep\n|turn|113\n|\n|t:|1699661488\n|move|p2a: Malamar|Stored Power|p1a: Reactor\n|-immune|p1a: Reactor\n|move|p1a: Reactor|Cosmic Power|p1a: Reactor\n|-boost|p1a: Reactor|def|1\n|-boost|p1a: Reactor|spd|1\n|\n|upkeep\n|turn|114\n|\n|t:|1699661491\n|move|p2a: Malamar|Stored Power|p1a: Reactor\n|-immune|p1a: Reactor\n|move|p1a: Reactor|Cosmic Power|p1a: Reactor\n|-boost|p1a: Reactor|def|1\n|-boost|p1a: Reactor|spd|1\n|\n|upkeep\n|turn|115\n|\n|t:|1699661500\n|move|p2a: Malamar|Topsy-Turvy|p1a: Reactor\n|-invertboost|p1a: Reactor|[from] move: Topsy-Turvy\n|-activate|p1a: Reactor|move: Struggle\n|move|p1a: Reactor|Struggle|p2a: Malamar\n|-damage|p2a: Malamar|99\/100\n|-damage|p1a: Reactor|75\/100|[from] recoil\n|\n|upkeep\n|turn|116\n|\n|t:|1699661513\n|move|p2a: Malamar|Stored Power|p1a: Reactor\n|-immune|p1a: Reactor\n|-activate|p1a: Reactor|move: Struggle\n|move|p1a: Reactor|Struggle|p2a: Malamar\n|-damage|p2a: Malamar|97\/100\n|-damage|p1a: Reactor|50\/100|[from] recoil\n|\n|upkeep\n|turn|117\n|c|\u2606nascarfan48|It's worse, because I think Struggle can miss\n|\n|t:|1699661526\n|move|p2a: Malamar|Rest|p2a: Malamar\n|-status|p2a: Malamar|slp|[from] move: Rest\n|-heal|p2a: Malamar|100\/100 slp|[silent]\n|-activate|p1a: Reactor|move: Struggle\n|move|p1a: Reactor|Struggle|p2a: Malamar\n|-damage|p2a: Malamar|99\/100 slp\n|-damage|p1a: Reactor|25\/100|[from] recoil\n|\n|upkeep\n|turn|118\n|c|\u2606Garchomp8000|It really can't\n|\n|t:|1699661533\n|cant|p2a: Malamar|slp\n|-activate|p1a: Reactor|move: Struggle\n|move|p1a: Reactor|Struggle|p2a: Malamar\n|-crit|p2a: Malamar\n|-damage|p2a: Malamar|91\/100 slp\n|-damage|p1a: Reactor|0 fnt|[from] recoil\n|faint|p1a: Reactor\n|\n|upkeep\n|c|\u2606nascarfan48|Well, I know it could at some point\n|\n|t:|1699661541\n|switch|p1a: Beauty Model|Pheromosa, shiny|100\/100\n|turn|119\n|c|\u2606nascarfan48|Imagine I get a crit now\n|\n|t:|1699661554\n|cant|p2a: Malamar|slp\n|move|p1a: Beauty Model|Triple Axel|p2a: Malamar\n|-damage|p2a: Malamar|89\/100 slp\n|-damage|p2a: Malamar|86\/100 slp\n|-damage|p2a: Malamar|82\/100 slp\n|-hitcount|p2a: Malamar|3\n|\n|upkeep\n|turn|120\n|\n|t:|1699661561\n|-curestatus|p2a: Malamar|slp|[msg]\n|move|p2a: Malamar|Stored Power|p1a: Beauty Model\n|-supereffective|p1a: Beauty Model\n|-enditem|p1a: Beauty Model|Focus Sash\n|-damage|p1a: Beauty Model|1\/100\n|move|p1a: Beauty Model|Triple Axel|p2a: Malamar|[miss]\n|-miss|p1a: Beauty Model|p2a: Malamar\n|\n|upkeep\n|turn|121\n|c|\u2606Garchomp8000|GG\n|\n|t:|1699661568\n|move|p2a: Malamar|Stored Power|p1a: Beauty Model\n|-supereffective|p1a: Beauty Model\n|-damage|p1a: Beauty Model|0 fnt\n|faint|p1a: Beauty Model\n|\n|win|Garchomp8000\n|raw|nascarfan48's rating: 1242 &rarr; <strong>1225<\/strong><br \/>(-17 for losing)\n|raw|Garchomp8000's rating: 1359 &rarr; <strong>1373<\/strong><br \/>(+14 for winning)\n|c|\u2606Garchomp8000|God damn that was a long one\n|c|\u2606nascarfan48|Eternatus must've been wondering wtf he was with me for\n|c|\u2606Garchomp8000|Like damn I could be playing Phasmaphobia right now\n|c|\u2606nascarfan48|Eternatus is a Town Of Salem 2 fan to me\n|c|\u2606nascarfan48|Total nerd\n|c|\u2606Garchomp8000|=P\n|l|\u2606nascarfan48\n","uploadtime":1699661675,"views":6,"p1id":"nascarfan48","p2id":"garchomp8000","formatid":"gen9nationaldexubers","rating":1225,"private":0,"password":""}