{"id":"gen9nationaldexubers-1981153570","p1":"IncandescentCandle","p2":"ArcticIzagi","format":"[Gen 9] National Dex Ubers","log":"|j|\u2606IncandescentCandle\n|j|\u2606ArcticIzagi\n|t:|1698867911\n|gametype|singles\n|player|p1|IncandescentCandle|waitress-gen4|\n|player|p2|ArcticIzagi|dawn|\n|teamsize|p1|6\n|teamsize|p2|6\n|gen|9\n|tier|[Gen 9] National Dex Ubers\n|rule|HP Percentage Mod: HP is shown in percentages\n|rule|Endless Battle Clause: Forcing endless battles is banned\n|rule|OHKO Clause: OHKO moves are banned\n|rule|Evasion Moves Clause: Evasion moves are banned\n|rule|Evasion Items Clause: Evasion items are banned\n|rule|Species Clause: Limit one of each Pok\u00e9mon\n|rule|Sleep Clause Mod: Limit one foe put to sleep\n|rule|Mega Rayquaza Clause: You cannot mega evolve Rayquaza\n|clearpoke\n|poke|p1|Ursaluna-Bloodmoon, M|\n|poke|p1|Tapu Koko|\n|poke|p1|Sneasler, M|\n|poke|p1|Raichu-Alola, M|\n|poke|p1|Aerodactyl, F|\n|poke|p1|Baxcalibur, M|\n|poke|p2|Diancie|\n|poke|p2|Coalossal, F|\n|poke|p2|Tyranitar, F|\n|poke|p2|Ogerpon-Cornerstone, F|\n|poke|p2|Terrakion|\n|poke|p2|Nihilego|\n|teampreview\n|c|\u2606IncandescentCandle|hf\n|c|\u2606ArcticIzagi|glhf\n|c|\u2606IncandescentCandle|poison bloodmoon\n|\n|t:|1698867935\n|start\n|switch|p1a: Stay|Tapu Koko|100\/100\n|switch|p2a: Banquet|Diancie|100\/100\n|-fieldstart|move: Electric Terrain|[from] ability: Electric Surge|[of] p1a: Stay\n|turn|1\n|\n|t:|1698867944\n|detailschange|p2a: Banquet|Diancie-Mega\n|-mega|p2a: Banquet|Diancie|Diancite\n|move|p1a: Stay|Light Screen|p1a: Stay\n|-sidestart|p1: IncandescentCandle|move: Light Screen\n|move|p2a: Banquet|Stealth Rock|p1a: Stay\n|-sidestart|p1: IncandescentCandle|move: Stealth Rock\n|\n|upkeep\n|turn|2\n|j| Destinum\n|\n|t:|1698867950\n|move|p1a: Stay|Reflect|p1a: Stay\n|-sidestart|p1: IncandescentCandle|Reflect\n|move|p2a: Banquet|Diamond Storm|p1a: Stay\n|-damage|p1a: Stay|72\/100\n|\n|upkeep\n|turn|3\n|\n|t:|1698867957\n|move|p1a: Stay|U-turn|p2a: Banquet\n|-resisted|p2a: Banquet\n|-damage|p2a: Banquet|89\/100\n|\n|t:|1698867960\n|switch|p1a: Under|Ursaluna-Bloodmoon, M|100\/100|[from] U-turn\n|-damage|p1a: Under|94\/100|[from] Stealth Rock\n|move|p2a: Banquet|Diamond Storm|p1a: Under\n|-resisted|p1a: Under\n|-damage|p1a: Under|87\/100\n|\n|-heal|p1a: Under|94\/100|[from] item: Leftovers\n|upkeep\n|turn|4\n|\n|t:|1698867973\n|switch|p2a: Antlion|Tyranitar, F|100\/100\n|-weather|Sandstorm|[from] ability: Sand Stream|[of] p2a: Antlion\n|move|p1a: Under|Earth Power|p2a: Antlion\n|-supereffective|p2a: Antlion\n|-damage|p2a: Antlion|78\/100\n|\n|-weather|Sandstorm|[upkeep]\n|-heal|p1a: Under|99\/100|[from] item: Leftovers\n|upkeep\n|turn|5\n|\n|t:|1698867987\n|switch|p1a: Pickled Ginger|Sneasler, M|100\/100\n|-damage|p1a: Pickled Ginger|95\/100|[from] Stealth Rock\n|-enditem|p1a: Pickled Ginger|Electric Seed\n|-boost|p1a: Pickled Ginger|def|1|[from] item: Electric Seed\n|move|p2a: Antlion|Knock Off|p1a: Pickled Ginger\n|-resisted|p1a: Pickled Ginger\n|-crit|p1a: Pickled Ginger\n|-damage|p1a: Pickled Ginger|58\/100\n|\n|-weather|Sandstorm|[upkeep]\n|-damage|p1a: Pickled Ginger|52\/100|[from] Sandstorm\n|-fieldend|move: Electric Terrain\n|upkeep\n|turn|6\n|\n|t:|1698868060\n|switch|p2a: SummerVacationWar|Coalossal, F|100\/100\n|move|p1a: Pickled Ginger|Swords Dance|p1a: Pickled Ginger\n|-boost|p1a: Pickled Ginger|atk|2\n|\n|-weather|Sandstorm|[upkeep]\n|-damage|p1a: Pickled Ginger|46\/100|[from] Sandstorm\n|upkeep\n|turn|7\n|\n|t:|1698868068\n|move|p1a: Pickled Ginger|Close Combat|p2a: SummerVacationWar\n|-supereffective|p2a: SummerVacationWar\n|-damage|p2a: SummerVacationWar|0 fnt\n|-unboost|p1a: Pickled Ginger|def|1\n|-unboost|p1a: Pickled Ginger|spd|1\n|-status|p1a: Pickled Ginger|brn|[from] ability: Flame Body|[of] p2a: SummerVacationWar\n|faint|p2a: SummerVacationWar\n|\n|-weather|Sandstorm|[upkeep]\n|-damage|p1a: Pickled Ginger|40\/100 brn|[from] Sandstorm\n|-damage|p1a: Pickled Ginger|34\/100 brn|[from] brn\n|upkeep\n|c|\u2606IncandescentCandle|we're all out of pickled ginger\n|c|\u2606IncandescentCandle|srry\n|c|\u2606IncandescentCandle|i wanted to say that\n|c|\u2606IncandescentCandle|lol\n|\n|t:|1698868106\n|switch|p2a: Hikattero Justice|Ogerpon-Cornerstone, F|100\/100\n|turn|8\n|\n|t:|1698868115\n|move|p1a: Pickled Ginger|Close Combat|p2a: Hikattero Justice\n|-supereffective|p2a: Hikattero Justice\n|-ability|p2a: Hikattero Justice|Sturdy\n|-damage|p2a: Hikattero Justice|1\/100\n|-unboost|p1a: Pickled Ginger|def|1\n|-unboost|p1a: Pickled Ginger|spd|1\n|move|p2a: Hikattero Justice|Ivy Cudgel|p1a: Pickled Ginger\n|-resisted|p1a: Pickled Ginger\n|-damage|p1a: Pickled Ginger|0 fnt\n|faint|p1a: Pickled Ginger\n|\n|-weather|none\n|-sideend|p1: IncandescentCandle|move: Light Screen\n|upkeep\n|\n|t:|1698868118\n|switch|p1a: Stay|Tapu Koko|72\/100\n|-damage|p1a: Stay|60\/100|[from] Stealth Rock\n|-fieldstart|move: Electric Terrain|[from] ability: Electric Surge|[of] p1a: Stay\n|turn|9\n|\n|t:|1698868133\n|switch|p2a: Tadamono|Terrakion|100\/100\n|move|p1a: Stay|U-turn|p2a: Tadamono\n|-resisted|p2a: Tadamono\n|-damage|p2a: Tadamono|90\/100\n|\n|t:|1698868135\n|switch|p1a: Something To Feel|Raichu-Alola, M|100\/100|[from] U-turn\n|-damage|p1a: Something To Feel|88\/100|[from] Stealth Rock\n|\n|-sideend|p1: IncandescentCandle|Reflect\n|upkeep\n|turn|10\n|\n|t:|1698868157\n|switch|p1a: Under|Ursaluna-Bloodmoon, M|99\/100\n|-damage|p1a: Under|94\/100|[from] Stealth Rock\n|switch|p2a: Antlion|Tyranitar, F|78\/100\n|-weather|Sandstorm|[from] ability: Sand Stream|[of] p2a: Antlion\n|\n|-weather|Sandstorm|[upkeep]\n|-heal|p1a: Under|99\/100|[from] item: Leftovers\n|upkeep\n|turn|11\n|\n|t:|1698868168\n|switch|p1a: New Sky|Aerodactyl, F|100\/100\n|-damage|p1a: New Sky|76\/100|[from] Stealth Rock\n|move|p2a: Antlion|Knock Off|p1a: New Sky\n|-damage|p1a: New Sky|25\/100\n|\n|-weather|Sandstorm|[upkeep]\n|upkeep\n|turn|12\n|\n|t:|1698868177\n|detailschange|p1a: New Sky|Aerodactyl-Mega, F\n|-mega|p1a: New Sky|Aerodactyl|Aerodactylite\n|move|p1a: New Sky|Stone Edge|p2a: Antlion\n|-damage|p2a: Antlion|40\/100\n|move|p2a: Antlion|Ice Beam|p1a: New Sky\n|-supereffective|p1a: New Sky\n|-damage|p1a: New Sky|0 fnt\n|faint|p1a: New Sky\n|\n|-weather|Sandstorm|[upkeep]\n|upkeep\n|\n|t:|1698868182\n|switch|p1a: Almost Home|Baxcalibur, M|100\/100\n|-damage|p1a: Almost Home|76\/100|[from] Stealth Rock\n|turn|13\n|\n|t:|1698868191\n|switch|p2a: Tadamono|Terrakion|90\/100\n|move|p1a: Almost Home|Scale Shot|p2a: Tadamono\n|-damage|p2a: Tadamono|74\/100\n|-damage|p2a: Tadamono|59\/100\n|-damage|p2a: Tadamono|43\/100\n|-damage|p2a: Tadamono|26\/100\n|-hitcount|p2a: Tadamono|4\n|-unboost|p1a: Almost Home|def|1\n|-boost|p1a: Almost Home|spe|1\n|\n|-weather|Sandstorm|[upkeep]\n|-damage|p1a: Almost Home|70\/100|[from] Sandstorm\n|-fieldend|move: Electric Terrain\n|upkeep\n|turn|14\n|\n|t:|1698868207\n|move|p1a: Almost Home|Ice Shard|p2a: Tadamono\n|-damage|p2a: Tadamono|1\/100\n|move|p2a: Tadamono|Earthquake|p1a: Almost Home\n|-crit|p1a: Almost Home\n|-damage|p1a: Almost Home|0 fnt\n|faint|p1a: Almost Home\n|\n|-weather|none\n|upkeep\n|c|\u2606IncandescentCandle|darn\n|\n|t:|1698868214\n|switch|p1a: Under|Ursaluna-Bloodmoon, M|99\/100\n|-damage|p1a: Under|94\/100|[from] Stealth Rock\n|turn|15\n|c|\u2606ArcticIzagi|2 hp\n|c|\u2606IncandescentCandle|good for it tbh\n|\n|t:|1698868223\n|move|p2a: Tadamono|Earthquake|p1a: Under\n|-damage|p1a: Under|76\/100\n|move|p1a: Under|Earth Power|p2a: Tadamono\n|-supereffective|p2a: Tadamono\n|-damage|p2a: Tadamono|0 fnt\n|faint|p2a: Tadamono\n|\n|-heal|p1a: Under|82\/100|[from] item: Leftovers\n|upkeep\n|\n|t:|1698868235\n|switch|p2a: Antlion|Tyranitar, F|40\/100\n|-weather|Sandstorm|[from] ability: Sand Stream|[of] p2a: Antlion\n|turn|16\n|\n|t:|1698868243\n|switch|p1a: Stay|Tapu Koko|60\/100\n|-damage|p1a: Stay|48\/100|[from] Stealth Rock\n|-fieldstart|move: Electric Terrain|[from] ability: Electric Surge|[of] p1a: Stay\n|move|p2a: Antlion|Knock Off|p1a: Stay\n|-resisted|p1a: Stay\n|-damage|p1a: Stay|23\/100\n|-enditem|p1a: Stay|Light Clay|[from] move: Knock Off|[of] p2a: Antlion\n|\n|-weather|Sandstorm|[upkeep]\n|-damage|p1a: Stay|17\/100|[from] Sandstorm\n|upkeep\n|turn|17\n|\n|t:|1698868255\n|switch|p2a: Banquet|Diancie-Mega|89\/100\n|move|p1a: Stay|Reflect|p1a: Stay\n|-sidestart|p1: IncandescentCandle|Reflect\n|\n|-weather|Sandstorm|[upkeep]\n|-damage|p1a: Stay|10\/100|[from] Sandstorm\n|upkeep\n|turn|18\n|\n|t:|1698868265\n|move|p1a: Stay|Light Screen|p1a: Stay\n|-sidestart|p1: IncandescentCandle|move: Light Screen\n|move|p2a: Banquet|Diamond Storm|p1a: Stay\n|-damage|p1a: Stay|0 fnt\n|-boost|p2a: Banquet|def|2\n|faint|p1a: Stay\n|\n|-weather|Sandstorm|[upkeep]\n|upkeep\n|\n|t:|1698868270\n|switch|p1a: Something To Feel|Raichu-Alola, M|88\/100\n|-damage|p1a: Something To Feel|76\/100|[from] Stealth Rock\n|turn|19\n|c|\u2606IncandescentCandle|oooo im flash cannonnnnnn oooooo you should switch\n|\n|t:|1698868300\n|move|p1a: Something To Feel|Nasty Plot|p1a: Something To Feel\n|-boost|p1a: Something To Feel|spa|2\n|move|p2a: Banquet|Diamond Storm|p1a: Something To Feel\n|-damage|p1a: Something To Feel|13\/100\n|-boost|p2a: Banquet|def|2\n|\n|-weather|Sandstorm|[upkeep]\n|-damage|p1a: Something To Feel|7\/100|[from] Sandstorm\n|upkeep\n|turn|20\n|\n|t:|1698868316\n|-zpower|p1a: Something To Feel\n|move|p1a: Something To Feel|Bloom Doom|p2a: Banquet|[zeffect]\n|-supereffective|p2a: Banquet\n|-damage|p2a: Banquet|0 fnt\n|faint|p2a: Banquet\n|\n|-weather|none\n|-fieldend|move: Electric Terrain\n|upkeep\n|\n|t:|1698868335\n|switch|p2a: Antlion|Tyranitar, F|40\/100\n|-weather|Sandstorm|[from] ability: Sand Stream|[of] p2a: Antlion\n|turn|21\n|\n|t:|1698868346\n|move|p1a: Something To Feel|Grass Knot|p2a: Antlion\n|-supereffective|p2a: Antlion\n|-damage|p2a: Antlion|6\/100\n|move|p2a: Antlion|Ice Beam|p1a: Something To Feel\n|-damage|p1a: Something To Feel|0 fnt\n|faint|p1a: Something To Feel\n|\n|-weather|Sandstorm|[upkeep]\n|-sideend|p1: IncandescentCandle|Reflect\n|upkeep\n|\n|t:|1698868348\n|switch|p1a: Under|Ursaluna-Bloodmoon, M|82\/100\n|-damage|p1a: Under|76\/100|[from] Stealth Rock\n|turn|22\n|\n|t:|1698868358\n|move|p2a: Antlion|Knock Off|p1a: Under\n|-damage|p1a: Under|56\/100\n|-enditem|p1a: Under|Leftovers|[from] move: Knock Off|[of] p2a: Antlion\n|move|p1a: Under|Earth Power|p2a: Antlion\n|-supereffective|p2a: Antlion\n|-damage|p2a: Antlion|0 fnt\n|faint|p2a: Antlion\n|\n|-weather|Sandstorm|[upkeep]\n|-sideend|p1: IncandescentCandle|move: Light Screen\n|upkeep\n|\n|t:|1698868366\n|switch|p2a: Hikattero Justice|Ogerpon-Cornerstone, F|1\/100\n|turn|23\n|\n|t:|1698868371\n|-terastallize|p1a: Under|Poison\n|move|p2a: Hikattero Justice|Ivy Cudgel|p1a: Under\n|-damage|p1a: Under|27\/100\n|move|p1a: Under|Moonlight|p1a: Under\n|-heal|p1a: Under|52\/100\n|\n|-weather|Sandstorm|[upkeep]\n|-damage|p1a: Under|46\/100|[from] Sandstorm\n|upkeep\n|turn|24\n|\n|t:|1698868380\n|move|p2a: Hikattero Justice|Ivy Cudgel|p1a: Under\n|-damage|p1a: Under|17\/100\n|move|p1a: Under|Moonlight|p1a: Under\n|-heal|p1a: Under|41\/100\n|\n|-weather|Sandstorm|[upkeep]\n|-damage|p1a: Under|35\/100|[from] Sandstorm\n|upkeep\n|turn|25\n|\n|t:|1698868387\n|move|p2a: Hikattero Justice|Ivy Cudgel|p1a: Under\n|-crit|p1a: Under\n|-damage|p1a: Under|0 fnt\n|faint|p1a: Under\n|\n|win|ArcticIzagi\n|c|\u2606IncandescentCandle|darn\n|c|\u2606IncandescentCandle|high crit move moment\n|c|\u2606ArcticIzagi|gg\n|c|\u2606IncandescentCandle|gg\n","uploadtime":1698868404,"views":31,"p1id":"incandescentcandle","p2id":"arcticizagi","formatid":"gen9nationaldexubers","rating":0,"private":0,"password":""}