{"id":"gen9nationaldexubers-1999547253","p1":"Le_Fiishe","p2":"OminousZzy","format":"[Gen 9] National Dex Ubers","log":"|j|\u2606Le_Fiishe\n|j|\u2606OminousZzy\n|t:|1701094860\n|gametype|singles\n|player|p1|Le_Fiishe|hilbert|1118\n|player|p2|OminousZzy|1|1247\n|teamsize|p1|6\n|teamsize|p2|6\n|gen|9\n|tier|[Gen 9] National Dex Ubers\n|rated|\n|rule|HP Percentage Mod: HP is shown in percentages\n|rule|Endless Battle Clause: Forcing endless battles is banned\n|rule|OHKO Clause: OHKO moves are banned\n|rule|Evasion Moves Clause: Evasion moves are banned\n|rule|Evasion Items Clause: Evasion items are banned\n|rule|Species Clause: Limit one of each Pok\u00e9mon\n|rule|Sleep Clause Mod: Limit one foe put to sleep\n|rule|Mega Rayquaza Clause: You cannot mega evolve Rayquaza\n|clearpoke\n|poke|p1|Eternatus|\n|poke|p1|Lurantis, F|\n|poke|p1|Centiskorch, M|\n|poke|p1|Marshadow|\n|poke|p1|Ribombee, F|\n|poke|p1|Bisharp, M|\n|poke|p2|Dragonite, F|\n|poke|p2|Blaziken, M|\n|poke|p2|Greninja-*, M|\n|poke|p2|Roserade, F|\n|poke|p2|Flygon, M|\n|poke|p2|Rotom-Wash|\n|teampreview\n|inactive|Battle timer is ON: inactive players will automatically lose when time's up. (requested by OminousZzy)\n|\n|t:|1701094875\n|start\n|switch|p1a: Ribombee|Ribombee, F, shiny|100\/100\n|switch|p2a: Roserade|Roserade, F|100\/100\n|turn|1\n|\n|t:|1701094885\n|move|p1a: Ribombee|Switcheroo|p2a: Roserade\n|-activate|p1a: Ribombee|move: Trick|[of] p2a: Roserade\n|-item|p2a: Roserade|Choice Scarf|[from] move: Switcheroo\n|-item|p1a: Ribombee|Black Sludge|[from] move: Switcheroo\n|move|p2a: Roserade|Sleep Powder|p1a: Ribombee\n|-status|p1a: Ribombee|slp|[from] move: Sleep Powder\n|\n|-damage|p1a: Ribombee|88\/100 slp|[from] item: Black Sludge\n|upkeep\n|turn|2\n|\n|t:|1701094898\n|switch|p2a: Dragonite|Dragonite, F|100\/100\n|switch|p1a: Lurantis|Lurantis, F|100\/100\n|\n|upkeep\n|turn|3\n|\n|t:|1701094906\n|switch|p1a: Ribombee|Ribombee, F, shiny|88\/100 slp\n|move|p2a: Dragonite|Dragon Dance|p2a: Dragonite\n|-boost|p2a: Dragonite|atk|1\n|-boost|p2a: Dragonite|spe|1\n|\n|-damage|p1a: Ribombee|76\/100 slp|[from] item: Black Sludge\n|upkeep\n|turn|4\n|\n|t:|1701094913\n|move|p2a: Dragonite|Dual Wingbeat|p1a: Ribombee\n|-supereffective|p1a: Ribombee\n|-damage|p1a: Ribombee|0 fnt\n|faint|p1a: Ribombee\n|-hitcount|p1: Ribombee|1\n|\n|upkeep\n|\n|t:|1701094919\n|switch|p1a: Bisharp|Bisharp, M, shiny|100\/100\n|turn|5\n|\n|t:|1701094932\n|switch|p2a: Rotom|Rotom-Wash|100\/100\n|move|p1a: Bisharp|Foul Play|p2a: Rotom\n|-damage|p2a: Rotom|79\/100\n|\n|-heal|p2a: Rotom|86\/100|[from] item: Leftovers\n|upkeep\n|turn|6\n|\n|t:|1701094941\n|move|p2a: Rotom|Thunder Wave|p1a: Bisharp\n|-status|p1a: Bisharp|par\n|cant|p1a: Bisharp|par\n|\n|-heal|p2a: Rotom|92\/100|[from] item: Leftovers\n|upkeep\n|turn|7\n|\n|t:|1701094951\n|move|p2a: Rotom|Thunderbolt|p1a: Bisharp\n|-damage|p1a: Bisharp|47\/100 par\n|move|p1a: Bisharp|Stealth Rock|p2a: Rotom\n|-sidestart|p2: OminousZzy|move: Stealth Rock\n|\n|-heal|p2a: Rotom|98\/100|[from] item: Leftovers\n|upkeep\n|turn|8\n|\n|t:|1701094959\n|cant|p1a: Bisharp|par\n|move|p2a: Rotom|Thunderbolt|p1a: Bisharp\n|-damage|p1a: Bisharp|0 fnt\n|faint|p1a: Bisharp\n|\n|-heal|p2a: Rotom|100\/100|[from] item: Leftovers\n|upkeep\n|\n|t:|1701094967\n|switch|p1a: Lurantis|Lurantis, F|100\/100\n|turn|9\n|\n|t:|1701094974\n|move|p2a: Rotom|Thunder Wave|p1a: Lurantis\n|-status|p1a: Lurantis|par\n|cant|p1a: Lurantis|par\n|\n|upkeep\n|turn|10\n|\n|t:|1701094979\n|move|p2a: Rotom|Volt Switch|p1a: Lurantis\n|-resisted|p1a: Lurantis\n|-damage|p1a: Lurantis|80\/100 par\n|\n|t:|1701094984\n|switch|p2a: Blaziken|Blaziken, M|100\/100|[from] Volt Switch\n|-damage|p2a: Blaziken|88\/100|[from] Stealth Rock\n|cant|p1a: Lurantis|par\n|\n|upkeep\n|turn|11\n|c|\u2606Le_Fiishe|THUNDERWAVEEEEEEEEEEEEEEEEEEEEEE\n|\n|t:|1701094994\n|detailschange|p2a: Blaziken|Blaziken-Mega, M\n|-mega|p2a: Blaziken|Blaziken|Blazikenite\n|move|p2a: Blaziken|Blaze Kick|p1a: Lurantis\n|-supereffective|p1a: Lurantis\n|-damage|p1a: Lurantis|0 fnt\n|faint|p1a: Lurantis\n|\n|-ability|p2a: Blaziken|Speed Boost|boost\n|-boost|p2a: Blaziken|spe|1\n|upkeep\n|\n|t:|1701095003\n|switch|p1a: Centiskorch|Centiskorch, M, shiny|100\/100\n|turn|12\n|c|\u2606OminousZzy|hehe\n|c|\u2606OminousZzy|i have brave bird\n|c|\u2606OminousZzy|ur dead\n|c|\u2606Le_Fiishe|ok\n|\n|t:|1701095038\n|-terastallize|p1a: Centiskorch|Ghost\n|move|p2a: Blaziken|Thunder Punch|p1a: Centiskorch\n|-damage|p1a: Centiskorch|62\/100\n|move|p1a: Centiskorch|Fire Lash|p2a: Blaziken\n|-resisted|p2a: Blaziken\n|-damage|p2a: Blaziken|58\/100\n|-unboost|p2a: Blaziken|def|1\n|\n|-ability|p2a: Blaziken|Speed Boost|boost\n|-boost|p2a: Blaziken|spe|1\n|upkeep\n|turn|13\n|c|\u2606OminousZzy|sike\n|c|\u2606Le_Fiishe|well im gonna shoot myself today so thats fine\n|c|\u2606OminousZzy|nice\n|inactive|OminousZzy has 120 seconds left.\n|\n|t:|1701095055\n|move|p2a: Blaziken|Blaze Kick|p1a: Centiskorch\n|-damage|p1a: Centiskorch|0 fnt\n|faint|p1a: Centiskorch\n|\n|-ability|p2a: Blaziken|Speed Boost|boost\n|-boost|p2a: Blaziken|spe|1\n|upkeep\n|\n|t:|1701095061\n|switch|p1a: Marshadow|Marshadow|100\/100\n|turn|14\n|c|\u2606OminousZzy|get good at the game\n|inactive|OminousZzy has 120 seconds left.\n|c|\u2606Le_Fiishe|nah im good thanks\n|\n|t:|1701095085\n|switch|p2a: Flygon|Flygon, M|100\/100\n|-damage|p2a: Flygon|95\/100|[from] Stealth Rock\n|move|p1a: Marshadow|Spectral Thief|p2a: Flygon\n|-damage|p2a: Flygon|25\/100\n|\n|upkeep\n|turn|15\n|inactive|OminousZzy has 120 seconds left.\n|\n|t:|1701095097\n|move|p1a: Marshadow|Shadow Sneak|p2a: Flygon\n|-damage|p2a: Flygon|0 fnt\n|faint|p2a: Flygon\n|\n|upkeep\n|\n|t:|1701095100\n|switch|p2a: Roserade|Roserade, F|100\/100\n|-damage|p2a: Roserade|88\/100|[from] Stealth Rock\n|turn|16\n|\n|t:|1701095112\n|move|p1a: Marshadow|Shadow Sneak|p2a: Roserade\n|-damage|p2a: Roserade|25\/100\n|move|p2a: Roserade|Sleep Powder|p1a: Marshadow|[miss]\n|-miss|p2a: Roserade|p1a: Marshadow\n|\n|upkeep\n|turn|17\n|\n|t:|1701095117\n|move|p1a: Marshadow|Shadow Sneak|p2a: Roserade\n|-damage|p2a: Roserade|0 fnt\n|faint|p2a: Roserade\n|\n|upkeep\n|\n|t:|1701095120\n|switch|p2a: Rotom|Rotom-Wash|100\/100\n|-damage|p2a: Rotom|88\/100|[from] Stealth Rock\n|turn|18\n|\n|t:|1701095137\n|move|p1a: Marshadow|Shadow Sneak|p2a: Rotom\n|-damage|p2a: Rotom|45\/100\n|move|p2a: Rotom|Thunder Wave|p1a: Marshadow\n|-status|p1a: Marshadow|par\n|\n|-heal|p2a: Rotom|52\/100|[from] item: Leftovers\n|upkeep\n|turn|19\n|\n|t:|1701095145\n|move|p1a: Marshadow|Shadow Sneak|p2a: Rotom\n|-crit|p2a: Rotom\n|-damage|p2a: Rotom|0 fnt\n|faint|p2a: Rotom\n|\n|upkeep\n|\n|t:|1701095158\n|switch|p2a: Greninja|Greninja, M|100\/100\n|-damage|p2a: Greninja|88\/100|[from] Stealth Rock\n|turn|20\n|\n|t:|1701095169\n|-terastallize|p2a: Greninja|Water\n|move|p2a: Greninja|Water Shuriken|p1a: Marshadow\n|-damage|p1a: Marshadow|91\/100 par\n|-damage|p1a: Marshadow|82\/100 par\n|-hitcount|p1a: Marshadow|2\n|move|p1a: Marshadow|Bulk Up|p1a: Marshadow\n|-boost|p1a: Marshadow|atk|1\n|-boost|p1a: Marshadow|def|1\n|\n|upkeep\n|turn|21\n|\n|t:|1701095179\n|move|p2a: Greninja|Dark Pulse|p1a: Marshadow\n|-damage|p1a: Marshadow|49\/100 par\n|move|p1a: Marshadow|Bulk Up|p1a: Marshadow\n|-boost|p1a: Marshadow|atk|1\n|-boost|p1a: Marshadow|def|1\n|\n|upkeep\n|turn|22\n|\n|t:|1701095190\n|move|p1a: Marshadow|Sucker Punch|p2a: Greninja\n|-damage|p2a: Greninja|0 fnt\n|faint|p2a: Greninja\n|\n|upkeep\n|\n|t:|1701095195\n|switch|p2a: Blaziken|Blaziken-Mega, M|58\/100\n|-damage|p2a: Blaziken|46\/100|[from] Stealth Rock\n|turn|23\n|\n|t:|1701095207\n|cant|p1a: Marshadow|par\n|move|p2a: Blaziken|Blaze Kick|p1a: Marshadow\n|-damage|p1a: Marshadow|19\/100 par\n|\n|-ability|p2a: Blaziken|Speed Boost|boost\n|-boost|p2a: Blaziken|spe|1\n|upkeep\n|turn|24\n|\n|t:|1701095220\n|move|p1a: Marshadow|Shadow Sneak|p2a: Blaziken\n|-damage|p2a: Blaziken|0 fnt\n|faint|p2a: Blaziken\n|\n|upkeep\n|\n|t:|1701095224\n|switch|p2a: Dragonite|Dragonite, F|100\/100\n|turn|25\n|c|\u2606Le_Fiishe|dude dont lsoe\n|\n|t:|1701095238\n|cant|p1a: Marshadow|par\n|move|p2a: Dragonite|Dragon Dance|p2a: Dragonite\n|-boost|p2a: Dragonite|atk|1\n|-boost|p2a: Dragonite|spe|1\n|\n|upkeep\n|turn|26\n|c|\u2606Le_Fiishe|dont get reverse swept\n|\n|t:|1701095245\n|move|p1a: Marshadow|Shadow Sneak|p2a: Dragonite\n|-damage|p2a: Dragonite|67\/100\n|move|p2a: Dragonite|Dual Wingbeat|p1a: Marshadow\n|-supereffective|p1a: Marshadow\n|-damage|p1a: Marshadow|0 fnt\n|faint|p1a: Marshadow\n|-hitcount|p1: Marshadow|1\n|\n|upkeep\n|\n|t:|1701095252\n|switch|p1a: Eternatus|Eternatus|100\/100\n|-ability|p1a: Eternatus|Pressure\n|turn|27\n|c|\u2606OminousZzy|are u sure\n|c|\u2606OminousZzy|are u ready for this\n|c|\u2606Le_Fiishe|do it\n|c|\u2606OminousZzy|3\n|c|\u2606OminousZzy|2\n|c|\u2606OminousZzy|1\n|\n|t:|1701095277\n|move|p2a: Dragonite|Outrage|p1a: Eternatus\n|-supereffective|p1a: Eternatus\n|-damage|p1a: Eternatus|0 fnt\n|faint|p1a: Eternatus\n|\n|win|OminousZzy\n|raw|Le_Fiishe's rating: 1118 &rarr; <strong>1102<\/strong><br \/>(-16 for losing)\n|raw|OminousZzy's rating: 1247 &rarr; <strong>1263<\/strong><br \/>(+16 for winning)\n|c|\u2606Le_Fiishe|gg\n|c|\u2606OminousZzy|u trash\n|c|\u2606OminousZzy|gg\n|c|\u2606Le_Fiishe|ok\n|c|\u2606OminousZzy|jk\n|l|\u2606OminousZzy\n","uploadtime":1701095308,"views":1,"p1id":"lefiishe","p2id":"ominouszzy","formatid":"gen9nationaldexubers","rating":1102,"private":0,"password":""}