{"id":"gen9nationaldexubers-1999641190","p1":"wikit","p2":"crossedmoon","format":"[Gen 9] National Dex Ubers","log":"|j|\u2606wikit\n|j|\u2606crossedmoon\n|t:|1701103756\n|gametype|singles\n|player|p1|wikit|fisherman|\n|player|p2|crossedmoon|ltsurge|\n|teamsize|p1|6\n|teamsize|p2|6\n|gen|9\n|tier|[Gen 9] National Dex Ubers\n|rule|HP Percentage Mod: HP is shown in percentages\n|rule|Endless Battle Clause: Forcing endless battles is banned\n|rule|OHKO Clause: OHKO moves are banned\n|rule|Evasion Moves Clause: Evasion moves are banned\n|rule|Evasion Items Clause: Evasion items are banned\n|rule|Species Clause: Limit one of each Pok\u00e9mon\n|rule|Sleep Clause Mod: Limit one foe put to sleep\n|rule|Mega Rayquaza Clause: You cannot mega evolve Rayquaza\n|clearpoke\n|poke|p1|Politoed, F|\n|poke|p1|Iron Bundle|\n|poke|p1|Slowking, M|\n|poke|p1|Gyarados, F|\n|poke|p1|Sandslash-Alola, F|\n|poke|p1|Togekiss, F|\n|poke|p2|Tyranitar, M|\n|poke|p2|Excadrill, M|\n|poke|p2|Landorus, M|\n|poke|p2|Zapdos|\n|poke|p2|Volcanion|\n|poke|p2|Gardevoir, F|\n|teampreview\n|inactive|Battle timer is ON: inactive players will automatically lose when time's up. (requested by wikit)\n|\n|t:|1701103766\n|start\n|switch|p1a: Slowking|Slowking, M|100\/100\n|switch|p2a: Luke|Tyranitar, M|100\/100\n|-weather|Sandstorm|[from] ability: Sand Stream|[of] p2a: Luke\n|turn|1\n|\n|t:|1701103791\n|move|p2a: Luke|Stealth Rock|p1a: Slowking\n|-sidestart|p1: wikit|move: Stealth Rock\n|move|p1a: Slowking|Chilly Reception|p1a: Slowking\n|-weather|Snow\n|\n|t:|1701103798\n|switch|p1a: Sandslash|Sandslash-Alola, F|100\/100|[from] Chilly Reception\n|-damage|p1a: Sandslash|88\/100|[from] Stealth Rock\n|\n|-weather|Snow|[upkeep]\n|upkeep\n|turn|2\n|\n|t:|1701103808\n|move|p1a: Sandslash|Swords Dance|p1a: Sandslash\n|-boost|p1a: Sandslash|atk|2\n|move|p2a: Luke|Thunder Wave|p1a: Sandslash\n|-status|p1a: Sandslash|par\n|\n|-weather|Snow|[upkeep]\n|upkeep\n|turn|3\n|c|\u2606wikit|ye your mother\n|\n|t:|1701103821\n|switch|p2a: Vader|Volcanion|100\/100\n|move|p1a: Sandslash|Iron Head|p2a: Vader\n|-resisted|p2a: Vader\n|-damage|p2a: Vader|82\/100\n|-damage|p1a: Sandslash|78\/100 par|[from] item: Life Orb\n|\n|-weather|Snow|[upkeep]\n|upkeep\n|turn|4\n|\n|t:|1701103830\n|cant|p1a: Sandslash|par\n|move|p2a: Vader|Flamethrower|p1a: Sandslash\n|-supereffective|p1a: Sandslash\n|-damage|p1a: Sandslash|0 fnt\n|faint|p1a: Sandslash\n|\n|-weather|Snow|[upkeep]\n|upkeep\n|\n|t:|1701103855\n|switch|p1a: Gyarados|Gyarados, F|100\/100\n|-damage|p1a: Gyarados|76\/100|[from] Stealth Rock\n|-ability|p1a: Gyarados|Intimidate|boost\n|-unboost|p2a: Vader|atk|1\n|turn|5\n|\n|t:|1701103861\n|switch|p2a: Luke|Tyranitar, M|100\/100\n|-weather|Sandstorm|[from] ability: Sand Stream|[of] p2a: Luke\n|detailschange|p1a: Gyarados|Gyarados-Mega, F\n|-mega|p1a: Gyarados|Gyarados|Gyaradosite\n|-ability|p1a: Gyarados|Mold Breaker\n|move|p1a: Gyarados|Dragon Dance|p1a: Gyarados\n|-boost|p1a: Gyarados|atk|1\n|-boost|p1a: Gyarados|spe|1\n|\n|-weather|Sandstorm|[upkeep]\n|-damage|p1a: Gyarados|70\/100|[from] Sandstorm\n|upkeep\n|turn|6\n|\n|t:|1701103871\n|move|p1a: Gyarados|Waterfall|p2a: Luke\n|-supereffective|p2a: Luke\n|-damage|p2a: Luke|15\/100\n|move|p2a: Luke|Thunder Wave|p1a: Gyarados\n|-status|p1a: Gyarados|par\n|\n|-weather|Sandstorm|[upkeep]\n|-damage|p1a: Gyarados|64\/100 par|[from] Sandstorm\n|upkeep\n|turn|7\n|\n|t:|1701103879\n|cant|p1a: Gyarados|par\n|move|p2a: Luke|Rock Slide|p1a: Gyarados\n|-damage|p1a: Gyarados|34\/100 par\n|\n|-weather|Sandstorm|[upkeep]\n|-damage|p1a: Gyarados|28\/100 par|[from] Sandstorm\n|upkeep\n|turn|8\n|c|\u2606wikit|explode.\n|\n|t:|1701103885\n|switch|p2a: Obi Wan|Zapdos|100\/100\n|cant|p1a: Gyarados|par\n|\n|-weather|Sandstorm|[upkeep]\n|-damage|p2a: Obi Wan|94\/100|[from] Sandstorm\n|-damage|p1a: Gyarados|22\/100 par|[from] Sandstorm\n|-heal|p2a: Obi Wan|100\/100|[from] item: Leftovers\n|upkeep\n|turn|9\n|\n|t:|1701103898\n|move|p2a: Obi Wan|Volt Switch|p1a: Gyarados\n|-supereffective|p1a: Gyarados\n|-damage|p1a: Gyarados|0 fnt\n|faint|p1a: Gyarados\n|\n|t:|1701103908\n|switch|p2a: Leia|Gardevoir, F|100\/100|[from] Volt Switch\n|\n|-weather|Sandstorm|[upkeep]\n|-damage|p2a: Leia|94\/100|[from] Sandstorm\n|upkeep\n|\n|t:|1701103919\n|switch|p1a: Slowking|Slowking, M|100\/100\n|-ability|p2a: Leia|Regenerator|[from] ability: Trace|[of] p1a: Slowking\n|-damage|p1a: Slowking|88\/100|[from] Stealth Rock\n|turn|10\n|\n|t:|1701103927\n|detailschange|p2a: Leia|Gardevoir-Mega, F\n|-mega|p2a: Leia|Gardevoir|Gardevoirite\n|move|p2a: Leia|Magic Coat|p2a: Leia\n|-singleturn|p2a: Leia|move: Magic Coat\n|move|p1a: Slowking|Toxic|p2a: Leia\n|move|p2a: Leia|Toxic|p1a: Slowking|[from]Magic Coat\n|-status|p1a: Slowking|tox\n|\n|-weather|Sandstorm|[upkeep]\n|-damage|p2a: Leia|88\/100|[from] Sandstorm\n|-damage|p1a: Slowking|82\/100 tox|[from] Sandstorm\n|-heal|p1a: Slowking|88\/100 tox|[from] item: Leftovers\n|-damage|p1a: Slowking|82\/100 tox|[from] psn\n|upkeep\n|turn|11\n|c|\u2606wikit|holy SHIT\n|\n|t:|1701103941\n|move|p2a: Leia|Thunderbolt|p1a: Slowking\n|-supereffective|p1a: Slowking\n|-damage|p1a: Slowking|26\/100 tox\n|move|p1a: Slowking|Chilly Reception|p1a: Slowking\n|-weather|Snow\n|\n|t:|1701103953\n|switch|p1a: Iron Bundle|Iron Bundle|100\/100|[from] Chilly Reception\n|-damage|p1a: Iron Bundle|76\/100|[from] Stealth Rock\n|\n|-weather|Snow|[upkeep]\n|upkeep\n|turn|12\n|\n|t:|1701103963\n|move|p1a: Iron Bundle|Blizzard|p2a: Leia\n|-damage|p2a: Leia|34\/100\n|move|p2a: Leia|Thunderbolt|p1a: Iron Bundle\n|-supereffective|p1a: Iron Bundle\n|-damage|p1a: Iron Bundle|0 fnt\n|faint|p1a: Iron Bundle\n|-end|p1a: Iron Bundle|Quark Drive|[silent]\n|\n|-weather|Snow|[upkeep]\n|upkeep\n|\n|t:|1701103971\n|switch|p1a: Politoed|Politoed, F|100\/100\n|-damage|p1a: Politoed|88\/100|[from] Stealth Rock\n|-weather|RainDance|[from] ability: Drizzle|[of] p1a: Politoed\n|turn|13\n|\n|t:|1701103976\n|move|p2a: Leia|Thunderbolt|p1a: Politoed\n|-supereffective|p1a: Politoed\n|-damage|p1a: Politoed|21\/100\n|move|p1a: Politoed|Scald|p2a: Leia\n|-damage|p2a: Leia|0 fnt\n|faint|p2a: Leia\n|\n|-weather|RainDance|[upkeep]\n|upkeep\n|\n|t:|1701103982\n|switch|p2a: Luke|Tyranitar, M|15\/100\n|-weather|Sandstorm|[from] ability: Sand Stream|[of] p2a: Luke\n|turn|14\n|\n|t:|1701103987\n|switch|p1a: Slowking|Slowking, M|59\/100 tox\n|-damage|p1a: Slowking|46\/100 tox|[from] Stealth Rock\n|move|p2a: Luke|Knock Off|p1a: Slowking\n|-supereffective|p1a: Slowking\n|-damage|p1a: Slowking|0 fnt\n|-enditem|p1a: Slowking|Leftovers|[from] move: Knock Off|[of] p2a: Luke\n|faint|p1a: Slowking\n|\n|-weather|Sandstorm|[upkeep]\n|upkeep\n|\n|t:|1701103989\n|switch|p1a: Politoed|Politoed, F|21\/100\n|-damage|p1a: Politoed|9\/100|[from] Stealth Rock\n|-weather|RainDance|[from] ability: Drizzle|[of] p1a: Politoed\n|turn|15\n|\n|t:|1701104000\n|switch|p2a: Vader|Volcanion|82\/100\n|move|p1a: Politoed|Scald|p2a: Vader\n|-heal|p2a: Vader|100\/100|[from] ability: Water Absorb|[of] p1a: Politoed\n|\n|-weather|RainDance|[upkeep]\n|upkeep\n|turn|16\n|\n|t:|1701104007\n|move|p2a: Vader|Toxic|p1a: Politoed\n|-status|p1a: Politoed|tox\n|move|p1a: Politoed|Toxic|p2a: Vader\n|-status|p2a: Vader|tox\n|\n|-weather|RainDance|[upkeep]\n|-damage|p2a: Vader|94\/100 tox|[from] psn\n|-damage|p1a: Politoed|3\/100 tox|[from] psn\n|upkeep\n|turn|17\n|\n|t:|1701104014\n|move|p2a: Vader|Flamethrower|p1a: Politoed\n|-resisted|p1a: Politoed\n|-damage|p1a: Politoed|0 fnt\n|faint|p1a: Politoed\n|\n|-weather|RainDance|[upkeep]\n|-damage|p2a: Vader|82\/100 tox|[from] psn\n|upkeep\n|\n|t:|1701104017\n|switch|p1a: Togekiss|Togekiss, F|100\/100\n|turn|18\n|\n|t:|1701104029\n|move|p1a: Togekiss|Protect|p1a: Togekiss\n|-singleturn|p1a: Togekiss|Protect\n|move|p2a: Vader|Toxic|p1a: Togekiss\n|-activate|p1a: Togekiss|move: Protect\n|\n|-weather|RainDance|[upkeep]\n|-damage|p2a: Vader|64\/100 tox|[from] psn\n|upkeep\n|turn|19\n|\n|t:|1701104038\n|move|p1a: Togekiss|Wish|p1a: Togekiss\n|move|p2a: Vader|Toxic|p1a: Togekiss\n|-status|p1a: Togekiss|tox\n|\n|-weather|RainDance|[upkeep]\n|-damage|p1a: Togekiss|94\/100 tox|[from] psn\n|-damage|p2a: Vader|40\/100 tox|[from] psn\n|upkeep\n|turn|20\n|\n|t:|1701104043\n|switch|p2a: Obi Wan|Zapdos|100\/100\n|move|p1a: Togekiss|Air Slash|p2a: Obi Wan\n|-resisted|p2a: Obi Wan\n|-damage|p2a: Obi Wan|86\/100\n|\n|-weather|RainDance|[upkeep]\n|-heal|p1a: Togekiss|100\/100 tox|[from] move: Wish|[wisher] Togekiss\n|-heal|p2a: Obi Wan|92\/100|[from] item: Leftovers\n|-damage|p1a: Togekiss|88\/100 tox|[from] psn\n|upkeep\n|turn|21\n|-message|wikit forfeited.\n|\n|win|crossedmoon\n|l|\u2606wikit\n","uploadtime":1701104081,"views":34,"p1id":"wikit","p2id":"crossedmoon","formatid":"gen9nationaldexubers","rating":0,"private":0,"password":""}