{"id":"gen9nationaldexubers-1995055185","p1":"TTeTyLLloK","p2":"AC Talent","format":"[Gen 9] National Dex Ubers","log":"|j|\u2606TTeTyLLloK\n|j|\u2606AC Talent\n|t:|1700517706\n|gametype|singles\n|player|p1|TTeTyLLloK|bruno|1288\n|player|p2|AC Talent|101|1215\n|teamsize|p1|6\n|teamsize|p2|6\n|gen|9\n|tier|[Gen 9] National Dex Ubers\n|rated|\n|rule|HP Percentage Mod: HP is shown in percentages\n|rule|Endless Battle Clause: Forcing endless battles is banned\n|rule|OHKO Clause: OHKO moves are banned\n|rule|Evasion Moves Clause: Evasion moves are banned\n|rule|Evasion Items Clause: Evasion items are banned\n|rule|Species Clause: Limit one of each Pok\u00e9mon\n|rule|Sleep Clause Mod: Limit one foe put to sleep\n|rule|Mega Rayquaza Clause: You cannot mega evolve Rayquaza\n|clearpoke\n|poke|p1|Chesnaught, F|\n|poke|p1|Dugtrio, M|\n|poke|p1|Slaking, F|\n|poke|p1|Mewtwo|\n|poke|p1|Shuckle, F|\n|poke|p1|Magearna|\n|poke|p2|Kyurem-Black|\n|poke|p2|Groudon|\n|poke|p2|Arceus-Water|\n|poke|p2|Kyogre|\n|poke|p2|Aegislash, F|\n|poke|p2|Lugia|\n|teampreview\n|inactive|Battle timer is ON: inactive players will automatically lose when time's up. (requested by TTeTyLLloK)\n|\n|t:|1700517712\n|start\n|switch|p1a: Shuckle|Shuckle, F|100\/100\n|switch|p2a: Groudon|Groudon|100\/100\n|detailschange|p2a: Groudon|Groudon-Primal\n|-primal|p2a: Groudon|Red Orb\n|-weather|DesolateLand|[from] ability: Desolate Land|[of] p2a: Groudon\n|turn|1\n|c|\u2606AC Talent|gl\n|\n|t:|1700517719\n|move|p2a: Groudon|Bulk Up|p2a: Groudon\n|-boost|p2a: Groudon|atk|1\n|-boost|p2a: Groudon|def|1\n|move|p1a: Shuckle|Sticky Web|p2a: Groudon\n|-sidestart|p2: AC Talent|move: Sticky Web\n|\n|-weather|DesolateLand|[upkeep]\n|upkeep\n|turn|2\n|\n|t:|1700517724\n|move|p2a: Groudon|Fire Punch|p1a: Shuckle\n|-damage|p1a: Shuckle|45\/100\n|move|p1a: Shuckle|Toxic|p2a: Groudon\n|-status|p2a: Groudon|tox\n|\n|-weather|DesolateLand|[upkeep]\n|-damage|p2a: Groudon|94\/100 tox|[from] psn\n|upkeep\n|turn|3\n|\n|t:|1700517731\n|move|p2a: Groudon|Fire Punch|p1a: Shuckle\n|-damage|p1a: Shuckle|0 fnt\n|faint|p1a: Shuckle\n|\n|-weather|DesolateLand|[upkeep]\n|-damage|p2a: Groudon|82\/100 tox|[from] psn\n|upkeep\n|\n|t:|1700517735\n|switch|p1a: Dugtrio|Dugtrio, M|100\/100\n|turn|4\n|\n|t:|1700517738\n|move|p1a: Dugtrio|Earthquake|p2a: Groudon\n|-supereffective|p2a: Groudon\n|-damage|p2a: Groudon|50\/100 tox\n|move|p2a: Groudon|Earthquake|p1a: Dugtrio\n|-enditem|p1a: Dugtrio|Focus Sash\n|-damage|p1a: Dugtrio|1\/100\n|\n|-weather|DesolateLand|[upkeep]\n|-damage|p2a: Groudon|32\/100 tox|[from] psn\n|upkeep\n|turn|5\n|\n|t:|1700517746\n|move|p1a: Dugtrio|Earthquake|p2a: Groudon\n|-supereffective|p2a: Groudon\n|-damage|p2a: Groudon|0 fnt\n|faint|p2a: Groudon\n|-weather|none\n|\n|upkeep\n|\n|t:|1700517758\n|switch|p2a: Lugia|Lugia|100\/100\n|turn|6\n|\n|t:|1700517762\n|move|p1a: Dugtrio|Memento|p2a: Lugia\n|-unboost|p2a: Lugia|atk|2\n|-unboost|p2a: Lugia|spa|2\n|faint|p1a: Dugtrio\n|move|p2a: Lugia|Aeroblast|p1: Dugtrio|[notarget]\n|-fail|p2a: Lugia\n|\n|upkeep\n|\n|t:|1700517774\n|switch|p1a: Magearna|Magearna|100\/100\n|turn|7\n|\n|t:|1700517777\n|move|p2a: Lugia|Calm Mind|p2a: Lugia\n|-boost|p2a: Lugia|spa|1\n|-boost|p2a: Lugia|spd|1\n|move|p1a: Magearna|Shift Gear|p1a: Magearna\n|-boost|p1a: Magearna|spe|2\n|-boost|p1a: Magearna|atk|1\n|\n|upkeep\n|turn|8\n|\n|t:|1700517782\n|move|p1a: Magearna|Calm Mind|p1a: Magearna\n|-boost|p1a: Magearna|spa|1\n|-boost|p1a: Magearna|spd|1\n|move|p2a: Lugia|Calm Mind|p2a: Lugia\n|-boost|p2a: Lugia|spa|1\n|-boost|p2a: Lugia|spd|1\n|\n|upkeep\n|turn|9\n|\n|t:|1700517789\n|move|p1a: Magearna|Calm Mind|p1a: Magearna\n|-boost|p1a: Magearna|spa|1\n|-boost|p1a: Magearna|spd|1\n|move|p2a: Lugia|Calm Mind|p2a: Lugia\n|-boost|p2a: Lugia|spa|1\n|-boost|p2a: Lugia|spd|1\n|\n|upkeep\n|turn|10\n|\n|t:|1700517797\n|move|p1a: Magearna|Calm Mind|p1a: Magearna\n|-boost|p1a: Magearna|spa|1\n|-boost|p1a: Magearna|spd|1\n|move|p2a: Lugia|Calm Mind|p2a: Lugia\n|-boost|p2a: Lugia|spa|1\n|-boost|p2a: Lugia|spd|1\n|\n|upkeep\n|turn|11\n|\n|t:|1700517803\n|move|p1a: Magearna|Calm Mind|p1a: Magearna\n|-boost|p1a: Magearna|spa|1\n|-boost|p1a: Magearna|spd|1\n|move|p2a: Lugia|Aeroblast|p1a: Magearna\n|-resisted|p1a: Magearna\n|-damage|p1a: Magearna|91\/100\n|\n|-heal|p1a: Magearna|97\/100|[from] item: Leftovers\n|upkeep\n|turn|12\n|l|\u2606AC Talent\n|inactive|AC Talent disconnected and has a minute to reconnect!\n|player|p2|\n|inactive|AC Talent has 30 seconds to reconnect!\n|inactive|AC Talent has 20 seconds to reconnect!\n|inactive|AC Talent has 15 seconds to reconnect!\n|inactive|AC Talent has 10 seconds to reconnect!\n|inactive|AC Talent has 5 seconds to reconnect!\n|-message|AC Talent lost due to inactivity.\n|\n|win|TTeTyLLloK\n|raw|TTeTyLLloK's rating: 1288 &rarr; <strong>1308<\/strong><br \/>(+20 for winning)\n|raw|AC Talent's rating: 1215 &rarr; <strong>1195<\/strong><br \/>(-20 for losing)\n","uploadtime":1700517875,"views":4,"p1id":"ttetylllok","p2id":"actalent","formatid":"gen9nationaldexubers","rating":1195,"private":0,"password":""}