{"id":"gen9nationaldexubers-1988306187","p1":"flysix","p2":"Jothis","format":"[Gen 9] National Dex Ubers","log":"|j|\u2606flysix\n|j|\u2606Jothis\n|t:|1699705591\n|gametype|singles\n|player|p1|flysix|rosa|1155\n|player|p2|Jothis|palmer|1313\n|teamsize|p1|6\n|teamsize|p2|6\n|gen|9\n|tier|[Gen 9] National Dex Ubers\n|rated|\n|rule|HP Percentage Mod: HP is shown in percentages\n|rule|Endless Battle Clause: Forcing endless battles is banned\n|rule|OHKO Clause: OHKO moves are banned\n|rule|Evasion Moves Clause: Evasion moves are banned\n|rule|Evasion Items Clause: Evasion items are banned\n|rule|Species Clause: Limit one of each Pok\u00e9mon\n|rule|Sleep Clause Mod: Limit one foe put to sleep\n|rule|Mega Rayquaza Clause: You cannot mega evolve Rayquaza\n|clearpoke\n|poke|p1|Ogerpon-Wellspring, F|\n|poke|p1|Pinsir, F|\n|poke|p1|Ninetales-Alola, F|\n|poke|p1|Torterra, F|\n|poke|p1|Armarouge, M|\n|poke|p1|Heatran, F|\n|poke|p2|Dracovish|\n|poke|p2|Glimmora, M|\n|poke|p2|Arceus-Ghost|\n|poke|p2|Darmanitan-Galar, F|\n|poke|p2|Ogerpon-Hearthflame, F|\n|poke|p2|Zacian-*|\n|teampreview\n|inactive|Battle timer is ON: inactive players will automatically lose when time's up. (requested by Jothis)\n|\n|t:|1699705607\n|start\n|switch|p1a: Heatran|Heatran, F|100\/100\n|switch|p2a: Ogerpon|Ogerpon-Hearthflame, F|100\/100\n|-ability|p2a: Ogerpon|Mold Breaker\n|turn|1\n|\n|t:|1699705615\n|-terastallize|p2a: Ogerpon|Fire\n|detailschange|p2a: Ogerpon|Ogerpon-Hearthflame-Tera, F, tera:Fire\n|-ability|p2a: Ogerpon|Embody Aspect (Hearthflame)|boost\n|-boost|p2a: Ogerpon|atk|1\n|move|p2a: Ogerpon|Ivy Cudgel|p1a: Heatran\n|-damage|p1a: Heatran|0 fnt\n|faint|p1a: Heatran\n|\n|upkeep\n|\n|t:|1699705620\n|switch|p1a: Monkey Posession|Armarouge, M|100\/100\n|turn|2\n|\n|t:|1699705631\n|move|p2a: Ogerpon|Ivy Cudgel|p1a: Monkey Posession\n|-resisted|p1a: Monkey Posession\n|-crit|p1a: Monkey Posession\n|-damage|p1a: Monkey Posession|42\/100\n|-ability|p1a: Monkey Posession|Weak Armor|boost\n|-unboost|p1a: Monkey Posession|def|1\n|-boost|p1a: Monkey Posession|spe|2\n|move|p1a: Monkey Posession|Calm Mind|p1a: Monkey Posession\n|-boost|p1a: Monkey Posession|spa|1\n|-boost|p1a: Monkey Posession|spd|1\n|\n|upkeep\n|turn|3\n|\n|t:|1699705639\n|move|p1a: Monkey Posession|Stored Power|p2a: Ogerpon\n|-damage|p2a: Ogerpon|30\/100\n|move|p2a: Ogerpon|Ivy Cudgel|p1a: Monkey Posession\n|-resisted|p1a: Monkey Posession\n|-damage|p1a: Monkey Posession|0 fnt\n|faint|p1a: Monkey Posession\n|\n|upkeep\n|\n|t:|1699705644\n|switch|p1a: Ogerpon|Ogerpon-Wellspring, F|100\/100\n|turn|4\n|\n|t:|1699705653\n|move|p2a: Ogerpon|Horn Leech|p1a: Ogerpon\n|-damage|p1a: Ogerpon|19\/100\n|-heal|p2a: Ogerpon|71\/100|[from] drain|[of] p1a: Ogerpon\n|move|p1a: Ogerpon|Ivy Cudgel|p2a: Ogerpon\n|-supereffective|p2a: Ogerpon\n|-damage|p2a: Ogerpon|0 fnt\n|faint|p2a: Ogerpon\n|\n|upkeep\n|\n|t:|1699705661\n|switch|p2a: Dracovish|Dracovish|100\/100\n|turn|5\n|\n|t:|1699705675\n|move|p2a: Dracovish|Outrage|p1a: Ogerpon\n|-damage|p1a: Ogerpon|0 fnt\n|faint|p1a: Ogerpon\n|\n|upkeep\n|\n|t:|1699705680\n|switch|p1a: Ninetales|Ninetales-Alola, F|100\/100\n|-weather|Snow|[from] ability: Snow Warning|[of] p1a: Ninetales\n|turn|6\n|\n|t:|1699705683\n|move|p2a: Dracovish|Outrage|p1a: Ninetales|[from]lockedmove\n|-immune|p1a: Ninetales\n|-start|p2a: Dracovish|confusion|[fatigue]\n|move|p1a: Ninetales|Aurora Veil|p1a: Ninetales\n|-sidestart|p1: flysix|move: Aurora Veil\n|\n|-weather|Snow|[upkeep]\n|upkeep\n|turn|7\n|\n|t:|1699705691\n|switch|p1a: Torterra|Torterra, F|100\/100\n|-activate|p2a: Dracovish|confusion\n|move|p2a: Dracovish|Outrage|p1a: Torterra\n|-damage|p1a: Torterra|78\/100\n|\n|-weather|Snow|[upkeep]\n|upkeep\n|turn|8\n|\n|t:|1699705702\n|-end|p2a: Dracovish|confusion\n|move|p2a: Dracovish|Outrage|p1a: Torterra|[from]lockedmove\n|-damage|p1a: Torterra|56\/100\n|-start|p2a: Dracovish|confusion|[fatigue]\n|move|p1a: Torterra|Rock Blast|p2a: Dracovish\n|-damage|p2a: Dracovish|92\/100\n|-damage|p2a: Dracovish|84\/100\n|-damage|p2a: Dracovish|74\/100\n|-damage|p2a: Dracovish|64\/100\n|-hitcount|p2a: Dracovish|4\n|\n|-weather|Snow|[upkeep]\n|upkeep\n|turn|9\n|\n|t:|1699705714\n|switch|p2a: Glimmora|Glimmora, M|100\/100\n|move|p1a: Torterra|Shell Smash|p1a: Torterra\n|-unboost|p1a: Torterra|def|1\n|-unboost|p1a: Torterra|spd|1\n|-boost|p1a: Torterra|atk|2\n|-boost|p1a: Torterra|spa|2\n|-boost|p1a: Torterra|spe|2\n|\n|-weather|Snow|[upkeep]\n|upkeep\n|turn|10\n|\n|t:|1699705722\n|move|p1a: Torterra|Bullet Seed|p2a: Glimmora\n|-damage|p2a: Glimmora|78\/100\n|-activate|p2a: Glimmora|ability: Toxic Debris\n|-sidestart|p1: flysix|move: Toxic Spikes\n|-damage|p2a: Glimmora|56\/100\n|-activate|p2a: Glimmora|ability: Toxic Debris\n|-sidestart|p1: flysix|move: Toxic Spikes\n|-damage|p2a: Glimmora|34\/100\n|-damage|p2a: Glimmora|11\/100\n|-damage|p2a: Glimmora|0 fnt\n|faint|p2a: Glimmora\n|-hitcount|p2: Glimmora|5\n|\n|-weather|none\n|upkeep\n|\n|t:|1699705735\n|switch|p2a: Darmanitan|Darmanitan-Galar, F, shiny|100\/100\n|turn|11\n|\n|t:|1699705738\n|-terastallize|p1a: Torterra|Rock\n|move|p2a: Darmanitan|Icicle Crash|p1a: Torterra|[miss]\n|-miss|p2a: Darmanitan|p1a: Torterra\n|move|p1a: Torterra|Shell Smash|p1a: Torterra\n|-unboost|p1a: Torterra|def|1\n|-unboost|p1a: Torterra|spd|1\n|-boost|p1a: Torterra|atk|2\n|-boost|p1a: Torterra|spa|2\n|-boost|p1a: Torterra|spe|2\n|\n|upkeep\n|turn|12\n|\n|t:|1699705746\n|move|p1a: Torterra|Rock Blast|p2a: Darmanitan\n|-supereffective|p2a: Darmanitan\n|-damage|p2a: Darmanitan|0 fnt\n|faint|p2a: Darmanitan\n|-hitcount|p2: Darmanitan|1\n|\n|upkeep\n|\n|t:|1699705751\n|switch|p2a: Dracovish|Dracovish|64\/100\n|turn|13\n|\n|t:|1699705757\n|move|p1a: Torterra|Bullet Seed|p2a: Dracovish\n|-damage|p2a: Dracovish|26\/100\n|-damage|p2a: Dracovish|0 fnt\n|faint|p2a: Dracovish\n|-hitcount|p2: Dracovish|2\n|\n|-sideend|p1: flysix|move: Aurora Veil\n|upkeep\n|\n|t:|1699705762\n|switch|p2a: Zacian|Zacian-Crowned, shiny|100\/100\n|-ability|p2a: Zacian|Intrepid Sword|boost\n|-boost|p2a: Zacian|atk|1\n|turn|14\n|\n|t:|1699705766\n|move|p1a: Torterra|Headlong Rush|p2a: Zacian\n|-supereffective|p2a: Zacian\n|-damage|p2a: Zacian|0 fnt\n|-unboost|p1a: Torterra|def|1\n|-unboost|p1a: Torterra|spd|1\n|faint|p2a: Zacian\n|\n|upkeep\n|\n|t:|1699705771\n|switch|p2a: Arceus|Arceus-Ghost|100\/100\n|turn|15\n|\n|t:|1699705775\n|move|p1a: Torterra|Bullet Seed|p2a: Arceus\n|-damage|p2a: Arceus|75\/100\n|-damage|p2a: Arceus|50\/100\n|-damage|p2a: Arceus|26\/100\n|-damage|p2a: Arceus|0 fnt\n|faint|p2a: Arceus\n|-hitcount|p2: Arceus|4\n|\n|win|flysix\n|raw|flysix's rating: 1155 &rarr; <strong>1191<\/strong><br \/>(+36 for winning)\n|raw|Jothis's rating: 1313 &rarr; <strong>1284<\/strong><br \/>(-29 for losing)\n","uploadtime":1699705781,"views":4,"p1id":"flysix","p2id":"jothis","formatid":"gen9nationaldexubers","rating":1191,"private":0,"password":""}