{"id":"gen9nationaldexubers-1984177529","p1":"xMiggsx__","p2":"Gamemaster6663","format":"[Gen 9] National Dex Ubers","log":"|j|\u2606xMiggsx__\n|j|\u2606Gamemaster6663\n|t:|1699226883\n|gametype|singles\n|player|p1|xMiggsx__|cynthia|1022\n|player|p2|Gamemaster6663|iris-gen5bw2|1001\n|teamsize|p1|6\n|teamsize|p2|6\n|gen|9\n|tier|[Gen 9] National Dex Ubers\n|rated|\n|rule|HP Percentage Mod: HP is shown in percentages\n|rule|Endless Battle Clause: Forcing endless battles is banned\n|rule|OHKO Clause: OHKO moves are banned\n|rule|Evasion Moves Clause: Evasion moves are banned\n|rule|Evasion Items Clause: Evasion items are banned\n|rule|Species Clause: Limit one of each Pok\u00e9mon\n|rule|Sleep Clause Mod: Limit one foe put to sleep\n|rule|Mega Rayquaza Clause: You cannot mega evolve Rayquaza\n|clearpoke\n|poke|p1|Mewtwo|\n|poke|p1|Marshadow|\n|poke|p1|Milotic, M|\n|poke|p1|Melmetal|\n|poke|p1|Mamoswine, F|\n|poke|p1|Maushold-Four|\n|poke|p2|Ho-Oh|\n|poke|p2|Entei|\n|poke|p2|Suicune|\n|poke|p2|Raikou|\n|poke|p2|Eevee, M|\n|poke|p2|Rabsca, M|\n|teampreview\n|\n|t:|1699226887\n|start\n|switch|p1a: Milotic|Milotic, M, shiny|100\/100\n|switch|p2a: Eevee|Eevee, M, shiny|100\/100\n|turn|1\n|\n|t:|1699226898\n|-zpower|p2a: Eevee\n|move|p2a: Eevee|Extreme Evoboost|p2a: Eevee\n|-boost|p2a: Eevee|atk|2\n|-boost|p2a: Eevee|def|2\n|-boost|p2a: Eevee|spa|2\n|-boost|p2a: Eevee|spd|2\n|-boost|p2a: Eevee|spe|2\n|move|p1a: Milotic|Coil|p1a: Milotic\n|-boost|p1a: Milotic|atk|1\n|-boost|p1a: Milotic|def|1\n|-boost|p1a: Milotic|accuracy|1\n|\n|upkeep\n|turn|2\n|\n|t:|1699226914\n|move|p2a: Eevee|Body Slam|p1a: Milotic\n|-damage|p1a: Milotic|54\/100\n|move|p1a: Milotic|Hydro Pump|p2a: Eevee\n|-damage|p2a: Eevee|62\/100\n|\n|-heal|p1a: Milotic|60\/100|[from] item: Leftovers\n|upkeep\n|turn|3\n|\n|t:|1699226922\n|move|p2a: Eevee|Body Slam|p1a: Milotic\n|-damage|p1a: Milotic|9\/100\n|move|p1a: Milotic|Recover|p1a: Milotic\n|-heal|p1a: Milotic|59\/100\n|\n|-heal|p1a: Milotic|65\/100|[from] item: Leftovers\n|upkeep\n|turn|4\n|\n|t:|1699226935\n|switch|p1a: Marshadow|Marshadow|100\/100\n|move|p2a: Eevee|Body Slam|p1a: Marshadow\n|-immune|p1a: Marshadow\n|\n|upkeep\n|turn|5\n|\n|t:|1699226944\n|move|p2a: Eevee|Shadow Ball|p1a: Marshadow\n|-supereffective|p1a: Marshadow\n|-damage|p1a: Marshadow|54\/100\n|move|p1a: Marshadow|Close Combat|p2a: Eevee\n|-supereffective|p2a: Eevee\n|-damage|p2a: Eevee|0 fnt\n|-unboost|p1a: Marshadow|def|1\n|-unboost|p1a: Marshadow|spd|1\n|faint|p2a: Eevee\n|-damage|p1a: Marshadow|44\/100|[from] item: Life Orb\n|\n|upkeep\n|\n|t:|1699226956\n|switch|p2a: Ho-Oh|Ho-Oh|100\/100\n|turn|6\n|inactive|Battle timer is ON: inactive players will automatically lose when time's up. (requested by Gamemaster6663)\n|\n|t:|1699226965\n|switch|p1a: Milotic|Milotic, M, shiny|65\/100\n|move|p2a: Ho-Oh|Dual Wingbeat|p1a: Milotic\n|-damage|p1a: Milotic|44\/100\n|-damage|p1a: Milotic|23\/100\n|-hitcount|p1a: Milotic|2\n|\n|-heal|p1a: Milotic|29\/100|[from] item: Leftovers\n|upkeep\n|turn|7\n|\n|t:|1699226979\n|move|p2a: Ho-Oh|Dual Wingbeat|p1a: Milotic|[miss]\n|-miss|p2a: Ho-Oh|p1a: Milotic\n|move|p1a: Milotic|Recover|p1a: Milotic\n|-heal|p1a: Milotic|79\/100\n|\n|-heal|p1a: Milotic|85\/100|[from] item: Leftovers\n|upkeep\n|turn|8\n|\n|t:|1699226990\n|move|p2a: Ho-Oh|Dual Wingbeat|p1a: Milotic\n|-damage|p1a: Milotic|65\/100\n|-damage|p1a: Milotic|46\/100\n|-hitcount|p1a: Milotic|2\n|move|p1a: Milotic|Hydro Pump|p2a: Ho-Oh|[miss]\n|-miss|p1a: Milotic|p2a: Ho-Oh\n|\n|-heal|p1a: Milotic|52\/100|[from] item: Leftovers\n|upkeep\n|turn|9\n|\n|t:|1699227000\n|move|p2a: Ho-Oh|Dual Wingbeat|p1a: Milotic\n|-damage|p1a: Milotic|30\/100\n|-damage|p1a: Milotic|8\/100\n|-hitcount|p1a: Milotic|2\n|move|p1a: Milotic|Coil|p1a: Milotic\n|-boost|p1a: Milotic|atk|1\n|-boost|p1a: Milotic|def|1\n|-boost|p1a: Milotic|accuracy|1\n|\n|-heal|p1a: Milotic|14\/100|[from] item: Leftovers\n|upkeep\n|turn|10\n|\n|t:|1699227011\n|move|p2a: Ho-Oh|Dual Wingbeat|p1a: Milotic\n|-crit|p1a: Milotic\n|-damage|p1a: Milotic|0 fnt\n|faint|p1a: Milotic\n|-hitcount|p1: Milotic|1\n|\n|upkeep\n|\n|t:|1699227020\n|switch|p1a: Marshadow|Marshadow|44\/100\n|turn|11\n|\n|t:|1699227027\n|move|p1a: Marshadow|Spectral Thief|p2a: Ho-Oh\n|-damage|p2a: Ho-Oh|43\/100\n|-damage|p1a: Marshadow|34\/100|[from] item: Life Orb\n|move|p2a: Ho-Oh|Dual Wingbeat|p1a: Marshadow\n|-supereffective|p1a: Marshadow\n|-damage|p1a: Marshadow|0 fnt\n|faint|p1a: Marshadow\n|-hitcount|p1: Marshadow|1\n|\n|upkeep\n|\n|t:|1699227032\n|switch|p1a: Maushold|Maushold-Four|100\/100\n|turn|12\n|\n|t:|1699227041\n|move|p1a: Maushold|Population Bomb|p2a: Ho-Oh\n|-crit|p2a: Ho-Oh\n|-damage|p2a: Ho-Oh|25\/100\n|-damage|p2a: Ho-Oh|15\/100\n|-damage|p2a: Ho-Oh|5\/100\n|-crit|p2a: Ho-Oh\n|-damage|p2a: Ho-Oh|0 fnt\n|faint|p2a: Ho-Oh\n|-hitcount|p2: Ho-Oh|4\n|\n|upkeep\n|\n|t:|1699227057\n|switch|p2a: Raikou|Raikou|100\/100\n|turn|13\n|\n|t:|1699227065\n|move|p1a: Maushold|U-turn|p2a: Raikou\n|-damage|p2a: Raikou|82\/100\n|\n|t:|1699227068\n|switch|p1a: Mamoswine|Mamoswine, F|100\/100|[from] U-turn\n|move|p2a: Raikou|Thunder|p1a: Mamoswine\n|-immune|p1a: Mamoswine\n|\n|upkeep\n|turn|14\n|\n|t:|1699227083\n|move|p2a: Raikou|Extrasensory|p1a: Mamoswine\n|-damage|p1a: Mamoswine|66\/100\n|cant|p1a: Mamoswine|flinch\n|\n|upkeep\n|turn|15\n|\n|t:|1699227091\n|move|p2a: Raikou|Extrasensory|p1a: Mamoswine\n|-damage|p1a: Mamoswine|32\/100\n|move|p1a: Mamoswine|Rock Blast|p2a: Raikou\n|-damage|p2a: Raikou|71\/100\n|-damage|p2a: Raikou|62\/100\n|-damage|p2a: Raikou|51\/100\n|-damage|p2a: Raikou|41\/100\n|-damage|p2a: Raikou|31\/100\n|-hitcount|p2a: Raikou|5\n|\n|upkeep\n|turn|16\n|\n|t:|1699227106\n|move|p1a: Mamoswine|Ice Shard|p2a: Raikou\n|-damage|p2a: Raikou|6\/100\n|move|p2a: Raikou|Extrasensory|p1a: Mamoswine\n|-damage|p1a: Mamoswine|0 fnt\n|faint|p1a: Mamoswine\n|\n|upkeep\n|\n|t:|1699227113\n|switch|p1a: Mewtwo|Mewtwo|100\/100\n|-ability|p1a: Mewtwo|Unnerve\n|turn|17\n|\n|t:|1699227127\n|detailschange|p1a: Mewtwo|Mewtwo-Mega-Y\n|-mega|p1a: Mewtwo|Mewtwo|Mewtwonite Y\n|-terastallize|p2a: Raikou|Bug\n|move|p1a: Mewtwo|Calm Mind|p1a: Mewtwo\n|-boost|p1a: Mewtwo|spa|1\n|-boost|p1a: Mewtwo|spd|1\n|move|p2a: Raikou|Signal Beam|p1a: Mewtwo\n|-supereffective|p1a: Mewtwo\n|-damage|p1a: Mewtwo|60\/100\n|\n|upkeep\n|turn|18\n|\n|t:|1699227142\n|move|p1a: Mewtwo|Psystrike|p2a: Raikou\n|-damage|p2a: Raikou|0 fnt\n|faint|p2a: Raikou\n|\n|upkeep\n|\n|t:|1699227151\n|switch|p2a: Entei|Entei|100\/100\n|turn|19\n|\n|t:|1699227157\n|move|p1a: Mewtwo|Psystrike|p2a: Entei\n|-damage|p2a: Entei|0 fnt\n|faint|p2a: Entei\n|\n|upkeep\n|\n|t:|1699227163\n|switch|p2a: Rabsca|Rabsca, M|100\/100\n|turn|20\n|\n|t:|1699227175\n|move|p1a: Mewtwo|Fire Blast|p2a: Rabsca\n|-supereffective|p2a: Rabsca\n|-enditem|p2a: Rabsca|Focus Sash\n|-damage|p2a: Rabsca|1\/100\n|move|p2a: Rabsca|Revival Blessing|p2a: Rabsca\n|\n|t:|1699227182\n|-heal|p2: Raikou|50\/100|[from] move: Revival Blessing\n|\n|upkeep\n|turn|21\n|\n|t:|1699227189\n|move|p1a: Mewtwo|Psystrike|p2a: Rabsca\n|-resisted|p2a: Rabsca\n|-damage|p2a: Rabsca|0 fnt\n|faint|p2a: Rabsca\n|\n|upkeep\n|\n|t:|1699227194\n|switch|p2a: Raikou|Raikou|50\/100\n|turn|22\n|\n|t:|1699227200\n|move|p1a: Mewtwo|Psystrike|p2a: Raikou\n|-damage|p2a: Raikou|0 fnt\n|faint|p2a: Raikou\n|\n|upkeep\n|\n|t:|1699227206\n|switch|p2a: Suicune|Suicune|100\/100\n|turn|23\n|\n|t:|1699227212\n|move|p1a: Mewtwo|Psystrike|p2a: Suicune\n|-damage|p2a: Suicune|30\/100\n|move|p2a: Suicune|Calm Mind|p2a: Suicune\n|-boost|p2a: Suicune|spa|1\n|-boost|p2a: Suicune|spd|1\n|\n|-heal|p2a: Suicune|36\/100|[from] item: Leftovers\n|upkeep\n|turn|24\n|\n|t:|1699227221\n|move|p1a: Mewtwo|Psystrike|p2a: Suicune\n|-damage|p2a: Suicune|0 fnt\n|faint|p2a: Suicune\n|\n|win|xMiggsx__\n|raw|xMiggsx__'s rating: 1022 &rarr; <strong>1056<\/strong><br \/>(+34 for winning)\n|raw|Gamemaster6663's rating: 1001 &rarr; <strong>1000<\/strong><br \/>(-1 for losing)\n","uploadtime":1699227230,"views":26,"p1id":"xmiggsx","p2id":"gamemaster6663","formatid":"gen9nationaldexubers","rating":1000,"private":0,"password":""}