{"id":"gen9nationaldexubers-1989260296","p1":"TRIPLE RILABOOM","p2":"swunkey","format":"[Gen 9] National Dex Ubers","log":"|j|\u2606TRIPLE RILABOOM\n|j|\u2606swunkey\n|t:|1699829092\n|gametype|singles\n|player|p1|TRIPLE RILABOOM|169|1166\n|player|p2|swunkey|hau-stance|1084\n|teamsize|p1|6\n|teamsize|p2|6\n|gen|9\n|tier|[Gen 9] National Dex Ubers\n|rated|\n|rule|HP Percentage Mod: HP is shown in percentages\n|rule|Endless Battle Clause: Forcing endless battles is banned\n|rule|OHKO Clause: OHKO moves are banned\n|rule|Evasion Moves Clause: Evasion moves are banned\n|rule|Evasion Items Clause: Evasion items are banned\n|rule|Species Clause: Limit one of each Pok\u00e9mon\n|rule|Sleep Clause Mod: Limit one foe put to sleep\n|rule|Mega Rayquaza Clause: You cannot mega evolve Rayquaza\n|clearpoke\n|poke|p1|Zarude|\n|poke|p1|Marshadow|\n|poke|p1|Galvantula, F|\n|poke|p1|Darmanitan-Galar, F|\n|poke|p1|Gholdengo|\n|poke|p1|Xurkitree|\n|poke|p2|Tyranitar, M|\n|poke|p2|Sandaconda, M|\n|poke|p2|Togedemaru, L1, F|\n|poke|p2|Donphan, M|\n|poke|p2|Ursaluna-Bloodmoon, M|\n|poke|p2|Ferrothorn, M|\n|teampreview\n|inactive|Battle timer is ON: inactive players will automatically lose when time's up. (requested by swunkey)\n|\n|t:|1699829122\n|start\n|switch|p1a: Galvantula|Galvantula, F, shiny|100\/100\n|switch|p2a: Tyranitar|Tyranitar, M|100\/100\n|-weather|Sandstorm|[from] ability: Sand Stream|[of] p2a: Tyranitar\n|turn|1\n|\n|t:|1699829130\n|detailschange|p2a: Tyranitar|Tyranitar-Mega, M\n|-mega|p2a: Tyranitar|Tyranitar|Tyranitarite\n|move|p1a: Galvantula|Sticky Web|p2a: Tyranitar\n|-sidestart|p2: swunkey|move: Sticky Web\n|move|p2a: Tyranitar|Hone Claws|p2a: Tyranitar\n|-boost|p2a: Tyranitar|atk|1\n|-boost|p2a: Tyranitar|accuracy|1\n|\n|-weather|Sandstorm|[upkeep]\n|-damage|p1a: Galvantula|94\/100|[from] Sandstorm\n|upkeep\n|turn|2\n|\n|t:|1699829143\n|move|p1a: Galvantula|Bug Buzz|p2a: Tyranitar\n|-supereffective|p2a: Tyranitar\n|-damage|p2a: Tyranitar|67\/100\n|move|p2a: Tyranitar|Stone Edge|p1a: Galvantula\n|-supereffective|p1a: Galvantula\n|-damage|p1a: Galvantula|0 fnt\n|faint|p1a: Galvantula\n|\n|-weather|Sandstorm|[upkeep]\n|upkeep\n|\n|t:|1699829152\n|switch|p1a: Marshadow|Marshadow|100\/100\n|turn|3\n|\n|t:|1699829170\n|switch|p2a: Ferrothorn|Ferrothorn, M|100\/100\n|-activate|p2a: Ferrothorn|move: Sticky Web\n|-unboost|p2a: Ferrothorn|spe|1\n|-terastallize|p1a: Marshadow|Ghost\n|move|p1a: Marshadow|Swagger|p2a: Ferrothorn\n|-boost|p2a: Ferrothorn|atk|2\n|-enditem|p1a: Marshadow|Mirror Herb\n|-boost|p1a: Marshadow|atk|2|[from] item: Mirror Herb\n|-start|p2a: Ferrothorn|confusion\n|\n|-weather|Sandstorm|[upkeep]\n|-damage|p1a: Marshadow|94\/100|[from] Sandstorm\n|upkeep\n|turn|4\n|\n|t:|1699829185\n|move|p1a: Marshadow|Spectral Thief||[still]\n|-clearpositiveboost|p2a: Ferrothorn|p1a: Marshadow|move: Spectral Thief\n|-boost|p1a: Marshadow|atk|2\n|-anim|p1a: Marshadow|Spectral Thief|p2a: Ferrothorn\n|-damage|p2a: Ferrothorn|0 fnt\n|-damage|p1a: Marshadow|82\/100|[from] ability: Iron Barbs|[of] p2a: Ferrothorn\n|-damage|p1a: Marshadow|65\/100|[from] item: Rocky Helmet|[of] p2a: Ferrothorn\n|faint|p2a: Ferrothorn\n|\n|-weather|Sandstorm|[upkeep]\n|-damage|p1a: Marshadow|59\/100|[from] Sandstorm\n|upkeep\n|\n|t:|1699829198\n|switch|p2a: Donphan|Donphan, M|100\/100\n|-activate|p2a: Donphan|move: Sticky Web\n|-unboost|p2a: Donphan|spe|1\n|turn|5\n|\n|t:|1699829207\n|move|p2a: Donphan|Ice Shard|p1a: Marshadow\n|-damage|p1a: Marshadow|39\/100\n|move|p1a: Marshadow|Spectral Thief|p2a: Donphan\n|-ability|p2a: Donphan|Sturdy\n|-damage|p2a: Donphan|1\/100\n|\n|-weather|none\n|upkeep\n|turn|6\n|inactive|swunkey has 120 seconds left.\n|-enditem|p2a: Donphan|Custap Berry|[eat]\n|-activate|p2a: Donphan|item: Custap Berry|[consumed]\n|\n|t:|1699829234\n|move|p2a: Donphan|Ice Shard|p1a: Marshadow\n|-damage|p1a: Marshadow|21\/100\n|move|p1a: Marshadow|Shadow Sneak|p2a: Donphan\n|-damage|p2a: Donphan|0 fnt\n|faint|p2a: Donphan\n|\n|upkeep\n|inactive|swunkey has 120 seconds left.\n|\n|t:|1699829241\n|switch|p2a: Sandaconda|Sandaconda, M|100\/100\n|-activate|p2a: Sandaconda|move: Sticky Web\n|-unboost|p2a: Sandaconda|spe|1\n|turn|7\n|inactive|swunkey has 120 seconds left.\n|inactive|TRIPLE RILABOOM has 120 seconds left.\n|\n|t:|1699829280\n|move|p1a: Marshadow|Close Combat|p2a: Sandaconda\n|-damage|p2a: Sandaconda|0 fnt\n|-unboost|p1a: Marshadow|def|1\n|-unboost|p1a: Marshadow|spd|1\n|-weather|Sandstorm|[from] ability: Sand Spit|[of] p2a: Sandaconda\n|faint|p2a: Sandaconda\n|\n|-weather|Sandstorm|[upkeep]\n|-damage|p1a: Marshadow|15\/100|[from] Sandstorm\n|upkeep\n|inactive|swunkey has 120 seconds left.\n|\n|t:|1699829291\n|switch|p2a: Ursaluna|Ursaluna-Bloodmoon, M|100\/100\n|-activate|p2a: Ursaluna|move: Sticky Web\n|-unboost|p2a: Ursaluna|spe|1\n|turn|8\n|inactive|swunkey has 120 seconds left.\n|\n|t:|1699829296\n|move|p1a: Marshadow|Close Combat|p2a: Ursaluna\n|-supereffective|p2a: Ursaluna\n|-damage|p2a: Ursaluna|0 fnt\n|-unboost|p1a: Marshadow|def|1\n|-unboost|p1a: Marshadow|spd|1\n|faint|p2a: Ursaluna\n|\n|-weather|Sandstorm|[upkeep]\n|-damage|p1a: Marshadow|8\/100|[from] Sandstorm\n|upkeep\n|\n|t:|1699829300\n|switch|p2a: Tyranitar|Tyranitar-Mega, M|67\/100\n|-activate|p2a: Tyranitar|move: Sticky Web\n|-unboost|p2a: Tyranitar|spe|1\n|turn|9\n|-message|swunkey forfeited.\n|\n|win|TRIPLE RILABOOM\n|raw|TRIPLE RILABOOM's rating: 1166 &rarr; <strong>1185<\/strong><br \/>(+19 for winning)\n|raw|swunkey's rating: 1084 &rarr; <strong>1067<\/strong><br \/>(-17 for losing)\n|l|\u2606swunkey\n","uploadtime":1699829320,"views":20,"p1id":"triplerilaboom","p2id":"swunkey","formatid":"gen9nationaldexubers","rating":1067,"private":0,"password":""}