{"id":"gen9nationaldexubers-1979972073","p1":"Exploiter v3.5","p2":"Arthur3a","format":"[Gen 9] National Dex Ubers","log":"|j|\u2606Exploiter v3.5\n|j|\u2606Arthur3a\n|t:|1698739654\n|gametype|singles\n|player|p1|Exploiter v3.5|cynthia-gen4|1231\n|player|p2|Arthur3a|candice|1289\n|teamsize|p1|6\n|teamsize|p2|6\n|gen|9\n|tier|[Gen 9] National Dex Ubers\n|rated|\n|rule|HP Percentage Mod: HP is shown in percentages\n|rule|Endless Battle Clause: Forcing endless battles is banned\n|rule|OHKO Clause: OHKO moves are banned\n|rule|Evasion Moves Clause: Evasion moves are banned\n|rule|Evasion Items Clause: Evasion items are banned\n|rule|Species Clause: Limit one of each Pok\u00e9mon\n|rule|Sleep Clause Mod: Limit one foe put to sleep\n|rule|Mega Rayquaza Clause: You cannot mega evolve Rayquaza\n|clearpoke\n|poke|p1|Ogerpon-Hearthflame, F|\n|poke|p1|Garchomp, F|\n|poke|p1|Zacian-*|\n|poke|p1|Groudon|\n|poke|p1|Flutter Mane|\n|poke|p1|Charizard, F|\n|poke|p2|Gallade, M|\n|poke|p2|Blaziken, F|\n|poke|p2|Arceus|\n|poke|p2|Dracovish|\n|poke|p2|Dragapult, F|\n|poke|p2|Chi-Yu|\n|teampreview\n|inactive|Battle timer is ON: inactive players will automatically lose when time's up. (requested by Arthur3a)\n|\n|t:|1698739671\n|start\n|switch|p1a: chomp|Garchomp, F|100\/100\n|switch|p2a: Blaziken|Blaziken, F|100\/100\n|turn|1\n|\n|t:|1698739676\n|detailschange|p2a: Blaziken|Blaziken-Mega, F\n|-mega|p2a: Blaziken|Blaziken|Blazikenite\n|move|p2a: Blaziken|Protect|p2a: Blaziken\n|-singleturn|p2a: Blaziken|Protect\n|move|p1a: chomp|Swords Dance|p1a: chomp\n|-boost|p1a: chomp|atk|2\n|\n|-ability|p2a: Blaziken|Speed Boost|boost\n|-boost|p2a: Blaziken|spe|1\n|upkeep\n|turn|2\n|\n|t:|1698739683\n|move|p2a: Blaziken|Close Combat|p1a: chomp\n|-damage|p1a: chomp|19\/100\n|-unboost|p2a: Blaziken|def|1\n|-unboost|p2a: Blaziken|spd|1\n|move|p1a: chomp|Swords Dance|p1a: chomp\n|-boost|p1a: chomp|atk|2\n|\n|-ability|p2a: Blaziken|Speed Boost|boost\n|-boost|p2a: Blaziken|spe|1\n|upkeep\n|turn|3\n|inactive|Exploiter v3.5 has 120 seconds left.\n|\n|t:|1698739716\n|move|p2a: Blaziken|Close Combat|p1a: chomp\n|-damage|p1a: chomp|0 fnt\n|-unboost|p2a: Blaziken|def|1\n|-unboost|p2a: Blaziken|spd|1\n|faint|p1a: chomp\n|\n|-ability|p2a: Blaziken|Speed Boost|boost\n|-boost|p2a: Blaziken|spe|1\n|upkeep\n|inactive|Exploiter v3.5 has 120 seconds left.\n|inactive|Exploiter v3.5 has 90 seconds left.\n|\n|t:|1698739778\n|switch|p1a: Charizard|Charizard, F|100\/100\n|turn|4\n|\n|t:|1698739782\n|detailschange|p1a: Charizard|Charizard-Mega-Y, F\n|-mega|p1a: Charizard|Charizard|Charizardite Y\n|-weather|SunnyDay|[from] ability: Drought|[of] p1a: Charizard\n|move|p2a: Blaziken|Swords Dance|p2a: Blaziken\n|-boost|p2a: Blaziken|atk|2\n|move|p1a: Charizard|Hurricane|p2a: Blaziken|[miss]\n|-miss|p1a: Charizard|p2a: Blaziken\n|\n|-weather|SunnyDay|[upkeep]\n|-ability|p2a: Blaziken|Speed Boost|boost\n|-boost|p2a: Blaziken|spe|1\n|upkeep\n|turn|5\n|c|\u2606Arthur3a|What are you using hurricane in sun?\n|\n|t:|1698739802\n|move|p2a: Blaziken|Close Combat|p1a: Charizard\n|-resisted|p1a: Charizard\n|-damage|p1a: Charizard|0 fnt\n|-unboost|p2a: Blaziken|def|1\n|-unboost|p2a: Blaziken|spd|1\n|faint|p1a: Charizard\n|\n|-weather|SunnyDay|[upkeep]\n|-ability|p2a: Blaziken|Speed Boost|boost\n|-boost|p2a: Blaziken|spe|1\n|upkeep\n|\n|t:|1698739814\n|switch|p1a: Zacian|Zacian-Crowned|100\/100\n|-ability|p1a: Zacian|Intrepid Sword|boost\n|-boost|p1a: Zacian|atk|1\n|turn|6\n|\n|t:|1698739818\n|move|p2a: Blaziken|Close Combat|p1a: Zacian\n|-damage|p1a: Zacian|0 fnt\n|-unboost|p2a: Blaziken|def|1\n|-unboost|p2a: Blaziken|spd|1\n|faint|p1a: Zacian\n|\n|-weather|SunnyDay|[upkeep]\n|-ability|p2a: Blaziken|Speed Boost|boost\n|-boost|p2a: Blaziken|spe|1\n|upkeep\n|\n|t:|1698739822\n|switch|p1a: Flutter Mane|Flutter Mane|100\/100\n|-activate|p1a: Flutter Mane|ability: Protosynthesis\n|-start|p1a: Flutter Mane|protosynthesisspe\n|turn|7\n|\n|t:|1698739829\n|move|p2a: Blaziken|Blaze Kick|p1a: Flutter Mane\n|-damage|p1a: Flutter Mane|0 fnt\n|faint|p1a: Flutter Mane\n|-end|p1a: Flutter Mane|Protosynthesis|[silent]\n|\n|-weather|SunnyDay|[upkeep]\n|upkeep\n|\n|t:|1698739833\n|switch|p1a: Groudon|Groudon|100\/100\n|detailschange|p1a: Groudon|Groudon-Primal\n|-primal|p1a: Groudon|Red Orb\n|-weather|DesolateLand|[from] ability: Desolate Land|[of] p1a: Groudon\n|turn|8\n|\n|t:|1698739837\n|move|p2a: Blaziken|Close Combat|p1a: Groudon\n|-damage|p1a: Groudon|0 fnt\n|-unboost|p2a: Blaziken|def|1\n|-unboost|p2a: Blaziken|spd|1\n|faint|p1a: Groudon\n|-weather|none\n|\n|upkeep\n|\n|t:|1698739840\n|switch|p1a: Ogerpon|Ogerpon-Hearthflame, F|100\/100\n|-ability|p1a: Ogerpon|Mold Breaker\n|turn|9\n|inactive|Exploiter v3.5 has 120 seconds left.\n|\n|t:|1698739847\n|-terastallize|p1a: Ogerpon|Fire\n|detailschange|p1a: Ogerpon|Ogerpon-Hearthflame-Tera, F, tera:Fire\n|-ability|p1a: Ogerpon|Embody Aspect (Hearthflame)|boost\n|-boost|p1a: Ogerpon|atk|1\n|move|p2a: Blaziken|Close Combat|p1a: Ogerpon\n|-damage|p1a: Ogerpon|0 fnt\n|-unboost|p2a: Blaziken|def|1\n|-unboost|p2a: Blaziken|spd|1\n|faint|p1a: Ogerpon\n|\n|win|Arthur3a\n|raw|Exploiter v3.5's rating: 1231 &rarr; <strong>1210<\/strong><br \/>(-21 for losing)\n|raw|Arthur3a's rating: 1289 &rarr; <strong>1310<\/strong><br \/>(+21 for winning)\n","uploadtime":1698739853,"views":11,"p1id":"exploiterv35","p2id":"arthur3a","formatid":"gen9nationaldexubers","rating":1210,"private":0,"password":""}