{"id":"gen9nationaldexubers-1986340177","p1":"Hiro-Hisuito","p2":"Judi_ts","format":"[Gen 9] National Dex Ubers","log":"|j|\u2606Hiro-Hisuito\n|j|\u2606Judi_ts\n|t:|1699470648\n|gametype|singles\n|player|p1|Hiro-Hisuito|lance|\n|player|p2|Judi_ts|iris|\n|teamsize|p1|6\n|teamsize|p2|6\n|gen|9\n|tier|[Gen 9] National Dex Ubers\n|rule|HP Percentage Mod: HP is shown in percentages\n|rule|Endless Battle Clause: Forcing endless battles is banned\n|rule|OHKO Clause: OHKO moves are banned\n|rule|Evasion Moves Clause: Evasion moves are banned\n|rule|Evasion Items Clause: Evasion items are banned\n|rule|Species Clause: Limit one of each Pok\u00e9mon\n|rule|Sleep Clause Mod: Limit one foe put to sleep\n|rule|Mega Rayquaza Clause: You cannot mega evolve Rayquaza\n|clearpoke\n|poke|p1|Charizard, M|\n|poke|p1|Dragapult, M|\n|poke|p1|Dragonite, F|\n|poke|p1|Goodra-Hisui, M|\n|poke|p1|Dracovish|\n|poke|p1|Baxcalibur, M|\n|poke|p2|Gardevoir, F|\n|poke|p2|Corsola-Galar, F|\n|poke|p2|Espathra, F|\n|poke|p2|Wigglytuff, F|\n|poke|p2|Audino, M|\n|poke|p2|Milotic, F|\n|teampreview\n|\n|t:|1699470658\n|start\n|switch|p1a: Dragapult|Dragapult, M|100\/100\n|switch|p2a: Milotic|Milotic, F|100\/100\n|turn|1\n|\n|t:|1699470665\n|switch|p1a: Goodra|Goodra-Hisui, M|100\/100\n|move|p2a: Milotic|Toxic|p1a: Goodra\n|-immune|p1a: Goodra\n|\n|upkeep\n|turn|2\n|\n|t:|1699470673\n|switch|p2a: Corsola|Corsola-Galar, F|100\/100\n|move|p1a: Goodra|Acid Armor|p1a: Goodra\n|-boost|p1a: Goodra|def|2\n|\n|upkeep\n|turn|3\n|\n|t:|1699470680\n|move|p1a: Goodra|Toxic|p2a: Corsola\n|-status|p2a: Corsola|tox\n|move|p2a: Corsola|Will-O-Wisp|p1a: Goodra\n|-status|p1a: Goodra|brn\n|\n|-damage|p2a: Corsola|94\/100 tox|[from] psn\n|-damage|p1a: Goodra|94\/100 brn|[from] brn\n|upkeep\n|turn|4\n|\n|t:|1699470690\n|move|p1a: Goodra|Acid Armor|p1a: Goodra\n|-boost|p1a: Goodra|def|2\n|move|p2a: Corsola|Haze|p2a: Corsola\n|-clearallboost\n|\n|-heal|p1a: Goodra|100\/100 brn|[from] item: Leftovers\n|-damage|p2a: Corsola|82\/100 tox|[from] psn\n|-damage|p1a: Goodra|94\/100 brn|[from] brn\n|upkeep\n|turn|5\n|\n|t:|1699470701\n|move|p1a: Goodra|Rest|p1a: Goodra\n|-status|p1a: Goodra|slp|[from] move: Rest\n|-heal|p1a: Goodra|100\/100 slp|[silent]\n|move|p2a: Corsola|Reflect|p2a: Corsola\n|-sidestart|p2: Judi_ts|Reflect\n|\n|-damage|p2a: Corsola|63\/100 tox|[from] psn\n|upkeep\n|turn|6\n|\n|t:|1699470710\n|cant|p1a: Goodra|slp\n|move|p2a: Corsola|Light Screen|p2a: Corsola\n|-sidestart|p2: Judi_ts|move: Light Screen\n|\n|-damage|p2a: Corsola|39\/100 tox|[from] psn\n|upkeep\n|turn|7\n|\n|t:|1699470717\n|switch|p2a: Espathra|Espathra, F|100\/100\n|cant|p1a: Goodra|slp\n|\n|upkeep\n|turn|8\n|\n|t:|1699470724\n|move|p2a: Espathra|Lumina Crash|p1a: Goodra\n|-resisted|p1a: Goodra\n|-damage|p1a: Goodra|91\/100 slp\n|-unboost|p1a: Goodra|spd|2\n|-curestatus|p1a: Goodra|slp|[msg]\n|move|p1a: Goodra|Toxic|p2a: Espathra\n|-status|p2a: Espathra|tox\n|\n|-heal|p1a: Goodra|97\/100|[from] item: Leftovers\n|-damage|p2a: Espathra|94\/100 tox|[from] psn\n|-ability|p2a: Espathra|Speed Boost|boost\n|-boost|p2a: Espathra|spe|1\n|upkeep\n|turn|9\n|\n|t:|1699470741\n|switch|p1a: Charizard|Charizard, M|100\/100\n|move|p2a: Espathra|Lumina Crash|p1a: Charizard\n|-damage|p1a: Charizard|52\/100\n|-unboost|p1a: Charizard|spd|2\n|\n|-damage|p2a: Espathra|82\/100 tox|[from] psn\n|-sideend|p2: Judi_ts|Reflect\n|-ability|p2a: Espathra|Speed Boost|boost\n|-boost|p2a: Espathra|spe|1\n|upkeep\n|turn|10\n|\n|t:|1699470754\n|switch|p1a: Dragapult|Dragapult, M|100\/100\n|move|p2a: Espathra|Lumina Crash|p1a: Dragapult\n|-damage|p1a: Dragapult|52\/100\n|-unboost|p1a: Dragapult|spd|2\n|\n|-damage|p2a: Espathra|64\/100 tox|[from] psn\n|-sideend|p2: Judi_ts|move: Light Screen\n|-ability|p2a: Espathra|Speed Boost|boost\n|-boost|p2a: Espathra|spe|1\n|upkeep\n|turn|11\n|\n|t:|1699470766\n|move|p1a: Dragapult|Sucker Punch|p2a: Espathra\n|-supereffective|p2a: Espathra\n|-damage|p2a: Espathra|0 fnt\n|faint|p2a: Espathra\n|\n|upkeep\n|\n|t:|1699470772\n|switch|p2a: Audino|Audino, M|100\/100\n|turn|12\n|\n|t:|1699470779\n|switch|p1a: Goodra|Goodra-Hisui, M|97\/100\n|move|p2a: Audino|Wish|p2a: Audino\n|\n|-heal|p1a: Goodra|100\/100|[from] item: Leftovers\n|upkeep\n|turn|13\n|\n|t:|1699470788\n|switch|p2a: Corsola|Corsola-Galar, F|39\/100 tox\n|move|p1a: Goodra|Toxic|p2a: Corsola\n|-fail|p2a: Corsola|tox\n|\n|-heal|p2a: Corsola|100\/100 tox|[from] move: Wish|[wisher] Audino\n|-damage|p2a: Corsola|94\/100 tox|[from] psn\n|upkeep\n|turn|14\n|\n|t:|1699470799\n|move|p1a: Goodra|Acid Armor|p1a: Goodra\n|-boost|p1a: Goodra|def|2\n|move|p2a: Corsola|Will-O-Wisp|p1a: Goodra\n|-status|p1a: Goodra|brn\n|\n|-damage|p2a: Corsola|82\/100 tox|[from] psn\n|-damage|p1a: Goodra|94\/100 brn|[from] brn\n|upkeep\n|turn|15\n|\n|t:|1699470811\n|move|p1a: Goodra|Rest|p1a: Goodra\n|-status|p1a: Goodra|slp|[from] move: Rest\n|-heal|p1a: Goodra|100\/100 slp|[silent]\n|move|p2a: Corsola|Light Screen|p2a: Corsola\n|-sidestart|p2: Judi_ts|move: Light Screen\n|\n|-damage|p2a: Corsola|63\/100 tox|[from] psn\n|upkeep\n|turn|16\n|\n|t:|1699470819\n|cant|p1a: Goodra|slp\n|move|p2a: Corsola|Reflect|p2a: Corsola\n|-sidestart|p2: Judi_ts|Reflect\n|\n|-damage|p2a: Corsola|39\/100 tox|[from] psn\n|upkeep\n|turn|17\n|\n|t:|1699470826\n|cant|p1a: Goodra|slp\n|move|p2a: Corsola|Haze|p2a: Corsola\n|-clearallboost\n|\n|-damage|p2a: Corsola|8\/100 tox|[from] psn\n|upkeep\n|turn|18\n|\n|t:|1699470838\n|-curestatus|p1a: Goodra|slp|[msg]\n|move|p1a: Goodra|Acid Armor|p1a: Goodra\n|-boost|p1a: Goodra|def|2\n|move|p2a: Corsola|Will-O-Wisp|p1a: Goodra\n|-status|p1a: Goodra|brn\n|\n|-damage|p2a: Corsola|0 fnt|[from] psn\n|faint|p2a: Corsola\n|-damage|p1a: Goodra|94\/100 brn|[from] brn\n|upkeep\n|\n|t:|1699470851\n|switch|p2a: Wigglytuff|Wigglytuff, F|100\/100\n|-item|p1a: Goodra|Leftovers|[from] ability: Frisk|[of] p2a: Wigglytuff|[identify]\n|turn|19\n|\n|t:|1699470863\n|move|p1a: Goodra|Toxic|p2a: Wigglytuff|[miss]\n|-miss|p1a: Goodra|p2a: Wigglytuff\n|move|p2a: Wigglytuff|Drain Punch|p1a: Goodra\n|-supereffective|p1a: Goodra\n|-damage|p1a: Goodra|81\/100 brn\n|\n|-heal|p1a: Goodra|87\/100 brn|[from] item: Leftovers\n|-damage|p1a: Goodra|81\/100 brn|[from] brn\n|-sideend|p2: Judi_ts|move: Light Screen\n|upkeep\n|turn|20\n|\n|t:|1699470876\n|move|p1a: Goodra|Toxic|p2a: Wigglytuff\n|-status|p2a: Wigglytuff|tox\n|move|p2a: Wigglytuff|Flamethrower|p1a: Goodra\n|-damage|p1a: Goodra|69\/100 brn\n|\n|-heal|p1a: Goodra|75\/100 brn|[from] item: Leftovers\n|-damage|p2a: Wigglytuff|94\/100 tox|[from] psn\n|-damage|p1a: Goodra|69\/100 brn|[from] brn\n|-sideend|p2: Judi_ts|Reflect\n|upkeep\n|turn|21\n|\n|t:|1699470890\n|move|p1a: Goodra|Acid Armor|p1a: Goodra\n|-boost|p1a: Goodra|def|2\n|move|p2a: Wigglytuff|Flamethrower|p1a: Goodra\n|-damage|p1a: Goodra|57\/100 brn\n|\n|-heal|p1a: Goodra|63\/100 brn|[from] item: Leftovers\n|-damage|p2a: Wigglytuff|82\/100 tox|[from] psn\n|-damage|p1a: Goodra|57\/100 brn|[from] brn\n|upkeep\n|turn|22\n|\n|t:|1699470902\n|switch|p2a: Gardevoir|Gardevoir, F|100\/100\n|move|p1a: Goodra|Acid Armor|p1a: Goodra\n|-boost|p1a: Goodra|def|2\n|\n|-heal|p1a: Goodra|63\/100 brn|[from] item: Leftovers\n|-damage|p1a: Goodra|57\/100 brn|[from] brn\n|upkeep\n|turn|23\n|\n|t:|1699470913\n|detailschange|p2a: Gardevoir|Gardevoir-Mega, F\n|-mega|p2a: Gardevoir|Gardevoir|Gardevoirite\n|move|p2a: Gardevoir|Focus Blast|p1a: Goodra\n|-supereffective|p1a: Goodra\n|-damage|p1a: Goodra|5\/100 brn\n|move|p1a: Goodra|Rest|p1a: Goodra\n|-status|p1a: Goodra|slp|[from] move: Rest\n|-heal|p1a: Goodra|100\/100 slp|[silent]\n|\n|upkeep\n|turn|24\n|\n|t:|1699470924\n|switch|p1a: Dragapult|Dragapult, M|52\/100\n|move|p2a: Gardevoir|Calm Mind|p2a: Gardevoir\n|-boost|p2a: Gardevoir|spa|1\n|-boost|p2a: Gardevoir|spd|1\n|\n|upkeep\n|turn|25\n|\n|t:|1699470932\n|move|p1a: Dragapult|Phantom Force||[still]\n|-prepare|p1a: Dragapult|Phantom Force\n|move|p2a: Gardevoir|Psychic|p1a: Dragapult|[miss]\n|-miss|p2a: Gardevoir|p1a: Dragapult\n|\n|upkeep\n|turn|26\n|\n|t:|1699470940\n|switch|p2a: Audino|Audino, M|100\/100\n|move|p1a: Dragapult|Phantom Force|p2a: Audino|[from]lockedmove\n|-immune|p2a: Audino\n|\n|upkeep\n|turn|27\n|\n|t:|1699470950\n|switch|p1a: Goodra|Goodra-Hisui, M|100\/100 slp\n|move|p2a: Audino|Calm Mind|p2a: Audino\n|-boost|p2a: Audino|spa|1\n|-boost|p2a: Audino|spd|1\n|\n|upkeep\n|turn|28\n|\n|t:|1699470959\n|cant|p1a: Goodra|slp\n|move|p2a: Audino|Calm Mind|p2a: Audino\n|-boost|p2a: Audino|spa|1\n|-boost|p2a: Audino|spd|1\n|\n|upkeep\n|turn|29\n|\n|t:|1699470986\n|cant|p1a: Goodra|slp\n|move|p2a: Audino|Calm Mind|p2a: Audino\n|-boost|p2a: Audino|spa|1\n|-boost|p2a: Audino|spd|1\n|\n|upkeep\n|turn|30\n|\n|t:|1699470993\n|move|p2a: Audino|Protect|p2a: Audino\n|-singleturn|p2a: Audino|Protect\n|-curestatus|p1a: Goodra|slp|[msg]\n|move|p1a: Goodra|Toxic|p2a: Audino\n|-activate|p2a: Audino|move: Protect\n|\n|upkeep\n|turn|31\n|\n|t:|1699471005\n|move|p1a: Goodra|Toxic|p2a: Audino\n|-status|p2a: Audino|tox\n|move|p2a: Audino|Calm Mind|p2a: Audino\n|-boost|p2a: Audino|spa|1\n|-boost|p2a: Audino|spd|1\n|\n|-damage|p2a: Audino|94\/100 tox|[from] psn\n|upkeep\n|turn|32\n|\n|t:|1699471014\n|switch|p1a: Dragapult|Dragapult, M|52\/100\n|move|p2a: Audino|Dazzling Gleam|p1a: Dragapult\n|-supereffective|p1a: Dragapult\n|-damage|p1a: Dragapult|0 fnt\n|faint|p1a: Dragapult\n|\n|-damage|p2a: Audino|82\/100 tox|[from] psn\n|upkeep\n|\n|t:|1699471023\n|switch|p1a: Dracovish|Dracovish|100\/100\n|turn|33\n|\n|t:|1699471027\n|-terastallize|p1a: Dracovish|Water\n|move|p1a: Dracovish|Fishious Rend|p2a: Audino\n|-damage|p2a: Audino|0 fnt\n|faint|p2a: Audino\n|\n|upkeep\n|\n|t:|1699471035\n|switch|p2a: Milotic|Milotic, F|100\/100\n|turn|34\n|\n|t:|1699471046\n|switch|p1a: Goodra|Goodra-Hisui, M|100\/100\n|move|p2a: Milotic|Toxic|p1a: Goodra\n|-immune|p1a: Goodra\n|\n|upkeep\n|turn|35\n|\n|t:|1699471052\n|switch|p2a: Wigglytuff|Wigglytuff, F|82\/100 tox\n|-item|p1a: Goodra|Leftovers|[from] ability: Frisk|[of] p2a: Wigglytuff|[identify]\n|move|p1a: Goodra|Toxic|p2a: Wigglytuff\n|-fail|p2a: Wigglytuff|tox\n|\n|-damage|p2a: Wigglytuff|76\/100 tox|[from] psn\n|upkeep\n|turn|36\n|\n|t:|1699471063\n|move|p1a: Goodra|Acid Armor|p1a: Goodra\n|-boost|p1a: Goodra|def|2\n|move|p2a: Wigglytuff|Drain Punch|p1a: Goodra\n|-supereffective|p1a: Goodra\n|-damage|p1a: Goodra|88\/100\n|-heal|p2a: Wigglytuff|80\/100 tox|[from] drain|[of] p1a: Goodra\n|\n|-heal|p1a: Goodra|94\/100|[from] item: Leftovers\n|-damage|p2a: Wigglytuff|68\/100 tox|[from] psn\n|upkeep\n|turn|37\n|\n|t:|1699471075\n|switch|p2a: Gardevoir|Gardevoir-Mega, F|100\/100\n|move|p1a: Goodra|Acid Armor|p1a: Goodra\n|-boost|p1a: Goodra|def|2\n|\n|-heal|p1a: Goodra|100\/100|[from] item: Leftovers\n|upkeep\n|turn|38\n|\n|t:|1699471086\n|move|p2a: Gardevoir|Focus Blast|p1a: Goodra\n|-supereffective|p1a: Goodra\n|-damage|p1a: Goodra|49\/100\n|move|p1a: Goodra|Toxic|p2a: Gardevoir\n|-status|p2a: Gardevoir|tox\n|\n|-heal|p1a: Goodra|55\/100|[from] item: Leftovers\n|-damage|p2a: Gardevoir|94\/100 tox|[from] psn\n|upkeep\n|turn|39\n|\n|t:|1699471097\n|switch|p1a: Charizard|Charizard, M|52\/100\n|move|p2a: Gardevoir|Focus Blast|p1a: Charizard|[miss]\n|-miss|p2a: Gardevoir|p1a: Charizard\n|\n|-damage|p2a: Gardevoir|82\/100 tox|[from] psn\n|upkeep\n|turn|40\n|\n|t:|1699471106\n|detailschange|p1a: Charizard|Charizard-Mega-X, M\n|-mega|p1a: Charizard|Charizard|Charizardite X\n|move|p2a: Gardevoir|Psychic|p1a: Charizard\n|-damage|p1a: Charizard|0 fnt\n|faint|p1a: Charizard\n|\n|-damage|p2a: Gardevoir|64\/100 tox|[from] psn\n|upkeep\n|\n|t:|1699471113\n|switch|p1a: Baxcalibur|Baxcalibur, M|100\/100\n|turn|41\n|\n|t:|1699471119\n|switch|p2a: Milotic|Milotic, F|100\/100\n|switch|p1a: Dragonite|Dragonite, F|100\/100\n|\n|upkeep\n|turn|42\n|\n|t:|1699471127\n|switch|p1a: Goodra|Goodra-Hisui, M|55\/100\n|move|p2a: Milotic|Ice Beam|p1a: Goodra\n|-damage|p1a: Goodra|46\/100\n|\n|-heal|p1a: Goodra|52\/100|[from] item: Leftovers\n|upkeep\n|turn|43\n|\n|t:|1699471139\n|switch|p2a: Gardevoir|Gardevoir-Mega, F|64\/100 tox\n|move|p1a: Goodra|Rest|p1a: Goodra\n|-status|p1a: Goodra|slp|[from] move: Rest\n|-heal|p1a: Goodra|100\/100 slp|[silent]\n|\n|-damage|p2a: Gardevoir|58\/100 tox|[from] psn\n|upkeep\n|turn|44\n|\n|t:|1699471149\n|switch|p1a: Dracovish|Dracovish, tera:Water|100\/100\n|move|p2a: Gardevoir|Calm Mind|p2a: Gardevoir\n|-boost|p2a: Gardevoir|spa|1\n|-boost|p2a: Gardevoir|spd|1\n|\n|-damage|p2a: Gardevoir|45\/100 tox|[from] psn\n|upkeep\n|turn|45\n|\n|t:|1699471160\n|switch|p2a: Milotic|Milotic, F|100\/100\n|move|p1a: Dracovish|Fishious Rend|p2a: Milotic\n|-resisted|p2a: Milotic\n|-damage|p2a: Milotic|32\/100\n|\n|-heal|p2a: Milotic|38\/100|[from] item: Leftovers\n|upkeep\n|turn|46\n|\n|t:|1699471169\n|move|p2a: Milotic|Protect|p2a: Milotic\n|-singleturn|p2a: Milotic|Protect\n|move|p1a: Dracovish|Fishious Rend|p2a: Milotic\n|-activate|p2a: Milotic|move: Protect\n|\n|-heal|p2a: Milotic|44\/100|[from] item: Leftovers\n|upkeep\n|turn|47\n|\n|t:|1699471184\n|-terastallize|p2a: Milotic|Water\n|move|p1a: Dracovish|Fishious Rend|p2a: Milotic\n|-resisted|p2a: Milotic\n|-damage|p2a: Milotic|0 fnt\n|faint|p2a: Milotic\n|\n|upkeep\n|\n|t:|1699471191\n|switch|p2a: Gardevoir|Gardevoir-Mega, F|45\/100 tox\n|turn|48\n|\n|t:|1699471195\n|move|p1a: Dracovish|Fishious Rend|p2a: Gardevoir\n|-crit|p2a: Gardevoir\n|-damage|p2a: Gardevoir|0 fnt\n|faint|p2a: Gardevoir\n|\n|upkeep\n|\n|t:|1699471200\n|switch|p2a: Wigglytuff|Wigglytuff, F|68\/100 tox\n|-item|p1a: Dracovish|Choice Scarf|[from] ability: Frisk|[of] p2a: Wigglytuff|[identify]\n|turn|49\n|\n|t:|1699471206\n|move|p1a: Dracovish|Fishious Rend|p2a: Wigglytuff\n|-damage|p2a: Wigglytuff|0 fnt\n|faint|p2a: Wigglytuff\n|\n|win|Hiro-Hisuito\n|l|\u2606Hiro-Hisuito\n|j|\u2606Hiro-Hisuito\n|player|p1|Hiro-Hisuito|lance\n|l|\u2606Judi_ts\n","uploadtime":1699471263,"views":7,"p1id":"hirohisuito","p2id":"judits","formatid":"gen9nationaldexubers","rating":0,"private":0,"password":""}