{"id":"gen9nationaldexubers-1988638261","p1":"hoarahlouxwarriorr","p2":"straightoutta14BC","format":"[Gen 9] National Dex Ubers","log":"|j|\u2606hoarahlouxwarriorr\n|j|\u2606straightoutta14BC\n|inactive|Battle timer is ON: inactive players will automatically lose when time's up.\n|t:|1699744859\n|gametype|singles\n|player|p1|hoarahlouxwarriorr|brycen|\n|player|p2|straightoutta14BC|2|\n|teamsize|p1|6\n|teamsize|p2|6\n|gen|9\n|tier|[Gen 9] National Dex Ubers\n|rated|Tournament battle\n|rule|HP Percentage Mod: HP is shown in percentages\n|rule|Endless Battle Clause: Forcing endless battles is banned\n|rule|OHKO Clause: OHKO moves are banned\n|rule|Evasion Moves Clause: Evasion moves are banned\n|rule|Evasion Items Clause: Evasion items are banned\n|rule|Species Clause: Limit one of each Pok\u00e9mon\n|rule|Sleep Clause Mod: Limit one foe put to sleep\n|rule|Mega Rayquaza Clause: You cannot mega evolve Rayquaza\n|rule|Dynamax Clause: You cannot dynamax\n|rule|Terastal Clause: You cannot Terastallize\n|rule|Same Type Clause: Pok\u00e9mon in a team must share a type\n|clearpoke\n|poke|p1|Kyogre|\n|poke|p1|Palafin, M|\n|poke|p1|Iron Bundle|\n|poke|p1|Araquanid, M|\n|poke|p1|Blastoise, F|\n|poke|p1|Toxapex, M|\n|poke|p2|Klinklang|\n|poke|p2|Bronzong|\n|poke|p2|Mawile, F|\n|poke|p2|Melmetal|\n|poke|p2|Stakataka|\n|poke|p2|Ferrothorn, F|\n|teampreview\n|j| galaxystudios370\n|c| galaxystudios370|I saw you bring out the kartana dialga team yesterday\n|inactive|straightoutta14BC has 120 seconds left.\n|\n|t:|1699744911\n|start\n|switch|p1a: Hardie Boy|Palafin, M|100\/100\n|switch|p2a: Klinklang|Klinklang|100\/100\n|turn|1\n|\n|t:|1699744916\n|move|p1a: Hardie Boy|Taunt|p2a: Klinklang\n|-start|p2a: Klinklang|move: Taunt\n|cant|p2a: Klinklang|move: Taunt|Trick Room\n|\n|upkeep\n|turn|2\n|\n|t:|1699744925\n|detailschange|p1a: Hardie Boy|Palafin-Hero, M\n|switch|p1a: Sunrise Parabellum|Kyogre|100\/100\n|-weather|RainDance|[from] ability: Drizzle|[of] p1a: Sunrise Parabellum\n|switch|p2a: Stakataka|Stakataka|100\/100\n|\n|-weather|RainDance|[upkeep]\n|upkeep\n|turn|3\n|\n|t:|1699744935\n|move|p1a: Sunrise Parabellum|Origin Pulse|p2a: Stakataka\n|-supereffective|p2a: Stakataka\n|-damage|p2a: Stakataka|0 fnt\n|faint|p2a: Stakataka\n|\n|-weather|RainDance|[upkeep]\n|upkeep\n|\n|t:|1699744939\n|switch|p2a: Klinklang|Klinklang|100\/100\n|turn|4\n|\n|t:|1699744942\n|move|p1a: Sunrise Parabellum|Origin Pulse|p2a: Klinklang|[miss]\n|-miss|p1a: Sunrise Parabellum|p2a: Klinklang\n|move|p2a: Klinklang|Trick Room|p2a: Klinklang\n|-fieldstart|move: Trick Room|[of] p2a: Klinklang\n|\n|-weather|RainDance|[upkeep]\n|upkeep\n|turn|5\n|\n|t:|1699744946\n|move|p2a: Klinklang|Steel Beam|p1a: Sunrise Parabellum\n|-resisted|p1a: Sunrise Parabellum\n|-damage|p1a: Sunrise Parabellum|79\/100\n|-damage|p2a: Klinklang|50\/100|[from] steelbeam\n|move|p1a: Sunrise Parabellum|Origin Pulse|p2a: Klinklang\n|-damage|p2a: Klinklang|0 fnt\n|faint|p2a: Klinklang\n|\n|-weather|RainDance|[upkeep]\n|upkeep\n|\n|t:|1699744953\n|switch|p2a: Melmetal|Melmetal|100\/100\n|turn|6\n|inactive|hoarahlouxwarriorr has 120 seconds left.\n|\n|t:|1699744985\n|switch|p1a: Logician|Araquanid, M|100\/100\n|move|p2a: Melmetal|Thunder Punch|p1a: Logician\n|-supereffective|p1a: Logician\n|-enditem|p1a: Logician|Focus Sash\n|-damage|p1a: Logician|1\/100\n|\n|-weather|none\n|upkeep\n|turn|7\n|\n|t:|1699744996\n|move|p2a: Melmetal|Thunder Punch|p1a: Logician\n|-supereffective|p1a: Logician\n|-damage|p1a: Logician|0 fnt\n|faint|p1a: Logician\n|\n|upkeep\n|\n|t:|1699745003\n|switch|p1a: Poet|Toxapex, M|100\/100\n|turn|8\n|\n|t:|1699745006\n|move|p2a: Melmetal|Thunder Punch|p1a: Poet\n|-supereffective|p1a: Poet\n|-crit|p1a: Poet\n|-damage|p1a: Poet|7\/100\n|move|p1a: Poet|Scald|p2a: Melmetal\n|-damage|p2a: Melmetal|83\/100\n|\n|-heal|p1a: Poet|13\/100|[from] item: Black Sludge\n|-fieldend|move: Trick Room\n|upkeep\n|turn|9\n|\n|t:|1699745016\n|move|p1a: Poet|Recover|p1a: Poet\n|-heal|p1a: Poet|63\/100\n|move|p2a: Melmetal|Thunder Punch|p1a: Poet\n|-supereffective|p1a: Poet\n|-damage|p1a: Poet|0 fnt\n|faint|p1a: Poet\n|\n|upkeep\n|\n|t:|1699745038\n|switch|p1a: Sunrise Parabellum|Kyogre|79\/100\n|-weather|RainDance|[from] ability: Drizzle|[of] p1a: Sunrise Parabellum\n|turn|10\n|j| RY3NO\n|l| RY3NO\n|inactive|straightoutta14BC has 120 seconds left.\n|\n|t:|1699745095\n|switch|p2a: Mawile|Mawile, F|100\/100\n|-ability|p2a: Mawile|Intimidate|boost\n|-unboost|p1a: Sunrise Parabellum|atk|1\n|move|p1a: Sunrise Parabellum|Water Spout|p2a: Mawile\n|-damage|p2a: Mawile|0 fnt\n|faint|p2a: Mawile\n|\n|-weather|RainDance|[upkeep]\n|upkeep\n|\n|t:|1699745101\n|switch|p2a: Ferrothorn|Ferrothorn, F|100\/100\n|turn|11\n|inactive|straightoutta14BC has 90 seconds left.\n|inactive|hoarahlouxwarriorr has 120 seconds left.\n|\n|t:|1699745140\n|move|p1a: Sunrise Parabellum|Water Spout|p2a: Ferrothorn\n|-resisted|p2a: Ferrothorn\n|-damage|p2a: Ferrothorn|37\/100\n|move|p2a: Ferrothorn|Power Whip|p1a: Sunrise Parabellum|[miss]\n|-miss|p2a: Ferrothorn|p1a: Sunrise Parabellum\n|\n|-weather|RainDance|[upkeep]\n|-heal|p2a: Ferrothorn|43\/100|[from] item: Leftovers\n|upkeep\n|turn|12\n|\n|t:|1699745146\n|move|p2a: Ferrothorn|Protect|p2a: Ferrothorn\n|-singleturn|p2a: Ferrothorn|Protect\n|move|p1a: Sunrise Parabellum|Water Spout|p2a: Ferrothorn\n|-activate|p2a: Ferrothorn|move: Protect\n|\n|-weather|RainDance|[upkeep]\n|-heal|p2a: Ferrothorn|49\/100|[from] item: Leftovers\n|upkeep\n|turn|13\n|c|\u2606hoarahlouxwarriorr|my bad\n|inactive|straightoutta14BC has 90 seconds left.\n|\n|t:|1699745152\n|move|p1a: Sunrise Parabellum|Water Spout|p2a: Ferrothorn\n|-resisted|p2a: Ferrothorn\n|-damage|p2a: Ferrothorn|0 fnt\n|faint|p2a: Ferrothorn\n|\n|-weather|RainDance|[upkeep]\n|upkeep\n|\n|t:|1699745156\n|switch|p2a: Bronzong|Bronzong|100\/100\n|turn|14\n|\n|t:|1699745159\n|move|p1a: Sunrise Parabellum|Water Spout|p2a: Bronzong\n|-damage|p2a: Bronzong|0 fnt\n|faint|p2a: Bronzong\n|\n|-weather|none\n|upkeep\n|\n|t:|1699745162\n|switch|p2a: Melmetal|Melmetal|83\/100\n|turn|15\n|\n|t:|1699745164\n|move|p1a: Sunrise Parabellum|Water Spout|p2a: Melmetal\n|-damage|p2a: Melmetal|0 fnt\n|faint|p2a: Melmetal\n|\n|win|hoarahlouxwarriorr\n|n|\u2606hoarahlouxwarriorr|hoarahlouxwarriorr\n|n|\u2606straightoutta14BC|straightoutta14bc\n|n| galaxystudios370|galaxystudios370\n|c|\u2606hoarahlouxwarriorr|gg\n|l| galaxystudios370\n|j| galaxystudios370\n|l| galaxystudios370\n","uploadtime":1699745165,"views":5,"p1id":"hoarahlouxwarriorr","p2id":"straightoutta14bc","formatid":"gen9nationaldexubers","rating":0,"private":0,"password":""}