{"id":"gen9nationaldexubers-1996229104","p1":"KingoftheTitans","p2":"Reality_Check56","format":"[Gen 9] National Dex Ubers","log":"|j|\u2606KingoftheTitans\n|j|\u2606Reality_Check56\n|t:|1700661721\n|gametype|singles\n|player|p1|KingoftheTitans|102|1118\n|player|p2|Reality_Check56|cogita|1291\n|teamsize|p1|6\n|teamsize|p2|6\n|gen|9\n|tier|[Gen 9] National Dex Ubers\n|rated|\n|rule|HP Percentage Mod: HP is shown in percentages\n|rule|Endless Battle Clause: Forcing endless battles is banned\n|rule|OHKO Clause: OHKO moves are banned\n|rule|Evasion Moves Clause: Evasion moves are banned\n|rule|Evasion Items Clause: Evasion items are banned\n|rule|Species Clause: Limit one of each Pok\u00e9mon\n|rule|Sleep Clause Mod: Limit one foe put to sleep\n|rule|Mega Rayquaza Clause: You cannot mega evolve Rayquaza\n|clearpoke\n|poke|p1|Diancie|\n|poke|p1|Volcarona, F|\n|poke|p1|Ursaluna-Bloodmoon, M|\n|poke|p1|Dragonite, M|\n|poke|p1|Ogerpon-Wellspring, F|\n|poke|p1|Lycanroc-Dusk, M|\n|poke|p2|Yveltal|\n|poke|p2|Necrozma-Dusk-Mane|\n|poke|p2|Arceus|\n|poke|p2|Eternatus|\n|poke|p2|Giratina-Origin|\n|poke|p2|Xerneas-*|\n|teampreview\n|c|\u2606Reality_Check56|glhf\n|c|\u2606KingoftheTitans|U2\n|\n|t:|1700661744\n|start\n|switch|p1a: Volcarona|Volcarona, F|100\/100\n|switch|p2a: Arceus|Arceus|100\/100\n|turn|1\n|\n|t:|1700661752\n|move|p2a: Arceus|Extreme Speed|p1a: Volcarona\n|-damage|p1a: Volcarona|34\/100\n|move|p1a: Volcarona|Quiver Dance|p1a: Volcarona\n|-boost|p1a: Volcarona|spa|1\n|-boost|p1a: Volcarona|spd|1\n|-boost|p1a: Volcarona|spe|1\n|\n|upkeep\n|turn|2\n|c|\u2606Reality_Check56|Im ladderin\n|j| Dean Kromer\n|\n|t:|1700661759\n|move|p1a: Volcarona|Fiery Dance|p2a: Arceus\n|-damage|p2a: Arceus|57\/100\n|move|p2a: Arceus|Swords Dance|p2a: Arceus\n|-boost|p2a: Arceus|atk|2\n|\n|upkeep\n|turn|3\n|l| Dean Kromer\n|\n|t:|1700661764\n|move|p2a: Arceus|Extreme Speed|p1a: Volcarona\n|-damage|p1a: Volcarona|0 fnt\n|-status|p2a: Arceus|brn|[from] ability: Flame Body|[of] p1a: Volcarona\n|-enditem|p2a: Arceus|Lum Berry|[eat]\n|-curestatus|p2a: Arceus|brn|[msg]\n|faint|p1a: Volcarona\n|\n|upkeep\n|c|\u2606KingoftheTitans|OH COME ON\n|\n|t:|1700661774\n|switch|p1a: Dragonite|Dragonite, M|100\/100\n|turn|4\n|c|\u2606Reality_Check56|Heh\n|\n|t:|1700661791\n|move|p2a: Arceus|Extreme Speed|p1a: Dragonite\n|-damage|p1a: Dragonite|49\/100\n|move|p1a: Dragonite|Dragon Dance|p1a: Dragonite\n|-boost|p1a: Dragonite|atk|1\n|-boost|p1a: Dragonite|spe|1\n|\n|-heal|p1a: Dragonite|56\/100|[from] item: Leftovers\n|upkeep\n|turn|5\n|c|\u2606Reality_Check56|Funny Berry\n|c|\u2606Reality_Check56|dd?\n|\n|t:|1700661799\n|-terastallize|p1a: Dragonite|Normal\n|move|p1a: Dragonite|Extreme Speed|p2a: Arceus\n|-damage|p2a: Arceus|14\/100\n|move|p2a: Arceus|Extreme Speed|p1a: Dragonite\n|-damage|p1a: Dragonite|0 fnt\n|faint|p1a: Dragonite\n|\n|upkeep\n|c|\u2606KingoftheTitans|WHAT THE\n|\n|t:|1700661810\n|switch|p1a: Lycanroc|Lycanroc-Dusk, M|100\/100\n|turn|6\n|\n|t:|1700661813\n|move|p2a: Arceus|Extreme Speed|p1a: Lycanroc\n|-resisted|p1a: Lycanroc\n|-damage|p1a: Lycanroc|29\/100\n|move|p1a: Lycanroc|Accelerock|p2a: Arceus\n|-damage|p2a: Arceus|0 fnt\n|faint|p2a: Arceus\n|\n|upkeep\n|\n|t:|1700661820\n|switch|p2a: Xerneas|Xerneas|100\/100\n|-ability|p2a: Xerneas|Fairy Aura\n|turn|7\n|\n|t:|1700661824\n|-zpower|p1a: Lycanroc\n|move|p1a: Lycanroc|Splintered Stormshards|p2a: Xerneas|[zeffect]\n|-damage|p2a: Xerneas|26\/100\n|move|p2a: Xerneas|Geomancy||[still]\n|-prepare|p2a: Xerneas|Geomancy\n|-enditem|p2a: Xerneas|Power Herb\n|-anim|p2a: Xerneas|Geomancy|p2a: Xerneas\n|-boost|p2a: Xerneas|spa|2\n|-boost|p2a: Xerneas|spd|2\n|-boost|p2a: Xerneas|spe|2\n|\n|upkeep\n|turn|8\n|c|\u2606Reality_Check56|Heh\n|\n|t:|1700661836\n|move|p1a: Lycanroc|Accelerock|p2a: Xerneas\n|-damage|p2a: Xerneas|3\/100\n|move|p2a: Xerneas|Moonblast|p1a: Lycanroc\n|-damage|p1a: Lycanroc|0 fnt\n|faint|p1a: Lycanroc\n|\n|upkeep\n|\n|t:|1700661842\n|switch|p1a: Ursaluna|Ursaluna-Bloodmoon, M|100\/100\n|turn|9\n|c|\u2606Reality_Check56|Funny\n|\n|t:|1700661845\n|move|p1a: Ursaluna|Vacuum Wave|p2a: Xerneas\n|-resisted|p2a: Xerneas\n|-damage|p2a: Xerneas|0 fnt\n|faint|p2a: Xerneas\n|\n|upkeep\n|c|\u2606Reality_Check56|Meh\n|\n|t:|1700661850\n|switch|p2a: Giratina|Giratina-Origin|100\/100\n|turn|10\n|\n|t:|1700661853\n|move|p2a: Giratina|Will-O-Wisp|p1a: Ursaluna\n|-status|p1a: Ursaluna|brn\n|move|p1a: Ursaluna|Calm Mind|p1a: Ursaluna\n|-boost|p1a: Ursaluna|spa|1\n|-boost|p1a: Ursaluna|spd|1\n|\n|-damage|p1a: Ursaluna|94\/100 brn|[from] brn\n|upkeep\n|turn|11\n|\n|t:|1700661863\n|switch|p2a: Necrozma|Necrozma-Dusk-Mane|100\/100\n|move|p1a: Ursaluna|Blood Moon|p2a: Necrozma\n|-resisted|p2a: Necrozma\n|-damage|p2a: Necrozma|58\/100\n|\n|-heal|p1a: Ursaluna|100\/100 brn|[from] item: Leftovers\n|-damage|p1a: Ursaluna|94\/100 brn|[from] brn\n|upkeep\n|turn|12\n|\n|t:|1700661872\n|move|p2a: Necrozma|Sunsteel Strike|p1a: Ursaluna\n|-damage|p1a: Ursaluna|53\/100 brn\n|move|p1a: Ursaluna|Earth Power|p2a: Necrozma\n|-supereffective|p2a: Necrozma\n|-damage|p2a: Necrozma|0 fnt\n|faint|p2a: Necrozma\n|\n|-heal|p1a: Ursaluna|59\/100 brn|[from] item: Leftovers\n|-damage|p1a: Ursaluna|53\/100 brn|[from] brn\n|upkeep\n|\n|t:|1700661882\n|switch|p2a: Yveltal|Yveltal|100\/100\n|-ability|p2a: Yveltal|Dark Aura\n|turn|13\n|\n|t:|1700661887\n|move|p2a: Yveltal|Taunt|p1a: Ursaluna\n|-start|p1a: Ursaluna|move: Taunt\n|move|p1a: Ursaluna|Blood Moon|p2a: Yveltal\n|-damage|p2a: Yveltal|7\/100\n|\n|-heal|p1a: Ursaluna|59\/100 brn|[from] item: Leftovers\n|-damage|p1a: Ursaluna|53\/100 brn|[from] brn\n|upkeep\n|turn|14\n|\n|t:|1700661896\n|move|p1a: Ursaluna|Vacuum Wave|p2a: Yveltal\n|-damage|p2a: Yveltal|0 fnt\n|faint|p2a: Yveltal\n|\n|-heal|p1a: Ursaluna|59\/100 brn|[from] item: Leftovers\n|-damage|p1a: Ursaluna|53\/100 brn|[from] brn\n|upkeep\n|\n|t:|1700661902\n|switch|p2a: Eternatus|Eternatus|100\/100\n|-ability|p2a: Eternatus|Pressure\n|turn|15\n|c|\u2606Reality_Check56|heh\n|\n|t:|1700661906\n|move|p2a: Eternatus|Sludge Bomb|p1a: Ursaluna\n|-resisted|p1a: Ursaluna\n|-damage|p1a: Ursaluna|40\/100 brn\n|move|p1a: Ursaluna|Earth Power|p2a: Eternatus\n|-supereffective|p2a: Eternatus\n|-damage|p2a: Eternatus|6\/100\n|\n|-heal|p2a: Eternatus|12\/100|[from] item: Leftovers\n|-heal|p1a: Ursaluna|46\/100 brn|[from] item: Leftovers\n|-damage|p1a: Ursaluna|40\/100 brn|[from] brn\n|-end|p1a: Ursaluna|move: Taunt\n|upkeep\n|turn|16\n|c|\u2606Reality_Check56|im in danger\n|c|\u2606KingoftheTitans|That's an understatement\n|\n|t:|1700661918\n|move|p1a: Ursaluna|Vacuum Wave|p2a: Eternatus\n|-resisted|p2a: Eternatus\n|-damage|p2a: Eternatus|5\/100\n|move|p2a: Eternatus|Recover|p2a: Eternatus\n|-heal|p2a: Eternatus|55\/100\n|\n|-heal|p2a: Eternatus|61\/100|[from] item: Leftovers\n|-heal|p1a: Ursaluna|46\/100 brn|[from] item: Leftovers\n|-damage|p1a: Ursaluna|40\/100 brn|[from] brn\n|upkeep\n|turn|17\n|\n|t:|1700661927\n|move|p2a: Eternatus|Recover|p2a: Eternatus\n|-heal|p2a: Eternatus|100\/100\n|move|p1a: Ursaluna|Earth Power|p2a: Eternatus\n|-supereffective|p2a: Eternatus\n|-damage|p2a: Eternatus|0 fnt\n|faint|p2a: Eternatus\n|\n|-heal|p1a: Ursaluna|46\/100 brn|[from] item: Leftovers\n|-damage|p1a: Ursaluna|40\/100 brn|[from] brn\n|upkeep\n|\n|t:|1700661935\n|switch|p2a: Giratina|Giratina-Origin|100\/100\n|turn|18\n|\n|t:|1700661942\n|-terastallize|p2a: Giratina|Poison\n|move|p2a: Giratina|Draco Meteor|p1a: Ursaluna\n|-damage|p1a: Ursaluna|0 fnt\n|-unboost|p2a: Giratina|spa|2\n|faint|p1a: Ursaluna\n|\n|upkeep\n|c|\u2606Reality_Check56|welp\n|\n|t:|1700661949\n|switch|p1a: Ogerpon|Ogerpon-Wellspring, F|100\/100\n|turn|19\n|\n|t:|1700661954\n|move|p1a: Ogerpon|Swords Dance|p1a: Ogerpon\n|-boost|p1a: Ogerpon|atk|2\n|move|p2a: Giratina|Will-O-Wisp|p1a: Ogerpon\n|-status|p1a: Ogerpon|brn\n|\n|-damage|p1a: Ogerpon|95\/100 brn|[from] brn\n|upkeep\n|turn|20\n|c|\u2606Reality_Check56|Hehe\n|\n|t:|1700661962\n|move|p1a: Ogerpon|Swords Dance|p1a: Ogerpon\n|-boost|p1a: Ogerpon|atk|2\n|move|p2a: Giratina|Hex|p1a: Ogerpon\n|-damage|p1a: Ogerpon|42\/100 brn\n|\n|-damage|p1a: Ogerpon|36\/100 brn|[from] brn\n|upkeep\n|turn|21\n|\n|t:|1700661969\n|move|p1a: Ogerpon|Ivy Cudgel|p2a: Giratina|[anim] Ivy Cudgel Water\n|-damage|p2a: Giratina|45\/100\n|move|p2a: Giratina|Hex|p1a: Ogerpon\n|-damage|p1a: Ogerpon|0 fnt\n|faint|p1a: Ogerpon\n|\n|upkeep\n|\n|t:|1700661975\n|switch|p1a: Diancie|Diancie|100\/100\n|turn|22\n|c|\u2606Reality_Check56|GGwp\n|\n|t:|1700661978\n|detailschange|p1a: Diancie|Diancie-Mega\n|-mega|p1a: Diancie|Diancie|Diancite\n|move|p1a: Diancie|Earth Power|p2a: Giratina\n|-immune|p2a: Giratina|[from] ability: Levitate\n|move|p2a: Giratina|Will-O-Wisp|p1a: Diancie\n|move|p1a: Diancie|Will-O-Wisp|p2a: Giratina|[from]ability: Magic Bounce\n|-status|p2a: Giratina|brn\n|\n|-damage|p2a: Giratina|39\/100 brn|[from] brn\n|upkeep\n|turn|23\n|c|\u2606KingoftheTitans|WAIT\n|c|\u2606Reality_Check56|welp\n|\n|t:|1700661988\n|move|p1a: Diancie|Diamond Storm|p2a: Giratina\n|-crit|p2a: Giratina\n|-damage|p2a: Giratina|0 fnt\n|faint|p2a: Giratina\n|\n|win|KingoftheTitans\n|raw|KingoftheTitans's rating: 1118 &rarr; <strong>1155<\/strong><br \/>(+37 for winning)\n|raw|Reality_Check56's rating: 1291 &rarr; <strong>1254<\/strong><br \/>(-37 for losing)\n|c|\u2606KingoftheTitans|gg\n|c|\u2606Reality_Check56|My elo\n|c|\u2606Reality_Check56|Dag it\n","uploadtime":1700661998,"views":0,"p1id":"kingofthetitans","p2id":"realitycheck56","formatid":"gen9nationaldexubers","rating":1155,"private":0,"password":""}