{"id":"gen9nationaldexubers-2000360747","p1":"Tamas01","p2":"LinkAwakens","format":"[Gen 9] National Dex Ubers","log":"|j|\u2606Tamas01\n|j|\u2606LinkAwakens\n|t:|1701188255\n|gametype|singles\n|player|p1|Tamas01|veteran|\n|player|p2|LinkAwakens|170|\n|teamsize|p1|6\n|teamsize|p2|6\n|gen|9\n|tier|[Gen 9] National Dex Ubers\n|rule|HP Percentage Mod: HP is shown in percentages\n|rule|Endless Battle Clause: Forcing endless battles is banned\n|rule|OHKO Clause: OHKO moves are banned\n|rule|Evasion Moves Clause: Evasion moves are banned\n|rule|Evasion Items Clause: Evasion items are banned\n|rule|Species Clause: Limit one of each Pok\u00e9mon\n|rule|Sleep Clause Mod: Limit one foe put to sleep\n|rule|Mega Rayquaza Clause: You cannot mega evolve Rayquaza\n|rule|Sleep Moves Clause: Sleep-inducing moves are banned\n|rule|Terastal Clause: You cannot Terastallize\n|clearpoke\n|poke|p1|Urshifu-*, F|\n|poke|p1|Thundurus-Therian, M|\n|poke|p1|Baxcalibur, F|\n|poke|p1|Corviknight, M|\n|poke|p1|Slurpuff, M|\n|poke|p1|Persian, M|\n|poke|p2|Buzzwole|\n|poke|p2|Golem, F|\n|poke|p2|Manaphy|\n|poke|p2|Hoopa-Unbound|\n|poke|p2|Aerodactyl, M|\n|poke|p2|Diancie|\n|teampreview\n|c|\u2606LinkAwakens|Ektu link grp e diye dao\n|j| Mr Sap\n|j| Swaggyboii006\n|c| Swaggyboii006|done\n|c| Swaggyboii006|khel\n|l| Mr Sap\n|j| Mr Sap\n|j| Sanjog29\n|c|\u2606LinkAwakens|Omk\n|\n|t:|1701188318\n|start\n|switch|p1a: Urshifu|Urshifu-Rapid-Strike, F|100\/100\n|switch|p2a: Golem|Golem, F|100\/100\n|turn|1\n|c| Sanjog29|Glhf\n|\n|t:|1701188330\n|switch|p2a: Buzzwole|Buzzwole|100\/100\n|move|p1a: Urshifu|Surging Strikes|p2a: Buzzwole\n|-crit|p2a: Buzzwole\n|-damage|p2a: Buzzwole|90\/100\n|-crit|p2a: Buzzwole\n|-damage|p2a: Buzzwole|79\/100\n|-crit|p2a: Buzzwole\n|-damage|p2a: Buzzwole|69\/100\n|-hitcount|p2a: Buzzwole|3\n|\n|upkeep\n|turn|2\n|c| Swaggyboii006|expertly led by  tamas01\n|\n|t:|1701188343\n|switch|p1a: Slurpuff|Slurpuff, M|100\/100\n|move|p2a: Buzzwole|Sticky Web|p1a: Slurpuff\n|-sidestart|p1: Tamas01|move: Sticky Web\n|\n|upkeep\n|turn|3\n|c| Sanjog29|Gloves yay\n|\n|t:|1701188354\n|switch|p2a: Golem|Golem, F|100\/100\n|move|p1a: Slurpuff|Sticky Web|p2a: Golem\n|-sidestart|p2: LinkAwakens|move: Sticky Web\n|\n|upkeep\n|turn|4\n|\n|t:|1701188364\n|move|p1a: Slurpuff|Draining Kiss|p2a: Golem\n|-crit|p2a: Golem\n|-damage|p2a: Golem|72\/100\n|-damage|p1a: Slurpuff|84\/100|[from] item: Rocky Helmet|[of] p2a: Golem\n|move|p2a: Golem|Salt Cure|p1a: Slurpuff\n|-damage|p1a: Slurpuff|62\/100\n|-start|p1a: Slurpuff|Salt Cure\n|\n|-damage|p1a: Slurpuff|50\/100|[from] Salt Cure\n|upkeep\n|turn|5\n|l|\u2606Tamas01\n|player|p1|\n|j|\u2606Tamas01\n|player|p1|Tamas01|veteran\n|l| Mr Sap\n|j| Mr Sap\n|\n|t:|1701188440\n|switch|p1a: Persian|Persian, M|100\/100\n|-activate|p1a: Persian|move: Sticky Web\n|-unboost|p1a: Persian|spe|1\n|move|p2a: Golem|Stealth Rock|p1a: Persian\n|-sidestart|p1: Tamas01|move: Stealth Rock\n|\n|upkeep\n|turn|6\n|l| Mr Sap\n|j| Mr Sap\n|l| Mr Sap\n|inactive|Battle timer is ON: inactive players will automatically lose when time's up. (requested by Tamas01)\n|\n|t:|1701188525\n|move|p1a: Persian|Tidy Up|p1a: Persian\n|-sideend|p1: Tamas01|Stealth Rock\n|-sideend|p1: Tamas01|Sticky Web\n|-sideend|p2: LinkAwakens|Sticky Web\n|-activate|p1a: Persian|move: Tidy Up\n|-boost|p1a: Persian|atk|1\n|-boost|p1a: Persian|spe|1\n|move|p2a: Golem|Salt Cure|p1a: Persian\n|-damage|p1a: Persian|56\/100\n|-start|p1a: Persian|Salt Cure\n|\n|-heal|p1a: Persian|62\/100|[from] item: Leftovers\n|-damage|p1a: Persian|50\/100|[from] Salt Cure\n|upkeep\n|turn|7\n|c| Sanjog29|Porishkar porichonno kore dilo\n|j| Mr Sap\n|\n|t:|1701188544\n|switch|p1a: Urshifu|Urshifu-Rapid-Strike, F|100\/100\n|move|p2a: Golem|Stealth Rock|p1a: Urshifu\n|-sidestart|p1: Tamas01|move: Stealth Rock\n|\n|upkeep\n|turn|8\n|c| Sanjog29|44 from cure tf\n|c| Swaggyboii006|pussy puttin in work\n|c| Swaggyboii006|120 attack\n|\n|t:|1701188556\n|switch|p2a: Buzzwole|Buzzwole|69\/100\n|move|p1a: Urshifu|Swords Dance|p1a: Urshifu\n|-boost|p1a: Urshifu|atk|2\n|\n|upkeep\n|turn|9\n|c| Swaggyboii006|ki expect koren sir\n|\n|t:|1701188564\n|move|p1a: Urshifu|Surging Strikes|p2a: Buzzwole\n|-crit|p2a: Buzzwole\n|-damage|p2a: Buzzwole|47\/100\n|-crit|p2a: Buzzwole\n|-damage|p2a: Buzzwole|27\/100\n|-crit|p2a: Buzzwole\n|-damage|p2a: Buzzwole|7\/100\n|-hitcount|p2a: Buzzwole|3\n|move|p2a: Buzzwole|Dual Wingbeat|p1a: Urshifu\n|-supereffective|p1a: Urshifu\n|-damage|p1a: Urshifu|75\/100\n|-supereffective|p1a: Urshifu\n|-damage|p1a: Urshifu|51\/100\n|-hitcount|p1a: Urshifu|2\n|\n|upkeep\n|turn|10\n|c| Sanjog29|Oh no\n|c| Swaggyboii006|tf\n|\n|t:|1701188578\n|move|p1a: Urshifu|Drain Punch|p2a: Buzzwole\n|-resisted|p2a: Buzzwole\n|-damage|p2a: Buzzwole|0 fnt\n|-heal|p1a: Urshifu|55\/100|[from] drain|[of] p2a: Buzzwole\n|faint|p2a: Buzzwole\n|\n|upkeep\n|c| Swaggyboii006|ki damage eta\n|c|\u2606LinkAwakens|Bruh\n|j| Beast2004\n|inactive|LinkAwakens has 270 seconds left.\n|\n|t:|1701188611\n|switch|p2a: Aerodactyl|Aerodactyl, M|100\/100\n|turn|11\n|c| Sanjog29|Aeromiss kore na no worries\n|inactive|LinkAwakens has 270 seconds left.\n|c| Swaggyboii006|well\n|\n|t:|1701188625\n|switch|p2a: Manaphy|Manaphy|100\/100\n|switch|p1a: Corviknight|Corviknight, M|100\/100\n|-damage|p1a: Corviknight|88\/100|[from] Stealth Rock\n|-ability|p1a: Corviknight|Pressure\n|\n|upkeep\n|turn|12\n|inactive|LinkAwakens has 270 seconds left.\n|c| Swaggyboii006|ah\n|\n|t:|1701188639\n|move|p2a: Manaphy|Acid Armor|p2a: Manaphy\n|-boost|p2a: Manaphy|def|2\n|move|p1a: Corviknight|Defog|p2a: Manaphy\n|-unboost|p2a: Manaphy|evasion|1\n|-sideend|p1: Tamas01|Stealth Rock|[from] move: Defog|[of] p1a: Corviknight\n|\n|upkeep\n|turn|13\n|c| Sanjog29|Dangor manaphy set\n|c| Swaggyboii006|manapy moment?\n|\n|t:|1701188659\n|switch|p1a: Slurpuff|Slurpuff, M|50\/100\n|move|p2a: Manaphy|Take Heart|p2a: Manaphy\n|-boost|p2a: Manaphy|spa|1\n|-boost|p2a: Manaphy|spd|1\n|\n|upkeep\n|turn|14\n|c| Swaggyboii006|nah dada have check\n|\n|t:|1701188674\n|move|p1a: Slurpuff|Sticky Web|p2a: Manaphy\n|-sidestart|p2: LinkAwakens|move: Sticky Web\n|move|p2a: Manaphy|Take Heart|p2a: Manaphy\n|-boost|p2a: Manaphy|spa|1\n|-boost|p2a: Manaphy|spd|1\n|\n|upkeep\n|turn|15\n|\n|t:|1701188689\n|move|p1a: Slurpuff|Endeavor|p2a: Manaphy\n|-damage|p2a: Manaphy|46\/100\n|move|p2a: Manaphy|Steam Eruption|p1a: Slurpuff\n|-damage|p1a: Slurpuff|0 fnt\n|faint|p1a: Slurpuff\n|\n|upkeep\n|\n|t:|1701188698\n|switch|p1a: Thundurus|Thundurus-Therian, M|100\/100\n|turn|16\n|c| Beast2004|Um\n|\n|t:|1701188704\n|move|p1a: Thundurus|Electro Drift|p2a: Manaphy\n|-supereffective|p2a: Manaphy\n|-damage|p2a: Manaphy|0 fnt\n|faint|p2a: Manaphy\n|\n|upkeep\n|c| Swaggyboii006|rip\n|c|\u2606LinkAwakens|Bruh\n|inactive|LinkAwakens has 270 seconds left.\n|c| Swaggyboii006|tbolt holeo morto\n|\n|t:|1701188740\n|switch|p2a: Diancie|Diancie|100\/100\n|-activate|p2a: Diancie|move: Sticky Web\n|-fail|p2a: Diancie|unboost|[from] ability: Clear Body|[of] p2a: Diancie\n|turn|17\n|\n|t:|1701188749\n|switch|p1a: Corviknight|Corviknight, M|88\/100\n|-ability|p1a: Corviknight|Pressure\n|move|p2a: Diancie|Salt Cure|p1a: Corviknight\n|-damage|p1a: Corviknight|80\/100\n|-start|p1a: Corviknight|Salt Cure\n|\n|-damage|p1a: Corviknight|55\/100|[from] Salt Cure\n|upkeep\n|turn|18\n|c| Swaggyboii006|well well well\n|\n|t:|1701188774\n|move|p1a: Corviknight|Roost|p1a: Corviknight\n|-heal|p1a: Corviknight|100\/100\n|-singleturn|p1a: Corviknight|move: Roost\n|move|p2a: Diancie|Stone Axe|p1a: Corviknight\n|-resisted|p1a: Corviknight\n|-damage|p1a: Corviknight|94\/100\n|-damage|p2a: Diancie|84\/100|[from] item: Rocky Helmet|[of] p1a: Corviknight\n|-sidestart|p1: Tamas01|move: Stealth Rock\n|\n|-heal|p2a: Diancie|90\/100|[from] item: Leftovers\n|-damage|p1a: Corviknight|69\/100|[from] Salt Cure\n|upkeep\n|turn|19\n|l| Beast2004\n|\n|t:|1701188798\n|switch|p2a: Golem|Golem, F|72\/100\n|-activate|p2a: Golem|move: Sticky Web\n|-unboost|p2a: Golem|spe|1\n|move|p1a: Corviknight|Body Press|p2a: Golem\n|-supereffective|p2a: Golem\n|-damage|p2a: Golem|39\/100\n|-damage|p1a: Corviknight|52\/100|[from] item: Rocky Helmet|[of] p2a: Golem\n|\n|-damage|p1a: Corviknight|28\/100|[from] Salt Cure\n|upkeep\n|turn|20\n|l| Mr Sap\n|inactive|LinkAwakens has 240 seconds left.\n|\n|t:|1701188815\n|move|p1a: Corviknight|Body Press|p2a: Golem\n|-supereffective|p2a: Golem\n|-damage|p2a: Golem|6\/100\n|-damage|p1a: Corviknight|11\/100|[from] item: Rocky Helmet|[of] p2a: Golem\n|move|p2a: Golem|Spikes|p1a: Corviknight\n|-sidestart|p1: Tamas01|Spikes\n|\n|-damage|p1a: Corviknight|0 fnt|[from] Salt Cure\n|faint|p1a: Corviknight\n|upkeep\n|\n|t:|1701188825\n|switch|p1a: Baxcalibur|Baxcalibur, F|100\/100\n|-damage|p1a: Baxcalibur|76\/100|[from] Stealth Rock\n|-damage|p1a: Baxcalibur|63\/100|[from] Spikes\n|turn|21\n|\n|t:|1701188833\n|move|p1a: Baxcalibur|Dragon Dance|p1a: Baxcalibur\n|-boost|p1a: Baxcalibur|atk|1\n|-boost|p1a: Baxcalibur|spe|1\n|move|p2a: Golem|Explosion|p1a: Baxcalibur\n|-damage|p1a: Baxcalibur|0 fnt\n|faint|p2a: Golem\n|faint|p1a: Baxcalibur\n|\n|upkeep\n|inactive|LinkAwakens has 240 seconds left.\n|\n|t:|1701188862\n|switch|p1a: Urshifu|Urshifu-Rapid-Strike, F|55\/100\n|switch|p2a: Aerodactyl|Aerodactyl, M|100\/100\n|-damage|p1a: Urshifu|49\/100|[from] Stealth Rock\n|-damage|p1a: Urshifu|37\/100|[from] Spikes\n|turn|22\n|inactive|LinkAwakens has 240 seconds left.\n|\n|t:|1701188876\n|move|p2a: Aerodactyl|Brave Bird|p1a: Urshifu\n|-supereffective|p1a: Urshifu\n|-damage|p1a: Urshifu|0 fnt\n|faint|p1a: Urshifu\n|\n|upkeep\n|c| Sanjog29|No more misses he happy\n|c| Swaggyboii006|rip\n|\n|t:|1701188894\n|switch|p1a: Thundurus|Thundurus-Therian, M|100\/100\n|-damage|p1a: Thundurus|76\/100|[from] Stealth Rock\n|turn|23\n|\n|t:|1701188900\n|switch|p2a: Hoopa|Hoopa-Unbound|100\/100\n|-activate|p2a: Hoopa|move: Sticky Web\n|-unboost|p2a: Hoopa|spe|1\n|move|p1a: Thundurus|Electro Drift|p2a: Hoopa\n|-damage|p2a: Hoopa|53\/100\n|\n|upkeep\n|turn|24\n|c| Sanjog29|47 demn\n|c| Swaggyboii006|can ani da get high roll?\n|\n|t:|1701188915\n|move|p1a: Thundurus|Electro Drift|p2a: Hoopa\n|-damage|p2a: Hoopa|3\/100\n|move|p2a: Hoopa|Hyperspace Fury|p1a: Thundurus\n|-damage|p1a: Thundurus|0 fnt\n|-unboost|p2a: Hoopa|def|1\n|faint|p1a: Thundurus\n|\n|upkeep\n|c| Swaggyboii006|and the ans is no\n|c| Swaggyboii006|GG\n|\n|t:|1701188925\n|switch|p1a: Persian|Persian, M|50\/100\n|-damage|p1a: Persian|38\/100|[from] Stealth Rock\n|-damage|p1a: Persian|26\/100|[from] Spikes\n|turn|25\n|j| Mr Sap\n|\n|t:|1701188932\n|move|p1a: Persian|Fake Out|p2a: Hoopa\n|-damage|p2a: Hoopa|0 fnt\n|faint|p2a: Hoopa\n|\n|-heal|p1a: Persian|31\/100|[from] item: Leftovers\n|upkeep\n|\n|t:|1701188938\n|switch|p2a: Aerodactyl|Aerodactyl, M|100\/100\n|turn|26\n|\n|t:|1701188945\n|move|p2a: Aerodactyl|Brave Bird|p1a: Persian\n|-damage|p1a: Persian|0 fnt\n|faint|p1a: Persian\n|\n|win|LinkAwakens\n|c|\u2606Tamas01|Gg\n|c| Swaggyboii006|priyam format wise post kore dis\n|l|\u2606Tamas01\n|c| Swaggyboii006|messenger grp tay\n|c|\u2606LinkAwakens|Gg\n|c| Sanjog29|Gg\n|l| Sanjog29\n|l| Mr Sap\n|l| Swaggyboii006\n","uploadtime":1701188959,"views":12,"p1id":"tamas01","p2id":"linkawakens","formatid":"gen9nationaldexubers","rating":0,"private":0,"password":""}