{"id":"gen9nationaldexubers-1987938578","p1":"Alexandre195","p2":"legendarylando12","format":"[Gen 9] National Dex Ubers","log":"|j|\u2606Alexandre195\n|j|\u2606legendarylando12\n|t:|1699651105\n|gametype|singles\n|player|p1|Alexandre195|nate|1130\n|player|p2|legendarylando12|palmer|1032\n|teamsize|p1|6\n|teamsize|p2|6\n|gen|9\n|tier|[Gen 9] National Dex Ubers\n|rated|\n|rule|HP Percentage Mod: HP is shown in percentages\n|rule|Endless Battle Clause: Forcing endless battles is banned\n|rule|OHKO Clause: OHKO moves are banned\n|rule|Evasion Moves Clause: Evasion moves are banned\n|rule|Evasion Items Clause: Evasion items are banned\n|rule|Species Clause: Limit one of each Pok\u00e9mon\n|rule|Sleep Clause Mod: Limit one foe put to sleep\n|rule|Mega Rayquaza Clause: You cannot mega evolve Rayquaza\n|clearpoke\n|poke|p1|Mawile, F|\n|poke|p1|Scizor, M|\n|poke|p1|Aegislash, F|\n|poke|p1|Jirachi|\n|poke|p1|Heatran, F|\n|poke|p1|Kingambit, M|\n|poke|p2|Salamence, M|\n|poke|p2|Dusclops, F|\n|poke|p2|Galvantula, F|\n|poke|p2|Samurott-Hisui, F|\n|poke|p2|Magnezone|\n|poke|p2|Obstagoon, M|\n|teampreview\n|inactive|Battle timer is ON: inactive players will automatically lose when time's up. (requested by Alexandre195)\n|\n|t:|1699651113\n|start\n|switch|p1a: Scizor|Scizor, M|100\/100\n|switch|p2a: Salamence|Salamence, M|100\/100\n|turn|1\n|\n|t:|1699651120\n|move|p2a: Salamence|Dragon Dance|p2a: Salamence\n|-boost|p2a: Salamence|atk|1\n|-boost|p2a: Salamence|spe|1\n|move|p1a: Scizor|Swords Dance|p1a: Scizor\n|-boost|p1a: Scizor|atk|2\n|\n|upkeep\n|turn|2\n|\n|t:|1699651129\n|move|p1a: Scizor|Bullet Punch|p2a: Salamence\n|-damage|p2a: Salamence|11\/100\n|move|p2a: Salamence|Fire Fang|p1a: Scizor\n|-supereffective|p1a: Scizor\n|-damage|p1a: Scizor|0 fnt\n|faint|p1a: Scizor\n|-ability|p2a: Salamence|Moxie|boost\n|-boost|p2a: Salamence|atk|1\n|\n|upkeep\n|\n|t:|1699651137\n|switch|p1a: Aegislash|Aegislash, F|100\/100\n|turn|3\n|\n|t:|1699651142\n|-formechange|p1a: Aegislash|Aegislash-Blade||[from] ability: Stance Change\n|move|p1a: Aegislash|Shadow Sneak|p2a: Salamence\n|-damage|p2a: Salamence|0 fnt\n|faint|p2a: Salamence\n|\n|upkeep\n|\n|t:|1699651154\n|switch|p2a: Dusclops|Dusclops, F|100\/100\n|-ability|p2a: Dusclops|Pressure\n|turn|4\n|\n|t:|1699651159\n|move|p1a: Aegislash|Iron Head|p2a: Dusclops\n|-damage|p2a: Dusclops|77\/100\n|move|p2a: Dusclops|Calm Mind|p2a: Dusclops\n|-boost|p2a: Dusclops|spa|1\n|-boost|p2a: Dusclops|spd|1\n|\n|upkeep\n|turn|5\n|\n|t:|1699651167\n|switch|p1a: Jirachi|Jirachi|100\/100\n|move|p2a: Dusclops|Shadow Ball|p1a: Jirachi\n|-supereffective|p1a: Jirachi\n|-damage|p1a: Jirachi|54\/100\n|\n|upkeep\n|turn|6\n|\n|t:|1699651175\n|move|p1a: Jirachi|Trick|p2a: Dusclops\n|-activate|p1a: Jirachi|move: Trick|[of] p2a: Dusclops\n|-item|p2a: Dusclops|Choice Scarf|[from] move: Trick\n|-item|p1a: Jirachi|Eviolite|[from] move: Trick\n|move|p2a: Dusclops|Trick Room|p2a: Dusclops\n|-fieldstart|move: Trick Room|[of] p2a: Dusclops\n|\n|upkeep\n|turn|7\n|\n|t:|1699651187\n|switch|p2a: Obstagoon|Obstagoon, M|100\/100\n|move|p1a: Jirachi|Iron Head|p2a: Obstagoon\n|-damage|p2a: Obstagoon|69\/100\n|\n|-status|p2a: Obstagoon|brn|[from] item: Flame Orb\n|upkeep\n|turn|8\n|\n|t:|1699651196\n|move|p1a: Jirachi|Drain Punch|p2a: Obstagoon\n|-supereffective|p2a: Obstagoon\n|-damage|p2a: Obstagoon|0 fnt\n|-heal|p1a: Jirachi|86\/100|[from] drain|[of] p2a: Obstagoon\n|faint|p2a: Obstagoon\n|\n|upkeep\n|-message|legendarylando12 forfeited.\n|\n|win|Alexandre195\n|raw|Alexandre195's rating: 1130 &rarr; <strong>1148<\/strong><br \/>(+18 for winning)\n|raw|legendarylando12's rating: 1032 &rarr; <strong>1021<\/strong><br \/>(-11 for losing)\n|l|\u2606legendarylando12\n|j|\u2606legendarylando12\n|player|p2|legendarylando12|palmer\n|l|\u2606legendarylando12\n|player|p2|\n","uploadtime":1699651211,"views":5,"p1id":"alexandre195","p2id":"legendarylando12","formatid":"gen9nationaldexubers","rating":1021,"private":0,"password":""}