{"id":"gen9nationaldexubers-1986543934","p1":"OneDubPlis_CPM","p2":"JackTheWaffleMan","format":"[Gen 9] National Dex Ubers","log":"|j|\u2606OneDubPlis_CPM\n|j|\u2606JackTheWaffleMan\n|t:|1699490192\n|gametype|singles\n|player|p1|OneDubPlis_CPM|cynthia-gen4|\n|player|p2|JackTheWaffleMan|firebreather|\n|teamsize|p1|6\n|teamsize|p2|6\n|gen|9\n|tier|[Gen 9] National Dex Ubers\n|rule|HP Percentage Mod: HP is shown in percentages\n|rule|Endless Battle Clause: Forcing endless battles is banned\n|rule|OHKO Clause: OHKO moves are banned\n|rule|Evasion Moves Clause: Evasion moves are banned\n|rule|Evasion Items Clause: Evasion items are banned\n|rule|Species Clause: Limit one of each Pok\u00e9mon\n|rule|Sleep Clause Mod: Limit one foe put to sleep\n|rule|Mega Rayquaza Clause: You cannot mega evolve Rayquaza\n|clearpoke\n|poke|p1|Sneasler, M|\n|poke|p1|Iron Valiant|\n|poke|p1|Kommo-o, F|\n|poke|p1|Stakataka|\n|poke|p1|Blastoise, F|\n|poke|p1|Xurkitree|\n|poke|p2|Celebi|\n|poke|p2|Darmanitan-Galar, M|\n|poke|p2|Roaring Moon|\n|poke|p2|Zapdos|\n|poke|p2|Gyarados, F|\n|poke|p2|Heatran, M|\n|teampreview\n|j| Chicago Cinderaces\n|\n|t:|1699490292\n|start\n|switch|p1a: Stakataka|Stakataka|100\/100\n|switch|p2a: Darmanitan|Darmanitan-Galar, M|100\/100\n|-item|p1a: Stakataka|Air Balloon\n|turn|1\n|\n|t:|1699490315\n|move|p2a: Darmanitan|U-turn|p1a: Stakataka\n|-resisted|p1a: Stakataka\n|-damage|p1a: Stakataka|95\/100\n|-enditem|p1a: Stakataka|Air Balloon\n|\n|t:|1699490338\n|switch|p2a: Gyarados|Gyarados, F|100\/100|[from] U-turn\n|-ability|p2a: Gyarados|Intimidate|boost\n|-unboost|p1a: Stakataka|atk|1\n|move|p1a: Stakataka|Trick Room|p1a: Stakataka\n|-fieldstart|move: Trick Room|[of] p1a: Stakataka\n|\n|upkeep\n|turn|2\n|\n|t:|1699490445\n|move|p2a: Gyarados|Protect|p2a: Gyarados\n|-singleturn|p2a: Gyarados|Protect\n|move|p1a: Stakataka|Gyro Ball|p2a: Gyarados\n|-activate|p2a: Gyarados|move: Protect\n|\n|upkeep\n|turn|3\n|\n|t:|1699490472\n|switch|p2a: Heatran|Heatran, M|100\/100\n|move|p1a: Stakataka|Gyro Ball|p2a: Heatran\n|-resisted|p2a: Heatran\n|-damage|p2a: Heatran|92\/100\n|\n|upkeep\n|turn|4\n|\n|t:|1699490488\n|move|p1a: Stakataka|Body Press|p2a: Heatran\n|-supereffective|p2a: Heatran\n|-damage|p2a: Heatran|23\/100\n|move|p2a: Heatran|Will-O-Wisp|p1a: Stakataka\n|-status|p1a: Stakataka|brn\n|\n|-damage|p1a: Stakataka|89\/100 brn|[from] brn\n|upkeep\n|turn|5\n|\n|t:|1699490498\n|move|p2a: Heatran|Protect|p2a: Heatran\n|-singleturn|p2a: Heatran|Protect\n|move|p1a: Stakataka|Body Press|p2a: Heatran\n|-activate|p2a: Heatran|move: Protect\n|\n|-damage|p1a: Stakataka|83\/100 brn|[from] brn\n|-fieldend|move: Trick Room\n|upkeep\n|turn|6\n|\n|t:|1699490533\n|-zpower|p2a: Heatran\n|move|p2a: Heatran|Inferno Overdrive|p1a: Stakataka|[zeffect]\n|-damage|p1a: Stakataka|7\/100 brn\n|move|p1a: Stakataka|Body Press|p2a: Heatran\n|-supereffective|p2a: Heatran\n|-damage|p2a: Heatran|0 fnt\n|faint|p2a: Heatran\n|-ability|p1a: Stakataka|Beast Boost|boost\n|-boost|p1a: Stakataka|def|1\n|\n|-damage|p1a: Stakataka|1\/100 brn|[from] brn\n|upkeep\n|\n|t:|1699490560\n|switch|p2a: Gyarados|Gyarados, F|100\/100\n|-ability|p2a: Gyarados|Intimidate|boost\n|-unboost|p1a: Stakataka|atk|1\n|turn|7\n|\n|t:|1699490569\n|move|p2a: Gyarados|Protect|p2a: Gyarados\n|-singleturn|p2a: Gyarados|Protect\n|move|p1a: Stakataka|Body Press|p2a: Gyarados\n|-activate|p2a: Gyarados|move: Protect\n|\n|-damage|p1a: Stakataka|0 fnt|[from] brn\n|faint|p1a: Stakataka\n|upkeep\n|\n|t:|1699490584\n|switch|p1a: Xurkitree|Xurkitree|100\/100\n|turn|8\n|\n|t:|1699490638\n|switch|p2a: Celebi|Celebi|100\/100\n|move|p1a: Xurkitree|Volt Switch|p2a: Celebi\n|-resisted|p2a: Celebi\n|-damage|p2a: Celebi|82\/100\n|\n|t:|1699490701\n|switch|p1a: Sneasler|Sneasler, M, shiny|100\/100|[from] Volt Switch\n|\n|upkeep\n|turn|9\n|\n|t:|1699490727\n|switch|p2a: Gyarados|Gyarados, F|100\/100\n|-ability|p2a: Gyarados|Intimidate|boost\n|-unboost|p1a: Sneasler|atk|1\n|move|p1a: Sneasler|Fake Out|p2a: Gyarados\n|-enditem|p1a: Sneasler|Normal Gem|[from] gem\n|-damage|p2a: Gyarados|88\/100\n|\n|-heal|p2a: Gyarados|94\/100|[from] item: Leftovers\n|upkeep\n|turn|10\n|\n|t:|1699490795\n|switch|p1a: Xurkitree|Xurkitree|100\/100\n|move|p2a: Gyarados|Thunder Wave|p1a: Xurkitree\n|-immune|p1a: Xurkitree\n|\n|-heal|p2a: Gyarados|100\/100|[from] item: Leftovers\n|upkeep\n|turn|11\n|\n|t:|1699490842\n|move|p2a: Gyarados|Protect|p2a: Gyarados\n|-singleturn|p2a: Gyarados|Protect\n|move|p1a: Xurkitree|Thunderbolt|p2a: Gyarados\n|-activate|p2a: Gyarados|move: Protect\n|\n|upkeep\n|turn|12\n|\n|t:|1699490907\n|switch|p1a: Blastoise|Blastoise, F, shiny|100\/100\n|switch|p2a: Roaring Moon|Roaring Moon|100\/100\n|-enditem|p2a: Roaring Moon|Booster Energy\n|-activate|p2a: Roaring Moon|ability: Protosynthesis|[fromitem]\n|-start|p2a: Roaring Moon|protosynthesisspe\n|\n|upkeep\n|turn|13\n|\n|t:|1699490998\n|move|p2a: Roaring Moon|Knock Off|p1a: Blastoise\n|-damage|p1a: Blastoise|41\/100\n|-enditem|p1a: Blastoise|White Herb|[from] move: Knock Off|[of] p2a: Roaring Moon\n|move|p1a: Blastoise|Ice Beam|p2a: Roaring Moon\n|-supereffective|p2a: Roaring Moon\n|-damage|p2a: Roaring Moon|49\/100\n|\n|upkeep\n|turn|14\n|c|\u2606OneDubPlis_CPM|weaknesses!roaring moon\n|c|\u2606OneDubPlis_CPM|weakness! roaring moon\n|c|\u2606OneDubPlis_CPM|weaknesses! roaring moon\n|c|\u2606OneDubPlis_CPM|whatever\n|c| Chicago Cinderaces|the ! first charlie\n|\n|t:|1699491069\n|-terastallize|p1a: Blastoise|Dragon\n|move|p2a: Roaring Moon|Dragon Claw|p1a: Blastoise\n|-supereffective|p1a: Blastoise\n|-damage|p1a: Blastoise|0 fnt\n|faint|p1a: Blastoise\n|\n|upkeep\n|\n|t:|1699491148\n|switch|p1a: Sneasler|Sneasler, M, shiny|100\/100\n|turn|15\n|c|\u2606JackTheWaffleMan|weaknesses! sneasler\n|c|\u2606JackTheWaffleMan|!weaknesses sneasler\n|c| JackTheWaffleMan|\/raw <div class=\"infobox\">Sneasler (ignoring abilities):<br \/><span class=\"message-effect-weak\">Weaknesses<\/span>: Flying, Ground, <b>Psychic<\/b><br \/><span class=\"message-effect-resist\">Resistances<\/span>: <b>Bug<\/b>, Dark, Fighting, Grass, Poison, Rock<br \/><span class=\"message-effect-immune\">Immunities<\/span>: Toxic<\/div>\n|\n|t:|1699491316\n|-end|p2a: Roaring Moon|Protosynthesis|[silent]\n|switch|p2a: Gyarados|Gyarados, F|100\/100\n|-ability|p2a: Gyarados|Intimidate|boost\n|-unboost|p1a: Sneasler|atk|1\n|move|p1a: Sneasler|Fake Out|p2a: Gyarados\n|-damage|p2a: Gyarados|91\/100\n|\n|-heal|p2a: Gyarados|97\/100|[from] item: Leftovers\n|upkeep\n|turn|16\n|\n|t:|1699491361\n|switch|p1a: Kommo-o|Kommo-o, F|100\/100\n|move|p2a: Gyarados|Thunder Wave|p1a: Kommo-o\n|-status|p1a: Kommo-o|par\n|\n|-heal|p2a: Gyarados|100\/100|[from] item: Leftovers\n|upkeep\n|turn|17\n|c|\u2606JackTheWaffleMan|!weaknesses Kommo-o\n|c| JackTheWaffleMan|\/raw <div class=\"infobox\">Kommo-o (ignoring abilities):<br \/><span class=\"message-effect-weak\">Weaknesses<\/span>: Dragon, <b>Fairy<\/b>, Flying, Ice, Psychic<br \/><span class=\"message-effect-resist\">Resistances<\/span>: Bug, Dark, Electric, Fire, Grass, Rock, Water<br \/><span class=\"message-effect-immune\">Immunities<\/span>: <font color=#999999>None<\/font><\/div>\n|\n|t:|1699491405\n|switch|p2a: Darmanitan|Darmanitan-Galar, M|100\/100\n|switch|p1a: Xurkitree|Xurkitree|100\/100\n|\n|upkeep\n|turn|18\n|\n|t:|1699491450\n|move|p2a: Darmanitan|Earthquake|p1a: Xurkitree\n|-supereffective|p1a: Xurkitree\n|-damage|p1a: Xurkitree|1\/100\n|move|p1a: Xurkitree|Volt Switch|p2a: Darmanitan\n|-damage|p2a: Darmanitan|35\/100\n|\n|t:|1699491461\n|switch|p1a: Sneasler|Sneasler, M, shiny|100\/100|[from] Volt Switch\n|\n|-formechange|p2a: Darmanitan|Darmanitan-Galar-Zen|\n|upkeep\n|turn|19\n|\n|t:|1699491515\n|-formechange|p2a: Darmanitan|Darmanitan-Galar|[silent]|[from] ability: Zen Mode\n|switch|p2a: Gyarados|Gyarados, F|100\/100\n|-ability|p2a: Gyarados|Intimidate|boost\n|-unboost|p1a: Sneasler|atk|1\n|move|p1a: Sneasler|Dire Claw|p2a: Gyarados\n|-damage|p2a: Gyarados|72\/100\n|-status|p2a: Gyarados|par\n|\n|-heal|p2a: Gyarados|78\/100 par|[from] item: Leftovers\n|upkeep\n|turn|20\n|\n|t:|1699491596\n|switch|p1a: Xurkitree|Xurkitree|1\/100\n|switch|p2a: Zapdos|Zapdos|100\/100\n|\n|upkeep\n|turn|21\n|\n|t:|1699491620\n|move|p1a: Xurkitree|Hidden Power|p2a: Zapdos\n|-supereffective|p2a: Zapdos\n|-damage|p2a: Zapdos|52\/100\n|move|p2a: Zapdos|Thunderbolt|p1a: Xurkitree\n|-resisted|p1a: Xurkitree\n|-damage|p1a: Xurkitree|0 fnt\n|faint|p1a: Xurkitree\n|\n|upkeep\n|\n|t:|1699491666\n|switch|p1a: Kommo-o|Kommo-o, F|100\/100 par\n|turn|22\n|\n|t:|1699491710\n|switch|p2a: Darmanitan|Darmanitan-Galar, M|35\/100\n|cant|p1a: Kommo-o|par\n|\n|-formechange|p2a: Darmanitan|Darmanitan-Galar-Zen|\n|upkeep\n|turn|23\n|\n|t:|1699491725\n|move|p2a: Darmanitan|Icicle Crash|p1a: Kommo-o\n|-supereffective|p1a: Kommo-o\n|-damage|p1a: Kommo-o|2\/100 par\n|-zpower|p1a: Kommo-o\n|move|p1a: Kommo-o|Clangorous Soulblaze|p2a: Darmanitan|[zeffect]\n|-damage|p2a: Darmanitan|0 fnt\n|faint|p2a: Darmanitan\n|-boost|p1a: Kommo-o|atk|1\n|-boost|p1a: Kommo-o|def|1\n|-boost|p1a: Kommo-o|spa|1\n|-boost|p1a: Kommo-o|spd|1\n|-boost|p1a: Kommo-o|spe|1\n|\n|upkeep\n|\n|t:|1699491804\n|switch|p2a: Celebi|Celebi|82\/100\n|turn|24\n|\n|t:|1699491822\n|move|p2a: Celebi|Giga Drain|p1a: Kommo-o\n|-resisted|p1a: Kommo-o\n|-damage|p1a: Kommo-o|0 fnt\n|-heal|p2a: Celebi|83\/100|[from] drain|[of] p1a: Kommo-o\n|faint|p1a: Kommo-o\n|\n|upkeep\n|\n|t:|1699491837\n|switch|p1a: Iron Valiant|Iron Valiant, shiny|100\/100\n|turn|25\n|c|\u2606JackTheWaffleMan|!weaknesses Iron Valiant\n|c| JackTheWaffleMan|\/raw <div class=\"infobox\">Iron Valiant (ignoring abilities):<br \/><span class=\"message-effect-weak\">Weaknesses<\/span>: Fairy, Flying, Poison, Psychic, Steel<br \/><span class=\"message-effect-resist\">Resistances<\/span>: <b>Bug<\/b>, <b>Dark<\/b>, Fighting, Rock<br \/><span class=\"message-effect-immune\">Immunities<\/span>: Dragon<\/div>\n|\n|t:|1699492024\n|move|p1a: Iron Valiant|Thunder Punch|p2a: Celebi\n|-resisted|p2a: Celebi\n|-damage|p2a: Celebi|67\/100\n|-damage|p1a: Iron Valiant|91\/100|[from] item: Life Orb\n|move|p2a: Celebi|Psychic|p1a: Iron Valiant\n|-supereffective|p1a: Iron Valiant\n|-damage|p1a: Iron Valiant|0 fnt\n|faint|p1a: Iron Valiant\n|-end|p1a: Iron Valiant|Quark Drive|[silent]\n|\n|upkeep\n|\n|t:|1699492032\n|switch|p1a: Sneasler|Sneasler, M, shiny|100\/100\n|turn|26\n|\n|t:|1699492051\n|switch|p2a: Gyarados|Gyarados, F|78\/100 par\n|-ability|p2a: Gyarados|Intimidate|boost\n|-unboost|p1a: Sneasler|atk|1\n|move|p1a: Sneasler|Acrobatics|p2a: Gyarados\n|-damage|p2a: Gyarados|52\/100 par\n|\n|-heal|p2a: Gyarados|58\/100 par|[from] item: Leftovers\n|upkeep\n|turn|27\n|\n|t:|1699492064\n|move|p1a: Sneasler|Close Combat|p2a: Gyarados\n|-resisted|p2a: Gyarados\n|-damage|p2a: Gyarados|35\/100 par\n|-unboost|p1a: Sneasler|def|1\n|-unboost|p1a: Sneasler|spd|1\n|cant|p2a: Gyarados|par\n|\n|-heal|p2a: Gyarados|41\/100 par|[from] item: Leftovers\n|upkeep\n|turn|28\n|c|\u2606OneDubPlis_CPM|END IT\n|\n|t:|1699492082\n|move|p1a: Sneasler|Dire Claw|p2a: Gyarados\n|-damage|p2a: Gyarados|11\/100 par\n|move|p2a: Gyarados|Thunder Wave|p1a: Sneasler\n|-status|p1a: Sneasler|par\n|\n|-heal|p2a: Gyarados|18\/100 par|[from] item: Leftovers\n|upkeep\n|turn|29\n|c|\u2606OneDubPlis_CPM|PLEASE\n|\n|t:|1699492126\n|switch|p2a: Celebi|Celebi|67\/100\n|move|p1a: Sneasler|Dire Claw|p2a: Celebi\n|-supereffective|p2a: Celebi\n|-damage|p2a: Celebi|14\/100\n|-status|p2a: Celebi|psn\n|-enditem|p2a: Celebi|Sitrus Berry|[eat]\n|-heal|p2a: Celebi|39\/100 psn|[from] item: Sitrus Berry\n|\n|-damage|p2a: Celebi|27\/100 psn|[from] psn\n|upkeep\n|turn|30\n|\n|t:|1699492151\n|move|p2a: Celebi|Psychic|p1a: Sneasler\n|-supereffective|p1a: Sneasler\n|-damage|p1a: Sneasler|0 fnt\n|faint|p1a: Sneasler\n|\n|win|JackTheWaffleMan\n","uploadtime":1699492158,"views":22,"p1id":"onedubpliscpm","p2id":"jackthewaffleman","formatid":"gen9nationaldexubers","rating":0,"private":0,"password":""}