{"id":"gen9nationaldexubers-1995208429","p1":"Albdragon227","p2":"Themewhenthe","format":"[Gen 9] National Dex Ubers","log":"|j|\u2606Albdragon227\n|j|\u2606Themewhenthe\n|t:|1700534789\n|gametype|singles\n|player|p1|Albdragon227|pokemonranger-gen4|1292\n|player|p2|Themewhenthe|pokekid|1193\n|teamsize|p1|6\n|teamsize|p2|6\n|gen|9\n|tier|[Gen 9] National Dex Ubers\n|rated|\n|rule|HP Percentage Mod: HP is shown in percentages\n|rule|Endless Battle Clause: Forcing endless battles is banned\n|rule|OHKO Clause: OHKO moves are banned\n|rule|Evasion Moves Clause: Evasion moves are banned\n|rule|Evasion Items Clause: Evasion items are banned\n|rule|Species Clause: Limit one of each Pok\u00e9mon\n|rule|Sleep Clause Mod: Limit one foe put to sleep\n|rule|Mega Rayquaza Clause: You cannot mega evolve Rayquaza\n|clearpoke\n|poke|p1|Galvantula, F|\n|poke|p1|Yveltal|\n|poke|p1|Kyogre|\n|poke|p1|Darkrai|\n|poke|p1|Mewtwo|\n|poke|p1|Arceus-Ground|\n|poke|p2|Necrozma-Dawn-Wings|\n|poke|p2|Roaring Moon|\n|poke|p2|Ursaluna-Bloodmoon, M|\n|poke|p2|Cresselia, F|\n|poke|p2|Umbreon, F|\n|poke|p2|Clefable, M|\n|teampreview\n|inactive|Battle timer is ON: inactive players will automatically lose when time's up. (requested by Themewhenthe)\n|c|\u2606Themewhenthe|Glhf\n|\n|t:|1700534814\n|start\n|switch|p1a: Galvantula|Galvantula, F, shiny|100\/100\n|switch|p2a: Roaring Moon|Roaring Moon|100\/100\n|-enditem|p2a: Roaring Moon|Booster Energy\n|-activate|p2a: Roaring Moon|ability: Protosynthesis|[fromitem]\n|-start|p2a: Roaring Moon|protosynthesisatk\n|turn|1\n|\n|t:|1700534818\n|move|p1a: Galvantula|Sticky Web|p2a: Roaring Moon\n|-sidestart|p2: Themewhenthe|move: Sticky Web\n|move|p2a: Roaring Moon|Dragon Dance|p2a: Roaring Moon\n|-boost|p2a: Roaring Moon|atk|1\n|-boost|p2a: Roaring Moon|spe|1\n|\n|upkeep\n|turn|2\n|\n|t:|1700534823\n|move|p2a: Roaring Moon|Knock Off|p1a: Galvantula\n|-enditem|p1a: Galvantula|Focus Sash\n|-damage|p1a: Galvantula|1\/100\n|move|p1a: Galvantula|Thunder Wave|p2a: Roaring Moon\n|-status|p2a: Roaring Moon|par\n|\n|upkeep\n|turn|3\n|\n|t:|1700534828\n|move|p1a: Galvantula|String Shot|p2a: Roaring Moon\n|-unboost|p2a: Roaring Moon|spe|2\n|cant|p2a: Roaring Moon|par\n|\n|upkeep\n|turn|4\n|\n|t:|1700534832\n|move|p1a: Galvantula|Thunder|p2a: Roaring Moon\n|-resisted|p2a: Roaring Moon\n|-crit|p2a: Roaring Moon\n|-damage|p2a: Roaring Moon|67\/100 par\n|move|p2a: Roaring Moon|Dragon Dance|p2a: Roaring Moon\n|-boost|p2a: Roaring Moon|atk|1\n|-boost|p2a: Roaring Moon|spe|1\n|\n|upkeep\n|turn|5\n|\n|t:|1700534837\n|move|p1a: Galvantula|String Shot|p2a: Roaring Moon\n|-unboost|p2a: Roaring Moon|spe|2\n|move|p2a: Roaring Moon|Dragon Dance|p2a: Roaring Moon\n|-boost|p2a: Roaring Moon|atk|1\n|-boost|p2a: Roaring Moon|spe|1\n|\n|upkeep\n|turn|6\n|\n|t:|1700534841\n|move|p1a: Galvantula|Thunder|p2a: Roaring Moon\n|-resisted|p2a: Roaring Moon\n|-damage|p2a: Roaring Moon|44\/100 par\n|move|p2a: Roaring Moon|Earthquake|p1a: Galvantula\n|-damage|p1a: Galvantula|0 fnt\n|faint|p1a: Galvantula\n|\n|upkeep\n|\n|t:|1700534855\n|switch|p1a: Kyogre|Kyogre, shiny|100\/100\n|detailschange|p1a: Kyogre|Kyogre-Primal, shiny\n|-primal|p1a: Kyogre|Blue Orb\n|-weather|PrimordialSea|[from] ability: Primordial Sea|[of] p1a: Kyogre\n|turn|7\n|\n|t:|1700534859\n|move|p1a: Kyogre|Calm Mind|p1a: Kyogre\n|-boost|p1a: Kyogre|spa|1\n|-boost|p1a: Kyogre|spd|1\n|cant|p2a: Roaring Moon|par\n|\n|-weather|PrimordialSea|[upkeep]\n|upkeep\n|turn|8\n|\n|t:|1700534866\n|move|p1a: Kyogre|Calm Mind|p1a: Kyogre\n|-boost|p1a: Kyogre|spa|1\n|-boost|p1a: Kyogre|spd|1\n|move|p2a: Roaring Moon|Knock Off|p1a: Kyogre\n|-damage|p1a: Kyogre|0 fnt\n|faint|p1a: Kyogre\n|-weather|none\n|\n|upkeep\n|\n|t:|1700534878\n|switch|p1a: Arceus|Arceus-Ground, shiny|100\/100\n|turn|9\n|\n|t:|1700534882\n|move|p1a: Arceus|Ice Beam|p2a: Roaring Moon\n|-supereffective|p2a: Roaring Moon\n|-damage|p2a: Roaring Moon|0 fnt\n|faint|p2a: Roaring Moon\n|-end|p2a: Roaring Moon|Protosynthesis|[silent]\n|\n|upkeep\n|\n|t:|1700534890\n|switch|p2a: Umbreon|Umbreon, F|100\/100\n|-activate|p2a: Umbreon|move: Sticky Web\n|-unboost|p2a: Umbreon|spe|1\n|turn|10\n|\n|t:|1700534895\n|move|p1a: Arceus|Calm Mind|p1a: Arceus\n|-boost|p1a: Arceus|spa|1\n|-boost|p1a: Arceus|spd|1\n|move|p2a: Umbreon|Toxic|p1a: Arceus\n|-status|p1a: Arceus|tox\n|\n|-damage|p1a: Arceus|94\/100 tox|[from] psn\n|upkeep\n|turn|11\n|\n|t:|1700534901\n|move|p1a: Arceus|Calm Mind|p1a: Arceus\n|-boost|p1a: Arceus|spa|1\n|-boost|p1a: Arceus|spd|1\n|move|p2a: Umbreon|Wish|p2a: Umbreon\n|\n|-damage|p1a: Arceus|82\/100 tox|[from] psn\n|upkeep\n|turn|12\n|\n|t:|1700534905\n|move|p1a: Arceus|Judgment|p2a: Umbreon\n|-damage|p2a: Umbreon|13\/100\n|move|p2a: Umbreon|Foul Play|p1a: Arceus\n|-damage|p1a: Arceus|59\/100 tox\n|\n|-heal|p2a: Umbreon|63\/100|[from] move: Wish|[wisher] Umbreon\n|-heal|p2a: Umbreon|70\/100|[from] item: Leftovers\n|-damage|p1a: Arceus|40\/100 tox|[from] psn\n|upkeep\n|turn|13\n|\n|t:|1700534911\n|move|p2a: Umbreon|Protect|p2a: Umbreon\n|-singleturn|p2a: Umbreon|Protect\n|move|p1a: Arceus|Recover|p1a: Arceus\n|-heal|p1a: Arceus|91\/100 tox\n|\n|-heal|p2a: Umbreon|76\/100|[from] item: Leftovers\n|-damage|p1a: Arceus|66\/100 tox|[from] psn\n|upkeep\n|turn|14\n|\n|t:|1700534913\n|move|p1a: Arceus|Judgment|p2a: Umbreon\n|-damage|p2a: Umbreon|0 fnt\n|faint|p2a: Umbreon\n|\n|-damage|p1a: Arceus|36\/100 tox|[from] psn\n|upkeep\n|\n|t:|1700534918\n|switch|p2a: Cresselia|Cresselia, F|100\/100\n|turn|15\n|\n|t:|1700534921\n|move|p2a: Cresselia|Protect|p2a: Cresselia\n|-singleturn|p2a: Cresselia|Protect\n|move|p1a: Arceus|Recover|p1a: Arceus\n|-heal|p1a: Arceus|86\/100 tox\n|\n|-damage|p1a: Arceus|50\/100 tox|[from] psn\n|upkeep\n|turn|16\n|\n|t:|1700534934\n|move|p1a: Arceus|Judgment|p2a: Cresselia\n|-immune|p2a: Cresselia|[from] ability: Levitate\n|move|p2a: Cresselia|Moonlight|p2a: Cresselia\n|-fail|p2a: Cresselia|heal\n|\n|-damage|p1a: Arceus|8\/100 tox|[from] psn\n|upkeep\n|turn|17\n|\n|t:|1700534940\n|move|p1a: Arceus|Ice Beam|p2a: Cresselia\n|-damage|p2a: Cresselia|71\/100\n|move|p2a: Cresselia|Moonblast|p1a: Arceus\n|-damage|p1a: Arceus|2\/100 tox\n|\n|-heal|p2a: Cresselia|77\/100|[from] item: Leftovers\n|-damage|p1a: Arceus|0 fnt|[from] psn\n|faint|p1a: Arceus\n|upkeep\n|\n|t:|1700534945\n|switch|p1a: Yveltal|Yveltal, shiny|100\/100\n|-ability|p1a: Yveltal|Dark Aura\n|turn|18\n|\n|t:|1700534952\n|move|p1a: Yveltal|Taunt|p2a: Cresselia\n|-start|p2a: Cresselia|move: Taunt\n|cant|p2a: Cresselia|move: Taunt|Thunder Wave\n|\n|-heal|p2a: Cresselia|83\/100|[from] item: Leftovers\n|upkeep\n|turn|19\n|\n|t:|1700534957\n|move|p1a: Yveltal|Sucker Punch|p2a: Cresselia\n|-supereffective|p2a: Cresselia\n|-damage|p2a: Cresselia|16\/100\n|-damage|p1a: Yveltal|91\/100|[from] item: Life Orb\n|move|p2a: Cresselia|Moonblast|p1a: Yveltal\n|-supereffective|p1a: Yveltal\n|-damage|p1a: Yveltal|60\/100\n|\n|-heal|p2a: Cresselia|22\/100|[from] item: Leftovers\n|upkeep\n|turn|20\n|\n|t:|1700534962\n|switch|p2a: Clefable|Clefable, M|100\/100\n|-activate|p2a: Clefable|move: Sticky Web\n|-unboost|p2a: Clefable|spe|1\n|move|p1a: Yveltal|Sucker Punch||[still]\n|-fail|p1a: Yveltal\n|\n|upkeep\n|turn|21\n|\n|t:|1700534966\n|move|p1a: Yveltal|Taunt|p2a: Clefable\n|-start|p2a: Clefable|move: Taunt\n|move|p2a: Clefable|Moonblast|p1a: Yveltal\n|-supereffective|p1a: Yveltal\n|-damage|p1a: Yveltal|9\/100\n|\n|upkeep\n|turn|22\n|\n|t:|1700534973\n|move|p1a: Yveltal|Oblivion Wing|p2a: Clefable\n|-damage|p2a: Clefable|52\/100\n|-heal|p1a: Yveltal|46\/100|[from] drain|[of] p2a: Clefable\n|-damage|p1a: Yveltal|36\/100|[from] item: Life Orb\n|move|p2a: Clefable|Moonblast|p1a: Yveltal\n|-supereffective|p1a: Yveltal\n|-damage|p1a: Yveltal|0 fnt\n|faint|p1a: Yveltal\n|\n|-heal|p2a: Clefable|58\/100|[from] item: Leftovers\n|upkeep\n|\n|t:|1700534980\n|switch|p1a: Mewtwo|Mewtwo, shiny|100\/100\n|-ability|p1a: Mewtwo|Pressure\n|turn|23\n|\n|t:|1700534984\n|detailschange|p1a: Mewtwo|Mewtwo-Mega-Y, shiny\n|-mega|p1a: Mewtwo|Mewtwo|Mewtwonite Y\n|move|p1a: Mewtwo|Calm Mind|p1a: Mewtwo\n|-boost|p1a: Mewtwo|spa|1\n|-boost|p1a: Mewtwo|spd|1\n|move|p2a: Clefable|Knock Off|p1a: Mewtwo\n|-supereffective|p1a: Mewtwo\n|-damage|p1a: Mewtwo|73\/100\n|\n|-heal|p2a: Clefable|64\/100|[from] item: Leftovers\n|-end|p2a: Clefable|move: Taunt\n|upkeep\n|turn|24\n|\n|t:|1700534989\n|move|p1a: Mewtwo|Calm Mind|p1a: Mewtwo\n|-boost|p1a: Mewtwo|spa|1\n|-boost|p1a: Mewtwo|spd|1\n|move|p2a: Clefable|Thunder Wave|p1a: Mewtwo\n|-status|p1a: Mewtwo|par\n|\n|-heal|p2a: Clefable|70\/100|[from] item: Leftovers\n|upkeep\n|turn|25\n|\n|t:|1700534993\n|move|p1a: Mewtwo|Calm Mind|p1a: Mewtwo\n|-boost|p1a: Mewtwo|spa|1\n|-boost|p1a: Mewtwo|spd|1\n|move|p2a: Clefable|Knock Off|p1a: Mewtwo\n|-supereffective|p1a: Mewtwo\n|-damage|p1a: Mewtwo|43\/100 par\n|\n|-heal|p2a: Clefable|76\/100|[from] item: Leftovers\n|upkeep\n|turn|26\n|\n|t:|1700534997\n|cant|p1a: Mewtwo|par\n|move|p2a: Clefable|Knock Off|p1a: Mewtwo\n|-supereffective|p1a: Mewtwo\n|-damage|p1a: Mewtwo|12\/100 par\n|\n|-heal|p2a: Clefable|82\/100|[from] item: Leftovers\n|upkeep\n|turn|27\n|\n|t:|1700535000\n|cant|p1a: Mewtwo|par\n|move|p2a: Clefable|Knock Off|p1a: Mewtwo\n|-supereffective|p1a: Mewtwo\n|-damage|p1a: Mewtwo|0 fnt\n|faint|p1a: Mewtwo\n|\n|-heal|p2a: Clefable|88\/100|[from] item: Leftovers\n|upkeep\n|\n|t:|1700535002\n|switch|p1a: Darkrai|Darkrai, shiny|100\/100\n|turn|28\n|\n|t:|1700535006\n|-terastallize|p1a: Darkrai|Fairy\n|move|p1a: Darkrai|Hypnosis|p2a: Clefable|[miss]\n|-miss|p1a: Darkrai|p2a: Clefable\n|move|p2a: Clefable|Thunder Wave|p1a: Darkrai\n|-status|p1a: Darkrai|par\n|\n|-heal|p2a: Clefable|94\/100|[from] item: Leftovers\n|upkeep\n|turn|29\n|\n|t:|1700535013\n|move|p1a: Darkrai|Calm Mind|p1a: Darkrai\n|-boost|p1a: Darkrai|spa|1\n|-boost|p1a: Darkrai|spd|1\n|move|p2a: Clefable|Moonblast|p1a: Darkrai\n|-damage|p1a: Darkrai|71\/100 par\n|-unboost|p1a: Darkrai|spa|1\n|\n|-heal|p2a: Clefable|100\/100|[from] item: Leftovers\n|upkeep\n|turn|30\n|\n|t:|1700535015\n|move|p1a: Darkrai|Calm Mind|p1a: Darkrai\n|-boost|p1a: Darkrai|spa|1\n|-boost|p1a: Darkrai|spd|1\n|move|p2a: Clefable|Moonblast|p1a: Darkrai\n|-damage|p1a: Darkrai|50\/100 par\n|\n|upkeep\n|turn|31\n|\n|t:|1700535022\n|move|p1a: Darkrai|Dark Pulse|p2a: Clefable\n|-resisted|p2a: Clefable\n|-damage|p2a: Clefable|72\/100\n|move|p2a: Clefable|Knock Off|p1a: Darkrai\n|-resisted|p1a: Darkrai\n|-damage|p1a: Darkrai|38\/100 par\n|-enditem|p1a: Darkrai|Zoom Lens|[from] move: Knock Off|[of] p2a: Clefable\n|\n|-heal|p2a: Clefable|78\/100|[from] item: Leftovers\n|upkeep\n|turn|32\n|\n|t:|1700535026\n|cant|p1a: Darkrai|par\n|move|p2a: Clefable|Moonblast|p1a: Darkrai\n|-damage|p1a: Darkrai|17\/100 par\n|\n|-heal|p2a: Clefable|84\/100|[from] item: Leftovers\n|upkeep\n|turn|33\n|\n|t:|1700535028\n|move|p1a: Darkrai|Hypnosis|p2a: Clefable\n|-status|p2a: Clefable|slp|[from] move: Hypnosis\n|cant|p2a: Clefable|slp\n|\n|-heal|p2a: Clefable|90\/100 slp|[from] item: Leftovers\n|-activate|p1a: Darkrai|ability: Bad Dreams\n|upkeep\n|turn|34\n|\n|t:|1700535030\n|move|p1a: Darkrai|Dream Eater|p2a: Clefable\n|-damage|p2a: Clefable|38\/100 slp\n|-heal|p1a: Darkrai|54\/100 par|[from] drain|[of] p2a: Clefable\n|-curestatus|p2a: Clefable|slp|[msg]\n|move|p2a: Clefable|Moonblast|p1a: Darkrai\n|-damage|p1a: Darkrai|33\/100 par\n|\n|-heal|p2a: Clefable|44\/100|[from] item: Leftovers\n|upkeep\n|turn|35\n|\n|t:|1700535035\n|move|p1a: Darkrai|Hypnosis|p2a: Clefable|[miss]\n|-miss|p1a: Darkrai|p2a: Clefable\n|move|p2a: Clefable|Moonblast|p1a: Darkrai\n|-damage|p1a: Darkrai|14\/100 par\n|-unboost|p1a: Darkrai|spa|1\n|\n|-heal|p2a: Clefable|50\/100|[from] item: Leftovers\n|upkeep\n|turn|36\n|\n|t:|1700535039\n|move|p1a: Darkrai|Hypnosis|p2a: Clefable\n|-status|p2a: Clefable|slp|[from] move: Hypnosis\n|cant|p2a: Clefable|slp\n|\n|-heal|p2a: Clefable|57\/100 slp|[from] item: Leftovers\n|-activate|p1a: Darkrai|ability: Bad Dreams\n|upkeep\n|turn|37\n|\n|t:|1700535042\n|move|p1a: Darkrai|Dream Eater|p2a: Clefable\n|-damage|p2a: Clefable|21\/100 slp\n|-heal|p1a: Darkrai|39\/100 par|[from] drain|[of] p2a: Clefable\n|-curestatus|p2a: Clefable|slp|[msg]\n|move|p2a: Clefable|Soft-Boiled|p2a: Clefable\n|-heal|p2a: Clefable|71\/100\n|\n|-heal|p2a: Clefable|77\/100|[from] item: Leftovers\n|upkeep\n|turn|38\n|\n|t:|1700535046\n|move|p1a: Darkrai|Dark Pulse|p2a: Clefable\n|-resisted|p2a: Clefable\n|-damage|p2a: Clefable|55\/100\n|move|p2a: Clefable|Soft-Boiled|p2a: Clefable\n|-heal|p2a: Clefable|100\/100\n|\n|upkeep\n|turn|39\n|\n|t:|1700535055\n|move|p1a: Darkrai|Hypnosis|p2a: Clefable\n|-status|p2a: Clefable|slp|[from] move: Hypnosis\n|cant|p2a: Clefable|slp\n|\n|-activate|p1a: Darkrai|ability: Bad Dreams\n|upkeep\n|turn|40\n|\n|t:|1700535063\n|move|p1a: Darkrai|Dream Eater|p2a: Clefable\n|-damage|p2a: Clefable|67\/100 slp\n|-heal|p1a: Darkrai|62\/100 par|[from] drain|[of] p2a: Clefable\n|cant|p2a: Clefable|slp\n|\n|-heal|p2a: Clefable|73\/100 slp|[from] item: Leftovers\n|-activate|p1a: Darkrai|ability: Bad Dreams\n|upkeep\n|turn|41\n|\n|t:|1700535068\n|move|p1a: Darkrai|Dream Eater|p2a: Clefable\n|-damage|p2a: Clefable|42\/100 slp\n|-heal|p1a: Darkrai|85\/100 par|[from] drain|[of] p2a: Clefable\n|-curestatus|p2a: Clefable|slp|[msg]\n|move|p2a: Clefable|Moonblast|p1a: Darkrai\n|-damage|p1a: Darkrai|62\/100 par\n|\n|-heal|p2a: Clefable|48\/100|[from] item: Leftovers\n|upkeep\n|turn|42\n|\n|t:|1700535072\n|move|p1a: Darkrai|Calm Mind|p1a: Darkrai\n|-boost|p1a: Darkrai|spa|1\n|-boost|p1a: Darkrai|spd|1\n|move|p2a: Clefable|Moonblast|p1a: Darkrai\n|-damage|p1a: Darkrai|46\/100 par\n|\n|-heal|p2a: Clefable|54\/100|[from] item: Leftovers\n|upkeep\n|turn|43\n|\n|t:|1700535079\n|cant|p1a: Darkrai|par\n|move|p2a: Clefable|Moonblast|p1a: Darkrai\n|-damage|p1a: Darkrai|30\/100 par\n|-unboost|p1a: Darkrai|spa|1\n|\n|-heal|p2a: Clefable|60\/100|[from] item: Leftovers\n|upkeep\n|turn|44\n|\n|t:|1700535082\n|move|p1a: Darkrai|Hypnosis|p2a: Clefable|[miss]\n|-miss|p1a: Darkrai|p2a: Clefable\n|move|p2a: Clefable|Moonblast|p1a: Darkrai\n|-damage|p1a: Darkrai|12\/100 par\n|\n|-heal|p2a: Clefable|66\/100|[from] item: Leftovers\n|upkeep\n|turn|45\n|\n|t:|1700535084\n|move|p1a: Darkrai|Hypnosis|p2a: Clefable|[miss]\n|-miss|p1a: Darkrai|p2a: Clefable\n|move|p2a: Clefable|Moonblast|p1a: Darkrai\n|-damage|p1a: Darkrai|0 fnt\n|faint|p1a: Darkrai\n|\n|win|Themewhenthe\n|raw|Albdragon227's rating: 1292 &rarr; <strong>1260<\/strong><br \/>(-32 for losing)\n|raw|Themewhenthe's rating: 1193 &rarr; <strong>1225<\/strong><br \/>(+32 for winning)\n|l|\u2606Albdragon227\n|c|\u2606Themewhenthe|gg\n","uploadtime":1700535090,"views":1,"p1id":"albdragon227","p2id":"themewhenthe","formatid":"gen9nationaldexubers","rating":1225,"private":0,"password":""}