{"id":"gen9nationaldexubers-1978240721","p1":"yzeetgnuy","p2":"sis i won LOL","format":"[Gen 9] National Dex Ubers","log":"|j|\u2606yzeetgnuy\n|j|\u2606sis i won LOL\n|t:|1698516090\n|gametype|singles\n|player|p1|yzeetgnuy|burglar|1000\n|player|p2|sis i won LOL|bellelba|1118\n|teamsize|p1|6\n|teamsize|p2|6\n|gen|9\n|tier|[Gen 9] National Dex Ubers\n|rated|\n|rule|HP Percentage Mod: HP is shown in percentages\n|rule|Endless Battle Clause: Forcing endless battles is banned\n|rule|OHKO Clause: OHKO moves are banned\n|rule|Evasion Moves Clause: Evasion moves are banned\n|rule|Evasion Items Clause: Evasion items are banned\n|rule|Species Clause: Limit one of each Pok\u00e9mon\n|rule|Sleep Clause Mod: Limit one foe put to sleep\n|rule|Mega Rayquaza Clause: You cannot mega evolve Rayquaza\n|clearpoke\n|poke|p1|Dialga|\n|poke|p1|Wyrdeer, M|\n|poke|p1|Tapu Koko|\n|poke|p1|Cloyster, M|\n|poke|p1|Accelgor, F|\n|poke|p1|Arboliva, M|\n|poke|p2|Salazzle, F|\n|poke|p2|Togedemaru, M|\n|poke|p2|Kommo-o, M|\n|poke|p2|Araquanid, F|\n|poke|p2|Dhelmise|\n|poke|p2|Mudsdale, F|\n|teampreview\n|inactive|Battle timer is ON: inactive players will automatically lose when time's up. (requested by sis i won LOL)\n|\n|t:|1698516100\n|start\n|switch|p1a: Arboliva|Arboliva, M|100\/100\n|switch|p2a: Purple Nurple|Araquanid, F, shiny|100\/100\n|turn|1\n|\n|t:|1698516112\n|move|p2a: Purple Nurple|Sticky Web|p1a: Arboliva\n|-sidestart|p1: yzeetgnuy|move: Sticky Web\n|move|p1a: Arboliva|Substitute|p1a: Arboliva\n|-start|p1a: Arboliva|Substitute\n|-damage|p1a: Arboliva|76\/100\n|\n|-heal|p1a: Arboliva|82\/100|[from] item: Leftovers\n|upkeep\n|turn|2\n|\n|t:|1698516120\n|move|p2a: Purple Nurple|Leech Life|p1a: Arboliva\n|-supereffective|p1a: Arboliva\n|-end|p1a: Arboliva|Substitute\n|move|p1a: Arboliva|Leech Seed|p2a: Purple Nurple\n|-start|p2a: Purple Nurple|move: Leech Seed\n|\n|-heal|p1a: Arboliva|88\/100|[from] item: Leftovers\n|-damage|p2a: Purple Nurple|88\/100|[from] Leech Seed|[of] p1a: Arboliva\n|-heal|p1a: Arboliva|99\/100|[silent]\n|upkeep\n|turn|3\n|\n|t:|1698516133\n|move|p2a: Purple Nurple|Leech Life|p1a: Arboliva\n|-supereffective|p1a: Arboliva\n|-damage|p1a: Arboliva|56\/100\n|-heal|p2a: Purple Nurple|100\/100|[from] drain|[of] p1a: Arboliva\n|-fieldstart|move: Grassy Terrain|[from] ability: Seed Sower|[of] p1a: Arboliva\n|move|p1a: Arboliva|Strength Sap|p2a: Purple Nurple\n|-unboost|p2a: Purple Nurple|atk|1\n|-heal|p1a: Arboliva|100\/100\n|\n|-damage|p2a: Purple Nurple|88\/100|[from] Leech Seed|[of] p1a: Arboliva\n|upkeep\n|turn|4\n|\n|t:|1698516146\n|switch|p2a: Miss Sassy|Salazzle, F, shiny|100\/100\n|move|p1a: Arboliva|Energy Ball|p2a: Miss Sassy\n|-resisted|p2a: Miss Sassy\n|-damage|p2a: Miss Sassy|76\/100\n|\n|-heal|p2a: Miss Sassy|82\/100|[from] Grassy Terrain\n|upkeep\n|turn|5\n|\n|t:|1698516168\n|switch|p1a: Wyrdeer|Wyrdeer, M|100\/100\n|-activate|p1a: Wyrdeer|move: Sticky Web\n|-unboost|p1a: Wyrdeer|spe|1\n|-ability|p1a: Wyrdeer|Intimidate|boost\n|-unboost|p2a: Miss Sassy|atk|1\n|move|p2a: Miss Sassy|Fire Blast|p1a: Wyrdeer\n|-damage|p1a: Wyrdeer|31\/100\n|-damage|p2a: Miss Sassy|73\/100|[from] item: Life Orb\n|\n|-heal|p2a: Miss Sassy|79\/100|[from] Grassy Terrain\n|-heal|p1a: Wyrdeer|37\/100|[from] Grassy Terrain\n|-heal|p1a: Wyrdeer|43\/100|[from] item: Leftovers\n|upkeep\n|turn|6\n|inactive|yzeetgnuy has 120 seconds left.\n|\n|t:|1698516189\n|move|p2a: Miss Sassy|Fire Blast|p1a: Wyrdeer\n|-damage|p1a: Wyrdeer|0 fnt\n|faint|p1a: Wyrdeer\n|-damage|p2a: Miss Sassy|69\/100|[from] item: Life Orb\n|\n|-heal|p2a: Miss Sassy|75\/100|[from] Grassy Terrain\n|upkeep\n|inactive|yzeetgnuy has 120 seconds left.\n|\n|t:|1698516208\n|switch|p1a: Cloyster|Cloyster, M|100\/100\n|-activate|p1a: Cloyster|move: Sticky Web\n|-unboost|p1a: Cloyster|spe|1\n|turn|7\n|\n|t:|1698516215\n|switch|p2a: Purple Nurple|Araquanid, F, shiny|88\/100\n|move|p1a: Cloyster|Hydro Pump|p2a: Purple Nurple\n|-heal|p2a: Purple Nurple|100\/100|[from] ability: Water Absorb|[of] p1a: Cloyster\n|\n|-fieldend|move: Grassy Terrain\n|upkeep\n|turn|8\n|inactive|yzeetgnuy has 120 seconds left.\n|c|\u2606yzeetgnuy|good read\n|\n|t:|1698516229\n|move|p2a: Purple Nurple|Giga Drain|p1a: Cloyster\n|-supereffective|p1a: Cloyster\n|-damage|p1a: Cloyster|61\/100\n|move|p1a: Cloyster|Rock Blast|p2a: Purple Nurple\n|-supereffective|p2a: Purple Nurple\n|-damage|p2a: Purple Nurple|89\/100\n|-supereffective|p2a: Purple Nurple\n|-damage|p2a: Purple Nurple|77\/100\n|-supereffective|p2a: Purple Nurple\n|-damage|p2a: Purple Nurple|65\/100\n|-supereffective|p2a: Purple Nurple\n|-damage|p2a: Purple Nurple|52\/100\n|-supereffective|p2a: Purple Nurple\n|-damage|p2a: Purple Nurple|40\/100\n|-hitcount|p2a: Purple Nurple|5\n|\n|upkeep\n|turn|9\n|inactive|yzeetgnuy has 120 seconds left.\n|\n|t:|1698516242\n|move|p2a: Purple Nurple|Giga Drain|p1a: Cloyster\n|-supereffective|p1a: Cloyster\n|-damage|p1a: Cloyster|17\/100\n|-heal|p2a: Purple Nurple|60\/100|[from] drain|[of] p1a: Cloyster\n|move|p1a: Cloyster|Rock Blast|p2a: Purple Nurple\n|-supereffective|p2a: Purple Nurple\n|-damage|p2a: Purple Nurple|48\/100\n|-supereffective|p2a: Purple Nurple\n|-damage|p2a: Purple Nurple|37\/100\n|-supereffective|p2a: Purple Nurple\n|-damage|p2a: Purple Nurple|25\/100\n|-supereffective|p2a: Purple Nurple\n|-damage|p2a: Purple Nurple|13\/100\n|-supereffective|p2a: Purple Nurple\n|-damage|p2a: Purple Nurple|0 fnt\n|faint|p2a: Purple Nurple\n|-hitcount|p2: Purple Nurple|5\n|\n|upkeep\n|\n|t:|1698516256\n|switch|p2a: Miss Sassy|Salazzle, F, shiny|75\/100\n|turn|10\n|\n|t:|1698516264\n|move|p2a: Miss Sassy|Fire Blast|p1a: Cloyster\n|-damage|p1a: Cloyster|0 fnt\n|faint|p1a: Cloyster\n|-damage|p2a: Miss Sassy|65\/100|[from] item: Life Orb\n|\n|upkeep\n|inactive|yzeetgnuy has 120 seconds left.\n|\n|t:|1698516281\n|switch|p1a: Accelgor|Accelgor, F|100\/100\n|-activate|p1a: Accelgor|move: Sticky Web\n|-unboost|p1a: Accelgor|spe|1\n|turn|11\n|inactive|yzeetgnuy has 120 seconds left.\n|\n|t:|1698516292\n|move|p2a: Miss Sassy|Fire Blast|p1a: Accelgor\n|-supereffective|p1a: Accelgor\n|-damage|p1a: Accelgor|0 fnt\n|faint|p1a: Accelgor\n|-damage|p2a: Miss Sassy|56\/100|[from] item: Life Orb\n|\n|upkeep\n|inactive|yzeetgnuy has 120 seconds left.\n|\n|t:|1698516307\n|switch|p1a: Dialga|Dialga|100\/100\n|-activate|p1a: Dialga|move: Sticky Web\n|-unboost|p1a: Dialga|spe|1\n|-ability|p1a: Dialga|Pressure\n|turn|12\n|\n|t:|1698516329\n|move|p2a: Miss Sassy|Toxic|p1a: Dialga\n|-status|p1a: Dialga|tox\n|move|p1a: Dialga|Earthquake|p2a: Miss Sassy\n|-supereffective|p2a: Miss Sassy\n|-damage|p2a: Miss Sassy|0 fnt\n|faint|p2a: Miss Sassy\n|\n|-damage|p1a: Dialga|94\/100 tox|[from] psn\n|upkeep\n|\n|t:|1698516341\n|switch|p2a: Muddy Flaps|Mudsdale, F, shiny|100\/100\n|turn|13\n|\n|t:|1698516346\n|switch|p1a: Arboliva|Arboliva, M|100\/100\n|-activate|p1a: Arboliva|move: Sticky Web\n|-unboost|p1a: Arboliva|spe|1\n|move|p2a: Muddy Flaps|Earthquake|p1a: Arboliva\n|-resisted|p1a: Arboliva\n|-damage|p1a: Arboliva|70\/100\n|-fieldstart|move: Grassy Terrain|[from] ability: Seed Sower|[of] p1a: Arboliva\n|-damage|p2a: Muddy Flaps|91\/100|[from] item: Life Orb\n|\n|-heal|p2a: Muddy Flaps|97\/100|[from] Grassy Terrain\n|-heal|p1a: Arboliva|76\/100|[from] Grassy Terrain\n|-heal|p1a: Arboliva|82\/100|[from] item: Leftovers\n|upkeep\n|turn|14\n|\n|t:|1698516361\n|switch|p2a: Peepaw|Togedemaru, M, shiny|100\/100\n|move|p1a: Arboliva|Leech Seed|p2a: Peepaw\n|-start|p2a: Peepaw|move: Leech Seed\n|\n|-heal|p1a: Arboliva|89\/100|[from] Grassy Terrain\n|-heal|p1a: Arboliva|95\/100|[from] item: Leftovers\n|-damage|p2a: Peepaw|88\/100|[from] Leech Seed|[of] p1a: Arboliva\n|-heal|p1a: Arboliva|100\/100|[silent]\n|upkeep\n|turn|15\n|\n|t:|1698516370\n|move|p2a: Peepaw|Nuzzle|p1a: Arboliva\n|-resisted|p1a: Arboliva\n|-damage|p1a: Arboliva|97\/100\n|-status|p1a: Arboliva|par\n|move|p1a: Arboliva|Strength Sap|p2a: Peepaw\n|-unboost|p2a: Peepaw|atk|1\n|-heal|p1a: Arboliva|100\/100 par\n|\n|-heal|p2a: Peepaw|94\/100|[from] Grassy Terrain\n|-damage|p2a: Peepaw|82\/100|[from] Leech Seed|[of] p1a: Arboliva\n|upkeep\n|turn|16\n|\n|t:|1698516383\n|move|p2a: Peepaw|Wish|p2a: Peepaw\n|move|p1a: Arboliva|Energy Ball|p2a: Peepaw\n|-resisted|p2a: Peepaw\n|-damage|p2a: Peepaw|61\/100\n|\n|-heal|p2a: Peepaw|67\/100|[from] Grassy Terrain\n|-damage|p2a: Peepaw|55\/100|[from] Leech Seed|[of] p1a: Arboliva\n|upkeep\n|turn|17\n|\n|t:|1698516390\n|move|p2a: Peepaw|Super Fang|p1a: Arboliva|[miss]\n|-miss|p2a: Peepaw|p1a: Arboliva\n|move|p1a: Arboliva|Substitute|p1a: Arboliva\n|-start|p1a: Arboliva|Substitute\n|-damage|p1a: Arboliva|76\/100 par\n|\n|-heal|p2a: Peepaw|100\/100|[from] move: Wish|[wisher] Peepaw\n|-heal|p1a: Arboliva|82\/100 par|[from] Grassy Terrain\n|-heal|p1a: Arboliva|88\/100 par|[from] item: Leftovers\n|-damage|p2a: Peepaw|88\/100|[from] Leech Seed|[of] p1a: Arboliva\n|-heal|p1a: Arboliva|99\/100 par|[silent]\n|-fieldend|move: Grassy Terrain\n|upkeep\n|turn|18\n|\n|t:|1698516404\n|switch|p2a: PERIODT|Dhelmise, shiny|100\/100\n|switch|p1a: Dialga|Dialga|94\/100 tox\n|-activate|p1a: Dialga|move: Sticky Web\n|-unboost|p1a: Dialga|spe|1\n|-ability|p1a: Dialga|Pressure\n|\n|-damage|p1a: Dialga|88\/100 tox|[from] psn\n|upkeep\n|turn|19\n|\n|t:|1698516414\n|switch|p2a: Muddy Flaps|Mudsdale, F, shiny|97\/100\n|move|p1a: Dialga|Flamethrower|p2a: Muddy Flaps\n|-damage|p2a: Muddy Flaps|62\/100\n|-ability|p2a: Muddy Flaps|Stamina|boost\n|-boost|p2a: Muddy Flaps|def|1\n|\n|-damage|p1a: Dialga|76\/100 tox|[from] psn\n|upkeep\n|turn|20\n|\n|t:|1698516426\n|switch|p1a: Arboliva|Arboliva, M|99\/100 par\n|-activate|p1a: Arboliva|move: Sticky Web\n|-unboost|p1a: Arboliva|spe|1\n|move|p2a: Muddy Flaps|Rest|p2a: Muddy Flaps\n|-status|p2a: Muddy Flaps|slp|[from] move: Rest\n|-heal|p2a: Muddy Flaps|100\/100 slp|[silent]\n|\n|-heal|p1a: Arboliva|100\/100 par|[from] item: Leftovers\n|upkeep\n|turn|21\n|\n|t:|1698516437\n|switch|p2a: PERIODT|Dhelmise, shiny|100\/100\n|move|p1a: Arboliva|Strength Sap|p2a: PERIODT\n|-unboost|p2a: PERIODT|atk|1\n|\n|upkeep\n|turn|22\n|\n|t:|1698516453\n|move|p2a: PERIODT|Rapid Spin|p1a: Arboliva\n|-damage|p1a: Arboliva|90\/100 par\n|-boost|p2a: PERIODT|spe|1\n|-fieldstart|move: Grassy Terrain|[from] ability: Seed Sower|[of] p1a: Arboliva\n|move|p1a: Arboliva|Strength Sap|p2a: PERIODT\n|-unboost|p2a: PERIODT|atk|1\n|-heal|p1a: Arboliva|100\/100 par\n|\n|upkeep\n|turn|23\n|-activate|p2a: PERIODT|item: Quick Claw\n|\n|t:|1698516463\n|move|p2a: PERIODT|Anchor Shot|p1a: Arboliva\n|-damage|p1a: Arboliva|83\/100 par\n|-activate|p1a: Arboliva|trapped\n|move|p1a: Arboliva|Leech Seed|p2a: PERIODT\n|-immune|p2a: PERIODT\n|\n|-heal|p1a: Arboliva|89\/100 par|[from] Grassy Terrain\n|-heal|p1a: Arboliva|95\/100 par|[from] item: Leftovers\n|upkeep\n|turn|24\n|\n|t:|1698516473\n|move|p2a: PERIODT|Rapid Spin|p1a: Arboliva\n|-damage|p1a: Arboliva|88\/100 par\n|-boost|p2a: PERIODT|spe|1\n|move|p1a: Arboliva|Strength Sap|p2a: PERIODT\n|-unboost|p2a: PERIODT|atk|1\n|-heal|p1a: Arboliva|100\/100 par\n|\n|upkeep\n|turn|25\n|\n|t:|1698516482\n|move|p2a: PERIODT|Rapid Spin|p1a: Arboliva\n|-damage|p1a: Arboliva|94\/100 par\n|-boost|p2a: PERIODT|spe|1\n|cant|p1a: Arboliva|par\n|\n|-heal|p1a: Arboliva|100\/100 par|[from] Grassy Terrain\n|upkeep\n|turn|26\n|\n|t:|1698516491\n|move|p2a: PERIODT|Rapid Spin|p1a: Arboliva\n|-damage|p1a: Arboliva|94\/100 par\n|-boost|p2a: PERIODT|spe|1\n|move|p1a: Arboliva|Energy Ball|p2a: PERIODT\n|-resisted|p2a: PERIODT\n|-damage|p2a: PERIODT|72\/100\n|\n|-heal|p2a: PERIODT|78\/100|[from] Grassy Terrain\n|-heal|p1a: Arboliva|99\/100 par|[from] Grassy Terrain\n|-heal|p1a: Arboliva|100\/100 par|[from] item: Leftovers\n|-fieldend|move: Grassy Terrain\n|upkeep\n|turn|27\n|\n|t:|1698516501\n|move|p2a: PERIODT|Rapid Spin|p1a: Arboliva\n|-damage|p1a: Arboliva|94\/100 par\n|-boost|p2a: PERIODT|spe|1\n|-fieldstart|move: Grassy Terrain|[from] ability: Seed Sower|[of] p1a: Arboliva\n|move|p1a: Arboliva|Energy Ball|p2a: PERIODT\n|-resisted|p2a: PERIODT\n|-crit|p2a: PERIODT\n|-damage|p2a: PERIODT|37\/100\n|\n|-heal|p2a: PERIODT|43\/100|[from] Grassy Terrain\n|-heal|p1a: Arboliva|100\/100 par|[from] Grassy Terrain\n|upkeep\n|turn|28\n|\n|t:|1698516512\n|move|p2a: PERIODT|Synthesis|p2a: PERIODT\n|-heal|p2a: PERIODT|93\/100\n|move|p1a: Arboliva|Energy Ball|p2a: PERIODT\n|-resisted|p2a: PERIODT\n|-damage|p2a: PERIODT|66\/100\n|\n|-heal|p2a: PERIODT|72\/100|[from] Grassy Terrain\n|upkeep\n|turn|29\n|\n|t:|1698516521\n|move|p2a: PERIODT|Rapid Spin|p1a: Arboliva\n|-damage|p1a: Arboliva|95\/100 par\n|-boost|p2a: PERIODT|spe|1\n|move|p1a: Arboliva|Energy Ball|p2a: PERIODT\n|-resisted|p2a: PERIODT\n|-damage|p2a: PERIODT|45\/100\n|\n|-heal|p2a: PERIODT|52\/100|[from] Grassy Terrain\n|-heal|p1a: Arboliva|100\/100 par|[from] Grassy Terrain\n|upkeep\n|turn|30\n|\n|t:|1698516531\n|move|p2a: PERIODT|Anchor Shot|p1a: Arboliva\n|-damage|p1a: Arboliva|85\/100 par\n|move|p1a: Arboliva|Energy Ball|p2a: PERIODT\n|-resisted|p2a: PERIODT\n|-damage|p2a: PERIODT|25\/100\n|\n|-heal|p2a: PERIODT|31\/100|[from] Grassy Terrain\n|-heal|p1a: Arboliva|91\/100 par|[from] Grassy Terrain\n|-heal|p1a: Arboliva|97\/100 par|[from] item: Leftovers\n|upkeep\n|turn|31\n|\n|t:|1698516541\n|move|p2a: PERIODT|Synthesis|p2a: PERIODT\n|-heal|p2a: PERIODT|81\/100\n|move|p1a: Arboliva|Strength Sap|p2a: PERIODT\n|-unboost|p2a: PERIODT|atk|1\n|-heal|p1a: Arboliva|100\/100 par\n|\n|-heal|p2a: PERIODT|87\/100|[from] Grassy Terrain\n|-fieldend|move: Grassy Terrain\n|upkeep\n|turn|32\n|\n|t:|1698516549\n|move|p2a: PERIODT|Anchor Shot|p1a: Arboliva\n|-damage|p1a: Arboliva|89\/100 par\n|-fieldstart|move: Grassy Terrain|[from] ability: Seed Sower|[of] p1a: Arboliva\n|cant|p1a: Arboliva|par\n|\n|-heal|p2a: PERIODT|93\/100|[from] Grassy Terrain\n|-heal|p1a: Arboliva|95\/100 par|[from] Grassy Terrain\n|-heal|p1a: Arboliva|100\/100 par|[from] item: Leftovers\n|upkeep\n|turn|33\n|\n|t:|1698516566\n|move|p2a: PERIODT|Rapid Spin|p1a: Arboliva\n|-damage|p1a: Arboliva|95\/100 par\n|move|p1a: Arboliva|Strength Sap|p2a: PERIODT\n|-unboost|p2a: PERIODT|atk|1\n|-heal|p1a: Arboliva|100\/100 par\n|\n|-heal|p2a: PERIODT|99\/100|[from] Grassy Terrain\n|upkeep\n|turn|34\n|c|\u2606yzeetgnuy|spell tag?\n|inactive|yzeetgnuy has 120 seconds left.\n|\n|t:|1698516591\n|move|p2a: PERIODT|Rapid Spin|p1a: Arboliva\n|-damage|p1a: Arboliva|96\/100 par\n|move|p1a: Arboliva|Strength Sap|p2a: PERIODT\n|-unboost|p2a: PERIODT|atk|1\n|-heal|p1a: Arboliva|100\/100 par\n|\n|-heal|p2a: PERIODT|100\/100|[from] Grassy Terrain\n|upkeep\n|turn|35\n|inactive|yzeetgnuy has 120 seconds left.\n|\n|t:|1698516601\n|move|p2a: PERIODT|Rapid Spin|p1a: Arboliva\n|-crit|p1a: Arboliva\n|-damage|p1a: Arboliva|76\/100 par\n|move|p1a: Arboliva|Energy Ball|p2a: PERIODT\n|-resisted|p2a: PERIODT\n|-damage|p2a: PERIODT|74\/100\n|\n|-heal|p2a: PERIODT|80\/100|[from] Grassy Terrain\n|-heal|p1a: Arboliva|82\/100 par|[from] Grassy Terrain\n|-heal|p1a: Arboliva|88\/100 par|[from] item: Leftovers\n|upkeep\n|turn|36\n|inactive|yzeetgnuy has 120 seconds left.\n|\n|t:|1698516616\n|move|p2a: PERIODT|Rapid Spin|p1a: Arboliva\n|-damage|p1a: Arboliva|84\/100 par\n|move|p1a: Arboliva|Substitute|p1a: Arboliva\n|-start|p1a: Arboliva|Substitute\n|-damage|p1a: Arboliva|60\/100 par\n|\n|-heal|p2a: PERIODT|87\/100|[from] Grassy Terrain\n|-heal|p1a: Arboliva|66\/100 par|[from] Grassy Terrain\n|-heal|p1a: Arboliva|72\/100 par|[from] item: Leftovers\n|-fieldend|move: Grassy Terrain\n|upkeep\n|turn|37\n|inactive|yzeetgnuy has 120 seconds left.\n|-activate|p2a: PERIODT|item: Quick Claw\n|\n|t:|1698516627\n|move|p2a: PERIODT|Rapid Spin|p1a: Arboliva\n|-activate|p1a: Arboliva|move: Substitute|[damage]\n|move|p1a: Arboliva|Strength Sap||[still]\n|-fail|p1a: Arboliva\n|\n|-heal|p1a: Arboliva|78\/100 par|[from] item: Leftovers\n|upkeep\n|turn|38\n|inactive|yzeetgnuy has 120 seconds left.\n|\n|t:|1698516636\n|move|p2a: PERIODT|Rapid Spin|p1a: Arboliva\n|-activate|p1a: Arboliva|move: Substitute|[damage]\n|move|p1a: Arboliva|Energy Ball|p2a: PERIODT\n|-resisted|p2a: PERIODT\n|-crit|p2a: PERIODT\n|-damage|p2a: PERIODT|54\/100\n|\n|-heal|p1a: Arboliva|84\/100 par|[from] item: Leftovers\n|upkeep\n|turn|39\n|\n|t:|1698516645\n|move|p2a: PERIODT|Anchor Shot|p1a: Arboliva\n|-activate|p1a: Arboliva|move: Substitute|[damage]\n|cant|p1a: Arboliva|par\n|\n|-heal|p1a: Arboliva|90\/100 par|[from] item: Leftovers\n|upkeep\n|turn|40\n|\n|t:|1698516653\n|move|p2a: PERIODT|Rapid Spin|p1a: Arboliva\n|-activate|p1a: Arboliva|move: Substitute|[damage]\n|move|p1a: Arboliva|Energy Ball|p2a: PERIODT\n|-resisted|p2a: PERIODT\n|-damage|p2a: PERIODT|32\/100\n|\n|-heal|p1a: Arboliva|96\/100 par|[from] item: Leftovers\n|upkeep\n|turn|41\n|-activate|p2a: PERIODT|item: Quick Claw\n|\n|t:|1698516671\n|move|p2a: PERIODT|Rapid Spin|p1a: Arboliva\n|-end|p1a: Arboliva|Substitute\n|cant|p1a: Arboliva|par\n|\n|-heal|p1a: Arboliva|100\/100 par|[from] item: Leftovers\n|upkeep\n|turn|42\n|inactive|sis i won LOL has 120 seconds left.\n|-activate|p2a: PERIODT|item: Quick Claw\n|\n|t:|1698516712\n|move|p2a: PERIODT|Rapid Spin|p1a: Arboliva\n|-damage|p1a: Arboliva|97\/100 par\n|-fieldstart|move: Grassy Terrain|[from] ability: Seed Sower|[of] p1a: Arboliva\n|cant|p1a: Arboliva|par\n|\n|-heal|p2a: PERIODT|38\/100|[from] Grassy Terrain\n|-heal|p1a: Arboliva|100\/100 par|[from] Grassy Terrain\n|upkeep\n|turn|43\n|\n|t:|1698516733\n|move|p2a: PERIODT|Rapid Spin|p1a: Arboliva\n|-damage|p1a: Arboliva|96\/100 par\n|cant|p1a: Arboliva|par\n|\n|-heal|p2a: PERIODT|44\/100|[from] Grassy Terrain\n|-heal|p1a: Arboliva|100\/100 par|[from] Grassy Terrain\n|upkeep\n|turn|44\n|\n|t:|1698516742\n|move|p2a: PERIODT|Synthesis|p2a: PERIODT\n|-heal|p2a: PERIODT|94\/100\n|move|p1a: Arboliva|Energy Ball|p2a: PERIODT\n|-resisted|p2a: PERIODT\n|-damage|p2a: PERIODT|66\/100\n|\n|-heal|p2a: PERIODT|73\/100|[from] Grassy Terrain\n|upkeep\n|turn|45\n|c|\u2606yzeetgnuy|bro PLEASE\n|-activate|p2a: PERIODT|item: Quick Claw\n|\n|t:|1698516754\n|move|p2a: PERIODT|Rapid Spin|p1a: Arboliva\n|-crit|p1a: Arboliva\n|-damage|p1a: Arboliva|77\/100 par\n|cant|p1a: Arboliva|par\n|\n|-heal|p2a: PERIODT|79\/100|[from] Grassy Terrain\n|-heal|p1a: Arboliva|84\/100 par|[from] Grassy Terrain\n|-heal|p1a: Arboliva|90\/100 par|[from] item: Leftovers\n|upkeep\n|turn|46\n|\n|t:|1698516764\n|move|p2a: PERIODT|Anchor Shot|p1a: Arboliva\n|-damage|p1a: Arboliva|80\/100 par\n|move|p1a: Arboliva|Energy Ball|p2a: PERIODT\n|-resisted|p2a: PERIODT\n|-damage|p2a: PERIODT|52\/100\n|\n|-heal|p2a: PERIODT|59\/100|[from] Grassy Terrain\n|-heal|p1a: Arboliva|86\/100 par|[from] Grassy Terrain\n|-heal|p1a: Arboliva|92\/100 par|[from] item: Leftovers\n|-fieldend|move: Grassy Terrain\n|upkeep\n|turn|47\n|\n|t:|1698516775\n|move|p2a: PERIODT|Rapid Spin|p1a: Arboliva\n|-damage|p1a: Arboliva|88\/100 par\n|-fieldstart|move: Grassy Terrain|[from] ability: Seed Sower|[of] p1a: Arboliva\n|move|p1a: Arboliva|Substitute|p1a: Arboliva\n|-start|p1a: Arboliva|Substitute\n|-damage|p1a: Arboliva|63\/100 par\n|\n|-heal|p2a: PERIODT|65\/100|[from] Grassy Terrain\n|-heal|p1a: Arboliva|69\/100 par|[from] Grassy Terrain\n|-heal|p1a: Arboliva|75\/100 par|[from] item: Leftovers\n|upkeep\n|turn|48\n|c|\u2606sis i won LOL|Bro no\n|inactive|sis i won LOL has 120 seconds left.\n|c|\u2606sis i won LOL|stall set v stall set\n|\n|t:|1698516807\n|move|p2a: PERIODT|Rapid Spin|p1a: Arboliva\n|-activate|p1a: Arboliva|move: Substitute|[damage]\n|move|p1a: Arboliva|Strength Sap||[still]\n|-fail|p1a: Arboliva\n|\n|-heal|p2a: PERIODT|71\/100|[from] Grassy Terrain\n|-heal|p1a: Arboliva|81\/100 par|[from] Grassy Terrain\n|-heal|p1a: Arboliva|87\/100 par|[from] item: Leftovers\n|upkeep\n|turn|49\n|\n|t:|1698516818\n|move|p2a: PERIODT|Rapid Spin|p1a: Arboliva\n|-activate|p1a: Arboliva|move: Substitute|[damage]\n|cant|p1a: Arboliva|par\n|\n|-heal|p2a: PERIODT|77\/100|[from] Grassy Terrain\n|-heal|p1a: Arboliva|94\/100 par|[from] Grassy Terrain\n|-heal|p1a: Arboliva|99\/100 par|[from] item: Leftovers\n|upkeep\n|turn|50\n|\n|t:|1698516829\n|move|p2a: PERIODT|Rapid Spin|p1a: Arboliva\n|-activate|p1a: Arboliva|move: Substitute|[damage]\n|move|p1a: Arboliva|Substitute|p1a: Arboliva\n|-fail|p1a: Arboliva|move: Substitute\n|\n|-heal|p2a: PERIODT|83\/100|[from] Grassy Terrain\n|-heal|p1a: Arboliva|100\/100 par|[from] Grassy Terrain\n|upkeep\n|turn|51\n|\n|t:|1698516836\n|move|p2a: PERIODT|Rapid Spin|p1a: Arboliva\n|-crit|p1a: Arboliva\n|-end|p1a: Arboliva|Substitute\n|move|p1a: Arboliva|Substitute|p1a: Arboliva\n|-start|p1a: Arboliva|Substitute\n|-damage|p1a: Arboliva|76\/100 par\n|\n|-heal|p2a: PERIODT|89\/100|[from] Grassy Terrain\n|-heal|p1a: Arboliva|82\/100 par|[from] Grassy Terrain\n|-heal|p1a: Arboliva|88\/100 par|[from] item: Leftovers\n|-fieldend|move: Grassy Terrain\n|upkeep\n|turn|52\n|\n|t:|1698516848\n|move|p2a: PERIODT|Rapid Spin|p1a: Arboliva\n|-activate|p1a: Arboliva|move: Substitute|[damage]\n|move|p1a: Arboliva|Substitute|p1a: Arboliva\n|-fail|p1a: Arboliva|move: Substitute\n|\n|-heal|p1a: Arboliva|94\/100 par|[from] item: Leftovers\n|upkeep\n|turn|53\n|c|\u2606sis i won LOL|Anchor shot\n|c|\u2606yzeetgnuy|i got like 3 energy balls left\n|\n|t:|1698516874\n|move|p2a: PERIODT|Rapid Spin|p1a: Arboliva\n|-activate|p1a: Arboliva|move: Substitute|[damage]\n|cant|p1a: Arboliva|par\n|\n|-heal|p1a: Arboliva|99\/100 par|[from] item: Leftovers\n|upkeep\n|turn|54\n|\n|t:|1698516882\n|move|p2a: PERIODT|Rapid Spin|p1a: Arboliva\n|-activate|p1a: Arboliva|move: Substitute|[damage]\n|cant|p1a: Arboliva|par\n|\n|-heal|p1a: Arboliva|100\/100 par|[from] item: Leftovers\n|upkeep\n|turn|55\n|\n|t:|1698516888\n|move|p2a: PERIODT|Rapid Spin|p1a: Arboliva\n|-activate|p1a: Arboliva|move: Substitute|[damage]\n|move|p1a: Arboliva|Substitute|p1a: Arboliva\n|-fail|p1a: Arboliva|move: Substitute\n|\n|upkeep\n|turn|56\n|\n|t:|1698516895\n|move|p2a: PERIODT|Rapid Spin|p1a: Arboliva\n|-activate|p1a: Arboliva|move: Substitute|[damage]\n|move|p1a: Arboliva|Leech Seed|p2a: PERIODT\n|-immune|p2a: PERIODT\n|\n|upkeep\n|turn|57\n|\n|t:|1698516903\n|move|p2a: PERIODT|Rapid Spin|p1a: Arboliva\n|-activate|p1a: Arboliva|move: Substitute|[damage]\n|move|p1a: Arboliva|Leech Seed|p2a: PERIODT\n|-immune|p2a: PERIODT\n|\n|upkeep\n|turn|58\n|c|\u2606sis i won LOL|I\u2019d use them\n|c|\u2606yzeetgnuy|nah\n|\n|t:|1698516913\n|move|p2a: PERIODT|Rapid Spin|p1a: Arboliva\n|-end|p1a: Arboliva|Substitute\n|move|p1a: Arboliva|Leech Seed|p2a: PERIODT\n|-immune|p2a: PERIODT\n|\n|upkeep\n|turn|59\n|\n|t:|1698516924\n|move|p2a: PERIODT|Rapid Spin|p1a: Arboliva\n|-damage|p1a: Arboliva|96\/100 par\n|-fieldstart|move: Grassy Terrain|[from] ability: Seed Sower|[of] p1a: Arboliva\n|move|p1a: Arboliva|Substitute|p1a: Arboliva\n|-start|p1a: Arboliva|Substitute\n|-damage|p1a: Arboliva|72\/100 par\n|\n|-heal|p2a: PERIODT|95\/100|[from] Grassy Terrain\n|-heal|p1a: Arboliva|78\/100 par|[from] Grassy Terrain\n|-heal|p1a: Arboliva|84\/100 par|[from] item: Leftovers\n|upkeep\n|turn|60\n|c|\u2606sis i won LOL|I got 35 rapid spins\n|c|\u2606yzeetgnuy|weLp\n|c|\u2606yzeetgnuy|we in it for the long run\n|inactive|yzeetgnuy has 120 seconds left.\n|c|\u2606sis i won LOL|Struggle\n|\n|t:|1698516956\n|move|p2a: PERIODT|Rapid Spin|p1a: Arboliva\n|-activate|p1a: Arboliva|move: Substitute|[damage]\n|move|p1a: Arboliva|Leech Seed|p2a: PERIODT\n|-immune|p2a: PERIODT\n|\n|-heal|p2a: PERIODT|100\/100|[from] Grassy Terrain\n|-heal|p1a: Arboliva|90\/100 par|[from] Grassy Terrain\n|-heal|p1a: Arboliva|96\/100 par|[from] item: Leftovers\n|upkeep\n|turn|61\n|c|\u2606yzeetgnuy|i never fold\n|inactive|yzeetgnuy has 120 seconds left.\n|\n|t:|1698516971\n|move|p2a: PERIODT|Rapid Spin|p1a: Arboliva\n|-activate|p1a: Arboliva|move: Substitute|[damage]\n|move|p1a: Arboliva|Leech Seed|p2a: PERIODT\n|-immune|p2a: PERIODT\n|\n|-heal|p1a: Arboliva|100\/100 par|[from] Grassy Terrain\n|upkeep\n|turn|62\n|inactive|yzeetgnuy has 120 seconds left.\n|c|\u2606sis i won LOL|Period king\n|\n|t:|1698516990\n|move|p2a: PERIODT|Rapid Spin|p1a: Arboliva\n|-activate|p1a: Arboliva|move: Substitute|[damage]\n|move|p1a: Arboliva|Leech Seed|p2a: PERIODT\n|-immune|p2a: PERIODT\n|\n|upkeep\n|turn|63\n|\n|t:|1698517001\n|move|p2a: PERIODT|Rapid Spin|p1a: Arboliva\n|-activate|p1a: Arboliva|move: Substitute|[damage]\n|move|p1a: Arboliva|Leech Seed|p2a: PERIODT\n|-immune|p2a: PERIODT\n|\n|-fieldend|move: Grassy Terrain\n|upkeep\n|turn|64\n|\n|t:|1698517011\n|move|p2a: PERIODT|Rapid Spin|p1a: Arboliva\n|-activate|p1a: Arboliva|move: Substitute|[damage]\n|move|p1a: Arboliva|Leech Seed|p2a: PERIODT\n|-immune|p2a: PERIODT\n|\n|upkeep\n|turn|65\n|\n|t:|1698517027\n|move|p2a: PERIODT|Rapid Spin|p1a: Arboliva\n|-end|p1a: Arboliva|Substitute\n|move|p1a: Arboliva|Leech Seed|p2a: PERIODT\n|-immune|p2a: PERIODT\n|\n|upkeep\n|turn|66\n|\n|t:|1698517033\n|move|p2a: PERIODT|Rapid Spin|p1a: Arboliva\n|-damage|p1a: Arboliva|97\/100 par\n|-fieldstart|move: Grassy Terrain|[from] ability: Seed Sower|[of] p1a: Arboliva\n|move|p1a: Arboliva|Substitute|p1a: Arboliva\n|-start|p1a: Arboliva|Substitute\n|-damage|p1a: Arboliva|72\/100 par\n|\n|-heal|p1a: Arboliva|78\/100 par|[from] Grassy Terrain\n|-heal|p1a: Arboliva|84\/100 par|[from] item: Leftovers\n|upkeep\n|turn|67\n|\n|t:|1698517045\n|move|p2a: PERIODT|Rapid Spin|p1a: Arboliva\n|-activate|p1a: Arboliva|move: Substitute|[damage]\n|move|p1a: Arboliva|Energy Ball|p2a: PERIODT\n|-resisted|p2a: PERIODT\n|-damage|p2a: PERIODT|76\/100\n|\n|-heal|p2a: PERIODT|82\/100|[from] Grassy Terrain\n|-heal|p1a: Arboliva|90\/100 par|[from] Grassy Terrain\n|-heal|p1a: Arboliva|97\/100 par|[from] item: Leftovers\n|upkeep\n|turn|68\n|c|\u2606sis i won LOL|20 more moves\n|c|\u2606yzeetgnuy|i'm down bad\n|\n|t:|1698517069\n|move|p2a: PERIODT|Rapid Spin|p1a: Arboliva\n|-activate|p1a: Arboliva|move: Substitute|[damage]\n|cant|p1a: Arboliva|par\n|\n|-heal|p2a: PERIODT|88\/100|[from] Grassy Terrain\n|-heal|p1a: Arboliva|100\/100 par|[from] Grassy Terrain\n|upkeep\n|turn|69\n|\n|t:|1698517084\n|move|p2a: PERIODT|Rapid Spin|p1a: Arboliva\n|-activate|p1a: Arboliva|move: Substitute|[damage]\n|move|p1a: Arboliva|Strength Sap||[still]\n|-fail|p1a: Arboliva\n|\n|-heal|p2a: PERIODT|94\/100|[from] Grassy Terrain\n|upkeep\n|turn|70\n|c|\u2606sis i won LOL|I\u2019m sorry dog this is the only way I think I\u2019ll win\n|inactive|yzeetgnuy has 90 seconds left.\n|\n|t:|1698517104\n|move|p2a: PERIODT|Rapid Spin|p1a: Arboliva\n|-activate|p1a: Arboliva|move: Substitute|[damage]\n|move|p1a: Arboliva|Leech Seed|p2a: PERIODT\n|-immune|p2a: PERIODT\n|\n|-heal|p2a: PERIODT|99\/100|[from] Grassy Terrain\n|-fieldend|move: Grassy Terrain\n|upkeep\n|turn|71\n|inactive|yzeetgnuy has 90 seconds left.\n|c|\u2606yzeetgnuy|bruh im the one that's disadvantaged here\n|-activate|p2a: PERIODT|item: Quick Claw\n|\n|t:|1698517130\n|move|p2a: PERIODT|Rapid Spin|p1a: Arboliva\n|-activate|p1a: Arboliva|move: Substitute|[damage]\n|move|p1a: Arboliva|Energy Ball|p2a: PERIODT\n|-resisted|p2a: PERIODT\n|-damage|p2a: PERIODT|80\/100\n|\n|upkeep\n|turn|72\n|\n|t:|1698517140\n|move|p2a: PERIODT|Rapid Spin|p1a: Arboliva\n|-activate|p1a: Arboliva|move: Substitute|[damage]\n|move|p1a: Arboliva|Energy Ball|p2a: PERIODT\n|-resisted|p2a: PERIODT\n|-damage|p2a: PERIODT|61\/100\n|\n|upkeep\n|turn|73\n|\n|t:|1698517153\n|move|p2a: PERIODT|Synthesis|p2a: PERIODT\n|-heal|p2a: PERIODT|100\/100\n|move|p1a: Arboliva|Energy Ball|p2a: PERIODT\n|-resisted|p2a: PERIODT\n|-damage|p2a: PERIODT|81\/100\n|\n|upkeep\n|turn|74\n|c|\u2606yzeetgnuy|FCKIN SYNTHESIS\n|-activate|p2a: PERIODT|item: Quick Claw\n|\n|t:|1698517166\n|move|p2a: PERIODT|Rapid Spin|p1a: Arboliva\n|-end|p1a: Arboliva|Substitute\n|cant|p1a: Arboliva|par\n|\n|upkeep\n|turn|75\n|c|\u2606yzeetgnuy|that was my last energy ball\n|\n|t:|1698517180\n|move|p2a: PERIODT|Rapid Spin|p1a: Arboliva\n|-damage|p1a: Arboliva|97\/100 par\n|-fieldstart|move: Grassy Terrain|[from] ability: Seed Sower|[of] p1a: Arboliva\n|move|p1a: Arboliva|Substitute|p1a: Arboliva\n|-start|p1a: Arboliva|Substitute\n|-damage|p1a: Arboliva|72\/100 par\n|\n|-heal|p2a: PERIODT|87\/100|[from] Grassy Terrain\n|-heal|p1a: Arboliva|78\/100 par|[from] Grassy Terrain\n|-heal|p1a: Arboliva|84\/100 par|[from] item: Leftovers\n|upkeep\n|turn|76\n|\n|t:|1698517194\n|move|p2a: PERIODT|Rapid Spin|p1a: Arboliva\n|-activate|p1a: Arboliva|move: Substitute|[damage]\n|cant|p1a: Arboliva|par\n|\n|-heal|p2a: PERIODT|94\/100|[from] Grassy Terrain\n|-heal|p1a: Arboliva|90\/100 par|[from] Grassy Terrain\n|-heal|p1a: Arboliva|96\/100 par|[from] item: Leftovers\n|upkeep\n|turn|77\n|\n|t:|1698517202\n|move|p2a: PERIODT|Rapid Spin|p1a: Arboliva\n|-activate|p1a: Arboliva|move: Substitute|[damage]\n|move|p1a: Arboliva|Leech Seed|p2a: PERIODT\n|-immune|p2a: PERIODT\n|\n|-heal|p2a: PERIODT|99\/100|[from] Grassy Terrain\n|-heal|p1a: Arboliva|100\/100 par|[from] Grassy Terrain\n|upkeep\n|turn|78\n|-activate|p2a: PERIODT|item: Quick Claw\n|\n|t:|1698517212\n|move|p2a: PERIODT|Rapid Spin|p1a: Arboliva\n|-activate|p1a: Arboliva|move: Substitute|[damage]\n|cant|p1a: Arboliva|par\n|\n|-heal|p2a: PERIODT|100\/100|[from] Grassy Terrain\n|upkeep\n|turn|79\n|\n|t:|1698517218\n|move|p2a: PERIODT|Rapid Spin|p1a: Arboliva\n|-crit|p1a: Arboliva\n|-end|p1a: Arboliva|Substitute\n|cant|p1a: Arboliva|par\n|\n|-fieldend|move: Grassy Terrain\n|upkeep\n|turn|80\n|inactive|yzeetgnuy has 90 seconds left.\n|\n|t:|1698517226\n|move|p2a: PERIODT|Rapid Spin|p1a: Arboliva\n|-damage|p1a: Arboliva|96\/100 par\n|-fieldstart|move: Grassy Terrain|[from] ability: Seed Sower|[of] p1a: Arboliva\n|cant|p1a: Arboliva|par\n|\n|-heal|p1a: Arboliva|100\/100 par|[from] Grassy Terrain\n|upkeep\n|turn|81\n|\n|t:|1698517233\n|move|p2a: PERIODT|Rapid Spin|p1a: Arboliva\n|-damage|p1a: Arboliva|96\/100 par\n|move|p1a: Arboliva|Strength Sap||[still]\n|-fail|p1a: Arboliva\n|\n|-heal|p1a: Arboliva|100\/100 par|[from] Grassy Terrain\n|upkeep\n|turn|82\n|-activate|p2a: PERIODT|item: Quick Claw\n|\n|t:|1698517240\n|move|p2a: PERIODT|Rapid Spin|p1a: Arboliva\n|-damage|p1a: Arboliva|96\/100 par\n|move|p1a: Arboliva|Strength Sap||[still]\n|-fail|p1a: Arboliva\n|\n|-heal|p1a: Arboliva|100\/100 par|[from] Grassy Terrain\n|upkeep\n|turn|83\n|-activate|p2a: PERIODT|item: Quick Claw\n|\n|t:|1698517246\n|move|p2a: PERIODT|Rapid Spin|p1a: Arboliva\n|-damage|p1a: Arboliva|96\/100 par\n|move|p1a: Arboliva|Strength Sap||[still]\n|-fail|p1a: Arboliva\n|\n|-heal|p1a: Arboliva|100\/100 par|[from] Grassy Terrain\n|upkeep\n|turn|84\n|\n|t:|1698517254\n|move|p2a: PERIODT|Rapid Spin|p1a: Arboliva\n|-damage|p1a: Arboliva|96\/100 par\n|move|p1a: Arboliva|Strength Sap||[still]\n|-fail|p1a: Arboliva\n|\n|-heal|p1a: Arboliva|100\/100 par|[from] Grassy Terrain\n|-fieldend|move: Grassy Terrain\n|upkeep\n|turn|85\n|-activate|p2a: PERIODT|item: Quick Claw\n|\n|t:|1698517260\n|move|p2a: PERIODT|Rapid Spin|p1a: Arboliva\n|-damage|p1a: Arboliva|97\/100 par\n|-fieldstart|move: Grassy Terrain|[from] ability: Seed Sower|[of] p1a: Arboliva\n|move|p1a: Arboliva|Substitute|p1a: Arboliva\n|-start|p1a: Arboliva|Substitute\n|-damage|p1a: Arboliva|72\/100 par\n|\n|-heal|p1a: Arboliva|78\/100 par|[from] Grassy Terrain\n|-heal|p1a: Arboliva|84\/100 par|[from] item: Leftovers\n|upkeep\n|turn|86\n|inactive|yzeetgnuy has 120 seconds left.\n|-activate|p2a: PERIODT|item: Quick Claw\n|\n|t:|1698517274\n|move|p2a: PERIODT|Rapid Spin|p1a: Arboliva\n|-activate|p1a: Arboliva|move: Substitute|[damage]\n|cant|p1a: Arboliva|par\n|\n|-heal|p1a: Arboliva|90\/100 par|[from] Grassy Terrain\n|-heal|p1a: Arboliva|96\/100 par|[from] item: Leftovers\n|upkeep\n|turn|87\n|inactive|yzeetgnuy has 120 seconds left.\n|\n|t:|1698517287\n|move|p2a: PERIODT|Rapid Spin|p1a: Arboliva\n|-activate|p1a: Arboliva|move: Substitute|[damage]\n|move|p1a: Arboliva|Leech Seed|p2a: PERIODT\n|-immune|p2a: PERIODT\n|\n|-heal|p1a: Arboliva|100\/100 par|[from] Grassy Terrain\n|upkeep\n|turn|88\n|inactive|yzeetgnuy has 120 seconds left.\n|c|\u2606yzeetgnuy|im begging u\n|-activate|p2a: PERIODT|item: Quick Claw\n|\n|t:|1698517304\n|move|p2a: PERIODT|Rapid Spin|p1a: Arboliva\n|-activate|p1a: Arboliva|move: Substitute|[damage]\n|move|p1a: Arboliva|Strength Sap||[still]\n|-fail|p1a: Arboliva\n|\n|upkeep\n|turn|89\n|c|\u2606sis i won LOL|It\u2019s almost over\n|c|\u2606yzeetgnuy|BRO PLEASE\n|\n|t:|1698517318\n|move|p2a: PERIODT|Rapid Spin|p1a: Arboliva\n|-activate|p1a: Arboliva|move: Substitute|[damage]\n|move|p1a: Arboliva|Leech Seed|p2a: PERIODT\n|-immune|p2a: PERIODT\n|\n|-fieldend|move: Grassy Terrain\n|upkeep\n|turn|90\n|\n|t:|1698517326\n|move|p2a: PERIODT|Rapid Spin|p1a: Arboliva\n|-activate|p1a: Arboliva|move: Substitute|[damage]\n|move|p1a: Arboliva|Substitute|p1a: Arboliva\n|-fail|p1a: Arboliva|move: Substitute\n|\n|upkeep\n|turn|91\n|inactive|yzeetgnuy has 120 seconds left.\n|c|\u2606yzeetgnuy|PLEASE\n|\n|t:|1698517334\n|move|p2a: PERIODT|Rapid Spin|p1a: Arboliva\n|-crit|p1a: Arboliva\n|-end|p1a: Arboliva|Substitute\n|move|p1a: Arboliva|Substitute|p1a: Arboliva\n|-start|p1a: Arboliva|Substitute\n|-damage|p1a: Arboliva|76\/100 par\n|\n|-heal|p1a: Arboliva|82\/100 par|[from] item: Leftovers\n|upkeep\n|turn|92\n|c|\u2606sis i won LOL|Merp\n|-activate|p2a: PERIODT|item: Quick Claw\n|\n|t:|1698517341\n|move|p2a: PERIODT|Rapid Spin|p1a: Arboliva\n|-activate|p1a: Arboliva|move: Substitute|[damage]\n|move|p1a: Arboliva|Substitute|p1a: Arboliva\n|-fail|p1a: Arboliva|move: Substitute\n|\n|-heal|p1a: Arboliva|88\/100 par|[from] item: Leftovers\n|upkeep\n|turn|93\n|inactive|yzeetgnuy has 120 seconds left.\n|c|\u2606yzeetgnuy|THIS IS MY LAST MOVE\n|\n|t:|1698517363\n|move|p2a: PERIODT|Rapid Spin|p1a: Arboliva\n|-activate|p1a: Arboliva|move: Substitute|[damage]\n|move|p1a: Arboliva|Substitute|p1a: Arboliva\n|-fail|p1a: Arboliva|move: Substitute\n|\n|-heal|p1a: Arboliva|94\/100 par|[from] item: Leftovers\n|upkeep\n|turn|94\n|inactive|yzeetgnuy has 120 seconds left.\n|c|\u2606sis i won LOL|This is my last rapid spin\n|\n|t:|1698517380\n|move|p2a: PERIODT|Rapid Spin|p1a: Arboliva\n|-activate|p1a: Arboliva|move: Substitute|[damage]\n|-activate|p1a: Arboliva|move: Struggle\n|move|p1a: Arboliva|Struggle|p2a: PERIODT\n|-damage|p2a: PERIODT|96\/100\n|-damage|p1a: Arboliva|69\/100 par|[from] recoil\n|\n|-heal|p1a: Arboliva|75\/100 par|[from] item: Leftovers\n|upkeep\n|turn|95\n|inactive|yzeetgnuy has 120 seconds left.\n|\n|t:|1698517391\n|move|p2a: PERIODT|Anchor Shot|p1a: Arboliva\n|-activate|p1a: Arboliva|move: Substitute|[damage]\n|-activate|p1a: Arboliva|move: Struggle\n|move|p1a: Arboliva|Struggle|p2a: PERIODT\n|-damage|p2a: PERIODT|91\/100\n|-damage|p1a: Arboliva|50\/100 par|[from] recoil\n|\n|-heal|p1a: Arboliva|56\/100 par|[from] item: Leftovers\n|upkeep\n|turn|96\n|c|\u2606yzeetgnuy|5 damn damage\n|\n|t:|1698517405\n|move|p2a: PERIODT|Anchor Shot|p1a: Arboliva\n|-end|p1a: Arboliva|Substitute\n|-activate|p1a: Arboliva|move: Struggle\n|move|p1a: Arboliva|Struggle|p2a: PERIODT\n|-damage|p2a: PERIODT|87\/100\n|-damage|p1a: Arboliva|31\/100 par|[from] recoil\n|\n|-heal|p1a: Arboliva|37\/100 par|[from] item: Leftovers\n|upkeep\n|turn|97\n|c|\u2606sis i won LOL|Maybe crit hit?\n|\n|t:|1698517414\n|move|p2a: PERIODT|Anchor Shot|p1a: Arboliva\n|-damage|p1a: Arboliva|27\/100 par\n|-fieldstart|move: Grassy Terrain|[from] ability: Seed Sower|[of] p1a: Arboliva\n|-activate|p1a: Arboliva|move: Struggle\n|move|p1a: Arboliva|Struggle|p2a: PERIODT\n|-damage|p2a: PERIODT|82\/100\n|-damage|p1a: Arboliva|2\/100 par|[from] recoil\n|\n|-heal|p2a: PERIODT|88\/100|[from] Grassy Terrain\n|-heal|p1a: Arboliva|8\/100 par|[from] Grassy Terrain\n|-heal|p1a: Arboliva|14\/100 par|[from] item: Leftovers\n|upkeep\n|turn|98\n|\n|t:|1698517428\n|move|p2a: PERIODT|Anchor Shot|p1a: Arboliva\n|-damage|p1a: Arboliva|6\/100 par\n|-activate|p1a: Arboliva|move: Struggle\n|move|p1a: Arboliva|Struggle|p2a: PERIODT\n|-damage|p2a: PERIODT|83\/100\n|-damage|p1a: Arboliva|0 fnt|[from] recoil\n|faint|p1a: Arboliva\n|\n|-heal|p2a: PERIODT|89\/100|[from] Grassy Terrain\n|upkeep\n|c|\u2606sis i won LOL|Rip\n|\n|t:|1698517438\n|switch|p1a: Dialga|Dialga|76\/100 tox\n|-activate|p1a: Dialga|move: Sticky Web\n|-unboost|p1a: Dialga|spe|1\n|-ability|p1a: Dialga|Pressure\n|turn|99\n|-activate|p2a: PERIODT|item: Quick Claw\n|\n|t:|1698517446\n|move|p2a: PERIODT|Anchor Shot|p1a: Dialga\n|-resisted|p1a: Dialga\n|-damage|p1a: Dialga|72\/100 tox\n|-activate|p1a: Dialga|trapped\n|move|p1a: Dialga|Dragon Pulse|p2a: PERIODT\n|-damage|p2a: PERIODT|30\/100\n|\n|-heal|p2a: PERIODT|36\/100|[from] Grassy Terrain\n|-heal|p1a: Dialga|78\/100 tox|[from] Grassy Terrain\n|-damage|p1a: Dialga|72\/100 tox|[from] psn\n|upkeep\n|turn|100\n|\n|t:|1698517457\n|move|p2a: PERIODT|Synthesis|p2a: PERIODT\n|-heal|p2a: PERIODT|86\/100\n|move|p1a: Dialga|Dragon Pulse|p2a: PERIODT\n|-damage|p2a: PERIODT|21\/100\n|\n|-heal|p2a: PERIODT|27\/100|[from] Grassy Terrain\n|-heal|p1a: Dialga|78\/100 tox|[from] Grassy Terrain\n|-damage|p1a: Dialga|66\/100 tox|[from] psn\n|upkeep\n|turn|101\n|-activate|p2a: PERIODT|item: Quick Claw\n|\n|t:|1698517465\n|move|p2a: PERIODT|Synthesis|p2a: PERIODT\n|-heal|p2a: PERIODT|77\/100\n|move|p1a: Dialga|Flamethrower|p2a: PERIODT\n|-supereffective|p2a: PERIODT\n|-damage|p2a: PERIODT|2\/100\n|\n|-heal|p2a: PERIODT|8\/100|[from] Grassy Terrain\n|-heal|p1a: Dialga|72\/100 tox|[from] Grassy Terrain\n|-damage|p1a: Dialga|54\/100 tox|[from] psn\n|-fieldend|move: Grassy Terrain\n|upkeep\n|turn|102\n|inactive|yzeetgnuy has 90 seconds left.\n|c|\u2606sis i won LOL|LOL\n|-activate|p2a: PERIODT|item: Quick Claw\n|\n|t:|1698517479\n|move|p2a: PERIODT|Synthesis|p2a: PERIODT\n|-heal|p2a: PERIODT|58\/100\n|move|p1a: Dialga|Dragon Pulse|p2a: PERIODT\n|-damage|p2a: PERIODT|0 fnt\n|faint|p2a: PERIODT\n|\n|-damage|p1a: Dialga|29\/100 tox|[from] psn\n|upkeep\n|c|\u2606yzeetgnuy|FINALLY\n|inactive|sis i won LOL has 120 seconds left.\n|\n|t:|1698517508\n|switch|p2a: Feminist Kween|Kommo-o, M, shiny|100\/100\n|turn|103\n|inactive|yzeetgnuy has 90 seconds left.\n|\n|t:|1698517519\n|-zpower|p2a: Feminist Kween\n|move|p2a: Feminist Kween|Clangorous Soulblaze|p1a: Dialga|[zeffect]\n|-damage|p1a: Dialga|0 fnt\n|faint|p1a: Dialga\n|-boost|p2a: Feminist Kween|atk|1\n|-boost|p2a: Feminist Kween|def|1\n|-boost|p2a: Feminist Kween|spa|1\n|-boost|p2a: Feminist Kween|spd|1\n|-boost|p2a: Feminist Kween|spe|1\n|\n|upkeep\n|inactive|yzeetgnuy has 90 seconds left.\n|\n|t:|1698517531\n|switch|p1a: Tapu Koko|Tapu Koko|100\/100\n|-activate|p1a: Tapu Koko|move: Sticky Web\n|-unboost|p1a: Tapu Koko|spe|1\n|-fieldstart|move: Electric Terrain|[from] ability: Electric Surge|[of] p1a: Tapu Koko\n|turn|104\n|\n|t:|1698517538\n|-terastallize|p1a: Tapu Koko|Electric\n|move|p2a: Feminist Kween|Flash Cannon|p1a: Tapu Koko\n|-resisted|p1a: Tapu Koko\n|-damage|p1a: Tapu Koko|70\/100\n|move|p1a: Tapu Koko|Dazzling Gleam|p2a: Feminist Kween\n|-supereffective|p2a: Feminist Kween\n|-damage|p2a: Feminist Kween|0 fnt\n|faint|p2a: Feminist Kween\n|\n|-heal|p1a: Tapu Koko|76\/100|[from] item: Leftovers\n|upkeep\n|c|\u2606yzeetgnuy|come back of the century\n|c|\u2606sis i won LOL|Erm\u2026 forfeit?\n|inactive|sis i won LOL has 90 seconds left.\n|c|\u2606yzeetgnuy|no\n|\n|t:|1698517576\n|switch|p2a: Peepaw|Togedemaru, M, shiny|88\/100\n|turn|105\n|c|\u2606yzeetgnuy|I\n|c|\u2606yzeetgnuy|NEVER\n|c|\u2606yzeetgnuy|FOLD\n|inactive|yzeetgnuy has 90 seconds left.\n|\n|t:|1698517588\n|move|p1a: Tapu Koko|Brave Bird|p2a: Peepaw\n|-resisted|p2a: Peepaw\n|-damage|p2a: Peepaw|76\/100\n|-damage|p1a: Tapu Koko|71\/100|[from] Recoil\n|move|p2a: Peepaw|Super Fang|p1a: Tapu Koko\n|-damage|p1a: Tapu Koko|36\/100\n|\n|-heal|p1a: Tapu Koko|42\/100|[from] item: Leftovers\n|upkeep\n|turn|106\n|c|\u2606sis i won LOL|King energy\n|\n|t:|1698517601\n|move|p2a: Peepaw|Spiky Shield|p2a: Peepaw\n|-singleturn|p2a: Peepaw|move: Protect\n|move|p1a: Tapu Koko|Thunder|p2a: Peepaw\n|-activate|p2a: Peepaw|move: Protect\n|\n|-heal|p1a: Tapu Koko|48\/100|[from] item: Leftovers\n|upkeep\n|turn|107\n|\n|t:|1698517608\n|move|p1a: Tapu Koko|Thunder|p2a: Peepaw\n|-ability|p2a: Peepaw|Lightning Rod|boost\n|-boost|p2a: Peepaw|spa|1\n|move|p2a: Peepaw|Wish|p2a: Peepaw\n|\n|-heal|p1a: Tapu Koko|54\/100|[from] item: Leftovers\n|upkeep\n|turn|108\n|inactive|sis i won LOL has 90 seconds left.\n|c|\u2606yzeetgnuy|ah damn\n|\n|t:|1698517621\n|move|p1a: Tapu Koko|Dazzling Gleam|p2a: Peepaw\n|-resisted|p2a: Peepaw\n|-damage|p2a: Peepaw|61\/100\n|move|p2a: Peepaw|Super Fang|p1a: Tapu Koko\n|-damage|p1a: Tapu Koko|28\/100\n|\n|-heal|p2a: Peepaw|100\/100|[from] move: Wish|[wisher] Peepaw\n|-heal|p1a: Tapu Koko|34\/100|[from] item: Leftovers\n|-fieldend|move: Electric Terrain\n|upkeep\n|turn|109\n|inactive|sis i won LOL has 90 seconds left.\n|c|\u2606yzeetgnuy|you stalling bastard\n|\n|t:|1698517637\n|move|p1a: Tapu Koko|Dazzling Gleam|p2a: Peepaw\n|-resisted|p2a: Peepaw\n|-damage|p2a: Peepaw|84\/100\n|move|p2a: Peepaw|Super Fang|p1a: Tapu Koko\n|-damage|p1a: Tapu Koko|17\/100\n|\n|-heal|p1a: Tapu Koko|23\/100|[from] item: Leftovers\n|upkeep\n|turn|110\n|c|\u2606yzeetgnuy|gg\n|\n|t:|1698517655\n|move|p1a: Tapu Koko|Dazzling Gleam|p2a: Peepaw\n|-resisted|p2a: Peepaw\n|-damage|p2a: Peepaw|70\/100\n|move|p2a: Peepaw|Super Fang|p1a: Tapu Koko\n|-damage|p1a: Tapu Koko|12\/100\n|\n|-heal|p1a: Tapu Koko|18\/100|[from] item: Leftovers\n|upkeep\n|turn|111\n|\n|t:|1698517663\n|move|p1a: Tapu Koko|Volt Switch|p2a: Peepaw\n|-ability|p2a: Peepaw|Lightning Rod|boost\n|-boost|p2a: Peepaw|spa|1\n|move|p2a: Peepaw|Wish|p2a: Peepaw\n|\n|-heal|p1a: Tapu Koko|24\/100|[from] item: Leftovers\n|upkeep\n|turn|112\n|c|\u2606sis i won LOL|Gg king\n|\n|t:|1698517684\n|switch|p2a: Muddy Flaps|Mudsdale, F, shiny|100\/100 slp\n|move|p1a: Tapu Koko|Thunder|p2a: Muddy Flaps\n|-immune|p2a: Muddy Flaps\n|\n|-heal|p1a: Tapu Koko|30\/100|[from] item: Leftovers\n|upkeep\n|turn|113\n|inactive|yzeetgnuy has 60 seconds left.\n|c|\u2606yzeetgnuy|<3\n|\n|t:|1698517701\n|move|p1a: Tapu Koko|Brave Bird|p2a: Muddy Flaps\n|-damage|p2a: Muddy Flaps|80\/100 slp\n|-ability|p2a: Muddy Flaps|Stamina|boost\n|-boost|p2a: Muddy Flaps|def|1\n|-damage|p1a: Tapu Koko|20\/100|[from] Recoil\n|cant|p2a: Muddy Flaps|slp\n|move|p2a: Muddy Flaps|Sleep Talk|p2a: Muddy Flaps\n|move|p2a: Muddy Flaps|Earthquake|p1a: Tapu Koko|[from]move: Sleep Talk\n|-supereffective|p1a: Tapu Koko\n|-damage|p1a: Tapu Koko|0 fnt\n|faint|p1a: Tapu Koko\n|-damage|p2a: Muddy Flaps|70\/100 slp|[from] item: Life Orb\n|\n|win|sis i won LOL\n|raw|yzeetgnuy's rating: 1000 &rarr; <strong>1000<\/strong><br \/>(+0 for losing)\n|raw|sis i won LOL's rating: 1118 &rarr; <strong>1135<\/strong><br \/>(+17 for winning)\n|c|\u2606sis i won LOL|Gg!!\n|c|\u2606yzeetgnuy|gg\n|l|\u2606sis i won LOL\n","uploadtime":1698517721,"views":13,"p1id":"yzeetgnuy","p2id":"sisiwonlol","formatid":"gen9nationaldexubers","rating":1000,"private":0,"password":""}