{"id":"gen9nationaldexubers-1979161749","p1":"sertfxxch","p2":"im blue boy","format":"[Gen 9] National Dex Ubers","log":"|j|\u2606sertfxxch\n|j|\u2606im blue boy\n|t:|1698641506\n|gametype|singles\n|player|p1|sertfxxch|1|1139\n|player|p2|im blue boy|266|1095\n|teamsize|p1|6\n|teamsize|p2|6\n|gen|9\n|tier|[Gen 9] National Dex Ubers\n|rated|\n|rule|HP Percentage Mod: HP is shown in percentages\n|rule|Endless Battle Clause: Forcing endless battles is banned\n|rule|OHKO Clause: OHKO moves are banned\n|rule|Evasion Moves Clause: Evasion moves are banned\n|rule|Evasion Items Clause: Evasion items are banned\n|rule|Species Clause: Limit one of each Pok\u00e9mon\n|rule|Sleep Clause Mod: Limit one foe put to sleep\n|rule|Mega Rayquaza Clause: You cannot mega evolve Rayquaza\n|clearpoke\n|poke|p1|Greninja-*, M|\n|poke|p1|Blacephalon|\n|poke|p1|Gallade, M|\n|poke|p1|Mamoswine, F|\n|poke|p1|Blastoise, F|\n|poke|p1|Sceptile, F|\n|poke|p2|Groudon|\n|poke|p2|Garganacl, M|\n|poke|p2|Chien-Pao|\n|poke|p2|Ursaluna-Bloodmoon, M|\n|poke|p2|Murkrow, M|\n|poke|p2|Yveltal|\n|teampreview\n|inactive|Battle timer is ON: inactive players will automatically lose when time's up. (requested by im blue boy)\n|\n|t:|1698641516\n|start\n|switch|p1a: Mamoswine|Mamoswine, F|100\/100\n|switch|p2a: Garganacl|Garganacl, M|100\/100\n|turn|1\n|\n|t:|1698641526\n|move|p1a: Mamoswine|Stealth Rock|p2a: Garganacl\n|-sidestart|p2: im blue boy|move: Stealth Rock\n|move|p2a: Garganacl|Body Press|p1a: Mamoswine\n|-supereffective|p1a: Mamoswine\n|-damage|p1a: Mamoswine|36\/100\n|\n|upkeep\n|turn|2\n|\n|t:|1698641532\n|move|p2a: Garganacl|Body Press|p1a: Mamoswine\n|-supereffective|p1a: Mamoswine\n|-damage|p1a: Mamoswine|0 fnt\n|faint|p1a: Mamoswine\n|\n|upkeep\n|\n|t:|1698641535\n|switch|p1a: Blastoise|Blastoise, F|100\/100\n|turn|3\n|\n|t:|1698641545\n|switch|p2a: Yveltal|Yveltal|100\/100\n|-damage|p2a: Yveltal|76\/100|[from] Stealth Rock\n|-ability|p2a: Yveltal|Dark Aura\n|move|p1a: Blastoise|Shell Smash|p1a: Blastoise\n|-unboost|p1a: Blastoise|def|1\n|-unboost|p1a: Blastoise|spd|1\n|-boost|p1a: Blastoise|atk|2\n|-boost|p1a: Blastoise|spa|2\n|-boost|p1a: Blastoise|spe|2\n|-enditem|p1a: Blastoise|White Herb\n|-clearnegativeboost|p1a: Blastoise|[silent]\n|\n|upkeep\n|turn|4\n|\n|t:|1698641562\n|move|p1a: Blastoise|Ice Beam|p2a: Yveltal\n|-supereffective|p2a: Yveltal\n|-damage|p2a: Yveltal|2\/100\n|move|p2a: Yveltal|Oblivion Wing|p1a: Blastoise\n|-damage|p1a: Blastoise|65\/100\n|-heal|p2a: Yveltal|22\/100|[from] drain|[of] p1a: Blastoise\n|\n|upkeep\n|turn|5\n|\n|t:|1698641573\n|move|p1a: Blastoise|Ice Beam|p2a: Yveltal\n|-supereffective|p2a: Yveltal\n|-damage|p2a: Yveltal|0 fnt\n|faint|p2a: Yveltal\n|\n|upkeep\n|\n|t:|1698641582\n|switch|p2a: Groudon|Groudon|100\/100\n|-damage|p2a: Groudon|94\/100|[from] Stealth Rock\n|detailschange|p2a: Groudon|Groudon-Primal\n|-primal|p2a: Groudon|Red Orb\n|-weather|DesolateLand|[from] ability: Desolate Land|[of] p2a: Groudon\n|turn|6\n|\n|t:|1698641595\n|move|p1a: Blastoise|Ice Beam|p2a: Groudon\n|-damage|p2a: Groudon|43\/100\n|move|p2a: Groudon|Heat Crash|p1a: Blastoise\n|-resisted|p1a: Blastoise\n|-crit|p1a: Blastoise\n|-damage|p1a: Blastoise|0 fnt\n|faint|p1a: Blastoise\n|\n|-weather|DesolateLand|[upkeep]\n|upkeep\n|\n|t:|1698641610\n|switch|p1a: Greninja|Greninja, M|100\/100\n|turn|7\n|\n|t:|1698641615\n|move|p1a: Greninja|Dark Pulse|p2a: Groudon\n|-damage|p2a: Groudon|0 fnt\n|faint|p2a: Groudon\n|-weather|none\n|-ability|p1a: Greninja|Battle Bond|boost\n|-boost|p1a: Greninja|atk|1\n|-boost|p1a: Greninja|spa|1\n|-boost|p1a: Greninja|spe|1\n|-activate|p1a: Greninja|ability: Battle Bond\n|-damage|p1a: Greninja|91\/100|[from] item: Life Orb\n|\n|upkeep\n|\n|t:|1698641625\n|switch|p2a: Murkrow|Murkrow, M|100\/100\n|-damage|p2a: Murkrow|75\/100|[from] Stealth Rock\n|turn|8\n|\n|t:|1698641633\n|move|p2a: Murkrow|Haze|p2a: Murkrow\n|-clearallboost\n|move|p1a: Greninja|Ice Beam|p2a: Murkrow\n|-supereffective|p2a: Murkrow\n|-damage|p2a: Murkrow|0 fnt\n|faint|p2a: Murkrow\n|-damage|p1a: Greninja|81\/100|[from] item: Life Orb\n|\n|upkeep\n|\n|t:|1698641643\n|switch|p2a: Garganacl|Garganacl, M|100\/100\n|-damage|p2a: Garganacl|88\/100|[from] Stealth Rock\n|turn|9\n|c|\u2606sertfxxch|wait\n|c|\u2606sertfxxch|huh\n|c|\u2606sertfxxch|i thought dark types block prankster?\n|\n|t:|1698641672\n|-terastallize|p1a: Greninja|Water\n|move|p1a: Greninja|Water Shuriken|p2a: Garganacl\n|-supereffective|p2a: Garganacl\n|-damage|p2a: Garganacl|68\/100\n|-supereffective|p2a: Garganacl\n|-damage|p2a: Garganacl|48\/100\n|-supereffective|p2a: Garganacl\n|-damage|p2a: Garganacl|29\/100\n|-hitcount|p2a: Garganacl|3\n|-damage|p1a: Greninja|71\/100|[from] item: Life Orb\n|move|p2a: Garganacl|Body Press|p1a: Greninja\n|-damage|p1a: Greninja|26\/100\n|\n|-heal|p2a: Garganacl|35\/100|[from] item: Leftovers\n|upkeep\n|turn|10\n|\n|t:|1698641688\n|move|p1a: Greninja|Water Shuriken|p2a: Garganacl\n|-supereffective|p2a: Garganacl\n|-crit|p2a: Garganacl\n|-damage|p2a: Garganacl|7\/100\n|-supereffective|p2a: Garganacl\n|-damage|p2a: Garganacl|0 fnt\n|faint|p2a: Garganacl\n|-hitcount|p2: Garganacl|2\n|-damage|p1a: Greninja|17\/100|[from] item: Life Orb\n|\n|upkeep\n|\n|t:|1698641697\n|switch|p2a: Chien-Pao|Chien-Pao|100\/100\n|-damage|p2a: Chien-Pao|76\/100|[from] Stealth Rock\n|-ability|p2a: Chien-Pao|Sword of Ruin\n|turn|11\n|\n|t:|1698641705\n|move|p1a: Greninja|Water Shuriken|p2a: Chien-Pao\n|-damage|p2a: Chien-Pao|57\/100\n|-damage|p2a: Chien-Pao|39\/100\n|-hitcount|p2a: Chien-Pao|2\n|-damage|p1a: Greninja|7\/100|[from] item: Life Orb\n|move|p2a: Chien-Pao|Sucker Punch||[still]\n|-fail|p2a: Chien-Pao\n|\n|upkeep\n|turn|12\n|\n|t:|1698641715\n|switch|p2a: Ursaluna|Ursaluna-Bloodmoon, M|100\/100\n|-damage|p2a: Ursaluna|94\/100|[from] Stealth Rock\n|move|p1a: Greninja|Water Shuriken|p2a: Ursaluna\n|-supereffective|p2a: Ursaluna\n|-damage|p2a: Ursaluna|77\/100\n|-supereffective|p2a: Ursaluna\n|-damage|p2a: Ursaluna|62\/100\n|-supereffective|p2a: Ursaluna\n|-damage|p2a: Ursaluna|44\/100\n|-supereffective|p2a: Ursaluna\n|-damage|p2a: Ursaluna|28\/100\n|-hitcount|p2a: Ursaluna|4\n|-damage|p1a: Greninja|0 fnt|[from] item: Life Orb\n|faint|p1a: Greninja\n|\n|upkeep\n|\n|t:|1698641723\n|switch|p1a: Blacephalon|Blacephalon|100\/100\n|turn|13\n|\n|t:|1698641740\n|move|p1a: Blacephalon|Flamethrower|p2a: Ursaluna\n|-damage|p2a: Ursaluna|0 fnt\n|faint|p2a: Ursaluna\n|-ability|p1a: Blacephalon|Beast Boost|boost\n|-boost|p1a: Blacephalon|spa|1\n|\n|upkeep\n|\n|t:|1698641747\n|switch|p2a: Chien-Pao|Chien-Pao|39\/100\n|-damage|p2a: Chien-Pao|14\/100|[from] Stealth Rock\n|-ability|p2a: Chien-Pao|Sword of Ruin\n|turn|14\n|\n|t:|1698641753\n|switch|p1a: Gallade|Gallade, M|100\/100\n|move|p2a: Chien-Pao|Sucker Punch||[still]\n|-fail|p2a: Chien-Pao\n|\n|upkeep\n|turn|15\n|\n|t:|1698641762\n|detailschange|p1a: Gallade|Gallade-Mega, M\n|-mega|p1a: Gallade|Gallade|Galladite\n|-terastallize|p2a: Chien-Pao|Dark\n|move|p2a: Chien-Pao|Sucker Punch|p1a: Gallade\n|-damage|p1a: Gallade|0 fnt\n|faint|p1a: Gallade\n|\n|upkeep\n|\n|t:|1698641771\n|switch|p1a: Sceptile|Sceptile, F|100\/100\n|turn|16\n|\n|t:|1698641777\n|move|p1a: Sceptile|Endure|p1a: Sceptile\n|-singleturn|p1a: Sceptile|move: Endure\n|move|p2a: Chien-Pao|Sucker Punch||[still]\n|-fail|p2a: Chien-Pao\n|\n|upkeep\n|turn|17\n|\n|t:|1698641784\n|move|p2a: Chien-Pao|Sucker Punch|p1a: Sceptile\n|-damage|p1a: Sceptile|0 fnt\n|faint|p1a: Sceptile\n|\n|upkeep\n|\n|t:|1698641787\n|switch|p1a: Blacephalon|Blacephalon|100\/100\n|turn|18\n|\n|t:|1698641792\n|move|p2a: Chien-Pao|Sucker Punch|p1a: Blacephalon\n|-supereffective|p1a: Blacephalon\n|-damage|p1a: Blacephalon|0 fnt\n|faint|p1a: Blacephalon\n|\n|win|im blue boy\n|raw|sertfxxch's rating: 1139 &rarr; <strong>1111<\/strong><br \/>(-28 for losing)\n|raw|im blue boy's rating: 1095 &rarr; <strong>1124<\/strong><br \/>(+29 for winning)\n|c|\u2606sertfxxch|bro\n|l|\u2606im blue boy\n|c|\u2606sertfxxch|explain the prankster\n","uploadtime":1698641852,"views":13,"p1id":"sertfxxch","p2id":"imblueboy","formatid":"gen9nationaldexubers","rating":1111,"private":0,"password":""}