{"id":"gen9nationaldexubers-1984829401","p1":"Dontoutpizzathehut","p2":"Honormon","format":"[Gen 9] National Dex Ubers","log":"|j|\u2606Dontoutpizzathehut\n|j|\u2606Honormon\n|t:|1699302534\n|gametype|singles\n|player|p1|Dontoutpizzathehut|265|1184\n|player|p2|Honormon|169|1184\n|teamsize|p1|6\n|teamsize|p2|6\n|gen|9\n|tier|[Gen 9] National Dex Ubers\n|rated|\n|rule|HP Percentage Mod: HP is shown in percentages\n|rule|Endless Battle Clause: Forcing endless battles is banned\n|rule|OHKO Clause: OHKO moves are banned\n|rule|Evasion Moves Clause: Evasion moves are banned\n|rule|Evasion Items Clause: Evasion items are banned\n|rule|Species Clause: Limit one of each Pok\u00e9mon\n|rule|Sleep Clause Mod: Limit one foe put to sleep\n|rule|Mega Rayquaza Clause: You cannot mega evolve Rayquaza\n|clearpoke\n|poke|p1|Calyrex-Ice|\n|poke|p1|Kartana|\n|poke|p1|Blastoise, M|\n|poke|p1|Tapu Koko|\n|poke|p1|Marshadow|\n|poke|p1|Arboliva, F|\n|poke|p2|Cofagrigus, F|\n|poke|p2|Komala, F|\n|poke|p2|Annihilape, F|\n|poke|p2|Cloyster, F|\n|poke|p2|Alomomola, F|\n|poke|p2|Lugia|\n|teampreview\n|inactive|Battle timer is ON: inactive players will automatically lose when time's up. (requested by Dontoutpizzathehut)\n|inactive|Honormon also wants the timer to be on.\n|\n|t:|1699302560\n|start\n|switch|p1a: Tapu Koko|Tapu Koko|100\/100\n|switch|p2a: Alomomola|Alomomola, F|100\/100\n|-fieldstart|move: Electric Terrain|[from] ability: Electric Surge|[of] p1a: Tapu Koko\n|turn|1\n|\n|t:|1699302563\n|move|p2a: Alomomola|Protect|p2a: Alomomola\n|-singleturn|p2a: Alomomola|Protect\n|move|p1a: Tapu Koko|Volt Switch|p2a: Alomomola\n|-activate|p2a: Alomomola|move: Protect\n|\n|upkeep\n|turn|2\n|\n|t:|1699302571\n|switch|p2a: Cofagrigus|Cofagrigus, F|100\/100\n|move|p1a: Tapu Koko|Volt Switch|p2a: Cofagrigus\n|-damage|p2a: Cofagrigus|63\/100\n|\n|t:|1699302574\n|switch|p1a: Blastoise|Blastoise, M|100\/100|[from] Volt Switch\n|\n|upkeep\n|turn|3\n|\n|t:|1699302578\n|detailschange|p1a: Blastoise|Blastoise-Mega, M\n|-mega|p1a: Blastoise|Blastoise|Blastoisinite\n|move|p1a: Blastoise|Shell Smash|p1a: Blastoise\n|-unboost|p1a: Blastoise|def|1\n|-unboost|p1a: Blastoise|spd|1\n|-boost|p1a: Blastoise|atk|2\n|-boost|p1a: Blastoise|spa|2\n|-boost|p1a: Blastoise|spe|2\n|move|p2a: Cofagrigus|Trick Room|p2a: Cofagrigus\n|-fieldstart|move: Trick Room|[of] p2a: Cofagrigus\n|\n|upkeep\n|turn|4\n|\n|t:|1699302587\n|move|p2a: Cofagrigus|Shadow Ball|p1a: Blastoise\n|-damage|p1a: Blastoise|55\/100\n|move|p1a: Blastoise|Dark Pulse|p2a: Cofagrigus\n|-supereffective|p2a: Cofagrigus\n|-damage|p2a: Cofagrigus|0 fnt\n|faint|p2a: Cofagrigus\n|\n|upkeep\n|\n|t:|1699302592\n|switch|p2a: Annihilape|Annihilape, F|100\/100\n|turn|5\n|\n|t:|1699302603\n|move|p2a: Annihilape|Drain Punch|p1a: Blastoise\n|-damage|p1a: Blastoise|15\/100\n|move|p1a: Blastoise|Terrain Pulse|p2a: Annihilape\n|-damage|p2a: Annihilape|34\/100\n|\n|-fieldend|move: Electric Terrain\n|upkeep\n|turn|6\n|\n|t:|1699302612\n|move|p2a: Annihilape|Rage Fist|p1a: Blastoise\n|-damage|p1a: Blastoise|0 fnt\n|faint|p1a: Blastoise\n|\n|upkeep\n|\n|t:|1699302621\n|switch|p1a: Marshadow|Marshadow|100\/100\n|turn|7\n|\n|t:|1699302633\n|switch|p2a: Alomomola|Alomomola, F|100\/100\n|move|p1a: Marshadow|Shadow Sneak|p2a: Alomomola\n|-damage|p2a: Alomomola|88\/100\n|\n|-heal|p2a: Alomomola|94\/100|[from] item: Leftovers\n|-fieldend|move: Trick Room\n|upkeep\n|turn|8\n|\n|t:|1699302638\n|move|p1a: Marshadow|Swagger|p2a: Alomomola\n|-boost|p2a: Alomomola|atk|2\n|-enditem|p1a: Marshadow|Mirror Herb\n|-boost|p1a: Marshadow|atk|2|[from] item: Mirror Herb\n|-start|p2a: Alomomola|confusion\n|-activate|p2a: Alomomola|confusion\n|-damage|p2a: Alomomola|88\/100|[from] confusion\n|\n|-heal|p2a: Alomomola|94\/100|[from] item: Leftovers\n|upkeep\n|turn|9\n|\n|t:|1699302647\n|-activate|p2a: Alomomola|confusion\n|-damage|p2a: Alomomola|88\/100|[from] confusion\n|move|p1a: Marshadow|Spectral Thief||[still]\n|-clearpositiveboost|p2a: Alomomola|p1a: Marshadow|move: Spectral Thief\n|-boost|p1a: Marshadow|atk|2\n|-anim|p1a: Marshadow|Spectral Thief|p2a: Alomomola\n|-damage|p2a: Alomomola|32\/100\n|\n|-heal|p2a: Alomomola|38\/100|[from] item: Leftovers\n|upkeep\n|turn|10\n|\n|t:|1699302659\n|switch|p2a: Lugia|Lugia|100\/100\n|move|p1a: Marshadow|Shadow Sneak|p2a: Lugia\n|-supereffective|p2a: Lugia\n|-damage|p2a: Lugia|61\/100\n|\n|upkeep\n|turn|11\n|\n|t:|1699302665\n|-terastallize|p2a: Lugia|Fighting\n|move|p1a: Marshadow|Spectral Thief|p2a: Lugia\n|-damage|p2a: Lugia|0 fnt\n|faint|p2a: Lugia\n|\n|upkeep\n|\n|t:|1699302672\n|switch|p2a: Alomomola|Alomomola, F|71\/100\n|turn|12\n|\n|t:|1699302680\n|move|p2a: Alomomola|Protect|p2a: Alomomola\n|-singleturn|p2a: Alomomola|Protect\n|move|p1a: Marshadow|Spectral Thief|p2a: Alomomola\n|-activate|p2a: Alomomola|move: Protect\n|\n|-heal|p2a: Alomomola|77\/100|[from] item: Leftovers\n|upkeep\n|turn|13\n|\n|t:|1699302684\n|move|p1a: Marshadow|Spectral Thief|p2a: Alomomola\n|-damage|p2a: Alomomola|13\/100\n|move|p2a: Alomomola|Wish|p2a: Alomomola\n|\n|-heal|p2a: Alomomola|19\/100|[from] item: Leftovers\n|upkeep\n|turn|14\n|\n|t:|1699302691\n|switch|p2a: Annihilape|Annihilape, F|34\/100\n|move|p1a: Marshadow|Swagger|p2a: Annihilape\n|-boost|p2a: Annihilape|atk|2\n|-start|p2a: Annihilape|confusion\n|\n|-heal|p2a: Annihilape|97\/100|[from] move: Wish|[wisher] Alomomola\n|upkeep\n|turn|15\n|\n|t:|1699302702\n|-terastallize|p1a: Marshadow|Normal\n|move|p1a: Marshadow|Spectral Thief||[still]\n|-clearpositiveboost|p2a: Annihilape|p1a: Marshadow|move: Spectral Thief\n|-boost|p1a: Marshadow|atk|2\n|-anim|p1a: Marshadow|Spectral Thief|p2a: Annihilape\n|-supereffective|p2a: Annihilape\n|-damage|p2a: Annihilape|0 fnt\n|faint|p2a: Annihilape\n|\n|upkeep\n|-message|Honormon forfeited.\n|\n|win|Dontoutpizzathehut\n|raw|Dontoutpizzathehut's rating: 1184 &rarr; <strong>1209<\/strong><br \/>(+25 for winning)\n|raw|Honormon's rating: 1184 &rarr; <strong>1159<\/strong><br \/>(-25 for losing)\n|l|\u2606Honormon\n","uploadtime":1699302725,"views":6,"p1id":"dontoutpizzathehut","p2id":"honormon","formatid":"gen9nationaldexubers","rating":1159,"private":0,"password":""}