{"id":"gen9nationaldexubers-1979003221","p1":"Lucarr10","p2":"Omey","format":"[Gen 9] National Dex Ubers","log":"|j|\u2606Lucarr10\n|j|\u2606Omey\n|t:|1698619889\n|gametype|singles\n|player|p1|Lucarr10|clair|\n|player|p2|Omey|galacticgrunt|\n|teamsize|p1|4\n|teamsize|p2|4\n|gen|9\n|tier|[Gen 9] National Dex Ubers\n|rule|HP Percentage Mod: HP is shown in percentages\n|rule|Endless Battle Clause: Forcing endless battles is banned\n|rule|OHKO Clause: OHKO moves are banned\n|rule|Evasion Moves Clause: Evasion moves are banned\n|rule|Evasion Items Clause: Evasion items are banned\n|rule|Species Clause: Limit one of each Pok\u00e9mon\n|rule|Sleep Clause Mod: Limit one foe put to sleep\n|rule|Mega Rayquaza Clause: You cannot mega evolve Rayquaza\n|clearpoke\n|poke|p1|Golem-Alola, M|\n|poke|p1|Toxapex, F|\n|poke|p1|Shuckle, F|\n|poke|p1|Reuniclus, M|\n|poke|p2|Gardevoir, M|\n|poke|p2|Sandaconda, M|\n|poke|p2|Swampert, M|\n|poke|p2|Toxapex, M|\n|teampreview\n|c|\u2606Omey|PEX ON PEX\n|c|\u2606Lucarr10|oh no, a stall mirror\n|c|\u2606Lucarr10|do you ever just not read a set before loading up -_-\n|c|\u2606Lucarr10|anyway, gl for g1\n|c|\u2606Omey|o its bo3?\n|c|\u2606Omey|ok u2\n|c|\u2606Lucarr10|yeah, it's bo3 this time\n|c|\u2606Lucarr10|it's fine, I'll just win both games so we don't have to stick around as long :P\n|\n|t:|1698620047\n|start\n|switch|p1a: shell-shocked|Shuckle, F|100\/100\n|switch|p2a: Oops! All HMs!|Swampert, M|100\/100\n|turn|1\n|\n|t:|1698620068\n|move|p2a: Oops! All HMs!|Dive||[still]\n|-prepare|p2a: Oops! All HMs!|Dive\n|move|p1a: shell-shocked|Shell Smash|p1a: shell-shocked\n|-boost|p1a: shell-shocked|def|1\n|-boost|p1a: shell-shocked|spd|1\n|-unboost|p1a: shell-shocked|atk|2\n|-unboost|p1a: shell-shocked|spa|2\n|-unboost|p1a: shell-shocked|spe|2\n|\n|upkeep\n|turn|2\n|\n|t:|1698620078\n|move|p2a: Oops! All HMs!|Dive|p1a: shell-shocked|[from]lockedmove\n|-supereffective|p1a: shell-shocked\n|-damage|p1a: shell-shocked|54\/100\n|move|p1a: shell-shocked|Infestation|p2a: Oops! All HMs!\n|-damage|p2a: Oops! All HMs!|99\/100\n|-activate|p2a: Oops! All HMs!|move: Infestation|[of] p1a: shell-shocked\n|\n|-heal|p1a: shell-shocked|60\/100|[from] item: Leftovers\n|-damage|p2a: Oops! All HMs!|87\/100|[from] move: Infestation|[partiallytrapped]\n|upkeep\n|turn|3\n|c|\u2606Omey|well\n|c|\u2606Lucarr10|is there water in that well?\n|\n|t:|1698620104\n|move|p2a: Oops! All HMs!|Dive||[still]\n|-prepare|p2a: Oops! All HMs!|Dive\n|move|p1a: shell-shocked|Shell Smash|p1a: shell-shocked\n|-boost|p1a: shell-shocked|def|1\n|-boost|p1a: shell-shocked|spd|1\n|-unboost|p1a: shell-shocked|atk|2\n|-unboost|p1a: shell-shocked|spa|2\n|-unboost|p1a: shell-shocked|spe|2\n|\n|-heal|p1a: shell-shocked|66\/100|[from] item: Leftovers\n|-damage|p2a: Oops! All HMs!|75\/100|[from] move: Infestation|[partiallytrapped]\n|upkeep\n|turn|4\n|\n|t:|1698620131\n|move|p2a: Oops! All HMs!|Dive|p1a: shell-shocked|[from]lockedmove\n|-supereffective|p1a: shell-shocked\n|-damage|p1a: shell-shocked|31\/100\n|move|p1a: shell-shocked|Toxic|p2a: Oops! All HMs!\n|-status|p2a: Oops! All HMs!|tox\n|\n|-heal|p1a: shell-shocked|37\/100|[from] item: Leftovers\n|-damage|p2a: Oops! All HMs!|69\/100 tox|[from] psn\n|-damage|p2a: Oops! All HMs!|56\/100 tox|[from] move: Infestation|[partiallytrapped]\n|upkeep\n|turn|5\n|\n|t:|1698620144\n|move|p2a: Oops! All HMs!|Dive||[still]\n|-prepare|p2a: Oops! All HMs!|Dive\n|move|p1a: shell-shocked|Shell Smash|p1a: shell-shocked\n|-boost|p1a: shell-shocked|def|1\n|-boost|p1a: shell-shocked|spd|1\n|-unboost|p1a: shell-shocked|atk|2\n|-unboost|p1a: shell-shocked|spa|2\n|-unboost|p1a: shell-shocked|spe|2\n|\n|-heal|p1a: shell-shocked|43\/100|[from] item: Leftovers\n|-damage|p2a: Oops! All HMs!|44\/100 tox|[from] psn\n|-damage|p2a: Oops! All HMs!|32\/100 tox|[from] move: Infestation|[partiallytrapped]\n|upkeep\n|turn|6\n|c|\u2606Omey|why is it shell smash toxic lol\n|c|\u2606Lucarr10|dw\n|c|\u2606Omey|ohhhhh\n|c|\u2606Omey|contrary\n|c|\u2606Omey|i see\n|c|\u2606Lucarr10|yup\n|c|\u2606Lucarr10|that's the part of the set I almost didn't read\n|\n|t:|1698620180\n|move|p2a: Oops! All HMs!|Dive|p1a: shell-shocked|[from]lockedmove\n|-supereffective|p1a: shell-shocked\n|-damage|p1a: shell-shocked|0 fnt\n|faint|p1a: shell-shocked\n|\n|-damage|p2a: Oops! All HMs!|13\/100 tox|[from] psn\n|-end|p2a: Oops! All HMs!|Infestation|[partiallytrapped]\n|upkeep\n|c|\u2606Omey|bigg\n|c|\u2606Lucarr10|oh, torrent\n|\n|t:|1698620207\n|switch|p1a: Big Stall \u2122|Toxapex, F|100\/100\n|turn|7\n|c|\u2606Omey|true i forgot about that\n|\n|t:|1698620222\n|switch|p2a: robbie rotten|Toxapex, M|100\/100\n|move|p1a: Big Stall \u2122|Knock Off|p2a: robbie rotten\n|-damage|p2a: robbie rotten|71\/100\n|-enditem|p2a: robbie rotten|Leftovers|[from] move: Knock Off|[of] p1a: Big Stall \u2122\n|\n|upkeep\n|turn|8\n|\n|t:|1698620247\n|switch|p1a: Blueberry Jello|Reuniclus, M|100\/100\n|move|p2a: robbie rotten|Knock Off|p1a: Blueberry Jello\n|-supereffective|p1a: Blueberry Jello\n|-damage|p1a: Blueberry Jello|50\/100\n|-enditem|p1a: Blueberry Jello|Assault Vest|[from] move: Knock Off|[of] p2a: robbie rotten\n|\n|upkeep\n|turn|9\n|c|\u2606Omey|holy dmg\n|\n|t:|1698620264\n|switch|p2a: i wanna be tracer|Gardevoir, M|100\/100\n|-ability|p2a: i wanna be tracer|Regenerator|[from] ability: Trace|[of] p1a: Blueberry Jello\n|move|p1a: Blueberry Jello|Future Sight|p2a: i wanna be tracer\n|-start|p1a: Blueberry Jello|move: Future Sight\n|\n|upkeep\n|turn|10\n|c|\u2606Lucarr10|I'm gonna be honest, I didn't expect the physical 'pex\n|\n|t:|1698620281\n|switch|p1a: Big Stall \u2122|Toxapex, F|100\/100\n|move|p2a: i wanna be tracer|Calm Mind|p2a: i wanna be tracer\n|-boost|p2a: i wanna be tracer|spa|1\n|-boost|p2a: i wanna be tracer|spd|1\n|\n|upkeep\n|turn|11\n|\n|t:|1698620302\n|move|p2a: i wanna be tracer|Calm Mind|p2a: i wanna be tracer\n|-boost|p2a: i wanna be tracer|spa|1\n|-boost|p2a: i wanna be tracer|spd|1\n|move|p1a: Big Stall \u2122|Poison Jab|p2a: i wanna be tracer\n|-supereffective|p2a: i wanna be tracer\n|-damage|p2a: i wanna be tracer|0 fnt\n|faint|p2a: i wanna be tracer\n|\n|-hint|Future Sight did not hit because the target is fainted.\n|upkeep\n|c|\u2606Omey|bruh\n|\n|t:|1698620315\n|switch|p2a: Oops! All HMs!|Swampert, M|13\/100 tox\n|turn|12\n|\n|t:|1698620323\n|move|p2a: Oops! All HMs!|Earthquake|p1a: Big Stall \u2122\n|-supereffective|p1a: Big Stall \u2122\n|-damage|p1a: Big Stall \u2122|0 fnt\n|faint|p1a: Big Stall \u2122\n|\n|-damage|p2a: Oops! All HMs!|7\/100 tox|[from] psn\n|upkeep\n|\n|t:|1698620333\n|switch|p1a: Blueberry Jello|Reuniclus, M|84\/100\n|turn|13\n|\n|t:|1698620352\n|move|p2a: Oops! All HMs!|Earthquake|p1a: Blueberry Jello\n|-damage|p1a: Blueberry Jello|11\/100\n|move|p1a: Blueberry Jello|Future Sight|p2a: Oops! All HMs!\n|-start|p1a: Blueberry Jello|move: Future Sight\n|\n|-damage|p2a: Oops! All HMs!|0 fnt|[from] psn\n|faint|p2a: Oops! All HMs!\n|upkeep\n|\n|t:|1698620358\n|switch|p2a: Horace Slughorn|Sandaconda, M, shiny|100\/100\n|turn|14\n|\n|t:|1698620368\n|move|p2a: Horace Slughorn|Earthquake|p1a: Blueberry Jello\n|-damage|p1a: Blueberry Jello|0 fnt\n|faint|p1a: Blueberry Jello\n|\n|upkeep\n|\n|t:|1698620372\n|switch|p1a: Wario|Golem-Alola, M, shiny|100\/100\n|turn|15\n|\n|t:|1698620398\n|move|p2a: Horace Slughorn|Earthquake|p1a: Wario\n|-supereffective|p1a: Wario\n|-damage|p1a: Wario|0 fnt\n|faint|p1a: Wario\n|\n|win|Omey\n|c|\u2606Omey|GG\n|l|\u2606Omey\n|c|\u2606Lucarr10|forgot I didn't have sturdy -_-\n","uploadtime":1698621279,"views":14,"p1id":"lucarr10","p2id":"omey","formatid":"gen9nationaldexubers","rating":0,"private":0,"password":""}