{"id":"gen9nationaldexubers-1993172779","p1":"Pollylopy","p2":"TheCoosBiscuit119","format":"[Gen 9] National Dex Ubers","log":"|j|\u2606Pollylopy\n|j|\u2606TheCoosBiscuit119\n|t:|1700273665\n|gametype|singles\n|player|p1|Pollylopy|waitress|1124\n|player|p2|TheCoosBiscuit119|rancher|1191\n|teamsize|p1|6\n|teamsize|p2|6\n|gen|9\n|tier|[Gen 9] National Dex Ubers\n|rated|\n|rule|HP Percentage Mod: HP is shown in percentages\n|rule|Endless Battle Clause: Forcing endless battles is banned\n|rule|OHKO Clause: OHKO moves are banned\n|rule|Evasion Moves Clause: Evasion moves are banned\n|rule|Evasion Items Clause: Evasion items are banned\n|rule|Species Clause: Limit one of each Pok\u00e9mon\n|rule|Sleep Clause Mod: Limit one foe put to sleep\n|rule|Mega Rayquaza Clause: You cannot mega evolve Rayquaza\n|clearpoke\n|poke|p1|Grimmsnarl, M|\n|poke|p1|Vikavolt, F|\n|poke|p1|Scizor, M|\n|poke|p1|Golurk|\n|poke|p1|Snorlax, M|\n|poke|p1|Salazzle, F|\n|poke|p2|Chi-Yu|\n|poke|p2|Tauros-Paldea-Aqua, M|\n|poke|p2|Masquerain, F|\n|poke|p2|Kingambit, M|\n|poke|p2|Spiritomb, M|\n|poke|p2|Iron Valiant|\n|teampreview\n|inactive|Battle timer is ON: inactive players will automatically lose when time's up. (requested by TheCoosBiscuit119)\n|\n|t:|1700273672\n|start\n|switch|p1a: Salazzle|Salazzle, F|100\/100\n|switch|p2a: Yeeee|Masquerain, F|100\/100\n|-ability|p2a: Yeeee|Intimidate|boost\n|-unboost|p1a: Salazzle|atk|1\n|turn|1\n|\n|t:|1700273685\n|move|p1a: Salazzle|Fake Out|p2a: Yeeee\n|-damage|p2a: Yeeee|92\/100\n|cant|p2a: Yeeee|flinch\n|\n|upkeep\n|turn|2\n|\n|t:|1700273695\n|move|p1a: Salazzle|Flamethrower|p2a: Yeeee\n|-supereffective|p2a: Yeeee\n|-damage|p2a: Yeeee|0 fnt\n|faint|p2a: Yeeee\n|\n|upkeep\n|\n|t:|1700273701\n|switch|p2a: Yeee|Tauros-Paldea-Aqua, M|100\/100\n|turn|3\n|\n|t:|1700273723\n|-terastallize|p1a: Salazzle|Dragon\n|move|p1a: Salazzle|Toxic|p2a: Yeee\n|-status|p2a: Yeee|tox\n|move|p2a: Yeee|Bulk Up|p2a: Yeee\n|-boost|p2a: Yeee|atk|1\n|-boost|p2a: Yeee|def|1\n|\n|-damage|p2a: Yeee|94\/100 tox|[from] psn\n|upkeep\n|turn|4\n|\n|t:|1700273735\n|move|p1a: Salazzle|Encore|p2a: Yeee\n|-start|p2a: Yeee|Encore\n|move|p2a: Yeee|Bulk Up|p2a: Yeee\n|-boost|p2a: Yeee|atk|1\n|-boost|p2a: Yeee|def|1\n|\n|-damage|p2a: Yeee|82\/100 tox|[from] psn\n|upkeep\n|turn|5\n|\n|t:|1700273745\n|switch|p1a: Vikavolt|Vikavolt, F|100\/100\n|move|p2a: Yeee|Bulk Up|p2a: Yeee\n|-boost|p2a: Yeee|atk|1\n|-boost|p2a: Yeee|def|1\n|\n|-damage|p2a: Yeee|63\/100 tox|[from] psn\n|upkeep\n|turn|6\n|\n|t:|1700273755\n|move|p2a: Yeee|Bulk Up|p2a: Yeee\n|-boost|p2a: Yeee|atk|1\n|-boost|p2a: Yeee|def|1\n|move|p1a: Vikavolt|Volt Switch|p2a: Yeee\n|-supereffective|p2a: Yeee\n|-damage|p2a: Yeee|0 fnt\n|faint|p2a: Yeee\n|\n|t:|1700273769\n|switch|p1a: Grimmsnarl|Grimmsnarl, M|100\/100|[from] Volt Switch\n|\n|upkeep\n|\n|t:|1700273776\n|switch|p2a: Yeeeeeeee|Spiritomb, M|100\/100\n|-ability|p2a: Yeeeeeeee|Pressure\n|turn|7\n|\n|t:|1700273783\n|move|p1a: Grimmsnarl|Trick|p2a: Yeeeeeeee\n|-hint|Since gen 7, Dark is immune to Prankster moves.\n|-immune|p2a: Yeeeeeeee\n|move|p2a: Yeeeeeeee|Trick Room|p2a: Yeeeeeeee\n|-fieldstart|move: Trick Room|[of] p2a: Yeeeeeeee\n|\n|upkeep\n|turn|8\n|c|\u2606TheCoosBiscuit119|?\n|\n|t:|1700273812\n|switch|p2a: Yeeeeee|Kingambit, M|100\/100\n|-activate|p2a: Yeeeeee|ability: Supreme Overlord\n|-start|p2a: Yeeeeee|fallen2|[silent]\n|switch|p1a: Scizor|Scizor, M|100\/100\n|\n|upkeep\n|turn|9\n|inactive|Pollylopy has 120 seconds left.\n|\n|t:|1700273828\n|move|p2a: Yeeeeee|Stone Edge|p1a: Scizor\n|-damage|p1a: Scizor|39\/100\n|-damage|p2a: Yeeeeee|91\/100|[from] item: Life Orb\n|move|p1a: Scizor|Swords Dance|p1a: Scizor\n|-boost|p1a: Scizor|atk|2\n|\n|upkeep\n|turn|10\n|\n|t:|1700273836\n|switch|p1a: Golurk|Golurk|100\/100\n|move|p2a: Yeeeeee|Stone Edge|p1a: Golurk\n|-resisted|p1a: Golurk\n|-damage|p1a: Golurk|65\/100\n|-damage|p2a: Yeeeeee|81\/100|[from] item: Life Orb\n|\n|-heal|p1a: Golurk|71\/100|[from] item: Leftovers\n|upkeep\n|turn|11\n|\n|t:|1700273847\n|move|p2a: Yeeeeee|Kowtow Cleave|p1a: Golurk\n|-supereffective|p1a: Golurk\n|-damage|p1a: Golurk|0 fnt\n|faint|p1a: Golurk\n|-damage|p2a: Yeeeeee|71\/100|[from] item: Life Orb\n|\n|-fieldend|move: Trick Room\n|upkeep\n|\n|t:|1700273855\n|switch|p1a: Salazzle|Salazzle, F, tera:Dragon|100\/100\n|turn|12\n|\n|t:|1700273860\n|-end|p2a: Yeeeeee|fallen2|[silent]\n|switch|p2a: Yeeeeeeee|Spiritomb, M|100\/100\n|-ability|p2a: Yeeeeeeee|Pressure\n|move|p1a: Salazzle|Flamethrower|p2a: Yeeeeeeee\n|-damage|p2a: Yeeeeeeee|72\/100\n|\n|upkeep\n|turn|13\n|\n|t:|1700273871\n|move|p1a: Salazzle|Toxic|p2a: Yeeeeeeee|[miss]\n|-miss|p1a: Salazzle|p2a: Yeeeeeeee\n|move|p2a: Yeeeeeeee|Trick Room|p2a: Yeeeeeeee\n|-fieldstart|move: Trick Room|[of] p2a: Yeeeeeeee\n|\n|upkeep\n|turn|14\n|\n|t:|1700273878\n|move|p2a: Yeeeeeeee|Foul Play|p1a: Salazzle\n|-damage|p1a: Salazzle|65\/100\n|move|p1a: Salazzle|Encore|p2a: Yeeeeeeee\n|-start|p2a: Yeeeeeeee|Encore\n|\n|upkeep\n|turn|15\n|\n|t:|1700273888\n|switch|p1a: Grimmsnarl|Grimmsnarl, M|100\/100\n|move|p2a: Yeeeeeeee|Foul Play|p1a: Grimmsnarl\n|-resisted|p1a: Grimmsnarl\n|-damage|p1a: Grimmsnarl|85\/100\n|\n|upkeep\n|turn|16\n|\n|t:|1700273899\n|switch|p2a: Yeeeeee|Kingambit, M|71\/100\n|-activate|p2a: Yeeeeee|ability: Supreme Overlord\n|-start|p2a: Yeeeeee|fallen2|[silent]\n|move|p1a: Grimmsnarl|Spirit Break|p2a: Yeeeeee\n|-damage|p2a: Yeeeeee|25\/100\n|-unboost|p2a: Yeeeeee|spa|1\n|\n|upkeep\n|turn|17\n|\n|t:|1700273914\n|switch|p1a: Scizor|Scizor, M|39\/100\n|move|p2a: Yeeeeee|Iron Head|p1a: Scizor\n|-resisted|p1a: Scizor\n|-damage|p1a: Scizor|0 fnt\n|faint|p1a: Scizor\n|-damage|p2a: Yeeeeee|15\/100|[from] item: Life Orb\n|\n|-fieldend|move: Trick Room\n|upkeep\n|\n|t:|1700273934\n|switch|p1a: Vikavolt|Vikavolt, F|100\/100\n|turn|18\n|\n|t:|1700273938\n|-end|p2a: Yeeeeee|fallen2|[silent]\n|switch|p2a: Yeeeeeeee|Spiritomb, M|72\/100\n|-ability|p2a: Yeeeeeeee|Pressure\n|move|p1a: Vikavolt|Volt Switch|p2a: Yeeeeeeee\n|-damage|p2a: Yeeeeeeee|40\/100\n|\n|t:|1700273947\n|switch|p1a: Snorlax|Snorlax, M|100\/100|[from] Volt Switch\n|\n|upkeep\n|turn|19\n|\n|t:|1700273954\n|move|p1a: Snorlax|Curse|p1a: Snorlax\n|-unboost|p1a: Snorlax|spe|1\n|-boost|p1a: Snorlax|atk|1\n|-boost|p1a: Snorlax|def|1\n|move|p2a: Yeeeeeeee|Trick Room|p2a: Yeeeeeeee\n|-fieldstart|move: Trick Room|[of] p2a: Yeeeeeeee\n|\n|upkeep\n|turn|20\n|\n|t:|1700273963\n|move|p1a: Snorlax|Earthquake|p2a: Yeeeeeeee\n|-crit|p2a: Yeeeeeeee\n|-damage|p2a: Yeeeeeeee|0 fnt\n|faint|p2a: Yeeeeeeee\n|\n|upkeep\n|\n|t:|1700273967\n|switch|p2a: Yeeeeee|Kingambit, M|15\/100\n|-activate|p2a: Yeeeeee|ability: Supreme Overlord\n|-start|p2a: Yeeeeee|fallen3|[silent]\n|turn|21\n|\n|t:|1700273975\n|move|p1a: Snorlax|Earthquake|p2a: Yeeeeee\n|-supereffective|p2a: Yeeeeee\n|-damage|p2a: Yeeeeee|0 fnt\n|faint|p2a: Yeeeeee\n|-end|p2a: Yeeeeee|fallen3|[silent]\n|\n|upkeep\n|\n|t:|1700273981\n|switch|p2a: Yee|Chi-Yu|100\/100\n|-ability|p2a: Yee|Beads of Ruin\n|turn|22\n|\n|t:|1700273988\n|-terastallize|p2a: Yee|Ground\n|move|p1a: Snorlax|Earthquake|p2a: Yee\n|-damage|p2a: Yee|21\/100\n|move|p2a: Yee|Snarl|p1a: Snorlax\n|-damage|p1a: Snorlax|73\/100\n|-unboost|p1a: Snorlax|spa|1\n|-enditem|p2a: Yee|Throat Spray\n|-boost|p2a: Yee|spa|1|[from] item: Throat Spray\n|\n|upkeep\n|turn|23\n|\n|t:|1700274006\n|move|p1a: Snorlax|Curse|p1a: Snorlax\n|-unboost|p1a: Snorlax|spe|1\n|-boost|p1a: Snorlax|atk|1\n|-boost|p1a: Snorlax|def|1\n|move|p2a: Yee|Psychic|p1a: Snorlax\n|-damage|p1a: Snorlax|33\/100\n|-enditem|p1a: Snorlax|Sitrus Berry|[eat]\n|-heal|p1a: Snorlax|58\/100|[from] item: Sitrus Berry\n|\n|-fieldend|move: Trick Room\n|upkeep\n|turn|24\n|\n|t:|1700274019\n|move|p2a: Yee|Tera Blast|p1a: Snorlax|[anim] Tera Blast Ground\n|-damage|p1a: Snorlax|0 fnt\n|faint|p1a: Snorlax\n|\n|upkeep\n|\n|t:|1700274032\n|switch|p1a: Grimmsnarl|Grimmsnarl, M|85\/100\n|turn|25\n|\n|t:|1700274035\n|move|p2a: Yee|Tera Blast|p1a: Grimmsnarl|[anim] Tera Blast Ground\n|-damage|p1a: Grimmsnarl|0 fnt\n|faint|p1a: Grimmsnarl\n|\n|upkeep\n|\n|t:|1700274043\n|switch|p1a: Vikavolt|Vikavolt, F|100\/100\n|turn|26\n|\n|t:|1700274047\n|move|p2a: Yee|Flamethrower|p1a: Vikavolt\n|-supereffective|p1a: Vikavolt\n|-damage|p1a: Vikavolt|0 fnt\n|faint|p1a: Vikavolt\n|\n|upkeep\n|\n|t:|1700274052\n|switch|p1a: Salazzle|Salazzle, F, tera:Dragon|65\/100\n|turn|27\n|\n|t:|1700274059\n|move|p1a: Salazzle|Fake Out|p2a: Yee\n|-damage|p2a: Yee|11\/100\n|cant|p2a: Yee|flinch\n|\n|upkeep\n|turn|28\n|\n|t:|1700274065\n|move|p1a: Salazzle|Flamethrower|p2a: Yee\n|-damage|p2a: Yee|0 fnt\n|faint|p2a: Yee\n|\n|upkeep\n|\n|t:|1700274069\n|switch|p2a: Yeeeeeeeeeee|Iron Valiant|100\/100\n|-enditem|p2a: Yeeeeeeeeeee|Booster Energy\n|-activate|p2a: Yeeeeeeeeeee|ability: Quark Drive|[fromitem]\n|-start|p2a: Yeeeeeeeeeee|quarkdrivespe\n|turn|29\n|c|\u2606TheCoosBiscuit119|GGWP\n|\n|t:|1700274088\n|move|p2a: Yeeeeeeeeeee|Spirit Break|p1a: Salazzle\n|-supereffective|p1a: Salazzle\n|-damage|p1a: Salazzle|0 fnt\n|faint|p1a: Salazzle\n|\n|win|TheCoosBiscuit119\n|raw|Pollylopy's rating: 1124 &rarr; <strong>1104<\/strong><br \/>(-20 for losing)\n|raw|TheCoosBiscuit119's rating: 1191 &rarr; <strong>1211<\/strong><br \/>(+20 for winning)\n|l|\u2606Pollylopy\n","uploadtime":1700274100,"views":7,"p1id":"pollylopy","p2id":"thecoosbiscuit119","formatid":"gen9nationaldexubers","rating":1104,"private":0,"password":""}