{"id":"gen9nationaldexubers-1981742659","p1":"ty43klo","p2":"Chaitanya15","format":"[Gen 9] National Dex Ubers","log":"|j|\u2606ty43klo\n|j|\u2606Chaitanya15\n|t:|1698938202\n|gametype|singles\n|player|p1|ty43klo|ghetsis|1344\n|player|p2|Chaitanya15|169|1403\n|teamsize|p1|6\n|teamsize|p2|6\n|gen|9\n|tier|[Gen 9] National Dex Ubers\n|rated|\n|rule|HP Percentage Mod: HP is shown in percentages\n|rule|Endless Battle Clause: Forcing endless battles is banned\n|rule|OHKO Clause: OHKO moves are banned\n|rule|Evasion Moves Clause: Evasion moves are banned\n|rule|Evasion Items Clause: Evasion items are banned\n|rule|Species Clause: Limit one of each Pok\u00e9mon\n|rule|Sleep Clause Mod: Limit one foe put to sleep\n|rule|Mega Rayquaza Clause: You cannot mega evolve Rayquaza\n|clearpoke\n|poke|p1|Arceus-Ground|\n|poke|p1|Necrozma-Dusk-Mane|\n|poke|p1|Kyurem-Black|\n|poke|p1|Deoxys-Attack|\n|poke|p1|Ho-Oh|\n|poke|p1|Kyogre|\n|poke|p2|Kingambit, M|\n|poke|p2|Basculegion, M|\n|poke|p2|Pikachu, F|\n|poke|p2|Kyogre|\n|poke|p2|Flutter Mane|\n|poke|p2|Deoxys-Speed|\n|teampreview\n|\n|t:|1698938211\n|start\n|switch|p1a: Kyurem|Kyurem-Black|100\/100\n|switch|p2a: Deoxys|Deoxys-Speed|100\/100\n|-ability|p2a: Deoxys|Pressure\n|-ability|p1a: Kyurem|Teravolt\n|turn|1\n|inactive|Battle timer is ON: inactive players will automatically lose when time's up. (requested by Chaitanya15)\n|\n|t:|1698938220\n|move|p2a: Deoxys|Stealth Rock|p1a: Kyurem\n|-sidestart|p1: ty43klo|move: Stealth Rock\n|move|p1a: Kyurem|Fusion Bolt|p2a: Deoxys\n|-damage|p2a: Deoxys|43\/100\n|\n|upkeep\n|turn|2\n|\n|t:|1698938227\n|move|p2a: Deoxys|Spikes|p1a: Kyurem\n|-sidestart|p1: ty43klo|Spikes\n|move|p1a: Kyurem|Fusion Bolt|p2a: Deoxys\n|-damage|p2a: Deoxys|0 fnt\n|faint|p2a: Deoxys\n|\n|upkeep\n|\n|t:|1698938236\n|switch|p2a: Flutter Mane|Flutter Mane|100\/100\n|-enditem|p2a: Flutter Mane|Booster Energy\n|-activate|p2a: Flutter Mane|ability: Protosynthesis|[fromitem]\n|-start|p2a: Flutter Mane|protosynthesisspe\n|turn|3\n|\n|t:|1698938242\n|move|p2a: Flutter Mane|Moonblast|p1a: Kyurem\n|-supereffective|p1a: Kyurem\n|-damage|p1a: Kyurem|8\/100\n|-unboost|p1a: Kyurem|spa|1\n|move|p1a: Kyurem|Dragon Dance|p1a: Kyurem\n|-boost|p1a: Kyurem|atk|1\n|-boost|p1a: Kyurem|spe|1\n|\n|upkeep\n|turn|4\n|\n|t:|1698938251\n|move|p2a: Flutter Mane|Moonblast|p1a: Kyurem\n|-supereffective|p1a: Kyurem\n|-damage|p1a: Kyurem|0 fnt\n|faint|p1a: Kyurem\n|\n|upkeep\n|\n|t:|1698938255\n|switch|p1a: Ho-Oh|Ho-Oh|100\/100\n|turn|5\n|\n|t:|1698938261\n|move|p2a: Flutter Mane|Shadow Ball|p1a: Ho-Oh\n|-damage|p1a: Ho-Oh|75\/100\n|-unboost|p1a: Ho-Oh|spd|1\n|move|p1a: Ho-Oh|Defog|p2a: Flutter Mane\n|-unboost|p2a: Flutter Mane|evasion|1\n|-sideend|p1: ty43klo|Spikes|[from] move: Defog|[of] p1a: Ho-Oh\n|-sideend|p1: ty43klo|Stealth Rock|[from] move: Defog|[of] p1a: Ho-Oh\n|\n|upkeep\n|turn|6\n|\n|t:|1698938271\n|-terastallize|p2a: Flutter Mane|Ghost\n|move|p2a: Flutter Mane|Shadow Ball|p1a: Ho-Oh\n|-damage|p1a: Ho-Oh|27\/100\n|move|p1a: Ho-Oh|Sacred Fire|p2a: Flutter Mane\n|-crit|p2a: Flutter Mane\n|-damage|p2a: Flutter Mane|0 fnt\n|faint|p2a: Flutter Mane\n|-end|p2a: Flutter Mane|Protosynthesis|[silent]\n|\n|upkeep\n|\n|t:|1698938282\n|switch|p2a: Pikachu|Pikachu, F|100\/100\n|turn|7\n|\n|t:|1698938286\n|switch|p1a: Arceus|Arceus-Ground|100\/100\n|move|p2a: Pikachu|Fake Out|p1a: Arceus\n|-damage|p1a: Arceus|92\/100\n|\n|upkeep\n|turn|8\n|\n|t:|1698938294\n|move|p2a: Pikachu|Extreme Speed|p1a: Arceus\n|-damage|p1a: Arceus|76\/100\n|move|p1a: Arceus|Judgment|p2a: Pikachu\n|-supereffective|p2a: Pikachu\n|-damage|p2a: Pikachu|0 fnt\n|faint|p2a: Pikachu\n|\n|upkeep\n|\n|t:|1698938304\n|switch|p2a: Kyogre|Kyogre|100\/100\n|-weather|RainDance|[from] ability: Drizzle|[of] p2a: Kyogre\n|turn|9\n|\n|t:|1698938309\n|switch|p1a: Necrozma|Necrozma-Dusk-Mane|100\/100\n|move|p2a: Kyogre|Water Spout|p1a: Necrozma\n|-damage|p1a: Necrozma|0 fnt\n|faint|p1a: Necrozma\n|\n|-weather|RainDance|[upkeep]\n|upkeep\n|\n|t:|1698938317\n|switch|p1a: Deoxys|Deoxys-Attack|100\/100\n|-ability|p1a: Deoxys|Pressure\n|turn|10\n|\n|t:|1698938321\n|move|p2a: Kyogre|Water Spout|p1a: Deoxys\n|-damage|p1a: Deoxys|0 fnt\n|faint|p1a: Deoxys\n|\n|-weather|RainDance|[upkeep]\n|upkeep\n|\n|t:|1698938325\n|switch|p1a: Kyogre|Kyogre|100\/100\n|detailschange|p1a: Kyogre|Kyogre-Primal\n|-primal|p1a: Kyogre|Blue Orb\n|-weather|PrimordialSea|[from] ability: Primordial Sea|[of] p1a: Kyogre\n|turn|11\n|\n|t:|1698938334\n|move|p2a: Kyogre|Water Spout|p1a: Kyogre\n|-resisted|p1a: Kyogre\n|-damage|p1a: Kyogre|60\/100\n|move|p1a: Kyogre|Origin Pulse|p2a: Kyogre\n|-resisted|p2a: Kyogre\n|-damage|p2a: Kyogre|56\/100\n|\n|-weather|PrimordialSea|[upkeep]\n|upkeep\n|turn|12\n|\n|t:|1698938357\n|move|p2a: Kyogre|Water Spout|p1a: Kyogre\n|-resisted|p1a: Kyogre\n|-damage|p1a: Kyogre|36\/100\n|move|p1a: Kyogre|Calm Mind|p1a: Kyogre\n|-boost|p1a: Kyogre|spa|1\n|-boost|p1a: Kyogre|spd|1\n|\n|-weather|PrimordialSea|[upkeep]\n|upkeep\n|turn|13\n|\n|t:|1698938364\n|move|p2a: Kyogre|Water Spout|p1a: Kyogre\n|-resisted|p1a: Kyogre\n|-damage|p1a: Kyogre|21\/100\n|move|p1a: Kyogre|Origin Pulse|p2a: Kyogre\n|-resisted|p2a: Kyogre\n|-damage|p2a: Kyogre|0 fnt\n|faint|p2a: Kyogre\n|\n|-weather|PrimordialSea|[upkeep]\n|upkeep\n|\n|t:|1698938373\n|switch|p2a: Basculegion|Basculegion, M|100\/100\n|turn|14\n|\n|t:|1698938378\n|move|p2a: Basculegion|Last Respects|p1a: Kyogre\n|-damage|p1a: Kyogre|0 fnt\n|faint|p1a: Kyogre\n|-weather|none\n|\n|upkeep\n|\n|t:|1698938381\n|switch|p1a: Arceus|Arceus-Ground|76\/100\n|turn|15\n|\n|t:|1698938386\n|-terastallize|p1a: Arceus|Ground\n|move|p1a: Arceus|Judgment|p2a: Basculegion\n|-damage|p2a: Basculegion|28\/100\n|move|p2a: Basculegion|Last Respects|p1a: Arceus\n|-damage|p1a: Arceus|0 fnt\n|faint|p1a: Arceus\n|\n|upkeep\n|\n|t:|1698938391\n|switch|p1a: Ho-Oh|Ho-Oh|60\/100\n|turn|16\n|-message|ty43klo forfeited.\n|\n|win|Chaitanya15\n|raw|ty43klo's rating: 1344 &rarr; <strong>1327<\/strong><br \/>(-17 for losing)\n|raw|Chaitanya15's rating: 1403 &rarr; <strong>1420<\/strong><br \/>(+17 for winning)\n|l|\u2606ty43klo\n","uploadtime":1698938402,"views":7,"p1id":"ty43klo","p2id":"chaitanya15","formatid":"gen9nationaldexubers","rating":1327,"private":0,"password":""}