{"id":"gen9nationaldexubers-1999298596","p1":"A$AP No Rocky","p2":"CryAndComplain23","format":"[Gen 9] National Dex Ubers","log":"|j|\u2606A$AP No Rocky\n|j|\u2606CryAndComplain23\n|t:|1701056807\n|gametype|singles\n|player|p1|A$AP No Rocky|101|\n|player|p2|CryAndComplain23|guzma|\n|teamsize|p1|6\n|teamsize|p2|6\n|gen|9\n|tier|[Gen 9] National Dex Ubers\n|rule|HP Percentage Mod: HP is shown in percentages\n|rule|Endless Battle Clause: Forcing endless battles is banned\n|rule|OHKO Clause: OHKO moves are banned\n|rule|Evasion Moves Clause: Evasion moves are banned\n|rule|Evasion Items Clause: Evasion items are banned\n|rule|Species Clause: Limit one of each Pok\u00e9mon\n|rule|Sleep Clause Mod: Limit one foe put to sleep\n|rule|Mega Rayquaza Clause: You cannot mega evolve Rayquaza\n|clearpoke\n|poke|p1|Weezing-Galar, M|\n|poke|p1|Diggersby, F|\n|poke|p1|Conkeldurr, F|\n|poke|p1|Milotic, F|\n|poke|p1|Infernape, F|\n|poke|p1|Thundurus, M|\n|poke|p2|Corviknight, M|\n|poke|p2|Blacephalon|\n|poke|p2|Great Tusk|\n|poke|p2|Zapdos-Galar|\n|poke|p2|Slowking-Galar, M|\n|poke|p2|Maushold-Four|\n|teampreview\n|j| Slumpyboocus\n|j| geeb69\n|j| Hotpepper22\n|\n|t:|1701056838\n|start\n|switch|p1a: Milotic|Milotic, F|100\/100\n|switch|p2a: Scary Monsters\u2026|Great Tusk|100\/100\n|-enditem|p2a: Scary Monsters\u2026|Booster Energy\n|-activate|p2a: Scary Monsters\u2026|ability: Protosynthesis|[fromitem]\n|-start|p2a: Scary Monsters\u2026|protosynthesisatk\n|turn|1\n|j| Coldramen57\n|\n|t:|1701056857\n|-end|p2a: Scary Monsters\u2026|Protosynthesis|[silent]\n|switch|p2a: Weird and Gilly|Slowking-Galar, M|100\/100\n|move|p1a: Milotic|Scald|p2a: Weird and Gilly\n|-damage|p2a: Weird and Gilly|90\/100\n|\n|-status|p1a: Milotic|brn|[from] item: Flame Orb\n|upkeep\n|turn|2\n|\n|t:|1701056868\n|switch|p1a: Conkeldurr|Conkeldurr, F|100\/100\n|move|p2a: Weird and Gilly|Future Sight|p1a: Conkeldurr\n|-start|p2a: Weird and Gilly|move: Future Sight\n|\n|upkeep\n|turn|3\n|\n|t:|1701056890\n|switch|p2a: Let\u2019s Dance|Zapdos-Galar|100\/100\n|move|p1a: Conkeldurr|Knock Off|p2a: Let\u2019s Dance\n|-resisted|p2a: Let\u2019s Dance\n|-damage|p2a: Let\u2019s Dance|76\/100\n|-enditem|p2a: Let\u2019s Dance|Choice Scarf|[from] move: Knock Off|[of] p1a: Conkeldurr\n|\n|upkeep\n|turn|4\n|\n|t:|1701056901\n|switch|p1a: Milotic|Milotic, F|100\/100 brn\n|move|p2a: Let\u2019s Dance|Brave Bird|p1a: Milotic\n|-damage|p1a: Milotic|59\/100 brn\n|-damage|p2a: Let\u2019s Dance|62\/100|[from] Recoil\n|\n|-end|p1a: Milotic|move: Future Sight\n|-damage|p1a: Milotic|29\/100 brn\n|-damage|p1a: Milotic|23\/100 brn|[from] brn\n|upkeep\n|turn|5\n|\n|t:|1701056911\n|switch|p1a: Weezing|Weezing-Galar, M|100\/100\n|-ability|p1a: Weezing|Neutralizing Gas\n|move|p2a: Let\u2019s Dance|Close Combat|p1a: Weezing\n|-resisted|p1a: Weezing\n|-damage|p1a: Weezing|89\/100\n|-unboost|p2a: Let\u2019s Dance|def|1\n|-unboost|p2a: Let\u2019s Dance|spd|1\n|\n|-heal|p1a: Weezing|95\/100|[from] item: Black Sludge\n|upkeep\n|turn|6\n|\n|t:|1701056924\n|switch|p2a: Weird and Gilly|Slowking-Galar, M|100\/100\n|move|p1a: Weezing|Will-O-Wisp|p2a: Weird and Gilly\n|-status|p2a: Weird and Gilly|brn\n|\n|-heal|p1a: Weezing|100\/100|[from] item: Black Sludge\n|-damage|p2a: Weird and Gilly|94\/100 brn|[from] brn\n|upkeep\n|turn|7\n|\n|t:|1701056932\n|-end|p1a: Weezing|ability: Neutralizing Gas\n|switch|p1a: Milotic|Milotic, F|23\/100 brn\n|move|p2a: Weird and Gilly|Future Sight|p1a: Milotic\n|-start|p2a: Weird and Gilly|move: Future Sight\n|\n|-damage|p1a: Milotic|17\/100 brn|[from] brn\n|-damage|p2a: Weird and Gilly|88\/100 brn|[from] brn\n|upkeep\n|turn|8\n|\n|t:|1701056944\n|switch|p2a: Under Pressure|Corviknight, M, shiny|100\/100\n|-ability|p2a: Under Pressure|Pressure\n|move|p1a: Milotic|Recover|p1a: Milotic\n|-heal|p1a: Milotic|67\/100 brn\n|\n|-damage|p1a: Milotic|61\/100 brn|[from] brn\n|upkeep\n|turn|9\n|\n|t:|1701056953\n|move|p1a: Milotic|Scald|p2a: Under Pressure\n|-damage|p2a: Under Pressure|74\/100\n|move|p2a: Under Pressure|Spite|p1a: Milotic\n|-activate|p1a: Milotic|move: Spite|Scald|4\n|\n|-end|p1a: Milotic|move: Future Sight\n|-damage|p1a: Milotic|29\/100 brn\n|-damage|p1a: Milotic|23\/100 brn|[from] brn\n|upkeep\n|turn|10\n|\n|t:|1701056962\n|move|p1a: Milotic|Scald|p2a: Under Pressure\n|-damage|p2a: Under Pressure|45\/100\n|move|p2a: Under Pressure|Spite|p1a: Milotic\n|-activate|p1a: Milotic|move: Spite|Scald|4\n|\n|-damage|p1a: Milotic|17\/100 brn|[from] brn\n|upkeep\n|turn|11\n|\n|t:|1701056981\n|switch|p1a: Infernape|Infernape, F|100\/100\n|move|p2a: Under Pressure|Roost|p2a: Under Pressure\n|-heal|p2a: Under Pressure|95\/100\n|-singleturn|p2a: Under Pressure|move: Roost\n|\n|upkeep\n|turn|12\n|\n|t:|1701057003\n|move|p1a: Infernape|Flare Blitz|p2a: Under Pressure\n|-supereffective|p2a: Under Pressure\n|-damage|p2a: Under Pressure|7\/100\n|-damage|p1a: Infernape|61\/100|[from] Recoil\n|-damage|p1a: Infernape|51\/100|[from] item: Life Orb\n|move|p2a: Under Pressure|U-turn|p1a: Infernape\n|-resisted|p1a: Infernape\n|-damage|p1a: Infernape|46\/100\n|\n|t:|1701057019\n|switch|p2a: Spiders from Mars|Maushold-Four|100\/100|[from] U-turn\n|\n|upkeep\n|turn|13\n|\n|t:|1701057030\n|switch|p1a: Milotic|Milotic, F|17\/100 brn\n|move|p2a: Spiders from Mars|Population Bomb|p1a: Milotic\n|-damage|p1a: Milotic|10\/100 brn\n|-damage|p1a: Milotic|4\/100 brn\n|-damage|p1a: Milotic|0 fnt\n|faint|p1a: Milotic\n|-hitcount|p1: Milotic|3\n|\n|upkeep\n|\n|t:|1701057042\n|switch|p1a: Weezing|Weezing-Galar, M|100\/100\n|-ability|p1a: Weezing|Neutralizing Gas\n|turn|14\n|\n|t:|1701057060\n|switch|p2a: Under Pressure|Corviknight, M, shiny|7\/100\n|move|p1a: Weezing|Will-O-Wisp|p2a: Under Pressure|[miss]\n|-miss|p1a: Weezing|p2a: Under Pressure\n|\n|upkeep\n|turn|15\n|\n|t:|1701057068\n|move|p2a: Under Pressure|Roost|p2a: Under Pressure\n|-heal|p2a: Under Pressure|57\/100\n|-singleturn|p2a: Under Pressure|move: Roost\n|move|p1a: Weezing|Will-O-Wisp|p2a: Under Pressure\n|-status|p2a: Under Pressure|brn\n|\n|-damage|p2a: Under Pressure|51\/100 brn|[from] brn\n|upkeep\n|turn|16\n|\n|t:|1701057086\n|-end|p1a: Weezing|ability: Neutralizing Gas\n|-ability|p2a: Under Pressure|Pressure\n|switch|p1a: Infernape|Infernape, F|46\/100\n|move|p2a: Under Pressure|Roost|p2a: Under Pressure\n|-heal|p2a: Under Pressure|100\/100 brn\n|-singleturn|p2a: Under Pressure|move: Roost\n|\n|-damage|p2a: Under Pressure|94\/100 brn|[from] brn\n|upkeep\n|turn|17\n|inactive|Battle timer is ON: inactive players will automatically lose when time's up. (requested by A$AP No Rocky)\n|\n|t:|1701057141\n|move|p1a: Infernape|Flare Blitz|p2a: Under Pressure\n|-supereffective|p2a: Under Pressure\n|-damage|p2a: Under Pressure|10\/100 brn\n|-damage|p1a: Infernape|8\/100|[from] Recoil\n|-damage|p1a: Infernape|0 fnt|[from] item: Life Orb\n|faint|p1a: Infernape\n|move|p2a: Under Pressure|U-turn|p1: Infernape|[notarget]\n|-fail|p2a: Under Pressure\n|\n|-damage|p2a: Under Pressure|4\/100 brn|[from] brn\n|upkeep\n|\n|t:|1701057157\n|switch|p1a: Thundurus|Thundurus, M|100\/100\n|turn|18\n|\n|t:|1701057164\n|move|p1a: Thundurus|Thunderbolt|p2a: Under Pressure\n|-supereffective|p2a: Under Pressure\n|-damage|p2a: Under Pressure|0 fnt\n|faint|p2a: Under Pressure\n|-damage|p1a: Thundurus|91\/100|[from] item: Life Orb\n|\n|upkeep\n|\n|t:|1701057178\n|switch|p2a: Scary Monsters\u2026|Great Tusk|100\/100\n|turn|19\n|\n|t:|1701057189\n|move|p1a: Thundurus|Hidden Power|p2a: Scary Monsters\u2026\n|-supereffective|p2a: Scary Monsters\u2026\n|-damage|p2a: Scary Monsters\u2026|16\/100\n|-damage|p1a: Thundurus|81\/100|[from] item: Life Orb\n|move|p2a: Scary Monsters\u2026|Rapid Spin|p1a: Thundurus\n|-damage|p1a: Thundurus|49\/100\n|-boost|p2a: Scary Monsters\u2026|spe|1\n|\n|upkeep\n|turn|20\n|\n|t:|1701057199\n|move|p2a: Scary Monsters\u2026|Ice Spinner|p1a: Thundurus\n|-supereffective|p1a: Thundurus\n|-damage|p1a: Thundurus|0 fnt\n|faint|p1a: Thundurus\n|\n|upkeep\n|\n|t:|1701057204\n|switch|p1a: Conkeldurr|Conkeldurr, F|100\/100\n|turn|21\n|\n|t:|1701057216\n|move|p2a: Scary Monsters\u2026|Headlong Rush|p1a: Conkeldurr\n|-damage|p1a: Conkeldurr|24\/100\n|-unboost|p2a: Scary Monsters\u2026|def|1\n|-unboost|p2a: Scary Monsters\u2026|spd|1\n|move|p1a: Conkeldurr|Drain Punch|p2a: Scary Monsters\u2026\n|-damage|p2a: Scary Monsters\u2026|0 fnt\n|-heal|p1a: Conkeldurr|32\/100|[from] drain|[of] p2a: Scary Monsters\u2026\n|faint|p2a: Scary Monsters\u2026\n|-end|p2a: Scary Monsters\u2026|Protosynthesis|[silent]\n|\n|upkeep\n|\n|t:|1701057227\n|switch|p2a: Groovy Bastard|Blacephalon|100\/100\n|turn|22\n|\n|t:|1701057232\n|move|p2a: Groovy Bastard|Flamethrower|p1a: Conkeldurr\n|-damage|p1a: Conkeldurr|0 fnt\n|faint|p1a: Conkeldurr\n|-ability|p2a: Groovy Bastard|Beast Boost|boost\n|-boost|p2a: Groovy Bastard|spa|1\n|\n|upkeep\n|\n|t:|1701057238\n|switch|p1a: Diggersby|Diggersby, F|100\/100\n|turn|23\n|\n|t:|1701057241\n|move|p2a: Groovy Bastard|Flamethrower|p1a: Diggersby\n|-damage|p1a: Diggersby|0 fnt\n|faint|p1a: Diggersby\n|-ability|p2a: Groovy Bastard|Beast Boost|boost\n|-boost|p2a: Groovy Bastard|spa|1\n|\n|upkeep\n|c|\u2606A$AP No Rocky|GG\n|\n|t:|1701057247\n|switch|p1a: Weezing|Weezing-Galar, M|100\/100\n|-ability|p1a: Weezing|Neutralizing Gas\n|turn|24\n|c|\u2606CryAndComplain23|Gg\n|-message|A$AP No Rocky forfeited.\n|\n|win|CryAndComplain23\n|l|\u2606A$AP No Rocky\n","uploadtime":1701057254,"views":32,"p1id":"aapnorocky","p2id":"cryandcomplain23","formatid":"gen9nationaldexubers","rating":0,"private":0,"password":""}