{"id":"gen9nationaldexubers-1985047471","p1":"Cyniot","p2":"Random Vorax","format":"[Gen 9] National Dex Ubers","log":"|j|\u2606Cyniot\n|j|\u2606Random Vorax\n|t:|1699324448\n|gametype|singles\n|player|p1|Cyniot|ash|1476\n|player|p2|Random Vorax|gentleman-gen4|1459\n|teamsize|p1|6\n|teamsize|p2|6\n|gen|9\n|tier|[Gen 9] National Dex Ubers\n|rated|\n|rule|HP Percentage Mod: HP is shown in percentages\n|rule|Endless Battle Clause: Forcing endless battles is banned\n|rule|OHKO Clause: OHKO moves are banned\n|rule|Evasion Moves Clause: Evasion moves are banned\n|rule|Evasion Items Clause: Evasion items are banned\n|rule|Species Clause: Limit one of each Pok\u00e9mon\n|rule|Sleep Clause Mod: Limit one foe put to sleep\n|rule|Mega Rayquaza Clause: You cannot mega evolve Rayquaza\n|clearpoke\n|poke|p1|Arceus-Water|\n|poke|p1|Zacian-*|\n|poke|p1|Ho-Oh|\n|poke|p1|Yveltal|\n|poke|p1|Zygarde|\n|poke|p1|Necrozma-Dusk-Mane|\n|poke|p2|Cyclizar, F|\n|poke|p2|Porygon-Z|\n|poke|p2|Genesect|\n|poke|p2|Ursaluna-Bloodmoon, M|\n|poke|p2|Heracross, M|\n|poke|p2|Garchomp, M|\n|teampreview\n|inactive|Battle timer is ON: inactive players will automatically lose when time's up. (requested by Cyniot)\n|inactive|Random Vorax has 120 seconds left.\n|\n|t:|1699324503\n|start\n|switch|p1a: Zacian|Zacian-Crowned|100\/100\n|switch|p2a: Genesect|Genesect|100\/100\n|-ability|p2a: Genesect|Download|boost\n|-boost|p2a: Genesect|atk|1\n|-ability|p1a: Zacian|Intrepid Sword|boost\n|-boost|p1a: Zacian|atk|1\n|turn|1\n|\n|t:|1699324523\n|switch|p1a: Ho-Oh|Ho-Oh|100\/100\n|move|p2a: Genesect|Flamethrower|p1a: Ho-Oh\n|-resisted|p1a: Ho-Oh\n|-damage|p1a: Ho-Oh|93\/100\n|\n|upkeep\n|turn|2\n|\n|t:|1699324527\n|switch|p2a: Cyclizar|Cyclizar, F|100\/100\n|move|p1a: Ho-Oh|Sacred Fire|p2a: Cyclizar\n|-resisted|p2a: Cyclizar\n|-damage|p2a: Cyclizar|66\/100\n|\n|upkeep\n|turn|3\n|\n|t:|1699324531\n|switch|p1a: Zacian|Zacian-Crowned|100\/100\n|move|p2a: Cyclizar|Shed Tail|p2a: Cyclizar\n|-start|p2a: Cyclizar|Substitute|[from] move: Shed Tail\n|-damage|p2a: Cyclizar|16\/100\n|\n|t:|1699324544\n|switch|p2a: Porygon-Z|Porygon-Z|100\/100|[from] Shed Tail\n|\n|upkeep\n|turn|4\n|\n|t:|1699324548\n|move|p1a: Zacian|Behemoth Blade|p2a: Porygon-Z\n|-end|p2a: Porygon-Z|Substitute\n|-zpower|p2a: Porygon-Z\n|move|p2a: Porygon-Z|Z-Conversion|p2a: Porygon-Z|[anim]Conversion\n|-boost|p2a: Porygon-Z|atk|1|[zeffect]\n|-boost|p2a: Porygon-Z|def|1|[zeffect]\n|-boost|p2a: Porygon-Z|spa|1|[zeffect]\n|-boost|p2a: Porygon-Z|spd|1|[zeffect]\n|-boost|p2a: Porygon-Z|spe|1|[zeffect]\n|-start|p2a: Porygon-Z|typechange|Electric\n|\n|upkeep\n|turn|5\n|\n|t:|1699324570\n|-terastallize|p1a: Zacian|Fairy\n|move|p2a: Porygon-Z|Thunderbolt|p1a: Zacian\n|-damage|p1a: Zacian|6\/100\n|move|p1a: Zacian|Play Rough|p2a: Porygon-Z\n|-damage|p2a: Porygon-Z|37\/100\n|\n|upkeep\n|turn|6\n|\n|t:|1699324578\n|move|p2a: Porygon-Z|Thunderbolt|p1a: Zacian\n|-damage|p1a: Zacian|0 fnt\n|faint|p1a: Zacian\n|\n|upkeep\n|\n|t:|1699324584\n|switch|p1a: Necrozma|Necrozma-Dusk-Mane|100\/100\n|turn|7\n|\n|t:|1699324588\n|move|p2a: Porygon-Z|Recover|p2a: Porygon-Z\n|-heal|p2a: Porygon-Z|87\/100\n|move|p1a: Necrozma|Knock Off|p2a: Porygon-Z\n|-damage|p2a: Porygon-Z|64\/100\n|\n|upkeep\n|turn|8\n|\n|t:|1699324596\n|move|p2a: Porygon-Z|Thunderbolt|p1a: Necrozma\n|-damage|p1a: Necrozma|31\/100\n|-status|p1a: Necrozma|par\n|move|p1a: Necrozma|Stealth Rock|p2a: Porygon-Z\n|-sidestart|p2: Random Vorax|move: Stealth Rock\n|\n|-heal|p1a: Necrozma|37\/100 par|[from] item: Leftovers\n|upkeep\n|turn|9\n|\n|t:|1699324615\n|move|p2a: Porygon-Z|Thunderbolt|p1a: Necrozma\n|-damage|p1a: Necrozma|0 fnt\n|faint|p1a: Necrozma\n|\n|upkeep\n|\n|t:|1699324631\n|switch|p1a: Zygarde|Zygarde|100\/100\n|turn|10\n|\n|t:|1699324634\n|move|p2a: Porygon-Z|Ice Beam|p1a: Zygarde\n|-supereffective|p1a: Zygarde\n|-damage|p1a: Zygarde|0 fnt\n|faint|p1a: Zygarde\n|\n|upkeep\n|-message|Cyniot forfeited.\n|\n|win|Random Vorax\n|raw|Cyniot's rating: 1476 &rarr; <strong>1455<\/strong><br \/>(-21 for losing)\n|raw|Random Vorax's rating: 1459 &rarr; <strong>1480<\/strong><br \/>(+21 for winning)\n|l|\u2606Cyniot\n","uploadtime":1699325102,"views":4,"p1id":"cyniot","p2id":"randomvorax","formatid":"gen9nationaldexubers","rating":1455,"private":0,"password":""}