{"id":"gen9nationaldexubers-1981945268","p1":"coolowenna","p2":"Gtg g u2","format":"[Gen 9] National Dex Ubers","log":"|j|\u2606coolowenna\n|j|\u2606Gtg g u2\n|t:|1698953836\n|gametype|singles\n|player|p1|coolowenna|hilbert-wonderlauncher|1096\n|player|p2|Gtg g u2|red-masters|1057\n|teamsize|p1|6\n|teamsize|p2|6\n|gen|9\n|tier|[Gen 9] National Dex Ubers\n|rated|\n|rule|HP Percentage Mod: HP is shown in percentages\n|rule|Endless Battle Clause: Forcing endless battles is banned\n|rule|OHKO Clause: OHKO moves are banned\n|rule|Evasion Moves Clause: Evasion moves are banned\n|rule|Evasion Items Clause: Evasion items are banned\n|rule|Species Clause: Limit one of each Pok\u00e9mon\n|rule|Sleep Clause Mod: Limit one foe put to sleep\n|rule|Mega Rayquaza Clause: You cannot mega evolve Rayquaza\n|clearpoke\n|poke|p1|Rotom-Wash|\n|poke|p1|Marshadow|\n|poke|p1|Charizard, M|\n|poke|p1|Ferrothorn, F|\n|poke|p1|Landorus-Therian, M|\n|poke|p1|Weavile, F|\n|poke|p2|Pikachu, M|\n|poke|p2|Rillaboom, M|\n|poke|p2|Cramorant, M|\n|poke|p2|Grapploct, M|\n|poke|p2|Centiskorch, M|\n|poke|p2|Runerigus, F|\n|teampreview\n|\n|t:|1698953843\n|start\n|switch|p1a: Ferrothorn|Ferrothorn, F|100\/100\n|switch|p2a: Centiskorch|Centiskorch, M|100\/100\n|turn|1\n|inactive|Battle timer is ON: inactive players will automatically lose when time's up. (requested by Gtg g u2)\n|\n|t:|1698953853\n|move|p2a: Centiskorch|Fire Lash|p1a: Ferrothorn\n|-supereffective|p1a: Ferrothorn\n|-damage|p1a: Ferrothorn|0 fnt\n|-damage|p2a: Centiskorch|88\/100|[from] ability: Iron Barbs|[of] p1a: Ferrothorn\n|faint|p1a: Ferrothorn\n|\n|upkeep\n|\n|t:|1698953864\n|switch|p1a: Rotom|Rotom-Wash|100\/100\n|turn|2\n|\n|t:|1698953869\n|move|p1a: Rotom|Hydro Pump|p2a: Centiskorch\n|-supereffective|p2a: Centiskorch\n|-damage|p2a: Centiskorch|14\/100\n|move|p2a: Centiskorch|Power Whip|p1a: Rotom\n|-supereffective|p1a: Rotom\n|-damage|p1a: Rotom|29\/100\n|\n|-heal|p1a: Rotom|36\/100|[from] item: Leftovers\n|upkeep\n|turn|3\n|\n|t:|1698953879\n|move|p1a: Rotom|Thunderbolt|p2a: Centiskorch\n|-damage|p2a: Centiskorch|0 fnt\n|faint|p2a: Centiskorch\n|\n|-heal|p1a: Rotom|42\/100|[from] item: Leftovers\n|upkeep\n|\n|t:|1698953882\n|switch|p2a: Pikachu|Pikachu, M|100\/100\n|turn|4\n|\n|t:|1698953891\n|move|p2a: Pikachu|Thunderbolt|p1a: Rotom\n|-damage|p1a: Rotom|4\/100\n|move|p1a: Rotom|Will-O-Wisp|p2a: Pikachu|[miss]\n|-miss|p1a: Rotom|p2a: Pikachu\n|\n|-heal|p1a: Rotom|11\/100|[from] item: Leftovers\n|upkeep\n|turn|5\n|\n|t:|1698953902\n|switch|p1a: Landorus|Landorus-Therian, M|100\/100\n|-ability|p1a: Landorus|Intimidate|boost\n|-unboost|p2a: Pikachu|atk|1\n|move|p2a: Pikachu|Surf|p1a: Landorus\n|-supereffective|p1a: Landorus\n|-damage|p1a: Landorus|63\/100\n|\n|-heal|p1a: Landorus|69\/100|[from] item: Leftovers\n|upkeep\n|turn|6\n|\n|t:|1698953912\n|switch|p2a: Cramorant|Cramorant, M|100\/100\n|move|p1a: Landorus|Earthquake|p2a: Cramorant\n|-immune|p2a: Cramorant\n|\n|-heal|p1a: Landorus|75\/100|[from] item: Leftovers\n|upkeep\n|turn|7\n|\n|t:|1698953920\n|move|p2a: Cramorant|Surf|p1a: Landorus\n|-formechange|p2a: Cramorant|Cramorant-Gulping|\n|-supereffective|p1a: Landorus\n|-damage|p1a: Landorus|21\/100\n|move|p1a: Landorus|U-turn|p2a: Cramorant\n|-resisted|p2a: Cramorant\n|-damage|p2a: Cramorant|75\/100\n|-damage|p1a: Landorus|0 fnt|[from] ability: Gulp Missile|[of] p2a: Cramorant\n|-formechange|p2a: Cramorant|Cramorant|\n|faint|p1a: Landorus\n|\n|upkeep\n|\n|t:|1698953932\n|switch|p1a: Rotom|Rotom-Wash|11\/100\n|turn|8\n|\n|t:|1698953935\n|switch|p2a: Pikachu|Pikachu, M|100\/100\n|move|p1a: Rotom|Thunderbolt|p2a: Pikachu\n|-resisted|p2a: Pikachu\n|-damage|p2a: Pikachu|59\/100\n|\n|-heal|p1a: Rotom|17\/100|[from] item: Leftovers\n|upkeep\n|turn|9\n|\n|t:|1698953945\n|move|p2a: Pikachu|Thunderbolt|p1a: Rotom\n|-damage|p1a: Rotom|0 fnt\n|faint|p1a: Rotom\n|\n|upkeep\n|\n|t:|1698953953\n|switch|p1a: Charizard|Charizard, M, shiny|100\/100\n|turn|10\n|\n|t:|1698953958\n|detailschange|p1a: Charizard|Charizard-Mega-Y, M, shiny\n|-mega|p1a: Charizard|Charizard|Charizardite Y\n|-weather|SunnyDay|[from] ability: Drought|[of] p1a: Charizard\n|move|p2a: Pikachu|Thunderbolt|p1a: Charizard\n|-supereffective|p1a: Charizard\n|-damage|p1a: Charizard|42\/100\n|move|p1a: Charizard|Heat Wave|p2a: Pikachu\n|-damage|p2a: Pikachu|0 fnt\n|faint|p2a: Pikachu\n|\n|-weather|SunnyDay|[upkeep]\n|upkeep\n|\n|t:|1698953962\n|switch|p2a: Cramorant|Cramorant, M|75\/100\n|turn|11\n|\n|t:|1698953973\n|move|p2a: Cramorant|Surf|p1a: Charizard\n|-formechange|p2a: Cramorant|Cramorant-Gulping|\n|-supereffective|p1a: Charizard\n|-damage|p1a: Charizard|10\/100\n|move|p1a: Charizard|Solar Beam||[still]\n|-prepare|p1a: Charizard|Solar Beam\n|-anim|p1a: Charizard|Solar Beam|p2a: Cramorant\n|-damage|p2a: Cramorant|11\/100\n|-damage|p1a: Charizard|0 fnt|[from] ability: Gulp Missile|[of] p2a: Cramorant\n|-formechange|p2a: Cramorant|Cramorant|\n|faint|p1a: Charizard\n|\n|-weather|SunnyDay|[upkeep]\n|upkeep\n|\n|t:|1698953986\n|switch|p1a: Weavile|Weavile, F|100\/100\n|-ability|p1a: Weavile|Pressure\n|turn|12\n|\n|t:|1698953992\n|move|p1a: Weavile|Ice Shard|p2a: Cramorant\n|-damage|p2a: Cramorant|0 fnt\n|faint|p2a: Cramorant\n|\n|-weather|SunnyDay|[upkeep]\n|upkeep\n|\n|t:|1698953994\n|switch|p2a: Grapploct|Grapploct, M|100\/100\n|turn|13\n|\n|t:|1698954003\n|switch|p1a: Marshadow|Marshadow|100\/100\n|move|p2a: Grapploct|Drain Punch|p1a: Marshadow\n|-immune|p1a: Marshadow\n|\n|-weather|SunnyDay|[upkeep]\n|upkeep\n|turn|14\n|\n|t:|1698954016\n|switch|p2a: Rillaboom|Rillaboom, M|100\/100\n|-fieldstart|move: Grassy Terrain|[from] ability: Grassy Surge|[of] p2a: Rillaboom\n|move|p1a: Marshadow|Spectral Thief|p2a: Rillaboom\n|-damage|p2a: Rillaboom|37\/100\n|-damage|p1a: Marshadow|91\/100|[from] item: Life Orb\n|\n|-weather|none\n|-heal|p1a: Marshadow|97\/100|[from] Grassy Terrain\n|-heal|p2a: Rillaboom|43\/100|[from] Grassy Terrain\n|upkeep\n|turn|15\n|\n|t:|1698954029\n|move|p2a: Rillaboom|Grassy Glide|p1a: Marshadow\n|-damage|p1a: Marshadow|40\/100\n|-damage|p2a: Rillaboom|33\/100|[from] item: Life Orb\n|move|p1a: Marshadow|Spectral Thief|p2a: Rillaboom\n|-damage|p2a: Rillaboom|0 fnt\n|faint|p2a: Rillaboom\n|-damage|p1a: Marshadow|30\/100|[from] item: Life Orb\n|\n|-heal|p1a: Marshadow|36\/100|[from] Grassy Terrain\n|upkeep\n|\n|t:|1698954032\n|switch|p2a: Runerigus|Runerigus, F, shiny|100\/100\n|turn|16\n|\n|t:|1698954049\n|move|p1a: Marshadow|Spectral Thief|p2a: Runerigus\n|-supereffective|p2a: Runerigus\n|-damage|p2a: Runerigus|3\/100\n|-activate|p2a: Runerigus|ability: Wandering Spirit|Technician|Wandering Spirit|[of] p1a: Marshadow\n|-damage|p1a: Marshadow|26\/100|[from] item: Life Orb\n|move|p2a: Runerigus|Poltergeist|p1a: Marshadow\n|-activate|p1a: Marshadow|move: Poltergeist|Life Orb\n|-supereffective|p1a: Marshadow\n|-damage|p1a: Marshadow|0 fnt\n|faint|p1a: Marshadow\n|\n|-heal|p2a: Runerigus|9\/100|[from] Grassy Terrain\n|-heal|p2a: Runerigus|15\/100|[from] item: Leftovers\n|upkeep\n|\n|t:|1698954065\n|switch|p1a: Weavile|Weavile, F|100\/100\n|-ability|p1a: Weavile|Pressure\n|turn|17\n|\n|t:|1698954071\n|move|p1a: Weavile|Dark Pulse|p2a: Runerigus\n|-supereffective|p2a: Runerigus\n|-damage|p2a: Runerigus|0 fnt\n|faint|p2a: Runerigus\n|\n|upkeep\n|\n|t:|1698954073\n|switch|p2a: Grapploct|Grapploct, M|100\/100\n|turn|18\n|\n|t:|1698954082\n|move|p1a: Weavile|Icicle Crash|p2a: Grapploct\n|-damage|p2a: Grapploct|56\/100\n|move|p2a: Grapploct|Circle Throw|p1a: Weavile\n|-supereffective|p1a: Weavile\n|-damage|p1a: Weavile|0 fnt\n|faint|p1a: Weavile\n|\n|win|Gtg g u2\n|raw|coolowenna's rating: 1096 &rarr; <strong>1069<\/strong><br \/>(-27 for losing)\n|raw|Gtg g u2's rating: 1057 &rarr; <strong>1092<\/strong><br \/>(+35 for winning)\n","uploadtime":1698954085,"views":6,"p1id":"coolowenna","p2id":"gtggu2","formatid":"gen9nationaldexubers","rating":1069,"private":0,"password":""}