{"id":"gen9nationaldexubers-1999102203","p1":"breezai","p2":"85792195wwww","format":"[Gen 9] National Dex Ubers","log":"|j|\u2606breezai\n|j|\u260685792195wwww\n|t:|1701033356\n|gametype|singles\n|player|p1|breezai|candice|1516\n|player|p2|85792195wwww|mira|1785\n|teamsize|p1|6\n|teamsize|p2|6\n|gen|9\n|tier|[Gen 9] National Dex Ubers\n|rated|\n|rule|HP Percentage Mod: HP is shown in percentages\n|rule|Endless Battle Clause: Forcing endless battles is banned\n|rule|OHKO Clause: OHKO moves are banned\n|rule|Evasion Moves Clause: Evasion moves are banned\n|rule|Evasion Items Clause: Evasion items are banned\n|rule|Species Clause: Limit one of each Pok\u00e9mon\n|rule|Sleep Clause Mod: Limit one foe put to sleep\n|rule|Mega Rayquaza Clause: You cannot mega evolve Rayquaza\n|clearpoke\n|poke|p1|Yveltal|\n|poke|p1|Zacian-*|\n|poke|p1|Giratina-Origin|\n|poke|p1|Groudon|\n|poke|p1|Xerneas-*|\n|poke|p1|Necrozma-Dusk-Mane|\n|poke|p2|Arceus|\n|poke|p2|Zacian-*|\n|poke|p2|Xerneas-*|\n|poke|p2|Kyogre|\n|poke|p2|Groudon|\n|poke|p2|Deoxys-Speed|\n|teampreview\n|\n|t:|1701033368\n|start\n|switch|p1a: Xerneas|Xerneas|100\/100\n|switch|p2a: Deoxys|Deoxys-Speed|100\/100\n|-ability|p2a: Deoxys|Pressure\n|-ability|p1a: Xerneas|Fairy Aura\n|turn|1\n|\n|t:|1701033378\n|move|p2a: Deoxys|Trick|p1a: Xerneas\n|-activate|p2a: Deoxys|move: Trick|[of] p1a: Xerneas\n|-item|p1a: Xerneas|Flame Orb|[from] move: Trick\n|-item|p2a: Deoxys|Power Herb|[from] move: Trick\n|move|p1a: Xerneas|Moonblast|p2a: Deoxys\n|-damage|p2a: Deoxys|3\/100\n|-unboost|p2a: Deoxys|spa|1\n|\n|-status|p1a: Xerneas|brn|[from] item: Flame Orb\n|upkeep\n|turn|2\n|\n|t:|1701033395\n|move|p2a: Deoxys|Stealth Rock|p1a: Xerneas\n|-sidestart|p1: breezai|move: Stealth Rock\n|move|p1a: Xerneas|Geomancy||[still]\n|-prepare|p1a: Xerneas|Geomancy\n|\n|-damage|p1a: Xerneas|94\/100 brn|[from] brn\n|upkeep\n|turn|3\n|\n|t:|1701033403\n|move|p2a: Deoxys|Taunt|p1a: Xerneas\n|-start|p1a: Xerneas|move: Taunt\n|cant|p1a: Xerneas|move: Taunt|Geomancy\n|\n|-damage|p1a: Xerneas|88\/100 brn|[from] brn\n|upkeep\n|turn|4\n|\n|t:|1701033411\n|move|p2a: Deoxys|Psycho Boost|p1a: Xerneas\n|-damage|p1a: Xerneas|59\/100 brn\n|-unboost|p2a: Deoxys|spa|2\n|move|p1a: Xerneas|Moonblast|p2a: Deoxys\n|-damage|p2a: Deoxys|0 fnt\n|faint|p2a: Deoxys\n|\n|-damage|p1a: Xerneas|53\/100 brn|[from] brn\n|upkeep\n|\n|t:|1701033423\n|switch|p2a: Zacian|Zacian-Crowned|100\/100\n|-ability|p2a: Zacian|Intrepid Sword|boost\n|-boost|p2a: Zacian|atk|1\n|turn|5\n|\n|t:|1701033428\n|move|p2a: Zacian|Swords Dance|p2a: Zacian\n|-boost|p2a: Zacian|atk|2\n|move|p1a: Xerneas|Thunder|p2a: Zacian\n|-crit|p2a: Zacian\n|-damage|p2a: Zacian|40\/100\n|\n|-damage|p1a: Xerneas|47\/100 brn|[from] brn\n|-end|p1a: Xerneas|move: Taunt\n|upkeep\n|turn|6\n|\n|t:|1701033438\n|move|p2a: Zacian|Behemoth Blade|p1a: Xerneas\n|-supereffective|p1a: Xerneas\n|-damage|p1a: Xerneas|0 fnt\n|faint|p1a: Xerneas\n|\n|upkeep\n|\n|t:|1701033474\n|switch|p1a: Necrozma|Necrozma-Dusk-Mane|100\/100\n|-damage|p1a: Necrozma|95\/100|[from] Stealth Rock\n|turn|7\n|\n|t:|1701033481\n|move|p2a: Zacian|Close Combat|p1a: Necrozma\n|-damage|p1a: Necrozma|3\/100\n|-unboost|p2a: Zacian|def|1\n|-unboost|p2a: Zacian|spd|1\n|move|p1a: Necrozma|Dragon Dance|p1a: Necrozma\n|-boost|p1a: Necrozma|atk|1\n|-boost|p1a: Necrozma|spe|1\n|\n|upkeep\n|turn|8\n|\n|t:|1701033492\n|detailschange|p1a: Necrozma|Necrozma-Ultra\n|-burst|p1a: Necrozma|Necrozma|Ultranecrozium Z\n|move|p1a: Necrozma|Photon Geyser|p2a: Zacian\n|-resisted|p2a: Zacian\n|-damage|p2a: Zacian|0 fnt\n|faint|p2a: Zacian\n|\n|upkeep\n|\n|t:|1701033502\n|switch|p2a: Arceus|Arceus|100\/100\n|turn|9\n|\n|t:|1701033507\n|switch|p1a: Giratina|Giratina-Origin|100\/100\n|-damage|p1a: Giratina|88\/100|[from] Stealth Rock\n|move|p2a: Arceus|Extreme Speed|p1a: Giratina\n|-immune|p1a: Giratina\n|\n|upkeep\n|turn|10\n|\n|t:|1701033515\n|move|p2a: Arceus|Taunt|p1a: Giratina\n|-start|p1a: Giratina|move: Taunt\n|cant|p1a: Giratina|move: Taunt|Will-O-Wisp\n|\n|upkeep\n|turn|11\n|\n|t:|1701033521\n|switch|p2a: Xerneas|Xerneas|100\/100\n|-ability|p2a: Xerneas|Fairy Aura\n|switch|p1a: Yveltal|Yveltal|100\/100\n|-damage|p1a: Yveltal|76\/100|[from] Stealth Rock\n|-ability|p1a: Yveltal|Dark Aura\n|\n|upkeep\n|turn|12\n|\n|t:|1701033531\n|move|p1a: Yveltal|Knock Off|p2a: Xerneas\n|-resisted|p2a: Xerneas\n|-damage|p2a: Xerneas|66\/100\n|-enditem|p2a: Xerneas|Power Herb|[from] move: Knock Off|[of] p1a: Yveltal\n|move|p2a: Xerneas|Moonblast|p1a: Yveltal\n|-supereffective|p1a: Yveltal\n|-damage|p1a: Yveltal|0 fnt\n|faint|p1a: Yveltal\n|\n|upkeep\n|\n|t:|1701033539\n|switch|p1a: Groudon|Groudon|100\/100\n|-damage|p1a: Groudon|94\/100|[from] Stealth Rock\n|detailschange|p1a: Groudon|Groudon-Primal\n|-primal|p1a: Groudon|Red Orb\n|-weather|DesolateLand|[from] ability: Desolate Land|[of] p1a: Groudon\n|turn|13\n|\n|t:|1701033551\n|switch|p2a: Kyogre|Kyogre|100\/100\n|detailschange|p2a: Kyogre|Kyogre-Primal\n|-primal|p2a: Kyogre|Blue Orb\n|-weather|PrimordialSea|[from] ability: Primordial Sea|[of] p2a: Kyogre\n|move|p1a: Groudon|Precipice Blades|p2a: Kyogre\n|-damage|p2a: Kyogre|29\/100\n|\n|-weather|PrimordialSea|[upkeep]\n|upkeep\n|turn|14\n|\n|t:|1701033569\n|switch|p1a: Necrozma|Necrozma-Ultra|3\/100\n|-damage|p1a: Necrozma|0 fnt|[from] Stealth Rock\n|faint|p1a: Necrozma\n|move|p2a: Kyogre|Surf|p1: Necrozma|[notarget]\n|-fail|p2a: Kyogre\n|\n|-weather|PrimordialSea|[upkeep]\n|upkeep\n|\n|t:|1701033579\n|switch|p1a: Groudon|Groudon-Primal|94\/100\n|-damage|p1a: Groudon|82\/100|[from] Stealth Rock\n|-weather|DesolateLand|[from] ability: Desolate Land|[of] p1a: Groudon\n|turn|15\n|\n|t:|1701033587\n|move|p2a: Kyogre|Ice Beam|p1a: Groudon\n|-damage|p1a: Groudon|51\/100\n|move|p1a: Groudon|Precipice Blades|p2a: Kyogre\n|-damage|p2a: Kyogre|0 fnt\n|faint|p2a: Kyogre\n|\n|-weather|DesolateLand|[upkeep]\n|upkeep\n|\n|t:|1701033601\n|switch|p2a: Arceus|Arceus|100\/100\n|turn|16\n|\n|t:|1701033605\n|move|p2a: Arceus|Earthquake|p1a: Groudon\n|-supereffective|p1a: Groudon\n|-damage|p1a: Groudon|3\/100\n|-damage|p2a: Arceus|91\/100|[from] item: Life Orb\n|move|p1a: Groudon|Roar|p2a: Arceus\n|drag|p2a: Xerneas|Xerneas|66\/100\n|-ability|p2a: Xerneas|Fairy Aura\n|\n|-weather|DesolateLand|[upkeep]\n|upkeep\n|turn|17\n|\n|t:|1701033620\n|move|p2a: Xerneas|Moonblast|p1a: Groudon\n|-resisted|p1a: Groudon\n|-damage|p1a: Groudon|0 fnt\n|faint|p1a: Groudon\n|-weather|none\n|\n|upkeep\n|\n|t:|1701033623\n|switch|p1a: Zacian|Zacian-Crowned|100\/100\n|-damage|p1a: Zacian|94\/100|[from] Stealth Rock\n|-ability|p1a: Zacian|Intrepid Sword|boost\n|-boost|p1a: Zacian|atk|1\n|turn|18\n|\n|t:|1701033637\n|move|p1a: Zacian|Swords Dance|p1a: Zacian\n|-boost|p1a: Zacian|atk|2\n|move|p2a: Xerneas|Moonblast|p1a: Zacian\n|-resisted|p1a: Zacian\n|-damage|p1a: Zacian|63\/100\n|\n|upkeep\n|turn|19\n|\n|t:|1701033648\n|switch|p2a: Groudon|Groudon|100\/100\n|detailschange|p2a: Groudon|Groudon-Primal\n|-primal|p2a: Groudon|Red Orb\n|-weather|DesolateLand|[from] ability: Desolate Land|[of] p2a: Groudon\n|move|p1a: Zacian|Behemoth Blade|p2a: Groudon\n|-resisted|p2a: Groudon\n|-damage|p2a: Groudon|59\/100\n|\n|-weather|DesolateLand|[upkeep]\n|upkeep\n|turn|20\n|\n|t:|1701033662\n|-terastallize|p1a: Zacian|Flying\n|move|p1a: Zacian|Substitute|p1a: Zacian\n|-start|p1a: Zacian|Substitute\n|-damage|p1a: Zacian|38\/100\n|move|p2a: Groudon|Heat Crash|p1a: Zacian\n|-end|p1a: Zacian|Substitute\n|\n|-weather|DesolateLand|[upkeep]\n|upkeep\n|turn|21\n|\n|t:|1701033670\n|move|p1a: Zacian|Close Combat|p2a: Groudon\n|-damage|p2a: Groudon|0 fnt\n|-unboost|p1a: Zacian|def|1\n|-unboost|p1a: Zacian|spd|1\n|faint|p2a: Groudon\n|-weather|none\n|\n|upkeep\n|\n|t:|1701033678\n|switch|p2a: Arceus|Arceus|91\/100\n|turn|22\n|\n|t:|1701033682\n|switch|p1a: Giratina|Giratina-Origin|88\/100\n|-damage|p1a: Giratina|76\/100|[from] Stealth Rock\n|-terastallize|p2a: Arceus|Normal\n|move|p2a: Arceus|Extreme Speed|p1a: Giratina\n|-immune|p1a: Giratina\n|\n|upkeep\n|turn|23\n|\n|t:|1701033695\n|switch|p2a: Xerneas|Xerneas|66\/100\n|-ability|p2a: Xerneas|Fairy Aura\n|move|p1a: Giratina|Draco Meteor|p2a: Xerneas\n|-immune|p2a: Xerneas\n|\n|upkeep\n|turn|24\n|\n|t:|1701033706\n|move|p2a: Xerneas|Moonblast|p1a: Giratina\n|-supereffective|p1a: Giratina\n|-damage|p1a: Giratina|0 fnt\n|faint|p1a: Giratina\n|\n|upkeep\n|\n|t:|1701033708\n|switch|p1a: Zacian|Zacian-Crowned, tera:Flying|38\/100\n|-damage|p1a: Zacian|13\/100|[from] Stealth Rock\n|turn|25\n|\n|t:|1701033715\n|move|p1a: Zacian|Behemoth Blade|p2a: Xerneas\n|-supereffective|p2a: Xerneas\n|-damage|p2a: Xerneas|0 fnt\n|faint|p2a: Xerneas\n|\n|upkeep\n|\n|t:|1701033721\n|switch|p2a: Arceus|Arceus, tera:Normal|91\/100\n|turn|26\n|\n|t:|1701033724\n|move|p2a: Arceus|Extreme Speed|p1a: Zacian\n|-damage|p1a: Zacian|0 fnt\n|faint|p1a: Zacian\n|-damage|p2a: Arceus|81\/100|[from] item: Life Orb\n|\n|win|85792195wwww\n|raw|breezai's rating: 1516 &rarr; <strong>1509<\/strong><br \/>(-7 for losing)\n|raw|85792195wwww's rating: 1785 &rarr; <strong>1792<\/strong><br \/>(+7 for winning)\n|l|\u2606breezai\n","uploadtime":1701033733,"views":6,"p1id":"breezai","p2id":"85792195wwww","formatid":"gen9nationaldexubers","rating":1509,"private":0,"password":""}