{"id":"gen9nationaldexubers-1985480402","p1":"ace flayr","p2":"Lidelle Centauros","format":"[Gen 9] National Dex Ubers","log":"|j|\u2606ace flayr\n|j|\u2606Lidelle Centauros\n|t:|1699378151\n|gametype|singles\n|player|p1|ace flayr|silver|\n|player|p2|Lidelle Centauros|cheryl|\n|teamsize|p1|6\n|teamsize|p2|6\n|gen|9\n|tier|[Gen 9] National Dex Ubers\n|rule|HP Percentage Mod: HP is shown in percentages\n|rule|Endless Battle Clause: Forcing endless battles is banned\n|rule|OHKO Clause: OHKO moves are banned\n|rule|Evasion Moves Clause: Evasion moves are banned\n|rule|Evasion Items Clause: Evasion items are banned\n|rule|Species Clause: Limit one of each Pok\u00e9mon\n|rule|Sleep Clause Mod: Limit one foe put to sleep\n|rule|Mega Rayquaza Clause: You cannot mega evolve Rayquaza\n|clearpoke\n|poke|p1|Greninja-*, M|\n|poke|p1|Chandelure, M|\n|poke|p1|Arcanine-Hisui, F|\n|poke|p1|Decidueye, F|\n|poke|p1|Magearna|\n|poke|p1|Goodra, F|\n|poke|p2|Great Tusk|\n|poke|p2|Basculegion, M|\n|poke|p2|Leafeon, F|\n|poke|p2|Salamence, M|\n|poke|p2|Froslass, F|\n|poke|p2|Volcarona, F|\n|teampreview\n|l|\u2606Lidelle Centauros\n|player|p2|\n|j|\u2606Lidelle Centauros\n|player|p2|Lidelle Centauros|cheryl\n|\n|t:|1699378200\n|start\n|switch|p1a: Decidueye|Decidueye, F, shiny|100\/100\n|switch|p2a: Leafeon|Leafeon, F|100\/100\n|turn|1\n|\n|t:|1699378212\n|move|p2a: Leafeon|Knock Off|p1a: Decidueye\n|-supereffective|p1a: Decidueye\n|-damage|p1a: Decidueye|7\/100\n|-enditem|p1a: Decidueye|Spell Tag|[from] move: Knock Off|[of] p2a: Leafeon\n|move|p1a: Decidueye|U-turn|p2a: Leafeon\n|-supereffective|p2a: Leafeon\n|-damage|p2a: Leafeon|58\/100\n|\n|t:|1699378226\n|switch|p1a: Magearna|Magearna|100\/100|[from] U-turn\n|\n|upkeep\n|turn|2\n|\n|t:|1699378239\n|move|p2a: Leafeon|Knock Off|p1a: Magearna\n|-resisted|p1a: Magearna\n|-damage|p1a: Magearna|88\/100\n|-enditem|p1a: Magearna|Leftovers|[from] move: Knock Off|[of] p2a: Leafeon\n|move|p1a: Magearna|Shift Gear|p1a: Magearna\n|-boost|p1a: Magearna|spe|2\n|-boost|p1a: Magearna|atk|1\n|\n|upkeep\n|turn|3\n|\n|t:|1699378270\n|move|p1a: Magearna|Calm Mind|p1a: Magearna\n|-boost|p1a: Magearna|spa|1\n|-boost|p1a: Magearna|spd|1\n|move|p2a: Leafeon|Body Slam|p1a: Magearna\n|-resisted|p1a: Magearna\n|-damage|p1a: Magearna|77\/100\n|\n|upkeep\n|turn|4\n|\n|t:|1699378282\n|move|p1a: Magearna|Shift Gear|p1a: Magearna\n|-boost|p1a: Magearna|spe|2\n|-boost|p1a: Magearna|atk|1\n|move|p2a: Leafeon|Body Slam|p1a: Magearna\n|-resisted|p1a: Magearna\n|-damage|p1a: Magearna|66\/100\n|\n|upkeep\n|turn|5\n|\n|t:|1699378287\n|move|p1a: Magearna|Calm Mind|p1a: Magearna\n|-boost|p1a: Magearna|spa|1\n|-boost|p1a: Magearna|spd|1\n|move|p2a: Leafeon|Body Slam|p1a: Magearna\n|-resisted|p1a: Magearna\n|-damage|p1a: Magearna|56\/100\n|\n|upkeep\n|turn|6\n|\n|t:|1699378291\n|move|p1a: Magearna|Draining Kiss|p2a: Leafeon\n|-damage|p2a: Leafeon|0 fnt\n|-heal|p1a: Magearna|88\/100|[from] drain|[of] p2a: Leafeon\n|faint|p2a: Leafeon\n|-ability|p1a: Magearna|Soul-Heart|boost\n|-boost|p1a: Magearna|spa|1\n|\n|upkeep\n|\n|t:|1699378303\n|switch|p2a: Great Tusk|Great Tusk|100\/100\n|-enditem|p2a: Great Tusk|Booster Energy\n|-activate|p2a: Great Tusk|ability: Protosynthesis|[fromitem]\n|-start|p2a: Great Tusk|protosynthesisspe\n|turn|7\n|\n|t:|1699378314\n|move|p1a: Magearna|Stored Power|p2a: Great Tusk\n|-supereffective|p2a: Great Tusk\n|-crit|p2a: Great Tusk\n|-damage|p2a: Great Tusk|0 fnt\n|faint|p2a: Great Tusk\n|-ability|p1a: Magearna|Soul-Heart|boost\n|-boost|p1a: Magearna|spa|1\n|-end|p2a: Great Tusk|Protosynthesis|[silent]\n|\n|upkeep\n|\n|t:|1699378329\n|switch|p2a: Basculegion|Basculegion, M|100\/100\n|turn|8\n|\n|t:|1699378343\n|-terastallize|p1a: Magearna|Steel\n|-terastallize|p2a: Basculegion|Water\n|move|p2a: Basculegion|Aqua Jet|p1a: Magearna\n|-damage|p1a: Magearna|49\/100\n|move|p1a: Magearna|Stored Power|p2a: Basculegion\n|-damage|p2a: Basculegion|0 fnt\n|faint|p2a: Basculegion\n|-ability|p1a: Magearna|Soul-Heart|boost\n|-boost|p1a: Magearna|spa|1\n|\n|upkeep\n|\n|t:|1699378349\n|switch|p2a: Volcarona|Volcarona, F|100\/100\n|turn|9\n|\n|t:|1699378354\n|move|p1a: Magearna|Stored Power|p2a: Volcarona\n|-damage|p2a: Volcarona|0 fnt\n|faint|p2a: Volcarona\n|-ability|p1a: Magearna|Soul-Heart|boost\n|-boost|p1a: Magearna|spa|1\n|\n|upkeep\n|\n|t:|1699378357\n|switch|p2a: Froslass|Froslass, F|100\/100\n|turn|10\n|\n|t:|1699378360\n|move|p1a: Magearna|Draining Kiss|p2a: Froslass\n|-enditem|p2a: Froslass|Focus Sash\n|-damage|p2a: Froslass|1\/100\n|-heal|p1a: Magearna|100\/100|[from] drain|[of] p2a: Froslass\n|move|p2a: Froslass|Shadow Ball|p1a: Magearna\n|-damage|p1a: Magearna|88\/100\n|-unboost|p1a: Magearna|spd|1\n|\n|upkeep\n|turn|11\n|\n|t:|1699378363\n|move|p2a: Froslass|Ice Shard|p1a: Magearna\n|-resisted|p1a: Magearna\n|-crit|p1a: Magearna\n|-damage|p1a: Magearna|81\/100\n|move|p1a: Magearna|Stored Power|p2a: Froslass\n|-damage|p2a: Froslass|0 fnt\n|faint|p2a: Froslass\n|\n|upkeep\n|\n|t:|1699378365\n|switch|p2a: Salamence|Salamence, M|100\/100\n|-ability|p2a: Salamence|Intimidate|boost\n|-unboost|p1a: Magearna|atk|1\n|turn|12\n|\n|t:|1699378367\n|move|p1a: Magearna|Draining Kiss|p2a: Salamence\n|-supereffective|p2a: Salamence\n|-damage|p2a: Salamence|0 fnt\n|-heal|p1a: Magearna|100\/100|[from] drain|[of] p2a: Salamence\n|faint|p2a: Salamence\n|\n|win|ace flayr\n","uploadtime":1699378372,"views":5,"p1id":"aceflayr","p2id":"lidellecentauros","formatid":"gen9nationaldexubers","rating":0,"private":0,"password":""}