{"id":"gen9nationaldexubers-1987965529","p1":"Guj Genera","p2":"Big Chungus irl","format":"[Gen 9] National Dex Ubers","log":"|j|\u2606Guj Genera\n|j|\u2606Big Chungus irl\n|t:|1699653925\n|gametype|singles\n|player|p1|Guj Genera|red|\n|player|p2|Big Chungus irl|firebreather|\n|teamsize|p1|6\n|teamsize|p2|6\n|gen|9\n|tier|[Gen 9] National Dex Ubers\n|rule|HP Percentage Mod: HP is shown in percentages\n|rule|Endless Battle Clause: Forcing endless battles is banned\n|rule|OHKO Clause: OHKO moves are banned\n|rule|Evasion Moves Clause: Evasion moves are banned\n|rule|Evasion Items Clause: Evasion items are banned\n|rule|Species Clause: Limit one of each Pok\u00e9mon\n|rule|Sleep Clause Mod: Limit one foe put to sleep\n|rule|Mega Rayquaza Clause: You cannot mega evolve Rayquaza\n|clearpoke\n|poke|p1|Cinderace, F|\n|poke|p1|Landorus-Therian, M|\n|poke|p1|Zeraora|\n|poke|p1|Inteleon, F|\n|poke|p1|Kommo-o, M|\n|poke|p1|Diancie|\n|poke|p2|Aerodactyl, M|\n|poke|p2|Corviknight, M|\n|poke|p2|Landorus-Therian, M|\n|poke|p2|Enamorus, F|\n|poke|p2|Dragonite, F|\n|poke|p2|Mandibuzz, F|\n|teampreview\n|inactive|Battle timer is ON: inactive players will automatically lose when time's up. (requested by Guj Genera)\n|j| Astro nation y\n|c|\u2606Big Chungus irl|l and hf\n|j| Astro The Man\n|c|\u2606Guj Genera|Glhf\n|j| Pex Hater\n|inactive|Big Chungus irl has 270 seconds left.\n|\n|t:|1699653964\n|start\n|switch|p1a: Diancie|Diancie, shiny|100\/100\n|switch|p2a: Landorus|Landorus-Therian, M|100\/100\n|-ability|p2a: Landorus|Intimidate|boost\n|-fail|p1a: Diancie|unboost|[from] ability: Clear Body|[of] p1a: Diancie\n|turn|1\n|\n|t:|1699653981\n|switch|p2a: Corviknight|Corviknight, M|100\/100\n|-ability|p2a: Corviknight|Pressure\n|detailschange|p1a: Diancie|Diancie-Mega, shiny\n|-mega|p1a: Diancie|Diancie|Diancite\n|move|p1a: Diancie|Stealth Rock|p2a: Corviknight\n|-sidestart|p2: Big Chungus irl|move: Stealth Rock\n|\n|upkeep\n|turn|2\n|\n|t:|1699653989\n|switch|p1a: Inteleon|Inteleon, F, shiny|100\/100\n|move|p2a: Corviknight|Defog|p1a: Inteleon\n|-unboost|p1a: Inteleon|evasion|1\n|-sideend|p2: Big Chungus irl|Stealth Rock|[from] move: Defog|[of] p2a: Corviknight\n|\n|upkeep\n|turn|3\n|inactive|Big Chungus irl has 270 seconds left.\n|\n|t:|1699654041\n|switch|p2a: Dragonite|Dragonite, F|100\/100\n|move|p1a: Inteleon|Snipe Shot|p2a: Dragonite\n|-resisted|p2a: Dragonite\n|-damage|p2a: Dragonite|86\/100\n|\n|upkeep\n|turn|4\n|inactive|Big Chungus irl has 240 seconds left.\n|\n|t:|1699654062\n|switch|p1a: Zeraora|Zeraora, shiny|100\/100\n|switch|p2a: Landorus|Landorus-Therian, M|100\/100\n|-ability|p2a: Landorus|Intimidate|boost\n|-unboost|p1a: Zeraora|atk|1\n|\n|upkeep\n|turn|5\n|\n|t:|1699654068\n|switch|p1a: Diancie|Diancie-Mega, shiny|100\/100\n|move|p2a: Landorus|Stealth Rock|p1a: Diancie\n|move|p1a: Diancie|Stealth Rock|p2a: Landorus|[from]ability: Magic Bounce\n|-sidestart|p2: Big Chungus irl|move: Stealth Rock\n|\n|upkeep\n|turn|6\n|\n|t:|1699654076\n|switch|p2a: Corviknight|Corviknight, M|100\/100\n|-damage|p2a: Corviknight|88\/100|[from] Stealth Rock\n|-ability|p2a: Corviknight|Pressure\n|move|p1a: Diancie|Diamond Storm|p2a: Corviknight\n|-damage|p2a: Corviknight|55\/100\n|-boost|p1a: Diancie|def|2\n|\n|upkeep\n|turn|7\n|\n|t:|1699654085\n|move|p1a: Diancie|Diamond Storm|p2a: Corviknight\n|-damage|p2a: Corviknight|25\/100\n|move|p2a: Corviknight|Roost|p2a: Corviknight\n|-heal|p2a: Corviknight|75\/100\n|-singleturn|p2a: Corviknight|move: Roost\n|\n|upkeep\n|turn|8\n|\n|t:|1699654089\n|move|p1a: Diancie|Diamond Storm|p2a: Corviknight\n|-damage|p2a: Corviknight|45\/100\n|move|p2a: Corviknight|Defog|p1a: Diancie\n|move|p1a: Diancie|Defog|p2a: Corviknight|[from]ability: Magic Bounce\n|-unboost|p2a: Corviknight|evasion|1\n|-sideend|p2: Big Chungus irl|Stealth Rock|[from] move: Defog|[of] p1a: Diancie\n|\n|upkeep\n|turn|9\n|\n|t:|1699654091\n|move|p1a: Diancie|Diamond Storm|p2a: Corviknight\n|-damage|p2a: Corviknight|15\/100\n|move|p2a: Corviknight|Roost|p2a: Corviknight\n|-heal|p2a: Corviknight|65\/100\n|-singleturn|p2a: Corviknight|move: Roost\n|\n|upkeep\n|turn|10\n|\n|t:|1699654097\n|move|p1a: Diancie|Moonblast|p2a: Corviknight\n|-resisted|p2a: Corviknight\n|-damage|p2a: Corviknight|39\/100\n|-unboost|p2a: Corviknight|spa|1\n|move|p2a: Corviknight|Roost|p2a: Corviknight\n|-heal|p2a: Corviknight|89\/100\n|-singleturn|p2a: Corviknight|move: Roost\n|\n|upkeep\n|turn|11\n|inactive|Big Chungus irl has 270 seconds left.\n|\n|t:|1699654140\n|switch|p1a: Landorus|Landorus-Therian, M, shiny|100\/100\n|-ability|p1a: Landorus|Intimidate|boost\n|-unboost|p2a: Corviknight|atk|1\n|move|p2a: Corviknight|U-turn|p1a: Landorus\n|-resisted|p1a: Landorus\n|-damage|p1a: Landorus|97\/100\n|-damage|p2a: Corviknight|72\/100|[from] item: Rocky Helmet|[of] p1a: Landorus\n|\n|t:|1699654153\n|switch|p2a: Landorus|Landorus-Therian, M|100\/100|[from] U-turn\n|-ability|p2a: Landorus|Intimidate|boost\n|-unboost|p1a: Landorus|atk|1\n|\n|upkeep\n|turn|12\n|\n|t:|1699654158\n|switch|p1a: Diancie|Diancie-Mega, shiny|100\/100\n|move|p2a: Landorus|Earthquake|p1a: Diancie\n|-supereffective|p1a: Diancie\n|-damage|p1a: Diancie|0 fnt\n|faint|p1a: Diancie\n|\n|upkeep\n|\n|t:|1699654161\n|switch|p1a: Inteleon|Inteleon, F, shiny|100\/100\n|turn|13\n|\n|t:|1699654168\n|switch|p2a: Corviknight|Corviknight, M|72\/100\n|-ability|p2a: Corviknight|Pressure\n|move|p1a: Inteleon|Ice Beam|p2a: Corviknight\n|-damage|p2a: Corviknight|29\/100\n|\n|upkeep\n|turn|14\n|\n|t:|1699654179\n|move|p1a: Inteleon|Ice Beam|p2a: Corviknight\n|-damage|p2a: Corviknight|0 fnt\n|faint|p2a: Corviknight\n|\n|upkeep\n|inactive|Big Chungus irl has 270 seconds left.\n|\n|t:|1699654206\n|switch|p2a: Aerodactyl|Aerodactyl, M|100\/100\n|turn|15\n|\n|t:|1699654210\n|detailschange|p2a: Aerodactyl|Aerodactyl-Mega, M\n|-mega|p2a: Aerodactyl|Aerodactyl|Aerodactylite\n|move|p2a: Aerodactyl|Dual Wingbeat|p1a: Inteleon\n|-damage|p1a: Inteleon|48\/100\n|-damage|p1a: Inteleon|2\/100\n|-hitcount|p1a: Inteleon|2\n|move|p1a: Inteleon|Ice Beam|p2a: Aerodactyl\n|-supereffective|p2a: Aerodactyl\n|-damage|p2a: Aerodactyl|0 fnt\n|faint|p2a: Aerodactyl\n|\n|upkeep\n|\n|t:|1699654220\n|switch|p2a: Enamorus|Enamorus, F|100\/100\n|turn|16\n|\n|t:|1699654222\n|move|p2a: Enamorus|Moonblast|p1a: Inteleon\n|-damage|p1a: Inteleon|0 fnt\n|faint|p1a: Inteleon\n|\n|upkeep\n|\n|t:|1699654228\n|switch|p1a: Cinderace|Cinderace, F, shiny|100\/100\n|turn|17\n|\n|t:|1699654236\n|switch|p2a: Landorus|Landorus-Therian, M|100\/100\n|-ability|p2a: Landorus|Intimidate|boost\n|-unboost|p1a: Cinderace|atk|1\n|move|p1a: Cinderace|Gunk Shot|p2a: Landorus\n|-start|p1a: Cinderace|typechange|Poison|[from] ability: Libero\n|-resisted|p2a: Landorus\n|-damage|p2a: Landorus|80\/100\n|\n|-heal|p2a: Landorus|86\/100|[from] item: Leftovers\n|upkeep\n|turn|18\n|\n|t:|1699654240\n|switch|p1a: Landorus|Landorus-Therian, M, shiny|97\/100\n|-ability|p1a: Landorus|Intimidate|boost\n|-unboost|p2a: Landorus|atk|1\n|move|p2a: Landorus|Stealth Rock|p1a: Landorus\n|-sidestart|p1: Guj Genera|move: Stealth Rock\n|\n|-heal|p2a: Landorus|92\/100|[from] item: Leftovers\n|upkeep\n|turn|19\n|\n|t:|1699654245\n|move|p1a: Landorus|Stealth Rock|p2a: Landorus\n|-sidestart|p2: Big Chungus irl|move: Stealth Rock\n|move|p2a: Landorus|U-turn|p1a: Landorus\n|-resisted|p1a: Landorus\n|-damage|p1a: Landorus|92\/100\n|-damage|p2a: Landorus|75\/100|[from] item: Rocky Helmet|[of] p1a: Landorus\n|c| Pex Hater|absolute max vs absolute min roll on that dwb\n|c|\u2606Big Chungus irl|yeah\n|inactive|Big Chungus irl has 270 seconds left.\n|j| Don Bork\n|c| Don Bork|tf is this\n|inactive|Big Chungus irl has 240 seconds left.\n|\n|t:|1699654327\n|switch|p2a: Dragonite|Dragonite, F|86\/100|[from] U-turn\n|\n|upkeep\n|turn|20\n|c|\u2606Guj Genera|A complex piece of art\n|\n|t:|1699654337\n|move|p2a: Dragonite|Dragon Dance|p2a: Dragonite\n|-boost|p2a: Dragonite|atk|1\n|-boost|p2a: Dragonite|spe|1\n|move|p1a: Landorus|U-turn|p2a: Dragonite\n|-resisted|p2a: Dragonite\n|-damage|p2a: Dragonite|74\/100\n|\n|t:|1699654339\n|switch|p1a: Zeraora|Zeraora, shiny|100\/100|[from] U-turn\n|-damage|p1a: Zeraora|88\/100|[from] Stealth Rock\n|\n|upkeep\n|turn|21\n|c| Don Bork|oh wait im dumb ashit\n|\n|t:|1699654357\n|switch|p1a: Landorus|Landorus-Therian, M, shiny|92\/100\n|-damage|p1a: Landorus|79\/100|[from] Stealth Rock\n|-ability|p1a: Landorus|Intimidate|boost\n|-unboost|p2a: Dragonite|atk|1\n|switch|p2a: Landorus|Landorus-Therian, M|75\/100\n|-damage|p2a: Landorus|63\/100|[from] Stealth Rock\n|-ability|p2a: Landorus|Intimidate|boost\n|-unboost|p1a: Landorus|atk|1\n|\n|-heal|p2a: Landorus|69\/100|[from] item: Leftovers\n|upkeep\n|turn|22\n|c| Don Bork|this a fucking gym battle LMAO\n|\n|t:|1699654370\n|move|p1a: Landorus|U-turn|p2a: Landorus\n|-resisted|p2a: Landorus\n|-damage|p2a: Landorus|63\/100\n|\n|t:|1699654378\n|switch|p1a: Zeraora|Zeraora, shiny|88\/100|[from] U-turn\n|-damage|p1a: Zeraora|76\/100|[from] Stealth Rock\n|move|p2a: Landorus|U-turn|p1a: Zeraora\n|-damage|p1a: Zeraora|41\/100\n|c|\u2606Big Chungus irl|yeah\n|\n|t:|1699654391\n|switch|p2a: Enamorus|Enamorus, F|100\/100|[from] U-turn\n|-damage|p2a: Enamorus|76\/100|[from] Stealth Rock\n|\n|upkeep\n|turn|23\n|\n|t:|1699654399\n|move|p2a: Enamorus|Moonblast|p1a: Zeraora\n|-damage|p1a: Zeraora|0 fnt\n|faint|p1a: Zeraora\n|\n|upkeep\n|\n|t:|1699654405\n|switch|p1a: Landorus|Landorus-Therian, M, shiny|79\/100\n|-damage|p1a: Landorus|67\/100|[from] Stealth Rock\n|-ability|p1a: Landorus|Intimidate|boost\n|-boost|p2a: Enamorus|atk|1\n|turn|24\n|inactive|Big Chungus irl has 240 seconds left.\n|j| Lillyshowdo\n|\n|t:|1699654412\n|move|p2a: Enamorus|Moonblast|p1a: Landorus\n|-damage|p1a: Landorus|16\/100\n|move|p1a: Landorus|Toxic|p2a: Enamorus\n|-status|p2a: Enamorus|tox\n|\n|-damage|p2a: Enamorus|69\/100 tox|[from] psn\n|upkeep\n|turn|25\n|l| Don Bork\n|\n|t:|1699654418\n|move|p2a: Enamorus|Moonblast|p1a: Landorus\n|-damage|p1a: Landorus|0 fnt\n|faint|p1a: Landorus\n|\n|-damage|p2a: Enamorus|57\/100 tox|[from] psn\n|upkeep\n|\n|t:|1699654423\n|switch|p1a: Cinderace|Cinderace, F, shiny|100\/100\n|-damage|p1a: Cinderace|76\/100|[from] Stealth Rock\n|turn|26\n|\n|t:|1699654428\n|switch|p2a: Landorus|Landorus-Therian, M|63\/100\n|-damage|p2a: Landorus|51\/100|[from] Stealth Rock\n|-ability|p2a: Landorus|Intimidate|boost\n|-unboost|p1a: Cinderace|atk|1\n|move|p1a: Cinderace|Double-Edge|p2a: Landorus\n|-start|p1a: Cinderace|typechange|Normal|[from] ability: Libero\n|-damage|p2a: Landorus|11\/100\n|-damage|p1a: Cinderace|59\/100|[from] Recoil\n|\n|-heal|p2a: Landorus|17\/100|[from] item: Leftovers\n|upkeep\n|turn|27\n|inactive|Big Chungus irl has 270 seconds left.\n|\n|t:|1699654438\n|move|p1a: Cinderace|Double-Edge|p2a: Landorus\n|-damage|p2a: Landorus|0 fnt\n|faint|p2a: Landorus\n|-damage|p1a: Cinderace|52\/100|[from] Recoil\n|\n|upkeep\n|\n|t:|1699654442\n|switch|p2a: Mandibuzz|Mandibuzz, F|100\/100\n|turn|28\n|\n|t:|1699654453\n|switch|p1a: Kommo-o|Kommo-o, M, shiny|100\/100\n|-damage|p1a: Kommo-o|94\/100|[from] Stealth Rock\n|move|p2a: Mandibuzz|U-turn|p1a: Kommo-o\n|-resisted|p1a: Kommo-o\n|-damage|p1a: Kommo-o|88\/100\n|\n|t:|1699654456\n|switch|p2a: Enamorus|Enamorus, F|57\/100 tox|[from] U-turn\n|-damage|p2a: Enamorus|32\/100 tox|[from] Stealth Rock\n|\n|-damage|p2a: Enamorus|26\/100 tox|[from] psn\n|upkeep\n|turn|29\n|l| Lillyshowdo\n|\n|t:|1699654460\n|move|p2a: Enamorus|Moonblast|p1a: Kommo-o\n|-supereffective|p1a: Kommo-o\n|-damage|p1a: Kommo-o|0 fnt\n|faint|p1a: Kommo-o\n|\n|-damage|p2a: Enamorus|13\/100 tox|[from] psn\n|upkeep\n|c|\u2606Big Chungus irl|gg\n|\n|t:|1699654466\n|switch|p1a: Cinderace|Cinderace, F, shiny|52\/100\n|-damage|p1a: Cinderace|27\/100|[from] Stealth Rock\n|turn|30\n|\n|t:|1699654470\n|move|p2a: Enamorus|Moonblast|p1a: Cinderace\n|-resisted|p1a: Cinderace\n|-crit|p1a: Cinderace\n|-damage|p1a: Cinderace|0 fnt\n|faint|p1a: Cinderace\n|\n|win|Big Chungus irl\n|l| Astro nation y\n|c|\u2606Guj Genera|Ggwp\n|c|\u2606Big Chungus irl|record goes to 2-0\n|l|\u2606Guj Genera\n|l| Pex Hater\n|l|\u2606Big Chungus irl\n|j| Xoviet Yunion\n|l| Xoviet Yunion\n|j|\u2606Big Chungus irl\n|player|p2|Big Chungus irl|firebreather\n|j| Serise\n","uploadtime":1699654665,"views":7,"p1id":"gujgenera","p2id":"bigchungusirl","formatid":"gen9nationaldexubers","rating":0,"private":0,"password":""}