{"id":"gen9nationaldexubers-1990894206","p1":"araaraaraara","p2":"EABL XD","format":"[Gen 9] National Dex Ubers","log":"|j|\u2606araaraaraara\n|j|\u2606EABL XD\n|t:|1700012310\n|gametype|singles\n|player|p1|araaraaraara|silver|1400\n|player|p2|EABL XD|gambler|1284\n|teamsize|p1|6\n|teamsize|p2|6\n|gen|9\n|tier|[Gen 9] National Dex Ubers\n|rated|\n|rule|HP Percentage Mod: HP is shown in percentages\n|rule|Endless Battle Clause: Forcing endless battles is banned\n|rule|OHKO Clause: OHKO moves are banned\n|rule|Evasion Moves Clause: Evasion moves are banned\n|rule|Evasion Items Clause: Evasion items are banned\n|rule|Species Clause: Limit one of each Pok\u00e9mon\n|rule|Sleep Clause Mod: Limit one foe put to sleep\n|rule|Mega Rayquaza Clause: You cannot mega evolve Rayquaza\n|clearpoke\n|poke|p1|Lugia|\n|poke|p1|Ho-Oh|\n|poke|p1|Yveltal|\n|poke|p1|Xerneas-*|\n|poke|p1|Giratina-Origin|\n|poke|p1|Mewtwo|\n|poke|p2|Ho-Oh|\n|poke|p2|Salamence, M|\n|poke|p2|Flutter Mane|\n|poke|p2|Galvantula, F|\n|poke|p2|Regieleki|\n|poke|p2|Groudon|\n|teampreview\n|\n|t:|1700012337\n|start\n|switch|p1a: Lucy|Lugia|100\/100\n|switch|p2a: Tula|Galvantula, F|100\/100\n|turn|1\n|\n|t:|1700012368\n|move|p2a: Tula|Thunder Wave|p1a: Lucy\n|-status|p1a: Lucy|par\n|move|p1a: Lucy|Aeroblast|p2a: Tula\n|-crit|p2a: Tula\n|-damage|p2a: Tula|19\/100\n|\n|upkeep\n|turn|2\n|\n|t:|1700012374\n|move|p2a: Tula|Sticky Web|p1a: Lucy\n|-sidestart|p1: araaraaraara|move: Sticky Web\n|move|p1a: Lucy|Aeroblast|p2a: Tula\n|-damage|p2a: Tula|0 fnt\n|faint|p2a: Tula\n|\n|upkeep\n|\n|t:|1700012398\n|switch|p2a: Eleki|Regieleki|100\/100\n|turn|3\n|\n|t:|1700012403\n|move|p2a: Eleki|Rapid Spin|p1a: Lucy\n|-damage|p1a: Lucy|98\/100 par\n|-boost|p2a: Eleki|spe|1\n|cant|p1a: Lucy|par\n|\n|upkeep\n|turn|4\n|\n|t:|1700012409\n|move|p2a: Eleki|Electro Ball|p1a: Lucy\n|-supereffective|p1a: Lucy\n|-damage|p1a: Lucy|0 fnt\n|faint|p1a: Lucy\n|\n|upkeep\n|\n|t:|1700012416\n|switch|p1a: Yngmar|Yveltal|100\/100\n|-ability|p1a: Yngmar|Dark Aura\n|turn|5\n|\n|t:|1700012421\n|-terastallize|p1a: Yngmar|Dark\n|move|p1a: Yngmar|Sucker Punch|p2a: Eleki\n|-damage|p2a: Eleki|0 fnt\n|faint|p2a: Eleki\n|\n|upkeep\n|\n|t:|1700012429\n|switch|p2a: Mismak|Flutter Mane|100\/100\n|-enditem|p2a: Mismak|Booster Energy\n|-activate|p2a: Mismak|ability: Protosynthesis|[fromitem]\n|-start|p2a: Mismak|protosynthesisspa\n|turn|6\n|\n|t:|1700012442\n|switch|p1a: Tenno|Ho-Oh|100\/100\n|move|p2a: Mismak|Moonblast|p1a: Tenno\n|-resisted|p1a: Tenno\n|-damage|p1a: Tenno|76\/100\n|\n|upkeep\n|turn|7\n|\n|t:|1700012449\n|-terastallize|p2a: Mismak|Ghost\n|move|p2a: Mismak|Shadow Ball|p1a: Tenno\n|-damage|p1a: Tenno|24\/100\n|move|p1a: Tenno|Sacred Fire|p2a: Mismak\n|-damage|p2a: Mismak|0 fnt\n|faint|p2a: Mismak\n|-end|p2a: Mismak|Protosynthesis|[silent]\n|\n|upkeep\n|\n|t:|1700012464\n|switch|p2a: Salamenco|Salamence, M|100\/100\n|-ability|p2a: Salamenco|Intimidate|boost\n|-unboost|p1a: Tenno|atk|1\n|turn|8\n|\n|t:|1700012471\n|detailschange|p2a: Salamenco|Salamence-Mega, M\n|-mega|p2a: Salamenco|Salamence|Salamencite\n|move|p2a: Salamenco|Dragon Dance|p2a: Salamenco\n|-boost|p2a: Salamenco|atk|1\n|-boost|p2a: Salamenco|spe|1\n|move|p1a: Tenno|Defog|p2a: Salamenco\n|-unboost|p2a: Salamenco|evasion|1\n|-sideend|p1: araaraaraara|Sticky Web|[from] move: Defog|[of] p1a: Tenno\n|\n|upkeep\n|turn|9\n|\n|t:|1700012481\n|switch|p1a: Sauron|Giratina-Origin|100\/100\n|move|p2a: Salamenco|Double-Edge|p1a: Sauron\n|-damage|p1a: Sauron|8\/100\n|-damage|p2a: Salamenco|54\/100|[from] Recoil\n|\n|upkeep\n|turn|10\n|\n|t:|1700012488\n|move|p2a: Salamenco|Dragon Claw|p1a: Sauron\n|-supereffective|p1a: Sauron\n|-damage|p1a: Sauron|0 fnt\n|faint|p1a: Sauron\n|\n|upkeep\n|\n|t:|1700012499\n|switch|p1a: Nara|Xerneas|100\/100\n|-ability|p1a: Nara|Fairy Aura\n|turn|11\n|\n|t:|1700012503\n|move|p2a: Salamenco|Double-Edge|p1a: Nara\n|-damage|p1a: Nara|0 fnt\n|faint|p1a: Nara\n|-damage|p2a: Salamenco|15\/100|[from] Recoil\n|\n|upkeep\n|\n|t:|1700012510\n|switch|p1a: Yngmar|Yveltal, tera:Dark|100\/100\n|-ability|p1a: Yngmar|Dark Aura\n|turn|12\n|\n|t:|1700012514\n|switch|p2a: Don|Groudon, shiny|100\/100\n|detailschange|p2a: Don|Groudon-Primal, shiny\n|-primal|p2a: Don|Red Orb\n|-weather|DesolateLand|[from] ability: Desolate Land|[of] p2a: Don\n|move|p1a: Yngmar|Sucker Punch||[still]\n|-fail|p1a: Yngmar\n|\n|-weather|DesolateLand|[upkeep]\n|upkeep\n|turn|13\n|\n|t:|1700012521\n|move|p1a: Yngmar|Dark Pulse|p2a: Don\n|-damage|p2a: Don|0 fnt\n|faint|p2a: Don\n|-weather|none\n|\n|upkeep\n|\n|t:|1700012525\n|switch|p2a: P\u00e1jaro Feo|Ho-Oh, shiny|100\/100\n|turn|14\n|\n|t:|1700012530\n|switch|p1a: Tenno|Ho-Oh|57\/100\n|-zpower|p2a: P\u00e1jaro Feo\n|move|p2a: P\u00e1jaro Feo|Z-Celebrate|p2a: P\u00e1jaro Feo|[anim]Celebrate\n|-boost|p2a: P\u00e1jaro Feo|atk|1|[zeffect]\n|-boost|p2a: P\u00e1jaro Feo|def|1|[zeffect]\n|-boost|p2a: P\u00e1jaro Feo|spa|1|[zeffect]\n|-boost|p2a: P\u00e1jaro Feo|spd|1|[zeffect]\n|-boost|p2a: P\u00e1jaro Feo|spe|1|[zeffect]\n|-activate|p2a: P\u00e1jaro Feo|move: Celebrate\n|\n|upkeep\n|turn|15\n|\n|t:|1700012544\n|move|p2a: P\u00e1jaro Feo|Brave Bird|p1a: Tenno\n|-damage|p1a: Tenno|0 fnt\n|faint|p1a: Tenno\n|-damage|p2a: P\u00e1jaro Feo|82\/100|[from] Recoil\n|\n|upkeep\n|\n|t:|1700012553\n|switch|p1a: Mewtwo|Mewtwo|100\/100\n|-ability|p1a: Mewtwo|Pressure\n|turn|16\n|\n|t:|1700012563\n|detailschange|p1a: Mewtwo|Mewtwo-Mega-Y\n|-mega|p1a: Mewtwo|Mewtwo|Mewtwonite Y\n|move|p2a: P\u00e1jaro Feo|Sacred Fire|p1a: Mewtwo\n|-damage|p1a: Mewtwo|0 fnt\n|faint|p1a: Mewtwo\n|\n|upkeep\n|\n|t:|1700012569\n|switch|p1a: Yngmar|Yveltal, tera:Dark|100\/100\n|-ability|p1a: Yngmar|Dark Aura\n|turn|17\n|\n|t:|1700012574\n|move|p2a: P\u00e1jaro Feo|Brave Bird|p1a: Yngmar\n|-crit|p1a: Yngmar\n|-damage|p1a: Yngmar|0 fnt\n|faint|p1a: Yngmar\n|-damage|p2a: P\u00e1jaro Feo|45\/100|[from] Recoil\n|\n|win|EABL XD\n|raw|araaraaraara's rating: 1400 &rarr; <strong>1374<\/strong><br \/>(-26 for losing)\n|raw|EABL XD's rating: 1284 &rarr; <strong>1317<\/strong><br \/>(+33 for winning)\n","uploadtime":1700012577,"views":8,"p1id":"araaraaraara","p2id":"eablxd","formatid":"gen9nationaldexubers","rating":1317,"private":0,"password":""}