{"id":"gen9nationaldexubers-1979324791","p1":"Idk4aName","p2":"KirbyWithAKnife_1","format":"[Gen 9] National Dex Ubers","log":"|j|\u2606Idk4aName\n|j|\u203dKirbyWithAKnife_1\n|t:|1698671391\n|gametype|singles\n|player|p1|Idk4aName|roxie|1278\n|player|p2|KirbyWithAKnife_1|biker-gen1|1254\n|teamsize|p1|6\n|teamsize|p2|6\n|gen|9\n|tier|[Gen 9] National Dex Ubers\n|rated|\n|rule|HP Percentage Mod: HP is shown in percentages\n|rule|Endless Battle Clause: Forcing endless battles is banned\n|rule|OHKO Clause: OHKO moves are banned\n|rule|Evasion Moves Clause: Evasion moves are banned\n|rule|Evasion Items Clause: Evasion items are banned\n|rule|Species Clause: Limit one of each Pok\u00e9mon\n|rule|Sleep Clause Mod: Limit one foe put to sleep\n|rule|Mega Rayquaza Clause: You cannot mega evolve Rayquaza\n|clearpoke\n|poke|p1|Galvantula, F|\n|poke|p1|Ditto|\n|poke|p1|Quaquaval, F|\n|poke|p1|Kingambit, M|\n|poke|p1|Ferrothorn, F|\n|poke|p1|Blacephalon|\n|poke|p2|Kyogre|\n|poke|p2|Groudon|\n|poke|p2|Necrozma-Dusk-Mane|\n|poke|p2|Arceus|\n|poke|p2|Ho-Oh|\n|poke|p2|Lucario, M|\n|teampreview\n|\n|t:|1698671402\n|start\n|switch|p1a: Galvantula|Galvantula, F|100\/100\n|switch|p2a: Groudon|Groudon|100\/100\n|detailschange|p2a: Groudon|Groudon-Primal\n|-primal|p2a: Groudon|Red Orb\n|-weather|DesolateLand|[from] ability: Desolate Land|[of] p2a: Groudon\n|turn|1\n|\n|t:|1698671410\n|move|p1a: Galvantula|Volt Switch|p2a: Groudon\n|-immune|p2a: Groudon\n|move|p2a: Groudon|Toxic|p1a: Galvantula|[miss]\n|-miss|p2a: Groudon|p1a: Galvantula\n|\n|-weather|DesolateLand|[upkeep]\n|upkeep\n|turn|2\n|\n|t:|1698671416\n|switch|p1a: Ferrothorn|Ferrothorn, F|100\/100\n|move|p2a: Groudon|Toxic|p1a: Ferrothorn|[miss]\n|-miss|p2a: Groudon|p1a: Ferrothorn\n|\n|-weather|DesolateLand|[upkeep]\n|upkeep\n|turn|3\n|\n|t:|1698671425\n|move|p2a: Groudon|Stealth Rock|p1a: Ferrothorn\n|-sidestart|p1: Idk4aName|move: Stealth Rock\n|move|p1a: Ferrothorn|Power Whip|p2a: Groudon\n|-damage|p2a: Groudon|69\/100\n|\n|-weather|DesolateLand|[upkeep]\n|upkeep\n|turn|4\n|\n|t:|1698671432\n|-weather|none\n|switch|p2a: Ho-Oh|Ho-Oh|100\/100\n|move|p1a: Ferrothorn|Power Whip|p2a: Ho-Oh\n|-resisted|p2a: Ho-Oh\n|-damage|p2a: Ho-Oh|91\/100\n|\n|upkeep\n|turn|5\n|\n|t:|1698671439\n|switch|p1a: Galvantula|Galvantula, F|100\/100\n|-damage|p1a: Galvantula|76\/100|[from] Stealth Rock\n|move|p2a: Ho-Oh|Sacred Fire|p1a: Galvantula\n|-supereffective|p1a: Galvantula\n|-damage|p1a: Galvantula|0 fnt\n|faint|p1a: Galvantula\n|\n|upkeep\n|\n|t:|1698671443\n|switch|p1a: Quaquaval|Quaquaval, F|100\/100\n|-damage|p1a: Quaquaval|94\/100|[from] Stealth Rock\n|turn|6\n|\n|t:|1698671452\n|switch|p2a: Groudon|Groudon-Primal|69\/100\n|-weather|DesolateLand|[from] ability: Desolate Land|[of] p2a: Groudon\n|move|p1a: Quaquaval|Aqua Step||[still]\n|-fail|p1a: Quaquaval|Aqua Step|[from] Desolate Land\n|\n|-weather|DesolateLand|[upkeep]\n|upkeep\n|turn|7\n|\n|t:|1698671458\n|switch|p1a: Ditto|Ditto|100\/100\n|-damage|p1a: Ditto|88\/100|[from] Stealth Rock\n|-transform|p1a: Ditto|p2a: Groudon|[from] ability: Imposter\n|move|p2a: Groudon|Toxic|p1a: Ditto\n|-status|p1a: Ditto|tox\n|\n|-weather|DesolateLand|[upkeep]\n|-damage|p1a: Ditto|82\/100 tox|[from] psn\n|upkeep\n|turn|8\n|\n|t:|1698671471\n|switch|p2a: Ho-Oh|Ho-Oh|100\/100\n|move|p1a: Ditto|Toxic|p2a: Ho-Oh\n|-status|p2a: Ho-Oh|tox\n|\n|-weather|DesolateLand|[upkeep]\n|-damage|p1a: Ditto|70\/100 tox|[from] psn\n|-damage|p2a: Ho-Oh|94\/100 tox|[from] psn\n|upkeep\n|turn|9\n|\n|t:|1698671480\n|-weather|none\n|switch|p1a: Ferrothorn|Ferrothorn, F|100\/100\n|-damage|p1a: Ferrothorn|94\/100|[from] Stealth Rock\n|move|p2a: Ho-Oh|Whirlwind|p1a: Ferrothorn\n|drag|p1a: Blacephalon|Blacephalon|100\/100\n|-damage|p1a: Blacephalon|76\/100|[from] Stealth Rock\n|\n|-damage|p2a: Ho-Oh|82\/100 tox|[from] psn\n|upkeep\n|turn|10\n|\n|t:|1698671493\n|move|p1a: Blacephalon|Psyshock|p2a: Ho-Oh\n|-damage|p2a: Ho-Oh|62\/100 tox\n|move|p2a: Ho-Oh|Sacred Fire|p1a: Blacephalon\n|-resisted|p1a: Blacephalon\n|-damage|p1a: Blacephalon|25\/100\n|\n|-damage|p2a: Ho-Oh|44\/100 tox|[from] psn\n|upkeep\n|turn|11\n|\n|t:|1698671503\n|switch|p2a: Arceus|Arceus|100\/100\n|move|p1a: Blacephalon|Psyshock|p2a: Arceus\n|-damage|p2a: Arceus|80\/100\n|\n|upkeep\n|turn|12\n|\n|t:|1698671510\n|move|p1a: Blacephalon|Psyshock|p2a: Arceus\n|-damage|p2a: Arceus|59\/100\n|move|p2a: Arceus|Earthquake|p1a: Blacephalon\n|-supereffective|p1a: Blacephalon\n|-damage|p1a: Blacephalon|0 fnt\n|faint|p1a: Blacephalon\n|\n|upkeep\n|\n|t:|1698671514\n|switch|p1a: Ferrothorn|Ferrothorn, F|94\/100\n|-damage|p1a: Ferrothorn|88\/100|[from] Stealth Rock\n|turn|13\n|\n|t:|1698671522\n|move|p2a: Arceus|Recover|p2a: Arceus\n|-heal|p2a: Arceus|100\/100\n|move|p1a: Ferrothorn|Knock Off|p2a: Arceus\n|-damage|p2a: Arceus|81\/100\n|-enditem|p2a: Arceus|Silk Scarf|[from] move: Knock Off|[of] p1a: Ferrothorn\n|\n|-heal|p1a: Ferrothorn|94\/100|[from] item: Leftovers\n|upkeep\n|turn|14\n|\n|t:|1698671532\n|switch|p2a: Ho-Oh|Ho-Oh|77\/100 tox\n|move|p1a: Ferrothorn|Body Press|p2a: Ho-Oh\n|-resisted|p2a: Ho-Oh\n|-damage|p2a: Ho-Oh|69\/100 tox\n|\n|-heal|p1a: Ferrothorn|100\/100|[from] item: Leftovers\n|-damage|p2a: Ho-Oh|63\/100 tox|[from] psn\n|upkeep\n|turn|15\n|\n|t:|1698671541\n|move|p2a: Ho-Oh|Sacred Fire|p1a: Ferrothorn\n|-supereffective|p1a: Ferrothorn\n|-damage|p1a: Ferrothorn|0 fnt\n|faint|p1a: Ferrothorn\n|\n|-damage|p2a: Ho-Oh|51\/100 tox|[from] psn\n|upkeep\n|\n|t:|1698671545\n|switch|p1a: Ditto|Ditto|70\/100 tox\n|-damage|p1a: Ditto|58\/100 tox|[from] Stealth Rock\n|-transform|p1a: Ditto|p2a: Ho-Oh|[from] ability: Imposter\n|turn|16\n|\n|t:|1698671553\n|move|p1a: Ditto|Defog|p2a: Ho-Oh\n|-unboost|p2a: Ho-Oh|evasion|1\n|-sideend|p1: Idk4aName|Stealth Rock|[from] move: Defog|[of] p1a: Ditto\n|move|p2a: Ho-Oh|Whirlwind|p1a: Ditto\n|drag|p1a: Quaquaval|Quaquaval, F|94\/100\n|\n|-damage|p2a: Ho-Oh|33\/100 tox|[from] psn\n|upkeep\n|turn|17\n|\n|t:|1698671560\n|switch|p2a: Groudon|Groudon-Primal|69\/100\n|-weather|DesolateLand|[from] ability: Desolate Land|[of] p2a: Groudon\n|move|p1a: Quaquaval|Ice Spinner|p2a: Groudon\n|-damage|p2a: Groudon|52\/100\n|-damage|p1a: Quaquaval|84\/100|[from] item: Life Orb\n|\n|-weather|DesolateLand|[upkeep]\n|upkeep\n|turn|18\n|\n|t:|1698671572\n|switch|p1a: Ditto|Ditto|91\/100 tox\n|-transform|p1a: Ditto|p2a: Groudon|[from] ability: Imposter\n|move|p2a: Groudon|Precipice Blades|p1a: Ditto\n|-supereffective|p1a: Ditto\n|-damage|p1a: Ditto|0 fnt\n|faint|p1a: Ditto\n|\n|-weather|DesolateLand|[upkeep]\n|upkeep\n|\n|t:|1698671576\n|switch|p1a: Quaquaval|Quaquaval, F|84\/100\n|turn|19\n|\n|t:|1698671588\n|move|p1a: Quaquaval|Swords Dance|p1a: Quaquaval\n|-boost|p1a: Quaquaval|atk|2\n|move|p2a: Groudon|Stealth Rock|p1a: Quaquaval\n|-sidestart|p1: Idk4aName|move: Stealth Rock\n|\n|-weather|DesolateLand|[upkeep]\n|upkeep\n|turn|20\n|\n|t:|1698671594\n|move|p1a: Quaquaval|Ice Spinner|p2a: Groudon\n|-damage|p2a: Groudon|15\/100\n|-damage|p1a: Quaquaval|74\/100|[from] item: Life Orb\n|move|p2a: Groudon|Precipice Blades|p1a: Quaquaval|[miss]\n|-miss|p2a: Groudon|p1a: Quaquaval\n|\n|-weather|DesolateLand|[upkeep]\n|upkeep\n|turn|21\n|\n|t:|1698671606\n|-weather|none\n|switch|p2a: Lucario|Lucario, M|100\/100\n|move|p1a: Quaquaval|Ice Spinner|p2a: Lucario\n|-resisted|p2a: Lucario\n|-damage|p2a: Lucario|42\/100\n|-damage|p1a: Quaquaval|64\/100|[from] item: Life Orb\n|\n|upkeep\n|turn|22\n|\n|t:|1698671618\n|detailschange|p2a: Lucario|Lucario-Mega, M\n|-mega|p2a: Lucario|Lucario|Lucarionite\n|move|p2a: Lucario|Close Combat|p1a: Quaquaval\n|-damage|p1a: Quaquaval|0 fnt\n|-unboost|p2a: Lucario|def|1\n|-unboost|p2a: Lucario|spd|1\n|faint|p1a: Quaquaval\n|\n|upkeep\n|\n|t:|1698671622\n|switch|p1a: Kingambit|Kingambit, M|100\/100\n|-damage|p1a: Kingambit|94\/100|[from] Stealth Rock\n|-activate|p1a: Kingambit|ability: Supreme Overlord\n|-start|p1a: Kingambit|fallen5|[silent]\n|turn|23\n|\n|t:|1698671629\n|move|p1a: Kingambit|Sucker Punch|p2a: Lucario\n|-resisted|p2a: Lucario\n|-damage|p2a: Lucario|0 fnt\n|faint|p2a: Lucario\n|\n|upkeep\n|\n|t:|1698671658\n|switch|p2a: Ho-Oh|Ho-Oh|66\/100 tox\n|turn|24\n|\n|t:|1698671663\n|move|p2a: Ho-Oh|Sacred Fire|p1a: Kingambit\n|-supereffective|p1a: Kingambit\n|-damage|p1a: Kingambit|36\/100\n|move|p1a: Kingambit|Kowtow Cleave|p2a: Ho-Oh\n|-damage|p2a: Ho-Oh|17\/100 tox\n|\n|-damage|p2a: Ho-Oh|11\/100 tox|[from] psn\n|upkeep\n|turn|25\n|\n|t:|1698671680\n|move|p1a: Kingambit|Sucker Punch||[still]\n|-fail|p1a: Kingambit\n|move|p2a: Ho-Oh|Toxic|p1a: Kingambit\n|-immune|p1a: Kingambit\n|\n|-damage|p2a: Ho-Oh|0 fnt|[from] psn\n|faint|p2a: Ho-Oh\n|upkeep\n|\n|t:|1698671696\n|switch|p2a: Kyogre|Kyogre|100\/100\n|detailschange|p2a: Kyogre|Kyogre-Primal\n|-primal|p2a: Kyogre|Blue Orb\n|-weather|PrimordialSea|[from] ability: Primordial Sea|[of] p2a: Kyogre\n|turn|26\n|\n|t:|1698671702\n|move|p1a: Kingambit|Sucker Punch|p2a: Kyogre\n|-damage|p2a: Kyogre|33\/100\n|move|p2a: Kyogre|Thunder|p1a: Kingambit\n|-damage|p1a: Kingambit|0 fnt\n|faint|p1a: Kingambit\n|-end|p1a: Kingambit|fallen5|[silent]\n|\n|win|KirbyWithAKnife_1\n|raw|Idk4aName's rating: 1278 &rarr; <strong>1251<\/strong><br \/>(-27 for losing)\n|raw|KirbyWithAKnife_1's rating: 1254 &rarr; <strong>1281<\/strong><br \/>(+27 for winning)\n|l|\u2606Idk4aName\n","uploadtime":1698671724,"views":11,"p1id":"idk4aname","p2id":"kirbywithaknife1","formatid":"gen9nationaldexubers","rating":1251,"private":0,"password":""}