{"id":"gen9nationaldexubers-1995095681","p1":"straightoutta14BC","p2":"DerpyAchoque","format":"[Gen 9] National Dex Ubers","log":"|j|\u2606straightoutta14BC\n|j|\u2606DerpyAchoque\n|inactive|Battle timer is ON: inactive players will automatically lose when time's up.\n|t:|1700522050\n|gametype|singles\n|player|p1|straightoutta14BC|266|\n|player|p2|DerpyAchoque|elio|\n|teamsize|p1|6\n|teamsize|p2|6\n|gen|9\n|tier|[Gen 9] National Dex Ubers\n|rated|Tournament battle\n|rule|HP Percentage Mod: HP is shown in percentages\n|rule|Endless Battle Clause: Forcing endless battles is banned\n|rule|OHKO Clause: OHKO moves are banned\n|rule|Evasion Moves Clause: Evasion moves are banned\n|rule|Evasion Items Clause: Evasion items are banned\n|rule|Species Clause: Limit one of each Pok\u00e9mon\n|rule|Sleep Clause Mod: Limit one foe put to sleep\n|rule|Mega Rayquaza Clause: You cannot mega evolve Rayquaza\n|rule|Dynamax Clause: You cannot dynamax\n|rule|Terastal Clause: You cannot Terastallize\n|rule|Same Type Clause: Pok\u00e9mon in a team must share a type\n|clearpoke\n|poke|p1|Klinklang|\n|poke|p1|Bronzong|\n|poke|p1|Mawile, F|\n|poke|p1|Melmetal|\n|poke|p1|Stakataka|\n|poke|p1|Ferrothorn, F|\n|poke|p2|Rayquaza|\n|poke|p2|Dialga-Origin|\n|poke|p2|Palkia-Origin|\n|poke|p2|Giratina-Origin|\n|poke|p2|Zygarde|\n|poke|p2|Eternatus|\n|teampreview\n|j| NotMystery\n|inactive|straightoutta14BC has 120 seconds left.\n|inactive|straightoutta14BC has 90 seconds left.\n|\n|t:|1700522123\n|start\n|switch|p1a: Shenzhou|Klinklang|100\/100\n|switch|p2a: Spikey Guy|Dialga-Origin|100\/100\n|-ability|p2a: Spikey Guy|Pressure\n|turn|1\n|\n|t:|1700522141\n|move|p2a: Spikey Guy|Stealth Rock|p1a: Shenzhou\n|-sidestart|p1: straightoutta14BC|move: Stealth Rock\n|move|p1a: Shenzhou|Trick Room|p1a: Shenzhou\n|-fieldstart|move: Trick Room|[of] p1a: Shenzhou\n|\n|upkeep\n|turn|2\n|j|+Hyjinks\n|\n|t:|1700522156\n|move|p1a: Shenzhou|Volt Switch|p2a: Spikey Guy\n|-resisted|p2a: Spikey Guy\n|-damage|p2a: Spikey Guy|95\/100\n|inactive|straightoutta14BC has 120 seconds left.\n|\n|t:|1700522187\n|switch|p1a: Nova|Melmetal|100\/100|[from] Volt Switch\n|-damage|p1a: Nova|94\/100|[from] Stealth Rock\n|move|p2a: Spikey Guy|Trick Room|p2a: Spikey Guy\n|-fieldend|move: Trick Room\n|\n|upkeep\n|turn|3\n|inactive|straightoutta14BC has 120 seconds left.\n|inactive|straightoutta14BC has 90 seconds left.\n|\n|t:|1700522248\n|move|p2a: Spikey Guy|Aura Sphere|p1a: Nova\n|-supereffective|p1a: Nova\n|-damage|p1a: Nova|43\/100\n|move|p1a: Nova|Double Iron Bash|p2a: Spikey Guy\n|-resisted|p2a: Spikey Guy\n|-damage|p2a: Spikey Guy|73\/100\n|-resisted|p2a: Spikey Guy\n|-damage|p2a: Spikey Guy|50\/100\n|-hitcount|p2a: Spikey Guy|2\n|\n|upkeep\n|turn|4\n|inactive|straightoutta14BC has 60 seconds left.\n|inactive|DerpyAchoque has 120 seconds left.\n|inactive|straightoutta14BC has 30 seconds left.\n|\n|t:|1700522295\n|switch|p2a: Spinach Sheet|Zygarde|100\/100\n|switch|p1a: Echo|Bronzong|100\/100\n|-damage|p1a: Echo|94\/100|[from] Stealth Rock\n|\n|upkeep\n|turn|5\n|inactive|DerpyAchoque has 120 seconds left.\n|\n|t:|1700522301\n|move|p2a: Spinach Sheet|Coil|p2a: Spinach Sheet\n|-boost|p2a: Spinach Sheet|atk|1\n|-boost|p2a: Spinach Sheet|def|1\n|-boost|p2a: Spinach Sheet|accuracy|1\n|move|p1a: Echo|Trick Room|p1a: Echo\n|-fieldstart|move: Trick Room|[of] p1a: Echo\n|\n|upkeep\n|turn|6\n|\n|t:|1700522314\n|switch|p1a: Nova|Melmetal|43\/100\n|-damage|p1a: Nova|37\/100|[from] Stealth Rock\n|move|p2a: Spinach Sheet|Coil|p2a: Spinach Sheet\n|-boost|p2a: Spinach Sheet|atk|1\n|-boost|p2a: Spinach Sheet|def|1\n|-boost|p2a: Spinach Sheet|accuracy|1\n|\n|upkeep\n|turn|7\n|\n|t:|1700522319\n|move|p2a: Spinach Sheet|Extreme Speed|p1a: Nova\n|-resisted|p1a: Nova\n|-damage|p1a: Nova|23\/100\n|move|p1a: Nova|Double Iron Bash|p2a: Spinach Sheet\n|-damage|p2a: Spinach Sheet|76\/100\n|-damage|p2a: Spinach Sheet|54\/100\n|-hitcount|p2a: Spinach Sheet|2\n|\n|-heal|p2a: Spinach Sheet|60\/100|[from] item: Leftovers\n|upkeep\n|turn|8\n|\n|t:|1700522328\n|move|p1a: Nova|Double Iron Bash|p2a: Spinach Sheet\n|-damage|p2a: Spinach Sheet|37\/100\n|-damage|p2a: Spinach Sheet|16\/100\n|-hitcount|p2a: Spinach Sheet|2\n|cant|p2a: Spinach Sheet|flinch\n|\n|-heal|p2a: Spinach Sheet|22\/100|[from] item: Leftovers\n|-activate|p2a: Spinach Sheet|ability: Power Construct\n|detailschange|p2a: Spinach Sheet|Zygarde-Complete\n|-heal|p2a: Spinach Sheet|49\/100|[silent]\n|upkeep\n|turn|9\n|\n|t:|1700522339\n|move|p1a: Nova|Double Iron Bash|p2a: Spinach Sheet\n|-damage|p2a: Spinach Sheet|34\/100\n|-damage|p2a: Spinach Sheet|20\/100\n|-hitcount|p2a: Spinach Sheet|2\n|move|p2a: Spinach Sheet|Thousand Arrows|p1a: Nova\n|-supereffective|p1a: Nova\n|-damage|p1a: Nova|0 fnt\n|faint|p1a: Nova\n|\n|-heal|p2a: Spinach Sheet|26\/100|[from] item: Leftovers\n|-fieldend|move: Trick Room\n|upkeep\n|\n|t:|1700522346\n|switch|p1a: Venera|Ferrothorn, F|100\/100\n|-damage|p1a: Venera|94\/100|[from] Stealth Rock\n|turn|10\n|\n|t:|1700522353\n|move|p2a: Spinach Sheet|Thousand Arrows|p1a: Venera\n|-damage|p1a: Venera|31\/100\n|move|p1a: Venera|Leech Seed|p2a: Spinach Sheet\n|-start|p2a: Spinach Sheet|move: Leech Seed\n|\n|-heal|p2a: Spinach Sheet|32\/100|[from] item: Leftovers\n|-heal|p1a: Venera|37\/100|[from] item: Leftovers\n|-damage|p2a: Spinach Sheet|19\/100|[from] Leech Seed|[of] p1a: Venera\n|-heal|p1a: Venera|60\/100|[silent]\n|upkeep\n|turn|11\n|inactive|straightoutta14BC has 60 seconds left.\n|\n|t:|1700522366\n|move|p1a: Venera|Protect|p1a: Venera\n|-singleturn|p1a: Venera|Protect\n|move|p2a: Spinach Sheet|Coil|p2a: Spinach Sheet\n|-boost|p2a: Spinach Sheet|atk|1\n|-boost|p2a: Spinach Sheet|def|1\n|-boost|p2a: Spinach Sheet|accuracy|1\n|\n|-heal|p2a: Spinach Sheet|25\/100|[from] item: Leftovers\n|-heal|p1a: Venera|66\/100|[from] item: Leftovers\n|-damage|p2a: Spinach Sheet|13\/100|[from] Leech Seed|[of] p1a: Venera\n|-heal|p1a: Venera|88\/100|[silent]\n|upkeep\n|turn|12\n|inactive|straightoutta14BC has 60 seconds left.\n|\n|t:|1700522376\n|move|p2a: Spinach Sheet|Thousand Arrows|p1a: Venera\n|-crit|p1a: Venera\n|-damage|p1a: Venera|0 fnt\n|faint|p1a: Venera\n|\n|-heal|p2a: Spinach Sheet|19\/100|[from] item: Leftovers\n|upkeep\n|\n|t:|1700522389\n|switch|p1a: Echo|Bronzong|94\/100\n|-damage|p1a: Echo|88\/100|[from] Stealth Rock\n|turn|13\n|\n|t:|1700522391\n|move|p2a: Spinach Sheet|Thousand Arrows|p1a: Echo\n|-supereffective|p1a: Echo\n|-enditem|p1a: Echo|Shuca Berry|[eat]\n|-enditem|p1a: Echo|Shuca Berry|[weaken]\n|-damage|p1a: Echo|2\/100\n|move|p1a: Echo|Trick Room|p1a: Echo\n|-fieldstart|move: Trick Room|[of] p1a: Echo\n|\n|-heal|p2a: Spinach Sheet|25\/100|[from] item: Leftovers\n|-damage|p2a: Spinach Sheet|13\/100|[from] Leech Seed|[of] p1a: Echo\n|-heal|p1a: Echo|25\/100|[silent]\n|upkeep\n|turn|14\n|\n|t:|1700522401\n|move|p2a: Spinach Sheet|Extreme Speed|p1a: Echo\n|-resisted|p1a: Echo\n|-damage|p1a: Echo|0 fnt\n|faint|p1a: Echo\n|\n|-heal|p2a: Spinach Sheet|19\/100|[from] item: Leftovers\n|upkeep\n|\n|t:|1700522405\n|switch|p1a: Valentina|Mawile, F|100\/100\n|-damage|p1a: Valentina|94\/100|[from] Stealth Rock\n|-ability|p1a: Valentina|Intimidate|boost\n|-unboost|p2a: Spinach Sheet|atk|1\n|turn|15\n|\n|t:|1700522410\n|detailschange|p1a: Valentina|Mawile-Mega, F\n|-mega|p1a: Valentina|Mawile|Mawilite\n|move|p2a: Spinach Sheet|Extreme Speed|p1a: Valentina\n|-resisted|p1a: Valentina\n|-crit|p1a: Valentina\n|-damage|p1a: Valentina|57\/100\n|move|p1a: Valentina|Play Rough|p2a: Spinach Sheet\n|-supereffective|p2a: Spinach Sheet\n|-damage|p2a: Spinach Sheet|0 fnt\n|faint|p2a: Spinach Sheet\n|\n|upkeep\n|\n|t:|1700522417\n|switch|p2a: Spikey Guy|Dialga-Origin|50\/100\n|-ability|p2a: Spikey Guy|Pressure\n|turn|16\n|\n|t:|1700522419\n|move|p1a: Valentina|Play Rough|p2a: Spikey Guy\n|-damage|p2a: Spikey Guy|0 fnt\n|faint|p2a: Spikey Guy\n|\n|upkeep\n|\n|t:|1700522429\n|switch|p2a: Tentacle Guy|Giratina-Origin|100\/100\n|turn|17\n|\n|t:|1700522433\n|move|p1a: Valentina|Play Rough|p2a: Tentacle Guy\n|-supereffective|p2a: Tentacle Guy\n|-damage|p2a: Tentacle Guy|0 fnt\n|faint|p2a: Tentacle Guy\n|\n|-fieldend|move: Trick Room\n|upkeep\n|\n|t:|1700522437\n|switch|p2a: Bug Lizard|Eternatus|100\/100\n|-ability|p2a: Bug Lizard|Pressure\n|turn|18\n|inactive|straightoutta14BC has 120 seconds left.\n|\n|t:|1700522443\n|switch|p1a: Shenzhou|Klinklang|100\/100\n|-damage|p1a: Shenzhou|94\/100|[from] Stealth Rock\n|move|p2a: Bug Lizard|Flamethrower|p1a: Shenzhou\n|-supereffective|p1a: Shenzhou\n|-damage|p1a: Shenzhou|0 fnt\n|faint|p1a: Shenzhou\n|-damage|p2a: Bug Lizard|91\/100|[from] item: Life Orb\n|\n|upkeep\n|inactive|straightoutta14BC has 120 seconds left.\n|\n|t:|1700522449\n|switch|p1a: ISS|Stakataka|100\/100\n|-damage|p1a: ISS|94\/100|[from] Stealth Rock\n|turn|19\n|\n|t:|1700522453\n|move|p2a: Bug Lizard|Flamethrower|p1a: ISS\n|-damage|p1a: ISS|45\/100\n|-damage|p2a: Bug Lizard|81\/100|[from] item: Life Orb\n|move|p1a: ISS|Trick Room|p1a: ISS\n|-fieldstart|move: Trick Room|[of] p1a: ISS\n|\n|upkeep\n|turn|20\n|\n|t:|1700522460\n|move|p1a: ISS|Gyro Ball|p2a: Bug Lizard\n|-damage|p2a: Bug Lizard|0 fnt\n|faint|p2a: Bug Lizard\n|-ability|p1a: ISS|Beast Boost|boost\n|-boost|p1a: ISS|atk|1\n|-damage|p1a: ISS|35\/100|[from] item: Life Orb\n|\n|upkeep\n|\n|t:|1700522465\n|switch|p2a: Spinach Noodle|Rayquaza|100\/100\n|-ability|p2a: Spinach Noodle|Air Lock\n|turn|21\n|\n|t:|1700522476\n|move|p1a: ISS|Gyro Ball|p2a: Spinach Noodle\n|-damage|p2a: Spinach Noodle|0 fnt\n|faint|p2a: Spinach Noodle\n|-ability|p1a: ISS|Beast Boost|boost\n|-boost|p1a: ISS|atk|1\n|-damage|p1a: ISS|26\/100|[from] item: Life Orb\n|\n|upkeep\n|\n|t:|1700522479\n|switch|p2a: Horse Guy|Palkia-Origin|100\/100\n|-ability|p2a: Horse Guy|Pressure\n|turn|22\n|\n|t:|1700522485\n|move|p1a: ISS|Gyro Ball|p2a: Horse Guy\n|-resisted|p2a: Horse Guy\n|-damage|p2a: Horse Guy|0 fnt\n|faint|p2a: Horse Guy\n|-damage|p1a: ISS|16\/100|[from] item: Life Orb\n|\n|win|straightoutta14BC\n|n|\u2606straightoutta14BC|straightoutta14bc\n|n|\u2606DerpyAchoque|derpyachoque\n|n| NotMystery|notmystery\n|n| Hyjinks|hyjinks\n|c|\u2606DerpyAchoque|gg\n|l| Hyjinks\n","uploadtime":1700522492,"views":1,"p1id":"straightoutta14bc","p2id":"derpyachoque","formatid":"gen9nationaldexubers","rating":0,"private":0,"password":""}