{"id":"gen9nationaldexubers-1987491993","p1":"Nanorano","p2":"SkywardSD","format":"[Gen 9] National Dex Ubers","log":"|j|\u2606Nanorano\n|j|\u2606SkywardSD\n|t:|1699600764\n|gametype|singles\n|player|p1|Nanorano|hiker|\n|player|p2|SkywardSD|adaman|\n|teamsize|p1|6\n|teamsize|p2|6\n|gen|9\n|tier|[Gen 9] National Dex Ubers\n|rule|HP Percentage Mod: HP is shown in percentages\n|rule|Endless Battle Clause: Forcing endless battles is banned\n|rule|OHKO Clause: OHKO moves are banned\n|rule|Evasion Moves Clause: Evasion moves are banned\n|rule|Evasion Items Clause: Evasion items are banned\n|rule|Species Clause: Limit one of each Pok\u00e9mon\n|rule|Sleep Clause Mod: Limit one foe put to sleep\n|rule|Mega Rayquaza Clause: You cannot mega evolve Rayquaza\n|clearpoke\n|poke|p1|Ferrothorn, F|\n|poke|p1|Amoonguss, M|\n|poke|p1|Cradily, F|\n|poke|p1|Torterra, M|\n|poke|p1|Ogerpon-Wellspring, F|\n|poke|p1|Rillaboom, M|\n|poke|p2|Clodsire, F|\n|poke|p2|Munkidori, M|\n|poke|p2|Lopunny, M|\n|poke|p2|Camerupt, M|\n|poke|p2|Guzzlord|\n|poke|p2|Miltank, F|\n|teampreview\n|\n|t:|1699600773\n|start\n|switch|p1a: Rillaboom|Rillaboom, M, shiny|100\/100\n|switch|p2a: Munkidori|Munkidori, M|100\/100\n|-fieldstart|move: Grassy Terrain|[from] ability: Grassy Surge|[of] p1a: Rillaboom\n|turn|1\n|\n|t:|1699600779\n|move|p2a: Munkidori|Fake Out|p1a: Rillaboom\n|-damage|p1a: Rillaboom|94\/100\n|-status|p1a: Rillaboom|tox|[from] ability: Toxic Chain|[of] p2a: Munkidori\n|cant|p1a: Rillaboom|flinch\n|\n|-heal|p1a: Rillaboom|99\/100 tox|[from] Grassy Terrain\n|-damage|p1a: Rillaboom|94\/100 tox|[from] psn\n|upkeep\n|turn|2\n|\n|t:|1699600788\n|-zpower|p2a: Munkidori\n|move|p2a: Munkidori|Acid Downpour|p1a: Rillaboom|[zeffect]\n|-supereffective|p1a: Rillaboom\n|-damage|p1a: Rillaboom|0 fnt\n|faint|p1a: Rillaboom\n|\n|upkeep\n|\n|t:|1699600799\n|switch|p1a: Amoonguss|Amoonguss, M, shiny|100\/100\n|turn|3\n|\n|t:|1699600804\n|move|p2a: Munkidori|Psychic|p1a: Amoonguss\n|-supereffective|p1a: Amoonguss\n|-damage|p1a: Amoonguss|41\/100\n|-unboost|p1a: Amoonguss|spd|1\n|move|p1a: Amoonguss|Spore|p2a: Munkidori\n|-status|p2a: Munkidori|slp|[from] move: Spore\n|\n|-heal|p1a: Amoonguss|47\/100|[from] Grassy Terrain\n|-heal|p1a: Amoonguss|53\/100|[from] item: Black Sludge\n|upkeep\n|turn|4\n|\n|t:|1699600817\n|switch|p2a: Clodsire|Clodsire, F|100\/100\n|move|p1a: Amoonguss|Substitute|p1a: Amoonguss\n|-start|p1a: Amoonguss|Substitute\n|-damage|p1a: Amoonguss|28\/100\n|\n|-heal|p1a: Amoonguss|34\/100|[from] Grassy Terrain\n|-heal|p1a: Amoonguss|40\/100|[from] item: Black Sludge\n|upkeep\n|turn|5\n|\n|t:|1699600836\n|switch|p1a: Ogerpon|Ogerpon-Wellspring, F|100\/100\n|move|p2a: Clodsire|Stealth Rock|p1a: Ogerpon\n|-sidestart|p1: Nanorano|move: Stealth Rock\n|\n|-fieldend|move: Grassy Terrain\n|upkeep\n|turn|6\n|\n|t:|1699600852\n|-terastallize|p1a: Ogerpon|Water\n|detailschange|p1a: Ogerpon|Ogerpon-Wellspring-Tera, F, tera:Water\n|-ability|p1a: Ogerpon|Embody Aspect (Wellspring)|boost\n|-boost|p1a: Ogerpon|spd|1\n|-terastallize|p2a: Clodsire|Poison\n|move|p1a: Ogerpon|Ivy Cudgel|p2a: Clodsire\n|-damage|p2a: Clodsire|42\/100\n|move|p2a: Clodsire|Gunk Shot|p1a: Ogerpon\n|-damage|p1a: Ogerpon|41\/100\n|-status|p1a: Ogerpon|psn\n|\n|-heal|p2a: Clodsire|49\/100|[from] item: Black Sludge\n|-damage|p1a: Ogerpon|28\/100 psn|[from] psn\n|upkeep\n|turn|7\n|\n|t:|1699600866\n|switch|p2a: Guzzlord|Guzzlord|100\/100\n|move|p1a: Ogerpon|Ivy Cudgel|p2a: Guzzlord\n|-resisted|p2a: Guzzlord\n|-damage|p2a: Guzzlord|65\/100\n|\n|-damage|p1a: Ogerpon|16\/100 psn|[from] psn\n|upkeep\n|turn|8\n|\n|t:|1699600877\n|move|p1a: Ogerpon|Horn Leech|p2a: Guzzlord\n|-resisted|p2a: Guzzlord\n|-damage|p2a: Guzzlord|44\/100\n|-heal|p1a: Ogerpon|39\/100 psn|[from] drain|[of] p2a: Guzzlord\n|move|p2a: Guzzlord|Drain Punch|p1a: Ogerpon\n|-damage|p1a: Ogerpon|4\/100 psn\n|-heal|p2a: Guzzlord|52\/100|[from] drain|[of] p1a: Ogerpon\n|\n|-damage|p1a: Ogerpon|0 fnt|[from] psn\n|faint|p1a: Ogerpon\n|upkeep\n|\n|t:|1699600894\n|switch|p1a: Torterra|Torterra, M|100\/100\n|-damage|p1a: Torterra|94\/100|[from] Stealth Rock\n|turn|9\n|\n|t:|1699600899\n|move|p1a: Torterra|Substitute|p1a: Torterra\n|-start|p1a: Torterra|Substitute\n|-damage|p1a: Torterra|70\/100\n|move|p2a: Guzzlord|Knock Off|p1a: Torterra\n|-end|p1a: Torterra|Substitute\n|\n|-heal|p1a: Torterra|76\/100|[from] item: Leftovers\n|upkeep\n|turn|10\n|\n|t:|1699600906\n|move|p1a: Torterra|Protect|p1a: Torterra\n|-singleturn|p1a: Torterra|Protect\n|move|p2a: Guzzlord|Knock Off|p1a: Torterra\n|-activate|p1a: Torterra|move: Protect\n|\n|-heal|p1a: Torterra|82\/100|[from] item: Leftovers\n|upkeep\n|turn|11\n|\n|t:|1699600912\n|move|p1a: Torterra|Substitute|p1a: Torterra\n|-start|p1a: Torterra|Substitute\n|-damage|p1a: Torterra|57\/100\n|move|p2a: Guzzlord|Knock Off|p1a: Torterra\n|-end|p1a: Torterra|Substitute\n|\n|-heal|p1a: Torterra|63\/100|[from] item: Leftovers\n|upkeep\n|turn|12\n|\n|t:|1699600919\n|move|p1a: Torterra|Protect|p1a: Torterra\n|-singleturn|p1a: Torterra|Protect\n|move|p2a: Guzzlord|Knock Off|p1a: Torterra\n|-activate|p1a: Torterra|move: Protect\n|\n|-heal|p1a: Torterra|69\/100|[from] item: Leftovers\n|upkeep\n|turn|13\n|\n|t:|1699600925\n|move|p1a: Torterra|Substitute|p1a: Torterra\n|-start|p1a: Torterra|Substitute\n|-damage|p1a: Torterra|44\/100\n|move|p2a: Guzzlord|Knock Off|p1a: Torterra\n|-end|p1a: Torterra|Substitute\n|\n|-heal|p1a: Torterra|50\/100|[from] item: Leftovers\n|upkeep\n|turn|14\n|\n|t:|1699600932\n|move|p1a: Torterra|Protect|p1a: Torterra\n|-singleturn|p1a: Torterra|Protect\n|move|p2a: Guzzlord|Knock Off|p1a: Torterra\n|-activate|p1a: Torterra|move: Protect\n|\n|-heal|p1a: Torterra|56\/100|[from] item: Leftovers\n|upkeep\n|turn|15\n|\n|t:|1699600939\n|move|p1a: Torterra|Substitute|p1a: Torterra\n|-start|p1a: Torterra|Substitute\n|-damage|p1a: Torterra|31\/100\n|move|p2a: Guzzlord|Knock Off|p1a: Torterra\n|-end|p1a: Torterra|Substitute\n|\n|-heal|p1a: Torterra|38\/100|[from] item: Leftovers\n|upkeep\n|turn|16\n|\n|t:|1699600945\n|move|p1a: Torterra|Protect|p1a: Torterra\n|-singleturn|p1a: Torterra|Protect\n|move|p2a: Guzzlord|Knock Off|p1a: Torterra\n|-activate|p1a: Torterra|move: Protect\n|\n|-heal|p1a: Torterra|44\/100|[from] item: Leftovers\n|upkeep\n|turn|17\n|\n|t:|1699600952\n|move|p1a: Torterra|Substitute|p1a: Torterra\n|-start|p1a: Torterra|Substitute\n|-damage|p1a: Torterra|19\/100\n|move|p2a: Guzzlord|Knock Off|p1a: Torterra\n|-end|p1a: Torterra|Substitute\n|\n|-heal|p1a: Torterra|25\/100|[from] item: Leftovers\n|upkeep\n|turn|18\n|\n|t:|1699600959\n|move|p1a: Torterra|Rest|p1a: Torterra\n|-status|p1a: Torterra|slp|[from] move: Rest\n|-heal|p1a: Torterra|100\/100 slp|[silent]\n|move|p2a: Guzzlord|Knock Off|p1a: Torterra\n|-damage|p1a: Torterra|74\/100 slp\n|-enditem|p1a: Torterra|Leftovers|[from] move: Knock Off|[of] p2a: Guzzlord\n|\n|upkeep\n|turn|19\n|\n|t:|1699600967\n|switch|p2a: Miltank|Miltank, F|100\/100\n|cant|p1a: Torterra|slp\n|move|p1a: Torterra|Sleep Talk|p1a: Torterra\n|move|p1a: Torterra|Rest||[from]move: Sleep Talk|[still]\n|-fail|p1a: Torterra\n|\n|upkeep\n|turn|20\n|\n|t:|1699600980\n|switch|p1a: Amoonguss|Amoonguss, M, shiny|73\/100\n|-damage|p1a: Amoonguss|61\/100|[from] Stealth Rock\n|move|p2a: Miltank|Power-Up Punch|p1a: Amoonguss\n|-resisted|p1a: Amoonguss\n|-damage|p1a: Amoonguss|55\/100\n|-boost|p2a: Miltank|atk|1\n|\n|-heal|p1a: Amoonguss|61\/100|[from] item: Black Sludge\n|upkeep\n|turn|21\n|\n|t:|1699600992\n|move|p2a: Miltank|Return|p1a: Amoonguss\n|-damage|p1a: Amoonguss|0 fnt\n|faint|p1a: Amoonguss\n|\n|upkeep\n|\n|t:|1699601005\n|switch|p1a: Ferrothorn|Ferrothorn, F, shiny|100\/100\n|-damage|p1a: Ferrothorn|95\/100|[from] Stealth Rock\n|turn|22\n|\n|t:|1699601011\n|move|p2a: Miltank|Power-Up Punch|p1a: Ferrothorn\n|-supereffective|p1a: Ferrothorn\n|-damage|p1a: Ferrothorn|67\/100\n|-boost|p2a: Miltank|atk|1\n|-damage|p2a: Miltank|88\/100|[from] ability: Iron Barbs|[of] p1a: Ferrothorn\n|move|p1a: Ferrothorn|Leech Seed|p2a: Miltank\n|-ability|p2a: Miltank|Sap Sipper|boost\n|-boost|p2a: Miltank|atk|1\n|\n|-heal|p2a: Miltank|94\/100|[from] item: Leftovers\n|-heal|p1a: Ferrothorn|73\/100|[from] item: Leftovers\n|upkeep\n|turn|23\n|\n|t:|1699601022\n|move|p2a: Miltank|Power-Up Punch|p1a: Ferrothorn\n|-supereffective|p1a: Ferrothorn\n|-damage|p1a: Ferrothorn|33\/100\n|-boost|p2a: Miltank|atk|1\n|-damage|p2a: Miltank|82\/100|[from] ability: Iron Barbs|[of] p1a: Ferrothorn\n|move|p1a: Ferrothorn|Substitute|p1a: Ferrothorn\n|-start|p1a: Ferrothorn|Substitute\n|-damage|p1a: Ferrothorn|8\/100\n|\n|-heal|p2a: Miltank|88\/100|[from] item: Leftovers\n|-heal|p1a: Ferrothorn|14\/100|[from] item: Leftovers\n|upkeep\n|turn|24\n|\n|t:|1699601033\n|move|p1a: Ferrothorn|Protect|p1a: Ferrothorn\n|-singleturn|p1a: Ferrothorn|Protect\n|move|p2a: Miltank|Power-Up Punch|p1a: Ferrothorn\n|-activate|p1a: Ferrothorn|move: Protect\n|\n|-heal|p2a: Miltank|94\/100|[from] item: Leftovers\n|-heal|p1a: Ferrothorn|20\/100|[from] item: Leftovers\n|upkeep\n|turn|25\n|\n|t:|1699601045\n|move|p2a: Miltank|Power-Up Punch|p1a: Ferrothorn\n|-supereffective|p1a: Ferrothorn\n|-end|p1a: Ferrothorn|Substitute\n|-boost|p2a: Miltank|atk|1\n|move|p1a: Ferrothorn|Stealth Rock|p2a: Miltank\n|-sidestart|p2: SkywardSD|move: Stealth Rock\n|\n|-heal|p2a: Miltank|99\/100|[from] item: Leftovers\n|-heal|p1a: Ferrothorn|26\/100|[from] item: Leftovers\n|upkeep\n|turn|26\n|\n|t:|1699601056\n|move|p1a: Ferrothorn|Protect|p1a: Ferrothorn\n|-singleturn|p1a: Ferrothorn|Protect\n|move|p2a: Miltank|Power-Up Punch|p1a: Ferrothorn\n|-activate|p1a: Ferrothorn|move: Protect\n|\n|-heal|p2a: Miltank|100\/100|[from] item: Leftovers\n|-heal|p1a: Ferrothorn|32\/100|[from] item: Leftovers\n|upkeep\n|turn|27\n|\n|t:|1699601065\n|move|p2a: Miltank|Power-Up Punch|p1a: Ferrothorn\n|-supereffective|p1a: Ferrothorn\n|-damage|p1a: Ferrothorn|0 fnt\n|-boost|p2a: Miltank|atk|1\n|-damage|p2a: Miltank|88\/100|[from] ability: Iron Barbs|[of] p1a: Ferrothorn\n|faint|p1a: Ferrothorn\n|\n|-heal|p2a: Miltank|94\/100|[from] item: Leftovers\n|upkeep\n|\n|t:|1699601075\n|switch|p1a: Cradily|Cradily, F, shiny|100\/100\n|-damage|p1a: Cradily|88\/100|[from] Stealth Rock\n|turn|28\n|\n|t:|1699601081\n|move|p2a: Miltank|Ice Punch|p1a: Cradily\n|-supereffective|p1a: Cradily\n|-damage|p1a: Cradily|0 fnt\n|faint|p1a: Cradily\n|\n|-heal|p2a: Miltank|99\/100|[from] item: Leftovers\n|upkeep\n|\n|t:|1699601087\n|switch|p1a: Torterra|Torterra, M|74\/100 slp\n|-damage|p1a: Torterra|68\/100 slp|[from] Stealth Rock\n|turn|29\n|\n|t:|1699601091\n|move|p2a: Miltank|Ice Punch|p1a: Torterra\n|-supereffective|p1a: Torterra\n|-damage|p1a: Torterra|0 fnt\n|faint|p1a: Torterra\n|\n|win|SkywardSD\n|l|\u2606SkywardSD\n|l|\u2606Nanorano\n|j|\u2606SkywardSD\n|player|p2|SkywardSD|adaman\n","uploadtime":1699601126,"views":21,"p1id":"nanorano","p2id":"skywardsd","formatid":"gen9nationaldexubers","rating":0,"private":0,"password":""}