{"id":"gen9nationaldexubers-1992171759","p1":"Mk120","p2":"KJ.nyc","format":"[Gen 9] National Dex Ubers","log":"|j|\u2606Mk120\n|j|\u2606KJ.nyc\n|t:|1700160955\n|gametype|singles\n|player|p1|Mk120|youngster-gen4dp|1162\n|player|p2|KJ.nyc|hilbert|1287\n|teamsize|p1|6\n|teamsize|p2|6\n|gen|9\n|tier|[Gen 9] National Dex Ubers\n|rated|\n|rule|HP Percentage Mod: HP is shown in percentages\n|rule|Endless Battle Clause: Forcing endless battles is banned\n|rule|OHKO Clause: OHKO moves are banned\n|rule|Evasion Moves Clause: Evasion moves are banned\n|rule|Evasion Items Clause: Evasion items are banned\n|rule|Species Clause: Limit one of each Pok\u00e9mon\n|rule|Sleep Clause Mod: Limit one foe put to sleep\n|rule|Mega Rayquaza Clause: You cannot mega evolve Rayquaza\n|clearpoke\n|poke|p1|Necrozma-Dusk-Mane|\n|poke|p1|Aggron, M|\n|poke|p1|Vivillon-Sun, F|\n|poke|p1|Arceus|\n|poke|p1|Shaymin-Sky|\n|poke|p1|Archen, L1, M|\n|poke|p2|Pikachu, M|\n|poke|p2|Dragonite, F|\n|poke|p2|Gengar, M|\n|poke|p2|Lucario, M|\n|poke|p2|Sirfetch\u2019d, M|\n|poke|p2|Dracovish|\n|teampreview\n|c|\u2606KJ.nyc|glhf\n|inactive|Battle timer is ON: inactive players will automatically lose when time's up. (requested by KJ.nyc)\n|\n|t:|1700160962\n|start\n|switch|p1a: Flower Puppy|Shaymin-Sky|100\/100\n|switch|p2a: Dracovish|Dracovish|100\/100\n|turn|1\n|c|\u2606Mk120|gl\n|\n|t:|1700160968\n|move|p1a: Flower Puppy|Air Slash|p2a: Dracovish\n|-damage|p2a: Dracovish|45\/100\n|-damage|p1a: Flower Puppy|91\/100|[from] item: Life Orb\n|move|p2a: Dracovish|Ice Fang|p1a: Flower Puppy\n|-supereffective|p1a: Flower Puppy\n|-damage|p1a: Flower Puppy|0 fnt\n|faint|p1a: Flower Puppy\n|\n|upkeep\n|\n|t:|1700160978\n|switch|p1a: Silly|Arceus|100\/100\n|turn|2\n|\n|t:|1700160982\n|move|p1a: Silly|Substitute|p1a: Silly\n|-start|p1a: Silly|Substitute\n|-damage|p1a: Silly|76\/100\n|move|p2a: Dracovish|Ice Fang|p1a: Silly\n|-end|p1a: Silly|Substitute\n|\n|-heal|p1a: Silly|82\/100|[from] item: Leftovers\n|upkeep\n|turn|3\n|\n|t:|1700160989\n|move|p1a: Silly|Cosmic Power|p1a: Silly\n|-boost|p1a: Silly|def|1\n|-boost|p1a: Silly|spd|1\n|move|p2a: Dracovish|Ice Fang|p1a: Silly\n|-damage|p1a: Silly|61\/100\n|\n|-heal|p1a: Silly|67\/100|[from] item: Leftovers\n|upkeep\n|turn|4\n|\n|t:|1700160998\n|switch|p2a: Lucario|Lucario, M|100\/100\n|move|p1a: Silly|Protect||[still]\n|-fail|p1a: Silly\n|\n|-heal|p1a: Silly|73\/100|[from] item: Leftovers\n|upkeep\n|turn|5\n|\n|t:|1700161007\n|detailschange|p2a: Lucario|Lucario-Mega, M\n|-mega|p2a: Lucario|Lucario|Lucarionite\n|move|p1a: Silly|Cosmic Power|p1a: Silly\n|-boost|p1a: Silly|def|1\n|-boost|p1a: Silly|spd|1\n|move|p2a: Lucario|Aura Sphere|p1a: Silly\n|-supereffective|p1a: Silly\n|-damage|p1a: Silly|38\/100\n|\n|-heal|p1a: Silly|44\/100|[from] item: Leftovers\n|upkeep\n|turn|6\n|\n|t:|1700161017\n|move|p1a: Silly|Protect|p1a: Silly\n|-singleturn|p1a: Silly|Protect\n|move|p2a: Lucario|Aura Sphere|p1a: Silly\n|-activate|p1a: Silly|move: Protect\n|\n|-heal|p1a: Silly|50\/100|[from] item: Leftovers\n|upkeep\n|turn|7\n|\n|t:|1700161024\n|move|p1a: Silly|Cosmic Power|p1a: Silly\n|-boost|p1a: Silly|def|1\n|-boost|p1a: Silly|spd|1\n|move|p2a: Lucario|Aura Sphere|p1a: Silly\n|-supereffective|p1a: Silly\n|-damage|p1a: Silly|22\/100\n|\n|-heal|p1a: Silly|28\/100|[from] item: Leftovers\n|upkeep\n|turn|8\n|\n|t:|1700161032\n|switch|p2a: Sirfetch\u2019d|Sirfetch\u2019d, M|100\/100\n|move|p1a: Silly|Protect||[still]\n|-fail|p1a: Silly\n|\n|-heal|p1a: Silly|35\/100|[from] item: Leftovers\n|upkeep\n|turn|9\n|\n|t:|1700161040\n|move|p1a: Silly|Cosmic Power|p1a: Silly\n|-boost|p1a: Silly|def|1\n|-boost|p1a: Silly|spd|1\n|move|p2a: Sirfetch\u2019d|Close Combat|p1a: Silly\n|-supereffective|p1a: Silly\n|-crit|p1a: Silly\n|-damage|p1a: Silly|0 fnt\n|-unboost|p2a: Sirfetch\u2019d|def|1\n|-unboost|p2a: Sirfetch\u2019d|spd|1\n|faint|p1a: Silly\n|\n|upkeep\n|c|\u2606Mk120|almost\n|\n|t:|1700161053\n|switch|p1a: Necrozma|Necrozma-Dusk-Mane, shiny|100\/100\n|turn|10\n|\n|t:|1700161059\n|detailschange|p1a: Necrozma|Necrozma-Ultra, shiny\n|-burst|p1a: Necrozma|Necrozma|Ultranecrozium Z\n|move|p1a: Necrozma|Dragon Dance|p1a: Necrozma\n|-boost|p1a: Necrozma|atk|1\n|-boost|p1a: Necrozma|spe|1\n|move|p2a: Sirfetch\u2019d|Night Slash|p1a: Necrozma\n|-supereffective|p1a: Necrozma\n|-crit|p1a: Necrozma\n|-damage|p1a: Necrozma|8\/100\n|\n|upkeep\n|turn|11\n|c|\u2606Mk120|oh my\n|\n|t:|1700161073\n|move|p1a: Necrozma|Photon Geyser|p2a: Sirfetch\u2019d\n|-supereffective|p2a: Sirfetch\u2019d\n|-damage|p2a: Sirfetch\u2019d|0 fnt\n|faint|p2a: Sirfetch\u2019d\n|\n|upkeep\n|\n|t:|1700161080\n|switch|p2a: Pikachu|Pikachu, M|100\/100\n|turn|12\n|c|\u2606Mk120|suspecios\n|\n|t:|1700161091\n|move|p2a: Pikachu|Quick Attack|p1a: Necrozma\n|-damage|p1a: Necrozma|0 fnt\n|faint|p1a: Necrozma\n|\n|upkeep\n|c|\u2606Mk120|xd\n|\n|t:|1700161097\n|switch|p1a: :)|Aggron, M|100\/100\n|turn|13\n|\n|t:|1700161101\n|detailschange|p1a: :)|Aggron-Mega, M\n|-mega|p1a: :)|Aggron|Aggronite\n|move|p2a: Pikachu|Thunderbolt|p1a: :)\n|-damage|p1a: :)|59\/100\n|move|p1a: :)|Iron Defense|p1a: :)\n|-boost|p1a: :)|def|2\n|\n|upkeep\n|turn|14\n|\n|t:|1700161108\n|move|p2a: Pikachu|Thunderbolt|p1a: :)\n|-damage|p1a: :)|21\/100\n|move|p1a: :)|Iron Defense|p1a: :)\n|-boost|p1a: :)|def|2\n|\n|upkeep\n|turn|15\n|c|\u2606KJ.nyc|um\n|c|\u2606Mk120|:\n|\n|t:|1700161124\n|switch|p1a: Mega Butterfree|Vivillon-Sun, F|100\/100\n|move|p2a: Pikachu|Thunderbolt|p1a: Mega Butterfree\n|-supereffective|p1a: Mega Butterfree\n|-damage|p1a: Mega Butterfree|0 fnt\n|faint|p1a: Mega Butterfree\n|\n|upkeep\n|\n|t:|1700161131\n|switch|p1a: Bc Hes Cute|Archen, L1, M|100\/100\n|turn|16\n|\n|t:|1700161134\n|move|p2a: Pikachu|Thunderbolt|p1a: Bc Hes Cute\n|-supereffective|p1a: Bc Hes Cute\n|-crit|p1a: Bc Hes Cute\n|-enditem|p1a: Bc Hes Cute|Focus Sash\n|-damage|p1a: Bc Hes Cute|9\/100\n|move|p1a: Bc Hes Cute|Endeavor|p2a: Pikachu\n|-damage|p2a: Pikachu|1\/100\n|\n|upkeep\n|turn|17\n|\n|t:|1700161144\n|move|p2a: Pikachu|Quick Attack|p1a: Bc Hes Cute\n|-resisted|p1a: Bc Hes Cute\n|-damage|p1a: Bc Hes Cute|0 fnt\n|faint|p1a: Bc Hes Cute\n|\n|upkeep\n|c|\u2606Mk120|i knew it\n|\n|t:|1700161153\n|switch|p1a: :)|Aggron-Mega, M|21\/100\n|turn|18\n|c|\u2606KJ.nyc|gg\n|c|\u2606Mk120|pikachu sweep gg\n|\n|t:|1700161166\n|move|p2a: Pikachu|Thunderbolt|p1a: :)\n|-damage|p1a: :)|0 fnt\n|faint|p1a: :)\n|\n|win|KJ.nyc\n|raw|Mk120's rating: 1162 &rarr; <strong>1146<\/strong><br \/>(-16 for losing)\n|raw|KJ.nyc's rating: 1287 &rarr; <strong>1303<\/strong><br \/>(+16 for winning)\n","uploadtime":1700161170,"views":8,"p1id":"mk120","p2id":"kjnyc","formatid":"gen9nationaldexubers","rating":1146,"private":0,"password":""}