{"id":"gen9nationaldexubers-1982329721","p1":"xinnobu","p2":"KurumiTokisakilove","format":"[Gen 9] National Dex Ubers","log":"|j|\u2606xinnobu\n|j|\u2606KurumiTokisakilove\n|t:|1698998568\n|gametype|singles\n|player|p1|xinnobu|elesa-gen5bw2|1787\n|player|p2|KurumiTokisakilove|sabrina-gen2|1928\n|teamsize|p1|6\n|teamsize|p2|6\n|gen|9\n|tier|[Gen 9] National Dex Ubers\n|rated|\n|rule|HP Percentage Mod: HP is shown in percentages\n|rule|Endless Battle Clause: Forcing endless battles is banned\n|rule|OHKO Clause: OHKO moves are banned\n|rule|Evasion Moves Clause: Evasion moves are banned\n|rule|Evasion Items Clause: Evasion items are banned\n|rule|Species Clause: Limit one of each Pok\u00e9mon\n|rule|Sleep Clause Mod: Limit one foe put to sleep\n|rule|Mega Rayquaza Clause: You cannot mega evolve Rayquaza\n|clearpoke\n|poke|p1|Groudon|\n|poke|p1|Deoxys-Attack|\n|poke|p1|Rayquaza|\n|poke|p1|Xerneas-*|\n|poke|p1|Arceus-Ground|\n|poke|p1|Zacian-*|\n|poke|p2|Ho-Oh|\n|poke|p2|Yveltal|\n|poke|p2|Ditto|\n|poke|p2|Magearna|\n|poke|p2|Necrozma-Dusk-Mane|\n|poke|p2|Arceus-Ground|\n|teampreview\n|inactive|Battle timer is ON: inactive players will automatically lose when time's up. (requested by KurumiTokisakilove)\n|\n|t:|1698998583\n|start\n|switch|p1a: Deoxys|Deoxys-Attack|100\/100\n|switch|p2a: Necrozma|Necrozma-Dusk-Mane|100\/100\n|-ability|p1a: Deoxys|Pressure\n|turn|1\n|\n|t:|1698998589\n|move|p1a: Deoxys|Stealth Rock|p2a: Necrozma\n|-sidestart|p2: KurumiTokisakilove|move: Stealth Rock\n|move|p2a: Necrozma|Photon Geyser|p1a: Deoxys\n|-resisted|p1a: Deoxys\n|-enditem|p1a: Deoxys|Focus Sash\n|-damage|p1a: Deoxys|1\/100\n|\n|upkeep\n|turn|2\n|\n|t:|1698998597\n|move|p1a: Deoxys|Taunt|p2a: Necrozma\n|-start|p2a: Necrozma|move: Taunt\n|move|p2a: Necrozma|Photon Geyser|p1a: Deoxys\n|-resisted|p1a: Deoxys\n|-damage|p1a: Deoxys|0 fnt\n|faint|p1a: Deoxys\n|\n|upkeep\n|\n|t:|1698998610\n|switch|p1a: Rayquaza|Rayquaza|100\/100\n|-ability|p1a: Rayquaza|Air Lock\n|turn|3\n|\n|t:|1698998615\n|detailschange|p2a: Necrozma|Necrozma-Ultra\n|-burst|p2a: Necrozma|Necrozma|Ultranecrozium Z\n|move|p2a: Necrozma|Dragon Pulse|p1a: Rayquaza\n|-supereffective|p1a: Rayquaza\n|-damage|p1a: Rayquaza|0 fnt\n|faint|p1a: Rayquaza\n|\n|upkeep\n|\n|t:|1698998621\n|switch|p1a: Zacian|Zacian-Crowned|100\/100\n|-ability|p1a: Zacian|Intrepid Sword|boost\n|-boost|p1a: Zacian|atk|1\n|turn|4\n|\n|t:|1698998626\n|move|p1a: Zacian|Behemoth Blade|p2a: Necrozma\n|-damage|p2a: Necrozma|15\/100\n|move|p2a: Necrozma|Earth Power|p1a: Zacian\n|-supereffective|p1a: Zacian\n|-damage|p1a: Zacian|16\/100\n|\n|-end|p2a: Necrozma|move: Taunt\n|upkeep\n|turn|5\n|\n|t:|1698998634\n|move|p1a: Zacian|Behemoth Blade|p2a: Necrozma\n|-damage|p2a: Necrozma|0 fnt\n|faint|p2a: Necrozma\n|\n|upkeep\n|\n|t:|1698998642\n|switch|p2a: Ditto|Ditto, shiny|100\/100\n|-damage|p2a: Ditto|88\/100|[from] Stealth Rock\n|-transform|p2a: Ditto|p1a: Zacian|[from] ability: Imposter\n|-ability|p2a: Ditto|Intrepid Sword|boost\n|-boost|p2a: Ditto|atk|1\n|turn|6\n|\n|t:|1698998649\n|move|p2a: Ditto|Behemoth Blade|p1a: Zacian\n|-damage|p1a: Zacian|0 fnt\n|faint|p1a: Zacian\n|\n|upkeep\n|\n|t:|1698998653\n|switch|p1a: Groudon|Groudon|100\/100\n|detailschange|p1a: Groudon|Groudon-Primal\n|-primal|p1a: Groudon|Red Orb\n|-weather|DesolateLand|[from] ability: Desolate Land|[of] p1a: Groudon\n|turn|7\n|\n|t:|1698998658\n|move|p2a: Ditto|Behemoth Blade|p1a: Groudon\n|-resisted|p1a: Groudon\n|-damage|p1a: Groudon|68\/100\n|move|p1a: Groudon|Stone Edge|p2a: Ditto|[miss]\n|-miss|p1a: Groudon|p2a: Ditto\n|\n|-weather|DesolateLand|[upkeep]\n|upkeep\n|turn|8\n|\n|t:|1698998666\n|move|p2a: Ditto|Behemoth Blade|p1a: Groudon\n|-resisted|p1a: Groudon\n|-damage|p1a: Groudon|34\/100\n|move|p1a: Groudon|Heat Crash|p2a: Ditto\n|-supereffective|p2a: Ditto\n|-damage|p2a: Ditto|0 fnt\n|faint|p2a: Ditto\n|\n|-weather|DesolateLand|[upkeep]\n|upkeep\n|\n|t:|1698998675\n|switch|p2a: Yveltal|Yveltal, shiny|100\/100\n|-ability|p2a: Yveltal|Dark Aura\n|turn|9\n|\n|t:|1698998679\n|move|p2a: Yveltal|Defog|p1a: Groudon\n|-unboost|p1a: Groudon|evasion|1\n|-sideend|p2: KurumiTokisakilove|Stealth Rock|[from] move: Defog|[of] p2a: Yveltal\n|move|p1a: Groudon|Stone Edge|p2a: Yveltal\n|-supereffective|p2a: Yveltal\n|-damage|p2a: Yveltal|50\/100\n|\n|-weather|DesolateLand|[upkeep]\n|upkeep\n|turn|10\n|\n|t:|1698998689\n|move|p2a: Yveltal|Foul Play|p1a: Groudon\n|-damage|p1a: Groudon|0 fnt\n|faint|p1a: Groudon\n|-weather|none\n|\n|upkeep\n|\n|t:|1698998693\n|switch|p1a: Arceus|Arceus-Ground|100\/100\n|turn|11\n|\n|t:|1698998698\n|move|p1a: Arceus|Stone Edge|p2a: Yveltal\n|-supereffective|p2a: Yveltal\n|-damage|p2a: Yveltal|14\/100\n|move|p2a: Yveltal|Toxic|p1a: Arceus\n|-status|p1a: Arceus|tox\n|\n|-damage|p1a: Arceus|94\/100 tox|[from] psn\n|upkeep\n|turn|12\n|\n|t:|1698998705\n|move|p1a: Arceus|Stone Edge|p2a: Yveltal\n|-supereffective|p2a: Yveltal\n|-damage|p2a: Yveltal|0 fnt\n|faint|p2a: Yveltal\n|\n|-damage|p1a: Arceus|82\/100 tox|[from] psn\n|upkeep\n|\n|t:|1698998710\n|switch|p2a: Arceus|Arceus-Ground|100\/100\n|turn|13\n|\n|t:|1698998713\n|move|p2a: Arceus|Taunt|p1a: Arceus\n|-start|p1a: Arceus|move: Taunt\n|-zpower|p1a: Arceus\n|move|p1a: Arceus|Tectonic Rage|p2a: Arceus|[zeffect]\n|-damage|p2a: Arceus|41\/100\n|\n|-damage|p1a: Arceus|64\/100 tox|[from] psn\n|upkeep\n|turn|14\n|\n|t:|1698998722\n|move|p2a: Arceus|Recover|p2a: Arceus\n|-heal|p2a: Arceus|91\/100\n|move|p1a: Arceus|Blizzard|p2a: Arceus|[miss]\n|-miss|p1a: Arceus|p2a: Arceus\n|\n|-damage|p1a: Arceus|40\/100 tox|[from] psn\n|upkeep\n|turn|15\n|\n|t:|1698998728\n|move|p2a: Arceus|Judgment|p1a: Arceus\n|-crit|p1a: Arceus\n|-damage|p1a: Arceus|0 fnt\n|faint|p1a: Arceus\n|\n|upkeep\n|\n|t:|1698998733\n|switch|p1a: Xerneas|Xerneas|100\/100\n|-ability|p1a: Xerneas|Fairy Aura\n|turn|16\n|\n|t:|1698998742\n|move|p2a: Arceus|Taunt|p1a: Xerneas\n|-start|p1a: Xerneas|move: Taunt\n|move|p1a: Xerneas|Moonblast|p2a: Arceus\n|-damage|p2a: Arceus|51\/100\n|\n|upkeep\n|turn|17\n|-message|xinnobu forfeited.\n|\n|win|KurumiTokisakilove\n|raw|xinnobu's rating: 1787 &rarr; <strong>1775<\/strong><br \/>(-12 for losing)\n|raw|KurumiTokisakilove's rating: 1928 &rarr; <strong>1940<\/strong><br \/>(+12 for winning)\n|l|\u2606xinnobu\n|l|\u2606KurumiTokisakilove\n","uploadtime":1698998753,"views":25,"p1id":"xinnobu","p2id":"kurumitokisakilove","formatid":"gen9nationaldexubers","rating":1775,"private":0,"password":""}