{"id":"gen9nationaldexubers-1978405597","p1":"incrediblebraps","p2":"grass knot zygarde","format":"[Gen 9] National Dex Ubers","log":"|j|\u2606incrediblebraps\n|j|\u2606grass knot zygarde\n|t:|1698534765\n|gametype|singles\n|player|p1|incrediblebraps|teacher-gen2|\n|player|p2|grass knot zygarde|dawn|\n|teamsize|p1|6\n|teamsize|p2|6\n|gen|9\n|tier|[Gen 9] National Dex Ubers\n|rule|HP Percentage Mod: HP is shown in percentages\n|rule|Endless Battle Clause: Forcing endless battles is banned\n|rule|OHKO Clause: OHKO moves are banned\n|rule|Evasion Moves Clause: Evasion moves are banned\n|rule|Evasion Items Clause: Evasion items are banned\n|rule|Species Clause: Limit one of each Pok\u00e9mon\n|rule|Sleep Clause Mod: Limit one foe put to sleep\n|rule|Mega Rayquaza Clause: You cannot mega evolve Rayquaza\n|clearpoke\n|poke|p1|Groudon|\n|poke|p1|Zygarde|\n|poke|p1|Mewtwo|\n|poke|p1|Ho-Oh|\n|poke|p1|Arceus|\n|poke|p1|Eternatus|\n|poke|p2|Eternatus|\n|poke|p2|Zygarde|\n|poke|p2|Giratina-Origin|\n|poke|p2|Kyogre|\n|poke|p2|Zacian-*|\n|poke|p2|Arceus-Fairy|\n|teampreview\n|inactive|Battle timer is ON: inactive players will automatically lose when time's up. (requested by incrediblebraps)\n|c|\u2606grass knot zygarde|andddd he got the same team again\n|c|\u2606incrediblebraps|it's the only one i have\n|c|\u2606incrediblebraps|lol\n|\n|t:|1698534786\n|start\n|switch|p1a: Zygarde|Zygarde, shiny|100\/100\n|switch|p2a: guy|Giratina-Origin, shiny|100\/100\n|turn|1\n|\n|t:|1698534793\n|move|p1a: Zygarde|Glare|p2a: guy\n|-status|p2a: guy|par\n|cant|p2a: guy|par\n|\n|upkeep\n|turn|2\n|\n|t:|1698534802\n|switch|p1a: Eternatus|Eternatus|100\/100\n|-ability|p1a: Eternatus|Pressure\n|cant|p2a: guy|par\n|\n|upkeep\n|turn|3\n|c|\u2606grass knot zygarde|OKAY\n|c|\u2606incrediblebraps|deserved\n|c|\u2606grass knot zygarde|I SURE AM THE LUCKY ONE\n|c|\u2606incrediblebraps|U HIT\n|c|\u2606incrediblebraps|2\n|c|\u2606incrediblebraps|THUNDERS\n|c|\u2606incrediblebraps|IN A ROW\n|inactive|grass knot zygarde has 270 seconds left.\n|\n|t:|1698534833\n|switch|p2a: \ua329\ua35f\ua074\ua14f\ua2ea\ua038\ua038\ua0a6\ua329\ua038\ua018\ua02d|Zacian-Crowned, shiny|100\/100\n|-ability|p2a: \ua329\ua35f\ua074\ua14f\ua2ea\ua038\ua038\ua0a6\ua329\ua038\ua018\ua02d|Intrepid Sword|boost\n|-boost|p2a: \ua329\ua35f\ua074\ua14f\ua2ea\ua038\ua038\ua0a6\ua329\ua038\ua018\ua02d|atk|1\n|move|p1a: Eternatus|Dynamax Cannon|p2a: \ua329\ua35f\ua074\ua14f\ua2ea\ua038\ua038\ua0a6\ua329\ua038\ua018\ua02d\n|-immune|p2a: \ua329\ua35f\ua074\ua14f\ua2ea\ua038\ua038\ua0a6\ua329\ua038\ua018\ua02d\n|\n|upkeep\n|turn|4\n|inactive|grass knot zygarde has 270 seconds left.\n|\n|t:|1698534844\n|switch|p1a: Groudon|Groudon, shiny|100\/100\n|detailschange|p1a: Groudon|Groudon-Primal, shiny\n|-primal|p1a: Groudon|Red Orb\n|-weather|DesolateLand|[from] ability: Desolate Land|[of] p1a: Groudon\n|move|p2a: \ua329\ua35f\ua074\ua14f\ua2ea\ua038\ua038\ua0a6\ua329\ua038\ua018\ua02d|Wild Charge|p1a: Groudon\n|-immune|p1a: Groudon\n|\n|-weather|DesolateLand|[upkeep]\n|upkeep\n|turn|5\n|inactive|grass knot zygarde has 270 seconds left.\n|\n|t:|1698534863\n|-terastallize|p2a: \ua329\ua35f\ua074\ua14f\ua2ea\ua038\ua038\ua0a6\ua329\ua038\ua018\ua02d|Ground\n|move|p2a: \ua329\ua35f\ua074\ua14f\ua2ea\ua038\ua038\ua0a6\ua329\ua038\ua018\ua02d|Swords Dance|p2a: \ua329\ua35f\ua074\ua14f\ua2ea\ua038\ua038\ua0a6\ua329\ua038\ua018\ua02d\n|-boost|p2a: \ua329\ua35f\ua074\ua14f\ua2ea\ua038\ua038\ua0a6\ua329\ua038\ua018\ua02d|atk|2\n|move|p1a: Groudon|Heat Crash|p2a: \ua329\ua35f\ua074\ua14f\ua2ea\ua038\ua038\ua0a6\ua329\ua038\ua018\ua02d\n|-damage|p2a: \ua329\ua35f\ua074\ua14f\ua2ea\ua038\ua038\ua0a6\ua329\ua038\ua018\ua02d|41\/100\n|\n|-weather|DesolateLand|[upkeep]\n|upkeep\n|turn|6\n|\n|t:|1698534872\n|-weather|none\n|switch|p1a: Ho-Oh|Ho-Oh|100\/100\n|move|p2a: \ua329\ua35f\ua074\ua14f\ua2ea\ua038\ua038\ua0a6\ua329\ua038\ua018\ua02d|Tera Blast|p1a: Ho-Oh|[anim] Tera Blast Ground\n|-immune|p1a: Ho-Oh\n|\n|upkeep\n|turn|7\n|\n|t:|1698534887\n|switch|p1a: Arceus|Arceus|100\/100\n|move|p2a: \ua329\ua35f\ua074\ua14f\ua2ea\ua038\ua038\ua0a6\ua329\ua038\ua018\ua02d|Wild Charge|p1a: Arceus\n|-damage|p1a: Arceus|40\/100\n|-damage|p2a: \ua329\ua35f\ua074\ua14f\ua2ea\ua038\ua038\ua0a6\ua329\ua038\ua018\ua02d|21\/100|[from] Recoil\n|\n|-heal|p1a: Arceus|46\/100|[from] item: Leftovers\n|upkeep\n|turn|8\n|\n|t:|1698534896\n|switch|p2a: guy|Giratina-Origin, shiny|100\/100 par\n|move|p1a: Arceus|Extreme Speed|p2a: guy\n|-immune|p2a: guy\n|\n|-heal|p1a: Arceus|52\/100|[from] item: Leftovers\n|upkeep\n|turn|9\n|\n|t:|1698534900\n|move|p1a: Arceus|Taunt|p2a: guy\n|-start|p2a: guy|move: Taunt\n|cant|p2a: guy|move: Taunt|Thunder Wave\n|\n|-heal|p1a: Arceus|59\/100|[from] item: Leftovers\n|upkeep\n|turn|10\n|\n|t:|1698534906\n|move|p1a: Arceus|Dragon Dance|p1a: Arceus\n|-boost|p1a: Arceus|atk|1\n|-boost|p1a: Arceus|spe|1\n|move|p2a: guy|Draco Meteor|p1a: Arceus\n|-damage|p1a: Arceus|1\/100\n|-unboost|p2a: guy|spa|2\n|\n|-heal|p1a: Arceus|8\/100|[from] item: Leftovers\n|upkeep\n|turn|11\n|c|\u2606grass knot zygarde|HDHSBZHZVAKABABANA\n|\n|t:|1698534921\n|switch|p2a: Skibidi Toilet|Zygarde, shiny|100\/100\n|move|p1a: Arceus|Shadow Force||[still]\n|-prepare|p1a: Arceus|Shadow Force\n|\n|-heal|p1a: Arceus|14\/100|[from] item: Leftovers\n|upkeep\n|turn|12\n|\n|t:|1698534924\n|move|p1a: Arceus|Shadow Force|p2a: Skibidi Toilet|[from]lockedmove\n|-damage|p2a: Skibidi Toilet|68\/100\n|move|p2a: Skibidi Toilet|Dragon Tail|p1a: Arceus\n|-damage|p1a: Arceus|0 fnt\n|faint|p1a: Arceus\n|\n|-heal|p2a: Skibidi Toilet|74\/100|[from] item: Leftovers\n|upkeep\n|c|\u2606incrediblebraps|is htis skibidi tho?\n|\n|t:|1698534930\n|switch|p1a: Zygarde|Zygarde, shiny|100\/100\n|turn|13\n|\n|t:|1698534941\n|switch|p2a: guy|Giratina-Origin, shiny|100\/100 par\n|-terastallize|p1a: Zygarde|Fairy\n|move|p1a: Zygarde|Thousand Waves|p2a: guy\n|-immune|p2a: guy|[from] ability: Levitate\n|\n|upkeep\n|turn|14\n|\n|t:|1698534946\n|switch|p1a: Groudon|Groudon-Primal, shiny|100\/100\n|-weather|DesolateLand|[from] ability: Desolate Land|[of] p1a: Groudon\n|move|p2a: guy|Thunder Wave|p1a: Groudon\n|-immune|p1a: Groudon\n|\n|-weather|DesolateLand|[upkeep]\n|upkeep\n|turn|15\n|\n|t:|1698534955\n|-weather|none\n|switch|p1a: Ho-Oh|Ho-Oh|100\/100\n|move|p2a: guy|Draco Meteor|p1a: Ho-Oh\n|-crit|p1a: Ho-Oh\n|-damage|p1a: Ho-Oh|48\/100\n|-unboost|p2a: guy|spa|2\n|\n|upkeep\n|turn|16\n|\n|t:|1698534962\n|switch|p1a: Groudon|Groudon-Primal, shiny|100\/100\n|-weather|DesolateLand|[from] ability: Desolate Land|[of] p1a: Groudon\n|cant|p2a: guy|par\n|\n|-weather|DesolateLand|[upkeep]\n|upkeep\n|turn|17\n|\n|t:|1698534971\n|move|p1a: Groudon|Swords Dance|p1a: Groudon\n|-boost|p1a: Groudon|atk|2\n|move|p2a: guy|Draco Meteor|p1a: Groudon\n|-damage|p1a: Groudon|59\/100\n|-unboost|p2a: guy|spa|2\n|\n|-weather|DesolateLand|[upkeep]\n|upkeep\n|turn|18\n|\n|t:|1698534983\n|switch|p2a: Heavy Matter Of P|Kyogre, shiny|100\/100\n|detailschange|p2a: Heavy Matter Of P|Kyogre-Primal, shiny\n|-primal|p2a: Heavy Matter Of P|Blue Orb\n|-weather|PrimordialSea|[from] ability: Primordial Sea|[of] p2a: Heavy Matter Of P\n|move|p1a: Groudon|Rock Tomb|p2a: Heavy Matter Of P\n|-damage|p2a: Heavy Matter Of P|64\/100\n|-unboost|p2a: Heavy Matter Of P|spe|1\n|\n|-weather|PrimordialSea|[upkeep]\n|upkeep\n|turn|19\n|\n|t:|1698535006\n|move|p1a: Groudon|Rock Tomb|p2a: Heavy Matter Of P\n|-damage|p2a: Heavy Matter Of P|30\/100\n|-unboost|p2a: Heavy Matter Of P|spe|1\n|move|p2a: Heavy Matter Of P|Scald|p1a: Groudon\n|-supereffective|p1a: Groudon\n|-damage|p1a: Groudon|0 fnt\n|faint|p1a: Groudon\n|\n|-weather|PrimordialSea|[upkeep]\n|upkeep\n|\n|t:|1698535009\n|switch|p1a: Zygarde|Zygarde, shiny, tera:Fairy|100\/100\n|turn|20\n|\n|t:|1698535019\n|-weather|none\n|switch|p2a: guy|Giratina-Origin, shiny|100\/100 par\n|move|p1a: Zygarde|Thousand Waves|p2a: guy\n|-immune|p2a: guy|[from] ability: Levitate\n|\n|upkeep\n|turn|21\n|c|\u2606incrediblebraps|this team\n|c|\u2606incrediblebraps|has NO\n|c|\u2606incrediblebraps|hazards\n|c|\u2606grass knot zygarde|GOD i hate this\n|\n|t:|1698535038\n|switch|p1a: Ho-Oh|Ho-Oh|81\/100\n|move|p2a: guy|Thunder Wave|p1a: Ho-Oh\n|-status|p1a: Ho-Oh|par\n|\n|upkeep\n|turn|22\n|\n|t:|1698535046\n|switch|p2a: Skibidi Toilet|Zygarde, shiny|74\/100\n|switch|p1a: Eternatus|Eternatus|100\/100\n|-ability|p1a: Eternatus|Pressure\n|\n|-heal|p2a: Skibidi Toilet|80\/100|[from] item: Leftovers\n|upkeep\n|turn|23\n|\n|t:|1698535054\n|move|p1a: Eternatus|Dynamax Cannon|p2a: Skibidi Toilet\n|-supereffective|p2a: Skibidi Toilet\n|-damage|p2a: Skibidi Toilet|0 fnt\n|faint|p2a: Skibidi Toilet\n|\n|upkeep\n|c|\u2606incrediblebraps|okay?\n|\n|t:|1698535060\n|switch|p2a: \ua329\ua35f\ua074\ua14f\ua2ea\ua038\ua038\ua0a6\ua329\ua038\ua018\ua02d|Zacian-Crowned, shiny, tera:Ground|21\/100\n|turn|24\n|\n|t:|1698535064\n|switch|p1a: Ho-Oh|Ho-Oh|100\/100 par\n|move|p2a: \ua329\ua35f\ua074\ua14f\ua2ea\ua038\ua038\ua0a6\ua329\ua038\ua018\ua02d|Tera Blast|p1a: Ho-Oh|[anim] Tera Blast Ground\n|-immune|p1a: Ho-Oh\n|\n|upkeep\n|turn|25\n|\n|t:|1698535070\n|switch|p2a: Story: No Title|Arceus-Fairy, shiny|100\/100\n|move|p1a: Ho-Oh|Sacred Fire|p2a: Story: No Title\n|-damage|p2a: Story: No Title|77\/100\n|-status|p2a: Story: No Title|brn\n|\n|-damage|p2a: Story: No Title|70\/100 brn|[from] brn\n|upkeep\n|turn|26\n|\n|t:|1698535075\n|move|p2a: Story: No Title|Stealth Rock|p1a: Ho-Oh\n|-sidestart|p1: incrediblebraps|move: Stealth Rock\n|move|p1a: Ho-Oh|Whirlwind|p2a: Story: No Title\n|drag|p2a: Sid Shyne|Eternatus, shiny|100\/100\n|-ability|p2a: Sid Shyne|Pressure\n|\n|upkeep\n|turn|27\n|\n|t:|1698535087\n|switch|p2a: Heavy Matter Of P|Kyogre-Primal, shiny|30\/100\n|-weather|PrimordialSea|[from] ability: Primordial Sea|[of] p2a: Heavy Matter Of P\n|cant|p1a: Ho-Oh|par\n|\n|-weather|PrimordialSea|[upkeep]\n|upkeep\n|turn|28\n|\n|t:|1698535099\n|switch|p1a: Eternatus|Eternatus|100\/100\n|-damage|p1a: Eternatus|88\/100|[from] Stealth Rock\n|-ability|p1a: Eternatus|Pressure\n|move|p2a: Heavy Matter Of P|Scald|p1a: Eternatus\n|-resisted|p1a: Eternatus\n|-damage|p1a: Eternatus|57\/100\n|\n|-weather|PrimordialSea|[upkeep]\n|upkeep\n|turn|29\n|\n|t:|1698535114\n|move|p1a: Eternatus|Meteor Beam||[still]\n|-prepare|p1a: Eternatus|Meteor Beam\n|-boost|p1a: Eternatus|spa|1\n|-enditem|p1a: Eternatus|Power Herb\n|-anim|p1a: Eternatus|Meteor Beam|p2a: Heavy Matter Of P\n|-crit|p2a: Heavy Matter Of P\n|-damage|p2a: Heavy Matter Of P|0 fnt\n|faint|p2a: Heavy Matter Of P\n|-weather|none\n|\n|upkeep\n|\n|t:|1698535122\n|switch|p2a: \ua329\ua35f\ua074\ua14f\ua2ea\ua038\ua038\ua0a6\ua329\ua038\ua018\ua02d|Zacian-Crowned, shiny, tera:Ground|21\/100\n|turn|30\n|\n|t:|1698535126\n|switch|p1a: Ho-Oh|Ho-Oh|100\/100 par\n|move|p2a: \ua329\ua35f\ua074\ua14f\ua2ea\ua038\ua038\ua0a6\ua329\ua038\ua018\ua02d|Tera Blast|p1a: Ho-Oh|[anim] Tera Blast Ground\n|-immune|p1a: Ho-Oh\n|\n|upkeep\n|turn|31\n|\n|t:|1698535135\n|move|p2a: \ua329\ua35f\ua074\ua14f\ua2ea\ua038\ua038\ua0a6\ua329\ua038\ua018\ua02d|Tera Blast|p1a: Ho-Oh|[anim] Tera Blast Ground\n|-immune|p1a: Ho-Oh\n|cant|p1a: Ho-Oh|par\n|\n|upkeep\n|turn|32\n|c|\u2606grass knot zygarde|U\n|c|\u2606incrediblebraps|u what\n|c|\u2606grass knot zygarde|FUCKING DESERVE THAT\n|\n|t:|1698535154\n|switch|p2a: guy|Giratina-Origin, shiny|100\/100 par\n|move|p1a: Ho-Oh|Defog|p2a: guy\n|-unboost|p2a: guy|evasion|1\n|-sideend|p1: incrediblebraps|Stealth Rock|[from] move: Defog|[of] p1a: Ho-Oh\n|\n|upkeep\n|turn|33\n|\n|t:|1698535162\n|move|p2a: guy|Hex|p1a: Ho-Oh\n|-damage|p1a: Ho-Oh|62\/100 par\n|move|p1a: Ho-Oh|Whirlwind|p2a: guy\n|drag|p2a: Story: No Title|Arceus-Fairy, shiny|70\/100 brn\n|\n|-damage|p2a: Story: No Title|64\/100 brn|[from] brn\n|upkeep\n|turn|34\n|\n|t:|1698535171\n|switch|p2a: guy|Giratina-Origin, shiny|100\/100 par\n|switch|p1a: Mewtwo|Mewtwo|100\/100\n|-ability|p1a: Mewtwo|Pressure\n|\n|upkeep\n|turn|35\n|\n|t:|1698535176\n|detailschange|p1a: Mewtwo|Mewtwo-Mega-Y\n|-mega|p1a: Mewtwo|Mewtwo|Mewtwonite Y\n|move|p1a: Mewtwo|Ice Beam|p2a: guy\n|-supereffective|p2a: guy\n|-damage|p2a: guy|41\/100 par\n|cant|p2a: guy|par\n|\n|upkeep\n|turn|36\n|c|\u2606incrediblebraps|AHHAHA\n|c|\u2606incrediblebraps|U DESERVE THAT\n|c|\u2606grass knot zygarde|AMAZING KING\n|c|\u2606grass knot zygarde|YES!\n|inactive|grass knot zygarde has 270 seconds left.\n|c|\u2606incrediblebraps|this mon comes out\n|c|\u2606incrediblebraps|sum dies\n|c|\u2606grass knot zygarde|FUCK I LOVE THIS GAME\n|c|\u2606incrediblebraps|it's amazing\n|-message|grass knot zygarde forfeited.\n|\n|win|incrediblebraps\n|c|\u2606incrediblebraps|IM LIKE MMY\n","uploadtime":1698535232,"views":7,"p1id":"incrediblebraps","p2id":"grassknotzygarde","formatid":"gen9nationaldexubers","rating":0,"private":0,"password":""}