{"id":"gen9nationaldexubers-1978412464","p1":"faraodomangue","p2":"85792195wwww","format":"[Gen 9] National Dex Ubers","log":"|j|\u2606faraodomangue\n|j|\u260685792195wwww\n|t:|1698535660\n|gametype|singles\n|player|p1|faraodomangue|harlequin|1465\n|player|p2|85792195wwww|lady|1784\n|teamsize|p1|6\n|teamsize|p2|6\n|gen|9\n|tier|[Gen 9] National Dex Ubers\n|rated|\n|rule|HP Percentage Mod: HP is shown in percentages\n|rule|Endless Battle Clause: Forcing endless battles is banned\n|rule|OHKO Clause: OHKO moves are banned\n|rule|Evasion Moves Clause: Evasion moves are banned\n|rule|Evasion Items Clause: Evasion items are banned\n|rule|Species Clause: Limit one of each Pok\u00e9mon\n|rule|Sleep Clause Mod: Limit one foe put to sleep\n|rule|Mega Rayquaza Clause: You cannot mega evolve Rayquaza\n|clearpoke\n|poke|p1|Pyukumuku, M|\n|poke|p1|Landorus-Therian, M|\n|poke|p1|Mewtwo|\n|poke|p1|Arceus|\n|poke|p1|Zapdos-Galar|\n|poke|p1|Grimmsnarl, M|\n|poke|p2|Zacian-*|\n|poke|p2|Kyogre|\n|poke|p2|Xerneas-*|\n|poke|p2|Krookodile, M|\n|poke|p2|Groudon|\n|poke|p2|Arceus|\n|teampreview\n|\n|t:|1698535668\n|start\n|switch|p1a: \ud83d\ude21|Grimmsnarl, M, shiny|100\/100\n|switch|p2a: Krookodile|Krookodile, M|100\/100\n|-ability|p2a: Krookodile|Intimidate|boost\n|-unboost|p1a: \ud83d\ude21|atk|1\n|turn|1\n|\n|t:|1698535675\n|move|p1a: \ud83d\ude21|Reflect|p1a: \ud83d\ude21\n|-sidestart|p1: faraodomangue|Reflect\n|move|p2a: Krookodile|Knock Off|p1a: \ud83d\ude21\n|-resisted|p1a: \ud83d\ude21\n|-damage|p1a: \ud83d\ude21|96\/100\n|-enditem|p1a: \ud83d\ude21|Light Clay|[from] move: Knock Off|[of] p2a: Krookodile\n|\n|upkeep\n|turn|2\n|\n|t:|1698535682\n|move|p1a: \ud83d\ude21|Light Screen|p1a: \ud83d\ude21\n|-sidestart|p1: faraodomangue|move: Light Screen\n|move|p2a: Krookodile|Stealth Rock|p1a: \ud83d\ude21\n|-sidestart|p1: faraodomangue|move: Stealth Rock\n|\n|upkeep\n|turn|3\n|\n|t:|1698535688\n|move|p1a: \ud83d\ude21|Parting Shot|p2a: Krookodile\n|-hint|Since gen 7, Dark is immune to Prankster moves.\n|-immune|p2a: Krookodile\n|move|p2a: Krookodile|Knock Off|p1a: \ud83d\ude21\n|-resisted|p1a: \ud83d\ude21\n|-damage|p1a: \ud83d\ude21|93\/100\n|\n|upkeep\n|turn|4\n|\n|t:|1698535695\n|switch|p1a: \ud83d\ude07|Arceus|100\/100\n|-damage|p1a: \ud83d\ude07|88\/100|[from] Stealth Rock\n|move|p2a: Krookodile|Knock Off|p1a: \ud83d\ude07\n|-damage|p1a: \ud83d\ude07|71\/100\n|-enditem|p1a: \ud83d\ude07|Life Orb|[from] move: Knock Off|[of] p2a: Krookodile\n|\n|upkeep\n|turn|5\n|\n|t:|1698535704\n|move|p1a: \ud83d\ude07|Swords Dance|p1a: \ud83d\ude07\n|-boost|p1a: \ud83d\ude07|atk|2\n|move|p2a: Krookodile|Taunt|p1a: \ud83d\ude07\n|-start|p1a: \ud83d\ude07|move: Taunt\n|\n|upkeep\n|turn|6\n|\n|t:|1698535711\n|move|p1a: \ud83d\ude07|Extreme Speed|p2a: Krookodile\n|-damage|p2a: Krookodile|4\/100\n|move|p2a: Krookodile|Bulldoze|p1a: \ud83d\ude07\n|-damage|p1a: \ud83d\ude07|60\/100\n|-unboost|p1a: \ud83d\ude07|spe|1\n|\n|-sideend|p1: faraodomangue|move: Light Screen\n|upkeep\n|turn|7\n|\n|t:|1698535721\n|switch|p2a: Zacian|Zacian-Crowned|100\/100\n|-ability|p2a: Zacian|Intrepid Sword|boost\n|-boost|p2a: Zacian|atk|1\n|move|p1a: \ud83d\ude07|Extreme Speed|p2a: Zacian\n|-resisted|p2a: Zacian\n|-damage|p2a: Zacian|61\/100\n|\n|upkeep\n|turn|8\n|\n|t:|1698535734\n|switch|p2a: Krookodile|Krookodile, M|4\/100\n|-ability|p2a: Krookodile|Intimidate|boost\n|-unboost|p1a: \ud83d\ude07|atk|1\n|move|p1a: \ud83d\ude07|Earthquake|p2a: Krookodile\n|-damage|p2a: Krookodile|0 fnt\n|faint|p2a: Krookodile\n|\n|-end|p1a: \ud83d\ude07|move: Taunt\n|-sideend|p1: faraodomangue|Reflect\n|upkeep\n|j| Louis Martinez\n|\n|t:|1698535756\n|switch|p2a: Xerneas|Xerneas|100\/100\n|-ability|p2a: Xerneas|Fairy Aura\n|turn|9\n|\n|t:|1698535762\n|-terastallize|p1a: \ud83d\ude07|Normal\n|-terastallize|p2a: Xerneas|Fairy\n|move|p1a: \ud83d\ude07|Extreme Speed|p2a: Xerneas\n|-damage|p2a: Xerneas|42\/100\n|move|p2a: Xerneas|Moonblast|p1a: \ud83d\ude07\n|-damage|p1a: \ud83d\ude07|0 fnt\n|faint|p1a: \ud83d\ude07\n|\n|upkeep\n|\n|t:|1698535772\n|switch|p1a: \ud83d\ude20|Landorus-Therian, M|100\/100\n|-damage|p1a: \ud83d\ude20|88\/100|[from] Stealth Rock\n|-ability|p1a: \ud83d\ude20|Intimidate|boost\n|-unboost|p2a: Xerneas|atk|1\n|turn|10\n|\n|t:|1698535780\n|switch|p2a: Kyogre|Kyogre|100\/100\n|detailschange|p2a: Kyogre|Kyogre-Primal\n|-primal|p2a: Kyogre|Blue Orb\n|-weather|PrimordialSea|[from] ability: Primordial Sea|[of] p2a: Kyogre\n|move|p1a: \ud83d\ude20|Earthquake|p2a: Kyogre\n|-damage|p2a: Kyogre|51\/100\n|\n|-weather|PrimordialSea|[upkeep]\n|upkeep\n|turn|11\n|\n|t:|1698535789\n|move|p1a: \ud83d\ude20|Defog|p2a: Kyogre\n|-unboost|p2a: Kyogre|evasion|1\n|-sideend|p1: faraodomangue|Stealth Rock|[from] move: Defog|[of] p1a: \ud83d\ude20\n|move|p2a: Kyogre|Scald|p1a: \ud83d\ude20\n|-supereffective|p1a: \ud83d\ude20\n|-crit|p1a: \ud83d\ude20\n|-damage|p1a: \ud83d\ude20|0 fnt\n|faint|p1a: \ud83d\ude20\n|\n|-weather|PrimordialSea|[upkeep]\n|upkeep\n|\n|t:|1698535796\n|switch|p1a: \ud83d\ude21|Grimmsnarl, M, shiny|93\/100\n|turn|12\n|\n|t:|1698535803\n|move|p1a: \ud83d\ude21|Thunder Wave|p2a: Kyogre\n|-status|p2a: Kyogre|par\n|move|p2a: Kyogre|Scald|p1a: \ud83d\ude21\n|-damage|p1a: \ud83d\ude21|0 fnt\n|faint|p1a: \ud83d\ude21\n|\n|-weather|PrimordialSea|[upkeep]\n|upkeep\n|\n|t:|1698535813\n|switch|p1a: \ud83d\ude0f|Zapdos-Galar, shiny|100\/100\n|turn|13\n|\n|t:|1698535817\n|move|p1a: \ud83d\ude0f|Thunderous Kick|p2a: Kyogre\n|-damage|p2a: Kyogre|0 fnt\n|faint|p2a: Kyogre\n|-weather|none\n|\n|upkeep\n|inactive|Battle timer is ON: inactive players will automatically lose when time's up. (requested by faraodomangue)\n|\n|t:|1698535829\n|switch|p2a: Groudon|Groudon|100\/100\n|detailschange|p2a: Groudon|Groudon-Primal\n|-primal|p2a: Groudon|Red Orb\n|-weather|DesolateLand|[from] ability: Desolate Land|[of] p2a: Groudon\n|turn|14\n|\n|t:|1698535834\n|move|p1a: \ud83d\ude0f|Thunderous Kick|p2a: Groudon\n|-damage|p2a: Groudon|61\/100\n|-unboost|p2a: Groudon|def|1\n|move|p2a: Groudon|Heat Crash|p1a: \ud83d\ude0f\n|-damage|p1a: \ud83d\ude0f|0 fnt\n|faint|p1a: \ud83d\ude0f\n|\n|-weather|DesolateLand|[upkeep]\n|upkeep\n|\n|t:|1698535844\n|switch|p1a: \ud83d\ude0d|Pyukumuku, M|100\/100\n|turn|15\n|\n|t:|1698535847\n|-weather|none\n|switch|p2a: Xerneas|Xerneas, tera:Fairy|42\/100\n|-ability|p2a: Xerneas|Fairy Aura\n|move|p1a: \ud83d\ude0d|Toxic|p2a: Xerneas\n|-status|p2a: Xerneas|tox\n|\n|-damage|p2a: Xerneas|36\/100 tox|[from] psn\n|upkeep\n|turn|16\n|\n|t:|1698535860\n|move|p1a: \ud83d\ude0d|Protect|p1a: \ud83d\ude0d\n|-singleturn|p1a: \ud83d\ude0d|Protect\n|move|p2a: Xerneas|Moonblast|p1a: \ud83d\ude0d\n|-activate|p1a: \ud83d\ude0d|move: Protect\n|\n|-damage|p2a: Xerneas|24\/100 tox|[from] psn\n|upkeep\n|turn|17\n|\n|t:|1698535872\n|switch|p2a: Arceus|Arceus|100\/100\n|move|p1a: \ud83d\ude0d|Recover||[still]\n|-fail|p1a: \ud83d\ude0d|heal\n|\n|upkeep\n|turn|18\n|\n|t:|1698535878\n|move|p2a: Arceus|Taunt|p1a: \ud83d\ude0d\n|-start|p1a: \ud83d\ude0d|move: Taunt\n|cant|p1a: \ud83d\ude0d|move: Taunt|Toxic\n|\n|upkeep\n|turn|19\n|\n|t:|1698535884\n|switch|p2a: Groudon|Groudon-Primal|61\/100\n|-weather|DesolateLand|[from] ability: Desolate Land|[of] p2a: Groudon\n|move|p1a: \ud83d\ude0d|Counter||[still]\n|-fail|p1a: \ud83d\ude0d\n|\n|-weather|DesolateLand|[upkeep]\n|upkeep\n|turn|20\n|\n|t:|1698535892\n|move|p2a: Groudon|Precipice Blades|p1a: \ud83d\ude0d\n|-damage|p1a: \ud83d\ude0d|44\/100\n|move|p1a: \ud83d\ude0d|Counter|p2a: Groudon\n|-damage|p2a: Groudon|0 fnt\n|faint|p2a: Groudon\n|-weather|none\n|\n|-heal|p1a: \ud83d\ude0d|50\/100|[from] item: Leftovers\n|-end|p1a: \ud83d\ude0d|move: Taunt\n|upkeep\n|\n|t:|1698535903\n|switch|p2a: Arceus|Arceus|100\/100\n|turn|21\n|\n|t:|1698535907\n|move|p2a: Arceus|Taunt|p1a: \ud83d\ude0d\n|-start|p1a: \ud83d\ude0d|move: Taunt\n|cant|p1a: \ud83d\ude0d|move: Taunt|Recover\n|\n|-heal|p1a: \ud83d\ude0d|56\/100|[from] item: Leftovers\n|upkeep\n|turn|22\n|\n|t:|1698535915\n|switch|p2a: Xerneas|Xerneas, tera:Fairy|24\/100 tox\n|-ability|p2a: Xerneas|Fairy Aura\n|move|p1a: \ud83d\ude0d|Counter||[still]\n|-fail|p1a: \ud83d\ude0d\n|\n|-heal|p1a: \ud83d\ude0d|62\/100|[from] item: Leftovers\n|-damage|p2a: Xerneas|18\/100 tox|[from] psn\n|upkeep\n|turn|23\n|\n|t:|1698535926\n|move|p2a: Xerneas|Moonblast|p1a: \ud83d\ude0d\n|-damage|p1a: \ud83d\ude0d|0 fnt\n|faint|p1a: \ud83d\ude0d\n|\n|-damage|p2a: Xerneas|6\/100 tox|[from] psn\n|upkeep\n|\n|t:|1698535928\n|switch|p1a: \ud83d\ude03|Mewtwo|100\/100\n|-ability|p1a: \ud83d\ude03|Pressure\n|turn|24\n|\n|t:|1698535936\n|detailschange|p1a: \ud83d\ude03|Mewtwo-Mega-Y\n|-mega|p1a: \ud83d\ude03|Mewtwo|Mewtwonite Y\n|move|p1a: \ud83d\ude03|Psystrike|p2a: Xerneas\n|-damage|p2a: Xerneas|0 fnt\n|faint|p2a: Xerneas\n|\n|upkeep\n|\n|t:|1698535943\n|switch|p2a: Zacian|Zacian-Crowned|61\/100\n|turn|25\n|\n|t:|1698535948\n|move|p2a: Zacian|Behemoth Blade|p1a: \ud83d\ude03\n|-damage|p1a: \ud83d\ude03|23\/100\n|move|p1a: \ud83d\ude03|Psystrike|p2a: Zacian\n|-resisted|p2a: Zacian\n|-damage|p2a: Zacian|31\/100\n|\n|upkeep\n|turn|26\n|-message|faraodomangue forfeited.\n|\n|win|85792195wwww\n|raw|faraodomangue's rating: 1465 &rarr; <strong>1460<\/strong><br \/>(-5 for losing)\n|raw|85792195wwww's rating: 1784 &rarr; <strong>1789<\/strong><br \/>(+5 for winning)\n|l|\u2606faraodomangue\n","uploadtime":1698535960,"views":9,"p1id":"faraodomangue","p2id":"85792195wwww","formatid":"gen9nationaldexubers","rating":1460,"private":0,"password":""}