{"id":"gen9nationaldexubers-1999111013","p1":"Rubenator_64","p2":"Besama","format":"[Gen 9] National Dex Ubers","log":"|j|\u2606Rubenator_64\n|j|\u2606Besama\n|t:|1701034297\n|gametype|singles\n|player|p1|Rubenator_64|chili|\n|player|p2|Besama|hilda|\n|teamsize|p1|6\n|teamsize|p2|6\n|gen|9\n|tier|[Gen 9] National Dex Ubers\n|rule|HP Percentage Mod: HP is shown in percentages\n|rule|Endless Battle Clause: Forcing endless battles is banned\n|rule|OHKO Clause: OHKO moves are banned\n|rule|Evasion Moves Clause: Evasion moves are banned\n|rule|Evasion Items Clause: Evasion items are banned\n|rule|Species Clause: Limit one of each Pok\u00e9mon\n|rule|Sleep Clause Mod: Limit one foe put to sleep\n|rule|Mega Rayquaza Clause: You cannot mega evolve Rayquaza\n|clearpoke\n|poke|p1|Mimikyu, F|\n|poke|p1|Ceruledge, M|\n|poke|p1|Morgrem, M|\n|poke|p1|Landorus-Therian, M|\n|poke|p1|Raichu-Alola, M|\n|poke|p1|Umbreon, F|\n|poke|p2|Gardevoir, F|\n|poke|p2|Manaphy|\n|poke|p2|Tsareena, F|\n|poke|p2|Flapple, M|\n|poke|p2|Mamoswine, M|\n|poke|p2|Dragalge, M|\n|teampreview\n|\n|t:|1701034323\n|start\n|switch|p1a: nelson|Morgrem, M|100\/100\n|switch|p2a: Dragalge|Dragalge, M|100\/100\n|turn|1\n|\n|t:|1701034337\n|move|p1a: nelson|Light Screen|p1a: nelson\n|-sidestart|p1: Rubenator_64|move: Light Screen\n|move|p2a: Dragalge|Substitute|p2a: Dragalge\n|-start|p2a: Dragalge|Substitute\n|-damage|p2a: Dragalge|76\/100\n|\n|upkeep\n|turn|2\n|\n|t:|1701034344\n|move|p1a: nelson|Reflect|p1a: nelson\n|-sidestart|p1: Rubenator_64|Reflect\n|move|p2a: Dragalge|Toxic Spikes|p1a: nelson\n|-sidestart|p1: Rubenator_64|move: Toxic Spikes\n|\n|upkeep\n|turn|3\n|\n|t:|1701034372\n|move|p1a: nelson|Parting Shot|p2a: Dragalge\n|-unboost|p2a: Dragalge|atk|1\n|-unboost|p2a: Dragalge|spa|1\n|\n|t:|1701034376\n|switch|p1a: \u00f1efxe|Landorus-Therian, M|100\/100|[from] Parting Shot\n|-ability|p1a: \u00f1efxe|Intimidate|boost\n|-immune|p2a: Dragalge\n|move|p2a: Dragalge|Toxic Spikes|p1a: \u00f1efxe\n|-sidestart|p1: Rubenator_64|move: Toxic Spikes\n|\n|upkeep\n|turn|4\n|\n|t:|1701034395\n|move|p1a: \u00f1efxe|Earthquake|p2a: Dragalge\n|-supereffective|p2a: Dragalge\n|-end|p2a: Dragalge|Substitute\n|move|p2a: Dragalge|Toxic Spikes||[still]\n|-fail|p2a: Dragalge\n|\n|upkeep\n|turn|5\n|\n|t:|1701034403\n|move|p1a: \u00f1efxe|Taunt|p2a: Dragalge\n|-start|p2a: Dragalge|move: Taunt\n|move|p2a: Dragalge|Draco Meteor|p1a: \u00f1efxe|[miss]\n|-miss|p2a: Dragalge|p1a: \u00f1efxe\n|\n|upkeep\n|turn|6\n|\n|t:|1701034413\n|move|p1a: \u00f1efxe|Earthquake|p2a: Dragalge\n|-supereffective|p2a: Dragalge\n|-damage|p2a: Dragalge|0 fnt\n|faint|p2a: Dragalge\n|\n|upkeep\n|\n|t:|1701034427\n|switch|p2a: Mamoswine|Mamoswine, M|100\/100\n|turn|7\n|\n|t:|1701034436\n|move|p2a: Mamoswine|Ice Shard|p1a: \u00f1efxe\n|-supereffective|p1a: \u00f1efxe\n|-damage|p1a: \u00f1efxe|34\/100\n|-damage|p2a: Mamoswine|91\/100|[from] item: Life Orb\n|move|p1a: \u00f1efxe|U-turn|p2a: Mamoswine\n|-crit|p2a: Mamoswine\n|-damage|p2a: Mamoswine|54\/100\n|\n|t:|1701034482\n|switch|p1a: obsal|Umbreon, F, shiny|100\/100|[from] U-turn\n|-status|p1a: obsal|tox\n|\n|-damage|p1a: obsal|94\/100 tox|[from] psn\n|upkeep\n|turn|8\n|\n|t:|1701034516\n|switch|p2a: Tsareena|Tsareena, F|100\/100\n|move|p1a: obsal|Toxic|p2a: Tsareena\n|-status|p2a: Tsareena|tox\n|\n|-heal|p1a: obsal|100\/100 tox|[from] item: Leftovers\n|-damage|p2a: Tsareena|95\/100 tox|[from] psn\n|-damage|p1a: obsal|88\/100 tox|[from] psn\n|-sideend|p1: Rubenator_64|move: Light Screen\n|upkeep\n|turn|9\n|j| Great_Eon\n|\n|t:|1701034544\n|switch|p1a: maxim|Ceruledge, M|100\/100\n|-status|p1a: maxim|tox\n|move|p2a: Tsareena|U-turn|p1a: maxim\n|-resisted|p1a: maxim\n|-damage|p1a: maxim|95\/100 tox\n|-ability|p1a: maxim|Weak Armor|boost\n|-unboost|p1a: maxim|def|1\n|-boost|p1a: maxim|spe|2\n|-damage|p2a: Tsareena|85\/100 tox|[from] item: Life Orb\n|j| balutalol\n|c| Great_Eon|\u00a1\u00c1nimos!\n|\n|t:|1701034556\n|switch|p2a: Manaphy|Manaphy|100\/100|[from] U-turn\n|\n|-damage|p1a: maxim|89\/100 tox|[from] psn\n|-sideend|p1: Rubenator_64|Reflect\n|upkeep\n|turn|10\n|\n|t:|1701034586\n|move|p1a: maxim|Close Combat|p2a: Manaphy\n|-damage|p2a: Manaphy|58\/100\n|-unboost|p1a: maxim|def|1\n|-unboost|p1a: maxim|spd|1\n|move|p2a: Manaphy|Tail Glow|p2a: Manaphy\n|-boost|p2a: Manaphy|spa|3\n|\n|-heal|p2a: Manaphy|64\/100|[from] item: Leftovers\n|-damage|p1a: maxim|76\/100 tox|[from] psn\n|upkeep\n|turn|11\n|c|\u2606Rubenator_64|f\n|\n|t:|1701034601\n|switch|p1a: juliii|Raichu-Alola, M, shiny|100\/100\n|move|p2a: Manaphy|Scald|p1a: juliii\n|-damage|p1a: juliii|0 fnt\n|faint|p1a: juliii\n|\n|-heal|p2a: Manaphy|70\/100|[from] item: Leftovers\n|upkeep\n|\n|t:|1701034637\n|switch|p1a: obsal|Umbreon, F, shiny|88\/100 tox\n|turn|12\n|\n|t:|1701034658\n|move|p2a: Manaphy|Dazzling Gleam|p1a: obsal\n|-supereffective|p1a: obsal\n|-damage|p1a: obsal|8\/100 tox\n|move|p1a: obsal|Toxic|p2a: Manaphy\n|-status|p2a: Manaphy|tox\n|\n|-heal|p2a: Manaphy|76\/100 tox|[from] item: Leftovers\n|-heal|p1a: obsal|14\/100 tox|[from] item: Leftovers\n|-damage|p2a: Manaphy|70\/100 tox|[from] psn\n|-damage|p1a: obsal|8\/100 tox|[from] psn\n|upkeep\n|turn|13\n|j| gosensia\n|\n|t:|1701034702\n|move|p2a: Manaphy|Scald|p1a: obsal\n|-crit|p1a: obsal\n|-damage|p1a: obsal|0 fnt\n|faint|p1a: obsal\n|\n|-heal|p2a: Manaphy|76\/100 tox|[from] item: Leftovers\n|-damage|p2a: Manaphy|64\/100 tox|[from] psn\n|upkeep\n|\n|t:|1701034717\n|switch|p1a: nelson|Morgrem, M|100\/100\n|-status|p1a: nelson|tox\n|turn|14\n|\n|t:|1701034725\n|move|p1a: nelson|Light Screen|p1a: nelson\n|-sidestart|p1: Rubenator_64|move: Light Screen\n|move|p2a: Manaphy|Dazzling Gleam|p1a: nelson\n|-supereffective|p1a: nelson\n|-damage|p1a: nelson|16\/100 tox\n|\n|-heal|p2a: Manaphy|70\/100 tox|[from] item: Leftovers\n|-damage|p2a: Manaphy|52\/100 tox|[from] psn\n|-damage|p1a: nelson|10\/100 tox|[from] psn\n|upkeep\n|turn|15\n|\n|t:|1701034757\n|move|p1a: nelson|Parting Shot|p2a: Manaphy\n|-unboost|p2a: Manaphy|atk|1\n|-unboost|p2a: Manaphy|spa|1\n|\n|t:|1701034768\n|switch|p1a: \u00f1efxe|Landorus-Therian, M|34\/100|[from] Parting Shot\n|-ability|p1a: \u00f1efxe|Intimidate|boost\n|-unboost|p2a: Manaphy|atk|1\n|move|p2a: Manaphy|Tail Glow|p2a: Manaphy\n|-boost|p2a: Manaphy|spa|3\n|\n|-heal|p2a: Manaphy|58\/100 tox|[from] item: Leftovers\n|-heal|p1a: \u00f1efxe|40\/100|[from] item: Leftovers\n|-damage|p2a: Manaphy|33\/100 tox|[from] psn\n|upkeep\n|turn|16\n|\n|t:|1701034786\n|move|p2a: Manaphy|Scald|p1a: \u00f1efxe\n|-supereffective|p1a: \u00f1efxe\n|-crit|p1a: \u00f1efxe\n|-damage|p1a: \u00f1efxe|0 fnt\n|faint|p1a: \u00f1efxe\n|\n|-heal|p2a: Manaphy|40\/100 tox|[from] item: Leftovers\n|-damage|p2a: Manaphy|9\/100 tox|[from] psn\n|upkeep\n|\n|t:|1701034795\n|switch|p1a: nelson|Morgrem, M|10\/100 tox\n|turn|17\n|\n|t:|1701034806\n|move|p1a: nelson|Reflect|p1a: nelson\n|-sidestart|p1: Rubenator_64|Reflect\n|move|p2a: Manaphy|Scald|p1a: nelson\n|-damage|p1a: nelson|0 fnt\n|faint|p1a: nelson\n|\n|-heal|p2a: Manaphy|15\/100 tox|[from] item: Leftovers\n|-damage|p2a: Manaphy|0 fnt|[from] psn\n|faint|p2a: Manaphy\n|upkeep\n|\n|t:|1701034840\n|switch|p2a: Gardevoir|Gardevoir, F, shiny|100\/100\n|switch|p1a: maxim|Ceruledge, M|76\/100 tox\n|turn|18\n|\n|t:|1701034872\n|move|p2a: Gardevoir|Shadow Ball|p1a: maxim\n|-supereffective|p1a: maxim\n|-damage|p1a: maxim|36\/100 tox\n|-damage|p2a: Gardevoir|91\/100|[from] item: Life Orb\n|move|p1a: maxim|Swords Dance|p1a: maxim\n|-boost|p1a: maxim|atk|2\n|\n|-damage|p1a: maxim|30\/100 tox|[from] psn\n|upkeep\n|turn|19\n|\n|t:|1701034888\n|move|p1a: maxim|Shadow Sneak|p2a: Gardevoir\n|-supereffective|p2a: Gardevoir\n|-damage|p2a: Gardevoir|0 fnt\n|faint|p2a: Gardevoir\n|\n|-damage|p1a: maxim|17\/100 tox|[from] psn\n|upkeep\n|\n|t:|1701034894\n|switch|p2a: Mamoswine|Mamoswine, M|54\/100\n|turn|20\n|\n|t:|1701034902\n|move|p1a: maxim|Shadow Sneak|p2a: Mamoswine\n|-damage|p2a: Mamoswine|7\/100\n|move|p2a: Mamoswine|Ice Shard|p1a: maxim\n|-resisted|p1a: maxim\n|-damage|p1a: maxim|6\/100 tox\n|-ability|p1a: maxim|Weak Armor|boost\n|-unboost|p1a: maxim|def|1\n|-boost|p1a: maxim|spe|2\n|-damage|p2a: Mamoswine|0 fnt|[from] item: Life Orb\n|faint|p2a: Mamoswine\n|\n|-damage|p1a: maxim|0 fnt|[from] psn\n|faint|p1a: maxim\n|upkeep\n|\n|t:|1701034939\n|switch|p1a: cara blanca|Mimikyu, F, shiny|100\/100\n|switch|p2a: Tsareena|Tsareena, F|85\/100 tox\n|-status|p1a: cara blanca|tox\n|turn|21\n|\n|t:|1701034962\n|move|p1a: cara blanca|Swords Dance|p1a: cara blanca\n|-boost|p1a: cara blanca|atk|2\n|move|p2a: Tsareena|Seed Bomb|p1a: cara blanca\n|-activate|p1a: cara blanca|ability: Disguise\n|-damage|p1a: cara blanca|100\/100 tox\n|detailschange|p1a: cara blanca|Mimikyu-Busted, F, shiny\n|-damage|p1a: cara blanca|88\/100 tox|[from] pokemon: Mimikyu-Busted\n|-damage|p2a: Tsareena|75\/100 tox|[from] item: Life Orb\n|\n|-damage|p1a: cara blanca|82\/100 tox|[from] psn\n|-damage|p2a: Tsareena|69\/100 tox|[from] psn\n|-sideend|p1: Rubenator_64|move: Light Screen\n|upkeep\n|turn|22\n|\n|t:|1701034998\n|move|p1a: cara blanca|Leech Life|p2a: Tsareena\n|-supereffective|p2a: Tsareena\n|-damage|p2a: Tsareena|0 fnt\n|-heal|p1a: cara blanca|100\/100 tox|[from] drain|[of] p2a: Tsareena\n|faint|p2a: Tsareena\n|-damage|p1a: cara blanca|91\/100 tox|[from] item: Life Orb\n|\n|-damage|p1a: cara blanca|79\/100 tox|[from] psn\n|upkeep\n|\n|t:|1701035006\n|switch|p2a: Flapple|Flapple, M|100\/100\n|turn|23\n|\n|t:|1701035014\n|-terastallize|p2a: Flapple|Flying\n|move|p1a: cara blanca|Leech Life|p2a: Flapple\n|-resisted|p2a: Flapple\n|-damage|p2a: Flapple|59\/100\n|-heal|p1a: cara blanca|100\/100 tox|[from] drain|[of] p2a: Flapple\n|-damage|p1a: cara blanca|91\/100 tox|[from] item: Life Orb\n|move|p2a: Flapple|Air Slash|p1a: cara blanca\n|-damage|p1a: cara blanca|50\/100 tox\n|\n|-heal|p2a: Flapple|65\/100|[from] item: Leftovers\n|-damage|p1a: cara blanca|32\/100 tox|[from] psn\n|upkeep\n|turn|24\n|\n|t:|1701035061\n|move|p1a: cara blanca|Shadow Claw|p2a: Flapple\n|-damage|p2a: Flapple|0 fnt\n|faint|p2a: Flapple\n|-damage|p1a: cara blanca|22\/100 tox|[from] item: Life Orb\n|\n|win|Rubenator_64\n|c|\u2606Rubenator_64|gg\n|c| Great_Eon|gg\n|l| Great_Eon\n|c| gosensia|gg\n","uploadtime":1701035069,"views":12,"p1id":"rubenator64","p2id":"besama","formatid":"gen9nationaldexubers","rating":0,"private":0,"password":""}