{"id":"gen9nationaldexubers-1995348741","p1":"quagsy","p2":"Snowy Summer","format":"[Gen 9] National Dex Ubers","log":"|j|\u2606quagsy\n|j|\u2606Snowy Summer\n|t:|1700557888\n|gametype|singles\n|player|p1|quagsy|265|1522\n|player|p2|Snowy Summer|266|1362\n|teamsize|p1|6\n|teamsize|p2|6\n|gen|9\n|tier|[Gen 9] National Dex Ubers\n|rated|\n|rule|HP Percentage Mod: HP is shown in percentages\n|rule|Endless Battle Clause: Forcing endless battles is banned\n|rule|OHKO Clause: OHKO moves are banned\n|rule|Evasion Moves Clause: Evasion moves are banned\n|rule|Evasion Items Clause: Evasion items are banned\n|rule|Species Clause: Limit one of each Pok\u00e9mon\n|rule|Sleep Clause Mod: Limit one foe put to sleep\n|rule|Mega Rayquaza Clause: You cannot mega evolve Rayquaza\n|clearpoke\n|poke|p1|Ribombee, M|\n|poke|p1|Rayquaza|\n|poke|p1|Zacian-*|\n|poke|p1|Necrozma-Dusk-Mane|\n|poke|p1|Arceus-Ground|\n|poke|p1|Kyogre|\n|poke|p2|Cyclizar, M|\n|poke|p2|Groudon|\n|poke|p2|Zacian-*|\n|poke|p2|Eternatus|\n|poke|p2|Lopunny, M|\n|poke|p2|Dragapult, M|\n|teampreview\n|inactive|Battle timer is ON: inactive players will automatically lose when time's up. (requested by Snowy Summer)\n|\n|t:|1700557905\n|start\n|switch|p1a: Ribombee|Ribombee, M|100\/100\n|switch|p2a: \u795e-\u9f99\u7cfb\u6740\u624b|Cyclizar, M|100\/100\n|turn|1\n|\n|t:|1700557922\n|move|p2a: \u795e-\u9f99\u7cfb\u6740\u624b|Shed Tail|p2a: \u795e-\u9f99\u7cfb\u6740\u624b\n|-start|p2a: \u795e-\u9f99\u7cfb\u6740\u624b|Substitute|[from] move: Shed Tail\n|-damage|p2a: \u795e-\u9f99\u7cfb\u6740\u624b|50\/100\n|\n|t:|1700557934\n|switch|p2a: \u65e0\u6781\u5de8\u5316-\u9752\u9e1f\u6740\u624b|Eternatus|100\/100|[from] Shed Tail\n|-ability|p2a: \u65e0\u6781\u5de8\u5316-\u9752\u9e1f\u6740\u624b|Pressure\n|move|p1a: Ribombee|Sticky Web|p2a: \u65e0\u6781\u5de8\u5316-\u9752\u9e1f\u6740\u624b\n|-sidestart|p2: Snowy Summer|move: Sticky Web\n|\n|upkeep\n|turn|2\n|\n|t:|1700557942\n|move|p2a: \u65e0\u6781\u5de8\u5316-\u9752\u9e1f\u6740\u624b|Meteor Beam||[still]\n|-prepare|p2a: \u65e0\u6781\u5de8\u5316-\u9752\u9e1f\u6740\u624b|Meteor Beam\n|-boost|p2a: \u65e0\u6781\u5de8\u5316-\u9752\u9e1f\u6740\u624b|spa|1\n|-enditem|p2a: \u65e0\u6781\u5de8\u5316-\u9752\u9e1f\u6740\u624b|Power Herb\n|-anim|p2a: \u65e0\u6781\u5de8\u5316-\u9752\u9e1f\u6740\u624b|Meteor Beam|p1a: Ribombee\n|-supereffective|p1a: Ribombee\n|-enditem|p1a: Ribombee|Focus Sash\n|-damage|p1a: Ribombee|1\/100\n|move|p1a: Ribombee|U-turn|p2a: \u65e0\u6781\u5de8\u5316-\u9752\u9e1f\u6740\u624b\n|-resisted|p2a: \u65e0\u6781\u5de8\u5316-\u9752\u9e1f\u6740\u624b\n|-activate|p2a: \u65e0\u6781\u5de8\u5316-\u9752\u9e1f\u6740\u624b|move: Substitute|[damage]\n|\n|t:|1700557950\n|switch|p1a: Arceus|Arceus-Ground|100\/100|[from] U-turn\n|\n|upkeep\n|turn|3\n|j| cheese miestro\n|l| cheese miestro\n|\n|t:|1700557964\n|move|p2a: \u65e0\u6781\u5de8\u5316-\u9752\u9e1f\u6740\u624b|Dynamax Cannon|p1a: Arceus\n|-damage|p1a: Arceus|39\/100\n|move|p1a: Arceus|Earthquake|p2a: \u65e0\u6781\u5de8\u5316-\u9752\u9e1f\u6740\u624b\n|-supereffective|p2a: \u65e0\u6781\u5de8\u5316-\u9752\u9e1f\u6740\u624b\n|-end|p2a: \u65e0\u6781\u5de8\u5316-\u9752\u9e1f\u6740\u624b|Substitute\n|\n|upkeep\n|turn|4\n|\n|t:|1700557983\n|move|p2a: \u65e0\u6781\u5de8\u5316-\u9752\u9e1f\u6740\u624b|Dynamax Cannon|p1a: Arceus\n|-damage|p1a: Arceus|0 fnt\n|faint|p1a: Arceus\n|\n|upkeep\n|\n|t:|1700557993\n|switch|p1a: Necrozma|Necrozma-Dusk-Mane|100\/100\n|turn|5\n|\n|t:|1700557998\n|move|p2a: \u65e0\u6781\u5de8\u5316-\u9752\u9e1f\u6740\u624b|Flamethrower|p1a: Necrozma\n|-supereffective|p1a: Necrozma\n|-damage|p1a: Necrozma|35\/100\n|move|p1a: Necrozma|Dragon Dance|p1a: Necrozma\n|-boost|p1a: Necrozma|atk|1\n|-boost|p1a: Necrozma|spe|1\n|\n|upkeep\n|turn|6\n|\n|t:|1700558007\n|detailschange|p1a: Necrozma|Necrozma-Ultra\n|-burst|p1a: Necrozma|Necrozma|Ultranecrozium Z\n|-terastallize|p2a: \u65e0\u6781\u5de8\u5316-\u9752\u9e1f\u6740\u624b|Fire\n|move|p1a: Necrozma|Earthquake|p2a: \u65e0\u6781\u5de8\u5316-\u9752\u9e1f\u6740\u624b\n|-supereffective|p2a: \u65e0\u6781\u5de8\u5316-\u9752\u9e1f\u6740\u624b\n|-damage|p2a: \u65e0\u6781\u5de8\u5316-\u9752\u9e1f\u6740\u624b|0 fnt\n|faint|p2a: \u65e0\u6781\u5de8\u5316-\u9752\u9e1f\u6740\u624b\n|\n|upkeep\n|\n|t:|1700558022\n|switch|p2a: M\u5154-\u55e8\u4e1d\u6740\u624b|Lopunny, M|100\/100\n|-activate|p2a: M\u5154-\u55e8\u4e1d\u6740\u624b|move: Sticky Web\n|-unboost|p2a: M\u5154-\u55e8\u4e1d\u6740\u624b|spe|1\n|turn|7\n|\n|t:|1700558041\n|detailschange|p2a: M\u5154-\u55e8\u4e1d\u6740\u624b|Lopunny-Mega, M\n|-mega|p2a: M\u5154-\u55e8\u4e1d\u6740\u624b|Lopunny|Lopunnite\n|move|p2a: M\u5154-\u55e8\u4e1d\u6740\u624b|Fake Out|p1a: Necrozma\n|-damage|p1a: Necrozma|15\/100\n|cant|p1a: Necrozma|flinch\n|\n|upkeep\n|turn|8\n|\n|t:|1700558058\n|switch|p2a: \u9b3c\u9f99-\u81ea\u6211\u6740\u624b|Dragapult, M|100\/100\n|-activate|p2a: \u9b3c\u9f99-\u81ea\u6211\u6740\u624b|move: Sticky Web\n|-unboost|p2a: \u9b3c\u9f99-\u81ea\u6211\u6740\u624b|spe|1\n|move|p1a: Necrozma|Earthquake|p2a: \u9b3c\u9f99-\u81ea\u6211\u6740\u624b\n|-damage|p2a: \u9b3c\u9f99-\u81ea\u6211\u6740\u624b|18\/100\n|\n|upkeep\n|turn|9\n|\n|t:|1700558071\n|move|p1a: Necrozma|Earthquake|p2a: \u9b3c\u9f99-\u81ea\u6211\u6740\u624b\n|-damage|p2a: \u9b3c\u9f99-\u81ea\u6211\u6740\u624b|0 fnt\n|faint|p2a: \u9b3c\u9f99-\u81ea\u6211\u6740\u624b\n|\n|upkeep\n|\n|t:|1700558076\n|switch|p2a: M\u5154-\u55e8\u4e1d\u6740\u624b|Lopunny-Mega, M|100\/100\n|-activate|p2a: M\u5154-\u55e8\u4e1d\u6740\u624b|move: Sticky Web\n|-unboost|p2a: M\u5154-\u55e8\u4e1d\u6740\u624b|spe|1\n|turn|10\n|\n|t:|1700558080\n|switch|p1a: Ribombee|Ribombee, M|1\/100\n|move|p2a: M\u5154-\u55e8\u4e1d\u6740\u624b|Fake Out|p1a: Ribombee\n|-damage|p1a: Ribombee|0 fnt\n|faint|p1a: Ribombee\n|\n|upkeep\n|\n|t:|1700558089\n|switch|p1a: Zacian|Zacian-Crowned|100\/100\n|-ability|p1a: Zacian|Intrepid Sword|boost\n|-boost|p1a: Zacian|atk|1\n|turn|11\n|\n|t:|1700558095\n|switch|p2a: \u949b\u6676\u98de-\u5929\u6c14\u6740\u624b|Groudon, shiny|100\/100\n|-activate|p2a: \u949b\u6676\u98de-\u5929\u6c14\u6740\u624b|move: Sticky Web\n|-unboost|p2a: \u949b\u6676\u98de-\u5929\u6c14\u6740\u624b|spe|1\n|detailschange|p2a: \u949b\u6676\u98de-\u5929\u6c14\u6740\u624b|Groudon-Primal, shiny\n|-primal|p2a: \u949b\u6676\u98de-\u5929\u6c14\u6740\u624b|Red Orb\n|-weather|DesolateLand|[from] ability: Desolate Land|[of] p2a: \u949b\u6676\u98de-\u5929\u6c14\u6740\u624b\n|move|p1a: Zacian|Swords Dance|p1a: Zacian\n|-boost|p1a: Zacian|atk|2\n|\n|-weather|DesolateLand|[upkeep]\n|upkeep\n|turn|12\n|\n|t:|1700558105\n|-terastallize|p1a: Zacian|Fighting\n|move|p1a: Zacian|Close Combat|p2a: \u949b\u6676\u98de-\u5929\u6c14\u6740\u624b\n|-damage|p2a: \u949b\u6676\u98de-\u5929\u6c14\u6740\u624b|1\/100\n|-unboost|p1a: Zacian|def|1\n|-unboost|p1a: Zacian|spd|1\n|move|p2a: \u949b\u6676\u98de-\u5929\u6c14\u6740\u624b|Precipice Blades|p1a: Zacian\n|-damage|p1a: Zacian|0 fnt\n|faint|p1a: Zacian\n|\n|-weather|DesolateLand|[upkeep]\n|upkeep\n|inactive|quagsy has 120 seconds left.\n|\n|t:|1700558146\n|switch|p1a: Necrozma|Necrozma-Ultra|15\/100\n|turn|13\n|\n|t:|1700558155\n|move|p1a: Necrozma|Earthquake|p2a: \u949b\u6676\u98de-\u5929\u6c14\u6740\u624b\n|-supereffective|p2a: \u949b\u6676\u98de-\u5929\u6c14\u6740\u624b\n|-damage|p2a: \u949b\u6676\u98de-\u5929\u6c14\u6740\u624b|0 fnt\n|faint|p2a: \u949b\u6676\u98de-\u5929\u6c14\u6740\u624b\n|-weather|none\n|\n|upkeep\n|\n|t:|1700558161\n|switch|p2a: \u795e-\u9f99\u7cfb\u6740\u624b|Cyclizar, M|83\/100\n|-activate|p2a: \u795e-\u9f99\u7cfb\u6740\u624b|move: Sticky Web\n|-unboost|p2a: \u795e-\u9f99\u7cfb\u6740\u624b|spe|1\n|turn|14\n|\n|t:|1700558169\n|move|p1a: Necrozma|Earthquake|p2a: \u795e-\u9f99\u7cfb\u6740\u624b\n|-damage|p2a: \u795e-\u9f99\u7cfb\u6740\u624b|0 fnt\n|faint|p2a: \u795e-\u9f99\u7cfb\u6740\u624b\n|\n|upkeep\n|\n|t:|1700558173\n|switch|p2a: M\u5154-\u55e8\u4e1d\u6740\u624b|Lopunny-Mega, M|100\/100\n|-activate|p2a: M\u5154-\u55e8\u4e1d\u6740\u624b|move: Sticky Web\n|-unboost|p2a: M\u5154-\u55e8\u4e1d\u6740\u624b|spe|1\n|turn|15\n|\n|t:|1700558177\n|move|p2a: M\u5154-\u55e8\u4e1d\u6740\u624b|Fake Out|p1a: Necrozma\n|-damage|p1a: Necrozma|0 fnt\n|faint|p1a: Necrozma\n|\n|upkeep\n|\n|t:|1700558180\n|switch|p1a: Kyogre|Kyogre|100\/100\n|detailschange|p1a: Kyogre|Kyogre-Primal\n|-primal|p1a: Kyogre|Blue Orb\n|-weather|PrimordialSea|[from] ability: Primordial Sea|[of] p1a: Kyogre\n|turn|16\n|\n|t:|1700558191\n|move|p1a: Kyogre|Water Spout|p2a: M\u5154-\u55e8\u4e1d\u6740\u624b\n|-damage|p2a: M\u5154-\u55e8\u4e1d\u6740\u624b|0 fnt\n|faint|p2a: M\u5154-\u55e8\u4e1d\u6740\u624b\n|\n|-weather|PrimordialSea|[upkeep]\n|upkeep\n|\n|t:|1700558196\n|switch|p2a: \u53fc\u5251\u72d7-\u5996\u7cbe\u6740\u624b|Zacian-Crowned, shiny|100\/100\n|-activate|p2a: \u53fc\u5251\u72d7-\u5996\u7cbe\u6740\u624b|move: Sticky Web\n|-unboost|p2a: \u53fc\u5251\u72d7-\u5996\u7cbe\u6740\u624b|spe|1\n|-ability|p2a: \u53fc\u5251\u72d7-\u5996\u7cbe\u6740\u624b|Intrepid Sword|boost\n|-boost|p2a: \u53fc\u5251\u72d7-\u5996\u7cbe\u6740\u624b|atk|1\n|turn|17\n|\n|t:|1700558204\n|move|p2a: \u53fc\u5251\u72d7-\u5996\u7cbe\u6740\u624b|Play Rough|p1a: Kyogre\n|-damage|p1a: Kyogre|12\/100\n|move|p1a: Kyogre|Water Spout|p2a: \u53fc\u5251\u72d7-\u5996\u7cbe\u6740\u624b\n|-damage|p2a: \u53fc\u5251\u72d7-\u5996\u7cbe\u6740\u624b|85\/100\n|\n|-weather|PrimordialSea|[upkeep]\n|upkeep\n|turn|18\n|\n|t:|1700558211\n|move|p2a: \u53fc\u5251\u72d7-\u5996\u7cbe\u6740\u624b|Behemoth Blade|p1a: Kyogre\n|-resisted|p1a: Kyogre\n|-damage|p1a: Kyogre|0 fnt\n|faint|p1a: Kyogre\n|-weather|none\n|\n|upkeep\n|\n|t:|1700558224\n|switch|p1a: Rayquaza|Rayquaza|100\/100\n|-ability|p1a: Rayquaza|Air Lock\n|turn|19\n|\n|t:|1700558230\n|move|p1a: Rayquaza|Earthquake|p2a: \u53fc\u5251\u72d7-\u5996\u7cbe\u6740\u624b\n|-supereffective|p2a: \u53fc\u5251\u72d7-\u5996\u7cbe\u6740\u624b\n|-damage|p2a: \u53fc\u5251\u72d7-\u5996\u7cbe\u6740\u624b|0 fnt\n|faint|p2a: \u53fc\u5251\u72d7-\u5996\u7cbe\u6740\u624b\n|\n|win|quagsy\n|raw|quagsy's rating: 1522 &rarr; <strong>1533<\/strong><br \/>(+11 for winning)\n|raw|Snowy Summer's rating: 1362 &rarr; <strong>1351<\/strong><br \/>(-11 for losing)\n|l|\u2606Snowy Summer\n","uploadtime":1700558300,"views":11,"p1id":"quagsy","p2id":"snowysummer","formatid":"gen9nationaldexubers","rating":1351,"private":0,"password":""}