{"id":"gen9nationaldexubers-1984866817","p1":"Mykewea","p2":"Dan07B","format":"[Gen 9] National Dex Ubers","log":"|j|\u2606Mykewea\n|j|\u2606Dan07B\n|t:|1699305828\n|gametype|singles\n|player|p1|Mykewea|benga|\n|player|p2|Dan07B|pokemonranger-gen4|\n|teamsize|p1|6\n|teamsize|p2|6\n|gen|9\n|tier|[Gen 9] National Dex Ubers\n|rule|HP Percentage Mod: HP is shown in percentages\n|rule|Endless Battle Clause: Forcing endless battles is banned\n|rule|OHKO Clause: OHKO moves are banned\n|rule|Evasion Moves Clause: Evasion moves are banned\n|rule|Evasion Items Clause: Evasion items are banned\n|rule|Species Clause: Limit one of each Pok\u00e9mon\n|rule|Sleep Clause Mod: Limit one foe put to sleep\n|rule|Mega Rayquaza Clause: You cannot mega evolve Rayquaza\n|clearpoke\n|poke|p1|Dracovish|\n|poke|p1|Gigalith, F|\n|poke|p1|Dragapult, F|\n|poke|p1|Dragonite, F|\n|poke|p1|Salamence, M|\n|poke|p1|Baxcalibur, F|\n|poke|p2|Goodra-Hisui, F|\n|poke|p2|Gardevoir, F|\n|poke|p2|Dracovish|\n|poke|p2|Metagross|\n|poke|p2|Sirfetch\u2019d, F|\n|poke|p2|Noivern, M|\n|teampreview\n|inactive|Battle timer is ON: inactive players will automatically lose when time's up. (requested by Mykewea)\n|\n|t:|1699305834\n|start\n|switch|p1a: Dragapult|Dragapult, F|100\/100\n|switch|p2a: Lion El'jonhson|Sirfetch\u2019d, F, shiny|100\/100\n|turn|1\n|\n|t:|1699305839\n|move|p1a: Dragapult|Reflect|p1a: Dragapult\n|-sidestart|p1: Mykewea|Reflect\n|move|p2a: Lion El'jonhson|Knock Off|p1a: Dragapult\n|-supereffective|p1a: Dragapult\n|-damage|p1a: Dragapult|57\/100\n|-enditem|p1a: Dragapult|Light Clay|[from] move: Knock Off|[of] p2a: Lion El'jonhson\n|\n|upkeep\n|turn|2\n|\n|t:|1699305864\n|switch|p2a: Jade|Goodra-Hisui, F, shiny|100\/100\n|move|p1a: Dragapult|Light Screen|p1a: Dragapult\n|-sidestart|p1: Mykewea|move: Light Screen\n|\n|upkeep\n|turn|3\n|\n|t:|1699305878\n|move|p1a: Dragapult|Dragon Darts|p2a: Jade\n|-damage|p2a: Jade|79\/100\n|-anim|p1a: Dragapult|Dragon Darts|p2a: Jade\n|-damage|p2a: Jade|55\/100\n|move|p2a: Jade|Dragon Tail|p1a: Dragapult|[miss]\n|-miss|p2a: Jade|p1a: Dragapult\n|\n|upkeep\n|turn|4\n|\n|t:|1699305886\n|-terastallize|p2a: Jade|Fairy\n|move|p1a: Dragapult|Dragon Darts|p2a: Jade\n|-immune|p2a: Jade\n|move|p2a: Jade|Tera Blast|p1a: Dragapult|[anim] Tera Blast Fairy\n|-supereffective|p1a: Dragapult\n|-damage|p1a: Dragapult|5\/100\n|\n|upkeep\n|turn|5\n|\n|t:|1699305894\n|move|p1a: Dragapult|Sucker Punch|p2a: Jade\n|-resisted|p2a: Jade\n|-damage|p2a: Jade|46\/100\n|move|p2a: Jade|Dragon Tail|p1a: Dragapult\n|-supereffective|p1a: Dragapult\n|-damage|p1a: Dragapult|0 fnt\n|faint|p1a: Dragapult\n|\n|upkeep\n|\n|t:|1699305900\n|switch|p1a: Dracovish|Dracovish|100\/100\n|turn|6\n|\n|t:|1699305910\n|switch|p2a: Perturabo|Metagross, shiny|100\/100\n|move|p1a: Dracovish|Fishious Rend|p2a: Perturabo\n|-damage|p2a: Perturabo|2\/100\n|\n|-sideend|p1: Mykewea|move: Light Screen\n|upkeep\n|turn|7\n|\n|t:|1699305918\n|detailschange|p2a: Perturabo|Metagross-Mega, shiny\n|-mega|p2a: Perturabo|Metagross|Metagrossite\n|move|p2a: Perturabo|Bullet Punch|p1a: Dracovish\n|-resisted|p1a: Dracovish\n|-damage|p1a: Dracovish|93\/100\n|move|p1a: Dracovish|Fishious Rend|p2a: Perturabo\n|-damage|p2a: Perturabo|0 fnt\n|faint|p2a: Perturabo\n|\n|upkeep\n|\n|t:|1699305943\n|switch|p2a: Konrad Curze|Dracovish, shiny|100\/100\n|turn|8\n|\n|t:|1699305949\n|switch|p1a: Dragonite|Dragonite, F|100\/100\n|move|p2a: Konrad Curze|Outrage|p1a: Dragonite\n|-supereffective|p1a: Dragonite\n|-damage|p1a: Dragonite|72\/100\n|\n|-sideend|p1: Mykewea|Reflect\n|upkeep\n|turn|9\n|inactive|Mykewea has 270 seconds left.\n|\n|t:|1699305991\n|move|p1a: Dragonite|Extreme Speed|p2a: Konrad Curze\n|-damage|p2a: Konrad Curze|66\/100\n|-damage|p1a: Dragonite|62\/100|[from] item: Life Orb\n|move|p2a: Konrad Curze|Outrage|p1a: Dragonite|[from]lockedmove\n|-supereffective|p1a: Dragonite\n|-damage|p1a: Dragonite|0 fnt\n|faint|p1a: Dragonite\n|\n|upkeep\n|\n|t:|1699305996\n|switch|p1a: Gigalith|Gigalith, F, shiny|100\/100\n|-weather|Sandstorm|[from] ability: Sand Stream|[of] p1a: Gigalith\n|turn|10\n|\n|t:|1699306002\n|-terastallize|p1a: Gigalith|Dragon\n|move|p2a: Konrad Curze|Outrage|p1a: Gigalith|[from]lockedmove\n|-supereffective|p1a: Gigalith\n|-damage|p1a: Gigalith|34\/100\n|-start|p2a: Konrad Curze|confusion|[fatigue]\n|move|p1a: Gigalith|Stealth Rock|p2a: Konrad Curze\n|-sidestart|p2: Dan07B|move: Stealth Rock\n|\n|-weather|Sandstorm|[upkeep]\n|-damage|p2a: Konrad Curze|60\/100|[from] Sandstorm\n|-damage|p1a: Gigalith|28\/100|[from] Sandstorm\n|upkeep\n|turn|11\n|inactive|Mykewea has 270 seconds left.\n|\n|t:|1699306010\n|-activate|p2a: Konrad Curze|confusion\n|move|p2a: Konrad Curze|Outrage|p1a: Gigalith\n|-supereffective|p1a: Gigalith\n|-damage|p1a: Gigalith|0 fnt\n|faint|p1a: Gigalith\n|\n|-weather|Sandstorm|[upkeep]\n|-damage|p2a: Konrad Curze|54\/100|[from] Sandstorm\n|upkeep\n|inactive|Mykewea has 270 seconds left.\n|\n|t:|1699306026\n|switch|p1a: Baxcalibur|Baxcalibur, F|100\/100\n|turn|12\n|\n|t:|1699306031\n|move|p1a: Baxcalibur|Ice Shard|p2a: Konrad Curze\n|-damage|p2a: Konrad Curze|17\/100\n|-damage|p1a: Baxcalibur|91\/100|[from] item: Life Orb\n|-activate|p2a: Konrad Curze|confusion\n|move|p2a: Konrad Curze|Outrage|p1a: Baxcalibur|[from]lockedmove\n|-supereffective|p1a: Baxcalibur\n|-damage|p1a: Baxcalibur|0 fnt\n|faint|p1a: Baxcalibur\n|\n|-weather|Sandstorm|[upkeep]\n|-damage|p2a: Konrad Curze|11\/100|[from] Sandstorm\n|upkeep\n|inactive|Mykewea has 270 seconds left.\n|\n|t:|1699306041\n|switch|p1a: Salamence|Salamence, M|100\/100\n|-ability|p1a: Salamence|Intimidate|boost\n|-unboost|p2a: Konrad Curze|atk|1\n|turn|13\n|\n|t:|1699306045\n|detailschange|p1a: Salamence|Salamence-Mega, M\n|-mega|p1a: Salamence|Salamence|Salamencite\n|-activate|p2a: Konrad Curze|confusion\n|-damage|p2a: Konrad Curze|3\/100|[from] confusion\n|move|p1a: Salamence|Roost||[still]\n|-fail|p1a: Salamence|heal\n|\n|-weather|Sandstorm|[upkeep]\n|-damage|p2a: Konrad Curze|0 fnt|[from] Sandstorm\n|-damage|p1a: Salamence|94\/100|[from] Sandstorm\n|faint|p2a: Konrad Curze\n|upkeep\n|\n|t:|1699306069\n|switch|p2a: Gardevoir|Gardevoir, F, shiny|100\/100\n|-damage|p2a: Gardevoir|88\/100|[from] Stealth Rock\n|turn|14\n|\n|t:|1699306074\n|move|p2a: Gardevoir|Moonblast|p1a: Salamence\n|-supereffective|p1a: Salamence\n|-damage|p1a: Salamence|0 fnt\n|faint|p1a: Salamence\n|\n|-weather|Sandstorm|[upkeep]\n|-damage|p2a: Gardevoir|82\/100|[from] Sandstorm\n|upkeep\n|\n|t:|1699306078\n|switch|p1a: Dracovish|Dracovish|93\/100\n|turn|15\n|\n|t:|1699306082\n|move|p1a: Dracovish|Fishious Rend|p2a: Gardevoir\n|-crit|p2a: Gardevoir\n|-damage|p2a: Gardevoir|0 fnt\n|faint|p2a: Gardevoir\n|\n|-weather|Sandstorm|[upkeep]\n|-damage|p1a: Dracovish|86\/100|[from] Sandstorm\n|upkeep\n|\n|t:|1699306086\n|switch|p2a: Corvuz Korax|Noivern, M|100\/100\n|-damage|p2a: Corvuz Korax|76\/100|[from] Stealth Rock\n|turn|16\n|\n|t:|1699306090\n|move|p2a: Corvuz Korax|Draco Meteor|p1a: Dracovish\n|-supereffective|p1a: Dracovish\n|-damage|p1a: Dracovish|0 fnt\n|-unboost|p2a: Corvuz Korax|spa|2\n|faint|p1a: Dracovish\n|\n|win|Dan07B\n|l|\u2606Mykewea\n","uploadtime":1699306182,"views":5,"p1id":"mykewea","p2id":"dan07b","formatid":"gen9nationaldexubers","rating":0,"private":0,"password":""}