{"id":"gen9nationaldexubers-1989913798","p1":"NickyThicky","p2":"aquiles meo","format":"[Gen 9] National Dex Ubers","log":"|j|\u2606NickyThicky\n|j|\u2606aquiles meo\n|t:|1699906263\n|gametype|singles\n|player|p1|NickyThicky|palmer|1103\n|player|p2|aquiles meo|ethan|1185\n|teamsize|p1|6\n|teamsize|p2|6\n|gen|9\n|tier|[Gen 9] National Dex Ubers\n|rated|\n|rule|HP Percentage Mod: HP is shown in percentages\n|rule|Endless Battle Clause: Forcing endless battles is banned\n|rule|OHKO Clause: OHKO moves are banned\n|rule|Evasion Moves Clause: Evasion moves are banned\n|rule|Evasion Items Clause: Evasion items are banned\n|rule|Species Clause: Limit one of each Pok\u00e9mon\n|rule|Sleep Clause Mod: Limit one foe put to sleep\n|rule|Mega Rayquaza Clause: You cannot mega evolve Rayquaza\n|clearpoke\n|poke|p1|Pelipper, M|\n|poke|p1|Gastrodon-East, F|\n|poke|p1|Palafin, M|\n|poke|p1|Blastoise, M|\n|poke|p1|Floatzel, M|\n|poke|p1|Iron Bundle|\n|poke|p2|Jirachi|\n|poke|p2|Ho-Oh|\n|poke|p2|Rayquaza|\n|poke|p2|Pidgeot, F|\n|poke|p2|Lucario, M|\n|poke|p2|Luxray, M|\n|teampreview\n|inactive|Battle timer is ON: inactive players will automatically lose when time's up. (requested by NickyThicky)\n|\n|t:|1699906268\n|start\n|switch|p1a: Pelipper|Pelipper, M|100\/100\n|switch|p2a: Jirachi|Jirachi|100\/100\n|-weather|RainDance|[from] ability: Drizzle|[of] p1a: Pelipper\n|turn|1\n|\n|t:|1699906281\n|move|p2a: Jirachi|Iron Head|p1a: Pelipper\n|-resisted|p1a: Pelipper\n|-damage|p1a: Pelipper|86\/100\n|cant|p1a: Pelipper|flinch\n|\n|-weather|RainDance|[upkeep]\n|upkeep\n|turn|2\n|\n|t:|1699906296\n|switch|p2a: Pidgeot|Pidgeot, F|100\/100\n|move|p1a: Pelipper|Tailwind|p1a: Pelipper\n|-sidestart|p1: NickyThicky|move: Tailwind\n|\n|-weather|RainDance|[upkeep]\n|upkeep\n|turn|3\n|\n|t:|1699906303\n|move|p1a: Pelipper|Hurricane|p2a: Pidgeot\n|-damage|p2a: Pidgeot|34\/100\n|move|p2a: Pidgeot|Tailwind|p2a: Pidgeot\n|-sidestart|p2: aquiles meo|move: Tailwind\n|\n|-weather|RainDance|[upkeep]\n|upkeep\n|turn|4\n|\n|t:|1699906311\n|move|p2a: Pidgeot|Hurricane|p1a: Pelipper\n|-damage|p1a: Pelipper|42\/100\n|move|p1a: Pelipper|Hurricane|p2a: Pidgeot\n|-damage|p2a: Pidgeot|0 fnt\n|faint|p2a: Pidgeot\n|\n|-weather|RainDance|[upkeep]\n|upkeep\n|c|\u2606aquiles meo|interesting.\n|\n|t:|1699906326\n|switch|p2a: Luxray|Luxray, M, shiny|100\/100\n|turn|5\n|\n|t:|1699906333\n|-terastallize|p1a: Pelipper|Ground\n|move|p2a: Luxray|Charge|p2a: Luxray\n|-boost|p2a: Luxray|spd|1\n|-start|p2a: Luxray|Charge\n|move|p1a: Pelipper|Hurricane|p2a: Luxray\n|-resisted|p2a: Luxray\n|-damage|p2a: Luxray|83\/100\n|\n|-weather|none\n|-sideend|p1: NickyThicky|move: Tailwind\n|upkeep\n|turn|6\n|\n|t:|1699906344\n|move|p2a: Luxray|Ice Fang|p1a: Pelipper\n|-supereffective|p1a: Pelipper\n|-damage|p1a: Pelipper|4\/100\n|cant|p1a: Pelipper|flinch\n|\n|-sideend|p2: aquiles meo|move: Tailwind\n|upkeep\n|turn|7\n|\n|t:|1699906358\n|move|p2a: Luxray|Psychic Fangs|p1a: Pelipper\n|-damage|p1a: Pelipper|0 fnt\n|faint|p1a: Pelipper\n|\n|upkeep\n|\n|t:|1699906366\n|switch|p1a: Palafin|Palafin, M|100\/100\n|turn|8\n|\n|t:|1699906378\n|move|p1a: Palafin|Flip Turn|p2a: Luxray\n|-damage|p2a: Luxray|59\/100\n|\n|t:|1699906382\n|detailschange|p1a: Palafin|Palafin-Hero, M\n|switch|p1a: Gastrodon|Gastrodon-East, F|100\/100|[from] Flip Turn\n|move|p2a: Luxray|Wild Charge|p1a: Gastrodon\n|-immune|p1a: Gastrodon\n|-end|p2a: Luxray|Charge|[silent]\n|\n|upkeep\n|turn|9\n|\n|t:|1699906396\n|move|p2a: Luxray|Ice Fang|p1a: Gastrodon\n|-damage|p1a: Gastrodon|81\/100\n|move|p1a: Gastrodon|Earth Power|p2a: Luxray\n|-supereffective|p2a: Luxray\n|-damage|p2a: Luxray|2\/100\n|-unboost|p2a: Luxray|spd|1\n|\n|upkeep\n|turn|10\n|\n|t:|1699906415\n|switch|p2a: Rayquaza|Rayquaza|100\/100\n|-ability|p2a: Rayquaza|Air Lock\n|move|p1a: Gastrodon|Earth Power|p2a: Rayquaza\n|-immune|p2a: Rayquaza\n|\n|upkeep\n|turn|11\n|\n|t:|1699906421\n|move|p2a: Rayquaza|Dragon Dance|p2a: Rayquaza\n|-boost|p2a: Rayquaza|atk|1\n|-boost|p2a: Rayquaza|spe|1\n|move|p1a: Gastrodon|Ice Beam|p2a: Rayquaza\n|-supereffective|p2a: Rayquaza\n|-damage|p2a: Rayquaza|0 fnt\n|faint|p2a: Rayquaza\n|\n|upkeep\n|\n|t:|1699906436\n|switch|p2a: Jirachi|Jirachi|100\/100\n|turn|12\n|\n|t:|1699906446\n|move|p2a: Jirachi|Doom Desire|p1a: Gastrodon\n|-start|p2a: Jirachi|Doom Desire\n|move|p1a: Gastrodon|Earth Power|p2a: Jirachi\n|-supereffective|p2a: Jirachi\n|-damage|p2a: Jirachi|32\/100\n|\n|upkeep\n|turn|13\n|\n|t:|1699906452\n|move|p2a: Jirachi|Iron Head|p1a: Gastrodon\n|-resisted|p1a: Gastrodon\n|-damage|p1a: Gastrodon|67\/100\n|move|p1a: Gastrodon|Earth Power|p2a: Jirachi\n|-supereffective|p2a: Jirachi\n|-damage|p2a: Jirachi|0 fnt\n|faint|p2a: Jirachi\n|\n|upkeep\n|\n|t:|1699906458\n|switch|p2a: Ho-Oh|Ho-Oh|100\/100\n|turn|14\n|\n|t:|1699906463\n|move|p2a: Ho-Oh|Burn Up|p1a: Gastrodon\n|-resisted|p1a: Gastrodon\n|-damage|p1a: Gastrodon|38\/100\n|-start|p2a: Ho-Oh|typechange|???\/Flying|[from] move: Burn Up\n|move|p1a: Gastrodon|Hydro Pump|p2a: Ho-Oh\n|-damage|p2a: Ho-Oh|71\/100\n|\n|-end|p1a: Gastrodon|move: Doom Desire\n|-resisted|p1a: Gastrodon\n|-damage|p1a: Gastrodon|17\/100\n|upkeep\n|turn|15\n|\n|t:|1699906488\n|move|p2a: Ho-Oh|Ancient Power|p1a: Gastrodon\n|-resisted|p1a: Gastrodon\n|-damage|p1a: Gastrodon|8\/100\n|move|p1a: Gastrodon|Ice Beam|p2a: Ho-Oh\n|-supereffective|p2a: Ho-Oh\n|-damage|p2a: Ho-Oh|36\/100\n|\n|upkeep\n|turn|16\n|\n|t:|1699906499\n|move|p2a: Ho-Oh|Ancient Power|p1a: Gastrodon\n|-resisted|p1a: Gastrodon\n|-damage|p1a: Gastrodon|0 fnt\n|faint|p1a: Gastrodon\n|\n|upkeep\n|\n|t:|1699906503\n|switch|p1a: Palafin|Palafin-Hero, M|100\/100\n|-activate|p1a: Palafin|ability: Zero to Hero\n|turn|17\n|\n|t:|1699906514\n|switch|p2a: Lucario|Lucario, M, shiny|100\/100\n|move|p1a: Palafin|Ice Punch|p2a: Lucario\n|-resisted|p2a: Lucario\n|-damage|p2a: Lucario|76\/100\n|-status|p2a: Lucario|frz\n|\n|upkeep\n|turn|18\n|inactive|aquiles meo has 120 seconds left.\n|\n|t:|1699906553\n|detailschange|p2a: Lucario|Lucario-Mega, M, shiny\n|-mega|p2a: Lucario|Lucario|Lucarionite\n|cant|p2a: Lucario|frz\n|move|p1a: Palafin|Drain Punch|p2a: Lucario\n|-supereffective|p2a: Lucario\n|-damage|p2a: Lucario|0 fnt\n|faint|p2a: Lucario\n|\n|upkeep\n|\n|t:|1699906562\n|switch|p2a: Ho-Oh|Ho-Oh|69\/100\n|turn|19\n|\n|t:|1699906566\n|switch|p2a: Luxray|Luxray, M, shiny|2\/100\n|move|p1a: Palafin|Jet Punch|p2a: Luxray\n|-damage|p2a: Luxray|0 fnt\n|faint|p2a: Luxray\n|\n|upkeep\n|inactive|aquiles meo has 120 seconds left.\n|\n|t:|1699906573\n|switch|p2a: Ho-Oh|Ho-Oh|100\/100\n|turn|20\n|inactive|aquiles meo has 120 seconds left.\n|\n|t:|1699906595\n|move|p1a: Palafin|Jet Punch|p2a: Ho-Oh\n|-supereffective|p2a: Ho-Oh\n|-damage|p2a: Ho-Oh|30\/100\n|move|p2a: Ho-Oh|Sacred Fire|p1a: Palafin\n|-resisted|p1a: Palafin\n|-crit|p1a: Palafin\n|-damage|p1a: Palafin|70\/100\n|\n|upkeep\n|turn|21\n|\n|t:|1699906603\n|move|p1a: Palafin|Jet Punch|p2a: Ho-Oh\n|-supereffective|p2a: Ho-Oh\n|-damage|p2a: Ho-Oh|0 fnt\n|faint|p2a: Ho-Oh\n|\n|win|NickyThicky\n|raw|NickyThicky's rating: 1103 &rarr; <strong>1134<\/strong><br \/>(+31 for winning)\n|raw|aquiles meo's rating: 1185 &rarr; <strong>1154<\/strong><br \/>(-31 for losing)\n|l|\u2606NickyThicky\n","uploadtime":1699906612,"views":6,"p1id":"nickythicky","p2id":"aquilesmeo","formatid":"gen9nationaldexubers","rating":1134,"private":0,"password":""}