{"id":"gen9nationaldexubers-1984758458","p1":"AlolanSandslashOU","p2":"michael213","format":"[Gen 9] National Dex Ubers","log":"|j|\u2606AlolanSandslashOU\n|j|\u2606michael213\n|t:|1699296632\n|gametype|singles\n|player|p1|AlolanSandslashOU|volkner|\n|player|p2|michael213|akari|\n|teamsize|p1|6\n|teamsize|p2|6\n|gen|9\n|tier|[Gen 9] National Dex Ubers\n|rule|HP Percentage Mod: HP is shown in percentages\n|rule|Endless Battle Clause: Forcing endless battles is banned\n|rule|OHKO Clause: OHKO moves are banned\n|rule|Evasion Moves Clause: Evasion moves are banned\n|rule|Evasion Items Clause: Evasion items are banned\n|rule|Species Clause: Limit one of each Pok\u00e9mon\n|rule|Sleep Clause Mod: Limit one foe put to sleep\n|rule|Mega Rayquaza Clause: You cannot mega evolve Rayquaza\n|clearpoke\n|poke|p1|Arctozolt|\n|poke|p1|Ninetales-Alola, F|\n|poke|p1|Frosmoth, M|\n|poke|p1|Weavile, M|\n|poke|p1|Manaphy|\n|poke|p1|Baxcalibur, F|\n|poke|p2|Roaring Moon|\n|poke|p2|Clodsire, F|\n|poke|p2|Jirachi|\n|poke|p2|Samurott-Hisui, M|\n|poke|p2|Zapdos|\n|poke|p2|Medicham, F|\n|teampreview\n|inactive|Battle timer is ON: inactive players will automatically lose when time's up. (requested by michael213)\n|c|\u2606michael213|hf\n|inactive|AlolanSandslashOU has 270 seconds left.\n|\n|t:|1699296675\n|start\n|switch|p1a: Weavile|Weavile, M|100\/100\n|switch|p2a: Jirachi|Jirachi, shiny|100\/100\n|-ability|p1a: Weavile|Pressure\n|turn|1\n|\n|t:|1699296682\n|switch|p1a: Manaphy|Manaphy|100\/100\n|move|p2a: Jirachi|Iron Head|p1a: Manaphy\n|-resisted|p1a: Manaphy\n|-damage|p1a: Manaphy|83\/100\n|\n|upkeep\n|turn|2\n|\n|t:|1699296690\n|switch|p2a: Zapdos|Zapdos, shiny|100\/100\n|move|p1a: Manaphy|Substitute|p1a: Manaphy\n|-start|p1a: Manaphy|Substitute\n|-damage|p1a: Manaphy|58\/100\n|\n|upkeep\n|turn|3\n|\n|t:|1699296696\n|move|p1a: Manaphy|Tail Glow|p1a: Manaphy\n|-boost|p1a: Manaphy|spa|3\n|move|p2a: Zapdos|Volt Switch|p1a: Manaphy\n|-supereffective|p1a: Manaphy\n|-end|p1a: Manaphy|Substitute\n|\n|t:|1699296705\n|switch|p2a: Samurott|Samurott-Hisui, M, shiny|100\/100|[from] Volt Switch\n|\n|upkeep\n|turn|4\n|\n|t:|1699296709\n|move|p1a: Manaphy|Energy Ball|p2a: Samurott\n|-supereffective|p2a: Samurott\n|-enditem|p2a: Samurott|Focus Sash\n|-damage|p2a: Samurott|1\/100\n|move|p2a: Samurott|Ceaseless Edge|p1a: Manaphy\n|-damage|p1a: Manaphy|13\/100\n|-sidestart|p1: AlolanSandslashOU|Spikes\n|-enditem|p1a: Manaphy|Salac Berry|[eat]\n|-boost|p1a: Manaphy|spe|1|[from] item: Salac Berry\n|\n|upkeep\n|turn|5\n|\n|t:|1699296719\n|move|p2a: Samurott|Sucker Punch|p1a: Manaphy\n|-damage|p1a: Manaphy|0 fnt\n|faint|p1a: Manaphy\n|\n|upkeep\n|c|\u2606AlolanSandslashOU|Sucker punch man\n|\n|t:|1699296733\n|switch|p1a: Ninetales|Ninetales-Alola, F|100\/100\n|-damage|p1a: Ninetales|88\/100|[from] Spikes\n|-weather|Snow|[from] ability: Snow Warning|[of] p1a: Ninetales\n|turn|6\n|\n|t:|1699296739\n|move|p1a: Ninetales|Encore|p2a: Samurott\n|-start|p2a: Samurott|Encore\n|move|p2a: Samurott|Sucker Punch||[still]\n|-fail|p2a: Samurott\n|\n|-weather|Snow|[upkeep]\n|upkeep\n|turn|7\n|\n|t:|1699296749\n|switch|p2a: Jirachi|Jirachi, shiny|100\/100\n|move|p1a: Ninetales|Aurora Veil|p1a: Ninetales\n|-sidestart|p1: AlolanSandslashOU|move: Aurora Veil\n|\n|-weather|Snow|[upkeep]\n|upkeep\n|turn|8\n|\n|t:|1699296762\n|switch|p1a: Arctozolt|Arctozolt|100\/100\n|move|p2a: Jirachi|Iron Head|p1a: Arctozolt\n|-damage|p1a: Arctozolt|86\/100\n|\n|-weather|Snow|[upkeep]\n|upkeep\n|turn|9\n|\n|t:|1699296771\n|move|p2a: Jirachi|Iron Head|p1a: Arctozolt\n|-damage|p1a: Arctozolt|73\/100\n|move|p1a: Arctozolt|Substitute|p1a: Arctozolt\n|-start|p1a: Arctozolt|Substitute\n|-damage|p1a: Arctozolt|48\/100\n|\n|-weather|Snow|[upkeep]\n|upkeep\n|turn|10\n|\n|t:|1699296785\n|move|p2a: Jirachi|Iron Head|p1a: Arctozolt\n|-activate|p1a: Arctozolt|move: Substitute|[damage]\n|move|p1a: Arctozolt|Bolt Beak|p2a: Jirachi\n|-damage|p2a: Jirachi|61\/100\n|\n|-weather|none\n|upkeep\n|turn|11\n|\n|t:|1699296797\n|switch|p2a: Zapdos|Zapdos, shiny|100\/100\n|move|p1a: Arctozolt|Bolt Beak|p2a: Zapdos\n|-damage|p2a: Zapdos|37\/100\n|\n|upkeep\n|turn|12\n|\n|t:|1699296804\n|move|p2a: Zapdos|Heat Wave|p1a: Arctozolt\n|-supereffective|p1a: Arctozolt\n|-end|p1a: Arctozolt|Substitute\n|move|p1a: Arctozolt|Blizzard|p2a: Zapdos\n|-supereffective|p2a: Zapdos\n|-damage|p2a: Zapdos|0 fnt\n|faint|p2a: Zapdos\n|\n|upkeep\n|\n|t:|1699296807\n|switch|p2a: Samurott|Samurott-Hisui, M, shiny|1\/100\n|turn|13\n|\n|t:|1699296812\n|move|p2a: Samurott|Sacred Sword|p1a: Arctozolt\n|-supereffective|p1a: Arctozolt\n|-damage|p1a: Arctozolt|3\/100\n|move|p1a: Arctozolt|Substitute|p1a: Arctozolt\n|-fail|p1a: Arctozolt|move: Substitute|[weak]\n|\n|upkeep\n|turn|14\n|\n|t:|1699296817\n|move|p2a: Samurott|Ceaseless Edge|p1a: Arctozolt\n|-damage|p1a: Arctozolt|0 fnt\n|-sidestart|p1: AlolanSandslashOU|Spikes\n|faint|p1a: Arctozolt\n|\n|-sideend|p1: AlolanSandslashOU|move: Aurora Veil\n|upkeep\n|\n|t:|1699296819\n|switch|p1a: Ninetales|Ninetales-Alola, F|88\/100\n|-damage|p1a: Ninetales|72\/100|[from] Spikes\n|-weather|Snow|[from] ability: Snow Warning|[of] p1a: Ninetales\n|turn|15\n|\n|t:|1699296823\n|switch|p2a: Jirachi|Jirachi, shiny|61\/100\n|move|p1a: Ninetales|Aurora Veil|p1a: Ninetales\n|-sidestart|p1: AlolanSandslashOU|move: Aurora Veil\n|\n|-weather|Snow|[upkeep]\n|upkeep\n|turn|16\n|\n|t:|1699296838\n|switch|p1a: Baxcalibur|Baxcalibur, F|100\/100\n|-damage|p1a: Baxcalibur|84\/100|[from] Spikes\n|move|p2a: Jirachi|Iron Head|p1a: Baxcalibur\n|-supereffective|p1a: Baxcalibur\n|-damage|p1a: Baxcalibur|60\/100\n|\n|-weather|Snow|[upkeep]\n|upkeep\n|turn|17\n|\n|t:|1699296849\n|-terastallize|p1a: Baxcalibur|Dragon\n|move|p2a: Jirachi|Iron Head|p1a: Baxcalibur\n|-damage|p1a: Baxcalibur|43\/100\n|move|p1a: Baxcalibur|Scale Shot|p2a: Jirachi\n|-resisted|p2a: Jirachi\n|-damage|p2a: Jirachi|51\/100\n|-resisted|p2a: Jirachi\n|-damage|p2a: Jirachi|42\/100\n|-resisted|p2a: Jirachi\n|-damage|p2a: Jirachi|32\/100\n|-resisted|p2a: Jirachi\n|-damage|p2a: Jirachi|22\/100\n|-resisted|p2a: Jirachi\n|-damage|p2a: Jirachi|13\/100\n|-hitcount|p2a: Jirachi|5\n|-unboost|p1a: Baxcalibur|def|1\n|-boost|p1a: Baxcalibur|spe|1\n|\n|-weather|Snow|[upkeep]\n|upkeep\n|turn|18\n|\n|t:|1699296870\n|-terastallize|p2a: Jirachi|Steel\n|move|p2a: Jirachi|Iron Head|p1a: Baxcalibur\n|-damage|p1a: Baxcalibur|9\/100\n|move|p1a: Baxcalibur|Icicle Spear|p2a: Jirachi\n|-resisted|p2a: Jirachi\n|-damage|p2a: Jirachi|6\/100\n|-resisted|p2a: Jirachi\n|-damage|p2a: Jirachi|0 fnt\n|faint|p2a: Jirachi\n|-hitcount|p2: Jirachi|2\n|\n|-weather|Snow|[upkeep]\n|upkeep\n|c|\u2606michael213|are u coverk cloak\n|inactive|michael213 has 270 seconds left.\n|c|\u2606michael213|serious question\n|\n|t:|1699296894\n|switch|p2a: Medicham|Medicham, F, shiny|100\/100\n|turn|19\n|c|\u2606AlolanSandslashOU|I\u2019m neither confirming nor denying this information\n|\n|t:|1699296900\n|detailschange|p2a: Medicham|Medicham-Mega, F, shiny\n|-mega|p2a: Medicham|Medicham|Medichamite\n|move|p2a: Medicham|Fake Out|p1a: Baxcalibur\n|-damage|p1a: Baxcalibur|0 fnt\n|faint|p1a: Baxcalibur\n|\n|-weather|none\n|upkeep\n|\n|t:|1699296904\n|switch|p1a: Ninetales|Ninetales-Alola, F|72\/100\n|-damage|p1a: Ninetales|56\/100|[from] Spikes\n|-weather|Snow|[from] ability: Snow Warning|[of] p1a: Ninetales\n|turn|20\n|inactive|michael213 has 270 seconds left.\n|inactive|michael213 has 240 seconds left.\n|\n|t:|1699296955\n|move|p2a: Medicham|Bullet Punch|p1a: Ninetales\n|-supereffective|p1a: Ninetales\n|-damage|p1a: Ninetales|0 fnt\n|faint|p1a: Ninetales\n|\n|-weather|Snow|[upkeep]\n|upkeep\n|\n|t:|1699296965\n|switch|p1a: Weavile|Weavile, M|100\/100\n|-ability|p1a: Weavile|Pressure\n|turn|21\n|\n|t:|1699296977\n|switch|p2a: Samurott|Samurott-Hisui, M, shiny|1\/100\n|move|p1a: Weavile|Triple Axel|p2a: Samurott\n|-resisted|p2a: Samurott\n|-damage|p2a: Samurott|0 fnt\n|faint|p2a: Samurott\n|-hitcount|p2: Samurott|1\n|\n|-weather|Snow|[upkeep]\n|upkeep\n|c|\u2606AlolanSandslashOU|Man I forgot it learns bullet punch\n|\n|t:|1699296981\n|switch|p2a: Medicham|Medicham-Mega, F, shiny|100\/100\n|turn|22\n|\n|t:|1699296993\n|move|p2a: Medicham|Fake Out|p1a: Weavile\n|-damage|p1a: Weavile|85\/100\n|cant|p1a: Weavile|flinch\n|\n|-weather|Snow|[upkeep]\n|-sideend|p1: AlolanSandslashOU|move: Aurora Veil\n|upkeep\n|turn|23\n|\n|t:|1699297013\n|switch|p2a: Clodsire|Clodsire, F, shiny|100\/100\n|move|p1a: Weavile|Triple Axel|p2a: Clodsire\n|-supereffective|p2a: Clodsire\n|-crit|p2a: Clodsire\n|-damage|p2a: Clodsire|64\/100\n|-supereffective|p2a: Clodsire\n|-damage|p2a: Clodsire|21\/100\n|-supereffective|p2a: Clodsire\n|-damage|p2a: Clodsire|0 fnt\n|faint|p2a: Clodsire\n|-hitcount|p2: Clodsire|3\n|\n|-weather|Snow|[upkeep]\n|upkeep\n|\n|t:|1699297017\n|switch|p2a: Medicham|Medicham-Mega, F, shiny|100\/100\n|turn|24\n|\n|t:|1699297023\n|move|p2a: Medicham|Fake Out|p1a: Weavile\n|-damage|p1a: Weavile|56\/100\n|cant|p1a: Weavile|flinch\n|\n|-weather|none\n|upkeep\n|turn|25\n|inactive|michael213 has 270 seconds left.\n|\n|t:|1699297031\n|move|p1a: Weavile|Ice Shard|p2a: Medicham\n|-damage|p2a: Medicham|73\/100\n|move|p2a: Medicham|Bullet Punch|p1a: Weavile\n|-supereffective|p1a: Weavile\n|-damage|p1a: Weavile|0 fnt\n|faint|p1a: Weavile\n|\n|upkeep\n|\n|t:|1699297033\n|switch|p1a: Frosmoth|Frosmoth, M|100\/100\n|turn|26\n|c|\u2606michael213|gg\n|\n|t:|1699297037\n|move|p2a: Medicham|Close Combat|p1a: Frosmoth\n|-damage|p1a: Frosmoth|0 fnt\n|-unboost|p2a: Medicham|def|1\n|-unboost|p2a: Medicham|spd|1\n|faint|p1a: Frosmoth\n|\n|win|michael213\n|c|\u2606AlolanSandslashOU|Gg\n|l|\u2606AlolanSandslashOU\n|l|\u2606michael213\n|j|\u2606AlolanSandslashOU\n|player|p1|AlolanSandslashOU|volkner\n","uploadtime":1699297202,"views":7,"p1id":"alolansandslashou","p2id":"michael213","formatid":"gen9nationaldexubers","rating":0,"private":0,"password":""}