{"id":"gen9nationaldexubers-1994120714","p1":"its_notacewastaken","p2":"Ubara","format":"[Gen 9] National Dex Ubers","log":"|j|\u2606its_notacewastaken\n|j|\u2606Ubara\n|t:|1700409322\n|gametype|singles\n|player|p1|its_notacewastaken|hilda|\n|player|p2|Ubara|cynthia|\n|teamsize|p1|6\n|teamsize|p2|6\n|gen|9\n|tier|[Gen 9] National Dex Ubers\n|rule|HP Percentage Mod: HP is shown in percentages\n|rule|Endless Battle Clause: Forcing endless battles is banned\n|rule|OHKO Clause: OHKO moves are banned\n|rule|Evasion Moves Clause: Evasion moves are banned\n|rule|Evasion Items Clause: Evasion items are banned\n|rule|Species Clause: Limit one of each Pok\u00e9mon\n|rule|Sleep Clause Mod: Limit one foe put to sleep\n|rule|Mega Rayquaza Clause: You cannot mega evolve Rayquaza\n|clearpoke\n|poke|p1|Dracovish|\n|poke|p1|Great Tusk|\n|poke|p1|Deoxys-Defense|\n|poke|p1|Xerneas-*|\n|poke|p1|Groudon|\n|poke|p1|Sableye, F|\n|poke|p2|Chien-Pao|\n|poke|p2|Gholdengo|\n|poke|p2|Annihilape, M|\n|poke|p2|Quaquaval, M|\n|poke|p2|Ferrothorn, F|\n|poke|p2|Regieleki|\n|teampreview\n|c|\u2606Ubara|i made a super funny new team.\n|c|\u2606its_notacewastaken|bro trynna be like\n|c|\u2606its_notacewastaken|invis\n|c|\u2606Ubara|butthen again\n|c|\u2606Ubara|im just gonna get wiped\n|\n|t:|1700409360\n|start\n|switch|p1a: Sableye|Sableye, F, shiny|100\/100\n|switch|p2a: Regieleki|Regieleki|100\/100\n|turn|1\n|c|\u2606Ubara|by dracovish\n|\n|t:|1700409375\n|switch|p2a: oogabooga|Annihilape, M, shiny|100\/100\n|detailschange|p1a: Sableye|Sableye-Mega, F, shiny\n|-mega|p1a: Sableye|Sableye|Sablenite\n|move|p1a: Sableye|Taunt|p2a: oogabooga\n|-start|p2a: oogabooga|move: Taunt\n|\n|upkeep\n|turn|2\n|\n|t:|1700409396\n|switch|p1a: Rudolph|Xerneas, shiny|100\/100\n|-ability|p1a: Rudolph|Fairy Aura\n|move|p2a: oogabooga|Rage Fist|p1a: Rudolph\n|-damage|p1a: Rudolph|84\/100\n|\n|upkeep\n|turn|3\n|\n|t:|1700409408\n|switch|p2a: Ferrothorn|Ferrothorn, F|100\/100\n|move|p1a: Rudolph|Geomancy||[still]\n|-prepare|p1a: Rudolph|Geomancy\n|-enditem|p1a: Rudolph|Power Herb\n|-anim|p1a: Rudolph|Geomancy|p1a: Rudolph\n|-boost|p1a: Rudolph|spa|2\n|-boost|p1a: Rudolph|spd|2\n|-boost|p1a: Rudolph|spe|2\n|\n|upkeep\n|turn|4\n|c|\u2606Ubara|and im wiped\n|\n|t:|1700409420\n|move|p1a: Rudolph|Focus Blast|p2a: Ferrothorn\n|-supereffective|p2a: Ferrothorn\n|-damage|p2a: Ferrothorn|0 fnt\n|faint|p2a: Ferrothorn\n|\n|upkeep\n|\n|t:|1700409424\n|switch|p2a: Gholdengo|Gholdengo, shiny|100\/100\n|turn|5\n|inactive|Battle timer is ON: inactive players will automatically lose when time's up. (requested by Ubara)\n|inactive|its_notacewastaken has 270 seconds left.\n|\n|t:|1700409481\n|move|p1a: Rudolph|Moonblast|p2a: Gholdengo\n|-resisted|p2a: Gholdengo\n|-damage|p2a: Gholdengo|37\/100\n|move|p2a: Gholdengo|Make It Rain|p1a: Rudolph\n|-supereffective|p1a: Rudolph\n|-damage|p1a: Rudolph|23\/100\n|-unboost|p2a: Gholdengo|spa|1\n|\n|-heal|p2a: Gholdengo|43\/100|[from] item: Leftovers\n|upkeep\n|turn|6\n|\n|t:|1700409495\n|move|p1a: Rudolph|Moonblast|p2a: Gholdengo\n|-resisted|p2a: Gholdengo\n|-damage|p2a: Gholdengo|0 fnt\n|faint|p2a: Gholdengo\n|\n|upkeep\n|\n|t:|1700409500\n|switch|p2a: Chien-Pao|Chien-Pao|100\/100\n|-ability|p2a: Chien-Pao|Sword of Ruin\n|turn|7\n|\n|t:|1700409505\n|move|p1a: Rudolph|Moonblast|p2a: Chien-Pao\n|-supereffective|p2a: Chien-Pao\n|-damage|p2a: Chien-Pao|0 fnt\n|faint|p2a: Chien-Pao\n|\n|upkeep\n|\n|t:|1700409510\n|switch|p2a: Regieleki|Regieleki|100\/100\n|turn|8\n|\n|t:|1700409516\n|move|p1a: Rudolph|Moonblast|p2a: Regieleki\n|-damage|p2a: Regieleki|0 fnt\n|faint|p2a: Regieleki\n|\n|upkeep\n|c|\u2606Ubara|fat fairy deer is annoying\n|\n|t:|1700409527\n|switch|p2a: Quaquaval|Quaquaval, M, shiny|100\/100\n|turn|9\n|\n|t:|1700409531\n|move|p1a: Rudolph|Moonblast|p2a: Quaquaval\n|-supereffective|p2a: Quaquaval\n|-damage|p2a: Quaquaval|0 fnt\n|faint|p2a: Quaquaval\n|\n|upkeep\n|\n|t:|1700409536\n|switch|p2a: oogabooga|Annihilape, M, shiny|100\/100\n|turn|10\n|\n|t:|1700409541\n|-terastallize|p2a: oogabooga|Fairy\n|move|p1a: Rudolph|Moonblast|p2a: oogabooga\n|-damage|p2a: oogabooga|19\/100\n|move|p2a: oogabooga|Rest|p2a: oogabooga\n|-status|p2a: oogabooga|slp|[from] move: Rest\n|-heal|p2a: oogabooga|100\/100 slp|[silent]\n|-enditem|p2a: oogabooga|Chesto Berry|[eat]\n|-curestatus|p2a: oogabooga|slp|[msg]\n|\n|upkeep\n|turn|11\n|\n|t:|1700409551\n|move|p1a: Rudolph|Psyshock|p2a: oogabooga\n|-crit|p2a: oogabooga\n|-damage|p2a: oogabooga|20\/100\n|move|p2a: oogabooga|Rage Fist|p1a: Rudolph\n|-damage|p1a: Rudolph|0 fnt\n|faint|p1a: Rudolph\n|\n|upkeep\n|\n|t:|1700409560\n|switch|p1a: DA GOAT!|Dracovish|100\/100\n|turn|12\n|\n|t:|1700409564\n|move|p1a: DA GOAT!|Fishious Rend|p2a: oogabooga\n|-damage|p2a: oogabooga|0 fnt\n|faint|p2a: oogabooga\n|\n|win|its_notacewastaken\n|l|\u2606its_notacewastaken\n|l|\u2606Ubara\n|j|\u2606its_notacewastaken\n|player|p1|its_notacewastaken|hilda\n","uploadtime":1700409665,"views":10,"p1id":"itsnotacewastaken","p2id":"ubara","formatid":"gen9nationaldexubers","rating":0,"private":0,"password":""}