{"id":"gen9nationaldexubers-1980988752","p1":"EpicGamer069420","p2":"Soyeon is a cutie","format":"[Gen 9] National Dex Ubers","log":"|j|\u2606EpicGamer069420\n|j|\u2606Soyeon is a cutie\n|t:|1698854791\n|gametype|singles\n|player|p1|EpicGamer069420|lucas|1662\n|player|p2|Soyeon is a cutie|idol|1793\n|teamsize|p1|6\n|teamsize|p2|6\n|gen|9\n|tier|[Gen 9] National Dex Ubers\n|rated|\n|rule|HP Percentage Mod: HP is shown in percentages\n|rule|Endless Battle Clause: Forcing endless battles is banned\n|rule|OHKO Clause: OHKO moves are banned\n|rule|Evasion Moves Clause: Evasion moves are banned\n|rule|Evasion Items Clause: Evasion items are banned\n|rule|Species Clause: Limit one of each Pok\u00e9mon\n|rule|Sleep Clause Mod: Limit one foe put to sleep\n|rule|Mega Rayquaza Clause: You cannot mega evolve Rayquaza\n|clearpoke\n|poke|p1|Heatran, F|\n|poke|p1|Necrozma-Dusk-Mane|\n|poke|p1|Xerneas-*|\n|poke|p1|Groudon|\n|poke|p1|Lugia|\n|poke|p1|Arceus-Ground|\n|poke|p2|Rayquaza|\n|poke|p2|Xerneas-*|\n|poke|p2|Arceus-Water|\n|poke|p2|Ditto|\n|poke|p2|Groudon|\n|poke|p2|Kingambit, F|\n|teampreview\n|inactive|Battle timer is ON: inactive players will automatically lose when time's up. (requested by EpicGamer069420)\n|inactive|Soyeon is a cutie also wants the timer to be on.\n|\n|t:|1698854814\n|start\n|switch|p1a: Arceus|Arceus-Ground|100\/100\n|switch|p2a: Arceus|Arceus-Water|100\/100\n|turn|1\n|\n|t:|1698854822\n|switch|p1a: Necrozma|Necrozma-Dusk-Mane|100\/100\n|move|p2a: Arceus|Toxic|p1a: Necrozma\n|-immune|p1a: Necrozma\n|\n|upkeep\n|turn|2\n|\n|t:|1698854831\n|move|p2a: Arceus|Taunt|p1a: Necrozma\n|-start|p1a: Necrozma|move: Taunt\n|cant|p1a: Necrozma|move: Taunt|Toxic\n|\n|upkeep\n|turn|3\n|\n|t:|1698854837\n|move|p2a: Arceus|Judgment|p1a: Necrozma\n|-damage|p1a: Necrozma|65\/100\n|move|p1a: Necrozma|Knock Off|p2a: Arceus\n|-damage|p2a: Arceus|86\/100\n|\n|-heal|p1a: Necrozma|71\/100|[from] item: Leftovers\n|upkeep\n|turn|4\n|\n|t:|1698854864\n|switch|p1a: Xerneas|Xerneas|100\/100\n|-ability|p1a: Xerneas|Fairy Aura\n|move|p2a: Arceus|Toxic|p1a: Xerneas\n|-status|p1a: Xerneas|tox\n|\n|-damage|p1a: Xerneas|94\/100 tox|[from] psn\n|upkeep\n|turn|5\n|\n|t:|1698854870\n|move|p2a: Arceus|Taunt|p1a: Xerneas\n|-start|p1a: Xerneas|move: Taunt\n|move|p1a: Xerneas|Moonblast|p2a: Arceus\n|-damage|p2a: Arceus|52\/100\n|\n|-heal|p1a: Xerneas|100\/100 tox|[from] item: Leftovers\n|-damage|p1a: Xerneas|88\/100 tox|[from] psn\n|upkeep\n|turn|6\n|inactive|EpicGamer069420 has 120 seconds left.\n|\n|t:|1698854896\n|switch|p1a: Necrozma|Necrozma-Dusk-Mane|71\/100\n|move|p2a: Arceus|Recover|p2a: Arceus\n|-heal|p2a: Arceus|100\/100\n|\n|-heal|p1a: Necrozma|77\/100|[from] item: Leftovers\n|upkeep\n|turn|7\n|inactive|EpicGamer069420 has 120 seconds left.\n|\n|t:|1698854907\n|move|p2a: Arceus|Taunt|p1a: Necrozma\n|-start|p1a: Necrozma|move: Taunt\n|move|p1a: Necrozma|Earthquake|p2a: Arceus\n|-damage|p2a: Arceus|78\/100\n|\n|-heal|p1a: Necrozma|83\/100|[from] item: Leftovers\n|upkeep\n|turn|8\n|inactive|EpicGamer069420 has 120 seconds left.\n|\n|t:|1698854915\n|move|p2a: Arceus|Judgment|p1a: Necrozma\n|-damage|p1a: Necrozma|43\/100\n|move|p1a: Necrozma|Earthquake|p2a: Arceus\n|-damage|p2a: Arceus|55\/100\n|\n|-heal|p1a: Necrozma|49\/100|[from] item: Leftovers\n|upkeep\n|turn|9\n|\n|t:|1698854922\n|move|p2a: Arceus|Judgment|p1a: Necrozma\n|-damage|p1a: Necrozma|8\/100\n|move|p1a: Necrozma|Earthquake|p2a: Arceus\n|-damage|p2a: Arceus|32\/100\n|\n|-heal|p1a: Necrozma|14\/100|[from] item: Leftovers\n|-end|p1a: Necrozma|move: Taunt\n|upkeep\n|turn|10\n|inactive|EpicGamer069420 has 120 seconds left.\n|\n|t:|1698854945\n|switch|p1a: Groudon|Groudon|100\/100\n|detailschange|p1a: Groudon|Groudon-Primal\n|-primal|p1a: Groudon|Red Orb\n|-weather|DesolateLand|[from] ability: Desolate Land|[of] p1a: Groudon\n|move|p2a: Arceus|Taunt|p1a: Groudon\n|-start|p1a: Groudon|move: Taunt\n|\n|-weather|DesolateLand|[upkeep]\n|upkeep\n|turn|11\n|inactive|EpicGamer069420 has 120 seconds left.\n|\n|t:|1698854950\n|move|p2a: Arceus|Recover|p2a: Arceus\n|-heal|p2a: Arceus|82\/100\n|move|p1a: Groudon|Earthquake|p2a: Arceus\n|-damage|p2a: Arceus|37\/100\n|\n|-weather|DesolateLand|[upkeep]\n|upkeep\n|turn|12\n|\n|t:|1698854959\n|move|p2a: Arceus|Recover|p2a: Arceus\n|-heal|p2a: Arceus|87\/100\n|move|p1a: Groudon|Earthquake|p2a: Arceus\n|-damage|p2a: Arceus|36\/100\n|\n|-weather|DesolateLand|[upkeep]\n|-end|p1a: Groudon|move: Taunt\n|upkeep\n|turn|13\n|\n|t:|1698854965\n|switch|p2a: Rayquaza|Rayquaza|100\/100\n|-ability|p2a: Rayquaza|Air Lock\n|move|p1a: Groudon|Earthquake|p2a: Rayquaza\n|-immune|p2a: Rayquaza\n|\n|-weather|DesolateLand|[upkeep]\n|upkeep\n|turn|14\n|\n|t:|1698854972\n|-weather|none\n|switch|p1a: Xerneas|Xerneas|88\/100 tox\n|-ability|p1a: Xerneas|Fairy Aura\n|move|p2a: Rayquaza|Dragon Ascent|p1a: Xerneas\n|-damage|p1a: Xerneas|30\/100 tox\n|-unboost|p2a: Rayquaza|def|1\n|-unboost|p2a: Rayquaza|spd|1\n|\n|-heal|p1a: Xerneas|36\/100 tox|[from] item: Leftovers\n|-damage|p1a: Xerneas|30\/100 tox|[from] psn\n|upkeep\n|turn|15\n|\n|t:|1698854977\n|move|p2a: Rayquaza|Dragon Ascent|p1a: Xerneas\n|-damage|p1a: Xerneas|0 fnt\n|-unboost|p2a: Rayquaza|def|1\n|-unboost|p2a: Rayquaza|spd|1\n|faint|p1a: Xerneas\n|\n|upkeep\n|\n|t:|1698854983\n|switch|p1a: Arceus|Arceus-Ground|100\/100\n|turn|16\n|\n|t:|1698854996\n|switch|p2a: Xerneas|Xerneas, shiny|100\/100\n|-ability|p2a: Xerneas|Fairy Aura\n|move|p1a: Arceus|Ice Beam|p2a: Xerneas\n|-damage|p2a: Xerneas|82\/100\n|\n|upkeep\n|turn|17\n|\n|t:|1698855001\n|move|p1a: Arceus|Calm Mind|p1a: Arceus\n|-boost|p1a: Arceus|spa|1\n|-boost|p1a: Arceus|spd|1\n|move|p2a: Xerneas|Geomancy||[still]\n|-prepare|p2a: Xerneas|Geomancy\n|-enditem|p2a: Xerneas|Power Herb\n|-anim|p2a: Xerneas|Geomancy|p2a: Xerneas\n|-boost|p2a: Xerneas|spa|2\n|-boost|p2a: Xerneas|spd|2\n|-boost|p2a: Xerneas|spe|2\n|\n|upkeep\n|turn|18\n|\n|t:|1698855005\n|-terastallize|p1a: Arceus|Poison\n|move|p2a: Xerneas|Moonblast|p1a: Arceus\n|-resisted|p1a: Arceus\n|-damage|p1a: Arceus|67\/100\n|-unboost|p1a: Arceus|spa|1\n|move|p1a: Arceus|Calm Mind|p1a: Arceus\n|-boost|p1a: Arceus|spa|1\n|-boost|p1a: Arceus|spd|1\n|\n|upkeep\n|turn|19\n|\n|t:|1698855009\n|move|p2a: Xerneas|Hidden Power|p1a: Arceus\n|-supereffective|p1a: Arceus\n|-damage|p1a: Arceus|38\/100\n|move|p1a: Arceus|Calm Mind|p1a: Arceus\n|-boost|p1a: Arceus|spa|1\n|-boost|p1a: Arceus|spd|1\n|\n|upkeep\n|turn|20\n|\n|t:|1698855013\n|move|p2a: Xerneas|Hidden Power|p1a: Arceus\n|-supereffective|p1a: Arceus\n|-damage|p1a: Arceus|14\/100\n|move|p1a: Arceus|Recover|p1a: Arceus\n|-heal|p1a: Arceus|64\/100\n|\n|upkeep\n|turn|21\n|\n|t:|1698855017\n|move|p2a: Xerneas|Hidden Power|p1a: Arceus\n|-supereffective|p1a: Arceus\n|-damage|p1a: Arceus|39\/100\n|move|p1a: Arceus|Recover|p1a: Arceus\n|-heal|p1a: Arceus|89\/100\n|\n|upkeep\n|turn|22\n|\n|t:|1698855023\n|move|p2a: Xerneas|Hidden Power|p1a: Arceus\n|-supereffective|p1a: Arceus\n|-damage|p1a: Arceus|66\/100\n|move|p1a: Arceus|Calm Mind|p1a: Arceus\n|-boost|p1a: Arceus|spa|1\n|-boost|p1a: Arceus|spd|1\n|\n|upkeep\n|turn|23\n|\n|t:|1698855027\n|move|p2a: Xerneas|Moonblast|p1a: Arceus\n|-resisted|p1a: Arceus\n|-damage|p1a: Arceus|50\/100\n|move|p1a: Arceus|Recover|p1a: Arceus\n|-heal|p1a: Arceus|99\/100\n|\n|upkeep\n|turn|24\n|\n|t:|1698855033\n|move|p2a: Xerneas|Hidden Power|p1a: Arceus\n|-supereffective|p1a: Arceus\n|-damage|p1a: Arceus|77\/100\n|move|p1a: Arceus|Judgment|p2a: Xerneas\n|-damage|p2a: Xerneas|35\/100\n|\n|upkeep\n|turn|25\n|\n|t:|1698855039\n|move|p2a: Xerneas|Hidden Power|p1a: Arceus\n|-supereffective|p1a: Arceus\n|-damage|p1a: Arceus|57\/100\n|move|p1a: Arceus|Recover|p1a: Arceus\n|-heal|p1a: Arceus|100\/100\n|\n|upkeep\n|turn|26\n|\n|t:|1698855052\n|move|p2a: Xerneas|Hidden Power|p1a: Arceus\n|-supereffective|p1a: Arceus\n|-damage|p1a: Arceus|80\/100\n|move|p1a: Arceus|Judgment|p2a: Xerneas\n|-damage|p2a: Xerneas|0 fnt\n|faint|p2a: Xerneas\n|\n|upkeep\n|\n|t:|1698855066\n|switch|p2a: Ditto|Ditto, shiny|100\/100\n|-transform|p2a: Ditto|p1a: Arceus|[from] ability: Imposter\n|-start|p2a: Ditto|typechange|Ground|[silent]\n|turn|27\n|\n|t:|1698855070\n|move|p2a: Ditto|Ice Beam|p1a: Arceus\n|-damage|p1a: Arceus|66\/100\n|move|p1a: Arceus|Ice Beam|p2a: Ditto\n|-supereffective|p2a: Ditto\n|-damage|p2a: Ditto|64\/100\n|\n|upkeep\n|turn|28\n|\n|t:|1698855077\n|move|p2a: Ditto|Ice Beam|p1a: Arceus\n|-damage|p1a: Arceus|51\/100\n|move|p1a: Arceus|Ice Beam|p2a: Ditto\n|-supereffective|p2a: Ditto\n|-damage|p2a: Ditto|24\/100\n|-status|p2a: Ditto|frz\n|\n|upkeep\n|turn|29\n|\n|t:|1698855082\n|cant|p2a: Ditto|frz\n|move|p1a: Arceus|Recover|p1a: Arceus\n|-heal|p1a: Arceus|100\/100\n|\n|upkeep\n|turn|30\n|\n|t:|1698855089\n|cant|p2a: Ditto|frz\n|move|p1a: Arceus|Ice Beam|p2a: Ditto\n|-supereffective|p2a: Ditto\n|-damage|p2a: Ditto|0 fnt\n|faint|p2a: Ditto\n|\n|upkeep\n|\n|t:|1698855097\n|switch|p2a: Rayquaza|Rayquaza|100\/100\n|-ability|p2a: Rayquaza|Air Lock\n|turn|31\n|\n|t:|1698855100\n|-terastallize|p2a: Rayquaza|Normal\n|move|p1a: Arceus|Ice Beam|p2a: Rayquaza\n|-damage|p2a: Rayquaza|41\/100\n|move|p2a: Rayquaza|Earthquake|p1a: Arceus\n|-supereffective|p1a: Arceus\n|-damage|p1a: Arceus|37\/100\n|\n|upkeep\n|turn|32\n|\n|t:|1698855112\n|move|p1a: Arceus|Ice Beam|p2a: Rayquaza\n|-damage|p2a: Rayquaza|0 fnt\n|faint|p2a: Rayquaza\n|\n|upkeep\n|\n|t:|1698855118\n|switch|p2a: Kingambit|Kingambit, F|100\/100\n|-activate|p2a: Kingambit|ability: Supreme Overlord\n|-start|p2a: Kingambit|fallen3|[silent]\n|turn|33\n|\n|t:|1698855122\n|move|p1a: Arceus|Recover|p1a: Arceus\n|-heal|p1a: Arceus|87\/100\n|move|p2a: Kingambit|Swords Dance|p2a: Kingambit\n|-boost|p2a: Kingambit|atk|2\n|\n|upkeep\n|turn|34\n|\n|t:|1698855125\n|move|p2a: Kingambit|Sucker Punch|p1a: Arceus\n|-damage|p1a: Arceus|11\/100\n|move|p1a: Arceus|Ice Beam|p2a: Kingambit\n|-resisted|p2a: Kingambit\n|-damage|p2a: Kingambit|70\/100\n|\n|upkeep\n|turn|35\n|\n|t:|1698855138\n|move|p2a: Kingambit|Sucker Punch||[still]\n|-fail|p2a: Kingambit\n|move|p1a: Arceus|Recover|p1a: Arceus\n|-heal|p1a: Arceus|61\/100\n|\n|upkeep\n|turn|36\n|\n|t:|1698855143\n|move|p2a: Kingambit|Sucker Punch||[still]\n|-fail|p2a: Kingambit\n|move|p1a: Arceus|Recover|p1a: Arceus\n|-heal|p1a: Arceus|100\/100\n|\n|upkeep\n|turn|37\n|\n|t:|1698855147\n|move|p2a: Kingambit|Sucker Punch|p1a: Arceus\n|-damage|p1a: Arceus|28\/100\n|move|p1a: Arceus|Judgment|p2a: Kingambit\n|-supereffective|p2a: Kingambit\n|-damage|p2a: Kingambit|0 fnt\n|faint|p2a: Kingambit\n|-end|p2a: Kingambit|fallen3|[silent]\n|\n|upkeep\n|\n|t:|1698855152\n|switch|p2a: Arceus|Arceus-Water|36\/100\n|turn|38\n|\n|t:|1698855154\n|move|p2a: Arceus|Judgment|p1a: Arceus\n|-damage|p1a: Arceus|16\/100\n|move|p1a: Arceus|Judgment|p2a: Arceus\n|-damage|p2a: Arceus|0 fnt\n|faint|p2a: Arceus\n|\n|upkeep\n|\n|t:|1698855156\n|switch|p2a: Groudon|Groudon|100\/100\n|detailschange|p2a: Groudon|Groudon-Primal\n|-primal|p2a: Groudon|Red Orb\n|-weather|DesolateLand|[from] ability: Desolate Land|[of] p2a: Groudon\n|turn|39\n|\n|t:|1698855158\n|move|p1a: Arceus|Judgment|p2a: Groudon\n|-supereffective|p2a: Groudon\n|-damage|p2a: Groudon|0 fnt\n|faint|p2a: Groudon\n|-weather|none\n|\n|win|EpicGamer069420\n|raw|EpicGamer069420's rating: 1662 &rarr; <strong>1689<\/strong><br \/>(+27 for winning)\n|raw|Soyeon is a cutie's rating: 1793 &rarr; <strong>1766<\/strong><br \/>(-27 for losing)\n|l|\u2606Soyeon is a cutie\n","uploadtime":1698855165,"views":9,"p1id":"epicgamer069420","p2id":"soyeonisacutie","formatid":"gen9nationaldexubers","rating":1689,"private":0,"password":""}