{"id":"gen9nationaldexubers-1982875827","p1":"Olie4","p2":"Girlhero","format":"[Gen 9] National Dex Ubers","log":"|j|\u2606Olie4\n|j|\u2606Girlhero\n|t:|1699053838\n|gametype|singles\n|player|p1|Olie4|lady|1177\n|player|p2|Girlhero|iris|1168\n|teamsize|p1|6\n|teamsize|p2|6\n|gen|9\n|tier|[Gen 9] National Dex Ubers\n|rated|\n|rule|HP Percentage Mod: HP is shown in percentages\n|rule|Endless Battle Clause: Forcing endless battles is banned\n|rule|OHKO Clause: OHKO moves are banned\n|rule|Evasion Moves Clause: Evasion moves are banned\n|rule|Evasion Items Clause: Evasion items are banned\n|rule|Species Clause: Limit one of each Pok\u00e9mon\n|rule|Sleep Clause Mod: Limit one foe put to sleep\n|rule|Mega Rayquaza Clause: You cannot mega evolve Rayquaza\n|clearpoke\n|poke|p1|Regieleki|\n|poke|p1|Togekiss, F|\n|poke|p1|Greninja-*, F|\n|poke|p1|Ferrothorn, F|\n|poke|p1|Urshifu-*, F|\n|poke|p1|Pawmot, M|\n|poke|p2|Darmanitan-Galar, M|\n|poke|p2|Kyogre|\n|poke|p2|Salamence, F|\n|poke|p2|Zacian-*|\n|poke|p2|Groudon|\n|poke|p2|Arceus-Fairy|\n|teampreview\n|\n|t:|1699053850\n|start\n|switch|p1a: Ferrothorns|Ferrothorn, F|100\/100\n|switch|p2a: Groudon|Groudon|100\/100\n|detailschange|p2a: Groudon|Groudon-Primal\n|-primal|p2a: Groudon|Red Orb\n|-weather|DesolateLand|[from] ability: Desolate Land|[of] p2a: Groudon\n|turn|1\n|\n|t:|1699053859\n|switch|p1a: Togekiss|Togekiss, F, shiny|100\/100\n|move|p2a: Groudon|Stealth Rock|p1a: Togekiss\n|-sidestart|p1: Olie4|move: Stealth Rock\n|\n|-weather|DesolateLand|[upkeep]\n|upkeep\n|turn|2\n|\n|t:|1699053866\n|move|p1a: Togekiss|Air Slash|p2a: Groudon\n|-damage|p2a: Groudon|71\/100\n|move|p2a: Groudon|Toxic|p1a: Togekiss|[miss]\n|-miss|p2a: Groudon|p1a: Togekiss\n|\n|-weather|DesolateLand|[upkeep]\n|upkeep\n|turn|3\n|\n|t:|1699053874\n|move|p1a: Togekiss|Air Slash|p2a: Groudon\n|-damage|p2a: Groudon|45\/100\n|cant|p2a: Groudon|flinch\n|\n|-weather|DesolateLand|[upkeep]\n|upkeep\n|turn|4\n|\n|t:|1699053881\n|-weather|none\n|switch|p2a: Zacian|Zacian-Crowned|100\/100\n|-ability|p2a: Zacian|Intrepid Sword|boost\n|-boost|p2a: Zacian|atk|1\n|move|p1a: Togekiss|Air Slash|p2a: Zacian\n|-resisted|p2a: Zacian\n|-damage|p2a: Zacian|84\/100\n|\n|upkeep\n|turn|5\n|\n|t:|1699053893\n|switch|p1a: Ferrothorns|Ferrothorn, F|100\/100\n|-damage|p1a: Ferrothorns|94\/100|[from] Stealth Rock\n|move|p2a: Zacian|Behemoth Blade|p1a: Ferrothorns\n|-resisted|p1a: Ferrothorns\n|-damage|p1a: Ferrothorns|68\/100\n|-damage|p2a: Zacian|72\/100|[from] ability: Iron Barbs|[of] p1a: Ferrothorns\n|\n|-heal|p1a: Ferrothorns|74\/100|[from] item: Leftovers\n|upkeep\n|turn|6\n|\n|t:|1699053911\n|switch|p2a: Salamence|Salamence, F|100\/100\n|-ability|p2a: Salamence|Intimidate|boost\n|-unboost|p1a: Ferrothorns|atk|1\n|move|p1a: Ferrothorns|Stealth Rock|p2a: Salamence\n|-sidestart|p2: Girlhero|move: Stealth Rock\n|\n|-heal|p1a: Ferrothorns|80\/100|[from] item: Leftovers\n|upkeep\n|turn|7\n|\n|t:|1699053920\n|detailschange|p2a: Salamence|Salamence-Mega, F\n|-mega|p2a: Salamence|Salamence|Salamencite\n|move|p2a: Salamence|Body Slam|p1a: Ferrothorns\n|-damage|p1a: Ferrothorns|49\/100\n|-damage|p2a: Salamence|88\/100|[from] ability: Iron Barbs|[of] p1a: Ferrothorns\n|move|p1a: Ferrothorns|Leech Seed|p2a: Salamence\n|-start|p2a: Salamence|move: Leech Seed\n|\n|-heal|p1a: Ferrothorns|55\/100|[from] item: Leftovers\n|-damage|p2a: Salamence|76\/100|[from] Leech Seed|[of] p1a: Ferrothorns\n|-heal|p1a: Ferrothorns|67\/100|[silent]\n|upkeep\n|turn|8\n|\n|t:|1699053935\n|switch|p2a: Arceus|Arceus-Fairy|100\/100\n|-damage|p2a: Arceus|88\/100|[from] Stealth Rock\n|move|p1a: Ferrothorns|Knock Off|p2a: Arceus\n|-resisted|p2a: Arceus\n|-damage|p2a: Arceus|86\/100\n|\n|-heal|p1a: Ferrothorns|73\/100|[from] item: Leftovers\n|upkeep\n|turn|9\n|\n|t:|1699053948\n|switch|p2a: Groudon|Groudon-Primal|45\/100\n|-damage|p2a: Groudon|32\/100|[from] Stealth Rock\n|-weather|DesolateLand|[from] ability: Desolate Land|[of] p2a: Groudon\n|move|p1a: Ferrothorns|Leech Seed|p2a: Groudon|[miss]\n|-miss|p1a: Ferrothorns|p2a: Groudon\n|\n|-weather|DesolateLand|[upkeep]\n|-heal|p1a: Ferrothorns|79\/100|[from] item: Leftovers\n|upkeep\n|turn|10\n|\n|t:|1699053961\n|move|p2a: Groudon|Precipice Blades|p1a: Ferrothorns\n|-damage|p1a: Ferrothorns|42\/100\n|move|p1a: Ferrothorns|Leech Seed|p2a: Groudon\n|-start|p2a: Groudon|move: Leech Seed\n|\n|-weather|DesolateLand|[upkeep]\n|-heal|p1a: Ferrothorns|49\/100|[from] item: Leftovers\n|-damage|p2a: Groudon|20\/100|[from] Leech Seed|[of] p1a: Ferrothorns\n|-heal|p1a: Ferrothorns|63\/100|[silent]\n|upkeep\n|turn|11\n|\n|t:|1699053983\n|switch|p1a: Togekiss|Togekiss, F, shiny|100\/100\n|-damage|p1a: Togekiss|76\/100|[from] Stealth Rock\n|move|p2a: Groudon|Lava Plume|p1a: Togekiss\n|-damage|p1a: Togekiss|26\/100\n|\n|-weather|DesolateLand|[upkeep]\n|-heal|p1a: Togekiss|32\/100|[from] item: Leftovers\n|-damage|p2a: Groudon|7\/100|[from] Leech Seed|[of] p1a: Togekiss\n|-heal|p1a: Togekiss|48\/100|[silent]\n|upkeep\n|turn|12\n|\n|t:|1699053996\n|move|p1a: Togekiss|Wish|p1a: Togekiss\n|move|p2a: Groudon|Lava Plume|p1a: Togekiss\n|-damage|p1a: Togekiss|0 fnt\n|faint|p1a: Togekiss\n|\n|-weather|DesolateLand|[upkeep]\n|upkeep\n|\n|t:|1699054003\n|switch|p1a: Ferrothorns|Ferrothorn, F|63\/100\n|-damage|p1a: Ferrothorns|56\/100|[from] Stealth Rock\n|turn|13\n|\n|t:|1699054014\n|-weather|none\n|switch|p2a: Arceus|Arceus-Fairy|86\/100\n|-damage|p2a: Arceus|73\/100|[from] Stealth Rock\n|switch|p1a: Greeninja|Greninja, F|100\/100\n|-damage|p1a: Greeninja|88\/100|[from] Stealth Rock\n|\n|-heal|p1a: Greeninja|100\/100|[from] move: Wish|[wisher] Togekiss\n|upkeep\n|turn|14\n|\n|t:|1699054024\n|move|p1a: Greeninja|Hydro Pump|p2a: Arceus\n|-start|p1a: Greeninja|typechange|Water|[from] ability: Protean\n|-damage|p2a: Arceus|40\/100\n|move|p2a: Arceus|Judgment|p1a: Greeninja\n|-damage|p1a: Greeninja|19\/100\n|\n|upkeep\n|turn|15\n|\n|t:|1699054044\n|switch|p2a: Kyogre|Kyogre|100\/100\n|-damage|p2a: Kyogre|88\/100|[from] Stealth Rock\n|detailschange|p2a: Kyogre|Kyogre-Primal\n|-primal|p2a: Kyogre|Blue Orb\n|-weather|PrimordialSea|[from] ability: Primordial Sea|[of] p2a: Kyogre\n|-terastallize|p1a: Greeninja|Water\n|move|p1a: Greeninja|Hydro Pump|p2a: Kyogre\n|-resisted|p2a: Kyogre\n|-damage|p2a: Kyogre|56\/100\n|\n|-weather|PrimordialSea|[upkeep]\n|upkeep\n|turn|16\n|\n|t:|1699054058\n|move|p1a: Greeninja|Grass Knot|p2a: Kyogre\n|-supereffective|p2a: Kyogre\n|-damage|p2a: Kyogre|5\/100\n|move|p2a: Kyogre|Thunder|p1a: Greeninja\n|-supereffective|p1a: Greeninja\n|-damage|p1a: Greeninja|0 fnt\n|faint|p1a: Greeninja\n|\n|-weather|PrimordialSea|[upkeep]\n|upkeep\n|\n|t:|1699054073\n|switch|p1a: Regieleki|Regieleki|100\/100\n|-damage|p1a: Regieleki|88\/100|[from] Stealth Rock\n|turn|17\n|\n|t:|1699054081\n|move|p1a: Regieleki|Thunderbolt|p2a: Kyogre\n|-supereffective|p2a: Kyogre\n|-damage|p2a: Kyogre|0 fnt\n|faint|p2a: Kyogre\n|-weather|none\n|\n|upkeep\n|\n|t:|1699054098\n|switch|p2a: Zacian|Zacian-Crowned|72\/100\n|-damage|p2a: Zacian|66\/100|[from] Stealth Rock\n|turn|18\n|\n|t:|1699054104\n|move|p1a: Regieleki|Rapid Spin|p2a: Zacian\n|-resisted|p2a: Zacian\n|-damage|p2a: Zacian|60\/100\n|-boost|p1a: Regieleki|spe|1\n|-sideend|p1: Olie4|Stealth Rock|[from] move: Rapid Spin|[of] p1a: Regieleki\n|move|p2a: Zacian|Close Combat|p1a: Regieleki\n|-damage|p1a: Regieleki|0 fnt\n|-unboost|p2a: Zacian|def|1\n|-unboost|p2a: Zacian|spd|1\n|faint|p1a: Regieleki\n|\n|upkeep\n|\n|t:|1699054110\n|switch|p1a: yourShifu|Urshifu-Rapid-Strike, F|100\/100\n|turn|19\n|\n|t:|1699054118\n|switch|p2a: Salamence|Salamence-Mega, F|76\/100\n|-damage|p2a: Salamence|51\/100|[from] Stealth Rock\n|move|p1a: yourShifu|Surging Strikes|p2a: Salamence\n|-resisted|p2a: Salamence\n|-crit|p2a: Salamence\n|-damage|p2a: Salamence|43\/100\n|-resisted|p2a: Salamence\n|-crit|p2a: Salamence\n|-damage|p2a: Salamence|35\/100\n|-resisted|p2a: Salamence\n|-crit|p2a: Salamence\n|-damage|p2a: Salamence|26\/100\n|-hitcount|p2a: Salamence|3\n|\n|upkeep\n|turn|20\n|\n|t:|1699054127\n|switch|p1a: Tall Pawmo|Pawmot, M|100\/100\n|move|p2a: Salamence|Body Slam|p1a: Tall Pawmo\n|-damage|p1a: Tall Pawmo|4\/100\n|\n|upkeep\n|turn|21\n|\n|t:|1699054137\n|switch|p1a: Ferrothorns|Ferrothorn, F|56\/100\n|move|p2a: Salamence|Body Slam|p1a: Ferrothorns\n|-damage|p1a: Ferrothorns|25\/100\n|-damage|p2a: Salamence|14\/100|[from] ability: Iron Barbs|[of] p1a: Ferrothorns\n|\n|-heal|p1a: Ferrothorns|31\/100|[from] item: Leftovers\n|upkeep\n|turn|22\n|\n|t:|1699054145\n|move|p2a: Salamence|Earthquake|p1a: Ferrothorns\n|-damage|p1a: Ferrothorns|8\/100\n|move|p1a: Ferrothorns|Leech Seed|p2a: Salamence\n|-start|p2a: Salamence|move: Leech Seed\n|\n|-heal|p1a: Ferrothorns|15\/100|[from] item: Leftovers\n|-damage|p2a: Salamence|2\/100|[from] Leech Seed|[of] p1a: Ferrothorns\n|-heal|p1a: Ferrothorns|27\/100|[silent]\n|upkeep\n|turn|23\n|\n|t:|1699054154\n|move|p2a: Salamence|Earthquake|p1a: Ferrothorns\n|-damage|p1a: Ferrothorns|4\/100\n|move|p1a: Ferrothorns|Knock Off|p2a: Salamence\n|-damage|p2a: Salamence|0 fnt\n|faint|p2a: Salamence\n|\n|-heal|p1a: Ferrothorns|11\/100|[from] item: Leftovers\n|upkeep\n|\n|t:|1699054167\n|switch|p2a: Zacian|Zacian-Crowned|60\/100\n|-damage|p2a: Zacian|54\/100|[from] Stealth Rock\n|turn|24\n|\n|t:|1699054173\n|move|p2a: Zacian|Behemoth Blade|p1a: Ferrothorns\n|-resisted|p1a: Ferrothorns\n|-damage|p1a: Ferrothorns|0 fnt\n|-damage|p2a: Zacian|42\/100|[from] ability: Iron Barbs|[of] p1a: Ferrothorns\n|faint|p1a: Ferrothorns\n|\n|upkeep\n|\n|t:|1699054178\n|switch|p1a: yourShifu|Urshifu-Rapid-Strike, F|100\/100\n|turn|25\n|\n|t:|1699054202\n|move|p1a: yourShifu|Close Combat|p2a: Zacian\n|-damage|p2a: Zacian|0 fnt\n|-unboost|p1a: yourShifu|def|1\n|-unboost|p1a: yourShifu|spd|1\n|faint|p2a: Zacian\n|\n|upkeep\n|\n|t:|1699054209\n|switch|p2a: Arceus|Arceus-Fairy|40\/100\n|-damage|p2a: Arceus|28\/100|[from] Stealth Rock\n|turn|26\n|\n|t:|1699054220\n|switch|p1a: Tall Pawmo|Pawmot, M|4\/100\n|move|p2a: Arceus|Judgment|p1a: Tall Pawmo\n|-supereffective|p1a: Tall Pawmo\n|-damage|p1a: Tall Pawmo|0 fnt\n|faint|p1a: Tall Pawmo\n|\n|upkeep\n|\n|t:|1699054224\n|switch|p1a: yourShifu|Urshifu-Rapid-Strike, F|100\/100\n|turn|27\n|\n|t:|1699054229\n|move|p1a: yourShifu|Surging Strikes|p2a: Arceus\n|-crit|p2a: Arceus\n|-damage|p2a: Arceus|15\/100\n|-crit|p2a: Arceus\n|-damage|p2a: Arceus|3\/100\n|-crit|p2a: Arceus\n|-damage|p2a: Arceus|0 fnt\n|faint|p2a: Arceus\n|-hitcount|p2: Arceus|3\n|\n|upkeep\n|\n|t:|1699054235\n|switch|p2a: Groudon|Groudon-Primal|7\/100\n|-damage|p2a: Groudon|0 fnt|[from] Stealth Rock\n|faint|p2a: Groudon\n|\n|t:|1699054241\n|switch|p2a: Darmanitan|Darmanitan-Galar, M|100\/100\n|-damage|p2a: Darmanitan|75\/100|[from] Stealth Rock\n|turn|28\n|c|\u2606Olie4|gg?\n|\n|t:|1699054251\n|-terastallize|p2a: Darmanitan|Ice\n|move|p1a: yourShifu|Surging Strikes|p2a: Darmanitan\n|-crit|p2a: Darmanitan\n|-damage|p2a: Darmanitan|43\/100\n|-crit|p2a: Darmanitan\n|-damage|p2a: Darmanitan|15\/100\n|-crit|p2a: Darmanitan\n|-damage|p2a: Darmanitan|0 fnt\n|faint|p2a: Darmanitan\n|-hitcount|p2: Darmanitan|3\n|\n|win|Olie4\n|raw|Olie4's rating: 1177 &rarr; <strong>1201<\/strong><br \/>(+24 for winning)\n|raw|Girlhero's rating: 1168 &rarr; <strong>1144<\/strong><br \/>(-24 for losing)\n|c|\u2606Olie4|gg\n|c|\u2606Girlhero|gg\n|c|\u2606Olie4|wp\n","uploadtime":1699054265,"views":10,"p1id":"olie4","p2id":"girlhero","formatid":"gen9nationaldexubers","rating":1144,"private":0,"password":""}