{"id":"gen9nationaldexubers-1985025057","p1":"Dogecoij","p2":"i'madragontype","format":"[Gen 9] National Dex Ubers","log":"|j|\u2606Dogecoij\n|j|\u2606i'madragontype\n|t:|1699321970\n|gametype|singles\n|player|p1|Dogecoij|170|1000\n|player|p2|i'madragontype|iris|1004\n|teamsize|p1|6\n|teamsize|p2|6\n|gen|9\n|tier|[Gen 9] National Dex Ubers\n|rated|\n|rule|HP Percentage Mod: HP is shown in percentages\n|rule|Endless Battle Clause: Forcing endless battles is banned\n|rule|OHKO Clause: OHKO moves are banned\n|rule|Evasion Moves Clause: Evasion moves are banned\n|rule|Evasion Items Clause: Evasion items are banned\n|rule|Species Clause: Limit one of each Pok\u00e9mon\n|rule|Sleep Clause Mod: Limit one foe put to sleep\n|rule|Mega Rayquaza Clause: You cannot mega evolve Rayquaza\n|clearpoke\n|poke|p1|Gholdengo|\n|poke|p1|Rotom-Wash|\n|poke|p1|Clodsire, M|\n|poke|p1|Xurkitree|\n|poke|p1|Xerneas-*|\n|poke|p1|Marshadow|\n|poke|p2|Ninetales, M|\n|poke|p2|Umbreon, M|\n|poke|p2|Zoroark, F|\n|poke|p2|Necrozma-Dawn-Wings|\n|poke|p2|Obstagoon, M|\n|poke|p2|Reshiram|\n|teampreview\n|c|\u2606i'madragontype|whos ready for an ass whoopin\n|c|\u2606i'madragontype|:D\n|\n|t:|1699321995\n|start\n|switch|p1a: Rotom|Rotom-Wash|100\/100\n|switch|p2a: whitefire|Reshiram|100\/100\n|-ability|p2a: whitefire|Turboblaze\n|turn|1\n|\n|t:|1699322004\n|move|p2a: whitefire|Solar Beam||[still]\n|-prepare|p2a: whitefire|Solar Beam\n|move|p1a: Rotom|Hydro Pump|p2a: whitefire\n|-damage|p2a: whitefire|61\/100\n|\n|upkeep\n|turn|2\n|\n|t:|1699322016\n|move|p2a: whitefire|Solar Beam|p1a: Rotom|[from]lockedmove\n|-supereffective|p1a: Rotom\n|-damage|p1a: Rotom|0 fnt\n|faint|p1a: Rotom\n|-damage|p2a: whitefire|52\/100|[from] item: Life Orb\n|\n|upkeep\n|\n|t:|1699322030\n|switch|p1a: Clodsire|Clodsire, M, shiny|100\/100\n|turn|3\n|\n|t:|1699322038\n|move|p2a: whitefire|Draco Meteor|p1a: Clodsire|[miss]\n|-miss|p2a: whitefire|p1a: Clodsire\n|move|p1a: Clodsire|Earthquake|p2a: whitefire\n|-supereffective|p2a: whitefire\n|-damage|p2a: whitefire|0 fnt\n|faint|p2a: whitefire\n|\n|upkeep\n|\n|t:|1699322048\n|switch|p2a: silver|Ninetales, M, shiny|100\/100\n|-weather|SunnyDay|[from] ability: Drought|[of] p2a: silver\n|turn|4\n|\n|t:|1699322055\n|move|p2a: silver|Will-O-Wisp|p1a: Clodsire\n|-status|p1a: Clodsire|brn\n|move|p1a: Clodsire|Earthquake|p2a: silver\n|-supereffective|p2a: silver\n|-damage|p2a: silver|42\/100\n|\n|-weather|SunnyDay|[upkeep]\n|-damage|p1a: Clodsire|94\/100 brn|[from] brn\n|upkeep\n|turn|5\n|\n|t:|1699322066\n|move|p2a: silver|Fire Blast|p1a: Clodsire\n|-damage|p1a: Clodsire|39\/100 brn\n|-damage|p2a: silver|32\/100|[from] item: Life Orb\n|move|p1a: Clodsire|Earthquake|p2a: silver\n|-supereffective|p2a: silver\n|-damage|p2a: silver|0 fnt\n|faint|p2a: silver\n|\n|-weather|SunnyDay|[upkeep]\n|-heal|p1a: Clodsire|45\/100 brn|[from] item: Leftovers\n|-damage|p1a: Clodsire|39\/100 brn|[from] brn\n|upkeep\n|\n|t:|1699322078\n|switch|p2a: bloodmoon|Necrozma-Dawn-Wings, shiny|100\/100\n|turn|6\n|\n|t:|1699322087\n|detailschange|p2a: bloodmoon|Necrozma-Ultra, shiny\n|-burst|p2a: bloodmoon|Necrozma|Ultranecrozium Z\n|move|p2a: bloodmoon|Outrage|p1a: Clodsire\n|-damage|p1a: Clodsire|0 fnt\n|faint|p1a: Clodsire\n|\n|-weather|SunnyDay|[upkeep]\n|upkeep\n|\n|t:|1699322095\n|switch|p1a: Xerneas|Xerneas, shiny|100\/100\n|-ability|p1a: Xerneas|Fairy Aura\n|turn|7\n|\n|t:|1699322100\n|-terastallize|p1a: Xerneas|Fairy\n|move|p2a: bloodmoon|Outrage|p1a: Xerneas|[from]lockedmove\n|-immune|p1a: Xerneas\n|-start|p2a: bloodmoon|confusion|[fatigue]\n|move|p1a: Xerneas|Geomancy||[still]\n|-prepare|p1a: Xerneas|Geomancy\n|\n|-weather|SunnyDay|[upkeep]\n|upkeep\n|turn|8\n|\n|t:|1699322112\n|-activate|p2a: bloodmoon|confusion\n|-zpower|p2a: bloodmoon\n|move|p2a: bloodmoon|Light That Burns the Sky|p1a: Xerneas|[zeffect]\n|-enditem|p1a: Xerneas|Focus Sash\n|-damage|p1a: Xerneas|1\/100\n|move|p1a: Xerneas|Geomancy|p1a: Xerneas|[from]lockedmove\n|-boost|p1a: Xerneas|spa|2\n|-boost|p1a: Xerneas|spd|2\n|-boost|p1a: Xerneas|spe|2\n|\n|-weather|none\n|upkeep\n|turn|9\n|\n|t:|1699322124\n|move|p1a: Xerneas|Draining Kiss|p2a: bloodmoon\n|-supereffective|p2a: bloodmoon\n|-damage|p2a: bloodmoon|0 fnt\n|-heal|p1a: Xerneas|66\/100|[from] drain|[of] p2a: bloodmoon\n|faint|p2a: bloodmoon\n|\n|upkeep\n|\n|t:|1699322131\n|switch|p2a: rockon|Obstagoon, M|100\/100\n|turn|10\n|\n|t:|1699322145\n|move|p1a: Xerneas|Draining Kiss|p2a: rockon\n|-supereffective|p2a: rockon\n|-damage|p2a: rockon|0 fnt\n|-heal|p1a: Xerneas|100\/100|[from] drain|[of] p2a: rockon\n|faint|p2a: rockon\n|\n|upkeep\n|\n|t:|1699322151\n|switch|p2a: bluemoon|Umbreon, M, shiny|100\/100\n|turn|11\n|-message|i'madragontype forfeited.\n|\n|win|Dogecoij\n|raw|Dogecoij's rating: 1000 &rarr; <strong>1040<\/strong><br \/>(+40 for winning)\n|raw|i&apos;madragontype's rating: 1004 &rarr; <strong>1000<\/strong><br \/>(-4 for losing)\n|l|\u2606i'madragontype\n","uploadtime":1699322184,"views":5,"p1id":"dogecoij","p2id":"imadragontype","formatid":"gen9nationaldexubers","rating":1000,"private":0,"password":""}