{"id":"gen9nationaldexubers-1979922904","p1":"Muralik29","p2":"777Clearnu","format":"[Gen 9] National Dex Ubers","log":"|j|\u2606Muralik29\n|j|\u2606777Clearnu\n|t:|1698730070\n|gametype|singles\n|player|p1|Muralik29|swimmerf-gen4|1447\n|player|p2|777Clearnu|skier|1574\n|teamsize|p1|6\n|teamsize|p2|6\n|gen|9\n|tier|[Gen 9] National Dex Ubers\n|rated|\n|rule|HP Percentage Mod: HP is shown in percentages\n|rule|Endless Battle Clause: Forcing endless battles is banned\n|rule|OHKO Clause: OHKO moves are banned\n|rule|Evasion Moves Clause: Evasion moves are banned\n|rule|Evasion Items Clause: Evasion items are banned\n|rule|Species Clause: Limit one of each Pok\u00e9mon\n|rule|Sleep Clause Mod: Limit one foe put to sleep\n|rule|Mega Rayquaza Clause: You cannot mega evolve Rayquaza\n|clearpoke\n|poke|p1|Ogerpon-Hearthflame, F|\n|poke|p1|Zacian-*|\n|poke|p1|Groudon|\n|poke|p1|Zygarde|\n|poke|p1|Metagross|\n|poke|p1|Lugia|\n|poke|p2|Shuckle, M|\n|poke|p2|Groudon|\n|poke|p2|Kyogre|\n|poke|p2|Arceus|\n|poke|p2|Mewtwo|\n|poke|p2|Lunala|\n|teampreview\n|inactive|Battle timer is ON: inactive players will automatically lose when time's up. (requested by 777Clearnu)\n|inactive|Muralik29 also wants the timer to be on.\n|inactive|777Clearnu has 120 seconds left.\n|\n|t:|1698730102\n|start\n|switch|p1a: Groudon|Groudon, shiny|100\/100\n|switch|p2a: boris|Shuckle, M|100\/100\n|detailschange|p1a: Groudon|Groudon-Primal, shiny\n|-primal|p1a: Groudon|Red Orb\n|-weather|DesolateLand|[from] ability: Desolate Land|[of] p1a: Groudon\n|turn|1\n|\n|t:|1698730106\n|move|p1a: Groudon|Rock Polish|p1a: Groudon\n|-boost|p1a: Groudon|spe|2\n|move|p2a: boris|Sticky Web|p1a: Groudon\n|-sidestart|p1: Muralik29|move: Sticky Web\n|\n|-weather|DesolateLand|[upkeep]\n|upkeep\n|turn|2\n|\n|t:|1698730114\n|move|p1a: Groudon|Heat Crash|p2a: boris\n|-crit|p2a: boris\n|-ability|p2a: boris|Sturdy\n|-damage|p2a: boris|1\/100\n|move|p2a: boris|Encore|p1a: Groudon\n|-start|p1a: Groudon|Encore\n|\n|-weather|DesolateLand|[upkeep]\n|upkeep\n|turn|3\n|\n|t:|1698730121\n|move|p1a: Groudon|Heat Crash|p2a: boris\n|-damage|p2a: boris|0 fnt\n|faint|p2a: boris\n|\n|-weather|DesolateLand|[upkeep]\n|upkeep\n|\n|t:|1698730124\n|switch|p2a: button|Kyogre|100\/100\n|detailschange|p2a: button|Kyogre-Primal\n|-primal|p2a: button|Blue Orb\n|-weather|PrimordialSea|[from] ability: Primordial Sea|[of] p2a: button\n|turn|4\n|\n|t:|1698730127\n|switch|p1a: Lugia|Lugia|100\/100\n|move|p2a: button|Water Spout|p1a: Lugia\n|-damage|p1a: Lugia|57\/100\n|\n|-weather|PrimordialSea|[upkeep]\n|-heal|p1a: Lugia|63\/100|[from] item: Leftovers\n|upkeep\n|turn|5\n|\n|t:|1698730140\n|move|p2a: button|Water Spout|p1a: Lugia\n|-damage|p1a: Lugia|0 fnt\n|faint|p1a: Lugia\n|\n|-weather|PrimordialSea|[upkeep]\n|upkeep\n|\n|t:|1698730146\n|switch|p1a: Metagross|Metagross, shiny|100\/100\n|-activate|p1a: Metagross|move: Sticky Web\n|-fail|p1a: Metagross|unboost|[from] ability: Clear Body|[of] p1a: Metagross\n|turn|6\n|\n|t:|1698730151\n|detailschange|p1a: Metagross|Metagross-Mega, shiny\n|-mega|p1a: Metagross|Metagross|Metagrossite\n|move|p1a: Metagross|Thunder Punch|p2a: button\n|-supereffective|p2a: button\n|-damage|p2a: button|14\/100\n|move|p2a: button|Origin Pulse|p1a: Metagross\n|-damage|p1a: Metagross|0 fnt\n|faint|p1a: Metagross\n|\n|-weather|PrimordialSea|[upkeep]\n|upkeep\n|\n|t:|1698730158\n|switch|p1a: Zygarde|Zygarde|100\/100\n|-activate|p1a: Zygarde|move: Sticky Web\n|-unboost|p1a: Zygarde|spe|1\n|turn|7\n|\n|t:|1698730163\n|move|p1a: Zygarde|Extreme Speed|p2a: button\n|-damage|p2a: button|0 fnt\n|faint|p2a: button\n|-weather|none\n|\n|upkeep\n|\n|t:|1698730179\n|switch|p2a: 194 base attack|Mewtwo|100\/100\n|-ability|p2a: 194 base attack|Unnerve\n|turn|8\n|\n|t:|1698730188\n|detailschange|p2a: 194 base attack|Mewtwo-Mega-Y\n|-mega|p2a: 194 base attack|Mewtwo|Mewtwonite Y\n|-terastallize|p1a: Zygarde|Normal\n|move|p2a: 194 base attack|Ice Beam|p1a: Zygarde\n|-damage|p1a: Zygarde|47\/100\n|-status|p1a: Zygarde|frz\n|cant|p1a: Zygarde|frz\n|\n|-heal|p1a: Zygarde|53\/100 frz|[from] item: Leftovers\n|upkeep\n|turn|9\n|\n|t:|1698730198\n|move|p2a: 194 base attack|Psystrike|p1a: Zygarde\n|-crit|p1a: Zygarde\n|-damage|p1a: Zygarde|0 fnt\n|faint|p1a: Zygarde\n|\n|upkeep\n|\n|t:|1698730205\n|switch|p1a: Groudon|Groudon-Primal, shiny|100\/100\n|-activate|p1a: Groudon|move: Sticky Web\n|-unboost|p1a: Groudon|spe|1\n|-weather|DesolateLand|[from] ability: Desolate Land|[of] p1a: Groudon\n|turn|10\n|\n|t:|1698730219\n|move|p2a: 194 base attack|Psystrike|p1a: Groudon\n|-damage|p1a: Groudon|52\/100\n|move|p1a: Groudon|Heat Crash|p2a: 194 base attack\n|-damage|p2a: 194 base attack|0 fnt\n|faint|p2a: 194 base attack\n|\n|-weather|DesolateLand|[upkeep]\n|upkeep\n|inactive|777Clearnu has 120 seconds left.\n|\n|t:|1698730247\n|switch|p2a: BKC|Arceus|100\/100\n|turn|11\n|\n|t:|1698730255\n|move|p2a: BKC|Swords Dance|p2a: BKC\n|-boost|p2a: BKC|atk|2\n|move|p1a: Groudon|Rock Polish|p1a: Groudon\n|-boost|p1a: Groudon|spe|2\n|\n|-weather|DesolateLand|[upkeep]\n|upkeep\n|turn|12\n|\n|t:|1698730264\n|move|p2a: BKC|Extreme Speed|p1a: Groudon\n|-damage|p1a: Groudon|0 fnt\n|faint|p1a: Groudon\n|-weather|none\n|-damage|p2a: BKC|91\/100|[from] item: Life Orb\n|\n|upkeep\n|\n|t:|1698730268\n|switch|p1a: Zacian|Zacian-Crowned|100\/100\n|-activate|p1a: Zacian|move: Sticky Web\n|-unboost|p1a: Zacian|spe|1\n|-ability|p1a: Zacian|Intrepid Sword|boost\n|-boost|p1a: Zacian|atk|1\n|turn|13\n|inactive|777Clearnu has 120 seconds left.\n|\n|t:|1698730301\n|-terastallize|p2a: BKC|Ghost\n|move|p1a: Zacian|Sacred Sword|p2a: BKC\n|-immune|p2a: BKC\n|move|p2a: BKC|Shadow Force||[still]\n|-prepare|p2a: BKC|Shadow Force\n|\n|upkeep\n|turn|14\n|\n|t:|1698730313\n|move|p1a: Zacian|Behemoth Blade|p2a: BKC|[miss]\n|-miss|p1a: Zacian|p2a: BKC\n|move|p2a: BKC|Shadow Force|p1a: Zacian|[from]lockedmove\n|-damage|p1a: Zacian|0 fnt\n|faint|p1a: Zacian\n|-damage|p2a: BKC|81\/100|[from] item: Life Orb\n|\n|upkeep\n|\n|t:|1698730317\n|switch|p1a: Ogerpon|Ogerpon-Hearthflame, F|100\/100\n|-activate|p1a: Ogerpon|move: Sticky Web\n|-unboost|p1a: Ogerpon|spe|1\n|-ability|p1a: Ogerpon|Mold Breaker\n|turn|15\n|\n|t:|1698730322\n|move|p2a: BKC|Shadow Force||[still]\n|-prepare|p2a: BKC|Shadow Force\n|move|p1a: Ogerpon|Swords Dance|p1a: Ogerpon\n|-boost|p1a: Ogerpon|atk|2\n|\n|upkeep\n|turn|16\n|\n|t:|1698730325\n|move|p2a: BKC|Shadow Force|p1a: Ogerpon|[from]lockedmove\n|-damage|p1a: Ogerpon|0 fnt\n|faint|p1a: Ogerpon\n|-damage|p2a: BKC|71\/100|[from] item: Life Orb\n|\n|win|777Clearnu\n|raw|Muralik29's rating: 1447 &rarr; <strong>1434<\/strong><br \/>(-13 for losing)\n|raw|777Clearnu's rating: 1574 &rarr; <strong>1587<\/strong><br \/>(+13 for winning)\n|l|\u2606Muralik29\n","uploadtime":1698730335,"views":10,"p1id":"muralik29","p2id":"777clearnu","formatid":"gen9nationaldexubers","rating":1434,"private":0,"password":""}