{"id":"gen9nationaldexubers-1996900062","p1":"zomboks134","p2":"Soyeon is a cutie","format":"[Gen 9] National Dex Ubers","log":"|j|\u203dzomboks134\n|j|\u2606Soyeon is a cutie\n|t:|1700742293\n|gametype|singles\n|player|p1|zomboks134|101|1620\n|player|p2|Soyeon is a cutie|idol|1816\n|teamsize|p1|6\n|teamsize|p2|6\n|gen|9\n|tier|[Gen 9] National Dex Ubers\n|rated|\n|rule|HP Percentage Mod: HP is shown in percentages\n|rule|Endless Battle Clause: Forcing endless battles is banned\n|rule|OHKO Clause: OHKO moves are banned\n|rule|Evasion Moves Clause: Evasion moves are banned\n|rule|Evasion Items Clause: Evasion items are banned\n|rule|Species Clause: Limit one of each Pok\u00e9mon\n|rule|Sleep Clause Mod: Limit one foe put to sleep\n|rule|Mega Rayquaza Clause: You cannot mega evolve Rayquaza\n|clearpoke\n|poke|p1|Magearna|\n|poke|p1|Arceus-Dark|\n|poke|p1|Ho-Oh|\n|poke|p1|Ditto|\n|poke|p1|Garganacl, F|\n|poke|p1|Zygarde|\n|poke|p2|Ditto|\n|poke|p2|Kyogre|\n|poke|p2|Giratina-Origin|\n|poke|p2|Arceus-Dark|\n|poke|p2|Necrozma-Dusk-Mane|\n|poke|p2|Kyurem-Black|\n|teampreview\n|inactive|Battle timer is ON: inactive players will automatically lose when time's up. (requested by Soyeon is a cutie)\n|\n|t:|1700742312\n|start\n|switch|p1a: Arceus|Arceus-Dark|100\/100\n|switch|p2a: Arceus|Arceus-Dark|100\/100\n|turn|1\n|\n|t:|1700742321\n|move|p2a: Arceus|Toxic|p1a: Arceus\n|-status|p1a: Arceus|tox\n|move|p1a: Arceus|Taunt|p2a: Arceus\n|-start|p2a: Arceus|move: Taunt\n|\n|-damage|p1a: Arceus|94\/100 tox|[from] psn\n|upkeep\n|turn|2\n|\n|t:|1700742328\n|switch|p2a: Necrozma|Necrozma-Dusk-Mane|100\/100\n|move|p1a: Arceus|Foul Play|p2a: Necrozma\n|-supereffective|p2a: Necrozma\n|-damage|p2a: Necrozma|31\/100\n|\n|-damage|p1a: Arceus|82\/100 tox|[from] psn\n|upkeep\n|turn|3\n|\n|t:|1700742336\n|switch|p2a: Arceus|Arceus-Dark|100\/100\n|move|p1a: Arceus|Foul Play|p2a: Arceus\n|-resisted|p2a: Arceus\n|-damage|p2a: Arceus|89\/100\n|\n|-damage|p1a: Arceus|64\/100 tox|[from] psn\n|upkeep\n|turn|4\n|\n|t:|1700742340\n|switch|p1a: Garganacl|Garganacl, F|100\/100\n|switch|p2a: Necrozma|Necrozma-Dusk-Mane|31\/100\n|\n|upkeep\n|turn|5\n|\n|t:|1700742346\n|switch|p1a: Arceus|Arceus-Dark|64\/100 tox\n|detailschange|p2a: Necrozma|Necrozma-Ultra\n|-burst|p2a: Necrozma|Necrozma|Ultranecrozium Z\n|move|p2a: Necrozma|Earth Power|p1a: Arceus\n|-damage|p1a: Arceus|41\/100 tox\n|\n|-damage|p1a: Arceus|35\/100 tox|[from] psn\n|upkeep\n|turn|6\n|\n|t:|1700742350\n|move|p2a: Necrozma|Dragon Pulse|p1a: Arceus\n|-damage|p1a: Arceus|1\/100 tox\n|move|p1a: Arceus|Recover|p1a: Arceus\n|-heal|p1a: Arceus|51\/100 tox\n|\n|-damage|p1a: Arceus|39\/100 tox|[from] psn\n|upkeep\n|turn|7\n|\n|t:|1700742354\n|move|p2a: Necrozma|Stealth Rock|p1a: Arceus\n|-sidestart|p1: zomboks134|move: Stealth Rock\n|move|p1a: Arceus|Foul Play|p2a: Necrozma\n|-supereffective|p2a: Necrozma\n|-damage|p2a: Necrozma|0 fnt\n|faint|p2a: Necrozma\n|\n|-damage|p1a: Arceus|21\/100 tox|[from] psn\n|upkeep\n|\n|t:|1700742357\n|switch|p2a: Kyogre|Kyogre|100\/100\n|-weather|RainDance|[from] ability: Drizzle|[of] p2a: Kyogre\n|turn|8\n|\n|t:|1700742364\n|move|p2a: Kyogre|Water Spout|p1a: Arceus\n|-damage|p1a: Arceus|0 fnt\n|faint|p1a: Arceus\n|\n|-weather|RainDance|[upkeep]\n|upkeep\n|\n|t:|1700742373\n|switch|p1a: Ditto|Ditto|100\/100\n|-damage|p1a: Ditto|88\/100|[from] Stealth Rock\n|-transform|p1a: Ditto|p2a: Kyogre|[from] ability: Imposter\n|turn|9\n|\n|t:|1700742393\n|switch|p2a: Giratina|Giratina-Origin|100\/100\n|move|p1a: Ditto|Thunder|p2a: Giratina\n|-resisted|p2a: Giratina\n|-damage|p2a: Giratina|90\/100\n|-status|p2a: Giratina|par\n|\n|-weather|RainDance|[upkeep]\n|upkeep\n|turn|10\n|\n|t:|1700742405\n|switch|p1a: Magearna|Magearna|100\/100\n|-damage|p1a: Magearna|94\/100|[from] Stealth Rock\n|cant|p2a: Giratina|par\n|\n|-weather|RainDance|[upkeep]\n|-heal|p1a: Magearna|100\/100|[from] item: Leftovers\n|upkeep\n|turn|11\n|\n|t:|1700742409\n|switch|p2a: Ditto|Ditto, shiny|100\/100\n|-transform|p2a: Ditto|p1a: Magearna|[from] ability: Imposter\n|move|p1a: Magearna|Fleur Cannon|p2a: Ditto\n|-resisted|p2a: Ditto\n|-damage|p2a: Ditto|77\/100\n|-unboost|p1a: Magearna|spa|2\n|\n|-weather|RainDance|[upkeep]\n|upkeep\n|turn|12\n|\n|t:|1700742417\n|move|p2a: Ditto|Heal Bell|p2a: Ditto\n|-activate|p2a: Ditto|move: Heal Bell\n|-curestatus|p2: Giratina|par|[msg]\n|move|p1a: Magearna|Heart Swap|p2a: Ditto\n|-swapboost|p1a: Magearna|p2a: Ditto|[from] move: Heart Swap\n|\n|-weather|none\n|upkeep\n|turn|13\n|\n|t:|1700742446\n|move|p2a: Ditto|Heal Bell||[still]\n|-activate|p2a: Ditto|move: Heal Bell\n|-fail|p2a: Ditto\n|move|p1a: Magearna|Fleur Cannon|p2a: Ditto\n|-resisted|p2a: Ditto\n|-damage|p2a: Ditto|54\/100\n|-unboost|p1a: Magearna|spa|2\n|\n|upkeep\n|turn|14\n|\n|t:|1700742455\n|switch|p2a: Giratina|Giratina-Origin|90\/100\n|move|p1a: Magearna|Heart Swap|p2a: Giratina\n|-swapboost|p1a: Magearna|p2a: Giratina|[from] move: Heart Swap\n|\n|upkeep\n|turn|15\n|\n|t:|1700742471\n|switch|p2a: Ditto|Ditto, shiny|54\/100\n|-transform|p2a: Ditto|p1a: Magearna|[from] ability: Imposter\n|move|p1a: Magearna|Fleur Cannon|p2a: Ditto\n|-resisted|p2a: Ditto\n|-damage|p2a: Ditto|31\/100\n|-unboost|p1a: Magearna|spa|2\n|\n|upkeep\n|turn|16\n|inactive|zomboks134 has 120 seconds left.\n|\n|t:|1700742491\n|switch|p1a: Garganacl|Garganacl, F|100\/100\n|-damage|p1a: Garganacl|88\/100|[from] Stealth Rock\n|move|p2a: Ditto|Pain Split|p1a: Garganacl\n|-sethp|p1a: Garganacl|56\/100|[from] move: Pain Split|[silent]\n|-sethp|p2a: Ditto|75\/100|[from] move: Pain Split\n|\n|-heal|p1a: Garganacl|62\/100|[from] item: Leftovers\n|upkeep\n|turn|17\n|\n|t:|1700742498\n|switch|p2a: Giratina|Giratina-Origin|90\/100\n|move|p1a: Garganacl|Salt Cure|p2a: Giratina\n|-damage|p2a: Giratina|81\/100\n|-start|p2a: Giratina|Salt Cure\n|\n|-heal|p1a: Garganacl|68\/100|[from] item: Leftovers\n|-damage|p2a: Giratina|69\/100|[from] Salt Cure\n|upkeep\n|turn|18\n|\n|t:|1700742505\n|move|p2a: Giratina|Draco Meteor|p1a: Garganacl|[miss]\n|-miss|p2a: Giratina|p1a: Garganacl\n|move|p1a: Garganacl|Salt Cure|p2a: Giratina\n|-damage|p2a: Giratina|61\/100\n|\n|-heal|p1a: Garganacl|74\/100|[from] item: Leftovers\n|-damage|p2a: Giratina|48\/100|[from] Salt Cure\n|upkeep\n|turn|19\n|\n|t:|1700742511\n|switch|p2a: Kyogre|Kyogre|100\/100\n|-weather|RainDance|[from] ability: Drizzle|[of] p2a: Kyogre\n|move|p1a: Garganacl|Salt Cure|p2a: Kyogre\n|-damage|p2a: Kyogre|86\/100\n|-start|p2a: Kyogre|Salt Cure\n|\n|-weather|RainDance|[upkeep]\n|-heal|p1a: Garganacl|80\/100|[from] item: Leftovers\n|-damage|p2a: Kyogre|61\/100|[from] Salt Cure\n|upkeep\n|turn|20\n|\n|t:|1700742519\n|move|p1a: Garganacl|Protect|p1a: Garganacl\n|-singleturn|p1a: Garganacl|Protect\n|move|p2a: Kyogre|Origin Pulse|p1a: Garganacl\n|-activate|p1a: Garganacl|move: Protect\n|\n|-weather|RainDance|[upkeep]\n|-heal|p1a: Garganacl|87\/100|[from] item: Leftovers\n|-damage|p2a: Kyogre|36\/100|[from] Salt Cure\n|upkeep\n|turn|21\n|\n|t:|1700742529\n|switch|p2a: Kyurem|Kyurem-Black|100\/100\n|-ability|p2a: Kyurem|Teravolt\n|switch|p1a: Magearna|Magearna|100\/100\n|-damage|p1a: Magearna|94\/100|[from] Stealth Rock\n|\n|-weather|RainDance|[upkeep]\n|-heal|p1a: Magearna|100\/100|[from] item: Leftovers\n|upkeep\n|turn|22\n|\n|t:|1700742540\n|switch|p2a: Ditto|Ditto, shiny|75\/100\n|-transform|p2a: Ditto|p1a: Magearna|[from] ability: Imposter\n|move|p1a: Magearna|Fleur Cannon|p2a: Ditto\n|-resisted|p2a: Ditto\n|-damage|p2a: Ditto|51\/100\n|-unboost|p1a: Magearna|spa|2\n|\n|-weather|RainDance|[upkeep]\n|upkeep\n|turn|23\n|\n|t:|1700742548\n|move|p2a: Ditto|Pain Split|p1a: Magearna\n|-sethp|p1a: Magearna|71\/100|[from] move: Pain Split|[silent]\n|-sethp|p2a: Ditto|86\/100|[from] move: Pain Split\n|move|p1a: Magearna|Heart Swap|p2a: Ditto\n|-swapboost|p1a: Magearna|p2a: Ditto|[from] move: Heart Swap\n|\n|-weather|none\n|-heal|p1a: Magearna|77\/100|[from] item: Leftovers\n|upkeep\n|turn|24\n|\n|t:|1700742555\n|switch|p1a: Garganacl|Garganacl, F|87\/100\n|-damage|p1a: Garganacl|74\/100|[from] Stealth Rock\n|move|p2a: Ditto|Pain Split|p1a: Garganacl\n|-sethp|p1a: Garganacl|69\/100|[from] move: Pain Split|[silent]\n|-sethp|p2a: Ditto|93\/100|[from] move: Pain Split\n|\n|-heal|p1a: Garganacl|75\/100|[from] item: Leftovers\n|upkeep\n|turn|25\n|\n|t:|1700742563\n|switch|p2a: Arceus|Arceus-Dark|89\/100\n|move|p1a: Garganacl|Stealth Rock|p2a: Arceus\n|-sidestart|p2: Soyeon is a cutie|move: Stealth Rock\n|\n|-heal|p1a: Garganacl|82\/100|[from] item: Leftovers\n|upkeep\n|turn|26\n|\n|t:|1700742571\n|move|p2a: Arceus|Taunt|p1a: Garganacl\n|-start|p1a: Garganacl|move: Taunt\n|move|p1a: Garganacl|Salt Cure|p2a: Arceus\n|-damage|p2a: Arceus|80\/100\n|-start|p2a: Arceus|Salt Cure\n|\n|-heal|p1a: Garganacl|88\/100|[from] item: Leftovers\n|-damage|p2a: Arceus|68\/100|[from] Salt Cure\n|upkeep\n|turn|27\n|\n|t:|1700742579\n|switch|p2a: Kyogre|Kyogre|36\/100\n|-damage|p2a: Kyogre|24\/100|[from] Stealth Rock\n|-weather|RainDance|[from] ability: Drizzle|[of] p2a: Kyogre\n|move|p1a: Garganacl|Salt Cure|p2a: Kyogre\n|-damage|p2a: Kyogre|10\/100\n|-start|p2a: Kyogre|Salt Cure\n|\n|-weather|RainDance|[upkeep]\n|-heal|p1a: Garganacl|94\/100|[from] item: Leftovers\n|-damage|p2a: Kyogre|0 fnt|[from] Salt Cure\n|faint|p2a: Kyogre\n|upkeep\n|\n|t:|1700742582\n|switch|p2a: Giratina|Giratina-Origin|48\/100\n|-damage|p2a: Giratina|36\/100|[from] Stealth Rock\n|turn|28\n|\n|t:|1700742586\n|move|p2a: Giratina|Hex|p1a: Garganacl\n|-damage|p1a: Garganacl|81\/100\n|move|p1a: Garganacl|Salt Cure|p2a: Giratina\n|-damage|p2a: Giratina|28\/100\n|-start|p2a: Giratina|Salt Cure\n|\n|-weather|RainDance|[upkeep]\n|-heal|p1a: Garganacl|88\/100|[from] item: Leftovers\n|-damage|p2a: Giratina|16\/100|[from] Salt Cure\n|-end|p1a: Garganacl|move: Taunt\n|upkeep\n|turn|29\n|\n|t:|1700742596\n|switch|p1a: Magearna|Magearna|77\/100\n|-damage|p1a: Magearna|71\/100|[from] Stealth Rock\n|move|p2a: Giratina|Draco Meteor|p1a: Magearna\n|-immune|p1a: Magearna\n|\n|-weather|RainDance|[upkeep]\n|-heal|p1a: Magearna|77\/100|[from] item: Leftovers\n|-damage|p2a: Giratina|4\/100|[from] Salt Cure\n|upkeep\n|turn|30\n|\n|t:|1700742608\n|move|p2a: Giratina|Hex|p1a: Magearna\n|-damage|p1a: Magearna|56\/100\n|move|p1a: Magearna|Fleur Cannon|p2a: Giratina\n|-supereffective|p2a: Giratina\n|-damage|p2a: Giratina|0 fnt\n|-unboost|p1a: Magearna|spa|2\n|faint|p2a: Giratina\n|-ability|p1a: Magearna|Soul-Heart|boost\n|-boost|p1a: Magearna|spa|1\n|\n|-weather|RainDance|[upkeep]\n|-heal|p1a: Magearna|62\/100|[from] item: Leftovers\n|upkeep\n|\n|t:|1700742617\n|switch|p2a: Arceus|Arceus-Dark|68\/100\n|-damage|p2a: Arceus|55\/100|[from] Stealth Rock\n|turn|31\n|\n|t:|1700742622\n|switch|p1a: Garganacl|Garganacl, F|88\/100\n|-damage|p1a: Garganacl|75\/100|[from] Stealth Rock\n|-terastallize|p2a: Arceus|Poison\n|move|p2a: Arceus|Taunt|p1a: Garganacl\n|-start|p1a: Garganacl|move: Taunt\n|\n|-weather|none\n|-heal|p1a: Garganacl|81\/100|[from] item: Leftovers\n|upkeep\n|turn|32\n|\n|t:|1700742626\n|move|p2a: Arceus|Recover|p2a: Arceus\n|-heal|p2a: Arceus|100\/100\n|move|p1a: Garganacl|Salt Cure|p2a: Arceus\n|-damage|p2a: Arceus|91\/100\n|-start|p2a: Arceus|Salt Cure\n|\n|-heal|p1a: Garganacl|88\/100|[from] item: Leftovers\n|-damage|p2a: Arceus|79\/100|[from] Salt Cure\n|upkeep\n|turn|33\n|\n|t:|1700742636\n|switch|p2a: Ditto|Ditto, shiny|93\/100\n|-damage|p2a: Ditto|81\/100|[from] Stealth Rock\n|-transform|p2a: Ditto|p1a: Garganacl|[from] ability: Imposter\n|move|p1a: Garganacl|Salt Cure|p2a: Ditto\n|-damage|p2a: Ditto|71\/100\n|-start|p2a: Ditto|Salt Cure\n|\n|-heal|p1a: Garganacl|94\/100|[from] item: Leftovers\n|-damage|p2a: Ditto|58\/100|[from] Salt Cure\n|-end|p1a: Garganacl|move: Taunt\n|upkeep\n|turn|34\n|\n|t:|1700742651\n|move|p1a: Garganacl|Protect|p1a: Garganacl\n|-singleturn|p1a: Garganacl|Protect\n|move|p2a: Ditto|Salt Cure|p1a: Garganacl\n|-activate|p1a: Garganacl|move: Protect\n|\n|-heal|p1a: Garganacl|99\/100|[from] item: Leftovers\n|-damage|p2a: Ditto|46\/100|[from] Salt Cure\n|upkeep\n|turn|35\n|\n|t:|1700742660\n|switch|p1a: Zygarde|Zygarde|100\/100\n|-damage|p1a: Zygarde|94\/100|[from] Stealth Rock\n|move|p2a: Ditto|Salt Cure|p1a: Zygarde\n|-resisted|p1a: Zygarde\n|-damage|p1a: Zygarde|90\/100\n|-start|p1a: Zygarde|Salt Cure\n|\n|-heal|p1a: Zygarde|96\/100|[from] item: Leftovers\n|-damage|p1a: Zygarde|84\/100|[from] Salt Cure\n|-damage|p2a: Ditto|34\/100|[from] Salt Cure\n|upkeep\n|turn|36\n|\n|t:|1700742672\n|switch|p1a: Garganacl|Garganacl, F|99\/100\n|-damage|p1a: Garganacl|88\/100|[from] Stealth Rock\n|switch|p2a: Arceus|Arceus-Dark, tera:Poison|79\/100\n|-damage|p2a: Arceus|67\/100|[from] Stealth Rock\n|\n|-heal|p1a: Garganacl|94\/100|[from] item: Leftovers\n|upkeep\n|turn|37\n|\n|t:|1700742678\n|switch|p2a: Ditto|Ditto, shiny|34\/100\n|-damage|p2a: Ditto|21\/100|[from] Stealth Rock\n|-transform|p2a: Ditto|p1a: Garganacl|[from] ability: Imposter\n|move|p1a: Garganacl|Salt Cure|p2a: Ditto\n|-damage|p2a: Ditto|11\/100\n|-start|p2a: Ditto|Salt Cure\n|\n|-heal|p1a: Garganacl|99\/100|[from] item: Leftovers\n|-damage|p2a: Ditto|0 fnt|[from] Salt Cure\n|faint|p2a: Ditto\n|upkeep\n|-message|Soyeon is a cutie forfeited.\n|\n|win|zomboks134\n|raw|zomboks134's rating: 1620 &rarr; <strong>1650<\/strong><br \/>(+30 for winning)\n|raw|Soyeon is a cutie's rating: 1816 &rarr; <strong>1786<\/strong><br \/>(-30 for losing)\n|l|\u2606Soyeon is a cutie\n","uploadtime":1700742707,"views":9,"p1id":"zomboks134","p2id":"soyeonisacutie","formatid":"gen9nationaldexubers","rating":1650,"private":0,"password":""}