{"id":"gen9nationaldexubers-1997789592","p1":"VastDiscomfort","p2":"LexanneSenpai","format":"[Gen 9] National Dex Ubers","log":"|j|\u2606VastDiscomfort\n|j|\u2606LexanneSenpai\n|t:|1700852900\n|gametype|singles\n|player|p1|VastDiscomfort|red|1251\n|player|p2|LexanneSenpai|rosa|1195\n|teamsize|p1|6\n|teamsize|p2|6\n|gen|9\n|tier|[Gen 9] National Dex Ubers\n|rated|\n|rule|HP Percentage Mod: HP is shown in percentages\n|rule|Endless Battle Clause: Forcing endless battles is banned\n|rule|OHKO Clause: OHKO moves are banned\n|rule|Evasion Moves Clause: Evasion moves are banned\n|rule|Evasion Items Clause: Evasion items are banned\n|rule|Species Clause: Limit one of each Pok\u00e9mon\n|rule|Sleep Clause Mod: Limit one foe put to sleep\n|rule|Mega Rayquaza Clause: You cannot mega evolve Rayquaza\n|clearpoke\n|poke|p1|Mewtwo|\n|poke|p1|Groudon|\n|poke|p1|Kyogre|\n|poke|p1|Zacian-*|\n|poke|p1|Dragapult, M|\n|poke|p1|Shuckle, M|\n|poke|p2|Cyclizar, M|\n|poke|p2|Palafin, F|\n|poke|p2|Lucario, M|\n|poke|p2|Ninetales-Alola, F|\n|poke|p2|Groudon|\n|poke|p2|Roaring Moon|\n|teampreview\n|inactive|Battle timer is ON: inactive players will automatically lose when time's up. (requested by LexanneSenpai)\n|\n|t:|1700852912\n|start\n|switch|p1a: Shuckle|Shuckle, M|100\/100\n|switch|p2a: Ninetales|Ninetales-Alola, F|100\/100\n|-weather|Snow|[from] ability: Snow Warning|[of] p2a: Ninetales\n|turn|1\n|\n|t:|1700852919\n|move|p2a: Ninetales|Aurora Veil|p2a: Ninetales\n|-sidestart|p2: LexanneSenpai|move: Aurora Veil\n|move|p1a: Shuckle|Toxic|p2a: Ninetales\n|-status|p2a: Ninetales|tox\n|\n|-weather|Snow|[upkeep]\n|-damage|p2a: Ninetales|94\/100 tox|[from] psn\n|upkeep\n|turn|2\n|\n|t:|1700852926\n|move|p2a: Ninetales|Hypnosis|p1a: Shuckle\n|-status|p1a: Shuckle|slp|[from] move: Hypnosis\n|cant|p1a: Shuckle|slp\n|\n|-weather|Snow|[upkeep]\n|-damage|p2a: Ninetales|82\/100 tox|[from] psn\n|upkeep\n|turn|3\n|\n|t:|1700852932\n|switch|p2a: Palafin|Palafin, F|100\/100\n|cant|p1a: Shuckle|slp\n|\n|-weather|Snow|[upkeep]\n|upkeep\n|turn|4\n|\n|t:|1700852938\n|move|p2a: Palafin|Flip Turn|p1a: Shuckle\n|-supereffective|p1a: Shuckle\n|-damage|p1a: Shuckle|44\/100 slp\n|-enditem|p1a: Shuckle|Red Card|[of] p2a: Palafin\n|detailschange|p2a: Palafin|Palafin-Hero, F\n|drag|p2a: Roaring Moon|Roaring Moon|100\/100\n|-enditem|p2a: Roaring Moon|Booster Energy\n|-activate|p2a: Roaring Moon|ability: Protosynthesis|[fromitem]\n|-start|p2a: Roaring Moon|protosynthesisatk\n|cant|p1a: Shuckle|slp\n|\n|-weather|Snow|[upkeep]\n|upkeep\n|turn|5\n|\n|t:|1700852949\n|move|p2a: Roaring Moon|Dragon Dance|p2a: Roaring Moon\n|-boost|p2a: Roaring Moon|atk|1\n|-boost|p2a: Roaring Moon|spe|1\n|-curestatus|p1a: Shuckle|slp|[msg]\n|move|p1a: Shuckle|Sticky Web|p2a: Roaring Moon\n|-sidestart|p2: LexanneSenpai|move: Sticky Web\n|\n|-weather|none\n|upkeep\n|turn|6\n|\n|t:|1700852956\n|switch|p1a: Swordward|Zacian-Crowned|100\/100\n|-ability|p1a: Swordward|Intrepid Sword|boost\n|-boost|p1a: Swordward|atk|1\n|move|p2a: Roaring Moon|Dragon Dance|p2a: Roaring Moon\n|-boost|p2a: Roaring Moon|atk|1\n|-boost|p2a: Roaring Moon|spe|1\n|\n|upkeep\n|turn|7\n|\n|t:|1700852969\n|-terastallize|p2a: Roaring Moon|Flying\n|move|p2a: Roaring Moon|Acrobatics|p1a: Swordward\n|-resisted|p1a: Swordward\n|-damage|p1a: Swordward|24\/100\n|move|p1a: Swordward|Play Rough|p2a: Roaring Moon\n|-damage|p2a: Roaring Moon|47\/100\n|\n|upkeep\n|turn|8\n|\n|t:|1700852980\n|switch|p1a: Archie|Kyogre|100\/100\n|detailschange|p1a: Archie|Kyogre-Primal\n|-primal|p1a: Archie|Blue Orb\n|-weather|PrimordialSea|[from] ability: Primordial Sea|[of] p1a: Archie\n|move|p2a: Roaring Moon|Acrobatics|p1a: Archie\n|-damage|p1a: Archie|0 fnt\n|faint|p1a: Archie\n|-weather|none\n|\n|-sideend|p2: LexanneSenpai|move: Aurora Veil\n|upkeep\n|\n|t:|1700852989\n|switch|p1a: Dragapult|Dragapult, M|100\/100\n|turn|9\n|\n|t:|1700852995\n|move|p2a: Roaring Moon|Crunch|p1a: Dragapult\n|-supereffective|p1a: Dragapult\n|-damage|p1a: Dragapult|0 fnt\n|faint|p1a: Dragapult\n|\n|upkeep\n|\n|t:|1700853023\n|switch|p1a: Maxie|Groudon|100\/100\n|detailschange|p1a: Maxie|Groudon-Primal\n|-primal|p1a: Maxie|Red Orb\n|-weather|DesolateLand|[from] ability: Desolate Land|[of] p1a: Maxie\n|turn|10\n|\n|t:|1700853029\n|move|p2a: Roaring Moon|Acrobatics|p1a: Maxie\n|-damage|p1a: Maxie|0 fnt\n|faint|p1a: Maxie\n|-weather|none\n|\n|upkeep\n|\n|t:|1700853036\n|switch|p1a: Shuckle|Shuckle, M|44\/100\n|turn|11\n|\n|t:|1700853040\n|move|p2a: Roaring Moon|Acrobatics|p1a: Shuckle\n|-damage|p1a: Shuckle|0 fnt\n|faint|p1a: Shuckle\n|\n|upkeep\n|\n|t:|1700853045\n|switch|p1a: Giovanni|Mewtwo|100\/100\n|-ability|p1a: Giovanni|Pressure\n|turn|12\n|\n|t:|1700853053\n|detailschange|p1a: Giovanni|Mewtwo-Mega-X\n|-mega|p1a: Giovanni|Mewtwo|Mewtwonite X\n|move|p2a: Roaring Moon|Crunch|p1a: Giovanni\n|-damage|p1a: Giovanni|0 fnt\n|faint|p1a: Giovanni\n|\n|upkeep\n|\n|t:|1700853058\n|switch|p1a: Swordward|Zacian-Crowned|24\/100\n|turn|13\n|\n|t:|1700853061\n|move|p2a: Roaring Moon|Acrobatics|p1a: Swordward\n|-resisted|p1a: Swordward\n|-damage|p1a: Swordward|0 fnt\n|faint|p1a: Swordward\n|\n|win|LexanneSenpai\n|raw|VastDiscomfort's rating: 1251 &rarr; <strong>1222<\/strong><br \/>(-29 for losing)\n|raw|LexanneSenpai's rating: 1195 &rarr; <strong>1224<\/strong><br \/>(+29 for winning)\n|l|\u2606VastDiscomfort\n","uploadtime":1700853072,"views":2,"p1id":"vastdiscomfort","p2id":"lexannesenpai","formatid":"gen9nationaldexubers","rating":1222,"private":0,"password":""}