{"id":"gen9nationaldexubers-1984473011","p1":"Mayler1414","p2":"qzyyyds","format":"[Gen 9] National Dex Ubers","log":"|j|\u2606Mayler1414\n|j|\u2606qzyyyds\n|t:|1699269270\n|gametype|singles\n|player|p1|Mayler1414|lillie-masters2|1482\n|player|p2|qzyyyds|170|1596\n|teamsize|p1|6\n|teamsize|p2|6\n|gen|9\n|tier|[Gen 9] National Dex Ubers\n|rated|\n|rule|HP Percentage Mod: HP is shown in percentages\n|rule|Endless Battle Clause: Forcing endless battles is banned\n|rule|OHKO Clause: OHKO moves are banned\n|rule|Evasion Moves Clause: Evasion moves are banned\n|rule|Evasion Items Clause: Evasion items are banned\n|rule|Species Clause: Limit one of each Pok\u00e9mon\n|rule|Sleep Clause Mod: Limit one foe put to sleep\n|rule|Mega Rayquaza Clause: You cannot mega evolve Rayquaza\n|clearpoke\n|poke|p1|Blissey, F|\n|poke|p1|Giratina-Origin|\n|poke|p1|Sableye, F|\n|poke|p1|Ho-Oh|\n|poke|p1|Zygarde|\n|poke|p1|Toxapex, M|\n|poke|p2|Groudon|\n|poke|p2|Zygarde|\n|poke|p2|Arceus-Fairy|\n|poke|p2|Marshadow|\n|poke|p2|Ho-Oh|\n|poke|p2|Rayquaza|\n|teampreview\n|inactive|Battle timer is ON: inactive players will automatically lose when time's up. (requested by Mayler1414)\n|\n|t:|1699269278\n|start\n|switch|p1a: Giratina|Giratina-Origin|100\/100\n|switch|p2a: Ho-Oh|Ho-Oh|100\/100\n|turn|1\n|\n|t:|1699269287\n|move|p1a: Giratina|Toxic|p2a: Ho-Oh\n|-status|p2a: Ho-Oh|tox\n|move|p2a: Ho-Oh|Thunder Wave|p1a: Giratina\n|-status|p1a: Giratina|par\n|\n|-damage|p2a: Ho-Oh|94\/100 tox|[from] psn\n|upkeep\n|turn|2\n|\n|t:|1699269297\n|switch|p2a: Zygarde|Zygarde|100\/100\n|switch|p1a: Ho-Oh|Ho-Oh|100\/100\n|\n|upkeep\n|turn|3\n|\n|t:|1699269304\n|switch|p1a: Sableye|Sableye, F|100\/100\n|move|p2a: Zygarde|Substitute|p2a: Zygarde\n|-start|p2a: Zygarde|Substitute\n|-damage|p2a: Zygarde|75\/100\n|\n|-heal|p2a: Zygarde|82\/100|[from] item: Leftovers\n|upkeep\n|turn|4\n|\n|t:|1699269311\n|switch|p1a: Ho-Oh|Ho-Oh|100\/100\n|move|p2a: Zygarde|Thousand Arrows|p1a: Ho-Oh\n|-damage|p1a: Ho-Oh|80\/100\n|-start|p1a: Ho-Oh|Smack Down\n|\n|-heal|p2a: Zygarde|88\/100|[from] item: Leftovers\n|upkeep\n|turn|5\n|\n|t:|1699269323\n|move|p2a: Zygarde|Glare|p1a: Ho-Oh\n|-status|p1a: Ho-Oh|par\n|move|p1a: Ho-Oh|Roar|p2a: Zygarde\n|drag|p2a: Marshadow|Marshadow|100\/100\n|\n|upkeep\n|turn|6\n|\n|t:|1699269329\n|switch|p1a: Toxapex|Toxapex, M|100\/100\n|move|p2a: Marshadow|Spectral Thief|p1a: Toxapex\n|-damage|p1a: Toxapex|74\/100\n|-damage|p2a: Marshadow|84\/100|[from] item: Rocky Helmet|[of] p1a: Toxapex\n|\n|upkeep\n|turn|7\n|\n|t:|1699269342\n|switch|p2a: Ho-Oh|Ho-Oh|100\/100 tox\n|move|p1a: Toxapex|Scald|p2a: Ho-Oh\n|-supereffective|p2a: Ho-Oh\n|-damage|p2a: Ho-Oh|87\/100 tox\n|\n|-damage|p2a: Ho-Oh|81\/100 tox|[from] psn\n|upkeep\n|turn|8\n|\n|t:|1699269349\n|switch|p1a: Ho-Oh|Ho-Oh|100\/100 par\n|move|p2a: Ho-Oh|Thunder Wave|p1a: Ho-Oh\n|-fail|p1a: Ho-Oh|par\n|\n|-damage|p2a: Ho-Oh|68\/100 tox|[from] psn\n|upkeep\n|turn|9\n|\n|t:|1699269357\n|switch|p2a: Groudon|Groudon|100\/100\n|detailschange|p2a: Groudon|Groudon-Primal\n|-primal|p2a: Groudon|Red Orb\n|-weather|DesolateLand|[from] ability: Desolate Land|[of] p2a: Groudon\n|move|p1a: Ho-Oh|Toxic|p2a: Groudon\n|-status|p2a: Groudon|tox\n|\n|-weather|DesolateLand|[upkeep]\n|-damage|p2a: Groudon|94\/100 tox|[from] psn\n|upkeep\n|turn|10\n|\n|t:|1699269368\n|switch|p1a: Giratina|Giratina-Origin|100\/100 par\n|move|p2a: Groudon|Dragon Claw|p1a: Giratina\n|-supereffective|p1a: Giratina\n|-damage|p1a: Giratina|64\/100 par\n|\n|-weather|DesolateLand|[upkeep]\n|-damage|p2a: Groudon|82\/100 tox|[from] psn\n|upkeep\n|turn|11\n|\n|t:|1699269385\n|-weather|none\n|switch|p2a: Rayquaza|Rayquaza|100\/100\n|-ability|p2a: Rayquaza|Air Lock\n|move|p1a: Giratina|Draco Meteor|p2a: Rayquaza\n|-supereffective|p2a: Rayquaza\n|-damage|p2a: Rayquaza|0 fnt\n|-unboost|p1a: Giratina|spa|2\n|faint|p2a: Rayquaza\n|\n|upkeep\n|\n|t:|1699269392\n|switch|p2a: Marshadow|Marshadow|84\/100\n|turn|12\n|\n|t:|1699269396\n|switch|p1a: Toxapex|Toxapex, M|100\/100\n|move|p2a: Marshadow|Spectral Thief|p1a: Toxapex\n|-damage|p1a: Toxapex|75\/100\n|-damage|p2a: Marshadow|68\/100|[from] item: Rocky Helmet|[of] p1a: Toxapex\n|\n|upkeep\n|turn|13\n|-message|qzyyyds forfeited.\n|\n|t:|1699269405\n|switch|p2a: Groudon|Groudon-Primal|82\/100 tox\n|-weather|DesolateLand|[from] ability: Desolate Land|[of] p2a: Groudon\n|move|p1a: Toxapex|Scald||[still]\n|-fail|p1a: Toxapex|Scald|[from] Desolate Land\n|\n|-weather|DesolateLand|[upkeep]\n|-damage|p2a: Groudon|76\/100 tox|[from] psn\n|upkeep\n|turn|14\n|\n|win|Mayler1414\n|raw|Mayler1414's rating: 1482 &rarr; <strong>1508<\/strong><br \/>(+26 for winning)\n|raw|qzyyyds's rating: 1596 &rarr; <strong>1570<\/strong><br \/>(-26 for losing)\n|l|\u2606qzyyyds\n","uploadtime":1699269452,"views":5,"p1id":"mayler1414","p2id":"qzyyyds","formatid":"gen9nationaldexubers","rating":1508,"private":0,"password":""}