{"id":"gen9nationaldexubers-1979507249","p1":"Munchback","p2":"DedNan2","format":"[Gen 9] National Dex Ubers","log":"|j|\u2606Munchback\n|j|\u2606DedNan2\n|t:|1698688126\n|gametype|singles\n|player|p1|Munchback|veteran|1231\n|player|p2|DedNan2|cynthia-gen4|1139\n|teamsize|p1|6\n|teamsize|p2|6\n|gen|9\n|tier|[Gen 9] National Dex Ubers\n|rated|\n|rule|HP Percentage Mod: HP is shown in percentages\n|rule|Endless Battle Clause: Forcing endless battles is banned\n|rule|OHKO Clause: OHKO moves are banned\n|rule|Evasion Moves Clause: Evasion moves are banned\n|rule|Evasion Items Clause: Evasion items are banned\n|rule|Species Clause: Limit one of each Pok\u00e9mon\n|rule|Sleep Clause Mod: Limit one foe put to sleep\n|rule|Mega Rayquaza Clause: You cannot mega evolve Rayquaza\n|clearpoke\n|poke|p1|Ursaluna, F|\n|poke|p1|Venusaur, M|\n|poke|p1|Trevenant, M|\n|poke|p1|Zoroark-Hisui, M|\n|poke|p1|Komala, M|\n|poke|p1|Meowscarada, F|\n|poke|p2|Blaziken, F|\n|poke|p2|Hatterene, F|\n|poke|p2|Zygarde|\n|poke|p2|Kartana|\n|poke|p2|Honchkrow, F|\n|poke|p2|Suicune|\n|teampreview\n|inactive|Battle timer is ON: inactive players will automatically lose when time's up. (requested by DedNan2)\n|\n|t:|1698688164\n|start\n|switch|p1a: Meowscarada|Meowscarada, F|100\/100\n|switch|p2a: Blaziken|Blaziken, F, shiny|100\/100\n|turn|1\n|\n|t:|1698688174\n|detailschange|p2a: Blaziken|Blaziken-Mega, F, shiny\n|-mega|p2a: Blaziken|Blaziken|Blazikenite\n|move|p2a: Blaziken|Detect|p2a: Blaziken\n|-singleturn|p2a: Blaziken|Protect\n|move|p1a: Meowscarada|U-turn|p2a: Blaziken\n|-start|p1a: Meowscarada|typechange|Bug|[from] ability: Protean\n|-activate|p2a: Blaziken|move: Protect\n|\n|-ability|p2a: Blaziken|Speed Boost|boost\n|-boost|p2a: Blaziken|spe|1\n|upkeep\n|turn|2\n|\n|t:|1698688187\n|switch|p1a: Trevenant|Trevenant, M, shiny|100\/100\n|move|p2a: Blaziken|Blaze Kick|p1a: Trevenant\n|-damage|p1a: Trevenant|0 fnt\n|replace|p1a: Zoroark|Zoroark-Hisui, M\n|-end|p1a: Zoroark|Illusion\n|faint|p1a: Zoroark\n|\n|-ability|p2a: Blaziken|Speed Boost|boost\n|-boost|p2a: Blaziken|spe|1\n|upkeep\n|\n|t:|1698688194\n|switch|p1a: Venusaur|Venusaur, M|100\/100\n|turn|3\n|\n|t:|1698688200\n|detailschange|p1a: Venusaur|Venusaur-Mega, M\n|-mega|p1a: Venusaur|Venusaur|Venusaurite\n|move|p2a: Blaziken|Blaze Kick|p1a: Venusaur\n|-supereffective|p1a: Venusaur\n|-crit|p1a: Venusaur\n|-damage|p1a: Venusaur|36\/100\n|move|p1a: Venusaur|Leech Seed|p2a: Blaziken\n|-start|p2a: Blaziken|move: Leech Seed\n|\n|-damage|p2a: Blaziken|88\/100|[from] Leech Seed|[of] p1a: Venusaur\n|-heal|p1a: Venusaur|48\/100|[silent]\n|-ability|p2a: Blaziken|Speed Boost|boost\n|-boost|p2a: Blaziken|spe|1\n|upkeep\n|turn|4\n|\n|t:|1698688212\n|move|p1a: Venusaur|Protect|p1a: Venusaur\n|-singleturn|p1a: Venusaur|Protect\n|move|p2a: Blaziken|Blaze Kick|p1a: Venusaur\n|-activate|p1a: Venusaur|move: Protect\n|\n|-damage|p2a: Blaziken|76\/100|[from] Leech Seed|[of] p1a: Venusaur\n|-heal|p1a: Venusaur|60\/100|[silent]\n|-ability|p2a: Blaziken|Speed Boost|boost\n|-boost|p2a: Blaziken|spe|1\n|upkeep\n|turn|5\n|\n|t:|1698688221\n|move|p2a: Blaziken|Bulk Up|p2a: Blaziken\n|-boost|p2a: Blaziken|atk|1\n|-boost|p2a: Blaziken|def|1\n|move|p1a: Venusaur|Toxic|p2a: Blaziken\n|-status|p2a: Blaziken|tox\n|\n|-damage|p2a: Blaziken|64\/100 tox|[from] Leech Seed|[of] p1a: Venusaur\n|-heal|p1a: Venusaur|72\/100|[silent]\n|-damage|p2a: Blaziken|58\/100 tox|[from] psn\n|-ability|p2a: Blaziken|Speed Boost|boost\n|-boost|p2a: Blaziken|spe|1\n|upkeep\n|turn|6\n|\n|t:|1698688232\n|move|p1a: Venusaur|Protect|p1a: Venusaur\n|-singleturn|p1a: Venusaur|Protect\n|move|p2a: Blaziken|Bulk Up|p2a: Blaziken\n|-boost|p2a: Blaziken|atk|1\n|-boost|p2a: Blaziken|def|1\n|\n|-damage|p2a: Blaziken|46\/100 tox|[from] Leech Seed|[of] p1a: Venusaur\n|-heal|p1a: Venusaur|84\/100|[silent]\n|-damage|p2a: Blaziken|34\/100 tox|[from] psn\n|-ability|p2a: Blaziken|Speed Boost|boost\n|-boost|p2a: Blaziken|spe|1\n|upkeep\n|turn|7\n|\n|t:|1698688245\n|move|p2a: Blaziken|Blaze Kick|p1a: Venusaur|[miss]\n|-miss|p2a: Blaziken|p1a: Venusaur\n|move|p1a: Venusaur|Giga Drain|p2a: Blaziken\n|-resisted|p2a: Blaziken\n|-damage|p2a: Blaziken|10\/100 tox\n|-heal|p1a: Venusaur|96\/100|[from] drain|[of] p2a: Blaziken\n|\n|-damage|p2a: Blaziken|0 fnt|[from] Leech Seed|[of] p1a: Venusaur\n|-heal|p1a: Venusaur|100\/100|[silent]\n|faint|p2a: Blaziken\n|upkeep\n|\n|t:|1698688257\n|switch|p2a: Honchkrow|Honchkrow, F, shiny|100\/100\n|turn|8\n|\n|t:|1698688264\n|move|p1a: Venusaur|Toxic|p2a: Honchkrow\n|-status|p2a: Honchkrow|tox\n|move|p2a: Honchkrow|Drill Peck|p1a: Venusaur\n|-supereffective|p1a: Venusaur\n|-damage|p1a: Venusaur|26\/100\n|\n|-damage|p2a: Honchkrow|94\/100 tox|[from] psn\n|upkeep\n|turn|9\n|\n|t:|1698688273\n|switch|p1a: Ursaluna|Ursaluna, F|100\/100\n|move|p2a: Honchkrow|Night Slash|p1a: Ursaluna\n|-damage|p1a: Ursaluna|71\/100\n|\n|-heal|p2a: Honchkrow|100\/100 tox|[from] item: Leftovers\n|-damage|p2a: Honchkrow|88\/100 tox|[from] psn\n|-status|p1a: Ursaluna|brn|[from] item: Flame Orb\n|upkeep\n|turn|10\n|\n|t:|1698688285\n|move|p2a: Honchkrow|Brave Bird|p1a: Ursaluna\n|-damage|p1a: Ursaluna|22\/100 brn\n|-damage|p2a: Honchkrow|69\/100 tox|[from] Recoil\n|move|p1a: Ursaluna|Avalanche|p2a: Honchkrow\n|-supereffective|p2a: Honchkrow\n|-damage|p2a: Honchkrow|0 fnt\n|faint|p2a: Honchkrow\n|\n|-damage|p1a: Ursaluna|16\/100 brn|[from] brn\n|upkeep\n|\n|t:|1698688298\n|switch|p2a: Kartana|Kartana, shiny|100\/100\n|turn|11\n|\n|t:|1698688306\n|move|p2a: Kartana|Leaf Blade|p1a: Ursaluna\n|-supereffective|p1a: Ursaluna\n|-crit|p1a: Ursaluna\n|-damage|p1a: Ursaluna|0 fnt\n|faint|p1a: Ursaluna\n|-ability|p2a: Kartana|Beast Boost|boost\n|-boost|p2a: Kartana|atk|1\n|-damage|p2a: Kartana|90\/100|[from] item: Life Orb\n|\n|upkeep\n|\n|t:|1698688311\n|switch|p1a: Trevenant|Trevenant, M, shiny|100\/100\n|turn|12\n|\n|t:|1698688329\n|move|p2a: Kartana|Swords Dance|p2a: Kartana\n|-boost|p2a: Kartana|atk|2\n|move|p1a: Trevenant|Will-O-Wisp|p2a: Kartana\n|-status|p2a: Kartana|brn\n|\n|-damage|p2a: Kartana|84\/100 brn|[from] brn\n|upkeep\n|turn|13\n|\n|t:|1698688338\n|move|p2a: Kartana|Leaf Blade|p1a: Trevenant\n|-resisted|p1a: Trevenant\n|-damage|p1a: Trevenant|45\/100\n|-enditem|p1a: Trevenant|Sitrus Berry|[eat]\n|-heal|p1a: Trevenant|70\/100|[from] item: Sitrus Berry\n|-damage|p2a: Kartana|74\/100 brn|[from] item: Life Orb\n|move|p1a: Trevenant|Substitute|p1a: Trevenant\n|-start|p1a: Trevenant|Substitute\n|-damage|p1a: Trevenant|45\/100\n|\n|-damage|p2a: Kartana|68\/100 brn|[from] brn\n|-item|p1a: Trevenant|Sitrus Berry|[from] ability: Harvest\n|upkeep\n|-enditem|p1a: Trevenant|Sitrus Berry|[eat]\n|-heal|p1a: Trevenant|70\/100|[from] item: Sitrus Berry\n|turn|14\n|\n|t:|1698688358\n|move|p2a: Kartana|Giga Drain|p1a: Trevenant\n|-resisted|p1a: Trevenant\n|-activate|p1a: Trevenant|move: Substitute|[damage]\n|-heal|p2a: Kartana|74\/100 brn|[from] drain|[of] p1a: Trevenant\n|-damage|p2a: Kartana|64\/100 brn|[from] item: Life Orb\n|move|p1a: Trevenant|Phantom Force||[still]\n|-prepare|p1a: Trevenant|Phantom Force\n|\n|-damage|p2a: Kartana|58\/100 brn|[from] brn\n|-item|p1a: Trevenant|Sitrus Berry|[from] ability: Harvest\n|upkeep\n|turn|15\n|\n|t:|1698688369\n|move|p2a: Kartana|Leaf Blade|p1a: Trevenant|[miss]\n|-miss|p2a: Kartana|p1a: Trevenant\n|move|p1a: Trevenant|Phantom Force|p2a: Kartana|[from]lockedmove\n|-damage|p2a: Kartana|22\/100 brn\n|\n|-damage|p2a: Kartana|16\/100 brn|[from] brn\n|upkeep\n|turn|16\n|\n|t:|1698688378\n|move|p2a: Kartana|Leaf Blade|p1a: Trevenant\n|-resisted|p1a: Trevenant\n|-end|p1a: Trevenant|Substitute\n|-damage|p2a: Kartana|6\/100 brn|[from] item: Life Orb\n|move|p1a: Trevenant|Substitute|p1a: Trevenant\n|-start|p1a: Trevenant|Substitute\n|-damage|p1a: Trevenant|45\/100\n|-enditem|p1a: Trevenant|Sitrus Berry|[eat]\n|-heal|p1a: Trevenant|70\/100|[from] item: Sitrus Berry\n|\n|-damage|p2a: Kartana|0 fnt|[from] brn\n|faint|p2a: Kartana\n|upkeep\n|\n|t:|1698688392\n|switch|p2a: Suicune|Suicune, shiny|100\/100\n|-ability|p2a: Suicune|Pressure\n|turn|17\n|\n|t:|1698688398\n|move|p2a: Suicune|Calm Mind|p2a: Suicune\n|-boost|p2a: Suicune|spa|1\n|-boost|p2a: Suicune|spd|1\n|move|p1a: Trevenant|Leech Seed|p2a: Suicune\n|-start|p2a: Suicune|move: Leech Seed\n|\n|-damage|p2a: Suicune|88\/100|[from] Leech Seed|[of] p1a: Trevenant\n|-heal|p1a: Trevenant|83\/100|[silent]\n|upkeep\n|turn|18\n|\n|t:|1698688407\n|switch|p2a: Hatterene|Hatterene, F, shiny|100\/100\n|move|p1a: Trevenant|Phantom Force||[still]\n|-prepare|p1a: Trevenant|Phantom Force\n|\n|upkeep\n|turn|19\n|\n|t:|1698688414\n|move|p1a: Trevenant|Phantom Force|p2a: Hatterene|[from]lockedmove\n|-supereffective|p2a: Hatterene\n|-damage|p2a: Hatterene|19\/100\n|move|p2a: Hatterene|Calm Mind|p2a: Hatterene\n|-boost|p2a: Hatterene|spa|1\n|-boost|p2a: Hatterene|spd|1\n|\n|-heal|p2a: Hatterene|25\/100|[from] item: Leftovers\n|-item|p1a: Trevenant|Sitrus Berry|[from] ability: Harvest\n|upkeep\n|turn|20\n|\n|t:|1698688433\n|move|p1a: Trevenant|Phantom Force||[still]\n|-prepare|p1a: Trevenant|Phantom Force\n|move|p2a: Hatterene|Calm Mind|p2a: Hatterene\n|-boost|p2a: Hatterene|spa|1\n|-boost|p2a: Hatterene|spd|1\n|\n|-heal|p2a: Hatterene|31\/100|[from] item: Leftovers\n|upkeep\n|turn|21\n|\n|t:|1698688445\n|move|p1a: Trevenant|Phantom Force|p2a: Hatterene|[from]lockedmove\n|-supereffective|p2a: Hatterene\n|-damage|p2a: Hatterene|0 fnt\n|faint|p2a: Hatterene\n|\n|upkeep\n|inactive|DedNan2 has 120 seconds left.\n|n|\u2606DedNan2|dednan2\n|inactive|DedNan2 has 90 seconds left.\n|c|\u2606DedNan2|Yawn.\n|c|\u2606Munchback|It's you we're waiting for...\n|n|\u203dDedNan2|dednan2\n|-message|DedNan2 forfeited.\n|\n|win|Munchback\n|raw|Munchback's rating: 1231 &rarr; <strong>1250<\/strong><br \/>(+19 for winning)\n|raw|DedNan2's rating: 1139 &rarr; <strong>1120<\/strong><br \/>(-19 for losing)\n|l|\u203dDedNan2\n","uploadtime":1698688512,"views":8,"p1id":"munchback","p2id":"dednan2","formatid":"gen9nationaldexubers","rating":1120,"private":0,"password":""}