{"id":"gen9nationaldexubers-1988095987","p1":"kitmash","p2":"danish13","format":"[Gen 9] National Dex Ubers","log":"|j|\u2606kitmash\n|j|\u2606danish13\n|t:|1699669005\n|gametype|singles\n|player|p1|kitmash|101|1574\n|player|p2|danish13|lance|1519\n|teamsize|p1|6\n|teamsize|p2|6\n|gen|9\n|tier|[Gen 9] National Dex Ubers\n|rated|\n|rule|HP Percentage Mod: HP is shown in percentages\n|rule|Endless Battle Clause: Forcing endless battles is banned\n|rule|OHKO Clause: OHKO moves are banned\n|rule|Evasion Moves Clause: Evasion moves are banned\n|rule|Evasion Items Clause: Evasion items are banned\n|rule|Species Clause: Limit one of each Pok\u00e9mon\n|rule|Sleep Clause Mod: Limit one foe put to sleep\n|rule|Mega Rayquaza Clause: You cannot mega evolve Rayquaza\n|clearpoke\n|poke|p1|Ursaluna-Bloodmoon, M|\n|poke|p1|Chi-Yu|\n|poke|p1|Salamence, F|\n|poke|p1|Arceus-Poison|\n|poke|p1|Lugia|\n|poke|p1|Zacian-*|\n|poke|p2|Salamence, M|\n|poke|p2|Groudon|\n|poke|p2|Yveltal|\n|poke|p2|Rayquaza|\n|poke|p2|Dracovish|\n|poke|p2|Palkia|\n|teampreview\n|inactive|Battle timer is ON: inactive players will automatically lose when time's up. (requested by danish13)\n|\n|t:|1699669027\n|start\n|switch|p1a: Chi-Yu|Chi-Yu|100\/100\n|switch|p2a: Rayquaza|Rayquaza|100\/100\n|-ability|p2a: Rayquaza|Air Lock\n|-ability|p1a: Chi-Yu|Beads of Ruin\n|turn|1\n|\n|t:|1699669036\n|switch|p1a: Arceus|Arceus-Poison|100\/100\n|-terastallize|p2a: Rayquaza|Normal\n|move|p2a: Rayquaza|Extreme Speed|p1a: Arceus\n|-damage|p1a: Arceus|71\/100\n|-damage|p2a: Rayquaza|91\/100|[from] item: Life Orb\n|\n|upkeep\n|turn|2\n|\n|t:|1699669046\n|move|p2a: Rayquaza|Earthquake|p1a: Arceus\n|-supereffective|p1a: Arceus\n|-damage|p1a: Arceus|23\/100\n|-damage|p2a: Rayquaza|81\/100|[from] item: Life Orb\n|move|p1a: Arceus|Will-O-Wisp|p2a: Rayquaza\n|-status|p2a: Rayquaza|brn\n|\n|-damage|p2a: Rayquaza|75\/100 brn|[from] brn\n|upkeep\n|turn|3\n|\n|t:|1699669059\n|switch|p1a: Salamence|Salamence, F|100\/100\n|-ability|p1a: Salamence|Intimidate|boost\n|-unboost|p2a: Rayquaza|atk|1\n|move|p2a: Rayquaza|Swords Dance|p2a: Rayquaza\n|-boost|p2a: Rayquaza|atk|2\n|\n|-damage|p2a: Rayquaza|69\/100 brn|[from] brn\n|upkeep\n|turn|4\n|\n|t:|1699669071\n|detailschange|p1a: Salamence|Salamence-Mega, F\n|-mega|p1a: Salamence|Salamence|Salamencite\n|move|p2a: Rayquaza|Scale Shot|p1a: Salamence\n|-supereffective|p1a: Salamence\n|-damage|p1a: Salamence|85\/100\n|-supereffective|p1a: Salamence\n|-damage|p1a: Salamence|70\/100\n|-supereffective|p1a: Salamence\n|-damage|p1a: Salamence|56\/100\n|-supereffective|p1a: Salamence\n|-damage|p1a: Salamence|40\/100\n|-supereffective|p1a: Salamence\n|-damage|p1a: Salamence|24\/100\n|-hitcount|p1a: Salamence|5\n|-unboost|p2a: Rayquaza|def|1\n|-boost|p2a: Rayquaza|spe|1\n|-damage|p2a: Rayquaza|59\/100 brn|[from] item: Life Orb\n|move|p1a: Salamence|Double-Edge|p2a: Rayquaza\n|-damage|p2a: Rayquaza|0 fnt\n|faint|p2a: Rayquaza\n|-damage|p1a: Salamence|7\/100|[from] Recoil\n|\n|upkeep\n|inactive|danish13 has 120 seconds left.\n|\n|t:|1699669112\n|switch|p2a: Dracovish|Dracovish|100\/100\n|turn|5\n|j| 1 em trach thu\n|\n|t:|1699669130\n|move|p2a: Dracovish|Psychic Fangs|p1a: Salamence\n|-damage|p1a: Salamence|0 fnt\n|faint|p1a: Salamence\n|\n|upkeep\n|\n|t:|1699669137\n|switch|p1a: Chi-Yu|Chi-Yu|100\/100\n|-ability|p1a: Chi-Yu|Beads of Ruin\n|turn|6\n|inactive|danish13 has 120 seconds left.\n|\n|t:|1699669144\n|switch|p2a: Yveltal|Yveltal|100\/100\n|-ability|p2a: Yveltal|Dark Aura\n|move|p1a: Chi-Yu|Overheat|p2a: Yveltal\n|-damage|p2a: Yveltal|0 fnt\n|-unboost|p1a: Chi-Yu|spa|2\n|faint|p2a: Yveltal\n|\n|upkeep\n|inactive|danish13 has 120 seconds left.\n|\n|t:|1699669153\n|switch|p2a: Salamence|Salamence, M|100\/100\n|-ability|p2a: Salamence|Intimidate|boost\n|-unboost|p1a: Chi-Yu|atk|1\n|turn|7\n|\n|t:|1699669164\n|switch|p1a: Ursaluna|Ursaluna-Bloodmoon, M|100\/100\n|detailschange|p2a: Salamence|Salamence-Mega, M\n|-mega|p2a: Salamence|Salamence|Salamencite\n|move|p2a: Salamence|Dragon Dance|p2a: Salamence\n|-boost|p2a: Salamence|atk|1\n|-boost|p2a: Salamence|spe|1\n|\n|upkeep\n|turn|8\n|inactive|danish13 has 120 seconds left.\n|\n|t:|1699669179\n|move|p2a: Salamence|Double-Edge|p1a: Ursaluna\n|-damage|p1a: Ursaluna|15\/100\n|-damage|p2a: Salamence|64\/100|[from] Recoil\n|move|p1a: Ursaluna|Blood Moon|p2a: Salamence\n|-damage|p2a: Salamence|0 fnt\n|faint|p2a: Salamence\n|\n|upkeep\n|inactive|danish13 has 120 seconds left.\n|\n|t:|1699669191\n|switch|p2a: Dracovish|Dracovish|100\/100\n|turn|9\n|inactive|danish13 has 120 seconds left.\n|\n|t:|1699669204\n|move|p2a: Dracovish|Fishious Rend|p1a: Ursaluna\n|-supereffective|p1a: Ursaluna\n|-damage|p1a: Ursaluna|0 fnt\n|faint|p1a: Ursaluna\n|\n|upkeep\n|\n|t:|1699669215\n|switch|p1a: Lugia|Lugia|100\/100\n|turn|10\n|inactive|danish13 has 120 seconds left.\n|\n|t:|1699669245\n|switch|p2a: Palkia|Palkia|100\/100\n|-ability|p2a: Palkia|Pressure\n|-terastallize|p1a: Lugia|Grass\n|move|p1a: Lugia|Toxic|p2a: Palkia\n|-status|p2a: Palkia|tox\n|\n|-damage|p2a: Palkia|94\/100 tox|[from] psn\n|upkeep\n|turn|11\n|\n|t:|1699669261\n|switch|p1a: Arceus|Arceus-Poison|23\/100\n|move|p2a: Palkia|Flamethrower|p1a: Arceus\n|-damage|p1a: Arceus|0 fnt\n|faint|p1a: Arceus\n|-damage|p2a: Palkia|84\/100 tox|[from] item: Life Orb\n|\n|-damage|p2a: Palkia|72\/100 tox|[from] psn\n|upkeep\n|\n|t:|1699669277\n|switch|p1a: Chi-Yu|Chi-Yu|100\/100\n|-ability|p1a: Chi-Yu|Beads of Ruin\n|turn|12\n|\n|t:|1699669286\n|move|p2a: Palkia|Spacial Rend|p1a: Chi-Yu\n|-damage|p1a: Chi-Yu|21\/100\n|-damage|p2a: Palkia|62\/100 tox|[from] item: Life Orb\n|move|p1a: Chi-Yu|Dark Pulse|p2a: Palkia\n|-damage|p2a: Palkia|0 fnt\n|faint|p2a: Palkia\n|\n|upkeep\n|\n|t:|1699669293\n|switch|p2a: Dracovish|Dracovish|100\/100\n|turn|13\n|\n|t:|1699669298\n|switch|p1a: Lugia|Lugia, tera:Grass|100\/100\n|move|p2a: Dracovish|Fishious Rend|p1a: Lugia\n|-resisted|p1a: Lugia\n|-damage|p1a: Lugia|85\/100\n|\n|upkeep\n|turn|14\n|\n|t:|1699669315\n|switch|p2a: Groudon|Groudon|100\/100\n|detailschange|p2a: Groudon|Groudon-Primal\n|-primal|p2a: Groudon|Red Orb\n|-weather|DesolateLand|[from] ability: Desolate Land|[of] p2a: Groudon\n|move|p1a: Lugia|Toxic|p2a: Groudon\n|-status|p2a: Groudon|tox\n|\n|-weather|DesolateLand|[upkeep]\n|-damage|p2a: Groudon|94\/100 tox|[from] psn\n|upkeep\n|turn|15\n|\n|t:|1699669324\n|switch|p1a: Zacian|Zacian-Crowned|100\/100\n|-ability|p1a: Zacian|Intrepid Sword|boost\n|-boost|p1a: Zacian|atk|1\n|move|p2a: Groudon|Fire Punch|p1a: Zacian\n|-supereffective|p1a: Zacian\n|-damage|p1a: Zacian|0 fnt\n|faint|p1a: Zacian\n|\n|-weather|DesolateLand|[upkeep]\n|-damage|p2a: Groudon|82\/100 tox|[from] psn\n|upkeep\n|\n|t:|1699669333\n|switch|p1a: Chi-Yu|Chi-Yu|21\/100\n|-ability|p1a: Chi-Yu|Beads of Ruin\n|turn|16\n|\n|t:|1699669350\n|move|p1a: Chi-Yu|Dark Pulse|p2a: Groudon\n|-damage|p2a: Groudon|0 fnt\n|faint|p2a: Groudon\n|-weather|none\n|\n|upkeep\n|\n|t:|1699669355\n|switch|p2a: Dracovish|Dracovish|100\/100\n|turn|17\n|\n|t:|1699669358\n|move|p2a: Dracovish|Ice Fang|p1a: Chi-Yu\n|-resisted|p1a: Chi-Yu\n|-damage|p1a: Chi-Yu|0 fnt\n|faint|p1a: Chi-Yu\n|\n|upkeep\n|\n|t:|1699669363\n|switch|p1a: Lugia|Lugia, tera:Grass|85\/100\n|turn|18\n|\n|t:|1699669375\n|move|p2a: Dracovish|Ice Fang|p1a: Lugia\n|-supereffective|p1a: Lugia\n|-damage|p1a: Lugia|49\/100\n|move|p1a: Lugia|Roost|p1a: Lugia\n|-heal|p1a: Lugia|99\/100\n|\n|upkeep\n|turn|19\n|\n|t:|1699669383\n|move|p2a: Dracovish|Ice Fang|p1a: Lugia\n|-supereffective|p1a: Lugia\n|-damage|p1a: Lugia|62\/100\n|move|p1a: Lugia|Roost|p1a: Lugia\n|-heal|p1a: Lugia|100\/100\n|\n|upkeep\n|turn|20\n|\n|t:|1699669389\n|move|p2a: Dracovish|Ice Fang|p1a: Lugia\n|-supereffective|p1a: Lugia\n|-damage|p1a: Lugia|84\/100\n|move|p1a: Lugia|Toxic|p2a: Dracovish\n|-status|p2a: Dracovish|tox\n|\n|-damage|p2a: Dracovish|94\/100 tox|[from] psn\n|upkeep\n|turn|21\n|\n|t:|1699669397\n|move|p2a: Dracovish|Ice Fang|p1a: Lugia\n|-supereffective|p1a: Lugia\n|-crit|p1a: Lugia\n|-damage|p1a: Lugia|33\/100\n|move|p1a: Lugia|Roost|p1a: Lugia\n|-heal|p1a: Lugia|83\/100\n|\n|-damage|p2a: Dracovish|82\/100 tox|[from] psn\n|upkeep\n|turn|22\n|\n|t:|1699669405\n|move|p2a: Dracovish|Ice Fang|p1a: Lugia\n|-supereffective|p1a: Lugia\n|-damage|p1a: Lugia|48\/100\n|move|p1a: Lugia|Roost|p1a: Lugia\n|-heal|p1a: Lugia|98\/100\n|\n|-damage|p2a: Dracovish|63\/100 tox|[from] psn\n|upkeep\n|turn|23\n|-message|danish13 forfeited.\n|\n|win|kitmash\n|raw|kitmash's rating: 1574 &rarr; <strong>1591<\/strong><br \/>(+17 for winning)\n|raw|danish13's rating: 1519 &rarr; <strong>1502<\/strong><br \/>(-17 for losing)\n|l|\u2606danish13\n","uploadtime":1699669423,"views":5,"p1id":"kitmash","p2id":"danish13","formatid":"gen9nationaldexubers","rating":1502,"private":0,"password":""}