{"id":"gen9nationaldexubers-1991664126","p1":"PCGReno","p2":"birdnie","format":"[Gen 9] National Dex Ubers","log":"|j|\u2606PCGReno\n|j|\u2606birdnie\n|t:|1700100023\n|gametype|singles\n|player|p1|PCGReno|cynthia-masters|\n|player|p2|birdnie|marnie-masters3|\n|teamsize|p1|6\n|teamsize|p2|6\n|gen|9\n|tier|[Gen 9] National Dex Ubers\n|rule|HP Percentage Mod: HP is shown in percentages\n|rule|Endless Battle Clause: Forcing endless battles is banned\n|rule|OHKO Clause: OHKO moves are banned\n|rule|Evasion Moves Clause: Evasion moves are banned\n|rule|Evasion Items Clause: Evasion items are banned\n|rule|Species Clause: Limit one of each Pok\u00e9mon\n|rule|Sleep Clause Mod: Limit one foe put to sleep\n|rule|Mega Rayquaza Clause: You cannot mega evolve Rayquaza\n|clearpoke\n|poke|p1|Arcanine-Hisui, M|\n|poke|p1|Celesteela|\n|poke|p1|Suicune|\n|poke|p1|Politoed, M|\n|poke|p1|Tornadus, M|\n|poke|p1|Haxorus, M|\n|poke|p2|Ninetales, F|\n|poke|p2|Sylveon, F|\n|poke|p2|Ogerpon-Hearthflame, F|\n|poke|p2|Mantine, M|\n|poke|p2|Lilligant-Hisui, F|\n|poke|p2|Sandy Shocks|\n|teampreview\n|j| PorygonTheBot\n|c| PorygonTheBot|glhf :)\n|\n|t:|1700100088\n|start\n|switch|p1a: Werewolf|Arcanine-Hisui, M, shiny|100\/100\n|switch|p2a: Calypso|Ogerpon-Hearthflame, F|100\/100\n|-ability|p2a: Calypso|Mold Breaker\n|turn|1\n|j| Ripped27\n|\n|t:|1700100133\n|switch|p2a: Thales|Sandy Shocks|100\/100\n|-enditem|p2a: Thales|Booster Energy\n|-activate|p2a: Thales|ability: Protosynthesis|[fromitem]\n|-start|p2a: Thales|protosynthesisspe\n|move|p1a: Werewolf|Stealth Rock|p2a: Thales\n|-sidestart|p2: birdnie|move: Stealth Rock\n|\n|upkeep\n|turn|2\n|\n|t:|1700100176\n|switch|p1a: Faithless|Celesteela, shiny|100\/100\n|move|p2a: Thales|Discharge|p1a: Faithless\n|-supereffective|p1a: Faithless\n|-damage|p1a: Faithless|38\/100\n|-status|p1a: Faithless|par\n|\n|upkeep\n|turn|3\n|\n|t:|1700100188\n|move|p2a: Thales|Discharge|p1a: Faithless\n|-supereffective|p1a: Faithless\n|-damage|p1a: Faithless|0 fnt\n|faint|p1a: Faithless\n|\n|upkeep\n|\n|t:|1700100193\n|switch|p1a: Werewolf|Arcanine-Hisui, M, shiny|100\/100\n|turn|4\n|\n|t:|1700100196\n|move|p2a: Thales|Earth Power|p1a: Werewolf\n|-supereffective|p1a: Werewolf\n|-damage|p1a: Werewolf|0 fnt\n|faint|p1a: Werewolf\n|\n|upkeep\n|\n|t:|1700100200\n|switch|p1a: Code Of Honor|Haxorus, M, shiny|100\/100\n|-ability|p1a: Code Of Honor|Mold Breaker\n|turn|5\n|\n|t:|1700100217\n|move|p2a: Thales|Earth Power|p1a: Code Of Honor\n|-crit|p1a: Code Of Honor\n|-damage|p1a: Code Of Honor|0 fnt\n|faint|p1a: Code Of Honor\n|\n|upkeep\n|\n|t:|1700100224\n|switch|p1a: Rainy Day|Politoed, M|100\/100\n|-weather|RainDance|[from] ability: Drizzle|[of] p1a: Rainy Day\n|turn|6\n|\n|t:|1700100239\n|move|p2a: Thales|Discharge|p1a: Rainy Day\n|-supereffective|p1a: Rainy Day\n|-damage|p1a: Rainy Day|50\/100\n|move|p1a: Rainy Day|Perish Song|p1a: Rainy Day\n|-start|p1a: Rainy Day|perish3|[silent]\n|-start|p2a: Thales|perish3|[silent]\n|-fieldactivate|move: Perish Song\n|\n|-weather|RainDance|[upkeep]\n|-start|p2a: Thales|perish3\n|-start|p1a: Rainy Day|perish3\n|upkeep\n|turn|7\n|\n|t:|1700100248\n|move|p2a: Thales|Discharge|p1a: Rainy Day\n|-supereffective|p1a: Rainy Day\n|-damage|p1a: Rainy Day|0 fnt\n|faint|p1a: Rainy Day\n|\n|-weather|RainDance|[upkeep]\n|-start|p2a: Thales|perish2\n|upkeep\n|\n|t:|1700100250\n|switch|p1a: Crimson Skies|Tornadus, M|100\/100\n|turn|8\n|\n|t:|1700100256\n|move|p2a: Thales|Discharge|p1a: Crimson Skies\n|-supereffective|p1a: Crimson Skies\n|-damage|p1a: Crimson Skies|0 fnt\n|faint|p1a: Crimson Skies\n|\n|-weather|RainDance|[upkeep]\n|-start|p2a: Thales|perish1\n|upkeep\n|\n|t:|1700100258\n|switch|p1a: Rebel Love Song|Suicune|100\/100\n|-ability|p1a: Rebel Love Song|Pressure\n|turn|9\n|\n|t:|1700100266\n|move|p1a: Rebel Love Song|Protect|p1a: Rebel Love Song\n|-singleturn|p1a: Rebel Love Song|Protect\n|move|p2a: Thales|Discharge|p1a: Rebel Love Song\n|-activate|p1a: Rebel Love Song|move: Protect\n|\n|-weather|RainDance|[upkeep]\n|-start|p2a: Thales|perish0\n|faint|p2a: Thales\n|-end|p2a: Thales|Protosynthesis|[silent]\n|upkeep\n|\n|t:|1700100314\n|switch|p2a: Calypso|Ogerpon-Hearthflame, F|100\/100\n|-damage|p2a: Calypso|76\/100|[from] Stealth Rock\n|-ability|p2a: Calypso|Mold Breaker\n|turn|10\n|\n|t:|1700100320\n|move|p2a: Calypso|Horn Leech|p1a: Rebel Love Song\n|-supereffective|p1a: Rebel Love Song\n|-damage|p1a: Rebel Love Song|30\/100\n|-heal|p2a: Calypso|100\/100|[from] drain|[of] p1a: Rebel Love Song\n|move|p1a: Rebel Love Song|Scald|p2a: Calypso\n|-damage|p2a: Calypso|40\/100\n|\n|-weather|RainDance|[upkeep]\n|-heal|p1a: Rebel Love Song|36\/100|[from] item: Leftovers\n|upkeep\n|turn|11\n|\n|t:|1700100329\n|move|p2a: Calypso|Horn Leech|p1a: Rebel Love Song\n|-supereffective|p1a: Rebel Love Song\n|-damage|p1a: Rebel Love Song|0 fnt\n|-heal|p2a: Calypso|64\/100|[from] drain|[of] p1a: Rebel Love Song\n|faint|p1a: Rebel Love Song\n|\n|win|birdnie\n|c|\u2606birdnie|gg\n|l| PorygonTheBot\n|c|\u2606PCGReno|gg\n|l|\u2606PCGReno\n|l| Ripped27\n","uploadtime":1700100330,"views":26,"p1id":"pcgreno","p2id":"birdnie","formatid":"gen9nationaldexubers","rating":0,"private":0,"password":""}