{"id":"gen9nationaldexubers-1988984737","p1":"Chaitanya15","p2":"yxszd","format":"[Gen 9] National Dex Ubers","log":"|j|\u2606Chaitanya15\n|j|\u2606yxszd\n|t:|1699798428\n|gametype|singles\n|player|p1|Chaitanya15|170|1442\n|player|p2|yxszd|dawn-gen4pt|1515\n|teamsize|p1|6\n|teamsize|p2|6\n|gen|9\n|tier|[Gen 9] National Dex Ubers\n|rated|\n|rule|HP Percentage Mod: HP is shown in percentages\n|rule|Endless Battle Clause: Forcing endless battles is banned\n|rule|OHKO Clause: OHKO moves are banned\n|rule|Evasion Moves Clause: Evasion moves are banned\n|rule|Evasion Items Clause: Evasion items are banned\n|rule|Species Clause: Limit one of each Pok\u00e9mon\n|rule|Sleep Clause Mod: Limit one foe put to sleep\n|rule|Mega Rayquaza Clause: You cannot mega evolve Rayquaza\n|clearpoke\n|poke|p1|Kingambit, F|\n|poke|p1|Basculegion, M|\n|poke|p1|Kyogre|\n|poke|p1|Flutter Mane|\n|poke|p1|Deoxys-Speed|\n|poke|p1|Groudon|\n|poke|p2|Banette, F|\n|poke|p2|Alomomola, M|\n|poke|p2|Landorus-Therian, M|\n|poke|p2|Heatran, M|\n|poke|p2|Gholdengo|\n|poke|p2|Ursaluna-Bloodmoon, M|\n|teampreview\n|inactive|Battle timer is ON: inactive players will automatically lose when time's up. (requested by Chaitanya15)\n|\n|t:|1699798441\n|start\n|switch|p1a: Deoxys|Deoxys-Speed|100\/100\n|switch|p2a: Landorus|Landorus-Therian, M|100\/100\n|-ability|p1a: Deoxys|Pressure\n|-ability|p2a: Landorus|Intimidate|boost\n|-unboost|p1a: Deoxys|atk|1\n|turn|1\n|\n|t:|1699798467\n|move|p1a: Deoxys|Stealth Rock|p2a: Landorus\n|-sidestart|p2: yxszd|move: Stealth Rock\n|move|p2a: Landorus|Earthquake|p1a: Deoxys\n|-damage|p1a: Deoxys|22\/100\n|\n|upkeep\n|turn|2\n|\n|t:|1699798474\n|move|p1a: Deoxys|Spikes|p2a: Landorus\n|-sidestart|p2: yxszd|Spikes\n|move|p2a: Landorus|Earthquake|p1a: Deoxys\n|-damage|p1a: Deoxys|0 fnt\n|faint|p1a: Deoxys\n|\n|upkeep\n|\n|t:|1699798486\n|switch|p1a: Kyogre|Kyogre|100\/100\n|-weather|RainDance|[from] ability: Drizzle|[of] p1a: Kyogre\n|turn|3\n|\n|t:|1699798496\n|move|p1a: Kyogre|Water Spout|p2a: Landorus\n|-supereffective|p2a: Landorus\n|-damage|p2a: Landorus|0 fnt\n|faint|p2a: Landorus\n|\n|-weather|RainDance|[upkeep]\n|upkeep\n|\n|t:|1699798505\n|switch|p2a: Banette|Banette, F|100\/100\n|-damage|p2a: Banette|88\/100|[from] Stealth Rock\n|-damage|p2a: Banette|76\/100|[from] Spikes\n|-item|p1a: Kyogre|Choice Scarf|[from] ability: Frisk|[of] p2a: Banette|[identify]\n|turn|4\n|\n|t:|1699798513\n|switch|p1a: Groudon|Groudon|100\/100\n|detailschange|p1a: Groudon|Groudon-Primal\n|-primal|p1a: Groudon|Red Orb\n|-weather|DesolateLand|[from] ability: Desolate Land|[of] p1a: Groudon\n|detailschange|p2a: Banette|Banette-Mega, F\n|-mega|p2a: Banette|Banette|Banettite\n|move|p2a: Banette|Destiny Bond|p2a: Banette\n|-singlemove|p2a: Banette|Destiny Bond\n|\n|-weather|DesolateLand|[upkeep]\n|upkeep\n|turn|5\n|\n|t:|1699798526\n|move|p1a: Groudon|Heat Crash|p2a: Banette\n|-damage|p2a: Banette|0 fnt\n|faint|p2a: Banette\n|-activate|p2a: Banette|move: Destiny Bond\n|faint|p1a: Groudon\n|-weather|none\n|\n|upkeep\n|\n|t:|1699798543\n|switch|p1a: Flutter Mane|Flutter Mane|100\/100\n|switch|p2a: Heatran|Heatran, M|100\/100\n|-damage|p2a: Heatran|88\/100|[from] Stealth Rock\n|-damage|p2a: Heatran|76\/100|[from] Spikes\n|-enditem|p1a: Flutter Mane|Booster Energy\n|-activate|p1a: Flutter Mane|ability: Protosynthesis|[fromitem]\n|-start|p1a: Flutter Mane|protosynthesisspe\n|turn|6\n|\n|t:|1699798562\n|move|p2a: Heatran|Protect|p2a: Heatran\n|-singleturn|p2a: Heatran|Protect\n|move|p1a: Flutter Mane|Shadow Ball|p2a: Heatran\n|-activate|p2a: Heatran|move: Protect\n|\n|-heal|p2a: Heatran|82\/100|[from] item: Leftovers\n|upkeep\n|turn|7\n|\n|t:|1699798574\n|switch|p2a: Ursaluna|Ursaluna-Bloodmoon, M|100\/100\n|-damage|p2a: Ursaluna|94\/100|[from] Stealth Rock\n|-damage|p2a: Ursaluna|82\/100|[from] Spikes\n|move|p1a: Flutter Mane|Shadow Ball|p2a: Ursaluna\n|-immune|p2a: Ursaluna\n|\n|upkeep\n|turn|8\n|\n|t:|1699798589\n|move|p1a: Flutter Mane|Moonblast|p2a: Ursaluna\n|-damage|p2a: Ursaluna|50\/100\n|move|p2a: Ursaluna|Blood Moon|p1a: Flutter Mane\n|-damage|p1a: Flutter Mane|15\/100\n|\n|upkeep\n|turn|9\n|\n|t:|1699798595\n|move|p2a: Ursaluna|Vacuum Wave|p1a: Flutter Mane\n|-resisted|p1a: Flutter Mane\n|-damage|p1a: Flutter Mane|8\/100\n|move|p1a: Flutter Mane|Moonblast|p2a: Ursaluna\n|-damage|p2a: Ursaluna|17\/100\n|\n|upkeep\n|turn|10\n|\n|t:|1699798605\n|move|p2a: Ursaluna|Vacuum Wave|p1a: Flutter Mane\n|-resisted|p1a: Flutter Mane\n|-damage|p1a: Flutter Mane|0 fnt\n|faint|p1a: Flutter Mane\n|-end|p1a: Flutter Mane|Protosynthesis|[silent]\n|\n|upkeep\n|\n|t:|1699798619\n|switch|p1a: Kyogre|Kyogre|100\/100\n|-weather|RainDance|[from] ability: Drizzle|[of] p1a: Kyogre\n|turn|11\n|\n|t:|1699798631\n|move|p2a: Ursaluna|Vacuum Wave|p1a: Kyogre\n|-damage|p1a: Kyogre|90\/100\n|move|p1a: Kyogre|Water Spout|p2a: Ursaluna\n|-supereffective|p2a: Ursaluna\n|-damage|p2a: Ursaluna|0 fnt\n|faint|p2a: Ursaluna\n|\n|-weather|RainDance|[upkeep]\n|upkeep\n|\n|t:|1699798633\n|switch|p2a: Heatran|Heatran, M|82\/100\n|-damage|p2a: Heatran|69\/100|[from] Stealth Rock\n|-damage|p2a: Heatran|57\/100|[from] Spikes\n|turn|12\n|\n|t:|1699798645\n|switch|p1a: Kingambit|Kingambit, F|100\/100\n|-activate|p1a: Kingambit|ability: Supreme Overlord\n|-start|p1a: Kingambit|fallen3|[silent]\n|-terastallize|p2a: Heatran|Grass\n|move|p2a: Heatran|Toxic|p1a: Kingambit\n|-immune|p1a: Kingambit\n|\n|-weather|RainDance|[upkeep]\n|-heal|p2a: Heatran|63\/100|[from] item: Leftovers\n|upkeep\n|turn|13\n|-message|yxszd forfeited.\n|\n|win|Chaitanya15\n|raw|Chaitanya15's rating: 1442 &rarr; <strong>1466<\/strong><br \/>(+24 for winning)\n|raw|yxszd's rating: 1515 &rarr; <strong>1491<\/strong><br \/>(-24 for losing)\n|l|\u2606yxszd\n","uploadtime":1699798667,"views":12,"p1id":"chaitanya15","p2id":"yxszd","formatid":"gen9nationaldexubers","rating":1466,"private":0,"password":""}