{"id":"gen9nationaldexubers-1986992206","p1":"Relic Continent","p2":"mynameispaimon","format":"[Gen 9] National Dex Ubers","log":"|j|\u2606Relic Continent\n|j|\u2606mynameispaimon\n|t:|1699547281\n|gametype|singles\n|player|p1|Relic Continent|palmer|1230\n|player|p2|mynameispaimon|lusamine-masters|1171\n|teamsize|p1|6\n|teamsize|p2|6\n|gen|9\n|tier|[Gen 9] National Dex Ubers\n|rated|\n|rule|HP Percentage Mod: HP is shown in percentages\n|rule|Endless Battle Clause: Forcing endless battles is banned\n|rule|OHKO Clause: OHKO moves are banned\n|rule|Evasion Moves Clause: Evasion moves are banned\n|rule|Evasion Items Clause: Evasion items are banned\n|rule|Species Clause: Limit one of each Pok\u00e9mon\n|rule|Sleep Clause Mod: Limit one foe put to sleep\n|rule|Mega Rayquaza Clause: You cannot mega evolve Rayquaza\n|clearpoke\n|poke|p1|Cyclizar, M|\n|poke|p1|Cinccino, M|\n|poke|p1|Pidgeot, M|\n|poke|p1|Porygon2|\n|poke|p1|Rayquaza|\n|poke|p1|Zoroark-Hisui, F|\n|poke|p2|Eternatus|\n|poke|p2|Yveltal|\n|poke|p2|Mewtwo|\n|poke|p2|Groudon|\n|poke|p2|Marshadow|\n|poke|p2|Xerneas-*|\n|teampreview\n|inactive|Battle timer is ON: inactive players will automatically lose when time's up. (requested by mynameispaimon)\n|\n|t:|1699547295\n|start\n|switch|p1a: Cyclizar|Cyclizar, M|100\/100\n|switch|p2a: Mewtwo|Mewtwo|100\/100\n|-ability|p2a: Mewtwo|Pressure\n|turn|1\n|\n|t:|1699547304\n|detailschange|p2a: Mewtwo|Mewtwo-Mega-Y\n|-mega|p2a: Mewtwo|Mewtwo|Mewtwonite Y\n|move|p2a: Mewtwo|Ice Beam|p1a: Cyclizar\n|-supereffective|p1a: Cyclizar\n|-damage|p1a: Cyclizar|0 fnt\n|faint|p1a: Cyclizar\n|\n|upkeep\n|\n|t:|1699547310\n|switch|p1a: Rayquaza|Rayquaza|100\/100\n|-ability|p1a: Rayquaza|Air Lock\n|turn|2\n|\n|t:|1699547314\n|-terastallize|p1a: Rayquaza|Normal\n|move|p1a: Rayquaza|Extreme Speed|p2a: Mewtwo\n|-damage|p2a: Mewtwo|27\/100\n|move|p2a: Mewtwo|Ice Beam|p1a: Rayquaza\n|-damage|p1a: Rayquaza|59\/100\n|\n|upkeep\n|turn|3\n|\n|t:|1699547325\n|switch|p2a: Marshadow|Marshadow|100\/100\n|move|p1a: Rayquaza|Extreme Speed|p2a: Marshadow\n|-immune|p2a: Marshadow\n|\n|upkeep\n|turn|4\n|\n|t:|1699547332\n|switch|p1a: Porygon2|Porygon2|100\/100\n|-ability|p1a: Porygon2|Download|boost\n|-boost|p1a: Porygon2|atk|1\n|move|p2a: Marshadow|Close Combat|p1a: Porygon2\n|-supereffective|p1a: Porygon2\n|-damage|p1a: Porygon2|21\/100\n|-unboost|p2a: Marshadow|def|1\n|-unboost|p2a: Marshadow|spd|1\n|\n|upkeep\n|turn|5\n|\n|t:|1699547343\n|move|p2a: Marshadow|Close Combat|p1a: Porygon2\n|-supereffective|p1a: Porygon2\n|-damage|p1a: Porygon2|0 fnt\n|-unboost|p2a: Marshadow|def|1\n|-unboost|p2a: Marshadow|spd|1\n|faint|p1a: Porygon2\n|\n|upkeep\n|\n|t:|1699547345\n|switch|p1a: Pidgeot|Pidgeot, M|100\/100\n|turn|6\n|\n|t:|1699547358\n|switch|p2a: Xerneas|Xerneas|100\/100\n|-ability|p2a: Xerneas|Fairy Aura\n|detailschange|p1a: Pidgeot|Pidgeot-Mega, M\n|-mega|p1a: Pidgeot|Pidgeot|Pidgeotite\n|move|p1a: Pidgeot|Hurricane|p2a: Xerneas\n|-damage|p2a: Xerneas|55\/100\n|\n|upkeep\n|turn|7\n|\n|t:|1699547367\n|move|p1a: Pidgeot|Hurricane|p2a: Xerneas\n|-damage|p2a: Xerneas|10\/100\n|-start|p2a: Xerneas|confusion\n|-activate|p2a: Xerneas|confusion\n|move|p2a: Xerneas|Thunderbolt|p1a: Pidgeot\n|-supereffective|p1a: Pidgeot\n|-damage|p1a: Pidgeot|7\/100\n|\n|upkeep\n|turn|8\n|\n|t:|1699547377\n|move|p1a: Pidgeot|Air Slash|p2a: Xerneas\n|-damage|p2a: Xerneas|0 fnt\n|faint|p2a: Xerneas\n|\n|upkeep\n|\n|t:|1699547382\n|switch|p2a: Eternatus|Eternatus|100\/100\n|-ability|p2a: Eternatus|Pressure\n|turn|9\n|\n|t:|1699547387\n|move|p1a: Pidgeot|Hurricane|p2a: Eternatus\n|-damage|p2a: Eternatus|56\/100\n|-start|p2a: Eternatus|confusion\n|-activate|p2a: Eternatus|confusion\n|move|p2a: Eternatus|Dynamax Cannon|p1a: Pidgeot\n|-damage|p1a: Pidgeot|0 fnt\n|faint|p1a: Pidgeot\n|\n|-heal|p2a: Eternatus|62\/100|[from] item: Black Sludge\n|upkeep\n|\n|t:|1699547395\n|switch|p1a: Rayquaza|Rayquaza|100\/100\n|-start|p1a: Rayquaza|typechange|Normal|[silent]\n|turn|10\n|\n|t:|1699547405\n|move|p1a: Rayquaza|Agility|p1a: Rayquaza\n|-boost|p1a: Rayquaza|spe|2\n|-activate|p2a: Eternatus|confusion\n|move|p2a: Eternatus|Toxic Spikes|p1a: Rayquaza\n|-sidestart|p1: Relic Continent|move: Toxic Spikes\n|\n|-heal|p2a: Eternatus|68\/100|[from] item: Black Sludge\n|upkeep\n|turn|11\n|\n|t:|1699547412\n|move|p1a: Rayquaza|Nasty Plot|p1a: Rayquaza\n|-boost|p1a: Rayquaza|spa|2\n|-end|p2a: Eternatus|confusion\n|move|p2a: Eternatus|Toxic Spikes|p1a: Rayquaza\n|-sidestart|p1: Relic Continent|move: Toxic Spikes\n|\n|-heal|p2a: Eternatus|74\/100|[from] item: Black Sludge\n|upkeep\n|turn|12\n|\n|t:|1699547421\n|move|p1a: Rayquaza|Hyper Voice|p2a: Eternatus\n|-damage|p2a: Eternatus|0 fnt\n|faint|p2a: Eternatus\n|\n|upkeep\n|\n|t:|1699547427\n|switch|p2a: Marshadow|Marshadow|100\/100\n|turn|13\n|\n|t:|1699547436\n|move|p1a: Rayquaza|Bitter Malice|p2a: Marshadow\n|-supereffective|p2a: Marshadow\n|-enditem|p2a: Marshadow|Focus Sash\n|-damage|p2a: Marshadow|1\/100\n|-unboost|p2a: Marshadow|atk|1\n|move|p2a: Marshadow|Pursuit|p1a: Rayquaza\n|-supereffective|p1a: Rayquaza\n|-damage|p1a: Rayquaza|46\/100\n|replace|p1a: Zoroark|Zoroark-Hisui, F\n|-end|p1a: Zoroark|Illusion\n|\n|upkeep\n|turn|14\n|\n|t:|1699547463\n|move|p1a: Zoroark|Bitter Malice|p2a: Marshadow\n|-supereffective|p2a: Marshadow\n|-damage|p2a: Marshadow|0 fnt\n|faint|p2a: Marshadow\n|\n|upkeep\n|\n|t:|1699547472\n|switch|p2a: Groudon|Groudon|100\/100\n|detailschange|p2a: Groudon|Groudon-Primal\n|-primal|p2a: Groudon|Red Orb\n|-weather|DesolateLand|[from] ability: Desolate Land|[of] p2a: Groudon\n|turn|15\n|\n|t:|1699547480\n|move|p1a: Zoroark|Hyper Voice|p2a: Groudon\n|-damage|p2a: Groudon|0 fnt\n|faint|p2a: Groudon\n|-weather|none\n|\n|upkeep\n|inactive|mynameispaimon has 120 seconds left.\n|inactive|mynameispaimon has 90 seconds left.\n|-message|mynameispaimon forfeited.\n|\n|win|Relic Continent\n|raw|Relic Continent's rating: 1230 &rarr; <strong>1251<\/strong><br \/>(+21 for winning)\n|raw|mynameispaimon's rating: 1171 &rarr; <strong>1150<\/strong><br \/>(-21 for losing)\n|l|\u2606Relic Continent\n|j|&Siegfried\n|j|+Pants\n|l|&Siegfried\n|l|+Pants\n","uploadtime":1699547545,"views":4,"p1id":"reliccontinent","p2id":"mynameispaimon","formatid":"gen9nationaldexubers","rating":1150,"private":0,"password":""}