{"id":"gen9nationaldexubers-2000553416","p1":"PunishedMG","p2":"Halil66","format":"[Gen 9] National Dex Ubers","log":"|j|\u2606PunishedMG\n|j|\u2606Halil66\n|t:|1701204753\n|gametype|singles\n|player|p1|PunishedMG|lance|1269\n|player|p2|Halil66|brock|1145\n|teamsize|p1|6\n|teamsize|p2|6\n|gen|9\n|tier|[Gen 9] National Dex Ubers\n|rated|\n|rule|HP Percentage Mod: HP is shown in percentages\n|rule|Endless Battle Clause: Forcing endless battles is banned\n|rule|OHKO Clause: OHKO moves are banned\n|rule|Evasion Moves Clause: Evasion moves are banned\n|rule|Evasion Items Clause: Evasion items are banned\n|rule|Species Clause: Limit one of each Pok\u00e9mon\n|rule|Sleep Clause Mod: Limit one foe put to sleep\n|rule|Mega Rayquaza Clause: You cannot mega evolve Rayquaza\n|clearpoke\n|poke|p1|Lugia|\n|poke|p1|Ninetales-Alola, F|\n|poke|p1|Ditto|\n|poke|p1|Landorus-Therian, M|\n|poke|p1|Blaziken, F|\n|poke|p1|Roaring Moon|\n|poke|p2|Charizard, M|\n|poke|p2|Kyurem-Black|\n|poke|p2|Yveltal|\n|poke|p2|Lugia|\n|poke|p2|Melmetal|\n|poke|p2|Darkrai|\n|teampreview\n|inactive|Battle timer is ON: inactive players will automatically lose when time's up. (requested by PunishedMG)\n|c|\u2606Halil66|Why did everybody steal my lugia\n|\n|t:|1701204780\n|start\n|switch|p1a: Ninetales|Ninetales-Alola, F|100\/100\n|switch|p2a: Kyurem|Kyurem-Black|100\/100\n|-ability|p2a: Kyurem|Teravolt\n|-weather|Snow|[from] ability: Snow Warning|[of] p1a: Ninetales\n|turn|1\n|c|\u2606PunishedMG|What?\n|inactive|Halil66 has 120 seconds left.\n|\n|t:|1701204813\n|-terastallize|p2a: Kyurem|Electric\n|move|p2a: Kyurem|Iron Head|p1a: Ninetales\n|-supereffective|p1a: Ninetales\n|-enditem|p1a: Ninetales|Focus Sash\n|-damage|p1a: Ninetales|1\/100\n|move|p1a: Ninetales|Aurora Veil|p1a: Ninetales\n|-sidestart|p1: PunishedMG|move: Aurora Veil\n|\n|-weather|Snow|[upkeep]\n|upkeep\n|turn|2\n|\n|t:|1701204827\n|switch|p1a: Landorus|Landorus-Therian, M|100\/100\n|-ability|p1a: Landorus|Intimidate|boost\n|-unboost|p2a: Kyurem|atk|1\n|move|p2a: Kyurem|Iron Head|p1a: Landorus\n|-damage|p1a: Landorus|86\/100\n|\n|-weather|Snow|[upkeep]\n|upkeep\n|turn|3\n|\n|t:|1701204842\n|switch|p2a: Charizard|Charizard, M|100\/100\n|move|p1a: Landorus|Stealth Rock|p2a: Charizard\n|-sidestart|p2: Halil66|move: Stealth Rock\n|\n|-weather|Snow|[upkeep]\n|upkeep\n|turn|4\n|\n|t:|1701204853\n|detailschange|p2a: Charizard|Charizard-Mega-X, M\n|-mega|p2a: Charizard|Charizard|Charizardite X\n|move|p1a: Landorus|U-turn|p2a: Charizard\n|-resisted|p2a: Charizard\n|-damage|p2a: Charizard|86\/100\n|\n|t:|1701204867\n|switch|p1a: Lugia|Lugia, shiny|100\/100|[from] U-turn\n|move|p2a: Charizard|Dragon Dance|p2a: Charizard\n|-boost|p2a: Charizard|atk|1\n|-boost|p2a: Charizard|spe|1\n|\n|-weather|Snow|[upkeep]\n|upkeep\n|turn|5\n|inactive|Halil66 has 120 seconds left.\n|\n|t:|1701204896\n|move|p2a: Charizard|Dragon Claw|p1a: Lugia\n|-damage|p1a: Lugia|86\/100\n|move|p1a: Lugia|Toxic|p2a: Charizard\n|-status|p2a: Charizard|tox\n|\n|-weather|none\n|-heal|p1a: Lugia|92\/100|[from] item: Leftovers\n|-damage|p2a: Charizard|80\/100 tox|[from] psn\n|-sideend|p1: PunishedMG|move: Aurora Veil\n|upkeep\n|turn|6\n|inactive|Halil66 has 120 seconds left.\n|\n|t:|1701204909\n|move|p1a: Lugia|Protect|p1a: Lugia\n|-singleturn|p1a: Lugia|Protect\n|move|p2a: Charizard|Dragon Claw|p1a: Lugia\n|-activate|p1a: Lugia|move: Protect\n|\n|-heal|p1a: Lugia|99\/100|[from] item: Leftovers\n|-damage|p2a: Charizard|68\/100 tox|[from] psn\n|upkeep\n|turn|7\n|inactive|Halil66 has 120 seconds left.\n|\n|t:|1701204920\n|move|p2a: Charizard|Dragon Claw|p1a: Lugia\n|-damage|p1a: Lugia|43\/100\n|move|p1a: Lugia|Roost|p1a: Lugia\n|-heal|p1a: Lugia|93\/100\n|-singleturn|p1a: Lugia|move: Roost\n|\n|-heal|p1a: Lugia|99\/100|[from] item: Leftovers\n|-damage|p2a: Charizard|50\/100 tox|[from] psn\n|upkeep\n|turn|8\n|inactive|Halil66 has 120 seconds left.\n|\n|t:|1701204931\n|move|p1a: Lugia|Protect|p1a: Lugia\n|-singleturn|p1a: Lugia|Protect\n|move|p2a: Charizard|Dragon Claw|p1a: Lugia\n|-activate|p1a: Lugia|move: Protect\n|\n|-heal|p1a: Lugia|100\/100|[from] item: Leftovers\n|-damage|p2a: Charizard|25\/100 tox|[from] psn\n|upkeep\n|turn|9\n|inactive|Halil66 has 120 seconds left.\n|\n|t:|1701204943\n|move|p2a: Charizard|Roost|p2a: Charizard\n|-heal|p2a: Charizard|76\/100 tox\n|-singleturn|p2a: Charizard|move: Roost\n|move|p1a: Lugia|Roost||[still]\n|-fail|p1a: Lugia|heal\n|\n|-damage|p2a: Charizard|45\/100 tox|[from] psn\n|upkeep\n|turn|10\n|inactive|Halil66 has 120 seconds left.\n|\n|t:|1701204954\n|move|p2a: Charizard|Dragon Dance|p2a: Charizard\n|-boost|p2a: Charizard|atk|1\n|-boost|p2a: Charizard|spe|1\n|move|p1a: Lugia|Roost||[still]\n|-fail|p1a: Lugia|heal\n|\n|-damage|p2a: Charizard|9\/100 tox|[from] psn\n|upkeep\n|turn|11\n|inactive|Halil66 has 120 seconds left.\n|\n|t:|1701204967\n|move|p1a: Lugia|Protect|p1a: Lugia\n|-singleturn|p1a: Lugia|Protect\n|move|p2a: Charizard|Roost|p2a: Charizard\n|-heal|p2a: Charizard|59\/100 tox\n|-singleturn|p2a: Charizard|move: Roost\n|\n|-damage|p2a: Charizard|17\/100 tox|[from] psn\n|upkeep\n|turn|12\n|inactive|Halil66 has 120 seconds left.\n|\n|t:|1701204988\n|move|p2a: Charizard|Dragon Claw|p1a: Lugia\n|-damage|p1a: Lugia|62\/100\n|move|p1a: Lugia|Roost|p1a: Lugia\n|-heal|p1a: Lugia|100\/100\n|-singleturn|p1a: Lugia|move: Roost\n|\n|-damage|p2a: Charizard|0 fnt|[from] psn\n|faint|p2a: Charizard\n|upkeep\n|inactive|Halil66 has 90 seconds left.\n|\n|t:|1701205016\n|switch|p2a: Yveltal|Yveltal|100\/100\n|-damage|p2a: Yveltal|76\/100|[from] Stealth Rock\n|-ability|p2a: Yveltal|Dark Aura\n|turn|13\n|\n|t:|1701205031\n|switch|p1a: Roaring Moon|Roaring Moon, shiny|100\/100\n|-enditem|p1a: Roaring Moon|Booster Energy\n|-activate|p1a: Roaring Moon|ability: Protosynthesis|[fromitem]\n|-start|p1a: Roaring Moon|protosynthesisatk\n|move|p2a: Yveltal|Knock Off|p1a: Roaring Moon\n|-resisted|p1a: Roaring Moon\n|-damage|p1a: Roaring Moon|70\/100\n|\n|-heal|p2a: Yveltal|82\/100|[from] item: Leftovers\n|upkeep\n|turn|14\n|\n|t:|1701205047\n|move|p1a: Roaring Moon|Acrobatics|p2a: Yveltal\n|-damage|p2a: Yveltal|28\/100\n|move|p2a: Yveltal|Dragon Claw|p1a: Roaring Moon\n|-supereffective|p1a: Roaring Moon\n|-damage|p1a: Roaring Moon|0 fnt\n|faint|p1a: Roaring Moon\n|-end|p1a: Roaring Moon|Protosynthesis|[silent]\n|\n|-heal|p2a: Yveltal|34\/100|[from] item: Leftovers\n|upkeep\n|\n|t:|1701205063\n|switch|p1a: Ditto|Ditto|100\/100\n|-transform|p1a: Ditto|p2a: Yveltal|[from] ability: Imposter\n|-ability|p1a: Ditto|Dark Aura\n|turn|15\n|\n|t:|1701205075\n|move|p1a: Ditto|Sucker Punch|p2a: Yveltal\n|-resisted|p2a: Yveltal\n|-damage|p2a: Yveltal|10\/100\n|move|p2a: Yveltal|Oblivion Wing|p1a: Ditto\n|-damage|p1a: Ditto|64\/100\n|-heal|p2a: Yveltal|31\/100|[from] drain|[of] p1a: Ditto\n|\n|-heal|p2a: Yveltal|37\/100|[from] item: Leftovers\n|upkeep\n|turn|16\n|inactive|PunishedMG has 120 seconds left.\n|\n|t:|1701205097\n|move|p1a: Ditto|Sucker Punch|p2a: Yveltal\n|-resisted|p2a: Yveltal\n|-damage|p2a: Yveltal|16\/100\n|move|p2a: Yveltal|Oblivion Wing|p1a: Ditto\n|-damage|p1a: Ditto|26\/100\n|-heal|p2a: Yveltal|38\/100|[from] drain|[of] p1a: Ditto\n|\n|-heal|p2a: Yveltal|44\/100|[from] item: Leftovers\n|upkeep\n|turn|17\n|inactive|PunishedMG has 120 seconds left.\n|inactive|Halil66 has 90 seconds left.\n|\n|t:|1701205123\n|switch|p1a: Blaziken|Blaziken, F|100\/100\n|switch|p2a: Melmetal|Melmetal|100\/100\n|-damage|p2a: Melmetal|94\/100|[from] Stealth Rock\n|\n|upkeep\n|turn|18\n|inactive|Halil66 has 90 seconds left.\n|\n|t:|1701205138\n|switch|p2a: Shadow Lugia|Lugia, shiny|100\/100\n|-damage|p2a: Shadow Lugia|75\/100|[from] Stealth Rock\n|detailschange|p1a: Blaziken|Blaziken-Mega, F\n|-mega|p1a: Blaziken|Blaziken|Blazikenite\n|move|p1a: Blaziken|Substitute|p1a: Blaziken\n|-start|p1a: Blaziken|Substitute\n|-damage|p1a: Blaziken|76\/100\n|\n|-ability|p1a: Blaziken|Speed Boost|boost\n|-boost|p1a: Blaziken|spe|1\n|upkeep\n|turn|19\n|inactive|PunishedMG has 120 seconds left.\n|inactive|Halil66 has 90 seconds left.\n|\n|t:|1701205163\n|move|p1a: Blaziken|Blaze Kick|p2a: Shadow Lugia\n|-damage|p2a: Shadow Lugia|41\/100\n|-status|p2a: Shadow Lugia|brn\n|move|p2a: Shadow Lugia|Recover|p2a: Shadow Lugia\n|-heal|p2a: Shadow Lugia|91\/100 brn\n|\n|-damage|p2a: Shadow Lugia|85\/100 brn|[from] brn\n|-ability|p1a: Blaziken|Speed Boost|boost\n|-boost|p1a: Blaziken|spe|1\n|upkeep\n|turn|20\n|inactive|PunishedMG has 120 seconds left.\n|\n|t:|1701205175\n|move|p1a: Blaziken|Blaze Kick|p2a: Shadow Lugia\n|-damage|p2a: Shadow Lugia|51\/100 brn\n|move|p2a: Shadow Lugia|Aeroblast|p1a: Blaziken\n|-supereffective|p1a: Blaziken\n|-end|p1a: Blaziken|Substitute\n|\n|-damage|p2a: Shadow Lugia|45\/100 brn|[from] brn\n|-ability|p1a: Blaziken|Speed Boost|boost\n|-boost|p1a: Blaziken|spe|1\n|upkeep\n|turn|21\n|inactive|PunishedMG has 120 seconds left.\n|\n|t:|1701205186\n|switch|p1a: Lugia|Lugia, shiny|100\/100\n|move|p2a: Shadow Lugia|Recover|p2a: Shadow Lugia\n|-heal|p2a: Shadow Lugia|95\/100 brn\n|\n|-damage|p2a: Shadow Lugia|88\/100 brn|[from] brn\n|upkeep\n|turn|22\n|inactive|PunishedMG has 120 seconds left.\n|\n|t:|1701205197\n|move|p1a: Lugia|Aeroblast|p2a: Shadow Lugia\n|-damage|p2a: Shadow Lugia|71\/100 brn\n|move|p2a: Shadow Lugia|Calm Mind|p2a: Shadow Lugia\n|-boost|p2a: Shadow Lugia|spa|1\n|-boost|p2a: Shadow Lugia|spd|1\n|\n|-damage|p2a: Shadow Lugia|65\/100 brn|[from] brn\n|upkeep\n|turn|23\n|inactive|PunishedMG has 120 seconds left.\n|\n|t:|1701205213\n|switch|p1a: Ditto|Ditto|26\/100\n|-transform|p1a: Ditto|p2a: Shadow Lugia|[from] ability: Imposter\n|move|p2a: Shadow Lugia|Calm Mind|p2a: Shadow Lugia\n|-boost|p2a: Shadow Lugia|spa|1\n|-boost|p2a: Shadow Lugia|spd|1\n|\n|-damage|p2a: Shadow Lugia|59\/100 brn|[from] brn\n|upkeep\n|turn|24\n|inactive|PunishedMG has 120 seconds left.\n|\n|t:|1701205226\n|move|p1a: Ditto|Psychic|p2a: Shadow Lugia\n|-resisted|p2a: Shadow Lugia\n|-damage|p2a: Shadow Lugia|52\/100 brn\n|move|p2a: Shadow Lugia|Aeroblast|p1a: Ditto\n|-damage|p1a: Ditto|0 fnt\n|faint|p1a: Ditto\n|\n|-damage|p2a: Shadow Lugia|46\/100 brn|[from] brn\n|upkeep\n|\n|t:|1701205235\n|switch|p1a: Ninetales|Ninetales-Alola, F|1\/100\n|-weather|Snow|[from] ability: Snow Warning|[of] p1a: Ninetales\n|turn|25\n|inactive|PunishedMG has 120 seconds left.\n|\n|t:|1701205247\n|move|p2a: Shadow Lugia|Recover|p2a: Shadow Lugia\n|-heal|p2a: Shadow Lugia|96\/100 brn\n|move|p1a: Ninetales|Blizzard|p2a: Shadow Lugia\n|-supereffective|p2a: Shadow Lugia\n|-damage|p2a: Shadow Lugia|70\/100 brn\n|-enditem|p2a: Shadow Lugia|Weakness Policy\n|-boost|p2a: Shadow Lugia|atk|2|[from] item: Weakness Policy\n|-boost|p2a: Shadow Lugia|spa|2|[from] item: Weakness Policy\n|\n|-weather|Snow|[upkeep]\n|-damage|p2a: Shadow Lugia|64\/100 brn|[from] brn\n|upkeep\n|turn|26\n|inactive|PunishedMG has 120 seconds left.\n|\n|t:|1701205263\n|move|p2a: Shadow Lugia|Psychic|p1a: Ninetales\n|-damage|p1a: Ninetales|0 fnt\n|faint|p1a: Ninetales\n|\n|-weather|Snow|[upkeep]\n|-damage|p2a: Shadow Lugia|57\/100 brn|[from] brn\n|upkeep\n|-message|PunishedMG forfeited.\n|\n|win|Halil66\n|raw|PunishedMG's rating: 1269 &rarr; <strong>1235<\/strong><br \/>(-34 for losing)\n|raw|Halil66's rating: 1145 &rarr; <strong>1179<\/strong><br \/>(+34 for winning)\n|l|\u2606PunishedMG\n","uploadtime":1701205299,"views":0,"p1id":"punishedmg","p2id":"halil66","formatid":"gen9nationaldexubers","rating":1179,"private":0,"password":""}