{"id":"gen9nationaldexubers-1982727638","p1":"Yu12","p2":"Kdisue","format":"[Gen 9] National Dex Ubers","log":"|j|\u2606Yu12\n|j|\u2606Kdisue\n|t:|1699039333\n|gametype|singles\n|player|p1|Yu12|blue|1133\n|player|p2|Kdisue|265|1197\n|teamsize|p1|6\n|teamsize|p2|6\n|gen|9\n|tier|[Gen 9] National Dex Ubers\n|rated|\n|rule|HP Percentage Mod: HP is shown in percentages\n|rule|Endless Battle Clause: Forcing endless battles is banned\n|rule|OHKO Clause: OHKO moves are banned\n|rule|Evasion Moves Clause: Evasion moves are banned\n|rule|Evasion Items Clause: Evasion items are banned\n|rule|Species Clause: Limit one of each Pok\u00e9mon\n|rule|Sleep Clause Mod: Limit one foe put to sleep\n|rule|Mega Rayquaza Clause: You cannot mega evolve Rayquaza\n|clearpoke\n|poke|p1|Blaziken, F|\n|poke|p1|Garchomp, M|\n|poke|p1|Gholdengo|\n|poke|p1|Greninja-*, M|\n|poke|p1|Serperior, M|\n|poke|p1|Sneasler, M|\n|poke|p2|Taillow, L1, M|\n|poke|p2|Aron, L1, F|\n|poke|p2|Cottonee, L1, F|\n|poke|p2|Arceus-Bug|\n|poke|p2|Genesect-Douse|\n|poke|p2|Forretress, F|\n|teampreview\n|inactive|Battle timer is ON: inactive players will automatically lose when time's up. (requested by Kdisue)\n|\n|t:|1699039348\n|start\n|switch|p1a: War|Greninja, M|100\/100\n|switch|p2a: General|Genesect-Douse, shiny|100\/100\n|-ability|p2a: General|Download|boost\n|-boost|p2a: General|atk|1\n|turn|1\n|\n|t:|1699039358\n|switch|p1a: Uno|Blaziken, F|100\/100\n|move|p2a: General|U-turn|p1a: Uno\n|-resisted|p1a: Uno\n|-damage|p1a: Uno|85\/100\n|\n|t:|1699039370\n|switch|p2a: Taillow|Taillow, L1, M, shiny|100\/100|[from] U-turn\n|\n|upkeep\n|turn|2\n|\n|t:|1699039379\n|move|p1a: Uno|Fire Punch|p2a: Taillow\n|-enditem|p2a: Taillow|Focus Sash\n|-damage|p2a: Taillow|9\/100\n|move|p2a: Taillow|Endeavor|p1a: Uno\n|-damage|p1a: Uno|1\/100\n|\n|-ability|p1a: Uno|Speed Boost|boost\n|-boost|p1a: Uno|spe|1\n|upkeep\n|turn|3\n|\n|t:|1699039393\n|move|p2a: Taillow|Quick Attack|p1a: Uno\n|-damage|p1a: Uno|0 fnt\n|faint|p1a: Uno\n|\n|upkeep\n|\n|t:|1699039398\n|switch|p1a: War|Greninja, M|100\/100\n|turn|4\n|\n|t:|1699039402\n|move|p2a: Taillow|Protect|p2a: Taillow\n|-singleturn|p2a: Taillow|Protect\n|move|p1a: War|Water Shuriken|p2a: Taillow\n|-activate|p2a: Taillow|move: Protect\n|\n|upkeep\n|turn|5\n|\n|t:|1699039411\n|move|p1a: War|Water Shuriken|p2a: Taillow\n|-damage|p2a: Taillow|0 fnt\n|faint|p2a: Taillow\n|-ability|p1a: War|Battle Bond|boost\n|-boost|p1a: War|atk|1\n|-boost|p1a: War|spa|1\n|-boost|p1a: War|spe|1\n|-activate|p1a: War|ability: Battle Bond\n|-hitcount|p2: Taillow|1\n|\n|upkeep\n|\n|t:|1699039420\n|switch|p2a: General|Genesect-Douse, shiny|100\/100\n|-ability|p2a: General|Download|boost\n|-boost|p2a: General|atk|1\n|turn|6\n|\n|t:|1699039450\n|move|p1a: War|Water Shuriken|p2a: General\n|-crit|p2a: General\n|-damage|p2a: General|82\/100\n|-damage|p2a: General|70\/100\n|-damage|p2a: General|59\/100\n|-damage|p2a: General|46\/100\n|-hitcount|p2a: General|4\n|move|p2a: General|U-turn|p1a: War\n|-supereffective|p1a: War\n|-damage|p1a: War|0 fnt\n|faint|p1a: War\n|\n|t:|1699039465\n|switch|p2a: Arceus|Arceus-Bug|100\/100|[from] U-turn\n|\n|upkeep\n|\n|t:|1699039477\n|switch|p1a: Max|Gholdengo|100\/100\n|turn|7\n|\n|t:|1699039486\n|move|p2a: Arceus|Calm Mind|p2a: Arceus\n|-boost|p2a: Arceus|spa|1\n|-boost|p2a: Arceus|spd|1\n|move|p1a: Max|Flash Cannon|p2a: Arceus\n|-damage|p2a: Arceus|81\/100\n|\n|upkeep\n|turn|8\n|\n|t:|1699039495\n|move|p2a: Arceus|Hydro Pump|p1a: Max\n|-damage|p1a: Max|35\/100\n|move|p1a: Max|Flash Cannon|p2a: Arceus\n|-damage|p2a: Arceus|61\/100\n|\n|upkeep\n|turn|9\n|\n|t:|1699039508\n|move|p2a: Arceus|Hydro Pump|p1a: Max\n|-damage|p1a: Max|0 fnt\n|faint|p1a: Max\n|\n|upkeep\n|\n|t:|1699039514\n|switch|p1a: Sneasler|Sneasler, M|100\/100\n|turn|10\n|\n|t:|1699039523\n|move|p1a: Sneasler|Fake Out|p2a: Arceus\n|-damage|p2a: Arceus|52\/100\n|cant|p2a: Arceus|flinch\n|\n|upkeep\n|turn|11\n|\n|t:|1699039534\n|move|p1a: Sneasler|Dire Claw|p2a: Arceus\n|-damage|p2a: Arceus|25\/100\n|-status|p2a: Arceus|slp\n|cant|p2a: Arceus|slp\n|\n|upkeep\n|turn|12\n|\n|t:|1699039542\n|cant|p2a: Arceus|slp\n|move|p1a: Sneasler|Bulk Up|p1a: Sneasler\n|-boost|p1a: Sneasler|atk|1\n|-boost|p1a: Sneasler|def|1\n|\n|upkeep\n|turn|13\n|\n|t:|1699039549\n|-curestatus|p2a: Arceus|slp|[msg]\n|move|p2a: Arceus|Hydro Pump|p1a: Sneasler\n|-damage|p1a: Sneasler|42\/100\n|move|p1a: Sneasler|Bulk Up|p1a: Sneasler\n|-boost|p1a: Sneasler|atk|1\n|-boost|p1a: Sneasler|def|1\n|\n|-heal|p1a: Sneasler|48\/100|[from] item: Leftovers\n|upkeep\n|turn|14\n|\n|t:|1699039561\n|move|p1a: Sneasler|Fake Out||[still]\n|-hint|Fake Out only works on your first turn out.\n|-fail|p1a: Sneasler\n|move|p2a: Arceus|Hydro Pump|p1a: Sneasler|[miss]\n|-miss|p2a: Arceus|p1a: Sneasler\n|\n|-heal|p1a: Sneasler|53\/100|[from] item: Leftovers\n|upkeep\n|turn|15\n|\n|t:|1699039571\n|move|p1a: Sneasler|Fake Out||[still]\n|-hint|Fake Out only works on your first turn out.\n|-fail|p1a: Sneasler\n|move|p2a: Arceus|Hydro Pump|p1a: Sneasler\n|-damage|p1a: Sneasler|0 fnt\n|faint|p1a: Sneasler\n|\n|upkeep\n|\n|t:|1699039578\n|switch|p1a: Power|Serperior, M|100\/100\n|turn|16\n|\n|t:|1699039586\n|-terastallize|p1a: Power|Normal\n|move|p2a: Arceus|Judgment|p1a: Power\n|-damage|p1a: Power|11\/100\n|move|p1a: Power|Leaf Storm|p2a: Arceus\n|-resisted|p2a: Arceus\n|-damage|p2a: Arceus|15\/100\n|-boost|p1a: Power|spa|2\n|\n|upkeep\n|turn|17\n|\n|t:|1699039596\n|move|p2a: Arceus|Extreme Speed|p1a: Power\n|-damage|p1a: Power|0 fnt\n|faint|p1a: Power\n|\n|upkeep\n|\n|t:|1699039602\n|switch|p1a: X|Garchomp, M|100\/100\n|turn|18\n|\n|t:|1699039613\n|detailschange|p1a: X|Garchomp-Mega, M\n|-mega|p1a: X|Garchomp|Garchompite\n|move|p1a: X|Iron Head|p2a: Arceus\n|-damage|p2a: Arceus|0 fnt\n|faint|p2a: Arceus\n|\n|upkeep\n|\n|t:|1699039625\n|switch|p2a: Cottonee|Cottonee, L1, F, shiny|100\/100\n|turn|19\n|\n|t:|1699039629\n|move|p2a: Cottonee|Leech Seed|p1a: X\n|-start|p1a: X|move: Leech Seed\n|move|p1a: X|Iron Head|p2a: Cottonee\n|-supereffective|p2a: Cottonee\n|-enditem|p2a: Cottonee|Focus Sash\n|-damage|p2a: Cottonee|9\/100\n|\n|-damage|p1a: X|88\/100|[from] Leech Seed|[of] p2a: Cottonee\n|-heal|p2a: Cottonee|100\/100|[silent]\n|upkeep\n|turn|20\n|-message|Yu12 forfeited.\n|\n|win|Kdisue\n|raw|Yu12's rating: 1133 &rarr; <strong>1113<\/strong><br \/>(-20 for losing)\n|raw|Kdisue's rating: 1197 &rarr; <strong>1217<\/strong><br \/>(+20 for winning)\n|l|\u2606Yu12\n","uploadtime":1699039645,"views":4,"p1id":"yu12","p2id":"kdisue","formatid":"gen9nationaldexubers","rating":1113,"private":0,"password":""}