{"id":"gen9nationaldexubers-1978256880","p1":"XMarcosPr710","p2":"85792195wwww","format":"[Gen 9] National Dex Ubers","log":"|j|\u2606XMarcosPr710\n|j|\u260685792195wwww\n|t:|1698517804\n|gametype|singles\n|player|p1|XMarcosPr710|benga|1565\n|player|p2|85792195wwww|lady|1822\n|teamsize|p1|6\n|teamsize|p2|6\n|gen|9\n|tier|[Gen 9] National Dex Ubers\n|rated|\n|rule|HP Percentage Mod: HP is shown in percentages\n|rule|Endless Battle Clause: Forcing endless battles is banned\n|rule|OHKO Clause: OHKO moves are banned\n|rule|Evasion Moves Clause: Evasion moves are banned\n|rule|Evasion Items Clause: Evasion items are banned\n|rule|Species Clause: Limit one of each Pok\u00e9mon\n|rule|Sleep Clause Mod: Limit one foe put to sleep\n|rule|Mega Rayquaza Clause: You cannot mega evolve Rayquaza\n|clearpoke\n|poke|p1|Lunala|\n|poke|p1|Necrozma-Dusk-Mane|\n|poke|p1|Arceus-Dark|\n|poke|p1|Yveltal|\n|poke|p1|Groudon|\n|poke|p1|Zacian-*|\n|poke|p2|Calyrex-Ice|\n|poke|p2|Groudon|\n|poke|p2|Krookodile, M|\n|poke|p2|Xerneas-*|\n|poke|p2|Zacian-*|\n|poke|p2|Arceus|\n|teampreview\n|\n|t:|1698517821\n|start\n|switch|p1a: Arceus|Arceus-Dark|100\/100\n|switch|p2a: Xerneas|Xerneas|100\/100\n|-ability|p2a: Xerneas|Fairy Aura\n|turn|1\n|\n|t:|1698517842\n|switch|p1a: Necrozma|Necrozma-Dusk-Mane|100\/100\n|move|p2a: Xerneas|Moonblast|p1a: Necrozma\n|-resisted|p1a: Necrozma\n|-damage|p1a: Necrozma|70\/100\n|\n|-heal|p1a: Necrozma|76\/100|[from] item: Leftovers\n|upkeep\n|turn|2\n|\n|t:|1698517869\n|switch|p2a: Krookodile|Krookodile, M|100\/100\n|-ability|p2a: Krookodile|Intimidate|boost\n|-unboost|p1a: Necrozma|atk|1\n|move|p1a: Necrozma|Thunder Wave|p2a: Krookodile\n|-immune|p2a: Krookodile\n|\n|-heal|p1a: Necrozma|82\/100|[from] item: Leftovers\n|upkeep\n|turn|3\n|\n|t:|1698517879\n|switch|p1a: Yveltal|Yveltal|100\/100\n|-ability|p1a: Yveltal|Dark Aura\n|move|p2a: Krookodile|Stealth Rock|p1a: Yveltal\n|-sidestart|p1: XMarcosPr710|move: Stealth Rock\n|\n|upkeep\n|turn|4\n|\n|t:|1698517887\n|move|p1a: Yveltal|Oblivion Wing|p2a: Krookodile\n|-damage|p2a: Krookodile|40\/100\n|-damage|p1a: Yveltal|91\/100|[from] item: Life Orb\n|move|p2a: Krookodile|Knock Off|p1a: Yveltal\n|-resisted|p1a: Yveltal\n|-damage|p1a: Yveltal|59\/100\n|-enditem|p1a: Yveltal|Life Orb|[from] move: Knock Off|[of] p2a: Krookodile\n|\n|upkeep\n|turn|5\n|\n|t:|1698517899\n|switch|p2a: Zacian|Zacian-Crowned|100\/100\n|-ability|p2a: Zacian|Intrepid Sword|boost\n|-boost|p2a: Zacian|atk|1\n|move|p1a: Yveltal|Knock Off|p2a: Zacian\n|-resisted|p2a: Zacian\n|-damage|p2a: Zacian|79\/100\n|\n|upkeep\n|turn|6\n|\n|t:|1698517907\n|switch|p1a: Groudon|Groudon|100\/100\n|-damage|p1a: Groudon|94\/100|[from] Stealth Rock\n|detailschange|p1a: Groudon|Groudon-Primal\n|-primal|p1a: Groudon|Red Orb\n|-weather|DesolateLand|[from] ability: Desolate Land|[of] p1a: Groudon\n|move|p2a: Zacian|Swords Dance|p2a: Zacian\n|-boost|p2a: Zacian|atk|2\n|\n|-weather|DesolateLand|[upkeep]\n|upkeep\n|turn|7\n|\n|t:|1698517917\n|move|p2a: Zacian|Close Combat|p1a: Groudon\n|-damage|p1a: Groudon|21\/100\n|-unboost|p2a: Zacian|def|1\n|-unboost|p2a: Zacian|spd|1\n|move|p1a: Groudon|Heat Crash|p2a: Zacian\n|-supereffective|p2a: Zacian\n|-damage|p2a: Zacian|0 fnt\n|faint|p2a: Zacian\n|\n|-weather|DesolateLand|[upkeep]\n|upkeep\n|\n|t:|1698517931\n|switch|p2a: Arceus|Arceus|100\/100\n|turn|8\n|\n|t:|1698517935\n|move|p2a: Arceus|Swords Dance|p2a: Arceus\n|-boost|p2a: Arceus|atk|2\n|move|p1a: Groudon|Spikes|p2a: Arceus\n|-sidestart|p2: 85792195wwww|Spikes\n|\n|-weather|DesolateLand|[upkeep]\n|upkeep\n|turn|9\n|\n|t:|1698517942\n|move|p2a: Arceus|Extreme Speed|p1a: Groudon\n|-damage|p1a: Groudon|0 fnt\n|faint|p1a: Groudon\n|-weather|none\n|-damage|p2a: Arceus|91\/100|[from] item: Life Orb\n|\n|upkeep\n|\n|t:|1698517955\n|switch|p1a: Lunala|Lunala|100\/100\n|turn|10\n|\n|t:|1698517961\n|move|p2a: Arceus|Shadow Force||[still]\n|-prepare|p2a: Arceus|Shadow Force\n|move|p1a: Lunala|Calm Mind|p1a: Lunala\n|-boost|p1a: Lunala|spa|1\n|-boost|p1a: Lunala|spd|1\n|\n|upkeep\n|turn|11\n|\n|t:|1698517967\n|-terastallize|p1a: Lunala|Fairy\n|move|p2a: Arceus|Shadow Force|p1a: Lunala|[from]lockedmove\n|-damage|p1a: Lunala|47\/100\n|-damage|p2a: Arceus|81\/100|[from] item: Life Orb\n|move|p1a: Lunala|Psyshock|p2a: Arceus\n|-damage|p2a: Arceus|34\/100\n|\n|upkeep\n|turn|12\n|\n|t:|1698517977\n|move|p2a: Arceus|Extreme Speed|p1a: Lunala\n|-damage|p1a: Lunala|0 fnt\n|faint|p1a: Lunala\n|-damage|p2a: Arceus|24\/100|[from] item: Life Orb\n|\n|upkeep\n|\n|t:|1698517984\n|switch|p1a: Zacian|Zacian-Crowned|100\/100\n|-damage|p1a: Zacian|94\/100|[from] Stealth Rock\n|-ability|p1a: Zacian|Intrepid Sword|boost\n|-boost|p1a: Zacian|atk|1\n|turn|13\n|\n|t:|1698517990\n|move|p2a: Arceus|Extreme Speed|p1a: Zacian\n|-resisted|p1a: Zacian\n|-damage|p1a: Zacian|45\/100\n|-damage|p2a: Arceus|14\/100|[from] item: Life Orb\n|move|p1a: Zacian|Behemoth Blade|p2a: Arceus\n|-damage|p2a: Arceus|0 fnt\n|faint|p2a: Arceus\n|\n|upkeep\n|\n|t:|1698518006\n|switch|p2a: Groudon|Groudon|100\/100\n|-damage|p2a: Groudon|88\/100|[from] Spikes\n|detailschange|p2a: Groudon|Groudon-Primal\n|-primal|p2a: Groudon|Red Orb\n|-weather|DesolateLand|[from] ability: Desolate Land|[of] p2a: Groudon\n|turn|14\n|\n|t:|1698518014\n|move|p1a: Zacian|Behemoth Blade|p2a: Groudon\n|-resisted|p2a: Groudon\n|-damage|p2a: Groudon|62\/100\n|move|p2a: Groudon|Rock Polish|p2a: Groudon\n|-boost|p2a: Groudon|spe|2\n|\n|-weather|DesolateLand|[upkeep]\n|upkeep\n|turn|15\n|\n|t:|1698518022\n|move|p2a: Groudon|Swords Dance|p2a: Groudon\n|-boost|p2a: Groudon|atk|2\n|move|p1a: Zacian|Behemoth Blade|p2a: Groudon\n|-resisted|p2a: Groudon\n|-damage|p2a: Groudon|36\/100\n|\n|-weather|DesolateLand|[upkeep]\n|upkeep\n|turn|16\n|\n|t:|1698518030\n|move|p2a: Groudon|Heat Crash|p1a: Zacian\n|-supereffective|p1a: Zacian\n|-damage|p1a: Zacian|0 fnt\n|faint|p1a: Zacian\n|\n|-weather|DesolateLand|[upkeep]\n|upkeep\n|\n|t:|1698518035\n|switch|p1a: Yveltal|Yveltal|59\/100\n|-damage|p1a: Yveltal|34\/100|[from] Stealth Rock\n|-ability|p1a: Yveltal|Dark Aura\n|turn|17\n|\n|t:|1698518040\n|move|p1a: Yveltal|Sucker Punch|p2a: Groudon\n|-damage|p2a: Groudon|5\/100\n|move|p2a: Groudon|Heat Crash|p1a: Yveltal\n|-damage|p1a: Yveltal|0 fnt\n|faint|p1a: Yveltal\n|\n|-weather|DesolateLand|[upkeep]\n|upkeep\n|-message|XMarcosPr710 forfeited.\n|\n|win|85792195wwww\n|raw|XMarcosPr710's rating: 1565 &rarr; <strong>1558<\/strong><br \/>(-7 for losing)\n|raw|85792195wwww's rating: 1822 &rarr; <strong>1829<\/strong><br \/>(+7 for winning)\n|l|\u2606XMarcosPr710\n","uploadtime":1698518052,"views":7,"p1id":"xmarcospr710","p2id":"85792195wwww","formatid":"gen9nationaldexubers","rating":1558,"private":0,"password":""}