{"id":"gen9nationaldexubers-1991453153","p1":"pakiavatar9434","p2":"KarmaKazama0","format":"[Gen 9] National Dex Ubers","log":"|j|\u2606pakiavatar9434\n|j|\u2606KarmaKazama0\n|t:|1700078393\n|gametype|singles\n|player|p1|pakiavatar9434|dragontamer|1597\n|player|p2|KarmaKazama0|265|1526\n|teamsize|p1|6\n|teamsize|p2|6\n|gen|9\n|tier|[Gen 9] National Dex Ubers\n|rated|\n|rule|HP Percentage Mod: HP is shown in percentages\n|rule|Endless Battle Clause: Forcing endless battles is banned\n|rule|OHKO Clause: OHKO moves are banned\n|rule|Evasion Moves Clause: Evasion moves are banned\n|rule|Evasion Items Clause: Evasion items are banned\n|rule|Species Clause: Limit one of each Pok\u00e9mon\n|rule|Sleep Clause Mod: Limit one foe put to sleep\n|rule|Mega Rayquaza Clause: You cannot mega evolve Rayquaza\n|clearpoke\n|poke|p1|Melmetal|\n|poke|p1|Sharpedo, M|\n|poke|p1|Jellicent, F|\n|poke|p1|Blissey, F|\n|poke|p1|Xerneas-*|\n|poke|p1|Heatran, M|\n|poke|p2|Zygarde|\n|poke|p2|Ho-Oh|\n|poke|p2|Xerneas-*|\n|poke|p2|Arceus-Ground|\n|poke|p2|Groudon|\n|poke|p2|Giratina-Origin|\n|teampreview\n|inactive|Battle timer is ON: inactive players will automatically lose when time's up. (requested by KarmaKazama0)\n|\n|t:|1700078408\n|start\n|switch|p1a: Heatran|Heatran, M|100\/100\n|switch|p2a: Zygarde|Zygarde|100\/100\n|-item|p1a: Heatran|Air Balloon\n|turn|1\n|\n|t:|1700078414\n|-terastallize|p1a: Heatran|Grass\n|move|p2a: Zygarde|Thousand Arrows|p1a: Heatran\n|-resisted|p1a: Heatran\n|-damage|p1a: Heatran|88\/100\n|-enditem|p1a: Heatran|Air Balloon\n|move|p1a: Heatran|Toxic|p2a: Zygarde\n|-status|p2a: Zygarde|tox\n|\n|-damage|p2a: Zygarde|94\/100 tox|[from] psn\n|upkeep\n|turn|2\n|\n|t:|1700078419\n|move|p2a: Zygarde|Glare|p1a: Heatran\n|-status|p1a: Heatran|par\n|cant|p1a: Heatran|par\n|\n|-heal|p2a: Zygarde|100\/100 tox|[from] item: Leftovers\n|-damage|p2a: Zygarde|88\/100 tox|[from] psn\n|upkeep\n|turn|3\n|\n|t:|1700078423\n|move|p2a: Zygarde|Coil|p2a: Zygarde\n|-boost|p2a: Zygarde|atk|1\n|-boost|p2a: Zygarde|def|1\n|-boost|p2a: Zygarde|accuracy|1\n|move|p1a: Heatran|Tera Blast|p2a: Zygarde|[anim] Tera Blast Grass\n|-crit|p2a: Zygarde\n|-damage|p2a: Zygarde|34\/100 tox\n|\n|-heal|p2a: Zygarde|40\/100 tox|[from] item: Leftovers\n|-damage|p2a: Zygarde|21\/100 tox|[from] psn\n|-activate|p2a: Zygarde|ability: Power Construct\n|detailschange|p2a: Zygarde|Zygarde-Complete\n|-heal|p2a: Zygarde|48\/100 tox|[silent]\n|upkeep\n|turn|4\n|\n|t:|1700078429\n|move|p2a: Zygarde|Rest|p2a: Zygarde\n|-status|p2a: Zygarde|slp|[from] move: Rest\n|-heal|p2a: Zygarde|100\/100 slp|[silent]\n|cant|p1a: Heatran|par\n|\n|upkeep\n|turn|5\n|\n|t:|1700078435\n|switch|p1a: Jellicent|Jellicent, F|100\/100\n|cant|p2a: Zygarde|slp\n|\n|upkeep\n|turn|6\n|\n|t:|1700078444\n|cant|p2a: Zygarde|slp\n|move|p1a: Jellicent|Strength Sap|p2a: Zygarde\n|-unboost|p2a: Zygarde|atk|1\n|\n|upkeep\n|turn|7\n|\n|t:|1700078448\n|-curestatus|p2a: Zygarde|slp|[msg]\n|move|p2a: Zygarde|Coil|p2a: Zygarde\n|-boost|p2a: Zygarde|atk|1\n|-boost|p2a: Zygarde|def|1\n|-boost|p2a: Zygarde|accuracy|1\n|move|p1a: Jellicent|Substitute|p1a: Jellicent\n|-start|p1a: Jellicent|Substitute\n|-damage|p1a: Jellicent|75\/100\n|\n|upkeep\n|turn|8\n|\n|t:|1700078451\n|move|p2a: Zygarde|Thousand Arrows|p1a: Jellicent\n|-end|p1a: Jellicent|Substitute\n|move|p1a: Jellicent|Strength Sap|p2a: Zygarde\n|-unboost|p2a: Zygarde|atk|1\n|-heal|p1a: Jellicent|100\/100\n|\n|upkeep\n|turn|9\n|\n|t:|1700078477\n|switch|p2a: Giratina|Giratina-Origin|100\/100\n|move|p1a: Jellicent|Substitute|p1a: Jellicent\n|-start|p1a: Jellicent|Substitute\n|-damage|p1a: Jellicent|75\/100\n|\n|upkeep\n|turn|10\n|\n|t:|1700078482\n|move|p2a: Giratina|Poltergeist|p1a: Jellicent\n|-activate|p1a: Jellicent|move: Poltergeist|Colbur Berry\n|-supereffective|p1a: Jellicent\n|-end|p1a: Jellicent|Substitute\n|move|p1a: Jellicent|Strength Sap|p2a: Giratina\n|-unboost|p2a: Giratina|atk|1\n|-heal|p1a: Jellicent|100\/100\n|\n|upkeep\n|turn|11\n|\n|t:|1700078489\n|switch|p1a: Blissey|Blissey, F|100\/100\n|move|p2a: Giratina|Dragon Tail|p1a: Blissey\n|-damage|p1a: Blissey|78\/100\n|drag|p1a: Melmetal|Melmetal|100\/100\n|\n|upkeep\n|turn|12\n|\n|t:|1700078493\n|switch|p1a: Xerneas|Xerneas|100\/100\n|-ability|p1a: Xerneas|Fairy Aura\n|move|p2a: Giratina|Will-O-Wisp|p1a: Xerneas\n|-status|p1a: Xerneas|brn\n|\n|-damage|p1a: Xerneas|94\/100 brn|[from] brn\n|upkeep\n|turn|13\n|\n|t:|1700078504\n|move|p2a: Giratina|Poltergeist|p1a: Xerneas\n|-activate|p1a: Xerneas|move: Poltergeist|Power Herb\n|-damage|p1a: Xerneas|68\/100 brn\n|move|p1a: Xerneas|Aromatherapy|p1a: Xerneas\n|-activate|p1a: Xerneas|move: Aromatherapy\n|-curestatus|p1a: Xerneas|brn|[msg]\n|-curestatus|p1: Heatran|par|[msg]\n|\n|upkeep\n|turn|14\n|\n|t:|1700078514\n|move|p2a: Giratina|Poltergeist|p1a: Xerneas\n|-activate|p1a: Xerneas|move: Poltergeist|Power Herb\n|-damage|p1a: Xerneas|44\/100\n|move|p1a: Xerneas|Moonblast|p2a: Giratina\n|-supereffective|p2a: Giratina\n|-damage|p2a: Giratina|30\/100\n|\n|upkeep\n|turn|15\n|\n|t:|1700078543\n|switch|p2a: Ho-Oh|Ho-Oh|100\/100\n|switch|p1a: Blissey|Blissey, F|78\/100\n|\n|-heal|p1a: Blissey|84\/100|[from] item: Leftovers\n|upkeep\n|turn|16\n|\n|t:|1700078552\n|move|p2a: Ho-Oh|Toxic|p1a: Blissey\n|-status|p1a: Blissey|tox\n|move|p1a: Blissey|Thunder Wave|p2a: Ho-Oh\n|-status|p2a: Ho-Oh|par\n|\n|-heal|p1a: Blissey|90\/100 tox|[from] item: Leftovers\n|-damage|p1a: Blissey|84\/100 tox|[from] psn\n|upkeep\n|turn|17\n|\n|t:|1700078563\n|move|p1a: Blissey|Wish|p1a: Blissey\n|move|p2a: Ho-Oh|Whirlwind|p1a: Blissey\n|-curestatus|p1a: Blissey|tox|[from] ability: Natural Cure\n|drag|p1a: Heatran|Heatran, M, tera:Grass|88\/100\n|\n|upkeep\n|turn|18\n|\n|t:|1700078571\n|move|p1a: Heatran|Magma Storm|p2a: Ho-Oh\n|-resisted|p2a: Ho-Oh\n|-damage|p2a: Ho-Oh|85\/100 par\n|-activate|p2a: Ho-Oh|move: Magma Storm|[of] p1a: Heatran\n|move|p2a: Ho-Oh|Toxic|p1a: Heatran\n|-status|p1a: Heatran|tox\n|\n|-heal|p1a: Heatran|100\/100 tox|[from] move: Wish|[wisher] Blissey\n|-damage|p1a: Heatran|94\/100 tox|[from] psn\n|-damage|p2a: Ho-Oh|72\/100 par|[from] move: Magma Storm|[partiallytrapped]\n|upkeep\n|turn|19\n|\n|t:|1700078579\n|move|p1a: Heatran|Magma Storm|p2a: Ho-Oh|[miss]\n|-miss|p1a: Heatran|p2a: Ho-Oh\n|cant|p2a: Ho-Oh|par\n|\n|-damage|p1a: Heatran|82\/100 tox|[from] psn\n|-damage|p2a: Ho-Oh|60\/100 par|[from] move: Magma Storm|[partiallytrapped]\n|upkeep\n|turn|20\n|\n|t:|1700078584\n|switch|p1a: Blissey|Blissey, F|84\/100\n|move|p2a: Ho-Oh|Whirlwind|p1a: Blissey\n|drag|p1a: Jellicent|Jellicent, F|100\/100\n|\n|-end|p2a: Ho-Oh|Magma Storm|[partiallytrapped]|[silent]\n|upkeep\n|turn|21\n|\n|t:|1700078589\n|move|p1a: Jellicent|Scald|p2a: Ho-Oh\n|-supereffective|p2a: Ho-Oh\n|-damage|p2a: Ho-Oh|34\/100 par\n|move|p2a: Ho-Oh|Toxic|p1a: Jellicent\n|-status|p1a: Jellicent|tox\n|\n|-damage|p1a: Jellicent|94\/100 tox|[from] psn\n|upkeep\n|turn|22\n|\n|t:|1700078603\n|switch|p1a: Blissey|Blissey, F|84\/100\n|switch|p2a: Xerneas|Xerneas|100\/100\n|-ability|p2a: Xerneas|Fairy Aura\n|\n|-heal|p1a: Blissey|90\/100|[from] item: Leftovers\n|upkeep\n|turn|23\n|\n|t:|1700078610\n|-terastallize|p2a: Xerneas|Electric\n|move|p2a: Xerneas|Geomancy||[still]\n|-prepare|p2a: Xerneas|Geomancy\n|-enditem|p2a: Xerneas|Power Herb\n|-anim|p2a: Xerneas|Geomancy|p2a: Xerneas\n|-boost|p2a: Xerneas|spa|2\n|-boost|p2a: Xerneas|spd|2\n|-boost|p2a: Xerneas|spe|2\n|move|p1a: Blissey|Thunder Wave|p2a: Xerneas\n|-immune|p2a: Xerneas\n|\n|-heal|p1a: Blissey|97\/100|[from] item: Leftovers\n|upkeep\n|turn|24\n|\n|t:|1700078616\n|move|p2a: Xerneas|Focus Blast|p1a: Blissey|[miss]\n|-miss|p2a: Xerneas|p1a: Blissey\n|move|p1a: Blissey|Wish|p1a: Blissey\n|\n|-heal|p1a: Blissey|100\/100|[from] item: Leftovers\n|upkeep\n|turn|25\n|\n|t:|1700078624\n|switch|p1a: Melmetal|Melmetal|100\/100\n|move|p2a: Xerneas|Focus Blast|p1a: Melmetal\n|-supereffective|p1a: Melmetal\n|-damage|p1a: Melmetal|0 fnt\n|faint|p1a: Melmetal\n|\n|upkeep\n|\n|t:|1700078629\n|switch|p1a: Sharpedo|Sharpedo, M|100\/100\n|turn|26\n|\n|t:|1700078632\n|move|p1a: Sharpedo|Protect|p1a: Sharpedo\n|-singleturn|p1a: Sharpedo|Protect\n|move|p2a: Xerneas|Moonblast|p1a: Sharpedo\n|-activate|p1a: Sharpedo|move: Protect\n|\n|-ability|p1a: Sharpedo|Speed Boost|boost\n|-boost|p1a: Sharpedo|spe|1\n|upkeep\n|turn|27\n|\n|t:|1700078638\n|move|p2a: Xerneas|Moonblast|p1a: Sharpedo\n|-supereffective|p1a: Sharpedo\n|-enditem|p1a: Sharpedo|Focus Sash\n|-damage|p1a: Sharpedo|1\/100\n|move|p1a: Sharpedo|Waterfall|p2a: Xerneas\n|-damage|p2a: Xerneas|64\/100\n|\n|-ability|p1a: Sharpedo|Speed Boost|boost\n|-boost|p1a: Sharpedo|spe|1\n|upkeep\n|turn|28\n|\n|t:|1700078660\n|switch|p2a: Ho-Oh|Ho-Oh|67\/100 par\n|move|p1a: Sharpedo|Protect||[still]\n|-fail|p1a: Sharpedo\n|\n|-ability|p1a: Sharpedo|Speed Boost|boost\n|-boost|p1a: Sharpedo|spe|1\n|upkeep\n|turn|29\n|\n|t:|1700078664\n|move|p1a: Sharpedo|Waterfall|p2a: Ho-Oh\n|-supereffective|p2a: Ho-Oh\n|-damage|p2a: Ho-Oh|7\/100 par\n|cant|p2a: Ho-Oh|flinch\n|\n|-ability|p1a: Sharpedo|Speed Boost|boost\n|-boost|p1a: Sharpedo|spe|1\n|upkeep\n|turn|30\n|\n|t:|1700078671\n|move|p1a: Sharpedo|Waterfall|p2a: Ho-Oh\n|-supereffective|p2a: Ho-Oh\n|-damage|p2a: Ho-Oh|0 fnt\n|faint|p2a: Ho-Oh\n|\n|-ability|p1a: Sharpedo|Speed Boost|boost\n|-boost|p1a: Sharpedo|spe|1\n|upkeep\n|\n|t:|1700078684\n|switch|p2a: Arceus|Arceus-Ground|100\/100\n|turn|31\n|\n|t:|1700078687\n|move|p1a: Sharpedo|Protect|p1a: Sharpedo\n|-singleturn|p1a: Sharpedo|Protect\n|move|p2a: Arceus|Toxic|p1a: Sharpedo\n|-activate|p1a: Sharpedo|move: Protect\n|\n|-ability|p1a: Sharpedo|Speed Boost|boost\n|-boost|p1a: Sharpedo|spe|1\n|upkeep\n|turn|32\n|\n|t:|1700078690\n|move|p1a: Sharpedo|Destiny Bond|p1a: Sharpedo\n|-singlemove|p1a: Sharpedo|Destiny Bond\n|move|p2a: Arceus|Toxic|p1a: Sharpedo|[miss]\n|-miss|p2a: Arceus|p1a: Sharpedo\n|\n|upkeep\n|turn|33\n|\n|t:|1700078699\n|switch|p1a: Blissey|Blissey, F|100\/100\n|move|p2a: Arceus|Toxic|p1a: Blissey\n|-status|p1a: Blissey|tox\n|\n|-damage|p1a: Blissey|94\/100 tox|[from] psn\n|upkeep\n|turn|34\n|\n|t:|1700078703\n|move|p2a: Arceus|Taunt|p1a: Blissey\n|-start|p1a: Blissey|move: Taunt\n|cant|p1a: Blissey|move: Taunt|Wish\n|\n|-heal|p1a: Blissey|100\/100 tox|[from] item: Leftovers\n|-damage|p1a: Blissey|88\/100 tox|[from] psn\n|upkeep\n|turn|35\n|\n|t:|1700078723\n|switch|p2a: Zygarde|Zygarde-Complete|100\/100\n|-curestatus|p1a: Blissey|tox|[from] ability: Natural Cure\n|switch|p1a: Heatran|Heatran, M, tera:Grass|82\/100 tox\n|\n|-damage|p1a: Heatran|76\/100 tox|[from] psn\n|upkeep\n|turn|36\n|inactive|KarmaKazama0 has 120 seconds left.\n|\n|t:|1700078752\n|move|p2a: Zygarde|Thousand Arrows|p1a: Heatran\n|-resisted|p1a: Heatran\n|-damage|p1a: Heatran|64\/100 tox\n|move|p1a: Heatran|Toxic|p2a: Zygarde\n|-status|p2a: Zygarde|tox\n|\n|-damage|p2a: Zygarde|94\/100 tox|[from] psn\n|-damage|p1a: Heatran|51\/100 tox|[from] psn\n|upkeep\n|turn|37\n|\n|t:|1700078758\n|switch|p1a: Blissey|Blissey, F|88\/100\n|move|p2a: Zygarde|Coil|p2a: Zygarde\n|-boost|p2a: Zygarde|atk|1\n|-boost|p2a: Zygarde|def|1\n|-boost|p2a: Zygarde|accuracy|1\n|\n|-heal|p2a: Zygarde|100\/100 tox|[from] item: Leftovers\n|-heal|p1a: Blissey|94\/100|[from] item: Leftovers\n|-damage|p2a: Zygarde|88\/100 tox|[from] psn\n|upkeep\n|turn|38\n|\n|t:|1700078764\n|switch|p1a: Sharpedo|Sharpedo, M|1\/100\n|move|p2a: Zygarde|Coil|p2a: Zygarde\n|-boost|p2a: Zygarde|atk|1\n|-boost|p2a: Zygarde|def|1\n|-boost|p2a: Zygarde|accuracy|1\n|\n|-heal|p2a: Zygarde|94\/100 tox|[from] item: Leftovers\n|-damage|p2a: Zygarde|76\/100 tox|[from] psn\n|upkeep\n|turn|39\n|\n|t:|1700078772\n|move|p1a: Sharpedo|Protect|p1a: Sharpedo\n|-singleturn|p1a: Sharpedo|Protect\n|move|p2a: Zygarde|Thousand Arrows|p1a: Sharpedo\n|-activate|p1a: Sharpedo|move: Protect\n|\n|-heal|p2a: Zygarde|82\/100 tox|[from] item: Leftovers\n|-damage|p2a: Zygarde|58\/100 tox|[from] psn\n|-ability|p1a: Sharpedo|Speed Boost|boost\n|-boost|p1a: Sharpedo|spe|1\n|upkeep\n|turn|40\n|\n|t:|1700078777\n|move|p1a: Sharpedo|Destiny Bond|p1a: Sharpedo\n|-singlemove|p1a: Sharpedo|Destiny Bond\n|move|p2a: Zygarde|Glare|p1a: Sharpedo\n|-status|p1a: Sharpedo|par\n|\n|-heal|p2a: Zygarde|64\/100 tox|[from] item: Leftovers\n|-damage|p2a: Zygarde|33\/100 tox|[from] psn\n|-ability|p1a: Sharpedo|Speed Boost|boost\n|-boost|p1a: Sharpedo|spe|1\n|upkeep\n|turn|41\n|\n|t:|1700078782\n|move|p2a: Zygarde|Rest|p2a: Zygarde\n|-status|p2a: Zygarde|slp|[from] move: Rest\n|-heal|p2a: Zygarde|100\/100 slp|[silent]\n|move|p1a: Sharpedo|Roar|p2a: Zygarde\n|drag|p2a: Giratina|Giratina-Origin|30\/100\n|\n|-ability|p1a: Sharpedo|Speed Boost|boost\n|-boost|p1a: Sharpedo|spe|1\n|upkeep\n|turn|42\n|\n|t:|1700078789\n|cant|p1a: Sharpedo|par\n|move|p2a: Giratina|Dragon Tail|p1a: Sharpedo\n|-damage|p1a: Sharpedo|0 fnt\n|faint|p1a: Sharpedo\n|\n|upkeep\n|\n|t:|1700078794\n|switch|p1a: Xerneas|Xerneas|44\/100\n|-ability|p1a: Xerneas|Fairy Aura\n|turn|43\n|\n|t:|1700078801\n|move|p2a: Giratina|Poltergeist|p1a: Xerneas\n|-activate|p1a: Xerneas|move: Poltergeist|Power Herb\n|-damage|p1a: Xerneas|7\/100\n|move|p1a: Xerneas|Aromatherapy|p1a: Xerneas\n|-activate|p1a: Xerneas|move: Aromatherapy\n|-curestatus|p1: Heatran|tox|[msg]\n|-curestatus|p1: Jellicent|tox|[msg]\n|\n|upkeep\n|turn|44\n|\n|t:|1700078807\n|switch|p1a: Blissey|Blissey, F|94\/100\n|move|p2a: Giratina|Poltergeist|p1a: Blissey\n|-immune|p1a: Blissey\n|\n|-heal|p1a: Blissey|100\/100|[from] item: Leftovers\n|upkeep\n|turn|45\n|\n|t:|1700078812\n|move|p1a: Blissey|Thunder Wave|p2a: Giratina\n|-status|p2a: Giratina|par\n|cant|p2a: Giratina|par\n|\n|upkeep\n|turn|46\n|\n|t:|1700078815\n|move|p1a: Blissey|Wish|p1a: Blissey\n|move|p2a: Giratina|Dragon Tail|p1a: Blissey\n|-damage|p1a: Blissey|66\/100\n|drag|p1a: Jellicent|Jellicent, F|94\/100\n|\n|upkeep\n|turn|47\n|\n|t:|1700078824\n|move|p1a: Jellicent|Strength Sap|p2a: Giratina\n|-unboost|p2a: Giratina|atk|1\n|-heal|p1a: Jellicent|100\/100\n|cant|p2a: Giratina|par\n|\n|upkeep\n|turn|48\n|\n|t:|1700078829\n|switch|p1a: Blissey|Blissey, F|66\/100\n|move|p2a: Giratina|Poltergeist|p1a: Blissey\n|-immune|p1a: Blissey\n|\n|-heal|p1a: Blissey|73\/100|[from] item: Leftovers\n|upkeep\n|turn|49\n|\n|t:|1700078832\n|move|p1a: Blissey|Wish|p1a: Blissey\n|move|p2a: Giratina|Dragon Tail|p1a: Blissey\n|-damage|p1a: Blissey|50\/100\n|drag|p1a: Xerneas|Xerneas|7\/100\n|-ability|p1a: Xerneas|Fairy Aura\n|\n|upkeep\n|turn|50\n|\n|t:|1700078842\n|move|p1a: Xerneas|Moonblast|p2a: Giratina\n|-supereffective|p2a: Giratina\n|-crit|p2a: Giratina\n|-damage|p2a: Giratina|0 fnt\n|faint|p2a: Giratina\n|\n|-heal|p1a: Xerneas|86\/100|[from] move: Wish|[wisher] Blissey\n|upkeep\n|\n|t:|1700078850\n|switch|p2a: Groudon|Groudon|100\/100\n|detailschange|p2a: Groudon|Groudon-Primal\n|-primal|p2a: Groudon|Red Orb\n|-weather|DesolateLand|[from] ability: Desolate Land|[of] p2a: Groudon\n|turn|51\n|c|\u2606pakiavatar9434|phew\n|\n|t:|1700078859\n|switch|p1a: Jellicent|Jellicent, F|100\/100\n|move|p2a: Groudon|Precipice Blades|p1a: Jellicent\n|-damage|p1a: Jellicent|38\/100\n|\n|-weather|DesolateLand|[upkeep]\n|upkeep\n|turn|52\n|\n|t:|1700078864\n|move|p2a: Groudon|Precipice Blades|p1a: Jellicent\n|-damage|p1a: Jellicent|0 fnt\n|faint|p1a: Jellicent\n|\n|-weather|DesolateLand|[upkeep]\n|upkeep\n|\n|t:|1700078866\n|switch|p1a: Heatran|Heatran, M, tera:Grass|51\/100\n|turn|53\n|\n|t:|1700078882\n|-weather|none\n|switch|p2a: Arceus|Arceus-Ground|100\/100\n|move|p1a: Heatran|Earth Power|p2a: Arceus\n|-damage|p2a: Arceus|76\/100\n|-unboost|p2a: Arceus|spd|1\n|\n|upkeep\n|turn|54\n|\n|t:|1700078889\n|switch|p2a: Xerneas|Xerneas, tera:Electric|64\/100\n|-ability|p2a: Xerneas|Fairy Aura\n|move|p1a: Heatran|Tera Blast|p2a: Xerneas|[anim] Tera Blast Grass\n|-damage|p2a: Xerneas|27\/100\n|\n|upkeep\n|turn|55\n|\n|t:|1700078892\n|move|p2a: Xerneas|Moonblast|p1a: Heatran\n|-damage|p1a: Heatran|0 fnt\n|faint|p1a: Heatran\n|\n|upkeep\n|\n|t:|1700078897\n|switch|p1a: Blissey|Blissey, F|50\/100\n|turn|56\n|\n|t:|1700078901\n|move|p2a: Xerneas|Focus Blast|p1a: Blissey\n|-supereffective|p1a: Blissey\n|-damage|p1a: Blissey|20\/100\n|move|p1a: Blissey|Seismic Toss|p2a: Xerneas\n|-damage|p2a: Xerneas|3\/100\n|\n|-heal|p1a: Blissey|26\/100|[from] item: Leftovers\n|upkeep\n|turn|57\n|\n|t:|1700078905\n|move|p2a: Xerneas|Focus Blast|p1a: Blissey\n|-supereffective|p1a: Blissey\n|-damage|p1a: Blissey|0 fnt\n|faint|p1a: Blissey\n|\n|upkeep\n|\n|t:|1700078908\n|switch|p1a: Xerneas|Xerneas|86\/100\n|-ability|p1a: Xerneas|Fairy Aura\n|turn|58\n|\n|t:|1700078913\n|move|p2a: Xerneas|Moonblast|p1a: Xerneas\n|-damage|p1a: Xerneas|39\/100\n|move|p1a: Xerneas|Geomancy||[still]\n|-prepare|p1a: Xerneas|Geomancy\n|-enditem|p1a: Xerneas|Power Herb\n|-anim|p1a: Xerneas|Geomancy|p1a: Xerneas\n|-boost|p1a: Xerneas|spa|2\n|-boost|p1a: Xerneas|spd|2\n|-boost|p1a: Xerneas|spe|2\n|\n|upkeep\n|turn|59\n|j| leximek\n|\n|t:|1700078917\n|move|p1a: Xerneas|Moonblast|p2a: Xerneas\n|-damage|p2a: Xerneas|0 fnt\n|faint|p2a: Xerneas\n|\n|upkeep\n|\n|t:|1700078920\n|switch|p2a: Groudon|Groudon-Primal|100\/100\n|-weather|DesolateLand|[from] ability: Desolate Land|[of] p2a: Groudon\n|turn|60\n|c|\u2606pakiavatar9434|gg\n|c| leximek|this game is eternazl\n|\n|t:|1700078930\n|move|p1a: Xerneas|Moonblast|p2a: Groudon\n|-resisted|p2a: Groudon\n|-damage|p2a: Groudon|42\/100\n|-unboost|p2a: Groudon|spa|1\n|move|p2a: Groudon|Precipice Blades|p1a: Xerneas\n|-damage|p1a: Xerneas|0 fnt\n|faint|p1a: Xerneas\n|\n|win|KarmaKazama0\n|raw|pakiavatar9434's rating: 1597 &rarr; <strong>1573<\/strong><br \/>(-24 for losing)\n|raw|KarmaKazama0's rating: 1526 &rarr; <strong>1550<\/strong><br \/>(+24 for winning)\n|c| leximek|oh\n|c|\u2606KarmaKazama0|gg\n|c|\u2606pakiavatar9434|sad times\n|l|\u2606pakiavatar9434\n|c| leximek|looool\n|c|\u2606KarmaKazama0|it's ok man\n","uploadtime":1700078942,"views":27,"p1id":"pakiavatar9434","p2id":"karmakazama0","formatid":"gen9nationaldexubers","rating":1550,"private":0,"password":""}