{"id":"gen9nationaldexubers-1997218663","p1":"KennyMckor","p2":"edulegau","format":"[Gen 9] National Dex Ubers","log":"|j|\u2606KennyMckor\n|j|\u2606edulegau\n|t:|1700776832\n|gametype|singles\n|player|p1|KennyMckor|biker-gen4|1208\n|player|p2|edulegau|1|1173\n|teamsize|p1|6\n|teamsize|p2|6\n|gen|9\n|tier|[Gen 9] National Dex Ubers\n|rated|\n|rule|HP Percentage Mod: HP is shown in percentages\n|rule|Endless Battle Clause: Forcing endless battles is banned\n|rule|OHKO Clause: OHKO moves are banned\n|rule|Evasion Moves Clause: Evasion moves are banned\n|rule|Evasion Items Clause: Evasion items are banned\n|rule|Species Clause: Limit one of each Pok\u00e9mon\n|rule|Sleep Clause Mod: Limit one foe put to sleep\n|rule|Mega Rayquaza Clause: You cannot mega evolve Rayquaza\n|clearpoke\n|poke|p1|Maushold-Four|\n|poke|p1|Dragonite, M|\n|poke|p1|Basculegion, M|\n|poke|p1|Volcarona, F|\n|poke|p1|Gliscor, M|\n|poke|p1|Tapu Fini|\n|poke|p2|Sceptile, F|\n|poke|p2|Yveltal|\n|poke|p2|Swampert, M|\n|poke|p2|Solgaleo|\n|poke|p2|Groudon|\n|poke|p2|Eternatus|\n|teampreview\n|inactive|Battle timer is ON: inactive players will automatically lose when time's up. (requested by KennyMckor)\n|\n|t:|1700776852\n|start\n|switch|p1a: Maushold|Maushold-Four|100\/100\n|switch|p2a: Swampert|Swampert, M|100\/100\n|turn|1\n|\n|t:|1700776867\n|move|p1a: Maushold|Population Bomb|p2a: Swampert\n|-damage|p2a: Swampert|91\/100\n|-damage|p2a: Swampert|81\/100\n|-damage|p2a: Swampert|71\/100\n|-crit|p2a: Swampert\n|-damage|p2a: Swampert|56\/100\n|-hitcount|p2a: Swampert|4\n|move|p2a: Swampert|Earthquake|p1a: Maushold\n|-damage|p1a: Maushold|45\/100\n|\n|upkeep\n|turn|2\n|\n|t:|1700776879\n|move|p1a: Maushold|Population Bomb|p2a: Swampert\n|-damage|p2a: Swampert|47\/100\n|-damage|p2a: Swampert|38\/100\n|-damage|p2a: Swampert|28\/100\n|-damage|p2a: Swampert|19\/100\n|-damage|p2a: Swampert|10\/100\n|-hitcount|p2a: Swampert|5\n|move|p2a: Swampert|Earthquake|p1a: Maushold\n|-damage|p1a: Maushold|0 fnt\n|faint|p1a: Maushold\n|\n|upkeep\n|\n|t:|1700776892\n|switch|p1a: Dragonite|Dragonite, M|100\/100\n|turn|3\n|\n|t:|1700776902\n|switch|p2a: Groudon|Groudon|100\/100\n|detailschange|p2a: Groudon|Groudon-Primal\n|-primal|p2a: Groudon|Red Orb\n|-weather|DesolateLand|[from] ability: Desolate Land|[of] p2a: Groudon\n|move|p1a: Dragonite|Dragon Dance|p1a: Dragonite\n|-boost|p1a: Dragonite|atk|1\n|-boost|p1a: Dragonite|spe|1\n|\n|-weather|DesolateLand|[upkeep]\n|upkeep\n|turn|4\n|\n|t:|1700776911\n|move|p1a: Dragonite|Outrage|p2a: Groudon\n|-damage|p2a: Groudon|45\/100\n|move|p2a: Groudon|Dragon Pulse|p1a: Dragonite\n|-supereffective|p1a: Dragonite\n|-damage|p1a: Dragonite|71\/100\n|-enditem|p1a: Dragonite|Weakness Policy\n|-boost|p1a: Dragonite|atk|2|[from] item: Weakness Policy\n|-boost|p1a: Dragonite|spa|2|[from] item: Weakness Policy\n|\n|-weather|DesolateLand|[upkeep]\n|upkeep\n|turn|5\n|\n|t:|1700776920\n|move|p1a: Dragonite|Outrage|p2a: Groudon|[from]lockedmove\n|-damage|p2a: Groudon|0 fnt\n|faint|p2a: Groudon\n|-weather|none\n|\n|upkeep\n|\n|t:|1700776935\n|switch|p2a: Solgaleo|Solgaleo|100\/100\n|turn|6\n|\n|t:|1700776945\n|move|p1a: Dragonite|Outrage|p2a: Solgaleo|[from]lockedmove\n|-resisted|p2a: Solgaleo\n|-damage|p2a: Solgaleo|44\/100\n|-start|p1a: Dragonite|confusion|[fatigue]\n|move|p2a: Solgaleo|Steel Beam|p1a: Dragonite\n|-damage|p1a: Dragonite|15\/100\n|-damage|p2a: Solgaleo|0 fnt|[from] steelbeam\n|faint|p2a: Solgaleo\n|\n|upkeep\n|\n|t:|1700776966\n|switch|p2a: Yveltal|Yveltal|100\/100\n|-ability|p2a: Yveltal|Dark Aura\n|turn|7\n|\n|t:|1700776976\n|-activate|p1a: Dragonite|confusion\n|move|p1a: Dragonite|Ice Spinner|p2a: Yveltal\n|-supereffective|p2a: Yveltal\n|-damage|p2a: Yveltal|0 fnt\n|faint|p2a: Yveltal\n|\n|upkeep\n|\n|t:|1700776989\n|switch|p2a: Sceptile|Sceptile, F|100\/100\n|turn|8\n|\n|t:|1700776997\n|-activate|p1a: Dragonite|confusion\n|move|p1a: Dragonite|Ice Spinner|p2a: Sceptile\n|-supereffective|p2a: Sceptile\n|-damage|p2a: Sceptile|0 fnt\n|faint|p2a: Sceptile\n|\n|upkeep\n|\n|t:|1700777003\n|switch|p2a: Eternatus|Eternatus|100\/100\n|-ability|p2a: Eternatus|Pressure\n|turn|9\n|\n|t:|1700777017\n|-terastallize|p2a: Eternatus|Poison\n|-activate|p1a: Dragonite|confusion\n|move|p1a: Dragonite|Ice Spinner|p2a: Eternatus\n|-damage|p2a: Eternatus|53\/100\n|move|p2a: Eternatus|Draco Meteor|p1a: Dragonite\n|-supereffective|p1a: Dragonite\n|-damage|p1a: Dragonite|0 fnt\n|-unboost|p2a: Eternatus|spa|2\n|faint|p1a: Dragonite\n|\n|upkeep\n|\n|t:|1700777030\n|switch|p1a: Gliscor|Gliscor, M|100\/100\n|turn|10\n|\n|t:|1700777041\n|move|p2a: Eternatus|Gunk Shot|p1a: Gliscor\n|-resisted|p1a: Gliscor\n|-damage|p1a: Gliscor|79\/100\n|-status|p1a: Gliscor|psn\n|move|p1a: Gliscor|Earthquake|p2a: Eternatus\n|-supereffective|p2a: Eternatus\n|-crit|p2a: Eternatus\n|-damage|p2a: Eternatus|0 fnt\n|faint|p2a: Eternatus\n|\n|-heal|p1a: Gliscor|92\/100 psn|[from] ability: Poison Heal\n|upkeep\n|\n|t:|1700777051\n|switch|p2a: Swampert|Swampert, M|10\/100\n|turn|11\n|\n|t:|1700777058\n|move|p1a: Gliscor|Knock Off|p2a: Swampert\n|-damage|p2a: Swampert|0 fnt\n|faint|p2a: Swampert\n|\n|win|KennyMckor\n|raw|KennyMckor's rating: 1208 &rarr; <strong>1230<\/strong><br \/>(+22 for winning)\n|raw|edulegau's rating: 1173 &rarr; <strong>1151<\/strong><br \/>(-22 for losing)\n","uploadtime":1700777064,"views":4,"p1id":"kennymckor","p2id":"edulegau","formatid":"gen9nationaldexubers","rating":1151,"private":0,"password":""}