{"id":"gen9nationaldexubers-1985488931","p1":"Kat_XIII","p2":"Soyeon is a cutie","format":"[Gen 9] National Dex Ubers","log":"|j|\u2606Kat_XIII\n|j|\u2606Soyeon is a cutie\n|t:|1699378848\n|gametype|singles\n|player|p1|Kat_XIII|rood|1722\n|player|p2|Soyeon is a cutie|idol|1850\n|teamsize|p1|6\n|teamsize|p2|6\n|gen|9\n|tier|[Gen 9] National Dex Ubers\n|rated|\n|rule|HP Percentage Mod: HP is shown in percentages\n|rule|Endless Battle Clause: Forcing endless battles is banned\n|rule|OHKO Clause: OHKO moves are banned\n|rule|Evasion Moves Clause: Evasion moves are banned\n|rule|Evasion Items Clause: Evasion items are banned\n|rule|Species Clause: Limit one of each Pok\u00e9mon\n|rule|Sleep Clause Mod: Limit one foe put to sleep\n|rule|Mega Rayquaza Clause: You cannot mega evolve Rayquaza\n|clearpoke\n|poke|p1|Groudon|\n|poke|p1|Ho-Oh|\n|poke|p1|Zygarde|\n|poke|p1|Xerneas-*|\n|poke|p1|Kyogre|\n|poke|p1|Yveltal|\n|poke|p2|Arceus-Fairy|\n|poke|p2|Kingambit, F|\n|poke|p2|Ditto|\n|poke|p2|Urshifu-*, F|\n|poke|p2|Lunala|\n|poke|p2|Necrozma-Dusk-Mane|\n|teampreview\n|inactive|Battle timer is ON: inactive players will automatically lose when time's up. (requested by Kat_XIII)\n|inactive|Soyeon is a cutie also wants the timer to be on.\n|inactive|Kat_XIII has 120 seconds left.\n|c|\u2606Kat_XIII|glhf\n|\n|t:|1699378884\n|start\n|switch|p1a: Yveltal|Yveltal|100\/100\n|switch|p2a: Necrozma|Necrozma-Dusk-Mane, shiny|100\/100\n|-ability|p1a: Yveltal|Dark Aura\n|turn|1\n|\n|t:|1699378892\n|switch|p2a: Arceus|Arceus-Fairy|100\/100\n|move|p1a: Yveltal|Taunt|p2a: Arceus\n|-start|p2a: Arceus|move: Taunt\n|\n|upkeep\n|turn|2\n|\n|t:|1699378895\n|switch|p2a: Necrozma|Necrozma-Dusk-Mane, shiny|100\/100\n|switch|p1a: Groudon|Groudon, shiny|100\/100\n|detailschange|p1a: Groudon|Groudon-Primal, shiny\n|-primal|p1a: Groudon|Red Orb\n|-weather|DesolateLand|[from] ability: Desolate Land|[of] p1a: Groudon\n|\n|-weather|DesolateLand|[upkeep]\n|upkeep\n|turn|3\n|\n|t:|1699378898\n|detailschange|p2a: Necrozma|Necrozma-Ultra, shiny\n|-burst|p2a: Necrozma|Necrozma|Ultranecrozium Z\n|move|p2a: Necrozma|Earth Power|p1a: Groudon\n|-supereffective|p1a: Groudon\n|-damage|p1a: Groudon|25\/100\n|move|p1a: Groudon|Stealth Rock|p2a: Necrozma\n|-sidestart|p2: Soyeon is a cutie|move: Stealth Rock\n|\n|-weather|DesolateLand|[upkeep]\n|upkeep\n|turn|4\n|\n|t:|1699378902\n|move|p2a: Necrozma|Stealth Rock|p1a: Groudon\n|-sidestart|p1: Kat_XIII|move: Stealth Rock\n|move|p1a: Groudon|Precipice Blades|p2a: Necrozma\n|-damage|p2a: Necrozma|34\/100\n|\n|-weather|DesolateLand|[upkeep]\n|upkeep\n|turn|5\n|\n|t:|1699378906\n|move|p2a: Necrozma|Photon Geyser|p1a: Groudon\n|-damage|p1a: Groudon|0 fnt\n|faint|p1a: Groudon\n|-weather|none\n|\n|upkeep\n|\n|t:|1699378926\n|switch|p1a: Yveltal|Yveltal|100\/100\n|-damage|p1a: Yveltal|76\/100|[from] Stealth Rock\n|-ability|p1a: Yveltal|Dark Aura\n|turn|6\n|\n|t:|1699378930\n|switch|p2a: Arceus|Arceus-Fairy|100\/100\n|-damage|p2a: Arceus|88\/100|[from] Stealth Rock\n|move|p1a: Yveltal|Oblivion Wing|p2a: Arceus\n|-damage|p2a: Arceus|53\/100\n|-heal|p1a: Yveltal|100\/100|[from] drain|[of] p2a: Arceus\n|-damage|p1a: Yveltal|91\/100|[from] item: Life Orb\n|\n|upkeep\n|turn|7\n|\n|t:|1699378941\n|move|p2a: Arceus|Toxic|p1a: Yveltal\n|-status|p1a: Yveltal|tox\n|move|p1a: Yveltal|Oblivion Wing|p2a: Arceus\n|-damage|p2a: Arceus|19\/100\n|-heal|p1a: Yveltal|100\/100 tox|[from] drain|[of] p2a: Arceus\n|-damage|p1a: Yveltal|91\/100 tox|[from] item: Life Orb\n|\n|-damage|p1a: Yveltal|84\/100 tox|[from] psn\n|upkeep\n|turn|8\n|\n|t:|1699378953\n|move|p2a: Arceus|Recover|p2a: Arceus\n|-heal|p2a: Arceus|69\/100\n|move|p1a: Yveltal|Taunt|p2a: Arceus\n|-start|p2a: Arceus|move: Taunt\n|\n|-damage|p1a: Yveltal|72\/100 tox|[from] psn\n|upkeep\n|turn|9\n|\n|t:|1699378956\n|switch|p1a: Ho-Oh|Ho-Oh|100\/100\n|move|p2a: Arceus|Judgment|p1a: Ho-Oh\n|-resisted|p1a: Ho-Oh\n|-damage|p1a: Ho-Oh|86\/100\n|\n|upkeep\n|turn|10\n|\n|t:|1699378960\n|switch|p2a: Necrozma|Necrozma-Ultra, shiny|34\/100\n|-damage|p2a: Necrozma|21\/100|[from] Stealth Rock\n|move|p1a: Ho-Oh|Sacred Fire|p2a: Necrozma\n|-resisted|p2a: Necrozma\n|-damage|p2a: Necrozma|0 fnt\n|faint|p2a: Necrozma\n|\n|upkeep\n|\n|t:|1699378972\n|switch|p2a: Arceus|Arceus-Fairy|69\/100\n|-damage|p2a: Arceus|56\/100|[from] Stealth Rock\n|turn|11\n|\n|t:|1699378975\n|move|p2a: Arceus|Taunt|p1a: Ho-Oh\n|-start|p1a: Ho-Oh|move: Taunt\n|cant|p1a: Ho-Oh|move: Taunt|Toxic\n|\n|upkeep\n|turn|12\n|\n|t:|1699378984\n|switch|p1a: Kyogre|Kyogre|100\/100\n|-damage|p1a: Kyogre|88\/100|[from] Stealth Rock\n|detailschange|p1a: Kyogre|Kyogre-Primal\n|-primal|p1a: Kyogre|Blue Orb\n|-weather|PrimordialSea|[from] ability: Primordial Sea|[of] p1a: Kyogre\n|move|p2a: Arceus|Toxic|p1a: Kyogre\n|-status|p1a: Kyogre|tox\n|\n|-weather|PrimordialSea|[upkeep]\n|-damage|p1a: Kyogre|82\/100 tox|[from] psn\n|upkeep\n|turn|13\n|\n|t:|1699378992\n|move|p2a: Arceus|Recover|p2a: Arceus\n|-heal|p2a: Arceus|100\/100\n|move|p1a: Kyogre|Origin Pulse|p2a: Arceus\n|-damage|p2a: Arceus|25\/100\n|\n|-weather|PrimordialSea|[upkeep]\n|-damage|p1a: Kyogre|70\/100 tox|[from] psn\n|upkeep\n|turn|14\n|\n|t:|1699379002\n|move|p2a: Arceus|Recover|p2a: Arceus\n|-heal|p2a: Arceus|75\/100\n|move|p1a: Kyogre|Origin Pulse|p2a: Arceus\n|-crit|p2a: Arceus\n|-damage|p2a: Arceus|0 fnt\n|faint|p2a: Arceus\n|\n|-weather|PrimordialSea|[upkeep]\n|-damage|p1a: Kyogre|51\/100 tox|[from] psn\n|upkeep\n|\n|t:|1699379010\n|switch|p2a: Ditto|Ditto, shiny|100\/100\n|-damage|p2a: Ditto|88\/100|[from] Stealth Rock\n|-transform|p2a: Ditto|p1a: Kyogre|[from] ability: Imposter\n|turn|15\n|\n|t:|1699379013\n|move|p2a: Ditto|Thunder|p1a: Kyogre\n|-supereffective|p1a: Kyogre\n|-damage|p1a: Kyogre|0 fnt\n|faint|p1a: Kyogre\n|\n|-weather|PrimordialSea|[upkeep]\n|upkeep\n|\n|t:|1699379016\n|switch|p1a: Zygod|Zygarde|100\/100\n|-damage|p1a: Zygod|94\/100|[from] Stealth Rock\n|turn|16\n|\n|t:|1699379026\n|-weather|none\n|switch|p2a: Urshifu|Urshifu, F|100\/100\n|-damage|p2a: Urshifu|94\/100|[from] Stealth Rock\n|move|p1a: Zygod|Coil|p1a: Zygod\n|-boost|p1a: Zygod|atk|1\n|-boost|p1a: Zygod|def|1\n|-boost|p1a: Zygod|accuracy|1\n|\n|-heal|p1a: Zygod|100\/100|[from] item: Leftovers\n|upkeep\n|turn|17\n|\n|t:|1699379031\n|move|p2a: Urshifu|Wicked Blow|p1a: Zygod\n|-crit|p1a: Zygod\n|-damage|p1a: Zygod|59\/100\n|-damage|p2a: Urshifu|84\/100|[from] item: Life Orb\n|move|p1a: Zygod|Thousand Arrows|p2a: Urshifu\n|-damage|p2a: Urshifu|38\/100\n|\n|-heal|p1a: Zygod|66\/100|[from] item: Leftovers\n|upkeep\n|turn|18\n|\n|t:|1699379040\n|move|p2a: Urshifu|Wicked Blow|p1a: Zygod\n|-crit|p1a: Zygod\n|-damage|p1a: Zygod|23\/100\n|-damage|p2a: Urshifu|28\/100|[from] item: Life Orb\n|move|p1a: Zygod|Coil|p1a: Zygod\n|-boost|p1a: Zygod|atk|1\n|-boost|p1a: Zygod|def|1\n|-boost|p1a: Zygod|accuracy|1\n|\n|-heal|p1a: Zygod|30\/100|[from] item: Leftovers\n|-activate|p1a: Zygod|ability: Power Construct\n|detailschange|p1a: Zygod|Zygarde-Complete\n|-heal|p1a: Zygod|54\/100|[silent]\n|upkeep\n|turn|19\n|inactive|Kat_XIII has 120 seconds left.\n|\n|t:|1699379079\n|move|p1a: Zygod|Extreme Speed|p2a: Urshifu\n|-damage|p2a: Urshifu|0 fnt\n|faint|p2a: Urshifu\n|\n|-heal|p1a: Zygod|60\/100|[from] item: Leftovers\n|upkeep\n|\n|t:|1699379083\n|switch|p2a: Lunala|Lunala, shiny|100\/100\n|turn|20\n|\n|t:|1699379096\n|-terastallize|p1a: Zygod|Normal\n|move|p2a: Lunala|Moonblast|p1a: Zygod\n|-damage|p1a: Zygod|41\/100\n|move|p1a: Zygod|Glare|p2a: Lunala\n|-status|p2a: Lunala|par\n|\n|-heal|p1a: Zygod|47\/100|[from] item: Leftovers\n|upkeep\n|turn|21\n|\n|t:|1699379104\n|move|p1a: Zygod|Thousand Arrows|p2a: Lunala\n|-damage|p2a: Lunala|71\/100 par\n|move|p2a: Lunala|Moonblast|p1a: Zygod\n|-damage|p1a: Zygod|29\/100\n|\n|-heal|p1a: Zygod|35\/100|[from] item: Leftovers\n|upkeep\n|turn|22\n|\n|t:|1699379108\n|move|p1a: Zygod|Thousand Arrows|p2a: Lunala\n|-damage|p2a: Lunala|16\/100 par\n|move|p2a: Lunala|Moonblast|p1a: Zygod\n|-damage|p1a: Zygod|15\/100\n|\n|-heal|p1a: Zygod|21\/100|[from] item: Leftovers\n|upkeep\n|turn|23\n|\n|t:|1699379113\n|move|p1a: Zygod|Thousand Arrows|p2a: Lunala\n|-damage|p2a: Lunala|0 fnt\n|faint|p2a: Lunala\n|\n|-heal|p1a: Zygod|27\/100|[from] item: Leftovers\n|upkeep\n|\n|t:|1699379121\n|switch|p2a: Kingambit|Kingambit, F|100\/100\n|-damage|p2a: Kingambit|94\/100|[from] Stealth Rock\n|-activate|p2a: Kingambit|ability: Supreme Overlord\n|-start|p2a: Kingambit|fallen4|[silent]\n|turn|24\n|\n|t:|1699379127\n|move|p1a: Zygod|Thousand Arrows|p2a: Kingambit\n|-supereffective|p2a: Kingambit\n|-damage|p2a: Kingambit|11\/100\n|move|p2a: Kingambit|Knock Off|p1a: Zygod\n|-damage|p1a: Zygod|11\/100\n|-enditem|p1a: Zygod|Leftovers|[from] move: Knock Off|[of] p2a: Kingambit\n|\n|upkeep\n|turn|25\n|\n|t:|1699379132\n|move|p1a: Zygod|Extreme Speed|p2a: Kingambit\n|-resisted|p2a: Kingambit\n|-damage|p2a: Kingambit|0 fnt\n|faint|p2a: Kingambit\n|-end|p2a: Kingambit|fallen4|[silent]\n|\n|upkeep\n|\n|t:|1699379134\n|switch|p2a: Ditto|Ditto, shiny|88\/100\n|-damage|p2a: Ditto|76\/100|[from] Stealth Rock\n|-transform|p2a: Ditto|p1a: Zygod|[from] ability: Imposter\n|-start|p2a: Ditto|typechange|Dragon\/Ground|[silent]\n|turn|26\n|\n|t:|1699379137\n|move|p2a: Ditto|Thousand Arrows|p1a: Zygod\n|-damage|p1a: Zygod|0 fnt\n|faint|p1a: Zygod\n|\n|upkeep\n|\n|t:|1699379148\n|switch|p1a: Ho-Oh|Ho-Oh|100\/100\n|turn|27\n|\n|t:|1699379156\n|move|p2a: Ditto|Thousand Arrows|p1a: Ho-Oh\n|-damage|p1a: Ho-Oh|59\/100\n|-start|p1a: Ho-Oh|Smack Down\n|move|p1a: Ho-Oh|Toxic|p2a: Ditto\n|-status|p2a: Ditto|tox\n|\n|-damage|p2a: Ditto|70\/100 tox|[from] psn\n|upkeep\n|turn|28\n|\n|t:|1699379167\n|switch|p1a: Yveltal|Yveltal|72\/100 tox\n|-damage|p1a: Yveltal|47\/100 tox|[from] Stealth Rock\n|-ability|p1a: Yveltal|Dark Aura\n|move|p2a: Ditto|Thousand Arrows|p1a: Yveltal\n|-damage|p1a: Yveltal|0 fnt\n|faint|p1a: Yveltal\n|\n|-damage|p2a: Ditto|58\/100 tox|[from] psn\n|upkeep\n|\n|t:|1699379170\n|switch|p1a: Ho-Oh|Ho-Oh|92\/100\n|turn|29\n|-message|Soyeon is a cutie forfeited.\n|\n|win|Kat_XIII\n|raw|Kat_XIII's rating: 1722 &rarr; <strong>1749<\/strong><br \/>(+27 for winning)\n|raw|Soyeon is a cutie's rating: 1850 &rarr; <strong>1823<\/strong><br \/>(-27 for losing)\n|l|\u2606Soyeon is a cutie\n|l|\u2606Kat_XIII\n","uploadtime":1699379181,"views":4,"p1id":"katxiii","p2id":"soyeonisacutie","formatid":"gen9nationaldexubers","rating":1749,"private":0,"password":""}