{"id":"gen9nationaldexubers-1978696229","p1":"700club","p2":"1998 Mercedes-Benz","format":"[Gen 9] National Dex Ubers","log":"|j|\u2606700club\n|j|\u26061998 Mercedes-Benz\n|t:|1698583052\n|gametype|singles\n|player|p1|700club|shadowtriad|1199\n|player|p2|1998 Mercedes-Benz|aromalady-gen6|1310\n|teamsize|p1|6\n|teamsize|p2|6\n|gen|9\n|tier|[Gen 9] National Dex Ubers\n|rated|\n|rule|HP Percentage Mod: HP is shown in percentages\n|rule|Endless Battle Clause: Forcing endless battles is banned\n|rule|OHKO Clause: OHKO moves are banned\n|rule|Evasion Moves Clause: Evasion moves are banned\n|rule|Evasion Items Clause: Evasion items are banned\n|rule|Species Clause: Limit one of each Pok\u00e9mon\n|rule|Sleep Clause Mod: Limit one foe put to sleep\n|rule|Mega Rayquaza Clause: You cannot mega evolve Rayquaza\n|clearpoke\n|poke|p1|Ogerpon-Hearthflame, F|\n|poke|p1|Ditto|\n|poke|p1|Deoxys-Speed|\n|poke|p1|Mewtwo|\n|poke|p1|Necrozma-Dusk-Mane|\n|poke|p1|Rayquaza|\n|poke|p2|Deoxys-Speed|\n|poke|p2|Arceus|\n|poke|p2|Zacian-*|\n|poke|p2|Salamence, M|\n|poke|p2|Kyogre|\n|poke|p2|Ho-Oh|\n|teampreview\n|inactive|Battle timer is ON: inactive players will automatically lose when time's up. (requested by 1998 Mercedes-Benz)\n|c|\u2606700club|hi\n|c|\u26061998 Mercedes-Benz|hello\n|inactive|700club has 120 seconds left.\n|inactive|1998 Mercedes-Benz has 120 seconds left.\n|\n|t:|1698583092\n|start\n|switch|p1a: Deoxys|Deoxys-Speed|100\/100\n|switch|p2a: Deoxys|Deoxys-Speed|100\/100\n|-ability|p1a: Deoxys|Pressure\n|-ability|p2a: Deoxys|Pressure\n|turn|1\n|\n|t:|1698583100\n|move|p1a: Deoxys|Taunt|p2a: Deoxys\n|-start|p2a: Deoxys|move: Taunt\n|-enditem|p2a: Deoxys|Mental Herb\n|-end|p2a: Deoxys|move: Taunt\n|move|p2a: Deoxys|Taunt|p1a: Deoxys\n|-start|p1a: Deoxys|move: Taunt\n|\n|upkeep\n|turn|2\n|\n|t:|1698583111\n|switch|p1a: Rayquaza|Rayquaza|100\/100\n|-ability|p1a: Rayquaza|Air Lock\n|move|p2a: Deoxys|Stealth Rock|p1a: Rayquaza\n|-sidestart|p1: 700club|move: Stealth Rock\n|\n|upkeep\n|turn|3\n|\n|t:|1698583139\n|move|p2a: Deoxys|Taunt|p1a: Rayquaza\n|-start|p1a: Rayquaza|move: Taunt\n|move|p1a: Rayquaza|Dragon Ascent|p2a: Deoxys\n|-damage|p2a: Deoxys|0 fnt\n|-unboost|p1a: Rayquaza|def|1\n|-unboost|p1a: Rayquaza|spd|1\n|faint|p2a: Deoxys\n|\n|upkeep\n|\n|t:|1698583145\n|switch|p2a: Pinsir-Mega 2??|Salamence, M|100\/100\n|-ability|p2a: Pinsir-Mega 2??|Intimidate|boost\n|-unboost|p1a: Rayquaza|atk|1\n|turn|4\n|inactive|700club has 120 seconds left.\n|\n|t:|1698583174\n|detailschange|p2a: Pinsir-Mega 2??|Salamence-Mega, M\n|-mega|p2a: Pinsir-Mega 2??|Salamence|Salamencite\n|move|p2a: Pinsir-Mega 2??|Dragon Dance|p2a: Pinsir-Mega 2??\n|-boost|p2a: Pinsir-Mega 2??|atk|1\n|-boost|p2a: Pinsir-Mega 2??|spe|1\n|move|p1a: Rayquaza|Dragon Ascent|p2a: Pinsir-Mega 2??\n|-crit|p2a: Pinsir-Mega 2??\n|-damage|p2a: Pinsir-Mega 2??|10\/100\n|-unboost|p1a: Rayquaza|def|1\n|-unboost|p1a: Rayquaza|spd|1\n|\n|upkeep\n|turn|5\n|inactive|700club has 120 seconds left.\n|\n|t:|1698583184\n|move|p1a: Rayquaza|Extreme Speed|p2a: Pinsir-Mega 2??\n|-damage|p2a: Pinsir-Mega 2??|0 fnt\n|faint|p2a: Pinsir-Mega 2??\n|\n|-end|p1a: Rayquaza|move: Taunt\n|upkeep\n|c|\u26061998 Mercedes-Benz|the luck\n|j| masterch33f420\n|\n|t:|1698583196\n|switch|p2a: Arceus|Arceus, shiny|100\/100\n|turn|6\n|\n|t:|1698583207\n|move|p1a: Rayquaza|Dragon Ascent|p2a: Arceus\n|-damage|p2a: Arceus|69\/100\n|-unboost|p1a: Rayquaza|def|1\n|-unboost|p1a: Rayquaza|spd|1\n|move|p2a: Arceus|Swords Dance|p2a: Arceus\n|-boost|p2a: Arceus|atk|2\n|\n|upkeep\n|turn|7\n|\n|t:|1698583224\n|move|p1a: Rayquaza|Dragon Ascent|p2a: Arceus\n|-damage|p2a: Arceus|32\/100\n|-unboost|p1a: Rayquaza|def|1\n|-unboost|p1a: Rayquaza|spd|1\n|move|p2a: Arceus|Swords Dance|p2a: Arceus\n|-boost|p2a: Arceus|atk|2\n|\n|upkeep\n|turn|8\n|n| masturch33f420|masterch33f420\n|\n|t:|1698583234\n|move|p2a: Arceus|Extreme Speed|p1a: Rayquaza\n|-crit|p1a: Rayquaza\n|-enditem|p1a: Rayquaza|Focus Sash\n|-damage|p1a: Rayquaza|1\/100\n|move|p1a: Rayquaza|Dragon Ascent|p2a: Arceus\n|-damage|p2a: Arceus|0 fnt\n|-unboost|p1a: Rayquaza|def|1\n|-unboost|p1a: Rayquaza|spd|1\n|faint|p2a: Arceus\n|\n|upkeep\n|n|!1998 Mercedes-Benz|1998mercedesbenz\n|c| masturch33f420|what the fuck is that set\n|-message|1998 Mercedes-Benz forfeited.\n|\n|win|700club\n|raw|700club's rating: 1199 &rarr; <strong>1232<\/strong><br \/>(+33 for winning)\n|raw|1998 Mercedes-Benz's rating: 1310 &rarr; <strong>1284<\/strong><br \/>(-26 for losing)\n|l|!1998 Mercedes-Benz\n|c|\u2606700club|lol\n|l| masturch33f420\n","uploadtime":1698583242,"views":13,"p1id":"700club","p2id":"1998mercedesbenz","formatid":"gen9nationaldexubers","rating":1232,"private":0,"password":""}