{"id":"gen9nationaldexubers-1985134883","p1":"VantaZack","p2":"amarna","format":"[Gen 9] National Dex Ubers","log":"|j|\u2606VantaZack\n|j|\u2606amarna\n|t:|1699336068\n|gametype|singles\n|player|p1|VantaZack|marnie-masters3|\n|player|p2|amarna|shadowtriad|\n|teamsize|p1|6\n|teamsize|p2|6\n|gen|9\n|tier|[Gen 9] National Dex Ubers\n|rule|HP Percentage Mod: HP is shown in percentages\n|rule|Endless Battle Clause: Forcing endless battles is banned\n|rule|OHKO Clause: OHKO moves are banned\n|rule|Evasion Moves Clause: Evasion moves are banned\n|rule|Evasion Items Clause: Evasion items are banned\n|rule|Species Clause: Limit one of each Pok\u00e9mon\n|rule|Sleep Clause Mod: Limit one foe put to sleep\n|rule|Mega Rayquaza Clause: You cannot mega evolve Rayquaza\n|clearpoke\n|poke|p1|Gholdengo|\n|poke|p1|Heatran, M|\n|poke|p1|Absol, F|\n|poke|p1|Regigigas|\n|poke|p1|Maushold|\n|poke|p1|Kyurem|\n|poke|p2|Meowscarada, F|\n|poke|p2|Enamorus, F|\n|poke|p2|Azelf|\n|poke|p2|Cinccino, M|\n|poke|p2|Scizor, M|\n|poke|p2|Rotom-Wash|\n|teampreview\n|j| Saradominphat\n|\n|t:|1699336093\n|start\n|switch|p1a: Who's-Who|Absol, F, shiny|100\/100\n|switch|p2a: Zelda|Azelf, shiny|100\/100\n|-ability|p1a: Who's-Who|Pressure\n|turn|1\n|\n|t:|1699336111\n|detailschange|p1a: Who's-Who|Absol-Mega, F, shiny\n|-mega|p1a: Who's-Who|Absol|Absolite\n|move|p2a: Zelda|U-turn|p1a: Who's-Who\n|-supereffective|p1a: Who's-Who\n|-damage|p1a: Who's-Who|14\/100\n|\n|t:|1699336132\n|switch|p2a: Pinky|Enamorus, F|100\/100|[from] U-turn\n|move|p1a: Who's-Who|Knock Off|p2a: Pinky\n|-resisted|p2a: Pinky\n|-damage|p2a: Pinky|58\/100\n|-enditem|p2a: Pinky|Choice Specs|[from] move: Knock Off|[of] p1a: Who's-Who\n|\n|upkeep\n|turn|2\n|\n|t:|1699336140\n|move|p1a: Who's-Who|Iron Tail|p2a: Pinky\n|-supereffective|p2a: Pinky\n|-damage|p2a: Pinky|0 fnt\n|faint|p2a: Pinky\n|\n|upkeep\n|\n|t:|1699336146\n|switch|p2a: Edward|Scizor, M, shiny|100\/100\n|turn|3\n|\n|t:|1699336160\n|switch|p1a: Killa|Regigigas|100\/100\n|-start|p1a: Killa|ability: Slow Start\n|detailschange|p2a: Edward|Scizor-Mega, M, shiny\n|-mega|p2a: Edward|Scizor|Scizorite\n|move|p2a: Edward|Knock Off|p1a: Killa\n|-damage|p1a: Killa|82\/100\n|-enditem|p1a: Killa|Leftovers|[from] move: Knock Off|[of] p2a: Edward\n|\n|upkeep\n|turn|4\n|\n|t:|1699336180\n|move|p2a: Edward|Swords Dance|p2a: Edward\n|-boost|p2a: Edward|atk|2\n|move|p1a: Killa|Thunder Wave|p2a: Edward\n|-status|p2a: Edward|par\n|\n|upkeep\n|turn|5\n|\n|t:|1699336207\n|cant|p2a: Edward|par\n|move|p1a: Killa|Body Slam|p2a: Edward\n|-resisted|p2a: Edward\n|-crit|p2a: Edward\n|-damage|p2a: Edward|90\/100 par\n|\n|upkeep\n|turn|6\n|\n|t:|1699336214\n|move|p2a: Edward|Bullet Punch|p1a: Killa\n|-damage|p1a: Killa|46\/100\n|move|p1a: Killa|Body Slam|p2a: Edward\n|-resisted|p2a: Edward\n|-crit|p2a: Edward\n|-damage|p2a: Edward|79\/100 par\n|\n|upkeep\n|turn|7\n|\n|t:|1699336220\n|move|p2a: Edward|Bullet Punch|p1a: Killa\n|-damage|p1a: Killa|7\/100\n|move|p1a: Killa|Body Slam|p2a: Edward\n|-resisted|p2a: Edward\n|-damage|p2a: Edward|72\/100 par\n|\n|-end|p1a: Killa|Slow Start\n|upkeep\n|turn|8\n|\n|t:|1699336227\n|move|p2a: Edward|Bullet Punch|p1a: Killa\n|-damage|p1a: Killa|0 fnt\n|faint|p1a: Killa\n|-end|p1a: Killa|Slow Start|[silent]\n|\n|upkeep\n|c|\u2606amarna|not the act\n|c|\u2606amarna|o_O\n|\n|t:|1699336234\n|switch|p1a: Gamabunta|Heatran, M|100\/100\n|turn|9\n|c|\u2606amarna|buff regi\n|\n|t:|1699336248\n|switch|p2a: Whirlpool|Rotom-Wash, shiny|100\/100\n|move|p1a: Gamabunta|Eruption|p2a: Whirlpool\n|-resisted|p2a: Whirlpool\n|-crit|p2a: Whirlpool\n|-damage|p2a: Whirlpool|45\/100\n|\n|-heal|p2a: Whirlpool|51\/100|[from] item: Leftovers\n|upkeep\n|turn|10\n|c|\u2606VantaZack|lol\n|\n|t:|1699336261\n|switch|p1a: Lidia|Kyurem|100\/100\n|-ability|p1a: Lidia|Pressure\n|move|p2a: Whirlpool|Hydro Pump|p1a: Lidia\n|-resisted|p1a: Lidia\n|-damage|p1a: Lidia|83\/100\n|\n|-heal|p2a: Whirlpool|57\/100|[from] item: Leftovers\n|upkeep\n|turn|11\n|\n|t:|1699336272\n|move|p2a: Whirlpool|Protect|p2a: Whirlpool\n|-singleturn|p2a: Whirlpool|Protect\n|move|p1a: Lidia|Freeze-Dry|p2a: Whirlpool\n|-activate|p2a: Whirlpool|move: Protect\n|\n|-heal|p2a: Whirlpool|64\/100|[from] item: Leftovers\n|upkeep\n|turn|12\n|\n|t:|1699336285\n|switch|p2a: Edward|Scizor-Mega, M, shiny|72\/100 par\n|move|p1a: Lidia|Light Screen|p1a: Lidia\n|-sidestart|p1: VantaZack|move: Light Screen\n|\n|upkeep\n|turn|13\n|\n|t:|1699336321\n|move|p1a: Lidia|Reflect|p1a: Lidia\n|-sidestart|p1: VantaZack|Reflect\n|move|p2a: Edward|Knock Off|p1a: Lidia\n|-damage|p1a: Lidia|72\/100\n|-enditem|p1a: Lidia|Light Clay|[from] move: Knock Off|[of] p2a: Edward\n|\n|upkeep\n|turn|14\n|\n|t:|1699336326\n|move|p2a: Edward|Bullet Punch|p1a: Lidia\n|-supereffective|p1a: Lidia\n|-damage|p1a: Lidia|53\/100\n|move|p1a: Lidia|Hidden Power|p2a: Edward\n|-supereffective|p2a: Edward\n|-damage|p2a: Edward|2\/100 par\n|\n|upkeep\n|turn|15\n|\n|t:|1699336350\n|move|p2a: Edward|Bullet Punch|p1a: Lidia\n|-supereffective|p1a: Lidia\n|-damage|p1a: Lidia|32\/100\n|move|p1a: Lidia|Hidden Power|p2a: Edward\n|-supereffective|p2a: Edward\n|-damage|p2a: Edward|0 fnt\n|faint|p2a: Edward\n|\n|upkeep\n|\n|t:|1699336361\n|switch|p2a: Neco-Arc|Meowscarada, F, shiny|100\/100\n|turn|16\n|\n|t:|1699336369\n|move|p2a: Neco-Arc|Play Rough|p1a: Lidia\n|-supereffective|p1a: Lidia\n|-damage|p1a: Lidia|3\/100\n|move|p1a: Lidia|Freeze-Dry|p2a: Neco-Arc\n|-supereffective|p2a: Neco-Arc\n|-damage|p2a: Neco-Arc|0 fnt\n|faint|p2a: Neco-Arc\n|\n|upkeep\n|c|\u2606VantaZack|wait\n|c|\u2606amarna|its overgrow\n|c|\u2606amarna|w0w\n|c|\u2606VantaZack|oop\n|c|\u2606VantaZack|Ill let you change it next match\n|c|\u2606VantaZack|<3\n|c|\u2606amarna|thank u cutie\n|c|\u2606VantaZack|grr\n|\n|t:|1699336398\n|switch|p2a: Zelda|Azelf, shiny|100\/100\n|turn|17\n|c|\u2606VantaZack|thats alpha\n|c|\u2606VantaZack|to you\n|\n|t:|1699336408\n|move|p2a: Zelda|Drain Punch|p1a: Lidia\n|-supereffective|p1a: Lidia\n|-damage|p1a: Lidia|0 fnt\n|faint|p1a: Lidia\n|\n|upkeep\n|c|\u2606amarna|Yes sir\n|\n|t:|1699336418\n|switch|p1a: Mo Mei Min|Maushold|100\/100\n|turn|18\n|j| meltllilith\n|\n|t:|1699336498\n|switch|p2a: Whirlpool|Rotom-Wash, shiny|64\/100\n|move|p1a: Mo Mei Min|Tidy Up|p1a: Mo Mei Min\n|-boost|p1a: Mo Mei Min|atk|1\n|-boost|p1a: Mo Mei Min|spe|1\n|\n|-heal|p2a: Whirlpool|70\/100|[from] item: Leftovers\n|upkeep\n|turn|19\n|c| meltllilith|what kind of beta shit am i witnessing\n|\n|t:|1699336509\n|move|p1a: Mo Mei Min|Population Bomb|p2a: Whirlpool\n|-damage|p2a: Whirlpool|56\/100\n|-damage|p2a: Whirlpool|42\/100\n|-damage|p2a: Whirlpool|27\/100\n|-damage|p2a: Whirlpool|13\/100\n|-damage|p2a: Whirlpool|0 fnt\n|faint|p2a: Whirlpool\n|-hitcount|p2: Whirlpool|5\n|\n|-sideend|p1: VantaZack|move: Light Screen\n|upkeep\n|\n|t:|1699336525\n|switch|p2a: Jerry|Cinccino, M, shiny|100\/100\n|turn|20\n|\n|t:|1699336531\n|move|p1a: Mo Mei Min|Population Bomb|p2a: Jerry\n|-damage|p2a: Jerry|72\/100\n|-damage|p2a: Jerry|45\/100\n|-damage|p2a: Jerry|15\/100\n|-damage|p2a: Jerry|0 fnt\n|faint|p2a: Jerry\n|-hitcount|p2: Jerry|4\n|\n|-sideend|p1: VantaZack|Reflect\n|upkeep\n|\n|t:|1699336537\n|switch|p2a: Zelda|Azelf, shiny|100\/100\n|turn|21\n|\n|t:|1699336542\n|move|p1a: Mo Mei Min|Population Bomb|p2a: Zelda\n|-damage|p2a: Zelda|75\/100\n|-damage|p2a: Zelda|50\/100\n|-damage|p2a: Zelda|26\/100\n|-crit|p2a: Zelda\n|-damage|p2a: Zelda|0 fnt\n|faint|p2a: Zelda\n|-hitcount|p2: Zelda|4\n|\n|win|VantaZack\n|c|\u2606VantaZack|gg\n|l|\u2606amarna\n|l|\u2606VantaZack\n","uploadtime":1699336554,"views":12,"p1id":"vantazack","p2id":"amarna","formatid":"gen9nationaldexubers","rating":0,"private":0,"password":""}