{"id":"gen9nationaldexubers-1978363531","p1":"Berad773","p2":"spidernoculus","format":"[Gen 9] National Dex Ubers","log":"|j|\u2606Berad773\n|j|\u2606spidernoculus\n|t:|1698529655\n|gametype|singles\n|player|p1|Berad773|169|\n|player|p2|spidernoculus|rosa|\n|teamsize|p1|6\n|teamsize|p2|6\n|gen|9\n|tier|[Gen 9] National Dex Ubers\n|rule|HP Percentage Mod: HP is shown in percentages\n|rule|Endless Battle Clause: Forcing endless battles is banned\n|rule|OHKO Clause: OHKO moves are banned\n|rule|Evasion Moves Clause: Evasion moves are banned\n|rule|Evasion Items Clause: Evasion items are banned\n|rule|Species Clause: Limit one of each Pok\u00e9mon\n|rule|Sleep Clause Mod: Limit one foe put to sleep\n|rule|Mega Rayquaza Clause: You cannot mega evolve Rayquaza\n|clearpoke\n|poke|p1|Arceus-Dark|\n|poke|p1|Deoxys|\n|poke|p1|Lugia|\n|poke|p1|Palkia|\n|poke|p1|Zekrom|\n|poke|p1|Landorus, M|\n|poke|p2|Dialga-Origin|\n|poke|p2|Zygarde|\n|poke|p2|Chi-Yu|\n|poke|p2|Metagross|\n|poke|p2|Giratina|\n|poke|p2|Cyclizar, M|\n|teampreview\n|c|\u2606Berad773|GL HF\n|c|\u2606spidernoculus|GL HF\n|c|\u2606spidernoculus|Interesting\n|c|\u2606Berad773|cyclizar rlly\n|\n|t:|1698529710\n|start\n|switch|p1a: Landorus|Landorus, M|100\/100\n|switch|p2a: Metagross|Metagross|100\/100\n|turn|1\n|\n|t:|1698529726\n|switch|p2a: Giratina|Giratina|100\/100\n|-ability|p2a: Giratina|Pressure\n|move|p1a: Landorus|Stealth Rock|p2a: Giratina\n|-sidestart|p2: spidernoculus|move: Stealth Rock\n|\n|upkeep\n|turn|2\n|c|\u2606Berad773|Is Giritina bad?\n|c|\u2606spidernoculus|Idfk\n|c|\u2606Berad773|fair\n|c|\u2606spidernoculus|I think origin is used instead\n|\n|t:|1698529789\n|move|p1a: Landorus|U-turn|p2a: Giratina\n|-resisted|p2a: Giratina\n|-damage|p2a: Giratina|94\/100\n|\n|t:|1698529800\n|switch|p1a: Palkia|Palkia|100\/100|[from] U-turn\n|-ability|p1a: Palkia|Pressure\n|move|p2a: Giratina|Toxic|p1a: Palkia|[miss]\n|-miss|p2a: Giratina|p1a: Palkia\n|\n|-heal|p2a: Giratina|99\/100|[from] item: Leftovers\n|upkeep\n|turn|3\n|c|\u2606Berad773|I see\n|\n|t:|1698529821\n|switch|p2a: Metagross|Metagross|100\/100\n|-damage|p2a: Metagross|95\/100|[from] Stealth Rock\n|move|p1a: Palkia|Spacial Rend|p2a: Metagross\n|-resisted|p2a: Metagross\n|-damage|p2a: Metagross|52\/100\n|\n|upkeep\n|turn|4\n|c|\u2606Berad773|Is Zygard 100%\n|c|\u2606spidernoculus|no\n|\n|t:|1698529851\n|move|p1a: Palkia|Flamethrower|p2a: Metagross\n|-supereffective|p2a: Metagross\n|-damage|p2a: Metagross|0 fnt\n|faint|p2a: Metagross\n|\n|upkeep\n|\n|t:|1698529859\n|switch|p2a: Zygarde|Zygarde|100\/100\n|-damage|p2a: Zygarde|94\/100|[from] Stealth Rock\n|-ability|p2a: Zygarde|Aura Break\n|turn|5\n|l|\u2606Berad773\n|player|p1|\n|j|\u2606Berad773\n|player|p1|Berad773|169\n|c|\u2606Berad773|Dcd\n|\n|t:|1698529925\n|move|p1a: Palkia|Spacial Rend|p2a: Zygarde\n|-supereffective|p2a: Zygarde\n|-crit|p2a: Zygarde\n|-damage|p2a: Zygarde|0 fnt\n|faint|p2a: Zygarde\n|\n|upkeep\n|\n|t:|1698529934\n|switch|p2a: Dialga|Dialga-Origin|100\/100\n|-damage|p2a: Dialga|94\/100|[from] Stealth Rock\n|-ability|p2a: Dialga|Pressure\n|turn|6\n|\n|t:|1698529944\n|switch|p1a: Landorus|Landorus, M|100\/100\n|move|p2a: Dialga|Draco Meteor|p1a: Landorus|[miss]\n|-miss|p2a: Dialga|p1a: Landorus\n|\n|upkeep\n|turn|7\n|\n|t:|1698529953\n|move|p1a: Landorus|Earthquake|p2a: Dialga\n|-supereffective|p2a: Dialga\n|-damage|p2a: Dialga|6\/100\n|move|p2a: Dialga|Draco Meteor|p1a: Landorus\n|-crit|p1a: Landorus\n|-damage|p1a: Landorus|0 fnt\n|-unboost|p2a: Dialga|spa|2\n|faint|p1a: Landorus\n|\n|upkeep\n|\n|t:|1698529965\n|switch|p1a: Deoxys|Deoxys|100\/100\n|-ability|p1a: Deoxys|Pressure\n|turn|8\n|\n|t:|1698529980\n|move|p1a: Deoxys|Shadow Ball|p2a: Dialga\n|-damage|p2a: Dialga|0 fnt\n|faint|p2a: Dialga\n|-damage|p1a: Deoxys|91\/100|[from] item: Life Orb\n|\n|upkeep\n|\n|t:|1698529989\n|switch|p2a: Chi-Yu|Chi-Yu|100\/100\n|-damage|p2a: Chi-Yu|76\/100|[from] Stealth Rock\n|-ability|p2a: Chi-Yu|Beads of Ruin\n|turn|9\n|\n|t:|1698530005\n|switch|p1a: Lugia|Lugia|100\/100\n|move|p2a: Chi-Yu|Fire Blast|p1a: Lugia\n|-damage|p1a: Lugia|77\/100\n|\n|-heal|p1a: Lugia|84\/100|[from] item: Leftovers\n|upkeep\n|turn|10\n|\n|t:|1698530020\n|move|p1a: Lugia|Aeroblast|p2a: Chi-Yu\n|-damage|p2a: Chi-Yu|53\/100\n|move|p2a: Chi-Yu|Dark Pulse|p1a: Lugia\n|-supereffective|p1a: Lugia\n|-damage|p1a: Lugia|14\/100\n|\n|-heal|p1a: Lugia|21\/100|[from] item: Leftovers\n|upkeep\n|turn|11\n|\n|t:|1698530049\n|move|p1a: Lugia|Recover|p1a: Lugia\n|-heal|p1a: Lugia|71\/100\n|move|p2a: Chi-Yu|Dark Pulse|p1a: Lugia\n|-supereffective|p1a: Lugia\n|-crit|p1a: Lugia\n|-damage|p1a: Lugia|0 fnt\n|faint|p1a: Lugia\n|\n|upkeep\n|\n|t:|1698530057\n|switch|p1a: Deoxys|Deoxys|91\/100\n|-ability|p1a: Deoxys|Pressure\n|turn|12\n|\n|t:|1698530073\n|switch|p1a: Arceus|Arceus-Dark|100\/100\n|move|p2a: Chi-Yu|Dark Pulse|p1a: Arceus\n|-resisted|p1a: Arceus\n|-damage|p1a: Arceus|83\/100\n|\n|upkeep\n|turn|13\n|\n|t:|1698530082\n|move|p2a: Chi-Yu|Overheat|p1a: Arceus\n|-damage|p1a: Arceus|20\/100\n|-unboost|p2a: Chi-Yu|spa|2\n|move|p1a: Arceus|Calm Mind|p1a: Arceus\n|-boost|p1a: Arceus|spa|1\n|-boost|p1a: Arceus|spd|1\n|\n|upkeep\n|turn|14\n|\n|t:|1698530093\n|move|p2a: Chi-Yu|Overheat|p1a: Arceus\n|-damage|p1a: Arceus|0 fnt\n|-unboost|p2a: Chi-Yu|spa|2\n|faint|p1a: Arceus\n|\n|upkeep\n|c|\u2606Berad773|Shit\n|c|\u2606Berad773|i miss clicked into deoxys\n|\n|t:|1698530122\n|switch|p1a: Zekrom|Zekrom|100\/100\n|-ability|p1a: Zekrom|Teravolt\n|turn|15\n|\n|t:|1698530133\n|move|p2a: Chi-Yu|Dark Pulse|p1a: Zekrom\n|-damage|p1a: Zekrom|82\/100\n|move|p1a: Zekrom|Dragon Claw|p2a: Chi-Yu\n|-damage|p2a: Chi-Yu|0 fnt\n|faint|p2a: Chi-Yu\n|\n|upkeep\n|\n|t:|1698530140\n|switch|p2a: Cyclizar|Cyclizar, M|100\/100\n|turn|16\n|\n|t:|1698530146\n|move|p2a: Cyclizar|Rapid Spin|p1a: Zekrom\n|-damage|p1a: Zekrom|64\/100\n|-boost|p2a: Cyclizar|spe|1\n|-sideend|p2: spidernoculus|Stealth Rock|[from] move: Rapid Spin|[of] p2a: Cyclizar\n|move|p1a: Zekrom|Dragon Claw|p2a: Cyclizar\n|-supereffective|p2a: Cyclizar\n|-damage|p2a: Cyclizar|0 fnt\n|faint|p2a: Cyclizar\n|\n|upkeep\n|\n|t:|1698530154\n|switch|p2a: Giratina|Giratina|99\/100\n|-ability|p2a: Giratina|Pressure\n|turn|17\n|c|\u2606Berad773|G\n|c|\u2606Berad773|g\n|\n|t:|1698530170\n|-terastallize|p2a: Giratina|Ghost\n|move|p1a: Zekrom|Dragon Claw|p2a: Giratina\n|-damage|p2a: Giratina|57\/100\n|move|p2a: Giratina|Dragon Claw|p1a: Zekrom\n|-supereffective|p1a: Zekrom\n|-damage|p1a: Zekrom|4\/100\n|\n|-heal|p2a: Giratina|63\/100|[from] item: Leftovers\n|upkeep\n|turn|18\n|c|\u2606Berad773|Oh\n|c|\u2606Berad773|i see\n|\n|t:|1698530192\n|move|p1a: Zekrom|Dragon Claw|p2a: Giratina\n|-damage|p2a: Giratina|21\/100\n|move|p2a: Giratina|Dragon Claw|p1a: Zekrom\n|-supereffective|p1a: Zekrom\n|-damage|p1a: Zekrom|0 fnt\n|faint|p1a: Zekrom\n|\n|-heal|p2a: Giratina|27\/100|[from] item: Leftovers\n|upkeep\n|c|\u2606spidernoculus|:)\n|\n|t:|1698530205\n|switch|p1a: Deoxys|Deoxys|91\/100\n|-ability|p1a: Deoxys|Pressure\n|turn|19\n|\n|t:|1698530215\n|move|p1a: Deoxys|Shadow Ball|p2a: Giratina\n|-supereffective|p2a: Giratina\n|-damage|p2a: Giratina|0 fnt\n|faint|p2a: Giratina\n|-damage|p1a: Deoxys|81\/100|[from] item: Life Orb\n|\n|win|Berad773\n|c|\u2606spidernoculus|gg\n|c|\u2606Berad773|Gg\n|c|\u2606Berad773|imma make a doc for national dex UUbers\n|c|\u2606spidernoculus|ok imma head off\n|l|\u2606spidernoculus\n|c|\u2606Berad773|bye\n","uploadtime":1698530270,"views":11,"p1id":"berad773","p2id":"spidernoculus","formatid":"gen9nationaldexubers","rating":0,"private":0,"password":""}