{"id":"gen9nationaldexubers-1990433943","p1":"85792195wwww","p2":"C0ld as Ice","format":"[Gen 9] National Dex Ubers","log":"|j|\u260685792195wwww\n|j|\u2606C0ld as Ice\n|t:|1699970560\n|gametype|singles\n|player|p1|85792195wwww|mira|1537\n|player|p2|C0ld as Ice|1|1809\n|teamsize|p1|6\n|teamsize|p2|6\n|gen|9\n|tier|[Gen 9] National Dex Ubers\n|rated|\n|rule|HP Percentage Mod: HP is shown in percentages\n|rule|Endless Battle Clause: Forcing endless battles is banned\n|rule|OHKO Clause: OHKO moves are banned\n|rule|Evasion Moves Clause: Evasion moves are banned\n|rule|Evasion Items Clause: Evasion items are banned\n|rule|Species Clause: Limit one of each Pok\u00e9mon\n|rule|Sleep Clause Mod: Limit one foe put to sleep\n|rule|Mega Rayquaza Clause: You cannot mega evolve Rayquaza\n|clearpoke\n|poke|p1|Xerneas-*|\n|poke|p1|Arceus-Ground|\n|poke|p1|Deoxys-Speed|\n|poke|p1|Landorus, M|\n|poke|p1|Groudon|\n|poke|p1|Rayquaza|\n|poke|p2|Chien-Pao|\n|poke|p2|Necrozma-Dusk-Mane|\n|poke|p2|Ho-Oh|\n|poke|p2|Groudon, L99|\n|poke|p2|Arceus-Water|\n|poke|p2|Yveltal|\n|teampreview\n|inactive|Battle timer is ON: inactive players will automatically lose when time's up. (requested by C0ld as Ice)\n|inactive|C0ld as Ice has 120 seconds left.\n|\n|t:|1699970597\n|start\n|switch|p1a: Xerneas|Xerneas|100\/100\n|switch|p2a: Yveltal|Yveltal, shiny|100\/100\n|-ability|p2a: Yveltal|Dark Aura\n|-ability|p1a: Xerneas|Fairy Aura\n|turn|1\n|\n|t:|1699970606\n|switch|p2a: Necrozma|Necrozma-Dusk-Mane, shiny|100\/100\n|move|p1a: Xerneas|Moonblast|p2a: Necrozma\n|-resisted|p2a: Necrozma\n|-damage|p2a: Necrozma|76\/100\n|\n|upkeep\n|turn|2\n|\n|t:|1699970614\n|switch|p1a: Deoxys|Deoxys-Speed|100\/100\n|-ability|p1a: Deoxys|Pressure\n|move|p2a: Necrozma|Sunsteel Strike|p1a: Deoxys\n|-damage|p1a: Deoxys|21\/100\n|\n|upkeep\n|turn|3\n|\n|t:|1699970625\n|move|p1a: Deoxys|Stealth Rock|p2a: Necrozma\n|-sidestart|p2: C0ld as Ice|move: Stealth Rock\n|move|p2a: Necrozma|Moonlight|p2a: Necrozma\n|-heal|p2a: Necrozma|100\/100\n|\n|upkeep\n|turn|4\n|\n|t:|1699970634\n|switch|p2a: Yveltal|Yveltal, shiny|100\/100\n|-ability|p2a: Yveltal|Dark Aura\n|move|p1a: Deoxys|Spikes|p2a: Yveltal\n|-sidestart|p2: C0ld as Ice|Spikes\n|\n|upkeep\n|turn|5\n|\n|t:|1699970641\n|move|p1a: Deoxys|Taunt|p2a: Yveltal\n|-start|p2a: Yveltal|move: Taunt\n|move|p2a: Yveltal|U-turn|p1a: Deoxys\n|-supereffective|p1a: Deoxys\n|-damage|p1a: Deoxys|0 fnt\n|faint|p1a: Deoxys\n|\n|t:|1699970646\n|switch|p2a: Arceus|Arceus-Water|100\/100|[from] U-turn\n|-damage|p2a: Arceus|88\/100|[from] Stealth Rock\n|-damage|p2a: Arceus|76\/100|[from] Spikes\n|\n|upkeep\n|\n|t:|1699970660\n|switch|p1a: Xerneas|Xerneas|100\/100\n|-ability|p1a: Xerneas|Fairy Aura\n|turn|6\n|\n|t:|1699970665\n|move|p2a: Arceus|Taunt|p1a: Xerneas\n|-start|p1a: Xerneas|move: Taunt\n|cant|p1a: Xerneas|move: Taunt|Geomancy\n|\n|upkeep\n|turn|7\n|\n|t:|1699970672\n|move|p2a: Arceus|Toxic|p1a: Xerneas\n|-status|p1a: Xerneas|tox\n|move|p1a: Xerneas|Thunder|p2a: Arceus|[miss]\n|-miss|p1a: Xerneas|p2a: Arceus\n|\n|-damage|p1a: Xerneas|94\/100 tox|[from] psn\n|upkeep\n|turn|8\n|\n|t:|1699970682\n|switch|p2a: Necrozma|Necrozma-Dusk-Mane, shiny|100\/100\n|-damage|p2a: Necrozma|94\/100|[from] Stealth Rock\n|-damage|p2a: Necrozma|82\/100|[from] Spikes\n|move|p1a: Xerneas|Thunder|p2a: Necrozma|[miss]\n|-miss|p1a: Xerneas|p2a: Necrozma\n|\n|-damage|p1a: Xerneas|82\/100 tox|[from] psn\n|-end|p1a: Xerneas|move: Taunt\n|upkeep\n|turn|9\n|\n|t:|1699970694\n|switch|p1a: Groudon|Groudon|100\/100\n|detailschange|p1a: Groudon|Groudon-Primal\n|-primal|p1a: Groudon|Red Orb\n|-weather|DesolateLand|[from] ability: Desolate Land|[of] p1a: Groudon\n|move|p2a: Necrozma|Dragon Dance|p2a: Necrozma\n|-boost|p2a: Necrozma|atk|1\n|-boost|p2a: Necrozma|spe|1\n|\n|-weather|DesolateLand|[upkeep]\n|upkeep\n|turn|10\n|\n|t:|1699970705\n|switch|p2a: Yveltal|Yveltal, shiny|100\/100\n|-ability|p2a: Yveltal|Dark Aura\n|move|p1a: Groudon|Rock Polish|p1a: Groudon\n|-boost|p1a: Groudon|spe|2\n|\n|-weather|DesolateLand|[upkeep]\n|upkeep\n|turn|11\n|\n|t:|1699970717\n|move|p1a: Groudon|Heat Crash|p2a: Yveltal\n|-damage|p2a: Yveltal|21\/100\n|move|p2a: Yveltal|Defog|p1a: Groudon\n|-unboost|p1a: Groudon|evasion|1\n|-sideend|p2: C0ld as Ice|Spikes|[from] move: Defog|[of] p2a: Yveltal\n|-sideend|p2: C0ld as Ice|Stealth Rock|[from] move: Defog|[of] p2a: Yveltal\n|\n|-weather|DesolateLand|[upkeep]\n|upkeep\n|turn|12\n|\n|t:|1699970726\n|move|p1a: Groudon|Hone Claws|p1a: Groudon\n|-boost|p1a: Groudon|atk|1\n|-boost|p1a: Groudon|accuracy|1\n|move|p2a: Yveltal|Foul Play|p1a: Groudon\n|-damage|p1a: Groudon|13\/100\n|\n|-weather|DesolateLand|[upkeep]\n|upkeep\n|turn|13\n|\n|t:|1699970734\n|move|p1a: Groudon|Heat Crash|p2a: Yveltal\n|-damage|p2a: Yveltal|0 fnt\n|faint|p2a: Yveltal\n|\n|-weather|DesolateLand|[upkeep]\n|upkeep\n|\n|t:|1699970738\n|switch|p2a: Chien-Pao|Chien-Pao|100\/100\n|-ability|p2a: Chien-Pao|Sword of Ruin\n|turn|14\n|\n|t:|1699970743\n|move|p2a: Chien-Pao|Ice Shard|p1a: Groudon\n|-damage|p1a: Groudon|0 fnt\n|faint|p1a: Groudon\n|-weather|none\n|\n|upkeep\n|\n|t:|1699970750\n|switch|p1a: Xerneas|Xerneas|82\/100 tox\n|-ability|p1a: Xerneas|Fairy Aura\n|turn|15\n|\n|t:|1699970758\n|switch|p2a: Groudon|Groudon, L99, shiny|100\/100\n|detailschange|p2a: Groudon|Groudon-Primal, L99, shiny\n|-primal|p2a: Groudon|Red Orb\n|-weather|DesolateLand|[from] ability: Desolate Land|[of] p2a: Groudon\n|switch|p1a: Rayquaza|Rayquaza|100\/100\n|-ability|p1a: Rayquaza|Air Lock\n|\n|-weather|DesolateLand|[upkeep]\n|upkeep\n|turn|16\n|\n|t:|1699970769\n|move|p1a: Rayquaza|Swords Dance|p1a: Rayquaza\n|-boost|p1a: Rayquaza|atk|2\n|move|p2a: Groudon|Dragon Tail|p1a: Rayquaza\n|-supereffective|p1a: Rayquaza\n|-damage|p1a: Rayquaza|55\/100\n|drag|p1a: Arceus|Arceus-Ground|100\/100\n|\n|-weather|DesolateLand|[upkeep]\n|upkeep\n|turn|17\n|\n|t:|1699970790\n|move|p1a: Arceus|Dragon Dance|p1a: Arceus\n|-boost|p1a: Arceus|atk|1\n|-boost|p1a: Arceus|spe|1\n|move|p2a: Groudon|Spikes|p1a: Arceus\n|-sidestart|p1: 85792195wwww|Spikes\n|\n|-weather|DesolateLand|[upkeep]\n|upkeep\n|turn|18\n|\n|t:|1699970802\n|-zpower|p1a: Arceus\n|move|p1a: Arceus|Tectonic Rage|p2a: Groudon|[zeffect]\n|-supereffective|p2a: Groudon\n|-damage|p2a: Groudon|0 fnt\n|faint|p2a: Groudon\n|-weather|none\n|\n|upkeep\n|\n|t:|1699970815\n|switch|p2a: Ho-Oh|Ho-Oh, shiny|100\/100\n|turn|19\n|\n|t:|1699970819\n|-terastallize|p2a: Ho-Oh|Grass\n|move|p1a: Arceus|Stone Edge|p2a: Ho-Oh\n|-damage|p2a: Ho-Oh|55\/100\n|move|p2a: Ho-Oh|Sacred Fire|p1a: Arceus\n|-damage|p1a: Arceus|47\/100\n|-status|p1a: Arceus|brn\n|\n|-damage|p1a: Arceus|41\/100 brn|[from] brn\n|upkeep\n|turn|20\n|\n|t:|1699970837\n|move|p1a: Arceus|Dragon Dance|p1a: Arceus\n|-boost|p1a: Arceus|atk|1\n|-boost|p1a: Arceus|spe|1\n|move|p2a: Ho-Oh|Sacred Fire|p1a: Arceus\n|-damage|p1a: Arceus|0 fnt\n|faint|p1a: Arceus\n|\n|upkeep\n|\n|t:|1699970847\n|switch|p1a: Rayquaza|Rayquaza|55\/100\n|-ability|p1a: Rayquaza|Air Lock\n|turn|21\n|\n|t:|1699970867\n|move|p1a: Rayquaza|Swords Dance|p1a: Rayquaza\n|-boost|p1a: Rayquaza|atk|2\n|move|p2a: Ho-Oh|Sacred Fire|p1a: Rayquaza\n|-resisted|p1a: Rayquaza\n|-damage|p1a: Rayquaza|20\/100\n|\n|upkeep\n|turn|22\n|\n|t:|1699970877\n|move|p1a: Rayquaza|Dragon Ascent|p2a: Ho-Oh\n|-supereffective|p2a: Ho-Oh\n|-damage|p2a: Ho-Oh|0 fnt\n|-unboost|p1a: Rayquaza|def|1\n|-unboost|p1a: Rayquaza|spd|1\n|faint|p2a: Ho-Oh\n|-damage|p1a: Rayquaza|10\/100|[from] item: Life Orb\n|\n|upkeep\n|inactive|C0ld as Ice has 120 seconds left.\n|\n|t:|1699970927\n|switch|p2a: Arceus|Arceus-Water|76\/100\n|turn|23\n|\n|t:|1699970939\n|move|p2a: Arceus|Ice Beam|p1a: Rayquaza\n|-supereffective|p1a: Rayquaza\n|-damage|p1a: Rayquaza|0 fnt\n|faint|p1a: Rayquaza\n|\n|upkeep\n|\n|t:|1699970948\n|switch|p1a: Xerneas|Xerneas|82\/100 tox\n|-damage|p1a: Xerneas|70\/100 tox|[from] Spikes\n|-ability|p1a: Xerneas|Fairy Aura\n|turn|24\n|\n|t:|1699970956\n|move|p2a: Arceus|Taunt|p1a: Xerneas\n|-start|p1a: Xerneas|move: Taunt\n|move|p1a: Xerneas|Thunder|p2a: Arceus|[miss]\n|-miss|p1a: Xerneas|p2a: Arceus\n|\n|-damage|p1a: Xerneas|64\/100 tox|[from] psn\n|upkeep\n|turn|25\n|\n|t:|1699970965\n|switch|p2a: Necrozma|Necrozma-Dusk-Mane, shiny|82\/100\n|move|p1a: Xerneas|Thunder|p2a: Necrozma\n|-damage|p2a: Necrozma|53\/100\n|-status|p2a: Necrozma|par\n|\n|-damage|p1a: Xerneas|51\/100 tox|[from] psn\n|upkeep\n|turn|26\n|\n|t:|1699970975\n|switch|p1a: Landorus|Landorus, M|100\/100\n|move|p2a: Necrozma|Moonlight|p2a: Necrozma\n|-heal|p2a: Necrozma|100\/100 par\n|\n|upkeep\n|turn|27\n|\n|t:|1699970987\n|move|p1a: Landorus|Earth Power|p2a: Necrozma\n|-supereffective|p2a: Necrozma\n|-damage|p2a: Necrozma|31\/100 par\n|-zpower|p2a: Necrozma\n|move|p2a: Necrozma|Searing Sunraze Smash|p1a: Landorus|[zeffect]\n|-damage|p1a: Landorus|0 fnt\n|faint|p1a: Landorus\n|\n|upkeep\n|-message|85792195wwww forfeited.\n|\n|win|C0ld as Ice\n|raw|85792195wwww's rating: 1537 &rarr; <strong>1530<\/strong><br \/>(-7 for losing)\n|raw|C0ld as Ice's rating: 1809 &rarr; <strong>1816<\/strong><br \/>(+7 for winning)\n|l|\u260685792195wwww\n","uploadtime":1699971046,"views":7,"p1id":"85792195wwww","p2id":"c0ldasice","formatid":"gen9nationaldexubers","rating":1530,"private":0,"password":""}