{"id":"gen9nationaldexubers-1992851445","p1":"XJohnson","p2":"BuddyBrodo","format":"[Gen 9] National Dex Ubers","log":"|j|\u2606XJohnson\n|j|\u2606BuddyBrodo\n|t:|1700240955\n|gametype|singles\n|player|p1|XJohnson|gloria-masters|1290\n|player|p2|BuddyBrodo|ltsurge|1281\n|teamsize|p1|6\n|teamsize|p2|6\n|gen|9\n|tier|[Gen 9] National Dex Ubers\n|rated|\n|rule|HP Percentage Mod: HP is shown in percentages\n|rule|Endless Battle Clause: Forcing endless battles is banned\n|rule|OHKO Clause: OHKO moves are banned\n|rule|Evasion Moves Clause: Evasion moves are banned\n|rule|Evasion Items Clause: Evasion items are banned\n|rule|Species Clause: Limit one of each Pok\u00e9mon\n|rule|Sleep Clause Mod: Limit one foe put to sleep\n|rule|Mega Rayquaza Clause: You cannot mega evolve Rayquaza\n|clearpoke\n|poke|p1|Shaymin-Sky|\n|poke|p1|Yveltal|\n|poke|p1|Lunala|\n|poke|p1|Tapu Bulu|\n|poke|p1|Annihilape, M|\n|poke|p1|Ninetales-Alola, F|\n|poke|p2|Snorlax, M|\n|poke|p2|Crustle, F|\n|poke|p2|Mimikyu, F|\n|poke|p2|Goodra, F|\n|poke|p2|Charizard, M|\n|poke|p2|Melmetal|\n|teampreview\n|inactive|Battle timer is ON: inactive players will automatically lose when time's up. (requested by BuddyBrodo)\n|\n|t:|1700240985\n|start\n|switch|p1a: Shaymin|Shaymin-Sky|100\/100\n|switch|p2a: Melmetal|Melmetal|100\/100\n|turn|1\n|\n|t:|1700240998\n|move|p1a: Shaymin|Earth Power|p2a: Melmetal\n|-supereffective|p2a: Melmetal\n|-damage|p2a: Melmetal|44\/100\n|move|p2a: Melmetal|Double Iron Bash|p1a: Shaymin\n|-damage|p1a: Shaymin|33\/100\n|-damage|p1a: Shaymin|0 fnt\n|faint|p1a: Shaymin\n|-hitcount|p1: Shaymin|2\n|\n|upkeep\n|\n|t:|1700241005\n|switch|p1a: Yveltal|Yveltal|100\/100\n|-ability|p1a: Yveltal|Dark Aura\n|turn|2\n|\n|t:|1700241029\n|switch|p2a: Goodra|Goodra, F|100\/100\n|move|p1a: Yveltal|Dark Pulse|p2a: Goodra\n|-damage|p2a: Goodra|65\/100\n|\n|upkeep\n|turn|3\n|\n|t:|1700241032\n|switch|p1a: Ninetales|Ninetales-Alola, F|100\/100\n|-weather|Snow|[from] ability: Snow Warning|[of] p1a: Ninetales\n|move|p2a: Goodra|Thunder|p1a: Ninetales\n|-damage|p1a: Ninetales|59\/100\n|\n|-weather|Snow|[upkeep]\n|upkeep\n|turn|4\n|\n|t:|1700241035\n|move|p1a: Ninetales|Aurora Veil|p1a: Ninetales\n|-sidestart|p1: XJohnson|move: Aurora Veil\n|move|p2a: Goodra|Fire Blast|p1a: Ninetales\n|-supereffective|p1a: Ninetales\n|-damage|p1a: Ninetales|22\/100\n|\n|-weather|Snow|[upkeep]\n|upkeep\n|turn|5\n|\n|t:|1700241044\n|switch|p1a: Annihilape|Annihilape, M|100\/100\n|move|p2a: Goodra|Fire Blast|p1a: Annihilape\n|-damage|p1a: Annihilape|85\/100\n|\n|-weather|Snow|[upkeep]\n|-heal|p1a: Annihilape|92\/100|[from] item: Leftovers\n|upkeep\n|turn|6\n|\n|t:|1700241064\n|move|p1a: Annihilape|Stealth Rock|p2a: Goodra\n|-sidestart|p2: BuddyBrodo|move: Stealth Rock\n|move|p2a: Goodra|Thunder|p1a: Annihilape\n|-damage|p1a: Annihilape|74\/100\n|\n|-weather|Snow|[upkeep]\n|-heal|p1a: Annihilape|80\/100|[from] item: Leftovers\n|upkeep\n|turn|7\n|\n|t:|1700241071\n|move|p1a: Annihilape|Rage Fist|p2a: Goodra\n|-damage|p2a: Goodra|0 fnt\n|faint|p2a: Goodra\n|\n|-weather|none\n|-heal|p1a: Annihilape|87\/100|[from] item: Leftovers\n|upkeep\n|\n|t:|1700241075\n|switch|p2a: Mimikyu|Mimikyu, F, shiny|100\/100\n|-damage|p2a: Mimikyu|88\/100|[from] Stealth Rock\n|turn|8\n|\n|t:|1700241078\n|move|p2a: Mimikyu|Bulk Up|p2a: Mimikyu\n|-boost|p2a: Mimikyu|atk|1\n|-boost|p2a: Mimikyu|def|1\n|move|p1a: Annihilape|Rage Fist|p2a: Mimikyu\n|-activate|p2a: Mimikyu|ability: Disguise\n|-damage|p2a: Mimikyu|88\/100\n|detailschange|p2a: Mimikyu|Mimikyu-Busted, F, shiny\n|-damage|p2a: Mimikyu|76\/100|[from] pokemon: Mimikyu-Busted\n|\n|-heal|p1a: Annihilape|93\/100|[from] item: Leftovers\n|upkeep\n|turn|9\n|\n|t:|1700241086\n|-zpower|p2a: Mimikyu\n|move|p2a: Mimikyu|Let's Snuggle Forever|p1a: Annihilape|[zeffect]\n|-supereffective|p1a: Annihilape\n|-damage|p1a: Annihilape|0 fnt\n|faint|p1a: Annihilape\n|\n|upkeep\n|\n|t:|1700241089\n|switch|p1a: Yveltal|Yveltal|100\/100\n|-ability|p1a: Yveltal|Dark Aura\n|turn|10\n|\n|t:|1700241093\n|move|p1a: Yveltal|Dark Pulse|p2a: Mimikyu\n|-damage|p2a: Mimikyu|0 fnt\n|faint|p2a: Mimikyu\n|\n|upkeep\n|\n|t:|1700241104\n|switch|p2a: Crustle|Crustle, F|100\/100\n|turn|11\n|\n|t:|1700241121\n|switch|p1a: Jeanne|Lunala, shiny|100\/100\n|move|p2a: Crustle|Shell Smash|p2a: Crustle\n|-unboost|p2a: Crustle|def|1\n|-unboost|p2a: Crustle|spd|1\n|-boost|p2a: Crustle|atk|2\n|-boost|p2a: Crustle|spa|2\n|-boost|p2a: Crustle|spe|2\n|\n|-sideend|p1: XJohnson|move: Aurora Veil\n|upkeep\n|turn|12\n|\n|t:|1700241134\n|move|p2a: Crustle|X-Scissor|p1a: Jeanne\n|-damage|p1a: Jeanne|70\/100\n|move|p1a: Jeanne|Moongeist Beam|p2a: Crustle\n|-damage|p2a: Crustle|0 fnt\n|faint|p2a: Crustle\n|\n|-heal|p1a: Jeanne|76\/100|[from] item: Leftovers\n|upkeep\n|\n|t:|1700241137\n|switch|p2a: Melmetal|Melmetal|44\/100\n|-damage|p2a: Melmetal|38\/100|[from] Stealth Rock\n|turn|13\n|\n|t:|1700241141\n|move|p1a: Jeanne|Moongeist Beam|p2a: Melmetal\n|-damage|p2a: Melmetal|0 fnt\n|faint|p2a: Melmetal\n|\n|-heal|p1a: Jeanne|82\/100|[from] item: Leftovers\n|upkeep\n|-message|BuddyBrodo forfeited.\n|\n|win|XJohnson\n|raw|XJohnson's rating: 1290 &rarr; <strong>1314<\/strong><br \/>(+24 for winning)\n|raw|BuddyBrodo's rating: 1281 &rarr; <strong>1257<\/strong><br \/>(-24 for losing)\n|l|\u2606BuddyBrodo\n","uploadtime":1700241157,"views":24,"p1id":"xjohnson","p2id":"buddybrodo","formatid":"gen9nationaldexubers","rating":1257,"private":0,"password":""}