{"id":"gen9nationaldexubers-1997810763","p1":"Autometalogolex11","p2":"Omey","format":"[Gen 9] National Dex Ubers","log":"|j|\u2606Autometalogolex11\n|j|\u2606Omey\n|t:|1700855191\n|gametype|singles\n|player|p1|Autometalogolex11|n|\n|player|p2|Omey|galacticgrunt|\n|teamsize|p1|4\n|teamsize|p2|4\n|gen|9\n|tier|[Gen 9] National Dex Ubers\n|rule|HP Percentage Mod: HP is shown in percentages\n|rule|Endless Battle Clause: Forcing endless battles is banned\n|rule|OHKO Clause: OHKO moves are banned\n|rule|Evasion Moves Clause: Evasion moves are banned\n|rule|Evasion Items Clause: Evasion items are banned\n|rule|Species Clause: Limit one of each Pok\u00e9mon\n|rule|Sleep Clause Mod: Limit one foe put to sleep\n|rule|Mega Rayquaza Clause: You cannot mega evolve Rayquaza\n|clearpoke\n|poke|p1|Beartic, F|\n|poke|p1|Togedemaru, M|\n|poke|p1|Garchomp, M|\n|poke|p1|Shiinotic, M|\n|poke|p2|Snorlax, F|\n|poke|p2|Zygarde|\n|poke|p2|Okidogi, M|\n|poke|p2|Klefki, F|\n|teampreview\n|c|\u2606Autometalogolex11|glhf\n|c|\u2606Omey|u2\n|\n|t:|1700855249\n|start\n|switch|p1a: Don't Miss|Garchomp, M|100\/100\n|switch|p2a: Roulette|Snorlax, F, shiny|100\/100\n|turn|1\n|\n|t:|1700855269\n|switch|p1a: Lemon Jello|Togedemaru, M|100\/100\n|switch|p2a: Table|Klefki, F|100\/100\n|\n|upkeep\n|turn|2\n|\n|t:|1700855284\n|switch|p1a: Don't Miss|Garchomp, M|100\/100\n|move|p2a: Table|Reflect|p2a: Table\n|-sidestart|p2: Omey|Reflect\n|\n|upkeep\n|turn|3\n|\n|t:|1700855291\n|move|p2a: Table|Light Screen|p2a: Table\n|-sidestart|p2: Omey|move: Light Screen\n|move|p1a: Don't Miss|Earth Power|p2a: Table\n|-supereffective|p2a: Table\n|-damage|p2a: Table|35\/100\n|-unboost|p2a: Table|spd|1\n|\n|upkeep\n|turn|4\n|\n|t:|1700855294\n|switch|p2a: Roulette|Snorlax, F, shiny|100\/100\n|move|p1a: Don't Miss|Earth Power|p2a: Roulette\n|-damage|p2a: Roulette|87\/100\n|\n|upkeep\n|turn|5\n|\n|t:|1700855310\n|switch|p1a: Lemon Jello|Togedemaru, M|100\/100\n|move|p2a: Roulette|Giga Impact|p1a: Lemon Jello\n|-resisted|p1a: Lemon Jello\n|-damage|p1a: Lemon Jello|46\/100\n|-mustrecharge|p2a: Roulette\n|\n|upkeep\n|turn|6\n|\n|t:|1700855331\n|switch|p1a: PortaBelaLugosi|Shiinotic, M, shiny|100\/100\n|cant|p2a: Roulette|recharge\n|\n|upkeep\n|turn|7\n|\n|t:|1700855354\n|move|p1a: PortaBelaLugosi|Spore|p2a: Roulette\n|-status|p2a: Roulette|slp|[from] move: Spore\n|cant|p2a: Roulette|slp\n|move|p2a: Roulette|Sleep Talk|p2a: Roulette\n|move|p2a: Roulette|Rest||[from]move: Sleep Talk|[still]\n|-fail|p2a: Roulette\n|\n|upkeep\n|turn|8\n|\n|t:|1700855370\n|move|p1a: PortaBelaLugosi|Dream Eater|p2a: Roulette\n|-damage|p2a: Roulette|78\/100 slp\n|cant|p2a: Roulette|slp\n|move|p2a: Roulette|Sleep Talk|p2a: Roulette\n|move|p2a: Roulette|Shadow Ball|p1a: PortaBelaLugosi|[from]move: Sleep Talk\n|-damage|p1a: PortaBelaLugosi|81\/100\n|\n|upkeep\n|turn|9\n|\n|t:|1700855416\n|move|p1a: PortaBelaLugosi|Draining Kiss|p2a: Roulette\n|-damage|p2a: Roulette|72\/100 slp\n|-heal|p1a: PortaBelaLugosi|90\/100|[from] drain|[of] p2a: Roulette\n|cant|p2a: Roulette|slp\n|\n|-sideend|p2: Omey|Reflect\n|upkeep\n|turn|10\n|\n|t:|1700855425\n|move|p1a: PortaBelaLugosi|Draining Kiss|p2a: Roulette\n|-damage|p2a: Roulette|65\/100 slp\n|-heal|p1a: PortaBelaLugosi|100\/100|[from] drain|[of] p2a: Roulette\n|-curestatus|p2a: Roulette|slp|[msg]\n|-zpower|p2a: Roulette\n|move|p2a: Roulette|Pulverizing Pancake|p1a: PortaBelaLugosi|[zeffect]\n|-damage|p1a: PortaBelaLugosi|0 fnt\n|faint|p1a: PortaBelaLugosi\n|\n|-sideend|p2: Omey|move: Light Screen\n|upkeep\n|\n|t:|1700855428\n|switch|p1a: Herbert|Beartic, F|100\/100\n|turn|11\n|\n|t:|1700855445\n|switch|p2a: Keeth|Okidogi, M|100\/100\n|move|p1a: Herbert|Snowscape|p1a: Herbert\n|-weather|Snow\n|\n|-weather|Snow|[upkeep]\n|upkeep\n|turn|12\n|\n|t:|1700855455\n|switch|p1a: Don't Miss|Garchomp, M|100\/100\n|move|p2a: Keeth|Drain Punch|p1a: Don't Miss\n|-damage|p1a: Don't Miss|61\/100\n|-damage|p2a: Keeth|88\/100|[from] ability: Rough Skin|[of] p1a: Don't Miss\n|\n|-weather|Snow|[upkeep]\n|upkeep\n|turn|13\n|\n|t:|1700855479\n|switch|p2a: Salazar Slytherin|Zygarde|100\/100\n|move|p1a: Don't Miss|Earth Power|p2a: Salazar Slytherin\n|-damage|p2a: Salazar Slytherin|61\/100\n|\n|-weather|Snow|[upkeep]\n|-heal|p2a: Salazar Slytherin|67\/100|[from] item: Leftovers\n|upkeep\n|turn|14\n|\n|t:|1700855485\n|switch|p1a: Herbert|Beartic, F|100\/100\n|move|p2a: Salazar Slytherin|Dragon Dance|p2a: Salazar Slytherin\n|-boost|p2a: Salazar Slytherin|atk|1\n|-boost|p2a: Salazar Slytherin|spe|1\n|\n|-weather|Snow|[upkeep]\n|-heal|p2a: Salazar Slytherin|73\/100|[from] item: Leftovers\n|upkeep\n|turn|15\n|\n|t:|1700855506\n|switch|p2a: Table|Klefki, F|35\/100\n|move|p1a: Herbert|Power-Up Punch|p2a: Table\n|-damage|p2a: Table|24\/100\n|-boost|p1a: Herbert|atk|1\n|\n|-weather|none\n|upkeep\n|turn|16\n|\n|t:|1700855519\n|switch|p1a: Don't Miss|Garchomp, M|61\/100\n|move|p2a: Table|Reflect|p2a: Table\n|-sidestart|p2: Omey|Reflect\n|\n|upkeep\n|turn|17\n|\n|t:|1700855530\n|move|p2a: Table|Light Screen|p2a: Table\n|-sidestart|p2: Omey|move: Light Screen\n|move|p1a: Don't Miss|Earth Power|p2a: Table\n|-supereffective|p2a: Table\n|-damage|p2a: Table|0 fnt\n|faint|p2a: Table\n|\n|upkeep\n|\n|t:|1700855546\n|switch|p2a: Roulette|Snorlax, F, shiny|65\/100\n|turn|18\n|\n|t:|1700855551\n|switch|p1a: Herbert|Beartic, F|100\/100\n|move|p2a: Roulette|Giga Impact|p1a: Herbert\n|-damage|p1a: Herbert|28\/100\n|-mustrecharge|p2a: Roulette\n|\n|upkeep\n|turn|19\n|\n|t:|1700855560\n|move|p1a: Herbert|Power-Up Punch|p2a: Roulette\n|-supereffective|p2a: Roulette\n|-damage|p2a: Roulette|53\/100\n|-boost|p1a: Herbert|atk|1\n|cant|p2a: Roulette|recharge\n|\n|upkeep\n|turn|20\n|\n|t:|1700855575\n|switch|p2a: Keeth|Okidogi, M|88\/100\n|move|p1a: Herbert|Icicle Spear|p2a: Keeth\n|-damage|p2a: Keeth|81\/100\n|-damage|p2a: Keeth|75\/100\n|-damage|p2a: Keeth|68\/100\n|-damage|p2a: Keeth|61\/100\n|-hitcount|p2a: Keeth|4\n|\n|upkeep\n|turn|21\n|\n|t:|1700855583\n|switch|p1a: Don't Miss|Garchomp, M|61\/100\n|move|p2a: Keeth|Drain Punch|p1a: Don't Miss\n|-damage|p1a: Don't Miss|25\/100\n|-heal|p2a: Keeth|79\/100|[from] drain|[of] p1a: Don't Miss\n|-damage|p2a: Keeth|67\/100|[from] ability: Rough Skin|[of] p1a: Don't Miss\n|\n|upkeep\n|turn|22\n|\n|t:|1700855603\n|switch|p2a: Roulette|Snorlax, F, shiny|53\/100\n|move|p1a: Don't Miss|Draco Meteor|p2a: Roulette\n|-damage|p2a: Roulette|33\/100\n|-unboost|p1a: Don't Miss|spa|2\n|\n|upkeep\n|turn|23\n|\n|t:|1700855610\n|switch|p1a: Lemon Jello|Togedemaru, M|46\/100\n|move|p2a: Roulette|Rest|p2a: Roulette\n|-status|p2a: Roulette|slp|[from] move: Rest\n|-heal|p2a: Roulette|100\/100 slp|[silent]\n|\n|-sideend|p2: Omey|Reflect\n|upkeep\n|turn|24\n|\n|t:|1700855613\n|switch|p1a: Herbert|Beartic, F|28\/100\n|cant|p2a: Roulette|slp\n|move|p2a: Roulette|Sleep Talk|p2a: Roulette\n|move|p2a: Roulette|Shadow Ball|p1a: Herbert|[from]move: Sleep Talk\n|-damage|p1a: Herbert|7\/100\n|\n|-sideend|p2: Omey|move: Light Screen\n|upkeep\n|turn|25\n|\n|t:|1700855626\n|switch|p2a: Keeth|Okidogi, M|67\/100\n|move|p1a: Herbert|Power-Up Punch|p2a: Keeth\n|-resisted|p2a: Keeth\n|-damage|p2a: Keeth|62\/100\n|-boost|p1a: Herbert|atk|1\n|\n|upkeep\n|turn|26\n|\n|t:|1700855639\n|switch|p1a: Lemon Jello|Togedemaru, M|46\/100\n|move|p2a: Keeth|Drain Punch|p1a: Lemon Jello\n|-supereffective|p1a: Lemon Jello\n|-damage|p1a: Lemon Jello|0 fnt\n|-heal|p2a: Keeth|79\/100|[from] drain|[of] p1a: Lemon Jello\n|faint|p1a: Lemon Jello\n|\n|upkeep\n|\n|t:|1700855640\n|switch|p1a: Don't Miss|Garchomp, M|25\/100\n|turn|27\n|\n|t:|1700855644\n|switch|p2a: Roulette|Snorlax, F, shiny|100\/100 slp\n|move|p1a: Don't Miss|Earth Power|p2a: Roulette\n|-damage|p2a: Roulette|71\/100 slp\n|\n|upkeep\n|turn|28\n|\n|t:|1700855647\n|move|p1a: Don't Miss|Earth Power|p2a: Roulette\n|-damage|p2a: Roulette|43\/100 slp\n|cant|p2a: Roulette|slp\n|move|p2a: Roulette|Sleep Talk|p2a: Roulette\n|move|p2a: Roulette|Rest||[from]move: Sleep Talk|[still]\n|-fail|p2a: Roulette\n|\n|upkeep\n|turn|29\n|\n|t:|1700855655\n|move|p1a: Don't Miss|Earth Power|p2a: Roulette\n|-damage|p2a: Roulette|16\/100 slp\n|-curestatus|p2a: Roulette|slp|[msg]\n|move|p2a: Roulette|Giga Impact|p1a: Don't Miss|[miss]\n|-miss|p2a: Roulette|p1a: Don't Miss\n|\n|upkeep\n|turn|30\n|\n|t:|1700855672\n|switch|p1a: Herbert|Beartic, F|7\/100\n|move|p2a: Roulette|Rest|p2a: Roulette\n|-status|p2a: Roulette|slp|[from] move: Rest\n|-heal|p2a: Roulette|100\/100 slp|[silent]\n|\n|upkeep\n|turn|31\n|c|\u2606Autometalogolex11|gg\n|c|\u2606Autometalogolex11|i predicted a zygarde switch\n|c|\u2606Omey|ah okay\n|\n|t:|1700855709\n|switch|p1a: Don't Miss|Garchomp, M|25\/100\n|cant|p2a: Roulette|slp\n|move|p2a: Roulette|Sleep Talk|p2a: Roulette\n|move|p2a: Roulette|Shadow Ball|p1a: Don't Miss|[from]move: Sleep Talk\n|-damage|p1a: Don't Miss|5\/100\n|\n|upkeep\n|turn|32\n|\n|t:|1700855714\n|move|p1a: Don't Miss|Hyper Beam|p2a: Roulette\n|-damage|p2a: Roulette|71\/100 slp\n|-mustrecharge|p1a: Don't Miss\n|cant|p2a: Roulette|slp\n|move|p2a: Roulette|Sleep Talk|p2a: Roulette\n|move|p2a: Roulette|Giga Impact|p1a: Don't Miss|[from]move: Sleep Talk\n|-damage|p1a: Don't Miss|0 fnt\n|-mustrecharge|p2a: Roulette\n|-damage|p2a: Roulette|59\/100 slp|[from] ability: Rough Skin|[of] p1a: Don't Miss\n|faint|p1a: Don't Miss\n|\n|upkeep\n|\n|t:|1700855716\n|switch|p1a: Herbert|Beartic, F|7\/100\n|turn|33\n|\n|t:|1700855722\n|move|p1a: Herbert|Power-Up Punch|p2a: Roulette\n|-supereffective|p2a: Roulette\n|-damage|p2a: Roulette|33\/100 slp\n|-boost|p1a: Herbert|atk|1\n|cant|p2a: Roulette|recharge\n|\n|upkeep\n|turn|34\n|c|\u2606Omey|the special chomp\n|\n|t:|1700855731\n|move|p1a: Herbert|Snowscape|p1a: Herbert\n|-weather|Snow\n|-curestatus|p2a: Roulette|slp|[msg]\n|move|p2a: Roulette|Giga Impact|p1a: Herbert\n|-crit|p1a: Herbert\n|-damage|p1a: Herbert|0 fnt\n|-mustrecharge|p2a: Roulette\n|faint|p1a: Herbert\n|\n|win|Omey\n|c|\u2606Omey|GG\n|c|\u2606Autometalogolex11|gg\n|c|\u2606Autometalogolex11|will you post results?\n|c|\u2606Omey|I have games 2 and 3\n|c|\u2606Omey|do you have the 1st game\n|c|\u2606Autometalogolex11|yes\n|c|\u2606Omey|it closed for me\n","uploadtime":1700855830,"views":7,"p1id":"autometalogolex11","p2id":"omey","formatid":"gen9nationaldexubers","rating":0,"private":0,"password":""}