{"id":"gen9nationaldexubers-1988602288","p1":"Pex Hater","p2":"Big Chungus irl","format":"[Gen 9] National Dex Ubers","log":"|j|\u2606Pex Hater\n|j|\u2606Big Chungus irl\n|t:|1699740790\n|gametype|singles\n|player|p1|Pex Hater|cheryl|\n|player|p2|Big Chungus irl|firebreather|\n|teamsize|p1|6\n|teamsize|p2|6\n|gen|9\n|tier|[Gen 9] National Dex Ubers\n|rule|HP Percentage Mod: HP is shown in percentages\n|rule|Endless Battle Clause: Forcing endless battles is banned\n|rule|OHKO Clause: OHKO moves are banned\n|rule|Evasion Moves Clause: Evasion moves are banned\n|rule|Evasion Items Clause: Evasion items are banned\n|rule|Species Clause: Limit one of each Pok\u00e9mon\n|rule|Sleep Clause Mod: Limit one foe put to sleep\n|rule|Mega Rayquaza Clause: You cannot mega evolve Rayquaza\n|clearpoke\n|poke|p1|Ursaluna-Bloodmoon, M|\n|poke|p1|Slowking, M|\n|poke|p1|Magikarp, F|\n|poke|p1|Cosmog|\n|poke|p1|Scizor, M|\n|poke|p1|Ogerpon-Cornerstone, F|\n|poke|p2|Corviknight, M|\n|poke|p2|Skarmory, F|\n|poke|p2|Charizard, F|\n|poke|p2|Landorus-Therian, M|\n|poke|p2|Moltres|\n|poke|p2|Zapdos-Galar|\n|teampreview\n|c|\u2606Big Chungus irl|gl andhf\n|c|\u2606Pex Hater|u2\n|\n|t:|1699740809\n|start\n|switch|p1a: Ursaluna|Ursaluna-Bloodmoon, M|100\/100\n|switch|p2a: Zapdos|Zapdos-Galar|100\/100\n|turn|1\n|\n|t:|1699740826\n|switch|p1a: Nero|Magikarp, F|100\/100\n|move|p2a: Zapdos|U-turn|p1a: Nero\n|-damage|p1a: Nero|51\/100\n|-enditem|p1a: Nero|Eject Button\n|\n|t:|1699740831\n|switch|p1a: Scizor|Scizor, M|100\/100\n|\n|upkeep\n|turn|2\n|\n|t:|1699740841\n|switch|p2a: Moltres|Moltres|100\/100\n|detailschange|p1a: Scizor|Scizor-Mega, M\n|-mega|p1a: Scizor|Scizor|Scizorite\n|move|p1a: Scizor|Knock Off|p2a: Moltres\n|-damage|p2a: Moltres|78\/100\n|-enditem|p2a: Moltres|Heavy-Duty Boots|[from] move: Knock Off|[of] p1a: Scizor\n|\n|upkeep\n|turn|3\n|\n|t:|1699740848\n|switch|p1a: Slowking|Slowking, M|100\/100\n|move|p2a: Moltres|U-turn|p1a: Slowking\n|-supereffective|p1a: Slowking\n|-damage|p1a: Slowking|71\/100\n|c|\u2606Pex Hater|damn slowking you suck\n|c|\u2606Pex Hater|30% from a moltres u turn\n|\n|t:|1699740896\n|switch|p2a: Charizard|Charizard, F|100\/100|[from] U-turn\n|\n|upkeep\n|turn|4\n|\n|t:|1699740907\n|detailschange|p2a: Charizard|Charizard-Mega-Y, F\n|-mega|p2a: Charizard|Charizard|Charizardite Y\n|-weather|SunnyDay|[from] ability: Drought|[of] p2a: Charizard\n|move|p2a: Charizard|Solar Beam||[still]\n|-prepare|p2a: Charizard|Solar Beam\n|-anim|p2a: Charizard|Solar Beam|p1a: Slowking\n|-supereffective|p1a: Slowking\n|-damage|p1a: Slowking|11\/100\n|move|p1a: Slowking|Chilly Reception|p1a: Slowking\n|-weather|Snow\n|\n|t:|1699740912\n|switch|p1a: Ogerpon|Ogerpon-Cornerstone, F|100\/100|[from] Chilly Reception\n|\n|-weather|Snow|[upkeep]\n|upkeep\n|turn|5\n|\n|t:|1699740917\n|switch|p2a: Landorus|Landorus-Therian, M|100\/100\n|-ability|p2a: Landorus|Intimidate|boost\n|-unboost|p1a: Ogerpon|atk|1\n|move|p1a: Ogerpon|Ivy Cudgel|p2a: Landorus\n|-damage|p2a: Landorus|55\/100\n|\n|-weather|Snow|[upkeep]\n|upkeep\n|turn|6\n|\n|t:|1699740923\n|move|p2a: Landorus|U-turn|p1a: Ogerpon\n|-supereffective|p1a: Ogerpon\n|-damage|p1a: Ogerpon|30\/100\n|\n|t:|1699740926\n|switch|p2a: Skarmory|Skarmory, F|100\/100|[from] U-turn\n|move|p1a: Ogerpon|Power Whip|p2a: Skarmory\n|-resisted|p2a: Skarmory\n|-damage|p2a: Skarmory|94\/100\n|-damage|p1a: Ogerpon|13\/100|[from] item: Rocky Helmet|[of] p2a: Skarmory\n|\n|-weather|Snow|[upkeep]\n|upkeep\n|turn|7\n|\n|t:|1699740931\n|switch|p1a: Ursaluna|Ursaluna-Bloodmoon, M|100\/100\n|move|p2a: Skarmory|Spikes|p1a: Ursaluna\n|-sidestart|p1: Pex Hater|Spikes\n|\n|-weather|Snow|[upkeep]\n|upkeep\n|turn|8\n|\n|t:|1699740941\n|switch|p2a: Corviknight|Corviknight, M|100\/100\n|move|p1a: Ursaluna|Calm Mind|p1a: Ursaluna\n|-boost|p1a: Ursaluna|spa|1\n|-boost|p1a: Ursaluna|spd|1\n|\n|-weather|none\n|upkeep\n|turn|9\n|\n|t:|1699740947\n|move|p1a: Ursaluna|Calm Mind|p1a: Ursaluna\n|-boost|p1a: Ursaluna|spa|1\n|-boost|p1a: Ursaluna|spd|1\n|move|p2a: Corviknight|Iron Defense|p2a: Corviknight\n|-boost|p2a: Corviknight|def|2\n|\n|upkeep\n|turn|10\n|\n|t:|1699740949\n|move|p1a: Ursaluna|Calm Mind|p1a: Ursaluna\n|-boost|p1a: Ursaluna|spa|1\n|-boost|p1a: Ursaluna|spd|1\n|move|p2a: Corviknight|Body Press|p1a: Ursaluna\n|-supereffective|p1a: Ursaluna\n|-damage|p1a: Ursaluna|49\/100\n|\n|upkeep\n|turn|11\n|\n|t:|1699740952\n|-zpower|p1a: Ursaluna\n|move|p1a: Ursaluna|Breakneck Blitz|p2a: Corviknight|[zeffect]\n|-resisted|p2a: Corviknight\n|-damage|p2a: Corviknight|14\/100\n|move|p2a: Corviknight|Body Press|p1a: Ursaluna\n|-supereffective|p1a: Ursaluna\n|-damage|p1a: Ursaluna|0 fnt\n|faint|p1a: Ursaluna\n|\n|-heal|p2a: Corviknight|20\/100|[from] item: Leftovers\n|upkeep\n|\n|t:|1699740967\n|switch|p1a: Slowking|Slowking, M|45\/100\n|turn|12\n|\n|t:|1699740971\n|move|p2a: Corviknight|Roost|p2a: Corviknight\n|-heal|p2a: Corviknight|70\/100\n|-singleturn|p2a: Corviknight|move: Roost\n|move|p1a: Slowking|Chilly Reception|p1a: Slowking\n|-weather|Snow\n|\n|t:|1699740974\n|switch|p1a: Scizor|Scizor-Mega, M|100\/100|[from] Chilly Reception\n|-damage|p1a: Scizor|88\/100|[from] Spikes\n|\n|-weather|Snow|[upkeep]\n|-heal|p2a: Corviknight|76\/100|[from] item: Leftovers\n|upkeep\n|turn|13\n|\n|t:|1699740978\n|move|p1a: Scizor|Defog|p2a: Corviknight\n|-ability|p2a: Corviknight|Mirror Armor\n|-unboost|p1a: Scizor|evasion|1\n|-sideend|p1: Pex Hater|Spikes|[from] move: Defog|[of] p1a: Scizor\n|move|p2a: Corviknight|U-turn|p1a: Scizor\n|-resisted|p1a: Scizor\n|-crit|p1a: Scizor\n|-damage|p1a: Scizor|82\/100\n|\n|t:|1699740984\n|switch|p2a: Charizard|Charizard-Mega-Y, F|100\/100|[from] U-turn\n|-weather|SunnyDay|[from] ability: Drought|[of] p2a: Charizard\n|\n|-weather|SunnyDay|[upkeep]\n|upkeep\n|turn|14\n|\n|t:|1699740989\n|switch|p1a: Nero|Magikarp, F|51\/100\n|move|p2a: Charizard|Weather Ball|p1a: Nero\n|-resisted|p1a: Nero\n|-damage|p1a: Nero|0 fnt\n|faint|p1a: Nero\n|\n|-weather|SunnyDay|[upkeep]\n|upkeep\n|\n|t:|1699740991\n|switch|p1a: Ogerpon|Ogerpon-Cornerstone, F|13\/100\n|turn|15\n|\n|t:|1699740995\n|switch|p2a: Skarmory|Skarmory, F|94\/100\n|move|p1a: Ogerpon|Ivy Cudgel|p2a: Skarmory\n|-damage|p2a: Skarmory|57\/100\n|\n|-weather|SunnyDay|[upkeep]\n|upkeep\n|turn|16\n|\n|t:|1699741000\n|switch|p1a: Slowking|Slowking, M|78\/100\n|move|p2a: Skarmory|Body Press|p1a: Slowking\n|-resisted|p1a: Slowking\n|-damage|p1a: Slowking|61\/100\n|\n|-weather|SunnyDay|[upkeep]\n|upkeep\n|turn|17\n|\n|t:|1699741004\n|move|p2a: Skarmory|Spikes|p1a: Slowking\n|-sidestart|p1: Pex Hater|Spikes\n|move|p1a: Slowking|Future Sight|p2a: Skarmory\n|-start|p1a: Slowking|move: Future Sight\n|\n|-weather|none\n|upkeep\n|turn|18\n|\n|t:|1699741009\n|move|p1a: Slowking|Scald|p2a: Skarmory\n|-damage|p2a: Skarmory|16\/100\n|move|p2a: Skarmory|Whirlwind|p1a: Slowking\n|drag|p1a: Ogerpon|Ogerpon-Cornerstone, F|13\/100\n|-damage|p1a: Ogerpon|1\/100|[from] Spikes\n|\n|upkeep\n|turn|19\n|\n|t:|1699741015\n|move|p1a: Ogerpon|Ivy Cudgel|p2a: Skarmory\n|-damage|p2a: Skarmory|0 fnt\n|faint|p2a: Skarmory\n|\n|-hint|Future Sight did not hit because the target is fainted.\n|upkeep\n|\n|t:|1699741017\n|switch|p2a: Landorus|Landorus-Therian, M|55\/100\n|-ability|p2a: Landorus|Intimidate|boost\n|-unboost|p1a: Ogerpon|atk|1\n|turn|20\n|\n|t:|1699741020\n|switch|p1a: shitmon|Cosmog|100\/100\n|-damage|p1a: shitmon|88\/100|[from] Spikes\n|move|p2a: Landorus|U-turn|p1a: shitmon\n|-supereffective|p1a: shitmon\n|-damage|p1a: shitmon|33\/100\n|\n|t:|1699741027\n|switch|p2a: Zapdos|Zapdos-Galar|100\/100|[from] U-turn\n|\n|upkeep\n|turn|21\n|\n|t:|1699741028\n|move|p2a: Zapdos|U-turn|p1a: shitmon\n|-supereffective|p1a: shitmon\n|-damage|p1a: shitmon|0 fnt\n|faint|p1a: shitmon\n|\n|t:|1699741035\n|switch|p2a: Corviknight|Corviknight, M|76\/100|[from] U-turn\n|\n|-heal|p2a: Corviknight|82\/100|[from] item: Leftovers\n|upkeep\n|\n|t:|1699741038\n|switch|p1a: Scizor|Scizor-Mega, M|82\/100\n|-damage|p1a: Scizor|69\/100|[from] Spikes\n|turn|22\n|\n|t:|1699741041\n|move|p1a: Scizor|Roost|p1a: Scizor\n|-heal|p1a: Scizor|100\/100\n|-singleturn|p1a: Scizor|move: Roost\n|move|p2a: Corviknight|U-turn|p1a: Scizor\n|-resisted|p1a: Scizor\n|-damage|p1a: Scizor|96\/100\n|\n|t:|1699741049\n|switch|p2a: Charizard|Charizard-Mega-Y, F|100\/100|[from] U-turn\n|-weather|SunnyDay|[from] ability: Drought|[of] p2a: Charizard\n|\n|-weather|SunnyDay|[upkeep]\n|upkeep\n|turn|23\n|\n|t:|1699741053\n|move|p2a: Charizard|Weather Ball|p1a: Scizor\n|-supereffective|p1a: Scizor\n|-damage|p1a: Scizor|0 fnt\n|faint|p1a: Scizor\n|\n|-weather|SunnyDay|[upkeep]\n|upkeep\n|c|\u2606Pex Hater|gg\n|c|\u2606Big Chungus irl|gg\n|\n|t:|1699741058\n|switch|p1a: Slowking|Slowking, M|95\/100\n|turn|24\n|\n|t:|1699741061\n|move|p2a: Charizard|Solar Beam||[still]\n|-prepare|p2a: Charizard|Solar Beam\n|-anim|p2a: Charizard|Solar Beam|p1a: Slowking\n|-supereffective|p1a: Slowking\n|-damage|p1a: Slowking|35\/100\n|move|p1a: Slowking|Scald|p2a: Charizard\n|-supereffective|p2a: Charizard\n|-damage|p2a: Charizard|74\/100\n|\n|-weather|SunnyDay|[upkeep]\n|upkeep\n|turn|25\n|\n|t:|1699741064\n|move|p2a: Charizard|Solar Beam||[still]\n|-prepare|p2a: Charizard|Solar Beam\n|-anim|p2a: Charizard|Solar Beam|p1a: Slowking\n|-supereffective|p1a: Slowking\n|-damage|p1a: Slowking|0 fnt\n|faint|p1a: Slowking\n|\n|-weather|SunnyDay|[upkeep]\n|upkeep\n|\n|t:|1699741075\n|switch|p1a: Ogerpon|Ogerpon-Cornerstone, F|1\/100\n|-damage|p1a: Ogerpon|0 fnt|[from] Spikes\n|faint|p1a: Ogerpon\n|\n|win|Big Chungus irl\n|l|\u2606Pex Hater\n","uploadtime":1699741089,"views":23,"p1id":"pexhater","p2id":"bigchungusirl","formatid":"gen9nationaldexubers","rating":0,"private":0,"password":""}