{"id":"gen9nationaldexubers-1983732827","p1":"D. Lawrenzz","p2":"AlolanSandslashOU","format":"[Gen 9] National Dex Ubers","log":"|j|\u2606D. Lawrenzz\n|j|\u2606AlolanSandslashOU\n|t:|1699169549\n|gametype|singles\n|player|p1|D. Lawrenzz|blue-masters|\n|player|p2|AlolanSandslashOU|volkner|\n|teamsize|p1|6\n|teamsize|p2|6\n|gen|9\n|tier|[Gen 9] National Dex Ubers\n|rule|HP Percentage Mod: HP is shown in percentages\n|rule|Endless Battle Clause: Forcing endless battles is banned\n|rule|OHKO Clause: OHKO moves are banned\n|rule|Evasion Moves Clause: Evasion moves are banned\n|rule|Evasion Items Clause: Evasion items are banned\n|rule|Species Clause: Limit one of each Pok\u00e9mon\n|rule|Sleep Clause Mod: Limit one foe put to sleep\n|rule|Mega Rayquaza Clause: You cannot mega evolve Rayquaza\n|clearpoke\n|poke|p1|Slowking-Galar, M|\n|poke|p1|Ampharos, F|\n|poke|p1|Alomomola, F|\n|poke|p1|Ferrothorn, F|\n|poke|p1|Enamorus-Therian, F|\n|poke|p1|Glastrier|\n|poke|p2|Sneasler, F|\n|poke|p2|Greninja-*, F|\n|poke|p2|Zapdos|\n|poke|p2|Iron Moth|\n|poke|p2|Kartana|\n|poke|p2|Great Tusk|\n|teampreview\n|inactive|Battle timer is ON: inactive players will automatically lose when time's up. (requested by D. Lawrenzz)\n|\n|t:|1699169575\n|start\n|switch|p1a: Ferrothorn|Ferrothorn, F|100\/100\n|switch|p2a: Kartana|Kartana, shiny|100\/100\n|turn|1\n|\n|t:|1699169583\n|move|p2a: Kartana|Sacred Sword|p1a: Ferrothorn\n|-supereffective|p1a: Ferrothorn\n|-damage|p1a: Ferrothorn|56\/100\n|-damage|p2a: Kartana|88\/100|[from] ability: Iron Barbs|[of] p1a: Ferrothorn\n|move|p1a: Ferrothorn|Thunder Wave|p2a: Kartana\n|-status|p2a: Kartana|par\n|\n|-heal|p1a: Ferrothorn|62\/100|[from] item: Leftovers\n|upkeep\n|turn|2\n|\n|t:|1699169590\n|switch|p2a: Zapdos|Zapdos|100\/100\n|move|p1a: Ferrothorn|Leech Seed|p2a: Zapdos\n|-start|p2a: Zapdos|move: Leech Seed\n|\n|-heal|p1a: Ferrothorn|68\/100|[from] item: Leftovers\n|-damage|p2a: Zapdos|88\/100|[from] Leech Seed|[of] p1a: Ferrothorn\n|-heal|p1a: Ferrothorn|82\/100|[silent]\n|upkeep\n|turn|3\n|\n|t:|1699169594\n|move|p1a: Ferrothorn|Protect|p1a: Ferrothorn\n|-singleturn|p1a: Ferrothorn|Protect\n|move|p2a: Zapdos|Hurricane|p1a: Ferrothorn\n|-activate|p1a: Ferrothorn|move: Protect\n|\n|-heal|p2a: Zapdos|94\/100|[from] item: Leftovers\n|-heal|p1a: Ferrothorn|88\/100|[from] item: Leftovers\n|-damage|p2a: Zapdos|82\/100|[from] Leech Seed|[of] p1a: Ferrothorn\n|-heal|p1a: Ferrothorn|100\/100|[silent]\n|upkeep\n|turn|4\n|\n|t:|1699169601\n|move|p2a: Zapdos|Volt Switch|p1a: Ferrothorn\n|-resisted|p1a: Ferrothorn\n|-damage|p1a: Ferrothorn|84\/100\n|\n|t:|1699169606\n|switch|p2a: Iron Moth|Iron Moth, shiny|100\/100|[from] Volt Switch\n|-enditem|p2a: Iron Moth|Booster Energy\n|-activate|p2a: Iron Moth|ability: Quark Drive|[fromitem]\n|-start|p2a: Iron Moth|quarkdrivespe\n|move|p1a: Ferrothorn|Gyro Ball|p2a: Iron Moth\n|-resisted|p2a: Iron Moth\n|-damage|p2a: Iron Moth|62\/100\n|\n|-heal|p1a: Ferrothorn|91\/100|[from] item: Leftovers\n|upkeep\n|turn|5\n|\n|t:|1699169613\n|move|p1a: Ferrothorn|Protect|p1a: Ferrothorn\n|-singleturn|p1a: Ferrothorn|Protect\n|move|p2a: Iron Moth|Substitute|p2a: Iron Moth\n|-start|p2a: Iron Moth|Substitute\n|-damage|p2a: Iron Moth|37\/100\n|\n|-heal|p1a: Ferrothorn|97\/100|[from] item: Leftovers\n|upkeep\n|turn|6\n|\n|t:|1699169618\n|switch|p1a: Alomomola|Alomomola, F|100\/100\n|move|p2a: Iron Moth|Fiery Dance|p1a: Alomomola\n|-resisted|p1a: Alomomola\n|-damage|p1a: Alomomola|78\/100\n|\n|upkeep\n|turn|7\n|\n|t:|1699169625\n|move|p2a: Iron Moth|Fiery Dance|p1a: Alomomola\n|-resisted|p1a: Alomomola\n|-damage|p1a: Alomomola|52\/100\n|move|p1a: Alomomola|Flip Turn|p2a: Iron Moth\n|-supereffective|p2a: Iron Moth\n|-end|p2a: Iron Moth|Substitute\n|\n|t:|1699169633\n|switch|p1a: Slowking|Slowking-Galar, M|100\/100|[from] Flip Turn\n|\n|upkeep\n|turn|8\n|\n|t:|1699169639\n|move|p2a: Iron Moth|Psychic|p1a: Slowking\n|-damage|p1a: Slowking|80\/100\n|move|p1a: Slowking|Trick Room|p1a: Slowking\n|-fieldstart|move: Trick Room|[of] p1a: Slowking\n|\n|upkeep\n|turn|9\n|\n|t:|1699169647\n|-end|p2a: Iron Moth|Quark Drive|[silent]\n|switch|p2a: Greninja|Greninja, F, shiny|100\/100\n|move|p1a: Slowking|Chilly Reception|p1a: Slowking\n|-weather|Snow\n|\n|t:|1699169649\n|switch|p1a: Ampharos|Ampharos, F|100\/100|[from] Chilly Reception\n|\n|-weather|Snow|[upkeep]\n|upkeep\n|turn|10\n|\n|t:|1699169658\n|switch|p2a: Great Tusk|Great Tusk, shiny|100\/100\n|detailschange|p1a: Ampharos|Ampharos-Mega, F\n|-mega|p1a: Ampharos|Ampharos|Ampharosite\n|-ability|p1a: Ampharos|Mold Breaker\n|move|p1a: Ampharos|Dazzling Gleam|p2a: Great Tusk\n|-supereffective|p2a: Great Tusk\n|-damage|p2a: Great Tusk|0 fnt\n|faint|p2a: Great Tusk\n|-end|p2a: Great Tusk|Protosynthesis|[silent]\n|\n|-weather|Snow|[upkeep]\n|upkeep\n|\n|t:|1699169678\n|switch|p2a: Zapdos|Zapdos|82\/100\n|turn|11\n|\n|t:|1699169688\n|-terastallize|p2a: Zapdos|Electric\n|move|p1a: Ampharos|Thunderbolt|p2a: Zapdos\n|-resisted|p2a: Zapdos\n|-damage|p2a: Zapdos|54\/100\n|move|p2a: Zapdos|Roost|p2a: Zapdos\n|-heal|p2a: Zapdos|100\/100\n|\n|-weather|Snow|[upkeep]\n|upkeep\n|turn|12\n|\n|t:|1699169700\n|move|p1a: Ampharos|Volt Switch|p2a: Zapdos\n|-resisted|p2a: Zapdos\n|-damage|p2a: Zapdos|79\/100\n|\n|t:|1699169707\n|switch|p1a: Slowking|Slowking-Galar, M|100\/100|[from] Volt Switch\n|move|p2a: Zapdos|Roost|p2a: Zapdos\n|-heal|p2a: Zapdos|100\/100\n|\n|-weather|Snow|[upkeep]\n|-fieldend|move: Trick Room\n|upkeep\n|turn|13\n|\n|t:|1699169711\n|move|p2a: Zapdos|Hurricane|p1a: Slowking\n|-damage|p1a: Slowking|58\/100\n|-start|p1a: Slowking|confusion\n|-activate|p1a: Slowking|confusion\n|move|p1a: Slowking|Trick Room|p1a: Slowking\n|-fieldstart|move: Trick Room|[of] p1a: Slowking\n|\n|-weather|none\n|upkeep\n|turn|14\n|\n|t:|1699169725\n|-activate|p1a: Slowking|confusion\n|move|p1a: Slowking|Chilly Reception|p1a: Slowking\n|-weather|Snow\n|\n|t:|1699169727\n|switch|p1a: Glastrier|Glastrier|100\/100|[from] Chilly Reception\n|move|p2a: Zapdos|Volt Switch|p1a: Glastrier\n|-crit|p1a: Glastrier\n|-damage|p1a: Glastrier|40\/100\n|\n|t:|1699169737\n|switch|p2a: Kartana|Kartana, shiny|88\/100 par|[from] Volt Switch\n|\n|-weather|Snow|[upkeep]\n|-heal|p1a: Glastrier|47\/100|[from] item: Leftovers\n|upkeep\n|turn|15\n|\n|t:|1699169743\n|move|p1a: Glastrier|Close Combat|p2a: Kartana\n|-supereffective|p2a: Kartana\n|-crit|p2a: Kartana\n|-damage|p2a: Kartana|0 fnt\n|-unboost|p1a: Glastrier|def|1\n|-unboost|p1a: Glastrier|spd|1\n|faint|p2a: Kartana\n|-ability|p1a: Glastrier|Chilling Neigh|boost\n|-boost|p1a: Glastrier|atk|1\n|\n|-weather|Snow|[upkeep]\n|-heal|p1a: Glastrier|53\/100|[from] item: Leftovers\n|upkeep\n|\n|t:|1699169748\n|switch|p2a: Greninja|Greninja, F, shiny|100\/100\n|turn|16\n|\n|t:|1699169755\n|move|p2a: Greninja|Water Shuriken|p1a: Glastrier\n|-start|p2a: Greninja|typechange|Water|[from] ability: Protean\n|-damage|p1a: Glastrier|41\/100\n|-damage|p1a: Glastrier|28\/100\n|-damage|p1a: Glastrier|17\/100\n|-hitcount|p1a: Glastrier|3\n|move|p1a: Glastrier|Close Combat|p2a: Greninja\n|-damage|p2a: Greninja|0 fnt\n|-unboost|p1a: Glastrier|def|1\n|-unboost|p1a: Glastrier|spd|1\n|faint|p2a: Greninja\n|-ability|p1a: Glastrier|Chilling Neigh|boost\n|-boost|p1a: Glastrier|atk|1\n|\n|-weather|Snow|[upkeep]\n|-heal|p1a: Glastrier|23\/100|[from] item: Leftovers\n|upkeep\n|\n|t:|1699169772\n|switch|p2a: Sneasler|Sneasler, F|100\/100\n|turn|17\n|\n|t:|1699169778\n|move|p1a: Glastrier|Icicle Crash|p2a: Sneasler\n|-damage|p2a: Sneasler|0 fnt\n|faint|p2a: Sneasler\n|-ability|p1a: Glastrier|Chilling Neigh|boost\n|-boost|p1a: Glastrier|atk|1\n|\n|-weather|Snow|[upkeep]\n|-heal|p1a: Glastrier|30\/100|[from] item: Leftovers\n|-fieldend|move: Trick Room\n|upkeep\n|\n|t:|1699169781\n|switch|p2a: Iron Moth|Iron Moth, shiny|37\/100\n|turn|18\n|\n|t:|1699169784\n|switch|p1a: Alomomola|Alomomola, F|86\/100\n|move|p2a: Iron Moth|Fiery Dance|p1a: Alomomola\n|-resisted|p1a: Alomomola\n|-damage|p1a: Alomomola|62\/100\n|\n|-weather|none\n|upkeep\n|turn|19\n|\n|t:|1699169792\n|-end|p2a: Iron Moth|Quark Drive|[silent]\n|switch|p2a: Zapdos|Zapdos, tera:Electric|100\/100\n|move|p1a: Alomomola|Flip Turn|p2a: Zapdos\n|-damage|p2a: Zapdos|86\/100\n|\n|t:|1699169798\n|switch|p1a: Slowking|Slowking-Galar, M|91\/100|[from] Flip Turn\n|\n|-heal|p2a: Zapdos|92\/100|[from] item: Leftovers\n|upkeep\n|turn|20\n|\n|t:|1699169802\n|move|p2a: Zapdos|Thunderbolt|p1a: Slowking\n|-damage|p1a: Slowking|45\/100\n|-status|p1a: Slowking|par\n|move|p1a: Slowking|Trick Room|p1a: Slowking\n|-fieldstart|move: Trick Room|[of] p1a: Slowking\n|\n|-heal|p2a: Zapdos|98\/100|[from] item: Leftovers\n|upkeep\n|turn|21\n|\n|t:|1699169808\n|move|p1a: Slowking|Chilly Reception|p1a: Slowking\n|-weather|Snow\n|\n|t:|1699169813\n|switch|p1a: Ampharos|Ampharos-Mega, F|100\/100|[from] Chilly Reception\n|-ability|p1a: Ampharos|Mold Breaker\n|move|p2a: Zapdos|Thunderbolt|p1a: Ampharos\n|-resisted|p1a: Ampharos\n|-damage|p1a: Ampharos|87\/100\n|\n|-weather|Snow|[upkeep]\n|-heal|p2a: Zapdos|100\/100|[from] item: Leftovers\n|upkeep\n|turn|22\n|\n|t:|1699169818\n|move|p1a: Ampharos|Thunderbolt|p2a: Zapdos\n|-resisted|p2a: Zapdos\n|-damage|p2a: Zapdos|74\/100\n|move|p2a: Zapdos|Roost|p2a: Zapdos\n|-heal|p2a: Zapdos|100\/100\n|\n|-weather|Snow|[upkeep]\n|upkeep\n|turn|23\n|\n|t:|1699169822\n|move|p1a: Ampharos|Volt Switch|p2a: Zapdos\n|-resisted|p2a: Zapdos\n|-damage|p2a: Zapdos|80\/100\n|\n|t:|1699169825\n|switch|p1a: Enamorus|Enamorus-Therian, F|100\/100|[from] Volt Switch\n|move|p2a: Zapdos|Roost|p2a: Zapdos\n|-heal|p2a: Zapdos|100\/100\n|\n|-weather|Snow|[upkeep]\n|upkeep\n|turn|24\n|\n|t:|1699169830\n|-terastallize|p1a: Enamorus|Steel\n|move|p1a: Enamorus|Earth Power|p2a: Zapdos\n|-supereffective|p2a: Zapdos\n|-damage|p2a: Zapdos|40\/100\n|move|p2a: Zapdos|Roost|p2a: Zapdos\n|-heal|p2a: Zapdos|90\/100\n|\n|-weather|Snow|[upkeep]\n|-heal|p2a: Zapdos|96\/100|[from] item: Leftovers\n|-fieldend|move: Trick Room\n|upkeep\n|turn|25\n|\n|t:|1699169836\n|move|p2a: Zapdos|Thunderbolt|p1a: Enamorus\n|-damage|p1a: Enamorus|41\/100\n|move|p1a: Enamorus|Calm Mind|p1a: Enamorus\n|-boost|p1a: Enamorus|spa|1\n|-boost|p1a: Enamorus|spd|1\n|\n|-weather|none\n|-heal|p2a: Zapdos|100\/100|[from] item: Leftovers\n|-heal|p1a: Enamorus|47\/100|[from] item: Leftovers\n|upkeep\n|turn|26\n|\n|t:|1699169840\n|switch|p2a: Iron Moth|Iron Moth, shiny|37\/100\n|switch|p1a: Alomomola|Alomomola, F|95\/100\n|\n|upkeep\n|turn|27\n|\n|t:|1699169846\n|-end|p2a: Iron Moth|Quark Drive|[silent]\n|switch|p2a: Zapdos|Zapdos, tera:Electric|100\/100\n|move|p1a: Alomomola|Scald|p2a: Zapdos\n|-damage|p2a: Zapdos|89\/100\n|\n|-heal|p2a: Zapdos|96\/100|[from] item: Leftovers\n|upkeep\n|turn|28\n|\n|t:|1699169851\n|move|p1a: Alomomola|Protect|p1a: Alomomola\n|-singleturn|p1a: Alomomola|Protect\n|move|p2a: Zapdos|Volt Switch|p1a: Alomomola\n|-activate|p1a: Alomomola|move: Protect\n|\n|-heal|p2a: Zapdos|100\/100|[from] item: Leftovers\n|upkeep\n|turn|29\n|\n|t:|1699169857\n|switch|p1a: Ferrothorn|Ferrothorn, F|97\/100\n|move|p2a: Zapdos|Hurricane|p1a: Ferrothorn\n|-damage|p1a: Ferrothorn|46\/100\n|-start|p1a: Ferrothorn|confusion\n|\n|-heal|p1a: Ferrothorn|52\/100|[from] item: Leftovers\n|upkeep\n|turn|30\n|\n|t:|1699169866\n|-activate|p1a: Ferrothorn|confusion\n|-damage|p1a: Ferrothorn|47\/100|[from] confusion\n|move|p2a: Zapdos|Volt Switch|p1a: Ferrothorn\n|-resisted|p1a: Ferrothorn\n|-damage|p1a: Ferrothorn|25\/100\n|\n|t:|1699169868\n|switch|p2a: Iron Moth|Iron Moth, shiny|37\/100|[from] Volt Switch\n|\n|-heal|p1a: Ferrothorn|31\/100|[from] item: Leftovers\n|upkeep\n|turn|31\n|\n|t:|1699169872\n|-activate|p1a: Ferrothorn|confusion\n|-damage|p1a: Ferrothorn|26\/100|[from] confusion\n|move|p2a: Iron Moth|Fiery Dance|p1a: Ferrothorn\n|-supereffective|p1a: Ferrothorn\n|-damage|p1a: Ferrothorn|0 fnt\n|-boost|p2a: Iron Moth|spa|1\n|faint|p1a: Ferrothorn\n|\n|upkeep\n|\n|t:|1699169884\n|switch|p1a: Slowking|Slowking-Galar, M|78\/100 par\n|turn|32\n|\n|t:|1699169888\n|move|p2a: Iron Moth|Fiery Dance|p1a: Slowking\n|-damage|p1a: Slowking|36\/100 par\n|move|p1a: Slowking|Trick Room|p1a: Slowking\n|-fieldstart|move: Trick Room|[of] p1a: Slowking\n|\n|upkeep\n|turn|33\n|\n|t:|1699169895\n|move|p1a: Slowking|Chilly Reception|p1a: Slowking\n|-weather|Snow\n|\n|t:|1699169905\n|switch|p1a: Alomomola|Alomomola, F|100\/100|[from] Chilly Reception\n|move|p2a: Iron Moth|Sludge Wave|p1a: Alomomola\n|-damage|p1a: Alomomola|22\/100\n|\n|-weather|Snow|[upkeep]\n|upkeep\n|turn|34\n|\n|t:|1699169911\n|-end|p2a: Iron Moth|Quark Drive|[silent]\n|switch|p2a: Zapdos|Zapdos, tera:Electric|100\/100\n|move|p1a: Alomomola|Scald|p2a: Zapdos\n|-damage|p2a: Zapdos|89\/100\n|\n|-weather|Snow|[upkeep]\n|-heal|p2a: Zapdos|95\/100|[from] item: Leftovers\n|upkeep\n|turn|35\n|\n|t:|1699169919\n|move|p1a: Alomomola|Flip Turn|p2a: Zapdos\n|-damage|p2a: Zapdos|81\/100\n|\n|t:|1699169930\n|switch|p1a: Ampharos|Ampharos-Mega, F|87\/100|[from] Flip Turn\n|-ability|p1a: Ampharos|Mold Breaker\n|move|p2a: Zapdos|Hurricane|p1a: Ampharos\n|-resisted|p1a: Ampharos\n|-damage|p1a: Ampharos|64\/100\n|\n|-weather|Snow|[upkeep]\n|-heal|p2a: Zapdos|87\/100|[from] item: Leftovers\n|upkeep\n|turn|36\n|c|\u2606AlolanSandslashOU|This is some insane gameplay\n|\n|t:|1699169945\n|move|p1a: Ampharos|Dragon Pulse|p2a: Zapdos\n|-damage|p2a: Zapdos|30\/100\n|move|p2a: Zapdos|Volt Switch|p1a: Ampharos\n|-resisted|p1a: Ampharos\n|-damage|p1a: Ampharos|54\/100\n|\n|t:|1699169948\n|switch|p2a: Iron Moth|Iron Moth, shiny|37\/100|[from] Volt Switch\n|\n|-weather|Snow|[upkeep]\n|-fieldend|move: Trick Room\n|upkeep\n|turn|37\n|\n|t:|1699169961\n|switch|p1a: Alomomola|Alomomola, F|55\/100\n|move|p2a: Iron Moth|Sludge Wave|p1a: Alomomola\n|-damage|p1a: Alomomola|0 fnt\n|faint|p1a: Alomomola\n|\n|-weather|none\n|upkeep\n|\n|t:|1699169978\n|switch|p1a: Slowking|Slowking-Galar, M|69\/100 par\n|turn|38\n|\n|t:|1699169980\n|move|p2a: Iron Moth|Fiery Dance|p1a: Slowking\n|-damage|p1a: Slowking|42\/100 par\n|move|p1a: Slowking|Trick Room|p1a: Slowking\n|-fieldstart|move: Trick Room|[of] p1a: Slowking\n|\n|upkeep\n|turn|39\n|\n|t:|1699169988\n|move|p1a: Slowking|Sludge Bomb|p2a: Iron Moth\n|-resisted|p2a: Iron Moth\n|-damage|p2a: Iron Moth|21\/100\n|move|p2a: Iron Moth|Substitute|p2a: Iron Moth\n|-fail|p2a: Iron Moth|move: Substitute|[weak]\n|\n|upkeep\n|turn|40\n|\n|t:|1699170002\n|cant|p1a: Slowking|par\n|move|p2a: Iron Moth|Sludge Wave|p1a: Slowking\n|-resisted|p1a: Slowking\n|-damage|p1a: Slowking|26\/100 par\n|\n|upkeep\n|turn|41\n|\n|t:|1699170006\n|move|p1a: Slowking|Sludge Bomb|p2a: Iron Moth\n|-resisted|p2a: Iron Moth\n|-damage|p2a: Iron Moth|5\/100\n|move|p2a: Iron Moth|Fiery Dance|p1a: Slowking\n|-damage|p1a: Slowking|0 fnt\n|-boost|p2a: Iron Moth|spa|1\n|faint|p1a: Slowking\n|\n|upkeep\n|\n|t:|1699170010\n|switch|p1a: Ampharos|Ampharos-Mega, F|54\/100\n|-ability|p1a: Ampharos|Mold Breaker\n|turn|42\n|\n|t:|1699170015\n|-end|p2a: Iron Moth|Quark Drive|[silent]\n|switch|p2a: Zapdos|Zapdos, tera:Electric|30\/100\n|move|p1a: Ampharos|Volt Switch|p2a: Zapdos\n|-resisted|p2a: Zapdos\n|-damage|p2a: Zapdos|8\/100\n|\n|t:|1699170026\n|switch|p1a: Glastrier|Glastrier|30\/100|[from] Volt Switch\n|\n|-heal|p1a: Glastrier|36\/100|[from] item: Leftovers\n|-heal|p2a: Zapdos|14\/100|[from] item: Leftovers\n|-fieldend|move: Trick Room\n|upkeep\n|turn|43\n|\n|t:|1699170032\n|move|p2a: Zapdos|Volt Switch|p1a: Glastrier\n|-damage|p1a: Glastrier|0 fnt\n|faint|p1a: Glastrier\n|\n|t:|1699170034\n|switch|p2a: Iron Moth|Iron Moth, shiny|5\/100|[from] Volt Switch\n|\n|upkeep\n|\n|t:|1699170037\n|switch|p1a: Ampharos|Ampharos-Mega, F|54\/100\n|-ability|p1a: Ampharos|Mold Breaker\n|turn|44\n|\n|t:|1699170040\n|move|p2a: Iron Moth|Sludge Wave|p1a: Ampharos\n|-damage|p1a: Ampharos|14\/100\n|move|p1a: Ampharos|Volt Switch|p2a: Iron Moth\n|-damage|p2a: Iron Moth|0 fnt\n|faint|p2a: Iron Moth\n|-end|p2a: Iron Moth|Quark Drive|[silent]\n|\n|t:|1699170045\n|switch|p1a: Enamorus|Enamorus-Therian, F, tera:Steel|47\/100|[from] Volt Switch\n|\n|-heal|p1a: Enamorus|53\/100|[from] item: Leftovers\n|upkeep\n|\n|t:|1699170047\n|switch|p2a: Zapdos|Zapdos, tera:Electric|14\/100\n|turn|45\n|\n|t:|1699170050\n|move|p2a: Zapdos|Roost|p2a: Zapdos\n|-heal|p2a: Zapdos|64\/100\n|move|p1a: Enamorus|Earth Power|p2a: Zapdos\n|-supereffective|p2a: Zapdos\n|-damage|p2a: Zapdos|1\/100\n|\n|-heal|p2a: Zapdos|7\/100|[from] item: Leftovers\n|-heal|p1a: Enamorus|60\/100|[from] item: Leftovers\n|upkeep\n|turn|46\n|\n|t:|1699170056\n|move|p2a: Zapdos|Thunderbolt|p1a: Enamorus\n|-damage|p1a: Enamorus|0 fnt\n|faint|p1a: Enamorus\n|\n|-heal|p2a: Zapdos|14\/100|[from] item: Leftovers\n|upkeep\n|c|\u2606D. Lawrenzz|shit\n|\n|t:|1699170062\n|switch|p1a: Ampharos|Ampharos-Mega, F|14\/100\n|-ability|p1a: Ampharos|Mold Breaker\n|turn|47\n|\n|t:|1699170065\n|move|p2a: Zapdos|Hurricane|p1a: Ampharos\n|-resisted|p1a: Ampharos\n|-damage|p1a: Ampharos|0 fnt\n|faint|p1a: Ampharos\n|\n|win|AlolanSandslashOU\n|c|\u2606D. Lawrenzz|shittt\n|c|\u2606AlolanSandslashOU|GET FUCKED LMAO\n","uploadtime":1699170079,"views":8,"p1id":"dlawrenzz","p2id":"alolansandslashou","formatid":"gen9nationaldexubers","rating":0,"private":0,"password":""}