{"id":"gen9nationaldexubers-1980119942","p1":"R.para ti","p2":"85792195wwww","format":"[Gen 9] National Dex Ubers","log":"|j|\u2606R.para ti\n|j|\u203d85792195wwww\n|t:|1698759079\n|gametype|singles\n|player|p1|R.para ti|102|1514\n|player|p2|85792195wwww|lady|1752\n|teamsize|p1|6\n|teamsize|p2|6\n|gen|9\n|tier|[Gen 9] National Dex Ubers\n|rated|\n|rule|HP Percentage Mod: HP is shown in percentages\n|rule|Endless Battle Clause: Forcing endless battles is banned\n|rule|OHKO Clause: OHKO moves are banned\n|rule|Evasion Moves Clause: Evasion moves are banned\n|rule|Evasion Items Clause: Evasion items are banned\n|rule|Species Clause: Limit one of each Pok\u00e9mon\n|rule|Sleep Clause Mod: Limit one foe put to sleep\n|rule|Mega Rayquaza Clause: You cannot mega evolve Rayquaza\n|clearpoke\n|poke|p1|Lugia|\n|poke|p1|Ho-Oh|\n|poke|p1|Mewtwo|\n|poke|p1|Kyogre|\n|poke|p1|Groudon|\n|poke|p1|Necrozma-Dusk-Mane|\n|poke|p2|Xerneas-*|\n|poke|p2|Rayquaza|\n|poke|p2|Zacian-*|\n|poke|p2|Deoxys-Speed|\n|poke|p2|Groudon|\n|poke|p2|Arceus|\n|teampreview\n|\n|t:|1698759085\n|start\n|switch|p1a: Ho-Oh|Ho-Oh|100\/100\n|switch|p2a: Deoxys|Deoxys-Speed|100\/100\n|-ability|p2a: Deoxys|Pressure\n|turn|1\n|\n|t:|1698759095\n|move|p2a: Deoxys|Knock Off|p1a: Ho-Oh\n|-damage|p1a: Ho-Oh|82\/100\n|-enditem|p1a: Ho-Oh|Leftovers|[from] move: Knock Off|[of] p2a: Deoxys\n|move|p1a: Ho-Oh|Sacred Fire|p2a: Deoxys\n|-damage|p2a: Deoxys|49\/100\n|\n|upkeep\n|turn|2\n|\n|t:|1698759104\n|move|p2a: Deoxys|Stealth Rock|p1a: Ho-Oh\n|-sidestart|p1: R.para ti|move: Stealth Rock\n|move|p1a: Ho-Oh|Sacred Fire|p2a: Deoxys\n|-damage|p2a: Deoxys|0 fnt\n|faint|p2a: Deoxys\n|\n|upkeep\n|\n|t:|1698759112\n|switch|p2a: Rayquaza|Rayquaza|100\/100\n|-ability|p2a: Rayquaza|Air Lock\n|turn|3\n|\n|t:|1698759120\n|-terastallize|p2a: Rayquaza|Flying\n|-terastallize|p1a: Ho-Oh|Steel\n|move|p2a: Rayquaza|Dragon Ascent|p1a: Ho-Oh\n|-resisted|p1a: Ho-Oh\n|-damage|p1a: Ho-Oh|16\/100\n|-unboost|p2a: Rayquaza|def|1\n|-unboost|p2a: Rayquaza|spd|1\n|move|p1a: Ho-Oh|Sacred Fire|p2a: Rayquaza\n|-damage|p2a: Rayquaza|16\/100\n|-status|p2a: Rayquaza|brn\n|\n|-damage|p2a: Rayquaza|10\/100 brn|[from] brn\n|upkeep\n|turn|4\n|\n|t:|1698759138\n|switch|p1a: Lugia|Lugia|100\/100\n|-damage|p1a: Lugia|75\/100|[from] Stealth Rock\n|move|p2a: Rayquaza|Dragon Ascent|p1a: Lugia\n|-damage|p1a: Lugia|34\/100\n|-unboost|p2a: Rayquaza|def|1\n|-unboost|p2a: Rayquaza|spd|1\n|\n|-heal|p1a: Lugia|40\/100|[from] item: Leftovers\n|-damage|p2a: Rayquaza|4\/100 brn|[from] brn\n|upkeep\n|turn|5\n|\n|t:|1698759151\n|move|p2a: Rayquaza|Dragon Ascent|p1a: Lugia\n|-damage|p1a: Lugia|0 fnt\n|-unboost|p2a: Rayquaza|def|1\n|-unboost|p2a: Rayquaza|spd|1\n|faint|p1a: Lugia\n|\n|-damage|p2a: Rayquaza|0 fnt|[from] brn\n|faint|p2a: Rayquaza\n|upkeep\n|\n|t:|1698759166\n|switch|p2a: Arceus|Arceus|100\/100\n|switch|p1a: Groudon|Groudon|100\/100\n|-damage|p1a: Groudon|94\/100|[from] Stealth Rock\n|detailschange|p1a: Groudon|Groudon-Primal\n|-primal|p1a: Groudon|Red Orb\n|-weather|DesolateLand|[from] ability: Desolate Land|[of] p1a: Groudon\n|turn|6\n|\n|t:|1698759177\n|switch|p2a: Zacian|Zacian-Crowned|100\/100\n|-ability|p2a: Zacian|Intrepid Sword|boost\n|-boost|p2a: Zacian|atk|1\n|move|p1a: Groudon|Rock Polish|p1a: Groudon\n|-boost|p1a: Groudon|spe|2\n|\n|-weather|DesolateLand|[upkeep]\n|upkeep\n|turn|7\n|\n|t:|1698759189\n|move|p1a: Groudon|Heat Crash|p2a: Zacian\n|-supereffective|p2a: Zacian\n|-damage|p2a: Zacian|0 fnt\n|faint|p2a: Zacian\n|\n|-weather|DesolateLand|[upkeep]\n|upkeep\n|\n|t:|1698759200\n|switch|p2a: Groudon|Groudon|100\/100\n|detailschange|p2a: Groudon|Groudon-Primal\n|-primal|p2a: Groudon|Red Orb\n|turn|8\n|\n|t:|1698759210\n|move|p1a: Groudon|Precipice Blades|p2a: Groudon|[miss]\n|-miss|p1a: Groudon|p2a: Groudon\n|move|p2a: Groudon|Precipice Blades|p1a: Groudon\n|-supereffective|p1a: Groudon\n|-damage|p1a: Groudon|1\/100\n|\n|-weather|DesolateLand|[upkeep]\n|upkeep\n|turn|9\n|\n|t:|1698759220\n|move|p1a: Groudon|Precipice Blades|p2a: Groudon\n|-supereffective|p2a: Groudon\n|-damage|p2a: Groudon|0 fnt\n|faint|p2a: Groudon\n|\n|-weather|DesolateLand|[upkeep]\n|upkeep\n|\n|t:|1698759227\n|switch|p2a: Arceus|Arceus|100\/100\n|turn|10\n|\n|t:|1698759235\n|move|p2a: Arceus|Extreme Speed|p1a: Groudon\n|-damage|p1a: Groudon|0 fnt\n|faint|p1a: Groudon\n|-weather|none\n|-damage|p2a: Arceus|91\/100|[from] item: Life Orb\n|\n|upkeep\n|\n|t:|1698759241\n|switch|p1a: Necrozma|Necrozma-Dusk-Mane|100\/100\n|-damage|p1a: Necrozma|94\/100|[from] Stealth Rock\n|turn|11\n|\n|t:|1698759246\n|move|p2a: Arceus|Will-O-Wisp|p1a: Necrozma\n|-status|p1a: Necrozma|brn\n|move|p1a: Necrozma|Dragon Dance|p1a: Necrozma\n|-boost|p1a: Necrozma|atk|1\n|-boost|p1a: Necrozma|spe|1\n|\n|-damage|p1a: Necrozma|88\/100 brn|[from] brn\n|upkeep\n|turn|12\n|\n|t:|1698759256\n|move|p2a: Arceus|Swords Dance|p2a: Arceus\n|-boost|p2a: Arceus|atk|2\n|move|p1a: Necrozma|Dragon Dance|p1a: Necrozma\n|-boost|p1a: Necrozma|atk|1\n|-boost|p1a: Necrozma|spe|1\n|\n|-damage|p1a: Necrozma|82\/100 brn|[from] brn\n|upkeep\n|turn|13\n|\n|t:|1698759278\n|move|p1a: Necrozma|Dragon Dance|p1a: Necrozma\n|-boost|p1a: Necrozma|atk|1\n|-boost|p1a: Necrozma|spe|1\n|move|p2a: Arceus|Shadow Force||[still]\n|-prepare|p2a: Arceus|Shadow Force\n|\n|-damage|p1a: Necrozma|76\/100 brn|[from] brn\n|upkeep\n|turn|14\n|\n|t:|1698759286\n|move|p1a: Necrozma|Dragon Dance|p1a: Necrozma\n|-boost|p1a: Necrozma|atk|1\n|-boost|p1a: Necrozma|spe|1\n|move|p2a: Arceus|Shadow Force|p1a: Necrozma|[from]lockedmove\n|-supereffective|p1a: Necrozma\n|-damage|p1a: Necrozma|0 fnt\n|faint|p1a: Necrozma\n|-damage|p2a: Arceus|81\/100|[from] item: Life Orb\n|\n|upkeep\n|\n|t:|1698759297\n|switch|p1a: Kyogre|Kyogre|100\/100\n|-damage|p1a: Kyogre|88\/100|[from] Stealth Rock\n|detailschange|p1a: Kyogre|Kyogre-Primal\n|-primal|p1a: Kyogre|Blue Orb\n|-weather|PrimordialSea|[from] ability: Primordial Sea|[of] p1a: Kyogre\n|turn|15\n|\n|t:|1698759304\n|move|p2a: Arceus|Extreme Speed|p1a: Kyogre\n|-damage|p1a: Kyogre|0 fnt\n|faint|p1a: Kyogre\n|-weather|none\n|-damage|p2a: Arceus|71\/100|[from] item: Life Orb\n|\n|upkeep\n|-message|R.para ti forfeited.\n|\n|win|85792195wwww\n|raw|R.para ti's rating: 1514 &rarr; <strong>1506<\/strong><br \/>(-8 for losing)\n|raw|85792195wwww's rating: 1752 &rarr; <strong>1760<\/strong><br \/>(+8 for winning)\n|l|\u2606R.para ti\n|l|\u203d85792195wwww\n","uploadtime":1698759314,"views":12,"p1id":"rparati","p2id":"85792195wwww","formatid":"gen9nationaldexubers","rating":1506,"private":0,"password":""}