{"id":"gen9nationaldexubers-1982288056","p1":"von1233","p2":"07aint","format":"[Gen 9] National Dex Ubers","log":"|j|\u2606von1233\n|j|\u260607aint\n|t:|1698990459\n|gametype|singles\n|player|p1|von1233|102|\n|player|p2|07aint|blue-gen3|\n|teamsize|p1|6\n|teamsize|p2|6\n|gen|9\n|tier|[Gen 9] National Dex Ubers\n|rule|HP Percentage Mod: HP is shown in percentages\n|rule|Endless Battle Clause: Forcing endless battles is banned\n|rule|OHKO Clause: OHKO moves are banned\n|rule|Evasion Moves Clause: Evasion moves are banned\n|rule|Evasion Items Clause: Evasion items are banned\n|rule|Species Clause: Limit one of each Pok\u00e9mon\n|rule|Sleep Clause Mod: Limit one foe put to sleep\n|rule|Mega Rayquaza Clause: You cannot mega evolve Rayquaza\n|clearpoke\n|poke|p1|Dragonite, M|\n|poke|p1|Weavile, M|\n|poke|p1|Florges-White, F|\n|poke|p1|Gastrodon-East, M|\n|poke|p1|Landorus, M|\n|poke|p1|Heatran, M|\n|poke|p2|Tapu Lele|\n|poke|p2|Alakazam, M|\n|poke|p2|Ferrothorn, M|\n|poke|p2|Mandibuzz, F|\n|poke|p2|Gastrodon-East, M|\n|poke|p2|Grimmsnarl, M|\n|teampreview\n|inactive|Battle timer is ON: inactive players will automatically lose when time's up. (requested by 07aint)\n|\n|t:|1698990474\n|start\n|switch|p1a: Gray Ranger|Weavile, M|100\/100\n|switch|p2a: Ferrothorn|Ferrothorn, M, shiny|100\/100\n|-ability|p1a: Gray Ranger|Pressure\n|turn|1\n|\n|t:|1698990496\n|move|p1a: Gray Ranger|Swords Dance|p1a: Gray Ranger\n|-boost|p1a: Gray Ranger|atk|2\n|move|p2a: Ferrothorn|Gyro Ball|p1a: Gray Ranger\n|-supereffective|p1a: Gray Ranger\n|-damage|p1a: Gray Ranger|0 fnt\n|faint|p1a: Gray Ranger\n|\n|upkeep\n|c|\u260607aint|smart\n|\n|t:|1698990506\n|switch|p1a: Red Ranger|Heatran, M|100\/100\n|-item|p1a: Red Ranger|Air Balloon\n|turn|2\n|\n|t:|1698990518\n|switch|p2a: Goop|Gastrodon-East, M|100\/100\n|move|p1a: Red Ranger|Earth Power|p2a: Goop\n|-damage|p2a: Goop|81\/100\n|\n|-heal|p2a: Goop|88\/100|[from] item: Leftovers\n|upkeep\n|turn|3\n|\n|t:|1698990528\n|move|p1a: Red Ranger|Toxic|p2a: Goop|[miss]\n|-miss|p1a: Red Ranger|p2a: Goop\n|move|p2a: Goop|Scald|p1a: Red Ranger\n|-supereffective|p1a: Red Ranger\n|-damage|p1a: Red Ranger|69\/100\n|-enditem|p1a: Red Ranger|Air Balloon\n|\n|-heal|p2a: Goop|94\/100|[from] item: Leftovers\n|upkeep\n|turn|4\n|\n|t:|1698990544\n|switch|p1a: Green Ranger|Gastrodon-East, M|100\/100\n|move|p2a: Goop|Earthquake|p1a: Green Ranger\n|-damage|p1a: Green Ranger|74\/100\n|\n|-heal|p2a: Goop|99\/100|[from] item: Leftovers\n|upkeep\n|turn|5\n|\n|t:|1698990555\n|switch|p2a: Ferrothorn|Ferrothorn, M, shiny|100\/100\n|move|p1a: Green Ranger|Toxic|p2a: Ferrothorn\n|-immune|p2a: Ferrothorn\n|\n|upkeep\n|turn|6\n|\n|t:|1698990562\n|move|p1a: Green Ranger|Scald|p2a: Ferrothorn\n|-resisted|p2a: Ferrothorn\n|-damage|p2a: Ferrothorn|85\/100\n|move|p2a: Ferrothorn|Power Whip|p1a: Green Ranger\n|-supereffective|p1a: Green Ranger\n|-damage|p1a: Green Ranger|0 fnt\n|-damage|p2a: Ferrothorn|69\/100|[from] item: Rocky Helmet|[of] p1a: Green Ranger\n|faint|p1a: Green Ranger\n|\n|upkeep\n|\n|t:|1698990575\n|switch|p1a: Orange Ranger|Landorus, M|100\/100\n|turn|7\n|\n|t:|1698990582\n|move|p1a: Orange Ranger|Psychic|p2a: Ferrothorn\n|-resisted|p2a: Ferrothorn\n|-damage|p2a: Ferrothorn|49\/100\n|move|p2a: Ferrothorn|Leech Seed|p1a: Orange Ranger\n|-start|p1a: Orange Ranger|move: Leech Seed\n|\n|-damage|p1a: Orange Ranger|88\/100|[from] Leech Seed|[of] p2a: Ferrothorn\n|-heal|p2a: Ferrothorn|60\/100|[silent]\n|upkeep\n|turn|8\n|\n|t:|1698990591\n|switch|p1a: Pink Ranger|Florges-White, F|100\/100\n|move|p2a: Ferrothorn|Spikes|p1a: Pink Ranger\n|-sidestart|p1: von1233|Spikes\n|\n|upkeep\n|turn|9\n|\n|t:|1698990597\n|move|p1a: Pink Ranger|Moonblast|p2a: Ferrothorn\n|-resisted|p2a: Ferrothorn\n|-damage|p2a: Ferrothorn|46\/100\n|move|p2a: Ferrothorn|Leech Seed|p1a: Pink Ranger\n|-start|p1a: Pink Ranger|move: Leech Seed\n|\n|-damage|p1a: Pink Ranger|88\/100|[from] Leech Seed|[of] p2a: Ferrothorn\n|-heal|p2a: Ferrothorn|58\/100|[silent]\n|upkeep\n|turn|10\n|\n|t:|1698990606\n|move|p1a: Pink Ranger|Defog|p2a: Ferrothorn\n|-unboost|p2a: Ferrothorn|evasion|1\n|-sideend|p1: von1233|Spikes|[from] move: Defog|[of] p1a: Pink Ranger\n|move|p2a: Ferrothorn|Gyro Ball|p1a: Pink Ranger\n|-supereffective|p1a: Pink Ranger\n|-damage|p1a: Pink Ranger|0 fnt\n|faint|p1a: Pink Ranger\n|\n|upkeep\n|\n|t:|1698990615\n|switch|p1a: Yellow Ranger|Dragonite, M|100\/100\n|turn|11\n|\n|t:|1698990621\n|move|p1a: Yellow Ranger|Earthquake|p2a: Ferrothorn\n|-damage|p2a: Ferrothorn|37\/100\n|move|p2a: Ferrothorn|Leech Seed|p1a: Yellow Ranger|[miss]\n|-miss|p2a: Ferrothorn|p1a: Yellow Ranger\n|\n|upkeep\n|turn|12\n|\n|t:|1698990627\n|move|p1a: Yellow Ranger|Ice Punch|p2a: Ferrothorn\n|-damage|p2a: Ferrothorn|20\/100\n|-damage|p1a: Yellow Ranger|88\/100|[from] ability: Iron Barbs|[of] p2a: Ferrothorn\n|-damage|p1a: Yellow Ranger|71\/100|[from] item: Rocky Helmet|[of] p2a: Ferrothorn\n|move|p2a: Ferrothorn|Leech Seed|p1a: Yellow Ranger\n|-start|p1a: Yellow Ranger|move: Leech Seed\n|\n|-damage|p1a: Yellow Ranger|59\/100|[from] Leech Seed|[of] p2a: Ferrothorn\n|-heal|p2a: Ferrothorn|32\/100|[silent]\n|upkeep\n|turn|13\n|\n|t:|1698990638\n|move|p1a: Yellow Ranger|Earthquake|p2a: Ferrothorn\n|-damage|p2a: Ferrothorn|8\/100\n|move|p2a: Ferrothorn|Spikes|p1a: Yellow Ranger\n|-sidestart|p1: von1233|Spikes\n|\n|-damage|p1a: Yellow Ranger|47\/100|[from] Leech Seed|[of] p2a: Ferrothorn\n|-heal|p2a: Ferrothorn|19\/100|[silent]\n|upkeep\n|turn|14\n|\n|t:|1698990657\n|switch|p2a: Rathian|Mandibuzz, F, shiny|100\/100\n|move|p1a: Yellow Ranger|Ice Punch|p2a: Rathian\n|-supereffective|p2a: Rathian\n|-damage|p2a: Rathian|59\/100\n|\n|-heal|p2a: Rathian|66\/100|[from] item: Leftovers\n|-damage|p1a: Yellow Ranger|34\/100|[from] Leech Seed|[of] p2a: Rathian\n|-heal|p2a: Rathian|75\/100|[silent]\n|upkeep\n|turn|15\n|c|\u2606von1233|played this so horribly\n|\n|t:|1698990669\n|switch|p1a: Orange Ranger|Landorus, M|88\/100\n|move|p2a: Rathian|Foul Play|p1a: Orange Ranger\n|-damage|p1a: Orange Ranger|50\/100\n|\n|-heal|p2a: Rathian|81\/100|[from] item: Leftovers\n|upkeep\n|turn|16\n|j| s1owk1ng G4lar\n|\n|t:|1698990681\n|switch|p2a: Goop|Gastrodon-East, M|99\/100\n|move|p1a: Orange Ranger|Psychic|p2a: Goop\n|-damage|p2a: Goop|61\/100\n|\n|-heal|p2a: Goop|67\/100|[from] item: Leftovers\n|upkeep\n|turn|17\n|\n|t:|1698990689\n|move|p1a: Orange Ranger|Sludge Bomb|p2a: Goop\n|-resisted|p2a: Goop\n|-damage|p2a: Goop|49\/100\n|move|p2a: Goop|Scald|p1a: Orange Ranger\n|-supereffective|p1a: Orange Ranger\n|-damage|p1a: Orange Ranger|0 fnt\n|faint|p1a: Orange Ranger\n|\n|-heal|p2a: Goop|55\/100|[from] item: Leftovers\n|upkeep\n|\n|t:|1698990700\n|switch|p1a: Yellow Ranger|Dragonite, M|34\/100\n|turn|18\n|l| s1owk1ng G4lar\n|\n|t:|1698990708\n|move|p1a: Yellow Ranger|Ice Punch|p2a: Goop\n|-damage|p2a: Goop|26\/100\n|move|p2a: Goop|Toxic|p1a: Yellow Ranger|[miss]\n|-miss|p2a: Goop|p1a: Yellow Ranger\n|\n|-heal|p2a: Goop|32\/100|[from] item: Leftovers\n|upkeep\n|turn|19\n|\n|t:|1698990717\n|move|p1a: Yellow Ranger|Ice Punch|p2a: Goop\n|-damage|p2a: Goop|3\/100\n|move|p2a: Goop|Recover|p2a: Goop\n|-heal|p2a: Goop|53\/100\n|\n|-heal|p2a: Goop|59\/100|[from] item: Leftovers\n|upkeep\n|turn|20\n|\n|t:|1698990725\n|move|p1a: Yellow Ranger|Earthquake|p2a: Goop\n|-damage|p2a: Goop|21\/100\n|move|p2a: Goop|Scald|p1a: Yellow Ranger\n|-resisted|p1a: Yellow Ranger\n|-damage|p1a: Yellow Ranger|20\/100\n|-status|p1a: Yellow Ranger|brn\n|\n|-heal|p2a: Goop|27\/100|[from] item: Leftovers\n|-damage|p1a: Yellow Ranger|14\/100 brn|[from] brn\n|upkeep\n|turn|21\n|\n|t:|1698990736\n|move|p1a: Yellow Ranger|Ice Punch|p2a: Goop\n|-damage|p2a: Goop|14\/100\n|-status|p2a: Goop|frz\n|-curestatus|p2a: Goop|frz|[msg]\n|move|p2a: Goop|Recover|p2a: Goop\n|-heal|p2a: Goop|64\/100\n|\n|-heal|p2a: Goop|70\/100|[from] item: Leftovers\n|-damage|p1a: Yellow Ranger|8\/100 brn|[from] brn\n|upkeep\n|turn|22\n|\n|t:|1698990751\n|move|p1a: Yellow Ranger|Roost|p1a: Yellow Ranger\n|-heal|p1a: Yellow Ranger|58\/100 brn\n|-singleturn|p1a: Yellow Ranger|move: Roost\n|move|p2a: Goop|Scald|p1a: Yellow Ranger\n|-resisted|p1a: Yellow Ranger\n|-damage|p1a: Yellow Ranger|45\/100 brn\n|\n|-heal|p2a: Goop|76\/100|[from] item: Leftovers\n|-damage|p1a: Yellow Ranger|39\/100 brn|[from] brn\n|upkeep\n|turn|23\n|\n|t:|1698990770\n|move|p1a: Yellow Ranger|Ice Punch|p2a: Goop\n|-damage|p2a: Goop|62\/100\n|move|p2a: Goop|Scald|p1a: Yellow Ranger\n|-resisted|p1a: Yellow Ranger\n|-damage|p1a: Yellow Ranger|26\/100 brn\n|\n|-heal|p2a: Goop|68\/100|[from] item: Leftovers\n|-damage|p1a: Yellow Ranger|20\/100 brn|[from] brn\n|upkeep\n|turn|24\n|\n|t:|1698990793\n|switch|p2a: lol|Tapu Lele, shiny|100\/100\n|-fieldstart|move: Psychic Terrain|[from] ability: Psychic Surge|[of] p2a: lol\n|move|p1a: Yellow Ranger|Roost|p1a: Yellow Ranger\n|-heal|p1a: Yellow Ranger|70\/100 brn\n|-singleturn|p1a: Yellow Ranger|move: Roost\n|\n|-damage|p1a: Yellow Ranger|64\/100 brn|[from] brn\n|upkeep\n|turn|25\n|\n|t:|1698990804\n|switch|p1a: Red Ranger|Heatran, M|69\/100\n|-damage|p1a: Red Ranger|57\/100|[from] Spikes\n|move|p2a: lol|Moonblast|p1a: Red Ranger\n|-resisted|p1a: Red Ranger\n|-damage|p1a: Red Ranger|46\/100\n|-unboost|p1a: Red Ranger|spa|1\n|\n|upkeep\n|turn|26\n|\n|t:|1698990818\n|switch|p2a: Goop|Gastrodon-East, M|68\/100\n|move|p1a: Red Ranger|Magma Storm|p2a: Goop\n|-resisted|p2a: Goop\n|-crit|p2a: Goop\n|-damage|p2a: Goop|43\/100\n|-activate|p2a: Goop|move: Magma Storm|[of] p1a: Red Ranger\n|\n|-heal|p2a: Goop|50\/100|[from] item: Leftovers\n|-damage|p2a: Goop|37\/100|[from] move: Magma Storm|[partiallytrapped]\n|upkeep\n|turn|27\n|\n|t:|1698990828\n|move|p1a: Red Ranger|Magma Storm|p2a: Goop\n|-resisted|p2a: Goop\n|-damage|p2a: Goop|27\/100\n|move|p2a: Goop|Scald|p1a: Red Ranger\n|-supereffective|p1a: Red Ranger\n|-damage|p1a: Red Ranger|17\/100\n|\n|-heal|p2a: Goop|33\/100|[from] item: Leftovers\n|-damage|p2a: Goop|20\/100|[from] move: Magma Storm|[partiallytrapped]\n|upkeep\n|turn|28\n|\n|t:|1698990841\n|move|p1a: Red Ranger|Earth Power|p2a: Goop\n|-damage|p2a: Goop|8\/100\n|move|p2a: Goop|Recover|p2a: Goop\n|-heal|p2a: Goop|58\/100\n|\n|-heal|p2a: Goop|64\/100|[from] item: Leftovers\n|-damage|p2a: Goop|52\/100|[from] move: Magma Storm|[partiallytrapped]\n|-fieldend|move: Psychic Terrain\n|upkeep\n|turn|29\n|\n|t:|1698990851\n|move|p1a: Red Ranger|Protect|p1a: Red Ranger\n|-singleturn|p1a: Red Ranger|Protect\n|move|p2a: Goop|Scald|p1a: Red Ranger\n|-activate|p1a: Red Ranger|move: Protect\n|\n|-heal|p2a: Goop|58\/100|[from] item: Leftovers\n|-damage|p2a: Goop|46\/100|[from] move: Magma Storm|[partiallytrapped]\n|upkeep\n|turn|30\n|\n|t:|1698990860\n|switch|p1a: Yellow Ranger|Dragonite, M|64\/100 brn\n|move|p2a: Goop|Scald|p1a: Yellow Ranger\n|-resisted|p1a: Yellow Ranger\n|-damage|p1a: Yellow Ranger|50\/100 brn\n|\n|-heal|p2a: Goop|52\/100|[from] item: Leftovers\n|-damage|p1a: Yellow Ranger|44\/100 brn|[from] brn\n|-end|p2a: Goop|Magma Storm|[partiallytrapped]\n|upkeep\n|turn|31\n|inactive|07aint has 270 seconds left.\n|\n|t:|1698990897\n|move|p1a: Yellow Ranger|Ice Punch|p2a: Goop\n|-damage|p2a: Goop|38\/100\n|move|p2a: Goop|Scald|p1a: Yellow Ranger\n|-resisted|p1a: Yellow Ranger\n|-damage|p1a: Yellow Ranger|30\/100 brn\n|\n|-heal|p2a: Goop|44\/100|[from] item: Leftovers\n|-damage|p1a: Yellow Ranger|24\/100 brn|[from] brn\n|upkeep\n|turn|32\n|\n|t:|1698990908\n|move|p1a: Yellow Ranger|Roost|p1a: Yellow Ranger\n|-heal|p1a: Yellow Ranger|74\/100 brn\n|-singleturn|p1a: Yellow Ranger|move: Roost\n|move|p2a: Goop|Scald|p1a: Yellow Ranger\n|-resisted|p1a: Yellow Ranger\n|-damage|p1a: Yellow Ranger|61\/100 brn\n|\n|-heal|p2a: Goop|50\/100|[from] item: Leftovers\n|-damage|p1a: Yellow Ranger|55\/100 brn|[from] brn\n|upkeep\n|turn|33\n|\n|t:|1698990930\n|switch|p2a: lol|Tapu Lele, shiny|100\/100\n|-fieldstart|move: Psychic Terrain|[from] ability: Psychic Surge|[of] p2a: lol\n|move|p1a: Yellow Ranger|Dragon Dance|p1a: Yellow Ranger\n|-boost|p1a: Yellow Ranger|atk|1\n|-boost|p1a: Yellow Ranger|spe|1\n|\n|-damage|p1a: Yellow Ranger|49\/100 brn|[from] brn\n|upkeep\n|turn|34\n|\n|t:|1698990946\n|-terastallize|p2a: lol|Fairy\n|move|p1a: Yellow Ranger|Ice Punch|p2a: lol\n|-damage|p2a: lol|68\/100\n|move|p2a: lol|Moonblast|p1a: Yellow Ranger\n|-supereffective|p1a: Yellow Ranger\n|-damage|p1a: Yellow Ranger|0 fnt\n|faint|p1a: Yellow Ranger\n|\n|upkeep\n|\n|t:|1698990956\n|switch|p1a: Red Ranger|Heatran, M|17\/100\n|-damage|p1a: Red Ranger|4\/100|[from] Spikes\n|turn|35\n|\n|t:|1698990961\n|move|p1a: Red Ranger|Protect|p1a: Red Ranger\n|-singleturn|p1a: Red Ranger|Protect\n|move|p2a: lol|Moonblast|p1a: Red Ranger\n|-activate|p1a: Red Ranger|move: Protect\n|\n|upkeep\n|turn|36\n|inactive|07aint has 270 seconds left.\n|c|\u260607aint|only delaying the inevitable\n|\n|t:|1698990971\n|move|p2a: lol|Moonblast|p1a: Red Ranger\n|-resisted|p1a: Red Ranger\n|-damage|p1a: Red Ranger|0 fnt\n|faint|p1a: Red Ranger\n|\n|win|07aint\n","uploadtime":1698990977,"views":6,"p1id":"von1233","p2id":"07aint","formatid":"gen9nationaldexubers","rating":0,"private":0,"password":""}