{"id":"gen9nationaldexubers-1983657492","p1":"MusicalJoker","p2":"mvjr1113","format":"[Gen 9] National Dex Ubers","log":"|j|\u2606MusicalJoker\n|j|\u2606mvjr1113\n|t:|1699154889\n|gametype|singles\n|player|p1|MusicalJoker|266|\n|player|p2|mvjr1113|riley|\n|teamsize|p1|6\n|teamsize|p2|6\n|gen|9\n|tier|[Gen 9] National Dex Ubers\n|rule|HP Percentage Mod: HP is shown in percentages\n|rule|Endless Battle Clause: Forcing endless battles is banned\n|rule|OHKO Clause: OHKO moves are banned\n|rule|Evasion Moves Clause: Evasion moves are banned\n|rule|Evasion Items Clause: Evasion items are banned\n|rule|Species Clause: Limit one of each Pok\u00e9mon\n|rule|Sleep Clause Mod: Limit one foe put to sleep\n|rule|Mega Rayquaza Clause: You cannot mega evolve Rayquaza\n|clearpoke\n|poke|p1|Floatzel, F|\n|poke|p1|Torterra, F|\n|poke|p1|Rotom-Wash|\n|poke|p1|Drapion, M|\n|poke|p1|Uxie|\n|poke|p1|Togekiss, M|\n|poke|p2|Medicham, M|\n|poke|p2|Blaziken, F|\n|poke|p2|Sableye, F|\n|poke|p2|Jirachi|\n|poke|p2|Salamence, F|\n|poke|p2|Shiftry, F|\n|teampreview\n|j| Jayrox41\n|j| fv8hd\n|\n|t:|1699155332\n|start\n|switch|p1a: Bidouf|Rotom-Wash|100\/100\n|switch|p2a: Shiftry|Shiftry, F|100\/100\n|turn|1\n|\n|t:|1699155355\n|move|p2a: Shiftry|Tailwind|p2a: Shiftry\n|-sidestart|p2: mvjr1113|move: Tailwind\n|-ability|p2a: Shiftry|Wind Rider|boost\n|-boost|p2a: Shiftry|atk|1\n|move|p1a: Bidouf|Rain Dance|p1a: Bidouf\n|-weather|RainDance\n|\n|-weather|RainDance|[upkeep]\n|upkeep\n|turn|2\n|\n|t:|1699155368\n|move|p2a: Shiftry|Leaf Blade|p1a: Bidouf\n|-supereffective|p1a: Bidouf\n|-damage|p1a: Bidouf|0 fnt\n|faint|p1a: Bidouf\n|\n|-weather|RainDance|[upkeep]\n|upkeep\n|\n|t:|1699155375\n|switch|p1a: Bee-doof|Floatzel, F|100\/100\n|turn|3\n|\n|t:|1699155386\n|move|p1a: Bee-doof|Ice Spinner|p2a: Shiftry\n|-supereffective|p2a: Shiftry\n|-enditem|p2a: Shiftry|Focus Sash\n|-damage|p2a: Shiftry|1\/100\n|move|p2a: Shiftry|Leaf Blade|p1a: Bee-doof\n|-supereffective|p1a: Bee-doof\n|-damage|p1a: Bee-doof|0 fnt\n|faint|p1a: Bee-doof\n|\n|-weather|RainDance|[upkeep]\n|upkeep\n|\n|t:|1699155404\n|switch|p1a: B-d-oof|Torterra, F|100\/100\n|turn|4\n|\n|t:|1699155412\n|move|p2a: Shiftry|Leaf Blade|p1a: B-d-oof\n|-damage|p1a: B-d-oof|47\/100\n|move|p1a: B-d-oof|Shell Smash|p1a: B-d-oof\n|-unboost|p1a: B-d-oof|def|1\n|-unboost|p1a: B-d-oof|spd|1\n|-boost|p1a: B-d-oof|atk|2\n|-boost|p1a: B-d-oof|spa|2\n|-boost|p1a: B-d-oof|spe|2\n|\n|-weather|RainDance|[upkeep]\n|-sideend|p2: mvjr1113|move: Tailwind\n|upkeep\n|turn|5\n|\n|t:|1699155429\n|move|p1a: B-d-oof|Earthquake|p2a: Shiftry\n|-resisted|p2a: Shiftry\n|-damage|p2a: Shiftry|0 fnt\n|faint|p2a: Shiftry\n|\n|-weather|RainDance|[upkeep]\n|upkeep\n|\n|t:|1699155444\n|switch|p2a: Sableye|Sableye, F|100\/100\n|turn|6\n|\n|t:|1699155461\n|move|p2a: Sableye|Will-O-Wisp|p1a: B-d-oof\n|-status|p1a: B-d-oof|brn\n|move|p1a: B-d-oof|Earthquake|p2a: Sableye\n|-damage|p2a: Sableye|53\/100\n|\n|-weather|RainDance|[upkeep]\n|-heal|p2a: Sableye|60\/100|[from] item: Leftovers\n|-damage|p1a: B-d-oof|41\/100 brn|[from] brn\n|upkeep\n|turn|7\n|\n|t:|1699155495\n|move|p1a: B-d-oof|Earthquake|p2a: Sableye\n|-damage|p2a: Sableye|13\/100\n|move|p2a: Sableye|Knock Off|p1a: B-d-oof\n|-damage|p1a: B-d-oof|1\/100 brn\n|-enditem|p1a: B-d-oof|Focus Sash|[from] move: Knock Off|[of] p2a: Sableye\n|\n|-weather|RainDance|[upkeep]\n|-heal|p2a: Sableye|19\/100|[from] item: Leftovers\n|-damage|p1a: B-d-oof|0 fnt|[from] brn\n|faint|p1a: B-d-oof\n|upkeep\n|\n|t:|1699155515\n|switch|p1a: Bidd-oof|Drapion, M|100\/100\n|turn|8\n|\n|t:|1699155529\n|move|p2a: Sableye|Will-O-Wisp|p1a: Bidd-oof\n|-hint|Since gen 7, Dark is immune to Prankster moves.\n|-immune|p1a: Bidd-oof\n|move|p1a: Bidd-oof|Aqua Tail|p2a: Sableye\n|-damage|p2a: Sableye|0 fnt\n|faint|p2a: Sableye\n|\n|-weather|none\n|upkeep\n|\n|t:|1699155553\n|switch|p2a: Salamence|Salamence, F|100\/100\n|turn|9\n|\n|t:|1699155601\n|move|p2a: Salamence|Dragon Dance|p2a: Salamence\n|-boost|p2a: Salamence|atk|1\n|-boost|p2a: Salamence|spe|1\n|move|p1a: Bidd-oof|Poison Jab|p2a: Salamence\n|-damage|p2a: Salamence|60\/100\n|\n|-heal|p2a: Salamence|66\/100|[from] item: Leftovers\n|upkeep\n|turn|10\n|\n|t:|1699155616\n|move|p2a: Salamence|Earthquake|p1a: Bidd-oof\n|-supereffective|p1a: Bidd-oof\n|-damage|p1a: Bidd-oof|0 fnt\n|faint|p1a: Bidd-oof\n|-ability|p2a: Salamence|Moxie|boost\n|-boost|p2a: Salamence|atk|1\n|\n|-heal|p2a: Salamence|72\/100|[from] item: Leftovers\n|upkeep\n|\n|t:|1699155627\n|switch|p1a: B-Do-ffff|Uxie|100\/100\n|turn|11\n|\n|t:|1699155643\n|-terastallize|p1a: B-Do-ffff|Electric\n|move|p2a: Salamence|Dual Wingbeat|p1a: B-Do-ffff\n|-resisted|p1a: B-Do-ffff\n|-damage|p1a: B-Do-ffff|80\/100\n|-resisted|p1a: B-Do-ffff\n|-damage|p1a: B-Do-ffff|59\/100\n|-hitcount|p1a: B-Do-ffff|2\n|move|p1a: B-Do-ffff|Thunder Wave|p2a: Salamence\n|-status|p2a: Salamence|par\n|\n|-heal|p1a: B-Do-ffff|65\/100|[from] item: Leftovers\n|-heal|p2a: Salamence|78\/100 par|[from] item: Leftovers\n|upkeep\n|turn|12\n|\n|t:|1699155658\n|move|p1a: B-Do-ffff|Draining Kiss|p2a: Salamence\n|-supereffective|p2a: Salamence\n|-damage|p2a: Salamence|46\/100 par\n|-heal|p1a: B-Do-ffff|93\/100|[from] drain|[of] p2a: Salamence\n|move|p2a: Salamence|Outrage|p1a: B-Do-ffff\n|-damage|p1a: B-Do-ffff|0 fnt\n|faint|p1a: B-Do-ffff\n|-ability|p2a: Salamence|Moxie|boost\n|-boost|p2a: Salamence|atk|1\n|\n|-heal|p2a: Salamence|52\/100 par|[from] item: Leftovers\n|upkeep\n|\n|t:|1699155668\n|switch|p1a: Bidooph|Togekiss, M|100\/100\n|turn|13\n|\n|t:|1699155679\n|move|p1a: Bidooph|Nasty Plot|p1a: Bidooph\n|-boost|p1a: Bidooph|spa|2\n|move|p2a: Salamence|Outrage|p1a: Bidooph|[from]lockedmove\n|-immune|p1a: Bidooph\n|-start|p2a: Salamence|confusion|[fatigue]\n|\n|-heal|p2a: Salamence|59\/100 par|[from] item: Leftovers\n|upkeep\n|turn|14\n|\n|t:|1699155689\n|move|p1a: Bidooph|Air Slash|p2a: Salamence\n|-damage|p2a: Salamence|0 fnt\n|faint|p2a: Salamence\n|\n|upkeep\n|\n|t:|1699155701\n|switch|p2a: Jirachi|Jirachi, shiny|100\/100\n|turn|15\n|\n|t:|1699155708\n|-zpower|p2a: Jirachi\n|move|p2a: Jirachi|Z-Happy Hour|p2a: Jirachi|[anim]Happy Hour\n|-boost|p2a: Jirachi|atk|1|[zeffect]\n|-boost|p2a: Jirachi|def|1|[zeffect]\n|-boost|p2a: Jirachi|spa|1|[zeffect]\n|-boost|p2a: Jirachi|spd|1|[zeffect]\n|-boost|p2a: Jirachi|spe|1|[zeffect]\n|move|p1a: Bidooph|Flamethrower|p2a: Jirachi\n|-supereffective|p2a: Jirachi\n|-damage|p2a: Jirachi|23\/100\n|\n|upkeep\n|turn|16\n|\n|t:|1699155726\n|move|p2a: Jirachi|Stored Power|p1a: Bidooph\n|-damage|p1a: Bidooph|27\/100\n|move|p1a: Bidooph|Flamethrower|p2a: Jirachi\n|-supereffective|p2a: Jirachi\n|-damage|p2a: Jirachi|0 fnt\n|faint|p2a: Jirachi\n|\n|-heal|p1a: Bidooph|33\/100|[from] item: Leftovers\n|upkeep\n|\n|t:|1699155731\n|switch|p2a: Medicham|Medicham, M|100\/100\n|turn|17\n|\n|t:|1699155742\n|detailschange|p2a: Medicham|Medicham-Mega, M\n|-mega|p2a: Medicham|Medicham|Medichamite\n|move|p2a: Medicham|Fake Out|p1a: Bidooph\n|-damage|p1a: Bidooph|4\/100\n|cant|p1a: Bidooph|flinch\n|\n|-heal|p1a: Bidooph|10\/100|[from] item: Leftovers\n|upkeep\n|turn|18\n|\n|t:|1699155755\n|move|p2a: Medicham|Ice Punch|p1a: Bidooph\n|-supereffective|p1a: Bidooph\n|-damage|p1a: Bidooph|0 fnt\n|faint|p1a: Bidooph\n|\n|win|mvjr1113\n","uploadtime":1699155761,"views":7,"p1id":"musicaljoker","p2id":"mvjr1113","formatid":"gen9nationaldexubers","rating":0,"private":0,"password":""}