{"id":"gen9nationaldexubers-1995654805","p1":"spitezone \u269d\u5f61","p2":"Genchirou Sanada","format":"[Gen 9] National Dex Ubers","log":"|j|\u2606spitezone \u269d\u5f61\n|j|\u2606Genchirou Sanada\n|t:|1700591176\n|gametype|singles\n|player|p1|spitezone \u269d\u5f61|psychic-gen2|1221\n|player|p2|Genchirou Sanada|cynthia|1323\n|teamsize|p1|6\n|teamsize|p2|6\n|gen|9\n|tier|[Gen 9] National Dex Ubers\n|rated|\n|rule|HP Percentage Mod: HP is shown in percentages\n|rule|Endless Battle Clause: Forcing endless battles is banned\n|rule|OHKO Clause: OHKO moves are banned\n|rule|Evasion Moves Clause: Evasion moves are banned\n|rule|Evasion Items Clause: Evasion items are banned\n|rule|Species Clause: Limit one of each Pok\u00e9mon\n|rule|Sleep Clause Mod: Limit one foe put to sleep\n|rule|Mega Rayquaza Clause: You cannot mega evolve Rayquaza\n|clearpoke\n|poke|p1|Chansey, F|\n|poke|p1|Dondozo, F|\n|poke|p1|Ho-Oh|\n|poke|p1|Cresselia, F|\n|poke|p1|Dusclops, F|\n|poke|p1|Bisharp, M|\n|poke|p2|Palkia-Origin|\n|poke|p2|Yveltal|\n|poke|p2|Kingambit, F|\n|poke|p2|Xerneas-*|\n|poke|p2|Tyranitar, F|\n|poke|p2|Kyogre|\n|teampreview\n|inactive|Battle timer is ON: inactive players will automatically lose when time's up. (requested by Genchirou Sanada)\n|inactive|spitezone \u269d\u5f61 also wants the timer to be on.\n|\n|t:|1700591189\n|start\n|switch|p1a: damn son|Bisharp, M, shiny|100\/100\n|switch|p2a: Kyogre|Kyogre|100\/100\n|-weather|RainDance|[from] ability: Drizzle|[of] p2a: Kyogre\n|-ability|p1a: damn son|Pressure\n|turn|1\n|\n|t:|1700591197\n|-terastallize|p1a: damn son|Water\n|move|p2a: Kyogre|Water Spout|p1a: damn son\n|-resisted|p1a: damn son\n|-damage|p1a: damn son|58\/100\n|move|p1a: damn son|Mean Look|p2a: Kyogre\n|-activate|p2a: Kyogre|trapped\n|\n|-weather|RainDance|[upkeep]\n|upkeep\n|turn|2\n|\n|t:|1700591205\n|move|p2a: Kyogre|Water Spout|p1a: damn son\n|-resisted|p1a: damn son\n|-damage|p1a: damn son|16\/100\n|move|p1a: damn son|Spite|p2a: Kyogre\n|-activate|p2a: Kyogre|move: Spite|Water Spout|4\n|\n|-weather|RainDance|[upkeep]\n|upkeep\n|turn|3\n|\n|t:|1700591214\n|-activate|p2a: Kyogre|move: Struggle\n|move|p2a: Kyogre|Struggle|p1a: damn son\n|-damage|p1a: damn son|10\/100\n|-damage|p2a: Kyogre|76\/100|[from] recoil\n|move|p1a: damn son|Rest|p1a: damn son\n|-status|p1a: damn son|slp|[from] move: Rest\n|-heal|p1a: damn son|100\/100 slp|[silent]\n|\n|-weather|RainDance|[upkeep]\n|upkeep\n|turn|4\n|\n|t:|1700591217\n|-activate|p2a: Kyogre|move: Struggle\n|move|p2a: Kyogre|Struggle|p1a: damn son\n|-damage|p1a: damn son|94\/100 slp\n|-damage|p2a: Kyogre|51\/100|[from] recoil\n|cant|p1a: damn son|slp\n|\n|-weather|RainDance|[upkeep]\n|upkeep\n|turn|5\n|c|\u2606Genchirou Sanada|o\n|\n|t:|1700591222\n|-activate|p2a: Kyogre|move: Struggle\n|move|p2a: Kyogre|Struggle|p1a: damn son\n|-damage|p1a: damn son|88\/100 slp\n|-damage|p2a: Kyogre|26\/100|[from] recoil\n|cant|p1a: damn son|slp\n|\n|-weather|none\n|upkeep\n|turn|6\n|c|\u2606spitezone \u269d\u5f61|lel?\n|\n|t:|1700591226\n|-activate|p2a: Kyogre|move: Struggle\n|move|p2a: Kyogre|Struggle|p1a: damn son\n|-damage|p1a: damn son|81\/100 slp\n|-damage|p2a: Kyogre|1\/100|[from] recoil\n|-curestatus|p1a: damn son|slp|[msg]\n|move|p1a: damn son|Iron Defense|p1a: damn son\n|-boost|p1a: damn son|def|2\n|\n|upkeep\n|turn|7\n|\n|t:|1700591237\n|switch|p1a: that aint falco|Dusclops, F|100\/100\n|-ability|p1a: that aint falco|Pressure\n|-activate|p2a: Kyogre|move: Struggle\n|move|p2a: Kyogre|Struggle|p1a: that aint falco\n|-damage|p1a: that aint falco|95\/100\n|-damage|p2a: Kyogre|0 fnt|[from] recoil\n|faint|p2a: Kyogre\n|\n|upkeep\n|\n|t:|1700591242\n|switch|p2a: Yveltal|Yveltal|100\/100\n|-ability|p2a: Yveltal|Dark Aura\n|turn|8\n|\n|t:|1700591246\n|switch|p1a: Hot Head Bop|Ho-Oh|100\/100\n|move|p2a: Yveltal|Dark Pulse|p1a: Hot Head Bop\n|-damage|p1a: Hot Head Bop|76\/100\n|\n|upkeep\n|turn|9\n|\n|t:|1700591258\n|switch|p2a: Tyranitar|Tyranitar, F|100\/100\n|-weather|Sandstorm|[from] ability: Sand Stream|[of] p2a: Tyranitar\n|move|p1a: Hot Head Bop|Toxic|p2a: Tyranitar\n|-status|p2a: Tyranitar|tox\n|\n|-weather|Sandstorm|[upkeep]\n|-damage|p1a: Hot Head Bop|70\/100|[from] Sandstorm\n|-damage|p2a: Tyranitar|94\/100 tox|[from] psn\n|upkeep\n|turn|10\n|\n|t:|1700591266\n|-activate|p1a: Hot Head Bop|move: Pursuit\n|move|p2a: Tyranitar|Pursuit|p1a: Hot Head Bop|[from]Pursuit\n|-damage|p1a: Hot Head Bop|29\/100\n|-damage|p2a: Tyranitar|84\/100 tox|[from] item: Life Orb\n|switch|p1a: Big Fish|Dondozo, F|100\/100\n|\n|-weather|Sandstorm|[upkeep]\n|-damage|p1a: Big Fish|94\/100|[from] Sandstorm\n|-damage|p2a: Tyranitar|72\/100 tox|[from] psn\n|upkeep\n|turn|11\n|\n|t:|1700591282\n|switch|p2a: Palkia|Palkia-Origin|100\/100\n|-ability|p2a: Palkia|Pressure\n|switch|p1a: Aurora|Cresselia, F, shiny|100\/100\n|\n|-weather|Sandstorm|[upkeep]\n|-damage|p2a: Palkia|94\/100|[from] Sandstorm\n|-damage|p1a: Aurora|94\/100|[from] Sandstorm\n|-heal|p1a: Aurora|100\/100|[from] item: Leftovers\n|upkeep\n|turn|12\n|\n|t:|1700591294\n|move|p2a: Palkia|Spacial Rend|p1a: Aurora\n|-damage|p1a: Aurora|67\/100\n|move|p1a: Aurora|Toxic|p2a: Palkia\n|-status|p2a: Palkia|tox\n|\n|-weather|Sandstorm|[upkeep]\n|-damage|p2a: Palkia|88\/100 tox|[from] Sandstorm\n|-damage|p1a: Aurora|61\/100|[from] Sandstorm\n|-heal|p1a: Aurora|67\/100|[from] item: Leftovers\n|-damage|p2a: Palkia|82\/100 tox|[from] psn\n|upkeep\n|turn|13\n|\n|t:|1700591303\n|move|p2a: Palkia|Spacial Rend|p1a: Aurora\n|-damage|p1a: Aurora|32\/100\n|move|p1a: Aurora|Moonlight|p1a: Aurora\n|-heal|p1a: Aurora|57\/100\n|\n|-weather|none\n|-heal|p1a: Aurora|63\/100|[from] item: Leftovers\n|-damage|p2a: Palkia|69\/100 tox|[from] psn\n|upkeep\n|turn|14\n|\n|t:|1700591307\n|move|p2a: Palkia|Thunder Wave|p1a: Aurora\n|-status|p1a: Aurora|par\n|cant|p1a: Aurora|par\n|\n|-heal|p1a: Aurora|69\/100 par|[from] item: Leftovers\n|-damage|p2a: Palkia|51\/100 tox|[from] psn\n|upkeep\n|turn|15\n|\n|t:|1700591311\n|switch|p2a: Xerneas|Xerneas|100\/100\n|-ability|p2a: Xerneas|Fairy Aura\n|cant|p1a: Aurora|par\n|\n|-heal|p1a: Aurora|75\/100 par|[from] item: Leftovers\n|upkeep\n|turn|16\n|\n|t:|1700591315\n|move|p2a: Xerneas|Geomancy||[still]\n|-prepare|p2a: Xerneas|Geomancy\n|-enditem|p2a: Xerneas|Power Herb\n|-anim|p2a: Xerneas|Geomancy|p2a: Xerneas\n|-boost|p2a: Xerneas|spa|2\n|-boost|p2a: Xerneas|spd|2\n|-boost|p2a: Xerneas|spe|2\n|cant|p1a: Aurora|par\n|\n|-heal|p1a: Aurora|82\/100 par|[from] item: Leftovers\n|upkeep\n|turn|17\n|\n|t:|1700591322\n|move|p2a: Xerneas|Moonblast|p1a: Aurora\n|-damage|p1a: Aurora|25\/100 par\n|cant|p1a: Aurora|par\n|\n|-heal|p1a: Aurora|31\/100 par|[from] item: Leftovers\n|upkeep\n|turn|18\n|\n|t:|1700591328\n|move|p2a: Xerneas|Moonblast|p1a: Aurora\n|-damage|p1a: Aurora|0 fnt\n|faint|p1a: Aurora\n|\n|upkeep\n|\n|t:|1700591330\n|switch|p1a: Hot Head Bop|Ho-Oh|63\/100\n|turn|19\n|\n|t:|1700591333\n|move|p2a: Xerneas|Thunderbolt|p1a: Hot Head Bop\n|-supereffective|p1a: Hot Head Bop\n|-damage|p1a: Hot Head Bop|15\/100\n|move|p1a: Hot Head Bop|Toxic|p2a: Xerneas\n|-status|p2a: Xerneas|tox\n|\n|-damage|p2a: Xerneas|94\/100 tox|[from] psn\n|upkeep\n|turn|20\n|\n|t:|1700591339\n|switch|p1a: Floating Trees|Chansey, F|100\/100\n|move|p2a: Xerneas|Moonblast|p1a: Floating Trees\n|-damage|p1a: Floating Trees|64\/100\n|\n|-damage|p2a: Xerneas|82\/100 tox|[from] psn\n|upkeep\n|turn|21\n|\n|t:|1700591344\n|move|p2a: Xerneas|Moonblast|p1a: Floating Trees\n|-damage|p1a: Floating Trees|29\/100\n|move|p1a: Floating Trees|Soft-Boiled|p1a: Floating Trees\n|-heal|p1a: Floating Trees|79\/100\n|\n|-damage|p2a: Xerneas|64\/100 tox|[from] psn\n|upkeep\n|turn|22\n|\n|t:|1700591349\n|switch|p1a: Hot Head Bop|Ho-Oh|49\/100\n|move|p2a: Xerneas|Moonblast|p1a: Hot Head Bop\n|-resisted|p1a: Hot Head Bop\n|-damage|p1a: Hot Head Bop|23\/100\n|-unboost|p1a: Hot Head Bop|spa|1\n|\n|-damage|p2a: Xerneas|40\/100 tox|[from] psn\n|upkeep\n|turn|23\n|\n|t:|1700591352\n|switch|p1a: Floating Trees|Chansey, F|79\/100\n|move|p2a: Xerneas|Thunderbolt|p1a: Floating Trees\n|-damage|p1a: Floating Trees|62\/100\n|\n|-damage|p2a: Xerneas|9\/100 tox|[from] psn\n|upkeep\n|turn|24\n|\n|t:|1700591354\n|move|p2a: Xerneas|Moonblast|p1a: Floating Trees\n|-damage|p1a: Floating Trees|22\/100\n|move|p1a: Floating Trees|Soft-Boiled|p1a: Floating Trees\n|-heal|p1a: Floating Trees|72\/100\n|\n|-damage|p2a: Xerneas|0 fnt|[from] psn\n|faint|p2a: Xerneas\n|upkeep\n|\n|t:|1700591359\n|switch|p2a: Kingambit|Kingambit, F|100\/100\n|-activate|p2a: Kingambit|ability: Supreme Overlord\n|-start|p2a: Kingambit|fallen2|[silent]\n|turn|25\n|\n|t:|1700591364\n|switch|p1a: damn son|Bisharp, M, shiny, tera:Water|81\/100\n|-ability|p1a: damn son|Pressure\n|move|p2a: Kingambit|Power-Up Punch|p1a: damn son\n|-damage|p1a: damn son|68\/100\n|-boost|p2a: Kingambit|atk|1\n|\n|upkeep\n|turn|26\n|inactive|Genchirou Sanada has 120 seconds left.\n|\n|t:|1700591413\n|-end|p2a: Kingambit|fallen2|[silent]\n|switch|p2a: Palkia|Palkia-Origin|51\/100 tox\n|-ability|p2a: Palkia|Pressure\n|move|p1a: damn son|Mean Look|p2a: Palkia\n|-activate|p2a: Palkia|trapped\n|\n|-damage|p2a: Palkia|44\/100 tox|[from] psn\n|upkeep\n|turn|27\n|\n|t:|1700591425\n|move|p2a: Palkia|Thunder Wave|p1a: damn son\n|-status|p1a: damn son|par\n|move|p1a: damn son|Spite|p2a: Palkia\n|-activate|p2a: Palkia|move: Spite|Thunder Wave|4\n|\n|-damage|p2a: Palkia|32\/100 tox|[from] psn\n|upkeep\n|turn|28\n|\n|t:|1700591433\n|move|p2a: Palkia|Spacial Rend|p1a: damn son\n|-damage|p1a: damn son|27\/100 par\n|move|p1a: damn son|Rest|p1a: damn son\n|-status|p1a: damn son|slp|[from] move: Rest\n|-heal|p1a: damn son|100\/100 slp|[silent]\n|\n|-damage|p2a: Palkia|13\/100 tox|[from] psn\n|upkeep\n|turn|29\n|\n|t:|1700591439\n|switch|p1a: Hot Head Bop|Ho-Oh|56\/100\n|move|p2a: Palkia|Spacial Rend|p1a: Hot Head Bop\n|-damage|p1a: Hot Head Bop|24\/100\n|\n|-damage|p2a: Palkia|0 fnt|[from] psn\n|faint|p2a: Palkia\n|upkeep\n|\n|t:|1700591449\n|switch|p2a: Tyranitar|Tyranitar, F|72\/100 tox\n|-weather|Sandstorm|[from] ability: Sand Stream|[of] p2a: Tyranitar\n|turn|30\n|\n|t:|1700591455\n|switch|p1a: damn son|Bisharp, M, shiny, tera:Water|100\/100 slp\n|-ability|p1a: damn son|Pressure\n|move|p2a: Tyranitar|Knock Off|p1a: damn son\n|-damage|p1a: damn son|60\/100 slp\n|-enditem|p1a: damn son|Eviolite|[from] move: Knock Off|[of] p2a: Tyranitar\n|-damage|p2a: Tyranitar|62\/100 tox|[from] item: Life Orb\n|\n|-weather|Sandstorm|[upkeep]\n|-damage|p1a: damn son|54\/100 slp|[from] Sandstorm\n|-damage|p2a: Tyranitar|56\/100 tox|[from] psn\n|upkeep\n|turn|31\n|inactive|Genchirou Sanada has 120 seconds left.\n|\n|t:|1700591465\n|switch|p2a: Yveltal|Yveltal|100\/100\n|-ability|p2a: Yveltal|Dark Aura\n|cant|p1a: damn son|slp\n|\n|-weather|Sandstorm|[upkeep]\n|-damage|p2a: Yveltal|94\/100|[from] Sandstorm\n|-damage|p1a: damn son|48\/100 slp|[from] Sandstorm\n|upkeep\n|turn|32\n|inactive|Genchirou Sanada has 120 seconds left.\n|\n|t:|1700591473\n|move|p2a: Yveltal|Dark Pulse|p1a: damn son\n|-damage|p1a: damn son|0 fnt\n|faint|p1a: damn son\n|\n|-weather|Sandstorm|[upkeep]\n|-damage|p2a: Yveltal|88\/100|[from] Sandstorm\n|upkeep\n|\n|t:|1700591475\n|switch|p1a: Hot Head Bop|Ho-Oh|58\/100\n|turn|33\n|\n|t:|1700591479\n|move|p2a: Yveltal|Dark Pulse|p1a: Hot Head Bop\n|-damage|p1a: Hot Head Bop|32\/100\n|move|p1a: Hot Head Bop|Roost|p1a: Hot Head Bop\n|-heal|p1a: Hot Head Bop|82\/100\n|-singleturn|p1a: Hot Head Bop|move: Roost\n|\n|-weather|Sandstorm|[upkeep]\n|-damage|p2a: Yveltal|82\/100|[from] Sandstorm\n|-damage|p1a: Hot Head Bop|76\/100|[from] Sandstorm\n|upkeep\n|turn|34\n|\n|t:|1700591487\n|switch|p2a: Tyranitar|Tyranitar, F|56\/100 tox\n|move|p1a: Hot Head Bop|Toxic|p2a: Tyranitar\n|-fail|p2a: Tyranitar|tox\n|\n|-weather|none\n|-damage|p2a: Tyranitar|50\/100 tox|[from] psn\n|upkeep\n|turn|35\n|\n|t:|1700591491\n|switch|p1a: Floating Trees|Chansey, F|72\/100\n|move|p2a: Tyranitar|Rock Slide|p1a: Floating Trees\n|-damage|p1a: Floating Trees|42\/100\n|-damage|p2a: Tyranitar|40\/100 tox|[from] item: Life Orb\n|\n|-damage|p2a: Tyranitar|28\/100 tox|[from] psn\n|upkeep\n|turn|36\n|\n|t:|1700591497\n|switch|p1a: Big Fish|Dondozo, F|94\/100\n|move|p2a: Tyranitar|Knock Off|p1a: Big Fish\n|-damage|p1a: Big Fish|68\/100\n|-damage|p2a: Tyranitar|11\/100 tox|[from] item: Rocky Helmet|[of] p1a: Big Fish\n|-enditem|p1a: Big Fish|Rocky Helmet|[from] move: Knock Off|[of] p2a: Tyranitar\n|-damage|p2a: Tyranitar|1\/100 tox|[from] item: Life Orb\n|\n|-damage|p2a: Tyranitar|0 fnt|[from] psn\n|faint|p2a: Tyranitar\n|upkeep\n|\n|t:|1700591503\n|switch|p2a: Kingambit|Kingambit, F|100\/100\n|-activate|p2a: Kingambit|ability: Supreme Overlord\n|-start|p2a: Kingambit|fallen4|[silent]\n|turn|37\n|\n|t:|1700591507\n|move|p2a: Kingambit|Power-Up Punch|p1a: Big Fish\n|-damage|p1a: Big Fish|59\/100\n|-boost|p2a: Kingambit|atk|1\n|move|p1a: Big Fish|Curse|p1a: Big Fish\n|-unboost|p1a: Big Fish|spe|1\n|-boost|p1a: Big Fish|atk|1\n|-boost|p1a: Big Fish|def|1\n|\n|upkeep\n|turn|38\n|\n|t:|1700591512\n|move|p2a: Kingambit|Power-Up Punch|p1a: Big Fish\n|-damage|p1a: Big Fish|53\/100\n|-boost|p2a: Kingambit|atk|1\n|move|p1a: Big Fish|Body Press|p2a: Kingambit\n|-supereffective|p2a: Kingambit\n|-damage|p2a: Kingambit|0 fnt\n|faint|p2a: Kingambit\n|-end|p2a: Kingambit|fallen4|[silent]\n|\n|upkeep\n|\n|t:|1700591516\n|switch|p2a: Yveltal|Yveltal|82\/100\n|-ability|p2a: Yveltal|Dark Aura\n|turn|39\n|\n|t:|1700591519\n|move|p2a: Yveltal|Dark Pulse|p1a: Big Fish\n|-damage|p1a: Big Fish|0 fnt\n|faint|p1a: Big Fish\n|\n|upkeep\n|\n|t:|1700591521\n|switch|p1a: Hot Head Bop|Ho-Oh|100\/100\n|turn|40\n|\n|t:|1700591531\n|-terastallize|p2a: Yveltal|Poison\n|move|p2a: Yveltal|Dark Pulse|p1a: Hot Head Bop\n|-damage|p1a: Hot Head Bop|74\/100\n|cant|p1a: Hot Head Bop|flinch\n|\n|upkeep\n|turn|41\n|\n|t:|1700591537\n|move|p2a: Yveltal|Dark Pulse|p1a: Hot Head Bop\n|-damage|p1a: Hot Head Bop|51\/100\n|move|p1a: Hot Head Bop|Roost|p1a: Hot Head Bop\n|-heal|p1a: Hot Head Bop|100\/100\n|-singleturn|p1a: Hot Head Bop|move: Roost\n|\n|upkeep\n|turn|42\n|\n|t:|1700591540\n|switch|p1a: Floating Trees|Chansey, F|42\/100\n|move|p2a: Yveltal|Dark Pulse|p1a: Floating Trees\n|-damage|p1a: Floating Trees|24\/100\n|\n|upkeep\n|turn|43\n|\n|t:|1700591545\n|move|p2a: Yveltal|Dark Pulse|p1a: Floating Trees\n|-damage|p1a: Floating Trees|5\/100\n|cant|p1a: Floating Trees|flinch\n|\n|upkeep\n|turn|44\n|\n|t:|1700591548\n|move|p2a: Yveltal|Dark Pulse|p1a: Floating Trees\n|-damage|p1a: Floating Trees|0 fnt\n|faint|p1a: Floating Trees\n|\n|upkeep\n|\n|t:|1700591549\n|switch|p1a: that aint falco|Dusclops, F|95\/100\n|-ability|p1a: that aint falco|Pressure\n|turn|45\n|\n|t:|1700591553\n|move|p2a: Yveltal|Dark Pulse|p1a: that aint falco\n|-supereffective|p1a: that aint falco\n|-damage|p1a: that aint falco|34\/100\n|cant|p1a: that aint falco|flinch\n|\n|upkeep\n|turn|46\n|c|\u2606spitezone \u269d\u5f61|dude\n|\n|t:|1700591559\n|move|p2a: Yveltal|Dark Pulse|p1a: that aint falco\n|-supereffective|p1a: that aint falco\n|-damage|p1a: that aint falco|0 fnt\n|faint|p1a: that aint falco\n|\n|upkeep\n|\n|t:|1700591561\n|switch|p1a: Hot Head Bop|Ho-Oh|100\/100\n|turn|47\n|c|\u2606spitezone \u269d\u5f61|like i still win but\n|c|\u2606spitezone \u269d\u5f61|dude\n|inactive|Genchirou Sanada has 120 seconds left.\n|\n|t:|1700591598\n|move|p2a: Yveltal|Dark Pulse|p1a: Hot Head Bop\n|-damage|p1a: Hot Head Bop|77\/100\n|move|p1a: Hot Head Bop|Sacred Fire|p2a: Yveltal\n|-damage|p2a: Yveltal|49\/100\n|\n|upkeep\n|turn|48\n|inactive|Genchirou Sanada has 120 seconds left.\n|c|\u2606Genchirou Sanada|meh\n|\n|t:|1700591616\n|move|p2a: Yveltal|Oblivion Wing|p1a: Hot Head Bop\n|-damage|p1a: Hot Head Bop|58\/100\n|-heal|p2a: Yveltal|63\/100|[from] drain|[of] p1a: Hot Head Bop\n|move|p1a: Hot Head Bop|Roost|p1a: Hot Head Bop\n|-heal|p1a: Hot Head Bop|100\/100\n|-singleturn|p1a: Hot Head Bop|move: Roost\n|\n|upkeep\n|turn|49\n|c|\u2606Genchirou Sanada|i think i outlast your roosts\n|c|\u2606spitezone \u269d\u5f61|oh thats not choice\n|\n|t:|1700591636\n|move|p2a: Yveltal|Oblivion Wing|p1a: Hot Head Bop\n|-damage|p1a: Hot Head Bop|81\/100\n|-heal|p2a: Yveltal|78\/100|[from] drain|[of] p1a: Hot Head Bop\n|move|p1a: Hot Head Bop|Sacred Fire|p2a: Yveltal\n|-damage|p2a: Yveltal|46\/100\n|-status|p2a: Yveltal|brn\n|\n|-damage|p2a: Yveltal|40\/100 brn|[from] brn\n|upkeep\n|turn|50\n|\n|t:|1700591644\n|move|p2a: Yveltal|Oblivion Wing|p1a: Hot Head Bop\n|-damage|p1a: Hot Head Bop|62\/100\n|-heal|p2a: Yveltal|54\/100 brn|[from] drain|[of] p1a: Hot Head Bop\n|move|p1a: Hot Head Bop|Roost|p1a: Hot Head Bop\n|-heal|p1a: Hot Head Bop|100\/100\n|-singleturn|p1a: Hot Head Bop|move: Roost\n|\n|-damage|p2a: Yveltal|48\/100 brn|[from] brn\n|upkeep\n|turn|51\n|\n|t:|1700591650\n|move|p2a: Yveltal|Oblivion Wing|p1a: Hot Head Bop\n|-damage|p1a: Hot Head Bop|82\/100\n|-heal|p2a: Yveltal|62\/100 brn|[from] drain|[of] p1a: Hot Head Bop\n|move|p1a: Hot Head Bop|Sacred Fire|p2a: Yveltal\n|-damage|p2a: Yveltal|30\/100 brn\n|\n|-damage|p2a: Yveltal|24\/100 brn|[from] brn\n|upkeep\n|-enditem|p2a: Yveltal|Aguav Berry|[eat]\n|-heal|p2a: Yveltal|57\/100 brn|[from] item: Aguav Berry\n|turn|52\n|\n|t:|1700591664\n|move|p2a: Yveltal|Oblivion Wing|p1a: Hot Head Bop\n|-damage|p1a: Hot Head Bop|63\/100\n|-heal|p2a: Yveltal|72\/100 brn|[from] drain|[of] p1a: Hot Head Bop\n|move|p1a: Hot Head Bop|Sacred Fire|p2a: Yveltal\n|-damage|p2a: Yveltal|36\/100 brn\n|\n|-damage|p2a: Yveltal|30\/100 brn|[from] brn\n|upkeep\n|turn|53\n|\n|t:|1700591669\n|move|p2a: Yveltal|Oblivion Wing|p1a: Hot Head Bop\n|-damage|p1a: Hot Head Bop|43\/100\n|-heal|p2a: Yveltal|46\/100 brn|[from] drain|[of] p1a: Hot Head Bop\n|move|p1a: Hot Head Bop|Sacred Fire|p2a: Yveltal\n|-damage|p2a: Yveltal|15\/100 brn\n|\n|-damage|p2a: Yveltal|8\/100 brn|[from] brn\n|upkeep\n|turn|54\n|\n|t:|1700591675\n|move|p2a: Yveltal|Dark Pulse|p1a: Hot Head Bop\n|-damage|p1a: Hot Head Bop|18\/100\n|move|p1a: Hot Head Bop|Sacred Fire|p2a: Yveltal\n|-damage|p2a: Yveltal|0 fnt\n|faint|p2a: Yveltal\n|\n|win|spitezone \u269d\u5f61\n|raw|spitezone \u269d\u5f61's rating: 1221 &rarr; <strong>1253<\/strong><br \/>(+32 for winning)\n|raw|Genchirou Sanada's rating: 1323 &rarr; <strong>1297<\/strong><br \/>(-26 for losing)\n|c|\u2606spitezone \u269d\u5f61|gg\n|l|\u2606Genchirou Sanada\n","uploadtime":1700591685,"views":5,"p1id":"spitezone","p2id":"genchirousanada","formatid":"gen9nationaldexubers","rating":1253,"private":0,"password":""}