{"id":"gen9nationaldexubers-1987271677","p1":"MannyManati","p2":"BigMommaBadger","format":"[Gen 9] National Dex Ubers","log":"|j|\u2606MannyManati\n|j|\u2606BigMommaBadger\n|t:|1699571702\n|gametype|singles\n|player|p1|MannyManati|265|1110\n|player|p2|BigMommaBadger|pokemonrangerf|1110\n|teamsize|p1|6\n|teamsize|p2|6\n|gen|9\n|tier|[Gen 9] National Dex Ubers\n|rated|\n|rule|HP Percentage Mod: HP is shown in percentages\n|rule|Endless Battle Clause: Forcing endless battles is banned\n|rule|OHKO Clause: OHKO moves are banned\n|rule|Evasion Moves Clause: Evasion moves are banned\n|rule|Evasion Items Clause: Evasion items are banned\n|rule|Species Clause: Limit one of each Pok\u00e9mon\n|rule|Sleep Clause Mod: Limit one foe put to sleep\n|rule|Mega Rayquaza Clause: You cannot mega evolve Rayquaza\n|clearpoke\n|poke|p1|Darmanitan-Galar, M|\n|poke|p1|Roaring Moon|\n|poke|p1|Melmetal|\n|poke|p1|Victini|\n|poke|p1|Charizard, F|\n|poke|p1|Lopunny, M|\n|poke|p2|Serperior, F|\n|poke|p2|Samurott, M|\n|poke|p2|Emboar, M|\n|poke|p2|Krookodile, F|\n|poke|p2|Swoobat, M|\n|poke|p2|Kyurem-White|\n|teampreview\n|\n|t:|1699571706\n|start\n|switch|p1a: Lopunny|Lopunny, M|100\/100\n|switch|p2a: Swoops|Swoobat, M, shiny|100\/100\n|turn|1\n|\n|t:|1699571709\n|move|p1a: Lopunny|Fake Out|p2a: Swoops\n|-crit|p2a: Swoops\n|-damage|p2a: Swoops|73\/100\n|cant|p2a: Swoops|flinch\n|\n|upkeep\n|turn|2\n|\n|t:|1699571717\n|move|p2a: Swoops|Calm Mind|p2a: Swoops\n|-boost|p2a: Swoops|spa|2\n|-boost|p2a: Swoops|spd|2\n|move|p1a: Lopunny|Encore|p2a: Swoops\n|-start|p2a: Swoops|Encore\n|\n|upkeep\n|turn|3\n|\n|t:|1699571722\n|move|p2a: Swoops|Calm Mind|p2a: Swoops\n|-boost|p2a: Swoops|spa|2\n|-boost|p2a: Swoops|spd|2\n|move|p1a: Lopunny|Switcheroo|p2a: Swoops\n|-activate|p1a: Lopunny|move: Trick|[of] p2a: Swoops\n|-item|p2a: Swoops|Flame Orb|[from] move: Switcheroo\n|-item|p1a: Lopunny|Focus Sash|[from] move: Switcheroo\n|\n|-status|p2a: Swoops|brn|[from] item: Flame Orb\n|upkeep\n|turn|4\n|\n|t:|1699571731\n|move|p2a: Swoops|Calm Mind|p2a: Swoops\n|-boost|p2a: Swoops|spa|2\n|-boost|p2a: Swoops|spd|2\n|move|p1a: Lopunny|U-turn|p2a: Swoops\n|-damage|p2a: Swoops|54\/100 brn\n|\n|t:|1699571739\n|switch|p1a: Roaring Moon|Roaring Moon|100\/100|[from] U-turn\n|-enditem|p1a: Roaring Moon|Booster Energy\n|-activate|p1a: Roaring Moon|ability: Protosynthesis|[fromitem]\n|-start|p1a: Roaring Moon|protosynthesisatk\n|\n|-damage|p2a: Swoops|48\/100 brn|[from] brn\n|upkeep\n|turn|5\n|\n|t:|1699571746\n|move|p1a: Roaring Moon|Knock Off|p2a: Swoops\n|-supereffective|p2a: Swoops\n|-damage|p2a: Swoops|0 fnt\n|-enditem|p2a: Swoops|Flame Orb|[from] move: Knock Off|[of] p1a: Roaring Moon\n|faint|p2a: Swoops\n|\n|upkeep\n|\n|t:|1699571752\n|switch|p2a: Karate Krok|Krookodile, F, shiny|100\/100\n|turn|6\n|\n|t:|1699571761\n|move|p2a: Karate Krok|Rock Slide|p1a: Roaring Moon|[miss]\n|-miss|p2a: Karate Krok|p1a: Roaring Moon\n|move|p1a: Roaring Moon|Dragon Dance|p1a: Roaring Moon\n|-boost|p1a: Roaring Moon|atk|1\n|-boost|p1a: Roaring Moon|spe|1\n|\n|upkeep\n|turn|7\n|\n|t:|1699571767\n|move|p1a: Roaring Moon|Acrobatics|p2a: Karate Krok\n|-damage|p2a: Karate Krok|4\/100\n|move|p2a: Karate Krok|Rock Slide|p1a: Roaring Moon\n|-damage|p1a: Roaring Moon|67\/100\n|\n|upkeep\n|turn|8\n|\n|t:|1699571774\n|move|p1a: Roaring Moon|Dragon Dance|p1a: Roaring Moon\n|-boost|p1a: Roaring Moon|atk|1\n|-boost|p1a: Roaring Moon|spe|1\n|move|p2a: Karate Krok|Rock Slide|p1a: Roaring Moon\n|-damage|p1a: Roaring Moon|38\/100\n|\n|upkeep\n|turn|9\n|\n|t:|1699571778\n|move|p1a: Roaring Moon|Acrobatics|p2a: Karate Krok\n|-damage|p2a: Karate Krok|0 fnt\n|faint|p2a: Karate Krok\n|\n|upkeep\n|\n|t:|1699571780\n|switch|p2a: Ronin|Samurott, M, shiny|100\/100\n|turn|10\n|\n|t:|1699571786\n|move|p2a: Ronin|Aqua Jet|p1a: Roaring Moon\n|-resisted|p1a: Roaring Moon\n|-damage|p1a: Roaring Moon|26\/100\n|move|p1a: Roaring Moon|Acrobatics|p2a: Ronin\n|-damage|p2a: Ronin|0 fnt\n|faint|p2a: Ronin\n|\n|upkeep\n|\n|t:|1699571789\n|switch|p2a: Napoleon|Emboar, M, shiny|100\/100\n|turn|11\n|\n|t:|1699571794\n|move|p1a: Roaring Moon|Acrobatics|p2a: Napoleon\n|-supereffective|p2a: Napoleon\n|-damage|p2a: Napoleon|0 fnt\n|faint|p2a: Napoleon\n|\n|upkeep\n|\n|t:|1699571799\n|switch|p2a: Heiness|Serperior, F, shiny|100\/100\n|turn|12\n|\n|t:|1699571803\n|move|p1a: Roaring Moon|Acrobatics|p2a: Heiness\n|-supereffective|p2a: Heiness\n|-damage|p2a: Heiness|0 fnt\n|faint|p2a: Heiness\n|\n|upkeep\n|\n|t:|1699571805\n|switch|p2a: Iceflame|Kyurem-White, shiny|100\/100\n|-ability|p2a: Iceflame|Turboblaze\n|turn|13\n|\n|t:|1699571812\n|move|p1a: Roaring Moon|Dragon Claw|p2a: Iceflame\n|-supereffective|p2a: Iceflame\n|-damage|p2a: Iceflame|0 fnt\n|faint|p2a: Iceflame\n|\n|win|MannyManati\n|raw|MannyManati's rating: 1110 &rarr; <strong>1135<\/strong><br \/>(+25 for winning)\n|raw|BigMommaBadger's rating: 1110 &rarr; <strong>1085<\/strong><br \/>(-25 for losing)\n|l|\u2606BigMommaBadger\n|l|\u2606MannyManati\n|j|\u2606MannyManati\n|player|p1|MannyManati|265\n","uploadtime":1699571835,"views":4,"p1id":"mannymanati","p2id":"bigmommabadger","formatid":"gen9nationaldexubers","rating":1085,"private":0,"password":""}