{"id":"gen9nationaldexubers-1998206662","p1":"eli best judes","p2":"Teletubbies5445","format":"[Gen 9] National Dex Ubers","log":"|j|\u2606eli best judes\n|j|\u2606Teletubbies5445\n|t:|1700912581\n|gametype|singles\n|player|p1|eli best judes|palmer|1203\n|player|p2|Teletubbies5445|ghetsis-gen5bw|1260\n|teamsize|p1|6\n|teamsize|p2|6\n|gen|9\n|tier|[Gen 9] National Dex Ubers\n|rated|\n|rule|HP Percentage Mod: HP is shown in percentages\n|rule|Endless Battle Clause: Forcing endless battles is banned\n|rule|OHKO Clause: OHKO moves are banned\n|rule|Evasion Moves Clause: Evasion moves are banned\n|rule|Evasion Items Clause: Evasion items are banned\n|rule|Species Clause: Limit one of each Pok\u00e9mon\n|rule|Sleep Clause Mod: Limit one foe put to sleep\n|rule|Mega Rayquaza Clause: You cannot mega evolve Rayquaza\n|clearpoke\n|poke|p1|Enamorus, F|\n|poke|p1|Serperior, F|\n|poke|p1|Iron Moth|\n|poke|p1|Zapdos|\n|poke|p1|Giratina-Origin|\n|poke|p1|Blaziken, M|\n|poke|p2|Marshadow|\n|poke|p2|Blaziken, M|\n|poke|p2|Xerneas-*|\n|poke|p2|Kyogre|\n|poke|p2|Dragapult, M|\n|poke|p2|Deoxys-Attack|\n|teampreview\n|\n|t:|1700912601\n|start\n|switch|p1a: Serperior|Serperior, F|100\/100\n|switch|p2a: BOUM|Kyogre, shiny|100\/100\n|detailschange|p2a: BOUM|Kyogre-Primal, shiny\n|-primal|p2a: BOUM|Blue Orb\n|-weather|PrimordialSea|[from] ability: Primordial Sea|[of] p2a: BOUM\n|turn|1\n|inactive|Battle timer is ON: inactive players will automatically lose when time's up. (requested by eli best judes)\n|\n|t:|1700912611\n|move|p1a: Serperior|Leaf Storm|p2a: BOUM\n|-supereffective|p2a: BOUM\n|-damage|p2a: BOUM|49\/100\n|-boost|p1a: Serperior|spa|2\n|move|p2a: BOUM|Calm Mind|p2a: BOUM\n|-boost|p2a: BOUM|spa|1\n|-boost|p2a: BOUM|spd|1\n|\n|-weather|PrimordialSea|[upkeep]\n|upkeep\n|turn|2\n|\n|t:|1700912623\n|move|p1a: Serperior|Leaf Storm|p2a: BOUM\n|-supereffective|p2a: BOUM\n|-damage|p2a: BOUM|0 fnt\n|-boost|p1a: Serperior|spa|2\n|faint|p2a: BOUM\n|-weather|none\n|\n|upkeep\n|\n|t:|1700912639\n|switch|p2a: Marshadow|Marshadow|100\/100\n|turn|3\n|\n|t:|1700912656\n|switch|p2a: hihi|Dragapult, M, shiny|100\/100\n|move|p1a: Serperior|Leaf Storm|p2a: hihi\n|-resisted|p2a: hihi\n|-damage|p2a: hihi|0 fnt\n|-boost|p1a: Serperior|spa|2\n|-start|p1a: Serperior|Disable|Leaf Storm|[from] ability: Cursed Body|[of] p2a: hihi\n|faint|p2a: hihi\n|\n|upkeep\n|\n|t:|1700912664\n|switch|p2a: Deoxys|Deoxys-Attack|100\/100\n|-ability|p2a: Deoxys|Pressure\n|turn|4\n|\n|t:|1700912675\n|move|p2a: Deoxys|Fire Punch|p1a: Serperior\n|-supereffective|p1a: Serperior\n|-damage|p1a: Serperior|0 fnt\n|faint|p1a: Serperior\n|\n|upkeep\n|\n|t:|1700912690\n|switch|p1a: Giratina|Giratina-Origin|100\/100\n|turn|5\n|\n|t:|1700912696\n|switch|p2a: Xerneas|Xerneas|100\/100\n|-ability|p2a: Xerneas|Fairy Aura\n|move|p1a: Giratina|Ominous Wind|p2a: Xerneas\n|-damage|p2a: Xerneas|77\/100\n|\n|upkeep\n|turn|6\n|\n|t:|1700912712\n|switch|p1a: Iron Moth|Iron Moth|100\/100\n|move|p2a: Xerneas|Moonblast|p1a: Iron Moth\n|-resisted|p1a: Iron Moth\n|-damage|p1a: Iron Moth|84\/100\n|\n|upkeep\n|turn|7\n|\n|t:|1700912728\n|move|p1a: Iron Moth|Sludge Wave|p2a: Xerneas\n|-supereffective|p2a: Xerneas\n|-damage|p2a: Xerneas|2\/100\n|move|p2a: Xerneas|Psychic|p1a: Iron Moth\n|-supereffective|p1a: Iron Moth\n|-damage|p1a: Iron Moth|11\/100\n|\n|upkeep\n|turn|8\n|\n|t:|1700912736\n|move|p1a: Iron Moth|Fiery Dance|p2a: Xerneas\n|-damage|p2a: Xerneas|0 fnt\n|faint|p2a: Xerneas\n|\n|upkeep\n|\n|t:|1700912743\n|switch|p2a: Marshadow|Marshadow|100\/100\n|turn|9\n|\n|t:|1700912748\n|move|p2a: Marshadow|Shadow Sneak|p1a: Iron Moth\n|-damage|p1a: Iron Moth|0 fnt\n|faint|p1a: Iron Moth\n|-end|p1a: Iron Moth|Quark Drive|[silent]\n|\n|upkeep\n|\n|t:|1700912765\n|switch|p1a: Blaziken|Blaziken, M|100\/100\n|turn|10\n|\n|t:|1700912771\n|detailschange|p1a: Blaziken|Blaziken-Mega, M\n|-mega|p1a: Blaziken|Blaziken|Blazikenite\n|-zpower|p2a: Marshadow\n|move|p2a: Marshadow|Soul-Stealing 7-Star Strike|p1a: Blaziken|[zeffect]\n|-damage|p1a: Blaziken|0 fnt\n|faint|p1a: Blaziken\n|\n|upkeep\n|\n|t:|1700912794\n|switch|p1a: Enamorus|Enamorus, F|100\/100\n|turn|11\n|\n|t:|1700912802\n|move|p2a: Marshadow|Spectral Thief|p1a: Enamorus\n|-damage|p1a: Enamorus|32\/100\n|move|p1a: Enamorus|Play Rough|p2a: Marshadow\n|-supereffective|p2a: Marshadow\n|-damage|p2a: Marshadow|0 fnt\n|faint|p2a: Marshadow\n|\n|upkeep\n|\n|t:|1700912815\n|switch|p2a: Blaziken|Blaziken, M|100\/100\n|turn|12\n|\n|t:|1700912831\n|detailschange|p2a: Blaziken|Blaziken-Mega, M\n|-mega|p2a: Blaziken|Blaziken|Blazikenite\n|move|p1a: Enamorus|Play Rough|p2a: Blaziken\n|-damage|p2a: Blaziken|31\/100\n|move|p2a: Blaziken|Thunder Punch|p1a: Enamorus\n|-supereffective|p1a: Enamorus\n|-damage|p1a: Enamorus|0 fnt\n|faint|p1a: Enamorus\n|\n|-ability|p2a: Blaziken|Speed Boost|boost\n|-boost|p2a: Blaziken|spe|1\n|upkeep\n|\n|t:|1700912842\n|switch|p1a: Zapdos|Zapdos|100\/100\n|turn|13\n|\n|t:|1700912854\n|move|p2a: Blaziken|Blaze Kick|p1a: Zapdos|[miss]\n|-miss|p2a: Blaziken|p1a: Zapdos\n|move|p1a: Zapdos|Air Cutter|p2a: Blaziken\n|-supereffective|p2a: Blaziken\n|-damage|p2a: Blaziken|0 fnt\n|faint|p2a: Blaziken\n|\n|upkeep\n|\n|t:|1700912861\n|switch|p2a: Deoxys|Deoxys-Attack|100\/100\n|-ability|p2a: Deoxys|Pressure\n|turn|14\n|\n|t:|1700912868\n|-terastallize|p2a: Deoxys|Dark\n|move|p2a: Deoxys|Knock Off|p1a: Zapdos\n|-damage|p1a: Zapdos|0 fnt\n|-enditem|p1a: Zapdos|Metronome|[from] move: Knock Off|[of] p2a: Deoxys\n|faint|p1a: Zapdos\n|\n|upkeep\n|\n|t:|1700912876\n|switch|p1a: Giratina|Giratina-Origin|100\/100\n|turn|15\n|\n|t:|1700912889\n|move|p2a: Deoxys|Knock Off|p1a: Giratina\n|-supereffective|p1a: Giratina\n|-damage|p1a: Giratina|0 fnt\n|faint|p1a: Giratina\n|\n|win|Teletubbies5445\n|raw|eli best judes's rating: 1203 &rarr; <strong>1182<\/strong><br \/>(-21 for losing)\n|raw|Teletubbies5445's rating: 1260 &rarr; <strong>1281<\/strong><br \/>(+21 for winning)\n|c|\u2606Teletubbies5445|gg\n","uploadtime":1700912898,"views":8,"p1id":"elibestjudes","p2id":"teletubbies5445","formatid":"gen9nationaldexubers","rating":1182,"private":0,"password":""}