{"id":"gen9nationaldexubers-1980431738","p1":"Braxious","p2":"JustTheJas","format":"[Gen 9] National Dex Ubers","log":"|j|\u2606Braxious\n|j|\u2606JustTheJas\n|t:|1698784369\n|gametype|singles\n|player|p1|Braxious|rika|1073\n|player|p2|JustTheJas|steven|1199\n|teamsize|p1|6\n|teamsize|p2|6\n|gen|9\n|tier|[Gen 9] National Dex Ubers\n|rated|\n|rule|HP Percentage Mod: HP is shown in percentages\n|rule|Endless Battle Clause: Forcing endless battles is banned\n|rule|OHKO Clause: OHKO moves are banned\n|rule|Evasion Moves Clause: Evasion moves are banned\n|rule|Evasion Items Clause: Evasion items are banned\n|rule|Species Clause: Limit one of each Pok\u00e9mon\n|rule|Sleep Clause Mod: Limit one foe put to sleep\n|rule|Mega Rayquaza Clause: You cannot mega evolve Rayquaza\n|clearpoke\n|poke|p1|Trevenant, F|\n|poke|p1|Deoxys-Speed|\n|poke|p1|Shaymin-Sky|\n|poke|p1|Haxorus, M|\n|poke|p1|Ogerpon-Hearthflame, F|\n|poke|p1|Basculegion-F, F|\n|poke|p2|Annihilape, M|\n|poke|p2|Genesect-Douse|\n|poke|p2|Groudon|\n|poke|p2|Salamence, M|\n|poke|p2|Regieleki|\n|poke|p2|Grimmsnarl, M|\n|teampreview\n|inactive|Battle timer is ON: inactive players will automatically lose when time's up. (requested by JustTheJas)\n|c|\u2606Braxious|im scared\n|c|\u2606JustTheJas|you really shouldnt be\n|\n|t:|1698784385\n|start\n|switch|p1a: Deoxys|Deoxys-Speed|100\/100\n|switch|p2a: Grimmsnarl|Grimmsnarl, M|100\/100\n|-ability|p1a: Deoxys|Pressure\n|turn|1\n|c|\u2606JustTheJas|legendary spam isnt that great tbh\n|c|\u2606Braxious|yeah\n|\n|t:|1698784403\n|move|p1a: Deoxys|Extreme Speed|p2a: Grimmsnarl\n|-damage|p2a: Grimmsnarl|78\/100\n|move|p2a: Grimmsnarl|Taunt|p1a: Deoxys\n|-start|p1a: Deoxys|move: Taunt\n|\n|upkeep\n|turn|2\n|\n|t:|1698784410\n|move|p2a: Grimmsnarl|Reflect|p2a: Grimmsnarl\n|-sidestart|p2: JustTheJas|Reflect\n|move|p1a: Deoxys|Power-Up Punch|p2a: Grimmsnarl\n|-damage|p2a: Grimmsnarl|73\/100\n|-boost|p1a: Deoxys|atk|1\n|\n|upkeep\n|turn|3\n|\n|t:|1698784416\n|move|p2a: Grimmsnarl|Light Screen|p2a: Grimmsnarl\n|-sidestart|p2: JustTheJas|move: Light Screen\n|move|p1a: Deoxys|Power-Up Punch|p2a: Grimmsnarl\n|-damage|p2a: Grimmsnarl|64\/100\n|-boost|p1a: Deoxys|atk|1\n|\n|upkeep\n|turn|4\n|\n|t:|1698784422\n|move|p2a: Grimmsnarl|Parting Shot|p1a: Deoxys\n|-unboost|p1a: Deoxys|atk|1\n|-unboost|p1a: Deoxys|spa|1\n|\n|t:|1698784425\n|switch|p2a: Annihilape|Annihilape, M|100\/100|[from] Parting Shot\n|move|p1a: Deoxys|Power-Up Punch|p2a: Annihilape\n|-immune|p2a: Annihilape\n|\n|-end|p1a: Deoxys|move: Taunt\n|upkeep\n|turn|5\n|\n|t:|1698784435\n|move|p1a: Deoxys|Pursuit|p2a: Annihilape\n|-damage|p2a: Annihilape|92\/100\n|move|p2a: Annihilape|Bulk Up|p2a: Annihilape\n|-boost|p2a: Annihilape|atk|1\n|-boost|p2a: Annihilape|def|1\n|\n|upkeep\n|turn|6\n|c|\u2606Braxious|wow.\n|c|\u2606Braxious|yeah im scared now.\n|\n|t:|1698784445\n|move|p1a: Deoxys|Pursuit|p2a: Annihilape\n|-damage|p2a: Annihilape|87\/100\n|move|p2a: Annihilape|Bulk Up|p2a: Annihilape\n|-boost|p2a: Annihilape|atk|1\n|-boost|p2a: Annihilape|def|1\n|\n|upkeep\n|turn|7\n|\n|t:|1698784452\n|move|p1a: Deoxys|Pursuit|p2a: Annihilape\n|-damage|p2a: Annihilape|83\/100\n|move|p2a: Annihilape|Rage Fist|p1a: Deoxys\n|-supereffective|p1a: Deoxys\n|-damage|p1a: Deoxys|0 fnt\n|faint|p1a: Deoxys\n|\n|upkeep\n|\n|t:|1698784460\n|switch|p1a: Shaymin|Shaymin-Sky|100\/100\n|turn|8\n|\n|t:|1698784469\n|move|p1a: Shaymin|Air Slash|p2a: Annihilape\n|-supereffective|p2a: Annihilape\n|-damage|p2a: Annihilape|54\/100\n|cant|p2a: Annihilape|flinch\n|\n|upkeep\n|turn|9\n|\n|t:|1698784474\n|move|p1a: Shaymin|Air Slash|p2a: Annihilape\n|-supereffective|p2a: Annihilape\n|-damage|p2a: Annihilape|28\/100\n|cant|p2a: Annihilape|flinch\n|\n|-sideend|p2: JustTheJas|Reflect\n|upkeep\n|turn|10\n|c|\u2606Braxious|w\n|c|\u2606Braxious|w\n|c|\u2606Braxious|w\n|\n|t:|1698784481\n|move|p1a: Shaymin|Air Slash|p2a: Annihilape\n|-supereffective|p2a: Annihilape\n|-damage|p2a: Annihilape|0 fnt\n|faint|p2a: Annihilape\n|\n|-sideend|p2: JustTheJas|move: Light Screen\n|upkeep\n|\n|t:|1698784486\n|switch|p2a: Regieleki|Regieleki|100\/100\n|turn|11\n|\n|t:|1698784489\n|-terastallize|p2a: Regieleki|Ice\n|move|p2a: Regieleki|Tera Blast|p1a: Shaymin|[anim] Tera Blast Ice\n|-supereffective|p1a: Shaymin\n|-damage|p1a: Shaymin|0 fnt\n|faint|p1a: Shaymin\n|\n|upkeep\n|\n|t:|1698784495\n|switch|p1a: Basculegion|Basculegion-F, F, shiny|100\/100\n|turn|12\n|\n|t:|1698784503\n|move|p2a: Regieleki|Rain Dance|p2a: Regieleki\n|-weather|RainDance\n|move|p1a: Basculegion|Last Respects|p2a: Regieleki\n|-damage|p2a: Regieleki|28\/100\n|\n|-weather|RainDance|[upkeep]\n|upkeep\n|turn|13\n|\n|t:|1698784509\n|move|p2a: Regieleki|Thunder|p1a: Basculegion\n|-supereffective|p1a: Basculegion\n|-damage|p1a: Basculegion|7\/100\n|move|p1a: Basculegion|Last Respects|p2a: Regieleki\n|-damage|p2a: Regieleki|0 fnt\n|faint|p2a: Regieleki\n|\n|-weather|RainDance|[upkeep]\n|upkeep\n|\n|t:|1698784517\n|switch|p2a: Groudon|Groudon|100\/100\n|detailschange|p2a: Groudon|Groudon-Primal\n|-primal|p2a: Groudon|Red Orb\n|-weather|DesolateLand|[from] ability: Desolate Land|[of] p2a: Groudon\n|turn|14\n|\n|t:|1698784545\n|move|p2a: Groudon|Fire Punch|p1a: Basculegion\n|-resisted|p1a: Basculegion\n|-damage|p1a: Basculegion|0 fnt\n|faint|p1a: Basculegion\n|\n|-weather|DesolateLand|[upkeep]\n|upkeep\n|c|\u2606Braxious|well.\n|inactive|Braxious has 120 seconds left.\n|\n|t:|1698784556\n|switch|p1a: Ogerpon|Ogerpon-Hearthflame, F|100\/100\n|-ability|p1a: Ogerpon|Mold Breaker\n|turn|15\n|\n|t:|1698784564\n|move|p1a: Ogerpon|Ivy Cudgel|p2a: Groudon\n|-resisted|p2a: Groudon\n|-damage|p2a: Groudon|72\/100\n|move|p2a: Groudon|Precipice Blades|p1a: Ogerpon\n|-damage|p1a: Ogerpon|5\/100\n|\n|-weather|DesolateLand|[upkeep]\n|upkeep\n|turn|16\n|\n|t:|1698784570\n|move|p1a: Ogerpon|Ivy Cudgel|p2a: Groudon\n|-resisted|p2a: Groudon\n|-damage|p2a: Groudon|45\/100\n|move|p2a: Groudon|Fire Punch|p1a: Ogerpon\n|-damage|p1a: Ogerpon|0 fnt\n|faint|p1a: Ogerpon\n|\n|-weather|DesolateLand|[upkeep]\n|upkeep\n|\n|t:|1698784576\n|switch|p1a: Haxorus|Haxorus, M|100\/100\n|-ability|p1a: Haxorus|Mold Breaker\n|turn|17\n|\n|t:|1698784581\n|move|p1a: Haxorus|Dragon Claw|p2a: Groudon\n|-damage|p2a: Groudon|13\/100\n|move|p2a: Groudon|Dragon Claw|p1a: Haxorus\n|-supereffective|p1a: Haxorus\n|-damage|p1a: Haxorus|17\/100\n|\n|-weather|DesolateLand|[upkeep]\n|upkeep\n|turn|18\n|c|\u2606Braxious|OH YES\n|\n|t:|1698784589\n|move|p1a: Haxorus|Dragon Claw|p2a: Groudon\n|-damage|p2a: Groudon|0 fnt\n|faint|p2a: Groudon\n|-weather|none\n|\n|upkeep\n|\n|t:|1698784593\n|switch|p2a: Salamence|Salamence, M|100\/100\n|-ability|p2a: Salamence|Intimidate|boost\n|-unboost|p1a: Haxorus|atk|1\n|turn|19\n|\n|t:|1698784600\n|detailschange|p2a: Salamence|Salamence-Mega, M\n|-mega|p2a: Salamence|Salamence|Salamencite\n|-terastallize|p1a: Haxorus|Steel\n|move|p2a: Salamence|Dragon Claw|p1a: Haxorus\n|-resisted|p1a: Haxorus\n|-damage|p1a: Haxorus|0 fnt\n|faint|p1a: Haxorus\n|\n|upkeep\n|\n|t:|1698784607\n|switch|p1a: Trevenant|Trevenant, F, shiny|100\/100\n|turn|20\n|c|\u2606Braxious|gg\n|\n|t:|1698784615\n|move|p2a: Salamence|Return|p1a: Trevenant\n|-supereffective|p1a: Trevenant\n|-damage|p1a: Trevenant|0 fnt\n|faint|p1a: Trevenant\n|\n|win|JustTheJas\n|raw|Braxious's rating: 1073 &rarr; <strong>1059<\/strong><br \/>(-14 for losing)\n|raw|JustTheJas's rating: 1199 &rarr; <strong>1215<\/strong><br \/>(+16 for winning)\n|c|\u2606JustTheJas|gg\n|c|\u2606Braxious|wait what\n|c|\u2606JustTheJas|???\n|c|\u2606Braxious|return is normal type\n|c|\u2606Braxious|??\n|c|\u2606Braxious|OH\n|c|\u2606Braxious|WAIT NVM\n|c|\u2606JustTheJas|Aerilate turned it into a flying type attack\n|c|\u2606JustTheJas|LOL\n|c|\u2606Braxious|YEAH\n|l|\u2606Braxious\n","uploadtime":1698784656,"views":5,"p1id":"braxious","p2id":"justthejas","formatid":"gen9nationaldexubers","rating":1059,"private":0,"password":""}