{"id":"gen9nationaldexubers-1978244426","p1":"YouTrashBoi123456","p2":"EndominusRex430","format":"[Gen 9] National Dex Ubers","log":"|j|\u2606YouTrashBoi123456\n|j|\u2606EndominusRex430\n|t:|1698516483\n|gametype|singles\n|player|p1|YouTrashBoi123456|2|1094\n|player|p2|EndominusRex430|bugcatcher-gen4dp|1000\n|teamsize|p1|6\n|teamsize|p2|6\n|gen|9\n|tier|[Gen 9] National Dex Ubers\n|rated|\n|rule|HP Percentage Mod: HP is shown in percentages\n|rule|Endless Battle Clause: Forcing endless battles is banned\n|rule|OHKO Clause: OHKO moves are banned\n|rule|Evasion Moves Clause: Evasion moves are banned\n|rule|Evasion Items Clause: Evasion items are banned\n|rule|Species Clause: Limit one of each Pok\u00e9mon\n|rule|Sleep Clause Mod: Limit one foe put to sleep\n|rule|Mega Rayquaza Clause: You cannot mega evolve Rayquaza\n|clearpoke\n|poke|p1|Zacian-*|\n|poke|p1|Dracovish|\n|poke|p1|Palafin, M|\n|poke|p1|Whimsicott, L1, F|\n|poke|p1|Marshadow|\n|poke|p1|Blaziken, M|\n|poke|p2|Arctozolt|\n|poke|p2|Tyrantrum, F|\n|poke|p2|Aurorus, F|\n|poke|p2|Sceptile, F|\n|poke|p2|Dracovish|\n|poke|p2|Salamence, F|\n|teampreview\n|inactive|Battle timer is ON: inactive players will automatically lose when time's up. (requested by YouTrashBoi123456)\n|\n|t:|1698516503\n|start\n|switch|p1a: Blaziken|Blaziken, M|100\/100\n|switch|p2a: Aurorus|Aurorus, F|100\/100\n|-weather|Snow|[from] ability: Snow Warning|[of] p2a: Aurorus\n|turn|1\n|inactive|EndominusRex430 has 120 seconds left.\n|inactive|EndominusRex430 has 90 seconds left.\n|c|\u2606YouTrashBoi123456|go\n|c|\u2606YouTrashBoi123456|cmon\n|c|\u2606YouTrashBoi123456|decide\n|inactive|EndominusRex430 has 60 seconds left.\n|\n|t:|1698516598\n|switch|p2a: Arctozolt|Arctozolt|100\/100\n|detailschange|p1a: Blaziken|Blaziken-Mega, M\n|-mega|p1a: Blaziken|Blaziken|Blazikenite\n|move|p1a: Blaziken|Swords Dance|p1a: Blaziken\n|-boost|p1a: Blaziken|atk|2\n|\n|-weather|Snow|[upkeep]\n|-ability|p1a: Blaziken|Speed Boost|boost\n|-boost|p1a: Blaziken|spe|1\n|upkeep\n|turn|2\n|inactive|EndominusRex430 has 60 seconds left.\n|\n|t:|1698516610\n|move|p1a: Blaziken|Close Combat|p2a: Arctozolt\n|-supereffective|p2a: Arctozolt\n|-damage|p2a: Arctozolt|0 fnt\n|-unboost|p1a: Blaziken|def|1\n|-unboost|p1a: Blaziken|spd|1\n|faint|p2a: Arctozolt\n|\n|-weather|Snow|[upkeep]\n|-ability|p1a: Blaziken|Speed Boost|boost\n|-boost|p1a: Blaziken|spe|1\n|upkeep\n|inactive|EndominusRex430 has 60 seconds left.\n|\n|t:|1698516619\n|switch|p2a: Salamence|Salamence, F|100\/100\n|-ability|p2a: Salamence|Intimidate|boost\n|-unboost|p1a: Blaziken|atk|1\n|turn|3\n|\n|t:|1698516627\n|detailschange|p2a: Salamence|Salamence-Mega, F\n|-mega|p2a: Salamence|Salamence|Salamencite\n|move|p1a: Blaziken|Close Combat|p2a: Salamence\n|-resisted|p2a: Salamence\n|-damage|p2a: Salamence|56\/100\n|-unboost|p1a: Blaziken|def|1\n|-unboost|p1a: Blaziken|spd|1\n|move|p2a: Salamence|Dragon Dance|p2a: Salamence\n|-boost|p2a: Salamence|atk|1\n|-boost|p2a: Salamence|spe|1\n|\n|-weather|Snow|[upkeep]\n|-ability|p1a: Blaziken|Speed Boost|boost\n|-boost|p1a: Blaziken|spe|1\n|upkeep\n|turn|4\n|\n|t:|1698516638\n|move|p1a: Blaziken|Swords Dance|p1a: Blaziken\n|-boost|p1a: Blaziken|atk|2\n|move|p2a: Salamence|Outrage|p1a: Blaziken\n|-damage|p1a: Blaziken|0 fnt\n|faint|p1a: Blaziken\n|\n|-weather|Snow|[upkeep]\n|upkeep\n|\n|t:|1698516647\n|switch|p1a: cheese|Whimsicott, L1, F, shiny|100\/100\n|turn|5\n|\n|t:|1698516656\n|move|p1a: cheese|Leech Seed|p2a: Salamence\n|-start|p2a: Salamence|move: Leech Seed\n|move|p2a: Salamence|Outrage|p1a: cheese|[from]lockedmove\n|-immune|p1a: cheese\n|-start|p2a: Salamence|confusion|[fatigue]\n|\n|-weather|none\n|-damage|p2a: Salamence|44\/100|[from] Leech Seed|[of] p1a: cheese\n|upkeep\n|turn|6\n|\n|t:|1698516675\n|move|p1a: cheese|Substitute|p1a: cheese\n|-start|p1a: cheese|Substitute\n|-damage|p1a: cheese|77\/100\n|-activate|p2a: Salamence|confusion\n|move|p2a: Salamence|Double-Edge|p1a: cheese\n|-supereffective|p1a: cheese\n|-end|p1a: cheese|Substitute\n|-damage|p2a: Salamence|43\/100|[from] Recoil|[of] p1a: cheese\n|\n|-damage|p2a: Salamence|31\/100|[from] Leech Seed|[of] p1a: cheese\n|-heal|p1a: cheese|100\/100|[silent]\n|upkeep\n|turn|7\n|\n|t:|1698516685\n|move|p1a: cheese|Substitute|p1a: cheese\n|-start|p1a: cheese|Substitute\n|-damage|p1a: cheese|77\/100\n|-activate|p2a: Salamence|confusion\n|move|p2a: Salamence|Double-Edge|p1a: cheese\n|-supereffective|p1a: cheese\n|-end|p1a: cheese|Substitute\n|-damage|p2a: Salamence|31\/100|[from] Recoil|[of] p1a: cheese\n|\n|-damage|p2a: Salamence|18\/100|[from] Leech Seed|[of] p1a: cheese\n|-heal|p1a: cheese|100\/100|[silent]\n|upkeep\n|turn|8\n|\n|t:|1698516696\n|move|p1a: cheese|Substitute|p1a: cheese\n|-start|p1a: cheese|Substitute\n|-damage|p1a: cheese|77\/100\n|-end|p2a: Salamence|confusion\n|move|p2a: Salamence|Double-Edge|p1a: cheese\n|-supereffective|p1a: cheese\n|-end|p1a: cheese|Substitute\n|-damage|p2a: Salamence|18\/100|[from] Recoil|[of] p1a: cheese\n|\n|-damage|p2a: Salamence|6\/100|[from] Leech Seed|[of] p1a: cheese\n|-heal|p1a: cheese|100\/100|[silent]\n|upkeep\n|turn|9\n|-message|EndominusRex430 forfeited.\n|\n|win|YouTrashBoi123456\n|raw|YouTrashBoi123456's rating: 1094 &rarr; <strong>1113<\/strong><br \/>(+19 for winning)\n|raw|EndominusRex430's rating: 1000 &rarr; <strong>1000<\/strong><br \/>(+0 for losing)\n|l|\u2606EndominusRex430\n","uploadtime":1698516721,"views":9,"p1id":"youtrashboi123456","p2id":"endominusrex430","formatid":"gen9nationaldexubers","rating":1000,"private":0,"password":""}