{"id":"gen9nationaldexubers-1987351970","p1":"Rhyfinn sr.","p2":"85792195wwww","format":"[Gen 9] National Dex Ubers","log":"|j|\u2606Rhyfinn sr.\n|j|\u260685792195wwww\n|t:|1699580730\n|gametype|singles\n|player|p1|Rhyfinn sr.|alder|1364\n|player|p2|85792195wwww|mira|1517\n|teamsize|p1|6\n|teamsize|p2|6\n|gen|9\n|tier|[Gen 9] National Dex Ubers\n|rated|\n|rule|HP Percentage Mod: HP is shown in percentages\n|rule|Endless Battle Clause: Forcing endless battles is banned\n|rule|OHKO Clause: OHKO moves are banned\n|rule|Evasion Moves Clause: Evasion moves are banned\n|rule|Evasion Items Clause: Evasion items are banned\n|rule|Species Clause: Limit one of each Pok\u00e9mon\n|rule|Sleep Clause Mod: Limit one foe put to sleep\n|rule|Mega Rayquaza Clause: You cannot mega evolve Rayquaza\n|clearpoke\n|poke|p1|Groudon|\n|poke|p1|Xerneas-*|\n|poke|p1|Marshadow|\n|poke|p1|Necrozma-Dusk-Mane|\n|poke|p1|Deoxys-Speed|\n|poke|p1|Kyurem-White|\n|poke|p2|Kyurem-Black|\n|poke|p2|Krookodile, M|\n|poke|p2|Gholdengo|\n|poke|p2|Groudon|\n|poke|p2|Arceus-Ground|\n|poke|p2|Ribombee, F|\n|teampreview\n|inactive|Battle timer is ON: inactive players will automatically lose when time's up. (requested by Rhyfinn sr.)\n|\n|t:|1699580748\n|start\n|switch|p1a: Deoxys|Deoxys-Speed|100\/100\n|switch|p2a: Krookodile|Krookodile, M|100\/100\n|-ability|p1a: Deoxys|Pressure\n|-ability|p2a: Krookodile|Intimidate|boost\n|-unboost|p1a: Deoxys|atk|1\n|turn|1\n|\n|t:|1699580761\n|move|p1a: Deoxys|Taunt|p2a: Krookodile\n|-start|p2a: Krookodile|move: Taunt\n|move|p2a: Krookodile|Bulldoze|p1a: Deoxys\n|-damage|p1a: Deoxys|62\/100\n|-unboost|p1a: Deoxys|spe|1\n|\n|upkeep\n|turn|2\n|\n|t:|1699580769\n|switch|p2a: Ribombee|Ribombee, F|100\/100\n|move|p1a: Deoxys|Stealth Rock|p2a: Ribombee\n|-sidestart|p2: 85792195wwww|move: Stealth Rock\n|\n|upkeep\n|turn|3\n|\n|t:|1699580791\n|switch|p1a: Necrozma|Necrozma-Dusk-Mane, shiny|100\/100\n|move|p2a: Ribombee|Sticky Web|p1a: Necrozma\n|-sidestart|p1: Rhyfinn sr.|move: Sticky Web\n|\n|upkeep\n|turn|4\n|\n|t:|1699580803\n|move|p2a: Ribombee|Defog|p1a: Necrozma\n|-unboost|p1a: Necrozma|evasion|1\n|-sideend|p1: Rhyfinn sr.|Sticky Web|[from] move: Defog|[of] p2a: Ribombee\n|-sideend|p2: 85792195wwww|Stealth Rock|[from] move: Defog|[of] p2a: Ribombee\n|move|p1a: Necrozma|Dragon Dance|p1a: Necrozma\n|-boost|p1a: Necrozma|atk|1\n|-boost|p1a: Necrozma|spe|1\n|\n|upkeep\n|turn|5\n|\n|t:|1699580825\n|move|p2a: Ribombee|Sticky Web|p1a: Necrozma\n|-sidestart|p1: Rhyfinn sr.|move: Sticky Web\n|move|p1a: Necrozma|Dragon Dance|p1a: Necrozma\n|-boost|p1a: Necrozma|atk|1\n|-boost|p1a: Necrozma|spe|1\n|\n|upkeep\n|turn|6\n|\n|t:|1699580833\n|move|p1a: Necrozma|Sunsteel Strike|p2a: Ribombee\n|-supereffective|p2a: Ribombee\n|-enditem|p2a: Ribombee|Focus Sash\n|-damage|p2a: Ribombee|1\/100\n|move|p2a: Ribombee|Moonblast|p1a: Necrozma\n|-resisted|p1a: Necrozma\n|-damage|p1a: Necrozma|80\/100\n|\n|upkeep\n|turn|7\n|\n|t:|1699580843\n|move|p1a: Necrozma|Sunsteel Strike|p2a: Ribombee\n|-supereffective|p2a: Ribombee\n|-damage|p2a: Ribombee|0 fnt\n|faint|p2a: Ribombee\n|\n|upkeep\n|\n|t:|1699580850\n|switch|p2a: Krookodile|Krookodile, M|100\/100\n|-ability|p2a: Krookodile|Intimidate|boost\n|-unboost|p1a: Necrozma|atk|1\n|turn|8\n|\n|t:|1699580859\n|move|p1a: Necrozma|Sunsteel Strike|p2a: Krookodile\n|-enditem|p2a: Krookodile|Focus Sash\n|-damage|p2a: Krookodile|1\/100\n|move|p2a: Krookodile|Bulldoze|p1a: Necrozma\n|-supereffective|p1a: Necrozma\n|-damage|p1a: Necrozma|46\/100\n|-unboost|p1a: Necrozma|spe|1\n|\n|upkeep\n|turn|9\n|\n|t:|1699580869\n|detailschange|p1a: Necrozma|Necrozma-Ultra, shiny\n|-burst|p1a: Necrozma|Necrozma|Ultranecrozium Z\n|move|p1a: Necrozma|Sunsteel Strike|p2a: Krookodile\n|-damage|p2a: Krookodile|0 fnt\n|faint|p2a: Krookodile\n|\n|upkeep\n|\n|t:|1699580890\n|switch|p2a: Gholdengo|Gholdengo|100\/100\n|-item|p2a: Gholdengo|Air Balloon\n|turn|10\n|\n|t:|1699580901\n|-zpower|p1a: Necrozma\n|move|p1a: Necrozma|Light That Burns the Sky|p2a: Gholdengo|[zeffect]\n|-resisted|p2a: Gholdengo\n|-damage|p2a: Gholdengo|0 fnt\n|-enditem|p2a: Gholdengo|Air Balloon\n|faint|p2a: Gholdengo\n|\n|upkeep\n|\n|t:|1699580910\n|switch|p2a: Arceus|Arceus-Ground|100\/100\n|turn|11\n|\n|t:|1699580916\n|move|p1a: Necrozma|Photon Geyser|p2a: Arceus\n|-damage|p2a: Arceus|28\/100\n|move|p2a: Arceus|Earthquake|p1a: Necrozma\n|-damage|p1a: Necrozma|0 fnt\n|faint|p1a: Necrozma\n|\n|upkeep\n|\n|t:|1699580930\n|switch|p1a: Kyurem|Kyurem-White|100\/100\n|-activate|p1a: Kyurem|move: Sticky Web\n|-unboost|p1a: Kyurem|spe|1\n|-ability|p1a: Kyurem|Turboblaze\n|turn|12\n|\n|t:|1699580937\n|-zpower|p2a: Arceus\n|move|p2a: Arceus|Tectonic Rage|p1a: Kyurem|[zeffect]\n|-damage|p1a: Kyurem|5\/100\n|move|p1a: Kyurem|Ice Beam|p2a: Arceus\n|-supereffective|p2a: Arceus\n|-damage|p2a: Arceus|0 fnt\n|faint|p2a: Arceus\n|\n|upkeep\n|\n|t:|1699580954\n|switch|p2a: Groudon|Groudon|100\/100\n|detailschange|p2a: Groudon|Groudon-Primal\n|-primal|p2a: Groudon|Red Orb\n|-weather|DesolateLand|[from] ability: Desolate Land|[of] p2a: Groudon\n|turn|13\n|\n|t:|1699580972\n|move|p1a: Kyurem|Ice Beam|p2a: Groudon\n|-damage|p2a: Groudon|27\/100\n|move|p2a: Groudon|Ancient Power|p1a: Kyurem\n|-supereffective|p1a: Kyurem\n|-damage|p1a: Kyurem|0 fnt\n|faint|p1a: Kyurem\n|\n|-weather|DesolateLand|[upkeep]\n|upkeep\n|\n|t:|1699580982\n|switch|p1a: Groudon|Groudon, shiny|100\/100\n|-activate|p1a: Groudon|move: Sticky Web\n|-unboost|p1a: Groudon|spe|1\n|detailschange|p1a: Groudon|Groudon-Primal, shiny\n|-primal|p1a: Groudon|Red Orb\n|turn|14\n|\n|t:|1699580989\n|move|p2a: Groudon|Earth Power|p1a: Groudon\n|-supereffective|p1a: Groudon\n|-damage|p1a: Groudon|0 fnt\n|faint|p1a: Groudon\n|\n|-weather|DesolateLand|[upkeep]\n|upkeep\n|\n|t:|1699580999\n|switch|p1a: Xerneas|Xerneas|100\/100\n|-activate|p1a: Xerneas|move: Sticky Web\n|-unboost|p1a: Xerneas|spe|1\n|-ability|p1a: Xerneas|Fairy Aura\n|turn|15\n|-message|85792195wwww forfeited.\n|\n|win|Rhyfinn sr.\n|raw|Rhyfinn sr.'s rating: 1364 &rarr; <strong>1392<\/strong><br \/>(+28 for winning)\n|raw|85792195wwww's rating: 1517 &rarr; <strong>1489<\/strong><br \/>(-28 for losing)\n|l|\u260685792195wwww\n","uploadtime":1699581011,"views":4,"p1id":"rhyfinnsr","p2id":"85792195wwww","formatid":"gen9nationaldexubers","rating":1392,"private":0,"password":""}