{"id":"gen9nationaldexubers-1986145336","p1":"YeagerAG","p2":"Malice Incarnate","format":"[Gen 9] National Dex Ubers","log":"|j|\u2606YeagerAG\n|j|\u2606Malice Incarnate\n|t:|1699454513\n|gametype|singles\n|player|p1|YeagerAG|102|1415\n|player|p2|Malice Incarnate|palmer|1616\n|teamsize|p1|6\n|teamsize|p2|6\n|gen|9\n|tier|[Gen 9] National Dex Ubers\n|rated|\n|rule|HP Percentage Mod: HP is shown in percentages\n|rule|Endless Battle Clause: Forcing endless battles is banned\n|rule|OHKO Clause: OHKO moves are banned\n|rule|Evasion Moves Clause: Evasion moves are banned\n|rule|Evasion Items Clause: Evasion items are banned\n|rule|Species Clause: Limit one of each Pok\u00e9mon\n|rule|Sleep Clause Mod: Limit one foe put to sleep\n|rule|Mega Rayquaza Clause: You cannot mega evolve Rayquaza\n|clearpoke\n|poke|p1|Walking Wake|\n|poke|p1|Groudon|\n|poke|p1|Ogerpon-Hearthflame, F|\n|poke|p1|Ninetales, M|\n|poke|p1|Torkoal, M|\n|poke|p1|Naganadel|\n|poke|p2|Groudon|\n|poke|p2|Arceus-Dark|\n|poke|p2|Ho-Oh|\n|poke|p2|Zygarde|\n|poke|p2|Necrozma-Dusk-Mane|\n|poke|p2|Palkia-Origin|\n|teampreview\n|inactive|Battle timer is ON: inactive players will automatically lose when time's up. (requested by Malice Incarnate)\n|c|\u2606Malice Incarnate|uh\n|c|\u2606Malice Incarnate|3 sun setters\n|\n|t:|1699454542\n|start\n|switch|p1a: Naganadel|Naganadel|100\/100\n|switch|p2a: Palkia|Palkia-Origin|100\/100\n|-ability|p2a: Palkia|Pressure\n|turn|1\n|\n|t:|1699454551\n|switch|p2a: Ho-Oh|Ho-Oh|100\/100\n|move|p1a: Naganadel|Draco Meteor|p2a: Ho-Oh\n|-crit|p2a: Ho-Oh\n|-damage|p2a: Ho-Oh|31\/100\n|-unboost|p1a: Naganadel|spa|2\n|-damage|p1a: Naganadel|91\/100|[from] item: Life Orb\n|\n|upkeep\n|turn|2\n|\n|t:|1699454564\n|switch|p1a: Ninetales|Ninetales, M|100\/100\n|-weather|SunnyDay|[from] ability: Drought|[of] p1a: Ninetales\n|switch|p2a: Necrozma|Necrozma-Dusk-Mane|100\/100\n|\n|-weather|SunnyDay|[upkeep]\n|upkeep\n|turn|3\n|\n|t:|1699454571\n|move|p1a: Ninetales|Overheat|p2a: Necrozma\n|-supereffective|p2a: Necrozma\n|-damage|p2a: Necrozma|0 fnt\n|-unboost|p1a: Ninetales|spa|2\n|faint|p2a: Necrozma\n|\n|-weather|SunnyDay|[upkeep]\n|upkeep\n|\n|t:|1699454578\n|switch|p2a: Palkia|Palkia-Origin|100\/100\n|-ability|p2a: Palkia|Pressure\n|turn|4\n|\n|t:|1699454581\n|move|p2a: Palkia|Substitute|p2a: Palkia\n|-start|p2a: Palkia|Substitute\n|-damage|p2a: Palkia|76\/100\n|move|p1a: Ninetales|Memento||[still]\n|-fail|p1a: Ninetales\n|\n|-weather|SunnyDay|[upkeep]\n|upkeep\n|turn|5\n|\n|t:|1699454586\n|move|p2a: Palkia|Hydro Pump|p1a: Ninetales\n|-supereffective|p1a: Ninetales\n|-damage|p1a: Ninetales|6\/100\n|move|p1a: Ninetales|Healing Wish|p1a: Ninetales\n|faint|p1a: Ninetales\n|\n|-weather|SunnyDay|[upkeep]\n|upkeep\n|\n|t:|1699454597\n|switch|p1a: Groudon|Groudon|100\/100\n|detailschange|p1a: Groudon|Groudon-Primal\n|-primal|p1a: Groudon|Red Orb\n|-weather|DesolateLand|[from] ability: Desolate Land|[of] p1a: Groudon\n|turn|6\n|\n|t:|1699454600\n|move|p2a: Palkia|Spacial Rend|p1a: Groudon\n|-damage|p1a: Groudon|18\/100\n|move|p1a: Groudon|Earthquake|p2a: Palkia\n|-end|p2a: Palkia|Substitute\n|\n|-weather|DesolateLand|[upkeep]\n|upkeep\n|turn|7\n|\n|t:|1699454604\n|move|p2a: Palkia|Spacial Rend|p1a: Groudon\n|-crit|p1a: Groudon\n|-damage|p1a: Groudon|0 fnt\n|faint|p1a: Groudon\n|-weather|none\n|\n|upkeep\n|\n|t:|1699454611\n|switch|p1a: Naganadel|Naganadel|91\/100\n|-heal|p1a: Naganadel|100\/100|[from] move: Healing Wish\n|turn|8\n|\n|t:|1699454616\n|switch|p2a: Groudon|Groudon|100\/100\n|detailschange|p2a: Groudon|Groudon-Primal\n|-primal|p2a: Groudon|Red Orb\n|-weather|DesolateLand|[from] ability: Desolate Land|[of] p2a: Groudon\n|move|p1a: Naganadel|Draco Meteor|p2a: Groudon\n|-damage|p2a: Groudon|33\/100\n|-unboost|p1a: Naganadel|spa|2\n|-damage|p1a: Naganadel|91\/100|[from] item: Life Orb\n|\n|-weather|DesolateLand|[upkeep]\n|upkeep\n|turn|9\n|\n|t:|1699454628\n|move|p1a: Naganadel|Draco Meteor|p2a: Groudon\n|-damage|p2a: Groudon|0 fnt\n|-unboost|p1a: Naganadel|spa|2\n|faint|p2a: Groudon\n|-weather|none\n|-ability|p1a: Naganadel|Beast Boost|boost\n|-boost|p1a: Naganadel|spe|1\n|-damage|p1a: Naganadel|81\/100|[from] item: Life Orb\n|\n|upkeep\n|\n|t:|1699454638\n|switch|p2a: Arceus|Arceus-Dark|100\/100\n|turn|10\n|\n|t:|1699454644\n|switch|p1a: Torkoal|Torkoal, M|100\/100\n|-weather|SunnyDay|[from] ability: Drought|[of] p1a: Torkoal\n|move|p2a: Arceus|Foul Play|p1a: Torkoal\n|-damage|p1a: Torkoal|73\/100\n|\n|-weather|SunnyDay|[upkeep]\n|upkeep\n|turn|11\n|\n|t:|1699454651\n|move|p2a: Arceus|Taunt|p1a: Torkoal\n|-start|p1a: Torkoal|move: Taunt\n|move|p1a: Torkoal|Overheat|p2a: Arceus\n|-damage|p2a: Arceus|42\/100\n|-unboost|p1a: Torkoal|spa|2\n|-enditem|p1a: Torkoal|Eject Pack\n|\n|t:|1699454655\n|switch|p1a: Walking Wake|Walking Wake|100\/100\n|-activate|p1a: Walking Wake|ability: Protosynthesis\n|-start|p1a: Walking Wake|protosynthesisspe\n|\n|-weather|SunnyDay|[upkeep]\n|upkeep\n|turn|12\n|\n|t:|1699454667\n|move|p1a: Walking Wake|Dragon Pulse|p2a: Arceus\n|-damage|p2a: Arceus|14\/100\n|move|p2a: Arceus|Foul Play|p1a: Walking Wake\n|-damage|p1a: Walking Wake|73\/100\n|\n|-weather|SunnyDay|[upkeep]\n|upkeep\n|turn|13\n|\n|t:|1699454677\n|move|p1a: Walking Wake|Hydro Steam|p2a: Arceus\n|-damage|p2a: Arceus|0 fnt\n|faint|p2a: Arceus\n|\n|-weather|SunnyDay|[upkeep]\n|upkeep\n|\n|t:|1699454683\n|switch|p2a: Zygarde|Zygarde|100\/100\n|turn|14\n|\n|t:|1699454687\n|-terastallize|p2a: Zygarde|Fairy\n|-zpower|p1a: Walking Wake\n|move|p1a: Walking Wake|Devastating Drake|p2a: Zygarde|[zeffect]\n|-immune|p2a: Zygarde\n|move|p2a: Zygarde|Glare|p1a: Walking Wake\n|-status|p1a: Walking Wake|par\n|\n|-weather|none\n|-end|p1a: Walking Wake|Protosynthesis\n|upkeep\n|turn|15\n|\n|t:|1699454710\n|move|p2a: Zygarde|Coil|p2a: Zygarde\n|-boost|p2a: Zygarde|atk|1\n|-boost|p2a: Zygarde|def|1\n|-boost|p2a: Zygarde|accuracy|1\n|move|p1a: Walking Wake|Hydro Steam|p2a: Zygarde\n|-damage|p2a: Zygarde|66\/100\n|\n|-heal|p2a: Zygarde|72\/100|[from] item: Leftovers\n|upkeep\n|turn|16\n|\n|t:|1699454715\n|move|p2a: Zygarde|Thousand Arrows|p1a: Walking Wake\n|-damage|p1a: Walking Wake|27\/100 par\n|move|p1a: Walking Wake|Flamethrower|p2a: Zygarde\n|-damage|p2a: Zygarde|47\/100\n|\n|-heal|p2a: Zygarde|53\/100|[from] item: Leftovers\n|upkeep\n|turn|17\n|\n|t:|1699454718\n|move|p2a: Zygarde|Thousand Arrows|p1a: Walking Wake\n|-damage|p1a: Walking Wake|0 fnt\n|faint|p1a: Walking Wake\n|-end|p1a: Walking Wake|Protosynthesis|[silent]\n|\n|-heal|p2a: Zygarde|59\/100|[from] item: Leftovers\n|upkeep\n|\n|t:|1699454723\n|switch|p1a: Naganadel|Naganadel|81\/100\n|turn|18\n|\n|t:|1699454728\n|move|p1a: Naganadel|Sludge Wave|p2a: Zygarde\n|-supereffective|p2a: Zygarde\n|-damage|p2a: Zygarde|0 fnt\n|faint|p2a: Zygarde\n|-ability|p1a: Naganadel|Beast Boost|boost\n|-boost|p1a: Naganadel|spe|1\n|-damage|p1a: Naganadel|71\/100|[from] item: Life Orb\n|\n|upkeep\n|\n|t:|1699454731\n|switch|p2a: Ho-Oh|Ho-Oh|64\/100\n|turn|19\n|\n|t:|1699454734\n|move|p1a: Naganadel|Draco Meteor|p2a: Ho-Oh\n|-damage|p2a: Ho-Oh|14\/100\n|-unboost|p1a: Naganadel|spa|2\n|-damage|p1a: Naganadel|61\/100|[from] item: Life Orb\n|move|p2a: Ho-Oh|Sacred Fire|p1a: Naganadel\n|-resisted|p1a: Naganadel\n|-damage|p1a: Naganadel|27\/100\n|\n|upkeep\n|turn|20\n|\n|t:|1699454738\n|move|p1a: Naganadel|Thunderbolt|p2a: Ho-Oh\n|-supereffective|p2a: Ho-Oh\n|-damage|p2a: Ho-Oh|0 fnt\n|faint|p2a: Ho-Oh\n|-ability|p1a: Naganadel|Beast Boost|boost\n|-boost|p1a: Naganadel|spe|1\n|-damage|p1a: Naganadel|17\/100|[from] item: Life Orb\n|\n|upkeep\n|\n|t:|1699454742\n|switch|p2a: Palkia|Palkia-Origin|76\/100\n|-ability|p2a: Palkia|Pressure\n|turn|21\n|\n|t:|1699454744\n|move|p1a: Naganadel|Draco Meteor|p2a: Palkia\n|-supereffective|p2a: Palkia\n|-damage|p2a: Palkia|0 fnt\n|-unboost|p1a: Naganadel|spa|2\n|faint|p2a: Palkia\n|-damage|p1a: Naganadel|7\/100|[from] item: Life Orb\n|\n|win|YeagerAG\n|raw|YeagerAG's rating: 1415 &rarr; <strong>1445<\/strong><br \/>(+30 for winning)\n|raw|Malice Incarnate's rating: 1616 &rarr; <strong>1586<\/strong><br \/>(-30 for losing)\n","uploadtime":1699454749,"views":39,"p1id":"yeagerag","p2id":"maliceincarnate","formatid":"gen9nationaldexubers","rating":1445,"private":0,"password":""}