{"id":"gen9nationaldexubers-1993663929","p1":"PhoNoodles","p2":"curapica","format":"[Gen 9] National Dex Ubers","log":"|j|\u2606PhoNoodles\n|j|\u2606curapica\n|t:|1700343049\n|gametype|singles\n|player|p1|PhoNoodles|bugcatcher-gen4dp|1143\n|player|p2|curapica|169|1052\n|teamsize|p1|6\n|teamsize|p2|6\n|gen|9\n|tier|[Gen 9] National Dex Ubers\n|rated|\n|rule|HP Percentage Mod: HP is shown in percentages\n|rule|Endless Battle Clause: Forcing endless battles is banned\n|rule|OHKO Clause: OHKO moves are banned\n|rule|Evasion Moves Clause: Evasion moves are banned\n|rule|Evasion Items Clause: Evasion items are banned\n|rule|Species Clause: Limit one of each Pok\u00e9mon\n|rule|Sleep Clause Mod: Limit one foe put to sleep\n|rule|Mega Rayquaza Clause: You cannot mega evolve Rayquaza\n|clearpoke\n|poke|p1|Tyranitar, F|\n|poke|p1|Dracozolt|\n|poke|p1|Dialga|\n|poke|p1|Excadrill, M|\n|poke|p1|Genesect|\n|poke|p1|Hippowdon, M|\n|poke|p2|Kingambit, F|\n|poke|p2|Gholdengo|\n|poke|p2|Golem, F|\n|poke|p2|Darmanitan-Galar, F|\n|poke|p2|Dragapult, F|\n|poke|p2|Salamence, F|\n|teampreview\n|\n|t:|1700343055\n|start\n|switch|p1a: Tyranitar|Tyranitar, F|100\/100\n|switch|p2a: Golem|Golem, F, shiny|100\/100\n|-weather|Sandstorm|[from] ability: Sand Stream|[of] p1a: Tyranitar\n|turn|1\n|\n|t:|1700343060\n|move|p2a: Golem|Stealth Rock|p1a: Tyranitar\n|-sidestart|p1: PhoNoodles|move: Stealth Rock\n|move|p1a: Tyranitar|Stealth Rock|p2a: Golem\n|-sidestart|p2: curapica|move: Stealth Rock\n|\n|-weather|Sandstorm|[upkeep]\n|upkeep\n|turn|2\n|\n|t:|1700343065\n|move|p2a: Golem|Earthquake|p1a: Tyranitar\n|-supereffective|p1a: Tyranitar\n|-damage|p1a: Tyranitar|35\/100\n|move|p1a: Tyranitar|Roar|p2a: Golem\n|drag|p2a: GholdenGOAT|Gholdengo|100\/100\n|-damage|p2a: GholdenGOAT|94\/100|[from] Stealth Rock\n|\n|-weather|Sandstorm|[upkeep]\n|upkeep\n|turn|3\n|\n|t:|1700343074\n|move|p2a: GholdenGOAT|Make It Rain|p1a: Tyranitar\n|-supereffective|p1a: Tyranitar\n|-damage|p1a: Tyranitar|0 fnt\n|-unboost|p2a: GholdenGOAT|spa|1\n|faint|p1a: Tyranitar\n|\n|-weather|Sandstorm|[upkeep]\n|upkeep\n|\n|t:|1700343091\n|switch|p1a: Dialga|Dialga|100\/100\n|-damage|p1a: Dialga|94\/100|[from] Stealth Rock\n|-ability|p1a: Dialga|Pressure\n|turn|4\n|\n|t:|1700343098\n|move|p2a: GholdenGOAT|Thunder Wave|p1a: Dialga\n|-status|p1a: Dialga|par\n|cant|p1a: Dialga|par\n|\n|-weather|Sandstorm|[upkeep]\n|upkeep\n|turn|5\n|\n|t:|1700343111\n|switch|p2a: Golem|Golem, F, shiny|100\/100\n|-damage|p2a: Golem|95\/100|[from] Stealth Rock\n|cant|p1a: Dialga|par\n|\n|-weather|Sandstorm|[upkeep]\n|upkeep\n|turn|6\n|\n|t:|1700343132\n|switch|p1a: Genesect|Genesect|100\/100\n|-damage|p1a: Genesect|88\/100|[from] Stealth Rock\n|-ability|p1a: Genesect|Download|boost\n|-boost|p1a: Genesect|spa|1\n|move|p2a: Golem|Earthquake|p1a: Genesect\n|-damage|p1a: Genesect|16\/100\n|\n|-weather|Sandstorm|[upkeep]\n|upkeep\n|turn|7\n|\n|t:|1700343141\n|move|p1a: Genesect|Giga Drain|p2a: Golem\n|-supereffective|p2a: Golem\n|-damage|p2a: Golem|0 fnt\n|-heal|p1a: Genesect|66\/100|[from] drain|[of] p2a: Golem\n|faint|p2a: Golem\n|\n|-weather|Sandstorm|[upkeep]\n|upkeep\n|\n|t:|1700343149\n|switch|p2a: Darmanitan|Darmanitan-Galar, F, shiny|100\/100\n|-damage|p2a: Darmanitan|76\/100|[from] Stealth Rock\n|turn|8\n|\n|t:|1700343156\n|switch|p1a: Dialga|Dialga|94\/100 par\n|-damage|p1a: Dialga|88\/100 par|[from] Stealth Rock\n|-ability|p1a: Dialga|Pressure\n|move|p2a: Darmanitan|Flare Blitz|p1a: Dialga\n|-damage|p1a: Dialga|43\/100 par\n|-damage|p2a: Darmanitan|60\/100|[from] Recoil\n|\n|-weather|none\n|upkeep\n|turn|9\n|\n|t:|1700343162\n|move|p2a: Darmanitan|Flare Blitz|p1a: Dialga\n|-damage|p1a: Dialga|2\/100 par\n|-damage|p2a: Darmanitan|46\/100|[from] Recoil\n|cant|p1a: Dialga|par\n|\n|upkeep\n|turn|10\n|\n|t:|1700343168\n|move|p2a: Darmanitan|Flare Blitz|p1a: Dialga\n|-damage|p1a: Dialga|0 fnt\n|faint|p1a: Dialga\n|-damage|p2a: Darmanitan|45\/100|[from] Recoil\n|\n|upkeep\n|\n|t:|1700343174\n|switch|p1a: Hippowdon|Hippowdon, M|100\/100\n|-damage|p1a: Hippowdon|94\/100|[from] Stealth Rock\n|-weather|Sandstorm|[from] ability: Sand Stream|[of] p1a: Hippowdon\n|turn|11\n|\n|t:|1700343180\n|switch|p2a: Salamence|Salamence, F, shiny|100\/100\n|-damage|p2a: Salamence|76\/100|[from] Stealth Rock\n|-ability|p2a: Salamence|Intimidate|boost\n|-unboost|p1a: Hippowdon|atk|1\n|move|p1a: Hippowdon|Roar|p2a: Salamence\n|drag|p2a: Dragapult|Dragapult, F|100\/100\n|-damage|p2a: Dragapult|88\/100|[from] Stealth Rock\n|\n|-weather|Sandstorm|[upkeep]\n|-damage|p2a: Dragapult|82\/100|[from] Sandstorm\n|upkeep\n|turn|12\n|\n|t:|1700343193\n|move|p2a: Dragapult|Dragon Darts|p1a: Hippowdon\n|-damage|p1a: Hippowdon|74\/100\n|-anim|p2a: Dragapult|Dragon Darts|p1a: Hippowdon\n|-damage|p1a: Hippowdon|51\/100\n|move|p1a: Hippowdon|Roar|p2a: Dragapult\n|drag|p2a: Kingambit|Kingambit, F, shiny|100\/100\n|-damage|p2a: Kingambit|94\/100|[from] Stealth Rock\n|-activate|p2a: Kingambit|ability: Supreme Overlord\n|-start|p2a: Kingambit|fallen1|[silent]\n|\n|-weather|Sandstorm|[upkeep]\n|upkeep\n|turn|13\n|\n|t:|1700343204\n|-end|p2a: Kingambit|fallen1|[silent]\n|switch|p2a: Salamence|Salamence, F, shiny|76\/100\n|-damage|p2a: Salamence|51\/100|[from] Stealth Rock\n|-ability|p2a: Salamence|Intimidate|boost\n|-unboost|p1a: Hippowdon|atk|1\n|move|p1a: Hippowdon|Body Slam|p2a: Salamence\n|-crit|p2a: Salamence\n|-damage|p2a: Salamence|8\/100\n|\n|-weather|Sandstorm|[upkeep]\n|-damage|p2a: Salamence|2\/100|[from] Sandstorm\n|upkeep\n|turn|14\n|\n|t:|1700343209\n|detailschange|p2a: Salamence|Salamence-Mega, F, shiny\n|-mega|p2a: Salamence|Salamence|Salamencite\n|move|p2a: Salamence|Return|p1a: Hippowdon\n|-damage|p1a: Hippowdon|7\/100\n|move|p1a: Hippowdon|Slack Off|p1a: Hippowdon\n|-heal|p1a: Hippowdon|57\/100\n|\n|-weather|Sandstorm|[upkeep]\n|-damage|p2a: Salamence|0 fnt|[from] Sandstorm\n|faint|p2a: Salamence\n|upkeep\n|\n|t:|1700343216\n|switch|p2a: Darmanitan|Darmanitan-Galar, F, shiny|45\/100\n|-damage|p2a: Darmanitan|20\/100|[from] Stealth Rock\n|turn|15\n|\n|t:|1700343221\n|move|p2a: Darmanitan|Icicle Crash|p1a: Hippowdon\n|-supereffective|p1a: Hippowdon\n|-damage|p1a: Hippowdon|0 fnt\n|faint|p1a: Hippowdon\n|\n|-weather|Sandstorm|[upkeep]\n|-damage|p2a: Darmanitan|14\/100|[from] Sandstorm\n|upkeep\n|\n|t:|1700343230\n|switch|p1a: Dracozolt|Dracozolt|100\/100\n|-damage|p1a: Dracozolt|88\/100|[from] Stealth Rock\n|turn|16\n|\n|t:|1700343235\n|move|p1a: Dracozolt|Bolt Beak|p2a: Darmanitan\n|-damage|p2a: Darmanitan|0 fnt\n|faint|p2a: Darmanitan\n|\n|-weather|Sandstorm|[upkeep]\n|upkeep\n|\n|t:|1700343241\n|switch|p2a: Kingambit|Kingambit, F, shiny|94\/100\n|-damage|p2a: Kingambit|88\/100|[from] Stealth Rock\n|-activate|p2a: Kingambit|ability: Supreme Overlord\n|-start|p2a: Kingambit|fallen3|[silent]\n|turn|17\n|\n|t:|1700343253\n|move|p1a: Dracozolt|Bolt Beak|p2a: Kingambit\n|-damage|p2a: Kingambit|0 fnt\n|faint|p2a: Kingambit\n|-end|p2a: Kingambit|fallen3|[silent]\n|\n|-weather|Sandstorm|[upkeep]\n|upkeep\n|\n|t:|1700343258\n|switch|p2a: GholdenGOAT|Gholdengo|94\/100\n|-damage|p2a: GholdenGOAT|88\/100|[from] Stealth Rock\n|turn|18\n|\n|t:|1700343264\n|-terastallize|p2a: GholdenGOAT|Electric\n|move|p1a: Dracozolt|Bolt Beak|p2a: GholdenGOAT\n|-resisted|p2a: GholdenGOAT\n|-damage|p2a: GholdenGOAT|26\/100\n|move|p2a: GholdenGOAT|Hex|p1a: Dracozolt\n|-damage|p1a: Dracozolt|41\/100\n|\n|-weather|none\n|upkeep\n|turn|19\n|\n|t:|1700343275\n|move|p2a: GholdenGOAT|Hex|p1a: Dracozolt\n|-damage|p1a: Dracozolt|0 fnt\n|faint|p1a: Dracozolt\n|\n|upkeep\n|\n|t:|1700343279\n|switch|p1a: Genesect|Genesect|66\/100\n|-damage|p1a: Genesect|54\/100|[from] Stealth Rock\n|-ability|p1a: Genesect|Download|boost\n|-boost|p1a: Genesect|spa|1\n|turn|20\n|\n|t:|1700343287\n|move|p1a: Genesect|U-turn|p2a: GholdenGOAT\n|-damage|p2a: GholdenGOAT|0 fnt\n|faint|p2a: GholdenGOAT\n|\n|t:|1700343290\n|switch|p1a: Excadrill|Excadrill, M|100\/100|[from] U-turn\n|-damage|p1a: Excadrill|97\/100|[from] Stealth Rock\n|\n|upkeep\n|\n|t:|1700343292\n|switch|p2a: Dragapult|Dragapult, F|82\/100\n|-damage|p2a: Dragapult|70\/100|[from] Stealth Rock\n|turn|21\n|\n|t:|1700343298\n|move|p2a: Dragapult|Dragon Darts|p1a: Excadrill\n|-resisted|p1a: Excadrill\n|-damage|p1a: Excadrill|70\/100\n|-anim|p2a: Dragapult|Dragon Darts|p1a: Excadrill\n|-resisted|p1a: Excadrill\n|-damage|p1a: Excadrill|45\/100\n|move|p1a: Excadrill|Shadow Claw|p2a: Dragapult\n|-supereffective|p2a: Dragapult\n|-damage|p2a: Dragapult|0 fnt\n|faint|p2a: Dragapult\n|\n|win|PhoNoodles\n|raw|PhoNoodles's rating: 1143 &rarr; <strong>1162<\/strong><br \/>(+19 for winning)\n|raw|curapica's rating: 1052 &rarr; <strong>1039<\/strong><br \/>(-13 for losing)\n|l|\u2606curapica\n|c|\u2606PhoNoodles|gg\n","uploadtime":1700343341,"views":8,"p1id":"phonoodles","p2id":"curapica","formatid":"gen9nationaldexubers","rating":1039,"private":0,"password":""}