{"id":"gen9nationaldexubers-1998412119","p1":"Rayqueerza32","p2":"Halo Halo Orange","format":"[Gen 9] National Dex Ubers","log":"|j|\u2606Rayqueerza32\n|j|\u2606Halo Halo Orange\n|t:|1700939415\n|gametype|singles\n|player|p1|Rayqueerza32|palmer|\n|player|p2|Halo Halo Orange|ariana|\n|teamsize|p1|6\n|teamsize|p2|6\n|gen|9\n|tier|[Gen 9] National Dex Ubers\n|rule|HP Percentage Mod: HP is shown in percentages\n|rule|Endless Battle Clause: Forcing endless battles is banned\n|rule|OHKO Clause: OHKO moves are banned\n|rule|Evasion Moves Clause: Evasion moves are banned\n|rule|Evasion Items Clause: Evasion items are banned\n|rule|Species Clause: Limit one of each Pok\u00e9mon\n|rule|Sleep Clause Mod: Limit one foe put to sleep\n|rule|Mega Rayquaza Clause: You cannot mega evolve Rayquaza\n|clearpoke\n|poke|p1|Scizor, F|\n|poke|p1|Landorus-Therian, M|\n|poke|p1|Greninja-*, F|\n|poke|p1|Corviknight, F|\n|poke|p1|Blissey, F|\n|poke|p1|Conkeldurr, F|\n|poke|p2|Garchomp, M|\n|poke|p2|Goodra-Hisui, F|\n|poke|p2|Dragonite, M|\n|poke|p2|Altaria, F|\n|poke|p2|Baxcalibur, M|\n|poke|p2|Giratina|\n|teampreview\n|inactive|Battle timer is ON: inactive players will automatically lose when time's up. (requested by Rayqueerza32)\n|c|\u2606Halo Halo Orange|Gl!\n|c|\u2606Rayqueerza32|tera drag corv\n|c|\u2606Halo Halo Orange|Sick\n|inactive|Halo Halo Orange has 270 seconds left.\n|\n|t:|1700939448\n|start\n|switch|p1a: UUBL|Landorus-Therian, M|100\/100\n|switch|p2a: Garchomp|Garchomp, M|100\/100\n|-ability|p1a: UUBL|Intimidate|boost\n|-unboost|p2a: Garchomp|atk|1\n|turn|1\n|\n|t:|1700939456\n|move|p2a: Garchomp|Stealth Rock|p1a: UUBL\n|-sidestart|p1: Rayqueerza32|move: Stealth Rock\n|move|p1a: UUBL|Swords Dance|p1a: UUBL\n|-boost|p1a: UUBL|atk|2\n|\n|upkeep\n|turn|2\n|\n|t:|1700939461\n|move|p1a: UUBL|Earthquake|p2a: Garchomp\n|-damage|p2a: Garchomp|27\/100\n|move|p2a: Garchomp|Dragon Tail|p1a: UUBL\n|-damage|p1a: UUBL|85\/100\n|drag|p1a: Tinkatrouble|Corviknight, F, shiny|100\/100\n|-damage|p1a: Tinkatrouble|88\/100|[from] Stealth Rock\n|-ability|p1a: Tinkatrouble|Pressure\n|\n|-heal|p2a: Garchomp|34\/100|[from] item: Leftovers\n|-heal|p1a: Tinkatrouble|94\/100|[from] item: Leftovers\n|upkeep\n|turn|3\n|\n|t:|1700939472\n|switch|p2a: Altaria|Altaria, F|100\/100\n|move|p1a: Tinkatrouble|Defog|p2a: Altaria\n|-unboost|p2a: Altaria|evasion|1\n|-sideend|p1: Rayqueerza32|Stealth Rock|[from] move: Defog|[of] p1a: Tinkatrouble\n|\n|-heal|p1a: Tinkatrouble|99\/100|[from] item: Leftovers\n|upkeep\n|turn|4\n|j| AegiSwaggy\n|\n|t:|1700939488\n|detailschange|p2a: Altaria|Altaria-Mega, F\n|-mega|p2a: Altaria|Altaria|Altarianite\n|move|p2a: Altaria|Dragon Dance|p2a: Altaria\n|-boost|p2a: Altaria|atk|1\n|-boost|p2a: Altaria|spe|1\n|move|p1a: Tinkatrouble|U-turn|p2a: Altaria\n|-resisted|p2a: Altaria\n|-damage|p2a: Altaria|93\/100\n|\n|t:|1700939492\n|switch|p1a: Amphinobi|Greninja, F|100\/100|[from] U-turn\n|\n|upkeep\n|turn|5\n|\n|t:|1700939514\n|move|p1a: Amphinobi|Gunk Shot|p2a: Altaria\n|-start|p1a: Amphinobi|typechange|Poison|[from] ability: Protean\n|-supereffective|p2a: Altaria\n|-damage|p2a: Altaria|0 fnt\n|faint|p2a: Altaria\n|\n|upkeep\n|\n|t:|1700939521\n|switch|p2a: Goodra|Goodra-Hisui, F|100\/100\n|turn|6\n|\n|t:|1700939538\n|switch|p1a: Honkeldurr|Conkeldurr, F|100\/100\n|switch|p2a: Giratina|Giratina|100\/100\n|-ability|p2a: Giratina|Pressure\n|\n|-status|p1a: Honkeldurr|brn|[from] item: Flame Orb\n|upkeep\n|turn|7\n|\n|t:|1700939548\n|move|p2a: Giratina|Hex|p1a: Honkeldurr\n|-damage|p1a: Honkeldurr|44\/100 brn\n|move|p1a: Honkeldurr|Knock Off|p2a: Giratina\n|-supereffective|p2a: Giratina\n|-damage|p2a: Giratina|31\/100\n|-enditem|p2a: Giratina|Leftovers|[from] move: Knock Off|[of] p1a: Honkeldurr\n|\n|-damage|p1a: Honkeldurr|38\/100 brn|[from] brn\n|upkeep\n|turn|8\n|\n|t:|1700939554\n|switch|p1a: Amphinobi|Greninja, F|100\/100\n|move|p2a: Giratina|Hex|p1a: Amphinobi\n|-resisted|p1a: Amphinobi\n|-damage|p1a: Amphinobi|84\/100\n|\n|upkeep\n|turn|9\n|\n|t:|1700939557\n|move|p2a: Giratina|Protect|p2a: Giratina\n|-singleturn|p2a: Giratina|Protect\n|move|p1a: Amphinobi|Ice Beam|p2a: Giratina\n|-start|p1a: Amphinobi|typechange|Ice|[from] ability: Protean\n|-activate|p2a: Giratina|move: Protect\n|\n|upkeep\n|turn|10\n|\n|t:|1700939564\n|switch|p1a: UUBL|Landorus-Therian, M|85\/100\n|-ability|p1a: UUBL|Intimidate|boost\n|-unboost|p2a: Giratina|atk|1\n|switch|p2a: Goodra|Goodra-Hisui, F|100\/100\n|\n|upkeep\n|turn|11\n|\n|t:|1700939569\n|switch|p2a: Dragonite|Dragonite, M|100\/100\n|move|p1a: UUBL|Earthquake|p2a: Dragonite\n|-immune|p2a: Dragonite\n|\n|upkeep\n|turn|12\n|\n|t:|1700939576\n|move|p2a: Dragonite|Dragon Dance|p2a: Dragonite\n|-boost|p2a: Dragonite|atk|1\n|-boost|p2a: Dragonite|spe|1\n|-zpower|p1a: UUBL\n|move|p1a: UUBL|Continental Crush|p2a: Dragonite|[zeffect]\n|-supereffective|p2a: Dragonite\n|-damage|p2a: Dragonite|18\/100\n|\n|upkeep\n|turn|13\n|\n|t:|1700939592\n|switch|p1a: Faberge|Scizor, F|100\/100\n|move|p2a: Dragonite|Extreme Speed|p1a: Faberge\n|-resisted|p1a: Faberge\n|-damage|p1a: Faberge|84\/100\n|\n|upkeep\n|turn|14\n|\n|t:|1700939598\n|switch|p2a: Goodra|Goodra-Hisui, F|100\/100\n|detailschange|p1a: Faberge|Scizor-Mega, F\n|-mega|p1a: Faberge|Scizor|Scizorite\n|move|p1a: Faberge|Bullet Punch|p2a: Goodra\n|-resisted|p2a: Goodra\n|-damage|p2a: Goodra|86\/100\n|\n|-heal|p2a: Goodra|93\/100|[from] item: Leftovers\n|upkeep\n|turn|15\n|\n|t:|1700939607\n|switch|p1a: Fat Fuck Friday|Blissey, F|100\/100\n|move|p2a: Goodra|Body Press|p1a: Fat Fuck Friday\n|-supereffective|p1a: Fat Fuck Friday\n|-damage|p1a: Fat Fuck Friday|70\/100\n|\n|-heal|p2a: Goodra|99\/100|[from] item: Leftovers\n|upkeep\n|turn|16\n|\n|t:|1700939615\n|switch|p1a: UUBL|Landorus-Therian, M|85\/100\n|-ability|p1a: UUBL|Intimidate|boost\n|-unboost|p2a: Goodra|atk|1\n|move|p2a: Goodra|Body Press|p1a: UUBL\n|-resisted|p1a: UUBL\n|-damage|p1a: UUBL|76\/100\n|\n|-heal|p2a: Goodra|100\/100|[from] item: Leftovers\n|upkeep\n|turn|17\n|\n|t:|1700939620\n|switch|p2a: Garchomp|Garchomp, M|34\/100\n|move|p1a: UUBL|Stealth Rock|p2a: Garchomp\n|-sidestart|p2: Halo Halo Orange|move: Stealth Rock\n|\n|-heal|p2a: Garchomp|40\/100|[from] item: Leftovers\n|upkeep\n|turn|18\n|\n|t:|1700939624\n|move|p2a: Garchomp|Stealth Rock|p1a: UUBL\n|-sidestart|p1: Rayqueerza32|move: Stealth Rock\n|move|p1a: UUBL|Earthquake|p2a: Garchomp\n|-damage|p2a: Garchomp|1\/100\n|\n|-heal|p2a: Garchomp|7\/100|[from] item: Leftovers\n|upkeep\n|turn|19\n|\n|t:|1700939636\n|move|p2a: Garchomp|Spikes|p1a: UUBL\n|-sidestart|p1: Rayqueerza32|Spikes\n|move|p1a: UUBL|Earthquake|p2a: Garchomp\n|-damage|p2a: Garchomp|0 fnt\n|faint|p2a: Garchomp\n|\n|upkeep\n|inactive|Halo Halo Orange has 270 seconds left.\n|\n|t:|1700939661\n|switch|p2a: Dragonite|Dragonite, M|18\/100\n|turn|20\n|\n|t:|1700939663\n|move|p2a: Dragonite|Extreme Speed|p1a: UUBL\n|-damage|p1a: UUBL|48\/100\n|move|p1a: UUBL|Stone Edge|p2a: Dragonite\n|-supereffective|p2a: Dragonite\n|-crit|p2a: Dragonite\n|-damage|p2a: Dragonite|0 fnt\n|faint|p2a: Dragonite\n|\n|upkeep\n|inactive|Halo Halo Orange has 270 seconds left.\n|\n|t:|1700939687\n|switch|p2a: Baxcalibur|Baxcalibur, M|100\/100\n|-damage|p2a: Baxcalibur|76\/100|[from] Stealth Rock\n|turn|21\n|inactive|Halo Halo Orange has 270 seconds left.\n|\n|t:|1700939705\n|switch|p1a: Tinkatrouble|Corviknight, F, shiny|99\/100\n|-damage|p1a: Tinkatrouble|88\/100|[from] Stealth Rock\n|-ability|p1a: Tinkatrouble|Pressure\n|-terastallize|p2a: Baxcalibur|Dragon\n|move|p2a: Baxcalibur|Icicle Spear|p1a: Tinkatrouble\n|-damage|p1a: Tinkatrouble|79\/100\n|-damage|p1a: Tinkatrouble|71\/100\n|-crit|p1a: Tinkatrouble\n|-damage|p1a: Tinkatrouble|58\/100\n|-damage|p1a: Tinkatrouble|49\/100\n|-hitcount|p1a: Tinkatrouble|4\n|\n|-heal|p1a: Tinkatrouble|55\/100|[from] item: Leftovers\n|upkeep\n|turn|22\n|\n|t:|1700939713\n|move|p2a: Baxcalibur|Swords Dance|p2a: Baxcalibur\n|-boost|p2a: Baxcalibur|atk|2\n|move|p1a: Tinkatrouble|Defog|p2a: Baxcalibur\n|-unboost|p2a: Baxcalibur|evasion|1\n|-sideend|p2: Halo Halo Orange|Stealth Rock|[from] move: Defog|[of] p1a: Tinkatrouble\n|-sideend|p1: Rayqueerza32|Spikes|[from] move: Defog|[of] p1a: Tinkatrouble\n|-sideend|p1: Rayqueerza32|Stealth Rock|[from] move: Defog|[of] p1a: Tinkatrouble\n|\n|-heal|p1a: Tinkatrouble|61\/100|[from] item: Leftovers\n|upkeep\n|turn|23\n|inactive|Halo Halo Orange has 270 seconds left.\n|inactive|Halo Halo Orange has 240 seconds left.\n|inactive|Halo Halo Orange has 210 seconds left.\n|\n|t:|1700939789\n|move|p2a: Baxcalibur|Scale Shot|p1a: Tinkatrouble\n|-resisted|p1a: Tinkatrouble\n|-damage|p1a: Tinkatrouble|48\/100\n|-resisted|p1a: Tinkatrouble\n|-damage|p1a: Tinkatrouble|36\/100\n|-resisted|p1a: Tinkatrouble\n|-damage|p1a: Tinkatrouble|24\/100\n|-resisted|p1a: Tinkatrouble\n|-damage|p1a: Tinkatrouble|12\/100\n|-hitcount|p1a: Tinkatrouble|4\n|-unboost|p2a: Baxcalibur|def|1\n|-boost|p2a: Baxcalibur|spe|1\n|move|p1a: Tinkatrouble|U-turn|p2a: Baxcalibur\n|-damage|p2a: Baxcalibur|56\/100\n|\n|t:|1700939797\n|switch|p1a: Amphinobi|Greninja, F|84\/100|[from] U-turn\n|\n|upkeep\n|turn|24\n|inactive|Halo Halo Orange has 210 seconds left.\n|c|\u2606Halo Halo Orange|Pain\n|\n|t:|1700939811\n|move|p1a: Amphinobi|Ice Beam|p2a: Baxcalibur\n|-start|p1a: Amphinobi|typechange|Ice|[from] ability: Protean\n|-supereffective|p2a: Baxcalibur\n|-damage|p2a: Baxcalibur|0 fnt\n|faint|p2a: Baxcalibur\n|\n|upkeep\n|\n|t:|1700939816\n|switch|p2a: Goodra|Goodra-Hisui, F|100\/100\n|turn|25\n|c|\u2606Halo Halo Orange|Gg\n|\n|t:|1700939821\n|switch|p1a: UUBL|Landorus-Therian, M|48\/100\n|-ability|p1a: UUBL|Intimidate|boost\n|-unboost|p2a: Goodra|atk|1\n|move|p2a: Goodra|Body Press|p1a: UUBL\n|-resisted|p1a: UUBL\n|-damage|p1a: UUBL|40\/100\n|\n|upkeep\n|turn|26\n|c|\u2606Rayqueerza32|gg\n|\n|t:|1700939830\n|move|p1a: UUBL|Earthquake|p2a: Goodra\n|-supereffective|p2a: Goodra\n|-damage|p2a: Goodra|0 fnt\n|faint|p2a: Goodra\n|\n|upkeep\n|\n|t:|1700939833\n|switch|p2a: Giratina|Giratina|31\/100\n|-ability|p2a: Giratina|Pressure\n|turn|27\n|\n|t:|1700939838\n|move|p1a: UUBL|Earthquake|p2a: Giratina\n|-damage|p2a: Giratina|0 fnt\n|faint|p2a: Giratina\n|\n|win|Rayqueerza32\n","uploadtime":1700939842,"views":4,"p1id":"rayqueerza32","p2id":"halohaloorange","formatid":"gen9nationaldexubers","rating":0,"private":0,"password":""}