{"id":"gen9nationaldexubers-1991580004","p1":"Rayqueerza32","p2":"Snapteryx","format":"[Gen 9] National Dex Ubers","log":"|j|\u2606Rayqueerza32\n|j|\u2606Snapteryx\n|t:|1700090541\n|gametype|singles\n|player|p1|Rayqueerza32|palmer|\n|player|p2|Snapteryx|allister|\n|teamsize|p1|6\n|teamsize|p2|6\n|gen|9\n|tier|[Gen 9] National Dex Ubers\n|rule|HP Percentage Mod: HP is shown in percentages\n|rule|Endless Battle Clause: Forcing endless battles is banned\n|rule|OHKO Clause: OHKO moves are banned\n|rule|Evasion Moves Clause: Evasion moves are banned\n|rule|Evasion Items Clause: Evasion items are banned\n|rule|Species Clause: Limit one of each Pok\u00e9mon\n|rule|Sleep Clause Mod: Limit one foe put to sleep\n|rule|Mega Rayquaza Clause: You cannot mega evolve Rayquaza\n|clearpoke\n|poke|p1|Scizor, M|\n|poke|p1|Landorus-Therian, M|\n|poke|p1|Greninja-*, F|\n|poke|p1|Corviknight, M|\n|poke|p1|Blissey, F|\n|poke|p1|Conkeldurr, M|\n|poke|p2|Gliscor, M|\n|poke|p2|Corviknight, F|\n|poke|p2|Mantine, F|\n|poke|p2|Rayquaza|\n|poke|p2|Shaymin-Sky|\n|poke|p2|Charizard, M|\n|teampreview\n|inactive|Battle timer is ON: inactive players will automatically lose when time's up. (requested by Rayqueerza32)\n|c|\u2606Rayqueerza32|tera dragon corv\n|inactiveoff|Battle timer is now OFF.\n|c|\u2606Snapteryx|Ok you actually have a great shot with this team\n|\n|t:|1700090594\n|start\n|switch|p1a: Amphinobi|Greninja, F|100\/100\n|switch|p2a: Delta Airlines|Corviknight, F, shiny|100\/100\n|-ability|p2a: Delta Airlines|Pressure\n|turn|1\n|\n|t:|1700090602\n|move|p1a: Amphinobi|Scald|p2a: Delta Airlines\n|-start|p1a: Amphinobi|typechange|Water|[from] ability: Protean\n|-damage|p2a: Delta Airlines|78\/100\n|move|p2a: Delta Airlines|U-turn|p1a: Amphinobi\n|-damage|p1a: Amphinobi|75\/100\n|\n|t:|1700090670\n|switch|p2a: Shaymin|Shaymin-Sky|100\/100|[from] U-turn\n|\n|upkeep\n|turn|2\n|\n|t:|1700090674\n|switch|p1a: Fat Fuck Friday|Blissey, F|100\/100\n|move|p2a: Shaymin|Seed Flare|p1a: Fat Fuck Friday|[miss]\n|-miss|p2a: Shaymin|p1a: Fat Fuck Friday\n|\n|upkeep\n|turn|3\n|\n|t:|1700090684\n|switch|p2a: Snippy Boi|Gliscor, M, shiny|100\/100\n|move|p1a: Fat Fuck Friday|Seismic Toss|p2a: Snippy Boi\n|-damage|p2a: Snippy Boi|72\/100\n|\n|-status|p2a: Snippy Boi|tox|[from] item: Toxic Orb\n|upkeep\n|turn|4\n|\n|t:|1700090690\n|move|p2a: Snippy Boi|U-turn|p1a: Fat Fuck Friday\n|-damage|p1a: Fat Fuck Friday|87\/100\n|\n|t:|1700090691\n|switch|p2a: Delta Airlines|Corviknight, F, shiny|78\/100|[from] U-turn\n|-ability|p2a: Delta Airlines|Pressure\n|move|p1a: Fat Fuck Friday|Teleport|p1a: Fat Fuck Friday\n|\n|t:|1700090698\n|switch|p1a: Honkeldurr|Conkeldurr, M|100\/100|[from] Teleport\n|\n|-heal|p2a: Delta Airlines|85\/100|[from] item: Leftovers\n|-status|p1a: Honkeldurr|brn|[from] item: Flame Orb\n|upkeep\n|turn|5\n|\n|t:|1700090706\n|move|p1a: Honkeldurr|Knock Off|p2a: Delta Airlines\n|-damage|p2a: Delta Airlines|39\/100\n|-enditem|p2a: Delta Airlines|Leftovers|[from] move: Knock Off|[of] p1a: Honkeldurr\n|move|p2a: Delta Airlines|U-turn|p1a: Honkeldurr\n|-resisted|p1a: Honkeldurr\n|-damage|p1a: Honkeldurr|94\/100 brn\n|\n|t:|1700090723\n|switch|p2a: Rayquaza|Rayquaza|100\/100|[from] U-turn\n|-ability|p2a: Rayquaza|Air Lock\n|\n|-damage|p1a: Honkeldurr|88\/100 brn|[from] brn\n|upkeep\n|turn|6\n|\n|t:|1700090731\n|switch|p1a: Tinkatrouble|Corviknight, M|100\/100\n|-ability|p1a: Tinkatrouble|Pressure\n|move|p2a: Rayquaza|Dragon Ascent|p1a: Tinkatrouble\n|-resisted|p1a: Tinkatrouble\n|-damage|p1a: Tinkatrouble|72\/100\n|-unboost|p2a: Rayquaza|def|1\n|-unboost|p2a: Rayquaza|spd|1\n|-damage|p2a: Rayquaza|84\/100|[from] item: Rocky Helmet|[of] p1a: Tinkatrouble\n|-damage|p2a: Rayquaza|74\/100|[from] item: Life Orb\n|\n|upkeep\n|turn|7\n|\n|t:|1700090767\n|switch|p1a: UUBL|Landorus-Therian, M|100\/100\n|-ability|p1a: UUBL|Intimidate|boost\n|-unboost|p2a: Rayquaza|atk|1\n|move|p2a: Rayquaza|V-create|p1a: UUBL\n|-damage|p1a: UUBL|27\/100\n|-unboost|p2a: Rayquaza|spe|1\n|-unboost|p2a: Rayquaza|def|1\n|-unboost|p2a: Rayquaza|spd|1\n|-damage|p2a: Rayquaza|64\/100|[from] item: Life Orb\n|\n|upkeep\n|turn|8\n|\n|t:|1700090795\n|switch|p2a: Delta Airlines|Corviknight, F, shiny|39\/100\n|-ability|p2a: Delta Airlines|Pressure\n|-zpower|p1a: UUBL\n|move|p1a: UUBL|Continental Crush|p2a: Delta Airlines|[zeffect]\n|-damage|p2a: Delta Airlines|0 fnt\n|faint|p2a: Delta Airlines\n|\n|upkeep\n|c|\u2606Rayqueerza32|dang, he switched\n|\n|t:|1700090849\n|switch|p2a: Snippy Boi|Gliscor, M, shiny|72\/100 tox\n|turn|9\n|\n|t:|1700090853\n|move|p1a: UUBL|Stealth Rock|p2a: Snippy Boi\n|-sidestart|p2: Snapteryx|move: Stealth Rock\n|move|p2a: Snippy Boi|Stealth Rock|p1a: UUBL\n|-sidestart|p1: Rayqueerza32|move: Stealth Rock\n|\n|-heal|p2a: Snippy Boi|85\/100 tox|[from] ability: Poison Heal\n|upkeep\n|turn|10\n|\n|t:|1700090856\n|move|p1a: UUBL|Swords Dance|p1a: UUBL\n|-boost|p1a: UUBL|atk|2\n|move|p2a: Snippy Boi|U-turn|p1a: UUBL\n|-resisted|p1a: UUBL\n|-damage|p1a: UUBL|17\/100\n|\n|t:|1700090876\n|switch|p2a: Charizard|Charizard, M|100\/100|[from] U-turn\n|-damage|p2a: Charizard|51\/100|[from] Stealth Rock\n|\n|upkeep\n|turn|11\n|\n|t:|1700090896\n|detailschange|p2a: Charizard|Charizard-Mega-Y, M\n|-mega|p2a: Charizard|Charizard|Charizardite Y\n|-weather|SunnyDay|[from] ability: Drought|[of] p2a: Charizard\n|move|p2a: Charizard|Flamethrower|p1a: UUBL\n|-damage|p1a: UUBL|0 fnt\n|faint|p1a: UUBL\n|\n|-weather|SunnyDay|[upkeep]\n|upkeep\n|\n|t:|1700090905\n|switch|p1a: Amphinobi|Greninja, F|75\/100\n|-damage|p1a: Amphinobi|63\/100|[from] Stealth Rock\n|turn|12\n|\n|t:|1700090918\n|move|p1a: Amphinobi|Ice Beam|p2a: Charizard\n|-start|p1a: Amphinobi|typechange|Ice|[from] ability: Protean\n|-damage|p2a: Charizard|17\/100\n|move|p2a: Charizard|Roost|p2a: Charizard\n|-heal|p2a: Charizard|67\/100\n|-singleturn|p2a: Charizard|move: Roost\n|\n|-weather|SunnyDay|[upkeep]\n|upkeep\n|turn|13\n|j| Destinum\n|\n|t:|1700090935\n|switch|p1a: Fat Fuck Friday|Blissey, F|87\/100\n|move|p2a: Charizard|Roost|p2a: Charizard\n|-heal|p2a: Charizard|100\/100\n|-singleturn|p2a: Charizard|move: Roost\n|\n|-weather|SunnyDay|[upkeep]\n|upkeep\n|turn|14\n|\n|t:|1700090945\n|move|p2a: Charizard|Flamethrower|p1a: Fat Fuck Friday\n|-damage|p1a: Fat Fuck Friday|58\/100\n|move|p1a: Fat Fuck Friday|Seismic Toss|p2a: Charizard\n|-damage|p2a: Charizard|67\/100\n|\n|-weather|SunnyDay|[upkeep]\n|upkeep\n|turn|15\n|\n|t:|1700090958\n|move|p2a: Charizard|Flamethrower|p1a: Fat Fuck Friday\n|-damage|p1a: Fat Fuck Friday|30\/100\n|move|p1a: Fat Fuck Friday|Soft-Boiled|p1a: Fat Fuck Friday\n|-heal|p1a: Fat Fuck Friday|80\/100\n|\n|-weather|none\n|upkeep\n|turn|16\n|\n|t:|1700090965\n|move|p2a: Charizard|Flamethrower|p1a: Fat Fuck Friday\n|-damage|p1a: Fat Fuck Friday|62\/100\n|move|p1a: Fat Fuck Friday|Teleport|p1a: Fat Fuck Friday\n|\n|t:|1700090969\n|switch|p1a: Amphinobi|Greninja, F|63\/100|[from] Teleport\n|-damage|p1a: Amphinobi|51\/100|[from] Stealth Rock\n|\n|upkeep\n|turn|17\n|\n|t:|1700090972\n|switch|p2a: Alula|Mantine, F, shiny|100\/100\n|move|p1a: Amphinobi|Scald|p2a: Alula\n|-start|p1a: Amphinobi|typechange|Water|[from] ability: Protean\n|-immune|p2a: Alula|[from] ability: Water Absorb\n|\n|upkeep\n|turn|18\n|\n|t:|1700090988\n|switch|p1a: Fat Fuck Friday|Blissey, F|62\/100\n|switch|p2a: Charizard|Charizard-Mega-Y, M|67\/100\n|-damage|p2a: Charizard|17\/100|[from] Stealth Rock\n|-weather|SunnyDay|[from] ability: Drought|[of] p2a: Charizard\n|\n|-weather|SunnyDay|[upkeep]\n|upkeep\n|turn|19\n|\n|t:|1700090992\n|move|p2a: Charizard|Roost|p2a: Charizard\n|-heal|p2a: Charizard|67\/100\n|-singleturn|p2a: Charizard|move: Roost\n|move|p1a: Fat Fuck Friday|Seismic Toss|p2a: Charizard\n|-damage|p2a: Charizard|33\/100\n|\n|-weather|SunnyDay|[upkeep]\n|upkeep\n|turn|20\n|\n|t:|1700090998\n|move|p2a: Charizard|Roost|p2a: Charizard\n|-heal|p2a: Charizard|84\/100\n|-singleturn|p2a: Charizard|move: Roost\n|move|p1a: Fat Fuck Friday|Soft-Boiled|p1a: Fat Fuck Friday\n|-heal|p1a: Fat Fuck Friday|100\/100\n|\n|-weather|SunnyDay|[upkeep]\n|upkeep\n|turn|21\n|\n|t:|1700091003\n|move|p2a: Charizard|Flamethrower|p1a: Fat Fuck Friday\n|-damage|p1a: Fat Fuck Friday|69\/100\n|move|p1a: Fat Fuck Friday|Seismic Toss|p2a: Charizard\n|-damage|p2a: Charizard|50\/100\n|\n|-weather|SunnyDay|[upkeep]\n|upkeep\n|turn|22\n|\n|t:|1700091006\n|move|p2a: Charizard|Flamethrower|p1a: Fat Fuck Friday\n|-damage|p1a: Fat Fuck Friday|40\/100\n|move|p1a: Fat Fuck Friday|Seismic Toss|p2a: Charizard\n|-damage|p2a: Charizard|16\/100\n|\n|-weather|none\n|upkeep\n|turn|23\n|\n|t:|1700091035\n|move|p2a: Charizard|Flamethrower|p1a: Fat Fuck Friday\n|-damage|p1a: Fat Fuck Friday|20\/100\n|move|p1a: Fat Fuck Friday|Soft-Boiled|p1a: Fat Fuck Friday\n|-heal|p1a: Fat Fuck Friday|70\/100\n|\n|upkeep\n|turn|24\n|\n|t:|1700091039\n|move|p2a: Charizard|Roost|p2a: Charizard\n|-heal|p2a: Charizard|66\/100\n|-singleturn|p2a: Charizard|move: Roost\n|move|p1a: Fat Fuck Friday|Seismic Toss|p2a: Charizard\n|-damage|p2a: Charizard|33\/100\n|\n|upkeep\n|turn|25\n|\n|t:|1700091043\n|move|p2a: Charizard|Roost|p2a: Charizard\n|-heal|p2a: Charizard|83\/100\n|-singleturn|p2a: Charizard|move: Roost\n|move|p1a: Fat Fuck Friday|Seismic Toss|p2a: Charizard\n|-damage|p2a: Charizard|49\/100\n|\n|upkeep\n|turn|26\n|\n|t:|1700091047\n|move|p2a: Charizard|Flamethrower|p1a: Fat Fuck Friday\n|-damage|p1a: Fat Fuck Friday|51\/100\n|move|p1a: Fat Fuck Friday|Toxic|p2a: Charizard\n|-status|p2a: Charizard|tox\n|\n|-damage|p2a: Charizard|43\/100 tox|[from] psn\n|upkeep\n|turn|27\n|\n|t:|1700091056\n|move|p2a: Charizard|Flamethrower|p1a: Fat Fuck Friday\n|-damage|p1a: Fat Fuck Friday|31\/100\n|move|p1a: Fat Fuck Friday|Soft-Boiled|p1a: Fat Fuck Friday\n|-heal|p1a: Fat Fuck Friday|81\/100\n|\n|-damage|p2a: Charizard|31\/100 tox|[from] psn\n|upkeep\n|turn|28\n|c|\u2606Snapteryx|Skymin is so useless here lmao\n|\n|t:|1700091115\n|switch|p2a: Snippy Boi|Gliscor, M, shiny|85\/100 tox\n|-damage|p2a: Snippy Boi|72\/100 tox|[from] Stealth Rock\n|move|p1a: Fat Fuck Friday|Teleport|p1a: Fat Fuck Friday\n|\n|t:|1700091119\n|switch|p1a: Amphinobi|Greninja, F|51\/100|[from] Teleport\n|-damage|p1a: Amphinobi|38\/100|[from] Stealth Rock\n|\n|-heal|p2a: Snippy Boi|85\/100 tox|[from] ability: Poison Heal\n|upkeep\n|turn|29\n|\n|t:|1700091124\n|switch|p2a: Charizard|Charizard-Mega-Y, M|31\/100 tox\n|-damage|p2a: Charizard|0 fnt|[from] Stealth Rock\n|faint|p2a: Charizard\n|move|p1a: Amphinobi|Ice Beam|p2: Charizard|[notarget]\n|-fail|p1a: Amphinobi\n|\n|upkeep\n|\n|t:|1700091129\n|switch|p2a: Alula|Mantine, F, shiny|100\/100\n|turn|30\n|\n|t:|1700091134\n|switch|p1a: Faberge|Scizor, M|100\/100\n|-damage|p1a: Faberge|88\/100|[from] Stealth Rock\n|move|p2a: Alula|Toxic|p1a: Faberge\n|-immune|p1a: Faberge\n|\n|upkeep\n|turn|31\n|\n|t:|1700091139\n|detailschange|p1a: Faberge|Scizor-Mega, M\n|-mega|p1a: Faberge|Scizor|Scizorite\n|move|p1a: Faberge|Swords Dance|p1a: Faberge\n|-boost|p1a: Faberge|atk|2\n|move|p2a: Alula|Scald|p1a: Faberge\n|-damage|p1a: Faberge|66\/100\n|\n|upkeep\n|turn|32\n|\n|t:|1700091155\n|move|p1a: Faberge|Roost|p1a: Faberge\n|-heal|p1a: Faberge|100\/100\n|-singleturn|p1a: Faberge|move: Roost\n|move|p2a: Alula|Scald|p1a: Faberge\n|-damage|p1a: Faberge|77\/100\n|\n|upkeep\n|turn|33\n|\n|t:|1700091164\n|move|p1a: Faberge|Swords Dance|p1a: Faberge\n|-boost|p1a: Faberge|atk|2\n|move|p2a: Alula|Haze|p2a: Alula\n|-clearallboost\n|\n|upkeep\n|turn|34\n|c|\u2606Rayqueerza32|covert cloak x scizorite\n|\n|t:|1700091170\n|move|p1a: Faberge|U-turn|p2a: Alula\n|-resisted|p2a: Alula\n|-damage|p2a: Alula|78\/100\n|\n|t:|1700091174\n|switch|p1a: Honkeldurr|Conkeldurr, M|88\/100 brn|[from] U-turn\n|-damage|p1a: Honkeldurr|82\/100 brn|[from] Stealth Rock\n|move|p2a: Alula|Scald|p1a: Honkeldurr\n|-damage|p1a: Honkeldurr|56\/100 brn\n|\n|-damage|p1a: Honkeldurr|50\/100 brn|[from] brn\n|upkeep\n|turn|35\n|\n|t:|1700091191\n|switch|p2a: Shaymin|Shaymin-Sky|100\/100\n|-damage|p2a: Shaymin|76\/100|[from] Stealth Rock\n|move|p1a: Honkeldurr|Knock Off|p2a: Shaymin\n|-damage|p2a: Shaymin|22\/100\n|\n|-damage|p1a: Honkeldurr|44\/100 brn|[from] brn\n|upkeep\n|turn|36\n|\n|t:|1700091204\n|move|p1a: Honkeldurr|Mach Punch|p2a: Shaymin\n|-resisted|p2a: Shaymin\n|-damage|p2a: Shaymin|0 fnt\n|faint|p2a: Shaymin\n|\n|-damage|p1a: Honkeldurr|38\/100 brn|[from] brn\n|upkeep\n|inactive|Battle timer is ON: inactive players will automatically lose when time's up. (requested by Rayqueerza32)\n|\n|t:|1700091264\n|switch|p2a: Snippy Boi|Gliscor, M, shiny|85\/100 tox\n|-damage|p2a: Snippy Boi|72\/100 tox|[from] Stealth Rock\n|turn|37\n|c|\u2606Rayqueerza32|i got supper on the table man i gotta hurry\n|\n|t:|1700091271\n|move|p2a: Snippy Boi|Earthquake|p1a: Honkeldurr\n|-damage|p1a: Honkeldurr|9\/100 brn\n|move|p1a: Honkeldurr|Close Combat|p2a: Snippy Boi\n|-resisted|p2a: Snippy Boi\n|-damage|p2a: Snippy Boi|37\/100 tox\n|-unboost|p1a: Honkeldurr|def|1\n|-unboost|p1a: Honkeldurr|spd|1\n|\n|-heal|p2a: Snippy Boi|49\/100 tox|[from] ability: Poison Heal\n|-damage|p1a: Honkeldurr|3\/100 brn|[from] brn\n|upkeep\n|turn|38\n|\n|t:|1700091280\n|switch|p1a: Faberge|Scizor-Mega, M|77\/100\n|-damage|p1a: Faberge|64\/100|[from] Stealth Rock\n|move|p2a: Snippy Boi|Roost|p2a: Snippy Boi\n|-heal|p2a: Snippy Boi|99\/100 tox\n|-singleturn|p2a: Snippy Boi|move: Roost\n|\n|-heal|p2a: Snippy Boi|100\/100 tox|[from] ability: Poison Heal\n|upkeep\n|turn|39\n|\n|t:|1700091285\n|move|p1a: Faberge|Roost|p1a: Faberge\n|-heal|p1a: Faberge|100\/100\n|-singleturn|p1a: Faberge|move: Roost\n|move|p2a: Snippy Boi|U-turn|p1a: Faberge\n|-resisted|p1a: Faberge\n|-damage|p1a: Faberge|96\/100\n|\n|t:|1700091287\n|switch|p2a: Alula|Mantine, F, shiny|78\/100|[from] U-turn\n|\n|upkeep\n|turn|40\n|\n|t:|1700091290\n|move|p1a: Faberge|U-turn|p2a: Alula\n|-resisted|p2a: Alula\n|-damage|p2a: Alula|59\/100\n|\n|t:|1700091293\n|switch|p1a: Fat Fuck Friday|Blissey, F|81\/100|[from] U-turn\n|move|p2a: Alula|Scald|p1a: Fat Fuck Friday\n|-damage|p1a: Fat Fuck Friday|72\/100\n|\n|upkeep\n|turn|41\n|\n|t:|1700091300\n|move|p2a: Alula|Toxic|p1a: Fat Fuck Friday\n|-status|p1a: Fat Fuck Friday|tox\n|move|p1a: Fat Fuck Friday|Seismic Toss|p2a: Alula\n|-damage|p2a: Alula|32\/100\n|\n|-damage|p1a: Fat Fuck Friday|66\/100 tox|[from] psn\n|upkeep\n|turn|42\n|\n|t:|1700091304\n|move|p2a: Alula|Roost|p2a: Alula\n|-heal|p2a: Alula|82\/100\n|-singleturn|p2a: Alula|move: Roost\n|move|p1a: Fat Fuck Friday|Toxic|p2a: Alula\n|-status|p2a: Alula|tox\n|\n|-damage|p2a: Alula|76\/100 tox|[from] psn\n|-damage|p1a: Fat Fuck Friday|54\/100 tox|[from] psn\n|upkeep\n|turn|43\n|\n|t:|1700091309\n|switch|p2a: Snippy Boi|Gliscor, M, shiny|100\/100 tox\n|-damage|p2a: Snippy Boi|88\/100 tox|[from] Stealth Rock\n|move|p1a: Fat Fuck Friday|Soft-Boiled|p1a: Fat Fuck Friday\n|-heal|p1a: Fat Fuck Friday|100\/100 tox\n|\n|-heal|p2a: Snippy Boi|100\/100 tox|[from] ability: Poison Heal\n|-damage|p1a: Fat Fuck Friday|82\/100 tox|[from] psn\n|upkeep\n|turn|44\n|\n|t:|1700091321\n|-curestatus|p1a: Fat Fuck Friday|tox|[from] ability: Natural Cure\n|switch|p1a: Honkeldurr|Conkeldurr, M|3\/100 brn\n|-damage|p1a: Honkeldurr|0 fnt|[from] Stealth Rock\n|faint|p1a: Honkeldurr\n|move|p2a: Snippy Boi|Earthquake|p1: Honkeldurr|[notarget]\n|-fail|p2a: Snippy Boi\n|\n|upkeep\n|\n|t:|1700091330\n|switch|p1a: Faberge|Scizor-Mega, M|96\/100\n|-damage|p1a: Faberge|84\/100|[from] Stealth Rock\n|turn|45\n|\n|t:|1700091334\n|move|p1a: Faberge|Swords Dance|p1a: Faberge\n|-boost|p1a: Faberge|atk|2\n|move|p2a: Snippy Boi|U-turn|p1a: Faberge\n|-resisted|p1a: Faberge\n|-damage|p1a: Faberge|80\/100\n|\n|t:|1700091338\n|switch|p2a: Alula|Mantine, F, shiny|76\/100 tox|[from] U-turn\n|\n|-damage|p2a: Alula|70\/100 tox|[from] psn\n|upkeep\n|turn|46\n|\n|t:|1700091353\n|move|p1a: Faberge|U-turn|p2a: Alula\n|-resisted|p2a: Alula\n|-damage|p2a: Alula|28\/100 tox\n|\n|t:|1700091356\n|switch|p1a: Fat Fuck Friday|Blissey, F|82\/100|[from] U-turn\n|move|p2a: Alula|Scald|p1a: Fat Fuck Friday\n|-damage|p1a: Fat Fuck Friday|74\/100\n|-status|p1a: Fat Fuck Friday|brn\n|\n|-damage|p2a: Alula|16\/100 tox|[from] psn\n|-damage|p1a: Fat Fuck Friday|67\/100 brn|[from] brn\n|upkeep\n|turn|47\n|\n|t:|1700091362\n|move|p2a: Alula|Roost|p2a: Alula\n|-heal|p2a: Alula|66\/100 tox\n|-singleturn|p2a: Alula|move: Roost\n|move|p1a: Fat Fuck Friday|Soft-Boiled|p1a: Fat Fuck Friday\n|-heal|p1a: Fat Fuck Friday|100\/100 brn\n|\n|-damage|p2a: Alula|47\/100 tox|[from] psn\n|-damage|p1a: Fat Fuck Friday|94\/100 brn|[from] brn\n|upkeep\n|turn|48\n|\n|t:|1700091383\n|switch|p2a: Snippy Boi|Gliscor, M, shiny|100\/100 tox\n|-damage|p2a: Snippy Boi|88\/100 tox|[from] Stealth Rock\n|move|p1a: Fat Fuck Friday|Teleport|p1a: Fat Fuck Friday\n|\n|t:|1700091386\n|-curestatus|p1a: Fat Fuck Friday|brn|[from] ability: Natural Cure\n|switch|p1a: Amphinobi|Greninja, F|38\/100|[from] Teleport\n|-damage|p1a: Amphinobi|26\/100|[from] Stealth Rock\n|\n|-heal|p2a: Snippy Boi|100\/100 tox|[from] ability: Poison Heal\n|upkeep\n|turn|49\n|\n|t:|1700091397\n|-terastallize|p2a: Snippy Boi|Flying\n|move|p1a: Amphinobi|Ice Beam|p2a: Snippy Boi\n|-start|p1a: Amphinobi|typechange|Ice|[from] ability: Protean\n|-supereffective|p2a: Snippy Boi\n|-damage|p2a: Snippy Boi|32\/100 tox\n|move|p2a: Snippy Boi|Earthquake|p1a: Amphinobi\n|-damage|p1a: Amphinobi|0 fnt\n|faint|p1a: Amphinobi\n|\n|-heal|p2a: Snippy Boi|45\/100 tox|[from] ability: Poison Heal\n|upkeep\n|\n|t:|1700091405\n|switch|p1a: Faberge|Scizor-Mega, M|80\/100\n|-damage|p1a: Faberge|67\/100|[from] Stealth Rock\n|turn|50\n|\n|t:|1700091407\n|move|p1a: Faberge|Roost|p1a: Faberge\n|-heal|p1a: Faberge|100\/100\n|-singleturn|p1a: Faberge|move: Roost\n|move|p2a: Snippy Boi|Earthquake|p1a: Faberge\n|-damage|p1a: Faberge|80\/100\n|\n|-heal|p2a: Snippy Boi|57\/100 tox|[from] ability: Poison Heal\n|upkeep\n|turn|51\n|\n|t:|1700091433\n|move|p1a: Faberge|Swords Dance|p1a: Faberge\n|-boost|p1a: Faberge|atk|2\n|move|p2a: Snippy Boi|U-turn|p1a: Faberge\n|-resisted|p1a: Faberge\n|-damage|p1a: Faberge|76\/100\n|\n|t:|1700091434\n|switch|p2a: Alula|Mantine, F, shiny|47\/100 tox|[from] U-turn\n|\n|-damage|p2a: Alula|41\/100 tox|[from] psn\n|upkeep\n|turn|52\n|\n|t:|1700091446\n|move|p1a: Faberge|Bullet Punch|p2a: Alula\n|-resisted|p2a: Alula\n|-damage|p2a: Alula|4\/100 tox\n|move|p2a: Alula|Scald|p1a: Faberge\n|-damage|p1a: Faberge|54\/100\n|\n|-damage|p2a: Alula|0 fnt|[from] psn\n|faint|p2a: Alula\n|upkeep\n|\n|t:|1700091452\n|switch|p2a: Snippy Boi|Gliscor, M, shiny, tera:Flying|57\/100 tox\n|-damage|p2a: Snippy Boi|32\/100 tox|[from] Stealth Rock\n|turn|53\n|\n|t:|1700091455\n|move|p1a: Faberge|Roost|p1a: Faberge\n|-heal|p1a: Faberge|100\/100\n|-singleturn|p1a: Faberge|move: Roost\n|move|p2a: Snippy Boi|Roost|p2a: Snippy Boi\n|-heal|p2a: Snippy Boi|82\/100 tox\n|-hint|If a Flying Terastallized Pokemon uses Roost, it remains Flying-type.\n|\n|-heal|p2a: Snippy Boi|95\/100 tox|[from] ability: Poison Heal\n|upkeep\n|turn|54\n|\n|t:|1700091461\n|move|p1a: Faberge|Swords Dance|p1a: Faberge\n|-boost|p1a: Faberge|atk|2\n|move|p2a: Snippy Boi|Earthquake|p1a: Faberge\n|-damage|p1a: Faberge|84\/100\n|\n|-heal|p2a: Snippy Boi|100\/100 tox|[from] ability: Poison Heal\n|upkeep\n|turn|55\n|c|\u2606Snapteryx|Ggwp\n|\n|t:|1700091466\n|move|p1a: Faberge|Swords Dance|p1a: Faberge\n|-boost|p1a: Faberge|atk|2\n|move|p2a: Snippy Boi|Earthquake|p1a: Faberge\n|-damage|p1a: Faberge|65\/100\n|\n|upkeep\n|turn|56\n|c|\u2606Rayqueerza32|GG\n|\n|t:|1700091469\n|move|p1a: Faberge|Roost|p1a: Faberge\n|-heal|p1a: Faberge|100\/100\n|-singleturn|p1a: Faberge|move: Roost\n|move|p2a: Snippy Boi|Earthquake|p1a: Faberge\n|-damage|p1a: Faberge|80\/100\n|\n|upkeep\n|turn|57\n|\n|t:|1700091471\n|move|p1a: Faberge|Bullet Punch|p2a: Snippy Boi\n|-damage|p2a: Snippy Boi|23\/100 tox\n|move|p2a: Snippy Boi|Earthquake|p1a: Faberge\n|-damage|p1a: Faberge|63\/100\n|\n|-heal|p2a: Snippy Boi|35\/100 tox|[from] ability: Poison Heal\n|upkeep\n|turn|58\n|\n|t:|1700091474\n|move|p1a: Faberge|Bullet Punch|p2a: Snippy Boi\n|-damage|p2a: Snippy Boi|0 fnt\n|faint|p2a: Snippy Boi\n|\n|upkeep\n|\n|t:|1700091476\n|switch|p2a: Rayquaza|Rayquaza|64\/100\n|-damage|p2a: Rayquaza|39\/100|[from] Stealth Rock\n|-ability|p2a: Rayquaza|Air Lock\n|turn|59\n|\n|t:|1700091478\n|move|p1a: Faberge|Bullet Punch|p2a: Rayquaza\n|-damage|p2a: Rayquaza|0 fnt\n|faint|p2a: Rayquaza\n|\n|win|Rayqueerza32\n|c|\u2606Rayqueerza32|GGGG\n","uploadtime":1700091483,"views":9,"p1id":"rayqueerza32","p2id":"snapteryx","formatid":"gen9nationaldexubers","rating":0,"private":0,"password":""}