{"id":"gen9nationaldexubers-1986498102","p1":"straightoutta14BC","p2":"brendog66","format":"[Gen 9] National Dex Ubers","log":"|j|\u2606straightoutta14BC\n|j|\u2606brendog66\n|inactive|Battle timer is ON: inactive players will automatically lose when time's up.\n|t:|1699485159\n|gametype|singles\n|player|p1|straightoutta14BC|170|\n|player|p2|brendog66|2|\n|teamsize|p1|6\n|teamsize|p2|6\n|gen|9\n|tier|[Gen 9] National Dex Ubers\n|rated|Tournament battle\n|rule|HP Percentage Mod: HP is shown in percentages\n|rule|Endless Battle Clause: Forcing endless battles is banned\n|rule|OHKO Clause: OHKO moves are banned\n|rule|Evasion Moves Clause: Evasion moves are banned\n|rule|Evasion Items Clause: Evasion items are banned\n|rule|Species Clause: Limit one of each Pok\u00e9mon\n|rule|Sleep Clause Mod: Limit one foe put to sleep\n|rule|Mega Rayquaza Clause: You cannot mega evolve Rayquaza\n|rule|Dynamax Clause: You cannot dynamax\n|rule|Terastal Clause: You cannot Terastallize\n|rule|Same Type Clause: Pok\u00e9mon in a team must share a type\n|clearpoke\n|poke|p1|Klinklang|\n|poke|p1|Bronzong|\n|poke|p1|Mawile, F|\n|poke|p1|Melmetal|\n|poke|p1|Stakataka|\n|poke|p1|Ferrothorn, F|\n|poke|p2|Muk-Alola, F|\n|poke|p2|Venusaur, M|\n|poke|p2|Toxapex, F|\n|poke|p2|Sneasler, F|\n|poke|p2|Naganadel|\n|poke|p2|Eternatus|\n|teampreview\n|c|\u2606brendog66|Glhf\n|inactive|straightoutta14BC has 120 seconds left.\n|inactive|straightoutta14BC has 90 seconds left.\n|\n|t:|1699485235\n|start\n|switch|p1a: Echo|Bronzong|100\/100\n|switch|p2a: Sneasler|Sneasler, F|100\/100\n|turn|1\n|\n|t:|1699485245\n|move|p2a: Sneasler|Switcheroo|p1a: Echo\n|-activate|p2a: Sneasler|move: Trick|[of] p1a: Echo\n|-item|p1a: Echo|Choice Scarf|[from] move: Switcheroo\n|-item|p2a: Sneasler|Shuca Berry|[from] move: Switcheroo\n|move|p1a: Echo|Trick Room|p1a: Echo\n|-fieldstart|move: Trick Room|[of] p1a: Echo\n|\n|upkeep\n|turn|2\n|inactive|straightoutta14BC has 120 seconds left.\n|\n|t:|1699485282\n|switch|p1a: Nova|Melmetal|100\/100\n|move|p2a: Sneasler|Close Combat|p1a: Nova\n|-supereffective|p1a: Nova\n|-damage|p1a: Nova|36\/100\n|-unboost|p2a: Sneasler|def|1\n|-unboost|p2a: Sneasler|spd|1\n|\n|upkeep\n|turn|3\n|inactive|straightoutta14BC has 120 seconds left.\n|inactive|straightoutta14BC has 90 seconds left.\n|\n|t:|1699485345\n|switch|p2a: Toxapex|Toxapex, F|100\/100\n|move|p1a: Nova|Earthquake|p2a: Toxapex\n|-supereffective|p2a: Toxapex\n|-damage|p2a: Toxapex|21\/100\n|\n|upkeep\n|turn|4\n|inactive|brendog66 has 120 seconds left.\n|\n|t:|1699485364\n|switch|p2a: Venusaur|Venusaur, M|100\/100\n|move|p1a: Nova|Earthquake|p2a: Venusaur\n|-damage|p2a: Venusaur|51\/100\n|\n|upkeep\n|turn|5\n|inactive|brendog66 has 120 seconds left.\n|inactive|straightoutta14BC has 60 seconds left.\n|inactive|straightoutta14BC has 30 seconds left.\n|\n|t:|1699485417\n|switch|p1a: Echo|Bronzong|100\/100\n|detailschange|p2a: Venusaur|Venusaur-Mega, M\n|-mega|p2a: Venusaur|Venusaur|Venusaurite\n|move|p2a: Venusaur|Synthesis|p2a: Venusaur\n|-heal|p2a: Venusaur|100\/100\n|\n|-fieldend|move: Trick Room\n|upkeep\n|turn|6\n|\n|t:|1699485426\n|move|p2a: Venusaur|Leech Seed|p1a: Echo\n|-start|p1a: Echo|move: Leech Seed\n|move|p1a: Echo|Trick Room|p1a: Echo\n|-fieldstart|move: Trick Room|[of] p1a: Echo\n|\n|-damage|p1a: Echo|88\/100|[from] Leech Seed|[of] p2a: Venusaur\n|upkeep\n|turn|7\n|inactive|straightoutta14BC has 30 seconds left.\n|\n|t:|1699485441\n|switch|p1a: Nova|Melmetal|36\/100\n|move|p2a: Venusaur|Hidden Power|p1a: Nova\n|-supereffective|p1a: Nova\n|-damage|p1a: Nova|3\/100\n|\n|upkeep\n|turn|8\n|inactive|straightoutta14BC has 30 seconds left.\n|\n|t:|1699485458\n|move|p1a: Nova|Earthquake|p2a: Venusaur\n|-damage|p2a: Venusaur|62\/100\n|move|p2a: Venusaur|Giga Drain|p1a: Nova\n|-resisted|p1a: Nova\n|-damage|p1a: Nova|0 fnt\n|-heal|p2a: Venusaur|64\/100|[from] drain|[of] p1a: Nova\n|faint|p1a: Nova\n|\n|upkeep\n|inactive|straightoutta14BC has 30 seconds left this turn.\n|\n|t:|1699485462\n|switch|p1a: ISS|Stakataka|100\/100\n|turn|9\n|\n|t:|1699485471\n|move|p1a: ISS|Gyro Ball|p2a: Venusaur\n|-damage|p2a: Venusaur|0 fnt\n|faint|p2a: Venusaur\n|-ability|p1a: ISS|Beast Boost|boost\n|-boost|p1a: ISS|atk|1\n|-damage|p1a: ISS|91\/100|[from] item: Life Orb\n|\n|upkeep\n|\n|t:|1699485486\n|switch|p2a: Toxapex|Toxapex, F|54\/100\n|turn|10\n|\n|t:|1699485496\n|move|p1a: ISS|Stone Edge|p2a: Toxapex|[miss]\n|-miss|p1a: ISS|p2a: Toxapex\n|-zpower|p2a: Toxapex\n|move|p2a: Toxapex|Z-Haze|p2a: Toxapex|[anim]Haze\n|-heal|p2a: Toxapex|100\/100|[zeffect]\n|-clearallboost\n|\n|-fieldend|move: Trick Room\n|upkeep\n|turn|11\n|\n|t:|1699485508\n|switch|p1a: Venera|Ferrothorn, F|100\/100\n|move|p2a: Toxapex|Scald|p1a: Venera\n|-resisted|p1a: Venera\n|-damage|p1a: Venera|94\/100\n|\n|-heal|p1a: Venera|99\/100|[from] item: Leftovers\n|upkeep\n|turn|12\n|inactive|straightoutta14BC has 60 seconds left.\n|\n|t:|1699485516\n|switch|p2a: Naganadel|Naganadel, shiny|100\/100\n|move|p1a: Venera|Leech Seed|p2a: Naganadel\n|-start|p2a: Naganadel|move: Leech Seed\n|\n|-heal|p1a: Venera|100\/100|[from] item: Leftovers\n|-damage|p2a: Naganadel|88\/100|[from] Leech Seed|[of] p1a: Venera\n|upkeep\n|turn|13\n|inactive|straightoutta14BC has 60 seconds left.\n|inactive|straightoutta14BC has 30 seconds left.\n|inactive|straightoutta14BC has 20 seconds left.\n|inactive|straightoutta14BC has 15 seconds left.\n|inactive|straightoutta14BC has 10 seconds left.\n|\n|t:|1699485578\n|move|p1a: Venera|Protect|p1a: Venera\n|-singleturn|p1a: Venera|Protect\n|move|p2a: Naganadel|Flamethrower|p1a: Venera\n|-activate|p1a: Venera|move: Protect\n|\n|-damage|p2a: Naganadel|76\/100|[from] Leech Seed|[of] p1a: Venera\n|upkeep\n|turn|14\n|inactive|straightoutta14BC has 20 seconds left this turn.\n|inactive|straightoutta14BC has 15 seconds left.\n|\n|t:|1699485584\n|switch|p1a: Echo|Bronzong|88\/100\n|move|p2a: Naganadel|Flamethrower|p1a: Echo\n|-supereffective|p1a: Echo\n|-damage|p1a: Echo|65\/100\n|\n|-damage|p2a: Naganadel|64\/100|[from] Leech Seed|[of] p1a: Echo\n|-heal|p1a: Echo|75\/100|[silent]\n|upkeep\n|turn|15\n|inactive|straightoutta14BC has 25 seconds left this turn.\n|j| NoahTheGreat6.4\n|inactive|straightoutta14BC has 20 seconds left.\n|\n|t:|1699485601\n|switch|p2a: Muk|Muk-Alola, F|100\/100\n|move|p1a: Echo|Trick Room|p1a: Echo\n|-fieldstart|move: Trick Room|[of] p1a: Echo\n|\n|upkeep\n|turn|16\n|inactive|straightoutta14BC has 30 seconds left this turn.\n|\n|t:|1699485609\n|-activate|p1a: Echo|move: Pursuit\n|move|p2a: Muk|Pursuit|p1a: Echo|[from]Pursuit\n|-supereffective|p1a: Echo\n|-damage|p1a: Echo|29\/100\n|switch|p1a: ISS|Stakataka|91\/100\n|\n|upkeep\n|turn|17\n|inactive|straightoutta14BC has 30 seconds left.\n|inactive|straightoutta14BC has 20 seconds left.\n|inactive|straightoutta14BC has 15 seconds left.\n|inactive|straightoutta14BC has 10 seconds left.\n|inactive|brendog66 has 120 seconds left.\n|\n|t:|1699485645\n|move|p1a: ISS|Gyro Ball|p2a: Muk\n|-damage|p2a: Muk|11\/100\n|-damage|p1a: ISS|81\/100|[from] item: Life Orb\n|move|p2a: Muk|Drain Punch|p1a: ISS\n|-supereffective|p1a: ISS\n|-damage|p1a: ISS|35\/100\n|-heal|p2a: Muk|29\/100|[from] drain|[of] p1a: ISS\n|\n|upkeep\n|turn|18\n|inactive|straightoutta14BC has 20 seconds left this turn.\n|inactive|straightoutta14BC has 15 seconds left.\n|inactive|brendog66 has 120 seconds left.\n|inactive|straightoutta14BC has 10 seconds left.\n|\n|t:|1699485657\n|switch|p2a: Toxapex|Toxapex, F|100\/100\n|move|p1a: ISS|Gyro Ball|p2a: Toxapex\n|-resisted|p2a: Toxapex\n|-damage|p2a: Toxapex|81\/100\n|-damage|p1a: ISS|26\/100|[from] item: Life Orb\n|\n|upkeep\n|turn|19\n|inactive|straightoutta14BC has 20 seconds left this turn.\n|inactive|straightoutta14BC has 15 seconds left.\n|inactive|brendog66 has 120 seconds left.\n|\n|t:|1699485664\n|switch|p1a: Venera|Ferrothorn, F|100\/100\n|move|p2a: Toxapex|Scald|p1a: Venera\n|-resisted|p1a: Venera\n|-damage|p1a: Venera|93\/100\n|\n|-heal|p1a: Venera|99\/100|[from] item: Leftovers\n|-fieldend|move: Trick Room\n|upkeep\n|turn|20\n|inactive|straightoutta14BC has 25 seconds left this turn.\n|inactive|straightoutta14BC has 20 seconds left.\n|inactive|straightoutta14BC has 15 seconds left.\n|\n|t:|1699485674\n|switch|p2a: Eternatus|Eternatus|100\/100\n|-ability|p2a: Eternatus|Pressure\n|switch|p1a: Echo|Bronzong|29\/100\n|\n|upkeep\n|turn|21\n|inactive|straightoutta14BC has 25 seconds left this turn.\n|inactive|brendog66 has 120 seconds left.\n|\n|t:|1699485711\n|move|p2a: Eternatus|Flamethrower|p1a: Echo\n|-supereffective|p1a: Echo\n|-damage|p1a: Echo|7\/100\n|move|p1a: Echo|Trick Room|p1a: Echo\n|-fieldstart|move: Trick Room|[of] p1a: Echo\n|\n|upkeep\n|turn|22\n|inactive|straightoutta14BC has 30 seconds left.\n|j|+bruised thighs\u2661\n|\n|t:|1699485727\n|move|p2a: Eternatus|Flamethrower|p1a: Echo\n|-supereffective|p1a: Echo\n|-damage|p1a: Echo|0 fnt\n|faint|p1a: Echo\n|\n|upkeep\n|j|#style.css\n|inactive|straightoutta14BC has 30 seconds left.\n|\n|t:|1699485740\n|switch|p1a: Valentina|Mawile, F|100\/100\n|-ability|p1a: Valentina|Intimidate|boost\n|-unboost|p2a: Eternatus|atk|1\n|turn|23\n|inactive|straightoutta14BC has 30 seconds left.\n|\n|t:|1699485749\n|detailschange|p1a: Valentina|Mawile-Mega, F\n|-mega|p1a: Valentina|Mawile|Mawilite\n|move|p1a: Valentina|Play Rough|p2a: Eternatus|[miss]\n|-miss|p1a: Valentina|p2a: Eternatus\n|move|p2a: Eternatus|Flamethrower|p1a: Valentina\n|-supereffective|p1a: Valentina\n|-damage|p1a: Valentina|36\/100\n|\n|upkeep\n|turn|24\n|\n|t:|1699485758\n|move|p1a: Valentina|Play Rough|p2a: Eternatus|[miss]\n|-miss|p1a: Valentina|p2a: Eternatus\n|move|p2a: Eternatus|Flamethrower|p1a: Valentina\n|-supereffective|p1a: Valentina\n|-damage|p1a: Valentina|0 fnt\n|faint|p1a: Valentina\n|\n|upkeep\n|-message|straightoutta14BC forfeited.\n|\n|win|brendog66\n|n|\u2606straightoutta14BC|straightoutta14bc\n|n|\u2606brendog66|brendog66\n|n| NoahTheGreat6.4|noahthegreat64\n|n| bruised thighs\u2661|bruisedthighs\n|n|+style.css|stylecss\n|c|\u2606brendog66|Rip\n|l|+style.css\n|c|\u2606brendog66|That\u2019s u fortunate\n|l|\u2606brendog66\n|l| bruised thighs\u2661\n|j| Giyu\n|l| NoahTheGreat6.4\n|l| Giyu\n|j|\u2606brendog66\n|player|p2|brendog66|2\n|l|\u2606brendog66\n|player|p2|\n|j|+style.css\n|l|+style.css\n","uploadtime":1699485769,"views":6,"p1id":"straightoutta14bc","p2id":"brendog66","formatid":"gen9nationaldexubers","rating":0,"private":0,"password":""}