{"id":"gen9nationaldexubers-1978071702","p1":"THEGAMER3777","p2":"youssefjaipasdin","format":"[Gen 9] National Dex Ubers","log":"|j|\u2606THEGAMER3777\n|j|\u2606youssefjaipasdin\n|t:|1698495040\n|gametype|singles\n|player|p1|THEGAMER3777|lucas|\n|player|p2|youssefjaipasdin|lucas|\n|teamsize|p1|6\n|teamsize|p2|3\n|gen|9\n|tier|[Gen 9] National Dex Ubers\n|rule|HP Percentage Mod: HP is shown in percentages\n|rule|Endless Battle Clause: Forcing endless battles is banned\n|rule|OHKO Clause: OHKO moves are banned\n|rule|Evasion Moves Clause: Evasion moves are banned\n|rule|Evasion Items Clause: Evasion items are banned\n|rule|Species Clause: Limit one of each Pok\u00e9mon\n|rule|Sleep Clause Mod: Limit one foe put to sleep\n|rule|Mega Rayquaza Clause: You cannot mega evolve Rayquaza\n|clearpoke\n|poke|p1|Charmander, L15, M|\n|poke|p1|Zigzagoon, L4, M|\n|poke|p1|Magikarp, L4, F|\n|poke|p1|Pidgey, L7, M|\n|poke|p1|Starly, L6, M|\n|poke|p1|Shinx, L4, F|\n|poke|p2|Riolu, L8, M|\n|poke|p2|Taillow, L11, M|\n|poke|p2|Magikarp, L4, M|\n|teampreview\n|\n|t:|1698495046\n|start\n|switch|p1a: Pt'i Eclair|Shinx, L4, F|100\/100\n|switch|p2a: Taillow|Taillow, L11, M|100\/100\n|turn|1\n|\n|t:|1698495056\n|switch|p2a: Magikarp|Magikarp, L4, M|100\/100\n|move|p1a: Pt'i Eclair|Thunder Shock|p2a: Magikarp\n|-supereffective|p2a: Magikarp\n|-damage|p2a: Magikarp|58\/100\n|\n|upkeep\n|turn|2\n|\n|t:|1698495063\n|move|p2a: Magikarp|Splash|p2a: Magikarp\n|-nothing\n|move|p1a: Pt'i Eclair|Thunder Shock|p2a: Magikarp\n|-supereffective|p2a: Magikarp\n|-damage|p2a: Magikarp|16\/100\n|\n|upkeep\n|turn|3\n|\n|t:|1698495074\n|move|p1a: Pt'i Eclair|Quick Attack|p2a: Magikarp\n|-damage|p2a: Magikarp|6\/100\n|move|p2a: Magikarp|Splash|p2a: Magikarp\n|-nothing\n|\n|upkeep\n|turn|4\n|\n|t:|1698495080\n|move|p1a: Pt'i Eclair|Quick Attack|p2a: Magikarp\n|-damage|p2a: Magikarp|0 fnt\n|faint|p2a: Magikarp\n|\n|upkeep\n|\n|t:|1698495085\n|switch|p2a: Riolu|Riolu, L8, M|100\/100\n|turn|5\n|\n|t:|1698495092\n|move|p1a: Pt'i Eclair|Quick Attack|p2a: Riolu\n|-damage|p2a: Riolu|93\/100\n|move|p2a: Riolu|Rock Smash|p1a: Pt'i Eclair\n|-damage|p1a: Pt'i Eclair|16\/100\n|\n|upkeep\n|turn|6\n|\n|t:|1698495107\n|move|p2a: Riolu|Bullet Punch|p1a: Pt'i Eclair\n|-resisted|p1a: Pt'i Eclair\n|-damage|p1a: Pt'i Eclair|0 fnt\n|faint|p1a: Pt'i Eclair\n|\n|upkeep\n|\n|t:|1698495118\n|switch|p1a: Etimi|Starly, L6, M|100\/100\n|turn|7\n|\n|t:|1698495124\n|move|p2a: Riolu|Bullet Punch|p1a: Etimi\n|-damage|p1a: Etimi|57\/100\n|move|p1a: Etimi|Tackle|p2a: Riolu\n|-damage|p2a: Riolu|77\/100\n|\n|upkeep\n|turn|8\n|\n|t:|1698495131\n|move|p2a: Riolu|Metal Claw|p1a: Etimi\n|-damage|p1a: Etimi|14\/100\n|-boost|p2a: Riolu|atk|1\n|move|p1a: Etimi|Growl|p2a: Riolu\n|-unboost|p2a: Riolu|atk|1\n|\n|upkeep\n|turn|9\n|\n|t:|1698495142\n|move|p2a: Riolu|Bullet Punch|p1a: Etimi\n|-damage|p1a: Etimi|0 fnt\n|faint|p1a: Etimi\n|\n|upkeep\n|\n|t:|1698495150\n|switch|p1a: Levy|Magikarp, L4, F|100\/100\n|turn|10\n|\n|t:|1698495153\n|move|p2a: Riolu|Rock Smash|p1a: Levy\n|-damage|p1a: Levy|12\/100\n|-unboost|p1a: Levy|def|1\n|move|p1a: Levy|Splash|p1a: Levy\n|-nothing\n|\n|upkeep\n|turn|11\n|\n|t:|1698495166\n|move|p2a: Riolu|Bullet Punch|p1a: Levy\n|-resisted|p1a: Levy\n|-damage|p1a: Levy|0 fnt\n|faint|p1a: Levy\n|\n|upkeep\n|\n|t:|1698495174\n|switch|p1a: Ziggy|Zigzagoon, L4, M|100\/100\n|turn|12\n|\n|t:|1698495177\n|move|p2a: Riolu|Rock Smash|p1a: Ziggy\n|-supereffective|p1a: Ziggy\n|-damage|p1a: Ziggy|0 fnt\n|faint|p1a: Ziggy\n|\n|upkeep\n|\n|t:|1698495181\n|switch|p1a: Zozio|Pidgey, L7, M|100\/100\n|turn|13\n|\n|t:|1698495186\n|move|p2a: Riolu|Metal Claw|p1a: Zozio\n|-damage|p1a: Zozio|66\/100\n|move|p1a: Zozio|Tackle|p2a: Riolu\n|-damage|p2a: Riolu|62\/100\n|\n|upkeep\n|turn|14\n|\n|t:|1698495193\n|move|p2a: Riolu|Metal Claw|p1a: Zozio\n|-damage|p1a: Zozio|35\/100\n|move|p1a: Zozio|Sand Attack|p2a: Riolu\n|-unboost|p2a: Riolu|accuracy|1\n|\n|upkeep\n|turn|15\n|\n|t:|1698495201\n|move|p2a: Riolu|Metal Claw|p1a: Zozio\n|-damage|p1a: Zozio|0 fnt\n|faint|p1a: Zozio\n|\n|upkeep\n|\n|t:|1698495206\n|switch|p1a: Pyro(le GOAT)|Charmander, L15, M|100\/100\n|turn|16\n|\n|t:|1698495212\n|move|p1a: Pyro(le GOAT)|Scratch|p2a: Riolu\n|-crit|p2a: Riolu\n|-damage|p2a: Riolu|12\/100\n|move|p2a: Riolu|Rock Smash|p1a: Pyro(le GOAT)\n|-damage|p1a: Pyro(le GOAT)|87\/100\n|\n|upkeep\n|turn|17\n|\n|t:|1698495223\n|move|p2a: Riolu|Bullet Punch|p1a: Pyro(le GOAT)|[miss]\n|-miss|p2a: Riolu|p1a: Pyro(le GOAT)\n|move|p1a: Pyro(le GOAT)|Scratch|p2a: Riolu\n|-damage|p2a: Riolu|0 fnt\n|faint|p2a: Riolu\n|\n|upkeep\n|\n|t:|1698495232\n|switch|p2a: Taillow|Taillow, L11, M|100\/100\n|turn|18\n|\n|t:|1698495236\n|move|p1a: Pyro(le GOAT)|Scratch|p2a: Taillow\n|-damage|p2a: Taillow|73\/100\n|move|p2a: Taillow|Peck|p1a: Pyro(le GOAT)\n|-damage|p1a: Pyro(le GOAT)|71\/100\n|\n|upkeep\n|turn|19\n|\n|t:|1698495244\n|move|p1a: Pyro(le GOAT)|Scratch|p2a: Taillow\n|-damage|p2a: Taillow|49\/100\n|move|p2a: Taillow|Peck|p1a: Pyro(le GOAT)\n|-damage|p1a: Pyro(le GOAT)|55\/100\n|\n|upkeep\n|turn|20\n|\n|t:|1698495251\n|move|p1a: Pyro(le GOAT)|Scratch|p2a: Taillow\n|-damage|p2a: Taillow|22\/100\n|move|p2a: Taillow|Peck|p1a: Pyro(le GOAT)\n|-damage|p1a: Pyro(le GOAT)|39\/100\n|\n|upkeep\n|turn|21\n|\n|t:|1698495261\n|move|p1a: Pyro(le GOAT)|Scratch|p2a: Taillow\n|-damage|p2a: Taillow|0 fnt\n|faint|p2a: Taillow\n|\n|win|THEGAMER3777\n","uploadtime":1698495268,"views":16,"p1id":"thegamer3777","p2id":"youssefjaipasdin","formatid":"gen9nationaldexubers","rating":0,"private":0,"password":""}