{"id":"gen9nationaldexubers-1993574193","p1":"insanejokester","p2":"Zake202012","format":"[Gen 9] National Dex Ubers","log":"|j|\u2606insanejokester\n|j|\u2606Zake202012\n|t:|1700333317\n|gametype|singles\n|player|p1|insanejokester|flannery|1139\n|player|p2|Zake202012|n|1230\n|teamsize|p1|6\n|teamsize|p2|6\n|gen|9\n|tier|[Gen 9] National Dex Ubers\n|rated|\n|rule|HP Percentage Mod: HP is shown in percentages\n|rule|Endless Battle Clause: Forcing endless battles is banned\n|rule|OHKO Clause: OHKO moves are banned\n|rule|Evasion Moves Clause: Evasion moves are banned\n|rule|Evasion Items Clause: Evasion items are banned\n|rule|Species Clause: Limit one of each Pok\u00e9mon\n|rule|Sleep Clause Mod: Limit one foe put to sleep\n|rule|Mega Rayquaza Clause: You cannot mega evolve Rayquaza\n|clearpoke\n|poke|p1|Typhlosion, M|\n|poke|p1|Beedrill, M|\n|poke|p1|Florges, F|\n|poke|p1|Milotic, F|\n|poke|p1|Skarmory, M|\n|poke|p1|Darmanitan-Galar, F|\n|poke|p2|Lucario, F|\n|poke|p2|Crustle, F|\n|poke|p2|Zangoose, F|\n|poke|p2|Greninja-*, M|\n|poke|p2|Dusclops, F|\n|poke|p2|Typhlosion-Hisui, M|\n|teampreview\n|inactive|Battle timer is ON: inactive players will automatically lose when time's up. (requested by Zake202012)\n|j| execfist2\n|\n|t:|1700333344\n|start\n|switch|p1a: Darmanitan|Darmanitan-Galar, F|100\/100\n|switch|p2a: Crustle|Crustle, F|100\/100\n|turn|1\n|inactive|Zake202012 has 120 seconds left.\n|\n|t:|1700333377\n|move|p1a: Darmanitan|Icicle Crash|p2a: Crustle\n|-damage|p2a: Crustle|21\/100\n|move|p2a: Crustle|Shell Smash|p2a: Crustle\n|-unboost|p2a: Crustle|def|1\n|-unboost|p2a: Crustle|spd|1\n|-boost|p2a: Crustle|atk|2\n|-boost|p2a: Crustle|spa|2\n|-boost|p2a: Crustle|spe|2\n|\n|upkeep\n|turn|2\n|\n|t:|1700333388\n|switch|p1a: Skarmory|Skarmory, M, shiny|100\/100\n|move|p2a: Crustle|Rock Blast|p1a: Skarmory\n|-damage|p1a: Skarmory|87\/100\n|-damage|p1a: Skarmory|74\/100\n|-damage|p1a: Skarmory|62\/100\n|-damage|p1a: Skarmory|49\/100\n|-hitcount|p1a: Skarmory|4\n|\n|-heal|p1a: Skarmory|55\/100|[from] item: Leftovers\n|upkeep\n|turn|3\n|\n|t:|1700333405\n|move|p2a: Crustle|Rock Blast|p1a: Skarmory\n|-damage|p1a: Skarmory|42\/100\n|-damage|p1a: Skarmory|28\/100\n|-damage|p1a: Skarmory|14\/100\n|-damage|p1a: Skarmory|1\/100\n|-hitcount|p1a: Skarmory|4\n|move|p1a: Skarmory|Toxic|p2a: Crustle\n|-status|p2a: Crustle|tox\n|\n|-heal|p1a: Skarmory|7\/100|[from] item: Leftovers\n|-damage|p2a: Crustle|15\/100 tox|[from] psn\n|upkeep\n|turn|4\n|\n|t:|1700333416\n|move|p2a: Crustle|Rock Blast|p1a: Skarmory\n|-damage|p1a: Skarmory|0 fnt\n|faint|p1a: Skarmory\n|-hitcount|p1: Skarmory|1\n|\n|-damage|p2a: Crustle|3\/100 tox|[from] psn\n|upkeep\n|\n|t:|1700333422\n|switch|p1a: Florges|Florges, F|100\/100\n|turn|5\n|\n|t:|1700333426\n|move|p1a: Florges|Protect|p1a: Florges\n|-singleturn|p1a: Florges|Protect\n|move|p2a: Crustle|Rock Blast|p1a: Florges\n|-activate|p1a: Florges|move: Protect\n|\n|-damage|p2a: Crustle|0 fnt|[from] psn\n|faint|p2a: Crustle\n|upkeep\n|\n|t:|1700333429\n|switch|p2a: Lucario|Lucario, F|100\/100\n|turn|6\n|\n|t:|1700333440\n|switch|p1a: Milotic|Milotic, F|100\/100\n|detailschange|p2a: Lucario|Lucario-Mega, F\n|-mega|p2a: Lucario|Lucario|Lucarionite\n|move|p2a: Lucario|Swords Dance|p2a: Lucario\n|-boost|p2a: Lucario|atk|2\n|\n|-status|p1a: Milotic|brn|[from] item: Flame Orb\n|upkeep\n|turn|7\n|\n|t:|1700333449\n|move|p2a: Lucario|Drain Punch|p1a: Milotic\n|-damage|p1a: Milotic|17\/100 brn\n|move|p1a: Milotic|Haze|p1a: Milotic\n|-clearallboost\n|\n|-damage|p1a: Milotic|11\/100 brn|[from] brn\n|upkeep\n|turn|8\n|\n|t:|1700333460\n|move|p2a: Lucario|Drain Punch|p1a: Milotic\n|-crit|p1a: Milotic\n|-damage|p1a: Milotic|0 fnt\n|faint|p1a: Milotic\n|\n|upkeep\n|\n|t:|1700333466\n|switch|p1a: Typhlosion|Typhlosion, M|100\/100\n|turn|9\n|\n|t:|1700333471\n|move|p1a: Typhlosion|Eruption|p2a: Lucario\n|-supereffective|p2a: Lucario\n|-damage|p2a: Lucario|0 fnt\n|faint|p2a: Lucario\n|\n|upkeep\n|\n|t:|1700333496\n|switch|p2a: Greninja|Greninja, M|100\/100\n|turn|10\n|\n|t:|1700333503\n|switch|p1a: Florges|Florges, F|100\/100\n|move|p2a: Greninja|Liquidation|p1a: Florges\n|-start|p2a: Greninja|typechange|Water|[from] ability: Protean\n|-damage|p1a: Florges|46\/100\n|\n|-heal|p1a: Florges|52\/100|[from] item: Leftovers\n|upkeep\n|turn|11\n|\n|t:|1700333513\n|switch|p2a: Zangoose|Zangoose, F|100\/100\n|move|p1a: Florges|Protect||[still]\n|-fail|p1a: Florges\n|\n|-heal|p1a: Florges|58\/100|[from] item: Leftovers\n|upkeep\n|turn|12\n|\n|t:|1700333520\n|move|p2a: Zangoose|Belly Drum|p2a: Zangoose\n|-damage|p2a: Zangoose|51\/100\n|-setboost|p2a: Zangoose|atk|6|[from] move: Belly Drum\n|move|p1a: Florges|Wish|p1a: Florges\n|\n|-heal|p1a: Florges|64\/100|[from] item: Leftovers\n|upkeep\n|turn|13\n|\n|t:|1700333533\n|move|p1a: Florges|Protect|p1a: Florges\n|-singleturn|p1a: Florges|Protect\n|move|p2a: Zangoose|Quick Attack|p1a: Florges\n|-activate|p1a: Florges|move: Protect\n|\n|-heal|p1a: Florges|100\/100|[from] move: Wish|[wisher] Florges\n|upkeep\n|turn|14\n|\n|t:|1700333542\n|move|p2a: Zangoose|Quick Attack|p1a: Florges\n|-crit|p1a: Florges\n|-damage|p1a: Florges|0 fnt\n|faint|p1a: Florges\n|\n|upkeep\n|\n|t:|1700333550\n|switch|p1a: Typhlosion|Typhlosion, M|100\/100\n|turn|15\n|\n|t:|1700333554\n|move|p2a: Zangoose|Quick Attack|p1a: Typhlosion\n|-damage|p1a: Typhlosion|0 fnt\n|faint|p1a: Typhlosion\n|\n|upkeep\n|\n|t:|1700333559\n|switch|p1a: Darmanitan|Darmanitan-Galar, F|100\/100\n|turn|16\n|\n|t:|1700333562\n|move|p2a: Zangoose|Quick Attack|p1a: Darmanitan\n|-damage|p1a: Darmanitan|0 fnt\n|faint|p1a: Darmanitan\n|\n|upkeep\n|\n|t:|1700333566\n|switch|p1a: Beedrill|Beedrill, M|100\/100\n|turn|17\n|\n|t:|1700333572\n|move|p2a: Zangoose|Quick Attack|p1a: Beedrill\n|-damage|p1a: Beedrill|0 fnt\n|faint|p1a: Beedrill\n|\n|win|Zake202012\n|raw|insanejokester's rating: 1139 &rarr; <strong>1120<\/strong><br \/>(-19 for losing)\n|raw|Zake202012's rating: 1230 &rarr; <strong>1249<\/strong><br \/>(+19 for winning)\n|l|\u2606insanejokester\n|l|\u2606Zake202012\n","uploadtime":1700333583,"views":14,"p1id":"insanejokester","p2id":"zake202012","formatid":"gen9nationaldexubers","rating":1120,"private":0,"password":""}