{"id":"gen9nationaldexubers-1979109385","p1":"ronaj","p2":"Ishida_Pendragon","format":"[Gen 9] National Dex Ubers","log":"|j|\u2606ronaj\n|j|\u2606Ishida_Pendragon\n|t:|1698633417\n|gametype|singles\n|player|p1|ronaj|170|1000\n|player|p2|Ishida_Pendragon|n|1000\n|teamsize|p1|6\n|teamsize|p2|6\n|gen|9\n|tier|[Gen 9] National Dex Ubers\n|rated|\n|rule|HP Percentage Mod: HP is shown in percentages\n|rule|Endless Battle Clause: Forcing endless battles is banned\n|rule|OHKO Clause: OHKO moves are banned\n|rule|Evasion Moves Clause: Evasion moves are banned\n|rule|Evasion Items Clause: Evasion items are banned\n|rule|Species Clause: Limit one of each Pok\u00e9mon\n|rule|Sleep Clause Mod: Limit one foe put to sleep\n|rule|Mega Rayquaza Clause: You cannot mega evolve Rayquaza\n|clearpoke\n|poke|p1|Quaquaval, M|\n|poke|p1|Nidoking, M|\n|poke|p1|Heliolisk, F|\n|poke|p1|Sableye, F|\n|poke|p1|Skarmory, F|\n|poke|p1|Sceptile, M|\n|poke|p2|Garchomp, F|\n|poke|p2|Cinderace, M|\n|poke|p2|Dracovish|\n|poke|p2|Marshadow|\n|poke|p2|Kingambit, M|\n|poke|p2|Ribombee, M|\n|teampreview\n|\n|t:|1698633424\n|start\n|switch|p1a: Quaquaval|Quaquaval, M|100\/100\n|switch|p2a: Cinderace|Cinderace, M|100\/100\n|turn|1\n|\n|t:|1698633438\n|switch|p2a: Dracovish|Dracovish|100\/100\n|move|p1a: Quaquaval|Aqua Step|p2a: Dracovish\n|-resisted|p2a: Dracovish\n|-damage|p2a: Dracovish|87\/100\n|-boost|p1a: Quaquaval|spe|1\n|-damage|p1a: Quaquaval|91\/100|[from] item: Life Orb\n|\n|upkeep\n|turn|2\n|\n|t:|1698633453\n|switch|p1a: Sableye|Sableye, F|100\/100\n|move|p2a: Dracovish|Fishious Rend|p1a: Sableye\n|-damage|p1a: Sableye|0 fnt\n|faint|p1a: Sableye\n|\n|upkeep\n|\n|t:|1698633459\n|switch|p1a: Heliolisk|Heliolisk, F|100\/100\n|turn|3\n|\n|t:|1698633464\n|move|p1a: Heliolisk|Thunderbolt|p2a: Dracovish\n|-damage|p2a: Dracovish|5\/100\n|move|p2a: Dracovish|Fishious Rend|p1a: Heliolisk\n|-immune|p1a: Heliolisk|[from] ability: Dry Skin\n|\n|upkeep\n|turn|4\n|\n|t:|1698633474\n|switch|p2a: Garchomp|Garchomp, F|100\/100\n|move|p1a: Heliolisk|Thunderbolt|p2a: Garchomp\n|-immune|p2a: Garchomp\n|\n|upkeep\n|turn|5\n|\n|t:|1698633481\n|switch|p1a: Skarmory|Skarmory, F|100\/100\n|move|p2a: Garchomp|Earthquake|p1a: Skarmory\n|-immune|p1a: Skarmory\n|\n|upkeep\n|turn|6\n|\n|t:|1698633489\n|move|p2a: Garchomp|Stealth Rock|p1a: Skarmory\n|-sidestart|p1: ronaj|move: Stealth Rock\n|move|p1a: Skarmory|Spikes|p2a: Garchomp\n|-sidestart|p2: Ishida_Pendragon|Spikes\n|\n|upkeep\n|turn|7\n|\n|t:|1698633495\n|move|p2a: Garchomp|Flamethrower|p1a: Skarmory\n|-supereffective|p1a: Skarmory\n|-damage|p1a: Skarmory|62\/100\n|move|p1a: Skarmory|Body Press|p2a: Garchomp\n|-damage|p2a: Garchomp|79\/100\n|-damage|p1a: Skarmory|49\/100|[from] ability: Rough Skin|[of] p2a: Garchomp\n|\n|-heal|p2a: Garchomp|85\/100|[from] item: Leftovers\n|upkeep\n|turn|8\n|\n|t:|1698633508\n|move|p2a: Garchomp|Toxic|p1a: Skarmory\n|-immune|p1a: Skarmory\n|move|p1a: Skarmory|Roost|p1a: Skarmory\n|-heal|p1a: Skarmory|99\/100\n|-singleturn|p1a: Skarmory|move: Roost\n|\n|-heal|p2a: Garchomp|91\/100|[from] item: Leftovers\n|upkeep\n|turn|9\n|\n|t:|1698633519\n|move|p2a: Garchomp|Flamethrower|p1a: Skarmory\n|-supereffective|p1a: Skarmory\n|-damage|p1a: Skarmory|56\/100\n|move|p1a: Skarmory|Defog|p2a: Garchomp\n|-unboost|p2a: Garchomp|evasion|1\n|-sideend|p2: Ishida_Pendragon|Spikes|[from] move: Defog|[of] p1a: Skarmory\n|-sideend|p1: ronaj|Stealth Rock|[from] move: Defog|[of] p1a: Skarmory\n|\n|-heal|p2a: Garchomp|97\/100|[from] item: Leftovers\n|upkeep\n|turn|10\n|\n|t:|1698633532\n|switch|p1a: Sceptile|Sceptile, M|100\/100\n|move|p2a: Garchomp|Flamethrower|p1a: Sceptile\n|-supereffective|p1a: Sceptile\n|-damage|p1a: Sceptile|60\/100\n|\n|-heal|p2a: Garchomp|100\/100|[from] item: Leftovers\n|upkeep\n|turn|11\n|\n|t:|1698633544\n|move|p1a: Sceptile|Swords Dance|p1a: Sceptile\n|-boost|p1a: Sceptile|atk|2\n|move|p2a: Garchomp|Earthquake|p1a: Sceptile\n|-resisted|p1a: Sceptile\n|-damage|p1a: Sceptile|26\/100\n|\n|upkeep\n|turn|12\n|\n|t:|1698633552\n|move|p1a: Sceptile|Leaf Blade|p2a: Garchomp\n|-damage|p2a: Garchomp|33\/100\n|-damage|p1a: Sceptile|13\/100|[from] ability: Rough Skin|[of] p2a: Garchomp\n|-damage|p1a: Sceptile|3\/100|[from] item: Life Orb\n|move|p2a: Garchomp|Flamethrower|p1a: Sceptile\n|-supereffective|p1a: Sceptile\n|-damage|p1a: Sceptile|0 fnt\n|faint|p1a: Sceptile\n|\n|-heal|p2a: Garchomp|39\/100|[from] item: Leftovers\n|upkeep\n|\n|t:|1698633563\n|switch|p1a: Heliolisk|Heliolisk, F|100\/100\n|turn|13\n|\n|t:|1698633576\n|switch|p2a: Ribombee|Ribombee, M|100\/100\n|move|p1a: Heliolisk|Dragon Pulse|p2a: Ribombee\n|-immune|p2a: Ribombee\n|\n|upkeep\n|turn|14\n|\n|t:|1698633589\n|switch|p1a: Nidoking|Nidoking, M|100\/100\n|move|p2a: Ribombee|Moonblast|p1a: Nidoking\n|-resisted|p1a: Nidoking\n|-damage|p1a: Nidoking|74\/100\n|\n|upkeep\n|turn|15\n|\n|t:|1698633601\n|move|p2a: Ribombee|Stun Spore|p1a: Nidoking\n|-status|p1a: Nidoking|par\n|move|p1a: Nidoking|Flamethrower|p2a: Ribombee\n|-supereffective|p2a: Ribombee\n|-enditem|p2a: Ribombee|Focus Sash\n|-damage|p2a: Ribombee|1\/100\n|\n|upkeep\n|turn|16\n|\n|t:|1698633614\n|switch|p1a: Skarmory|Skarmory, F|56\/100\n|move|p2a: Ribombee|Moonblast|p1a: Skarmory\n|-resisted|p1a: Skarmory\n|-damage|p1a: Skarmory|28\/100\n|-unboost|p1a: Skarmory|spa|1\n|\n|upkeep\n|turn|17\n|\n|t:|1698633626\n|move|p2a: Ribombee|Stun Spore|p1a: Skarmory|[miss]\n|-miss|p2a: Ribombee|p1a: Skarmory\n|move|p1a: Skarmory|Roost|p1a: Skarmory\n|-heal|p1a: Skarmory|78\/100\n|-singleturn|p1a: Skarmory|move: Roost\n|\n|upkeep\n|turn|18\n|\n|t:|1698633651\n|move|p2a: Ribombee|Stun Spore|p1a: Skarmory|[miss]\n|-miss|p2a: Ribombee|p1a: Skarmory\n|move|p1a: Skarmory|Body Press|p2a: Ribombee\n|-resisted|p2a: Ribombee\n|-damage|p2a: Ribombee|0 fnt\n|faint|p2a: Ribombee\n|\n|upkeep\n|\n|t:|1698633664\n|switch|p2a: Cinderace|Cinderace, M|100\/100\n|turn|19\n|\n|t:|1698633669\n|-terastallize|p2a: Cinderace|Fire\n|move|p2a: Cinderace|Pyro Ball|p1a: Skarmory\n|-supereffective|p1a: Skarmory\n|-damage|p1a: Skarmory|4\/100\n|move|p1a: Skarmory|Body Press|p2a: Cinderace\n|-damage|p2a: Cinderace|51\/100\n|\n|upkeep\n|turn|20\n|\n|t:|1698633683\n|move|p2a: Cinderace|Pyro Ball|p1a: Skarmory\n|-supereffective|p1a: Skarmory\n|-damage|p1a: Skarmory|0 fnt\n|faint|p1a: Skarmory\n|\n|upkeep\n|\n|t:|1698633690\n|switch|p1a: Heliolisk|Heliolisk, F|100\/100\n|turn|21\n|\n|t:|1698633698\n|move|p2a: Cinderace|High Jump Kick|p1a: Heliolisk\n|-supereffective|p1a: Heliolisk\n|-damage|p1a: Heliolisk|0 fnt\n|faint|p1a: Heliolisk\n|\n|upkeep\n|\n|t:|1698633703\n|switch|p1a: Nidoking|Nidoking, M|74\/100 par\n|turn|22\n|\n|t:|1698633707\n|move|p2a: Cinderace|High Jump Kick|p1a: Nidoking\n|-resisted|p1a: Nidoking\n|-damage|p1a: Nidoking|50\/100 par\n|cant|p1a: Nidoking|par\n|\n|upkeep\n|turn|23\n|\n|t:|1698633714\n|move|p2a: Cinderace|Pyro Ball|p1a: Nidoking\n|-damage|p1a: Nidoking|0 fnt\n|faint|p1a: Nidoking\n|\n|upkeep\n|\n|t:|1698633718\n|switch|p1a: Quaquaval|Quaquaval, M|91\/100\n|turn|24\n|\n|t:|1698633726\n|switch|p2a: Marshadow|Marshadow|100\/100\n|move|p1a: Quaquaval|Aqua Step|p2a: Marshadow\n|-damage|p2a: Marshadow|33\/100\n|-boost|p1a: Quaquaval|spe|1\n|-damage|p1a: Quaquaval|81\/100|[from] item: Life Orb\n|\n|upkeep\n|turn|25\n|\n|t:|1698633738\n|move|p1a: Quaquaval|Knock Off|p2a: Marshadow\n|-damage|p2a: Marshadow|0 fnt\n|-enditem|p2a: Marshadow|Focus Sash|[from] move: Knock Off|[of] p1a: Quaquaval\n|faint|p2a: Marshadow\n|-ability|p1a: Quaquaval|Moxie|boost\n|-boost|p1a: Quaquaval|atk|1\n|-damage|p1a: Quaquaval|71\/100|[from] item: Life Orb\n|\n|upkeep\n|\n|t:|1698633747\n|switch|p2a: Cinderace|Cinderace, M, tera:Fire|51\/100\n|turn|26\n|\n|t:|1698633753\n|move|p1a: Quaquaval|Aqua Step|p2a: Cinderace\n|-supereffective|p2a: Cinderace\n|-damage|p2a: Cinderace|0 fnt\n|-boost|p1a: Quaquaval|spe|1\n|faint|p2a: Cinderace\n|-ability|p1a: Quaquaval|Moxie|boost\n|-boost|p1a: Quaquaval|atk|1\n|-damage|p1a: Quaquaval|61\/100|[from] item: Life Orb\n|\n|upkeep\n|\n|t:|1698633764\n|switch|p2a: Dracovish|Dracovish|5\/100\n|turn|27\n|\n|t:|1698633771\n|move|p1a: Quaquaval|Roost|p1a: Quaquaval\n|-heal|p1a: Quaquaval|100\/100\n|-singleturn|p1a: Quaquaval|move: Roost\n|move|p2a: Dracovish|Fishious Rend|p1a: Quaquaval\n|-resisted|p1a: Quaquaval\n|-damage|p1a: Quaquaval|61\/100\n|\n|upkeep\n|turn|28\n|\n|t:|1698633779\n|move|p1a: Quaquaval|Knock Off|p2a: Dracovish\n|-damage|p2a: Dracovish|0 fnt\n|faint|p2a: Dracovish\n|-ability|p1a: Quaquaval|Moxie|boost\n|-boost|p1a: Quaquaval|atk|1\n|-damage|p1a: Quaquaval|51\/100|[from] item: Life Orb\n|\n|upkeep\n|\n|t:|1698633787\n|switch|p2a: Garchomp|Garchomp, F|39\/100\n|turn|29\n|\n|t:|1698633794\n|move|p1a: Quaquaval|Aqua Step|p2a: Garchomp\n|-damage|p2a: Garchomp|0 fnt\n|-boost|p1a: Quaquaval|spe|1\n|-damage|p1a: Quaquaval|38\/100|[from] ability: Rough Skin|[of] p2a: Garchomp\n|faint|p2a: Garchomp\n|-ability|p1a: Quaquaval|Moxie|boost\n|-boost|p1a: Quaquaval|atk|1\n|-damage|p1a: Quaquaval|28\/100|[from] item: Life Orb\n|\n|upkeep\n|\n|t:|1698633804\n|switch|p2a: Kingambit|Kingambit, M|100\/100\n|-activate|p2a: Kingambit|ability: Supreme Overlord\n|-start|p2a: Kingambit|fallen5|[silent]\n|turn|30\n|\n|t:|1698633809\n|move|p1a: Quaquaval|Roost|p1a: Quaquaval\n|-heal|p1a: Quaquaval|79\/100\n|-singleturn|p1a: Quaquaval|move: Roost\n|move|p2a: Kingambit|Kowtow Cleave|p1a: Quaquaval\n|-resisted|p1a: Quaquaval\n|-damage|p1a: Quaquaval|14\/100\n|\n|upkeep\n|turn|31\n|\n|t:|1698633818\n|move|p1a: Quaquaval|Roost|p1a: Quaquaval\n|-heal|p1a: Quaquaval|64\/100\n|-singleturn|p1a: Quaquaval|move: Roost\n|move|p2a: Kingambit|Kowtow Cleave|p1a: Quaquaval\n|-resisted|p1a: Quaquaval\n|-damage|p1a: Quaquaval|4\/100\n|\n|upkeep\n|turn|32\n|\n|t:|1698633828\n|move|p2a: Kingambit|Sucker Punch|p1a: Quaquaval\n|-resisted|p1a: Quaquaval\n|-damage|p1a: Quaquaval|0 fnt\n|faint|p1a: Quaquaval\n|\n|win|Ishida_Pendragon\n|raw|ronaj's rating: 1000 &rarr; <strong>1000<\/strong><br \/>(+0 for losing)\n|raw|Ishida_Pendragon's rating: 1000 &rarr; <strong>1040<\/strong><br \/>(+40 for winning)\n","uploadtime":1698633838,"views":10,"p1id":"ronaj","p2id":"ishidapendragon","formatid":"gen9nationaldexubers","rating":1000,"private":0,"password":""}