{"id":"gen9nationaldexubers-1979139712","p1":"Jothis","p2":"KavinKM7","format":"[Gen 9] National Dex Ubers","log":"|j|\u2606Jothis\n|j|\u2606KavinKM7\n|t:|1698637735\n|gametype|singles\n|player|p1|Jothis|266|\n|player|p2|KavinKM7|265|\n|teamsize|p1|6\n|teamsize|p2|6\n|gen|9\n|tier|[Gen 9] National Dex Ubers\n|rule|HP Percentage Mod: HP is shown in percentages\n|rule|Endless Battle Clause: Forcing endless battles is banned\n|rule|OHKO Clause: OHKO moves are banned\n|rule|Evasion Moves Clause: Evasion moves are banned\n|rule|Evasion Items Clause: Evasion items are banned\n|rule|Species Clause: Limit one of each Pok\u00e9mon\n|rule|Sleep Clause Mod: Limit one foe put to sleep\n|rule|Mega Rayquaza Clause: You cannot mega evolve Rayquaza\n|clearpoke\n|poke|p1|Baxcalibur, M|\n|poke|p1|Cyclizar, F|\n|poke|p1|Lucario, F|\n|poke|p1|Sceptile, M|\n|poke|p1|Alakazam, F|\n|poke|p1|Arceus-Ghost|\n|poke|p2|Diancie|\n|poke|p2|Kartana|\n|poke|p2|Kyurem|\n|poke|p2|Zamazenta-*|\n|poke|p2|Yveltal|\n|poke|p2|Xerneas-*|\n|teampreview\n|inactive|Battle timer is ON: inactive players will automatically lose when time's up. (requested by Jothis)\n|inactive|KavinKM7 has 270 seconds left.\n|\n|t:|1698637771\n|start\n|switch|p1a: Arceus|Arceus-Ghost|100\/100\n|switch|p2a: Yveltal|Yveltal|100\/100\n|-ability|p2a: Yveltal|Dark Aura\n|turn|1\n|inactive|KavinKM7 has 270 seconds left.\n|\n|t:|1698637802\n|move|p1a: Arceus|Extreme Speed|p2a: Yveltal\n|-damage|p2a: Yveltal|77\/100\n|move|p2a: Yveltal|Knock Off|p1a: Arceus\n|-supereffective|p1a: Arceus\n|-damage|p1a: Arceus|43\/100\n|\n|upkeep\n|turn|2\n|\n|t:|1698637814\n|switch|p1a: Lucario|Lucario, F|100\/100\n|move|p2a: Yveltal|Oblivion Wing|p1a: Lucario\n|-damage|p1a: Lucario|30\/100\n|-heal|p2a: Yveltal|100\/100|[from] drain|[of] p1a: Lucario\n|\n|upkeep\n|turn|3\n|inactive|KavinKM7 has 270 seconds left.\n|\n|t:|1698637840\n|detailschange|p1a: Lucario|Lucario-Mega, F\n|-mega|p1a: Lucario|Lucario|Lucarionite\n|move|p1a: Lucario|Close Combat|p2a: Yveltal\n|-damage|p2a: Yveltal|18\/100\n|-unboost|p1a: Lucario|def|1\n|-unboost|p1a: Lucario|spd|1\n|move|p2a: Yveltal|Oblivion Wing|p1a: Lucario\n|-damage|p1a: Lucario|0 fnt\n|-heal|p2a: Yveltal|31\/100|[from] drain|[of] p1a: Lucario\n|faint|p1a: Lucario\n|\n|upkeep\n|\n|t:|1698637859\n|switch|p1a: Arceus|Arceus-Ghost|43\/100\n|turn|4\n|inactive|KavinKM7 has 270 seconds left.\n|\n|t:|1698637872\n|-zpower|p1a: Arceus\n|move|p1a: Arceus|Never-Ending Nightmare|p2a: Yveltal|[zeffect]\n|-resisted|p2a: Yveltal\n|-damage|p2a: Yveltal|4\/100\n|move|p2a: Yveltal|Oblivion Wing|p1a: Arceus\n|-damage|p1a: Arceus|9\/100\n|-heal|p2a: Yveltal|25\/100|[from] drain|[of] p1a: Arceus\n|\n|upkeep\n|turn|5\n|inactive|KavinKM7 has 270 seconds left.\n|\n|t:|1698637892\n|move|p1a: Arceus|Extreme Speed|p2a: Yveltal\n|-damage|p2a: Yveltal|4\/100\n|move|p2a: Yveltal|Dark Pulse|p1a: Arceus\n|-supereffective|p1a: Arceus\n|-damage|p1a: Arceus|0 fnt\n|faint|p1a: Arceus\n|\n|upkeep\n|\n|t:|1698637898\n|switch|p1a: Baxcalibur|Baxcalibur, M|100\/100\n|turn|6\n|\n|t:|1698637916\n|-terastallize|p1a: Baxcalibur|Dragon\n|move|p1a: Baxcalibur|Scale Shot|p2a: Yveltal\n|-damage|p2a: Yveltal|0 fnt\n|faint|p2a: Yveltal\n|-hitcount|p2: Yveltal|1\n|-unboost|p1a: Baxcalibur|def|1\n|-boost|p1a: Baxcalibur|spe|1\n|\n|upkeep\n|\n|t:|1698637926\n|switch|p2a: Xerneas|Xerneas, shiny|100\/100\n|-ability|p2a: Xerneas|Fairy Aura\n|turn|7\n|\n|t:|1698637941\n|move|p1a: Baxcalibur|Icicle Spear|p2a: Xerneas\n|-damage|p2a: Xerneas|89\/100\n|-damage|p2a: Xerneas|79\/100\n|-damage|p2a: Xerneas|67\/100\n|-damage|p2a: Xerneas|56\/100\n|-hitcount|p2a: Xerneas|4\n|move|p2a: Xerneas|Geomancy||[still]\n|-prepare|p2a: Xerneas|Geomancy\n|-enditem|p2a: Xerneas|Power Herb\n|-anim|p2a: Xerneas|Geomancy|p2a: Xerneas\n|-boost|p2a: Xerneas|spa|2\n|-boost|p2a: Xerneas|spd|2\n|-boost|p2a: Xerneas|spe|2\n|\n|upkeep\n|turn|8\n|\n|t:|1698637962\n|move|p2a: Xerneas|Moonblast|p1a: Baxcalibur\n|-supereffective|p1a: Baxcalibur\n|-damage|p1a: Baxcalibur|0 fnt\n|faint|p1a: Baxcalibur\n|\n|upkeep\n|\n|t:|1698637966\n|switch|p1a: Alakazam|Alakazam, F|100\/100\n|turn|9\n|\n|t:|1698637972\n|move|p2a: Xerneas|Moonblast|p1a: Alakazam\n|-damage|p1a: Alakazam|0 fnt\n|faint|p1a: Alakazam\n|\n|upkeep\n|\n|t:|1698637974\n|switch|p1a: Cyclizar|Cyclizar, F|100\/100\n|turn|10\n|\n|t:|1698637989\n|move|p1a: Cyclizar|Shed Tail|p1a: Cyclizar\n|-start|p1a: Cyclizar|Substitute|[from] move: Shed Tail\n|-damage|p1a: Cyclizar|50\/100\n|\n|t:|1698637992\n|switch|p1a: Sceptile|Sceptile, M|100\/100|[from] Shed Tail\n|move|p2a: Xerneas|Moonblast|p1a: Sceptile\n|-end|p1a: Sceptile|Substitute\n|\n|upkeep\n|turn|11\n|\n|t:|1698638001\n|move|p2a: Xerneas|Moonblast|p1a: Sceptile\n|-damage|p1a: Sceptile|0 fnt\n|faint|p1a: Sceptile\n|\n|upkeep\n|\n|t:|1698638004\n|switch|p1a: Cyclizar|Cyclizar, F|50\/100\n|turn|12\n|\n|t:|1698638009\n|move|p1a: Cyclizar|Knock Off|p2a: Xerneas\n|-resisted|p2a: Xerneas\n|-damage|p2a: Xerneas|49\/100\n|move|p2a: Xerneas|Moonblast|p1a: Cyclizar\n|-supereffective|p1a: Cyclizar\n|-damage|p1a: Cyclizar|0 fnt\n|faint|p1a: Cyclizar\n|\n|win|KavinKM7\n|l|\u2606Jothis\n","uploadtime":1698638020,"views":12,"p1id":"jothis","p2id":"kavinkm7","formatid":"gen9nationaldexubers","rating":0,"private":0,"password":""}