{"id":"gen9nationaldexubers-1989799852","p1":"Shido464","p2":"MarcosGCR1234","format":"[Gen 9] National Dex Ubers","log":"|j|\u2606Shido464\n|j|\u2606MarcosGCR1234\n|t:|1699896771\n|gametype|singles\n|player|p1|Shido464|shadowtriad|1107\n|player|p2|MarcosGCR1234|hilbert|1194\n|teamsize|p1|6\n|teamsize|p2|6\n|gen|9\n|tier|[Gen 9] National Dex Ubers\n|rated|\n|rule|HP Percentage Mod: HP is shown in percentages\n|rule|Endless Battle Clause: Forcing endless battles is banned\n|rule|OHKO Clause: OHKO moves are banned\n|rule|Evasion Moves Clause: Evasion moves are banned\n|rule|Evasion Items Clause: Evasion items are banned\n|rule|Species Clause: Limit one of each Pok\u00e9mon\n|rule|Sleep Clause Mod: Limit one foe put to sleep\n|rule|Mega Rayquaza Clause: You cannot mega evolve Rayquaza\n|clearpoke\n|poke|p1|Blaziken, M|\n|poke|p1|Blissey, F|\n|poke|p1|Beedrill, M|\n|poke|p1|Basculin-White-Striped, M|\n|poke|p1|Braviary-Hisui, M|\n|poke|p1|Brute Bonnet|\n|poke|p2|Blaziken, M|\n|poke|p2|Ursaluna, M|\n|poke|p2|Espathra, F|\n|poke|p2|Serperior, M|\n|poke|p2|Azumarill, F|\n|poke|p2|Gliscor, M|\n|teampreview\n|inactive|Battle timer is ON: inactive players will automatically lose when time's up. (requested by Shido464)\n|\n|t:|1699896782\n|start\n|switch|p1a: Beedrill|Beedrill, M|100\/100\n|switch|p2a: Azumarill|Azumarill, F|100\/100\n|turn|1\n|\n|t:|1699896788\n|detailschange|p1a: Beedrill|Beedrill-Mega, M\n|-mega|p1a: Beedrill|Beedrill|Beedrillite\n|move|p1a: Beedrill|Poison Jab|p2a: Azumarill\n|-supereffective|p2a: Azumarill\n|-damage|p2a: Azumarill|0 fnt\n|faint|p2a: Azumarill\n|\n|upkeep\n|\n|t:|1699896793\n|switch|p2a: Blaziken|Blaziken, M|100\/100\n|turn|2\n|\n|t:|1699896798\n|detailschange|p2a: Blaziken|Blaziken-Mega, M\n|-mega|p2a: Blaziken|Blaziken|Blazikenite\n|move|p1a: Beedrill|U-turn|p2a: Blaziken\n|-resisted|p2a: Blaziken\n|-damage|p2a: Blaziken|81\/100\n|\n|t:|1699896803\n|switch|p1a: Braviary|Braviary-Hisui, M|100\/100|[from] U-turn\n|move|p2a: Blaziken|Blaze Kick|p1a: Braviary\n|-damage|p1a: Braviary|57\/100\n|\n|-ability|p2a: Blaziken|Speed Boost|boost\n|-boost|p2a: Blaziken|spe|1\n|upkeep\n|turn|3\n|\n|t:|1699896809\n|move|p2a: Blaziken|Stone Edge|p1a: Braviary|[miss]\n|-miss|p2a: Blaziken|p1a: Braviary\n|move|p1a: Braviary|Esper Wing|p2a: Blaziken\n|-supereffective|p2a: Blaziken\n|-damage|p2a: Blaziken|4\/100\n|-boost|p1a: Braviary|spe|1\n|\n|-ability|p2a: Blaziken|Speed Boost|boost\n|-boost|p2a: Blaziken|spe|1\n|upkeep\n|turn|4\n|\n|t:|1699896813\n|move|p2a: Blaziken|Stone Edge|p1a: Braviary\n|-supereffective|p1a: Braviary\n|-crit|p1a: Braviary\n|-damage|p1a: Braviary|0 fnt\n|faint|p1a: Braviary\n|\n|-ability|p2a: Blaziken|Speed Boost|boost\n|-boost|p2a: Blaziken|spe|1\n|upkeep\n|\n|t:|1699896820\n|switch|p1a: Brute Bonnet|Brute Bonnet|100\/100\n|turn|5\n|\n|t:|1699896823\n|move|p1a: Brute Bonnet|Sucker Punch|p2a: Blaziken\n|-resisted|p2a: Blaziken\n|-damage|p2a: Blaziken|0 fnt\n|faint|p2a: Blaziken\n|\n|upkeep\n|\n|t:|1699896831\n|switch|p2a: Marsh|Ursaluna, M|100\/100\n|turn|6\n|\n|t:|1699896841\n|move|p1a: Brute Bonnet|Bullet Seed|p2a: Marsh\n|-supereffective|p2a: Marsh\n|-damage|p2a: Marsh|79\/100\n|-supereffective|p2a: Marsh\n|-damage|p2a: Marsh|60\/100\n|-hitcount|p2a: Marsh|2\n|move|p2a: Marsh|Fire Punch|p1a: Brute Bonnet\n|-supereffective|p1a: Brute Bonnet\n|-damage|p1a: Brute Bonnet|54\/100\n|\n|-status|p2a: Marsh|brn|[from] item: Flame Orb\n|upkeep\n|turn|7\n|l|\u2606Shido464\n|inactive|Shido464 disconnected and has a minute to reconnect!\n|player|p1|\n|j|\u2606Shido464\n|inactive|Shido464 reconnected and has 120 seconds left.\n|player|p1|Shido464|shadowtriad\n|\n|t:|1699896874\n|move|p1a: Brute Bonnet|Bullet Seed|p2a: Marsh\n|-supereffective|p2a: Marsh\n|-damage|p2a: Marsh|41\/100 brn\n|-supereffective|p2a: Marsh\n|-damage|p2a: Marsh|18\/100 brn\n|-supereffective|p2a: Marsh\n|-damage|p2a: Marsh|0 fnt\n|faint|p2a: Marsh\n|-hitcount|p2: Marsh|3\n|\n|upkeep\n|\n|t:|1699896882\n|switch|p2a: Clifside|Gliscor, M|100\/100\n|turn|8\n|\n|t:|1699896891\n|move|p2a: Clifside|Dual Wingbeat|p1a: Brute Bonnet\n|-supereffective|p1a: Brute Bonnet\n|-damage|p1a: Brute Bonnet|31\/100\n|-supereffective|p1a: Brute Bonnet\n|-damage|p1a: Brute Bonnet|10\/100\n|-hitcount|p1a: Brute Bonnet|2\n|move|p1a: Brute Bonnet|Spore|p2a: Clifside\n|-status|p2a: Clifside|slp|[from] move: Spore\n|\n|upkeep\n|turn|9\n|\n|t:|1699896902\n|cant|p2a: Clifside|slp\n|move|p1a: Brute Bonnet|Bullet Seed|p2a: Clifside\n|-damage|p2a: Clifside|90\/100 slp\n|-damage|p2a: Clifside|80\/100 slp\n|-hitcount|p2a: Clifside|2\n|\n|upkeep\n|turn|10\n|\n|t:|1699896904\n|cant|p2a: Clifside|slp\n|move|p1a: Brute Bonnet|Bullet Seed|p2a: Clifside\n|-damage|p2a: Clifside|69\/100 slp\n|-damage|p2a: Clifside|58\/100 slp\n|-damage|p2a: Clifside|47\/100 slp\n|-damage|p2a: Clifside|35\/100 slp\n|-damage|p2a: Clifside|24\/100 slp\n|-hitcount|p2a: Clifside|5\n|\n|upkeep\n|turn|11\n|\n|t:|1699896909\n|move|p1a: Brute Bonnet|Sucker Punch|p2a: Clifside\n|-damage|p2a: Clifside|0 fnt\n|faint|p2a: Clifside\n|\n|upkeep\n|\n|t:|1699896913\n|switch|p2a: Serperior|Serperior, M, shiny|100\/100\n|turn|12\n|\n|t:|1699896916\n|move|p1a: Brute Bonnet|Sucker Punch|p2a: Serperior\n|-damage|p2a: Serperior|55\/100\n|move|p2a: Serperior|Hidden Power|p1a: Brute Bonnet\n|-supereffective|p1a: Brute Bonnet\n|-damage|p1a: Brute Bonnet|0 fnt\n|faint|p1a: Brute Bonnet\n|-end|p1a: Brute Bonnet|Protosynthesis|[silent]\n|\n|-heal|p2a: Serperior|61\/100|[from] item: Leftovers\n|upkeep\n|\n|t:|1699896920\n|switch|p1a: Beedrill|Beedrill-Mega, M|100\/100\n|turn|13\n|\n|t:|1699896928\n|move|p1a: Beedrill|Fell Stinger|p2a: Serperior\n|-supereffective|p2a: Serperior\n|-damage|p2a: Serperior|0 fnt\n|faint|p2a: Serperior\n|-boost|p1a: Beedrill|atk|3\n|\n|upkeep\n|\n|t:|1699896932\n|switch|p2a: Espathra|Espathra, F|100\/100\n|turn|14\n|\n|t:|1699896939\n|move|p1a: Beedrill|U-turn|p2a: Espathra\n|-supereffective|p2a: Espathra\n|-damage|p2a: Espathra|0 fnt\n|faint|p2a: Espathra\n|\n|win|Shido464\n|raw|Shido464's rating: 1107 &rarr; <strong>1138<\/strong><br \/>(+31 for winning)\n|raw|MarcosGCR1234's rating: 1194 &rarr; <strong>1163<\/strong><br \/>(-31 for losing)\n|l|\u2606MarcosGCR1234\n","uploadtime":1699896945,"views":6,"p1id":"shido464","p2id":"marcosgcr1234","formatid":"gen9nationaldexubers","rating":1138,"private":0,"password":""}