{"id":"gen9nationaldexubers-1997827287","p1":"AJEZ","p2":"Ash Ketchum344","format":"[Gen 9] National Dex Ubers","log":"|j|\u2606AJEZ\n|j|\u2606Ash Ketchum344\n|t:|1700856991\n|gametype|singles\n|player|p1|AJEZ|265|1034\n|player|p2|Ash Ketchum344|lucas-gen4pt|1095\n|teamsize|p1|6\n|teamsize|p2|6\n|gen|9\n|tier|[Gen 9] National Dex Ubers\n|rated|\n|rule|HP Percentage Mod: HP is shown in percentages\n|rule|Endless Battle Clause: Forcing endless battles is banned\n|rule|OHKO Clause: OHKO moves are banned\n|rule|Evasion Moves Clause: Evasion moves are banned\n|rule|Evasion Items Clause: Evasion items are banned\n|rule|Species Clause: Limit one of each Pok\u00e9mon\n|rule|Sleep Clause Mod: Limit one foe put to sleep\n|rule|Mega Rayquaza Clause: You cannot mega evolve Rayquaza\n|clearpoke\n|poke|p1|Darmanitan-Galar, F|\n|poke|p1|Grimmsnarl, M|\n|poke|p1|Marshadow|\n|poke|p1|Ho-Oh|\n|poke|p1|Mewtwo|\n|poke|p1|Walking Wake|\n|poke|p2|Lucario, M|\n|poke|p2|Dragonite, F|\n|poke|p2|Dracovish|\n|poke|p2|Gengar, M|\n|poke|p2|Sirfetch\u2019d, M|\n|poke|p2|Raichu, F|\n|teampreview\n|inactive|Battle timer is ON: inactive players will automatically lose when time's up. (requested by Ash Ketchum344)\n|\n|t:|1700857007\n|start\n|switch|p1a: Ho-Oh|Ho-Oh|100\/100\n|switch|p2a: Raichu|Raichu, F|100\/100\n|turn|1\n|inactive|AJEZ has 120 seconds left.\n|\n|t:|1700857052\n|-terastallize|p1a: Ho-Oh|Fire\n|-zpower|p2a: Raichu\n|move|p2a: Raichu|Gigavolt Havoc|p1a: Ho-Oh|[zeffect]\n|-damage|p1a: Ho-Oh|49\/100\n|move|p1a: Ho-Oh|Toxic|p2a: Raichu\n|-status|p2a: Raichu|tox\n|\n|-heal|p1a: Ho-Oh|56\/100|[from] item: Leftovers\n|-damage|p2a: Raichu|94\/100 tox|[from] psn\n|upkeep\n|turn|2\n|\n|t:|1700857062\n|move|p2a: Raichu|Surf|p1a: Ho-Oh\n|-supereffective|p1a: Ho-Oh\n|-damage|p1a: Ho-Oh|35\/100\n|move|p1a: Ho-Oh|Recover|p1a: Ho-Oh\n|-heal|p1a: Ho-Oh|85\/100\n|\n|-heal|p1a: Ho-Oh|92\/100|[from] item: Leftovers\n|-damage|p2a: Raichu|82\/100 tox|[from] psn\n|upkeep\n|turn|3\n|\n|t:|1700857073\n|move|p2a: Raichu|Volt Tackle|p1a: Ho-Oh\n|-damage|p1a: Ho-Oh|59\/100\n|-damage|p2a: Raichu|65\/100 tox|[from] Recoil\n|move|p1a: Ho-Oh|Sacred Fire|p2a: Raichu\n|-damage|p2a: Raichu|0 fnt\n|faint|p2a: Raichu\n|\n|-heal|p1a: Ho-Oh|65\/100|[from] item: Leftovers\n|upkeep\n|\n|t:|1700857082\n|switch|p2a: Dracovish|Dracovish|100\/100\n|turn|4\n|inactive|AJEZ has 120 seconds left.\n|\n|t:|1700857090\n|move|p2a: Dracovish|Fishious Rend|p1a: Ho-Oh\n|-supereffective|p1a: Ho-Oh\n|-damage|p1a: Ho-Oh|0 fnt\n|faint|p1a: Ho-Oh\n|\n|upkeep\n|inactive|AJEZ has 120 seconds left.\n|\n|t:|1700857109\n|switch|p1a: Mewtwo|Mewtwo|100\/100\n|-ability|p1a: Mewtwo|Unnerve\n|turn|5\n|\n|t:|1700857116\n|detailschange|p1a: Mewtwo|Mewtwo-Mega-Y\n|-mega|p1a: Mewtwo|Mewtwo|Mewtwonite Y\n|move|p1a: Mewtwo|Trailblaze|p2a: Dracovish\n|-damage|p2a: Dracovish|86\/100\n|-boost|p1a: Mewtwo|spe|1\n|move|p2a: Dracovish|Fishious Rend|p1a: Mewtwo\n|-damage|p1a: Mewtwo|37\/100\n|\n|upkeep\n|turn|6\n|inactive|AJEZ has 120 seconds left.\n|\n|t:|1700857131\n|move|p1a: Mewtwo|Psystrike|p2a: Dracovish\n|-damage|p2a: Dracovish|9\/100\n|move|p2a: Dracovish|Fishious Rend|p1a: Mewtwo\n|-damage|p1a: Mewtwo|0 fnt\n|faint|p1a: Mewtwo\n|\n|upkeep\n|\n|t:|1700857136\n|switch|p1a: Darmanitan|Darmanitan-Galar, F|100\/100\n|turn|7\n|\n|t:|1700857140\n|move|p1a: Darmanitan|Icicle Crash|p2a: Dracovish\n|-damage|p2a: Dracovish|0 fnt\n|faint|p2a: Dracovish\n|\n|upkeep\n|\n|t:|1700857148\n|switch|p2a: Lucario|Lucario, M|100\/100\n|turn|8\n|\n|t:|1700857167\n|switch|p1a: Walking Wake|Walking Wake|100\/100\n|detailschange|p2a: Lucario|Lucario-Mega, M\n|-mega|p2a: Lucario|Lucario|Lucarionite\n|move|p2a: Lucario|Bulk Up|p2a: Lucario\n|-boost|p2a: Lucario|atk|1\n|-boost|p2a: Lucario|def|1\n|\n|upkeep\n|turn|9\n|\n|t:|1700857181\n|move|p2a: Lucario|Close Combat|p1a: Walking Wake\n|-damage|p1a: Walking Wake|0 fnt\n|-unboost|p2a: Lucario|def|1\n|-unboost|p2a: Lucario|spd|1\n|faint|p1a: Walking Wake\n|-end|p1a: Walking Wake|Protosynthesis|[silent]\n|\n|upkeep\n|\n|t:|1700857188\n|switch|p1a: Grimmsnarl|Grimmsnarl, M|100\/100\n|turn|10\n|\n|t:|1700857191\n|move|p2a: Lucario|Bullet Punch|p1a: Grimmsnarl\n|-supereffective|p1a: Grimmsnarl\n|-damage|p1a: Grimmsnarl|10\/100\n|move|p1a: Grimmsnarl|Reflect|p1a: Grimmsnarl\n|-sidestart|p1: AJEZ|Reflect\n|\n|upkeep\n|turn|11\n|\n|t:|1700857195\n|move|p2a: Lucario|Bullet Punch|p1a: Grimmsnarl\n|-supereffective|p1a: Grimmsnarl\n|-damage|p1a: Grimmsnarl|0 fnt\n|faint|p1a: Grimmsnarl\n|\n|upkeep\n|\n|t:|1700857203\n|switch|p1a: Darmanitan|Darmanitan-Galar, F|100\/100\n|turn|12\n|\n|t:|1700857206\n|move|p1a: Darmanitan|Flare Blitz|p2a: Lucario\n|-supereffective|p2a: Lucario\n|-damage|p2a: Lucario|0 fnt\n|faint|p2a: Lucario\n|-damage|p1a: Darmanitan|74\/100|[from] Recoil\n|\n|upkeep\n|\n|t:|1700857221\n|switch|p2a: Sirfetch\u2019d|Sirfetch\u2019d, M|100\/100\n|turn|13\n|\n|t:|1700857237\n|move|p1a: Darmanitan|Flare Blitz|p2a: Sirfetch\u2019d\n|-damage|p2a: Sirfetch\u2019d|25\/100\n|-damage|p1a: Darmanitan|51\/100|[from] Recoil\n|move|p2a: Sirfetch\u2019d|Close Combat|p1a: Darmanitan\n|-supereffective|p1a: Darmanitan\n|-damage|p1a: Darmanitan|0 fnt\n|-unboost|p2a: Sirfetch\u2019d|def|1\n|-unboost|p2a: Sirfetch\u2019d|spd|1\n|faint|p1a: Darmanitan\n|\n|upkeep\n|\n|t:|1700857241\n|switch|p1a: Marshadow|Marshadow|100\/100\n|turn|14\n|\n|t:|1700857254\n|move|p1a: Marshadow|Shadow Sneak|p2a: Sirfetch\u2019d\n|-damage|p2a: Sirfetch\u2019d|0 fnt\n|faint|p2a: Sirfetch\u2019d\n|\n|upkeep\n|\n|t:|1700857261\n|switch|p2a: Gengar|Gengar, M|100\/100\n|turn|15\n|\n|t:|1700857273\n|-terastallize|p2a: Gengar|Fairy\n|move|p1a: Marshadow|Bulk Up|p1a: Marshadow\n|-boost|p1a: Marshadow|atk|1\n|-boost|p1a: Marshadow|def|1\n|move|p2a: Gengar|Shadow Ball|p1a: Marshadow\n|-supereffective|p1a: Marshadow\n|-damage|p1a: Marshadow|0 fnt\n|faint|p1a: Marshadow\n|\n|win|Ash Ketchum344\n|raw|AJEZ's rating: 1034 &rarr; <strong>1022<\/strong><br \/>(-12 for losing)\n|raw|Ash Ketchum344's rating: 1095 &rarr; <strong>1116<\/strong><br \/>(+21 for winning)\n|l|\u2606AJEZ\n","uploadtime":1700857286,"views":1,"p1id":"ajez","p2id":"ashketchum344","formatid":"gen9nationaldexubers","rating":1022,"private":0,"password":""}