{"id":"gen9nationaldexubers-1996525269","p1":"Ronin0789","p2":"Morohathepupper","format":"[Gen 9] National Dex Ubers","log":"|j|\u2606Ronin0789\n|j|\u2606Morohathepupper\n|t:|1700690605\n|gametype|singles\n|player|p1|Ronin0789|red|1328\n|player|p2|Morohathepupper|gambler|1394\n|teamsize|p1|6\n|teamsize|p2|6\n|gen|9\n|tier|[Gen 9] National Dex Ubers\n|rated|\n|rule|HP Percentage Mod: HP is shown in percentages\n|rule|Endless Battle Clause: Forcing endless battles is banned\n|rule|OHKO Clause: OHKO moves are banned\n|rule|Evasion Moves Clause: Evasion moves are banned\n|rule|Evasion Items Clause: Evasion items are banned\n|rule|Species Clause: Limit one of each Pok\u00e9mon\n|rule|Sleep Clause Mod: Limit one foe put to sleep\n|rule|Mega Rayquaza Clause: You cannot mega evolve Rayquaza\n|clearpoke\n|poke|p1|Slurpuff, F|\n|poke|p1|Groudon|\n|poke|p1|Eternatus|\n|poke|p1|Mimikyu, M|\n|poke|p1|Zacian-*|\n|poke|p1|Blastoise, F|\n|poke|p2|Shuckle, M|\n|poke|p2|Pyukumuku, F|\n|poke|p2|Groudon|\n|poke|p2|Necrozma-Dusk-Mane|\n|poke|p2|Zygarde|\n|poke|p2|Yveltal|\n|teampreview\n|inactive|Battle timer is ON: inactive players will automatically lose when time's up. (requested by Ronin0789)\n|\n|t:|1700690619\n|start\n|switch|p1a: Blastoise|Blastoise, F|100\/100\n|switch|p2a: Necrozma|Necrozma-Dusk-Mane|100\/100\n|turn|1\n|c|\u2606Morohathepupper|Slurpuff? Magic guard\n|\n|t:|1700690640\n|detailschange|p1a: Blastoise|Blastoise-Mega, F\n|-mega|p1a: Blastoise|Blastoise|Blastoisinite\n|move|p1a: Blastoise|Ice Beam|p2a: Necrozma\n|-resisted|p2a: Necrozma\n|-damage|p2a: Necrozma|80\/100\n|-status|p2a: Necrozma|frz\n|cant|p2a: Necrozma|frz\n|\n|upkeep\n|turn|2\n|c|\u2606Morohathepupper|Fuck\n|c|\u2606Ronin0789|cagada\n|c|\u2606Ronin0789|ksksks\n|\n|t:|1700690659\n|move|p1a: Blastoise|Scald|p2a: Necrozma\n|-damage|p2a: Necrozma|29\/100 frz\n|-curestatus|p2a: Necrozma|frz|[msg]\n|move|p2a: Necrozma|Dragon Dance|p2a: Necrozma\n|-boost|p2a: Necrozma|atk|1\n|-boost|p2a: Necrozma|spe|1\n|\n|upkeep\n|turn|3\n|\n|t:|1700690670\n|detailschange|p2a: Necrozma|Necrozma-Ultra\n|-burst|p2a: Necrozma|Necrozma|Ultranecrozium Z\n|move|p2a: Necrozma|Photon Geyser|p1a: Blastoise\n|-damage|p1a: Blastoise|6\/100\n|move|p1a: Blastoise|Scald|p2a: Necrozma\n|-resisted|p2a: Necrozma\n|-damage|p2a: Necrozma|1\/100\n|-status|p2a: Necrozma|brn\n|\n|-damage|p2a: Necrozma|0 fnt|[from] brn\n|faint|p2a: Necrozma\n|upkeep\n|\n|t:|1700690682\n|switch|p2a: Groudon|Groudon|100\/100\n|detailschange|p2a: Groudon|Groudon-Primal\n|-primal|p2a: Groudon|Red Orb\n|-weather|DesolateLand|[from] ability: Desolate Land|[of] p2a: Groudon\n|turn|4\n|c|\u2606Ronin0789|KSKAKAKAKAKKAKAKAA\n|c|\u2606Ronin0789|AKSKSKKSKSKSKSKSKS\n|\n|t:|1700690691\n|move|p2a: Groudon|Earthquake|p1a: Blastoise\n|-damage|p1a: Blastoise|0 fnt\n|faint|p1a: Blastoise\n|\n|-weather|DesolateLand|[upkeep]\n|upkeep\n|c|\u2606Ronin0789|,_,\n|\n|t:|1700690708\n|switch|p1a: Groudon|Groudon, shiny|100\/100\n|detailschange|p1a: Groudon|Groudon-Primal, shiny\n|-primal|p1a: Groudon|Red Orb\n|turn|5\n|c|\u2606Morohathepupper|Comence breakage\n|\n|t:|1700690720\n|move|p2a: Groudon|Earthquake|p1a: Groudon\n|-supereffective|p1a: Groudon\n|-damage|p1a: Groudon|11\/100\n|move|p1a: Groudon|Precipice Blades|p2a: Groudon|[miss]\n|-miss|p1a: Groudon|p2a: Groudon\n|\n|-weather|DesolateLand|[upkeep]\n|upkeep\n|turn|6\n|c|\u2606Morohathepupper|Hehe\n|c|\u2606Morohathepupper|Not 100=50%\n|\n|t:|1700690749\n|move|p2a: Groudon|Earthquake|p1a: Groudon\n|-supereffective|p1a: Groudon\n|-damage|p1a: Groudon|0 fnt\n|faint|p1a: Groudon\n|\n|-weather|DesolateLand|[upkeep]\n|upkeep\n|\n|t:|1700690755\n|switch|p1a: Mimikyu|Mimikyu, M|100\/100\n|turn|7\n|\n|t:|1700690762\n|move|p1a: Mimikyu|Shadow Claw|p2a: Groudon\n|-damage|p2a: Groudon|74\/100\n|-damage|p1a: Mimikyu|91\/100|[from] item: Life Orb\n|move|p2a: Groudon|Fire Punch|p1a: Mimikyu\n|-activate|p1a: Mimikyu|ability: Disguise\n|-damage|p1a: Mimikyu|91\/100\n|detailschange|p1a: Mimikyu|Mimikyu-Busted, M\n|-damage|p1a: Mimikyu|78\/100|[from] pokemon: Mimikyu-Busted\n|\n|-weather|DesolateLand|[upkeep]\n|upkeep\n|turn|8\n|\n|t:|1700690774\n|move|p1a: Mimikyu|Destiny Bond|p1a: Mimikyu\n|-singlemove|p1a: Mimikyu|Destiny Bond\n|move|p2a: Groudon|Swords Dance|p2a: Groudon\n|-boost|p2a: Groudon|atk|2\n|\n|-weather|DesolateLand|[upkeep]\n|upkeep\n|turn|9\n|\n|t:|1700690780\n|move|p1a: Mimikyu|Shadow Claw|p2a: Groudon\n|-damage|p2a: Groudon|49\/100\n|-damage|p1a: Mimikyu|68\/100|[from] item: Life Orb\n|move|p2a: Groudon|Swords Dance|p2a: Groudon\n|-boost|p2a: Groudon|atk|2\n|\n|-weather|DesolateLand|[upkeep]\n|upkeep\n|turn|10\n|\n|t:|1700690787\n|move|p1a: Mimikyu|Destiny Bond|p1a: Mimikyu\n|-singlemove|p1a: Mimikyu|Destiny Bond\n|move|p2a: Groudon|Swords Dance|p2a: Groudon\n|-boost|p2a: Groudon|atk|2\n|\n|-weather|DesolateLand|[upkeep]\n|upkeep\n|turn|11\n|\n|t:|1700690792\n|move|p1a: Mimikyu|Shadow Claw|p2a: Groudon\n|-damage|p2a: Groudon|26\/100\n|-damage|p1a: Mimikyu|58\/100|[from] item: Life Orb\n|move|p2a: Groudon|Fire Punch|p1a: Mimikyu\n|-damage|p1a: Mimikyu|0 fnt\n|faint|p1a: Mimikyu\n|\n|-weather|DesolateLand|[upkeep]\n|upkeep\n|\n|t:|1700690801\n|switch|p1a: Zacian|Zacian-Crowned, shiny|100\/100\n|-ability|p1a: Zacian|Intrepid Sword|boost\n|-boost|p1a: Zacian|atk|1\n|turn|12\n|\n|t:|1700690807\n|move|p1a: Zacian|Sacred Sword|p2a: Groudon\n|-damage|p2a: Groudon|0 fnt\n|faint|p2a: Groudon\n|-weather|none\n|\n|upkeep\n|\n|t:|1700690813\n|switch|p2a: Pyukumuku|Pyukumuku, F|100\/100\n|turn|13\n|\n|t:|1700690818\n|-terastallize|p2a: Pyukumuku|Poison\n|move|p1a: Zacian|Behemoth Blade|p2a: Pyukumuku\n|-damage|p2a: Pyukumuku|49\/100\n|move|p2a: Pyukumuku|Reflect|p2a: Pyukumuku\n|-sidestart|p2: Morohathepupper|Reflect\n|\n|-heal|p2a: Pyukumuku|55\/100|[from] item: Leftovers\n|upkeep\n|turn|14\n|\n|t:|1700690825\n|move|p1a: Zacian|Behemoth Blade|p2a: Pyukumuku\n|-damage|p2a: Pyukumuku|31\/100\n|move|p2a: Pyukumuku|Recover|p2a: Pyukumuku\n|-heal|p2a: Pyukumuku|81\/100\n|\n|-heal|p2a: Pyukumuku|87\/100|[from] item: Leftovers\n|upkeep\n|turn|15\n|c|\u2606Morohathepupper|Hah funny cucumber\n|\n|t:|1700690844\n|move|p1a: Zacian|Swords Dance|p1a: Zacian\n|-boost|p1a: Zacian|atk|2\n|move|p2a: Pyukumuku|Soak|p1a: Zacian\n|-start|p1a: Zacian|typechange|Water\n|\n|-heal|p2a: Pyukumuku|93\/100|[from] item: Leftovers\n|upkeep\n|turn|16\n|\n|t:|1700690852\n|move|p1a: Zacian|Swords Dance|p1a: Zacian\n|-boost|p1a: Zacian|atk|2\n|move|p2a: Pyukumuku|Toxic|p1a: Zacian\n|-status|p1a: Zacian|tox\n|\n|-heal|p2a: Pyukumuku|99\/100|[from] item: Leftovers\n|-damage|p1a: Zacian|94\/100 tox|[from] psn\n|upkeep\n|turn|17\n|\n|t:|1700690865\n|move|p1a: Zacian|Behemoth Blade|p2a: Pyukumuku\n|-damage|p2a: Pyukumuku|84\/100\n|move|p2a: Pyukumuku|Reflect||[still]\n|-fail|p2a: Pyukumuku\n|\n|-heal|p2a: Pyukumuku|90\/100|[from] item: Leftovers\n|-damage|p1a: Zacian|82\/100 tox|[from] psn\n|-sideend|p2: Morohathepupper|Reflect\n|upkeep\n|turn|18\n|\n|t:|1700690876\n|move|p1a: Zacian|Sacred Sword|p2a: Pyukumuku\n|-resisted|p2a: Pyukumuku\n|-damage|p2a: Pyukumuku|74\/100\n|move|p2a: Pyukumuku|Reflect|p2a: Pyukumuku\n|-sidestart|p2: Morohathepupper|Reflect\n|\n|-heal|p2a: Pyukumuku|80\/100|[from] item: Leftovers\n|-damage|p1a: Zacian|64\/100 tox|[from] psn\n|upkeep\n|turn|19\n|\n|t:|1700690891\n|move|p1a: Zacian|Behemoth Blade|p2a: Pyukumuku\n|-damage|p2a: Pyukumuku|65\/100\n|move|p2a: Pyukumuku|Soak|p1a: Zacian\n|-fail|p1a: Zacian\n|\n|-heal|p2a: Pyukumuku|71\/100|[from] item: Leftovers\n|-damage|p1a: Zacian|39\/100 tox|[from] psn\n|upkeep\n|turn|20\n|\n|t:|1700690902\n|move|p1a: Zacian|Behemoth Blade|p2a: Pyukumuku\n|-damage|p2a: Pyukumuku|53\/100\n|move|p2a: Pyukumuku|Reflect||[still]\n|-fail|p2a: Pyukumuku\n|\n|-heal|p2a: Pyukumuku|59\/100|[from] item: Leftovers\n|-damage|p1a: Zacian|8\/100 tox|[from] psn\n|upkeep\n|turn|21\n|\n|t:|1700690909\n|move|p1a: Zacian|Behemoth Blade|p2a: Pyukumuku\n|-damage|p2a: Pyukumuku|43\/100\n|move|p2a: Pyukumuku|Recover|p2a: Pyukumuku\n|-heal|p2a: Pyukumuku|93\/100\n|\n|-heal|p2a: Pyukumuku|99\/100|[from] item: Leftovers\n|-damage|p1a: Zacian|0 fnt|[from] psn\n|faint|p1a: Zacian\n|upkeep\n|c|\u2606Morohathepupper|This is gg\n|\n|t:|1700690924\n|switch|p1a: Eternatus|Eternatus|100\/100\n|-ability|p1a: Eternatus|Pressure\n|turn|22\n|c|\u2606Ronin0789|vai tomar no cu\n|c|\u2606Ronin0789|11\/9\n|c|\u2606Ronin0789|filho da puta\n|c|\u2606Ronin0789|gg \u00e9 meu cacete na sua bunda\n|c|\u2606Morohathepupper|Oh you Spanish and you swearing\n|inactive|Ronin0789 has 120 seconds left.\n|c|\u2606Ronin0789|morra\n|c|\u2606Ronin0789|spanish minha bola\n|\n|t:|1700690966\n|move|p1a: Eternatus|Dynamax Cannon|p2a: Pyukumuku\n|-damage|p2a: Pyukumuku|60\/100\n|move|p2a: Pyukumuku|Soak|p1a: Eternatus\n|-start|p1a: Eternatus|typechange|Water\n|\n|-damage|p1a: Eternatus|88\/100|[from] item: Black Sludge\n|-heal|p2a: Pyukumuku|66\/100|[from] item: Leftovers\n|-sideend|p2: Morohathepupper|Reflect\n|upkeep\n|turn|23\n|\n|t:|1700690978\n|-terastallize|p1a: Eternatus|Steel\n|move|p1a: Eternatus|Dynamax Cannon|p2a: Pyukumuku\n|-damage|p2a: Pyukumuku|40\/100\n|move|p2a: Pyukumuku|Recover|p2a: Pyukumuku\n|-heal|p2a: Pyukumuku|90\/100\n|\n|-damage|p1a: Eternatus|76\/100|[from] item: Black Sludge\n|-heal|p2a: Pyukumuku|96\/100|[from] item: Leftovers\n|upkeep\n|turn|24\n|\n|t:|1700690998\n|switch|p2a: beefasaurus rex|Zygarde|100\/100\n|move|p1a: Eternatus|Dynamax Cannon|p2a: beefasaurus rex\n|-supereffective|p2a: beefasaurus rex\n|-damage|p2a: beefasaurus rex|27\/100\n|\n|-damage|p1a: Eternatus|64\/100|[from] item: Black Sludge\n|-heal|p2a: beefasaurus rex|33\/100|[from] item: Leftovers\n|-activate|p2a: beefasaurus rex|ability: Power Construct\n|detailschange|p2a: beefasaurus rex|Zygarde-Complete\n|-heal|p2a: beefasaurus rex|56\/100|[silent]\n|upkeep\n|turn|25\n|\n|t:|1700691011\n|move|p1a: Eternatus|Dynamax Cannon|p2a: beefasaurus rex\n|-supereffective|p2a: beefasaurus rex\n|-damage|p2a: beefasaurus rex|6\/100\n|move|p2a: beefasaurus rex|Glare|p1a: Eternatus\n|-status|p1a: Eternatus|par\n|\n|-heal|p2a: beefasaurus rex|12\/100|[from] item: Leftovers\n|-damage|p1a: Eternatus|51\/100 par|[from] item: Black Sludge\n|upkeep\n|turn|26\n|\n|t:|1700691019\n|move|p2a: beefasaurus rex|Rest|p2a: beefasaurus rex\n|-status|p2a: beefasaurus rex|slp|[from] move: Rest\n|-heal|p2a: beefasaurus rex|100\/100 slp|[silent]\n|cant|p1a: Eternatus|par\n|\n|-damage|p1a: Eternatus|39\/100 par|[from] item: Black Sludge\n|upkeep\n|turn|27\n|inactive|Ronin0789 has 120 seconds left.\n|\n|t:|1700691032\n|cant|p2a: beefasaurus rex|slp\n|move|p1a: Eternatus|Dynamax Cannon|p2a: beefasaurus rex\n|-supereffective|p2a: beefasaurus rex\n|-damage|p2a: beefasaurus rex|58\/100 slp\n|\n|-heal|p2a: beefasaurus rex|64\/100 slp|[from] item: Leftovers\n|-damage|p1a: Eternatus|27\/100 par|[from] item: Black Sludge\n|upkeep\n|turn|28\n|inactive|Ronin0789 has 120 seconds left.\n|\n|t:|1700691044\n|cant|p2a: beefasaurus rex|slp\n|move|p1a: Eternatus|Dynamax Cannon|p2a: beefasaurus rex\n|-supereffective|p2a: beefasaurus rex\n|-damage|p2a: beefasaurus rex|15\/100 slp\n|\n|-heal|p2a: beefasaurus rex|21\/100 slp|[from] item: Leftovers\n|-damage|p1a: Eternatus|14\/100 par|[from] item: Black Sludge\n|upkeep\n|turn|29\n|\n|t:|1700691051\n|-curestatus|p2a: beefasaurus rex|slp|[msg]\n|move|p2a: beefasaurus rex|Thousand Arrows|p1a: Eternatus\n|-supereffective|p1a: Eternatus\n|-damage|p1a: Eternatus|0 fnt\n|faint|p1a: Eternatus\n|\n|-heal|p2a: beefasaurus rex|27\/100|[from] item: Leftovers\n|upkeep\n|\n|t:|1700691058\n|switch|p1a: Slurpuff|Slurpuff, F|100\/100\n|turn|30\n|\n|t:|1700691067\n|move|p1a: Slurpuff|Dazzling Gleam|p2a: beefasaurus rex\n|-supereffective|p2a: beefasaurus rex\n|-damage|p2a: beefasaurus rex|0 fnt\n|faint|p2a: beefasaurus rex\n|\n|upkeep\n|\n|t:|1700691071\n|switch|p2a: held pdons mantle|Yveltal|100\/100\n|-ability|p2a: held pdons mantle|Dark Aura\n|turn|31\n|\n|t:|1700691076\n|move|p2a: held pdons mantle|Taunt|p1a: Slurpuff\n|-start|p1a: Slurpuff|move: Taunt\n|cant|p1a: Slurpuff|move: Taunt|Yawn\n|\n|upkeep\n|turn|32\n|\n|t:|1700691084\n|move|p2a: held pdons mantle|Knock Off|p1a: Slurpuff\n|-resisted|p1a: Slurpuff\n|-damage|p1a: Slurpuff|62\/100\n|-enditem|p1a: Slurpuff|Focus Sash|[from] move: Knock Off|[of] p2a: held pdons mantle\n|-damage|p2a: held pdons mantle|91\/100|[from] item: Life Orb\n|move|p1a: Slurpuff|Dazzling Gleam|p2a: held pdons mantle\n|-supereffective|p2a: held pdons mantle\n|-damage|p2a: held pdons mantle|34\/100\n|\n|upkeep\n|turn|33\n|\n|t:|1700691094\n|move|p1a: Slurpuff|Dazzling Gleam|p2a: held pdons mantle\n|-supereffective|p2a: held pdons mantle\n|-damage|p2a: held pdons mantle|0 fnt\n|faint|p2a: held pdons mantle\n|\n|-end|p1a: Slurpuff|move: Taunt\n|upkeep\n|\n|t:|1700691100\n|switch|p2a: Shuckle|Shuckle, M|100\/100\n|turn|34\n|\n|t:|1700691105\n|move|p1a: Slurpuff|Yawn|p2a: Shuckle\n|-start|p2a: Shuckle|move: Yawn|[of] p1a: Slurpuff\n|move|p2a: Shuckle|Infestation|p1a: Slurpuff\n|-resisted|p1a: Slurpuff\n|-damage|p1a: Slurpuff|59\/100\n|-activate|p1a: Slurpuff|move: Infestation|[of] p2a: Shuckle\n|\n|-damage|p1a: Slurpuff|46\/100|[from] move: Infestation|[partiallytrapped]\n|upkeep\n|turn|35\n|\n|t:|1700691114\n|move|p1a: Slurpuff|Dazzling Gleam|p2a: Shuckle\n|-damage|p2a: Shuckle|74\/100\n|move|p2a: Shuckle|Toxic|p1a: Slurpuff\n|-status|p1a: Slurpuff|tox\n|\n|-damage|p1a: Slurpuff|40\/100 tox|[from] psn\n|-damage|p1a: Slurpuff|28\/100 tox|[from] move: Infestation|[partiallytrapped]\n|-end|p2a: Shuckle|move: Yawn|[silent]\n|-status|p2a: Shuckle|slp\n|upkeep\n|turn|36\n|\n|t:|1700691123\n|switch|p2a: Pyukumuku|Pyukumuku, F, tera:Poison|96\/100\n|move|p1a: Slurpuff|Dazzling Gleam|p2a: Pyukumuku\n|-resisted|p2a: Pyukumuku\n|-damage|p2a: Pyukumuku|85\/100\n|\n|-heal|p2a: Pyukumuku|91\/100|[from] item: Leftovers\n|-damage|p1a: Slurpuff|15\/100 tox|[from] psn\n|-end|p1a: Slurpuff|Infestation|[partiallytrapped]|[silent]\n|upkeep\n|turn|37\n|\n|t:|1700691132\n|move|p1a: Slurpuff|Flamethrower|p2a: Pyukumuku\n|-damage|p2a: Pyukumuku|74\/100\n|move|p2a: Pyukumuku|Reflect|p2a: Pyukumuku\n|-sidestart|p2: Morohathepupper|Reflect\n|\n|-heal|p2a: Pyukumuku|80\/100|[from] item: Leftovers\n|-damage|p1a: Slurpuff|0 fnt|[from] psn\n|faint|p1a: Slurpuff\n|\n|win|Morohathepupper\n|upkeep\n|raw|Ronin0789's rating: 1328 &rarr; <strong>1312<\/strong><br \/>(-16 for losing)\n|raw|Morohathepupper's rating: 1394 &rarr; <strong>1410<\/strong><br \/>(+16 for winning)\n","uploadtime":1700690938,"views":1,"p1id":"ronin0789","p2id":"morohathepupper","formatid":"gen9nationaldexubers","rating":1312,"private":0,"password":""}