{"id":"gen9nationaldexubers-1980953415","p1":"Denimas","p2":"Total Cojonasso","format":"[Gen 9] National Dex Ubers","log":"|j|\u2606Denimas\n|j|\u2606Total Cojonasso\n|t:|1698851880\n|gametype|singles\n|player|p1|Denimas|giovanni|1093\n|player|p2|Total Cojonasso|kieran|1088\n|teamsize|p1|6\n|teamsize|p2|6\n|gen|9\n|tier|[Gen 9] National Dex Ubers\n|rated|\n|rule|HP Percentage Mod: HP is shown in percentages\n|rule|Endless Battle Clause: Forcing endless battles is banned\n|rule|OHKO Clause: OHKO moves are banned\n|rule|Evasion Moves Clause: Evasion moves are banned\n|rule|Evasion Items Clause: Evasion items are banned\n|rule|Species Clause: Limit one of each Pok\u00e9mon\n|rule|Sleep Clause Mod: Limit one foe put to sleep\n|rule|Mega Rayquaza Clause: You cannot mega evolve Rayquaza\n|clearpoke\n|poke|p1|Sneasel-Hisui, M|\n|poke|p1|Tyrunt, F|\n|poke|p1|Dewpider, M|\n|poke|p1|Mareanie, F|\n|poke|p1|Mr. Mime-Galar, M|\n|poke|p1|Ferroseed, F|\n|poke|p2|Flutter Mane|\n|poke|p2|Banette, M|\n|poke|p2|Aegislash, M|\n|poke|p2|Gourgeist-*, M|\n|poke|p2|Blacephalon|\n|poke|p2|Annihilape, F|\n|teampreview\n|inactive|Battle timer is ON: inactive players will automatically lose when time's up. (requested by Total Cojonasso)\n|c|\u2606Denimas|hello!!\n|c|\u2606Total Cojonasso|Hmmm\n|c|\u2606Total Cojonasso|eviolite tea,\n|c|\u2606Total Cojonasso|interesting\n|c|\u2606Total Cojonasso|glhf\n|\n|t:|1698851905\n|start\n|switch|p1a: Mareanie|Mareanie, F|100\/100\n|switch|p2a: Gourgeist|Gourgeist, M|100\/100\n|-item|p1a: Mareanie|Eviolite|[from] ability: Frisk|[of] p2a: Gourgeist|[identify]\n|turn|1\n|c|\u2606Denimas|its my kind!!\n|c|\u2606Denimas|kids**!!\n|c|\u2606Total Cojonasso|Real\n|\n|t:|1698851922\n|-zpower|p2a: Gourgeist\n|move|p2a: Gourgeist|Z-Trick-or-Treat|p1a: Mareanie|[anim]Trick-or-Treat\n|-boost|p2a: Gourgeist|atk|1|[zeffect]\n|-boost|p2a: Gourgeist|def|1|[zeffect]\n|-boost|p2a: Gourgeist|spa|1|[zeffect]\n|-boost|p2a: Gourgeist|spd|1|[zeffect]\n|-boost|p2a: Gourgeist|spe|1|[zeffect]\n|-start|p1a: Mareanie|typeadd|Ghost|[from] move: Trick-or-Treat\n|move|p1a: Mareanie|Infestation|p2a: Gourgeist\n|-damage|p2a: Gourgeist|98\/100\n|-activate|p2a: Gourgeist|move: Infestation|[of] p1a: Mareanie\n|\n|-damage|p2a: Gourgeist|86\/100|[from] move: Infestation|[partiallytrapped]\n|upkeep\n|turn|2\n|\n|t:|1698851933\n|move|p2a: Gourgeist|Poltergeist|p1a: Mareanie\n|-activate|p1a: Mareanie|move: Poltergeist|Eviolite\n|-supereffective|p1a: Mareanie\n|-damage|p1a: Mareanie|0 fnt\n|faint|p1a: Mareanie\n|\n|-end|p2a: Gourgeist|Infestation|[partiallytrapped]|[silent]\n|upkeep\n|\n|t:|1698851940\n|switch|p1a: Ferroseed|Ferroseed, F|100\/100\n|turn|3\n|\n|t:|1698851950\n|move|p2a: Gourgeist|Flame Charge|p1a: Ferroseed\n|-supereffective|p1a: Ferroseed\n|-damage|p1a: Ferroseed|53\/100\n|-boost|p2a: Gourgeist|spe|1\n|-damage|p2a: Gourgeist|74\/100|[from] ability: Iron Barbs|[of] p1a: Ferroseed\n|move|p1a: Ferroseed|Knock Off|p2a: Gourgeist\n|-supereffective|p2a: Gourgeist\n|-damage|p2a: Gourgeist|62\/100\n|\n|upkeep\n|turn|4\n|\n|t:|1698851962\n|move|p2a: Gourgeist|Poltergeist|p1a: Ferroseed\n|-activate|p1a: Ferroseed|move: Poltergeist|Eviolite\n|-damage|p1a: Ferroseed|12\/100\n|move|p1a: Ferroseed|Stealth Rock|p2a: Gourgeist\n|-sidestart|p2: Total Cojonasso|move: Stealth Rock\n|\n|upkeep\n|turn|5\n|\n|t:|1698851969\n|move|p2a: Gourgeist|Poltergeist|p1a: Ferroseed\n|-activate|p1a: Ferroseed|move: Poltergeist|Eviolite\n|-damage|p1a: Ferroseed|0 fnt\n|faint|p1a: Ferroseed\n|\n|upkeep\n|\n|t:|1698851975\n|switch|p1a: Sneasel|Sneasel-Hisui, M|100\/100\n|turn|6\n|\n|t:|1698851981\n|move|p1a: Sneasel|Protect|p1a: Sneasel\n|-singleturn|p1a: Sneasel|Protect\n|move|p2a: Gourgeist|Trick-or-Treat|p1a: Sneasel\n|-activate|p1a: Sneasel|move: Protect\n|\n|upkeep\n|turn|7\n|\n|t:|1698851995\n|move|p2a: Gourgeist|Trick-or-Treat|p1a: Sneasel\n|-start|p1a: Sneasel|typeadd|Ghost|[from] move: Trick-or-Treat\n|move|p1a: Sneasel|Poison Jab|p2a: Gourgeist\n|-damage|p2a: Gourgeist|36\/100\n|\n|upkeep\n|turn|8\n|\n|t:|1698852003\n|move|p2a: Gourgeist|Poltergeist||[still]\n|-fail|p2a: Gourgeist\n|move|p1a: Sneasel|Poison Jab|p2a: Gourgeist\n|-damage|p2a: Gourgeist|11\/100\n|\n|upkeep\n|turn|9\n|c|\u2606Denimas|:)\n|c|\u2606Total Cojonasso|Huh\n|c|\u2606Total Cojonasso|kinda unusual\n|\n|t:|1698852020\n|move|p2a: Gourgeist|Power Whip|p1a: Sneasel\n|-resisted|p1a: Sneasel\n|-damage|p1a: Sneasel|21\/100\n|move|p1a: Sneasel|Poison Jab|p2a: Gourgeist\n|-damage|p2a: Gourgeist|0 fnt\n|faint|p2a: Gourgeist\n|\n|upkeep\n|\n|t:|1698852031\n|switch|p2a: Aegislash|Aegislash, M|100\/100\n|-damage|p2a: Aegislash|94\/100|[from] Stealth Rock\n|turn|10\n|\n|t:|1698852036\n|move|p1a: Sneasel|Protect|p1a: Sneasel\n|-singleturn|p1a: Sneasel|Protect\n|move|p2a: Aegislash|Swords Dance|p2a: Aegislash\n|-boost|p2a: Aegislash|atk|2\n|\n|upkeep\n|turn|11\n|\n|t:|1698852047\n|move|p1a: Sneasel|Close Combat|p2a: Aegislash\n|-immune|p2a: Aegislash\n|move|p2a: Aegislash|Swords Dance|p2a: Aegislash\n|-boost|p2a: Aegislash|atk|2\n|\n|upkeep\n|turn|12\n|c|\u2606Denimas|:(\n|c|\u2606Total Cojonasso|It\u2019s Aegiover\u2026\n|\n|t:|1698852057\n|move|p1a: Sneasel|Close Combat|p2a: Aegislash\n|-immune|p2a: Aegislash\n|move|p2a: Aegislash|Swords Dance|p2a: Aegislash\n|-boost|p2a: Aegislash|atk|2\n|\n|upkeep\n|turn|13\n|c|\u2606Denimas|noo\n|c|\u2606Denimas|my kids will revenge\n|c|\u2606Denimas|for sneasel!\n|\n|t:|1698852080\n|-terastallize|p2a: Aegislash|Ghost\n|move|p1a: Sneasel|Protect|p1a: Sneasel\n|-singleturn|p1a: Sneasel|Protect\n|-formechange|p2a: Aegislash|Aegislash-Blade||[from] ability: Stance Change\n|move|p2a: Aegislash|Shadow Sneak|p1a: Sneasel\n|-activate|p1a: Sneasel|move: Protect\n|\n|upkeep\n|turn|14\n|c|\u2606Total Cojonasso|If they evolve\n|\n|t:|1698852091\n|move|p2a: Aegislash|Shadow Sneak|p1a: Sneasel\n|-supereffective|p1a: Sneasel\n|-damage|p1a: Sneasel|0 fnt\n|faint|p1a: Sneasel\n|\n|upkeep\n|\n|t:|1698852098\n|switch|p1a: Tyrunt|Tyrunt, F|100\/100\n|turn|15\n|c|\u2606Total Cojonasso|Unburden smeasler goes hard\n|\n|t:|1698852108\n|-formechange|p2a: Aegislash|Aegislash||[from] ability: Stance Change\n|move|p2a: Aegislash|King's Shield|p2a: Aegislash\n|-singleturn|p2a: Aegislash|Protect\n|move|p1a: Tyrunt|Crunch|p2a: Aegislash\n|-activate|p2a: Aegislash|move: Protect\n|-unboost|p1a: Tyrunt|atk|1\n|\n|upkeep\n|turn|16\n|\n|t:|1698852115\n|move|p1a: Tyrunt|Crunch|p2a: Aegislash\n|-supereffective|p2a: Aegislash\n|-damage|p2a: Aegislash|62\/100\n|-unboost|p2a: Aegislash|def|1\n|-formechange|p2a: Aegislash|Aegislash-Blade||[from] ability: Stance Change\n|move|p2a: Aegislash|Iron Head|p1a: Tyrunt\n|-supereffective|p1a: Tyrunt\n|-damage|p1a: Tyrunt|0 fnt\n|faint|p1a: Tyrunt\n|\n|upkeep\n|c|\u2606Denimas|nooo\n|c|\u2606Denimas|my kiids\n|\n|t:|1698852131\n|switch|p1a: Dewpider|Dewpider, M|100\/100\n|turn|17\n|c|\u2606Total Cojonasso|Rip\n|\n|t:|1698852136\n|move|p2a: Aegislash|Shadow Sneak|p1a: Dewpider\n|-enditem|p1a: Dewpider|Focus Sash\n|-damage|p1a: Dewpider|1\/100\n|move|p1a: Dewpider|Sticky Web|p2a: Aegislash\n|-sidestart|p2: Total Cojonasso|move: Sticky Web\n|\n|upkeep\n|turn|18\n|c|\u2606Total Cojonasso|They will be remembered\n|\n|t:|1698852163\n|move|p2a: Aegislash|Shadow Sneak|p1a: Dewpider\n|-damage|p1a: Dewpider|0 fnt\n|faint|p1a: Dewpider\n|\n|upkeep\n|\n|t:|1698852167\n|switch|p1a: Mr. Mime|Mr. Mime-Galar, M|100\/100\n|turn|19\n|\n|t:|1698852172\n|move|p2a: Aegislash|Shadow Sneak|p1a: Mr. Mime\n|-supereffective|p1a: Mr. Mime\n|-damage|p1a: Mr. Mime|0 fnt\n|faint|p1a: Mr. Mime\n|\n|win|Total Cojonasso\n|raw|Denimas's rating: 1093 &rarr; <strong>1069<\/strong><br \/>(-24 for losing)\n|raw|Total Cojonasso's rating: 1088 &rarr; <strong>1115<\/strong><br \/>(+27 for winning)\n|c|\u2606Denimas|noo\n|c|\u2606Total Cojonasso|It\u2019s aegiover\u2026\n","uploadtime":1698852188,"views":6,"p1id":"denimas","p2id":"totalcojonasso","formatid":"gen9nationaldexubers","rating":1069,"private":0,"password":""}