{"id":"gen9nationaldexubers-1993896035","p1":"xiaokeen","p2":"Rhyfinn08","format":"[Gen 9] National Dex Ubers","log":"|j|\u2606xiaokeen\n|j|\u2606Rhyfinn08\n|t:|1700371631\n|gametype|singles\n|player|p1|xiaokeen|artist|1382\n|player|p2|Rhyfinn08|ninjaboy|1373\n|teamsize|p1|6\n|teamsize|p2|6\n|gen|9\n|tier|[Gen 9] National Dex Ubers\n|rated|\n|rule|HP Percentage Mod: HP is shown in percentages\n|rule|Endless Battle Clause: Forcing endless battles is banned\n|rule|OHKO Clause: OHKO moves are banned\n|rule|Evasion Moves Clause: Evasion moves are banned\n|rule|Evasion Items Clause: Evasion items are banned\n|rule|Species Clause: Limit one of each Pok\u00e9mon\n|rule|Sleep Clause Mod: Limit one foe put to sleep\n|rule|Mega Rayquaza Clause: You cannot mega evolve Rayquaza\n|clearpoke\n|poke|p1|Dragonite, F|\n|poke|p1|Nidoking, M|\n|poke|p1|Palkia|\n|poke|p1|Mewtwo|\n|poke|p1|Cinderace, F|\n|poke|p1|Melmetal|\n|poke|p2|Xerneas-*|\n|poke|p2|Marshadow|\n|poke|p2|Groudon|\n|poke|p2|Deoxys-Speed|\n|poke|p2|Necrozma-Dusk-Mane|\n|poke|p2|Pheromosa|\n|teampreview\n|inactive|Battle timer is ON: inactive players will automatically lose when time's up. (requested by Rhyfinn08)\n|\n|t:|1700371640\n|start\n|switch|p1a: Melmetal|Melmetal|100\/100\n|switch|p2a: Deoxys|Deoxys-Speed, shiny|100\/100\n|-ability|p2a: Deoxys|Pressure\n|turn|1\n|\n|t:|1700371646\n|move|p2a: Deoxys|Stealth Rock|p1a: Melmetal\n|-sidestart|p1: xiaokeen|move: Stealth Rock\n|move|p1a: Melmetal|Double Iron Bash|p2a: Deoxys\n|-damage|p2a: Deoxys|58\/100\n|-damage|p2a: Deoxys|14\/100\n|-hitcount|p2a: Deoxys|2\n|\n|upkeep\n|turn|2\n|\n|t:|1700371652\n|move|p2a: Deoxys|Spikes|p1a: Melmetal\n|-sidestart|p1: xiaokeen|Spikes\n|move|p1a: Melmetal|Double Iron Bash|p2a: Deoxys\n|-damage|p2a: Deoxys|0 fnt\n|faint|p2a: Deoxys\n|-hitcount|p2: Deoxys|1\n|\n|upkeep\n|inactive|Rhyfinn08 has 120 seconds left.\n|\n|t:|1700371688\n|switch|p2a: Groudon|Groudon, shiny|100\/100\n|detailschange|p2a: Groudon|Groudon-Primal, shiny\n|-primal|p2a: Groudon|Red Orb\n|-weather|DesolateLand|[from] ability: Desolate Land|[of] p2a: Groudon\n|turn|3\n|\n|t:|1700371695\n|move|p2a: Groudon|Flamethrower|p1a: Melmetal\n|-supereffective|p1a: Melmetal\n|-damage|p1a: Melmetal|19\/100\n|move|p1a: Melmetal|Earthquake|p2a: Groudon\n|-supereffective|p2a: Groudon\n|-damage|p2a: Groudon|58\/100\n|\n|-weather|DesolateLand|[upkeep]\n|upkeep\n|turn|4\n|\n|t:|1700371705\n|move|p2a: Groudon|Flamethrower|p1a: Melmetal\n|-supereffective|p1a: Melmetal\n|-damage|p1a: Melmetal|0 fnt\n|faint|p1a: Melmetal\n|\n|-weather|DesolateLand|[upkeep]\n|upkeep\n|\n|t:|1700371710\n|switch|p1a: Cinderace|Cinderace, F|100\/100\n|turn|5\n|\n|t:|1700371715\n|move|p1a: Cinderace|Court Change|p1a: Cinderace\n|-start|p1a: Cinderace|typechange|Normal|[from] ability: Libero\n|-swapsideconditions\n|-activate|p1a: Cinderace|move: Court Change\n|move|p2a: Groudon|Rock Polish|p2a: Groudon\n|-boost|p2a: Groudon|spe|2\n|\n|-weather|DesolateLand|[upkeep]\n|upkeep\n|turn|6\n|\n|t:|1700371724\n|move|p1a: Cinderace|Sucker Punch|p2a: Groudon\n|-damage|p2a: Groudon|44\/100\n|move|p2a: Groudon|Flamethrower|p1a: Cinderace\n|-damage|p1a: Cinderace|0 fnt\n|faint|p1a: Cinderace\n|\n|-weather|DesolateLand|[upkeep]\n|upkeep\n|\n|t:|1700371733\n|switch|p1a: Mewtwo|Mewtwo|100\/100\n|-ability|p1a: Mewtwo|Pressure\n|turn|7\n|\n|t:|1700371738\n|detailschange|p1a: Mewtwo|Mewtwo-Mega-Y\n|-mega|p1a: Mewtwo|Mewtwo|Mewtwonite Y\n|move|p2a: Groudon|Flamethrower|p1a: Mewtwo\n|-damage|p1a: Mewtwo|32\/100\n|move|p1a: Mewtwo|Psystrike|p2a: Groudon\n|-damage|p2a: Groudon|0 fnt\n|faint|p2a: Groudon\n|-weather|none\n|\n|upkeep\n|\n|t:|1700371742\n|switch|p2a: Pheromosa|Pheromosa, shiny|100\/100\n|-damage|p2a: Pheromosa|88\/100|[from] Stealth Rock\n|-damage|p2a: Pheromosa|76\/100|[from] Spikes\n|turn|8\n|\n|t:|1700371751\n|move|p2a: Pheromosa|Bug Buzz|p1a: Mewtwo\n|-supereffective|p1a: Mewtwo\n|-damage|p1a: Mewtwo|0 fnt\n|faint|p1a: Mewtwo\n|-ability|p2a: Pheromosa|Beast Boost|boost\n|-boost|p2a: Pheromosa|spe|1\n|-damage|p2a: Pheromosa|66\/100|[from] item: Life Orb\n|\n|upkeep\n|\n|t:|1700371758\n|switch|p1a: Dragonite|Dragonite, F|100\/100\n|turn|9\n|\n|t:|1700371763\n|move|p2a: Pheromosa|Taunt|p1a: Dragonite\n|-start|p1a: Dragonite|move: Taunt\n|cant|p1a: Dragonite|move: Taunt|Dragon Dance\n|\n|upkeep\n|turn|10\n|\n|t:|1700371767\n|move|p2a: Pheromosa|Ice Beam|p1a: Dragonite\n|-supereffective|p1a: Dragonite\n|-damage|p1a: Dragonite|23\/100\n|-damage|p2a: Pheromosa|56\/100|[from] item: Life Orb\n|move|p1a: Dragonite|Fire Punch|p2a: Pheromosa\n|-supereffective|p2a: Pheromosa\n|-damage|p2a: Pheromosa|0 fnt\n|faint|p2a: Pheromosa\n|\n|upkeep\n|\n|t:|1700371779\n|switch|p2a: Xerneas|Xerneas|100\/100\n|-damage|p2a: Xerneas|88\/100|[from] Stealth Rock\n|-damage|p2a: Xerneas|76\/100|[from] Spikes\n|-ability|p2a: Xerneas|Fairy Aura\n|turn|11\n|\n|t:|1700371786\n|move|p1a: Dragonite|Extreme Speed|p2a: Xerneas\n|-damage|p2a: Xerneas|52\/100\n|move|p2a: Xerneas|Geomancy||[still]\n|-prepare|p2a: Xerneas|Geomancy\n|-enditem|p2a: Xerneas|Power Herb\n|-anim|p2a: Xerneas|Geomancy|p2a: Xerneas\n|-boost|p2a: Xerneas|spa|2\n|-boost|p2a: Xerneas|spd|2\n|-boost|p2a: Xerneas|spe|2\n|\n|-end|p1a: Dragonite|move: Taunt\n|upkeep\n|turn|12\n|\n|t:|1700371803\n|move|p1a: Dragonite|Extreme Speed|p2a: Xerneas\n|-damage|p2a: Xerneas|24\/100\n|move|p2a: Xerneas|Moonblast|p1a: Dragonite\n|-supereffective|p1a: Dragonite\n|-damage|p1a: Dragonite|0 fnt\n|faint|p1a: Dragonite\n|\n|upkeep\n|\n|t:|1700371814\n|switch|p1a: Nidoking|Nidoking, M|100\/100\n|turn|13\n|inactive|Rhyfinn08 has 120 seconds left.\n|\n|t:|1700371844\n|move|p2a: Xerneas|Psyshock|p1a: Nidoking\n|-supereffective|p1a: Nidoking\n|-enditem|p1a: Nidoking|Focus Sash\n|-damage|p1a: Nidoking|1\/100\n|move|p1a: Nidoking|Sludge Wave|p2a: Xerneas\n|-supereffective|p2a: Xerneas\n|-damage|p2a: Xerneas|0 fnt\n|faint|p2a: Xerneas\n|\n|upkeep\n|inactive|Rhyfinn08 has 120 seconds left.\n|inactive|Rhyfinn08 has 90 seconds left.\n|\n|t:|1700371907\n|switch|p2a: Necrozma|Necrozma-Dusk-Mane, shiny|100\/100\n|-damage|p2a: Necrozma|95\/100|[from] Stealth Rock\n|-damage|p2a: Necrozma|82\/100|[from] Spikes\n|turn|14\n|\n|t:|1700371922\n|detailschange|p2a: Necrozma|Necrozma-Ultra, shiny\n|-burst|p2a: Necrozma|Necrozma|Ultranecrozium Z\n|move|p2a: Necrozma|Dragon Dance|p2a: Necrozma\n|-boost|p2a: Necrozma|atk|1\n|-boost|p2a: Necrozma|spe|1\n|move|p1a: Nidoking|Earth Power|p2a: Necrozma\n|-damage|p2a: Necrozma|31\/100\n|\n|upkeep\n|turn|15\n|\n|t:|1700371930\n|move|p2a: Necrozma|Photon Geyser|p1a: Nidoking\n|-supereffective|p1a: Nidoking\n|-damage|p1a: Nidoking|0 fnt\n|faint|p1a: Nidoking\n|\n|upkeep\n|\n|t:|1700371937\n|switch|p1a: Palkia|Palkia|100\/100\n|-ability|p1a: Palkia|Pressure\n|turn|16\n|\n|t:|1700371942\n|-terastallize|p1a: Palkia|Fairy\n|-zpower|p2a: Necrozma\n|move|p2a: Necrozma|Light That Burns the Sky|p1a: Palkia|[zeffect]\n|-damage|p1a: Palkia|0 fnt\n|faint|p1a: Palkia\n|\n|win|Rhyfinn08\n|raw|xiaokeen's rating: 1382 &rarr; <strong>1361<\/strong><br \/>(-21 for losing)\n|raw|Rhyfinn08's rating: 1373 &rarr; <strong>1394<\/strong><br \/>(+21 for winning)\n","uploadtime":1700371946,"views":7,"p1id":"xiaokeen","p2id":"rhyfinn08","formatid":"gen9nationaldexubers","rating":1361,"private":0,"password":""}