{"id":"gen9nationaldexubers-1990324111","p1":"pakiavatar9434","p2":"karan771973","format":"[Gen 9] National Dex Ubers","log":"|j|\u2606pakiavatar9434\n|j|\u2606karan771973\n|t:|1699956846\n|gametype|singles\n|player|p1|pakiavatar9434|dragontamer|1526\n|player|p2|karan771973|benga|1407\n|teamsize|p1|6\n|teamsize|p2|6\n|gen|9\n|tier|[Gen 9] National Dex Ubers\n|rated|\n|rule|HP Percentage Mod: HP is shown in percentages\n|rule|Endless Battle Clause: Forcing endless battles is banned\n|rule|OHKO Clause: OHKO moves are banned\n|rule|Evasion Moves Clause: Evasion moves are banned\n|rule|Evasion Items Clause: Evasion items are banned\n|rule|Species Clause: Limit one of each Pok\u00e9mon\n|rule|Sleep Clause Mod: Limit one foe put to sleep\n|rule|Mega Rayquaza Clause: You cannot mega evolve Rayquaza\n|clearpoke\n|poke|p1|Melmetal|\n|poke|p1|Sharpedo, M|\n|poke|p1|Jellicent, F|\n|poke|p1|Blissey, F|\n|poke|p1|Xerneas-*|\n|poke|p1|Heatran, M|\n|poke|p2|Groudon|\n|poke|p2|Arceus|\n|poke|p2|Marshadow|\n|poke|p2|Blaziken, M|\n|poke|p2|Xerneas-*|\n|poke|p2|Zacian-*|\n|teampreview\n|\n|t:|1699956855\n|start\n|switch|p1a: Sharpedo|Sharpedo, M|100\/100\n|switch|p2a: Arceus|Arceus|100\/100\n|turn|1\n|\n|t:|1699956861\n|move|p1a: Sharpedo|Waterfall|p2a: Arceus\n|-damage|p2a: Arceus|72\/100\n|cant|p2a: Arceus|flinch\n|\n|-heal|p2a: Arceus|78\/100|[from] item: Leftovers\n|-ability|p1a: Sharpedo|Speed Boost|boost\n|-boost|p1a: Sharpedo|spe|1\n|upkeep\n|turn|2\n|\n|t:|1699956864\n|move|p1a: Sharpedo|Waterfall|p2a: Arceus\n|-damage|p2a: Arceus|49\/100\n|move|p2a: Arceus|Swords Dance|p2a: Arceus\n|-boost|p2a: Arceus|atk|2\n|\n|-heal|p2a: Arceus|55\/100|[from] item: Leftovers\n|-ability|p1a: Sharpedo|Speed Boost|boost\n|-boost|p1a: Sharpedo|spe|1\n|upkeep\n|turn|3\n|\n|t:|1699956866\n|move|p1a: Sharpedo|Waterfall|p2a: Arceus\n|-damage|p2a: Arceus|27\/100\n|move|p2a: Arceus|Recover|p2a: Arceus\n|-heal|p2a: Arceus|77\/100\n|\n|-heal|p2a: Arceus|83\/100|[from] item: Leftovers\n|-ability|p1a: Sharpedo|Speed Boost|boost\n|-boost|p1a: Sharpedo|spe|1\n|upkeep\n|turn|4\n|\n|t:|1699956869\n|move|p1a: Sharpedo|Waterfall|p2a: Arceus\n|-damage|p2a: Arceus|57\/100\n|move|p2a: Arceus|Swords Dance|p2a: Arceus\n|-boost|p2a: Arceus|atk|2\n|\n|-heal|p2a: Arceus|63\/100|[from] item: Leftovers\n|-ability|p1a: Sharpedo|Speed Boost|boost\n|-boost|p1a: Sharpedo|spe|1\n|upkeep\n|turn|5\n|\n|t:|1699956873\n|move|p2a: Arceus|Recover|p2a: Arceus\n|-heal|p2a: Arceus|100\/100\n|move|p1a: Sharpedo|Roar|p2a: Arceus\n|drag|p2a: Blaziken|Blaziken, M|100\/100\n|\n|-ability|p1a: Sharpedo|Speed Boost|boost\n|-boost|p1a: Sharpedo|spe|1\n|upkeep\n|turn|6\n|\n|t:|1699956880\n|switch|p2a: Groudon|Groudon|100\/100\n|detailschange|p2a: Groudon|Groudon-Primal\n|-primal|p2a: Groudon|Red Orb\n|-weather|DesolateLand|[from] ability: Desolate Land|[of] p2a: Groudon\n|move|p1a: Sharpedo|Waterfall||[still]\n|-fail|p1a: Sharpedo|Waterfall|[from] Desolate Land\n|\n|-weather|DesolateLand|[upkeep]\n|-ability|p1a: Sharpedo|Speed Boost|boost\n|-boost|p1a: Sharpedo|spe|1\n|upkeep\n|turn|7\n|\n|t:|1699956887\n|switch|p1a: Heatran|Heatran, M|100\/100\n|-item|p1a: Heatran|Air Balloon\n|move|p2a: Groudon|Rock Polish|p2a: Groudon\n|-boost|p2a: Groudon|spe|2\n|\n|-weather|DesolateLand|[upkeep]\n|upkeep\n|turn|8\n|\n|t:|1699956891\n|move|p2a: Groudon|Earthquake|p1a: Heatran\n|-immune|p1a: Heatran\n|move|p1a: Heatran|Earth Power|p2a: Groudon\n|-supereffective|p2a: Groudon\n|-crit|p2a: Groudon\n|-damage|p2a: Groudon|0 fnt\n|faint|p2a: Groudon\n|-weather|none\n|\n|upkeep\n|\n|t:|1699956904\n|switch|p2a: Blaziken|Blaziken, M|100\/100\n|turn|9\n|\n|t:|1699956909\n|switch|p1a: Jellicent|Jellicent, F|100\/100\n|detailschange|p2a: Blaziken|Blaziken-Mega, M\n|-mega|p2a: Blaziken|Blaziken|Blazikenite\n|move|p2a: Blaziken|Swords Dance|p2a: Blaziken\n|-boost|p2a: Blaziken|atk|2\n|\n|-ability|p2a: Blaziken|Speed Boost|boost\n|-boost|p2a: Blaziken|spe|1\n|upkeep\n|turn|10\n|\n|t:|1699956915\n|move|p2a: Blaziken|Earthquake|p1a: Jellicent\n|-damage|p1a: Jellicent|30\/100\n|move|p1a: Jellicent|Strength Sap|p2a: Blaziken\n|-unboost|p2a: Blaziken|atk|1\n|-heal|p1a: Jellicent|100\/100\n|\n|-ability|p2a: Blaziken|Speed Boost|boost\n|-boost|p2a: Blaziken|spe|1\n|upkeep\n|turn|11\n|\n|t:|1699956924\n|move|p2a: Blaziken|Earthquake|p1a: Jellicent\n|-damage|p1a: Jellicent|46\/100\n|move|p1a: Jellicent|Scald|p2a: Blaziken\n|-supereffective|p2a: Blaziken\n|-damage|p2a: Blaziken|32\/100\n|\n|-ability|p2a: Blaziken|Speed Boost|boost\n|-boost|p2a: Blaziken|spe|1\n|upkeep\n|turn|12\n|\n|t:|1699956929\n|switch|p1a: Heatran|Heatran, M|100\/100\n|-item|p1a: Heatran|Air Balloon\n|move|p2a: Blaziken|Earthquake|p1a: Heatran\n|-immune|p1a: Heatran\n|\n|-ability|p2a: Blaziken|Speed Boost|boost\n|-boost|p2a: Blaziken|spe|1\n|upkeep\n|turn|13\n|\n|t:|1699956932\n|switch|p1a: Jellicent|Jellicent, F|46\/100\n|move|p2a: Blaziken|High Jump Kick|p1a: Jellicent\n|-immune|p1a: Jellicent\n|-damage|p2a: Blaziken|0 fnt|[from] highjumpkick\n|faint|p2a: Blaziken\n|\n|upkeep\n|c|\u2606pakiavatar9434|youre\n|\n|t:|1699956942\n|switch|p2a: Arceus|Arceus|100\/100\n|turn|14\n|c|\u2606pakiavatar9434|very predictable\n|\n|t:|1699956963\n|move|p2a: Arceus|Swords Dance|p2a: Arceus\n|-boost|p2a: Arceus|atk|2\n|move|p1a: Jellicent|Strength Sap|p2a: Arceus\n|-unboost|p2a: Arceus|atk|1\n|-heal|p1a: Jellicent|100\/100\n|\n|upkeep\n|turn|15\n|\n|t:|1699956967\n|move|p2a: Arceus|Extreme Speed|p1a: Jellicent\n|-immune|p1a: Jellicent\n|move|p1a: Jellicent|Scald|p2a: Arceus\n|-damage|p2a: Arceus|84\/100\n|-status|p2a: Arceus|brn\n|\n|-heal|p2a: Arceus|90\/100 brn|[from] item: Leftovers\n|-damage|p2a: Arceus|84\/100 brn|[from] brn\n|upkeep\n|turn|16\n|\n|t:|1699956973\n|move|p2a: Arceus|Shadow Claw|p1a: Jellicent\n|-supereffective|p1a: Jellicent\n|-damage|p1a: Jellicent|70\/100\n|move|p1a: Jellicent|Strength Sap|p2a: Arceus\n|-unboost|p2a: Arceus|atk|1\n|-heal|p1a: Jellicent|100\/100\n|\n|-heal|p2a: Arceus|90\/100 brn|[from] item: Leftovers\n|-damage|p2a: Arceus|84\/100 brn|[from] brn\n|upkeep\n|turn|17\n|c|\u2606pakiavatar9434|yah gg\n|\n|t:|1699956978\n|move|p2a: Arceus|Shadow Claw|p1a: Jellicent\n|-supereffective|p1a: Jellicent\n|-damage|p1a: Jellicent|82\/100\n|move|p1a: Jellicent|Scald|p2a: Arceus\n|-damage|p2a: Arceus|67\/100 brn\n|\n|-heal|p2a: Arceus|73\/100 brn|[from] item: Leftovers\n|-damage|p2a: Arceus|67\/100 brn|[from] brn\n|upkeep\n|turn|18\n|c|\u2606karan771973|huh\n|\n|t:|1699956989\n|switch|p2a: Xerneas|Xerneas, shiny|100\/100\n|-ability|p2a: Xerneas|Fairy Aura\n|move|p1a: Jellicent|Scald|p2a: Xerneas\n|-damage|p2a: Xerneas|79\/100\n|-status|p2a: Xerneas|brn\n|\n|-damage|p2a: Xerneas|73\/100 brn|[from] brn\n|upkeep\n|turn|19\n|\n|t:|1699956993\n|switch|p1a: Melmetal|Melmetal|100\/100\n|move|p2a: Xerneas|Geomancy||[still]\n|-prepare|p2a: Xerneas|Geomancy\n|-enditem|p2a: Xerneas|Power Herb\n|-anim|p2a: Xerneas|Geomancy|p2a: Xerneas\n|-boost|p2a: Xerneas|spa|2\n|-boost|p2a: Xerneas|spd|2\n|-boost|p2a: Xerneas|spe|2\n|\n|-damage|p2a: Xerneas|67\/100 brn|[from] brn\n|upkeep\n|turn|20\n|c|\u2606karan771973|wgat the\n|-activate|p1a: Melmetal|item: Quick Claw\n|\n|t:|1699957001\n|move|p1a: Melmetal|Double Iron Bash|p2a: Xerneas\n|-supereffective|p2a: Xerneas\n|-damage|p2a: Xerneas|0 fnt\n|faint|p2a: Xerneas\n|-hitcount|p2: Xerneas|1\n|\n|upkeep\n|c|\u2606pakiavatar9434|yah\n|c|\u2606karan771973|wut the\n|c|\u2606pakiavatar9434|pack it up\n|\n|t:|1699957015\n|switch|p2a: Arceus|Arceus|67\/100 brn\n|turn|21\n|c|\u2606pakiavatar9434|go back to the professor\n|c|\u2606pakiavatar9434|nurse joy\n|c|\u2606pakiavatar9434|go back to victory road\n|c|\u2606karan771973|continue the game pls ? kid\n|c|\u2606pakiavatar9434|train some more\n|c|\u2606pakiavatar9434|the games over\n|-activate|p1a: Melmetal|item: Quick Claw\n|\n|t:|1699957050\n|move|p1a: Melmetal|Double Iron Bash|p2a: Arceus\n|-damage|p2a: Arceus|39\/100 brn\n|-damage|p2a: Arceus|11\/100 brn\n|-hitcount|p2a: Arceus|2\n|cant|p2a: Arceus|flinch\n|\n|-heal|p2a: Arceus|17\/100 brn|[from] item: Leftovers\n|-damage|p2a: Arceus|11\/100 brn|[from] brn\n|upkeep\n|turn|22\n|\n|t:|1699957056\n|move|p2a: Arceus|Shadow Claw|p1a: Melmetal\n|-damage|p1a: Melmetal|94\/100\n|move|p1a: Melmetal|Double Iron Bash|p2a: Arceus\n|-damage|p2a: Arceus|0 fnt\n|faint|p2a: Arceus\n|-hitcount|p2: Arceus|1\n|\n|upkeep\n|c|\u2606pakiavatar9434|6-0?\n|\n|t:|1699957071\n|switch|p2a: Zacian|Zacian-Crowned, shiny|100\/100\n|-ability|p2a: Zacian|Intrepid Sword|boost\n|-boost|p2a: Zacian|atk|1\n|turn|23\n|c|\u2606pakiavatar9434|you need more badges\n|c|\u2606karan771973|bro go drink your mom's milk dont shit here\n|\n|t:|1699957100\n|move|p2a: Zacian|Sacred Sword|p1a: Melmetal\n|-supereffective|p1a: Melmetal\n|-damage|p1a: Melmetal|35\/100\n|move|p1a: Melmetal|Double Iron Bash|p2a: Zacian\n|-damage|p2a: Zacian|60\/100\n|-damage|p2a: Zacian|15\/100\n|-hitcount|p2a: Zacian|2\n|\n|upkeep\n|turn|24\n|\n|t:|1699957105\n|switch|p1a: Jellicent|Jellicent, F|82\/100\n|move|p2a: Zacian|Sacred Sword|p1a: Jellicent\n|-immune|p1a: Jellicent\n|\n|upkeep\n|turn|25\n|\n|t:|1699957112\n|move|p2a: Zacian|Play Rough|p1a: Jellicent\n|-damage|p1a: Jellicent|27\/100\n|move|p1a: Jellicent|Strength Sap|p2a: Zacian\n|-unboost|p2a: Zacian|atk|1\n|-heal|p1a: Jellicent|100\/100\n|\n|upkeep\n|turn|26\n|\n|t:|1699957121\n|move|p2a: Zacian|Play Rough|p1a: Jellicent\n|-damage|p1a: Jellicent|59\/100\n|move|p1a: Jellicent|Scald|p2a: Zacian\n|-damage|p2a: Zacian|0 fnt\n|faint|p2a: Zacian\n|\n|upkeep\n|\n|t:|1699957127\n|switch|p2a: Marshadow|Marshadow|100\/100\n|turn|27\n|c|\u2606pakiavatar9434|fufufuf\n|c|\u2606pakiavatar9434|pay me for winning\n|\n|t:|1699957146\n|switch|p1a: Blissey|Blissey, F|100\/100\n|move|p2a: Marshadow|Spectral Thief|p1a: Blissey\n|-immune|p1a: Blissey\n|\n|upkeep\n|turn|28\n|\n|t:|1699957151\n|-terastallize|p1a: Blissey|Ghost\n|move|p2a: Marshadow|Close Combat|p1a: Blissey\n|-immune|p1a: Blissey\n|move|p1a: Blissey|Thunder Wave|p2a: Marshadow\n|-status|p2a: Marshadow|par\n|\n|upkeep\n|turn|29\n|\n|t:|1699957155\n|switch|p1a: Sharpedo|Sharpedo, M|100\/100\n|cant|p2a: Marshadow|par\n|\n|upkeep\n|turn|30\n|\n|t:|1699957158\n|move|p1a: Sharpedo|Protect|p1a: Sharpedo\n|-singleturn|p1a: Sharpedo|Protect\n|move|p2a: Marshadow|Close Combat|p1a: Sharpedo\n|-activate|p1a: Sharpedo|move: Protect\n|\n|-ability|p1a: Sharpedo|Speed Boost|boost\n|-boost|p1a: Sharpedo|spe|1\n|upkeep\n|turn|31\n|c|\u2606pakiavatar9434|XD\n|\n|t:|1699957162\n|move|p1a: Sharpedo|Waterfall|p2a: Marshadow\n|-damage|p2a: Marshadow|46\/100 par\n|cant|p2a: Marshadow|flinch\n|\n|-ability|p1a: Sharpedo|Speed Boost|boost\n|-boost|p1a: Sharpedo|spe|1\n|upkeep\n|turn|32\n|-message|karan771973 forfeited.\n|\n|win|pakiavatar9434\n|raw|pakiavatar9434's rating: 1526 &rarr; <strong>1539<\/strong><br \/>(+13 for winning)\n|raw|karan771973's rating: 1407 &rarr; <strong>1394<\/strong><br \/>(-13 for losing)\n|l|\u2606karan771973\n|c|\u2606pakiavatar9434|clean\n","uploadtime":1699957096,"views":20,"p1id":"pakiavatar9434","p2id":"karan771973","formatid":"gen9nationaldexubers","rating":1394,"private":0,"password":""}