{"id":"gen9nationaldexubers-1980980615","p1":"ebwiut","p2":"Zudok","format":"[Gen 9] National Dex Ubers","log":"|j|\u2606ebwiut\n|j|\u2606Zudok\n|t:|1698854124\n|gametype|singles\n|player|p1|ebwiut|liza|1068\n|player|p2|Zudok|benga|1000\n|teamsize|p1|6\n|teamsize|p2|6\n|gen|9\n|tier|[Gen 9] National Dex Ubers\n|rated|\n|rule|HP Percentage Mod: HP is shown in percentages\n|rule|Endless Battle Clause: Forcing endless battles is banned\n|rule|OHKO Clause: OHKO moves are banned\n|rule|Evasion Moves Clause: Evasion moves are banned\n|rule|Evasion Items Clause: Evasion items are banned\n|rule|Species Clause: Limit one of each Pok\u00e9mon\n|rule|Sleep Clause Mod: Limit one foe put to sleep\n|rule|Mega Rayquaza Clause: You cannot mega evolve Rayquaza\n|clearpoke\n|poke|p1|Alakazam, M|\n|poke|p1|Pheromosa|\n|poke|p1|Ninetales-Alola, F|\n|poke|p1|Iron Valiant|\n|poke|p1|Tapu Lele|\n|poke|p1|Xerneas-*|\n|poke|p2|Tangela, F|\n|poke|p2|Rhydon, M|\n|poke|p2|Empoleon, M|\n|poke|p2|Arcanine, M|\n|poke|p2|Drapion, M|\n|poke|p2|Dragapult, F|\n|teampreview\n|\n|t:|1698854131\n|start\n|switch|p1a: Old Jenkins|Alakazam, M, shiny|100\/100\n|switch|p2a: Best Mama|Dragapult, F|100\/100\n|turn|1\n|c|\u2606ebwiut|yo nice team there\n|\n|t:|1698854142\n|detailschange|p1a: Old Jenkins|Alakazam-Mega, M, shiny\n|-mega|p1a: Old Jenkins|Alakazam|Alakazite\n|-ability|p1a: Old Jenkins|Infiltrator|[from] ability: Trace|[of] p2a: Best Mama\n|move|p1a: Old Jenkins|Shadow Ball|p2a: Best Mama\n|-supereffective|p2a: Best Mama\n|-damage|p2a: Best Mama|9\/100\n|move|p2a: Best Mama|Shadow Ball|p1a: Old Jenkins\n|-supereffective|p1a: Old Jenkins\n|-damage|p1a: Old Jenkins|17\/100\n|-unboost|p1a: Old Jenkins|spd|1\n|\n|upkeep\n|turn|2\n|c|\u2606Zudok|thx\n|\n|t:|1698854161\n|move|p1a: Old Jenkins|Shadow Ball|p2a: Best Mama\n|-supereffective|p2a: Best Mama\n|-damage|p2a: Best Mama|0 fnt\n|faint|p2a: Best Mama\n|\n|upkeep\n|\n|t:|1698854175\n|switch|p2a: Tenna|Tangela, F|100\/100\n|turn|3\n|c|\u2606ebwiut|did you do spD for your dragapult?\n|\n|t:|1698854196\n|move|p1a: Old Jenkins|Tri Attack|p2a: Tenna\n|-damage|p2a: Tenna|42\/100\n|move|p2a: Tenna|Giga Drain|p1a: Old Jenkins\n|-damage|p1a: Old Jenkins|0 fnt\n|-heal|p2a: Tenna|50\/100|[from] drain|[of] p1a: Old Jenkins\n|faint|p1a: Old Jenkins\n|\n|upkeep\n|\n|t:|1698854204\n|switch|p1a: Poil|Pheromosa, shiny|100\/100\n|turn|4\n|c|\u2606ebwiut|you there?\n|c|\u2606Zudok|i don't remember bro\n|c|\u2606ebwiut|oh ok\n|c|\u2606ebwiut|im sorry if seemed rude there\n|c|\u2606Zudok|I haven't used this team for half a year\n|\n|t:|1698854303\n|move|p1a: Poil|Lunge|p2a: Tenna\n|-supereffective|p2a: Tenna\n|-damage|p2a: Tenna|0 fnt\n|faint|p2a: Tenna\n|-ability|p1a: Poil|Beast Boost|boost\n|-boost|p1a: Poil|atk|1\n|\n|upkeep\n|c|\u2606Zudok|that's okay\n|\n|t:|1698854327\n|switch|p2a: Ace|Arcanine, M|100\/100\n|turn|5\n|c|\u2606ebwiut|would you like me to switch bc this mons attack stat is war crime\n|c|\u2606ebwiut|is a*\n|\n|t:|1698854349\n|move|p1a: Poil|Lunge|p2a: Ace\n|-resisted|p2a: Ace\n|-damage|p2a: Ace|53\/100\n|-unboost|p2a: Ace|atk|1\n|move|p2a: Ace|Flare Blitz|p1a: Poil\n|-supereffective|p1a: Poil\n|-crit|p1a: Poil\n|-damage|p1a: Poil|0 fnt\n|faint|p1a: Poil\n|-damage|p2a: Ace|24\/100|[from] Recoil\n|\n|upkeep\n|\n|t:|1698854361\n|switch|p1a: Icee|Ninetales-Alola, F, shiny|100\/100\n|-weather|Snow|[from] ability: Snow Warning|[of] p1a: Icee\n|turn|6\n|c|\u2606Zudok|there's no need to\n|\n|t:|1698854410\n|move|p2a: Ace|Crunch|p1a: Icee\n|-resisted|p1a: Icee\n|-damage|p1a: Icee|93\/100\n|move|p1a: Icee|Hidden Power|p2a: Ace\n|-supereffective|p2a: Ace\n|-damage|p2a: Ace|0 fnt\n|faint|p2a: Ace\n|\n|-weather|Snow|[upkeep]\n|-heal|p1a: Icee|99\/100|[from] item: Leftovers\n|upkeep\n|c|\u2606ebwiut|crunch?\n|\n|t:|1698854419\n|switch|p2a: Kaiser|Empoleon, M|100\/100\n|turn|7\n|c|\u2606Zudok|miss click\n|c|\u2606ebwiut|were trying for a defense drop\n|c|\u2606ebwiut|oh\n|\n|t:|1698854439\n|move|p1a: Icee|Aurora Veil|p1a: Icee\n|-sidestart|p1: ebwiut|move: Aurora Veil\n|move|p2a: Kaiser|Flash Cannon|p1a: Icee\n|-supereffective|p1a: Icee\n|-damage|p1a: Icee|4\/100\n|\n|-weather|Snow|[upkeep]\n|-heal|p1a: Icee|10\/100|[from] item: Leftovers\n|upkeep\n|turn|8\n|\n|t:|1698854447\n|switch|p1a: Turt|Iron Valiant, shiny|100\/100\n|-enditem|p1a: Turt|Booster Energy\n|-activate|p1a: Turt|ability: Quark Drive|[fromitem]\n|-start|p1a: Turt|quarkdriveatk\n|move|p2a: Kaiser|Scald|p1a: Turt\n|-damage|p1a: Turt|78\/100\n|\n|-weather|Snow|[upkeep]\n|upkeep\n|turn|9\n|\n|t:|1698854458\n|move|p1a: Turt|Drain Punch|p2a: Kaiser\n|-supereffective|p2a: Kaiser\n|-damage|p2a: Kaiser|5\/100\n|-heal|p1a: Turt|100\/100|[from] drain|[of] p2a: Kaiser\n|-enditem|p2a: Kaiser|Weakness Policy\n|-boost|p2a: Kaiser|atk|2|[from] item: Weakness Policy\n|-boost|p2a: Kaiser|spa|2|[from] item: Weakness Policy\n|move|p2a: Kaiser|Scald|p1a: Turt\n|-crit|p1a: Turt\n|-damage|p1a: Turt|0 fnt\n|faint|p1a: Turt\n|-end|p1a: Turt|Quark Drive|[silent]\n|\n|-weather|Snow|[upkeep]\n|upkeep\n|\n|t:|1698854470\n|switch|p1a: Fig|Xerneas, shiny|100\/100\n|-ability|p1a: Fig|Fairy Aura\n|turn|10\n|c|\u2606Zudok|i love this mon\n|c|\u2606ebwiut|it seems good but ive never used it\n|\n|t:|1698854498\n|move|p1a: Fig|Focus Blast|p2a: Kaiser|[miss]\n|-miss|p1a: Fig|p2a: Kaiser\n|move|p2a: Kaiser|Flash Cannon|p1a: Fig\n|-supereffective|p1a: Fig\n|-damage|p1a: Fig|43\/100\n|\n|-weather|none\n|upkeep\n|turn|11\n|c|\u2606Zudok|me2\n|c|\u2606ebwiut|whyyyyyyyyy\n|\n|t:|1698854507\n|move|p1a: Fig|Focus Blast|p2a: Kaiser|[miss]\n|-miss|p1a: Fig|p2a: Kaiser\n|move|p2a: Kaiser|Scald|p1a: Fig\n|-damage|p1a: Fig|0 fnt\n|faint|p1a: Fig\n|\n|-sideend|p1: ebwiut|move: Aurora Veil\n|upkeep\n|c|\u2606ebwiut|qewvqegrwrwnrwtwnjntwjwjtwjtwhhtehwhrw\n|\n|t:|1698854516\n|switch|p1a: Cini|Tapu Lele, shiny|100\/100\n|-fieldstart|move: Psychic Terrain|[from] ability: Psychic Surge|[of] p1a: Cini\n|turn|12\n|c|\u2606Zudok|too bad bro\n|\n|t:|1698854532\n|move|p1a: Cini|Shadow Ball|p2a: Kaiser\n|-damage|p2a: Kaiser|0 fnt\n|faint|p2a: Kaiser\n|\n|upkeep\n|\n|t:|1698854547\n|switch|p2a: Fang|Drapion, M|100\/100\n|turn|13\n|c|\u2606ebwiut|i still have a \"chance\"\n|\n|t:|1698854552\n|move|p2a: Fang|Cross Poison|p1a: Cini\n|-supereffective|p1a: Cini\n|-damage|p1a: Cini|36\/100\n|move|p1a: Cini|Extrasensory|p2a: Fang\n|-immune|p2a: Fang\n|\n|upkeep\n|turn|14\n|c|\u2606ebwiut|qeeqwr\n|c|\u2606ebwiut|oof\n|\n|t:|1698854573\n|move|p2a: Fang|Cross Poison|p1a: Cini\n|-supereffective|p1a: Cini\n|-crit|p1a: Cini\n|-damage|p1a: Cini|0 fnt\n|faint|p1a: Cini\n|\n|upkeep\n|c|\u2606ebwiut|fogor drapion was part dark type\n|\n|t:|1698854589\n|switch|p1a: Icee|Ninetales-Alola, F, shiny|10\/100\n|-weather|Snow|[from] ability: Snow Warning|[of] p1a: Icee\n|turn|15\n|\n|t:|1698854598\n|move|p2a: Fang|Cross Poison|p1a: Icee\n|-supereffective|p1a: Icee\n|-crit|p1a: Icee\n|-damage|p1a: Icee|0 fnt\n|faint|p1a: Icee\n|\n|win|Zudok\n|raw|ebwiut's rating: 1068 &rarr; <strong>1044<\/strong><br \/>(-24 for losing)\n|raw|Zudok's rating: 1000 &rarr; <strong>1048<\/strong><br \/>(+48 for winning)\n|c|\u2606ebwiut|ggwp\n|c|\u2606Zudok|gg bro\n|l|\u2606ebwiut\n","uploadtime":1698854625,"views":6,"p1id":"ebwiut","p2id":"zudok","formatid":"gen9nationaldexubers","rating":1044,"private":0,"password":""}