{"id":"gen9nationaldexubers-1997336249","p1":"NeviLow","p2":"Trainitar7","format":"[Gen 9] National Dex Ubers","log":"|j|\u2606NeviLow\n|j|\u2606Trainitar7\n|t:|1700791005\n|gametype|singles\n|player|p1|NeviLow|veteran|1138\n|player|p2|Trainitar7|ninjaboy|1115\n|teamsize|p1|6\n|teamsize|p2|6\n|gen|9\n|tier|[Gen 9] National Dex Ubers\n|rated|\n|rule|HP Percentage Mod: HP is shown in percentages\n|rule|Endless Battle Clause: Forcing endless battles is banned\n|rule|OHKO Clause: OHKO moves are banned\n|rule|Evasion Moves Clause: Evasion moves are banned\n|rule|Evasion Items Clause: Evasion items are banned\n|rule|Species Clause: Limit one of each Pok\u00e9mon\n|rule|Sleep Clause Mod: Limit one foe put to sleep\n|rule|Mega Rayquaza Clause: You cannot mega evolve Rayquaza\n|clearpoke\n|poke|p1|Hippowdon, F|\n|poke|p1|Ferrothorn, M|\n|poke|p1|Excadrill, F|\n|poke|p1|Garganacl, M|\n|poke|p1|Houndstone, F|\n|poke|p1|Tyranitar, M|\n|poke|p2|Xerneas-*|\n|poke|p2|Marshadow|\n|poke|p2|Groudon|\n|poke|p2|Deoxys-Speed|\n|poke|p2|Necrozma-Dusk-Mane|\n|poke|p2|Pheromosa|\n|teampreview\n|inactive|Battle timer is ON: inactive players will automatically lose when time's up. (requested by Trainitar7)\n|\n|t:|1700791010\n|start\n|switch|p1a: Ferrothorn|Ferrothorn, M|100\/100\n|switch|p2a: Pheromosa|Pheromosa, shiny|100\/100\n|turn|1\n|\n|t:|1700791022\n|-terastallize|p1a: Ferrothorn|Water\n|move|p2a: Pheromosa|Taunt|p1a: Ferrothorn\n|-start|p1a: Ferrothorn|move: Taunt\n|cant|p1a: Ferrothorn|move: Taunt|Thunder Wave\n|\n|upkeep\n|turn|2\n|\n|t:|1700791035\n|switch|p2a: Deoxys|Deoxys-Speed, shiny|100\/100\n|-ability|p2a: Deoxys|Pressure\n|switch|p1a: Hippowdon|Hippowdon, F|100\/100\n|-weather|Sandstorm|[from] ability: Sand Stream|[of] p1a: Hippowdon\n|\n|-weather|Sandstorm|[upkeep]\n|-damage|p2a: Deoxys|95\/100|[from] Sandstorm\n|upkeep\n|turn|3\n|\n|t:|1700791047\n|switch|p1a: Excadrill|Excadrill, F|100\/100\n|move|p2a: Deoxys|Taunt|p1a: Excadrill\n|-start|p1a: Excadrill|move: Taunt\n|\n|-weather|Sandstorm|[upkeep]\n|-damage|p2a: Deoxys|89\/100|[from] Sandstorm\n|upkeep\n|turn|4\n|\n|t:|1700791057\n|-terastallize|p2a: Deoxys|Ghost\n|move|p1a: Excadrill|Shadow Claw|p2a: Deoxys\n|-supereffective|p2a: Deoxys\n|-damage|p2a: Deoxys|0 fnt\n|faint|p2a: Deoxys\n|\n|-weather|Sandstorm|[upkeep]\n|upkeep\n|\n|t:|1700791065\n|switch|p2a: Groudon|Groudon, shiny|100\/100\n|detailschange|p2a: Groudon|Groudon-Primal, shiny\n|-primal|p2a: Groudon|Red Orb\n|-weather|DesolateLand|[from] ability: Desolate Land|[of] p2a: Groudon\n|turn|5\n|\n|t:|1700791075\n|switch|p1a: Garganacl|Garganacl, M|100\/100\n|move|p2a: Groudon|Rock Polish|p2a: Groudon\n|-boost|p2a: Groudon|spe|2\n|\n|-weather|DesolateLand|[upkeep]\n|upkeep\n|turn|6\n|\n|t:|1700791085\n|move|p2a: Groudon|Earth Power|p1a: Garganacl\n|-supereffective|p1a: Garganacl\n|-damage|p1a: Garganacl|14\/100\n|move|p1a: Garganacl|Salt Cure|p2a: Groudon\n|-crit|p2a: Groudon\n|-damage|p2a: Groudon|84\/100\n|-start|p2a: Groudon|Salt Cure\n|\n|-weather|DesolateLand|[upkeep]\n|-heal|p1a: Garganacl|20\/100|[from] item: Leftovers\n|-damage|p2a: Groudon|72\/100|[from] Salt Cure\n|upkeep\n|turn|7\n|\n|t:|1700791107\n|move|p2a: Groudon|Solar Beam||[still]\n|-prepare|p2a: Groudon|Solar Beam\n|-anim|p2a: Groudon|Solar Beam|p1a: Garganacl\n|-supereffective|p1a: Garganacl\n|-damage|p1a: Garganacl|0 fnt\n|faint|p1a: Garganacl\n|\n|-weather|DesolateLand|[upkeep]\n|-damage|p2a: Groudon|60\/100|[from] Salt Cure\n|upkeep\n|inactive|NeviLow has 120 seconds left.\n|\n|t:|1700791129\n|switch|p1a: Excadrill|Excadrill, F|100\/100\n|turn|8\n|inactive|NeviLow has 120 seconds left.\n|\n|t:|1700791136\n|move|p2a: Groudon|Earth Power|p1a: Excadrill\n|-supereffective|p1a: Excadrill\n|-damage|p1a: Excadrill|0 fnt\n|faint|p1a: Excadrill\n|\n|-weather|DesolateLand|[upkeep]\n|-damage|p2a: Groudon|47\/100|[from] Salt Cure\n|upkeep\n|-message|NeviLow forfeited.\n|\n|win|Trainitar7\n|raw|NeviLow's rating: 1138 &rarr; <strong>1111<\/strong><br \/>(-27 for losing)\n|raw|Trainitar7's rating: 1115 &rarr; <strong>1142<\/strong><br \/>(+27 for winning)\n|l|\u2606NeviLow\n","uploadtime":1700791145,"views":3,"p1id":"nevilow","p2id":"trainitar7","formatid":"gen9nationaldexubers","rating":1111,"private":0,"password":""}