{"id":"gen9nationaldexubers-1992865312","p1":"Xeroum","p2":"Zake202012","format":"[Gen 9] National Dex Ubers","log":"|j|\u2606Xeroum\n|j|\u2606Zake202012\n|t:|1700242152\n|gametype|singles\n|player|p1|Xeroum|youngn|1199\n|player|p2|Zake202012|chili|1228\n|teamsize|p1|6\n|teamsize|p2|6\n|gen|9\n|tier|[Gen 9] National Dex Ubers\n|rated|\n|rule|HP Percentage Mod: HP is shown in percentages\n|rule|Endless Battle Clause: Forcing endless battles is banned\n|rule|OHKO Clause: OHKO moves are banned\n|rule|Evasion Moves Clause: Evasion moves are banned\n|rule|Evasion Items Clause: Evasion items are banned\n|rule|Species Clause: Limit one of each Pok\u00e9mon\n|rule|Sleep Clause Mod: Limit one foe put to sleep\n|rule|Mega Rayquaza Clause: You cannot mega evolve Rayquaza\n|clearpoke\n|poke|p1|Lugia|\n|poke|p1|Yveltal|\n|poke|p1|Kommo-o, M|\n|poke|p1|Rillaboom, F|\n|poke|p1|Volcarona, F|\n|poke|p1|Gallade, M|\n|poke|p2|Salamence, M|\n|poke|p2|Skeledirge, F|\n|poke|p2|Kingambit, F|\n|poke|p2|Serperior, M|\n|poke|p2|Zangoose, F|\n|poke|p2|Arcanine-Hisui, F|\n|teampreview\n|inactive|Battle timer is ON: inactive players will automatically lose when time's up. (requested by Zake202012)\n|\n|t:|1700242166\n|start\n|switch|p1a: Aztecian|Kommo-o, M|100\/100\n|switch|p2a: Salamence|Salamence, M|100\/100\n|-ability|p2a: Salamence|Intimidate|boost\n|-unboost|p1a: Aztecian|atk|1\n|turn|1\n|\n|t:|1700242176\n|detailschange|p2a: Salamence|Salamence-Mega, M\n|-mega|p2a: Salamence|Salamence|Salamencite\n|move|p1a: Aztecian|Clanging Scales|p2a: Salamence\n|-supereffective|p2a: Salamence\n|-damage|p2a: Salamence|19\/100\n|-unboost|p1a: Aztecian|def|1\n|move|p2a: Salamence|Return|p1a: Aztecian\n|-supereffective|p1a: Aztecian\n|-damage|p1a: Aztecian|0 fnt\n|faint|p1a: Aztecian\n|\n|upkeep\n|\n|t:|1700242195\n|switch|p1a: Amon|Volcarona, F|100\/100\n|turn|2\n|\n|t:|1700242199\n|move|p1a: Amon|Fiery Dance|p2a: Salamence\n|-resisted|p2a: Salamence\n|-damage|p2a: Salamence|0 fnt\n|faint|p2a: Salamence\n|\n|upkeep\n|\n|t:|1700242208\n|switch|p2a: Zangoose|Zangoose, F|100\/100\n|turn|3\n|\n|t:|1700242219\n|move|p2a: Zangoose|Quick Attack|p1a: Amon\n|-crit|p1a: Amon\n|-damage|p1a: Amon|54\/100\n|move|p1a: Amon|Quiver Dance|p1a: Amon\n|-boost|p1a: Amon|spa|1\n|-boost|p1a: Amon|spd|1\n|-boost|p1a: Amon|spe|1\n|\n|-status|p2a: Zangoose|tox|[from] item: Toxic Orb\n|upkeep\n|turn|4\n|\n|t:|1700242228\n|move|p2a: Zangoose|Quick Attack|p1a: Amon\n|-damage|p1a: Amon|4\/100\n|move|p1a: Amon|Fiery Dance|p2a: Zangoose\n|-damage|p2a: Zangoose|0 fnt\n|faint|p2a: Zangoose\n|\n|upkeep\n|\n|t:|1700242237\n|switch|p2a: Arcanine|Arcanine-Hisui, F|100\/100\n|turn|5\n|\n|t:|1700242240\n|move|p2a: Arcanine|Extreme Speed|p1a: Amon\n|-damage|p1a: Amon|0 fnt\n|faint|p1a: Amon\n|\n|upkeep\n|\n|t:|1700242248\n|switch|p1a: Gallade|Gallade, M|100\/100\n|turn|6\n|\n|t:|1700242252\n|switch|p2a: Skeledirge|Skeledirge, F|100\/100\n|detailschange|p1a: Gallade|Gallade-Mega, M\n|-mega|p1a: Gallade|Gallade|Galladite\n|move|p1a: Gallade|Aqua Cutter|p2a: Skeledirge\n|-supereffective|p2a: Skeledirge\n|-damage|p2a: Skeledirge|50\/100\n|\n|-heal|p2a: Skeledirge|57\/100|[from] item: Leftovers\n|upkeep\n|turn|7\n|\n|t:|1700242263\n|move|p1a: Gallade|Night Slash|p2a: Skeledirge\n|-supereffective|p2a: Skeledirge\n|-damage|p2a: Skeledirge|8\/100\n|move|p2a: Skeledirge|Will-O-Wisp|p1a: Gallade\n|-status|p1a: Gallade|brn\n|\n|-heal|p2a: Skeledirge|14\/100|[from] item: Leftovers\n|-damage|p1a: Gallade|94\/100 brn|[from] brn\n|upkeep\n|turn|8\n|\n|t:|1700242277\n|move|p1a: Gallade|Aqua Cutter|p2a: Skeledirge\n|-supereffective|p2a: Skeledirge\n|-damage|p2a: Skeledirge|0 fnt\n|faint|p2a: Skeledirge\n|\n|-damage|p1a: Gallade|88\/100 brn|[from] brn\n|upkeep\n|\n|t:|1700242285\n|switch|p2a: Serperior|Serperior, M|100\/100\n|turn|9\n|\n|t:|1700242291\n|switch|p1a: Lugia|Lugia|100\/100\n|-ability|p1a: Lugia|Pressure\n|move|p2a: Serperior|Leaf Storm|p1a: Lugia\n|-resisted|p1a: Lugia\n|-damage|p1a: Lugia|87\/100\n|-boost|p2a: Serperior|spa|2\n|\n|-heal|p1a: Lugia|93\/100|[from] item: Leftovers\n|upkeep\n|turn|10\n|\n|t:|1700242301\n|move|p2a: Serperior|Substitute|p2a: Serperior\n|-start|p2a: Serperior|Substitute\n|-damage|p2a: Serperior|76\/100\n|move|p1a: Lugia|Aeroblast|p2a: Serperior\n|-supereffective|p2a: Serperior\n|-end|p2a: Serperior|Substitute\n|\n|-heal|p2a: Serperior|82\/100|[from] item: Leftovers\n|-heal|p1a: Lugia|99\/100|[from] item: Leftovers\n|upkeep\n|turn|11\n|\n|t:|1700242310\n|-terastallize|p2a: Serperior|Steel\n|move|p2a: Serperior|Leech Seed|p1a: Lugia\n|-start|p1a: Lugia|move: Leech Seed\n|move|p1a: Lugia|Future Sight|p2a: Serperior\n|-start|p1a: Lugia|move: Future Sight\n|\n|-heal|p2a: Serperior|88\/100|[from] item: Leftovers\n|-heal|p1a: Lugia|100\/100|[from] item: Leftovers\n|-damage|p1a: Lugia|88\/100|[from] Leech Seed|[of] p2a: Serperior\n|-heal|p2a: Serperior|100\/100|[silent]\n|upkeep\n|turn|12\n|\n|t:|1700242316\n|switch|p1a: Zanian|Rillaboom, F|100\/100\n|-fieldstart|move: Grassy Terrain|[from] ability: Grassy Surge|[of] p1a: Zanian\n|move|p2a: Serperior|Substitute|p2a: Serperior\n|-start|p2a: Serperior|Substitute\n|-damage|p2a: Serperior|76\/100\n|\n|-heal|p2a: Serperior|82\/100|[from] Grassy Terrain\n|-heal|p2a: Serperior|88\/100|[from] item: Leftovers\n|upkeep\n|turn|13\n|\n|t:|1700242332\n|move|p1a: Zanian|Grassy Glide|p2a: Serperior\n|-resisted|p2a: Serperior\n|-activate|p2a: Serperior|move: Substitute|[damage]\n|move|p2a: Serperior|Leaf Storm|p1a: Zanian\n|-resisted|p1a: Zanian\n|-damage|p1a: Zanian|45\/100\n|-boost|p2a: Serperior|spa|2\n|\n|-end|p2a: Serperior|move: Future Sight\n|-resisted|p2a: Serperior\n|-end|p2a: Serperior|Substitute\n|-heal|p2a: Serperior|94\/100|[from] Grassy Terrain\n|-heal|p2a: Serperior|100\/100|[from] item: Leftovers\n|-heal|p1a: Zanian|52\/100|[from] Grassy Terrain\n|upkeep\n|turn|14\n|\n|t:|1700242347\n|move|p2a: Serperior|Substitute|p2a: Serperior\n|-start|p2a: Serperior|Substitute\n|-damage|p2a: Serperior|76\/100\n|move|p1a: Zanian|Wood Hammer|p2a: Serperior\n|-resisted|p2a: Serperior\n|-end|p2a: Serperior|Substitute\n|-damage|p1a: Zanian|44\/100|[from] Recoil|[of] p2a: Serperior\n|\n|-heal|p2a: Serperior|82\/100|[from] Grassy Terrain\n|-heal|p2a: Serperior|88\/100|[from] item: Leftovers\n|-heal|p1a: Zanian|51\/100|[from] Grassy Terrain\n|upkeep\n|turn|15\n|\n|t:|1700242355\n|move|p2a: Serperior|Leaf Storm|p1a: Zanian\n|-resisted|p1a: Zanian\n|-damage|p1a: Zanian|0 fnt\n|-boost|p2a: Serperior|spa|2\n|faint|p1a: Zanian\n|\n|-heal|p2a: Serperior|94\/100|[from] Grassy Terrain\n|-heal|p2a: Serperior|100\/100|[from] item: Leftovers\n|upkeep\n|\n|t:|1700242360\n|switch|p1a: Lugia|Lugia|88\/100\n|-ability|p1a: Lugia|Pressure\n|turn|16\n|\n|t:|1700242365\n|move|p2a: Serperior|Substitute|p2a: Serperior\n|-start|p2a: Serperior|Substitute\n|-damage|p2a: Serperior|76\/100\n|move|p1a: Lugia|Toxic||[still]\n|-fail|p1a: Lugia\n|\n|-heal|p2a: Serperior|82\/100|[from] Grassy Terrain\n|-heal|p2a: Serperior|88\/100|[from] item: Leftovers\n|-heal|p1a: Lugia|94\/100|[from] item: Leftovers\n|-fieldend|move: Grassy Terrain\n|upkeep\n|turn|17\n|\n|t:|1700242370\n|move|p2a: Serperior|Leaf Storm|p1a: Lugia\n|-resisted|p1a: Lugia\n|-damage|p1a: Lugia|41\/100\n|move|p1a: Lugia|Roost|p1a: Lugia\n|-heal|p1a: Lugia|91\/100\n|-singleturn|p1a: Lugia|move: Roost\n|\n|-heal|p2a: Serperior|94\/100|[from] item: Leftovers\n|-heal|p1a: Lugia|97\/100|[from] item: Leftovers\n|upkeep\n|turn|18\n|\n|t:|1700242376\n|move|p2a: Serperior|Leech Seed|p1a: Lugia\n|-start|p1a: Lugia|move: Leech Seed\n|move|p1a: Lugia|Roost|p1a: Lugia\n|-heal|p1a: Lugia|100\/100\n|-singleturn|p1a: Lugia|move: Roost\n|\n|-heal|p2a: Serperior|100\/100|[from] item: Leftovers\n|-damage|p1a: Lugia|88\/100|[from] Leech Seed|[of] p2a: Serperior\n|upkeep\n|turn|19\n|\n|t:|1700242384\n|move|p2a: Serperior|Glare|p1a: Lugia\n|-status|p1a: Lugia|par\n|cant|p1a: Lugia|par\n|\n|-heal|p1a: Lugia|94\/100 par|[from] item: Leftovers\n|-damage|p1a: Lugia|82\/100 par|[from] Leech Seed|[of] p2a: Serperior\n|upkeep\n|turn|20\n|\n|t:|1700242389\n|switch|p1a: Equilibrium|Yveltal, shiny|100\/100\n|-ability|p1a: Equilibrium|Dark Aura\n|move|p2a: Serperior|Leaf Storm|p1a: Equilibrium\n|-resisted|p1a: Equilibrium\n|-damage|p1a: Equilibrium|23\/100\n|\n|upkeep\n|turn|21\n|\n|t:|1700242400\n|move|p2a: Serperior|Leaf Storm|p1a: Equilibrium\n|-resisted|p1a: Equilibrium\n|-damage|p1a: Equilibrium|0 fnt\n|faint|p1a: Equilibrium\n|\n|upkeep\n|\n|t:|1700242404\n|switch|p1a: Lugia|Lugia|82\/100 par\n|-ability|p1a: Lugia|Pressure\n|turn|22\n|\n|t:|1700242411\n|switch|p2a: Arcanine|Arcanine-Hisui, F|100\/100\n|move|p1a: Lugia|Roost|p1a: Lugia\n|-heal|p1a: Lugia|100\/100 par\n|-singleturn|p1a: Lugia|move: Roost\n|\n|upkeep\n|turn|23\n|\n|t:|1700242414\n|switch|p1a: Gallade|Gallade-Mega, M|88\/100 brn\n|move|p2a: Arcanine|Head Smash|p1a: Gallade\n|-resisted|p1a: Gallade\n|-damage|p1a: Gallade|35\/100 brn\n|\n|-damage|p1a: Gallade|29\/100 brn|[from] brn\n|upkeep\n|turn|24\n|\n|t:|1700242428\n|switch|p2a: Serperior|Serperior, M, tera:Steel|100\/100\n|move|p1a: Gallade|Sacred Sword|p2a: Serperior\n|-supereffective|p2a: Serperior\n|-crit|p2a: Serperior\n|-damage|p2a: Serperior|4\/100\n|\n|-heal|p2a: Serperior|10\/100|[from] item: Leftovers\n|-damage|p1a: Gallade|23\/100 brn|[from] brn\n|upkeep\n|turn|25\n|\n|t:|1700242439\n|switch|p1a: Lugia|Lugia|100\/100 par\n|-ability|p1a: Lugia|Pressure\n|move|p2a: Serperior|Leech Seed|p1a: Lugia\n|-start|p1a: Lugia|move: Leech Seed\n|\n|-heal|p2a: Serperior|16\/100|[from] item: Leftovers\n|-damage|p1a: Lugia|88\/100 par|[from] Leech Seed|[of] p2a: Serperior\n|-heal|p2a: Serperior|34\/100|[silent]\n|upkeep\n|turn|26\n|\n|t:|1700242444\n|switch|p1a: Gallade|Gallade-Mega, M|23\/100 brn\n|move|p2a: Serperior|Substitute|p2a: Serperior\n|-start|p2a: Serperior|Substitute\n|-damage|p2a: Serperior|9\/100\n|\n|-heal|p2a: Serperior|15\/100|[from] item: Leftovers\n|-damage|p1a: Gallade|16\/100 brn|[from] brn\n|upkeep\n|turn|27\n|\n|t:|1700242448\n|move|p2a: Serperior|Leech Seed|p1a: Gallade\n|-start|p1a: Gallade|move: Leech Seed\n|move|p1a: Gallade|Night Slash|p2a: Serperior\n|-activate|p2a: Serperior|move: Substitute|[damage]\n|\n|-heal|p2a: Serperior|21\/100|[from] item: Leftovers\n|-damage|p1a: Gallade|4\/100 brn|[from] Leech Seed|[of] p2a: Serperior\n|-heal|p2a: Serperior|33\/100|[silent]\n|-damage|p1a: Gallade|0 fnt|[from] brn\n|faint|p1a: Gallade\n|upkeep\n|\n|t:|1700242452\n|switch|p1a: Lugia|Lugia|88\/100 par\n|-ability|p1a: Lugia|Pressure\n|turn|28\n|\n|t:|1700242456\n|switch|p2a: Arcanine|Arcanine-Hisui, F|100\/100\n|cant|p1a: Lugia|par\n|\n|-heal|p1a: Lugia|94\/100 par|[from] item: Leftovers\n|upkeep\n|turn|29\n|c|\u2606Xeroum|smh\n|-message|Xeroum forfeited.\n|\n|win|Zake202012\n|raw|Xeroum's rating: 1199 &rarr; <strong>1176<\/strong><br \/>(-23 for losing)\n|raw|Zake202012's rating: 1228 &rarr; <strong>1251<\/strong><br \/>(+23 for winning)\n|l|\u2606Xeroum\n","uploadtime":1700242471,"views":7,"p1id":"xeroum","p2id":"zake202012","formatid":"gen9nationaldexubers","rating":1176,"private":0,"password":""}