{"id":"gen9nationaldexubers-1991786320","p1":"Fazy1","p2":"Fazykins","format":"[Gen 9] National Dex Ubers","log":"|j|\u2606Fazy1\n|j|\u2606Fazykins\n|t:|1700117080\n|gametype|singles\n|player|p1|Fazy1|2|\n|player|p2|Fazykins|2|\n|teamsize|p1|1\n|teamsize|p2|1\n|gen|9\n|tier|[Gen 9] National Dex Ubers\n|rule|HP Percentage Mod: HP is shown in percentages\n|rule|Endless Battle Clause: Forcing endless battles is banned\n|rule|OHKO Clause: OHKO moves are banned\n|rule|Evasion Moves Clause: Evasion moves are banned\n|rule|Evasion Items Clause: Evasion items are banned\n|rule|Species Clause: Limit one of each Pok\u00e9mon\n|rule|Sleep Clause Mod: Limit one foe put to sleep\n|rule|Mega Rayquaza Clause: You cannot mega evolve Rayquaza\n|clearpoke\n|poke|p1|Quaquaval, M|\n|poke|p2|Oddish, M|\n|teampreview\n|\n|t:|1700117088\n|start\n|switch|p1a: Quaquaval|Quaquaval, M|100\/100\n|switch|p2a: Oddish|Oddish, M|100\/100\n|turn|1\n|\n|t:|1700117093\n|move|p1a: Quaquaval|Ice Spinner|p2a: Oddish\n|-supereffective|p2a: Oddish\n|-damage|p2a: Oddish|47\/100\n|move|p2a: Oddish|Strength Sap|p1a: Quaquaval\n|-unboost|p1a: Quaquaval|atk|1\n|-heal|p2a: Oddish|100\/100\n|\n|upkeep\n|turn|2\n|\n|t:|1700117104\n|move|p1a: Quaquaval|Ice Spinner|p2a: Oddish\n|-supereffective|p2a: Oddish\n|-damage|p2a: Oddish|65\/100\n|move|p2a: Oddish|Leech Seed|p1a: Quaquaval\n|-start|p1a: Quaquaval|move: Leech Seed\n|\n|-damage|p1a: Quaquaval|88\/100|[from] Leech Seed|[of] p2a: Oddish\n|-heal|p2a: Oddish|78\/100|[silent]\n|upkeep\n|turn|3\n|\n|t:|1700117113\n|move|p1a: Quaquaval|Ice Spinner|p2a: Oddish\n|-supereffective|p2a: Oddish\n|-damage|p2a: Oddish|42\/100\n|move|p2a: Oddish|Toxic|p1a: Quaquaval\n|-status|p1a: Quaquaval|tox\n|\n|-damage|p1a: Quaquaval|76\/100 tox|[from] Leech Seed|[of] p2a: Oddish\n|-heal|p2a: Oddish|55\/100|[silent]\n|-damage|p1a: Quaquaval|70\/100 tox|[from] psn\n|upkeep\n|turn|4\n|\n|t:|1700117124\n|move|p2a: Oddish|Protect|p2a: Oddish\n|-singleturn|p2a: Oddish|Protect\n|move|p1a: Quaquaval|Ice Spinner|p2a: Oddish\n|-activate|p2a: Oddish|move: Protect\n|\n|-damage|p1a: Quaquaval|58\/100 tox|[from] Leech Seed|[of] p2a: Oddish\n|-heal|p2a: Oddish|68\/100|[silent]\n|-damage|p1a: Quaquaval|46\/100 tox|[from] psn\n|upkeep\n|turn|5\n|\n|t:|1700117134\n|move|p1a: Quaquaval|Ice Spinner|p2a: Oddish\n|-supereffective|p2a: Oddish\n|-damage|p2a: Oddish|36\/100\n|move|p2a: Oddish|Strength Sap|p1a: Quaquaval\n|-unboost|p1a: Quaquaval|atk|1\n|-heal|p2a: Oddish|100\/100\n|\n|-damage|p1a: Quaquaval|33\/100 tox|[from] Leech Seed|[of] p2a: Oddish\n|-damage|p1a: Quaquaval|15\/100 tox|[from] psn\n|upkeep\n|turn|6\n|\n|t:|1700117146\n|move|p2a: Oddish|Protect|p2a: Oddish\n|-singleturn|p2a: Oddish|Protect\n|move|p1a: Quaquaval|Ice Spinner|p2a: Oddish\n|-activate|p2a: Oddish|move: Protect\n|\n|-damage|p1a: Quaquaval|3\/100 tox|[from] Leech Seed|[of] p2a: Oddish\n|-damage|p1a: Quaquaval|0 fnt|[from] psn\n|faint|p1a: Quaquaval\n|\n|win|Fazykins\n|upkeep\n","uploadtime":1700117157,"views":24,"p1id":"fazy1","p2id":"fazykins","formatid":"gen9nationaldexubers","rating":0,"private":0,"password":""}