{"id":"gen9nationaldexubers-1979802915","p1":"C-Rad1","p2":"logbake2","format":"[Gen 9] National Dex Ubers","log":"|j|\u2606C-Rad1\n|j|\u2606logbake2\n|t:|1698714813\n|gametype|singles\n|player|p1|C-Rad1|2|\n|player|p2|logbake2|blackbelt-gen4dp|\n|teamsize|p1|6\n|teamsize|p2|6\n|gen|9\n|tier|[Gen 9] National Dex Ubers\n|rule|HP Percentage Mod: HP is shown in percentages\n|rule|Endless Battle Clause: Forcing endless battles is banned\n|rule|OHKO Clause: OHKO moves are banned\n|rule|Evasion Moves Clause: Evasion moves are banned\n|rule|Evasion Items Clause: Evasion items are banned\n|rule|Species Clause: Limit one of each Pok\u00e9mon\n|rule|Sleep Clause Mod: Limit one foe put to sleep\n|rule|Mega Rayquaza Clause: You cannot mega evolve Rayquaza\n|clearpoke\n|poke|p1|Breloom, F|\n|poke|p1|Camerupt, F|\n|poke|p1|Corviknight, M|\n|poke|p1|Milotic, F|\n|poke|p1|Mew|\n|poke|p1|Grimmsnarl, M|\n|poke|p2|Dragapult, F|\n|poke|p2|Iron Treads|\n|poke|p2|Vikavolt, F|\n|poke|p2|Blissey, F|\n|poke|p2|Blastoise, F|\n|poke|p2|Crobat, M|\n|teampreview\n|c|\u2606C-Rad1|Round 2. Glhf\n|j| Brockplazz\n|c|\u2606logbake2|glhf :)\n|l| Brockplazz\n|\n|t:|1698714864\n|start\n|switch|p1a: Breloom|Breloom, F|100\/100\n|switch|p2a: Vikavolt|Vikavolt, F|100\/100\n|turn|1\n|\n|t:|1698714910\n|move|p1a: Breloom|Spore|p2a: Vikavolt\n|-status|p2a: Vikavolt|slp|[from] move: Spore\n|cant|p2a: Vikavolt|slp\n|\n|-status|p1a: Breloom|tox|[from] item: Toxic Orb\n|upkeep\n|turn|2\n|j| Brockplazz\n|l| Brockplazz\n|\n|t:|1698714933\n|move|p1a: Breloom|Rock Tomb|p2a: Vikavolt|[miss]\n|-miss|p1a: Breloom|p2a: Vikavolt\n|cant|p2a: Vikavolt|slp\n|\n|upkeep\n|turn|3\n|j| Brockplazz\n|\n|t:|1698715022\n|move|p1a: Breloom|Rock Tomb|p2a: Vikavolt\n|-supereffective|p2a: Vikavolt\n|-damage|p2a: Vikavolt|44\/100 slp\n|-unboost|p2a: Vikavolt|spe|1\n|cant|p2a: Vikavolt|slp\n|\n|upkeep\n|turn|4\n|\n|t:|1698715051\n|switch|p2a: Iron Treads|Iron Treads|100\/100\n|move|p1a: Breloom|Rock Tomb|p2a: Iron Treads\n|-resisted|p2a: Iron Treads\n|-damage|p2a: Iron Treads|95\/100\n|-unboost|p2a: Iron Treads|spe|1\n|\n|-heal|p2a: Iron Treads|100\/100|[from] item: Leftovers\n|upkeep\n|turn|5\n|\n|t:|1698715107\n|-end|p2a: Iron Treads|Quark Drive|[silent]\n|switch|p2a: Dragapult|Dragapult, F|100\/100\n|move|p1a: Breloom|Drain Punch|p2a: Dragapult\n|-immune|p2a: Dragapult\n|\n|upkeep\n|turn|6\n|\n|t:|1698715122\n|move|p1a: Breloom|Protect|p1a: Breloom\n|-singleturn|p1a: Breloom|Protect\n|move|p2a: Dragapult|Shadow Ball|p1a: Breloom\n|-activate|p1a: Breloom|move: Protect\n|\n|upkeep\n|turn|7\n|\n|t:|1698715157\n|switch|p1a: Milotic|Milotic, F|100\/100\n|move|p2a: Dragapult|Shadow Ball|p1a: Milotic\n|-damage|p1a: Milotic|63\/100\n|\n|-heal|p1a: Milotic|69\/100|[from] item: Leftovers\n|upkeep\n|turn|8\n|\n|t:|1698715176\n|move|p2a: Dragapult|Shadow Ball|p1a: Milotic\n|-damage|p1a: Milotic|29\/100\n|-unboost|p1a: Milotic|spd|1\n|move|p1a: Milotic|Toxic|p2a: Dragapult\n|-status|p2a: Dragapult|tox\n|\n|-heal|p1a: Milotic|36\/100|[from] item: Leftovers\n|-damage|p2a: Dragapult|95\/100 tox|[from] psn\n|upkeep\n|turn|9\n|\n|t:|1698715191\n|switch|p1a: Grimmsnarl|Grimmsnarl, M|100\/100\n|-item|p2a: Dragapult|Choice Specs|[from] ability: Frisk|[of] p1a: Grimmsnarl|[identify]\n|move|p2a: Dragapult|Shadow Ball|p1a: Grimmsnarl\n|-resisted|p1a: Grimmsnarl\n|-damage|p1a: Grimmsnarl|84\/100\n|\n|-damage|p2a: Dragapult|83\/100 tox|[from] psn\n|upkeep\n|turn|10\n|j| plusonedex\n|\n|t:|1698715210\n|switch|p2a: Blastoise|Blastoise, F|100\/100\n|move|p1a: Grimmsnarl|Darkest Lariat|p2a: Blastoise\n|-damage|p2a: Blastoise|57\/100\n|\n|upkeep\n|turn|11\n|\n|t:|1698715227\n|detailschange|p2a: Blastoise|Blastoise-Mega, F\n|-mega|p2a: Blastoise|Blastoise|Blastoisinite\n|move|p2a: Blastoise|Flash Cannon|p1a: Grimmsnarl\n|-supereffective|p1a: Grimmsnarl\n|-damage|p1a: Grimmsnarl|49\/100\n|move|p1a: Grimmsnarl|Darkest Lariat|p2a: Blastoise\n|-damage|p2a: Blastoise|20\/100\n|\n|upkeep\n|turn|12\n|\n|t:|1698715259\n|switch|p2a: Blissey|Blissey, F|100\/100\n|move|p1a: Grimmsnarl|Sucker Punch||[still]\n|-fail|p1a: Grimmsnarl\n|\n|upkeep\n|turn|13\n|l| Brockplazz\n|\n|t:|1698715345\n|switch|p2a: Iron Treads|Iron Treads|100\/100\n|move|p1a: Grimmsnarl|Drain Punch|p2a: Iron Treads\n|-supereffective|p2a: Iron Treads\n|-damage|p2a: Iron Treads|59\/100\n|-heal|p1a: Grimmsnarl|65\/100|[from] drain|[of] p2a: Iron Treads\n|\n|-heal|p2a: Iron Treads|66\/100|[from] item: Leftovers\n|upkeep\n|turn|14\n|j| Brockplazz\n|\n|t:|1698715360\n|switch|p1a: Corviknight|Corviknight, M|100\/100\n|-ability|p1a: Corviknight|Pressure\n|move|p2a: Iron Treads|Stealth Rock|p1a: Corviknight\n|-sidestart|p1: C-Rad1|move: Stealth Rock\n|\n|-heal|p2a: Iron Treads|72\/100|[from] item: Leftovers\n|upkeep\n|turn|15\n|\n|t:|1698715427\n|-end|p2a: Iron Treads|Quark Drive|[silent]\n|switch|p2a: Blissey|Blissey, F|100\/100\n|move|p1a: Corviknight|U-turn|p2a: Blissey\n|-damage|p2a: Blissey|71\/100\n|\n|t:|1698715441\n|switch|p1a: Milotic|Milotic, F|36\/100|[from] U-turn\n|-damage|p1a: Milotic|23\/100|[from] Stealth Rock\n|\n|-heal|p1a: Milotic|29\/100|[from] item: Leftovers\n|upkeep\n|turn|16\n|\n|t:|1698715449\n|move|p1a: Milotic|Recover|p1a: Milotic\n|-heal|p1a: Milotic|79\/100\n|move|p2a: Blissey|Toxic|p1a: Milotic\n|-status|p1a: Milotic|tox\n|\n|-heal|p1a: Milotic|85\/100 tox|[from] item: Leftovers\n|-damage|p1a: Milotic|79\/100 tox|[from] psn\n|upkeep\n|turn|17\n|\n|t:|1698715473\n|switch|p1a: Breloom|Breloom, F|100\/100 tox\n|-damage|p1a: Breloom|95\/100 tox|[from] Stealth Rock\n|move|p2a: Blissey|Seismic Toss|p1a: Breloom\n|-damage|p1a: Breloom|57\/100 tox\n|\n|-heal|p1a: Breloom|70\/100 tox|[from] ability: Poison Heal\n|upkeep\n|turn|18\n|\n|t:|1698715483\n|move|p1a: Breloom|Rock Tomb|p2a: Blissey\n|-damage|p2a: Blissey|22\/100\n|-unboost|p2a: Blissey|spe|1\n|move|p2a: Blissey|Wish|p2a: Blissey\n|\n|-heal|p1a: Breloom|82\/100 tox|[from] ability: Poison Heal\n|upkeep\n|turn|19\n|\n|t:|1698715510\n|move|p2a: Blissey|Protect|p2a: Blissey\n|-singleturn|p2a: Blissey|Protect\n|move|p1a: Breloom|Rock Tomb|p2a: Blissey\n|-activate|p2a: Blissey|move: Protect\n|\n|-heal|p2a: Blissey|72\/100|[from] move: Wish|[wisher] Blissey\n|-heal|p1a: Breloom|94\/100 tox|[from] ability: Poison Heal\n|upkeep\n|turn|20\n|\n|t:|1698715601\n|switch|p2a: Crobat|Crobat, M|100\/100\n|move|p1a: Breloom|Rock Tomb|p2a: Crobat\n|-supereffective|p2a: Crobat\n|-damage|p2a: Crobat|50\/100\n|-unboost|p2a: Crobat|spe|1\n|\n|-heal|p2a: Crobat|56\/100|[from] item: Black Sludge\n|-heal|p1a: Breloom|100\/100 tox|[from] ability: Poison Heal\n|upkeep\n|turn|21\n|l| Brockplazz\n|\n|t:|1698715681\n|switch|p1a: Corviknight|Corviknight, M|100\/100\n|-damage|p1a: Corviknight|88\/100|[from] Stealth Rock\n|-ability|p1a: Corviknight|Pressure\n|move|p2a: Crobat|U-turn|p1a: Corviknight\n|-resisted|p1a: Corviknight\n|-damage|p1a: Corviknight|85\/100\n|-damage|p2a: Crobat|39\/100|[from] item: Rocky Helmet|[of] p1a: Corviknight\n|\n|t:|1698715724\n|switch|p2a: Dragapult|Dragapult, F|83\/100 tox|[from] U-turn\n|\n|-damage|p2a: Dragapult|77\/100 tox|[from] psn\n|upkeep\n|turn|22\n|j| Brockplazz\n|l| Brockplazz\n|j| Brockplazz\n|\n|t:|1698715811\n|move|p2a: Dragapult|Scald|p1a: Corviknight\n|-damage|p1a: Corviknight|56\/100\n|move|p1a: Corviknight|U-turn|p2a: Dragapult\n|-resisted|p2a: Dragapult\n|-damage|p2a: Dragapult|65\/100 tox\n|\n|t:|1698715836\n|switch|p1a: Breloom|Breloom, F|100\/100 tox|[from] U-turn\n|-damage|p1a: Breloom|95\/100 tox|[from] Stealth Rock\n|\n|-damage|p2a: Dragapult|53\/100 tox|[from] psn\n|-heal|p1a: Breloom|100\/100 tox|[from] ability: Poison Heal\n|upkeep\n|turn|23\n|\n|t:|1698715926\n|switch|p2a: Vikavolt|Vikavolt, F|44\/100 slp\n|move|p1a: Breloom|Rock Tomb|p2a: Vikavolt\n|-supereffective|p2a: Vikavolt\n|-damage|p2a: Vikavolt|0 fnt\n|faint|p2a: Vikavolt\n|\n|upkeep\n|\n|t:|1698715947\n|switch|p2a: Dragapult|Dragapult, F|53\/100 tox\n|turn|24\n|\n|t:|1698715959\n|move|p1a: Breloom|Protect|p1a: Breloom\n|-singleturn|p1a: Breloom|Protect\n|move|p2a: Dragapult|Shadow Ball|p1a: Breloom\n|-activate|p1a: Breloom|move: Protect\n|\n|-damage|p2a: Dragapult|48\/100 tox|[from] psn\n|upkeep\n|turn|25\n|\n|t:|1698716005\n|switch|p2a: Iron Treads|Iron Treads|72\/100\n|move|p1a: Breloom|Rock Tomb|p2a: Iron Treads\n|-resisted|p2a: Iron Treads\n|-damage|p2a: Iron Treads|67\/100\n|-unboost|p2a: Iron Treads|spe|1\n|\n|-heal|p2a: Iron Treads|73\/100|[from] item: Leftovers\n|upkeep\n|turn|26\n|\n|t:|1698716055\n|move|p2a: Iron Treads|Iron Head|p1a: Breloom\n|-damage|p1a: Breloom|45\/100 tox\n|cant|p1a: Breloom|flinch\n|\n|-heal|p2a: Iron Treads|79\/100|[from] item: Leftovers\n|-heal|p1a: Breloom|57\/100 tox|[from] ability: Poison Heal\n|upkeep\n|turn|27\n|\n|t:|1698716092\n|move|p1a: Breloom|Protect|p1a: Breloom\n|-singleturn|p1a: Breloom|Protect\n|move|p2a: Iron Treads|Iron Head|p1a: Breloom\n|-activate|p1a: Breloom|move: Protect\n|\n|-heal|p2a: Iron Treads|86\/100|[from] item: Leftovers\n|-heal|p1a: Breloom|69\/100 tox|[from] ability: Poison Heal\n|upkeep\n|turn|28\n|\n|t:|1698716132\n|move|p2a: Iron Treads|Iron Head|p1a: Breloom\n|-damage|p1a: Breloom|9\/100 tox\n|cant|p1a: Breloom|flinch\n|\n|-heal|p2a: Iron Treads|92\/100|[from] item: Leftovers\n|-heal|p1a: Breloom|21\/100 tox|[from] ability: Poison Heal\n|upkeep\n|turn|29\n|\n|t:|1698716147\n|move|p1a: Breloom|Protect|p1a: Breloom\n|-singleturn|p1a: Breloom|Protect\n|move|p2a: Iron Treads|Iron Head|p1a: Breloom\n|-activate|p1a: Breloom|move: Protect\n|\n|-heal|p2a: Iron Treads|98\/100|[from] item: Leftovers\n|-heal|p1a: Breloom|33\/100 tox|[from] ability: Poison Heal\n|upkeep\n|turn|30\n|\n|t:|1698716170\n|switch|p1a: Corviknight|Corviknight, M|56\/100\n|-damage|p1a: Corviknight|43\/100|[from] Stealth Rock\n|-ability|p1a: Corviknight|Pressure\n|move|p2a: Iron Treads|Iron Head|p1a: Corviknight\n|-resisted|p1a: Corviknight\n|-damage|p1a: Corviknight|31\/100\n|-damage|p2a: Iron Treads|81\/100|[from] item: Rocky Helmet|[of] p1a: Corviknight\n|\n|-heal|p2a: Iron Treads|88\/100|[from] item: Leftovers\n|upkeep\n|turn|31\n|l| Brockplazz\n|\n|t:|1698716189\n|move|p2a: Iron Treads|Volt Switch|p1a: Corviknight\n|-supereffective|p1a: Corviknight\n|-damage|p1a: Corviknight|11\/100\n|\n|t:|1698716193\n|-end|p2a: Iron Treads|Quark Drive|[silent]\n|switch|p2a: Blissey|Blissey, F|72\/100|[from] Volt Switch\n|move|p1a: Corviknight|Roost|p1a: Corviknight\n|-heal|p1a: Corviknight|61\/100\n|-singleturn|p1a: Corviknight|move: Roost\n|\n|upkeep\n|turn|32\n|j| Brockplazz\n|\n|t:|1698716228\n|move|p2a: Blissey|Protect|p2a: Blissey\n|-singleturn|p2a: Blissey|Protect\n|move|p1a: Corviknight|Roost|p1a: Corviknight\n|-heal|p1a: Corviknight|100\/100\n|-singleturn|p1a: Corviknight|move: Roost\n|\n|upkeep\n|turn|33\n|l| Brockplazz\n|j| Brockplazz\n|\n|t:|1698716272\n|move|p2a: Blissey|Protect|p2a: Blissey\n|-singleturn|p2a: Blissey|Protect\n|move|p1a: Corviknight|U-turn|p2a: Blissey\n|-activate|p2a: Blissey|move: Protect\n|\n|upkeep\n|turn|34\n|\n|t:|1698716278\n|move|p1a: Corviknight|U-turn|p2a: Blissey\n|-damage|p2a: Blissey|41\/100\n|\n|t:|1698716287\n|switch|p1a: Camerupt|Camerupt, F|100\/100|[from] U-turn\n|-damage|p1a: Camerupt|88\/100|[from] Stealth Rock\n|move|p2a: Blissey|Wish|p2a: Blissey\n|\n|upkeep\n|turn|35\n|\n|t:|1698716305\n|switch|p2a: Blastoise|Blastoise-Mega, F|20\/100\n|detailschange|p1a: Camerupt|Camerupt-Mega, F\n|-mega|p1a: Camerupt|Camerupt|Cameruptite\n|move|p1a: Camerupt|Flare Blitz|p2a: Blastoise\n|-resisted|p2a: Blastoise\n|-damage|p2a: Blastoise|0 fnt\n|faint|p2a: Blastoise\n|-damage|p1a: Camerupt|82\/100|[from] Recoil\n|\n|upkeep\n|\n|t:|1698716342\n|switch|p2a: Dragapult|Dragapult, F|48\/100 tox\n|turn|36\n|j| seejay6\n|\n|t:|1698716409\n|switch|p2a: Blissey|Blissey, F|41\/100\n|switch|p1a: Milotic|Milotic, F|79\/100 tox\n|-damage|p1a: Milotic|67\/100 tox|[from] Stealth Rock\n|\n|-heal|p1a: Milotic|73\/100 tox|[from] item: Leftovers\n|-damage|p1a: Milotic|67\/100 tox|[from] psn\n|upkeep\n|turn|37\n|\n|t:|1698716461\n|move|p1a: Milotic|Toxic|p2a: Blissey\n|-status|p2a: Blissey|tox\n|move|p2a: Blissey|Wish|p2a: Blissey\n|\n|-heal|p1a: Milotic|73\/100 tox|[from] item: Leftovers\n|-damage|p1a: Milotic|61\/100 tox|[from] psn\n|-damage|p2a: Blissey|35\/100 tox|[from] psn\n|upkeep\n|turn|38\n|\n|t:|1698716552\n|move|p1a: Milotic|Ice Beam|p2a: Blissey\n|-damage|p2a: Blissey|29\/100 tox\n|move|p2a: Blissey|Toxic|p1a: Milotic\n|-fail|p1a: Milotic|tox\n|\n|-heal|p2a: Blissey|79\/100 tox|[from] move: Wish|[wisher] Blissey\n|-heal|p1a: Milotic|67\/100 tox|[from] item: Leftovers\n|-damage|p1a: Milotic|48\/100 tox|[from] psn\n|-damage|p2a: Blissey|67\/100 tox|[from] psn\n|upkeep\n|turn|39\n|l| Brockplazz\n|\n|t:|1698716582\n|switch|p1a: Camerupt|Camerupt-Mega, F|82\/100\n|-damage|p1a: Camerupt|70\/100|[from] Stealth Rock\n|move|p2a: Blissey|Wish|p2a: Blissey\n|\n|-damage|p2a: Blissey|49\/100 tox|[from] psn\n|upkeep\n|turn|40\n|j| Brockplazz\n|\n|t:|1698716608\n|move|p2a: Blissey|Toxic|p1a: Camerupt\n|-status|p1a: Camerupt|tox\n|move|p1a: Camerupt|Flare Blitz|p2a: Blissey\n|-damage|p2a: Blissey|0 fnt\n|faint|p2a: Blissey\n|-damage|p1a: Camerupt|37\/100 tox|[from] Recoil\n|\n|-damage|p1a: Camerupt|31\/100 tox|[from] psn\n|upkeep\n|\n|t:|1698716648\n|switch|p2a: Dragapult|Dragapult, F|48\/100 tox\n|turn|41\n|\n|t:|1698716659\n|move|p2a: Dragapult|Shadow Ball|p1a: Camerupt\n|-damage|p1a: Camerupt|0 fnt\n|faint|p1a: Camerupt\n|\n|-damage|p2a: Dragapult|42\/100 tox|[from] psn\n|upkeep\n|\n|t:|1698716700\n|switch|p1a: Mew|Mew|100\/100\n|-damage|p1a: Mew|88\/100|[from] Stealth Rock\n|turn|42\n|\n|t:|1698716720\n|move|p1a: Mew|Dark Pulse|p2a: Dragapult\n|-supereffective|p2a: Dragapult\n|-damage|p2a: Dragapult|0 fnt\n|faint|p2a: Dragapult\n|\n|upkeep\n|\n|t:|1698716734\n|switch|p2a: Iron Treads|Iron Treads|88\/100\n|turn|43\n|\n|t:|1698716746\n|switch|p1a: Grimmsnarl|Grimmsnarl, M|65\/100\n|-damage|p1a: Grimmsnarl|53\/100|[from] Stealth Rock\n|-item|p2a: Iron Treads|Leftovers|[from] ability: Frisk|[of] p1a: Grimmsnarl|[identify]\n|move|p2a: Iron Treads|Iron Head|p1a: Grimmsnarl\n|-supereffective|p1a: Grimmsnarl\n|-damage|p1a: Grimmsnarl|0 fnt\n|faint|p1a: Grimmsnarl\n|\n|-heal|p2a: Iron Treads|94\/100|[from] item: Leftovers\n|upkeep\n|\n|t:|1698716755\n|switch|p1a: Milotic|Milotic, F|48\/100 tox\n|-damage|p1a: Milotic|36\/100 tox|[from] Stealth Rock\n|turn|44\n|\n|t:|1698716766\n|move|p2a: Iron Treads|Earthquake|p1a: Milotic\n|-damage|p1a: Milotic|13\/100 tox\n|move|p1a: Milotic|Scald|p2a: Iron Treads\n|-supereffective|p2a: Iron Treads\n|-damage|p2a: Iron Treads|24\/100\n|\n|-heal|p2a: Iron Treads|30\/100|[from] item: Leftovers\n|-heal|p1a: Milotic|19\/100 tox|[from] item: Leftovers\n|-damage|p1a: Milotic|13\/100 tox|[from] psn\n|upkeep\n|turn|45\n|\n|t:|1698716793\n|move|p2a: Iron Treads|Iron Head|p1a: Milotic\n|-resisted|p1a: Milotic\n|-damage|p1a: Milotic|4\/100 tox\n|move|p1a: Milotic|Scald|p2a: Iron Treads\n|-supereffective|p2a: Iron Treads\n|-damage|p2a: Iron Treads|0 fnt\n|faint|p2a: Iron Treads\n|-end|p2a: Iron Treads|Quark Drive|[silent]\n|\n|-heal|p1a: Milotic|10\/100 tox|[from] item: Leftovers\n|-damage|p1a: Milotic|0 fnt|[from] psn\n|faint|p1a: Milotic\n|upkeep\n|\n|t:|1698716804\n|switch|p2a: Crobat|Crobat, M|39\/100\n|switch|p1a: Mew|Mew|88\/100\n|-damage|p1a: Mew|76\/100|[from] Stealth Rock\n|turn|46\n|\n|t:|1698716818\n|move|p1a: Mew|Psychic|p2a: Crobat\n|-supereffective|p2a: Crobat\n|-damage|p2a: Crobat|0 fnt\n|faint|p2a: Crobat\n|\n|win|C-Rad1\n|c|\u2606C-Rad1|Gg!\n","uploadtime":1698716830,"views":12,"p1id":"crad1","p2id":"logbake2","formatid":"gen9nationaldexubers","rating":0,"private":0,"password":""}