{"id":"gen9nationaldexubers-1979800320","p1":"Dylax","p2":"Pinoygoy","format":"[Gen 9] National Dex Ubers","log":"|j|\u2606Dylax\n|j|\u2606Pinoygoy\n|t:|1698714545\n|gametype|singles\n|player|p1|Dylax|larry|\n|player|p2|Pinoygoy|palmer|\n|teamsize|p1|6\n|teamsize|p2|6\n|gen|9\n|tier|[Gen 9] National Dex Ubers\n|rule|HP Percentage Mod: HP is shown in percentages\n|rule|Endless Battle Clause: Forcing endless battles is banned\n|rule|OHKO Clause: OHKO moves are banned\n|rule|Evasion Moves Clause: Evasion moves are banned\n|rule|Evasion Items Clause: Evasion items are banned\n|rule|Species Clause: Limit one of each Pok\u00e9mon\n|rule|Sleep Clause Mod: Limit one foe put to sleep\n|rule|Mega Rayquaza Clause: You cannot mega evolve Rayquaza\n|clearpoke\n|poke|p1|Mimikyu, F|\n|poke|p1|Marshadow|\n|poke|p1|Chandelure, M|\n|poke|p1|Gholdengo|\n|poke|p1|Froslass, F|\n|poke|p1|Dragapult, M|\n|poke|p2|Mimikyu, F|\n|poke|p2|Zoroark-Hisui, M|\n|poke|p2|Dusclops, M|\n|poke|p2|Banette, F|\n|poke|p2|Spiritomb, M|\n|poke|p2|Flutter Mane|\n|teampreview\n|j| Ant12131\n|c|\u2606Pinoygoy|alright kinda forgot about my team tbh\n|j| Nyomincia\n|c| Ant12131|lol\n|c|\u2606Pinoygoy|best of luck\n|c|\u2606Pinoygoy|The real challenge is whoever faces Jasleen\n|c| Nyomincia|gaming\n|c|\u2606Dylax|Whoever wins must beat jasleen\n|c|\u2606Dylax|Anyways, gl\n|j| sinomani\n|c|\u2606Pinoygoy|Nah she's gonna wipe us\n|c|\u2606Pinoygoy|Gl\n|\n|t:|1698714647\n|start\n|switch|p1a: Special Snowflake|Froslass, F|100\/100\n|switch|p2a: Mimikyu|Mimikyu, F|100\/100\n|turn|1\n|c|\u2606Dylax|Anything can happen in Jersey\n|c| sinomani|i'm gonna wipe yall (i already lost to dylan)\n|\n|t:|1698714654\n|move|p2a: Mimikyu|Beat Up|p1a: Special Snowflake\n|-supereffective|p1a: Special Snowflake\n|-damage|p1a: Special Snowflake|86\/100\n|-supereffective|p1a: Special Snowflake\n|-damage|p1a: Special Snowflake|71\/100\n|-start|p2a: Mimikyu|Disable|Beat Up|[from] ability: Cursed Body|[of] p1a: Special Snowflake\n|-supereffective|p1a: Special Snowflake\n|-damage|p1a: Special Snowflake|59\/100\n|-supereffective|p1a: Special Snowflake\n|-damage|p1a: Special Snowflake|44\/100\n|-supereffective|p1a: Special Snowflake\n|-damage|p1a: Special Snowflake|30\/100\n|-supereffective|p1a: Special Snowflake\n|-damage|p1a: Special Snowflake|20\/100\n|-hitcount|p1a: Special Snowflake|6\n|move|p1a: Special Snowflake|Will-O-Wisp|p2a: Mimikyu\n|-status|p2a: Mimikyu|brn\n|\n|-damage|p2a: Mimikyu|95\/100 brn|[from] brn\n|upkeep\n|turn|2\n|c|\u2606Pinoygoy|Jersey boy mode\n|\n|t:|1698714671\n|switch|p2a: Spiritomb|Spiritomb, M|100\/100\n|move|p1a: Special Snowflake|Shadow Ball|p2a: Spiritomb\n|-damage|p2a: Spiritomb|76\/100\n|-unboost|p2a: Spiritomb|spd|1\n|\n|upkeep\n|turn|3\n|\n|t:|1698714675\n|move|p2a: Spiritomb|Shadow Sneak|p1a: Special Snowflake\n|-supereffective|p1a: Special Snowflake\n|-damage|p1a: Special Snowflake|0 fnt\n|faint|p1a: Special Snowflake\n|\n|upkeep\n|\n|t:|1698714743\n|switch|p1a: Grave Robber|Marshadow|100\/100\n|turn|4\n|\n|t:|1698714758\n|move|p1a: Grave Robber|Poltergeist|p2a: Spiritomb\n|-activate|p2a: Spiritomb|move: Poltergeist|Focus Sash\n|-damage|p2a: Spiritomb|4\/100\n|move|p2a: Spiritomb|Will-O-Wisp|p1a: Grave Robber\n|-status|p1a: Grave Robber|brn\n|\n|-damage|p1a: Grave Robber|94\/100 brn|[from] brn\n|upkeep\n|turn|5\n|c|\u2606Pinoygoy|revenge for mimikyu\n|c|\u2606Dylax|Ahhh\n|\n|t:|1698714777\n|move|p2a: Spiritomb|Shadow Sneak|p1a: Grave Robber\n|-supereffective|p1a: Grave Robber\n|-damage|p1a: Grave Robber|62\/100 brn\n|move|p1a: Grave Robber|Knock Off|p2a: Spiritomb\n|-damage|p2a: Spiritomb|0 fnt\n|-enditem|p2a: Spiritomb|Focus Sash|[from] move: Knock Off|[of] p1a: Grave Robber\n|faint|p2a: Spiritomb\n|\n|-damage|p1a: Grave Robber|56\/100 brn|[from] brn\n|upkeep\n|\n|t:|1698714785\n|switch|p2a: Mimikyu|Mimikyu, F|95\/100 brn\n|turn|6\n|\n|t:|1698714789\n|move|p2a: Mimikyu|Shadow Claw|p1a: Grave Robber\n|-supereffective|p1a: Grave Robber\n|-damage|p1a: Grave Robber|19\/100 brn\n|move|p1a: Grave Robber|Knock Off|p2a: Mimikyu\n|-activate|p2a: Mimikyu|ability: Disguise\n|-damage|p2a: Mimikyu|95\/100 brn\n|-enditem|p2a: Mimikyu|Choice Scarf|[from] move: Knock Off|[of] p1a: Grave Robber\n|detailschange|p2a: Mimikyu|Mimikyu-Busted, F\n|-damage|p2a: Mimikyu|82\/100 brn|[from] pokemon: Mimikyu-Busted\n|\n|-damage|p1a: Grave Robber|12\/100 brn|[from] brn\n|-damage|p2a: Mimikyu|76\/100 brn|[from] brn\n|upkeep\n|turn|7\n|\n|t:|1698714794\n|move|p1a: Grave Robber|Shadow Sneak|p2a: Mimikyu\n|-supereffective|p2a: Mimikyu\n|-damage|p2a: Mimikyu|18\/100 brn\n|move|p2a: Mimikyu|Shadow Sneak|p1a: Grave Robber\n|-supereffective|p1a: Grave Robber\n|-damage|p1a: Grave Robber|0 fnt\n|faint|p1a: Grave Robber\n|\n|-damage|p2a: Mimikyu|12\/100 brn|[from] brn\n|upkeep\n|\n|t:|1698714831\n|switch|p1a: Chandelabra|Chandelure, M|100\/100\n|turn|8\n|\n|t:|1698714837\n|move|p1a: Chandelabra|Shadow Ball|p2a: Mimikyu\n|-supereffective|p2a: Mimikyu\n|-damage|p2a: Mimikyu|0 fnt\n|faint|p2a: Mimikyu\n|\n|upkeep\n|\n|t:|1698714841\n|switch|p2a: Dusclops|Dusclops, M|100\/100\n|-ability|p2a: Dusclops|Pressure\n|turn|9\n|\n|t:|1698714867\n|move|p1a: Chandelabra|Shadow Ball|p2a: Dusclops\n|-supereffective|p2a: Dusclops\n|-damage|p2a: Dusclops|52\/100\n|move|p2a: Dusclops|Poltergeist|p1a: Chandelabra\n|-activate|p1a: Chandelabra|move: Poltergeist|Choice Scarf\n|-supereffective|p1a: Chandelabra\n|-damage|p1a: Chandelabra|12\/100\n|\n|upkeep\n|turn|10\n|c|\u2606Pinoygoy|absolute tank\n|\n|t:|1698714877\n|move|p2a: Dusclops|Shadow Sneak|p1a: Chandelabra\n|-supereffective|p1a: Chandelabra\n|-damage|p1a: Chandelabra|0 fnt\n|-status|p2a: Dusclops|brn|[from] ability: Flame Body|[of] p1a: Chandelabra\n|faint|p1a: Chandelabra\n|\n|-damage|p2a: Dusclops|46\/100 brn|[from] brn\n|upkeep\n|c|\u2606Pinoygoy|aw man\n|c|\u2606Dylax|revenge for marshadow\n|\n|t:|1698714893\n|switch|p1a: Mikimu|Mimikyu, F|100\/100\n|turn|11\n|c|\u2606Pinoygoy|bruh thats 2x revenger for my 1\n|\n|t:|1698714907\n|move|p2a: Dusclops|Shadow Sneak|p1a: Mikimu\n|-activate|p1a: Mikimu|ability: Disguise\n|-damage|p1a: Mikimu|100\/100\n|detailschange|p1a: Mikimu|Mimikyu-Busted, F\n|-damage|p1a: Mikimu|88\/100|[from] pokemon: Mimikyu-Busted\n|move|p1a: Mikimu|Swords Dance|p1a: Mikimu\n|-boost|p1a: Mikimu|atk|2\n|\n|-damage|p2a: Dusclops|40\/100 brn|[from] brn\n|upkeep\n|turn|12\n|\n|t:|1698714928\n|move|p1a: Mikimu|Shadow Claw|p2a: Dusclops\n|-supereffective|p2a: Dusclops\n|-crit|p2a: Dusclops\n|-damage|p2a: Dusclops|0 fnt\n|faint|p2a: Dusclops\n|-damage|p1a: Mikimu|78\/100|[from] item: Life Orb\n|\n|upkeep\n|\n|t:|1698714932\n|switch|p2a: Flutter Mane|Flutter Mane|100\/100\n|turn|13\n|\n|t:|1698714940\n|move|p2a: Flutter Mane|Nasty Plot|p2a: Flutter Mane\n|-boost|p2a: Flutter Mane|spa|2\n|move|p1a: Mikimu|Play Rough|p2a: Flutter Mane\n|-enditem|p2a: Flutter Mane|Focus Sash\n|-damage|p2a: Flutter Mane|1\/100\n|replace|p2a: Zoroark|Zoroark-Hisui, M\n|-end|p2a: Zoroark|Illusion\n|-damage|p1a: Mikimu|68\/100|[from] item: Life Orb\n|\n|upkeep\n|turn|14\n|\n|t:|1698714954\n|move|p2a: Zoroark|Shadow Sneak|p1a: Mikimu\n|-supereffective|p1a: Mikimu\n|-damage|p1a: Mikimu|25\/100\n|move|p1a: Mikimu|Play Rough|p2a: Zoroark\n|-damage|p2a: Zoroark|0 fnt\n|faint|p2a: Zoroark\n|-damage|p1a: Mikimu|15\/100|[from] item: Life Orb\n|\n|upkeep\n|\n|t:|1698714963\n|switch|p2a: Flutter Mane|Flutter Mane|100\/100\n|turn|15\n|\n|t:|1698714968\n|move|p1a: Mikimu|Shadow Sneak|p2a: Flutter Mane\n|-supereffective|p2a: Flutter Mane\n|-crit|p2a: Flutter Mane\n|-enditem|p2a: Flutter Mane|Focus Sash\n|-damage|p2a: Flutter Mane|1\/100\n|-damage|p1a: Mikimu|5\/100|[from] item: Life Orb\n|move|p2a: Flutter Mane|Shadow Ball|p1a: Mikimu\n|-supereffective|p1a: Mikimu\n|-damage|p1a: Mikimu|0 fnt\n|faint|p1a: Mikimu\n|\n|upkeep\n|c|\u2606Pinoygoy|oof shoulda gone with my gut\n|\n|t:|1698714983\n|switch|p1a: Rango 2|Gholdengo|100\/100\n|turn|16\n|\n|t:|1698714987\n|move|p1a: Rango 2|Shadow Ball|p2a: Flutter Mane\n|-supereffective|p2a: Flutter Mane\n|-damage|p2a: Flutter Mane|0 fnt\n|faint|p2a: Flutter Mane\n|-end|p2a: Flutter Mane|Protosynthesis|[silent]\n|\n|upkeep\n|\n|t:|1698714989\n|switch|p2a: Banette|Banette, F|100\/100\n|turn|17\n|\n|t:|1698714992\n|detailschange|p2a: Banette|Banette-Mega, F\n|-mega|p2a: Banette|Banette|Banettite\n|move|p2a: Banette|Destiny Bond|p2a: Banette\n|-singlemove|p2a: Banette|Destiny Bond\n|move|p1a: Rango 2|Shadow Ball|p2a: Banette\n|-supereffective|p2a: Banette\n|-damage|p2a: Banette|0 fnt\n|faint|p2a: Banette\n|-activate|p2a: Banette|move: Destiny Bond\n|faint|p1a: Rango 2\n|\n|win|Dylax\n|c|\u2606Pinoygoy|gg\n|c|\u2606Dylax|gg\n|c| Ant12131|ggs\n|c|\u2606Pinoygoy|alright thug final time\n|l|\u2606Pinoygoy\n|c|\u2606Dylax|no no no, wait wait wait\n|l| Nyomincia\n|j| BloodlustBlackz\n|l| BloodlustBlackz\n|c| sinomani|mwahahahaha\n","uploadtime":1698715216,"views":18,"p1id":"dylax","p2id":"pinoygoy","formatid":"gen9nationaldexubers","rating":0,"private":0,"password":""}