{"id":"gen9nationaldexubers-1987369734","p1":"Samdunker34","p2":"Gym leader chops","format":"[Gen 9] National Dex Ubers","log":"|j|\u2606Samdunker34\n|j|\u2606Gym leader chops\n|t:|1699582765\n|gametype|singles\n|player|p1|Samdunker34|buck|\n|player|p2|Gym leader chops|flint|\n|teamsize|p1|6\n|teamsize|p2|6\n|gen|9\n|tier|[Gen 9] National Dex Ubers\n|rule|HP Percentage Mod: HP is shown in percentages\n|rule|Endless Battle Clause: Forcing endless battles is banned\n|rule|OHKO Clause: OHKO moves are banned\n|rule|Evasion Moves Clause: Evasion moves are banned\n|rule|Evasion Items Clause: Evasion items are banned\n|rule|Species Clause: Limit one of each Pok\u00e9mon\n|rule|Sleep Clause Mod: Limit one foe put to sleep\n|rule|Mega Rayquaza Clause: You cannot mega evolve Rayquaza\n|clearpoke\n|poke|p1|Blaziken, M|\n|poke|p1|Zapdos|\n|poke|p1|Gallade, M|\n|poke|p1|Darmanitan-Galar, F|\n|poke|p1|Garchomp, F|\n|poke|p1|Sharpedo, F|\n|poke|p2|Venusaur, M|\n|poke|p2|Torkoal, M|\n|poke|p2|Scovillain, M|\n|poke|p2|Electivire, M|\n|poke|p2|Monferno, M|\n|poke|p2|Tropius, M|\n|teampreview\n|\n|t:|1699582813\n|start\n|switch|p1a: Darmanitan|Darmanitan-Galar, F|100\/100\n|switch|p2a: Torkoal|Torkoal, M|100\/100\n|-weather|SunnyDay|[from] ability: Drought|[of] p2a: Torkoal\n|turn|1\n|j| ezrathycc\n|\n|t:|1699582831\n|move|p1a: Darmanitan|Rock Slide|p2a: Torkoal\n|-supereffective|p2a: Torkoal\n|-damage|p2a: Torkoal|42\/100\n|move|p2a: Torkoal|Heat Wave|p1a: Darmanitan\n|-supereffective|p1a: Darmanitan\n|-damage|p1a: Darmanitan|0 fnt\n|faint|p1a: Darmanitan\n|\n|-weather|SunnyDay|[upkeep]\n|-heal|p2a: Torkoal|48\/100|[from] item: Leftovers\n|upkeep\n|\n|t:|1699582842\n|switch|p1a: Sharpedo|Sharpedo, F, shiny|100\/100\n|turn|2\n|\n|t:|1699582850\n|switch|p2a: Electivire|Electivire, M|100\/100\n|move|p1a: Sharpedo|Waterfall|p2a: Electivire\n|-crit|p2a: Electivire\n|-damage|p2a: Electivire|38\/100\n|-damage|p1a: Sharpedo|91\/100|[from] item: Life Orb\n|\n|-weather|SunnyDay|[upkeep]\n|-heal|p2a: Electivire|44\/100|[from] item: Leftovers\n|-ability|p1a: Sharpedo|Speed Boost|boost\n|-boost|p1a: Sharpedo|spe|1\n|upkeep\n|turn|3\n|\n|t:|1699582875\n|move|p1a: Sharpedo|Waterfall|p2a: Electivire\n|-damage|p2a: Electivire|0 fnt\n|faint|p2a: Electivire\n|-damage|p1a: Sharpedo|81\/100|[from] item: Life Orb\n|\n|-weather|SunnyDay|[upkeep]\n|-ability|p1a: Sharpedo|Speed Boost|boost\n|-boost|p1a: Sharpedo|spe|1\n|upkeep\n|\n|t:|1699582884\n|switch|p2a: Monferno|Monferno, M|100\/100\n|turn|4\n|\n|t:|1699582888\n|move|p2a: Monferno|Mach Punch|p1a: Sharpedo\n|-supereffective|p1a: Sharpedo\n|-damage|p1a: Sharpedo|24\/100\n|move|p1a: Sharpedo|Waterfall|p2a: Monferno\n|-supereffective|p2a: Monferno\n|-crit|p2a: Monferno\n|-damage|p2a: Monferno|0 fnt\n|faint|p2a: Monferno\n|-damage|p1a: Sharpedo|14\/100|[from] item: Life Orb\n|\n|-weather|SunnyDay|[upkeep]\n|-ability|p1a: Sharpedo|Speed Boost|boost\n|-boost|p1a: Sharpedo|spe|1\n|upkeep\n|\n|t:|1699582905\n|switch|p2a: Tropius|Tropius, M|100\/100\n|turn|5\n|\n|t:|1699582922\n|switch|p1a: Zapdos|Zapdos|100\/100\n|move|p2a: Tropius|Roar|p1a: Zapdos\n|drag|p1a: Blaziken|Blaziken, M|100\/100\n|\n|-weather|none\n|upkeep\n|turn|6\n|\n|t:|1699582931\n|move|p1a: Blaziken|Flare Blitz|p2a: Tropius\n|-supereffective|p2a: Tropius\n|-damage|p2a: Tropius|0 fnt\n|faint|p2a: Tropius\n|-damage|p1a: Blaziken|59\/100|[from] Recoil\n|-damage|p1a: Blaziken|49\/100|[from] item: Life Orb\n|\n|-ability|p1a: Blaziken|Speed Boost|boost\n|-boost|p1a: Blaziken|spe|1\n|upkeep\n|\n|t:|1699582943\n|switch|p2a: Scovillain|Scovillain, M|100\/100\n|turn|7\n|\n|t:|1699582955\n|move|p1a: Blaziken|Close Combat|p2a: Scovillain\n|-damage|p2a: Scovillain|0 fnt\n|-unboost|p1a: Blaziken|def|1\n|-unboost|p1a: Blaziken|spd|1\n|faint|p2a: Scovillain\n|-damage|p1a: Blaziken|39\/100|[from] item: Life Orb\n|\n|-ability|p1a: Blaziken|Speed Boost|boost\n|-boost|p1a: Blaziken|spe|1\n|upkeep\n|\n|t:|1699582967\n|switch|p2a: Torkoal|Torkoal, M|48\/100\n|-weather|SunnyDay|[from] ability: Drought|[of] p2a: Torkoal\n|turn|8\n|\n|t:|1699582978\n|move|p2a: Torkoal|Protect|p2a: Torkoal\n|-singleturn|p2a: Torkoal|Protect\n|move|p1a: Blaziken|Close Combat|p2a: Torkoal\n|-activate|p2a: Torkoal|move: Protect\n|\n|-weather|SunnyDay|[upkeep]\n|-heal|p2a: Torkoal|54\/100|[from] item: Leftovers\n|-ability|p1a: Blaziken|Speed Boost|boost\n|-boost|p1a: Blaziken|spe|1\n|upkeep\n|turn|9\n|\n|t:|1699582992\n|move|p2a: Torkoal|Protect||[still]\n|-fail|p2a: Torkoal\n|move|p1a: Blaziken|Close Combat|p2a: Torkoal\n|-damage|p2a: Torkoal|7\/100\n|-unboost|p1a: Blaziken|def|1\n|-unboost|p1a: Blaziken|spd|1\n|-damage|p1a: Blaziken|29\/100|[from] item: Life Orb\n|\n|-weather|SunnyDay|[upkeep]\n|-heal|p2a: Torkoal|13\/100|[from] item: Leftovers\n|-ability|p1a: Blaziken|Speed Boost|boost\n|-boost|p1a: Blaziken|spe|1\n|upkeep\n|turn|10\n|\n|t:|1699583008\n|move|p2a: Torkoal|Protect|p2a: Torkoal\n|-singleturn|p2a: Torkoal|Protect\n|move|p1a: Blaziken|Thunder Punch|p2a: Torkoal\n|-activate|p2a: Torkoal|move: Protect\n|\n|-weather|SunnyDay|[upkeep]\n|-heal|p2a: Torkoal|19\/100|[from] item: Leftovers\n|-ability|p1a: Blaziken|Speed Boost|boost\n|-boost|p1a: Blaziken|spe|1\n|upkeep\n|turn|11\n|\n|t:|1699583020\n|move|p1a: Blaziken|Thunder Punch|p2a: Torkoal\n|-damage|p2a: Torkoal|0 fnt\n|faint|p2a: Torkoal\n|-damage|p1a: Blaziken|19\/100|[from] item: Life Orb\n|\n|-weather|SunnyDay|[upkeep]\n|-ability|p1a: Blaziken|Speed Boost|boost\n|-boost|p1a: Blaziken|spe|1\n|upkeep\n|\n|t:|1699583029\n|switch|p2a: Venusaur|Venusaur, M|100\/100\n|turn|12\n|\n|t:|1699583033\n|move|p1a: Blaziken|Flare Blitz|p2a: Venusaur\n|-supereffective|p2a: Venusaur\n|-damage|p2a: Venusaur|0 fnt\n|faint|p2a: Venusaur\n|-damage|p1a: Blaziken|0 fnt|[from] Recoil\n|faint|p1a: Blaziken\n|\n|win|Samdunker34\n|c|\u2606Samdunker34|gg\n","uploadtime":1699583043,"views":35,"p1id":"samdunker34","p2id":"gymleaderchops","formatid":"gen9nationaldexubers","rating":0,"private":0,"password":""}