{"id":"gen9nationaldexubers-1998473818","p1":"DecibelTheNoivern","p2":"Mr Tubz","format":"[Gen 9] National Dex Ubers","log":"|j|\u2606DecibelTheNoivern\n|j|\u2606Mr Tubz\n|t:|1700946337\n|gametype|singles\n|player|p1|DecibelTheNoivern|169|1169\n|player|p2|Mr Tubz|266|1191\n|teamsize|p1|6\n|teamsize|p2|6\n|gen|9\n|tier|[Gen 9] National Dex Ubers\n|rated|\n|rule|HP Percentage Mod: HP is shown in percentages\n|rule|Endless Battle Clause: Forcing endless battles is banned\n|rule|OHKO Clause: OHKO moves are banned\n|rule|Evasion Moves Clause: Evasion moves are banned\n|rule|Evasion Items Clause: Evasion items are banned\n|rule|Species Clause: Limit one of each Pok\u00e9mon\n|rule|Sleep Clause Mod: Limit one foe put to sleep\n|rule|Mega Rayquaza Clause: You cannot mega evolve Rayquaza\n|clearpoke\n|poke|p1|Urshifu-*, M|\n|poke|p1|Zoroark-Hisui, F|\n|poke|p1|Blaziken, F|\n|poke|p1|Lopunny, M|\n|poke|p1|Zamazenta-*|\n|poke|p1|Deoxys-Speed|\n|poke|p2|Mewtwo|\n|poke|p2|Deoxys-Defense|\n|poke|p2|Groudon|\n|poke|p2|Yveltal|\n|poke|p2|Genesect-Douse|\n|poke|p2|Kyogre|\n|teampreview\n|inactive|Battle timer is ON: inactive players will automatically lose when time's up. (requested by DecibelTheNoivern)\n|\n|t:|1700946362\n|start\n|switch|p1a: Endoskeleton|Deoxys-Speed|100\/100\n|switch|p2a: Yveltal|Yveltal|100\/100\n|-ability|p1a: Endoskeleton|Pressure\n|-ability|p2a: Yveltal|Dark Aura\n|turn|1\n|inactive|DecibelTheNoivern has 120 seconds left.\n|\n|t:|1700946404\n|move|p1a: Endoskeleton|Stealth Rock|p2a: Yveltal\n|-sidestart|p2: Mr Tubz|move: Stealth Rock\n|move|p2a: Yveltal|Tailwind|p2a: Yveltal\n|-sidestart|p2: Mr Tubz|move: Tailwind\n|\n|upkeep\n|turn|2\n|\n|t:|1700946411\n|move|p2a: Yveltal|Dark Pulse|p1a: Endoskeleton\n|-supereffective|p1a: Endoskeleton\n|-enditem|p1a: Endoskeleton|Focus Sash\n|-damage|p1a: Endoskeleton|1\/100\n|-damage|p2a: Yveltal|91\/100|[from] item: Life Orb\n|move|p1a: Endoskeleton|Spikes|p2a: Yveltal\n|-sidestart|p2: Mr Tubz|Spikes\n|\n|upkeep\n|turn|3\n|\n|t:|1700946424\n|move|p2a: Yveltal|Oblivion Wing|p1a: Endoskeleton\n|-damage|p1a: Endoskeleton|0 fnt\n|-heal|p2a: Yveltal|91\/100|[from] drain|[of] p1a: Endoskeleton\n|faint|p1a: Endoskeleton\n|-damage|p2a: Yveltal|81\/100|[from] item: Life Orb\n|\n|upkeep\n|inactive|DecibelTheNoivern has 120 seconds left.\n|\n|t:|1700946437\n|switch|p1a: Chica the Chicken|Blaziken, F|100\/100\n|turn|4\n|\n|t:|1700946444\n|move|p2a: Yveltal|Dark Pulse|p1a: Chica the Chicken\n|-resisted|p1a: Chica the Chicken\n|-damage|p1a: Chica the Chicken|44\/100\n|-damage|p2a: Yveltal|71\/100|[from] item: Life Orb\n|move|p1a: Chica the Chicken|Swords Dance|p1a: Chica the Chicken\n|-boost|p1a: Chica the Chicken|atk|2\n|\n|-sideend|p2: Mr Tubz|move: Tailwind\n|-ability|p1a: Chica the Chicken|Speed Boost|boost\n|-boost|p1a: Chica the Chicken|spe|1\n|upkeep\n|turn|5\n|\n|t:|1700946455\n|move|p1a: Chica the Chicken|Blaze Kick|p2a: Yveltal\n|-damage|p2a: Yveltal|0 fnt\n|faint|p2a: Yveltal\n|\n|-ability|p1a: Chica the Chicken|Speed Boost|boost\n|-boost|p1a: Chica the Chicken|spe|1\n|upkeep\n|\n|t:|1700946463\n|switch|p2a: Genesect|Genesect-Douse|100\/100\n|-damage|p2a: Genesect|88\/100|[from] Stealth Rock\n|-damage|p2a: Genesect|76\/100|[from] Spikes\n|-ability|p2a: Genesect|Download|boost\n|-boost|p2a: Genesect|atk|1\n|turn|6\n|\n|t:|1700946470\n|switch|p2a: Kyogre|Kyogre|100\/100\n|-damage|p2a: Kyogre|88\/100|[from] Stealth Rock\n|-damage|p2a: Kyogre|76\/100|[from] Spikes\n|detailschange|p2a: Kyogre|Kyogre-Primal\n|-primal|p2a: Kyogre|Blue Orb\n|-weather|PrimordialSea|[from] ability: Primordial Sea|[of] p2a: Kyogre\n|move|p1a: Chica the Chicken|Blaze Kick||[still]\n|-fail|p1a: Chica the Chicken|Blaze Kick|[from] Primordial Sea\n|\n|-weather|PrimordialSea|[upkeep]\n|-ability|p1a: Chica the Chicken|Speed Boost|boost\n|-boost|p1a: Chica the Chicken|spe|1\n|upkeep\n|turn|7\n|\n|t:|1700946482\n|move|p1a: Chica the Chicken|High Jump Kick|p2a: Kyogre\n|-damage|p2a: Kyogre|0 fnt\n|faint|p2a: Kyogre\n|-weather|none\n|\n|-ability|p1a: Chica the Chicken|Speed Boost|boost\n|-boost|p1a: Chica the Chicken|spe|1\n|upkeep\n|\n|t:|1700946490\n|switch|p2a: Deoxys|Deoxys-Defense|100\/100\n|-damage|p2a: Deoxys|88\/100|[from] Stealth Rock\n|-damage|p2a: Deoxys|75\/100|[from] Spikes\n|-ability|p2a: Deoxys|Pressure\n|turn|8\n|\n|t:|1700946495\n|move|p1a: Chica the Chicken|Blaze Kick|p2a: Deoxys\n|-crit|p2a: Deoxys\n|-damage|p2a: Deoxys|0 fnt\n|faint|p2a: Deoxys\n|\n|-ability|p1a: Chica the Chicken|Speed Boost|boost\n|-boost|p1a: Chica the Chicken|spe|1\n|upkeep\n|inactive|Mr Tubz has 120 seconds left.\n|inactive|Mr Tubz has 90 seconds left.\n|l|\u2606DecibelTheNoivern\n|inactive|DecibelTheNoivern disconnected and has a minute to reconnect!\n|player|p1|\n|j|\u2606DecibelTheNoivern\n|inactive|DecibelTheNoivern reconnected.\n|player|p1|DecibelTheNoivern|169\n|inactive|Mr Tubz has 60 seconds left.\n|inactive|Mr Tubz has 30 seconds left.\n|inactive|Mr Tubz has 20 seconds left.\n|inactive|Mr Tubz has 15 seconds left.\n|inactive|Mr Tubz has 10 seconds left.\n|inactive|Mr Tubz has 5 seconds left.\n|-message|Mr Tubz lost due to inactivity.\n|\n|win|DecibelTheNoivern\n|raw|DecibelTheNoivern's rating: 1169 &rarr; <strong>1196<\/strong><br \/>(+27 for winning)\n|raw|Mr Tubz's rating: 1191 &rarr; <strong>1164<\/strong><br \/>(-27 for losing)\n","uploadtime":1700946663,"views":8,"p1id":"decibelthenoivern","p2id":"mrtubz","formatid":"gen9nationaldexubers","rating":1164,"private":0,"password":""}