{"id":"gen9nationaldexubers-1978593470","p1":"Chaitanya15","p2":"GYM LOVER MPC","format":"[Gen 9] National Dex Ubers","log":"|j|\u2606Chaitanya15\n|j|\u2606GYM LOVER MPC\n|t:|1698562557\n|gametype|singles\n|player|p1|Chaitanya15|265|1221\n|player|p2|GYM LOVER MPC|blackbelt-gen4dp|1158\n|teamsize|p1|6\n|teamsize|p2|6\n|gen|9\n|tier|[Gen 9] National Dex Ubers\n|rated|\n|rule|HP Percentage Mod: HP is shown in percentages\n|rule|Endless Battle Clause: Forcing endless battles is banned\n|rule|OHKO Clause: OHKO moves are banned\n|rule|Evasion Moves Clause: Evasion moves are banned\n|rule|Evasion Items Clause: Evasion items are banned\n|rule|Species Clause: Limit one of each Pok\u00e9mon\n|rule|Sleep Clause Mod: Limit one foe put to sleep\n|rule|Mega Rayquaza Clause: You cannot mega evolve Rayquaza\n|clearpoke\n|poke|p1|Pikachu, F|\n|poke|p1|Dragonite, M|\n|poke|p1|Gengar, F|\n|poke|p1|Sirfetch\u2019d, F|\n|poke|p1|Lucario, F|\n|poke|p1|Dracovish|\n|poke|p2|Yveltal|\n|poke|p2|Marshadow|\n|poke|p2|Eternatus|\n|poke|p2|Zacian-*|\n|poke|p2|Kyogre|\n|poke|p2|Diancie|\n|teampreview\n|inactive|Battle timer is ON: inactive players will automatically lose when time's up. (requested by Chaitanya15)\n|\n|t:|1698562578\n|start\n|switch|p1a: Dragonite|Dragonite, M|100\/100\n|switch|p2a: Diancie|Diancie|100\/100\n|turn|1\n|\n|t:|1698562599\n|detailschange|p2a: Diancie|Diancie-Mega\n|-mega|p2a: Diancie|Diancie|Diancite\n|move|p2a: Diancie|Toxic|p1a: Dragonite\n|-status|p1a: Dragonite|tox\n|move|p1a: Dragonite|Dragon Dance|p1a: Dragonite\n|-boost|p1a: Dragonite|atk|1\n|-boost|p1a: Dragonite|spe|1\n|\n|-damage|p1a: Dragonite|94\/100 tox|[from] psn\n|upkeep\n|turn|2\n|\n|t:|1698562612\n|move|p1a: Dragonite|Iron Head|p2a: Diancie\n|-supereffective|p2a: Diancie\n|-damage|p2a: Diancie|0 fnt\n|faint|p2a: Diancie\n|\n|-damage|p1a: Dragonite|82\/100 tox|[from] psn\n|upkeep\n|\n|t:|1698562621\n|switch|p2a: Marshadow|Marshadow|100\/100\n|turn|3\n|\n|t:|1698562627\n|move|p1a: Dragonite|Dual Wingbeat|p2a: Marshadow\n|-supereffective|p2a: Marshadow\n|-damage|p2a: Marshadow|39\/100\n|-supereffective|p2a: Marshadow\n|-damage|p2a: Marshadow|0 fnt\n|faint|p2a: Marshadow\n|-hitcount|p2: Marshadow|2\n|\n|-damage|p1a: Dragonite|63\/100 tox|[from] psn\n|upkeep\n|\n|t:|1698562637\n|switch|p2a: Zacian|Zacian-Crowned|100\/100\n|-ability|p2a: Zacian|Intrepid Sword|boost\n|-boost|p2a: Zacian|atk|1\n|turn|4\n|\n|t:|1698562644\n|move|p1a: Dragonite|Iron Head|p2a: Zacian\n|-damage|p2a: Zacian|63\/100\n|move|p2a: Zacian|Moonblast|p1a: Dragonite\n|-supereffective|p1a: Dragonite\n|-damage|p1a: Dragonite|0 fnt\n|faint|p1a: Dragonite\n|\n|upkeep\n|\n|t:|1698562656\n|switch|p1a: Dracovish|Dracovish|100\/100\n|turn|5\n|\n|t:|1698562662\n|switch|p2a: Kyogre|Kyogre|100\/100\n|detailschange|p2a: Kyogre|Kyogre-Primal\n|-primal|p2a: Kyogre|Blue Orb\n|-weather|PrimordialSea|[from] ability: Primordial Sea|[of] p2a: Kyogre\n|move|p1a: Dracovish|Fishious Rend|p2a: Kyogre\n|-resisted|p2a: Kyogre\n|-damage|p2a: Kyogre|42\/100\n|\n|-weather|PrimordialSea|[upkeep]\n|upkeep\n|turn|6\n|\n|t:|1698562672\n|move|p1a: Dracovish|Fishious Rend|p2a: Kyogre\n|-resisted|p2a: Kyogre\n|-damage|p2a: Kyogre|0 fnt\n|faint|p2a: Kyogre\n|-weather|none\n|\n|upkeep\n|\n|t:|1698562679\n|switch|p2a: Eternatus|Eternatus|100\/100\n|-ability|p2a: Eternatus|Pressure\n|turn|7\n|\n|t:|1698562686\n|switch|p1a: Pikachu|Pikachu, F|100\/100\n|move|p2a: Eternatus|Dynamax Cannon|p1a: Pikachu\n|-damage|p1a: Pikachu|0 fnt\n|faint|p1a: Pikachu\n|\n|upkeep\n|\n|t:|1698562708\n|switch|p1a: Gengar|Gengar, F|100\/100\n|turn|8\n|\n|t:|1698562716\n|move|p1a: Gengar|Hidden Power|p2a: Eternatus\n|-supereffective|p2a: Eternatus\n|-damage|p2a: Eternatus|60\/100\n|move|p2a: Eternatus|Dynamax Cannon|p1a: Gengar\n|-damage|p1a: Gengar|21\/100\n|\n|upkeep\n|turn|9\n|\n|t:|1698562725\n|switch|p2a: Zacian|Zacian-Crowned|63\/100\n|move|p1a: Gengar|Hidden Power|p2a: Zacian\n|-resisted|p2a: Zacian\n|-damage|p2a: Zacian|50\/100\n|\n|upkeep\n|turn|10\n|\n|t:|1698562736\n|move|p1a: Gengar|Hidden Power|p2a: Zacian\n|-resisted|p2a: Zacian\n|-damage|p2a: Zacian|37\/100\n|move|p2a: Zacian|Brutal Swing|p1a: Gengar\n|-supereffective|p1a: Gengar\n|-damage|p1a: Gengar|0 fnt\n|-start|p2a: Zacian|Disable|Brutal Swing|[from] ability: Cursed Body|[of] p1a: Gengar\n|faint|p1a: Gengar\n|\n|upkeep\n|\n|t:|1698562746\n|switch|p1a: Dracovish|Dracovish|100\/100\n|turn|11\n|\n|t:|1698562752\n|-terastallize|p1a: Dracovish|Water\n|move|p1a: Dracovish|Fishious Rend|p2a: Zacian\n|-damage|p2a: Zacian|0 fnt\n|faint|p2a: Zacian\n|\n|upkeep\n|\n|t:|1698562766\n|switch|p2a: Yveltal|Yveltal|100\/100\n|-ability|p2a: Yveltal|Dark Aura\n|turn|12\n|\n|t:|1698562774\n|-terastallize|p2a: Yveltal|Dark\n|move|p1a: Dracovish|Fishious Rend|p2a: Yveltal\n|-damage|p2a: Yveltal|0 fnt\n|faint|p2a: Yveltal\n|\n|upkeep\n|\n|t:|1698562781\n|switch|p2a: Eternatus|Eternatus|60\/100\n|-ability|p2a: Eternatus|Pressure\n|turn|13\n|\n|t:|1698562787\n|move|p1a: Dracovish|Fishious Rend|p2a: Eternatus\n|-resisted|p2a: Eternatus\n|-damage|p2a: Eternatus|5\/100\n|move|p2a: Eternatus|Dynamax Cannon|p1a: Dracovish\n|-damage|p1a: Dracovish|41\/100\n|\n|upkeep\n|turn|14\n|\n|t:|1698562796\n|move|p1a: Dracovish|Fishious Rend|p2a: Eternatus\n|-resisted|p2a: Eternatus\n|-damage|p2a: Eternatus|0 fnt\n|faint|p2a: Eternatus\n|\n|win|Chaitanya15\n|raw|Chaitanya15's rating: 1221 &rarr; <strong>1242<\/strong><br \/>(+21 for winning)\n|raw|GYM LOVER MPC's rating: 1158 &rarr; <strong>1137<\/strong><br \/>(-21 for losing)\n|c|\u2606Chaitanya15|gg\n|l|\u2606GYM LOVER MPC\n","uploadtime":1698562808,"views":21,"p1id":"chaitanya15","p2id":"gymlovermpc","formatid":"gen9nationaldexubers","rating":1137,"private":0,"password":""}