{"id":"gen9nationaldexubers-1979649878","p1":"Mr.Shadowdusk","p2":"Gatita golosa 123","format":"[Gen 9] National Dex Ubers","log":"|j|\u2606Mr.Shadowdusk\n|j|\u2606Gatita golosa 123\n|t:|1698699877\n|gametype|singles\n|player|p1|Mr.Shadowdusk|bellelba|\n|player|p2|Gatita golosa 123|pokekid|\n|teamsize|p1|6\n|teamsize|p2|6\n|gen|9\n|tier|[Gen 9] National Dex Ubers\n|rule|HP Percentage Mod: HP is shown in percentages\n|rule|Endless Battle Clause: Forcing endless battles is banned\n|rule|OHKO Clause: OHKO moves are banned\n|rule|Evasion Moves Clause: Evasion moves are banned\n|rule|Evasion Items Clause: Evasion items are banned\n|rule|Species Clause: Limit one of each Pok\u00e9mon\n|rule|Sleep Clause Mod: Limit one foe put to sleep\n|rule|Mega Rayquaza Clause: You cannot mega evolve Rayquaza\n|clearpoke\n|poke|p1|Greninja-*, M|\n|poke|p1|Talonflame, M|\n|poke|p1|Hawlucha, M|\n|poke|p1|Noivern, F|\n|poke|p1|Trevenant, M|\n|poke|p1|Goodra-Hisui, M|\n|poke|p2|Krookodile, F|\n|poke|p2|Scrafty, F|\n|poke|p2|Samurott-Hisui, F|\n|poke|p2|Gigalith, F|\n|poke|p2|Serperior, M|\n|poke|p2|Swadloon, M|\n|teampreview\n|c|\u2606Gatita golosa 123|Ya hielo la condena silvana Z\n|c|\u2606Gatita golosa 123|Uelo*\n|\n|t:|1698699921\n|start\n|switch|p1a: Talonflame|Talonflame, M|100\/100\n|switch|p2a: Serperior|Serperior, M|100\/100\n|turn|1\n|c|\u2606Mr.Shadowdusk|Que?\n|\n|t:|1698699932\n|move|p1a: Talonflame|Brave Bird|p2a: Serperior\n|-supereffective|p2a: Serperior\n|-damage|p2a: Serperior|32\/100\n|-damage|p1a: Talonflame|78\/100|[from] Recoil\n|move|p2a: Serperior|Glare|p1a: Talonflame\n|-status|p1a: Talonflame|par\n|\n|-heal|p2a: Serperior|38\/100|[from] item: Leftovers\n|upkeep\n|turn|2\n|\n|t:|1698699941\n|switch|p2a: Gigalith|Gigalith, F|100\/100\n|-weather|Sandstorm|[from] ability: Sand Stream|[of] p2a: Gigalith\n|move|p1a: Talonflame|Brave Bird|p2a: Gigalith\n|-resisted|p2a: Gigalith\n|-damage|p2a: Gigalith|92\/100\n|-damage|p1a: Talonflame|62\/100 par|[from] item: Rocky Helmet|[of] p2a: Gigalith\n|-damage|p1a: Talonflame|59\/100 par|[from] Recoil\n|\n|-weather|Sandstorm|[upkeep]\n|-damage|p1a: Talonflame|53\/100 par|[from] Sandstorm\n|upkeep\n|turn|3\n|\n|t:|1698699946\n|switch|p1a: Trevenant|Trevenant, M|100\/100\n|move|p2a: Gigalith|Stealth Rock|p1a: Trevenant\n|-sidestart|p1: Mr.Shadowdusk|move: Stealth Rock\n|\n|-weather|Sandstorm|[upkeep]\n|-damage|p1a: Trevenant|94\/100|[from] Sandstorm\n|upkeep\n|turn|4\n|\n|t:|1698699952\n|switch|p2a: Serperior|Serperior, M|38\/100\n|move|p1a: Trevenant|Block|p2a: Serperior\n|-activate|p2a: Serperior|trapped\n|\n|-weather|Sandstorm|[upkeep]\n|-damage|p2a: Serperior|32\/100|[from] Sandstorm\n|-damage|p1a: Trevenant|88\/100|[from] Sandstorm\n|-heal|p2a: Serperior|38\/100|[from] item: Leftovers\n|upkeep\n|turn|5\n|\n|t:|1698699959\n|move|p2a: Serperior|Glare|p1a: Trevenant\n|-status|p1a: Trevenant|par\n|cant|p1a: Trevenant|par\n|\n|-weather|Sandstorm|[upkeep]\n|-damage|p2a: Serperior|32\/100|[from] Sandstorm\n|-damage|p1a: Trevenant|82\/100 par|[from] Sandstorm\n|-heal|p2a: Serperior|38\/100|[from] item: Leftovers\n|upkeep\n|turn|6\n|\n|t:|1698699970\n|switch|p1a: Talonflame|Talonflame, M|53\/100 par\n|move|p2a: Serperior|Substitute|p2a: Serperior\n|-start|p2a: Serperior|Substitute\n|-damage|p2a: Serperior|13\/100\n|\n|-weather|none\n|-heal|p2a: Serperior|20\/100|[from] item: Leftovers\n|upkeep\n|turn|7\n|\n|t:|1698699980\n|move|p2a: Serperior|Leaf Storm|p1a: Talonflame\n|-resisted|p1a: Talonflame\n|-damage|p1a: Talonflame|41\/100 par\n|-boost|p2a: Serperior|spa|2\n|move|p1a: Talonflame|U-turn|p2a: Serperior\n|-supereffective|p2a: Serperior\n|-end|p2a: Serperior|Substitute\n|\n|t:|1698699990\n|switch|p1a: Greninja|Greninja, M|100\/100|[from] U-turn\n|-damage|p1a: Greninja|88\/100|[from] Stealth Rock\n|\n|-heal|p2a: Serperior|26\/100|[from] item: Leftovers\n|upkeep\n|turn|8\n|\n|t:|1698700003\n|move|p1a: Greninja|Ice Beam|p2a: Serperior\n|-supereffective|p2a: Serperior\n|-damage|p2a: Serperior|0 fnt\n|faint|p2a: Serperior\n|-ability|p1a: Greninja|Battle Bond|boost\n|-boost|p1a: Greninja|atk|1\n|-boost|p1a: Greninja|spa|1\n|-boost|p1a: Greninja|spe|1\n|-activate|p1a: Greninja|ability: Battle Bond\n|-damage|p1a: Greninja|78\/100|[from] item: Life Orb\n|\n|upkeep\n|\n|t:|1698700018\n|switch|p2a: Swadloon|Swadloon, M|100\/100\n|turn|9\n|\n|t:|1698700058\n|switch|p1a: Goodra|Goodra-Hisui, M, shiny|100\/100\n|-damage|p1a: Goodra|94\/100|[from] Stealth Rock\n|move|p2a: Swadloon|String Shot|p1a: Goodra\n|-unboost|p1a: Goodra|spe|2\n|\n|upkeep\n|turn|10\n|\n|t:|1698700069\n|switch|p2a: Scrafty|Scrafty, F|100\/100\n|move|p1a: Goodra|Rock Slide|p2a: Scrafty\n|-resisted|p2a: Scrafty\n|-damage|p2a: Scrafty|93\/100\n|\n|-heal|p2a: Scrafty|99\/100|[from] item: Leftovers\n|upkeep\n|turn|11\n|\n|t:|1698700079\n|switch|p1a: Noivern|Noivern, F|100\/100\n|-damage|p1a: Noivern|75\/100|[from] Stealth Rock\n|move|p2a: Scrafty|Bulk Up|p2a: Scrafty\n|-boost|p2a: Scrafty|atk|1\n|-boost|p2a: Scrafty|def|1\n|\n|-heal|p2a: Scrafty|100\/100|[from] item: Leftovers\n|upkeep\n|turn|12\n|\n|t:|1698700087\n|-terastallize|p2a: Scrafty|Poison\n|move|p1a: Noivern|Air Slash|p2a: Scrafty\n|-damage|p2a: Scrafty|68\/100\n|move|p2a: Scrafty|Amnesia|p2a: Scrafty\n|-boost|p2a: Scrafty|spd|2\n|\n|-heal|p2a: Scrafty|74\/100|[from] item: Leftovers\n|upkeep\n|turn|13\n|c|\u2606Mr.Shadowdusk|Como q se valia tera\n|c|\u2606Gatita golosa 123|Yo pregunt\u00e9 c\u00f3mo 5 veces y jam\u00e1s respondieron\n|\n|t:|1698700117\n|move|p1a: Noivern|Air Slash|p2a: Scrafty\n|-damage|p2a: Scrafty|58\/100\n|move|p2a: Scrafty|Amnesia|p2a: Scrafty\n|-boost|p2a: Scrafty|spd|2\n|\n|-heal|p2a: Scrafty|64\/100|[from] item: Leftovers\n|upkeep\n|turn|14\n|c|\u2606Gatita golosa 123|Y siendo ubers pues... El chiste se cuenta solo\n|\n|t:|1698700132\n|switch|p1a: Talonflame|Talonflame, M|41\/100 par\n|move|p2a: Scrafty|Bulk Up|p2a: Scrafty\n|-boost|p2a: Scrafty|atk|1\n|-boost|p2a: Scrafty|def|1\n|\n|-heal|p2a: Scrafty|70\/100|[from] item: Leftovers\n|upkeep\n|turn|15\n|\n|t:|1698700138\n|move|p1a: Talonflame|Will-O-Wisp|p2a: Scrafty\n|-status|p2a: Scrafty|brn\n|move|p2a: Scrafty|Rest|p2a: Scrafty\n|-status|p2a: Scrafty|slp|[from] move: Rest\n|-heal|p2a: Scrafty|100\/100 slp|[silent]\n|\n|upkeep\n|turn|16\n|\n|t:|1698700146\n|move|p1a: Talonflame|Roost|p1a: Talonflame\n|-heal|p1a: Talonflame|91\/100 par\n|-singleturn|p1a: Talonflame|move: Roost\n|cant|p2a: Scrafty|slp\n|\n|upkeep\n|turn|17\n|\n|t:|1698700173\n|move|p1a: Talonflame|Brave Bird|p2a: Scrafty\n|-damage|p2a: Scrafty|86\/100 slp\n|-damage|p1a: Talonflame|87\/100 par|[from] Recoil\n|cant|p2a: Scrafty|slp\n|\n|-heal|p2a: Scrafty|92\/100 slp|[from] item: Leftovers\n|upkeep\n|turn|18\n|\n|t:|1698700183\n|cant|p1a: Talonflame|par\n|-curestatus|p2a: Scrafty|slp|[msg]\n|move|p2a: Scrafty|Bulk Up|p2a: Scrafty\n|-boost|p2a: Scrafty|atk|1\n|-boost|p2a: Scrafty|def|1\n|\n|-heal|p2a: Scrafty|98\/100|[from] item: Leftovers\n|upkeep\n|turn|19\n|\n|t:|1698700189\n|move|p1a: Talonflame|Will-O-Wisp|p2a: Scrafty\n|-status|p2a: Scrafty|brn\n|move|p2a: Scrafty|Bulk Up|p2a: Scrafty\n|-boost|p2a: Scrafty|atk|1\n|-boost|p2a: Scrafty|def|1\n|\n|-heal|p2a: Scrafty|100\/100 brn|[from] item: Leftovers\n|-damage|p2a: Scrafty|95\/100 brn|[from] brn\n|upkeep\n|turn|20\n|\n|t:|1698700196\n|switch|p1a: Hawlucha|Hawlucha, M|100\/100\n|-damage|p1a: Hawlucha|88\/100|[from] Stealth Rock\n|move|p2a: Scrafty|Amnesia|p2a: Scrafty\n|-boost|p2a: Scrafty|spd|2\n|\n|-heal|p2a: Scrafty|100\/100 brn|[from] item: Leftovers\n|-damage|p2a: Scrafty|95\/100 brn|[from] brn\n|upkeep\n|turn|21\n|\n|t:|1698700199\n|-zpower|p1a: Hawlucha\n|move|p1a: Hawlucha|Z-Swords Dance|p1a: Hawlucha|[anim]Swords Dance\n|-clearnegativeboost|p1a: Hawlucha|[zeffect]\n|-boost|p1a: Hawlucha|atk|2\n|move|p2a: Scrafty|Bulk Up|p2a: Scrafty\n|-boost|p2a: Scrafty|atk|1\n|-boost|p2a: Scrafty|def|1\n|\n|-heal|p2a: Scrafty|100\/100 brn|[from] item: Leftovers\n|-damage|p2a: Scrafty|95\/100 brn|[from] brn\n|upkeep\n|turn|22\n|\n|t:|1698700214\n|move|p1a: Hawlucha|Acrobatics|p2a: Scrafty\n|-damage|p2a: Scrafty|82\/100 brn\n|move|p2a: Scrafty|Bulk Up|p2a: Scrafty\n|-boost|p2a: Scrafty|atk|1\n|-boost|p2a: Scrafty|def|1\n|\n|-activate|p2a: Scrafty|ability: Shed Skin\n|-curestatus|p2a: Scrafty|brn|[msg]\n|-heal|p2a: Scrafty|88\/100|[from] item: Leftovers\n|upkeep\n|turn|23\n|c|\u2606Gatita golosa 123|Que onda contu movimiento Z?\n|\n|t:|1698700229\n|move|p1a: Hawlucha|Acrobatics|p2a: Scrafty\n|-damage|p2a: Scrafty|77\/100\n|move|p2a: Scrafty|Rock Slide|p1a: Hawlucha\n|-damage|p1a: Hawlucha|0 fnt\n|faint|p1a: Hawlucha\n|\n|-heal|p2a: Scrafty|83\/100|[from] item: Leftovers\n|upkeep\n|\n|t:|1698700235\n|switch|p1a: Trevenant|Trevenant, M|82\/100 par\n|-damage|p1a: Trevenant|70\/100 par|[from] Stealth Rock\n|turn|24\n|\n|t:|1698700239\n|move|p2a: Scrafty|Rock Slide|p1a: Trevenant\n|-crit|p1a: Trevenant\n|-damage|p1a: Trevenant|0 fnt\n|faint|p1a: Trevenant\n|\n|-heal|p2a: Scrafty|89\/100|[from] item: Leftovers\n|upkeep\n|\n|t:|1698700246\n|switch|p1a: Goodra|Goodra-Hisui, M, shiny|94\/100\n|-damage|p1a: Goodra|88\/100|[from] Stealth Rock\n|turn|25\n|\n|t:|1698700250\n|move|p2a: Scrafty|Rock Slide|p1a: Goodra\n|-resisted|p1a: Goodra\n|-damage|p1a: Goodra|61\/100\n|move|p1a: Goodra|Heavy Slam|p2a: Scrafty\n|-damage|p2a: Scrafty|80\/100\n|\n|-heal|p2a: Scrafty|86\/100|[from] item: Leftovers\n|upkeep\n|turn|26\n|\n|t:|1698700257\n|move|p2a: Scrafty|Rock Slide|p1a: Goodra\n|-resisted|p1a: Goodra\n|-damage|p1a: Goodra|34\/100\n|move|p1a: Goodra|Dragon Pulse|p2a: Scrafty\n|-damage|p2a: Scrafty|80\/100\n|\n|-heal|p2a: Scrafty|86\/100|[from] item: Leftovers\n|upkeep\n|turn|27\n|\n|t:|1698700266\n|move|p2a: Scrafty|Rock Slide|p1a: Goodra\n|-resisted|p1a: Goodra\n|-damage|p1a: Goodra|7\/100\n|move|p1a: Goodra|Thunderbolt|p2a: Scrafty\n|-damage|p2a: Scrafty|82\/100\n|\n|-heal|p2a: Scrafty|88\/100|[from] item: Leftovers\n|upkeep\n|turn|28\n|\n|t:|1698700275\n|move|p2a: Scrafty|Rock Slide|p1a: Goodra\n|-resisted|p1a: Goodra\n|-damage|p1a: Goodra|0 fnt\n|faint|p1a: Goodra\n|\n|-heal|p2a: Scrafty|94\/100|[from] item: Leftovers\n|upkeep\n|\n|t:|1698700279\n|switch|p1a: Greninja|Greninja, M|78\/100\n|-damage|p1a: Greninja|66\/100|[from] Stealth Rock\n|turn|29\n|\n|t:|1698700286\n|-terastallize|p1a: Greninja|Water\n|move|p1a: Greninja|Surf|p2a: Scrafty\n|-damage|p2a: Scrafty|81\/100\n|-damage|p1a: Greninja|56\/100|[from] item: Life Orb\n|move|p2a: Scrafty|Rock Slide|p1a: Greninja\n|-damage|p1a: Greninja|0 fnt\n|faint|p1a: Greninja\n|\n|-heal|p2a: Scrafty|87\/100|[from] item: Leftovers\n|upkeep\n|\n|t:|1698700291\n|switch|p1a: Noivern|Noivern, F|75\/100\n|-damage|p1a: Noivern|50\/100|[from] Stealth Rock\n|turn|30\n|\n|t:|1698700301\n|move|p1a: Noivern|Draco Meteor|p2a: Scrafty\n|-damage|p2a: Scrafty|73\/100\n|-unboost|p1a: Noivern|spa|2\n|move|p2a: Scrafty|Rock Slide|p1a: Noivern\n|-supereffective|p1a: Noivern\n|-damage|p1a: Noivern|0 fnt\n|faint|p1a: Noivern\n|\n|-heal|p2a: Scrafty|79\/100|[from] item: Leftovers\n|upkeep\n|\n|t:|1698700310\n|switch|p1a: Talonflame|Talonflame, M|87\/100 par\n|turn|31\n|\n|t:|1698700314\n|move|p1a: Talonflame|Will-O-Wisp|p2a: Scrafty\n|-status|p2a: Scrafty|brn\n|move|p2a: Scrafty|Rock Slide|p1a: Talonflame\n|-supereffective|p1a: Talonflame\n|-damage|p1a: Talonflame|0 fnt\n|faint|p1a: Talonflame\n|\n|win|Gatita golosa 123\n|c|\u2606Gatita golosa 123|Gg mi pana\n|l|\u2606Mr.Shadowdusk\n","uploadtime":1698700545,"views":8,"p1id":"mrshadowdusk","p2id":"gatitagolosa123","formatid":"gen9nationaldexubers","rating":0,"private":0,"password":""}