{"id":"gen9nationaldexubers-1998780067","p1":"Malfouille","p2":"qazserfvgyujnko","format":"[Gen 9] National Dex Ubers","log":"|j|\u2606Malfouille\n|j|\u2606qazserfvgyujnko\n|t:|1700989282\n|gametype|singles\n|player|p1|Malfouille|swimmer|1166\n|player|p2|qazserfvgyujnko|janine|1087\n|teamsize|p1|6\n|teamsize|p2|6\n|gen|9\n|tier|[Gen 9] National Dex Ubers\n|rated|\n|rule|HP Percentage Mod: HP is shown in percentages\n|rule|Endless Battle Clause: Forcing endless battles is banned\n|rule|OHKO Clause: OHKO moves are banned\n|rule|Evasion Moves Clause: Evasion moves are banned\n|rule|Evasion Items Clause: Evasion items are banned\n|rule|Species Clause: Limit one of each Pok\u00e9mon\n|rule|Sleep Clause Mod: Limit one foe put to sleep\n|rule|Mega Rayquaza Clause: You cannot mega evolve Rayquaza\n|clearpoke\n|poke|p1|Groudon|\n|poke|p1|Arceus-Fairy|\n|poke|p1|Alakazam, M|\n|poke|p1|Dracovish|\n|poke|p1|Regieleki|\n|poke|p1|Marshadow|\n|poke|p2|Baxcalibur, M|\n|poke|p2|Ogerpon-Hearthflame, F|\n|poke|p2|Ferrothorn, M|\n|poke|p2|Toxapex, M|\n|poke|p2|Lucario, M|\n|poke|p2|Ninetales-Alola, F|\n|teampreview\n|\n|t:|1700989288\n|start\n|switch|p1a: Groudon|Groudon|100\/100\n|switch|p2a: Ninetales|Ninetales-Alola, F|100\/100\n|-weather|Snow|[from] ability: Snow Warning|[of] p2a: Ninetales\n|-weather|SunnyDay|[from] ability: Drought|[of] p1a: Groudon\n|turn|1\n|inactive|Battle timer is ON: inactive players will automatically lose when time's up. (requested by Malfouille)\n|inactive|qazserfvgyujnko has 120 seconds left.\n|\n|t:|1700989323\n|switch|p2a: Toxapex|Toxapex, M|100\/100\n|move|p1a: Groudon|Precipice Blades|p2a: Toxapex\n|-supereffective|p2a: Toxapex\n|-damage|p2a: Toxapex|16\/100\n|\n|-weather|SunnyDay|[upkeep]\n|-heal|p2a: Toxapex|22\/100|[from] item: Black Sludge\n|upkeep\n|turn|2\n|\n|t:|1700989330\n|move|p2a: Toxapex|Baneful Bunker|p2a: Toxapex\n|-singleturn|p2a: Toxapex|move: Protect\n|move|p1a: Groudon|Precipice Blades|p2a: Toxapex\n|-activate|p2a: Toxapex|move: Protect\n|\n|-weather|SunnyDay|[upkeep]\n|-heal|p2a: Toxapex|28\/100|[from] item: Black Sludge\n|upkeep\n|turn|3\n|\n|t:|1700989345\n|move|p1a: Groudon|Stealth Rock|p2a: Toxapex\n|-sidestart|p2: qazserfvgyujnko|move: Stealth Rock\n|move|p2a: Toxapex|Scald|p1a: Groudon\n|-supereffective|p1a: Groudon\n|-damage|p1a: Groudon|84\/100\n|\n|-weather|SunnyDay|[upkeep]\n|-heal|p1a: Groudon|90\/100|[from] item: Leftovers\n|-heal|p2a: Toxapex|34\/100|[from] item: Black Sludge\n|upkeep\n|turn|4\n|\n|t:|1700989352\n|move|p2a: Toxapex|Baneful Bunker|p2a: Toxapex\n|-singleturn|p2a: Toxapex|move: Protect\n|move|p1a: Groudon|Will-O-Wisp|p2a: Toxapex\n|-activate|p2a: Toxapex|move: Protect\n|\n|-weather|SunnyDay|[upkeep]\n|-heal|p1a: Groudon|97\/100|[from] item: Leftovers\n|-heal|p2a: Toxapex|41\/100|[from] item: Black Sludge\n|upkeep\n|turn|5\n|\n|t:|1700989359\n|move|p1a: Groudon|Precipice Blades|p2a: Toxapex\n|-supereffective|p2a: Toxapex\n|-damage|p2a: Toxapex|0 fnt\n|faint|p2a: Toxapex\n|\n|-weather|none\n|-heal|p1a: Groudon|100\/100|[from] item: Leftovers\n|upkeep\n|\n|t:|1700989363\n|switch|p2a: Ninetales|Ninetales-Alola, F|100\/100\n|-damage|p2a: Ninetales|76\/100|[from] Stealth Rock\n|-weather|Snow|[from] ability: Snow Warning|[of] p2a: Ninetales\n|turn|6\n|\n|t:|1700989366\n|move|p2a: Ninetales|Aurora Veil|p2a: Ninetales\n|-sidestart|p2: qazserfvgyujnko|move: Aurora Veil\n|move|p1a: Groudon|Precipice Blades|p2a: Ninetales\n|-damage|p2a: Ninetales|44\/100\n|\n|-weather|Snow|[upkeep]\n|upkeep\n|turn|7\n|\n|t:|1700989372\n|move|p2a: Ninetales|Blizzard|p1a: Groudon\n|-supereffective|p1a: Groudon\n|-damage|p1a: Groudon|27\/100\n|-status|p1a: Groudon|frz\n|cant|p1a: Groudon|frz\n|\n|-weather|Snow|[upkeep]\n|-heal|p1a: Groudon|33\/100 frz|[from] item: Leftovers\n|upkeep\n|turn|8\n|\n|t:|1700989387\n|-terastallize|p1a: Groudon|Water\n|move|p2a: Ninetales|Blizzard|p1a: Groudon\n|-resisted|p1a: Groudon\n|-damage|p1a: Groudon|15\/100 frz\n|cant|p1a: Groudon|frz\n|\n|-weather|Snow|[upkeep]\n|-heal|p1a: Groudon|21\/100 frz|[from] item: Leftovers\n|upkeep\n|turn|9\n|\n|t:|1700989393\n|move|p2a: Ninetales|Dazzling Gleam|p1a: Groudon\n|-damage|p1a: Groudon|0 fnt\n|faint|p1a: Groudon\n|\n|-weather|Snow|[upkeep]\n|upkeep\n|\n|t:|1700989397\n|switch|p1a: Arceus|Arceus-Fairy|100\/100\n|turn|10\n|\n|t:|1700989401\n|move|p2a: Ninetales|Blizzard|p1a: Arceus\n|-damage|p1a: Arceus|72\/100\n|move|p1a: Arceus|Flamethrower|p2a: Ninetales\n|-supereffective|p2a: Ninetales\n|-damage|p2a: Ninetales|8\/100\n|\n|-weather|none\n|upkeep\n|turn|11\n|\n|t:|1700989409\n|switch|p2a: Lucario|Lucario, M|100\/100\n|-damage|p2a: Lucario|98\/100|[from] Stealth Rock\n|move|p1a: Arceus|Flamethrower|p2a: Lucario\n|-supereffective|p2a: Lucario\n|-damage|p2a: Lucario|44\/100\n|\n|upkeep\n|turn|12\n|\n|t:|1700989417\n|detailschange|p2a: Lucario|Lucario-Mega, M\n|-mega|p2a: Lucario|Lucario|Lucarionite\n|move|p2a: Lucario|Flash Cannon|p1a: Arceus\n|-supereffective|p1a: Arceus\n|-damage|p1a: Arceus|0 fnt\n|faint|p1a: Arceus\n|\n|upkeep\n|\n|t:|1700989429\n|switch|p1a: Dracovish|Dracovish|100\/100\n|turn|13\n|\n|t:|1700989440\n|switch|p2a: Ferrothorn|Ferrothorn, M|100\/100\n|-damage|p2a: Ferrothorn|94\/100|[from] Stealth Rock\n|move|p1a: Dracovish|Fishious Rend|p2a: Ferrothorn\n|-resisted|p2a: Ferrothorn\n|-damage|p2a: Ferrothorn|67\/100\n|-damage|p1a: Dracovish|88\/100|[from] ability: Iron Barbs|[of] p2a: Ferrothorn\n|\n|-heal|p2a: Ferrothorn|74\/100|[from] item: Leftovers\n|-sideend|p2: qazserfvgyujnko|move: Aurora Veil\n|upkeep\n|turn|14\n|\n|t:|1700989452\n|switch|p1a: Marshadow|Marshadow|100\/100\n|move|p2a: Ferrothorn|Toxic|p1a: Marshadow\n|-status|p1a: Marshadow|tox\n|\n|-heal|p2a: Ferrothorn|80\/100|[from] item: Leftovers\n|-damage|p1a: Marshadow|94\/100 tox|[from] psn\n|upkeep\n|turn|15\n|\n|t:|1700989458\n|move|p2a: Ferrothorn|Protect|p2a: Ferrothorn\n|-singleturn|p2a: Ferrothorn|Protect\n|move|p1a: Marshadow|Low Kick|p2a: Ferrothorn\n|-activate|p2a: Ferrothorn|move: Protect\n|\n|-heal|p2a: Ferrothorn|86\/100|[from] item: Leftovers\n|-damage|p1a: Marshadow|82\/100 tox|[from] psn\n|upkeep\n|turn|16\n|\n|t:|1700989470\n|move|p1a: Marshadow|Low Kick|p2a: Ferrothorn\n|-supereffective|p2a: Ferrothorn\n|-crit|p2a: Ferrothorn\n|-damage|p2a: Ferrothorn|0 fnt\n|-damage|p1a: Marshadow|69\/100 tox|[from] ability: Iron Barbs|[of] p2a: Ferrothorn\n|faint|p2a: Ferrothorn\n|\n|-damage|p1a: Marshadow|51\/100 tox|[from] psn\n|upkeep\n|inactive|qazserfvgyujnko has 120 seconds left.\n|\n|t:|1700989495\n|switch|p2a: Lucario|Lucario-Mega, M|44\/100\n|-damage|p2a: Lucario|41\/100|[from] Stealth Rock\n|turn|17\n|\n|t:|1700989499\n|move|p1a: Marshadow|Sucker Punch|p2a: Lucario\n|-resisted|p2a: Lucario\n|-damage|p2a: Lucario|25\/100\n|move|p2a: Lucario|Shadow Ball|p1a: Marshadow\n|-supereffective|p1a: Marshadow\n|-damage|p1a: Marshadow|0 fnt\n|faint|p1a: Marshadow\n|\n|upkeep\n|\n|t:|1700989505\n|switch|p1a: Alakazam|Alakazam, M|100\/100\n|turn|18\n|\n|t:|1700989509\n|detailschange|p1a: Alakazam|Alakazam-Mega, M\n|-mega|p1a: Alakazam|Alakazam|Alakazite\n|-ability|p1a: Alakazam|Adaptability|[from] ability: Trace|[of] p2a: Lucario\n|move|p1a: Alakazam|Psychic|p2a: Lucario\n|-damage|p2a: Lucario|0 fnt\n|faint|p2a: Lucario\n|\n|upkeep\n|\n|t:|1700989532\n|switch|p2a: Baxcalibur|Baxcalibur, M|100\/100\n|-damage|p2a: Baxcalibur|76\/100|[from] Stealth Rock\n|turn|19\n|\n|t:|1700989539\n|move|p1a: Alakazam|Dazzling Gleam|p2a: Baxcalibur\n|-supereffective|p2a: Baxcalibur\n|-damage|p2a: Baxcalibur|9\/100\n|move|p2a: Baxcalibur|Scale Shot|p1a: Alakazam\n|-damage|p1a: Alakazam|74\/100\n|-damage|p1a: Alakazam|48\/100\n|-damage|p1a: Alakazam|20\/100\n|-damage|p1a: Alakazam|0 fnt\n|faint|p1a: Alakazam\n|-hitcount|p1: Alakazam|4\n|-unboost|p2a: Baxcalibur|def|1\n|-boost|p2a: Baxcalibur|spe|1\n|\n|upkeep\n|\n|t:|1700989550\n|switch|p1a: Dracovish|Dracovish|88\/100\n|turn|20\n|\n|t:|1700989555\n|move|p2a: Baxcalibur|Scale Shot|p1a: Dracovish|[miss]\n|-miss|p2a: Baxcalibur|p1a: Dracovish\n|move|p1a: Dracovish|Fishious Rend|p2a: Baxcalibur\n|-resisted|p2a: Baxcalibur\n|-damage|p2a: Baxcalibur|0 fnt\n|faint|p2a: Baxcalibur\n|\n|upkeep\n|\n|t:|1700989579\n|switch|p2a: Ninetales|Ninetales-Alola, F|8\/100\n|-damage|p2a: Ninetales|0 fnt|[from] Stealth Rock\n|faint|p2a: Ninetales\n|\n|t:|1700989584\n|switch|p2a: Ogerpon|Ogerpon-Hearthflame, F|100\/100\n|-damage|p2a: Ogerpon|76\/100|[from] Stealth Rock\n|-ability|p2a: Ogerpon|Mold Breaker\n|turn|21\n|\n|t:|1700989588\n|move|p2a: Ogerpon|Horn Leech|p1a: Dracovish\n|-damage|p1a: Dracovish|43\/100\n|-heal|p2a: Ogerpon|99\/100|[from] drain|[of] p1a: Dracovish\n|move|p1a: Dracovish|Fishious Rend|p2a: Ogerpon\n|-damage|p2a: Ogerpon|0 fnt\n|faint|p2a: Ogerpon\n|\n|win|Malfouille\n|raw|Malfouille's rating: 1166 &rarr; <strong>1185<\/strong><br \/>(+19 for winning)\n|raw|qazserfvgyujnko's rating: 1087 &rarr; <strong>1069<\/strong><br \/>(-18 for losing)\n|l|\u2606Malfouille\n","uploadtime":1700989602,"views":1,"p1id":"malfouille","p2id":"qazserfvgyujnko","formatid":"gen9nationaldexubers","rating":1069,"private":0,"password":""}