{"id":"gen9nationaldexubers-1979802724","p1":"Quarters_OU","p2":"Crowspeake","format":"[Gen 9] National Dex Ubers","log":"|j|\u2606Quarters_OU\n|j|\u2606Crowspeake\n|t:|1698714795\n|gametype|singles\n|player|p1|Quarters_OU|1|\n|player|p2|Crowspeake|musician|\n|teamsize|p1|6\n|teamsize|p2|6\n|gen|9\n|tier|[Gen 9] National Dex Ubers\n|rule|HP Percentage Mod: HP is shown in percentages\n|rule|Endless Battle Clause: Forcing endless battles is banned\n|rule|OHKO Clause: OHKO moves are banned\n|rule|Evasion Moves Clause: Evasion moves are banned\n|rule|Evasion Items Clause: Evasion items are banned\n|rule|Species Clause: Limit one of each Pok\u00e9mon\n|rule|Sleep Clause Mod: Limit one foe put to sleep\n|rule|Mega Rayquaza Clause: You cannot mega evolve Rayquaza\n|clearpoke\n|poke|p1|Roaring Moon|\n|poke|p1|Ninetales-Alola, M|\n|poke|p1|Volcarona, M|\n|poke|p1|Clodsire, F|\n|poke|p1|Scizor, F|\n|poke|p1|Rotom-Wash|\n|poke|p2|Galvantula, F|\n|poke|p2|Lokix, M|\n|poke|p2|Scolipede, F|\n|poke|p2|Kleavor, M|\n|poke|p2|Scizor, M|\n|poke|p2|Volcarona, F|\n|teampreview\n|\n|t:|1698714805\n|start\n|switch|p1a: Ninetales|Ninetales-Alola, M|100\/100\n|switch|p2a: The Hands|Kleavor, M|100\/100\n|-weather|Snow|[from] ability: Snow Warning|[of] p1a: Ninetales\n|turn|1\n|\n|t:|1698714812\n|move|p1a: Ninetales|Aurora Veil|p1a: Ninetales\n|-sidestart|p1: Quarters_OU|move: Aurora Veil\n|move|p2a: The Hands|Stone Axe|p1a: Ninetales|[miss]\n|-miss|p2a: The Hands|p1a: Ninetales\n|\n|-weather|Snow|[upkeep]\n|upkeep\n|turn|2\n|\n|t:|1698714816\n|move|p1a: Ninetales|Hypnosis|p2a: The Hands\n|-status|p2a: The Hands|slp|[from] move: Hypnosis\n|cant|p2a: The Hands|slp\n|\n|-weather|Snow|[upkeep]\n|upkeep\n|turn|3\n|\n|t:|1698714822\n|switch|p1a: Roaring Moon|Roaring Moon|100\/100\n|-enditem|p1a: Roaring Moon|Booster Energy\n|-activate|p1a: Roaring Moon|ability: Protosynthesis|[fromitem]\n|-start|p1a: Roaring Moon|protosynthesisatk\n|cant|p2a: The Hands|slp\n|\n|-weather|Snow|[upkeep]\n|upkeep\n|turn|4\n|\n|t:|1698714829\n|move|p1a: Roaring Moon|Dragon Dance|p1a: Roaring Moon\n|-boost|p1a: Roaring Moon|atk|1\n|-boost|p1a: Roaring Moon|spe|1\n|-curestatus|p2a: The Hands|slp|[msg]\n|move|p2a: The Hands|Stone Axe|p1a: Roaring Moon\n|-damage|p1a: Roaring Moon|69\/100\n|-sidestart|p1: Quarters_OU|move: Stealth Rock\n|\n|-weather|Snow|[upkeep]\n|upkeep\n|turn|5\n|c|\u2606Crowspeake|glhf\n|\n|t:|1698714841\n|move|p1a: Roaring Moon|Dragon Dance|p1a: Roaring Moon\n|-boost|p1a: Roaring Moon|atk|1\n|-boost|p1a: Roaring Moon|spe|1\n|move|p2a: The Hands|X-Scissor|p1a: Roaring Moon\n|-supereffective|p1a: Roaring Moon\n|-damage|p1a: Roaring Moon|0 fnt\n|faint|p1a: Roaring Moon\n|-end|p1a: Roaring Moon|Protosynthesis|[silent]\n|\n|-weather|none\n|upkeep\n|\n|t:|1698714854\n|switch|p1a: Rotom|Rotom-Wash|100\/100\n|-damage|p1a: Rotom|88\/100|[from] Stealth Rock\n|turn|6\n|\n|t:|1698714876\n|move|p2a: The Hands|X-Scissor|p1a: Rotom\n|-damage|p1a: Rotom|63\/100\n|move|p1a: Rotom|Will-O-Wisp|p2a: The Hands|[miss]\n|-miss|p1a: Rotom|p2a: The Hands\n|\n|upkeep\n|turn|7\n|\n|t:|1698714892\n|move|p2a: The Hands|Stone Axe|p1a: Rotom\n|-damage|p1a: Rotom|44\/100\n|-enditem|p1a: Rotom|Sitrus Berry|[eat]\n|-heal|p1a: Rotom|69\/100|[from] item: Sitrus Berry\n|move|p1a: Rotom|Hydro Pump|p2a: The Hands|[miss]\n|-miss|p1a: Rotom|p2a: The Hands\n|\n|upkeep\n|turn|8\n|\n|t:|1698714921\n|switch|p2a: The Head|Galvantula, F|100\/100\n|move|p1a: Rotom|Hydro Pump|p2a: The Head\n|-damage|p2a: The Head|44\/100\n|\n|-sideend|p1: Quarters_OU|move: Aurora Veil\n|upkeep\n|turn|9\n|\n|t:|1698714931\n|move|p2a: The Head|Thunder Wave|p1a: Rotom\n|-immune|p1a: Rotom\n|move|p1a: Rotom|Hydro Pump|p2a: The Head\n|-crit|p2a: The Head\n|-damage|p2a: The Head|0 fnt\n|faint|p2a: The Head\n|\n|upkeep\n|\n|t:|1698714953\n|switch|p2a: The Spirit|Volcarona, F, shiny|100\/100\n|turn|10\n|\n|t:|1698714979\n|switch|p1a: Clodsire|Clodsire, F|100\/100\n|-damage|p1a: Clodsire|94\/100|[from] Stealth Rock\n|move|p2a: The Spirit|Giga Drain|p1a: Clodsire\n|-damage|p1a: Clodsire|78\/100\n|\n|-heal|p1a: Clodsire|84\/100|[from] item: Leftovers\n|upkeep\n|turn|11\n|\n|t:|1698715007\n|switch|p2a: The Hands|Kleavor, M|100\/100\n|move|p1a: Clodsire|Toxic|p2a: The Hands\n|-status|p2a: The Hands|tox\n|\n|-heal|p1a: Clodsire|90\/100|[from] item: Leftovers\n|-damage|p2a: The Hands|94\/100 tox|[from] psn\n|upkeep\n|turn|12\n|\n|t:|1698715018\n|switch|p1a: Scizor|Scizor, F|100\/100\n|-damage|p1a: Scizor|88\/100|[from] Stealth Rock\n|move|p2a: The Hands|Air Slash|p1a: Scizor\n|-damage|p1a: Scizor|71\/100\n|\n|-damage|p2a: The Hands|82\/100 tox|[from] psn\n|upkeep\n|turn|13\n|\n|t:|1698715032\n|detailschange|p1a: Scizor|Scizor-Mega, F\n|-mega|p1a: Scizor|Scizor|Scizorite\n|move|p2a: The Hands|Stone Axe|p1a: Scizor\n|-damage|p1a: Scizor|32\/100\n|move|p1a: Scizor|Dual Wingbeat|p2a: The Hands\n|-damage|p2a: The Hands|51\/100 tox\n|-damage|p2a: The Hands|17\/100 tox\n|-hitcount|p2a: The Hands|2\n|\n|-damage|p2a: The Hands|0 fnt|[from] psn\n|faint|p2a: The Hands\n|upkeep\n|\n|t:|1698715046\n|switch|p2a: The Foot|Lokix, M|100\/100\n|turn|14\n|\n|t:|1698715053\n|move|p2a: The Foot|First Impression|p1a: Scizor\n|-resisted|p1a: Scizor\n|-damage|p1a: Scizor|0 fnt\n|faint|p1a: Scizor\n|-damage|p2a: The Foot|91\/100|[from] item: Life Orb\n|\n|upkeep\n|\n|t:|1698715063\n|switch|p1a: Volcarona|Volcarona, M|100\/100\n|turn|15\n|\n|t:|1698715068\n|move|p2a: The Foot|Axe Kick|p1a: Volcarona\n|-resisted|p1a: Volcarona\n|-damage|p1a: Volcarona|28\/100\n|-damage|p2a: The Foot|81\/100|[from] item: Life Orb\n|move|p1a: Volcarona|Quiver Dance|p1a: Volcarona\n|-boost|p1a: Volcarona|spa|1\n|-boost|p1a: Volcarona|spd|1\n|-boost|p1a: Volcarona|spe|1\n|\n|upkeep\n|turn|16\n|\n|t:|1698715076\n|move|p2a: The Foot|Sucker Punch|p1a: Volcarona\n|-damage|p1a: Volcarona|0 fnt\n|faint|p1a: Volcarona\n|-damage|p2a: The Foot|71\/100|[from] item: Life Orb\n|\n|upkeep\n|\n|t:|1698715080\n|switch|p1a: Rotom|Rotom-Wash|69\/100\n|-damage|p1a: Rotom|57\/100|[from] Stealth Rock\n|turn|17\n|\n|t:|1698715087\n|move|p2a: The Foot|Sucker Punch||[still]\n|-fail|p2a: The Foot\n|move|p1a: Rotom|Will-O-Wisp|p2a: The Foot\n|-status|p2a: The Foot|brn\n|\n|-damage|p2a: The Foot|65\/100 brn|[from] brn\n|upkeep\n|turn|18\n|\n|t:|1698715093\n|move|p2a: The Foot|Axe Kick|p1a: Rotom\n|-damage|p1a: Rotom|40\/100\n|-damage|p2a: The Foot|55\/100 brn|[from] item: Life Orb\n|move|p1a: Rotom|Hydro Pump|p2a: The Foot|[miss]\n|-miss|p1a: Rotom|p2a: The Foot\n|\n|-damage|p2a: The Foot|49\/100 brn|[from] brn\n|upkeep\n|turn|19\n|\n|t:|1698715110\n|move|p2a: The Foot|Axe Kick|p1a: Rotom\n|-damage|p1a: Rotom|22\/100\n|-damage|p2a: The Foot|39\/100 brn|[from] item: Life Orb\n|move|p1a: Rotom|Hydro Pump|p2a: The Foot|[miss]\n|-miss|p1a: Rotom|p2a: The Foot\n|\n|-damage|p2a: The Foot|33\/100 brn|[from] brn\n|upkeep\n|turn|20\n|\n|t:|1698715121\n|move|p2a: The Foot|Axe Kick|p1a: Rotom\n|-damage|p1a: Rotom|2\/100\n|-damage|p2a: The Foot|23\/100 brn|[from] item: Life Orb\n|move|p1a: Rotom|Defog|p2a: The Foot\n|-unboost|p2a: The Foot|evasion|1\n|-sideend|p1: Quarters_OU|Stealth Rock|[from] move: Defog|[of] p1a: Rotom\n|\n|-damage|p2a: The Foot|17\/100 brn|[from] brn\n|upkeep\n|turn|21\n|\n|t:|1698715138\n|switch|p1a: Clodsire|Clodsire, F|90\/100\n|move|p2a: The Foot|Sucker Punch||[still]\n|-fail|p2a: The Foot\n|\n|-heal|p1a: Clodsire|96\/100|[from] item: Leftovers\n|-damage|p2a: The Foot|11\/100 brn|[from] brn\n|upkeep\n|turn|22\n|\n|t:|1698715146\n|move|p2a: The Foot|Axe Kick|p1a: Clodsire\n|-resisted|p1a: Clodsire\n|-damage|p1a: Clodsire|70\/100\n|-damage|p2a: The Foot|1\/100 brn|[from] item: Life Orb\n|move|p1a: Clodsire|Recover|p1a: Clodsire\n|-heal|p1a: Clodsire|100\/100\n|\n|-damage|p2a: The Foot|0 fnt|[from] brn\n|faint|p2a: The Foot\n|upkeep\n|\n|t:|1698715160\n|switch|p2a: The Arms|Scizor, M|100\/100\n|turn|23\n|\n|t:|1698715164\n|detailschange|p2a: The Arms|Scizor-Mega, M\n|-mega|p2a: The Arms|Scizor|Scizorite\n|move|p2a: The Arms|Psycho Cut|p1a: Clodsire\n|-supereffective|p1a: Clodsire\n|-damage|p1a: Clodsire|36\/100\n|move|p1a: Clodsire|Earthquake|p2a: The Arms\n|-damage|p2a: The Arms|80\/100\n|\n|-heal|p1a: Clodsire|42\/100|[from] item: Leftovers\n|upkeep\n|turn|24\n|\n|t:|1698715173\n|-terastallize|p1a: Clodsire|Dark\n|move|p2a: The Arms|Psycho Cut|p1a: Clodsire\n|-immune|p1a: Clodsire\n|move|p1a: Clodsire|Recover|p1a: Clodsire\n|-heal|p1a: Clodsire|92\/100\n|\n|-heal|p1a: Clodsire|98\/100|[from] item: Leftovers\n|upkeep\n|turn|25\n|\n|t:|1698715181\n|switch|p1a: Ninetales|Ninetales-Alola, M|100\/100\n|-weather|Snow|[from] ability: Snow Warning|[of] p1a: Ninetales\n|move|p2a: The Arms|Close Combat|p1a: Ninetales\n|-damage|p1a: Ninetales|47\/100\n|-unboost|p2a: The Arms|def|1\n|-unboost|p2a: The Arms|spd|1\n|\n|-weather|Snow|[upkeep]\n|upkeep\n|turn|26\n|\n|t:|1698715188\n|switch|p1a: Rotom|Rotom-Wash|2\/100\n|move|p2a: The Arms|Bullet Punch|p1a: Rotom\n|-resisted|p1a: Rotom\n|-damage|p1a: Rotom|0 fnt\n|faint|p1a: Rotom\n|\n|-weather|Snow|[upkeep]\n|upkeep\n|\n|t:|1698715191\n|switch|p1a: Clodsire|Clodsire, F, tera:Dark|98\/100\n|turn|27\n|\n|t:|1698715197\n|move|p2a: The Arms|Close Combat|p1a: Clodsire\n|-supereffective|p1a: Clodsire\n|-damage|p1a: Clodsire|0 fnt\n|-unboost|p2a: The Arms|def|1\n|-unboost|p2a: The Arms|spd|1\n|faint|p1a: Clodsire\n|\n|-weather|Snow|[upkeep]\n|upkeep\n|\n|t:|1698715200\n|switch|p1a: Ninetales|Ninetales-Alola, M|47\/100\n|turn|28\n|\n|t:|1698715203\n|move|p2a: The Arms|Bullet Punch|p1a: Ninetales\n|-supereffective|p1a: Ninetales\n|-damage|p1a: Ninetales|0 fnt\n|faint|p1a: Ninetales\n|\n|win|Crowspeake\n|l|\u2606Quarters_OU\n|c|\u2606Crowspeake|gg\n","uploadtime":1698715218,"views":10,"p1id":"quartersou","p2id":"crowspeake","formatid":"gen9nationaldexubers","rating":0,"private":0,"password":""}