{"id":"gen9nationaldexubers-1977793089","p1":"TheGGM12","p2":"Shoma Yusa","format":"[Gen 9] National Dex Ubers","log":"|j|\u2606TheGGM12\n|j|\u2606Shoma Yusa\n|t:|1698450274\n|gametype|singles\n|player|p1|TheGGM12|2|1204\n|player|p2|Shoma Yusa|grimsley|1334\n|teamsize|p1|6\n|teamsize|p2|6\n|gen|9\n|tier|[Gen 9] National Dex Ubers\n|rated|\n|rule|HP Percentage Mod: HP is shown in percentages\n|rule|Endless Battle Clause: Forcing endless battles is banned\n|rule|OHKO Clause: OHKO moves are banned\n|rule|Evasion Moves Clause: Evasion moves are banned\n|rule|Evasion Items Clause: Evasion items are banned\n|rule|Species Clause: Limit one of each Pok\u00e9mon\n|rule|Sleep Clause Mod: Limit one foe put to sleep\n|rule|Mega Rayquaza Clause: You cannot mega evolve Rayquaza\n|clearpoke\n|poke|p1|Chesnaught, M|\n|poke|p1|Toucannon, M|\n|poke|p1|Zygarde|\n|poke|p1|Cobalion|\n|poke|p1|Clawitzer, M|\n|poke|p1|Rotom-Frost|\n|poke|p2|Gourgeist-*, M|\n|poke|p2|Kingambit, F|\n|poke|p2|Banette, M|\n|poke|p2|Blacephalon|\n|poke|p2|Naganadel|\n|poke|p2|Mimikyu, F|\n|teampreview\n|inactive|Battle timer is ON: inactive players will automatically lose when time's up. (requested by TheGGM12)\n|\n|t:|1698450290\n|start\n|switch|p1a: Chesnaught|Chesnaught, M, shiny|100\/100\n|switch|p2a: AnnaBelle|Banette, M|100\/100\n|-item|p1a: Chesnaught|Leftovers|[from] ability: Frisk|[of] p2a: AnnaBelle|[identify]\n|turn|1\n|\n|t:|1698450303\n|switch|p1a: Rotom|Rotom-Frost|100\/100\n|detailschange|p2a: AnnaBelle|Banette-Mega, M\n|-mega|p2a: AnnaBelle|Banette|Banettite\n|move|p2a: AnnaBelle|Thunder Wave|p1a: Rotom\n|-immune|p1a: Rotom\n|\n|upkeep\n|turn|2\n|\n|t:|1698450307\n|move|p2a: AnnaBelle|Swords Dance|p2a: AnnaBelle\n|-boost|p2a: AnnaBelle|atk|2\n|move|p1a: Rotom|Will-O-Wisp|p2a: AnnaBelle|[miss]\n|-miss|p1a: Rotom|p2a: AnnaBelle\n|\n|upkeep\n|turn|3\n|\n|t:|1698450311\n|move|p1a: Rotom|Will-O-Wisp|p2a: AnnaBelle\n|-status|p2a: AnnaBelle|brn\n|move|p2a: AnnaBelle|Poltergeist|p1a: Rotom\n|-activate|p1a: Rotom|move: Poltergeist|Life Orb\n|-crit|p1a: Rotom\n|-damage|p1a: Rotom|0 fnt\n|faint|p1a: Rotom\n|\n|-damage|p2a: AnnaBelle|94\/100 brn|[from] brn\n|upkeep\n|\n|t:|1698450321\n|switch|p1a: Clawitzer|Clawitzer, M|100\/100\n|turn|4\n|\n|t:|1698450326\n|move|p2a: AnnaBelle|Destiny Bond|p2a: AnnaBelle\n|-singlemove|p2a: AnnaBelle|Destiny Bond\n|move|p1a: Clawitzer|Dark Pulse|p2a: AnnaBelle\n|-supereffective|p2a: AnnaBelle\n|-damage|p2a: AnnaBelle|0 fnt\n|faint|p2a: AnnaBelle\n|-activate|p2a: AnnaBelle|move: Destiny Bond\n|faint|p1a: Clawitzer\n|\n|upkeep\n|\n|t:|1698450334\n|switch|p2a: SamHaim|Gourgeist-Super, M, shiny|100\/100\n|switch|p1a: Chesnaught|Chesnaught, M, shiny|100\/100\n|-item|p1a: Chesnaught|Leftovers|[from] ability: Frisk|[of] p2a: SamHaim|[identify]\n|turn|5\n|\n|t:|1698450341\n|move|p1a: Chesnaught|Trailblaze|p2a: SamHaim\n|-resisted|p2a: SamHaim\n|-damage|p2a: SamHaim|92\/100\n|-boost|p1a: Chesnaught|spe|1\n|-zpower|p2a: SamHaim\n|move|p2a: SamHaim|Z-Trick-or-Treat|p1a: Chesnaught|[anim]Trick-or-Treat\n|-boost|p2a: SamHaim|atk|1|[zeffect]\n|-boost|p2a: SamHaim|def|1|[zeffect]\n|-boost|p2a: SamHaim|spa|1|[zeffect]\n|-boost|p2a: SamHaim|spd|1|[zeffect]\n|-boost|p2a: SamHaim|spe|1|[zeffect]\n|-start|p1a: Chesnaught|typeadd|Ghost|[from] move: Trick-or-Treat\n|\n|upkeep\n|turn|6\n|\n|t:|1698450352\n|move|p1a: Chesnaught|Belly Drum|p1a: Chesnaught\n|-damage|p1a: Chesnaught|50\/100\n|-setboost|p1a: Chesnaught|atk|6|[from] move: Belly Drum\n|move|p2a: SamHaim|Poltergeist|p1a: Chesnaught|[miss]\n|-miss|p2a: SamHaim|p1a: Chesnaught\n|\n|-heal|p1a: Chesnaught|56\/100|[from] item: Leftovers\n|upkeep\n|turn|7\n|\n|t:|1698450362\n|move|p2a: SamHaim|Shadow Sneak|p1a: Chesnaught\n|-supereffective|p1a: Chesnaught\n|-damage|p1a: Chesnaught|0 fnt\n|faint|p1a: Chesnaught\n|\n|upkeep\n|\n|t:|1698450368\n|switch|p1a: Zygarde|Zygarde, shiny|100\/100\n|turn|8\n|\n|t:|1698450376\n|move|p1a: Zygarde|Dragon Dance|p1a: Zygarde\n|-boost|p1a: Zygarde|atk|1\n|-boost|p1a: Zygarde|spe|1\n|move|p2a: SamHaim|Power Whip|p1a: Zygarde\n|-damage|p1a: Zygarde|43\/100\n|\n|-heal|p1a: Zygarde|50\/100|[from] item: Leftovers\n|-activate|p1a: Zygarde|ability: Power Construct\n|detailschange|p1a: Zygarde|Zygarde-Complete, shiny\n|-heal|p1a: Zygarde|67\/100|[silent]\n|upkeep\n|turn|9\n|\n|t:|1698450386\n|move|p1a: Zygarde|Dragon Dance|p1a: Zygarde\n|-boost|p1a: Zygarde|atk|1\n|-boost|p1a: Zygarde|spe|1\n|move|p2a: SamHaim|Power Whip|p1a: Zygarde\n|-damage|p1a: Zygarde|28\/100\n|\n|-heal|p1a: Zygarde|34\/100|[from] item: Leftovers\n|upkeep\n|turn|10\n|\n|t:|1698450396\n|-terastallize|p1a: Zygarde|Steel\n|move|p1a: Zygarde|Dragon Dance|p1a: Zygarde\n|-boost|p1a: Zygarde|atk|1\n|-boost|p1a: Zygarde|spe|1\n|move|p2a: SamHaim|Power Whip|p1a: Zygarde\n|-resisted|p1a: Zygarde\n|-damage|p1a: Zygarde|14\/100\n|\n|-heal|p1a: Zygarde|21\/100|[from] item: Leftovers\n|upkeep\n|turn|11\n|\n|t:|1698450399\n|move|p1a: Zygarde|Outrage|p2a: SamHaim\n|-damage|p2a: SamHaim|23\/100\n|move|p2a: SamHaim|Poltergeist|p1a: Zygarde\n|-activate|p1a: Zygarde|move: Poltergeist|Leftovers\n|-damage|p1a: Zygarde|0 fnt\n|faint|p1a: Zygarde\n|\n|upkeep\n|-message|TheGGM12 forfeited.\n|\n|win|Shoma Yusa\n|raw|TheGGM12's rating: 1204 &rarr; <strong>1188<\/strong><br \/>(-16 for losing)\n|raw|Shoma Yusa's rating: 1334 &rarr; <strong>1347<\/strong><br \/>(+13 for winning)\n|c|\u2606Shoma Yusa|430 def :skull:\n|l|\u2606TheGGM12\n","uploadtime":1698450407,"views":9,"p1id":"theggm12","p2id":"shomayusa","formatid":"gen9nationaldexubers","rating":1188,"private":0,"password":""}