{"id":"gen9nationaldexubers-1978770555","p1":"3ntr1x","p2":"Yannix BP","format":"[Gen 9] National Dex Ubers","log":"|j|\u26063ntr1x\n|j|\u2606Yannix BP\n|t:|1698593083\n|gametype|singles\n|player|p1|3ntr1x|170|\n|player|p2|Yannix BP|266|\n|teamsize|p1|3\n|teamsize|p2|3\n|gen|9\n|tier|[Gen 9] National Dex Ubers\n|rule|HP Percentage Mod: HP is shown in percentages\n|rule|Endless Battle Clause: Forcing endless battles is banned\n|rule|OHKO Clause: OHKO moves are banned\n|rule|Evasion Moves Clause: Evasion moves are banned\n|rule|Evasion Items Clause: Evasion items are banned\n|rule|Species Clause: Limit one of each Pok\u00e9mon\n|rule|Sleep Clause Mod: Limit one foe put to sleep\n|rule|Mega Rayquaza Clause: You cannot mega evolve Rayquaza\n|clearpoke\n|poke|p1|Gastly, L15, M|\n|poke|p1|Mareanie, L15, F|\n|poke|p1|Shellder, L15, F|\n|poke|p2|Deerling, L15, F|\n|poke|p2|Grookey, L15, F|\n|poke|p2|Lombre, L15, M|\n|teampreview\n|\n|t:|1698593090\n|start\n|switch|p1a: Clam|Shellder, L15, F, shiny|100\/100\n|switch|p2a: Deerling|Deerling, L15, F|100\/100\n|turn|1\n|\n|t:|1698593098\n|move|p2a: Deerling|Headbutt|p1a: Clam\n|-damage|p1a: Clam|54\/100\n|move|p1a: Clam|Shell Smash|p1a: Clam\n|-unboost|p1a: Clam|def|1\n|-unboost|p1a: Clam|spd|1\n|-boost|p1a: Clam|atk|2\n|-boost|p1a: Clam|spa|2\n|-boost|p1a: Clam|spe|2\n|-enditem|p1a: Clam|White Herb\n|-clearnegativeboost|p1a: Clam|[silent]\n|\n|upkeep\n|turn|2\n|\n|t:|1698593109\n|move|p1a: Clam|Icicle Spear|p2a: Deerling\n|-supereffective|p2a: Deerling\n|-damage|p2a: Deerling|66\/100\n|-supereffective|p2a: Deerling\n|-damage|p2a: Deerling|28\/100\n|-supereffective|p2a: Deerling\n|-damage|p2a: Deerling|0 fnt\n|faint|p2a: Deerling\n|-hitcount|p2: Deerling|3\n|\n|upkeep\n|\n|t:|1698593116\n|switch|p2a: Grookey|Grookey, L15, F|100\/100\n|-fieldstart|move: Grassy Terrain|[from] ability: Grassy Surge|[of] p2a: Grookey\n|turn|3\n|\n|t:|1698593123\n|move|p2a: Grookey|Grassy Glide|p1a: Clam\n|-supereffective|p1a: Clam\n|-damage|p1a: Clam|0 fnt\n|faint|p1a: Clam\n|\n|upkeep\n|\n|t:|1698593130\n|switch|p1a: Gaster|Gastly, L15, M, shiny|100\/100\n|turn|4\n|\n|t:|1698593135\n|move|p1a: Gaster|Toxic|p2a: Grookey\n|-status|p2a: Grookey|tox\n|move|p2a: Grookey|Knock Off|p1a: Gaster\n|-supereffective|p1a: Gaster\n|-damage|p1a: Gaster|0 fnt\n|-enditem|p1a: Gaster|Eviolite|[from] move: Knock Off|[of] p2a: Grookey\n|faint|p1a: Gaster\n|\n|-damage|p2a: Grookey|96\/100 tox|[from] psn\n|upkeep\n|\n|t:|1698593144\n|switch|p1a: Mary|Mareanie, L15, F, shiny|100\/100\n|turn|5\n|\n|t:|1698593147\n|move|p2a: Grookey|Taunt|p1a: Mary\n|-start|p1a: Mary|move: Taunt\n|move|p1a: Mary|Infestation|p2a: Grookey\n|-supereffective|p2a: Grookey\n|-damage|p2a: Grookey|78\/100 tox\n|-activate|p2a: Grookey|move: Infestation|[of] p1a: Mary\n|\n|-heal|p2a: Grookey|82\/100 tox|[from] Grassy Terrain\n|-damage|p2a: Grookey|73\/100 tox|[from] psn\n|-damage|p2a: Grookey|62\/100 tox|[from] move: Infestation|[partiallytrapped]\n|upkeep\n|turn|6\n|\n|t:|1698593159\n|move|p2a: Grookey|Knock Off|p1a: Mary\n|-damage|p1a: Mary|64\/100\n|-enditem|p1a: Mary|Leftovers|[from] move: Knock Off|[of] p2a: Grookey\n|move|p1a: Mary|Infestation|p2a: Grookey\n|-supereffective|p2a: Grookey\n|-damage|p2a: Grookey|44\/100 tox\n|\n|-heal|p2a: Grookey|48\/100 tox|[from] Grassy Terrain\n|-heal|p1a: Mary|69\/100|[from] Grassy Terrain\n|-damage|p2a: Grookey|35\/100 tox|[from] psn\n|-damage|p2a: Grookey|23\/100 tox|[from] move: Infestation|[partiallytrapped]\n|upkeep\n|-enditem|p2a: Grookey|Salac Berry|[eat]\n|-boost|p2a: Grookey|spe|1|[from] item: Salac Berry\n|turn|7\n|\n|t:|1698593174\n|move|p2a: Grookey|Grassy Glide|p1a: Mary\n|-damage|p1a: Mary|25\/100\n|move|p1a: Mary|Infestation|p2a: Grookey\n|-supereffective|p2a: Grookey\n|-damage|p2a: Grookey|5\/100 tox\n|\n|-heal|p2a: Grookey|10\/100 tox|[from] Grassy Terrain\n|-heal|p1a: Mary|30\/100|[from] Grassy Terrain\n|-damage|p2a: Grookey|0 fnt|[from] psn\n|faint|p2a: Grookey\n|-end|p1a: Mary|move: Taunt\n|-fieldend|move: Grassy Terrain\n|upkeep\n|\n|t:|1698593185\n|switch|p2a: Lombre|Lombre, L15, M|100\/100\n|turn|8\n|\n|t:|1698593194\n|move|p2a: Lombre|Magical Leaf|p1a: Mary\n|-damage|p1a: Mary|0 fnt\n|faint|p1a: Mary\n|\n|win|Yannix BP\n","uploadtime":1698593211,"views":12,"p1id":"3ntr1x","p2id":"yannixbp","formatid":"gen9nationaldexubers","rating":0,"private":0,"password":""}