{"id":"gen9nationaldexubers-1982203829","p1":"Shitskrieg","p2":"lepoker","format":"[Gen 9] National Dex Ubers","log":"|j|\u2606Shitskrieg\n|j|\u2606lepoker\n|t:|1698978850\n|gametype|singles\n|player|p1|Shitskrieg|ninjaboy|1050\n|player|p2|lepoker|shadowtriad|1108\n|teamsize|p1|6\n|teamsize|p2|6\n|gen|9\n|tier|[Gen 9] National Dex Ubers\n|rated|\n|rule|HP Percentage Mod: HP is shown in percentages\n|rule|Endless Battle Clause: Forcing endless battles is banned\n|rule|OHKO Clause: OHKO moves are banned\n|rule|Evasion Moves Clause: Evasion moves are banned\n|rule|Evasion Items Clause: Evasion items are banned\n|rule|Species Clause: Limit one of each Pok\u00e9mon\n|rule|Sleep Clause Mod: Limit one foe put to sleep\n|rule|Mega Rayquaza Clause: You cannot mega evolve Rayquaza\n|clearpoke\n|poke|p1|Salamence, M|\n|poke|p1|Xerneas-*|\n|poke|p1|Ho-Oh|\n|poke|p1|Marshadow|\n|poke|p1|Groudon|\n|poke|p1|Urshifu-*, F|\n|poke|p2|Barraskewda, M|\n|poke|p2|Pelipper, F|\n|poke|p2|Galvantula, M|\n|poke|p2|Volcarona, M|\n|poke|p2|Swampert, F|\n|poke|p2|Cyclizar, M|\n|teampreview\n|inactive|Battle timer is ON: inactive players will automatically lose when time's up. (requested by Shitskrieg)\n|\n|t:|1698978863\n|start\n|switch|p1a: Groudon|Groudon|100\/100\n|switch|p2a: Cyclizar|Cyclizar, M|100\/100\n|detailschange|p1a: Groudon|Groudon-Primal\n|-primal|p1a: Groudon|Red Orb\n|-weather|DesolateLand|[from] ability: Desolate Land|[of] p1a: Groudon\n|turn|1\n|\n|t:|1698978869\n|move|p2a: Cyclizar|Shed Tail|p2a: Cyclizar\n|-start|p2a: Cyclizar|Substitute|[from] move: Shed Tail\n|-damage|p2a: Cyclizar|50\/100\n|\n|t:|1698978873\n|switch|p2a: Volcarona|Volcarona, M|100\/100|[from] Shed Tail\n|move|p1a: Groudon|Rock Polish|p1a: Groudon\n|-boost|p1a: Groudon|spe|2\n|\n|-weather|DesolateLand|[upkeep]\n|upkeep\n|turn|2\n|\n|t:|1698978877\n|move|p1a: Groudon|Earth Power|p2a: Volcarona\n|-end|p2a: Volcarona|Substitute\n|move|p2a: Volcarona|Quiver Dance|p2a: Volcarona\n|-boost|p2a: Volcarona|spa|1\n|-boost|p2a: Volcarona|spd|1\n|-boost|p2a: Volcarona|spe|1\n|\n|-weather|DesolateLand|[upkeep]\n|upkeep\n|turn|3\n|\n|t:|1698978893\n|move|p1a: Groudon|Flamethrower|p2a: Volcarona\n|-damage|p2a: Volcarona|38\/100\n|move|p2a: Volcarona|Giga Drain|p1a: Groudon\n|-damage|p1a: Groudon|60\/100\n|-heal|p2a: Volcarona|60\/100|[from] drain|[of] p1a: Groudon\n|\n|-weather|DesolateLand|[upkeep]\n|upkeep\n|turn|4\n|inactive|Shitskrieg has 120 seconds left.\n|\n|t:|1698978929\n|move|p1a: Groudon|Flamethrower|p2a: Volcarona\n|-damage|p2a: Volcarona|0 fnt\n|faint|p2a: Volcarona\n|\n|-weather|DesolateLand|[upkeep]\n|upkeep\n|\n|t:|1698978935\n|switch|p2a: Cyclizar|Cyclizar, M|50\/100\n|turn|5\n|inactive|Shitskrieg has 120 seconds left.\n|\n|t:|1698978972\n|move|p1a: Groudon|Earth Power|p2a: Cyclizar\n|-damage|p2a: Cyclizar|0 fnt\n|faint|p2a: Cyclizar\n|\n|-weather|DesolateLand|[upkeep]\n|upkeep\n|inactive|lepoker has 120 seconds left.\n|l|\u2606lepoker\n|inactive|lepoker disconnected and has a minute to reconnect!\n|player|p2|\n|j|\u2606lepoker\n|inactive|lepoker reconnected and has 90 seconds left.\n|player|p2|lepoker|shadowtriad\n|\n|t:|1698979042\n|switch|p2a: Galvantula|Galvantula, M|100\/100\n|turn|6\n|\n|t:|1698979049\n|move|p1a: Groudon|Flamethrower|p2a: Galvantula\n|-supereffective|p2a: Galvantula\n|-enditem|p2a: Galvantula|Focus Sash\n|-damage|p2a: Galvantula|1\/100\n|-status|p2a: Galvantula|brn\n|move|p2a: Galvantula|Sticky Web|p1a: Groudon\n|-sidestart|p1: Shitskrieg|move: Sticky Web\n|\n|-weather|DesolateLand|[upkeep]\n|-damage|p2a: Galvantula|0 fnt|[from] brn\n|faint|p2a: Galvantula\n|upkeep\n|inactive|lepoker has 90 seconds left.\n|\n|t:|1698979069\n|switch|p2a: Pelipper|Pelipper, F|100\/100\n|-ability|p2a: Pelipper|Drizzle|[from] desolateland|[fail]\n|turn|7\n|\n|t:|1698979075\n|move|p1a: Groudon|Solar Beam||[still]\n|-prepare|p1a: Groudon|Solar Beam\n|-anim|p1a: Groudon|Solar Beam|p2a: Pelipper\n|-damage|p2a: Pelipper|34\/100\n|move|p2a: Pelipper|Rain Dance|p2a: Pelipper\n|-fail|p2a: Pelipper|Rain Dance|[from] desolateland\n|\n|-weather|DesolateLand|[upkeep]\n|upkeep\n|turn|8\n|inactive|Shitskrieg has 120 seconds left.\n|inactive|lepoker has 90 seconds left.\n|\n|t:|1698979083\n|move|p1a: Groudon|Solar Beam||[still]\n|-prepare|p1a: Groudon|Solar Beam\n|-anim|p1a: Groudon|Solar Beam|p2a: Pelipper\n|-damage|p2a: Pelipper|0 fnt\n|faint|p2a: Pelipper\n|\n|-weather|DesolateLand|[upkeep]\n|upkeep\n|\n|t:|1698979086\n|switch|p2a: Barraskewda|Barraskewda, M|100\/100\n|turn|9\n|\n|t:|1698979094\n|move|p1a: Groudon|Solar Beam||[still]\n|-prepare|p1a: Groudon|Solar Beam\n|-anim|p1a: Groudon|Solar Beam|p2a: Barraskewda\n|-supereffective|p2a: Barraskewda\n|-damage|p2a: Barraskewda|0 fnt\n|faint|p2a: Barraskewda\n|\n|-weather|DesolateLand|[upkeep]\n|upkeep\n|-message|lepoker forfeited.\n|\n|win|Shitskrieg\n|raw|Shitskrieg's rating: 1050 &rarr; <strong>1088<\/strong><br \/>(+38 for winning)\n|raw|lepoker's rating: 1108 &rarr; <strong>1079<\/strong><br \/>(-29 for losing)\n|l|\u2606lepoker\n","uploadtime":1698979106,"views":7,"p1id":"shitskrieg","p2id":"lepoker","formatid":"gen9nationaldexubers","rating":1079,"private":0,"password":""}