{"id":"gen9nationaldexubers-1990923744","p1":"danish13","p2":"85792195wwww","format":"[Gen 9] National Dex Ubers","log":"|j|\u2606danish13\n|j|\u260685792195wwww\n|t:|1700015646\n|gametype|singles\n|player|p1|danish13|lance|1454\n|player|p2|85792195wwww|mira|1737\n|teamsize|p1|6\n|teamsize|p2|6\n|gen|9\n|tier|[Gen 9] National Dex Ubers\n|rated|\n|rule|HP Percentage Mod: HP is shown in percentages\n|rule|Endless Battle Clause: Forcing endless battles is banned\n|rule|OHKO Clause: OHKO moves are banned\n|rule|Evasion Moves Clause: Evasion moves are banned\n|rule|Evasion Items Clause: Evasion items are banned\n|rule|Species Clause: Limit one of each Pok\u00e9mon\n|rule|Sleep Clause Mod: Limit one foe put to sleep\n|rule|Mega Rayquaza Clause: You cannot mega evolve Rayquaza\n|clearpoke\n|poke|p1|Salamence, M|\n|poke|p1|Yveltal|\n|poke|p1|Arceus|\n|poke|p1|Marshadow|\n|poke|p1|Garganacl, M|\n|poke|p1|Kyurem-White|\n|poke|p2|Xerneas-*|\n|poke|p2|Deoxys-Speed|\n|poke|p2|Zacian-*|\n|poke|p2|Arceus|\n|poke|p2|Groudon|\n|poke|p2|Zekrom|\n|teampreview\n|\n|t:|1700015653\n|start\n|switch|p1a: Marshadow|Marshadow|100\/100\n|switch|p2a: Deoxys|Deoxys-Speed|100\/100\n|-ability|p2a: Deoxys|Pressure\n|turn|1\n|inactive|Battle timer is ON: inactive players will automatically lose when time's up. (requested by danish13)\n|\n|t:|1700015661\n|move|p2a: Deoxys|Psycho Boost|p1a: Marshadow\n|-supereffective|p1a: Marshadow\n|-damage|p1a: Marshadow|0 fnt\n|-unboost|p2a: Deoxys|spa|2\n|faint|p1a: Marshadow\n|\n|upkeep\n|\n|t:|1700015667\n|switch|p1a: Garganacl|Garganacl, M, shiny|100\/100\n|turn|2\n|\n|t:|1700015674\n|move|p2a: Deoxys|Taunt|p1a: Garganacl\n|-start|p1a: Garganacl|move: Taunt\n|cant|p1a: Garganacl|move: Taunt|Curse\n|\n|upkeep\n|turn|3\n|\n|t:|1700015679\n|move|p2a: Deoxys|Stealth Rock|p1a: Garganacl\n|-sidestart|p1: danish13|move: Stealth Rock\n|move|p1a: Garganacl|Salt Cure|p2a: Deoxys\n|-damage|p2a: Deoxys|85\/100\n|-start|p2a: Deoxys|Salt Cure\n|\n|-damage|p2a: Deoxys|73\/100|[from] Salt Cure\n|upkeep\n|turn|4\n|\n|t:|1700015688\n|move|p2a: Deoxys|Skill Swap|p1a: Garganacl\n|-activate|p2a: Deoxys|move: Skill Swap|Purifying Salt|Pressure|[of] p1a: Garganacl\n|-ability|p1a: Garganacl|Pressure\n|move|p1a: Garganacl|Salt Cure|p2a: Deoxys\n|-damage|p2a: Deoxys|60\/100\n|\n|-damage|p2a: Deoxys|48\/100|[from] Salt Cure\n|-end|p1a: Garganacl|move: Taunt\n|upkeep\n|turn|5\n|\n|t:|1700015700\n|move|p2a: Deoxys|Taunt|p1a: Garganacl\n|-start|p1a: Garganacl|move: Taunt\n|move|p1a: Garganacl|Salt Cure|p2a: Deoxys\n|-damage|p2a: Deoxys|34\/100\n|\n|-damage|p2a: Deoxys|21\/100|[from] Salt Cure\n|upkeep\n|turn|6\n|\n|t:|1700015710\n|switch|p1a: Arceus|Arceus|100\/100\n|-damage|p1a: Arceus|88\/100|[from] Stealth Rock\n|move|p2a: Deoxys|Psycho Boost|p1a: Arceus\n|-damage|p1a: Arceus|72\/100\n|-unboost|p2a: Deoxys|spa|2\n|\n|-damage|p2a: Deoxys|9\/100|[from] Salt Cure\n|upkeep\n|turn|7\n|\n|t:|1700015722\n|move|p1a: Arceus|Extreme Speed|p2a: Deoxys\n|-damage|p2a: Deoxys|0 fnt\n|-damage|p1a: Arceus|55\/100|[from] item: Rocky Helmet|[of] p2a: Deoxys\n|faint|p2a: Deoxys\n|-damage|p1a: Arceus|45\/100|[from] item: Life Orb\n|\n|upkeep\n|\n|t:|1700015733\n|switch|p2a: Zacian|Zacian-Crowned|100\/100\n|-ability|p2a: Zacian|Intrepid Sword|boost\n|-boost|p2a: Zacian|atk|1\n|turn|8\n|\n|t:|1700015738\n|move|p2a: Zacian|Behemoth Blade|p1a: Arceus\n|-damage|p1a: Arceus|0 fnt\n|faint|p1a: Arceus\n|\n|upkeep\n|\n|t:|1700015745\n|switch|p1a: Kyurem|Kyurem-White|100\/100\n|-damage|p1a: Kyurem|76\/100|[from] Stealth Rock\n|-ability|p1a: Kyurem|Turboblaze\n|turn|9\n|\n|t:|1700015751\n|-terastallize|p1a: Kyurem|Fire\n|move|p2a: Zacian|Close Combat|p1a: Kyurem\n|-damage|p1a: Kyurem|7\/100\n|-unboost|p2a: Zacian|def|1\n|-unboost|p2a: Zacian|spd|1\n|move|p1a: Kyurem|Fusion Flare|p2a: Zacian\n|-supereffective|p2a: Zacian\n|-damage|p2a: Zacian|0 fnt\n|faint|p2a: Zacian\n|-damage|p1a: Kyurem|0 fnt|[from] item: Life Orb\n|faint|p1a: Kyurem\n|\n|upkeep\n|\n|t:|1700015769\n|switch|p2a: Xerneas|Xerneas|100\/100\n|switch|p1a: Salamence|Salamence, M|100\/100\n|-damage|p1a: Salamence|76\/100|[from] Stealth Rock\n|-ability|p1a: Salamence|Intimidate|boost\n|-unboost|p2a: Xerneas|atk|1\n|-ability|p2a: Xerneas|Fairy Aura\n|turn|10\n|\n|t:|1700015780\n|detailschange|p1a: Salamence|Salamence-Mega, M\n|-mega|p1a: Salamence|Salamence|Salamencite\n|move|p1a: Salamence|Dragon Dance|p1a: Salamence\n|-boost|p1a: Salamence|atk|1\n|-boost|p1a: Salamence|spe|1\n|move|p2a: Xerneas|Moonblast|p1a: Salamence\n|-supereffective|p1a: Salamence\n|-damage|p1a: Salamence|0 fnt\n|faint|p1a: Salamence\n|\n|upkeep\n|\n|t:|1700015788\n|switch|p1a: Garganacl|Garganacl, M, shiny|100\/100\n|-damage|p1a: Garganacl|88\/100|[from] Stealth Rock\n|turn|11\n|\n|t:|1700015794\n|move|p2a: Xerneas|Moonblast|p1a: Garganacl\n|-damage|p1a: Garganacl|22\/100\n|move|p1a: Garganacl|Salt Cure|p2a: Xerneas\n|-damage|p2a: Xerneas|91\/100\n|-start|p2a: Xerneas|Salt Cure\n|\n|-heal|p1a: Garganacl|28\/100|[from] item: Leftovers\n|-damage|p2a: Xerneas|78\/100|[from] Salt Cure\n|upkeep\n|turn|12\n|\n|t:|1700015804\n|move|p2a: Xerneas|Moonblast|p1a: Garganacl\n|-damage|p1a: Garganacl|0 fnt\n|faint|p1a: Garganacl\n|\n|-damage|p2a: Xerneas|66\/100|[from] Salt Cure\n|upkeep\n|-message|danish13 forfeited.\n|\n|win|85792195wwww\n|raw|danish13's rating: 1454 &rarr; <strong>1447<\/strong><br \/>(-7 for losing)\n|raw|85792195wwww's rating: 1737 &rarr; <strong>1744<\/strong><br \/>(+7 for winning)\n|l|\u2606danish13\n","uploadtime":1700015816,"views":6,"p1id":"danish13","p2id":"85792195wwww","formatid":"gen9nationaldexubers","rating":1447,"private":0,"password":""}