{"id":"gen9nationaldexubers-1985783119","p1":"Milwaukee Bucks","p2":"acetrainer 193","format":"[Gen 9] National Dex Ubers","log":"|j|\u2606Milwaukee Bucks\n|j|\u2606acetrainer 193\n|t:|1699405654\n|gametype|singles\n|player|p1|Milwaukee Bucks|morty|1112\n|player|p2|acetrainer 193|sordward-shielbert|1218\n|teamsize|p1|6\n|teamsize|p2|6\n|gen|9\n|tier|[Gen 9] National Dex Ubers\n|rated|\n|rule|HP Percentage Mod: HP is shown in percentages\n|rule|Endless Battle Clause: Forcing endless battles is banned\n|rule|OHKO Clause: OHKO moves are banned\n|rule|Evasion Moves Clause: Evasion moves are banned\n|rule|Evasion Items Clause: Evasion items are banned\n|rule|Species Clause: Limit one of each Pok\u00e9mon\n|rule|Sleep Clause Mod: Limit one foe put to sleep\n|rule|Mega Rayquaza Clause: You cannot mega evolve Rayquaza\n|clearpoke\n|poke|p1|Latios, M|\n|poke|p1|Arceus-Fairy|\n|poke|p1|Kyogre|\n|poke|p1|Genesect-Shock|\n|poke|p1|Melmetal|\n|poke|p1|Lugia|\n|poke|p2|Groudon|\n|poke|p2|Zacian-*|\n|poke|p2|Necrozma-Dusk-Mane|\n|poke|p2|Zygarde|\n|poke|p2|Ho-Oh|\n|poke|p2|Arceus-Ground|\n|teampreview\n|\n|t:|1699405661\n|start\n|switch|p1a: Lugia|Lugia, shiny|100\/100\n|switch|p2a: Groudon|Groudon|100\/100\n|detailschange|p2a: Groudon|Groudon-Primal\n|-primal|p2a: Groudon|Red Orb\n|-weather|DesolateLand|[from] ability: Desolate Land|[of] p2a: Groudon\n|turn|1\n|\n|t:|1699405666\n|move|p1a: Lugia|Toxic|p2a: Groudon\n|-status|p2a: Groudon|tox\n|move|p2a: Groudon|Toxic|p1a: Lugia\n|-status|p1a: Lugia|tox\n|\n|-weather|DesolateLand|[upkeep]\n|-damage|p1a: Lugia|94\/100 tox|[from] psn\n|-damage|p2a: Groudon|94\/100 tox|[from] psn\n|upkeep\n|turn|2\n|\n|t:|1699405671\n|switch|p1a: Kyogre|Kyogre|100\/100\n|-ability|p1a: Kyogre|Drizzle|[from] desolateland|[fail]\n|move|p2a: Groudon|Stealth Rock|p1a: Kyogre\n|-sidestart|p1: Milwaukee Bucks|move: Stealth Rock\n|\n|-weather|DesolateLand|[upkeep]\n|-damage|p2a: Groudon|82\/100 tox|[from] psn\n|upkeep\n|turn|3\n|\n|t:|1699405683\n|switch|p1a: Lugia|Lugia, shiny|94\/100 tox\n|-damage|p1a: Lugia|69\/100 tox|[from] Stealth Rock\n|move|p2a: Groudon|Precipice Blades|p1a: Lugia\n|-immune|p1a: Lugia\n|\n|-weather|DesolateLand|[upkeep]\n|-heal|p1a: Lugia|75\/100 tox|[from] item: Leftovers\n|-damage|p1a: Lugia|69\/100 tox|[from] psn\n|-damage|p2a: Groudon|63\/100 tox|[from] psn\n|upkeep\n|turn|4\n|\n|t:|1699405690\n|-weather|none\n|switch|p2a: Zygarde|Zygarde|100\/100\n|move|p1a: Lugia|Recover|p1a: Lugia\n|-heal|p1a: Lugia|100\/100 tox\n|\n|-damage|p1a: Lugia|88\/100 tox|[from] psn\n|upkeep\n|turn|5\n|\n|t:|1699405696\n|move|p1a: Lugia|Toxic|p2a: Zygarde\n|-status|p2a: Zygarde|tox\n|move|p2a: Zygarde|Thousand Arrows|p1a: Lugia\n|-damage|p1a: Lugia|71\/100 tox\n|-start|p1a: Lugia|Smack Down\n|\n|-heal|p1a: Lugia|77\/100 tox|[from] item: Leftovers\n|-damage|p1a: Lugia|59\/100 tox|[from] psn\n|-damage|p2a: Zygarde|94\/100 tox|[from] psn\n|upkeep\n|turn|6\n|\n|t:|1699405700\n|move|p1a: Lugia|Defog|p2a: Zygarde\n|-unboost|p2a: Zygarde|evasion|1\n|-sideend|p1: Milwaukee Bucks|Stealth Rock|[from] move: Defog|[of] p1a: Lugia\n|move|p2a: Zygarde|Coil|p2a: Zygarde\n|-boost|p2a: Zygarde|atk|1\n|-boost|p2a: Zygarde|def|1\n|-boost|p2a: Zygarde|accuracy|1\n|\n|-heal|p1a: Lugia|65\/100 tox|[from] item: Leftovers\n|-heal|p2a: Zygarde|100\/100 tox|[from] item: Leftovers\n|-damage|p1a: Lugia|40\/100 tox|[from] psn\n|-damage|p2a: Zygarde|88\/100 tox|[from] psn\n|upkeep\n|turn|7\n|\n|t:|1699405711\n|move|p1a: Lugia|Recover|p1a: Lugia\n|-heal|p1a: Lugia|90\/100 tox\n|move|p2a: Zygarde|Thousand Arrows|p1a: Lugia\n|-damage|p1a: Lugia|69\/100 tox\n|\n|-heal|p1a: Lugia|75\/100 tox|[from] item: Leftovers\n|-heal|p2a: Zygarde|94\/100 tox|[from] item: Leftovers\n|-damage|p1a: Lugia|44\/100 tox|[from] psn\n|-damage|p2a: Zygarde|76\/100 tox|[from] psn\n|upkeep\n|turn|8\n|\n|t:|1699405718\n|switch|p2a: Arceus|Arceus-Ground|100\/100\n|move|p1a: Lugia|Recover|p1a: Lugia\n|-heal|p1a: Lugia|94\/100 tox\n|\n|-heal|p1a: Lugia|99\/100 tox|[from] item: Leftovers\n|-damage|p1a: Lugia|63\/100 tox|[from] psn\n|upkeep\n|turn|9\n|\n|t:|1699405723\n|move|p2a: Arceus|Taunt|p1a: Lugia\n|-start|p1a: Lugia|move: Taunt\n|cant|p1a: Lugia|move: Taunt|Toxic\n|\n|-heal|p1a: Lugia|69\/100 tox|[from] item: Leftovers\n|-damage|p1a: Lugia|25\/100 tox|[from] psn\n|upkeep\n|turn|10\n|\n|t:|1699405727\n|switch|p1a: Kyogre|Kyogre|100\/100\n|-weather|RainDance|[from] ability: Drizzle|[of] p1a: Kyogre\n|move|p2a: Arceus|Judgment|p1a: Kyogre\n|-damage|p1a: Kyogre|64\/100\n|\n|-weather|RainDance|[upkeep]\n|upkeep\n|turn|11\n|\n|t:|1699405738\n|switch|p2a: Groudon|Groudon-Primal|63\/100 tox\n|-weather|DesolateLand|[from] ability: Desolate Land|[of] p2a: Groudon\n|move|p1a: Kyogre|Origin Pulse||[still]\n|-fail|p1a: Kyogre|Origin Pulse|[from] Desolate Land\n|\n|-weather|DesolateLand|[upkeep]\n|-damage|p2a: Groudon|57\/100 tox|[from] psn\n|upkeep\n|turn|12\n|\n|t:|1699405746\n|switch|p1a: Lugia|Lugia, shiny|25\/100 tox\n|move|p2a: Groudon|Heat Crash|p1a: Lugia\n|-damage|p1a: Lugia|0 fnt\n|faint|p1a: Lugia\n|\n|-weather|DesolateLand|[upkeep]\n|-damage|p2a: Groudon|45\/100 tox|[from] psn\n|upkeep\n|c|\u2606acetrainer 193|what are your thoughts on giannis\n|\n|t:|1699405771\n|switch|p1a: Latios|Latios, M|100\/100\n|turn|13\n|c|\u2606Milwaukee Bucks|goat\n|\n|t:|1699405787\n|move|p1a: Latios|Dragon Pulse|p2a: Groudon\n|-damage|p2a: Groudon|10\/100 tox\n|move|p2a: Groudon|Toxic|p1a: Latios\n|-status|p1a: Latios|tox\n|\n|-weather|DesolateLand|[upkeep]\n|-damage|p1a: Latios|95\/100 tox|[from] psn\n|-damage|p2a: Groudon|0 fnt|[from] psn\n|faint|p2a: Groudon\n|-weather|none\n|upkeep\n|\n|t:|1699405792\n|switch|p2a: Zacian|Zacian-Crowned|100\/100\n|-ability|p2a: Zacian|Intrepid Sword|boost\n|-boost|p2a: Zacian|atk|1\n|turn|14\n|\n|t:|1699405798\n|switch|p1a: Melmetal|Melmetal|100\/100\n|move|p2a: Zacian|Play Rough|p1a: Melmetal\n|-resisted|p1a: Melmetal\n|-damage|p1a: Melmetal|81\/100\n|\n|upkeep\n|turn|15\n|\n|t:|1699405807\n|switch|p2a: Ho-Oh|Ho-Oh|100\/100\n|move|p1a: Melmetal|Thunder Punch|p2a: Ho-Oh\n|-supereffective|p2a: Ho-Oh\n|-crit|p2a: Ho-Oh\n|-damage|p2a: Ho-Oh|0 fnt\n|faint|p2a: Ho-Oh\n|\n|upkeep\n|c|\u2606acetrainer 193|idk he's kinda fraudulent\n|\n|t:|1699405816\n|switch|p2a: Arceus|Arceus-Ground|100\/100\n|turn|16\n|\n|t:|1699405820\n|switch|p1a: Kyogre|Kyogre|64\/100\n|-weather|RainDance|[from] ability: Drizzle|[of] p1a: Kyogre\n|move|p2a: Arceus|Judgment|p1a: Kyogre\n|-damage|p1a: Kyogre|25\/100\n|\n|-weather|RainDance|[upkeep]\n|upkeep\n|turn|17\n|\n|t:|1699405831\n|move|p1a: Kyogre|Origin Pulse|p2a: Arceus\n|-supereffective|p2a: Arceus\n|-damage|p2a: Arceus|0 fnt\n|faint|p2a: Arceus\n|\n|-weather|RainDance|[upkeep]\n|upkeep\n|\n|t:|1699405835\n|switch|p2a: Zygarde|Zygarde|76\/100 tox\n|turn|18\n|\n|t:|1699405838\n|move|p1a: Kyogre|Origin Pulse|p2a: Zygarde\n|-damage|p2a: Zygarde|0 fnt\n|faint|p2a: Zygarde\n|\n|-weather|RainDance|[upkeep]\n|upkeep\n|\n|t:|1699405840\n|switch|p2a: Necrozma|Necrozma-Dusk-Mane|100\/100\n|turn|19\n|\n|t:|1699405844\n|detailschange|p2a: Necrozma|Necrozma-Ultra\n|-burst|p2a: Necrozma|Necrozma|Ultranecrozium Z\n|move|p1a: Kyogre|Origin Pulse|p2a: Necrozma|[miss]\n|-miss|p1a: Kyogre|p2a: Necrozma\n|move|p2a: Necrozma|Photon Geyser|p1a: Kyogre\n|-damage|p1a: Kyogre|0 fnt\n|faint|p1a: Kyogre\n|\n|-weather|RainDance|[upkeep]\n|upkeep\n|\n|t:|1699405853\n|switch|p1a: Arceus|Arceus-Fairy|100\/100\n|turn|20\n|\n|t:|1699405859\n|-zpower|p2a: Necrozma\n|move|p2a: Necrozma|Light That Burns the Sky|p1a: Arceus|[zeffect]\n|-damage|p1a: Arceus|17\/100\n|move|p1a: Arceus|Judgment|p2a: Necrozma\n|-damage|p2a: Necrozma|63\/100\n|\n|-weather|none\n|upkeep\n|turn|21\n|\n|t:|1699405874\n|move|p1a: Arceus|Extreme Speed|p2a: Necrozma\n|-crit|p2a: Necrozma\n|-damage|p2a: Necrozma|33\/100\n|move|p2a: Necrozma|Photon Geyser|p1a: Arceus\n|-damage|p1a: Arceus|0 fnt\n|faint|p1a: Arceus\n|\n|upkeep\n|\n|t:|1699405885\n|switch|p1a: Genesect|Genesect-Shock|100\/100\n|-ability|p1a: Genesect|Download|boost\n|-boost|p1a: Genesect|spa|1\n|turn|22\n|\n|t:|1699405890\n|move|p2a: Necrozma|Heat Wave|p1a: Genesect\n|-supereffective|p1a: Genesect\n|-damage|p1a: Genesect|0 fnt\n|faint|p1a: Genesect\n|\n|upkeep\n|\n|t:|1699405894\n|switch|p1a: Latios|Latios, M|95\/100 tox\n|turn|23\n|\n|t:|1699405897\n|move|p2a: Necrozma|Dragon Pulse|p1a: Latios\n|-supereffective|p1a: Latios\n|-damage|p1a: Latios|0 fnt\n|faint|p1a: Latios\n|\n|upkeep\n|\n|t:|1699405899\n|switch|p1a: Melmetal|Melmetal|81\/100\n|turn|24\n|\n|t:|1699405903\n|move|p2a: Necrozma|Heat Wave|p1a: Melmetal\n|-supereffective|p1a: Melmetal\n|-damage|p1a: Melmetal|0 fnt\n|faint|p1a: Melmetal\n|\n|win|acetrainer 193\n|raw|Milwaukee Bucks's rating: 1112 &rarr; <strong>1094<\/strong><br \/>(-18 for losing)\n|raw|acetrainer 193's rating: 1218 &rarr; <strong>1236<\/strong><br \/>(+18 for winning)\n|l|\u2606Milwaukee Bucks\n|c|\u2606acetrainer 193|gg\n|l|\u2606acetrainer 193\n|j|\u2606acetrainer 193\n|player|p2|acetrainer 193|sordward-shielbert\n","uploadtime":1699405970,"views":5,"p1id":"milwaukeebucks","p2id":"acetrainer193","formatid":"gen9nationaldexubers","rating":1094,"private":0,"password":""}