{"id":"gen9nationaldexubers-2000462487","p1":"ProDPokemon","p2":"techninja850","format":"[Gen 9] National Dex Ubers","log":"|j|\u2606ProDPokemon\n|j|\u2606techninja850\n|t:|1701196859\n|gametype|singles\n|player|p1|ProDPokemon|102|1242\n|player|p2|techninja850|169|1298\n|teamsize|p1|6\n|teamsize|p2|6\n|gen|9\n|tier|[Gen 9] National Dex Ubers\n|rated|\n|rule|HP Percentage Mod: HP is shown in percentages\n|rule|Endless Battle Clause: Forcing endless battles is banned\n|rule|OHKO Clause: OHKO moves are banned\n|rule|Evasion Moves Clause: Evasion moves are banned\n|rule|Evasion Items Clause: Evasion items are banned\n|rule|Species Clause: Limit one of each Pok\u00e9mon\n|rule|Sleep Clause Mod: Limit one foe put to sleep\n|rule|Mega Rayquaza Clause: You cannot mega evolve Rayquaza\n|clearpoke\n|poke|p1|Medicham, M|\n|poke|p1|Rotom-Wash|\n|poke|p1|Heatran, F|\n|poke|p1|Naganadel|\n|poke|p1|Dhelmise|\n|poke|p1|Kingambit, F|\n|poke|p2|Oshawott, M|\n|poke|p2|Greninja-*, M|\n|poke|p2|Hatterene, F|\n|poke|p2|Grimmsnarl, M|\n|poke|p2|Banette, F|\n|poke|p2|Kingambit, M|\n|teampreview\n|inactive|Battle timer is ON: inactive players will automatically lose when time's up. (requested by ProDPokemon)\n|\n|t:|1701196870\n|start\n|switch|p1a: Medicham|Medicham, M|100\/100\n|switch|p2a: Mr.Beast|Grimmsnarl, M, shiny|100\/100\n|turn|1\n|\n|t:|1701196874\n|detailschange|p1a: Medicham|Medicham-Mega, M\n|-mega|p1a: Medicham|Medicham|Medichamite\n|move|p1a: Medicham|Fake Out|p2a: Mr.Beast\n|-crit|p2a: Mr.Beast\n|-damage|p2a: Mr.Beast|58\/100\n|cant|p2a: Mr.Beast|flinch\n|\n|-heal|p2a: Mr.Beast|64\/100|[from] item: Leftovers\n|upkeep\n|turn|2\n|\n|t:|1701196883\n|move|p1a: Medicham|Bullet Punch|p2a: Mr.Beast\n|-supereffective|p2a: Mr.Beast\n|-damage|p2a: Mr.Beast|6\/100\n|move|p2a: Mr.Beast|Spirit Break|p1a: Medicham\n|-supereffective|p1a: Medicham\n|-damage|p1a: Medicham|0 fnt\n|faint|p1a: Medicham\n|\n|-heal|p2a: Mr.Beast|12\/100|[from] item: Leftovers\n|upkeep\n|\n|t:|1701196892\n|switch|p1a: Naganadel|Naganadel|100\/100\n|turn|3\n|\n|t:|1701196901\n|move|p2a: Mr.Beast|Taunt|p1a: Naganadel\n|-start|p1a: Naganadel|move: Taunt\n|cant|p1a: Naganadel|move: Taunt|Nasty Plot\n|\n|-heal|p2a: Mr.Beast|19\/100|[from] item: Leftovers\n|upkeep\n|turn|4\n|\n|t:|1701196905\n|move|p1a: Naganadel|Sludge Bomb|p2a: Mr.Beast\n|-supereffective|p2a: Mr.Beast\n|-damage|p2a: Mr.Beast|0 fnt\n|faint|p2a: Mr.Beast\n|-ability|p1a: Naganadel|Beast Boost|boost\n|-boost|p1a: Naganadel|spe|1\n|-damage|p1a: Naganadel|91\/100|[from] item: Life Orb\n|\n|upkeep\n|\n|t:|1701196921\n|switch|p2a: Masterbaiter|Banette, F|100\/100\n|turn|5\n|c|\u2606ProDPokemon|DONT\n|c|\u2606ProDPokemon|EVEN\n|c|\u2606ProDPokemon|THINK\n|c|\u2606ProDPokemon|ABOUT\n|c|\u2606ProDPokemon|IT\n|c|\u2606techninja850|ok\n|c|\u2606techninja850|i wasnt planning to\n|inactive|ProDPokemon has 120 seconds left.\n|c|\u2606ProDPokemon|HMMMMMM\n|c|\u2606ProDPokemon|idk\n|c|\u2606ProDPokemon|man\n|c|\u2606ProDPokemon|IDK\n|c|\u2606ProDPokemon|bruh\n|inactive|ProDPokemon has 90 seconds left.\n|c|\u2606ProDPokemon|i dont trust you\n|c|\u2606techninja850|u type fast lol\n|c|\u2606ProDPokemon|Ty\n|\n|t:|1701197001\n|detailschange|p2a: Masterbaiter|Banette-Mega, F\n|-mega|p2a: Masterbaiter|Banette|Banettite\n|-terastallize|p1a: Naganadel|Poison\n|move|p1a: Naganadel|Sludge Bomb|p2a: Masterbaiter\n|-resisted|p2a: Masterbaiter\n|-damage|p2a: Masterbaiter|54\/100\n|-damage|p1a: Naganadel|81\/100|[from] item: Life Orb\n|move|p2a: Masterbaiter|Knock Off|p1a: Naganadel\n|-damage|p1a: Naganadel|9\/100\n|-enditem|p1a: Naganadel|Life Orb|[from] move: Knock Off|[of] p2a: Masterbaiter\n|\n|-end|p1a: Naganadel|move: Taunt\n|upkeep\n|turn|6\n|c|\u2606ProDPokemon|Damn\n|c|\u2606ProDPokemon|:(\n|\n|t:|1701197015\n|move|p2a: Masterbaiter|Shadow Sneak|p1a: Naganadel\n|-damage|p1a: Naganadel|0 fnt\n|faint|p1a: Naganadel\n|\n|upkeep\n|\n|t:|1701197019\n|switch|p1a: Heatran|Heatran, F|100\/100\n|turn|7\n|\n|t:|1701197025\n|move|p1a: Heatran|Magma Storm|p2a: Masterbaiter\n|-damage|p2a: Masterbaiter|0 fnt\n|faint|p2a: Masterbaiter\n|\n|upkeep\n|c|\u2606techninja850|man\n|\n|t:|1701197040\n|switch|p2a: Dattebayo|Greninja, M, shiny|100\/100\n|turn|8\n|inactive|ProDPokemon has 90 seconds left.\n|\n|t:|1701197052\n|switch|p1a: Dhelmise|Dhelmise|100\/100\n|move|p2a: Dattebayo|Scald|p1a: Dhelmise\n|-start|p2a: Dattebayo|typechange|Water|[from] ability: Protean\n|-resisted|p1a: Dhelmise\n|-damage|p1a: Dhelmise|80\/100\n|\n|upkeep\n|turn|9\n|\n|t:|1701197062\n|switch|p2a: Ms.Hatter|Hatterene, F|100\/100\n|move|p1a: Dhelmise|Power Whip|p2a: Ms.Hatter\n|-damage|p2a: Ms.Hatter|26\/100\n|\n|-heal|p2a: Ms.Hatter|32\/100|[from] item: Leftovers\n|upkeep\n|turn|10\n|\n|t:|1701197069\n|move|p1a: Dhelmise|Power Whip|p2a: Ms.Hatter\n|-damage|p2a: Ms.Hatter|0 fnt\n|faint|p2a: Ms.Hatter\n|\n|upkeep\n|\n|t:|1701197072\n|switch|p2a: Oshiwashi :3|Oshawott, M|100\/100\n|turn|11\n|\n|t:|1701197077\n|move|p1a: Dhelmise|Power Whip|p2a: Oshiwashi :3\n|-supereffective|p2a: Oshiwashi :3\n|-enditem|p2a: Oshiwashi :3|Focus Sash\n|-damage|p2a: Oshiwashi :3|1\/100\n|move|p2a: Oshiwashi :3|Avalanche|p1a: Dhelmise\n|-supereffective|p1a: Dhelmise\n|-damage|p1a: Dhelmise|29\/100\n|\n|upkeep\n|turn|12\n|inactive|ProDPokemon has 120 seconds left.\n|\n|t:|1701197087\n|move|p2a: Oshiwashi :3|Aqua Jet|p1a: Dhelmise\n|-resisted|p1a: Dhelmise\n|-damage|p1a: Dhelmise|22\/100\n|move|p1a: Dhelmise|Power Whip|p2a: Oshiwashi :3\n|-supereffective|p2a: Oshiwashi :3\n|-damage|p2a: Oshiwashi :3|0 fnt\n|faint|p2a: Oshiwashi :3\n|\n|upkeep\n|c|\u2606ProDPokemon|ha?\n|c|\u2606ProDPokemon|but\n|c|\u2606ProDPokemon|why?\n|\n|t:|1701197095\n|switch|p2a: Dattebayo|Greninja, M, shiny|100\/100\n|turn|13\n|\n|t:|1701197099\n|move|p2a: Dattebayo|U-turn|p1a: Dhelmise\n|-start|p2a: Dattebayo|typechange|Bug|[from] ability: Protean\n|-damage|p1a: Dhelmise|0 fnt\n|faint|p1a: Dhelmise\n|\n|t:|1701197103\n|switch|p2a: Iguodala|Kingambit, M|100\/100|[from] U-turn\n|-activate|p2a: Iguodala|ability: Supreme Overlord\n|-start|p2a: Iguodala|fallen4|[silent]\n|-item|p2a: Iguodala|Air Balloon\n|\n|upkeep\n|c|\u2606techninja850|oshawott is cool\n|c|\u2606techninja850|:3\n|\n|t:|1701197114\n|switch|p1a: Rotom|Rotom-Wash|100\/100\n|turn|14\n|\n|t:|1701197118\n|move|p1a: Rotom|Will-O-Wisp|p2a: Iguodala|[miss]\n|-miss|p1a: Rotom|p2a: Iguodala\n|move|p2a: Iguodala|Swords Dance|p2a: Iguodala\n|-boost|p2a: Iguodala|atk|2\n|\n|upkeep\n|turn|15\n|c|\u2606ProDPokemon|Damn\n|c|\u2606ProDPokemon|rng\n|c|\u2606ProDPokemon|:(\n|\n|t:|1701197126\n|move|p1a: Rotom|Will-O-Wisp|p2a: Iguodala\n|-status|p2a: Iguodala|brn\n|move|p2a: Iguodala|Kowtow Cleave|p1a: Rotom\n|-damage|p1a: Rotom|25\/100\n|\n|-heal|p1a: Rotom|32\/100|[from] item: Leftovers\n|-damage|p2a: Iguodala|94\/100 brn|[from] brn\n|upkeep\n|turn|16\n|\n|t:|1701197132\n|move|p1a: Rotom|Pain Split|p2a: Iguodala\n|-sethp|p2a: Iguodala|59\/100 brn|[from] move: Pain Split|[silent]\n|-sethp|p1a: Rotom|78\/100|[from] move: Pain Split\n|move|p2a: Iguodala|Kowtow Cleave|p1a: Rotom\n|-damage|p1a: Rotom|8\/100\n|\n|-heal|p1a: Rotom|14\/100|[from] item: Leftovers\n|-damage|p2a: Iguodala|53\/100 brn|[from] brn\n|upkeep\n|turn|17\n|\n|t:|1701197138\n|move|p1a: Rotom|Hydro Pump|p2a: Iguodala\n|-damage|p2a: Iguodala|1\/100 brn\n|-enditem|p2a: Iguodala|Air Balloon\n|move|p2a: Iguodala|Kowtow Cleave|p1a: Rotom\n|-damage|p1a: Rotom|0 fnt\n|faint|p1a: Rotom\n|\n|-damage|p2a: Iguodala|0 fnt|[from] brn\n|faint|p2a: Iguodala\n|-end|p2a: Iguodala|fallen4|[silent]\n|upkeep\n|\n|t:|1701197149\n|switch|p1a: Heatran|Heatran, F|100\/100\n|switch|p2a: Dattebayo|Greninja, M, shiny|100\/100\n|turn|18\n|\n|t:|1701197155\n|-terastallize|p2a: Dattebayo|Fighting\n|move|p2a: Dattebayo|Tera Blast|p1a: Heatran|[anim] Tera Blast Fighting\n|-supereffective|p1a: Heatran\n|-damage|p1a: Heatran|59\/100\n|move|p1a: Heatran|Toxic|p2a: Dattebayo\n|-status|p2a: Dattebayo|tox\n|\n|-heal|p1a: Heatran|65\/100|[from] item: Leftovers\n|-damage|p2a: Dattebayo|95\/100 tox|[from] psn\n|upkeep\n|turn|19\n|\n|t:|1701197162\n|move|p2a: Dattebayo|Tera Blast|p1a: Heatran|[anim] Tera Blast Fighting\n|-supereffective|p1a: Heatran\n|-crit|p1a: Heatran\n|-damage|p1a: Heatran|0 fnt\n|faint|p1a: Heatran\n|\n|-damage|p2a: Dattebayo|83\/100 tox|[from] psn\n|upkeep\n|\n|t:|1701197166\n|switch|p1a: Kingambit|Kingambit, F|100\/100\n|-activate|p1a: Kingambit|ability: Supreme Overlord\n|-start|p1a: Kingambit|fallen5|[silent]\n|turn|20\n|c|\u2606techninja850|if this is tera fairy ggs\n|inactive|ProDPokemon has 120 seconds left.\n|c|\u2606ProDPokemon|FROM THE BRAVE OF THE KING\n|inactive|ProDPokemon has 90 seconds left.\n|c|\u2606ProDPokemon|\u30c1\u30fc\u30e0\u306e\u6557\u8005\u3078\n|c|\u2606ProDPokemon|\u6b7b\u306d\u3002\n|inactive|ProDPokemon has 60 seconds left.\n|\n|t:|1701197261\n|move|p2a: Dattebayo|Tera Blast|p1a: Kingambit|[anim] Tera Blast Fighting\n|-supereffective|p1a: Kingambit\n|-damage|p1a: Kingambit|0 fnt\n|faint|p1a: Kingambit\n|-end|p1a: Kingambit|fallen5|[silent]\n|\n|win|techninja850\n|raw|ProDPokemon's rating: 1242 &rarr; <strong>1221<\/strong><br \/>(-21 for losing)\n|raw|techninja850's rating: 1298 &rarr; <strong>1319<\/strong><br \/>(+21 for winning)\n","uploadtime":1701197257,"views":0,"p1id":"prodpokemon","p2id":"techninja850","formatid":"gen9nationaldexubers","rating":1221,"private":0,"password":""}