{"id":"gen9nationaldexubers-1984946616","p1":"kaiserjin","p2":"el saymon opazo","format":"[Gen 9] National Dex Ubers","log":"|j|\u2606kaiserjin\n|j|\u2606el saymon opazo\n|t:|1699313578\n|gametype|singles\n|player|p1|kaiserjin|palmer|\n|player|p2|el saymon opazo|red|\n|teamsize|p1|6\n|teamsize|p2|6\n|gen|9\n|tier|[Gen 9] National Dex Ubers\n|rule|HP Percentage Mod: HP is shown in percentages\n|rule|Endless Battle Clause: Forcing endless battles is banned\n|rule|OHKO Clause: OHKO moves are banned\n|rule|Evasion Moves Clause: Evasion moves are banned\n|rule|Evasion Items Clause: Evasion items are banned\n|rule|Species Clause: Limit one of each Pok\u00e9mon\n|rule|Sleep Clause Mod: Limit one foe put to sleep\n|rule|Mega Rayquaza Clause: You cannot mega evolve Rayquaza\n|clearpoke\n|poke|p1|Chesnaught, M|\n|poke|p1|Tinkaton, F|\n|poke|p1|Dragonite, M|\n|poke|p1|Golurk|\n|poke|p1|Indeedee, M|\n|poke|p1|Armarouge, M|\n|poke|p2|Annihilape, F|\n|poke|p2|Steelix, M|\n|poke|p2|Amoonguss, F|\n|poke|p2|Wobbuffet, F|\n|poke|p2|Xurkitree|\n|poke|p2|Bruxish, F|\n|teampreview\n|\n|t:|1699313636\n|start\n|switch|p1a: Dragonite|Dragonite, M|100\/100\n|switch|p2a: Annihilape|Annihilape, F|100\/100\n|turn|1\n|\n|t:|1699313643\n|move|p2a: Annihilape|Ice Punch|p1a: Dragonite\n|-supereffective|p1a: Dragonite\n|-damage|p1a: Dragonite|31\/100\n|-enditem|p1a: Dragonite|Weakness Policy\n|-boost|p1a: Dragonite|atk|2|[from] item: Weakness Policy\n|-boost|p1a: Dragonite|spa|2|[from] item: Weakness Policy\n|-damage|p2a: Annihilape|91\/100|[from] item: Life Orb\n|move|p1a: Dragonite|Dragon Dance|p1a: Dragonite\n|-boost|p1a: Dragonite|atk|1\n|-boost|p1a: Dragonite|spe|1\n|\n|upkeep\n|turn|2\n|\n|t:|1699313656\n|switch|p2a: Steelix|Steelix, M|100\/100\n|move|p1a: Dragonite|Outrage|p2a: Steelix\n|-resisted|p2a: Steelix\n|-damage|p2a: Steelix|55\/100\n|-damage|p1a: Dragonite|15\/100|[from] item: Rocky Helmet|[of] p2a: Steelix\n|\n|upkeep\n|turn|3\n|\n|t:|1699313674\n|move|p1a: Dragonite|Outrage|p2a: Steelix|[from]lockedmove\n|-resisted|p2a: Steelix\n|-damage|p2a: Steelix|10\/100\n|-damage|p1a: Dragonite|0 fnt|[from] item: Rocky Helmet|[of] p2a: Steelix\n|faint|p1a: Dragonite\n|move|p2a: Steelix|Stealth Rock|p1: Dragonite\n|-sidestart|p1: kaiserjin|move: Stealth Rock\n|\n|upkeep\n|\n|t:|1699313687\n|switch|p1a: Chesnaught|Chesnaught, M, shiny|100\/100\n|-damage|p1a: Chesnaught|95\/100|[from] Stealth Rock\n|turn|4\n|\n|t:|1699313696\n|switch|p2a: Annihilape|Annihilape, F|91\/100\n|move|p1a: Chesnaught|Bulk Up|p1a: Chesnaught\n|-boost|p1a: Chesnaught|atk|1\n|-boost|p1a: Chesnaught|def|1\n|\n|-heal|p1a: Chesnaught|100\/100|[from] item: Leftovers\n|upkeep\n|turn|5\n|\n|t:|1699313705\n|move|p1a: Chesnaught|Spiky Shield|p1a: Chesnaught\n|-singleturn|p1a: Chesnaught|move: Protect\n|move|p2a: Annihilape|Ice Punch|p1a: Chesnaught\n|-activate|p1a: Chesnaught|move: Protect\n|-damage|p2a: Annihilape|78\/100|[from] Spiky Shield|[of] p1a: Chesnaught\n|\n|upkeep\n|turn|6\n|\n|t:|1699313719\n|move|p2a: Annihilape|Ice Punch|p1a: Chesnaught\n|-supereffective|p1a: Chesnaught\n|-damage|p1a: Chesnaught|69\/100\n|-damage|p2a: Annihilape|68\/100|[from] item: Life Orb\n|move|p1a: Chesnaught|Seed Bomb|p2a: Annihilape\n|-damage|p2a: Annihilape|0 fnt\n|faint|p2a: Annihilape\n|\n|-heal|p1a: Chesnaught|75\/100|[from] item: Leftovers\n|upkeep\n|\n|t:|1699313728\n|switch|p2a: Bruxish|Bruxish, F|100\/100\n|turn|7\n|\n|t:|1699313738\n|move|p1a: Chesnaught|Spiky Shield|p1a: Chesnaught\n|-singleturn|p1a: Chesnaught|move: Protect\n|move|p2a: Bruxish|Psychic Fangs|p1a: Chesnaught\n|-activate|p1a: Chesnaught|move: Protect\n|-damage|p2a: Bruxish|88\/100|[from] Spiky Shield|[of] p1a: Chesnaught\n|\n|-heal|p1a: Chesnaught|81\/100|[from] item: Leftovers\n|upkeep\n|turn|8\n|\n|t:|1699313748\n|move|p2a: Bruxish|Psychic Fangs|p1a: Chesnaught\n|-supereffective|p1a: Chesnaught\n|-damage|p1a: Chesnaught|20\/100\n|move|p1a: Chesnaught|Seed Bomb|p2a: Bruxish\n|-supereffective|p2a: Bruxish\n|-damage|p2a: Bruxish|0 fnt\n|faint|p2a: Bruxish\n|\n|-heal|p1a: Chesnaught|26\/100|[from] item: Leftovers\n|upkeep\n|\n|t:|1699313760\n|switch|p2a: Amoonguss|Amoonguss, F|100\/100\n|turn|9\n|\n|t:|1699313766\n|move|p1a: Chesnaught|Spiky Shield|p1a: Chesnaught\n|-singleturn|p1a: Chesnaught|move: Protect\n|move|p2a: Amoonguss|Toxic|p1a: Chesnaught\n|-activate|p1a: Chesnaught|move: Protect\n|\n|-heal|p1a: Chesnaught|32\/100|[from] item: Leftovers\n|upkeep\n|turn|10\n|\n|t:|1699313776\n|move|p1a: Chesnaught|Bulk Up|p1a: Chesnaught\n|-boost|p1a: Chesnaught|atk|1\n|-boost|p1a: Chesnaught|def|1\n|move|p2a: Amoonguss|Toxic|p1a: Chesnaught\n|-status|p1a: Chesnaught|tox\n|\n|-heal|p1a: Chesnaught|38\/100 tox|[from] item: Leftovers\n|-damage|p1a: Chesnaught|32\/100 tox|[from] psn\n|upkeep\n|turn|11\n|\n|t:|1699313785\n|move|p2a: Amoonguss|Protect|p2a: Amoonguss\n|-singleturn|p2a: Amoonguss|Protect\n|move|p1a: Chesnaught|Drain Punch|p2a: Amoonguss\n|-activate|p2a: Amoonguss|move: Protect\n|\n|-heal|p1a: Chesnaught|38\/100 tox|[from] item: Leftovers\n|-damage|p1a: Chesnaught|26\/100 tox|[from] psn\n|upkeep\n|turn|12\n|\n|t:|1699313796\n|move|p1a: Chesnaught|Drain Punch|p2a: Amoonguss\n|-resisted|p2a: Amoonguss\n|-damage|p2a: Amoonguss|58\/100\n|-heal|p1a: Chesnaught|55\/100 tox|[from] drain|[of] p2a: Amoonguss\n|move|p2a: Amoonguss|Clear Smog|p1a: Chesnaught\n|-supereffective|p1a: Chesnaught\n|-damage|p1a: Chesnaught|17\/100 tox\n|-clearboost|p1a: Chesnaught\n|\n|-heal|p1a: Chesnaught|23\/100 tox|[from] item: Leftovers\n|-heal|p2a: Amoonguss|65\/100|[from] item: Black Sludge\n|-damage|p1a: Chesnaught|5\/100 tox|[from] psn\n|upkeep\n|turn|13\n|\n|t:|1699313828\n|move|p2a: Amoonguss|Protect|p2a: Amoonguss\n|-singleturn|p2a: Amoonguss|Protect\n|move|p1a: Chesnaught|Drain Punch|p2a: Amoonguss\n|-activate|p2a: Amoonguss|move: Protect\n|\n|-heal|p1a: Chesnaught|11\/100 tox|[from] item: Leftovers\n|-heal|p2a: Amoonguss|71\/100|[from] item: Black Sludge\n|-damage|p1a: Chesnaught|0 fnt|[from] psn\n|faint|p1a: Chesnaught\n|upkeep\n|\n|t:|1699313849\n|switch|p1a: Tinkaton|Tinkaton, F|100\/100\n|-damage|p1a: Tinkaton|94\/100|[from] Stealth Rock\n|-ability|p1a: Tinkaton|Mold Breaker\n|turn|14\n|\n|t:|1699313871\n|switch|p2a: Steelix|Steelix, M|10\/100\n|move|p1a: Tinkaton|Encore||[still]\n|-fail|p1a: Tinkaton\n|\n|-heal|p1a: Tinkaton|100\/100|[from] item: Leftovers\n|upkeep\n|turn|15\n|\n|t:|1699313880\n|move|p1a: Tinkaton|Knock Off|p2a: Steelix\n|-crit|p2a: Steelix\n|-damage|p2a: Steelix|0 fnt\n|-damage|p1a: Tinkaton|84\/100|[from] item: Rocky Helmet|[of] p2a: Steelix\n|-enditem|p2a: Steelix|Rocky Helmet|[from] move: Knock Off|[of] p1a: Tinkaton\n|faint|p2a: Steelix\n|\n|-heal|p1a: Tinkaton|90\/100|[from] item: Leftovers\n|upkeep\n|\n|t:|1699313889\n|switch|p2a: Wobbuffet|Wobbuffet, F|100\/100\n|turn|16\n|\n|t:|1699313894\n|move|p1a: Tinkaton|Thunder Wave|p2a: Wobbuffet\n|-status|p2a: Wobbuffet|par\n|move|p2a: Wobbuffet|Counter||[still]\n|-fail|p2a: Wobbuffet\n|\n|-heal|p1a: Tinkaton|96\/100|[from] item: Leftovers\n|upkeep\n|turn|17\n|\n|t:|1699313907\n|move|p1a: Tinkaton|Knock Off|p2a: Wobbuffet\n|-supereffective|p2a: Wobbuffet\n|-damage|p2a: Wobbuffet|69\/100 par\n|-enditem|p2a: Wobbuffet|Leftovers|[from] move: Knock Off|[of] p1a: Tinkaton\n|cant|p2a: Wobbuffet|par\n|\n|-heal|p1a: Tinkaton|100\/100|[from] item: Leftovers\n|upkeep\n|turn|18\n|\n|t:|1699313923\n|move|p1a: Tinkaton|Gigaton Hammer|p2a: Wobbuffet\n|-damage|p2a: Wobbuffet|28\/100 par\n|move|p2a: Wobbuffet|Counter|p1a: Tinkaton\n|-damage|p1a: Tinkaton|0 fnt\n|faint|p1a: Tinkaton\n|\n|upkeep\n|\n|t:|1699313956\n|switch|p1a: Armarouge|Armarouge, M|100\/100\n|-damage|p1a: Armarouge|76\/100|[from] Stealth Rock\n|turn|19\n|\n|t:|1699313962\n|move|p1a: Armarouge|Armor Cannon|p2a: Wobbuffet\n|-crit|p2a: Wobbuffet\n|-damage|p2a: Wobbuffet|0 fnt\n|-unboost|p1a: Armarouge|def|1\n|-unboost|p1a: Armarouge|spd|1\n|faint|p2a: Wobbuffet\n|\n|upkeep\n|\n|t:|1699313967\n|switch|p2a: Xurkitree|Xurkitree|100\/100\n|-item|p2a: Xurkitree|Air Balloon\n|turn|20\n|\n|t:|1699313983\n|move|p1a: Armarouge|Endure|p1a: Armarouge\n|-singleturn|p1a: Armarouge|move: Endure\n|move|p2a: Xurkitree|Tail Glow|p2a: Xurkitree\n|-boost|p2a: Xurkitree|spa|3\n|\n|upkeep\n|turn|21\n|\n|t:|1699313994\n|move|p2a: Xurkitree|Thunderbolt|p1a: Armarouge\n|-crit|p1a: Armarouge\n|-damage|p1a: Armarouge|0 fnt\n|faint|p1a: Armarouge\n|-ability|p2a: Xurkitree|Beast Boost|boost\n|-boost|p2a: Xurkitree|spa|1\n|\n|upkeep\n|\n|t:|1699314000\n|switch|p1a: Indeedee|Indeedee, M|100\/100\n|-damage|p1a: Indeedee|88\/100|[from] Stealth Rock\n|-fieldstart|move: Psychic Terrain|[from] ability: Psychic Surge|[of] p1a: Indeedee\n|turn|22\n|\n|t:|1699314007\n|move|p2a: Xurkitree|Thunderbolt|p1a: Indeedee\n|-damage|p1a: Indeedee|0 fnt\n|faint|p1a: Indeedee\n|-ability|p2a: Xurkitree|Beast Boost|boost\n|-boost|p2a: Xurkitree|spa|1\n|\n|upkeep\n|\n|t:|1699314012\n|switch|p1a: Golurk|Golurk|100\/100\n|-damage|p1a: Golurk|94\/100|[from] Stealth Rock\n|turn|23\n|\n|t:|1699314059\n|move|p2a: Xurkitree|Energy Ball|p1a: Golurk\n|-supereffective|p1a: Golurk\n|-damage|p1a: Golurk|0 fnt\n|faint|p1a: Golurk\n|\n|win|el saymon opazo\n|c|\u2606el saymon opazo|gg\n","uploadtime":1699314067,"views":5,"p1id":"kaiserjin","p2id":"elsaymonopazo","formatid":"gen9nationaldexubers","rating":0,"private":0,"password":""}