{"id":"gen9nationaldexubers-1978530176","p1":"Pipeso","p2":"aguinaldo124","format":"[Gen 9] National Dex Ubers","log":"|j|\u2606Pipeso\n|j|\u2606aguinaldo124\n|t:|1698551263\n|gametype|singles\n|player|p1|Pipeso|hilbert|1000\n|player|p2|aguinaldo124|red|1032\n|teamsize|p1|6\n|teamsize|p2|6\n|gen|9\n|tier|[Gen 9] National Dex Ubers\n|rated|\n|rule|HP Percentage Mod: HP is shown in percentages\n|rule|Endless Battle Clause: Forcing endless battles is banned\n|rule|OHKO Clause: OHKO moves are banned\n|rule|Evasion Moves Clause: Evasion moves are banned\n|rule|Evasion Items Clause: Evasion items are banned\n|rule|Species Clause: Limit one of each Pok\u00e9mon\n|rule|Sleep Clause Mod: Limit one foe put to sleep\n|rule|Mega Rayquaza Clause: You cannot mega evolve Rayquaza\n|clearpoke\n|poke|p1|Raichu-Alola, M|\n|poke|p1|Glaceon, F|\n|poke|p1|Tyrantrum, M|\n|poke|p1|Lycanroc-Midnight, M|\n|poke|p1|Dragapult, M|\n|poke|p1|Ursaluna, M|\n|poke|p2|Hatterene, F|\n|poke|p2|Marowak-Alola, M|\n|poke|p2|Slowking-Galar, F|\n|poke|p2|Ursaluna, M|\n|poke|p2|Goodra-Hisui, F|\n|poke|p2|Basculegion, M|\n|teampreview\n|inactive|Battle timer is ON: inactive players will automatically lose when time's up. (requested by aguinaldo124)\n|\n|t:|1698551269\n|start\n|switch|p1a: Raichu|Raichu-Alola, M|100\/100\n|switch|p2a: Hatterene|Hatterene, F|100\/100\n|turn|1\n|\n|t:|1698551276\n|move|p1a: Raichu|Thunderbolt|p2a: Hatterene\n|-crit|p2a: Hatterene\n|-damage|p2a: Hatterene|42\/100\n|move|p2a: Hatterene|Trick Room|p2a: Hatterene\n|-fieldstart|move: Trick Room|[of] p2a: Hatterene\n|\n|-heal|p2a: Hatterene|48\/100|[from] item: Leftovers\n|upkeep\n|turn|2\n|\n|t:|1698551285\n|move|p2a: Hatterene|Calm Mind|p2a: Hatterene\n|-boost|p2a: Hatterene|spa|1\n|-boost|p2a: Hatterene|spd|1\n|move|p1a: Raichu|Surf|p2a: Hatterene\n|-damage|p2a: Hatterene|29\/100\n|\n|-heal|p2a: Hatterene|35\/100|[from] item: Leftovers\n|upkeep\n|turn|3\n|\n|t:|1698551296\n|move|p2a: Hatterene|Calm Mind|p2a: Hatterene\n|-boost|p2a: Hatterene|spa|1\n|-boost|p2a: Hatterene|spd|1\n|move|p1a: Raichu|Thunderbolt|p2a: Hatterene\n|-damage|p2a: Hatterene|14\/100\n|\n|-heal|p2a: Hatterene|20\/100|[from] item: Leftovers\n|upkeep\n|turn|4\n|\n|t:|1698551304\n|move|p2a: Hatterene|Draining Kiss|p1a: Raichu\n|-damage|p1a: Raichu|8\/100\n|-heal|p2a: Hatterene|91\/100|[from] drain|[of] p1a: Raichu\n|move|p1a: Raichu|Surf|p2a: Hatterene\n|-damage|p2a: Hatterene|79\/100\n|\n|-heal|p2a: Hatterene|84\/100|[from] item: Leftovers\n|upkeep\n|turn|5\n|\n|t:|1698551314\n|move|p2a: Hatterene|Draining Kiss|p1a: Raichu\n|-damage|p1a: Raichu|0 fnt\n|-heal|p2a: Hatterene|90\/100|[from] drain|[of] p1a: Raichu\n|faint|p1a: Raichu\n|\n|-heal|p2a: Hatterene|96\/100|[from] item: Leftovers\n|-fieldend|move: Trick Room\n|upkeep\n|\n|t:|1698551322\n|switch|p1a: Glaceon|Glaceon, F|100\/100\n|turn|6\n|\n|t:|1698551326\n|move|p1a: Glaceon|Ice Beam|p2a: Hatterene\n|-damage|p2a: Hatterene|71\/100\n|move|p2a: Hatterene|Trick Room|p2a: Hatterene\n|-fieldstart|move: Trick Room|[of] p2a: Hatterene\n|\n|-heal|p2a: Hatterene|77\/100|[from] item: Leftovers\n|upkeep\n|turn|7\n|\n|t:|1698551334\n|switch|p1a: Lycanroc|Lycanroc-Midnight, M|100\/100\n|move|p2a: Hatterene|Mystical Fire|p1a: Lycanroc\n|-resisted|p1a: Lycanroc\n|-damage|p1a: Lycanroc|63\/100\n|-unboost|p1a: Lycanroc|spa|1\n|\n|-heal|p2a: Hatterene|83\/100|[from] item: Leftovers\n|upkeep\n|turn|8\n|\n|t:|1698551345\n|move|p2a: Hatterene|Draining Kiss|p1a: Lycanroc\n|-damage|p1a: Lycanroc|0 fnt\n|-heal|p2a: Hatterene|100\/100|[from] drain|[of] p1a: Lycanroc\n|faint|p1a: Lycanroc\n|\n|upkeep\n|-message|Pipeso forfeited.\n|\n|win|aguinaldo124\n|raw|Pipeso's rating: 1000 &rarr; <strong>1000<\/strong><br \/>(+0 for losing)\n|raw|aguinaldo124's rating: 1032 &rarr; <strong>1064<\/strong><br \/>(+32 for winning)\n|l|\u2606Pipeso\n","uploadtime":1698551353,"views":14,"p1id":"pipeso","p2id":"aguinaldo124","formatid":"gen9nationaldexubers","rating":1000,"private":0,"password":""}