{"id":"gen9nationaldexubers-1998772325","p1":"lovejuniper6752","p2":"Trainitar7","format":"[Gen 9] National Dex Ubers","log":"|j|\u2606lovejuniper6752\n|j|\u2606Trainitar7\n|t:|1700987636\n|gametype|singles\n|player|p1|lovejuniper6752|266|1335\n|player|p2|Trainitar7|ninjaboy|1211\n|teamsize|p1|6\n|teamsize|p2|6\n|gen|9\n|tier|[Gen 9] National Dex Ubers\n|rated|\n|rule|HP Percentage Mod: HP is shown in percentages\n|rule|Endless Battle Clause: Forcing endless battles is banned\n|rule|OHKO Clause: OHKO moves are banned\n|rule|Evasion Moves Clause: Evasion moves are banned\n|rule|Evasion Items Clause: Evasion items are banned\n|rule|Species Clause: Limit one of each Pok\u00e9mon\n|rule|Sleep Clause Mod: Limit one foe put to sleep\n|rule|Mega Rayquaza Clause: You cannot mega evolve Rayquaza\n|clearpoke\n|poke|p1|Glimmora, M|\n|poke|p1|Togekiss, F|\n|poke|p1|Urshifu-*, M|\n|poke|p1|Garchomp, M|\n|poke|p1|Primarina, F|\n|poke|p1|Charizard, M|\n|poke|p2|Xerneas-*|\n|poke|p2|Marshadow|\n|poke|p2|Groudon|\n|poke|p2|Deoxys-Speed|\n|poke|p2|Necrozma-Dusk-Mane|\n|poke|p2|Pheromosa|\n|teampreview\n|inactive|Battle timer is ON: inactive players will automatically lose when time's up. (requested by Trainitar7)\n|\n|t:|1700987640\n|start\n|switch|p1a: Togekiss|Togekiss, F|100\/100\n|switch|p2a: Deoxys|Deoxys-Speed, shiny|100\/100\n|-ability|p2a: Deoxys|Pressure\n|turn|1\n|\n|t:|1700987646\n|switch|p2a: Necrozma|Necrozma-Dusk-Mane, shiny|100\/100\n|move|p1a: Togekiss|Magic Coat|p1a: Togekiss\n|-singleturn|p1a: Togekiss|move: Magic Coat\n|\n|upkeep\n|turn|2\n|\n|t:|1700987650\n|move|p1a: Togekiss|Thunder Wave|p2a: Necrozma\n|-status|p2a: Necrozma|par\n|move|p2a: Necrozma|Dragon Dance|p2a: Necrozma\n|-boost|p2a: Necrozma|atk|1\n|-boost|p2a: Necrozma|spe|1\n|\n|upkeep\n|turn|3\n|\n|t:|1700987655\n|move|p1a: Togekiss|Air Slash|p2a: Necrozma\n|-resisted|p2a: Necrozma\n|-damage|p2a: Necrozma|85\/100 par\n|cant|p2a: Necrozma|flinch\n|\n|upkeep\n|turn|4\n|\n|t:|1700987659\n|move|p1a: Togekiss|Air Slash|p2a: Necrozma\n|-resisted|p2a: Necrozma\n|-damage|p2a: Necrozma|69\/100 par\n|move|p2a: Necrozma|Sunsteel Strike|p1a: Togekiss\n|-supereffective|p1a: Togekiss\n|-damage|p1a: Togekiss|0 fnt\n|faint|p1a: Togekiss\n|\n|upkeep\n|\n|t:|1700987664\n|switch|p1a: Glimmora|Glimmora, M|100\/100\n|turn|5\n|inactive|Trainitar7 has 120 seconds left.\n|\n|t:|1700987701\n|switch|p2a: Pheromosa|Pheromosa, shiny|100\/100\n|move|p1a: Glimmora|Stealth Rock|p2a: Pheromosa\n|-sidestart|p2: Trainitar7|move: Stealth Rock\n|\n|upkeep\n|turn|6\n|\n|t:|1700987706\n|move|p1a: Glimmora|Spiky Shield|p1a: Glimmora\n|-singleturn|p1a: Glimmora|move: Protect\n|move|p2a: Pheromosa|Taunt|p1a: Glimmora\n|-activate|p1a: Glimmora|move: Protect\n|\n|upkeep\n|turn|7\n|\n|t:|1700987716\n|move|p2a: Pheromosa|Taunt|p1a: Glimmora\n|-start|p1a: Glimmora|move: Taunt\n|move|p1a: Glimmora|Mortal Spin|p2a: Pheromosa\n|-damage|p2a: Pheromosa|82\/100\n|-status|p2a: Pheromosa|psn\n|\n|-damage|p2a: Pheromosa|70\/100 psn|[from] psn\n|upkeep\n|turn|8\n|\n|t:|1700987727\n|move|p2a: Pheromosa|Close Combat|p1a: Glimmora\n|-damage|p1a: Glimmora|23\/100\n|-unboost|p2a: Pheromosa|def|1\n|-unboost|p2a: Pheromosa|spd|1\n|-activate|p1a: Glimmora|ability: Toxic Debris\n|-sidestart|p2: Trainitar7|move: Toxic Spikes\n|-damage|p2a: Pheromosa|60\/100 psn|[from] item: Life Orb\n|move|p1a: Glimmora|Mortal Spin|p2a: Pheromosa\n|-damage|p2a: Pheromosa|33\/100 psn\n|\n|-damage|p2a: Pheromosa|20\/100 psn|[from] psn\n|upkeep\n|turn|9\n|\n|t:|1700987741\n|-terastallize|p1a: Glimmora|Ghost\n|move|p2a: Pheromosa|Close Combat|p1a: Glimmora\n|-immune|p1a: Glimmora\n|move|p1a: Glimmora|Mortal Spin|p2a: Pheromosa\n|-damage|p2a: Pheromosa|0 fnt\n|faint|p2a: Pheromosa\n|\n|-end|p1a: Glimmora|move: Taunt\n|upkeep\n|\n|t:|1700987751\n|switch|p2a: Xerneas|Xerneas|100\/100\n|-damage|p2a: Xerneas|88\/100|[from] Stealth Rock\n|-status|p2a: Xerneas|psn\n|-ability|p2a: Xerneas|Fairy Aura\n|turn|10\n|\n|t:|1700987759\n|-terastallize|p2a: Xerneas|Fire\n|move|p1a: Glimmora|Memento|p2a: Xerneas\n|-unboost|p2a: Xerneas|atk|2\n|-unboost|p2a: Xerneas|spa|2\n|faint|p1a: Glimmora\n|move|p2a: Xerneas|Geomancy||[still]\n|-prepare|p2a: Xerneas|Geomancy\n|-enditem|p2a: Xerneas|Power Herb\n|-anim|p2a: Xerneas|Geomancy|p2a: Xerneas\n|-boost|p2a: Xerneas|spa|2\n|-boost|p2a: Xerneas|spd|2\n|-boost|p2a: Xerneas|spe|2\n|\n|-damage|p2a: Xerneas|75\/100 psn|[from] psn\n|upkeep\n|\n|t:|1700987771\n|switch|p1a: Garchomp|Garchomp, M|100\/100\n|turn|11\n|\n|t:|1700987778\n|move|p2a: Xerneas|Moonblast|p1a: Garchomp\n|-supereffective|p1a: Garchomp\n|-damage|p1a: Garchomp|0 fnt\n|faint|p1a: Garchomp\n|\n|-damage|p2a: Xerneas|63\/100 psn|[from] psn\n|upkeep\n|\n|t:|1700987781\n|switch|p1a: Primarina|Primarina, F|100\/100\n|turn|12\n|\n|t:|1700987785\n|move|p2a: Xerneas|Moonblast|p1a: Primarina\n|-damage|p1a: Primarina|37\/100\n|-zpower|p1a: Primarina\n|move|p1a: Primarina|Oceanic Operetta|p2a: Xerneas|[zeffect]\n|-supereffective|p2a: Xerneas\n|-damage|p2a: Xerneas|0 fnt\n|faint|p2a: Xerneas\n|\n|upkeep\n|\n|t:|1700987788\n|switch|p2a: Groudon|Groudon, shiny|100\/100\n|-damage|p2a: Groudon|94\/100|[from] Stealth Rock\n|-status|p2a: Groudon|psn\n|detailschange|p2a: Groudon|Groudon-Primal, shiny\n|-primal|p2a: Groudon|Red Orb\n|-weather|DesolateLand|[from] ability: Desolate Land|[of] p2a: Groudon\n|turn|13\n|\n|t:|1700987798\n|move|p2a: Groudon|Solar Beam||[still]\n|-prepare|p2a: Groudon|Solar Beam\n|-anim|p2a: Groudon|Solar Beam|p1a: Primarina\n|-supereffective|p1a: Primarina\n|-damage|p1a: Primarina|0 fnt\n|faint|p1a: Primarina\n|\n|-weather|DesolateLand|[upkeep]\n|-damage|p2a: Groudon|82\/100 psn|[from] psn\n|upkeep\n|\n|t:|1700987803\n|switch|p1a: Urshifu|Urshifu, M|100\/100\n|turn|14\n|\n|t:|1700987806\n|move|p2a: Groudon|Flamethrower|p1a: Urshifu\n|-enditem|p1a: Urshifu|Focus Sash\n|-damage|p1a: Urshifu|1\/100\n|move|p1a: Urshifu|Counter||[still]\n|-fail|p1a: Urshifu\n|\n|-weather|DesolateLand|[upkeep]\n|-damage|p2a: Groudon|70\/100 psn|[from] psn\n|upkeep\n|turn|15\n|\n|t:|1700987813\n|move|p1a: Urshifu|Wicked Blow|p2a: Groudon\n|-crit|p2a: Groudon\n|-damage|p2a: Groudon|27\/100 psn\n|move|p2a: Groudon|Flamethrower|p1a: Urshifu\n|-damage|p1a: Urshifu|0 fnt\n|faint|p1a: Urshifu\n|\n|-weather|DesolateLand|[upkeep]\n|-damage|p2a: Groudon|15\/100 psn|[from] psn\n|upkeep\n|\n|t:|1700987818\n|switch|p1a: Charizard|Charizard, M|100\/100\n|turn|16\n|\n|t:|1700987821\n|move|p1a: Charizard|Dragon Dance|p1a: Charizard\n|-boost|p1a: Charizard|atk|1\n|-boost|p1a: Charizard|spe|1\n|move|p2a: Groudon|Flamethrower|p1a: Charizard\n|-resisted|p1a: Charizard\n|-damage|p1a: Charizard|49\/100\n|\n|-weather|DesolateLand|[upkeep]\n|-damage|p2a: Groudon|3\/100 psn|[from] psn\n|upkeep\n|turn|17\n|\n|t:|1700987829\n|detailschange|p1a: Charizard|Charizard-Mega-X, M\n|-mega|p1a: Charizard|Charizard|Charizardite X\n|move|p1a: Charizard|Dragon Claw|p2a: Groudon\n|-damage|p2a: Groudon|0 fnt\n|faint|p2a: Groudon\n|-weather|none\n|\n|upkeep\n|\n|t:|1700987840\n|switch|p2a: Necrozma|Necrozma-Dusk-Mane, shiny|69\/100 par\n|-damage|p2a: Necrozma|63\/100 par|[from] Stealth Rock\n|turn|18\n|\n|t:|1700987842\n|detailschange|p2a: Necrozma|Necrozma-Ultra, shiny\n|-burst|p2a: Necrozma|Necrozma|Ultranecrozium Z\n|move|p1a: Charizard|Flare Blitz|p2a: Necrozma\n|-resisted|p2a: Necrozma\n|-damage|p2a: Necrozma|0 fnt\n|faint|p2a: Necrozma\n|-damage|p1a: Charizard|26\/100|[from] Recoil\n|\n|upkeep\n|\n|t:|1700987849\n|switch|p2a: Deoxys|Deoxys-Speed, shiny|100\/100\n|-damage|p2a: Deoxys|88\/100|[from] Stealth Rock\n|-status|p2a: Deoxys|psn\n|-ability|p2a: Deoxys|Pressure\n|turn|19\n|\n|t:|1700987853\n|move|p2a: Deoxys|Taunt|p1a: Charizard\n|-start|p1a: Charizard|move: Taunt\n|move|p1a: Charizard|Dragon Claw|p2a: Deoxys\n|-damage|p2a: Deoxys|0 fnt\n|faint|p2a: Deoxys\n|\n|upkeep\n|\n|t:|1700987858\n|switch|p2a: Marshadow|Marshadow|100\/100\n|-damage|p2a: Marshadow|94\/100|[from] Stealth Rock\n|-status|p2a: Marshadow|psn\n|turn|20\n|\n|t:|1700987860\n|move|p2a: Marshadow|Shadow Sneak|p1a: Charizard\n|-damage|p1a: Charizard|0 fnt\n|faint|p1a: Charizard\n|\n|win|Trainitar7\n|raw|lovejuniper6752's rating: 1335 &rarr; <strong>1308<\/strong><br \/>(-27 for losing)\n|raw|Trainitar7's rating: 1211 &rarr; <strong>1245<\/strong><br \/>(+34 for winning)\n|l|\u2606lovejuniper6752\n","uploadtime":1700987864,"views":1,"p1id":"lovejuniper6752","p2id":"trainitar7","formatid":"gen9nationaldexubers","rating":1245,"private":0,"password":""}