{"id":"gen9nationaldexubers-1979641600","p1":"MannyManati","p2":"vicktheemo","format":"[Gen 9] National Dex Ubers","log":"|j|\u2606MannyManati\n|j|\u2606vicktheemo\n|t:|1698699144\n|gametype|singles\n|player|p1|MannyManati|170|1079\n|player|p2|vicktheemo|1|1112\n|teamsize|p1|6\n|teamsize|p2|6\n|gen|9\n|tier|[Gen 9] National Dex Ubers\n|rated|\n|rule|HP Percentage Mod: HP is shown in percentages\n|rule|Endless Battle Clause: Forcing endless battles is banned\n|rule|OHKO Clause: OHKO moves are banned\n|rule|Evasion Moves Clause: Evasion moves are banned\n|rule|Evasion Items Clause: Evasion items are banned\n|rule|Species Clause: Limit one of each Pok\u00e9mon\n|rule|Sleep Clause Mod: Limit one foe put to sleep\n|rule|Mega Rayquaza Clause: You cannot mega evolve Rayquaza\n|clearpoke\n|poke|p1|Darmanitan-Galar, M|\n|poke|p1|Roaring Moon|\n|poke|p1|Melmetal|\n|poke|p1|Victini|\n|poke|p1|Charizard, M|\n|poke|p1|Lopunny, M|\n|poke|p2|Urshifu-*, M|\n|poke|p2|Landorus-Therian, M|\n|poke|p2|Ferrothorn, M|\n|poke|p2|Grimmsnarl, M|\n|poke|p2|Chansey, F|\n|poke|p2|Ogerpon-Hearthflame, F|\n|teampreview\n|\n|t:|1698699149\n|start\n|switch|p1a: Lopunny|Lopunny, M|100\/100\n|switch|p2a: Grimmsnarl|Grimmsnarl, M|100\/100\n|turn|1\n|\n|t:|1698699164\n|move|p1a: Lopunny|Fake Out|p2a: Grimmsnarl\n|-crit|p2a: Grimmsnarl\n|-damage|p2a: Grimmsnarl|79\/100\n|cant|p2a: Grimmsnarl|flinch\n|\n|upkeep\n|turn|2\n|\n|t:|1698699169\n|move|p2a: Grimmsnarl|Reflect|p2a: Grimmsnarl\n|-sidestart|p2: vicktheemo|Reflect\n|move|p1a: Lopunny|Switcheroo|p2a: Grimmsnarl\n|-activate|p1a: Lopunny|move: Trick|[of] p2a: Grimmsnarl\n|-item|p2a: Grimmsnarl|Flame Orb|[from] move: Switcheroo\n|-item|p1a: Lopunny|Light Clay|[from] move: Switcheroo\n|\n|-status|p2a: Grimmsnarl|brn|[from] item: Flame Orb\n|upkeep\n|turn|3\n|\n|t:|1698699176\n|move|p1a: Lopunny|Encore|p2a: Grimmsnarl\n|-start|p2a: Grimmsnarl|Encore\n|move|p2a: Grimmsnarl|Reflect||[still]\n|-fail|p2a: Grimmsnarl\n|\n|-damage|p2a: Grimmsnarl|73\/100 brn|[from] brn\n|upkeep\n|turn|4\n|\n|t:|1698699181\n|move|p2a: Grimmsnarl|Reflect||[still]\n|-fail|p2a: Grimmsnarl\n|move|p1a: Lopunny|U-turn|p2a: Grimmsnarl\n|-damage|p2a: Grimmsnarl|64\/100 brn\n|\n|t:|1698699189\n|switch|p1a: Roaring Moon|Roaring Moon|100\/100|[from] U-turn\n|-enditem|p1a: Roaring Moon|Booster Energy\n|-activate|p1a: Roaring Moon|ability: Protosynthesis|[fromitem]\n|-start|p1a: Roaring Moon|protosynthesisatk\n|\n|-damage|p2a: Grimmsnarl|58\/100 brn|[from] brn\n|upkeep\n|turn|5\n|\n|t:|1698699193\n|move|p2a: Grimmsnarl|Reflect||[still]\n|-fail|p2a: Grimmsnarl\n|move|p1a: Roaring Moon|Dragon Dance|p1a: Roaring Moon\n|-boost|p1a: Roaring Moon|atk|1\n|-boost|p1a: Roaring Moon|spe|1\n|\n|-damage|p2a: Grimmsnarl|52\/100 brn|[from] brn\n|-end|p2a: Grimmsnarl|Encore\n|upkeep\n|turn|6\n|\n|t:|1698699198\n|move|p1a: Roaring Moon|Dragon Dance|p1a: Roaring Moon\n|-boost|p1a: Roaring Moon|atk|1\n|-boost|p1a: Roaring Moon|spe|1\n|move|p2a: Grimmsnarl|Play Rough|p1a: Roaring Moon\n|-supereffective|p1a: Roaring Moon\n|-damage|p1a: Roaring Moon|13\/100\n|\n|-damage|p2a: Grimmsnarl|46\/100 brn|[from] brn\n|upkeep\n|turn|7\n|\n|t:|1698699205\n|move|p1a: Roaring Moon|Acrobatics|p2a: Grimmsnarl\n|-damage|p2a: Grimmsnarl|0 fnt\n|faint|p2a: Grimmsnarl\n|\n|upkeep\n|\n|t:|1698699212\n|switch|p2a: Ferrothorn|Ferrothorn, M|100\/100\n|turn|8\n|inactive|Battle timer is ON: inactive players will automatically lose when time's up. (requested by vicktheemo)\n|\n|t:|1698699241\n|move|p1a: Roaring Moon|Knock Off|p2a: Ferrothorn\n|-damage|p2a: Ferrothorn|56\/100\n|-damage|p1a: Roaring Moon|0 fnt|[from] ability: Iron Barbs|[of] p2a: Ferrothorn\n|faint|p1a: Roaring Moon\n|-end|p1a: Roaring Moon|Protosynthesis|[silent]\n|move|p2a: Ferrothorn|Gyro Ball|p1: Roaring Moon|[notarget]\n|-fail|p2a: Ferrothorn\n|\n|upkeep\n|\n|t:|1698699253\n|switch|p1a: Charizard|Charizard, M|100\/100\n|turn|9\n|\n|t:|1698699265\n|switch|p2a: Chansey|Chansey, F|100\/100\n|detailschange|p1a: Charizard|Charizard-Mega-X, M\n|-mega|p1a: Charizard|Charizard|Charizardite X\n|move|p1a: Charizard|Dragon Dance|p1a: Charizard\n|-boost|p1a: Charizard|atk|1\n|-boost|p1a: Charizard|spe|1\n|\n|-sideend|p2: vicktheemo|Reflect\n|upkeep\n|turn|10\n|\n|t:|1698699274\n|move|p1a: Charizard|Flare Blitz|p2a: Chansey\n|-damage|p2a: Chansey|17\/100\n|-damage|p1a: Charizard|36\/100|[from] Recoil\n|move|p2a: Chansey|Counter|p1a: Charizard\n|-damage|p1a: Charizard|0 fnt\n|faint|p1a: Charizard\n|\n|upkeep\n|\n|t:|1698699281\n|switch|p1a: Darmanitan|Darmanitan-Galar, M|100\/100\n|turn|11\n|\n|t:|1698699284\n|switch|p2a: Ferrothorn|Ferrothorn, M|56\/100\n|move|p1a: Darmanitan|Belly Drum|p1a: Darmanitan\n|-damage|p1a: Darmanitan|50\/100\n|-setboost|p1a: Darmanitan|atk|6|[from] move: Belly Drum\n|-enditem|p1a: Darmanitan|Sitrus Berry|[eat]\n|-heal|p1a: Darmanitan|75\/100|[from] item: Sitrus Berry\n|\n|upkeep\n|turn|12\n|\n|t:|1698699293\n|move|p1a: Darmanitan|Fire Punch|p2a: Ferrothorn\n|-supereffective|p2a: Ferrothorn\n|-damage|p2a: Ferrothorn|0 fnt\n|-damage|p1a: Darmanitan|63\/100|[from] ability: Iron Barbs|[of] p2a: Ferrothorn\n|-damage|p1a: Darmanitan|47\/100|[from] item: Rocky Helmet|[of] p2a: Ferrothorn\n|faint|p2a: Ferrothorn\n|\n|-formechange|p1a: Darmanitan|Darmanitan-Galar-Zen|\n|upkeep\n|\n|t:|1698699304\n|switch|p2a: Landorus|Landorus-Therian, M|100\/100\n|-ability|p2a: Landorus|Intimidate|boost\n|-unboost|p1a: Darmanitan|atk|1\n|turn|13\n|\n|t:|1698699308\n|move|p2a: Landorus|Earthquake|p1a: Darmanitan\n|-supereffective|p1a: Darmanitan\n|-damage|p1a: Darmanitan|0 fnt\n|faint|p1a: Darmanitan\n|\n|upkeep\n|\n|t:|1698699313\n|switch|p1a: Lopunny|Lopunny, M|100\/100\n|turn|14\n|\n|t:|1698699315\n|move|p1a: Lopunny|Fake Out|p2a: Landorus\n|-damage|p2a: Landorus|86\/100\n|cant|p2a: Landorus|flinch\n|\n|upkeep\n|turn|15\n|\n|t:|1698699318\n|move|p2a: Landorus|Earthquake|p1a: Lopunny\n|-damage|p1a: Lopunny|32\/100\n|move|p1a: Lopunny|Switcheroo|p2a: Landorus\n|-activate|p1a: Lopunny|move: Trick|[of] p2a: Landorus\n|-item|p2a: Landorus|Light Clay|[from] move: Switcheroo\n|-item|p1a: Lopunny|Choice Scarf|[from] move: Switcheroo\n|\n|upkeep\n|turn|16\n|\n|t:|1698699327\n|move|p1a: Lopunny|U-turn|p2a: Landorus\n|-resisted|p2a: Landorus\n|-damage|p2a: Landorus|77\/100\n|\n|t:|1698699333\n|switch|p1a: Melmetal|Melmetal|100\/100|[from] U-turn\n|move|p2a: Landorus|Earthquake|p1a: Melmetal\n|-supereffective|p1a: Melmetal\n|-damage|p1a: Melmetal|41\/100\n|\n|upkeep\n|turn|17\n|\n|t:|1698699342\n|move|p2a: Landorus|Earthquake|p1a: Melmetal\n|-supereffective|p1a: Melmetal\n|-damage|p1a: Melmetal|0 fnt\n|faint|p1a: Melmetal\n|\n|upkeep\n|\n|t:|1698699344\n|switch|p1a: Lopunny|Lopunny, M|32\/100\n|turn|18\n|\n|t:|1698699358\n|move|p1a: Lopunny|Fake Out|p2a: Landorus\n|-damage|p2a: Landorus|64\/100\n|cant|p2a: Landorus|flinch\n|\n|upkeep\n|turn|19\n|\n|t:|1698699368\n|move|p1a: Lopunny|Encore|p2a: Landorus\n|-start|p2a: Landorus|Encore\n|move|p2a: Landorus|Earthquake|p1a: Lopunny\n|-damage|p1a: Lopunny|0 fnt\n|faint|p1a: Lopunny\n|\n|upkeep\n|\n|t:|1698699371\n|switch|p1a: Victini|Victini|100\/100\n|turn|20\n|c|\u2606vicktheemo|GG\n|\n|t:|1698699387\n|move|p1a: Victini|Zen Headbutt|p2a: Landorus\n|-damage|p2a: Landorus|0 fnt\n|faint|p2a: Landorus\n|\n|upkeep\n|\n|t:|1698699391\n|switch|p2a: Urshifu|Urshifu-Rapid-Strike, M|100\/100\n|turn|21\n|\n|t:|1698699398\n|-terastallize|p2a: Urshifu|Bug\n|move|p1a: Victini|Zen Headbutt|p2a: Urshifu\n|-damage|p2a: Urshifu|47\/100\n|cant|p2a: Urshifu|flinch\n|\n|upkeep\n|turn|22\n|\n|t:|1698699406\n|move|p1a: Victini|Zen Headbutt|p2a: Urshifu\n|-crit|p2a: Urshifu\n|-damage|p2a: Urshifu|0 fnt\n|faint|p2a: Urshifu\n|\n|upkeep\n|c|\u2606MannyManati|Idk\n|\n|t:|1698699412\n|switch|p2a: Ogerpon|Ogerpon-Hearthflame, F|100\/100\n|-ability|p2a: Ogerpon|Mold Breaker\n|turn|23\n|\n|t:|1698699415\n|move|p2a: Ogerpon|Play Rough|p1a: Victini\n|-resisted|p1a: Victini\n|-damage|p1a: Victini|82\/100\n|move|p1a: Victini|Zen Headbutt|p2a: Ogerpon\n|-damage|p2a: Ogerpon|37\/100\n|\n|upkeep\n|turn|24\n|c|\u2606vicktheemo|Well..... I Lost\n|inactive|vicktheemo has 120 seconds left.\n|\n|t:|1698699450\n|move|p2a: Ogerpon|Play Rough|p1a: Victini\n|-resisted|p1a: Victini\n|-damage|p1a: Victini|65\/100\n|move|p1a: Victini|Zen Headbutt|p2a: Ogerpon\n|-damage|p2a: Ogerpon|0 fnt\n|faint|p2a: Ogerpon\n|\n|upkeep\n|c|\u2606MannyManati|Yep\n|\n|t:|1698699453\n|switch|p2a: Chansey|Chansey, F|17\/100\n|turn|25\n|\n|t:|1698699461\n|move|p1a: Victini|Zen Headbutt|p2a: Chansey|[miss]\n|-miss|p1a: Victini|p2a: Chansey\n|move|p2a: Chansey|Soft-Boiled|p2a: Chansey\n|-heal|p2a: Chansey|67\/100\n|\n|upkeep\n|turn|26\n|\n|t:|1698699468\n|-terastallize|p1a: Victini|Psychic\n|move|p1a: Victini|Zen Headbutt|p2a: Chansey\n|-damage|p2a: Chansey|25\/100\n|cant|p2a: Chansey|flinch\n|\n|upkeep\n|turn|27\n|\n|t:|1698699473\n|move|p1a: Victini|Zen Headbutt|p2a: Chansey\n|-damage|p2a: Chansey|0 fnt\n|faint|p2a: Chansey\n|\n|win|MannyManati\n|raw|MannyManati's rating: 1079 &rarr; <strong>1110<\/strong><br \/>(+31 for winning)\n|raw|vicktheemo's rating: 1112 &rarr; <strong>1085<\/strong><br \/>(-27 for losing)\n|c|\u2606MannyManati|Gg\n|c|\u2606vicktheemo|GG\n|l|\u2606vicktheemo\n","uploadtime":1698699499,"views":7,"p1id":"mannymanati","p2id":"vicktheemo","formatid":"gen9nationaldexubers","rating":1085,"private":0,"password":""}