{"id":"gen9nationaldexubers-1978398787","p1":"SerasVSpectra","p2":"skrotal","format":"[Gen 9] National Dex Ubers","log":"|j|\u2606SerasVSpectra\n|j|\u2606skrotal\n|t:|1698533888\n|gametype|singles\n|player|p1|SerasVSpectra|guitarist|1449\n|player|p2|skrotal|cyrus|1367\n|teamsize|p1|6\n|teamsize|p2|6\n|gen|9\n|tier|[Gen 9] National Dex Ubers\n|rated|\n|rule|HP Percentage Mod: HP is shown in percentages\n|rule|Endless Battle Clause: Forcing endless battles is banned\n|rule|OHKO Clause: OHKO moves are banned\n|rule|Evasion Moves Clause: Evasion moves are banned\n|rule|Evasion Items Clause: Evasion items are banned\n|rule|Species Clause: Limit one of each Pok\u00e9mon\n|rule|Sleep Clause Mod: Limit one foe put to sleep\n|rule|Mega Rayquaza Clause: You cannot mega evolve Rayquaza\n|clearpoke\n|poke|p1|Deoxys-Attack|\n|poke|p1|Necrozma-Dawn-Wings|\n|poke|p1|Excadrill, M|\n|poke|p1|Indeedee, M|\n|poke|p1|Shuckle, M|\n|poke|p1|Groudon|\n|poke|p2|Arceus|\n|poke|p2|Glimmora, M|\n|poke|p2|Chien-Pao|\n|poke|p2|Zekrom|\n|poke|p2|Mewtwo|\n|poke|p2|Volcarona, M|\n|teampreview\n|\n|t:|1698533907\n|start\n|switch|p1a: Shuckle|Shuckle, M|100\/100\n|switch|p2a: Arceus - Ghost|Arceus|100\/100\n|turn|1\n|\n|t:|1698533916\n|move|p2a: Arceus - Ghost|Dragon Dance|p2a: Arceus - Ghost\n|-boost|p2a: Arceus - Ghost|atk|1\n|-boost|p2a: Arceus - Ghost|spe|1\n|move|p1a: Shuckle|Stealth Rock|p2a: Arceus - Ghost\n|-sidestart|p2: skrotal|move: Stealth Rock\n|\n|upkeep\n|turn|2\n|\n|t:|1698533947\n|move|p2a: Arceus - Ghost|Dragon Dance|p2a: Arceus - Ghost\n|-boost|p2a: Arceus - Ghost|atk|1\n|-boost|p2a: Arceus - Ghost|spe|1\n|move|p1a: Shuckle|Sticky Web|p2a: Arceus - Ghost\n|-sidestart|p2: skrotal|move: Sticky Web\n|\n|upkeep\n|turn|3\n|\n|t:|1698533957\n|move|p2a: Arceus - Ghost|Dragon Dance|p2a: Arceus - Ghost\n|-boost|p2a: Arceus - Ghost|atk|1\n|-boost|p2a: Arceus - Ghost|spe|1\n|move|p1a: Shuckle|Mud-Slap|p2a: Arceus - Ghost\n|-crit|p2a: Arceus - Ghost\n|-damage|p2a: Arceus - Ghost|99\/100\n|-unboost|p2a: Arceus - Ghost|accuracy|1\n|\n|-heal|p2a: Arceus - Ghost|100\/100|[from] item: Leftovers\n|upkeep\n|turn|4\n|\n|t:|1698533967\n|move|p2a: Arceus - Ghost|Earthquake|p1a: Shuckle\n|-damage|p1a: Shuckle|57\/100\n|-enditem|p1a: Shuckle|Red Card|[of] p2a: Arceus - Ghost\n|drag|p2a: Chien-Pao|Chien-Pao|100\/100\n|-damage|p2a: Chien-Pao|76\/100|[from] Stealth Rock\n|-activate|p2a: Chien-Pao|move: Sticky Web\n|-unboost|p2a: Chien-Pao|spe|1\n|-ability|p2a: Chien-Pao|Sword of Ruin\n|move|p1a: Shuckle|Toxic|p2a: Chien-Pao\n|-status|p2a: Chien-Pao|tox\n|\n|-damage|p2a: Chien-Pao|70\/100 tox|[from] psn\n|upkeep\n|turn|5\n|\n|t:|1698534017\n|move|p2a: Chien-Pao|Sacred Sword|p1a: Shuckle\n|-damage|p1a: Shuckle|32\/100\n|move|p1a: Shuckle|Mud-Slap|p2a: Chien-Pao\n|-damage|p2a: Chien-Pao|68\/100 tox\n|-unboost|p2a: Chien-Pao|accuracy|1\n|\n|-damage|p2a: Chien-Pao|56\/100 tox|[from] psn\n|upkeep\n|turn|6\n|\n|t:|1698534027\n|move|p2a: Chien-Pao|Sacred Sword|p1a: Shuckle\n|-damage|p1a: Shuckle|8\/100\n|move|p1a: Shuckle|Toxic|p2a: Chien-Pao\n|-fail|p2a: Chien-Pao|tox\n|\n|-damage|p2a: Chien-Pao|38\/100 tox|[from] psn\n|upkeep\n|turn|7\n|\n|t:|1698534037\n|move|p2a: Chien-Pao|Ice Shard|p1a: Shuckle|[miss]\n|-miss|p2a: Chien-Pao|p1a: Shuckle\n|move|p1a: Shuckle|Toxic|p2a: Chien-Pao\n|-fail|p2a: Chien-Pao|tox\n|\n|-damage|p2a: Chien-Pao|14\/100 tox|[from] psn\n|upkeep\n|turn|8\n|\n|t:|1698534042\n|move|p2a: Chien-Pao|Ice Shard|p1a: Shuckle\n|-damage|p1a: Shuckle|0 fnt\n|faint|p1a: Shuckle\n|\n|-damage|p2a: Chien-Pao|0 fnt|[from] psn\n|faint|p2a: Chien-Pao\n|upkeep\n|\n|t:|1698534048\n|switch|p2a: Glimmora|Glimmora, M|100\/100\n|switch|p1a: Indeedee|Indeedee, M|100\/100\n|-fieldstart|move: Psychic Terrain|[from] ability: Psychic Surge|[of] p1a: Indeedee\n|-damage|p2a: Glimmora|88\/100|[from] Stealth Rock\n|-activate|p2a: Glimmora|move: Sticky Web\n|-unboost|p2a: Glimmora|spe|1\n|turn|9\n|\n|t:|1698534058\n|move|p1a: Indeedee|Healing Wish|p1a: Indeedee\n|faint|p1a: Indeedee\n|move|p2a: Glimmora|Mortal Spin|p1: Indeedee|[notarget]\n|-fail|p2a: Glimmora\n|\n|upkeep\n|\n|t:|1698534064\n|switch|p1a: Deoxys|Deoxys-Attack|100\/100\n|-ability|p1a: Deoxys|Pressure\n|turn|10\n|\n|t:|1698534069\n|move|p1a: Deoxys|Psychic|p2a: Glimmora\n|-supereffective|p2a: Glimmora\n|-damage|p2a: Glimmora|0 fnt\n|faint|p2a: Glimmora\n|\n|upkeep\n|\n|t:|1698534087\n|switch|p2a: Arceus - Ghost|Arceus|100\/100\n|-damage|p2a: Arceus - Ghost|88\/100|[from] Stealth Rock\n|-activate|p2a: Arceus - Ghost|move: Sticky Web\n|-unboost|p2a: Arceus - Ghost|spe|1\n|turn|11\n|\n|t:|1698534091\n|move|p1a: Deoxys|Nasty Plot|p1a: Deoxys\n|-boost|p1a: Deoxys|spa|2\n|move|p2a: Arceus - Ghost|Shadow Claw|p1a: Deoxys\n|-supereffective|p1a: Deoxys\n|-crit|p1a: Deoxys\n|-enditem|p1a: Deoxys|Focus Sash\n|-damage|p1a: Deoxys|1\/100\n|\n|-heal|p2a: Arceus - Ghost|94\/100|[from] item: Leftovers\n|upkeep\n|turn|12\n|\n|t:|1698534098\n|-terastallize|p1a: Deoxys|Psychic\n|move|p2a: Arceus - Ghost|Extreme Speed|p1a: Deoxys\n|-activate|p1a: Deoxys|move: Psychic Terrain\n|move|p1a: Deoxys|Psychic|p2a: Arceus - Ghost\n|-damage|p2a: Arceus - Ghost|0 fnt\n|faint|p2a: Arceus - Ghost\n|\n|upkeep\n|c|\u2606skrotal|ohhh\n|\n|t:|1698534111\n|switch|p2a: Mewtwo|Mewtwo|100\/100\n|-damage|p2a: Mewtwo|88\/100|[from] Stealth Rock\n|-activate|p2a: Mewtwo|move: Sticky Web\n|-unboost|p2a: Mewtwo|spe|1\n|-ability|p2a: Mewtwo|Pressure\n|turn|13\n|\n|t:|1698534119\n|move|p1a: Deoxys|Psychic|p2a: Mewtwo\n|-resisted|p2a: Mewtwo\n|-damage|p2a: Mewtwo|0 fnt\n|faint|p2a: Mewtwo\n|\n|upkeep\n|\n|t:|1698534122\n|switch|p2a: Zekrom|Zekrom|100\/100\n|-ability|p2a: Zekrom|Teravolt\n|turn|14\n|\n|t:|1698534125\n|move|p1a: Deoxys|Psychic|p2a: Zekrom\n|-damage|p2a: Zekrom|0 fnt\n|faint|p2a: Zekrom\n|\n|upkeep\n|c|\u2606SerasVSpectra|Gg\n|c|\u2606SerasVSpectra|This is my combo hehe\n|inactive|Battle timer is ON: inactive players will automatically lose when time's up. (requested by SerasVSpectra)\n|inactive|skrotal has 120 seconds left.\n|inactive|skrotal has 90 seconds left.\n|inactive|skrotal has 60 seconds left.\n|inactive|skrotal has 30 seconds left.\n|inactive|skrotal has 20 seconds left.\n|inactive|skrotal has 15 seconds left.\n|inactive|skrotal has 10 seconds left.\n|inactive|skrotal has 5 seconds left.\n|-message|skrotal lost due to inactivity.\n|\n|win|SerasVSpectra\n|raw|SerasVSpectra's rating: 1449 &rarr; <strong>1464<\/strong><br \/>(+15 for winning)\n|raw|skrotal's rating: 1367 &rarr; <strong>1352<\/strong><br \/>(-15 for losing)\n","uploadtime":1698534338,"views":10,"p1id":"serasvspectra","p2id":"skrotal","formatid":"gen9nationaldexubers","rating":1352,"private":0,"password":""}