{"id":"gen9nationaldexubers-1978067730","p1":"lucasd1er","p2":"Kobe1919810\u7262\u5927","format":"[Gen 9] National Dex Ubers","log":"|j|\u2606lucasd1er\n|j|\u2606Kobe1919810\u7262\u5927\n|t:|1698494392\n|gametype|singles\n|player|p1|lucasd1er|alder|1465\n|player|p2|Kobe1919810\u7262\u5927|rosa-masters2|1439\n|teamsize|p1|6\n|teamsize|p2|6\n|gen|9\n|tier|[Gen 9] National Dex Ubers\n|rated|\n|rule|HP Percentage Mod: HP is shown in percentages\n|rule|Endless Battle Clause: Forcing endless battles is banned\n|rule|OHKO Clause: OHKO moves are banned\n|rule|Evasion Moves Clause: Evasion moves are banned\n|rule|Evasion Items Clause: Evasion items are banned\n|rule|Species Clause: Limit one of each Pok\u00e9mon\n|rule|Sleep Clause Mod: Limit one foe put to sleep\n|rule|Mega Rayquaza Clause: You cannot mega evolve Rayquaza\n|clearpoke\n|poke|p1|Kyogre|\n|poke|p1|Xerneas-*|\n|poke|p1|Groudon|\n|poke|p1|Regieleki|\n|poke|p1|Chien-Pao|\n|poke|p1|Zacian-*|\n|poke|p2|Ribombee, F|\n|poke|p2|Pheromosa|\n|poke|p2|Marshadow|\n|poke|p2|Necrozma-Dusk-Mane|\n|poke|p2|Groudon|\n|poke|p2|Kyogre|\n|teampreview\n|inactive|Battle timer is ON: inactive players will automatically lose when time's up. (requested by Kobe1919810\u7262\u5927)\n|\n|t:|1698494402\n|start\n|switch|p1a: Regieleki|Regieleki, shiny|100\/100\n|switch|p2a: Ribombee|Ribombee, F|100\/100\n|turn|1\n|j| Jia7\n|\n|t:|1698494409\n|move|p1a: Regieleki|Thunderbolt|p2a: Ribombee\n|-enditem|p2a: Ribombee|Focus Sash\n|-damage|p2a: Ribombee|1\/100\n|-damage|p1a: Regieleki|91\/100|[from] item: Life Orb\n|move|p2a: Ribombee|Sticky Web|p1a: Regieleki\n|-sidestart|p1: lucasd1er|move: Sticky Web\n|\n|upkeep\n|turn|2\n|\n|t:|1698494415\n|switch|p2a: Marshadow|Marshadow|100\/100\n|move|p1a: Regieleki|Rapid Spin|p2a: Marshadow\n|-immune|p2a: Marshadow\n|\n|upkeep\n|turn|3\n|\n|t:|1698494420\n|move|p1a: Regieleki|Volt Switch|p2a: Marshadow\n|-damage|p2a: Marshadow|40\/100\n|-damage|p1a: Regieleki|81\/100|[from] item: Life Orb\n|\n|t:|1698494424\n|switch|p1a: Xerneas|Xerneas, shiny|100\/100|[from] Volt Switch\n|-activate|p1a: Xerneas|move: Sticky Web\n|-unboost|p1a: Xerneas|spe|1\n|-ability|p1a: Xerneas|Fairy Aura\n|move|p2a: Marshadow|Spectral Thief|p1a: Xerneas\n|-damage|p1a: Xerneas|57\/100\n|\n|upkeep\n|turn|4\n|\n|t:|1698494434\n|move|p2a: Marshadow|Knock Off|p1a: Xerneas\n|-resisted|p1a: Xerneas\n|-damage|p1a: Xerneas|42\/100\n|-enditem|p1a: Xerneas|Power Herb|[from] move: Knock Off|[of] p2a: Marshadow\n|move|p1a: Xerneas|Moonblast|p2a: Marshadow\n|-supereffective|p2a: Marshadow\n|-damage|p2a: Marshadow|0 fnt\n|faint|p2a: Marshadow\n|\n|upkeep\n|\n|t:|1698494446\n|switch|p2a: Necrozma|Necrozma-Dusk-Mane|100\/100\n|turn|5\n|\n|t:|1698494449\n|move|p2a: Necrozma|Swords Dance|p2a: Necrozma\n|-boost|p2a: Necrozma|atk|2\n|move|p1a: Xerneas|Focus Blast|p2a: Necrozma\n|-damage|p2a: Necrozma|58\/100\n|\n|upkeep\n|turn|6\n|\n|t:|1698494454\n|move|p2a: Necrozma|Earthquake|p1a: Xerneas\n|-damage|p1a: Xerneas|0 fnt\n|faint|p1a: Xerneas\n|\n|upkeep\n|\n|t:|1698494459\n|switch|p1a: Regieleki|Regieleki, shiny|81\/100\n|-activate|p1a: Regieleki|move: Sticky Web\n|-unboost|p1a: Regieleki|spe|1\n|turn|7\n|\n|t:|1698494462\n|detailschange|p2a: Necrozma|Necrozma-Ultra\n|-burst|p2a: Necrozma|Necrozma|Ultranecrozium Z\n|move|p2a: Necrozma|Earthquake|p1a: Regieleki\n|-supereffective|p1a: Regieleki\n|-damage|p1a: Regieleki|0 fnt\n|faint|p1a: Regieleki\n|\n|upkeep\n|\n|t:|1698494466\n|switch|p1a: Chien-Pao|Chien-Pao|100\/100\n|-ability|p1a: Chien-Pao|Sword of Ruin\n|turn|8\n|l| Jia7\n|\n|t:|1698494472\n|switch|p2a: Pheromosa|Pheromosa|100\/100\n|move|p1a: Chien-Pao|Sucker Punch||[still]\n|-fail|p1a: Chien-Pao\n|\n|upkeep\n|turn|9\n|\n|t:|1698494481\n|move|p2a: Pheromosa|U-turn|p1a: Chien-Pao\n|-supereffective|p1a: Chien-Pao\n|-damage|p1a: Chien-Pao|0 fnt\n|faint|p1a: Chien-Pao\n|-ability|p2a: Pheromosa|Beast Boost|boost\n|-boost|p2a: Pheromosa|spe|1\n|-message|lucasd1er forfeited.\n|\n|win|Kobe1919810\u7262\u5927\n|raw|lucasd1er's rating: 1465 &rarr; <strong>1444<\/strong><br \/>(-21 for losing)\n|raw|Kobe1919810\u7262\u5927's rating: 1439 &rarr; <strong>1460<\/strong><br \/>(+21 for winning)\n|l|\u2606lucasd1er\n","uploadtime":1698494491,"views":8,"p1id":"lucasd1er","p2id":"kobe1919810","formatid":"gen9nationaldexubers","rating":1444,"private":0,"password":""}