{"id":"gen9nationaldexubers-1995672800","p1":"biden brane","p2":"JesterUK","format":"[Gen 9] National Dex Ubers","log":"|j|\u2606biden brane\n|j|\u2606JesterUK\n|t:|1700592720\n|gametype|singles\n|player|p1|biden brane|giovanni|\n|player|p2|JesterUK|harlequin|\n|teamsize|p1|6\n|teamsize|p2|6\n|gen|9\n|tier|[Gen 9] National Dex Ubers\n|rule|HP Percentage Mod: HP is shown in percentages\n|rule|Endless Battle Clause: Forcing endless battles is banned\n|rule|OHKO Clause: OHKO moves are banned\n|rule|Evasion Moves Clause: Evasion moves are banned\n|rule|Evasion Items Clause: Evasion items are banned\n|rule|Species Clause: Limit one of each Pok\u00e9mon\n|rule|Sleep Clause Mod: Limit one foe put to sleep\n|rule|Mega Rayquaza Clause: You cannot mega evolve Rayquaza\n|clearpoke\n|poke|p1|Dondozo, F|\n|poke|p1|Regieleki|\n|poke|p1|Darmanitan-Galar, M|\n|poke|p1|Tornadus-Therian, M|\n|poke|p1|Rillaboom, M|\n|poke|p1|Kingambit, M|\n|poke|p2|Jolteon, M|\n|poke|p2|Iron Bundle|\n|poke|p2|Heatran, M|\n|poke|p2|Lucario, M|\n|poke|p2|Accelgor, F|\n|poke|p2|Slowking, M|\n|teampreview\n|inactive|Battle timer is ON: inactive players will automatically lose when time's up. (requested by JesterUK)\n|j| SuzumiSou\n|inactive|biden brane has 270 seconds left.\n|inactive|JesterUK has 270 seconds left.\n|c| SuzumiSou|Accelgor,,,\n|c|\u2606JesterUK|Glhf!\n|c|\u2606biden brane|you too\n|inactive|biden brane has 240 seconds left.\n|j| LORD AXEON\n|j| crossedmoon\n|\n|t:|1700592801\n|start\n|switch|p1a: Mind Controller|Regieleki, shiny|100\/100\n|switch|p2a: Puppa|Accelgor, F, shiny|100\/100\n|turn|1\n|\n|t:|1700592819\n|switch|p1a: Rebecca|Kingambit, M|100\/100\n|-item|p1a: Rebecca|Air Balloon\n|move|p2a: Puppa|Knock Off|p1a: Rebecca\n|-resisted|p1a: Rebecca\n|-damage|p1a: Rebecca|95\/100\n|-enditem|p1a: Rebecca|Air Balloon\n|\n|upkeep\n|turn|2\n|\n|t:|1700592842\n|switch|p2a: Paul's Chimchar|Heatran, M|100\/100\n|move|p1a: Rebecca|Knock Off|p2a: Paul's Chimchar\n|-damage|p2a: Paul's Chimchar|62\/100\n|-status|p1a: Rebecca|brn|[from] ability: Flame Body|[of] p2a: Paul's Chimchar\n|-enditem|p2a: Paul's Chimchar|Leftovers|[from] move: Knock Off|[of] p1a: Rebecca\n|\n|-damage|p1a: Rebecca|89\/100 brn|[from] brn\n|upkeep\n|turn|3\n|\n|t:|1700592857\n|move|p2a: Paul's Chimchar|Iron Defense|p2a: Paul's Chimchar\n|-boost|p2a: Paul's Chimchar|def|2\n|move|p1a: Rebecca|Low Kick|p2a: Paul's Chimchar\n|-supereffective|p2a: Paul's Chimchar\n|-damage|p2a: Paul's Chimchar|46\/100\n|\n|-damage|p1a: Rebecca|83\/100 brn|[from] brn\n|upkeep\n|turn|4\n|c| SuzumiSou|o mein gotten\n|\n|t:|1700592867\n|move|p2a: Paul's Chimchar|Lava Plume|p1a: Rebecca\n|-supereffective|p1a: Rebecca\n|-damage|p1a: Rebecca|11\/100 brn\n|move|p1a: Rebecca|Low Kick|p2a: Paul's Chimchar\n|-supereffective|p2a: Paul's Chimchar\n|-damage|p2a: Paul's Chimchar|28\/100\n|\n|-damage|p1a: Rebecca|5\/100 brn|[from] brn\n|upkeep\n|turn|5\n|\n|t:|1700592875\n|move|p2a: Paul's Chimchar|Lava Plume|p1a: Rebecca\n|-supereffective|p1a: Rebecca\n|-damage|p1a: Rebecca|0 fnt\n|faint|p1a: Rebecca\n|\n|upkeep\n|\n|t:|1700592892\n|switch|p1a: Debt Collector|Darmanitan-Galar, M|100\/100\n|turn|6\n|\n|t:|1700592897\n|move|p2a: Paul's Chimchar|Protect|p2a: Paul's Chimchar\n|-singleturn|p2a: Paul's Chimchar|Protect\n|move|p1a: Debt Collector|Earthquake|p2a: Paul's Chimchar\n|-activate|p2a: Paul's Chimchar|move: Protect\n|\n|upkeep\n|turn|7\n|\n|t:|1700592910\n|switch|p2a: DU Polo|Slowking, M, shiny|100\/100\n|move|p1a: Debt Collector|Earthquake|p2a: DU Polo\n|-damage|p2a: DU Polo|60\/100\n|\n|-heal|p2a: DU Polo|66\/100|[from] item: Leftovers\n|upkeep\n|turn|8\n|\n|t:|1700592924\n|switch|p1a: American Expresser|Tornadus-Therian, M|100\/100\n|move|p2a: DU Polo|Slack Off|p2a: DU Polo\n|-heal|p2a: DU Polo|100\/100\n|\n|upkeep\n|turn|9\n|\n|t:|1700592942\n|switch|p2a: Leo|Jolteon, M|100\/100\n|move|p1a: American Expresser|U-turn|p2a: Leo\n|-damage|p2a: Leo|71\/100\n|\n|t:|1700592950\n|switch|p1a: Debt Collector|Darmanitan-Galar, M|100\/100|[from] U-turn\n|\n|upkeep\n|turn|10\n|\n|t:|1700592963\n|switch|p2a: Paul's Chimchar|Heatran, M|28\/100\n|move|p1a: Debt Collector|U-turn|p2a: Paul's Chimchar\n|-resisted|p2a: Paul's Chimchar\n|-damage|p2a: Paul's Chimchar|21\/100\n|\n|t:|1700592973\n|switch|p1a: American Expresser|Tornadus-Therian, M|100\/100|[from] U-turn\n|\n|upkeep\n|turn|11\n|\n|t:|1700592985\n|move|p1a: American Expresser|Focus Blast|p2a: Paul's Chimchar\n|-supereffective|p2a: Paul's Chimchar\n|-damage|p2a: Paul's Chimchar|0 fnt\n|faint|p2a: Paul's Chimchar\n|\n|upkeep\n|\n|t:|1700592994\n|switch|p2a: Leo|Jolteon, M|71\/100\n|turn|12\n|inactive|biden brane has 270 seconds left.\n|\n|t:|1700593036\n|move|p2a: Leo|Agility|p2a: Leo\n|-boost|p2a: Leo|spe|2\n|move|p1a: American Expresser|U-turn|p2a: Leo\n|-damage|p2a: Leo|43\/100\n|\n|t:|1700593042\n|switch|p1a: Trudy|Rillaboom, M, shiny|100\/100|[from] U-turn\n|-fieldstart|move: Grassy Terrain|[from] ability: Grassy Surge|[of] p1a: Trudy\n|\n|-heal|p2a: Leo|49\/100|[from] Grassy Terrain\n|upkeep\n|turn|13\n|\n|t:|1700593056\n|switch|p2a: Puppa|Accelgor, F, shiny|100\/100\n|-enditem|p2a: Puppa|Grassy Seed\n|-boost|p2a: Puppa|def|1|[from] item: Grassy Seed\n|move|p1a: Trudy|Grassy Glide|p2a: Puppa\n|-resisted|p2a: Puppa\n|-damage|p2a: Puppa|57\/100\n|\n|-heal|p2a: Puppa|63\/100|[from] Grassy Terrain\n|upkeep\n|turn|14\n|\n|t:|1700593075\n|switch|p1a: American Expresser|Tornadus-Therian, M|100\/100\n|move|p2a: Puppa|Spikes|p1a: American Expresser\n|-sidestart|p1: biden brane|Spikes\n|\n|-heal|p2a: Puppa|69\/100|[from] Grassy Terrain\n|upkeep\n|turn|15\n|\n|t:|1700593083\n|move|p2a: Puppa|Toxic|p1a: American Expresser\n|-status|p1a: American Expresser|tox\n|move|p1a: American Expresser|Hurricane|p2a: Puppa\n|-supereffective|p2a: Puppa\n|-damage|p2a: Puppa|0 fnt\n|faint|p2a: Puppa\n|\n|-damage|p1a: American Expresser|94\/100 tox|[from] psn\n|upkeep\n|\n|t:|1700593091\n|switch|p2a: Leo|Jolteon, M|49\/100\n|turn|16\n|\n|t:|1700593101\n|-zpower|p2a: Leo\n|move|p2a: Leo|Gigavolt Havoc|p1a: American Expresser|[zeffect]\n|-supereffective|p1a: American Expresser\n|-damage|p1a: American Expresser|0 fnt\n|faint|p1a: American Expresser\n|\n|-heal|p2a: Leo|55\/100|[from] Grassy Terrain\n|-fieldend|move: Grassy Terrain\n|upkeep\n|inactive|biden brane has 270 seconds left.\n|\n|t:|1700593124\n|switch|p1a: Trudy|Rillaboom, M, shiny|100\/100\n|-damage|p1a: Trudy|88\/100|[from] Spikes\n|-fieldstart|move: Grassy Terrain|[from] ability: Grassy Surge|[of] p1a: Trudy\n|turn|17\n|inactive|JesterUK has 270 seconds left.\n|inactive|JesterUK has 240 seconds left.\n|c| crossedmoon|your internet good?\n|\n|t:|1700593214\n|switch|p2a: Aurion|Lucario, M|100\/100\n|move|p1a: Trudy|Grassy Glide|p2a: Aurion\n|-resisted|p2a: Aurion\n|-damage|p2a: Aurion|50\/100\n|\n|-heal|p2a: Aurion|56\/100|[from] Grassy Terrain\n|-heal|p1a: Trudy|94\/100|[from] Grassy Terrain\n|upkeep\n|turn|18\n|inactive|biden brane has 270 seconds left.\n|inactive|JesterUK has 210 seconds left.\n|\n|t:|1700593248\n|switch|p1a: The Ayatollah|Dondozo, F|100\/100\n|-damage|p1a: The Ayatollah|88\/100|[from] Spikes\n|move|p2a: Aurion|Close Combat|p1a: The Ayatollah\n|-damage|p1a: The Ayatollah|39\/100\n|-unboost|p2a: Aurion|def|1\n|-unboost|p2a: Aurion|spd|1\n|\n|-heal|p2a: Aurion|62\/100|[from] Grassy Terrain\n|-heal|p1a: The Ayatollah|45\/100|[from] Grassy Terrain\n|-heal|p1a: The Ayatollah|51\/100|[from] item: Leftovers\n|upkeep\n|turn|19\n|inactive|biden brane has 240 seconds left.\n|\n|t:|1700593265\n|move|p2a: Aurion|Close Combat|p1a: The Ayatollah\n|-damage|p1a: The Ayatollah|0 fnt\n|-unboost|p2a: Aurion|def|1\n|-unboost|p2a: Aurion|spd|1\n|faint|p1a: The Ayatollah\n|\n|-heal|p2a: Aurion|68\/100|[from] Grassy Terrain\n|upkeep\n|inactive|biden brane has 240 seconds left.\n|\n|t:|1700593275\n|switch|p1a: Trudy|Rillaboom, M, shiny|94\/100\n|-damage|p1a: Trudy|82\/100|[from] Spikes\n|turn|20\n|inactive|JesterUK has 210 seconds left.\n|inactive|JesterUK has 180 seconds left.\n|\n|t:|1700593318\n|switch|p2a: Leo|Jolteon, M|55\/100\n|move|p1a: Trudy|Grassy Glide|p2a: Leo\n|-damage|p2a: Leo|0 fnt\n|faint|p2a: Leo\n|\n|-heal|p1a: Trudy|88\/100|[from] Grassy Terrain\n|upkeep\n|\n|t:|1700593331\n|switch|p2a: Aurion|Lucario, M|68\/100\n|turn|21\n|\n|t:|1700593349\n|move|p1a: Trudy|Grassy Glide|p2a: Aurion\n|-resisted|p2a: Aurion\n|-damage|p2a: Aurion|22\/100\n|move|p2a: Aurion|Close Combat|p1a: Trudy\n|-damage|p1a: Trudy|5\/100\n|-unboost|p2a: Aurion|def|1\n|-unboost|p2a: Aurion|spd|1\n|\n|-heal|p2a: Aurion|28\/100|[from] Grassy Terrain\n|-heal|p1a: Trudy|11\/100|[from] Grassy Terrain\n|-fieldend|move: Grassy Terrain\n|upkeep\n|turn|22\n|inactive|JesterUK has 180 seconds left.\n|inactive|biden brane has 240 seconds left.\n|\n|t:|1700593366\n|switch|p1a: Mind Controller|Regieleki, shiny|100\/100\n|move|p2a: Aurion|Close Combat|p1a: Mind Controller\n|-damage|p1a: Mind Controller|0 fnt\n|-unboost|p2a: Aurion|def|1\n|-unboost|p2a: Aurion|spd|1\n|faint|p1a: Mind Controller\n|\n|upkeep\n|inactive|biden brane has 240 seconds left.\n|\n|t:|1700593374\n|switch|p1a: Debt Collector|Darmanitan-Galar, M|100\/100\n|-damage|p1a: Debt Collector|88\/100|[from] Spikes\n|turn|23\n|inactive|biden brane has 240 seconds left.\n|inactive|JesterUK has 180 seconds left.\n|inactive|biden brane has 210 seconds left.\n|\n|t:|1700593436\n|switch|p2a: DU Polo|Slowking, M, shiny|100\/100\n|move|p1a: Debt Collector|U-turn|p2a: DU Polo\n|-supereffective|p2a: DU Polo\n|-damage|p2a: DU Polo|43\/100\n|\n|t:|1700593442\n|switch|p1a: Trudy|Rillaboom, M, shiny|11\/100|[from] U-turn\n|-damage|p1a: Trudy|0 fnt|[from] Spikes\n|faint|p1a: Trudy\n|\n|-heal|p2a: DU Polo|49\/100|[from] item: Leftovers\n|upkeep\n|\n|t:|1700593449\n|switch|p1a: Debt Collector|Darmanitan-Galar, M|88\/100\n|-damage|p1a: Debt Collector|76\/100|[from] Spikes\n|turn|24\n|inactive|JesterUK has 180 seconds left.\n|inactive|JesterUK has 150 seconds left.\n|\n|t:|1700593485\n|switch|p2a: Aurion|Lucario, M|28\/100\n|move|p1a: Debt Collector|Earthquake|p2a: Aurion\n|-supereffective|p2a: Aurion\n|-damage|p2a: Aurion|0 fnt\n|faint|p2a: Aurion\n|\n|upkeep\n|inactive|JesterUK has 150 seconds left.\n|\n|t:|1700593492\n|switch|p2a: DU Polo|Slowking, M, shiny|82\/100\n|turn|25\n|\n|t:|1700593496\n|move|p1a: Debt Collector|Earthquake|p2a: DU Polo\n|-damage|p2a: DU Polo|39\/100\n|move|p2a: DU Polo|Scald|p1a: Debt Collector\n|-damage|p1a: Debt Collector|31\/100\n|-status|p1a: Debt Collector|brn\n|\n|-heal|p2a: DU Polo|45\/100|[from] item: Leftovers\n|-damage|p1a: Debt Collector|25\/100 brn|[from] brn\n|upkeep\n|turn|26\n|\n|t:|1700593506\n|move|p1a: Debt Collector|Earthquake|p2a: DU Polo\n|-damage|p2a: DU Polo|27\/100\n|move|p2a: DU Polo|Scald|p1a: Debt Collector\n|-damage|p1a: Debt Collector|0 fnt\n|faint|p1a: Debt Collector\n|\n|win|JesterUK\n|c|\u2606JesterUK|gg\n|c|\u2606biden brane|gg\n|l|\u2606biden brane\n","uploadtime":1700593572,"views":22,"p1id":"bidenbrane","p2id":"jesteruk","formatid":"gen9nationaldexubers","rating":0,"private":0,"password":""}